,time,price,change,volume,amount,type
0,09:25:04,8.7,0.01,86,74820,卖盘
1,09:30:07,8.71,0.01,111,96670,中性盘
2,09:30:10,8.7,-0.01,99,86156,卖盘
3,09:30:13,8.71,0.01,20,17414,中性盘
4,09:30:16,8.7,-0.01,68,59211,卖盘
5,09:30:19,8.7,0.0,5,4350,卖盘
6,09:30:22,8.7,0.0,12,10440,卖盘
7,09:30:28,8.7,0.0,8,6960,卖盘
8,09:30:31,8.71,0.01,10,8710,买盘
9,09:30:34,8.7,-0.01,3,2610,卖盘
10,09:30:37,8.7,0.0,102,88740,卖盘
11,09:30:40,8.71,0.01,21,18291,买盘
12,09:30:43,8.7,-0.01,13,11316,卖盘
13,09:30:46,8.7,0.0,86,74820,卖盘
14,09:30:51,8.69,-0.01,12,10428,卖盘
15,09:30:55,8.69,0.0,53,46057,买盘
16,09:30:58,8.68,-0.01,8,6944,卖盘
17,09:31:01,8.68,0.0,2,1736,卖盘
18,09:31:07,8.67,-0.01,2,1734,卖盘
19,09:31:10,8.67,0.0,3,2601,卖盘
20,09:31:19,8.66,-0.01,108,93528,卖盘
21,09:31:22,8.67,0.01,128,110933,买盘
22,09:31:25,8.65,-0.02,15,12975,卖盘
23,09:31:31,8.66,0.01,10,8654,买盘
24,09:31:34,8.65,-0.01,16,13841,卖盘
25,09:31:37,8.65,0.0,15,12975,卖盘
26,09:31:40,8.65,0.0,15,12975,买盘
27,09:31:43,8.63,-0.02,85,73237,卖盘
28,09:31:46,8.63,0.0,10,8630,买盘
29,09:31:49,8.63,0.0,40,34520,买盘
30,09:31:52,8.63,0.0,24,20696,买盘
31,09:31:55,8.63,0.0,51,44002,买盘
32,09:31:58,8.63,0.0,93,80245,买盘
33,09:32:01,8.65,0.02,49,42323,买盘
34,09:32:04,8.63,-0.02,4,3452,卖盘
35,09:32:07,8.65,0.02,3,2595,买盘
36,09:32:10,8.65,0.0,2,1730,买盘
37,09:32:13,8.63,-0.02,76,65642,卖盘
38,09:32:16,8.65,0.02,9,7771,买盘
39,09:32:19,8.63,-0.02,20,17260,卖盘
40,09:32:28,8.66,0.03,22,19052,买盘
41,09:32:34,8.66,0.0,39,33774,买盘
42,09:32:43,8.66,0.0,30,25980,卖盘
43,09:32:49,8.67,0.01,5,4333,买盘
44,09:32:52,8.66,-0.01,4,3464,卖盘
45,09:32:55,8.66,0.0,8,6934,卖盘
46,09:33:00,8.67,0.01,1,867,买盘
47,09:33:04,8.67,0.0,3,2601,买盘
48,09:33:09,8.67,0.0,39,33814,卖盘
49,09:33:13,8.67,0.0,7,6071,卖盘
50,09:33:16,8.66,-0.01,4,3464,卖盘
51,09:33:22,8.66,0.0,239,206975,卖盘
52,09:33:25,8.64,-0.02,7,6048,卖盘
53,09:33:28,8.66,0.02,11,9526,买盘
54,09:33:31,8.64,-0.02,22,19014,卖盘
55,09:33:34,8.64,0.0,2,1728,卖盘
56,09:33:37,8.66,0.02,13,11258,买盘
57,09:33:40,8.66,0.0,32,27712,卖盘
58,09:33:43,8.66,0.0,5,4330,卖盘
59,09:33:46,8.67,0.01,37,32079,买盘
60,09:33:49,8.64,-0.03,405,350385,卖盘
61,09:33:55,8.64,0.0,9,7786,卖盘
62,09:34:01,8.64,0.0,104,90088,卖盘
63,09:34:07,8.64,0.0,66,57024,买盘
64,09:34:10,8.65,0.01,30,25950,卖盘
65,09:34:16,8.63,-0.02,282,243565,卖盘
66,09:34:22,8.65,0.02,60,51885,买盘
67,09:34:31,8.66,0.01,1,866,卖盘
68,09:34:34,8.65,-0.01,1,865,卖盘
69,09:34:40,8.65,0.0,3,2597,卖盘
70,09:34:45,8.65,0.0,22,19030,卖盘
71,09:34:54,8.66,0.01,7,6062,买盘
72,09:34:57,8.65,-0.01,30,25950,卖盘
73,09:35:07,8.65,0.0,1,865,卖盘
74,09:35:10,8.65,0.0,35,30275,卖盘
75,09:35:12,8.65,0.0,125,108125,卖盘
76,09:35:16,8.66,0.01,100,86600,买盘
77,09:35:22,8.63,-0.03,6,5178,卖盘
78,09:35:28,8.63,0.0,100,86300,卖盘
79,09:35:31,8.64,0.01,2,1728,买盘
80,09:35:37,8.63,-0.01,36,31083,卖盘
81,09:35:40,8.63,0.0,1,863,卖盘
82,09:35:55,8.63,0.0,42,36251,卖盘
83,09:35:58,8.64,0.01,74,63936,买盘
84,09:36:04,8.64,0.0,38,32822,买盘
85,09:36:06,8.64,0.0,10,8640,买盘
86,09:36:09,8.64,0.0,10,8640,买盘
87,09:36:16,8.64,0.0,58,50112,买盘
88,09:36:19,8.64,0.0,16,13824,买盘
89,09:36:22,8.65,0.01,21,18153,买盘
90,09:36:25,8.64,-0.01,21,18144,卖盘
91,09:36:28,8.64,0.0,29,25056,买盘
92,09:36:31,8.65,0.01,19,16435,买盘
93,09:36:34,8.66,0.01,81,70087,买盘
94,09:36:37,8.66,0.0,19,16454,买盘
95,09:36:46,8.66,0.0,47,40702,买盘
96,09:36:49,8.66,0.0,2,1732,买盘
97,09:36:52,8.66,0.0,5,4330,买盘
98,09:37:01,8.67,0.01,1,867,买盘
99,09:37:07,8.66,-0.01,10,8660,卖盘
100,09:37:10,8.68,0.02,39,33820,买盘
101,09:37:13,8.66,-0.02,1,866,中性盘
102,09:37:15,8.67,0.01,1,867,卖盘
103,09:37:40,8.67,0.0,46,39882,买盘
104,09:37:49,8.66,-0.01,2,1732,买盘
105,09:37:51,8.66,0.0,1,866,买盘
106,09:37:58,8.66,0.0,8,6928,买盘
107,09:38:01,8.66,0.0,5,4330,买盘
108,09:38:15,8.66,0.0,175,151550,买盘
109,09:38:18,8.66,0.0,20,17320,买盘
110,09:38:21,8.66,0.0,31,26846,买盘
111,09:38:25,8.66,0.0,12,10392,卖盘
112,09:38:28,8.66,0.0,70,60640,卖盘
113,09:38:31,8.67,0.01,17,14739,买盘
114,09:38:40,8.67,0.0,156,135252,买盘
115,09:38:49,8.67,0.0,159,137853,买盘
116,09:38:52,8.67,0.0,1,867,买盘
117,09:39:01,8.68,0.01,1,868,买盘
118,09:39:06,8.68,0.0,15,13020,买盘
119,09:39:09,8.69,0.01,285,247657,买盘
120,09:39:13,8.69,0.0,5,4345,卖盘
121,09:39:19,8.69,0.0,13,11297,卖盘
122,09:39:22,8.67,-0.02,38,32983,卖盘
123,09:39:25,8.69,0.02,26,22615,买盘
124,09:39:31,8.69,0.0,19,16511,卖盘
125,09:39:34,8.7,0.01,30,26100,买盘
126,09:39:36,8.69,-0.01,118,102640,中性盘
127,09:39:40,8.69,0.0,21,18230,买盘
128,09:39:43,8.69,0.0,6,5214,买盘
129,09:39:46,8.69,0.0,15,13035,买盘
130,09:39:49,8.69,0.0,2,1738,买盘
131,09:39:52,8.69,0.0,46,39974,买盘
132,09:39:55,8.69,0.0,4,3476,卖盘
133,09:39:58,8.69,0.0,1,869,卖盘
134,09:40:04,8.69,0.0,13,11307,卖盘
135,09:40:06,8.69,0.0,1,869,卖盘
136,09:40:10,8.69,0.0,55,47795,卖盘
137,09:40:13,8.7,0.01,23,20010,买盘
138,09:40:16,8.69,-0.01,2,1738,卖盘
139,09:40:18,8.69,0.0,45,39105,卖盘
140,09:40:21,8.69,0.0,4,3476,买盘
141,09:40:28,8.7,0.01,30,26099,买盘
142,09:40:37,8.7,0.0,45,39131,买盘
143,09:40:43,8.7,0.0,2,1740,买盘
144,09:40:46,8.7,0.0,68,59160,买盘
145,09:40:58,8.69,-0.01,65,56535,卖盘
146,09:41:01,8.7,0.01,10,8700,买盘
147,09:41:10,8.69,-0.01,1,869,卖盘
148,09:41:37,8.69,0.0,8,6952,卖盘
149,09:41:40,8.7,0.01,11,9570,买盘
150,09:41:43,8.7,0.0,1,870,买盘
151,09:41:46,8.69,-0.01,106,92114,卖盘
152,09:41:55,8.68,-0.01,20,17360,卖盘
153,09:42:01,8.69,0.01,8,6952,买盘
154,09:42:10,8.69,0.0,11,9559,买盘
155,09:42:13,8.69,0.0,2,1738,买盘
156,09:42:16,8.67,-0.02,229,198735,卖盘
157,09:42:19,8.67,0.0,19,16473,卖盘
158,09:42:22,8.67,0.0,38,32946,卖盘
159,09:42:25,8.67,0.0,2,1734,卖盘
160,09:42:28,8.67,0.0,67,58089,卖盘
161,09:42:31,8.66,-0.01,665,576189,卖盘
162,09:42:34,8.68,0.02,207,179455,买盘
163,09:42:37,8.66,-0.02,131,113446,卖盘
164,09:42:40,8.66,0.0,1,866,买盘
165,09:42:43,8.65,-0.01,241,208465,卖盘
166,09:42:45,8.64,-0.01,62,53568,卖盘
167,09:42:49,8.65,0.01,34,29384,买盘
168,09:42:52,8.64,-0.01,1,864,中性盘
169,09:42:54,8.64,0.0,10,8640,买盘
170,09:42:58,8.64,0.0,40,34560,买盘
171,09:43:00,8.63,-0.01,15,12945,卖盘
172,09:43:04,8.63,0.0,72,62136,卖盘
173,09:43:06,8.63,0.0,103,88899,卖盘
174,09:43:15,8.63,0.0,1,863,买盘
175,09:43:22,8.62,-0.01,63,54359,卖盘
176,09:43:25,8.63,0.01,7,6041,买盘
177,09:43:27,8.62,-0.01,5,4310,卖盘
178,09:43:30,8.62,0.0,90,77616,卖盘
179,09:43:34,8.62,0.0,15,12930,买盘
180,09:43:40,8.61,-0.01,4,3445,卖盘
181,09:43:42,8.62,0.01,43,37035,买盘
182,09:43:46,8.62,0.0,156,134361,买盘
183,09:43:52,8.61,-0.01,15,12915,卖盘
184,09:44:01,8.62,0.01,102,87866,卖盘
185,09:44:07,8.62,0.0,201,173304,卖盘
186,09:44:10,8.63,0.01,39,33657,买盘
187,09:44:12,8.62,-0.01,54,46559,卖盘
188,09:44:19,8.63,0.01,30,25890,卖盘
189,09:44:25,8.63,0.0,26,22438,卖盘
190,09:44:28,8.62,-0.01,36,31067,卖盘
191,09:44:39,8.64,0.02,17,14682,买盘
192,09:44:43,8.64,0.0,1,864,买盘
193,09:44:46,8.63,-0.01,26,22438,卖盘
194,09:44:49,8.64,0.01,25,21595,买盘
195,09:44:52,8.63,-0.01,100,86300,卖盘
196,09:45:01,8.63,0.0,40,34520,买盘
197,09:45:07,8.63,0.0,65,56095,买盘
198,09:45:10,8.63,0.0,33,28479,买盘
199,09:45:13,8.63,0.0,2,1726,买盘
200,09:45:16,8.63,0.0,10,8630,买盘
201,09:45:18,8.63,0.0,10,8630,买盘
202,09:45:21,8.62,-0.01,14,12068,卖盘
203,09:45:25,8.63,0.01,1,863,买盘
204,09:45:28,8.63,0.0,20,17260,买盘
205,09:45:31,8.63,0.0,25,21575,买盘
206,09:45:37,8.63,0.0,3,2589,卖盘
207,09:45:40,8.64,0.01,13,11222,买盘
208,09:45:45,8.64,0.0,119,102813,买盘
209,09:45:49,8.64,0.0,73,63072,卖盘
210,09:45:57,8.64,0.0,22,19008,卖盘
211,09:46:09,8.64,0.0,16,13824,卖盘
212,09:46:12,8.65,0.01,22,19030,买盘
213,09:46:19,8.65,0.0,11,9515,买盘
214,09:46:25,8.64,-0.01,121,104645,卖盘
215,09:46:42,8.65,0.01,4,3460,买盘
216,09:46:52,8.65,0.0,7,6055,卖盘
217,09:46:55,8.65,0.0,10,8650,卖盘
218,09:46:58,8.64,-0.01,95,82158,卖盘
219,09:47:07,8.66,0.02,1,866,买盘
220,09:47:19,8.66,0.0,5,4330,买盘
221,09:47:22,8.66,0.0,11,9526,买盘
222,09:47:34,8.65,-0.01,7,6055,卖盘
223,09:47:43,8.65,0.0,33,28545,买盘
224,09:47:46,8.64,-0.01,172,148776,卖盘
225,09:47:49,8.65,0.01,12,10380,买盘
226,09:47:55,8.64,-0.01,173,149472,卖盘
227,09:47:57,8.64,0.0,57,49248,卖盘
228,09:48:01,8.64,0.0,14,12096,卖盘
229,09:48:04,8.62,-0.02,14,12068,卖盘
230,09:48:07,8.64,0.02,13,11232,买盘
231,09:48:25,8.63,-0.01,10,8630,卖盘
232,09:48:27,8.63,0.0,45,38870,卖盘
233,09:48:30,8.64,0.01,1,864,买盘
234,09:48:37,8.64,0.0,20,17280,卖盘
235,09:48:43,8.64,0.0,18,15552,卖盘
236,09:48:45,8.65,0.01,1,865,买盘
237,09:48:49,8.65,0.0,44,38060,买盘
238,09:48:52,8.65,0.0,1,865,买盘
239,09:48:57,8.65,0.0,53,45845,买盘
240,09:49:07,8.65,0.0,20,17300,卖盘
241,09:49:10,8.66,0.01,1,866,买盘
242,09:49:13,8.66,0.0,11,9526,买盘
243,09:49:22,8.65,-0.01,10,8650,卖盘
244,09:49:25,8.65,0.0,19,16435,卖盘
245,09:49:28,8.66,0.01,67,57965,买盘
246,09:49:31,8.65,-0.01,119,102935,卖盘
247,09:49:34,8.66,0.01,75,64880,买盘
248,09:49:37,8.65,-0.01,19,16435,卖盘
249,09:49:39,8.64,-0.01,76,65708,卖盘
250,09:49:43,8.65,0.01,24,20760,买盘
251,09:49:46,8.65,0.0,26,22490,买盘
252,09:49:52,8.64,-0.01,29,25056,卖盘
253,09:49:58,8.65,0.01,17,14705,买盘
254,09:50:01,8.64,-0.01,5,4320,卖盘
255,09:50:07,8.65,0.01,106,91690,买盘
256,09:50:09,8.65,0.0,1,865,中性盘
257,09:50:13,8.66,0.01,5,4330,买盘
258,09:50:16,8.64,-0.02,23,19885,卖盘
259,09:50:19,8.66,0.02,2,1732,买盘
260,09:50:22,8.64,-0.02,453,391392,卖盘
261,09:50:28,8.64,0.0,2,1728,卖盘
262,09:50:31,8.64,0.0,6,5184,卖盘
263,09:50:34,8.63,-0.01,5,4315,卖盘
264,09:50:37,8.63,0.0,55,47465,卖盘
265,09:50:40,8.64,0.01,12,10368,买盘
266,09:50:43,8.64,0.0,10,8640,买盘
267,09:50:52,8.64,0.0,20,17280,买盘
268,09:50:55,8.64,0.0,36,31104,卖盘
269,09:50:58,8.64,0.0,78,67392,卖盘
270,09:51:04,8.63,-0.01,43,37109,卖盘
271,09:51:07,8.64,0.01,4,3456,买盘
272,09:51:09,8.63,-0.01,116,100128,卖盘
273,09:51:12,8.64,0.01,68,58718,买盘
274,09:51:18,8.62,-0.02,103,88888,卖盘
275,09:51:21,8.63,0.01,13,11219,买盘
276,09:51:31,8.63,0.0,16,13808,买盘
277,09:51:34,8.62,-0.01,163,140556,卖盘
278,09:51:37,8.63,0.01,1,863,买盘
279,09:51:40,8.62,-0.01,109,93958,卖盘
280,09:51:43,8.62,0.0,23,19837,卖盘
281,09:51:46,8.63,0.01,11,9493,买盘
282,09:51:49,8.62,-0.01,21,18102,卖盘
283,09:51:52,8.63,0.01,100,86300,买盘
284,09:51:55,8.62,-0.01,6,5172,卖盘
285,09:51:58,8.63,0.01,50,43131,买盘
286,09:52:04,8.62,-0.01,16,13799,卖盘
287,09:52:07,8.62,0.0,7,6034,卖盘
288,09:52:10,8.63,0.01,5,4315,买盘
289,09:52:12,8.63,0.0,21,18114,买盘
290,09:52:15,8.62,-0.01,147,126745,卖盘
291,09:52:25,8.62,0.0,227,195743,卖盘
292,09:52:28,8.61,-0.01,190,163670,卖盘
293,09:52:31,8.63,0.02,45,38835,卖盘
294,09:52:33,8.63,0.0,63,54369,卖盘
295,09:52:37,8.6,-0.03,151,130030,卖盘
296,09:52:40,8.63,0.03,28,24122,买盘
297,09:52:46,8.6,-0.03,32,27562,卖盘
298,09:52:52,8.63,0.03,40,34509,买盘
299,09:52:54,8.61,-0.02,1,861,卖盘
300,09:53:04,8.62,0.01,20,17240,买盘
301,09:53:07,8.61,-0.01,49,42189,卖盘
302,09:53:09,8.61,0.0,50,43050,卖盘
303,09:53:13,8.61,0.0,1,861,卖盘
304,09:53:15,8.62,0.01,12,10344,买盘
305,09:53:28,8.62,0.0,5,4310,买盘
306,09:53:37,8.62,0.0,13,11206,卖盘
307,09:53:40,8.62,0.0,6,5172,卖盘
308,09:53:43,8.63,0.01,11,9493,买盘
309,09:53:45,8.63,0.0,1,863,买盘
310,09:53:51,8.62,-0.01,4,3448,卖盘
311,09:53:55,8.62,0.0,4,3448,卖盘
312,09:54:07,8.62,0.0,91,78513,卖盘
313,09:54:13,8.62,0.0,5,4310,卖盘
314,09:54:16,8.62,0.0,61,53096,卖盘
315,09:54:19,8.61,-0.01,90,77563,卖盘
316,09:54:28,8.63,0.02,10,8630,卖盘
317,09:54:42,8.63,0.0,2,1726,买盘
318,09:54:45,8.63,0.0,11,9493,买盘
319,09:54:49,8.62,-0.01,9,7758,卖盘
320,09:55:00,8.62,0.0,28,24136,买盘
321,09:55:04,8.62,0.0,5,4310,买盘
322,09:55:07,8.62,0.0,2,1723,买盘
323,09:55:13,8.62,0.0,10,8620,买盘
324,09:55:16,8.61,-0.01,2,1722,卖盘
325,09:55:18,8.62,0.01,91,78442,买盘
326,09:55:40,8.62,0.0,1,862,买盘
327,09:55:45,8.62,0.0,16,13792,买盘
328,09:55:49,8.62,0.0,102,87852,买盘
329,09:55:51,8.61,-0.01,4,3444,卖盘
330,09:55:55,8.61,0.0,4,3444,卖盘
331,09:56:10,8.62,0.01,3,2584,买盘
332,09:56:13,8.62,0.0,11,9482,买盘
333,09:56:16,8.62,0.0,51,43962,买盘
334,09:56:27,8.62,0.0,10,8620,买盘
335,09:56:40,8.62,0.0,13,11206,买盘
336,09:56:49,8.62,0.0,7,6034,买盘
337,09:56:52,8.62,0.0,6,5172,买盘
338,09:57:13,8.63,0.01,1,863,买盘
339,09:57:16,8.63,0.0,11,9493,买盘
340,09:57:43,8.63,0.0,1,863,买盘
341,09:57:46,8.63,0.0,11,9493,买盘
342,09:58:01,8.62,-0.01,68,58616,卖盘
343,09:58:07,8.63,0.01,31,26753,买盘
344,09:58:10,8.63,0.0,11,9493,买盘
345,09:58:13,8.63,0.0,36,31033,买盘
346,09:58:19,8.63,0.0,105,90615,买盘
347,09:58:25,8.63,0.0,17,14671,买盘
348,09:58:31,8.63,0.0,15,12945,买盘
349,09:58:43,8.63,0.0,5,4315,卖盘
350,09:58:49,8.63,0.0,5,4315,卖盘
351,09:58:58,8.64,0.01,1,864,买盘
352,09:59:01,8.63,-0.01,10,8630,卖盘
353,09:59:06,8.63,0.0,6,5178,卖盘
354,09:59:21,8.63,0.0,4,3452,买盘
355,09:59:34,8.63,0.0,11,9493,买盘
356,09:59:37,8.63,0.0,1,863,买盘
357,09:59:49,8.63,0.0,11,9493,买盘
358,09:59:52,8.62,-0.01,80,68971,卖盘
359,10:00:10,8.63,0.01,30,25882,买盘
360,10:00:22,8.63,0.0,9,7767,卖盘
361,10:00:28,8.63,0.0,7,6041,买盘
362,10:00:31,8.63,0.0,1,863,买盘
363,10:00:37,8.63,0.0,6,5178,买盘
364,10:00:40,8.63,0.0,1,863,买盘
365,10:00:43,8.63,0.0,6,5178,买盘
366,10:01:07,8.64,0.01,52,44928,买盘
367,10:01:10,8.63,-0.01,29,25038,卖盘
368,10:01:15,8.64,0.01,50,43200,买盘
369,10:01:19,8.63,-0.01,69,59547,卖盘
370,10:01:21,8.63,0.0,135,116505,卖盘
371,10:01:25,8.64,0.01,120,103680,买盘
372,10:01:37,8.64,0.0,61,52704,买盘
373,10:01:46,8.64,0.0,28,24192,卖盘
374,10:01:52,8.64,0.0,21,18144,卖盘
375,10:01:55,8.64,0.0,6,5184,卖盘
376,10:01:58,8.64,0.0,4,3456,卖盘
377,10:02:05,8.64,0.0,12,10368,卖盘
378,10:02:07,8.64,0.0,11,9504,买盘
379,10:02:09,8.64,0.0,125,108103,买盘
380,10:02:13,8.65,0.01,27,23340,买盘
381,10:02:16,8.64,-0.01,6,5184,中性盘
382,10:02:22,8.64,0.0,1,864,卖盘
383,10:02:25,8.65,0.01,98,84668,买盘
384,10:02:31,8.63,-0.02,6,5178,卖盘
385,10:02:34,8.65,0.02,15,12970,买盘
386,10:02:37,8.64,-0.01,2,1728,中性盘
387,10:02:43,8.63,-0.01,50,43160,卖盘
388,10:02:49,8.64,0.01,1,864,买盘
389,10:02:52,8.64,0.0,2,1728,卖盘
390,10:02:55,8.64,0.0,17,14688,卖盘
391,10:02:58,8.63,-0.01,4,3452,卖盘
392,10:03:01,8.63,0.0,19,16397,卖盘
393,10:03:07,8.64,0.01,11,9504,买盘
394,10:03:10,8.63,-0.01,9,7767,卖盘
395,10:03:13,8.63,0.0,3,2589,卖盘
396,10:03:16,8.63,0.0,8,6904,卖盘
397,10:03:19,8.63,0.0,7,6041,卖盘
398,10:03:25,8.64,0.01,33,28512,买盘
399,10:03:28,8.64,0.0,10,8640,卖盘
400,10:03:34,8.64,0.0,115,99360,卖盘
401,10:03:36,8.64,0.0,1,864,买盘
402,10:03:39,8.63,-0.01,20,17271,卖盘
403,10:03:49,8.63,0.0,21,18123,卖盘
404,10:04:01,8.64,0.01,14,12096,买盘
405,10:04:10,8.64,0.0,13,11232,买盘
406,10:04:15,8.63,-0.01,9,7767,卖盘
407,10:04:31,8.63,0.0,2,1726,卖盘
408,10:04:36,8.64,0.01,12,10368,买盘
409,10:04:40,8.64,0.0,1,864,买盘
410,10:04:52,8.63,-0.01,24,20712,卖盘
411,10:04:54,8.62,-0.01,1,862,卖盘
412,10:04:58,8.63,0.01,1,863,买盘
413,10:05:13,8.62,-0.01,2,1724,卖盘
414,10:05:16,8.62,0.0,37,31894,卖盘
415,10:05:31,8.63,0.01,1,863,买盘
416,10:05:34,8.63,0.0,3,2589,买盘
417,10:05:37,8.63,0.0,50,43150,买盘
418,10:05:46,8.62,-0.01,1,862,卖盘
419,10:05:48,8.63,0.01,58,50054,买盘
420,10:05:51,8.63,0.0,1,863,卖盘
421,10:05:55,8.63,0.0,21,18123,卖盘
422,10:06:01,8.63,0.0,3,2589,卖盘
423,10:06:04,8.63,0.0,19,16397,卖盘
424,10:06:07,8.64,0.01,77,66528,买盘
425,10:06:10,8.63,-0.01,9,7767,卖盘
426,10:06:16,8.63,0.0,3,2589,卖盘
427,10:06:28,8.63,0.0,1,863,卖盘
428,10:06:34,8.63,0.0,89,76324,卖盘
429,10:06:39,8.63,0.0,20,17260,卖盘
430,10:06:43,8.64,0.01,8,6912,买盘
431,10:06:46,8.63,-0.01,264,228315,卖盘
432,10:06:48,8.62,-0.01,25,21550,卖盘
433,10:06:51,8.63,0.01,5,4315,卖盘
434,10:07:01,8.62,-0.01,11,9490,卖盘
435,10:07:04,8.62,0.0,9,7758,卖盘
436,10:07:07,8.62,0.0,9,7758,卖盘
437,10:07:10,8.62,0.0,118,101716,卖盘
438,10:07:16,8.62,0.0,11,9482,卖盘
439,10:07:22,8.62,0.0,4,3448,卖盘
440,10:07:25,8.63,0.01,16,13808,买盘
441,10:07:55,8.62,-0.01,13,11206,卖盘
442,10:08:00,8.62,0.0,10,8620,卖盘
443,10:08:10,8.62,0.0,8,6896,卖盘
444,10:08:33,8.62,0.0,145,124990,卖盘
445,10:08:49,8.61,-0.01,19,16359,卖盘
446,10:09:07,8.61,0.0,19,16359,卖盘
447,10:09:10,8.61,0.0,10,8610,卖盘
448,10:09:13,8.61,0.0,12,10332,卖盘
449,10:09:22,8.61,0.0,4,3444,卖盘
450,10:09:34,8.61,0.0,16,13776,卖盘
451,10:09:37,8.61,0.0,4,3444,卖盘
452,10:09:40,8.61,0.0,9,7749,卖盘
453,10:09:43,8.61,0.0,47,40467,卖盘
454,10:09:45,8.61,0.0,11,9471,卖盘
455,10:09:49,8.61,0.0,23,19803,卖盘
456,10:09:52,8.61,0.0,35,30138,卖盘
457,10:09:55,8.61,0.0,19,16359,卖盘
458,10:09:58,8.61,0.0,15,12915,卖盘
459,10:10:01,8.61,0.0,29,24969,卖盘
460,10:10:04,8.61,0.0,19,16359,卖盘
461,10:10:07,8.6,-0.01,29,24959,卖盘
462,10:10:10,8.6,0.0,22,18920,卖盘
463,10:10:13,8.6,0.0,135,116100,卖盘
464,10:10:15,8.6,0.0,62,53320,卖盘
465,10:10:19,8.6,0.0,221,190060,卖盘
466,10:10:22,8.6,0.0,42,36120,卖盘
467,10:10:25,8.59,-0.01,94,80746,卖盘
468,10:10:31,8.58,-0.01,283,242814,卖盘
469,10:10:34,8.57,-0.01,14,11998,卖盘
470,10:10:42,8.57,0.0,30,25732,卖盘
471,10:10:46,8.59,0.02,38,32570,买盘
472,10:10:49,8.59,0.0,25,21463,买盘
473,10:10:55,8.59,0.0,1,859,买盘
474,10:10:58,8.57,-0.02,67,57419,卖盘
475,10:11:01,8.57,0.0,29,24853,买盘
476,10:11:04,8.57,0.0,54,46278,卖盘
477,10:11:10,8.59,0.02,26,22314,买盘
478,10:11:12,8.58,-0.01,1,858,买盘
479,10:11:16,8.58,0.0,13,11154,买盘
480,10:11:19,8.58,0.0,12,10295,买盘
481,10:11:22,8.58,0.0,3,2574,中性盘
482,10:11:25,8.58,0.0,30,25740,卖盘
483,10:11:27,8.59,0.01,64,54923,买盘
484,10:11:31,8.59,0.0,10,8590,买盘
485,10:11:34,8.59,0.0,5,4295,卖盘
486,10:11:36,8.59,0.0,2,1718,卖盘
487,10:11:40,8.59,0.0,7,6013,卖盘
488,10:11:46,8.6,0.01,19,16340,买盘
489,10:11:49,8.59,-0.01,40,34383,卖盘
490,10:11:52,8.6,0.01,7,6014,买盘
491,10:11:57,8.6,0.0,30,25800,买盘
492,10:12:01,8.59,-0.01,18,15462,卖盘
493,10:12:07,8.59,0.0,34,29206,买盘
494,10:12:10,8.59,0.0,46,39514,卖盘
495,10:12:16,8.6,0.01,51,43810,买盘
496,10:12:28,8.58,-0.02,10,8585,卖盘
497,10:12:34,8.6,0.02,12,10320,买盘
498,10:12:46,8.59,-0.01,1,859,买盘
499,10:12:49,8.59,0.0,2,1718,买盘
500,10:12:52,8.58,-0.01,15,12878,卖盘
501,10:12:55,8.59,0.01,8,6872,买盘
502,10:12:58,8.59,0.0,5,4295,买盘
503,10:13:09,8.59,0.0,12,10308,卖盘
504,10:13:34,8.59,0.0,25,21475,卖盘
505,10:13:37,8.6,0.01,91,78174,买盘
506,10:13:40,8.59,-0.01,13,11167,卖盘
507,10:13:46,8.59,0.0,3,2577,卖盘
508,10:13:52,8.6,0.01,55,47300,买盘
509,10:13:58,8.59,-0.01,1,859,卖盘
510,10:14:10,8.59,0.0,8,6872,卖盘
511,10:14:13,8.59,0.0,75,64436,卖盘
512,10:14:15,8.59,0.0,20,17180,卖盘
513,10:14:22,8.59,0.0,9,7731,卖盘
514,10:14:28,8.59,0.0,39,33501,卖盘
515,10:14:34,8.59,0.0,32,27518,卖盘
516,10:14:46,8.59,0.0,3,2578,卖盘
517,10:14:49,8.59,0.0,6,5154,卖盘
518,10:14:52,8.59,0.0,14,12026,卖盘
519,10:14:54,8.59,0.0,20,17180,卖盘
520,10:14:58,8.59,0.0,105,90195,卖盘
521,10:15:01,8.6,0.01,27,23197,买盘
522,10:15:04,8.6,0.0,527,453220,买盘
523,10:15:06,8.61,0.01,103,88683,买盘
524,10:15:10,8.61,0.0,8,6888,卖盘
525,10:15:40,8.62,0.01,25,21550,买盘
526,10:15:49,8.62,0.0,17,14654,买盘
527,10:16:04,8.61,-0.01,16,13776,卖盘
528,10:16:07,8.62,0.01,10,8620,买盘
529,10:16:13,8.62,0.0,30,25860,买盘
530,10:16:16,8.61,-0.01,1,861,卖盘
531,10:16:31,8.62,0.01,13,11195,买盘
532,10:16:49,8.61,-0.01,30,25830,卖盘
533,10:16:55,8.61,0.0,8,6888,卖盘
534,10:16:58,8.62,0.01,12,10344,买盘
535,10:17:04,8.62,0.0,5,4310,买盘
536,10:17:16,8.61,-0.01,36,30996,卖盘
537,10:17:19,8.61,0.0,148,127428,卖盘
538,10:17:28,8.61,0.0,37,31857,卖盘
539,10:17:39,8.61,0.0,8,6888,买盘
540,10:18:01,8.6,-0.01,15,12900,卖盘
541,10:18:07,8.61,0.01,9,7749,买盘
542,10:18:10,8.6,-0.01,8,6880,卖盘
543,10:18:15,8.6,0.0,1,860,卖盘
544,10:18:25,8.6,0.0,8,6880,卖盘
545,10:18:28,8.61,0.01,1,861,买盘
546,10:18:43,8.61,0.0,1,861,买盘
547,10:19:19,8.61,0.0,1,861,买盘
548,10:19:22,8.6,-0.01,48,41291,卖盘
549,10:19:28,8.61,0.01,10,8610,买盘
550,10:19:31,8.61,0.0,5,4305,买盘
551,10:19:43,8.6,-0.01,27,23220,卖盘
552,10:19:46,8.6,0.0,1,860,卖盘
553,10:19:55,8.6,0.0,1,860,卖盘
554,10:19:58,8.61,0.01,19,16359,买盘
555,10:20:01,8.61,0.0,1,861,买盘
556,10:20:16,8.6,-0.01,1,860,卖盘
557,10:20:22,8.61,0.01,60,51620,买盘
558,10:20:28,8.61,0.0,128,110208,买盘
559,10:20:34,8.6,-0.01,2,1720,卖盘
560,10:20:36,8.6,0.0,178,153080,卖盘
561,10:20:40,8.6,0.0,10,8600,买盘
562,10:20:43,8.6,0.0,3,2580,买盘
563,10:20:58,8.59,-0.01,50,42950,卖盘
564,10:21:04,8.59,0.0,94,80746,卖盘
565,10:21:10,8.58,-0.01,38,32614,卖盘
566,10:21:13,8.59,0.01,37,31765,买盘
567,10:21:15,8.59,0.0,35,30065,卖盘
568,10:21:18,8.59,0.0,6,5154,卖盘
569,10:21:31,8.59,0.0,19,16321,卖盘
570,10:21:40,8.59,0.0,35,30065,卖盘
571,10:21:49,8.59,0.0,49,42121,卖盘
572,10:21:55,8.59,0.0,19,16321,卖盘
573,10:22:01,8.59,0.0,140,120260,卖盘
574,10:22:04,8.59,0.0,111,95349,买盘
575,10:22:07,8.58,-0.01,305,262246,卖盘
576,10:22:13,8.58,0.0,7,6006,卖盘
577,10:22:16,8.58,0.0,2,1716,卖盘
578,10:22:25,8.59,0.01,10,8590,买盘
579,10:22:33,8.58,-0.01,61,52338,卖盘
580,10:22:37,8.59,0.01,10,8590,买盘
581,10:22:40,8.59,0.0,75,64365,买盘
582,10:23:10,8.59,0.0,43,36937,买盘
583,10:23:13,8.59,0.0,34,29206,买盘
584,10:23:15,8.58,-0.01,10,8580,卖盘
585,10:23:19,8.58,0.0,1,858,卖盘
586,10:23:22,8.58,0.0,100,85800,卖盘
587,10:23:25,8.58,0.0,48,41184,卖盘
588,10:23:55,8.57,-0.01,198,169686,卖盘
589,10:24:01,8.56,-0.01,4,3424,卖盘
590,10:24:07,8.56,0.0,24,20544,卖盘
591,10:24:13,8.57,0.01,2,1714,买盘
592,10:24:18,8.56,-0.01,48,41088,卖盘
593,10:24:28,8.56,0.0,98,83893,卖盘
594,10:24:31,8.56,0.0,26,22256,买盘
595,10:24:34,8.56,0.0,19,16264,卖盘
596,10:24:37,8.56,0.0,6,5136,买盘
597,10:24:42,8.56,0.0,2,1712,中性盘
598,10:24:46,8.56,0.0,3,2568,买盘
599,10:24:48,8.56,0.0,27,23112,卖盘
600,10:24:55,8.53,-0.03,500,427389,卖盘
601,10:25:04,8.57,0.04,40,34280,买盘
602,10:25:06,8.56,-0.01,27,23121,卖盘
603,10:25:10,8.56,0.0,106,90741,卖盘
604,10:25:12,8.57,0.01,116,99391,买盘
605,10:25:19,8.57,0.0,5,4285,卖盘
606,10:25:43,8.57,0.0,29,24853,卖盘
607,10:25:58,8.58,0.01,20,17160,买盘
608,10:26:01,8.57,-0.01,1,857,卖盘
609,10:26:07,8.57,0.0,8,6856,卖盘
610,10:26:16,8.57,0.0,10,8570,卖盘
611,10:26:46,8.57,0.0,8,6861,卖盘
612,10:27:07,8.57,0.0,8,6856,卖盘
613,10:27:19,8.58,0.01,4,3432,买盘
614,10:27:31,8.58,0.0,22,18876,买盘
615,10:27:33,8.58,0.0,12,10296,买盘
616,10:27:37,8.58,0.0,12,10296,买盘
617,10:27:40,8.59,0.01,19,16314,买盘
618,10:27:46,8.59,0.0,19,16321,买盘
619,10:27:52,8.59,0.0,27,23193,买盘
620,10:27:58,8.59,0.0,6,5154,卖盘
621,10:28:07,8.59,0.0,8,6872,卖盘
622,10:28:10,8.59,0.0,15,12885,卖盘
623,10:28:13,8.6,0.01,124,106618,买盘
624,10:28:16,8.59,-0.01,2,1718,中性盘
625,10:28:49,8.6,0.01,1,860,买盘
626,10:29:04,8.59,-0.01,10,8590,卖盘
627,10:29:07,8.59,0.0,9,7731,卖盘
628,10:29:13,8.59,0.0,5,4295,卖盘
629,10:29:25,8.6,0.01,5,4300,买盘
630,10:29:27,8.59,-0.01,10,8590,卖盘
631,10:29:37,8.6,0.01,10,8600,买盘
632,10:29:43,8.59,-0.01,30,25770,卖盘
633,10:29:46,8.59,0.0,5,4295,卖盘
634,10:30:01,8.59,0.0,14,12026,卖盘
635,10:30:13,8.58,-0.01,1,858,卖盘
636,10:30:19,8.58,0.0,10,8580,卖盘
637,10:30:22,8.58,0.0,19,16302,卖盘
638,10:30:36,8.58,0.0,20,17160,卖盘
639,10:30:51,8.58,0.0,5,4290,买盘
640,10:30:54,8.57,-0.01,14,11998,卖盘
641,10:30:58,8.58,0.01,30,25740,买盘
642,10:31:04,8.58,0.0,30,25740,买盘
643,10:31:10,8.58,0.0,5,4290,买盘
644,10:31:13,8.57,-0.01,135,115695,卖盘
645,10:31:19,8.56,-0.01,3,2568,中性盘
646,10:31:40,8.56,0.0,10,8560,卖盘
647,10:31:43,8.56,0.0,28,23968,买盘
648,10:31:45,8.56,0.0,34,29104,买盘
649,10:31:49,8.56,0.0,39,33384,买盘
650,10:31:55,8.57,0.01,139,119123,买盘
651,10:31:58,8.57,0.0,34,29170,卖盘
652,10:32:01,8.58,0.01,75,64333,买盘
653,10:32:04,8.58,0.0,53,45474,买盘
654,10:32:06,8.58,0.0,40,34320,买盘
655,10:32:09,8.58,0.0,26,22308,买盘
656,10:32:19,8.58,0.0,1,858,卖盘
657,10:32:21,8.58,0.0,59,50642,卖盘
658,10:32:28,8.59,0.01,3,2577,买盘
659,10:32:31,8.59,0.0,5,4295,卖盘
660,10:32:40,8.59,0.0,74,63566,卖盘
661,10:32:49,8.59,0.0,65,55835,卖盘
662,10:32:52,8.6,0.01,180,154630,买盘
663,10:33:06,8.58,-0.02,8,6864,卖盘
664,10:33:22,8.58,0.0,62,53196,卖盘
665,10:33:25,8.58,0.0,23,19734,买盘
666,10:33:27,8.58,0.0,2,1716,卖盘
667,10:33:31,8.58,0.0,2,1716,卖盘
668,10:33:46,8.57,-0.01,50,42850,卖盘
669,10:33:58,8.56,-0.01,10,8560,卖盘
670,10:34:04,8.57,0.01,7,5999,卖盘
671,10:34:07,8.56,-0.01,12,10275,卖盘
672,10:34:13,8.57,0.01,2,1714,买盘
673,10:34:24,8.56,-0.01,9,7704,卖盘
674,10:34:34,8.57,0.01,1,857,买盘
675,10:34:37,8.56,-0.01,2,1712,卖盘
676,10:34:40,8.59,0.03,880,754220,买盘
677,10:34:43,8.56,-0.03,8,6848,卖盘
678,10:34:51,8.57,0.01,4,3428,卖盘
679,10:35:01,8.57,0.0,7,5999,卖盘
680,10:35:07,8.57,0.0,9,7713,卖盘
681,10:35:13,8.57,0.0,2,1714,卖盘
682,10:35:15,8.59,0.02,84,72156,买盘
683,10:35:18,8.57,-0.02,85,72845,卖盘
684,10:35:22,8.57,0.0,55,47135,卖盘
685,10:35:34,8.57,0.0,38,32566,卖盘
686,10:35:36,8.58,0.01,11,9448,卖盘
687,10:35:43,8.59,0.01,2,1718,买盘
688,10:35:55,8.59,0.0,10,8590,买盘
689,10:35:57,8.58,-0.01,4,3432,卖盘
690,10:36:01,8.59,0.01,15,12885,买盘
691,10:36:07,8.59,0.0,8,6872,卖盘
692,10:36:12,8.58,-0.01,44,37773,卖盘
693,10:36:24,8.58,0.0,46,39468,卖盘
694,10:36:30,8.58,0.0,7,6007,卖盘
695,10:36:34,8.58,0.0,18,15444,卖盘
696,10:37:04,8.59,0.01,1,859,卖盘
697,10:37:07,8.58,-0.01,8,6864,卖盘
698,10:37:12,8.6,0.02,203,174558,买盘
699,10:37:19,8.58,-0.02,98,84084,卖盘
700,10:37:22,8.58,0.0,55,47190,卖盘
701,10:37:28,8.58,0.0,18,15444,卖盘
702,10:37:37,8.59,0.01,5,4295,买盘
703,10:37:40,8.59,0.0,1,859,买盘
704,10:37:58,8.59,0.0,3,2577,卖盘
705,10:38:04,8.6,0.01,5,4300,买盘
706,10:38:07,8.59,-0.01,8,6872,卖盘
707,10:38:27,8.6,0.01,270,232200,买盘
708,10:38:34,8.6,0.0,22,18920,买盘
709,10:38:37,8.61,0.01,6,5166,买盘
710,10:38:40,8.6,-0.01,10,8600,卖盘
711,10:38:46,8.61,0.01,34,29274,买盘
712,10:38:49,8.62,0.01,340,292742,买盘
713,10:38:51,8.62,0.0,23,19824,买盘
714,10:38:55,8.62,0.0,20,17240,买盘
715,10:38:58,8.62,0.0,9,7758,买盘
716,10:39:04,8.62,0.0,19,16378,买盘
717,10:39:07,8.62,0.0,6,5172,买盘
718,10:39:10,8.62,0.0,29,24998,买盘
719,10:39:19,8.62,0.0,1,862,买盘
720,10:39:25,8.62,0.0,2,1724,买盘
721,10:39:49,8.62,0.0,5,4310,买盘
722,10:39:55,8.62,0.0,8,6896,买盘
723,10:39:58,8.61,-0.01,28,24108,卖盘
724,10:40:06,8.61,0.0,8,6888,卖盘
725,10:40:19,8.62,0.01,403,347386,买盘
726,10:40:22,8.63,0.01,121,104423,买盘
727,10:40:24,8.62,-0.01,2,1724,卖盘
728,10:40:28,8.62,0.0,27,23294,卖盘
729,10:40:34,8.63,0.01,96,82848,买盘
730,10:40:58,8.64,0.01,34,29376,买盘
731,10:41:10,8.64,0.0,30,25920,买盘
732,10:41:18,8.64,0.0,10,8640,买盘
733,10:41:21,8.63,-0.01,7,6041,卖盘
734,10:41:25,8.64,0.01,1,864,买盘
735,10:41:28,8.64,0.0,8,6912,买盘
736,10:41:31,8.63,-0.01,40,34522,卖盘
737,10:41:34,8.64,0.01,47,40571,买盘
738,10:41:37,8.62,-0.02,19,16378,卖盘
739,10:41:40,8.64,0.02,20,17280,买盘
740,10:41:46,8.64,0.0,2,1728,买盘
741,10:41:58,8.63,-0.01,30,25890,买盘
742,10:42:19,8.63,0.0,80,69040,买盘
743,10:42:25,8.62,-0.01,4,3448,卖盘
744,10:42:28,8.63,0.01,1,863,买盘
745,10:42:31,8.63,0.0,10,8630,买盘
746,10:42:37,8.62,-0.01,7,6035,卖盘
747,10:42:46,8.62,0.0,2,1724,卖盘
748,10:42:49,8.62,0.0,28,24136,卖盘
749,10:42:55,8.62,0.0,9,7758,卖盘
750,10:42:58,8.61,-0.01,83,71527,卖盘
751,10:43:01,8.62,0.01,5,4310,买盘
752,10:43:12,8.61,-0.01,19,16359,卖盘
753,10:43:28,8.61,0.0,5,4306,卖盘
754,10:43:34,8.62,0.01,1,862,买盘
755,10:43:37,8.62,0.0,5,4310,买盘
756,10:43:40,8.62,0.0,1,862,买盘
757,10:43:43,8.62,0.0,1,862,买盘
758,10:43:46,8.62,0.0,1,862,买盘
759,10:43:49,8.62,0.0,21,18090,买盘
760,10:43:52,8.62,0.0,1,862,买盘
761,10:43:55,8.62,0.0,8,6896,买盘
762,10:43:58,8.62,0.0,4,3448,买盘
763,10:44:00,8.62,0.0,6,5172,买盘
764,10:44:04,8.62,0.0,6,5172,买盘
765,10:44:07,8.62,0.0,8,6896,买盘
766,10:44:10,8.62,0.0,3,2586,买盘
767,10:44:13,8.62,0.0,3,2586,买盘
768,10:44:31,8.62,0.0,8,6896,卖盘
769,10:44:37,8.62,0.0,1,862,买盘
770,10:44:43,8.61,-0.01,21,18081,卖盘
771,10:44:46,8.61,0.0,1,861,卖盘
772,10:44:52,8.62,0.01,14,12068,买盘
773,10:44:55,8.62,0.0,7,6034,卖盘
774,10:44:58,8.62,0.0,22,18964,卖盘
775,10:45:30,8.61,-0.01,4,3444,卖盘
776,10:45:34,8.61,0.0,4,3444,卖盘
777,10:45:49,8.62,0.01,70,60340,买盘
778,10:45:55,8.62,0.0,1,862,买盘
779,10:46:01,8.62,0.0,1,862,买盘
780,10:46:04,8.61,-0.01,88,75768,卖盘
781,10:46:07,8.61,0.0,2,1722,买盘
782,10:46:10,8.61,0.0,10,8610,买盘
783,10:46:13,8.61,0.0,3,2583,买盘
784,10:46:16,8.61,0.0,12,10332,买盘
785,10:46:19,8.6,-0.01,512,440332,卖盘
786,10:46:21,8.61,0.01,11,9471,买盘
787,10:46:34,8.61,0.0,1,861,买盘
788,10:46:40,8.6,-0.01,18,15493,卖盘
789,10:46:43,8.61,0.01,1,861,买盘
790,10:46:45,8.6,-0.01,4,3440,卖盘
791,10:46:49,8.61,0.01,1,861,买盘
792,10:46:52,8.61,0.0,1,861,买盘
793,10:46:55,8.61,0.0,1,861,买盘
794,10:46:58,8.61,0.0,3,2583,买盘
795,10:47:01,8.61,0.0,3,2583,买盘
796,10:47:04,8.61,0.0,14,12054,买盘
797,10:47:07,8.61,0.0,4,3444,买盘
798,10:47:10,8.61,0.0,6,5166,买盘
799,10:47:13,8.61,0.0,3,2583,买盘
800,10:47:16,8.6,-0.01,41,35264,卖盘
801,10:47:27,8.6,0.0,180,154800,卖盘
802,10:47:31,8.6,0.0,3,2580,买盘
803,10:47:34,8.59,-0.01,4,3436,卖盘
804,10:47:55,8.6,0.01,1,860,买盘
805,10:47:57,8.59,-0.01,6,5154,卖盘
806,10:48:01,8.6,0.01,16,13760,买盘
807,10:48:07,8.6,0.0,8,6880,卖盘
808,10:48:31,8.61,0.01,97,83517,买盘
809,10:48:37,8.61,0.0,2,1722,买盘
810,10:48:43,8.61,0.0,5,4305,买盘
811,10:48:45,8.61,0.0,12,10332,买盘
812,10:48:49,8.61,0.0,1,861,买盘
813,10:48:58,8.61,0.0,4,3444,买盘
814,10:49:01,8.6,-0.01,67,57624,卖盘
815,10:49:04,8.61,0.01,43,36986,买盘
816,10:49:07,8.61,0.0,12,10324,买盘
817,10:49:10,8.6,-0.01,2,1720,卖盘
818,10:49:13,8.61,0.01,29,24969,买盘
819,10:49:16,8.61,0.0,8,6888,买盘
820,10:49:19,8.61,0.0,17,14637,买盘
821,10:49:21,8.61,0.0,34,29274,买盘
822,10:49:24,8.61,0.0,28,24444,买盘
823,10:49:34,8.61,0.0,9,7749,卖盘
824,10:49:40,8.61,0.0,2,1722,卖盘
825,10:49:46,8.61,0.0,3,2583,买盘
826,10:49:49,8.6,-0.01,11,9461,卖盘
827,10:49:52,8.61,0.01,11,9471,卖盘
828,10:49:54,8.61,0.0,8,6888,卖盘
829,10:49:57,8.61,0.0,7,6027,卖盘
830,10:50:00,8.6,-0.01,3,2582,卖盘
831,10:50:07,8.6,0.0,8,6880,卖盘
832,10:50:22,8.61,0.01,6,5166,卖盘
833,10:50:39,8.61,0.0,4,3444,卖盘
834,10:50:43,8.61,0.0,4,3444,卖盘
835,10:50:46,8.61,0.0,4,3444,卖盘
836,10:50:49,8.6,-0.01,16,13772,卖盘
837,10:50:51,8.6,0.0,17,14620,卖盘
838,10:50:55,8.6,0.0,4,3440,卖盘
839,10:50:58,8.6,0.0,4,3440,卖盘
840,10:51:04,8.61,0.01,13,11193,买盘
841,10:51:07,8.6,-0.01,23,19780,卖盘
842,10:51:21,8.59,-0.01,7,6013,卖盘
843,10:51:24,8.59,0.0,9,7731,卖盘
844,10:52:01,8.59,0.0,8,6872,卖盘
845,10:52:07,8.59,0.0,113,97067,卖盘
846,10:52:13,8.59,0.0,19,16321,买盘
847,10:52:27,8.59,0.0,14,12026,买盘
848,10:52:33,8.59,0.0,50,42950,买盘
849,10:52:37,8.59,0.0,35,30065,买盘
850,10:52:52,8.59,0.0,17,14603,卖盘
851,10:52:58,8.59,0.0,4,3436,卖盘
852,10:53:07,8.59,0.0,25,21475,卖盘
853,10:53:28,8.6,0.01,10,8599,买盘
854,10:53:55,8.59,-0.01,4,3436,卖盘
855,10:54:01,8.59,0.0,50,42950,卖盘
856,10:54:06,8.59,0.0,8,6872,卖盘
857,10:54:19,8.6,0.01,10,8600,买盘
858,10:54:25,8.59,-0.01,4,3436,卖盘
859,10:54:34,8.6,0.01,2,1720,买盘
860,10:54:40,8.59,-0.01,1,859,卖盘
861,10:54:45,8.59,0.0,1,859,卖盘
862,10:54:52,8.59,0.0,5,4295,卖盘
863,10:54:58,8.59,0.0,13,11167,卖盘
864,10:55:04,8.6,0.01,1,860,买盘
865,10:55:06,8.59,-0.01,8,6872,卖盘
866,10:55:22,8.59,0.0,11,9449,卖盘
867,10:55:25,8.59,0.0,1,859,卖盘
868,10:55:31,8.59,0.0,40,34360,卖盘
869,10:56:04,8.59,0.0,2,1718,卖盘
870,10:56:06,8.59,0.0,8,6872,卖盘
871,10:56:15,8.59,0.0,5,4295,卖盘
872,10:56:22,8.59,0.0,49,42091,卖盘
873,10:56:24,8.59,0.0,10,8590,卖盘
874,10:56:27,8.59,0.0,3,2577,卖盘
875,10:56:31,8.59,0.0,26,22334,卖盘
876,10:56:40,8.6,0.01,19,16340,买盘
877,10:56:49,8.59,-0.01,2,1718,卖盘
878,10:56:52,8.6,0.01,1,860,买盘
879,10:56:58,8.6,0.0,15,12900,买盘
880,10:57:09,8.6,0.0,34,29240,买盘
881,10:57:16,8.6,0.0,32,27520,买盘
882,10:57:22,8.6,0.0,2,1720,买盘
883,10:57:25,8.6,0.0,2,1720,买盘
884,10:57:28,8.59,-0.01,19,16321,卖盘
885,10:57:30,8.59,0.0,1,859,卖盘
886,10:57:37,8.59,0.0,27,23193,卖盘
887,10:57:40,8.59,0.0,52,44668,卖盘
888,10:57:43,8.59,0.0,86,73884,卖盘
889,10:57:46,8.59,0.0,38,32642,卖盘
890,10:57:49,8.59,0.0,19,16321,卖盘
891,10:57:55,8.59,0.0,4,3436,卖盘
892,10:58:04,8.59,0.0,4,3436,卖盘
893,10:58:06,8.59,0.0,8,6872,卖盘
894,10:58:10,8.6,0.01,10,8600,买盘
895,10:58:25,8.59,-0.01,1,859,卖盘
896,10:58:27,8.59,0.0,70,60199,卖盘
897,10:58:37,8.59,0.0,5,4295,卖盘
898,10:58:52,8.58,-0.01,20,17160,卖盘
899,10:58:55,8.58,0.0,39,33462,卖盘
900,10:58:57,8.59,0.01,1,859,买盘
901,10:59:01,8.58,-0.01,15,12870,卖盘
902,10:59:07,8.58,0.0,9,7722,卖盘
903,10:59:10,8.58,0.0,4,3432,卖盘
904,10:59:13,8.58,0.0,81,69498,卖盘
905,10:59:25,8.57,-0.01,1,857,卖盘
906,10:59:34,8.58,0.01,13,11154,买盘
907,10:59:37,8.58,0.0,15,12870,买盘
908,10:59:52,8.57,-0.01,8,6856,卖盘
909,10:59:54,8.57,0.0,410,351370,卖盘
910,10:59:58,8.57,0.0,17,14569,卖盘
911,11:00:01,8.56,-0.01,65,55645,卖盘
912,11:00:04,8.56,0.0,53,45368,卖盘
913,11:00:07,8.57,0.01,1,857,买盘
914,11:00:12,8.57,0.0,1,857,买盘
915,11:00:16,8.55,-0.02,200,171032,卖盘
916,11:00:34,8.57,0.02,2,1714,买盘
917,11:00:45,8.57,0.0,62,53134,卖盘
918,11:01:00,8.57,0.0,25,21425,买盘
919,11:01:16,8.56,-0.01,1,856,卖盘
920,11:01:18,8.56,0.0,108,92506,卖盘
921,11:01:21,8.57,0.01,10,8570,买盘
922,11:01:25,8.56,-0.01,4,3427,卖盘
923,11:01:39,8.57,0.01,45,38565,买盘
924,11:01:43,8.56,-0.01,5,4280,卖盘
925,11:02:13,8.56,0.0,31,26536,卖盘
926,11:02:22,8.56,0.0,24,20544,卖盘
927,11:02:25,8.56,0.0,1,856,卖盘
928,11:02:40,8.56,0.0,3,2568,卖盘
929,11:02:55,8.56,0.0,6,5136,卖盘
930,11:03:18,8.56,0.0,221,189176,卖盘
931,11:03:25,8.56,0.0,36,30816,卖盘
932,11:03:34,8.55,-0.01,2,1710,卖盘
933,11:03:43,8.56,0.01,8,6848,买盘
934,11:03:52,8.56,0.0,10,8560,买盘
935,11:03:55,8.56,0.0,11,9416,买盘
936,11:03:58,8.56,0.0,20,17120,买盘
937,11:04:06,8.55,-0.01,70,59850,卖盘
938,11:04:13,8.56,0.01,2,1712,买盘
939,11:04:18,8.55,-0.01,77,65835,卖盘
940,11:04:22,8.56,0.01,53,45343,买盘
941,11:04:25,8.55,-0.01,7,5985,中性盘
942,11:04:43,8.55,0.0,2,1710,卖盘
943,11:04:52,8.56,0.01,2,1712,买盘
944,11:04:55,8.56,0.0,19,16264,买盘
945,11:04:58,8.56,0.0,2,1712,买盘
946,11:05:00,8.56,0.0,3,2568,买盘
947,11:05:04,8.56,0.0,71,60776,买盘
948,11:05:06,8.56,0.0,6,5136,卖盘
949,11:05:24,8.56,0.0,1,856,卖盘
950,11:05:28,8.56,0.0,101,86456,卖盘
951,11:05:34,8.57,0.01,120,102840,买盘
952,11:05:42,8.57,0.0,165,141405,买盘
953,11:05:49,8.57,0.0,29,24853,卖盘
954,11:05:54,8.57,0.0,20,17140,买盘
955,11:05:58,8.57,0.0,13,11141,买盘
956,11:06:04,8.57,0.0,8,6856,买盘
957,11:06:06,8.57,0.0,10,8570,买盘
958,11:06:09,8.57,0.0,12,10284,买盘
959,11:06:16,8.57,0.0,2,1714,买盘
960,11:06:18,8.57,0.0,2,1714,买盘
961,11:06:22,8.57,0.0,14,11998,买盘
962,11:06:31,8.57,0.0,1,857,卖盘
963,11:06:34,8.58,0.01,101,86658,买盘
964,11:07:07,8.58,0.0,19,16302,卖盘
965,11:07:13,8.59,0.01,2,1718,买盘
966,11:07:28,8.58,-0.01,1,858,卖盘
967,11:07:57,8.58,0.0,15,12878,卖盘
968,11:08:01,8.59,0.01,3,2577,买盘
969,11:08:04,8.59,0.0,2,1718,买盘
970,11:08:07,8.58,-0.01,4,3432,卖盘
971,11:08:10,8.59,0.01,1,859,买盘
972,11:08:13,8.58,-0.01,100,85800,卖盘
973,11:08:16,8.59,0.01,1,859,买盘
974,11:08:25,8.58,-0.01,1,858,卖盘
975,11:08:34,8.58,0.0,20,17160,卖盘
976,11:08:51,8.58,0.0,36,30888,卖盘
977,11:08:55,8.58,0.0,19,16302,卖盘
978,11:09:01,8.58,0.0,9,7722,卖盘
979,11:09:04,8.57,-0.01,42,36022,卖盘
980,11:09:07,8.57,0.0,7,5999,卖盘
981,11:09:13,8.57,0.0,4,3428,卖盘
982,11:09:18,8.57,0.0,12,10288,卖盘
983,11:09:34,8.58,0.01,9,7722,买盘
984,11:09:46,8.58,0.0,6,5148,卖盘
985,11:09:52,8.57,-0.01,5,4285,卖盘
986,11:09:54,8.57,0.0,5,4285,卖盘
987,11:09:58,8.57,0.0,6,5142,卖盘
988,11:10:01,8.57,0.0,6,5142,卖盘
989,11:10:04,8.57,0.0,56,47992,卖盘
990,11:10:07,8.58,0.01,28,24016,买盘
991,11:10:10,8.57,-0.01,9,7713,卖盘
992,11:10:16,8.58,0.01,4,3432,买盘
993,11:10:25,8.57,-0.01,1,857,卖盘
994,11:10:55,8.58,0.01,12,10296,买盘
995,11:11:00,8.58,0.0,2,1716,买盘
996,11:11:09,8.57,-0.01,50,42850,卖盘
997,11:11:28,8.57,0.0,2,1714,卖盘
998,11:12:33,8.57,0.0,2,1714,卖盘
999,11:13:28,8.57,0.0,1,857,卖盘
1000,11:13:36,8.57,0.0,2,1714,卖盘
1001,11:13:40,8.57,0.0,6,5142,卖盘
1002,11:13:52,8.58,0.01,80,68640,买盘
1003,11:13:58,8.58,0.0,1,858,卖盘
1004,11:14:01,8.58,0.0,1,858,卖盘
1005,11:14:04,8.58,0.0,1,858,卖盘
1006,11:14:07,8.58,0.0,2,1716,卖盘
1007,11:14:10,8.58,0.0,13,11154,卖盘
1008,11:14:22,8.58,0.0,2,1716,买盘
1009,11:14:25,8.57,-0.01,1,857,卖盘
1010,11:14:28,8.57,0.0,38,32566,卖盘
1011,11:14:31,8.57,0.0,19,16283,卖盘
1012,11:14:34,8.58,0.01,25,21450,买盘
1013,11:14:39,8.58,0.0,25,21450,买盘
1014,11:14:43,8.57,-0.01,5,4285,卖盘
1015,11:14:49,8.58,0.01,3,2574,买盘
1016,11:14:58,8.57,-0.01,4,3428,卖盘
1017,11:15:01,8.58,0.01,2,1716,买盘
1018,11:15:04,8.57,-0.01,44,37708,卖盘
1019,11:15:10,8.57,0.0,49,41993,卖盘
1020,11:15:13,8.57,0.0,1,857,买盘
1021,11:15:19,8.58,0.01,11,9427,买盘
1022,11:15:27,8.58,0.0,32,27456,买盘
1023,11:15:40,8.58,0.0,31,26598,买盘
1024,11:15:49,8.58,0.0,15,12870,买盘
1025,11:15:58,8.58,0.0,10,8580,买盘
1026,11:16:04,8.57,-0.01,1,857,买盘
1027,11:16:10,8.56,-0.01,3,2570,卖盘
1028,11:16:13,8.58,0.02,13,11146,买盘
1029,11:16:22,8.58,0.0,132,113256,卖盘
1030,11:16:28,8.58,0.0,90,77217,买盘
1031,11:16:31,8.56,-0.02,3,2568,卖盘
1032,11:16:43,8.56,0.0,451,386056,卖盘
1033,11:16:49,8.56,0.0,3,2568,买盘
1034,11:17:19,8.56,0.0,4,3424,买盘
1035,11:17:22,8.55,-0.01,1,855,卖盘
1036,11:17:25,8.56,0.01,19,16264,买盘
1037,11:17:28,8.55,-0.01,1,855,卖盘
1038,11:17:31,8.56,0.01,60,51360,买盘
1039,11:17:34,8.55,-0.01,50,42752,卖盘
1040,11:18:19,8.57,0.02,4,3428,买盘
1041,11:18:27,8.57,0.0,3,2571,卖盘
1042,11:18:52,8.58,0.01,1,858,买盘
1043,11:19:10,8.58,0.0,1,858,买盘
1044,11:19:16,8.58,0.0,5,4290,买盘
1045,11:19:25,8.56,-0.02,1,856,卖盘
1046,11:19:30,8.58,0.02,50,42900,买盘
1047,11:19:36,8.58,0.0,1,858,买盘
1048,11:19:43,8.56,-0.02,1,856,卖盘
1049,11:19:49,8.56,0.0,4,3424,卖盘
1050,11:19:55,8.56,0.0,5,4280,卖盘
1051,11:20:00,8.56,0.0,8,6848,卖盘
1052,11:20:04,8.56,0.0,7,5992,卖盘
1053,11:20:07,8.56,0.0,5,4280,卖盘
1054,11:20:09,8.56,0.0,3,2568,卖盘
1055,11:20:13,8.56,0.0,3,2568,卖盘
1056,11:20:15,8.57,0.01,4,3425,买盘
1057,11:20:28,8.56,-0.01,1,856,卖盘
1058,11:20:31,8.56,0.0,1,856,卖盘
1059,11:20:39,8.56,0.0,45,38520,卖盘
1060,11:20:43,8.56,0.0,30,25680,买盘
1061,11:20:55,8.56,0.0,10,8560,买盘
1062,11:21:03,8.56,0.0,30,25680,买盘
1063,11:21:06,8.56,0.0,59,50504,买盘
1064,11:21:13,8.56,0.0,3,2568,卖盘
1065,11:21:37,8.56,0.0,4,3424,卖盘
1066,11:21:43,8.56,0.0,2,1712,卖盘
1067,11:22:07,8.56,0.0,2,1712,卖盘
1068,11:22:10,8.56,0.0,5,4280,卖盘
1069,11:22:13,8.56,0.0,7,5992,卖盘
1070,11:22:25,8.56,0.0,1,856,卖盘
1071,11:22:27,8.56,0.0,62,53072,卖盘
1072,11:22:40,8.56,0.0,40,34240,买盘
1073,11:22:43,8.56,0.0,1,856,买盘
1074,11:22:55,8.55,-0.01,1,855,卖盘
1075,11:22:57,8.56,0.01,32,27392,买盘
1076,11:23:25,8.56,0.0,31,26536,卖盘
1077,11:23:31,8.57,0.01,25,21425,买盘
1078,11:23:57,8.58,0.01,10,8580,买盘
1079,11:24:25,8.58,0.0,19,16302,买盘
1080,11:24:28,8.58,0.0,21,18016,买盘
1081,11:24:31,8.57,-0.01,42,35994,卖盘
1082,11:24:34,8.57,0.0,32,27424,买盘
1083,11:24:37,8.57,0.0,20,17140,买盘
1084,11:24:39,8.57,0.0,43,36864,买盘
1085,11:24:42,8.58,0.01,4,3432,买盘
1086,11:24:46,8.59,0.01,19,16303,买盘
1087,11:24:49,8.6,0.01,57,49019,买盘
1088,11:24:52,8.59,-0.01,1,859,中性盘
1089,11:25:01,8.58,-0.01,10,8584,卖盘
1090,11:25:10,8.58,0.0,3,2574,卖盘
1091,11:25:21,8.58,0.0,30,25740,卖盘
1092,11:25:28,8.58,0.0,27,23166,买盘
1093,11:25:34,8.58,0.0,10,8580,买盘
1094,11:25:40,8.57,-0.01,4,3428,卖盘
1095,11:26:10,8.57,0.0,3,2571,卖盘
1096,11:26:25,8.57,0.0,1,857,卖盘
1097,11:26:34,8.56,-0.01,4,3427,卖盘
1098,11:26:52,8.56,0.0,3,2569,卖盘
1099,11:27:04,8.58,0.02,7,6006,买盘
1100,11:27:28,8.58,0.0,14,12012,买盘
1101,11:27:34,8.58,0.0,7,6004,买盘
1102,11:27:54,8.57,-0.01,4,3428,卖盘
1103,11:28:25,8.57,0.0,2,1714,卖盘
1104,11:28:45,8.58,0.01,5,4290,买盘
1105,11:29:12,8.57,-0.01,27,23139,卖盘
1106,11:29:19,8.57,0.0,27,23139,卖盘
1107,11:29:21,8.57,0.0,1,857,卖盘
1108,11:29:24,8.57,0.0,10,8570,卖盘
1109,11:29:28,8.56,-0.01,32,27392,卖盘
1110,11:29:31,8.56,0.0,27,23112,卖盘
1111,11:29:34,8.56,0.0,17,14552,卖盘
1112,11:29:45,8.57,0.01,8,6856,买盘
1113,11:30:04,8.57,0.0,1,857,卖盘
1114,13:00:07,8.59,0.02,297,254777,买盘
1115,13:00:13,8.58,-0.01,3,2574,卖盘
1116,13:00:16,8.57,-0.01,12,10284,卖盘
1117,13:00:19,8.57,0.0,41,35099,买盘
1118,13:00:22,8.57,0.0,3,2571,买盘
1119,13:00:25,8.56,-0.01,42,35952,卖盘
1120,13:00:28,8.56,0.0,59,50504,卖盘
1121,13:00:40,8.57,0.01,8,6856,卖盘
1122,13:00:43,8.56,-0.01,4,3424,卖盘
1123,13:00:49,8.56,0.0,80,68480,卖盘
1124,13:00:55,8.56,0.0,4,3424,卖盘
1125,13:01:10,8.56,0.0,31,26536,卖盘
1126,13:01:13,8.56,0.0,3,2568,卖盘
1127,13:01:36,8.56,0.0,5,4280,卖盘
1128,13:01:46,8.57,0.01,19,16283,卖盘
1129,13:01:49,8.57,0.0,20,17140,卖盘
1130,13:01:52,8.57,0.0,11,9427,卖盘
1131,13:01:54,8.57,0.0,4,3428,卖盘
1132,13:02:00,8.57,0.0,16,13712,卖盘
1133,13:02:07,8.58,0.01,1,858,买盘
1134,13:02:10,8.56,-0.02,1,856,卖盘
1135,13:02:15,8.56,0.0,3,2568,卖盘
1136,13:02:18,8.56,0.0,4,3424,卖盘
1137,13:02:28,8.56,0.0,8,6848,卖盘
1138,13:02:31,8.56,0.0,4,3424,卖盘
1139,13:02:34,8.56,0.0,4,3424,卖盘
1140,13:02:51,8.56,0.0,2,1712,卖盘
1141,13:02:58,8.56,0.0,6,5136,卖盘
1142,13:03:10,8.56,0.0,1,856,卖盘
1143,13:03:13,8.56,0.0,3,2568,卖盘
1144,13:03:52,8.56,0.0,4,3424,卖盘
1145,13:04:00,8.56,0.0,9,7704,卖盘
1146,13:04:04,8.56,0.0,8,6848,卖盘
1147,13:04:07,8.58,0.02,2,1716,买盘
1148,13:04:09,8.56,-0.02,5,4280,卖盘
1149,13:04:12,8.56,0.0,11,9416,卖盘
1150,13:04:19,8.56,0.0,30,25680,卖盘
1151,13:04:21,8.56,0.0,8,6848,卖盘
1152,13:04:25,8.56,0.0,72,61632,卖盘
1153,13:04:31,8.56,0.0,7,5992,买盘
1154,13:04:36,8.56,0.0,18,15408,买盘
1155,13:04:43,8.56,0.0,1,856,卖盘
1156,13:05:10,8.56,0.0,1,856,卖盘
1157,13:05:12,8.56,0.0,3,2568,卖盘
1158,13:06:13,8.56,0.0,4,3424,卖盘
1159,13:06:18,8.56,0.0,17,14552,卖盘
1160,13:06:34,8.55,-0.01,36,30780,卖盘
1161,13:06:54,8.55,0.0,2,1710,卖盘
1162,13:06:58,8.55,0.0,38,32490,卖盘
1163,13:07:01,8.55,0.0,15,12825,卖盘
1164,13:07:06,8.55,0.0,1,855,卖盘
1165,13:07:10,8.56,0.01,4,3424,买盘
1166,13:07:13,8.55,-0.01,44,37620,卖盘
1167,13:07:16,8.55,0.0,2,1710,卖盘
1168,13:07:51,8.56,0.01,1,856,买盘
1169,13:08:13,8.55,-0.01,1,855,卖盘
1170,13:08:16,8.56,0.01,4,3424,买盘
1171,13:08:19,8.55,-0.01,32,27360,卖盘
1172,13:08:27,8.56,0.01,3,2568,买盘
1173,13:08:39,8.55,-0.01,4,3420,卖盘
1174,13:08:52,8.56,0.01,1,856,买盘
1175,13:09:01,8.55,-0.01,25,21375,卖盘
1176,13:09:04,8.56,0.01,47,40232,买盘
1177,13:09:10,8.56,0.0,1,856,卖盘
1178,13:09:12,8.56,0.0,2,1712,卖盘
1179,13:09:19,8.56,0.0,1,856,买盘
1180,13:09:25,8.57,0.01,58,49706,买盘
1181,13:10:04,8.56,-0.01,4,3424,卖盘
1182,13:10:09,8.56,0.0,6,5136,卖盘
1183,13:10:12,8.56,0.0,8,6848,卖盘
1184,13:10:15,8.56,0.0,1,856,卖盘
1185,13:10:19,8.55,-0.01,4,3420,卖盘
1186,13:10:21,8.56,0.01,1,856,卖盘
1187,13:10:25,8.55,-0.01,4,3420,卖盘
1188,13:10:28,8.57,0.02,9,7705,买盘
1189,13:10:30,8.55,-0.02,8,6846,卖盘
1190,13:10:33,8.57,0.02,1,857,买盘
1191,13:11:10,8.56,-0.01,1,856,卖盘
1192,13:11:16,8.56,0.0,3,2568,卖盘
1193,13:11:24,8.57,0.01,4,3426,买盘
1194,13:11:30,8.57,0.0,1,857,卖盘
1195,13:11:36,8.56,-0.01,1,856,卖盘
1196,13:11:55,8.57,0.01,6,5142,买盘
1197,13:12:01,8.57,0.0,2,1714,卖盘
1198,13:12:07,8.57,0.0,62,53134,卖盘
1199,13:12:13,8.57,0.0,4,3428,卖盘
1200,13:12:16,8.57,0.0,2,1714,卖盘
1201,13:12:19,8.57,0.0,74,63419,卖盘
1202,13:13:12,8.57,0.0,3,2571,卖盘
1203,13:13:19,8.57,0.0,17,14576,卖盘
1204,13:13:34,8.57,0.0,3,2571,卖盘
1205,13:13:40,8.57,0.0,2,1714,卖盘
1206,13:13:42,8.57,0.0,72,61704,卖盘
1207,13:13:46,8.57,0.0,14,11998,卖盘
1208,13:13:49,8.57,0.0,4,3428,卖盘
1209,13:13:55,8.57,0.0,587,503059,卖盘
1210,13:13:58,8.56,-0.01,10,8560,卖盘
1211,13:14:01,8.56,0.0,11,9416,卖盘
1212,13:14:13,8.55,-0.01,1,855,卖盘
1213,13:14:16,8.56,0.01,4,3424,买盘
1214,13:14:18,8.56,0.0,30,25680,买盘
1215,13:14:55,8.57,0.01,2,1714,买盘
1216,13:14:58,8.57,0.0,3,2571,卖盘
1217,13:15:01,8.56,-0.01,9,7709,卖盘
1218,13:15:10,8.56,0.0,1,856,买盘
1219,13:15:13,8.55,-0.01,1,855,卖盘
1220,13:15:16,8.56,0.01,1,856,买盘
1221,13:15:19,8.55,-0.01,16,13693,卖盘
1222,13:15:21,8.56,0.01,1,856,中性盘
1223,13:16:12,8.56,0.0,1,856,卖盘
1224,13:16:16,8.56,0.0,3,2568,卖盘
1225,13:16:25,8.56,0.0,5,4280,卖盘
1226,13:16:31,8.56,0.0,5,4280,卖盘
1227,13:16:49,8.56,0.0,10,8560,卖盘
1228,13:17:10,8.56,0.0,1,856,卖盘
1229,13:17:13,8.57,0.01,5,4285,买盘
1230,13:17:16,8.56,-0.01,3,2568,卖盘
1231,13:17:19,8.56,0.0,13,11128,卖盘
1232,13:17:28,8.56,0.0,19,16264,卖盘
1233,13:17:33,8.57,0.01,10,8570,买盘
1234,13:17:49,8.57,0.0,1,857,买盘
1235,13:18:09,8.56,-0.01,1,856,卖盘
1236,13:18:16,8.56,0.0,8,6848,卖盘
1237,13:18:19,8.56,0.0,3,2568,卖盘
1238,13:18:25,8.56,0.0,19,16264,卖盘
1239,13:18:27,8.56,0.0,35,29960,卖盘
1240,13:18:31,8.55,-0.01,74,63272,卖盘
1241,13:18:36,8.55,0.0,8,6842,卖盘
1242,13:18:40,8.55,0.0,4,3420,卖盘
1243,13:18:42,8.56,0.01,36,30816,买盘
1244,13:18:45,8.56,0.0,25,21400,卖盘
1245,13:19:07,8.56,0.0,1,856,卖盘
1246,13:19:10,8.58,0.02,1,858,买盘
1247,13:19:16,8.56,-0.02,3,2568,卖盘
1248,13:19:19,8.56,0.0,1,856,卖盘
1249,13:19:22,8.56,0.0,1,856,卖盘
1250,13:19:36,8.56,0.0,2,1712,卖盘
1251,13:19:49,8.56,0.0,30,25680,卖盘
1252,13:20:12,8.56,0.0,1,856,卖盘
1253,13:20:16,8.56,0.0,3,2568,卖盘
1254,13:20:19,8.56,0.0,4,3424,卖盘
1255,13:20:22,8.56,0.0,4,3424,卖盘
1256,13:20:25,8.56,0.0,4,3424,卖盘
1257,13:20:27,8.56,0.0,4,3424,卖盘
1258,13:20:31,8.57,0.01,17,14565,买盘
1259,13:20:42,8.56,-0.01,23,19688,卖盘
1260,13:20:48,8.55,-0.01,54,46205,卖盘
1261,13:20:51,8.55,0.0,4,3420,卖盘
1262,13:20:54,8.56,0.01,9,7704,买盘
1263,13:21:00,8.55,-0.01,16,13680,卖盘
1264,13:21:04,8.56,0.01,9,7700,买盘
1265,13:21:10,8.55,-0.01,4,3420,卖盘
1266,13:21:13,8.56,0.01,3,2567,买盘
1267,13:21:16,8.55,-0.01,1,855,卖盘
1268,13:21:18,8.55,0.0,6,5130,卖盘
1269,13:21:36,8.55,0.0,1,855,卖盘
1270,13:22:07,8.55,0.0,1,855,卖盘
1271,13:22:09,8.55,0.0,1,855,卖盘
1272,13:22:16,8.55,0.0,3,2565,卖盘
1273,13:22:40,8.56,0.01,10,8560,买盘
1274,13:22:42,8.55,-0.01,95,81229,卖盘
1275,13:22:46,8.56,0.01,19,16264,买盘
1276,13:22:52,8.55,-0.01,4,3420,卖盘
1277,13:22:55,8.55,0.0,20,17100,卖盘
1278,13:22:58,8.55,0.0,12,10260,卖盘
1279,13:23:07,8.55,0.0,14,11974,卖盘
1280,13:23:10,8.55,0.0,33,28215,卖盘
1281,13:23:13,8.55,0.0,12,10260,卖盘
1282,13:23:16,8.55,0.0,3,2565,卖盘
1283,13:23:22,8.55,0.0,1,855,卖盘
1284,13:23:25,8.55,0.0,2,1710,卖盘
1285,13:23:40,8.55,0.0,31,26505,卖盘
1286,13:23:46,8.55,0.0,2,1710,卖盘
1287,13:23:52,8.55,0.0,1,855,卖盘
1288,13:23:55,8.55,0.0,20,17100,卖盘
1289,13:23:58,8.55,0.0,50,42750,买盘
1290,13:24:01,8.55,0.0,10,8550,买盘
1291,13:24:07,8.54,-0.01,352,300725,卖盘
1292,13:24:16,8.54,0.0,3,2562,卖盘
1293,13:24:19,8.54,0.0,2,1708,卖盘
1294,13:24:46,8.55,0.01,9,7695,买盘
1295,13:25:13,8.54,-0.01,1,854,卖盘
1296,13:25:18,8.54,0.0,3,2562,卖盘
1297,13:25:28,8.54,0.0,2,1708,卖盘
1298,13:25:52,8.54,0.0,10,8540,卖盘
1299,13:25:55,8.55,0.01,20,17100,买盘
1300,13:26:09,8.54,-0.01,1,854,卖盘
1301,13:26:13,8.54,0.0,31,26474,卖盘
1302,13:26:18,8.54,0.0,3,2562,卖盘
1303,13:26:27,8.55,0.01,16,13680,买盘
1304,13:26:31,8.54,-0.01,80,68320,卖盘
1305,13:26:43,8.54,0.0,8,6832,卖盘
1306,13:26:46,8.54,0.0,4,3416,卖盘
1307,13:26:48,8.54,0.0,3,2562,买盘
1308,13:26:52,8.54,0.0,2,1708,买盘
1309,13:26:55,8.54,0.0,41,35014,买盘
1310,13:27:04,8.54,0.0,57,48678,买盘
1311,13:27:13,8.55,0.01,55,47024,买盘
1312,13:27:16,8.55,0.0,3,2565,卖盘
1313,13:27:25,8.55,0.0,2,1710,卖盘
1314,13:27:43,8.55,0.0,66,56097,卖盘
1315,13:27:55,8.55,0.0,115,98335,卖盘
1316,13:28:09,8.55,0.0,1,855,卖盘
1317,13:28:12,8.55,0.0,107,91818,卖盘
1318,13:28:22,8.55,0.0,11,9405,买盘
1319,13:28:25,8.54,-0.01,90,76860,卖盘
1320,13:28:31,8.55,0.01,35,29589,买盘
1321,13:28:34,8.55,0.0,20,17452,卖盘
1322,13:28:37,8.55,0.0,1,855,买盘
1323,13:28:40,8.55,0.0,5,4275,买盘
1324,13:29:01,8.55,0.0,53,44982,买盘
1325,13:29:10,8.55,0.0,1,855,卖盘
1326,13:29:16,8.55,0.0,14,11970,卖盘
1327,13:29:22,8.56,0.01,5,4280,买盘
1328,13:29:28,8.56,0.0,7,5992,买盘
1329,13:29:40,8.56,0.0,1,856,买盘
1330,13:30:10,8.56,0.0,7,5992,买盘
1331,13:30:13,8.55,-0.01,1,855,卖盘
1332,13:30:16,8.55,0.0,5,4275,卖盘
1333,13:30:19,8.55,0.0,5,4275,卖盘
1334,13:30:22,8.55,0.0,5,4275,卖盘
1335,13:30:25,8.55,0.0,14,11970,卖盘
1336,13:30:28,8.55,0.0,5,4275,卖盘
1337,13:30:31,8.55,0.0,5,4275,卖盘
1338,13:30:34,8.55,0.0,2,1710,卖盘
1339,13:30:37,8.55,0.0,100,85500,卖盘
1340,13:30:39,8.55,0.0,1,855,卖盘
1341,13:30:43,8.55,0.0,5,4608,卖盘
1342,13:31:07,8.55,0.0,46,39329,买盘
1343,13:31:10,8.54,-0.01,1,854,卖盘
1344,13:31:40,8.54,0.0,7,5978,卖盘
1345,13:31:43,8.54,0.0,14,11956,卖盘
1346,13:31:54,8.55,0.01,5,4275,买盘
1347,13:31:58,8.55,0.0,7,5985,买盘
1348,13:32:07,8.54,-0.01,10,8540,卖盘
1349,13:32:13,8.54,0.0,1,854,卖盘
1350,13:32:31,8.54,0.0,16,13664,卖盘
1351,13:32:55,8.54,0.0,27,23058,卖盘
1352,13:33:10,8.54,0.0,8,6838,卖盘
1353,13:33:18,8.54,0.0,38,32472,卖盘
1354,13:33:31,8.55,0.01,50,42750,买盘
1355,13:33:43,8.54,-0.01,23,19656,卖盘
1356,13:34:10,8.54,0.0,11,9394,卖盘
1357,13:34:19,8.55,0.01,30,25650,买盘
1358,13:34:25,8.54,-0.01,3,2562,卖盘
1359,13:34:28,8.54,0.0,4,3416,卖盘
1360,13:34:31,8.54,0.0,13,11102,卖盘
1361,13:34:33,8.54,0.0,9,7686,卖盘
1362,13:34:37,8.55,0.01,4,3420,买盘
1363,13:34:40,8.54,-0.01,27,23058,卖盘
1364,13:34:43,8.54,0.0,6,5124,卖盘
1365,13:34:48,8.54,0.0,68,58072,卖盘
1366,13:34:51,8.54,0.0,13,11102,买盘
1367,13:34:55,8.54,0.0,8,6832,卖盘
1368,13:34:57,8.54,0.0,10,8540,卖盘
1369,13:35:10,8.54,0.0,61,52144,卖盘
1370,13:35:21,8.54,0.0,14,11956,卖盘
1371,13:35:34,8.54,0.0,3,2562,卖盘
1372,13:35:40,8.54,0.0,6,5124,卖盘
1373,13:35:43,8.54,0.0,5,4270,卖盘
1374,13:35:45,8.54,0.0,17,14518,卖盘
1375,13:35:48,8.54,0.0,1,854,卖盘
1376,13:35:52,8.54,0.0,11,9394,卖盘
1377,13:35:58,8.54,0.0,2,1708,卖盘
1378,13:36:01,8.55,0.01,20,17100,买盘
1379,13:36:10,8.54,-0.01,17,14518,卖盘
1380,13:36:12,8.54,0.0,5,4270,卖盘
1381,13:36:19,8.54,0.0,2,1708,卖盘
1382,13:36:34,8.54,0.0,10,8540,卖盘
1383,13:36:58,8.54,0.0,7,5978,卖盘
1384,13:37:01,8.54,0.0,10,8540,卖盘
1385,13:37:10,8.54,0.0,1,854,卖盘
1386,13:37:25,8.54,0.0,17,14518,卖盘
1387,13:37:27,8.55,0.01,20,17100,买盘
1388,13:37:37,8.54,-0.01,5,4270,卖盘
1389,13:37:48,8.54,0.0,10,8540,卖盘
1390,13:37:55,8.54,0.0,2,1708,卖盘
1391,13:37:57,8.54,0.0,43,36752,卖盘
1392,13:38:04,8.54,0.0,1,854,卖盘
1393,13:38:10,8.55,0.01,6,5129,中性盘
1394,13:38:16,8.55,0.0,3,2565,卖盘
1395,13:38:19,8.55,0.0,15,12825,买盘
1396,13:38:28,8.54,-0.01,55,46970,卖盘
1397,13:38:30,8.55,0.01,3,2565,买盘
1398,13:38:33,8.54,-0.01,2,1708,卖盘
1399,13:38:36,8.54,0.0,25,21350,卖盘
1400,13:38:40,8.54,0.0,5,4270,卖盘
1401,13:38:43,8.54,0.0,1,854,卖盘
1402,13:38:57,8.55,0.01,3,2565,买盘
1403,13:39:00,8.54,-0.01,6,5124,卖盘
1404,13:39:25,8.54,0.0,8,6833,卖盘
1405,13:39:28,8.54,0.0,45,38430,卖盘
1406,13:39:37,8.54,0.0,12,10248,买盘
1407,13:39:49,8.54,0.0,35,29890,买盘
1408,13:39:52,8.53,-0.01,15,12800,卖盘
1409,13:39:55,8.54,0.01,11,9392,买盘
1410,13:39:58,8.54,0.0,2,1708,卖盘
1411,13:40:04,8.54,0.0,7,5978,卖盘
1412,13:40:06,8.54,0.0,7,5978,卖盘
1413,13:40:10,8.54,0.0,8,6832,卖盘
1414,13:40:13,8.54,0.0,7,5978,卖盘
1415,13:40:16,8.54,0.0,3,2562,卖盘
1416,13:40:19,8.53,-0.01,8,6824,卖盘
1417,13:40:22,8.53,0.0,7,5971,卖盘
1418,13:40:25,8.53,0.0,7,5974,卖盘
1419,13:40:27,8.53,0.0,10,8530,卖盘
1420,13:40:30,8.53,0.0,26,22180,卖盘
1421,13:40:40,8.54,0.01,1,854,卖盘
1422,13:40:55,8.54,0.0,44,37576,买盘
1423,13:41:00,8.54,0.0,20,16909,买盘
1424,13:41:04,8.54,0.0,5,4441,卖盘
1425,13:41:07,8.54,0.0,2,1537,卖盘
1426,13:41:13,8.54,0.0,1,854,卖盘
1427,13:41:51,8.54,0.0,20,17080,卖盘
1428,13:41:55,8.54,0.0,10,8540,卖盘
1429,13:42:00,8.55,0.01,5,4275,买盘
1430,13:42:13,8.54,-0.01,1,854,卖盘
1431,13:42:19,8.54,0.0,19,16226,卖盘
1432,13:42:31,8.55,0.01,50,42750,买盘
1433,13:42:37,8.55,0.0,6,5301,买盘
1434,13:42:43,8.55,0.0,1,855,卖盘
1435,13:42:46,8.55,0.0,1,855,卖盘
1436,13:43:06,8.55,0.0,10,8550,卖盘
1437,13:43:10,8.55,0.0,1,855,卖盘
1438,13:43:31,8.55,0.0,110,94150,卖盘
1439,13:43:46,8.56,0.01,5,4280,买盘
1440,13:43:54,8.55,-0.01,10,8550,卖盘
1441,13:44:07,8.56,0.01,44,37664,买盘
1442,13:44:10,8.55,-0.01,1,855,卖盘
1443,13:44:13,8.57,0.02,57,48846,买盘
1444,13:44:15,8.56,-0.01,1,856,中性盘
1445,13:44:19,8.55,-0.01,11,9406,卖盘
1446,13:44:22,8.55,0.0,6,5135,卖盘
1447,13:44:25,8.55,0.0,2,1710,卖盘
1448,13:44:39,8.56,0.01,10,8560,卖盘
1449,13:44:45,8.56,0.0,2,1712,卖盘
1450,13:45:07,8.57,0.01,43,36851,买盘
1451,13:45:10,8.57,0.0,1,857,卖盘
1452,13:45:12,8.57,0.0,12,10284,卖盘
1453,13:46:04,8.56,-0.01,3,2568,卖盘
1454,13:46:10,8.56,0.0,1,856,卖盘
1455,13:46:22,8.57,0.01,1,857,买盘
1456,13:46:58,8.57,0.0,30,25710,买盘
1457,13:47:07,8.56,-0.01,1,856,卖盘
1458,13:47:13,8.56,0.0,1,856,卖盘
1459,13:47:34,8.56,0.0,5,4280,卖盘
1460,13:47:40,8.57,0.01,14,11998,买盘
1461,13:48:00,8.57,0.0,10,8570,买盘
1462,13:48:10,8.57,0.0,1,857,买盘
1463,13:48:13,8.56,-0.01,1,856,卖盘
1464,13:48:19,8.56,0.0,2,1712,卖盘
1465,13:48:37,8.56,0.0,347,297032,卖盘
1466,13:48:43,8.55,-0.01,14,11970,卖盘
1467,13:48:49,8.55,0.0,7,5985,卖盘
1468,13:48:55,8.55,0.0,240,205200,卖盘
1469,13:48:57,8.56,0.01,2,1712,买盘
1470,13:49:00,8.56,0.0,21,17965,买盘
1471,13:49:04,8.56,0.0,7,5992,买盘
1472,13:49:07,8.56,0.0,5,4280,买盘
1473,13:49:13,8.55,-0.01,1,855,卖盘
1474,13:49:24,8.55,0.0,1,855,卖盘
1475,13:49:31,8.56,0.01,40,34240,买盘
1476,13:49:46,8.56,0.0,30,25680,买盘
1477,13:49:57,8.55,-0.01,1,855,卖盘
1478,13:50:04,8.55,0.0,12,10260,卖盘
1479,13:50:07,8.55,0.0,11,9405,卖盘
1480,13:50:10,8.55,0.0,14,11970,卖盘
1481,13:50:13,8.55,0.0,12,10260,卖盘
1482,13:50:15,8.55,0.0,12,10260,卖盘
1483,13:50:18,8.55,0.0,12,10260,卖盘
1484,13:50:21,8.56,0.01,14,11972,买盘
1485,13:50:37,8.55,-0.01,1,855,卖盘
1486,13:50:40,8.56,0.01,20,17120,买盘
1487,13:50:55,8.55,-0.01,20,17100,卖盘
1488,13:51:09,8.56,0.01,53,45367,买盘
1489,13:51:12,8.56,0.0,30,25680,卖盘
1490,13:51:16,8.56,0.0,42,35952,卖盘
1491,13:51:21,8.56,0.0,2,1712,卖盘
1492,13:51:27,8.57,0.01,10,8570,买盘
1493,13:51:48,8.57,0.0,23,19711,买盘
1494,13:51:54,8.56,-0.01,5,4280,卖盘
1495,13:52:04,8.57,0.01,35,29995,买盘
1496,13:52:25,8.57,0.0,30,25684,买盘
1497,13:52:28,8.57,0.0,19,16283,买盘
1498,13:52:37,8.56,-0.01,13,11128,卖盘
1499,13:52:55,8.56,0.0,4,3424,卖盘
1500,13:53:01,8.56,0.0,68,58208,卖盘
1501,13:53:04,8.56,0.0,20,17120,买盘
1502,13:53:10,8.56,0.0,41,35096,买盘
1503,13:53:24,8.56,0.0,2,1712,卖盘
1504,13:53:43,8.56,0.0,25,21400,卖盘
1505,13:54:28,8.56,0.0,21,17996,卖盘
1506,13:54:30,8.57,0.01,4,3428,买盘
1507,13:54:49,8.56,-0.01,100,85600,卖盘
1508,13:55:07,8.56,0.0,5,4280,卖盘
1509,13:55:15,8.57,0.01,198,169686,买盘
1510,13:55:25,8.57,0.0,1,857,卖盘
1511,13:55:46,8.57,0.0,233,199912,卖盘
1512,13:55:51,8.58,0.01,14,12012,买盘
1513,13:55:58,8.58,0.0,20,17160,买盘
1514,13:56:06,8.58,0.0,3,2574,买盘
1515,13:56:13,8.57,-0.01,100,85700,卖盘
1516,13:56:16,8.58,0.01,1,858,买盘
1517,13:56:19,8.58,0.0,53,45474,买盘
1518,13:56:37,8.58,0.0,6,5148,买盘
1519,13:56:39,8.58,0.0,1,858,买盘
1520,13:57:16,8.57,-0.01,1,857,卖盘
1521,13:57:28,8.58,0.01,29,24882,买盘
1522,13:58:01,8.58,0.0,87,74646,买盘
1523,13:58:04,8.58,0.0,16,13728,卖盘
1524,13:58:07,8.58,0.0,1,858,中性盘
1525,13:58:16,8.58,0.0,3,2574,卖盘
1526,13:59:13,8.59,0.01,3,2577,买盘
1527,13:59:33,8.6,0.01,500,429551,买盘
1528,13:59:40,8.59,-0.01,1,859,买盘
1529,13:59:43,8.59,0.0,5,4295,买盘
1530,14:00:04,8.59,0.0,12,10308,卖盘
1531,14:00:09,8.58,-0.01,16,13728,卖盘
1532,14:00:13,8.58,0.0,16,13728,卖盘
1533,14:00:16,8.58,0.0,15,12870,卖盘
1534,14:00:21,8.58,0.0,23,19734,买盘
1535,14:00:25,8.58,0.0,2,1716,卖盘
1536,14:00:30,8.58,0.0,1,858,卖盘
1537,14:00:49,8.58,0.0,10,8580,卖盘
1538,14:01:01,8.58,0.0,1,858,卖盘
1539,14:01:04,8.58,0.0,17,14586,卖盘
1540,14:01:07,8.58,0.0,1,858,买盘
1541,14:01:10,8.58,0.0,50,42900,买盘
1542,14:01:16,8.57,-0.01,1,857,卖盘
1543,14:01:22,8.58,0.01,14,12012,买盘
1544,14:02:10,8.58,0.0,62,53189,买盘
1545,14:02:13,8.58,0.0,26,22308,卖盘
1546,14:02:28,8.58,0.0,2,1716,买盘
1547,14:02:37,8.57,-0.01,2,1714,卖盘
1548,14:02:43,8.57,0.0,100,85700,卖盘
1549,14:02:49,8.57,0.0,38,32566,卖盘
1550,14:02:54,8.57,0.0,15,12855,买盘
1551,14:03:06,8.56,-0.01,16,13696,卖盘
1552,14:03:10,8.56,0.0,5,4280,卖盘
1553,14:03:31,8.56,0.0,11,9416,卖盘
1554,14:03:34,8.57,0.01,41,35137,买盘
1555,14:03:43,8.57,0.0,165,141405,卖盘
1556,14:03:58,8.57,0.0,140,119980,卖盘
1557,14:04:04,8.57,0.0,32,27424,卖盘
1558,14:04:18,8.56,-0.01,26,22256,卖盘
1559,14:04:46,8.57,0.01,5,4285,买盘
1560,14:04:49,8.56,-0.01,13,11128,卖盘
1561,14:05:07,8.56,0.0,1,856,卖盘
1562,14:05:16,8.56,0.0,142,121552,卖盘
1563,14:05:58,8.56,0.0,19,16264,买盘
1564,14:06:10,8.56,0.0,41,35081,买盘
1565,14:06:13,8.56,0.0,28,23968,买盘
1566,14:06:16,8.56,0.0,5,4280,卖盘
1567,14:06:22,8.56,0.0,47,40251,卖盘
1568,14:06:28,8.56,0.0,10,8560,卖盘
1569,14:06:52,8.56,0.0,28,23968,卖盘
1570,14:07:07,8.57,0.01,19,16283,买盘
1571,14:07:37,8.57,0.0,6,5142,买盘
1572,14:07:43,8.57,0.0,5,4285,买盘
1573,14:07:46,8.56,-0.01,75,64200,卖盘
1574,14:07:52,8.57,0.01,10,8570,买盘
1575,14:07:55,8.57,0.0,71,60847,买盘
1576,14:08:01,8.57,0.0,298,255386,买盘
1577,14:08:04,8.57,0.0,1,857,卖盘
1578,14:08:10,8.56,-0.01,157,134431,卖盘
1579,14:08:12,8.56,0.0,23,19688,买盘
1580,14:08:16,8.56,0.0,3,2568,买盘
1581,14:08:19,8.56,0.0,26,22256,买盘
1582,14:08:22,8.56,0.0,17,14552,买盘
1583,14:08:39,8.58,0.02,30,25715,买盘
1584,14:08:49,8.58,0.0,4,3432,买盘
1585,14:09:10,8.57,-0.01,32,27428,卖盘
1586,14:09:25,8.58,0.01,1,858,买盘
1587,14:09:37,8.58,0.0,4,3432,买盘
1588,14:09:40,8.57,-0.01,28,23996,卖盘
1589,14:09:58,8.57,0.0,19,16283,卖盘
1590,14:10:04,8.58,0.01,441,378370,买盘
1591,14:10:10,8.58,0.0,25,21450,卖盘
1592,14:10:13,8.57,-0.01,33,28288,卖盘
1593,14:10:19,8.58,0.01,6,5148,买盘
1594,14:10:30,8.58,0.0,80,68640,买盘
1595,14:10:34,8.58,0.0,5,4290,买盘
1596,14:10:55,8.58,0.0,52,44566,买盘
1597,14:11:21,8.58,0.0,18,15444,买盘
1598,14:11:40,8.58,0.0,30,25740,买盘
1599,14:11:46,8.57,-0.01,50,42850,卖盘
1600,14:12:01,8.57,0.0,1,857,卖盘
1601,14:12:10,8.58,0.01,10,8580,买盘
1602,14:12:16,8.58,0.0,4,3432,买盘
1603,14:12:25,8.58,0.0,10,8580,买盘
1604,14:12:31,8.58,0.0,1,858,买盘
1605,14:12:34,8.58,0.0,18,15444,买盘
1606,14:12:37,8.58,0.0,8,6864,买盘
1607,14:12:46,8.57,-0.01,1,857,卖盘
1608,14:12:51,8.57,0.0,6,5142,卖盘
1609,14:13:13,8.58,0.01,3,2574,买盘
1610,14:13:19,8.57,-0.01,1,857,卖盘
1611,14:13:37,8.58,0.01,24,20592,买盘
1612,14:13:45,8.57,-0.01,4,3428,卖盘
1613,14:14:04,8.58,0.01,11,9438,买盘
1614,14:14:10,8.58,0.0,1,858,买盘
1615,14:14:16,8.57,-0.01,17,14569,卖盘
1616,14:14:19,8.58,0.01,4,3432,买盘
1617,14:14:33,8.58,0.0,7,6006,买盘
1618,14:14:36,8.58,0.0,30,25740,买盘
1619,14:14:40,8.58,0.0,20,17179,卖盘
1620,14:14:49,8.58,0.0,2,1716,卖盘
1621,14:14:58,8.59,0.01,20,17179,买盘
1622,14:15:09,8.59,0.0,2,1718,买盘
1623,14:15:18,8.59,0.0,16,13744,买盘
1624,14:15:25,8.59,0.0,6,5154,买盘
1625,14:15:27,8.59,0.0,2,1718,买盘
1626,14:15:31,8.59,0.0,8,6872,买盘
1627,14:15:37,8.59,0.0,31,26629,买盘
1628,14:15:43,8.59,0.0,15,12885,卖盘
1629,14:15:46,8.59,0.0,2,1718,卖盘
1630,14:15:49,8.59,0.0,7,6013,卖盘
1631,14:15:51,8.59,0.0,94,80746,卖盘
1632,14:15:58,8.59,0.0,16,13742,买盘
1633,14:16:00,8.58,-0.01,213,182983,卖盘
1634,14:16:04,8.58,0.0,30,25740,卖盘
1635,14:16:09,8.58,0.0,14,12012,卖盘
1636,14:16:13,8.58,0.0,1,858,中性盘
1637,14:16:18,8.58,0.0,1,858,卖盘
1638,14:16:22,8.57,-0.01,76,65135,卖盘
1639,14:16:24,8.57,0.0,3,2571,卖盘
1640,14:16:37,8.57,0.0,6,5142,卖盘
1641,14:16:40,8.57,0.0,10,8570,卖盘
1642,14:16:46,8.57,0.0,105,89985,卖盘
1643,14:16:49,8.57,0.0,5,4285,卖盘
1644,14:16:52,8.57,0.0,32,27424,卖盘
1645,14:17:01,8.57,0.0,1,857,买盘
1646,14:17:04,8.57,0.0,4,3428,买盘
1647,14:17:07,8.57,0.0,2,1714,买盘
1648,14:17:09,8.56,-0.01,302,258628,卖盘
1649,14:17:12,8.57,0.01,2,1714,买盘
1650,14:17:19,8.57,0.0,19,16283,买盘
1651,14:17:28,8.55,-0.02,15,12837,卖盘
1652,14:17:31,8.57,0.02,1,857,买盘
1653,14:17:34,8.57,0.0,5,4285,买盘
1654,14:17:37,8.57,0.0,1,857,买盘
1655,14:17:40,8.57,0.0,1,857,买盘
1656,14:17:43,8.55,-0.02,1,855,卖盘
1657,14:17:46,8.57,0.02,1,857,买盘
1658,14:17:49,8.57,0.0,1,857,买盘
1659,14:17:55,8.56,-0.01,1,856,卖盘
1660,14:18:01,8.56,0.0,3,2568,买盘
1661,14:18:04,8.57,0.01,1,857,买盘
1662,14:18:07,8.57,0.0,8,6856,买盘
1663,14:18:10,8.56,-0.01,45,38568,卖盘
1664,14:18:16,8.58,0.02,46,39468,买盘
1665,14:18:19,8.59,0.01,27,23193,买盘
1666,14:18:22,8.57,-0.02,55,47156,卖盘
1667,14:18:28,8.59,0.02,5,4295,买盘
1668,14:18:33,8.59,0.0,4,3436,买盘
1669,14:18:40,8.56,-0.03,43,36848,卖盘
1670,14:18:43,8.56,0.0,9,7728,卖盘
1671,14:18:45,8.59,0.03,8,6872,买盘
1672,14:18:52,8.59,0.0,19,16321,买盘
1673,14:18:55,8.59,0.0,12,10308,买盘
1674,14:18:58,8.59,0.0,197,169223,买盘
1675,14:19:01,8.59,0.0,21,18039,买盘
1676,14:19:04,8.59,0.0,130,111670,买盘
1677,14:19:09,8.6,0.01,8,6880,买盘
1678,14:19:16,8.6,0.0,17,14620,买盘
1679,14:19:19,8.6,0.0,359,308740,买盘
1680,14:19:22,8.61,0.01,31,26691,买盘
1681,14:19:25,8.61,0.0,64,55028,买盘
1682,14:19:28,8.61,0.0,4,3444,买盘
1683,14:19:34,8.59,-0.02,18,15484,卖盘
1684,14:19:40,8.61,0.02,23,19803,买盘
1685,14:19:49,8.61,0.0,267,229887,买盘
1686,14:19:54,8.61,0.0,57,49094,卖盘
1687,14:19:58,8.61,0.0,10,8610,卖盘
1688,14:20:07,8.61,0.0,28,24094,买盘
1689,14:20:13,8.6,-0.01,42,36080,买盘
1690,14:20:16,8.6,0.0,3,2580,卖盘
1691,14:20:19,8.6,0.0,8,6880,卖盘
1692,14:20:25,8.6,0.0,16,13760,买盘
1693,14:20:30,8.6,0.0,5,4300,买盘
1694,14:20:34,8.6,0.0,29,24921,买盘
1695,14:20:37,8.61,0.01,71,61034,买盘
1696,14:20:40,8.6,-0.01,21,18060,卖盘
1697,14:20:43,8.6,0.0,4,3440,卖盘
1698,14:20:46,8.6,0.0,203,174580,卖盘
1699,14:20:49,8.6,0.0,172,147920,卖盘
1700,14:20:55,8.58,-0.02,167,143534,卖盘
1701,14:21:04,8.6,0.02,81,69660,卖盘
1702,14:21:07,8.6,0.0,20,17200,卖盘
1703,14:21:10,8.59,-0.01,2,1718,卖盘
1704,14:21:13,8.6,0.01,20,17200,买盘
1705,14:21:31,8.58,-0.02,43,36894,卖盘
1706,14:21:37,8.61,0.03,113,97185,买盘
1707,14:22:10,8.61,0.0,18,15498,买盘
1708,14:22:21,8.61,0.0,5,4305,买盘
1709,14:22:31,8.6,-0.01,5,4300,买盘
1710,14:22:37,8.6,0.0,8,6880,买盘
1711,14:22:46,8.6,0.0,30,25800,买盘
1712,14:22:51,8.6,0.0,4,3440,买盘
1713,14:23:07,8.58,-0.02,48,41204,卖盘
1714,14:23:13,8.59,0.01,1,859,中性盘
1715,14:23:37,8.59,0.0,29,24915,卖盘
1716,14:23:40,8.6,0.01,10,8600,买盘
1717,14:23:57,8.6,0.0,18,15480,买盘
1718,14:24:10,8.6,0.0,43,36959,买盘
1719,14:24:22,8.6,0.0,18,15480,买盘
1720,14:24:34,8.6,0.0,17,14620,买盘
1721,14:24:40,8.59,-0.01,43,36937,卖盘
1722,14:24:43,8.6,0.01,18,15480,买盘
1723,14:24:57,8.6,0.0,19,16340,买盘
1724,14:25:04,8.59,-0.01,7,6013,卖盘
1725,14:25:07,8.59,0.0,1,859,买盘
1726,14:25:10,8.58,-0.01,43,36904,卖盘
1727,14:25:24,8.59,0.01,1,859,卖盘
1728,14:26:10,8.59,0.0,60,51540,买盘
1729,14:26:13,8.59,0.0,2,1718,卖盘
1730,14:26:16,8.6,0.01,17,14620,买盘
1731,14:26:28,8.59,-0.01,1,859,卖盘
1732,14:26:40,8.6,0.01,151,129860,买盘
1733,14:26:51,8.6,0.0,20,17200,卖盘
1734,14:27:07,8.61,0.01,36,30996,买盘
1735,14:27:12,8.61,0.0,17,14637,买盘
1736,14:27:16,8.61,0.0,38,32718,买盘
1737,14:27:19,8.61,0.0,19,16359,买盘
1738,14:27:22,8.61,0.0,45,38745,买盘
1739,14:27:25,8.61,0.0,14,12054,买盘
1740,14:27:28,8.61,0.0,177,152392,买盘
1741,14:27:31,8.62,0.01,228,196316,买盘
1742,14:27:34,8.62,0.0,13,11206,买盘
1743,14:27:37,8.62,0.0,18,15516,买盘
1744,14:27:40,8.62,0.0,4,3448,买盘
1745,14:27:43,8.62,0.0,50,43100,买盘
1746,14:27:46,8.62,0.0,31,26722,买盘
1747,14:27:49,8.62,0.0,85,73220,买盘
1748,14:27:55,8.62,0.0,8,6896,买盘
1749,14:27:57,8.62,0.0,178,153436,买盘
1750,14:28:01,8.63,0.01,4,3452,买盘
1751,14:28:04,8.63,0.0,18,15534,买盘
1752,14:28:07,8.63,0.0,29,25017,买盘
1753,14:28:10,8.62,-0.01,104,89648,卖盘
1754,14:28:13,8.62,0.0,19,16378,卖盘
1755,14:28:19,8.62,0.0,19,16378,卖盘
1756,14:28:25,8.63,0.01,4,3452,买盘
1757,14:28:28,8.63,0.0,60,51730,买盘
1758,14:28:31,8.63,0.0,3,2589,买盘
1759,14:28:49,8.63,0.0,114,98382,买盘
1760,14:28:54,8.63,0.0,4,3452,买盘
1761,14:29:00,8.63,0.0,8,6904,买盘
1762,14:29:07,8.63,0.0,8,6904,买盘
1763,14:29:25,8.63,0.0,30,25890,买盘
1764,14:29:28,8.62,-0.01,102,87990,卖盘
1765,14:29:34,8.63,0.01,19,16397,买盘
1766,14:29:37,8.62,-0.01,15,12930,卖盘
1767,14:29:43,8.63,0.01,89,76737,买盘
1768,14:29:46,8.63,0.0,4,3452,买盘
1769,14:29:48,8.62,-0.01,1,862,卖盘
1770,14:29:52,8.63,0.01,8,6904,买盘
1771,14:29:55,8.63,0.0,45,38835,买盘
1772,14:29:58,8.63,0.0,20,17255,买盘
1773,14:30:01,8.63,0.0,17,14671,买盘
1774,14:30:04,8.63,0.0,23,19849,买盘
1775,14:30:07,8.63,0.0,17,14671,买盘
1776,14:30:09,8.63,0.0,104,89752,买盘
1777,14:30:12,8.63,0.0,12,10356,买盘
1778,14:30:16,8.63,0.0,28,24164,买盘
1779,14:30:25,8.63,0.0,244,210572,买盘
1780,14:30:37,8.64,0.01,18,15552,买盘
1781,14:30:40,8.64,0.0,8,6912,买盘
1782,14:30:46,8.64,0.0,18,15552,买盘
1783,14:30:49,8.64,0.0,17,14688,买盘
1784,14:30:52,8.65,0.01,517,447104,买盘
1785,14:30:55,8.68,0.03,404,350302,买盘
1786,14:30:58,8.65,-0.03,15,12975,卖盘
1787,14:31:04,8.68,0.03,10,8680,买盘
1788,14:31:07,8.68,0.0,4,3470,买盘
1789,14:31:16,8.66,-0.02,20,17320,卖盘
1790,14:31:19,8.7,0.04,2567,2231390,买盘
1791,14:31:22,8.66,-0.04,1,866,卖盘
1792,14:31:30,8.66,0.0,1,866,卖盘
1793,14:31:34,8.67,0.01,20,17340,买盘
1794,14:31:37,8.69,0.02,75,65059,买盘
1795,14:31:46,8.67,-0.02,13,11271,卖盘
1796,14:31:49,8.68,0.01,15,13020,买盘
1797,14:31:55,8.67,-0.01,28,24111,卖盘
1798,14:31:58,8.72,0.05,1109,966056,买盘
1799,14:32:00,8.68,-0.04,5,4340,中性盘
1800,14:32:04,8.68,0.0,130,112840,卖盘
1801,14:32:07,8.7,0.02,17,14790,买盘
1802,14:32:15,8.7,0.0,210,182789,买盘
1803,14:32:19,8.7,0.0,28,24360,买盘
1804,14:32:28,8.68,-0.02,142,123256,卖盘
1805,14:32:31,8.69,0.01,4,3476,买盘
1806,14:32:34,8.67,-0.02,6,5202,卖盘
1807,14:32:37,8.7,0.03,46,39977,买盘
1808,14:32:40,8.7,0.0,4,3480,买盘
1809,14:32:42,8.69,-0.01,4,3476,卖盘
1810,14:32:46,8.69,0.0,224,194656,卖盘
1811,14:32:49,8.7,0.01,41,35651,买盘
1812,14:32:52,8.7,0.0,41,35633,买盘
1813,14:32:55,8.7,0.0,10,8700,买盘
1814,14:33:01,8.7,0.0,235,204462,买盘
1815,14:33:04,8.71,0.01,77,66998,买盘
1816,14:33:07,8.7,-0.01,4,3480,卖盘
1817,14:33:09,8.71,0.01,17,14807,买盘
1818,14:33:13,8.7,-0.01,20,17400,卖盘
1819,14:33:16,8.71,0.01,63,54873,买盘
1820,14:33:19,8.72,0.01,287,250127,买盘
1821,14:33:28,8.7,-0.02,245,213191,卖盘
1822,14:33:31,8.7,0.0,20,17400,卖盘
1823,14:33:33,8.7,0.0,58,50460,买盘
1824,14:33:37,8.7,0.0,57,49590,买盘
1825,14:33:40,8.7,0.0,70,60900,买盘
1826,14:33:43,8.7,0.0,3,2610,买盘
1827,14:33:46,8.71,0.01,181,157471,买盘
1828,14:33:49,8.7,-0.01,85,74030,卖盘
1829,14:33:52,8.7,0.0,1,870,卖盘
1830,14:33:58,8.71,0.01,37,32227,买盘
1831,14:34:01,8.71,0.0,123,107126,买盘
1832,14:34:06,8.7,-0.01,58,50479,卖盘
1833,14:34:10,8.7,0.0,60,52200,卖盘
1834,14:34:13,8.7,0.0,17,14798,卖盘
1835,14:34:16,8.71,0.01,131,114001,买盘
1836,14:34:19,8.71,0.0,59,51380,买盘
1837,14:34:22,8.7,-0.01,5,4350,卖盘
1838,14:34:24,8.71,0.01,27,23517,买盘
1839,14:34:27,8.71,0.0,26,22626,买盘
1840,14:34:30,8.71,0.0,245,213171,买盘
1841,14:34:33,8.71,0.0,102,88871,买盘
1842,14:34:37,8.69,-0.02,27,23473,卖盘
1843,14:34:40,8.71,0.02,224,195137,卖盘
1844,14:34:43,8.72,0.01,36,31421,买盘
1845,14:34:45,8.73,0.01,6,5234,买盘
1846,14:34:52,8.72,-0.01,20,17440,买盘
1847,14:34:55,8.72,0.0,103,89716,买盘
1848,14:34:58,8.72,0.0,28,24416,买盘
1849,14:35:01,8.73,0.01,1,873,买盘
1850,14:35:04,8.72,-0.01,3,2616,中性盘
1851,14:35:09,8.73,0.01,9,7849,买盘
1852,14:35:12,8.73,0.0,55,48015,买盘
1853,14:35:16,8.72,-0.01,8,6976,中性盘
1854,14:35:18,8.73,0.01,6,5238,买盘
1855,14:35:22,8.73,0.0,20,17449,买盘
1856,14:35:24,8.72,-0.01,63,54976,卖盘
1857,14:35:28,8.72,0.0,134,116849,卖盘
1858,14:35:31,8.72,0.0,48,41856,卖盘
1859,14:35:34,8.72,0.0,4,3489,卖盘
1860,14:35:37,8.72,0.0,447,389784,卖盘
1861,14:35:40,8.71,-0.01,56,48776,卖盘
1862,14:35:43,8.72,0.01,13,11336,买盘
1863,14:35:46,8.72,0.0,18,15764,买盘
1864,14:35:49,8.71,-0.01,73,63583,卖盘
1865,14:35:52,8.71,0.0,140,121940,卖盘
1866,14:35:55,8.72,0.01,164,142831,买盘
1867,14:35:58,8.72,0.0,138,120282,买盘
1868,14:36:04,8.7,-0.02,89,77430,卖盘
1869,14:36:07,8.71,0.01,171,148930,买盘
1870,14:36:10,8.71,0.0,245,213395,卖盘
1871,14:36:13,8.71,0.0,113,98423,卖盘
1872,14:36:16,8.72,0.01,4,3488,买盘
1873,14:36:19,8.71,-0.01,109,94939,卖盘
1874,14:36:21,8.71,0.0,101,87971,卖盘
1875,14:36:24,8.71,0.0,54,47034,卖盘
1876,14:36:28,8.71,0.0,1,871,买盘
1877,14:36:31,8.7,-0.01,19,16530,卖盘
1878,14:36:33,8.71,0.01,64,55693,买盘
1879,14:36:43,8.71,0.0,24,20904,卖盘
1880,14:36:46,8.71,0.0,38,33098,卖盘
1881,14:36:49,8.71,0.0,10,8710,卖盘
1882,14:37:01,8.71,0.0,10,8710,卖盘
1883,14:37:04,8.71,0.0,10,8710,卖盘
1884,14:37:07,8.72,0.01,145,126440,买盘
1885,14:37:10,8.71,-0.01,10,8710,卖盘
1886,14:37:13,8.71,0.0,10,8710,卖盘
1887,14:37:19,8.72,0.01,8,6976,买盘
1888,14:37:22,8.72,0.0,1,872,买盘
1889,14:37:27,8.72,0.0,34,29628,买盘
1890,14:37:31,8.71,-0.01,10,8710,卖盘
1891,14:37:34,8.71,0.0,12,10452,卖盘
1892,14:37:37,8.71,0.0,57,49647,卖盘
1893,14:37:46,8.71,0.0,4,3484,卖盘
1894,14:37:49,8.71,0.0,10,8710,卖盘
1895,14:37:52,8.72,0.01,289,251988,买盘
1896,14:37:55,8.71,-0.01,3,2613,卖盘
1897,14:38:04,8.72,0.01,1,872,买盘
1898,14:38:16,8.72,0.0,1,872,买盘
1899,14:38:22,8.72,0.0,8,6976,买盘
1900,14:38:25,8.72,0.0,2,1744,买盘
1901,14:38:28,8.71,-0.01,7,6097,卖盘
1902,14:38:31,8.72,0.01,1,872,买盘
1903,14:38:34,8.72,0.0,34,29648,买盘
1904,14:38:37,8.72,0.0,2,1744,买盘
1905,14:38:40,8.71,-0.01,30,26130,卖盘
1906,14:38:43,8.71,0.0,20,17420,卖盘
1907,14:38:49,8.72,0.01,15,13080,买盘
1908,14:38:52,8.72,0.0,14,12202,买盘
1909,14:38:58,8.72,0.0,143,124653,买盘
1910,14:39:01,8.71,-0.01,101,87972,卖盘
1911,14:39:04,8.71,0.0,2,1742,卖盘
1912,14:39:07,8.71,0.0,30,26130,卖盘
1913,14:39:09,8.71,0.0,36,31357,卖盘
1914,14:39:13,8.71,0.0,7,6097,卖盘
1915,14:39:15,8.71,0.0,1,871,卖盘
1916,14:39:18,8.71,0.0,20,17420,卖盘
1917,14:39:22,8.71,0.0,20,17420,卖盘
1918,14:39:24,8.71,0.0,10,8710,卖盘
1919,14:39:28,8.71,0.0,103,89713,卖盘
1920,14:39:31,8.71,0.0,322,280462,卖盘
1921,14:39:34,8.71,0.0,38,33098,卖盘
1922,14:39:46,8.7,-0.01,18,15660,卖盘
1923,14:39:55,8.7,0.0,117,101790,卖盘
1924,14:40:04,8.7,0.0,1,870,买盘
1925,14:40:09,8.7,0.0,2,1740,买盘
1926,14:40:13,8.69,-0.01,225,195525,卖盘
1927,14:40:16,8.69,0.0,1,869,卖盘
1928,14:40:19,8.7,0.01,69,60030,买盘
1929,14:40:24,8.7,0.0,14,12170,买盘
1930,14:40:34,8.69,-0.01,10,8690,卖盘
1931,14:40:39,8.69,0.0,1,869,卖盘
1932,14:40:51,8.7,0.01,6,5220,买盘
1933,14:40:55,8.69,-0.01,15,13035,卖盘
1934,14:40:58,8.7,0.01,7,6085,买盘
1935,14:41:07,8.7,0.0,16,13910,买盘
1936,14:41:19,8.69,-0.01,158,137302,卖盘
1937,14:41:22,8.69,0.0,30,26070,买盘
1938,14:41:25,8.69,0.0,20,17380,买盘
1939,14:41:30,8.69,0.0,112,97328,买盘
1940,14:41:46,8.7,0.01,7,6090,买盘
1941,14:41:49,8.69,-0.01,10,8690,卖盘
1942,14:41:51,8.7,0.01,1,870,买盘
1943,14:42:04,8.7,0.0,4,3480,买盘
1944,14:42:10,8.7,0.0,4,3480,买盘
1945,14:42:13,8.69,-0.01,4,3476,卖盘
1946,14:42:18,8.69,0.0,110,95590,卖盘
1947,14:42:25,8.7,0.01,8,6956,买盘
1948,14:42:28,8.69,-0.01,44,38240,卖盘
1949,14:42:40,8.7,0.01,5,4350,买盘
1950,14:42:43,8.7,0.0,8,6960,买盘
1951,14:42:46,8.7,0.0,3,2608,买盘
1952,14:42:52,8.69,-0.01,6,5214,卖盘
1953,14:42:58,8.69,0.0,27,23463,卖盘
1954,14:43:01,8.69,0.0,19,16511,卖盘
1955,14:43:04,8.69,0.0,12,10428,卖盘
1956,14:43:13,8.69,0.0,6,5214,卖盘
1957,14:43:16,8.69,0.0,30,26070,卖盘
1958,14:43:19,8.69,0.0,88,76472,卖盘
1959,14:43:28,8.68,-0.01,7,6076,卖盘
1960,14:43:31,8.68,0.0,6,5208,卖盘
1961,14:43:40,8.69,0.01,21,18249,买盘
1962,14:43:43,8.68,-0.01,23,19964,卖盘
1963,14:43:46,8.69,0.01,4,3476,买盘
1964,14:43:57,8.68,-0.01,9,7812,卖盘
1965,14:44:07,8.68,0.0,4,3472,卖盘
1966,14:44:09,8.69,0.01,20,17380,买盘
1967,14:44:19,8.68,-0.01,4,3472,卖盘
1968,14:44:25,8.69,0.01,36,31284,买盘
1969,14:44:31,8.7,0.01,38,33060,买盘
1970,14:44:34,8.7,0.0,39,33892,买盘
1971,14:44:52,8.69,-0.01,1,869,卖盘
1972,14:44:55,8.7,0.01,93,80910,买盘
1973,14:44:58,8.69,-0.01,117,101773,卖盘
1974,14:45:01,8.7,0.01,38,33060,买盘
1975,14:45:04,8.7,0.0,368,320160,买盘
1976,14:45:07,8.7,0.0,133,115710,买盘
1977,14:45:10,8.7,0.0,49,42630,买盘
1978,14:45:13,8.71,0.01,5,4351,买盘
1979,14:45:16,8.71,0.0,8,6968,买盘
1980,14:45:22,8.71,0.0,14,12184,买盘
1981,14:45:25,8.71,0.0,4,3484,买盘
1982,14:45:27,8.7,-0.01,19,16537,卖盘
1983,14:45:31,8.71,0.01,4,3481,买盘
1984,14:45:37,8.71,0.0,14,12192,买盘
1985,14:45:40,8.71,0.0,6,5226,买盘
1986,14:45:43,8.7,-0.01,4,3480,卖盘
1987,14:45:46,8.71,0.01,7,6097,买盘
1988,14:45:52,8.71,0.0,6,5226,买盘
1989,14:45:55,8.71,0.0,20,17420,买盘
1990,14:46:13,8.71,0.0,4,3484,买盘
1991,14:46:22,8.71,0.0,12,10452,买盘
1992,14:46:25,8.71,0.0,8,6968,买盘
1993,14:46:28,8.71,0.0,4,3484,买盘
1994,14:46:31,8.71,0.0,4,3484,买盘
1995,14:46:34,8.7,-0.01,395,344043,卖盘
1996,14:46:37,8.71,0.01,19,16549,买盘
1997,14:46:40,8.72,0.01,233,202940,买盘
1998,14:46:43,8.71,-0.01,1,871,卖盘
1999,14:46:46,8.71,0.0,7,6101,卖盘
2000,14:46:49,8.72,0.01,4,3488,买盘
2001,14:46:58,8.72,0.0,162,141264,买盘
2002,14:47:04,8.72,0.0,216,188352,买盘
2003,14:47:10,8.72,0.0,177,154344,买盘
2004,14:47:13,8.72,0.0,1,872,买盘
2005,14:47:16,8.72,0.0,1,872,买盘
2006,14:47:19,8.72,0.0,10,8720,买盘
2007,14:47:22,8.71,-0.01,20,17420,卖盘
2008,14:47:25,8.71,0.0,43,37453,卖盘
2009,14:47:31,8.71,0.0,2,1742,买盘
2010,14:47:40,8.71,0.0,50,43550,买盘
2011,14:47:46,8.72,0.01,300,261494,买盘
2012,14:47:49,8.71,-0.01,2,1742,卖盘
2013,14:47:58,8.7,-0.01,193,167969,卖盘
2014,14:48:10,8.7,0.0,81,70470,买盘
2015,14:48:13,8.72,0.02,12,10463,买盘
2016,14:48:25,8.72,0.0,30,26160,买盘
2017,14:48:28,8.72,0.0,94,81968,买盘
2018,14:48:43,8.73,0.01,50,43650,买盘
2019,14:48:46,8.72,-0.01,3,2616,卖盘
2020,14:48:49,8.72,0.0,31,27032,卖盘
2021,14:48:58,8.73,0.01,50,43641,买盘
2022,14:49:06,8.72,-0.01,18,15696,买盘
2023,14:49:13,8.72,0.0,28,24416,买盘
2024,14:49:22,8.72,0.0,5,4360,买盘
2025,14:49:34,8.72,0.0,50,43600,买盘
2026,14:49:46,8.72,0.0,4,3488,买盘
2027,14:49:52,8.72,0.0,28,24416,买盘
2028,14:50:04,8.72,0.0,31,27021,买盘
2029,14:50:06,8.72,0.0,24,20917,买盘
2030,14:50:13,8.72,0.0,159,138648,买盘
2031,14:50:28,8.72,0.0,23,20042,买盘
2032,14:50:40,8.71,-0.01,10,8710,卖盘
2033,14:50:45,8.71,0.0,1,871,卖盘
2034,14:50:49,8.72,0.01,4,3488,买盘
2035,14:50:51,8.72,0.0,13,11336,买盘
2036,14:51:04,8.72,0.0,27,23544,买盘
2037,14:51:10,8.71,-0.01,2,1742,卖盘
2038,14:51:16,8.72,0.01,38,33136,买盘
2039,14:51:19,8.71,-0.01,30,26130,卖盘
2040,14:51:22,8.71,0.0,191,166361,卖盘
2041,14:51:28,8.71,0.0,3,2613,卖盘
2042,14:51:31,8.71,0.0,127,110617,卖盘
2043,14:51:34,8.71,0.0,87,75776,卖盘
2044,14:51:43,8.7,-0.01,2,1740,卖盘
2045,14:51:46,8.71,0.01,14,12194,买盘
2046,14:51:52,8.71,0.0,4,3484,买盘
2047,14:52:07,8.71,0.0,25,21775,买盘
2048,14:52:37,8.7,-0.01,10,8700,卖盘
2049,14:52:51,8.7,0.0,40,34800,卖盘
2050,14:52:54,8.71,0.01,25,21775,买盘
2051,14:52:58,8.71,0.0,339,294834,买盘
2052,14:53:00,8.71,0.0,22,19598,卖盘
2053,14:53:04,8.71,0.0,1,871,买盘
2054,14:53:10,8.71,0.0,12,10452,买盘
2055,14:53:16,8.71,0.0,107,93197,买盘
2056,14:53:25,8.7,-0.01,4,3480,卖盘
2057,14:53:28,8.71,0.01,32,27860,买盘
2058,14:53:31,8.71,0.0,30,26130,买盘
2059,14:53:34,8.71,0.0,28,24388,买盘
2060,14:53:37,8.71,0.0,8,6968,买盘
2061,14:53:40,8.71,0.0,63,54438,买盘
2062,14:53:43,8.71,0.0,86,74906,卖盘
2063,14:53:46,8.71,0.0,20,17420,卖盘
2064,14:53:49,8.72,0.01,5,4360,买盘
2065,14:53:52,8.71,-0.01,2,1742,卖盘
2066,14:53:54,8.71,0.0,4,3484,卖盘
2067,14:53:58,8.71,0.0,23,20033,卖盘
2068,14:54:00,8.72,0.01,4,3488,买盘
2069,14:54:10,8.72,0.0,421,367112,买盘
2070,14:54:13,8.72,0.0,30,26160,卖盘
2071,14:54:16,8.72,0.0,1,872,卖盘
2072,14:54:19,8.72,0.0,28,24416,卖盘
2073,14:54:22,8.72,0.0,12,10464,卖盘
2074,14:54:25,8.73,0.01,4,3490,买盘
2075,14:54:28,8.72,-0.01,26,22672,卖盘
2076,14:54:34,8.72,0.0,14,12208,买盘
2077,14:54:39,8.72,0.0,10,8720,买盘
2078,14:54:46,8.71,-0.01,1,871,卖盘
2079,14:54:52,8.71,0.0,112,97617,卖盘
2080,14:54:55,8.71,0.0,24,20904,卖盘
2081,14:55:04,8.72,0.01,1,872,买盘
2082,14:55:07,8.72,0.0,101,88072,买盘
2083,14:55:13,8.71,-0.01,10,8710,卖盘
2084,14:55:25,8.72,0.01,132,115104,买盘
2085,14:55:33,8.72,0.0,3,2616,买盘
2086,14:55:37,8.72,0.0,33,28776,买盘
2087,14:55:39,8.72,0.0,5,4360,买盘
2088,14:55:55,8.72,0.0,14,12208,买盘
2089,14:55:58,8.71,-0.01,44,38362,卖盘
2090,14:56:01,8.71,0.0,239,208604,卖盘
2091,14:56:04,8.71,0.0,163,141870,买盘
2092,14:56:07,8.71,0.0,10,8710,买盘
2093,14:56:10,8.71,0.0,14,12194,买盘
2094,14:56:13,8.71,0.0,15,13065,买盘
2095,14:56:16,8.71,0.0,18,15678,买盘
2096,14:56:19,8.71,0.0,59,50954,买盘
2097,14:56:25,8.71,0.0,80,69680,卖盘
2098,14:56:28,8.72,0.01,5,4359,买盘
2099,14:56:31,8.71,-0.01,5,4355,卖盘
2100,14:56:34,8.71,0.0,10,8710,卖盘
2101,14:56:37,8.71,0.0,1,871,卖盘
2102,14:56:40,8.72,0.01,28,24276,买盘
2103,14:56:43,8.71,-0.01,16,13936,卖盘
2104,14:56:49,8.71,0.0,176,153296,卖盘
2105,14:56:54,8.72,0.01,40,34880,买盘
2106,14:56:58,8.71,-0.01,4,3484,卖盘
2107,14:57:01,8.71,0.0,41,35711,卖盘
2108,15:00:05,8.72,0.01,939,818808,卖盘
