,time,price,change,volume,amount,type
0,09:25:05,7.48,-0.13,995,744260,卖盘
1,09:30:04,7.43,-0.05,249,185232,卖盘
2,09:30:07,7.46,0.03,447,333489,买盘
3,09:30:10,7.45,-0.01,355,264954,卖盘
4,09:30:13,7.47,0.02,8,5971,买盘
5,09:30:16,7.45,-0.02,90,67050,卖盘
6,09:30:19,7.45,0.0,21,15645,买盘
7,09:30:22,7.48,0.03,100,74753,买盘
8,09:30:28,7.45,-0.03,5,3729,卖盘
9,09:30:31,7.47,0.02,23,17181,买盘
10,09:30:37,7.47,0.0,2,1494,买盘
11,09:30:40,7.47,0.0,34,25398,买盘
12,09:30:49,7.47,0.0,16,11952,卖盘
13,09:30:52,7.48,0.01,131,97972,买盘
14,09:30:55,7.49,0.01,121,90628,买盘
15,09:30:58,7.49,0.0,16,11984,买盘
16,09:31:04,7.5,0.01,23,17250,买盘
17,09:31:07,7.52,0.02,54,40532,买盘
18,09:31:10,7.5,-0.02,1,750,卖盘
19,09:31:13,7.51,0.01,113,84909,中性盘
20,09:31:22,7.53,0.02,29,21837,买盘
21,09:31:25,7.5,-0.03,70,52568,卖盘
22,09:31:28,7.59,0.09,103,77982,买盘
23,09:31:37,7.54,-0.05,10,7540,卖盘
24,09:31:40,7.53,-0.01,50,37689,卖盘
25,09:31:46,7.55,0.02,40,30217,卖盘
26,09:31:49,7.55,0.0,32,24160,卖盘
27,09:31:52,7.58,0.03,66,49915,买盘
28,09:31:55,7.54,-0.04,2,1508,卖盘
29,09:31:58,7.56,0.02,26,19643,买盘
30,09:32:01,7.56,0.0,10,7558,买盘
31,09:32:05,7.55,-0.01,30,22650,卖盘
32,09:32:07,7.55,0.0,12,9060,卖盘
33,09:32:10,7.55,0.0,120,90600,买盘
34,09:32:13,7.54,-0.01,135,101905,卖盘
35,09:32:16,7.52,-0.02,152,114409,卖盘
36,09:32:19,7.54,0.02,32,24128,买盘
37,09:32:22,7.51,-0.03,8,6008,卖盘
38,09:32:25,7.51,0.0,7,5257,卖盘
39,09:32:31,7.52,0.01,53,39856,中性盘
40,09:32:34,7.54,0.02,14,10546,买盘
41,09:32:40,7.52,-0.02,8,6016,卖盘
42,09:32:43,7.54,0.02,75,56550,买盘
43,09:32:46,7.52,-0.02,10,7520,卖盘
44,09:32:58,7.53,0.01,5,3765,卖盘
45,09:33:04,7.53,0.0,8,6026,卖盘
46,09:33:07,7.53,0.0,55,41465,卖盘
47,09:33:10,7.53,0.0,98,73814,卖盘
48,09:33:13,7.54,0.01,100,75337,买盘
49,09:33:28,7.55,0.01,12,9060,买盘
50,09:33:34,7.56,0.01,8,6041,买盘
51,09:33:37,7.55,-0.01,40,30200,卖盘
52,09:33:40,7.55,0.0,87,65771,卖盘
53,09:33:43,7.56,0.01,43,32508,买盘
54,09:33:46,7.55,-0.01,63,47586,卖盘
55,09:33:49,7.55,0.0,47,35485,买盘
56,09:33:52,7.56,0.01,13,9828,卖盘
57,09:33:55,7.55,-0.01,36,27180,卖盘
58,09:33:58,7.54,-0.01,5,3770,卖盘
59,09:34:01,7.54,0.0,10,7540,卖盘
60,09:34:04,7.55,0.01,25,18875,买盘
61,09:34:07,7.54,-0.01,6,4524,卖盘
62,09:34:10,7.54,0.0,25,18850,卖盘
63,09:34:13,7.55,0.01,3,2265,买盘
64,09:34:16,7.54,-0.01,20,15097,卖盘
65,09:34:19,7.55,0.01,23,17365,买盘
66,09:34:22,7.55,0.0,10,7550,买盘
67,09:34:25,7.55,0.0,38,28690,买盘
68,09:34:28,7.56,0.01,12,9058,买盘
69,09:34:34,7.56,0.0,7,5292,买盘
70,09:34:40,7.54,-0.02,95,71640,卖盘
71,09:34:46,7.53,-0.01,11,8285,卖盘
72,09:34:49,7.54,0.01,5,3770,买盘
73,09:34:52,7.53,-0.01,7,5272,卖盘
74,09:34:55,7.54,0.01,196,147607,买盘
75,09:34:58,7.53,-0.01,98,73800,卖盘
76,09:35:01,7.53,0.0,5,3765,买盘
77,09:35:07,7.53,0.0,10,7530,买盘
78,09:35:10,7.53,0.0,1,753,买盘
79,09:35:13,7.53,0.0,35,26355,买盘
80,09:35:16,7.53,0.0,2,1506,卖盘
81,09:35:19,7.53,0.0,50,37650,卖盘
82,09:35:22,7.52,-0.01,100,75247,卖盘
83,09:35:25,7.54,0.02,20,15080,买盘
84,09:35:28,7.52,-0.02,95,71484,卖盘
85,09:35:31,7.52,0.0,145,109040,卖盘
86,09:35:34,7.52,0.0,55,41378,卖盘
87,09:35:40,7.52,0.0,56,42142,卖盘
88,09:35:43,7.52,0.0,64,48128,卖盘
89,09:35:46,7.52,0.0,6,4512,卖盘
90,09:35:49,7.52,0.0,23,17296,卖盘
91,09:35:52,7.52,0.0,55,41360,卖盘
92,09:36:01,7.51,-0.01,217,162977,卖盘
93,09:36:04,7.51,0.0,16,12016,卖盘
94,09:36:07,7.51,0.0,26,19526,卖盘
95,09:36:10,7.52,0.01,40,30060,买盘
96,09:36:13,7.51,-0.01,23,17273,卖盘
97,09:36:22,7.5,-0.01,290,217500,卖盘
98,09:36:28,7.5,0.0,5,3750,买盘
99,09:36:31,7.49,-0.01,2,1498,卖盘
100,09:36:34,7.49,0.0,11,8239,卖盘
101,09:36:40,7.49,0.0,36,26964,卖盘
102,09:36:43,7.49,0.0,65,48685,买盘
103,09:36:49,7.5,0.01,6,4500,买盘
104,09:36:52,7.48,-0.02,200,149600,卖盘
105,09:36:55,7.48,0.0,32,23936,卖盘
106,09:36:58,7.48,0.0,80,59840,买盘
107,09:37:01,7.48,0.0,60,44880,买盘
108,09:37:04,7.47,-0.01,7,5229,卖盘
109,09:37:07,7.48,0.01,47,35156,买盘
110,09:37:10,7.47,-0.01,247,184509,卖盘
111,09:37:13,7.47,0.0,63,47057,买盘
112,09:37:16,7.47,0.0,4,2988,买盘
113,09:37:19,7.47,0.0,152,113538,买盘
114,09:37:22,7.47,0.0,136,101551,买盘
115,09:37:25,7.47,0.0,24,17928,买盘
116,09:37:28,7.47,0.0,50,37350,卖盘
117,09:37:31,7.5,0.03,300,223905,买盘
118,09:37:34,7.46,-0.04,34,25403,中性盘
119,09:37:37,7.46,0.0,6,4476,卖盘
120,09:37:40,7.47,0.01,5,3735,买盘
121,09:37:43,7.5,0.03,45,33617,买盘
122,09:37:52,7.48,-0.02,1,748,卖盘
123,09:37:55,7.49,0.01,28,20972,买盘
124,09:38:01,7.49,0.0,22,16478,买盘
125,09:38:07,7.49,0.0,24,17976,卖盘
126,09:38:10,7.49,0.0,8,5997,卖盘
127,09:38:13,7.5,0.01,65,48750,买盘
128,09:38:16,7.54,0.04,245,184215,买盘
129,09:38:19,7.54,0.0,35,26410,卖盘
130,09:38:22,7.54,0.0,111,83694,卖盘
131,09:38:25,7.56,0.02,15,11327,买盘
132,09:38:31,7.52,-0.04,10,7520,买盘
133,09:38:34,7.55,0.03,17,12810,买盘
134,09:38:46,7.65,0.1,1000,757463,买盘
135,09:38:52,7.5,-0.15,579,434757,卖盘
136,09:38:55,7.55,0.05,36,27164,买盘
137,09:38:57,7.55,0.0,8,6040,卖盘
138,09:39:04,7.63,0.08,27,20407,买盘
139,09:39:07,7.63,0.0,189,144232,卖盘
140,09:39:10,7.55,-0.08,170,129515,卖盘
141,09:39:13,7.55,0.0,98,74033,卖盘
142,09:39:16,7.59,0.04,32,24280,买盘
143,09:39:25,7.58,-0.01,127,96277,卖盘
144,09:39:28,7.58,0.0,7,5306,卖盘
145,09:39:34,7.61,0.03,94,71442,买盘
146,09:39:37,7.61,0.0,50,37982,买盘
147,09:39:40,7.63,0.02,375,285819,买盘
148,09:39:43,7.63,0.0,128,97664,卖盘
149,09:39:46,7.63,0.0,242,184649,卖盘
150,09:39:49,7.62,-0.01,28,21336,卖盘
151,09:39:52,7.61,-0.01,20,15239,中性盘
152,09:39:55,7.59,-0.02,26,19750,卖盘
153,09:39:58,7.58,-0.01,22,16676,买盘
154,09:40:01,7.58,0.0,245,185709,买盘
155,09:40:04,7.58,0.0,12,9094,买盘
156,09:40:07,7.63,0.05,470,358436,买盘
157,09:40:10,7.63,0.0,58,44254,卖盘
158,09:40:13,7.63,0.0,123,93851,卖盘
159,09:40:16,7.63,0.0,66,50376,卖盘
160,09:40:19,7.63,0.0,699,533343,卖盘
161,09:40:22,7.62,-0.01,50,38040,买盘
162,09:40:25,7.6,-0.02,10,7600,卖盘
163,09:40:28,7.59,-0.01,52,39564,卖盘
164,09:40:31,7.62,0.03,4,3048,中性盘
165,09:40:37,7.62,0.0,26,19817,卖盘
166,09:40:40,7.62,0.0,5,3810,卖盘
167,09:40:43,7.62,0.0,76,57892,买盘
168,09:40:46,7.6,-0.02,7,5332,卖盘
169,09:40:52,7.62,0.02,2,1524,买盘
170,09:40:55,7.61,-0.01,13,9893,卖盘
171,09:40:58,7.62,0.01,110,83820,买盘
172,09:41:01,7.61,-0.01,7,5327,卖盘
173,09:41:07,7.61,0.0,60,45660,买盘
174,09:41:10,7.6,-0.01,153,116296,卖盘
175,09:41:13,7.6,0.0,27,20494,买盘
176,09:41:16,7.6,0.0,3,2280,买盘
177,09:41:22,7.59,-0.01,25,18991,卖盘
178,09:41:25,7.6,0.01,20,15200,买盘
179,09:41:28,7.59,-0.01,47,35673,卖盘
180,09:41:31,7.59,0.0,5,3795,买盘
181,09:41:40,7.59,0.0,26,19734,买盘
182,09:41:46,7.59,0.0,781,592779,买盘
183,09:41:49,7.59,0.0,16,12144,卖盘
184,09:41:55,7.58,-0.01,13,9857,卖盘
185,09:42:01,7.58,0.0,2,1516,买盘
186,09:42:04,7.58,0.0,45,34110,买盘
187,09:42:07,7.58,0.0,13,9854,卖盘
188,09:42:28,7.58,0.0,20,15160,卖盘
189,09:42:31,7.59,0.01,215,163103,买盘
190,09:42:43,7.63,0.04,472,359530,买盘
191,09:42:52,7.65,0.02,490,375336,买盘
192,09:42:55,7.66,0.01,30,22980,买盘
193,09:42:58,7.65,-0.01,10,6908,卖盘
194,09:43:01,7.64,-0.01,30,22900,买盘
195,09:43:04,7.65,0.01,28,21409,卖盘
196,09:43:07,7.65,0.0,70,53431,买盘
197,09:43:10,7.66,0.01,143,109497,买盘
198,09:43:13,7.66,0.0,76,58026,买盘
199,09:43:16,7.65,-0.01,49,37485,卖盘
200,09:43:19,7.65,0.0,61,46655,买盘
201,09:43:22,7.63,-0.02,1,763,中性盘
202,09:43:25,7.66,0.03,473,361726,买盘
203,09:43:31,7.64,-0.02,15,11450,买盘
204,09:43:34,7.63,-0.01,1,763,卖盘
205,09:43:37,7.66,0.03,172,131469,买盘
206,09:43:40,7.66,0.0,4,3064,买盘
207,09:43:43,7.65,-0.01,60,45900,卖盘
208,09:43:49,7.65,0.0,151,115553,卖盘
209,09:43:52,7.66,0.01,78,59730,买盘
210,09:43:55,7.65,-0.01,101,77185,买盘
211,09:43:58,7.65,0.0,99,75517,买盘
212,09:44:01,7.66,0.01,542,415839,买盘
213,09:44:04,7.65,-0.01,157,120109,卖盘
214,09:44:10,7.63,-0.02,21,16027,卖盘
215,09:44:13,7.65,0.02,96,73282,买盘
216,09:44:16,7.63,-0.02,40,30520,买盘
217,09:44:19,7.63,0.0,8,6104,买盘
218,09:44:22,7.63,0.0,5,3815,买盘
219,09:44:25,7.63,0.0,140,106720,买盘
220,09:44:28,7.63,0.0,17,12971,买盘
221,09:44:31,7.65,0.02,4,3060,买盘
222,09:44:34,7.62,-0.03,312,237836,卖盘
223,09:44:40,7.62,0.0,15,10694,卖盘
224,09:44:49,7.62,0.0,8,6096,买盘
225,09:44:52,7.62,0.0,10,7620,买盘
226,09:44:55,7.62,0.0,2,1524,买盘
227,09:45:04,7.62,0.0,102,78463,买盘
228,09:45:07,7.62,0.0,18,13716,卖盘
229,09:45:10,7.62,0.0,5,3810,卖盘
230,09:45:16,7.61,-0.01,166,125698,卖盘
231,09:45:19,7.61,0.0,34,26612,买盘
232,09:45:25,7.64,0.03,3,2292,买盘
233,09:45:28,7.61,-0.03,89,67147,卖盘
234,09:45:34,7.61,0.0,2,1522,买盘
235,09:45:40,7.61,0.0,9,7587,买盘
236,09:45:55,7.62,0.01,60,45720,买盘
237,09:45:58,7.61,-0.01,80,60880,卖盘
238,09:46:04,7.62,0.01,10,7620,买盘
239,09:46:07,7.6,-0.02,118,89771,卖盘
240,09:46:16,7.62,0.02,10,7620,买盘
241,09:46:19,7.62,0.0,10,7620,买盘
242,09:46:25,7.62,0.0,8,6096,买盘
243,09:46:28,7.61,-0.01,113,86072,卖盘
244,09:46:31,7.61,0.0,80,60880,卖盘
245,09:46:40,7.62,0.01,109,83058,买盘
246,09:46:43,7.62,0.0,50,38100,卖盘
247,09:46:46,7.61,-0.01,104,79167,卖盘
248,09:46:49,7.61,0.0,5,3805,买盘
249,09:46:55,7.61,0.0,108,82188,买盘
250,09:46:57,7.61,0.0,10,7610,卖盘
251,09:47:01,7.61,0.0,10,7610,卖盘
252,09:47:04,7.63,0.02,16,12208,买盘
253,09:47:22,7.62,-0.01,31,23622,买盘
254,09:47:25,7.61,-0.01,210,159940,卖盘
255,09:47:31,7.62,0.01,57,43434,买盘
256,09:47:40,7.63,0.01,6,4578,买盘
257,09:47:49,7.62,-0.01,150,114313,卖盘
258,09:48:04,7.63,0.01,3,2289,卖盘
259,09:48:10,7.64,0.01,36,27494,买盘
260,09:48:16,7.63,-0.01,26,19838,买盘
261,09:48:19,7.63,0.0,30,22890,买盘
262,09:48:34,7.62,-0.01,70,53360,卖盘
263,09:48:37,7.63,0.01,3,2289,买盘
264,09:48:46,7.63,0.0,60,45780,卖盘
265,09:48:49,7.63,0.0,156,119034,卖盘
266,09:48:52,7.63,0.0,10,7630,卖盘
267,09:48:55,7.63,0.0,88,67144,卖盘
268,09:48:58,7.62,-0.01,115,87743,卖盘
269,09:49:01,7.62,0.0,5,3810,买盘
270,09:49:04,7.62,0.0,5,3810,买盘
271,09:49:07,7.62,0.0,20,15240,买盘
272,09:49:19,7.62,0.0,4,3048,买盘
273,09:49:22,7.61,-0.01,43,32742,卖盘
274,09:49:31,7.62,0.01,2,1524,买盘
275,09:49:49,7.61,-0.01,100,76100,卖盘
276,09:49:58,7.61,0.0,6,4566,卖盘
277,09:50:01,7.62,0.01,5,3810,买盘
278,09:50:04,7.62,0.0,10,7620,买盘
279,09:50:07,7.61,-0.01,25,19025,卖盘
280,09:50:13,7.61,0.0,20,15220,卖盘
281,09:50:16,7.62,0.01,10,7620,买盘
282,09:50:25,7.6,-0.02,205,155127,卖盘
283,09:50:28,7.6,0.0,1,760,买盘
284,09:50:34,7.64,0.04,217,166066,买盘
285,09:50:40,7.64,0.0,5,3820,卖盘
286,09:50:43,7.64,0.0,64,48896,卖盘
287,09:50:46,7.64,0.0,448,342528,卖盘
288,09:50:49,7.64,0.0,157,119207,卖盘
289,09:50:51,7.61,-0.03,1,761,买盘
290,09:50:55,7.66,0.05,378,289344,买盘
291,09:50:58,7.68,0.02,114,87494,买盘
292,09:51:00,7.66,-0.02,3,2298,卖盘
293,09:51:04,7.66,0.0,14,10724,买盘
294,09:51:07,7.66,0.0,51,39066,买盘
295,09:51:10,7.66,0.0,335,256610,买盘
296,09:51:16,7.67,0.01,3,2301,买盘
297,09:51:19,7.66,-0.01,66,50556,卖盘
298,09:51:22,7.7,0.04,1438,1106004,买盘
299,09:51:25,7.67,-0.03,102,78420,卖盘
300,09:51:31,7.68,0.01,512,392718,买盘
301,09:51:40,7.69,0.01,41,31489,买盘
302,09:51:46,7.66,-0.03,36,27590,卖盘
303,09:51:58,7.66,0.0,7,5362,买盘
304,09:52:01,7.66,0.0,7,5362,买盘
305,09:52:04,7.69,0.03,20,15369,买盘
306,09:52:07,7.66,-0.03,16,12256,卖盘
307,09:52:16,7.68,0.02,33,25339,买盘
308,09:52:22,7.68,0.0,365,280260,买盘
309,09:52:24,7.66,-0.02,220,169136,卖盘
310,09:52:34,7.67,0.01,1,767,中性盘
311,09:52:36,7.68,0.01,2,1536,卖盘
312,09:52:40,7.69,0.01,91,69777,买盘
313,09:52:43,7.68,-0.01,10,7680,中性盘
314,09:52:49,7.7,0.02,311,239229,买盘
315,09:52:51,7.7,0.0,128,98505,买盘
316,09:52:54,7.68,-0.02,12,9216,买盘
317,09:52:58,7.68,0.0,15,11530,卖盘
318,09:53:04,7.68,0.0,1,768,卖盘
319,09:53:07,7.68,0.0,79,60672,卖盘
320,09:53:09,7.68,0.0,10,7680,买盘
321,09:53:13,7.68,0.0,7,5376,买盘
322,09:53:16,7.68,0.0,3,2304,买盘
323,09:53:22,7.66,-0.02,158,121063,卖盘
324,09:53:25,7.66,0.0,53,40598,买盘
325,09:53:34,7.65,-0.01,295,225772,卖盘
326,09:53:46,7.65,0.0,5,3825,买盘
327,09:53:49,7.66,0.01,200,153200,买盘
328,09:53:51,7.66,0.0,13,9958,卖盘
329,09:53:55,7.66,0.0,20,15320,卖盘
330,09:53:58,7.66,0.0,10,7660,卖盘
331,09:54:01,7.65,-0.01,105,80382,卖盘
332,09:54:04,7.66,0.01,7,5362,中性盘
333,09:54:07,7.65,-0.01,268,205413,卖盘
334,09:54:34,7.66,0.01,3,2298,买盘
335,09:54:40,7.66,0.0,16,12256,买盘
336,09:54:45,7.65,-0.01,10,7650,卖盘
337,09:54:48,7.66,0.01,16,12248,买盘
338,09:55:04,7.67,0.01,32,24534,买盘
339,09:55:07,7.65,-0.02,261,199665,卖盘
340,09:55:10,7.67,0.02,57,43641,买盘
341,09:55:12,7.67,0.0,18,13791,买盘
342,09:55:22,7.66,-0.01,60,45960,买盘
343,09:55:25,7.64,-0.02,3,2292,卖盘
344,09:55:28,7.63,-0.01,1010,772220,卖盘
345,09:55:33,7.67,0.04,2,1534,买盘
346,09:55:43,7.65,-0.02,1,765,卖盘
347,09:55:46,7.67,0.02,148,113516,买盘
348,09:55:49,7.67,0.0,15,11505,卖盘
349,09:55:52,7.67,0.0,57,43719,买盘
350,09:55:55,7.64,-0.03,9,6883,卖盘
351,09:56:07,7.67,0.03,57,43669,买盘
352,09:56:13,7.66,-0.01,20,15320,买盘
353,09:56:31,7.66,0.0,10,7660,卖盘
354,09:56:40,7.67,0.01,70,53690,买盘
355,09:56:46,7.67,0.0,16,12272,买盘
356,09:56:49,7.67,0.0,152,116584,买盘
357,09:56:52,7.66,-0.01,30,22980,卖盘
358,09:56:54,7.66,0.0,8,6128,买盘
359,09:56:57,7.66,0.0,18,13788,买盘
360,09:57:01,7.64,-0.02,262,200381,卖盘
361,09:57:04,7.68,0.04,254,194674,买盘
362,09:57:10,7.68,0.0,52,39936,买盘
363,09:57:19,7.67,-0.01,2,1534,买盘
364,09:57:25,7.67,0.0,5,3835,买盘
365,09:57:31,7.67,0.0,10,7670,买盘
366,09:57:34,7.67,0.0,3,2301,买盘
367,09:57:40,7.68,0.01,24,18412,买盘
368,09:57:52,7.67,-0.01,33,25311,卖盘
369,09:57:58,7.67,0.0,2,1534,买盘
370,09:58:01,7.68,0.01,137,105091,买盘
371,09:58:07,7.68,0.0,62,47596,买盘
372,09:58:16,7.67,-0.01,25,19180,卖盘
373,09:58:19,7.67,0.0,7,5369,买盘
374,09:58:25,7.67,0.0,173,132698,买盘
375,09:58:28,7.66,-0.01,66,50556,卖盘
376,09:58:31,7.66,0.0,59,45194,卖盘
377,09:58:34,7.66,0.0,37,28342,买盘
378,09:58:36,7.66,0.0,13,9958,买盘
379,09:58:39,7.65,-0.01,30,22950,卖盘
380,09:58:46,7.65,0.0,6,4590,买盘
381,09:58:49,7.64,-0.01,50,38200,卖盘
382,09:58:55,7.65,0.01,4,3060,买盘
383,09:58:57,7.64,-0.01,19,14516,卖盘
384,09:59:04,7.64,0.0,44,33616,买盘
385,09:59:07,7.64,0.0,308,234854,卖盘
386,09:59:28,7.64,0.0,1,764,买盘
387,09:59:31,7.64,0.0,5,3820,中性盘
388,09:59:34,7.62,-0.02,10,7630,卖盘
389,09:59:43,7.64,0.02,5,3820,卖盘
390,09:59:45,7.62,-0.02,206,157060,卖盘
391,10:00:04,7.62,0.0,50,38130,卖盘
392,10:00:09,7.62,0.0,50,38100,卖盘
393,10:00:13,7.65,0.03,46,35139,买盘
394,10:00:16,7.6,-0.05,130,98950,卖盘
395,10:00:28,7.62,0.02,50,38100,卖盘
396,10:00:31,7.64,0.02,17,12988,买盘
397,10:00:34,7.62,-0.02,80,60960,卖盘
398,10:00:43,7.62,0.0,24,18288,卖盘
399,10:00:49,7.62,0.0,304,231348,买盘
400,10:00:54,7.62,0.0,58,44196,买盘
401,10:01:01,7.62,0.0,45,34290,中性盘
402,10:01:04,7.62,0.0,1,762,买盘
403,10:01:07,7.62,0.0,45,34290,买盘
404,10:01:09,7.62,0.0,22,16764,买盘
405,10:01:12,7.63,0.01,280,213168,买盘
406,10:01:16,7.63,0.0,13,9919,买盘
407,10:01:22,7.63,0.0,1,763,买盘
408,10:01:25,7.61,-0.02,200,152397,卖盘
409,10:01:27,7.63,0.02,28,21364,买盘
410,10:01:34,7.63,0.0,40,30525,卖盘
411,10:01:43,7.62,-0.01,72,54881,卖盘
412,10:01:45,7.62,0.0,13,9906,买盘
413,10:01:48,7.62,0.0,1,762,买盘
414,10:01:52,7.61,-0.01,384,292225,卖盘
415,10:01:54,7.62,0.01,24,18271,买盘
416,10:01:58,7.62,0.0,6,4572,买盘
417,10:02:01,7.64,0.02,100,76400,买盘
418,10:02:10,7.63,-0.01,46,35098,卖盘
419,10:02:13,7.64,0.01,5,3820,买盘
420,10:02:22,7.64,0.0,5,3820,买盘
421,10:02:25,7.63,-0.01,10,7630,卖盘
422,10:02:46,7.64,0.01,3,2292,买盘
423,10:03:01,7.64,0.0,60,45840,买盘
424,10:03:10,7.64,0.0,74,56536,买盘
425,10:03:21,7.64,0.0,47,35908,卖盘
426,10:03:25,7.65,0.01,23,17595,买盘
427,10:03:31,7.65,0.0,3,2295,买盘
428,10:03:34,7.64,-0.01,3,2292,卖盘
429,10:03:40,7.64,0.0,50,38200,卖盘
430,10:03:49,7.64,0.0,10,7644,卖盘
431,10:03:51,7.64,0.0,10,7640,买盘
432,10:03:58,7.64,0.0,6,4584,买盘
433,10:04:01,7.63,-0.01,24,18312,卖盘
434,10:04:04,7.63,0.0,2,1526,卖盘
435,10:04:10,7.63,0.0,20,15260,买盘
436,10:04:16,7.62,-0.01,50,38100,卖盘
437,10:04:25,7.62,0.0,62,47244,卖盘
438,10:04:34,7.62,0.0,62,47244,卖盘
439,10:04:40,7.62,0.0,20,15240,卖盘
440,10:04:43,7.62,0.0,13,9906,卖盘
441,10:05:00,7.61,-0.01,142,108062,卖盘
442,10:05:07,7.62,0.01,140,106605,买盘
443,10:05:10,7.62,0.0,7,5334,买盘
444,10:05:15,7.62,0.0,1,762,卖盘
445,10:05:43,7.62,0.0,1,762,买盘
446,10:05:58,7.63,0.01,6,4578,买盘
447,10:06:10,7.63,0.0,20,15260,买盘
448,10:06:25,7.62,-0.01,16,12192,卖盘
449,10:06:39,7.62,0.0,33,25146,卖盘
450,10:06:43,7.62,0.0,3,2286,卖盘
451,10:06:46,7.63,0.01,14,10682,买盘
452,10:06:55,7.63,0.0,10,7630,卖盘
453,10:07:01,7.63,0.0,5,3815,卖盘
454,10:07:04,7.63,0.0,9,6867,卖盘
455,10:07:12,7.63,0.0,70,53410,卖盘
456,10:07:16,7.63,0.0,60,45780,卖盘
457,10:07:19,7.63,0.0,35,26705,卖盘
458,10:07:28,7.63,0.0,10,7630,买盘
459,10:07:43,7.61,-0.02,10,7616,卖盘
460,10:08:07,7.63,0.02,71,54093,买盘
461,10:08:22,7.61,-0.02,70,53270,卖盘
462,10:08:25,7.61,0.0,4,3044,卖盘
463,10:08:34,7.61,0.0,53,40335,卖盘
464,10:08:37,7.61,0.0,7,5327,买盘
465,10:08:39,7.61,0.0,10,7610,买盘
466,10:08:52,7.61,0.0,70,53270,卖盘
467,10:09:04,7.61,0.0,19,14459,卖盘
468,10:09:10,7.61,0.0,1,761,买盘
469,10:09:22,7.61,0.0,62,47182,卖盘
470,10:09:37,7.61,0.0,15,11415,买盘
471,10:09:46,7.61,0.0,30,22830,买盘
472,10:10:00,7.6,-0.01,84,63460,卖盘
473,10:10:04,7.59,-0.01,778,591140,卖盘
474,10:10:16,7.61,0.02,50,38007,买盘
475,10:10:22,7.59,-0.02,6,4554,卖盘
476,10:10:31,7.58,-0.01,25,18950,卖盘
477,10:10:34,7.58,0.0,25,18950,卖盘
478,10:10:43,7.58,0.0,57,43206,卖盘
479,10:10:58,7.58,0.0,88,66704,卖盘
480,10:11:04,7.57,-0.01,40,30300,卖盘
481,10:11:07,7.57,0.0,60,45420,卖盘
482,10:11:10,7.56,-0.01,286,216446,卖盘
483,10:11:19,7.56,0.0,13,9828,卖盘
484,10:11:25,7.57,0.01,1,757,买盘
485,10:11:28,7.56,-0.01,17,12852,卖盘
486,10:11:31,7.56,0.0,154,116471,卖盘
487,10:11:37,7.56,0.0,105,79380,卖盘
488,10:11:43,7.56,0.0,1,756,卖盘
489,10:11:46,7.56,0.0,5,3780,卖盘
490,10:11:49,7.56,0.0,1,756,买盘
491,10:11:58,7.55,-0.01,16,12080,卖盘
492,10:12:04,7.55,0.0,33,24915,卖盘
493,10:12:07,7.55,0.0,154,116270,卖盘
494,10:12:10,7.55,0.0,92,69373,买盘
495,10:12:22,7.54,-0.01,54,40716,卖盘
496,10:12:25,7.54,0.0,8,6032,买盘
497,10:12:28,7.54,0.0,247,186238,买盘
498,10:12:40,7.54,0.0,38,28652,买盘
499,10:12:43,7.53,-0.01,52,39193,卖盘
500,10:12:46,7.53,0.0,267,201055,卖盘
501,10:12:49,7.54,0.01,123,92742,买盘
502,10:12:52,7.54,0.0,17,12818,买盘
503,10:12:55,7.54,0.0,143,107758,买盘
504,10:13:01,7.55,0.01,100,75500,卖盘
505,10:13:04,7.55,0.0,67,50625,卖盘
506,10:13:19,7.55,0.0,5,3775,卖盘
507,10:13:28,7.55,0.0,1,755,卖盘
508,10:13:37,7.57,0.02,5,3785,买盘
509,10:13:43,7.59,0.02,16,12144,买盘
510,10:13:49,7.59,0.0,2,1518,卖盘
511,10:13:52,7.59,0.0,18,13662,卖盘
512,10:13:55,7.59,0.0,4,3036,买盘
513,10:14:16,7.57,-0.02,2,1514,卖盘
514,10:14:22,7.57,0.0,5,3785,买盘
515,10:14:28,7.57,0.0,3,2271,买盘
516,10:14:40,7.57,0.0,10,7570,卖盘
517,10:14:43,7.58,0.01,5,3790,买盘
518,10:14:46,7.58,0.0,45,34110,卖盘
519,10:14:49,7.57,-0.01,18,13626,卖盘
520,10:14:55,7.57,0.0,32,24224,买盘
521,10:15:04,7.58,0.01,36,27288,买盘
522,10:15:07,7.58,0.0,19,14402,卖盘
523,10:15:10,7.58,0.0,1,758,卖盘
524,10:15:13,7.58,0.0,78,59124,卖盘
525,10:15:31,7.57,-0.01,5,3785,买盘
526,10:15:37,7.57,0.0,5,3785,买盘
527,10:15:40,7.56,-0.01,11,8316,卖盘
528,10:15:43,7.56,0.0,28,21168,卖盘
529,10:15:46,7.55,-0.01,110,83067,卖盘
530,10:15:52,7.56,0.01,40,30240,买盘
531,10:15:55,7.56,0.0,20,15120,买盘
532,10:16:01,7.56,0.0,23,17388,卖盘
533,10:16:07,7.56,0.0,5,3780,卖盘
534,10:16:28,7.57,0.01,15,11367,卖盘
535,10:16:30,7.57,0.0,12,9084,买盘
536,10:16:34,7.57,0.0,5,3785,买盘
537,10:16:40,7.57,0.0,1,757,买盘
538,10:16:52,7.58,0.01,5,3790,买盘
539,10:17:07,7.58,0.0,10,7580,买盘
540,10:17:15,7.58,0.0,15,11370,买盘
541,10:17:18,7.58,0.0,5,3790,卖盘
542,10:17:28,7.58,0.0,21,15918,卖盘
543,10:17:31,7.58,0.0,9,6822,卖盘
544,10:17:34,7.58,0.0,12,9096,卖盘
545,10:17:37,7.58,0.0,21,15918,卖盘
546,10:18:16,7.58,0.0,21,15918,买盘
547,10:18:25,7.58,0.0,107,81156,买盘
548,10:18:37,7.58,0.0,15,11370,卖盘
549,10:18:46,7.58,0.0,69,52302,卖盘
550,10:18:49,7.59,0.01,5,3795,买盘
551,10:18:52,7.57,-0.02,10,7571,卖盘
552,10:19:12,7.57,0.0,30,22710,卖盘
553,10:19:43,7.59,0.02,46,34914,买盘
554,10:19:49,7.6,0.01,70,53200,买盘
555,10:19:52,7.59,-0.01,50,37955,卖盘
556,10:19:57,7.61,0.02,7,5327,买盘
557,10:20:01,7.61,0.0,18,13698,买盘
558,10:20:05,7.6,-0.01,7,5322,卖盘
559,10:20:06,7.61,0.01,5,3805,买盘
560,10:20:16,7.6,-0.01,22,16740,卖盘
561,10:20:19,7.61,0.01,13,9893,买盘
562,10:20:24,7.62,0.01,20,15240,买盘
563,10:20:28,7.61,-0.01,14,10654,卖盘
564,10:20:37,7.61,0.0,1,761,买盘
565,10:20:46,7.61,0.0,14,10654,买盘
566,10:20:54,7.6,-0.01,7,5320,卖盘
567,10:20:57,7.61,0.01,53,40333,买盘
568,10:21:01,7.6,-0.01,16,12160,卖盘
569,10:21:22,7.59,-0.01,10,7590,卖盘
570,10:21:27,7.59,0.0,11,8349,卖盘
571,10:21:31,7.6,0.01,30,22800,买盘
572,10:21:34,7.59,-0.01,2,1518,卖盘
573,10:21:55,7.59,0.0,5,3795,卖盘
574,10:22:01,7.59,0.0,9,6831,卖盘
575,10:22:07,7.6,0.01,22,16720,买盘
576,10:22:19,7.6,0.0,103,78365,卖盘
577,10:22:25,7.6,0.0,2,1520,买盘
578,10:22:28,7.61,0.01,203,154480,买盘
579,10:22:31,7.61,0.0,9,6849,买盘
580,10:22:34,7.6,-0.01,68,51767,卖盘
581,10:22:37,7.63,0.03,50,38106,买盘
582,10:22:43,7.63,0.0,4,3052,买盘
583,10:22:46,7.63,0.0,18,13734,买盘
584,10:22:49,7.63,0.0,2,1526,买盘
585,10:22:52,7.63,0.0,1,763,买盘
586,10:22:54,7.63,0.0,35,26705,买盘
587,10:23:01,7.63,0.0,102,77726,买盘
588,10:23:07,7.63,0.0,3,2289,买盘
589,10:23:10,7.63,0.0,67,51121,买盘
590,10:23:16,7.65,0.02,67,51235,买盘
591,10:23:24,7.63,-0.02,21,16023,卖盘
592,10:23:28,7.65,0.02,9,6885,买盘
593,10:23:31,7.66,0.01,48,36768,买盘
594,10:23:40,7.66,0.0,1,766,买盘
595,10:23:52,7.65,-0.01,21,16065,卖盘
596,10:24:01,7.68,0.03,400,306550,买盘
597,10:24:13,7.66,-0.02,50,38300,卖盘
598,10:24:16,7.66,0.0,50,38300,买盘
599,10:24:19,7.69,0.03,400,307192,买盘
600,10:24:25,7.66,-0.03,5,3830,卖盘
601,10:24:28,7.67,0.01,1,767,买盘
602,10:24:34,7.67,0.0,54,41378,买盘
603,10:24:43,7.66,-0.01,66,50592,卖盘
604,10:24:46,7.66,0.0,34,26044,买盘
605,10:24:49,7.65,-0.01,5,3825,卖盘
606,10:24:51,7.65,0.0,31,23739,卖盘
607,10:25:01,7.66,0.01,131,100377,卖盘
608,10:25:04,7.66,0.0,13,9967,卖盘
609,10:25:10,7.66,0.0,352,269632,卖盘
610,10:25:18,7.66,0.0,129,98814,买盘
611,10:25:31,7.65,-0.01,84,64260,卖盘
612,10:25:34,7.65,0.0,30,22950,买盘
613,10:25:40,7.65,0.0,1,765,买盘
614,10:25:43,7.65,0.0,1,765,买盘
615,10:25:48,7.65,0.0,7,5355,买盘
616,10:25:51,7.65,0.0,1,765,买盘
617,10:25:55,7.65,0.0,1,765,买盘
618,10:25:58,7.65,0.0,4,3060,买盘
619,10:26:01,7.64,-0.01,121,92444,卖盘
620,10:26:04,7.64,0.0,1,764,买盘
621,10:26:07,7.64,0.0,19,14516,买盘
622,10:26:10,7.64,0.0,15,11460,买盘
623,10:26:22,7.63,-0.01,7,5341,卖盘
624,10:26:25,7.64,0.01,8,6112,买盘
625,10:26:40,7.62,-0.02,20,15246,卖盘
626,10:26:54,7.61,-0.01,32,24352,卖盘
627,10:27:04,7.62,0.01,5,3810,买盘
628,10:27:21,7.62,0.0,50,38100,买盘
629,10:27:31,7.62,0.0,195,148590,买盘
630,10:27:37,7.64,0.02,3,2292,买盘
631,10:27:46,7.65,0.01,1,765,买盘
632,10:27:52,7.65,0.0,9,6880,买盘
633,10:27:58,7.64,-0.01,136,104026,卖盘
634,10:28:01,7.65,0.01,11,8415,中性盘
635,10:28:16,7.65,0.0,5,3825,买盘
636,10:28:46,7.64,-0.01,29,22156,卖盘
637,10:28:55,7.64,0.0,5,3820,买盘
638,10:28:57,7.64,0.0,74,56536,买盘
639,10:29:07,7.65,0.01,271,207380,买盘
640,10:29:10,7.65,0.0,10,7650,卖盘
641,10:29:13,7.64,-0.01,302,231085,卖盘
642,10:29:31,7.64,0.0,1,764,卖盘
643,10:29:34,7.65,0.01,3,2295,买盘
644,10:29:42,7.65,0.0,13,9945,买盘
645,10:29:46,7.65,0.0,13,9945,买盘
646,10:30:01,7.67,0.02,346,265265,买盘
647,10:30:13,7.68,0.01,397,304736,买盘
648,10:30:22,7.67,-0.01,26,19942,买盘
649,10:30:37,7.66,-0.01,133,101878,卖盘
650,10:30:40,7.66,0.0,4,3064,买盘
651,10:30:43,7.66,0.0,113,86557,买盘
652,10:30:46,7.65,-0.01,1,765,卖盘
653,10:30:49,7.65,0.0,106,81090,卖盘
654,10:30:55,7.65,0.0,5,3825,买盘
655,10:31:10,7.64,-0.01,5,3820,卖盘
656,10:31:18,7.65,0.01,92,70380,买盘
657,10:31:25,7.65,0.0,12,9180,卖盘
658,10:31:34,7.65,0.0,11,8415,卖盘
659,10:31:37,7.66,0.01,3,2298,买盘
660,10:31:52,7.65,-0.01,100,76500,卖盘
661,10:31:57,7.65,0.0,2,1530,卖盘
662,10:32:01,7.66,0.01,8,6128,买盘
663,10:32:07,7.66,0.0,26,19916,买盘
664,10:32:28,7.66,0.0,5,3830,买盘
665,10:32:37,7.63,-0.02,300,228996,卖盘
666,10:32:58,7.65,0.02,6,4590,买盘
667,10:33:10,7.65,0.0,28,21420,买盘
668,10:33:25,7.65,0.0,100,76500,卖盘
669,10:33:28,7.65,0.0,10,7650,卖盘
670,10:33:31,7.65,0.0,8,6120,卖盘
671,10:33:52,7.64,-0.01,12,9168,买盘
672,10:34:10,7.65,0.01,322,245993,买盘
673,10:34:52,7.63,-0.02,194,148029,卖盘
674,10:35:00,7.63,0.0,25,19098,买盘
675,10:35:07,7.63,0.0,1,763,卖盘
676,10:35:31,7.63,0.0,96,73225,卖盘
677,10:35:37,7.63,0.0,4,3075,买盘
678,10:35:43,7.64,0.01,2,1505,卖盘
679,10:35:48,7.62,-0.02,1,762,卖盘
680,10:35:58,7.61,-0.01,4,3044,卖盘
681,10:36:13,7.61,0.0,4,3044,卖盘
682,10:36:19,7.62,0.01,48,36548,买盘
683,10:36:24,7.61,-0.01,32,24352,卖盘
684,10:36:39,7.61,0.0,11,8371,卖盘
685,10:36:46,7.61,0.0,49,37289,卖盘
686,10:37:04,7.61,0.0,4,3044,卖盘
687,10:37:07,7.61,0.0,2,1522,卖盘
688,10:37:19,7.6,-0.01,1,760,卖盘
689,10:37:55,7.6,0.0,4,3040,卖盘
690,10:38:07,7.61,0.01,49,37289,买盘
691,10:38:24,7.6,-0.01,5,3800,卖盘
692,10:38:43,7.61,0.01,84,63924,买盘
693,10:38:46,7.61,0.0,147,111867,买盘
694,10:39:04,7.63,0.02,2,1526,买盘
695,10:39:37,7.63,0.0,80,61040,买盘
696,10:39:43,7.63,0.0,30,22890,卖盘
697,10:40:04,7.64,0.01,10,7640,买盘
698,10:40:49,7.63,-0.01,30,22890,卖盘
699,10:40:52,7.63,0.0,2,1526,卖盘
700,10:40:58,7.63,0.0,3,2289,买盘
701,10:41:27,7.64,0.01,47,35882,买盘
702,10:41:55,7.64,0.0,15,11460,买盘
703,10:41:57,7.63,-0.01,20,15260,卖盘
704,10:42:10,7.63,0.0,7,5341,买盘
705,10:42:13,7.63,0.0,26,19838,买盘
706,10:42:31,7.62,-0.01,200,152400,卖盘
707,10:42:33,7.63,0.01,48,36623,买盘
708,10:42:36,7.63,0.0,1,763,卖盘
709,10:42:43,7.63,0.0,362,276206,卖盘
710,10:43:00,7.63,0.0,1,763,买盘
711,10:43:21,7.62,-0.01,3,2286,买盘
712,10:43:24,7.62,0.0,13,9906,买盘
713,10:43:27,7.62,0.0,3,2286,买盘
714,10:43:31,7.62,0.0,8,6096,买盘
715,10:43:37,7.61,-0.01,168,127865,卖盘
716,10:43:42,7.61,0.0,7,5327,买盘
717,10:43:55,7.61,0.0,65,49465,买盘
718,10:44:01,7.61,0.0,42,31937,买盘
719,10:44:04,7.61,0.0,2,1522,买盘
720,10:44:10,7.61,0.0,20,15220,买盘
721,10:44:12,7.6,-0.01,204,155050,卖盘
722,10:44:16,7.6,0.0,247,187720,买盘
723,10:44:22,7.6,0.0,18,13680,买盘
724,10:44:40,7.6,0.0,2,1520,卖盘
725,10:44:46,7.61,0.01,75,57075,买盘
726,10:44:52,7.6,-0.01,93,70704,卖盘
727,10:45:13,7.61,0.01,20,15220,买盘
728,10:45:21,7.61,0.0,5,3805,买盘
729,10:45:37,7.61,0.0,10,7610,买盘
730,10:45:40,7.6,-0.01,1,760,卖盘
731,10:46:12,7.6,0.0,175,133000,卖盘
732,10:46:15,7.6,0.0,36,27360,买盘
733,10:46:21,7.6,0.0,5,3800,买盘
734,10:47:07,7.61,0.01,1,761,买盘
735,10:47:10,7.61,0.0,5,3805,买盘
736,10:47:25,7.6,-0.01,1,760,卖盘
737,10:47:58,7.61,0.01,1,761,买盘
738,10:48:16,7.61,0.0,126,95886,买盘
739,10:49:01,7.62,0.01,2,1524,买盘
740,10:49:19,7.61,-0.01,13,9893,卖盘
741,10:49:25,7.62,0.01,20,15235,买盘
742,10:49:37,7.61,-0.01,21,15981,卖盘
743,10:49:46,7.62,0.01,2,1524,买盘
744,10:49:57,7.62,0.0,31,23622,买盘
745,10:50:04,7.63,0.01,119,90794,买盘
746,10:50:13,7.64,0.01,177,135120,买盘
747,10:50:37,7.66,0.02,180,137755,买盘
748,10:50:49,7.66,0.0,20,15320,买盘
749,10:51:01,7.67,0.01,247,189247,买盘
750,10:51:07,7.67,0.0,2,1534,卖盘
751,10:51:13,7.67,0.0,29,22243,卖盘
752,10:51:16,7.67,0.0,26,19942,买盘
753,10:51:19,7.67,0.0,30,23010,买盘
754,10:51:28,7.67,0.0,48,36816,买盘
755,10:51:31,7.68,0.01,95,72879,买盘
756,10:51:34,7.68,0.0,11,8448,买盘
757,10:51:46,7.68,0.0,53,40704,买盘
758,10:51:55,7.67,-0.01,29,22243,卖盘
759,10:51:58,7.67,0.0,7,5369,买盘
760,10:52:01,7.67,0.0,40,30680,买盘
761,10:52:04,7.67,0.0,1,767,买盘
762,10:52:15,7.67,0.0,23,17641,买盘
763,10:52:28,7.67,0.0,10,7670,卖盘
764,10:52:31,7.67,0.0,17,13039,卖盘
765,10:52:36,7.67,0.0,55,42165,买盘
766,10:52:55,7.67,0.0,15,11505,买盘
767,10:53:16,7.67,0.0,20,15340,买盘
768,10:53:22,7.66,-0.01,25,19150,卖盘
769,10:53:34,7.67,0.01,56,42952,买盘
770,10:53:43,7.67,0.0,14,10738,卖盘
771,10:53:46,7.67,0.0,1,767,买盘
772,10:53:49,7.67,0.0,1,767,卖盘
773,10:54:01,7.67,0.0,62,47554,买盘
774,10:54:09,7.67,0.0,104,79768,卖盘
775,10:54:19,7.65,-0.02,421,322113,卖盘
776,10:54:22,7.65,0.0,11,8415,买盘
777,10:54:31,7.64,-0.01,121,92604,卖盘
778,10:54:37,7.64,0.0,7,5348,买盘
779,10:55:19,7.64,0.0,34,25976,卖盘
780,10:55:37,7.64,0.0,2,1528,卖盘
781,10:55:55,7.66,0.02,40,30640,买盘
782,10:56:34,7.64,-0.02,9,6876,卖盘
783,10:56:40,7.65,0.01,2,1530,买盘
784,10:56:45,7.65,0.0,11,8415,卖盘
785,10:57:31,7.65,0.0,21,16065,卖盘
786,10:57:46,7.65,0.0,55,42075,买盘
787,10:57:49,7.65,0.0,1,765,买盘
788,10:57:57,7.65,0.0,3,2295,买盘
789,10:58:33,7.65,0.0,26,19890,买盘
790,10:58:51,7.64,-0.01,62,47388,卖盘
791,10:58:57,7.64,0.0,2,1528,买盘
792,10:59:16,7.64,0.0,134,102376,买盘
793,10:59:24,7.63,-0.01,8,6104,卖盘
794,11:00:34,7.64,0.01,6,4584,卖盘
795,11:01:27,7.64,0.0,5,3820,卖盘
796,11:01:31,7.65,0.01,14,10710,买盘
797,11:02:00,7.65,0.0,9,6885,买盘
798,11:02:22,7.66,0.01,25,19150,买盘
799,11:02:27,7.65,-0.01,12,9180,卖盘
800,11:02:33,7.65,0.0,6,4590,买盘
801,11:02:45,7.65,0.0,8,6120,买盘
802,11:02:54,7.65,0.0,18,13770,卖盘
803,11:02:57,7.65,0.0,8,6120,买盘
804,11:03:04,7.64,-0.01,14,10696,卖盘
805,11:03:19,7.64,0.0,27,20648,卖盘
806,11:03:28,7.64,0.0,10,7640,卖盘
807,11:03:31,7.64,0.0,2,1528,卖盘
808,11:04:12,7.64,0.0,25,19100,买盘
809,11:04:18,7.64,0.0,2,1528,买盘
810,11:04:24,7.64,0.0,1,764,买盘
811,11:04:34,7.65,0.01,6,4590,买盘
812,11:05:15,7.64,-0.01,31,23684,卖盘
813,11:05:21,7.64,0.0,20,15280,卖盘
814,11:05:28,7.64,0.0,9,6876,卖盘
815,11:05:46,7.64,0.0,22,16808,买盘
816,11:06:36,7.63,-0.01,20,15260,卖盘
817,11:06:55,7.63,0.0,37,28231,卖盘
818,11:08:27,7.63,0.0,193,147259,卖盘
819,11:08:40,7.63,0.0,13,9919,买盘
820,11:09:01,7.63,0.0,4,3052,买盘
821,11:09:31,7.63,0.0,38,28994,买盘
822,11:09:43,7.63,0.0,18,13734,买盘
823,11:10:04,7.63,0.0,2,1526,卖盘
824,11:10:16,7.63,0.0,10,7630,卖盘
825,11:10:42,7.63,0.0,1,763,卖盘
826,11:10:45,7.63,0.0,11,8393,卖盘
827,11:10:52,7.63,0.0,43,32809,卖盘
828,11:11:09,7.63,0.0,60,45780,卖盘
829,11:11:43,7.63,0.0,63,48069,买盘
830,11:12:00,7.62,-0.01,127,96774,卖盘
831,11:12:42,7.62,0.0,10,7620,买盘
832,11:13:37,7.61,-0.01,40,30440,卖盘
833,11:13:39,7.61,0.0,74,56314,卖盘
834,11:13:46,7.6,-0.01,170,129250,卖盘
835,11:13:49,7.6,0.0,21,15960,卖盘
836,11:13:58,7.59,-0.01,106,80507,卖盘
837,11:14:25,7.59,0.0,10,7590,卖盘
838,11:14:28,7.59,0.0,7,5313,卖盘
839,11:14:31,7.59,0.0,6,4554,卖盘
840,11:14:34,7.59,0.0,50,37950,卖盘
841,11:14:40,7.59,0.0,117,88803,卖盘
842,11:14:49,7.59,0.0,8,6072,卖盘
843,11:14:51,7.58,-0.01,57,43212,卖盘
844,11:15:07,7.58,0.0,3,2274,卖盘
845,11:15:09,7.58,0.0,2,1516,卖盘
846,11:15:19,7.58,0.0,42,31836,卖盘
847,11:15:36,7.58,0.0,58,43964,卖盘
848,11:16:01,7.58,0.0,41,31078,卖盘
849,11:16:07,7.58,0.0,10,7580,卖盘
850,11:16:15,7.58,0.0,139,105362,卖盘
851,11:16:22,7.58,0.0,23,17434,买盘
852,11:16:43,7.59,0.01,154,116842,买盘
853,11:16:49,7.59,0.0,12,9108,买盘
854,11:16:54,7.59,0.0,1,759,买盘
855,11:16:57,7.59,0.0,4,3036,买盘
856,11:17:24,7.6,0.01,121,91957,买盘
857,11:17:37,7.6,0.0,113,85880,卖盘
858,11:17:43,7.6,0.0,1,760,卖盘
859,11:17:46,7.6,0.0,1,760,卖盘
860,11:17:55,7.61,0.01,51,38811,买盘
861,11:18:37,7.61,0.0,50,38050,买盘
862,11:18:43,7.61,0.0,51,38770,买盘
863,11:18:51,7.62,0.01,198,150876,买盘
864,11:19:16,7.62,0.0,1,762,买盘
865,11:20:00,7.63,0.01,168,128108,买盘
866,11:20:06,7.63,0.0,2,1526,卖盘
867,11:20:09,7.64,0.01,22,16808,买盘
868,11:20:19,7.64,0.0,42,32088,买盘
869,11:20:40,7.65,0.01,216,165045,买盘
870,11:20:46,7.65,0.0,17,13005,卖盘
871,11:21:09,7.65,0.0,5,3825,买盘
872,11:21:51,7.63,-0.02,10,7630,卖盘
873,11:21:54,7.64,0.01,22,16808,买盘
874,11:22:19,7.64,0.0,151,115088,买盘
875,11:22:22,7.64,0.0,89,67996,买盘
876,11:22:31,7.64,0.0,5,3820,买盘
877,11:23:19,7.63,-0.01,6,4578,卖盘
878,11:23:24,7.63,0.0,1,763,买盘
879,11:23:27,7.63,0.0,8,6104,买盘
880,11:23:43,7.63,0.0,20,15260,卖盘
881,11:23:52,7.63,0.0,10,7630,卖盘
882,11:23:55,7.64,0.01,28,21392,买盘
883,11:23:58,7.64,0.0,1,764,买盘
884,11:24:01,7.64,0.0,1,764,买盘
885,11:24:04,7.64,0.0,1,764,买盘
886,11:24:07,7.64,0.0,1,764,买盘
887,11:24:09,7.64,0.0,4,3056,买盘
888,11:24:19,7.64,0.0,26,19864,买盘
889,11:24:25,7.64,0.0,23,17572,买盘
890,11:24:58,7.64,0.0,3,2292,卖盘
891,11:25:24,7.64,0.0,8,6112,买盘
892,11:25:52,7.64,0.0,20,15280,买盘
893,11:25:55,7.63,-0.01,1,763,卖盘
894,11:26:00,7.63,0.0,20,15260,卖盘
895,11:26:06,7.64,0.01,47,35908,买盘
896,11:26:12,7.64,0.0,53,40492,卖盘
897,11:27:10,7.64,0.0,6,4584,买盘
898,11:27:16,7.64,0.0,109,83276,买盘
899,11:27:34,7.64,0.0,61,46604,卖盘
900,11:27:48,7.65,0.01,247,188955,买盘
901,11:27:55,7.65,0.0,13,9945,买盘
902,11:28:07,7.66,0.01,12,9192,买盘
903,11:28:10,7.66,0.0,100,76600,买盘
904,11:28:15,7.66,0.0,25,19150,买盘
905,11:28:40,7.67,0.01,15,11505,买盘
906,11:28:42,7.66,-0.01,19,14554,卖盘
907,11:28:49,7.66,0.0,39,29874,卖盘
908,11:28:52,7.68,0.02,366,280904,买盘
909,11:29:06,7.68,0.0,1,768,买盘
910,11:29:09,7.68,0.0,1,768,买盘
911,11:29:16,7.68,0.0,8,6144,买盘
912,11:29:31,7.67,-0.01,30,23010,卖盘
913,11:29:34,7.67,0.0,5,3835,卖盘
914,11:29:36,7.67,0.0,14,10738,卖盘
915,11:29:42,7.7,0.03,1528,1174962,买盘
916,11:29:48,7.67,-0.03,50,38350,卖盘
917,13:00:04,7.68,0.01,8,6148,中性盘
918,13:00:07,7.69,0.01,433,332844,买盘
919,13:00:09,7.7,0.01,46,35402,买盘
920,13:00:18,7.7,0.0,50,38500,买盘
921,13:00:21,7.7,0.0,4,3080,买盘
922,13:00:27,7.7,0.0,20,15400,买盘
923,13:00:33,7.69,-0.01,10,7690,卖盘
924,13:00:36,7.69,0.0,8,6152,卖盘
925,13:00:39,7.7,0.01,15,11538,买盘
926,13:00:51,7.69,-0.01,15,11535,买盘
927,13:01:10,7.68,-0.01,2,1536,卖盘
928,13:01:13,7.68,0.0,7,5376,卖盘
929,13:01:18,7.68,0.0,2,1536,买盘
930,13:01:30,7.69,0.01,104,79945,买盘
931,13:01:33,7.68,-0.01,5,3840,买盘
932,13:01:46,7.69,0.01,12,9217,买盘
933,13:01:57,7.68,-0.01,4,3072,买盘
934,13:02:10,7.68,0.0,139,106752,卖盘
935,13:02:18,7.68,0.0,20,15360,买盘
936,13:02:25,7.67,-0.01,69,52923,卖盘
937,13:02:36,7.67,0.0,5,3835,卖盘
938,13:02:42,7.67,0.0,5,3835,卖盘
939,13:02:45,7.67,0.0,3,2301,卖盘
940,13:03:25,7.66,-0.01,23,17618,卖盘
941,13:03:28,7.66,0.0,1,766,卖盘
942,13:03:36,7.66,0.0,10,7660,卖盘
943,13:04:09,7.67,0.01,26,19942,买盘
944,13:04:15,7.67,0.0,45,34515,买盘
945,13:04:40,7.67,0.0,4,3068,卖盘
946,13:04:45,7.67,0.0,10,7670,卖盘
947,13:05:43,7.67,0.0,10,7670,卖盘
948,13:06:09,7.67,0.0,10,7670,卖盘
949,13:06:18,7.67,0.0,100,76700,卖盘
950,13:06:21,7.67,0.0,2,1534,卖盘
951,13:06:30,7.67,0.0,10,7670,卖盘
952,13:06:42,7.67,0.0,12,9204,卖盘
953,13:06:54,7.67,0.0,79,60593,卖盘
954,13:07:00,7.67,0.0,7,5369,卖盘
955,13:07:39,7.68,0.01,246,188910,买盘
956,13:07:52,7.68,0.0,5,3840,卖盘
957,13:08:04,7.69,0.01,116,89188,买盘
958,13:08:07,7.68,-0.01,202,155146,卖盘
959,13:08:09,7.69,0.01,75,57675,买盘
960,13:08:12,7.69,0.0,26,19994,买盘
961,13:08:15,7.69,0.0,20,15380,卖盘
962,13:08:18,7.68,-0.01,17,13061,卖盘
963,13:08:22,7.7,0.02,26,20020,买盘
964,13:08:30,7.69,-0.01,1,769,卖盘
965,13:08:42,7.69,0.0,13,9997,买盘
966,13:08:46,7.68,-0.01,154,118321,卖盘
967,13:08:52,7.69,0.01,33,25377,买盘
968,13:08:57,7.69,0.0,2,1538,买盘
969,13:09:00,7.69,0.0,3,2307,买盘
970,13:09:12,7.68,-0.01,20,15360,卖盘
971,13:09:27,7.69,0.01,140,107660,买盘
972,13:09:37,7.68,-0.01,8,6144,卖盘
973,13:09:43,7.69,0.01,7,5383,买盘
974,13:09:58,7.69,0.0,6,4614,买盘
975,13:10:27,7.69,0.0,20,15380,买盘
976,13:10:31,7.68,-0.01,3,2304,卖盘
977,13:10:49,7.69,0.01,1,769,买盘
978,13:10:54,7.68,-0.01,6,4613,卖盘
979,13:10:57,7.68,0.0,20,15360,卖盘
980,13:11:22,7.68,0.0,20,15360,卖盘
981,13:11:25,7.68,0.0,82,62976,卖盘
982,13:11:28,7.68,0.0,20,15360,卖盘
983,13:11:34,7.68,0.0,6,4608,卖盘
984,13:11:43,7.68,0.0,30,23040,卖盘
985,13:11:45,7.68,0.0,4,3072,卖盘
986,13:11:49,7.68,0.0,2,1536,买盘
987,13:11:58,7.68,0.0,8,6144,买盘
988,13:12:04,7.68,0.0,30,23020,买盘
989,13:12:34,7.68,0.0,7,5376,买盘
990,13:12:43,7.67,-0.01,10,7670,卖盘
991,13:12:51,7.67,0.0,16,12272,卖盘
992,13:13:07,7.67,0.0,120,92040,卖盘
993,13:13:13,7.67,0.0,1,767,卖盘
994,13:13:33,7.66,-0.01,8,6128,卖盘
995,13:13:57,7.67,0.01,5,3835,买盘
996,13:14:07,7.66,-0.01,6,4596,卖盘
997,13:14:19,7.67,0.01,14,10729,买盘
998,13:14:30,7.66,-0.01,25,19150,卖盘
999,13:15:01,7.67,0.01,9,6903,买盘
1000,13:15:04,7.66,-0.01,10,7660,卖盘
1001,13:15:18,7.66,0.0,67,51322,卖盘
1002,13:15:49,7.67,0.01,2,1534,买盘
1003,13:15:51,7.66,-0.01,11,8426,卖盘
1004,13:15:55,7.66,0.0,5,3830,卖盘
1005,13:16:04,7.66,0.0,10,7660,卖盘
1006,13:16:07,7.67,0.01,26,19942,买盘
1007,13:16:09,7.67,0.0,195,149565,买盘
1008,13:16:16,7.66,-0.01,3,2298,买盘
1009,13:16:25,7.66,0.0,30,22980,卖盘
1010,13:16:34,7.67,0.01,31,23776,买盘
1011,13:16:46,7.66,-0.01,1,766,卖盘
1012,13:16:58,7.67,0.01,6,4602,买盘
1013,13:17:07,7.66,-0.01,11,8426,卖盘
1014,13:17:10,7.67,0.01,10,7670,买盘
1015,13:17:25,7.66,-0.01,20,15320,卖盘
1016,13:17:49,7.66,0.0,19,14554,卖盘
1017,13:18:16,7.66,0.0,10,7660,买盘
1018,13:18:19,7.64,-0.02,148,113151,卖盘
1019,13:18:22,7.64,0.0,1,764,买盘
1020,13:18:25,7.64,0.0,6,4584,买盘
1021,13:18:40,7.63,-0.01,80,61112,卖盘
1022,13:18:51,7.63,0.0,57,43507,卖盘
1023,13:19:40,7.63,0.0,29,22137,卖盘
1024,13:19:52,7.64,0.01,20,15280,卖盘
1025,13:20:07,7.65,0.01,1,765,买盘
1026,13:20:19,7.65,0.0,40,30600,卖盘
1027,13:20:37,7.66,0.01,21,16086,买盘
1028,13:20:48,7.67,0.01,105,80535,买盘
1029,13:20:52,7.66,-0.01,16,12256,卖盘
1030,13:20:55,7.66,0.0,37,28342,买盘
1031,13:20:58,7.66,0.0,43,32933,买盘
1032,13:21:10,7.68,0.02,18,13824,买盘
1033,13:21:19,7.68,0.0,78,59904,买盘
1034,13:21:24,7.68,0.0,7,5376,买盘
1035,13:21:40,7.68,0.0,12,9216,卖盘
1036,13:21:42,7.68,0.0,9,6912,卖盘
1037,13:21:55,7.68,0.0,10,7680,买盘
1038,13:22:04,7.68,0.0,12,9216,买盘
1039,13:22:06,7.67,-0.01,24,18408,卖盘
1040,13:22:13,7.67,0.0,6,4602,买盘
1041,13:22:16,7.67,0.0,14,10738,卖盘
1042,13:22:52,7.67,0.0,28,21476,买盘
1043,13:23:06,7.67,0.0,15,11505,买盘
1044,13:23:34,7.67,0.0,69,52923,买盘
1045,13:23:37,7.67,0.0,14,10738,中性盘
1046,13:23:46,7.68,0.01,23,17645,买盘
1047,13:23:48,7.68,0.0,57,43776,买盘
1048,13:23:58,7.67,-0.01,5,3835,卖盘
1049,13:24:04,7.68,0.01,22,16896,买盘
1050,13:24:16,7.68,0.0,5,3840,买盘
1051,13:24:21,7.67,-0.01,24,18408,卖盘
1052,13:24:24,7.68,0.01,3,2304,买盘
1053,13:24:30,7.68,0.0,58,44544,买盘
1054,13:24:36,7.68,0.0,9,6912,买盘
1055,13:24:55,7.68,0.0,10,7680,卖盘
1056,13:25:01,7.68,0.0,10,7680,卖盘
1057,13:25:04,7.68,0.0,24,18432,卖盘
1058,13:25:13,7.68,0.0,20,15360,买盘
1059,13:25:30,7.67,-0.01,3,2301,卖盘
1060,13:25:40,7.68,0.01,74,56796,买盘
1061,13:25:46,7.68,0.0,10,7680,卖盘
1062,13:25:52,7.68,0.0,50,38400,卖盘
1063,13:25:58,7.68,0.0,1,768,卖盘
1064,13:26:04,7.68,0.0,20,15360,卖盘
1065,13:26:06,7.68,0.0,5,3840,卖盘
1066,13:26:19,7.69,0.01,117,89973,买盘
1067,13:26:21,7.68,-0.01,10,7680,卖盘
1068,13:26:30,7.68,0.0,20,15360,卖盘
1069,13:26:43,7.68,0.0,20,15360,卖盘
1070,13:26:46,7.68,0.0,8,6144,卖盘
1071,13:26:51,7.68,0.0,2,1536,卖盘
1072,13:27:04,7.68,0.0,38,29219,卖盘
1073,13:27:10,7.68,0.0,10,7680,卖盘
1074,13:27:21,7.68,0.0,15,11520,卖盘
1075,13:27:25,7.68,0.0,50,38400,卖盘
1076,13:27:31,7.68,0.0,21,16128,卖盘
1077,13:27:34,7.68,0.0,5,3840,卖盘
1078,13:27:46,7.68,0.0,40,30720,卖盘
1079,13:27:49,7.68,0.0,3,2304,卖盘
1080,13:27:58,7.68,0.0,1,768,买盘
1081,13:28:03,7.68,0.0,1,768,买盘
1082,13:28:07,7.68,0.0,3,2304,买盘
1083,13:28:10,7.68,0.0,2,1536,买盘
1084,13:28:13,7.67,-0.01,9,6903,卖盘
1085,13:28:16,7.68,0.01,27,20736,买盘
1086,13:28:19,7.67,-0.01,111,85140,卖盘
1087,13:28:25,7.67,0.0,20,15340,买盘
1088,13:28:31,7.67,0.0,69,52923,买盘
1089,13:28:39,7.68,0.01,23,17664,买盘
1090,13:28:49,7.69,0.01,195,149948,买盘
1091,13:28:52,7.69,0.0,243,186867,买盘
1092,13:28:57,7.69,0.0,9,6921,买盘
1093,13:29:16,7.69,0.0,42,32298,卖盘
1094,13:29:19,7.68,-0.01,19,14592,卖盘
1095,13:29:22,7.68,0.0,6,4608,买盘
1096,13:29:27,7.69,0.01,55,42270,买盘
1097,13:29:49,7.69,0.0,15,11535,买盘
1098,13:29:57,7.68,-0.01,8,6144,卖盘
1099,13:30:00,7.68,0.0,8,6144,卖盘
1100,13:30:03,7.68,0.0,5,3840,卖盘
1101,13:30:13,7.69,0.01,95,73040,买盘
1102,13:30:16,7.69,0.0,132,101508,买盘
1103,13:30:18,7.68,-0.01,10,7680,卖盘
1104,13:30:40,7.69,0.01,139,106891,买盘
1105,13:30:43,7.69,0.0,12,9228,卖盘
1106,13:30:46,7.68,-0.01,200,153609,卖盘
1107,13:30:49,7.7,0.02,40,30800,买盘
1108,13:30:52,7.7,0.0,19,14630,买盘
1109,13:31:12,7.69,-0.01,32,24608,买盘
1110,13:31:16,7.69,0.0,53,40757,买盘
1111,13:31:25,7.69,0.0,101,77669,卖盘
1112,13:31:37,7.69,0.0,4,3076,买盘
1113,13:31:39,7.69,0.0,100,76900,买盘
1114,13:31:43,7.7,0.01,1211,932039,买盘
1115,13:31:46,7.7,0.0,5,3850,卖盘
1116,13:31:48,7.71,0.01,221,170270,买盘
1117,13:31:52,7.71,0.0,207,159597,买盘
1118,13:31:55,7.71,0.0,148,114108,买盘
1119,13:32:01,7.72,0.01,60,46320,买盘
1120,13:32:04,7.71,-0.01,214,165169,卖盘
1121,13:32:07,7.72,0.01,48,37056,买盘
1122,13:32:10,7.72,0.0,10,7720,卖盘
1123,13:32:13,7.72,0.0,29,22388,卖盘
1124,13:32:19,7.72,0.0,42,32444,卖盘
1125,13:32:22,7.72,0.0,150,115800,买盘
1126,13:32:25,7.72,0.0,20,15440,买盘
1127,13:32:28,7.71,-0.01,150,115663,卖盘
1128,13:32:34,7.71,0.0,33,25443,买盘
1129,13:32:36,7.68,-0.03,7,5381,卖盘
1130,13:32:46,7.7,0.02,9,6930,买盘
1131,13:32:49,7.69,-0.01,16,12317,中性盘
1132,13:32:51,7.69,0.0,23,17687,买盘
1133,13:32:58,7.69,0.0,12,9228,买盘
1134,13:33:04,7.68,-0.01,4,3072,卖盘
1135,13:33:07,7.68,0.0,20,15360,卖盘
1136,13:33:10,7.69,0.01,3,2307,买盘
1137,13:33:13,7.69,0.0,137,105328,买盘
1138,13:33:16,7.68,-0.01,79,60732,卖盘
1139,13:33:19,7.68,0.0,23,17664,卖盘
1140,13:33:25,7.68,0.0,20,15360,卖盘
1141,13:33:28,7.68,0.0,3,2304,卖盘
1142,13:33:31,7.68,0.0,59,45312,卖盘
1143,13:33:34,7.68,0.0,10,7680,卖盘
1144,13:33:37,7.68,0.0,11,8448,卖盘
1145,13:33:43,7.68,0.0,8,6144,买盘
1146,13:33:46,7.67,-0.01,15,11508,卖盘
1147,13:33:49,7.68,0.01,45,34559,买盘
1148,13:33:57,7.66,-0.02,10,7666,卖盘
1149,13:34:00,7.66,0.0,1,766,卖盘
1150,13:34:04,7.67,0.01,14,10738,中性盘
1151,13:34:07,7.67,0.0,2,1534,买盘
1152,13:34:13,7.67,0.0,2,1534,卖盘
1153,13:34:15,7.68,0.01,30,23032,买盘
1154,13:34:18,7.68,0.0,4,3072,买盘
1155,13:34:22,7.68,0.0,6,4608,买盘
1156,13:34:25,7.67,-0.01,37,28379,卖盘
1157,13:34:28,7.67,0.0,92,70564,卖盘
1158,13:34:40,7.67,0.0,11,8437,卖盘
1159,13:34:48,7.66,-0.01,15,11493,卖盘
1160,13:34:58,7.67,0.01,6,4602,买盘
1161,13:35:07,7.67,0.0,10,7670,卖盘
1162,13:35:24,7.68,0.01,202,154917,买盘
1163,13:35:27,7.68,0.0,120,92160,买盘
1164,13:35:34,7.68,0.0,20,15360,卖盘
1165,13:35:37,7.69,0.01,95,73026,买盘
1166,13:35:40,7.69,0.0,19,14611,买盘
1167,13:35:43,7.68,-0.01,30,23040,卖盘
1168,13:35:46,7.7,0.02,149,114710,买盘
1169,13:35:52,7.68,-0.02,10,7680,卖盘
1170,13:36:04,7.68,0.0,51,39209,卖盘
1171,13:36:06,7.68,0.0,8,6144,卖盘
1172,13:36:13,7.68,0.0,7,5376,买盘
1173,13:36:19,7.68,0.0,8,6144,买盘
1174,13:36:22,7.67,-0.01,104,79772,卖盘
1175,13:36:28,7.68,0.01,18,13824,买盘
1176,13:36:43,7.67,-0.01,31,23777,买盘
1177,13:37:01,7.67,0.0,19,14573,买盘
1178,13:37:04,7.66,-0.01,1,766,卖盘
1179,13:37:07,7.67,0.01,25,19151,买盘
1180,13:37:10,7.67,0.0,80,61360,买盘
1181,13:37:13,7.67,0.0,13,9971,卖盘
1182,13:37:19,7.67,0.0,3,2301,卖盘
1183,13:37:22,7.67,0.0,3,2301,卖盘
1184,13:37:27,7.67,0.0,5,3835,买盘
1185,13:37:34,7.67,0.0,2,1534,买盘
1186,13:37:37,7.66,-0.01,100,76630,卖盘
1187,13:37:43,7.67,0.01,12,9204,卖盘
1188,13:37:52,7.67,0.0,14,10738,卖盘
1189,13:37:55,7.67,0.0,5,3835,买盘
1190,13:38:04,7.67,0.0,56,42963,卖盘
1191,13:38:19,7.66,-0.01,25,19160,卖盘
1192,13:38:46,7.66,0.0,37,28342,卖盘
1193,13:38:49,7.66,0.0,76,58216,卖盘
1194,13:39:10,7.65,-0.01,21,16065,卖盘
1195,13:39:12,7.66,0.01,5,3830,买盘
1196,13:39:16,7.65,-0.01,1,765,卖盘
1197,13:39:31,7.66,0.01,2,1532,买盘
1198,13:39:37,7.66,0.0,5,3830,买盘
1199,13:39:51,7.66,0.0,5,3830,买盘
1200,13:39:57,7.65,-0.01,91,69615,卖盘
1201,13:40:01,7.66,0.01,28,21448,买盘
1202,13:40:13,7.66,0.0,1,766,买盘
1203,13:40:31,7.66,0.0,31,23746,买盘
1204,13:40:37,7.65,-0.01,135,103275,卖盘
1205,13:40:43,7.66,0.01,34,26044,买盘
1206,13:40:48,7.66,0.0,4,3064,卖盘
1207,13:41:01,7.67,0.01,13,9971,买盘
1208,13:41:21,7.66,-0.01,83,63578,卖盘
1209,13:41:24,7.65,-0.01,1,765,卖盘
1210,13:41:43,7.66,0.01,12,9192,买盘
1211,13:41:55,7.67,0.01,48,36816,买盘
1212,13:42:04,7.68,0.01,9,6912,买盘
1213,13:42:15,7.67,-0.01,54,41418,卖盘
1214,13:42:22,7.67,0.0,11,8437,买盘
1215,13:42:34,7.67,0.0,40,30680,卖盘
1216,13:42:46,7.68,0.01,30,23040,买盘
1217,13:42:55,7.68,0.0,3,2304,买盘
1218,13:43:04,7.67,-0.01,67,51418,卖盘
1219,13:43:13,7.67,0.0,90,69030,卖盘
1220,13:43:16,7.68,0.01,10,7680,买盘
1221,13:43:28,7.68,0.0,10,7680,买盘
1222,13:43:33,7.68,0.0,30,23040,买盘
1223,13:43:40,7.67,-0.01,35,26845,卖盘
1224,13:43:46,7.68,0.01,228,175084,买盘
1225,13:43:58,7.68,0.0,7,5376,买盘
1226,13:44:01,7.68,0.0,26,19968,买盘
1227,13:44:07,7.69,0.01,3,2307,买盘
1228,13:44:16,7.68,-0.01,30,23040,卖盘
1229,13:44:22,7.69,0.01,1,769,买盘
1230,13:44:36,7.69,0.0,102,78438,买盘
1231,13:44:46,7.68,-0.01,112,86091,卖盘
1232,13:44:49,7.68,0.0,28,21504,买盘
1233,13:44:58,7.69,0.01,23,17687,买盘
1234,13:45:04,7.69,0.0,18,13842,买盘
1235,13:45:07,7.67,-0.02,80,61394,卖盘
1236,13:45:13,7.67,0.0,30,23032,卖盘
1237,13:45:16,7.67,0.0,20,15340,卖盘
1238,13:45:28,7.67,0.0,4,3068,卖盘
1239,13:45:52,7.68,0.01,26,19968,卖盘
1240,13:45:55,7.68,0.0,1,768,卖盘
1241,13:46:22,7.69,0.01,41,31529,买盘
1242,13:46:28,7.68,-0.01,54,41502,卖盘
1243,13:46:37,7.69,0.01,5,3845,卖盘
1244,13:46:46,7.69,0.0,20,15380,买盘
1245,13:46:49,7.68,-0.01,7,5376,卖盘
1246,13:46:51,7.68,0.0,23,17664,买盘
1247,13:46:55,7.68,0.0,156,119808,买盘
1248,13:46:58,7.68,0.0,78,59904,买盘
1249,13:47:06,7.67,-0.01,39,29924,卖盘
1250,13:47:09,7.69,0.02,10,7690,买盘
1251,13:47:21,7.69,0.0,44,33836,买盘
1252,13:47:25,7.67,-0.02,14,10738,卖盘
1253,13:47:31,7.69,0.02,103,79207,买盘
1254,13:47:33,7.7,0.01,238,183194,买盘
1255,13:47:52,7.7,0.0,2,1540,买盘
1256,13:48:00,7.7,0.0,7,5390,买盘
1257,13:48:04,7.68,-0.02,10,7680,卖盘
1258,13:48:06,7.7,0.02,20,15400,买盘
1259,13:48:16,7.7,0.0,7,5390,买盘
1260,13:48:19,7.7,0.0,64,49280,买盘
1261,13:48:25,7.7,0.0,6,4620,买盘
1262,13:48:31,7.69,-0.01,1,769,卖盘
1263,13:48:33,7.7,0.01,22,16940,买盘
1264,13:48:36,7.69,-0.01,5,3845,卖盘
1265,13:48:49,7.69,0.0,20,15380,卖盘
1266,13:48:52,7.7,0.01,1,770,买盘
1267,13:48:57,7.7,0.0,120,92400,买盘
1268,13:49:04,7.7,0.0,10,7700,卖盘
1269,13:49:07,7.7,0.0,7,5390,卖盘
1270,13:49:09,7.7,0.0,43,33110,卖盘
1271,13:49:13,7.7,0.0,13,10010,买盘
1272,13:49:16,7.71,0.01,244,188080,买盘
1273,13:49:19,7.71,0.0,120,92513,买盘
1274,13:49:27,7.72,0.01,3,2316,买盘
1275,13:49:30,7.71,-0.01,123,94898,卖盘
1276,13:49:37,7.71,0.0,352,271392,买盘
1277,13:49:49,7.72,0.01,127,98037,买盘
1278,13:49:51,7.72,0.0,5,3860,买盘
1279,13:49:58,7.72,0.0,104,80279,买盘
1280,13:50:01,7.72,0.0,1,772,买盘
1281,13:50:04,7.72,0.0,113,87236,买盘
1282,13:50:07,7.72,0.0,8,6176,买盘
1283,13:50:13,7.72,0.0,11,8492,卖盘
1284,13:50:16,7.73,0.01,49,37877,买盘
1285,13:50:22,7.72,-0.01,45,34753,卖盘
1286,13:50:24,7.73,0.01,39,30115,买盘
1287,13:50:28,7.72,-0.01,3,2316,中性盘
1288,13:50:31,7.72,0.0,5,3860,买盘
1289,13:50:34,7.72,0.0,54,41688,买盘
1290,13:50:52,7.72,0.0,3,2316,买盘
1291,13:50:58,7.71,-0.01,50,38550,卖盘
1292,13:51:01,7.71,0.0,15,11565,卖盘
1293,13:51:13,7.71,0.0,12,9252,买盘
1294,13:51:15,7.71,0.0,10,7710,买盘
1295,13:51:19,7.71,0.0,6,4626,买盘
1296,13:51:25,7.71,0.0,25,19275,买盘
1297,13:51:33,7.71,0.0,10,7710,卖盘
1298,13:51:36,7.71,0.0,20,15420,卖盘
1299,13:51:40,7.71,0.0,64,49344,卖盘
1300,13:51:49,7.71,0.0,10,7710,买盘
1301,13:52:04,7.7,-0.01,16,12330,卖盘
1302,13:52:13,7.71,0.01,55,42405,买盘
1303,13:52:24,7.71,0.0,77,59335,买盘
1304,13:52:39,7.71,0.0,2,1542,买盘
1305,13:53:04,7.71,0.0,60,46260,买盘
1306,13:53:07,7.7,-0.01,11,8470,卖盘
1307,13:53:09,7.71,0.01,26,20046,买盘
1308,13:53:15,7.7,-0.01,7,5393,卖盘
1309,13:53:28,7.7,0.0,100,77000,卖盘
1310,13:53:31,7.71,0.01,40,30840,买盘
1311,13:53:48,7.71,0.0,100,77100,买盘
1312,13:54:01,7.7,-0.01,5,3850,卖盘
1313,13:54:10,7.7,0.0,73,56210,卖盘
1314,13:54:12,7.7,0.0,30,23100,卖盘
1315,13:54:34,7.7,0.0,3,2310,买盘
1316,13:54:46,7.69,-0.01,133,102409,卖盘
1317,13:54:54,7.69,0.0,100,76900,卖盘
1318,13:55:04,7.7,0.01,175,134750,买盘
1319,13:55:06,7.7,0.0,10,7700,卖盘
1320,13:55:09,7.69,-0.01,145,111611,卖盘
1321,13:55:16,7.69,0.0,43,33067,买盘
1322,13:55:21,7.69,0.0,23,17687,买盘
1323,13:55:24,7.69,0.0,6,4614,买盘
1324,13:55:37,7.69,0.0,3,2307,买盘
1325,13:55:55,7.69,0.0,50,38450,买盘
1326,13:55:58,7.69,0.0,5,3845,买盘
1327,13:56:04,7.69,0.0,10,7690,买盘
1328,13:56:07,7.69,0.0,8,6152,买盘
1329,13:56:12,7.69,0.0,63,48447,买盘
1330,13:56:16,7.69,0.0,58,44602,买盘
1331,13:56:25,7.7,0.01,8,6160,买盘
1332,13:56:31,7.7,0.0,293,225610,买盘
1333,13:56:36,7.7,0.0,25,19250,买盘
1334,13:56:39,7.69,-0.01,64,49262,卖盘
1335,13:56:49,7.7,0.01,85,65450,买盘
1336,13:57:01,7.7,0.0,53,40810,买盘
1337,13:57:22,7.71,0.01,195,150345,买盘
1338,13:57:33,7.71,0.0,13,10023,买盘
1339,13:57:37,7.71,0.0,49,37779,买盘
1340,13:57:43,7.7,-0.01,10,7700,卖盘
1341,13:57:46,7.71,0.01,5,3855,买盘
1342,13:57:48,7.71,0.0,11,8481,买盘
1343,13:57:54,7.71,0.0,10,7710,买盘
1344,13:58:13,7.71,0.0,1,771,买盘
1345,13:58:22,7.7,-0.01,299,230230,卖盘
1346,13:58:25,7.7,0.0,1,770,卖盘
1347,13:58:31,7.7,0.0,6,4620,卖盘
1348,13:58:33,7.7,0.0,5,3850,卖盘
1349,13:58:36,7.7,0.0,1,770,卖盘
1350,13:58:46,7.7,0.0,18,13860,卖盘
1351,13:58:49,7.7,0.0,22,16940,卖盘
1352,13:58:51,7.69,-0.01,5,3845,卖盘
1353,13:58:54,7.7,0.01,10,7700,买盘
1354,13:59:12,7.69,-0.01,20,15380,卖盘
1355,13:59:24,7.7,0.01,7,5390,买盘
1356,13:59:33,7.7,0.0,17,13090,买盘
1357,13:59:37,7.7,0.0,35,26950,买盘
1358,13:59:46,7.7,0.0,10,7700,买盘
1359,13:59:57,7.69,-0.01,3,2307,卖盘
1360,14:00:07,7.69,0.0,71,54599,卖盘
1361,14:00:16,7.7,0.01,68,52360,买盘
1362,14:00:34,7.69,-0.01,200,153800,卖盘
1363,14:00:55,7.69,0.0,15,11535,卖盘
1364,14:01:19,7.69,0.0,76,58444,卖盘
1365,14:01:25,7.69,0.0,39,29991,卖盘
1366,14:01:28,7.69,0.0,3,2307,卖盘
1367,14:01:37,7.7,0.01,295,227150,买盘
1368,14:01:45,7.71,0.01,85,65535,买盘
1369,14:02:07,7.7,-0.01,39,30030,卖盘
1370,14:02:10,7.71,0.01,8,6168,买盘
1371,14:02:22,7.71,0.0,51,39321,买盘
1372,14:02:43,7.7,-0.01,73,56210,卖盘
1373,14:02:46,7.7,0.0,3,2310,买盘
1374,14:03:25,7.69,-0.01,2,1538,卖盘
1375,14:03:28,7.7,0.01,97,74690,买盘
1376,14:03:36,7.7,0.0,3,2310,买盘
1377,14:03:43,7.7,0.0,28,21560,买盘
1378,14:03:46,7.7,0.0,10,7700,买盘
1379,14:04:04,7.69,-0.01,66,50789,卖盘
1380,14:04:09,7.7,0.01,20,15390,买盘
1381,14:04:12,7.69,-0.01,10,7690,卖盘
1382,14:04:22,7.7,0.01,68,52350,买盘
1383,14:04:43,7.69,-0.01,10,7690,卖盘
1384,14:04:49,7.69,0.0,5,3845,卖盘
1385,14:05:01,7.7,0.01,19,14620,买盘
1386,14:05:10,7.7,0.0,117,90090,买盘
1387,14:05:16,7.7,0.0,55,42350,买盘
1388,14:05:25,7.7,0.0,20,15400,买盘
1389,14:05:28,7.7,0.0,94,72380,买盘
1390,14:05:40,7.7,0.0,15,11550,买盘
1391,14:05:46,7.7,0.0,1,770,买盘
1392,14:05:55,7.69,-0.01,2,1538,卖盘
1393,14:06:00,7.7,0.01,61,46970,买盘
1394,14:06:04,7.7,0.0,69,53130,买盘
1395,14:06:10,7.71,0.01,107,82497,买盘
1396,14:06:19,7.7,-0.01,20,15400,卖盘
1397,14:06:25,7.71,0.01,49,37779,买盘
1398,14:06:30,7.71,0.0,224,172704,买盘
1399,14:06:34,7.7,-0.01,150,115500,卖盘
1400,14:06:40,7.71,0.01,150,115650,买盘
1401,14:06:49,7.72,0.01,739,570508,买盘
1402,14:06:52,7.72,0.0,96,74112,买盘
1403,14:06:55,7.72,0.0,77,59444,买盘
1404,14:06:58,7.73,0.01,9,6957,买盘
1405,14:07:00,7.73,0.0,30,23190,买盘
1406,14:07:04,7.73,0.0,200,154600,买盘
1407,14:07:07,7.74,0.01,248,191711,买盘
1408,14:07:10,7.74,0.0,50,38700,买盘
1409,14:07:22,7.74,0.0,110,85132,买盘
1410,14:07:25,7.74,0.0,30,23220,买盘
1411,14:07:28,7.74,0.0,87,67338,买盘
1412,14:07:31,7.73,-0.01,5,3865,卖盘
1413,14:07:34,7.74,0.01,504,390371,买盘
1414,14:07:37,7.74,0.0,96,74304,卖盘
1415,14:07:40,7.73,-0.01,130,100540,卖盘
1416,14:07:43,7.74,0.01,30,23220,买盘
1417,14:07:45,7.74,0.0,146,112904,买盘
1418,14:07:48,7.74,0.0,34,26316,买盘
1419,14:07:51,7.74,0.0,30,23220,买盘
1420,14:07:54,7.73,-0.01,32,24753,卖盘
1421,14:07:58,7.74,0.01,30,23220,买盘
1422,14:08:01,7.74,0.0,25,19350,买盘
1423,14:08:04,7.74,0.0,21,16264,卖盘
1424,14:08:07,7.74,0.0,5,3870,卖盘
1425,14:08:13,7.73,-0.01,30,23201,卖盘
1426,14:08:15,7.74,0.01,14,10836,卖盘
1427,14:08:22,7.74,0.0,20,15480,卖盘
1428,14:08:34,7.74,0.0,23,17812,卖盘
1429,14:08:37,7.74,0.0,3,2322,卖盘
1430,14:08:40,7.74,0.0,1,774,卖盘
1431,14:08:43,7.74,0.0,45,34830,卖盘
1432,14:08:46,7.74,0.0,1,774,卖盘
1433,14:08:49,7.74,0.0,164,126936,卖盘
1434,14:08:58,7.74,0.0,229,177246,买盘
1435,14:09:00,7.73,-0.01,60,46410,卖盘
1436,14:09:06,7.74,0.01,10,7740,买盘
1437,14:09:10,7.74,0.0,7,5418,买盘
1438,14:09:13,7.74,0.0,56,43344,买盘
1439,14:09:16,7.73,-0.01,1,773,卖盘
1440,14:09:19,7.73,0.0,5,3865,卖盘
1441,14:09:22,7.74,0.01,28,21672,买盘
1442,14:09:27,7.74,0.0,160,123690,买盘
1443,14:09:34,7.74,0.0,89,68886,买盘
1444,14:09:40,7.74,0.0,17,13158,买盘
1445,14:09:43,7.74,0.0,10,7740,买盘
1446,14:09:46,7.73,-0.01,10,7730,卖盘
1447,14:09:49,7.74,0.01,36,27853,买盘
1448,14:09:52,7.74,0.0,80,61920,买盘
1449,14:09:55,7.74,0.0,14,10836,买盘
1450,14:10:00,7.74,0.0,20,15480,买盘
1451,14:10:09,7.74,0.0,24,18564,买盘
1452,14:10:12,7.74,0.0,10,7740,买盘
1453,14:10:16,7.74,0.0,11,8514,买盘
1454,14:10:19,7.74,0.0,30,23220,买盘
1455,14:10:22,7.74,0.0,52,40248,买盘
1456,14:10:25,7.74,0.0,45,34830,买盘
1457,14:10:28,7.74,0.0,9,6966,买盘
1458,14:10:36,7.74,0.0,40,30960,卖盘
1459,14:10:40,7.74,0.0,1,774,卖盘
1460,14:10:43,7.75,0.01,10,7750,买盘
1461,14:10:45,7.74,-0.01,39,30186,卖盘
1462,14:10:49,7.74,0.0,6,4644,买盘
1463,14:10:52,7.74,0.0,3,2322,买盘
1464,14:10:55,7.74,0.0,11,8514,卖盘
1465,14:11:01,7.74,0.0,15,11610,卖盘
1466,14:11:04,7.74,0.0,73,56502,卖盘
1467,14:11:07,7.74,0.0,104,80586,卖盘
1468,14:11:10,7.75,0.01,44,34090,买盘
1469,14:11:13,7.74,-0.01,2,1548,中性盘
1470,14:11:19,7.73,-0.01,37,28608,卖盘
1471,14:11:30,7.74,0.01,10,7740,买盘
1472,14:11:37,7.74,0.0,2,1548,买盘
1473,14:11:55,7.73,-0.01,5,3865,卖盘
1474,14:12:04,7.73,0.0,5,3865,卖盘
1475,14:12:12,7.73,0.0,25,19325,卖盘
1476,14:12:34,7.73,0.0,20,15460,卖盘
1477,14:12:46,7.73,0.0,8,6184,卖盘
1478,14:13:03,7.73,0.0,25,19325,卖盘
1479,14:13:06,7.73,0.0,38,29374,卖盘
1480,14:13:09,7.73,0.0,45,34785,卖盘
1481,14:13:19,7.73,0.0,50,38650,卖盘
1482,14:13:25,7.74,0.01,40,30960,买盘
1483,14:13:28,7.73,-0.01,16,12377,卖盘
1484,14:13:49,7.73,0.0,1,773,卖盘
1485,14:13:52,7.73,0.0,22,17006,卖盘
1486,14:13:55,7.73,0.0,100,77300,卖盘
1487,14:14:01,7.73,0.0,10,7730,卖盘
1488,14:14:04,7.73,0.0,76,58748,卖盘
1489,14:14:31,7.73,0.0,9,6957,卖盘
1490,14:14:36,7.73,0.0,4,3092,卖盘
1491,14:14:46,7.73,0.0,107,82711,卖盘
1492,14:14:49,7.73,0.0,5,3865,卖盘
1493,14:14:52,7.73,0.0,23,17779,卖盘
1494,14:15:04,7.74,0.01,70,54180,买盘
1495,14:15:12,7.73,-0.01,10,7730,卖盘
1496,14:15:15,7.73,0.0,1,773,卖盘
1497,14:15:22,7.74,0.01,3,2322,买盘
1498,14:15:24,7.73,-0.01,60,46383,卖盘
1499,14:15:30,7.74,0.01,2,1548,买盘
1500,14:15:37,7.73,-0.01,30,23190,卖盘
1501,14:15:43,7.73,0.0,6,4638,卖盘
1502,14:15:52,7.73,0.0,5,3865,卖盘
1503,14:16:16,7.73,0.0,13,10049,卖盘
1504,14:16:37,7.73,0.0,50,38650,卖盘
1505,14:16:43,7.73,0.0,8,6184,卖盘
1506,14:16:46,7.73,0.0,10,7730,卖盘
1507,14:17:01,7.74,0.01,15,11610,买盘
1508,14:17:04,7.73,-0.01,14,10822,卖盘
1509,14:17:06,7.73,0.0,177,136834,卖盘
1510,14:17:40,7.73,0.0,5,3865,卖盘
1511,14:17:42,7.73,0.0,19,14687,卖盘
1512,14:18:00,7.74,0.01,55,42565,买盘
1513,14:18:10,7.74,0.0,7,5418,买盘
1514,14:18:22,7.73,-0.01,20,15460,卖盘
1515,14:18:24,7.73,0.0,42,32466,卖盘
1516,14:18:28,7.73,0.0,19,14687,买盘
1517,14:18:37,7.74,0.01,14,10826,买盘
1518,14:18:40,7.73,-0.01,11,8503,卖盘
1519,14:18:48,7.73,0.0,5,3865,买盘
1520,14:18:55,7.72,-0.01,109,84148,卖盘
1521,14:19:04,7.72,0.0,14,10808,卖盘
1522,14:19:39,7.72,0.0,10,7720,卖盘
1523,14:19:54,7.73,0.01,13,10049,买盘
1524,14:20:04,7.72,-0.01,10,7720,卖盘
1525,14:20:19,7.73,0.01,5,3865,买盘
1526,14:20:24,7.72,-0.01,81,62532,卖盘
1527,14:20:27,7.72,0.0,4,3088,卖盘
1528,14:20:34,7.72,0.0,50,38600,卖盘
1529,14:20:48,7.72,0.0,25,19300,卖盘
1530,14:21:03,7.72,0.0,27,20844,卖盘
1531,14:21:10,7.72,0.0,12,9264,卖盘
1532,14:21:16,7.72,0.0,1,772,买盘
1533,14:21:34,7.72,0.0,15,11580,买盘
1534,14:21:52,7.71,-0.01,200,154200,卖盘
1535,14:21:58,7.72,0.01,32,24704,买盘
1536,14:22:16,7.73,0.01,315,243495,买盘
1537,14:22:40,7.73,0.0,93,71889,卖盘
1538,14:22:42,7.74,0.01,100,77343,买盘
1539,14:22:58,7.74,0.0,20,15480,买盘
1540,14:23:01,7.73,-0.01,10,7730,卖盘
1541,14:23:04,7.74,0.01,3,2322,买盘
1542,14:23:09,7.74,0.0,10,7740,买盘
1543,14:23:19,7.74,0.0,45,34830,买盘
1544,14:23:31,7.74,0.0,15,11610,买盘
1545,14:23:51,7.73,-0.01,9,6957,卖盘
1546,14:23:54,7.74,0.01,1,774,买盘
1547,14:24:12,7.73,-0.01,12,9286,卖盘
1548,14:24:16,7.74,0.01,10,7739,买盘
1549,14:24:22,7.73,-0.01,155,119815,卖盘
1550,14:24:31,7.73,0.0,21,16233,卖盘
1551,14:24:37,7.73,0.0,9,6957,买盘
1552,14:24:46,7.73,0.0,14,10822,卖盘
1553,14:24:51,7.73,0.0,33,25537,卖盘
1554,14:24:54,7.74,0.01,12,9288,买盘
1555,14:24:57,7.74,0.0,42,32508,买盘
1556,14:25:01,7.74,0.0,319,246906,买盘
1557,14:25:04,7.74,0.0,11,8514,买盘
1558,14:25:07,7.74,0.0,68,52632,卖盘
1559,14:25:10,7.74,0.0,4,3096,卖盘
1560,14:25:16,7.74,0.0,5,3870,卖盘
1561,14:25:25,7.74,0.0,10,7740,卖盘
1562,14:25:30,7.75,0.01,10,7750,买盘
1563,14:25:40,7.75,0.0,100,77500,买盘
1564,14:25:52,7.75,0.0,20,15500,买盘
1565,14:25:57,7.75,0.0,20,15500,买盘
1566,14:26:01,7.75,0.0,10,7750,买盘
1567,14:26:04,7.75,0.0,474,367350,买盘
1568,14:26:06,7.75,0.0,5,3875,买盘
1569,14:26:10,7.75,0.0,286,221650,买盘
1570,14:26:13,7.75,0.0,63,48825,买盘
1571,14:26:15,7.74,-0.01,5,3870,卖盘
1572,14:26:19,7.75,0.01,82,63550,买盘
1573,14:26:25,7.75,0.0,7,5425,卖盘
1574,14:26:28,7.75,0.0,18,13950,卖盘
1575,14:26:31,7.75,0.0,10,7750,卖盘
1576,14:26:33,7.75,0.0,18,13950,卖盘
1577,14:26:39,7.76,0.01,10,7760,买盘
1578,14:26:46,7.76,0.0,10,7760,买盘
1579,14:26:49,7.75,-0.01,8,6200,卖盘
1580,14:26:52,7.76,0.01,16,12415,买盘
1581,14:26:55,7.75,-0.01,4,3100,卖盘
1582,14:26:58,7.76,0.01,84,65184,买盘
1583,14:27:04,7.76,0.0,15,11640,买盘
1584,14:27:10,7.76,0.0,8,6208,买盘
1585,14:27:12,7.76,0.0,42,32592,买盘
1586,14:27:16,7.75,-0.01,4,3100,卖盘
1587,14:27:19,7.75,0.0,31,24025,卖盘
1588,14:27:25,7.75,0.0,30,23250,卖盘
1589,14:27:28,7.76,0.01,8,6203,买盘
1590,14:27:31,7.75,-0.01,24,18600,卖盘
1591,14:27:34,7.75,0.0,41,31775,买盘
1592,14:27:36,7.75,0.0,29,22475,卖盘
1593,14:27:40,7.75,0.0,4,3100,买盘
1594,14:27:49,7.75,0.0,115,89125,买盘
1595,14:27:55,7.75,0.0,37,28675,中性盘
1596,14:27:57,7.75,0.0,7,5425,买盘
1597,14:28:01,7.74,-0.01,16,12384,卖盘
1598,14:28:04,7.75,0.01,1,775,买盘
1599,14:28:07,7.74,-0.01,3,2322,卖盘
1600,14:28:10,7.75,0.01,5,3875,买盘
1601,14:28:19,7.74,-0.01,9,6966,卖盘
1602,14:28:34,7.74,0.0,10,7740,卖盘
1603,14:28:46,7.74,0.0,8,6192,卖盘
1604,14:28:55,7.74,0.0,16,12384,卖盘
1605,14:29:00,7.75,0.01,14,10850,买盘
1606,14:29:07,7.74,-0.01,20,15490,卖盘
1607,14:29:30,7.74,0.0,15,11610,卖盘
1608,14:29:34,7.74,0.0,76,58824,卖盘
1609,14:29:46,7.74,0.0,40,30960,卖盘
1610,14:29:55,7.74,0.0,6,4644,卖盘
1611,14:29:58,7.74,0.0,37,28638,卖盘
1612,14:30:16,7.74,0.0,80,61950,卖盘
1613,14:30:25,7.77,0.03,1699,1318971,买盘
1614,14:30:28,7.77,0.0,6,4662,卖盘
1615,14:30:39,7.78,0.01,159,123690,买盘
1616,14:30:43,7.77,-0.01,7,5441,中性盘
1617,14:30:46,7.78,0.01,5,3890,买盘
1618,14:30:49,7.78,0.0,333,259074,买盘
1619,14:30:51,7.78,0.0,41,31888,买盘
1620,14:30:54,7.77,-0.01,60,46670,卖盘
1621,14:30:57,7.77,0.0,58,45103,卖盘
1622,14:31:01,7.78,0.01,33,25670,买盘
1623,14:31:06,7.77,-0.01,32,24864,买盘
1624,14:31:16,7.77,0.0,92,71484,买盘
1625,14:31:19,7.77,0.0,39,30323,卖盘
1626,14:31:25,7.76,-0.01,4,3104,买盘
1627,14:31:36,7.75,-0.01,152,117867,卖盘
1628,14:31:42,7.75,0.0,33,25585,卖盘
1629,14:31:46,7.76,0.01,25,19400,买盘
1630,14:32:16,7.76,0.0,29,22504,买盘
1631,14:32:25,7.76,0.0,25,19400,买盘
1632,14:32:33,7.76,0.0,5,3880,买盘
1633,14:32:36,7.76,0.0,4,3104,买盘
1634,14:32:49,7.76,0.0,25,19400,买盘
1635,14:33:01,7.76,0.0,14,10864,买盘
1636,14:33:04,7.76,0.0,86,66736,买盘
1637,14:33:16,7.76,0.0,57,44195,买盘
1638,14:33:18,7.76,0.0,5,3880,买盘
1639,14:33:22,7.75,-0.01,77,59675,卖盘
1640,14:33:25,7.75,0.0,208,161200,卖盘
1641,14:33:34,7.74,-0.01,156,120744,卖盘
1642,14:33:43,7.75,0.01,10,7750,买盘
1643,14:33:46,7.75,0.0,2,1550,买盘
1644,14:33:49,7.74,-0.01,2,1548,卖盘
1645,14:33:52,7.74,0.0,240,185760,卖盘
1646,14:33:58,7.74,0.0,142,109908,卖盘
1647,14:34:16,7.73,-0.01,110,85030,卖盘
1648,14:34:19,7.73,0.0,22,17006,卖盘
1649,14:34:28,7.72,-0.01,89,68734,卖盘
1650,14:34:31,7.72,0.0,16,12352,卖盘
1651,14:34:34,7.72,0.0,3,2316,卖盘
1652,14:34:37,7.73,0.01,34,26252,买盘
1653,14:34:46,7.73,0.0,10,7730,买盘
1654,14:34:52,7.72,-0.01,12,9264,买盘
1655,14:35:04,7.72,0.0,18,13896,卖盘
1656,14:35:09,7.72,0.0,25,19295,买盘
1657,14:35:12,7.72,0.0,50,38600,卖盘
1658,14:35:18,7.73,0.01,9,6957,买盘
1659,14:35:25,7.72,-0.01,3,2316,卖盘
1660,14:35:33,7.73,0.01,40,30920,买盘
1661,14:35:45,7.73,0.0,3,2319,买盘
1662,14:35:57,7.73,0.0,26,20098,买盘
1663,14:36:01,7.73,0.0,2,1546,买盘
1664,14:36:07,7.73,0.0,7,5411,买盘
1665,14:36:19,7.72,-0.01,120,92640,卖盘
1666,14:36:24,7.72,0.0,2,1544,卖盘
1667,14:36:28,7.72,0.0,52,40144,卖盘
1668,14:36:34,7.72,0.0,25,19300,买盘
1669,14:36:43,7.72,0.0,101,77972,卖盘
1670,14:36:46,7.72,0.0,30,23160,卖盘
1671,14:36:49,7.72,0.0,9,6948,卖盘
1672,14:36:54,7.72,0.0,6,4632,买盘
1673,14:37:28,7.72,0.0,200,154400,卖盘
1674,14:37:30,7.72,0.0,15,11580,卖盘
1675,14:37:49,7.72,0.0,15,11580,卖盘
1676,14:37:52,7.72,0.0,39,30108,卖盘
1677,14:37:58,7.73,0.01,60,46380,买盘
1678,14:38:19,7.72,-0.01,20,15440,卖盘
1679,14:38:25,7.73,0.01,6,4638,买盘
1680,14:38:28,7.73,0.0,36,27798,买盘
1681,14:38:43,7.72,-0.01,4,3088,卖盘
1682,14:39:07,7.73,0.01,131,101263,买盘
1683,14:39:16,7.74,0.01,57,44118,买盘
1684,14:39:19,7.73,-0.01,2,1546,卖盘
1685,14:39:22,7.73,0.0,9,6957,卖盘
1686,14:39:30,7.73,0.0,4,3092,卖盘
1687,14:39:33,7.74,0.01,10,7740,买盘
1688,14:39:43,7.73,-0.01,18,13914,卖盘
1689,14:39:46,7.74,0.01,39,30186,买盘
1690,14:39:51,7.74,0.0,39,30186,买盘
1691,14:39:57,7.74,0.0,40,30960,买盘
1692,14:40:00,7.74,0.0,3,2322,买盘
1693,14:40:13,7.74,0.0,10,7740,卖盘
1694,14:40:19,7.74,0.0,17,13158,卖盘
1695,14:40:25,7.74,0.0,3,2322,买盘
1696,14:40:27,7.73,-0.01,181,139913,卖盘
1697,14:40:49,7.74,0.01,50,38700,买盘
1698,14:40:52,7.73,-0.01,4,3092,卖盘
1699,14:40:55,7.73,0.0,131,101263,卖盘
1700,14:40:57,7.73,0.0,8,6184,卖盘
1701,14:41:07,7.73,0.0,28,21644,卖盘
1702,14:41:16,7.74,0.01,5,3870,买盘
1703,14:41:27,7.73,-0.01,14,10822,卖盘
1704,14:41:43,7.73,0.0,25,19325,卖盘
1705,14:41:46,7.74,0.01,8,6192,买盘
1706,14:41:54,7.74,0.0,10,7740,买盘
1707,14:41:58,7.73,-0.01,2,1546,卖盘
1708,14:42:06,7.73,0.0,1,773,卖盘
1709,14:42:10,7.73,0.0,79,61127,卖盘
1710,14:42:24,7.74,0.01,20,15480,买盘
1711,14:42:28,7.73,-0.01,136,105128,卖盘
1712,14:42:31,7.74,0.01,10,7740,买盘
1713,14:42:37,7.72,-0.02,200,154513,卖盘
1714,14:42:52,7.73,0.01,50,38650,买盘
1715,14:42:55,7.73,0.0,5,3865,买盘
1716,14:43:15,7.72,-0.01,18,13896,卖盘
1717,14:43:28,7.72,0.0,15,11580,卖盘
1718,14:43:31,7.72,0.0,3,2316,卖盘
1719,14:43:40,7.72,0.0,2,1544,卖盘
1720,14:43:45,7.72,0.0,100,77200,卖盘
1721,14:43:49,7.73,0.01,70,54090,买盘
1722,14:43:51,7.72,-0.01,15,11580,卖盘
1723,14:44:00,7.72,0.0,35,27020,买盘
1724,14:44:10,7.72,0.0,28,21616,卖盘
1725,14:44:13,7.7,-0.02,406,313053,卖盘
1726,14:44:25,7.73,0.03,81,62454,买盘
1727,14:44:27,7.7,-0.03,4,3080,卖盘
1728,14:44:34,7.71,0.01,1,771,卖盘
1729,14:44:40,7.71,0.0,9,6939,买盘
1730,14:44:43,7.72,0.01,26,20056,买盘
1731,14:44:49,7.71,-0.01,64,49344,卖盘
1732,14:44:54,7.72,0.01,8,6176,买盘
1733,14:45:13,7.72,0.0,13,10036,卖盘
1734,14:45:22,7.72,0.0,32,24704,卖盘
1735,14:45:25,7.72,0.0,25,19300,卖盘
1736,14:45:28,7.72,0.0,35,27020,卖盘
1737,14:45:34,7.72,0.0,36,27792,卖盘
1738,14:45:46,7.72,0.0,8,6176,卖盘
1739,14:46:01,7.7,-0.02,500,385573,卖盘
1740,14:46:24,7.71,0.01,5,3855,卖盘
1741,14:46:30,7.71,0.0,10,7710,卖盘
1742,14:46:40,7.72,0.01,2,1544,买盘
1743,14:46:49,7.71,-0.01,8,6168,卖盘
1744,14:46:52,7.72,0.01,20,15440,买盘
1745,14:47:01,7.71,-0.01,55,42405,卖盘
1746,14:47:07,7.71,0.0,11,8481,买盘
1747,14:47:13,7.71,0.0,7,5397,买盘
1748,14:47:19,7.71,0.0,15,11565,买盘
1749,14:47:25,7.71,0.0,35,26985,卖盘
1750,14:47:34,7.71,0.0,106,81726,卖盘
1751,14:47:37,7.71,0.0,7,5397,买盘
1752,14:47:40,7.71,0.0,54,41634,买盘
1753,14:47:43,7.71,0.0,89,68619,买盘
1754,14:47:49,7.71,0.0,2,1542,卖盘
1755,14:47:55,7.71,0.0,9,6939,卖盘
1756,14:48:01,7.71,0.0,15,11565,买盘
1757,14:48:04,7.71,0.0,5,3855,买盘
1758,14:48:13,7.71,0.0,8,6168,买盘
1759,14:48:16,7.71,0.0,37,28527,买盘
1760,14:48:21,7.71,0.0,101,77871,卖盘
1761,14:48:24,7.71,0.0,10,7710,卖盘
1762,14:48:28,7.71,0.0,4,3084,卖盘
1763,14:48:31,7.71,0.0,5,3855,中性盘
1764,14:48:34,7.7,-0.01,50,38500,卖盘
1765,14:48:37,7.71,0.01,18,13878,买盘
1766,14:48:45,7.71,0.0,11,8481,买盘
1767,14:48:49,7.7,-0.01,10,7700,卖盘
1768,14:49:01,7.7,0.0,620,477400,卖盘
1769,14:49:04,7.7,0.0,14,10780,买盘
1770,14:49:16,7.69,-0.01,18,13842,卖盘
1771,14:49:18,7.68,-0.01,150,115295,卖盘
1772,14:49:31,7.69,0.01,3,2307,卖盘
1773,14:49:40,7.69,0.0,5,3845,卖盘
1774,14:49:42,7.69,0.0,21,16149,卖盘
1775,14:49:45,7.66,-0.03,500,383272,卖盘
1776,14:50:07,7.68,0.02,11,8456,卖盘
1777,14:50:10,7.66,-0.02,302,231420,卖盘
1778,14:50:13,7.66,0.0,4,3064,买盘
1779,14:50:16,7.66,0.0,20,15320,买盘
1780,14:50:19,7.65,-0.01,269,205785,卖盘
1781,14:50:22,7.65,0.0,46,35190,买盘
1782,14:50:25,7.65,0.0,80,61199,买盘
1783,14:50:31,7.64,-0.01,218,166503,卖盘
1784,14:50:34,7.64,0.0,25,19100,买盘
1785,14:50:37,7.63,-0.01,28,21369,卖盘
1786,14:50:40,7.64,0.01,41,31324,买盘
1787,14:50:43,7.63,-0.01,55,41965,卖盘
1788,14:50:49,7.63,0.0,7,5341,卖盘
1789,14:50:52,7.64,0.01,143,109252,买盘
1790,14:50:58,7.63,-0.01,20,15265,卖盘
1791,14:51:01,7.64,0.01,4,3056,卖盘
1792,14:51:04,7.65,0.01,5,3821,买盘
1793,14:51:10,7.64,-0.01,21,16044,卖盘
1794,14:51:16,7.65,0.01,12,9180,买盘
1795,14:51:19,7.65,0.0,40,30580,买盘
1796,14:51:25,7.65,0.0,6,4590,卖盘
1797,14:51:28,7.68,0.03,314,240898,买盘
1798,14:51:37,7.66,-0.02,20,15320,买盘
1799,14:51:49,7.68,0.02,42,32256,买盘
1800,14:51:52,7.66,-0.02,5,3830,卖盘
1801,14:52:01,7.67,0.01,11,8437,卖盘
1802,14:52:07,7.66,-0.01,100,76640,卖盘
1803,14:52:10,7.67,0.01,37,28379,卖盘
1804,14:52:13,7.68,0.01,19,14574,买盘
1805,14:52:16,7.67,-0.01,8,6136,卖盘
1806,14:52:19,7.67,0.0,7,5369,买盘
1807,14:52:25,7.66,-0.01,50,38300,卖盘
1808,14:52:28,7.67,0.01,28,21476,买盘
1809,14:52:43,7.66,-0.01,57,43697,卖盘
1810,14:52:46,7.67,0.01,134,102778,买盘
1811,14:52:49,7.67,0.0,4,3068,卖盘
1812,14:52:52,7.66,-0.01,83,63578,卖盘
1813,14:52:55,7.67,0.01,11,8437,买盘
1814,14:53:01,7.68,0.01,40,30699,买盘
1815,14:53:25,7.67,-0.01,16,12272,买盘
1816,14:53:28,7.67,0.0,40,30680,买盘
1817,14:53:31,7.66,-0.01,127,97282,卖盘
1818,14:53:40,7.66,0.0,2,1532,卖盘
1819,14:53:46,7.66,0.0,138,105708,卖盘
1820,14:53:55,7.66,0.0,81,62046,卖盘
1821,14:53:58,7.66,0.0,20,15320,买盘
1822,14:54:04,7.66,0.0,168,128538,买盘
1823,14:54:10,7.65,-0.01,53,40550,卖盘
1824,14:54:13,7.66,0.01,5,3830,买盘
1825,14:54:16,7.66,0.0,10,7660,买盘
1826,14:54:22,7.66,0.0,4,3064,买盘
1827,14:54:25,7.66,0.0,59,45194,买盘
1828,14:54:28,7.65,-0.01,148,113299,卖盘
1829,14:54:31,7.64,-0.01,1777,1359104,卖盘
1830,14:54:34,7.64,0.0,62,47368,买盘
1831,14:54:43,7.64,0.0,56,42784,买盘
1832,14:54:46,7.64,0.0,105,80132,买盘
1833,14:54:49,7.64,0.0,131,100084,买盘
1834,14:54:52,7.65,0.01,2,1530,买盘
1835,14:55:01,7.65,0.0,30,22950,买盘
1836,14:55:04,7.65,0.0,7,5355,买盘
1837,14:55:07,7.65,0.0,6,4590,买盘
1838,14:55:10,7.64,-0.01,21,16058,卖盘
1839,14:55:16,7.65,0.01,40,30600,买盘
1840,14:55:19,7.64,-0.01,233,178148,卖盘
1841,14:55:22,7.65,0.01,18,13770,卖盘
1842,14:55:25,7.65,0.0,10,7650,卖盘
1843,14:55:34,7.65,0.0,30,22950,卖盘
1844,14:55:37,7.65,0.0,37,28305,卖盘
1845,14:55:40,7.66,0.01,434,332287,买盘
1846,14:55:43,7.65,-0.01,10,7650,买盘
1847,14:55:46,7.65,0.0,11,8415,买盘
1848,14:55:49,7.64,-0.01,69,52732,卖盘
1849,14:55:58,7.65,0.01,5,3825,买盘
1850,14:56:01,7.65,0.0,7,5355,买盘
1851,14:56:07,7.65,0.0,10,7650,买盘
1852,14:56:13,7.65,0.0,10,7650,买盘
1853,14:56:16,7.65,0.0,183,139813,买盘
1854,14:56:19,7.65,0.0,18,13770,买盘
1855,14:56:22,7.64,-0.01,29,22177,卖盘
1856,14:56:25,7.65,0.01,61,46625,卖盘
1857,14:56:28,7.64,-0.01,9,6876,卖盘
1858,14:56:31,7.64,0.0,119,91019,买盘
1859,14:56:34,7.64,0.0,4,3056,卖盘
1860,14:56:37,7.65,0.01,13,9945,买盘
1861,14:56:40,7.65,0.0,10,7650,卖盘
1862,14:56:49,7.65,0.0,10,7650,卖盘
1863,14:56:52,7.65,0.0,1,765,卖盘
1864,14:56:55,7.65,0.0,7,5355,卖盘
1865,14:56:58,7.65,0.0,74,56610,卖盘
1866,14:57:00,7.65,0.0,121,92575,卖盘
1867,14:57:04,7.65,0.0,48,36753,卖盘
1868,15:00:05,7.65,0.0,846,647190,卖盘
