,time,price,change,volume,amount,type
0,09:30:07,5.93,-0.03,1,593,卖盘
1,09:30:13,5.97,0.04,1,597,卖盘
2,09:30:16,5.99,0.02,1,599,买盘
3,09:30:19,5.99,0.0,3,1796,买盘
4,09:30:28,6.0,0.01,2,1200,买盘
5,09:30:31,5.97,-0.03,20,11940,卖盘
6,09:30:34,6.0,0.03,6,3600,买盘
7,09:30:46,5.98,-0.02,2,1196,卖盘
8,09:30:49,5.98,0.0,1,598,卖盘
9,09:31:01,6.0,0.02,34,20400,买盘
10,09:31:04,6.0,0.0,6,3600,卖盘
11,09:31:10,6.01,0.01,5,3005,买盘
12,09:31:13,6.01,0.0,6,3606,买盘
13,09:31:19,6.02,0.01,9,5417,买盘
14,09:31:25,6.0,-0.02,2,1200,卖盘
15,09:31:28,6.0,0.0,1,600,卖盘
16,09:31:40,6.0,0.0,1,600,卖盘
17,09:31:46,6.0,0.0,1,600,卖盘
18,09:31:49,6.0,0.0,2,1200,卖盘
19,09:32:19,6.0,0.0,1,600,卖盘
20,09:32:40,6.0,0.0,2,1200,卖盘
21,09:32:49,6.0,0.0,2,1200,卖盘
22,09:32:52,6.0,0.0,1,600,卖盘
23,09:33:01,6.01,0.01,4,2404,买盘
24,09:33:04,6.01,0.0,5,3005,买盘
25,09:33:13,6.0,-0.01,2,1201,卖盘
26,09:33:16,6.01,0.01,8,4808,买盘
27,09:33:19,6.01,0.0,7,4207,卖盘
28,09:33:22,6.01,0.0,7,4207,卖盘
29,09:33:25,6.01,0.0,4,2404,卖盘
30,09:33:28,6.01,0.0,4,2404,卖盘
31,09:33:43,6.01,0.0,1,601,卖盘
32,09:33:52,6.01,0.0,1,601,卖盘
33,09:34:01,6.01,0.0,7,4207,卖盘
34,09:34:16,6.02,0.01,88,52976,买盘
35,09:34:22,6.02,0.0,2,1204,卖盘
36,09:34:25,6.02,0.0,1,602,卖盘
37,09:34:34,6.02,0.0,9,5418,卖盘
38,09:34:40,6.01,-0.01,3,1803,卖盘
39,09:34:46,6.01,0.0,5,3005,卖盘
40,09:34:49,6.01,0.0,1,601,卖盘
41,09:34:52,6.01,0.0,1,601,卖盘
42,09:34:58,6.01,0.0,3,1803,卖盘
43,09:35:13,6.01,0.0,1,601,卖盘
44,09:35:22,6.01,0.0,1,601,卖盘
45,09:35:40,6.01,0.0,2,1202,卖盘
46,09:35:46,6.01,0.0,1,601,卖盘
47,09:36:19,6.01,0.0,1,601,卖盘
48,09:36:22,6.01,0.0,3,1803,卖盘
49,09:36:34,6.01,0.0,1,601,卖盘
50,09:36:37,6.01,0.0,8,4808,卖盘
51,09:36:40,6.01,0.0,1,601,卖盘
52,09:36:43,6.01,0.0,1,601,卖盘
53,09:36:49,6.01,0.0,1,601,卖盘
54,09:37:04,6.01,0.0,57,34257,卖盘
55,09:37:22,6.0,-0.01,2,1200,卖盘
56,09:37:40,6.0,0.0,4,2400,卖盘
57,09:38:04,6.0,0.0,1,600,卖盘
58,09:38:13,6.0,0.0,39,23400,卖盘
59,09:38:16,5.98,-0.02,1,598,卖盘
60,09:38:22,5.98,0.0,1,598,卖盘
61,09:38:28,5.99,0.01,1,599,买盘
62,09:38:31,5.99,0.0,5,2995,买盘
63,09:38:37,6.0,0.01,235,141000,买盘
64,09:38:40,6.0,0.0,1,600,买盘
65,09:38:43,6.0,0.0,6,3598,买盘
66,09:38:49,6.0,0.0,3,1799,买盘
67,09:38:52,6.0,0.0,56,33654,买盘
68,09:39:04,6.02,0.02,37,22259,买盘
69,09:39:07,6.02,0.0,5,3010,卖盘
70,09:39:10,6.02,0.0,18,10836,卖盘
71,09:39:16,6.02,0.0,1,602,卖盘
72,09:39:19,6.02,0.0,39,23478,卖盘
73,09:39:40,6.02,0.0,2,1204,卖盘
74,09:39:46,6.02,0.0,1,602,卖盘
75,09:39:52,6.02,0.0,2,1204,卖盘
76,09:40:10,6.02,0.0,1,602,卖盘
77,09:40:16,6.02,0.0,1,602,卖盘
78,09:40:34,6.03,0.01,76,45828,买盘
79,09:40:49,6.03,0.0,24,14472,卖盘
80,09:40:55,6.02,-0.01,1,602,买盘
81,09:40:58,6.02,0.0,1,602,买盘
82,09:41:10,6.02,0.0,1,602,卖盘
83,09:41:19,6.02,0.0,3,1806,卖盘
84,09:41:22,6.02,0.0,1,602,卖盘
85,09:41:37,6.01,-0.01,3,1803,卖盘
86,09:41:46,6.0,-0.01,21,12618,卖盘
87,09:41:49,6.0,0.0,4,2403,卖盘
88,09:41:55,6.01,0.01,1,601,买盘
89,09:41:58,6.03,0.02,64,38580,买盘
90,09:42:01,6.03,0.0,273,164619,卖盘
91,09:42:13,6.01,-0.02,1,601,卖盘
92,09:42:19,6.01,0.0,1,601,卖盘
93,09:42:22,6.01,0.0,8,4808,卖盘
94,09:42:43,6.01,0.0,2,1202,卖盘
95,09:42:46,6.01,0.0,1,601,卖盘
96,09:42:52,6.01,0.0,2,1202,卖盘
97,09:43:13,6.01,0.0,1,601,卖盘
98,09:43:19,6.01,0.0,1,601,卖盘
99,09:43:22,6.01,0.0,19,11419,卖盘
100,09:43:43,6.0,-0.01,1,600,卖盘
101,09:43:46,6.0,0.0,1,600,卖盘
102,09:43:49,6.0,0.0,6,3600,卖盘
103,09:43:52,6.0,0.0,1,600,卖盘
104,09:44:01,6.0,0.0,1,600,卖盘
105,09:44:19,6.0,0.0,2,1200,卖盘
106,09:44:46,6.0,0.0,2,1200,卖盘
107,09:44:49,6.01,0.01,25,15025,买盘
108,09:44:52,6.0,-0.01,1,600,卖盘
109,09:45:19,6.0,0.0,2,1200,卖盘
110,09:45:22,6.01,0.01,142,85366,买盘
111,09:45:40,6.02,0.01,25,15050,卖盘
112,09:45:52,6.02,0.0,27,16253,中性盘
113,09:46:10,6.01,-0.01,1,601,卖盘
114,09:46:19,6.02,0.01,2,1204,卖盘
115,09:46:31,6.02,0.0,22,13244,卖盘
116,09:46:37,6.02,0.0,2,1204,卖盘
117,09:46:46,6.02,0.0,2,1204,卖盘
118,09:46:49,6.02,0.0,2,1204,卖盘
119,09:46:58,6.01,-0.01,50,30059,卖盘
120,09:47:01,6.01,0.0,6,3606,卖盘
121,09:47:04,6.01,0.0,5,3005,卖盘
122,09:47:13,6.01,0.0,1,601,卖盘
123,09:47:16,6.01,0.0,1,601,卖盘
124,09:47:22,6.01,0.0,1,601,卖盘
125,09:47:52,6.0,-0.01,55,33029,卖盘
126,09:47:55,6.0,0.0,1,600,卖盘
127,09:48:07,6.0,0.0,33,19800,卖盘
128,09:48:16,6.0,0.0,2,1200,卖盘
129,09:48:19,6.0,0.0,1,600,卖盘
130,09:48:22,6.0,0.0,1,600,卖盘
131,09:48:40,6.0,0.0,8,4800,卖盘
132,09:48:49,6.0,0.0,2,1200,卖盘
133,09:49:07,6.0,0.0,20,12000,卖盘
134,09:49:13,6.0,0.0,2,1200,卖盘
135,09:49:22,6.0,0.0,2,1200,卖盘
136,09:49:31,6.0,0.0,117,70680,卖盘
137,09:49:43,6.0,0.0,1,600,卖盘
138,09:49:49,6.0,0.0,1,600,卖盘
139,09:49:52,6.0,0.0,1,600,卖盘
140,09:50:19,6.0,0.0,3,1800,卖盘
141,09:50:34,6.0,0.0,4,2400,卖盘
142,09:50:43,6.0,0.0,1,600,卖盘
143,09:50:52,6.0,0.0,2,1200,卖盘
144,09:51:07,6.0,0.0,1,600,卖盘
145,09:51:10,6.0,0.0,1,600,卖盘
146,09:51:16,6.0,0.0,38,22800,卖盘
147,09:51:19,6.0,0.0,20,12000,卖盘
148,09:51:22,6.0,0.0,4,2400,卖盘
149,09:51:25,6.01,0.01,28,16828,买盘
150,09:51:40,6.01,0.0,60,36060,买盘
151,09:51:46,6.0,-0.01,3,1800,卖盘
152,09:51:49,6.0,0.0,2,1200,卖盘
153,09:51:55,6.01,0.01,31,18631,买盘
154,09:52:13,6.0,-0.01,2,1200,卖盘
155,09:52:49,6.0,0.0,1,600,卖盘
156,09:52:52,6.0,0.0,1,600,卖盘
157,09:53:10,6.0,0.0,3,1800,卖盘
158,09:53:13,6.0,0.0,2,1200,卖盘
159,09:53:16,6.01,0.01,19,11443,买盘
160,09:53:19,6.01,0.0,2,1178,卖盘
161,09:53:58,6.0,-0.01,3,1800,卖盘
162,09:54:04,6.0,0.0,1,600,卖盘
163,09:54:28,6.0,0.0,6,3600,卖盘
164,09:54:31,6.0,0.0,1,600,卖盘
165,09:54:37,6.01,0.01,6,3606,买盘
166,09:54:40,6.01,0.0,1,601,卖盘
167,09:54:55,6.0,-0.01,23,13800,卖盘
168,09:55:04,6.0,0.0,3,1800,卖盘
169,09:55:06,6.02,0.02,83,49964,买盘
170,09:55:13,6.0,-0.02,1,600,卖盘
171,09:55:40,6.0,0.0,9,5400,卖盘
172,09:55:57,6.0,0.0,4,2400,卖盘
173,09:56:01,6.0,0.0,1,600,卖盘
174,09:56:07,6.0,0.0,1,600,卖盘
175,09:56:10,6.0,0.0,1,600,卖盘
176,09:56:31,6.0,0.0,1,600,卖盘
177,09:56:34,6.0,0.0,3,1800,卖盘
178,09:57:04,6.01,0.01,7,4207,卖盘
179,09:57:10,6.01,0.0,4,2404,卖盘
180,09:57:13,6.01,0.0,22,13222,卖盘
181,09:57:22,6.01,0.0,4,2404,买盘
182,09:57:31,6.0,-0.01,1,600,卖盘
183,09:57:33,6.0,0.0,3,1800,卖盘
184,09:57:55,6.0,0.0,13,7800,卖盘
185,09:58:01,6.0,0.0,4,2400,卖盘
186,09:58:04,6.0,0.0,1,600,卖盘
187,09:58:10,6.01,0.01,16,9616,买盘
188,09:58:16,6.01,0.0,3,1803,卖盘
189,09:58:19,6.0,-0.01,3,1800,卖盘
190,09:58:28,6.0,0.0,1,600,卖盘
191,09:58:34,6.0,0.0,3,1800,卖盘
192,09:59:01,6.0,0.0,1,600,卖盘
193,09:59:07,6.0,0.0,3,1800,卖盘
194,09:59:34,6.0,0.0,6,3600,卖盘
195,09:59:37,6.0,0.0,4,2400,卖盘
196,09:59:55,6.01,0.01,20,12020,买盘
197,10:00:01,6.0,-0.01,2,1201,卖盘
198,10:00:07,6.0,0.0,4,2400,卖盘
199,10:00:31,6.0,0.0,3,1800,卖盘
200,10:00:55,6.02,0.02,20,12040,买盘
201,10:00:58,6.01,-0.01,2,1202,卖盘
202,10:01:01,6.01,0.0,3,1803,卖盘
203,10:01:04,6.01,0.0,1,601,卖盘
204,10:01:28,6.01,0.0,4,2404,卖盘
205,10:01:58,6.01,0.0,3,1803,卖盘
206,10:02:16,6.01,0.0,10,6010,卖盘
207,10:02:28,6.01,0.0,5,3005,卖盘
208,10:02:54,6.01,0.0,2,1202,卖盘
209,10:02:58,6.01,0.0,4,2404,卖盘
210,10:03:28,6.01,0.0,3,1803,卖盘
211,10:03:55,6.01,0.0,3,1803,卖盘
212,10:03:58,6.01,0.0,3,1803,卖盘
213,10:04:04,6.01,0.0,1,601,卖盘
214,10:04:25,6.01,0.0,3,1803,卖盘
215,10:04:28,6.01,0.0,3,1803,卖盘
216,10:04:34,6.01,0.0,9,5409,卖盘
217,10:04:37,6.01,0.0,11,6611,卖盘
218,10:04:40,6.01,0.0,7,4207,卖盘
219,10:04:43,6.01,0.0,13,7813,卖盘
220,10:04:45,6.01,0.0,6,3606,卖盘
221,10:04:48,6.02,0.01,32,19262,买盘
222,10:04:58,6.01,-0.01,4,2404,卖盘
223,10:05:01,6.01,0.0,3,1803,卖盘
224,10:05:16,6.01,0.0,33,19833,卖盘
225,10:05:22,6.01,0.0,2,1202,卖盘
226,10:05:28,6.01,0.0,4,2404,卖盘
227,10:05:37,6.01,0.0,30,18030,卖盘
228,10:05:55,6.01,0.0,26,15626,卖盘
229,10:05:58,6.0,-0.01,6,3600,卖盘
230,10:06:52,6.0,0.0,1,600,卖盘
231,10:07:19,6.0,0.0,25,15000,卖盘
232,10:08:10,6.0,0.0,25,15000,卖盘
233,10:08:58,6.01,0.01,60,35500,买盘
234,10:10:07,5.99,-0.02,27,16173,卖盘
235,10:11:58,5.99,0.0,1,599,卖盘
236,10:12:16,5.99,0.0,37,22163,卖盘
237,10:12:28,5.99,0.0,10,5990,买盘
238,10:12:31,5.98,-0.01,4,2394,卖盘
239,10:12:34,5.99,0.01,1,599,买盘
240,10:12:37,5.98,-0.01,5,2994,卖盘
241,10:12:58,5.98,0.0,2,1197,卖盘
242,10:13:01,5.98,0.0,5,2990,卖盘
243,10:13:13,5.98,0.0,3,1794,卖盘
244,10:13:25,5.99,0.01,11,6589,买盘
245,10:13:31,5.98,-0.01,3,1794,卖盘
246,10:13:34,5.98,0.0,2,1196,卖盘
247,10:13:37,5.98,0.0,1,598,卖盘
248,10:13:58,5.98,0.0,1,598,卖盘
249,10:14:01,5.98,0.0,3,1794,卖盘
250,10:14:04,5.98,0.0,2,1196,卖盘
251,10:14:31,5.98,0.0,3,1794,卖盘
252,10:14:34,5.98,0.0,2,1196,卖盘
253,10:14:39,5.98,0.0,2,1196,卖盘
254,10:14:43,6.0,0.02,21,12591,买盘
255,10:14:58,5.98,-0.02,2,1196,卖盘
256,10:15:00,5.98,0.0,1,598,卖盘
257,10:15:07,5.98,0.0,1,598,卖盘
258,10:15:10,5.98,0.0,2,1196,卖盘
259,10:15:25,5.99,0.01,8,4792,买盘
260,10:15:28,5.99,0.0,2,1198,卖盘
261,10:15:31,5.99,0.0,5,2995,卖盘
262,10:15:36,5.98,-0.01,1,598,卖盘
263,10:16:01,5.98,0.0,3,1794,卖盘
264,10:16:04,5.98,0.0,3,1794,卖盘
265,10:16:28,5.98,0.0,1,598,卖盘
266,10:16:31,5.98,0.0,2,1196,卖盘
267,10:16:37,5.98,0.0,9,5382,卖盘
268,10:16:40,5.98,0.0,20,11960,卖盘
269,10:16:52,5.98,0.0,3,1794,卖盘
270,10:17:01,5.98,0.0,3,1794,卖盘
271,10:17:04,5.98,0.0,2,1196,卖盘
272,10:17:07,5.98,0.0,2,1196,卖盘
273,10:17:27,5.98,0.0,4,2392,卖盘
274,10:17:34,5.98,0.0,2,1196,卖盘
275,10:17:58,5.98,0.0,2,1196,卖盘
276,10:18:01,5.98,0.0,3,1794,卖盘
277,10:18:04,5.98,0.0,2,1196,卖盘
278,10:18:07,5.98,0.0,1,598,卖盘
279,10:18:31,5.98,0.0,4,2392,卖盘
280,10:18:40,5.98,0.0,1,598,卖盘
281,10:19:01,5.98,0.0,3,1794,卖盘
282,10:19:04,5.98,0.0,3,1794,卖盘
283,10:19:07,5.98,0.0,1,598,卖盘
284,10:19:25,5.98,0.0,4,2392,卖盘
285,10:19:31,5.98,0.0,4,2392,卖盘
286,10:19:34,5.98,0.0,2,1196,卖盘
287,10:19:58,5.98,0.0,3,1794,卖盘
288,10:20:01,5.98,0.0,4,2392,卖盘
289,10:20:28,5.98,0.0,5,2990,卖盘
290,10:20:31,5.99,0.01,9,5390,买盘
291,10:20:58,5.98,-0.01,5,2990,卖盘
292,10:21:04,5.98,0.0,2,1196,卖盘
293,10:21:09,5.99,0.01,1,599,买盘
294,10:21:16,5.99,0.0,1,599,中性盘
295,10:21:31,6.0,0.01,109,65395,买盘
296,10:23:19,6.0,0.0,8,4800,卖盘
297,10:23:22,6.0,0.0,5,3000,卖盘
298,10:23:43,6.0,0.0,5,3000,卖盘
299,10:23:49,5.99,-0.01,1,599,卖盘
300,10:24:28,5.99,0.0,1,599,卖盘
301,10:25:28,5.99,0.0,3,1797,卖盘
302,10:26:04,5.99,0.0,37,22163,买盘
303,10:26:10,5.99,0.0,54,32346,卖盘
304,10:27:34,5.99,0.0,8,4792,买盘
305,10:28:40,5.99,0.0,6,3594,卖盘
306,10:28:43,5.99,0.0,12,7188,卖盘
307,10:29:40,5.99,0.0,7,4193,卖盘
308,10:30:52,5.99,0.0,1,599,卖盘
309,10:30:55,5.99,0.0,28,16772,卖盘
310,10:30:57,5.99,0.0,2,1198,卖盘
311,10:31:01,5.99,0.0,1,599,卖盘
312,10:31:07,5.99,0.0,2,1198,买盘
313,10:31:25,6.0,0.01,206,123600,买盘
314,10:31:33,6.0,0.0,91,54984,买盘
315,10:31:52,6.0,0.0,3,1800,卖盘
316,10:31:58,5.99,-0.01,3,1798,卖盘
317,10:33:07,6.0,0.01,1,600,买盘
318,10:33:55,5.99,-0.01,3,1797,卖盘
319,10:33:57,5.99,0.0,1,599,卖盘
320,10:35:58,6.0,0.01,26,15594,买盘
321,10:36:10,5.99,-0.01,20,11980,卖盘
322,10:36:15,5.99,0.0,7,4193,卖盘
323,10:36:55,5.99,0.0,1,599,卖盘
324,10:37:04,5.99,0.0,1,599,卖盘
325,10:38:13,5.99,0.0,25,14975,卖盘
326,10:38:28,5.99,0.0,1,599,卖盘
327,10:38:31,5.99,0.0,2,1198,卖盘
328,10:38:40,5.99,0.0,1,599,卖盘
329,10:40:43,6.0,0.01,1,600,买盘
330,10:42:07,5.99,-0.01,5,2995,卖盘
331,10:42:12,5.99,0.0,1,599,卖盘
332,10:42:15,5.99,0.0,1,599,卖盘
333,10:42:18,5.99,0.0,1,599,卖盘
334,10:42:21,5.99,0.0,2,1198,卖盘
335,10:42:24,5.99,0.0,2,1198,卖盘
336,10:42:27,5.99,0.0,2,1198,卖盘
337,10:42:30,5.99,0.0,2,1198,卖盘
338,10:42:33,5.99,0.0,2,1198,卖盘
339,10:42:37,5.99,0.0,2,1198,卖盘
340,10:42:40,5.99,0.0,2,1198,卖盘
341,10:42:42,5.99,0.0,2,1198,卖盘
342,10:42:45,5.99,0.0,2,1198,卖盘
343,10:42:49,5.99,0.0,2,1198,卖盘
344,10:42:52,5.99,0.0,2,1198,卖盘
345,10:44:04,5.99,0.0,20,11980,卖盘
346,10:44:22,5.99,0.0,4,2396,卖盘
347,10:45:10,5.99,0.0,1,599,卖盘
348,10:46:16,5.99,0.0,5,2995,卖盘
349,10:46:28,5.99,0.0,11,6206,卖盘
350,10:47:15,6.0,0.01,70,41956,买盘
351,10:47:52,5.98,-0.02,4,2392,卖盘
352,10:48:21,5.98,0.0,4,2392,卖盘
353,10:48:54,5.98,0.0,4,2392,卖盘
354,10:49:22,5.98,0.0,4,2392,卖盘
355,10:49:52,5.98,0.0,4,2392,卖盘
356,10:50:22,5.98,0.0,4,2392,卖盘
357,10:50:52,5.98,0.0,4,2392,卖盘
358,10:51:25,5.98,0.0,4,2392,卖盘
359,10:51:43,5.98,0.0,1,598,卖盘
360,10:51:54,5.98,0.0,4,2392,卖盘
361,10:52:22,5.98,0.0,4,2392,卖盘
362,10:52:52,5.98,0.0,4,2392,卖盘
363,10:53:04,5.98,0.0,1,598,卖盘
364,10:53:25,5.98,0.0,4,2392,卖盘
365,10:53:55,5.98,0.0,4,2392,卖盘
366,10:54:25,5.98,0.0,4,2392,卖盘
367,10:54:55,5.98,0.0,4,2392,卖盘
368,10:55:25,5.98,0.0,2,1196,卖盘
369,10:55:57,5.98,0.0,5,2990,卖盘
370,10:56:40,5.98,0.0,4,2392,卖盘
371,10:56:52,5.98,0.0,7,4186,卖盘
372,10:57:45,5.98,0.0,5,2990,卖盘
373,10:57:58,5.98,0.0,60,36388,卖盘
374,10:58:04,5.98,0.0,6,3588,卖盘
375,10:58:09,5.98,0.0,1,598,卖盘
376,10:58:19,5.98,0.0,10,5980,卖盘
377,10:59:37,5.98,0.0,6,3588,卖盘
378,11:00:31,5.98,0.0,1,598,卖盘
379,11:01:09,5.98,0.0,1,598,卖盘
380,11:01:28,5.98,0.0,1,598,卖盘
381,11:01:33,5.98,0.0,3,1794,卖盘
382,11:01:46,5.98,0.0,96,56900,卖盘
383,11:02:49,5.97,-0.01,4,2388,卖盘
384,11:02:52,5.97,0.0,28,17241,卖盘
385,11:02:55,5.98,0.01,15,8970,买盘
386,11:03:00,5.98,0.0,7,4186,卖盘
387,11:03:04,5.98,0.0,1,598,卖盘
388,11:03:09,5.98,0.0,3,1794,卖盘
389,11:03:34,5.98,0.0,9,5382,卖盘
390,11:05:07,5.98,0.0,10,5980,卖盘
391,11:08:22,5.99,0.01,20,11980,买盘
392,11:08:54,5.99,0.0,7,4193,买盘
393,11:09:12,5.99,0.0,10,5990,买盘
394,11:10:01,5.99,0.0,5,2995,卖盘
395,11:10:27,5.99,0.0,1,599,卖盘
396,11:10:30,5.99,0.0,1,599,卖盘
397,11:11:04,5.99,0.0,1,599,卖盘
398,11:11:06,5.98,-0.01,2,1197,卖盘
399,11:11:28,5.98,0.0,1,598,卖盘
400,11:11:57,5.98,0.0,1,598,卖盘
401,11:14:07,5.98,0.0,1,598,卖盘
402,11:15:07,5.98,0.0,1,598,卖盘
403,11:15:10,5.99,0.01,3,1797,买盘
404,11:15:12,5.99,0.0,1,599,卖盘
405,11:15:16,5.99,0.0,1,599,卖盘
406,11:15:19,5.99,0.0,1,599,卖盘
407,11:15:22,5.99,0.0,1,599,卖盘
408,11:15:25,5.99,0.0,2,1198,卖盘
409,11:15:40,5.99,0.0,1,599,卖盘
410,11:15:43,6.0,0.01,20,12000,买盘
411,11:15:49,5.99,-0.01,1,599,卖盘
412,11:16:40,5.99,0.0,1,599,卖盘
413,11:17:10,5.99,0.0,1,599,卖盘
414,11:17:27,6.0,0.01,51,30599,买盘
415,11:18:01,6.0,0.0,78,46800,买盘
416,11:18:10,5.99,-0.01,1,599,卖盘
417,11:18:24,6.0,0.01,2,1200,买盘
418,11:18:58,5.99,-0.01,1,599,卖盘
419,11:19:07,5.99,0.0,1,599,卖盘
420,11:19:39,5.99,0.0,1,599,卖盘
421,11:20:40,6.0,0.01,55,32999,买盘
422,11:21:07,6.0,0.0,1,84,卖盘
423,11:21:10,6.02,0.02,126,75752,买盘
424,11:21:25,6.0,-0.02,3,1800,卖盘
425,11:22:10,6.0,0.0,1,600,卖盘
426,11:22:40,6.0,0.0,1,600,卖盘
427,11:23:40,6.0,0.0,1,600,卖盘
428,11:24:09,6.0,0.0,1,600,卖盘
429,11:25:10,6.0,0.0,1,600,卖盘
430,11:25:42,6.0,0.0,1,600,卖盘
431,11:26:40,6.0,0.0,1,600,卖盘
432,11:27:40,6.0,0.0,1,600,卖盘
433,11:28:13,6.0,0.0,1,600,卖盘
434,11:29:13,6.0,0.0,1,600,卖盘
435,11:29:43,6.0,0.0,1,600,卖盘
436,13:00:07,6.0,0.0,7,4200,卖盘
437,13:00:42,6.0,0.0,1,600,卖盘
438,13:01:12,6.0,0.0,1,600,卖盘
439,13:01:27,6.0,0.0,1,600,卖盘
440,13:01:33,6.0,0.0,1,600,卖盘
441,13:01:40,6.0,0.0,5,3000,卖盘
442,13:01:45,6.0,0.0,7,4200,卖盘
443,13:01:52,6.0,0.0,51,30600,卖盘
444,13:02:13,5.99,-0.01,1,599,卖盘
445,13:02:42,5.99,0.0,1,599,卖盘
446,13:03:15,5.99,0.0,1,599,卖盘
447,13:03:34,6.0,0.01,2,1200,买盘
448,13:03:42,5.99,-0.01,1,599,卖盘
449,13:04:42,5.99,0.0,1,599,卖盘
450,13:04:45,5.99,0.0,1,599,卖盘
451,13:04:49,5.99,0.0,4,2396,卖盘
452,13:04:51,5.99,0.0,2,1198,卖盘
453,13:04:54,5.99,0.0,1,599,卖盘
454,13:05:12,5.99,0.0,1,599,卖盘
455,13:06:15,5.99,0.0,1,599,卖盘
456,13:06:45,5.99,0.0,1,599,卖盘
457,13:07:28,5.99,0.0,1,599,卖盘
458,13:07:42,5.99,0.0,36,21564,卖盘
459,13:07:45,5.99,0.0,2,1198,卖盘
460,13:08:15,5.99,0.0,1,599,卖盘
461,13:08:24,5.99,0.0,6,3594,卖盘
462,13:09:04,6.0,0.01,1,600,买盘
463,13:09:15,5.99,-0.01,1,599,卖盘
464,13:09:27,6.0,0.01,1,600,买盘
465,13:09:45,6.0,0.0,2,1199,买盘
466,13:09:51,5.99,-0.01,4,2396,卖盘
467,13:10:06,6.0,0.01,1,600,买盘
468,13:10:28,6.0,0.0,1,600,买盘
469,13:10:45,5.99,-0.01,1,599,卖盘
470,13:11:12,5.99,0.0,1,599,卖盘
471,13:11:15,5.99,0.0,4,2396,卖盘
472,13:11:19,5.99,0.0,2,1198,卖盘
473,13:11:37,5.99,0.0,8,4792,卖盘
474,13:11:40,5.99,0.0,16,9584,卖盘
475,13:11:52,5.98,-0.01,5,2990,卖盘
476,13:12:01,5.98,0.0,20,11960,卖盘
477,13:14:42,5.98,0.0,1,598,卖盘
478,13:15:19,5.98,0.0,5,2990,卖盘
479,13:16:36,5.98,0.0,7,4186,卖盘
480,13:17:16,5.99,0.01,10,5990,买盘
481,13:17:24,5.98,-0.01,1,598,卖盘
482,13:17:58,5.98,0.0,1,598,卖盘
483,13:18:58,5.98,0.0,5,2990,卖盘
484,13:19:06,5.98,0.0,1,598,卖盘
485,13:19:24,5.98,0.0,40,23920,卖盘
486,13:19:31,5.98,0.0,4,2392,卖盘
487,13:20:04,5.98,0.0,40,23920,卖盘
488,13:20:10,5.98,0.0,2,1196,卖盘
489,13:20:37,5.97,-0.01,20,11944,卖盘
490,13:21:06,5.99,0.02,85,50915,买盘
491,13:21:13,5.97,-0.02,100,59185,卖盘
492,13:21:16,5.97,0.0,50,29850,买盘
493,13:21:19,5.96,-0.01,6,3576,卖盘
494,13:21:25,5.96,0.0,105,62580,卖盘
495,13:21:52,5.96,0.0,1,596,买盘
496,13:21:58,5.95,-0.01,1,595,卖盘
497,13:22:06,5.96,0.01,1,596,卖盘
498,13:22:16,5.96,0.0,9,5364,卖盘
499,13:22:19,5.97,0.01,17,10149,买盘
500,13:22:30,5.97,0.0,44,26268,卖盘
501,13:22:36,5.96,-0.01,6,3576,卖盘
502,13:22:49,5.97,0.01,5,2985,买盘
503,13:23:04,5.97,0.0,167,99699,买盘
504,13:23:06,5.96,-0.01,19,11324,卖盘
505,13:23:13,5.95,-0.01,6,3570,卖盘
506,13:23:19,5.97,0.02,1,597,买盘
507,13:23:25,5.95,-0.02,30,17854,卖盘
508,13:24:28,5.97,0.0,7,4179,卖盘
509,13:24:45,5.97,0.0,1,597,卖盘
510,13:25:31,5.97,0.0,3,1612,卖盘
511,13:26:10,5.97,0.0,12,7164,买盘
512,13:26:28,5.97,0.0,7,4358,买盘
513,13:27:16,5.97,0.0,1,597,卖盘
514,13:28:19,5.97,0.0,1,597,卖盘
515,13:29:09,5.97,0.0,1,597,卖盘
516,13:31:58,5.97,0.0,1,597,卖盘
517,13:33:09,5.97,0.0,8,4776,卖盘
518,13:34:27,5.96,-0.01,4,2386,卖盘
519,13:34:43,5.96,0.0,1,596,卖盘
520,13:34:48,5.96,0.0,1,596,卖盘
521,13:35:19,5.96,0.0,1,596,卖盘
522,13:36:28,5.96,0.0,6,3576,卖盘
523,13:37:04,5.96,0.0,69,41124,卖盘
524,13:37:09,5.96,0.0,1,417,买盘
525,13:37:31,5.95,-0.01,108,64260,卖盘
526,13:37:37,5.95,0.0,1,595,卖盘
527,13:37:52,5.95,0.0,18,10704,买盘
528,13:38:09,5.95,0.0,7,4165,卖盘
529,13:38:22,5.95,0.0,1,595,卖盘
530,13:39:04,5.94,-0.01,28,16632,卖盘
531,13:39:07,5.94,0.0,1,594,卖盘
532,13:39:10,5.94,0.0,6,3564,卖盘
533,13:39:12,5.94,0.0,39,23166,卖盘
534,13:39:24,5.94,0.0,1,594,买盘
535,13:39:30,5.94,0.0,2,1188,买盘
536,13:39:34,5.94,0.0,7,4158,买盘
537,13:39:37,5.94,0.0,8,4752,卖盘
538,13:39:51,5.95,0.01,14,8330,买盘
539,13:39:58,5.95,0.0,3,1785,卖盘
540,13:40:13,5.94,-0.01,3,1782,卖盘
541,13:40:34,5.94,0.0,8,4752,卖盘
542,13:40:49,5.95,0.01,3,1785,买盘
543,13:40:55,5.95,0.0,15,8925,买盘
544,13:40:58,5.95,0.0,8,4760,买盘
545,13:41:04,5.95,0.0,1,595,中性盘
546,13:41:46,5.95,0.0,1,595,卖盘
547,13:42:49,5.96,0.01,8,4768,买盘
548,13:42:52,5.96,0.0,14,8344,买盘
549,13:42:55,5.96,0.0,1,596,卖盘
550,13:43:55,5.96,0.0,1,596,卖盘
551,13:45:07,5.96,0.0,1,596,卖盘
552,13:46:07,5.96,0.0,10,5960,卖盘
553,13:46:09,5.95,-0.01,10,5950,卖盘
554,13:46:18,5.96,0.01,12,7152,买盘
555,13:46:21,5.96,0.0,8,4768,卖盘
556,13:46:25,5.96,0.0,8,4768,卖盘
557,13:46:28,5.96,0.0,2,1192,卖盘
558,13:48:45,5.95,-0.01,6,3570,卖盘
559,13:48:54,5.95,0.0,43,25585,卖盘
560,13:48:58,5.95,0.0,1,595,卖盘
561,13:49:01,5.95,0.0,3,1785,卖盘
562,13:49:09,5.95,0.0,1,595,卖盘
563,13:49:22,5.95,0.0,50,29750,卖盘
564,13:49:25,5.95,0.0,9,5355,卖盘
565,13:49:42,5.95,0.0,51,30345,买盘
566,13:50:01,5.95,0.0,88,52360,卖盘
567,13:50:12,5.96,0.01,10,5960,买盘
568,13:50:40,5.95,-0.01,18,10710,卖盘
569,13:50:55,5.95,0.0,1,595,卖盘
570,13:51:01,5.95,0.0,43,25585,卖盘
571,13:51:07,5.94,-0.01,1,594,卖盘
572,13:51:45,5.95,0.01,1,595,卖盘
573,13:52:37,5.95,0.0,1,595,卖盘
574,13:52:49,5.95,0.0,90,53550,卖盘
575,13:53:01,5.94,-0.01,10,5942,卖盘
576,13:53:37,5.95,0.01,42,24990,卖盘
577,13:53:39,5.95,0.0,19,11305,卖盘
578,13:53:57,5.94,-0.01,150,89100,卖盘
579,13:54:07,5.94,0.0,2,1188,卖盘
580,13:54:34,5.95,0.01,1,595,买盘
581,13:55:13,5.94,-0.01,1,594,卖盘
582,13:55:43,5.94,0.0,4,2376,卖盘
583,13:55:49,5.94,0.0,53,31482,卖盘
584,13:56:07,5.94,0.0,8,4752,卖盘
585,13:56:52,5.94,0.0,21,12474,买盘
586,13:56:55,5.93,-0.01,1,593,卖盘
587,13:56:58,5.93,0.0,4,2372,卖盘
588,13:57:39,5.94,0.01,20,11880,买盘
589,13:58:01,5.93,-0.01,6,3558,卖盘
590,13:58:27,5.93,0.0,3,1779,卖盘
591,13:58:58,5.94,0.01,1,594,买盘
592,13:59:01,5.93,-0.01,1,593,卖盘
593,13:59:15,5.93,0.0,1,593,卖盘
594,13:59:34,5.94,0.01,17,10098,买盘
595,14:00:37,5.94,0.0,1,594,买盘
596,14:01:30,5.93,-0.01,1,593,卖盘
597,14:01:34,5.93,0.0,100,59300,卖盘
598,14:01:43,5.93,0.0,3,1779,卖盘
599,14:01:58,5.93,0.0,25,14825,卖盘
600,14:02:04,5.92,-0.01,6,3552,卖盘
601,14:02:13,5.92,0.0,1,592,卖盘
602,14:02:52,5.92,0.0,21,12432,卖盘
603,14:03:01,5.92,0.0,100,59200,卖盘
604,14:03:13,5.93,0.01,9,5337,卖盘
605,14:03:16,5.92,-0.01,5,2960,卖盘
606,14:04:16,5.92,0.0,5,2960,卖盘
607,14:04:46,5.93,0.01,8,4744,买盘
608,14:04:49,5.93,0.0,2,1186,卖盘
609,14:04:57,5.93,0.0,4,2372,买盘
610,14:05:13,5.94,0.01,5,2970,买盘
611,14:05:22,5.93,-0.01,1,593,卖盘
612,14:05:58,5.94,0.01,15,9112,买盘
613,14:06:04,5.94,0.0,11,6534,卖盘
614,14:06:13,5.94,0.0,41,24354,卖盘
615,14:06:19,5.94,0.0,1,392,买盘
616,14:06:37,5.94,0.0,20,11880,卖盘
617,14:08:04,5.94,0.0,1,594,中性盘
618,14:08:09,5.93,-0.01,11,6532,卖盘
619,14:08:27,5.94,0.01,55,32670,卖盘
620,14:08:31,5.94,0.0,67,39798,卖盘
621,14:09:22,5.94,0.0,33,19602,买盘
622,14:09:31,5.93,-0.01,32,19427,卖盘
623,14:11:07,5.93,0.0,1,593,卖盘
624,14:11:10,5.94,0.01,146,86724,买盘
625,14:12:28,5.95,0.01,20,11900,买盘
626,14:12:43,5.94,-0.01,17,10098,卖盘
627,14:13:04,5.94,0.0,1,594,卖盘
628,14:14:13,5.94,0.0,1,594,卖盘
629,14:14:37,5.95,0.01,5,2975,买盘
630,14:14:51,5.94,-0.01,1,594,卖盘
631,14:15:01,5.94,0.0,1,594,卖盘
632,14:17:16,5.94,0.0,1,594,卖盘
633,14:17:19,5.94,0.0,2,1188,卖盘
634,14:20:13,5.94,0.0,1,594,卖盘
635,14:20:19,5.94,0.0,1,594,卖盘
636,14:21:15,5.94,0.0,73,43362,卖盘
637,14:22:04,5.94,0.0,2,1188,卖盘
638,14:22:28,5.94,0.0,5,2970,卖盘
639,14:22:31,5.94,0.0,1,594,卖盘
640,14:22:58,5.94,0.0,1,594,卖盘
641,14:23:01,5.94,0.0,1,594,卖盘
642,14:23:40,5.94,0.0,50,29700,卖盘
643,14:24:04,5.94,0.0,6,3564,卖盘
644,14:24:25,5.94,0.0,4,2376,卖盘
645,14:25:22,5.94,0.0,3,1782,卖盘
646,14:25:58,5.95,0.01,50,29750,买盘
647,14:26:04,5.94,-0.01,1,594,卖盘
648,14:26:16,5.94,0.0,30,17820,卖盘
649,14:26:28,5.94,0.0,4,2376,卖盘
650,14:26:52,5.94,0.0,20,11880,卖盘
651,14:28:25,5.94,0.0,1,594,卖盘
652,14:28:30,5.94,0.0,1,594,卖盘
653,14:28:37,5.94,0.0,1,594,卖盘
654,14:28:42,5.94,0.0,1,594,卖盘
655,14:28:46,5.95,0.01,5,2975,买盘
656,14:28:49,5.94,-0.01,9,5346,卖盘
657,14:28:52,5.94,0.0,6,3564,卖盘
658,14:29:10,5.94,0.0,20,11880,卖盘
659,14:29:13,5.94,0.0,1,594,卖盘
660,14:29:19,5.94,0.0,3,1782,卖盘
661,14:29:42,5.94,0.0,1,594,卖盘
662,14:30:55,5.94,0.0,1,594,卖盘
663,14:32:43,5.94,0.0,8,4752,卖盘
664,14:32:46,5.94,0.0,3,1782,卖盘
665,14:33:04,5.94,0.0,1,594,卖盘
666,14:33:46,5.94,0.0,1,594,卖盘
667,14:35:31,5.95,0.01,61,36295,买盘
668,14:35:33,5.95,0.0,1,595,卖盘
669,14:35:40,5.95,0.0,115,68425,买盘
670,14:36:01,5.95,0.0,1,595,买盘
671,14:36:06,5.95,0.0,8,4760,卖盘
672,14:36:31,5.96,0.01,10,5960,买盘
673,14:37:54,5.97,0.01,30,17910,买盘
674,14:38:01,5.97,0.0,1,597,卖盘
675,14:38:19,5.97,0.0,6,3582,买盘
676,14:38:43,5.98,0.01,50,29900,买盘
677,14:38:57,5.98,0.0,300,179400,买盘
678,14:40:04,5.97,-0.01,18,10746,卖盘
679,14:40:28,5.96,-0.01,6,3576,卖盘
680,14:42:04,5.97,0.01,3,1791,卖盘
681,14:42:10,5.96,-0.01,60,35778,卖盘
682,14:42:37,5.96,0.0,9,5364,卖盘
683,14:42:49,5.96,0.0,39,23265,卖盘
684,14:42:57,5.96,0.0,15,8940,卖盘
685,14:44:19,5.98,0.02,4,2392,买盘
686,14:44:33,5.98,0.0,8,4784,买盘
687,14:45:37,5.97,-0.01,20,11940,卖盘
688,14:45:46,5.97,0.0,20,11940,中性盘
689,14:46:13,5.98,0.01,181,108238,买盘
690,14:46:49,5.98,0.0,19,11362,卖盘
691,14:47:07,5.97,-0.01,21,12537,卖盘
692,14:47:21,5.98,0.01,10,5980,买盘
693,14:47:28,5.98,0.0,30,17940,卖盘
694,14:48:04,5.99,0.01,87,52079,买盘
695,14:49:28,5.99,0.0,83,49717,买盘
696,14:49:37,5.99,0.0,64,38336,买盘
697,14:49:40,5.99,0.0,6,3594,卖盘
698,14:49:43,5.99,0.0,30,17970,卖盘
699,14:50:07,5.99,0.0,3,1797,买盘
700,14:51:25,5.98,-0.01,2,1196,卖盘
701,14:51:28,5.98,0.0,5,2990,卖盘
702,14:51:31,5.99,0.01,3,1797,中性盘
703,14:51:46,5.99,0.0,65,38935,卖盘
704,14:52:07,5.99,0.0,2,1198,买盘
705,14:52:19,5.99,0.0,4,2396,买盘
706,14:52:25,5.99,0.0,2,1198,卖盘
707,14:52:34,5.99,0.0,3,1797,卖盘
708,14:52:37,5.99,0.0,20,11980,卖盘
709,14:52:40,5.99,0.0,46,27554,卖盘
710,14:53:16,5.99,0.0,41,24164,买盘
711,14:53:22,5.99,0.0,19,11776,卖盘
712,14:53:43,5.98,-0.01,5,2990,买盘
713,14:53:46,5.98,0.0,8,4784,买盘
714,14:53:49,5.98,0.0,1,598,中性盘
715,14:53:52,5.99,0.01,5,2995,买盘
716,14:53:55,6.0,0.01,169,101004,卖盘
717,14:54:13,6.0,0.0,2,1200,卖盘
718,14:54:16,6.0,0.0,4,2286,卖盘
719,14:54:34,6.0,0.0,18,10800,卖盘
720,14:54:37,5.98,-0.02,1,598,卖盘
721,14:54:49,6.01,0.03,100,60088,买盘
722,14:55:10,5.98,-0.03,19,11362,卖盘
723,14:55:16,5.98,0.0,3,1794,买盘
724,14:55:19,5.97,-0.01,1,597,卖盘
725,14:55:31,6.0,0.03,5,3000,买盘
726,14:55:34,5.97,-0.03,1,597,卖盘
727,14:55:37,5.97,0.0,17,10149,卖盘
728,14:55:40,6.0,0.03,55,32991,买盘
729,14:55:43,5.97,-0.03,8,4776,卖盘
730,14:55:46,5.97,0.0,2,1194,卖盘
731,14:56:49,5.99,0.02,4,2396,卖盘
732,15:00:04,6.0,0.01,114,68760,卖盘
