,time,price,change,volume,amount,type
0,09:25:05,4.38,-0.03,96,42048,卖盘
1,09:30:04,4.38,0.0,59,25842,卖盘
2,09:30:06,4.38,0.0,71,31126,卖盘
3,09:30:31,4.39,0.01,18,7902,买盘
4,09:30:34,4.38,-0.01,34,14892,卖盘
5,09:30:36,4.39,0.01,2,878,买盘
6,09:30:49,4.38,-0.01,24,10524,卖盘
7,09:30:58,4.38,0.0,64,28032,卖盘
8,09:31:00,4.39,0.01,28,12292,买盘
9,09:31:04,4.38,-0.01,36,15768,卖盘
10,09:31:13,4.38,0.0,16,7008,卖盘
11,09:31:18,4.38,0.0,43,18834,卖盘
12,09:31:21,4.38,0.0,4,1752,买盘
13,09:31:31,4.37,-0.01,112,48994,卖盘
14,09:31:34,4.38,0.01,20,8760,买盘
15,09:31:39,4.37,-0.01,45,19685,卖盘
16,09:31:46,4.38,0.01,9,3942,卖盘
17,09:31:49,4.38,0.0,2,876,卖盘
18,09:31:57,4.37,-0.01,117,51144,卖盘
19,09:32:12,4.38,0.01,115,50369,买盘
20,09:32:19,4.36,-0.02,154,67175,卖盘
21,09:32:28,4.38,0.02,7,3066,卖盘
22,09:32:34,4.38,0.0,67,29296,卖盘
23,09:32:46,4.38,0.0,24,10512,买盘
24,09:32:49,4.37,-0.01,59,25783,卖盘
25,09:32:52,4.37,0.0,41,17917,买盘
26,09:32:55,4.37,0.0,2,874,卖盘
27,09:33:01,4.38,0.01,56,24528,买盘
28,09:33:04,4.38,0.0,57,24932,买盘
29,09:33:06,4.38,0.0,49,21462,买盘
30,09:33:10,4.38,0.0,24,10512,买盘
31,09:33:13,4.38,0.0,30,13140,买盘
32,09:33:15,4.38,0.0,265,116070,买盘
33,09:33:19,4.39,0.01,2,878,买盘
34,09:33:22,4.39,0.0,6,2634,买盘
35,09:33:25,4.39,0.0,3,1317,买盘
36,09:33:27,4.39,0.0,41,17999,买盘
37,09:33:30,4.4,0.01,5,2200,买盘
38,09:33:34,4.4,0.0,2,880,买盘
39,09:33:37,4.4,0.0,6,2640,买盘
40,09:33:39,4.4,0.0,3,1320,买盘
41,09:33:46,4.4,0.0,2,880,买盘
42,09:33:52,4.4,0.0,3,1320,买盘
43,09:34:03,4.4,0.0,108,47481,买盘
44,09:34:06,4.4,0.0,10,4400,买盘
45,09:34:10,4.39,-0.01,50,21950,卖盘
46,09:34:19,4.4,0.01,30,13200,买盘
47,09:34:21,4.4,0.0,26,11440,买盘
48,09:34:27,4.4,0.0,100,44000,买盘
49,09:34:34,4.39,-0.01,41,18010,卖盘
50,09:34:37,4.39,0.0,19,8341,买盘
51,09:34:46,4.39,0.0,39,17121,卖盘
52,09:34:48,4.39,0.0,73,32047,卖盘
53,09:34:57,4.39,0.0,5,2195,买盘
54,09:35:13,4.36,-0.03,514,224818,卖盘
55,09:35:15,4.39,0.03,7,3073,买盘
56,09:35:22,4.38,-0.01,33,14454,卖盘
57,09:35:34,4.38,0.0,56,24528,卖盘
58,09:35:40,4.37,-0.01,20,8747,卖盘
59,09:35:45,4.37,0.0,10,4370,卖盘
60,09:35:49,4.36,-0.01,140,61067,卖盘
61,09:35:55,4.38,0.02,22,9636,买盘
62,09:36:04,4.37,-0.01,15,6555,中性盘
63,09:36:06,4.37,0.0,36,15732,买盘
64,09:36:13,4.37,0.0,19,8303,卖盘
65,09:36:18,4.38,0.01,2,876,买盘
66,09:36:30,4.38,0.0,11,4818,买盘
67,09:36:33,4.37,-0.01,31,13547,卖盘
68,09:36:42,4.38,0.01,325,142329,买盘
69,09:36:46,4.36,-0.02,2,872,卖盘
70,09:36:48,4.37,0.01,29,12673,买盘
71,09:36:54,4.37,0.0,10,4370,卖盘
72,09:36:57,4.36,-0.01,201,87665,卖盘
73,09:37:09,4.36,0.0,20,8720,卖盘
74,09:37:16,4.37,0.01,30,13110,买盘
75,09:37:18,4.36,-0.01,16,6983,卖盘
76,09:37:33,4.37,0.01,13,5681,买盘
77,09:37:36,4.37,0.0,15,6555,买盘
78,09:37:51,4.38,0.01,11,4818,买盘
79,09:38:04,4.37,-0.01,21,9177,卖盘
80,09:38:06,4.37,0.0,53,23161,卖盘
81,09:38:15,4.38,0.01,20,8760,买盘
82,09:38:18,4.38,0.0,1,438,买盘
83,09:38:21,4.38,0.0,211,92418,买盘
84,09:38:30,4.38,0.0,30,13140,卖盘
85,09:38:37,4.38,0.0,260,113772,卖盘
86,09:38:45,4.38,0.0,6,2628,卖盘
87,09:38:48,4.38,0.0,40,17520,卖盘
88,09:39:01,4.37,-0.01,1,437,卖盘
89,09:39:04,4.38,0.01,5,2190,买盘
90,09:39:06,4.38,0.0,32,14016,买盘
91,09:39:10,4.37,-0.01,39,17051,卖盘
92,09:39:24,4.39,0.02,11,4829,买盘
93,09:39:28,4.38,-0.01,9,3942,卖盘
94,09:39:30,4.38,0.0,50,21900,买盘
95,09:39:33,4.38,0.0,10,4380,买盘
96,09:39:43,4.37,-0.01,90,39330,卖盘
97,09:39:54,4.38,0.01,43,18834,买盘
98,09:40:03,4.38,0.0,17,7446,卖盘
99,09:40:07,4.38,0.0,2,876,买盘
100,09:40:24,4.38,0.0,5,2190,买盘
101,09:40:27,4.37,-0.01,2,874,卖盘
102,09:40:31,4.37,0.0,19,8304,卖盘
103,09:40:37,4.38,0.01,40,17520,买盘
104,09:40:54,4.38,0.0,11,4818,买盘
105,09:41:04,4.37,-0.01,25,10925,卖盘
106,09:41:07,4.37,0.0,103,45011,卖盘
107,09:41:09,4.37,0.0,105,45885,卖盘
108,09:41:12,4.37,0.0,35,15295,买盘
109,09:41:19,4.37,0.0,10,4370,买盘
110,09:41:22,4.37,0.0,2,874,买盘
111,09:41:36,4.37,0.0,100,43700,买盘
112,09:41:39,4.37,0.0,17,7429,买盘
113,09:41:42,4.37,0.0,15,6555,卖盘
114,09:42:04,4.37,0.0,17,7429,卖盘
115,09:42:06,4.37,0.0,46,20142,卖盘
116,09:42:24,4.38,0.01,12,5256,买盘
117,09:42:27,4.37,-0.01,143,62491,卖盘
118,09:42:30,4.37,0.0,11,4807,卖盘
119,09:42:46,4.37,0.0,10,4370,买盘
120,09:42:48,4.37,0.0,1,437,中性盘
121,09:43:01,4.37,0.0,10,4370,卖盘
122,09:43:04,4.37,0.0,16,6992,卖盘
123,09:43:09,4.38,0.01,32,14016,买盘
124,09:43:19,4.38,0.0,33,14454,买盘
125,09:43:30,4.37,-0.01,114,49917,卖盘
126,09:43:36,4.38,0.01,79,34602,买盘
127,09:43:45,4.38,0.0,20,8760,买盘
128,09:43:48,4.38,0.0,117,51246,买盘
129,09:43:54,4.39,0.01,11,4829,买盘
130,09:44:04,4.38,-0.01,16,7008,卖盘
131,09:44:12,4.39,0.01,14,6146,买盘
132,09:44:16,4.39,0.0,54,23706,买盘
133,09:44:18,4.39,0.0,37,16243,买盘
134,09:44:22,4.39,0.0,76,33364,买盘
135,09:44:25,4.39,0.0,20,8780,买盘
136,09:44:30,4.39,0.0,54,23706,买盘
137,09:44:33,4.38,-0.01,99,43362,卖盘
138,09:44:54,4.39,0.01,20,8780,买盘
139,09:45:03,4.38,-0.01,14,6132,卖盘
140,09:45:07,4.39,0.01,40,17560,买盘
141,09:45:10,4.38,-0.01,20,8760,卖盘
142,09:45:12,4.39,0.01,27,11853,买盘
143,09:45:24,4.39,0.0,11,4829,买盘
144,09:45:30,4.38,-0.01,24,10522,卖盘
145,09:45:55,4.39,0.01,4,1756,买盘
146,09:46:03,4.38,-0.01,16,7008,卖盘
147,09:46:06,4.38,0.0,323,141474,卖盘
148,09:46:13,4.38,0.0,2,876,买盘
149,09:46:27,4.38,0.0,35,15330,买盘
150,09:46:30,4.38,0.0,11,4818,买盘
151,09:46:37,4.38,0.0,40,17520,买盘
152,09:46:40,4.38,0.0,43,18834,买盘
153,09:46:45,4.38,0.0,1,438,买盘
154,09:46:48,4.38,0.0,1,438,买盘
155,09:46:51,4.38,0.0,1,438,买盘
156,09:46:54,4.38,0.0,40,17520,买盘
157,09:47:04,4.38,0.0,20,8760,卖盘
158,09:47:06,4.38,0.0,56,24528,卖盘
159,09:47:09,4.38,0.0,275,120450,买盘
160,09:47:30,4.38,0.0,18,7884,卖盘
161,09:47:48,4.38,0.0,45,19710,买盘
162,09:47:57,4.38,0.0,5,2190,卖盘
163,09:48:04,4.38,0.0,27,11826,卖盘
164,09:48:06,4.38,0.0,42,18436,卖盘
165,09:48:09,4.38,0.0,27,11826,卖盘
166,09:48:12,4.39,0.01,1,439,买盘
167,09:48:22,4.39,0.0,11,4829,买盘
168,09:48:28,4.38,-0.01,16,7008,卖盘
169,09:48:30,4.38,0.0,26,11388,卖盘
170,09:48:39,4.38,0.0,11,4818,卖盘
171,09:48:48,4.38,0.0,3,1314,卖盘
172,09:48:57,4.38,0.0,1,438,卖盘
173,09:49:04,4.39,0.01,16,7010,买盘
174,09:49:15,4.39,0.0,56,24584,买盘
175,09:49:25,4.39,0.0,28,12292,买盘
176,09:49:36,4.39,0.0,50,21940,买盘
177,09:49:52,4.39,0.0,11,4829,买盘
178,09:49:57,4.39,0.0,5,2195,买盘
179,09:50:00,4.39,0.0,20,8780,买盘
180,09:50:03,4.39,0.0,30,13170,买盘
181,09:50:27,4.39,0.0,57,25023,买盘
182,09:51:03,4.38,-0.01,41,17958,卖盘
183,09:51:06,4.39,0.01,40,17560,买盘
184,09:51:25,4.39,0.0,10,4390,买盘
185,09:51:33,4.38,-0.01,3,1314,卖盘
186,09:51:39,4.39,0.01,17,7463,买盘
187,09:51:48,4.38,-0.01,7,3066,卖盘
188,09:51:58,4.38,0.0,13,5694,卖盘
189,09:52:04,4.38,0.0,13,5694,卖盘
190,09:52:18,4.38,0.0,10,4380,卖盘
191,09:52:24,4.38,0.0,61,26718,卖盘
192,09:52:30,4.38,0.0,11,4818,卖盘
193,09:52:33,4.38,0.0,1,438,卖盘
194,09:52:40,4.39,0.01,48,21064,买盘
195,09:52:54,4.39,0.0,11,4829,买盘
196,09:53:04,4.38,-0.01,14,6132,卖盘
197,09:53:18,4.38,0.0,8,3504,卖盘
198,09:53:30,4.38,0.0,81,35478,卖盘
199,09:54:00,4.38,0.0,11,4818,卖盘
200,09:54:04,4.38,0.0,14,6132,卖盘
201,09:54:06,4.39,0.01,43,18877,买盘
202,09:54:15,4.38,-0.01,16,7008,卖盘
203,09:54:24,4.39,0.01,20,8771,买盘
204,09:54:27,4.38,-0.01,1,438,卖盘
205,09:54:30,4.38,0.0,23,10085,卖盘
206,09:55:04,4.38,0.0,16,7008,卖盘
207,09:55:24,4.39,0.01,5,2195,买盘
208,09:55:30,4.38,-0.01,52,22812,卖盘
209,09:55:33,4.39,0.01,10,4390,买盘
210,09:55:36,4.39,0.0,40,17560,买盘
211,09:55:54,4.39,0.0,11,4829,买盘
212,09:56:03,4.38,-0.01,19,8322,卖盘
213,09:56:06,4.39,0.01,318,139602,买盘
214,09:56:13,4.39,0.0,56,24584,买盘
215,09:56:21,4.38,-0.01,20,8760,卖盘
216,09:56:30,4.38,0.0,19,8322,卖盘
217,09:56:33,4.39,0.01,20,8780,买盘
218,09:56:40,4.39,0.0,61,26779,买盘
219,09:56:42,4.38,-0.01,41,17958,卖盘
220,09:56:51,4.39,0.01,1,439,买盘
221,09:56:54,4.39,0.0,8,3512,买盘
222,09:56:57,4.39,0.0,6,2634,买盘
223,09:57:01,4.38,-0.01,18,7889,卖盘
224,09:57:06,4.39,0.01,40,17560,买盘
225,09:57:12,4.39,0.0,60,26340,买盘
226,09:57:15,4.39,0.0,2,878,买盘
227,09:57:19,4.39,0.0,610,267790,买盘
228,09:57:27,4.4,0.01,11,4840,买盘
229,09:57:45,4.4,0.0,85,37400,买盘
230,09:57:52,4.4,0.0,25,11000,买盘
231,09:57:57,4.39,-0.01,39,17138,卖盘
232,09:58:03,4.39,0.0,12,5268,卖盘
233,09:58:30,4.39,0.0,11,4829,卖盘
234,09:58:36,4.4,0.01,40,17600,买盘
235,09:58:51,4.4,0.0,16,7040,买盘
236,09:58:54,4.4,0.0,11,4840,买盘
237,09:59:09,4.4,0.0,23,10120,买盘
238,10:00:06,4.4,0.0,40,17600,买盘
239,10:00:27,4.4,0.0,11,4840,买盘
240,10:00:30,4.39,-0.01,47,20633,卖盘
241,10:00:36,4.39,0.0,6,2634,卖盘
242,10:01:03,4.39,0.0,29,12731,卖盘
243,10:01:06,4.39,0.0,15,6585,卖盘
244,10:01:12,4.4,0.01,30,13200,买盘
245,10:01:18,4.4,0.0,45,19800,买盘
246,10:01:34,4.39,-0.01,5,2195,卖盘
247,10:01:54,4.4,0.01,11,4840,买盘
248,10:02:04,4.39,-0.01,19,8341,卖盘
249,10:02:09,4.4,0.01,10,4400,买盘
250,10:02:30,4.39,-0.01,13,5707,卖盘
251,10:02:58,4.4,0.01,1,440,买盘
252,10:03:03,4.39,-0.01,17,7463,卖盘
253,10:03:13,4.4,0.01,25,11000,买盘
254,10:03:24,4.4,0.0,52,22841,买盘
255,10:03:30,4.39,-0.01,4,1756,卖盘
256,10:03:45,4.4,0.01,4,1760,买盘
257,10:03:51,4.4,0.0,5,2200,买盘
258,10:03:55,4.4,0.0,10,4400,买盘
259,10:04:03,4.39,-0.01,11,4829,卖盘
260,10:04:33,4.39,0.0,10,4390,卖盘
261,10:04:40,4.4,0.01,3,1320,买盘
262,10:04:54,4.4,0.0,11,4840,买盘
263,10:05:04,4.39,-0.01,19,8341,卖盘
264,10:05:18,4.39,0.0,1,439,卖盘
265,10:05:22,4.4,0.01,5,2200,买盘
266,10:05:30,4.39,-0.01,19,8341,卖盘
267,10:05:33,4.4,0.01,124,54560,买盘
268,10:05:36,4.4,0.0,7,3080,买盘
269,10:05:42,4.4,0.0,51,22440,买盘
270,10:05:45,4.4,0.0,46,20240,买盘
271,10:05:51,4.41,0.01,3,1323,买盘
272,10:06:04,4.4,-0.01,10,4400,卖盘
273,10:06:09,4.4,0.0,68,29920,卖盘
274,10:06:21,4.41,0.01,51,22449,买盘
275,10:06:24,4.41,0.0,1,441,买盘
276,10:06:36,4.41,0.0,10,4410,买盘
277,10:06:42,4.41,0.0,10,4410,买盘
278,10:06:55,4.4,-0.01,6,2640,卖盘
279,10:07:00,4.41,0.01,35,15435,买盘
280,10:07:16,4.41,0.0,20,8820,买盘
281,10:07:52,4.41,0.0,1,441,买盘
282,10:07:57,4.41,0.0,129,56889,买盘
283,10:08:24,4.41,0.0,30,13230,卖盘
284,10:08:31,4.41,0.0,84,37044,卖盘
285,10:08:39,4.41,0.0,44,19404,买盘
286,10:09:09,4.41,0.0,37,16317,卖盘
287,10:09:18,4.42,0.01,74,32708,买盘
288,10:09:36,4.42,0.0,47,20774,买盘
289,10:09:48,4.42,0.0,48,21216,卖盘
290,10:10:00,4.42,0.0,38,16796,卖盘
291,10:10:04,4.42,0.0,34,15028,卖盘
292,10:10:27,4.42,0.0,29,12818,买盘
293,10:10:34,4.42,0.0,5,2210,买盘
294,10:10:42,4.41,-0.01,13,5733,卖盘
295,10:11:01,4.42,0.01,17,7514,买盘
296,10:11:12,4.42,0.0,30,13260,买盘
297,10:11:30,4.41,-0.01,408,179936,卖盘
298,10:11:33,4.41,0.0,2,882,买盘
299,10:11:45,4.4,-0.01,295,129990,卖盘
300,10:11:54,4.4,0.0,20,8800,买盘
301,10:12:01,4.4,0.0,19,8360,买盘
302,10:12:04,4.4,0.0,27,11880,卖盘
303,10:12:24,4.41,0.01,20,8820,买盘
304,10:12:36,4.41,0.0,12,5292,买盘
305,10:12:43,4.4,-0.01,10,4400,卖盘
306,10:12:48,4.4,0.0,38,16720,卖盘
307,10:12:54,4.4,0.0,61,26840,买盘
308,10:13:12,4.41,0.01,89,39249,买盘
309,10:13:16,4.41,0.0,100,44100,卖盘
310,10:13:25,4.41,0.0,19,8388,卖盘
311,10:13:30,4.4,-0.01,197,86783,卖盘
312,10:13:33,4.4,0.0,20,8800,买盘
313,10:13:45,4.4,0.0,65,28600,买盘
314,10:14:04,4.4,0.0,9,3960,卖盘
315,10:14:42,4.4,0.0,15,6600,卖盘
316,10:14:55,4.41,0.01,4,1764,买盘
317,10:15:03,4.4,-0.01,37,16280,卖盘
318,10:15:16,4.41,0.01,1,441,买盘
319,10:15:21,4.4,-0.01,17,7480,卖盘
320,10:15:27,4.4,0.0,30,13200,卖盘
321,10:15:31,4.4,0.0,2,880,买盘
322,10:15:37,4.4,0.0,24,10560,买盘
323,10:15:45,4.4,0.0,3,1320,买盘
324,10:15:54,4.4,0.0,10,4400,买盘
325,10:16:21,4.4,0.0,10,4400,买盘
326,10:16:36,4.4,0.0,34,14960,买盘
327,10:17:28,4.39,-0.01,36,15804,卖盘
328,10:18:15,4.39,0.0,20,8780,卖盘
329,10:18:24,4.39,0.0,105,46095,卖盘
330,10:19:03,4.39,0.0,50,21950,卖盘
331,10:19:33,4.4,0.01,24,10538,买盘
332,10:19:48,4.4,0.0,66,29040,买盘
333,10:19:54,4.4,0.0,1,440,买盘
334,10:20:18,4.4,0.0,42,18480,买盘
335,10:20:21,4.39,-0.01,1,439,卖盘
336,10:20:37,4.39,0.0,60,26340,卖盘
337,10:20:40,4.4,0.01,137,60174,买盘
338,10:20:42,4.4,0.0,11,4840,买盘
339,10:20:57,4.4,0.0,4,1760,卖盘
340,10:21:01,4.4,0.0,3,1320,中性盘
341,10:21:09,4.39,-0.01,6,2634,卖盘
342,10:21:42,4.41,0.02,1,441,买盘
343,10:22:06,4.4,-0.01,10,4400,买盘
344,10:22:12,4.4,0.0,1,440,买盘
345,10:22:15,4.4,0.0,7,3080,买盘
346,10:22:18,4.4,0.0,15,6600,卖盘
347,10:22:30,4.4,0.0,1,440,卖盘
348,10:22:40,4.4,0.0,8,3520,卖盘
349,10:22:42,4.4,0.0,1,440,买盘
350,10:22:45,4.4,0.0,1,440,买盘
351,10:22:58,4.4,0.0,22,9680,买盘
352,10:23:12,4.4,0.0,1,440,买盘
353,10:23:15,4.4,0.0,2,880,买盘
354,10:23:18,4.4,0.0,7,3080,买盘
355,10:23:21,4.4,0.0,2,880,买盘
356,10:23:30,4.4,0.0,36,15840,卖盘
357,10:23:36,4.4,0.0,5,2200,买盘
358,10:23:42,4.41,0.01,1,441,买盘
359,10:23:45,4.41,0.0,1,441,买盘
360,10:24:04,4.4,-0.01,17,7480,卖盘
361,10:24:12,4.4,0.0,3,1320,卖盘
362,10:24:15,4.41,0.01,2,882,买盘
363,10:24:30,4.4,-0.01,17,7480,卖盘
364,10:24:42,4.41,0.01,2,882,买盘
365,10:24:45,4.41,0.0,2,882,买盘
366,10:24:54,4.41,0.0,1,441,买盘
367,10:25:01,4.4,-0.01,16,7040,卖盘
368,10:25:04,4.4,0.0,17,7480,卖盘
369,10:25:15,4.41,0.01,1,441,买盘
370,10:25:21,4.4,-0.01,32,14080,卖盘
371,10:25:30,4.4,0.0,15,6600,卖盘
372,10:25:42,4.41,0.01,1,441,买盘
373,10:25:45,4.4,-0.01,104,45762,卖盘
374,10:26:12,4.4,0.0,1,440,买盘
375,10:26:15,4.4,0.0,1,440,买盘
376,10:26:43,4.4,0.0,2,880,买盘
377,10:26:46,4.4,0.0,2,880,买盘
378,10:26:51,4.39,-0.01,36,15804,卖盘
379,10:27:12,4.4,0.01,28,12320,买盘
380,10:27:15,4.4,0.0,1,440,买盘
381,10:27:28,4.4,0.0,10,4400,买盘
382,10:27:42,4.4,0.0,2,880,买盘
383,10:27:45,4.4,0.0,2,880,买盘
384,10:28:13,4.4,0.0,1,440,买盘
385,10:28:15,4.39,-0.01,2,879,卖盘
386,10:28:33,4.4,0.01,152,66863,买盘
387,10:28:42,4.41,0.01,2,882,买盘
388,10:28:45,4.41,0.0,2,882,买盘
389,10:29:00,4.4,-0.01,64,28222,卖盘
390,10:29:03,4.41,0.01,9,3969,买盘
391,10:29:12,4.41,0.0,3,1323,买盘
392,10:29:15,4.41,0.0,2,882,买盘
393,10:29:30,4.41,0.0,16,7056,买盘
394,10:29:36,4.41,0.0,4,1764,买盘
395,10:29:51,4.41,0.0,2,882,买盘
396,10:30:33,4.4,-0.01,6,2640,卖盘
397,10:30:51,4.4,0.0,100,44000,卖盘
398,10:31:30,4.4,0.0,29,12760,卖盘
399,10:32:01,4.4,0.0,31,13640,卖盘
400,10:32:12,4.4,0.0,3,1320,卖盘
401,10:32:16,4.4,0.0,41,18040,卖盘
402,10:32:30,4.4,0.0,35,15400,卖盘
403,10:32:36,4.4,0.0,325,143000,卖盘
404,10:32:48,4.39,-0.01,10,4390,卖盘
405,10:32:51,4.39,0.0,39,17121,卖盘
406,10:32:54,4.39,0.0,65,28535,卖盘
407,10:32:57,4.41,0.02,9,3969,买盘
408,10:33:04,4.41,0.0,120,52908,买盘
409,10:33:54,4.39,-0.02,6,2634,卖盘
410,10:34:30,4.39,0.0,14,6146,卖盘
411,10:34:51,4.39,0.0,1,439,卖盘
412,10:35:03,4.39,0.0,26,11414,卖盘
413,10:35:18,4.4,0.01,10,4400,买盘
414,10:35:30,4.39,-0.01,15,6585,卖盘
415,10:35:33,4.4,0.01,43,18920,买盘
416,10:36:04,4.39,-0.01,2,878,卖盘
417,10:36:24,4.39,0.0,50,21950,卖盘
418,10:36:30,4.39,0.0,17,7463,卖盘
419,10:37:03,4.39,0.0,16,7024,卖盘
420,10:37:15,4.39,0.0,1,439,卖盘
421,10:37:31,4.39,0.0,14,6146,卖盘
422,10:38:04,4.39,0.0,9,3951,卖盘
423,10:38:09,4.39,0.0,20,8780,卖盘
424,10:38:12,4.39,0.0,101,44339,卖盘
425,10:38:31,4.4,0.01,183,80520,买盘
426,10:39:04,4.4,0.0,12,5280,卖盘
427,10:39:30,4.4,0.0,11,4840,卖盘
428,10:39:51,4.41,0.01,36,15876,买盘
429,10:40:03,4.4,-0.01,4,1760,卖盘
430,10:40:13,4.41,0.01,14,6174,买盘
431,10:40:16,4.4,-0.01,100,44000,卖盘
432,10:40:45,4.4,0.0,39,17160,卖盘
433,10:40:55,4.4,0.0,223,98120,卖盘
434,10:41:36,4.39,-0.01,11,4829,卖盘
435,10:41:40,4.39,0.0,25,10975,卖盘
436,10:42:12,4.4,0.01,81,35640,买盘
437,10:42:18,4.4,0.0,50,22000,买盘
438,10:42:30,4.4,0.0,5,2200,卖盘
439,10:42:36,4.4,0.0,13,5720,卖盘
440,10:43:03,4.4,0.0,6,2640,卖盘
441,10:43:06,4.4,0.0,3,1320,买盘
442,10:43:31,4.4,0.0,8,3520,卖盘
443,10:43:33,4.41,0.01,139,61299,买盘
444,10:43:48,4.41,0.0,10,4410,买盘
445,10:43:57,4.41,0.0,83,36603,买盘
446,10:44:00,4.41,0.0,4,1764,买盘
447,10:44:04,4.4,-0.01,47,20680,卖盘
448,10:44:12,4.41,0.01,5,2205,买盘
449,10:44:15,4.41,0.0,8,3528,买盘
450,10:44:48,4.41,0.0,6,2646,买盘
451,10:45:01,4.4,-0.01,1,440,卖盘
452,10:45:16,4.41,0.01,2,882,买盘
453,10:45:18,4.41,0.0,1,441,买盘
454,10:45:42,4.41,0.0,7,3087,买盘
455,10:46:24,4.4,-0.01,20,8800,卖盘
456,10:46:27,4.4,0.0,10,4400,卖盘
457,10:46:30,4.4,0.0,13,5720,卖盘
458,10:47:04,4.4,0.0,20,8800,卖盘
459,10:47:30,4.4,0.0,18,7920,卖盘
460,10:48:04,4.4,0.0,12,5280,卖盘
461,10:48:27,4.41,0.01,1,441,买盘
462,10:48:30,4.4,-0.01,12,5280,卖盘
463,10:49:00,4.4,0.0,12,5280,卖盘
464,10:49:12,4.4,0.0,1,440,卖盘
465,10:49:31,4.4,0.0,11,4840,卖盘
466,10:49:45,4.41,0.01,11,4851,买盘
467,10:49:57,4.41,0.0,68,29988,买盘
468,10:50:04,4.41,0.0,3,1323,买盘
469,10:50:06,4.41,0.0,4,1764,买盘
470,10:50:09,4.41,0.0,3,1323,买盘
471,10:50:12,4.41,0.0,3,1323,买盘
472,10:50:15,4.41,0.0,3,1323,买盘
473,10:50:18,4.4,-0.01,36,15842,卖盘
474,10:50:21,4.41,0.01,1,441,买盘
475,10:50:24,4.4,-0.01,1,440,卖盘
476,10:51:04,4.41,0.01,11,4851,卖盘
477,10:51:30,4.41,0.0,11,4851,卖盘
478,10:52:04,4.41,0.0,8,3528,卖盘
479,10:52:06,4.42,0.01,22,9723,买盘
480,10:52:12,4.42,0.0,18,7956,买盘
481,10:52:30,4.41,-0.01,8,3528,卖盘
482,10:53:04,4.41,0.0,2,882,卖盘
483,10:53:06,4.41,0.0,1,441,买盘
484,10:53:10,4.41,0.0,1,441,买盘
485,10:53:13,4.41,0.0,1,441,买盘
486,10:53:16,4.41,0.0,1,441,买盘
487,10:53:19,4.41,0.0,1,441,买盘
488,10:53:21,4.41,0.0,1,441,买盘
489,10:53:25,4.41,0.0,7,3087,买盘
490,10:53:30,4.41,0.0,9,3969,卖盘
491,10:54:03,4.41,0.0,9,3969,卖盘
492,10:54:30,4.41,0.0,9,3969,卖盘
493,10:54:39,4.41,0.0,10,4410,卖盘
494,10:54:48,4.41,0.0,39,17199,卖盘
495,10:54:57,4.42,0.01,6,2652,买盘
496,10:55:03,4.41,-0.01,7,3087,卖盘
497,10:55:15,4.42,0.01,161,71162,买盘
498,10:55:27,4.42,0.0,1,442,买盘
499,10:55:37,4.42,0.0,107,47294,买盘
500,10:55:51,4.42,0.0,74,32708,买盘
501,10:55:54,4.42,0.0,10,4420,买盘
502,10:56:06,4.42,0.0,22,9724,买盘
503,10:56:12,4.42,0.0,85,37619,买盘
504,10:56:30,4.42,0.0,7,3094,卖盘
505,10:57:04,4.42,0.0,10,4420,卖盘
506,10:57:30,4.42,0.0,10,4420,卖盘
507,10:57:39,4.42,0.0,39,17238,卖盘
508,10:57:54,4.42,0.0,51,22542,卖盘
509,10:58:04,4.42,0.0,12,5304,卖盘
510,10:58:30,4.42,0.0,12,5304,卖盘
511,10:59:03,4.42,0.0,12,5304,卖盘
512,10:59:27,4.43,0.01,32,14174,买盘
513,10:59:30,4.42,-0.01,12,5304,卖盘
514,10:59:51,4.43,0.01,53,23479,买盘
515,10:59:57,4.42,-0.01,5,2210,卖盘
516,11:00:04,4.43,0.01,38,16826,买盘
517,11:00:12,4.43,0.0,30,13290,买盘
518,11:00:18,4.43,0.0,20,8860,买盘
519,11:00:24,4.43,0.0,50,22150,买盘
520,11:00:30,4.43,0.0,12,5316,买盘
521,11:00:33,4.43,0.0,1,443,买盘
522,11:00:39,4.43,0.0,1,443,买盘
523,11:00:51,4.42,-0.01,1,442,卖盘
524,11:01:03,4.43,0.01,45,19920,买盘
525,11:01:07,4.43,0.0,50,22150,买盘
526,11:01:10,4.43,0.0,1,443,买盘
527,11:01:30,4.42,-0.01,15,6630,卖盘
528,11:02:03,4.42,0.0,10,4420,卖盘
529,11:02:30,4.42,0.0,9,3978,卖盘
530,11:02:45,4.43,0.01,50,22150,买盘
531,11:02:48,4.42,-0.01,6,2652,卖盘
532,11:03:03,4.42,0.0,13,5746,卖盘
533,11:03:30,4.42,0.0,12,5304,卖盘
534,11:04:04,4.42,0.0,14,6188,卖盘
535,11:04:31,4.42,0.0,13,5746,卖盘
536,11:04:51,4.43,0.01,15,6645,买盘
537,11:05:04,4.43,0.0,302,133777,买盘
538,11:05:12,4.43,0.0,1,443,卖盘
539,11:05:31,4.43,0.0,1,443,卖盘
540,11:05:36,4.43,0.0,27,11961,卖盘
541,11:05:39,4.43,0.0,41,18163,买盘
542,11:05:42,4.43,0.0,11,4873,买盘
543,11:05:48,4.43,0.0,1,443,买盘
544,11:06:04,4.43,0.0,8,3544,卖盘
545,11:06:12,4.44,0.01,20,8880,买盘
546,11:06:30,4.43,-0.01,8,3544,卖盘
547,11:07:04,4.43,0.0,10,4430,卖盘
548,11:07:15,4.44,0.01,25,11100,买盘
549,11:07:33,4.43,-0.01,20,8860,卖盘
550,11:07:36,4.43,0.0,16,7088,卖盘
551,11:07:48,4.44,0.01,126,55944,买盘
552,11:07:57,4.44,0.0,38,16872,买盘
553,11:08:00,4.43,-0.01,9,3987,卖盘
554,11:08:15,4.43,0.0,30,13290,卖盘
555,11:08:30,4.43,0.0,19,8417,卖盘
556,11:08:39,4.45,0.02,1600,711414,买盘
557,11:08:54,4.44,-0.01,72,31990,卖盘
558,11:08:57,4.45,0.01,52,23140,买盘
559,11:09:18,4.46,0.01,25,11150,买盘
560,11:09:31,4.46,0.0,9,4014,买盘
561,11:09:39,4.46,0.0,20,8905,买盘
562,11:09:46,4.46,0.0,16,7136,买盘
563,11:09:54,4.46,0.0,45,20070,买盘
564,11:09:57,4.46,0.0,32,14272,买盘
565,11:10:00,4.46,0.0,10,4460,卖盘
566,11:10:03,4.46,0.0,12,5352,卖盘
567,11:10:13,4.46,0.0,38,16948,卖盘
568,11:10:16,4.46,0.0,30,13380,卖盘
569,11:10:18,4.46,0.0,28,12488,卖盘
570,11:10:30,4.46,0.0,63,28098,买盘
571,11:10:48,4.46,0.0,12,5352,买盘
572,11:11:30,4.45,-0.01,16,7120,卖盘
573,11:11:33,4.46,0.01,31,13826,买盘
574,11:11:36,4.45,-0.01,19,8455,卖盘
575,11:11:45,4.45,0.0,30,13350,卖盘
576,11:11:51,4.45,0.0,61,27191,卖盘
577,11:11:57,4.45,0.0,60,26700,卖盘
578,11:12:03,4.45,0.0,15,6675,卖盘
579,11:12:06,4.45,0.0,5,2225,卖盘
580,11:12:18,4.45,0.0,17,7565,卖盘
581,11:12:22,4.45,0.0,7,3115,卖盘
582,11:12:24,4.46,0.01,30,13380,买盘
583,11:12:30,4.45,-0.01,17,7577,卖盘
584,11:12:42,4.45,0.0,7,3115,卖盘
585,11:12:48,4.45,0.0,10,4450,卖盘
586,11:12:51,4.45,0.0,27,12015,卖盘
587,11:12:54,4.45,0.0,23,10235,买盘
588,11:13:03,4.45,0.0,1,445,买盘
589,11:13:06,4.45,0.0,36,16020,买盘
590,11:13:15,4.45,0.0,30,13350,卖盘
591,11:13:18,4.45,0.0,10,4450,卖盘
592,11:13:30,4.45,0.0,18,8020,卖盘
593,11:13:51,4.45,0.0,30,13350,卖盘
594,11:13:54,4.45,0.0,7,3115,卖盘
595,11:14:00,4.45,0.0,130,57850,卖盘
596,11:14:24,4.44,-0.01,247,109668,卖盘
597,11:14:27,4.43,-0.01,1,443,卖盘
598,11:15:03,4.43,0.0,19,8417,卖盘
599,11:15:06,4.43,0.0,13,5759,卖盘
600,11:15:18,4.43,0.0,50,22150,卖盘
601,11:15:30,4.43,0.0,18,7974,卖盘
602,11:15:54,4.44,0.01,50,22200,买盘
603,11:16:22,4.44,0.0,17,7548,买盘
604,11:16:30,4.43,-0.01,6,2658,卖盘
605,11:16:33,4.44,0.01,8,3552,买盘
606,11:16:45,4.44,0.0,1,444,买盘
607,11:17:04,4.43,-0.01,12,5316,卖盘
608,11:17:09,4.42,-0.01,300,132753,卖盘
609,11:17:12,4.43,0.01,10,4430,买盘
610,11:17:15,4.44,0.01,5,2220,买盘
611,11:17:30,4.43,-0.01,10,4430,卖盘
612,11:17:34,4.43,0.0,1,443,买盘
613,11:17:58,4.43,0.0,1,443,卖盘
614,11:18:04,4.43,0.0,14,6202,卖盘
615,11:18:21,4.44,0.01,78,34632,买盘
616,11:18:30,4.43,-0.01,6,2658,卖盘
617,11:18:48,4.41,-0.02,150,66297,卖盘
618,11:19:07,4.43,0.02,12,5316,买盘
619,11:19:09,4.43,0.0,2,886,买盘
620,11:19:27,4.42,-0.01,80,35456,卖盘
621,11:19:30,4.42,0.0,33,14586,买盘
622,11:19:42,4.43,0.01,30,13290,中性盘
623,11:20:30,4.43,0.0,10,4430,买盘
624,11:20:48,4.43,0.0,8,3544,买盘
625,11:20:51,4.43,0.0,1,443,买盘
626,11:21:00,4.43,0.0,3,1329,卖盘
627,11:21:33,4.43,0.0,27,11961,买盘
628,11:23:16,4.43,0.0,20,8860,卖盘
629,11:23:24,4.44,0.01,4,1776,买盘
630,11:23:33,4.43,-0.01,19,8417,卖盘
631,11:23:57,4.43,0.0,28,12404,卖盘
632,11:24:00,4.43,0.0,37,16391,买盘
633,11:24:06,4.43,0.0,3,1329,买盘
634,11:24:09,4.43,0.0,48,21264,买盘
635,11:24:36,4.44,0.01,27,11988,买盘
636,11:25:51,4.44,0.0,79,35076,买盘
637,11:26:33,4.44,0.0,20,8880,买盘
638,11:26:48,4.44,0.0,20,8880,买盘
639,11:26:57,4.43,-0.01,3,1329,卖盘
640,11:27:21,4.44,0.01,20,8880,买盘
641,11:27:48,4.44,0.0,10,4440,买盘
642,11:27:57,4.43,-0.01,20,8860,卖盘
643,11:28:18,4.44,0.01,12,5320,买盘
644,11:28:36,4.43,-0.01,8,3544,卖盘
645,11:28:57,4.43,0.0,9,3987,卖盘
646,11:29:27,4.43,0.0,15,6645,卖盘
647,11:29:51,4.44,0.01,50,22200,买盘
648,13:00:04,4.44,0.0,128,56779,买盘
649,13:00:07,4.45,0.01,13,5785,买盘
650,13:00:33,4.44,-0.01,16,7104,卖盘
651,13:01:06,4.43,-0.01,176,78097,卖盘
652,13:01:33,4.43,0.0,6,2658,卖盘
653,13:03:12,4.44,0.01,20,8880,买盘
654,13:03:24,4.44,0.0,8,3552,买盘
655,13:03:36,4.44,0.0,1,444,卖盘
656,13:03:48,4.44,0.0,12,5328,买盘
657,13:03:57,4.44,0.0,55,24420,卖盘
658,13:04:06,4.44,0.0,180,79920,卖盘
659,13:05:24,4.45,0.01,60,26700,买盘
660,13:05:45,4.45,0.0,15,6675,买盘
661,13:05:54,4.44,-0.01,8,3552,卖盘
662,13:06:30,4.44,0.0,24,10656,卖盘
663,13:06:36,4.45,0.01,10,4450,买盘
664,13:07:12,4.45,0.0,1,445,买盘
665,13:07:21,4.44,-0.01,10,4440,卖盘
666,13:08:42,4.44,0.0,2,888,卖盘
667,13:08:46,4.44,0.0,16,7104,卖盘
668,13:08:57,4.45,0.01,10,4450,买盘
669,13:09:54,4.45,0.0,15,6675,买盘
670,13:10:18,4.44,-0.01,39,17316,卖盘
671,13:10:36,4.44,0.0,7,3108,卖盘
672,13:10:39,4.45,0.01,195,86605,买盘
673,13:10:42,4.44,-0.01,16,7104,卖盘
674,13:10:54,4.45,0.01,36,16019,买盘
675,13:11:36,4.44,-0.01,12,5328,卖盘
676,13:12:36,4.44,0.0,169,75036,卖盘
677,13:12:45,4.45,0.01,24,10680,买盘
678,13:13:00,4.45,0.0,10,4450,买盘
679,13:13:04,4.44,-0.01,13,5772,卖盘
680,13:13:09,4.44,0.0,5,2220,卖盘
681,13:15:33,4.44,0.0,1,444,卖盘
682,13:15:36,4.44,0.0,5,2220,卖盘
683,13:15:51,4.44,0.0,1,444,卖盘
684,13:15:55,4.44,0.0,1,444,卖盘
685,13:16:09,4.44,0.0,1,444,卖盘
686,13:16:12,4.44,0.0,2,888,卖盘
687,13:16:18,4.44,0.0,15,6660,卖盘
688,13:17:03,4.44,0.0,10,4440,卖盘
689,13:17:09,4.44,0.0,39,17316,卖盘
690,13:17:12,4.44,0.0,22,10114,卖盘
691,13:17:49,4.45,0.01,32,14240,买盘
692,13:18:48,4.45,0.0,17,7565,买盘
693,13:18:54,4.44,-0.01,200,88800,卖盘
694,13:19:04,4.44,0.0,91,40404,卖盘
695,13:19:07,4.44,0.0,1,98,买盘
696,13:19:15,4.44,0.0,27,11988,买盘
697,13:19:21,4.44,0.0,3,1332,买盘
698,13:19:24,4.44,0.0,3,1332,买盘
699,13:19:33,4.44,0.0,73,32412,买盘
700,13:19:51,4.44,0.0,5,2220,买盘
701,13:19:54,4.43,-0.01,2,886,卖盘
702,13:20:00,4.43,0.0,1,443,卖盘
703,13:20:27,4.43,0.0,73,32339,卖盘
704,13:20:55,4.43,0.0,4,1772,卖盘
705,13:21:15,4.44,0.01,18,7992,买盘
706,13:21:27,4.44,0.0,30,13320,买盘
707,13:21:31,4.44,0.0,19,8436,买盘
708,13:21:33,4.44,0.0,19,8436,买盘
709,13:21:37,4.44,0.0,6,3010,买盘
710,13:21:40,4.44,0.0,11,4884,卖盘
711,13:22:21,4.44,0.0,40,17414,卖盘
712,13:23:10,4.44,0.0,8,3552,卖盘
713,13:23:57,4.44,0.0,1,444,卖盘
714,13:24:06,4.44,0.0,40,17760,卖盘
715,13:24:12,4.44,0.0,11,4884,卖盘
716,13:24:15,4.44,0.0,1,444,卖盘
717,13:24:39,4.44,0.0,10,4440,卖盘
718,13:25:12,4.44,0.0,100,44400,卖盘
719,13:25:21,4.44,0.0,14,6216,卖盘
720,13:25:24,4.44,0.0,15,6660,买盘
721,13:25:34,4.43,-0.01,13,5765,卖盘
722,13:25:48,4.43,0.0,8,3545,卖盘
723,13:26:40,4.44,0.01,10,4440,买盘
724,13:26:48,4.44,0.0,4,1776,买盘
725,13:26:54,4.44,0.0,8,3552,买盘
726,13:28:18,4.43,-0.01,1,443,卖盘
727,13:28:39,4.44,0.01,5,2220,买盘
728,13:28:42,4.43,-0.01,8,3544,卖盘
729,13:30:30,4.43,0.0,70,31010,卖盘
730,13:30:33,4.44,0.01,48,21312,买盘
731,13:30:39,4.43,-0.01,14,6202,卖盘
732,13:31:33,4.43,0.0,100,44300,卖盘
733,13:31:36,4.43,0.0,3,1329,卖盘
734,13:31:48,4.43,0.0,2,886,卖盘
735,13:31:58,4.43,0.0,12,5316,卖盘
736,13:32:04,4.44,0.01,34,15096,买盘
737,13:32:09,4.44,0.0,130,57720,买盘
738,13:32:21,4.43,-0.01,13,5759,卖盘
739,13:32:24,4.43,0.0,12,5316,卖盘
740,13:32:27,4.43,0.0,39,17277,卖盘
741,13:32:45,4.43,0.0,62,27466,卖盘
742,13:32:54,4.42,-0.01,17,7514,卖盘
743,13:33:04,4.42,0.0,2,885,卖盘
744,13:33:06,4.43,0.01,10,4430,买盘
745,13:34:21,4.43,0.0,13,5759,买盘
746,13:36:10,4.42,-0.01,3,1326,卖盘
747,13:36:22,4.43,0.01,23,10189,买盘
748,13:36:30,4.42,-0.01,1,442,卖盘
749,13:36:33,4.43,0.01,27,11961,买盘
750,13:36:36,4.43,0.0,6,2658,买盘
751,13:36:39,4.43,0.0,30,13290,买盘
752,13:36:42,4.43,0.0,80,35440,买盘
753,13:36:48,4.43,0.0,10,4430,卖盘
754,13:36:51,4.43,0.0,10,4430,买盘
755,13:37:12,4.43,0.0,44,19492,卖盘
756,13:37:15,4.43,0.0,13,5759,买盘
757,13:37:18,4.43,0.0,4,1772,买盘
758,13:37:21,4.43,0.0,12,5316,买盘
759,13:37:24,4.43,0.0,3,1329,买盘
760,13:37:27,4.43,0.0,5,2215,买盘
761,13:37:40,4.43,0.0,7,3101,卖盘
762,13:37:42,4.43,0.0,20,8860,买盘
763,13:37:54,4.43,0.0,5,2215,买盘
764,13:38:03,4.42,-0.01,5,2210,卖盘
765,13:38:24,4.42,0.0,15,6630,卖盘
766,13:39:00,4.42,0.0,9,3978,卖盘
767,13:39:48,4.42,0.0,2,884,卖盘
768,13:40:04,4.42,0.0,10,4420,卖盘
769,13:40:18,4.43,0.01,51,22593,买盘
770,13:41:00,4.43,0.0,130,57590,买盘
771,13:41:27,4.44,0.01,51,22644,买盘
772,13:41:33,4.43,-0.01,101,44743,卖盘
773,13:43:45,4.43,0.0,3,1329,卖盘
774,13:44:09,4.44,0.01,70,31080,买盘
775,13:44:30,4.43,-0.01,6,2663,卖盘
776,13:45:21,4.43,0.0,100,44300,卖盘
777,13:46:03,4.43,0.0,95,42085,卖盘
778,13:46:33,4.42,-0.01,65,28730,卖盘
779,13:46:48,4.43,0.01,4,1772,买盘
780,13:47:30,4.42,-0.01,6,2652,卖盘
781,13:48:00,4.43,0.01,2,886,买盘
782,13:48:09,4.43,0.0,19,8417,买盘
783,13:48:19,4.43,0.0,67,29681,买盘
784,13:48:27,4.42,-0.01,1,442,卖盘
785,13:48:39,4.43,0.01,57,25251,买盘
786,13:49:09,4.44,0.01,4,1776,买盘
787,13:49:15,4.43,-0.01,1,443,卖盘
788,13:49:30,4.44,0.01,23,10212,买盘
789,13:49:42,4.44,0.0,242,107448,买盘
790,13:50:15,4.44,0.0,1,444,卖盘
791,13:50:21,4.45,0.01,50,22250,买盘
792,13:51:09,4.44,-0.01,55,24432,卖盘
793,13:51:12,4.45,0.01,20,8891,买盘
794,13:51:42,4.43,-0.02,9,3987,卖盘
795,13:51:57,4.44,0.01,1,444,买盘
796,13:52:00,4.44,0.0,10,4440,买盘
797,13:52:18,4.45,0.01,6,2669,买盘
798,13:52:58,4.45,0.0,31,13795,买盘
799,13:53:06,4.45,0.0,10,4450,买盘
800,13:53:09,4.44,-0.01,1,444,卖盘
801,13:53:25,4.45,0.01,3,1335,买盘
802,13:54:12,4.44,-0.01,1,444,卖盘
803,13:55:39,4.44,0.0,2,888,卖盘
804,13:56:18,4.44,0.0,1,444,卖盘
805,13:56:36,4.44,0.0,1,444,卖盘
806,13:57:18,4.44,0.0,200,88800,卖盘
807,13:57:21,4.44,0.0,1,444,卖盘
808,13:57:42,4.44,0.0,59,26196,卖盘
809,13:58:42,4.43,-0.01,116,51388,卖盘
810,13:58:45,4.43,0.0,2,886,卖盘
811,13:59:30,4.44,0.01,20,8880,买盘
812,13:59:33,4.44,0.0,15,6660,买盘
813,13:59:36,4.44,0.0,8,3552,买盘
814,13:59:39,4.44,0.0,3,1332,买盘
815,13:59:42,4.44,0.0,1,444,买盘
816,13:59:45,4.44,0.0,1,444,买盘
817,13:59:48,4.43,-0.01,22,9767,卖盘
818,13:59:51,4.44,0.01,1,444,买盘
819,13:59:54,4.44,0.0,1,444,中性盘
820,14:00:09,4.44,0.0,1,444,卖盘
821,14:00:12,4.44,0.0,1,444,卖盘
822,14:00:27,4.45,0.01,15,6665,买盘
823,14:00:57,4.45,0.0,38,16910,买盘
824,14:01:09,4.45,0.0,50,22250,买盘
825,14:01:34,4.45,0.0,30,13350,买盘
826,14:01:45,4.44,-0.01,2,888,卖盘
827,14:02:06,4.45,0.01,50,22250,买盘
828,14:02:36,4.44,-0.01,1,444,卖盘
829,14:02:39,4.45,0.01,50,22250,买盘
830,14:03:06,4.45,0.0,20,8900,买盘
831,14:03:30,4.45,0.0,22,9790,买盘
832,14:03:39,4.44,-0.01,1,444,卖盘
833,14:03:54,4.45,0.01,7,3115,买盘
834,14:03:57,4.45,0.0,2,890,买盘
835,14:04:03,4.44,-0.01,1,444,卖盘
836,14:04:22,4.45,0.01,10,4450,买盘
837,14:04:24,4.44,-0.01,1,444,卖盘
838,14:04:31,4.45,0.01,473,210485,买盘
839,14:05:00,4.46,0.01,10,4460,买盘
840,14:05:24,4.46,0.0,75,33450,买盘
841,14:05:30,4.45,-0.01,2,890,卖盘
842,14:05:36,4.46,0.01,9,4014,买盘
843,14:05:40,4.45,-0.01,50,22250,卖盘
844,14:05:45,4.45,0.0,1,445,卖盘
845,14:06:09,4.46,0.01,28,12488,买盘
846,14:06:27,4.45,-0.01,100,44500,卖盘
847,14:06:45,4.45,0.0,1,445,卖盘
848,14:07:09,4.46,0.01,14,6244,买盘
849,14:07:18,4.45,-0.01,1,445,卖盘
850,14:07:39,4.46,0.01,50,22300,买盘
851,14:07:45,4.46,0.0,2,892,买盘
852,14:07:48,4.46,0.0,13,5798,买盘
853,14:07:51,4.46,0.0,66,29436,买盘
854,14:07:54,4.46,0.0,69,30774,买盘
855,14:07:57,4.46,0.0,59,26314,买盘
856,14:08:00,4.46,0.0,270,120420,买盘
857,14:08:04,4.46,0.0,1,446,买盘
858,14:08:06,4.46,0.0,41,18286,买盘
859,14:08:42,4.46,0.0,2,892,卖盘
860,14:08:45,4.47,0.01,5,2235,买盘
861,14:09:06,4.47,0.0,100,44700,买盘
862,14:09:15,4.47,0.0,956,427332,买盘
863,14:09:18,4.47,0.0,50,22350,买盘
864,14:09:21,4.47,0.0,76,33972,买盘
865,14:09:24,4.49,0.02,280,125491,买盘
866,14:09:27,4.48,-0.01,254,113792,卖盘
867,14:09:34,4.48,0.0,2,896,中性盘
868,14:09:37,4.49,0.01,73,32777,买盘
869,14:09:43,4.49,0.0,4,1796,买盘
870,14:09:48,4.49,0.0,142,63758,买盘
871,14:09:52,4.49,0.0,25,11225,买盘
872,14:09:54,4.49,0.0,30,13490,卖盘
873,14:09:57,4.5,0.01,239,107496,买盘
874,14:10:00,4.5,0.0,105,47250,买盘
875,14:10:06,4.51,0.01,6,2706,买盘
876,14:10:09,4.51,0.0,23,10373,买盘
877,14:10:12,4.51,0.0,10,4510,买盘
878,14:10:16,4.51,0.0,16,7206,买盘
879,14:10:22,4.5,-0.01,378,170123,卖盘
880,14:10:25,4.5,0.0,264,118800,卖盘
881,14:10:27,4.5,0.0,31,13950,买盘
882,14:10:30,4.5,0.0,2,900,买盘
883,14:10:33,4.5,0.0,17,7650,买盘
884,14:10:36,4.5,0.0,33,14850,卖盘
885,14:10:39,4.5,0.0,10,4500,卖盘
886,14:10:48,4.5,0.0,6,2699,买盘
887,14:10:52,4.49,-0.01,51,22899,卖盘
888,14:10:54,4.49,0.0,112,50288,卖盘
889,14:10:57,4.49,0.0,78,35022,卖盘
890,14:11:00,4.48,-0.01,10,4480,卖盘
891,14:11:04,4.49,0.01,17,7633,买盘
892,14:11:06,4.48,-0.01,4,1792,卖盘
893,14:11:09,4.47,-0.01,272,121587,卖盘
894,14:11:15,4.49,0.02,1,449,买盘
895,14:11:21,4.48,-0.01,1,448,卖盘
896,14:11:24,4.48,0.0,2,896,卖盘
897,14:11:42,4.48,0.0,10,4480,卖盘
898,14:11:45,4.48,0.0,12,5377,卖盘
899,14:11:51,4.48,0.0,5,2240,卖盘
900,14:11:54,4.48,0.0,8,3584,卖盘
901,14:11:57,4.48,0.0,1,448,卖盘
902,14:12:09,4.48,0.0,2,896,卖盘
903,14:12:18,4.48,0.0,71,31808,卖盘
904,14:12:24,4.48,0.0,2,896,卖盘
905,14:12:27,4.48,0.0,7,3136,卖盘
906,14:12:30,4.49,0.01,1,449,买盘
907,14:12:43,4.49,0.0,10,4490,买盘
908,14:12:57,4.49,0.0,25,11210,买盘
909,14:13:12,4.49,0.0,1,449,买盘
910,14:13:15,4.49,0.0,50,22450,买盘
911,14:13:18,4.48,-0.01,241,107968,卖盘
912,14:13:21,4.48,0.0,159,71232,买盘
913,14:13:24,4.49,0.01,222,99678,买盘
914,14:13:33,4.48,-0.01,1,448,卖盘
915,14:14:04,4.48,0.0,40,17920,卖盘
916,14:14:06,4.5,0.02,221,99175,买盘
917,14:14:33,4.5,0.0,17,7646,买盘
918,14:14:46,4.5,0.0,289,129999,买盘
919,14:15:12,4.5,0.0,101,45450,买盘
920,14:15:15,4.49,-0.01,50,22450,卖盘
921,14:15:21,4.5,0.01,746,335700,买盘
922,14:15:27,4.51,0.01,417,188067,买盘
923,14:15:30,4.51,0.0,85,38333,买盘
924,14:15:48,4.51,0.0,5,2255,卖盘
925,14:15:52,4.51,0.0,50,22550,卖盘
926,14:15:54,4.51,0.0,2,902,卖盘
927,14:16:00,4.51,0.0,12,5412,买盘
928,14:16:15,4.51,0.0,125,56375,买盘
929,14:16:18,4.51,0.0,117,52767,卖盘
930,14:16:21,4.51,0.0,61,27511,买盘
931,14:16:27,4.5,-0.01,1,450,卖盘
932,14:16:30,4.51,0.01,299,134849,买盘
933,14:16:36,4.51,0.0,51,23001,买盘
934,14:16:39,4.51,0.0,1,451,卖盘
935,14:16:45,4.51,0.0,85,38415,卖盘
936,14:16:48,4.52,0.01,20,9040,买盘
937,14:16:51,4.52,0.0,40,18080,买盘
938,14:16:54,4.53,0.01,270,122148,买盘
939,14:17:06,4.53,0.0,86,38958,买盘
940,14:17:15,4.52,-0.01,76,34356,卖盘
941,14:17:18,4.52,0.0,7,3164,卖盘
942,14:17:21,4.52,0.0,379,171308,买盘
943,14:17:24,4.52,0.0,22,9944,卖盘
944,14:17:33,4.51,-0.01,10,4510,卖盘
945,14:17:36,4.51,0.0,41,18521,卖盘
946,14:17:39,4.52,0.01,9,4068,买盘
947,14:17:42,4.51,-0.01,16,7216,卖盘
948,14:17:46,4.5,-0.01,21,9470,卖盘
949,14:17:48,4.51,0.01,12,5412,买盘
950,14:17:55,4.5,-0.01,27,12150,卖盘
951,14:18:00,4.5,0.0,7,3150,买盘
952,14:18:04,4.51,0.01,5,2255,买盘
953,14:18:07,4.5,-0.01,1,450,卖盘
954,14:18:12,4.51,0.01,10,4510,买盘
955,14:18:15,4.51,0.0,12,5412,买盘
956,14:18:21,4.51,0.0,5,2255,买盘
957,14:18:27,4.51,0.0,8,3608,买盘
958,14:18:33,4.51,0.0,37,16687,买盘
959,14:18:51,4.51,0.0,31,13971,买盘
960,14:18:54,4.5,-0.01,105,47250,卖盘
961,14:19:00,4.5,0.0,30,13500,买盘
962,14:19:06,4.5,0.0,1,450,买盘
963,14:19:12,4.49,-0.01,7,3143,卖盘
964,14:19:15,4.5,0.01,54,24300,买盘
965,14:19:24,4.5,0.0,80,36000,买盘
966,14:19:30,4.5,0.0,12,5400,买盘
967,14:19:42,4.5,0.0,12,5400,买盘
968,14:19:45,4.49,-0.01,7,3148,卖盘
969,14:19:54,4.5,0.01,310,139500,买盘
970,14:20:12,4.5,0.0,20,9000,卖盘
971,14:20:21,4.51,0.01,37,16687,买盘
972,14:20:30,4.5,-0.01,1,450,卖盘
973,14:20:39,4.51,0.01,100,45030,买盘
974,14:20:51,4.51,0.0,6,2706,买盘
975,14:20:58,4.51,0.0,7,3157,买盘
976,14:21:16,4.5,-0.01,10,4500,卖盘
977,14:21:21,4.5,0.0,8,3600,卖盘
978,14:21:27,4.5,0.0,10,4500,卖盘
979,14:21:36,4.5,0.0,197,88650,卖盘
980,14:22:04,4.5,0.0,22,9900,买盘
981,14:22:18,4.5,0.0,21,9449,买盘
982,14:22:21,4.5,0.0,10,4500,买盘
983,14:22:27,4.5,0.0,7,3150,买盘
984,14:22:36,4.49,-0.01,10,4490,卖盘
985,14:22:57,4.49,0.0,100,44900,卖盘
986,14:23:09,4.49,0.0,2,898,卖盘
987,14:23:27,4.5,0.01,50,22476,买盘
988,14:23:36,4.49,-0.01,3,1347,卖盘
989,14:23:46,4.49,0.0,50,22450,卖盘
990,14:23:57,4.49,0.0,1,449,卖盘
991,14:24:30,4.49,0.0,467,209883,卖盘
992,14:24:51,4.5,0.01,1,450,买盘
993,14:25:01,4.5,0.0,20,9000,买盘
994,14:25:09,4.5,0.0,5,2250,买盘
995,14:25:15,4.5,0.0,181,81450,买盘
996,14:25:24,4.51,0.01,145,65395,买盘
997,14:25:30,4.51,0.0,50,22550,买盘
998,14:25:33,4.5,-0.01,38,17135,卖盘
999,14:25:36,4.51,0.01,256,115456,买盘
1000,14:25:51,4.51,0.0,15,6770,卖盘
1001,14:26:00,4.52,0.01,200,90400,买盘
1002,14:26:04,4.52,0.0,20,9040,买盘
1003,14:26:09,4.52,0.0,10,4520,买盘
1004,14:26:12,4.52,0.0,32,14464,买盘
1005,14:26:15,4.51,-0.01,32,14432,卖盘
1006,14:26:18,4.52,0.01,16,7232,买盘
1007,14:26:21,4.51,-0.01,318,143286,卖盘
1008,14:26:27,4.51,0.0,10,4510,买盘
1009,14:26:33,4.5,-0.01,50,22500,卖盘
1010,14:26:45,4.5,0.0,400,180000,卖盘
1011,14:26:52,4.5,0.0,8,3600,卖盘
1012,14:27:06,4.5,0.0,284,127800,卖盘
1013,14:27:51,4.49,-0.01,3,1347,卖盘
1014,14:28:18,4.5,0.01,2,900,买盘
1015,14:28:54,4.49,-0.01,50,22498,卖盘
1016,14:29:00,4.51,0.02,150,67519,买盘
1017,14:29:27,4.5,-0.01,51,22950,买盘
1018,14:29:30,4.5,0.0,11,4950,卖盘
1019,14:29:37,4.49,-0.01,1,449,卖盘
1020,14:29:39,4.5,0.01,35,15750,卖盘
1021,14:29:48,4.5,0.0,10,4500,卖盘
1022,14:29:51,4.5,0.0,80,36000,卖盘
1023,14:29:57,4.51,0.01,27,12177,买盘
1024,14:30:00,4.51,0.0,66,29766,买盘
1025,14:30:13,4.5,-0.01,106,47700,卖盘
1026,14:30:16,4.51,0.01,20,9020,买盘
1027,14:30:27,4.51,0.0,10,4510,买盘
1028,14:30:46,4.51,0.0,25,11275,买盘
1029,14:30:54,4.51,0.0,3,1353,买盘
1030,14:31:03,4.51,0.0,5,2255,买盘
1031,14:31:18,4.51,0.0,9,4055,买盘
1032,14:31:24,4.51,0.0,72,32452,买盘
1033,14:31:39,4.51,0.0,3,1353,买盘
1034,14:32:13,4.5,-0.01,15,6750,卖盘
1035,14:32:24,4.5,0.0,89,40050,卖盘
1036,14:32:30,4.5,0.0,18,8100,卖盘
1037,14:32:33,4.5,0.0,5,2250,卖盘
1038,14:32:42,4.51,0.01,147,66290,买盘
1039,14:33:04,4.5,-0.01,150,67600,卖盘
1040,14:33:16,4.5,0.0,50,22500,卖盘
1041,14:33:21,4.5,0.0,100,45000,卖盘
1042,14:33:24,4.5,0.0,3,1350,卖盘
1043,14:33:27,4.5,0.0,81,36450,卖盘
1044,14:33:30,4.5,0.0,5,2250,买盘
1045,14:33:33,4.5,0.0,10,4500,买盘
1046,14:33:49,4.49,-0.01,7,3143,卖盘
1047,14:34:00,4.49,0.0,112,50288,卖盘
1048,14:34:21,4.49,0.0,5,2245,卖盘
1049,14:34:24,4.49,0.0,3,1347,卖盘
1050,14:34:42,4.5,0.01,100,45000,买盘
1051,14:34:45,4.49,-0.01,6,2694,卖盘
1052,14:34:54,4.49,0.0,5,2245,卖盘
1053,14:35:00,4.49,0.0,6,2694,卖盘
1054,14:35:15,4.49,0.0,24,10776,卖盘
1055,14:35:48,4.49,0.0,29,13021,卖盘
1056,14:36:06,4.49,0.0,4,1796,买盘
1057,14:36:12,4.49,0.0,3,1347,买盘
1058,14:36:18,4.49,0.0,33,14817,卖盘
1059,14:36:31,4.49,0.0,30,13470,卖盘
1060,14:36:33,4.49,0.0,316,142190,卖盘
1061,14:36:57,4.49,0.0,50,22450,卖盘
1062,14:37:00,4.49,0.0,10,4490,卖盘
1063,14:37:09,4.49,0.0,21,9430,卖盘
1064,14:37:15,4.49,0.0,77,34573,卖盘
1065,14:37:18,4.49,0.0,1,449,买盘
1066,14:37:21,4.49,0.0,2,898,买盘
1067,14:37:33,4.49,0.0,10,4490,买盘
1068,14:37:40,4.49,0.0,100,44900,买盘
1069,14:37:51,4.49,0.0,10,4490,买盘
1070,14:38:03,4.49,0.0,30,13470,买盘
1071,14:38:15,4.49,0.0,22,9878,买盘
1072,14:38:24,4.49,0.0,5,2245,买盘
1073,14:38:30,4.49,0.0,6,2694,买盘
1074,14:38:45,4.49,0.0,15,6735,卖盘
1075,14:38:54,4.49,0.0,3,1347,卖盘
1076,14:39:00,4.5,0.01,6,2700,买盘
1077,14:39:04,4.49,-0.01,26,11674,卖盘
1078,14:39:19,4.49,0.0,39,17511,买盘
1079,14:39:36,4.49,0.0,20,8980,卖盘
1080,14:39:45,4.5,0.01,10,4500,买盘
1081,14:40:06,4.5,0.0,136,61200,买盘
1082,14:40:21,4.49,-0.01,10,4490,卖盘
1083,14:40:33,4.5,0.01,10,4500,买盘
1084,14:40:46,4.49,-0.01,14,6286,卖盘
1085,14:40:48,4.5,0.01,20,9000,买盘
1086,14:40:54,4.5,0.0,10,4500,买盘
1087,14:41:00,4.5,0.0,4,1800,买盘
1088,14:41:09,4.5,0.0,20,9000,买盘
1089,14:41:15,4.5,0.0,5,2250,买盘
1090,14:41:31,4.5,0.0,23,10350,买盘
1091,14:41:51,4.5,0.0,4,1800,买盘
1092,14:42:03,4.5,0.0,54,24256,买盘
1093,14:42:24,4.49,-0.01,1,449,卖盘
1094,14:42:45,4.5,0.01,21,9450,买盘
1095,14:43:00,4.5,0.0,1,450,买盘
1096,14:43:03,4.49,-0.01,20,8980,卖盘
1097,14:43:12,4.5,0.01,60,27000,买盘
1098,14:43:18,4.5,0.0,40,18000,买盘
1099,14:43:22,4.5,0.0,10,4500,买盘
1100,14:43:33,4.5,0.0,16,7200,买盘
1101,14:43:39,4.49,-0.01,268,120562,卖盘
1102,14:43:45,4.51,0.02,152,68552,买盘
1103,14:43:57,4.51,0.0,80,36080,买盘
1104,14:44:00,4.5,-0.01,1,450,卖盘
1105,14:44:06,4.5,0.0,12,5400,卖盘
1106,14:44:09,4.5,0.0,5,2250,买盘
1107,14:44:24,4.5,0.0,147,66150,买盘
1108,14:44:27,4.5,0.0,1,450,卖盘
1109,14:44:33,4.5,0.0,5,2250,卖盘
1110,14:44:40,4.5,0.0,60,27000,卖盘
1111,14:44:43,4.5,0.0,1,450,卖盘
1112,14:45:04,4.5,0.0,14,6300,卖盘
1113,14:45:06,4.51,0.01,3,1353,买盘
1114,14:45:09,4.5,-0.01,288,129600,卖盘
1115,14:45:13,4.5,0.0,32,14400,卖盘
1116,14:45:18,4.5,0.0,26,11700,买盘
1117,14:45:22,4.5,0.0,39,17550,买盘
1118,14:45:24,4.5,0.0,20,9000,卖盘
1119,14:45:30,4.5,0.0,45,20250,卖盘
1120,14:45:33,4.51,0.01,6,2706,买盘
1121,14:45:39,4.51,0.0,28,12628,买盘
1122,14:45:42,4.5,-0.01,200,90000,卖盘
1123,14:45:54,4.5,0.0,20,9000,卖盘
1124,14:46:00,4.51,0.01,202,91102,买盘
1125,14:46:06,4.5,-0.01,5,2250,卖盘
1126,14:46:10,4.51,0.01,200,90200,买盘
1127,14:46:24,4.5,-0.01,33,14850,卖盘
1128,14:46:33,4.51,0.01,11,4961,买盘
1129,14:46:42,4.5,-0.01,10,4500,卖盘
1130,14:46:45,4.5,0.0,20,9000,卖盘
1131,14:46:57,4.51,0.01,20,9020,买盘
1132,14:47:03,4.51,0.0,5,2255,买盘
1133,14:47:09,4.51,0.0,10,4510,买盘
1134,14:47:15,4.5,-0.01,92,41488,卖盘
1135,14:47:27,4.5,0.0,84,37826,卖盘
1136,14:47:30,4.5,0.0,95,42750,卖盘
1137,14:47:39,4.5,0.0,2,900,卖盘
1138,14:47:54,4.5,0.0,5,2250,卖盘
1139,14:48:00,4.5,0.0,63,28350,卖盘
1140,14:48:04,4.5,0.0,7,3150,卖盘
1141,14:48:28,4.5,0.0,60,27000,卖盘
1142,14:48:31,4.5,0.0,210,94515,卖盘
1143,14:48:42,4.5,0.0,5,2250,卖盘
1144,14:48:45,4.5,0.0,10,4500,卖盘
1145,14:48:48,4.5,0.0,100,45000,卖盘
1146,14:48:51,4.5,0.0,464,208850,卖盘
1147,14:48:54,4.5,0.0,60,27000,买盘
1148,14:48:57,4.5,0.0,26,11700,买盘
1149,14:49:04,4.5,0.0,5,2250,卖盘
1150,14:49:06,4.5,0.0,2,900,买盘
1151,14:49:21,4.5,0.0,30,13500,买盘
1152,14:49:36,4.5,0.0,19,8325,买盘
1153,14:49:57,4.5,0.0,53,24075,卖盘
1154,14:50:19,4.5,0.0,50,22500,买盘
1155,14:50:21,4.5,0.0,50,22500,买盘
1156,14:50:27,4.5,0.0,5,2250,买盘
1157,14:50:48,4.5,0.0,20,9000,买盘
1158,14:50:52,4.49,-0.01,61,27389,卖盘
1159,14:50:57,4.5,0.01,231,103950,买盘
1160,14:51:00,4.5,0.0,17,7650,卖盘
1161,14:51:12,4.5,0.0,1,450,卖盘
1162,14:51:15,4.5,0.0,1,450,卖盘
1163,14:51:22,4.51,0.01,10,4510,买盘
1164,14:51:28,4.51,0.0,20,9020,买盘
1165,14:51:31,4.51,0.0,454,204754,买盘
1166,14:51:39,4.51,0.0,77,34727,买盘
1167,14:51:42,4.51,0.0,111,50061,买盘
1168,14:51:45,4.5,-0.01,26,11710,卖盘
1169,14:51:51,4.5,0.0,19,8550,卖盘
1170,14:51:54,4.51,0.01,12,5412,买盘
1171,14:52:06,4.5,-0.01,10,4500,卖盘
1172,14:52:18,4.51,0.01,4,1804,买盘
1173,14:52:21,4.5,-0.01,153,68850,卖盘
1174,14:52:24,4.51,0.01,50,22550,买盘
1175,14:52:30,4.51,0.0,200,90200,买盘
1176,14:52:40,4.51,0.0,114,51414,买盘
1177,14:52:43,4.51,0.0,16,7216,买盘
1178,14:52:48,4.51,0.0,142,64042,买盘
1179,14:52:51,4.51,0.0,15,6765,买盘
1180,14:52:57,4.51,0.0,132,59532,买盘
1181,14:53:03,4.51,0.0,103,46453,买盘
1182,14:53:09,4.51,0.0,18,8118,买盘
1183,14:53:12,4.51,0.0,159,71709,买盘
1184,14:53:15,4.51,0.0,75,33825,买盘
1185,14:53:18,4.51,0.0,80,36080,买盘
1186,14:53:21,4.51,0.0,12,5412,买盘
1187,14:53:24,4.5,-0.01,490,220627,卖盘
1188,14:53:30,4.51,0.01,33,14883,卖盘
1189,14:53:33,4.51,0.0,28,12628,买盘
1190,14:53:39,4.51,0.0,50,22550,买盘
1191,14:53:42,4.51,0.0,1,451,卖盘
1192,14:53:45,4.51,0.0,42,18942,卖盘
1193,14:53:51,4.51,0.0,10,4510,卖盘
1194,14:53:57,4.51,0.0,29,13079,卖盘
1195,14:54:00,4.51,0.0,100,45100,卖盘
1196,14:54:07,4.52,0.01,103,46556,买盘
1197,14:54:09,4.52,0.0,50,22600,买盘
1198,14:54:12,4.51,-0.01,27,12177,卖盘
1199,14:54:21,4.51,0.0,5,2255,卖盘
1200,14:54:27,4.52,0.01,71,32092,买盘
1201,14:54:30,4.51,-0.01,1,451,卖盘
1202,14:54:43,4.51,0.0,29,13089,卖盘
1203,14:54:45,4.51,0.0,100,45100,卖盘
1204,14:54:48,4.53,0.02,1352,611683,买盘
1205,14:54:51,4.53,0.0,93,42129,卖盘
1206,14:54:54,4.53,0.0,6,2718,卖盘
1207,14:55:06,4.54,0.01,92,41706,买盘
1208,14:55:12,4.54,0.0,97,44038,买盘
1209,14:55:21,4.54,0.0,58,26332,买盘
1210,14:55:24,4.54,0.0,218,98972,买盘
1211,14:55:30,4.54,0.0,103,46762,买盘
1212,14:55:33,4.55,0.01,321,145996,买盘
1213,14:55:39,4.54,-0.01,9,4086,卖盘
1214,14:55:43,4.54,0.0,57,25878,卖盘
1215,14:55:48,4.54,0.0,45,20430,卖盘
1216,14:55:51,4.55,0.01,164,74600,买盘
1217,14:55:55,4.55,0.0,137,62319,买盘
1218,14:55:57,4.55,0.0,249,113295,买盘
1219,14:56:04,4.55,0.0,176,80080,卖盘
1220,14:56:06,4.55,0.0,34,15470,买盘
1221,14:56:09,4.55,0.0,117,53235,买盘
1222,14:56:12,4.56,0.01,30,13680,买盘
1223,14:56:15,4.55,-0.01,20,9100,卖盘
1224,14:56:19,4.55,0.0,114,51887,卖盘
1225,14:56:21,4.55,0.0,10,4550,买盘
1226,14:56:24,4.54,-0.01,33,15012,卖盘
1227,14:56:27,4.55,0.01,103,46865,买盘
1228,14:56:30,4.54,-0.01,116,52689,卖盘
1229,14:56:33,4.54,0.0,27,12255,买盘
1230,14:56:36,4.54,0.0,52,23608,买盘
1231,14:56:39,4.54,0.0,8,3632,卖盘
1232,14:56:43,4.54,0.0,7,3178,买盘
1233,14:56:45,4.55,0.01,490,222735,买盘
1234,14:56:51,4.55,0.0,35,15925,买盘
1235,14:56:54,4.54,-0.01,260,118270,卖盘
1236,14:56:57,4.55,0.01,9,4087,买盘
1237,14:57:00,4.54,-0.01,41,18627,卖盘
1238,15:00:05,4.54,0.0,1578,716412,卖盘
