,time,price,change,volume,amount,type
0,09:25:04,11.27,-0.01,65,73255,买盘
1,09:30:07,11.26,-0.01,286,322177,卖盘
2,09:30:10,11.27,0.01,36,40655,买盘
3,09:30:16,11.27,0.0,8,9016,买盘
4,09:30:31,11.3,0.03,17,19210,卖盘
5,09:31:07,11.3,0.0,3,3390,卖盘
6,09:31:13,11.31,0.01,14,15834,卖盘
7,09:31:16,11.35,0.04,3,3405,买盘
8,09:31:52,11.35,0.0,5,5675,买盘
9,09:32:07,11.35,0.0,15,17025,卖盘
10,09:32:25,11.35,0.0,48,54480,买盘
11,09:32:34,11.35,0.0,51,57885,买盘
12,09:32:40,11.38,0.03,1,1138,买盘
13,09:33:04,11.38,0.0,4,4552,买盘
14,09:33:25,11.36,-0.02,8,9088,卖盘
15,09:33:40,11.36,0.0,5,5680,卖盘
16,09:34:07,11.36,0.0,2,2272,卖盘
17,09:34:13,11.35,-0.01,1,1135,卖盘
18,09:34:16,11.35,0.0,4,4540,卖盘
19,09:34:19,11.35,0.0,30,34050,卖盘
20,09:34:21,11.35,0.0,1,1135,卖盘
21,09:34:25,11.35,0.0,2,2270,卖盘
22,09:34:28,11.35,0.0,19,21565,卖盘
23,09:35:09,11.33,-0.02,18,20394,卖盘
24,09:35:13,11.35,0.02,10,11350,买盘
25,09:35:19,11.35,0.0,1,1135,卖盘
26,09:35:22,11.35,0.0,25,28375,卖盘
27,09:35:24,11.35,0.0,6,6810,卖盘
28,09:35:27,11.35,0.0,11,12485,卖盘
29,09:35:31,11.35,0.0,8,9080,卖盘
30,09:35:34,11.35,0.0,6,6810,卖盘
31,09:35:37,11.35,0.0,18,20435,卖盘
32,09:35:40,11.35,0.0,4,4540,卖盘
33,09:35:45,11.35,0.0,1,1135,卖盘
34,09:36:43,11.36,0.01,5,5680,买盘
35,09:39:01,11.32,-0.04,7,7924,卖盘
36,09:39:46,11.32,0.0,3,3396,买盘
37,09:40:04,11.32,0.0,10,11320,卖盘
38,09:41:10,11.32,0.0,3,3396,卖盘
39,09:41:16,11.32,0.0,1,1132,卖盘
40,09:41:28,11.31,-0.01,9,10179,卖盘
41,09:41:36,11.32,0.01,15,16980,卖盘
42,09:41:49,11.32,0.0,10,11320,卖盘
43,09:42:25,11.32,0.0,30,33960,卖盘
44,09:44:04,11.32,0.0,1,1132,卖盘
45,09:44:13,11.31,-0.01,35,39585,卖盘
46,09:44:30,11.31,0.0,6,6786,卖盘
47,09:44:39,11.31,0.0,2,2262,卖盘
48,09:44:46,11.31,0.0,1,1131,卖盘
49,09:44:58,11.3,-0.01,80,90400,卖盘
50,09:45:00,11.31,0.01,37,42526,买盘
51,09:45:04,11.31,0.0,8,9048,卖盘
52,09:45:10,11.3,-0.01,7,7914,卖盘
53,09:45:12,11.3,0.0,2,2260,卖盘
54,09:45:15,11.3,0.0,20,21922,卖盘
55,09:45:22,11.28,-0.02,1,1128,卖盘
56,09:45:48,11.28,0.0,3,3384,卖盘
57,09:45:55,11.28,0.0,4,4512,卖盘
58,09:45:58,11.28,0.0,2,2256,卖盘
59,09:46:01,11.28,0.0,53,60382,卖盘
60,09:46:04,11.28,0.0,1,1128,卖盘
61,09:46:06,11.28,0.0,24,27072,卖盘
62,09:46:09,11.28,0.0,11,12408,卖盘
63,09:46:16,11.28,0.0,1,530,买盘
64,09:46:36,11.26,-0.02,13,14628,中性盘
65,09:46:42,11.25,-0.01,9,10125,卖盘
66,09:46:45,11.25,0.0,77,86625,卖盘
67,09:46:49,11.25,0.0,35,39375,卖盘
68,09:46:52,11.25,0.0,36,40500,卖盘
69,09:46:54,11.25,0.0,27,30971,卖盘
70,09:46:57,11.25,0.0,16,17404,卖盘
71,09:47:10,11.24,-0.01,4,4496,卖盘
72,09:47:16,11.24,0.0,13,14612,卖盘
73,09:47:25,11.23,-0.01,2,2246,卖盘
74,09:47:28,11.24,0.01,9,10116,买盘
75,09:47:33,11.23,-0.01,5,5615,卖盘
76,09:47:49,11.24,0.01,50,56185,买盘
77,09:48:01,11.21,-0.03,20,22422,卖盘
78,09:48:13,11.24,0.03,47,52801,买盘
79,09:48:16,11.21,-0.03,17,19066,卖盘
80,09:48:34,11.22,0.01,17,19074,卖盘
81,09:48:46,11.24,0.02,25,28076,买盘
82,09:48:48,11.22,-0.02,6,6732,卖盘
83,09:49:25,11.22,0.0,3,3366,卖盘
84,09:49:27,11.24,0.02,31,34816,买盘
85,09:49:39,11.22,-0.02,50,56138,卖盘
86,09:49:52,11.23,0.01,4,5098,卖盘
87,09:50:25,11.23,0.0,14,15116,卖盘
88,09:50:49,11.22,-0.01,14,15708,卖盘
89,09:51:01,11.22,0.0,4,4488,卖盘
90,09:51:31,11.22,0.0,8,8976,卖盘
91,09:51:37,11.22,0.0,3,3366,卖盘
92,09:51:46,11.22,0.0,4,4488,卖盘
93,09:52:13,11.22,0.0,3,3366,卖盘
94,09:52:19,11.22,0.0,1,1122,卖盘
95,09:52:49,11.23,0.01,33,37059,买盘
96,09:52:55,11.22,-0.01,2,2244,卖盘
97,09:53:04,11.22,-0.01,53,59470,卖盘
98,09:53:16,11.22,0.0,92,102618,卖盘
99,09:53:27,11.22,0.0,80,89760,买盘
100,09:53:37,11.21,-0.01,22,24662,卖盘
101,09:54:01,11.21,0.0,10,11210,卖盘
102,09:54:12,11.21,0.0,53,59413,卖盘
103,09:54:15,11.22,0.01,6,6889,买盘
104,09:54:19,11.21,-0.01,48,53811,卖盘
105,09:55:01,11.22,0.01,29,32538,卖盘
106,09:55:25,11.22,0.0,4,4488,卖盘
107,09:55:42,11.22,0.0,8,8976,卖盘
108,09:56:01,11.22,0.0,31,34782,卖盘
109,09:56:04,11.23,0.01,1,1123,买盘
110,09:56:07,11.22,-0.01,70,78540,卖盘
111,09:56:34,11.22,0.0,15,16825,买盘
112,09:56:43,11.21,-0.01,28,31388,卖盘
113,09:56:46,11.22,0.01,5,5610,买盘
114,09:56:58,11.22,0.0,3,3366,卖盘
115,09:57:37,11.21,-0.01,11,12331,卖盘
116,09:57:49,11.22,0.01,5,5610,买盘
117,09:57:54,11.22,0.0,27,30294,买盘
118,09:58:18,11.22,0.0,13,14586,卖盘
119,09:59:01,11.22,0.0,4,4488,卖盘
120,09:59:43,11.22,0.0,1,1122,卖盘
121,10:00:12,11.22,0.0,10,11220,卖盘
122,10:01:06,11.22,0.0,10,11220,卖盘
123,10:01:22,11.22,0.0,3,3366,卖盘
124,10:01:34,11.23,0.01,10,11230,买盘
125,10:01:37,11.23,0.0,15,16845,买盘
126,10:01:40,11.22,-0.01,20,22455,卖盘
127,10:02:46,11.22,0.0,10,11220,卖盘
128,10:03:22,11.24,0.02,10,11240,买盘
129,10:03:25,11.24,0.0,30,33720,卖盘
130,10:03:28,11.24,0.0,14,16343,卖盘
131,10:05:28,11.25,0.01,2,2250,卖盘
132,10:05:34,11.25,0.0,3,3375,卖盘
133,10:06:07,11.24,-0.01,8,8992,卖盘
134,10:06:16,11.24,0.0,1,1124,卖盘
135,10:06:58,11.24,0.0,3,3372,卖盘
136,10:07:46,11.24,0.0,95,106780,卖盘
137,10:08:01,11.23,-0.01,13,14599,卖盘
138,10:08:22,11.23,0.0,3,3369,卖盘
139,10:08:37,11.23,0.0,5,5615,买盘
140,10:08:48,11.23,0.0,16,17968,买盘
141,10:09:04,11.22,-0.01,3,3366,卖盘
142,10:09:07,11.23,0.01,1,1123,买盘
143,10:09:40,11.24,0.01,13,14612,买盘
144,10:10:40,11.24,0.0,7,7868,卖盘
145,10:10:51,11.26,0.02,8,9008,买盘
146,10:10:55,11.29,0.03,100,112847,买盘
147,10:11:22,11.29,0.0,10,11286,买盘
148,10:13:13,11.29,0.0,20,22569,买盘
149,10:13:58,11.28,-0.01,6,6768,卖盘
150,10:14:36,11.28,0.0,4,4512,卖盘
151,10:14:49,11.28,0.0,52,58528,买盘
152,10:16:10,11.27,-0.01,1,1127,买盘
153,10:16:12,11.24,-0.03,34,38216,卖盘
154,10:17:25,11.27,0.03,10,11270,买盘
155,10:17:52,11.27,0.0,17,19159,买盘
156,10:19:01,11.21,-0.06,180,201984,卖盘
157,10:19:25,11.27,0.06,113,127323,买盘
158,10:21:45,11.27,0.0,95,107065,买盘
159,10:28:43,11.23,-0.04,15,16845,卖盘
160,10:29:10,11.23,0.0,8,8984,买盘
161,10:29:55,11.23,0.0,6,6738,卖盘
162,10:30:31,11.23,0.0,2,2246,卖盘
163,10:30:33,11.23,0.0,4,4492,卖盘
164,10:30:45,11.2,-0.03,115,128872,卖盘
165,10:31:46,11.27,0.07,800,901257,买盘
166,10:32:22,11.21,-0.06,28,31388,买盘
167,10:33:25,11.25,0.04,200,225000,买盘
168,10:37:19,11.27,0.02,3,3381,买盘
169,10:40:16,11.27,0.0,3,3381,买盘
170,10:41:34,11.26,-0.01,4,4504,买盘
171,10:45:01,11.23,-0.03,50,56180,卖盘
172,10:48:04,11.25,0.02,1,1125,买盘
173,10:48:36,11.26,0.01,4,4502,买盘
174,10:49:07,11.26,0.0,17,19142,买盘
175,10:49:24,11.26,0.0,2,2252,卖盘
176,10:50:07,11.26,0.0,14,15764,卖盘
177,10:51:10,11.26,0.0,4,4504,卖盘
178,10:51:52,11.26,0.0,2,2252,卖盘
179,10:51:55,11.26,0.0,56,63056,卖盘
180,10:52:34,11.26,0.0,7,7882,卖盘
181,10:55:39,11.23,-0.03,1,1123,卖盘
182,10:57:01,11.26,0.03,1,1126,买盘
183,10:58:25,11.26,0.0,11,12386,卖盘
184,10:59:22,11.26,0.0,39,43914,卖盘
185,10:59:34,11.26,0.0,4,4504,卖盘
186,11:00:07,11.26,0.0,5,5630,卖盘
187,11:00:16,11.26,0.0,13,14638,卖盘
188,11:00:27,11.26,0.0,20,22520,卖盘
189,11:00:46,11.26,0.0,5,5630,卖盘
190,11:01:01,11.26,0.0,2,2252,卖盘
191,11:02:04,11.25,-0.01,3,3375,买盘
192,11:02:19,11.25,0.0,6,6750,卖盘
193,11:02:43,11.25,0.0,5,5625,卖盘
194,11:03:40,11.27,0.02,27,30425,买盘
195,11:04:27,11.27,0.0,122,137494,买盘
196,11:04:40,11.27,0.0,11,11912,买盘
197,11:04:49,11.27,0.0,9,10143,卖盘
198,11:05:31,11.27,0.0,19,21898,卖盘
199,11:06:34,11.26,-0.01,6,6756,卖盘
200,11:08:33,11.27,0.01,3,3381,买盘
201,11:09:24,11.26,-0.01,1,1126,卖盘
202,11:09:58,11.28,0.02,32,36075,买盘
203,11:11:06,11.26,-0.02,2,2252,卖盘
204,11:11:13,11.26,0.0,2,2252,买盘
205,11:11:19,11.26,0.0,6,6756,买盘
206,11:11:37,11.28,0.02,10,11280,买盘
207,11:11:52,11.28,0.0,7,7893,买盘
208,11:12:01,11.3,0.02,10,11300,买盘
209,11:12:46,11.32,0.02,6,6792,买盘
210,11:12:55,11.31,-0.01,9,10179,卖盘
211,11:13:34,11.31,0.0,1,1131,卖盘
212,11:13:48,11.31,0.0,6,6786,买盘
213,11:14:18,11.3,-0.01,3,3390,卖盘
214,11:15:21,11.3,0.0,1,1130,卖盘
215,11:15:43,11.3,0.0,3,3390,卖盘
216,11:15:52,11.31,0.01,5,5655,买盘
217,11:16:46,11.3,-0.01,3,3390,卖盘
218,11:18:21,11.31,0.01,1,1131,买盘
219,11:19:13,11.31,0.0,1,1131,卖盘
220,11:21:21,11.32,0.01,32,36224,买盘
221,11:21:36,11.32,0.0,4,4528,卖盘
222,11:21:54,11.36,0.04,10,11356,买盘
223,11:22:22,11.36,0.0,7,7951,买盘
224,11:22:27,11.36,0.0,3,3408,卖盘
225,11:22:30,11.37,0.01,9,10233,买盘
226,11:22:55,11.38,0.01,840,955863,买盘
227,11:22:58,11.38,0.0,160,182080,买盘
228,11:23:12,11.38,0.0,70,79660,买盘
229,11:23:21,11.38,0.0,50,56900,买盘
230,11:23:39,11.38,0.0,20,22749,买盘
231,13:00:07,11.37,-0.01,22,25014,买盘
232,13:01:07,11.37,0.0,8,9096,卖盘
233,13:01:46,11.35,-0.02,10,11350,卖盘
234,13:02:52,11.34,-0.01,4,4536,卖盘
235,13:03:34,11.34,0.0,1,1134,卖盘
236,13:05:21,11.34,0.0,2,2268,卖盘
237,13:06:01,11.34,0.0,1,1134,卖盘
238,13:08:19,11.34,0.0,4,4536,卖盘
239,13:08:48,11.33,-0.01,10,11330,卖盘
240,13:09:09,11.32,-0.01,1,1132,卖盘
241,13:10:13,11.32,0.0,4,4528,卖盘
242,13:10:54,11.32,0.0,1,1132,卖盘
243,13:13:49,11.32,0.0,2,2264,卖盘
244,13:15:06,11.32,0.0,1,1132,卖盘
245,13:20:24,11.32,0.0,2,2264,卖盘
246,13:21:25,11.32,0.0,1,1132,卖盘
247,13:24:22,11.32,0.0,6,6792,卖盘
248,13:25:37,11.32,0.0,2,2264,卖盘
249,13:25:51,11.33,0.01,1,1133,买盘
250,13:26:19,11.32,-0.01,1,1132,卖盘
251,13:27:00,11.32,0.0,1,1132,卖盘
252,13:31:46,11.32,0.0,15,16980,卖盘
253,13:32:58,11.32,0.0,5,5660,卖盘
254,13:33:40,11.32,0.0,1,1132,卖盘
255,13:33:55,11.32,0.0,40,45280,卖盘
256,13:34:15,11.32,0.0,81,91692,卖盘
257,13:35:25,11.3,-0.02,5,5650,卖盘
258,13:38:40,11.29,-0.01,13,14677,卖盘
259,13:39:16,11.28,-0.01,4,4512,卖盘
260,13:40:19,11.28,0.0,2,2257,卖盘
261,13:40:24,11.28,0.0,4,4512,卖盘
262,13:41:43,11.26,-0.02,1,1126,卖盘
263,13:42:10,11.26,0.0,10,11260,卖盘
264,13:43:27,11.26,0.0,3,3378,卖盘
265,13:46:31,11.26,0.0,1,1126,卖盘
266,13:55:10,11.26,0.0,1,1126,卖盘
267,13:55:33,11.28,0.02,3,3384,买盘
268,13:56:28,11.27,-0.01,1,1127,买盘
269,14:03:28,11.26,-0.01,50,56300,卖盘
270,14:05:43,11.26,0.0,36,40536,卖盘
271,14:05:46,11.26,0.0,5,5630,卖盘
272,14:05:49,11.26,0.0,2,2252,卖盘
273,14:05:55,11.26,0.0,1,1126,卖盘
274,14:06:15,11.26,0.0,11,12386,卖盘
275,14:06:28,11.26,0.0,81,91206,卖盘
276,14:06:33,11.26,0.0,15,16890,卖盘
277,14:07:16,11.25,-0.01,50,56250,卖盘
278,14:07:34,11.25,0.0,23,25875,卖盘
279,14:08:01,11.25,0.0,21,23625,卖盘
280,14:08:43,11.25,0.0,4,4500,卖盘
281,14:08:55,11.29,0.04,300,338406,买盘
282,14:09:37,11.32,0.03,300,338859,买盘
283,14:09:58,11.28,-0.04,500,564000,买盘
284,14:11:07,11.28,0.0,100,112704,买盘
285,14:12:01,11.23,-0.05,5,5615,卖盘
286,14:13:01,11.24,0.01,2,2248,买盘
287,14:13:52,11.23,-0.01,20,22460,卖盘
288,14:14:42,11.26,0.03,6,6756,买盘
289,14:15:22,11.28,0.02,2,2256,买盘
290,14:15:42,11.28,0.0,3,3384,买盘
291,14:16:52,11.35,0.07,400,452678,买盘
292,14:17:19,11.28,-0.07,2,2256,卖盘
293,14:17:42,11.34,0.06,4,4536,买盘
294,14:21:13,11.32,-0.02,4,4528,买盘
295,14:25:01,11.31,-0.01,2,2262,买盘
296,14:25:42,11.28,-0.03,1,1128,卖盘
297,14:27:40,11.31,0.03,3,3393,买盘
298,14:27:43,11.28,-0.03,62,69936,卖盘
299,14:29:00,11.26,-0.02,13,14638,卖盘
300,14:29:24,11.26,0.0,1,1126,买盘
301,14:30:00,11.25,-0.01,80,90000,卖盘
302,14:30:46,11.24,-0.01,14,15736,卖盘
303,14:30:57,11.24,0.0,12,13488,买盘
304,14:32:09,11.27,0.03,8,9016,买盘
305,14:33:13,11.27,0.0,2,2254,卖盘
306,14:33:54,11.27,0.0,1,1127,卖盘
307,14:34:13,11.28,0.01,150,169200,买盘
308,14:34:28,11.27,-0.01,8,9016,卖盘
309,14:34:52,11.27,0.0,100,112700,买盘
310,14:35:18,11.28,0.01,50,56358,买盘
311,14:35:57,11.24,-0.04,31,34844,卖盘
312,14:37:04,11.24,0.0,10,11240,卖盘
313,14:37:48,11.25,0.01,4,4500,买盘
314,14:37:51,11.25,0.0,6,6750,买盘
315,14:38:55,11.25,0.0,10,11250,卖盘
316,14:39:13,11.25,0.0,16,18000,卖盘
317,14:39:31,11.25,0.0,4,4500,卖盘
318,14:40:34,11.25,0.0,6,6750,卖盘
319,14:41:15,11.25,0.0,2,2250,卖盘
320,14:41:58,11.26,0.01,6,6756,买盘
321,14:42:19,11.26,0.0,1,1126,买盘
322,14:42:39,11.26,0.0,2,2252,买盘
323,14:43:00,11.25,-0.01,3,3375,卖盘
324,14:43:42,11.25,0.0,1,1125,卖盘
325,14:44:25,11.25,0.0,1,1125,卖盘
326,14:45:10,11.26,0.01,1,1126,买盘
327,14:47:34,11.28,0.02,5,5640,买盘
328,14:48:07,11.28,0.0,27,30454,买盘
329,14:48:49,11.31,0.03,6,6784,买盘
330,14:49:19,11.28,-0.03,26,29328,卖盘
331,14:50:01,11.29,0.01,9,10161,卖盘
332,14:50:46,11.31,0.02,5,5655,买盘
333,14:51:04,11.31,0.0,3,3393,卖盘
334,14:53:12,11.29,-0.02,1,1129,卖盘
335,14:54:25,11.31,0.02,6,6785,买盘
336,14:54:42,11.31,0.0,1,1131,卖盘
337,14:55:16,11.29,-0.02,1,1129,卖盘
338,14:55:28,11.29,0.0,46,51934,卖盘
339,14:55:58,11.28,-0.01,1,1128,卖盘
340,14:56:00,11.28,0.0,24,27072,卖盘
341,14:56:10,11.28,0.0,35,39480,卖盘
342,14:56:22,11.28,0.0,1,1128,卖盘
343,14:56:40,11.28,0.0,34,38352,卖盘
344,14:56:52,11.29,0.01,1,1129,买盘
345,14:57:01,11.29,0.0,1,1129,买盘
346,15:00:04,11.32,0.03,106,119992,卖盘
