,time,price,change,volume,amount,type
0,09:25:04,15.43,0.05,113,174359,买盘
1,09:30:00,15.43,0.0,20,30860,卖盘
2,09:30:05,15.43,0.0,131,202190,卖盘
3,09:30:07,15.42,-0.01,4,6168,中性盘
4,09:30:10,15.42,0.0,1,1542,买盘
5,09:30:13,15.4,-0.02,10,15400,卖盘
6,09:30:16,15.4,0.0,8,12317,买盘
7,09:30:18,15.28,-0.12,29,44343,卖盘
8,09:30:22,15.4,0.12,31,47630,买盘
9,09:30:31,15.38,-0.02,7,10776,卖盘
10,09:30:34,15.38,0.0,6,9228,买盘
11,09:30:43,15.37,-0.01,3,4612,卖盘
12,09:30:45,15.38,0.01,12,18455,买盘
13,09:30:49,15.38,0.0,26,39901,买盘
14,09:30:52,15.38,0.0,1,1538,买盘
15,09:30:58,15.38,0.0,4,6154,卖盘
16,09:31:01,15.38,0.0,18,27684,卖盘
17,09:31:04,15.36,-0.02,4,6148,中性盘
18,09:31:07,15.36,0.0,7,10750,买盘
19,09:31:13,15.36,0.0,5,7680,买盘
20,09:31:16,15.36,0.0,3,4606,买盘
21,09:31:19,15.3,-0.06,209,319808,卖盘
22,09:31:22,15.3,0.0,10,15300,买盘
23,09:31:25,15.3,0.0,1,1530,买盘
24,09:31:28,15.3,0.0,15,22950,买盘
25,09:31:31,15.3,0.0,10,15300,卖盘
26,09:31:34,15.3,0.0,3,4589,买盘
27,09:31:36,15.36,0.06,6,9198,买盘
28,09:31:40,15.3,-0.06,30,45900,卖盘
29,09:31:43,15.25,-0.05,37,56531,卖盘
30,09:31:46,15.37,0.12,16,24412,买盘
31,09:31:48,15.37,0.0,4,6147,卖盘
32,09:31:52,15.37,0.0,9,13831,卖盘
33,09:31:55,15.38,0.01,5,7690,买盘
34,09:32:01,15.38,0.0,13,19994,卖盘
35,09:32:10,15.39,0.01,10,15390,买盘
36,09:32:13,15.38,-0.01,8,12307,卖盘
37,09:32:16,15.4,0.02,111,170870,买盘
38,09:32:18,15.38,-0.02,38,58496,卖盘
39,09:32:21,15.39,0.01,21,32339,中性盘
40,09:32:25,15.4,0.01,17,26180,买盘
41,09:32:28,15.43,0.03,24,36975,买盘
42,09:32:31,15.4,-0.03,23,36242,卖盘
43,09:32:34,15.41,0.01,1,1541,中性盘
44,09:32:37,15.49,0.08,5,7745,买盘
45,09:32:46,15.49,0.0,6,9294,买盘
46,09:32:49,15.49,0.0,4,6196,卖盘
47,09:32:52,15.5,0.01,3,4650,卖盘
48,09:33:01,15.5,0.0,15,23255,卖盘
49,09:33:05,15.51,0.01,19,29456,买盘
50,09:33:09,15.6,0.09,50,77812,买盘
51,09:33:15,15.6,0.0,6,9360,买盘
52,09:33:18,15.61,0.01,8,12483,买盘
53,09:33:21,15.66,0.05,4,6261,中性盘
54,09:33:25,15.7,0.04,18,28227,买盘
55,09:33:28,15.68,-0.02,41,64367,卖盘
56,09:33:31,15.59,-0.09,34,53157,卖盘
57,09:33:33,15.55,-0.04,6,9346,卖盘
58,09:33:37,15.54,-0.01,2,3108,卖盘
59,09:33:39,15.57,0.03,12,18684,买盘
60,09:33:45,15.57,0.0,1,1557,买盘
61,09:33:49,15.57,0.0,3,4671,买盘
62,09:33:55,15.57,0.0,4,6224,卖盘
63,09:34:04,15.53,-0.04,32,49801,中性盘
64,09:34:09,15.53,0.0,10,15535,卖盘
65,09:34:13,15.52,-0.01,17,26388,卖盘
66,09:34:16,15.53,0.01,23,35735,卖盘
67,09:34:19,15.53,0.0,28,43497,卖盘
68,09:34:22,15.53,0.0,8,12429,卖盘
69,09:34:25,15.53,0.0,10,15530,卖盘
70,09:34:28,15.56,0.03,4,6224,买盘
71,09:34:37,15.54,-0.02,12,18648,卖盘
72,09:34:40,15.54,0.0,11,17094,买盘
73,09:34:43,15.5,-0.04,50,77504,卖盘
74,09:34:46,15.53,0.03,2,3107,中性盘
75,09:34:52,15.53,0.0,2,3106,买盘
76,09:34:54,15.53,0.0,5,7765,买盘
77,09:34:58,15.53,0.0,4,6212,买盘
78,09:35:00,15.53,0.0,2,3107,卖盘
79,09:35:04,15.53,0.0,2,3106,买盘
80,09:35:07,15.54,0.01,4,6216,中性盘
81,09:35:09,15.55,0.01,5,7775,买盘
82,09:35:13,15.55,0.0,5,7775,买盘
83,09:35:16,15.55,0.0,21,32646,买盘
84,09:35:19,15.56,0.01,25,38900,买盘
85,09:35:21,15.56,0.0,4,6224,买盘
86,09:35:25,15.57,0.01,15,23355,买盘
87,09:35:27,15.58,0.01,10,15580,买盘
88,09:35:31,15.61,0.03,5,7805,买盘
89,09:35:34,15.63,0.02,3,4689,买盘
90,09:35:40,15.68,0.05,4,6272,买盘
91,09:35:43,15.68,0.0,2,3134,买盘
92,09:35:46,15.69,0.01,21,32937,买盘
93,09:35:49,15.7,0.01,17,26682,买盘
94,09:35:51,15.68,-0.02,12,18821,卖盘
95,09:35:54,15.67,-0.01,1,1567,卖盘
96,09:35:57,15.65,-0.02,23,35996,卖盘
97,09:36:01,15.63,-0.02,8,12504,卖盘
98,09:36:04,15.64,0.01,4,6256,买盘
99,09:36:07,15.64,0.0,2,3128,买盘
100,09:36:10,15.64,0.0,5,7820,买盘
101,09:36:13,15.64,0.0,26,40664,卖盘
102,09:36:18,15.62,-0.02,40,62516,卖盘
103,09:36:22,15.62,0.0,24,37465,买盘
104,09:36:25,15.61,-0.01,9,14049,卖盘
105,09:36:37,15.61,0.0,18,28099,卖盘
106,09:36:39,15.61,0.0,2,3122,买盘
107,09:36:42,15.61,0.0,4,6244,中性盘
108,09:36:45,15.61,0.0,7,10927,买盘
109,09:36:49,15.6,-0.01,1,1560,卖盘
110,09:36:52,15.6,0.0,8,12480,卖盘
111,09:36:55,15.61,0.01,5,7805,买盘
112,09:36:58,15.6,-0.01,7,10920,卖盘
113,09:37:04,15.58,-0.02,2,3116,中性盘
114,09:37:07,15.58,0.0,20,31144,买盘
115,09:37:10,15.57,-0.01,3,4671,卖盘
116,09:37:25,15.54,-0.03,12,18640,卖盘
117,09:37:28,15.54,0.0,1,1554,卖盘
118,09:37:34,15.55,0.01,3,4663,买盘
119,09:37:36,15.55,0.0,1,1555,买盘
120,09:37:39,15.55,0.0,5,7775,卖盘
121,09:37:46,15.56,0.01,14,21763,买盘
122,09:37:49,15.56,0.0,5,7780,买盘
123,09:37:51,15.51,-0.05,19,29495,卖盘
124,09:37:55,15.51,0.0,1,1551,买盘
125,09:37:58,15.54,0.03,20,31071,买盘
126,09:38:01,15.54,0.0,3,4662,买盘
127,09:38:04,15.55,0.01,40,62177,买盘
128,09:38:07,15.57,0.02,43,66946,买盘
129,09:38:10,15.59,0.02,13,20254,买盘
130,09:38:13,15.59,0.0,13,20267,买盘
131,09:38:16,15.59,0.0,15,23385,买盘
132,09:38:19,15.6,0.01,50,78011,买盘
133,09:38:24,15.6,0.0,25,39000,买盘
134,09:38:28,15.6,0.0,14,21840,买盘
135,09:38:31,15.62,0.02,1,1562,买盘
136,09:38:40,15.6,-0.02,30,46876,卖盘
137,09:38:42,15.6,0.0,6,9360,卖盘
138,09:38:46,15.67,0.07,5,7829,中性盘
139,09:38:57,15.65,-0.02,34,53175,买盘
140,09:39:04,15.63,-0.02,2,3128,卖盘
141,09:39:07,15.64,0.01,7,10950,买盘
142,09:39:10,15.64,0.0,20,31280,买盘
143,09:39:13,15.64,0.0,1,1564,卖盘
144,09:39:16,15.65,0.01,1,1565,买盘
145,09:39:19,15.64,-0.01,19,29716,卖盘
146,09:39:22,15.64,0.0,1,1564,买盘
147,09:39:28,15.63,-0.01,19,29691,卖盘
148,09:39:31,15.63,0.0,5,7815,卖盘
149,09:39:34,15.62,-0.01,9,14058,卖盘
150,09:39:36,15.62,0.0,2,3124,中性盘
151,09:39:40,15.6,-0.02,5,7800,卖盘
152,09:39:43,15.6,0.0,46,71760,卖盘
153,09:39:46,15.6,0.0,13,20280,卖盘
154,09:39:49,15.61,0.01,16,24961,买盘
155,09:39:52,15.61,0.0,7,10926,买盘
156,09:39:54,15.6,-0.01,25,39001,卖盘
157,09:39:57,15.6,0.0,14,21840,卖盘
158,09:40:01,15.6,0.0,17,26520,卖盘
159,09:40:04,15.56,-0.04,16,24909,卖盘
160,09:40:07,15.58,0.02,18,28013,中性盘
161,09:40:10,15.46,-0.12,6,9291,卖盘
162,09:40:12,15.46,0.0,2,3092,买盘
163,09:40:15,15.52,0.06,2,3100,买盘
164,09:40:22,15.53,0.01,3,4659,中性盘
165,09:40:25,15.55,0.02,1,1555,买盘
166,09:40:33,15.57,0.02,6,9342,买盘
167,09:40:37,15.56,-0.01,15,23340,中性盘
168,09:40:40,15.56,0.0,35,54492,中性盘
169,09:40:43,15.56,0.0,17,26464,卖盘
170,09:40:46,15.56,0.0,10,15561,卖盘
171,09:40:49,15.55,-0.01,15,23332,卖盘
172,09:40:52,15.55,0.0,55,85528,卖盘
173,09:40:54,15.55,0.0,26,40430,卖盘
174,09:40:58,15.54,-0.01,13,20205,卖盘
175,09:41:01,15.54,0.0,1,1554,买盘
176,09:41:04,15.54,0.0,3,4662,买盘
177,09:41:07,15.54,0.0,11,17088,买盘
178,09:41:13,15.53,-0.01,1,1553,买盘
179,09:41:15,15.52,-0.01,5,7760,卖盘
180,09:41:19,15.52,0.0,1,1552,买盘
181,09:41:22,15.53,0.01,3,4659,买盘
182,09:41:28,15.51,-0.02,25,38775,卖盘
183,09:41:31,15.5,-0.01,18,27901,卖盘
184,09:41:33,15.54,0.04,3,4662,买盘
185,09:41:37,15.49,-0.05,16,24797,卖盘
186,09:41:39,15.49,0.0,4,6196,买盘
187,09:41:43,15.54,0.05,6,9299,买盘
188,09:41:46,15.54,0.0,1,1554,买盘
189,09:41:54,15.54,0.0,3,4662,买盘
190,09:41:58,15.5,-0.04,3,4650,卖盘
191,09:42:10,15.54,0.04,2,3108,买盘
192,09:42:13,15.54,0.0,5,7770,买盘
193,09:42:36,15.54,0.0,1,1554,买盘
194,09:42:43,15.55,0.01,2,3110,买盘
195,09:42:48,15.55,0.0,2,3110,买盘
196,09:42:52,15.52,-0.03,12,18640,卖盘
197,09:43:01,15.54,0.02,37,57500,卖盘
198,09:43:04,15.54,0.0,9,13986,卖盘
199,09:43:07,15.51,-0.03,12,18642,卖盘
200,09:43:10,15.51,0.0,11,17061,买盘
201,09:43:13,15.51,0.0,4,6204,买盘
202,09:43:19,15.54,0.03,3,4662,中性盘
203,09:43:22,15.54,0.0,2,3108,买盘
204,09:43:28,15.53,-0.01,1,1553,买盘
205,09:43:33,15.54,0.01,2,3108,买盘
206,09:43:40,15.54,0.0,5,7770,买盘
207,09:43:49,15.54,0.0,2,3108,买盘
208,09:43:58,15.52,-0.02,3,4657,卖盘
209,09:44:07,15.54,0.02,3,4662,买盘
210,09:44:16,15.54,0.0,1,1554,买盘
211,09:44:18,15.54,0.0,1,1554,买盘
212,09:44:36,15.52,-0.02,18,27936,卖盘
213,09:44:40,15.54,0.02,3,4662,买盘
214,09:44:46,15.54,0.0,1,1554,买盘
215,09:44:52,15.52,-0.02,7,10869,卖盘
216,09:44:58,15.52,0.0,14,21725,买盘
217,09:45:04,15.54,0.02,3,4662,买盘
218,09:45:10,15.52,-0.02,24,37248,卖盘
219,09:45:13,15.52,0.0,5,7762,卖盘
220,09:45:16,15.51,-0.01,14,21720,卖盘
221,09:45:19,15.54,0.03,32,49725,买盘
222,09:45:22,15.54,0.0,60,93240,卖盘
223,09:45:27,15.53,-0.01,1,1553,卖盘
224,09:45:34,15.52,-0.01,12,18624,中性盘
225,09:45:39,15.52,0.0,8,12416,卖盘
226,09:45:43,15.53,0.01,1,1553,买盘
227,09:45:46,15.55,0.02,2,3108,买盘
228,09:46:01,15.55,0.0,6,9330,买盘
229,09:46:04,15.53,-0.02,7,10871,卖盘
230,09:46:07,15.52,-0.01,5,7760,卖盘
231,09:46:10,15.53,0.01,4,6212,买盘
232,09:46:13,15.53,0.0,3,4659,买盘
233,09:46:15,15.55,0.02,6,9320,买盘
234,09:46:19,15.55,0.0,1,1555,买盘
235,09:46:22,15.53,-0.02,21,32624,卖盘
236,09:46:25,15.53,0.0,17,26401,买盘
237,09:46:28,15.52,-0.01,25,38823,卖盘
238,09:46:31,15.53,0.01,28,43484,买盘
239,09:46:34,15.53,0.0,2,3106,买盘
240,09:46:37,15.53,0.0,5,7765,买盘
241,09:46:40,15.53,0.0,40,62120,买盘
242,09:46:42,15.53,0.0,13,20189,买盘
243,09:46:46,15.53,0.0,67,104051,买盘
244,09:46:52,15.53,0.0,13,20189,卖盘
245,09:47:04,15.53,0.0,2,3106,买盘
246,09:47:10,15.53,0.0,1,1553,买盘
247,09:47:13,15.53,0.0,3,4659,买盘
248,09:47:22,15.53,0.0,2,3106,买盘
249,09:47:34,15.53,0.0,20,31060,买盘
250,09:47:37,15.52,-0.01,14,21728,卖盘
251,09:47:49,15.53,0.01,4,6212,买盘
252,09:47:58,15.52,-0.01,3,4656,卖盘
253,09:48:04,15.53,0.01,4,6212,买盘
254,09:48:09,15.53,0.0,2,3106,买盘
255,09:48:12,15.53,0.0,26,40378,买盘
256,09:48:16,15.53,0.0,2,3106,买盘
257,09:48:19,15.52,-0.01,8,12416,卖盘
258,09:48:28,15.53,0.01,58,90074,买盘
259,09:48:34,15.53,0.0,51,79203,卖盘
260,09:48:40,15.53,0.0,2,3106,买盘
261,09:48:46,15.52,-0.01,9,13968,卖盘
262,09:48:49,15.52,0.0,19,29488,买盘
263,09:48:52,15.52,0.0,4,6208,买盘
264,09:48:54,15.51,-0.01,12,18612,卖盘
265,09:49:04,15.51,0.0,2,3102,买盘
266,09:49:07,15.5,-0.01,26,40302,卖盘
267,09:49:10,15.5,0.0,1,1550,买盘
268,09:49:13,15.5,0.0,1,1550,买盘
269,09:49:16,15.5,0.0,15,23238,买盘
270,09:49:18,15.49,-0.01,3,4647,卖盘
271,09:49:37,15.5,0.01,1,1550,买盘
272,09:49:43,15.49,-0.01,4,6197,卖盘
273,09:49:49,15.49,0.0,19,29435,卖盘
274,09:49:55,15.49,0.0,2,3098,卖盘
275,09:50:07,15.46,-0.03,23,35564,卖盘
276,09:50:15,15.49,0.03,1,1549,买盘
277,09:50:19,15.49,0.0,4,6196,买盘
278,09:50:31,15.49,0.0,1,1549,买盘
279,09:50:37,15.5,0.01,7,10850,买盘
280,09:50:46,15.5,0.0,5,7751,卖盘
281,09:50:49,15.52,0.02,18,27906,买盘
282,09:50:58,15.47,-0.05,1,1547,买盘
283,09:51:01,15.47,0.0,1,1547,买盘
284,09:51:07,15.47,0.0,16,24752,买盘
285,09:51:10,15.5,0.03,2,3100,中性盘
286,09:51:16,15.43,-0.07,30,46375,卖盘
287,09:51:19,15.5,0.07,2,3100,买盘
288,09:51:24,15.44,-0.06,15,23160,中性盘
289,09:51:31,15.5,0.06,9,13952,卖盘
290,09:51:37,15.5,0.0,2,3100,买盘
291,09:51:40,15.48,-0.02,11,17036,卖盘
292,09:51:43,15.52,0.04,15,23272,买盘
293,09:51:46,15.52,0.0,1,1552,卖盘
294,09:51:49,15.52,0.0,11,17061,卖盘
295,09:52:16,15.51,-0.01,1,1551,买盘
296,09:52:19,15.51,0.0,3,4653,买盘
297,09:52:22,15.51,0.0,1,1551,买盘
298,09:52:37,15.51,0.0,3,4653,买盘
299,09:52:40,15.51,0.0,4,6204,买盘
300,09:52:55,15.51,0.0,16,24816,买盘
301,09:52:58,15.51,0.0,3,4653,卖盘
302,09:53:01,15.51,0.0,27,41861,卖盘
303,09:53:13,15.51,0.0,1,1551,买盘
304,09:53:22,15.51,0.0,5,7755,买盘
305,09:53:25,15.51,0.0,2,3102,买盘
306,09:53:46,15.51,0.0,3,4653,买盘
307,09:53:49,15.49,-0.02,4,6196,卖盘
308,09:53:52,15.49,0.0,10,15500,卖盘
309,09:53:55,15.51,0.02,30,46530,买盘
310,09:53:58,15.51,0.0,26,40316,买盘
311,09:54:07,15.51,0.0,2,3102,买盘
312,09:54:12,15.48,-0.03,1,1548,中性盘
313,09:54:22,15.48,0.0,1,1548,买盘
314,09:54:34,15.47,-0.01,62,95918,卖盘
315,09:54:43,15.47,0.0,4,6188,买盘
316,09:54:48,15.47,0.0,23,35511,买盘
317,09:54:58,15.42,-0.05,3,4626,卖盘
318,09:55:10,15.42,0.0,15,23130,卖盘
319,09:55:13,15.42,0.0,4,6168,卖盘
320,09:55:18,15.41,-0.01,8,12328,卖盘
321,09:55:21,15.41,0.0,6,9246,卖盘
322,09:55:25,15.4,-0.01,9,13860,卖盘
323,09:55:33,15.4,0.0,6,9240,卖盘
324,09:55:40,15.35,-0.05,215,330064,卖盘
325,09:55:42,15.4,0.05,1,1540,买盘
326,09:55:49,15.39,-0.01,2,3078,卖盘
327,09:55:52,15.36,-0.03,27,40704,卖盘
328,09:55:57,15.37,0.01,3,4611,中性盘
329,09:56:07,15.36,-0.01,31,48409,卖盘
330,09:56:15,15.36,0.0,5,7680,买盘
331,09:56:19,15.36,0.0,2,3072,买盘
332,09:56:22,15.36,0.0,1,1536,卖盘
333,09:56:25,15.36,0.0,1,1536,买盘
334,09:56:31,15.36,0.0,2,3072,买盘
335,09:56:33,15.36,0.0,40,60672,买盘
336,09:56:37,15.37,0.01,15,23055,买盘
337,09:56:39,15.38,0.01,8,12304,买盘
338,09:56:42,15.38,0.0,2,3076,买盘
339,09:56:46,15.39,0.01,6,9231,买盘
340,09:56:49,15.4,0.01,2,3080,买盘
341,09:56:52,15.42,0.02,19,29282,买盘
342,09:57:01,15.42,0.0,1,1542,卖盘
343,09:57:16,15.42,0.0,5,7712,卖盘
344,09:57:19,15.42,0.0,33,50886,买盘
345,09:57:25,15.46,0.04,10,15460,买盘
346,09:57:31,15.46,0.0,2,3092,卖盘
347,09:57:34,15.46,0.0,18,27828,卖盘
348,09:57:37,15.46,0.0,12,18552,卖盘
349,09:57:46,15.43,-0.03,19,29317,卖盘
350,09:57:54,15.42,-0.01,1,1542,卖盘
351,09:58:04,15.4,-0.02,33,50879,卖盘
352,09:58:09,15.4,0.0,7,10780,买盘
353,09:58:12,15.38,-0.02,18,27684,卖盘
354,09:58:25,15.38,0.0,11,16918,卖盘
355,09:58:28,15.38,0.0,1,1538,买盘
356,09:58:31,15.38,0.0,1,1538,买盘
357,09:58:39,15.37,-0.01,10,15377,卖盘
358,09:58:46,15.4,0.03,1,1540,买盘
359,09:58:58,15.37,-0.03,2,3074,卖盘
360,09:59:13,15.38,0.01,3,4614,卖盘
361,09:59:34,15.45,0.07,13,20075,买盘
362,09:59:37,15.45,0.0,1,1545,卖盘
363,09:59:42,15.45,0.0,3,4635,卖盘
364,09:59:46,15.45,0.0,2,3090,卖盘
365,09:59:49,15.45,0.0,2,3090,卖盘
366,09:59:54,15.45,0.0,2,3090,卖盘
367,10:00:04,15.46,0.01,1,1546,买盘
368,10:00:07,15.45,-0.01,32,49440,卖盘
369,10:00:37,15.41,-0.04,4,6164,卖盘
370,10:00:58,15.4,-0.01,3,4620,卖盘
371,10:01:13,15.4,0.0,4,6160,卖盘
372,10:01:15,15.4,0.0,1,1540,买盘
373,10:01:31,15.37,-0.03,74,113772,卖盘
374,10:01:34,15.4,0.03,44,67752,买盘
375,10:01:37,15.38,-0.02,5,7690,中性盘
376,10:01:39,15.38,0.0,8,12304,买盘
377,10:01:58,15.4,0.02,9,13860,买盘
378,10:02:00,15.39,-0.01,11,16943,卖盘
379,10:02:13,15.39,0.0,1,1539,买盘
380,10:02:19,15.38,-0.01,60,92280,卖盘
381,10:02:21,15.39,0.01,1,1539,买盘
382,10:02:24,15.39,0.0,2,3078,买盘
383,10:02:28,15.4,0.01,2,3080,买盘
384,10:02:34,15.4,0.0,2,3080,卖盘
385,10:02:43,15.4,0.0,7,10780,卖盘
386,10:02:46,15.41,0.01,10,15410,买盘
387,10:02:49,15.4,-0.01,16,24640,卖盘
388,10:02:52,15.4,0.0,3,4620,买盘
389,10:02:58,15.4,0.0,10,15400,买盘
390,10:03:01,15.4,0.0,14,21560,卖盘
391,10:03:19,15.41,0.01,70,107870,买盘
392,10:03:25,15.41,0.0,1,1541,买盘
393,10:03:28,15.41,0.0,2,3082,买盘
394,10:03:39,15.41,0.0,30,46230,买盘
395,10:03:52,15.41,0.0,20,30820,买盘
396,10:03:55,15.41,0.0,8,12328,买盘
397,10:03:58,15.4,-0.01,3,4620,卖盘
398,10:04:00,15.41,0.01,1,1541,买盘
399,10:04:04,15.4,-0.01,4,6163,卖盘
400,10:04:10,15.4,0.0,4,6160,卖盘
401,10:04:46,15.41,0.01,5,7705,买盘
402,10:04:52,15.4,-0.01,2,3080,卖盘
403,10:04:58,15.4,0.0,3,4620,卖盘
404,10:05:31,15.41,0.01,11,16951,买盘
405,10:05:37,15.41,0.0,5,7705,买盘
406,10:05:42,15.41,0.0,146,224986,买盘
407,10:05:46,15.41,0.0,54,83214,买盘
408,10:05:49,15.41,0.0,34,52394,买盘
409,10:05:55,15.47,0.06,1,1547,买盘
410,10:06:06,15.47,0.0,1,1547,买盘
411,10:06:16,15.47,0.0,3,4641,买盘
412,10:06:37,15.47,0.0,2,3094,买盘
413,10:06:40,15.46,-0.01,1,1546,卖盘
414,10:06:43,15.46,0.0,1,1546,卖盘
415,10:06:45,15.46,0.0,3,4638,卖盘
416,10:06:58,15.42,-0.04,3,4626,卖盘
417,10:07:58,15.43,0.01,3,4629,卖盘
418,10:08:04,15.43,0.0,1,1543,卖盘
419,10:08:13,15.45,0.02,5,7725,买盘
420,10:08:34,15.43,-0.02,2,3086,卖盘
421,10:08:57,15.43,0.0,3,4629,卖盘
422,10:09:04,15.43,0.0,1,1543,卖盘
423,10:09:28,15.43,0.0,2,3086,卖盘
424,10:09:43,15.43,0.0,4,6172,卖盘
425,10:09:57,15.43,0.0,19,29317,卖盘
426,10:10:18,15.43,0.0,2,3086,买盘
427,10:10:34,15.43,0.0,2,3086,买盘
428,10:10:40,15.42,-0.01,1,1542,卖盘
429,10:10:58,15.42,0.0,3,4626,卖盘
430,10:11:33,15.43,0.01,20,30860,买盘
431,10:11:37,15.43,0.0,8,12344,买盘
432,10:11:40,15.42,-0.01,2,3085,卖盘
433,10:11:43,15.45,0.03,4,6180,买盘
434,10:11:52,15.45,0.0,25,38625,买盘
435,10:11:55,15.45,0.0,4,6180,买盘
436,10:12:00,15.46,0.01,15,23190,买盘
437,10:12:04,15.45,-0.01,25,38646,卖盘
438,10:12:07,15.46,0.01,8,12368,买盘
439,10:12:10,15.47,0.01,2,3094,买盘
440,10:12:13,15.47,0.0,8,12376,买盘
441,10:12:15,15.47,0.0,7,10829,买盘
442,10:12:19,15.47,0.0,11,17017,买盘
443,10:12:30,15.47,0.0,40,61889,卖盘
444,10:12:51,15.46,-0.01,2,3092,卖盘
445,10:13:22,15.46,0.0,5,7730,买盘
446,10:13:57,15.45,-0.01,3,4635,卖盘
447,10:14:04,15.45,0.0,2,3090,卖盘
448,10:14:13,15.45,0.0,1,1545,买盘
449,10:14:58,15.45,0.0,9,13899,买盘
450,10:15:00,15.45,0.0,5,7725,卖盘
451,10:15:10,15.45,0.0,2,3090,买盘
452,10:15:39,15.45,0.0,1,1545,买盘
453,10:15:43,15.45,0.0,1,1545,买盘
454,10:15:49,15.45,0.0,3,4635,买盘
455,10:16:04,15.45,0.0,1,1545,卖盘
456,10:16:16,15.47,0.02,1,1547,买盘
457,10:16:31,15.47,0.0,6,9282,买盘
458,10:16:34,15.47,0.0,21,32487,买盘
459,10:16:37,15.47,0.0,19,29393,买盘
460,10:16:39,15.47,0.0,18,27846,买盘
461,10:16:42,15.47,0.0,37,57239,买盘
462,10:16:46,15.47,0.0,17,26299,买盘
463,10:16:49,15.47,0.0,16,24752,买盘
464,10:16:52,15.47,0.0,17,26299,买盘
465,10:16:55,15.47,0.0,68,105196,买盘
466,10:16:57,15.49,0.02,53,82011,买盘
467,10:17:00,15.49,0.0,7,10843,买盘
468,10:17:04,15.49,0.0,8,12392,买盘
469,10:17:07,15.49,0.0,29,44921,买盘
470,10:17:10,15.5,0.01,10,15494,买盘
471,10:17:13,15.51,0.01,23,35655,买盘
472,10:17:28,15.51,0.0,16,24816,买盘
473,10:17:34,15.5,-0.01,5,7750,卖盘
474,10:17:55,15.5,0.0,10,15500,卖盘
475,10:18:04,15.5,0.0,1,1550,卖盘
476,10:18:07,15.51,0.01,4,6201,买盘
477,10:18:22,15.5,-0.01,35,54250,买盘
478,10:18:25,15.5,0.0,10,15500,买盘
479,10:18:43,15.49,-0.01,1,1549,卖盘
480,10:18:46,15.49,0.0,1,1549,卖盘
481,10:18:57,15.46,-0.03,3,4638,卖盘
482,10:19:01,15.5,0.04,18,27898,买盘
483,10:19:28,15.49,-0.01,1,1549,买盘
484,10:19:58,15.48,-0.01,3,4644,卖盘
485,10:20:04,15.48,0.0,1,1548,卖盘
486,10:20:25,15.48,0.0,1,1548,卖盘
487,10:20:49,15.49,0.01,7,10843,买盘
488,10:20:52,15.5,0.01,13,20139,买盘
489,10:20:55,15.5,0.0,8,12400,买盘
490,10:20:57,15.49,-0.01,7,10848,卖盘
491,10:21:01,15.5,0.01,14,21700,买盘
492,10:21:04,15.51,0.01,3,4651,买盘
493,10:21:21,15.51,0.0,2,3102,买盘
494,10:21:46,15.51,0.0,11,17061,买盘
495,10:21:58,15.5,-0.01,3,4650,卖盘
496,10:22:04,15.5,0.0,1,1550,卖盘
497,10:22:22,15.51,0.01,19,29469,买盘
498,10:22:31,15.51,0.0,7,10857,卖盘
499,10:22:37,15.51,0.0,3,4653,卖盘
500,10:22:49,15.51,0.0,4,6204,卖盘
501,10:23:57,15.5,-0.01,3,4650,卖盘
502,10:24:01,15.5,0.0,4,6200,卖盘
503,10:24:04,15.5,0.0,5,7750,卖盘
504,10:24:07,15.5,0.0,4,6200,卖盘
505,10:24:10,15.5,0.0,3,4650,卖盘
506,10:24:13,15.5,0.0,1,1550,卖盘
507,10:24:16,15.49,-0.01,2,3098,卖盘
508,10:24:19,15.49,0.0,2,3098,卖盘
509,10:24:22,15.49,0.0,2,3098,卖盘
510,10:24:24,15.49,0.0,2,3098,卖盘
511,10:24:28,15.5,0.01,3,4649,买盘
512,10:24:34,15.49,-0.01,2,3098,卖盘
513,10:24:36,15.49,0.0,2,3098,卖盘
514,10:24:40,15.49,0.0,1,1549,卖盘
515,10:24:48,15.46,-0.03,3,4638,卖盘
516,10:24:57,15.46,0.0,3,4638,卖盘
517,10:25:39,15.47,0.01,2,3093,买盘
518,10:25:46,15.47,0.0,20,30940,买盘
519,10:25:55,15.47,0.0,5,7735,买盘
520,10:26:10,15.47,0.0,3,4641,买盘
521,10:26:13,15.47,0.0,35,54145,买盘
522,10:27:31,15.52,0.05,2,3104,买盘
523,10:27:58,15.5,-0.02,3,4650,卖盘
524,10:28:04,15.5,0.0,1,1550,卖盘
525,10:28:16,15.5,0.0,8,12400,卖盘
526,10:28:39,15.49,-0.01,3,4647,卖盘
527,10:28:42,15.49,0.0,3,4647,卖盘
528,10:28:46,15.49,0.0,3,4647,卖盘
529,10:28:49,15.49,0.0,2,3098,卖盘
530,10:28:52,15.49,0.0,2,3098,买盘
531,10:28:57,15.49,0.0,3,4647,卖盘
532,10:29:00,15.49,0.0,11,17044,卖盘
533,10:29:27,15.49,0.0,17,26342,卖盘
534,10:29:37,15.49,0.0,3,4647,卖盘
535,10:29:58,15.49,0.0,13,20137,卖盘
536,10:30:06,15.48,-0.01,1,1548,卖盘
537,10:30:19,15.48,0.0,3,4644,买盘
538,10:30:57,15.46,-0.02,4,6184,卖盘
539,10:31:04,15.46,0.0,1,1546,卖盘
540,10:31:16,15.46,0.0,2,3092,卖盘
541,10:31:58,15.46,0.0,4,6184,卖盘
542,10:32:16,15.46,0.0,3,4638,卖盘
543,10:32:52,15.47,0.01,3,4641,买盘
544,10:32:55,15.47,0.0,18,27846,卖盘
545,10:32:58,15.46,-0.01,14,21644,卖盘
546,10:33:01,15.46,0.0,9,13914,卖盘
547,10:33:04,15.46,0.0,4,6185,卖盘
548,10:33:10,15.46,0.0,3,4638,卖盘
549,10:33:16,15.47,0.01,6,9281,买盘
550,10:33:19,15.46,-0.01,5,7730,卖盘
551,10:33:31,15.46,0.0,18,27828,卖盘
552,10:33:34,15.46,0.0,35,54110,卖盘
553,10:33:39,15.47,0.01,1,1547,买盘
554,10:33:54,15.46,-0.01,14,21644,卖盘
555,10:33:58,15.46,0.0,1,1546,卖盘
556,10:34:01,15.47,0.01,1,1547,买盘
557,10:34:34,15.47,0.0,1,1547,买盘
558,10:34:54,15.46,-0.01,3,4638,买盘
559,10:34:58,15.45,-0.01,4,6182,卖盘
560,10:35:04,15.47,0.02,3,4639,买盘
561,10:35:34,15.47,0.0,39,60333,买盘
562,10:35:40,15.46,-0.01,8,12368,卖盘
563,10:35:45,15.47,0.01,17,26287,买盘
564,10:35:48,15.47,0.0,9,13923,买盘
565,10:35:55,15.47,0.0,312,482664,买盘
566,10:35:58,15.47,0.0,35,54119,买盘
567,10:36:10,15.46,-0.01,2,3092,卖盘
568,10:36:19,15.47,0.01,18,27846,买盘
569,10:36:22,15.47,0.0,60,92820,买盘
570,10:36:34,15.47,0.0,50,77350,买盘
571,10:36:43,15.46,-0.01,2,3092,卖盘
572,10:36:49,15.46,0.0,1,1546,卖盘
573,10:36:58,15.46,0.0,3,4638,卖盘
574,10:37:01,15.47,0.01,2,3094,买盘
575,10:37:04,15.46,-0.01,1,1546,卖盘
576,10:37:10,15.47,0.01,16,24752,买盘
577,10:37:58,15.46,-0.01,3,4638,卖盘
578,10:38:10,15.46,0.0,2,3092,卖盘
579,10:38:22,15.47,0.01,1,1547,买盘
580,10:38:25,15.47,0.0,2,3280,买盘
581,10:39:04,15.47,0.0,1,1547,卖盘
582,10:39:34,15.47,0.0,1,1547,卖盘
583,10:39:49,15.49,0.02,11,17037,买盘
584,10:39:58,15.47,-0.02,3,4641,卖盘
585,10:40:04,15.49,0.02,6,9294,买盘
586,10:40:22,15.47,-0.02,4,6188,卖盘
587,10:40:58,15.48,0.01,3,4644,卖盘
588,10:41:01,15.49,0.01,26,40274,买盘
589,10:41:04,15.49,0.0,1,1549,卖盘
590,10:41:16,15.49,0.0,3,4647,卖盘
591,10:41:58,15.49,0.0,3,4647,卖盘
592,10:42:48,15.49,0.0,1,1549,卖盘
593,10:42:58,15.49,0.0,3,4647,卖盘
594,10:43:07,15.49,0.0,1,1549,买盘
595,10:43:57,15.48,-0.01,3,4644,卖盘
596,10:44:22,15.48,0.0,18,27864,卖盘
597,10:44:27,15.48,0.0,1,1548,卖盘
598,10:44:31,15.48,0.0,10,15480,卖盘
599,10:44:34,15.48,0.0,2,3096,卖盘
600,10:44:58,15.48,0.0,1,1548,卖盘
601,10:45:16,15.47,-0.01,4,6002,卖盘
602,10:45:30,15.46,-0.01,3,4638,卖盘
603,10:45:33,15.46,0.0,10,15460,卖盘
604,10:45:58,15.46,0.0,4,6184,卖盘
605,10:46:00,15.46,0.0,1,1546,卖盘
606,10:46:06,15.46,0.0,10,15460,卖盘
607,10:46:46,15.46,0.0,10,15460,卖盘
608,10:46:49,15.46,0.0,4,6184,卖盘
609,10:46:52,15.46,0.0,2,3092,卖盘
610,10:46:55,15.46,0.0,3,4638,卖盘
611,10:47:58,15.45,-0.01,4,6180,卖盘
612,10:48:06,15.43,-0.02,2,3086,卖盘
613,10:48:31,15.43,0.0,1,1543,卖盘
614,10:48:58,15.43,0.0,1,1543,卖盘
615,10:49:33,15.43,0.0,1,1543,买盘
616,10:49:37,15.42,-0.01,1,1542,卖盘
617,10:49:58,15.42,0.0,4,6168,卖盘
618,10:50:18,15.42,0.0,2,3084,卖盘
619,10:50:46,15.42,0.0,9,13878,卖盘
620,10:50:58,15.42,0.0,5,7710,卖盘
621,10:51:04,15.42,0.0,1,1542,卖盘
622,10:51:15,15.41,-0.01,1,1541,卖盘
623,10:51:33,15.43,0.02,3,4629,买盘
624,10:51:40,15.43,0.0,5,7715,买盘
625,10:51:57,15.41,-0.02,4,6164,卖盘
626,10:52:12,15.43,0.02,4,6168,买盘
627,10:52:40,15.43,0.0,5,7715,买盘
628,10:52:48,15.45,0.02,1,1545,买盘
629,10:52:58,15.46,0.01,1,1546,买盘
630,10:53:04,15.46,0.0,1,1546,卖盘
631,10:53:13,15.46,0.0,5,7730,卖盘
632,10:53:25,15.46,0.0,1,1546,卖盘
633,10:53:34,15.46,0.0,2,3092,卖盘
634,10:53:52,15.47,0.01,10,15470,买盘
635,10:53:57,15.46,-0.01,4,6184,卖盘
636,10:54:12,15.47,0.01,8,12376,买盘
637,10:54:36,15.49,0.02,2,3098,买盘
638,10:54:40,15.49,0.0,4,6196,买盘
639,10:54:46,15.5,0.01,7,10850,买盘
640,10:54:49,15.5,0.0,2,3100,买盘
641,10:54:52,15.5,0.0,5,7747,买盘
642,10:54:54,15.5,0.0,3,4650,买盘
643,10:54:57,15.5,0.0,5,7750,买盘
644,10:55:01,15.52,0.02,55,85296,买盘
645,10:55:13,15.52,0.0,55,85360,买盘
646,10:55:16,15.53,0.01,10,15530,买盘
647,10:55:31,15.55,0.02,28,43540,买盘
648,10:55:43,15.55,0.0,2,3110,买盘
649,10:56:07,15.55,0.0,10,15550,买盘
650,10:56:09,15.54,-0.01,1,1554,卖盘
651,10:56:13,15.54,0.0,5,7770,卖盘
652,10:56:31,15.54,0.0,2,3108,卖盘
653,10:56:43,15.55,0.01,1,1555,买盘
654,10:56:57,15.54,-0.01,3,4662,卖盘
655,10:57:04,15.53,-0.01,3,4659,卖盘
656,10:57:07,15.52,-0.01,1,1552,卖盘
657,10:57:34,15.52,0.0,2,3104,卖盘
658,10:57:58,15.52,0.0,3,4656,卖盘
659,10:58:01,15.52,0.0,28,43456,卖盘
660,10:58:24,15.51,-0.01,1,1551,买盘
661,10:58:27,15.47,-0.04,28,43316,卖盘
662,10:58:36,15.46,-0.01,1,1546,卖盘
663,10:58:42,15.43,-0.03,4,6178,卖盘
664,10:58:52,15.43,0.0,2,3086,卖盘
665,10:58:57,15.45,0.02,3,4635,卖盘
666,10:59:04,15.45,0.0,2,3090,卖盘
667,10:59:18,15.46,0.01,5,7730,买盘
668,10:59:34,15.46,0.0,1,1546,买盘
669,10:59:40,15.46,0.0,2,3092,买盘
670,10:59:55,15.46,0.0,4,6184,卖盘
671,10:59:57,15.47,0.01,1,1547,买盘
672,11:00:09,15.46,-0.01,4,6184,卖盘
673,11:00:58,15.46,0.0,3,4638,卖盘
674,11:01:04,15.46,0.0,4,6184,卖盘
675,11:01:57,15.43,-0.03,3,4629,卖盘
676,11:02:21,15.43,0.0,5,7718,卖盘
677,11:02:33,15.45,0.02,4,6180,买盘
678,11:02:49,15.45,0.0,1,1545,买盘
679,11:02:57,15.43,-0.02,1,1543,卖盘
680,11:03:37,15.44,0.01,1,1544,卖盘
681,11:03:52,15.44,0.0,2,3088,买盘
682,11:03:57,15.44,0.0,3,4632,卖盘
683,11:04:58,15.43,-0.01,3,4629,卖盘
684,11:05:21,15.45,0.02,5,7725,买盘
685,11:05:27,15.45,0.0,2,3090,买盘
686,11:05:37,15.45,0.0,1,1545,买盘
687,11:05:58,15.45,0.0,3,4635,卖盘
688,11:06:25,15.45,0.0,1,1545,卖盘
689,11:06:46,15.45,0.0,17,26268,卖盘
690,11:06:58,15.45,0.0,3,4635,卖盘
691,11:07:58,15.45,0.0,3,4635,卖盘
692,11:08:33,15.45,0.0,10,15450,卖盘
693,11:08:36,15.45,0.0,3,4635,卖盘
694,11:08:40,15.45,0.0,44,67980,卖盘
695,11:08:43,15.43,-0.02,6,9258,卖盘
696,11:08:46,15.42,-0.01,3,4626,卖盘
697,11:08:57,15.42,0.0,3,4626,卖盘
698,11:09:07,15.43,0.01,6,9258,买盘
699,11:09:12,15.42,-0.01,1,1542,卖盘
700,11:09:33,15.42,0.0,2,3084,卖盘
701,11:09:58,15.42,0.0,3,4626,卖盘
702,11:10:22,15.47,0.05,39,60312,买盘
703,11:10:37,15.47,0.0,5,7735,买盘
704,11:10:46,15.47,0.0,2,3094,买盘
705,11:11:13,15.45,-0.02,39,60255,卖盘
706,11:11:24,15.4,-0.05,87,134139,卖盘
707,11:11:31,15.39,-0.01,2,3078,卖盘
708,11:11:39,15.4,0.01,18,27720,买盘
709,11:11:52,15.37,-0.03,47,72290,卖盘
710,11:11:57,15.36,-0.01,2,3072,卖盘
711,11:12:31,15.38,0.02,6,9228,买盘
712,11:12:43,15.38,0.0,11,16918,卖盘
713,11:13:13,15.39,0.01,13,20007,卖盘
714,11:13:21,15.39,0.0,21,32319,卖盘
715,11:13:31,15.39,0.0,16,24629,卖盘
716,11:13:45,15.39,0.0,1,1539,卖盘
717,11:13:48,15.4,0.01,39,60060,买盘
718,11:13:52,15.4,0.0,30,46200,买盘
719,11:13:57,15.39,-0.01,3,4617,卖盘
720,11:14:24,15.39,0.0,9,13851,卖盘
721,11:14:33,15.39,0.0,7,10773,卖盘
722,11:14:57,15.38,-0.01,3,4614,卖盘
723,11:15:09,15.38,0.0,4,6152,卖盘
724,11:15:12,15.38,0.0,3,4614,卖盘
725,11:15:18,15.39,0.01,39,60021,买盘
726,11:15:21,15.38,-0.01,12,18456,卖盘
727,11:15:57,15.36,-0.02,2,3072,卖盘
728,11:16:54,15.35,-0.01,6,9213,卖盘
729,11:17:00,15.35,0.0,30,46050,卖盘
730,11:17:13,15.36,0.01,1,1536,买盘
731,11:17:34,15.33,-0.03,10,15336,卖盘
732,11:17:49,15.31,-0.02,23,35213,卖盘
733,11:17:57,15.31,0.0,26,39806,卖盘
734,11:18:06,15.3,-0.01,10,15309,卖盘
735,11:18:10,15.3,0.0,24,36720,卖盘
736,11:18:27,15.3,0.0,31,47446,卖盘
737,11:18:39,15.29,-0.01,23,35160,卖盘
738,11:18:42,15.29,0.0,1,1529,买盘
739,11:18:46,15.25,-0.04,30,45805,卖盘
740,11:18:55,15.24,-0.01,19,28968,卖盘
741,11:18:58,15.25,0.01,14,21354,中性盘
742,11:19:13,15.22,-0.03,31,47240,卖盘
743,11:19:16,15.29,0.07,1,1529,中性盘
744,11:19:18,15.28,-0.01,10,15280,买盘
745,11:19:22,15.28,0.0,47,71670,买盘
746,11:19:28,15.21,-0.07,59,89771,卖盘
747,11:19:30,15.22,0.01,13,19786,卖盘
748,11:19:33,15.21,-0.01,44,66928,卖盘
749,11:19:42,15.21,0.0,31,47151,卖盘
750,11:19:48,15.21,0.0,56,85170,卖盘
751,11:19:51,15.2,-0.01,41,62320,卖盘
752,11:19:54,15.2,0.0,5,7600,卖盘
753,11:19:57,15.2,0.0,1,1520,卖盘
754,11:20:01,15.2,0.0,1,1520,买盘
755,11:20:04,15.18,-0.02,20,30360,卖盘
756,11:20:10,15.18,0.0,23,34914,卖盘
757,11:20:13,15.2,0.02,8,12160,买盘
758,11:20:21,15.21,0.01,10,15210,买盘
759,11:20:25,15.21,0.0,16,24330,买盘
760,11:20:28,15.21,0.0,46,69935,买盘
761,11:20:33,15.21,0.0,9,13689,买盘
762,11:20:37,15.21,0.0,1,1521,买盘
763,11:20:40,15.19,-0.02,168,255199,卖盘
764,11:20:42,15.21,0.02,10,15204,买盘
765,11:20:49,15.18,-0.03,30,45560,卖盘
766,11:20:52,15.21,0.03,5,7605,买盘
767,11:21:01,15.21,0.0,2,3042,买盘
768,11:21:19,15.3,0.09,39,59665,买盘
769,11:21:22,15.24,-0.06,2,3048,中性盘
770,11:21:27,15.24,0.0,12,18288,买盘
771,11:21:36,15.21,-0.03,41,62366,卖盘
772,11:21:49,15.23,0.02,10,15230,买盘
773,11:21:55,15.23,0.0,2,3046,买盘
774,11:21:57,15.18,-0.05,87,132251,卖盘
775,11:22:25,15.22,0.04,40,60874,买盘
776,11:22:34,15.2,-0.02,32,48639,买盘
777,11:22:40,15.2,0.0,61,92720,卖盘
778,11:22:43,15.2,0.0,77,117040,卖盘
779,11:22:49,15.2,0.0,3,4560,买盘
780,11:23:12,15.2,0.0,5,7600,买盘
781,11:23:15,15.2,0.0,1,1520,买盘
782,11:23:21,15.18,-0.02,35,53144,卖盘
783,11:23:24,15.2,0.02,31,47120,买盘
784,11:23:31,15.22,0.02,60,91280,买盘
785,11:23:37,15.2,-0.02,30,45600,卖盘
786,11:23:42,15.2,0.0,39,59280,卖盘
787,11:23:45,15.22,0.02,6,9128,买盘
788,11:23:57,15.2,-0.02,21,31920,买盘
789,11:24:01,15.2,0.0,8,12148,买盘
790,11:24:12,15.2,0.0,4,6080,买盘
791,11:24:48,15.19,-0.01,14,21266,买盘
792,11:24:52,15.2,0.01,40,60800,买盘
793,11:25:01,15.2,0.0,29,44080,买盘
794,11:25:09,15.21,0.01,49,74488,买盘
795,11:25:18,15.2,-0.01,60,91253,卖盘
796,11:25:22,15.2,0.0,48,72985,卖盘
797,11:25:25,15.2,0.0,11,16720,买盘
798,11:25:27,15.22,0.02,30,45622,买盘
799,11:25:31,15.22,0.0,9,13698,买盘
800,11:25:34,15.21,-0.01,14,21302,卖盘
801,11:25:37,15.21,0.0,9,13689,买盘
802,11:25:40,15.21,0.0,20,30420,买盘
803,11:25:54,15.21,0.0,34,51710,买盘
804,11:25:57,15.2,-0.01,37,56298,卖盘
805,11:26:04,15.21,0.01,4,6084,中性盘
806,11:26:09,15.22,0.01,3,4566,买盘
807,11:26:13,15.2,-0.02,41,62329,卖盘
808,11:26:19,15.19,-0.01,14,21267,卖盘
809,11:26:22,15.19,0.0,11,16709,卖盘
810,11:26:24,15.18,-0.01,21,31884,卖盘
811,11:26:27,15.18,0.0,18,27324,卖盘
812,11:26:30,15.18,0.0,4,6072,卖盘
813,11:26:33,15.17,-0.01,16,24272,卖盘
814,11:26:36,15.16,-0.01,14,21224,卖盘
815,11:26:40,15.16,0.0,41,62117,买盘
816,11:26:42,15.15,-0.01,3,4545,卖盘
817,11:26:46,15.14,-0.01,5,7570,卖盘
818,11:26:54,15.13,-0.01,26,39338,卖盘
819,11:26:57,15.12,-0.01,3,4536,卖盘
820,11:27:04,15.13,0.01,1,1513,买盘
821,11:27:06,15.13,0.0,8,12104,买盘
822,11:27:19,15.14,0.01,36,54473,买盘
823,11:27:22,15.12,-0.02,41,62000,卖盘
824,11:27:28,15.12,0.0,201,303957,卖盘
825,11:27:31,15.14,0.02,5,7570,中性盘
826,11:27:33,15.15,0.01,7,10605,买盘
827,11:27:40,15.16,0.01,19,28804,卖盘
828,11:27:42,15.14,-0.02,5,7573,卖盘
829,11:27:54,15.15,0.01,2,3030,卖盘
830,11:28:01,15.15,0.0,15,22735,卖盘
831,11:28:04,15.15,0.0,1,1515,买盘
832,11:28:06,15.13,-0.02,41,62071,卖盘
833,11:28:13,15.12,-0.01,33,49900,卖盘
834,11:28:15,15.11,-0.01,61,92200,卖盘
835,11:28:25,15.1,-0.01,31,46820,卖盘
836,11:28:36,15.1,0.0,1,1510,买盘
837,11:28:39,15.05,-0.05,41,61750,卖盘
838,11:28:51,15.02,-0.03,141,211877,卖盘
839,11:28:58,15.02,0.0,3,4506,卖盘
840,11:29:12,15.02,0.0,53,79649,卖盘
841,11:29:15,15.05,0.03,18,27075,买盘
842,11:29:18,15.09,0.04,82,123187,买盘
843,11:29:25,15.01,-0.08,174,261152,卖盘
844,11:29:33,15.0,-0.01,93,139577,卖盘
845,11:29:39,15.0,0.0,22,33000,卖盘
846,11:29:42,15.0,0.0,25,37506,卖盘
847,11:29:45,14.99,-0.01,20,29990,卖盘
848,11:29:48,14.98,-0.01,32,47967,卖盘
849,11:29:51,14.96,-0.02,33,49477,卖盘
850,11:29:54,14.95,-0.01,2,2990,中性盘
851,11:29:57,14.97,0.02,20,29917,买盘
852,11:30:01,14.9,-0.07,4,5976,卖盘
853,13:00:01,14.99,0.09,2,2998,买盘
854,13:00:04,14.98,-0.01,131,195594,中性盘
855,13:00:07,14.98,0.0,5,7490,买盘
856,13:00:09,14.99,0.01,60,89887,买盘
857,13:00:12,15.0,0.01,7,10500,买盘
858,13:00:15,15.02,0.02,3,4506,买盘
859,13:00:19,15.02,0.0,1,1502,买盘
860,13:00:21,15.06,0.04,7,10542,买盘
861,13:00:24,15.09,0.03,4,6036,买盘
862,13:00:30,15.09,0.0,3,4527,卖盘
863,13:00:33,15.09,0.0,3,4527,卖盘
864,13:00:36,15.09,0.0,5,7545,卖盘
865,13:00:48,15.0,-0.09,30,45026,卖盘
866,13:01:00,14.91,-0.09,57,85029,卖盘
867,13:01:03,14.9,-0.01,69,102896,卖盘
868,13:01:09,14.9,0.0,32,47707,卖盘
869,13:01:13,14.97,0.07,46,68547,买盘
870,13:01:15,14.9,-0.07,66,98340,卖盘
871,13:01:27,14.97,0.07,1,1497,买盘
872,13:01:57,14.97,0.0,79,118233,卖盘
873,13:02:00,14.9,-0.07,66,98539,卖盘
874,13:02:04,14.97,0.07,2,2994,买盘
875,13:02:07,14.97,0.0,1,1497,买盘
876,13:02:12,14.91,-0.06,29,43275,卖盘
877,13:02:15,14.9,-0.01,190,282624,卖盘
878,13:02:21,14.9,0.0,11,16390,买盘
879,13:02:24,14.9,0.0,31,46170,买盘
880,13:02:30,14.9,0.0,66,98340,卖盘
881,13:02:37,14.9,0.0,5,7456,卖盘
882,13:02:42,14.9,0.0,21,31290,买盘
883,13:02:46,14.9,0.0,5,7450,买盘
884,13:02:52,14.9,0.0,6,8940,买盘
885,13:02:58,14.89,-0.01,2,2978,卖盘
886,13:03:04,14.9,0.01,2,2980,买盘
887,13:03:06,14.84,-0.06,31,46109,卖盘
888,13:03:12,14.84,0.0,2,2968,卖盘
889,13:03:15,14.9,0.06,6,8940,买盘
890,13:03:18,14.85,-0.05,30,44604,卖盘
891,13:03:28,14.9,0.05,66,98340,买盘
892,13:03:31,14.82,-0.08,309,458717,卖盘
893,13:03:34,14.9,0.08,4,5960,买盘
894,13:03:36,14.9,0.0,1,1490,中性盘
895,13:03:40,14.85,-0.05,3,4455,买盘
896,13:03:46,14.85,0.0,11,16342,卖盘
897,13:03:55,14.83,-0.02,13,19279,卖盘
898,13:04:01,14.9,0.07,44,65294,买盘
899,13:04:04,14.86,-0.04,3,4458,买盘
900,13:04:12,14.9,0.04,2,2980,买盘
901,13:04:15,14.88,-0.02,12,17879,卖盘
902,13:04:39,14.97,0.09,5,7485,买盘
903,13:04:42,15.08,0.11,20,30039,买盘
904,13:05:21,14.92,-0.16,3,4490,卖盘
905,13:05:42,14.91,-0.01,20,29835,卖盘
906,13:06:04,14.98,0.07,7,10486,买盘
907,13:06:28,14.93,-0.05,28,41804,卖盘
908,13:06:36,14.93,0.0,5,7465,卖盘
909,13:06:45,14.93,0.0,17,25381,卖盘
910,13:06:48,14.92,-0.01,17,25364,卖盘
911,13:07:00,14.93,0.01,9,13437,买盘
912,13:07:04,14.93,0.0,5,7465,买盘
913,13:07:12,14.93,0.0,29,43297,买盘
914,13:07:15,14.92,-0.01,100,149268,卖盘
915,13:07:28,14.92,0.0,7,10445,卖盘
916,13:07:48,14.93,0.01,9,13437,卖盘
917,13:07:54,14.93,0.0,36,53748,买盘
918,13:07:58,14.93,0.0,23,34339,买盘
919,13:08:01,14.95,0.02,13,19435,买盘
920,13:08:12,14.95,0.0,14,20930,买盘
921,13:08:15,14.95,0.0,3,4485,买盘
922,13:08:24,14.98,0.03,17,25466,卖盘
923,13:08:51,14.98,0.0,5,7490,买盘
924,13:09:04,14.95,-0.03,1,1495,卖盘
925,13:09:09,14.98,0.03,2,2996,买盘
926,13:09:25,15.0,0.02,81,121370,买盘
927,13:09:37,14.98,-0.02,9,13482,买盘
928,13:09:39,14.98,0.0,10,14980,买盘
929,13:09:54,15.03,0.05,100,150003,买盘
930,13:10:40,15.02,-0.01,4,6008,买盘
931,13:10:45,14.99,-0.03,1,1499,卖盘
932,13:11:00,14.99,0.0,5,7495,卖盘
933,13:11:27,14.97,-0.02,33,49442,卖盘
934,13:11:45,15.0,0.03,1,1500,卖盘
935,13:12:13,15.02,0.02,30,45060,买盘
936,13:12:16,15.02,0.0,5,7510,买盘
937,13:12:30,15.02,0.0,2,3004,买盘
938,13:13:19,15.02,0.0,2,3005,卖盘
939,13:13:30,15.07,0.05,4,6016,买盘
940,13:13:51,15.07,0.0,7,10549,买盘
941,13:14:16,15.02,-0.05,4,6008,卖盘
942,13:14:42,14.99,-0.03,14,20986,卖盘
943,13:15:24,14.99,0.0,25,37475,卖盘
944,13:15:28,14.99,0.0,3,4497,卖盘
945,13:15:31,15.02,0.03,4,6008,买盘
946,13:15:40,15.02,0.0,2,3004,买盘
947,13:15:46,15.03,0.01,15,22545,买盘
948,13:15:51,15.03,0.0,3,4509,卖盘
949,13:16:34,15.03,0.0,30,45090,卖盘
950,13:16:49,15.03,0.0,9,13527,卖盘
951,13:16:52,15.04,0.01,30,45120,买盘
952,13:16:57,15.03,-0.01,1,1503,卖盘
953,13:17:13,15.03,0.0,16,24048,买盘
954,13:17:19,15.02,-0.01,18,27036,卖盘
955,13:17:28,15.02,0.0,2,3004,买盘
956,13:17:43,15.02,0.0,5,7510,卖盘
957,13:17:49,15.02,0.0,1,1502,买盘
958,13:17:52,15.03,0.01,9,13525,买盘
959,13:18:04,15.02,-0.01,2,3004,买盘
960,13:18:06,15.02,0.0,1,1502,买盘
961,13:18:19,15.02,0.0,7,10514,买盘
962,13:18:30,15.02,0.0,6,9012,卖盘
963,13:18:36,15.02,0.0,8,12016,卖盘
964,13:18:51,14.99,-0.03,126,188900,卖盘
965,13:18:58,14.99,0.0,1,1499,买盘
966,13:19:15,14.98,-0.01,22,32956,卖盘
967,13:19:22,15.0,0.02,41,61456,买盘
968,13:20:04,15.01,0.01,8,12001,买盘
969,13:20:06,15.0,-0.01,8,12000,卖盘
970,13:20:22,14.98,-0.02,1,1498,卖盘
971,13:20:37,14.97,-0.01,7,10483,卖盘
972,13:20:46,14.97,0.0,20,29940,卖盘
973,13:21:10,14.97,0.0,4,5988,卖盘
974,13:21:13,14.97,0.0,30,44910,卖盘
975,13:21:16,14.97,0.0,1,1497,卖盘
976,13:21:18,14.95,-0.02,193,288567,卖盘
977,13:21:37,14.97,0.02,7,10479,卖盘
978,13:21:55,14.95,-0.02,18,26910,卖盘
979,13:22:09,15.01,0.06,10,14995,买盘
980,13:22:19,14.94,-0.07,4,5976,卖盘
981,13:23:16,14.98,0.04,50,74900,买盘
982,13:23:30,14.99,0.01,2,2998,买盘
983,13:23:34,14.99,0.0,1,1499,买盘
984,13:23:36,14.99,0.0,34,50966,买盘
985,13:23:49,14.99,0.0,2,2998,买盘
986,13:23:52,14.99,0.0,6,8994,买盘
987,13:23:55,15.0,0.01,4,6000,买盘
988,13:23:58,15.0,0.0,3,4500,买盘
989,13:24:01,15.0,0.0,40,60000,买盘
990,13:24:18,15.0,0.0,7,10500,买盘
991,13:24:34,15.0,0.0,1,1500,买盘
992,13:24:40,14.99,-0.01,7,10493,卖盘
993,13:24:49,15.0,0.01,12,18000,买盘
994,13:25:01,15.0,0.0,94,141000,买盘
995,13:25:07,15.0,0.0,6,9000,卖盘
996,13:25:19,15.01,0.01,1,1501,买盘
997,13:25:22,15.0,-0.01,1,1500,卖盘
998,13:25:25,15.01,0.01,3,4503,买盘
999,13:25:34,15.0,-0.01,1,1500,卖盘
1000,13:25:49,15.01,0.01,14,21002,买盘
1001,13:26:07,15.01,0.0,1,1501,买盘
1002,13:26:19,15.01,0.0,2,3002,买盘
1003,13:26:22,15.01,0.0,2,3002,买盘
1004,13:26:34,15.0,-0.01,1,1500,卖盘
1005,13:26:49,15.0,0.0,94,141001,卖盘
1006,13:26:51,15.0,0.0,33,49500,卖盘
1007,13:27:06,14.98,-0.02,28,41966,卖盘
1008,13:27:10,14.97,-0.01,4,5988,卖盘
1009,13:27:45,14.97,0.0,9,13478,卖盘
1010,13:27:49,14.95,-0.02,12,17951,卖盘
1011,13:28:10,14.96,0.01,100,149600,买盘
1012,13:28:12,14.96,0.0,5,7480,买盘
1013,13:28:15,14.96,0.0,2,2992,买盘
1014,13:28:25,14.95,-0.01,31,46352,卖盘
1015,13:28:28,14.97,0.02,4,5988,买盘
1016,13:28:55,14.99,0.02,10,14990,买盘
1017,13:29:46,14.99,0.0,2,2998,买盘
1018,13:30:09,14.98,-0.01,2,2996,卖盘
1019,13:31:01,14.98,0.0,2,2996,卖盘
1020,13:31:07,14.98,0.0,1,1498,卖盘
1021,13:31:33,14.99,0.01,5,7495,买盘
1022,13:31:49,14.99,0.0,4,5996,买盘
1023,13:32:18,14.99,0.0,1,1499,买盘
1024,13:32:30,14.98,-0.01,23,34454,卖盘
1025,13:32:45,14.99,0.01,5,7495,买盘
1026,13:33:13,14.98,-0.01,15,22470,卖盘
1027,13:33:25,14.98,0.0,34,50932,卖盘
1028,13:34:18,14.96,-0.02,16,23947,卖盘
1029,13:35:00,14.97,0.01,7,10479,卖盘
1030,13:35:06,14.96,-0.01,11,16456,卖盘
1031,13:35:19,14.96,0.0,4,5984,买盘
1032,13:35:30,14.96,0.0,14,20940,买盘
1033,13:35:33,14.96,0.0,1,1496,买盘
1034,13:35:43,14.96,0.0,40,59810,买盘
1035,13:35:46,14.96,0.0,2,2992,买盘
1036,13:35:49,14.95,-0.01,9,13455,卖盘
1037,13:35:52,14.96,0.01,1,1496,买盘
1038,13:36:46,14.95,-0.01,1,1495,卖盘
1039,13:37:04,14.96,0.01,4,5984,买盘
1040,13:37:10,14.97,0.01,3,4491,买盘
1041,13:37:12,14.96,-0.01,2,2993,卖盘
1042,13:37:33,14.98,0.02,2,2996,买盘
1043,13:37:58,14.99,0.01,1,1499,买盘
1044,13:38:04,14.99,0.0,33,49467,买盘
1045,13:38:07,14.98,-0.01,67,100398,卖盘
1046,13:38:19,14.99,0.01,19,28498,卖盘
1047,13:38:21,15.0,0.01,6,9000,买盘
1048,13:38:25,15.0,0.0,3,4500,买盘
1049,13:38:27,15.0,0.0,3,4500,买盘
1050,13:38:43,15.0,0.0,14,21000,买盘
1051,13:38:52,15.02,0.02,1,1502,买盘
1052,13:39:00,15.02,0.01,1,1502,买盘
1053,13:39:04,15.02,0.0,2,3004,买盘
1054,13:39:16,15.01,-0.01,10,15010,卖盘
1055,13:39:19,15.02,0.01,5,7510,买盘
1056,13:39:25,15.01,-0.01,38,56288,卖盘
1057,13:39:40,15.0,-0.01,50,75000,卖盘
1058,13:40:07,15.01,0.01,16,24016,买盘
1059,13:40:10,15.0,-0.01,6,9000,卖盘
1060,13:40:19,15.01,0.01,1,1501,买盘
1061,13:40:21,15.01,0.0,2,3002,买盘
1062,13:40:27,15.0,-0.01,3,4500,卖盘
1063,13:40:34,15.01,0.01,1,1501,买盘
1064,13:40:49,15.0,-0.01,13,19500,卖盘
1065,13:41:04,15.01,0.01,1,1501,买盘
1066,13:41:09,15.0,-0.01,68,102000,卖盘
1067,13:41:12,15.0,0.0,24,36000,卖盘
1068,13:41:16,15.0,0.0,3,4500,卖盘
1069,13:41:22,14.99,-0.01,1,1499,卖盘
1070,13:42:13,14.99,0.0,26,38974,卖盘
1071,13:43:16,14.99,0.0,12,17988,买盘
1072,13:43:25,14.99,0.0,3,4497,买盘
1073,13:43:28,14.99,0.0,3,4497,买盘
1074,13:43:40,14.98,-0.01,10,14980,卖盘
1075,13:43:46,14.98,0.0,25,37450,卖盘
1076,13:43:58,14.98,0.0,19,28462,买盘
1077,13:44:19,14.98,0.0,1,1498,卖盘
1078,13:44:36,14.99,0.01,27,41222,买盘
1079,13:45:04,15.0,0.01,40,60000,买盘
1080,13:45:09,14.99,-0.01,2,2998,卖盘
1081,13:45:31,14.99,0.0,2,2998,卖盘
1082,13:45:33,14.99,0.0,1,1499,卖盘
1083,13:46:01,14.99,0.0,2,2998,卖盘
1084,13:46:07,14.99,0.0,30,44970,卖盘
1085,13:47:06,14.98,-0.01,1,1498,卖盘
1086,13:47:36,14.98,0.0,1,1498,卖盘
1087,13:47:48,14.99,0.01,4,5996,买盘
1088,13:48:16,14.99,0.0,2,2998,买盘
1089,13:48:30,14.98,-0.01,50,74900,卖盘
1090,13:48:51,14.99,0.01,10,14990,买盘
1091,13:49:09,14.98,-0.01,12,17976,卖盘
1092,13:50:06,14.98,0.0,13,19474,卖盘
1093,13:50:27,14.98,0.0,5,7490,买盘
1094,13:50:31,14.97,-0.01,3,4491,卖盘
1095,13:50:45,14.98,0.01,1,1498,买盘
1096,13:50:58,14.98,0.0,5,7490,买盘
1097,13:51:01,14.97,-0.01,16,23952,卖盘
1098,13:51:04,14.97,0.0,1,1497,买盘
1099,13:51:22,14.96,-0.01,7,10472,卖盘
1100,13:51:30,14.96,0.0,8,11968,卖盘
1101,13:51:54,14.95,-0.01,76,113620,卖盘
1102,13:52:04,14.95,0.0,7,10462,买盘
1103,13:52:10,14.94,-0.01,1,1494,卖盘
1104,13:52:13,14.94,0.0,3,4482,卖盘
1105,13:52:24,14.9,-0.04,162,241556,卖盘
1106,13:52:30,14.87,-0.03,60,89276,卖盘
1107,13:52:43,14.92,0.05,37,55132,买盘
1108,13:52:45,14.9,-0.02,26,38740,卖盘
1109,13:52:51,14.9,0.0,82,122188,卖盘
1110,13:52:55,14.92,0.02,73,108585,买盘
1111,13:53:01,14.9,-0.02,2,2980,买盘
1112,13:53:04,14.82,-0.08,56,83093,卖盘
1113,13:53:12,14.89,0.07,3,4467,买盘
1114,13:53:15,14.86,-0.03,45,66876,卖盘
1115,13:53:30,14.85,-0.01,90,133014,卖盘
1116,13:53:54,14.85,0.0,48,71317,卖盘
1117,13:54:07,14.83,-0.02,48,71282,卖盘
1118,13:54:10,14.86,0.03,8,11888,卖盘
1119,13:54:12,14.88,0.02,14,20832,买盘
1120,13:54:15,14.82,-0.06,48,71150,卖盘
1121,13:54:22,14.82,0.0,49,72620,卖盘
1122,13:54:27,14.88,0.06,10,14880,买盘
1123,13:54:42,14.88,0.0,6,8928,买盘
1124,13:54:52,14.82,-0.06,40,59312,卖盘
1125,13:55:01,14.82,0.0,31,45960,卖盘
1126,13:55:36,14.84,0.02,1,1484,卖盘
1127,13:55:46,14.88,0.04,8,11904,买盘
1128,13:56:15,14.85,-0.03,2,2970,卖盘
1129,13:56:18,14.85,0.0,5,7425,卖盘
1130,13:56:21,14.85,0.0,19,28215,卖盘
1131,13:56:24,14.85,0.0,8,11880,买盘
1132,13:56:28,14.85,0.0,1,1485,买盘
1133,13:56:30,14.85,0.0,1,1485,买盘
1134,13:56:39,14.83,-0.02,42,62310,卖盘
1135,13:56:57,14.84,0.01,9,13356,卖盘
1136,13:57:07,14.83,-0.01,19,28177,卖盘
1137,13:57:16,14.83,0.0,2,2966,卖盘
1138,13:57:21,14.84,0.01,14,20776,买盘
1139,13:57:33,14.85,0.01,59,87592,买盘
1140,13:57:49,14.88,0.03,40,59520,买盘
1141,13:57:52,14.85,-0.03,13,19305,卖盘
1142,13:58:13,14.85,0.0,22,32670,卖盘
1143,13:58:22,14.9,0.05,40,59524,买盘
1144,13:58:25,14.88,-0.02,5,7440,卖盘
1145,13:58:28,14.88,0.0,4,5952,卖盘
1146,13:58:57,14.9,0.02,1,1490,买盘
1147,13:59:01,14.89,-0.01,18,26802,卖盘
1148,13:59:16,14.89,0.0,1,1489,买盘
1149,13:59:34,14.9,0.01,4,5960,买盘
1150,14:00:09,14.9,0.0,2,2980,卖盘
1151,14:00:27,14.91,0.01,1,1491,中性盘
1152,14:00:40,14.94,0.03,2,2988,买盘
1153,14:00:55,14.94,0.0,5,7466,买盘
1154,14:01:00,14.9,-0.04,2,2980,卖盘
1155,14:01:06,14.9,0.0,1,1490,卖盘
1156,14:01:48,14.94,0.04,1,1494,买盘
1157,14:02:00,14.93,-0.01,5,7465,中性盘
1158,14:02:19,14.93,0.0,17,25381,买盘
1159,14:02:28,14.91,-0.02,5,7455,卖盘
1160,14:02:33,14.91,0.0,1,1491,卖盘
1161,14:02:55,14.91,0.0,23,34293,卖盘
1162,14:02:58,14.91,0.0,1,1491,买盘
1163,14:03:06,14.91,0.0,11,16401,买盘
1164,14:03:25,14.9,-0.01,50,74500,卖盘
1165,14:03:31,14.9,0.0,102,151980,卖盘
1166,14:03:33,14.9,0.0,48,71520,卖盘
1167,14:03:57,14.89,-0.01,5,7445,卖盘
1168,14:04:00,14.89,0.0,2,2978,卖盘
1169,14:04:04,14.89,0.0,1,1489,卖盘
1170,14:04:07,14.89,0.0,1,1489,卖盘
1171,14:04:10,14.89,0.0,8,11912,卖盘
1172,14:04:27,14.88,-0.01,12,17856,卖盘
1173,14:04:55,14.86,-0.02,2,2972,卖盘
1174,14:05:12,14.83,-0.03,87,129150,卖盘
1175,14:05:22,14.89,0.06,1,1489,买盘
1176,14:05:28,14.89,0.0,1,1489,买盘
1177,14:05:30,14.86,-0.03,1,1486,卖盘
1178,14:05:43,14.86,0.0,3,4458,卖盘
1179,14:06:19,14.87,0.01,4,5948,卖盘
1180,14:06:21,14.87,0.0,1,1487,卖盘
1181,14:06:25,14.87,0.0,2,2974,买盘
1182,14:06:31,14.86,-0.01,8,11888,卖盘
1183,14:06:37,14.86,0.0,5,7430,卖盘
1184,14:06:49,14.86,0.0,18,26748,卖盘
1185,14:06:52,14.88,0.02,8,11904,买盘
1186,14:07:01,14.89,0.01,8,11911,买盘
1187,14:07:04,14.88,-0.01,3,4464,卖盘
1188,14:07:13,14.88,0.0,2,2976,卖盘
1189,14:07:19,14.88,0.0,1,1488,卖盘
1190,14:07:22,14.89,0.01,1,1489,买盘
1191,14:07:55,14.9,0.01,8,11920,买盘
1192,14:08:30,14.89,-0.01,1,1489,卖盘
1193,14:08:39,14.89,0.0,7,10423,卖盘
1194,14:08:46,14.89,0.0,11,16379,买盘
1195,14:08:57,14.89,0.0,4,5956,卖盘
1196,14:09:58,14.89,0.0,1,1489,卖盘
1197,14:10:07,14.89,0.0,36,53604,卖盘
1198,14:10:12,14.89,0.0,3,4467,卖盘
1199,14:10:21,14.89,0.0,1,1489,买盘
1200,14:10:28,14.88,-0.01,8,11904,卖盘
1201,14:10:48,14.88,0.0,131,194822,卖盘
1202,14:11:15,14.86,-0.02,2,2972,卖盘
1203,14:11:18,14.86,0.0,3,4458,卖盘
1204,14:11:21,14.86,0.0,5,7430,卖盘
1205,14:11:25,14.86,0.0,1,1486,卖盘
1206,14:11:28,14.86,0.0,1,1486,卖盘
1207,14:11:55,14.86,0.0,9,13374,卖盘
1208,14:12:04,14.86,0.0,1,1486,买盘
1209,14:12:12,14.83,-0.03,11,16319,卖盘
1210,14:12:16,14.84,0.01,5,7420,买盘
1211,14:12:19,14.84,0.0,2,2968,卖盘
1212,14:12:25,14.82,-0.02,33,48948,卖盘
1213,14:12:36,14.81,-0.01,45,66672,卖盘
1214,14:12:46,14.81,0.0,18,26666,卖盘
1215,14:12:55,14.81,0.0,42,62203,卖盘
1216,14:12:58,14.81,0.0,1,1481,卖盘
1217,14:13:01,14.85,0.04,5,7425,买盘
1218,14:13:22,14.84,-0.01,20,29680,买盘
1219,14:13:24,14.84,0.0,6,8904,买盘
1220,14:13:30,14.85,0.01,67,99495,买盘
1221,14:13:34,14.85,0.0,15,22275,买盘
1222,14:13:45,14.84,-0.01,1,1484,卖盘
1223,14:13:49,14.84,0.0,8,11872,卖盘
1224,14:13:52,14.84,0.0,3,4452,卖盘
1225,14:14:01,14.84,0.0,25,37100,卖盘
1226,14:14:07,14.84,0.0,1,1484,买盘
1227,14:14:10,14.84,0.0,40,59290,买盘
1228,14:14:28,14.82,-0.02,2,2966,卖盘
1229,14:14:37,14.84,0.02,11,16324,买盘
1230,14:14:46,14.85,0.01,1,1485,买盘
1231,14:14:49,14.85,0.0,5,7425,买盘
1232,14:14:52,14.85,0.0,3,4455,买盘
1233,14:14:55,14.85,0.0,39,57915,买盘
1234,14:15:04,14.85,0.0,4,5940,买盘
1235,14:15:10,14.84,-0.01,2,2968,卖盘
1236,14:15:16,14.85,0.01,3,4455,买盘
1237,14:15:22,14.85,0.0,3,4455,买盘
1238,14:15:33,14.85,0.0,20,29700,买盘
1239,14:15:43,14.85,0.0,1,1485,买盘
1240,14:15:55,14.85,0.0,21,31184,买盘
1241,14:16:01,14.84,-0.01,2,2968,卖盘
1242,14:16:04,14.85,0.01,5,7425,买盘
1243,14:16:07,14.84,-0.01,15,22260,卖盘
1244,14:16:31,14.85,0.01,3,4455,买盘
1245,14:16:39,14.85,0.0,2,2970,买盘
1246,14:16:49,14.86,0.01,11,16341,买盘
1247,14:17:22,14.89,0.03,8,11912,买盘
1248,14:17:46,14.9,0.01,1,1490,买盘
1249,14:17:51,14.9,0.0,2,2980,买盘
1250,14:17:57,14.92,0.02,2,2984,买盘
1251,14:18:00,14.9,-0.02,34,50663,卖盘
1252,14:18:07,14.89,-0.01,21,31279,卖盘
1253,14:18:19,14.9,0.01,1,1490,卖盘
1254,14:18:31,14.9,0.0,17,25330,卖盘
1255,14:18:52,14.93,0.03,50,74619,买盘
1256,14:19:07,14.9,-0.03,1,1490,卖盘
1257,14:19:25,14.9,0.0,69,102810,卖盘
1258,14:19:58,14.95,0.05,1,1495,买盘
1259,14:20:07,14.89,-0.06,8,11918,卖盘
1260,14:20:40,14.9,0.01,1,1490,卖盘
1261,14:21:19,14.94,0.04,17,25389,买盘
1262,14:22:04,14.89,-0.05,3,4467,卖盘
1263,14:22:09,14.9,0.01,7,10430,卖盘
1264,14:22:12,14.89,-0.01,2,2978,卖盘
1265,14:22:19,14.89,0.0,1,1489,卖盘
1266,14:22:21,14.9,0.01,21,31290,中性盘
1267,14:22:51,14.9,0.0,2,2980,中性盘
1268,14:23:04,14.89,-0.01,1,1489,卖盘
1269,14:23:18,14.89,0.0,16,23824,卖盘
1270,14:23:58,14.89,0.0,2,2978,买盘
1271,14:24:19,14.88,-0.01,5,7440,卖盘
1272,14:24:37,14.89,0.01,5,7445,买盘
1273,14:24:40,14.89,0.0,11,16379,买盘
1274,14:24:46,14.89,0.0,2,2978,买盘
1275,14:25:10,14.89,0.0,1,1489,买盘
1276,14:25:27,14.88,-0.01,124,184573,卖盘
1277,14:25:43,14.87,-0.01,4,5948,卖盘
1278,14:26:01,14.87,0.0,5,7435,卖盘
1279,14:26:16,14.87,0.0,1,1487,卖盘
1280,14:26:22,14.87,0.0,1,1487,卖盘
1281,14:26:54,14.88,0.01,36,53568,买盘
1282,14:27:25,14.93,0.05,2,2986,买盘
1283,14:27:52,14.91,-0.02,3,4473,卖盘
1284,14:28:06,14.91,0.0,13,19383,卖盘
1285,14:28:19,14.9,-0.01,5,7450,卖盘
1286,14:28:24,14.91,0.01,9,13419,买盘
1287,14:28:49,14.89,-0.02,1,1489,卖盘
1288,14:28:52,14.89,0.0,5,7445,卖盘
1289,14:28:54,14.88,-0.01,1,1488,卖盘
1290,14:28:57,14.89,0.01,1,1489,买盘
1291,14:29:06,14.89,0.0,5,7445,卖盘
1292,14:29:25,14.89,0.0,27,40203,卖盘
1293,14:29:34,14.89,0.0,1,1489,买盘
1294,14:29:52,14.87,-0.02,45,66949,卖盘
1295,14:29:55,14.87,0.0,12,17844,卖盘
1296,14:30:09,14.87,0.0,3,4461,卖盘
1297,14:30:19,14.87,0.0,18,26766,卖盘
1298,14:30:25,14.84,-0.03,91,135160,卖盘
1299,14:30:40,14.84,0.0,27,40068,卖盘
1300,14:30:51,14.86,0.02,3,4458,买盘
1301,14:31:21,14.85,-0.01,3,4455,买盘
1302,14:31:30,14.85,0.0,1,1485,卖盘
1303,14:31:46,14.85,0.0,2,2970,卖盘
1304,14:31:57,14.85,0.0,1,1485,买盘
1305,14:32:01,14.84,-0.01,8,11872,卖盘
1306,14:32:04,14.84,0.0,4,5936,卖盘
1307,14:32:07,14.84,0.0,37,54908,卖盘
1308,14:32:09,14.84,0.0,1,1484,卖盘
1309,14:32:12,14.84,0.0,1,1484,买盘
1310,14:32:16,14.84,0.0,48,71232,买盘
1311,14:32:31,14.84,0.0,3,4452,买盘
1312,14:32:34,14.84,0.0,2,2968,买盘
1313,14:32:42,14.83,-0.01,46,68218,卖盘
1314,14:32:52,14.83,0.0,50,74150,买盘
1315,14:33:04,14.83,0.0,1,1483,买盘
1316,14:33:19,14.82,-0.01,66,97812,卖盘
1317,14:33:21,14.82,0.0,5,7410,买盘
1318,14:33:37,14.82,0.0,10,14820,买盘
1319,14:33:51,14.82,0.0,8,11856,卖盘
1320,14:33:58,14.83,0.01,4,5932,买盘
1321,14:34:01,14.81,-0.02,11,16292,卖盘
1322,14:34:04,14.82,0.01,2,2964,中性盘
1323,14:34:10,14.81,-0.01,6,8886,卖盘
1324,14:34:19,14.81,0.0,7,10368,卖盘
1325,14:34:21,14.83,0.02,2,2966,买盘
1326,14:34:31,14.83,0.0,1,1483,买盘
1327,14:34:37,14.83,0.0,1,1483,买盘
1328,14:34:39,14.81,-0.02,24,35551,卖盘
1329,14:35:04,14.82,0.01,4,5928,卖盘
1330,14:35:10,14.82,0.0,33,48906,卖盘
1331,14:35:18,14.83,0.01,30,44477,买盘
1332,14:35:27,14.82,-0.01,23,34088,卖盘
1333,14:35:40,14.81,-0.01,2,2962,卖盘
1334,14:35:43,14.82,0.01,16,23712,买盘
1335,14:35:49,14.82,0.0,24,35568,买盘
1336,14:35:57,14.83,0.01,13,19278,买盘
1337,14:36:04,14.83,0.0,23,34099,卖盘
1338,14:36:22,14.83,0.0,3,4449,卖盘
1339,14:36:40,14.83,0.0,5,7415,买盘
1340,14:36:42,14.83,0.0,1,1483,卖盘
1341,14:37:04,14.83,0.0,4,5932,卖盘
1342,14:37:13,14.83,0.0,1,1483,卖盘
1343,14:37:18,14.83,0.0,1,1483,卖盘
1344,14:37:37,14.84,0.01,30,44502,买盘
1345,14:37:40,14.84,0.0,11,16324,买盘
1346,14:37:43,14.84,0.0,12,17808,买盘
1347,14:37:58,14.84,0.0,5,7420,卖盘
1348,14:38:01,14.84,0.0,10,14840,卖盘
1349,14:38:04,14.84,0.0,5,7420,卖盘
1350,14:38:07,14.85,0.01,5,7425,买盘
1351,14:38:22,14.85,0.0,18,26730,卖盘
1352,14:38:31,14.85,0.0,50,74250,买盘
1353,14:38:36,14.84,-0.01,5,7420,卖盘
1354,14:38:49,14.84,0.0,11,16324,卖盘
1355,14:39:10,14.84,0.0,15,22260,买盘
1356,14:39:22,14.83,-0.01,10,14830,卖盘
1357,14:39:25,14.83,0.0,2,2966,卖盘
1358,14:39:30,14.83,0.0,1,1483,卖盘
1359,14:39:33,14.83,0.0,10,14830,卖盘
1360,14:39:46,14.83,0.0,39,57837,卖盘
1361,14:39:52,14.83,0.0,19,28177,买盘
1362,14:40:00,14.83,0.0,8,11864,卖盘
1363,14:40:04,14.83,0.0,1,1483,买盘
1364,14:40:06,14.82,-0.01,35,51870,卖盘
1365,14:40:10,14.82,0.0,4,5929,卖盘
1366,14:40:13,14.82,0.0,1,1482,卖盘
1367,14:40:16,14.82,0.0,25,37050,卖盘
1368,14:40:19,14.82,0.0,27,40014,买盘
1369,14:40:22,14.82,0.0,3,4446,买盘
1370,14:40:34,14.83,0.01,28,41524,买盘
1371,14:40:36,14.82,-0.01,51,75582,卖盘
1372,14:40:42,14.82,0.0,2,2964,卖盘
1373,14:41:04,14.82,0.0,24,35568,卖盘
1374,14:41:21,14.82,0.0,1,1482,卖盘
1375,14:41:31,14.82,0.0,2,2964,卖盘
1376,14:41:37,14.82,0.0,23,34086,卖盘
1377,14:41:43,14.82,0.0,9,13338,卖盘
1378,14:41:46,14.82,0.0,3,4446,买盘
1379,14:41:55,14.83,0.01,10,14830,买盘
1380,14:41:58,14.83,0.0,2,2966,买盘
1381,14:42:04,14.83,0.0,4,5932,卖盘
1382,14:42:37,14.84,0.01,1,1484,买盘
1383,14:42:58,14.85,0.01,1,1485,买盘
1384,14:43:10,14.84,-0.01,5,7420,卖盘
1385,14:43:13,14.84,0.0,7,10393,卖盘
1386,14:43:18,14.84,0.0,2,2968,卖盘
1387,14:44:04,14.84,0.0,4,5936,卖盘
1388,14:44:07,14.85,0.01,5,7425,买盘
1389,14:44:19,14.85,0.0,7,10395,买盘
1390,14:44:31,14.84,-0.01,24,35616,卖盘
1391,14:44:42,14.84,0.0,1,1484,买盘
1392,14:44:45,14.83,-0.01,30,44500,卖盘
1393,14:44:49,14.84,0.01,8,12614,买盘
1394,14:44:57,14.85,0.01,15,22275,买盘
1395,14:45:00,14.85,0.0,7,10395,买盘
1396,14:45:04,14.84,-0.01,126,186305,卖盘
1397,14:45:06,14.84,0.0,12,17808,买盘
1398,14:45:16,14.84,0.0,8,11872,买盘
1399,14:45:22,14.84,0.0,3,4452,买盘
1400,14:45:28,14.84,0.0,1,1484,买盘
1401,14:45:31,14.83,-0.01,21,31148,卖盘
1402,14:45:36,14.83,0.0,3,4449,买盘
1403,14:45:46,14.83,0.0,1,1483,买盘
1404,14:46:06,14.83,0.0,30,44490,买盘
1405,14:46:10,14.83,0.0,3,4449,买盘
1406,14:46:13,14.83,0.0,3,4449,买盘
1407,14:46:28,14.84,0.01,15,22260,买盘
1408,14:46:33,14.84,0.0,1,1484,买盘
1409,14:46:37,14.83,-0.01,10,14835,卖盘
1410,14:46:40,14.84,0.01,25,37100,买盘
1411,14:46:43,14.84,0.0,7,11130,买盘
1412,14:46:55,14.84,0.0,7,10388,卖盘
1413,14:47:01,14.84,0.0,14,20034,卖盘
1414,14:47:10,14.84,0.0,6,8904,买盘
1415,14:47:13,14.84,0.0,1,1484,买盘
1416,14:47:22,14.84,0.0,1,1484,买盘
1417,14:47:34,14.83,-0.01,5,7415,卖盘
1418,14:47:39,14.83,0.0,4,5932,卖盘
1419,14:47:42,14.83,0.0,74,109744,卖盘
1420,14:47:46,14.83,0.0,9,13347,买盘
1421,14:47:52,14.82,-0.01,2,2964,卖盘
1422,14:47:55,14.83,0.01,2,2966,买盘
1423,14:47:57,14.83,0.0,2,2966,买盘
1424,14:48:01,14.83,0.0,45,66735,买盘
1425,14:48:04,14.83,0.0,10,14830,买盘
1426,14:48:13,14.83,0.0,27,40041,买盘
1427,14:48:19,14.82,-0.01,2,3705,卖盘
1428,14:48:22,14.82,0.0,2,2964,卖盘
1429,14:48:25,14.82,0.0,2,2964,卖盘
1430,14:48:28,14.83,0.01,24,34850,买盘
1431,14:48:30,14.83,0.0,3,4449,买盘
1432,14:48:37,14.82,-0.01,9,13343,卖盘
1433,14:48:46,14.82,0.0,76,112632,卖盘
1434,14:49:01,14.83,0.01,4,5932,卖盘
1435,14:49:04,14.83,0.0,3,4449,买盘
1436,14:49:19,14.82,-0.01,32,47424,卖盘
1437,14:49:22,14.82,0.0,1,1482,卖盘
1438,14:49:25,14.82,0.0,3,4446,卖盘
1439,14:49:40,14.82,0.0,56,82992,卖盘
1440,14:50:01,14.82,0.0,57,84424,买盘
1441,14:50:04,14.81,-0.01,8,11850,卖盘
1442,14:50:07,14.82,0.01,8,11856,买盘
1443,14:50:10,14.81,-0.01,41,60721,卖盘
1444,14:50:13,14.82,0.01,80,118560,买盘
1445,14:50:19,14.82,0.0,14,20754,卖盘
1446,14:50:22,14.81,-0.01,7,10367,卖盘
1447,14:50:30,14.82,0.01,20,30381,买盘
1448,14:50:46,14.82,0.0,16,22971,卖盘
1449,14:50:55,14.82,0.0,35,51870,买盘
1450,14:50:57,14.81,-0.01,3,4443,卖盘
1451,14:51:01,14.81,0.0,33,48873,卖盘
1452,14:51:04,14.8,-0.01,34,50322,卖盘
1453,14:51:07,14.8,0.0,463,685123,卖盘
1454,14:51:12,14.78,-0.02,1,1478,中性盘
1455,14:51:16,14.78,0.0,1,1478,买盘
1456,14:51:21,14.78,0.0,23,33994,买盘
1457,14:51:25,14.78,0.0,2,2956,卖盘
1458,14:51:28,14.77,-0.01,7,10341,卖盘
1459,14:51:34,14.77,0.0,30,44310,卖盘
1460,14:51:37,14.77,0.0,4,5908,卖盘
1461,14:51:40,14.76,-0.01,20,29520,卖盘
1462,14:51:49,14.75,-0.01,10,14750,卖盘
1463,14:51:54,14.76,0.01,5,7379,买盘
1464,14:51:58,14.75,-0.01,10,14750,卖盘
1465,14:52:01,14.75,0.0,36,53100,卖盘
1466,14:52:04,14.75,0.0,2,2950,买盘
1467,14:52:06,14.74,-0.01,40,58972,卖盘
1468,14:52:10,14.74,0.0,4,5896,买盘
1469,14:52:16,14.73,-0.01,43,63339,卖盘
1470,14:52:19,14.73,0.0,41,60364,卖盘
1471,14:52:22,14.72,-0.01,60,88334,卖盘
1472,14:52:27,14.71,-0.01,6,8826,卖盘
1473,14:52:31,14.71,0.0,1,1471,卖盘
1474,14:52:34,14.72,0.01,1,1472,买盘
1475,14:52:37,14.7,-0.02,72,105904,卖盘
1476,14:52:40,14.72,0.02,16,23527,买盘
1477,14:52:46,14.71,-0.01,5,7355,卖盘
1478,14:52:48,14.71,0.0,78,114909,卖盘
1479,14:52:57,14.75,0.04,16,23600,买盘
1480,14:53:01,14.76,0.01,10,14752,买盘
1481,14:53:04,14.75,-0.01,18,26550,中性盘
1482,14:53:07,14.75,0.0,4,5900,买盘
1483,14:53:13,14.75,0.0,98,144550,买盘
1484,14:53:18,14.72,-0.03,125,184243,卖盘
1485,14:53:24,14.78,0.06,8,11818,买盘
1486,14:53:31,14.78,0.0,9,13302,卖盘
1487,14:53:34,14.78,0.0,4,5912,卖盘
1488,14:53:40,14.78,0.0,13,19214,卖盘
1489,14:53:43,14.79,0.01,5,7395,买盘
1490,14:53:49,14.73,-0.06,23,33879,卖盘
1491,14:54:04,14.76,0.03,1,1476,卖盘
1492,14:54:06,14.74,-0.02,5,7370,卖盘
1493,14:54:22,14.7,-0.04,350,515169,卖盘
1494,14:54:25,14.74,0.04,2,2948,中性盘
1495,14:54:34,14.74,0.0,6,8844,买盘
1496,14:54:37,14.73,-0.01,11,16204,卖盘
1497,14:54:40,14.74,0.01,10,14740,买盘
1498,14:54:42,14.74,0.0,1,1474,买盘
1499,14:54:52,14.74,0.0,14,20636,卖盘
1500,14:54:55,14.73,-0.01,11,16204,卖盘
1501,14:54:58,14.73,0.0,9,13257,卖盘
1502,14:55:04,14.74,0.01,42,61908,买盘
1503,14:55:06,14.72,-0.02,24,35341,卖盘
1504,14:55:10,14.79,0.07,2,2958,买盘
1505,14:55:28,14.79,0.0,5,7395,买盘
1506,14:55:31,14.75,-0.04,16,23600,卖盘
1507,14:55:34,14.81,0.06,76,112404,买盘
1508,14:55:43,14.81,0.0,19,28139,卖盘
1509,14:55:49,14.81,0.0,1,1481,卖盘
1510,14:55:54,14.81,0.0,5,7405,卖盘
1511,14:56:22,14.8,-0.01,2,2960,买盘
1512,14:56:34,14.8,0.0,2,2960,买盘
1513,14:56:37,14.76,-0.04,200,295339,卖盘
1514,14:56:40,14.8,0.04,2,2960,买盘
1515,14:56:43,14.8,0.0,2,2960,买盘
1516,14:56:45,14.76,-0.04,6,8856,卖盘
1517,14:56:49,14.84,0.08,3,4452,买盘
1518,14:56:51,14.84,0.0,3,4452,买盘
1519,14:56:58,14.8,-0.04,3,4440,买盘
1520,15:00:04,14.82,0.02,281,416442,卖盘
