,time,price,change,volume,amount,type
0,09:25:04,6.88,0.0,420,288960,卖盘
1,09:30:04,6.85,-0.03,208,141810,卖盘
2,09:30:07,6.85,0.0,20,13700,买盘
3,09:30:10,6.82,-0.03,31,21145,卖盘
4,09:30:13,6.82,0.0,11,7502,卖盘
5,09:30:22,6.85,0.03,11,7535,买盘
6,09:30:25,6.85,0.0,15,10255,买盘
7,09:30:34,6.85,0.0,67,45894,买盘
8,09:30:37,6.87,0.02,4,2748,买盘
9,09:30:45,6.87,0.0,2,1374,买盘
10,09:30:52,6.88,0.01,4,2752,买盘
11,09:30:55,6.87,-0.01,15,10305,卖盘
12,09:31:04,6.88,0.01,24,16512,买盘
13,09:31:06,6.88,0.0,7,4816,买盘
14,09:31:13,6.88,0.0,4,2752,买盘
15,09:31:19,6.87,-0.01,199,136727,卖盘
16,09:31:22,6.88,0.01,7,4813,买盘
17,09:31:24,6.88,0.0,57,39197,买盘
18,09:31:31,6.87,-0.01,8,5496,卖盘
19,09:31:34,6.88,0.01,3,2063,买盘
20,09:31:37,6.88,0.0,75,51599,买盘
21,09:31:39,6.88,0.0,10,6880,买盘
22,09:31:43,6.88,0.0,6,4128,卖盘
23,09:31:49,6.88,0.0,4,2752,卖盘
24,09:31:52,6.89,0.01,5,3444,买盘
25,09:31:55,6.88,-0.01,1,688,卖盘
26,09:32:01,6.89,0.01,2,1378,买盘
27,09:32:04,6.89,0.0,21,14452,买盘
28,09:32:06,6.9,0.01,18,12412,买盘
29,09:32:13,6.89,-0.01,3,2067,中性盘
30,09:32:15,6.88,-0.01,7,4816,卖盘
31,09:32:21,6.89,0.01,4,2756,买盘
32,09:32:28,6.89,0.0,15,10335,买盘
33,09:32:30,6.89,0.0,10,6890,买盘
34,09:32:33,6.88,-0.01,66,45416,卖盘
35,09:32:36,6.9,0.02,9,6205,买盘
36,09:32:39,6.9,0.0,22,15180,买盘
37,09:32:42,6.89,-0.01,16,11025,卖盘
38,09:32:46,6.89,0.0,44,30316,卖盘
39,09:32:49,6.89,0.0,15,10335,买盘
40,09:32:52,6.89,0.0,13,8957,买盘
41,09:32:55,6.89,0.0,29,19958,买盘
42,09:32:57,6.89,0.0,33,22737,买盘
43,09:33:00,6.89,0.0,12,8268,买盘
44,09:33:04,6.89,0.0,10,6890,卖盘
45,09:33:06,6.9,0.01,4,2760,买盘
46,09:33:09,6.9,0.0,66,45540,买盘
47,09:33:12,6.9,0.0,95,65550,买盘
48,09:33:16,6.9,0.0,5,3450,买盘
49,09:33:18,6.9,0.0,67,46215,买盘
50,09:33:21,6.91,0.01,4,2764,买盘
51,09:33:27,6.91,0.0,2,1382,买盘
52,09:33:33,6.91,0.0,69,47679,买盘
53,09:33:37,6.92,0.01,59,40773,买盘
54,09:33:40,6.91,-0.01,16,11056,卖盘
55,09:33:42,6.91,0.0,14,9674,买盘
56,09:33:45,6.91,0.0,100,69011,买盘
57,09:33:49,6.89,-0.02,21,14491,卖盘
58,09:33:52,6.91,0.02,7,4837,买盘
59,09:33:55,6.92,0.01,102,70569,买盘
60,09:33:58,6.92,0.0,6,4152,卖盘
61,09:34:01,6.92,0.0,60,41520,卖盘
62,09:34:04,6.9,-0.02,106,73099,卖盘
63,09:34:06,6.92,0.02,50,34544,买盘
64,09:34:19,6.88,-0.04,1,688,卖盘
65,09:34:22,6.91,0.03,8,5524,买盘
66,09:34:24,6.91,0.0,25,17255,买盘
67,09:34:27,6.91,0.0,1,691,买盘
68,09:34:33,6.91,0.0,28,19333,买盘
69,09:34:36,6.9,-0.01,4,2760,买盘
70,09:34:39,6.9,0.0,6,4140,买盘
71,09:34:42,6.9,0.0,21,14490,买盘
72,09:34:46,6.9,0.0,25,17240,买盘
73,09:34:48,6.9,0.0,6,4140,买盘
74,09:34:52,6.9,0.0,4,2760,买盘
75,09:34:55,6.9,0.0,12,8280,买盘
76,09:34:57,6.91,0.01,72,49738,买盘
77,09:35:04,6.91,0.0,2,1382,买盘
78,09:35:06,6.91,0.0,4,2764,买盘
79,09:35:10,6.91,0.0,20,13820,买盘
80,09:35:12,6.91,0.0,2,1382,买盘
81,09:35:15,6.91,0.0,32,22112,买盘
82,09:35:18,6.9,-0.01,34,23464,卖盘
83,09:35:21,6.91,0.01,4,2764,买盘
84,09:35:25,6.91,0.0,4,2764,买盘
85,09:35:28,6.91,0.0,15,10365,买盘
86,09:35:33,6.91,0.0,1,691,买盘
87,09:35:36,6.91,0.0,4,2764,买盘
88,09:35:42,6.91,0.0,23,15893,买盘
89,09:35:48,6.91,0.0,36,24876,买盘
90,09:35:52,6.91,0.0,16,11056,买盘
91,09:35:54,6.91,0.0,6,4146,买盘
92,09:36:01,6.9,-0.01,67,46232,卖盘
93,09:36:04,6.9,0.0,60,41400,卖盘
94,09:36:07,6.91,0.01,52,35932,买盘
95,09:36:13,6.91,0.0,1,691,买盘
96,09:36:15,6.91,0.0,32,22112,买盘
97,09:36:22,6.91,0.0,41,28331,买盘
98,09:36:24,6.91,0.0,3,2073,买盘
99,09:36:30,6.91,0.0,10,6910,买盘
100,09:36:37,6.91,0.0,4,2764,买盘
101,09:36:39,6.91,0.0,2,1381,买盘
102,09:36:42,6.9,-0.01,13,8970,卖盘
103,09:36:45,6.91,0.01,270,186570,买盘
104,09:36:52,6.92,0.01,75,51772,买盘
105,09:37:00,6.91,-0.01,4,2764,卖盘
106,09:37:03,6.92,0.01,50,34600,买盘
107,09:37:06,6.91,-0.01,55,38005,卖盘
108,09:37:10,6.9,-0.01,43,29670,卖盘
109,09:37:19,6.91,0.01,46,31786,卖盘
110,09:37:22,6.91,0.0,4,2764,买盘
111,09:37:30,6.91,0.0,17,11747,买盘
112,09:37:34,6.91,0.0,74,51097,卖盘
113,09:37:37,6.91,0.0,364,251008,中性盘
114,09:37:39,6.91,0.0,102,70308,买盘
115,09:37:42,6.9,-0.01,5,3450,中性盘
116,09:37:48,6.88,-0.02,565,389277,卖盘
117,09:37:51,6.89,0.01,199,136985,买盘
118,09:37:55,6.87,-0.02,30,20628,卖盘
119,09:38:06,6.88,0.01,9,6190,卖盘
120,09:38:10,6.88,0.0,10,6880,买盘
121,09:38:15,6.88,0.0,1,688,卖盘
122,09:38:21,6.88,0.0,20,13760,卖盘
123,09:38:24,6.88,0.0,17,11680,买盘
124,09:38:33,6.87,-0.01,6,4122,卖盘
125,09:38:36,6.88,0.01,16,10997,买盘
126,09:38:39,6.87,-0.01,2,1374,卖盘
127,09:38:42,6.87,0.0,62,42594,卖盘
128,09:38:51,6.88,0.01,4,2752,买盘
129,09:38:55,6.87,-0.01,15,10305,卖盘
130,09:39:04,6.88,0.01,91,62596,买盘
131,09:39:06,6.88,0.0,4,2752,买盘
132,09:39:13,6.87,-0.01,3,2061,卖盘
133,09:39:15,6.87,0.0,2,1374,买盘
134,09:39:21,6.88,0.01,50,34354,买盘
135,09:39:36,6.88,0.0,5,3440,买盘
136,09:39:51,6.88,0.0,4,2752,买盘
137,09:40:00,6.88,0.0,22,15136,买盘
138,09:40:06,6.89,0.01,4,2756,买盘
139,09:40:09,6.89,0.0,82,56498,买盘
140,09:40:21,6.9,0.01,5,3449,买盘
141,09:40:27,6.89,-0.01,15,10335,卖盘
142,09:40:36,6.89,0.0,9,6201,买盘
143,09:40:42,6.89,0.0,2,1378,买盘
144,09:40:52,6.9,0.01,7,4827,买盘
145,09:41:00,6.9,0.0,42,28980,买盘
146,09:41:04,6.9,0.0,2,1380,买盘
147,09:41:06,6.9,0.0,19,13095,买盘
148,09:41:09,6.9,0.0,2,1380,买盘
149,09:41:12,6.9,0.0,2,1380,买盘
150,09:41:19,6.89,-0.01,1,689,卖盘
151,09:41:21,6.89,0.0,41,28250,卖盘
152,09:41:24,6.89,0.0,47,32383,买盘
153,09:41:34,6.89,0.0,34,23395,买盘
154,09:41:36,6.9,0.01,23,15838,买盘
155,09:41:39,6.88,-0.02,31,21328,卖盘
156,09:41:51,6.9,0.02,4,2758,买盘
157,09:41:54,6.88,-0.02,1,688,卖盘
158,09:42:07,6.89,0.01,4,2754,买盘
159,09:42:12,6.88,-0.01,2,1376,卖盘
160,09:42:15,6.89,0.01,20,13780,买盘
161,09:42:22,6.89,0.0,5,3443,买盘
162,09:42:36,6.89,0.0,4,2756,买盘
163,09:42:42,6.89,0.0,30,20670,买盘
164,09:42:52,6.87,-0.02,62,42594,卖盘
165,09:42:57,6.87,0.0,9,6183,买盘
166,09:43:06,6.87,0.0,64,43908,买盘
167,09:43:09,6.87,0.0,4,2748,买盘
168,09:43:12,6.87,0.0,10,6870,买盘
169,09:43:18,6.87,0.0,1,687,买盘
170,09:43:21,6.87,0.0,5,3434,买盘
171,09:43:24,6.87,0.0,2,1374,买盘
172,09:43:33,6.86,-0.01,31,21274,卖盘
173,09:43:37,6.87,0.01,5,3435,买盘
174,09:43:42,6.86,-0.01,2,1372,卖盘
175,09:43:45,6.87,0.01,9,6183,买盘
176,09:43:48,6.87,0.0,8,5496,买盘
177,09:43:51,6.87,0.0,38,26064,买盘
178,09:43:54,6.87,0.0,4,2748,买盘
179,09:43:58,6.86,-0.01,15,10290,中性盘
180,09:44:06,6.87,0.01,24,16488,买盘
181,09:44:15,6.87,0.0,6,4122,买盘
182,09:44:21,6.87,0.0,6,4121,买盘
183,09:44:24,6.87,0.0,67,45964,买盘
184,09:44:33,6.86,-0.01,10,6860,卖盘
185,09:44:36,6.87,0.01,4,2748,买盘
186,09:44:42,6.86,-0.01,42,28832,卖盘
187,09:44:52,6.87,0.01,4,2748,买盘
188,09:44:54,6.86,-0.01,20,13720,卖盘
189,09:45:06,6.87,0.01,4,2748,买盘
190,09:45:10,6.87,0.0,1,687,买盘
191,09:45:21,6.87,0.0,5,3434,买盘
192,09:45:24,6.87,0.0,2,1374,买盘
193,09:45:27,6.87,0.0,6,4122,买盘
194,09:45:33,6.86,-0.01,11,7546,卖盘
195,09:45:39,6.86,0.0,20,13724,卖盘
196,09:45:52,6.87,0.01,105,72034,买盘
197,09:45:55,6.86,-0.01,10,6860,中性盘
198,09:46:00,6.85,-0.01,8,5480,卖盘
199,09:46:06,6.86,0.01,4,2744,买盘
200,09:46:09,6.86,0.0,10,6860,买盘
201,09:46:18,6.85,-0.01,7,4795,卖盘
202,09:46:21,6.86,0.01,14,9603,买盘
203,09:46:25,6.86,0.0,1,686,买盘
204,09:46:39,6.86,0.0,5,3430,买盘
205,09:46:45,6.85,-0.01,104,71240,卖盘
206,09:46:51,6.86,0.01,4,2744,买盘
207,09:47:04,6.86,0.0,12,8232,买盘
208,09:47:07,6.86,0.0,4,2744,买盘
209,09:47:09,6.86,0.0,6,4116,买盘
210,09:47:21,6.86,0.0,2,1371,买盘
211,09:47:24,6.86,0.0,4,2744,买盘
212,09:47:39,6.86,0.0,4,2744,买盘
213,09:47:43,6.85,-0.01,37,25345,卖盘
214,09:47:48,6.85,0.0,90,61650,卖盘
215,09:47:51,6.86,0.01,14,9594,买盘
216,09:47:54,6.86,0.0,70,48020,买盘
217,09:48:06,6.87,0.01,4,2748,买盘
218,09:48:09,6.86,-0.01,26,17836,卖盘
219,09:48:15,6.86,0.0,10,6860,买盘
220,09:48:18,6.86,0.0,24,16464,买盘
221,09:48:21,6.87,0.01,5,3434,买盘
222,09:48:30,6.87,0.0,20,13740,买盘
223,09:48:36,6.86,-0.01,31,21267,卖盘
224,09:48:39,6.87,0.01,4,2748,买盘
225,09:48:42,6.88,0.01,183,125724,买盘
226,09:48:46,6.88,0.0,2,1376,买盘
227,09:48:48,6.89,0.01,50,34402,买盘
228,09:48:51,6.89,0.0,49,33761,买盘
229,09:48:54,6.89,0.0,14,9646,买盘
230,09:49:04,6.9,0.01,6,4140,买盘
231,09:49:09,6.9,0.0,4,2760,买盘
232,09:49:15,6.9,0.0,120,82800,买盘
233,09:49:21,6.91,0.01,296,204233,买盘
234,09:49:25,6.92,0.01,10,6913,买盘
235,09:49:30,6.9,-0.02,2,1380,中性盘
236,09:49:36,6.9,0.0,4,2760,买盘
237,09:49:39,6.9,0.0,12,8270,买盘
238,09:49:42,6.9,0.0,2,1380,买盘
239,09:49:45,6.91,0.01,2,1382,买盘
240,09:49:51,6.91,0.0,30,20730,买盘
241,09:49:57,6.91,0.0,37,25567,买盘
242,09:50:00,6.91,0.0,42,29017,买盘
243,09:50:06,6.92,0.01,4,2768,买盘
244,09:50:09,6.92,0.0,75,51900,买盘
245,09:50:12,6.92,0.0,10,6920,卖盘
246,09:50:16,6.92,0.0,225,155700,卖盘
247,09:50:18,6.92,0.0,99,68469,买盘
248,09:50:21,6.93,0.01,38,26300,买盘
249,09:50:24,6.93,0.0,116,80314,买盘
250,09:50:27,6.92,-0.01,54,37397,中性盘
251,09:50:30,6.92,0.0,265,183381,卖盘
252,09:50:33,6.93,0.01,188,130284,买盘
253,09:50:37,6.94,0.01,10,6934,买盘
254,09:50:39,6.93,-0.01,4,2772,卖盘
255,09:50:45,6.93,0.0,58,40212,卖盘
256,09:50:48,6.93,0.0,21,14554,卖盘
257,09:50:51,6.94,0.01,171,118529,买盘
258,09:50:54,6.93,-0.01,28,19404,卖盘
259,09:50:57,6.93,0.0,281,194949,卖盘
260,09:51:00,6.93,0.0,80,55440,卖盘
261,09:51:04,6.93,0.0,3,2079,卖盘
262,09:51:06,6.95,0.02,14,9710,买盘
263,09:51:09,6.94,-0.01,1,694,卖盘
264,09:51:12,6.95,0.01,122,84788,买盘
265,09:51:22,6.95,0.0,4,2780,买盘
266,09:51:24,6.94,-0.01,4,2777,中性盘
267,09:51:27,6.94,0.0,7,4858,买盘
268,09:51:30,6.94,0.0,5,3470,买盘
269,09:51:34,6.94,0.0,6,4164,买盘
270,09:51:37,6.95,0.01,32,22212,买盘
271,09:51:39,6.94,-0.01,10,6940,卖盘
272,09:51:42,6.94,0.0,4,2776,卖盘
273,09:51:45,6.94,0.0,1,694,买盘
274,09:51:48,6.94,0.0,20,13880,买盘
275,09:51:51,6.94,0.0,12,8335,卖盘
276,09:51:54,6.94,0.0,20,13872,买盘
277,09:51:58,6.93,-0.01,99,68607,卖盘
278,09:52:06,6.94,0.01,4,2775,买盘
279,09:52:12,6.94,0.0,1,694,买盘
280,09:52:15,6.94,0.0,4,2776,买盘
281,09:52:24,6.94,0.0,79,54826,买盘
282,09:52:36,6.95,0.01,15,10425,买盘
283,09:52:39,6.95,0.0,22,15290,买盘
284,09:52:42,6.94,-0.01,10,6940,卖盘
285,09:52:45,6.95,0.01,15,10425,买盘
286,09:52:48,6.95,0.0,5,3475,买盘
287,09:52:51,6.95,0.0,4,2780,买盘
288,09:52:54,6.95,0.0,31,21545,买盘
289,09:53:00,6.95,0.0,25,17375,买盘
290,09:53:04,6.95,0.0,82,56990,买盘
291,09:53:06,6.94,-0.01,318,220692,卖盘
292,09:53:09,6.95,0.01,333,231272,买盘
293,09:53:15,6.96,0.01,6,4171,买盘
294,09:53:18,6.95,-0.01,20,13900,卖盘
295,09:53:24,6.96,0.01,5,3480,买盘
296,09:53:33,6.95,-0.01,118,82125,卖盘
297,09:53:36,6.96,0.01,35,24360,买盘
298,09:53:39,6.96,0.0,84,58464,买盘
299,09:53:42,6.96,0.0,20,13920,买盘
300,09:53:45,6.96,0.0,15,10440,卖盘
301,09:53:48,6.96,0.0,2,1392,中性盘
302,09:53:54,6.96,0.0,13,9048,买盘
303,09:53:57,6.96,0.0,10,6960,买盘
304,09:54:06,6.96,0.0,27,18792,买盘
305,09:54:09,6.96,0.0,4,2784,买盘
306,09:54:13,6.95,-0.01,120,83424,卖盘
307,09:54:16,6.95,0.0,12,8346,卖盘
308,09:54:18,6.95,0.0,39,27112,卖盘
309,09:54:24,6.95,0.0,5,3476,买盘
310,09:54:33,6.93,-0.02,3,2079,卖盘
311,09:54:36,6.95,0.02,51,35445,买盘
312,09:54:39,6.95,0.0,4,2780,买盘
313,09:54:42,6.94,-0.01,5,3470,卖盘
314,09:54:45,6.94,0.0,4,2776,卖盘
315,09:54:51,6.94,0.0,11,7634,卖盘
316,09:54:55,6.93,-0.01,7,4855,卖盘
317,09:55:00,6.93,0.0,6,4158,卖盘
318,09:55:09,6.94,0.01,4,2776,买盘
319,09:55:12,6.94,0.0,1,694,买盘
320,09:55:15,6.94,0.0,11,7634,买盘
321,09:55:18,6.94,0.0,29,20126,卖盘
322,09:55:21,6.95,0.01,4,2779,买盘
323,09:55:33,6.95,0.0,20,13900,买盘
324,09:55:36,6.94,-0.01,12,8328,卖盘
325,09:55:39,6.95,0.01,61,42395,买盘
326,09:55:42,6.95,0.0,1,695,买盘
327,09:55:49,6.95,0.0,10,6950,买盘
328,09:55:54,6.95,0.0,4,2780,买盘
329,09:55:57,6.94,-0.01,10,6940,卖盘
330,09:56:00,6.95,0.01,26,18070,买盘
331,09:56:07,6.94,-0.01,5,3470,卖盘
332,09:56:09,6.95,0.01,4,2780,买盘
333,09:56:12,6.95,0.0,313,217127,买盘
334,09:56:18,6.94,-0.01,1,694,买盘
335,09:56:24,6.94,0.0,6,4164,买盘
336,09:56:27,6.94,0.0,23,15962,买盘
337,09:56:37,6.94,0.0,3,2082,卖盘
338,09:56:39,6.94,0.0,4,2776,买盘
339,09:56:42,6.94,0.0,5,3470,买盘
340,09:56:45,6.94,0.0,4,2773,买盘
341,09:56:48,6.94,0.0,17,11798,买盘
342,09:56:54,6.95,0.01,4,2780,买盘
343,09:57:06,6.95,0.0,1,695,买盘
344,09:57:09,6.95,0.0,6,4170,买盘
345,09:57:24,6.95,0.0,4,2780,买盘
346,09:57:27,6.94,-0.01,13,9023,卖盘
347,09:57:30,6.94,0.0,20,13880,卖盘
348,09:57:33,6.94,0.0,35,24290,卖盘
349,09:57:36,6.94,0.0,23,15962,卖盘
350,09:57:39,6.94,0.0,46,31928,卖盘
351,09:57:42,6.94,0.0,30,20820,买盘
352,09:57:45,6.94,0.0,30,20820,买盘
353,09:57:49,6.93,-0.01,20,13860,卖盘
354,09:57:52,6.94,0.01,126,87444,买盘
355,09:57:54,6.94,0.0,4,2776,买盘
356,09:57:57,6.93,-0.01,6,4158,卖盘
357,09:58:04,6.93,0.0,3,2079,卖盘
358,09:58:09,6.94,0.01,4,2776,买盘
359,09:58:12,6.93,-0.01,14,9702,卖盘
360,09:58:15,6.94,0.01,128,88722,买盘
361,09:58:19,6.94,0.0,2,1388,买盘
362,09:58:25,6.94,0.0,4,2776,买盘
363,09:58:27,6.94,0.0,13,9022,买盘
364,09:58:39,6.94,0.0,4,2776,买盘
365,09:58:46,6.94,0.0,20,13880,买盘
366,09:58:51,6.94,0.0,4,2776,买盘
367,09:58:54,6.94,0.0,3,2082,买盘
368,09:59:07,6.94,0.0,4,2776,买盘
369,09:59:12,6.93,-0.01,71,49203,卖盘
370,09:59:21,6.94,0.01,4,2776,买盘
371,09:59:24,6.93,-0.01,4,2774,卖盘
372,09:59:30,6.93,0.0,19,13167,卖盘
373,09:59:33,6.93,0.0,60,41580,卖盘
374,09:59:36,6.94,0.01,4,2776,买盘
375,09:59:39,6.93,-0.01,13,9009,卖盘
376,09:59:45,6.93,0.0,5,3465,卖盘
377,09:59:48,6.93,0.0,29,20097,卖盘
378,09:59:51,6.93,0.0,4,2772,买盘
379,09:59:54,6.92,-0.01,15,10380,卖盘
380,09:59:57,6.92,0.0,100,69200,卖盘
381,10:00:00,6.92,0.0,10,6920,卖盘
382,10:00:06,6.93,0.01,2,1386,买盘
383,10:00:12,6.93,0.0,4,2772,买盘
384,10:00:21,6.93,0.0,5,3465,买盘
385,10:00:24,6.93,0.0,2,1386,买盘
386,10:00:30,6.93,0.0,1,693,买盘
387,10:00:39,6.92,-0.01,12,8304,卖盘
388,10:00:48,6.92,0.0,27,18684,卖盘
389,10:00:52,6.92,0.0,20,13840,卖盘
390,10:00:57,6.92,0.0,17,11764,卖盘
391,10:01:00,6.93,0.01,6,4158,买盘
392,10:01:12,6.92,-0.01,100,69200,卖盘
393,10:01:15,6.92,0.0,3,2076,卖盘
394,10:01:18,6.92,0.0,1,692,买盘
395,10:01:36,6.92,0.0,14,9688,卖盘
396,10:01:39,6.92,0.0,11,7612,买盘
397,10:01:42,6.92,0.0,9,6228,卖盘
398,10:02:01,6.92,0.0,5,3460,买盘
399,10:02:09,6.92,0.0,16,11072,卖盘
400,10:02:12,6.92,0.0,3,2076,买盘
401,10:02:18,6.92,0.0,46,31832,买盘
402,10:02:30,6.93,0.01,10,6930,买盘
403,10:02:57,6.93,0.0,9,6237,买盘
404,10:03:06,6.93,0.0,2,1386,买盘
405,10:03:18,6.93,0.0,1,693,买盘
406,10:03:21,6.93,0.0,40,27720,买盘
407,10:03:24,6.93,0.0,54,37422,买盘
408,10:03:30,6.93,0.0,10,6930,卖盘
409,10:03:54,6.93,0.0,16,11088,卖盘
410,10:04:12,6.94,0.01,12,8328,买盘
411,10:04:15,6.93,-0.01,10,6930,卖盘
412,10:04:18,6.93,0.0,7,4851,卖盘
413,10:04:21,6.93,0.0,45,31185,卖盘
414,10:04:30,6.93,0.0,2,1386,买盘
415,10:04:37,6.93,0.0,1,693,买盘
416,10:04:42,6.93,0.0,1,693,买盘
417,10:04:46,6.94,0.01,11,7634,买盘
418,10:04:51,6.94,0.0,54,37476,买盘
419,10:04:57,6.94,0.0,11,7634,买盘
420,10:05:00,6.93,-0.01,6,4158,卖盘
421,10:05:04,6.93,0.0,8,5544,卖盘
422,10:05:06,6.94,0.01,25,17350,买盘
423,10:05:09,6.94,0.0,24,16656,买盘
424,10:05:21,6.94,0.0,4,2776,买盘
425,10:05:33,6.94,0.0,2,1388,买盘
426,10:05:45,6.94,0.0,3,2082,买盘
427,10:06:04,6.94,0.0,30,20820,买盘
428,10:06:16,6.94,0.0,1,694,买盘
429,10:06:27,6.93,-0.01,96,66528,卖盘
430,10:06:30,6.94,0.01,3,2082,买盘
431,10:06:33,6.93,-0.01,5,3465,卖盘
432,10:06:48,6.93,0.0,6,4158,卖盘
433,10:06:51,6.93,0.0,2,1386,卖盘
434,10:07:06,6.93,0.0,48,33264,卖盘
435,10:07:09,6.93,0.0,4,2772,卖盘
436,10:07:12,6.93,0.0,48,33264,卖盘
437,10:07:15,6.93,0.0,8,5544,卖盘
438,10:07:18,6.93,0.0,52,36036,卖盘
439,10:07:25,6.92,-0.01,11,7612,卖盘
440,10:07:28,6.93,0.01,1,693,买盘
441,10:07:30,6.92,-0.01,2,1384,卖盘
442,10:07:33,6.93,0.01,6,4158,买盘
443,10:07:40,6.93,0.0,1,693,买盘
444,10:07:42,6.92,-0.01,60,41520,卖盘
445,10:07:45,6.92,0.0,16,11072,卖盘
446,10:07:48,6.92,0.0,17,11764,卖盘
447,10:07:51,6.92,0.0,3,2076,卖盘
448,10:07:55,6.92,0.0,2,1384,卖盘
449,10:07:58,6.92,0.0,4,2768,卖盘
450,10:08:00,6.92,0.0,4,2768,卖盘
451,10:08:06,6.92,0.0,2,1384,卖盘
452,10:08:16,6.92,0.0,36,24912,卖盘
453,10:08:25,6.9,-0.02,327,226014,卖盘
454,10:08:42,6.9,0.0,162,111781,卖盘
455,10:08:45,6.9,0.0,26,17940,卖盘
456,10:08:48,6.9,0.0,49,33810,买盘
457,10:08:51,6.88,-0.02,380,261665,卖盘
458,10:09:09,6.89,0.01,3,2067,卖盘
459,10:09:18,6.9,0.01,49,33786,买盘
460,10:09:27,6.9,0.0,78,53820,买盘
461,10:09:30,6.91,0.01,4,2764,买盘
462,10:09:33,6.91,0.0,23,15893,买盘
463,10:09:36,6.91,0.0,1,691,买盘
464,10:09:42,6.92,0.01,56,38752,买盘
465,10:09:48,6.92,0.0,16,11072,买盘
466,10:09:51,6.92,0.0,25,17300,买盘
467,10:09:54,6.92,0.0,50,34600,卖盘
468,10:10:00,6.92,0.0,30,20760,卖盘
469,10:10:06,6.92,0.0,29,20068,卖盘
470,10:10:09,6.93,0.01,30,20780,买盘
471,10:10:12,6.92,-0.01,90,62280,卖盘
472,10:10:15,6.93,0.01,2,1385,买盘
473,10:10:18,6.92,-0.01,1,692,卖盘
474,10:10:21,6.92,0.0,1,692,卖盘
475,10:10:24,6.92,0.0,19,13149,卖盘
476,10:10:33,6.92,0.0,6,4152,卖盘
477,10:10:39,6.92,0.0,45,31140,卖盘
478,10:10:48,6.92,0.0,60,41520,买盘
479,10:10:57,6.91,-0.01,7,4837,卖盘
480,10:11:00,6.91,0.0,1,691,买盘
481,10:11:03,6.91,0.0,2,1382,买盘
482,10:11:13,6.92,0.01,12,8304,买盘
483,10:11:30,6.92,0.0,1,692,买盘
484,10:11:33,6.92,0.0,1,692,买盘
485,10:11:39,6.92,0.0,1,692,买盘
486,10:11:45,6.91,-0.01,10,6910,卖盘
487,10:11:57,6.92,0.01,100,69200,买盘
488,10:12:10,6.92,0.0,1,692,买盘
489,10:12:12,6.92,0.0,5,3458,买盘
490,10:12:21,6.92,0.0,1,692,买盘
491,10:12:30,6.92,0.0,4,2768,买盘
492,10:12:48,6.92,0.0,1,692,买盘
493,10:13:15,6.92,0.0,14,9688,买盘
494,10:13:30,6.92,0.0,48,33216,买盘
495,10:13:36,6.91,-0.01,30,20730,卖盘
496,10:13:42,6.91,0.0,99,68432,卖盘
497,10:13:54,6.91,0.0,12,8292,卖盘
498,10:14:24,6.9,-0.01,10,6900,卖盘
499,10:14:39,6.89,-0.01,17,11713,卖盘
500,10:15:01,6.89,0.0,1,689,买盘
501,10:15:04,6.89,0.0,75,51675,买盘
502,10:15:06,6.89,0.0,10,6890,中性盘
503,10:15:09,6.91,0.02,1,691,买盘
504,10:15:18,6.9,-0.01,80,55200,卖盘
505,10:15:22,6.91,0.01,3,2073,买盘
506,10:15:24,6.91,0.0,13,8983,买盘
507,10:15:33,6.91,0.0,6,4146,卖盘
508,10:15:42,6.92,0.01,2,1384,买盘
509,10:16:09,6.9,-0.02,102,70392,卖盘
510,10:16:54,6.92,0.02,12,8304,买盘
511,10:17:45,6.92,0.0,1,692,买盘
512,10:17:48,6.91,-0.01,90,62190,卖盘
513,10:17:52,6.92,0.01,37,25584,买盘
514,10:18:15,6.92,0.0,20,13840,买盘
515,10:18:18,6.92,0.0,1,692,买盘
516,10:18:21,6.92,0.0,1,692,买盘
517,10:18:28,6.91,-0.01,20,13820,卖盘
518,10:18:45,6.91,0.0,14,9674,卖盘
519,10:19:09,6.92,0.01,1,692,买盘
520,10:19:21,6.92,0.0,91,62972,买盘
521,10:19:24,6.92,0.0,1,692,买盘
522,10:19:37,6.92,0.0,14,9688,买盘
523,10:19:51,6.92,0.0,1,692,买盘
524,10:20:03,6.92,0.0,10,6920,买盘
525,10:20:07,6.92,0.0,3,2076,买盘
526,10:20:24,6.91,-0.01,1,691,卖盘
527,10:20:27,6.92,0.01,1,692,买盘
528,10:20:39,6.92,0.0,1,692,买盘
529,10:20:42,6.92,0.0,4,2767,买盘
530,10:20:48,6.92,0.0,5,3460,买盘
531,10:21:04,6.92,0.0,4,2768,买盘
532,10:21:25,6.92,0.0,30,20760,买盘
533,10:21:27,6.92,0.0,33,22836,买盘
534,10:22:30,6.92,0.0,20,13840,买盘
535,10:22:39,6.92,0.0,1,692,买盘
536,10:22:45,6.92,0.0,3,2076,买盘
537,10:22:57,6.92,0.0,1,692,买盘
538,10:23:04,6.92,0.0,8,5536,买盘
539,10:23:06,6.91,-0.01,2,1382,卖盘
540,10:23:24,6.92,0.01,1,692,买盘
541,10:23:39,6.92,0.0,20,13840,买盘
542,10:23:48,6.92,0.0,82,56744,买盘
543,10:23:52,6.92,0.0,1,692,买盘
544,10:23:57,6.92,0.0,30,20760,买盘
545,10:24:01,6.92,0.0,1,692,买盘
546,10:24:07,6.92,0.0,4,2768,买盘
547,10:24:15,6.92,0.0,11,7612,买盘
548,10:24:30,6.92,0.0,1,692,买盘
549,10:24:36,6.92,0.0,2,1384,买盘
550,10:24:42,6.92,0.0,1,692,买盘
551,10:24:52,6.92,0.0,100,69200,买盘
552,10:24:54,6.92,0.0,1,692,买盘
553,10:25:00,6.92,0.0,10,6920,买盘
554,10:25:28,6.92,0.0,38,26296,卖盘
555,10:25:42,6.92,0.0,23,15916,卖盘
556,10:26:04,6.92,0.0,8,5536,买盘
557,10:26:06,6.92,0.0,71,49132,买盘
558,10:26:54,6.93,0.01,1,693,买盘
559,10:26:57,6.93,0.0,23,15917,买盘
560,10:27:00,6.92,-0.01,40,27680,卖盘
561,10:27:06,6.93,0.01,1,693,买盘
562,10:27:15,6.93,0.0,3,2079,买盘
563,10:27:42,6.93,0.0,1,693,买盘
564,10:28:06,6.93,0.0,45,31185,买盘
565,10:28:09,6.93,0.0,17,11781,买盘
566,10:28:12,6.93,0.0,1,693,买盘
567,10:28:18,6.93,0.0,1,693,买盘
568,10:28:24,6.92,-0.01,35,24220,卖盘
569,10:28:27,6.93,0.01,1,693,买盘
570,10:28:36,6.92,-0.01,21,14532,卖盘
571,10:28:39,6.92,0.0,25,17300,卖盘
572,10:28:45,6.92,0.0,3,2076,卖盘
573,10:28:51,6.92,0.0,31,21452,卖盘
574,10:28:57,6.92,0.0,9,6228,买盘
575,10:29:12,6.92,0.0,5,3457,买盘
576,10:29:15,6.92,0.0,57,39444,买盘
577,10:29:18,6.92,0.0,1,692,买盘
578,10:29:39,6.91,-0.01,1,691,卖盘
579,10:29:42,6.91,0.0,2,1382,卖盘
580,10:29:54,6.92,0.01,1,692,买盘
581,10:29:57,6.92,0.0,1,692,买盘
582,10:30:00,6.92,0.0,1,692,买盘
583,10:30:06,6.91,-0.01,1,691,卖盘
584,10:30:27,6.91,0.0,10,6910,卖盘
585,10:30:36,6.91,0.0,211,145801,卖盘
586,10:30:45,6.91,0.0,99,68409,卖盘
587,10:30:58,6.91,0.0,39,26949,卖盘
588,10:31:06,6.91,0.0,30,20730,卖盘
589,10:31:12,6.91,0.0,10,6910,卖盘
590,10:31:21,6.91,0.0,19,13129,卖盘
591,10:31:24,6.91,0.0,30,20730,卖盘
592,10:31:33,6.91,0.0,3,2073,卖盘
593,10:31:42,6.89,-0.02,29,20008,卖盘
594,10:32:04,6.88,-0.01,45,30964,卖盘
595,10:32:09,6.88,0.0,29,19952,卖盘
596,10:32:13,6.89,0.01,206,141934,买盘
597,10:32:21,6.89,0.0,62,42718,卖盘
598,10:32:34,6.9,0.01,51,35190,卖盘
599,10:32:42,6.9,0.0,57,39330,卖盘
600,10:32:58,6.9,0.0,30,20700,卖盘
601,10:33:00,6.9,0.0,23,15870,卖盘
602,10:33:06,6.89,-0.01,1,689,卖盘
603,10:33:09,6.88,-0.01,31,21343,卖盘
604,10:33:39,6.89,0.01,38,26182,卖盘
605,10:33:45,6.89,0.0,29,19981,卖盘
606,10:33:48,6.89,0.0,15,10335,卖盘
607,10:34:03,6.9,0.01,14,9648,买盘
608,10:34:06,6.89,-0.01,5,3445,卖盘
609,10:34:09,6.89,0.0,20,13780,卖盘
610,10:34:12,6.9,0.01,1,690,买盘
611,10:34:18,6.9,0.0,41,28290,买盘
612,10:34:33,6.9,0.0,11,7590,买盘
613,10:34:36,6.89,-0.01,140,96460,卖盘
614,10:34:39,6.9,0.01,12,8280,买盘
615,10:34:42,6.89,-0.01,33,22737,卖盘
616,10:34:52,6.89,0.0,14,9646,买盘
617,10:35:01,6.89,0.0,4,2756,买盘
618,10:35:04,6.88,-0.01,30,20640,卖盘
619,10:35:07,6.88,0.0,1,688,卖盘
620,10:35:15,6.9,0.02,5,3450,买盘
621,10:35:21,6.9,0.0,1,690,买盘
622,10:35:27,6.89,-0.01,88,60632,卖盘
623,10:35:30,6.89,0.0,36,24804,卖盘
624,10:35:36,6.89,0.0,3,2067,卖盘
625,10:35:39,6.89,0.0,110,75790,卖盘
626,10:35:42,6.9,0.01,38,26220,买盘
627,10:36:06,6.89,-0.01,1,689,卖盘
628,10:36:09,6.9,0.01,14,9660,买盘
629,10:36:13,6.9,0.0,3,2070,卖盘
630,10:36:15,6.9,0.0,8,5520,卖盘
631,10:36:19,6.9,0.0,1,690,卖盘
632,10:36:21,6.9,0.0,21,14491,卖盘
633,10:36:24,6.91,0.01,1,691,买盘
634,10:36:31,6.9,-0.01,6,4140,卖盘
635,10:36:33,6.9,0.0,5,3450,卖盘
636,10:36:48,6.92,0.02,360,248838,买盘
637,10:36:55,6.91,-0.01,43,29713,卖盘
638,10:36:58,6.91,0.0,17,11747,买盘
639,10:37:00,6.91,0.0,113,78083,买盘
640,10:37:06,6.9,-0.01,1,690,卖盘
641,10:37:12,6.91,0.01,36,24876,买盘
642,10:37:15,6.91,0.0,10,6910,卖盘
643,10:37:21,6.91,0.0,6,4146,卖盘
644,10:37:24,6.91,0.0,20,13820,卖盘
645,10:37:39,6.92,0.01,15,10380,买盘
646,10:37:48,6.91,-0.01,20,13820,卖盘
647,10:37:52,6.92,0.01,1,692,买盘
648,10:38:06,6.91,-0.01,1,691,卖盘
649,10:38:09,6.92,0.01,1,692,买盘
650,10:38:12,6.91,-0.01,23,15893,卖盘
651,10:38:19,6.91,0.0,9,6219,卖盘
652,10:38:24,6.91,0.0,7,4837,卖盘
653,10:38:30,6.91,0.0,45,31095,卖盘
654,10:38:43,6.91,0.0,30,20730,卖盘
655,10:38:57,6.91,0.0,20,13820,卖盘
656,10:39:00,6.91,0.0,1,691,卖盘
657,10:39:09,6.92,0.01,140,96880,买盘
658,10:39:18,6.92,0.0,1,692,买盘
659,10:39:24,6.91,-0.01,19,13131,卖盘
660,10:39:30,6.9,-0.01,38,26249,卖盘
661,10:39:36,6.9,0.0,37,25530,卖盘
662,10:39:39,6.9,0.0,30,20700,卖盘
663,10:39:51,6.91,0.01,54,37314,买盘
664,10:39:58,6.91,0.0,5,3455,卖盘
665,10:40:04,6.92,0.01,92,63664,买盘
666,10:40:12,6.93,0.01,83,57519,买盘
667,10:40:24,6.92,-0.01,20,13840,卖盘
668,10:40:45,6.92,0.0,5,3460,卖盘
669,10:41:00,6.92,0.0,20,13840,卖盘
670,10:41:24,6.92,0.0,14,9688,卖盘
671,10:41:39,6.92,0.0,15,10380,卖盘
672,10:41:45,6.92,0.0,12,8304,卖盘
673,10:41:48,6.93,0.01,11,7622,买盘
674,10:41:51,6.92,-0.01,20,13840,卖盘
675,10:41:57,6.93,0.01,57,39501,买盘
676,10:42:00,6.93,0.0,239,165627,买盘
677,10:42:15,6.93,0.0,8,5544,卖盘
678,10:42:24,6.93,0.0,10,6930,卖盘
679,10:42:27,6.93,0.0,48,33288,卖盘
680,10:42:30,6.93,0.0,28,19404,卖盘
681,10:42:36,6.93,0.0,1,693,买盘
682,10:42:55,6.93,0.0,27,18711,买盘
683,10:43:00,6.93,0.0,5,3465,买盘
684,10:43:06,6.93,0.0,50,34650,买盘
685,10:43:09,6.93,0.0,106,73458,买盘
686,10:43:18,6.93,0.0,1,693,买盘
687,10:43:33,6.93,0.0,3,2079,卖盘
688,10:43:36,6.93,0.0,4,2772,卖盘
689,10:44:00,6.93,0.0,17,11781,卖盘
690,10:44:04,6.93,0.0,15,10395,卖盘
691,10:44:06,6.94,0.01,19,13172,买盘
692,10:44:10,6.93,-0.01,12,8316,卖盘
693,10:44:12,6.94,0.01,62,43015,买盘
694,10:44:15,6.93,-0.01,2,1386,卖盘
695,10:44:18,6.91,-0.02,115,79602,卖盘
696,10:44:24,6.91,0.0,6,4146,买盘
697,10:44:30,6.91,0.0,10,6910,买盘
698,10:44:42,6.91,0.0,16,11056,买盘
699,10:44:54,6.91,0.0,55,38005,买盘
700,10:45:06,6.93,0.02,70,48450,买盘
701,10:45:22,6.92,-0.01,1,692,买盘
702,10:45:24,6.92,0.0,10,6920,买盘
703,10:45:30,6.93,0.01,4,2772,买盘
704,10:46:09,6.91,-0.02,20,13820,卖盘
705,10:46:21,6.91,0.0,12,8292,卖盘
706,10:46:27,6.91,0.0,47,32546,卖盘
707,10:46:30,6.91,0.0,36,24876,卖盘
708,10:46:36,6.92,0.01,24,16585,买盘
709,10:46:39,6.92,0.0,9,6228,买盘
710,10:46:42,6.91,-0.01,58,40078,卖盘
711,10:46:49,6.91,0.0,2,1382,卖盘
712,10:46:52,6.91,0.0,150,103650,卖盘
713,10:47:00,6.91,0.0,42,28953,卖盘
714,10:47:03,6.91,0.0,2,1382,买盘
715,10:47:16,6.9,-0.01,10,6901,卖盘
716,10:47:30,6.9,0.0,83,57380,卖盘
717,10:47:36,6.9,0.0,2,1380,卖盘
718,10:47:39,6.9,0.0,18,12420,卖盘
719,10:47:45,6.9,0.0,8,5520,卖盘
720,10:47:57,6.91,0.01,10,6910,卖盘
721,10:48:09,6.91,0.0,2,1382,卖盘
722,10:48:33,6.92,0.01,116,80272,买盘
723,10:48:39,6.92,0.0,2,1384,卖盘
724,10:48:48,6.92,0.0,10,6920,卖盘
725,10:49:18,6.92,0.0,95,65740,卖盘
726,10:49:33,6.92,0.0,11,7612,买盘
727,10:49:42,6.92,0.0,4,2768,买盘
728,10:49:45,6.92,0.0,3,2076,买盘
729,10:49:54,6.92,0.0,1,692,买盘
730,10:49:57,6.92,0.0,19,13148,买盘
731,10:50:00,6.92,0.0,5,3460,买盘
732,10:50:12,6.92,0.0,2,1384,买盘
733,10:50:18,6.92,0.0,1,692,买盘
734,10:50:24,6.92,0.0,48,33216,买盘
735,10:50:33,6.92,0.0,2,1384,卖盘
736,10:50:48,6.92,0.0,6,4152,卖盘
737,10:51:04,6.91,-0.01,2,1382,卖盘
738,10:51:10,6.92,0.01,4,2768,买盘
739,10:51:48,6.92,0.0,7,4844,买盘
740,10:51:51,6.92,0.0,18,12456,买盘
741,10:51:57,6.91,-0.01,50,34550,卖盘
742,10:52:30,6.92,0.01,18,12456,买盘
743,10:52:36,6.92,0.0,16,11072,买盘
744,10:52:43,6.91,-0.01,20,13820,卖盘
745,10:52:54,6.92,0.01,2,1384,买盘
746,10:52:57,6.93,0.01,23,15939,买盘
747,10:53:18,6.92,-0.01,10,6920,卖盘
748,10:53:21,6.92,0.0,6,4152,卖盘
749,10:53:24,6.92,0.0,7,4844,卖盘
750,10:53:33,6.92,0.0,2,1384,卖盘
751,10:53:36,6.93,0.01,1,693,买盘
752,10:53:40,6.93,0.0,106,73458,买盘
753,10:53:43,6.93,0.0,4,2772,买盘
754,10:53:51,6.93,0.0,42,29106,卖盘
755,10:53:54,6.93,0.0,1,693,买盘
756,10:54:00,6.93,0.0,1,693,卖盘
757,10:54:07,6.92,-0.01,2,1384,卖盘
758,10:54:36,6.93,0.01,4,2772,买盘
759,10:54:39,6.93,0.0,32,22176,卖盘
760,10:55:04,6.92,-0.01,2,1384,卖盘
761,10:55:06,6.92,0.0,74,51208,卖盘
762,10:55:09,6.92,0.0,3,2076,买盘
763,10:55:18,6.92,0.0,95,65740,买盘
764,10:55:31,6.92,0.0,3,2076,买盘
765,10:55:36,6.91,-0.01,1,691,卖盘
766,10:55:57,6.92,0.01,1,692,买盘
767,10:56:06,6.91,-0.01,2,1382,卖盘
768,10:56:21,6.92,0.01,1,692,卖盘
769,10:56:24,6.93,0.01,11,7613,买盘
770,10:56:36,6.92,-0.01,2,1384,卖盘
771,10:56:48,6.93,0.01,1,693,买盘
772,10:56:58,6.92,-0.01,9,6228,卖盘
773,10:57:04,6.92,0.0,2,1384,卖盘
774,10:57:06,6.93,0.01,14,9689,买盘
775,10:57:36,6.92,-0.01,2,1384,卖盘
776,10:57:45,6.93,0.01,2,1386,买盘
777,10:57:52,6.93,0.0,3,2079,买盘
778,10:57:57,6.92,-0.01,55,38066,卖盘
779,10:58:06,6.92,0.0,2,1384,卖盘
780,10:58:12,6.93,0.01,10,6930,买盘
781,10:58:36,6.93,0.0,3,2077,买盘
782,10:58:49,6.93,0.0,2,1386,买盘
783,10:59:04,6.92,-0.01,2,1384,卖盘
784,10:59:12,6.93,0.01,1,693,买盘
785,10:59:21,6.92,-0.01,2,1385,卖盘
786,10:59:30,6.93,0.01,1,693,买盘
787,10:59:36,6.93,0.0,2,1385,买盘
788,11:00:00,6.92,-0.01,86,59512,卖盘
789,11:00:04,6.93,0.01,55,38115,买盘
790,11:00:06,6.92,-0.01,2,1384,卖盘
791,11:00:15,6.93,0.01,7,4851,买盘
792,11:00:24,6.93,0.0,3,2079,买盘
793,11:00:27,6.92,-0.01,10,6920,卖盘
794,11:00:36,6.92,0.0,2,1384,卖盘
795,11:00:51,6.93,0.01,5,3465,买盘
796,11:01:06,6.92,-0.01,5,3460,卖盘
797,11:01:21,6.93,0.01,1,693,买盘
798,11:01:33,6.93,0.0,1,693,买盘
799,11:01:36,6.92,-0.01,12,8304,卖盘
800,11:02:00,6.92,0.0,240,166080,卖盘
801,11:02:03,6.91,-0.01,2,1382,卖盘
802,11:02:06,6.92,0.01,1,692,买盘
803,11:02:27,6.92,0.0,23,15916,买盘
804,11:02:36,6.91,-0.01,2,1382,卖盘
805,11:02:42,6.91,0.0,33,22803,卖盘
806,11:02:48,6.92,0.01,2,1384,买盘
807,11:02:51,6.92,0.0,1,692,买盘
808,11:03:06,6.91,-0.01,2,1382,卖盘
809,11:03:15,6.91,0.0,4,2764,卖盘
810,11:03:18,6.92,0.01,7,4844,买盘
811,11:03:21,6.92,0.0,88,60896,买盘
812,11:03:36,6.92,0.0,1,692,卖盘
813,11:03:49,6.92,0.0,14,9688,卖盘
814,11:03:52,6.92,0.0,20,13840,卖盘
815,11:03:54,6.92,0.0,43,29756,卖盘
816,11:04:00,6.92,0.0,1,692,卖盘
817,11:04:04,6.92,0.0,10,6920,卖盘
818,11:04:06,6.92,0.0,2,1384,卖盘
819,11:04:36,6.92,0.0,2,1384,卖盘
820,11:04:54,6.92,0.0,20,13840,卖盘
821,11:05:00,6.92,0.0,10,6920,卖盘
822,11:05:06,6.92,0.0,2,1384,卖盘
823,11:05:13,6.92,0.0,20,13840,卖盘
824,11:05:30,6.93,0.01,12,8316,买盘
825,11:05:37,6.92,-0.01,32,22144,卖盘
826,11:05:45,6.93,0.01,2,1386,买盘
827,11:05:54,6.93,0.0,12,8316,买盘
828,11:05:57,6.92,-0.01,33,22839,卖盘
829,11:06:00,6.93,0.01,9,6237,买盘
830,11:06:04,6.93,0.0,114,79000,买盘
831,11:06:09,6.93,0.0,63,43659,买盘
832,11:06:16,6.93,0.0,6,4158,买盘
833,11:06:18,6.93,0.0,127,88011,买盘
834,11:06:21,6.94,0.01,30,20820,买盘
835,11:06:24,6.93,-0.01,20,13860,卖盘
836,11:06:28,6.94,0.01,443,307442,买盘
837,11:06:30,6.94,0.0,75,52050,买盘
838,11:06:33,6.94,0.0,2,1388,卖盘
839,11:06:36,6.95,0.01,67,46541,买盘
840,11:06:45,6.95,0.0,55,38225,买盘
841,11:06:48,6.95,0.0,43,29885,买盘
842,11:06:51,6.95,0.0,500,347500,买盘
843,11:06:55,6.95,0.0,340,236300,买盘
844,11:06:57,6.96,0.01,40,27828,买盘
845,11:07:06,6.95,-0.01,104,72380,卖盘
846,11:07:09,6.96,0.01,103,71688,买盘
847,11:07:12,6.95,-0.01,20,13900,卖盘
848,11:07:15,6.96,0.01,36,25056,买盘
849,11:07:18,6.96,0.0,10,6960,买盘
850,11:07:21,6.95,-0.01,35,24325,卖盘
851,11:07:24,6.95,0.0,1,695,卖盘
852,11:07:28,6.96,0.01,514,357703,买盘
853,11:07:33,6.96,0.0,229,159384,买盘
854,11:07:36,6.96,0.0,2,1392,卖盘
855,11:07:39,6.97,0.01,40,27860,买盘
856,11:07:42,6.96,-0.01,11,7656,卖盘
857,11:07:45,6.96,0.0,4,2782,买盘
858,11:07:48,6.96,0.0,20,13920,买盘
859,11:07:54,6.96,0.0,10,6960,买盘
860,11:07:57,6.96,0.0,8,5568,买盘
861,11:08:00,6.96,0.0,1,696,买盘
862,11:08:03,6.96,0.0,29,20184,卖盘
863,11:08:06,6.96,0.0,10,6960,买盘
864,11:08:09,6.96,0.0,20,13920,买盘
865,11:08:12,6.96,0.0,3,2088,买盘
866,11:08:18,6.96,0.0,19,13224,买盘
867,11:08:27,6.96,0.0,9,6269,卖盘
868,11:08:33,6.97,0.01,65,45275,买盘
869,11:08:36,6.96,-0.01,14,9744,卖盘
870,11:08:39,6.96,0.0,8,5568,买盘
871,11:08:42,6.96,0.0,2,1392,买盘
872,11:08:45,6.96,0.0,42,29232,卖盘
873,11:08:49,6.95,-0.01,7,4869,卖盘
874,11:09:03,6.96,0.01,40,27840,中性盘
875,11:09:06,6.96,0.0,9,6264,卖盘
876,11:09:15,6.96,0.0,62,43152,买盘
877,11:09:18,6.95,-0.01,5,3475,卖盘
878,11:09:24,6.95,0.0,29,20156,卖盘
879,11:09:27,6.96,0.01,6,4176,买盘
880,11:09:33,6.96,0.0,11,7656,买盘
881,11:09:36,6.95,-0.01,2,1390,卖盘
882,11:09:42,6.95,0.0,156,108568,卖盘
883,11:09:45,6.95,0.0,17,11815,买盘
884,11:09:48,6.95,0.0,33,22935,买盘
885,11:09:58,6.94,-0.01,20,13880,卖盘
886,11:10:06,6.94,0.0,2,1388,卖盘
887,11:10:28,6.95,0.01,30,20850,买盘
888,11:10:36,6.94,-0.01,2,1388,卖盘
889,11:10:42,6.95,0.01,52,36140,买盘
890,11:10:45,6.95,0.0,2,1390,买盘
891,11:10:48,6.95,0.0,20,13900,买盘
892,11:10:51,6.95,0.0,75,52125,买盘
893,11:10:57,6.95,0.0,29,20155,卖盘
894,11:11:00,6.95,0.0,20,13900,卖盘
895,11:11:06,6.95,0.0,2,1390,卖盘
896,11:11:30,6.95,0.0,35,24325,卖盘
897,11:11:36,6.95,0.0,2,1390,卖盘
898,11:11:39,6.95,0.0,18,12510,卖盘
899,11:11:48,6.95,0.0,2,1390,买盘
900,11:11:51,6.94,-0.01,24,16656,卖盘
901,11:12:06,6.95,0.01,32,22239,买盘
902,11:12:10,6.95,0.0,9,6255,卖盘
903,11:12:36,6.95,0.0,8,5560,卖盘
904,11:12:42,6.96,0.01,9,6263,买盘
905,11:12:45,6.95,-0.01,2,1390,卖盘
906,11:12:54,6.95,0.0,26,18070,卖盘
907,11:13:00,6.95,0.0,20,13900,卖盘
908,11:13:06,6.95,0.0,2,1390,卖盘
909,11:13:18,6.96,0.01,2,1392,买盘
910,11:13:21,6.96,0.0,338,235248,买盘
911,11:13:24,6.97,0.01,6,4182,买盘
912,11:13:31,6.97,0.0,2,1394,买盘
913,11:13:34,6.97,0.0,162,112914,买盘
914,11:13:36,6.97,0.0,31,21607,买盘
915,11:13:39,6.97,0.0,43,29969,买盘
916,11:13:42,6.97,0.0,1,697,卖盘
917,11:13:48,6.98,0.01,64,44672,买盘
918,11:13:51,6.98,0.0,100,69800,买盘
919,11:13:55,6.97,-0.01,10,6970,卖盘
920,11:13:58,6.98,0.01,172,120056,买盘
921,11:14:01,6.99,0.01,123,85927,买盘
922,11:14:04,6.99,0.0,389,271911,买盘
923,11:14:06,6.99,0.0,2,1398,卖盘
924,11:14:09,7.0,0.01,13,9100,买盘
925,11:14:12,7.0,0.0,100,70000,买盘
926,11:14:15,7.0,0.0,113,79100,买盘
927,11:14:21,7.01,0.01,40,28040,买盘
928,11:14:25,7.0,-0.01,147,102957,卖盘
929,11:14:28,7.0,0.0,36,25200,买盘
930,11:14:31,7.0,0.0,200,140000,买盘
931,11:14:36,6.99,-0.01,3,2097,卖盘
932,11:14:39,7.0,0.01,22,15398,买盘
933,11:14:42,6.99,-0.01,76,53192,卖盘
934,11:14:45,7.0,0.01,10,6996,买盘
935,11:15:03,7.0,0.0,7,4900,买盘
936,11:15:09,7.0,0.0,123,86096,买盘
937,11:15:12,7.0,0.0,1,700,卖盘
938,11:15:15,7.0,0.0,2,1400,卖盘
939,11:15:18,7.0,0.0,31,21700,卖盘
940,11:15:21,7.01,0.01,3,2101,买盘
941,11:15:24,7.0,-0.01,1,700,卖盘
942,11:15:30,7.0,0.0,45,31497,买盘
943,11:15:33,7.0,0.0,5,3500,买盘
944,11:15:36,6.99,-0.01,2,1398,中性盘
945,11:15:39,7.0,0.01,33,23097,买盘
946,11:15:42,6.99,-0.01,68,47532,卖盘
947,11:15:45,7.0,0.01,85,59438,买盘
948,11:15:48,6.99,-0.01,1,699,中性盘
949,11:15:51,6.98,-0.01,141,98418,卖盘
950,11:15:54,6.98,0.0,11,7678,买盘
951,11:16:00,6.98,0.0,10,6980,买盘
952,11:16:03,6.98,0.0,3,2094,买盘
953,11:16:06,6.98,0.0,37,25826,买盘
954,11:16:25,6.98,0.0,3,2094,卖盘
955,11:16:36,6.98,0.0,9,6282,卖盘
956,11:16:42,6.98,0.0,1,698,卖盘
957,11:16:45,6.98,0.0,60,41900,卖盘
958,11:16:57,6.99,0.01,9,6291,买盘
959,11:17:01,6.98,-0.01,20,13960,卖盘
960,11:17:04,6.99,0.01,6,4194,买盘
961,11:17:06,6.98,-0.01,3,2094,卖盘
962,11:17:09,6.98,0.0,1,698,中性盘
963,11:17:15,6.98,0.0,19,13262,买盘
964,11:17:27,6.98,0.0,18,12564,卖盘
965,11:17:30,6.99,0.01,74,51726,买盘
966,11:17:36,6.99,0.0,17,11883,卖盘
967,11:17:42,6.99,0.0,3,2097,卖盘
968,11:17:48,7.0,0.01,100,70000,买盘
969,11:17:57,6.99,-0.01,5,3495,卖盘
970,11:18:06,6.99,0.0,2,1398,卖盘
971,11:18:09,6.99,0.0,2,1398,卖盘
972,11:18:22,6.99,0.0,40,27990,卖盘
973,11:18:39,6.98,-0.01,2,1396,卖盘
974,11:18:42,6.98,0.0,1,698,卖盘
975,11:18:48,6.98,0.0,22,15366,卖盘
976,11:18:57,6.98,0.0,15,10470,卖盘
977,11:19:04,6.99,0.01,1,699,买盘
978,11:19:06,6.98,-0.01,2,1396,卖盘
979,11:19:21,6.98,0.0,5,3490,卖盘
980,11:19:27,6.99,0.01,12,8388,买盘
981,11:19:39,6.99,0.0,213,148874,买盘
982,11:19:42,7.0,0.01,36,25169,买盘
983,11:19:48,7.0,0.0,5,3500,买盘
984,11:19:54,7.0,0.0,200,140000,买盘
985,11:20:09,7.0,0.0,122,85398,买盘
986,11:20:18,7.0,0.0,145,101500,买盘
987,11:20:24,7.0,0.0,1,700,买盘
988,11:20:27,7.0,0.0,30,21000,买盘
989,11:20:30,7.0,0.0,19,13300,买盘
990,11:20:40,6.99,-0.01,1,699,卖盘
991,11:20:42,7.0,0.01,78,54599,买盘
992,11:20:48,7.0,0.0,170,119000,买盘
993,11:20:57,7.0,0.0,8,5600,卖盘
994,11:21:00,7.0,0.0,248,173600,卖盘
995,11:21:04,7.0,0.0,20,14000,买盘
996,11:21:07,7.0,0.0,62,43400,买盘
997,11:21:10,7.0,0.0,7,4900,卖盘
998,11:21:21,7.0,0.0,11,7700,卖盘
999,11:21:27,7.0,0.0,45,31500,卖盘
1000,11:21:30,7.0,0.0,45,31500,卖盘
1001,11:21:33,7.0,0.0,11,7700,卖盘
1002,11:21:39,6.99,-0.01,2,1398,卖盘
1003,11:21:45,7.0,0.01,58,40600,买盘
1004,11:21:48,7.0,0.0,2,1400,卖盘
1005,11:22:06,7.0,0.0,38,26600,买盘
1006,11:22:09,7.0,0.0,2,1400,卖盘
1007,11:22:16,7.0,0.0,14,9800,卖盘
1008,11:22:19,7.01,0.01,30,21013,买盘
1009,11:22:24,7.01,0.0,63,44140,买盘
1010,11:22:30,7.0,-0.01,33,23130,中性盘
1011,11:22:36,7.01,0.01,28,19628,买盘
1012,11:22:39,7.0,-0.01,2,1400,卖盘
1013,11:22:42,7.01,0.01,14,9814,买盘
1014,11:22:48,7.0,-0.01,1,700,卖盘
1015,11:22:51,7.01,0.01,28,19628,买盘
1016,11:22:54,7.0,-0.01,15,10500,卖盘
1017,11:23:04,7.0,0.0,17,11900,卖盘
1018,11:23:09,7.0,0.0,1,700,买盘
1019,11:23:12,6.99,-0.01,2,1398,卖盘
1020,11:23:21,7.0,0.01,13,9097,买盘
1021,11:23:39,7.0,0.0,3,2100,买盘
1022,11:23:42,7.0,0.0,10,6995,买盘
1023,11:23:57,7.0,0.0,3,2100,买盘
1024,11:24:09,6.99,-0.01,2,1398,卖盘
1025,11:24:18,6.99,0.0,1,699,卖盘
1026,11:24:21,6.99,0.0,3,2097,卖盘
1027,11:24:24,7.0,0.01,2,1400,买盘
1028,11:24:39,6.99,-0.01,1,699,卖盘
1029,11:24:42,7.0,0.01,100,70000,买盘
1030,11:24:45,7.0,0.0,15,10500,买盘
1031,11:24:54,7.0,0.0,1,700,卖盘
1032,11:25:09,7.0,0.0,2,1400,卖盘
1033,11:25:15,7.0,0.0,89,62300,卖盘
1034,11:25:25,7.0,0.0,11,7700,买盘
1035,11:25:39,7.01,0.01,3,2103,买盘
1036,11:25:42,7.01,0.0,311,217985,买盘
1037,11:25:48,7.0,-0.01,1,700,卖盘
1038,11:25:57,7.01,0.01,81,56781,买盘
1039,11:26:09,7.01,0.0,2,1402,卖盘
1040,11:26:21,7.02,0.01,52,36504,买盘
1041,11:26:24,7.02,0.0,14,9828,买盘
1042,11:26:27,7.02,0.0,29,20358,买盘
1043,11:26:30,7.02,0.0,59,41418,买盘
1044,11:26:33,7.02,0.0,352,247104,买盘
1045,11:26:37,7.03,0.01,466,327135,买盘
1046,11:26:39,7.03,0.0,6,4218,买盘
1047,11:26:42,7.02,-0.01,3,2107,卖盘
1048,11:26:45,7.03,0.01,5,3515,买盘
1049,11:26:48,7.03,0.0,181,127243,买盘
1050,11:26:54,7.03,0.0,71,49913,买盘
1051,11:26:57,7.03,0.0,10,7030,买盘
1052,11:27:00,7.03,0.0,115,80845,买盘
1053,11:27:04,7.04,0.01,20,14070,买盘
1054,11:27:06,7.03,-0.01,30,21090,卖盘
1055,11:27:09,7.04,0.01,5,3520,买盘
1056,11:27:12,7.03,-0.01,75,52735,卖盘
1057,11:27:15,7.03,0.0,350,246331,买盘
1058,11:27:18,7.03,0.0,7,4921,卖盘
1059,11:27:21,7.03,0.0,10,7030,卖盘
1060,11:27:24,7.03,0.0,17,11958,卖盘
1061,11:27:27,7.03,0.0,10,7030,卖盘
1062,11:27:33,7.03,0.0,38,26740,卖盘
1063,11:27:39,7.02,-0.01,2,1404,卖盘
1064,11:27:54,7.03,0.01,36,25308,买盘
1065,11:28:13,7.03,0.0,124,87170,买盘
1066,11:28:24,7.04,0.01,30,21120,买盘
1067,11:28:30,7.04,0.0,7,4928,买盘
1068,11:28:33,7.04,0.0,207,145522,买盘
1069,11:28:39,7.03,-0.01,1,703,卖盘
1070,11:28:42,7.03,0.0,34,23902,卖盘
1071,11:28:48,7.04,0.01,1,704,买盘
1072,11:28:54,7.04,0.0,35,24640,买盘
1073,11:28:57,7.03,-0.01,5,3515,卖盘
1074,11:29:04,7.03,0.0,212,149036,卖盘
1075,11:29:09,7.02,-0.01,2,1404,卖盘
1076,11:29:12,7.03,0.01,50,35150,买盘
1077,11:29:24,7.02,-0.01,5,3510,卖盘
1078,11:29:27,7.03,0.01,21,14763,买盘
1079,11:29:30,7.02,-0.01,407,285721,卖盘
1080,11:29:36,7.03,0.01,6,4218,买盘
1081,11:29:39,7.02,-0.01,2,1404,卖盘
1082,11:29:42,7.02,0.0,10,7020,卖盘
1083,11:29:51,7.03,0.01,1,703,买盘
1084,13:00:01,7.03,0.0,6,4218,买盘
1085,13:00:04,7.03,0.0,903,635260,买盘
1086,13:00:07,7.03,0.0,117,82251,卖盘
1087,13:00:09,7.04,0.01,12,8446,买盘
1088,13:00:18,7.05,0.01,477,336102,买盘
1089,13:00:24,7.03,-0.02,100,70300,卖盘
1090,13:00:27,7.05,0.02,3,2115,买盘
1091,13:00:39,7.03,-0.02,32,22496,卖盘
1092,13:00:42,7.03,0.0,171,120213,卖盘
1093,13:00:45,7.02,-0.01,1,702,卖盘
1094,13:00:48,7.02,0.0,2,1404,卖盘
1095,13:00:52,7.02,0.0,9,6318,买盘
1096,13:00:57,7.01,-0.01,3,2103,卖盘
1097,13:01:12,7.0,-0.01,2,1400,卖盘
1098,13:01:15,7.01,0.01,4,2804,买盘
1099,13:01:21,7.01,0.0,2,1402,卖盘
1100,13:01:33,7.01,0.0,24,16824,卖盘
1101,13:01:42,7.01,0.0,54,37852,买盘
1102,13:01:54,7.02,0.01,66,46332,买盘
1103,13:02:00,7.02,0.0,5,3510,卖盘
1104,13:02:06,7.02,0.0,10,7020,卖盘
1105,13:02:12,7.01,-0.01,2,1402,卖盘
1106,13:02:15,7.01,0.0,1,701,卖盘
1107,13:02:30,7.01,0.0,20,14020,卖盘
1108,13:02:33,7.01,0.0,148,103748,卖盘
1109,13:02:39,7.01,0.0,2,1402,卖盘
1110,13:02:42,7.01,0.0,22,15422,卖盘
1111,13:02:45,7.02,0.01,30,21060,买盘
1112,13:03:06,7.0,-0.02,36,25200,卖盘
1113,13:03:12,7.0,0.0,230,161080,卖盘
1114,13:03:18,6.99,-0.01,6,4199,卖盘
1115,13:03:27,7.0,0.01,91,63700,买盘
1116,13:03:30,7.0,0.0,16,11202,卖盘
1117,13:03:36,7.01,0.01,4,2804,买盘
1118,13:03:42,7.0,-0.01,2,1400,卖盘
1119,13:03:45,7.0,0.0,1,700,卖盘
1120,13:03:48,7.01,0.01,51,35751,买盘
1121,13:04:12,7.01,0.0,2,1402,卖盘
1122,13:04:18,7.01,0.0,6,4206,卖盘
1123,13:04:21,7.01,0.0,6,4206,卖盘
1124,13:04:42,7.01,0.0,2,1402,卖盘
1125,13:04:51,7.01,0.0,2,1402,卖盘
1126,13:04:54,7.01,0.0,14,9814,卖盘
1127,13:05:04,7.01,0.0,67,46967,卖盘
1128,13:05:12,7.01,0.0,19,13336,卖盘
1129,13:05:15,7.01,0.0,70,49070,卖盘
1130,13:05:18,7.01,0.0,20,14020,卖盘
1131,13:05:21,7.01,0.0,9,6309,卖盘
1132,13:05:30,7.01,0.0,25,17525,卖盘
1133,13:05:42,7.01,0.0,2,1402,卖盘
1134,13:05:51,7.02,0.01,100,70200,买盘
1135,13:06:00,7.02,0.0,200,140400,买盘
1136,13:06:10,7.01,-0.01,2,1402,卖盘
1137,13:06:15,7.02,0.01,3,2106,买盘
1138,13:06:30,7.02,0.0,30,21060,买盘
1139,13:06:36,7.02,0.0,21,14742,买盘
1140,13:06:42,7.01,-0.01,2,1402,卖盘
1141,13:06:54,7.01,0.0,55,38555,卖盘
1142,13:07:09,7.01,0.0,1,701,卖盘
1143,13:07:15,7.02,0.01,39,27378,买盘
1144,13:07:18,7.01,-0.01,26,18226,卖盘
1145,13:07:24,7.01,0.0,70,49070,卖盘
1146,13:07:36,7.02,0.01,32,22464,买盘
1147,13:07:39,7.01,-0.01,2,1402,卖盘
1148,13:07:46,7.01,0.0,6,4206,卖盘
1149,13:07:51,7.01,0.0,4,2804,卖盘
1150,13:08:12,7.01,0.0,2,1402,卖盘
1151,13:08:21,7.01,0.0,100,70100,卖盘
1152,13:08:28,7.02,0.01,4,2808,买盘
1153,13:08:31,7.01,-0.01,10,7010,卖盘
1154,13:08:33,7.01,0.0,2,1402,卖盘
1155,13:08:39,7.01,0.0,2,1402,卖盘
1156,13:08:45,7.01,0.0,81,56781,卖盘
1157,13:08:48,7.01,0.0,20,14020,卖盘
1158,13:08:54,7.01,0.0,208,145808,卖盘
1159,13:09:00,7.01,0.0,7,4907,卖盘
1160,13:09:03,7.01,0.0,6,4206,卖盘
1161,13:09:06,7.01,0.0,99,69399,卖盘
1162,13:09:09,7.0,-0.01,2,1400,卖盘
1163,13:09:27,7.0,0.0,2,1400,卖盘
1164,13:09:39,7.0,0.0,2,1400,卖盘
1165,13:09:49,7.0,0.0,152,106400,卖盘
1166,13:09:54,7.0,0.0,8,5600,卖盘
1167,13:10:04,6.99,-0.01,88,61512,卖盘
1168,13:10:06,6.99,0.0,10,6990,卖盘
1169,13:10:09,6.99,0.0,2,1398,卖盘
1170,13:10:19,6.99,0.0,3,2097,卖盘
1171,13:10:21,6.99,0.0,4,2796,卖盘
1172,13:10:33,6.99,0.0,34,23766,卖盘
1173,13:10:40,6.99,0.0,1,699,卖盘
1174,13:10:43,6.99,0.0,10,6990,卖盘
1175,13:11:06,6.99,0.0,4,2796,卖盘
1176,13:11:18,7.0,0.01,67,46900,买盘
1177,13:11:21,7.0,0.0,1,700,卖盘
1178,13:11:33,6.99,-0.01,1,699,卖盘
1179,13:11:37,6.99,0.0,8,5599,卖盘
1180,13:11:51,7.0,0.01,23,16100,买盘
1181,13:11:54,7.0,0.0,4,2800,卖盘
1182,13:12:04,7.01,0.01,95,66585,买盘
1183,13:12:24,6.99,-0.02,4,2796,卖盘
1184,13:12:36,7.0,0.01,2,1400,买盘
1185,13:12:39,7.0,0.0,8,5600,买盘
1186,13:13:00,7.0,0.0,5,3500,买盘
1187,13:13:06,6.99,-0.01,3,2097,卖盘
1188,13:13:21,7.0,0.01,1,700,买盘
1189,13:13:27,7.0,0.0,8,5600,买盘
1190,13:13:36,7.0,0.0,2,1400,买盘
1191,13:14:04,7.0,0.0,1,700,买盘
1192,13:14:27,6.99,-0.01,5,3495,卖盘
1193,13:14:36,7.0,0.01,7,4900,买盘
1194,13:14:42,6.99,-0.01,5,3495,卖盘
1195,13:15:03,6.99,0.0,8,5595,卖盘
1196,13:15:06,6.99,0.0,20,13980,卖盘
1197,13:15:18,6.99,0.0,10,6990,卖盘
1198,13:15:37,6.99,0.0,5,3495,卖盘
1199,13:15:51,7.0,0.01,4,2800,买盘
1200,13:15:57,7.0,0.0,53,37050,买盘
1201,13:16:06,6.99,-0.01,10,6990,卖盘
1202,13:16:18,6.99,0.0,20,13980,卖盘
1203,13:16:24,6.99,0.0,3,2097,卖盘
1204,13:16:57,6.99,0.0,30,20970,卖盘
1205,13:17:01,7.0,0.01,27,18900,买盘
1206,13:17:16,6.99,-0.01,50,34950,卖盘
1207,13:17:24,6.99,0.0,52,36348,卖盘
1208,13:17:40,6.99,0.0,12,8388,买盘
1209,13:17:42,6.99,0.0,6,4194,买盘
1210,13:17:45,6.99,0.0,2,1398,买盘
1211,13:17:48,7.0,0.01,62,43369,买盘
1212,13:17:54,7.0,0.0,222,155400,买盘
1213,13:18:04,7.0,0.0,17,11900,卖盘
1214,13:18:15,7.0,0.0,11,7700,卖盘
1215,13:18:27,7.0,0.0,82,57458,卖盘
1216,13:18:33,7.0,0.0,20,14000,买盘
1217,13:18:36,7.0,0.0,39,27300,买盘
1218,13:18:42,7.0,0.0,14,9800,买盘
1219,13:19:15,7.0,0.0,11,7700,买盘
1220,13:19:48,7.0,0.0,24,16800,买盘
1221,13:20:04,7.0,0.0,3,2100,卖盘
1222,13:20:42,7.0,0.0,35,24500,卖盘
1223,13:20:48,7.0,0.0,3,2100,卖盘
1224,13:20:52,7.0,0.0,1,700,卖盘
1225,13:20:54,7.0,0.0,1,700,卖盘
1226,13:20:57,7.0,0.0,1,700,卖盘
1227,13:21:00,7.0,0.0,2,1400,卖盘
1228,13:21:03,7.0,0.0,11,7700,卖盘
1229,13:21:06,7.0,0.0,3,2100,卖盘
1230,13:21:09,7.0,0.0,3,2100,卖盘
1231,13:21:16,7.0,0.0,1,700,卖盘
1232,13:21:24,7.0,0.0,68,47600,卖盘
1233,13:21:39,7.0,0.0,5,3500,买盘
1234,13:21:42,7.0,0.0,5,3500,买盘
1235,13:21:51,7.0,0.0,15,10500,卖盘
1236,13:21:54,7.0,0.0,2,1400,买盘
1237,13:22:00,7.0,0.0,1,700,买盘
1238,13:22:12,7.0,0.0,10,7000,买盘
1239,13:22:45,7.0,0.0,1,700,买盘
1240,13:23:00,7.0,0.0,6,4197,买盘
1241,13:23:09,6.99,-0.01,57,39850,卖盘
1242,13:24:07,6.99,0.0,40,27960,卖盘
1243,13:24:15,7.0,0.01,26,18200,买盘
1244,13:24:24,6.99,-0.01,8,5592,卖盘
1245,13:24:30,6.99,0.0,14,9786,卖盘
1246,13:24:33,6.99,0.0,12,8388,卖盘
1247,13:24:36,6.99,0.0,24,16776,卖盘
1248,13:24:39,6.99,0.0,12,8388,卖盘
1249,13:24:42,6.99,0.0,69,48232,卖盘
1250,13:24:45,6.99,0.0,9,6291,卖盘
1251,13:24:48,6.99,0.0,55,38445,卖盘
1252,13:24:51,6.99,0.0,35,24465,卖盘
1253,13:24:54,6.98,-0.01,2,1396,卖盘
1254,13:25:06,6.98,0.0,30,20940,卖盘
1255,13:25:09,6.98,0.0,1,698,卖盘
1256,13:25:24,6.99,0.01,2,1398,买盘
1257,13:25:37,6.98,-0.01,10,6980,卖盘
1258,13:26:04,6.98,0.0,22,15356,卖盘
1259,13:26:12,6.99,0.01,7,4893,买盘
1260,13:26:21,6.98,-0.01,9,6282,卖盘
1261,13:26:36,6.98,0.0,8,5584,卖盘
1262,13:26:39,6.98,0.0,26,18148,卖盘
1263,13:26:52,6.99,0.01,158,110442,买盘
1264,13:26:54,6.99,0.0,6,4194,卖盘
1265,13:26:57,6.99,0.0,1,699,卖盘
1266,13:27:00,6.99,0.0,1,699,卖盘
1267,13:27:04,6.99,0.0,24,16776,卖盘
1268,13:27:06,6.99,0.0,1,699,卖盘
1269,13:27:09,6.99,0.0,9,6291,卖盘
1270,13:27:28,6.98,-0.01,8,5584,卖盘
1271,13:27:42,6.98,0.0,9,6282,卖盘
1272,13:28:00,6.98,0.0,9,6282,卖盘
1273,13:28:04,6.98,0.0,20,13960,卖盘
1274,13:28:16,6.98,0.0,8,5584,卖盘
1275,13:28:30,6.97,-0.01,50,34890,卖盘
1276,13:28:33,6.98,0.01,1,698,买盘
1277,13:28:40,6.98,0.0,7,4886,买盘
1278,13:28:48,6.98,0.0,8,5584,卖盘
1279,13:29:00,6.98,0.0,29,20242,卖盘
1280,13:29:06,6.98,0.0,8,5584,卖盘
1281,13:29:21,6.98,0.0,8,5584,卖盘
1282,13:29:39,6.98,0.0,11,7678,卖盘
1283,13:29:57,6.98,0.0,9,6282,卖盘
1284,13:30:01,6.98,0.0,29,20242,卖盘
1285,13:30:15,6.97,-0.01,129,89913,卖盘
1286,13:30:18,6.97,0.0,1,697,买盘
1287,13:30:21,6.97,0.0,27,18819,买盘
1288,13:30:24,6.97,0.0,10,6961,买盘
1289,13:30:30,6.96,-0.01,43,29928,卖盘
1290,13:30:43,6.96,0.0,29,20184,卖盘
1291,13:30:45,6.96,0.0,2,1392,卖盘
1292,13:30:48,6.96,0.0,24,16704,卖盘
1293,13:30:51,6.96,0.0,60,41760,卖盘
1294,13:30:54,6.97,0.01,42,29234,买盘
1295,13:30:57,6.96,-0.01,8,5568,卖盘
1296,13:31:00,6.97,0.01,1,697,买盘
1297,13:31:06,6.96,-0.01,20,13920,卖盘
1298,13:31:12,6.97,0.01,30,20910,买盘
1299,13:31:21,6.96,-0.01,17,11832,卖盘
1300,13:31:24,6.96,0.0,100,69600,卖盘
1301,13:31:36,6.96,0.0,10,6960,卖盘
1302,13:31:48,6.97,0.01,1,697,买盘
1303,13:31:57,6.97,0.0,1,697,买盘
1304,13:32:06,6.96,-0.01,16,11136,卖盘
1305,13:32:37,6.96,0.0,163,113448,卖盘
1306,13:32:46,6.97,0.01,5,3485,买盘
1307,13:32:51,6.96,-0.01,30,20880,卖盘
1308,13:32:54,6.96,0.0,58,40368,卖盘
1309,13:32:57,6.96,0.0,5,3480,卖盘
1310,13:33:09,6.96,0.0,10,6960,卖盘
1311,13:33:15,6.96,0.0,13,9048,买盘
1312,13:33:27,6.96,0.0,1,696,买盘
1313,13:33:33,6.96,0.0,18,12528,买盘
1314,13:33:46,6.96,0.0,63,43848,买盘
1315,13:33:49,6.96,0.0,10,6960,卖盘
1316,13:34:03,6.96,0.0,29,20184,卖盘
1317,13:34:12,6.96,0.0,1,696,卖盘
1318,13:34:15,6.96,0.0,61,42456,卖盘
1319,13:34:27,6.96,0.0,2,1392,买盘
1320,13:34:33,6.95,-0.01,149,103555,卖盘
1321,13:34:37,6.96,0.01,3,2088,买盘
1322,13:34:39,6.95,-0.01,10,6950,卖盘
1323,13:34:43,6.95,0.0,10,6950,卖盘
1324,13:34:45,6.96,0.01,30,20880,买盘
1325,13:34:54,6.95,-0.01,26,18070,卖盘
1326,13:35:04,6.95,0.0,13,9035,卖盘
1327,13:35:13,6.95,0.0,20,13900,卖盘
1328,13:35:21,6.95,0.0,35,24325,卖盘
1329,13:35:30,6.95,0.0,24,16680,卖盘
1330,13:35:33,6.95,0.0,6,4170,卖盘
1331,13:35:36,6.96,0.01,21,14615,买盘
1332,13:35:57,6.97,0.01,19,13243,买盘
1333,13:36:00,6.97,0.0,1,697,卖盘
1334,13:36:03,6.97,0.0,1,697,卖盘
1335,13:36:06,6.97,0.0,1,697,卖盘
1336,13:36:09,6.97,0.0,1,697,卖盘
1337,13:36:13,6.97,0.0,1,697,卖盘
1338,13:36:16,6.97,0.0,1,697,卖盘
1339,13:36:19,6.97,0.0,1,697,卖盘
1340,13:36:22,6.97,0.0,7,4879,卖盘
1341,13:36:25,6.97,0.0,4,2788,卖盘
1342,13:36:27,6.97,0.0,3,2091,卖盘
1343,13:36:30,6.97,0.0,4,2788,卖盘
1344,13:36:33,6.98,0.01,21,14652,买盘
1345,13:36:36,6.97,-0.01,2,1394,卖盘
1346,13:36:39,6.97,0.0,4,2788,卖盘
1347,13:36:43,6.97,0.0,4,2788,卖盘
1348,13:36:45,6.97,0.0,2,1394,卖盘
1349,13:36:48,6.97,0.0,3,2091,卖盘
1350,13:36:51,6.98,0.01,33,23034,买盘
1351,13:37:06,6.98,0.0,3,2094,买盘
1352,13:37:12,6.97,-0.01,10,6970,卖盘
1353,13:37:15,6.97,0.0,1,697,卖盘
1354,13:37:19,6.97,0.0,12,8364,卖盘
1355,13:37:33,6.97,0.0,43,29971,买盘
1356,13:37:39,6.96,-0.01,8,5568,卖盘
1357,13:38:09,6.96,0.0,5,3480,卖盘
1358,13:38:16,6.96,0.0,107,74472,卖盘
1359,13:38:19,6.96,0.0,57,39672,买盘
1360,13:38:21,6.96,0.0,15,10440,卖盘
1361,13:38:24,6.97,0.01,8,5576,买盘
1362,13:38:45,6.96,-0.01,433,301368,卖盘
1363,13:39:00,6.96,0.0,60,41760,买盘
1364,13:39:24,6.96,0.0,83,57718,买盘
1365,13:39:36,6.95,-0.01,3,2085,卖盘
1366,13:39:42,6.96,0.01,12,8352,买盘
1367,13:39:48,6.96,0.0,1,696,卖盘
1368,13:39:57,6.96,0.0,1,696,卖盘
1369,13:40:04,6.96,0.0,1,696,买盘
1370,13:40:06,6.95,-0.01,6,4170,卖盘
1371,13:40:21,6.95,0.0,38,26410,卖盘
1372,13:40:30,6.94,-0.01,7,4858,卖盘
1373,13:40:39,6.95,0.01,3,2085,买盘
1374,13:40:48,6.95,0.0,9,6255,买盘
1375,13:41:09,6.94,-0.01,2,1388,卖盘
1376,13:41:58,6.95,0.01,2,1390,卖盘
1377,13:42:01,6.96,0.01,60,41760,买盘
1378,13:42:06,6.96,0.0,13,9048,买盘
1379,13:42:24,6.96,0.0,3,2088,买盘
1380,13:42:28,6.96,0.0,18,12528,买盘
1381,13:42:42,6.96,0.0,9,6264,买盘
1382,13:42:57,6.96,0.0,15,10440,买盘
1383,13:43:39,6.95,-0.01,50,34799,卖盘
1384,13:43:57,6.95,0.0,20,13910,卖盘
1385,13:44:36,6.95,0.0,30,20850,卖盘
1386,13:45:24,6.95,0.0,59,41005,卖盘
1387,13:45:27,6.95,0.0,4,2780,卖盘
1388,13:45:30,6.95,0.0,4,2780,卖盘
1389,13:45:33,6.95,0.0,12,8340,卖盘
1390,13:45:36,6.95,0.0,4,2780,卖盘
1391,13:45:39,6.95,0.0,15,10425,卖盘
1392,13:45:42,6.95,0.0,13,9035,卖盘
1393,13:45:45,6.95,0.0,4,2780,卖盘
1394,13:45:48,6.95,0.0,58,40310,卖盘
1395,13:45:51,6.94,-0.01,11,7635,卖盘
1396,13:46:12,6.94,0.0,22,15268,卖盘
1397,13:46:19,6.94,0.0,35,24320,卖盘
1398,13:46:21,6.94,0.0,74,51356,卖盘
1399,13:46:24,6.94,0.0,35,24290,卖盘
1400,13:46:33,6.94,0.0,30,20820,买盘
1401,13:46:36,6.94,0.0,15,10410,买盘
1402,13:46:39,6.93,-0.01,36,24948,卖盘
1403,13:46:57,6.95,0.02,132,91696,买盘
1404,13:47:00,6.93,-0.02,3,2079,卖盘
1405,13:47:04,6.93,0.0,10,6930,卖盘
1406,13:47:06,6.93,0.0,8,5544,卖盘
1407,13:47:15,6.93,0.0,106,73458,卖盘
1408,13:47:28,6.93,0.0,10,6930,卖盘
1409,13:47:33,6.93,0.0,2,1387,卖盘
1410,13:47:45,6.93,0.0,5,3465,卖盘
1411,13:48:00,6.94,0.01,3,2082,买盘
1412,13:48:04,6.94,0.0,12,8328,买盘
1413,13:48:06,6.94,0.0,1,694,买盘
1414,13:48:19,6.94,0.0,50,34700,买盘
1415,13:48:21,6.95,0.01,51,35403,买盘
1416,13:48:28,6.94,-0.01,20,13880,卖盘
1417,13:48:31,6.94,0.0,10,6940,卖盘
1418,13:48:34,6.94,0.0,30,20820,卖盘
1419,13:48:36,6.94,0.0,6,4164,卖盘
1420,13:48:39,6.94,0.0,19,13186,买盘
1421,13:48:51,6.94,0.0,50,34700,卖盘
1422,13:49:00,6.94,0.0,2,1388,卖盘
1423,13:49:33,6.95,0.01,43,29843,买盘
1424,13:49:54,6.95,0.0,17,11815,买盘
1425,13:50:04,6.94,-0.01,14,9716,卖盘
1426,13:50:09,6.95,0.01,51,35445,买盘
1427,13:50:12,6.94,-0.01,10,6940,卖盘
1428,13:50:24,6.94,0.0,50,34700,卖盘
1429,13:50:40,6.94,0.0,40,27760,卖盘
1430,13:50:43,6.95,0.01,3,2085,买盘
1431,13:50:49,6.94,-0.01,10,6940,卖盘
1432,13:51:00,6.94,0.0,13,9022,卖盘
1433,13:51:09,6.94,0.0,2,1388,卖盘
1434,13:51:30,6.94,0.0,6,4164,卖盘
1435,13:51:40,6.94,0.0,1,694,卖盘
1436,13:51:42,6.94,0.0,37,25678,卖盘
1437,13:51:54,6.94,0.0,12,8328,买盘
1438,13:52:06,6.94,0.0,11,7633,买盘
1439,13:52:10,6.94,0.0,1,694,买盘
1440,13:52:13,6.93,-0.01,10,6930,卖盘
1441,13:52:16,6.94,0.01,2,1388,买盘
1442,13:52:39,6.92,-0.02,435,301327,卖盘
1443,13:52:54,6.92,0.0,55,38010,买盘
1444,13:53:00,6.91,-0.01,5,3457,卖盘
1445,13:53:03,6.92,0.01,14,9688,买盘
1446,13:53:06,6.91,-0.01,1,691,卖盘
1447,13:53:13,6.92,0.01,9,6222,买盘
1448,13:53:15,6.91,-0.01,15,10365,卖盘
1449,13:53:54,6.92,0.01,6,4152,买盘
1450,13:54:06,6.91,-0.01,326,225267,卖盘
1451,13:54:09,6.91,0.0,3,2073,卖盘
1452,13:54:36,6.91,0.0,14,9675,卖盘
1453,13:54:39,6.91,0.0,71,49061,卖盘
1454,13:54:45,6.91,0.0,3,2073,卖盘
1455,13:54:48,6.9,-0.01,1,690,卖盘
1456,13:54:57,6.91,0.01,54,37305,买盘
1457,13:55:09,6.91,0.0,8,5521,买盘
1458,13:55:18,6.91,0.0,18,12438,买盘
1459,13:55:27,6.91,0.0,3,2073,卖盘
1460,13:55:39,6.91,0.0,3,2073,买盘
1461,13:56:00,6.91,0.0,50,34550,买盘
1462,13:56:06,6.9,-0.01,1,690,卖盘
1463,13:56:18,6.91,0.01,10,6910,买盘
1464,13:56:24,6.9,-0.01,5,3450,卖盘
1465,13:56:31,6.9,0.0,10,6900,卖盘
1466,13:56:51,6.9,0.0,20,13811,卖盘
1467,13:56:54,6.91,0.01,10,6910,买盘
1468,13:56:57,6.92,0.01,28,19360,买盘
1469,13:57:06,6.9,-0.02,1,690,卖盘
1470,13:57:30,6.91,0.01,10,6910,卖盘
1471,13:57:36,6.91,0.0,26,17966,卖盘
1472,13:57:39,6.92,0.01,214,148065,买盘
1473,13:58:00,6.92,0.0,272,188224,卖盘
1474,13:58:04,6.92,0.0,8,5536,卖盘
1475,13:58:06,6.92,0.0,4,2768,卖盘
1476,13:58:09,6.93,0.01,5,3463,买盘
1477,13:58:12,6.92,-0.01,3,2076,卖盘
1478,13:58:18,6.92,0.0,1,692,卖盘
1479,13:58:21,6.92,0.0,1,692,卖盘
1480,13:58:24,6.92,0.0,1,692,卖盘
1481,13:58:27,6.92,0.0,1,692,卖盘
1482,13:58:30,6.92,0.0,1,692,卖盘
1483,13:58:33,6.92,0.0,1,692,卖盘
1484,13:58:36,6.92,0.0,1,692,卖盘
1485,13:58:40,6.92,0.0,1,692,卖盘
1486,13:58:43,6.93,0.01,81,56122,买盘
1487,13:58:45,6.92,-0.01,1,692,卖盘
1488,13:58:49,6.92,0.0,1,692,卖盘
1489,13:58:51,6.92,0.0,1,692,卖盘
1490,13:58:54,6.92,0.0,1,692,卖盘
1491,13:58:57,6.92,0.0,6,4152,卖盘
1492,13:59:00,6.92,0.0,5,3460,买盘
1493,13:59:06,6.91,-0.01,1,691,卖盘
1494,13:59:12,6.93,0.02,36,24948,买盘
1495,13:59:15,6.9,-0.03,1000,690225,卖盘
1496,13:59:33,6.9,0.0,7,4830,卖盘
1497,13:59:48,6.9,0.0,16,11040,卖盘
1498,13:59:51,6.93,0.03,51,35302,买盘
1499,13:59:57,6.9,-0.03,26,17940,卖盘
1500,14:00:06,6.9,0.0,6,4140,卖盘
1501,14:00:24,6.9,0.0,9,6210,卖盘
1502,14:00:27,6.92,0.02,1,692,买盘
1503,14:00:30,6.9,-0.02,2,1380,卖盘
1504,14:00:42,6.9,0.0,7,4830,卖盘
1505,14:00:45,6.9,0.0,10,6900,卖盘
1506,14:00:51,6.9,0.0,40,27600,卖盘
1507,14:00:54,6.9,0.0,44,30360,卖盘
1508,14:00:57,6.9,0.0,3,2070,买盘
1509,14:01:04,6.9,0.0,4,2760,买盘
1510,14:01:15,6.9,0.0,1,690,买盘
1511,14:01:21,6.89,-0.01,38,26182,卖盘
1512,14:01:30,6.9,0.01,3,2070,买盘
1513,14:01:33,6.89,-0.01,60,41340,卖盘
1514,14:01:36,6.9,0.01,25,17240,买盘
1515,14:01:43,6.89,-0.01,5,3445,卖盘
1516,14:02:00,6.9,0.01,26,17940,买盘
1517,14:02:04,6.9,0.0,1,690,买盘
1518,14:02:09,6.9,0.0,76,52440,买盘
1519,14:02:15,6.9,0.0,34,23460,买盘
1520,14:02:18,6.9,0.0,15,10350,卖盘
1521,14:02:24,6.9,0.0,8,5520,卖盘
1522,14:02:33,6.91,0.01,4,2764,买盘
1523,14:02:54,6.91,0.0,24,16584,买盘
1524,14:02:57,6.91,0.0,5,3455,买盘
1525,14:03:09,6.91,0.0,13,8983,买盘
1526,14:03:15,6.91,0.0,2,1382,买盘
1527,14:03:33,6.91,0.0,2,1382,买盘
1528,14:03:42,6.91,0.0,9,6219,买盘
1529,14:03:48,6.91,0.0,9,6219,买盘
1530,14:03:51,6.91,0.0,3,2073,买盘
1531,14:03:57,6.9,-0.01,20,13803,卖盘
1532,14:04:00,6.92,0.02,4,2768,买盘
1533,14:04:06,6.92,0.0,1,692,买盘
1534,14:04:12,6.92,0.0,44,30448,买盘
1535,14:04:21,6.92,0.0,11,7612,买盘
1536,14:04:25,6.92,0.0,26,17992,买盘
1537,14:04:39,6.92,0.0,9,6228,买盘
1538,14:04:57,6.92,0.0,2,1384,买盘
1539,14:05:04,6.91,-0.01,13,8983,卖盘
1540,14:05:12,6.92,0.01,100,69150,买盘
1541,14:05:18,6.91,-0.01,11,7601,卖盘
1542,14:05:21,6.92,0.01,115,79571,买盘
1543,14:05:24,6.91,-0.01,10,6910,中性盘
1544,14:05:30,6.92,0.01,4,2768,买盘
1545,14:05:36,6.93,0.01,51,35311,买盘
1546,14:05:39,6.92,-0.01,5,3460,卖盘
1547,14:05:45,6.92,0.0,14,9688,买盘
1548,14:05:48,6.92,0.0,24,16608,买盘
1549,14:05:57,6.92,0.0,22,15224,卖盘
1550,14:06:06,6.93,0.01,1,693,买盘
1551,14:06:12,6.93,0.0,50,34603,买盘
1552,14:06:25,6.92,-0.01,33,22836,卖盘
1553,14:06:31,6.92,0.0,20,13840,买盘
1554,14:06:34,6.92,0.0,18,12456,买盘
1555,14:06:45,6.92,0.0,16,11072,买盘
1556,14:06:58,6.92,0.0,4,2768,买盘
1557,14:07:01,6.91,-0.01,10,6910,卖盘
1558,14:07:04,6.91,0.0,88,60808,卖盘
1559,14:07:07,6.92,0.01,1,692,买盘
1560,14:07:09,6.91,-0.01,36,24876,卖盘
1561,14:07:12,6.91,0.0,10,6910,卖盘
1562,14:07:36,6.91,0.0,21,14511,卖盘
1563,14:07:39,6.91,0.0,10,6910,卖盘
1564,14:07:45,6.91,0.0,138,95358,卖盘
1565,14:08:04,6.9,-0.01,1,690,卖盘
1566,14:08:09,6.9,0.0,134,92460,卖盘
1567,14:08:12,6.9,0.0,11,7590,卖盘
1568,14:08:15,6.9,0.0,2,1380,买盘
1569,14:08:28,6.9,0.0,4,2760,买盘
1570,14:08:36,6.9,0.0,1,690,买盘
1571,14:08:39,6.9,0.0,1,690,买盘
1572,14:08:42,6.89,-0.01,19,13091,卖盘
1573,14:09:04,6.89,0.0,28,19292,卖盘
1574,14:09:15,6.89,0.0,6,4134,卖盘
1575,14:09:18,6.89,0.0,86,59254,卖盘
1576,14:09:30,6.88,-0.01,76,52304,卖盘
1577,14:09:36,6.88,0.0,3,2064,卖盘
1578,14:09:42,6.89,0.01,10,6890,买盘
1579,14:09:45,6.89,0.0,2,1378,买盘
1580,14:09:48,6.88,-0.01,130,89440,卖盘
1581,14:09:52,6.88,0.0,373,256624,卖盘
1582,14:09:54,6.88,0.0,117,80496,卖盘
1583,14:09:57,6.88,0.0,13,8948,卖盘
1584,14:10:00,6.88,0.0,11,7568,卖盘
1585,14:10:04,6.88,0.0,1,688,卖盘
1586,14:10:06,6.88,0.0,1,688,卖盘
1587,14:10:10,6.88,0.0,2,1376,买盘
1588,14:10:12,6.88,0.0,1,688,买盘
1589,14:10:18,6.87,-0.01,10,6870,卖盘
1590,14:10:21,6.88,0.01,2,1376,买盘
1591,14:10:24,6.88,0.0,13,8944,卖盘
1592,14:10:31,6.88,0.0,5,3440,卖盘
1593,14:10:42,6.88,0.0,10,6880,买盘
1594,14:10:45,6.87,-0.01,62,42594,卖盘
1595,14:11:03,6.87,0.0,101,69387,卖盘
1596,14:11:06,6.88,0.01,2,1376,买盘
1597,14:11:09,6.88,0.0,16,11008,买盘
1598,14:11:21,6.88,0.0,34,23392,买盘
1599,14:11:27,6.88,0.0,10,6874,买盘
1600,14:11:30,6.88,0.0,56,38479,买盘
1601,14:11:39,6.88,0.0,25,17200,买盘
1602,14:11:42,6.88,0.0,20,13760,买盘
1603,14:11:51,6.87,-0.01,35,24060,卖盘
1604,14:11:54,6.88,0.01,3,2064,买盘
1605,14:12:00,6.88,0.0,15,10320,买盘
1606,14:12:04,6.87,-0.01,1,687,卖盘
1607,14:12:06,6.87,0.0,10,6870,卖盘
1608,14:12:09,6.87,0.0,6,4122,卖盘
1609,14:12:24,6.88,0.01,3,2064,买盘
1610,14:12:27,6.87,-0.01,8,5496,卖盘
1611,14:12:33,6.87,0.0,9,6183,卖盘
1612,14:12:48,6.88,0.01,26,17878,买盘
1613,14:12:51,6.87,-0.01,100,68700,卖盘
1614,14:12:58,6.88,0.01,4,2752,买盘
1615,14:13:04,6.87,-0.01,5,3435,卖盘
1616,14:13:06,6.87,0.0,14,9618,卖盘
1617,14:13:09,6.87,0.0,25,17175,卖盘
1618,14:13:18,6.87,0.0,20,13740,买盘
1619,14:13:24,6.87,0.0,14,9618,买盘
1620,14:13:27,6.87,0.0,1,687,买盘
1621,14:13:33,6.87,0.0,5,3435,买盘
1622,14:13:57,6.86,-0.01,60,41160,卖盘
1623,14:14:00,6.86,0.0,8,5488,卖盘
1624,14:14:04,6.86,0.0,5,3430,买盘
1625,14:14:13,6.85,-0.01,15,10278,卖盘
1626,14:14:19,6.85,0.0,39,26715,卖盘
1627,14:14:27,6.86,0.01,4,2744,买盘
1628,14:14:30,6.85,-0.01,36,24676,卖盘
1629,14:14:39,6.85,0.0,24,16427,买盘
1630,14:14:45,6.85,0.0,2,1370,买盘
1631,14:14:57,6.84,-0.01,20,13680,卖盘
1632,14:15:00,6.84,0.0,8,5472,卖盘
1633,14:15:04,6.84,0.0,1,684,卖盘
1634,14:15:06,6.84,0.0,2,1368,卖盘
1635,14:15:09,6.84,0.0,2,1368,买盘
1636,14:15:12,6.84,0.0,1,684,买盘
1637,14:15:15,6.83,-0.01,19,12977,卖盘
1638,14:15:18,6.83,0.0,5,3415,卖盘
1639,14:15:21,6.84,0.01,15,10260,买盘
1640,14:15:24,6.84,0.0,60,41040,卖盘
1641,14:15:27,6.84,0.0,10,6840,卖盘
1642,14:15:39,6.85,0.01,10,6850,买盘
1643,14:15:48,6.84,-0.01,31,21204,卖盘
1644,14:15:54,6.84,0.0,4,2736,买盘
1645,14:15:57,6.84,0.0,3,2052,买盘
1646,14:16:00,6.84,0.0,62,42347,买盘
1647,14:16:03,6.83,-0.01,1,683,卖盘
1648,14:16:06,6.84,0.01,20,13680,买盘
1649,14:16:09,6.84,0.0,16,10944,买盘
1650,14:16:22,6.83,-0.01,39,26637,卖盘
1651,14:16:27,6.83,0.0,6,4098,卖盘
1652,14:16:39,6.83,0.0,1,683,卖盘
1653,14:16:45,6.83,0.0,1,683,卖盘
1654,14:16:48,6.83,0.0,29,19807,卖盘
1655,14:16:51,6.83,0.0,1,683,卖盘
1656,14:16:54,6.83,0.0,1,683,卖盘
1657,14:17:06,6.83,0.0,55,37615,卖盘
1658,14:17:09,6.83,0.0,13,8879,卖盘
1659,14:17:12,6.83,0.0,20,13660,卖盘
1660,14:17:24,6.84,0.01,4,2736,买盘
1661,14:17:27,6.84,0.0,12,8208,买盘
1662,14:17:33,6.84,0.0,38,25992,买盘
1663,14:17:36,6.84,0.0,51,34884,买盘
1664,14:17:51,6.84,0.0,16,10944,买盘
1665,14:17:54,6.84,0.0,40,27360,买盘
1666,14:18:00,6.84,0.0,1,684,买盘
1667,14:18:04,6.84,0.0,200,136800,买盘
1668,14:18:06,6.85,0.01,14,9590,买盘
1669,14:18:09,6.84,-0.01,59,40356,卖盘
1670,14:18:22,6.84,0.0,13,8892,买盘
1671,14:18:27,6.84,0.0,15,10260,买盘
1672,14:18:30,6.83,-0.01,10,6830,卖盘
1673,14:18:42,6.84,0.01,188,128592,买盘
1674,14:19:12,6.85,0.01,2,1370,买盘
1675,14:19:18,6.85,0.0,100,68500,买盘
1676,14:19:27,6.86,0.01,16,10976,买盘
1677,14:19:33,6.86,0.0,4,2744,买盘
1678,14:19:36,6.86,0.0,27,18522,卖盘
1679,14:19:48,6.86,0.0,1,686,买盘
1680,14:19:57,6.86,0.0,20,13720,买盘
1681,14:20:04,6.85,-0.01,13,8905,卖盘
1682,14:20:15,6.85,0.0,10,6850,卖盘
1683,14:20:24,6.86,0.01,2,1372,买盘
1684,14:20:28,6.86,0.0,1,686,卖盘
1685,14:20:30,6.86,0.0,1,686,卖盘
1686,14:20:34,6.86,0.0,1,686,卖盘
1687,14:20:36,6.86,0.0,1,686,卖盘
1688,14:20:39,6.86,0.0,1,686,卖盘
1689,14:20:42,6.86,0.0,1,686,卖盘
1690,14:20:45,6.86,0.0,1,686,卖盘
1691,14:20:48,6.86,0.0,1,686,卖盘
1692,14:20:51,6.86,0.0,1,686,卖盘
1693,14:20:54,6.87,0.01,39,26792,买盘
1694,14:21:04,6.87,0.0,34,23358,买盘
1695,14:21:06,6.88,0.01,16,11008,买盘
1696,14:21:09,6.87,-0.01,6,4122,卖盘
1697,14:21:12,6.88,0.01,12,8256,买盘
1698,14:21:18,6.88,0.0,9,6192,买盘
1699,14:21:30,6.88,0.0,105,72165,买盘
1700,14:21:33,6.88,0.0,14,9632,卖盘
1701,14:21:36,6.88,0.0,34,23392,卖盘
1702,14:21:39,6.88,0.0,2,1376,卖盘
1703,14:21:42,6.89,0.01,11,7576,买盘
1704,14:21:46,6.89,0.0,2,1378,买盘
1705,14:21:49,6.88,-0.01,1,688,卖盘
1706,14:21:51,6.89,0.01,13,8956,买盘
1707,14:21:54,6.89,0.0,31,21358,买盘
1708,14:21:57,6.89,0.0,5,3445,卖盘
1709,14:22:00,6.89,0.0,9,6201,卖盘
1710,14:22:04,6.89,0.0,11,7579,卖盘
1711,14:22:06,6.89,0.0,9,6201,卖盘
1712,14:22:09,6.89,0.0,6,4134,卖盘
1713,14:22:12,6.89,0.0,8,5512,卖盘
1714,14:22:15,6.89,0.0,5,3445,卖盘
1715,14:22:18,6.89,0.0,6,4134,卖盘
1716,14:22:22,6.88,-0.01,52,35821,卖盘
1717,14:22:42,6.89,0.01,4,2756,买盘
1718,14:22:48,6.89,0.0,16,11024,买盘
1719,14:23:04,6.88,-0.01,10,6880,卖盘
1720,14:24:06,6.89,0.01,34,23404,买盘
1721,14:24:18,6.89,0.0,9,6201,买盘
1722,14:24:31,6.9,0.01,16,11026,买盘
1723,14:24:36,6.89,-0.01,2,1378,卖盘
1724,14:24:54,6.9,0.01,81,55890,买盘
1725,14:24:58,6.89,-0.01,8,5512,卖盘
1726,14:25:09,6.9,0.01,110,75894,买盘
1727,14:25:21,6.9,0.0,7,4830,买盘
1728,14:25:30,6.9,0.0,25,17250,买盘
1729,14:25:36,6.91,0.01,14,9666,买盘
1730,14:25:54,6.91,0.0,49,33859,买盘
1731,14:26:07,6.91,0.0,30,20730,卖盘
1732,14:26:10,6.91,0.0,60,41476,卖盘
1733,14:26:15,6.91,0.0,18,12438,买盘
1734,14:26:18,6.91,0.0,17,11747,卖盘
1735,14:26:25,6.91,0.0,74,51134,买盘
1736,14:26:36,6.9,-0.01,50,34500,卖盘
1737,14:26:54,6.89,-0.01,41,28249,卖盘
1738,14:26:57,6.88,-0.01,14,9632,卖盘
1739,14:27:00,6.88,0.0,1,688,卖盘
1740,14:27:06,6.85,-0.03,276,189682,卖盘
1741,14:27:12,6.88,0.03,8,5504,中性盘
1742,14:27:15,6.88,0.0,10,6880,买盘
1743,14:27:24,6.88,0.0,3,2064,买盘
1744,14:27:27,6.85,-0.03,20,13700,卖盘
1745,14:27:39,6.88,0.03,25,17200,买盘
1746,14:27:48,6.89,0.01,16,11016,买盘
1747,14:27:52,6.88,-0.01,8,5504,卖盘
1748,14:27:54,6.88,0.0,14,9632,买盘
1749,14:28:00,6.86,-0.02,91,62444,卖盘
1750,14:28:03,6.86,0.0,12,8232,买盘
1751,14:28:16,6.86,0.0,10,6860,买盘
1752,14:28:21,6.86,0.0,32,21952,买盘
1753,14:28:24,6.86,0.0,3,2058,买盘
1754,14:28:27,6.86,0.0,3,2058,买盘
1755,14:28:30,6.86,0.0,1,686,买盘
1756,14:28:45,6.86,0.0,65,44590,买盘
1757,14:28:57,6.85,-0.01,26,17810,卖盘
1758,14:29:06,6.86,0.01,101,69236,买盘
1759,14:29:24,6.87,0.01,3,2061,买盘
1760,14:29:28,6.88,0.01,4,2752,买盘
1761,14:29:31,6.88,0.0,16,11008,买盘
1762,14:29:34,6.85,-0.03,45,30842,卖盘
1763,14:29:51,6.85,0.0,173,118515,卖盘
1764,14:30:03,6.84,-0.01,37,25308,卖盘
1765,14:30:09,6.84,0.0,12,8208,卖盘
1766,14:30:24,6.84,0.0,1,684,卖盘
1767,14:31:03,6.84,0.0,271,185364,卖盘
1768,14:31:09,6.84,0.0,37,25308,买盘
1769,14:31:18,6.84,0.0,22,15048,买盘
1770,14:31:24,6.84,0.0,50,34200,买盘
1771,14:31:30,6.84,0.0,5,3420,买盘
1772,14:31:34,6.84,0.0,3,2052,买盘
1773,14:31:36,6.83,-0.01,9,6147,卖盘
1774,14:31:39,6.84,0.01,26,17784,买盘
1775,14:31:48,6.84,0.0,12,8208,买盘
1776,14:31:54,6.84,0.0,6,4104,卖盘
1777,14:32:00,6.85,0.01,3,2055,买盘
1778,14:32:06,6.85,0.0,21,14385,买盘
1779,14:32:09,6.84,-0.01,29,19836,卖盘
1780,14:32:21,6.85,0.01,5,3425,买盘
1781,14:32:24,6.84,-0.01,8,5472,卖盘
1782,14:32:27,6.85,0.01,23,15755,买盘
1783,14:32:36,6.85,0.0,46,31510,买盘
1784,14:32:39,6.85,0.0,6,4110,买盘
1785,14:32:45,6.84,-0.01,25,17100,卖盘
1786,14:32:48,6.88,0.04,12,8256,买盘
1787,14:32:51,6.88,0.0,16,11008,买盘
1788,14:33:04,6.88,0.0,3,2064,买盘
1789,14:33:15,6.88,0.0,65,44720,买盘
1790,14:33:31,6.84,-0.04,20,13690,卖盘
1791,14:33:58,6.88,0.04,21,14448,买盘
1792,14:34:27,6.89,0.01,16,11020,买盘
1793,14:34:51,6.87,-0.02,3,2061,买盘
1794,14:34:57,6.87,0.0,1,687,买盘
1795,14:35:04,6.87,0.0,1,687,买盘
1796,14:35:12,6.86,-0.01,1,686,卖盘
1797,14:35:22,6.87,0.01,15,10305,买盘
1798,14:35:27,6.87,0.0,21,14427,买盘
1799,14:35:30,6.86,-0.01,10,6860,卖盘
1800,14:35:36,6.86,0.0,4,2744,卖盘
1801,14:35:54,6.87,0.01,1,687,买盘
1802,14:36:04,6.87,0.0,10,6870,买盘
1803,14:36:09,6.86,-0.01,66,45292,卖盘
1804,14:36:24,6.86,0.0,4,2744,卖盘
1805,14:36:27,6.87,0.01,6,4122,买盘
1806,14:36:48,6.85,-0.02,161,110352,卖盘
1807,14:36:57,6.86,0.01,22,15092,中性盘
1808,14:37:18,6.85,-0.01,4,2740,卖盘
1809,14:37:21,6.85,0.0,22,15070,卖盘
1810,14:37:24,6.85,0.0,2,1370,买盘
1811,14:37:43,6.85,0.0,12,8213,买盘
1812,14:37:51,6.85,0.0,16,10960,买盘
1813,14:37:54,6.85,0.0,10,6850,买盘
1814,14:38:00,6.85,0.0,27,18495,买盘
1815,14:38:03,6.84,-0.01,300,205200,卖盘
1816,14:38:06,6.84,0.0,11,7524,卖盘
1817,14:38:09,6.84,0.0,10,6840,卖盘
1818,14:38:16,6.84,0.0,103,70452,卖盘
1819,14:38:21,6.84,0.0,5,3420,卖盘
1820,14:38:25,6.84,0.0,21,14364,买盘
1821,14:38:33,6.84,0.0,3,2052,买盘
1822,14:39:00,6.84,0.0,7,4786,买盘
1823,14:39:06,6.84,0.0,5,3420,买盘
1824,14:39:12,6.84,0.0,23,15732,买盘
1825,14:39:15,6.83,-0.01,167,114061,卖盘
1826,14:39:22,6.84,0.01,13,8889,买盘
1827,14:39:27,6.83,-0.01,352,240450,卖盘
1828,14:39:30,6.84,0.01,17,11628,买盘
1829,14:39:33,6.84,0.0,5,3420,买盘
1830,14:39:39,6.83,-0.01,75,51225,卖盘
1831,14:39:43,6.83,0.0,30,20490,卖盘
1832,14:39:51,6.83,0.0,144,98352,卖盘
1833,14:39:54,6.83,0.0,100,68300,卖盘
1834,14:39:58,6.83,0.0,101,69004,卖盘
1835,14:40:00,6.83,0.0,23,15709,卖盘
1836,14:40:04,6.83,0.0,13,8879,买盘
1837,14:40:06,6.83,0.0,39,26618,买盘
1838,14:40:22,6.83,0.0,4,2732,买盘
1839,14:40:30,6.83,0.0,32,21856,买盘
1840,14:40:39,6.82,-0.01,4,2728,卖盘
1841,14:40:42,6.82,0.0,151,102982,卖盘
1842,14:40:46,6.82,0.0,19,12958,卖盘
1843,14:40:48,6.82,0.0,12,8184,卖盘
1844,14:40:51,6.82,0.0,168,114576,卖盘
1845,14:40:54,6.82,0.0,120,81840,卖盘
1846,14:40:57,6.81,-0.01,32,21792,卖盘
1847,14:41:01,6.81,0.0,203,138243,卖盘
1848,14:41:04,6.8,-0.01,111,75577,卖盘
1849,14:41:07,6.8,0.0,99,67320,卖盘
1850,14:41:09,6.8,0.0,190,129200,卖盘
1851,14:41:12,6.8,0.0,95,64616,卖盘
1852,14:41:15,6.8,0.0,435,295800,卖盘
1853,14:41:19,6.8,0.0,33,22508,卖盘
1854,14:41:25,6.81,0.01,21,14301,买盘
1855,14:41:30,6.8,-0.01,14,9520,卖盘
1856,14:41:33,6.81,0.01,103,70063,买盘
1857,14:41:39,6.8,-0.01,6,4085,卖盘
1858,14:41:51,6.8,0.0,308,209440,卖盘
1859,14:41:57,6.8,0.0,20,13600,卖盘
1860,14:42:00,6.81,0.01,42,28602,买盘
1861,14:42:06,6.8,-0.01,74,50320,卖盘
1862,14:42:09,6.8,0.0,2,1360,卖盘
1863,14:42:19,6.8,0.0,10,6800,卖盘
1864,14:42:21,6.81,0.01,5,3405,买盘
1865,14:42:24,6.8,-0.01,11,7480,卖盘
1866,14:42:27,6.8,0.0,29,19720,卖盘
1867,14:42:36,6.8,0.0,78,53045,卖盘
1868,14:42:40,6.8,0.0,2,1292,卖盘
1869,14:42:51,6.8,0.0,16,10880,买盘
1870,14:42:55,6.81,0.01,23,15649,买盘
1871,14:43:04,6.8,-0.01,24,16320,卖盘
1872,14:43:06,6.81,0.01,10,6810,买盘
1873,14:43:10,6.8,-0.01,23,15640,卖盘
1874,14:43:12,6.8,0.0,15,10200,卖盘
1875,14:43:25,6.81,0.01,30,20430,买盘
1876,14:43:39,6.81,0.0,5,3405,买盘
1877,14:43:49,6.81,0.0,6,4086,买盘
1878,14:43:52,6.81,0.0,20,13620,买盘
1879,14:43:58,6.8,-0.01,1,680,卖盘
1880,14:44:01,6.81,0.01,20,13620,买盘
1881,14:44:12,6.81,0.0,3,2043,买盘
1882,14:44:22,6.81,0.0,26,17706,买盘
1883,14:44:30,6.81,0.0,16,10896,买盘
1884,14:44:33,6.81,0.0,2,1362,买盘
1885,14:44:37,6.81,0.0,51,34731,买盘
1886,14:44:48,6.81,0.0,5,3405,买盘
1887,14:44:58,6.8,-0.01,300,204000,卖盘
1888,14:45:01,6.81,0.01,19,12939,买盘
1889,14:45:04,6.8,-0.01,11,7480,卖盘
1890,14:45:13,6.79,-0.01,35,23765,卖盘
1891,14:45:15,6.8,0.01,2,1360,买盘
1892,14:45:33,6.8,0.0,105,71559,买盘
1893,14:45:37,6.8,0.0,17,11554,买盘
1894,14:45:42,6.8,0.0,106,72080,买盘
1895,14:45:46,6.8,0.0,23,15640,买盘
1896,14:45:51,6.79,-0.01,29,19712,卖盘
1897,14:45:57,6.8,0.01,50,34000,买盘
1898,14:46:00,6.8,0.0,9,6120,买盘
1899,14:46:12,6.8,0.0,16,10880,买盘
1900,14:46:15,6.8,0.0,50,34000,买盘
1901,14:46:31,6.8,0.0,10,6800,买盘
1902,14:46:37,6.78,-0.02,603,408858,卖盘
1903,14:46:39,6.78,0.0,23,15594,买盘
1904,14:46:46,6.8,0.02,50,33979,买盘
1905,14:46:48,6.76,-0.04,50,33846,卖盘
1906,14:47:01,6.76,0.0,5,3380,卖盘
1907,14:47:06,6.76,0.0,621,419796,卖盘
1908,14:47:09,6.76,0.0,51,34476,买盘
1909,14:47:13,6.77,0.01,1,677,买盘
1910,14:47:16,6.76,-0.01,33,22308,卖盘
1911,14:47:19,6.76,0.0,132,89232,卖盘
1912,14:47:27,6.75,-0.01,207,139728,卖盘
1913,14:47:30,6.75,0.0,3,2025,买盘
1914,14:47:33,6.75,0.0,4,2700,买盘
1915,14:47:40,6.72,-0.03,134,90063,卖盘
1916,14:47:46,6.74,0.02,5,3370,买盘
1917,14:47:49,6.74,0.0,16,10774,买盘
1918,14:47:51,6.74,0.0,19,12806,买盘
1919,14:47:57,6.73,-0.01,9,6056,买盘
1920,14:48:04,6.73,0.0,35,23555,卖盘
1921,14:48:10,6.73,0.0,102,68646,买盘
1922,14:48:13,6.74,0.01,92,61936,买盘
1923,14:48:16,6.75,0.01,2,1350,买盘
1924,14:48:19,6.75,0.0,10,6750,买盘
1925,14:48:21,6.75,0.0,98,66053,买盘
1926,14:48:30,6.74,-0.01,403,272314,卖盘
1927,14:48:34,6.75,0.01,10,6750,卖盘
1928,14:48:36,6.75,0.0,21,14175,卖盘
1929,14:48:42,6.74,-0.01,5,3370,买盘
1930,14:48:46,6.74,0.0,4,2696,买盘
1931,14:48:49,6.74,0.0,62,41758,买盘
1932,14:48:51,6.73,-0.01,31,20866,卖盘
1933,14:48:58,6.74,0.01,10,6740,买盘
1934,14:49:04,6.74,0.0,20,13480,买盘
1935,14:49:07,6.74,0.0,27,18198,买盘
1936,14:49:10,6.74,0.0,13,8762,买盘
1937,14:49:13,6.73,-0.01,19,12800,卖盘
1938,14:49:21,6.74,0.01,4,2696,买盘
1939,14:49:24,6.74,0.0,1,674,买盘
1940,14:49:27,6.74,0.0,5,3370,买盘
1941,14:49:30,6.74,0.0,9,6066,买盘
1942,14:49:33,6.74,0.0,24,16176,买盘
1943,14:49:36,6.74,0.0,7,4718,买盘
1944,14:49:40,6.75,0.01,44,29700,买盘
1945,14:49:42,6.75,0.0,37,24975,买盘
1946,14:49:46,6.75,0.0,13,8775,买盘
1947,14:49:48,6.75,0.0,14,9450,买盘
1948,14:49:51,6.75,0.0,31,20925,买盘
1949,14:49:54,6.75,0.0,118,79650,买盘
1950,14:49:58,6.76,0.01,6,4055,买盘
1951,14:50:00,6.75,-0.01,2,1350,中性盘
1952,14:50:04,6.75,0.0,8,5400,买盘
1953,14:50:06,6.76,0.01,11,7436,买盘
1954,14:50:09,6.76,0.0,6,4056,买盘
1955,14:50:12,6.76,0.0,3,2028,买盘
1956,14:50:15,6.76,0.0,40,27040,买盘
1957,14:50:21,6.76,0.0,22,14872,卖盘
1958,14:50:24,6.76,0.0,176,118976,买盘
1959,14:50:31,6.78,0.02,300,202529,买盘
1960,14:50:42,6.76,-0.02,14,9474,卖盘
1961,14:50:45,6.77,0.01,4,2708,中性盘
1962,14:50:54,6.77,0.0,156,105611,买盘
1963,14:51:00,6.76,-0.01,33,22308,卖盘
1964,14:51:07,6.75,-0.01,29,19575,卖盘
1965,14:51:21,6.76,0.01,1,676,买盘
1966,14:51:25,6.75,-0.01,93,62775,卖盘
1967,14:51:28,6.75,0.0,19,12825,中性盘
1968,14:51:40,6.75,0.0,27,18225,买盘
1969,14:51:43,6.75,0.0,10,6750,买盘
1970,14:51:46,6.75,0.0,27,18225,卖盘
1971,14:51:58,6.75,0.0,19,12825,卖盘
1972,14:52:00,6.75,0.0,25,16875,买盘
1973,14:52:04,6.75,0.0,10,6750,买盘
1974,14:52:07,6.75,0.0,6,4050,买盘
1975,14:52:10,6.75,0.0,45,30375,买盘
1976,14:52:12,6.76,0.01,19,12844,买盘
1977,14:52:16,6.76,0.0,164,110862,买盘
1978,14:52:18,6.77,0.01,121,81917,买盘
1979,14:52:22,6.77,0.0,14,9478,买盘
1980,14:52:33,6.77,0.0,1,677,买盘
1981,14:52:40,6.76,-0.01,15,10145,卖盘
1982,14:52:43,6.77,0.01,22,14894,买盘
1983,14:52:45,6.78,0.01,56,37955,买盘
1984,14:52:48,6.78,0.0,1,678,买盘
1985,14:52:58,6.77,-0.01,38,25726,卖盘
1986,14:53:04,6.77,0.0,10,6770,买盘
1987,14:53:09,6.77,0.0,2,1354,买盘
1988,14:53:19,6.76,-0.01,72,48672,卖盘
1989,14:53:22,6.77,0.01,6,4062,买盘
1990,14:53:24,6.77,0.0,45,30465,买盘
1991,14:53:27,6.77,0.0,51,34527,卖盘
1992,14:53:34,6.78,0.01,61,41358,买盘
1993,14:53:39,6.77,-0.01,18,12186,卖盘
1994,14:53:45,6.78,0.01,347,235266,买盘
1995,14:53:49,6.78,0.0,5,3390,买盘
1996,14:53:52,6.78,0.0,159,107802,买盘
1997,14:53:55,6.78,0.0,14,9492,买盘
1998,14:53:58,6.78,0.0,4,2712,买盘
1999,14:54:00,6.78,0.0,9,6095,买盘
2000,14:54:04,6.78,0.0,23,15594,买盘
2001,14:54:07,6.78,0.0,5,3390,买盘
2002,14:54:10,6.77,-0.01,115,77856,卖盘
2003,14:54:13,6.77,0.0,28,18956,卖盘
2004,14:54:16,6.77,0.0,6,4062,买盘
2005,14:54:21,6.77,0.0,2,1354,买盘
2006,14:54:27,6.77,0.0,15,10155,买盘
2007,14:54:31,6.76,-0.01,234,158184,卖盘
2008,14:54:37,6.77,0.01,419,283595,买盘
2009,14:54:40,6.77,0.0,106,71762,买盘
2010,14:54:48,6.77,0.0,11,7447,买盘
2011,14:54:52,6.78,0.01,51,34578,买盘
2012,14:55:01,6.8,0.02,19,12910,买盘
2013,14:55:04,6.8,0.0,34,23339,买盘
2014,14:55:10,6.79,-0.01,270,183314,卖盘
2015,14:55:27,6.79,0.0,27,18333,买盘
2016,14:55:37,6.77,-0.02,40,27114,卖盘
2017,14:55:40,6.79,0.02,66,44800,买盘
2018,14:55:52,6.79,0.0,2,1358,买盘
2019,14:55:55,6.79,0.0,20,13580,买盘
2020,14:56:22,6.79,0.0,3,2037,买盘
2021,14:56:37,6.77,-0.02,35,23744,卖盘
2022,14:56:40,6.77,0.0,173,117181,卖盘
2023,14:56:48,6.8,0.03,9,6120,买盘
2024,14:57:00,6.79,-0.01,10,6790,买盘
2025,15:00:04,6.76,-0.03,834,563919,卖盘
