,time,price,change,volume,amount,type
0,09:25:04,6.6,-0.1,495,326700,买盘
1,09:30:00,6.58,-0.02,43,28322,卖盘
2,09:30:04,6.59,0.01,81,53315,买盘
3,09:30:07,6.58,-0.01,172,113008,买盘
4,09:30:09,6.56,-0.02,23,15091,卖盘
5,09:30:13,6.55,-0.01,39,25545,卖盘
6,09:30:16,6.54,-0.01,1,654,卖盘
7,09:30:18,6.54,0.0,1,654,卖盘
8,09:30:22,6.53,-0.01,29,18965,卖盘
9,09:30:24,6.54,0.01,78,50944,买盘
10,09:30:28,6.53,-0.01,89,58117,卖盘
11,09:30:31,6.54,0.01,34,22223,买盘
12,09:30:34,6.52,-0.02,65,42433,卖盘
13,09:30:40,6.55,0.03,78,51020,买盘
14,09:30:42,6.54,-0.01,58,37930,卖盘
15,09:30:45,6.55,0.01,81,53029,买盘
16,09:30:48,6.55,0.0,103,67567,卖盘
17,09:30:51,6.57,0.02,20,13123,买盘
18,09:30:55,6.57,0.0,73,47917,卖盘
19,09:30:57,6.58,0.01,2,1316,卖盘
20,09:31:00,6.58,0.0,2,1316,卖盘
21,09:31:04,6.58,0.0,48,31609,卖盘
22,09:31:09,6.55,-0.03,20,13100,卖盘
23,09:31:12,6.57,0.02,30,19668,中性盘
24,09:31:16,6.57,0.0,1,657,卖盘
25,09:31:18,6.55,-0.02,1,655,中性盘
26,09:31:22,6.55,0.0,35,22922,买盘
27,09:31:25,6.54,-0.01,28,18336,卖盘
28,09:31:27,6.55,0.01,22,14410,买盘
29,09:31:30,6.55,0.0,92,60260,卖盘
30,09:31:37,6.57,0.02,2,1314,买盘
31,09:31:39,6.54,-0.03,50,32772,卖盘
32,09:31:43,6.55,0.01,27,17685,买盘
33,09:31:45,6.55,0.0,115,75296,买盘
34,09:31:51,6.56,0.01,6,3936,卖盘
35,09:31:57,6.57,0.01,21,13797,买盘
36,09:32:04,6.57,0.0,3,1971,买盘
37,09:32:06,6.56,-0.01,18,11813,卖盘
38,09:32:09,6.55,-0.01,43,28217,卖盘
39,09:32:12,6.57,0.02,6,3940,买盘
40,09:32:19,6.57,0.0,25,16425,买盘
41,09:32:22,6.56,-0.01,6,3936,中性盘
42,09:32:25,6.56,0.0,58,38048,卖盘
43,09:32:27,6.56,0.0,25,16400,卖盘
44,09:32:30,6.57,0.01,26,17082,买盘
45,09:32:33,6.56,-0.01,204,133824,卖盘
46,09:32:37,6.56,0.0,77,50512,卖盘
47,09:32:39,6.57,0.01,173,113661,买盘
48,09:32:43,6.57,0.0,173,113661,买盘
49,09:32:45,6.57,0.0,50,32830,买盘
50,09:32:48,6.57,0.0,122,80214,买盘
51,09:32:51,6.58,0.01,25,16450,买盘
52,09:32:54,6.57,-0.01,77,50590,卖盘
53,09:32:57,6.57,0.0,94,61758,卖盘
54,09:33:01,6.57,0.0,10,6570,买盘
55,09:33:04,6.57,0.0,195,128115,买盘
56,09:33:06,6.57,0.0,3,1971,买盘
57,09:33:09,6.57,0.0,73,47890,买盘
58,09:33:16,6.58,0.01,21,13812,买盘
59,09:33:18,6.57,-0.01,64,42051,中性盘
60,09:33:21,6.57,0.0,5,3287,卖盘
61,09:33:27,6.58,0.01,33,21711,买盘
62,09:33:33,6.57,-0.01,280,183960,卖盘
63,09:33:36,6.58,0.01,15,9870,买盘
64,09:33:39,6.57,-0.01,45,29552,卖盘
65,09:33:42,6.57,0.0,30,19710,买盘
66,09:33:45,6.58,0.01,73,48014,买盘
67,09:33:48,6.57,-0.01,16,10506,卖盘
68,09:33:51,6.57,0.0,7,4599,买盘
69,09:33:54,6.57,0.0,3,1971,买盘
70,09:33:57,6.58,0.01,2,1316,买盘
71,09:34:01,6.58,0.0,6,3948,买盘
72,09:34:06,6.58,0.0,17,11186,买盘
73,09:34:09,6.57,-0.01,31,20370,卖盘
74,09:34:13,6.57,0.0,3,1971,卖盘
75,09:34:15,6.58,0.01,15,9870,买盘
76,09:34:18,6.57,-0.01,24,15768,卖盘
77,09:34:21,6.58,0.01,3,1974,买盘
78,09:34:24,6.58,0.0,25,16450,买盘
79,09:34:28,6.58,0.0,10,6580,买盘
80,09:34:31,6.58,0.0,1,658,买盘
81,09:34:33,6.58,0.0,39,25675,买盘
82,09:34:36,6.57,-0.01,8,5257,卖盘
83,09:34:39,6.59,0.02,34,22406,买盘
84,09:34:46,6.59,0.0,14,9226,买盘
85,09:34:48,6.59,0.0,9,5931,买盘
86,09:34:52,6.59,0.0,43,28337,买盘
87,09:34:54,6.59,0.0,50,32950,买盘
88,09:34:57,6.59,0.0,41,27019,买盘
89,09:35:01,6.59,0.0,69,45471,买盘
90,09:35:04,6.6,0.01,53,34930,买盘
91,09:35:09,6.6,0.0,3,1980,买盘
92,09:35:12,6.61,0.01,28,18505,买盘
93,09:35:16,6.59,-0.02,11,7259,卖盘
94,09:35:18,6.6,0.01,56,37044,卖盘
95,09:35:21,6.61,0.01,2,1322,买盘
96,09:35:25,6.61,0.0,50,33050,买盘
97,09:35:28,6.6,-0.01,46,30401,卖盘
98,09:35:30,6.61,0.01,11,7271,买盘
99,09:35:33,6.62,0.01,41,27142,买盘
100,09:35:43,6.62,0.0,12,7944,卖盘
101,09:35:45,6.63,0.01,24,15904,买盘
102,09:35:51,6.63,0.0,3,1989,卖盘
103,09:35:57,6.65,0.02,32,21264,买盘
104,09:36:00,6.64,-0.01,10,6640,卖盘
105,09:36:07,6.64,0.0,43,28552,卖盘
106,09:36:09,6.64,0.0,21,13924,买盘
107,09:36:13,6.62,-0.02,1,662,卖盘
108,09:36:15,6.64,0.02,49,32481,买盘
109,09:36:18,6.64,0.0,49,32492,买盘
110,09:36:21,6.62,-0.02,34,22506,买盘
111,09:36:28,6.61,-0.01,10,6610,卖盘
112,09:36:30,6.62,0.01,36,23863,买盘
113,09:36:33,6.62,0.0,34,22508,卖盘
114,09:36:37,6.61,-0.01,10,6615,卖盘
115,09:36:39,6.63,0.02,19,12592,买盘
116,09:36:42,6.62,-0.01,60,39720,中性盘
117,09:36:45,6.61,-0.01,58,38338,卖盘
118,09:36:48,6.61,0.0,8,5290,卖盘
119,09:36:51,6.61,0.0,20,13220,买盘
120,09:36:54,6.6,-0.01,117,77220,卖盘
121,09:37:04,6.59,-0.01,123,81057,卖盘
122,09:37:06,6.58,-0.01,47,30926,卖盘
123,09:37:21,6.58,0.0,83,54614,卖盘
124,09:37:40,6.57,-0.01,15,9865,卖盘
125,09:37:43,6.57,0.0,59,38763,卖盘
126,09:37:52,6.57,0.0,10,6570,卖盘
127,09:38:09,6.57,0.0,14,9198,卖盘
128,09:38:15,6.57,0.0,8,5256,卖盘
129,09:38:19,6.57,0.0,66,43346,买盘
130,09:38:21,6.57,0.0,1,657,买盘
131,09:38:27,6.59,0.02,262,172288,买盘
132,09:38:34,6.6,0.01,1,660,中性盘
133,09:38:37,6.59,-0.01,521,343340,卖盘
134,09:38:40,6.59,0.0,48,31634,卖盘
135,09:38:42,6.59,0.0,24,15816,卖盘
136,09:38:45,6.59,0.0,212,139708,卖盘
137,09:38:48,6.56,-0.03,153,100774,卖盘
138,09:38:54,6.59,0.03,30,19764,买盘
139,09:39:06,6.56,-0.03,19,12464,卖盘
140,09:39:09,6.57,0.01,7,4599,买盘
141,09:39:13,6.59,0.02,14,9221,买盘
142,09:39:18,6.58,-0.01,35,23030,买盘
143,09:39:21,6.58,0.0,97,63826,卖盘
144,09:39:28,6.58,0.0,168,110544,卖盘
145,09:39:31,6.56,-0.02,19,12467,卖盘
146,09:39:40,6.56,0.0,136,89203,卖盘
147,09:39:48,6.55,-0.01,105,68775,卖盘
148,09:40:00,6.55,0.0,86,56330,卖盘
149,09:40:04,6.55,0.0,1,655,卖盘
150,09:40:06,6.54,-0.01,415,271786,卖盘
151,09:40:09,6.54,0.0,34,22251,卖盘
152,09:40:12,6.55,0.01,60,39276,买盘
153,09:40:16,6.54,-0.01,31,20274,卖盘
154,09:40:18,6.54,0.0,2,1307,买盘
155,09:40:22,6.53,-0.01,2,1306,卖盘
156,09:40:27,6.54,0.01,28,18299,买盘
157,09:40:30,6.53,-0.01,86,56238,卖盘
158,09:40:33,6.55,0.02,11,7185,买盘
159,09:40:36,6.56,0.01,9,5904,卖盘
160,09:40:43,6.53,-0.03,8,5230,卖盘
161,09:40:46,6.56,0.03,48,31488,卖盘
162,09:40:48,6.54,-0.02,42,27550,卖盘
163,09:40:51,6.56,0.02,14,9184,买盘
164,09:40:54,6.56,0.0,3,1968,买盘
165,09:40:57,6.55,-0.01,1,655,卖盘
166,09:41:00,6.55,0.0,15,9825,买盘
167,09:41:06,6.56,0.01,30,19680,买盘
168,09:41:12,6.55,-0.01,19,12445,卖盘
169,09:41:16,6.56,0.01,100,65600,买盘
170,09:41:18,6.56,0.0,11,7211,买盘
171,09:41:24,6.56,0.0,5,3280,买盘
172,09:41:27,6.55,-0.01,12,7861,卖盘
173,09:41:34,6.56,0.01,20,13120,买盘
174,09:41:37,6.55,-0.01,10,6550,卖盘
175,09:41:43,6.56,0.01,93,61008,买盘
176,09:41:54,6.57,0.01,2,1314,卖盘
177,09:42:10,6.56,-0.01,19,12464,卖盘
178,09:42:18,6.57,0.01,3,1971,买盘
179,09:42:21,6.56,-0.01,30,19708,卖盘
180,09:42:33,6.57,0.01,14,9198,买盘
181,09:42:54,6.56,-0.01,90,59040,卖盘
182,09:42:57,6.56,0.0,8,5248,中性盘
183,09:43:04,6.56,0.0,42,27552,卖盘
184,09:43:18,6.55,-0.01,255,167026,卖盘
185,09:43:24,6.54,-0.01,126,82404,卖盘
186,09:43:36,6.54,0.0,6,3924,卖盘
187,09:43:43,6.54,0.0,6,3924,卖盘
188,09:43:45,6.54,0.0,10,6540,买盘
189,09:43:51,6.53,-0.01,27,17644,卖盘
190,09:44:00,6.53,0.0,1,653,卖盘
191,09:44:04,6.54,0.01,8,5232,买盘
192,09:44:07,6.54,0.0,3,1962,卖盘
193,09:44:10,6.54,0.0,14,9156,卖盘
194,09:44:12,6.54,0.0,32,20928,卖盘
195,09:44:15,6.54,0.0,36,23544,买盘
196,09:44:18,6.53,-0.01,100,65300,卖盘
197,09:44:30,6.53,0.0,26,16978,卖盘
198,09:44:33,6.53,0.0,16,10448,卖盘
199,09:44:36,6.56,0.03,18,11786,买盘
200,09:44:51,6.57,0.01,2,1314,买盘
201,09:45:00,6.57,0.0,8,5256,买盘
202,09:45:09,6.57,0.0,8,5256,买盘
203,09:45:13,6.56,-0.01,21,13776,卖盘
204,09:45:19,6.54,-0.02,2,1308,卖盘
205,09:45:21,6.56,0.02,8,5248,买盘
206,09:45:33,6.56,0.0,8,5248,买盘
207,09:45:43,6.55,-0.01,7,4585,买盘
208,09:45:51,6.54,-0.01,20,13089,卖盘
209,09:45:54,6.55,0.01,75,49058,买盘
210,09:45:57,6.54,-0.01,14,9156,卖盘
211,09:46:04,6.54,0.0,35,22890,卖盘
212,09:46:06,6.54,0.0,8,5232,买盘
213,09:46:09,6.53,-0.01,35,22870,卖盘
214,09:46:12,6.54,0.01,14,9156,买盘
215,09:46:18,6.55,0.01,8,5235,买盘
216,09:46:27,6.55,0.0,7,4585,买盘
217,09:46:33,6.55,0.0,18,11790,买盘
218,09:46:39,6.54,-0.01,56,36672,卖盘
219,09:46:51,6.56,0.02,12,7875,买盘
220,09:46:55,6.55,-0.01,1,655,卖盘
221,09:47:01,6.57,0.02,9,5910,买盘
222,09:47:06,6.55,-0.02,20,13100,卖盘
223,09:47:13,6.54,-0.01,317,207412,卖盘
224,09:47:19,6.56,0.02,11,7216,买盘
225,09:47:24,6.56,0.0,7,4592,买盘
226,09:47:27,6.56,0.0,13,8528,买盘
227,09:47:33,6.56,0.0,24,15721,买盘
228,09:47:46,6.56,0.0,9,5904,买盘
229,09:47:49,6.55,-0.01,2,1310,卖盘
230,09:47:57,6.56,0.01,8,5248,买盘
231,09:48:00,6.55,-0.01,9,5895,中性盘
232,09:48:04,6.55,0.0,1,655,卖盘
233,09:48:06,6.56,0.01,142,92882,买盘
234,09:48:09,6.54,-0.02,63,41212,卖盘
235,09:48:12,6.54,0.0,16,10464,卖盘
236,09:48:15,6.54,0.0,45,29430,卖盘
237,09:48:18,6.54,0.0,90,58872,卖盘
238,09:48:21,6.54,0.0,42,27470,卖盘
239,09:48:25,6.54,0.0,111,72594,卖盘
240,09:48:28,6.54,0.0,191,124914,卖盘
241,09:48:31,6.54,0.0,150,98108,卖盘
242,09:48:34,6.53,-0.01,62,40487,卖盘
243,09:48:36,6.53,0.0,46,30038,卖盘
244,09:48:40,6.55,0.02,20,13075,买盘
245,09:48:46,6.53,-0.02,121,79000,卖盘
246,09:48:49,6.53,0.0,6,3918,买盘
247,09:48:52,6.54,0.01,10,6537,买盘
248,09:49:04,6.55,0.01,8,5235,买盘
249,09:49:06,6.53,-0.02,1,653,卖盘
250,09:49:09,6.53,0.0,2,1306,卖盘
251,09:49:13,6.55,0.02,9,5893,买盘
252,09:49:18,6.52,-0.03,151,98567,卖盘
253,09:49:21,6.53,0.01,2,1306,中性盘
254,09:49:24,6.53,0.0,7,4571,买盘
255,09:49:28,6.53,0.0,3,1959,买盘
256,09:49:33,6.52,-0.01,72,46969,卖盘
257,09:49:36,6.53,0.01,13,8497,中性盘
258,09:49:39,6.53,0.0,5,3265,买盘
259,09:49:42,6.53,0.0,2,1306,买盘
260,09:49:45,6.54,0.01,12,7843,买盘
261,09:49:48,6.53,-0.01,17,11101,卖盘
262,09:49:55,6.54,0.01,60,39190,买盘
263,09:49:57,6.53,-0.01,93,60737,卖盘
264,09:50:00,6.53,0.0,21,13713,买盘
265,09:50:04,6.53,0.0,42,27396,买盘
266,09:50:07,6.52,-0.01,7,4566,卖盘
267,09:50:10,6.52,0.0,28,18264,卖盘
268,09:50:12,6.53,0.01,29,18926,买盘
269,09:50:18,6.53,0.0,8,5224,买盘
270,09:50:21,6.51,-0.02,71,46286,卖盘
271,09:50:27,6.53,0.02,20,13060,买盘
272,09:50:30,6.53,0.0,9,5877,买盘
273,09:50:33,6.53,0.0,5,3265,买盘
274,09:50:36,6.53,0.0,4,2612,买盘
275,09:50:40,6.53,0.0,21,13713,买盘
276,09:50:43,6.53,0.0,7,4571,买盘
277,09:50:46,6.53,0.0,1,653,买盘
278,09:50:48,6.53,0.0,6,3918,买盘
279,09:50:51,6.53,0.0,27,17631,买盘
280,09:50:54,6.52,-0.01,29,18929,中性盘
281,09:50:57,6.53,0.01,5,3265,买盘
282,09:51:01,6.53,0.0,32,20896,买盘
283,09:51:04,6.53,0.0,33,21549,买盘
284,09:51:06,6.53,0.0,42,27364,买盘
285,09:51:09,6.53,0.0,119,77657,买盘
286,09:51:12,6.52,-0.01,74,48259,卖盘
287,09:51:16,6.52,0.0,483,314942,买盘
288,09:51:18,6.5,-0.02,201,130834,卖盘
289,09:51:27,6.52,0.02,50,32600,卖盘
290,09:51:31,6.54,0.02,50,32700,买盘
291,09:51:37,6.54,0.0,9,5886,买盘
292,09:51:45,6.54,0.0,3,1962,买盘
293,09:51:49,6.54,0.0,8,5232,买盘
294,09:51:52,6.54,0.0,13,8502,买盘
295,09:51:57,6.54,0.0,13,8502,买盘
296,09:52:04,6.53,-0.01,8,5226,卖盘
297,09:52:06,6.54,0.01,2,1308,买盘
298,09:52:09,6.53,-0.01,56,36590,卖盘
299,09:52:12,6.54,0.01,4,2616,买盘
300,09:52:19,6.53,-0.01,64,41794,卖盘
301,09:52:21,6.53,0.0,11,7180,买盘
302,09:52:33,6.53,0.0,7,4571,买盘
303,09:52:42,6.53,0.0,8,5224,买盘
304,09:52:46,6.53,0.0,5,3265,买盘
305,09:52:49,6.53,0.0,25,16325,买盘
306,09:52:51,6.53,0.0,19,12407,买盘
307,09:52:54,6.53,0.0,8,5224,买盘
308,09:53:00,6.53,0.0,66,43087,买盘
309,09:53:04,6.53,0.0,3,1959,买盘
310,09:53:06,6.53,0.0,16,10448,买盘
311,09:53:12,6.52,-0.01,33,21518,卖盘
312,09:53:15,6.53,0.01,30,19590,卖盘
313,09:53:18,6.53,0.0,2,1306,买盘
314,09:53:21,6.53,0.0,7,4571,买盘
315,09:53:25,6.53,0.0,8,5224,买盘
316,09:53:27,6.53,0.0,11,7183,买盘
317,09:53:30,6.53,0.0,5,3265,买盘
318,09:53:33,6.53,0.0,3,1959,买盘
319,09:53:36,6.53,0.0,2,1306,买盘
320,09:53:39,6.54,0.01,8,5226,买盘
321,09:53:42,6.54,0.0,8,5232,买盘
322,09:53:54,6.54,0.0,6,3924,买盘
323,09:53:58,6.54,0.0,3,1962,买盘
324,09:54:00,6.54,0.0,3,1962,买盘
325,09:54:03,6.54,0.0,1,654,买盘
326,09:54:09,6.54,0.0,1,654,买盘
327,09:54:12,6.54,0.0,18,11758,买盘
328,09:54:15,6.54,0.0,14,9145,买盘
329,09:54:24,6.54,0.0,1,654,买盘
330,09:54:28,6.53,-0.01,20,13064,卖盘
331,09:54:31,6.53,0.0,5,3265,买盘
332,09:54:33,6.53,0.0,6,3918,买盘
333,09:54:36,6.53,0.0,7,4571,买盘
334,09:54:39,6.53,0.0,50,32650,买盘
335,09:54:42,6.53,0.0,6,3918,买盘
336,09:54:49,6.53,0.0,1,653,买盘
337,09:54:57,6.52,-0.01,42,27384,卖盘
338,09:55:00,6.53,0.01,123,80261,买盘
339,09:55:03,6.54,0.01,20,13080,卖盘
340,09:55:06,6.54,0.0,261,170707,卖盘
341,09:55:09,6.54,0.0,35,22901,卖盘
342,09:55:13,6.54,0.0,1,654,卖盘
343,09:55:16,6.54,0.0,32,20928,卖盘
344,09:55:18,6.54,0.0,43,28125,卖盘
345,09:55:21,6.54,0.0,1,654,卖盘
346,09:55:30,6.54,0.0,14,8992,卖盘
347,09:55:33,6.54,0.0,9,5886,买盘
348,09:55:45,6.53,-0.01,1,653,卖盘
349,09:56:01,6.53,0.0,21,13713,卖盘
350,09:56:07,6.53,0.0,1,653,买盘
351,09:56:12,6.52,-0.01,21,13692,卖盘
352,09:56:18,6.51,-0.01,389,253465,卖盘
353,09:56:24,6.51,0.0,15,9765,买盘
354,09:56:27,6.5,-0.01,19,12353,卖盘
355,09:56:31,6.51,0.01,50,32550,买盘
356,09:56:33,6.51,0.0,19,12388,买盘
357,09:56:36,6.55,0.04,100,65542,买盘
358,09:56:39,6.55,0.0,1,655,卖盘
359,09:56:42,6.55,0.0,1,655,卖盘
360,09:56:45,6.55,0.0,1,655,卖盘
361,09:56:49,6.55,0.0,2,1310,卖盘
362,09:56:52,6.55,0.0,1,655,卖盘
363,09:57:06,6.55,0.0,19,12445,卖盘
364,09:57:15,6.55,0.0,56,36647,卖盘
365,09:57:21,6.55,0.01,1,655,买盘
366,09:57:24,6.55,0.0,1,655,买盘
367,09:57:30,6.54,-0.01,1,654,卖盘
368,09:57:42,6.55,0.01,3,1965,买盘
369,09:57:49,6.55,0.0,1,655,买盘
370,09:57:51,6.55,0.0,30,19650,买盘
371,09:57:54,6.55,0.0,18,11823,买盘
372,09:58:00,6.56,0.01,29,19024,买盘
373,09:58:04,6.55,-0.01,1,676,卖盘
374,09:58:07,6.56,0.01,1,656,买盘
375,09:58:09,6.55,-0.01,18,11798,卖盘
376,09:58:12,6.55,0.0,63,41357,卖盘
377,09:58:15,6.58,0.03,1,658,买盘
378,09:58:18,6.55,-0.03,15,9828,卖盘
379,09:58:22,6.58,0.03,35,23000,买盘
380,09:58:24,6.58,0.0,23,15129,卖盘
381,09:58:30,6.59,0.01,2,1316,买盘
382,09:58:33,6.59,0.0,30,19770,买盘
383,09:58:36,6.55,-0.04,24,15841,卖盘
384,09:58:45,6.57,0.02,26,17083,中性盘
385,09:58:58,6.57,0.0,28,18396,中性盘
386,09:59:06,6.57,0.0,1,657,中性盘
387,09:59:09,6.57,0.0,2,749,卖盘
388,09:59:13,6.57,0.0,25,16990,卖盘
389,09:59:16,6.57,0.0,16,9947,买盘
390,09:59:18,6.59,0.02,25,16456,买盘
391,09:59:31,6.58,-0.01,31,20428,卖盘
392,09:59:33,6.59,0.01,9,5927,买盘
393,09:59:39,6.58,-0.01,10,6580,中性盘
394,09:59:42,6.59,0.01,29,19111,买盘
395,09:59:45,6.59,0.0,1,659,卖盘
396,09:59:48,6.59,0.0,1,659,卖盘
397,09:59:52,6.61,0.02,108,71307,买盘
398,10:00:04,6.61,0.0,114,75019,买盘
399,10:00:06,6.61,0.0,14,9254,买盘
400,10:00:12,6.56,-0.05,21,13942,卖盘
401,10:00:15,6.59,0.03,24,15816,买盘
402,10:00:25,6.56,-0.03,18,11808,卖盘
403,10:00:30,6.58,0.02,23,15134,买盘
404,10:00:33,6.58,0.0,7,4606,卖盘
405,10:00:39,6.56,-0.02,18,11808,卖盘
406,10:00:43,6.56,0.0,35,22966,卖盘
407,10:00:48,6.56,0.0,13,8528,卖盘
408,10:00:51,6.56,0.0,4,2624,卖盘
409,10:00:55,6.56,0.0,4,2624,卖盘
410,10:01:00,6.56,0.0,4,2624,卖盘
411,10:01:04,6.56,0.0,5,3292,卖盘
412,10:01:06,6.57,0.01,38,24956,买盘
413,10:01:13,6.56,-0.01,27,17712,卖盘
414,10:01:18,6.57,0.01,1,657,买盘
415,10:01:34,6.56,0.0,20,13120,卖盘
416,10:01:45,6.57,0.01,45,29545,买盘
417,10:02:00,6.57,0.0,5,3285,买盘
418,10:02:12,6.57,0.0,14,9198,卖盘
419,10:02:15,6.58,0.01,30,19740,买盘
420,10:02:27,6.59,0.01,80,52720,买盘
421,10:02:39,6.59,0.0,2,1318,买盘
422,10:02:42,6.59,0.0,1,659,卖盘
423,10:02:49,6.58,-0.01,10,6580,卖盘
424,10:02:54,6.58,0.0,26,17108,卖盘
425,10:02:57,6.58,0.0,1,658,卖盘
426,10:03:00,6.58,0.0,8,5264,卖盘
427,10:03:03,6.58,0.0,51,33558,卖盘
428,10:03:06,6.58,0.0,14,9212,卖盘
429,10:03:09,6.58,0.0,3,1810,卖盘
430,10:03:12,6.57,-0.01,1,657,卖盘
431,10:03:24,6.57,0.0,1,657,卖盘
432,10:03:27,6.57,0.0,1,657,卖盘
433,10:03:39,6.57,0.0,1,657,卖盘
434,10:03:42,6.57,0.0,1,657,卖盘
435,10:03:45,6.57,0.0,1,657,卖盘
436,10:03:48,6.57,0.0,13,8377,卖盘
437,10:03:54,6.56,-0.01,1,656,卖盘
438,10:04:00,6.56,0.0,2,1312,卖盘
439,10:04:04,6.56,0.0,5,3280,买盘
440,10:04:07,6.56,0.0,23,15088,买盘
441,10:04:12,6.56,0.0,21,13776,卖盘
442,10:04:15,6.56,0.0,1,656,卖盘
443,10:04:21,6.56,0.0,1,656,卖盘
444,10:04:24,6.56,0.0,3,1968,卖盘
445,10:04:43,6.56,0.0,7,4592,买盘
446,10:04:45,6.55,-0.01,14,9170,卖盘
447,10:04:48,6.56,0.01,1,656,买盘
448,10:04:54,6.56,0.0,3,1966,买盘
449,10:05:00,6.56,0.0,9,5904,买盘
450,10:05:03,6.56,0.0,6,3936,买盘
451,10:05:06,6.56,0.0,1,656,买盘
452,10:05:12,6.56,0.0,10,6560,买盘
453,10:05:24,6.55,-0.01,110,72050,卖盘
454,10:05:30,6.55,0.0,6,3930,买盘
455,10:05:33,6.55,0.0,72,47160,买盘
456,10:05:36,6.55,0.0,82,53710,买盘
457,10:05:39,6.55,0.0,10,6563,买盘
458,10:05:42,6.56,0.01,21,13758,买盘
459,10:05:45,6.56,0.0,6,3936,买盘
460,10:05:48,6.56,0.0,3,1968,买盘
461,10:05:51,6.56,0.0,3,1968,买盘
462,10:05:54,6.56,0.0,13,8528,买盘
463,10:05:57,6.54,-0.02,100,65505,卖盘
464,10:06:04,6.56,0.02,6,4093,卖盘
465,10:06:12,6.56,0.0,17,11152,卖盘
466,10:06:21,6.56,0.0,18,11657,卖盘
467,10:06:30,6.56,0.0,31,20335,买盘
468,10:06:39,6.55,-0.01,1,655,卖盘
469,10:06:42,6.55,0.0,29,18995,卖盘
470,10:06:45,6.55,0.0,15,9825,卖盘
471,10:06:51,6.54,-0.01,22,14388,卖盘
472,10:06:57,6.55,0.01,16,10480,买盘
473,10:07:00,6.54,-0.01,3,1962,卖盘
474,10:07:04,6.54,0.0,18,11782,卖盘
475,10:07:27,6.55,0.0,1,655,卖盘
476,10:07:30,6.55,0.0,51,33390,买盘
477,10:07:42,6.56,0.01,2,1463,买盘
478,10:07:45,6.56,0.0,1,656,卖盘
479,10:07:48,6.56,0.0,1,505,买盘
480,10:07:55,6.56,0.0,1,505,买盘
481,10:08:04,6.5,-0.06,611,398395,卖盘
482,10:08:12,6.51,0.01,16,10416,中性盘
483,10:08:27,6.51,0.0,4,2604,卖盘
484,10:08:30,6.51,0.0,20,13020,卖盘
485,10:08:48,6.54,0.03,3,1962,买盘
486,10:08:51,6.51,-0.03,8,5212,卖盘
487,10:08:54,6.54,0.03,11,7194,买盘
488,10:09:00,6.54,0.0,1,654,买盘
489,10:09:03,6.54,0.0,29,18966,买盘
490,10:09:06,6.54,0.0,3,1962,买盘
491,10:09:09,6.54,0.0,1,654,买盘
492,10:09:33,6.55,0.01,4,2620,买盘
493,10:09:39,6.54,-0.01,40,26160,卖盘
494,10:09:45,6.54,0.0,53,34665,卖盘
495,10:09:49,6.54,0.0,2,1308,卖盘
496,10:09:54,6.54,0.0,3,1962,卖盘
497,10:09:57,6.54,0.0,2,1308,买盘
498,10:10:03,6.54,0.0,15,9810,买盘
499,10:10:12,6.53,-0.01,19,12407,卖盘
500,10:10:16,6.53,0.0,18,11754,卖盘
501,10:10:18,6.53,0.0,12,7836,买盘
502,10:10:33,6.53,0.0,1,653,卖盘
503,10:10:42,6.53,0.0,1,163,卖盘
504,10:10:45,6.54,0.01,5,3270,买盘
505,10:10:57,6.54,0.0,4,2616,买盘
506,10:11:01,6.54,0.0,100,65400,买盘
507,10:11:25,6.55,0.01,12,7860,买盘
508,10:11:31,6.55,0.0,34,22270,买盘
509,10:11:36,6.55,0.0,18,11790,买盘
510,10:11:39,6.55,0.0,3,1965,卖盘
511,10:11:54,6.55,0.0,10,6550,卖盘
512,10:12:12,6.55,0.0,20,13100,卖盘
513,10:12:15,6.55,0.0,27,17685,卖盘
514,10:12:30,6.55,0.0,37,24235,买盘
515,10:12:33,6.55,0.0,13,8515,买盘
516,10:12:45,6.54,-0.01,18,11772,卖盘
517,10:12:48,6.54,0.0,19,12426,卖盘
518,10:12:54,6.55,0.01,9,5895,买盘
519,10:12:58,6.55,0.0,5,3275,买盘
520,10:13:04,6.55,0.0,6,3930,买盘
521,10:13:12,6.54,-0.01,18,11772,卖盘
522,10:13:15,6.54,0.0,7,4578,卖盘
523,10:13:27,6.54,0.0,18,11772,卖盘
524,10:13:33,6.55,0.01,17,11134,买盘
525,10:13:36,6.54,-0.01,51,33358,卖盘
526,10:13:42,6.54,0.0,7,4578,卖盘
527,10:13:45,6.54,0.0,13,8502,卖盘
528,10:13:49,6.54,0.0,2,1308,卖盘
529,10:13:51,6.54,0.0,63,41157,卖盘
530,10:13:54,6.53,-0.01,18,11754,卖盘
531,10:13:57,6.52,-0.01,93,60712,卖盘
532,10:14:03,6.52,0.0,17,11084,卖盘
533,10:14:06,6.53,0.01,29,18918,买盘
534,10:14:09,6.52,-0.01,72,47433,卖盘
535,10:14:13,6.51,-0.01,19,12369,卖盘
536,10:14:18,6.51,0.0,4,2604,卖盘
537,10:14:24,6.51,0.0,70,45570,卖盘
538,10:14:27,6.51,0.0,46,29946,卖盘
539,10:14:30,6.51,0.0,1,651,卖盘
540,10:14:33,6.51,0.0,1,651,卖盘
541,10:14:36,6.5,-0.01,65,42309,卖盘
542,10:14:42,6.5,0.0,9,5850,卖盘
543,10:14:45,6.52,0.02,30,19520,买盘
544,10:15:04,6.51,-0.01,23,14978,卖盘
545,10:15:06,6.52,0.01,46,29992,买盘
546,10:15:36,6.54,0.02,6,3924,买盘
547,10:15:39,6.54,0.0,1,654,卖盘
548,10:15:45,6.55,0.01,18,11790,买盘
549,10:15:51,6.54,-0.01,8,4741,买盘
550,10:15:54,6.54,0.0,1,654,买盘
551,10:16:09,6.54,0.0,10,6540,卖盘
552,10:16:12,6.52,-0.02,17,11092,卖盘
553,10:16:27,6.52,0.0,11,7172,卖盘
554,10:16:33,6.53,0.01,1,653,买盘
555,10:16:36,6.53,0.0,35,22833,买盘
556,10:16:39,6.53,0.0,9,5877,买盘
557,10:16:42,6.52,-0.01,20,13040,卖盘
558,10:17:01,6.53,0.01,6,3918,买盘
559,10:17:04,6.53,0.0,4,2612,买盘
560,10:17:27,6.53,0.0,1,653,卖盘
561,10:17:42,6.53,0.0,19,12409,卖盘
562,10:17:45,6.53,0.0,1,653,卖盘
563,10:17:48,6.53,0.0,1,653,买盘
564,10:17:51,6.53,0.0,1,496,买盘
565,10:17:57,6.52,-0.01,18,11741,卖盘
566,10:18:00,6.52,0.0,1,652,卖盘
567,10:18:12,6.52,0.0,17,11084,卖盘
568,10:18:21,6.52,0.0,13,8476,卖盘
569,10:18:30,6.52,0.0,10,6520,卖盘
570,10:18:33,6.52,0.0,1,652,卖盘
571,10:18:40,6.52,0.0,17,11084,卖盘
572,10:18:43,6.52,0.0,26,17278,卖盘
573,10:18:51,6.52,0.0,35,22820,买盘
574,10:19:04,6.52,0.0,6,3912,买盘
575,10:19:12,6.51,-0.01,210,136710,卖盘
576,10:19:16,6.51,0.0,30,19530,卖盘
577,10:19:19,6.51,0.0,34,22134,卖盘
578,10:19:24,6.57,0.06,76,49808,买盘
579,10:19:33,6.51,-0.06,1,651,卖盘
580,10:19:36,6.51,0.0,1,651,卖盘
581,10:19:42,6.51,0.0,1,163,卖盘
582,10:19:45,6.51,0.0,1,651,卖盘
583,10:19:48,6.51,0.0,7,5045,卖盘
584,10:19:54,6.51,0.0,11,6829,买盘
585,10:19:57,6.5,-0.01,57,37066,卖盘
586,10:20:00,6.51,0.01,13,8463,中性盘
587,10:20:04,6.5,-0.01,307,199555,卖盘
588,10:20:06,6.5,0.0,19,12096,卖盘
589,10:20:09,6.49,-0.01,2,1298,卖盘
590,10:20:15,6.49,0.0,22,14278,卖盘
591,10:20:19,6.49,0.0,3,1947,卖盘
592,10:20:21,6.48,-0.01,240,155911,卖盘
593,10:20:24,6.48,0.0,89,57585,买盘
594,10:20:27,6.47,-0.01,17,11001,中性盘
595,10:20:30,6.47,0.0,29,18763,买盘
596,10:20:39,6.46,-0.01,4,2584,卖盘
597,10:20:42,6.46,0.0,16,10336,买盘
598,10:20:45,6.48,0.02,10,6480,买盘
599,10:20:48,6.48,0.0,1,648,买盘
600,10:20:54,6.46,-0.02,54,34964,卖盘
601,10:20:57,6.5,0.04,46,29750,买盘
602,10:21:01,6.46,-0.04,51,32947,卖盘
603,10:21:04,6.46,0.0,36,23434,卖盘
604,10:21:12,6.5,0.04,3,1950,买盘
605,10:21:18,6.46,-0.04,28,18088,卖盘
606,10:21:21,6.5,0.04,3,1950,买盘
607,10:21:36,6.5,0.0,30,19500,买盘
608,10:21:39,6.46,-0.04,4,2592,卖盘
609,10:22:06,6.48,0.02,3,1944,卖盘
610,10:22:10,6.47,-0.01,10,6481,卖盘
611,10:22:12,6.47,0.0,20,12940,卖盘
612,10:22:24,6.48,0.01,10,6480,卖盘
613,10:22:27,6.47,-0.01,15,9705,卖盘
614,10:22:33,6.46,-0.01,395,255224,卖盘
615,10:22:36,6.46,0.0,105,67992,买盘
616,10:22:39,6.46,0.0,11,7116,买盘
617,10:22:48,6.47,0.01,4,2588,买盘
618,10:22:54,6.46,-0.01,20,12920,卖盘
619,10:22:57,6.46,0.0,3,1938,卖盘
620,10:23:04,6.47,0.01,5,3235,买盘
621,10:23:12,6.47,0.01,48,31056,买盘
622,10:23:15,6.47,0.0,1,647,卖盘
623,10:23:21,6.47,0.0,7,4529,买盘
624,10:23:24,6.47,0.0,43,27821,买盘
625,10:23:27,6.48,0.01,1,648,买盘
626,10:23:30,6.48,0.0,1,648,买盘
627,10:23:33,6.48,0.0,1,648,买盘
628,10:23:36,6.48,0.0,2,1296,买盘
629,10:23:45,6.49,0.01,1,649,卖盘
630,10:23:48,6.49,0.0,1,649,卖盘
631,10:23:57,6.49,0.0,1,649,卖盘
632,10:24:00,6.49,0.0,1,649,卖盘
633,10:24:04,6.49,0.0,1,649,卖盘
634,10:24:06,6.49,0.0,1,649,卖盘
635,10:24:09,6.49,0.0,12,7788,卖盘
636,10:24:12,6.48,-0.01,14,9072,卖盘
637,10:24:39,6.49,0.01,60,38940,买盘
638,10:24:54,6.49,0.0,10,6491,卖盘
639,10:25:04,6.51,0.02,9,5859,买盘
640,10:25:06,6.51,0.0,10,6510,买盘
641,10:25:15,6.51,0.0,1,651,买盘
642,10:25:18,6.5,-0.01,1,650,卖盘
643,10:25:21,6.49,-0.01,1,649,卖盘
644,10:25:24,6.5,0.01,1,650,卖盘
645,10:25:28,6.5,0.0,1,650,卖盘
646,10:25:30,6.49,-0.01,10,6490,卖盘
647,10:25:39,6.49,0.0,2,1298,卖盘
648,10:25:42,6.49,0.0,2,1298,卖盘
649,10:25:45,6.49,0.0,16,10416,卖盘
650,10:25:48,6.49,0.0,8,5160,卖盘
651,10:25:51,6.48,-0.01,10,6480,卖盘
652,10:25:54,6.48,0.0,1,648,卖盘
653,10:25:58,6.48,0.0,1,648,卖盘
654,10:26:01,6.48,0.0,7,4536,卖盘
655,10:26:04,6.48,0.0,5,3240,卖盘
656,10:26:06,6.48,0.0,1,648,卖盘
657,10:26:09,6.48,0.0,91,58968,卖盘
658,10:26:15,6.47,-0.01,15,9705,卖盘
659,10:26:24,6.47,0.0,10,6599,卖盘
660,10:26:27,6.48,0.01,18,11664,买盘
661,10:26:48,6.48,0.0,76,49248,卖盘
662,10:26:51,6.46,-0.02,222,143467,卖盘
663,10:27:00,6.47,0.01,8,5176,买盘
664,10:27:04,6.47,0.0,6,3882,买盘
665,10:27:06,6.46,-0.01,46,29264,卖盘
666,10:27:12,6.46,0.0,193,125043,买盘
667,10:27:15,6.46,0.0,1,646,卖盘
668,10:27:18,6.46,0.0,10,6460,卖盘
669,10:27:22,6.46,0.0,26,16344,卖盘
670,10:27:25,6.45,-0.01,24,15480,卖盘
671,10:27:28,6.46,0.01,382,246554,买盘
672,10:27:31,6.45,-0.01,40,25805,卖盘
673,10:27:39,6.45,0.0,169,109005,卖盘
674,10:27:42,6.45,0.0,65,41925,卖盘
675,10:27:45,6.45,0.0,103,66435,卖盘
676,10:27:48,6.45,0.0,341,220193,卖盘
677,10:27:51,6.45,0.0,7,4513,买盘
678,10:27:54,6.44,-0.01,7,4508,卖盘
679,10:27:57,6.43,-0.01,132,84988,卖盘
680,10:28:00,6.43,0.0,2,1286,卖盘
681,10:28:04,6.43,0.0,162,104308,卖盘
682,10:28:06,6.42,-0.01,9,5778,卖盘
683,10:28:12,6.42,0.0,11,7062,卖盘
684,10:28:36,6.43,0.01,7,4499,买盘
685,10:28:43,6.41,-0.02,40,25656,卖盘
686,10:28:57,6.42,0.01,65,41846,卖盘
687,10:29:15,6.43,0.01,5,3215,买盘
688,10:29:21,6.43,0.0,19,12217,卖盘
689,10:29:30,6.43,0.0,1,643,买盘
690,10:29:33,6.43,0.0,4,2572,买盘
691,10:29:36,6.43,0.0,4,2572,卖盘
692,10:29:42,6.43,0.0,4,2572,买盘
693,10:29:48,6.43,0.0,4,2572,买盘
694,10:29:54,6.43,0.0,18,11574,买盘
695,10:30:00,6.45,0.02,8,5160,卖盘
696,10:30:04,6.45,0.0,1,645,卖盘
697,10:30:06,6.45,0.0,9,5805,卖盘
698,10:30:15,6.43,-0.02,39,25117,卖盘
699,10:30:19,6.44,0.01,1,644,卖盘
700,10:30:21,6.44,0.0,1,644,卖盘
701,10:30:24,6.44,0.0,1,644,卖盘
702,10:30:48,6.44,0.0,5,3220,卖盘
703,10:30:54,6.45,0.01,1,645,买盘
704,10:31:04,6.45,0.0,5,3225,买盘
705,10:31:15,6.44,-0.01,5,3220,卖盘
706,10:31:27,6.44,0.0,1,644,卖盘
707,10:31:30,6.45,0.01,14,9029,买盘
708,10:31:45,6.45,0.0,13,8385,买盘
709,10:31:48,6.45,0.0,1,645,卖盘
710,10:31:51,6.45,0.0,1,645,卖盘
711,10:31:54,6.45,0.0,1,645,卖盘
712,10:31:57,6.45,0.0,1,645,卖盘
713,10:32:01,6.45,0.0,1,645,卖盘
714,10:32:04,6.45,0.0,1,645,卖盘
715,10:32:06,6.46,0.01,3,1938,买盘
716,10:32:09,6.46,0.0,4,2583,买盘
717,10:32:12,6.45,-0.01,1,645,卖盘
718,10:32:15,6.45,0.0,13,8385,卖盘
719,10:32:18,6.46,0.01,1,646,买盘
720,10:32:24,6.4,-0.06,507,325979,卖盘
721,10:32:36,6.43,0.03,3,1929,买盘
722,10:32:39,6.44,0.01,132,84880,买盘
723,10:32:42,6.44,0.0,4,2576,买盘
724,10:32:51,6.42,-0.02,14,8988,买盘
725,10:32:57,6.42,0.0,101,64842,买盘
726,10:33:04,6.42,0.0,25,16050,卖盘
727,10:33:06,6.42,0.0,11,7062,买盘
728,10:33:51,6.44,0.01,1,644,买盘
729,10:33:57,6.44,0.0,2,1288,买盘
730,10:34:00,6.43,-0.01,28,17844,卖盘
731,10:34:04,6.44,0.01,2,1288,卖盘
732,10:34:15,6.42,-0.02,19,12203,卖盘
733,10:34:21,6.43,0.01,11,7073,中性盘
734,10:34:30,6.44,0.01,15,9660,买盘
735,10:34:33,6.44,0.0,3,1932,买盘
736,10:34:39,6.44,0.0,10,6440,买盘
737,10:34:57,6.43,-0.01,2,1286,卖盘
738,10:35:00,6.43,0.0,6,3858,卖盘
739,10:35:04,6.44,0.01,19,12218,买盘
740,10:35:09,6.43,-0.01,3,1929,卖盘
741,10:35:16,6.44,0.01,5,3220,买盘
742,10:35:21,6.42,-0.02,160,102786,卖盘
743,10:35:33,6.43,0.01,3,1929,买盘
744,10:35:39,6.45,0.02,88,56673,买盘
745,10:35:48,6.42,-0.03,27,17334,卖盘
746,10:36:04,6.44,0.01,4,2576,买盘
747,10:36:13,6.44,0.0,1,644,买盘
748,10:36:15,6.42,-0.02,75,48203,卖盘
749,10:36:30,6.42,0.0,96,61632,卖盘
750,10:37:04,6.43,0.01,5,3215,买盘
751,10:37:06,6.43,0.0,32,20576,买盘
752,10:37:09,6.43,0.0,72,46296,买盘
753,10:37:15,6.44,0.01,11,7084,买盘
754,10:37:18,6.44,0.0,12,7728,买盘
755,10:37:28,6.45,0.01,9,5805,买盘
756,10:37:30,6.44,-0.01,7,4508,卖盘
757,10:37:33,6.45,0.01,4,2580,买盘
758,10:37:45,6.44,-0.01,3,1932,卖盘
759,10:37:51,6.44,0.0,13,8372,买盘
760,10:37:57,6.42,-0.02,32,20551,卖盘
761,10:38:04,6.44,0.02,9,5796,买盘
762,10:38:09,6.45,0.01,78,50280,买盘
763,10:38:15,6.43,-0.02,15,9645,卖盘
764,10:38:42,6.44,0.01,3,1932,卖盘
765,10:38:54,6.44,0.0,2,1288,卖盘
766,10:39:01,6.44,0.0,20,12880,卖盘
767,10:39:12,6.45,0.01,82,53051,买盘
768,10:39:24,6.45,0.0,7,4515,卖盘
769,10:39:27,6.46,0.01,9,5814,买盘
770,10:39:30,6.46,0.0,53,34238,买盘
771,10:39:34,6.48,0.02,4,2592,买盘
772,10:40:00,6.48,0.0,13,8424,买盘
773,10:40:04,6.49,0.01,5,3242,买盘
774,10:40:15,6.48,-0.01,19,12312,卖盘
775,10:40:33,6.48,0.0,1,648,卖盘
776,10:40:42,6.48,0.0,20,12960,买盘
777,10:40:54,6.48,0.0,14,9072,买盘
778,10:41:04,6.49,0.01,2,1298,买盘
779,10:41:06,6.48,-0.01,16,10368,卖盘
780,10:41:09,6.48,0.0,15,9720,买盘
781,10:41:13,6.48,0.0,9,5832,买盘
782,10:41:15,6.49,0.01,1,649,买盘
783,10:41:24,6.49,0.0,11,7139,买盘
784,10:41:30,6.49,0.0,10,6490,买盘
785,10:41:33,6.49,0.0,2,1298,买盘
786,10:41:36,6.49,0.0,4,2596,买盘
787,10:41:39,6.49,0.0,33,21417,买盘
788,10:41:42,6.49,0.0,30,19470,买盘
789,10:41:45,6.49,0.0,38,24631,买盘
790,10:41:48,6.5,0.01,27,17535,买盘
791,10:41:51,6.49,-0.01,4,2596,卖盘
792,10:41:54,6.49,0.0,20,12980,买盘
793,10:42:00,6.49,0.0,5,3245,买盘
794,10:42:03,6.49,0.0,1,649,买盘
795,10:42:16,6.49,0.0,17,11033,卖盘
796,10:42:33,6.5,0.01,4,2600,买盘
797,10:42:42,6.5,0.0,13,8450,买盘
798,10:42:57,6.49,-0.01,1,649,买盘
799,10:43:00,6.5,0.01,17,11041,买盘
800,10:43:04,6.5,0.0,8,5200,买盘
801,10:43:18,6.49,-0.01,2,1298,卖盘
802,10:43:42,6.5,0.01,10,6500,买盘
803,10:43:45,6.49,-0.01,19,12331,卖盘
804,10:44:00,6.49,0.0,60,38940,卖盘
805,10:44:15,6.49,0.0,15,9735,卖盘
806,10:44:33,6.5,0.01,4,2600,买盘
807,10:44:36,6.49,-0.01,18,11682,卖盘
808,10:44:39,6.49,0.0,5,3245,买盘
809,10:44:43,6.49,0.0,2,1298,买盘
810,10:44:46,6.49,0.0,1,649,买盘
811,10:44:58,6.48,-0.01,1,648,卖盘
812,10:45:01,6.48,0.0,1,648,卖盘
813,10:45:09,6.49,0.01,45,29205,买盘
814,10:45:12,6.49,0.0,4,2596,买盘
815,10:45:33,6.5,0.01,4,2600,买盘
816,10:45:39,6.49,-0.01,128,83172,卖盘
817,10:45:42,6.48,-0.01,41,26569,卖盘
818,10:45:54,6.48,0.0,12,7776,卖盘
819,10:46:04,6.48,0.0,4,2592,卖盘
820,10:46:15,6.48,0.0,13,8424,卖盘
821,10:46:24,6.48,0.0,4,2592,卖盘
822,10:46:33,6.48,0.0,57,36936,卖盘
823,10:46:42,6.47,-0.01,17,10999,卖盘
824,10:46:48,6.47,0.0,65,42055,卖盘
825,10:46:55,6.46,-0.01,25,16150,卖盘
826,10:47:04,6.46,0.0,7,4522,卖盘
827,10:47:09,6.46,0.0,12,7752,卖盘
828,10:47:12,6.45,-0.01,137,88365,卖盘
829,10:47:15,6.45,0.0,6,3870,卖盘
830,10:47:24,6.45,0.0,5,3225,卖盘
831,10:47:30,6.45,0.0,9,5805,买盘
832,10:47:33,6.44,-0.01,1,644,卖盘
833,10:47:42,6.45,0.01,78,50310,买盘
834,10:47:45,6.44,-0.01,3,1932,卖盘
835,10:47:48,6.45,0.01,1,645,买盘
836,10:47:54,6.44,-0.01,17,10948,卖盘
837,10:47:58,6.44,0.0,1,644,买盘
838,10:48:04,6.43,-0.01,10,6435,卖盘
839,10:48:06,6.43,0.0,1,643,卖盘
840,10:48:12,6.43,0.0,3,1929,卖盘
841,10:48:15,6.43,0.0,17,10931,卖盘
842,10:48:25,6.43,0.0,6,3858,卖盘
843,10:48:34,6.43,0.0,2,1286,卖盘
844,10:48:45,6.43,0.0,1,643,卖盘
845,10:49:04,6.44,0.01,2,1288,买盘
846,10:49:16,6.44,0.0,6,3864,卖盘
847,10:49:24,6.44,0.0,38,24509,卖盘
848,10:49:31,6.45,0.01,8,5160,买盘
849,10:49:45,6.46,0.01,4,2584,买盘
850,10:49:48,6.46,0.0,4,2584,买盘
851,10:50:15,6.46,0.0,12,7752,卖盘
852,10:50:27,6.46,0.0,12,7752,卖盘
853,10:50:30,6.46,0.0,1,646,卖盘
854,10:50:37,6.46,0.0,121,78166,买盘
855,10:51:01,6.46,0.0,34,21964,买盘
856,10:51:04,6.45,-0.01,50,32256,卖盘
857,10:51:06,6.45,0.0,1,645,卖盘
858,10:51:12,6.45,0.0,23,14835,卖盘
859,10:51:18,6.46,0.01,2,1292,买盘
860,10:51:22,6.46,0.0,10,6460,卖盘
861,10:51:25,6.46,0.0,10,6460,卖盘
862,10:51:28,6.43,-0.03,98,63188,卖盘
863,10:51:31,6.45,0.02,5,3225,中性盘
864,10:51:54,6.45,0.0,86,55419,买盘
865,10:52:04,6.45,0.0,5,3225,买盘
866,10:52:18,6.44,-0.01,32,20608,卖盘
867,10:52:24,6.44,0.0,1,644,买盘
868,10:52:30,6.45,0.01,8,5160,买盘
869,10:52:33,6.44,-0.01,2,1288,卖盘
870,10:52:45,6.44,0.0,12,7728,卖盘
871,10:52:51,6.44,0.0,5,3220,卖盘
872,10:53:18,6.44,0.0,5,3220,卖盘
873,10:53:34,6.44,0.0,1,644,卖盘
874,10:53:39,6.43,-0.01,46,29581,卖盘
875,10:53:42,6.43,0.0,8,5144,卖盘
876,10:53:45,6.42,-0.01,24,15417,卖盘
877,10:53:55,6.43,0.01,8,5144,买盘
878,10:53:58,6.42,-0.01,1,642,卖盘
879,10:54:00,6.42,0.0,18,11556,卖盘
880,10:54:03,6.42,0.0,4,2568,卖盘
881,10:54:06,6.42,0.0,13,8346,卖盘
882,10:54:12,6.42,0.0,10,6420,卖盘
883,10:54:18,6.42,0.0,13,8346,卖盘
884,10:54:27,6.43,0.01,10,6430,买盘
885,10:54:36,6.42,-0.01,7,4494,卖盘
886,10:54:45,6.42,0.0,18,11556,卖盘
887,10:54:48,6.43,0.01,19,12201,买盘
888,10:54:54,6.42,-0.01,1,642,卖盘
889,10:55:00,6.42,0.0,10,6420,卖盘
890,10:55:06,6.42,0.0,26,16692,卖盘
891,10:55:18,6.42,0.0,20,12840,卖盘
892,10:55:33,6.41,-0.01,35,22435,卖盘
893,10:55:36,6.41,0.0,1,641,卖盘
894,10:55:39,6.41,0.0,6,3846,卖盘
895,10:55:45,6.41,0.0,9,5769,卖盘
896,10:55:57,6.42,0.01,80,51360,买盘
897,10:56:04,6.42,0.0,5,3210,买盘
898,10:56:06,6.41,-0.01,40,25640,卖盘
899,10:56:09,6.41,0.0,82,52562,卖盘
900,10:56:18,6.4,-0.01,16,10240,卖盘
901,10:56:33,6.41,0.01,10,6410,买盘
902,10:56:36,6.41,0.0,1,641,买盘
903,10:56:45,6.41,0.0,10,6410,买盘
904,10:56:48,6.4,-0.01,1,640,卖盘
905,10:56:51,6.41,0.01,8,5128,买盘
906,10:56:57,6.41,0.0,3,1923,买盘
907,10:57:04,6.41,0.0,6,3846,买盘
908,10:57:12,6.41,0.0,59,37819,买盘
909,10:57:15,6.41,0.0,15,9615,买盘
910,10:57:19,6.42,0.01,13,8346,买盘
911,10:57:42,6.42,0.0,5,3210,买盘
912,10:58:04,6.42,0.0,5,3210,买盘
913,10:58:12,6.42,0.0,3,1926,买盘
914,10:58:18,6.41,-0.01,15,9615,卖盘
915,10:58:25,6.42,0.01,50,32100,买盘
916,10:58:28,6.41,-0.01,2,1282,卖盘
917,10:58:36,6.41,0.0,11,7053,卖盘
918,10:58:39,6.42,0.01,50,32100,买盘
919,10:58:42,6.41,-0.01,70,44874,卖盘
920,10:58:51,6.42,0.01,17,10914,买盘
921,10:58:55,6.42,0.0,1,642,买盘
922,10:58:58,6.42,0.0,23,14766,买盘
923,10:59:04,6.46,0.04,6,3876,买盘
924,10:59:12,6.46,0.0,1,646,买盘
925,10:59:24,6.46,0.0,94,60724,买盘
926,11:00:07,6.46,0.0,18,11628,买盘
927,11:00:18,6.45,-0.01,13,8385,卖盘
928,11:00:24,6.45,0.0,21,13545,卖盘
929,11:00:46,6.43,-0.02,30,19292,卖盘
930,11:01:15,6.45,0.02,1,645,买盘
931,11:01:24,6.45,0.0,3,1935,买盘
932,11:01:30,6.43,-0.02,8,5144,卖盘
933,11:01:39,6.43,0.0,8,5144,卖盘
934,11:02:18,6.43,0.0,11,7083,卖盘
935,11:02:27,6.44,0.01,2,1288,卖盘
936,11:03:00,6.44,0.0,10,6440,买盘
937,11:03:07,6.43,-0.01,1,643,卖盘
938,11:03:19,6.44,0.01,112,72128,买盘
939,11:03:24,6.44,0.0,5,3220,买盘
940,11:03:27,6.44,0.0,5,3220,买盘
941,11:03:30,6.43,-0.01,7,4501,卖盘
942,11:03:48,6.44,0.01,1,644,买盘
943,11:04:00,6.44,0.0,18,11592,买盘
944,11:04:18,6.44,0.0,16,10304,卖盘
945,11:04:36,6.45,0.01,15,9675,买盘
946,11:04:39,6.45,0.0,5,3225,卖盘
947,11:05:28,6.45,0.0,8,5160,卖盘
948,11:05:42,6.45,0.0,64,41280,卖盘
949,11:05:49,6.44,-0.01,63,40572,卖盘
950,11:05:51,6.44,0.0,18,11592,卖盘
951,11:05:54,6.43,-0.01,18,11574,卖盘
952,11:05:57,6.44,0.01,217,139641,买盘
953,11:06:00,6.43,-0.01,79,50405,卖盘
954,11:06:04,6.44,0.01,23,14812,买盘
955,11:06:06,6.43,-0.01,75,48617,卖盘
956,11:06:09,6.43,0.0,5,3215,买盘
957,11:06:12,6.42,-0.01,18,11556,卖盘
958,11:06:15,6.42,0.0,10,6420,卖盘
959,11:06:18,6.42,0.0,173,111066,卖盘
960,11:06:21,6.42,0.0,4,2568,卖盘
961,11:06:24,6.42,0.0,2,1284,卖盘
962,11:06:27,6.43,0.01,84,54012,买盘
963,11:06:30,6.43,0.0,45,28900,买盘
964,11:06:48,6.43,0.0,3,1929,买盘
965,11:07:06,6.41,-0.02,17,10897,卖盘
966,11:07:21,6.41,0.0,112,71792,卖盘
967,11:07:30,6.41,0.0,4,2566,卖盘
968,11:07:33,6.41,0.0,4,2564,卖盘
969,11:07:51,6.41,0.0,13,8333,卖盘
970,11:08:15,6.41,0.0,4,2564,卖盘
971,11:08:18,6.41,0.0,17,10897,卖盘
972,11:08:57,6.41,0.0,5,3205,卖盘
973,11:09:04,6.41,0.0,32,20512,卖盘
974,11:09:09,6.41,0.0,65,41665,卖盘
975,11:09:12,6.41,0.0,125,80125,买盘
976,11:09:15,6.41,0.0,8,5128,买盘
977,11:09:24,6.41,0.0,22,14102,卖盘
978,11:09:27,6.41,0.0,58,37148,卖盘
979,11:09:30,6.42,0.01,23,14758,买盘
980,11:09:33,6.42,0.0,1,642,卖盘
981,11:09:55,6.46,0.04,48,30958,买盘
982,11:10:18,6.43,-0.03,5,3215,买盘
983,11:10:21,6.42,-0.01,13,8346,卖盘
984,11:10:27,6.43,0.01,5,3215,买盘
985,11:10:30,6.43,0.0,3,1929,买盘
986,11:10:33,6.43,0.0,1,643,卖盘
987,11:11:04,6.44,0.01,5,3220,卖盘
988,11:11:12,6.45,0.01,13,8385,买盘
989,11:11:36,6.45,0.0,20,12900,买盘
990,11:11:42,6.44,-0.01,8,5152,卖盘
991,11:12:21,6.44,0.0,90,57960,买盘
992,11:13:06,6.45,0.01,26,16770,买盘
993,11:13:09,6.45,0.0,14,9030,买盘
994,11:13:12,6.45,0.0,3,1935,买盘
995,11:13:18,6.45,0.0,1,645,买盘
996,11:13:27,6.45,0.0,9,5805,买盘
997,11:13:36,6.44,-0.01,1,644,卖盘
998,11:13:39,6.45,0.01,1,645,买盘
999,11:13:48,6.44,-0.01,3,1932,卖盘
1000,11:14:18,6.44,0.0,18,11592,卖盘
1001,11:14:45,6.45,0.01,5,3225,卖盘
1002,11:14:54,6.46,0.01,18,11628,买盘
1003,11:15:04,6.46,0.0,2,1292,买盘
1004,11:15:16,6.45,-0.01,87,56165,卖盘
1005,11:15:33,6.45,0.0,36,23220,买盘
1006,11:15:39,6.45,0.0,27,17415,买盘
1007,11:15:54,6.45,0.0,12,7740,卖盘
1008,11:15:57,6.45,0.0,103,66435,卖盘
1009,11:16:06,6.44,-0.01,10,6440,卖盘
1010,11:16:21,6.44,0.0,11,7084,卖盘
1011,11:16:24,6.45,0.01,52,33540,买盘
1012,11:17:06,6.44,-0.01,104,66976,卖盘
1013,11:17:09,6.45,0.01,30,19350,买盘
1014,11:17:12,6.44,-0.01,21,13524,卖盘
1015,11:17:27,6.44,0.0,4,2576,买盘
1016,11:17:30,6.43,-0.01,18,11574,卖盘
1017,11:17:33,6.43,0.0,23,14789,卖盘
1018,11:17:39,6.43,0.0,4,2572,卖盘
1019,11:17:45,6.43,0.0,61,39223,卖盘
1020,11:17:54,6.42,-0.01,7,4494,卖盘
1021,11:18:04,6.42,0.0,21,13482,卖盘
1022,11:18:06,6.42,0.0,1,642,卖盘
1023,11:18:18,6.41,-0.01,287,184108,卖盘
1024,11:18:28,6.41,0.0,121,77561,买盘
1025,11:18:33,6.41,0.0,6,3846,买盘
1026,11:18:42,6.4,-0.01,30,19200,卖盘
1027,11:18:45,6.41,0.01,11,7051,买盘
1028,11:18:48,6.41,0.0,1,641,买盘
1029,11:18:54,6.41,0.0,1,641,买盘
1030,11:19:06,6.41,0.0,68,43588,买盘
1031,11:19:10,6.41,0.0,1,641,买盘
1032,11:19:13,6.41,0.0,1,641,买盘
1033,11:19:15,6.41,0.0,3,1923,买盘
1034,11:19:18,6.41,0.0,10,6410,买盘
1035,11:19:30,6.41,0.0,7,4487,卖盘
1036,11:19:51,6.44,0.03,3,1932,买盘
1037,11:20:21,6.41,-0.03,21,13461,卖盘
1038,11:20:39,6.41,0.0,1,641,卖盘
1039,11:20:51,6.41,0.0,9,5769,卖盘
1040,11:21:42,6.43,0.02,32,20576,买盘
1041,11:21:54,6.42,-0.01,1,642,卖盘
1042,11:21:57,6.42,0.0,28,17976,卖盘
1043,11:22:03,6.43,0.01,3,1929,买盘
1044,11:22:21,6.43,0.0,100,64300,买盘
1045,11:22:30,6.43,0.0,19,12217,卖盘
1046,11:22:48,6.43,0.0,5,3215,卖盘
1047,11:23:04,6.45,0.02,8,5158,买盘
1048,11:23:09,6.45,0.0,25,16115,买盘
1049,11:23:22,6.45,0.0,19,12250,买盘
1050,11:23:30,6.44,-0.01,82,52808,卖盘
1051,11:23:33,6.46,0.02,14,9033,买盘
1052,11:23:42,6.45,-0.01,19,12237,买盘
1053,11:23:45,6.45,0.0,3,1935,买盘
1054,11:23:54,6.45,0.0,8,5160,买盘
1055,11:24:04,6.45,0.0,9,5805,买盘
1056,11:24:21,6.43,-0.02,17,10941,卖盘
1057,11:24:42,6.44,0.01,7,4508,卖盘
1058,11:25:04,6.45,0.01,4,2580,买盘
1059,11:25:40,6.44,-0.01,20,12880,卖盘
1060,11:25:43,6.43,-0.01,7,4507,卖盘
1061,11:26:09,6.43,0.0,5,3215,卖盘
1062,11:26:21,6.43,0.0,19,12218,卖盘
1063,11:26:27,6.43,0.0,7,4501,卖盘
1064,11:26:40,6.43,0.0,6,3858,卖盘
1065,11:26:42,6.43,0.0,6,3858,卖盘
1066,11:26:57,6.42,-0.01,100,64265,卖盘
1067,11:27:00,6.43,0.01,3,1929,买盘
1068,11:27:06,6.42,-0.01,3,1926,卖盘
1069,11:27:09,6.42,0.0,12,7707,卖盘
1070,11:27:12,6.42,0.0,6,3852,卖盘
1071,11:27:16,6.42,0.0,6,3852,卖盘
1072,11:27:18,6.42,0.0,17,10914,卖盘
1073,11:27:21,6.42,0.0,6,3852,卖盘
1074,11:27:24,6.42,0.0,1,642,卖盘
1075,11:27:33,6.42,0.0,3,1926,买盘
1076,11:27:39,6.42,0.0,9,5778,买盘
1077,11:28:15,6.43,0.01,3,1927,买盘
1078,11:28:18,6.42,-0.01,5,3210,卖盘
1079,11:28:21,6.41,-0.01,15,9615,卖盘
1080,11:28:27,6.43,0.02,2,1286,买盘
1081,11:28:36,6.43,0.0,4,2572,买盘
1082,11:28:39,6.43,0.0,7,4501,卖盘
1083,11:28:46,6.43,0.0,7,4501,卖盘
1084,11:29:21,6.43,0.0,3,1929,卖盘
1085,13:00:04,6.44,0.01,18,11592,买盘
1086,13:00:06,6.44,0.0,21,13524,买盘
1087,13:00:21,6.43,-0.01,15,9645,卖盘
1088,13:00:30,6.44,0.01,5,3216,买盘
1089,13:00:54,6.45,0.01,80,51571,买盘
1090,13:01:03,6.44,-0.01,2,1288,买盘
1091,13:01:30,6.45,0.01,1,645,买盘
1092,13:02:09,6.44,-0.01,119,76647,卖盘
1093,13:02:21,6.44,0.0,13,8372,卖盘
1094,13:02:51,6.45,0.01,1,645,买盘
1095,13:03:00,6.44,-0.01,30,19320,卖盘
1096,13:03:42,6.45,0.01,1,645,买盘
1097,13:04:04,6.45,0.0,3,1935,买盘
1098,13:04:25,6.43,-0.02,21,13508,卖盘
1099,13:04:54,6.43,0.0,1,643,卖盘
1100,13:05:21,6.45,0.02,3,1935,买盘
1101,13:05:51,6.46,0.01,115,74177,买盘
1102,13:06:21,6.45,-0.01,21,13545,卖盘
1103,13:06:24,6.45,0.0,30,19374,卖盘
1104,13:06:45,6.46,0.01,1,646,买盘
1105,13:06:48,6.46,0.0,1,646,买盘
1106,13:06:57,6.46,0.0,5,3230,买盘
1107,13:07:00,6.46,0.0,20,12920,买盘
1108,13:07:04,6.46,0.0,24,15504,买盘
1109,13:07:06,6.46,0.0,26,16796,买盘
1110,13:07:10,6.47,0.01,317,205054,买盘
1111,13:07:21,6.48,0.01,15,9720,买盘
1112,13:07:39,6.48,0.0,2,1296,买盘
1113,13:07:51,6.47,-0.01,1,647,卖盘
1114,13:08:04,6.48,0.01,1,648,买盘
1115,13:08:06,6.48,0.0,2,1296,买盘
1116,13:08:24,6.47,-0.01,16,10352,卖盘
1117,13:08:30,6.47,0.0,8,5176,卖盘
1118,13:08:43,6.48,0.01,2,1296,买盘
1119,13:08:55,6.47,-0.01,16,10352,卖盘
1120,13:09:09,6.48,0.01,28,18144,买盘
1121,13:09:12,6.48,0.0,15,9720,买盘
1122,13:09:21,6.48,0.0,1,648,卖盘
1123,13:10:13,6.48,0.0,8,5184,卖盘
1124,13:10:19,6.49,0.01,11,7139,买盘
1125,13:10:24,6.47,-0.02,16,10364,卖盘
1126,13:10:27,6.49,0.02,17,11033,买盘
1127,13:10:33,6.49,0.0,1,649,买盘
1128,13:10:36,6.49,0.0,30,19470,买盘
1129,13:10:39,6.49,0.0,2,1298,买盘
1130,13:10:42,6.49,0.0,4,2596,买盘
1131,13:10:46,6.49,0.0,12,7788,买盘
1132,13:10:48,6.48,-0.01,2,1297,卖盘
1133,13:10:54,6.49,0.01,4,2596,买盘
1134,13:11:06,6.49,0.0,17,11033,买盘
1135,13:11:13,6.49,0.0,9,5841,买盘
1136,13:11:16,6.49,0.0,9,5841,买盘
1137,13:11:18,6.49,0.0,37,24013,买盘
1138,13:11:21,6.49,0.0,5,3245,买盘
1139,13:11:24,6.49,0.0,5,3245,买盘
1140,13:11:27,6.49,0.0,5,3245,买盘
1141,13:11:30,6.49,0.0,40,25960,买盘
1142,13:11:33,6.48,-0.01,45,29195,卖盘
1143,13:11:36,6.49,0.01,13,8437,买盘
1144,13:11:39,6.49,0.0,4,2596,买盘
1145,13:11:42,6.49,0.0,2,1298,买盘
1146,13:11:49,6.49,0.0,3,1947,买盘
1147,13:11:51,6.49,0.0,1,649,买盘
1148,13:11:54,6.5,0.01,1,650,买盘
1149,13:11:57,6.5,0.0,3,1950,买盘
1150,13:12:00,6.52,0.02,50,32588,买盘
1151,13:12:06,6.5,-0.02,1,650,买盘
1152,13:12:09,6.5,0.0,20,13000,买盘
1153,13:12:18,6.48,-0.02,1,648,卖盘
1154,13:12:24,6.48,0.0,19,12312,卖盘
1155,13:12:57,6.49,0.01,9,5842,卖盘
1156,13:13:06,6.49,0.0,5,3245,卖盘
1157,13:13:09,6.5,0.01,2,1300,买盘
1158,13:13:33,6.5,0.0,23,14950,买盘
1159,13:13:36,6.5,0.0,11,7150,买盘
1160,13:13:45,6.49,-0.01,1,649,卖盘
1161,13:14:24,6.49,0.0,11,7139,卖盘
1162,13:14:39,6.5,0.01,8,5200,买盘
1163,13:14:42,6.49,-0.01,8,5192,卖盘
1164,13:14:51,6.5,0.01,1,650,买盘
1165,13:15:03,6.52,0.02,59,38388,买盘
1166,13:15:06,6.5,-0.02,1,650,买盘
1167,13:15:15,6.5,0.0,5,3250,买盘
1168,13:15:21,6.52,0.02,3,1956,买盘
1169,13:15:48,6.52,0.0,1,652,买盘
1170,13:15:51,6.52,0.0,30,19560,买盘
1171,13:15:57,6.51,-0.01,19,12378,卖盘
1172,13:16:03,6.5,-0.01,8,5200,卖盘
1173,13:16:10,6.51,0.01,30,19530,买盘
1174,13:16:21,6.5,-0.01,104,67600,卖盘
1175,13:16:24,6.5,0.0,142,92282,买盘
1176,13:16:45,6.51,0.01,1,651,卖盘
1177,13:16:52,6.51,0.0,2,1302,卖盘
1178,13:17:06,6.52,0.01,32,20835,买盘
1179,13:17:24,6.51,-0.01,8,5208,卖盘
1180,13:17:28,6.51,0.0,23,14983,卖盘
1181,13:17:51,6.51,0.0,20,13020,买盘
1182,13:17:54,6.51,0.0,15,9765,买盘
1183,13:18:15,6.49,-0.02,2,1299,卖盘
1184,13:18:21,6.51,0.02,42,27342,买盘
1185,13:18:24,6.49,-0.02,16,10386,卖盘
1186,13:18:36,6.49,0.0,78,50622,卖盘
1187,13:18:42,6.49,0.0,86,55814,买盘
1188,13:18:48,6.48,-0.01,7,4536,卖盘
1189,13:18:51,6.49,0.01,20,12980,买盘
1190,13:18:57,6.49,0.0,20,12980,买盘
1191,13:19:15,6.5,0.01,13,8450,买盘
1192,13:19:18,6.5,0.0,27,17550,卖盘
1193,13:19:36,6.52,0.02,96,62576,买盘
1194,13:19:42,6.49,-0.03,1,649,卖盘
1195,13:19:57,6.5,0.01,27,17550,卖盘
1196,13:20:06,6.51,0.01,32,20832,买盘
1197,13:20:12,6.51,0.0,16,10416,卖盘
1198,13:20:15,6.52,0.01,1,652,买盘
1199,13:20:21,6.51,-0.01,9,5859,卖盘
1200,13:20:24,6.5,-0.01,13,8455,卖盘
1201,13:20:37,6.5,0.0,3,1950,买盘
1202,13:20:40,6.5,0.0,12,7800,卖盘
1203,13:20:48,6.52,0.02,65,42364,买盘
1204,13:20:54,6.52,0.0,29,18908,卖盘
1205,13:21:00,6.53,0.01,30,19590,买盘
1206,13:21:03,6.53,0.0,1,653,买盘
1207,13:21:06,6.53,0.0,10,6530,买盘
1208,13:21:12,6.52,-0.01,1,652,卖盘
1209,13:21:15,6.52,0.0,17,11084,卖盘
1210,13:21:30,6.53,0.01,1,653,买盘
1211,13:21:36,6.53,0.0,30,19590,买盘
1212,13:21:42,6.53,0.0,85,55504,买盘
1213,13:21:45,6.53,0.0,8,5224,卖盘
1214,13:21:51,6.52,-0.01,33,21546,卖盘
1215,13:21:57,6.52,0.0,17,11084,买盘
1216,13:22:06,6.52,0.0,650,423800,卖盘
1217,13:22:15,6.52,0.0,6,3912,卖盘
1218,13:22:18,6.52,0.0,4,2608,卖盘
1219,13:22:21,6.52,0.0,71,46353,卖盘
1220,13:22:24,6.52,0.0,13,8476,卖盘
1221,13:22:27,6.52,0.0,20,13040,卖盘
1222,13:22:40,6.52,0.0,1,652,卖盘
1223,13:22:45,6.52,0.0,10,6520,买盘
1224,13:22:48,6.52,0.0,10,6520,买盘
1225,13:23:00,6.53,0.01,15,9795,买盘
1226,13:23:24,6.52,-0.01,9,5868,卖盘
1227,13:24:00,6.52,0.0,3,1956,买盘
1228,13:24:09,6.52,0.0,97,63243,买盘
1229,13:24:12,6.52,0.0,1,652,买盘
1230,13:24:21,6.52,0.0,30,19560,买盘
1231,13:24:24,6.51,-0.01,17,11067,卖盘
1232,13:24:31,6.52,0.01,2,1304,买盘
1233,13:24:34,6.52,0.0,51,33252,买盘
1234,13:24:36,6.53,0.01,1,653,买盘
1235,13:24:51,6.53,0.0,50,32650,买盘
1236,13:25:00,6.52,-0.01,12,7824,卖盘
1237,13:25:04,6.53,0.01,30,19572,买盘
1238,13:25:18,6.53,0.0,20,13060,买盘
1239,13:25:39,6.52,-0.01,1,652,卖盘
1240,13:25:57,6.53,0.01,43,28079,买盘
1241,13:26:00,6.54,0.01,13,8502,买盘
1242,13:26:15,6.54,0.0,3,1962,买盘
1243,13:26:18,6.53,-0.01,42,27427,卖盘
1244,13:26:24,6.53,0.0,12,7836,卖盘
1245,13:26:27,6.55,0.02,86,56246,买盘
1246,13:26:33,6.55,0.0,118,77290,买盘
1247,13:26:37,6.58,0.03,153,100561,买盘
1248,13:26:39,6.58,0.0,33,21714,买盘
1249,13:26:51,6.56,-0.02,61,40016,卖盘
1250,13:26:57,6.58,0.02,19,12502,买盘
1251,13:27:04,6.59,0.01,20,13164,买盘
1252,13:27:06,6.59,0.0,38,25042,买盘
1253,13:27:09,6.58,-0.01,1,658,卖盘
1254,13:27:12,6.59,0.01,10,6590,中性盘
1255,13:27:15,6.6,0.01,73,48163,买盘
1256,13:27:24,6.6,0.0,45,29700,卖盘
1257,13:27:27,6.6,0.0,30,19800,买盘
1258,13:27:30,6.6,0.0,32,21120,买盘
1259,13:27:33,6.6,0.0,4,2640,买盘
1260,13:27:39,6.59,-0.01,30,19770,卖盘
1261,13:27:45,6.6,0.01,3,1980,买盘
1262,13:27:51,6.6,0.0,149,98340,买盘
1263,13:27:57,6.6,0.0,33,21781,卖盘
1264,13:28:03,6.6,0.0,45,29700,买盘
1265,13:28:06,6.6,0.0,64,42240,买盘
1266,13:28:18,6.6,0.0,93,61379,卖盘
1267,13:28:25,6.6,0.0,6,3960,卖盘
1268,13:28:27,6.59,-0.01,16,10544,卖盘
1269,13:28:30,6.6,0.01,6,3960,买盘
1270,13:28:33,6.6,0.0,94,62040,买盘
1271,13:28:36,6.59,-0.01,11,7255,卖盘
1272,13:28:42,6.6,0.01,10,6600,卖盘
1273,13:28:46,6.6,0.0,82,54120,卖盘
1274,13:28:51,6.59,-0.01,1,659,卖盘
1275,13:28:54,6.59,0.0,25,16475,卖盘
1276,13:29:00,6.59,0.0,5,3295,卖盘
1277,13:29:25,6.59,0.0,6,3954,卖盘
1278,13:29:33,6.6,0.01,1,660,买盘
1279,13:29:36,6.59,-0.01,4,2636,卖盘
1280,13:29:57,6.61,0.02,77,50826,买盘
1281,13:30:06,6.59,-0.02,1,659,卖盘
1282,13:30:24,6.58,-0.01,33,21730,卖盘
1283,13:30:39,6.6,0.02,2,1320,买盘
1284,13:30:45,6.59,-0.01,60,39540,卖盘
1285,13:30:57,6.6,0.01,30,19772,买盘
1286,13:31:06,6.6,0.0,60,39600,买盘
1287,13:31:09,6.6,0.0,12,7920,买盘
1288,13:31:12,6.6,0.0,1,660,买盘
1289,13:31:15,6.6,0.0,27,17820,买盘
1290,13:31:18,6.61,0.01,8,5288,买盘
1291,13:31:21,6.61,0.0,5,3305,买盘
1292,13:31:24,6.61,0.0,104,68744,买盘
1293,13:31:27,6.61,0.0,31,20293,买盘
1294,13:31:30,6.63,0.02,32,21196,买盘
1295,13:31:33,6.64,0.01,3,1992,买盘
1296,13:31:36,6.63,-0.01,1,663,卖盘
1297,13:31:39,6.64,0.01,1,664,买盘
1298,13:31:48,6.65,0.01,20,13294,买盘
1299,13:31:51,6.65,0.0,6,3990,卖盘
1300,13:31:54,6.65,0.0,13,8645,卖盘
1301,13:31:58,6.66,0.01,2,1332,买盘
1302,13:32:00,6.66,0.0,80,53280,买盘
1303,13:32:04,6.66,0.0,16,10649,买盘
1304,13:32:09,6.66,0.0,60,39960,卖盘
1305,13:32:12,6.65,-0.01,1,665,卖盘
1306,13:32:15,6.65,0.0,106,70496,卖盘
1307,13:32:24,6.63,-0.02,20,13276,卖盘
1308,13:32:27,6.63,0.0,23,15279,卖盘
1309,13:32:57,6.65,0.02,11,7315,买盘
1310,13:33:04,6.65,0.0,57,37905,卖盘
1311,13:33:07,6.65,0.0,51,33914,买盘
1312,13:33:10,6.65,0.0,132,87736,买盘
1313,13:33:30,6.63,-0.02,10,6630,卖盘
1314,13:33:33,6.64,0.01,20,13280,买盘
1315,13:33:39,6.64,0.0,6,3984,卖盘
1316,13:33:42,6.64,0.0,40,26560,卖盘
1317,13:33:45,6.65,0.01,1,665,买盘
1318,13:33:51,6.64,-0.01,7,4648,卖盘
1319,13:33:57,6.64,0.0,10,6640,卖盘
1320,13:34:04,6.64,0.0,22,14608,卖盘
1321,13:34:16,6.63,-0.01,4,2652,卖盘
1322,13:34:27,6.63,0.0,13,8619,卖盘
1323,13:34:33,6.63,0.0,56,37185,卖盘
1324,13:34:37,6.63,0.0,3,1989,卖盘
1325,13:34:39,6.63,0.0,85,56355,卖盘
1326,13:34:49,6.62,-0.01,12,7944,卖盘
1327,13:35:09,6.63,0.01,20,13260,买盘
1328,13:35:24,6.64,0.01,120,79625,买盘
1329,13:35:27,6.65,0.01,10,6650,买盘
1330,13:35:30,6.65,0.0,121,80465,买盘
1331,13:35:33,6.64,-0.01,11,7304,卖盘
1332,13:35:36,6.64,0.0,5,3320,卖盘
1333,13:35:42,6.63,-0.01,2,1326,卖盘
1334,13:35:51,6.63,0.0,29,19247,卖盘
1335,13:36:00,6.65,0.02,10,6650,买盘
1336,13:36:04,6.64,-0.01,1,664,卖盘
1337,13:36:06,6.65,0.01,15,9975,买盘
1338,13:36:09,6.65,0.0,28,18620,买盘
1339,13:36:18,6.65,0.0,30,19950,卖盘
1340,13:36:24,6.65,0.0,2,1330,卖盘
1341,13:36:27,6.65,0.0,14,9313,卖盘
1342,13:36:33,6.65,0.0,2,1330,卖盘
1343,13:36:36,6.65,0.0,80,53250,卖盘
1344,13:36:42,6.66,0.01,1,666,买盘
1345,13:36:48,6.66,0.0,5,3330,买盘
1346,13:36:52,6.66,0.0,1,666,买盘
1347,13:37:00,6.66,0.0,2,1332,买盘
1348,13:37:06,6.66,0.0,80,53280,买盘
1349,13:37:12,6.67,0.01,154,102706,买盘
1350,13:37:15,6.67,0.0,140,93380,卖盘
1351,13:37:18,6.67,0.0,30,20010,卖盘
1352,13:37:24,6.67,0.0,72,48024,卖盘
1353,13:37:27,6.68,0.01,10,6680,买盘
1354,13:37:31,6.66,-0.02,48,32033,卖盘
1355,13:37:52,6.67,0.01,84,56028,买盘
1356,13:37:54,6.67,0.0,59,39353,买盘
1357,13:37:57,6.66,-0.01,3,1998,卖盘
1358,13:38:00,6.66,0.0,6,3996,卖盘
1359,13:38:04,6.67,0.01,55,36685,买盘
1360,13:38:06,6.68,0.01,16,10687,买盘
1361,13:38:15,6.67,-0.01,46,30648,买盘
1362,13:38:18,6.66,-0.01,31,20646,卖盘
1363,13:38:24,6.66,0.0,4,2664,买盘
1364,13:38:27,6.66,0.0,25,16636,买盘
1365,13:38:33,6.66,0.0,43,28621,买盘
1366,13:38:37,6.66,0.0,51,33966,买盘
1367,13:38:40,6.66,0.0,6,3996,买盘
1368,13:38:45,6.66,0.0,10,6660,买盘
1369,13:38:51,6.66,0.0,9,5994,买盘
1370,13:38:54,6.67,0.01,17,11339,买盘
1371,13:39:01,6.66,-0.01,41,27306,卖盘
1372,13:39:09,6.68,0.02,300,200305,买盘
1373,13:39:15,6.68,0.0,20,13360,买盘
1374,13:39:24,6.68,0.0,18,12231,买盘
1375,13:39:28,6.68,0.0,9,6012,卖盘
1376,13:39:30,6.68,0.0,40,26513,卖盘
1377,13:39:33,6.68,0.0,1,668,买盘
1378,13:39:36,6.68,0.0,66,44288,买盘
1379,13:39:46,6.68,0.0,233,155648,卖盘
1380,13:39:54,6.68,0.0,85,56700,买盘
1381,13:39:57,6.69,0.01,100,66875,买盘
1382,13:40:09,6.68,-0.01,9,6012,买盘
1383,13:40:12,6.68,0.0,2,1336,买盘
1384,13:40:15,6.68,0.0,6,4008,买盘
1385,13:40:18,6.68,0.0,100,66800,买盘
1386,13:40:24,6.73,0.05,537,360004,买盘
1387,13:40:30,6.68,-0.05,16,10712,卖盘
1388,13:40:33,6.73,0.05,50,33650,买盘
1389,13:40:42,6.73,0.0,5,3365,买盘
1390,13:40:48,6.73,0.0,50,33650,买盘
1391,13:40:51,6.73,0.0,13,8749,卖盘
1392,13:40:54,6.71,-0.02,35,23549,卖盘
1393,13:40:57,6.74,0.03,7,4712,买盘
1394,13:41:00,6.73,-0.01,27,18171,卖盘
1395,13:41:09,6.71,-0.02,48,32238,卖盘
1396,13:41:15,6.71,0.0,13,8723,卖盘
1397,13:41:18,6.71,0.0,1,671,卖盘
1398,13:41:24,6.71,0.0,21,14091,买盘
1399,13:41:27,6.7,-0.01,16,10720,卖盘
1400,13:41:37,6.7,0.0,120,80400,卖盘
1401,13:41:39,6.7,0.0,1,670,卖盘
1402,13:41:42,6.7,0.0,53,35510,卖盘
1403,13:41:45,6.7,0.0,4,2680,卖盘
1404,13:41:48,6.7,0.0,5,3350,买盘
1405,13:41:51,6.7,0.0,36,24120,买盘
1406,13:41:54,6.7,0.0,16,10720,买盘
1407,13:41:57,6.71,0.01,62,41541,买盘
1408,13:42:00,6.7,-0.01,1,670,卖盘
1409,13:42:09,6.71,0.01,16,10736,买盘
1410,13:42:12,6.7,-0.01,3,2010,卖盘
1411,13:42:16,6.7,0.0,126,84416,买盘
1412,13:42:28,6.7,0.0,3,2010,卖盘
1413,13:42:31,6.7,0.0,18,12060,卖盘
1414,13:42:33,6.7,0.0,2,1340,卖盘
1415,13:42:36,6.7,0.0,13,8710,卖盘
1416,13:42:42,6.69,-0.01,16,10704,卖盘
1417,13:42:48,6.69,0.0,52,34788,卖盘
1418,13:42:51,6.69,0.0,2,1338,卖盘
1419,13:42:57,6.68,-0.01,1,668,卖盘
1420,13:43:00,6.69,0.01,10,6690,买盘
1421,13:43:06,6.68,-0.01,6,4008,卖盘
1422,13:43:12,6.69,0.01,1,669,买盘
1423,13:43:15,6.7,0.01,104,69636,买盘
1424,13:43:18,6.69,-0.01,1,669,卖盘
1425,13:43:21,6.7,0.01,20,13400,买盘
1426,13:43:24,6.69,-0.01,31,20739,卖盘
1427,13:43:27,6.69,0.0,1,669,卖盘
1428,13:43:30,6.69,0.0,7,4683,卖盘
1429,13:43:42,6.7,0.01,17,11390,买盘
1430,13:43:45,6.69,-0.01,20,13380,卖盘
1431,13:43:55,6.69,0.0,7,4683,卖盘
1432,13:44:12,6.69,0.0,44,29436,卖盘
1433,13:44:21,6.69,0.0,46,30774,卖盘
1434,13:44:27,6.68,-0.01,11,7348,卖盘
1435,13:44:39,6.68,0.0,84,56112,卖盘
1436,13:44:51,6.68,0.0,10,6680,买盘
1437,13:44:57,6.67,-0.01,1,667,卖盘
1438,13:45:06,6.67,0.0,20,13340,卖盘
1439,13:45:09,6.67,0.0,100,66700,卖盘
1440,13:45:21,6.67,0.0,2,1334,卖盘
1441,13:45:40,6.67,0.0,33,22011,买盘
1442,13:45:45,6.67,0.0,3,2001,卖盘
1443,13:45:54,6.67,0.0,14,9338,卖盘
1444,13:46:06,6.67,0.0,10,6670,买盘
1445,13:46:09,6.67,0.0,2,1334,买盘
1446,13:46:18,6.66,-0.01,10,6660,卖盘
1447,13:46:21,6.66,0.0,18,11988,卖盘
1448,13:46:24,6.66,0.0,101,67266,卖盘
1449,13:46:27,6.67,0.01,10,6670,买盘
1450,13:46:30,6.65,-0.02,16,10643,卖盘
1451,13:46:51,6.66,0.01,5,3330,中性盘
1452,13:46:54,6.66,0.0,3,1998,卖盘
1453,13:47:04,6.66,0.0,27,17982,卖盘
1454,13:47:13,6.66,0.0,11,7327,卖盘
1455,13:47:21,6.66,0.0,44,29328,卖盘
1456,13:47:27,6.66,0.0,9,6000,卖盘
1457,13:47:36,6.66,0.0,98,65268,卖盘
1458,13:47:39,6.66,0.0,35,23310,卖盘
1459,13:47:45,6.67,0.01,2,1334,买盘
1460,13:47:48,6.66,-0.01,52,34632,卖盘
1461,13:47:54,6.65,-0.01,1,665,卖盘
1462,13:47:57,6.66,0.01,4,2664,买盘
1463,13:48:24,6.66,0.0,35,23310,卖盘
1464,13:48:30,6.66,0.0,18,11988,卖盘
1465,13:48:36,6.66,0.0,4,2664,卖盘
1466,13:48:48,6.66,0.0,16,10656,买盘
1467,13:48:51,6.66,0.0,4,2664,卖盘
1468,13:49:06,6.66,0.0,2,1332,卖盘
1469,13:49:09,6.66,0.0,20,13320,买盘
1470,13:49:18,6.65,-0.01,17,11305,卖盘
1471,13:49:21,6.65,0.0,1,665,卖盘
1472,13:49:24,6.65,0.0,1,665,卖盘
1473,13:49:33,6.65,0.0,27,17955,卖盘
1474,13:49:45,6.67,0.02,24,16008,买盘
1475,13:49:48,6.66,-0.01,22,14652,卖盘
1476,13:50:15,6.66,0.0,15,9990,卖盘
1477,13:50:21,6.67,0.01,10,6670,买盘
1478,13:50:24,6.66,-0.01,18,11988,卖盘
1479,13:50:31,6.65,-0.01,15,9977,卖盘
1480,13:50:34,6.67,0.02,7,4669,买盘
1481,13:50:48,6.67,0.0,13,8671,买盘
1482,13:50:51,6.66,-0.01,1,666,卖盘
1483,13:50:57,6.67,0.01,1,667,买盘
1484,13:51:03,6.67,0.0,5,3335,卖盘
1485,13:51:06,6.68,0.01,80,53440,买盘
1486,13:51:10,6.67,-0.01,8,5341,卖盘
1487,13:51:18,6.68,0.01,8,5344,买盘
1488,13:51:21,6.68,0.0,50,33404,卖盘
1489,13:51:28,6.68,0.0,4,2672,卖盘
1490,13:51:30,6.69,0.01,4,2676,买盘
1491,13:51:39,6.69,0.0,15,10035,买盘
1492,13:51:45,6.68,-0.01,2,1336,卖盘
1493,13:51:49,6.69,0.01,15,10035,买盘
1494,13:51:52,6.69,0.0,61,40809,买盘
1495,13:52:01,6.69,0.0,34,22746,卖盘
1496,13:52:03,6.7,0.01,10,6700,买盘
1497,13:52:21,6.69,-0.01,12,8038,卖盘
1498,13:52:24,6.7,0.01,5,3350,买盘
1499,13:52:27,6.7,0.0,1,670,买盘
1500,13:52:30,6.69,-0.01,14,9366,卖盘
1501,13:52:52,6.7,0.01,100,67000,买盘
1502,13:52:57,6.7,0.0,115,77047,买盘
1503,13:53:04,6.7,0.0,165,110550,买盘
1504,13:53:09,6.7,0.0,31,20770,买盘
1505,13:53:13,6.7,0.0,1,670,买盘
1506,13:53:21,6.69,-0.01,10,6690,卖盘
1507,13:53:24,6.7,0.01,50,33500,买盘
1508,13:53:28,6.69,-0.01,60,40140,卖盘
1509,13:53:39,6.7,0.01,32,21420,买盘
1510,13:53:42,6.69,-0.01,10,6690,卖盘
1511,13:53:45,6.68,-0.01,61,40783,卖盘
1512,13:54:09,6.68,0.0,8,5344,卖盘
1513,13:54:18,6.68,0.0,10,6680,卖盘
1514,13:54:22,6.69,0.01,39,26091,买盘
1515,13:54:27,6.68,-0.01,9,6012,卖盘
1516,13:54:30,6.68,0.0,26,17368,卖盘
1517,13:54:36,6.68,0.0,7,4676,卖盘
1518,13:54:48,6.69,0.01,10,6690,买盘
1519,13:55:04,6.69,0.0,4,2673,买盘
1520,13:55:06,6.69,0.0,5,3345,买盘
1521,13:55:09,6.69,0.0,101,67569,买盘
1522,13:55:24,6.7,0.01,30,20100,买盘
1523,13:55:33,6.7,0.0,26,17420,买盘
1524,13:55:42,6.7,0.0,8,5360,买盘
1525,13:55:54,6.69,-0.01,20,13380,卖盘
1526,13:56:00,6.7,0.01,19,12730,买盘
1527,13:56:06,6.7,0.0,117,78290,买盘
1528,13:56:18,6.69,-0.01,18,12042,买盘
1529,13:56:25,6.7,0.01,261,174790,买盘
1530,13:56:30,6.68,-0.02,16,10688,卖盘
1531,13:57:00,6.7,0.02,177,118590,买盘
1532,13:57:06,6.69,-0.01,20,13380,卖盘
1533,13:57:15,6.69,0.0,3,2007,卖盘
1534,13:57:18,6.7,0.01,4,2680,买盘
1535,13:57:21,6.7,0.0,99,66330,买盘
1536,13:57:27,6.69,-0.01,8,5357,卖盘
1537,13:57:33,6.69,0.0,2,1338,卖盘
1538,13:57:42,6.7,0.01,1,670,买盘
1539,13:57:57,6.69,-0.01,1,669,卖盘
1540,13:58:03,6.69,0.0,73,48837,卖盘
1541,13:58:06,6.69,0.0,18,12052,卖盘
1542,13:58:15,6.69,0.0,41,27429,卖盘
1543,13:58:24,6.69,0.0,1,669,卖盘
1544,13:58:31,6.69,0.0,30,20070,卖盘
1545,13:58:36,6.69,0.0,25,16725,卖盘
1546,13:58:45,6.7,0.01,18,12060,买盘
1547,13:58:51,6.7,0.0,10,6700,买盘
1548,13:58:57,6.7,0.0,25,16750,买盘
1549,13:59:12,6.7,0.0,8,5360,买盘
1550,13:59:27,6.69,-0.01,50,33450,卖盘
1551,13:59:54,6.7,0.01,23,15410,买盘
1552,14:00:00,6.69,-0.01,1,669,卖盘
1553,14:00:03,6.69,0.0,40,26760,卖盘
1554,14:00:06,6.69,0.0,20,13380,卖盘
1555,14:00:09,6.7,0.01,1,670,买盘
1556,14:00:30,6.69,-0.01,34,22756,卖盘
1557,14:00:40,6.69,0.0,66,44154,卖盘
1558,14:00:54,6.69,0.0,24,16056,卖盘
1559,14:00:58,6.69,0.0,53,35457,卖盘
1560,14:01:04,6.69,0.0,3,2007,卖盘
1561,14:01:06,6.69,0.0,3,2007,卖盘
1562,14:01:09,6.7,0.01,18,12060,买盘
1563,14:01:12,6.7,0.0,1,670,买盘
1564,14:01:15,6.7,0.0,19,12730,买盘
1565,14:01:27,6.7,0.0,2,1340,买盘
1566,14:01:31,6.7,0.0,86,57620,买盘
1567,14:01:36,6.7,0.0,18,12060,买盘
1568,14:01:40,6.7,0.0,14,9380,买盘
1569,14:01:42,6.7,0.0,135,90450,买盘
1570,14:01:45,6.7,0.0,18,12060,买盘
1571,14:01:48,6.7,0.0,39,26130,买盘
1572,14:01:51,6.7,0.0,35,23450,买盘
1573,14:01:54,6.7,0.0,355,237850,买盘
1574,14:01:57,6.7,0.0,542,363140,买盘
1575,14:02:00,6.71,0.01,179,120109,买盘
1576,14:02:04,6.71,0.0,108,72461,买盘
1577,14:02:09,6.71,0.0,20,13420,买盘
1578,14:02:12,6.71,0.0,28,18788,买盘
1579,14:02:15,6.71,0.0,357,239537,买盘
1580,14:02:21,6.71,0.0,384,257664,买盘
1581,14:02:24,6.71,0.0,582,390498,买盘
1582,14:02:28,6.71,0.0,189,126819,买盘
1583,14:02:31,6.71,0.0,178,119421,买盘
1584,14:02:33,6.72,0.01,319,214311,买盘
1585,14:02:39,6.72,0.0,9,6048,买盘
1586,14:02:42,6.72,0.0,70,47040,买盘
1587,14:02:45,6.72,0.0,9,6048,买盘
1588,14:02:48,6.72,0.0,86,57792,买盘
1589,14:02:51,6.72,0.0,10,6720,买盘
1590,14:02:55,6.73,0.01,1632,1096788,买盘
1591,14:02:58,6.74,0.01,226,152324,买盘
1592,14:03:00,6.73,-0.01,152,102398,中性盘
1593,14:03:04,6.74,0.01,52,35048,买盘
1594,14:03:06,6.75,0.01,53,35775,买盘
1595,14:03:09,6.75,0.0,30,20250,买盘
1596,14:03:15,6.75,0.0,18,12150,买盘
1597,14:03:18,6.75,0.0,60,40500,买盘
1598,14:03:21,6.75,0.0,136,91800,买盘
1599,14:03:24,6.75,0.0,1,675,买盘
1600,14:03:28,6.75,0.0,95,64125,卖盘
1601,14:03:31,6.76,0.01,217,146492,买盘
1602,14:03:34,6.77,0.01,31,20933,买盘
1603,14:03:36,6.77,0.0,1,677,买盘
1604,14:03:39,6.77,0.0,24,16242,买盘
1605,14:03:42,6.77,0.0,2,1354,买盘
1606,14:03:48,6.78,0.01,195,132198,买盘
1607,14:03:51,6.78,0.0,29,19662,卖盘
1608,14:03:54,6.79,0.01,26,17630,买盘
1609,14:03:57,6.79,0.0,20,13580,买盘
1610,14:04:00,6.8,0.01,313,212765,买盘
1611,14:04:04,6.8,0.0,30,20400,买盘
1612,14:04:07,6.79,-0.01,27,18333,卖盘
1613,14:04:10,6.8,0.01,21,14280,买盘
1614,14:04:15,6.8,0.0,179,121720,卖盘
1615,14:04:18,6.8,0.0,228,155051,卖盘
1616,14:04:21,6.78,-0.02,181,122844,卖盘
1617,14:04:24,6.77,-0.01,252,170841,卖盘
1618,14:04:31,6.75,-0.02,16,10810,卖盘
1619,14:04:36,6.75,0.0,34,22954,卖盘
1620,14:04:39,6.76,0.01,19,12844,买盘
1621,14:04:45,6.78,0.02,18,12204,买盘
1622,14:04:48,6.76,-0.02,73,49369,卖盘
1623,14:04:51,6.77,0.01,86,58145,买盘
1624,14:04:54,6.78,0.01,1,678,买盘
1625,14:04:57,6.78,0.0,20,13560,买盘
1626,14:05:00,6.78,0.0,145,98245,买盘
1627,14:05:03,6.77,-0.01,100,67771,卖盘
1628,14:05:06,6.79,0.02,12,8146,买盘
1629,14:05:10,6.79,0.0,4,2716,买盘
1630,14:05:12,6.79,0.0,21,14259,买盘
1631,14:05:18,6.79,0.0,32,21728,买盘
1632,14:05:21,6.79,0.0,23,15617,买盘
1633,14:05:24,6.79,0.0,97,65863,卖盘
1634,14:05:27,6.8,0.01,117,79448,买盘
1635,14:05:30,6.79,-0.01,207,140373,卖盘
1636,14:05:33,6.78,-0.01,2,1356,卖盘
1637,14:05:39,6.79,0.01,20,13580,买盘
1638,14:05:42,6.78,-0.01,5,3390,卖盘
1639,14:05:45,6.79,0.01,2,1358,买盘
1640,14:05:51,6.78,-0.01,77,52146,卖盘
1641,14:05:54,6.78,0.0,2,1356,卖盘
1642,14:06:18,6.78,0.0,3,2034,买盘
1643,14:06:21,6.78,0.0,10,6780,买盘
1644,14:06:30,6.76,-0.02,38,25688,卖盘
1645,14:06:33,6.75,-0.01,10,6750,卖盘
1646,14:06:52,6.74,-0.01,24,16176,卖盘
1647,14:06:55,6.75,0.01,14,9446,买盘
1648,14:06:57,6.75,0.0,77,51975,买盘
1649,14:07:06,6.76,0.01,30,20280,买盘
1650,14:07:09,6.74,-0.02,102,68779,卖盘
1651,14:07:16,6.75,0.01,5,3375,买盘
1652,14:07:21,6.76,0.01,18,12168,买盘
1653,14:07:24,6.75,-0.01,12,8100,卖盘
1654,14:07:27,6.76,0.01,158,106684,买盘
1655,14:07:30,6.77,0.01,8,5415,买盘
1656,14:07:33,6.77,0.0,1,677,卖盘
1657,14:07:37,6.77,0.0,11,7447,卖盘
1658,14:07:40,6.78,0.01,107,72350,买盘
1659,14:07:43,6.78,0.0,23,15594,买盘
1660,14:07:45,6.78,0.0,3,2034,卖盘
1661,14:07:57,6.76,-0.02,21,14232,卖盘
1662,14:08:00,6.78,0.02,108,73224,买盘
1663,14:08:09,6.78,0.0,3,2033,买盘
1664,14:08:12,6.78,0.0,3,2034,买盘
1665,14:08:15,6.78,0.0,100,67800,买盘
1666,14:08:21,6.76,-0.02,24,16224,卖盘
1667,14:08:24,6.76,0.0,11,7437,卖盘
1668,14:08:27,6.78,0.02,217,147126,买盘
1669,14:08:30,6.78,0.0,44,29833,卖盘
1670,14:08:33,6.78,0.0,2,1356,卖盘
1671,14:08:36,6.79,0.01,340,230791,买盘
1672,14:08:45,6.78,-0.01,2,1356,买盘
1673,14:08:48,6.78,0.0,10,6780,卖盘
1674,14:08:54,6.78,0.0,5,3390,卖盘
1675,14:08:57,6.78,0.0,2,1356,卖盘
1676,14:09:03,6.78,0.0,38,25779,卖盘
1677,14:09:09,6.78,0.0,9,6102,卖盘
1678,14:09:12,6.79,0.01,400,271445,买盘
1679,14:09:18,6.79,0.0,38,25802,买盘
1680,14:09:21,6.79,0.0,299,203018,买盘
1681,14:09:24,6.79,0.0,13,8827,卖盘
1682,14:09:27,6.8,0.01,156,106030,买盘
1683,14:09:30,6.8,0.0,5,3400,卖盘
1684,14:09:33,6.81,0.01,55,37455,买盘
1685,14:09:36,6.8,-0.01,7,4760,卖盘
1686,14:09:39,6.83,0.03,24,16380,买盘
1687,14:09:42,6.81,-0.02,5,3405,中性盘
1688,14:09:48,6.8,-0.01,67,45650,卖盘
1689,14:09:51,6.83,0.03,18,12294,买盘
1690,14:09:54,6.82,-0.01,18,12276,买盘
1691,14:10:10,6.8,-0.02,154,104720,卖盘
1692,14:10:12,6.82,0.02,61,41579,买盘
1693,14:10:15,6.81,-0.01,7,4767,卖盘
1694,14:10:21,6.83,0.02,54,36829,买盘
1695,14:10:24,6.82,-0.01,60,40930,卖盘
1696,14:10:27,6.82,0.0,9,6138,卖盘
1697,14:10:30,6.83,0.01,2,1366,买盘
1698,14:10:33,6.82,-0.01,65,44342,卖盘
1699,14:10:39,6.84,0.02,18,12301,买盘
1700,14:10:42,6.83,-0.01,20,13660,中性盘
1701,14:10:48,6.8,-0.03,235,160206,卖盘
1702,14:10:51,6.8,0.0,10,6800,买盘
1703,14:10:57,6.8,0.0,5,3400,买盘
1704,14:11:00,6.8,0.0,248,168640,买盘
1705,14:11:03,6.8,0.0,1,680,买盘
1706,14:11:06,6.8,0.0,1,680,买盘
1707,14:11:12,6.8,0.0,30,20400,卖盘
1708,14:11:15,6.84,0.04,22,15038,买盘
1709,14:11:18,6.79,-0.05,30,20416,卖盘
1710,14:11:22,6.84,0.05,23,15712,买盘
1711,14:11:27,6.8,-0.04,18,12240,卖盘
1712,14:11:33,6.84,0.04,50,34200,买盘
1713,14:11:36,6.84,0.0,63,43088,买盘
1714,14:11:43,6.84,0.0,11,7521,买盘
1715,14:11:46,6.84,0.0,3,2052,买盘
1716,14:11:57,6.83,-0.01,24,16392,买盘
1717,14:12:00,6.83,0.0,290,198070,买盘
1718,14:12:04,6.82,-0.01,120,81858,卖盘
1719,14:12:09,6.82,0.0,93,63376,买盘
1720,14:12:12,6.82,0.0,43,29326,买盘
1721,14:12:18,6.82,0.0,122,83204,买盘
1722,14:12:21,6.82,0.0,37,25234,卖盘
1723,14:12:27,6.82,0.0,4,2728,卖盘
1724,14:12:30,6.83,0.01,33,22510,买盘
1725,14:12:33,6.82,-0.01,4,2728,卖盘
1726,14:12:36,6.82,0.0,5,3410,卖盘
1727,14:12:39,6.82,0.0,52,35469,卖盘
1728,14:12:42,6.82,0.0,39,26598,卖盘
1729,14:12:48,6.82,0.0,51,34782,买盘
1730,14:12:51,6.82,0.0,90,61380,卖盘
1731,14:12:54,6.82,0.0,3,2046,卖盘
1732,14:12:57,6.81,-0.01,76,51827,卖盘
1733,14:13:04,6.81,0.0,56,38154,卖盘
1734,14:13:06,6.81,0.0,51,34776,卖盘
1735,14:13:09,6.81,0.0,15,10215,卖盘
1736,14:13:12,6.81,0.0,77,52437,卖盘
1737,14:13:15,6.81,0.0,9,6129,卖盘
1738,14:13:24,6.81,0.0,24,16344,卖盘
1739,14:13:30,6.8,-0.01,1,680,卖盘
1740,14:13:36,6.81,0.01,13,8853,买盘
1741,14:13:42,6.81,0.0,5,3405,买盘
1742,14:13:45,6.81,0.0,12,8172,买盘
1743,14:13:48,6.8,-0.01,69,46921,卖盘
1744,14:13:51,6.81,0.01,3,2043,买盘
1745,14:13:54,6.81,0.0,15,10215,买盘
1746,14:13:57,6.8,-0.01,105,71400,卖盘
1747,14:14:00,6.8,0.0,15,10200,卖盘
1748,14:14:04,6.8,0.0,36,24480,买盘
1749,14:14:12,6.79,-0.01,4,2716,卖盘
1750,14:14:16,6.78,-0.01,8,5424,卖盘
1751,14:14:18,6.8,0.02,34,23071,买盘
1752,14:14:21,6.8,0.0,1,680,买盘
1753,14:14:33,6.78,-0.02,15,10170,卖盘
1754,14:14:54,6.8,0.02,100,67933,买盘
1755,14:14:57,6.79,-0.01,2,1358,卖盘
1756,14:15:00,6.79,0.0,18,12222,买盘
1757,14:15:06,6.79,0.0,1,679,卖盘
1758,14:15:12,6.79,0.0,49,33288,卖盘
1759,14:15:15,6.79,0.0,33,22429,卖盘
1760,14:15:19,6.8,0.01,82,55760,买盘
1761,14:15:22,6.8,0.0,518,350811,买盘
1762,14:15:24,6.79,-0.01,38,25803,买盘
1763,14:15:27,6.79,0.0,54,36666,买盘
1764,14:15:30,6.79,0.0,2,1358,买盘
1765,14:15:33,6.79,0.0,82,55678,卖盘
1766,14:15:39,6.8,0.01,113,76840,买盘
1767,14:15:45,6.79,-0.01,4,2716,卖盘
1768,14:15:48,6.79,0.0,66,44831,卖盘
1769,14:15:57,6.79,0.0,20,13586,卖盘
1770,14:16:00,6.79,0.0,43,29197,买盘
1771,14:16:06,6.8,0.01,20,13600,买盘
1772,14:16:15,6.8,0.0,154,104720,买盘
1773,14:16:21,6.8,0.0,2,1360,卖盘
1774,14:16:24,6.81,0.01,59,40178,买盘
1775,14:16:33,6.82,0.01,26,17713,买盘
1776,14:16:36,6.82,0.0,60,40920,买盘
1777,14:16:39,6.81,-0.01,101,68881,卖盘
1778,14:16:42,6.82,0.01,33,22506,买盘
1779,14:16:48,6.82,0.0,101,69048,卖盘
1780,14:16:52,6.82,0.0,10,6820,卖盘
1781,14:17:01,6.84,0.02,100,68400,买盘
1782,14:17:04,6.84,0.0,12,8196,买盘
1783,14:17:09,6.84,0.0,6,4104,卖盘
1784,14:17:12,6.85,0.01,100,68500,买盘
1785,14:17:21,6.85,0.0,1,685,买盘
1786,14:17:27,6.86,0.01,100,68598,买盘
1787,14:17:34,6.86,0.0,31,21266,买盘
1788,14:17:37,6.84,-0.02,162,111007,卖盘
1789,14:17:39,6.86,0.02,60,41044,买盘
1790,14:17:42,6.86,0.0,10,6860,卖盘
1791,14:17:45,6.87,0.01,9,6183,买盘
1792,14:17:48,6.86,-0.01,63,43282,卖盘
1793,14:17:54,6.88,0.02,101,69406,买盘
1794,14:17:57,6.87,-0.01,2,1374,卖盘
1795,14:18:04,6.88,0.01,168,115584,买盘
1796,14:18:06,6.89,0.01,5,3445,买盘
1797,14:18:09,6.88,-0.01,123,84624,卖盘
1798,14:18:15,6.89,0.01,44,30316,买盘
1799,14:18:18,6.89,0.0,65,44785,买盘
1800,14:18:21,6.9,0.01,202,139378,买盘
1801,14:18:27,6.9,0.0,16,11040,买盘
1802,14:18:30,6.9,0.0,340,234594,买盘
1803,14:18:33,6.9,0.0,129,88962,买盘
1804,14:18:36,6.92,0.02,46,31822,买盘
1805,14:18:39,6.94,0.02,209,144508,买盘
1806,14:18:48,6.92,-0.02,8,5536,买盘
1807,14:18:51,6.93,0.01,61,42264,买盘
1808,14:18:54,6.93,0.0,156,108118,卖盘
1809,14:18:57,6.93,0.0,10,6930,卖盘
1810,14:19:00,6.93,0.0,192,133056,卖盘
1811,14:19:06,6.93,0.0,101,69980,买盘
1812,14:19:09,6.92,-0.01,3,2076,卖盘
1813,14:19:12,6.92,0.0,4,2769,卖盘
1814,14:19:15,6.92,0.0,61,42212,卖盘
1815,14:19:18,6.91,-0.01,4,2764,卖盘
1816,14:19:21,6.9,-0.01,185,127830,卖盘
1817,14:19:24,6.9,0.0,82,56614,卖盘
1818,14:19:27,6.89,-0.01,392,270136,卖盘
1819,14:19:37,6.91,0.02,38,26258,买盘
1820,14:19:40,6.89,-0.02,167,115187,卖盘
1821,14:19:43,6.89,0.0,84,57876,买盘
1822,14:19:48,6.89,0.0,4,2756,卖盘
1823,14:19:51,6.89,0.0,1,689,卖盘
1824,14:19:54,6.89,0.0,10,6890,买盘
1825,14:19:57,6.89,0.0,56,38584,买盘
1826,14:20:00,6.89,0.0,5,3445,买盘
1827,14:20:03,6.88,-0.01,175,120400,卖盘
1828,14:20:09,6.87,-0.01,4,2748,卖盘
1829,14:20:19,6.88,0.01,15,10320,买盘
1830,14:20:21,6.88,0.0,10,6880,买盘
1831,14:20:25,6.87,-0.01,72,49464,卖盘
1832,14:20:34,6.85,-0.02,16,10960,卖盘
1833,14:20:39,6.85,0.0,16,10960,卖盘
1834,14:20:45,6.85,0.0,50,34250,卖盘
1835,14:20:48,6.85,0.0,20,13700,买盘
1836,14:20:51,6.84,-0.01,15,10260,卖盘
1837,14:20:54,6.84,0.0,35,23970,卖盘
1838,14:21:00,6.84,0.0,8,5472,卖盘
1839,14:21:04,6.84,0.0,2,1368,卖盘
1840,14:21:06,6.84,0.0,40,27360,买盘
1841,14:21:18,6.85,0.01,51,34935,买盘
1842,14:21:21,6.85,0.0,8,5480,买盘
1843,14:21:24,6.84,-0.01,61,41770,卖盘
1844,14:21:27,6.85,0.01,50,34250,买盘
1845,14:21:31,6.84,-0.01,1,684,卖盘
1846,14:21:33,6.85,0.01,38,26030,买盘
1847,14:21:37,6.85,0.0,56,38320,买盘
1848,14:21:39,6.87,0.02,21,14427,买盘
1849,14:21:42,6.85,-0.02,18,12332,卖盘
1850,14:21:51,6.87,0.02,12,8240,买盘
1851,14:21:54,6.87,0.0,95,65265,买盘
1852,14:22:00,6.85,-0.02,70,47970,卖盘
1853,14:22:12,6.85,0.0,5,3425,卖盘
1854,14:22:15,6.85,0.0,185,126725,卖盘
1855,14:22:18,6.85,0.0,73,49937,买盘
1856,14:22:21,6.85,0.0,1,685,买盘
1857,14:22:33,6.84,-0.01,15,10260,卖盘
1858,14:22:42,6.84,0.0,5,3420,卖盘
1859,14:22:57,6.84,0.0,2,1368,卖盘
1860,14:23:09,6.84,0.0,20,13680,卖盘
1861,14:23:12,6.84,0.0,18,12312,卖盘
1862,14:23:24,6.83,-0.01,10,6830,卖盘
1863,14:23:28,6.84,0.01,33,22572,买盘
1864,14:23:34,6.84,0.0,1,684,买盘
1865,14:23:48,6.84,0.0,121,82764,卖盘
1866,14:23:54,6.85,0.01,96,65731,买盘
1867,14:24:03,6.85,0.0,5,3425,卖盘
1868,14:24:09,6.86,0.01,2,1372,买盘
1869,14:24:15,6.86,0.0,126,86436,买盘
1870,14:24:24,6.86,0.0,18,12348,卖盘
1871,14:24:27,6.87,0.01,10,6870,买盘
1872,14:24:30,6.86,-0.01,20,13720,卖盘
1873,14:24:33,6.86,0.0,18,12348,卖盘
1874,14:24:36,6.86,0.0,6,4116,卖盘
1875,14:24:48,6.86,0.0,50,34300,卖盘
1876,14:24:51,6.86,0.0,10,6860,买盘
1877,14:24:57,6.86,0.0,7,4802,买盘
1878,14:25:04,6.85,-0.01,20,13700,卖盘
1879,14:25:12,6.86,0.01,48,32928,买盘
1880,14:25:24,6.86,0.0,27,18524,卖盘
1881,14:25:27,6.86,0.0,2,1372,卖盘
1882,14:25:30,6.86,0.0,100,68600,卖盘
1883,14:25:33,6.85,-0.01,34,23316,卖盘
1884,14:25:45,6.86,0.01,19,13034,买盘
1885,14:25:48,6.86,0.0,50,34300,买盘
1886,14:25:54,6.85,-0.01,1,685,卖盘
1887,14:26:04,6.85,0.0,57,39045,卖盘
1888,14:26:06,6.86,0.01,19,13034,买盘
1889,14:26:09,6.87,0.01,127,87180,买盘
1890,14:26:15,6.83,-0.04,51,34983,卖盘
1891,14:26:18,6.87,0.04,5,3435,买盘
1892,14:26:24,6.83,-0.04,17,11611,卖盘
1893,14:26:33,6.84,0.01,27,18463,卖盘
1894,14:26:42,6.85,0.01,2,1370,卖盘
1895,14:26:48,6.85,0.0,3,2055,买盘
1896,14:26:51,6.84,-0.01,30,20520,卖盘
1897,14:26:54,6.85,0.01,39,26715,买盘
1898,14:26:57,6.85,0.0,1,685,卖盘
1899,14:27:00,6.85,0.0,10,6850,买盘
1900,14:27:03,6.85,0.0,17,11645,买盘
1901,14:27:06,6.85,0.0,20,13700,卖盘
1902,14:27:18,6.85,0.0,10,6850,卖盘
1903,14:27:27,6.85,0.0,2,1370,卖盘
1904,14:27:30,6.86,0.01,6,4116,买盘
1905,14:27:33,6.85,-0.01,20,13700,卖盘
1906,14:27:39,6.86,0.01,6,4116,买盘
1907,14:27:42,6.85,-0.01,40,27400,卖盘
1908,14:27:45,6.85,0.0,4,2740,卖盘
1909,14:27:51,6.85,0.0,50,34250,卖盘
1910,14:27:54,6.85,0.0,25,17125,卖盘
1911,14:27:57,6.85,0.0,1,685,卖盘
1912,14:28:06,6.85,0.0,149,102065,卖盘
1913,14:28:09,6.85,0.0,52,35620,买盘
1914,14:28:15,6.84,-0.01,62,42451,卖盘
1915,14:28:18,6.85,0.01,77,52745,买盘
1916,14:28:33,6.85,0.0,34,23308,卖盘
1917,14:28:36,6.86,0.01,13,8908,买盘
1918,14:28:45,6.86,0.0,11,7546,买盘
1919,14:28:51,6.85,-0.01,32,21920,卖盘
1920,14:28:54,6.85,0.0,18,12330,买盘
1921,14:28:57,6.85,0.0,10,6850,买盘
1922,14:29:00,6.85,0.0,5,3425,买盘
1923,14:29:09,6.85,0.0,1,685,买盘
1924,14:29:15,6.85,0.0,133,91105,买盘
1925,14:29:18,6.84,-0.01,12,8208,卖盘
1926,14:29:33,6.85,0.01,10,6850,卖盘
1927,14:29:40,6.85,0.0,27,18495,买盘
1928,14:29:57,6.86,0.01,20,13720,买盘
1929,14:30:00,6.85,-0.01,10,6850,卖盘
1930,14:30:06,6.85,0.0,100,68500,卖盘
1931,14:30:10,6.86,0.01,122,83692,买盘
1932,14:30:13,6.86,0.0,7,4802,买盘
1933,14:30:33,6.85,-0.01,16,10960,卖盘
1934,14:30:45,6.85,0.0,25,17125,卖盘
1935,14:30:48,6.85,0.0,80,54800,卖盘
1936,14:30:57,6.85,0.0,32,21920,卖盘
1937,14:31:09,6.86,0.01,18,12348,买盘
1938,14:31:15,6.86,0.0,10,6860,买盘
1939,14:31:19,6.85,-0.01,121,82890,卖盘
1940,14:31:25,6.85,0.0,5,3425,卖盘
1941,14:31:27,6.85,0.0,25,17125,卖盘
1942,14:31:30,6.85,0.0,128,87680,卖盘
1943,14:31:36,6.85,0.0,10,6850,卖盘
1944,14:31:39,6.86,0.01,10,6853,买盘
1945,14:31:42,6.86,0.0,20,13720,买盘
1946,14:31:49,6.86,0.0,86,58996,买盘
1947,14:31:54,6.86,0.0,77,52822,买盘
1948,14:31:57,6.86,0.0,3,2058,买盘
1949,14:32:04,6.86,0.0,109,74774,买盘
1950,14:32:06,6.86,0.0,2,1372,卖盘
1951,14:32:09,6.86,0.0,35,24010,卖盘
1952,14:32:12,6.85,-0.01,180,123419,卖盘
1953,14:32:15,6.85,0.0,25,17125,卖盘
1954,14:32:27,6.85,0.0,40,27400,卖盘
1955,14:32:33,6.84,-0.01,23,15743,卖盘
1956,14:32:36,6.85,0.01,3,2055,买盘
1957,14:32:40,6.85,0.0,10,6850,买盘
1958,14:32:43,6.85,0.0,11,7535,买盘
1959,14:32:46,6.85,0.0,31,21235,买盘
1960,14:32:48,6.85,0.0,52,35620,买盘
1961,14:32:54,6.85,0.0,27,18495,卖盘
1962,14:33:04,6.86,0.01,5,3430,买盘
1963,14:33:06,6.85,-0.01,3,2055,卖盘
1964,14:33:15,6.86,0.01,1,686,买盘
1965,14:33:22,6.85,-0.01,29,19865,卖盘
1966,14:33:33,6.85,0.0,4,2740,买盘
1967,14:33:42,6.85,0.0,168,115080,买盘
1968,14:33:51,6.86,0.01,82,56220,买盘
1969,14:33:54,6.86,0.0,39,26754,买盘
1970,14:34:04,6.87,0.01,52,35724,买盘
1971,14:34:09,6.87,0.0,10,6870,买盘
1972,14:34:15,6.87,0.0,125,85875,买盘
1973,14:34:18,6.87,0.0,1,687,卖盘
1974,14:34:22,6.87,0.0,43,29541,卖盘
1975,14:34:24,6.87,0.0,25,17175,卖盘
1976,14:34:27,6.88,0.01,315,216710,买盘
1977,14:34:33,6.87,-0.01,18,12372,卖盘
1978,14:34:39,6.89,0.02,138,95070,买盘
1979,14:34:57,6.88,-0.01,45,30960,买盘
1980,14:35:00,6.89,0.01,35,24098,买盘
1981,14:35:09,6.88,-0.01,25,17200,卖盘
1982,14:35:12,6.88,0.0,41,28208,卖盘
1983,14:35:21,6.88,0.0,210,144647,买盘
1984,14:35:24,6.88,0.0,92,63264,买盘
1985,14:35:27,6.88,0.0,16,11008,卖盘
1986,14:35:30,6.88,0.0,2,1376,卖盘
1987,14:35:33,6.87,-0.01,58,39848,卖盘
1988,14:35:36,6.87,0.0,9,6183,卖盘
1989,14:35:39,6.88,0.01,93,63984,买盘
1990,14:35:42,6.87,-0.01,3,2061,卖盘
1991,14:35:45,6.87,0.0,4,2748,卖盘
1992,14:35:48,6.87,0.0,168,115417,卖盘
1993,14:35:51,6.87,0.0,13,8938,卖盘
1994,14:35:54,6.86,-0.01,12,8233,卖盘
1995,14:36:15,6.86,0.0,6,4116,卖盘
1996,14:36:24,6.86,0.0,25,17150,卖盘
1997,14:36:34,6.86,0.0,13,8918,卖盘
1998,14:36:36,6.86,0.0,4,2744,卖盘
1999,14:36:39,6.86,0.0,8,5488,卖盘
2000,14:36:42,6.87,0.01,7,4803,买盘
2001,14:36:48,6.86,-0.01,24,16446,买盘
2002,14:36:51,6.85,-0.01,43,29460,卖盘
2003,14:36:54,6.85,0.0,9,6165,卖盘
2004,14:37:04,6.86,0.01,1,686,买盘
2005,14:37:09,6.86,0.0,8,5488,卖盘
2006,14:37:16,6.86,0.0,20,13720,卖盘
2007,14:37:21,6.86,0.0,28,19208,卖盘
2008,14:37:45,6.86,0.0,43,29498,卖盘
2009,14:37:48,6.85,-0.01,30,20550,卖盘
2010,14:38:00,6.86,0.01,1,686,买盘
2011,14:38:04,6.85,-0.01,50,34250,卖盘
2012,14:38:07,6.85,0.0,43,29455,卖盘
2013,14:38:12,6.85,0.0,14,9590,卖盘
2014,14:38:15,6.85,0.0,2,1370,卖盘
2015,14:38:21,6.85,0.0,32,21920,卖盘
2016,14:38:30,6.86,0.01,44,30178,买盘
2017,14:38:33,6.86,0.0,15,10290,卖盘
2018,14:38:36,6.86,0.0,89,61054,卖盘
2019,14:38:51,6.85,-0.01,25,17125,卖盘
2020,14:38:54,6.86,0.01,21,14406,买盘
2021,14:38:57,6.85,-0.01,16,10960,卖盘
2022,14:39:00,6.86,0.01,42,28812,买盘
2023,14:39:06,6.85,-0.01,6,4110,卖盘
2024,14:39:12,6.86,0.01,100,68600,买盘
2025,14:39:15,6.86,0.0,65,44540,买盘
2026,14:39:18,6.86,0.0,2,1372,卖盘
2027,14:39:24,6.86,0.0,17,11662,买盘
2028,14:39:33,6.87,0.01,1,687,买盘
2029,14:39:45,6.87,0.0,10,6870,买盘
2030,14:39:51,6.86,-0.01,32,21952,卖盘
2031,14:40:12,6.86,0.0,20,13720,卖盘
2032,14:40:18,6.86,0.0,18,12348,卖盘
2033,14:40:24,6.86,0.0,15,10290,卖盘
2034,14:40:27,6.86,0.0,1,686,卖盘
2035,14:40:33,6.86,0.0,39,26754,卖盘
2036,14:40:36,6.86,0.0,14,9604,卖盘
2037,14:40:39,6.86,0.0,50,34300,买盘
2038,14:40:42,6.86,0.0,21,14406,买盘
2039,14:40:45,6.86,0.0,3,2058,买盘
2040,14:40:49,6.86,0.0,3,2058,买盘
2041,14:40:57,6.86,0.0,5,3430,买盘
2042,14:41:09,6.86,0.0,58,39788,买盘
2043,14:41:12,6.85,-0.01,3,2056,卖盘
2044,14:41:21,6.86,0.01,50,34268,买盘
2045,14:41:24,6.86,0.0,32,21952,买盘
2046,14:41:36,6.86,0.0,8,5488,买盘
2047,14:41:42,6.85,-0.01,7,4796,卖盘
2048,14:41:48,6.85,0.0,13,8905,卖盘
2049,14:42:06,6.86,0.01,95,65170,买盘
2050,14:42:09,6.86,0.0,11,7546,卖盘
2051,14:42:15,6.86,0.0,14,9604,卖盘
2052,14:42:18,6.86,0.0,10,6860,卖盘
2053,14:42:21,6.87,0.01,17,11679,买盘
2054,14:42:24,6.86,-0.01,4,2744,卖盘
2055,14:42:27,6.87,0.01,40,27480,买盘
2056,14:42:33,6.86,-0.01,14,9604,卖盘
2057,14:42:36,6.86,0.0,23,15778,卖盘
2058,14:42:42,6.86,0.0,6,4116,卖盘
2059,14:42:48,6.86,0.0,82,56252,卖盘
2060,14:42:51,6.86,0.0,10,6860,卖盘
2061,14:42:54,6.86,0.0,145,99470,卖盘
2062,14:42:57,6.86,0.0,10,6860,卖盘
2063,14:43:00,6.86,0.0,43,29475,买盘
2064,14:43:12,6.87,0.01,87,59742,买盘
2065,14:43:21,6.87,0.0,20,13740,买盘
2066,14:43:42,6.86,-0.01,22,15092,卖盘
2067,14:43:55,6.86,0.0,2,1372,卖盘
2068,14:43:58,6.87,0.01,31,21297,买盘
2069,14:44:03,6.87,0.0,50,34350,买盘
2070,14:44:13,6.87,0.0,40,27480,买盘
2071,14:44:18,6.87,0.0,377,258967,买盘
2072,14:44:21,6.86,-0.01,150,102900,卖盘
2073,14:44:27,6.87,0.01,8,5496,买盘
2074,14:44:33,6.87,0.0,14,9618,卖盘
2075,14:44:39,6.87,0.0,6,4122,卖盘
2076,14:44:57,6.88,0.01,2,1376,买盘
2077,14:45:12,6.87,-0.01,10,6870,卖盘
2078,14:45:18,6.87,0.0,21,14442,卖盘
2079,14:45:21,6.88,0.01,61,41908,买盘
2080,14:45:24,6.87,-0.01,55,37785,卖盘
2081,14:45:30,6.87,0.0,18,12366,卖盘
2082,14:45:33,6.86,-0.01,76,52163,卖盘
2083,14:45:40,6.87,0.01,1,687,中性盘
2084,14:45:45,6.87,0.0,6,4122,买盘
2085,14:45:48,6.86,-0.01,7,4802,卖盘
2086,14:45:51,6.86,0.0,100,68600,卖盘
2087,14:45:57,6.86,0.0,132,90641,卖盘
2088,14:46:00,6.87,0.01,19,13053,买盘
2089,14:46:04,6.86,-0.01,172,117993,卖盘
2090,14:46:21,6.86,0.01,88,60368,买盘
2091,14:46:27,6.85,-0.01,5,3425,卖盘
2092,14:46:30,6.85,0.0,32,21937,卖盘
2093,14:46:33,6.85,0.0,30,20570,卖盘
2094,14:47:01,6.85,0.0,6,4110,卖盘
2095,14:47:07,6.85,0.0,1,685,卖盘
2096,14:47:09,6.86,0.01,20,13720,买盘
2097,14:47:18,6.86,0.0,55,37730,买盘
2098,14:47:36,6.86,0.0,35,24010,卖盘
2099,14:47:39,6.86,0.0,12,8232,卖盘
2100,14:47:48,6.87,0.01,14,9618,买盘
2101,14:47:54,6.86,-0.01,124,85064,卖盘
2102,14:47:57,6.87,0.01,10,6870,买盘
2103,14:48:00,6.87,0.0,35,24045,买盘
2104,14:48:06,6.86,-0.01,7,4802,卖盘
2105,14:48:09,6.87,0.01,5,3435,买盘
2106,14:48:12,6.87,0.0,268,184116,买盘
2107,14:48:21,6.87,0.0,10,6870,卖盘
2108,14:48:24,6.87,0.0,180,123810,卖盘
2109,14:48:33,6.87,0.0,40,27480,卖盘
2110,14:48:39,6.87,0.0,172,118164,卖盘
2111,14:48:42,6.87,0.0,1,687,买盘
2112,14:48:45,6.87,0.0,2,1374,买盘
2113,14:48:51,6.88,0.01,9,6192,买盘
2114,14:48:57,6.87,-0.01,30,20610,卖盘
2115,14:49:06,6.88,0.01,74,50912,买盘
2116,14:49:18,6.88,0.0,201,138188,买盘
2117,14:49:30,6.88,0.0,40,27500,买盘
2118,14:49:33,6.87,-0.01,100,68700,卖盘
2119,14:49:36,6.87,0.0,2,1374,卖盘
2120,14:49:39,6.88,0.01,14,9632,买盘
2121,14:49:45,6.88,0.0,4,2752,买盘
2122,14:49:48,6.87,-0.01,35,24045,卖盘
2123,14:49:51,6.87,0.0,30,20610,卖盘
2124,14:49:57,6.87,0.0,13,8931,卖盘
2125,14:50:04,6.87,0.0,5,3435,卖盘
2126,14:50:18,6.87,0.0,16,10992,卖盘
2127,14:50:30,6.87,0.0,211,144957,卖盘
2128,14:50:33,6.88,0.01,2,1376,买盘
2129,14:50:42,6.87,-0.01,60,41220,卖盘
2130,14:50:45,6.87,0.0,10,6870,卖盘
2131,14:50:48,6.87,0.0,9,6183,卖盘
2132,14:50:54,6.87,0.0,5,3435,卖盘
2133,14:50:57,6.88,0.01,30,20640,买盘
2134,14:51:04,6.87,-0.01,20,13740,卖盘
2135,14:51:06,6.87,0.0,3,2061,卖盘
2136,14:51:12,6.87,0.0,10,6870,卖盘
2137,14:51:15,6.88,0.01,13,8944,买盘
2138,14:51:18,6.88,0.0,63,43294,买盘
2139,14:51:21,6.87,-0.01,6,4122,卖盘
2140,14:51:30,6.87,0.0,3,2061,卖盘
2141,14:51:36,6.87,0.0,97,66639,卖盘
2142,14:51:39,6.88,0.01,500,343997,买盘
2143,14:51:45,6.86,-0.02,8,5488,卖盘
2144,14:51:51,6.88,0.02,127,87371,买盘
2145,14:51:54,6.87,-0.01,5,3435,买盘
2146,14:51:57,6.87,0.0,20,13740,买盘
2147,14:52:03,6.87,0.0,1,687,买盘
2148,14:52:09,6.87,0.0,5,3435,买盘
2149,14:52:12,6.88,0.01,33,22701,买盘
2150,14:52:19,6.88,0.0,100,68800,买盘
2151,14:52:21,6.89,0.01,297,204563,买盘
2152,14:52:30,6.88,-0.01,14,9632,卖盘
2153,14:52:33,6.89,0.01,7,4823,买盘
2154,14:52:36,6.9,0.01,895,617172,买盘
2155,14:52:45,6.9,0.0,189,130410,买盘
2156,14:52:48,6.89,-0.01,30,20670,中性盘
2157,14:52:51,6.9,0.01,320,220709,买盘
2158,14:52:57,6.91,0.01,60,41420,买盘
2159,14:53:00,6.9,-0.01,110,75900,卖盘
2160,14:53:04,6.91,0.01,100,69100,买盘
2161,14:53:06,6.91,0.0,1,691,买盘
2162,14:53:09,6.91,0.0,3,2073,买盘
2163,14:53:12,6.91,0.0,105,72555,买盘
2164,14:53:15,6.92,0.01,58,40111,买盘
2165,14:53:18,6.9,-0.02,10,6900,卖盘
2166,14:53:24,6.92,0.02,15,10380,买盘
2167,14:53:30,6.91,-0.01,20,13820,卖盘
2168,14:53:36,6.91,0.0,10,6910,卖盘
2169,14:53:42,6.9,-0.01,70,48324,卖盘
2170,14:53:48,6.92,0.02,9,6228,买盘
2171,14:54:00,6.91,-0.01,47,32477,卖盘
2172,14:54:09,6.92,0.01,90,62234,买盘
2173,14:54:13,6.92,0.0,36,24912,买盘
2174,14:54:15,6.92,0.0,127,87874,买盘
2175,14:54:21,6.91,-0.01,20,13820,卖盘
2176,14:54:24,6.92,0.01,40,27680,买盘
2177,14:54:27,6.91,-0.01,34,23494,卖盘
2178,14:54:30,6.91,0.0,11,7601,买盘
2179,14:54:33,6.91,0.0,73,50443,买盘
2180,14:54:36,6.9,-0.01,80,55200,卖盘
2181,14:54:42,6.9,0.0,75,51750,卖盘
2182,14:54:45,6.9,0.0,40,27600,卖盘
2183,14:54:49,6.91,0.01,21,14511,买盘
2184,14:54:52,6.9,-0.01,53,36570,卖盘
2185,14:54:55,6.91,0.01,302,208381,买盘
2186,14:54:58,6.9,-0.01,92,63480,卖盘
2187,14:55:06,6.9,0.0,28,19320,买盘
2188,14:55:12,6.89,-0.01,30,20670,卖盘
2189,14:55:18,6.89,0.0,130,89570,卖盘
2190,14:55:27,6.89,0.0,2,1378,卖盘
2191,14:55:30,6.89,0.0,65,44785,卖盘
2192,14:55:36,6.89,0.0,3,2067,卖盘
2193,14:55:42,6.88,-0.01,238,163786,卖盘
2194,14:55:48,6.88,0.0,10,6880,买盘
2195,14:55:57,6.88,0.0,85,58480,买盘
2196,14:56:04,6.88,0.0,120,82460,买盘
2197,14:56:09,6.88,0.0,60,41255,买盘
2198,14:56:18,6.88,0.0,12,8256,买盘
2199,14:56:21,6.87,-0.01,7,4809,卖盘
2200,14:56:27,6.88,0.01,4,2752,买盘
2201,14:56:30,6.87,-0.01,25,17175,卖盘
2202,14:56:33,6.88,0.01,1,688,买盘
2203,14:56:36,6.87,-0.01,43,29574,卖盘
2204,14:56:42,6.88,0.01,1,688,买盘
2205,14:56:48,6.87,-0.01,27,18566,卖盘
2206,14:56:51,6.88,0.01,46,31648,买盘
2207,14:56:54,6.87,-0.01,33,22671,卖盘
2208,14:57:00,6.87,0.0,10,6870,卖盘
2209,15:00:04,6.88,0.01,948,652224,卖盘
