,time,price,change,volume,amount,type
0,09:25:04,32.39,-0.02,22,71258,卖盘
1,09:30:07,32.56,0.17,30,97165,中性盘
2,09:30:55,32.5,-0.06,1,3250,买盘
3,09:30:58,32.4,-0.1,35,113670,卖盘
4,09:31:07,32.4,0.0,1,3240,卖盘
5,09:31:13,32.4,0.0,1,3240,卖盘
6,09:31:22,32.39,-0.01,6,19434,卖盘
7,09:31:37,32.4,0.01,3,9720,卖盘
8,09:31:49,32.39,-0.01,1,3239,卖盘
9,09:32:19,32.39,0.0,2,6479,卖盘
10,09:32:43,32.4,0.01,1,3240,买盘
11,09:33:16,32.39,-0.01,5,16195,卖盘
12,09:33:58,32.47,0.08,3,9741,买盘
13,09:34:13,32.48,0.01,5,16240,买盘
14,09:34:16,32.47,-0.01,17,55199,卖盘
15,09:34:34,32.47,0.0,1,3247,买盘
16,09:35:10,32.47,0.0,19,61693,买盘
17,09:35:16,32.47,0.0,1,3247,卖盘
18,09:35:22,32.55,0.08,2,6510,买盘
19,09:35:34,32.53,-0.02,3,9759,买盘
20,09:35:40,32.53,0.0,3,9759,买盘
21,09:35:55,32.53,0.0,2,6506,买盘
22,09:36:01,32.53,0.0,2,6506,卖盘
23,09:36:04,32.53,0.0,2,6506,卖盘
24,09:36:07,32.55,0.02,1,3255,买盘
25,09:36:55,32.53,-0.02,11,35787,卖盘
26,09:37:22,32.54,0.01,3,9762,卖盘
27,09:38:01,32.55,0.01,1,3255,卖盘
28,09:38:07,32.62,0.07,1,3262,买盘
29,09:38:10,32.63,0.01,1,3263,卖盘
30,09:38:58,32.6,-0.03,1,3260,卖盘
31,09:39:04,32.68,0.08,2,6535,买盘
32,09:39:06,32.6,-0.08,2,6520,卖盘
33,09:39:25,32.59,-0.01,2,6518,卖盘
34,09:39:34,32.59,0.0,1,3259,买盘
35,09:40:28,32.56,-0.03,4,13024,买盘
36,09:40:55,32.6,0.04,5,16300,买盘
37,09:41:04,32.66,0.06,3,9798,买盘
38,09:41:13,32.66,0.0,1,3266,买盘
39,09:41:28,32.66,0.0,2,6532,卖盘
40,09:41:34,32.66,0.0,3,9798,卖盘
41,09:41:49,32.68,0.02,4,13072,买盘
42,09:41:55,32.68,0.0,1,3268,卖盘
43,09:42:01,32.68,0.0,1,3268,卖盘
44,09:42:05,32.68,0.0,4,13072,卖盘
45,09:42:22,32.7,0.02,7,22886,买盘
46,09:42:46,32.7,0.0,1,3270,买盘
47,09:42:58,32.6,-0.1,1,3260,卖盘
48,09:43:43,32.6,0.0,3,9780,卖盘
49,09:43:52,32.6,0.0,1,3260,卖盘
50,09:44:01,32.6,0.0,6,19560,卖盘
51,09:45:16,32.61,0.01,1,3261,卖盘
52,09:45:19,32.61,0.0,2,6522,卖盘
53,09:45:28,32.61,0.0,1,3261,卖盘
54,09:45:49,32.66,0.05,5,16330,买盘
55,09:46:13,32.61,-0.05,5,16305,卖盘
56,09:46:19,32.61,0.0,3,9783,卖盘
57,09:46:22,32.61,0.0,7,22827,买盘
58,09:46:25,32.69,0.08,1,3269,买盘
59,09:46:46,32.66,-0.03,1,3266,卖盘
60,09:47:13,32.66,0.0,2,6532,卖盘
61,09:47:31,32.64,-0.02,1,3264,卖盘
62,09:47:37,32.66,0.02,3,9798,买盘
63,09:47:55,32.64,-0.02,2,6528,卖盘
64,09:48:19,32.6,-0.04,1,3260,卖盘
65,09:49:04,32.6,0.0,7,22820,卖盘
66,09:49:28,32.7,0.1,18,58795,买盘
67,09:49:46,32.61,-0.09,2,6522,卖盘
68,09:50:16,32.61,0.0,1,3261,卖盘
69,09:50:28,32.79,0.18,18,58991,买盘
70,09:50:37,32.8,0.01,16,52476,买盘
71,09:51:34,32.8,0.0,4,13120,买盘
72,09:52:13,32.83,0.03,4,13132,买盘
73,09:52:16,32.83,0.0,4,13132,卖盘
74,09:52:28,32.85,0.02,36,118244,买盘
75,09:52:31,32.85,0.0,5,16425,卖盘
76,09:52:34,32.85,0.0,10,32850,卖盘
77,09:52:49,32.83,-0.02,1,3283,卖盘
78,09:52:52,32.83,0.0,32,105239,卖盘
79,09:53:19,32.85,0.02,10,32850,买盘
80,09:53:28,32.7,-0.15,10,32816,卖盘
81,09:54:10,33.09,0.39,15,49629,买盘
82,09:54:19,33.09,0.0,1,3309,买盘
83,09:54:22,33.1,0.01,1,3310,买盘
84,09:54:34,33.12,0.02,5,16552,买盘
85,09:54:46,33.12,0.0,16,52987,买盘
86,09:54:49,33.12,0.0,1,3312,卖盘
87,09:54:52,33.12,0.0,2,6624,卖盘
88,09:54:58,33.12,0.0,7,23184,卖盘
89,09:55:01,33.12,0.0,5,16560,卖盘
90,09:55:04,33.12,0.0,13,43056,卖盘
91,09:55:07,33.11,-0.01,7,23183,卖盘
92,09:55:52,33.08,-0.03,7,23128,买盘
93,09:56:13,33.08,0.0,6,19846,买盘
94,09:56:16,32.84,-0.24,6,19729,卖盘
95,09:56:52,32.86,0.02,5,16430,卖盘
96,09:56:55,32.86,0.0,5,16430,买盘
97,09:57:49,32.96,0.1,1,3296,买盘
98,09:57:55,33.06,0.1,2,6612,买盘
99,09:58:37,33.06,0.0,8,26448,卖盘
100,10:00:07,33.07,0.01,3,9921,买盘
101,10:01:13,32.96,-0.11,8,26368,卖盘
102,10:02:04,33.0,0.04,7,23100,买盘
103,10:03:22,33.03,0.03,7,23109,买盘
104,10:03:27,33.03,0.0,1,3303,卖盘
105,10:03:31,33.03,0.0,2,6606,卖盘
106,10:04:04,33.0,-0.03,1,3300,中性盘
107,10:04:19,33.0,0.0,3,9900,买盘
108,10:04:34,33.0,0.0,1,3300,卖盘
109,10:04:37,33.0,0.0,1,3300,卖盘
110,10:04:40,33.0,0.0,1,3300,卖盘
111,10:04:43,33.0,0.0,9,29700,卖盘
112,10:04:46,32.88,-0.12,6,19728,卖盘
113,10:05:10,32.88,0.0,1,3288,卖盘
114,10:05:19,32.88,0.0,13,42744,买盘
115,10:05:28,33.03,0.15,8,26412,买盘
116,10:05:37,33.05,0.02,18,59468,买盘
117,10:06:46,32.86,-0.19,1,3286,卖盘
118,10:07:22,33.0,0.14,10,33000,买盘
119,10:07:58,33.04,0.04,10,33040,买盘
120,10:08:22,33.04,0.0,9,29736,买盘
121,10:08:43,33.04,0.0,7,23128,卖盘
122,10:08:46,33.05,0.01,10,33050,买盘
123,10:08:49,33.04,-0.01,1,3304,卖盘
124,10:08:55,33.04,0.0,1,3304,卖盘
125,10:09:01,33.04,0.0,1,3304,卖盘
126,10:09:07,33.0,-0.04,15,49529,卖盘
127,10:09:22,33.0,0.0,10,33000,卖盘
128,10:09:52,33.0,0.0,1,3300,卖盘
129,10:10:04,33.0,0.0,1,3300,买盘
130,10:10:31,33.08,0.08,29,95883,买盘
131,10:11:01,33.08,0.0,8,26464,买盘
132,10:11:07,33.08,0.0,4,13232,买盘
133,10:11:25,33.06,-0.02,50,165300,买盘
134,10:11:43,33.06,0.0,10,33060,买盘
135,10:12:01,33.06,0.0,48,158680,买盘
136,10:12:07,33.08,0.02,2,6616,买盘
137,10:12:37,33.07,-0.01,6,19842,买盘
138,10:12:43,33.07,0.0,1,3307,买盘
139,10:13:01,33.07,0.0,4,13228,卖盘
140,10:13:16,33.07,0.0,2,6613,买盘
141,10:15:22,33.06,-0.01,5,16530,卖盘
142,10:15:49,33.06,0.0,10,33060,卖盘
143,10:16:22,33.04,-0.02,1,3304,买盘
144,10:16:51,33.07,0.03,1,3307,买盘
145,10:17:07,33.01,-0.06,3,9903,卖盘
146,10:17:19,33.01,0.0,5,16505,卖盘
147,10:17:28,33.0,-0.01,1,3300,卖盘
148,10:17:46,33.01,0.01,3,9903,卖盘
149,10:17:52,33.01,0.0,1,3301,卖盘
150,10:19:31,33.0,-0.01,1,3300,卖盘
151,10:19:43,33.03,0.03,1,3303,买盘
152,10:20:13,33.03,0.0,22,72612,买盘
153,10:20:24,33.04,0.01,1,3304,买盘
154,10:20:52,33.03,-0.01,1,3303,卖盘
155,10:21:01,33.04,0.01,6,19820,买盘
156,10:21:07,33.08,0.04,13,43002,买盘
157,10:21:28,33.12,0.04,10,33115,买盘
158,10:21:34,33.12,0.0,30,99360,买盘
159,10:21:39,33.12,0.0,1,3312,买盘
160,10:21:43,33.12,0.0,4,13248,买盘
161,10:22:01,33.15,0.03,2,6630,买盘
162,10:22:13,33.16,0.01,2,6631,买盘
163,10:22:19,33.25,0.09,8,26596,买盘
164,10:22:31,33.25,0.0,3,9975,买盘
165,10:22:37,33.24,-0.01,1,3324,买盘
166,10:22:49,33.25,0.01,10,33250,买盘
167,10:23:49,33.13,-0.12,2,6626,卖盘
168,10:24:15,33.12,-0.01,3,9936,卖盘
169,10:25:10,33.01,-0.11,14,46256,卖盘
170,10:27:25,33.1,0.09,1,3310,买盘
171,10:27:31,33.1,0.0,1,3310,买盘
172,10:27:37,33.11,0.01,3,9932,买盘
173,10:27:39,33.12,0.01,1,3312,买盘
174,10:27:49,33.1,-0.02,3,9930,中性盘
175,10:29:40,33.05,-0.05,6,19830,卖盘
176,10:29:57,33.04,-0.01,5,16524,卖盘
177,10:30:10,33.04,0.0,5,16520,卖盘
178,10:30:28,33.02,-0.02,5,16512,卖盘
179,10:30:31,33.02,0.0,24,79464,卖盘
180,10:30:37,33.02,0.0,1,3302,买盘
181,10:30:46,33.02,0.0,3,9906,买盘
182,10:32:25,33.02,0.0,10,33020,卖盘
183,10:32:31,33.15,0.13,2,6630,买盘
184,10:33:01,33.02,-0.13,1,3302,卖盘
185,10:33:40,33.03,0.01,10,33050,卖盘
186,10:33:55,33.14,0.11,1,3314,买盘
187,10:34:51,33.03,-0.11,10,33033,卖盘
188,10:35:16,33.1,0.07,2,6620,买盘
189,10:35:52,33.09,-0.01,20,66180,买盘
190,10:36:49,33.07,-0.02,1,3307,买盘
191,10:37:01,33.07,0.0,5,16535,卖盘
192,10:37:10,33.07,0.0,10,33070,卖盘
193,10:37:13,33.07,0.0,1,3307,卖盘
194,10:37:42,33.03,-0.04,2,6606,卖盘
195,10:37:46,33.03,0.0,5,16515,卖盘
196,10:38:25,33.02,-0.01,20,66040,卖盘
197,10:38:36,33.02,0.0,15,49530,卖盘
198,10:39:04,33.02,0.0,6,19812,卖盘
199,10:40:25,32.88,-0.14,31,101969,卖盘
200,10:40:55,32.88,0.0,4,13152,卖盘
201,10:41:19,32.86,-0.02,8,26302,卖盘
202,10:41:46,32.87,0.01,1,3287,卖盘
203,10:42:10,32.87,0.0,2,6574,卖盘
204,10:42:13,32.87,0.0,1,3287,卖盘
205,10:42:21,32.86,-0.01,52,170873,卖盘
206,10:42:25,32.86,0.0,10,32860,买盘
207,10:42:31,32.86,0.0,1,3286,买盘
208,10:42:34,32.86,0.0,1,3286,买盘
209,10:44:42,32.93,0.07,1,3293,买盘
210,10:46:39,32.89,-0.04,1,3289,卖盘
211,10:48:37,32.88,-0.01,5,16440,卖盘
212,10:48:46,32.84,-0.04,3,9854,卖盘
213,10:48:58,32.84,0.0,5,16420,卖盘
214,10:49:51,32.96,0.12,2,6592,买盘
215,10:50:18,32.96,0.0,3,9888,卖盘
216,10:53:40,32.97,0.01,2,6594,买盘
217,10:54:28,32.97,0.0,3,9891,买盘
218,10:55:01,33.0,0.03,16,52800,买盘
219,10:55:15,32.97,-0.03,10,32970,卖盘
220,10:55:28,32.97,0.0,1,3297,卖盘
221,11:01:55,32.99,0.02,3,9895,买盘
222,11:02:13,33.0,0.01,1,3300,买盘
223,11:04:31,32.98,-0.02,1,3298,卖盘
224,11:05:13,32.98,0.0,1,3298,卖盘
225,11:05:55,33.0,0.02,1,3300,买盘
226,11:06:30,33.0,0.0,3,9900,买盘
227,11:06:46,33.0,0.0,5,16500,买盘
228,11:07:13,33.0,0.0,3,9900,卖盘
229,11:07:45,32.98,-0.02,6,19788,卖盘
230,11:08:37,33.01,0.03,1,3301,买盘
231,11:08:43,33.07,0.06,10,33068,买盘
232,11:09:25,33.07,0.0,2,6614,买盘
233,11:09:46,33.07,0.0,1,3307,卖盘
234,11:09:49,33.07,0.0,1,3307,卖盘
235,11:09:51,33.07,0.0,1,3307,卖盘
236,11:10:55,33.07,0.0,3,9921,卖盘
237,11:16:25,33.04,-0.03,1,3304,买盘
238,11:22:39,33.04,0.0,1,3304,买盘
239,11:23:24,33.04,0.0,3,9912,卖盘
240,11:23:34,33.07,0.03,2,6613,买盘
241,11:24:36,33.07,0.0,1,3307,买盘
242,11:28:00,33.04,-0.03,15,49560,卖盘
243,11:28:03,33.08,0.04,12,39688,买盘
244,11:29:43,33.08,0.0,4,13232,买盘
245,11:29:54,33.08,0.0,1,3308,买盘
246,11:30:01,33.08,0.0,1,3308,买盘
247,13:00:07,33.09,0.01,10,33090,买盘
248,13:00:42,33.1,0.01,9,29790,买盘
249,13:02:30,33.1,0.0,2,6620,买盘
250,13:02:51,33.15,0.05,20,66300,买盘
251,13:06:00,33.15,0.0,2,6630,卖盘
252,13:06:22,33.15,0.0,5,16575,卖盘
253,13:06:30,33.15,0.0,5,16575,卖盘
254,13:07:40,33.19,0.04,4,13275,买盘
255,13:08:18,33.18,-0.01,1,3318,买盘
256,13:08:24,33.24,0.06,10,33207,买盘
257,13:08:46,33.24,0.0,2,6648,买盘
258,13:08:49,33.24,0.0,4,13296,卖盘
259,13:08:52,33.24,0.0,6,19944,买盘
260,13:08:57,33.24,0.0,5,16621,卖盘
261,13:09:00,33.25,0.01,20,66499,买盘
262,13:09:25,33.26,0.01,5,16626,买盘
263,13:09:55,33.25,-0.01,1,3325,买盘
264,13:10:13,33.26,0.01,1,3326,中性盘
265,13:10:22,33.26,0.0,3,9978,中性盘
266,13:11:49,33.2,-0.06,1,3320,卖盘
267,13:14:25,33.2,0.0,2,6640,卖盘
268,13:15:45,33.18,-0.02,1,3318,卖盘
269,13:16:30,33.2,0.02,3,9960,买盘
270,13:17:25,33.18,-0.02,1,3318,卖盘
271,13:18:04,33.19,0.01,2,6637,买盘
272,13:19:10,33.17,-0.02,1,3317,中性盘
273,13:19:13,33.16,-0.01,5,16580,卖盘
274,13:19:31,33.15,-0.01,15,49725,卖盘
275,13:19:34,33.15,0.0,12,39780,卖盘
276,13:19:43,33.15,0.0,6,19890,卖盘
277,13:19:49,33.15,0.0,4,13260,卖盘
278,13:19:52,33.15,0.0,87,288405,卖盘
279,13:22:31,33.0,-0.15,6,19800,卖盘
280,13:24:51,33.0,0.0,3,9900,卖盘
281,13:26:01,33.04,0.04,1,3304,买盘
282,13:27:19,33.02,-0.02,2,6604,卖盘
283,13:27:43,33.02,0.0,1,3302,卖盘
284,13:27:52,33.01,-0.01,7,23107,卖盘
285,13:28:34,33.0,-0.01,4,13200,卖盘
286,13:33:22,33.09,0.09,8,26472,买盘
287,13:34:04,33.09,0.0,1,3309,卖盘
288,13:34:40,33.09,0.0,1,3309,卖盘
289,13:36:42,33.0,-0.09,2,6600,卖盘
290,13:37:48,33.0,0.0,2,6600,卖盘
291,13:38:01,32.99,-0.01,3,9897,卖盘
292,13:38:19,32.98,-0.01,2,6596,买盘
293,13:39:00,32.97,-0.01,2,6594,卖盘
294,13:39:22,32.97,0.0,1,3297,卖盘
295,13:39:40,32.98,0.01,1,3298,买盘
296,13:41:12,33.0,0.02,4,13200,买盘
297,13:41:19,33.0,0.0,2,6600,卖盘
298,13:41:34,33.2,0.2,79,261967,买盘
299,13:42:57,33.0,-0.2,2,6600,卖盘
300,13:43:04,33.18,0.18,9,29862,买盘
301,13:45:13,33.0,-0.18,10,33000,卖盘
302,13:48:18,33.01,0.01,2,6602,卖盘
303,13:48:45,33.01,0.0,1,3301,卖盘
304,13:50:55,33.01,0.0,3,9903,卖盘
305,13:51:07,33.0,-0.01,24,79200,卖盘
306,13:52:27,32.97,-0.03,2,6594,卖盘
307,13:54:55,33.01,0.04,1,3301,买盘
308,13:58:33,33.01,0.0,1,3301,卖盘
309,14:02:52,33.07,0.06,1,3307,买盘
310,14:04:42,33.07,0.0,7,23149,卖盘
311,14:07:07,32.98,-0.09,1,3298,卖盘
312,14:10:16,33.0,0.02,5,16500,买盘
313,14:10:34,32.98,-0.02,1,3298,卖盘
314,14:11:25,32.98,0.0,1,3298,卖盘
315,14:12:06,32.97,-0.01,3,9892,卖盘
316,14:14:46,33.05,0.08,2,6610,买盘
317,14:16:34,33.05,0.0,10,33050,买盘
318,14:16:58,32.97,-0.08,1,3297,卖盘
319,14:19:16,32.9,-0.07,17,58896,卖盘
320,14:20:09,32.97,0.07,1,3297,买盘
321,14:20:16,32.97,0.0,1,3297,买盘
322,14:21:58,33.03,0.06,1,3303,买盘
323,14:22:09,32.91,-0.12,3,9873,卖盘
324,14:22:37,32.98,0.07,1,3298,卖盘
325,14:22:52,32.98,0.0,3,9894,卖盘
326,14:22:58,32.9,-0.08,30,95769,卖盘
327,14:24:43,33.0,0.1,6,19800,买盘
328,14:25:19,33.0,0.0,25,82500,买盘
329,14:25:58,33.02,0.02,10,33020,买盘
330,14:26:04,33.0,-0.02,18,59400,卖盘
331,14:28:31,33.05,0.05,10,33048,买盘
332,14:29:52,33.05,0.0,2,6610,买盘
333,14:30:16,33.06,0.01,5,16530,买盘
334,14:30:33,33.06,0.0,6,19836,买盘
335,14:30:55,33.07,0.01,10,33070,买盘
336,14:31:06,33.0,-0.07,7,23105,卖盘
337,14:31:10,33.07,0.07,1,3307,买盘
338,14:31:22,33.08,0.01,9,29769,买盘
339,14:31:52,33.1,0.02,3,9930,买盘
340,14:32:01,33.1,0.0,1,3310,卖盘
341,14:32:46,33.12,0.02,1,3312,买盘
342,14:32:51,33.13,0.01,20,66260,买盘
343,14:33:10,33.14,0.01,1,3314,买盘
344,14:33:46,33.14,0.0,2,6628,买盘
345,14:33:58,33.12,-0.02,10,33122,卖盘
346,14:34:13,33.12,0.0,2,6624,卖盘
347,14:34:40,33.12,0.0,2,6624,卖盘
348,14:35:07,33.12,0.0,1,3312,卖盘
349,14:35:16,33.12,0.0,1,3312,卖盘
350,14:35:31,33.12,0.0,10,33120,卖盘
351,14:36:16,33.12,0.0,2,6624,卖盘
352,14:36:43,33.12,0.0,10,33120,卖盘
353,14:37:45,33.1,-0.02,6,19860,卖盘
354,14:37:51,33.13,0.03,15,49686,买盘
355,14:42:09,33.1,-0.03,4,13240,卖盘
356,14:42:16,33.1,0.0,15,49650,卖盘
357,14:42:58,33.04,-0.06,2,6608,卖盘
358,14:43:39,33.12,0.08,14,46367,买盘
359,14:44:10,33.12,0.0,14,46368,买盘
360,14:44:22,33.12,0.0,3,9936,买盘
361,14:44:51,33.12,0.0,6,19872,卖盘
362,14:45:37,33.13,0.01,2,6626,买盘
363,14:45:43,33.14,0.01,10,33140,买盘
364,14:46:01,33.14,0.0,2,6628,买盘
365,14:46:07,33.13,-0.01,2,6626,卖盘
366,14:46:13,33.14,0.01,4,13256,买盘
367,14:46:19,33.13,-0.01,7,23191,卖盘
368,14:46:22,33.14,0.01,5,16570,买盘
369,14:46:25,33.15,0.01,3,9945,买盘
370,14:46:34,33.14,-0.01,3,9942,卖盘
371,14:46:37,33.15,0.01,3,9945,买盘
372,14:46:49,33.16,0.01,3,9947,买盘
373,14:46:58,33.18,0.02,10,33172,买盘
374,14:47:13,33.19,0.01,10,33188,买盘
375,14:48:01,33.19,0.0,4,13276,买盘
376,14:48:07,33.2,0.01,5,16600,买盘
377,14:48:13,33.19,-0.01,1,3319,卖盘
378,14:48:25,33.2,0.01,6,19920,买盘
379,14:48:31,33.2,0.0,1,3320,卖盘
380,14:48:43,33.27,0.07,31,103069,买盘
381,14:48:46,33.27,0.0,1,3327,卖盘
382,14:48:52,33.27,0.0,2,6654,卖盘
383,14:48:55,33.27,0.0,1,3327,卖盘
384,14:49:04,33.27,0.0,5,16635,卖盘
385,14:49:13,33.27,0.0,3,9981,卖盘
386,14:49:43,33.26,-0.01,10,33260,买盘
387,14:49:58,33.29,0.03,10,33278,买盘
388,14:50:34,33.26,-0.03,5,16630,买盘
389,14:51:04,33.21,-0.05,1,3321,卖盘
390,14:51:16,33.21,0.0,17,56540,卖盘
391,14:51:52,33.21,0.0,7,23247,卖盘
392,14:51:55,33.21,0.0,1,3321,卖盘
393,14:51:58,33.21,0.0,1,3321,卖盘
394,14:52:07,33.21,0.0,2,6642,买盘
395,14:52:31,33.21,0.0,5,16605,卖盘
396,14:52:40,33.21,0.0,3,9963,卖盘
397,14:52:49,33.21,0.0,1,3321,买盘
398,14:53:01,33.21,0.0,1,3321,买盘
399,14:53:07,33.25,0.04,3,9975,买盘
400,14:53:22,33.21,-0.04,9,29889,卖盘
401,14:53:58,33.21,0.0,4,13284,买盘
402,14:54:16,33.25,0.04,8,26600,买盘
403,14:54:19,33.2,-0.05,20,66401,卖盘
404,14:54:22,33.2,0.0,1,3320,卖盘
405,14:54:25,33.25,0.05,1,3325,买盘
406,14:54:52,33.25,0.0,1,3325,卖盘
407,14:54:55,33.25,0.0,2,6650,卖盘
408,14:54:58,33.25,0.0,6,19950,卖盘
409,14:55:19,33.26,0.01,1,3326,买盘
410,14:55:40,33.22,-0.04,8,26576,卖盘
411,14:55:52,33.22,0.0,4,13288,卖盘
412,14:56:04,33.27,0.05,9,29931,买盘
413,14:56:10,33.23,-0.04,4,13294,卖盘
414,14:56:19,33.23,0.0,3,9969,卖盘
415,14:56:34,33.22,-0.01,2,6644,卖盘
416,14:56:37,33.27,0.05,1,3327,买盘
417,14:56:55,33.22,-0.05,5,16610,卖盘
418,14:57:03,33.26,0.04,5,16630,买盘
419,15:00:05,33.26,0.0,80,266080,卖盘
