,time,price,change,volume,amount,type
0,09:25:04,7.17,0.02,42,30114,卖盘
1,09:30:04,7.17,0.0,78,55915,买盘
2,09:30:07,7.18,0.01,9,6460,买盘
3,09:30:25,7.18,0.0,2,1493,买盘
4,09:30:33,7.18,0.0,34,24355,卖盘
5,09:30:43,7.17,-0.01,36,25823,卖盘
6,09:30:46,7.17,0.0,1,717,卖盘
7,09:30:48,7.17,0.0,6,4302,卖盘
8,09:30:52,7.17,0.0,2,1434,卖盘
9,09:31:01,7.17,0.0,6,4302,卖盘
10,09:31:06,7.18,0.01,98,70364,买盘
11,09:31:09,7.17,-0.01,19,13623,卖盘
12,09:31:12,7.18,0.01,30,21540,买盘
13,09:31:16,7.18,0.0,59,42362,买盘
14,09:31:19,7.18,0.0,13,9334,买盘
15,09:31:21,7.17,-0.01,2,1434,卖盘
16,09:31:25,7.18,0.01,92,66056,买盘
17,09:31:37,7.18,0.0,66,47388,买盘
18,09:31:39,7.17,-0.01,9,6461,卖盘
19,09:31:46,7.17,0.0,86,61747,卖盘
20,09:31:49,7.18,0.01,3,2154,买盘
21,09:31:52,7.18,0.0,8,5744,买盘
22,09:31:55,7.18,0.0,2,1493,买盘
23,09:31:57,7.19,0.01,4,2874,买盘
24,09:32:04,7.18,-0.01,33,23694,卖盘
25,09:32:06,7.19,0.01,2,1438,买盘
26,09:32:09,7.19,0.0,1,719,买盘
27,09:32:13,7.2,0.01,1,720,买盘
28,09:32:16,7.2,0.0,3,2160,买盘
29,09:32:18,7.2,0.0,2,1440,买盘
30,09:32:34,7.22,0.02,5,3610,买盘
31,09:32:37,7.2,-0.02,29,20906,卖盘
32,09:32:40,7.2,0.0,22,15823,买盘
33,09:32:52,7.19,-0.01,4,2876,卖盘
34,09:33:01,7.2,0.01,34,24468,买盘
35,09:33:04,7.2,0.0,41,29500,买盘
36,09:33:09,7.19,-0.01,19,13664,卖盘
37,09:33:19,7.19,0.0,30,21570,卖盘
38,09:33:31,7.18,-0.01,8,5745,卖盘
39,09:33:58,7.18,0.0,12,8616,卖盘
40,09:34:00,7.18,0.0,2,1436,卖盘
41,09:34:04,7.18,0.0,4,2872,卖盘
42,09:34:06,7.18,0.0,62,44516,卖盘
43,09:34:15,7.18,0.0,1,718,卖盘
44,09:34:22,7.18,0.0,4,2872,卖盘
45,09:34:46,7.19,0.01,2,1438,买盘
46,09:35:16,7.19,0.0,3,2157,买盘
47,09:35:25,7.19,0.0,29,20851,买盘
48,09:35:31,7.19,0.0,2,1438,买盘
49,09:35:34,7.19,0.0,6,4314,买盘
50,09:35:40,7.19,0.0,3,2157,买盘
51,09:35:43,7.19,0.0,2,1438,买盘
52,09:35:48,7.19,0.0,3,2157,买盘
53,09:35:54,7.2,0.01,13,9354,买盘
54,09:36:37,7.2,0.0,96,69120,买盘
55,09:36:43,7.2,0.0,30,21600,买盘
56,09:36:55,7.2,0.0,15,10800,买盘
57,09:37:00,7.19,-0.01,20,14380,卖盘
58,09:37:06,7.2,0.01,1,720,买盘
59,09:37:10,7.2,0.0,52,37440,买盘
60,09:37:22,7.2,0.0,14,10080,买盘
61,09:37:40,7.2,0.0,88,63360,买盘
62,09:37:43,7.2,0.0,16,11520,买盘
63,09:37:46,7.2,0.0,7,5040,买盘
64,09:37:51,7.2,0.0,16,11509,买盘
65,09:38:01,7.2,0.0,98,70560,买盘
66,09:38:13,7.19,-0.01,4,2876,卖盘
67,09:38:31,7.2,0.01,37,26640,买盘
68,09:38:34,7.2,0.0,14,10411,买盘
69,09:38:46,7.21,0.01,10,7210,买盘
70,09:39:10,7.21,0.0,14,10094,买盘
71,09:39:28,7.21,0.0,80,57680,买盘
72,09:39:36,7.21,0.0,1,721,买盘
73,09:39:52,7.2,-0.01,4,2880,卖盘
74,09:40:04,7.21,0.01,10,7210,买盘
75,09:40:27,7.2,-0.01,2,1440,卖盘
76,09:40:49,7.2,0.0,42,29909,卖盘
77,09:40:54,7.2,0.0,3,2160,买盘
78,09:41:09,7.19,-0.01,107,76933,卖盘
79,09:41:22,7.19,0.0,198,142362,买盘
80,09:41:27,7.18,-0.01,14,10052,卖盘
81,09:41:30,7.18,0.0,25,17955,卖盘
82,09:41:37,7.18,0.0,2,1436,卖盘
83,09:41:43,7.18,0.0,30,21540,卖盘
84,09:41:49,7.18,0.0,1,718,卖盘
85,09:41:55,7.19,0.01,11,7909,买盘
86,09:42:04,7.19,0.0,9,6471,买盘
87,09:42:06,7.18,-0.01,1,718,卖盘
88,09:42:10,7.18,0.0,58,41644,卖盘
89,09:42:12,7.18,0.0,46,33028,卖盘
90,09:42:15,7.19,0.01,86,61814,买盘
91,09:42:28,7.17,-0.02,13,9321,卖盘
92,09:42:37,7.17,0.0,46,32982,卖盘
93,09:42:42,7.18,0.01,92,66056,买盘
94,09:42:46,7.17,-0.01,2,1434,卖盘
95,09:42:52,7.18,0.01,9,6462,买盘
96,09:43:00,7.18,0.0,2,1436,买盘
97,09:43:06,7.17,-0.01,12,8604,卖盘
98,09:43:10,7.18,0.01,1,718,买盘
99,09:43:12,7.18,0.0,1,718,买盘
100,09:43:16,7.18,0.0,5,3590,买盘
101,09:43:34,7.19,0.01,41,29479,买盘
102,09:43:36,7.18,-0.01,1,718,卖盘
103,09:43:39,7.18,0.0,1,718,买盘
104,09:43:52,7.18,0.0,2,1436,买盘
105,09:43:58,7.18,0.0,1,718,卖盘
106,09:44:04,7.19,0.01,27,19413,买盘
107,09:44:13,7.18,-0.01,136,97657,卖盘
108,09:44:16,7.18,0.0,7,5026,买盘
109,09:44:22,7.18,0.0,350,251300,买盘
110,09:44:24,7.18,0.0,1,718,买盘
111,09:44:27,7.18,0.0,1,718,买盘
112,09:44:30,7.18,0.0,13,9334,买盘
113,09:44:34,7.18,0.0,1,718,买盘
114,09:44:37,7.18,0.0,1,718,买盘
115,09:44:40,7.18,0.0,2,1436,买盘
116,09:44:55,7.18,0.0,1,718,买盘
117,09:45:01,7.18,0.0,10,7180,买盘
118,09:45:06,7.18,0.0,1,718,买盘
119,09:45:13,7.18,0.0,1,718,买盘
120,09:45:16,7.18,0.0,9,6462,买盘
121,09:45:19,7.18,0.0,1,718,买盘
122,09:45:22,7.18,0.0,1,718,买盘
123,09:45:34,7.18,0.0,192,137856,买盘
124,09:45:40,7.18,0.0,11,7898,买盘
125,09:45:43,7.18,0.0,164,117752,买盘
126,09:45:52,7.17,-0.01,132,94775,卖盘
127,09:45:58,7.18,0.01,1,718,买盘
128,09:46:10,7.17,-0.01,15,10755,卖盘
129,09:46:25,7.17,0.0,6,4302,卖盘
130,09:46:28,7.17,0.0,1,717,卖盘
131,09:46:31,7.18,0.01,5,3590,买盘
132,09:46:37,7.18,0.0,7,5026,买盘
133,09:46:49,7.18,0.0,4,2872,卖盘
134,09:47:04,7.18,0.0,33,23722,卖盘
135,09:47:13,7.19,0.01,9,6471,买盘
136,09:47:15,7.19,0.0,9,6471,买盘
137,09:47:22,7.19,0.0,29,20851,卖盘
138,09:47:34,7.19,0.0,1,719,卖盘
139,09:47:36,7.19,0.0,6,4314,卖盘
140,09:47:39,7.19,0.0,59,42421,买盘
141,09:47:49,7.19,0.0,98,70462,买盘
142,09:47:52,7.18,-0.01,3,2154,卖盘
143,09:47:57,7.19,0.01,91,65429,买盘
144,09:48:07,7.19,0.0,162,116478,买盘
145,09:48:16,7.19,0.0,84,60396,买盘
146,09:48:37,7.19,0.0,12,8628,买盘
147,09:48:46,7.18,-0.01,2,1436,卖盘
148,09:48:49,7.18,0.0,12,8616,卖盘
149,09:48:55,7.19,0.01,38,27322,买盘
150,09:49:07,7.18,-0.01,56,40208,卖盘
151,09:49:10,7.18,0.0,24,17232,卖盘
152,09:49:13,7.18,0.0,2,1436,卖盘
153,09:49:24,7.19,0.01,94,67586,买盘
154,09:49:30,7.19,0.0,1,719,买盘
155,09:49:37,7.19,0.0,39,28041,买盘
156,09:49:46,7.18,-0.01,311,223492,卖盘
157,09:50:01,7.17,-0.01,60,43079,卖盘
158,09:50:04,7.18,0.01,7,5021,买盘
159,09:50:07,7.17,-0.01,1,717,卖盘
160,09:50:19,7.17,0.0,2,1434,卖盘
161,09:50:22,7.17,0.0,34,24403,卖盘
162,09:50:37,7.18,0.01,3,2154,卖盘
163,09:50:43,7.19,0.01,95,68305,买盘
164,09:50:46,7.19,0.0,42,30192,买盘
165,09:50:55,7.19,0.0,82,58954,买盘
166,09:51:39,7.19,0.0,4,2876,买盘
167,09:51:46,7.19,0.0,46,33074,买盘
168,09:51:49,7.18,-0.01,2,1436,卖盘
169,09:52:04,7.18,0.0,7,5028,卖盘
170,09:52:22,7.18,0.0,18,12941,卖盘
171,09:52:25,7.18,0.0,1,718,卖盘
172,09:53:04,7.18,0.0,5,3590,卖盘
173,09:53:13,7.18,0.0,4,2872,卖盘
174,09:53:15,7.18,0.0,4,2872,卖盘
175,09:53:18,7.18,0.0,19,13642,卖盘
176,09:53:22,7.19,0.01,67,48173,买盘
177,09:53:55,7.18,-0.01,14,10052,卖盘
178,09:54:04,7.19,0.01,25,17969,买盘
179,09:54:10,7.18,-0.01,1,718,卖盘
180,09:54:12,7.18,0.0,4,2872,卖盘
181,09:54:19,7.19,0.01,27,19413,买盘
182,09:54:36,7.18,-0.01,19,13642,卖盘
183,09:54:40,7.18,0.0,3,2154,卖盘
184,09:54:43,7.18,0.0,2,1436,卖盘
185,09:54:46,7.18,0.0,1,718,卖盘
186,09:54:55,7.18,0.0,3,2154,卖盘
187,09:54:57,7.18,0.0,7,5026,卖盘
188,09:55:00,7.18,0.0,13,9334,卖盘
189,09:55:04,7.18,0.0,7,5026,卖盘
190,09:55:06,7.19,0.01,104,74768,买盘
191,09:55:15,7.18,-0.01,2,1436,卖盘
192,09:55:19,7.19,0.01,62,44575,买盘
193,09:55:43,7.18,-0.01,3,2154,卖盘
194,09:55:45,7.19,0.01,91,65429,买盘
195,09:56:01,7.18,-0.01,26,18668,卖盘
196,09:56:10,7.18,0.0,1,718,卖盘
197,09:56:15,7.18,0.0,2,1436,卖盘
198,09:56:21,7.19,0.01,92,66148,买盘
199,09:56:34,7.19,0.0,82,58958,买盘
200,09:56:46,7.18,-0.01,81,58225,卖盘
201,09:56:57,7.18,0.0,1,718,卖盘
202,09:57:09,7.19,0.01,15,10785,买盘
203,09:57:46,7.18,-0.01,2,1436,卖盘
204,09:57:57,7.18,0.0,4,2872,卖盘
205,09:58:09,7.19,0.01,150,107850,买盘
206,09:58:16,7.18,-0.01,20,14360,卖盘
207,09:58:19,7.18,0.0,267,191970,卖盘
208,09:58:28,7.19,0.01,213,153147,买盘
209,09:58:36,7.18,-0.01,5,3590,卖盘
210,09:58:52,7.19,0.01,3,2157,买盘
211,09:59:10,7.19,0.0,10,7190,买盘
212,09:59:16,7.18,-0.01,2,1436,卖盘
213,09:59:28,7.19,0.01,1,719,买盘
214,09:59:45,7.19,0.0,5,3595,买盘
215,09:59:49,7.18,-0.01,9,6462,卖盘
216,09:59:52,7.18,0.0,9,6462,卖盘
217,09:59:55,7.18,0.0,9,6462,卖盘
218,09:59:58,7.18,0.0,12,8616,卖盘
219,10:00:01,7.18,0.0,9,6462,卖盘
220,10:00:07,7.19,0.01,15,10782,买盘
221,10:00:27,7.19,0.0,11,7909,买盘
222,10:00:42,7.18,-0.01,31,22258,卖盘
223,10:00:49,7.17,-0.01,2,1434,卖盘
224,10:00:52,7.17,0.0,3,2151,卖盘
225,10:00:58,7.18,0.01,234,168012,买盘
226,10:01:01,7.18,0.0,7,5026,买盘
227,10:01:15,7.18,0.0,4,2872,买盘
228,10:01:19,7.17,-0.01,166,119022,卖盘
229,10:01:25,7.17,0.0,15,10755,卖盘
230,10:01:54,7.17,0.0,174,124758,卖盘
231,10:02:00,7.16,-0.01,2,1433,卖盘
232,10:02:07,7.16,0.0,24,17204,卖盘
233,10:02:16,7.17,0.01,100,71700,买盘
234,10:02:18,7.16,-0.01,2,1432,卖盘
235,10:02:34,7.17,0.01,1,717,买盘
236,10:03:01,7.17,0.0,6,4302,买盘
237,10:03:06,7.17,0.0,13,9321,买盘
238,10:03:40,7.17,0.0,98,70266,买盘
239,10:03:48,7.16,-0.01,96,68830,卖盘
240,10:03:55,7.16,0.0,63,45108,卖盘
241,10:03:58,7.17,0.01,527,377305,买盘
242,10:04:04,7.17,0.0,29,20793,买盘
243,10:04:06,7.17,0.0,3,2151,卖盘
244,10:04:18,7.17,0.0,5,3585,卖盘
245,10:04:45,7.17,0.0,2,1434,中性盘
246,10:05:00,7.17,0.0,1,717,卖盘
247,10:05:13,7.16,-0.01,64,45824,卖盘
248,10:05:16,7.16,0.0,3,2149,卖盘
249,10:05:19,7.17,0.01,7,5019,买盘
250,10:05:34,7.16,-0.01,11,7882,卖盘
251,10:06:06,7.16,0.0,3,2148,卖盘
252,10:06:16,7.17,0.01,3,2151,买盘
253,10:06:19,7.16,-0.01,158,113135,卖盘
254,10:06:21,7.16,0.0,20,14320,买盘
255,10:06:30,7.16,0.0,52,37232,买盘
256,10:06:42,7.15,-0.01,65,46475,卖盘
257,10:06:48,7.16,0.01,97,69450,买盘
258,10:07:06,7.15,-0.01,5,3575,卖盘
259,10:07:22,7.15,0.0,20,14300,卖盘
260,10:07:34,7.16,0.01,41,29356,买盘
261,10:08:04,7.16,0.0,17,12236,买盘
262,10:08:06,7.16,0.0,4,2864,卖盘
263,10:08:15,7.16,0.0,2,1432,卖盘
264,10:08:28,7.16,0.0,13,9308,卖盘
265,10:08:31,7.16,0.0,3,2148,卖盘
266,10:08:34,7.16,0.0,3,2148,卖盘
267,10:08:36,7.16,0.0,3,2148,卖盘
268,10:08:40,7.16,0.0,3,2148,卖盘
269,10:08:43,7.16,0.0,3,2148,卖盘
270,10:08:46,7.16,0.0,1,716,卖盘
271,10:09:04,7.16,0.0,123,88188,卖盘
272,10:09:07,7.16,0.0,11,7876,卖盘
273,10:09:10,7.16,0.0,3,2148,卖盘
274,10:09:25,7.17,0.01,216,154872,买盘
275,10:09:46,7.16,-0.01,1,716,卖盘
276,10:09:49,7.16,0.0,12,8592,卖盘
277,10:09:52,7.16,0.0,14,10024,卖盘
278,10:09:55,7.16,0.0,12,8592,卖盘
279,10:09:58,7.16,0.0,12,8592,卖盘
280,10:10:01,7.16,0.0,12,8592,卖盘
281,10:10:06,7.16,0.0,29,20700,卖盘
282,10:10:10,7.15,-0.01,19,13585,卖盘
283,10:10:16,7.17,0.02,23,16472,买盘
284,10:10:34,7.17,0.0,13,9321,买盘
285,10:11:15,7.15,-0.02,2,1430,卖盘
286,10:11:34,7.16,0.01,4,2864,买盘
287,10:11:45,7.16,0.0,16,11456,买盘
288,10:12:07,7.16,0.0,3,2148,卖盘
289,10:12:13,7.17,0.01,37,26529,买盘
290,10:12:27,7.16,-0.01,3,2148,卖盘
291,10:12:37,7.16,0.0,10,7160,卖盘
292,10:12:45,7.16,0.0,2,1432,卖盘
293,10:12:55,7.16,0.0,1,716,卖盘
294,10:13:01,7.16,0.0,1,716,买盘
295,10:13:09,7.15,-0.01,5,3575,卖盘
296,10:13:12,7.16,0.01,1,716,买盘
297,10:13:16,7.16,0.0,1,716,买盘
298,10:13:25,7.15,-0.01,10,7150,卖盘
299,10:13:31,7.16,0.01,1,716,买盘
300,10:13:40,7.16,0.0,37,26492,买盘
301,10:14:13,7.15,-0.01,1,715,卖盘
302,10:14:16,7.16,0.01,3,2148,买盘
303,10:14:18,7.15,-0.01,2,1430,卖盘
304,10:14:21,7.16,0.01,1,716,买盘
305,10:14:31,7.16,0.0,2,1432,买盘
306,10:14:40,7.16,0.0,36,25776,买盘
307,10:14:46,7.16,0.0,1,716,买盘
308,10:14:52,7.15,-0.01,14,10021,卖盘
309,10:15:00,7.15,0.0,51,36466,卖盘
310,10:15:07,7.15,0.0,4,2860,卖盘
311,10:15:12,7.15,0.0,15,10725,卖盘
312,10:15:16,7.16,0.01,1,716,买盘
313,10:15:28,7.16,0.0,9,6444,买盘
314,10:15:46,7.16,0.0,7,5012,买盘
315,10:15:48,7.16,0.0,12,8590,买盘
316,10:16:43,7.15,-0.01,56,40040,卖盘
317,10:16:45,7.15,0.0,45,32175,卖盘
318,10:16:48,7.15,0.0,37,26455,卖盘
319,10:16:52,7.15,0.0,36,25740,卖盘
320,10:16:55,7.15,0.0,30,21450,卖盘
321,10:16:57,7.15,0.0,41,29315,卖盘
322,10:17:01,7.15,0.0,29,20735,卖盘
323,10:17:04,7.15,0.0,6,4290,卖盘
324,10:17:07,7.15,0.0,3,2145,卖盘
325,10:17:25,7.14,-0.01,3,2142,卖盘
326,10:17:27,7.14,0.0,20,14280,卖盘
327,10:17:37,7.14,0.0,15,10710,卖盘
328,10:17:39,7.14,0.0,34,24276,卖盘
329,10:17:43,7.14,0.0,6,4284,卖盘
330,10:17:49,7.14,0.0,35,24990,卖盘
331,10:17:52,7.14,0.0,3,2142,卖盘
332,10:17:55,7.15,0.01,11,7865,买盘
333,10:17:58,7.15,0.0,59,42131,买盘
334,10:18:01,7.14,-0.01,1,714,卖盘
335,10:18:04,7.14,0.0,1,714,卖盘
336,10:18:07,7.14,0.0,7,4998,卖盘
337,10:18:16,7.14,0.0,30,21420,卖盘
338,10:18:40,7.14,0.0,20,14280,卖盘
339,10:18:42,7.15,0.01,10,7150,买盘
340,10:18:48,7.14,-0.01,1,714,卖盘
341,10:19:01,7.13,-0.01,1,713,卖盘
342,10:19:07,7.13,0.0,4,2852,卖盘
343,10:19:10,7.13,0.0,1,713,卖盘
344,10:19:22,7.14,0.01,6,4284,买盘
345,10:19:25,7.13,-0.01,31,22103,卖盘
346,10:19:43,7.14,0.01,2,1428,买盘
347,10:20:01,7.14,0.0,4,2856,买盘
348,10:20:04,7.13,-0.01,1,713,卖盘
349,10:20:16,7.13,0.0,2,1426,卖盘
350,10:20:19,7.13,0.0,1,713,卖盘
351,10:20:22,7.1,-0.03,900,639750,卖盘
352,10:20:28,7.11,0.01,1,711,卖盘
353,10:20:31,7.13,0.02,3,2139,中性盘
354,10:20:34,7.13,0.0,3,2139,卖盘
355,10:20:37,7.13,0.0,1,713,卖盘
356,10:20:40,7.13,0.0,1,713,卖盘
357,10:20:42,7.13,0.0,1,713,卖盘
358,10:20:45,7.13,0.0,1,713,卖盘
359,10:20:49,7.13,0.0,1,713,卖盘
360,10:20:52,7.13,0.0,1,713,卖盘
361,10:20:55,7.13,0.0,1,713,卖盘
362,10:20:58,7.13,0.0,1,713,卖盘
363,10:21:06,7.11,-0.02,1,711,卖盘
364,10:21:22,7.1,-0.01,36,25570,卖盘
365,10:21:25,7.1,0.0,1,710,卖盘
366,10:21:31,7.1,0.0,9,6390,卖盘
367,10:21:37,7.11,0.01,5,3555,买盘
368,10:21:45,7.11,0.0,3,2133,卖盘
369,10:21:58,7.12,0.01,30,21360,买盘
370,10:22:16,7.11,-0.01,6,4266,卖盘
371,10:23:37,7.12,0.01,50,35600,买盘
372,10:23:58,7.11,-0.01,86,61146,卖盘
373,10:24:22,7.11,0.0,8,5688,买盘
374,10:24:33,7.11,0.0,31,22041,买盘
375,10:24:36,7.11,0.0,1,711,卖盘
376,10:24:40,7.11,0.0,1,711,卖盘
377,10:24:43,7.11,0.0,1,711,卖盘
378,10:24:45,7.11,0.0,1,711,卖盘
379,10:24:49,7.11,0.0,4,2844,卖盘
380,10:25:01,7.11,0.0,11,7821,买盘
381,10:25:22,7.11,0.0,81,57591,买盘
382,10:25:24,7.11,0.0,1,711,卖盘
383,10:25:28,7.11,0.0,1,711,卖盘
384,10:25:30,7.11,0.0,1,711,卖盘
385,10:25:33,7.12,0.01,12,8544,买盘
386,10:25:42,7.12,0.0,3,2136,买盘
387,10:26:04,7.12,0.0,4,2848,买盘
388,10:26:28,7.12,0.0,19,13528,买盘
389,10:26:36,7.13,0.01,13,9260,买盘
390,10:26:40,7.12,-0.01,1,712,卖盘
391,10:26:42,7.12,0.0,1,712,卖盘
392,10:26:46,7.12,0.0,1,712,卖盘
393,10:26:49,7.12,0.0,1,712,卖盘
394,10:26:52,7.12,0.0,40,28519,卖盘
395,10:26:58,7.12,0.0,1,712,卖盘
396,10:27:01,7.12,0.0,1,712,卖盘
397,10:27:04,7.12,0.0,5,3560,卖盘
398,10:27:07,7.12,0.0,1,712,卖盘
399,10:27:10,7.12,0.0,1,712,卖盘
400,10:27:13,7.12,0.0,1,712,卖盘
401,10:27:16,7.12,0.0,1,712,卖盘
402,10:27:19,7.12,0.0,1,712,卖盘
403,10:27:45,7.12,0.0,20,14240,卖盘
404,10:27:49,7.12,0.0,1,712,卖盘
405,10:27:52,7.12,0.0,1,712,卖盘
406,10:27:55,7.13,0.01,20,14260,买盘
407,10:28:37,7.13,0.0,3,2137,买盘
408,10:29:54,7.13,0.0,48,34224,买盘
409,10:30:24,7.13,0.0,53,37789,买盘
410,10:30:27,7.13,0.0,4,2852,买盘
411,10:30:34,7.13,0.0,46,32798,买盘
412,10:30:37,7.14,0.01,63,44964,买盘
413,10:30:46,7.14,0.0,14,9996,买盘
414,10:31:10,7.14,0.0,4,2856,买盘
415,10:31:13,7.14,0.0,14,9996,买盘
416,10:31:19,7.14,0.0,51,36414,买盘
417,10:31:27,7.14,0.0,10,7140,买盘
418,10:31:37,7.14,0.0,8,5712,买盘
419,10:32:21,7.14,0.0,1,714,买盘
420,10:33:22,7.13,-0.01,1,713,卖盘
421,10:33:25,7.14,0.01,10,7140,买盘
422,10:33:45,7.13,-0.01,19,13547,卖盘
423,10:33:55,7.13,0.0,26,18538,卖盘
424,10:33:58,7.13,0.0,1,713,卖盘
425,10:34:00,7.13,0.0,1,713,买盘
426,10:34:21,7.12,-0.01,4,2848,卖盘
427,10:34:55,7.12,0.0,42,29904,卖盘
428,10:34:58,7.12,0.0,1,712,买盘
429,10:36:21,7.12,0.0,40,28480,卖盘
430,10:36:25,7.12,0.0,19,13528,卖盘
431,10:36:43,7.11,-0.01,3,2133,卖盘
432,10:36:48,7.11,0.0,2,1422,卖盘
433,10:37:27,7.12,0.01,1,712,买盘
434,10:37:57,7.12,0.0,12,8544,买盘
435,10:38:04,7.11,-0.01,1,711,卖盘
436,10:38:27,7.12,0.01,10,7120,买盘
437,10:39:07,7.12,0.0,7,4984,买盘
438,10:39:15,7.11,-0.01,1,711,卖盘
439,10:39:42,7.11,0.0,1,711,卖盘
440,10:39:45,7.11,0.0,1,711,卖盘
441,10:39:48,7.11,0.0,6,4271,卖盘
442,10:39:51,7.11,0.0,1,711,卖盘
443,10:39:54,7.11,0.0,1,711,卖盘
444,10:39:57,7.11,0.0,1,711,卖盘
445,10:40:01,7.11,0.0,1,711,卖盘
446,10:40:04,7.11,0.0,1,711,卖盘
447,10:40:06,7.11,0.0,1,711,卖盘
448,10:40:09,7.12,0.01,2,1423,买盘
449,10:40:13,7.11,-0.01,1,711,卖盘
450,10:40:21,7.11,0.0,12,8532,卖盘
451,10:40:24,7.11,0.0,1,711,卖盘
452,10:40:40,7.11,0.0,13,9243,卖盘
453,10:40:49,7.12,0.01,61,43432,买盘
454,10:41:27,7.13,0.01,9,6417,买盘
455,10:41:46,7.13,0.0,5,3565,买盘
456,10:42:04,7.13,0.0,8,5704,买盘
457,10:42:37,7.12,-0.01,44,31328,卖盘
458,10:42:40,7.12,0.0,28,19936,卖盘
459,10:42:42,7.12,0.0,35,24920,卖盘
460,10:42:45,7.12,0.0,14,9968,卖盘
461,10:42:49,7.12,0.0,7,4984,卖盘
462,10:42:52,7.11,-0.01,19,13509,卖盘
463,10:43:16,7.12,0.01,14,9968,买盘
464,10:44:19,7.12,0.0,23,16354,买盘
465,10:44:27,7.12,0.0,7,4984,买盘
466,10:44:30,7.12,0.0,69,49128,买盘
467,10:44:46,7.12,0.0,4,2848,卖盘
468,10:45:58,7.12,0.0,1,712,卖盘
469,10:46:01,7.12,0.0,1,712,卖盘
470,10:46:04,7.12,0.0,1,712,卖盘
471,10:46:07,7.12,0.0,6,4272,卖盘
472,10:46:09,7.12,0.0,4,2848,卖盘
473,10:46:13,7.12,0.0,5,3560,卖盘
474,10:46:16,7.12,0.0,41,29192,卖盘
475,10:46:18,7.12,0.0,2,1424,卖盘
476,10:46:21,7.12,0.0,6,4272,卖盘
477,10:46:25,7.12,0.0,11,7832,卖盘
478,10:46:36,7.11,-0.01,1,711,卖盘
479,10:46:42,7.11,0.0,18,12798,卖盘
480,10:47:01,7.12,0.01,7,4984,买盘
481,10:47:13,7.11,-0.01,9,6399,卖盘
482,10:47:15,7.11,0.0,6,4266,卖盘
483,10:47:18,7.11,0.0,5,3555,卖盘
484,10:47:21,7.12,0.01,25,17788,买盘
485,10:47:40,7.11,-0.01,2,1422,卖盘
486,10:47:42,7.11,0.0,6,4266,卖盘
487,10:47:45,7.11,0.0,50,35550,卖盘
488,10:47:49,7.11,0.0,38,27018,卖盘
489,10:47:52,7.11,0.0,76,54056,卖盘
490,10:47:55,7.11,0.0,28,19908,卖盘
491,10:47:58,7.11,0.0,42,29862,卖盘
492,10:48:01,7.1,-0.01,42,29859,卖盘
493,10:48:04,7.1,0.0,13,9230,卖盘
494,10:48:06,7.1,0.0,1,710,卖盘
495,10:48:10,7.1,0.0,2,1420,卖盘
496,10:48:31,7.1,0.0,6,4260,卖盘
497,10:48:39,7.11,0.01,10,7110,买盘
498,10:48:45,7.11,0.0,6,4266,买盘
499,10:48:48,7.1,-0.01,265,188155,卖盘
500,10:49:04,7.1,0.0,11,7810,卖盘
501,10:49:16,7.1,0.0,20,14200,卖盘
502,10:49:30,7.1,0.0,165,117150,卖盘
503,10:49:39,7.1,0.0,41,29110,卖盘
504,10:49:48,7.11,0.01,45,31995,买盘
505,10:50:01,7.11,0.0,1,711,买盘
506,10:50:12,7.11,0.0,20,14220,买盘
507,10:50:40,7.1,-0.01,22,15620,卖盘
508,10:50:54,7.1,0.0,41,29110,卖盘
509,10:50:58,7.1,0.0,14,9940,卖盘
510,10:51:01,7.1,0.0,109,77390,卖盘
511,10:51:36,7.1,0.0,15,10650,买盘
512,10:52:01,7.1,0.0,10,7100,买盘
513,10:52:04,7.1,0.0,20,14200,买盘
514,10:52:12,7.1,0.0,5,3550,买盘
515,10:52:25,7.1,0.0,10,7100,买盘
516,10:52:36,7.1,0.0,1,710,买盘
517,10:52:55,7.1,0.0,37,26270,买盘
518,10:53:01,7.1,0.0,10,7100,买盘
519,10:53:04,7.1,0.0,4,2840,卖盘
520,10:53:15,7.1,0.0,14,9940,卖盘
521,10:53:31,7.1,0.0,21,14910,卖盘
522,10:53:36,7.1,0.0,38,26980,卖盘
523,10:53:42,7.1,0.0,5,3550,买盘
524,10:53:46,7.1,0.0,9,6390,买盘
525,10:54:15,7.1,0.0,1,710,买盘
526,10:54:37,7.1,0.0,11,7810,买盘
527,10:54:42,7.09,-0.01,586,415474,卖盘
528,10:54:46,7.09,0.0,15,10635,卖盘
529,10:54:52,7.09,0.0,6,4254,卖盘
530,10:54:55,7.09,0.0,51,36159,卖盘
531,10:55:06,7.08,-0.01,1,708,卖盘
532,10:55:10,7.09,0.01,5,3545,买盘
533,10:55:16,7.09,0.0,1,709,买盘
534,10:55:19,7.09,0.0,15,10635,买盘
535,10:55:22,7.08,-0.01,67,47436,卖盘
536,10:55:25,7.09,0.01,4,2836,买盘
537,10:55:36,7.08,-0.01,98,69384,卖盘
538,10:55:45,7.08,0.0,67,47436,卖盘
539,10:55:48,7.09,0.01,11,7799,买盘
540,10:55:57,7.08,-0.01,43,30444,卖盘
541,10:56:00,7.08,0.0,21,14868,卖盘
542,10:56:06,7.08,0.0,9,6372,买盘
543,10:56:09,7.08,0.0,1,708,买盘
544,10:56:24,7.09,0.01,66,46765,买盘
545,10:56:30,7.07,-0.02,120,84848,卖盘
546,10:57:03,7.07,0.0,7,4949,卖盘
547,10:57:42,7.08,0.01,13,9204,买盘
548,10:57:48,7.07,-0.01,50,35363,卖盘
549,10:58:04,7.07,0.0,3,2121,卖盘
550,10:58:27,7.08,0.01,8,5664,卖盘
551,10:58:39,7.08,0.0,40,28320,卖盘
552,10:58:45,7.08,0.0,30,21240,卖盘
553,10:58:51,7.08,0.0,45,31860,卖盘
554,10:58:57,7.08,0.0,49,34692,卖盘
555,10:59:00,7.08,0.0,11,7788,买盘
556,10:59:04,7.07,-0.01,4,2828,卖盘
557,10:59:13,7.07,0.0,12,8484,卖盘
558,10:59:18,7.07,0.0,42,29694,卖盘
559,10:59:24,7.07,0.0,100,70700,卖盘
560,10:59:31,7.07,0.0,2,1414,买盘
561,10:59:34,7.07,0.0,15,10605,买盘
562,10:59:37,7.07,0.0,7,4949,买盘
563,10:59:51,7.07,0.0,2,1414,卖盘
564,10:59:58,7.07,0.0,3,2121,卖盘
565,11:00:06,7.07,0.0,1,707,卖盘
566,11:00:19,7.07,0.0,13,9191,卖盘
567,11:00:22,7.07,0.0,101,71507,卖盘
568,11:00:25,7.07,0.0,22,15554,卖盘
569,11:00:27,7.07,0.0,9,6363,买盘
570,11:00:39,7.07,0.0,7,4949,买盘
571,11:00:43,7.07,0.0,6,4242,买盘
572,11:00:45,7.07,0.0,3,2121,买盘
573,11:00:49,7.07,0.0,30,21210,买盘
574,11:01:04,7.08,0.01,81,57693,卖盘
575,11:01:09,7.08,0.0,111,78588,卖盘
576,11:01:27,7.08,0.0,130,92040,卖盘
577,11:02:21,7.08,0.0,1,708,卖盘
578,11:02:24,7.08,0.0,30,20900,卖盘
579,11:02:39,7.07,-0.01,10,7070,卖盘
580,11:02:42,7.08,0.01,76,54148,买盘
581,11:02:46,7.08,0.0,24,16652,卖盘
582,11:02:54,7.08,0.0,10,7080,买盘
583,11:02:57,7.07,-0.01,10,7070,卖盘
584,11:03:25,7.07,0.0,366,258762,卖盘
585,11:03:31,7.08,0.01,7,4956,买盘
586,11:03:42,7.08,0.0,11,7788,买盘
587,11:03:48,7.08,0.0,10,7080,买盘
588,11:03:55,7.07,-0.01,1,707,卖盘
589,11:04:01,7.08,0.01,6,4248,买盘
590,11:04:37,7.09,0.01,20,14180,买盘
591,11:05:19,7.08,-0.01,1,708,卖盘
592,11:05:22,7.08,0.0,2,1416,卖盘
593,11:05:30,7.08,0.0,2,1416,卖盘
594,11:05:34,7.08,0.0,48,33984,卖盘
595,11:05:37,7.08,0.0,50,35400,买盘
596,11:05:43,7.08,0.0,19,13452,买盘
597,11:06:04,7.07,-0.01,4,2828,卖盘
598,11:06:12,7.08,0.01,10,7080,买盘
599,11:06:45,7.08,0.0,1,708,买盘
600,11:07:01,7.08,0.0,27,19116,买盘
601,11:07:04,7.07,-0.01,11,7787,卖盘
602,11:07:07,7.07,0.0,2,1414,卖盘
603,11:07:09,7.07,0.0,201,142107,卖盘
604,11:07:12,7.07,0.0,22,15554,卖盘
605,11:07:16,7.06,-0.01,1,706,卖盘
606,11:07:24,7.07,0.01,4,2828,买盘
607,11:07:27,7.06,-0.01,212,149672,卖盘
608,11:07:36,7.05,-0.01,1,705,卖盘
609,11:07:54,7.06,0.01,22,15532,买盘
610,11:08:00,7.06,0.0,11,7765,买盘
611,11:08:06,7.05,-0.01,50,35250,卖盘
612,11:08:09,7.05,0.0,298,210090,卖盘
613,11:08:16,7.05,0.0,2,1410,买盘
614,11:08:39,7.04,-0.01,2,1408,卖盘
615,11:08:46,7.05,0.01,1,705,买盘
616,11:08:51,7.04,-0.01,20,14080,卖盘
617,11:08:54,7.04,0.0,65,45760,卖盘
618,11:08:57,7.0,-0.04,1431,1003054,卖盘
619,11:09:00,7.04,0.04,91,63740,买盘
620,11:09:19,7.03,-0.01,7,4921,卖盘
621,11:09:21,7.03,0.0,13,9139,买盘
622,11:09:25,6.98,-0.05,600,419707,卖盘
623,11:09:27,7.01,0.03,11,7711,中性盘
624,11:09:33,7.01,0.0,10,7010,卖盘
625,11:09:36,7.0,-0.01,5,3500,买盘
626,11:09:42,6.99,-0.01,2,1398,卖盘
627,11:09:45,7.0,0.01,40,28000,买盘
628,11:09:51,7.0,0.0,73,51100,买盘
629,11:09:54,7.0,0.0,10,7000,买盘
630,11:10:00,7.0,0.0,14,9813,卖盘
631,11:10:04,7.01,0.01,16,11216,买盘
632,11:10:06,7.01,0.0,22,15422,买盘
633,11:10:09,7.01,0.0,9,6309,买盘
634,11:10:12,7.01,0.0,27,18925,买盘
635,11:10:21,7.03,0.02,2,1406,买盘
636,11:10:27,6.98,-0.05,550,384556,卖盘
637,11:10:31,6.98,0.0,51,35598,买盘
638,11:10:39,7.01,0.03,8,5608,卖盘
639,11:10:45,7.0,-0.01,58,40600,卖盘
640,11:10:51,6.98,-0.02,535,373712,卖盘
641,11:10:54,6.98,0.0,73,50954,买盘
642,11:10:57,6.98,0.0,79,55142,买盘
643,11:11:00,6.98,0.0,167,116566,买盘
644,11:11:04,6.98,0.0,26,18148,买盘
645,11:11:06,7.0,0.02,40,27960,买盘
646,11:11:21,7.0,0.0,50,35000,买盘
647,11:11:37,6.99,-0.01,1,699,卖盘
648,11:11:39,7.0,0.01,36,25200,买盘
649,11:11:57,7.0,0.0,20,14000,买盘
650,11:12:06,7.0,0.0,27,18900,买盘
651,11:12:09,7.0,0.0,41,29036,买盘
652,11:12:12,7.0,0.0,49,33964,卖盘
653,11:12:18,7.0,0.0,19,13300,买盘
654,11:12:27,7.0,0.0,92,64400,买盘
655,11:12:30,7.0,0.0,10,7000,买盘
656,11:12:36,7.0,0.0,5,3500,买盘
657,11:12:39,6.99,-0.01,24,16790,卖盘
658,11:12:46,7.0,0.01,12,8736,买盘
659,11:12:49,6.98,-0.02,566,394873,卖盘
660,11:12:54,6.98,0.0,34,24067,买盘
661,11:12:57,6.98,0.0,12,8376,卖盘
662,11:13:18,6.98,0.0,200,139658,卖盘
663,11:13:28,6.99,0.01,18,12582,卖盘
664,11:13:49,7.0,0.01,22,15400,买盘
665,11:13:55,6.99,-0.01,5,3495,卖盘
666,11:13:58,6.99,0.0,1,699,卖盘
667,11:14:00,6.99,0.0,61,42641,卖盘
668,11:14:16,7.0,0.01,20,14000,买盘
669,11:14:28,7.0,0.0,26,18199,买盘
670,11:14:36,7.0,0.0,50,35000,买盘
671,11:14:42,6.99,-0.01,53,37099,卖盘
672,11:14:45,7.0,0.01,10,7000,买盘
673,11:14:49,7.0,0.0,15,10500,买盘
674,11:15:10,7.0,0.0,5,3500,卖盘
675,11:15:13,7.01,0.01,16,11216,中性盘
676,11:15:16,7.0,-0.01,5,3500,卖盘
677,11:15:31,7.01,0.01,16,11216,买盘
678,11:15:37,7.01,0.0,13,9113,买盘
679,11:15:40,7.0,-0.01,110,77016,卖盘
680,11:15:43,7.0,0.0,14,9800,买盘
681,11:16:01,7.01,0.01,1,701,卖盘
682,11:16:03,7.01,0.0,19,13319,卖盘
683,11:16:13,7.01,0.0,13,9113,卖盘
684,11:16:19,7.01,0.0,30,21030,买盘
685,11:16:25,7.01,0.0,3,2103,买盘
686,11:16:27,7.01,0.0,21,14721,卖盘
687,11:16:31,7.0,-0.01,103,72100,卖盘
688,11:16:36,7.0,0.0,22,15400,买盘
689,11:16:39,7.0,0.0,5,3500,买盘
690,11:16:51,7.01,0.01,3,2103,买盘
691,11:16:55,7.01,0.0,5,3505,买盘
692,11:17:01,7.0,-0.01,100,70000,卖盘
693,11:17:13,7.0,0.0,63,44100,卖盘
694,11:17:16,7.0,0.0,23,16100,买盘
695,11:17:19,7.0,0.0,7,4899,买盘
696,11:17:30,7.01,0.01,20,14020,买盘
697,11:17:37,7.0,-0.01,169,118319,卖盘
698,11:17:40,7.01,0.01,17,11917,买盘
699,11:17:43,7.01,0.0,3,2103,卖盘
700,11:17:46,7.01,0.0,40,28040,买盘
701,11:17:49,7.01,0.0,8,5608,买盘
702,11:17:51,7.01,0.0,3,2103,卖盘
703,11:18:04,7.01,0.0,164,115008,卖盘
704,11:18:07,7.02,0.01,11,7722,买盘
705,11:18:24,7.0,-0.02,130,91056,卖盘
706,11:18:27,7.02,0.02,8,5616,卖盘
707,11:19:04,7.01,-0.01,10,7010,买盘
708,11:19:10,7.0,-0.01,101,70700,卖盘
709,11:19:12,7.01,0.01,1,701,买盘
710,11:19:30,7.01,0.0,5,3505,买盘
711,11:19:42,7.01,0.0,1,701,买盘
712,11:19:45,7.0,-0.01,11,7700,卖盘
713,11:19:49,7.01,0.01,30,21050,卖盘
714,11:19:52,7.0,-0.01,93,65104,卖盘
715,11:19:55,6.99,-0.01,14,9786,卖盘
716,11:19:58,7.0,0.01,5,3500,买盘
717,11:20:15,7.01,0.01,15,10506,买盘
718,11:20:37,7.02,0.01,43,30186,买盘
719,11:21:04,7.02,0.0,15,10530,买盘
720,11:21:07,7.02,0.0,15,10530,买盘
721,11:21:15,7.01,-0.01,150,105156,卖盘
722,11:21:31,7.02,0.01,8,5610,买盘
723,11:21:40,7.02,0.0,10,7020,买盘
724,11:21:42,7.02,0.0,5,3510,买盘
725,11:21:45,7.02,0.0,6,4212,买盘
726,11:21:51,7.0,-0.02,308,215773,卖盘
727,11:21:57,7.02,0.02,43,30186,买盘
728,11:22:00,7.02,0.0,17,11934,卖盘
729,11:22:13,7.01,-0.01,2,1402,买盘
730,11:22:37,7.02,0.01,13,9126,买盘
731,11:22:40,7.02,0.0,42,29484,卖盘
732,11:22:42,7.02,0.0,24,16848,卖盘
733,11:22:49,7.02,0.0,28,19656,买盘
734,11:22:52,7.02,0.0,1,702,卖盘
735,11:22:55,7.02,0.0,25,17550,卖盘
736,11:23:16,7.0,-0.02,230,161048,卖盘
737,11:23:24,7.01,0.01,30,21030,卖盘
738,11:23:27,7.01,0.0,31,21731,卖盘
739,11:23:31,7.01,0.0,11,7711,中性盘
740,11:23:37,7.02,0.01,100,70198,买盘
741,11:23:43,7.01,-0.01,1,701,买盘
742,11:23:52,7.01,0.0,60,42060,卖盘
743,11:23:57,7.01,0.0,34,23834,卖盘
744,11:24:06,7.01,0.0,106,74300,买盘
745,11:24:16,7.0,-0.01,125,87505,卖盘
746,11:24:39,7.01,0.01,50,35050,买盘
747,11:24:55,7.01,0.0,42,29442,买盘
748,11:25:00,7.01,0.0,5,3505,卖盘
749,11:25:04,7.01,0.0,1,701,卖盘
750,11:25:12,7.01,0.0,17,11917,卖盘
751,11:25:15,7.0,-0.01,124,86840,卖盘
752,11:25:18,7.01,0.01,12,8401,买盘
753,11:25:27,7.01,0.0,31,21731,卖盘
754,11:25:42,7.01,0.0,100,70100,买盘
755,11:26:06,7.01,0.0,104,72904,买盘
756,11:26:30,7.02,0.01,110,77220,买盘
757,11:26:43,7.01,-0.01,7,4910,卖盘
758,11:27:12,7.01,0.0,4,2804,卖盘
759,11:27:16,7.02,0.01,74,51948,买盘
760,11:27:22,7.02,0.0,15,10530,卖盘
761,11:27:54,7.01,-0.01,16,11426,卖盘
762,11:27:57,7.01,0.0,93,64983,卖盘
763,11:28:06,7.0,-0.01,650,455000,卖盘
764,11:28:10,7.0,0.0,6,4200,卖盘
765,11:28:12,7.0,0.0,8,5600,卖盘
766,11:28:16,7.01,0.01,2,1402,买盘
767,11:28:30,7.01,0.0,39,27339,买盘
768,11:28:43,7.01,0.0,1,911,买盘
769,11:28:54,7.01,0.0,19,13109,卖盘
770,11:28:57,7.01,0.0,1,701,买盘
771,11:29:15,7.01,0.0,54,37854,买盘
772,11:29:24,7.01,0.0,4,3014,买盘
773,11:29:30,7.0,-0.01,50,35024,卖盘
774,11:29:57,7.01,0.01,5,3505,卖盘
775,13:00:00,7.0,-0.01,59,41311,卖盘
776,13:00:05,7.01,0.01,128,89673,中性盘
777,13:00:09,7.01,0.0,22,15422,卖盘
778,13:00:13,7.01,0.0,8,5608,买盘
779,13:00:18,7.0,-0.01,60,42000,卖盘
780,13:00:33,7.0,0.0,221,154700,卖盘
781,13:00:36,7.0,0.0,21,14700,买盘
782,13:00:39,7.0,0.0,8,5600,买盘
783,13:00:45,7.02,0.02,14,9806,买盘
784,13:01:45,7.0,-0.02,14,9800,卖盘
785,13:01:48,7.01,0.01,13,9113,买盘
786,13:01:54,7.0,-0.01,26,18200,卖盘
787,13:01:57,7.0,0.0,82,57400,卖盘
788,13:02:00,7.0,0.0,12,8400,买盘
789,13:02:27,7.0,0.0,40,28000,买盘
790,13:02:34,7.0,0.0,20,14000,买盘
791,13:02:39,7.0,0.0,1,700,卖盘
792,13:02:48,7.01,0.01,1,701,买盘
793,13:02:57,7.0,-0.01,19,13300,卖盘
794,13:03:06,7.01,0.01,5,3505,买盘
795,13:03:21,7.0,-0.01,200,140000,卖盘
796,13:03:51,7.0,0.0,1,700,买盘
797,13:04:12,7.01,0.01,3,2103,买盘
798,13:04:27,7.0,-0.01,71,49700,卖盘
799,13:04:30,7.0,0.0,22,15400,买盘
800,13:04:33,7.0,0.0,1,700,买盘
801,13:04:36,7.0,0.0,1,700,买盘
802,13:04:39,7.0,0.0,25,17500,买盘
803,13:04:48,7.0,0.0,45,31460,买盘
804,13:04:51,7.0,0.0,1,700,买盘
805,13:04:57,7.0,0.0,10,7000,买盘
806,13:05:06,7.0,0.0,10,7000,买盘
807,13:05:18,7.0,0.0,20,14000,买盘
808,13:05:21,7.0,0.0,30,21000,买盘
809,13:05:43,7.0,0.0,2,1400,买盘
810,13:05:45,7.0,0.0,28,19600,买盘
811,13:06:06,7.01,0.01,1,701,买盘
812,13:06:36,7.01,0.0,3,2103,买盘
813,13:07:00,7.01,0.0,11,7711,买盘
814,13:07:12,7.01,0.0,1,701,买盘
815,13:07:33,7.01,0.0,1,701,买盘
816,13:07:45,7.01,0.0,3,2103,买盘
817,13:07:54,7.01,0.0,5,3505,买盘
818,13:08:06,7.01,0.0,10,7010,买盘
819,13:08:09,7.01,0.0,42,29442,买盘
820,13:08:45,7.02,0.01,72,50544,买盘
821,13:08:54,7.0,-0.02,134,93836,卖盘
822,13:08:58,7.0,0.0,12,8400,买盘
823,13:09:04,7.0,0.0,1,700,买盘
824,13:09:07,7.0,0.0,7,4900,买盘
825,13:10:51,7.0,0.0,50,35000,卖盘
826,13:11:12,7.01,0.01,1,701,买盘
827,13:11:24,7.02,0.01,30,21051,买盘
828,13:11:43,7.0,-0.02,12,8400,卖盘
829,13:11:45,7.01,0.01,34,23834,买盘
830,13:11:49,7.01,0.0,7,4907,买盘
831,13:11:55,7.01,0.0,2,1402,买盘
832,13:12:01,7.0,-0.01,60,42000,卖盘
833,13:12:04,7.0,0.0,15,10500,卖盘
834,13:12:10,7.0,0.0,17,11900,买盘
835,13:12:12,7.01,0.01,20,14001,买盘
836,13:12:33,7.0,-0.01,1,700,买盘
837,13:12:36,7.0,0.0,2,1400,卖盘
838,13:12:51,7.0,0.0,27,18900,买盘
839,13:12:54,7.0,0.0,16,11200,卖盘
840,13:12:57,7.0,0.0,2,1400,买盘
841,13:13:52,7.0,0.0,37,25900,买盘
842,13:13:58,7.0,0.0,14,9800,买盘
843,13:14:00,7.0,0.0,3,2100,买盘
844,13:14:18,7.0,0.0,10,7000,买盘
845,13:14:27,7.0,0.0,58,40600,买盘
846,13:14:36,7.01,0.01,1,701,买盘
847,13:14:45,7.0,-0.01,52,36400,卖盘
848,13:14:52,7.0,0.0,2,1400,买盘
849,13:15:04,7.0,0.0,10,7000,买盘
850,13:15:18,7.0,0.0,20,14000,买盘
851,13:15:21,7.0,0.0,7,4900,买盘
852,13:15:24,6.99,-0.01,220,153780,卖盘
853,13:15:30,7.0,0.01,18,12600,买盘
854,13:16:01,7.0,0.0,18,12600,卖盘
855,13:16:04,7.0,0.0,6,4200,卖盘
856,13:16:19,7.0,0.0,11,7700,买盘
857,13:16:31,7.0,0.0,30,21000,卖盘
858,13:16:33,7.0,0.0,8,5600,卖盘
859,13:16:36,7.0,0.0,5,3500,卖盘
860,13:16:49,7.0,0.0,2,1400,买盘
861,13:17:07,7.0,0.0,1,700,买盘
862,13:17:33,7.0,0.0,130,91000,买盘
863,13:17:51,7.0,0.0,10,7000,买盘
864,13:18:04,7.0,0.0,6,4200,买盘
865,13:18:15,7.0,0.0,1,700,买盘
866,13:18:22,7.0,0.0,8,5600,买盘
867,13:18:27,7.0,0.0,17,11900,买盘
868,13:18:45,7.0,0.0,1,700,买盘
869,13:18:54,7.0,0.0,66,46152,买盘
870,13:19:13,7.0,0.0,1,700,买盘
871,13:19:21,6.99,-0.01,40,27513,卖盘
872,13:19:24,6.99,0.0,19,13281,卖盘
873,13:19:34,7.0,0.01,10,7000,买盘
874,13:19:37,7.0,0.0,4,2800,买盘
875,13:19:39,7.0,0.0,3,2100,买盘
876,13:19:54,7.0,0.0,222,155400,买盘
877,13:19:58,7.0,0.0,5,3500,卖盘
878,13:20:01,7.0,0.0,16,11200,卖盘
879,13:20:04,7.0,0.0,28,19600,卖盘
880,13:20:07,7.01,0.01,2,1402,买盘
881,13:20:15,7.0,-0.01,2,1400,卖盘
882,13:20:19,7.01,0.01,5,3505,买盘
883,13:20:21,7.0,-0.01,233,163100,卖盘
884,13:20:25,7.0,0.0,22,15400,买盘
885,13:20:27,6.99,-0.01,2,1398,卖盘
886,13:20:40,6.99,0.0,43,30058,卖盘
887,13:20:42,7.0,0.01,1,700,买盘
888,13:20:45,6.99,-0.01,3,2097,卖盘
889,13:20:49,7.0,0.01,1,700,买盘
890,13:20:52,7.0,0.0,4,2800,买盘
891,13:21:16,7.0,0.0,30,21000,买盘
892,13:21:37,7.0,0.0,3,2100,买盘
893,13:22:04,7.0,0.0,4,2800,买盘
894,13:22:19,6.99,-0.01,10,6990,卖盘
895,13:22:30,7.0,0.01,9,6300,买盘
896,13:22:43,6.99,-0.01,6,4194,卖盘
897,13:22:55,7.0,0.01,1,700,买盘
898,13:22:57,6.99,-0.01,1,699,卖盘
899,13:23:06,7.0,0.01,30,21000,买盘
900,13:23:09,7.0,0.0,1,700,买盘
901,13:23:13,7.0,0.0,1,700,买盘
902,13:24:30,7.0,0.0,10,7000,买盘
903,13:24:36,7.0,0.0,1,700,买盘
904,13:24:55,7.0,0.0,11,7700,买盘
905,13:25:04,7.0,0.0,10,7000,买盘
906,13:25:06,7.0,0.0,10,7000,买盘
907,13:25:33,7.0,0.0,3,2100,买盘
908,13:25:45,7.0,0.0,7,4900,买盘
909,13:25:57,6.99,-0.01,1,699,卖盘
910,13:26:27,7.0,0.01,12,8400,买盘
911,13:26:37,7.0,0.0,100,69921,买盘
912,13:26:42,7.0,0.0,1,700,买盘
913,13:26:46,7.0,0.0,9,6300,买盘
914,13:26:51,6.99,-0.01,18,12596,卖盘
915,13:27:10,6.99,0.0,101,70599,卖盘
916,13:27:22,6.99,0.0,3,2097,卖盘
917,13:27:24,6.99,0.0,7,4899,卖盘
918,13:27:33,7.0,0.01,4,2800,买盘
919,13:27:36,6.99,-0.01,65,45460,卖盘
920,13:27:42,7.0,0.01,5,3500,买盘
921,13:27:46,7.0,0.0,12,8400,买盘
922,13:27:52,7.0,0.0,1,700,买盘
923,13:28:15,7.0,0.0,2,1400,买盘
924,13:28:24,6.99,-0.01,1,699,卖盘
925,13:28:36,7.0,0.01,10,7000,买盘
926,13:28:45,6.99,-0.01,5,3495,卖盘
927,13:28:54,7.0,0.01,7,4900,买盘
928,13:28:57,7.0,0.0,48,33594,买盘
929,13:29:03,6.99,-0.01,81,56619,卖盘
930,13:29:06,7.0,0.01,5,3500,买盘
931,13:29:12,6.99,-0.01,3,2097,卖盘
932,13:29:48,6.99,0.0,25,17475,卖盘
933,13:29:57,7.0,0.01,5,3500,买盘
934,13:30:00,7.0,0.0,6,4195,买盘
935,13:30:13,7.0,0.0,37,25900,买盘
936,13:30:22,7.0,0.0,19,13299,买盘
937,13:30:25,6.99,-0.01,12,8399,卖盘
938,13:31:25,7.0,0.01,11,7700,买盘
939,13:31:27,7.0,0.0,1,700,买盘
940,13:31:48,6.99,-0.01,1,699,卖盘
941,13:31:52,7.0,0.01,1,700,买盘
942,13:31:55,6.99,-0.01,3,2097,卖盘
943,13:32:00,7.0,0.01,1,700,买盘
944,13:32:04,6.99,-0.01,1,699,卖盘
945,13:32:33,7.0,0.01,5,3500,买盘
946,13:32:42,7.0,0.0,6,4200,买盘
947,13:32:45,7.0,0.0,1,700,买盘
948,13:32:58,7.0,0.0,7,4900,买盘
949,13:33:00,7.0,0.0,1,700,买盘
950,13:33:09,7.0,0.0,10,7000,买盘
951,13:33:24,6.99,-0.01,1,699,卖盘
952,13:33:34,6.99,0.0,3,2097,卖盘
953,13:33:40,7.0,0.01,3,2100,买盘
954,13:33:46,7.0,0.0,2,1399,买盘
955,13:33:49,6.99,-0.01,2,1398,卖盘
956,13:34:01,7.0,0.01,43,30100,买盘
957,13:34:04,7.0,0.0,10,7000,买盘
958,13:34:16,7.0,0.0,1,700,买盘
959,13:34:22,7.0,0.0,30,21000,买盘
960,13:34:25,7.0,0.0,15,10500,买盘
961,13:34:30,7.0,0.0,1,700,买盘
962,13:34:33,7.0,0.0,10,7000,买盘
963,13:34:36,7.0,0.0,40,28000,买盘
964,13:34:42,7.0,0.0,50,35000,买盘
965,13:34:58,7.0,0.0,25,17500,买盘
966,13:35:10,7.0,0.0,36,25200,买盘
967,13:35:13,7.0,0.0,11,7700,买盘
968,13:35:15,7.0,0.0,22,15400,买盘
969,13:35:18,7.0,0.0,60,42000,买盘
970,13:35:24,7.0,0.0,18,12600,买盘
971,13:35:28,7.0,0.0,28,19600,买盘
972,13:35:31,7.0,0.0,10,7000,买盘
973,13:35:33,7.0,0.0,15,10500,买盘
974,13:35:37,7.0,0.0,35,24500,买盘
975,13:35:46,7.0,0.0,78,54600,卖盘
976,13:35:54,7.0,0.0,1,700,买盘
977,13:36:07,6.99,-0.01,1,699,卖盘
978,13:36:10,7.0,0.01,5,3500,买盘
979,13:36:12,7.0,0.0,20,14000,买盘
980,13:36:24,7.0,0.0,11,7700,买盘
981,13:36:30,7.0,0.0,15,10500,买盘
982,13:36:51,7.0,0.0,17,11900,买盘
983,13:36:55,7.0,0.0,9,6300,买盘
984,13:37:06,7.0,0.0,8,5600,买盘
985,13:37:22,7.0,0.0,1,700,买盘
986,13:37:39,7.0,0.0,24,16800,买盘
987,13:37:46,7.0,0.0,1,700,买盘
988,13:37:49,7.0,0.0,29,20300,买盘
989,13:38:04,7.0,0.0,50,35000,买盘
990,13:38:06,7.0,0.0,3,2100,买盘
991,13:38:09,7.0,0.0,24,16800,卖盘
992,13:38:12,7.0,0.0,8,5600,卖盘
993,13:38:16,7.0,0.0,5,3500,买盘
994,13:38:28,7.0,0.0,24,16800,买盘
995,13:38:30,7.0,0.0,21,14700,买盘
996,13:38:33,7.0,0.0,30,21000,卖盘
997,13:38:36,7.0,0.0,1,700,买盘
998,13:38:39,7.0,0.0,11,7700,买盘
999,13:38:42,7.0,0.0,8,5600,卖盘
1000,13:38:46,7.0,0.0,1,700,买盘
1001,13:38:49,7.0,0.0,12,8400,卖盘
1002,13:38:51,6.99,-0.01,4,2796,卖盘
1003,13:38:58,6.99,0.0,1,699,卖盘
1004,13:39:01,7.0,0.01,1,700,买盘
1005,13:39:07,7.0,0.0,35,24500,卖盘
1006,13:39:10,7.0,0.0,20,14000,卖盘
1007,13:39:24,7.0,0.0,2,1400,卖盘
1008,13:39:27,7.0,0.0,2,1400,卖盘
1009,13:39:30,7.0,0.0,1,700,卖盘
1010,13:39:58,7.01,0.01,1,701,买盘
1011,13:40:01,7.0,-0.01,4,2800,卖盘
1012,13:40:04,7.0,0.0,4,2800,卖盘
1013,13:40:07,7.01,0.01,18,12614,买盘
1014,13:40:10,7.0,-0.01,7,4900,卖盘
1015,13:40:12,7.0,0.0,8,5600,卖盘
1016,13:40:16,7.0,0.0,5,3500,卖盘
1017,13:40:19,7.0,0.0,11,7700,卖盘
1018,13:40:21,7.0,0.0,8,5600,卖盘
1019,13:40:24,7.01,0.01,8,5601,买盘
1020,13:40:28,7.0,-0.01,1,700,卖盘
1021,13:40:40,7.01,0.01,11,7701,买盘
1022,13:40:43,7.0,-0.01,8,5600,卖盘
1023,13:40:46,7.01,0.01,42,29442,买盘
1024,13:41:01,7.01,0.0,11,7711,买盘
1025,13:41:04,7.0,-0.01,11,7700,卖盘
1026,13:41:24,7.0,0.0,14,9800,买盘
1027,13:41:34,7.01,0.01,14,9814,买盘
1028,13:41:40,7.0,-0.01,39,27300,卖盘
1029,13:41:42,7.0,0.0,7,4900,买盘
1030,13:41:54,7.0,0.0,1,700,买盘
1031,13:42:22,7.0,0.0,8,5600,买盘
1032,13:42:36,7.0,0.0,1,700,卖盘
1033,13:42:52,7.01,0.01,1,701,买盘
1034,13:43:58,7.01,0.0,10,7010,买盘
1035,13:44:09,7.0,-0.01,1,700,卖盘
1036,13:44:19,7.0,0.0,2,1400,卖盘
1037,13:44:27,7.0,0.0,5,3500,卖盘
1038,13:44:37,7.0,0.0,10,7000,卖盘
1039,13:44:39,7.0,0.0,4,2800,卖盘
1040,13:44:42,7.0,0.0,5,3500,卖盘
1041,13:44:51,7.0,0.0,2,1400,卖盘
1042,13:44:55,7.01,0.01,1,701,买盘
1043,13:45:04,7.01,0.0,17,11917,买盘
1044,13:45:16,7.01,0.0,10,7010,买盘
1045,13:45:24,7.0,-0.01,3,2100,卖盘
1046,13:45:46,7.0,0.0,1,700,卖盘
1047,13:45:55,7.0,0.0,1,700,卖盘
1048,13:46:04,7.0,0.0,1,700,卖盘
1049,13:46:07,7.0,0.0,2,1400,卖盘
1050,13:46:31,7.01,0.01,1,701,买盘
1051,13:46:45,7.01,0.0,1,701,买盘
1052,13:47:04,7.01,0.0,10,7010,买盘
1053,13:47:13,7.0,-0.01,68,47600,卖盘
1054,13:47:30,7.0,0.0,1,700,卖盘
1055,13:47:33,7.0,0.0,39,27338,卖盘
1056,13:48:22,7.0,0.0,2,1400,卖盘
1057,13:48:33,7.0,0.0,8,5600,卖盘
1058,13:48:42,7.01,0.01,1,701,买盘
1059,13:48:51,7.0,-0.01,1,700,卖盘
1060,13:49:00,7.0,0.0,49,34300,卖盘
1061,13:49:04,7.0,0.0,79,55300,卖盘
1062,13:49:12,6.99,-0.01,1,699,卖盘
1063,13:49:19,7.0,0.01,2,1400,买盘
1064,13:49:21,7.0,0.0,8,5600,买盘
1065,13:49:36,6.99,-0.01,91,63609,卖盘
1066,13:50:18,6.99,0.0,1,699,卖盘
1067,13:50:28,6.99,0.0,80,55990,卖盘
1068,13:50:46,7.0,0.01,1,700,买盘
1069,13:50:57,7.0,0.0,2,1399,买盘
1070,13:51:01,7.0,0.0,1,700,买盘
1071,13:51:10,7.0,0.0,83,58027,买盘
1072,13:51:16,7.0,0.0,200,140000,买盘
1073,13:51:22,6.99,-0.01,2,1398,卖盘
1074,13:51:24,7.0,0.01,10,7000,买盘
1075,13:51:33,7.0,0.0,8,5600,买盘
1076,13:51:36,6.99,-0.01,160,111840,卖盘
1077,13:51:52,7.0,0.01,1,700,买盘
1078,13:52:00,6.99,-0.01,49,34251,卖盘
1079,13:52:10,7.0,0.01,10,7000,买盘
1080,13:52:25,6.99,-0.01,1,699,卖盘
1081,13:52:31,7.0,0.01,21,14700,买盘
1082,13:52:37,7.0,0.0,1,700,买盘
1083,13:52:43,7.0,0.0,8,5600,买盘
1084,13:52:52,6.99,-0.01,103,71997,卖盘
1085,13:52:58,6.99,0.0,63,44037,卖盘
1086,13:53:16,7.0,0.01,10,7000,买盘
1087,13:53:19,7.0,0.0,1,700,买盘
1088,13:53:34,7.0,0.0,4,2800,买盘
1089,13:53:48,7.0,0.0,8,5600,买盘
1090,13:54:00,7.0,0.0,1,700,买盘
1091,13:54:21,7.0,0.0,1,700,买盘
1092,13:54:27,7.0,0.0,9,6300,买盘
1093,13:54:30,7.0,0.0,60,42000,买盘
1094,13:54:42,7.0,0.0,1,700,买盘
1095,13:54:49,7.0,0.0,100,70000,买盘
1096,13:54:52,7.0,0.0,10,7000,买盘
1097,13:54:55,7.0,0.0,4,2800,买盘
1098,13:54:58,7.0,0.0,3,2100,买盘
1099,13:55:04,7.0,0.0,7,4900,买盘
1100,13:55:06,7.0,0.0,2,1400,卖盘
1101,13:55:16,7.0,0.0,7,4900,卖盘
1102,13:55:19,7.0,0.0,1,700,买盘
1103,13:55:27,7.0,0.0,16,11200,买盘
1104,13:55:40,7.0,0.0,1,700,买盘
1105,13:55:46,6.99,-0.01,19,13281,卖盘
1106,13:55:57,7.0,0.01,28,19600,买盘
1107,13:56:22,7.01,0.01,8,5608,买盘
1108,13:56:30,7.01,0.0,42,29442,卖盘
1109,13:57:25,7.03,0.02,60,42076,买盘
1110,13:57:46,7.03,0.0,1,703,买盘
1111,13:58:01,7.03,0.0,1,703,买盘
1112,13:58:04,7.03,0.0,76,53428,买盘
1113,13:58:34,7.02,-0.01,2,1404,买盘
1114,13:58:40,7.02,0.0,8,5616,卖盘
1115,13:58:45,7.02,0.0,1,702,卖盘
1116,13:59:01,7.03,0.01,12,8436,买盘
1117,13:59:04,7.03,0.0,8,5624,卖盘
1118,13:59:09,7.03,0.0,1,703,中性盘
1119,13:59:28,7.02,-0.01,18,12650,卖盘
1120,13:59:37,7.04,0.02,37,26013,买盘
1121,13:59:40,7.02,-0.02,1,702,卖盘
1122,13:59:43,7.02,0.0,1,702,买盘
1123,13:59:51,7.02,0.0,4,2808,买盘
1124,13:59:54,7.01,-0.01,10,7029,卖盘
1125,14:00:01,7.03,0.02,1,703,中性盘
1126,14:00:04,7.0,-0.03,4,2800,卖盘
1127,14:00:22,7.02,0.02,12,8424,买盘
1128,14:00:25,7.0,-0.02,61,42708,卖盘
1129,14:00:58,7.02,0.02,10,7015,买盘
1130,14:01:16,7.04,0.02,21,14758,买盘
1131,14:01:33,7.04,0.0,73,51392,买盘
1132,14:01:40,7.04,0.0,1,704,买盘
1133,14:02:28,7.03,-0.01,6,4218,买盘
1134,14:02:37,7.0,-0.03,184,129108,卖盘
1135,14:02:55,7.03,0.03,15,10545,买盘
1136,14:03:33,7.01,-0.02,21,14721,买盘
1137,14:03:36,7.01,0.0,1,701,买盘
1138,14:03:43,7.01,0.0,14,9814,买盘
1139,14:03:49,7.01,0.0,11,7711,买盘
1140,14:05:13,7.01,0.0,1,701,买盘
1141,14:05:34,7.01,0.0,1,701,买盘
1142,14:06:10,7.01,0.0,9,6309,买盘
1143,14:06:31,7.01,0.0,4,2804,买盘
1144,14:06:34,7.01,0.0,10,7010,买盘
1145,14:06:46,7.01,0.0,1,701,买盘
1146,14:07:22,7.01,0.0,5,3505,买盘
1147,14:08:06,7.01,0.0,10,7010,买盘
1148,14:08:36,7.01,0.0,10,7010,买盘
1149,14:08:48,7.01,0.0,1,701,买盘
1150,14:08:51,7.01,0.0,1,701,买盘
1151,14:09:49,7.0,-0.01,12,8400,卖盘
1152,14:10:12,7.0,0.0,1,700,卖盘
1153,14:10:15,7.0,0.0,1,700,卖盘
1154,14:10:18,7.0,0.0,1,700,卖盘
1155,14:10:22,7.0,0.0,1,700,卖盘
1156,14:10:25,7.02,0.02,11,7714,买盘
1157,14:10:28,7.0,-0.02,2,1400,卖盘
1158,14:10:40,7.02,0.02,1,702,买盘
1159,14:11:13,7.02,0.0,16,11232,买盘
1160,14:11:40,7.02,0.0,1,702,买盘
1161,14:12:34,7.02,0.0,9,6318,买盘
1162,14:12:55,7.02,0.0,13,9126,买盘
1163,14:13:10,7.02,0.0,2,1404,卖盘
1164,14:13:13,7.02,0.0,2,1404,卖盘
1165,14:13:16,7.02,0.0,8,5616,卖盘
1166,14:13:19,7.02,0.0,18,12636,买盘
1167,14:13:28,7.02,0.0,1,702,买盘
1168,14:13:40,7.02,0.0,1,702,买盘
1169,14:13:54,7.03,0.01,128,89962,买盘
1170,14:14:04,7.03,0.0,131,92093,卖盘
1171,14:14:13,7.03,0.0,15,10545,卖盘
1172,14:14:15,7.02,-0.01,1,702,卖盘
1173,14:14:25,7.02,0.0,4,2808,卖盘
1174,14:14:36,7.02,0.0,6,4212,卖盘
1175,14:15:37,7.02,0.0,10,7020,买盘
1176,14:15:46,7.02,0.0,1,702,买盘
1177,14:15:55,7.01,-0.01,1,701,卖盘
1178,14:16:28,7.01,0.0,3,2103,卖盘
1179,14:16:30,7.02,0.01,9,6318,买盘
1180,14:16:36,7.03,0.01,1,703,买盘
1181,14:17:09,7.02,-0.01,12,8424,卖盘
1182,14:18:24,7.02,0.0,13,9126,卖盘
1183,14:18:37,7.03,0.01,1,703,买盘
1184,14:19:06,7.03,0.0,30,21065,买盘
1185,14:19:19,7.02,-0.01,5,3510,买盘
1186,14:19:33,7.02,0.0,15,10530,买盘
1187,14:19:37,7.03,0.01,27,18981,买盘
1188,14:19:45,7.03,0.0,12,8436,卖盘
1189,14:20:10,7.03,0.0,9,6327,卖盘
1190,14:20:12,7.03,0.0,9,6327,卖盘
1191,14:20:15,7.02,-0.01,4,2808,卖盘
1192,14:20:19,7.02,0.0,4,2808,卖盘
1193,14:20:22,7.02,0.0,4,2808,卖盘
1194,14:20:25,7.02,0.0,4,2808,卖盘
1195,14:20:27,7.02,0.0,4,2808,卖盘
1196,14:20:30,7.03,0.01,1,703,买盘
1197,14:20:45,7.02,-0.01,12,8424,卖盘
1198,14:20:55,7.03,0.01,10,7030,买盘
1199,14:21:07,7.03,0.0,3,2109,买盘
1200,14:21:09,7.03,0.0,5,3515,买盘
1201,14:21:36,7.03,0.0,1,703,买盘
1202,14:22:10,7.03,0.0,6,4218,买盘
1203,14:22:24,7.04,0.01,12,8444,买盘
1204,14:22:28,7.04,0.0,10,7040,买盘
1205,14:23:34,7.04,0.0,2,1407,买盘
1206,14:23:37,7.03,-0.01,1,703,卖盘
1207,14:23:39,7.03,0.0,5,3515,卖盘
1208,14:23:43,7.03,0.0,1,703,卖盘
1209,14:23:45,7.03,0.0,11,7733,卖盘
1210,14:24:19,7.02,-0.01,4,2808,卖盘
1211,14:24:24,7.02,0.0,4,2808,卖盘
1212,14:24:27,7.02,0.0,7,4914,卖盘
1213,14:24:37,7.02,0.0,3,2106,卖盘
1214,14:24:46,7.03,0.01,3,2109,买盘
1215,14:25:01,7.03,0.0,7,4921,买盘
1216,14:25:06,7.02,-0.01,30,21060,卖盘
1217,14:25:30,7.02,0.0,20,14040,卖盘
1218,14:25:37,7.02,0.0,30,21060,卖盘
1219,14:25:39,7.03,0.01,1,703,买盘
1220,14:25:48,7.02,-0.01,46,32292,卖盘
1221,14:26:15,7.03,0.01,1,703,买盘
1222,14:26:40,7.03,0.0,1,703,买盘
1223,14:27:10,7.03,0.0,9,6327,买盘
1224,14:27:25,7.02,-0.01,50,35100,卖盘
1225,14:27:31,7.02,0.0,1,702,卖盘
1226,14:27:33,7.03,0.01,2,1406,买盘
1227,14:28:25,7.02,-0.01,3,2106,卖盘
1228,14:28:28,7.02,0.0,2,1404,卖盘
1229,14:28:31,7.03,0.01,10,7028,买盘
1230,14:28:34,7.02,-0.01,2,1404,卖盘
1231,14:28:37,7.02,0.0,22,15444,卖盘
1232,14:28:39,7.02,0.0,93,65286,卖盘
1233,14:28:43,7.02,0.0,23,16147,卖盘
1234,14:28:45,7.02,0.0,9,6318,卖盘
1235,14:28:49,7.02,0.0,33,23166,卖盘
1236,14:29:13,7.02,0.0,5,3510,卖盘
1237,14:29:22,7.03,0.01,7,4921,买盘
1238,14:29:37,7.03,0.0,1,703,买盘
1239,14:29:49,7.02,-0.01,20,14040,卖盘
1240,14:30:12,7.02,0.0,1,702,卖盘
1241,14:30:15,7.03,0.01,30,21090,买盘
1242,14:30:42,7.03,0.0,1,703,买盘
1243,14:30:48,7.03,0.0,10,7030,买盘
1244,14:31:28,7.02,-0.01,5,3510,卖盘
1245,14:31:30,7.03,0.01,1,703,买盘
1246,14:32:06,7.02,-0.01,12,8424,卖盘
1247,14:32:25,7.03,0.01,15,10545,买盘
1248,14:32:30,7.03,0.0,1,703,买盘
1249,14:32:40,7.02,-0.01,12,8424,卖盘
1250,14:32:52,7.02,0.0,13,9126,卖盘
1251,14:33:00,7.03,0.01,7,4921,买盘
1252,14:33:19,7.03,0.0,1,703,买盘
1253,14:34:31,7.03,0.0,2,1406,买盘
1254,14:34:40,7.03,0.0,9,6327,买盘
1255,14:35:22,7.02,-0.01,15,10530,卖盘
1256,14:35:34,7.03,0.01,36,25308,买盘
1257,14:35:36,7.03,0.0,1,703,买盘
1258,14:36:03,7.02,-0.01,13,9126,卖盘
1259,14:36:16,7.02,0.0,12,8424,卖盘
1260,14:36:19,7.03,0.01,1,703,买盘
1261,14:36:43,7.03,0.0,9,6327,买盘
1262,14:36:58,7.02,-0.01,6,4212,卖盘
1263,14:37:04,7.03,0.01,82,57646,买盘
1264,14:37:10,7.03,0.0,18,12654,卖盘
1265,14:37:13,7.03,0.0,3,2109,卖盘
1266,14:37:16,7.02,-0.01,50,35132,卖盘
1267,14:37:27,7.03,0.01,12,8436,卖盘
1268,14:38:10,7.04,0.01,3,2112,买盘
1269,14:38:37,7.04,0.0,2,1408,买盘
1270,14:40:04,7.03,-0.01,1,703,卖盘
1271,14:40:07,7.03,0.0,9,6327,卖盘
1272,14:40:22,7.03,0.0,1,703,卖盘
1273,14:40:25,7.03,0.0,2,1406,卖盘
1274,14:40:49,7.03,0.0,1,703,卖盘
1275,14:41:22,7.04,0.01,13,9152,买盘
1276,14:41:25,7.03,-0.01,1,703,卖盘
1277,14:41:30,7.03,0.0,9,6327,卖盘
1278,14:41:37,7.04,0.01,20,14068,买盘
1279,14:41:46,7.03,-0.01,36,25308,卖盘
1280,14:41:54,7.03,0.0,2,1406,卖盘
1281,14:41:57,7.02,-0.01,16,11247,卖盘
1282,14:42:04,7.03,0.01,1,703,卖盘
1283,14:42:13,7.04,0.01,16,11252,买盘
1284,14:42:16,7.02,-0.02,30,21060,卖盘
1285,14:42:24,7.04,0.02,16,11264,买盘
1286,14:42:34,7.02,-0.02,4,2811,卖盘
1287,14:42:37,7.03,0.01,10,7030,买盘
1288,14:42:48,7.03,0.0,2,1406,卖盘
1289,14:43:04,7.02,-0.01,312,219024,卖盘
1290,14:43:52,7.01,-0.01,14,9814,卖盘
1291,14:44:19,7.01,0.0,61,42761,卖盘
1292,14:45:01,7.01,0.0,11,7711,卖盘
1293,14:45:04,7.01,0.0,20,14020,买盘
1294,14:45:07,7.0,-0.01,3,2100,卖盘
1295,14:45:10,7.01,0.01,2,1402,买盘
1296,14:45:28,7.01,0.0,24,16824,买盘
1297,14:47:43,7.01,0.0,4,2804,卖盘
1298,14:48:28,7.02,0.01,1,702,买盘
1299,14:48:43,7.02,0.0,32,22464,买盘
1300,14:49:00,7.02,0.0,13,9126,卖盘
1301,14:49:19,7.01,-0.01,2,1402,卖盘
1302,14:49:25,7.02,0.01,5,3510,买盘
1303,14:49:36,7.02,0.0,5,3510,买盘
1304,14:49:40,7.02,0.0,5,3510,买盘
1305,14:49:43,7.02,0.0,22,15444,买盘
1306,14:49:52,7.03,0.01,10,7030,买盘
1307,14:50:01,7.02,-0.01,1,702,卖盘
1308,14:50:04,7.02,0.0,1,702,卖盘
1309,14:50:07,7.02,0.0,9,6318,卖盘
1310,14:50:39,7.02,0.0,7,4914,卖盘
1311,14:50:58,7.03,0.01,8,5624,买盘
1312,14:51:39,7.03,0.0,50,35150,买盘
1313,14:52:15,7.03,0.0,7,4921,买盘
1314,14:52:25,7.03,0.0,3,2109,买盘
1315,14:53:40,7.02,-0.01,21,14742,卖盘
1316,14:53:43,7.03,0.01,20,14060,买盘
1317,14:53:48,7.03,0.0,1,703,买盘
1318,14:54:06,7.03,0.0,5,3515,买盘
1319,14:54:13,7.03,0.0,13,9139,买盘
1320,14:54:16,7.03,0.0,25,17575,买盘
1321,14:54:21,7.02,-0.01,96,67392,卖盘
1322,14:54:31,7.02,0.0,2,1404,买盘
1323,14:54:34,7.02,0.0,10,7020,买盘
1324,14:54:37,7.02,0.0,6,4212,买盘
1325,14:54:40,7.02,0.0,29,20358,买盘
1326,14:54:51,7.02,0.0,20,14040,卖盘
1327,14:54:55,7.02,0.0,10,7020,卖盘
1328,14:54:58,7.02,0.0,1,702,卖盘
1329,14:55:01,7.03,0.01,10,7030,买盘
1330,14:55:19,7.03,0.0,10,7030,买盘
1331,14:55:22,7.02,-0.01,74,51948,卖盘
1332,14:55:28,7.03,0.01,1,703,买盘
1333,14:55:31,7.02,-0.01,26,18273,卖盘
1334,14:55:34,7.02,0.0,8,5616,卖盘
1335,14:55:37,7.02,0.0,8,5616,卖盘
1336,14:55:40,7.01,-0.01,16,11231,卖盘
1337,14:55:43,7.02,0.01,15,10530,买盘
1338,14:55:46,7.02,0.0,12,8424,买盘
1339,14:55:49,7.02,0.0,9,6318,卖盘
1340,14:55:51,7.02,0.0,7,4914,卖盘
1341,14:55:57,7.02,0.0,1,702,买盘
1342,14:56:19,7.02,0.0,18,12636,卖盘
1343,14:56:24,7.03,0.01,10,7030,买盘
1344,14:56:27,7.02,-0.01,15,10530,卖盘
1345,14:56:39,7.02,0.0,44,30912,卖盘
1346,14:56:43,7.03,0.01,15,10545,买盘
1347,14:56:46,7.03,0.0,14,9832,买盘
1348,14:56:49,7.02,-0.01,3,2106,卖盘
1349,14:56:52,7.03,0.01,26,18278,买盘
1350,15:00:04,7.02,-0.01,441,309582,卖盘
