,time,price,change,volume,amount,type
0,09:25:04,9.86,0.08,235,231710,卖盘
1,09:30:01,9.65,-0.21,10,9650,卖盘
2,09:30:04,9.82,0.17,85,82569,买盘
3,09:30:06,9.81,-0.01,14,13734,中性盘
4,09:31:55,9.75,-0.06,1,975,卖盘
5,09:31:58,9.74,-0.01,1,974,卖盘
6,09:32:01,9.74,0.0,1,974,卖盘
7,09:33:55,9.8,0.06,21,20580,买盘
8,09:33:58,9.8,0.0,1,980,卖盘
9,09:34:01,9.8,0.0,1,980,卖盘
10,09:34:04,9.8,0.0,1,980,卖盘
11,09:34:07,9.8,0.0,1,980,卖盘
12,09:34:09,9.8,0.0,31,30380,卖盘
13,09:34:13,9.8,0.0,1,980,卖盘
14,09:34:16,9.8,0.0,11,10780,卖盘
15,09:34:18,9.8,0.0,1,980,卖盘
16,09:34:22,9.8,0.0,1,980,卖盘
17,09:34:25,9.8,0.0,6,5880,卖盘
18,09:34:28,9.8,0.0,16,15680,卖盘
19,09:34:54,9.8,0.0,1,980,买盘
20,09:35:31,9.85,0.05,100,98239,买盘
21,09:35:40,9.84,-0.01,2,1968,买盘
22,09:35:46,9.85,0.01,99,97457,买盘
23,09:36:55,9.85,0.0,1,985,买盘
24,09:37:16,9.84,-0.01,1,984,买盘
25,09:37:22,9.83,-0.01,4,3932,卖盘
26,09:37:34,9.82,-0.01,3,2946,卖盘
27,09:37:36,9.83,0.01,48,47174,买盘
28,09:38:10,9.8,-0.03,7,6862,卖盘
29,09:39:15,9.81,0.01,1,981,卖盘
30,09:39:24,9.81,0.0,32,31392,买盘
31,09:39:30,9.8,-0.01,54,52920,卖盘
32,09:39:36,9.8,0.0,54,52920,卖盘
33,09:40:12,9.8,0.0,7,6860,买盘
34,09:40:16,9.77,-0.03,63,61551,卖盘
35,09:40:51,9.8,0.03,5,4900,买盘
36,09:41:04,9.8,0.0,6,5880,买盘
37,09:41:34,9.8,0.0,8,7840,买盘
38,09:42:31,9.77,-0.03,60,58622,卖盘
39,09:43:58,9.8,0.03,11,10780,买盘
40,09:44:01,9.8,0.0,163,159588,买盘
41,09:44:04,9.8,0.0,7,6860,买盘
42,09:44:19,9.8,0.0,10,9800,买盘
43,09:44:22,9.8,0.0,6,5880,买盘
44,09:44:52,9.8,0.0,1,980,买盘
45,09:45:10,9.8,0.0,2,1960,买盘
46,09:45:58,9.79,-0.01,16,15664,卖盘
47,09:46:10,9.78,-0.01,6,5868,卖盘
48,09:46:31,9.77,-0.01,30,29326,卖盘
49,09:47:43,9.78,0.01,1,978,卖盘
50,09:47:55,9.78,0.0,1,978,买盘
51,09:48:43,9.78,0.0,1,978,买盘
52,09:49:13,9.8,0.02,91,89115,买盘
53,09:49:58,9.8,0.0,5,4900,买盘
54,09:50:34,9.8,0.0,1,980,买盘
55,09:50:37,9.8,0.0,1,980,买盘
56,09:50:43,9.75,-0.05,75,73245,卖盘
57,09:50:46,9.75,0.0,4,3900,买盘
58,09:51:22,9.75,0.0,1,975,买盘
59,09:51:55,9.75,0.0,5,4875,买盘
60,09:51:57,9.75,0.0,2,1950,买盘
61,09:52:22,9.75,0.0,2,1950,买盘
62,09:52:25,9.75,0.0,2,1950,买盘
63,09:52:33,9.75,0.0,1,975,买盘
64,09:52:48,9.75,0.0,8,7800,买盘
65,09:53:24,9.75,0.0,2,1950,买盘
66,09:53:42,9.8,0.05,2,1960,买盘
67,09:53:58,9.8,0.0,3,2940,买盘
68,09:54:00,9.74,-0.06,6,5863,卖盘
69,09:54:04,9.8,0.06,7,6860,买盘
70,09:55:00,9.8,0.0,7,6860,买盘
71,09:55:27,9.8,0.0,1,980,买盘
72,09:55:33,9.8,0.0,6,5880,买盘
73,09:56:40,9.76,-0.04,3,2928,卖盘
74,09:57:07,9.75,-0.01,94,91650,卖盘
75,09:57:30,9.75,0.0,4,3900,买盘
76,09:57:52,9.75,0.0,12,11700,买盘
77,09:57:54,9.75,0.0,1,975,买盘
78,10:00:22,9.79,0.04,1,979,买盘
79,10:01:04,9.79,0.0,2,1958,买盘
80,10:01:28,9.79,0.0,1,979,买盘
81,10:02:04,9.79,0.0,1,979,买盘
82,10:02:33,9.79,0.0,1,979,买盘
83,10:03:04,9.79,0.0,3,2937,买盘
84,10:03:33,9.79,0.0,1,979,买盘
85,10:04:00,9.78,-0.01,6,5868,卖盘
86,10:04:04,9.78,0.0,1,978,买盘
87,10:05:04,9.78,0.0,1,978,买盘
88,10:06:04,9.78,0.0,1,978,买盘
89,10:07:04,9.78,0.0,2,1956,买盘
90,10:07:31,9.78,0.0,1,978,买盘
91,10:07:58,9.78,0.0,1,978,买盘
92,10:08:04,9.78,0.0,1,978,买盘
93,10:09:04,9.78,0.0,1,978,买盘
94,10:09:07,9.78,0.0,2,1956,买盘
95,10:09:27,9.77,-0.01,6,5862,卖盘
96,10:10:03,9.77,0.0,2,1954,买盘
97,10:12:34,9.78,0.01,1,978,买盘
98,10:12:57,9.78,0.0,6,5868,买盘
99,10:13:03,9.78,0.0,1,978,买盘
100,10:13:16,9.78,0.0,23,22494,买盘
101,10:13:24,9.78,0.0,5,4890,买盘
102,10:13:31,9.78,0.0,8,7824,买盘
103,10:14:04,9.78,0.0,7,6846,买盘
104,10:14:16,9.78,0.0,1,978,买盘
105,10:15:04,9.78,0.0,1,978,买盘
106,10:16:04,9.78,0.0,1,978,买盘
107,10:17:01,9.78,0.0,1,978,买盘
108,10:17:04,9.78,0.0,2,1956,买盘
109,10:17:55,9.78,0.0,1,978,买盘
110,10:18:04,9.78,0.0,1,978,买盘
111,10:19:04,9.78,0.0,1,978,买盘
112,10:19:13,9.78,0.0,3,2934,买盘
113,10:19:34,9.78,0.0,4,3912,买盘
114,10:19:40,9.78,0.0,4,3912,买盘
115,10:19:55,9.78,0.0,1,978,买盘
116,10:20:04,9.78,0.0,1,978,买盘
117,10:20:15,9.78,0.0,11,10758,买盘
118,10:20:19,9.78,0.0,1,978,买盘
119,10:21:31,9.79,0.01,1,979,买盘
120,10:21:40,9.78,-0.01,16,15648,卖盘
121,10:21:42,9.78,0.0,1,978,买盘
122,10:22:04,9.78,0.0,1,978,买盘
123,10:23:04,9.78,0.0,1,978,买盘
124,10:23:16,9.78,0.0,1,978,买盘
125,10:24:04,9.78,0.0,2,1956,买盘
126,10:25:04,9.78,0.0,1,978,买盘
127,10:25:07,9.77,-0.01,91,88907,卖盘
128,10:25:52,9.77,0.0,1,977,买盘
129,10:26:04,9.77,0.0,3,2931,买盘
130,10:26:30,9.77,0.0,2,1954,买盘
131,10:27:04,9.77,0.0,1,977,买盘
132,10:28:04,9.77,0.0,1,977,买盘
133,10:29:19,9.78,0.01,1,978,买盘
134,10:30:04,9.78,0.0,2,1956,买盘
135,10:31:04,9.78,0.0,2,1956,买盘
136,10:31:24,9.77,-0.01,7,6839,卖盘
137,10:32:04,9.77,0.0,1,977,买盘
138,10:32:40,9.77,0.0,1,977,买盘
139,10:33:04,9.77,0.0,1,977,买盘
140,10:33:13,9.76,-0.01,34,33184,卖盘
141,10:33:57,9.7,-0.06,263,255746,卖盘
142,10:34:30,9.7,0.0,1,970,卖盘
143,10:35:09,9.76,0.06,7,6832,买盘
144,10:36:04,9.76,0.0,1,976,买盘
145,10:36:34,9.76,0.0,8,7808,买盘
146,10:37:01,9.76,0.0,1,976,买盘
147,10:37:04,9.76,0.0,1,976,买盘
148,10:37:19,9.76,0.0,2,1952,买盘
149,10:38:04,9.76,0.0,2,1952,买盘
150,10:39:04,9.76,0.0,1,976,买盘
151,10:40:04,9.76,0.0,1,976,买盘
152,10:41:01,9.76,0.0,1,976,买盘
153,10:41:04,9.76,0.0,1,976,买盘
154,10:41:34,9.76,0.0,1,976,买盘
155,10:44:57,9.76,0.0,1,976,买盘
156,10:45:04,9.75,-0.01,4,3900,卖盘
157,10:45:12,9.75,0.0,2,1950,卖盘
158,10:45:31,9.74,-0.01,2,1948,卖盘
159,10:45:33,9.74,0.0,2,1948,卖盘
160,10:46:07,9.74,0.0,1,974,卖盘
161,10:47:43,9.74,0.0,3,2922,卖盘
162,10:47:46,9.73,-0.01,1,973,卖盘
163,10:48:54,9.75,0.02,9,8775,买盘
164,10:49:07,9.76,0.01,15,14640,买盘
165,10:49:10,9.76,0.0,11,10736,买盘
166,10:49:58,9.76,0.0,5,4880,买盘
167,10:50:39,9.76,0.0,2,1952,卖盘
168,10:53:06,9.76,0.0,1,976,买盘
169,10:53:51,9.76,0.0,1,976,买盘
170,10:54:21,9.75,-0.01,1,975,卖盘
171,10:55:21,9.76,0.01,1,976,买盘
172,10:55:57,9.75,-0.01,17,16575,卖盘
173,10:59:04,9.75,0.0,2,1950,买盘
174,10:59:22,9.75,0.0,30,29250,买盘
175,10:59:58,9.75,0.0,6,5850,买盘
176,11:01:27,9.75,0.0,1,975,买盘
177,11:03:57,9.74,-0.01,6,5844,卖盘
178,11:04:54,9.74,0.0,2,1948,买盘
179,11:07:37,9.74,0.0,1,974,买盘
180,11:08:40,9.75,0.01,5,4873,买盘
181,11:10:24,9.75,0.0,1,975,买盘
182,11:10:27,9.75,0.0,2,1950,买盘
183,11:10:31,9.75,0.0,1,975,买盘
184,11:13:39,9.73,-0.02,40,38924,卖盘
185,11:13:42,9.72,-0.01,1,972,卖盘
186,11:15:27,9.72,0.0,10,9720,卖盘
187,11:16:19,9.5,-0.22,365,351264,卖盘
188,11:17:39,9.63,0.13,11,10593,卖盘
189,11:19:06,9.67,0.04,18,17406,卖盘
190,11:20:12,9.67,0.0,2,1934,卖盘
191,11:20:57,9.69,0.02,1,969,买盘
192,11:21:25,9.69,0.0,1,969,买盘
193,11:21:39,9.68,-0.01,7,6776,卖盘
194,11:21:54,9.67,-0.01,1,967,买盘
195,11:23:24,9.68,0.01,2,1936,卖盘
196,11:25:00,9.68,0.0,14,13552,买盘
197,11:25:33,9.7,0.02,25,24250,买盘
198,11:26:07,9.67,-0.03,400,387113,卖盘
199,11:27:57,9.7,0.03,5,4850,买盘
200,11:29:48,9.71,0.01,1,971,买盘
201,13:00:27,9.71,0.0,7,6797,买盘
202,13:00:45,9.71,0.0,14,13594,买盘
203,13:01:00,9.71,0.0,1,971,买盘
204,13:03:36,9.71,0.0,1,971,买盘
205,13:04:27,9.71,0.0,2,1942,买盘
206,13:05:21,9.67,-0.04,2,1935,卖盘
207,13:09:24,9.7,0.03,1,970,买盘
208,13:12:30,9.7,0.0,3,2910,买盘
209,13:13:15,9.7,0.0,8,7760,买盘
210,13:13:39,9.7,0.0,1,970,买盘
211,13:13:48,9.7,0.0,6,5820,买盘
212,13:14:07,9.71,0.01,7,6791,买盘
213,13:14:39,9.71,0.0,1,971,买盘
214,13:15:39,9.71,0.0,2,1942,买盘
215,13:15:57,9.71,0.0,3,2913,买盘
216,13:16:15,9.71,0.0,3,2913,买盘
217,13:17:21,9.71,0.0,1,971,买盘
218,13:19:04,9.71,0.0,1,971,买盘
219,13:19:15,9.71,0.0,1,971,买盘
220,13:22:01,9.71,0.0,8,7768,买盘
221,13:22:39,9.71,0.0,10,9710,买盘
222,13:22:58,9.7,-0.01,6,5820,卖盘
223,13:23:00,9.7,0.0,2,1940,买盘
224,13:24:57,9.7,0.0,34,32980,买盘
225,13:25:01,9.71,0.01,9,8739,买盘
226,13:25:04,9.71,0.0,13,12623,买盘
227,13:27:13,9.72,0.01,12,11664,买盘
228,13:27:45,9.72,0.0,2,1944,买盘
229,13:28:09,9.72,0.0,1,972,买盘
230,13:28:48,9.72,0.0,2,1944,买盘
231,13:29:10,9.72,0.0,1,972,买盘
232,13:30:22,9.71,-0.01,98,95158,卖盘
233,13:32:27,9.71,0.0,1,971,买盘
234,13:32:40,9.71,0.0,2,1942,买盘
235,13:35:28,9.7,-0.01,1,970,卖盘
236,13:36:51,9.71,0.01,1,971,买盘
237,13:38:06,9.71,0.0,1,971,买盘
238,13:38:33,9.71,0.0,1,971,买盘
239,13:39:04,9.71,0.0,1,971,买盘
240,13:39:39,9.71,0.0,1,971,买盘
241,13:40:45,9.7,-0.01,1,970,卖盘
242,13:41:18,9.71,0.01,1,971,买盘
243,13:41:21,9.71,0.0,10,9710,买盘
244,13:41:27,9.7,-0.01,69,66930,卖盘
245,13:43:51,9.71,0.01,1,971,买盘
246,13:43:57,9.69,-0.02,27,26180,卖盘
247,13:44:57,9.69,0.0,12,11628,卖盘
248,13:45:30,9.67,-0.02,26,25176,卖盘
249,13:49:48,9.67,0.0,37,35793,卖盘
250,13:53:33,9.67,0.0,52,50294,卖盘
251,13:53:39,9.65,-0.02,43,41498,卖盘
252,13:53:42,9.63,-0.02,56,54008,卖盘
253,13:56:15,9.67,0.04,2,1934,买盘
254,13:57:19,9.7,0.03,3,2910,买盘
255,13:57:39,9.7,0.0,1,970,买盘
256,13:58:04,9.7,0.0,1,970,买盘
257,13:58:31,9.7,0.0,10,9700,买盘
258,13:58:43,9.7,0.0,10,9700,买盘
259,13:58:55,9.7,0.0,1,970,买盘
260,13:59:45,9.69,-0.01,20,19380,卖盘
261,13:59:48,9.69,0.0,1,969,卖盘
262,14:02:51,9.66,-0.03,1,966,卖盘
263,14:02:57,9.64,-0.02,32,30865,卖盘
264,14:03:01,9.64,0.0,6,5784,买盘
265,14:03:21,9.64,0.0,3,2892,卖盘
266,14:03:25,9.64,0.0,7,6748,买盘
267,14:03:52,9.64,0.0,4,3856,卖盘
268,14:03:54,9.64,0.0,2,1928,买盘
269,14:03:58,9.62,-0.02,17,16361,卖盘
270,14:04:00,9.61,-0.01,30,28859,卖盘
271,14:04:04,9.6,-0.01,99,95201,卖盘
272,14:04:07,9.62,0.02,17,16354,买盘
273,14:04:19,9.62,0.0,21,20202,买盘
274,14:04:22,9.6,-0.02,19,18262,卖盘
275,14:04:52,9.61,0.01,6,5766,卖盘
276,14:05:01,9.61,0.0,42,40324,买盘
277,14:05:06,9.64,0.03,4,3856,买盘
278,14:05:21,9.64,0.0,6,5784,卖盘
279,14:05:25,9.64,0.0,4,3856,买盘
280,14:05:46,9.66,0.02,2,1932,买盘
281,14:05:49,9.66,0.0,3,2898,买盘
282,14:05:52,9.61,-0.05,10,9610,卖盘
283,14:05:55,9.66,0.05,1,966,买盘
284,14:05:57,9.64,-0.02,1,964,买盘
285,14:06:22,9.62,-0.02,1,962,卖盘
286,14:06:28,9.61,-0.01,46,44215,卖盘
287,14:06:36,9.62,0.01,1,962,买盘
288,14:06:52,9.61,-0.01,10,9610,卖盘
289,14:07:22,9.62,0.01,10,9620,卖盘
290,14:07:54,9.62,0.0,10,9620,卖盘
291,14:08:04,9.62,0.0,20,19274,卖盘
292,14:08:07,9.61,-0.01,18,17300,卖盘
293,14:08:25,9.61,0.0,6,5766,卖盘
294,14:09:49,9.64,0.03,6,5784,买盘
295,14:09:52,9.62,-0.02,1,962,卖盘
296,14:10:09,9.61,-0.01,26,24986,卖盘
297,14:10:12,9.67,0.06,13,12568,买盘
298,14:12:04,9.61,-0.06,38,36521,卖盘
299,14:12:06,9.61,0.0,72,69192,卖盘
300,14:12:57,9.6,-0.01,75,72000,卖盘
301,14:13:01,9.61,0.01,5,4805,买盘
302,14:13:58,9.62,0.01,1,962,卖盘
303,14:15:55,9.61,-0.01,36,34606,卖盘
304,14:16:24,9.61,0.0,19,18259,卖盘
305,14:16:45,9.61,0.0,5,4805,买盘
306,14:16:48,9.6,-0.01,37,35520,卖盘
307,14:18:00,9.61,0.01,15,14415,买盘
308,14:18:46,9.63,0.02,39,37557,买盘
309,14:19:04,9.64,0.01,4,3856,卖盘
310,14:19:09,9.61,-0.03,77,74057,卖盘
311,14:19:12,9.61,0.0,5,4805,买盘
312,14:19:15,9.6,-0.01,32,30721,卖盘
313,14:23:13,9.62,0.02,16,15392,买盘
314,14:23:15,9.61,-0.01,2,1922,卖盘
315,14:23:28,9.62,0.01,6,5772,买盘
316,14:23:31,9.62,0.0,18,17316,买盘
317,14:23:40,9.6,-0.02,71,68176,卖盘
318,14:24:09,9.62,0.02,30,28860,买盘
319,14:24:22,9.6,-0.02,46,44170,卖盘
320,14:24:39,9.62,0.02,5,4810,买盘
321,14:25:07,9.61,-0.01,8,7688,卖盘
322,14:25:39,9.6,-0.01,31,29776,卖盘
323,14:25:43,9.59,-0.01,6,5759,卖盘
324,14:25:46,9.62,0.03,19,18249,买盘
325,14:26:22,9.62,0.0,10,9620,买盘
326,14:26:28,9.62,0.0,1,962,买盘
327,14:26:34,9.6,-0.02,27,25920,卖盘
328,14:26:36,9.6,0.0,15,14400,买盘
329,14:26:40,9.59,-0.01,4,3836,卖盘
330,14:26:43,9.62,0.03,3,2886,买盘
331,14:27:01,9.62,0.0,4,3848,买盘
332,14:27:40,9.62,0.0,1,962,卖盘
333,14:27:55,9.6,-0.02,44,42254,卖盘
334,14:28:46,9.61,0.01,45,43245,卖盘
335,14:28:51,9.62,0.01,15,14430,卖盘
336,14:29:25,9.63,0.01,2,1926,买盘
337,14:31:01,9.63,0.0,27,26001,卖盘
338,14:33:49,9.61,-0.02,15,14415,卖盘
339,14:34:25,9.62,0.01,99,95238,卖盘
340,14:35:30,9.63,0.01,76,73188,买盘
341,14:36:13,9.62,-0.01,9,8658,卖盘
342,14:37:49,9.62,0.0,20,19240,买盘
343,14:41:24,9.62,0.0,22,21164,买盘
344,14:43:19,9.61,-0.01,9,8649,卖盘
345,14:44:43,9.61,0.0,16,15376,卖盘
346,14:45:28,9.61,0.0,1,961,卖盘
347,14:46:37,9.62,0.01,4,3848,买盘
348,14:49:16,9.62,0.0,10,9620,买盘
349,14:51:46,9.61,-0.01,14,13455,卖盘
350,14:52:18,9.6,-0.01,3,2880,卖盘
351,14:52:37,9.61,0.01,5,4805,买盘
352,14:52:40,9.6,-0.01,36,34563,卖盘
353,14:52:43,9.6,0.0,12,11520,卖盘
354,14:52:55,9.6,0.0,10,9600,买盘
355,14:53:15,9.6,0.0,2,1920,买盘
356,14:54:06,9.6,0.0,21,20160,买盘
357,14:54:22,9.6,0.0,11,10560,买盘
358,14:54:25,9.59,-0.01,1,959,卖盘
359,14:54:37,9.6,0.01,1,960,买盘
360,14:54:58,9.59,-0.01,6,5754,卖盘
361,14:55:19,9.6,0.01,20,19182,买盘
362,14:55:28,9.6,0.0,31,29760,买盘
363,14:55:31,9.6,0.0,11,10560,卖盘
364,14:55:36,9.6,0.0,18,17280,卖盘
365,14:55:40,9.6,0.0,46,44160,卖盘
366,14:55:46,9.6,0.0,8,7680,卖盘
367,14:55:58,9.61,0.01,1,961,买盘
368,14:56:01,9.6,-0.01,38,36480,卖盘
369,14:56:04,9.61,0.01,9,8649,买盘
370,14:56:37,9.62,0.01,4,3848,买盘
371,15:00:04,9.61,-0.01,204,196044,卖盘
