,time,price,change,volume,amount,type
0,09:25:05,5.57,-0.06,812,452284,卖盘
1,09:30:04,5.6,0.03,628,350795,中性盘
2,09:30:06,5.57,-0.03,141,78692,卖盘
3,09:30:10,5.62,0.05,154,86256,买盘
4,09:30:19,5.58,-0.04,9,5022,卖盘
5,09:30:24,5.6,0.02,30,16813,中性盘
6,09:30:31,5.6,0.0,11,6160,买盘
7,09:30:34,5.62,0.02,50,28072,买盘
8,09:30:37,5.6,-0.02,81,45360,卖盘
9,09:30:39,5.62,0.02,229,128628,买盘
10,09:30:46,5.63,0.01,81,45567,买盘
11,09:30:49,5.6,-0.03,38,21354,卖盘
12,09:30:52,5.64,0.04,168,94571,买盘
13,09:30:58,5.64,0.0,39,21994,买盘
14,09:31:00,5.65,0.01,227,128051,买盘
15,09:31:04,5.65,0.0,78,43853,买盘
16,09:31:07,5.65,0.0,117,66030,买盘
17,09:31:10,5.65,0.0,29,16385,卖盘
18,09:31:13,5.65,0.0,88,49720,卖盘
19,09:31:16,5.65,0.0,10,5650,买盘
20,09:31:18,5.65,0.0,26,14690,买盘
21,09:31:22,5.62,-0.03,255,143551,卖盘
22,09:31:25,5.65,0.03,517,292051,买盘
23,09:31:28,5.64,-0.01,27,15228,买盘
24,09:31:31,5.61,-0.03,134,75430,卖盘
25,09:31:34,5.63,0.02,20,11262,中性盘
26,09:31:37,5.61,-0.02,10,5628,卖盘
27,09:31:40,5.61,0.0,25,14025,卖盘
28,09:31:43,5.61,0.0,276,154918,卖盘
29,09:31:46,5.64,0.03,41,23113,买盘
30,09:31:49,5.63,-0.01,4,2252,卖盘
31,09:31:52,5.63,0.0,9,5067,买盘
32,09:31:55,5.63,0.0,20,11260,买盘
33,09:31:58,5.63,0.0,15,8440,买盘
34,09:32:01,5.62,-0.01,360,202276,卖盘
35,09:32:04,5.61,-0.01,129,72478,卖盘
36,09:32:06,5.61,0.0,33,18513,卖盘
37,09:32:10,5.57,-0.04,206,115161,卖盘
38,09:32:13,5.61,0.04,78,43834,中性盘
39,09:32:18,5.57,-0.04,216,121070,卖盘
40,09:32:22,5.61,0.04,31,17391,买盘
41,09:32:25,5.58,-0.03,11,6138,卖盘
42,09:32:34,5.6,0.02,115,64500,卖盘
43,09:32:37,5.61,0.01,29,16251,买盘
44,09:32:40,5.59,-0.02,20,11202,卖盘
45,09:32:43,5.6,0.01,5,2800,买盘
46,09:32:45,5.59,-0.01,50,28001,卖盘
47,09:32:48,5.59,0.0,200,111964,卖盘
48,09:32:52,5.61,0.02,14,7854,买盘
49,09:33:01,5.61,0.0,221,123856,买盘
50,09:33:04,5.61,0.0,60,33660,买盘
51,09:33:07,5.61,0.0,103,57760,买盘
52,09:33:10,5.61,0.0,9,5049,买盘
53,09:33:13,5.61,0.0,42,23562,买盘
54,09:33:15,5.61,0.0,12,6732,买盘
55,09:33:22,5.61,0.0,30,16830,卖盘
56,09:33:25,5.62,0.01,22,12364,买盘
57,09:33:28,5.62,0.0,1,562,卖盘
58,09:33:34,5.63,0.01,81,45603,买盘
59,09:33:37,5.64,0.01,40,22550,买盘
60,09:33:39,5.64,0.0,8,4512,买盘
61,09:33:43,5.65,0.01,104,58711,买盘
62,09:33:45,5.66,0.01,26,14716,买盘
63,09:33:48,5.67,0.01,40,22663,买盘
64,09:33:52,5.67,0.0,33,18711,买盘
65,09:33:55,5.67,0.0,53,30051,买盘
66,09:33:58,5.67,0.0,67,37989,买盘
67,09:34:01,5.67,0.0,264,149625,买盘
68,09:34:04,5.68,0.01,31,17590,买盘
69,09:34:06,5.68,0.0,60,34080,买盘
70,09:34:10,5.68,0.0,195,110892,买盘
71,09:34:13,5.7,0.02,89,50582,买盘
72,09:34:16,5.7,0.0,253,144112,买盘
73,09:34:19,5.7,0.0,273,155256,买盘
74,09:34:22,5.69,-0.01,112,63728,中性盘
75,09:34:24,5.69,0.0,55,31295,买盘
76,09:34:28,5.7,0.01,389,221362,买盘
77,09:34:31,5.69,-0.01,563,320360,中性盘
78,09:34:34,5.7,0.01,520,296173,买盘
79,09:34:37,5.72,0.02,352,200935,买盘
80,09:34:40,5.71,-0.01,36,20591,卖盘
81,09:34:42,5.75,0.04,10,5750,买盘
82,09:34:46,5.71,-0.04,9,5155,卖盘
83,09:34:49,5.68,-0.03,1028,585451,卖盘
84,09:34:52,5.69,0.01,205,116527,买盘
85,09:34:55,5.68,-0.01,34,19330,中性盘
86,09:34:57,5.68,0.0,146,82877,卖盘
87,09:35:00,5.69,0.01,419,237946,买盘
88,09:35:04,5.69,0.0,105,59734,买盘
89,09:35:06,5.69,0.0,602,341264,买盘
90,09:35:10,5.69,0.0,200,113771,买盘
91,09:35:13,5.68,-0.01,50,28400,中性盘
92,09:35:15,5.69,0.01,142,80766,买盘
93,09:35:19,5.69,0.0,184,104695,买盘
94,09:35:22,5.68,-0.01,68,38682,卖盘
95,09:35:25,5.7,0.02,81,46089,买盘
96,09:35:27,5.69,-0.01,10,5690,卖盘
97,09:35:31,5.7,0.01,10,5700,买盘
98,09:35:34,5.72,0.02,513,292395,买盘
99,09:35:37,5.7,-0.02,189,107826,卖盘
100,09:35:40,5.7,0.0,62,35364,卖盘
101,09:35:43,5.71,0.01,217,124143,中性盘
102,09:35:45,5.72,0.01,358,204099,卖盘
103,09:35:49,5.7,-0.02,403,229946,卖盘
104,09:35:52,5.7,0.0,84,47880,买盘
105,09:35:55,5.69,-0.01,100,56908,卖盘
106,09:35:57,5.7,0.01,324,184600,买盘
107,09:36:01,5.7,0.0,19,10810,买盘
108,09:36:04,5.69,-0.01,92,52330,中性盘
109,09:36:06,5.69,0.0,157,89246,买盘
110,09:36:10,5.69,0.0,118,67142,买盘
111,09:36:13,5.68,-0.01,18,10232,卖盘
112,09:36:16,5.68,0.0,125,71000,卖盘
113,09:36:19,5.65,-0.03,182,102991,卖盘
114,09:36:22,5.67,0.02,50,28395,中性盘
115,09:36:24,5.69,0.02,75,42560,买盘
116,09:36:28,5.68,-0.01,5,2840,中性盘
117,09:36:30,5.69,0.01,29,16491,买盘
118,09:36:34,5.69,0.0,68,38672,买盘
119,09:36:37,5.69,0.0,36,20473,买盘
120,09:36:39,5.69,0.0,10,5690,买盘
121,09:36:43,5.69,0.0,166,94454,买盘
122,09:36:46,5.68,-0.01,50,28402,卖盘
123,09:36:49,5.68,0.0,85,48280,买盘
124,09:36:52,5.68,0.0,11,6238,买盘
125,09:36:54,5.68,0.0,43,24422,买盘
126,09:37:00,5.66,-0.02,105,59430,卖盘
127,09:37:04,5.66,0.0,9,5100,卖盘
128,09:37:07,5.67,0.01,60,34020,买盘
129,09:37:10,5.68,0.01,30,17016,买盘
130,09:37:13,5.66,-0.02,1,566,卖盘
131,09:37:16,5.66,0.0,68,38488,卖盘
132,09:37:19,5.67,0.01,22,12474,买盘
133,09:37:21,5.68,0.01,47,26653,买盘
134,09:37:25,5.68,0.0,15,8520,买盘
135,09:37:27,5.68,0.0,185,105071,买盘
136,09:37:34,5.69,0.01,54,30635,买盘
137,09:37:43,5.69,0.0,148,84212,买盘
138,09:37:46,5.69,0.0,32,18208,买盘
139,09:37:49,5.7,0.01,14,7975,买盘
140,09:37:52,5.7,0.0,10,5700,买盘
141,09:37:55,5.7,0.0,77,43890,买盘
142,09:37:57,5.7,0.0,304,173280,买盘
143,09:38:01,5.71,0.01,108,61659,买盘
144,09:38:04,5.7,-0.01,12,6840,中性盘
145,09:38:07,5.71,0.01,10,5710,买盘
146,09:38:10,5.71,0.0,4,2284,买盘
147,09:38:13,5.72,0.01,8,4576,买盘
148,09:38:16,5.73,0.01,183,104679,买盘
149,09:38:19,5.73,0.0,22,12604,买盘
150,09:38:22,5.72,-0.01,152,87052,卖盘
151,09:38:25,5.71,-0.01,70,40055,卖盘
152,09:38:27,5.73,0.02,30,17183,买盘
153,09:38:31,5.73,0.0,51,29208,买盘
154,09:38:34,5.73,0.0,31,17762,买盘
155,09:38:37,5.74,0.01,276,158404,买盘
156,09:38:40,5.73,-0.01,104,59648,卖盘
157,09:38:43,5.73,0.0,22,12606,卖盘
158,09:38:46,5.74,0.01,336,192937,卖盘
159,09:38:49,5.73,-0.01,194,111228,卖盘
160,09:38:52,5.73,0.0,25,14325,买盘
161,09:38:55,5.73,0.0,32,18336,买盘
162,09:38:58,5.73,0.0,82,46956,买盘
163,09:39:01,5.74,0.01,122,69908,买盘
164,09:39:04,5.73,-0.01,7,4011,卖盘
165,09:39:07,5.73,0.0,135,77377,卖盘
166,09:39:10,5.72,-0.01,501,287048,卖盘
167,09:39:12,5.72,0.0,44,25170,卖盘
168,09:39:15,5.71,-0.01,341,195291,卖盘
169,09:39:19,5.69,-0.02,152,86579,卖盘
170,09:39:22,5.72,0.03,20,11440,买盘
171,09:39:28,5.72,0.0,42,23999,买盘
172,09:39:33,5.69,-0.03,150,85480,卖盘
173,09:39:36,5.7,0.01,5,2850,买盘
174,09:39:40,5.69,-0.01,58,33055,卖盘
175,09:39:43,5.7,0.01,2,1140,买盘
176,09:39:46,5.69,-0.01,24,13656,卖盘
177,09:39:49,5.7,0.01,85,48440,买盘
178,09:39:52,5.69,-0.01,62,35278,卖盘
179,09:39:55,5.7,0.01,605,344530,买盘
180,09:39:58,5.7,0.0,12,6840,卖盘
181,09:40:04,5.71,0.01,90,51314,买盘
182,09:40:07,5.7,-0.01,145,82686,卖盘
183,09:40:10,5.71,0.01,36,20564,卖盘
184,09:40:13,5.71,0.0,90,51390,卖盘
185,09:40:16,5.7,-0.01,33,18817,卖盘
186,09:40:19,5.72,0.02,120,68536,买盘
187,09:40:22,5.72,0.0,87,49739,买盘
188,09:40:25,5.72,0.0,8,4576,卖盘
189,09:40:28,5.72,0.0,57,32599,买盘
190,09:40:31,5.71,-0.01,228,130323,卖盘
191,09:40:37,5.72,0.01,167,95524,买盘
192,09:40:40,5.71,-0.01,73,41693,卖盘
193,09:40:43,5.7,-0.01,77,43986,卖盘
194,09:40:46,5.7,0.0,35,19950,卖盘
195,09:40:49,5.71,0.01,25,14270,买盘
196,09:40:52,5.71,0.0,14,7994,买盘
197,09:40:55,5.7,-0.01,10,5700,卖盘
198,09:40:58,5.7,0.0,170,96900,卖盘
199,09:41:01,5.71,0.01,146,83262,买盘
200,09:41:04,5.7,-0.01,56,31920,买盘
201,09:41:07,5.69,-0.01,10,5690,卖盘
202,09:41:10,5.69,0.0,45,25616,卖盘
203,09:41:12,5.69,0.0,119,67711,卖盘
204,09:41:25,5.68,-0.01,92,52246,卖盘
205,09:41:31,5.68,0.0,20,11360,买盘
206,09:41:37,5.68,0.0,5,2840,买盘
207,09:41:40,5.66,-0.02,334,189209,卖盘
208,09:41:42,5.66,0.0,59,33394,买盘
209,09:41:52,5.65,-0.01,198,111971,卖盘
210,09:41:54,5.65,0.0,41,23165,卖盘
211,09:41:57,5.65,0.0,37,20927,卖盘
212,09:42:07,5.65,0.0,16,9040,买盘
213,09:42:10,5.65,0.0,5,2825,买盘
214,09:42:13,5.65,0.0,85,48025,买盘
215,09:42:16,5.65,0.0,24,13560,买盘
216,09:42:19,5.65,0.0,50,28250,买盘
217,09:42:22,5.65,0.0,173,97745,买盘
218,09:42:25,5.65,0.0,3,1695,卖盘
219,09:42:28,5.65,0.0,43,24307,卖盘
220,09:42:31,5.65,0.0,30,16950,买盘
221,09:42:34,5.65,0.0,41,23165,买盘
222,09:42:40,5.65,0.0,72,40680,买盘
223,09:42:43,5.65,0.0,274,154810,卖盘
224,09:42:46,5.65,0.0,36,20340,买盘
225,09:42:51,5.65,0.0,4,2261,卖盘
226,09:42:55,5.66,0.01,85,48110,买盘
227,09:42:57,5.66,0.0,13,7358,买盘
228,09:43:01,5.66,0.0,13,7358,买盘
229,09:43:04,5.65,-0.01,19,10735,卖盘
230,09:43:07,5.66,0.01,70,39620,买盘
231,09:43:10,5.66,0.0,90,50940,买盘
232,09:43:12,5.68,0.02,168,95352,买盘
233,09:43:16,5.65,-0.03,151,85495,卖盘
234,09:43:22,5.67,0.02,30,17010,卖盘
235,09:43:33,5.68,0.01,35,19880,买盘
236,09:43:39,5.69,0.01,178,101257,买盘
237,09:43:43,5.69,0.0,100,56900,买盘
238,09:43:46,5.69,0.0,8,4552,买盘
239,09:43:49,5.69,0.0,19,10811,买盘
240,09:44:00,5.7,0.01,185,105325,买盘
241,09:44:04,5.7,0.0,7,3990,买盘
242,09:44:06,5.7,0.0,2,1140,买盘
243,09:44:12,5.7,0.0,39,22211,买盘
244,09:44:16,5.7,0.0,5,2850,买盘
245,09:44:19,5.69,-0.01,272,154968,卖盘
246,09:44:22,5.69,0.0,218,124118,卖盘
247,09:44:28,5.69,0.0,98,55762,买盘
248,09:44:36,5.68,-0.01,59,33512,卖盘
249,09:44:40,5.67,-0.01,128,72576,卖盘
250,09:44:46,5.68,0.01,15,8520,买盘
251,09:44:58,5.68,0.0,10,5680,买盘
252,09:45:00,5.67,-0.01,40,22680,卖盘
253,09:45:04,5.68,0.01,104,59069,买盘
254,09:45:10,5.68,0.0,1,568,买盘
255,09:45:13,5.68,0.0,9,5112,买盘
256,09:45:16,5.68,0.0,30,17013,买盘
257,09:45:25,5.68,0.0,37,21016,买盘
258,09:45:28,5.68,0.0,34,19344,卖盘
259,09:45:31,5.69,0.01,21,11939,买盘
260,09:45:33,5.68,-0.01,69,39192,卖盘
261,09:45:37,5.68,0.0,30,17060,卖盘
262,09:45:40,5.68,0.0,59,33512,卖盘
263,09:45:55,5.68,0.0,2,1136,买盘
264,09:46:04,5.68,0.0,6,3408,买盘
265,09:46:06,5.68,0.0,11,6248,买盘
266,09:46:10,5.68,0.0,6,3408,买盘
267,09:46:13,5.68,0.0,17,9656,买盘
268,09:46:25,5.68,0.0,5,2840,卖盘
269,09:46:31,5.69,0.01,3,1707,买盘
270,09:46:33,5.68,-0.01,13,7384,卖盘
271,09:46:46,5.68,0.0,18,10224,买盘
272,09:46:55,5.68,0.0,2,1136,买盘
273,09:47:01,5.65,-0.03,967,547086,卖盘
274,09:47:10,5.65,0.0,108,61020,买盘
275,09:47:13,5.66,0.01,1,566,卖盘
276,09:47:21,5.66,0.0,205,116430,卖盘
277,09:47:33,5.68,0.02,16,9086,买盘
278,09:47:46,5.68,0.0,152,86336,买盘
279,09:47:48,5.68,0.0,5,2840,卖盘
280,09:47:55,5.68,0.0,8,4544,卖盘
281,09:48:04,5.66,-0.02,20,11320,卖盘
282,09:48:10,5.66,0.0,1,566,卖盘
283,09:48:16,5.66,0.0,5,2830,卖盘
284,09:48:31,5.67,0.01,2,1134,卖盘
285,09:48:40,5.67,0.0,34,19278,卖盘
286,09:48:43,5.67,0.0,7,3969,卖盘
287,09:48:46,5.67,0.0,24,13608,卖盘
288,09:48:52,5.67,0.0,12,6804,买盘
289,09:48:55,5.67,0.0,1,567,买盘
290,09:48:58,5.67,0.0,20,11340,买盘
291,09:49:00,5.67,0.0,12,6804,买盘
292,09:49:06,5.67,0.0,88,49896,买盘
293,09:49:10,5.66,-0.01,26,14716,卖盘
294,09:49:13,5.67,0.01,15,8505,买盘
295,09:49:15,5.67,0.0,7,3969,买盘
296,09:49:25,5.67,0.0,5,2835,买盘
297,09:49:28,5.66,-0.01,42,23772,卖盘
298,09:49:36,5.66,0.0,105,59430,卖盘
299,09:49:40,5.66,0.0,10,5660,卖盘
300,09:49:45,5.66,0.0,8,4528,卖盘
301,09:49:49,5.67,0.01,100,56700,买盘
302,09:50:04,5.67,0.0,17,9639,买盘
303,09:50:13,5.66,-0.01,13,7358,卖盘
304,09:50:36,5.66,0.0,9,5094,卖盘
305,09:50:45,5.66,0.0,139,78674,卖盘
306,09:51:01,5.66,0.0,30,16980,卖盘
307,09:51:04,5.66,0.0,26,14716,卖盘
308,09:51:07,5.67,0.01,27,15309,买盘
309,09:51:10,5.66,-0.01,289,163574,卖盘
310,09:51:16,5.65,-0.01,7,3955,卖盘
311,09:51:22,5.65,0.0,9,5085,卖盘
312,09:51:25,5.65,0.0,21,11865,卖盘
313,09:51:28,5.66,0.01,62,35092,买盘
314,09:51:37,5.65,-0.01,4,2260,卖盘
315,09:51:42,5.65,0.0,32,18080,卖盘
316,09:51:46,5.65,0.0,39,22037,卖盘
317,09:51:49,5.65,0.0,1,565,卖盘
318,09:51:58,5.65,0.0,1,565,卖盘
319,09:52:01,5.65,0.0,22,12430,卖盘
320,09:52:06,5.65,0.0,15,8475,卖盘
321,09:52:10,5.65,0.0,129,72885,卖盘
322,09:52:18,5.64,-0.01,25,14100,卖盘
323,09:52:31,5.65,0.01,10,5650,买盘
324,09:52:52,5.65,0.0,171,96454,买盘
325,09:52:55,5.65,0.0,100,56500,买盘
326,09:52:57,5.65,0.0,10,5650,买盘
327,09:53:07,5.64,-0.01,94,53016,卖盘
328,09:53:22,5.64,0.0,10,5640,卖盘
329,09:53:25,5.64,0.0,30,16920,卖盘
330,09:53:28,5.64,0.0,30,16930,卖盘
331,09:53:42,5.64,0.0,200,112803,卖盘
332,09:53:49,5.63,-0.01,3,1689,卖盘
333,09:54:01,5.63,0.0,4,2252,卖盘
334,09:54:07,5.64,0.01,11,6204,买盘
335,09:54:10,5.63,-0.01,39,21957,卖盘
336,09:54:15,5.63,0.0,2,1126,卖盘
337,09:54:19,5.64,0.01,106,59778,买盘
338,09:54:22,5.63,-0.01,2,1126,卖盘
339,09:54:25,5.63,0.0,5,2815,卖盘
340,09:54:28,5.64,0.01,149,84036,买盘
341,09:54:31,5.64,0.0,35,19740,卖盘
342,09:54:34,5.64,0.0,16,9024,卖盘
343,09:54:40,5.64,0.0,8,4512,买盘
344,09:54:46,5.64,0.0,10,5640,买盘
345,09:55:01,5.64,0.0,20,11280,买盘
346,09:55:04,5.64,0.0,15,8460,买盘
347,09:55:10,5.64,0.0,3,1692,卖盘
348,09:55:22,5.64,0.0,42,23688,卖盘
349,09:55:25,5.64,0.0,10,5640,卖盘
350,09:55:28,5.64,0.0,20,11280,卖盘
351,09:55:33,5.65,0.01,20,11298,买盘
352,09:55:36,5.63,-0.02,52,29276,卖盘
353,09:55:40,5.63,0.0,5,2815,卖盘
354,09:55:46,5.64,0.01,5,2820,买盘
355,09:55:55,5.64,0.0,172,96860,买盘
356,09:55:57,5.64,0.0,17,9588,卖盘
357,09:56:00,5.64,0.0,7,3948,买盘
358,09:56:07,5.64,0.0,91,51326,卖盘
359,09:56:10,5.65,0.01,20,11300,买盘
360,09:56:16,5.64,-0.01,12,6768,卖盘
361,09:56:19,5.65,0.01,8,4520,买盘
362,09:56:34,5.64,-0.01,18,10152,卖盘
363,09:56:43,5.64,0.0,26,14664,卖盘
364,09:56:48,5.65,0.01,10,5650,买盘
365,09:56:51,5.64,-0.01,23,12972,卖盘
366,09:57:00,5.65,0.01,97,54803,买盘
367,09:57:07,5.65,0.0,1,565,买盘
368,09:57:22,5.64,-0.01,2,1128,卖盘
369,09:57:31,5.63,-0.01,243,136850,卖盘
370,09:57:39,5.62,-0.01,2,1124,卖盘
371,09:57:43,5.63,0.01,6,3378,买盘
372,09:57:46,5.63,0.0,7,3941,买盘
373,09:57:48,5.62,-0.01,385,216370,卖盘
374,09:57:52,5.62,0.0,20,11240,卖盘
375,09:57:55,5.62,0.0,48,26976,卖盘
376,09:57:58,5.63,0.01,36,20263,买盘
377,09:58:04,5.63,0.0,10,5630,买盘
378,09:58:07,5.62,-0.01,44,24728,卖盘
379,09:58:09,5.62,0.0,4,2248,卖盘
380,09:58:13,5.63,0.01,16,9008,买盘
381,09:58:16,5.62,-0.01,1,562,卖盘
382,09:58:19,5.62,0.0,15,8430,卖盘
383,09:58:28,5.62,0.0,10,5620,卖盘
384,09:58:31,5.63,0.01,33,18575,买盘
385,09:58:33,5.63,0.0,5,2815,买盘
386,09:58:36,5.63,0.0,114,64082,买盘
387,09:58:49,5.62,-0.01,50,28100,卖盘
388,09:58:58,5.62,0.0,18,10116,卖盘
389,09:59:07,5.62,0.0,77,43274,卖盘
390,09:59:10,5.62,0.0,10,5620,买盘
391,09:59:15,5.61,-0.01,1,561,卖盘
392,09:59:25,5.61,0.0,7,3927,卖盘
393,09:59:31,5.61,0.0,60,33660,卖盘
394,09:59:49,5.61,0.0,104,58444,卖盘
395,09:59:52,5.61,0.0,36,20196,卖盘
396,09:59:58,5.61,0.0,16,8976,卖盘
397,10:00:07,5.61,0.0,38,21318,卖盘
398,10:00:09,5.61,0.0,80,44880,卖盘
399,10:00:16,5.61,0.0,5,2805,卖盘
400,10:00:22,5.61,0.0,5,2805,卖盘
401,10:00:28,5.62,0.01,9,5058,买盘
402,10:00:31,5.62,0.0,20,11240,买盘
403,10:00:39,5.61,-0.01,2,1122,卖盘
404,10:00:42,5.58,-0.03,914,511138,卖盘
405,10:00:46,5.61,0.03,6,3366,卖盘
406,10:00:48,5.61,0.0,11,6171,卖盘
407,10:00:52,5.61,0.0,10,5605,买盘
408,10:01:07,5.61,0.0,25,14007,买盘
409,10:01:16,5.59,-0.02,3,1677,中性盘
410,10:01:19,5.58,-0.01,5,2790,卖盘
411,10:01:24,5.6,0.02,4,2234,买盘
412,10:01:31,5.59,-0.01,9,5024,买盘
413,10:01:39,5.61,0.02,10,5604,买盘
414,10:01:57,5.6,-0.01,33,18480,买盘
415,10:02:07,5.6,0.0,7,3920,卖盘
416,10:02:09,5.61,0.01,9,5049,买盘
417,10:02:15,5.6,-0.01,35,19600,卖盘
418,10:02:18,5.6,0.0,20,11200,买盘
419,10:02:27,5.6,0.0,3,1680,买盘
420,10:02:37,5.6,0.0,11,6160,买盘
421,10:02:45,5.6,0.0,5,2800,买盘
422,10:02:51,5.59,-0.01,5,2795,卖盘
423,10:02:55,5.6,0.01,19,10640,买盘
424,10:02:57,5.6,0.0,8,4480,买盘
425,10:03:06,5.6,0.0,6,3360,中性盘
426,10:03:42,5.61,0.01,114,63954,买盘
427,10:03:45,5.61,0.0,5,2805,买盘
428,10:03:48,5.61,0.0,3,1683,买盘
429,10:03:51,5.61,0.0,31,17391,卖盘
430,10:04:00,5.62,0.01,48,26976,买盘
431,10:04:06,5.62,0.0,7,3934,买盘
432,10:04:18,5.62,0.0,18,10116,卖盘
433,10:04:28,5.61,-0.01,37,20766,卖盘
434,10:04:49,5.62,0.01,8,4496,买盘
435,10:04:51,5.62,0.0,30,16853,买盘
436,10:04:55,5.62,0.0,66,37092,卖盘
437,10:05:01,5.62,0.0,23,12926,买盘
438,10:05:04,5.62,0.0,4,2248,卖盘
439,10:05:07,5.62,0.0,36,20232,买盘
440,10:05:12,5.63,0.01,107,60220,买盘
441,10:05:48,5.62,-0.01,54,30348,卖盘
442,10:05:51,5.63,0.01,115,64735,买盘
443,10:06:06,5.63,0.0,50,28137,买盘
444,10:06:21,5.62,-0.01,6,3372,卖盘
445,10:06:24,5.62,0.0,6,3372,卖盘
446,10:06:27,5.63,0.01,18,10134,买盘
447,10:06:39,5.63,0.0,4,2252,买盘
448,10:06:55,5.63,0.0,1,563,卖盘
449,10:07:04,5.63,0.0,1,563,卖盘
450,10:07:06,5.63,0.0,5,2815,卖盘
451,10:07:09,5.63,0.0,2,1126,卖盘
452,10:07:33,5.64,0.01,13,7332,买盘
453,10:07:37,5.64,0.0,36,20304,买盘
454,10:07:39,5.63,-0.01,24,13512,卖盘
455,10:07:48,5.63,0.0,23,12949,卖盘
456,10:08:06,5.63,0.0,5,2815,卖盘
457,10:08:39,5.63,0.0,4,2252,卖盘
458,10:08:54,5.63,0.0,2,1126,卖盘
459,10:09:07,5.63,0.0,155,87265,卖盘
460,10:09:09,5.63,0.0,45,25335,卖盘
461,10:09:12,5.62,-0.01,5,2810,卖盘
462,10:09:15,5.63,0.01,2,1126,买盘
463,10:09:42,5.63,0.0,6,3378,买盘
464,10:09:57,5.62,-0.01,50,28100,卖盘
465,10:10:04,5.62,0.0,6,3372,卖盘
466,10:10:07,5.62,0.0,42,23604,卖盘
467,10:10:10,5.63,0.01,1,563,买盘
468,10:10:16,5.61,-0.02,28,15719,卖盘
469,10:10:27,5.62,0.01,5,2810,买盘
470,10:10:37,5.61,-0.01,50,28050,卖盘
471,10:10:43,5.61,0.0,1,561,卖盘
472,10:10:49,5.61,0.0,46,25806,卖盘
473,10:10:51,5.61,0.0,24,13464,卖盘
474,10:10:58,5.61,0.0,1,561,买盘
475,10:11:07,5.6,-0.01,53,29683,卖盘
476,10:11:10,5.6,0.0,5,2800,卖盘
477,10:11:12,5.6,0.0,100,56000,卖盘
478,10:11:16,5.6,0.0,17,9520,卖盘
479,10:11:19,5.6,0.0,12,6720,卖盘
480,10:11:22,5.58,-0.02,168,93888,卖盘
481,10:11:28,5.58,0.0,22,12278,卖盘
482,10:11:31,5.6,0.02,9,5035,买盘
483,10:11:36,5.58,-0.02,300,167400,卖盘
484,10:11:43,5.58,0.0,50,27900,卖盘
485,10:11:48,5.58,0.0,121,67518,卖盘
486,10:11:52,5.57,-0.01,54,30112,卖盘
487,10:12:01,5.57,0.0,13,7241,卖盘
488,10:12:06,5.58,0.01,19,10598,买盘
489,10:12:13,5.56,-0.02,659,366733,卖盘
490,10:12:22,5.57,0.01,4,2228,买盘
491,10:12:24,5.57,0.0,17,9469,卖盘
492,10:12:28,5.57,0.0,7,3899,卖盘
493,10:12:36,5.57,0.0,10,5570,卖盘
494,10:12:55,5.58,0.01,2,1116,买盘
495,10:12:58,5.57,-0.01,6,3342,卖盘
496,10:13:01,5.58,0.01,10,5580,买盘
497,10:13:04,5.57,-0.01,10,5570,卖盘
498,10:13:12,5.58,0.01,10,5580,买盘
499,10:13:16,5.57,-0.01,60,33420,卖盘
500,10:13:22,5.58,0.01,13,7254,买盘
501,10:13:25,5.58,0.0,20,11150,买盘
502,10:13:28,5.58,0.0,58,32321,买盘
503,10:13:34,5.57,-0.01,5,2785,卖盘
504,10:13:43,5.57,0.0,10,5570,卖盘
505,10:13:46,5.58,0.01,2,1116,买盘
506,10:13:49,5.57,-0.01,13,7241,卖盘
507,10:13:52,5.6,0.03,236,131705,买盘
508,10:14:04,5.58,-0.02,12,6696,卖盘
509,10:14:07,5.58,0.0,10,5580,卖盘
510,10:14:25,5.58,0.0,28,15632,卖盘
511,10:14:33,5.59,0.01,7,3909,买盘
512,10:14:58,5.58,-0.01,8,4464,卖盘
513,10:15:04,5.58,0.0,5,2790,卖盘
514,10:15:12,5.59,0.01,19,10621,买盘
515,10:15:22,5.58,-0.01,63,35154,卖盘
516,10:15:40,5.59,0.01,82,45838,买盘
517,10:15:55,5.59,0.0,10,5590,卖盘
518,10:16:15,5.59,0.0,4,2236,买盘
519,10:16:22,5.59,0.0,7,3913,买盘
520,10:16:30,5.59,0.0,50,27950,买盘
521,10:17:04,5.6,0.01,4,2240,买盘
522,10:17:12,5.59,-0.01,1,559,买盘
523,10:17:25,5.59,0.0,5,2795,买盘
524,10:17:39,5.59,0.0,7,3913,卖盘
525,10:18:15,5.58,-0.01,50,27900,卖盘
526,10:18:30,5.58,0.0,6,3348,卖盘
527,10:18:40,5.58,0.0,1,558,卖盘
528,10:18:42,5.58,0.0,5,2790,卖盘
529,10:18:49,5.58,0.0,4,2232,卖盘
530,10:18:52,5.59,0.01,21,11739,买盘
531,10:19:09,5.59,0.0,15,8385,买盘
532,10:19:28,5.59,0.0,64,35776,买盘
533,10:19:39,5.59,0.0,10,5590,买盘
534,10:19:55,5.58,-0.01,1,558,卖盘
535,10:20:04,5.58,0.0,5,2790,卖盘
536,10:20:13,5.58,0.0,24,13392,卖盘
537,10:20:16,5.58,0.0,7,3906,卖盘
538,10:20:22,5.58,0.0,16,8928,卖盘
539,10:20:39,5.58,0.0,150,83700,卖盘
540,10:20:51,5.58,0.0,20,11160,卖盘
541,10:20:54,5.58,0.0,12,6696,卖盘
542,10:21:04,5.58,0.0,9,5025,卖盘
543,10:21:10,5.58,0.0,1,558,卖盘
544,10:21:15,5.58,0.0,30,16740,卖盘
545,10:21:19,5.58,0.0,5,2790,卖盘
546,10:21:33,5.57,-0.01,5,2785,卖盘
547,10:22:13,5.58,0.01,4,2232,买盘
548,10:22:19,5.58,0.0,29,16182,买盘
549,10:22:30,5.58,0.0,25,13950,买盘
550,10:22:51,5.58,0.0,14,7812,卖盘
551,10:22:54,5.58,0.0,14,7812,卖盘
552,10:23:01,5.58,0.0,83,46377,卖盘
553,10:23:04,5.58,0.0,5,2790,卖盘
554,10:23:13,5.58,0.0,10,5580,卖盘
555,10:23:49,5.59,0.01,21,11739,买盘
556,10:23:54,5.59,0.0,70,39130,买盘
557,10:24:22,5.59,0.0,86,48074,买盘
558,10:24:28,5.59,0.0,1,559,买盘
559,10:24:31,5.58,-0.01,12,6696,卖盘
560,10:24:34,5.58,0.0,3,1674,卖盘
561,10:24:37,5.58,0.0,12,6696,卖盘
562,10:24:39,5.58,0.0,2,1116,卖盘
563,10:24:55,5.58,0.0,15,8370,卖盘
564,10:24:57,5.59,0.01,4,2236,买盘
565,10:25:12,5.59,0.0,44,24596,买盘
566,10:25:18,5.59,0.0,10,5590,买盘
567,10:25:21,5.58,-0.01,2,1116,卖盘
568,10:25:30,5.59,0.01,11,6148,买盘
569,10:25:45,5.58,-0.01,12,6696,卖盘
570,10:25:48,5.59,0.01,8,4472,买盘
571,10:26:04,5.59,0.0,3,1677,买盘
572,10:26:15,5.59,0.0,17,9503,买盘
573,10:26:19,5.58,-0.01,145,80910,卖盘
574,10:27:04,5.58,0.0,5,2790,卖盘
575,10:27:21,5.59,0.01,10,5590,买盘
576,10:27:31,5.59,0.0,2,1118,买盘
577,10:27:39,5.59,0.0,5,2795,买盘
578,10:27:45,5.59,0.0,2,1118,买盘
579,10:28:12,5.59,0.0,72,40248,买盘
580,10:28:21,5.59,0.0,58,32422,买盘
581,10:28:49,5.59,0.0,31,17329,卖盘
582,10:29:03,5.6,0.01,68,38075,买盘
583,10:29:09,5.59,-0.01,105,58695,卖盘
584,10:29:12,5.59,0.0,32,17888,买盘
585,10:29:15,5.59,0.0,1,559,买盘
586,10:29:25,5.59,0.0,3,1677,买盘
587,10:29:33,5.59,0.0,17,9503,买盘
588,10:29:36,5.59,0.0,16,8944,买盘
589,10:30:04,5.59,0.0,5,2795,卖盘
590,10:30:06,5.6,0.01,18,10070,买盘
591,10:30:12,5.6,0.0,10,5600,买盘
592,10:30:25,5.59,-0.01,18,10062,卖盘
593,10:30:28,5.59,0.0,7,3913,买盘
594,10:30:33,5.58,-0.01,29,16182,卖盘
595,10:30:37,5.59,0.01,14,7826,买盘
596,10:30:40,5.59,0.0,6,3354,卖盘
597,10:30:43,5.59,0.0,4,2236,卖盘
598,10:30:51,5.58,-0.01,7,3906,卖盘
599,10:31:04,5.59,0.01,6,3354,卖盘
600,10:31:10,5.6,0.01,9,5040,买盘
601,10:31:18,5.6,0.0,16,8960,买盘
602,10:31:33,5.6,0.0,6,3360,买盘
603,10:31:57,5.6,0.0,12,6720,买盘
604,10:32:01,5.6,0.0,77,43120,买盘
605,10:32:04,5.6,0.0,4,2240,卖盘
606,10:32:18,5.59,-0.01,3,1677,卖盘
607,10:32:33,5.59,0.0,4,2236,卖盘
608,10:32:43,5.59,0.0,75,41925,卖盘
609,10:32:51,5.59,0.0,5,2795,卖盘
610,10:32:54,5.59,0.0,9,5031,卖盘
611,10:33:33,5.59,0.0,20,11180,卖盘
612,10:33:48,5.58,-0.01,1,558,卖盘
613,10:33:51,5.58,0.0,18,10044,卖盘
614,10:33:54,5.58,0.0,1,558,卖盘
615,10:34:10,5.58,0.0,8,4464,卖盘
616,10:34:18,5.58,0.0,65,36270,卖盘
617,10:34:24,5.58,0.0,23,12834,卖盘
618,10:34:27,5.58,0.0,22,12276,卖盘
619,10:34:42,5.58,0.0,12,6696,卖盘
620,10:34:51,5.58,0.0,1,558,卖盘
621,10:35:33,5.58,0.0,4,2232,卖盘
622,10:35:48,5.58,0.0,30,16740,卖盘
623,10:36:04,5.58,0.0,5,2790,卖盘
624,10:36:24,5.58,0.0,2,1116,卖盘
625,10:36:30,5.58,0.0,96,53568,卖盘
626,10:36:33,5.58,0.0,20,11160,买盘
627,10:37:07,5.57,-0.01,48,26736,卖盘
628,10:37:13,5.57,0.0,129,71853,卖盘
629,10:37:15,5.57,0.0,8,4456,卖盘
630,10:37:24,5.57,0.0,2,1114,卖盘
631,10:37:34,5.57,0.0,20,11140,卖盘
632,10:37:39,5.57,0.0,16,8912,卖盘
633,10:38:00,5.57,0.0,1,557,卖盘
634,10:38:04,5.57,0.0,106,59042,卖盘
635,10:38:06,5.57,0.0,20,11140,卖盘
636,10:38:09,5.57,0.0,2,1114,卖盘
637,10:38:12,5.57,0.0,12,6684,卖盘
638,10:38:15,5.57,0.0,4,2228,卖盘
639,10:38:24,5.56,-0.01,2,1112,卖盘
640,10:38:31,5.56,0.0,2,1112,卖盘
641,10:38:37,5.56,0.0,58,32248,卖盘
642,10:38:45,5.56,0.0,33,18348,卖盘
643,10:38:55,5.56,0.0,96,53376,卖盘
644,10:39:01,5.55,-0.01,500,277519,卖盘
645,10:39:04,5.55,0.0,14,7770,卖盘
646,10:39:13,5.55,0.0,93,51615,卖盘
647,10:39:33,5.56,0.01,7,3892,买盘
648,10:39:48,5.56,0.0,22,12232,卖盘
649,10:40:06,5.56,0.0,74,41144,买盘
650,10:40:13,5.56,0.0,1,556,卖盘
651,10:40:16,5.56,0.0,80,44480,卖盘
652,10:40:24,5.56,0.0,9,5004,卖盘
653,10:40:30,5.56,0.0,23,12788,卖盘
654,10:40:39,5.55,-0.01,39,21683,卖盘
655,10:40:46,5.55,0.0,5,2775,卖盘
656,10:40:48,5.56,0.01,42,23352,买盘
657,10:40:54,5.56,0.0,1,556,卖盘
658,10:41:00,5.56,0.0,97,53932,卖盘
659,10:41:18,5.56,0.0,10,5560,买盘
660,10:41:21,5.55,-0.01,61,33855,卖盘
661,10:41:30,5.55,0.0,3,1665,卖盘
662,10:41:33,5.55,0.0,62,34416,卖盘
663,10:41:39,5.55,0.0,99,54945,卖盘
664,10:41:48,5.55,0.0,10,5550,买盘
665,10:41:51,5.55,0.0,4,2220,买盘
666,10:41:54,5.55,0.0,2,1110,卖盘
667,10:42:04,5.55,0.0,6,3330,卖盘
668,10:42:19,5.56,0.01,12,6672,买盘
669,10:42:22,5.56,0.0,5,2780,买盘
670,10:42:36,5.55,-0.01,2,1110,卖盘
671,10:42:45,5.55,0.0,10,5550,卖盘
672,10:43:04,5.55,0.0,5,2775,卖盘
673,10:43:06,5.55,0.0,2,1110,卖盘
674,10:43:33,5.55,0.0,30,16650,卖盘
675,10:43:39,5.56,0.01,20,11120,买盘
676,10:43:42,5.56,0.0,102,56710,买盘
677,10:43:57,5.56,0.0,23,12788,买盘
678,10:44:15,5.56,0.0,11,6116,买盘
679,10:44:18,5.56,0.0,2,1112,卖盘
680,10:44:22,5.57,0.01,15,8355,买盘
681,10:44:37,5.57,0.0,8,4456,买盘
682,10:44:51,5.57,0.0,4,2228,卖盘
683,10:44:54,5.57,0.0,41,22837,卖盘
684,10:45:07,5.56,-0.01,78,43368,卖盘
685,10:45:09,5.58,0.02,17,9473,买盘
686,10:45:30,5.57,-0.01,31,17267,买盘
687,10:45:42,5.57,0.0,21,11697,卖盘
688,10:46:12,5.57,0.0,25,13925,买盘
689,10:46:18,5.57,0.0,15,8355,买盘
690,10:46:42,5.57,0.0,1,557,卖盘
691,10:46:54,5.58,0.01,19,10602,买盘
692,10:47:49,5.58,0.0,7,3906,买盘
693,10:49:10,5.58,0.0,10,5580,买盘
694,10:49:15,5.58,0.0,2,1116,买盘
695,10:49:18,5.58,0.0,90,50220,买盘
696,10:50:06,5.57,-0.01,6,3342,卖盘
697,10:50:21,5.57,0.0,20,11140,卖盘
698,10:50:31,5.57,0.0,66,36762,卖盘
699,10:50:45,5.57,0.0,10,5570,卖盘
700,10:51:04,5.57,0.0,5,2785,卖盘
701,10:51:18,5.57,0.0,9,5013,卖盘
702,10:51:21,5.57,0.0,20,11140,买盘
703,10:51:24,5.57,0.0,14,7798,买盘
704,10:51:33,5.57,0.0,5,2783,买盘
705,10:51:42,5.56,-0.01,85,47260,卖盘
706,10:51:55,5.56,0.0,1,556,卖盘
707,10:51:57,5.57,0.01,15,8355,买盘
708,10:52:04,5.57,0.0,8,4456,卖盘
709,10:52:06,5.58,0.01,9,5022,买盘
710,10:52:12,5.58,0.0,10,5580,买盘
711,10:52:19,5.58,0.0,70,39060,买盘
712,10:52:24,5.57,-0.01,57,31749,卖盘
713,10:52:36,5.57,0.0,59,32863,买盘
714,10:52:51,5.57,0.0,20,11140,买盘
715,10:52:57,5.57,0.0,10,5570,买盘
716,10:53:06,5.57,0.0,71,39522,买盘
717,10:54:00,5.58,0.01,5,2790,买盘
718,10:54:04,5.58,0.0,10,5580,买盘
719,10:54:25,5.58,0.0,1,558,卖盘
720,10:54:39,5.59,0.01,2,1118,买盘
721,10:54:49,5.58,-0.01,5,2790,卖盘
722,10:54:51,5.58,0.0,5,2790,卖盘
723,10:55:04,5.58,0.0,5,2790,卖盘
724,10:56:04,5.58,0.0,6,3348,卖盘
725,10:56:54,5.57,-0.01,86,47960,卖盘
726,10:57:04,5.57,0.0,5,2785,卖盘
727,10:57:24,5.57,0.0,1,557,卖盘
728,10:57:39,5.57,0.0,5,2785,卖盘
729,10:57:42,5.57,0.0,1,557,卖盘
730,10:58:04,5.57,0.0,5,2785,卖盘
731,10:58:09,5.58,0.01,5,2790,买盘
732,10:58:30,5.58,0.0,2,1116,卖盘
733,10:59:03,5.58,0.0,6,3348,卖盘
734,10:59:27,5.59,0.01,164,91676,买盘
735,10:59:36,5.59,0.0,1,559,买盘
736,10:59:42,5.59,0.0,2,1118,买盘
737,11:00:15,5.59,0.0,3,1677,买盘
738,11:00:18,5.59,0.0,5,2795,买盘
739,11:00:43,5.59,0.0,3,1677,买盘
740,11:00:52,5.59,0.0,50,27950,买盘
741,11:01:24,5.59,0.0,22,12298,买盘
742,11:02:24,5.58,-0.01,1,558,卖盘
743,11:02:48,5.58,0.0,1,558,卖盘
744,11:03:06,5.58,0.0,20,11160,卖盘
745,11:03:22,5.58,0.0,3,1674,卖盘
746,11:04:18,5.59,0.01,50,27950,买盘
747,11:05:48,5.59,0.0,86,48074,买盘
748,11:05:51,5.59,0.0,104,58140,卖盘
749,11:06:36,5.59,0.0,50,27950,卖盘
750,11:06:51,5.59,0.0,1,559,卖盘
751,11:07:27,5.6,0.01,39,21840,买盘
752,11:07:42,5.6,0.0,14,7840,买盘
753,11:07:48,5.61,0.01,1,561,买盘
754,11:07:57,5.61,0.0,7,3927,买盘
755,11:08:33,5.61,0.0,5,2805,买盘
756,11:08:42,5.6,-0.01,1,560,卖盘
757,11:08:45,5.61,0.01,3,1683,买盘
758,11:09:24,5.62,0.01,59,33134,买盘
759,11:09:57,5.62,0.0,1,562,买盘
760,11:10:13,5.62,0.0,2,1124,买盘
761,11:10:18,5.62,0.0,44,24728,买盘
762,11:10:24,5.62,0.0,10,5620,买盘
763,11:10:30,5.62,0.0,13,7306,买盘
764,11:10:51,5.61,-0.01,44,24684,卖盘
765,11:10:57,5.62,0.01,10,5620,买盘
766,11:11:04,5.62,0.0,30,16860,买盘
767,11:11:15,5.61,-0.01,20,11220,卖盘
768,11:11:21,5.62,0.01,110,61720,买盘
769,11:11:24,5.62,0.0,3,1686,买盘
770,11:11:27,5.61,-0.01,48,26928,卖盘
771,11:11:45,5.61,0.0,21,11781,卖盘
772,11:11:54,5.61,0.0,50,28050,卖盘
773,11:12:03,5.61,0.0,60,33660,卖盘
774,11:12:12,5.6,-0.01,20,11200,卖盘
775,11:12:21,5.6,0.0,33,18480,卖盘
776,11:13:04,5.6,0.0,6,3360,卖盘
777,11:13:52,5.6,0.0,183,102480,卖盘
778,11:13:55,5.59,-0.01,1,559,卖盘
779,11:14:06,5.59,0.0,3,1677,卖盘
780,11:14:27,5.59,0.0,45,25155,卖盘
781,11:14:48,5.58,-0.01,34,18972,卖盘
782,11:14:55,5.58,0.0,39,21762,卖盘
783,11:14:57,5.57,-0.01,169,94133,卖盘
784,11:15:00,5.57,0.0,6,3342,卖盘
785,11:15:03,5.57,0.0,10,5570,卖盘
786,11:15:07,5.56,-0.01,145,80715,卖盘
787,11:15:16,5.55,-0.01,51,28314,卖盘
788,11:15:45,5.58,0.03,14,7802,买盘
789,11:17:01,5.57,-0.01,3,1671,买盘
790,11:17:18,5.57,0.0,10,5570,买盘
791,11:17:21,5.57,0.0,3,1671,卖盘
792,11:17:55,5.57,0.0,2,1114,卖盘
793,11:18:00,5.58,0.01,3,1674,买盘
794,11:18:07,5.56,-0.02,70,38946,卖盘
795,11:18:09,5.57,0.01,6,3342,中性盘
796,11:18:24,5.56,-0.01,33,18348,卖盘
797,11:18:27,5.56,0.0,7,3892,卖盘
798,11:18:30,5.56,0.0,14,7784,卖盘
799,11:18:37,5.56,0.0,8,4448,买盘
800,11:18:43,5.56,0.0,10,5560,买盘
801,11:18:46,5.55,-0.01,211,117105,卖盘
802,11:18:48,5.55,0.0,2,1110,卖盘
803,11:19:04,5.55,0.0,55,30753,卖盘
804,11:19:06,5.55,0.0,5,2775,卖盘
805,11:19:21,5.55,0.0,7,3885,卖盘
806,11:19:30,5.56,0.01,2,1112,买盘
807,11:19:36,5.56,0.0,30,16680,买盘
808,11:19:40,5.56,0.0,1,556,买盘
809,11:19:43,5.56,0.0,6,3336,买盘
810,11:20:06,5.57,0.01,4,2228,买盘
811,11:20:15,5.58,0.01,46,25668,买盘
812,11:20:27,5.58,0.0,10,5580,卖盘
813,11:21:22,5.58,0.0,24,13392,卖盘
814,11:22:39,5.57,-0.01,36,20052,卖盘
815,11:22:54,5.57,0.0,26,14482,卖盘
816,11:22:58,5.57,0.0,10,5570,卖盘
817,11:23:00,5.58,0.01,1,558,买盘
818,11:23:15,5.58,0.0,8,4464,买盘
819,11:23:18,5.57,-0.01,10,5570,卖盘
820,11:23:42,5.58,0.01,9,5022,买盘
821,11:23:48,5.57,-0.01,86,47902,卖盘
822,11:23:57,5.57,0.0,43,23951,卖盘
823,11:24:00,5.55,-0.02,350,194387,卖盘
824,11:24:09,5.56,0.01,3,1668,买盘
825,11:24:16,5.55,-0.01,50,27750,卖盘
826,11:24:21,5.55,0.0,1,555,卖盘
827,11:24:34,5.55,0.0,40,22200,卖盘
828,11:24:42,5.56,0.01,9,5004,买盘
829,11:25:36,5.56,0.0,12,6672,卖盘
830,11:25:51,5.56,0.0,10,5560,卖盘
831,11:26:15,5.57,0.01,30,16710,买盘
832,11:26:21,5.57,0.0,40,22280,买盘
833,11:27:12,5.57,0.0,4,2228,买盘
834,11:27:42,5.57,0.0,3,1671,买盘
835,11:28:18,5.57,0.0,5,2785,买盘
836,11:29:36,5.57,0.0,14,7798,买盘
837,13:00:00,5.56,-0.01,25,13906,卖盘
838,13:00:04,5.58,0.02,22,12260,买盘
839,13:00:24,5.57,-0.01,108,60156,卖盘
840,13:00:33,5.57,0.0,2,1114,卖盘
841,13:00:36,5.57,0.0,3,1671,卖盘
842,13:00:48,5.57,0.0,2,1114,卖盘
843,13:01:09,5.56,-0.01,273,151825,卖盘
844,13:01:12,5.56,0.0,112,62204,买盘
845,13:01:15,5.55,-0.01,5,2775,卖盘
846,13:01:18,5.55,0.0,7,3885,卖盘
847,13:01:27,5.55,0.0,31,17205,卖盘
848,13:01:33,5.55,0.0,1,555,卖盘
849,13:01:45,5.55,0.0,42,23310,卖盘
850,13:01:48,5.55,0.0,39,21645,卖盘
851,13:01:51,5.55,0.0,26,14430,卖盘
852,13:02:03,5.55,0.0,62,34410,卖盘
853,13:02:06,5.54,-0.01,25,13868,卖盘
854,13:02:21,5.54,0.0,10,5540,卖盘
855,13:02:24,5.55,0.01,10,5550,买盘
856,13:02:27,5.54,-0.01,55,30470,卖盘
857,13:02:39,5.55,0.01,10,5550,买盘
858,13:02:45,5.54,-0.01,31,17174,卖盘
859,13:02:51,5.54,0.0,10,5540,买盘
860,13:03:18,5.54,0.0,23,12742,买盘
861,13:03:33,5.54,0.0,20,11080,买盘
862,13:03:48,5.54,0.0,108,59832,卖盘
863,13:04:06,5.54,0.0,2,1108,买盘
864,13:04:09,5.53,-0.01,168,92904,卖盘
865,13:04:21,5.53,0.0,1,553,卖盘
866,13:04:30,5.53,0.0,34,18802,卖盘
867,13:04:48,5.52,-0.01,250,138000,卖盘
868,13:04:52,5.53,0.01,8,4424,买盘
869,13:05:03,5.52,-0.01,19,10488,卖盘
870,13:05:06,5.52,0.0,23,12696,卖盘
871,13:05:42,5.53,0.01,43,23779,买盘
872,13:05:54,5.53,0.0,4,2212,卖盘
873,13:05:57,5.53,0.0,39,21567,卖盘
874,13:06:12,5.54,0.01,19,10509,买盘
875,13:06:21,5.52,-0.02,61,33672,卖盘
876,13:06:27,5.54,0.02,6,3324,买盘
877,13:06:33,5.54,0.0,37,20614,买盘
878,13:07:00,5.55,0.01,6,3330,买盘
879,13:07:12,5.55,0.0,10,5550,买盘
880,13:07:24,5.55,0.0,38,21090,买盘
881,13:07:42,5.55,0.0,10,5550,买盘
882,13:07:51,5.55,0.0,6,3330,买盘
883,13:08:21,5.55,0.0,10,5550,买盘
884,13:08:36,5.55,0.0,21,11655,买盘
885,13:08:45,5.56,0.01,1,556,买盘
886,13:08:51,5.55,-0.01,4,2220,卖盘
887,13:09:09,5.55,0.0,105,58275,卖盘
888,13:09:18,5.56,0.01,4,2224,买盘
889,13:09:27,5.55,-0.01,5,2775,买盘
890,13:09:45,5.55,0.0,92,51060,买盘
891,13:10:07,5.54,-0.01,5,2770,卖盘
892,13:10:15,5.54,0.0,1,554,卖盘
893,13:10:21,5.54,0.0,5,2770,卖盘
894,13:10:39,5.54,0.0,37,20498,卖盘
895,13:10:45,5.53,-0.01,3,1659,卖盘
896,13:10:54,5.53,0.0,21,11613,卖盘
897,13:11:04,5.53,0.0,31,17143,卖盘
898,13:11:06,5.53,0.0,18,9954,卖盘
899,13:11:15,5.52,-0.01,109,60168,卖盘
900,13:11:24,5.52,0.0,7,3864,卖盘
901,13:11:30,5.52,0.0,3,1656,卖盘
902,13:11:33,5.52,0.0,19,10488,卖盘
903,13:11:42,5.53,0.01,2,1106,买盘
904,13:11:49,5.53,0.0,50,27650,买盘
905,13:11:55,5.53,0.0,1,553,买盘
906,13:12:04,5.53,0.0,6,3318,卖盘
907,13:12:24,5.53,0.0,61,33733,卖盘
908,13:12:58,5.53,0.0,64,35392,买盘
909,13:13:07,5.53,0.0,11,6083,卖盘
910,13:13:21,5.53,0.0,9,4977,买盘
911,13:13:36,5.51,-0.02,500,275589,卖盘
912,13:14:27,5.51,0.0,23,12675,卖盘
913,13:14:42,5.52,0.01,8,4416,买盘
914,13:14:45,5.51,-0.01,25,13775,卖盘
915,13:14:54,5.51,0.0,116,63916,卖盘
916,13:14:57,5.51,0.0,84,46284,买盘
917,13:15:09,5.5,-0.01,56,30840,卖盘
918,13:15:15,5.5,0.0,20,11000,卖盘
919,13:15:24,5.5,0.0,829,455975,卖盘
920,13:15:27,5.49,-0.01,10,5490,卖盘
921,13:15:33,5.5,0.01,10,5500,买盘
922,13:15:39,5.5,0.0,38,20872,买盘
923,13:15:42,5.5,0.0,14,7700,买盘
924,13:15:48,5.49,-0.01,21,11529,卖盘
925,13:16:15,5.49,0.0,24,13176,卖盘
926,13:16:39,5.5,0.01,46,25300,买盘
927,13:16:57,5.5,0.0,7,3850,买盘
928,13:17:00,5.5,0.0,10,5500,买盘
929,13:17:03,5.5,0.0,171,94050,买盘
930,13:17:09,5.5,0.0,5,2750,卖盘
931,13:17:12,5.51,0.01,22,12122,买盘
932,13:17:27,5.5,-0.01,140,77036,卖盘
933,13:17:30,5.5,0.0,3,1650,买盘
934,13:17:33,5.5,0.0,34,18700,买盘
935,13:17:36,5.49,-0.01,1,549,卖盘
936,13:17:42,5.49,0.0,21,11529,卖盘
937,13:17:45,5.5,0.01,50,27500,买盘
938,13:17:57,5.5,0.0,5,2750,买盘
939,13:18:07,5.5,0.0,239,131450,买盘
940,13:18:15,5.5,0.0,5,2750,买盘
941,13:18:33,5.52,0.02,2,1104,买盘
942,13:18:36,5.5,-0.02,24,13200,卖盘
943,13:19:37,5.5,0.0,32,17600,卖盘
944,13:19:52,5.5,0.0,70,38500,买盘
945,13:19:54,5.5,0.0,5,2750,卖盘
946,13:20:12,5.5,0.0,2,1100,卖盘
947,13:20:27,5.5,0.0,273,150150,卖盘
948,13:20:30,5.5,0.0,12,6600,买盘
949,13:20:39,5.5,0.0,15,8250,买盘
950,13:21:04,5.5,0.0,100,55000,卖盘
951,13:21:42,5.51,0.01,2,1102,买盘
952,13:21:45,5.5,-0.01,100,55003,卖盘
953,13:22:15,5.52,0.02,6,3310,买盘
954,13:22:33,5.5,-0.02,430,236511,卖盘
955,13:22:39,5.5,0.0,70,38500,买盘
956,13:23:04,5.5,0.0,9,4950,卖盘
957,13:23:12,5.52,0.02,4,2208,买盘
958,13:23:15,5.5,-0.02,12,6600,卖盘
959,13:23:30,5.5,0.0,95,52250,买盘
960,13:23:37,5.5,0.0,9,4950,买盘
961,13:23:57,5.5,0.0,139,76450,卖盘
962,13:24:04,5.5,0.0,50,27500,买盘
963,13:24:18,5.5,0.0,30,16500,买盘
964,13:24:33,5.5,0.0,15,8250,买盘
965,13:25:00,5.51,0.01,7,3857,买盘
966,13:25:04,5.5,-0.01,170,93522,卖盘
967,13:25:09,5.5,0.0,30,16500,买盘
968,13:25:34,5.5,0.0,5,2750,卖盘
969,13:25:40,5.5,0.0,70,38500,卖盘
970,13:25:45,5.5,0.0,130,71500,买盘
971,13:25:51,5.5,0.0,1,550,卖盘
972,13:26:00,5.5,0.0,166,91300,卖盘
973,13:26:03,5.5,0.0,1,550,买盘
974,13:26:12,5.5,0.0,138,75900,买盘
975,13:26:24,5.49,-0.01,3,1647,卖盘
976,13:26:28,5.5,0.01,2,1100,买盘
977,13:26:42,5.5,0.0,81,44550,卖盘
978,13:26:48,5.5,0.0,91,50050,卖盘
979,13:26:51,5.5,0.0,41,22549,买盘
980,13:26:54,5.5,0.0,10,5500,买盘
981,13:26:57,5.5,0.0,2,1100,买盘
982,13:27:12,5.5,0.0,5,2750,买盘
983,13:27:27,5.5,0.0,94,51700,买盘
984,13:27:31,5.49,-0.01,2,1098,卖盘
985,13:27:49,5.49,0.0,1,549,卖盘
986,13:27:54,5.49,0.0,37,20313,卖盘
987,13:27:57,5.5,0.01,226,124300,买盘
988,13:28:03,5.5,0.0,22,12100,买盘
989,13:28:15,5.5,0.0,10,5500,买盘
990,13:28:19,5.5,0.0,1,550,买盘
991,13:28:45,5.5,0.0,34,18700,买盘
992,13:28:48,5.5,0.0,79,43450,买盘
993,13:29:09,5.5,0.0,23,12650,卖盘
994,13:29:12,5.5,0.0,21,11550,买盘
995,13:29:27,5.5,0.0,10,5500,买盘
996,13:29:30,5.5,0.0,4,2200,买盘
997,13:29:39,5.49,-0.01,10,5490,卖盘
998,13:29:42,5.5,0.01,1,550,买盘
999,13:29:45,5.5,0.0,25,13730,买盘
1000,13:29:51,5.5,0.0,60,33000,买盘
1001,13:30:00,5.5,0.0,10,5500,买盘
1002,13:30:12,5.5,0.0,2,1100,买盘
1003,13:30:15,5.5,0.0,1,550,买盘
1004,13:30:33,5.5,0.0,1,550,买盘
1005,13:30:48,5.5,0.0,159,87450,买盘
1006,13:30:57,5.5,0.0,10,5500,买盘
1007,13:31:06,5.5,0.0,10,5500,买盘
1008,13:31:09,5.5,0.0,10,5500,买盘
1009,13:31:12,5.49,-0.01,300,164700,卖盘
1010,13:31:15,5.5,0.01,22,12100,买盘
1011,13:31:22,5.5,0.0,1,550,卖盘
1012,13:31:42,5.5,0.0,11,6050,卖盘
1013,13:31:51,5.5,0.0,10,5500,买盘
1014,13:31:57,5.49,-0.01,4,2196,卖盘
1015,13:32:04,5.5,0.01,12,6600,买盘
1016,13:32:22,5.49,-0.01,1,549,卖盘
1017,13:32:25,5.49,0.0,3,1647,卖盘
1018,13:32:28,5.49,0.0,66,36234,卖盘
1019,13:32:31,5.49,0.0,23,12627,卖盘
1020,13:32:37,5.49,0.0,52,28548,买盘
1021,13:32:43,5.49,0.0,5,2745,卖盘
1022,13:32:49,5.49,0.0,10,5490,中性盘
1023,13:32:51,5.48,-0.01,1,548,卖盘
1024,13:32:58,5.48,0.0,22,12056,卖盘
1025,13:33:01,5.48,0.0,77,42196,卖盘
1026,13:33:12,5.48,0.0,23,12604,卖盘
1027,13:33:19,5.48,0.0,32,17536,卖盘
1028,13:33:24,5.48,0.0,74,40552,卖盘
1029,13:33:54,5.48,0.0,202,110548,买盘
1030,13:33:57,5.48,0.0,3,1644,卖盘
1031,13:34:06,5.48,0.0,48,26304,卖盘
1032,13:34:24,5.48,0.0,2,1096,卖盘
1033,13:34:27,5.47,-0.01,1,547,卖盘
1034,13:34:36,5.47,0.0,80,43770,卖盘
1035,13:34:51,5.46,-0.01,127,69342,卖盘
1036,13:34:54,5.46,0.0,140,76440,买盘
1037,13:35:09,5.45,-0.01,74,40330,卖盘
1038,13:35:16,5.46,0.01,15,8190,卖盘
1039,13:35:25,5.46,0.0,9,4914,卖盘
1040,13:35:27,5.46,0.0,20,10920,买盘
1041,13:35:30,5.46,0.0,50,27300,买盘
1042,13:35:40,5.45,-0.01,28,15260,卖盘
1043,13:35:49,5.45,0.0,80,43618,卖盘
1044,13:35:52,5.46,0.01,1,546,卖盘
1045,13:35:57,5.48,0.02,1,548,买盘
1046,13:36:01,5.46,-0.02,41,22386,卖盘
1047,13:36:04,5.46,0.0,5,2730,中性盘
1048,13:36:06,5.46,0.0,11,6006,买盘
1049,13:36:19,5.46,0.0,87,47502,卖盘
1050,13:36:27,5.47,0.01,19,10393,买盘
1051,13:36:48,5.47,0.0,18,9846,卖盘
1052,13:36:58,5.47,0.0,13,7111,卖盘
1053,13:37:01,5.48,0.01,4,2192,买盘
1054,13:37:18,5.48,0.0,2,1096,买盘
1055,13:37:51,5.47,-0.01,18,9854,卖盘
1056,13:38:21,5.48,0.01,6,3288,卖盘
1057,13:38:25,5.47,-0.01,6,3282,卖盘
1058,13:38:39,5.47,0.0,6,3282,卖盘
1059,13:38:48,5.48,0.01,65,35570,买盘
1060,13:39:01,5.47,-0.01,3,1641,买盘
1061,13:39:15,5.47,0.0,12,6564,买盘
1062,13:39:18,5.47,0.0,15,8205,卖盘
1063,13:39:24,5.47,0.0,1,547,卖盘
1064,13:39:27,5.47,0.0,4,2188,卖盘
1065,13:39:33,5.47,0.0,10,5470,卖盘
1066,13:39:42,5.48,0.01,10,5480,买盘
1067,13:39:51,5.47,-0.01,60,32820,卖盘
1068,13:39:57,5.48,0.01,1,548,买盘
1069,13:40:27,5.48,0.0,20,10960,买盘
1070,13:40:45,5.48,0.0,1,548,买盘
1071,13:40:48,5.47,-0.01,5,2735,卖盘
1072,13:40:52,5.47,0.0,18,9846,卖盘
1073,13:41:10,5.47,0.0,10,5470,买盘
1074,13:41:12,5.48,0.01,18,9852,买盘
1075,13:41:18,5.47,-0.01,2,1094,中性盘
1076,13:41:27,5.48,0.01,85,46580,买盘
1077,13:41:48,5.48,0.0,5,2740,买盘
1078,13:42:21,5.48,0.0,2,1096,买盘
1079,13:42:24,5.48,0.0,10,5480,买盘
1080,13:42:52,5.49,0.01,3,1647,买盘
1081,13:42:54,5.48,-0.01,5,2740,卖盘
1082,13:43:09,5.49,0.01,6,3294,买盘
1083,13:43:25,5.49,0.0,4,2196,买盘
1084,13:43:30,5.49,0.0,3,1647,买盘
1085,13:43:36,5.49,0.0,6,3294,买盘
1086,13:43:42,5.48,-0.01,300,164400,卖盘
1087,13:44:00,5.48,0.0,2,1096,买盘
1088,13:44:06,5.49,0.01,6,3294,买盘
1089,13:44:19,5.48,-0.01,41,22468,卖盘
1090,13:44:27,5.48,0.0,60,32880,买盘
1091,13:44:36,5.48,0.0,44,24112,买盘
1092,13:44:43,5.48,0.0,10,5480,买盘
1093,13:44:49,5.48,0.0,4,2192,买盘
1094,13:45:06,5.48,0.0,101,55348,卖盘
1095,13:45:15,5.48,0.0,20,10960,买盘
1096,13:45:24,5.48,0.0,3,1644,买盘
1097,13:45:33,5.48,0.0,5,2740,买盘
1098,13:45:46,5.48,0.0,10,5480,买盘
1099,13:46:15,5.48,0.0,10,5480,买盘
1100,13:46:39,5.48,0.0,1,548,买盘
1101,13:46:48,5.47,-0.01,2,1094,卖盘
1102,13:47:30,5.47,0.0,1,547,卖盘
1103,13:47:33,5.48,0.01,20,10960,买盘
1104,13:47:57,5.47,-0.01,2,1094,卖盘
1105,13:48:30,5.48,0.01,81,44388,买盘
1106,13:48:36,5.48,0.0,17,9314,买盘
1107,13:48:39,5.48,0.0,1,548,买盘
1108,13:48:42,5.48,0.0,74,40552,买盘
1109,13:49:01,5.49,0.01,11,6039,买盘
1110,13:49:04,5.49,0.0,54,29646,买盘
1111,13:49:07,5.49,0.0,2,1098,中性盘
1112,13:49:18,5.5,0.01,5,2750,买盘
1113,13:49:31,5.5,0.0,12,6600,买盘
1114,13:50:01,5.5,0.0,140,77000,买盘
1115,13:50:12,5.5,0.0,10,5500,买盘
1116,13:50:15,5.49,-0.01,32,17575,卖盘
1117,13:50:22,5.5,0.01,9,4950,买盘
1118,13:50:30,5.5,0.0,15,8250,买盘
1119,13:50:34,5.49,-0.01,10,5490,卖盘
1120,13:50:45,5.5,0.01,10,5500,买盘
1121,13:51:12,5.49,-0.01,1,549,卖盘
1122,13:51:18,5.5,0.01,33,18150,买盘
1123,13:51:33,5.5,0.0,5,2750,买盘
1124,13:51:43,5.49,-0.01,1,549,卖盘
1125,13:51:48,5.5,0.01,13,7150,买盘
1126,13:51:57,5.5,0.0,90,49500,买盘
1127,13:52:31,5.5,0.0,200,110000,买盘
1128,13:52:34,5.49,-0.01,7,3843,卖盘
1129,13:52:39,5.5,0.01,200,110000,买盘
1130,13:52:45,5.49,-0.01,69,37915,卖盘
1131,13:52:48,5.5,0.01,18,9900,买盘
1132,13:52:54,5.51,0.01,2,1102,买盘
1133,13:53:00,5.51,0.0,2,1102,买盘
1134,13:53:06,5.52,0.01,16,8832,买盘
1135,13:53:09,5.51,-0.01,26,14326,卖盘
1136,13:53:21,5.51,0.0,24,13224,买盘
1137,13:53:33,5.52,0.01,4,2208,买盘
1138,13:53:51,5.52,0.0,4,2208,买盘
1139,13:54:01,5.52,0.0,21,11592,卖盘
1140,13:54:18,5.51,-0.01,210,115710,卖盘
1141,13:54:21,5.51,0.0,20,11020,买盘
1142,13:54:48,5.5,-0.01,20,11000,买盘
1143,13:55:09,5.5,0.0,5,2750,买盘
1144,13:55:18,5.5,0.0,2,1100,卖盘
1145,13:55:52,5.5,0.0,9,4950,卖盘
1146,13:56:01,5.5,0.0,79,43450,卖盘
1147,13:56:12,5.5,0.0,5,2750,买盘
1148,13:56:48,5.5,0.0,16,8800,买盘
1149,13:57:18,5.5,0.0,5,2750,买盘
1150,13:57:21,5.5,0.0,9,4950,买盘
1151,13:57:24,5.5,0.0,16,8800,买盘
1152,13:57:30,5.5,0.0,16,8800,买盘
1153,13:57:48,5.49,-0.01,2,1098,卖盘
1154,13:58:19,5.49,0.0,131,71919,卖盘
1155,13:58:30,5.48,-0.01,4,2192,卖盘
1156,13:58:33,5.48,0.0,65,35620,卖盘
1157,13:58:39,5.48,0.0,21,11508,卖盘
1158,13:59:09,5.48,0.0,1,548,卖盘
1159,13:59:36,5.49,0.01,5,2745,买盘
1160,14:00:18,5.49,0.0,17,9333,买盘
1161,14:00:21,5.48,-0.01,2,1096,卖盘
1162,14:00:36,5.49,0.01,10,5490,买盘
1163,14:00:54,5.49,0.0,6,3294,买盘
1164,14:00:57,5.48,-0.01,2,1096,卖盘
1165,14:01:30,5.48,0.0,2,1096,卖盘
1166,14:01:45,5.49,0.01,20,10980,买盘
1167,14:01:54,5.48,-0.01,2,1096,卖盘
1168,14:02:51,5.48,0.0,2,1096,卖盘
1169,14:03:12,5.48,0.0,2,1096,卖盘
1170,14:03:46,5.48,0.0,24,13152,卖盘
1171,14:04:12,5.48,0.0,2,1096,卖盘
1172,14:04:18,5.49,0.01,549,301401,买盘
1173,14:04:25,5.49,0.0,406,222894,买盘
1174,14:04:27,5.5,0.01,7,3850,买盘
1175,14:04:30,5.49,-0.01,1,549,卖盘
1176,14:04:36,5.5,0.01,16,8800,买盘
1177,14:04:45,5.51,0.01,13,7163,买盘
1178,14:04:48,5.52,0.01,25,13824,卖盘
1179,14:05:00,5.53,0.01,7,3871,买盘
1180,14:05:18,5.53,0.0,1,553,卖盘
1181,14:05:24,5.54,0.01,9,4986,买盘
1182,14:05:27,5.53,-0.01,37,20461,卖盘
1183,14:05:36,5.53,0.0,6,3318,卖盘
1184,14:05:40,5.53,0.0,7,3865,买盘
1185,14:05:48,5.53,0.0,37,20461,买盘
1186,14:06:24,5.52,-0.01,31,17112,买盘
1187,14:06:30,5.52,0.0,25,13800,买盘
1188,14:07:00,5.54,0.02,64,35419,买盘
1189,14:07:04,5.55,0.01,110,61040,买盘
1190,14:07:07,5.55,0.0,100,55500,买盘
1191,14:07:18,5.55,0.0,30,16650,买盘
1192,14:07:24,5.54,-0.01,19,10540,卖盘
1193,14:07:28,5.55,0.01,79,43845,买盘
1194,14:07:36,5.57,0.02,22,12244,买盘
1195,14:07:39,5.56,-0.01,14,7784,买盘
1196,14:07:42,5.56,0.0,2,1112,卖盘
1197,14:07:48,5.57,0.01,30,16687,买盘
1198,14:07:51,5.59,0.02,197,109709,买盘
1199,14:07:54,5.6,0.01,141,78907,买盘
1200,14:08:07,5.6,0.0,21,11771,卖盘
1201,14:08:10,5.63,0.03,505,284049,买盘
1202,14:08:12,5.63,0.0,6,3378,卖盘
1203,14:08:16,5.64,0.01,40,22560,买盘
1204,14:08:25,5.64,0.0,28,15813,卖盘
1205,14:08:31,5.63,-0.01,89,50107,卖盘
1206,14:08:34,5.62,-0.01,64,35998,中性盘
1207,14:08:39,5.61,-0.01,50,28050,卖盘
1208,14:08:45,5.61,0.0,46,25806,卖盘
1209,14:08:49,5.61,0.0,56,31416,买盘
1210,14:08:55,5.61,0.0,100,56100,卖盘
1211,14:08:58,5.61,0.0,31,17391,卖盘
1212,14:09:01,5.6,-0.01,118,66098,卖盘
1213,14:09:04,5.6,0.0,82,45920,卖盘
1214,14:09:07,5.6,0.0,102,57120,卖盘
1215,14:09:22,5.58,-0.02,81,45212,卖盘
1216,14:09:40,5.58,0.0,1,558,卖盘
1217,14:09:43,5.59,0.01,4,2236,买盘
1218,14:09:46,5.59,0.0,4,2236,买盘
1219,14:10:01,5.6,0.01,100,55941,买盘
1220,14:10:39,5.59,-0.01,4,2236,买盘
1221,14:10:42,5.59,0.0,30,16770,买盘
1222,14:10:45,5.58,-0.01,214,119412,卖盘
1223,14:10:54,5.57,-0.01,22,12254,卖盘
1224,14:11:01,5.58,0.01,20,11160,买盘
1225,14:11:12,5.58,0.0,45,25110,买盘
1226,14:11:18,5.58,0.0,1,558,卖盘
1227,14:11:48,5.58,0.0,16,8928,买盘
1228,14:11:55,5.58,0.0,26,14508,买盘
1229,14:12:01,5.57,-0.01,46,25622,卖盘
1230,14:12:04,5.57,0.0,6,3342,卖盘
1231,14:12:18,5.58,0.01,9,5022,买盘
1232,14:13:09,5.57,-0.01,6,3342,卖盘
1233,14:13:30,5.57,0.0,81,45117,卖盘
1234,14:13:45,5.57,0.0,18,10026,买盘
1235,14:14:06,5.57,0.0,1,557,买盘
1236,14:14:12,5.56,-0.01,16,8896,卖盘
1237,14:14:28,5.56,0.0,80,44480,卖盘
1238,14:15:45,5.55,-0.01,2,1110,卖盘
1239,14:15:48,5.55,0.0,1,555,卖盘
1240,14:16:36,5.55,0.0,15,8325,卖盘
1241,14:16:42,5.55,0.0,2,1110,卖盘
1242,14:16:48,5.56,0.01,25,13900,买盘
1243,14:17:06,5.56,0.0,20,11120,卖盘
1244,14:17:18,5.57,0.01,1,557,买盘
1245,14:17:24,5.57,0.0,28,15596,买盘
1246,14:17:36,5.58,0.01,41,22878,买盘
1247,14:17:42,5.57,-0.01,4,2228,卖盘
1248,14:17:46,5.57,0.0,22,12254,买盘
1249,14:17:54,5.56,-0.01,49,27244,卖盘
1250,14:18:04,5.56,0.0,5,2780,中性盘
1251,14:18:18,5.57,0.01,62,34506,买盘
1252,14:19:06,5.57,0.0,30,16710,中性盘
1253,14:19:12,5.57,0.0,53,29521,卖盘
1254,14:19:15,5.57,0.0,6,3342,卖盘
1255,14:19:18,5.57,0.0,313,174341,卖盘
1256,14:19:54,5.55,-0.02,49,27197,卖盘
1257,14:20:00,5.55,0.0,100,55506,卖盘
1258,14:21:03,5.55,0.0,22,12210,卖盘
1259,14:21:21,5.55,0.0,5,2775,卖盘
1260,14:21:33,5.55,0.0,6,3330,卖盘
1261,14:22:00,5.55,0.0,20,11100,卖盘
1262,14:22:24,5.55,0.0,40,22200,卖盘
1263,14:22:48,5.56,0.01,105,58380,买盘
1264,14:23:39,5.57,0.01,5,2785,买盘
1265,14:23:54,5.57,0.0,4,2228,买盘
1266,14:24:04,5.56,-0.01,6,3336,卖盘
1267,14:24:06,5.56,0.0,131,72872,卖盘
1268,14:24:42,5.55,-0.01,40,22200,卖盘
1269,14:24:45,5.56,0.01,131,72836,买盘
1270,14:24:48,5.56,0.0,57,31692,买盘
1271,14:25:06,5.56,0.0,4,2224,买盘
1272,14:26:12,5.57,0.01,7,3899,买盘
1273,14:26:25,5.57,0.0,93,51801,卖盘
1274,14:26:45,5.56,-0.01,1,556,卖盘
1275,14:27:04,5.58,0.02,30,16717,买盘
1276,14:27:18,5.56,-0.02,49,27244,卖盘
1277,14:27:36,5.56,0.0,103,57268,卖盘
1278,14:29:06,5.57,0.01,46,25622,卖盘
1279,14:29:18,5.57,0.0,8,4456,买盘
1280,14:29:24,5.57,0.0,13,7241,买盘
1281,14:29:36,5.57,0.0,39,21723,买盘
1282,14:30:25,5.57,0.0,292,162372,买盘
1283,14:30:27,5.56,-0.01,15,8340,卖盘
1284,14:30:36,5.56,0.0,4,2224,卖盘
1285,14:31:06,5.56,0.0,113,62828,卖盘
1286,14:31:36,5.55,-0.01,60,33300,卖盘
1287,14:31:39,5.55,0.0,21,11655,卖盘
1288,14:31:42,5.55,0.0,29,16095,卖盘
1289,14:31:48,5.55,0.0,2,1110,买盘
1290,14:31:54,5.54,-0.01,166,91964,卖盘
1291,14:32:10,5.55,0.01,10,5550,卖盘
1292,14:32:30,5.55,0.0,18,9990,买盘
1293,14:33:10,5.54,-0.01,5,2770,卖盘
1294,14:33:52,5.54,0.0,21,11634,卖盘
1295,14:34:42,5.54,0.0,20,11080,买盘
1296,14:34:46,5.53,-0.01,1,553,卖盘
1297,14:34:55,5.54,0.01,1,554,买盘
1298,14:35:06,5.54,0.0,12,6648,买盘
1299,14:36:06,5.55,0.01,1,555,买盘
1300,14:36:15,5.54,-0.01,50,27700,卖盘
1301,14:36:27,5.54,0.0,7,3878,卖盘
1302,14:36:30,5.54,0.0,20,11080,买盘
1303,14:36:39,5.54,0.0,2,1108,买盘
1304,14:36:57,5.53,-0.01,6,3318,卖盘
1305,14:37:01,5.54,0.01,11,6094,卖盘
1306,14:37:06,5.54,0.0,21,11634,卖盘
1307,14:37:12,5.53,-0.01,94,52000,卖盘
1308,14:37:37,5.54,0.01,21,11634,卖盘
1309,14:37:51,5.54,0.0,10,5540,卖盘
1310,14:38:00,5.54,0.0,24,13296,卖盘
1311,14:38:07,5.54,0.0,21,11634,卖盘
1312,14:38:18,5.55,0.01,2,1110,买盘
1313,14:38:24,5.54,-0.01,5,2770,卖盘
1314,14:38:33,5.54,0.0,1,554,卖盘
1315,14:38:36,5.53,-0.01,21,11614,卖盘
1316,14:38:48,5.53,0.0,4,2212,卖盘
1317,14:39:06,5.53,0.0,21,11613,卖盘
1318,14:39:36,5.53,0.0,21,11613,卖盘
1319,14:39:42,5.53,0.0,1,553,卖盘
1320,14:40:06,5.53,0.0,21,11613,卖盘
1321,14:40:30,5.53,0.0,24,13276,卖盘
1322,14:40:36,5.53,0.0,21,11613,卖盘
1323,14:40:39,5.54,0.01,20,11080,买盘
1324,14:40:45,5.53,-0.01,40,22120,卖盘
1325,14:41:07,5.53,0.0,21,11613,卖盘
1326,14:41:13,5.55,0.02,31,17185,买盘
1327,14:41:37,5.53,-0.02,21,11615,卖盘
1328,14:41:57,5.54,0.01,3,1662,买盘
1329,14:42:01,5.54,0.0,5,2770,卖盘
1330,14:42:06,5.53,-0.01,21,11613,卖盘
1331,14:42:15,5.54,0.01,21,11634,中性盘
1332,14:42:30,5.54,0.0,6,3324,卖盘
1333,14:42:36,5.53,-0.01,21,11613,卖盘
1334,14:42:42,5.54,0.01,21,11634,买盘
1335,14:42:49,5.53,-0.01,30,16590,卖盘
1336,14:42:52,5.53,0.0,74,40922,卖盘
1337,14:43:01,5.53,0.0,27,14931,买盘
1338,14:43:06,5.52,-0.01,618,341136,卖盘
1339,14:43:36,5.52,0.0,43,23736,卖盘
1340,14:43:45,5.52,0.0,10,5520,卖盘
1341,14:43:48,5.53,0.01,8,4424,买盘
1342,14:43:51,5.52,-0.01,14,7728,卖盘
1343,14:44:06,5.52,0.0,10,5520,卖盘
1344,14:44:24,5.52,0.0,1,552,卖盘
1345,14:44:36,5.52,0.0,40,22080,卖盘
1346,14:45:04,5.52,0.0,48,26496,卖盘
1347,14:45:16,5.53,0.01,19,10507,买盘
1348,14:45:27,5.52,-0.01,1,552,卖盘
1349,14:45:48,5.52,0.0,84,46368,卖盘
1350,14:46:00,5.51,-0.01,147,80997,卖盘
1351,14:46:12,5.51,0.0,36,19836,卖盘
1352,14:46:19,5.51,0.0,47,25897,买盘
1353,14:46:28,5.5,-0.01,128,70425,卖盘
1354,14:46:33,5.52,0.02,84,46368,买盘
1355,14:46:37,5.51,-0.01,5,2755,中性盘
1356,14:46:51,5.51,0.0,2,1102,卖盘
1357,14:46:54,5.51,0.0,40,22040,中性盘
1358,14:46:57,5.51,0.0,2,1102,卖盘
1359,14:47:00,5.5,-0.01,50,27505,卖盘
1360,14:47:18,5.51,0.01,10,5510,卖盘
1361,14:47:21,5.51,0.0,46,25346,买盘
1362,14:47:45,5.51,0.0,12,6612,卖盘
1363,14:47:52,5.51,0.0,20,11020,买盘
1364,14:48:15,5.52,0.01,1,552,买盘
1365,14:48:28,5.51,-0.01,15,8265,卖盘
1366,14:48:45,5.49,-0.02,144,79199,卖盘
1367,14:48:57,5.49,0.0,10,5490,卖盘
1368,14:49:18,5.5,0.01,7,3850,买盘
1369,14:49:22,5.5,0.0,16,8800,买盘
1370,14:49:25,5.5,0.0,82,45100,买盘
1371,14:49:40,5.49,-0.01,28,15380,卖盘
1372,14:49:48,5.5,0.01,52,28600,买盘
1373,14:49:54,5.5,0.0,20,11000,中性盘
1374,14:50:00,5.5,0.0,53,29150,卖盘
1375,14:50:06,5.5,0.0,68,37400,买盘
1376,14:50:16,5.52,0.02,120,66240,买盘
1377,14:50:34,5.51,-0.01,1,551,卖盘
1378,14:51:04,5.51,0.0,99,54549,卖盘
1379,14:51:51,5.52,0.01,20,11040,买盘
1380,14:51:54,5.52,0.0,62,34224,买盘
1381,14:52:16,5.53,0.01,48,26544,买盘
1382,14:52:28,5.54,0.01,75,41550,买盘
1383,14:52:31,5.54,0.0,34,18836,卖盘
1384,14:52:43,5.53,-0.01,20,11060,卖盘
1385,14:52:57,5.53,0.0,29,16037,卖盘
1386,14:53:01,5.53,0.0,70,38710,卖盘
1387,14:53:12,5.52,-0.01,5,2760,卖盘
1388,14:53:15,5.52,0.0,4,2208,卖盘
1389,14:53:19,5.52,0.0,20,11040,买盘
1390,14:53:28,5.52,0.0,10,5518,买盘
1391,14:53:31,5.51,-0.01,13,7163,卖盘
1392,14:53:33,5.52,0.01,81,44712,买盘
1393,14:53:37,5.51,-0.01,40,22040,卖盘
1394,14:53:40,5.52,0.01,12,6624,买盘
1395,14:53:46,5.5,-0.02,18,9909,卖盘
1396,14:54:07,5.5,0.0,99,54450,卖盘
1397,14:54:13,5.51,0.01,10,5510,买盘
1398,14:54:16,5.5,-0.01,7,3850,卖盘
1399,14:54:19,5.5,0.0,21,11550,卖盘
1400,14:54:22,5.5,0.0,4,2200,买盘
1401,14:54:25,5.49,-0.01,253,138897,卖盘
1402,14:54:30,5.5,0.01,7,3850,买盘
1403,14:54:34,5.5,0.0,44,24199,买盘
1404,14:54:37,5.5,0.0,10,5500,卖盘
1405,14:54:40,5.5,0.0,10,5500,卖盘
1406,14:54:43,5.5,0.0,48,26400,买盘
1407,14:54:46,5.5,0.0,10,5500,买盘
1408,14:54:48,5.5,0.0,25,13750,买盘
1409,14:54:52,5.5,0.0,19,10450,买盘
1410,14:54:55,5.5,0.0,2,1100,买盘
1411,14:55:01,5.5,0.0,10,5500,买盘
1412,14:55:04,5.5,0.0,50,27500,买盘
1413,14:55:06,5.49,-0.01,18,9893,卖盘
1414,14:55:19,5.5,0.01,10,5500,卖盘
1415,14:55:22,5.5,0.0,13,7150,买盘
1416,14:55:25,5.5,0.0,61,33550,买盘
1417,14:55:30,5.49,-0.01,34,18666,卖盘
1418,14:55:43,5.51,0.02,32,17632,买盘
1419,14:55:55,5.5,-0.01,154,84708,卖盘
1420,14:55:58,5.51,0.01,32,17632,买盘
1421,14:56:13,5.5,-0.01,39,21450,卖盘
1422,14:56:27,5.5,0.0,17,9360,卖盘
1423,14:56:30,5.5,0.0,58,31900,卖盘
1424,14:56:34,5.49,-0.01,7,3843,卖盘
1425,14:56:37,5.5,0.01,11,6049,买盘
1426,14:56:46,5.5,0.0,40,22000,卖盘
1427,14:56:49,5.5,0.0,2,1100,买盘
1428,14:56:55,5.5,0.0,91,50050,买盘
1429,14:56:57,5.49,-0.01,26,14294,卖盘
1430,15:00:05,5.49,0.0,1369,751581,卖盘
