,time,price,change,volume,amount,type
0,09:25:04,11.98,-0.16,485,581030,卖盘
1,09:30:01,11.99,0.01,18,21582,买盘
2,09:30:04,11.95,-0.04,873,1044628,卖盘
3,09:30:07,11.95,0.0,137,163637,买盘
4,09:30:10,11.95,0.0,47,56149,买盘
5,09:30:12,11.95,0.0,52,62135,买盘
6,09:30:16,11.94,-0.01,99,118282,卖盘
7,09:30:18,11.96,0.02,4,4784,卖盘
8,09:30:21,11.96,0.0,44,52623,买盘
9,09:30:25,11.96,0.0,79,94441,买盘
10,09:30:28,11.96,0.0,51,60988,买盘
11,09:30:30,11.96,0.0,16,19136,买盘
12,09:30:34,11.96,0.0,155,185275,买盘
13,09:30:37,11.96,0.0,26,31114,卖盘
14,09:30:39,11.96,0.0,7,8373,卖盘
15,09:30:42,11.96,0.0,146,174816,卖盘
16,09:30:45,11.96,0.0,53,63440,卖盘
17,09:30:48,11.96,0.0,68,81359,卖盘
18,09:30:52,11.95,-0.01,68,81307,卖盘
19,09:30:55,11.95,0.0,104,124362,卖盘
20,09:30:58,11.96,0.01,101,120781,买盘
21,09:31:01,11.96,0.0,25,29892,买盘
22,09:31:04,11.96,0.0,45,53820,卖盘
23,09:31:07,11.96,0.0,7,8372,卖盘
24,09:31:09,11.95,-0.01,133,159012,卖盘
25,09:31:13,11.95,0.0,12,14340,买盘
26,09:31:16,11.95,0.0,68,81245,买盘
27,09:31:19,11.95,0.0,66,78870,买盘
28,09:31:21,11.95,0.0,17,20315,卖盘
29,09:31:25,11.95,0.0,189,225855,卖盘
30,09:31:28,11.95,0.0,49,58529,买盘
31,09:31:31,11.95,0.0,94,112286,买盘
32,09:31:34,11.95,0.0,88,105160,卖盘
33,09:31:36,11.95,0.0,14,16732,卖盘
34,09:31:39,11.93,-0.02,291,347422,卖盘
35,09:31:43,11.95,0.02,65,77727,中性盘
36,09:31:46,11.95,0.0,29,34665,买盘
37,09:31:49,11.98,0.03,40,47800,买盘
38,09:31:52,11.95,-0.03,191,228227,卖盘
39,09:31:55,11.93,-0.02,38,45332,卖盘
40,09:31:58,11.97,0.04,143,170760,买盘
41,09:32:01,11.93,-0.04,100,119330,卖盘
42,09:32:04,11.93,0.0,24,28632,卖盘
43,09:32:07,11.97,0.04,5,5981,买盘
44,09:32:10,11.97,0.0,20,23934,买盘
45,09:32:13,11.97,0.0,16,19142,买盘
46,09:32:16,11.95,-0.02,60,71704,卖盘
47,09:32:19,11.97,0.02,86,102922,买盘
48,09:32:22,11.95,-0.02,20,23900,卖盘
49,09:32:24,11.95,0.0,10,11950,买盘
50,09:32:28,11.94,-0.01,78,93178,卖盘
51,09:32:31,11.94,0.0,63,75239,买盘
52,09:32:34,11.94,0.0,4,4778,卖盘
53,09:32:37,11.94,0.0,34,40596,卖盘
54,09:32:40,11.94,0.0,75,89580,卖盘
55,09:32:43,11.94,0.0,66,78817,买盘
56,09:32:46,11.94,0.0,26,31063,卖盘
57,09:32:48,11.94,0.0,42,50148,买盘
58,09:32:52,11.94,0.0,91,108632,买盘
59,09:32:55,11.94,0.0,4,4777,卖盘
60,09:32:58,11.94,0.0,20,23880,卖盘
61,09:33:01,11.94,0.0,10,11940,卖盘
62,09:33:04,11.95,0.01,142,169561,买盘
63,09:33:10,11.95,0.0,3,3585,卖盘
64,09:33:13,11.95,0.0,8,9560,卖盘
65,09:33:16,11.95,0.0,27,32268,卖盘
66,09:33:19,11.95,0.0,310,369861,买盘
67,09:33:22,11.95,0.0,47,56175,买盘
68,09:33:25,11.93,-0.02,35,41807,卖盘
69,09:33:28,11.94,0.01,18,21477,买盘
70,09:33:31,11.92,-0.02,53,63297,卖盘
71,09:33:34,11.93,0.01,73,87104,卖盘
72,09:33:37,11.93,0.0,17,20285,卖盘
73,09:33:40,11.93,0.0,4,4772,买盘
74,09:33:43,11.92,-0.01,44,52484,卖盘
75,09:33:45,11.93,0.01,54,64424,买盘
76,09:33:49,11.93,0.0,94,112158,卖盘
77,09:33:52,11.93,0.0,19,22687,卖盘
78,09:33:55,11.95,0.02,18,21496,买盘
79,09:33:58,11.93,-0.02,196,233842,卖盘
80,09:34:01,11.93,0.0,9,10737,买盘
81,09:34:04,11.92,-0.01,47,56056,卖盘
82,09:34:07,11.92,0.0,106,126457,卖盘
83,09:34:10,11.93,0.01,54,64393,卖盘
84,09:34:13,11.93,0.0,31,36986,卖盘
85,09:34:19,11.95,0.02,22,26267,买盘
86,09:34:22,11.96,0.01,47,56192,买盘
87,09:34:25,11.96,0.0,95,113638,卖盘
88,09:34:28,11.96,0.0,10,11962,卖盘
89,09:34:31,11.96,0.0,80,95681,卖盘
90,09:34:34,11.96,0.0,5,5980,买盘
91,09:34:37,11.95,-0.01,1,1195,卖盘
92,09:34:40,11.94,-0.01,187,223373,卖盘
93,09:34:42,11.94,0.0,13,15522,买盘
94,09:34:46,11.94,0.0,15,17910,买盘
95,09:34:49,11.94,0.0,46,54924,买盘
96,09:34:52,11.96,0.02,279,333608,买盘
97,09:34:55,11.97,0.01,41,49077,买盘
98,09:34:58,11.97,0.0,60,71777,买盘
99,09:35:04,11.97,0.0,131,156813,卖盘
100,09:35:07,11.96,-0.01,2,2392,卖盘
101,09:35:10,11.96,0.0,44,52650,卖盘
102,09:35:13,11.97,0.01,45,53843,买盘
103,09:35:16,11.97,0.0,24,28728,买盘
104,09:35:19,11.95,-0.02,135,161550,卖盘
105,09:35:22,11.98,0.03,3,3594,买盘
106,09:35:25,11.98,0.0,32,38335,买盘
107,09:35:28,11.97,-0.01,43,51477,卖盘
108,09:35:31,11.98,0.01,79,94580,中性盘
109,09:35:34,11.98,0.0,5,5990,买盘
110,09:35:37,11.99,0.01,134,160598,买盘
111,09:35:40,11.99,0.0,46,55109,买盘
112,09:35:43,11.98,-0.01,35,41940,卖盘
113,09:35:45,11.99,0.01,12,14388,中性盘
114,09:35:49,11.99,0.0,6,7194,卖盘
115,09:35:52,12.0,0.01,16,19200,买盘
116,09:35:55,11.99,-0.01,63,75560,卖盘
117,09:35:58,12.01,0.02,3,3603,买盘
118,09:36:00,12.01,0.0,7,8407,买盘
119,09:36:06,12.04,0.03,28,33643,买盘
120,09:36:13,12.05,0.01,4,4819,买盘
121,09:36:16,12.05,0.0,13,15661,买盘
122,09:36:19,12.05,0.0,18,21690,卖盘
123,09:36:21,12.05,0.0,10,12052,卖盘
124,09:36:25,12.06,0.01,15,18087,买盘
125,09:36:28,12.06,0.0,11,13266,买盘
126,09:36:31,12.06,0.0,71,85570,买盘
127,09:36:34,12.06,0.0,60,72329,买盘
128,09:36:36,12.07,0.01,6,7238,中性盘
129,09:36:40,12.05,-0.02,363,437560,卖盘
130,09:36:43,12.05,0.0,60,72300,买盘
131,09:36:46,12.03,-0.02,30,36130,卖盘
132,09:36:49,12.02,-0.01,12,14431,卖盘
133,09:36:52,12.02,0.0,11,13210,买盘
134,09:36:58,12.02,0.0,27,32450,买盘
135,09:37:01,12.01,-0.01,5,6002,中性盘
136,09:37:04,12.01,0.0,5,6005,买盘
137,09:37:06,12.0,-0.01,65,78000,卖盘
138,09:37:10,12.0,0.0,86,103310,卖盘
139,09:37:13,12.0,0.0,14,16800,买盘
140,09:37:15,11.99,-0.01,97,116317,卖盘
141,09:37:19,11.99,0.0,19,22781,买盘
142,09:37:22,11.98,-0.01,20,23960,卖盘
143,09:37:25,11.98,0.0,54,64688,卖盘
144,09:37:28,11.98,0.0,21,25158,买盘
145,09:37:30,11.97,-0.01,54,64658,卖盘
146,09:37:34,11.96,-0.01,85,101717,卖盘
147,09:37:37,11.95,-0.01,45,53814,卖盘
148,09:37:40,11.98,0.03,166,198643,买盘
149,09:37:43,11.95,-0.03,290,347356,卖盘
150,09:37:46,11.98,0.03,17,20359,买盘
151,09:37:49,11.98,0.0,100,119800,买盘
152,09:37:51,11.97,-0.01,86,102982,卖盘
153,09:37:55,11.99,0.02,14,16782,买盘
154,09:37:57,11.99,0.0,25,29960,买盘
155,09:38:01,11.99,0.0,97,116103,买盘
156,09:38:04,11.99,0.0,18,21577,买盘
157,09:38:07,11.98,-0.01,7,8386,卖盘
158,09:38:10,11.98,0.0,20,23960,买盘
159,09:38:12,11.97,-0.01,33,39516,卖盘
160,09:38:16,11.99,0.02,50,59978,买盘
161,09:38:19,11.97,-0.02,68,81542,卖盘
162,09:38:22,11.98,0.01,24,28752,买盘
163,09:38:25,11.99,0.01,41,49145,买盘
164,09:38:28,11.99,0.0,35,41951,买盘
165,09:38:31,11.98,-0.01,68,81486,卖盘
166,09:38:34,11.99,0.01,164,196636,买盘
167,09:38:37,11.98,-0.01,78,93537,卖盘
168,09:38:40,12.0,0.02,26,31196,买盘
169,09:38:43,11.99,-0.01,21,25177,中性盘
170,09:38:46,11.98,-0.01,27,32371,卖盘
171,09:38:49,11.99,0.01,47,56353,买盘
172,09:38:52,12.0,0.01,19,22800,买盘
173,09:38:55,12.0,0.0,37,44378,买盘
174,09:38:58,11.99,-0.01,4,4796,卖盘
175,09:39:01,12.0,0.01,22,26400,买盘
176,09:39:04,11.99,-0.01,23,27588,卖盘
177,09:39:06,12.0,0.01,100,120000,买盘
178,09:39:10,12.0,0.0,36,43203,卖盘
179,09:39:13,12.0,0.0,29,34800,买盘
180,09:39:16,12.0,0.0,39,46800,买盘
181,09:39:18,12.01,0.01,5,6005,买盘
182,09:39:22,12.01,0.0,6,7204,买盘
183,09:39:25,12.02,0.01,34,40833,买盘
184,09:39:31,12.03,0.01,38,45740,买盘
185,09:39:37,12.03,0.0,26,31278,卖盘
186,09:39:40,12.03,0.0,35,42105,买盘
187,09:39:43,12.03,0.0,71,85407,买盘
188,09:39:45,12.03,0.0,66,79394,买盘
189,09:39:49,12.03,0.0,31,37293,买盘
190,09:39:51,12.03,0.0,8,9624,买盘
191,09:39:55,12.03,0.0,19,22857,买盘
192,09:40:01,12.03,0.0,5,6015,卖盘
193,09:40:05,12.04,0.01,10,12036,买盘
194,09:40:10,12.04,0.0,26,31303,买盘
195,09:40:13,12.04,0.0,8,9632,卖盘
196,09:40:16,12.04,0.0,169,203530,买盘
197,09:40:19,12.04,0.0,11,13244,卖盘
198,09:40:22,12.05,0.01,19,22895,买盘
199,09:40:24,12.05,0.0,31,37355,买盘
200,09:40:28,12.07,0.02,36,43390,买盘
201,09:40:30,12.14,0.07,90,108972,买盘
202,09:40:34,12.1,-0.04,63,76130,买盘
203,09:40:37,12.1,0.0,10,12106,卖盘
204,09:40:40,12.08,-0.02,8,9666,卖盘
205,09:40:42,12.1,0.02,57,68966,买盘
206,09:40:52,12.18,0.08,98,118698,买盘
207,09:40:54,12.1,-0.08,6,7260,卖盘
208,09:41:01,12.16,0.06,40,48418,买盘
209,09:41:04,12.11,-0.05,25,30320,中性盘
210,09:41:07,12.16,0.05,28,34017,买盘
211,09:41:09,12.16,0.0,9,10944,卖盘
212,09:41:13,12.18,0.02,71,86358,买盘
213,09:41:16,12.14,-0.04,19,23081,卖盘
214,09:41:19,12.16,0.02,28,34018,买盘
215,09:41:22,12.16,0.0,5,6079,买盘
216,09:41:24,12.14,-0.02,3,3642,买盘
217,09:41:27,12.14,0.0,41,49790,买盘
218,09:41:31,12.14,0.0,6,7284,买盘
219,09:41:34,12.14,0.0,32,38848,买盘
220,09:41:37,12.14,0.0,12,14560,中性盘
221,09:41:40,12.14,0.0,5,6070,买盘
222,09:41:42,12.12,-0.02,17,20604,卖盘
223,09:41:46,12.14,0.02,10,12135,买盘
224,09:41:52,12.14,0.0,16,19424,买盘
225,09:41:55,12.12,-0.02,15,18194,卖盘
226,09:41:58,12.12,0.0,9,10908,卖盘
227,09:42:01,12.14,0.02,29,35186,买盘
228,09:42:04,12.12,-0.02,16,19392,卖盘
229,09:42:06,12.12,0.0,23,27856,买盘
230,09:42:10,12.12,0.0,71,86042,买盘
231,09:42:13,12.12,0.0,45,54460,买盘
232,09:42:16,12.1,-0.02,10,12100,卖盘
233,09:42:18,12.1,0.0,94,113750,卖盘
234,09:42:22,12.09,-0.01,17,20538,中性盘
235,09:42:25,12.09,0.0,16,19344,买盘
236,09:42:28,12.08,-0.01,25,30203,卖盘
237,09:42:31,12.08,0.0,11,13288,买盘
238,09:42:34,12.08,0.0,2,2416,买盘
239,09:42:37,12.08,0.0,25,30196,买盘
240,09:42:40,12.06,-0.02,17,20522,卖盘
241,09:42:43,12.06,0.0,11,13266,买盘
242,09:42:46,12.05,-0.01,3,3616,卖盘
243,09:42:49,12.06,0.01,43,51847,买盘
244,09:42:52,12.07,0.01,1,1207,买盘
245,09:42:55,12.06,-0.01,35,42216,卖盘
246,09:42:58,12.06,0.0,34,41014,卖盘
247,09:43:01,12.06,0.0,32,38606,买盘
248,09:43:04,12.04,-0.02,9,10839,卖盘
249,09:43:10,12.06,0.02,3,3616,买盘
250,09:43:13,12.05,-0.01,6,7234,卖盘
251,09:43:16,12.06,0.01,1,1206,买盘
252,09:43:19,12.06,0.0,1,1206,买盘
253,09:43:22,12.06,0.0,24,28943,买盘
254,09:43:25,12.06,0.0,52,62689,中性盘
255,09:43:28,12.06,0.0,10,12060,卖盘
256,09:43:31,12.07,0.01,7,8449,买盘
257,09:43:37,12.06,-0.01,12,14472,买盘
258,09:43:40,12.04,-0.02,151,181873,卖盘
259,09:43:46,12.04,0.0,1,1204,买盘
260,09:43:49,12.03,-0.01,12,14436,卖盘
261,09:43:52,12.03,0.0,5,6015,卖盘
262,09:43:55,12.03,0.0,20,24076,卖盘
263,09:43:58,12.03,0.0,4,4812,卖盘
264,09:44:01,12.03,0.0,8,9624,卖盘
265,09:44:04,12.03,0.0,55,66145,买盘
266,09:44:06,12.03,0.0,44,52932,买盘
267,09:44:09,12.03,0.0,11,13224,买盘
268,09:44:16,12.03,0.0,1,1203,买盘
269,09:44:19,12.03,0.0,1,1203,买盘
270,09:44:22,12.02,-0.01,61,73323,卖盘
271,09:44:24,12.03,0.01,39,46909,买盘
272,09:44:28,12.01,-0.02,8,9615,卖盘
273,09:44:34,12.02,0.01,11,13222,卖盘
274,09:44:36,12.02,0.0,10,12020,中性盘
275,09:44:40,12.03,0.01,21,25263,买盘
276,09:44:43,12.02,-0.01,1,1202,买盘
277,09:44:46,12.02,0.0,26,31229,买盘
278,09:44:49,12.02,0.0,1,1202,买盘
279,09:44:52,12.01,-0.01,13,15618,卖盘
280,09:44:55,12.01,0.0,54,64889,卖盘
281,09:44:58,12.02,0.01,5,6010,卖盘
282,09:45:04,12.02,0.0,1,1202,卖盘
283,09:45:10,12.05,0.03,76,91397,买盘
284,09:45:13,12.02,-0.03,4,4808,卖盘
285,09:45:15,12.05,0.03,31,37355,买盘
286,09:45:19,12.02,-0.03,20,24043,卖盘
287,09:45:31,12.05,0.03,4,4820,买盘
288,09:45:33,12.02,-0.03,31,37269,卖盘
289,09:45:37,12.05,0.03,30,36150,买盘
290,09:45:40,12.01,-0.04,100,120161,卖盘
291,09:45:46,12.05,0.04,19,22895,买盘
292,09:45:49,12.03,-0.02,3,3611,卖盘
293,09:45:55,12.04,0.01,1,1204,卖盘
294,09:45:58,12.04,0.0,10,12040,卖盘
295,09:46:01,12.04,0.0,8,9632,卖盘
296,09:46:04,12.04,0.0,2,2408,卖盘
297,09:46:07,12.04,0.0,29,34916,卖盘
298,09:46:10,12.04,0.0,2,2408,买盘
299,09:46:13,12.05,0.01,37,44580,买盘
300,09:46:16,12.04,-0.01,40,48170,卖盘
301,09:46:19,12.04,0.0,26,31304,卖盘
302,09:46:21,12.03,-0.01,25,30075,卖盘
303,09:46:24,12.04,0.01,1,1204,买盘
304,09:46:28,12.03,-0.01,6,7221,卖盘
305,09:46:30,12.04,0.01,12,14439,买盘
306,09:46:34,12.03,-0.01,19,22858,卖盘
307,09:46:40,12.03,0.0,35,42105,卖盘
308,09:46:46,12.02,-0.01,26,31276,卖盘
309,09:46:49,12.02,0.0,45,54090,卖盘
310,09:46:52,12.0,-0.02,286,343434,卖盘
311,09:47:01,12.0,0.0,193,231800,卖盘
312,09:47:04,11.99,-0.01,1,1199,卖盘
313,09:47:07,12.0,0.01,10,11994,买盘
314,09:47:09,11.99,-0.01,152,182248,卖盘
315,09:47:12,11.99,0.0,16,19184,买盘
316,09:47:15,11.98,-0.01,39,46752,卖盘
317,09:47:19,11.98,0.0,55,65902,卖盘
318,09:47:22,11.98,0.0,21,25158,卖盘
319,09:47:25,11.99,0.01,73,87434,买盘
320,09:47:28,11.97,-0.02,14,16768,卖盘
321,09:47:31,11.97,0.0,17,20349,卖盘
322,09:47:34,11.96,-0.01,113,135161,卖盘
323,09:47:40,11.96,0.0,128,153092,卖盘
324,09:47:43,11.95,-0.01,138,164924,卖盘
325,09:47:49,11.95,0.0,28,33465,卖盘
326,09:47:52,11.95,0.0,18,21510,卖盘
327,09:47:58,11.94,-0.01,25,29854,卖盘
328,09:48:01,11.94,0.0,23,27474,卖盘
329,09:48:04,11.93,-0.01,32,38202,卖盘
330,09:48:07,11.94,0.01,47,56118,卖盘
331,09:48:09,11.94,0.0,53,63282,卖盘
332,09:48:13,11.93,-0.01,9,10737,卖盘
333,09:48:16,11.94,0.01,153,182581,买盘
334,09:48:19,11.94,0.0,22,26264,卖盘
335,09:48:22,11.94,0.0,262,312605,卖盘
336,09:48:25,11.94,0.0,19,22685,卖盘
337,09:48:31,11.93,-0.01,10,11930,卖盘
338,09:48:34,11.93,0.0,117,139588,卖盘
339,09:48:37,11.93,0.0,37,44142,卖盘
340,09:48:40,11.92,-0.01,97,115665,卖盘
341,09:48:42,11.92,0.0,4,4769,卖盘
342,09:48:46,11.92,0.0,11,13112,卖盘
343,09:48:49,11.92,0.0,10,11920,卖盘
344,09:48:52,11.91,-0.01,55,65540,卖盘
345,09:48:55,11.92,0.01,105,125060,买盘
346,09:48:58,11.9,-0.02,287,341566,卖盘
347,09:49:01,11.92,0.02,230,273772,买盘
348,09:49:04,11.89,-0.03,20,23780,卖盘
349,09:49:06,11.89,0.0,36,42804,卖盘
350,09:49:10,11.89,0.0,4,4756,买盘
351,09:49:13,11.89,0.0,13,15445,买盘
352,09:49:16,11.88,-0.01,82,97425,卖盘
353,09:49:19,11.87,-0.01,19,22558,卖盘
354,09:49:22,11.85,-0.02,202,239421,卖盘
355,09:49:24,11.87,0.02,10,11866,买盘
356,09:49:27,11.85,-0.02,13,15411,卖盘
357,09:49:31,11.85,0.0,65,76880,买盘
358,09:49:34,11.8,-0.05,373,440406,卖盘
359,09:49:37,11.83,0.03,13,15345,买盘
360,09:49:40,11.8,-0.03,32,37771,中性盘
361,09:49:43,11.79,-0.01,22,25948,卖盘
362,09:49:46,11.78,-0.01,35,41230,卖盘
363,09:49:49,11.77,-0.01,115,135218,卖盘
364,09:49:52,11.74,-0.03,108,126713,中性盘
365,09:49:54,11.7,-0.04,258,302054,卖盘
366,09:49:58,11.7,0.0,56,65519,买盘
367,09:50:01,11.69,-0.01,61,71259,中性盘
368,09:50:04,11.67,-0.02,142,165899,卖盘
369,09:50:07,11.68,0.01,230,268268,买盘
370,09:50:09,11.62,-0.06,59,68814,卖盘
371,09:50:13,11.62,0.0,188,218253,卖盘
372,09:50:16,11.61,-0.01,260,301959,中性盘
373,09:50:19,11.61,0.0,181,210296,卖盘
374,09:50:22,11.62,0.01,138,160399,中性盘
375,09:50:25,11.64,0.02,102,118703,中性盘
376,09:50:28,11.62,-0.02,168,195421,卖盘
377,09:50:30,11.65,0.03,157,182621,中性盘
378,09:50:34,11.66,0.01,128,148883,卖盘
379,09:50:37,11.68,0.02,214,249712,买盘
380,09:50:40,11.69,0.01,208,242920,买盘
381,09:50:43,11.7,0.01,220,257005,买盘
382,09:50:45,11.7,0.0,90,105327,卖盘
383,09:50:49,11.71,0.01,64,74882,中性盘
384,09:50:52,11.79,0.08,1,1179,买盘
385,09:50:55,11.73,-0.06,20,23553,卖盘
386,09:50:58,11.75,0.02,51,59925,买盘
387,09:51:01,11.76,0.01,112,131421,买盘
388,09:51:04,11.75,-0.01,207,243454,卖盘
389,09:51:06,11.8,0.05,33,38890,买盘
390,09:51:09,11.79,-0.01,7,8258,卖盘
391,09:51:12,11.8,0.01,190,224079,买盘
392,09:51:16,11.8,0.0,78,92007,买盘
393,09:51:19,11.8,0.0,15,17700,卖盘
394,09:51:22,11.8,0.0,42,49560,卖盘
395,09:51:25,11.8,0.0,64,75520,卖盘
396,09:51:28,11.8,0.0,38,44818,买盘
397,09:51:30,11.8,0.0,35,41298,买盘
398,09:51:34,11.8,0.0,71,83774,买盘
399,09:51:37,11.8,0.0,83,97927,买盘
400,09:51:40,11.82,0.02,49,57826,买盘
401,09:51:43,11.8,-0.02,23,27166,卖盘
402,09:51:45,11.8,0.0,5,5900,卖盘
403,09:51:49,11.8,0.0,12,14160,卖盘
404,09:51:52,11.82,0.02,105,124140,买盘
405,09:51:55,11.82,0.0,84,99249,卖盘
406,09:51:57,11.8,-0.02,40,47217,卖盘
407,09:52:01,11.82,0.02,28,33096,买盘
408,09:52:04,11.83,0.01,135,159567,买盘
409,09:52:10,11.82,-0.01,32,37824,买盘
410,09:52:13,11.83,0.01,171,201981,买盘
411,09:52:16,11.81,-0.02,62,73240,中性盘
412,09:52:19,11.81,0.0,98,115732,买盘
413,09:52:22,11.8,-0.01,19,22437,卖盘
414,09:52:24,11.81,0.01,15,17715,买盘
415,09:52:28,11.81,0.0,36,42493,买盘
416,09:52:31,11.82,0.01,118,139361,买盘
417,09:52:33,11.82,0.0,112,132406,卖盘
418,09:52:37,11.82,0.0,9,10638,卖盘
419,09:52:40,11.82,0.0,45,53187,卖盘
420,09:52:43,11.82,0.0,24,28365,买盘
421,09:52:46,11.81,-0.01,49,57869,卖盘
422,09:52:49,11.81,0.0,78,92118,买盘
423,09:52:52,11.81,0.0,118,139267,买盘
424,09:52:55,11.81,0.0,73,86205,中性盘
425,09:52:58,11.8,-0.01,63,74360,卖盘
426,09:53:01,11.82,0.02,9,10636,买盘
427,09:53:04,11.81,-0.01,64,75594,卖盘
428,09:53:06,11.81,0.0,46,54326,买盘
429,09:53:10,11.81,0.0,86,101500,买盘
430,09:53:13,11.8,-0.01,330,389410,卖盘
431,09:53:16,11.8,0.0,206,243066,卖盘
432,09:53:19,11.78,-0.02,26,30628,卖盘
433,09:53:22,11.8,0.02,20,23600,买盘
434,09:53:24,11.78,-0.02,17,20032,卖盘
435,09:53:31,11.76,-0.02,67,78852,卖盘
436,09:53:34,11.75,-0.01,153,179794,卖盘
437,09:53:37,11.71,-0.04,44,51643,卖盘
438,09:53:40,11.75,0.04,20,23490,买盘
439,09:53:43,11.71,-0.04,99,115850,卖盘
440,09:53:46,11.68,-0.03,120,140436,卖盘
441,09:53:48,11.7,0.02,5,5850,卖盘
442,09:53:52,11.69,-0.01,25,29226,卖盘
443,09:53:55,11.68,-0.01,71,82968,卖盘
444,09:53:57,11.66,-0.02,116,135373,卖盘
445,09:54:01,11.66,0.0,67,78159,买盘
446,09:54:04,11.68,0.02,24,27991,买盘
447,09:54:07,11.65,-0.03,110,128241,卖盘
448,09:54:10,11.66,0.01,592,687971,买盘
449,09:54:13,11.67,0.01,14,16349,中性盘
450,09:54:15,11.68,0.01,127,148186,买盘
451,09:54:19,11.68,0.0,140,163709,买盘
452,09:54:21,11.7,0.02,154,180126,买盘
453,09:54:25,11.7,0.0,30,35066,中性盘
454,09:54:28,11.7,0.0,63,73737,卖盘
455,09:54:31,11.75,0.05,43,50542,买盘
456,09:54:34,11.74,-0.01,2,2348,中性盘
457,09:54:37,11.74,0.0,20,23456,买盘
458,09:54:40,11.7,-0.04,94,110048,卖盘
459,09:54:43,11.74,0.04,22,25820,买盘
460,09:54:46,11.74,0.0,15,17610,买盘
461,09:54:49,11.74,0.0,61,71510,买盘
462,09:54:52,11.73,-0.01,15,17595,买盘
463,09:54:54,11.73,0.0,87,102083,买盘
464,09:54:58,11.71,-0.02,73,85544,卖盘
465,09:55:01,11.74,0.03,20,23462,买盘
466,09:55:04,11.73,-0.01,17,19941,卖盘
467,09:55:07,11.74,0.01,18,21115,买盘
468,09:55:09,11.74,0.0,5,5868,买盘
469,09:55:13,11.74,0.0,9,10566,买盘
470,09:55:15,11.74,0.0,53,62172,买盘
471,09:55:19,11.74,0.0,13,15262,买盘
472,09:55:22,11.73,-0.01,69,80978,卖盘
473,09:55:25,11.73,0.0,5,5865,买盘
474,09:55:28,11.73,0.0,14,16422,买盘
475,09:55:31,11.75,0.02,15,17625,买盘
476,09:55:33,11.75,0.0,24,28195,买盘
477,09:55:40,11.74,-0.01,45,52855,卖盘
478,09:55:46,11.74,0.0,17,19958,买盘
479,09:55:49,11.74,0.0,76,89173,买盘
480,09:55:52,11.73,-0.01,27,31672,卖盘
481,09:55:55,11.76,0.03,18,21168,买盘
482,09:55:58,11.74,-0.02,73,85726,卖盘
483,09:56:01,11.74,0.0,33,38742,买盘
484,09:56:04,11.74,0.0,43,50452,买盘
485,09:56:07,11.74,0.0,43,50482,买盘
486,09:56:10,11.74,0.0,11,12914,买盘
487,09:56:16,11.74,0.0,5,5870,卖盘
488,09:56:18,11.75,0.01,10,11750,买盘
489,09:56:22,11.75,0.0,18,21150,卖盘
490,09:56:25,11.76,0.01,5,5880,买盘
491,09:56:28,11.77,0.01,6,7059,买盘
492,09:56:31,11.76,-0.01,3,3528,卖盘
493,09:56:33,11.77,0.01,4,4708,买盘
494,09:56:37,11.8,0.03,152,179260,买盘
495,09:56:43,11.81,0.01,46,54296,买盘
496,09:56:46,11.81,0.0,14,16526,买盘
497,09:56:49,11.85,0.04,115,136105,买盘
498,09:56:54,11.85,0.0,9,10665,卖盘
499,09:56:58,11.88,0.03,69,81843,买盘
500,09:57:07,11.88,0.0,86,102271,买盘
501,09:57:10,11.86,-0.02,100,118672,卖盘
502,09:57:13,11.88,0.02,14,16631,卖盘
503,09:57:15,11.9,0.02,115,136881,买盘
504,09:57:18,11.9,0.0,43,51170,卖盘
505,09:57:25,11.86,-0.04,128,152122,卖盘
506,09:57:28,11.89,0.03,17,20213,买盘
507,09:57:34,11.89,0.0,9,10701,买盘
508,09:57:37,11.85,-0.04,92,109140,卖盘
509,09:57:40,11.85,0.0,2,2370,买盘
510,09:57:43,11.85,0.0,1,1185,买盘
511,09:57:45,11.85,0.0,1,1185,买盘
512,09:57:48,11.8,-0.05,91,107434,卖盘
513,09:57:52,11.81,0.01,8,9469,卖盘
514,09:57:55,11.84,0.03,5,5913,买盘
515,09:57:58,11.84,0.0,6,7089,买盘
516,09:58:00,11.84,0.0,16,18895,买盘
517,09:58:04,11.83,-0.01,12,14196,买盘
518,09:58:06,11.83,0.0,3,3549,买盘
519,09:58:10,11.81,-0.02,17,20085,卖盘
520,09:58:13,11.83,0.02,4,4732,买盘
521,09:58:16,11.81,-0.02,86,101630,卖盘
522,09:58:19,11.84,0.03,36,42525,买盘
523,09:58:22,11.83,-0.01,2,2366,买盘
524,09:58:31,11.84,0.01,44,52002,买盘
525,09:58:34,11.84,0.0,18,21283,买盘
526,09:58:37,11.84,0.0,6,7104,买盘
527,09:58:40,11.8,-0.04,9,10620,卖盘
528,09:58:45,11.8,0.0,16,18888,卖盘
529,09:58:49,11.82,0.02,8,9454,中性盘
530,09:58:51,11.8,-0.02,119,140550,卖盘
531,09:59:00,11.8,0.0,3,3540,卖盘
532,09:59:07,11.81,0.01,77,90897,买盘
533,09:59:10,11.81,0.0,52,61406,买盘
534,09:59:12,11.83,0.02,108,127620,买盘
535,09:59:16,11.81,-0.02,20,23624,卖盘
536,09:59:19,11.83,0.02,10,11830,买盘
537,09:59:22,11.81,-0.02,8,9448,卖盘
538,09:59:25,11.82,0.01,10,11820,中性盘
539,09:59:30,11.83,0.01,205,242071,买盘
540,09:59:33,11.82,-0.01,46,54389,中性盘
541,09:59:43,11.8,-0.02,33,38955,卖盘
542,09:59:46,11.83,0.03,5,5915,买盘
543,09:59:49,11.82,-0.01,14,16548,卖盘
544,09:59:55,11.81,-0.01,7,8267,卖盘
545,09:59:58,11.82,0.01,1,1182,买盘
546,10:00:01,11.81,-0.01,10,11810,卖盘
547,10:00:04,11.82,0.01,2,2364,买盘
548,10:00:07,11.82,0.0,22,26004,买盘
549,10:00:10,11.81,-0.01,40,47255,卖盘
550,10:00:13,11.81,0.0,3,3544,卖盘
551,10:00:16,11.81,0.0,36,42520,卖盘
552,10:00:18,11.81,0.0,3,3543,买盘
553,10:00:22,11.81,0.0,31,36603,买盘
554,10:00:24,11.81,0.0,29,34247,买盘
555,10:00:28,11.81,0.0,1,1181,买盘
556,10:00:31,11.81,0.0,5,5903,买盘
557,10:00:34,11.8,-0.01,1,1180,卖盘
558,10:00:37,11.8,0.0,10,11800,卖盘
559,10:00:40,11.8,0.0,49,57857,卖盘
560,10:00:42,11.8,0.0,35,41308,卖盘
561,10:00:52,11.8,0.0,57,67265,卖盘
562,10:00:54,11.8,0.0,15,17700,买盘
563,10:00:57,11.8,0.0,1,1180,卖盘
564,10:01:01,11.79,-0.01,21,24773,卖盘
565,10:01:04,11.8,0.01,9,10620,买盘
566,10:01:06,11.8,0.0,3,3541,卖盘
567,10:01:10,11.8,0.0,27,31860,卖盘
568,10:01:13,11.81,0.01,14,16528,买盘
569,10:01:15,11.81,0.0,20,23620,买盘
570,10:01:19,11.81,0.0,44,51947,买盘
571,10:01:22,11.81,0.0,21,24800,买盘
572,10:01:24,11.81,0.0,28,33068,买盘
573,10:01:28,11.81,0.0,30,35430,买盘
574,10:01:31,11.82,0.01,2,2364,买盘
575,10:01:34,11.81,-0.01,5,5905,卖盘
576,10:01:40,11.81,0.0,97,114557,卖盘
577,10:01:43,11.82,0.01,2,2364,买盘
578,10:01:46,11.82,0.0,41,48424,买盘
579,10:01:49,11.82,0.0,52,61464,买盘
580,10:01:52,11.82,0.0,42,49644,买盘
581,10:01:54,11.81,-0.01,52,61444,卖盘
582,10:02:01,11.81,0.0,128,151266,卖盘
583,10:02:04,11.82,0.01,21,24834,中性盘
584,10:02:07,11.83,0.01,65,76888,买盘
585,10:02:10,11.84,0.01,167,197626,买盘
586,10:02:13,11.85,0.01,168,198894,买盘
587,10:02:16,11.83,-0.02,9,10656,卖盘
588,10:02:19,11.83,0.0,79,93549,卖盘
589,10:02:22,11.86,0.03,4,4744,买盘
590,10:02:25,11.86,0.0,13,15408,买盘
591,10:02:27,11.86,0.0,12,14232,买盘
592,10:02:30,11.86,0.0,28,33208,卖盘
593,10:02:34,11.85,-0.01,63,74666,卖盘
594,10:02:37,11.85,0.0,19,22515,买盘
595,10:02:40,11.88,0.03,65,77091,买盘
596,10:02:43,11.88,0.0,11,13068,卖盘
597,10:02:46,11.89,0.01,15,17834,买盘
598,10:02:52,11.9,0.01,49,58262,买盘
599,10:02:55,11.91,0.01,5,5955,买盘
600,10:02:58,11.9,-0.01,75,89251,卖盘
601,10:03:01,11.9,0.0,30,35700,买盘
602,10:03:04,11.9,0.0,8,9520,买盘
603,10:03:07,11.92,0.02,6,7152,买盘
604,10:03:10,11.91,-0.01,5,5955,卖盘
605,10:03:13,11.91,0.0,64,76224,卖盘
606,10:03:15,11.93,0.02,21,25043,买盘
607,10:03:21,11.92,-0.01,81,96617,卖盘
608,10:03:25,11.91,-0.01,68,81006,卖盘
609,10:03:28,11.92,0.01,112,133504,买盘
610,10:03:31,11.93,0.01,94,112094,买盘
611,10:03:33,11.93,0.0,53,63255,卖盘
612,10:03:36,11.93,0.0,102,121755,卖盘
613,10:03:40,11.93,0.0,7,8351,买盘
614,10:03:43,11.93,0.0,31,36983,买盘
615,10:03:46,11.93,0.0,31,36983,买盘
616,10:03:49,11.93,0.0,89,106112,买盘
617,10:03:52,11.93,0.0,15,17895,买盘
618,10:03:55,11.93,0.0,19,22657,买盘
619,10:03:58,11.93,0.0,54,64422,买盘
620,10:04:00,11.94,0.01,52,62039,买盘
621,10:04:03,11.94,0.0,19,22686,买盘
622,10:04:06,11.95,0.01,39,46544,买盘
623,10:04:10,11.95,0.0,12,14340,买盘
624,10:04:13,11.95,0.0,54,64516,买盘
625,10:04:16,11.95,0.0,17,20315,买盘
626,10:04:19,11.95,0.0,30,35850,买盘
627,10:04:22,11.96,0.01,20,23919,买盘
628,10:04:25,11.95,-0.01,190,227229,卖盘
629,10:04:28,11.99,0.04,15,17985,买盘
630,10:04:30,11.99,0.0,24,28776,买盘
631,10:04:34,11.96,-0.03,27,32358,卖盘
632,10:04:37,12.01,0.05,106,127253,买盘
633,10:04:40,12.01,0.0,169,203110,卖盘
634,10:04:43,12.01,0.0,40,48040,买盘
635,10:04:46,12.0,-0.01,115,138090,卖盘
636,10:04:49,12.03,0.03,118,141743,买盘
637,10:04:52,12.02,-0.01,30,36077,卖盘
638,10:04:54,12.06,0.04,15,18075,买盘
639,10:04:58,12.06,0.0,165,198646,买盘
640,10:05:01,12.06,0.0,30,36173,中性盘
641,10:05:04,12.05,-0.01,30,36171,卖盘
642,10:05:07,12.06,0.01,45,54270,卖盘
643,10:05:09,12.04,-0.02,2,2409,卖盘
644,10:05:13,12.04,0.0,10,12040,买盘
645,10:05:16,12.0,-0.04,172,206878,卖盘
646,10:05:19,11.96,-0.04,18,21606,卖盘
647,10:05:22,12.02,0.06,60,72120,买盘
648,10:05:25,12.02,0.0,8,9616,买盘
649,10:05:28,12.0,-0.02,42,50248,中性盘
650,10:05:31,11.96,-0.04,13,15557,中性盘
651,10:05:33,12.0,0.04,17,20388,买盘
652,10:05:37,12.02,0.02,10,12017,买盘
653,10:05:42,12.02,0.0,60,72012,买盘
654,10:05:46,11.96,-0.06,3,3588,卖盘
655,10:05:49,12.02,0.06,32,38328,买盘
656,10:05:52,12.0,-0.02,29,34726,中性盘
657,10:05:55,11.96,-0.04,46,55072,卖盘
658,10:05:58,12.0,0.04,23,27519,买盘
659,10:06:01,12.0,0.0,17,20388,买盘
660,10:06:04,12.0,0.0,25,29904,买盘
661,10:06:07,12.0,0.0,10,12000,买盘
662,10:06:13,12.0,0.0,23,27617,卖盘
663,10:06:16,12.0,0.0,16,19205,卖盘
664,10:06:19,12.0,0.0,52,62460,卖盘
665,10:06:22,12.0,0.0,10,12000,卖盘
666,10:06:25,12.01,0.01,12,14407,买盘
667,10:06:28,11.96,-0.05,15,17942,卖盘
668,10:06:31,12.0,0.04,15,18000,买盘
669,10:06:34,12.0,0.0,5,6000,买盘
670,10:06:39,11.96,-0.04,4,4784,卖盘
671,10:06:43,12.0,0.04,62,74389,买盘
672,10:06:49,12.0,0.0,74,88792,买盘
673,10:06:52,12.0,0.0,133,159600,买盘
674,10:06:55,12.0,0.0,34,40800,卖盘
675,10:06:58,12.01,0.01,67,80446,买盘
676,10:07:04,12.01,0.0,59,70860,买盘
677,10:07:06,12.01,0.0,14,16814,卖盘
678,10:07:09,12.01,0.0,108,129880,卖盘
679,10:07:13,12.04,0.03,65,78132,买盘
680,10:07:19,12.02,-0.02,1,1202,买盘
681,10:07:22,12.04,0.02,3,3612,买盘
682,10:07:28,12.03,-0.01,22,26476,卖盘
683,10:07:31,12.03,0.0,6,7218,买盘
684,10:07:37,12.02,-0.01,11,13224,卖盘
685,10:07:43,12.01,-0.01,43,51682,卖盘
686,10:07:45,12.02,0.01,11,13222,买盘
687,10:07:49,12.02,0.0,1,1202,买盘
688,10:07:52,12.01,-0.01,7,8407,卖盘
689,10:07:58,12.01,0.0,12,14422,卖盘
690,10:08:01,12.01,0.0,45,54045,卖盘
691,10:08:07,12.01,0.0,11,13208,买盘
692,10:08:09,12.0,-0.01,90,108000,卖盘
693,10:08:13,12.0,0.0,35,42010,卖盘
694,10:08:16,12.01,0.01,209,250828,买盘
695,10:08:19,12.0,-0.01,56,67200,卖盘
696,10:08:22,11.99,-0.01,53,63582,卖盘
697,10:08:30,11.96,-0.03,10,11960,卖盘
698,10:08:33,11.99,0.03,43,51505,买盘
699,10:08:37,11.96,-0.03,18,21552,卖盘
700,10:08:43,11.96,0.0,32,38272,卖盘
701,10:08:49,11.98,0.02,29,34679,买盘
702,10:08:52,11.96,-0.02,31,37061,买盘
703,10:08:55,11.96,0.0,5,5980,买盘
704,10:08:57,11.95,-0.01,35,41825,卖盘
705,10:09:01,11.96,0.01,5,5980,买盘
706,10:09:04,11.95,-0.01,14,16730,卖盘
707,10:09:06,11.95,0.0,5,5975,卖盘
708,10:09:13,11.95,0.0,2,2390,卖盘
709,10:09:22,11.95,0.0,9,10755,卖盘
710,10:09:37,11.94,-0.01,1,1194,卖盘
711,10:09:39,11.95,0.01,10,11950,买盘
712,10:09:42,11.93,-0.02,20,23867,卖盘
713,10:09:52,11.91,-0.02,67,79842,卖盘
714,10:09:58,11.94,0.03,1,1194,中性盘
715,10:10:01,11.94,0.0,2,2388,卖盘
716,10:10:04,11.91,-0.03,3,3573,卖盘
717,10:10:10,11.94,0.03,2,2388,买盘
718,10:10:19,11.94,0.0,20,23880,买盘
719,10:10:22,11.92,-0.02,16,19084,卖盘
720,10:10:25,11.92,0.0,3,3578,中性盘
721,10:10:30,11.92,0.0,3,3576,卖盘
722,10:10:33,11.94,0.02,1,1194,买盘
723,10:10:55,11.94,0.0,27,32238,买盘
724,10:10:58,11.92,-0.02,7,8344,卖盘
725,10:11:01,11.94,0.02,34,40596,买盘
726,10:11:04,11.92,-0.02,11,13114,卖盘
727,10:11:06,11.92,0.0,88,104902,卖盘
728,10:11:09,11.92,0.0,11,13112,买盘
729,10:11:13,11.92,0.0,25,29800,买盘
730,10:11:16,11.91,-0.01,186,221643,卖盘
731,10:11:19,11.91,0.0,6,7146,买盘
732,10:11:22,11.91,0.0,41,48831,买盘
733,10:11:24,11.9,-0.01,65,77350,卖盘
734,10:11:28,11.9,0.0,3,3570,卖盘
735,10:11:34,11.9,0.0,10,11900,卖盘
736,10:11:37,11.94,0.04,26,31021,买盘
737,10:11:43,11.95,0.01,27,32264,买盘
738,10:11:52,11.9,-0.05,40,47607,卖盘
739,10:11:55,11.94,0.04,8,9552,买盘
740,10:11:58,11.95,0.01,34,40630,买盘
741,10:12:07,11.94,-0.01,2,2388,卖盘
742,10:12:13,11.94,0.0,3,3582,买盘
743,10:12:16,11.94,0.0,1,1194,买盘
744,10:12:19,11.94,0.0,27,32238,买盘
745,10:12:31,11.9,-0.04,103,122639,卖盘
746,10:12:34,11.91,0.01,8,9528,买盘
747,10:12:46,11.89,-0.02,74,88086,卖盘
748,10:12:52,11.89,0.0,56,66584,卖盘
749,10:13:01,11.89,0.0,21,24969,买盘
750,10:13:04,11.88,-0.01,11,13068,卖盘
751,10:13:07,11.88,0.0,6,7128,卖盘
752,10:13:10,11.88,0.0,22,26136,卖盘
753,10:13:15,11.88,0.0,52,61776,卖盘
754,10:13:18,11.89,0.01,1,1189,买盘
755,10:13:28,11.89,0.0,36,42804,买盘
756,10:13:36,11.89,0.0,3,3567,卖盘
757,10:13:40,11.9,0.01,2,2380,买盘
758,10:13:43,11.91,0.01,4,4764,买盘
759,10:13:49,11.91,0.0,22,26202,买盘
760,10:13:52,11.9,-0.01,29,34510,卖盘
761,10:13:55,11.91,0.01,20,23818,买盘
762,10:13:57,11.89,-0.02,36,42831,卖盘
763,10:14:00,11.91,0.02,15,17865,买盘
764,10:14:04,11.91,0.0,5,5955,买盘
765,10:14:13,11.9,-0.01,1,1190,卖盘
766,10:14:18,11.9,0.0,1,1190,卖盘
767,10:14:31,11.9,0.0,10,11909,卖盘
768,10:14:37,11.91,0.01,2,2382,买盘
769,10:14:43,11.9,-0.01,44,52360,卖盘
770,10:14:49,11.91,0.01,31,36901,买盘
771,10:14:54,11.91,0.0,43,51211,买盘
772,10:14:58,11.91,0.0,1,1191,买盘
773,10:15:04,11.91,0.0,4,4764,买盘
774,10:15:06,11.91,0.0,18,21438,买盘
775,10:15:16,11.91,0.0,14,16674,卖盘
776,10:15:19,11.92,0.01,2,2383,买盘
777,10:15:24,11.91,-0.01,12,14293,卖盘
778,10:15:28,11.91,0.0,2,2382,买盘
779,10:15:33,11.91,0.0,10,11910,买盘
780,10:15:36,11.9,-0.01,31,36898,卖盘
781,10:15:42,11.94,0.04,27,32206,买盘
782,10:15:45,11.9,-0.04,62,73801,卖盘
783,10:15:52,11.91,0.01,10,11910,卖盘
784,10:16:00,11.91,0.0,9,10719,卖盘
785,10:16:04,11.91,0.0,10,11910,卖盘
786,10:16:07,11.9,-0.01,16,19054,卖盘
787,10:16:10,11.91,0.01,7,8337,买盘
788,10:16:16,11.91,0.0,16,19056,买盘
789,10:16:19,11.9,-0.01,6,7142,卖盘
790,10:16:25,11.9,0.0,34,40492,卖盘
791,10:16:34,11.94,0.04,19,22684,买盘
792,10:16:37,11.91,-0.03,1,1191,卖盘
793,10:16:55,11.92,0.01,4,4768,卖盘
794,10:16:58,11.91,-0.01,16,19056,卖盘
795,10:17:01,11.91,0.0,11,13101,买盘
796,10:17:04,11.91,0.0,53,63123,买盘
797,10:17:13,11.91,0.0,5,5955,买盘
798,10:17:15,11.91,0.0,27,32157,买盘
799,10:17:18,11.9,-0.01,2,2380,卖盘
800,10:17:22,11.91,0.01,51,60740,买盘
801,10:17:25,11.91,0.0,5,5955,买盘
802,10:17:28,11.91,0.0,1,1191,买盘
803,10:17:31,11.9,-0.01,12,14280,卖盘
804,10:17:34,11.91,0.01,7,8334,买盘
805,10:17:39,11.91,0.0,1,1191,买盘
806,10:17:43,11.91,0.0,10,11910,买盘
807,10:17:49,11.91,0.0,2,2382,卖盘
808,10:17:55,11.91,0.0,9,10719,卖盘
809,10:18:01,11.91,0.0,47,55997,卖盘
810,10:18:07,11.91,0.0,67,79797,买盘
811,10:18:16,11.91,0.0,26,30966,卖盘
812,10:18:22,11.91,0.0,27,32157,卖盘
813,10:18:25,11.91,0.0,10,11910,卖盘
814,10:18:28,11.91,0.0,53,63123,卖盘
815,10:18:34,11.94,0.03,1,1194,买盘
816,10:18:37,11.94,0.0,5,5970,买盘
817,10:18:39,11.94,0.0,13,15522,买盘
818,10:18:43,11.96,0.02,127,151704,买盘
819,10:18:57,11.96,0.0,3,3588,买盘
820,10:19:00,11.96,0.0,12,14352,买盘
821,10:19:04,11.96,0.0,3,3588,买盘
822,10:19:10,11.96,0.0,19,22724,买盘
823,10:19:12,11.96,0.0,16,19136,卖盘
824,10:19:15,11.98,0.02,11,13172,买盘
825,10:19:18,11.98,0.0,19,22762,买盘
826,10:19:28,11.98,0.0,13,15574,卖盘
827,10:19:31,12.0,0.02,17,20386,买盘
828,10:19:34,11.96,-0.04,2,2392,卖盘
829,10:19:43,12.0,0.04,14,16800,买盘
830,10:19:49,12.0,0.0,1,1200,买盘
831,10:19:51,12.0,0.0,12,14397,买盘
832,10:19:54,12.0,0.0,15,18000,买盘
833,10:20:04,12.0,0.0,43,51600,买盘
834,10:20:07,12.0,0.0,14,16800,买盘
835,10:20:10,12.0,0.0,3,3600,买盘
836,10:20:13,11.99,-0.01,2,2398,卖盘
837,10:20:15,11.99,0.0,3,3597,卖盘
838,10:20:19,12.0,0.01,95,113963,买盘
839,10:20:25,12.0,0.0,21,25200,卖盘
840,10:20:28,11.98,-0.02,20,23961,卖盘
841,10:20:37,11.98,0.0,14,16772,卖盘
842,10:20:40,11.98,0.0,1,1198,买盘
843,10:20:43,11.98,0.0,4,4792,买盘
844,10:20:52,11.97,-0.01,1,1197,卖盘
845,10:20:58,11.97,0.0,12,14361,买盘
846,10:21:04,11.98,0.01,5,5988,买盘
847,10:21:16,11.96,-0.02,43,51461,卖盘
848,10:21:22,11.96,0.0,3,3588,卖盘
849,10:21:25,11.96,0.0,1,1196,卖盘
850,10:21:28,11.96,0.0,20,23920,卖盘
851,10:21:31,11.97,0.01,22,26334,买盘
852,10:21:34,11.97,0.0,17,20349,买盘
853,10:21:37,11.97,0.0,5,5985,买盘
854,10:21:46,11.97,0.0,1,1197,买盘
855,10:21:52,11.97,0.0,9,10773,买盘
856,10:21:55,11.97,0.0,20,23940,买盘
857,10:22:01,11.96,-0.01,2,2392,卖盘
858,10:22:10,11.96,0.0,62,74152,卖盘
859,10:22:18,11.96,0.0,20,23920,卖盘
860,10:22:21,11.97,0.01,88,105336,买盘
861,10:22:37,11.97,0.0,51,61057,卖盘
862,10:22:40,11.97,0.0,8,9576,买盘
863,10:22:43,11.96,-0.01,20,23920,卖盘
864,10:22:49,11.96,0.0,30,35880,卖盘
865,10:22:58,11.97,0.01,47,56217,买盘
866,10:23:06,11.97,0.0,5,5985,买盘
867,10:23:10,11.96,-0.01,5,5980,卖盘
868,10:23:13,11.96,0.0,23,27508,卖盘
869,10:23:19,11.96,0.0,12,14352,卖盘
870,10:23:24,11.96,0.0,5,5980,卖盘
871,10:23:28,11.97,0.01,1,1197,买盘
872,10:23:34,11.96,-0.01,8,9573,卖盘
873,10:23:37,11.97,0.01,30,35910,买盘
874,10:23:43,11.97,0.0,7,8379,买盘
875,10:23:46,11.96,-0.01,1,1196,卖盘
876,10:23:48,11.97,0.01,2,2394,买盘
877,10:23:51,11.97,0.0,80,95760,买盘
878,10:23:55,11.97,0.0,34,40698,买盘
879,10:24:07,11.97,0.0,1,1197,卖盘
880,10:24:10,11.98,0.01,52,62296,买盘
881,10:24:12,11.98,0.0,5,5994,卖盘
882,10:24:16,11.99,0.01,13,15587,买盘
883,10:24:28,11.99,0.0,10,11990,卖盘
884,10:24:31,12.0,0.01,46,55200,买盘
885,10:24:37,12.0,0.0,57,68400,买盘
886,10:24:40,12.01,0.01,184,220984,买盘
887,10:24:43,12.0,-0.01,60,72043,卖盘
888,10:24:51,12.02,0.02,16,19232,买盘
889,10:24:57,12.03,0.01,2,2406,中性盘
890,10:25:01,12.03,0.0,24,28872,卖盘
891,10:25:07,12.04,0.01,11,13244,买盘
892,10:25:10,12.04,0.0,81,97550,买盘
893,10:25:19,12.05,0.01,9,10845,买盘
894,10:25:22,12.05,0.0,35,42175,买盘
895,10:25:25,12.05,0.0,2,2410,中性盘
896,10:25:31,12.05,0.0,14,16871,卖盘
897,10:25:36,12.05,0.0,9,10845,买盘
898,10:25:43,12.05,0.0,18,21688,买盘
899,10:25:46,12.05,0.0,17,20485,买盘
900,10:25:48,12.05,0.0,35,42175,卖盘
901,10:25:51,12.05,0.0,20,24117,卖盘
902,10:25:58,12.07,0.02,1,1207,买盘
903,10:26:04,12.06,-0.01,1,1206,卖盘
904,10:26:07,12.06,0.0,6,7236,卖盘
905,10:26:10,12.07,0.01,31,37390,买盘
906,10:26:13,12.07,0.0,3,3621,买盘
907,10:26:18,12.07,0.0,50,60350,买盘
908,10:26:21,12.06,-0.01,3,3618,卖盘
909,10:26:25,12.06,0.0,19,22914,卖盘
910,10:26:28,12.07,0.01,20,24124,买盘
911,10:26:31,12.05,-0.02,65,78330,卖盘
912,10:26:34,12.06,0.01,113,136172,买盘
913,10:26:43,12.04,-0.02,3,3612,卖盘
914,10:26:46,12.04,0.0,22,26488,卖盘
915,10:26:48,12.04,0.0,38,45755,卖盘
916,10:26:58,12.04,0.0,5,6020,买盘
917,10:27:01,12.03,-0.01,8,9627,卖盘
918,10:27:04,12.03,0.0,15,18045,卖盘
919,10:27:07,12.04,0.01,23,27672,买盘
920,10:27:16,12.02,-0.02,6,7212,卖盘
921,10:27:31,12.01,-0.01,1,1201,卖盘
922,10:27:37,12.01,0.0,7,8407,卖盘
923,10:27:40,12.01,0.0,33,39633,买盘
924,10:27:46,12.01,0.0,5,6005,买盘
925,10:27:48,12.02,0.01,24,28843,买盘
926,10:27:55,12.03,0.01,23,27669,买盘
927,10:27:58,12.02,-0.01,31,37269,卖盘
928,10:28:04,12.04,0.02,48,57789,买盘
929,10:28:07,12.04,0.0,18,21672,卖盘
930,10:28:13,12.04,0.0,4,4816,买盘
931,10:28:16,12.04,0.0,1,1204,买盘
932,10:28:22,12.05,0.01,40,48200,买盘
933,10:28:24,12.05,0.0,1,1205,卖盘
934,10:28:33,12.06,0.01,25,30150,买盘
935,10:28:37,12.06,0.0,30,36174,买盘
936,10:28:40,12.06,0.0,10,12060,卖盘
937,10:28:42,12.07,0.01,39,47071,买盘
938,10:28:46,12.08,0.01,5,6040,买盘
939,10:28:49,12.08,0.0,11,13288,买盘
940,10:28:52,12.07,-0.01,23,27769,卖盘
941,10:28:55,12.08,0.01,23,27784,买盘
942,10:28:58,12.08,0.0,21,25367,买盘
943,10:29:04,12.07,-0.01,4,4828,卖盘
944,10:29:07,12.08,0.01,4,4832,买盘
945,10:29:12,12.07,-0.01,5,6035,卖盘
946,10:29:16,12.07,0.0,14,16899,卖盘
947,10:29:19,12.07,0.0,11,13277,卖盘
948,10:29:22,12.08,0.01,14,16900,买盘
949,10:29:24,12.07,-0.01,10,12070,中性盘
950,10:29:31,12.07,0.0,2,2414,买盘
951,10:29:34,12.05,-0.02,50,60256,卖盘
952,10:29:37,12.06,0.01,23,27738,买盘
953,10:29:40,12.06,0.0,4,4824,买盘
954,10:29:46,12.07,0.01,30,36185,买盘
955,10:29:55,12.06,-0.01,27,32562,卖盘
956,10:29:58,12.06,0.0,23,27738,卖盘
957,10:30:09,12.06,0.0,11,13266,买盘
958,10:30:13,12.05,-0.01,56,67480,卖盘
959,10:30:18,12.05,0.0,20,24100,卖盘
960,10:30:21,12.05,0.0,50,60250,卖盘
961,10:30:34,12.05,0.0,1,1205,买盘
962,10:30:37,12.04,-0.01,2,2408,买盘
963,10:30:43,12.04,0.0,7,8428,买盘
964,10:30:46,12.03,-0.01,10,12030,卖盘
965,10:30:49,12.04,0.01,11,13234,中性盘
966,10:30:52,12.05,0.01,57,68645,买盘
967,10:31:04,12.04,-0.01,8,9632,买盘
968,10:31:10,12.04,0.0,25,30100,买盘
969,10:31:13,12.03,-0.01,4,4812,卖盘
970,10:31:16,12.03,0.0,7,8421,买盘
971,10:31:19,12.03,0.0,8,9624,买盘
972,10:31:22,12.03,0.0,133,159999,买盘
973,10:31:24,12.03,0.0,4,4812,卖盘
974,10:31:34,12.03,0.0,8,9624,卖盘
975,10:31:37,12.03,0.0,42,50560,卖盘
976,10:31:42,12.02,-0.01,2,2405,卖盘
977,10:31:46,12.04,0.02,63,75815,买盘
978,10:31:49,12.03,-0.01,8,9618,中性盘
979,10:31:52,12.03,0.0,1,1203,卖盘
980,10:31:58,12.04,0.01,1,1204,买盘
981,10:32:01,12.04,0.0,23,27689,买盘
982,10:32:04,12.02,-0.02,80,96221,卖盘
983,10:32:06,12.03,0.01,7,8421,中性盘
984,10:32:10,12.03,0.0,18,21654,买盘
985,10:32:16,12.02,-0.01,7,8414,卖盘
986,10:32:22,12.04,0.02,12,14437,买盘
987,10:32:27,12.02,-0.02,15,18040,卖盘
988,10:32:31,12.02,0.0,47,56494,卖盘
989,10:32:42,12.01,-0.01,33,39682,卖盘
990,10:32:51,12.04,0.03,13,15645,买盘
991,10:32:55,12.01,-0.03,52,62452,卖盘
992,10:33:01,12.01,0.0,10,12010,卖盘
993,10:33:07,12.0,-0.01,119,143011,卖盘
994,10:33:09,12.0,0.0,1,1200,买盘
995,10:33:12,11.99,-0.01,5,5995,卖盘
996,10:33:16,11.98,-0.01,2,2396,卖盘
997,10:33:18,12.0,0.02,17,20389,买盘
998,10:33:28,11.99,-0.01,1,1199,买盘
999,10:33:33,11.98,-0.01,20,23961,卖盘
1000,10:33:37,11.97,-0.01,5,5987,卖盘
1001,10:33:40,11.97,0.0,10,11970,卖盘
1002,10:33:43,11.97,0.0,7,8384,卖盘
1003,10:33:46,11.98,0.01,28,33525,买盘
1004,10:33:49,11.97,-0.01,10,11970,卖盘
1005,10:33:52,11.97,0.0,7,8379,卖盘
1006,10:33:58,11.94,-0.03,279,333302,卖盘
1007,10:34:04,11.94,0.0,5,5979,卖盘
1008,10:34:06,11.98,0.04,90,107820,买盘
1009,10:34:22,11.97,-0.01,76,90792,买盘
1010,10:34:27,11.96,-0.01,2,2392,中性盘
1011,10:34:40,11.98,0.02,13,15574,买盘
1012,10:34:43,11.95,-0.03,10,11952,卖盘
1013,10:35:04,11.96,0.01,77,92044,卖盘
1014,10:35:10,11.98,0.02,11,13178,买盘
1015,10:35:13,11.98,0.0,7,8386,卖盘
1016,10:35:28,11.99,0.01,2,2398,买盘
1017,10:35:37,11.99,0.0,15,17985,买盘
1018,10:35:49,12.0,0.01,10,12000,买盘
1019,10:35:52,12.0,0.0,2,2400,买盘
1020,10:35:57,12.0,0.0,9,10800,买盘
1021,10:36:12,12.0,0.0,30,36000,买盘
1022,10:36:21,11.99,-0.01,3,3597,卖盘
1023,10:36:25,12.0,0.01,5,6000,买盘
1024,10:36:33,12.0,0.0,20,24000,买盘
1025,10:36:37,12.0,0.0,5,6000,买盘
1026,10:36:43,12.0,0.0,4,4800,买盘
1027,10:36:49,12.0,0.0,3,3600,卖盘
1028,10:36:52,12.0,0.0,10,12000,卖盘
1029,10:36:58,12.0,0.0,28,33644,卖盘
1030,10:37:01,12.0,0.0,10,12000,卖盘
1031,10:37:03,12.01,0.01,2,2402,卖盘
1032,10:37:13,12.0,-0.01,3,3600,卖盘
1033,10:37:22,12.0,0.0,15,18000,买盘
1034,10:37:31,12.0,0.0,7,8400,卖盘
1035,10:37:33,12.0,0.0,16,19200,卖盘
1036,10:37:43,12.0,0.0,7,8400,卖盘
1037,10:37:46,12.0,0.0,2,2400,卖盘
1038,10:38:01,11.99,-0.01,29,34771,卖盘
1039,10:38:04,11.99,0.0,7,8393,卖盘
1040,10:38:07,11.98,-0.01,65,77935,卖盘
1041,10:38:19,11.96,-0.02,11,13156,卖盘
1042,10:38:22,11.96,0.0,3,3588,卖盘
1043,10:38:34,11.95,-0.01,32,38240,卖盘
1044,10:38:37,11.96,0.01,34,40652,买盘
1045,10:38:40,11.95,-0.01,1,1195,卖盘
1046,10:38:52,11.95,0.0,17,20315,卖盘
1047,10:38:55,11.95,0.0,28,33460,卖盘
1048,10:39:06,11.94,-0.01,5,5970,卖盘
1049,10:39:09,11.96,0.02,25,29897,买盘
1050,10:39:13,11.95,-0.01,11,13135,中性盘
1051,10:39:21,11.96,0.01,8,9562,买盘
1052,10:39:28,11.95,-0.01,34,40630,买盘
1053,10:39:31,11.95,0.0,11,13145,买盘
1054,10:39:34,11.95,0.0,13,15535,买盘
1055,10:39:46,11.96,0.01,3,3588,买盘
1056,10:39:52,11.96,0.0,4,4784,买盘
1057,10:39:55,11.96,0.0,5,5980,买盘
1058,10:40:01,11.96,0.0,8,9568,买盘
1059,10:40:10,11.96,0.0,9,10764,卖盘
1060,10:40:13,11.96,0.0,1,1196,卖盘
1061,10:40:37,11.97,0.01,1,1197,卖盘
1062,10:40:46,11.97,0.0,3,3591,买盘
1063,10:40:57,11.96,-0.01,35,41867,卖盘
1064,10:41:01,11.96,0.0,12,14352,买盘
1065,10:41:10,11.95,-0.01,4,4780,卖盘
1066,10:41:18,11.96,0.01,36,43028,买盘
1067,10:41:25,11.96,0.0,21,25116,买盘
1068,10:41:31,11.96,0.0,25,29900,卖盘
1069,10:41:39,11.95,-0.01,3,3585,中性盘
1070,10:41:49,11.94,-0.01,15,17912,卖盘
1071,10:41:54,11.95,0.01,10,11950,买盘
1072,10:42:04,11.94,-0.01,21,25085,卖盘
1073,10:42:10,11.94,0.0,14,16716,卖盘
1074,10:42:13,11.94,0.0,293,349842,卖盘
1075,10:42:16,11.94,0.0,27,32238,卖盘
1076,10:42:19,11.93,-0.01,8,9544,卖盘
1077,10:42:28,11.92,-0.01,19,22648,卖盘
1078,10:42:31,11.92,0.0,4,4768,卖盘
1079,10:42:33,11.92,0.0,7,8344,买盘
1080,10:42:40,11.92,0.0,4,4768,卖盘
1081,10:42:43,11.92,0.0,8,9536,买盘
1082,10:42:49,11.92,0.0,103,122700,买盘
1083,10:42:55,11.92,0.0,39,46465,卖盘
1084,10:42:58,11.92,0.0,4,4768,买盘
1085,10:43:00,11.91,-0.01,3,3574,卖盘
1086,10:43:13,11.91,0.0,56,66670,买盘
1087,10:43:19,11.9,-0.01,57,67830,卖盘
1088,10:43:22,11.9,0.0,50,59500,买盘
1089,10:43:25,11.9,0.0,12,14280,买盘
1090,10:43:28,11.9,0.0,15,17850,卖盘
1091,10:43:31,11.88,-0.02,124,147472,卖盘
1092,10:43:34,11.89,0.01,23,27329,买盘
1093,10:43:37,11.89,0.0,107,127212,买盘
1094,10:43:48,11.87,-0.02,16,18992,卖盘
1095,10:44:01,11.87,0.0,3,3561,买盘
1096,10:44:04,11.87,0.0,12,14244,买盘
1097,10:44:07,11.86,-0.01,30,35580,卖盘
1098,10:44:10,11.86,0.0,7,8302,中性盘
1099,10:44:12,11.86,0.0,3,3558,卖盘
1100,10:44:16,11.85,-0.01,10,11850,卖盘
1101,10:44:18,11.85,0.0,147,174195,卖盘
1102,10:44:24,11.84,-0.01,1,1184,卖盘
1103,10:44:27,11.84,0.0,23,27232,卖盘
1104,10:44:31,11.84,0.0,9,10656,买盘
1105,10:44:40,11.83,-0.01,20,23660,卖盘
1106,10:44:46,11.82,-0.01,33,39062,卖盘
1107,10:44:49,11.83,0.01,4,4732,卖盘
1108,10:44:52,11.83,0.0,26,30769,卖盘
1109,10:44:55,11.84,0.01,5,5920,买盘
1110,10:44:58,11.81,-0.03,205,242398,卖盘
1111,10:45:18,11.81,0.0,53,62628,卖盘
1112,10:45:24,11.84,0.03,1,1184,买盘
1113,10:45:27,11.81,-0.03,18,21258,卖盘
1114,10:45:31,11.84,0.03,15,17745,买盘
1115,10:45:34,11.82,-0.02,5,5916,卖盘
1116,10:45:46,11.84,0.02,2,2368,买盘
1117,10:45:49,11.83,-0.01,27,31952,卖盘
1118,10:45:51,11.85,0.02,1,1185,买盘
1119,10:45:54,11.84,-0.01,3,3552,买盘
1120,10:45:58,11.84,0.0,7,8288,买盘
1121,10:46:01,11.84,0.0,24,28416,买盘
1122,10:46:04,11.84,0.0,52,61568,买盘
1123,10:46:07,11.84,0.0,3,3552,卖盘
1124,10:46:10,11.85,0.01,35,41473,买盘
1125,10:46:16,11.85,0.0,3,3555,买盘
1126,10:46:19,11.85,0.0,28,33180,买盘
1127,10:46:24,11.85,0.0,30,35550,买盘
1128,10:46:31,11.84,-0.01,10,11840,卖盘
1129,10:46:34,11.85,0.01,9,10665,买盘
1130,10:46:37,11.85,0.0,20,23700,买盘
1131,10:46:46,11.85,0.0,9,10665,卖盘
1132,10:46:51,11.86,0.01,20,23720,买盘
1133,10:46:54,11.85,-0.01,11,13040,卖盘
1134,10:46:58,11.86,0.01,6,7116,买盘
1135,10:47:00,11.86,0.0,90,106700,买盘
1136,10:47:04,11.86,0.0,12,14232,买盘
1137,10:47:07,11.86,0.0,12,14232,买盘
1138,10:47:10,11.85,-0.01,15,17780,卖盘
1139,10:47:15,11.86,0.01,22,26092,买盘
1140,10:47:25,11.86,0.0,10,11860,买盘
1141,10:47:28,11.85,-0.01,31,36756,卖盘
1142,10:47:34,11.86,0.01,1,1186,买盘
1143,10:47:37,11.86,0.0,3,3558,买盘
1144,10:47:40,11.86,0.0,17,20162,买盘
1145,10:47:42,11.85,-0.01,6,7110,卖盘
1146,10:48:01,11.86,0.01,5,5930,买盘
1147,10:48:06,11.85,-0.01,9,10665,卖盘
1148,10:48:10,11.85,0.0,83,98355,卖盘
1149,10:48:13,11.86,0.01,8,9488,买盘
1150,10:48:15,11.86,0.0,18,21342,买盘
1151,10:48:21,11.85,-0.01,151,178935,卖盘
1152,10:48:27,11.85,0.0,2,2370,买盘
1153,10:48:30,11.85,0.0,5,5925,买盘
1154,10:48:36,11.85,0.0,19,22506,买盘
1155,10:48:39,11.85,0.0,3,3555,买盘
1156,10:48:43,11.85,0.0,13,15395,买盘
1157,10:48:45,11.84,-0.01,41,48582,卖盘
1158,10:48:51,11.85,0.01,9,10665,卖盘
1159,10:48:54,11.85,0.0,11,13035,卖盘
1160,10:49:06,11.85,0.0,5,5925,买盘
1161,10:49:09,11.85,0.0,8,9480,买盘
1162,10:49:16,11.85,0.0,5,5925,买盘
1163,10:49:22,11.84,-0.01,4,4736,卖盘
1164,10:49:28,11.85,0.01,6,7110,买盘
1165,10:49:31,11.84,-0.01,7,8293,卖盘
1166,10:49:49,11.84,0.0,30,35520,卖盘
1167,10:49:55,11.84,0.0,15,17765,卖盘
1168,10:50:04,11.84,0.0,16,18944,卖盘
1169,10:50:09,11.84,0.0,17,20128,卖盘
1170,10:50:13,11.85,0.01,14,16584,买盘
1171,10:50:16,11.84,-0.01,20,23680,卖盘
1172,10:50:18,11.84,0.0,7,8288,卖盘
1173,10:50:28,11.84,0.0,45,53280,卖盘
1174,10:50:37,11.84,0.0,13,15392,买盘
1175,10:50:39,11.84,0.0,12,14204,买盘
1176,10:50:49,11.84,0.0,26,30765,买盘
1177,10:50:52,11.84,0.0,25,29600,买盘
1178,10:51:01,11.83,-0.01,20,23678,卖盘
1179,10:51:04,11.84,0.01,1,1184,中性盘
1180,10:51:06,11.85,0.01,21,24885,买盘
1181,10:51:13,11.85,0.0,28,33180,买盘
1182,10:51:16,11.85,0.0,3,3555,买盘
1183,10:51:18,11.85,0.0,1,1185,买盘
1184,10:51:22,11.85,0.0,3,3555,买盘
1185,10:51:25,11.85,0.0,3,3555,买盘
1186,10:51:28,11.84,-0.01,92,108915,卖盘
1187,10:51:30,11.84,0.0,29,34336,买盘
1188,10:51:33,11.83,-0.01,2,2366,卖盘
1189,10:51:43,11.84,0.01,16,18929,买盘
1190,10:51:46,11.84,0.0,1,1184,买盘
1191,10:51:48,11.84,0.0,14,16576,卖盘
1192,10:51:51,11.85,0.01,5,5925,买盘
1193,10:51:55,11.85,0.0,2,2370,买盘
1194,10:51:58,11.84,-0.01,7,8288,卖盘
1195,10:52:01,11.85,0.01,23,27255,买盘
1196,10:52:04,11.84,-0.01,10,11840,卖盘
1197,10:52:07,11.85,0.01,10,11850,买盘
1198,10:52:19,11.86,0.01,130,154180,买盘
1199,10:52:21,11.86,0.0,52,61672,买盘
1200,10:52:24,11.87,0.01,91,107930,买盘
1201,10:52:30,11.86,-0.01,5,5930,卖盘
1202,10:52:37,11.86,0.0,92,109113,卖盘
1203,10:52:39,11.86,0.0,18,21348,买盘
1204,10:52:45,11.86,0.0,12,14232,买盘
1205,10:52:48,11.86,0.0,5,5930,买盘
1206,10:52:51,11.85,-0.01,80,94804,卖盘
1207,10:52:55,11.86,0.01,5,5930,买盘
1208,10:52:58,11.86,0.0,2,2372,买盘
1209,10:53:01,11.86,0.0,3,3558,买盘
1210,10:53:09,11.86,0.0,24,28460,买盘
1211,10:53:12,11.85,-0.01,3,3557,卖盘
1212,10:53:15,11.86,0.01,37,43882,买盘
1213,10:53:18,11.86,0.0,2,2372,买盘
1214,10:53:31,11.85,-0.01,88,104280,卖盘
1215,10:53:34,11.85,0.0,1,1185,买盘
1216,10:53:36,11.85,0.0,2,2370,买盘
1217,10:53:40,11.84,-0.01,111,131424,卖盘
1218,10:53:48,11.84,0.0,4,4736,买盘
1219,10:53:54,11.84,0.0,3,3552,买盘
1220,10:53:57,11.84,0.0,8,9472,买盘
1221,10:54:00,11.84,0.0,8,9472,卖盘
1222,10:54:07,11.84,0.0,43,50912,买盘
1223,10:54:18,11.86,0.02,13,15418,买盘
1224,10:54:28,11.86,0.0,11,13036,买盘
1225,10:54:34,11.84,-0.02,2,2370,卖盘
1226,10:54:42,11.86,0.02,3,3558,买盘
1227,10:54:48,11.85,-0.01,9,10665,卖盘
1228,10:54:51,11.85,0.0,4,4740,买盘
1229,10:54:58,11.85,0.0,1,1185,卖盘
1230,10:55:04,11.84,-0.01,4,4736,卖盘
1231,10:55:07,11.85,0.01,8,9474,买盘
1232,10:55:10,11.85,0.0,29,34365,买盘
1233,10:55:12,11.85,0.0,8,9480,买盘
1234,10:55:21,11.84,-0.01,43,50915,卖盘
1235,10:55:25,11.85,0.01,15,17775,买盘
1236,10:55:28,11.84,-0.01,5,5920,卖盘
1237,10:55:34,11.83,-0.01,104,123082,卖盘
1238,10:55:45,11.84,0.01,62,73466,卖盘
1239,10:55:55,11.84,0.0,25,29600,卖盘
1240,10:55:58,11.84,0.0,10,11840,买盘
1241,10:56:09,11.83,-0.01,9,10647,卖盘
1242,10:56:13,11.84,0.01,1,1184,买盘
1243,10:56:16,11.83,-0.01,2,2366,卖盘
1244,10:56:24,11.84,0.01,48,56788,买盘
1245,10:56:30,11.83,-0.01,2,2366,中性盘
1246,10:56:33,11.83,0.0,1,1183,卖盘
1247,10:56:36,11.84,0.01,18,21312,买盘
1248,10:56:43,11.83,-0.01,10,11830,卖盘
1249,10:56:45,11.83,0.0,8,9464,卖盘
1250,10:56:49,11.83,0.0,2,2366,买盘
1251,10:56:52,11.84,0.01,144,170463,买盘
1252,10:56:54,11.84,0.0,13,15389,买盘
1253,10:57:01,11.83,-0.01,8,9464,卖盘
1254,10:57:06,11.84,0.01,38,44992,买盘
1255,10:57:19,11.85,0.01,124,146940,买盘
1256,10:57:22,11.84,-0.01,33,39105,卖盘
1257,10:57:31,11.84,0.0,1,1184,卖盘
1258,10:57:34,11.84,0.0,10,11876,卖盘
1259,10:57:36,11.84,0.0,8,9475,卖盘
1260,10:57:42,11.84,0.0,80,94740,卖盘
1261,10:57:45,11.84,0.0,13,15392,买盘
1262,10:57:48,11.84,0.0,8,9472,买盘
1263,10:57:51,11.84,0.0,62,73408,买盘
1264,10:57:55,11.84,0.0,12,14208,买盘
1265,10:57:58,11.84,0.0,40,47352,买盘
1266,10:58:06,11.83,-0.01,13,15390,卖盘
1267,10:58:09,11.83,0.0,10,11830,卖盘
1268,10:58:24,11.83,0.0,28,33124,卖盘
1269,10:58:37,11.83,0.0,12,14196,卖盘
1270,10:58:40,11.83,0.0,56,66251,卖盘
1271,10:58:42,11.83,0.0,6,7098,买盘
1272,10:58:48,11.82,-0.01,15,17730,卖盘
1273,10:58:51,11.84,0.02,1,1184,买盘
1274,10:58:54,11.82,-0.02,15,17730,卖盘
1275,10:58:58,11.82,0.0,27,31922,卖盘
1276,10:59:01,11.84,0.02,16,18934,买盘
1277,10:59:04,11.82,-0.02,1,1182,中性盘
1278,10:59:06,11.81,-0.01,42,49613,卖盘
1279,10:59:22,11.82,0.01,8,9456,卖盘
1280,10:59:30,11.82,0.0,4,4728,卖盘
1281,10:59:34,11.82,0.0,5,5910,买盘
1282,10:59:37,11.81,-0.01,108,127553,卖盘
1283,10:59:39,11.81,0.0,60,70860,卖盘
1284,10:59:45,11.81,0.0,48,56687,买盘
1285,10:59:51,11.81,0.0,39,46059,买盘
1286,10:59:55,11.8,-0.01,440,519203,卖盘
1287,10:59:58,11.8,0.0,17,20060,买盘
1288,11:00:01,11.8,0.0,2,2360,买盘
1289,11:00:04,11.8,0.0,23,27130,买盘
1290,11:00:07,11.79,-0.01,60,70787,卖盘
1291,11:00:10,11.78,-0.01,29,34188,卖盘
1292,11:00:16,11.78,0.0,64,75451,卖盘
1293,11:00:21,11.78,0.0,3,3534,卖盘
1294,11:00:25,11.8,0.02,14,16520,买盘
1295,11:00:28,11.78,-0.02,20,23560,卖盘
1296,11:00:31,11.78,0.0,24,28272,买盘
1297,11:00:34,11.77,-0.01,4,4708,卖盘
1298,11:00:36,11.78,0.01,19,22382,买盘
1299,11:00:39,11.77,-0.01,24,28268,卖盘
1300,11:00:42,11.8,0.03,84,99120,买盘
1301,11:00:46,11.8,0.0,12,14138,买盘
1302,11:00:52,11.8,0.0,10,11800,买盘
1303,11:00:58,11.81,0.01,29,34249,买盘
1304,11:01:05,11.81,0.0,4,4724,买盘
1305,11:01:07,11.8,-0.01,76,89680,卖盘
1306,11:01:10,11.8,0.0,42,49560,买盘
1307,11:01:12,11.8,0.0,3,3540,买盘
1308,11:01:16,11.8,0.0,29,34220,买盘
1309,11:01:19,11.79,-0.01,63,74297,卖盘
1310,11:01:22,11.8,0.01,28,33040,买盘
1311,11:01:25,11.8,0.0,9,10620,买盘
1312,11:01:28,11.79,-0.01,10,11790,卖盘
1313,11:01:31,11.79,0.0,19,22401,卖盘
1314,11:01:33,11.79,0.0,6,7074,卖盘
1315,11:01:37,11.79,0.0,144,169847,卖盘
1316,11:01:39,11.79,0.0,15,17685,卖盘
1317,11:01:43,11.8,0.01,6,7077,买盘
1318,11:01:46,11.79,-0.01,10,11790,买盘
1319,11:01:49,11.78,-0.01,68,80147,卖盘
1320,11:01:52,11.79,0.01,37,43623,买盘
1321,11:01:54,11.79,0.0,23,27117,买盘
1322,11:01:58,11.78,-0.01,14,16505,卖盘
1323,11:02:00,11.78,0.0,5,5890,卖盘
1324,11:02:04,11.78,0.0,16,18848,卖盘
1325,11:02:10,11.78,0.0,3,3534,卖盘
1326,11:02:13,11.78,0.0,12,14136,卖盘
1327,11:02:15,11.79,0.01,29,34191,买盘
1328,11:02:25,11.8,0.01,22,25960,买盘
1329,11:02:27,11.79,-0.01,20,23580,卖盘
1330,11:02:30,11.79,0.0,17,20043,卖盘
1331,11:02:34,11.8,0.01,2,2360,买盘
1332,11:02:43,11.8,0.0,22,25960,买盘
1333,11:02:49,11.8,0.0,3,3540,买盘
1334,11:02:52,11.8,0.0,376,443680,买盘
1335,11:02:55,11.8,0.0,18,21240,买盘
1336,11:03:07,11.81,0.01,7,8267,买盘
1337,11:03:10,11.81,0.0,14,16534,卖盘
1338,11:03:15,11.82,0.01,8,9456,买盘
1339,11:03:22,11.85,0.03,26,30810,买盘
1340,11:03:24,11.85,0.0,12,14220,买盘
1341,11:03:33,11.85,0.0,10,11850,卖盘
1342,11:03:40,11.88,0.03,3,3564,卖盘
1343,11:03:43,11.89,0.01,8,9509,买盘
1344,11:03:46,11.88,-0.01,3,3564,卖盘
1345,11:03:49,11.86,-0.02,53,62860,卖盘
1346,11:03:52,11.86,0.0,41,48610,买盘
1347,11:03:58,11.86,0.0,6,7114,买盘
1348,11:04:01,11.86,0.0,22,26090,买盘
1349,11:04:04,11.86,0.0,10,11860,买盘
1350,11:04:06,11.85,-0.01,2,2370,卖盘
1351,11:04:10,11.85,0.0,3,3555,卖盘
1352,11:04:12,11.85,0.0,4,4740,买盘
1353,11:04:27,11.85,0.0,10,11844,买盘
1354,11:04:33,11.84,-0.01,17,20130,卖盘
1355,11:04:37,11.85,0.01,24,28440,买盘
1356,11:04:39,11.85,0.0,7,8295,买盘
1357,11:04:46,11.85,0.0,4,4740,买盘
1358,11:04:49,11.84,-0.01,2,2368,卖盘
1359,11:05:01,11.84,0.0,3,3552,卖盘
1360,11:05:04,11.84,0.0,8,9472,卖盘
1361,11:05:07,11.83,-0.01,158,186708,卖盘
1362,11:05:10,11.84,0.01,38,44980,买盘
1363,11:05:12,11.84,0.0,3,3552,买盘
1364,11:05:22,11.81,-0.03,6,7088,卖盘
1365,11:05:34,11.82,0.01,9,10646,卖盘
1366,11:05:37,11.8,-0.02,175,206582,卖盘
1367,11:05:46,11.82,0.02,28,33096,卖盘
1368,11:05:55,11.82,0.0,12,14184,买盘
1369,11:05:58,11.81,-0.01,22,25982,卖盘
1370,11:06:12,11.81,0.0,50,59050,卖盘
1371,11:06:16,11.81,0.0,7,8267,买盘
1372,11:06:19,11.81,0.0,4,4724,买盘
1373,11:06:22,11.8,-0.01,162,191160,卖盘
1374,11:06:24,11.8,0.0,7,8260,买盘
1375,11:06:28,11.8,0.0,29,34220,买盘
1376,11:06:31,11.79,-0.01,17,20043,卖盘
1377,11:06:33,11.8,0.01,69,81420,买盘
1378,11:06:37,11.79,-0.01,14,16506,卖盘
1379,11:06:40,11.8,0.01,33,38922,买盘
1380,11:06:46,11.8,0.0,21,24760,买盘
1381,11:06:55,11.8,0.0,18,21210,买盘
1382,11:07:04,11.79,-0.01,20,23585,卖盘
1383,11:07:09,11.79,0.0,10,11790,卖盘
1384,11:07:18,11.8,0.01,10,11800,买盘
1385,11:07:22,11.79,-0.01,5,5895,卖盘
1386,11:07:28,11.79,0.0,17,20043,卖盘
1387,11:07:43,11.79,0.0,21,24759,卖盘
1388,11:07:52,11.78,-0.01,13,15314,卖盘
1389,11:07:54,11.79,0.01,1,1179,买盘
1390,11:07:57,11.78,-0.01,60,70680,卖盘
1391,11:08:01,11.77,-0.01,107,126008,卖盘
1392,11:08:07,11.77,0.0,22,25894,卖盘
1393,11:08:09,11.77,0.0,7,8240,卖盘
1394,11:08:13,11.77,0.0,7,8239,卖盘
1395,11:08:15,11.77,0.0,40,47080,卖盘
1396,11:08:24,11.77,0.0,36,42372,卖盘
1397,11:08:28,11.77,0.0,7,8239,卖盘
1398,11:08:30,11.77,0.0,1,1177,卖盘
1399,11:08:33,11.77,0.0,2,2354,买盘
1400,11:08:43,11.76,-0.01,109,128198,卖盘
1401,11:08:46,11.76,0.0,21,24697,卖盘
1402,11:08:51,11.76,0.0,5,5880,买盘
1403,11:08:54,11.75,-0.01,55,64661,卖盘
1404,11:09:01,11.76,0.01,45,52883,买盘
1405,11:09:07,11.76,0.0,27,31731,买盘
1406,11:09:10,11.76,0.0,43,50557,买盘
1407,11:09:12,11.76,0.0,29,34102,买盘
1408,11:09:21,11.75,-0.01,15,17625,卖盘
1409,11:09:25,11.76,0.01,8,9408,买盘
1410,11:09:28,11.76,0.0,14,16462,买盘
1411,11:09:31,11.76,0.0,27,31752,买盘
1412,11:09:36,11.76,0.0,1,1176,卖盘
1413,11:09:43,11.76,0.0,1,1176,卖盘
1414,11:09:48,11.77,0.01,10,11770,买盘
1415,11:09:52,11.77,0.0,60,70570,买盘
1416,11:09:57,11.77,0.0,11,12947,买盘
1417,11:10:00,11.77,0.0,21,24717,买盘
1418,11:10:04,11.77,0.0,4,4708,买盘
1419,11:10:07,11.76,-0.01,56,65858,卖盘
1420,11:10:13,11.77,0.01,2,2354,买盘
1421,11:10:21,11.77,0.0,41,48217,买盘
1422,11:10:28,11.77,0.0,10,11770,买盘
1423,11:10:30,11.77,0.0,5,5885,卖盘
1424,11:10:33,11.77,0.0,63,74151,卖盘
1425,11:10:36,11.78,0.01,1,1178,买盘
1426,11:10:39,11.78,0.0,5,5890,买盘
1427,11:10:42,11.78,0.0,5,5890,买盘
1428,11:10:46,11.77,-0.01,20,23540,卖盘
1429,11:10:52,11.77,0.0,10,11770,卖盘
1430,11:10:55,11.78,0.01,6,7068,买盘
1431,11:11:01,11.77,-0.01,8,9416,卖盘
1432,11:11:06,11.77,0.0,17,20009,卖盘
1433,11:11:09,11.78,0.01,43,50654,买盘
1434,11:11:12,11.78,0.0,10,11780,买盘
1435,11:11:16,11.77,-0.01,69,81254,卖盘
1436,11:11:18,11.78,0.01,2,2356,买盘
1437,11:11:24,11.77,-0.01,20,23541,卖盘
1438,11:11:33,11.78,0.01,4,4712,买盘
1439,11:11:36,11.78,0.0,2,2356,买盘
1440,11:11:45,11.78,0.0,2,2355,买盘
1441,11:11:52,11.78,0.0,5,5890,买盘
1442,11:11:54,11.78,0.0,1,1178,买盘
1443,11:11:57,11.78,0.0,10,11780,买盘
1444,11:12:07,11.78,0.0,30,35340,买盘
1445,11:12:09,11.77,-0.01,53,62384,卖盘
1446,11:12:12,11.78,0.01,5,5890,买盘
1447,11:12:15,11.78,0.0,41,48258,买盘
1448,11:12:18,11.77,-0.01,18,21186,卖盘
1449,11:12:21,11.77,0.0,1,1177,买盘
1450,11:12:24,11.77,0.0,8,9416,买盘
1451,11:12:28,11.77,0.0,11,12947,卖盘
1452,11:12:31,11.77,0.0,3,3531,买盘
1453,11:12:36,11.77,0.0,3,3531,买盘
1454,11:12:40,11.76,-0.01,15,17640,卖盘
1455,11:12:51,11.76,0.0,7,8232,卖盘
1456,11:12:54,11.76,0.0,1,1176,卖盘
1457,11:12:57,11.76,0.0,14,16464,卖盘
1458,11:13:04,11.76,0.0,1,1176,卖盘
1459,11:13:10,11.76,0.0,66,77620,卖盘
1460,11:13:18,11.76,0.0,50,58800,卖盘
1461,11:13:22,11.76,0.0,5,5880,卖盘
1462,11:13:24,11.76,0.0,40,47040,卖盘
1463,11:13:34,11.77,0.01,22,25882,买盘
1464,11:13:36,11.76,-0.01,51,59976,卖盘
1465,11:13:42,11.76,0.0,27,31752,买盘
1466,11:13:45,11.75,-0.01,344,404220,卖盘
1467,11:13:51,11.75,0.0,1,1175,买盘
1468,11:13:54,11.75,0.0,46,54010,买盘
1469,11:13:57,11.75,0.0,4,4700,买盘
1470,11:14:00,11.74,-0.01,52,61048,卖盘
1471,11:14:04,11.74,0.0,8,9392,卖盘
1472,11:14:10,11.74,0.0,5,5870,卖盘
1473,11:14:12,11.74,0.0,7,8218,卖盘
1474,11:14:16,11.74,0.0,5,5870,卖盘
1475,11:14:19,11.74,0.0,5,5870,卖盘
1476,11:14:22,11.74,0.0,35,41090,卖盘
1477,11:14:25,11.74,0.0,7,8218,卖盘
1478,11:14:28,11.74,0.0,22,25838,卖盘
1479,11:14:30,11.73,-0.01,1,1173,卖盘
1480,11:14:39,11.74,0.01,146,171292,买盘
1481,11:14:42,11.74,0.0,7,8218,卖盘
1482,11:14:46,11.71,-0.03,155,181593,卖盘
1483,11:14:48,11.73,0.02,23,26965,买盘
1484,11:14:54,11.72,-0.01,2,2344,卖盘
1485,11:14:57,11.72,0.0,44,51568,买盘
1486,11:15:00,11.73,0.01,40,46882,买盘
1487,11:15:04,11.72,-0.01,11,12884,买盘
1488,11:15:07,11.72,0.0,30,35160,买盘
1489,11:15:10,11.72,0.0,5,5860,买盘
1490,11:15:13,11.7,-0.02,64,74946,卖盘
1491,11:15:15,11.71,0.01,1,1171,中性盘
1492,11:15:18,11.72,0.01,16,18752,卖盘
1493,11:15:22,11.71,-0.01,11,12886,卖盘
1494,11:15:27,11.71,0.0,51,59805,卖盘
1495,11:15:30,11.73,0.02,11,12883,买盘
1496,11:15:36,11.73,0.0,16,18780,卖盘
1497,11:15:39,11.73,0.0,1,1173,卖盘
1498,11:15:46,11.73,0.0,1,1173,买盘
1499,11:15:48,11.73,0.0,1,1173,买盘
1500,11:15:55,11.73,0.0,43,50424,买盘
1501,11:15:58,11.73,0.0,6,7038,买盘
1502,11:16:04,11.72,-0.01,2,2344,卖盘
1503,11:16:07,11.73,0.01,41,48093,买盘
1504,11:16:09,11.73,0.0,6,7038,卖盘
1505,11:16:15,11.74,0.01,18,21132,买盘
1506,11:16:19,11.74,0.0,15,17610,买盘
1507,11:16:22,11.74,0.0,5,5870,买盘
1508,11:16:24,11.74,0.0,23,27002,买盘
1509,11:16:27,11.74,0.0,16,18784,买盘
1510,11:16:30,11.73,-0.01,20,23466,卖盘
1511,11:16:39,11.75,0.02,2,2350,卖盘
1512,11:16:42,11.76,0.01,1,1176,买盘
1513,11:16:45,11.76,0.0,6,7056,买盘
1514,11:16:48,11.76,0.0,3,3528,买盘
1515,11:16:51,11.77,0.01,31,36468,买盘
1516,11:16:57,11.77,0.0,3,3531,买盘
1517,11:17:00,11.76,-0.01,33,38813,卖盘
1518,11:17:04,11.76,0.0,3,3528,买盘
1519,11:17:06,11.75,-0.01,6,7053,卖盘
1520,11:17:12,11.76,0.01,104,122304,买盘
1521,11:17:15,11.76,0.0,10,11760,买盘
1522,11:17:18,11.76,0.0,1,1176,买盘
1523,11:17:21,11.76,0.0,2,2351,买盘
1524,11:17:27,11.76,0.0,11,12936,买盘
1525,11:17:30,11.75,-0.01,8,9400,卖盘
1526,11:17:33,11.76,0.01,13,15288,买盘
1527,11:17:36,11.75,-0.01,6,7050,卖盘
1528,11:17:39,11.75,0.0,1,1175,卖盘
1529,11:17:42,11.75,0.0,5,5875,卖盘
1530,11:17:45,11.75,0.0,6,7055,卖盘
1531,11:17:48,11.76,0.01,32,37620,买盘
1532,11:17:55,11.76,0.0,2,2352,买盘
1533,11:17:58,11.76,0.0,1,1176,买盘
1534,11:18:06,11.75,-0.01,58,68150,卖盘
1535,11:18:09,11.75,0.0,27,31725,卖盘
1536,11:18:12,11.75,0.0,1,1175,买盘
1537,11:18:16,11.75,0.0,7,8225,买盘
1538,11:18:21,11.75,0.0,1,1175,卖盘
1539,11:18:27,11.74,-0.01,10,11744,卖盘
1540,11:18:30,11.75,0.01,1,1175,买盘
1541,11:18:36,11.75,0.0,42,49349,买盘
1542,11:18:39,11.74,-0.01,20,23480,卖盘
1543,11:18:43,11.75,0.01,11,12925,买盘
1544,11:18:45,11.74,-0.01,31,36394,卖盘
1545,11:18:48,11.74,0.0,2,2348,买盘
1546,11:18:54,11.74,0.0,12,14078,买盘
1547,11:18:57,11.73,-0.01,48,56304,卖盘
1548,11:19:04,11.73,0.0,10,11730,卖盘
1549,11:19:06,11.74,0.01,2,2348,买盘
1550,11:19:09,11.74,0.0,8,9392,买盘
1551,11:19:24,11.74,0.0,10,11744,卖盘
1552,11:19:30,11.75,0.01,5,5874,买盘
1553,11:19:36,11.74,-0.01,8,9392,卖盘
1554,11:19:40,11.74,0.0,51,59897,卖盘
1555,11:19:42,11.74,0.0,1,1174,买盘
1556,11:19:48,11.73,-0.01,22,25806,卖盘
1557,11:19:52,11.73,0.0,3,3519,卖盘
1558,11:19:55,11.74,0.01,3,3520,买盘
1559,11:19:57,11.73,-0.01,15,17595,卖盘
1560,11:20:01,11.73,0.0,38,44574,卖盘
1561,11:20:04,11.73,0.0,15,17595,买盘
1562,11:20:07,11.73,0.0,9,10557,买盘
1563,11:20:10,11.73,0.0,89,104397,买盘
1564,11:20:12,11.72,-0.01,12,14077,卖盘
1565,11:20:25,11.72,0.0,72,84430,卖盘
1566,11:20:30,11.72,0.0,5,5860,卖盘
1567,11:20:34,11.7,-0.02,1271,1487405,卖盘
1568,11:20:37,11.7,0.0,3,3510,买盘
1569,11:20:46,11.69,-0.01,114,133353,卖盘
1570,11:20:48,11.68,-0.01,35,40880,卖盘
1571,11:20:51,11.68,0.0,54,63083,卖盘
1572,11:20:54,11.66,-0.02,686,799845,卖盘
1573,11:21:01,11.65,-0.01,9,10485,卖盘
1574,11:21:04,11.64,-0.01,35,40740,卖盘
1575,11:21:07,11.65,0.01,12,13980,买盘
1576,11:21:10,11.64,-0.01,75,87300,卖盘
1577,11:21:13,11.64,0.0,31,36059,买盘
1578,11:21:16,11.63,-0.01,114,132584,卖盘
1579,11:21:18,11.63,0.0,38,44194,买盘
1580,11:21:21,11.63,0.0,255,296332,卖盘
1581,11:21:24,11.6,-0.03,1267,1469914,卖盘
1582,11:21:28,11.59,-0.01,122,141425,卖盘
1583,11:21:30,11.6,0.01,103,119430,买盘
1584,11:21:33,11.59,-0.01,56,64913,卖盘
1585,11:21:36,11.58,-0.01,15,17373,卖盘
1586,11:21:40,11.59,0.01,101,116966,买盘
1587,11:21:43,11.58,-0.01,217,251291,卖盘
1588,11:21:46,11.59,0.01,225,260713,买盘
1589,11:21:49,11.58,-0.01,251,290638,卖盘
1590,11:21:52,11.57,-0.01,14,16210,中性盘
1591,11:21:55,11.57,0.0,31,35867,买盘
1592,11:21:57,11.57,0.0,49,56699,卖盘
1593,11:22:00,11.55,-0.02,232,268200,卖盘
1594,11:22:04,11.55,0.0,73,84362,卖盘
1595,11:22:07,11.57,0.02,36,41680,买盘
1596,11:22:10,11.57,0.0,39,45105,买盘
1597,11:22:13,11.57,0.0,53,61310,买盘
1598,11:22:15,11.57,0.0,130,150433,买盘
1599,11:22:18,11.58,0.01,1,1158,中性盘
1600,11:22:22,11.57,-0.01,108,125032,卖盘
1601,11:22:25,11.59,0.02,22,25488,买盘
1602,11:22:27,11.59,0.0,2,2318,卖盘
1603,11:22:30,11.59,0.0,42,48704,卖盘
1604,11:22:33,11.6,0.01,31,36004,卖盘
1605,11:22:36,11.64,0.04,21,24444,买盘
1606,11:22:40,11.64,0.0,57,66199,买盘
1607,11:22:42,11.6,-0.04,45,52248,卖盘
1608,11:22:46,11.65,0.05,39,45414,买盘
1609,11:22:51,11.66,0.01,20,23320,中性盘
1610,11:22:54,11.66,0.0,2,2332,卖盘
1611,11:22:57,11.7,0.04,40,46800,买盘
1612,11:23:00,11.7,0.0,84,98168,买盘
1613,11:23:04,11.69,-0.01,5,5845,买盘
1614,11:23:10,11.71,0.02,286,334602,买盘
1615,11:23:13,11.69,-0.02,11,12860,中性盘
1616,11:23:16,11.7,0.01,35,40910,买盘
1617,11:23:18,11.67,-0.03,60,70123,卖盘
1618,11:23:21,11.67,0.0,5,5835,买盘
1619,11:23:24,11.67,0.0,59,68853,买盘
1620,11:23:31,11.62,-0.05,121,140907,卖盘
1621,11:23:33,11.62,0.0,1,1162,买盘
1622,11:23:37,11.62,0.0,1,1162,买盘
1623,11:23:40,11.62,0.0,4,4648,买盘
1624,11:23:43,11.62,0.0,13,15106,买盘
1625,11:23:45,11.62,0.0,10,11620,买盘
1626,11:23:48,11.62,0.0,14,16262,买盘
1627,11:23:52,11.62,0.0,14,16268,买盘
1628,11:23:54,11.62,0.0,22,25564,卖盘
1629,11:24:01,11.66,0.04,10,11660,买盘
1630,11:24:07,11.63,-0.03,4,4658,卖盘
1631,11:24:10,11.66,0.03,1,1166,买盘
1632,11:24:15,11.66,0.0,5,5830,买盘
1633,11:24:18,11.66,0.0,1,1166,买盘
1634,11:24:21,11.66,0.0,1,1166,买盘
1635,11:24:24,11.66,0.0,5,5827,买盘
1636,11:24:30,11.63,-0.03,41,47683,卖盘
1637,11:24:37,11.66,0.03,34,39605,买盘
1638,11:24:39,11.63,-0.03,87,101189,卖盘
1639,11:24:42,11.63,0.0,17,19788,卖盘
1640,11:24:46,11.64,0.01,11,12814,卖盘
1641,11:24:48,11.65,0.01,17,19803,买盘
1642,11:24:51,11.65,0.0,1,1165,买盘
1643,11:24:55,11.64,-0.01,25,29114,卖盘
1644,11:25:04,11.63,-0.01,287,334036,卖盘
1645,11:25:06,11.64,0.01,53,61640,买盘
1646,11:25:09,11.66,0.02,45,52450,买盘
1647,11:25:12,11.64,-0.02,30,34920,卖盘
1648,11:25:15,11.64,0.0,5,5819,卖盘
1649,11:25:18,11.64,0.0,11,12813,卖盘
1650,11:25:28,11.66,0.02,7,8152,买盘
1651,11:25:31,11.66,0.0,1,1166,买盘
1652,11:25:34,11.63,-0.03,96,111698,卖盘
1653,11:25:36,11.63,0.0,4,4652,买盘
1654,11:25:42,11.65,0.02,5,5824,买盘
1655,11:25:48,11.65,0.0,18,20967,买盘
1656,11:25:51,11.64,-0.01,1,1164,卖盘
1657,11:25:57,11.64,0.0,13,15133,卖盘
1658,11:26:03,11.65,0.01,20,23290,买盘
1659,11:26:06,11.65,0.0,40,46571,买盘
1660,11:26:12,11.65,0.0,23,26795,买盘
1661,11:26:15,11.65,0.0,5,5825,买盘
1662,11:26:18,11.65,0.0,48,55919,买盘
1663,11:26:21,11.65,0.0,30,34950,买盘
1664,11:26:24,11.65,0.0,6,6990,买盘
1665,11:26:36,11.66,0.01,25,29150,买盘
1666,11:26:39,11.66,0.0,14,16324,买盘
1667,11:26:42,11.66,0.0,28,32648,买盘
1668,11:26:46,11.66,0.0,2,2332,买盘
1669,11:26:49,11.65,-0.01,22,25630,卖盘
1670,11:26:52,11.66,0.01,8,9328,买盘
1671,11:26:54,11.65,-0.01,1,1165,卖盘
1672,11:26:57,11.66,0.01,5,5830,买盘
1673,11:27:01,11.65,-0.01,26,30295,卖盘
1674,11:27:04,11.66,0.01,7,8158,买盘
1675,11:27:06,11.66,0.0,22,25652,买盘
1676,11:27:09,11.66,0.0,10,11658,买盘
1677,11:27:13,11.65,-0.01,34,39610,卖盘
1678,11:27:16,11.65,0.0,2,2330,买盘
1679,11:27:19,11.66,0.01,36,41972,买盘
1680,11:27:30,11.65,-0.01,40,46601,卖盘
1681,11:27:33,11.65,0.0,3,3495,买盘
1682,11:27:37,11.65,0.0,179,208302,买盘
1683,11:27:40,11.64,-0.01,1,1164,卖盘
1684,11:27:43,11.64,0.0,34,39598,卖盘
1685,11:27:45,11.65,0.01,9,10485,买盘
1686,11:27:48,11.65,0.0,5,5825,买盘
1687,11:27:51,11.64,-0.01,11,12805,卖盘
1688,11:27:54,11.64,0.0,29,33756,卖盘
1689,11:28:09,11.65,0.01,3,3495,买盘
1690,11:28:12,11.64,-0.01,6,6984,卖盘
1691,11:28:16,11.65,0.01,12,13980,买盘
1692,11:28:18,11.64,-0.01,18,20952,卖盘
1693,11:28:24,11.65,0.01,70,81512,买盘
1694,11:28:27,11.65,0.0,4,4660,买盘
1695,11:28:31,11.64,-0.01,21,24455,卖盘
1696,11:28:37,11.64,0.0,34,39576,卖盘
1697,11:28:39,11.64,0.0,10,11643,卖盘
1698,11:28:43,11.65,0.01,49,57042,买盘
1699,11:28:45,11.65,0.0,3,3495,买盘
1700,11:28:49,11.64,-0.01,34,39576,卖盘
1701,11:28:52,11.63,-0.01,25,29090,卖盘
1702,11:29:00,11.63,0.0,8,9304,买盘
1703,11:29:04,11.63,0.0,26,30238,买盘
1704,11:29:07,11.63,0.0,111,128984,买盘
1705,11:29:09,11.64,0.01,44,51182,买盘
1706,11:29:13,11.6,-0.04,375,435176,卖盘
1707,11:29:16,11.6,0.0,28,32480,买盘
1708,11:29:19,11.6,0.0,21,24360,买盘
1709,11:29:21,11.6,0.0,1,1160,买盘
1710,11:29:24,11.59,-0.01,102,118234,卖盘
1711,11:29:27,11.6,0.01,7,8120,买盘
1712,11:29:33,11.6,0.0,19,22041,卖盘
1713,11:29:36,11.6,0.0,5,5800,卖盘
1714,11:29:39,11.61,0.01,20,23201,买盘
1715,11:29:42,11.61,0.0,49,56872,买盘
1716,11:29:48,11.6,-0.01,69,80078,卖盘
1717,11:29:51,11.6,0.0,21,24360,买盘
1718,11:29:57,11.59,-0.01,104,120549,卖盘
1719,13:00:04,11.59,0.0,930,1077694,买盘
1720,13:00:07,11.59,0.0,29,33630,卖盘
1721,13:00:18,11.6,0.01,6,6960,买盘
1722,13:00:24,11.59,-0.01,3,3478,卖盘
1723,13:00:27,11.6,0.01,2,2320,买盘
1724,13:00:30,11.6,0.0,17,19717,买盘
1725,13:00:36,11.6,0.0,610,707600,买盘
1726,13:00:39,11.6,0.0,1,1160,卖盘
1727,13:00:42,11.61,0.01,1,1161,买盘
1728,13:00:51,11.64,0.03,3,3492,买盘
1729,13:00:54,11.64,0.0,1,1164,卖盘
1730,13:01:00,11.64,0.0,19,22133,卖盘
1731,13:01:04,11.65,0.01,45,52425,买盘
1732,13:01:06,11.65,0.0,32,37280,买盘
1733,13:01:09,11.65,0.0,1,1165,买盘
1734,13:01:12,11.65,0.0,28,32620,买盘
1735,13:01:15,11.66,0.01,1,1166,买盘
1736,13:01:18,11.66,0.0,2,2332,买盘
1737,13:01:30,11.68,0.02,8,9344,买盘
1738,13:01:36,11.69,0.01,8,9352,中性盘
1739,13:01:39,11.7,0.01,30,35094,买盘
1740,13:01:43,11.7,0.0,14,16380,买盘
1741,13:01:46,11.7,0.0,2,2340,卖盘
1742,13:01:48,11.7,0.0,1,1170,卖盘
1743,13:01:51,11.7,0.0,7,8200,卖盘
1744,13:01:54,11.72,0.02,36,42188,买盘
1745,13:01:57,11.7,-0.02,65,76126,卖盘
1746,13:02:00,11.7,0.0,8,9360,卖盘
1747,13:02:06,11.7,0.0,30,35100,卖盘
1748,13:02:09,11.7,0.0,24,28080,买盘
1749,13:02:12,11.7,0.0,16,18720,买盘
1750,13:02:15,11.69,-0.01,3,3507,中性盘
1751,13:02:24,11.74,0.05,229,268071,买盘
1752,13:02:39,11.7,-0.04,2,2340,卖盘
1753,13:02:48,11.7,0.0,21,24570,买盘
1754,13:03:04,11.73,0.03,11,12903,买盘
1755,13:03:21,11.7,-0.03,3,3510,卖盘
1756,13:03:24,11.73,0.03,8,9384,买盘
1757,13:03:27,11.73,0.0,23,26979,买盘
1758,13:03:36,11.7,-0.03,40,46803,卖盘
1759,13:03:39,11.7,0.0,4,4680,买盘
1760,13:03:42,11.7,0.0,81,94770,买盘
1761,13:03:51,11.69,-0.01,10,11691,卖盘
1762,13:04:00,11.69,0.0,10,11693,卖盘
1763,13:04:04,11.7,0.01,1,1170,中性盘
1764,13:04:09,11.7,0.0,2,2340,卖盘
1765,13:04:12,11.72,0.02,2,2344,买盘
1766,13:04:19,11.72,0.0,9,10540,买盘
1767,13:04:21,11.72,0.0,6,7032,买盘
1768,13:04:24,11.72,0.0,1,1172,买盘
1769,13:04:33,11.71,-0.01,9,10539,卖盘
1770,13:04:36,11.72,0.01,11,12884,买盘
1771,13:04:39,11.72,0.0,1,1172,卖盘
1772,13:04:42,11.72,0.0,1,1172,买盘
1773,13:04:48,11.7,-0.02,5,5850,卖盘
1774,13:04:51,11.71,0.01,1,1171,中性盘
1775,13:05:00,11.72,0.01,10,11720,买盘
1776,13:05:04,11.71,-0.01,1,1171,卖盘
1777,13:05:06,11.71,0.0,4,4684,卖盘
1778,13:05:10,11.72,0.01,4,4686,买盘
1779,13:05:15,11.71,-0.01,10,11710,卖盘
1780,13:05:19,11.72,0.01,2,2344,买盘
1781,13:05:21,11.72,0.0,3,3516,买盘
1782,13:05:27,11.72,0.0,11,12892,买盘
1783,13:05:36,11.72,0.0,11,12892,卖盘
1784,13:05:42,11.72,0.0,12,14064,买盘
1785,13:05:45,11.72,0.0,2,2344,买盘
1786,13:05:49,11.72,0.0,20,23440,买盘
1787,13:05:54,11.73,0.01,6,7033,买盘
1788,13:06:12,11.73,0.0,19,22287,买盘
1789,13:06:19,11.73,0.0,2,2346,买盘
1790,13:06:24,11.73,0.0,12,14076,买盘
1791,13:06:27,11.72,-0.01,23,26956,卖盘
1792,13:06:30,11.72,0.0,33,38676,买盘
1793,13:06:33,11.73,0.01,21,24630,买盘
1794,13:06:36,11.73,0.0,4,4692,买盘
1795,13:06:42,11.73,0.0,3,3519,买盘
1796,13:06:45,11.73,0.0,1,1173,买盘
1797,13:06:52,11.73,0.0,9,10557,卖盘
1798,13:07:10,11.74,0.01,6,7044,买盘
1799,13:07:18,11.74,0.0,6,7044,买盘
1800,13:07:21,11.74,0.0,1,1174,中性盘
1801,13:07:24,11.74,0.0,8,9392,买盘
1802,13:07:27,11.73,-0.01,106,124390,卖盘
1803,13:07:30,11.73,0.0,1,1173,买盘
1804,13:07:33,11.72,-0.01,2,2344,卖盘
1805,13:07:45,11.71,-0.01,17,19907,卖盘
1806,13:07:51,11.71,0.0,5,5855,买盘
1807,13:07:57,11.7,-0.01,16,18725,卖盘
1808,13:08:04,11.71,0.01,1,1171,买盘
1809,13:08:07,11.7,-0.01,102,119340,卖盘
1810,13:08:18,11.7,0.0,10,11705,卖盘
1811,13:08:21,11.7,0.0,22,25742,卖盘
1812,13:08:24,11.71,0.01,1,1171,买盘
1813,13:08:28,11.71,0.0,1,1171,买盘
1814,13:08:31,11.71,0.0,1,1171,买盘
1815,13:08:33,11.71,0.0,25,29275,买盘
1816,13:08:39,11.7,-0.01,5,5850,卖盘
1817,13:08:42,11.7,0.0,2,2340,卖盘
1818,13:09:00,11.7,0.0,10,11700,卖盘
1819,13:09:04,11.71,0.01,8,9368,买盘
1820,13:09:15,11.73,0.02,8,9380,买盘
1821,13:09:24,11.73,0.0,2,2346,买盘
1822,13:09:33,11.76,0.03,50,58751,买盘
1823,13:09:45,11.76,0.0,3,3528,买盘
1824,13:09:54,11.75,-0.01,3,3525,卖盘
1825,13:09:57,11.76,0.01,7,8232,买盘
1826,13:10:00,11.75,-0.01,3,3525,买盘
1827,13:10:04,11.75,0.0,5,5875,买盘
1828,13:10:16,11.75,0.0,10,11750,买盘
1829,13:10:21,11.75,0.0,7,8225,买盘
1830,13:10:27,11.73,-0.02,14,16426,卖盘
1831,13:10:31,11.76,0.03,20,23463,买盘
1832,13:10:45,11.75,-0.01,4,4700,买盘
1833,13:10:48,11.74,-0.01,2,2348,卖盘
1834,13:10:57,11.75,0.01,18,21137,买盘
1835,13:11:09,11.75,0.0,2,2350,买盘
1836,13:11:16,11.74,-0.01,67,78658,卖盘
1837,13:11:22,11.74,0.0,17,19960,卖盘
1838,13:11:34,11.75,0.01,2,2350,买盘
1839,13:11:36,11.75,0.0,5,5875,买盘
1840,13:11:42,11.75,0.0,35,41107,买盘
1841,13:11:58,11.75,0.0,5,5875,买盘
1842,13:12:04,11.75,0.0,20,23500,买盘
1843,13:12:13,11.75,0.0,10,11750,买盘
1844,13:12:25,11.75,0.0,19,22322,买盘
1845,13:12:30,11.75,0.0,3,3525,买盘
1846,13:12:33,11.75,0.0,13,15275,买盘
1847,13:12:39,11.75,0.0,13,15275,买盘
1848,13:12:58,11.75,0.0,7,8227,卖盘
1849,13:13:18,11.75,0.0,40,47020,卖盘
1850,13:13:24,11.75,0.0,10,11750,卖盘
1851,13:13:28,11.76,0.01,2,2352,买盘
1852,13:13:33,11.76,0.0,1,1176,买盘
1853,13:13:37,11.75,-0.01,36,42300,卖盘
1854,13:13:42,11.75,0.0,4,4700,买盘
1855,13:13:48,11.75,0.0,3,3525,买盘
1856,13:13:51,11.75,0.0,3,3525,买盘
1857,13:13:57,11.74,-0.01,5,5870,卖盘
1858,13:14:04,11.75,0.01,3,3525,买盘
1859,13:14:09,11.75,0.0,56,65754,买盘
1860,13:14:18,11.75,0.0,9,10575,买盘
1861,13:14:33,11.75,0.0,12,14100,买盘
1862,13:14:36,11.75,0.0,13,15275,买盘
1863,13:14:42,11.75,0.0,2,2350,买盘
1864,13:14:45,11.75,0.0,12,14098,买盘
1865,13:14:48,11.75,0.0,18,21147,买盘
1866,13:14:55,11.75,0.0,5,5875,买盘
1867,13:14:58,11.75,0.0,106,124550,买盘
1868,13:15:04,11.75,0.0,9,10575,买盘
1869,13:15:07,11.75,0.0,6,7050,买盘
1870,13:15:13,11.75,0.0,2,2350,卖盘
1871,13:15:16,11.75,0.0,2,2350,卖盘
1872,13:15:19,11.75,0.0,6,7050,卖盘
1873,13:15:21,11.71,-0.04,293,343452,卖盘
1874,13:15:25,11.71,0.0,1,1171,买盘
1875,13:15:31,11.71,0.0,17,19907,买盘
1876,13:15:36,11.7,-0.01,77,90095,卖盘
1877,13:15:39,11.71,0.01,14,16388,买盘
1878,13:15:45,11.7,-0.01,2,2340,买盘
1879,13:15:49,11.69,-0.01,80,93580,卖盘
1880,13:15:55,11.7,0.01,1,1170,买盘
1881,13:15:58,11.7,0.0,2,2340,买盘
1882,13:16:00,11.7,0.0,38,44455,买盘
1883,13:16:04,11.69,-0.01,10,11697,卖盘
1884,13:16:06,11.69,0.0,10,11690,买盘
1885,13:16:09,11.69,0.0,17,19873,买盘
1886,13:16:12,11.69,0.0,39,45591,买盘
1887,13:16:16,11.68,-0.01,22,25696,卖盘
1888,13:16:19,11.68,0.0,9,10512,卖盘
1889,13:16:27,11.68,0.0,4,4673,卖盘
1890,13:16:30,11.65,-0.03,80,93229,卖盘
1891,13:16:33,11.65,0.0,10,11650,买盘
1892,13:16:36,11.64,-0.01,23,26785,卖盘
1893,13:16:40,11.65,0.01,62,72230,买盘
1894,13:16:42,11.64,-0.01,3,3492,卖盘
1895,13:16:45,11.64,0.0,10,11640,买盘
1896,13:16:48,11.64,0.0,11,12804,买盘
1897,13:16:51,11.64,0.0,103,119881,买盘
1898,13:16:58,11.64,0.0,3,3492,卖盘
1899,13:17:00,11.64,0.0,101,117566,卖盘
1900,13:17:04,11.64,0.0,27,31428,买盘
1901,13:17:07,11.64,0.0,1,1164,买盘
1902,13:17:09,11.64,0.0,23,26772,卖盘
1903,13:17:15,11.64,0.0,122,142102,卖盘
1904,13:17:18,11.64,0.0,10,11640,卖盘
1905,13:17:22,11.64,0.0,39,45396,买盘
1906,13:17:25,11.64,0.0,5,5820,买盘
1907,13:17:28,11.63,-0.01,36,41907,卖盘
1908,13:17:31,11.64,0.01,65,75658,中性盘
1909,13:17:34,11.63,-0.01,144,167617,卖盘
1910,13:17:37,11.63,0.0,8,9304,买盘
1911,13:17:39,11.64,0.01,136,158187,买盘
1912,13:17:42,11.64,0.0,42,48888,买盘
1913,13:17:45,11.64,0.0,4,4656,买盘
1914,13:17:51,11.64,0.0,33,38467,卖盘
1915,13:17:54,11.7,0.06,21,24523,买盘
1916,13:17:58,11.64,-0.06,20,23296,卖盘
1917,13:18:04,11.7,0.06,15,17550,买盘
1918,13:18:10,11.7,0.0,1,1170,买盘
1919,13:18:13,11.7,0.0,37,43290,买盘
1920,13:18:16,11.7,0.0,46,53820,买盘
1921,13:18:19,11.7,0.0,41,47970,买盘
1922,13:18:24,11.71,0.01,45,52695,买盘
1923,13:18:28,11.71,0.0,4,4684,买盘
1924,13:18:33,11.75,0.04,3,3525,买盘
1925,13:18:39,11.76,0.01,6,7056,买盘
1926,13:18:46,11.77,0.01,4,4708,买盘
1927,13:18:49,11.76,-0.01,27,31769,卖盘
1928,13:18:52,11.76,0.0,3,3528,买盘
1929,13:18:58,11.76,0.0,2,2352,买盘
1930,13:19:01,11.76,0.0,24,28224,买盘
1931,13:19:07,11.76,0.0,5,5880,买盘
1932,13:19:09,11.76,0.0,2,2351,买盘
1933,13:19:12,11.76,0.0,2,2352,买盘
1934,13:19:15,11.75,-0.01,16,18800,卖盘
1935,13:19:19,11.75,0.0,12,14100,买盘
1936,13:19:22,11.75,0.0,21,24675,买盘
1937,13:19:25,11.75,0.0,1,1175,买盘
1938,13:19:28,11.75,0.0,7,8225,买盘
1939,13:19:31,11.75,0.0,1,1175,买盘
1940,13:19:34,11.75,0.0,39,45825,买盘
1941,13:19:36,11.76,0.01,2,2352,买盘
1942,13:19:40,11.75,-0.01,1,1175,卖盘
1943,13:19:42,11.75,0.0,20,23500,卖盘
1944,13:19:45,11.75,0.0,52,61100,卖盘
1945,13:19:54,11.75,0.0,20,23500,买盘
1946,13:20:04,11.74,-0.01,7,8218,中性盘
1947,13:20:09,11.72,-0.02,4,4688,卖盘
1948,13:20:12,11.74,0.02,1,1174,买盘
1949,13:20:15,11.74,0.0,2,2348,买盘
1950,13:20:22,11.74,0.0,33,38715,买盘
1951,13:20:28,11.73,-0.01,14,16422,买盘
1952,13:20:31,11.72,-0.01,22,25790,卖盘
1953,13:20:36,11.72,0.0,7,8209,卖盘
1954,13:20:39,11.73,0.01,1,1173,买盘
1955,13:20:49,11.72,-0.01,1,1172,卖盘
1956,13:20:52,11.72,0.0,30,35193,卖盘
1957,13:21:01,11.72,0.0,22,25805,卖盘
1958,13:21:15,11.72,0.0,9,10548,卖盘
1959,13:21:28,11.71,-0.01,15,17567,卖盘
1960,13:21:34,11.71,0.0,2,2342,卖盘
1961,13:21:40,11.72,0.01,26,30471,买盘
1962,13:21:49,11.71,-0.01,30,35130,卖盘
1963,13:21:52,11.71,0.0,14,16395,卖盘
1964,13:22:00,11.71,0.0,5,5855,买盘
1965,13:22:06,11.72,0.01,2,2344,买盘
1966,13:22:19,11.72,0.0,26,30457,买盘
1967,13:22:22,11.71,-0.01,16,18736,卖盘
1968,13:22:25,11.71,0.0,40,46840,卖盘
1969,13:22:27,11.71,0.0,1,1171,买盘
1970,13:22:39,11.7,-0.01,47,54990,卖盘
1971,13:22:42,11.7,0.0,10,11706,卖盘
1972,13:22:55,11.7,0.0,1,1170,卖盘
1973,13:23:04,11.7,0.0,1,1170,卖盘
1974,13:23:21,11.69,-0.01,1,1169,卖盘
1975,13:23:28,11.69,0.0,5,5845,卖盘
1976,13:23:36,11.69,0.0,16,18690,买盘
1977,13:23:39,11.67,-0.02,53,61863,卖盘
1978,13:23:49,11.67,0.0,14,16346,卖盘
1979,13:23:54,11.69,0.02,6,7012,买盘
1980,13:23:57,11.68,-0.01,10,11684,卖盘
1981,13:24:00,11.67,-0.01,60,70029,卖盘
1982,13:24:10,11.68,0.01,2,2336,卖盘
1983,13:24:24,11.68,0.0,5,5840,买盘
1984,13:24:28,11.68,0.0,47,54896,买盘
1985,13:24:45,11.68,0.0,1,1168,买盘
1986,13:24:55,11.68,0.0,17,19856,买盘
1987,13:24:57,11.67,-0.01,1,1167,卖盘
1988,13:25:01,11.67,0.0,14,16338,卖盘
1989,13:25:04,11.68,0.01,1,1168,买盘
1990,13:25:13,11.68,0.0,11,12848,买盘
1991,13:25:15,11.67,-0.01,5,5835,卖盘
1992,13:25:18,11.68,0.01,7,8176,买盘
1993,13:25:21,11.67,-0.01,14,16338,卖盘
1994,13:25:27,11.67,0.0,12,14006,卖盘
1995,13:25:31,11.67,0.0,61,71187,卖盘
1996,13:25:45,11.67,0.0,4,4668,买盘
1997,13:26:00,11.66,-0.01,2,2332,卖盘
1998,13:26:09,11.67,0.01,40,46680,买盘
1999,13:26:21,11.67,0.0,16,18672,买盘
2000,13:26:25,11.66,-0.01,9,10494,卖盘
2001,13:26:27,11.67,0.01,1,1167,买盘
2002,13:26:34,11.67,0.0,10,11665,买盘
2003,13:26:36,11.66,-0.01,5,5830,卖盘
2004,13:26:49,11.66,0.0,53,61806,卖盘
2005,13:26:57,11.66,0.0,6,6996,卖盘
2006,13:27:06,11.67,0.01,119,138873,买盘
2007,13:27:09,11.66,-0.01,112,130592,卖盘
2008,13:27:16,11.67,0.01,1,1167,买盘
2009,13:27:19,11.67,0.0,136,158635,买盘
2010,13:27:21,11.66,-0.01,54,62964,卖盘
2011,13:27:24,11.66,0.0,10,11660,买盘
2012,13:27:27,11.66,0.0,14,16324,买盘
2013,13:27:31,11.66,0.0,52,60620,买盘
2014,13:27:36,11.66,0.0,4,4664,卖盘
2015,13:27:39,11.66,0.0,10,11660,卖盘
2016,13:27:42,11.66,0.0,12,13994,卖盘
2017,13:27:45,11.66,0.0,17,19822,卖盘
2018,13:27:48,11.67,0.01,10,11670,买盘
2019,13:27:51,11.67,0.0,78,90991,买盘
2020,13:27:57,11.69,0.02,6,7014,买盘
2021,13:28:00,11.66,-0.03,21,24508,卖盘
2022,13:28:04,11.67,0.01,5,5847,卖盘
2023,13:28:09,11.75,0.08,89,104407,买盘
2024,13:28:19,11.67,-0.08,6,7002,卖盘
2025,13:28:27,11.68,0.01,10,11690,卖盘
2026,13:28:33,11.74,0.06,10,11740,买盘
2027,13:28:42,11.74,0.0,17,19950,买盘
2028,13:28:51,11.74,0.0,17,19958,卖盘
2029,13:28:54,11.74,0.0,17,19958,卖盘
2030,13:28:57,11.75,0.01,10,11750,买盘
2031,13:29:04,11.75,0.0,1,1175,买盘
2032,13:29:07,11.74,-0.01,1,1174,卖盘
2033,13:29:18,11.74,0.0,19,22306,卖盘
2034,13:29:21,11.75,0.01,55,64625,买盘
2035,13:29:25,11.74,-0.01,16,18784,卖盘
2036,13:29:27,11.74,0.0,4,4696,买盘
2037,13:29:34,11.73,-0.01,23,26979,卖盘
2038,13:29:36,11.73,0.0,5,5865,卖盘
2039,13:29:43,11.74,0.01,6,7044,买盘
2040,13:29:48,11.73,-0.01,9,10557,卖盘
2041,13:30:04,11.7,-0.03,27,31597,卖盘
2042,13:30:10,11.71,0.01,5,5855,买盘
2043,13:30:19,11.7,-0.01,33,38610,卖盘
2044,13:30:25,11.73,0.03,10,11730,买盘
2045,13:30:28,11.7,-0.03,12,14040,卖盘
2046,13:30:31,11.74,0.04,9,10563,买盘
2047,13:30:36,11.74,0.0,17,19934,买盘
2048,13:30:40,11.71,-0.03,11,12881,卖盘
2049,13:30:54,11.74,0.03,10,11740,买盘
2050,13:31:01,11.71,-0.03,7,8207,卖盘
2051,13:31:04,11.74,0.03,10,11740,买盘
2052,13:31:09,11.77,0.03,248,291476,买盘
2053,13:31:15,11.77,0.0,220,259381,买盘
2054,13:31:19,11.8,0.03,10,11800,买盘
2055,13:31:21,11.8,0.0,4,4720,买盘
2056,13:31:25,11.8,0.0,19,22420,买盘
2057,13:31:28,11.81,0.01,3,3543,卖盘
2058,13:31:31,11.83,0.02,16,18928,买盘
2059,13:31:34,11.83,0.0,21,24843,买盘
2060,13:31:37,11.83,0.0,92,108836,买盘
2061,13:31:40,11.84,0.01,22,26027,买盘
2062,13:31:42,11.86,0.02,35,41503,买盘
2063,13:31:45,11.86,0.0,4,4744,买盘
2064,13:31:52,11.88,0.02,51,60505,买盘
2065,13:31:58,11.89,0.01,24,28501,买盘
2066,13:32:01,11.89,0.0,22,26159,买盘
2067,13:32:04,11.89,0.0,18,21402,卖盘
2068,13:32:07,11.9,0.01,20,23788,买盘
2069,13:32:09,11.9,0.0,81,96376,买盘
2070,13:32:13,11.91,0.01,51,60716,买盘
2071,13:32:16,11.89,-0.02,67,79732,卖盘
2072,13:32:19,11.91,0.02,10,11910,买盘
2073,13:32:21,11.91,0.0,53,63123,卖盘
2074,13:32:25,11.92,0.01,6,7151,买盘
2075,13:32:27,11.94,0.02,2,2388,买盘
2076,13:32:30,11.94,0.0,15,17911,买盘
2077,13:32:33,11.94,0.0,7,8358,买盘
2078,13:32:36,11.94,0.0,28,33432,买盘
2079,13:32:39,11.94,0.0,75,89505,买盘
2080,13:32:43,11.94,0.0,82,97894,买盘
2081,13:32:46,11.94,0.0,86,102530,买盘
2082,13:32:49,11.94,0.0,3,3580,买盘
2083,13:32:52,11.92,-0.02,59,70328,买盘
2084,13:32:55,11.92,0.0,39,46508,买盘
2085,13:33:01,11.91,-0.01,76,90558,卖盘
2086,13:33:04,11.91,0.0,38,45272,卖盘
2087,13:33:06,11.92,0.01,40,47648,买盘
2088,13:33:10,11.9,-0.02,48,57120,卖盘
2089,13:33:13,11.9,0.0,10,11900,买盘
2090,13:33:16,11.9,0.0,10,11900,买盘
2091,13:33:19,11.88,-0.02,21,24948,卖盘
2092,13:33:21,11.88,0.0,9,10692,买盘
2093,13:33:24,11.88,0.0,16,19003,买盘
2094,13:33:28,11.88,0.0,9,10692,买盘
2095,13:33:30,11.87,-0.01,20,23740,卖盘
2096,13:33:33,11.87,0.0,8,9496,卖盘
2097,13:33:40,11.87,0.0,99,117513,买盘
2098,13:33:43,11.87,0.0,2,2374,买盘
2099,13:33:46,11.87,0.0,4,4748,买盘
2100,13:33:49,11.86,-0.01,9,10674,卖盘
2101,13:33:51,11.87,0.01,16,18979,买盘
2102,13:33:55,11.87,0.0,1,1187,买盘
2103,13:33:58,11.85,-0.02,1,1185,卖盘
2104,13:34:00,11.85,0.0,13,15405,卖盘
2105,13:34:07,11.85,0.0,7,8295,卖盘
2106,13:34:09,11.85,0.0,15,17775,卖盘
2107,13:34:12,11.86,0.01,22,26092,买盘
2108,13:34:15,11.86,0.0,2,2372,卖盘
2109,13:34:21,11.86,0.0,30,35600,卖盘
2110,13:34:28,11.88,0.02,18,21384,买盘
2111,13:34:30,11.88,0.0,8,9504,卖盘
2112,13:34:33,11.89,0.01,20,23780,买盘
2113,13:34:36,11.89,0.0,38,45182,买盘
2114,13:34:39,11.91,0.02,52,61887,买盘
2115,13:34:46,11.91,0.0,20,23820,买盘
2116,13:34:52,11.92,0.01,12,14302,买盘
2117,13:34:55,11.92,0.0,7,8344,卖盘
2118,13:34:58,11.93,0.01,9,10737,买盘
2119,13:35:01,11.93,0.0,52,61989,买盘
2120,13:35:04,11.92,-0.01,1,1192,卖盘
2121,13:35:07,11.93,0.01,31,36983,买盘
2122,13:35:10,11.93,0.0,11,13123,卖盘
2123,13:35:12,11.95,0.02,90,107413,买盘
2124,13:35:15,11.94,-0.01,17,20312,买盘
2125,13:35:19,11.95,0.01,55,65685,买盘
2126,13:35:21,11.94,-0.01,31,37024,卖盘
2127,13:35:24,11.95,0.01,23,27484,买盘
2128,13:35:28,11.96,0.01,25,29893,买盘
2129,13:35:31,11.97,0.01,55,65831,买盘
2130,13:35:33,11.98,0.01,16,19160,买盘
2131,13:35:37,11.99,0.01,33,39540,买盘
2132,13:35:39,11.98,-0.01,11,13178,买盘
2133,13:35:42,11.99,0.01,2,2398,买盘
2134,13:35:45,11.98,-0.01,87,104300,卖盘
2135,13:35:49,11.98,0.0,39,46742,卖盘
2136,13:35:52,11.99,0.01,38,45559,买盘
2137,13:35:55,11.99,0.0,107,128344,卖盘
2138,13:35:58,11.99,0.0,261,313135,买盘
2139,13:36:01,11.99,0.0,10,11991,卖盘
2140,13:36:04,12.0,0.01,91,109163,买盘
2141,13:36:07,12.0,0.0,26,31201,卖盘
2142,13:36:10,12.0,0.0,17,20400,卖盘
2143,13:36:13,12.01,0.01,66,79226,买盘
2144,13:36:16,12.0,-0.01,7,8406,卖盘
2145,13:36:19,12.01,0.01,176,211403,卖盘
2146,13:36:21,12.02,0.01,17,20432,买盘
2147,13:36:25,12.0,-0.02,95,114127,卖盘
2148,13:36:28,12.02,0.02,34,40850,买盘
2149,13:36:31,12.01,-0.01,8,9608,买盘
2150,13:36:34,12.02,0.01,28,33652,买盘
2151,13:36:37,12.02,0.0,93,111786,卖盘
2152,13:36:40,12.02,0.0,140,168246,卖盘
2153,13:36:43,12.02,0.0,33,39614,买盘
2154,13:36:46,12.01,-0.01,6,7202,中性盘
2155,13:36:49,12.0,-0.01,55,66000,卖盘
2156,13:36:52,11.99,-0.01,23,27577,卖盘
2157,13:36:55,11.99,0.0,54,64707,买盘
2158,13:36:58,11.98,-0.01,33,39534,卖盘
2159,13:37:01,11.97,-0.01,1,1197,卖盘
2160,13:37:04,11.98,0.01,16,19153,买盘
2161,13:37:06,11.96,-0.02,3,3588,卖盘
2162,13:37:10,11.98,0.02,4,4792,买盘
2163,13:37:13,11.96,-0.02,8,9568,卖盘
2164,13:37:19,11.96,0.0,1,1196,买盘
2165,13:37:22,11.95,-0.01,4,4780,卖盘
2166,13:37:25,11.95,0.0,35,41825,卖盘
2167,13:37:28,11.96,0.01,48,57378,买盘
2168,13:37:31,11.94,-0.02,15,17920,卖盘
2169,13:37:33,11.95,0.01,17,20306,买盘
2170,13:37:36,11.94,-0.01,1,1194,卖盘
2171,13:37:39,11.94,0.0,21,25074,卖盘
2172,13:37:43,11.94,0.0,26,31044,卖盘
2173,13:37:46,11.94,0.0,56,66870,卖盘
2174,13:37:55,11.94,0.0,21,25074,买盘
2175,13:38:01,11.94,0.0,15,17910,买盘
2176,13:38:04,11.93,-0.01,9,10740,卖盘
2177,13:38:09,11.96,0.03,70,83595,买盘
2178,13:38:21,11.97,0.01,5,5985,买盘
2179,13:38:25,11.97,0.0,2,2394,买盘
2180,13:38:28,11.97,0.0,20,23940,卖盘
2181,13:38:31,11.98,0.01,11,13178,买盘
2182,13:38:34,11.98,0.0,53,63494,买盘
2183,13:38:37,11.98,0.0,3,3594,买盘
2184,13:38:40,11.98,0.0,1,1198,卖盘
2185,13:38:43,11.98,0.0,4,4792,卖盘
2186,13:38:46,12.0,0.02,254,304684,买盘
2187,13:38:48,12.0,0.0,17,20400,买盘
2188,13:38:51,11.99,-0.01,18,21599,卖盘
2189,13:38:58,11.99,0.0,19,22788,卖盘
2190,13:39:01,11.99,0.0,5,5995,卖盘
2191,13:39:04,11.99,0.0,21,25191,卖盘
2192,13:39:07,11.99,0.0,2,2398,卖盘
2193,13:39:09,11.99,0.0,10,11990,卖盘
2194,13:39:13,11.98,-0.01,76,91114,卖盘
2195,13:39:16,11.98,0.0,1,1198,卖盘
2196,13:39:19,11.98,0.0,23,27574,卖盘
2197,13:39:22,11.98,0.0,87,104229,卖盘
2198,13:39:27,11.97,-0.01,15,17965,卖盘
2199,13:39:31,11.98,0.01,4,4792,买盘
2200,13:39:33,11.97,-0.01,124,148431,卖盘
2201,13:39:37,11.96,-0.01,84,100498,卖盘
2202,13:39:40,11.96,0.0,4,4785,卖盘
2203,13:39:43,11.96,0.0,9,10764,卖盘
2204,13:39:46,11.96,0.0,19,22724,买盘
2205,13:39:48,11.96,0.0,6,7176,买盘
2206,13:39:55,11.92,-0.04,50,59600,卖盘
2207,13:40:00,11.95,0.03,12,14319,买盘
2208,13:40:04,11.92,-0.03,6,7154,卖盘
2209,13:40:07,11.92,0.0,10,11920,卖盘
2210,13:40:10,11.92,0.0,8,9536,卖盘
2211,13:40:16,11.92,0.0,20,23840,卖盘
2212,13:40:19,11.92,0.0,9,10744,卖盘
2213,13:40:22,11.92,0.0,2,2384,卖盘
2214,13:40:25,11.94,0.02,1,1194,买盘
2215,13:40:28,11.92,-0.02,30,35760,卖盘
2216,13:40:30,11.94,0.02,11,13134,买盘
2217,13:40:42,11.9,-0.04,4,4766,卖盘
2218,13:40:45,11.9,0.0,5,5951,卖盘
2219,13:40:55,11.9,0.0,20,23800,卖盘
2220,13:40:57,11.9,0.0,4,4760,卖盘
2221,13:41:09,11.9,0.0,13,15478,卖盘
2222,13:41:12,11.93,0.03,7,8351,买盘
2223,13:41:16,11.93,0.0,6,7158,卖盘
2224,13:41:28,11.93,0.0,8,9544,卖盘
2225,13:41:33,11.93,0.0,3,3579,买盘
2226,13:41:36,11.92,-0.01,6,7152,卖盘
2227,13:41:43,11.92,0.0,3,3576,卖盘
2228,13:41:46,11.92,0.0,1,1192,卖盘
2229,13:41:49,11.93,0.01,20,23854,买盘
2230,13:41:52,11.91,-0.02,30,35730,卖盘
2231,13:41:55,11.91,0.0,40,47640,买盘
2232,13:41:58,11.9,-0.01,35,41650,卖盘
2233,13:42:01,11.89,-0.01,4,4756,卖盘
2234,13:42:04,11.9,0.01,23,27370,买盘
2235,13:42:12,11.88,-0.02,20,23760,卖盘
2236,13:42:22,11.87,-0.01,6,7122,卖盘
2237,13:42:24,11.87,0.0,2,2374,买盘
2238,13:42:27,11.88,0.01,10,11873,买盘
2239,13:42:30,11.88,0.0,13,15444,买盘
2240,13:42:33,11.85,-0.03,4,4743,卖盘
2241,13:42:36,11.88,0.03,15,17804,买盘
2242,13:42:42,11.85,-0.03,28,33230,卖盘
2243,13:42:49,11.88,0.03,2,2376,买盘
2244,13:42:55,11.88,0.0,27,32076,买盘
2245,13:42:57,11.85,-0.03,7,8295,卖盘
2246,13:43:00,11.88,0.03,11,13041,买盘
2247,13:43:10,11.85,-0.03,5,5925,卖盘
2248,13:43:13,11.86,0.01,4,4744,买盘
2249,13:43:31,11.86,0.0,2,2372,卖盘
2250,13:43:39,11.88,0.02,3,3564,买盘
2251,13:43:42,11.86,-0.02,9,10674,卖盘
2252,13:43:49,11.88,0.02,102,121176,买盘
2253,13:44:10,11.9,0.02,54,64260,买盘
2254,13:44:16,11.9,0.0,83,98614,买盘
2255,13:44:31,11.9,0.0,10,11900,买盘
2256,13:44:34,11.88,-0.02,2,2376,卖盘
2257,13:44:37,11.9,0.02,3,3570,买盘
2258,13:44:51,11.9,0.0,1,1190,买盘
2259,13:44:54,11.9,0.0,10,11900,买盘
2260,13:45:07,11.9,0.0,20,23800,买盘
2261,13:45:12,11.89,-0.01,2,2378,卖盘
2262,13:45:19,11.88,-0.01,6,7128,卖盘
2263,13:45:22,11.87,-0.01,9,10687,卖盘
2264,13:45:45,11.88,0.01,30,35612,买盘
2265,13:45:48,11.88,0.0,20,23760,卖盘
2266,13:45:58,11.86,-0.02,90,106806,卖盘
2267,13:46:10,11.87,0.01,10,11870,买盘
2268,13:46:18,11.87,0.0,20,23740,卖盘
2269,13:46:21,11.88,0.01,2,2376,买盘
2270,13:46:24,11.88,0.0,7,8316,买盘
2271,13:46:36,11.88,0.0,5,5940,卖盘
2272,13:46:39,11.89,0.01,10,11885,买盘
2273,13:46:42,11.89,0.0,7,8323,买盘
2274,13:46:45,11.89,0.0,13,15457,买盘
2275,13:46:48,11.89,0.0,5,5945,买盘
2276,13:46:51,11.89,0.0,35,41615,买盘
2277,13:47:00,11.9,0.01,2,2380,买盘
2278,13:47:07,11.89,-0.01,4,4756,卖盘
2279,13:47:10,11.9,0.01,50,59500,买盘
2280,13:47:12,11.89,-0.01,11,13079,卖盘
2281,13:47:16,11.9,0.01,80,95191,买盘
2282,13:47:18,11.9,0.0,7,8330,卖盘
2283,13:47:24,11.9,0.0,2,2380,卖盘
2284,13:47:36,11.93,0.03,37,44129,买盘
2285,13:47:39,11.91,-0.02,6,7146,卖盘
2286,13:47:45,11.91,0.0,1,1191,卖盘
2287,13:47:51,11.93,0.02,1,1193,买盘
2288,13:47:57,11.94,0.01,14,16708,买盘
2289,13:48:00,11.93,-0.01,6,7158,卖盘
2290,13:48:13,11.91,-0.02,1,1191,卖盘
2291,13:48:18,11.94,0.03,73,87101,买盘
2292,13:48:21,11.9,-0.04,10,11910,卖盘
2293,13:48:31,11.91,0.01,1,1191,卖盘
2294,13:48:34,11.91,0.0,1,1191,卖盘
2295,13:48:39,11.92,0.01,18,21443,买盘
2296,13:48:46,11.93,0.01,3,3579,买盘
2297,13:48:49,11.92,-0.01,5,5960,卖盘
2298,13:48:52,11.93,0.01,5,5965,买盘
2299,13:48:58,11.93,0.0,125,149044,买盘
2300,13:49:00,11.93,0.0,6,7158,买盘
2301,13:49:03,11.93,0.0,12,14316,买盘
2302,13:49:06,11.92,-0.01,22,26224,卖盘
2303,13:49:09,11.93,0.01,10,11930,买盘
2304,13:49:13,11.92,-0.01,2,2384,卖盘
2305,13:49:18,11.92,0.0,3,3576,卖盘
2306,13:49:22,11.92,0.0,25,29800,卖盘
2307,13:49:25,11.93,0.01,26,31017,买盘
2308,13:49:27,11.92,-0.01,5,5960,卖盘
2309,13:49:34,11.92,0.0,17,20267,卖盘
2310,13:49:36,11.92,0.0,215,256280,卖盘
2311,13:49:39,11.92,0.0,2,2384,买盘
2312,13:49:46,11.92,0.0,2,2384,买盘
2313,13:49:51,11.9,-0.02,9,10710,卖盘
2314,13:49:57,11.9,0.0,51,60690,卖盘
2315,13:50:01,11.9,0.0,3,3570,卖盘
2316,13:50:13,11.88,-0.02,10,11880,卖盘
2317,13:50:15,11.88,0.0,21,24948,卖盘
2318,13:50:34,11.88,0.0,5,5940,卖盘
2319,13:50:39,11.87,-0.01,8,9496,卖盘
2320,13:50:52,11.86,-0.01,2,2372,卖盘
2321,13:51:00,11.87,0.01,117,138879,买盘
2322,13:51:04,11.86,-0.01,27,32022,卖盘
2323,13:51:33,11.88,0.02,30,35640,买盘
2324,13:51:42,11.88,0.0,31,36828,卖盘
2325,13:51:45,11.88,0.0,43,51084,卖盘
2326,13:52:13,11.87,-0.01,36,42753,卖盘
2327,13:52:21,11.86,-0.01,2,2372,卖盘
2328,13:52:25,11.87,0.01,5,5935,买盘
2329,13:52:36,11.87,0.0,5,5935,卖盘
2330,13:52:52,11.86,-0.01,61,72346,卖盘
2331,13:52:55,11.86,0.0,3,3558,卖盘
2332,13:53:01,11.86,0.0,22,26092,卖盘
2333,13:53:04,11.86,0.0,43,50998,卖盘
2334,13:53:10,11.86,0.0,10,11860,买盘
2335,13:53:13,11.85,-0.01,2,2370,卖盘
2336,13:53:16,11.86,0.01,39,46219,买盘
2337,13:53:27,11.86,0.0,5,5930,卖盘
2338,13:53:40,11.88,0.02,2,2376,买盘
2339,13:53:51,11.88,0.0,6,7128,卖盘
2340,13:53:55,11.87,-0.01,2,2374,卖盘
2341,13:53:57,11.88,0.01,4,4752,买盘
2342,13:54:10,11.89,0.01,29,34481,买盘
2343,13:54:13,11.89,0.0,1,1189,买盘
2344,13:54:16,11.89,0.0,2,2378,卖盘
2345,13:54:22,11.89,0.0,5,5949,卖盘
2346,13:54:51,11.89,0.0,2,2378,买盘
2347,13:54:55,11.88,-0.01,6,7128,卖盘
2348,13:55:06,11.88,0.0,4,4752,卖盘
2349,13:55:09,11.89,0.01,7,8323,买盘
2350,13:55:16,11.88,-0.01,13,15444,卖盘
2351,13:55:19,11.89,0.01,39,46371,买盘
2352,13:55:33,11.89,0.0,3,3567,卖盘
2353,13:55:37,11.89,0.0,4,4756,卖盘
2354,13:55:45,11.89,0.0,5,5945,卖盘
2355,13:55:48,11.9,0.01,7,8330,买盘
2356,13:56:04,11.9,0.0,2,2380,买盘
2357,13:56:07,11.89,-0.01,1,1189,买盘
2358,13:56:15,11.89,0.0,8,9512,买盘
2359,13:56:21,11.89,0.0,2,2378,买盘
2360,13:56:28,11.89,0.0,2,2378,卖盘
2361,13:56:36,11.9,0.01,1,1190,买盘
2362,13:56:49,11.9,0.0,2,2380,买盘
2363,13:56:52,11.88,-0.02,10,11880,卖盘
2364,13:57:04,11.88,0.0,4,4752,卖盘
2365,13:57:12,11.88,0.0,19,22572,卖盘
2366,13:57:18,11.88,0.0,20,23760,卖盘
2367,13:57:30,11.88,0.0,47,55836,卖盘
2368,13:57:36,11.87,-0.01,1,1187,卖盘
2369,13:57:39,11.87,0.0,10,11870,卖盘
2370,13:57:42,11.88,0.01,19,22562,买盘
2371,13:57:48,11.88,0.0,7,8316,买盘
2372,13:57:52,11.87,-0.01,16,18992,卖盘
2373,13:58:00,11.87,0.0,6,7122,卖盘
2374,13:58:07,11.87,0.0,4,4748,卖盘
2375,13:58:12,11.87,0.0,44,52208,买盘
2376,13:58:16,11.87,0.0,57,67659,卖盘
2377,13:58:21,11.87,0.0,16,18992,买盘
2378,13:58:24,11.87,0.0,2,2374,买盘
2379,13:58:28,11.87,0.0,67,79529,买盘
2380,13:58:31,11.85,-0.02,56,66396,卖盘
2381,13:58:40,11.86,0.01,27,32022,买盘
2382,13:58:43,11.86,0.0,18,21348,卖盘
2383,13:58:49,11.86,0.0,6,7116,卖盘
2384,13:58:54,11.86,0.0,4,4744,卖盘
2385,13:58:58,11.86,0.0,14,16604,卖盘
2386,13:59:00,11.86,0.0,22,26092,卖盘
2387,13:59:04,11.87,0.01,24,28466,买盘
2388,13:59:19,11.86,-0.01,26,30847,卖盘
2389,13:59:24,11.85,-0.01,10,11850,卖盘
2390,13:59:28,11.86,0.01,10,11860,买盘
2391,13:59:31,11.86,0.0,5,5930,买盘
2392,13:59:39,11.86,0.0,4,4744,买盘
2393,13:59:52,11.86,0.0,2,2372,卖盘
2394,13:59:57,11.86,0.0,75,88950,卖盘
2395,14:00:04,11.85,-0.01,5,5925,卖盘
2396,14:00:07,11.86,0.01,30,35580,买盘
2397,14:00:10,11.85,-0.01,25,29635,卖盘
2398,14:00:13,11.86,0.01,7,8302,买盘
2399,14:00:15,11.86,0.0,1,1186,买盘
2400,14:00:19,11.86,0.0,10,11860,买盘
2401,14:00:21,11.86,0.0,9,10674,买盘
2402,14:00:24,11.86,0.0,18,21338,买盘
2403,14:00:28,11.86,0.0,15,17790,买盘
2404,14:00:37,11.86,0.0,7,8302,卖盘
2405,14:00:45,11.86,0.0,1,1186,卖盘
2406,14:00:48,11.87,0.01,12,14236,买盘
2407,14:00:55,11.86,-0.01,5,5930,买盘
2408,14:00:57,11.86,0.0,2,2372,卖盘
2409,14:01:00,11.86,0.0,3,3558,卖盘
2410,14:01:04,11.86,0.0,3,3558,卖盘
2411,14:01:06,11.86,0.0,4,4744,卖盘
2412,14:01:09,11.86,0.0,3,3558,卖盘
2413,14:01:12,11.86,0.0,7,8306,卖盘
2414,14:01:19,11.86,0.0,6,7116,卖盘
2415,14:01:21,11.86,0.0,4,4744,卖盘
2416,14:01:24,11.86,0.0,3,3558,卖盘
2417,14:01:28,11.86,0.0,30,35580,卖盘
2418,14:01:30,11.85,-0.01,12,14220,卖盘
2419,14:01:34,11.85,0.0,7,8295,卖盘
2420,14:01:37,11.85,0.0,35,41475,卖盘
2421,14:01:39,11.85,0.0,5,5925,卖盘
2422,14:01:42,11.85,0.0,4,4740,卖盘
2423,14:01:46,11.85,0.0,1,1185,卖盘
2424,14:01:52,11.85,0.0,50,59250,卖盘
2425,14:01:58,11.86,0.01,30,35580,买盘
2426,14:02:01,11.86,0.0,8,9488,买盘
2427,14:02:04,11.85,-0.01,10,11850,卖盘
2428,14:02:07,11.85,0.0,11,13045,卖盘
2429,14:02:12,11.86,0.01,5,5926,买盘
2430,14:02:16,11.85,-0.01,20,23708,卖盘
2431,14:02:19,11.85,0.0,19,22515,卖盘
2432,14:02:24,11.85,0.0,16,18960,卖盘
2433,14:02:28,11.85,0.0,48,56880,卖盘
2434,14:02:30,11.85,0.0,50,59250,卖盘
2435,14:02:34,11.85,0.0,28,33180,卖盘
2436,14:02:37,11.85,0.0,25,29625,卖盘
2437,14:02:39,11.85,0.0,27,31995,卖盘
2438,14:02:42,11.85,0.0,19,22515,卖盘
2439,14:02:46,11.85,0.0,38,45046,卖盘
2440,14:02:48,11.85,0.0,53,62805,卖盘
2441,14:02:51,11.84,-0.01,28,33153,卖盘
2442,14:02:55,11.84,0.0,26,30764,买盘
2443,14:02:57,11.81,-0.03,16,18898,卖盘
2444,14:03:00,11.81,0.0,16,18896,卖盘
2445,14:03:04,11.81,0.0,16,18900,卖盘
2446,14:03:07,11.81,0.0,14,16534,卖盘
2447,14:03:09,11.8,-0.01,10,11809,卖盘
2448,14:03:13,11.8,0.0,12,14162,卖盘
2449,14:03:16,11.8,0.0,15,17701,卖盘
2450,14:03:19,11.8,0.0,59,69620,卖盘
2451,14:03:22,11.79,-0.01,17,20056,卖盘
2452,14:03:28,11.79,0.0,11,12969,卖盘
2453,14:03:30,11.79,0.0,1,1179,卖盘
2454,14:03:34,11.79,0.0,1,1179,卖盘
2455,14:03:37,11.79,0.0,7,8253,卖盘
2456,14:03:39,11.79,0.0,9,10611,卖盘
2457,14:03:43,11.76,-0.03,1,1176,卖盘
2458,14:03:46,11.76,0.0,5,5880,买盘
2459,14:03:48,11.76,0.0,5,5880,买盘
2460,14:03:52,11.76,0.0,5,5880,卖盘
2461,14:03:58,11.76,0.0,49,57624,卖盘
2462,14:04:04,11.75,-0.01,48,56414,卖盘
2463,14:04:07,11.75,0.0,10,11750,卖盘
2464,14:04:10,11.76,0.01,10,11760,卖盘
2465,14:04:15,11.76,0.0,5,5880,买盘
2466,14:04:18,11.76,0.0,21,24696,买盘
2467,14:04:25,11.78,0.02,2,2354,买盘
2468,14:04:28,11.78,0.0,2,2356,卖盘
2469,14:04:52,11.79,0.01,6,7074,买盘
2470,14:04:58,11.79,0.0,5,5895,买盘
2471,14:05:12,11.78,-0.01,4,4712,卖盘
2472,14:05:25,11.79,0.01,20,23580,买盘
2473,14:05:33,11.77,-0.02,22,25914,卖盘
2474,14:05:43,11.77,0.0,8,9416,买盘
2475,14:05:49,11.79,0.02,2,2358,买盘
2476,14:05:58,11.77,-0.02,28,32977,卖盘
2477,14:06:01,11.79,0.02,2,2358,买盘
2478,14:06:06,11.79,0.0,9,10611,买盘
2479,14:06:09,11.79,0.0,2,2358,卖盘
2480,14:06:16,11.79,0.0,23,27130,卖盘
2481,14:06:22,11.79,0.0,3,3537,卖盘
2482,14:06:24,11.79,0.0,1,1179,卖盘
2483,14:06:30,11.79,0.0,1,1179,卖盘
2484,14:06:34,11.79,0.0,2,2358,卖盘
2485,14:06:37,11.8,0.01,3,3540,卖盘
2486,14:06:39,11.81,0.01,4,4721,买盘
2487,14:06:43,11.79,-0.02,4,4719,卖盘
2488,14:06:46,11.77,-0.02,17,20031,卖盘
2489,14:06:49,11.77,0.0,14,16478,卖盘
2490,14:06:52,11.77,0.0,12,14124,卖盘
2491,14:06:55,11.78,0.01,14,16492,卖盘
2492,14:06:58,11.78,0.0,12,14136,卖盘
2493,14:07:00,11.8,0.02,14,16488,买盘
2494,14:07:04,11.76,-0.04,12,14112,卖盘
2495,14:07:07,11.76,0.0,9,10584,卖盘
2496,14:07:10,11.76,0.0,18,21178,卖盘
2497,14:07:13,11.76,0.0,10,11760,卖盘
2498,14:07:16,11.76,0.0,122,143472,卖盘
2499,14:07:19,11.76,0.0,38,44688,卖盘
2500,14:07:22,11.76,0.0,114,134073,卖盘
2501,14:07:28,11.76,0.0,23,27048,卖盘
2502,14:07:31,11.77,0.01,9,10593,买盘
2503,14:07:34,11.76,-0.01,5,5880,卖盘
2504,14:07:37,11.75,-0.01,23,27043,卖盘
2505,14:07:40,11.76,0.01,4,4704,卖盘
2506,14:07:45,11.75,-0.01,5,5875,卖盘
2507,14:07:49,11.75,0.0,8,9403,卖盘
2508,14:07:52,11.75,0.0,32,37600,卖盘
2509,14:07:58,11.75,0.0,15,17611,买盘
2510,14:08:01,11.74,-0.01,22,25829,卖盘
2511,14:08:10,11.73,-0.01,7,8213,卖盘
2512,14:08:12,11.73,0.0,11,12903,卖盘
2513,14:08:15,11.73,0.0,6,7038,卖盘
2514,14:08:19,11.74,0.01,1,1174,买盘
2515,14:08:22,11.73,-0.01,41,48093,卖盘
2516,14:08:28,11.73,0.0,4,4689,买盘
2517,14:08:31,11.73,0.0,6,7038,买盘
2518,14:08:34,11.73,0.0,43,50424,卖盘
2519,14:08:37,11.73,0.0,28,32844,卖盘
2520,14:08:40,11.73,0.0,17,19934,买盘
2521,14:08:42,11.73,0.0,1,1173,卖盘
2522,14:08:45,11.73,0.0,59,69207,卖盘
2523,14:08:49,11.73,0.0,10,11730,买盘
2524,14:08:52,11.73,0.0,28,32844,买盘
2525,14:08:55,11.73,0.0,68,79764,买盘
2526,14:08:58,11.74,0.01,5,5870,买盘
2527,14:09:04,11.74,0.0,21,24654,买盘
2528,14:09:10,11.74,0.0,4,4696,卖盘
2529,14:09:25,11.74,0.0,2,2348,卖盘
2530,14:09:28,11.74,0.0,15,17602,卖盘
2531,14:09:39,11.75,0.01,19,22321,买盘
2532,14:09:42,11.74,-0.01,4,4696,卖盘
2533,14:09:49,11.74,0.0,2,2348,买盘
2534,14:09:52,11.74,0.0,23,27002,买盘
2535,14:09:58,11.73,-0.01,32,37536,卖盘
2536,14:10:04,11.72,-0.01,18,21103,卖盘
2537,14:10:07,11.73,0.01,18,21114,买盘
2538,14:10:09,11.73,0.0,12,14072,买盘
2539,14:10:13,11.72,-0.01,7,8204,卖盘
2540,14:10:16,11.72,0.0,25,29300,卖盘
2541,14:10:19,11.72,0.0,39,45708,卖盘
2542,14:10:25,11.72,0.0,9,10540,买盘
2543,14:10:28,11.71,-0.01,20,23420,卖盘
2544,14:10:31,11.71,0.0,86,100706,卖盘
2545,14:10:34,11.71,0.0,21,24591,买盘
2546,14:10:36,11.7,-0.01,2,2340,卖盘
2547,14:10:39,11.7,0.0,3,3511,卖盘
2548,14:10:45,11.7,0.0,135,157950,卖盘
2549,14:10:52,11.7,0.0,112,131040,卖盘
2550,14:10:58,11.7,0.0,12,14040,买盘
2551,14:11:01,11.69,-0.01,39,45594,卖盘
2552,14:11:04,11.69,0.0,40,46760,卖盘
2553,14:11:07,11.69,0.0,5,5845,买盘
2554,14:11:13,11.69,0.0,21,24549,买盘
2555,14:11:16,11.69,0.0,10,11690,卖盘
2556,14:11:19,11.68,-0.01,111,129681,卖盘
2557,14:11:21,11.7,0.02,4,4678,买盘
2558,14:11:25,11.68,-0.02,4,4675,卖盘
2559,14:11:27,11.69,0.01,4,4676,买盘
2560,14:11:31,11.68,-0.01,157,183380,卖盘
2561,14:11:37,11.68,0.0,12,14016,买盘
2562,14:11:40,11.68,0.0,15,17520,卖盘
2563,14:11:43,11.69,0.01,47,54943,买盘
2564,14:11:46,11.69,0.0,17,19873,买盘
2565,14:11:49,11.69,0.0,6,7014,买盘
2566,14:11:55,11.69,0.0,1,1169,买盘
2567,14:12:01,11.7,0.01,1,1170,买盘
2568,14:12:04,11.69,-0.01,3,3507,卖盘
2569,14:12:10,11.68,-0.01,2,2337,卖盘
2570,14:12:13,11.69,0.01,11,12855,买盘
2571,14:12:15,11.68,-0.01,28,32707,卖盘
2572,14:12:24,11.69,0.01,3,3507,买盘
2573,14:12:28,11.69,0.0,5,5845,卖盘
2574,14:12:40,11.69,0.0,13,15197,卖盘
2575,14:12:46,11.68,-0.01,168,196312,卖盘
2576,14:12:49,11.68,0.0,15,17520,买盘
2577,14:12:54,11.68,0.0,35,40880,买盘
2578,14:12:58,11.7,0.02,4,4680,买盘
2579,14:13:01,11.68,-0.02,2,2336,卖盘
2580,14:13:13,11.69,0.01,10,11690,卖盘
2581,14:13:16,11.7,0.01,26,30420,买盘
2582,14:13:19,11.7,0.0,1,1170,买盘
2583,14:13:22,11.7,0.0,2,2340,买盘
2584,14:13:27,11.7,0.0,5,5850,买盘
2585,14:13:31,11.7,0.0,11,12870,买盘
2586,14:13:34,11.7,0.0,6,7020,卖盘
2587,14:13:40,11.7,0.0,3,3510,卖盘
2588,14:13:48,11.71,0.01,3,3513,买盘
2589,14:13:52,11.71,0.0,23,26933,买盘
2590,14:14:00,11.71,0.0,7,8199,卖盘
2591,14:14:04,11.72,0.01,5,5860,买盘
2592,14:14:10,11.72,0.0,3,3516,买盘
2593,14:14:13,11.72,0.0,19,22268,卖盘
2594,14:14:22,11.75,0.03,18,21150,买盘
2595,14:14:25,11.72,-0.03,1,1172,卖盘
2596,14:14:34,11.75,0.03,7,8225,买盘
2597,14:14:37,11.73,-0.02,20,23460,卖盘
2598,14:14:40,11.75,0.02,5,5875,买盘
2599,14:14:52,11.75,0.0,12,14120,卖盘
2600,14:14:54,11.74,-0.01,138,162117,卖盘
2601,14:15:04,11.74,0.0,10,11731,买盘
2602,14:15:07,11.74,0.0,2,2348,买盘
2603,14:15:10,11.74,0.0,4,4696,买盘
2604,14:15:12,11.73,-0.01,1,1173,卖盘
2605,14:15:15,11.73,0.0,21,24633,卖盘
2606,14:15:19,11.74,0.01,14,16424,买盘
2607,14:15:31,11.74,0.0,5,5870,买盘
2608,14:15:34,11.74,0.0,1,1174,买盘
2609,14:15:37,11.74,0.0,30,35220,买盘
2610,14:15:40,11.73,-0.01,9,10563,卖盘
2611,14:15:46,11.73,0.0,1,1173,卖盘
2612,14:15:49,11.74,0.01,2,2348,买盘
2613,14:15:52,11.73,-0.01,10,11735,卖盘
2614,14:15:58,11.73,0.0,9,10562,卖盘
2615,14:16:06,11.73,0.0,31,36373,卖盘
2616,14:16:13,11.72,-0.01,130,152387,卖盘
2617,14:16:19,11.71,-0.01,8,9368,卖盘
2618,14:16:22,11.71,0.0,10,11710,卖盘
2619,14:16:25,11.71,0.0,24,28104,卖盘
2620,14:16:28,11.71,0.0,3,3513,卖盘
2621,14:16:31,11.71,0.0,7,8197,买盘
2622,14:16:33,11.72,0.01,3,3514,买盘
2623,14:16:36,11.71,-0.01,5,5855,卖盘
2624,14:16:40,11.71,0.0,89,104219,卖盘
2625,14:16:43,11.71,0.0,5,5855,买盘
2626,14:16:46,11.7,-0.01,4,4680,卖盘
2627,14:16:51,11.7,0.0,17,19890,卖盘
2628,14:16:54,11.7,0.0,23,26910,卖盘
2629,14:17:04,11.7,0.0,6,7020,卖盘
2630,14:17:19,11.7,0.0,16,18720,卖盘
2631,14:17:21,11.69,-0.01,117,136822,卖盘
2632,14:17:27,11.69,0.0,1,1169,买盘
2633,14:17:30,11.68,-0.01,12,14016,卖盘
2634,14:17:34,11.69,0.01,4,4676,买盘
2635,14:17:43,11.67,-0.02,300,350472,卖盘
2636,14:17:46,11.69,0.02,1,1169,中性盘
2637,14:17:48,11.66,-0.03,300,349988,卖盘
2638,14:17:52,11.7,0.04,10,11700,买盘
2639,14:17:54,11.66,-0.04,7,8162,卖盘
2640,14:18:00,11.66,0.0,20,23320,卖盘
2641,14:18:04,11.65,-0.01,50,58274,卖盘
2642,14:18:06,11.66,0.01,23,26818,卖盘
2643,14:18:12,11.66,0.0,4,4664,买盘
2644,14:18:15,11.68,0.02,5,5840,卖盘
2645,14:18:25,11.68,0.0,28,32704,卖盘
2646,14:18:36,11.69,0.01,141,164829,买盘
2647,14:18:39,11.69,0.0,20,23380,卖盘
2648,14:18:43,11.69,0.0,13,15203,卖盘
2649,14:18:52,11.69,0.0,10,11690,卖盘
2650,14:18:55,11.69,0.0,25,29225,买盘
2651,14:19:01,11.69,0.0,57,66633,买盘
2652,14:19:04,11.69,0.0,1,1169,买盘
2653,14:19:06,11.69,0.0,114,133266,买盘
2654,14:19:10,11.69,0.0,6,7014,买盘
2655,14:19:19,11.69,0.0,13,15197,卖盘
2656,14:19:24,11.69,0.0,20,23380,买盘
2657,14:19:27,11.68,-0.01,3,3504,卖盘
2658,14:19:31,11.68,0.0,9,10517,卖盘
2659,14:19:37,11.68,0.0,14,16352,卖盘
2660,14:19:40,11.69,0.01,4,4676,买盘
2661,14:19:46,11.68,-0.01,5,5840,卖盘
2662,14:19:49,11.69,0.01,3,3507,买盘
2663,14:19:58,11.69,0.0,77,89943,买盘
2664,14:20:04,11.69,0.0,10,11690,买盘
2665,14:20:07,11.68,-0.01,40,46720,卖盘
2666,14:20:10,11.69,0.01,18,21042,买盘
2667,14:20:13,11.69,0.0,66,77137,买盘
2668,14:20:16,11.68,-0.01,55,64255,卖盘
2669,14:20:19,11.68,0.0,25,29200,买盘
2670,14:20:24,11.68,0.0,15,17520,买盘
2671,14:20:28,11.68,0.0,6,7008,买盘
2672,14:20:34,11.68,0.0,1,1168,买盘
2673,14:20:37,11.68,0.0,31,36203,买盘
2674,14:20:40,11.68,0.0,5,5840,买盘
2675,14:20:43,11.67,-0.01,23,26841,卖盘
2676,14:20:46,11.68,0.01,1,1168,买盘
2677,14:20:54,11.68,0.0,17,19856,买盘
2678,14:20:57,11.67,-0.01,126,147062,卖盘
2679,14:21:01,11.67,0.0,6,7002,买盘
2680,14:21:06,11.66,-0.01,24,27984,卖盘
2681,14:21:09,11.67,0.01,1,1167,买盘
2682,14:21:12,11.66,-0.01,23,26820,卖盘
2683,14:21:16,11.67,0.01,5,5833,买盘
2684,14:21:19,11.67,0.0,5,5835,买盘
2685,14:21:21,11.66,-0.01,23,26818,卖盘
2686,14:21:28,11.67,0.01,2,2334,买盘
2687,14:21:31,11.66,-0.01,151,176066,卖盘
2688,14:21:37,11.66,0.0,5,5834,卖盘
2689,14:21:45,11.67,0.01,14,16338,买盘
2690,14:21:49,11.67,0.0,3,3501,买盘
2691,14:21:51,11.67,0.0,10,11670,买盘
2692,14:21:57,11.66,-0.01,160,186560,卖盘
2693,14:22:01,11.67,0.01,5,5835,买盘
2694,14:22:04,11.66,-0.01,1,1166,卖盘
2695,14:22:07,11.66,0.0,54,62964,卖盘
2696,14:22:10,11.67,0.01,5,5831,买盘
2697,14:22:13,11.67,0.0,2,2334,买盘
2698,14:22:22,11.65,-0.02,460,535983,卖盘
2699,14:22:28,11.66,0.01,2,2332,卖盘
2700,14:22:34,11.67,0.01,3,3501,买盘
2701,14:22:37,11.67,0.0,1,1167,买盘
2702,14:22:43,11.66,-0.01,6,6996,卖盘
2703,14:22:46,11.66,0.0,28,32648,卖盘
2704,14:22:48,11.66,0.0,7,8162,买盘
2705,14:22:51,11.65,-0.01,38,44277,卖盘
2706,14:22:55,11.65,0.0,9,10485,买盘
2707,14:22:58,11.66,0.01,9,10499,卖盘
2708,14:23:09,11.66,0.0,3,3498,买盘
2709,14:23:12,11.65,-0.01,93,108345,卖盘
2710,14:23:16,11.65,0.0,93,108345,买盘
2711,14:23:24,11.67,0.02,22,25662,买盘
2712,14:23:30,11.66,-0.01,3,3498,卖盘
2713,14:23:34,11.66,0.0,5,5830,卖盘
2714,14:23:40,11.66,0.0,3,3498,卖盘
2715,14:23:42,11.67,0.01,5,5835,买盘
2716,14:23:46,11.67,0.0,6,7002,买盘
2717,14:23:52,11.66,-0.01,2,2332,卖盘
2718,14:23:57,11.67,0.01,2,2334,买盘
2719,14:24:00,11.66,-0.01,7,8162,卖盘
2720,14:24:04,11.67,0.01,26,30323,买盘
2721,14:24:07,11.66,-0.01,40,46660,卖盘
2722,14:24:10,11.67,0.01,3,3501,买盘
2723,14:24:13,11.67,0.0,20,23340,买盘
2724,14:24:19,11.67,0.0,8,9336,买盘
2725,14:24:22,11.66,-0.01,13,15158,卖盘
2726,14:24:25,11.67,0.01,10,11670,买盘
2727,14:24:28,11.67,0.0,18,21006,买盘
2728,14:24:30,11.66,-0.01,10,11660,卖盘
2729,14:24:34,11.67,0.01,10,11670,买盘
2730,14:24:37,11.66,-0.01,266,310322,卖盘
2731,14:24:40,11.67,0.01,20,23340,买盘
2732,14:24:43,11.67,0.0,61,71187,买盘
2733,14:24:49,11.68,0.01,1,1168,买盘
2734,14:24:52,11.67,-0.01,1,1167,卖盘
2735,14:24:54,11.68,0.01,2,2336,买盘
2736,14:24:58,11.68,0.0,113,131884,买盘
2737,14:25:01,11.67,-0.01,7,8169,买盘
2738,14:25:04,11.68,0.01,50,58400,买盘
2739,14:25:07,11.68,0.0,46,53677,买盘
2740,14:25:10,11.67,-0.01,8,9337,卖盘
2741,14:25:13,11.67,0.0,5,5835,卖盘
2742,14:25:15,11.68,0.01,21,24528,买盘
2743,14:25:18,11.68,0.0,1,1168,买盘
2744,14:25:22,11.68,0.0,5,5840,买盘
2745,14:25:25,11.68,0.0,51,59568,买盘
2746,14:25:28,11.69,0.01,56,65418,买盘
2747,14:25:31,11.69,0.0,41,47929,买盘
2748,14:25:37,11.69,0.0,2,2338,买盘
2749,14:25:40,11.69,0.0,52,60788,买盘
2750,14:25:43,11.69,0.0,3,3507,买盘
2751,14:25:46,11.69,0.0,45,52605,买盘
2752,14:25:52,11.7,0.01,13,15210,买盘
2753,14:25:55,11.7,0.0,44,51480,买盘
2754,14:26:01,11.71,0.01,1,1171,买盘
2755,14:26:07,11.71,0.0,3,3513,买盘
2756,14:26:19,11.77,0.06,8,9409,买盘
2757,14:26:25,11.77,0.0,1,1177,买盘
2758,14:26:30,11.77,0.0,4,4708,卖盘
2759,14:26:33,11.78,0.01,20,23560,买盘
2760,14:26:49,11.77,-0.01,40,47116,卖盘
2761,14:26:51,11.78,0.01,6,7068,中性盘
2762,14:26:54,11.78,0.0,28,32984,买盘
2763,14:27:01,11.77,-0.01,9,10593,卖盘
2764,14:27:04,11.77,0.0,3,3531,卖盘
2765,14:27:06,11.77,0.0,29,34133,卖盘
2766,14:27:13,11.76,-0.01,18,21184,卖盘
2767,14:27:18,11.77,0.01,5,5885,买盘
2768,14:27:21,11.77,0.0,14,16465,买盘
2769,14:27:28,11.75,-0.02,10,11752,卖盘
2770,14:27:31,11.77,0.02,1,1177,买盘
2771,14:27:36,11.76,-0.01,10,11760,中性盘
2772,14:27:43,11.76,0.0,5,5880,买盘
2773,14:27:52,11.77,0.01,4,4708,买盘
2774,14:28:01,11.77,0.0,40,47075,买盘
2775,14:28:07,11.77,0.0,30,35310,卖盘
2776,14:28:10,11.78,0.01,203,238810,买盘
2777,14:28:22,11.77,-0.01,5,5885,买盘
2778,14:28:24,11.77,0.0,14,16478,买盘
2779,14:28:34,11.77,0.0,10,11770,卖盘
2780,14:28:40,11.75,-0.02,6,7050,买盘
2781,14:28:45,11.75,0.0,15,17625,买盘
2782,14:28:48,11.74,-0.01,40,46992,卖盘
2783,14:28:57,11.75,0.01,80,93931,买盘
2784,14:29:04,11.74,-0.01,19,22306,卖盘
2785,14:29:16,11.74,0.0,5,5870,买盘
2786,14:29:19,11.74,0.0,15,17610,买盘
2787,14:29:22,11.72,-0.02,33,38691,卖盘
2788,14:29:34,11.73,0.01,9,10557,买盘
2789,14:29:43,11.73,0.0,17,19937,买盘
2790,14:29:46,11.73,0.0,3,3519,买盘
2791,14:29:49,11.72,-0.01,5,5860,卖盘
2792,14:29:52,11.73,0.01,17,19938,买盘
2793,14:29:55,11.73,0.0,6,7038,卖盘
2794,14:30:07,11.72,-0.01,102,119597,卖盘
2795,14:30:10,11.72,0.0,1,1172,卖盘
2796,14:30:13,11.72,0.0,20,23440,卖盘
2797,14:30:16,11.74,0.02,5,5870,买盘
2798,14:30:28,11.74,0.0,12,14088,买盘
