,time,price,change,volume,amount,type
0,09:25:05,11.97,-0.19,607,726579,卖盘
1,09:30:00,11.92,-0.05,8,9541,卖盘
2,09:30:04,11.9,-0.02,713,850090,卖盘
3,09:30:07,11.9,0.0,227,270139,卖盘
4,09:30:10,11.92,0.02,75,89327,买盘
5,09:30:13,11.92,0.0,22,26224,卖盘
6,09:30:16,11.9,-0.02,23,27400,卖盘
7,09:30:19,11.9,0.0,118,140485,卖盘
8,09:30:21,11.9,0.0,79,94099,卖盘
9,09:30:24,11.92,0.02,22,26200,买盘
10,09:30:28,11.93,0.01,9,10730,买盘
11,09:30:31,11.93,0.0,249,296615,买盘
12,09:30:34,11.91,-0.02,99,117945,中性盘
13,09:30:36,11.93,0.02,19,22642,买盘
14,09:30:40,11.9,-0.03,176,209506,卖盘
15,09:30:43,11.9,0.0,115,136850,买盘
16,09:30:46,11.9,0.0,151,179639,买盘
17,09:30:49,11.89,-0.01,277,329463,卖盘
18,09:30:51,11.93,0.04,233,277315,买盘
19,09:30:55,11.91,-0.02,4,4764,卖盘
20,09:30:58,11.9,-0.01,8,9521,卖盘
21,09:31:01,11.9,0.0,70,83307,卖盘
22,09:31:04,11.91,0.01,232,276057,买盘
23,09:31:06,11.91,0.0,107,127367,买盘
24,09:31:10,11.93,0.02,41,48867,买盘
25,09:31:13,11.91,-0.02,42,50085,卖盘
26,09:31:16,11.94,0.03,96,114553,买盘
27,09:31:18,11.93,-0.01,309,368422,卖盘
28,09:31:22,11.95,0.02,69,82455,买盘
29,09:31:25,11.95,0.0,13,15535,买盘
30,09:31:28,11.94,-0.01,222,265138,卖盘
31,09:31:31,11.97,0.03,385,460448,买盘
32,09:31:34,11.96,-0.01,9,10764,卖盘
33,09:31:37,11.97,0.01,14,16758,买盘
34,09:31:40,11.96,-0.01,56,67078,卖盘
35,09:31:43,11.99,0.03,43,51463,买盘
36,09:31:49,11.99,0.0,15,17985,买盘
37,09:31:52,11.99,0.0,36,43188,卖盘
38,09:31:54,11.99,0.0,68,81597,卖盘
39,09:31:57,12.01,0.02,26,31226,买盘
40,09:32:01,12.01,0.0,12,14412,卖盘
41,09:32:04,12.04,0.03,91,109355,买盘
42,09:32:07,12.02,-0.02,5,6010,卖盘
43,09:32:10,12.05,0.03,99,119226,买盘
44,09:32:13,12.02,-0.03,44,52996,卖盘
45,09:32:16,12.04,0.02,99,119136,买盘
46,09:32:19,12.05,0.01,74,89127,买盘
47,09:32:22,12.03,-0.02,97,116803,卖盘
48,09:32:24,12.03,0.0,254,305317,买盘
49,09:32:27,12.03,0.0,21,25263,买盘
50,09:32:31,12.03,0.0,88,105765,买盘
51,09:32:34,12.02,-0.01,146,175555,卖盘
52,09:32:37,12.03,0.01,141,169547,买盘
53,09:32:39,12.03,0.0,54,64905,买盘
54,09:32:43,12.0,-0.03,118,141842,卖盘
55,09:32:45,12.03,0.03,5,6015,买盘
56,09:32:49,12.0,-0.03,64,76956,卖盘
57,09:32:52,12.02,0.02,182,218752,中性盘
58,09:32:55,12.03,0.01,252,302775,买盘
59,09:32:58,12.01,-0.02,36,43250,卖盘
60,09:33:01,12.0,-0.01,50,60018,卖盘
61,09:33:04,12.01,0.01,36,43280,中性盘
62,09:33:07,12.01,0.0,71,85272,卖盘
63,09:33:10,12.03,0.02,10,12030,买盘
64,09:33:12,12.02,-0.01,62,74624,卖盘
65,09:33:19,12.02,0.0,25,30058,卖盘
66,09:33:22,12.01,-0.01,49,58854,卖盘
67,09:33:25,12.02,0.01,9,10818,买盘
68,09:33:28,12.01,-0.01,58,69699,卖盘
69,09:33:31,12.01,0.0,12,14420,卖盘
70,09:33:34,12.01,0.0,223,267830,卖盘
71,09:33:37,12.01,0.0,24,28824,卖盘
72,09:33:40,12.01,0.0,30,36030,买盘
73,09:33:42,12.0,-0.01,10,12009,卖盘
74,09:33:46,12.01,0.01,47,56447,买盘
75,09:33:49,12.0,-0.01,42,50431,卖盘
76,09:33:52,12.0,0.0,103,123600,卖盘
77,09:33:55,12.02,0.02,133,159707,买盘
78,09:33:57,12.0,-0.02,230,276027,卖盘
79,09:34:01,12.0,0.0,16,19200,买盘
80,09:34:04,11.99,-0.01,38,45574,卖盘
81,09:34:07,12.0,0.01,94,112711,买盘
82,09:34:10,11.99,-0.01,18,21582,买盘
83,09:34:13,11.98,-0.01,19,22767,卖盘
84,09:34:15,11.98,0.0,55,65890,卖盘
85,09:34:18,11.99,0.01,77,92294,买盘
86,09:34:22,12.0,0.01,34,40761,买盘
87,09:34:25,11.97,-0.03,86,103005,卖盘
88,09:34:28,12.0,0.03,147,176290,买盘
89,09:34:31,11.98,-0.02,11,13170,中性盘
90,09:34:34,11.98,0.0,14,16772,买盘
91,09:34:36,11.97,-0.01,92,110204,卖盘
92,09:34:39,11.97,0.0,154,184404,卖盘
93,09:34:43,11.97,0.0,97,116109,买盘
94,09:34:46,11.98,0.01,136,162874,买盘
95,09:34:49,11.97,-0.01,82,98149,卖盘
96,09:34:52,11.97,0.0,86,102937,买盘
97,09:34:54,11.97,0.0,81,96953,买盘
98,09:34:58,11.98,0.01,15,17960,买盘
99,09:35:01,11.99,0.01,57,68255,买盘
100,09:35:04,11.99,0.0,44,52712,买盘
101,09:35:07,11.98,-0.01,28,33560,卖盘
102,09:35:10,11.99,0.01,36,43164,买盘
103,09:35:13,11.99,0.0,35,41957,买盘
104,09:35:15,11.99,0.0,4,4796,卖盘
105,09:35:19,12.0,0.01,87,104357,买盘
106,09:35:22,11.99,-0.01,44,52791,卖盘
107,09:35:25,12.0,0.01,35,41976,买盘
108,09:35:28,11.99,-0.01,20,23997,中性盘
109,09:35:31,11.99,0.0,32,38368,买盘
110,09:35:33,11.99,0.0,172,206168,买盘
111,09:35:37,12.0,0.01,53,63597,买盘
112,09:35:40,11.99,-0.01,63,75588,卖盘
113,09:35:43,12.0,0.01,37,44442,买盘
114,09:35:46,12.0,0.0,82,98481,卖盘
115,09:35:48,12.0,0.0,29,34800,买盘
116,09:35:52,11.99,-0.01,41,49219,卖盘
117,09:35:55,12.02,0.03,10,12020,买盘
118,09:35:58,12.0,-0.02,7,8400,卖盘
119,09:36:01,12.02,0.02,2,2404,买盘
120,09:36:04,12.0,-0.02,21,25226,卖盘
121,09:36:06,12.02,0.02,18,21643,买盘
122,09:36:13,12.05,0.03,24,28914,买盘
123,09:36:16,12.04,-0.01,19,22876,卖盘
124,09:36:19,12.05,0.01,11,13225,买盘
125,09:36:22,12.06,0.01,11,13262,买盘
126,09:36:24,12.05,-0.01,60,72329,卖盘
127,09:36:28,12.06,0.01,25,30149,买盘
128,09:36:31,12.07,0.01,15,18105,买盘
129,09:36:34,12.06,-0.01,5,6030,卖盘
130,09:36:37,12.07,0.01,31,37417,买盘
131,09:36:40,12.07,0.0,81,97707,买盘
132,09:36:43,12.08,0.01,59,71272,买盘
133,09:36:46,12.09,0.01,75,90620,买盘
134,09:36:49,12.09,0.0,30,36270,卖盘
135,09:36:52,12.08,-0.01,93,112515,卖盘
136,09:36:55,12.09,0.01,45,54427,中性盘
137,09:36:57,12.08,-0.01,59,71273,卖盘
138,09:37:01,12.12,0.04,112,135464,买盘
139,09:37:04,12.14,0.02,36,43634,中性盘
140,09:37:07,12.12,-0.02,59,71572,卖盘
141,09:37:09,12.14,0.02,55,66768,买盘
142,09:37:12,12.12,-0.02,10,12118,买盘
143,09:37:16,12.1,-0.02,32,38769,卖盘
144,09:37:18,12.11,0.01,276,334364,买盘
145,09:37:22,12.11,0.0,89,107727,买盘
146,09:37:25,12.1,-0.01,39,47190,中性盘
147,09:37:28,12.09,-0.01,62,75058,卖盘
148,09:37:31,12.12,0.03,102,123475,买盘
149,09:37:34,12.1,-0.02,77,93267,卖盘
150,09:37:37,12.12,0.02,30,36321,买盘
151,09:37:40,12.12,0.0,67,81182,买盘
152,09:37:43,12.12,0.0,101,122346,买盘
153,09:37:45,12.12,0.0,10,12120,卖盘
154,09:37:49,12.12,0.0,75,90854,买盘
155,09:37:52,12.11,-0.01,1,1211,买盘
156,09:37:55,12.09,-0.02,202,244398,卖盘
157,09:37:57,12.1,0.01,16,19363,买盘
158,09:38:04,12.1,0.0,4,4840,买盘
159,09:38:07,12.08,-0.02,55,66454,卖盘
160,09:38:10,12.08,0.0,13,15710,卖盘
161,09:38:13,12.08,0.0,2,2416,卖盘
162,09:38:16,12.08,0.0,16,19317,买盘
163,09:38:18,12.07,-0.01,44,53148,卖盘
164,09:38:21,12.08,0.01,95,114760,买盘
165,09:38:25,12.05,-0.03,35,42218,卖盘
166,09:38:28,12.08,0.03,52,62821,卖盘
167,09:38:31,12.08,0.0,47,56809,卖盘
168,09:38:34,12.08,0.0,55,66440,卖盘
169,09:38:37,12.07,-0.01,11,13278,卖盘
170,09:38:40,12.07,0.0,27,32609,卖盘
171,09:38:43,12.07,0.0,26,31385,卖盘
172,09:38:46,12.07,0.0,14,16889,买盘
173,09:38:49,12.07,0.0,34,41024,买盘
174,09:38:52,12.07,0.0,49,59141,买盘
175,09:38:54,12.08,0.01,1,1208,买盘
176,09:38:58,12.1,0.02,127,153532,买盘
177,09:39:01,12.07,-0.03,51,61559,卖盘
178,09:39:04,12.07,0.0,38,45866,卖盘
179,09:39:07,12.07,0.0,42,50694,买盘
180,09:39:10,12.1,0.03,1,1210,买盘
181,09:39:16,12.09,-0.01,2,2418,买盘
182,09:39:19,12.1,0.01,105,126998,买盘
183,09:39:21,12.1,0.0,11,13310,卖盘
184,09:39:25,12.11,0.01,42,50856,买盘
185,09:39:28,12.12,0.01,7,8480,买盘
186,09:39:31,12.12,0.0,29,35147,买盘
187,09:39:33,12.14,0.02,26,31529,买盘
188,09:39:37,12.12,-0.02,4,4848,卖盘
189,09:39:40,12.11,-0.01,60,72735,卖盘
190,09:39:43,12.14,0.03,12,14556,买盘
191,09:39:46,12.12,-0.02,35,42420,买盘
192,09:39:49,12.12,0.0,3,3636,买盘
193,09:39:52,12.12,0.0,30,36360,买盘
194,09:39:55,12.14,0.02,21,25474,买盘
195,09:39:58,12.14,0.0,129,156604,买盘
196,09:40:01,12.12,-0.02,173,209803,卖盘
197,09:40:04,12.14,0.02,68,82619,中性盘
198,09:40:07,12.15,0.01,19,23078,中性盘
199,09:40:10,12.16,0.01,22,26750,买盘
200,09:40:13,12.16,0.0,214,260242,买盘
201,09:40:16,12.18,0.02,17,20678,买盘
202,09:40:19,12.16,-0.02,4,4870,卖盘
203,09:40:22,12.18,0.02,92,112123,买盘
204,09:40:25,12.19,0.01,31,37785,买盘
205,09:40:28,12.2,0.01,10,12193,买盘
206,09:40:31,12.2,0.0,97,118295,买盘
207,09:40:34,12.21,0.01,65,79312,买盘
208,09:40:37,12.22,0.01,15,18327,买盘
209,09:40:40,12.25,0.03,66,80767,买盘
210,09:40:43,12.27,0.02,100,122575,买盘
211,09:40:46,12.28,0.01,236,289863,买盘
212,09:40:48,12.29,0.01,33,40536,买盘
213,09:40:52,12.3,0.01,66,81153,买盘
214,09:40:55,12.33,0.03,283,348543,买盘
215,09:40:57,12.34,0.01,179,220572,买盘
216,09:41:01,12.35,0.01,220,271627,买盘
217,09:41:04,12.37,0.02,217,268348,买盘
218,09:41:07,12.37,0.0,152,188152,卖盘
219,09:41:10,12.38,0.01,194,240135,中性盘
220,09:41:13,12.4,0.02,340,421222,买盘
221,09:41:16,12.37,-0.03,284,351117,卖盘
222,09:41:19,12.39,0.02,416,514732,买盘
223,09:41:22,12.38,-0.01,152,187950,中性盘
224,09:41:25,12.38,0.0,221,273963,卖盘
225,09:41:28,12.36,-0.02,132,163489,卖盘
226,09:41:31,12.39,0.03,157,193661,买盘
227,09:41:33,12.4,0.01,284,351706,买盘
228,09:41:36,12.37,-0.03,65,80450,中性盘
229,09:41:40,12.38,0.01,130,160470,中性盘
230,09:41:43,12.32,-0.06,122,150211,卖盘
231,09:41:46,12.32,0.0,92,113256,买盘
232,09:41:49,12.32,0.0,124,152571,买盘
233,09:41:52,12.3,-0.02,37,45470,买盘
234,09:41:54,12.27,-0.03,116,142587,卖盘
235,09:41:58,12.26,-0.01,88,108020,卖盘
236,09:42:01,12.27,0.01,61,74742,买盘
237,09:42:04,12.26,-0.01,73,89455,中性盘
238,09:42:07,12.27,0.01,47,57632,买盘
239,09:42:10,12.26,-0.01,164,201135,中性盘
240,09:42:12,12.26,0.0,265,324604,卖盘
241,09:42:16,12.27,0.01,48,58860,中性盘
242,09:42:19,12.26,-0.01,814,998664,卖盘
243,09:42:22,12.3,0.04,91,111597,买盘
244,09:42:25,12.28,-0.02,46,56494,卖盘
245,09:42:27,12.28,0.0,50,61370,买盘
246,09:42:30,12.28,0.0,99,121519,买盘
247,09:42:34,12.3,0.02,71,87211,买盘
248,09:42:37,12.28,-0.02,122,149862,卖盘
249,09:42:40,12.29,0.01,199,244685,卖盘
250,09:42:43,12.29,0.0,178,218679,买盘
251,09:42:46,12.29,0.0,166,203921,买盘
252,09:42:48,12.29,0.0,133,163390,买盘
253,09:42:52,12.31,0.02,256,314581,买盘
254,09:42:55,12.3,-0.01,152,186919,中性盘
255,09:42:58,12.29,-0.01,173,212718,卖盘
256,09:43:01,12.32,0.03,83,102116,买盘
257,09:43:04,12.3,-0.02,201,247197,卖盘
258,09:43:06,12.3,0.0,152,186881,买盘
259,09:43:09,12.28,-0.02,90,110582,卖盘
260,09:43:13,12.27,-0.01,247,303169,卖盘
261,09:43:16,12.29,0.02,115,141038,买盘
262,09:43:19,12.29,0.0,71,86900,买盘
263,09:43:22,12.27,-0.02,67,81940,中性盘
264,09:43:25,12.28,0.01,190,232844,买盘
265,09:43:27,12.26,-0.02,52,63618,中性盘
266,09:43:31,12.23,-0.03,62,75762,中性盘
267,09:43:34,12.21,-0.02,239,291882,卖盘
268,09:43:37,12.21,0.0,232,283209,买盘
269,09:43:39,12.18,-0.03,245,298791,卖盘
270,09:43:43,12.2,0.02,61,74410,中性盘
271,09:43:46,12.16,-0.04,101,122997,卖盘
272,09:43:48,12.21,0.05,153,186660,买盘
273,09:43:52,12.16,-0.05,14,17084,卖盘
274,09:43:55,12.2,0.04,18,21960,买盘
275,09:43:58,12.22,0.02,80,97729,买盘
276,09:44:01,12.2,-0.02,58,70768,卖盘
277,09:44:04,12.21,0.01,34,41490,中性盘
278,09:44:06,12.22,0.01,61,74538,买盘
279,09:44:10,12.22,0.0,22,26880,买盘
280,09:44:13,12.22,0.0,16,19561,卖盘
281,09:44:16,12.22,0.0,6,7332,卖盘
282,09:44:19,12.24,0.02,59,72145,中性盘
283,09:44:22,12.22,-0.02,67,81893,卖盘
284,09:44:25,12.25,0.03,93,113780,买盘
285,09:44:28,12.24,-0.01,100,122447,卖盘
286,09:44:31,12.26,0.02,73,89454,买盘
287,09:44:34,12.26,0.0,45,55143,买盘
288,09:44:37,12.27,0.01,60,73555,买盘
289,09:44:40,12.27,0.0,34,41706,买盘
290,09:44:42,12.26,-0.01,61,74895,卖盘
291,09:44:46,12.29,0.03,84,103228,中性盘
292,09:44:49,12.29,0.0,138,169540,买盘
293,09:44:52,12.28,-0.01,30,36853,卖盘
294,09:44:55,12.29,0.01,119,146189,卖盘
295,09:44:58,12.28,-0.01,94,115486,卖盘
296,09:45:01,12.29,0.01,246,302102,买盘
297,09:45:04,12.3,0.01,96,117938,买盘
298,09:45:07,12.29,-0.01,33,40526,买盘
299,09:45:10,12.29,0.0,63,77352,中性盘
300,09:45:13,12.3,0.01,118,145092,买盘
301,09:45:16,12.3,0.0,153,188043,买盘
302,09:45:19,12.3,0.0,89,109444,买盘
303,09:45:22,12.28,-0.02,104,127880,卖盘
304,09:45:25,12.3,0.02,24,29508,中性盘
305,09:45:28,12.32,0.02,66,81231,买盘
306,09:45:31,12.31,-0.01,118,145159,中性盘
307,09:45:34,12.31,0.0,39,48010,卖盘
308,09:45:36,12.3,-0.01,71,87435,卖盘
309,09:45:40,12.3,0.0,43,52843,买盘
310,09:45:43,12.28,-0.02,89,109348,卖盘
311,09:45:46,12.3,0.02,142,174532,买盘
312,09:45:49,12.33,0.03,460,566919,买盘
313,09:45:52,12.28,-0.05,100,123077,卖盘
314,09:45:55,12.3,0.02,70,86018,买盘
315,09:45:58,12.26,-0.04,236,290506,卖盘
316,09:46:01,12.33,0.07,38,46802,买盘
317,09:46:04,12.28,-0.05,82,100803,卖盘
318,09:46:07,12.32,0.04,84,103367,买盘
319,09:46:10,12.31,-0.01,218,267667,中性盘
320,09:46:13,12.3,-0.01,52,63923,卖盘
321,09:46:16,12.3,0.0,88,108363,卖盘
322,09:46:19,12.32,0.02,84,103435,买盘
323,09:46:22,12.32,0.0,115,141549,买盘
324,09:46:24,12.31,-0.01,32,39402,卖盘
325,09:46:28,12.31,0.0,118,145283,卖盘
326,09:46:30,12.31,0.0,136,167498,中性盘
327,09:46:34,12.31,0.0,171,210545,卖盘
328,09:46:37,12.3,-0.01,97,119476,卖盘
329,09:46:40,12.31,0.01,173,212949,买盘
330,09:46:42,12.31,0.0,9,11079,买盘
331,09:46:46,12.3,-0.01,210,258268,卖盘
332,09:46:49,12.31,0.01,22,27077,买盘
333,09:46:52,12.29,-0.02,72,88559,卖盘
334,09:46:54,12.3,0.01,48,59079,买盘
335,09:46:58,12.31,0.01,178,218944,买盘
336,09:47:01,12.3,-0.01,100,123041,卖盘
337,09:47:04,12.3,0.0,28,34414,买盘
338,09:47:07,12.29,-0.01,91,111851,卖盘
339,09:47:10,12.29,0.0,7,8603,买盘
340,09:47:13,12.28,-0.01,21,25788,卖盘
341,09:47:16,12.29,0.01,3,3685,买盘
342,09:47:18,12.3,0.01,484,595053,买盘
343,09:47:22,12.3,0.0,61,75030,卖盘
344,09:47:25,12.28,-0.02,16,19675,卖盘
345,09:47:28,12.28,0.0,32,39291,买盘
346,09:47:31,12.28,0.0,68,83503,买盘
347,09:47:33,12.27,-0.01,333,408789,卖盘
348,09:47:36,12.27,0.0,22,26994,买盘
349,09:47:40,12.26,-0.01,2,2452,卖盘
350,09:47:42,12.26,0.0,8,9808,卖盘
351,09:47:46,12.26,0.0,29,35565,卖盘
352,09:47:49,12.26,0.0,26,31876,卖盘
353,09:47:52,12.26,0.0,3,3678,买盘
354,09:47:54,12.26,0.0,39,47793,买盘
355,09:47:58,12.25,-0.01,7,8577,卖盘
356,09:48:01,12.26,0.01,268,328439,买盘
357,09:48:04,12.25,-0.01,40,48975,中性盘
358,09:48:07,12.25,0.0,81,99280,买盘
359,09:48:09,12.24,-0.01,39,47743,卖盘
360,09:48:12,12.25,0.01,66,80811,买盘
361,09:48:16,12.23,-0.02,84,102794,卖盘
362,09:48:19,12.24,0.01,123,150557,中性盘
363,09:48:22,12.25,0.01,46,56329,中性盘
364,09:48:25,12.26,0.01,121,148345,买盘
365,09:48:28,12.26,0.0,41,50276,卖盘
366,09:48:34,12.27,0.01,23,28210,买盘
367,09:48:36,12.26,-0.01,53,64978,卖盘
368,09:48:40,12.26,0.0,15,18387,买盘
369,09:48:43,12.25,-0.01,88,107900,卖盘
370,09:48:46,12.25,0.0,50,61259,卖盘
371,09:48:49,12.26,0.01,2,2452,卖盘
372,09:48:51,12.26,0.0,30,36780,卖盘
373,09:48:55,12.26,0.0,19,23295,卖盘
374,09:48:57,12.27,0.01,34,41677,买盘
375,09:49:01,12.26,-0.01,128,156928,买盘
376,09:49:04,12.27,0.01,170,208394,买盘
377,09:49:07,12.26,-0.01,31,38036,中性盘
378,09:49:10,12.26,0.0,15,18390,卖盘
379,09:49:13,12.26,0.0,20,24521,卖盘
380,09:49:16,12.27,0.01,24,29439,买盘
381,09:49:19,12.26,-0.01,81,99306,买盘
382,09:49:22,12.26,0.0,75,91979,买盘
383,09:49:25,12.25,-0.01,48,58845,卖盘
384,09:49:31,12.25,0.0,3,3675,卖盘
385,09:49:33,12.25,0.0,12,14700,卖盘
386,09:49:37,12.27,0.02,104,127585,买盘
387,09:49:40,12.28,0.01,124,152112,买盘
388,09:49:43,12.26,-0.02,17,20841,卖盘
389,09:49:46,12.25,-0.01,30,36753,卖盘
390,09:49:49,12.25,0.0,21,25725,买盘
391,09:49:52,12.26,0.01,16,19619,卖盘
392,09:49:55,12.26,0.0,3,3678,买盘
393,09:49:58,12.26,0.0,10,12260,买盘
394,09:50:01,12.25,-0.01,24,29412,卖盘
395,09:50:04,12.26,0.01,8,9808,中性盘
396,09:50:06,12.25,-0.01,13,15937,卖盘
397,09:50:09,12.26,0.01,21,25746,买盘
398,09:50:13,12.25,-0.01,47,57575,卖盘
399,09:50:16,12.25,0.0,29,35537,买盘
400,09:50:19,12.26,0.01,3,3678,买盘
401,09:50:21,12.25,-0.01,17,20825,卖盘
402,09:50:25,12.26,0.01,150,183602,买盘
403,09:50:28,12.23,-0.03,26,31843,卖盘
404,09:50:30,12.26,0.03,7,8581,买盘
405,09:50:33,12.26,0.0,26,31862,买盘
406,09:50:37,12.26,0.0,115,140991,卖盘
407,09:50:40,12.23,-0.03,20,24470,卖盘
408,09:50:43,12.25,0.02,25,30588,买盘
409,09:50:45,12.25,0.0,21,25728,买盘
410,09:50:48,12.25,0.0,20,24519,卖盘
411,09:50:52,12.25,0.0,31,37975,卖盘
412,09:50:55,12.24,-0.01,16,19598,卖盘
413,09:50:58,12.25,0.01,12,14698,买盘
414,09:51:04,12.23,-0.02,22,26925,卖盘
415,09:51:07,12.23,0.0,1,1223,卖盘
416,09:51:09,12.23,0.0,49,59902,卖盘
417,09:51:12,12.21,-0.02,145,177097,卖盘
418,09:51:16,12.21,0.0,13,15863,买盘
419,09:51:18,12.2,-0.01,149,181790,卖盘
420,09:51:22,12.2,0.0,20,24410,卖盘
421,09:51:24,12.2,0.0,127,154999,卖盘
422,09:51:28,12.19,-0.01,7,8533,卖盘
423,09:51:31,12.18,-0.01,13,15847,卖盘
424,09:51:34,12.18,0.0,9,10962,卖盘
425,09:51:37,12.18,0.0,36,43828,卖盘
426,09:51:40,12.18,0.0,21,25559,买盘
427,09:51:43,12.17,-0.01,69,84023,卖盘
428,09:51:45,12.17,0.0,43,52331,卖盘
429,09:51:49,12.17,0.0,1,1217,买盘
430,09:51:51,12.16,-0.01,168,204289,卖盘
431,09:51:55,12.15,-0.01,22,26730,卖盘
432,09:51:58,12.15,0.0,14,17012,卖盘
433,09:52:01,12.15,0.0,59,71685,卖盘
434,09:52:04,12.15,0.0,21,25516,卖盘
435,09:52:06,12.13,-0.02,72,87400,卖盘
436,09:52:10,12.15,0.02,14,17010,买盘
437,09:52:12,12.13,-0.02,21,25493,卖盘
438,09:52:16,12.13,0.0,7,8491,买盘
439,09:52:19,12.12,-0.01,20,24240,卖盘
440,09:52:22,12.13,0.01,64,77625,买盘
441,09:52:25,12.12,-0.01,16,19392,买盘
442,09:52:28,12.12,0.0,239,289668,买盘
443,09:52:31,12.13,0.01,9,10917,中性盘
444,09:52:34,12.11,-0.02,114,138215,卖盘
445,09:52:36,12.14,0.03,62,75268,买盘
446,09:52:40,12.15,0.01,155,188316,买盘
447,09:52:43,12.14,-0.01,22,26724,卖盘
448,09:52:46,12.19,0.05,23,28020,买盘
449,09:52:51,12.19,0.0,1,1219,买盘
450,09:52:54,12.19,0.0,10,12190,买盘
451,09:52:58,12.19,0.0,4,4876,买盘
452,09:53:01,12.2,0.01,1,1220,买盘
453,09:53:04,12.19,-0.01,14,17066,卖盘
454,09:53:07,12.2,0.01,204,248875,买盘
455,09:53:10,12.25,0.05,491,599457,买盘
456,09:53:13,12.2,-0.05,12,14640,卖盘
457,09:53:16,12.2,0.0,64,78255,卖盘
458,09:53:19,12.25,0.05,24,29400,买盘
459,09:53:22,12.25,0.0,29,35527,买盘
460,09:53:25,12.25,0.0,5,6125,卖盘
461,09:53:28,12.25,0.0,13,15925,卖盘
462,09:53:30,12.26,0.01,41,50265,买盘
463,09:53:37,12.23,-0.03,17,20791,买盘
464,09:53:40,12.24,0.01,15,18360,买盘
465,09:53:43,12.25,0.01,103,126044,买盘
466,09:53:46,12.24,-0.01,25,30586,中性盘
467,09:53:49,12.25,0.01,84,102842,买盘
468,09:53:52,12.25,0.0,11,13475,卖盘
469,09:53:55,12.25,0.0,32,39225,卖盘
470,09:53:57,12.26,0.01,22,26968,买盘
471,09:54:01,12.26,0.0,2,2452,买盘
472,09:54:04,12.26,0.0,20,24535,卖盘
473,09:54:07,12.25,-0.01,122,149601,卖盘
474,09:54:10,12.27,0.02,27,33104,买盘
475,09:54:13,12.26,-0.01,113,138428,买盘
476,09:54:16,12.26,0.0,5,6130,买盘
477,09:54:19,12.28,0.02,55,67483,买盘
478,09:54:22,12.25,-0.03,51,62479,卖盘
479,09:54:25,12.25,0.0,2,2450,买盘
480,09:54:28,12.27,0.02,35,42913,买盘
481,09:54:30,12.25,-0.02,126,154360,卖盘
482,09:54:34,12.25,0.0,37,45342,中性盘
483,09:54:37,12.24,-0.01,4,4896,买盘
484,09:54:40,12.25,0.01,9,11025,卖盘
485,09:54:43,12.25,0.0,24,29373,卖盘
486,09:54:45,12.25,0.0,15,18375,卖盘
487,09:54:49,12.24,-0.01,2,2448,买盘
488,09:54:52,12.24,0.0,22,26928,买盘
489,09:54:55,12.2,-0.04,67,81887,卖盘
490,09:54:57,12.23,0.03,8,9784,买盘
491,09:55:00,12.23,0.0,2,2446,买盘
492,09:55:04,12.23,0.0,40,48842,买盘
493,09:55:07,12.2,-0.03,15,18300,卖盘
494,09:55:10,12.2,0.0,16,19520,买盘
495,09:55:16,12.21,0.01,1,1221,中性盘
496,09:55:22,12.22,0.01,27,32970,买盘
497,09:55:24,12.23,0.01,12,14661,买盘
498,09:55:28,12.21,-0.02,135,165041,卖盘
499,09:55:31,12.2,-0.01,59,71989,卖盘
500,09:55:33,12.2,0.0,38,46450,中性盘
501,09:55:37,12.19,-0.01,10,12195,卖盘
502,09:55:39,12.2,0.01,1,1220,买盘
503,09:55:43,12.2,0.0,8,9756,买盘
504,09:55:46,12.19,-0.01,16,19504,卖盘
505,09:55:49,12.18,-0.01,43,52398,卖盘
506,09:55:52,12.19,0.01,25,30482,买盘
507,09:55:54,12.18,-0.01,12,14627,卖盘
508,09:55:58,12.19,0.01,3,3657,买盘
509,09:56:01,12.18,-0.01,14,17052,卖盘
510,09:56:06,12.19,0.01,44,53604,买盘
511,09:56:10,12.19,0.0,7,8533,买盘
512,09:56:15,12.19,0.0,9,10971,卖盘
513,09:56:19,12.19,0.0,5,6096,卖盘
514,09:56:22,12.2,0.01,5,6100,买盘
515,09:56:25,12.2,0.0,49,59779,买盘
516,09:56:28,12.2,0.0,12,14639,买盘
517,09:56:31,12.19,-0.01,374,455906,卖盘
518,09:56:33,12.19,0.0,30,36570,买盘
519,09:56:36,12.19,0.0,11,13409,买盘
520,09:56:42,12.19,0.0,3,3657,买盘
521,09:56:46,12.19,0.0,14,17066,买盘
522,09:56:49,12.19,0.0,1,1219,卖盘
523,09:56:55,12.19,0.0,23,28037,卖盘
524,09:56:58,12.19,0.0,5,6099,卖盘
525,09:57:00,12.2,0.01,27,32940,买盘
526,09:57:04,12.19,-0.01,9,10971,卖盘
527,09:57:13,12.19,0.0,6,7314,卖盘
528,09:57:16,12.2,0.01,14,17070,买盘
529,09:57:19,12.2,0.0,25,30500,买盘
530,09:57:22,12.18,-0.02,55,67033,卖盘
531,09:57:28,12.2,0.02,2,2440,买盘
532,09:57:31,12.19,-0.01,18,21944,卖盘
533,09:57:37,12.19,0.0,22,26830,卖盘
534,09:57:39,12.22,0.03,21,25632,买盘
535,09:57:43,12.21,-0.01,9,10981,中性盘
536,09:57:55,12.22,0.01,6,7332,买盘
537,09:57:58,12.22,0.0,9,10998,买盘
538,09:58:01,12.22,0.0,4,4888,卖盘
539,09:58:04,12.22,0.0,13,15888,卖盘
540,09:58:07,12.24,0.02,50,61157,买盘
541,09:58:10,12.22,-0.02,8,9776,卖盘
542,09:58:16,12.24,0.02,2,2448,买盘
543,09:58:19,12.23,-0.01,8,9782,中性盘
544,09:58:25,12.24,0.01,5,6118,买盘
545,09:58:28,12.23,-0.01,1,1223,中性盘
546,09:58:31,12.24,0.01,18,22032,买盘
547,09:58:36,12.24,0.0,20,24479,买盘
548,09:58:40,12.23,-0.01,1,1223,卖盘
549,09:58:43,12.23,0.0,12,14676,卖盘
550,09:58:46,12.24,0.01,15,18360,买盘
551,09:58:49,12.23,-0.01,9,11007,卖盘
552,09:58:52,12.23,0.0,50,61150,卖盘
553,09:58:55,12.23,0.0,2,2446,买盘
554,09:58:57,12.24,0.01,127,155391,买盘
555,09:59:00,12.25,0.01,15,18375,买盘
556,09:59:04,12.23,-0.02,30,36704,卖盘
557,09:59:06,12.25,0.02,29,35518,买盘
558,09:59:10,12.23,-0.02,65,79505,卖盘
559,09:59:13,12.25,0.02,102,124916,买盘
560,09:59:16,12.24,-0.01,27,33032,中性盘
561,09:59:22,12.25,0.01,32,39188,买盘
562,09:59:25,12.25,0.0,10,12243,买盘
563,09:59:28,12.23,-0.02,50,61162,卖盘
564,09:59:30,12.24,0.01,17,20807,买盘
565,09:59:39,12.25,0.01,34,41618,买盘
566,09:59:49,12.23,-0.02,2,2446,卖盘
567,09:59:52,12.23,0.0,1,1223,买盘
568,09:59:55,12.23,0.0,9,11007,买盘
569,10:00:01,12.23,0.0,17,20791,卖盘
570,10:00:04,12.23,0.0,15,18345,买盘
571,10:00:06,12.23,0.0,18,22014,卖盘
572,10:00:10,12.23,0.0,235,287315,卖盘
573,10:00:16,12.23,0.0,6,7338,卖盘
574,10:00:19,12.24,0.01,15,18351,买盘
575,10:00:21,12.23,-0.01,10,12230,中性盘
576,10:00:31,12.23,0.0,1,1223,买盘
577,10:00:37,12.22,-0.01,8,9776,卖盘
578,10:00:40,12.22,0.0,2,2444,卖盘
579,10:00:43,12.23,0.01,47,57481,买盘
580,10:00:46,12.22,-0.01,37,45214,卖盘
581,10:00:55,12.22,0.0,2,2444,买盘
582,10:00:58,12.21,-0.01,4,4884,卖盘
583,10:01:01,12.21,0.0,4,4884,卖盘
584,10:01:04,12.21,0.0,69,84299,卖盘
585,10:01:07,12.21,0.0,3,3663,买盘
586,10:01:12,12.2,-0.01,8,9766,卖盘
587,10:01:18,12.21,0.01,11,13421,买盘
588,10:01:22,12.2,-0.01,111,135446,卖盘
589,10:01:24,12.21,0.01,12,14652,买盘
590,10:01:27,12.2,-0.01,11,13420,中性盘
591,10:01:31,12.2,0.0,5,6100,中性盘
592,10:01:37,12.19,-0.01,8,9752,卖盘
593,10:01:43,12.19,0.0,14,17066,卖盘
594,10:01:45,12.19,0.0,9,10971,买盘
595,10:01:48,12.19,0.0,17,20733,卖盘
596,10:01:51,12.19,0.0,2,2438,卖盘
597,10:01:55,12.18,-0.01,21,25589,卖盘
598,10:01:57,12.18,0.0,10,12180,卖盘
599,10:02:01,12.19,0.01,118,143774,买盘
600,10:02:04,12.18,-0.01,64,77934,卖盘
601,10:02:07,12.18,0.0,15,18274,买盘
602,10:02:10,12.18,0.0,25,30450,买盘
603,10:02:12,12.17,-0.01,16,19472,卖盘
604,10:02:16,12.18,0.01,4,4872,买盘
605,10:02:19,12.18,0.0,76,92568,买盘
606,10:02:22,12.17,-0.01,103,125416,卖盘
607,10:02:24,12.17,0.0,13,15837,卖盘
608,10:02:27,12.17,0.0,20,24335,买盘
609,10:02:31,12.17,0.0,7,8519,买盘
610,10:02:34,12.17,0.0,9,10953,卖盘
611,10:02:46,12.17,0.0,41,49876,卖盘
612,10:02:49,12.16,-0.01,35,42585,卖盘
613,10:02:52,12.17,0.01,55,66885,买盘
614,10:02:55,12.17,0.0,56,68103,买盘
615,10:02:58,12.17,0.0,16,19472,买盘
616,10:03:01,12.16,-0.01,99,120384,卖盘
617,10:03:09,12.15,-0.01,13,15800,卖盘
618,10:03:13,12.16,0.01,7,8506,买盘
619,10:03:16,12.15,-0.01,6,7291,卖盘
620,10:03:19,12.15,0.0,232,281880,卖盘
621,10:03:22,12.15,0.0,3,3645,卖盘
622,10:03:25,12.15,0.0,12,14580,卖盘
623,10:03:28,12.15,0.0,56,68040,卖盘
624,10:03:31,12.15,0.0,99,120285,卖盘
625,10:03:34,12.15,0.0,1,1215,买盘
626,10:03:37,12.14,-0.01,3,3642,卖盘
627,10:03:40,12.14,0.0,3,3643,卖盘
628,10:03:43,12.16,0.02,76,92289,买盘
629,10:03:46,12.14,-0.02,107,129826,卖盘
630,10:03:49,12.16,0.02,9,10940,买盘
631,10:03:51,12.14,-0.02,17,20654,卖盘
632,10:03:55,12.15,0.01,23,27945,买盘
633,10:04:01,12.14,-0.01,26,31564,卖盘
634,10:04:04,12.14,0.0,36,43704,卖盘
635,10:04:06,12.13,-0.01,67,81272,卖盘
636,10:04:10,12.13,0.0,16,19409,卖盘
637,10:04:13,12.13,0.0,126,152695,卖盘
638,10:04:22,12.11,-0.02,29,35129,卖盘
639,10:04:25,12.11,0.0,13,15744,卖盘
640,10:04:28,12.11,0.0,5,6055,买盘
641,10:04:31,12.11,0.0,35,42366,买盘
642,10:04:34,12.1,-0.01,44,53261,卖盘
643,10:04:36,12.11,0.01,12,14532,买盘
644,10:04:39,12.1,-0.01,70,84700,卖盘
645,10:04:42,12.1,0.0,41,49610,卖盘
646,10:04:46,12.1,0.0,33,39933,卖盘
647,10:04:49,12.1,0.0,69,83545,卖盘
648,10:04:52,12.1,0.0,23,27830,卖盘
649,10:04:55,12.11,0.01,16,19371,中性盘
650,10:04:58,12.11,0.0,19,23009,卖盘
651,10:05:01,12.1,-0.01,88,106502,卖盘
652,10:05:04,12.11,0.01,13,15733,中性盘
653,10:05:07,12.1,-0.01,18,21794,卖盘
654,10:05:10,12.1,0.0,5,6050,卖盘
655,10:05:12,12.1,0.0,23,27843,卖盘
656,10:05:16,12.1,0.0,35,42357,卖盘
657,10:05:18,12.09,-0.01,45,54434,卖盘
658,10:05:22,12.1,0.01,7,8470,中性盘
659,10:05:25,12.09,-0.01,5,6045,卖盘
660,10:05:28,12.08,-0.01,77,93091,卖盘
661,10:05:31,12.09,0.01,10,12090,买盘
662,10:05:37,12.08,-0.01,63,76104,卖盘
663,10:05:40,12.08,0.0,3,3624,买盘
664,10:05:43,12.06,-0.02,41,49471,卖盘
665,10:05:49,12.07,0.01,49,59098,买盘
666,10:05:51,12.06,-0.01,22,26532,卖盘
667,10:05:55,12.06,0.0,13,15678,买盘
668,10:05:58,12.06,0.0,46,55476,买盘
669,10:06:01,12.06,0.0,18,21708,卖盘
670,10:06:04,12.06,0.0,11,13266,卖盘
671,10:06:06,12.06,0.0,90,108453,买盘
672,10:06:10,12.06,0.0,21,25326,买盘
673,10:06:13,12.03,-0.03,66,79430,卖盘
674,10:06:16,12.04,0.01,25,30105,卖盘
675,10:06:19,12.05,0.01,7,8434,买盘
676,10:06:22,12.04,-0.01,37,44525,卖盘
677,10:06:25,12.03,-0.01,18,21654,卖盘
678,10:06:28,12.04,0.01,26,31290,买盘
679,10:06:30,12.03,-0.01,40,48131,卖盘
680,10:06:33,12.03,0.0,5,6015,卖盘
681,10:06:37,12.03,0.0,28,33702,卖盘
682,10:06:40,12.04,0.01,51,61371,买盘
683,10:06:42,12.04,0.0,36,43327,买盘
684,10:06:46,12.04,0.0,1,1204,买盘
685,10:06:49,12.04,0.0,15,18060,买盘
686,10:06:52,12.03,-0.01,27,32491,卖盘
687,10:06:55,12.03,0.0,41,49337,卖盘
688,10:06:58,12.03,0.0,42,50547,卖盘
689,10:07:04,12.04,0.01,58,69832,买盘
690,10:07:07,12.04,0.0,3,3612,买盘
691,10:07:10,12.04,0.0,24,28881,买盘
692,10:07:13,12.04,0.0,56,67424,买盘
693,10:07:16,12.04,0.0,19,22876,卖盘
694,10:07:19,12.05,0.01,9,10845,买盘
695,10:07:22,12.04,-0.01,21,25285,卖盘
696,10:07:25,12.04,0.0,20,24097,卖盘
697,10:07:27,12.05,0.01,62,74710,买盘
698,10:07:30,12.05,0.0,72,86698,买盘
699,10:07:33,12.05,0.0,25,30124,买盘
700,10:07:37,12.05,0.0,4,4820,买盘
701,10:07:42,12.05,0.0,10,12050,卖盘
702,10:07:55,12.06,0.01,5,6030,买盘
703,10:07:58,12.06,0.0,3,3618,买盘
704,10:08:01,12.06,0.0,17,20490,买盘
705,10:08:04,12.06,0.0,52,62709,买盘
706,10:08:07,12.06,0.0,74,89200,买盘
707,10:08:10,12.06,0.0,54,65033,买盘
708,10:08:13,12.05,-0.01,40,48175,中性盘
709,10:08:16,12.05,0.0,3,3615,买盘
710,10:08:19,12.05,0.0,61,73488,买盘
711,10:08:22,12.05,0.0,11,13255,卖盘
712,10:08:25,12.05,0.0,21,25305,卖盘
713,10:08:28,12.04,-0.01,64,77068,卖盘
714,10:08:31,12.04,0.0,26,31279,买盘
715,10:08:34,12.03,-0.01,152,182857,卖盘
716,10:08:40,12.04,0.01,33,39704,买盘
717,10:08:42,12.03,-0.01,13,15639,卖盘
718,10:08:46,12.02,-0.01,172,206744,卖盘
719,10:08:49,12.01,-0.01,6,7215,卖盘
720,10:08:52,12.02,0.01,24,28842,中性盘
721,10:08:55,12.01,-0.01,121,145321,卖盘
722,10:08:58,12.02,0.01,97,116499,买盘
723,10:09:04,12.01,-0.01,75,90062,买盘
724,10:09:06,12.0,-0.01,324,388808,卖盘
725,10:09:09,12.0,0.0,88,105601,卖盘
726,10:09:12,12.0,0.0,150,180068,卖盘
727,10:09:16,12.0,0.0,19,22785,买盘
728,10:09:19,12.0,0.0,3,3600,买盘
729,10:09:22,11.99,-0.01,23,27577,卖盘
730,10:09:25,11.99,0.0,26,31158,买盘
731,10:09:28,11.98,-0.01,79,94652,卖盘
732,10:09:30,11.98,0.0,14,16773,卖盘
733,10:09:37,11.97,-0.01,9,10773,卖盘
734,10:09:39,11.96,-0.01,157,187707,卖盘
735,10:09:42,11.96,0.0,3,3588,买盘
736,10:09:46,11.96,0.0,10,11960,卖盘
737,10:09:49,11.97,0.01,19,22725,买盘
738,10:09:52,11.96,-0.01,55,65774,卖盘
739,10:09:55,11.97,0.01,39,46631,买盘
740,10:09:57,11.96,-0.01,22,26320,卖盘
741,10:10:01,11.98,0.02,70,83804,买盘
742,10:10:04,11.98,0.0,25,29940,买盘
743,10:10:07,11.99,0.01,60,71937,买盘
744,10:10:10,11.98,-0.01,191,228714,卖盘
745,10:10:13,12.0,0.02,36,43179,买盘
746,10:10:16,11.99,-0.01,25,29955,卖盘
747,10:10:19,12.0,0.01,42,50387,买盘
748,10:10:24,12.0,0.0,7,8400,卖盘
749,10:10:28,11.99,-0.01,49,58805,卖盘
750,10:10:31,12.03,0.04,24,28862,买盘
751,10:10:34,12.01,-0.02,14,16816,卖盘
752,10:10:37,12.04,0.03,63,75662,买盘
753,10:10:39,12.03,-0.01,2,2406,买盘
754,10:10:43,12.03,0.0,19,22857,卖盘
755,10:10:45,12.03,0.0,3,3609,买盘
756,10:10:49,12.04,0.01,23,27684,买盘
757,10:10:55,12.04,0.0,6,7224,卖盘
758,10:10:58,12.04,0.0,14,16856,买盘
759,10:11:01,12.03,-0.01,104,125172,卖盘
760,10:11:06,12.02,-0.01,4,4808,卖盘
761,10:11:10,12.03,0.01,2,2406,买盘
762,10:11:15,12.03,0.0,2,2406,卖盘
763,10:11:18,12.03,0.0,6,7228,卖盘
764,10:11:22,12.05,0.02,2,2410,买盘
765,10:11:34,12.05,0.0,10,12050,买盘
766,10:11:36,12.04,-0.01,6,7224,卖盘
767,10:11:40,12.05,0.01,5,6025,买盘
768,10:11:46,12.05,0.0,1,1205,买盘
769,10:11:49,12.05,0.0,10,12050,买盘
770,10:11:52,12.05,0.0,8,9639,买盘
771,10:11:55,12.04,-0.01,15,18066,卖盘
772,10:11:58,12.04,0.0,16,19264,卖盘
773,10:12:01,12.04,0.0,6,7224,卖盘
774,10:12:04,12.05,0.01,42,50600,买盘
775,10:12:07,12.05,0.0,40,48164,买盘
776,10:12:10,12.04,-0.01,5,6020,卖盘
777,10:12:13,12.04,0.0,47,56588,卖盘
778,10:12:16,12.03,-0.01,38,45729,卖盘
779,10:12:22,12.02,-0.01,36,43272,卖盘
780,10:12:25,12.02,0.0,64,76978,卖盘
781,10:12:27,12.03,0.01,55,66165,卖盘
782,10:12:31,12.02,-0.01,15,18039,卖盘
783,10:12:34,12.01,-0.01,25,30043,卖盘
784,10:12:37,12.05,0.04,10,12048,买盘
785,10:12:40,12.01,-0.04,48,57660,卖盘
786,10:12:46,12.04,0.03,13,15634,中性盘
787,10:12:49,12.02,-0.02,15,18030,卖盘
788,10:12:54,12.01,-0.01,23,27640,卖盘
789,10:13:01,12.01,0.0,33,39633,卖盘
790,10:13:04,12.01,0.0,3,3603,卖盘
791,10:13:09,12.01,0.0,48,57653,卖盘
792,10:13:12,12.01,0.0,48,57656,卖盘
793,10:13:16,12.01,0.0,8,9610,中性盘
794,10:13:19,12.0,-0.01,15,18008,卖盘
795,10:13:22,12.01,0.01,120,144001,中性盘
796,10:13:28,12.01,0.0,6,7206,卖盘
797,10:13:31,12.01,0.0,30,36030,卖盘
798,10:13:40,12.01,0.0,27,32427,卖盘
799,10:13:43,12.0,-0.01,38,45663,卖盘
800,10:13:49,12.01,0.01,8,9608,买盘
801,10:13:55,12.01,0.0,11,13211,卖盘
802,10:13:58,12.01,0.0,19,22819,买盘
803,10:14:04,12.01,0.0,2,2402,买盘
804,10:14:06,12.0,-0.01,34,40802,卖盘
805,10:14:10,12.0,0.0,38,45600,卖盘
806,10:14:13,12.01,0.01,1,1201,买盘
807,10:14:15,12.01,0.0,2,2402,买盘
808,10:14:19,12.01,0.0,43,51643,买盘
809,10:14:22,12.0,-0.01,44,52800,卖盘
810,10:14:25,12.0,0.0,2,2401,卖盘
811,10:14:28,12.0,0.0,5,6000,卖盘
812,10:14:30,12.01,0.01,4,4804,买盘
813,10:14:34,12.0,-0.01,59,70800,卖盘
814,10:14:37,12.0,0.0,2,2401,卖盘
815,10:14:39,12.01,0.01,1,1201,买盘
816,10:14:42,12.0,-0.01,2,2400,卖盘
817,10:14:46,12.0,0.0,7,8405,卖盘
818,10:14:52,12.01,0.01,6,7206,买盘
819,10:14:55,12.0,-0.01,13,15600,卖盘
820,10:14:58,12.0,0.0,6,7200,买盘
821,10:15:01,12.01,0.01,28,33621,买盘
822,10:15:07,11.99,-0.02,8,9600,卖盘
823,10:15:16,11.99,0.0,5,5995,卖盘
824,10:15:19,11.99,0.0,4,4796,卖盘
825,10:15:22,12.0,0.01,1,1200,买盘
826,10:15:25,12.0,0.0,97,116395,买盘
827,10:15:34,12.0,0.0,30,36000,卖盘
828,10:15:37,12.0,0.0,54,64800,卖盘
829,10:15:40,12.0,0.0,11,13200,买盘
830,10:15:46,12.0,0.0,30,36000,买盘
831,10:15:49,11.99,-0.01,16,19189,卖盘
832,10:15:52,12.0,0.01,20,24000,买盘
833,10:15:55,12.0,0.0,51,61200,买盘
834,10:15:57,12.0,0.0,82,98400,买盘
835,10:16:01,12.0,0.0,20,24000,卖盘
836,10:16:04,12.0,0.0,18,21600,卖盘
837,10:16:07,12.0,0.0,78,93667,卖盘
838,10:16:10,12.01,0.01,1,1201,买盘
839,10:16:13,12.01,0.0,4,4804,买盘
840,10:16:19,12.0,-0.01,173,207600,卖盘
841,10:16:25,12.0,0.0,63,75570,买盘
842,10:16:28,12.0,0.0,4,4800,买盘
843,10:16:31,12.0,0.0,3,3600,卖盘
844,10:16:37,12.01,0.01,84,100884,买盘
845,10:16:40,12.01,0.0,10,12010,卖盘
846,10:16:43,12.02,0.01,7,8414,买盘
847,10:16:45,12.02,0.0,3,3606,买盘
848,10:16:55,12.04,0.02,5,6020,买盘
849,10:16:58,12.04,0.0,9,10836,买盘
850,10:17:04,12.04,0.0,22,26488,买盘
851,10:17:19,12.05,0.01,11,13245,买盘
852,10:17:24,12.04,-0.01,8,9632,卖盘
853,10:17:33,12.05,0.01,10,12041,买盘
854,10:17:40,12.05,0.0,50,60250,买盘
855,10:17:43,12.05,0.0,11,13255,买盘
856,10:17:46,12.04,-0.01,20,24080,卖盘
857,10:17:49,12.05,0.01,78,93990,买盘
858,10:17:58,12.06,0.01,1,1206,买盘
859,10:18:01,12.06,0.0,33,39792,买盘
860,10:18:04,12.06,0.0,20,24120,买盘
861,10:18:06,12.06,0.0,7,8441,买盘
862,10:18:22,12.08,0.02,24,28992,买盘
863,10:18:25,12.1,0.02,11,13306,买盘
864,10:18:31,12.09,-0.01,9,10881,中性盘
865,10:18:34,12.11,0.02,7,8477,买盘
866,10:18:49,12.12,0.01,10,12120,买盘
867,10:18:52,12.12,0.0,20,24256,买盘
868,10:19:00,12.12,0.0,36,43632,卖盘
869,10:19:04,12.12,0.0,24,29088,买盘
870,10:19:07,12.12,0.0,10,12120,买盘
871,10:19:10,12.11,-0.01,13,15750,卖盘
872,10:19:12,12.11,0.0,10,12110,卖盘
873,10:19:19,12.11,0.0,36,43599,卖盘
874,10:19:22,12.11,0.0,40,48440,卖盘
875,10:19:24,12.11,0.0,29,35119,卖盘
876,10:19:28,12.08,-0.03,51,61658,卖盘
877,10:19:34,12.09,0.01,7,8463,买盘
878,10:19:40,12.09,0.0,1,1209,买盘
879,10:19:43,12.07,-0.02,21,25347,卖盘
880,10:19:46,12.07,0.0,12,14484,买盘
881,10:19:49,12.07,0.0,8,9654,买盘
882,10:19:55,12.07,0.0,3,3621,买盘
883,10:19:58,12.06,-0.01,2,2413,卖盘
884,10:20:00,12.06,0.0,8,9652,卖盘
885,10:20:04,12.06,0.0,5,6030,卖盘
886,10:20:10,12.06,0.0,5,6030,卖盘
887,10:20:13,12.07,0.01,25,30175,买盘
888,10:20:19,12.07,0.0,68,82036,买盘
889,10:20:22,12.06,-0.01,3,3619,卖盘
890,10:20:28,12.07,0.01,10,12070,买盘
891,10:20:37,12.09,0.02,1,1209,买盘
892,10:20:45,12.09,0.0,52,62730,买盘
893,10:20:48,12.06,-0.03,5,6030,卖盘
894,10:20:52,12.06,0.0,25,30150,卖盘
895,10:20:58,12.06,0.0,34,41094,卖盘
896,10:21:04,12.09,0.03,1,1209,买盘
897,10:21:07,12.09,0.0,12,14500,卖盘
898,10:21:12,12.1,0.01,3,3630,买盘
899,10:21:19,12.1,0.0,40,48364,买盘
900,10:21:22,12.07,-0.03,5,6035,卖盘
901,10:21:25,12.1,0.03,5,6050,买盘
902,10:21:30,12.1,0.0,4,4840,卖盘
903,10:21:34,12.1,0.0,2,2420,卖盘
904,10:21:36,12.1,0.0,17,20570,卖盘
905,10:21:39,12.1,0.0,37,44789,卖盘
906,10:21:46,12.1,0.0,7,8470,买盘
907,10:21:52,12.1,0.0,50,60500,买盘
908,10:21:58,12.1,0.0,33,39930,买盘
909,10:22:01,12.1,0.0,9,10890,卖盘
910,10:22:04,12.11,0.01,1,1211,买盘
911,10:22:07,12.1,-0.01,10,12103,卖盘
912,10:22:13,12.09,-0.01,26,31459,卖盘
913,10:22:16,12.1,0.01,70,84864,中性盘
914,10:22:19,12.07,-0.03,210,253546,卖盘
915,10:22:22,12.09,0.02,11,13299,买盘
916,10:22:27,12.07,-0.02,27,32589,卖盘
917,10:22:34,12.06,-0.01,130,156891,卖盘
918,10:22:37,12.08,0.02,26,31368,买盘
919,10:22:46,12.06,-0.02,7,8452,卖盘
920,10:22:49,12.07,0.01,39,47035,买盘
921,10:22:52,12.06,-0.01,62,74782,卖盘
922,10:22:55,12.06,0.0,118,142308,卖盘
923,10:22:58,12.06,0.0,57,68797,卖盘
924,10:23:01,12.06,0.0,100,120605,卖盘
925,10:23:06,12.06,0.0,1,1206,买盘
926,10:23:09,12.05,-0.01,66,79530,卖盘
927,10:23:13,12.06,0.01,21,25318,买盘
928,10:23:19,12.04,-0.02,11,13244,卖盘
929,10:23:22,12.04,0.0,7,8428,卖盘
930,10:23:37,12.03,-0.01,5,6015,卖盘
931,10:23:39,12.04,0.01,10,12036,买盘
932,10:23:42,12.02,-0.02,25,30050,卖盘
933,10:23:49,12.02,0.0,72,86544,卖盘
934,10:23:55,12.02,0.0,2,2405,卖盘
935,10:24:01,12.02,0.0,11,13222,卖盘
936,10:24:06,12.02,0.0,12,14425,卖盘
937,10:24:10,12.02,0.0,18,21636,买盘
938,10:24:15,12.02,0.0,16,19232,买盘
939,10:24:19,12.02,0.0,35,42075,卖盘
940,10:24:22,12.03,0.01,9,10825,买盘
941,10:24:25,12.02,-0.01,56,67312,卖盘
942,10:24:28,12.03,0.01,16,19237,买盘
943,10:24:31,12.02,-0.01,5,6010,买盘
944,10:24:33,12.02,0.0,144,173088,买盘
945,10:24:37,12.02,0.0,10,12020,卖盘
946,10:24:40,12.03,0.01,5,6015,买盘
947,10:24:43,12.02,-0.01,11,13222,卖盘
948,10:24:46,12.03,0.01,46,55338,买盘
949,10:24:48,12.03,0.0,8,9624,买盘
950,10:24:52,12.02,-0.01,8,9622,卖盘
951,10:25:01,12.03,0.01,7,8427,中性盘
952,10:25:04,12.04,0.01,4,4816,买盘
953,10:25:07,12.03,-0.01,3,3609,卖盘
954,10:25:10,12.04,0.01,6,7224,买盘
955,10:25:16,12.03,-0.01,27,32489,卖盘
956,10:25:18,12.04,0.01,14,16856,买盘
957,10:25:22,12.04,0.0,16,19264,卖盘
958,10:25:36,12.05,0.01,13,15660,买盘
959,10:25:39,12.05,0.0,1,1205,买盘
960,10:25:43,12.04,-0.01,5,6020,卖盘
961,10:25:46,12.05,0.01,15,18075,买盘
962,10:25:55,12.05,0.0,11,13255,卖盘
963,10:26:04,12.05,0.0,13,15666,卖盘
964,10:26:15,12.05,0.0,1,1205,卖盘
965,10:26:19,12.06,0.01,1,1206,买盘
966,10:26:25,12.05,-0.01,26,31352,卖盘
967,10:26:27,12.06,0.01,41,49446,买盘
968,10:26:39,12.06,0.0,19,22896,买盘
969,10:26:45,12.06,0.0,35,42210,买盘
970,10:27:07,12.05,-0.01,26,31330,卖盘
971,10:27:13,12.05,0.0,25,30125,卖盘
972,10:27:19,12.05,0.0,6,7230,卖盘
973,10:27:22,12.03,-0.02,136,163629,卖盘
974,10:27:25,12.03,0.0,1,1203,买盘
975,10:27:30,12.03,0.0,8,9624,买盘
976,10:27:37,12.03,0.0,50,60150,买盘
977,10:27:40,12.02,-0.01,10,12020,卖盘
978,10:27:43,12.02,0.0,15,18030,卖盘
979,10:27:46,12.03,0.01,137,164750,买盘
980,10:27:51,12.02,-0.01,27,32454,卖盘
981,10:27:55,12.03,0.01,1,1203,买盘
982,10:27:58,12.02,-0.01,10,12020,卖盘
983,10:28:01,12.02,0.0,1,1202,卖盘
984,10:28:04,12.03,0.01,2,2406,买盘
985,10:28:07,12.03,0.0,19,22848,买盘
986,10:28:10,12.05,0.02,325,391434,买盘
987,10:28:12,12.05,0.0,10,12050,卖盘
988,10:28:19,12.05,0.0,14,16870,卖盘
989,10:28:25,12.05,0.0,16,19280,卖盘
990,10:28:31,12.05,0.0,2,2410,卖盘
991,10:28:33,12.06,0.01,3,3618,买盘
992,10:28:36,12.05,-0.01,1,1205,卖盘
993,10:28:39,12.06,0.01,78,94002,买盘
994,10:28:42,12.06,0.0,6,7236,买盘
995,10:28:49,12.06,0.0,13,15677,买盘
996,10:28:51,12.06,0.0,6,7236,买盘
997,10:28:54,12.06,0.0,3,3617,买盘
998,10:28:57,12.06,0.0,1,1206,买盘
999,10:29:01,12.06,0.0,6,7236,买盘
1000,10:29:04,12.05,-0.01,2,2410,卖盘
1001,10:29:07,12.06,0.01,11,13265,买盘
1002,10:29:10,12.06,0.0,20,24120,买盘
1003,10:29:13,12.05,-0.01,6,7235,卖盘
1004,10:29:16,12.06,0.01,2,2412,卖盘
1005,10:29:19,12.06,0.0,2,2412,买盘
1006,10:29:25,12.06,0.0,26,31356,买盘
1007,10:29:34,12.06,0.0,22,26532,卖盘
1008,10:29:39,12.05,-0.01,1,1205,卖盘
1009,10:29:55,12.05,0.0,1,1205,卖盘
1010,10:30:06,12.06,0.01,31,37386,买盘
1011,10:30:16,12.05,-0.01,1,1205,卖盘
1012,10:30:25,12.05,0.0,1,1205,卖盘
1013,10:30:40,12.05,0.0,37,44585,卖盘
1014,10:30:46,12.05,0.0,2,2410,卖盘
1015,10:30:55,12.05,0.0,90,108450,卖盘
1016,10:30:58,12.05,0.0,10,12050,卖盘
1017,10:31:01,12.05,0.0,5,6025,卖盘
1018,10:31:09,12.05,0.0,103,124115,卖盘
1019,10:31:16,12.04,-0.01,11,13244,卖盘
1020,10:31:27,12.03,-0.01,39,46917,卖盘
1021,10:31:33,12.03,0.0,11,13236,卖盘
1022,10:31:49,12.03,0.0,1,1203,卖盘
1023,10:31:51,12.03,0.0,18,21654,卖盘
1024,10:32:01,12.03,0.0,6,7218,卖盘
1025,10:32:04,12.03,0.0,1,1203,买盘
1026,10:32:12,12.03,0.0,2,2406,卖盘
1027,10:32:16,12.04,0.01,6,7219,买盘
1028,10:32:18,12.04,0.0,2,2408,买盘
1029,10:32:22,12.03,-0.01,2,2406,卖盘
1030,10:32:27,12.04,0.01,1,1204,买盘
1031,10:32:31,12.03,-0.01,5,6015,卖盘
1032,10:32:34,12.04,0.01,18,21672,买盘
1033,10:32:40,12.04,0.0,5,6020,买盘
1034,10:32:43,12.03,-0.01,23,27669,卖盘
1035,10:32:45,12.04,0.01,1,1204,买盘
1036,10:32:55,12.04,0.0,34,40936,卖盘
1037,10:33:01,12.04,0.0,7,8423,买盘
1038,10:33:04,12.04,0.0,4,4816,买盘
1039,10:33:13,12.05,0.01,28,33740,买盘
1040,10:33:16,12.04,-0.01,2,2409,卖盘
1041,10:33:19,12.04,0.0,1,1204,卖盘
1042,10:33:27,12.04,0.0,71,85494,卖盘
1043,10:33:33,12.05,0.01,1,1205,卖盘
1044,10:33:46,12.06,0.01,2,2412,买盘
1045,10:33:49,12.06,0.0,1,1206,买盘
1046,10:33:52,12.05,-0.01,6,7230,卖盘
1047,10:33:55,12.05,0.0,4,4820,买盘
1048,10:33:57,12.05,0.0,1,1205,买盘
1049,10:34:01,12.05,0.0,29,34945,买盘
1050,10:34:04,12.04,-0.01,50,60247,卖盘
1051,10:34:13,12.05,0.01,6,7230,买盘
1052,10:34:16,12.06,0.01,20,24106,买盘
1053,10:34:25,12.06,0.0,7,8442,卖盘
1054,10:34:31,12.07,0.01,14,16898,买盘
1055,10:34:36,12.07,0.0,17,20519,卖盘
1056,10:34:49,12.08,0.01,29,35032,买盘
1057,10:34:58,12.08,0.0,15,18120,卖盘
1058,10:35:03,12.08,0.0,1,1208,买盘
1059,10:35:07,12.08,0.0,5,6040,买盘
1060,10:35:10,12.08,0.0,2,2416,买盘
1061,10:35:12,12.07,-0.01,23,27761,卖盘
1062,10:35:15,12.08,0.01,17,20530,买盘
1063,10:35:25,12.08,0.0,10,12080,卖盘
1064,10:35:28,12.08,0.0,12,14496,卖盘
1065,10:35:30,12.08,0.0,7,8456,卖盘
1066,10:35:34,12.08,0.0,11,13288,买盘
1067,10:36:00,12.04,-0.04,22,26497,卖盘
1068,10:36:18,12.08,0.04,15,18120,买盘
1069,10:36:28,12.07,-0.01,4,4828,卖盘
1070,10:36:31,12.07,0.0,7,8449,买盘
1071,10:36:36,12.07,0.0,2,2414,买盘
1072,10:36:42,12.07,0.0,10,12070,卖盘
1073,10:36:45,12.07,0.0,9,10863,卖盘
1074,10:36:49,12.08,0.01,6,7248,买盘
1075,10:36:57,12.07,-0.01,14,16898,卖盘
1076,10:37:06,12.07,0.0,2,2414,卖盘
1077,10:37:10,12.08,0.01,5,6040,买盘
1078,10:37:13,12.07,-0.01,1,1207,卖盘
1079,10:37:37,12.07,0.0,1,1207,买盘
1080,10:37:39,12.07,0.0,15,18105,买盘
1081,10:37:48,12.07,0.0,3,3621,买盘
1082,10:37:58,12.06,-0.01,6,7236,卖盘
1083,10:38:01,12.07,0.01,6,7238,买盘
1084,10:38:04,12.06,-0.01,65,78311,买盘
1085,10:38:16,12.04,-0.02,16,19264,卖盘
1086,10:38:19,12.03,-0.01,27,32481,卖盘
1087,10:38:25,12.03,0.0,2,2407,卖盘
1088,10:38:28,12.03,0.0,94,113127,卖盘
1089,10:38:31,12.04,0.01,3,3612,中性盘
1090,10:38:36,12.03,-0.01,20,24078,卖盘
1091,10:38:43,12.01,-0.02,160,192377,卖盘
1092,10:38:45,12.03,0.02,61,73383,买盘
1093,10:38:52,12.01,-0.02,28,33628,卖盘
1094,10:38:55,12.01,0.0,160,192236,卖盘
1095,10:38:58,12.01,0.0,14,16814,卖盘
1096,10:39:04,12.01,0.0,15,18015,卖盘
1097,10:39:07,12.01,0.0,1,1201,卖盘
1098,10:39:09,12.01,0.0,30,36030,卖盘
1099,10:39:12,12.01,0.0,1,1201,卖盘
1100,10:39:22,12.01,0.0,20,24020,卖盘
1101,10:39:28,12.01,0.0,10,12010,卖盘
1102,10:39:31,12.01,0.0,4,4804,卖盘
1103,10:39:34,12.01,0.0,9,10809,卖盘
1104,10:39:37,12.03,0.02,5,6015,买盘
1105,10:39:39,12.01,-0.02,3,3603,卖盘
1106,10:39:43,12.05,0.04,14,16842,买盘
1107,10:39:49,12.06,0.01,9,10849,买盘
1108,10:39:55,12.06,0.0,1,1206,买盘
1109,10:40:00,12.06,0.0,11,13266,买盘
1110,10:40:04,12.05,-0.01,2,2411,卖盘
1111,10:40:28,12.05,0.0,30,36150,卖盘
1112,10:40:30,12.02,-0.03,24,28860,卖盘
1113,10:40:39,12.05,0.03,5,6025,买盘
1114,10:40:46,12.05,0.0,10,12050,卖盘
1115,10:40:51,12.05,0.0,5,6025,卖盘
1116,10:41:01,12.05,0.0,1,1205,买盘
1117,10:41:19,12.03,-0.02,4,4812,卖盘
1118,10:41:37,12.02,-0.01,85,102252,卖盘
1119,10:41:48,12.02,0.0,60,72120,卖盘
1120,10:42:34,12.02,0.0,10,12020,卖盘
1121,10:42:39,12.02,0.0,5,6010,卖盘
1122,10:42:43,12.05,0.03,43,51765,买盘
1123,10:42:46,12.05,0.0,5,6025,卖盘
1124,10:43:04,12.05,0.0,15,18075,卖盘
1125,10:43:06,12.05,0.0,5,6025,卖盘
1126,10:43:21,12.05,0.0,4,4820,买盘
1127,10:43:25,12.05,0.0,22,26510,买盘
1128,10:43:28,12.04,-0.01,2,2408,卖盘
1129,10:43:30,12.05,0.01,7,8435,买盘
1130,10:43:43,12.05,0.0,11,13255,买盘
1131,10:43:49,12.04,-0.01,4,4816,卖盘
1132,10:44:01,12.04,0.0,16,19264,卖盘
1133,10:44:09,12.04,0.0,14,16856,卖盘
1134,10:44:12,12.04,0.0,5,6020,卖盘
1135,10:44:22,12.04,0.0,5,6020,买盘
1136,10:44:36,12.04,0.0,9,10836,买盘
1137,10:44:39,12.04,0.0,10,12040,买盘
1138,10:44:43,12.04,0.0,4,4816,买盘
1139,10:44:52,12.04,0.0,2,2408,买盘
1140,10:44:55,12.04,0.0,10,12040,买盘
1141,10:44:57,12.04,0.0,20,24080,买盘
1142,10:45:00,12.03,-0.01,14,16842,卖盘
1143,10:45:04,12.03,0.0,4,4812,卖盘
1144,10:45:13,12.04,0.01,8,9632,买盘
1145,10:45:15,12.03,-0.01,13,15639,卖盘
1146,10:45:22,12.04,0.01,25,30082,买盘
1147,10:45:31,12.05,0.01,102,122877,买盘
1148,10:45:33,12.05,0.0,3,3615,买盘
1149,10:45:43,12.04,-0.01,2,2408,卖盘
1150,10:45:45,12.05,0.01,9,10845,买盘
1151,10:45:49,12.03,-0.02,10,12038,卖盘
1152,10:45:52,12.05,0.02,3,3615,买盘
1153,10:46:07,12.05,0.0,6,7230,买盘
1154,10:46:13,12.04,-0.01,2,2408,卖盘
1155,10:46:16,12.05,0.01,7,8435,买盘
1156,10:46:27,12.05,0.0,9,10845,买盘
1157,10:46:34,12.05,0.0,14,16870,买盘
1158,10:46:37,12.04,-0.01,1,1204,卖盘
1159,10:47:19,12.04,0.0,5,6020,卖盘
1160,10:47:22,12.04,0.0,14,16856,卖盘
1161,10:47:27,12.05,0.01,2,2410,买盘
1162,10:47:34,12.05,0.0,4,4820,卖盘
1163,10:47:52,12.04,-0.01,17,20468,卖盘
1164,10:48:01,12.05,0.01,4,4820,买盘
1165,10:48:04,12.04,-0.01,16,19267,卖盘
1166,10:48:06,12.04,0.0,26,31304,卖盘
1167,10:48:15,12.05,0.01,1,1205,买盘
1168,10:48:21,12.05,0.0,12,14460,买盘
1169,10:48:30,12.05,0.0,6,7230,买盘
1170,10:48:34,12.04,-0.01,8,9632,卖盘
1171,10:48:43,12.04,0.0,9,10840,卖盘
1172,10:48:52,12.05,0.01,25,30114,卖盘
1173,10:48:55,12.06,0.01,21,25295,买盘
1174,10:49:06,12.06,0.0,10,12060,买盘
1175,10:49:09,12.06,0.0,3,3618,买盘
1176,10:49:15,12.05,-0.01,3,3615,卖盘
1177,10:49:22,12.06,0.01,1,1206,买盘
1178,10:49:24,12.05,-0.01,20,24100,卖盘
1179,10:49:39,12.05,0.0,10,12050,卖盘
1180,10:49:46,12.05,0.0,8,9640,卖盘
1181,10:49:48,12.05,0.0,5,6025,卖盘
1182,10:50:12,12.05,0.0,10,12050,卖盘
1183,10:50:15,12.05,0.0,13,15665,卖盘
1184,10:50:30,12.05,0.0,5,6025,卖盘
1185,10:50:51,12.05,0.0,3,3615,买盘
1186,10:50:54,12.04,-0.01,3,3612,卖盘
1187,10:51:01,12.05,0.01,3,3615,买盘
1188,10:51:07,12.05,0.0,14,16870,买盘
1189,10:51:13,12.04,-0.01,14,16856,卖盘
1190,10:51:22,12.05,0.01,1,1205,买盘
1191,10:51:24,12.04,-0.01,13,15652,卖盘
1192,10:51:27,12.04,0.0,14,16856,卖盘
1193,10:51:31,12.05,0.01,10,12050,买盘
1194,10:51:37,12.04,-0.01,1,1204,卖盘
1195,10:51:39,12.04,0.0,40,48160,卖盘
1196,10:51:43,12.04,0.0,6,7224,卖盘
1197,10:51:49,12.04,0.0,7,8428,卖盘
1198,10:51:52,12.04,0.0,4,4816,卖盘
1199,10:51:54,12.05,0.01,6,7229,买盘
1200,10:51:58,12.04,-0.01,8,9632,卖盘
1201,10:52:04,12.04,0.0,7,8428,卖盘
1202,10:52:07,12.04,0.0,14,16856,卖盘
1203,10:52:16,12.04,0.0,7,8428,卖盘
1204,10:52:37,12.04,0.0,22,26488,卖盘
1205,10:52:43,12.03,-0.01,2,2406,卖盘
1206,10:52:46,12.03,0.0,15,18045,卖盘
1207,10:52:48,12.03,0.0,14,16842,卖盘
1208,10:52:52,12.03,0.0,14,16842,卖盘
1209,10:52:55,12.03,0.0,3,3609,卖盘
1210,10:53:04,12.03,0.0,42,50526,卖盘
1211,10:53:06,12.03,0.0,2,2406,卖盘
1212,10:53:10,12.02,-0.01,19,22855,卖盘
1213,10:53:15,12.02,0.0,4,4808,卖盘
1214,10:53:18,12.03,0.01,15,18042,买盘
1215,10:53:21,12.02,-0.01,55,66148,卖盘
1216,10:53:27,12.02,0.0,1,1202,卖盘
1217,10:53:31,12.02,0.0,1,1202,卖盘
1218,10:53:34,12.02,0.0,8,9616,卖盘
1219,10:53:37,12.02,0.0,1,1202,卖盘
1220,10:53:42,12.02,0.0,21,25245,卖盘
1221,10:53:45,12.02,0.0,14,16828,卖盘
1222,10:53:49,12.02,0.0,22,26444,卖盘
1223,10:53:52,12.02,0.0,2,2404,卖盘
1224,10:53:58,12.02,0.0,15,18030,卖盘
1225,10:54:01,12.02,0.0,24,28848,卖盘
1226,10:54:04,12.01,-0.01,33,39652,卖盘
1227,10:54:12,12.01,0.0,30,36030,卖盘
1228,10:54:16,12.01,0.0,8,9608,卖盘
1229,10:54:18,12.01,0.0,14,16814,卖盘
1230,10:54:22,12.01,0.0,10,12010,卖盘
1231,10:54:25,12.01,0.0,26,31226,卖盘
1232,10:54:28,12.01,0.0,1,1201,卖盘
1233,10:54:31,12.01,0.0,51,61251,卖盘
1234,10:54:34,12.01,0.0,25,30025,卖盘
1235,10:54:39,12.01,0.0,10,12010,卖盘
1236,10:54:45,12.01,0.0,14,16814,卖盘
1237,10:54:49,12.01,0.0,20,24020,卖盘
1238,10:54:51,12.01,0.0,1,1201,卖盘
1239,10:54:55,12.0,-0.01,424,508901,卖盘
1240,10:54:57,12.01,0.01,14,16816,中性盘
1241,10:55:01,12.01,0.0,11,13211,卖盘
1242,10:55:04,12.01,0.0,14,16814,卖盘
1243,10:55:06,12.01,0.0,36,43236,卖盘
1244,10:55:09,12.0,-0.01,14,16800,卖盘
1245,10:55:12,12.01,0.01,50,60050,买盘
1246,10:55:16,12.0,-0.01,8,9600,卖盘
1247,10:55:19,12.01,0.01,68,81603,买盘
1248,10:55:25,12.01,0.0,17,20417,卖盘
1249,10:55:31,12.01,0.0,103,123602,买盘
1250,10:55:37,12.0,-0.01,1,1200,卖盘
1251,10:55:40,12.0,0.0,103,123603,卖盘
1252,10:55:43,12.0,0.0,78,93600,卖盘
1253,10:55:46,11.99,-0.01,70,83930,卖盘
1254,10:55:52,11.99,0.0,10,11990,买盘
1255,10:55:58,11.98,-0.01,102,122206,卖盘
1256,10:56:04,11.97,-0.01,145,173565,卖盘
1257,10:56:06,11.97,0.0,5,5985,卖盘
1258,10:56:09,11.96,-0.01,40,47847,卖盘
1259,10:56:13,11.97,0.01,30,35910,买盘
1260,10:56:16,11.97,0.0,5,5985,买盘
1261,10:56:22,11.96,-0.01,12,14352,卖盘
1262,10:56:25,11.96,0.0,51,61002,卖盘
1263,10:56:28,11.96,0.0,34,40660,卖盘
1264,10:56:31,11.96,0.0,16,19136,买盘
1265,10:56:34,11.96,0.0,38,45448,买盘
1266,10:56:36,11.96,0.0,104,124384,卖盘
1267,10:56:43,11.96,0.0,63,75348,卖盘
1268,10:56:46,11.95,-0.01,29,34656,卖盘
1269,10:56:51,11.95,0.0,41,48995,卖盘
1270,10:56:55,11.96,0.01,111,132706,买盘
1271,10:56:57,11.95,-0.01,11,13146,卖盘
1272,10:57:00,11.95,0.0,17,20315,卖盘
1273,10:57:04,11.95,0.0,14,16730,买盘
1274,10:57:06,11.94,-0.01,31,37039,卖盘
1275,10:57:13,11.94,0.0,3,3582,卖盘
1276,10:57:19,11.94,0.0,64,76416,卖盘
1277,10:57:22,11.94,0.0,6,7164,买盘
1278,10:57:25,11.94,0.0,5,5970,卖盘
1279,10:57:28,11.94,0.0,2,2388,卖盘
1280,10:57:34,11.94,0.0,10,11942,卖盘
1281,10:57:37,11.94,0.0,2,2388,卖盘
1282,10:57:40,11.94,0.0,1,1194,卖盘
1283,10:57:43,11.95,0.01,17,20315,买盘
1284,10:57:46,11.94,-0.01,10,11946,卖盘
1285,10:57:49,11.94,0.0,1,1194,卖盘
1286,10:57:51,11.94,0.0,12,14328,卖盘
1287,10:57:54,11.95,0.01,25,29875,买盘
1288,10:57:58,11.96,0.01,2,2391,买盘
1289,10:58:04,11.95,-0.01,16,19128,卖盘
1290,10:58:10,11.96,0.01,10,11960,卖盘
1291,10:58:13,11.97,0.01,34,40678,买盘
1292,10:58:16,11.97,0.0,3,3591,卖盘
1293,10:58:28,11.99,0.02,1,1199,买盘
1294,10:58:36,11.97,-0.02,42,50274,卖盘
1295,10:58:40,11.97,0.0,20,23940,卖盘
1296,10:58:46,11.96,-0.01,47,56245,卖盘
1297,10:58:49,11.95,-0.01,5,5975,卖盘
1298,10:58:51,11.96,0.01,19,22724,买盘
1299,10:58:54,11.96,0.0,2,2392,买盘
1300,10:59:00,11.95,-0.01,68,81261,卖盘
1301,10:59:04,11.96,0.01,5,5980,买盘
1302,10:59:07,11.95,-0.01,19,22705,卖盘
1303,10:59:10,11.95,0.0,3,3585,买盘
1304,10:59:13,11.94,-0.01,10,11940,卖盘
1305,10:59:16,11.94,0.0,35,41790,卖盘
1306,10:59:24,11.95,0.01,46,54957,买盘
1307,10:59:28,11.94,-0.01,5,5974,卖盘
1308,10:59:30,11.94,0.0,6,7164,卖盘
1309,10:59:33,11.94,0.0,36,42996,卖盘
1310,10:59:37,11.95,0.01,1,1195,买盘
1311,10:59:39,11.94,-0.01,72,85968,卖盘
1312,10:59:45,11.94,0.0,55,65676,卖盘
1313,10:59:49,11.94,0.0,2,2388,卖盘
1314,10:59:52,11.94,0.0,19,22696,卖盘
1315,10:59:55,11.95,0.01,1,1195,卖盘
1316,10:59:58,11.94,-0.01,3,3583,卖盘
1317,11:00:01,11.94,0.0,1,1194,卖盘
1318,11:00:04,11.98,0.04,10,11980,买盘
1319,11:00:07,11.95,-0.03,23,27485,卖盘
1320,11:00:10,11.94,-0.01,55,65732,卖盘
1321,11:00:16,11.95,0.01,13,15535,卖盘
1322,11:00:18,11.95,0.0,2,2390,卖盘
1323,11:00:25,11.94,-0.01,150,179159,卖盘
1324,11:00:31,11.93,-0.01,137,163518,卖盘
1325,11:00:34,11.95,0.02,5,5971,中性盘
1326,11:00:37,11.96,0.01,2,2392,买盘
1327,11:00:40,11.96,0.0,2,2392,卖盘
1328,11:00:43,11.95,-0.01,7,8371,卖盘
1329,11:00:46,11.93,-0.02,139,165836,卖盘
1330,11:00:48,11.93,0.0,3,3579,买盘
1331,11:00:52,11.93,0.0,35,41755,买盘
1332,11:00:55,11.92,-0.01,46,54843,卖盘
1333,11:00:58,11.92,0.0,16,19083,卖盘
1334,11:01:01,11.92,0.0,26,30992,卖盘
1335,11:01:04,11.93,0.01,8,9544,买盘
1336,11:01:07,11.92,-0.01,37,44104,卖盘
1337,11:01:10,11.92,0.0,19,22648,卖盘
1338,11:01:13,11.92,0.0,12,14305,卖盘
1339,11:01:16,11.92,0.0,7,8344,卖盘
1340,11:01:18,11.91,-0.01,63,75047,卖盘
1341,11:01:22,11.92,0.01,1,1192,买盘
1342,11:01:24,11.92,0.0,48,57204,买盘
1343,11:01:27,11.93,0.01,52,61988,买盘
1344,11:01:34,11.92,-0.01,31,36968,卖盘
1345,11:01:37,11.91,-0.01,110,131024,卖盘
1346,11:01:43,11.92,0.01,40,47680,卖盘
1347,11:01:46,11.92,0.0,39,46488,卖盘
1348,11:01:48,11.92,0.0,42,50064,卖盘
1349,11:01:52,11.92,0.0,2,2384,卖盘
1350,11:02:01,11.92,0.0,20,23840,卖盘
1351,11:02:10,11.94,0.02,7,8352,买盘
1352,11:02:16,11.94,0.0,7,8358,买盘
1353,11:02:19,11.93,-0.01,4,4772,卖盘
1354,11:02:22,11.93,0.0,22,26246,卖盘
1355,11:02:25,11.94,0.01,5,5970,买盘
1356,11:02:27,11.93,-0.01,10,11930,卖盘
1357,11:02:34,11.94,0.01,13,15522,买盘
1358,11:02:40,11.94,0.0,5,5970,卖盘
1359,11:02:55,11.94,0.0,10,11940,卖盘
1360,11:02:58,11.94,0.0,20,23880,卖盘
1361,11:03:01,11.94,0.0,3,3582,买盘
1362,11:03:06,11.94,0.0,5,5970,买盘
1363,11:03:10,11.94,0.0,2,2388,买盘
1364,11:03:16,11.94,0.0,29,34600,买盘
1365,11:03:19,11.94,0.0,3,3582,买盘
1366,11:03:21,11.93,-0.01,16,19088,卖盘
1367,11:03:24,11.94,0.01,8,9552,买盘
1368,11:03:31,11.93,-0.01,10,11930,卖盘
1369,11:03:37,11.94,0.01,1,1194,买盘
1370,11:03:43,11.93,-0.01,84,100215,卖盘
1371,11:03:46,11.93,0.0,7,8351,买盘
1372,11:03:49,11.94,0.01,34,40596,买盘
1373,11:03:51,11.94,0.0,6,7164,卖盘
1374,11:03:54,11.93,-0.01,46,54901,卖盘
1375,11:03:57,11.93,0.0,1,1193,买盘
1376,11:04:01,11.93,0.0,4,4772,买盘
1377,11:04:04,11.93,0.0,9,10737,买盘
1378,11:04:07,11.95,0.02,50,59741,买盘
1379,11:04:10,11.93,-0.02,11,13123,卖盘
1380,11:04:13,11.93,0.0,16,19074,买盘
1381,11:04:16,11.93,0.0,3,3579,买盘
1382,11:04:19,11.93,0.0,2,2386,卖盘
1383,11:04:31,11.93,0.0,18,21477,卖盘
1384,11:04:37,11.93,0.0,24,28632,卖盘
1385,11:04:39,11.94,0.01,3,3582,买盘
1386,11:04:42,11.94,0.0,20,23870,买盘
1387,11:04:46,11.93,-0.01,36,42968,卖盘
1388,11:04:49,11.93,0.0,55,65633,卖盘
1389,11:04:55,11.92,-0.01,51,60833,卖盘
1390,11:04:57,11.93,0.01,137,163695,中性盘
1391,11:05:04,11.92,-0.01,6,7153,卖盘
1392,11:05:06,11.92,0.0,1,1192,卖盘
1393,11:05:13,11.93,0.01,5,5965,卖盘
1394,11:05:22,11.94,0.01,5,5970,买盘
1395,11:05:25,11.94,0.0,23,27467,卖盘
1396,11:05:31,11.94,0.0,18,21492,卖盘
1397,11:05:34,11.94,0.0,26,31046,卖盘
1398,11:05:37,11.94,0.0,8,9552,卖盘
1399,11:05:40,11.94,0.0,7,8358,卖盘
1400,11:05:43,11.93,-0.01,134,159960,卖盘
1401,11:05:48,11.93,0.0,8,9544,卖盘
1402,11:05:52,11.93,0.0,6,7158,买盘
1403,11:05:55,11.92,-0.01,5,5960,卖盘
1404,11:06:01,11.92,0.0,67,79879,卖盘
1405,11:06:04,11.92,0.0,124,147810,卖盘
1406,11:06:10,11.91,-0.01,55,65512,卖盘
1407,11:06:12,11.91,0.0,44,52404,卖盘
1408,11:06:15,11.91,0.0,127,151258,卖盘
1409,11:06:19,11.91,0.0,17,20247,卖盘
1410,11:06:22,11.9,-0.01,10,11900,卖盘
1411,11:06:28,11.9,0.0,25,29750,卖盘
1412,11:06:31,11.9,0.0,54,64260,卖盘
1413,11:06:34,11.9,0.0,48,57121,卖盘
1414,11:06:37,11.9,0.0,96,114240,卖盘
1415,11:06:40,11.9,0.0,48,57133,卖盘
1416,11:06:43,11.91,0.01,4,4764,买盘
1417,11:06:46,11.9,-0.01,238,283220,卖盘
1418,11:06:49,11.89,-0.01,86,102349,卖盘
1419,11:06:58,11.9,0.01,40,47568,买盘
1420,11:07:01,11.89,-0.01,56,66584,卖盘
1421,11:07:04,11.89,0.0,27,32103,卖盘
1422,11:07:07,11.9,0.01,12,14269,买盘
1423,11:07:10,11.88,-0.02,89,105771,卖盘
1424,11:07:16,11.88,0.0,11,13068,卖盘
1425,11:07:19,11.88,0.0,90,106920,卖盘
1426,11:07:21,11.87,-0.01,33,39178,卖盘
1427,11:07:25,11.87,0.0,1,1187,卖盘
1428,11:07:28,11.88,0.01,44,52253,买盘
1429,11:07:31,11.87,-0.01,6,7122,卖盘
1430,11:07:34,11.87,0.0,68,80716,买盘
1431,11:07:37,11.86,-0.01,51,60491,卖盘
1432,11:07:40,11.86,0.0,8,9490,卖盘
1433,11:07:43,11.86,0.0,25,29665,卖盘
1434,11:07:46,11.85,-0.01,65,77081,卖盘
1435,11:07:49,11.86,0.01,2,2372,买盘
1436,11:07:51,11.86,0.0,13,15416,买盘
1437,11:07:55,11.86,0.0,3,3558,买盘
1438,11:07:58,11.86,0.0,182,215852,买盘
1439,11:08:01,11.86,0.0,80,94880,卖盘
1440,11:08:04,11.87,0.01,73,86616,买盘
1441,11:08:06,11.87,0.0,15,17805,买盘
1442,11:08:10,11.88,0.01,47,55836,买盘
1443,11:08:15,11.88,0.0,14,16632,卖盘
1444,11:08:18,11.89,0.01,20,23780,买盘
1445,11:08:21,11.89,0.0,20,23780,买盘
1446,11:08:25,11.89,0.0,22,26170,卖盘
1447,11:08:28,11.9,0.01,79,94010,买盘
1448,11:08:31,11.9,0.0,56,66620,买盘
1449,11:08:34,11.9,0.0,24,28560,买盘
1450,11:08:37,11.9,0.0,11,13090,买盘
1451,11:08:40,11.9,0.0,25,29750,买盘
1452,11:08:51,11.91,0.01,33,39303,买盘
1453,11:09:04,11.94,0.03,153,182502,买盘
1454,11:09:10,11.94,0.0,1,1194,卖盘
1455,11:09:13,11.95,0.01,16,19120,买盘
1456,11:09:16,11.94,-0.01,30,35840,卖盘
1457,11:09:19,11.95,0.01,11,13135,买盘
1458,11:09:21,11.92,-0.03,26,31020,卖盘
1459,11:09:25,11.95,0.03,9,10752,买盘
1460,11:09:33,11.94,-0.01,8,9552,买盘
1461,11:09:37,11.91,-0.03,51,60798,卖盘
1462,11:09:54,11.94,0.03,5,5970,买盘
1463,11:09:58,11.94,0.0,16,19104,买盘
1464,11:10:01,11.91,-0.03,23,27402,卖盘
1465,11:10:04,11.94,0.03,1,1194,买盘
1466,11:10:09,11.92,-0.02,45,53702,中性盘
1467,11:10:16,11.92,0.0,24,28608,卖盘
1468,11:10:19,11.94,0.02,28,33392,买盘
1469,11:10:27,11.92,-0.02,1,1192,卖盘
1470,11:10:37,11.94,0.02,10,11940,买盘
1471,11:10:40,11.93,-0.01,5,5962,中性盘
1472,11:10:43,11.93,0.0,21,25052,买盘
1473,11:10:46,11.93,0.0,5,5965,买盘
1474,11:10:52,11.93,0.0,2,2386,买盘
1475,11:10:55,11.93,0.0,2,2386,买盘
1476,11:11:04,11.93,0.0,19,22667,买盘
1477,11:11:07,11.92,-0.01,4,4768,卖盘
1478,11:11:12,11.93,0.01,1,1193,买盘
1479,11:11:19,11.93,0.0,10,11930,买盘
1480,11:11:21,11.93,0.0,6,7158,买盘
1481,11:11:25,11.93,0.0,21,25052,买盘
1482,11:11:34,11.93,0.0,30,35790,买盘
1483,11:11:37,11.92,-0.01,5,5960,卖盘
1484,11:11:42,11.93,0.01,51,60843,买盘
1485,11:11:49,11.92,-0.01,10,11920,卖盘
1486,11:11:52,11.92,0.0,6,7152,卖盘
1487,11:11:58,11.92,0.0,38,45296,卖盘
1488,11:12:04,11.92,0.0,7,8344,卖盘
1489,11:12:07,11.93,0.01,20,23857,买盘
1490,11:12:13,11.93,0.0,16,19078,买盘
1491,11:12:16,11.93,0.0,17,20281,买盘
1492,11:12:18,11.93,0.0,2,2386,卖盘
1493,11:12:25,11.91,-0.02,20,23843,卖盘
1494,11:12:28,11.94,0.03,2,2388,买盘
1495,11:12:37,11.91,-0.03,57,67912,卖盘
1496,11:12:43,11.93,0.02,34,40592,中性盘
1497,11:13:01,11.94,0.01,3,3582,买盘
1498,11:13:04,11.94,0.0,12,14328,买盘
1499,11:13:07,11.93,-0.01,2,2386,卖盘
1500,11:13:19,11.94,0.01,10,11940,买盘
1501,11:13:22,11.93,-0.01,12,14322,卖盘
1502,11:13:31,11.94,0.01,3,3582,卖盘
1503,11:13:34,11.95,0.01,25,29858,买盘
1504,11:13:37,11.95,0.0,5,5975,买盘
1505,11:13:40,11.95,0.0,2,2390,买盘
1506,11:13:43,11.95,0.0,9,10755,买盘
1507,11:13:46,11.95,0.0,28,33460,买盘
1508,11:13:52,11.95,0.0,6,7170,买盘
1509,11:13:55,11.95,0.0,15,17925,买盘
1510,11:13:58,11.95,0.0,1,1195,买盘
1511,11:14:04,11.94,-0.01,21,25074,卖盘
1512,11:14:06,11.94,0.0,4,4776,卖盘
1513,11:14:09,11.95,0.01,41,48995,买盘
1514,11:14:12,11.94,-0.01,10,11949,卖盘
1515,11:14:22,11.95,0.01,6,7170,买盘
1516,11:14:34,11.95,0.0,6,7170,买盘
1517,11:14:43,11.96,0.01,11,13146,买盘
1518,11:14:49,11.95,-0.01,5,5979,卖盘
1519,11:14:52,11.96,0.01,5,5980,买盘
1520,11:14:58,11.96,0.0,3,3588,买盘
1521,11:15:01,11.96,0.0,11,13156,卖盘
1522,11:15:13,11.94,-0.02,52,62106,卖盘
1523,11:15:22,11.96,0.02,1,1196,买盘
1524,11:15:31,11.96,0.0,3,3584,买盘
1525,11:15:37,11.96,0.0,3,3588,买盘
1526,11:15:40,11.95,-0.01,6,7171,卖盘
1527,11:15:49,11.96,0.01,5,5980,买盘
1528,11:15:52,11.95,-0.01,10,11950,卖盘
1529,11:15:55,11.96,0.01,10,11954,买盘
1530,11:15:58,11.95,-0.01,10,11950,卖盘
1531,11:16:04,11.94,-0.01,6,7164,卖盘
1532,11:16:09,11.95,0.01,28,33439,买盘
1533,11:16:12,11.95,0.0,2,2390,买盘
1534,11:16:15,11.95,0.0,40,47800,买盘
1535,11:16:31,11.96,0.01,4,4784,买盘
1536,11:16:37,11.95,-0.01,3,3585,卖盘
1537,11:16:40,11.96,0.01,1,1196,买盘
1538,11:16:43,11.95,-0.01,11,13145,卖盘
1539,11:16:49,11.96,0.01,5,5980,买盘
1540,11:16:52,11.95,-0.01,9,10755,卖盘
1541,11:16:55,11.95,0.0,5,5975,卖盘
1542,11:17:00,11.95,0.0,14,16730,卖盘
1543,11:17:04,11.96,0.01,5,5980,买盘
1544,11:17:06,11.96,0.0,5,5980,买盘
1545,11:17:10,11.96,0.0,13,15548,买盘
1546,11:17:18,11.96,0.0,12,14352,卖盘
1547,11:17:39,11.97,0.01,45,53865,买盘
1548,11:17:48,11.97,0.0,10,11970,卖盘
1549,11:17:52,11.99,0.02,1,1199,买盘
1550,11:17:55,11.99,0.0,27,32373,买盘
1551,11:18:01,11.99,0.0,3,3597,买盘
1552,11:18:06,11.99,0.0,14,16786,买盘
1553,11:18:10,11.99,0.0,53,63547,卖盘
1554,11:18:13,11.99,0.0,1,1199,卖盘
1555,11:18:16,12.0,0.01,19,22800,买盘
1556,11:18:33,11.99,-0.01,1,1199,买盘
1557,11:18:37,11.99,0.0,2,2398,买盘
1558,11:18:43,11.98,-0.01,3,3594,卖盘
1559,11:18:45,11.99,0.01,1,1199,买盘
1560,11:18:52,11.99,0.0,1,1199,买盘
1561,11:18:55,11.99,0.0,5,5995,买盘
1562,11:18:57,11.98,-0.01,1,1198,卖盘
1563,11:19:01,11.99,0.01,48,57538,买盘
1564,11:19:04,11.99,0.0,1,1199,卖盘
1565,11:19:19,11.99,0.0,6,7194,卖盘
1566,11:19:22,12.0,0.01,15,17986,买盘
1567,11:19:24,12.0,0.0,8,9600,买盘
1568,11:19:28,12.0,0.0,1,1200,买盘
1569,11:19:36,11.99,-0.01,77,92348,卖盘
1570,11:19:43,12.0,0.01,13,15600,买盘
1571,11:19:49,12.0,0.0,8,9600,买盘
1572,11:19:52,12.04,0.04,161,193402,买盘
1573,11:19:55,12.0,-0.04,3,3600,中性盘
1574,11:19:58,12.0,0.0,28,33592,买盘
1575,11:20:04,11.99,-0.01,3,3597,卖盘
1576,11:20:06,12.0,0.01,7,8399,买盘
1577,11:20:10,12.03,0.03,6,7218,买盘
1578,11:20:16,12.0,-0.03,10,12000,卖盘
1579,11:20:19,12.0,0.0,35,42000,卖盘
1580,11:20:21,12.0,0.0,2,2400,买盘
1581,11:20:25,12.0,0.0,3,3600,买盘
1582,11:20:34,12.0,0.0,1,1200,卖盘
1583,11:20:37,12.0,0.0,2,2400,卖盘
1584,11:20:40,12.0,0.0,23,27600,卖盘
1585,11:20:43,12.0,0.0,10,12000,卖盘
1586,11:20:45,12.0,0.0,2,2400,卖盘
1587,11:20:49,12.02,0.02,4,4808,买盘
1588,11:20:51,12.02,0.0,1,1202,卖盘
1589,11:20:55,12.0,-0.02,1,1200,卖盘
1590,11:20:58,12.02,0.02,14,16828,中性盘
1591,11:21:04,12.0,-0.02,5,6003,卖盘
1592,11:21:10,12.0,0.0,30,36000,卖盘
1593,11:21:13,12.0,0.0,42,50400,卖盘
1594,11:21:19,11.99,-0.01,5,5995,卖盘
1595,11:21:22,11.99,0.0,6,7194,卖盘
1596,11:21:25,11.99,0.0,3,3597,买盘
1597,11:21:31,11.98,-0.01,31,37138,卖盘
1598,11:21:34,11.98,0.0,100,119857,卖盘
1599,11:21:43,11.97,-0.01,16,19154,卖盘
1600,11:21:46,11.97,0.0,151,180481,买盘
1601,11:21:49,11.97,0.0,3,3591,卖盘
1602,11:21:51,11.98,0.01,2,2396,买盘
1603,11:21:57,11.98,0.0,3,3594,买盘
1604,11:22:01,11.97,-0.01,14,16758,卖盘
1605,11:22:04,11.98,0.01,3,3594,买盘
1606,11:22:07,11.98,0.0,4,4792,买盘
1607,11:22:15,11.97,-0.01,55,65835,卖盘
1608,11:22:22,11.97,0.0,9,10773,卖盘
1609,11:22:25,11.98,0.01,10,11979,买盘
1610,11:22:28,11.97,-0.01,20,23940,卖盘
1611,11:22:31,11.97,0.0,3,3591,卖盘
1612,11:22:37,11.97,0.0,23,27549,卖盘
1613,11:22:43,11.96,-0.01,6,7176,中性盘
1614,11:22:46,11.96,0.0,2,2392,买盘
1615,11:22:48,12.0,0.04,80,95834,买盘
1616,11:22:51,12.0,0.0,159,190800,卖盘
1617,11:22:57,12.0,0.0,1,1200,卖盘
1618,11:23:07,12.0,0.0,2,2400,卖盘
1619,11:23:15,12.0,0.0,7,8400,卖盘
1620,11:23:28,12.0,0.0,3,3600,买盘
1621,11:23:31,11.97,-0.03,52,62234,卖盘
1622,11:23:40,11.98,0.01,1,1198,卖盘
1623,11:23:42,12.0,0.02,2,2400,买盘
1624,11:23:46,11.97,-0.03,15,17965,卖盘
1625,11:23:55,12.0,0.03,11,13200,买盘
1626,11:24:04,11.96,-0.04,13,15552,卖盘
1627,11:24:07,11.97,0.01,12,14363,买盘
1628,11:24:10,11.97,0.0,2,2394,买盘
1629,11:24:13,11.97,0.0,1,1197,卖盘
1630,11:24:15,11.97,0.0,3,3591,买盘
1631,11:24:25,11.97,0.0,5,5985,中性盘
1632,11:24:33,11.97,0.0,1,1197,卖盘
1633,11:24:43,11.97,0.0,50,59850,买盘
1634,11:24:46,11.96,-0.01,18,21528,卖盘
1635,11:24:52,11.97,0.01,30,35910,买盘
1636,11:24:54,11.97,0.0,1,1197,买盘
1637,11:25:01,11.98,0.01,31,37138,买盘
1638,11:25:12,12.0,0.02,18,21600,买盘
1639,11:25:22,11.96,-0.04,1,1196,卖盘
1640,11:25:25,12.0,0.04,8,9600,买盘
1641,11:25:30,11.96,-0.04,49,58604,卖盘
1642,11:25:33,11.96,0.0,10,11960,卖盘
1643,11:25:45,11.99,0.03,9,10791,买盘
1644,11:25:49,11.97,-0.02,50,59850,卖盘
1645,11:26:01,11.96,-0.01,41,49036,卖盘
1646,11:26:04,11.96,0.0,10,11960,买盘
1647,11:26:13,11.96,0.0,2,2392,买盘
1648,11:26:25,11.96,0.0,100,119600,买盘
1649,11:26:28,11.96,0.0,21,25116,卖盘
1650,11:26:31,11.97,0.01,49,58633,买盘
1651,11:26:34,11.96,-0.01,12,14354,卖盘
1652,11:26:45,11.96,0.0,5,5980,卖盘
1653,11:26:48,11.98,0.02,1,1198,买盘
1654,11:26:55,11.96,-0.02,3,3592,卖盘
1655,11:27:19,11.97,0.01,2,2394,卖盘
1656,11:27:24,11.97,0.0,25,29925,卖盘
1657,11:27:31,11.98,0.01,5,5990,卖盘
1658,11:27:34,11.99,0.01,7,8393,买盘
1659,11:27:57,11.97,-0.02,4,4788,卖盘
1660,11:28:01,11.98,0.01,20,23960,买盘
1661,11:28:10,11.98,0.0,7,8386,买盘
1662,11:28:13,11.98,0.0,7,8381,买盘
1663,11:28:15,11.98,0.0,20,23960,买盘
1664,11:28:33,11.97,-0.01,8,9576,卖盘
1665,11:28:40,11.97,0.0,60,71851,卖盘
1666,11:29:04,11.98,0.01,2,2396,买盘
1667,11:29:12,11.97,-0.01,4,4791,卖盘
1668,11:29:16,11.99,0.02,10,11986,买盘
1669,11:29:27,11.98,-0.01,1,1198,买盘
1670,11:29:31,11.97,-0.01,3,3591,卖盘
1671,11:29:40,11.97,0.0,46,55062,卖盘
1672,11:29:42,11.97,0.0,4,4788,买盘
1673,11:30:01,11.97,0.0,4,4788,买盘
1674,13:00:04,11.97,0.0,202,241507,买盘
1675,13:00:07,11.97,0.0,31,37106,买盘
1676,13:00:54,11.94,-0.03,5,5970,卖盘
1677,13:01:15,11.94,0.0,5,5970,卖盘
1678,13:01:21,11.94,0.0,6,7164,买盘
1679,13:01:49,11.96,0.02,2,2392,买盘
1680,13:01:51,11.94,-0.02,12,14328,卖盘
1681,13:02:00,11.94,0.0,10,11940,买盘
1682,13:02:07,11.94,0.0,24,28640,买盘
1683,13:02:13,11.93,-0.01,9,10737,卖盘
1684,13:02:30,11.93,0.0,1,1193,买盘
1685,13:02:33,11.92,-0.01,2,2384,卖盘
1686,13:02:37,11.93,0.01,5,5962,买盘
1687,13:02:39,11.93,0.0,1,1193,买盘
1688,13:02:42,11.92,-0.01,34,40528,卖盘
1689,13:02:54,11.92,0.0,35,41720,卖盘
1690,13:02:57,11.92,0.0,2,2384,卖盘
1691,13:03:00,11.93,0.01,5,5965,买盘
1692,13:03:04,11.93,0.0,2,2386,买盘
1693,13:03:09,11.92,-0.01,10,11920,卖盘
1694,13:03:13,11.92,0.0,10,11920,卖盘
1695,13:03:18,11.92,0.0,53,63176,卖盘
1696,13:03:21,11.92,0.0,8,9536,买盘
1697,13:03:24,11.93,0.01,23,27429,买盘
1698,13:03:28,11.93,0.0,46,54858,买盘
1699,13:03:40,11.93,0.0,4,4772,卖盘
1700,13:03:54,11.94,0.01,2,2388,买盘
1701,13:03:57,11.94,0.0,2,2388,买盘
1702,13:04:00,11.93,-0.01,13,15509,卖盘
1703,13:04:12,11.94,0.01,8,9552,买盘
1704,13:04:21,11.94,0.0,3,3582,买盘
1705,13:04:30,11.94,0.0,15,17910,买盘
1706,13:04:54,11.94,0.0,25,29850,买盘
1707,13:04:57,11.94,0.0,16,19104,买盘
1708,13:06:04,11.94,0.0,1,1194,卖盘
1709,13:06:13,11.94,0.0,8,9552,卖盘
1710,13:06:19,11.95,0.01,3,3583,买盘
1711,13:06:22,11.94,-0.01,3,3583,卖盘
1712,13:06:31,11.94,0.0,34,40596,卖盘
1713,13:06:43,11.94,0.0,18,21492,卖盘
1714,13:06:52,11.94,0.0,5,5970,卖盘
1715,13:06:55,11.94,0.0,11,13134,卖盘
1716,13:07:04,11.95,0.01,15,17925,买盘
1717,13:07:09,11.93,-0.02,46,54884,卖盘
1718,13:07:12,11.95,0.02,3,3585,买盘
1719,13:07:31,11.94,-0.01,6,7164,买盘
1720,13:07:37,11.94,0.0,5,5970,卖盘
1721,13:07:40,11.94,0.0,56,66912,卖盘
1722,13:07:51,11.94,0.0,17,20298,卖盘
1723,13:07:54,11.95,0.01,7,8360,买盘
1724,13:07:58,11.94,-0.01,43,51342,卖盘
1725,13:08:04,11.94,0.0,1,1194,买盘
1726,13:08:07,11.93,-0.01,42,50106,卖盘
1727,13:08:15,11.92,-0.01,4,4768,卖盘
1728,13:08:18,11.93,0.01,3,3579,买盘
1729,13:08:25,11.91,-0.02,70,83380,卖盘
1730,13:08:37,11.91,0.0,1,1191,卖盘
1731,13:08:40,11.91,0.0,4,4764,卖盘
1732,13:08:43,11.92,0.01,2,2384,买盘
1733,13:08:52,11.92,0.0,14,16688,买盘
1734,13:08:54,11.92,0.0,64,76256,买盘
1735,13:08:57,11.92,0.0,30,35760,买盘
1736,13:09:04,11.91,-0.01,26,30986,卖盘
1737,13:09:06,11.92,0.01,34,40500,买盘
1738,13:09:19,11.91,-0.01,8,9528,买盘
1739,13:09:24,11.91,0.0,1,1191,买盘
1740,13:09:27,11.9,-0.01,1,1190,卖盘
1741,13:09:30,11.9,0.0,46,54770,卖盘
1742,13:09:36,11.9,0.0,7,8330,卖盘
1743,13:09:39,11.9,0.0,3,3570,卖盘
1744,13:09:43,11.9,0.0,9,10710,卖盘
1745,13:09:46,11.9,0.0,54,64311,卖盘
1746,13:09:58,11.91,0.01,1,1191,卖盘
1747,13:10:01,11.91,0.0,10,11910,卖盘
1748,13:10:06,11.91,0.0,8,9528,卖盘
1749,13:10:15,11.9,-0.01,4,4762,卖盘
1750,13:10:25,11.9,0.0,6,7140,卖盘
1751,13:10:34,11.9,0.0,30,35700,卖盘
1752,13:10:40,11.9,0.0,68,80925,卖盘
1753,13:10:43,11.91,0.01,15,17863,买盘
1754,13:10:46,11.9,-0.01,36,42864,卖盘
1755,13:10:49,11.9,0.0,9,10714,卖盘
1756,13:10:52,11.91,0.01,26,30941,买盘
1757,13:10:58,11.91,0.0,18,21438,买盘
1758,13:11:00,11.9,-0.01,15,17850,卖盘
1759,13:11:04,11.91,0.01,11,13091,买盘
1760,13:11:09,11.91,0.0,1,1191,买盘
1761,13:11:13,11.91,0.0,1,1191,买盘
1762,13:11:15,11.9,-0.01,2,2380,卖盘
1763,13:11:19,11.9,0.0,28,33320,卖盘
1764,13:11:25,11.9,0.0,166,197540,卖盘
1765,13:11:28,11.9,0.0,29,34510,卖盘
1766,13:11:31,11.9,0.0,41,48763,买盘
1767,13:11:34,11.9,0.0,4,4760,买盘
1768,13:11:46,11.89,-0.01,3,3567,卖盘
1769,13:11:55,11.88,-0.01,25,29700,卖盘
1770,13:11:58,11.89,0.01,27,32103,买盘
1771,13:12:01,11.89,0.0,1,1189,卖盘
1772,13:12:04,11.89,0.0,20,23780,卖盘
1773,13:12:07,11.89,0.0,5,5945,卖盘
1774,13:12:15,11.9,0.01,245,291546,买盘
1775,13:12:22,11.9,0.0,5,5950,卖盘
1776,13:12:25,11.91,0.01,8,9528,买盘
1777,13:12:28,11.9,-0.01,7,8334,卖盘
1778,13:12:31,11.9,0.0,20,23800,卖盘
1779,13:12:46,11.9,0.0,15,17850,卖盘
1780,13:12:48,11.91,0.01,4,4764,卖盘
1781,13:12:58,11.91,0.0,1,1191,卖盘
1782,13:13:01,11.91,0.0,1,1191,买盘
1783,13:13:07,11.91,0.0,27,32157,买盘
1784,13:13:22,11.91,0.0,10,11910,买盘
1785,13:13:31,11.9,-0.01,20,23818,卖盘
1786,13:13:36,11.9,0.0,18,21423,卖盘
1787,13:13:39,11.91,0.01,7,8337,中性盘
1788,13:13:51,11.91,0.0,6,7146,卖盘
1789,13:14:01,11.91,0.0,1,1191,卖盘
1790,13:14:10,11.91,0.0,9,10719,买盘
1791,13:14:18,11.9,-0.01,2,2380,卖盘
1792,13:14:28,11.91,0.01,9,10719,买盘
1793,13:14:31,11.9,-0.01,7,8330,卖盘
1794,13:14:33,11.9,0.0,52,61880,卖盘
1795,13:14:39,11.9,0.0,2,2380,买盘
1796,13:14:45,11.89,-0.01,23,27354,卖盘
1797,13:14:52,11.89,0.0,12,14268,卖盘
1798,13:14:55,11.89,0.0,9,10701,买盘
1799,13:15:01,11.88,-0.01,16,19008,卖盘
1800,13:15:04,11.89,0.01,8,9512,买盘
1801,13:15:07,11.88,-0.01,50,59443,卖盘
1802,13:15:13,11.88,0.0,24,28512,卖盘
1803,13:15:18,11.88,0.0,1,1188,卖盘
1804,13:15:28,11.88,0.0,3,3564,卖盘
1805,13:15:37,11.88,0.0,20,23760,卖盘
1806,13:15:42,11.92,0.04,89,105923,买盘
1807,13:15:45,11.92,0.0,4,4768,卖盘
1808,13:15:58,11.94,0.02,8,9552,买盘
1809,13:16:01,11.92,-0.02,151,179992,卖盘
1810,13:16:06,11.92,0.0,47,56024,卖盘
1811,13:16:09,11.92,0.0,9,10728,卖盘
1812,13:16:13,11.92,0.0,2,2384,买盘
1813,13:16:16,11.92,0.0,3,3576,卖盘
1814,13:16:19,11.92,0.0,7,8344,卖盘
1815,13:16:30,11.93,0.01,10,11930,买盘
1816,13:16:36,11.93,0.0,13,15508,买盘
1817,13:16:39,11.93,0.0,7,8351,卖盘
1818,13:16:42,11.93,0.0,10,11930,卖盘
1819,13:17:04,11.93,0.0,8,9544,卖盘
1820,13:17:10,11.93,0.0,4,4772,买盘
1821,13:17:12,11.93,0.0,45,53685,卖盘
1822,13:17:19,11.93,0.0,18,21474,买盘
1823,13:17:24,11.92,-0.01,148,176416,卖盘
1824,13:17:30,11.93,0.01,19,22667,买盘
1825,13:17:34,11.92,-0.01,15,17880,卖盘
1826,13:17:37,11.9,-0.02,5,5950,卖盘
1827,13:17:51,11.9,0.0,2,2380,卖盘
1828,13:17:57,11.92,0.02,5,5960,买盘
1829,13:18:25,11.9,-0.02,17,20230,卖盘
1830,13:18:30,11.9,0.0,48,57069,买盘
1831,13:18:37,11.9,0.0,11,13089,买盘
1832,13:18:43,11.88,-0.02,10,11880,卖盘
1833,13:18:46,11.88,0.0,5,5940,卖盘
1834,13:18:48,11.9,0.02,3,3570,买盘
1835,13:18:58,11.9,0.0,20,23800,卖盘
1836,13:19:06,11.89,-0.01,4,4756,卖盘
1837,13:19:12,11.9,0.01,12,14280,买盘
1838,13:19:16,11.9,0.0,1,1190,买盘
1839,13:19:19,11.89,-0.01,6,7134,卖盘
1840,13:19:25,11.9,0.01,16,19028,买盘
1841,13:19:33,11.89,-0.01,6,7134,买盘
1842,13:19:37,11.88,-0.01,20,23778,卖盘
1843,13:19:40,11.88,0.0,11,13076,卖盘
1844,13:19:48,11.89,0.01,28,33267,买盘
1845,13:19:52,11.89,0.0,7,8323,卖盘
1846,13:19:55,11.89,0.0,3,3567,卖盘
1847,13:19:58,11.9,0.01,9,10710,买盘
1848,13:20:01,11.89,-0.01,17,20215,卖盘
1849,13:20:07,11.88,-0.01,46,54648,卖盘
1850,13:20:10,11.88,0.0,3,3564,卖盘
1851,13:20:13,11.89,0.01,3,3567,买盘
1852,13:20:25,11.89,0.0,2,2378,买盘
1853,13:20:28,11.89,0.0,8,9512,买盘
1854,13:20:37,11.9,0.01,11,13090,买盘
1855,13:20:46,11.9,0.0,29,34510,买盘
1856,13:20:49,11.9,0.0,10,11900,卖盘
1857,13:20:55,11.9,0.0,33,39270,卖盘
1858,13:20:58,11.9,0.0,25,29755,卖盘
1859,13:21:01,11.9,0.0,11,13090,买盘
1860,13:21:04,11.9,0.0,1,1190,卖盘
1861,13:21:07,11.9,0.0,1,1190,买盘
1862,13:21:10,11.9,0.0,3,3570,买盘
1863,13:21:25,11.9,0.0,4,4760,卖盘
1864,13:22:07,11.9,0.0,89,105888,卖盘
1865,13:22:22,11.93,0.03,14,16702,买盘
1866,13:22:25,11.93,0.0,10,11930,卖盘
1867,13:22:28,11.91,-0.02,25,29812,卖盘
1868,13:22:34,11.94,0.03,2,2388,买盘
1869,13:22:48,11.94,0.0,20,23880,买盘
1870,13:22:55,11.94,0.0,5,5970,买盘
1871,13:23:01,11.94,0.0,5,5969,买盘
1872,13:23:06,11.95,0.01,2,2390,买盘
1873,13:23:09,11.95,0.0,17,20315,买盘
1874,13:23:19,11.97,0.02,76,90908,买盘
1875,13:23:28,11.98,0.01,5,5990,买盘
1876,13:23:36,11.98,0.0,8,9584,买盘
1877,13:23:46,11.99,0.01,43,51557,买盘
1878,13:23:52,12.0,0.01,3,3600,买盘
1879,13:23:55,12.0,0.0,10,12000,买盘
1880,13:23:58,12.0,0.0,25,30000,买盘
1881,13:24:01,12.0,0.0,20,24000,买盘
1882,13:24:04,12.0,0.0,38,45600,买盘
1883,13:24:07,12.0,0.0,8,9600,买盘
1884,13:24:12,12.0,0.0,11,13200,卖盘
1885,13:24:22,12.0,0.0,4,4800,卖盘
1886,13:24:40,12.0,0.0,2,2400,卖盘
1887,13:24:43,12.01,0.01,10,12002,买盘
1888,13:24:49,12.01,0.0,8,9605,买盘
1889,13:24:52,12.01,0.0,33,39623,买盘
1890,13:25:01,12.02,0.01,5,6010,买盘
1891,13:25:07,12.02,0.0,14,16828,买盘
1892,13:25:10,12.02,0.0,3,3606,买盘
1893,13:25:21,12.02,0.0,23,27646,买盘
1894,13:25:28,12.03,0.01,52,62526,买盘
1895,13:25:34,12.02,-0.01,12,14424,买盘
1896,13:25:37,12.02,0.0,8,9616,卖盘
1897,13:25:39,12.03,0.01,46,55338,买盘
1898,13:25:43,12.02,-0.01,8,9616,卖盘
1899,13:25:57,12.02,0.0,10,12020,买盘
1900,13:26:01,12.02,0.0,1,1202,买盘
1901,13:26:07,12.02,0.0,49,58902,卖盘
1902,13:26:10,12.02,0.0,7,8414,卖盘
1903,13:26:16,12.03,0.01,28,33684,买盘
1904,13:26:28,12.04,0.01,5,6020,买盘
1905,13:26:31,12.04,0.0,1,1204,买盘
1906,13:26:33,12.04,0.0,3,3612,买盘
1907,13:26:39,12.04,0.0,4,4816,买盘
1908,13:26:42,12.05,0.01,15,18065,买盘
1909,13:26:49,12.05,0.0,11,13255,买盘
1910,13:26:52,12.05,0.0,21,25305,买盘
1911,13:26:58,12.04,-0.01,30,36146,卖盘
1912,13:27:04,12.05,0.01,15,18075,卖盘
1913,13:27:09,12.05,0.0,21,25295,买盘
1914,13:27:12,12.04,-0.01,13,15656,卖盘
1915,13:27:16,12.04,0.0,5,6020,买盘
1916,13:27:18,12.03,-0.01,19,22881,卖盘
1917,13:27:31,12.03,0.0,30,36110,卖盘
1918,13:27:33,12.05,0.02,3,3615,买盘
1919,13:27:43,12.03,-0.02,6,7220,卖盘
1920,13:27:46,12.03,0.0,3,3609,卖盘
1921,13:27:49,12.03,0.0,5,6015,卖盘
1922,13:27:52,12.03,0.0,50,60180,卖盘
1923,13:28:01,12.04,0.01,25,30080,买盘
1924,13:28:04,12.04,0.0,135,162366,买盘
1925,13:28:13,12.02,-0.02,8,9616,卖盘
1926,13:28:16,12.02,0.0,4,4808,买盘
1927,13:28:22,12.01,-0.01,4,4804,卖盘
1928,13:28:27,12.01,0.0,5,6005,卖盘
1929,13:28:30,12.02,0.01,33,39661,买盘
1930,13:28:37,12.01,-0.01,3,3603,卖盘
1931,13:28:39,12.02,0.01,11,13217,买盘
1932,13:28:46,12.02,0.0,4,4808,买盘
1933,13:28:49,12.0,-0.02,83,99623,卖盘
1934,13:29:01,12.01,0.01,4,4804,卖盘
1935,13:29:04,12.01,0.0,6,7206,卖盘
1936,13:29:07,12.02,0.01,15,18030,买盘
1937,13:29:19,12.03,0.01,8,9624,买盘
1938,13:29:25,12.03,0.0,7,8421,买盘
1939,13:29:28,12.03,0.0,2,2406,买盘
1940,13:29:31,12.03,0.0,11,13233,买盘
1941,13:29:36,12.03,0.0,26,31278,卖盘
1942,13:29:40,12.05,0.02,9,10833,买盘
1943,13:29:43,12.05,0.0,10,12050,买盘
1944,13:29:49,12.05,0.0,12,14460,买盘
1945,13:29:55,12.05,0.0,2,2410,买盘
1946,13:29:58,12.05,0.0,20,24100,买盘
1947,13:30:04,12.03,-0.02,4,4812,卖盘
1948,13:30:09,12.02,-0.01,9,10818,卖盘
1949,13:30:12,12.02,0.0,14,16828,卖盘
1950,13:30:19,12.02,0.0,10,12020,买盘
1951,13:30:25,12.01,-0.01,50,60092,卖盘
1952,13:30:31,12.05,0.04,30,36140,买盘
1953,13:30:33,12.01,-0.04,52,62467,卖盘
1954,13:30:51,12.04,0.03,1,1204,买盘
1955,13:30:55,12.04,0.0,4,4816,买盘
1956,13:31:04,12.03,-0.01,105,126418,卖盘
1957,13:31:10,12.01,-0.02,51,61284,卖盘
1958,13:31:16,12.04,0.03,10,12037,买盘
1959,13:31:30,12.03,-0.01,10,12030,买盘
1960,13:31:34,12.03,0.0,24,28872,卖盘
1961,13:31:37,12.03,0.0,9,10827,卖盘
1962,13:31:43,12.03,0.0,4,4812,卖盘
1963,13:31:52,12.03,0.0,6,7218,买盘
1964,13:32:04,12.03,0.0,5,6015,买盘
1965,13:32:07,12.03,0.0,9,10827,卖盘
1966,13:32:13,12.03,0.0,9,10827,卖盘
1967,13:32:25,12.02,-0.01,2,2404,卖盘
1968,13:32:28,12.02,0.0,2,2404,卖盘
1969,13:32:34,12.02,0.0,2,2404,卖盘
1970,13:32:43,12.01,-0.01,21,25221,卖盘
1971,13:32:55,12.02,0.01,2,2404,买盘
1972,13:33:10,12.01,-0.01,21,25221,卖盘
1973,13:33:13,12.01,0.0,4,4804,买盘
1974,13:33:19,12.01,0.0,1,1201,买盘
1975,13:33:21,12.01,0.0,4,4804,买盘
1976,13:33:28,12.01,0.0,9,10809,卖盘
1977,13:33:31,12.01,0.0,12,14412,卖盘
1978,13:33:34,12.01,0.0,37,44470,卖盘
1979,13:33:49,12.0,-0.01,30,36000,卖盘
1980,13:33:52,12.0,0.0,17,20400,卖盘
1981,13:33:55,12.01,0.01,21,25215,买盘
1982,13:33:58,12.0,-0.01,13,15601,卖盘
1983,13:34:04,12.02,0.02,3,3606,买盘
1984,13:34:18,12.01,-0.01,30,36030,买盘
1985,13:34:21,12.01,0.0,5,6005,买盘
1986,13:34:24,12.01,0.0,3,3603,买盘
1987,13:34:27,12.01,0.0,4,4804,买盘
1988,13:34:37,12.02,0.01,5,6010,买盘
1989,13:34:45,12.02,0.0,10,12020,买盘
1990,13:34:48,12.02,0.0,8,9616,买盘
1991,13:34:51,12.01,-0.01,12,14414,卖盘
1992,13:35:04,12.02,0.01,9,10818,买盘
1993,13:35:07,12.03,0.01,20,24042,买盘
1994,13:35:22,12.03,0.0,69,83007,买盘
1995,13:35:31,12.04,0.01,11,13244,买盘
1996,13:35:33,12.04,0.0,16,19264,买盘
1997,13:35:43,12.03,-0.01,1,1203,卖盘
1998,13:35:46,12.04,0.01,50,60200,买盘
1999,13:35:51,12.04,0.0,46,55384,买盘
2000,13:35:54,12.05,0.01,10,12050,买盘
2001,13:36:01,12.05,0.0,106,127730,买盘
2002,13:36:04,12.05,0.0,5,6025,卖盘
2003,13:36:07,12.06,0.01,5,6030,买盘
2004,13:36:10,12.06,0.0,54,65124,买盘
2005,13:36:13,12.07,0.01,21,25344,买盘
2006,13:36:22,12.09,0.02,44,53342,买盘
2007,13:36:30,12.09,0.0,10,12090,买盘
2008,13:36:34,12.1,0.01,43,52011,买盘
2009,13:36:37,12.1,0.0,6,7260,买盘
2010,13:36:40,12.1,0.0,16,19360,买盘
2011,13:36:43,12.1,0.0,8,9680,买盘
2012,13:36:45,12.12,0.02,51,61756,买盘
2013,13:36:49,12.09,-0.03,63,76317,卖盘
2014,13:36:55,12.1,0.01,13,15730,卖盘
2015,13:36:58,12.1,0.0,1,1210,买盘
2016,13:37:01,12.12,0.02,17,20582,买盘
2017,13:37:04,12.09,-0.03,48,58032,卖盘
2018,13:37:06,12.11,0.02,47,56917,买盘
2019,13:37:13,12.11,0.0,5,6055,买盘
2020,13:37:19,12.11,0.0,4,4844,卖盘
2021,13:37:22,12.11,0.0,18,21798,买盘
2022,13:37:28,12.11,0.0,10,12110,买盘
2023,13:37:31,12.1,-0.01,19,23005,卖盘
2024,13:37:33,12.09,-0.01,42,50794,卖盘
2025,13:37:37,12.09,0.0,2,2418,卖盘
2026,13:37:40,12.09,0.0,1,1209,卖盘
2027,13:37:45,12.1,0.01,9,10890,买盘
2028,13:37:48,12.09,-0.01,21,25389,卖盘
2029,13:37:55,12.08,-0.01,8,9507,卖盘
2030,13:38:04,12.07,-0.01,19,22950,卖盘
2031,13:38:10,12.07,0.0,16,19312,卖盘
2032,13:38:13,12.08,0.01,41,49518,买盘
2033,13:38:18,12.08,0.0,12,14496,买盘
2034,13:38:22,12.07,-0.01,11,13278,卖盘
2035,13:38:25,12.07,0.0,117,141219,卖盘
2036,13:38:30,12.05,-0.02,9,10845,卖盘
2037,13:38:33,12.07,0.02,45,54315,买盘
2038,13:38:39,12.07,0.0,8,9656,卖盘
2039,13:38:43,12.07,0.0,90,108630,卖盘
2040,13:38:45,12.08,0.01,32,38656,买盘
2041,13:38:57,12.07,-0.01,25,30175,买盘
2042,13:39:01,12.07,0.0,9,10863,卖盘
2043,13:39:04,12.08,0.01,18,21744,买盘
2044,13:39:06,12.07,-0.01,10,12070,卖盘
2045,13:39:15,12.07,0.0,20,24140,买盘
2046,13:39:19,12.07,0.0,32,38564,买盘
2047,13:39:21,12.07,0.0,20,24140,买盘
2048,13:39:31,12.07,0.0,5,6035,卖盘
2049,13:39:37,12.07,0.0,10,12070,卖盘
2050,13:39:46,12.07,0.0,10,12070,卖盘
2051,13:39:49,12.07,0.0,15,18105,卖盘
2052,13:39:58,12.07,0.0,8,9656,买盘
2053,13:40:15,12.05,-0.02,12,14460,卖盘
2054,13:40:22,12.05,0.0,1,1205,卖盘
2055,13:40:27,12.05,0.0,71,85555,卖盘
2056,13:40:30,12.05,0.0,23,27715,卖盘
2057,13:40:43,12.05,0.0,7,8435,买盘
2058,13:40:45,12.05,0.0,4,4820,买盘
2059,13:40:55,12.05,0.0,1,1205,买盘
2060,13:41:07,12.05,0.0,16,19280,买盘
2061,13:41:21,12.05,0.0,10,12050,卖盘
2062,13:41:25,12.07,0.02,28,33768,买盘
2063,13:41:28,12.04,-0.03,17,20468,卖盘
2064,13:41:34,12.05,0.01,3,3615,买盘
2065,13:41:42,12.05,0.0,14,16870,卖盘
2066,13:41:49,12.05,0.0,5,6025,卖盘
2067,13:41:58,12.05,0.0,1,1205,卖盘
2068,13:42:00,12.05,0.0,12,14469,卖盘
2069,13:42:04,12.07,0.02,42,50648,买盘
2070,13:42:07,12.07,0.0,3,3621,卖盘
2071,13:42:30,12.07,0.0,56,67592,卖盘
2072,13:42:33,12.08,0.01,16,19328,买盘
2073,13:42:39,12.08,0.0,10,12080,买盘
2074,13:42:43,12.08,0.0,6,7248,卖盘
2075,13:42:48,12.08,0.0,10,12084,卖盘
2076,13:42:51,12.08,0.0,27,32616,买盘
2077,13:43:04,12.08,0.0,19,22956,卖盘
2078,13:43:09,12.08,0.0,5,6040,买盘
2079,13:43:19,12.07,-0.01,240,289691,卖盘
2080,13:43:25,12.07,0.0,11,13277,买盘
2081,13:43:30,12.07,0.0,1,1207,卖盘
2082,13:43:36,12.08,0.01,1,1208,买盘
2083,13:43:40,12.07,-0.01,9,10863,卖盘
2084,13:43:42,12.07,0.0,13,15691,买盘
2085,13:43:49,12.07,0.0,1,1207,买盘
2086,13:43:57,12.07,0.0,8,9656,买盘
2087,13:44:13,12.05,-0.02,32,38564,卖盘
2088,13:44:21,12.06,0.01,66,79596,买盘
2089,13:44:25,12.05,-0.01,81,97639,卖盘
2090,13:44:33,12.04,-0.01,1,1204,卖盘
2091,13:44:36,12.08,0.04,101,121891,买盘
2092,13:44:39,12.04,-0.04,17,20468,卖盘
2093,13:44:48,12.04,0.0,9,10836,卖盘
2094,13:44:52,12.04,0.0,22,26488,买盘
2095,13:45:00,12.04,0.0,41,49364,买盘
2096,13:45:04,12.04,0.0,18,21672,买盘
2097,13:45:06,12.04,0.0,1,1204,买盘
2098,13:45:10,12.03,-0.01,24,28872,卖盘
2099,13:45:16,12.03,0.0,7,8421,卖盘
2100,13:45:28,12.02,-0.01,20,24040,卖盘
2101,13:45:31,12.01,-0.01,85,102097,卖盘
2102,13:45:37,12.01,0.0,17,20417,卖盘
2103,13:45:42,12.01,0.0,15,18015,卖盘
2104,13:45:51,12.01,0.0,32,38432,卖盘
2105,13:45:54,12.01,0.0,26,31226,卖盘
2106,13:46:04,12.02,0.01,1,1202,中性盘
2107,13:46:13,12.04,0.02,1,1204,买盘
2108,13:46:16,12.02,-0.02,10,12020,卖盘
2109,13:46:34,12.02,0.0,24,28848,卖盘
2110,13:46:37,12.02,0.0,2,2404,卖盘
2111,13:46:43,12.02,0.0,58,69720,卖盘
2112,13:46:49,12.02,0.0,10,12020,卖盘
2113,13:46:58,12.01,-0.01,1,1201,卖盘
2114,13:47:00,12.01,0.0,117,140517,卖盘
2115,13:47:16,12.01,0.0,5,6005,买盘
2116,13:47:19,12.0,-0.01,7,8400,卖盘
2117,13:47:22,12.0,0.0,5,6000,卖盘
2118,13:47:25,12.0,0.0,201,241200,卖盘
2119,13:47:28,12.0,0.0,66,79202,卖盘
2120,13:47:31,12.0,0.0,9,10800,卖盘
2121,13:47:33,12.01,0.01,3,3601,买盘
2122,13:47:36,11.99,-0.02,11,13189,卖盘
2123,13:47:42,11.99,0.0,4,4796,卖盘
2124,13:47:49,11.99,0.0,24,28779,卖盘
2125,13:47:51,11.99,0.0,20,23980,卖盘
2126,13:47:54,11.99,0.0,10,11990,卖盘
2127,13:47:58,11.99,0.0,1,1199,卖盘
2128,13:48:06,11.99,0.0,10,11990,卖盘
2129,13:48:13,11.98,-0.01,23,27558,卖盘
2130,13:48:16,11.99,0.01,20,23980,卖盘
2131,13:48:25,12.0,0.01,19,22784,买盘
2132,13:48:28,11.98,-0.02,29,34742,卖盘
2133,13:48:37,11.98,0.0,7,8386,买盘
2134,13:48:40,11.98,0.0,24,28752,买盘
2135,13:49:00,11.98,0.0,77,92368,卖盘
2136,13:49:07,11.98,0.0,3,3594,卖盘
2137,13:49:18,11.98,0.0,33,39543,卖盘
2138,13:49:42,11.99,0.01,11,13189,买盘
2139,13:49:49,11.99,0.0,17,20383,买盘
2140,13:50:07,12.0,0.01,6,7200,买盘
2141,13:50:10,12.0,0.0,8,9600,买盘
2142,13:50:16,12.0,0.0,2,2400,买盘
2143,13:50:22,12.0,0.0,5,6000,卖盘
2144,13:50:33,12.01,0.01,13,15613,买盘
2145,13:50:40,12.01,0.0,11,13211,买盘
2146,13:50:43,12.0,-0.01,10,12004,卖盘
2147,13:50:52,12.0,0.0,7,8400,卖盘
2148,13:50:55,12.0,0.0,11,13200,买盘
2149,13:51:00,12.0,0.0,7,8400,买盘
2150,13:51:06,12.0,0.0,3,3600,卖盘
2151,13:51:09,12.0,0.0,21,25200,买盘
2152,13:51:24,11.99,-0.01,2,2398,卖盘
2153,13:51:31,11.99,0.0,10,11990,卖盘
2154,13:51:37,11.99,0.0,14,16796,卖盘
2155,13:51:48,11.99,0.0,20,23980,卖盘
2156,13:52:04,11.99,0.0,36,43164,卖盘
2157,13:52:07,11.99,0.0,44,52756,卖盘
2158,13:52:10,11.99,0.0,26,31174,卖盘
2159,13:52:16,11.99,0.0,8,9592,卖盘
2160,13:52:19,11.99,0.0,28,33572,卖盘
2161,13:52:30,11.99,0.0,6,7194,卖盘
2162,13:52:33,11.99,0.0,6,7194,卖盘
2163,13:53:07,11.99,0.0,5,5995,卖盘
2164,13:53:15,12.0,0.01,3,3600,买盘
2165,13:53:19,11.99,-0.01,2,2398,卖盘
2166,13:53:24,12.0,0.01,1,1200,买盘
2167,13:53:36,12.0,0.0,10,12000,买盘
2168,13:53:58,12.0,0.0,65,77970,买盘
2169,13:54:01,11.99,-0.01,3,3597,卖盘
2170,13:54:04,12.0,0.01,10,12000,买盘
2171,13:54:10,12.0,0.0,10,12000,买盘
2172,13:54:25,11.99,-0.01,2,2398,卖盘
2173,13:54:43,12.0,0.01,47,56366,买盘
2174,13:54:55,12.0,0.0,131,157200,买盘
2175,13:55:06,11.99,-0.01,18,21582,卖盘
2176,13:55:13,12.0,0.01,9,10800,买盘
2177,13:55:25,11.99,-0.01,13,15587,卖盘
2178,13:55:27,11.99,0.0,2,2398,买盘
2179,13:55:31,11.99,0.0,19,22781,买盘
2180,13:55:34,11.98,-0.01,15,17970,卖盘
2181,13:55:37,11.99,0.01,2,2398,买盘
2182,13:55:40,11.98,-0.01,10,11980,卖盘
2183,13:56:01,11.98,0.0,8,9584,买盘
2184,13:56:04,11.98,0.0,2,2396,买盘
2185,13:56:07,11.97,-0.01,24,28738,卖盘
2186,13:56:10,11.97,0.0,10,11970,卖盘
2187,13:56:18,11.97,0.0,30,35910,卖盘
2188,13:56:22,11.98,0.01,31,37115,买盘
2189,13:56:28,11.98,0.0,17,20366,卖盘
2190,13:56:40,11.99,0.01,24,28755,买盘
2191,13:56:58,11.99,0.0,3,3597,买盘
2192,13:57:07,11.99,0.0,8,9592,买盘
2193,13:57:12,11.99,0.0,15,17985,买盘
2194,13:57:19,11.99,0.0,1,1199,买盘
2195,13:57:31,11.99,0.0,70,83910,买盘
2196,13:57:43,11.99,0.0,10,11990,买盘
2197,13:57:46,11.99,0.0,8,9592,买盘
2198,13:57:54,12.0,0.01,83,99600,买盘
2199,13:58:03,12.0,0.0,16,19198,买盘
2200,13:58:07,12.0,0.0,12,14400,买盘
2201,13:58:13,12.0,0.0,4,4800,卖盘
2202,13:58:25,12.0,0.0,26,31200,卖盘
2203,13:58:42,12.01,0.01,2,2402,买盘
2204,13:58:52,12.0,-0.01,226,271212,卖盘
2205,13:58:54,12.0,0.0,3,3600,买盘
2206,13:59:01,12.0,0.0,3,3600,买盘
2207,13:59:04,12.0,0.0,34,40800,买盘
2208,13:59:07,12.0,0.0,2,2400,买盘
2209,13:59:10,12.0,0.0,10,12000,买盘
2210,13:59:13,12.0,0.0,89,106800,买盘
2211,13:59:19,12.0,0.0,26,31200,卖盘
2212,13:59:22,12.0,0.0,85,102000,卖盘
2213,13:59:25,12.0,0.0,100,120000,买盘
2214,13:59:30,12.0,0.0,2,2400,卖盘
2215,13:59:42,12.0,0.0,76,91200,卖盘
2216,13:59:49,12.0,0.0,28,33600,卖盘
2217,13:59:54,12.0,0.0,15,18000,卖盘
2218,14:00:00,12.0,0.0,1,1200,卖盘
2219,14:00:04,12.01,0.01,3,3603,买盘
2220,14:00:10,12.01,0.0,19,22819,买盘
2221,14:00:13,12.0,-0.01,33,39600,卖盘
2222,14:00:16,12.01,0.01,2,2402,买盘
2223,14:00:25,12.01,0.0,15,18015,买盘
2224,14:00:31,12.0,-0.01,3,3600,卖盘
2225,14:00:33,12.01,0.01,2,2402,买盘
2226,14:00:43,12.0,-0.01,5,6000,卖盘
2227,14:00:46,12.01,0.01,28,33628,买盘
2228,14:00:55,12.01,0.0,50,60050,买盘
2229,14:01:01,12.0,-0.01,124,148800,卖盘
2230,14:01:04,12.01,0.01,5,6005,买盘
2231,14:01:06,12.01,0.0,1,1201,卖盘
2232,14:01:13,12.0,-0.01,10,12002,卖盘
2233,14:01:21,12.0,0.0,26,31200,卖盘
2234,14:01:24,12.01,0.01,1,1201,买盘
2235,14:01:27,12.01,0.0,15,18015,买盘
2236,14:01:31,12.01,0.0,7,8407,中性盘
2237,14:01:34,11.99,-0.02,24,28798,卖盘
2238,14:01:43,12.01,0.02,18,21588,买盘
2239,14:01:45,12.01,0.0,2,2402,买盘
2240,14:01:49,12.01,0.0,2,2402,买盘
2241,14:01:52,12.01,0.0,48,57564,买盘
2242,14:02:04,12.01,0.0,71,85271,买盘
2243,14:02:07,12.01,0.0,24,28824,中性盘
2244,14:02:10,12.02,0.01,27,32433,买盘
2245,14:02:13,12.02,0.0,3,3606,买盘
2246,14:02:16,12.02,0.0,27,32454,买盘
2247,14:02:19,12.02,0.0,131,157462,买盘
2248,14:02:22,12.02,0.0,26,31252,卖盘
2249,14:02:31,12.04,0.02,15,18050,买盘
2250,14:02:37,12.06,0.02,74,89155,买盘
2251,14:02:46,12.07,0.01,23,27761,买盘
2252,14:02:52,12.08,0.01,17,20536,买盘
2253,14:02:55,12.07,-0.01,24,28968,卖盘
2254,14:02:57,12.08,0.01,58,70064,买盘
2255,14:03:00,12.08,0.0,1,1208,买盘
2256,14:03:04,12.08,0.0,366,441241,买盘
2257,14:03:10,12.09,0.01,1,1209,买盘
2258,14:03:13,12.09,0.0,13,15717,买盘
2259,14:03:19,12.09,0.0,13,15717,买盘
2260,14:03:22,12.09,0.0,28,33852,卖盘
2261,14:03:25,12.09,0.0,38,45923,买盘
2262,14:03:30,12.09,0.0,16,19344,买盘
2263,14:03:40,12.09,0.0,27,32643,买盘
2264,14:03:43,12.09,0.0,1,1209,买盘
2265,14:03:46,12.09,0.0,3,3627,卖盘
2266,14:03:49,12.09,0.0,36,43524,卖盘
2267,14:03:52,12.08,-0.01,10,12080,买盘
2268,14:03:55,12.08,0.0,5,6040,买盘
2269,14:03:58,12.08,0.0,117,140900,买盘
2270,14:04:04,12.08,0.0,19,22952,卖盘
2271,14:04:07,12.08,0.0,4,4832,买盘
2272,14:04:10,12.09,0.01,26,31420,买盘
2273,14:04:15,12.09,0.0,9,10879,买盘
2274,14:04:19,12.1,0.01,75,90742,买盘
2275,14:04:22,12.1,0.0,108,130680,卖盘
2276,14:04:28,12.07,-0.03,6,7242,买盘
2277,14:04:37,12.08,0.01,5,6040,卖盘
2278,14:04:40,12.02,-0.06,100,120336,卖盘
2279,14:04:55,12.04,0.02,26,31343,卖盘
2280,14:05:06,12.04,0.0,37,44563,卖盘
2281,14:05:10,12.02,-0.02,100,120282,卖盘
2282,14:05:19,12.02,0.0,80,96184,卖盘
2283,14:05:22,12.03,0.01,5,6015,卖盘
2284,14:05:27,12.05,0.02,16,19272,中性盘
2285,14:05:34,12.03,-0.02,7,8425,卖盘
2286,14:05:46,12.01,-0.02,100,120185,卖盘
2287,14:05:52,12.04,0.03,3,3612,买盘
2288,14:05:54,12.05,0.01,21,25300,买盘
2289,14:06:19,12.05,0.0,14,16858,买盘
2290,14:06:21,12.05,0.0,8,9640,卖盘
2291,14:06:25,12.05,0.0,18,21694,卖盘
2292,14:06:40,12.05,0.0,12,14460,卖盘
2293,14:06:43,12.05,0.0,7,8435,卖盘
2294,14:06:48,12.05,0.0,27,32535,卖盘
2295,14:06:52,12.05,0.0,10,12050,卖盘
2296,14:06:57,12.05,0.0,3,3615,卖盘
2297,14:07:00,12.05,0.0,10,12050,买盘
2298,14:07:04,12.05,0.0,60,72230,买盘
2299,14:07:07,12.05,0.0,4,4816,买盘
2300,14:07:13,12.05,0.0,16,19280,买盘
2301,14:07:16,12.05,0.0,10,12049,买盘
2302,14:07:19,12.02,-0.03,12,14424,卖盘
2303,14:07:46,12.01,-0.01,70,84078,卖盘
2304,14:07:52,12.0,-0.01,8,9600,卖盘
2305,14:07:58,12.0,0.0,26,31202,卖盘
2306,14:08:04,12.01,0.01,5,6005,买盘
2307,14:08:09,12.0,-0.01,2,2400,卖盘
2308,14:08:16,12.0,0.0,2,2400,买盘
2309,14:08:40,12.0,0.0,1,1200,卖盘
2310,14:08:51,12.01,0.01,56,67256,买盘
2311,14:09:00,12.01,0.0,2,2402,买盘
2312,14:09:04,12.01,0.0,31,37231,买盘
2313,14:09:13,12.01,0.0,3,3603,卖盘
2314,14:09:16,12.02,0.01,10,12020,中性盘
2315,14:09:21,12.05,0.03,3,3615,买盘
2316,14:09:46,12.04,-0.01,3,3612,买盘
2317,14:09:58,12.05,0.01,38,45790,买盘
2318,14:10:01,12.04,-0.01,35,42140,卖盘
2319,14:10:04,12.05,0.01,101,121316,买盘
2320,14:10:19,12.04,-0.01,6,7220,买盘
2321,14:10:24,12.04,0.0,26,31300,买盘
2322,14:10:30,12.0,-0.04,1,1200,卖盘
2323,14:10:37,12.03,0.03,10,12030,买盘
2324,14:10:55,12.01,-0.02,2,2402,卖盘
2325,14:11:03,12.03,0.02,20,24060,买盘
2326,14:11:16,12.03,0.0,15,18045,卖盘
2327,14:11:22,12.03,0.0,30,36097,卖盘
2328,14:11:28,12.03,0.0,36,43308,卖盘
2329,14:11:33,12.03,0.0,13,15639,卖盘
2330,14:11:46,12.02,-0.01,5,6010,卖盘
2331,14:11:57,12.02,0.0,14,16828,卖盘
2332,14:12:07,12.02,0.0,9,10818,买盘
2333,14:12:10,12.02,0.0,14,16828,买盘
2334,14:12:24,12.03,0.01,8,9624,卖盘
2335,14:12:27,12.03,0.0,6,7218,卖盘
2336,14:12:31,12.03,0.0,2,2406,卖盘
2337,14:12:34,12.03,0.0,6,7215,买盘
2338,14:12:37,12.02,-0.01,42,50492,卖盘
2339,14:12:40,12.02,0.0,28,33656,买盘
2340,14:12:43,12.02,0.0,5,6010,买盘
2341,14:12:46,12.04,0.02,35,42085,买盘
2342,14:13:01,12.04,0.0,10,12040,卖盘
2343,14:13:07,12.04,0.0,3,3612,买盘
2344,14:13:22,12.02,-0.02,10,12020,卖盘
2345,14:13:28,12.02,0.0,6,7215,卖盘
2346,14:13:40,12.03,0.01,3,3609,买盘
2347,14:13:46,12.01,-0.02,130,156144,卖盘
2348,14:13:49,12.03,0.02,14,16842,买盘
2349,14:13:55,12.02,-0.01,11,13230,卖盘
2350,14:13:58,12.02,0.0,19,22838,卖盘
2351,14:14:01,12.02,0.0,5,6010,买盘
2352,14:14:04,12.02,0.0,19,22838,买盘
2353,14:14:07,12.01,-0.01,22,26441,卖盘
2354,14:14:13,12.02,0.01,30,36060,卖盘
2355,14:14:19,12.01,-0.01,10,12010,卖盘
2356,14:14:28,12.01,0.0,2,2402,买盘
2357,14:14:31,11.99,-0.02,521,624796,卖盘
2358,14:14:34,11.99,0.0,4,4796,买盘
2359,14:14:42,11.99,0.0,11,13183,买盘
2360,14:14:45,11.98,-0.01,109,130671,卖盘
2361,14:14:51,11.98,0.0,12,14378,卖盘
2362,14:14:55,11.98,0.0,5,5994,卖盘
2363,14:15:07,11.98,0.0,1,1198,卖盘
2364,14:15:10,11.98,0.0,21,25158,卖盘
2365,14:15:12,11.99,0.01,32,38348,卖盘
2366,14:15:24,11.99,0.0,3,3597,卖盘
2367,14:15:28,12.0,0.01,9,10800,买盘
2368,14:15:31,12.0,0.0,2,2400,卖盘
2369,14:15:34,11.99,-0.01,21,25199,卖盘
2370,14:15:40,12.0,0.01,51,61150,买盘
2371,14:16:15,12.0,0.0,1,1200,买盘
2372,14:16:18,11.99,-0.01,4,4796,卖盘
2373,14:16:22,11.99,0.0,12,14388,卖盘
2374,14:16:31,11.99,0.0,7,8393,卖盘
2375,14:16:34,11.99,0.0,23,27577,卖盘
2376,14:16:37,11.99,0.0,24,28776,卖盘
2377,14:16:40,12.0,0.01,5,5998,买盘
2378,14:16:42,11.99,-0.01,5,5995,中性盘
2379,14:16:46,11.98,-0.01,3,3595,卖盘
2380,14:16:49,11.99,0.01,25,29975,买盘
2381,14:16:52,11.99,0.0,2,2398,买盘
2382,14:16:55,11.99,0.0,85,101885,买盘
2383,14:16:58,11.99,0.0,2,2398,买盘
2384,14:17:01,11.98,-0.01,67,80267,卖盘
2385,14:17:04,11.98,0.0,1,1198,买盘
2386,14:17:07,11.98,0.0,2,2396,买盘
2387,14:17:10,11.99,0.01,10,11986,买盘
2388,14:17:12,11.98,-0.01,13,15574,卖盘
2389,14:17:16,11.96,-0.02,107,128097,卖盘
2390,14:17:19,11.99,0.03,3,3597,买盘
2391,14:17:25,11.98,-0.01,20,23973,卖盘
2392,14:17:36,11.99,0.01,10,11990,卖盘
2393,14:17:42,12.0,0.01,10,12000,买盘
2394,14:17:46,11.99,-0.01,68,81517,中性盘
2395,14:17:49,11.98,-0.01,14,16772,卖盘
2396,14:17:52,11.98,0.0,15,17970,买盘
2397,14:17:58,11.99,0.01,5,5995,买盘
2398,14:18:01,11.99,0.0,42,50358,买盘
2399,14:18:07,11.99,0.0,55,65987,卖盘
2400,14:18:10,11.99,0.0,3,3597,买盘
2401,14:18:13,11.99,0.0,14,16786,买盘
2402,14:18:16,11.99,0.0,8,9592,买盘
2403,14:18:19,11.98,-0.01,54,64701,卖盘
2404,14:18:24,11.99,0.01,9,10791,卖盘
2405,14:18:27,11.99,0.0,1,1199,买盘
2406,14:18:33,12.0,0.01,6,7200,买盘
2407,14:18:40,12.0,0.0,51,61200,买盘
2408,14:18:52,12.01,0.01,4,4804,买盘
2409,14:18:55,12.01,0.0,6,7206,买盘
2410,14:18:58,12.02,0.01,4,4808,买盘
2411,14:19:07,12.02,0.0,24,28848,买盘
2412,14:19:13,12.03,0.01,2,2406,买盘
2413,14:19:15,12.04,0.01,128,154102,买盘
2414,14:19:28,12.05,0.01,3,3615,买盘
2415,14:19:31,12.04,-0.01,10,12045,卖盘
2416,14:19:34,12.05,0.01,1,1205,买盘
2417,14:19:40,12.05,0.0,88,106039,买盘
2418,14:19:43,12.05,0.0,14,16870,买盘
2419,14:20:04,12.07,0.02,5,6032,买盘
2420,14:20:07,12.08,0.01,12,14487,买盘
2421,14:20:19,12.06,-0.02,29,34979,卖盘
2422,14:20:21,12.08,0.02,14,16912,买盘
2423,14:20:34,12.08,0.0,9,10872,卖盘
2424,14:20:37,12.08,0.0,14,16912,买盘
2425,14:20:39,12.08,0.0,7,8456,买盘
2426,14:20:43,12.08,0.0,9,10872,买盘
2427,14:20:49,12.07,-0.01,4,4828,中性盘
2428,14:20:54,12.08,0.01,126,152208,买盘
2429,14:20:58,12.07,-0.01,10,12070,卖盘
2430,14:21:01,12.07,0.0,63,75934,买盘
2431,14:21:07,12.07,0.0,1,1207,买盘
2432,14:21:13,12.07,0.0,10,12070,买盘
2433,14:21:27,12.05,-0.02,28,33740,卖盘
2434,14:21:37,12.05,0.0,18,21693,卖盘
2435,14:21:42,12.05,0.0,43,51815,卖盘
2436,14:21:49,12.04,-0.01,35,42154,卖盘
2437,14:22:04,12.04,0.0,36,43344,卖盘
2438,14:22:07,12.04,0.0,13,15652,卖盘
2439,14:22:10,12.04,0.0,35,42140,买盘
2440,14:22:16,12.04,0.0,3,3612,买盘
2441,14:22:19,12.01,-0.03,9,10809,卖盘
2442,14:22:22,12.0,-0.01,9,10800,卖盘
2443,14:22:24,12.01,0.01,1,1201,买盘
2444,14:22:28,12.01,0.0,19,22817,买盘
2445,14:22:31,12.01,0.0,3,3603,买盘
2446,14:22:37,12.01,0.0,8,9608,买盘
2447,14:22:43,12.01,0.0,1,1201,卖盘
2448,14:22:45,12.01,0.0,6,7206,买盘
2449,14:22:55,12.01,0.0,5,6006,卖盘
2450,14:23:06,12.04,0.03,10,12040,买盘
2451,14:23:13,12.02,-0.02,1,1202,卖盘
2452,14:23:31,12.02,0.0,15,18030,买盘
2453,14:23:43,12.03,0.01,1,1203,买盘
2454,14:23:52,12.02,-0.01,10,12023,卖盘
2455,14:23:55,12.02,0.0,21,25242,卖盘
2456,14:23:58,12.03,0.01,3,3609,卖盘
2457,14:24:01,12.04,0.01,246,296184,买盘
2458,14:24:10,12.04,0.0,34,40929,买盘
2459,14:24:22,12.03,-0.01,7,8421,卖盘
2460,14:24:37,12.04,0.01,9,10830,买盘
2461,14:24:40,12.03,-0.01,7,8421,卖盘
2462,14:24:42,12.04,0.01,21,25273,买盘
2463,14:24:49,12.04,0.0,11,13244,买盘
2464,14:24:52,12.04,0.0,10,12040,卖盘
2465,14:24:55,12.04,0.0,12,14448,卖盘
2466,14:25:01,12.05,0.01,5,6025,买盘
2467,14:25:18,12.06,0.01,1,1206,买盘
2468,14:25:21,12.05,-0.01,1,1205,卖盘
2469,14:25:31,12.06,0.01,2,2412,买盘
2470,14:25:34,12.06,0.0,1,1206,买盘
2471,14:25:40,12.06,0.0,10,12060,买盘
2472,14:25:42,12.05,-0.01,100,120501,卖盘
2473,14:25:52,12.07,0.02,20,24140,买盘
2474,14:25:55,12.07,0.0,10,12070,买盘
2475,14:25:58,12.07,0.0,10,12070,买盘
2476,14:26:01,12.07,0.0,226,272582,买盘
2477,14:26:07,12.08,0.01,20,24148,买盘
2478,14:26:10,12.06,-0.02,55,66332,卖盘
2479,14:26:13,12.07,0.01,10,12070,买盘
2480,14:26:16,12.06,-0.01,10,12062,卖盘
2481,14:26:19,12.03,-0.03,100,120371,卖盘
2482,14:26:28,12.03,0.0,15,18045,卖盘
2483,14:26:42,12.03,0.0,3,3610,卖盘
2484,14:26:49,12.03,0.0,100,120300,卖盘
2485,14:26:55,12.03,0.0,22,26486,卖盘
2486,14:26:58,12.06,0.03,53,63915,买盘
2487,14:27:04,12.07,0.01,1,1207,买盘
2488,14:27:07,12.06,-0.01,10,12060,卖盘
2489,14:27:09,12.02,-0.04,100,120237,卖盘
2490,14:27:12,12.06,0.04,31,37326,买盘
2491,14:27:19,12.06,0.0,6,7236,买盘
2492,14:27:25,12.06,0.0,4,4821,买盘
2493,14:27:28,12.02,-0.04,100,120233,卖盘
2494,14:27:49,12.05,0.03,28,33732,买盘
2495,14:27:52,12.02,-0.03,8,9616,卖盘
2496,14:28:04,12.04,0.02,8,9632,买盘
2497,14:28:07,12.04,0.0,1,1204,卖盘
2498,14:28:10,12.05,0.01,5,6025,买盘
2499,14:28:16,12.05,0.0,6,7230,卖盘
2500,14:28:19,12.05,0.0,9,10845,卖盘
2501,14:28:40,12.04,-0.01,3,3612,卖盘
2502,14:28:46,12.04,0.0,13,15652,买盘
2503,14:28:49,12.03,-0.01,22,26466,卖盘
2504,14:28:52,12.03,0.0,24,28872,买盘
2505,14:28:55,12.02,-0.01,48,57696,卖盘
2506,14:28:57,12.02,0.0,17,20434,卖盘
2507,14:29:00,12.03,0.01,2,2406,买盘
2508,14:29:28,12.03,0.0,16,19248,买盘
2509,14:29:31,12.03,0.0,58,69774,买盘
2510,14:29:34,12.03,0.0,84,101052,买盘
2511,14:29:37,12.03,0.0,50,60150,买盘
2512,14:29:40,12.05,0.02,70,84277,买盘
2513,14:29:43,12.02,-0.03,100,120210,卖盘
2514,14:29:46,12.05,0.03,24,28920,买盘
2515,14:29:52,12.05,0.0,12,14460,买盘
2516,14:29:57,12.06,0.01,20,24104,买盘
2517,14:30:00,12.06,0.0,71,85626,买盘
2518,14:30:04,12.05,-0.01,109,131275,卖盘
2519,14:30:13,12.05,0.0,23,27715,买盘
2520,14:30:19,12.05,0.0,45,54225,卖盘
2521,14:30:22,12.02,-0.03,100,120283,卖盘
2522,14:30:25,12.06,0.04,9,10854,买盘
2523,14:30:28,12.05,-0.01,50,60292,卖盘
2524,14:30:31,12.05,0.0,39,46995,买盘
2525,14:30:39,12.05,0.0,85,102419,买盘
2526,14:30:43,12.05,0.0,1,1205,买盘
2527,14:30:46,12.05,0.0,6,7227,买盘
2528,14:30:48,12.05,0.0,50,60250,买盘
2529,14:30:52,12.04,-0.01,48,57832,卖盘
2530,14:30:55,12.05,0.01,58,69890,买盘
2531,14:30:58,12.05,0.0,7,8435,买盘
2532,14:31:01,12.04,-0.01,26,31305,卖盘
2533,14:31:04,12.05,0.01,16,19280,买盘
2534,14:31:13,12.05,0.0,17,20475,买盘
2535,14:31:16,12.04,-0.01,38,45760,卖盘
2536,14:31:19,12.04,0.0,1,1204,买盘
2537,14:31:22,12.04,0.0,1,1204,买盘
2538,14:31:25,12.05,0.01,2,2410,买盘
2539,14:31:31,12.04,-0.01,4,4816,卖盘
2540,14:31:34,12.05,0.01,67,80712,买盘
2541,14:31:42,12.04,-0.01,2,2408,买盘
2542,14:31:45,12.04,0.0,2,2408,买盘
2543,14:31:49,12.04,0.0,60,72260,卖盘
2544,14:31:55,12.04,0.0,100,120400,卖盘
2545,14:32:00,12.05,0.01,20,24100,买盘
2546,14:32:04,12.04,-0.01,13,15652,卖盘
2547,14:32:09,12.04,0.0,2,2408,卖盘
2548,14:32:15,12.04,0.0,100,120400,卖盘
2549,14:32:18,12.04,0.0,13,15652,卖盘
2550,14:32:28,12.04,0.0,28,33712,买盘
2551,14:32:31,12.02,-0.02,103,123845,卖盘
2552,14:32:40,12.04,0.02,5,6020,买盘
2553,14:32:43,12.04,0.0,10,12040,买盘
2554,14:32:46,12.03,-0.01,15,18045,卖盘
2555,14:33:10,12.05,0.02,4,4819,买盘
2556,14:33:15,12.04,-0.01,11,13244,卖盘
2557,14:33:19,12.05,0.01,4,4820,买盘
2558,14:33:22,12.04,-0.01,3,3614,卖盘
2559,14:33:27,12.05,0.01,12,14456,买盘
2560,14:33:34,12.05,0.0,1,1205,买盘
2561,14:33:43,12.05,0.0,20,24100,买盘
2562,14:33:49,12.05,0.0,50,60246,买盘
2563,14:33:55,12.05,0.0,15,18075,买盘
2564,14:33:58,12.05,0.0,126,151750,买盘
2565,14:34:04,12.05,0.0,40,48200,买盘
2566,14:34:07,12.05,0.0,65,78325,买盘
2567,14:34:10,12.06,0.01,10,12060,买盘
2568,14:34:13,12.06,0.0,6,7231,买盘
2569,14:34:15,12.06,0.0,23,27721,买盘
2570,14:34:19,12.05,-0.01,10,12050,卖盘
2571,14:34:22,12.06,0.01,67,80802,买盘
2572,14:34:25,12.06,0.0,18,21708,卖盘
2573,14:34:31,12.06,0.0,41,49446,卖盘
2574,14:34:34,12.07,0.01,39,47073,买盘
2575,14:34:37,12.06,-0.01,34,41004,卖盘
2576,14:34:40,12.07,0.01,73,88060,买盘
2577,14:34:43,12.06,-0.01,4,4824,买盘
2578,14:34:46,12.07,0.01,5,6035,买盘
2579,14:34:49,12.06,-0.01,44,53064,卖盘
2580,14:34:52,12.07,0.01,74,89318,买盘
2581,14:35:01,12.08,0.01,104,125632,买盘
2582,14:35:04,12.09,0.01,11,13299,买盘
2583,14:35:13,12.09,0.0,86,103924,买盘
2584,14:35:16,12.09,0.0,16,19344,买盘
2585,14:35:19,12.09,0.0,48,58023,买盘
2586,14:35:27,12.09,0.0,29,35076,卖盘
2587,14:35:31,12.1,0.01,104,125840,买盘
2588,14:35:34,12.1,0.0,63,76230,买盘
2589,14:35:39,12.11,0.01,4,4844,买盘
2590,14:35:42,12.11,0.0,16,19376,买盘
2591,14:35:49,12.1,-0.01,225,272340,卖盘
2592,14:35:52,12.12,0.02,22,26664,买盘
2593,14:35:58,12.13,0.01,1,1213,买盘
2594,14:36:00,12.13,0.0,22,26676,买盘
2595,14:36:04,12.13,0.0,6,7278,卖盘
2596,14:36:10,12.15,0.02,35,42485,买盘
2597,14:36:16,12.15,0.0,28,34020,买盘
2598,14:36:19,12.16,0.01,15,18240,买盘
2599,14:36:22,12.16,0.0,6,7296,买盘
2600,14:36:28,12.17,0.01,3,3651,买盘
2601,14:36:31,12.17,0.0,27,32859,买盘
2602,14:36:34,12.17,0.0,15,18269,卖盘
2603,14:36:37,12.17,0.0,5,6087,卖盘
2604,14:36:40,12.18,0.01,6,7308,买盘
2605,14:36:43,12.19,0.01,12,14628,买盘
2606,14:36:46,12.18,-0.01,27,32896,卖盘
2607,14:36:49,12.2,0.02,68,82897,买盘
2608,14:36:51,12.19,-0.01,14,17066,卖盘
2609,14:36:54,12.19,0.0,9,10976,卖盘
2610,14:36:58,12.2,0.01,61,74420,买盘
2611,14:37:00,12.2,0.0,35,42688,买盘
2612,14:37:04,12.2,0.0,95,115900,买盘
2613,14:37:06,12.2,0.0,22,26842,卖盘
2614,14:37:09,12.21,0.01,63,76923,买盘
2615,14:37:13,12.21,0.0,4,4884,卖盘
2616,14:37:16,12.22,0.01,18,21983,买盘
2617,14:37:19,12.22,0.0,82,100198,买盘
2618,14:37:22,12.22,0.0,29,35446,卖盘
2619,14:37:25,12.22,0.0,21,25672,卖盘
2620,14:37:28,12.22,0.0,36,43997,卖盘
2621,14:37:34,12.23,0.01,221,270199,买盘
2622,14:37:36,12.18,-0.05,486,593717,卖盘
2623,14:37:40,12.2,0.02,121,147620,买盘
2624,14:37:43,12.2,0.0,1,1220,买盘
2625,14:37:46,12.19,-0.01,105,128030,中性盘
2626,14:37:49,12.18,-0.01,34,41441,卖盘
2627,14:37:51,12.19,0.01,155,188728,中性盘
2628,14:37:54,12.15,-0.04,15,18250,卖盘
2629,14:37:58,12.15,0.0,6,7293,卖盘
2630,14:38:00,12.15,0.0,1,1215,卖盘
2631,14:38:04,12.15,0.0,5,6075,买盘
2632,14:38:06,12.13,-0.02,27,32787,卖盘
2633,14:38:10,12.13,0.0,3,3639,卖盘
2634,14:38:13,12.13,0.0,22,26698,卖盘
2635,14:38:19,12.12,-0.01,20,24240,卖盘
2636,14:38:22,12.13,0.01,14,16977,买盘
2637,14:38:25,12.13,0.0,13,15769,卖盘
2638,14:38:28,12.13,0.0,15,18195,卖盘
2639,14:38:31,12.13,0.0,5,6065,卖盘
2640,14:38:34,12.13,0.0,79,95821,卖盘
2641,14:38:37,12.15,0.02,13,15779,买盘
2642,14:38:43,12.13,-0.02,1,1213,卖盘
2643,14:38:46,12.15,0.02,1,1215,买盘
2644,14:38:49,12.15,0.0,71,86251,买盘
2645,14:38:52,12.13,-0.02,51,61864,卖盘
2646,14:38:55,12.13,0.0,15,18195,买盘
2647,14:38:58,12.14,0.01,211,255944,买盘
2648,14:39:01,12.14,0.0,3,3642,买盘
2649,14:39:04,12.14,0.0,6,7284,买盘
2650,14:39:09,12.13,-0.01,106,128578,卖盘
2651,14:39:13,12.14,0.01,10,12137,买盘
2652,14:39:19,12.14,0.0,30,36438,卖盘
2653,14:39:22,12.15,0.01,21,25515,买盘
2654,14:39:25,12.15,0.0,13,15783,买盘
2655,14:39:31,12.15,0.0,2,2430,卖盘
2656,14:39:34,12.16,0.01,1,1216,中性盘
2657,14:39:37,12.15,-0.01,20,24300,卖盘
2658,14:39:42,12.15,0.0,8,9720,卖盘
2659,14:39:46,12.16,0.01,17,20672,买盘
2660,14:39:49,12.16,0.0,4,4864,卖盘
2661,14:39:55,12.16,0.0,34,41325,卖盘
2662,14:40:01,12.15,-0.01,14,17023,卖盘
2663,14:40:04,12.16,0.01,10,12160,买盘
2664,14:40:07,12.14,-0.02,90,109371,卖盘
2665,14:40:10,12.15,0.01,2,2430,中性盘
2666,14:40:13,12.16,0.01,30,36472,买盘
2667,14:40:15,12.14,-0.02,38,46132,卖盘
2668,14:40:18,12.15,0.01,12,14578,买盘
2669,14:40:21,12.15,0.0,4,4860,卖盘
2670,14:40:25,12.14,-0.01,4,4858,卖盘
2671,14:40:28,12.15,0.01,37,44955,买盘
2672,14:40:31,12.15,0.0,58,70470,卖盘
2673,14:40:37,12.13,-0.02,13,15781,卖盘
2674,14:40:40,12.15,0.02,26,31573,买盘
2675,14:40:43,12.14,-0.01,17,20626,买盘
2676,14:40:46,12.13,-0.01,14,16982,卖盘
2677,14:40:48,12.13,0.0,40,48532,卖盘
2678,14:40:51,12.13,0.0,68,82498,卖盘
2679,14:40:55,12.13,0.0,130,157607,买盘
2680,14:40:58,12.12,-0.01,1,1212,中性盘
2681,14:41:01,12.11,-0.01,31,37575,卖盘
2682,14:41:04,12.11,0.0,62,75082,卖盘
2683,14:41:07,12.11,0.0,10,12110,卖盘
2684,14:41:10,12.1,-0.01,89,107779,卖盘
2685,14:41:16,12.1,0.0,46,55698,卖盘
2686,14:41:19,12.1,0.0,42,50820,卖盘
2687,14:41:22,12.1,0.0,114,137940,卖盘
2688,14:41:25,12.09,-0.01,127,153769,卖盘
2689,14:41:27,12.1,0.01,63,76230,买盘
2690,14:41:34,12.1,0.0,15,18145,买盘
2691,14:41:37,12.1,0.0,1,1210,买盘
2692,14:41:40,12.09,-0.01,23,27807,卖盘
2693,14:41:43,12.09,0.0,8,9672,买盘
2694,14:41:48,12.08,-0.01,76,91808,卖盘
2695,14:41:52,12.07,-0.01,32,38624,卖盘
2696,14:41:54,12.08,0.01,41,49528,买盘
2697,14:41:57,12.07,-0.01,34,41038,卖盘
2698,14:42:01,12.07,0.0,33,39831,卖盘
2699,14:42:07,12.06,-0.01,37,44622,卖盘
2700,14:42:10,12.07,0.01,35,42226,买盘
2701,14:42:16,12.07,0.0,12,14484,买盘
2702,14:42:19,12.07,0.0,24,28968,买盘
2703,14:42:22,12.07,0.0,18,21726,买盘
2704,14:42:25,12.08,0.01,438,529016,买盘
2705,14:42:31,12.08,0.0,3,3624,卖盘
2706,14:42:34,12.09,0.01,24,29016,买盘
2707,14:42:37,12.08,-0.01,69,83352,卖盘
2708,14:42:42,12.08,0.0,50,60400,买盘
2709,14:42:45,12.08,0.0,164,198112,买盘
2710,14:42:49,12.08,0.0,8,9664,卖盘
2711,14:42:55,12.07,-0.01,113,136491,卖盘
2712,14:42:58,12.09,0.02,22,26598,买盘
2713,14:43:04,12.09,0.0,4,4836,买盘
2714,14:43:07,12.09,0.0,17,20553,买盘
2715,14:43:13,12.09,0.0,8,9672,卖盘
2716,14:43:16,12.1,0.01,22,26620,买盘
2717,14:43:19,12.1,0.0,11,13310,买盘
2718,14:43:28,12.1,0.0,49,59262,买盘
2719,14:43:31,12.1,0.0,42,50800,买盘
2720,14:43:34,12.1,0.0,12,14520,卖盘
2721,14:43:37,12.1,0.0,15,18150,卖盘
2722,14:43:40,12.1,0.0,2,2420,卖盘
2723,14:43:43,12.1,0.0,20,24200,买盘
2724,14:43:46,12.11,0.01,62,74992,买盘
2725,14:43:49,12.11,0.0,4,4844,买盘
2726,14:43:52,12.1,-0.01,45,54450,买盘
2727,14:43:55,12.1,0.0,45,54455,买盘
2728,14:43:58,12.1,0.0,2,2420,卖盘
2729,14:44:01,12.11,0.01,40,48440,买盘
2730,14:44:04,12.1,-0.01,3,3630,卖盘
2731,14:44:06,12.11,0.01,68,82340,买盘
2732,14:44:09,12.11,0.0,3,3633,卖盘
2733,14:44:13,12.11,0.0,5,6055,卖盘
2734,14:44:16,12.11,0.0,79,95707,卖盘
2735,14:44:22,12.1,-0.01,2,2420,卖盘
2736,14:44:25,12.1,0.0,63,76235,卖盘
2737,14:44:34,12.09,-0.01,40,48390,卖盘
2738,14:44:37,12.09,0.0,5,6045,卖盘
2739,14:44:39,12.09,0.0,11,13309,卖盘
2740,14:44:46,12.09,0.0,1,1209,卖盘
2741,14:44:49,12.09,0.0,7,8463,卖盘
2742,14:44:52,12.09,0.0,28,33852,卖盘
2743,14:44:55,12.09,0.0,20,24170,买盘
2744,14:45:01,12.08,-0.01,59,71272,卖盘
2745,14:45:04,12.09,0.01,24,28995,买盘
2746,14:45:06,12.08,-0.01,36,43490,卖盘
2747,14:45:09,12.08,0.0,60,72480,卖盘
2748,14:45:13,12.07,-0.01,18,21736,卖盘
2749,14:45:16,12.08,0.01,40,48300,买盘
2750,14:45:19,12.06,-0.02,53,63957,卖盘
2751,14:45:22,12.07,0.01,10,12070,买盘
2752,14:45:28,12.06,-0.01,47,56698,卖盘
2753,14:45:34,12.07,0.01,1,1207,卖盘
2754,14:45:37,12.07,0.0,1,1207,买盘
2755,14:45:43,12.06,-0.01,5,6030,卖盘
2756,14:45:46,12.06,0.0,11,13275,卖盘
2757,14:45:52,12.07,0.01,174,209846,买盘
2758,14:45:55,12.06,-0.01,121,145926,卖盘
2759,14:45:57,12.06,0.0,54,65124,卖盘
2760,14:46:01,12.07,0.01,51,61532,买盘
2761,14:46:04,12.06,-0.01,22,26552,卖盘
2762,14:46:07,12.06,0.0,10,12060,买盘
2763,14:46:10,12.06,0.0,30,36179,买盘
2764,14:46:13,12.08,0.02,258,310891,买盘
2765,14:46:15,12.05,-0.03,16,19288,卖盘
2766,14:46:25,12.05,0.0,4,4820,买盘
2767,14:46:28,12.04,-0.01,21,25291,卖盘
2768,14:46:31,12.03,-0.01,120,144391,卖盘
2769,14:46:34,12.05,0.02,8,9640,卖盘
2770,14:46:37,12.05,0.0,3,3615,卖盘
2771,14:46:46,12.05,0.0,8,9640,卖盘
2772,14:46:49,12.06,0.01,20,24120,买盘
2773,14:46:51,12.06,0.0,25,30126,买盘
2774,14:46:58,12.07,0.01,58,69983,买盘
2775,14:47:01,12.05,-0.02,44,53037,卖盘
2776,14:47:07,12.04,-0.01,1,1204,卖盘
2777,14:47:13,12.04,0.0,39,46962,卖盘
2778,14:47:19,12.05,0.01,34,40959,买盘
2779,14:47:22,12.04,-0.01,19,22888,卖盘
2780,14:47:25,12.04,0.0,9,10841,卖盘
2781,14:47:31,12.05,0.01,13,15665,买盘
2782,14:47:34,12.04,-0.01,19,22889,卖盘
2783,14:47:37,12.05,0.01,6,7225,中性盘
2784,14:47:43,12.04,-0.01,59,71036,卖盘
2785,14:47:46,12.05,0.01,58,69884,买盘
2786,14:47:48,12.04,-0.01,25,30100,卖盘
2787,14:47:51,12.04,0.0,6,7224,卖盘
2788,14:47:54,12.04,0.0,52,62608,卖盘
2789,14:47:58,12.03,-0.01,35,42110,卖盘
2790,14:48:01,12.04,0.01,13,15652,买盘
2791,14:48:04,12.04,0.0,5,6020,买盘
2792,14:48:07,12.04,0.0,8,9632,买盘
