,time,price,change,volume,amount,type
0,09:25:05,17.8,-0.2,98,174440,卖盘
1,09:30:05,17.75,-0.05,19,33793,卖盘
2,09:30:07,17.79,0.04,42,74569,买盘
3,09:30:16,17.75,-0.04,6,10650,买盘
4,09:30:22,17.74,-0.01,1,1774,卖盘
5,09:30:25,17.75,0.01,5,8872,买盘
6,09:30:34,17.73,-0.02,3,5319,卖盘
7,09:30:40,17.75,0.02,29,51471,买盘
8,09:30:46,17.73,-0.02,31,54993,卖盘
9,09:30:52,17.68,-0.05,51,90191,卖盘
10,09:30:55,17.68,0.0,20,35360,买盘
11,09:30:58,17.73,0.05,135,239180,买盘
12,09:31:04,17.61,-0.12,144,254680,卖盘
13,09:31:07,17.66,0.05,10,17660,中性盘
14,09:31:10,17.67,0.01,28,49466,买盘
15,09:31:13,17.61,-0.06,74,130401,卖盘
16,09:31:19,17.62,0.01,3,5286,卖盘
17,09:31:25,17.65,0.03,2,3530,中性盘
18,09:31:31,17.65,0.0,9,15885,卖盘
19,09:31:37,17.68,0.03,2,3536,买盘
20,09:31:40,17.68,0.0,3,5304,买盘
21,09:31:46,17.66,-0.02,115,203029,卖盘
22,09:31:49,17.66,0.0,1,1766,买盘
23,09:31:52,17.65,-0.01,10,17650,卖盘
24,09:31:55,17.65,0.0,15,26475,买盘
25,09:31:58,17.66,0.01,16,28255,买盘
26,09:32:01,17.66,0.0,1,1766,买盘
27,09:32:07,17.65,-0.01,11,19415,买盘
28,09:32:10,17.63,-0.02,7,12341,卖盘
29,09:32:13,17.65,0.02,50,88250,买盘
30,09:32:19,17.63,-0.02,52,91676,卖盘
31,09:32:22,17.65,0.02,30,52928,买盘
32,09:32:28,17.65,0.0,9,15871,买盘
33,09:32:31,17.64,-0.01,70,123530,卖盘
34,09:32:34,17.65,0.01,6,10590,买盘
35,09:32:37,17.65,0.0,8,14120,买盘
36,09:32:40,17.64,-0.01,16,28224,卖盘
37,09:32:46,17.64,0.0,13,22932,买盘
38,09:32:49,17.65,0.01,24,42340,买盘
39,09:32:52,17.65,0.0,8,14120,卖盘
40,09:32:55,17.66,0.01,8,14128,买盘
41,09:33:01,17.66,0.0,4,7063,买盘
42,09:33:10,17.65,-0.01,65,114637,卖盘
43,09:33:13,17.66,0.01,7,12357,买盘
44,09:33:16,17.66,0.0,2,3532,买盘
45,09:33:19,17.65,-0.01,14,24713,卖盘
46,09:33:22,17.64,-0.01,8,14112,买盘
47,09:33:28,17.64,0.0,6,10584,买盘
48,09:33:31,17.66,0.02,19,33544,买盘
49,09:33:34,17.63,-0.03,45,79347,卖盘
50,09:33:37,17.64,0.01,10,17640,买盘
51,09:33:40,17.61,-0.03,106,186772,卖盘
52,09:33:43,17.65,0.04,3,5295,买盘
53,09:33:49,17.65,0.0,4,7060,买盘
54,09:33:52,17.68,0.03,7,12376,买盘
55,09:33:58,17.64,-0.04,204,360029,卖盘
56,09:34:10,17.73,0.09,6,10633,买盘
57,09:34:16,17.72,-0.01,5,8860,卖盘
58,09:34:22,17.72,0.0,68,120496,卖盘
59,09:34:28,17.72,0.0,1,1772,买盘
60,09:34:46,17.72,0.0,10,17719,买盘
61,09:34:49,17.66,-0.06,4,7064,卖盘
62,09:34:58,17.66,0.0,18,31843,卖盘
63,09:35:01,17.66,0.0,1,1766,买盘
64,09:35:04,17.66,0.0,3,5298,卖盘
65,09:35:10,17.68,0.02,8,14144,买盘
66,09:35:16,17.65,-0.03,56,98863,卖盘
67,09:35:25,17.66,0.01,1,1766,买盘
68,09:35:31,17.66,0.0,1,1766,买盘
69,09:35:34,17.65,-0.01,13,22953,卖盘
70,09:35:37,17.66,0.01,5,8830,买盘
71,09:35:40,17.65,-0.01,9,15890,卖盘
72,09:35:46,17.65,0.0,2,3530,卖盘
73,09:35:49,17.65,0.0,45,79430,卖盘
74,09:35:52,17.65,0.0,12,21170,买盘
75,09:35:55,17.65,0.0,12,21180,买盘
76,09:36:04,17.65,0.0,2,3530,中性盘
77,09:36:07,17.64,-0.01,20,35280,卖盘
78,09:36:16,17.62,-0.02,33,58153,卖盘
79,09:36:19,17.63,0.01,7,12341,中性盘
80,09:36:22,17.61,-0.02,45,79301,卖盘
81,09:36:31,17.61,0.0,88,154968,卖盘
82,09:36:34,17.61,0.0,41,72201,卖盘
83,09:36:37,17.61,0.0,20,35215,卖盘
84,09:36:40,17.6,-0.01,18,31689,卖盘
85,09:36:43,17.57,-0.03,8,14056,卖盘
86,09:36:46,17.61,0.04,5,8805,中性盘
87,09:36:52,17.6,-0.01,2,3520,中性盘
88,09:37:04,17.61,0.01,8,14088,买盘
89,09:37:07,17.6,-0.01,14,24640,卖盘
90,09:37:10,17.55,-0.05,49,86025,卖盘
91,09:37:19,17.51,-0.04,20,35045,卖盘
92,09:37:22,17.51,0.0,19,33269,卖盘
93,09:37:34,17.52,0.01,9,15768,卖盘
94,09:37:37,17.55,0.03,59,103335,中性盘
95,09:37:40,17.55,0.0,17,29792,买盘
96,09:37:43,17.55,0.0,1,1755,买盘
97,09:37:46,17.55,0.0,7,12272,买盘
98,09:37:49,17.55,0.0,37,64884,买盘
99,09:37:52,17.55,0.0,5,8775,买盘
100,09:37:55,17.55,0.0,8,14040,买盘
101,09:37:58,17.55,0.0,16,28052,买盘
102,09:38:01,17.55,0.0,37,64836,买盘
103,09:38:04,17.6,0.05,9,15835,买盘
104,09:38:10,17.55,-0.05,4,7020,卖盘
105,09:38:19,17.6,0.05,60,105270,买盘
106,09:38:25,17.55,-0.05,25,43875,卖盘
107,09:38:34,17.55,0.0,12,21090,卖盘
108,09:38:49,17.6,0.05,7,12318,买盘
109,09:38:55,17.56,-0.04,13,22841,卖盘
110,09:39:01,17.58,0.02,5,8790,买盘
111,09:39:10,17.58,0.0,1,1758,买盘
112,09:39:13,17.56,-0.02,1,1756,卖盘
113,09:39:22,17.56,0.0,8,14060,卖盘
114,09:39:28,17.58,0.02,3,5274,买盘
115,09:39:31,17.56,-0.02,30,52698,卖盘
116,09:39:34,17.58,0.02,16,28112,买盘
117,09:39:37,17.56,-0.02,4,7024,卖盘
118,09:39:40,17.56,0.0,25,43900,卖盘
119,09:39:43,17.56,0.0,5,8780,卖盘
120,09:39:52,17.5,-0.06,561,982299,卖盘
121,09:39:55,17.5,0.0,2,3500,买盘
122,09:40:04,17.45,-0.05,41,71557,卖盘
123,09:40:07,17.4,-0.05,20,34892,卖盘
124,09:40:13,17.4,0.0,41,71365,卖盘
125,09:40:16,17.41,0.01,20,34906,中性盘
126,09:40:19,17.41,0.0,1,1741,卖盘
127,09:40:31,17.45,0.04,5,8725,卖盘
128,09:40:34,17.45,0.0,10,17450,卖盘
129,09:40:40,17.45,0.0,10,17477,卖盘
130,09:40:43,17.45,0.0,5,8725,卖盘
131,09:40:49,17.5,0.05,6,10500,买盘
132,09:40:55,17.47,-0.03,23,40184,卖盘
133,09:40:58,17.5,0.03,2,3500,买盘
134,09:41:01,17.47,-0.03,3,5241,卖盘
135,09:41:04,17.46,-0.01,7,12231,卖盘
136,09:41:07,17.47,0.01,1,1747,买盘
137,09:41:10,17.47,0.0,1,1747,买盘
138,09:41:13,17.46,-0.01,55,96163,卖盘
139,09:41:22,17.47,0.01,25,43677,卖盘
140,09:41:25,17.52,0.05,10,17520,买盘
141,09:41:31,17.47,-0.05,8,13979,卖盘
142,09:41:34,17.52,0.05,1,1752,买盘
143,09:41:37,17.46,-0.06,36,62976,卖盘
144,09:41:40,17.46,0.0,7,12222,买盘
145,09:41:43,17.52,0.06,4,7008,买盘
146,09:41:46,17.52,0.0,18,31536,买盘
147,09:41:49,17.52,0.0,12,21024,买盘
148,09:41:52,17.52,0.0,44,77028,买盘
149,09:41:55,17.5,-0.02,88,154020,卖盘
150,09:41:58,17.5,0.0,22,38500,买盘
151,09:42:01,17.5,0.0,28,49000,买盘
152,09:42:04,17.5,0.0,16,28000,买盘
153,09:42:07,17.5,0.0,41,71674,买盘
154,09:42:10,17.5,0.0,8,14000,买盘
155,09:42:13,17.48,-0.02,16,27994,卖盘
156,09:42:16,17.5,0.02,29,50691,买盘
157,09:42:19,17.52,0.02,32,56006,买盘
158,09:42:25,17.5,-0.02,50,87500,卖盘
159,09:42:28,17.52,0.02,1,1752,买盘
160,09:42:34,17.52,0.0,1,1752,买盘
161,09:42:37,17.52,0.0,2,3504,买盘
162,09:42:40,17.52,0.0,1,1752,买盘
163,09:42:43,17.52,0.0,20,35040,买盘
164,09:42:46,17.5,-0.02,34,59508,卖盘
165,09:42:52,17.51,0.01,9,15759,卖盘
166,09:42:58,17.52,0.01,10,17519,买盘
167,09:43:01,17.49,-0.03,45,78736,卖盘
168,09:43:04,17.49,0.0,5,8745,买盘
169,09:43:10,17.52,0.03,6,10512,买盘
170,09:43:16,17.51,-0.01,10,17515,卖盘
171,09:43:31,17.52,0.01,1,1752,买盘
172,09:43:37,17.52,0.0,4,7008,买盘
173,09:43:40,17.52,0.0,5,8760,买盘
174,09:43:43,17.52,0.0,50,87600,买盘
175,09:43:46,17.51,-0.01,1,1751,中性盘
176,09:43:49,17.52,0.01,47,82295,买盘
177,09:44:01,17.56,0.04,1,1756,买盘
178,09:44:10,17.56,0.0,5,8774,买盘
179,09:44:13,17.56,0.0,2,3512,买盘
180,09:44:16,17.56,0.0,1,1756,买盘
181,09:44:25,17.57,0.01,49,86093,买盘
182,09:44:34,17.57,0.0,21,36897,买盘
183,09:44:46,17.57,0.0,10,17570,卖盘
184,09:44:49,17.57,0.0,24,42160,买盘
185,09:44:52,17.58,0.01,10,17580,买盘
186,09:44:55,17.57,-0.01,9,15813,卖盘
187,09:45:10,17.57,0.0,3,5271,买盘
188,09:45:13,17.57,0.0,8,14056,买盘
189,09:45:19,17.53,-0.04,5,8765,卖盘
190,09:45:22,17.57,0.04,3,5271,买盘
191,09:45:25,17.57,0.0,3,5271,买盘
192,09:45:31,17.53,-0.04,4,7012,卖盘
193,09:45:46,17.53,0.0,30,52605,卖盘
194,09:45:58,17.52,-0.01,6,10512,卖盘
195,09:46:04,17.52,0.0,2,3504,卖盘
196,09:46:07,17.52,0.0,15,26280,卖盘
197,09:46:13,17.52,0.0,6,10512,卖盘
198,09:46:28,17.52,0.0,27,47304,卖盘
199,09:46:31,17.53,0.01,5,8765,买盘
200,09:46:34,17.52,-0.01,1,1752,卖盘
201,09:46:37,17.53,0.01,16,28048,买盘
202,09:46:46,17.53,0.0,1,1753,买盘
203,09:46:49,17.53,0.0,23,40319,买盘
204,09:46:52,17.53,0.0,1,1753,买盘
205,09:46:55,17.53,0.0,2,3506,买盘
206,09:46:58,17.53,0.0,16,28048,买盘
207,09:47:01,17.53,0.0,7,12272,卖盘
208,09:47:07,17.52,-0.01,11,19281,卖盘
209,09:47:13,17.52,0.0,8,14019,卖盘
210,09:47:19,17.52,0.0,21,36793,卖盘
211,09:47:22,17.52,0.0,7,12264,买盘
212,09:47:28,17.52,0.0,10,17520,买盘
213,09:47:31,17.51,-0.01,4,7004,卖盘
214,09:47:43,17.52,0.01,5,8760,买盘
215,09:47:49,17.52,0.0,1,1752,买盘
216,09:47:55,17.52,0.0,7,12264,买盘
217,09:48:10,17.51,-0.01,78,136594,卖盘
218,09:48:16,17.51,0.0,24,42024,买盘
219,09:48:19,17.51,0.0,3,5253,买盘
220,09:48:22,17.5,-0.01,15,27408,卖盘
221,09:48:34,17.5,0.0,23,39095,卖盘
222,09:48:40,17.5,0.0,5,8750,买盘
223,09:48:49,17.5,0.0,18,31500,买盘
224,09:48:52,17.49,-0.01,10,17490,卖盘
225,09:48:55,17.5,0.01,10,18655,买盘
226,09:49:04,17.5,0.0,10,17500,卖盘
227,09:49:22,17.53,0.03,3,5259,买盘
228,09:49:28,17.53,0.0,1,1753,买盘
229,09:49:34,17.53,0.0,3,5259,买盘
230,09:49:43,17.53,0.0,1,1753,买盘
231,09:49:52,17.53,0.0,10,17530,买盘
232,09:49:58,17.53,0.0,1,1753,买盘
233,09:50:04,17.53,0.0,20,35060,买盘
234,09:50:07,17.53,0.0,5,8765,买盘
235,09:50:16,17.53,0.0,1,1753,买盘
236,09:50:22,17.53,0.0,10,17530,买盘
237,09:50:25,17.53,0.0,2,3506,买盘
238,09:50:43,17.53,0.0,4,7012,卖盘
239,09:50:55,17.56,0.03,32,56107,买盘
240,09:51:10,17.56,0.0,3,5268,买盘
241,09:51:16,17.56,0.0,2,3512,卖盘
242,09:51:22,17.56,0.0,3,5268,买盘
243,09:51:31,17.56,0.0,11,19316,买盘
244,09:51:34,17.53,-0.03,131,229708,卖盘
245,09:51:37,17.53,0.0,3,5259,买盘
246,09:51:43,17.53,0.0,10,17530,买盘
247,09:51:46,17.53,0.0,4,7012,买盘
248,09:51:52,17.52,-0.01,21,36792,卖盘
249,09:51:55,17.53,0.01,2,3506,买盘
250,09:51:58,17.53,0.0,1,1753,买盘
251,09:52:04,17.52,-0.01,2,3504,卖盘
252,09:52:13,17.53,0.01,1,1753,买盘
253,09:52:28,17.53,0.0,10,17530,买盘
254,09:52:34,17.53,0.0,28,49068,买盘
255,09:52:46,17.53,0.0,7,12269,买盘
256,09:52:49,17.5,-0.03,80,140048,卖盘
257,09:52:52,17.53,0.03,1,1753,买盘
258,09:53:16,17.51,-0.02,4,7004,卖盘
259,09:53:19,17.51,0.0,1,1751,买盘
260,09:53:31,17.5,-0.01,111,193095,卖盘
261,09:53:43,17.5,0.0,5,8750,买盘
262,09:53:46,17.49,-0.01,7,12243,卖盘
263,09:53:52,17.5,0.01,4,7000,买盘
264,09:54:13,17.49,-0.01,23,40247,卖盘
265,09:54:31,17.48,-0.01,14,24472,卖盘
266,09:54:40,17.46,-0.02,100,174710,卖盘
267,09:54:55,17.46,0.0,2,3492,卖盘
268,09:54:58,17.41,-0.05,603,1050644,卖盘
269,09:55:10,17.41,0.0,1,1741,买盘
270,09:55:13,17.41,0.0,40,69640,买盘
271,09:55:16,17.41,0.0,11,19151,买盘
272,09:55:19,17.41,0.0,1,1741,买盘
273,09:55:22,17.4,-0.01,45,78347,卖盘
274,09:55:25,17.41,0.01,82,142689,买盘
275,09:55:34,17.46,0.05,1,1746,买盘
276,09:55:37,17.46,0.0,16,27936,卖盘
277,09:55:40,17.41,-0.05,17,29597,卖盘
278,09:55:43,17.41,0.0,10,17419,卖盘
279,09:55:46,17.46,0.05,1,1746,买盘
280,09:55:52,17.46,0.0,1,1746,买盘
281,09:56:04,17.41,-0.05,80,139323,卖盘
282,09:56:07,17.42,0.01,10,17420,卖盘
283,09:56:19,17.43,0.01,4,6972,中性盘
284,09:56:22,17.45,0.02,25,43577,买盘
285,09:56:37,17.45,0.0,3,5235,卖盘
286,09:56:40,17.46,0.01,44,77974,买盘
287,09:56:43,17.45,-0.01,10,17456,卖盘
288,09:56:46,17.43,-0.02,26,45347,卖盘
289,09:56:49,17.45,0.02,21,36645,买盘
290,09:56:55,17.45,0.0,5,8725,买盘
291,09:57:01,17.45,0.0,2,3490,买盘
292,09:57:04,17.45,0.0,3,5235,买盘
293,09:57:07,17.45,0.0,10,17450,买盘
294,09:57:10,17.44,-0.01,16,27904,买盘
295,09:57:13,17.43,-0.01,10,17430,卖盘
296,09:57:28,17.43,0.0,1,1743,卖盘
297,09:57:33,17.44,0.01,14,24416,买盘
298,09:57:37,17.43,-0.01,3,5229,卖盘
299,09:57:52,17.45,0.02,10,17450,买盘
300,09:57:55,17.44,-0.01,12,20928,卖盘
301,09:57:58,17.44,0.0,1,1744,买盘
302,09:58:04,17.44,0.0,73,127312,买盘
303,09:58:07,17.44,0.0,7,12208,买盘
304,09:58:16,17.44,0.0,3,5232,买盘
305,09:58:19,17.41,-0.03,456,793284,卖盘
306,09:58:22,17.41,0.0,10,17410,买盘
307,09:58:31,17.41,0.0,2,3482,买盘
308,09:58:34,17.41,0.0,2,3482,买盘
309,09:58:37,17.41,0.0,6,10446,买盘
310,09:58:40,17.41,0.0,29,51638,买盘
311,09:58:46,17.44,0.03,55,95920,买盘
312,09:58:52,17.41,-0.03,41,71381,卖盘
313,09:58:58,17.44,0.03,5,8720,买盘
314,09:59:04,17.44,0.0,11,19184,买盘
315,09:59:10,17.41,-0.03,104,181076,卖盘
316,09:59:12,17.44,0.03,5,8720,买盘
317,09:59:22,17.42,-0.02,6,10452,卖盘
318,09:59:31,17.43,0.01,235,409075,买盘
319,09:59:34,17.43,0.0,10,17430,买盘
320,09:59:37,17.43,0.0,50,87150,买盘
321,09:59:42,17.43,0.0,14,24402,买盘
322,09:59:55,17.4,-0.03,105,181557,卖盘
323,09:59:58,17.4,0.0,4,8108,买盘
324,10:00:13,17.39,-0.01,102,176251,卖盘
325,10:00:16,17.39,0.0,41,71299,买盘
326,10:00:19,17.39,0.0,5,8695,买盘
327,10:00:22,17.4,0.01,55,95647,买盘
328,10:00:25,17.4,0.0,10,17400,买盘
329,10:00:31,17.43,0.03,282,490798,买盘
330,10:00:34,17.4,-0.03,2,3480,买盘
331,10:00:37,17.4,0.0,1,1740,买盘
332,10:00:40,17.4,0.0,146,253410,买盘
333,10:00:43,17.39,-0.01,2,3478,中性盘
334,10:00:46,17.4,0.01,20,34791,买盘
335,10:00:49,17.4,0.0,7,12180,卖盘
336,10:01:01,17.4,0.0,12,20883,卖盘
337,10:01:07,17.43,0.03,10,17430,买盘
338,10:01:13,17.43,0.0,136,237048,买盘
339,10:01:15,17.44,0.01,186,325350,买盘
340,10:01:19,17.44,0.0,5,8720,卖盘
341,10:01:37,17.49,0.05,2,3498,买盘
342,10:01:55,17.51,0.02,24,42024,买盘
343,10:02:04,17.49,-0.02,3,5249,卖盘
344,10:02:07,17.51,0.02,9,15759,买盘
345,10:02:16,17.49,-0.02,2,3498,卖盘
346,10:02:19,17.51,0.02,10,17510,买盘
347,10:02:37,17.51,0.0,2,3502,买盘
348,10:02:40,17.51,0.0,1,1751,买盘
349,10:02:43,17.51,0.0,1,1751,买盘
350,10:02:46,17.51,0.0,18,31518,买盘
351,10:02:49,17.51,0.0,4,7004,买盘
352,10:03:07,17.55,0.04,3,5265,买盘
353,10:03:19,17.55,0.0,7,12285,买盘
354,10:03:34,17.56,0.01,9,15804,买盘
355,10:03:43,17.57,0.01,5,8785,买盘
356,10:03:52,17.57,0.0,13,22841,买盘
357,10:03:58,17.57,0.0,20,35125,买盘
358,10:04:04,17.57,0.0,3,5271,买盘
359,10:04:07,17.57,0.0,10,17570,买盘
360,10:04:13,17.51,-0.06,67,117469,卖盘
361,10:04:19,17.57,0.06,20,35140,买盘
362,10:04:37,17.54,-0.03,4,7016,买盘
363,10:05:01,17.54,0.0,2,3508,卖盘
364,10:05:16,17.51,-0.03,43,75331,卖盘
365,10:05:28,17.5,-0.01,1,1750,卖盘
366,10:05:46,17.43,-0.07,288,501227,卖盘
367,10:05:49,17.43,0.0,12,22066,买盘
368,10:05:58,17.5,0.07,2,2345,卖盘
369,10:06:04,17.5,0.0,5,7595,卖盘
370,10:06:07,17.42,-0.08,2,3484,卖盘
371,10:06:13,17.5,0.08,3,5250,买盘
372,10:06:16,17.42,-0.08,2,3484,卖盘
373,10:06:19,17.49,0.07,1,1749,中性盘
374,10:06:25,17.43,-0.06,12,20916,卖盘
375,10:06:31,17.45,0.02,2,3490,卖盘
376,10:06:46,17.45,0.0,1,1745,卖盘
377,10:06:49,17.45,0.0,2,3490,买盘
378,10:06:52,17.45,0.0,8,13988,卖盘
379,10:06:55,17.45,0.0,17,29643,买盘
380,10:06:58,17.45,0.0,2,3490,卖盘
381,10:07:01,17.49,0.04,10,17490,买盘
382,10:07:22,17.49,0.0,10,17484,买盘
383,10:07:52,17.48,-0.01,4,6992,卖盘
384,10:08:04,17.48,0.0,5,8740,买盘
385,10:08:13,17.46,-0.02,9,15724,卖盘
386,10:08:22,17.46,0.0,43,75078,买盘
387,10:08:24,17.46,0.0,1,1746,买盘
388,10:08:27,17.46,0.0,2,3492,买盘
389,10:08:31,17.46,0.0,3,5238,中性盘
390,10:08:43,17.46,0.0,2,3492,买盘
391,10:08:45,17.45,-0.01,50,87260,卖盘
392,10:08:49,17.4,-0.05,500,870573,卖盘
393,10:09:07,17.4,0.0,10,17400,卖盘
394,10:09:25,17.45,0.05,5,8725,买盘
395,10:09:28,17.4,-0.05,200,348025,卖盘
396,10:09:31,17.4,0.0,3,5220,买盘
397,10:09:34,17.4,0.0,18,31320,买盘
398,10:09:37,17.39,-0.01,68,118259,卖盘
399,10:09:40,17.39,0.0,15,26085,买盘
400,10:09:46,17.39,0.0,10,17390,买盘
401,10:09:49,17.38,-0.01,2,3476,卖盘
402,10:09:52,17.39,0.01,21,36515,买盘
403,10:09:55,17.38,-0.01,20,34770,卖盘
404,10:09:58,17.39,0.01,9,15651,买盘
405,10:10:01,17.39,0.0,5,8695,买盘
406,10:10:04,17.38,-0.01,27,46926,卖盘
407,10:10:07,17.38,0.0,51,88614,卖盘
408,10:10:10,17.39,0.01,33,57382,买盘
409,10:10:13,17.39,0.0,5,8695,卖盘
410,10:10:16,17.39,0.0,2,3478,卖盘
411,10:10:19,17.4,0.01,5,8700,买盘
412,10:10:22,17.39,-0.01,15,26085,卖盘
413,10:10:25,17.4,0.01,8,13920,买盘
414,10:10:31,17.4,0.0,15,26100,买盘
415,10:10:34,17.39,-0.01,6,10434,卖盘
416,10:10:40,17.4,0.01,3,5220,买盘
417,10:10:43,17.39,-0.01,8,13914,卖盘
418,10:10:49,17.4,0.01,1,1740,买盘
419,10:10:55,17.4,0.0,8,13916,买盘
420,10:10:58,17.4,0.0,10,17400,买盘
421,10:11:04,17.4,0.0,10,17400,买盘
422,10:11:07,17.4,0.0,11,19140,买盘
423,10:11:10,17.4,0.0,13,22610,买盘
424,10:11:19,17.4,0.0,7,12180,卖盘
425,10:11:25,17.46,0.06,12,20952,买盘
426,10:11:28,17.4,-0.06,16,27840,卖盘
427,10:11:52,17.41,0.01,4,6964,卖盘
428,10:11:58,17.41,0.0,10,17410,买盘
429,10:12:01,17.4,-0.01,102,177482,卖盘
430,10:12:07,17.41,0.01,2,3482,买盘
431,10:12:13,17.4,-0.01,8,13920,卖盘
432,10:12:16,17.41,0.01,5,8705,买盘
433,10:12:19,17.41,0.0,2,3482,卖盘
434,10:12:36,17.41,0.0,12,20892,卖盘
435,10:12:43,17.41,0.0,16,27856,卖盘
436,10:12:49,17.4,-0.01,162,281965,卖盘
437,10:12:52,17.4,0.0,24,41760,买盘
438,10:12:55,17.4,0.0,10,17400,买盘
439,10:13:01,17.4,0.0,5,8700,买盘
440,10:13:04,17.4,0.0,1,1740,买盘
441,10:13:10,17.4,0.0,36,62640,买盘
442,10:13:13,17.4,0.0,15,26100,买盘
443,10:13:18,17.4,0.0,2,3480,买盘
444,10:13:22,17.4,0.0,9,15657,买盘
445,10:13:25,17.4,0.0,7,12180,买盘
446,10:13:28,17.4,0.0,2,3480,买盘
447,10:13:34,17.4,0.0,12,20880,买盘
448,10:13:37,17.4,0.0,54,93960,买盘
449,10:13:52,17.44,0.04,5,8720,买盘
450,10:13:58,17.4,-0.04,30,52223,卖盘
451,10:14:01,17.41,0.01,7,12187,中性盘
452,10:14:04,17.41,0.0,3,5223,买盘
453,10:14:10,17.41,0.0,5,8705,买盘
454,10:14:19,17.41,0.0,5,8705,买盘
455,10:14:40,17.4,-0.01,200,348037,卖盘
456,10:14:49,17.4,0.0,40,69614,卖盘
457,10:14:52,17.4,0.0,3,5220,买盘
458,10:14:55,17.4,0.0,2,3480,买盘
459,10:15:01,17.4,0.0,24,41760,买盘
460,10:15:04,17.4,0.0,1,1740,买盘
461,10:15:07,17.4,0.0,5,8700,买盘
462,10:15:10,17.39,-0.01,3,5217,卖盘
463,10:15:13,17.4,0.01,20,34800,买盘
464,10:15:25,17.39,-0.01,5,8695,卖盘
465,10:15:27,17.39,0.0,14,24357,卖盘
466,10:15:31,17.39,0.0,2,3478,卖盘
467,10:15:33,17.4,0.01,34,59157,买盘
468,10:15:37,17.4,0.0,40,69600,买盘
469,10:15:40,17.39,-0.01,18,31302,卖盘
470,10:15:43,17.4,0.01,2,3480,买盘
471,10:15:46,17.4,0.0,24,41760,买盘
472,10:15:55,17.4,0.0,4,6960,卖盘
473,10:15:58,17.4,0.0,4,6960,卖盘
474,10:16:10,17.4,0.0,1,1740,买盘
475,10:16:18,17.43,0.03,1,1743,买盘
476,10:16:33,17.43,0.0,2,3486,买盘
477,10:16:37,17.43,0.0,10,17430,买盘
478,10:16:46,17.43,0.0,13,22659,买盘
479,10:16:55,17.43,0.0,8,13929,买盘
480,10:17:01,17.43,0.0,17,29598,买盘
481,10:17:07,17.4,-0.03,34,59166,卖盘
482,10:17:10,17.4,0.0,17,29580,卖盘
483,10:17:19,17.43,0.03,1,1743,买盘
484,10:17:22,17.4,-0.03,10,17400,卖盘
485,10:17:25,17.39,-0.01,127,220882,卖盘
486,10:17:28,17.39,0.0,20,34780,买盘
487,10:17:31,17.39,0.0,6,10434,买盘
488,10:17:34,17.4,0.01,25,43480,买盘
489,10:17:43,17.43,0.03,2,3483,买盘
490,10:17:52,17.39,-0.04,25,43479,卖盘
491,10:17:58,17.39,0.0,7,12173,买盘
492,10:18:01,17.43,0.04,6,10453,买盘
493,10:18:04,17.43,0.0,5,8715,买盘
494,10:18:28,17.42,-0.01,1,1742,买盘
495,10:18:37,17.39,-0.03,21,36519,卖盘
496,10:18:40,17.39,0.0,7,12173,买盘
497,10:18:49,17.39,0.0,2,3478,买盘
498,10:18:55,17.39,0.0,6,10434,买盘
499,10:18:58,17.39,0.0,5,8695,买盘
500,10:19:01,17.39,0.0,4,6956,买盘
501,10:19:04,17.39,0.0,2,3478,买盘
502,10:19:19,17.39,0.0,5,8695,卖盘
503,10:19:34,17.41,0.02,10,17410,买盘
504,10:19:40,17.39,-0.02,2,3478,卖盘
505,10:19:43,17.42,0.03,62,107907,买盘
506,10:19:58,17.42,0.0,14,24388,买盘
507,10:20:04,17.39,-0.03,3,5217,卖盘
508,10:20:19,17.42,0.03,5,8710,买盘
509,10:20:25,17.35,-0.07,569,987996,卖盘
510,10:20:28,17.35,0.0,27,46845,买盘
511,10:20:46,17.39,0.04,2,3478,卖盘
512,10:20:52,17.39,0.0,1,1739,卖盘
513,10:21:01,17.33,-0.06,2,3468,卖盘
514,10:21:04,17.39,0.06,1,1739,买盘
515,10:21:07,17.33,-0.06,4,6932,卖盘
516,10:21:22,17.35,0.02,4,6940,卖盘
517,10:21:25,17.33,-0.02,33,57201,卖盘
518,10:21:31,17.33,0.0,1,1733,买盘
519,10:21:34,17.33,0.0,4,6932,买盘
520,10:21:37,17.33,0.0,4,6932,买盘
521,10:21:40,17.33,0.0,5,8665,买盘
522,10:21:43,17.33,0.0,4,6932,买盘
523,10:21:58,17.33,0.0,8,13864,卖盘
524,10:22:10,17.33,0.0,9,15599,卖盘
525,10:22:19,17.33,0.0,5,8665,卖盘
526,10:22:22,17.35,0.02,19,32965,买盘
527,10:22:25,17.33,-0.02,10,17330,卖盘
528,10:22:31,17.35,0.02,50,86750,买盘
529,10:22:34,17.35,0.0,5,8675,买盘
530,10:22:37,17.33,-0.02,54,93583,卖盘
531,10:22:40,17.33,0.0,18,31194,买盘
532,10:22:46,17.34,0.01,31,53733,买盘
533,10:22:49,17.35,0.01,14,24285,买盘
534,10:22:52,17.32,-0.03,37,64084,卖盘
535,10:22:55,17.32,0.0,10,17320,买盘
536,10:22:58,17.32,0.0,8,13856,买盘
537,10:23:01,17.32,0.0,5,8660,买盘
538,10:23:07,17.32,0.0,2,3464,买盘
539,10:23:10,17.32,0.0,20,34640,买盘
540,10:23:13,17.31,-0.01,1,1731,卖盘
541,10:23:19,17.32,0.01,7,12124,买盘
542,10:23:22,17.31,-0.01,40,69240,卖盘
543,10:23:25,17.32,0.01,11,19052,买盘
544,10:23:28,17.31,-0.01,3,5194,卖盘
545,10:23:31,17.3,-0.01,324,560584,卖盘
546,10:23:37,17.31,0.01,12,20773,中性盘
547,10:23:52,17.31,0.0,6,10386,买盘
548,10:23:55,17.3,-0.01,21,36330,卖盘
549,10:23:58,17.3,0.0,12,20760,卖盘
550,10:24:13,17.3,0.0,3,5190,买盘
551,10:24:16,17.27,-0.03,69,119179,卖盘
552,10:24:22,17.27,0.0,13,22451,买盘
553,10:24:42,17.3,0.03,3,5190,买盘
554,10:24:52,17.3,0.0,4,6918,买盘
555,10:24:55,17.3,0.0,8,13840,买盘
556,10:24:58,17.28,-0.02,100,172800,卖盘
557,10:25:07,17.3,0.02,3,5190,买盘
558,10:25:10,17.29,-0.01,5,8647,卖盘
559,10:25:12,17.3,0.01,5,8650,买盘
560,10:25:16,17.3,0.0,7,12110,买盘
561,10:25:22,17.3,0.0,1,1730,买盘
562,10:25:25,17.3,0.0,1,1730,买盘
563,10:25:28,17.3,0.0,7,12110,买盘
564,10:25:31,17.3,0.0,3,5190,买盘
565,10:25:37,17.3,0.0,39,67463,买盘
566,10:25:40,17.3,0.0,8,13840,买盘
567,10:25:55,17.35,0.05,7,12145,买盘
568,10:26:01,17.35,0.0,11,19045,买盘
569,10:26:10,17.35,0.0,3,5205,买盘
570,10:26:33,17.35,0.0,12,20820,买盘
571,10:26:58,17.32,-0.03,3,5196,中性盘
572,10:27:19,17.33,0.01,1,1733,买盘
573,10:27:24,17.33,0.0,2,3466,买盘
574,10:27:43,17.31,-0.02,30,51940,卖盘
575,10:27:52,17.34,0.03,1,1734,买盘
576,10:27:55,17.34,0.0,3,5202,卖盘
577,10:28:01,17.34,0.0,2,3468,卖盘
578,10:28:04,17.35,0.01,15,26015,买盘
579,10:28:07,17.35,0.0,10,17350,买盘
580,10:28:22,17.35,0.0,1,1735,买盘
581,10:28:24,17.35,0.0,20,34700,买盘
582,10:28:28,17.35,0.0,2,3470,买盘
583,10:28:40,17.35,0.0,10,17350,买盘
584,10:28:49,17.35,0.0,10,17350,买盘
585,10:29:13,17.35,0.0,10,17345,买盘
586,10:29:16,17.35,0.0,5,8675,买盘
587,10:29:19,17.35,0.0,1,1735,买盘
588,10:29:28,17.35,0.0,2,3470,买盘
589,10:29:37,17.35,0.0,8,15025,买盘
590,10:30:10,17.37,0.02,1,1737,买盘
591,10:30:28,17.37,0.0,3,5211,买盘
592,10:30:34,17.35,-0.02,19,31820,卖盘
593,10:30:43,17.34,-0.01,3,5202,卖盘
594,10:30:52,17.35,0.01,6,10409,买盘
595,10:31:07,17.33,-0.02,5,8665,卖盘
596,10:31:34,17.31,-0.02,103,178373,卖盘
597,10:31:55,17.32,0.01,12,20784,卖盘
598,10:32:04,17.31,-0.01,20,34620,卖盘
599,10:32:22,17.32,0.01,2,3464,买盘
600,10:32:25,17.31,-0.01,2,3462,卖盘
601,10:32:28,17.3,-0.01,100,173056,卖盘
602,10:32:37,17.3,0.0,100,173029,卖盘
603,10:32:55,17.3,0.0,7,12110,卖盘
604,10:33:01,17.3,0.0,20,34600,卖盘
605,10:33:10,17.31,0.01,1,1731,买盘
606,10:33:19,17.3,-0.01,5,8650,卖盘
607,10:33:31,17.31,0.01,5,8655,买盘
608,10:33:33,17.31,0.0,17,29427,买盘
609,10:33:42,17.3,-0.01,6,10380,卖盘
610,10:33:46,17.31,0.01,10,17304,买盘
611,10:33:49,17.31,0.0,1,1731,买盘
612,10:34:01,17.3,-0.01,5,8650,卖盘
613,10:34:07,17.3,0.0,5,8650,买盘
614,10:34:18,17.29,-0.01,27,46690,卖盘
615,10:34:22,17.29,0.0,1,1729,买盘
616,10:34:33,17.28,-0.01,2,3456,卖盘
617,10:34:40,17.28,0.0,3,5184,卖盘
618,10:34:49,17.28,0.0,5,8640,卖盘
619,10:35:07,17.28,0.0,7,12096,卖盘
620,10:35:10,17.28,0.0,6,10368,卖盘
621,10:35:13,17.28,0.0,61,105408,卖盘
622,10:35:16,17.29,0.01,1,1729,买盘
623,10:35:19,17.28,-0.01,33,57024,卖盘
624,10:35:25,17.28,0.0,2,3456,买盘
625,10:35:28,17.28,0.0,25,43200,买盘
626,10:35:31,17.28,0.0,4,6912,买盘
627,10:35:34,17.28,0.0,40,69120,买盘
628,10:35:37,17.29,0.01,10,17288,买盘
629,10:35:40,17.28,-0.01,5,8640,买盘
630,10:35:46,17.27,-0.01,32,55273,卖盘
631,10:36:01,17.28,0.01,10,17280,卖盘
632,10:36:04,17.28,0.0,5,8640,卖盘
633,10:36:13,17.29,0.01,1,1729,买盘
634,10:36:19,17.28,-0.01,2,3456,卖盘
635,10:36:37,17.29,0.01,26,44954,买盘
636,10:36:40,17.27,-0.02,49,84658,卖盘
637,10:36:52,17.27,0.0,12,20735,卖盘
638,10:37:13,17.29,0.02,2,3458,买盘
639,10:37:19,17.29,0.0,9,15561,买盘
640,10:37:28,17.28,-0.01,10,17280,卖盘
641,10:37:34,17.29,0.01,73,126217,买盘
642,10:37:37,17.27,-0.02,109,188305,卖盘
643,10:37:43,17.27,0.0,18,31086,卖盘
644,10:38:10,17.31,0.04,1,1731,买盘
645,10:38:31,17.3,-0.01,5,8650,买盘
646,10:38:34,17.3,0.0,1,1730,买盘
647,10:38:37,17.3,0.0,1,1730,买盘
648,10:38:40,17.31,0.01,30,51922,买盘
649,10:38:55,17.31,0.0,17,29412,买盘
650,10:38:58,17.31,0.0,109,188679,买盘
651,10:39:04,17.28,-0.03,15,25920,卖盘
652,10:39:10,17.3,0.02,1,1730,买盘
653,10:39:13,17.3,0.0,32,55360,买盘
654,10:39:33,17.29,-0.01,43,74371,卖盘
655,10:39:40,17.27,-0.02,506,874217,卖盘
656,10:39:49,17.27,0.0,10,17270,买盘
657,10:39:52,17.27,0.0,1,1727,买盘
658,10:39:54,17.27,0.0,5,8635,买盘
659,10:39:58,17.26,-0.01,104,179504,卖盘
660,10:40:00,17.26,0.0,7,12082,卖盘
661,10:40:12,17.27,0.01,149,257240,买盘
662,10:40:16,17.26,-0.01,6,10356,卖盘
663,10:40:22,17.26,0.0,5,8630,买盘
664,10:40:25,17.26,0.0,6,10356,买盘
665,10:40:37,17.25,-0.01,13,22435,卖盘
666,10:40:46,17.26,0.01,18,31068,买盘
667,10:41:04,17.26,0.0,2,3452,卖盘
668,10:41:07,17.27,0.01,109,188234,买盘
669,10:41:10,17.26,-0.01,5,8630,卖盘
670,10:41:19,17.27,0.01,9,15537,买盘
671,10:41:39,17.28,0.01,1,1728,卖盘
672,10:41:52,17.27,-0.01,10,17274,卖盘
673,10:42:13,17.3,0.03,20,34599,买盘
674,10:42:16,17.3,0.0,23,39785,买盘
675,10:42:18,17.28,-0.02,23,39744,卖盘
676,10:42:31,17.29,0.01,10,17290,卖盘
677,10:42:37,17.29,0.0,11,19029,卖盘
678,10:43:10,17.29,0.0,3,5187,卖盘
679,10:43:16,17.29,0.0,18,31122,卖盘
680,10:43:37,17.29,0.0,3,5187,买盘
681,10:44:10,17.29,0.0,15,25935,卖盘
682,10:44:16,17.29,0.0,14,24206,买盘
683,10:44:28,17.28,-0.01,17,29376,卖盘
684,10:44:34,17.29,0.01,1,1729,买盘
685,10:44:36,17.28,-0.01,21,36296,卖盘
686,10:44:40,17.28,0.0,1,1728,买盘
687,10:44:58,17.27,-0.01,1,1727,卖盘
688,10:45:10,17.28,0.01,10,17280,买盘
689,10:45:25,17.28,0.0,36,62208,买盘
690,10:45:39,17.28,0.0,5,8640,卖盘
691,10:46:13,17.28,0.0,15,25920,卖盘
692,10:46:28,17.28,0.0,9,15552,买盘
693,10:46:33,17.28,0.0,3,5184,买盘
694,10:46:40,17.28,0.0,10,17280,买盘
695,10:46:43,17.28,0.0,10,17280,买盘
696,10:46:48,17.28,0.0,2,3456,买盘
697,10:47:22,17.28,0.0,1,1728,买盘
698,10:47:25,17.27,-0.01,5,8635,卖盘
699,10:47:28,17.28,0.01,6,10368,买盘
700,10:47:36,17.28,0.0,11,19008,买盘
701,10:47:52,17.28,0.0,1,1728,买盘
702,10:48:00,17.28,0.0,2,3456,买盘
703,10:48:13,17.28,0.0,1,1728,卖盘
704,10:48:19,17.29,0.01,7,12103,买盘
705,10:48:25,17.28,-0.01,3,5184,卖盘
706,10:48:27,17.28,0.0,8,13824,卖盘
707,10:48:40,17.29,0.01,5,8645,买盘
708,10:49:04,17.29,0.0,15,25930,买盘
709,10:49:10,17.29,0.0,15,25923,买盘
710,10:49:18,17.29,0.0,4,6916,买盘
711,10:49:40,17.29,0.0,20,34580,买盘
712,10:49:49,17.29,0.0,3,5187,买盘
713,10:49:52,17.29,0.0,3,5187,买盘
714,10:49:55,17.29,0.0,1,1729,买盘
715,10:50:04,17.3,0.01,4,6920,买盘
716,10:50:10,17.29,-0.01,15,25935,卖盘
717,10:50:19,17.3,0.01,20,34600,买盘
718,10:50:34,17.3,0.0,12,20760,买盘
719,10:50:40,17.29,-0.01,39,67431,卖盘
720,10:50:46,17.29,0.0,2,3458,买盘
721,10:50:49,17.29,0.0,9,15561,买盘
722,10:50:52,17.3,0.01,40,69200,买盘
723,10:50:57,17.3,0.0,2,3460,买盘
724,10:51:01,17.3,0.0,12,20760,买盘
725,10:51:13,17.3,0.0,1,1730,买盘
726,10:51:22,17.28,-0.02,109,188414,卖盘
727,10:51:25,17.3,0.02,1,1730,买盘
728,10:51:27,17.3,0.0,4,6920,买盘
729,10:51:31,17.3,0.0,30,51900,买盘
730,10:51:46,17.29,-0.01,6,10374,买盘
731,10:51:49,17.29,0.0,3,5187,买盘
732,10:51:52,17.3,0.01,30,51889,买盘
733,10:52:04,17.29,-0.01,14,24206,卖盘
734,10:52:25,17.3,0.01,5,8648,买盘
735,10:52:46,17.3,0.0,22,38060,买盘
736,10:53:04,17.29,-0.01,3,5187,卖盘
737,10:53:13,17.29,0.0,6,10374,卖盘
738,10:53:18,17.29,0.0,7,12103,卖盘
739,10:53:27,17.3,0.01,5,8650,买盘
740,10:53:52,17.29,-0.01,3,5187,卖盘
741,10:54:01,17.29,0.0,10,17290,卖盘
742,10:54:04,17.3,0.01,20,34600,买盘
743,10:54:34,17.29,-0.01,41,70889,卖盘
744,10:54:43,17.29,0.0,10,17290,卖盘
745,10:54:46,17.29,0.0,5,8645,买盘
746,10:54:55,17.29,0.0,2,3458,买盘
747,10:55:34,17.3,0.01,33,57087,买盘
748,10:55:36,17.29,-0.01,5,8645,卖盘
749,10:55:58,17.29,0.0,17,29393,买盘
750,10:56:18,17.3,0.01,3,5190,买盘
751,10:56:31,17.3,0.0,4,6920,买盘
752,10:57:30,17.3,0.0,1,1730,买盘
753,10:57:55,17.3,0.0,2,3460,买盘
754,10:58:01,17.3,0.0,31,53630,买盘
755,10:58:19,17.3,0.0,1,1730,买盘
756,10:58:34,17.3,0.0,1,1730,买盘
757,10:58:36,17.3,0.0,2,3460,买盘
758,10:59:01,17.3,0.0,77,133210,买盘
759,10:59:25,17.3,0.0,45,77850,买盘
760,10:59:31,17.3,0.0,1,1730,买盘
761,10:59:34,17.29,-0.01,10,17290,卖盘
762,10:59:37,17.3,0.01,7,12110,买盘
763,10:59:42,17.3,0.0,10,17300,买盘
764,10:59:46,17.3,0.0,3,5190,买盘
765,11:00:19,17.29,-0.01,30,51875,卖盘
766,11:00:31,17.3,0.01,1,1730,买盘
767,11:01:10,17.3,0.0,5,8650,买盘
768,11:01:16,17.3,0.0,1,1730,买盘
769,11:01:31,17.3,0.0,1,1730,买盘
770,11:01:33,17.3,0.0,2,3460,买盘
771,11:01:49,17.3,0.0,102,176304,买盘
772,11:02:34,17.29,-0.01,1,1729,买盘
773,11:02:37,17.29,0.0,1,1729,买盘
774,11:03:01,17.29,0.0,5,8645,买盘
775,11:03:07,17.28,-0.01,10,17280,卖盘
776,11:03:19,17.29,0.01,4,6916,买盘
777,11:03:30,17.29,0.0,1,1729,买盘
778,11:03:58,17.3,0.01,30,51900,买盘
779,11:05:12,17.3,0.0,5,8650,买盘
780,11:06:13,17.29,-0.01,6,10374,卖盘
781,11:07:01,17.29,0.0,10,17290,卖盘
782,11:07:07,17.28,-0.01,40,69120,卖盘
783,11:07:22,17.27,-0.01,5,8635,卖盘
784,11:07:28,17.27,0.0,8,13816,卖盘
785,11:07:40,17.27,0.0,9,15543,卖盘
786,11:07:58,17.27,0.0,2,3454,卖盘
787,11:08:07,17.27,0.0,5,8635,卖盘
788,11:08:16,17.27,0.0,5,8946,卖盘
789,11:08:19,17.27,0.0,7,12089,卖盘
790,11:08:28,17.27,0.0,12,20413,卖盘
791,11:08:58,17.26,-0.01,1,1726,卖盘
792,11:09:01,17.26,0.0,73,125998,卖盘
793,11:09:07,17.26,0.0,3,5178,买盘
794,11:09:16,17.25,-0.01,5,8625,卖盘
795,11:09:28,17.25,0.0,1,1725,卖盘
796,11:09:31,17.25,0.0,100,172500,卖盘
797,11:09:40,17.26,0.01,10,17260,买盘
798,11:09:49,17.25,-0.01,20,34500,卖盘
799,11:09:55,17.25,0.0,1,1725,卖盘
800,11:09:58,17.26,0.01,2,3452,买盘
801,11:10:04,17.25,-0.01,2,3450,卖盘
802,11:10:40,17.26,0.01,15,25890,买盘
803,11:10:58,17.26,0.0,6,10356,卖盘
804,11:12:22,17.26,0.0,10,17260,买盘
805,11:12:28,17.26,0.0,6,10356,买盘
806,11:12:43,17.25,-0.01,3,5175,卖盘
807,11:12:52,17.25,0.0,4,6900,卖盘
808,11:13:04,17.25,0.0,1,1725,卖盘
809,11:13:16,17.26,0.01,20,34520,买盘
810,11:13:37,17.26,0.0,4,6904,买盘
811,11:13:42,17.26,0.0,28,48328,买盘
812,11:13:58,17.25,-0.01,1,1725,卖盘
813,11:14:04,17.26,0.01,1,1726,买盘
814,11:14:10,17.26,0.0,17,29342,买盘
815,11:14:34,17.26,0.0,15,25890,买盘
816,11:14:43,17.26,0.0,5,8629,买盘
817,11:14:49,17.25,-0.01,5,8625,卖盘
818,11:14:52,17.26,0.01,10,17252,买盘
819,11:14:58,17.26,0.0,11,18986,买盘
820,11:15:13,17.25,-0.01,5,8625,卖盘
821,11:15:34,17.25,0.0,15,25875,卖盘
822,11:15:55,17.26,0.01,2,3452,买盘
823,11:16:01,17.25,-0.01,8,13800,卖盘
824,11:16:28,17.24,-0.01,1,1724,卖盘
825,11:16:49,17.25,0.01,10,17250,买盘
826,11:16:52,17.25,0.0,10,17250,买盘
827,11:16:58,17.24,-0.01,1,1724,卖盘
828,11:17:10,17.23,-0.01,100,172349,卖盘
829,11:17:16,17.24,0.01,2,3448,买盘
830,11:17:58,17.23,-0.01,1,1723,卖盘
831,11:18:04,17.24,0.01,6,10344,买盘
832,11:18:10,17.24,0.0,29,49996,卖盘
833,11:18:19,17.24,0.0,6,10344,卖盘
834,11:18:25,17.23,-0.01,100,172385,卖盘
835,11:18:43,17.24,0.01,20,34480,买盘
836,11:19:07,17.25,0.01,23,39675,买盘
837,11:19:16,17.26,0.01,20,34520,买盘
838,11:19:37,17.26,0.0,8,13808,买盘
839,11:19:40,17.26,0.0,3,5178,买盘
840,11:19:43,17.26,0.0,1,1726,买盘
841,11:20:04,17.25,-0.01,1,1725,卖盘
842,11:20:09,17.26,0.01,2,3452,买盘
843,11:20:12,17.26,0.0,11,18983,买盘
844,11:20:42,17.26,0.0,1,1726,卖盘
845,11:21:15,17.27,0.01,3,5181,买盘
846,11:21:28,17.26,-0.01,10,17260,卖盘
847,11:21:55,17.26,0.0,6,10356,卖盘
848,11:21:58,17.27,0.01,4,6908,买盘
849,11:22:25,17.27,0.0,1,1727,买盘
850,11:22:52,17.27,0.0,30,51810,买盘
851,11:23:04,17.26,-0.01,5,8630,卖盘
852,11:23:10,17.27,0.01,191,329857,买盘
853,11:23:16,17.27,0.0,10,17270,买盘
854,11:23:22,17.27,0.0,14,24178,买盘
855,11:23:27,17.27,0.0,5,8635,买盘
856,11:23:31,17.27,0.0,13,22451,买盘
857,11:23:40,17.27,0.0,3,5181,买盘
858,11:23:52,17.27,0.0,20,34540,买盘
859,11:23:55,17.27,0.0,67,115709,买盘
860,11:24:10,17.27,0.0,122,210694,买盘
861,11:24:19,17.27,0.0,2,3454,买盘
862,11:24:43,17.27,0.0,6,10362,买盘
863,11:25:22,17.28,0.01,2,3456,买盘
864,11:25:46,17.28,0.0,15,25920,买盘
865,11:26:39,17.28,0.0,2,3456,买盘
866,11:27:34,17.26,-0.02,53,91502,卖盘
867,11:28:10,17.26,0.0,2,3452,卖盘
868,11:28:27,17.26,0.0,8,13812,卖盘
869,11:28:37,17.26,0.0,1,1726,卖盘
870,11:29:00,17.26,0.0,14,24164,卖盘
871,11:29:16,17.26,0.0,20,34520,卖盘
872,11:29:43,17.28,0.02,59,101952,买盘
873,13:00:04,17.27,-0.01,96,165792,卖盘
874,13:00:07,17.28,0.01,68,117500,买盘
875,13:00:22,17.27,-0.01,1,1727,卖盘
876,13:00:48,17.28,0.01,6,10368,买盘
877,13:01:46,17.27,-0.01,3,5181,卖盘
878,13:02:34,17.27,0.0,21,36267,卖盘
879,13:03:19,17.27,0.0,31,53537,卖盘
880,13:03:28,17.27,0.0,7,12089,买盘
881,13:03:40,17.26,-0.01,20,34520,卖盘
882,13:04:13,17.25,-0.01,30,51760,卖盘
883,13:05:07,17.25,0.0,1,1725,卖盘
884,13:05:22,17.25,0.0,2,3450,卖盘
885,13:05:34,17.25,0.0,8,13800,卖盘
886,13:05:37,17.25,0.0,2,3450,卖盘
887,13:05:55,17.25,0.0,3,5175,卖盘
888,13:06:04,17.25,0.0,1,1725,买盘
889,13:06:13,17.23,-0.02,6,10340,卖盘
890,13:06:18,17.23,0.0,58,100012,卖盘
891,13:07:01,17.23,0.0,1,1723,卖盘
892,13:07:10,17.23,0.0,7,12061,卖盘
893,13:07:21,17.23,0.0,9,15507,买盘
894,13:07:31,17.22,-0.01,5,8610,卖盘
895,13:07:37,17.23,0.01,39,67168,买盘
896,13:07:49,17.23,0.0,20,34460,卖盘
897,13:08:04,17.24,0.01,20,34480,卖盘
898,13:08:16,17.24,0.0,5,8620,卖盘
899,13:08:25,17.24,0.0,1,1724,买盘
900,13:08:34,17.24,0.0,2,3448,买盘
901,13:08:37,17.24,0.0,10,17240,买盘
902,13:08:49,17.24,0.0,2,3448,买盘
903,13:08:52,17.23,-0.01,20,34460,卖盘
904,13:09:00,17.23,0.0,1,1723,卖盘
905,13:09:24,17.22,-0.01,49,84386,卖盘
906,13:09:34,17.24,0.02,1,1724,买盘
907,13:09:49,17.21,-0.03,76,131942,卖盘
908,13:09:58,17.24,0.03,9,15513,买盘
909,13:10:19,17.21,-0.03,73,125633,卖盘
910,13:10:43,17.2,-0.01,50,86017,卖盘
911,13:10:58,17.2,0.0,20,34400,卖盘
912,13:11:01,17.2,0.0,5,8600,卖盘
913,13:11:04,17.2,0.0,91,156520,卖盘
914,13:11:13,17.2,0.0,66,112385,卖盘
915,13:11:31,17.19,-0.01,11,18909,卖盘
916,13:11:37,17.19,0.0,2,3438,买盘
917,13:11:49,17.19,0.0,15,25785,卖盘
918,13:12:19,17.2,0.01,5,8600,买盘
919,13:12:37,17.2,0.0,1,1720,买盘
920,13:12:43,17.2,0.0,2,3440,买盘
921,13:12:46,17.2,0.0,6,11455,买盘
922,13:13:00,17.21,0.01,3,5163,买盘
923,13:13:16,17.21,0.0,10,17210,买盘
924,13:13:37,17.2,-0.01,3,5160,卖盘
925,13:14:04,17.2,0.0,7,10905,卖盘
926,13:14:34,17.2,0.0,13,23495,买盘
927,13:15:25,17.21,0.01,10,17210,买盘
928,13:15:37,17.21,0.0,7,12047,买盘
929,13:15:43,17.21,0.0,5,8605,买盘
930,13:15:46,17.21,0.0,22,37862,买盘
931,13:15:54,17.21,0.0,3,5163,买盘
932,13:16:07,17.21,0.0,10,17210,买盘
933,13:16:13,17.21,0.0,3,5163,买盘
934,13:16:16,17.21,0.0,5,8605,买盘
935,13:17:01,17.2,-0.01,1,1720,卖盘
936,13:17:25,17.2,0.0,9,15480,卖盘
937,13:17:49,17.21,0.01,3,5163,买盘
938,13:17:55,17.21,0.0,1,1721,买盘
939,13:18:00,17.21,0.0,30,51630,买盘
940,13:18:49,17.21,0.0,5,8605,买盘
941,13:19:04,17.2,-0.01,29,48745,卖盘
942,13:19:34,17.2,0.0,1,2855,买盘
943,13:20:04,17.21,0.01,2,3442,买盘
944,13:20:13,17.2,-0.01,1,585,买盘
945,13:20:33,17.19,-0.01,61,104859,卖盘
946,13:20:52,17.19,0.0,8,13749,买盘
947,13:20:55,17.18,-0.01,16,27488,卖盘
948,13:21:10,17.17,-0.01,23,39491,卖盘
949,13:21:34,17.16,-0.01,17,29172,卖盘
950,13:21:36,17.15,-0.01,19,32585,卖盘
951,13:21:46,17.14,-0.01,2,3428,卖盘
952,13:22:05,17.14,0.0,16,27424,卖盘
953,13:22:13,17.14,0.0,21,35994,买盘
954,13:22:25,17.13,-0.01,20,34260,卖盘
955,13:22:28,17.14,0.01,16,27424,买盘
956,13:22:40,17.14,0.0,12,20568,卖盘
957,13:22:49,17.16,0.02,8,13728,买盘
958,13:23:01,17.14,-0.02,6,10284,卖盘
959,13:23:07,17.16,0.02,10,17160,买盘
960,13:23:13,17.16,0.0,3,5148,买盘
961,13:23:19,17.15,-0.01,15,25730,卖盘
962,13:23:28,17.14,-0.01,32,54848,卖盘
963,13:23:40,17.14,0.0,5,8570,买盘
964,13:23:49,17.14,0.0,2,3428,买盘
965,13:23:58,17.14,0.0,36,61704,买盘
966,13:24:00,17.14,0.0,3,5142,买盘
967,13:24:13,17.14,0.0,3,5142,买盘
968,13:24:22,17.14,0.0,3,5142,卖盘
969,13:24:37,17.15,0.01,3,5145,买盘
970,13:24:55,17.15,0.0,3,5145,买盘
971,13:25:01,17.14,-0.01,2,3428,卖盘
972,13:25:04,17.12,-0.02,122,208926,卖盘
973,13:25:30,17.11,-0.01,138,236151,卖盘
974,13:25:42,17.11,0.0,2,3422,买盘
975,13:25:46,17.11,0.0,5,8555,买盘
976,13:25:48,17.1,-0.01,5,8550,卖盘
977,13:25:54,17.11,0.01,227,388192,买盘
978,13:26:10,17.1,-0.01,7,11970,买盘
979,13:26:13,17.1,0.0,1,1710,卖盘
980,13:26:27,17.11,0.01,2,3422,买盘
981,13:26:33,17.08,-0.03,21,35868,卖盘
982,13:26:55,17.08,0.0,5,8540,买盘
983,13:26:58,17.06,-0.02,4,6824,卖盘
984,13:27:07,17.06,0.0,5,8530,卖盘
985,13:27:16,17.06,0.0,31,52886,卖盘
986,13:27:19,17.06,0.0,5,8530,卖盘
987,13:27:22,17.06,0.0,6,10231,买盘
988,13:27:25,17.06,0.0,1,1706,买盘
989,13:27:28,17.06,0.0,7,11939,买盘
990,13:27:37,17.05,-0.01,4,6820,卖盘
991,13:27:40,17.05,0.0,10,17050,买盘
992,13:27:43,17.05,0.0,14,23870,买盘
993,13:27:49,17.06,0.01,5,8528,买盘
994,13:27:51,17.06,0.0,1,1706,买盘
995,13:27:54,17.04,-0.02,11,18756,卖盘
996,13:27:57,17.04,0.0,6,10229,卖盘
997,13:28:04,17.06,0.02,10,17060,买盘
998,13:28:10,17.04,-0.02,3,5112,卖盘
999,13:28:16,17.05,0.01,7,11935,买盘
1000,13:28:19,17.05,0.0,16,27271,买盘
1001,13:28:25,17.05,0.0,5,8525,买盘
1002,13:28:28,17.05,0.0,10,17050,买盘
1003,13:28:30,17.05,0.0,1,1705,买盘
1004,13:28:36,17.05,0.0,5,8525,卖盘
1005,13:28:43,17.06,0.01,90,153514,买盘
1006,13:28:54,17.08,0.02,6,10248,买盘
1007,13:29:04,17.08,0.0,2,3416,买盘
1008,13:29:07,17.06,-0.02,54,92154,卖盘
1009,13:29:15,17.08,0.02,3,5124,卖盘
1010,13:29:28,17.09,0.01,8,13672,买盘
1011,13:29:43,17.09,0.0,12,20508,买盘
1012,13:29:46,17.08,-0.01,50,85406,卖盘
1013,13:30:01,17.09,0.01,1,1709,卖盘
1014,13:30:28,17.1,0.01,14,23933,买盘
1015,13:30:31,17.11,0.01,10,17101,买盘
1016,13:31:07,17.11,0.0,3,5133,买盘
1017,13:31:09,17.11,0.0,1,1711,买盘
1018,13:31:27,17.11,0.0,60,102660,买盘
1019,13:32:06,17.11,0.0,30,51330,卖盘
1020,13:32:15,17.11,0.0,3,5133,卖盘
1021,13:32:25,17.11,0.0,1,1711,买盘
1022,13:32:34,17.11,0.0,16,27376,买盘
1023,13:32:55,17.11,0.0,10,17110,卖盘
1024,13:32:58,17.1,-0.01,10,17100,卖盘
1025,13:33:10,17.1,0.0,2,3420,卖盘
1026,13:33:28,17.1,0.0,10,17100,卖盘
1027,13:33:31,17.11,0.01,79,135169,买盘
1028,13:33:34,17.1,-0.01,4,6840,卖盘
1029,13:34:07,17.1,0.0,12,20520,卖盘
1030,13:34:16,17.09,-0.01,1,1709,卖盘
1031,13:34:25,17.08,-0.01,80,136672,卖盘
1032,13:34:40,17.08,0.0,66,112728,卖盘
1033,13:34:42,17.08,0.0,7,11956,买盘
1034,13:34:46,17.08,0.0,8,13664,买盘
1035,13:34:58,17.07,-0.01,2,3414,买盘
1036,13:35:04,17.06,-0.01,16,27296,卖盘
1037,13:35:25,17.07,0.01,1,1707,买盘
1038,13:35:28,17.06,-0.01,22,37551,卖盘
1039,13:35:31,17.05,-0.01,63,107442,卖盘
1040,13:35:40,17.02,-0.03,125,212893,卖盘
1041,13:36:16,17.02,0.0,5,8510,卖盘
1042,13:36:30,17.08,0.06,3,5124,买盘
1043,13:36:40,17.08,0.0,7,11956,卖盘
1044,13:36:46,17.04,-0.04,4,6816,卖盘
1045,13:37:04,17.04,0.0,4,6816,卖盘
1046,13:37:31,17.04,0.0,50,85212,卖盘
1047,13:37:45,17.08,0.04,12,20496,买盘
1048,13:38:01,17.08,0.0,20,34160,买盘
1049,13:38:07,17.08,0.0,5,8540,买盘
1050,13:38:28,17.08,0.0,2,3416,买盘
1051,13:38:34,17.08,0.0,89,152012,买盘
1052,13:38:57,17.09,0.01,5,8545,买盘
1053,13:39:10,17.09,0.0,12,20508,卖盘
1054,13:39:21,17.09,0.0,5,8545,卖盘
1055,13:39:24,17.09,0.0,12,20508,买盘
1056,13:39:30,17.09,0.0,5,8545,卖盘
1057,13:39:40,17.1,0.01,100,171000,买盘
1058,13:39:43,17.1,0.0,1,1710,买盘
1059,13:39:52,17.09,-0.01,24,41016,卖盘
1060,13:40:01,17.1,0.01,173,295770,买盘
1061,13:40:10,17.1,0.0,7,11970,买盘
1062,13:40:16,17.13,0.03,66,112914,买盘
1063,13:40:31,17.13,0.0,10,17130,卖盘
1064,13:40:34,17.13,0.0,2,3426,卖盘
1065,13:40:37,17.14,0.01,1,1714,买盘
1066,13:40:42,17.14,0.0,2,3428,买盘
1067,13:40:46,17.14,0.0,1,1714,买盘
1068,13:40:58,17.15,0.01,12,20573,买盘
1069,13:41:10,17.14,-0.01,50,85700,卖盘
1070,13:41:16,17.15,0.01,5,8575,买盘
1071,13:41:19,17.15,0.0,1,1715,买盘
1072,13:41:40,17.15,0.0,5,8575,买盘
1073,13:42:16,17.15,0.0,1,1715,买盘
1074,13:42:21,17.15,0.0,5,8575,买盘
1075,13:42:34,17.15,0.0,40,68600,买盘
1076,13:42:37,17.15,0.0,4,6860,买盘
1077,13:42:40,17.15,0.0,18,30870,买盘
1078,13:42:46,17.13,-0.02,25,42839,卖盘
1079,13:43:01,17.13,0.0,10,17130,买盘
1080,13:44:04,17.13,0.0,3,5139,买盘
1081,13:44:07,17.1,-0.03,10,17100,卖盘
1082,13:44:49,17.09,-0.01,11,18800,卖盘
1083,13:45:07,17.08,-0.01,12,20496,卖盘
1084,13:45:43,17.05,-0.03,7,11941,卖盘
1085,13:45:49,17.08,0.03,1,1708,买盘
1086,13:46:01,17.06,-0.02,2,3412,买盘
1087,13:46:04,17.06,0.0,1,1706,买盘
1088,13:46:10,17.06,0.0,12,20472,买盘
1089,13:46:13,17.06,0.0,4,6824,买盘
1090,13:46:39,17.08,0.02,1,1708,买盘
1091,13:46:54,17.08,0.0,9,15372,卖盘
1092,13:47:19,17.08,0.0,10,17080,买盘
1093,13:47:31,17.08,0.0,18,30744,买盘
1094,13:47:34,17.08,0.0,10,17080,买盘
1095,13:48:19,17.1,0.02,29,49590,买盘
1096,13:48:28,17.1,0.0,17,29067,买盘
1097,13:48:40,17.1,0.0,6,10260,买盘
1098,13:49:04,17.1,0.0,2,3420,买盘
1099,13:49:16,17.09,-0.01,10,17090,卖盘
1100,13:49:21,17.09,0.0,5,8545,买盘
1101,13:49:31,17.09,0.0,10,17090,买盘
1102,13:49:33,17.09,0.0,22,37579,买盘
1103,13:49:37,17.09,0.0,6,10254,买盘
1104,13:49:46,17.09,0.0,14,23926,买盘
1105,13:50:16,17.09,0.0,2,3418,买盘
1106,13:50:19,17.09,0.0,2,3418,买盘
1107,13:50:33,17.08,-0.01,20,34160,卖盘
1108,13:51:04,17.07,-0.01,22,37554,卖盘
1109,13:51:10,17.07,0.0,1,1707,买盘
1110,13:51:27,17.07,0.0,8,13656,买盘
1111,13:51:37,17.07,0.0,6,10242,买盘
1112,13:52:16,17.08,0.01,12,20496,买盘
1113,13:52:31,17.05,-0.03,118,201293,卖盘
1114,13:52:36,17.05,0.0,5,8525,买盘
1115,13:52:51,17.04,-0.01,5,8520,卖盘
1116,13:53:01,17.04,0.0,1,1704,卖盘
1117,13:53:04,17.03,-0.01,41,69859,卖盘
1118,13:53:19,17.04,0.01,1,1704,买盘
1119,13:53:28,17.04,0.0,3,5112,买盘
1120,13:53:43,17.04,0.0,13,22152,买盘
1121,13:54:00,17.05,0.01,15,25575,买盘
1122,13:54:28,17.05,0.0,5,8525,买盘
1123,13:54:46,17.04,-0.01,18,30672,卖盘
1124,13:54:52,17.05,0.01,5,8525,买盘
1125,13:55:19,17.04,-0.01,13,22152,卖盘
1126,13:55:46,17.05,0.01,2,3410,买盘
1127,13:56:21,17.05,0.0,5,8525,买盘
1128,13:56:39,17.05,0.0,3,5115,买盘
1129,13:57:10,17.04,-0.01,10,17040,卖盘
1130,13:57:19,17.04,0.0,5,8520,卖盘
1131,13:57:22,17.05,0.01,2,3410,买盘
1132,13:58:01,17.04,-0.01,2,3408,卖盘
1133,13:58:15,17.05,0.01,5,8525,买盘
1134,13:58:21,17.04,-0.01,15,25560,卖盘
1135,13:58:25,17.05,0.01,1,1705,买盘
1136,13:58:31,17.04,-0.01,6,10224,卖盘
1137,13:58:39,17.05,0.01,25,42606,买盘
1138,13:59:07,17.02,-0.03,81,137925,卖盘
1139,13:59:13,17.04,0.02,4,6816,卖盘
1140,13:59:18,17.04,0.0,3,5112,买盘
1141,13:59:34,17.04,0.0,1,1704,买盘
1142,13:59:40,17.03,-0.01,6,10218,卖盘
1143,14:00:19,17.03,0.0,10,17030,卖盘
1144,14:00:25,17.03,0.0,9,15327,卖盘
1145,14:00:28,17.03,0.0,8,13629,卖盘
1146,14:00:37,17.04,0.01,7,11928,买盘
1147,14:00:40,17.03,-0.01,6,10223,卖盘
1148,14:00:43,17.03,0.0,13,22139,卖盘
1149,14:00:49,17.03,0.0,30,51090,卖盘
1150,14:00:55,17.03,0.0,25,42575,卖盘
1151,14:01:31,17.04,0.01,10,17040,买盘
1152,14:01:39,17.03,-0.01,2,3406,卖盘
1153,14:01:51,17.03,0.0,10,17030,卖盘
1154,14:01:55,17.04,0.01,3,5112,买盘
1155,14:01:58,17.03,-0.01,1,1703,卖盘
1156,14:02:01,17.04,0.01,3,5112,买盘
1157,14:02:06,17.04,0.0,2,3408,买盘
1158,14:02:31,17.03,-0.01,10,17030,卖盘
1159,14:03:36,17.03,0.0,1,1703,卖盘
1160,14:03:43,17.03,0.0,6,10218,卖盘
1161,14:04:07,17.03,0.0,1,1703,卖盘
1162,14:04:25,17.04,0.01,13,22152,买盘
1163,14:04:28,17.03,-0.01,3,5111,卖盘
1164,14:04:34,17.03,0.0,2,3406,卖盘
1165,14:04:37,17.02,-0.01,100,170269,卖盘
1166,14:04:52,17.02,0.0,10,17020,卖盘
1167,14:05:27,17.04,0.02,8,13632,卖盘
1168,14:05:37,17.04,0.0,10,17040,卖盘
1169,14:05:49,17.04,0.0,2,3408,卖盘
1170,14:05:52,17.04,0.0,1,1704,买盘
1171,14:06:43,17.04,0.0,1,1704,买盘
1172,14:06:52,17.04,0.0,7,11928,买盘
1173,14:07:01,17.04,0.0,1,1704,卖盘
1174,14:07:31,17.04,0.0,8,13632,卖盘
1175,14:07:34,17.04,0.0,1,1704,买盘
1176,14:07:46,17.04,0.0,11,18744,买盘
1177,14:07:57,17.04,0.0,14,23856,买盘
1178,14:08:01,17.01,-0.03,264,449333,卖盘
1179,14:08:25,17.01,0.0,25,42525,卖盘
1180,14:08:28,17.01,0.0,75,127575,买盘
1181,14:08:33,17.02,0.01,9,15318,卖盘
1182,14:08:37,17.0,-0.02,100,170140,卖盘
1183,14:08:48,17.01,0.01,4,6804,卖盘
1184,14:08:52,17.0,-0.01,10,17002,卖盘
1185,14:08:57,17.01,0.01,1,1701,中性盘
1186,14:09:13,17.01,0.0,4,6804,买盘
1187,14:10:01,17.04,0.03,1,1704,买盘
1188,14:10:28,17.03,-0.01,2,3406,买盘
1189,14:10:33,17.03,0.0,5,8515,卖盘
1190,14:10:40,17.05,0.02,9,15345,买盘
1191,14:10:46,17.05,0.0,3,5115,买盘
1192,14:10:49,17.05,0.0,6,10230,买盘
1193,14:10:52,17.05,0.0,14,23870,买盘
1194,14:11:07,17.05,0.0,30,51150,买盘
1195,14:11:13,17.05,0.0,30,51150,买盘
1196,14:11:34,17.05,0.0,4,6820,买盘
1197,14:12:16,17.05,0.0,62,105710,买盘
1198,14:12:31,17.05,0.0,2,3410,买盘
1199,14:12:37,17.05,0.0,7,11935,买盘
1200,14:12:42,17.05,0.0,11,18755,买盘
1201,14:12:55,17.05,0.0,3,5115,买盘
1202,14:13:13,17.05,0.0,10,17050,买盘
1203,14:13:22,17.04,-0.01,16,27264,卖盘
1204,14:13:42,17.04,0.0,44,74976,买盘
1205,14:14:13,17.04,0.0,10,17040,卖盘
1206,14:14:16,17.05,0.01,101,172204,买盘
1207,14:14:25,17.05,0.0,9,15345,买盘
1208,14:14:37,17.05,0.0,26,44330,买盘
1209,14:14:55,17.06,0.01,2,3412,买盘
1210,14:14:57,17.06,0.0,1,1706,买盘
1211,14:15:00,17.06,0.0,1,1706,买盘
1212,14:15:04,17.06,0.0,17,29002,买盘
1213,14:15:07,17.06,0.0,50,85300,买盘
1214,14:15:13,17.06,0.0,18,30708,买盘
1215,14:15:16,17.06,0.0,2,3412,买盘
1216,14:15:19,17.06,0.0,35,59710,买盘
1217,14:15:25,17.06,0.0,10,17060,买盘
1218,14:15:46,17.06,0.0,47,80182,买盘
1219,14:15:51,17.06,0.0,10,17060,买盘
1220,14:16:04,17.06,0.0,5,8530,买盘
1221,14:16:07,17.06,0.0,5,8530,买盘
1222,14:16:10,17.06,0.0,1,1706,买盘
1223,14:16:19,17.06,0.0,12,20472,买盘
1224,14:16:22,17.05,-0.01,27,46035,卖盘
1225,14:16:49,17.05,0.0,15,25575,卖盘
1226,14:16:55,17.05,0.0,2,3410,卖盘
1227,14:17:13,17.06,0.01,4,6824,买盘
1228,14:17:27,17.06,0.0,8,13648,买盘
1229,14:17:31,17.06,0.0,20,34120,买盘
1230,14:17:33,17.06,0.0,53,90418,买盘
1231,14:17:43,17.05,-0.01,35,59704,卖盘
1232,14:18:04,17.06,0.01,5,8530,买盘
1233,14:18:06,17.06,0.0,1,1706,买盘
1234,14:18:43,17.06,0.0,6,10236,买盘
1235,14:19:13,17.06,0.0,3,5118,买盘
1236,14:19:36,17.06,0.0,2,3412,买盘
1237,14:19:46,17.06,0.0,1,1706,买盘
1238,14:20:01,17.05,-0.01,3,5115,卖盘
1239,14:20:13,17.05,0.0,1,1705,卖盘
1240,14:20:40,17.05,0.0,9,15345,卖盘
1241,14:20:46,17.06,0.01,16,27296,买盘
1242,14:21:09,17.06,0.0,2,3412,买盘
1243,14:21:31,17.06,0.0,3,5118,卖盘
1244,14:22:01,17.06,0.0,5,8530,买盘
1245,14:22:24,17.05,-0.01,30,51150,卖盘
1246,14:22:28,17.06,0.01,20,34120,买盘
1247,14:23:04,17.06,0.0,10,17060,买盘
1248,14:23:21,17.05,-0.01,10,17050,卖盘
1249,14:23:25,17.05,0.0,36,61380,卖盘
1250,14:23:37,17.05,0.0,10,17050,卖盘
1251,14:24:36,17.05,0.0,8,13640,买盘
1252,14:25:01,17.06,0.01,1,1706,买盘
1253,14:25:07,17.06,0.0,1,1706,卖盘
1254,14:25:31,17.07,0.01,23,39261,买盘
1255,14:26:37,17.07,0.0,5,8535,买盘
1256,14:26:40,17.06,-0.01,2,3412,卖盘
1257,14:26:43,17.07,0.01,20,34140,买盘
1258,14:27:57,17.07,0.0,21,35847,买盘
1259,14:28:13,17.07,0.0,24,40968,卖盘
1260,14:28:40,17.08,0.01,77,131516,买盘
1261,14:28:49,17.07,-0.01,24,40968,卖盘
1262,14:29:00,17.06,-0.01,4,6824,卖盘
1263,14:29:04,17.07,0.01,3,5121,买盘
1264,14:29:09,17.06,-0.01,1,1706,卖盘
1265,14:29:27,17.06,0.0,11,18766,卖盘
1266,14:29:33,17.06,0.0,2,3412,卖盘
1267,14:29:52,17.07,0.01,1,1707,买盘
1268,14:29:58,17.07,0.0,3,5121,买盘
1269,14:30:15,17.07,0.0,3,5121,买盘
1270,14:30:46,17.08,0.01,1,1708,买盘
1271,14:31:04,17.08,0.0,10,17080,买盘
1272,14:31:10,17.08,0.0,15,25620,买盘
1273,14:31:19,17.08,0.0,2,3416,买盘
1274,14:31:25,17.08,0.0,1,1708,买盘
1275,14:31:28,17.08,0.0,1,1708,买盘
1276,14:32:06,17.08,0.0,3,5124,买盘
1277,14:33:52,17.08,0.0,3,5124,卖盘
1278,14:34:01,17.09,0.01,9,15381,买盘
1279,14:34:07,17.09,0.0,3,5127,卖盘
1280,14:34:10,17.09,0.0,1,1709,卖盘
1281,14:34:13,17.08,-0.01,2,3416,卖盘
1282,14:34:16,17.08,0.0,3,5124,卖盘
1283,14:34:19,17.08,0.0,3,5124,卖盘
1284,14:34:25,17.08,0.0,3,5124,卖盘
1285,14:34:34,17.08,0.0,1,1708,卖盘
1286,14:34:43,17.09,0.01,2,3418,买盘
1287,14:35:04,17.08,-0.01,5,8540,卖盘
1288,14:35:25,17.08,0.0,2,3416,买盘
1289,14:35:37,17.07,-0.01,14,23898,卖盘
1290,14:35:43,17.07,0.0,3,5121,卖盘
1291,14:35:58,17.09,0.02,34,58093,买盘
1292,14:36:07,17.07,-0.02,1,1707,卖盘
1293,14:36:46,17.09,0.02,8,13672,买盘
1294,14:36:58,17.09,0.0,1,1709,买盘
1295,14:37:01,17.06,-0.03,66,112669,卖盘
1296,14:37:19,17.1,0.04,56,95760,买盘
1297,14:37:28,17.1,0.0,4,6840,买盘
1298,14:37:43,17.08,-0.02,15,25620,卖盘
1299,14:37:46,17.08,0.0,18,30744,买盘
1300,14:37:49,17.08,0.0,5,8540,买盘
1301,14:37:58,17.08,0.0,1,1708,买盘
1302,14:38:04,17.08,0.0,2,3416,买盘
1303,14:38:10,17.08,0.0,23,39284,买盘
1304,14:38:19,17.08,0.0,1,1708,买盘
1305,14:38:33,17.06,-0.02,20,34120,卖盘
1306,14:38:36,17.08,0.02,2,3416,买盘
1307,14:39:01,17.09,0.01,3,5127,买盘
1308,14:39:42,17.1,0.01,4,6840,买盘
1309,14:39:49,17.1,0.0,2,3420,买盘
1310,14:40:01,17.1,0.0,42,71820,买盘
1311,14:40:07,17.1,0.0,4,6840,买盘
1312,14:40:10,17.09,-0.01,1,1709,卖盘
1313,14:40:16,17.09,0.0,10,17090,卖盘
1314,14:40:31,17.1,0.01,20,34200,买盘
1315,14:40:37,17.1,0.0,33,56430,买盘
1316,14:40:43,17.1,0.0,6,10260,买盘
1317,14:40:49,17.1,0.0,1,1710,买盘
1318,14:40:55,17.1,0.0,25,42750,买盘
1319,14:41:22,17.09,-0.01,2,3418,卖盘
1320,14:41:28,17.1,0.01,10,17100,买盘
1321,14:41:34,17.1,0.0,5,8550,买盘
1322,14:41:43,17.1,0.0,3,5130,买盘
1323,14:41:45,17.09,-0.01,6,10254,卖盘
1324,14:41:55,17.1,0.01,5,8550,买盘
1325,14:42:10,17.1,0.0,5,8550,买盘
1326,14:42:13,17.1,0.0,2,3420,买盘
1327,14:42:31,17.09,-0.01,33,56397,卖盘
1328,14:42:58,17.09,0.0,2,3418,买盘
1329,14:43:04,17.09,0.0,2,3418,买盘
1330,14:43:22,17.5,0.41,912,1568099,买盘
1331,14:43:25,17.5,0.0,6,10500,卖盘
1332,14:43:28,17.09,-0.41,5,8545,买盘
1333,14:43:34,17.09,0.0,1,1709,卖盘
1334,14:43:49,17.47,0.38,2,3494,中性盘
1335,14:43:52,17.15,-0.32,51,89001,中性盘
1336,14:44:01,17.47,0.32,29,50593,买盘
1337,14:44:04,17.46,-0.01,16,27934,中性盘
1338,14:44:12,17.39,-0.07,1,1739,中性盘
1339,14:44:19,17.4,0.01,22,38264,买盘
1340,14:44:25,17.4,0.0,5,8700,卖盘
1341,14:44:28,17.4,0.0,127,221604,卖盘
1342,14:44:31,17.42,0.02,13,22606,买盘
1343,14:44:34,17.45,0.03,10,17450,卖盘
1344,14:44:37,17.45,0.0,8,13952,卖盘
1345,14:44:40,17.41,-0.04,24,41768,卖盘
1346,14:44:42,17.45,0.04,10,17411,买盘
1347,14:44:46,17.43,-0.02,16,27870,中性盘
1348,14:44:49,17.39,-0.04,5,8699,卖盘
1349,14:44:52,17.4,0.01,10,17396,买盘
1350,14:44:58,17.45,0.05,28,48856,买盘
1351,14:45:01,17.41,-0.04,10,17412,卖盘
1352,14:45:04,17.41,0.0,8,13928,卖盘
1353,14:45:07,17.43,0.02,19,33103,中性盘
1354,14:45:10,17.41,-0.02,12,20906,卖盘
1355,14:45:13,17.4,-0.01,21,36577,卖盘
1356,14:45:16,17.4,0.0,3,5220,卖盘
1357,14:45:19,17.39,-0.01,5,8699,卖盘
1358,14:45:22,17.39,0.0,1,1739,卖盘
1359,14:45:25,17.39,0.0,3,5217,卖盘
1360,14:45:28,17.4,0.01,5,8692,买盘
1361,14:45:31,17.3,-0.1,4,6920,卖盘
1362,14:45:34,17.3,0.0,3,5190,卖盘
1363,14:45:37,17.3,0.0,4,6920,卖盘
1364,14:45:43,17.3,0.0,25,43270,卖盘
1365,14:45:46,17.3,0.0,43,74428,卖盘
1366,14:45:55,17.25,-0.05,5,8625,卖盘
1367,14:45:58,17.3,0.05,18,31140,买盘
1368,14:46:04,17.25,-0.05,21,36280,卖盘
1369,14:46:13,17.25,0.0,2,3453,卖盘
1370,14:46:19,17.3,0.05,16,27680,买盘
1371,14:46:25,17.26,-0.04,50,86300,卖盘
1372,14:46:28,17.28,0.02,1,1728,买盘
1373,14:46:46,17.28,0.0,4,6912,卖盘
1374,14:46:49,17.3,0.02,3,5190,买盘
1375,14:46:52,17.3,0.0,3,5190,买盘
1376,14:46:54,17.3,0.0,8,13840,买盘
1377,14:46:58,17.3,0.0,2,3460,买盘
1378,14:47:01,17.3,0.0,18,31140,买盘
1379,14:47:04,17.29,-0.01,8,13838,卖盘
1380,14:47:10,17.29,0.0,12,20758,卖盘
1381,14:47:19,17.3,0.01,1,1730,买盘
1382,14:47:25,17.29,-0.01,1,1729,卖盘
1383,14:47:28,17.3,0.01,49,84770,买盘
1384,14:47:43,17.3,0.0,1,1730,卖盘
1385,14:47:46,17.3,0.0,8,13840,卖盘
1386,14:47:49,17.3,0.0,7,12110,买盘
1387,14:47:52,17.3,0.0,7,12109,买盘
1388,14:48:00,17.3,0.0,8,13840,买盘
1389,14:48:05,17.3,0.0,1,1730,卖盘
1390,14:48:07,17.29,-0.01,101,174709,卖盘
1391,14:48:13,17.3,0.01,39,67470,卖盘
1392,14:48:16,17.3,0.0,23,39790,卖盘
1393,14:48:19,17.3,0.0,13,22490,卖盘
1394,14:48:22,17.3,0.0,12,20760,卖盘
1395,14:48:25,17.3,0.0,38,65722,卖盘
1396,14:48:28,17.28,-0.02,18,31120,卖盘
1397,14:48:31,17.3,0.02,24,41496,买盘
1398,14:48:33,17.3,0.0,23,39790,卖盘
1399,14:48:37,17.28,-0.02,30,51870,卖盘
1400,14:48:40,17.28,0.0,18,31104,卖盘
1401,14:48:43,17.28,0.0,40,69120,卖盘
1402,14:48:46,17.29,0.01,20,34570,买盘
1403,14:48:49,17.28,-0.01,31,53568,卖盘
1404,14:48:58,17.28,0.0,95,164109,买盘
1405,14:49:10,17.28,0.0,17,29376,买盘
1406,14:49:19,17.28,0.0,1,1728,卖盘
1407,14:49:22,17.28,0.0,35,60480,卖盘
1408,14:49:43,17.27,-0.01,6,10362,买盘
1409,14:49:49,17.26,-0.01,6,10356,卖盘
1410,14:49:55,17.27,0.01,5,8635,买盘
1411,14:49:58,17.25,-0.02,66,113894,卖盘
1412,14:50:01,17.27,0.02,2,3454,买盘
1413,14:50:25,17.26,-0.01,2,3452,卖盘
1414,14:50:28,17.26,0.0,5,8630,买盘
1415,14:50:31,17.25,-0.01,20,34500,卖盘
1416,14:50:40,17.26,0.01,5,9113,买盘
1417,14:50:55,17.25,-0.01,7,11597,卖盘
1418,14:50:58,17.26,0.01,2,3452,买盘
1419,14:51:16,17.26,0.0,2,3452,买盘
1420,14:51:28,17.25,-0.01,11,18975,卖盘
1421,14:51:31,17.25,0.0,3,5175,买盘
1422,14:51:37,17.23,-0.02,20,34462,卖盘
1423,14:51:46,17.22,-0.01,10,17220,卖盘
1424,14:51:49,17.23,0.01,11,18953,买盘
1425,14:51:58,17.22,-0.01,5,8610,卖盘
1426,14:52:01,17.22,0.0,6,10332,卖盘
1427,14:52:07,17.22,0.0,2,3444,卖盘
1428,14:52:16,17.22,0.0,20,34440,卖盘
1429,14:52:25,17.22,0.0,9,15498,卖盘
1430,14:52:28,17.22,0.0,42,72324,卖盘
1431,14:52:34,17.23,0.01,79,136117,买盘
1432,14:52:37,17.22,-0.01,5,8610,卖盘
1433,14:52:40,17.22,0.0,4,6888,卖盘
1434,14:52:43,17.23,0.01,19,33215,买盘
1435,14:52:49,17.23,0.0,31,53413,卖盘
1436,14:52:52,17.23,0.0,12,20194,卖盘
1437,14:52:55,17.22,-0.01,3,5166,买盘
1438,14:52:58,17.22,0.0,16,27552,买盘
1439,14:53:04,17.21,-0.01,5,8610,卖盘
1440,14:53:13,17.21,0.0,50,86060,卖盘
1441,14:53:19,17.25,0.04,10,17244,买盘
1442,14:53:25,17.21,-0.04,18,30978,卖盘
1443,14:53:37,17.22,0.01,17,29274,卖盘
1444,14:53:43,17.24,0.02,5,8620,买盘
1445,14:53:58,17.24,0.0,1,1724,卖盘
1446,14:54:04,17.24,0.0,3,5172,买盘
1447,14:54:10,17.24,0.0,2,3448,买盘
1448,14:54:16,17.24,0.0,15,25860,卖盘
1449,14:54:34,17.25,0.01,9,15525,买盘
1450,14:54:40,17.24,-0.01,1,1724,卖盘
1451,14:55:04,17.24,0.0,27,46548,卖盘
1452,14:55:22,17.24,0.0,1,1724,买盘
1453,14:55:28,17.23,-0.01,1,1723,买盘
1454,14:55:31,17.23,0.0,4,6892,买盘
1455,14:55:37,17.22,-0.01,2,3444,卖盘
1456,14:55:46,17.22,0.0,40,68923,卖盘
1457,14:55:52,17.22,0.0,13,22386,卖盘
1458,14:55:55,17.22,0.0,3,5166,卖盘
1459,14:56:01,17.23,0.01,6,10338,买盘
1460,14:56:04,17.22,-0.01,5,8610,卖盘
1461,14:56:07,17.22,0.0,4,6888,卖盘
1462,14:56:10,17.22,0.0,7,12054,卖盘
1463,14:56:22,17.23,0.01,20,34460,买盘
1464,14:56:28,17.22,-0.01,30,51660,卖盘
1465,14:56:31,17.17,-0.05,124,212748,卖盘
1466,14:56:49,17.16,-0.01,2,3432,卖盘
1467,14:56:55,17.15,-0.01,2,3430,买盘
1468,14:56:58,17.12,-0.03,2,3424,卖盘
1469,14:57:01,17.15,0.03,2,3430,买盘
1470,15:00:05,17.12,-0.03,365,624880,卖盘
