,time,price,change,volume,amount,type
0,09:25:05,27.2,-0.19,268,728960,卖盘
1,09:30:04,27.12,-0.08,73,198471,卖盘
2,09:30:07,27.15,0.03,212,576073,中性盘
3,09:30:10,27.19,0.04,103,280013,买盘
4,09:30:13,27.19,0.0,16,43504,买盘
5,09:30:16,27.12,-0.07,1,2712,卖盘
6,09:30:19,27.12,0.0,5,13560,卖盘
7,09:30:22,27.12,0.0,30,81375,卖盘
8,09:30:25,27.11,-0.01,9,24406,卖盘
9,09:30:31,27.12,0.01,15,40680,买盘
10,09:30:34,27.11,-0.01,20,54247,卖盘
11,09:30:37,27.1,-0.01,30,81317,卖盘
12,09:30:40,27.12,0.02,2,5424,中性盘
13,09:30:43,27.12,0.0,12,32544,卖盘
14,09:30:46,27.12,0.0,9,24408,卖盘
15,09:30:49,27.12,0.0,74,200590,买盘
16,09:30:52,27.11,-0.01,9,24391,中性盘
17,09:30:55,27.12,0.01,43,116573,买盘
18,09:30:58,27.14,0.02,17,46150,卖盘
19,09:31:01,27.08,-0.06,12,32503,卖盘
20,09:31:05,27.1,0.02,1,2710,卖盘
21,09:31:07,27.11,0.01,5,13555,买盘
22,09:31:10,27.14,0.03,38,103035,买盘
23,09:31:13,27.11,-0.03,6,16263,卖盘
24,09:31:16,27.1,-0.01,12,32528,卖盘
25,09:31:19,27.08,-0.02,20,54182,卖盘
26,09:31:22,27.11,0.03,10,27110,买盘
27,09:31:25,27.1,-0.01,31,84022,中性盘
28,09:31:28,27.09,-0.01,12,32513,卖盘
29,09:31:31,27.11,0.02,41,111130,买盘
30,09:31:34,27.09,-0.02,1,2709,卖盘
31,09:31:37,27.08,-0.01,91,246445,卖盘
32,09:31:40,27.08,0.0,2,5416,买盘
33,09:31:43,27.09,0.01,3,8127,买盘
34,09:31:46,27.07,-0.02,34,92119,卖盘
35,09:31:49,27.08,0.01,32,86599,中性盘
36,09:31:52,27.07,-0.01,33,89347,卖盘
37,09:31:55,27.07,0.0,16,43292,卖盘
38,09:31:58,27.08,0.01,33,89287,买盘
39,09:32:01,27.03,-0.05,42,113719,卖盘
40,09:32:04,27.03,0.0,5,13533,卖盘
41,09:32:07,27.09,0.06,6,16244,买盘
42,09:32:10,27.09,0.0,9,24381,卖盘
43,09:32:13,27.04,-0.05,27,73124,卖盘
44,09:32:22,27.1,0.06,10,27094,买盘
45,09:32:25,27.07,-0.03,46,124570,卖盘
46,09:32:28,27.05,-0.02,45,121872,卖盘
47,09:32:37,27.1,0.05,2,5420,买盘
48,09:32:40,27.05,-0.05,15,40587,卖盘
49,09:32:43,27.08,0.03,2,5416,中性盘
50,09:32:46,27.07,-0.01,41,110937,卖盘
51,09:32:49,27.07,0.0,3,8123,卖盘
52,09:32:52,27.1,0.03,23,62280,买盘
53,09:32:55,27.1,0.0,20,54200,买盘
54,09:32:58,27.03,-0.07,220,595103,卖盘
55,09:33:01,27.07,0.04,7,18949,买盘
56,09:33:04,27.1,0.03,49,132772,买盘
57,09:33:07,27.1,0.0,22,59670,卖盘
58,09:33:10,27.07,-0.03,105,284452,卖盘
59,09:33:13,27.07,0.0,20,54140,买盘
60,09:33:19,27.07,0.0,14,37890,买盘
61,09:33:22,27.06,-0.01,22,59532,卖盘
62,09:33:25,27.07,0.01,45,121815,买盘
63,09:33:28,27.07,0.0,29,78539,卖盘
64,09:33:31,27.07,0.0,8,21656,卖盘
65,09:33:34,27.11,0.04,10,27102,买盘
66,09:33:37,27.1,-0.01,1,2710,中性盘
67,09:33:43,27.08,-0.02,32,86624,中性盘
68,09:33:46,27.06,-0.02,55,148847,卖盘
69,09:33:49,27.06,0.0,11,29766,买盘
70,09:33:55,27.05,-0.01,4,10820,卖盘
71,09:33:58,27.04,-0.01,24,64898,卖盘
72,09:34:04,27.05,0.01,17,45975,买盘
73,09:34:13,27.03,-0.02,253,684589,卖盘
74,09:34:16,27.05,0.02,3,8113,中性盘
75,09:34:19,27.02,-0.03,168,454066,卖盘
76,09:34:22,27.04,0.02,98,264787,买盘
77,09:34:25,27.04,0.0,20,54116,卖盘
78,09:34:28,27.01,-0.03,27,73013,卖盘
79,09:34:31,27.04,0.03,2,5408,中性盘
80,09:34:34,27.04,0.0,35,96005,卖盘
81,09:34:37,27.01,-0.03,10,27018,买盘
82,09:34:40,27.01,0.0,20,54020,卖盘
83,09:34:43,27.03,0.02,103,278988,中性盘
84,09:34:46,27.02,-0.01,38,102677,卖盘
85,09:34:49,27.02,0.0,3,8108,卖盘
86,09:34:52,27.02,0.0,29,78362,卖盘
87,09:34:55,27.0,-0.02,168,453738,卖盘
88,09:34:58,27.02,0.02,4,10808,中性盘
89,09:35:01,27.02,0.0,8,21616,买盘
90,09:35:04,27.0,-0.02,66,178217,卖盘
91,09:35:07,27.0,0.0,9,24302,卖盘
92,09:35:10,27.0,0.0,24,64840,卖盘
93,09:35:13,27.0,0.0,102,274280,卖盘
94,09:35:16,27.0,0.0,18,48600,卖盘
95,09:35:19,26.95,-0.05,6,16182,卖盘
96,09:35:22,27.0,0.05,20,54000,买盘
97,09:35:25,27.0,0.0,33,89084,买盘
98,09:35:28,27.01,0.01,3,8103,买盘
99,09:35:31,27.0,-0.01,6,16203,卖盘
100,09:35:34,26.98,-0.02,97,261864,卖盘
101,09:35:37,26.98,0.0,42,113216,买盘
102,09:35:40,26.98,0.0,14,37772,买盘
103,09:35:43,26.98,0.0,5,13490,买盘
104,09:35:46,27.0,0.02,46,124173,买盘
105,09:35:49,26.95,-0.05,75,202250,卖盘
106,09:35:52,26.97,0.02,13,35053,中性盘
107,09:35:55,27.0,0.03,53,143100,买盘
108,09:35:58,27.0,0.0,48,129600,卖盘
109,09:36:01,27.0,0.0,12,32400,卖盘
110,09:36:04,27.0,0.0,40,108001,卖盘
111,09:36:07,27.0,0.0,3,8100,卖盘
112,09:36:10,27.06,0.06,4,10806,买盘
113,09:36:13,27.0,-0.06,59,159217,卖盘
114,09:36:16,27.0,0.0,24,64793,买盘
115,09:36:19,27.0,0.0,28,75600,买盘
116,09:36:22,26.97,-0.03,33,89068,卖盘
117,09:36:28,26.99,0.02,7,18893,买盘
118,09:36:31,26.99,0.0,17,45853,买盘
119,09:36:34,26.98,-0.01,9,24282,卖盘
120,09:36:37,26.97,-0.01,20,53946,卖盘
121,09:36:40,26.95,-0.02,71,191538,卖盘
122,09:36:46,26.99,0.04,135,364097,买盘
123,09:36:49,27.0,0.01,14,37800,买盘
124,09:36:52,27.03,0.03,1,2703,中性盘
125,09:36:55,26.97,-0.06,54,145701,卖盘
126,09:36:58,27.05,0.08,6,16230,买盘
127,09:37:01,26.97,-0.08,38,102492,卖盘
128,09:37:04,27.05,0.08,20,54035,买盘
129,09:37:06,27.0,-0.05,2,5402,中性盘
130,09:37:10,27.04,0.04,7,18899,中性盘
131,09:37:13,26.99,-0.05,85,229633,卖盘
132,09:37:16,26.99,0.0,5,13495,卖盘
133,09:37:19,27.0,0.01,26,70235,卖盘
134,09:37:22,27.01,0.01,106,286039,买盘
135,09:37:28,27.05,0.04,12,32460,中性盘
136,09:37:31,27.05,0.0,6,16227,买盘
137,09:37:34,27.03,-0.02,10,27040,卖盘
138,09:37:37,27.0,-0.03,15,40529,卖盘
139,09:37:40,27.05,0.05,37,100061,买盘
140,09:37:46,27.0,-0.05,15,40504,卖盘
141,09:37:55,27.04,0.04,10,27034,买盘
142,09:37:58,27.03,-0.01,1,2703,卖盘
143,09:38:01,27.04,0.01,4,10816,买盘
144,09:38:04,27.04,0.0,3,8112,买盘
145,09:38:07,27.05,0.01,20,54089,买盘
146,09:38:10,27.04,-0.01,19,51376,卖盘
147,09:38:13,27.04,0.0,20,54080,卖盘
148,09:38:16,27.05,0.01,44,119019,买盘
149,09:38:19,27.09,0.04,23,62255,买盘
150,09:38:22,27.05,-0.04,20,54100,卖盘
151,09:38:28,27.08,0.03,13,35204,买盘
152,09:38:31,27.08,0.0,1,2708,中性盘
153,09:38:34,27.08,0.0,6,16248,卖盘
154,09:38:37,27.1,0.02,8,21680,买盘
155,09:38:40,27.1,0.0,17,46073,买盘
156,09:38:43,27.1,0.0,14,37940,买盘
157,09:38:46,27.12,0.02,11,29832,买盘
158,09:38:49,27.15,0.03,23,62430,买盘
159,09:38:52,27.08,-0.07,93,251992,卖盘
160,09:38:55,27.12,0.04,13,35260,卖盘
161,09:38:58,27.16,0.04,7,19004,买盘
162,09:39:01,27.16,0.0,2,5432,买盘
163,09:39:04,27.16,0.0,15,40740,买盘
164,09:39:07,27.17,0.01,13,35273,买盘
165,09:39:10,27.16,-0.01,14,38036,卖盘
166,09:39:13,27.12,-0.04,58,157392,卖盘
167,09:39:19,27.17,0.05,18,48898,买盘
168,09:39:22,27.16,-0.01,10,27160,卖盘
169,09:39:25,27.16,0.0,15,40740,卖盘
170,09:39:28,27.17,0.01,1,2717,中性盘
171,09:39:31,27.18,0.01,24,65217,买盘
172,09:39:34,27.17,-0.01,30,81539,卖盘
173,09:39:37,27.18,0.01,58,157644,买盘
174,09:39:40,27.16,-0.02,5,13581,卖盘
175,09:39:43,27.18,0.02,15,40770,买盘
176,09:39:49,27.19,0.01,8,21752,买盘
177,09:39:52,27.19,0.0,24,65245,买盘
178,09:39:55,27.18,-0.01,11,29901,卖盘
179,09:39:58,27.18,0.0,29,78822,卖盘
180,09:40:01,27.19,0.01,22,59812,买盘
181,09:40:04,27.17,-0.02,83,225612,卖盘
182,09:40:07,27.24,0.07,21,57155,买盘
183,09:40:10,27.19,-0.05,1,2719,卖盘
184,09:40:13,27.19,0.0,3,8157,卖盘
185,09:40:16,27.19,0.0,6,16310,买盘
186,09:40:19,27.19,0.0,6,16314,买盘
187,09:40:22,27.19,0.0,3,8157,买盘
188,09:40:25,27.19,0.0,4,10883,卖盘
189,09:40:28,27.18,-0.01,8,21749,卖盘
190,09:40:31,27.19,0.01,16,43492,买盘
191,09:40:34,27.19,0.0,18,49002,卖盘
192,09:40:37,27.19,0.0,12,32628,卖盘
193,09:40:43,27.19,0.0,153,416008,卖盘
194,09:40:46,27.19,0.0,2,5438,买盘
195,09:40:55,27.19,0.0,102,277336,买盘
196,09:40:58,27.13,-0.06,27,73265,卖盘
197,09:41:01,27.16,0.03,5,13580,买盘
198,09:41:04,27.17,0.01,3,8151,买盘
199,09:41:07,27.13,-0.04,4,10852,卖盘
200,09:41:13,27.13,0.0,5,13565,卖盘
201,09:41:19,27.13,0.0,33,89529,卖盘
202,09:41:25,27.13,0.0,9,24417,买盘
203,09:41:28,27.12,-0.01,4,10848,卖盘
204,09:41:31,27.12,0.0,2,5424,买盘
205,09:41:34,27.11,-0.01,18,48810,卖盘
206,09:41:37,27.06,-0.05,113,306037,卖盘
207,09:41:40,27.1,0.04,47,127370,买盘
208,09:41:46,27.06,-0.04,10,27060,卖盘
209,09:41:52,27.06,0.0,12,32496,卖盘
210,09:41:55,27.06,0.0,22,59600,卖盘
211,09:41:58,27.06,0.0,9,24354,买盘
212,09:42:05,27.06,0.0,9,24354,买盘
213,09:42:07,27.06,0.0,5,13530,买盘
214,09:42:13,27.1,0.04,14,37900,买盘
215,09:42:16,27.1,0.0,14,37940,买盘
216,09:42:19,27.1,0.0,105,284276,买盘
217,09:42:22,27.1,0.0,15,40658,中性盘
218,09:42:25,27.12,0.02,4,10848,买盘
219,09:42:28,27.12,0.0,6,16272,买盘
220,09:42:31,27.11,-0.01,1,2711,买盘
221,09:42:34,27.08,-0.03,23,62304,卖盘
222,09:42:37,27.13,0.05,50,135599,买盘
223,09:42:43,27.13,0.0,4,10852,买盘
224,09:42:49,27.13,0.0,1,2713,买盘
225,09:42:52,27.13,0.0,24,65112,买盘
226,09:43:04,27.16,0.03,15,40735,买盘
227,09:43:07,27.16,0.0,18,48888,卖盘
228,09:43:10,27.13,-0.03,40,108610,卖盘
229,09:43:13,27.12,-0.01,7,18984,卖盘
230,09:43:22,27.12,0.0,31,84074,卖盘
231,09:43:25,27.13,0.01,54,146494,买盘
232,09:43:28,27.14,0.01,7,21654,买盘
233,09:43:31,27.14,0.0,18,48852,卖盘
234,09:43:37,27.14,0.0,2,5428,卖盘
235,09:43:43,27.16,0.02,3,8148,买盘
236,09:43:49,27.16,0.0,4,10864,买盘
237,09:43:52,27.16,0.0,10,27160,买盘
238,09:43:55,27.16,0.0,5,13580,买盘
239,09:43:58,27.16,0.0,34,92336,买盘
240,09:44:01,27.16,0.0,7,19012,卖盘
241,09:44:04,27.16,0.0,14,38024,卖盘
242,09:44:10,27.17,0.01,12,32601,买盘
243,09:44:13,27.17,0.0,3,8151,买盘
244,09:44:16,27.16,-0.01,2,5432,卖盘
245,09:44:25,27.14,-0.02,60,160248,卖盘
246,09:44:28,27.14,0.0,4,10856,买盘
247,09:44:31,27.12,-0.02,11,29842,卖盘
248,09:44:37,27.11,-0.01,6,16266,卖盘
249,09:44:43,27.08,-0.03,37,100254,卖盘
250,09:44:46,27.1,0.02,4,10839,买盘
251,09:44:49,27.1,0.0,1,2710,卖盘
252,09:44:55,27.08,-0.02,17,46050,卖盘
253,09:44:58,27.1,0.02,6,16260,买盘
254,09:45:01,27.1,0.0,3,8130,卖盘
255,09:45:04,27.11,0.01,3,8133,买盘
256,09:45:10,27.1,-0.01,4,10840,卖盘
257,09:45:16,27.11,0.01,18,48782,买盘
258,09:45:19,27.08,-0.03,10,27086,卖盘
259,09:45:22,27.11,0.03,2,5422,买盘
260,09:45:25,27.11,0.0,7,18972,买盘
261,09:45:28,27.08,-0.03,7,18964,卖盘
262,09:45:31,27.11,0.03,2,5422,买盘
263,09:45:40,27.1,-0.01,3,8130,卖盘
264,09:45:43,27.1,0.0,3,8130,买盘
265,09:45:46,27.11,0.01,12,32527,买盘
266,09:45:49,27.09,-0.02,7,18964,卖盘
267,09:45:52,27.1,0.01,9,24390,买盘
268,09:45:55,27.11,0.01,1,2711,买盘
269,09:45:58,27.1,-0.01,8,21680,卖盘
270,09:46:01,27.11,0.01,9,24399,买盘
271,09:46:04,27.1,-0.01,26,70485,卖盘
272,09:46:07,27.11,0.01,3,8133,中性盘
273,09:46:16,27.1,-0.01,75,203275,卖盘
274,09:46:19,27.1,0.0,10,27108,卖盘
275,09:46:22,27.1,0.0,7,18970,卖盘
276,09:46:25,27.13,0.03,10,27130,买盘
277,09:46:28,27.12,-0.01,6,16272,卖盘
278,09:46:34,27.12,0.0,3,8136,卖盘
279,09:46:40,27.12,0.0,5,13560,卖盘
280,09:46:43,27.16,0.04,95,257917,买盘
281,09:46:46,27.13,-0.03,5,13565,卖盘
282,09:46:52,27.16,0.03,23,62422,买盘
283,09:47:07,27.16,0.0,1,2716,买盘
284,09:47:13,27.15,-0.01,30,81450,中性盘
285,09:47:19,27.17,0.02,75,203663,买盘
286,09:47:22,27.14,-0.03,8,21707,中性盘
287,09:47:25,27.14,0.0,7,19004,卖盘
288,09:47:28,27.17,0.03,59,160286,买盘
289,09:47:31,27.17,0.0,4,10868,卖盘
290,09:47:34,27.17,0.0,3,8151,卖盘
291,09:47:37,27.17,0.0,7,19019,卖盘
292,09:47:40,27.19,0.02,9,24471,买盘
293,09:47:43,27.17,-0.02,2,5434,卖盘
294,09:47:46,27.19,0.02,4,10876,买盘
295,09:47:49,27.19,0.0,17,46223,卖盘
296,09:47:52,27.21,0.02,4,10884,买盘
297,09:47:58,27.26,0.05,8,21793,买盘
298,09:48:07,27.26,0.0,4,10904,买盘
299,09:48:10,27.26,0.0,11,29986,买盘
300,09:48:13,27.25,-0.01,10,27250,卖盘
301,09:48:16,27.28,0.03,6,16360,买盘
302,09:48:22,27.28,0.0,3,8184,买盘
303,09:48:25,27.28,0.0,23,62709,中性盘
304,09:48:28,27.26,-0.02,18,49095,卖盘
305,09:48:31,27.26,0.0,61,166316,卖盘
306,09:48:34,27.3,0.04,3,8190,买盘
307,09:48:37,27.29,-0.01,1,2729,卖盘
308,09:48:40,27.29,0.0,3,8187,卖盘
309,09:48:43,27.29,0.0,5,13645,卖盘
310,09:48:46,27.3,0.01,1,2730,买盘
311,09:48:49,27.33,0.03,15,40979,买盘
312,09:48:55,27.31,-0.02,7,19125,卖盘
313,09:48:58,27.3,-0.01,20,54600,卖盘
314,09:49:01,27.29,-0.01,26,70967,卖盘
315,09:49:04,27.3,0.01,13,35490,买盘
316,09:49:07,27.3,0.0,2,5460,买盘
317,09:49:10,27.3,0.0,39,106446,买盘
318,09:49:13,27.27,-0.03,90,245411,卖盘
319,09:49:16,27.26,-0.01,40,109078,卖盘
320,09:49:19,27.17,-0.09,8,21793,卖盘
321,09:49:22,27.28,0.11,5,13640,卖盘
322,09:49:25,27.28,0.0,6,16368,卖盘
323,09:49:31,27.31,0.03,291,790439,买盘
324,09:49:34,27.29,-0.02,2,5458,中性盘
325,09:49:37,27.26,-0.03,52,141312,买盘
326,09:49:40,27.28,0.02,4,10912,买盘
327,09:49:43,27.26,-0.02,1,2726,卖盘
328,09:49:46,27.27,0.01,3,8180,买盘
329,09:49:49,27.26,-0.01,1,2726,卖盘
330,09:49:58,27.2,-0.06,28,76175,卖盘
331,09:50:13,27.25,0.05,1,2725,中性盘
332,09:50:16,27.25,0.0,3,8175,卖盘
333,09:50:19,27.28,0.03,26,70889,买盘
334,09:50:22,27.26,-0.02,26,70851,中性盘
335,09:50:28,27.28,0.02,12,32730,买盘
336,09:50:31,27.25,-0.03,24,65423,卖盘
337,09:50:34,27.2,-0.05,13,35375,卖盘
338,09:50:37,27.25,0.05,10,27250,买盘
339,09:50:40,27.25,0.0,20,54500,买盘
340,09:50:43,27.25,0.0,28,76300,买盘
341,09:50:58,27.25,0.0,18,49056,卖盘
342,09:51:01,27.28,0.03,9,24541,买盘
343,09:51:06,27.28,0.0,37,100935,买盘
344,09:51:10,27.28,0.0,3,8184,卖盘
345,09:51:16,27.28,0.0,6,16368,卖盘
346,09:51:25,27.28,0.0,10,27280,卖盘
347,09:51:31,27.28,0.0,2,5456,买盘
348,09:51:40,27.27,-0.01,2,5454,卖盘
349,09:51:43,27.28,0.01,2,5456,买盘
350,09:51:46,27.27,-0.01,1,2727,卖盘
351,09:51:52,27.27,0.0,9,24543,买盘
352,09:51:55,27.27,0.0,15,40905,买盘
353,09:51:58,27.27,0.0,10,27270,买盘
354,09:52:04,27.26,-0.01,11,29986,卖盘
355,09:52:16,27.25,-0.01,2,5450,卖盘
356,09:52:19,27.25,0.0,25,68140,卖盘
357,09:52:25,27.25,0.0,7,19070,买盘
358,09:52:31,27.2,-0.05,5,13600,卖盘
359,09:52:34,27.25,0.05,1,2725,买盘
360,09:52:37,27.2,-0.05,29,78903,卖盘
361,09:52:40,27.25,0.05,1,2725,买盘
362,09:52:43,27.25,0.0,1,2725,买盘
363,09:52:46,27.25,0.0,7,19075,买盘
364,09:52:52,27.2,-0.05,20,54415,卖盘
365,09:52:55,27.21,0.01,12,32652,买盘
366,09:53:01,27.16,-0.05,70,190178,卖盘
367,09:53:04,27.2,0.04,3,8160,买盘
368,09:53:13,27.16,-0.04,4,10867,卖盘
369,09:53:19,27.18,0.02,1,2718,买盘
370,09:53:22,27.16,-0.02,1,2716,卖盘
371,09:53:34,27.17,0.01,16,43472,卖盘
372,09:53:43,27.17,0.0,26,70652,卖盘
373,09:53:46,27.17,0.0,9,24453,买盘
374,09:53:49,27.17,0.0,10,27170,买盘
375,09:54:04,27.17,0.0,8,21736,买盘
376,09:54:07,27.17,0.0,45,122264,买盘
377,09:54:10,27.16,-0.01,3,8148,卖盘
378,09:54:13,27.17,0.01,74,201058,买盘
379,09:54:16,27.2,0.03,40,108722,买盘
380,09:54:19,27.17,-0.03,29,78797,卖盘
381,09:54:46,27.21,0.04,18,48978,买盘
382,09:54:49,27.21,0.0,15,40815,买盘
383,09:54:52,27.21,0.0,5,13605,买盘
384,09:54:55,27.21,0.0,3,8163,卖盘
385,09:54:58,27.21,0.0,9,24489,卖盘
386,09:55:04,27.25,0.04,1,2725,买盘
387,09:55:13,27.25,0.0,10,27250,买盘
388,09:55:16,27.28,0.03,50,136280,买盘
389,09:55:19,27.25,-0.03,1,2725,中性盘
390,09:55:22,27.25,0.0,21,57176,买盘
391,09:55:25,27.25,0.0,1,2725,买盘
392,09:55:31,27.28,0.03,10,27280,买盘
393,09:55:40,27.3,0.02,10,27292,买盘
394,09:55:43,27.29,-0.01,9,24561,中性盘
395,09:55:46,27.29,0.0,5,13645,买盘
396,09:55:52,27.29,0.0,12,32747,买盘
397,09:55:55,27.3,0.01,1,2730,买盘
398,09:55:58,27.3,0.0,15,40950,买盘
399,09:56:01,27.3,0.0,59,161070,买盘
400,09:56:04,27.31,0.01,1,2731,买盘
401,09:56:10,27.31,0.0,26,70987,买盘
402,09:56:13,27.32,0.01,50,136597,买盘
403,09:56:16,27.32,0.0,3,8196,卖盘
404,09:56:19,27.32,0.0,5,13666,卖盘
405,09:56:22,27.36,0.04,139,380149,买盘
406,09:56:25,27.35,-0.01,1,2735,卖盘
407,09:56:28,27.35,0.0,16,43762,卖盘
408,09:56:31,27.38,0.03,9,24641,买盘
409,09:56:37,27.39,0.01,1,2739,买盘
410,09:56:40,27.39,0.0,10,27390,买盘
411,09:56:43,27.4,0.01,29,79444,买盘
412,09:56:46,27.42,0.02,4,10962,买盘
413,09:56:49,27.4,-0.02,1,2740,卖盘
414,09:56:52,27.4,0.0,5,13702,卖盘
415,09:56:55,27.43,0.03,93,255054,买盘
416,09:56:58,27.41,-0.02,25,68500,买盘
417,09:57:04,27.41,0.0,11,30148,买盘
418,09:57:07,27.41,0.0,3,8223,卖盘
419,09:57:10,27.41,0.0,10,27410,买盘
420,09:57:13,27.41,0.0,2,5482,买盘
421,09:57:16,27.4,-0.01,58,158985,卖盘
422,09:57:19,27.42,0.02,9,24672,买盘
423,09:57:22,27.42,0.0,18,49346,买盘
424,09:57:25,27.4,-0.02,21,57555,卖盘
425,09:57:28,27.4,0.0,39,106860,买盘
426,09:57:31,27.4,0.0,7,19180,买盘
427,09:57:34,27.4,0.0,6,16440,买盘
428,09:57:40,27.39,-0.01,44,120516,卖盘
429,09:57:43,27.4,0.01,28,76704,买盘
430,09:57:46,27.4,0.0,1,2740,买盘
431,09:57:55,27.37,-0.03,38,103996,卖盘
432,09:57:58,27.39,0.02,91,249193,买盘
433,09:58:01,27.37,-0.02,21,57473,买盘
434,09:58:04,27.35,-0.02,7,19151,卖盘
435,09:58:07,27.37,0.02,3,8211,买盘
436,09:58:10,27.35,-0.02,26,71111,卖盘
437,09:58:13,27.35,0.0,52,142220,卖盘
438,09:58:16,27.35,0.0,8,21880,中性盘
439,09:58:19,27.28,-0.07,30,81849,卖盘
440,09:58:22,27.28,0.0,6,16368,买盘
441,09:58:28,27.28,0.0,21,57287,买盘
442,09:58:34,27.28,0.0,5,13640,买盘
443,09:58:40,27.27,-0.01,1,2727,卖盘
444,09:58:43,27.25,-0.02,31,84484,卖盘
445,09:58:46,27.28,0.03,9,24552,买盘
446,09:58:55,27.35,0.07,10,27350,买盘
447,09:59:01,27.35,0.0,2,5470,买盘
448,09:59:07,27.3,-0.05,10,27300,卖盘
449,09:59:10,27.3,0.0,58,158363,买盘
450,09:59:16,27.3,0.0,3,8190,买盘
451,09:59:19,27.3,0.0,7,19110,买盘
452,09:59:22,27.3,0.0,17,46410,买盘
453,09:59:28,27.3,0.0,61,166573,卖盘
454,09:59:31,27.33,0.03,1,2733,买盘
455,09:59:37,27.33,0.0,12,32796,买盘
456,09:59:40,27.35,0.02,17,46495,买盘
457,09:59:43,27.35,0.0,7,19145,卖盘
458,09:59:46,27.3,-0.05,131,357899,卖盘
459,09:59:49,27.34,0.04,4,10924,买盘
460,09:59:52,27.37,0.03,7,19155,买盘
461,09:59:55,27.37,0.0,2,5474,买盘
462,09:59:58,27.34,-0.03,10,27354,卖盘
463,10:00:04,27.36,0.02,6,16416,买盘
464,10:00:10,27.35,-0.01,1,2735,中性盘
465,10:00:13,27.36,0.01,4,10942,买盘
466,10:00:16,27.36,0.0,1,2736,买盘
467,10:00:19,27.34,-0.02,3,8204,卖盘
468,10:00:22,27.34,0.0,28,76557,卖盘
469,10:00:25,27.34,0.0,3,8202,买盘
470,10:00:28,27.34,0.0,8,21872,买盘
471,10:00:31,27.34,0.0,35,95671,买盘
472,10:00:34,27.34,0.0,10,27356,卖盘
473,10:00:37,27.33,-0.01,30,82002,卖盘
474,10:00:46,27.34,0.01,4,10936,卖盘
475,10:00:49,27.33,-0.01,7,19131,卖盘
476,10:00:55,27.33,0.0,5,13665,卖盘
477,10:00:58,27.31,-0.02,54,147576,卖盘
478,10:01:10,27.33,0.02,3,8199,买盘
479,10:01:13,27.33,0.0,7,19131,买盘
480,10:01:25,27.31,-0.02,12,32772,卖盘
481,10:01:37,27.33,0.02,23,62826,买盘
482,10:01:43,27.31,-0.02,5,13661,卖盘
483,10:01:46,27.31,0.0,2,5462,卖盘
484,10:01:49,27.35,0.04,17,46477,买盘
485,10:01:52,27.35,0.0,9,24615,买盘
486,10:01:55,27.35,0.0,2,5470,卖盘
487,10:02:01,27.36,0.01,14,38304,买盘
488,10:02:04,27.35,-0.01,5,13675,卖盘
489,10:02:07,27.36,0.01,2,5472,买盘
490,10:02:16,27.36,0.0,11,30090,买盘
491,10:02:19,27.35,-0.01,3,8205,卖盘
492,10:02:22,27.34,-0.01,2,5468,卖盘
493,10:02:25,27.32,-0.02,25,68374,卖盘
494,10:02:40,27.31,-0.01,4,10924,卖盘
495,10:02:43,27.31,0.0,1,2731,卖盘
496,10:02:52,27.31,0.0,32,87392,卖盘
497,10:03:04,27.31,0.0,3,8193,卖盘
498,10:03:07,27.3,-0.01,12,32763,卖盘
499,10:03:16,27.31,0.01,11,30031,买盘
500,10:03:19,27.3,-0.01,20,54600,卖盘
501,10:03:22,27.29,-0.01,20,54612,卖盘
502,10:03:31,27.29,0.0,14,38211,卖盘
503,10:03:34,27.28,-0.01,20,54570,卖盘
504,10:03:40,27.28,0.0,11,30008,卖盘
505,10:03:43,27.3,0.02,5,13647,买盘
506,10:03:46,27.29,-0.01,28,76385,买盘
507,10:03:49,27.28,-0.01,12,32736,卖盘
508,10:03:52,27.27,-0.01,1,2727,卖盘
509,10:04:01,27.28,0.01,63,171847,买盘
510,10:04:04,27.29,0.01,18,49102,买盘
511,10:04:07,27.25,-0.04,40,109060,卖盘
512,10:04:16,27.21,-0.04,3,8163,卖盘
513,10:04:19,27.23,0.02,1,2723,买盘
514,10:04:22,27.23,0.0,1,2723,卖盘
515,10:04:25,27.21,-0.02,19,51704,卖盘
516,10:04:28,27.21,0.0,10,27210,买盘
517,10:04:34,27.2,-0.01,18,48977,卖盘
518,10:04:40,27.21,0.01,2,5442,中性盘
519,10:04:43,27.2,-0.01,73,198599,卖盘
520,10:04:46,27.2,0.0,61,165920,卖盘
521,10:04:49,27.2,0.0,4,10880,买盘
522,10:04:52,27.2,0.0,18,48960,买盘
523,10:04:55,27.21,0.01,23,62583,买盘
524,10:04:58,27.19,-0.02,19,51667,卖盘
525,10:05:00,27.21,0.02,28,76129,买盘
526,10:05:04,27.25,0.04,10,27217,买盘
527,10:05:10,27.25,0.0,1,2725,买盘
528,10:05:13,27.24,-0.01,1,2724,买盘
529,10:05:16,27.25,0.01,1,2725,买盘
530,10:05:19,27.25,0.0,1,5396,买盘
531,10:05:22,27.25,0.0,2,5452,买盘
532,10:05:25,27.25,0.0,2,5450,买盘
533,10:05:28,27.27,0.02,1,2727,买盘
534,10:05:31,27.28,0.01,14,38160,买盘
535,10:05:34,27.29,0.01,3,8187,买盘
536,10:05:37,27.29,0.0,1,1364,卖盘
537,10:05:46,27.3,0.01,7,19104,买盘
538,10:05:49,27.28,-0.02,5,13640,卖盘
539,10:05:58,27.3,0.02,10,27300,买盘
540,10:06:01,27.3,0.0,3,8190,买盘
541,10:06:04,27.3,0.0,8,21840,买盘
542,10:06:07,27.3,0.0,12,32760,买盘
543,10:06:19,27.31,0.01,5,13655,卖盘
544,10:06:22,27.31,0.0,1,2731,买盘
545,10:06:25,27.31,0.0,10,27310,买盘
546,10:06:28,27.3,-0.01,19,51882,卖盘
547,10:06:31,27.31,0.01,2,5462,买盘
548,10:06:34,27.32,0.01,4,10928,买盘
549,10:06:37,27.32,0.0,1,2732,买盘
550,10:06:40,27.32,0.0,6,16388,买盘
551,10:06:43,27.35,0.03,1,2735,买盘
552,10:06:46,27.32,-0.03,8,21856,卖盘
553,10:06:49,27.32,0.0,1,2732,卖盘
554,10:06:52,27.35,0.03,34,92990,买盘
555,10:06:55,27.35,0.0,6,16410,买盘
556,10:06:58,27.35,0.0,3,8205,买盘
557,10:07:01,27.35,0.0,3,8205,买盘
558,10:07:07,27.35,0.0,3,8204,买盘
559,10:07:10,27.3,-0.05,79,215736,卖盘
560,10:07:16,27.35,0.05,51,139420,买盘
561,10:07:25,27.28,-0.07,4,10912,卖盘
562,10:07:34,27.32,0.04,2,5464,卖盘
563,10:07:46,27.3,-0.02,30,81900,卖盘
564,10:07:49,27.34,0.04,16,43734,买盘
565,10:07:52,27.31,-0.03,1,2731,中性盘
566,10:07:55,27.3,-0.01,63,171999,卖盘
567,10:07:58,27.3,0.0,13,35490,卖盘
568,10:08:04,27.3,0.0,5,13650,买盘
569,10:08:10,27.29,-0.01,17,46406,卖盘
570,10:08:13,27.29,0.0,15,40935,买盘
571,10:08:19,27.29,0.0,5,13645,卖盘
572,10:08:25,27.29,0.0,3,8187,卖盘
573,10:08:28,27.29,0.0,49,133739,买盘
574,10:08:34,27.29,0.0,3,8187,卖盘
575,10:08:37,27.29,0.0,25,68225,卖盘
576,10:08:40,27.29,0.0,32,87328,买盘
577,10:08:49,27.28,-0.01,2,5457,卖盘
578,10:08:52,27.28,0.0,24,65472,卖盘
579,10:08:55,27.28,0.0,9,24552,买盘
580,10:09:01,27.25,-0.03,66,179875,卖盘
581,10:09:10,27.23,-0.02,14,38132,卖盘
582,10:09:13,27.24,0.01,56,152582,买盘
583,10:09:22,27.24,0.0,1,2724,卖盘
584,10:09:25,27.24,0.0,7,19068,卖盘
585,10:09:28,27.24,0.0,1,2724,卖盘
586,10:09:37,27.24,0.0,1,2724,卖盘
587,10:09:43,27.24,0.0,15,40861,卖盘
588,10:09:46,27.23,-0.01,5,13615,卖盘
589,10:09:52,27.24,0.01,11,29964,买盘
590,10:09:55,27.23,-0.01,10,27230,卖盘
591,10:09:58,27.24,0.01,1,2724,买盘
592,10:10:01,27.23,-0.01,11,29954,卖盘
593,10:10:04,27.23,0.0,3,8170,卖盘
594,10:10:07,27.24,0.01,2,5448,买盘
595,10:10:10,27.24,0.0,2,5448,买盘
596,10:10:13,27.28,0.04,5,13627,买盘
597,10:10:16,27.28,0.0,12,32736,买盘
598,10:10:19,27.29,0.01,21,57283,买盘
599,10:10:22,27.25,-0.04,23,62743,卖盘
600,10:10:25,27.22,-0.03,67,182653,卖盘
601,10:10:28,27.29,0.07,19,51851,买盘
602,10:10:31,27.23,-0.06,22,60026,卖盘
603,10:10:34,27.29,0.06,82,223594,买盘
604,10:10:37,27.29,0.0,9,24561,买盘
605,10:10:40,27.25,-0.04,2,5450,卖盘
606,10:10:43,27.32,0.07,6,16386,买盘
607,10:10:46,27.31,-0.01,4,10924,中性盘
608,10:10:49,27.32,0.01,16,43696,买盘
609,10:10:52,27.32,0.0,6,16392,买盘
610,10:10:55,27.32,0.0,8,21856,买盘
611,10:11:01,27.32,0.0,32,87424,买盘
612,10:11:04,27.32,0.0,10,27320,买盘
613,10:11:10,27.33,0.01,3,8199,买盘
614,10:11:16,27.31,-0.02,6,16387,卖盘
615,10:11:22,27.34,0.03,48,131135,买盘
616,10:11:25,27.34,0.0,1,2734,买盘
617,10:11:31,27.34,0.0,10,27340,买盘
618,10:11:40,27.31,-0.03,19,51889,卖盘
619,10:11:43,27.31,0.0,18,49158,买盘
620,10:11:46,27.33,0.02,2,5466,买盘
621,10:11:49,27.31,-0.02,10,27324,卖盘
622,10:11:52,27.3,-0.01,2,5461,卖盘
623,10:11:55,27.31,0.01,4,10924,买盘
624,10:11:58,27.34,0.03,20,54661,买盘
625,10:12:04,27.33,-0.01,11,30051,买盘
626,10:12:07,27.31,-0.02,14,38234,卖盘
627,10:12:13,27.31,0.0,3,8193,买盘
628,10:12:16,27.31,0.0,23,62813,买盘
629,10:12:19,27.31,0.0,18,49158,卖盘
630,10:12:22,27.31,0.0,2,5462,卖盘
631,10:12:34,27.31,0.0,1,2731,卖盘
632,10:12:37,27.3,-0.01,63,172021,卖盘
633,10:12:46,27.3,0.0,8,21839,买盘
634,10:12:49,27.29,-0.01,55,150095,卖盘
635,10:12:55,27.29,0.0,5,13645,买盘
636,10:13:01,27.29,0.0,5,13645,买盘
637,10:13:07,27.28,-0.01,29,79112,卖盘
638,10:13:13,27.29,0.01,8,21832,买盘
639,10:13:19,27.29,0.0,3,8187,卖盘
640,10:13:22,27.3,0.01,10,27300,买盘
641,10:13:24,27.3,0.0,10,27300,买盘
642,10:13:28,27.3,0.0,17,46410,买盘
643,10:13:34,27.3,0.0,36,98280,买盘
644,10:13:37,27.32,0.02,11,30042,买盘
645,10:13:40,27.32,0.0,1,2732,买盘
646,10:13:49,27.32,0.0,1,2732,买盘
647,10:13:52,27.32,0.0,1,2732,买盘
648,10:14:01,27.32,0.0,4,10930,卖盘
649,10:14:04,27.32,0.0,25,68300,卖盘
650,10:14:07,27.32,0.0,24,65568,卖盘
651,10:14:13,27.32,0.0,5,13660,买盘
652,10:14:19,27.31,-0.01,11,30041,卖盘
653,10:14:34,27.28,-0.03,98,267463,卖盘
654,10:14:37,27.31,0.03,52,141943,买盘
655,10:14:43,27.3,-0.01,1,2730,卖盘
656,10:14:46,27.31,0.01,4,10924,买盘
657,10:14:49,27.3,-0.01,18,49150,卖盘
658,10:14:58,27.3,0.0,12,32760,卖盘
659,10:15:01,27.3,0.0,2,5460,买盘
660,10:15:04,27.28,-0.02,4,10912,卖盘
661,10:15:10,27.3,0.02,12,32760,买盘
662,10:15:13,27.28,-0.02,5,13644,卖盘
663,10:15:16,27.3,0.02,10,27300,卖盘
664,10:15:19,27.3,0.0,11,30030,卖盘
665,10:15:28,27.32,0.02,10,27320,买盘
666,10:15:34,27.32,0.0,30,81931,买盘
667,10:15:37,27.3,-0.02,68,185640,卖盘
668,10:15:43,27.31,0.01,8,21848,卖盘
669,10:15:46,27.3,-0.01,8,21841,卖盘
670,10:15:52,27.3,0.0,12,32780,卖盘
671,10:15:55,27.32,0.02,5,13660,买盘
672,10:16:04,27.32,0.0,9,24588,买盘
673,10:16:07,27.32,0.0,70,191201,买盘
674,10:16:13,27.32,0.0,22,60104,买盘
675,10:16:22,27.33,0.01,81,221373,买盘
676,10:16:25,27.32,-0.01,12,32794,卖盘
677,10:16:46,27.33,0.01,4,10936,卖盘
678,10:16:48,27.33,0.0,87,237809,卖盘
679,10:16:52,27.35,0.02,5,13675,买盘
680,10:16:55,27.35,0.0,1,2735,卖盘
681,10:16:58,27.35,0.0,13,35555,卖盘
682,10:17:04,27.32,-0.03,138,377027,卖盘
683,10:17:10,27.37,0.05,30,82075,买盘
684,10:17:13,27.33,-0.04,112,305942,卖盘
685,10:17:15,27.35,0.02,35,95725,买盘
686,10:17:19,27.35,0.0,2,5470,买盘
687,10:17:22,27.35,0.0,5,13673,买盘
688,10:17:25,27.35,0.0,36,98460,买盘
689,10:17:28,27.35,0.0,7,19145,买盘
690,10:17:31,27.35,0.0,14,38290,买盘
691,10:17:34,27.35,0.0,10,27350,买盘
692,10:17:43,27.33,-0.02,1,2733,卖盘
693,10:17:52,27.35,0.02,4,10940,买盘
694,10:17:55,27.35,0.0,30,82050,买盘
695,10:17:58,27.33,-0.02,2,5466,卖盘
696,10:18:00,27.35,0.02,5,13675,买盘
697,10:18:04,27.35,0.0,12,32820,买盘
698,10:18:16,27.37,0.02,32,87557,买盘
699,10:18:22,27.37,0.0,10,27370,卖盘
700,10:18:25,27.38,0.01,9,24642,买盘
701,10:18:27,27.38,0.0,10,27379,买盘
702,10:18:31,27.38,0.0,9,24642,买盘
703,10:18:33,27.4,0.02,85,232856,买盘
704,10:18:40,27.39,-0.01,1,2739,卖盘
705,10:18:46,27.4,0.01,13,35620,买盘
706,10:18:49,27.41,0.01,1,2741,买盘
707,10:18:51,27.42,0.01,4,10967,买盘
708,10:18:55,27.42,0.0,2,5484,买盘
709,10:18:58,27.41,-0.01,1,2741,卖盘
710,10:19:01,27.4,-0.01,56,153504,卖盘
711,10:19:04,27.4,0.0,28,76720,买盘
712,10:19:07,27.4,0.0,27,73980,买盘
713,10:19:10,27.45,0.05,27,74073,买盘
714,10:19:13,27.4,-0.05,5,13700,卖盘
715,10:19:15,27.4,0.0,2,5480,卖盘
716,10:19:18,27.45,0.05,13,35655,买盘
717,10:19:22,27.45,0.0,2,5490,买盘
718,10:19:25,27.45,0.0,104,285068,买盘
719,10:19:28,27.45,0.0,9,24705,买盘
720,10:19:31,27.45,0.0,1,2745,买盘
721,10:19:34,27.44,-0.01,15,41170,中性盘
722,10:19:37,27.45,0.01,89,244246,买盘
723,10:19:40,27.43,-0.02,10,27430,卖盘
724,10:19:43,27.43,0.0,3,8229,卖盘
725,10:19:46,27.45,0.02,69,189405,买盘
726,10:19:49,27.45,0.0,19,52155,买盘
727,10:19:52,27.43,-0.02,200,548723,卖盘
728,10:19:54,27.45,0.02,8,21960,中性盘
729,10:19:58,27.45,0.0,28,76860,买盘
730,10:20:01,27.45,0.0,4,10978,买盘
731,10:20:07,27.45,0.0,30,82340,买盘
732,10:20:10,27.43,-0.02,76,208468,卖盘
733,10:20:13,27.43,0.0,18,49374,买盘
734,10:20:16,27.43,0.0,13,35659,买盘
735,10:20:19,27.4,-0.03,104,285147,卖盘
736,10:20:22,27.43,0.03,18,49341,中性盘
737,10:20:25,27.38,-0.05,67,183456,卖盘
738,10:20:30,27.38,0.0,3,8214,买盘
739,10:20:37,27.38,0.0,9,24642,买盘
740,10:20:52,27.38,0.0,7,19166,卖盘
741,10:20:58,27.38,0.0,15,41075,卖盘
742,10:21:01,27.38,0.0,4,10952,卖盘
743,10:21:04,27.4,0.02,17,46580,买盘
744,10:21:07,27.38,-0.02,10,27380,卖盘
745,10:21:13,27.37,-0.01,263,719926,卖盘
746,10:21:16,27.37,0.0,5,13685,买盘
747,10:21:19,27.4,0.03,28,76687,买盘
748,10:21:22,27.38,-0.02,12,32856,卖盘
749,10:21:24,27.38,0.0,4,10952,卖盘
750,10:21:28,27.38,0.0,1,2738,卖盘
751,10:21:30,27.38,0.0,1,2738,卖盘
752,10:21:34,27.35,-0.03,59,161420,卖盘
753,10:21:40,27.4,0.05,9,24660,买盘
754,10:21:43,27.4,0.0,5,13700,卖盘
755,10:21:52,27.38,-0.02,21,57508,卖盘
756,10:21:55,27.4,0.02,1,2740,买盘
757,10:22:01,27.4,0.0,5,13700,买盘
758,10:22:04,27.4,0.0,3,8220,买盘
759,10:22:07,27.4,0.0,20,54800,买盘
760,10:22:09,27.4,0.0,9,24660,买盘
761,10:22:19,27.41,0.01,4,10964,买盘
762,10:22:22,27.4,-0.01,9,24660,卖盘
763,10:22:25,27.4,0.0,27,73987,卖盘
764,10:22:31,27.4,0.0,9,24660,买盘
765,10:22:37,27.4,0.0,12,32880,买盘
766,10:22:40,27.41,0.01,6,16446,买盘
767,10:22:49,27.41,0.0,13,35629,买盘
768,10:22:52,27.41,0.0,3,8223,买盘
769,10:23:10,27.4,-0.01,20,54800,卖盘
770,10:23:12,27.41,0.01,7,19180,买盘
771,10:23:16,27.41,0.0,6,16446,买盘
772,10:23:19,27.41,0.0,4,10964,卖盘
773,10:23:22,27.38,-0.03,4,10956,卖盘
774,10:23:28,27.42,0.04,20,54814,买盘
775,10:23:31,27.39,-0.03,4,10956,卖盘
776,10:23:37,27.4,0.01,3,8220,卖盘
777,10:23:40,27.4,0.0,2,5480,卖盘
778,10:23:43,27.4,0.0,20,54799,买盘
779,10:23:52,27.4,0.0,19,52045,买盘
780,10:24:01,27.38,-0.02,46,125948,卖盘
781,10:24:04,27.4,0.02,34,93134,买盘
782,10:24:10,27.36,-0.04,28,76654,卖盘
783,10:24:13,27.38,0.02,9,24642,中性盘
784,10:24:16,27.39,0.01,5,13695,买盘
785,10:24:19,27.38,-0.01,3,8214,卖盘
786,10:24:25,27.36,-0.02,12,32836,卖盘
787,10:24:28,27.33,-0.03,53,144942,卖盘
788,10:24:31,27.36,0.03,1,2736,中性盘
789,10:24:34,27.36,0.0,1,2736,卖盘
790,10:24:40,27.37,0.01,5,13684,买盘
791,10:24:46,27.33,-0.04,18,49194,卖盘
792,10:24:52,27.32,-0.01,42,114824,卖盘
793,10:24:55,27.33,0.01,19,51896,买盘
794,10:24:57,27.34,0.01,4,10936,卖盘
795,10:25:00,27.31,-0.03,22,60103,卖盘
796,10:25:04,27.31,0.0,9,24579,卖盘
797,10:25:13,27.33,0.02,1,2733,买盘
798,10:25:16,27.31,-0.02,4,10924,卖盘
799,10:25:19,27.31,0.0,15,40965,卖盘
800,10:25:28,27.32,0.01,5,13660,卖盘
801,10:25:31,27.32,0.0,3,8196,卖盘
802,10:25:34,27.32,0.0,23,62836,卖盘
803,10:25:39,27.31,-0.01,12,32783,卖盘
804,10:25:43,27.32,0.01,7,19124,买盘
805,10:25:46,27.31,-0.01,3,8220,卖盘
806,10:25:51,27.31,0.0,1,2731,买盘
807,10:25:55,27.3,-0.01,23,62790,卖盘
808,10:25:58,27.31,0.01,8,21815,买盘
809,10:26:04,27.32,0.01,18,49176,买盘
810,10:26:07,27.3,-0.02,8,21844,卖盘
811,10:26:19,27.32,0.02,2,5464,卖盘
812,10:26:31,27.32,0.0,12,32784,买盘
813,10:26:33,27.32,0.0,5,13658,买盘
814,10:26:40,27.32,0.0,3,8196,买盘
815,10:26:43,27.32,0.0,3,8196,卖盘
816,10:26:46,27.36,0.04,20,54690,买盘
817,10:26:51,27.31,-0.05,12,32772,卖盘
818,10:26:54,27.36,0.05,1,2736,买盘
819,10:27:04,27.36,0.0,18,49244,买盘
820,10:27:10,27.33,-0.03,5,13665,卖盘
821,10:27:22,27.33,0.0,71,194227,买盘
822,10:27:28,27.36,0.03,13,35568,买盘
823,10:27:34,27.36,0.0,24,65664,买盘
824,10:27:45,27.36,0.0,70,191520,买盘
825,10:27:52,27.37,0.01,1,2737,买盘
826,10:27:55,27.37,0.0,2,5474,买盘
827,10:28:04,27.36,-0.01,4,10946,卖盘
828,10:28:07,27.4,0.04,20,54785,买盘
829,10:28:24,27.4,0.0,2,5480,买盘
830,10:28:27,27.4,0.0,25,68500,买盘
831,10:28:37,27.4,0.0,2,5480,买盘
832,10:28:40,27.38,-0.02,6,16438,卖盘
833,10:28:46,27.4,0.02,2,5480,中性盘
834,10:28:48,27.41,0.01,5,13702,买盘
835,10:28:51,27.41,0.0,33,90453,买盘
836,10:28:58,27.41,0.0,31,84970,买盘
837,10:29:12,27.42,0.01,3,8226,买盘
838,10:29:16,27.41,-0.01,6,16446,卖盘
839,10:29:19,27.41,0.0,5,13705,买盘
840,10:29:28,27.41,0.0,9,24669,买盘
841,10:29:31,27.41,0.0,20,54820,卖盘
842,10:29:37,27.42,0.01,17,46614,买盘
843,10:29:40,27.42,0.0,57,156215,买盘
844,10:29:43,27.41,-0.01,1,2741,中性盘
845,10:29:46,27.41,0.0,12,32892,卖盘
846,10:29:49,27.41,0.0,18,49338,买盘
847,10:29:52,27.41,0.0,1,2741,买盘
848,10:30:01,27.4,-0.01,4,10960,卖盘
849,10:30:07,27.4,0.0,4,10960,买盘
850,10:30:10,27.4,0.0,2,5480,买盘
851,10:30:13,27.41,0.01,1,2741,买盘
852,10:30:16,27.4,-0.01,28,76731,卖盘
853,10:30:19,27.42,0.02,15,41121,买盘
854,10:30:22,27.42,0.0,2,5484,买盘
855,10:30:28,27.42,0.0,3,8226,买盘
856,10:30:31,27.4,-0.02,13,35626,卖盘
857,10:30:34,27.42,0.02,3,8226,买盘
858,10:30:37,27.42,0.0,28,76761,买盘
859,10:30:42,27.43,0.01,14,38402,买盘
860,10:30:49,27.43,0.0,10,27430,买盘
861,10:30:52,27.43,0.0,24,65822,买盘
862,10:30:55,27.42,-0.01,13,35658,卖盘
863,10:31:01,27.42,0.0,17,46614,买盘
864,10:31:04,27.44,0.02,4,10976,买盘
865,10:31:13,27.44,0.0,2,5488,买盘
866,10:31:16,27.44,0.0,14,38416,买盘
867,10:31:19,27.45,0.01,20,54900,买盘
868,10:31:22,27.44,-0.01,16,43896,买盘
869,10:31:27,27.45,0.01,2,5490,买盘
870,10:31:31,27.45,0.0,55,150923,买盘
871,10:31:34,27.45,0.0,31,85095,买盘
872,10:31:43,27.45,0.0,22,60390,买盘
873,10:31:46,27.45,0.0,4,10980,买盘
874,10:31:49,27.45,0.0,10,27450,买盘
875,10:31:52,27.43,-0.02,5,13719,卖盘
876,10:31:55,27.45,0.02,15,41161,买盘
877,10:31:58,27.45,0.0,6,16470,买盘
878,10:32:01,27.45,0.0,7,19215,买盘
879,10:32:07,27.45,0.0,38,104298,买盘
880,10:32:10,27.45,0.0,7,19215,买盘
881,10:32:13,27.44,-0.01,63,172828,卖盘
882,10:32:16,27.42,-0.02,60,164520,卖盘
883,10:32:22,27.45,0.03,40,109783,买盘
884,10:32:25,27.45,0.0,1,2745,卖盘
885,10:32:34,27.43,-0.02,29,79570,卖盘
886,10:32:37,27.44,0.01,10,27440,买盘
887,10:32:52,27.43,-0.01,9,24688,卖盘
888,10:32:58,27.45,0.02,92,252418,买盘
889,10:33:04,27.42,-0.03,6,16452,卖盘
890,10:33:13,27.45,0.03,20,54900,买盘
891,10:33:15,27.45,0.0,45,123525,买盘
892,10:33:19,27.45,0.0,1,2745,卖盘
893,10:33:22,27.45,0.0,10,27450,卖盘
894,10:33:25,27.45,0.0,14,38430,卖盘
895,10:33:28,27.44,-0.01,18,49384,买盘
896,10:33:34,27.44,0.0,16,43904,买盘
897,10:33:40,27.44,0.0,3,8232,卖盘
898,10:33:42,27.45,0.01,13,35677,买盘
899,10:33:45,27.45,0.0,26,71370,买盘
900,10:33:49,27.44,-0.01,5,13720,卖盘
901,10:33:52,27.44,0.0,9,24700,卖盘
902,10:33:55,27.44,0.0,3,8232,买盘
903,10:34:04,27.42,-0.02,5,13715,卖盘
904,10:34:07,27.42,0.0,55,150910,卖盘
905,10:34:13,27.44,0.02,30,82294,买盘
906,10:34:15,27.42,-0.02,5,13710,买盘
907,10:34:19,27.4,-0.02,11,30152,卖盘
908,10:34:22,27.4,0.0,5,13700,卖盘
909,10:34:28,27.4,0.0,10,27400,卖盘
910,10:34:37,27.42,0.02,11,30161,买盘
911,10:34:40,27.4,-0.02,5,13700,卖盘
912,10:34:43,27.4,0.0,4,10960,卖盘
913,10:34:46,27.4,0.0,4,10960,卖盘
914,10:34:48,27.4,0.0,18,49310,买盘
915,10:34:52,27.4,0.0,7,19180,买盘
916,10:35:01,27.38,-0.02,5,13690,卖盘
917,10:35:04,27.39,0.01,1,2739,买盘
918,10:35:07,27.38,-0.01,2,5476,卖盘
919,10:35:10,27.36,-0.02,9,24624,卖盘
920,10:35:21,27.36,0.0,8,21892,卖盘
921,10:35:25,27.33,-0.03,7,19131,卖盘
922,10:35:28,27.33,0.0,2,5466,买盘
923,10:35:31,27.32,-0.01,16,43712,卖盘
924,10:35:34,27.33,0.01,4,10932,买盘
925,10:35:37,27.36,0.03,2,5472,买盘
926,10:35:46,27.32,-0.04,2,5464,卖盘
927,10:35:49,27.33,0.01,2,5466,买盘
928,10:35:52,27.32,-0.01,10,27328,卖盘
929,10:35:55,27.3,-0.02,177,483337,卖盘
930,10:35:58,27.32,0.02,14,38187,买盘
931,10:36:01,27.33,0.01,3,8199,卖盘
932,10:36:04,27.3,-0.03,15,40940,卖盘
933,10:36:07,27.3,0.0,6,16374,买盘
934,10:36:13,27.27,-0.03,25,68215,卖盘
935,10:36:16,27.3,0.03,10,27290,买盘
936,10:36:19,27.3,0.0,28,76440,买盘
937,10:36:25,27.27,-0.03,2,5455,卖盘
938,10:36:28,27.27,0.0,5,13636,买盘
939,10:36:31,27.26,-0.01,54,147216,卖盘
940,10:36:34,27.28,0.02,22,60016,买盘
941,10:36:37,27.29,0.01,30,81846,买盘
942,10:36:46,27.29,0.0,10,27290,卖盘
943,10:37:06,27.25,-0.04,72,196309,卖盘
944,10:37:10,27.29,0.04,2,5458,买盘
945,10:37:19,27.3,0.01,2,5460,卖盘
946,10:37:25,27.3,0.0,3,8190,卖盘
947,10:37:31,27.3,0.0,1,2730,买盘
948,10:37:34,27.3,0.0,10,27300,买盘
949,10:37:37,27.28,-0.02,2,5458,卖盘
950,10:37:40,27.3,0.02,15,40950,买盘
951,10:37:43,27.3,0.0,4,10920,买盘
952,10:37:46,27.3,0.0,7,19110,买盘
953,10:37:49,27.3,0.0,8,21826,买盘
954,10:37:55,27.3,0.0,24,65520,买盘
955,10:37:58,27.3,0.0,3,8190,买盘
956,10:38:04,27.3,0.0,2,5460,卖盘
957,10:38:10,27.3,0.0,16,43681,卖盘
958,10:38:13,27.3,0.0,5,13650,卖盘
959,10:38:16,27.3,0.0,11,30030,卖盘
960,10:38:19,27.3,0.0,9,24575,卖盘
961,10:38:22,27.3,0.0,10,27300,卖盘
962,10:38:25,27.31,0.01,7,19117,卖盘
963,10:38:28,27.35,0.04,14,38286,买盘
964,10:38:52,27.36,0.01,18,49233,买盘
965,10:38:58,27.35,-0.01,25,68375,卖盘
966,10:39:01,27.35,0.0,5,13675,卖盘
967,10:39:07,27.36,0.01,9,24622,买盘
968,10:39:09,27.35,-0.01,15,41025,卖盘
969,10:39:16,27.33,-0.02,5,13665,卖盘
970,10:39:19,27.35,0.02,1,2735,买盘
971,10:39:22,27.35,0.0,20,54700,买盘
972,10:39:25,27.35,0.0,3,8205,买盘
973,10:39:28,27.3,-0.05,50,136542,卖盘
974,10:39:36,27.3,0.0,11,30030,卖盘
975,10:39:45,27.3,0.0,12,32760,买盘
976,10:39:48,27.29,-0.01,2,5458,卖盘
977,10:39:51,27.29,0.0,2,5458,卖盘
978,10:39:55,27.29,0.0,2,5458,买盘
979,10:40:01,27.29,0.0,3,8187,买盘
980,10:40:04,27.28,-0.01,7,19096,卖盘
981,10:40:07,27.3,0.02,12,32754,买盘
982,10:40:10,27.28,-0.02,8,21824,卖盘
983,10:40:13,27.28,0.0,1,2728,买盘
984,10:40:16,27.27,-0.01,11,29998,卖盘
985,10:40:18,27.28,0.01,5,13641,买盘
986,10:40:22,27.28,0.0,1,2728,买盘
987,10:40:24,27.27,-0.01,11,29998,卖盘
988,10:40:28,27.27,0.0,4,10908,卖盘
989,10:40:31,27.27,0.0,2,5454,卖盘
990,10:40:34,27.27,0.0,19,51813,卖盘
991,10:40:37,27.27,0.0,83,226261,买盘
992,10:40:39,27.27,0.0,1,2727,买盘
993,10:40:43,27.25,-0.02,61,166225,卖盘
994,10:40:46,27.26,0.01,13,35437,买盘
995,10:40:49,27.25,-0.01,26,70850,卖盘
996,10:40:52,27.25,0.0,82,223435,卖盘
997,10:40:55,27.25,0.0,15,40862,卖盘
998,10:40:58,27.26,0.01,25,68150,卖盘
999,10:41:06,27.26,0.0,20,54520,卖盘
1000,10:41:10,27.26,0.0,8,21808,卖盘
1001,10:41:15,27.26,0.0,20,54520,买盘
1002,10:41:22,27.26,0.0,2,5452,买盘
1003,10:41:24,27.25,-0.01,7,19075,卖盘
1004,10:41:28,27.26,0.01,5,13630,买盘
1005,10:41:31,27.26,0.0,3,8178,买盘
1006,10:41:34,27.26,0.0,10,27254,买盘
1007,10:41:36,27.26,0.0,5,13630,买盘
1008,10:41:40,27.25,-0.01,1,2725,卖盘
1009,10:41:43,27.25,0.0,5,13628,卖盘
1010,10:41:46,27.25,0.0,19,51790,卖盘
1011,10:41:49,27.25,0.0,15,40875,卖盘
1012,10:41:52,27.26,0.01,1,2726,买盘
1013,10:41:57,27.26,0.0,5,13630,卖盘
1014,10:42:10,27.26,0.0,5,13633,卖盘
1015,10:42:28,27.26,0.0,2,5453,卖盘
1016,10:42:30,27.26,0.0,17,46347,卖盘
1017,10:42:34,27.25,-0.01,8,21807,卖盘
1018,10:42:42,27.25,0.0,6,16350,卖盘
1019,10:42:46,27.25,0.0,50,136250,卖盘
1020,10:42:49,27.25,0.0,19,51775,卖盘
1021,10:42:52,27.26,0.01,50,136268,买盘
1022,10:42:58,27.26,0.0,20,54518,买盘
1023,10:43:01,27.26,0.0,5,13630,买盘
1024,10:43:06,27.26,0.0,19,51786,买盘
1025,10:43:10,27.26,0.0,10,27260,买盘
1026,10:43:15,27.26,0.0,4,10904,卖盘
1027,10:43:34,27.28,0.02,5,13640,买盘
1028,10:43:43,27.28,0.0,3,8180,买盘
1029,10:43:49,27.28,0.0,12,32736,买盘
1030,10:44:07,27.29,0.01,4,10916,买盘
1031,10:44:10,27.28,-0.01,50,136400,卖盘
1032,10:44:16,27.29,0.01,10,27290,买盘
1033,10:44:18,27.29,0.0,2,5458,买盘
1034,10:44:25,27.28,-0.01,17,46376,卖盘
1035,10:44:28,27.29,0.01,5,13645,买盘
1036,10:44:31,27.29,0.0,14,38201,买盘
1037,10:44:34,27.29,0.0,5,13645,卖盘
1038,10:44:42,27.28,-0.01,15,40928,卖盘
1039,10:44:46,27.28,0.0,3,8184,买盘
1040,10:44:49,27.28,0.0,1,2728,买盘
1041,10:44:51,27.28,0.0,3,8184,买盘
1042,10:45:04,27.28,0.0,7,19096,买盘
1043,10:45:07,27.26,-0.02,2,5452,卖盘
1044,10:45:22,27.26,0.0,3,8178,卖盘
1045,10:45:28,27.26,0.0,5,13630,卖盘
1046,10:45:33,27.26,0.0,6,16356,卖盘
1047,10:45:36,27.26,0.0,6,16356,卖盘
1048,10:45:48,27.25,-0.01,44,119905,卖盘
1049,10:45:54,27.25,0.0,3,8175,买盘
1050,10:46:04,27.25,0.0,5,13623,买盘
1051,10:46:10,27.24,-0.01,7,19068,卖盘
1052,10:46:12,27.24,0.0,14,38136,卖盘
1053,10:46:18,27.24,0.0,1,2724,卖盘
1054,10:46:22,27.24,0.0,6,16344,买盘
1055,10:46:24,27.24,0.0,2,5448,买盘
1056,10:46:27,27.23,-0.01,1,2723,卖盘
1057,10:46:31,27.24,0.01,2,5448,买盘
1058,10:46:34,27.23,-0.01,1,2723,卖盘
1059,10:46:37,27.22,-0.01,1,2722,买盘
1060,10:46:43,27.22,0.0,24,65334,卖盘
1061,10:46:46,27.24,0.02,1,2724,买盘
1062,10:46:49,27.22,-0.02,13,35413,卖盘
1063,10:46:52,27.22,0.0,4,10888,买盘
1064,10:46:55,27.23,0.01,39,106137,买盘
1065,10:47:01,27.24,0.01,1,2724,买盘
1066,10:47:04,27.2,-0.04,33,89842,卖盘
1067,10:47:10,27.21,0.01,1,2721,买盘
1068,10:47:13,27.21,0.0,11,29931,买盘
1069,10:47:19,27.21,0.0,13,35373,买盘
1070,10:47:22,27.21,0.0,5,13603,买盘
1071,10:47:25,27.2,-0.01,44,119720,卖盘
1072,10:47:27,27.2,0.0,39,106084,卖盘
1073,10:47:30,27.21,0.01,2,5443,中性盘
1074,10:47:34,27.23,0.02,1,2723,买盘
1075,10:47:37,27.21,-0.02,49,133527,卖盘
1076,10:47:49,27.21,0.0,16,43549,卖盘
1077,10:47:57,27.2,-0.01,47,128017,卖盘
1078,10:48:00,27.27,0.07,20,54473,中性盘
1079,10:48:06,27.38,0.11,82,224029,买盘
1080,10:48:13,27.38,0.0,1,2738,买盘
1081,10:48:16,27.4,0.02,23,63009,买盘
1082,10:48:19,27.45,0.05,77,211109,买盘
1083,10:48:22,27.45,0.0,46,126270,买盘
1084,10:48:25,27.46,0.01,30,82380,买盘
1085,10:48:28,27.47,0.01,82,225193,买盘
1086,10:48:31,27.47,0.0,103,282941,买盘
1087,10:48:34,27.47,0.0,22,60434,买盘
1088,10:48:37,27.48,0.01,110,302188,买盘
1089,10:48:40,27.48,0.0,28,76941,买盘
1090,10:48:43,27.49,0.01,150,412350,买盘
1091,10:48:46,27.51,0.02,77,211926,买盘
1092,10:48:52,27.58,0.07,4,11032,买盘
1093,10:48:55,27.6,0.02,25,68984,买盘
1094,10:48:58,27.6,0.0,30,82790,买盘
1095,10:49:01,27.65,0.05,26,71836,买盘
1096,10:49:04,27.65,0.0,4,11051,买盘
1097,10:49:07,27.61,-0.04,18,49699,卖盘
1098,10:49:09,27.61,0.0,23,63503,买盘
1099,10:49:13,27.66,0.05,18,49719,买盘
1100,10:49:16,27.65,-0.01,15,41480,卖盘
1101,10:49:18,27.61,-0.04,25,69071,卖盘
1102,10:49:22,27.61,0.0,27,74547,买盘
1103,10:49:24,27.6,-0.01,27,74537,卖盘
1104,10:49:28,27.65,0.05,21,58047,买盘
1105,10:49:31,27.6,-0.05,27,74525,卖盘
1106,10:49:34,27.65,0.05,42,116082,买盘
1107,10:49:37,27.65,0.0,5,13825,买盘
1108,10:49:39,27.64,-0.01,48,132580,买盘
1109,10:49:42,27.6,-0.04,12,33116,中性盘
1110,10:49:45,27.64,0.04,16,44176,买盘
1111,10:49:48,27.63,-0.01,58,160325,买盘
1112,10:49:52,27.64,0.01,4,11055,买盘
1113,10:49:55,27.63,-0.01,2,5526,中性盘
1114,10:49:58,27.65,0.02,75,207328,买盘
1115,10:50:01,27.62,-0.03,19,52485,卖盘
1116,10:50:04,27.63,0.01,53,146409,买盘
1117,10:50:07,27.63,0.0,57,157491,买盘
1118,10:50:09,27.63,0.0,25,69094,卖盘
1119,10:50:13,27.62,-0.01,30,82855,卖盘
1120,10:50:15,27.6,-0.02,16,44160,卖盘
1121,10:50:19,27.62,0.02,8,22086,买盘
1122,10:50:21,27.6,-0.02,56,154647,卖盘
1123,10:50:24,27.63,0.03,42,116030,买盘
1124,10:50:28,27.63,0.0,38,104965,买盘
1125,10:50:31,27.6,-0.03,209,577613,卖盘
1126,10:50:34,27.68,0.08,93,257120,买盘
1127,10:50:37,27.71,0.03,126,348839,买盘
1128,10:50:39,27.8,0.09,113,313926,买盘
1129,10:50:42,27.9,0.1,47,131083,买盘
1130,10:50:45,27.95,0.05,51,142119,买盘
1131,10:50:48,27.95,0.0,12,33532,买盘
1132,10:50:51,28.0,0.05,178,498048,买盘
1133,10:50:54,28.0,0.0,56,156783,买盘
1134,10:50:58,27.99,-0.01,99,277393,卖盘
1135,10:51:01,28.18,0.19,78,219567,买盘
1136,10:51:04,28.26,0.08,22,62051,买盘
1137,10:51:07,28.16,-0.1,37,104260,卖盘
1138,10:51:09,28.21,0.05,19,53688,中性盘
1139,10:51:13,28.36,0.15,191,540279,买盘
1140,10:51:15,28.27,-0.09,150,425009,卖盘
1141,10:51:19,28.29,0.02,37,104616,买盘
1142,10:51:22,28.29,0.0,110,311155,买盘
1143,10:51:24,28.27,-0.02,310,876719,中性盘
1144,10:51:28,28.27,0.0,143,404209,买盘
1145,10:51:31,28.29,0.02,239,675214,买盘
1146,10:51:33,28.27,-0.02,137,387686,卖盘
1147,10:51:37,28.26,-0.01,96,271405,卖盘
1148,10:51:40,28.28,0.02,79,223317,买盘
1149,10:51:42,28.26,-0.02,96,271610,中性盘
1150,10:51:45,28.1,-0.16,53,149211,卖盘
1151,10:51:49,28.19,0.09,25,70253,买盘
1152,10:51:52,28.2,0.01,207,583953,买盘
1153,10:51:55,28.1,-0.1,48,134857,卖盘
1154,10:51:57,28.05,-0.05,67,187933,买盘
1155,10:52:00,28.05,0.0,108,302902,买盘
1156,10:52:04,28.05,0.0,76,213164,买盘
1157,10:52:07,28.09,0.04,46,129119,买盘
1158,10:52:10,28.09,0.0,60,168746,卖盘
1159,10:52:13,28.16,0.07,161,451840,买盘
1160,10:52:16,28.05,-0.11,11,30856,卖盘
1161,10:52:19,28.16,0.11,54,152016,买盘
1162,10:52:22,28.06,-0.1,128,359433,卖盘
1163,10:52:25,28.15,0.09,47,132300,买盘
1164,10:52:28,28.1,-0.05,29,81606,卖盘
1165,10:52:30,28.07,-0.03,37,104009,卖盘
1166,10:52:33,28.05,-0.02,328,920740,卖盘
1167,10:52:36,28.1,0.05,93,260908,买盘
1168,10:52:40,28.09,-0.01,41,115202,卖盘
1169,10:52:43,28.07,-0.02,19,53350,卖盘
1170,10:52:46,28.07,0.0,54,151467,卖盘
1171,10:52:49,28.04,-0.03,138,387609,中性盘
1172,10:52:52,28.08,0.04,20,56115,买盘
1173,10:52:55,28.04,-0.04,11,30845,卖盘
1174,10:52:58,28.03,-0.01,38,106488,买盘
1175,10:53:01,28.05,0.02,27,75769,买盘
1176,10:53:04,28.02,-0.03,60,168171,卖盘
1177,10:53:06,28.03,0.01,13,36429,买盘
1178,10:53:09,28.05,0.02,149,417942,买盘
1179,10:53:13,28.05,0.0,22,61710,卖盘
1180,10:53:16,28.05,0.0,18,50490,卖盘
1181,10:53:19,28.05,0.0,3,8415,卖盘
1182,10:53:22,28.08,0.03,71,199214,买盘
1183,10:53:24,28.09,0.01,81,227491,买盘
1184,10:53:27,28.09,0.0,6,16854,卖盘
1185,10:53:30,28.09,0.0,1,2809,卖盘
1186,10:53:33,28.1,0.01,71,199487,买盘
1187,10:53:37,28.13,0.03,3,8439,买盘
1188,10:53:40,28.14,0.01,37,104083,买盘
1189,10:53:43,28.15,0.01,56,157617,买盘
1190,10:53:46,28.16,0.01,31,87249,买盘
1191,10:53:48,28.13,-0.03,105,295449,卖盘
1192,10:53:52,28.15,0.02,99,278964,中性盘
1193,10:53:55,28.2,0.05,204,574420,买盘
1194,10:53:57,28.2,0.0,15,42300,卖盘
1195,10:54:01,28.25,0.05,51,144029,买盘
1196,10:54:04,28.29,0.04,25,70676,买盘
1197,10:54:07,28.2,-0.09,168,474199,卖盘
1198,10:54:10,28.3,0.1,86,243074,买盘
1199,10:54:12,28.29,-0.01,109,308380,卖盘
1200,10:54:16,28.3,0.01,91,257337,买盘
1201,10:54:19,28.29,-0.01,69,194875,买盘
1202,10:54:22,28.28,-0.01,149,421208,中性盘
1203,10:54:25,28.28,0.0,16,45248,买盘
1204,10:54:28,28.28,0.0,95,268131,买盘
1205,10:54:31,28.25,-0.03,39,110151,中性盘
1206,10:54:34,28.2,-0.05,86,242920,卖盘
1207,10:54:37,28.16,-0.04,133,375336,卖盘
1208,10:54:40,28.16,0.0,14,39446,卖盘
1209,10:54:43,28.14,-0.02,32,90060,卖盘
1210,10:54:45,28.16,0.02,21,59168,买盘
1211,10:54:49,28.16,0.0,15,42240,卖盘
1212,10:54:52,28.14,-0.02,47,132295,卖盘
1213,10:54:55,28.14,0.0,70,196982,卖盘
1214,10:54:58,28.1,-0.04,120,337688,卖盘
1215,10:55:01,28.09,-0.01,16,44959,卖盘
1216,10:55:04,28.1,0.01,2,5620,买盘
1217,10:55:07,28.09,-0.01,13,36517,卖盘
1218,10:55:10,28.09,0.0,4,11236,卖盘
1219,10:55:13,28.1,0.01,72,202262,买盘
1220,10:55:15,28.08,-0.02,53,148847,卖盘
1221,10:55:19,28.08,0.0,44,123522,买盘
1222,10:55:21,28.08,0.0,29,81432,买盘
1223,10:55:25,28.08,0.0,81,227442,买盘
1224,10:55:28,28.05,-0.03,75,210312,中性盘
1225,10:55:31,28.03,-0.02,36,100986,卖盘
1226,10:55:37,28.01,-0.02,8,22413,卖盘
1227,10:55:40,28.01,0.0,32,89641,卖盘
1228,10:55:42,28.01,0.0,30,84005,买盘
1229,10:55:45,28.0,-0.01,8,22400,卖盘
1230,10:55:52,27.98,-0.02,9,25183,卖盘
1231,10:55:55,27.97,-0.01,12,33571,卖盘
1232,10:55:58,27.98,0.01,43,120331,买盘
1233,10:56:01,27.97,-0.01,6,16782,买盘
1234,10:56:04,27.95,-0.02,16,44737,卖盘
1235,10:56:07,27.97,0.02,58,162147,买盘
1236,10:56:09,27.97,0.0,10,27963,中性盘
1237,10:56:12,27.95,-0.02,6,16770,买盘
1238,10:56:16,27.92,-0.03,36,100614,卖盘
1239,10:56:21,27.95,0.03,34,94950,买盘
1240,10:56:24,27.91,-0.04,20,55820,卖盘
1241,10:56:27,27.92,0.01,1,2792,中性盘
1242,10:56:36,27.97,0.05,51,142579,买盘
1243,10:56:40,27.96,-0.01,2,5592,卖盘
1244,10:56:43,27.98,0.02,47,131504,买盘
1245,10:56:49,27.99,0.01,7,19584,买盘
1246,10:56:52,27.96,-0.03,7,19578,卖盘
1247,10:56:58,27.99,0.03,3,8396,买盘
1248,10:57:01,27.98,-0.01,1,2798,卖盘
1249,10:57:04,27.99,0.01,43,120391,买盘
1250,10:57:07,27.99,0.0,15,41976,中性盘
1251,10:57:10,28.0,0.01,4,11200,买盘
1252,10:57:13,28.0,0.0,2,5601,卖盘
1253,10:57:16,28.01,0.01,2,5602,中性盘
1254,10:57:19,28.04,0.03,26,72836,买盘
1255,10:57:24,28.03,-0.01,9,25227,卖盘
1256,10:57:28,28.02,-0.01,2,5604,卖盘
1257,10:57:31,28.03,0.01,1,2803,中性盘
1258,10:57:34,28.03,0.0,29,81287,买盘
1259,10:57:37,28.02,-0.01,37,103688,卖盘
1260,10:57:40,28.02,0.0,9,25222,卖盘
1261,10:57:43,28.03,0.01,74,207393,买盘
1262,10:57:49,28.0,-0.03,18,50400,卖盘
1263,10:57:52,28.0,0.0,53,148400,卖盘
1264,10:57:54,28.0,0.0,1,2800,买盘
1265,10:57:58,28.0,0.0,51,142800,买盘
1266,10:58:00,28.0,0.0,15,41987,买盘
1267,10:58:04,28.0,0.0,14,39190,买盘
1268,10:58:06,27.99,-0.01,11,30781,买盘
1269,10:58:16,27.95,-0.04,16,44735,卖盘
1270,10:58:24,27.96,0.01,44,122947,买盘
1271,10:58:37,27.93,-0.03,5,13965,卖盘
1272,10:58:40,27.93,0.0,51,142448,卖盘
1273,10:58:42,27.93,0.0,65,181597,卖盘
1274,10:58:45,27.93,0.0,80,223442,卖盘
1275,10:58:49,27.94,0.01,14,39114,中性盘
1276,10:58:51,27.93,-0.01,90,251451,卖盘
1277,10:58:54,27.92,-0.01,34,94937,卖盘
1278,10:58:57,27.92,0.0,4,11168,卖盘
1279,10:59:01,27.92,0.0,3,8376,买盘
1280,10:59:04,27.91,-0.01,103,287477,卖盘
1281,10:59:09,27.9,-0.01,59,164660,卖盘
1282,10:59:13,27.9,0.0,8,22320,卖盘
1283,10:59:19,27.9,0.0,59,164610,买盘
1284,10:59:22,27.91,0.01,5,13955,买盘
1285,10:59:25,27.9,-0.01,7,19530,卖盘
1286,10:59:28,27.9,0.0,10,27900,卖盘
1287,10:59:31,27.9,0.0,51,142328,卖盘
1288,10:59:33,27.9,0.0,21,58590,卖盘
1289,10:59:36,27.91,0.01,30,83711,买盘
1290,10:59:43,27.9,-0.01,24,66960,买盘
1291,10:59:46,27.89,-0.01,9,25112,中性盘
1292,10:59:49,27.89,0.0,5,13945,卖盘
1293,10:59:52,27.9,0.01,4,11159,中性盘
1294,11:00:01,27.9,0.0,5,13950,卖盘
1295,11:00:04,27.9,0.0,12,33482,卖盘
1296,11:00:07,27.9,0.0,6,16740,卖盘
1297,11:00:13,27.9,0.0,32,89280,买盘
1298,11:00:16,27.89,-0.01,2,5578,卖盘
1299,11:00:19,27.9,0.01,24,66958,买盘
1300,11:00:22,27.9,0.0,1,2790,买盘
1301,11:00:25,27.89,-0.01,2,5578,卖盘
1302,11:00:28,27.9,0.01,15,41850,买盘
1303,11:00:33,27.89,-0.01,23,64147,卖盘
1304,11:00:37,27.89,0.0,6,16734,买盘
1305,11:00:40,27.9,0.01,29,80909,买盘
1306,11:00:42,27.88,-0.02,5,13945,卖盘
1307,11:00:46,27.9,0.02,7,19530,买盘
1308,11:00:49,27.9,0.0,3,8370,买盘
1309,11:01:04,27.88,-0.02,5,13944,卖盘
1310,11:01:06,27.9,0.02,19,53010,买盘
1311,11:01:12,27.88,-0.02,20,55760,卖盘
1312,11:01:16,27.9,0.02,56,156239,买盘
1313,11:01:19,27.9,0.0,2,5581,卖盘
1314,11:01:22,27.9,0.0,2,5580,卖盘
1315,11:01:25,27.9,0.0,22,61381,卖盘
1316,11:01:31,27.9,0.0,10,27900,买盘
1317,11:01:34,27.88,-0.02,16,44608,卖盘
1318,11:01:37,27.88,0.0,1,2788,买盘
1319,11:01:39,27.88,0.0,1,2788,买盘
1320,11:01:46,27.87,-0.01,10,27870,卖盘
1321,11:01:52,27.87,0.0,5,13935,卖盘
1322,11:01:55,27.87,0.0,7,19509,卖盘
1323,11:01:58,27.88,0.01,1,2788,买盘
1324,11:02:00,27.88,0.0,12,33456,卖盘
1325,11:02:04,27.88,0.0,5,13940,卖盘
1326,11:02:10,27.9,0.02,11,30670,买盘
1327,11:02:13,27.88,-0.02,3,8364,卖盘
1328,11:02:16,27.88,0.0,5,13940,卖盘
1329,11:02:19,27.88,0.0,7,19526,卖盘
1330,11:02:22,27.9,0.02,7,19526,买盘
1331,11:02:25,27.88,-0.02,5,13940,卖盘
1332,11:02:28,27.9,0.02,2,5580,买盘
1333,11:02:37,27.9,0.0,1,2790,买盘
1334,11:02:40,27.9,0.0,49,136710,买盘
1335,11:02:43,27.9,0.0,1,2790,卖盘
1336,11:02:49,27.91,0.01,2,5582,买盘
1337,11:02:52,27.9,-0.01,10,27907,卖盘
1338,11:02:54,27.93,0.03,10,27927,买盘
1339,11:02:57,27.92,-0.01,57,159045,中性盘
1340,11:03:04,27.93,0.01,2,5586,买盘
1341,11:03:07,27.93,0.0,1,2793,买盘
1342,11:03:10,27.93,0.0,1,2793,买盘
1343,11:03:19,27.94,0.01,10,27933,买盘
1344,11:03:21,27.93,-0.01,18,50274,卖盘
1345,11:03:27,27.93,0.0,12,33516,买盘
1346,11:03:31,27.93,0.0,2,5586,买盘
1347,11:03:34,27.93,0.0,19,53062,买盘
1348,11:03:39,27.92,-0.01,1,2792,买盘
1349,11:03:49,27.9,-0.02,7,19530,卖盘
1350,11:03:58,27.89,-0.01,2,5578,卖盘
1351,11:04:04,27.88,-0.01,65,181230,卖盘
1352,11:04:07,27.89,0.01,2,5578,买盘
1353,11:04:10,27.85,-0.04,21,58516,卖盘
1354,11:04:22,27.82,-0.03,3,8346,卖盘
1355,11:04:28,27.82,0.0,10,27829,卖盘
1356,11:04:34,27.81,-0.01,11,30591,卖盘
1357,11:04:37,27.8,-0.01,49,136220,卖盘
1358,11:04:39,27.82,0.02,30,83433,买盘
1359,11:04:49,27.81,-0.01,1,2781,卖盘
1360,11:05:00,27.79,-0.02,10,27795,卖盘
1361,11:05:04,27.8,0.01,5,13900,买盘
1362,11:05:06,27.8,0.0,15,41700,买盘
1363,11:05:10,27.79,-0.01,4,11116,卖盘
1364,11:05:16,27.79,0.0,9,25011,卖盘
1365,11:05:25,27.79,0.0,2,5558,买盘
1366,11:05:31,27.79,0.0,6,16674,买盘
1367,11:05:34,27.78,-0.01,15,41680,卖盘
1368,11:05:37,27.79,0.01,7,19448,中性盘
1369,11:05:40,27.78,-0.01,4,11114,卖盘
1370,11:05:43,27.78,0.0,1,2778,买盘
1371,11:05:51,27.78,0.0,1,2778,买盘
1372,11:05:58,27.77,-0.01,25,69449,卖盘
1373,11:06:04,27.78,0.01,8,22224,卖盘
1374,11:06:16,27.79,0.01,6,16671,买盘
1375,11:06:19,27.78,-0.01,6,16669,卖盘
1376,11:06:22,27.79,0.01,1,2779,卖盘
1377,11:06:25,27.8,0.01,1,2780,买盘
1378,11:06:27,27.79,-0.01,16,44469,卖盘
1379,11:06:30,27.8,0.01,6,16680,买盘
1380,11:06:34,27.8,0.0,14,38917,买盘
1381,11:06:37,27.8,0.0,2,5560,买盘
1382,11:06:40,27.8,0.0,5,13900,买盘
1383,11:06:49,27.81,0.01,13,36153,买盘
1384,11:06:52,27.88,0.07,2,5569,买盘
1385,11:07:07,27.88,0.0,1,2788,买盘
1386,11:07:19,27.88,0.0,7,19516,卖盘
1387,11:07:22,27.88,0.0,9,25092,买盘
1388,11:07:27,27.89,0.01,4,11155,买盘
1389,11:07:31,27.83,-0.06,2,5566,卖盘
1390,11:07:34,27.88,0.05,3,8364,买盘
1391,11:07:57,27.88,0.0,5,13940,买盘
1392,11:08:04,27.89,0.01,16,44614,买盘
1393,11:08:07,27.88,-0.01,5,13940,卖盘
1394,11:08:10,27.88,0.0,5,13940,买盘
1395,11:08:13,27.89,0.01,6,16734,买盘
1396,11:08:19,27.89,0.0,2,5578,卖盘
1397,11:08:25,27.9,0.01,39,108810,买盘
1398,11:08:40,27.91,0.01,28,78196,卖盘
1399,11:08:43,27.91,0.0,2,5582,卖盘
1400,11:08:49,27.93,0.02,25,69801,买盘
1401,11:08:52,27.92,-0.01,1,2792,卖盘
1402,11:08:58,27.92,0.0,13,36299,卖盘
1403,11:09:01,27.92,0.0,12,33511,卖盘
1404,11:09:19,27.91,-0.01,6,16746,卖盘
1405,11:09:22,27.92,0.01,72,201006,买盘
1406,11:09:34,27.92,0.0,11,30712,买盘
1407,11:09:39,27.91,-0.01,30,83740,卖盘
1408,11:09:43,27.9,-0.01,9,25110,买盘
1409,11:09:51,27.9,0.0,2,5580,买盘
1410,11:09:54,27.89,-0.01,10,27890,卖盘
1411,11:09:58,27.9,0.01,2,5580,买盘
1412,11:10:00,27.88,-0.02,102,284377,卖盘
1413,11:10:04,27.89,0.01,10,27890,中性盘
1414,11:10:06,27.9,0.01,54,150640,买盘
1415,11:10:10,27.89,-0.01,31,86459,中性盘
1416,11:10:12,27.89,0.0,7,19521,买盘
1417,11:10:16,27.89,0.0,9,25101,买盘
1418,11:10:25,27.89,0.0,12,33468,卖盘
1419,11:10:31,27.89,0.0,15,41823,买盘
1420,11:10:43,27.84,-0.05,18,50115,卖盘
1421,11:10:57,27.83,-0.01,5,13916,卖盘
1422,11:11:01,27.83,0.0,4,11132,卖盘
1423,11:11:09,27.82,-0.01,2,5564,卖盘
1424,11:11:15,27.82,0.0,3,8346,买盘
1425,11:11:22,27.81,-0.01,5,13905,卖盘
1426,11:11:25,27.81,0.0,2,5562,卖盘
1427,11:11:34,27.82,0.01,1,2782,买盘
1428,11:11:39,27.82,0.0,1,2782,卖盘
1429,11:11:43,27.81,-0.01,3,8343,卖盘
1430,11:11:49,27.81,0.0,23,63963,卖盘
1431,11:11:52,27.81,0.0,11,30591,买盘
1432,11:11:55,27.81,0.0,39,108459,买盘
1433,11:12:01,27.8,-0.01,5,13900,卖盘
1434,11:12:04,27.81,0.01,7,19467,买盘
1435,11:12:06,27.8,-0.01,3,8340,卖盘
1436,11:12:16,27.8,0.0,1,2780,卖盘
1437,11:12:19,27.81,0.01,10,27810,买盘
1438,11:12:28,27.81,0.0,4,11124,卖盘
1439,11:12:31,27.81,0.0,2,5562,卖盘
1440,11:12:37,27.81,0.0,11,30601,卖盘
1441,11:12:52,27.81,0.0,11,30591,卖盘
1442,11:12:57,27.82,0.01,8,22256,卖盘
1443,11:13:00,27.82,0.0,16,44512,卖盘
1444,11:13:09,27.82,0.0,2,5564,卖盘
1445,11:13:39,27.82,0.0,6,16692,卖盘
1446,11:13:46,27.82,0.0,1,2782,买盘
1447,11:13:49,27.82,0.0,3,8346,买盘
1448,11:13:55,27.81,-0.01,4,11124,卖盘
1449,11:13:57,27.81,0.0,17,47281,卖盘
1450,11:14:07,27.8,-0.01,25,69500,卖盘
1451,11:14:10,27.8,0.0,4,11120,卖盘
1452,11:14:22,27.79,-0.01,19,52801,卖盘
1453,11:14:27,27.77,-0.02,7,19443,卖盘
1454,11:14:37,27.76,-0.01,7,19436,卖盘
1455,11:14:39,27.76,0.0,3,8328,卖盘
1456,11:14:46,27.76,0.0,7,19432,卖盘
1457,11:14:49,27.75,-0.01,50,138750,卖盘
1458,11:14:55,27.75,0.0,12,33300,卖盘
1459,11:15:04,27.76,0.01,1,2776,买盘
1460,11:15:07,27.75,-0.01,4,11100,卖盘
1461,11:15:13,27.74,-0.01,2,5548,中性盘
1462,11:15:16,27.71,-0.03,42,116391,卖盘
1463,11:15:21,27.74,0.03,5,13870,买盘
1464,11:15:28,27.72,-0.02,16,44337,中性盘
1465,11:15:37,27.7,-0.02,3,8310,卖盘
1466,11:15:40,27.7,0.0,15,41550,卖盘
1467,11:15:45,27.7,0.0,11,30470,卖盘
1468,11:15:48,27.68,-0.02,5,13840,卖盘
1469,11:15:52,27.68,0.0,2,5538,卖盘
1470,11:15:55,27.7,0.02,18,49842,买盘
1471,11:16:01,27.67,-0.03,3,8301,卖盘
1472,11:16:04,27.68,0.01,7,19375,买盘
1473,11:16:09,27.68,0.0,8,22144,买盘
1474,11:16:13,27.66,-0.02,7,19367,卖盘
1475,11:16:16,27.66,0.0,11,30426,卖盘
1476,11:16:18,27.66,0.0,1,2766,买盘
1477,11:16:27,27.68,0.02,7,19364,买盘
1478,11:16:37,27.67,-0.01,20,55340,卖盘
1479,11:16:46,27.7,0.03,4,11080,买盘
1480,11:16:49,27.7,0.0,1,2770,买盘
1481,11:16:52,27.7,0.0,7,19390,买盘
1482,11:17:01,27.68,-0.02,20,55360,卖盘
1483,11:17:04,27.68,0.0,5,13840,买盘
1484,11:17:07,27.68,0.0,3,8304,买盘
1485,11:17:13,27.68,0.0,6,16613,卖盘
1486,11:17:16,27.7,0.02,1,2770,买盘
1487,11:17:24,27.71,0.01,8,22168,买盘
1488,11:17:28,27.7,-0.01,1,2770,卖盘
1489,11:17:34,27.7,0.0,2,5540,卖盘
1490,11:17:36,27.71,0.01,13,36023,买盘
1491,11:17:39,27.71,0.0,43,119153,买盘
1492,11:17:51,27.72,0.01,10,27724,卖盘
1493,11:17:55,27.74,0.02,18,49932,买盘
1494,11:18:09,27.74,0.0,23,63818,卖盘
1495,11:18:15,27.75,0.01,6,16650,买盘
1496,11:18:18,27.72,-0.03,2,5544,卖盘
1497,11:18:22,27.75,0.03,4,11097,买盘
1498,11:18:33,27.76,0.01,20,55502,买盘
1499,11:18:40,27.76,0.0,10,27760,买盘
1500,11:18:45,27.76,0.0,3,8328,买盘
1501,11:19:04,27.76,0.0,10,27760,买盘
1502,11:19:10,27.76,0.0,1,2776,买盘
1503,11:19:16,27.76,0.0,6,16656,买盘
1504,11:19:19,27.75,-0.01,2,5550,卖盘
1505,11:19:28,27.76,0.01,1,2776,买盘
1506,11:19:34,27.76,0.0,3,8327,买盘
1507,11:19:39,27.75,-0.01,22,61068,卖盘
1508,11:19:45,27.75,0.0,1,2775,卖盘
1509,11:20:00,27.73,-0.02,6,16638,卖盘
1510,11:20:04,27.76,0.03,15,41638,买盘
1511,11:20:09,27.73,-0.03,2,5546,卖盘
1512,11:20:28,27.73,0.0,2,5546,买盘
1513,11:20:40,27.73,0.0,4,11092,买盘
1514,11:20:43,27.73,0.0,9,24950,买盘
1515,11:21:04,27.73,0.0,2,5546,卖盘
1516,11:21:10,27.73,0.0,7,19411,卖盘
1517,11:21:18,27.75,0.02,57,159460,买盘
1518,11:21:24,27.75,0.0,5,13875,卖盘
1519,11:21:30,27.76,0.01,12,33288,买盘
1520,11:21:33,27.76,0.0,3,8328,买盘
1521,11:21:48,27.72,-0.04,4,11089,卖盘
1522,11:21:51,27.75,0.03,4,11100,买盘
1523,11:22:10,27.76,0.01,20,55520,买盘
1524,11:22:40,27.72,-0.04,33,91556,卖盘
1525,11:22:49,27.8,0.08,18,50030,买盘
1526,11:23:04,27.8,0.0,2,5560,买盘
1527,11:23:09,27.75,-0.05,1,2775,卖盘
1528,11:23:12,27.8,0.05,18,49980,买盘
1529,11:23:31,27.8,0.0,1,2780,买盘
1530,11:23:37,27.8,0.0,10,27800,买盘
1531,11:23:46,27.8,0.0,15,41700,买盘
1532,11:24:00,27.8,0.0,3,8338,买盘
1533,11:24:18,27.8,0.0,2,5560,卖盘
1534,11:24:49,27.76,-0.04,5,13880,卖盘
1535,11:25:04,27.76,0.0,1,2776,卖盘
1536,11:25:10,27.75,-0.01,24,66607,卖盘
1537,11:25:16,27.75,0.0,3,8325,买盘
1538,11:25:46,27.76,0.01,4,11104,卖盘
1539,11:25:49,27.8,0.04,11,30568,买盘
1540,11:26:19,27.8,0.0,1,2780,买盘
1541,11:26:37,27.8,0.0,6,15290,买盘
1542,11:26:40,27.76,-0.04,21,59698,卖盘
1543,11:26:51,27.76,0.0,1,2776,买盘
1544,11:27:04,27.74,-0.02,18,49948,卖盘
1545,11:27:07,27.74,0.0,6,16644,卖盘
1546,11:27:10,27.74,0.0,9,24966,卖盘
1547,11:27:21,27.74,0.0,4,11096,买盘
1548,11:27:37,27.74,0.0,5,13870,买盘
1549,11:27:48,27.73,-0.01,2,5546,卖盘
1550,11:27:58,27.74,0.01,5,13868,买盘
1551,11:28:01,27.73,-0.01,2,5546,卖盘
1552,11:28:16,27.74,0.01,17,47158,买盘
1553,11:28:37,27.76,0.02,4,11104,买盘
1554,11:28:40,27.76,0.0,4,11104,买盘
1555,11:28:46,27.73,-0.03,4,11094,卖盘
1556,11:28:49,27.76,0.03,3,8328,买盘
1557,11:28:51,27.76,0.0,12,33312,买盘
1558,11:28:54,27.76,0.0,1,2776,买盘
1559,11:29:04,27.73,-0.03,11,30503,卖盘
1560,11:29:21,27.74,0.01,13,36062,卖盘
1561,11:29:31,27.74,0.0,1,2774,买盘
1562,11:29:43,27.74,0.0,1,2774,买盘
1563,11:30:01,27.73,-0.01,1,2773,卖盘
1564,13:00:05,27.73,0.0,7,19412,卖盘
1565,13:00:07,27.73,0.0,55,152538,卖盘
1566,13:00:12,27.74,0.01,10,27740,买盘
1567,13:00:36,27.75,0.01,3,8325,买盘
1568,13:01:07,27.76,0.01,4,11102,买盘
1569,13:01:13,27.76,0.0,2,5552,买盘
1570,13:01:24,27.76,0.0,9,23596,买盘
1571,13:01:36,27.79,0.03,2,5558,买盘
1572,13:01:43,27.76,-0.03,5,13880,卖盘
1573,13:01:55,27.79,0.03,1,2779,买盘
1574,13:02:04,27.81,0.02,10,27801,买盘
1575,13:02:21,27.79,-0.02,9,25011,卖盘
1576,13:02:27,27.8,0.01,7,19448,买盘
1577,13:02:45,27.8,0.0,5,13900,买盘
1578,13:03:00,27.8,0.0,3,8340,买盘
1579,13:03:04,27.8,0.0,4,11120,买盘
1580,13:03:33,27.8,0.0,13,36124,买盘
1581,13:03:42,27.8,0.0,4,11120,买盘
1582,13:03:46,27.81,0.01,7,19467,买盘
1583,13:03:55,27.81,0.0,19,52839,买盘
1584,13:03:57,27.8,-0.01,9,25020,卖盘
1585,13:04:04,27.8,0.0,2,5560,卖盘
1586,13:04:19,27.81,0.01,20,55620,买盘
1587,13:04:21,27.8,-0.01,5,13900,卖盘
1588,13:04:31,27.8,0.0,2,5560,买盘
1589,13:04:52,27.81,0.01,3,8343,买盘
1590,13:04:54,27.81,0.0,1,2781,买盘
1591,13:04:57,27.81,0.0,13,36153,买盘
1592,13:05:16,27.82,0.01,5,13910,买盘
1593,13:05:19,27.82,0.0,1,2782,买盘
1594,13:05:21,27.82,0.0,2,5564,买盘
1595,13:05:31,27.83,0.01,2,5566,买盘
1596,13:05:34,27.83,0.0,2,5566,买盘
1597,13:05:42,27.83,0.0,3,8349,买盘
1598,13:05:48,27.83,0.0,2,5566,买盘
1599,13:05:55,27.82,-0.01,5,13913,卖盘
1600,13:06:07,27.84,0.02,4,11136,买盘
1601,13:06:16,27.84,0.0,5,13920,卖盘
1602,13:06:22,27.84,0.0,3,8352,买盘
1603,13:06:28,27.84,0.0,2,5568,买盘
1604,13:06:30,27.84,0.0,1,2784,买盘
1605,13:06:40,27.84,0.0,4,11136,买盘
1606,13:06:42,27.85,0.01,16,44560,买盘
1607,13:06:48,27.84,-0.01,7,19490,卖盘
1608,13:06:54,27.84,0.0,2,5568,卖盘
1609,13:07:12,27.85,0.01,2,5570,买盘
1610,13:07:15,27.85,0.0,2,5570,买盘
1611,13:07:18,27.87,0.02,4,11148,买盘
1612,13:07:28,27.85,-0.02,35,97475,卖盘
1613,13:07:33,27.85,0.0,3,8355,买盘
1614,13:07:37,27.85,0.0,5,13925,买盘
1615,13:07:46,27.85,0.0,1,2785,买盘
1616,13:07:48,27.85,0.0,5,13925,买盘
1617,13:07:55,27.84,-0.01,2,5568,卖盘
1618,13:07:58,27.85,0.01,6,16710,买盘
1619,13:08:04,27.85,0.0,7,19495,卖盘
1620,13:08:06,27.85,0.0,5,13925,卖盘
1621,13:08:15,27.85,0.0,14,38990,卖盘
1622,13:08:18,27.85,0.0,7,19495,买盘
1623,13:08:21,27.84,-0.01,7,19488,卖盘
1624,13:08:28,27.84,0.0,17,47328,卖盘
1625,13:08:40,27.84,0.0,26,72329,买盘
1626,13:08:52,27.83,-0.01,166,461927,买盘
1627,13:08:57,27.81,-0.02,3,8343,卖盘
1628,13:09:04,27.81,0.0,5,13905,卖盘
1629,13:09:33,27.81,0.0,22,61182,卖盘
1630,13:09:40,27.82,0.01,1,2782,买盘
1631,13:09:46,27.82,0.0,14,38942,买盘
1632,13:09:57,27.81,-0.01,3,8343,卖盘
1633,13:10:01,27.82,0.01,1,2782,买盘
1634,13:10:04,27.83,0.01,7,19481,买盘
1635,13:10:16,27.82,-0.01,3,8346,卖盘
1636,13:10:24,27.83,0.01,2,5565,买盘
1637,13:10:27,27.83,0.0,8,22264,买盘
1638,13:10:30,27.82,-0.01,4,11129,卖盘
1639,13:10:43,27.84,0.02,2,5568,买盘
1640,13:10:52,27.84,0.0,2,5568,买盘
1641,13:11:00,27.85,0.01,10,27850,买盘
1642,13:11:06,27.82,-0.03,12,33388,卖盘
1643,13:11:13,27.82,0.0,3,8346,买盘
1644,13:11:36,27.82,0.0,3,8346,买盘
1645,13:11:43,27.81,-0.01,1,2781,卖盘
1646,13:11:45,27.8,-0.01,9,25023,卖盘
1647,13:11:52,27.82,0.02,10,27818,买盘
1648,13:11:57,27.78,-0.04,3,8334,卖盘
1649,13:12:18,27.8,0.02,6,16680,卖盘
1650,13:12:34,27.79,-0.01,1,2779,卖盘
1651,13:12:37,27.79,0.0,2,5558,买盘
1652,13:12:43,27.78,-0.01,2,5556,卖盘
1653,13:12:54,27.79,0.01,7,19453,买盘
1654,13:12:58,27.78,-0.01,24,66674,卖盘
1655,13:13:09,27.77,-0.01,17,47222,卖盘
1656,13:13:28,27.76,-0.01,13,36091,卖盘
1657,13:13:37,27.76,0.0,2,5552,买盘
1658,13:13:43,27.75,-0.01,3,8325,卖盘
1659,13:13:52,27.75,0.0,3,8324,买盘
1660,13:13:55,27.74,-0.01,26,72126,卖盘
1661,13:14:04,27.74,0.0,13,36062,卖盘
1662,13:14:06,27.74,0.0,2,5548,卖盘
1663,13:14:10,27.74,0.0,1,2774,卖盘
1664,13:14:13,27.74,0.0,2,5548,卖盘
1665,13:14:22,27.75,0.01,2,5550,买盘
1666,13:14:24,27.75,0.0,2,5550,买盘
1667,13:14:28,27.74,-0.01,8,22192,卖盘
1668,13:14:31,27.75,0.01,1,2775,买盘
1669,13:14:49,27.74,-0.01,1,2774,卖盘
1670,13:14:55,27.75,0.01,2,5550,买盘
1671,13:14:58,27.75,0.0,1,2775,卖盘
1672,13:15:04,27.74,-0.01,4,11097,卖盘
1673,13:15:07,27.74,0.0,2,5548,卖盘
1674,13:15:21,27.75,0.01,3,8325,卖盘
1675,13:15:24,27.76,0.01,4,11104,买盘
1676,13:15:33,27.75,-0.01,2,5550,卖盘
1677,13:15:37,27.76,0.01,20,55520,买盘
1678,13:15:48,27.77,0.01,3,8331,买盘
1679,13:16:04,27.8,0.03,5,13900,买盘
1680,13:16:07,27.8,0.0,5,13900,卖盘
1681,13:16:27,27.8,0.0,3,8340,买盘
1682,13:16:51,27.8,0.0,1,2780,买盘
1683,13:16:54,27.8,0.0,1,2780,买盘
1684,13:17:16,27.8,0.0,3,8340,买盘
1685,13:17:22,27.8,0.0,3,8340,买盘
1686,13:17:30,27.8,0.0,40,111200,买盘
1687,13:17:34,27.77,-0.03,60,166694,卖盘
1688,13:17:37,27.77,0.0,10,27770,买盘
1689,13:17:57,27.77,0.0,4,11108,买盘
1690,13:18:00,27.75,-0.02,18,49952,卖盘
1691,13:18:04,27.77,0.02,2,5554,卖盘
1692,13:18:25,27.77,0.0,4,11107,买盘
1693,13:18:33,27.76,-0.01,1,2776,卖盘
1694,13:18:49,27.77,0.01,7,19429,买盘
1695,13:18:58,27.75,-0.02,2,5550,卖盘
1696,13:19:06,27.75,0.0,2,5550,买盘
1697,13:19:19,27.74,-0.01,6,16644,卖盘
1698,13:19:34,27.74,0.0,1,2774,卖盘
1699,13:19:52,27.74,0.0,10,27740,卖盘
1700,13:19:55,27.78,0.04,26,72210,买盘
1701,13:19:58,27.78,0.0,10,27780,卖盘
1702,13:20:16,27.73,-0.05,4,11092,卖盘
1703,13:20:19,27.74,0.01,3,8322,买盘
1704,13:20:34,27.73,-0.01,6,16638,卖盘
1705,13:20:39,27.73,0.0,1,2773,卖盘
1706,13:20:46,27.72,-0.01,5,13862,卖盘
1707,13:20:52,27.7,-0.02,60,166240,卖盘
1708,13:20:55,27.74,0.04,5,13870,买盘
1709,13:20:58,27.7,-0.04,12,33276,卖盘
1710,13:21:00,27.7,0.0,31,87255,卖盘
1711,13:21:13,27.7,0.0,5,13850,买盘
1712,13:21:22,27.69,-0.01,5,13845,卖盘
1713,13:21:24,27.74,0.05,57,156689,买盘
1714,13:21:36,27.74,0.0,16,45771,卖盘
1715,13:21:48,27.68,-0.06,30,83044,卖盘
1716,13:21:52,27.68,0.0,7,19376,卖盘
1717,13:22:06,27.7,0.02,2,5540,卖盘
1718,13:22:09,27.7,0.0,1,2770,卖盘
1719,13:22:16,27.7,0.0,8,22160,卖盘
1720,13:22:19,27.74,0.04,36,98461,买盘
1721,13:22:25,27.74,0.0,10,27740,卖盘
1722,13:22:34,27.74,0.0,1,2774,卖盘
1723,13:22:36,27.78,0.04,1,2778,买盘
1724,13:22:48,27.78,0.0,9,25002,买盘
1725,13:22:55,27.78,0.0,1,2778,卖盘
1726,13:23:09,27.74,-0.04,6,18034,卖盘
1727,13:23:13,27.74,0.0,4,11096,买盘
1728,13:23:16,27.74,0.0,5,13870,买盘
1729,13:23:18,27.74,0.0,3,8322,买盘
1730,13:23:48,27.74,0.0,12,31901,买盘
1731,13:23:55,27.74,0.0,1,4161,卖盘
1732,13:24:21,27.72,-0.02,5,13860,买盘
1733,13:24:27,27.72,0.0,5,13860,买盘
1734,13:24:54,27.72,0.0,10,27720,卖盘
1735,13:25:00,27.72,0.0,14,38792,买盘
1736,13:25:21,27.72,0.0,8,20790,买盘
1737,13:25:27,27.72,0.0,19,54054,卖盘
1738,13:25:45,27.71,-0.01,12,33252,买盘
1739,13:26:01,27.7,-0.01,5,13850,卖盘
1740,13:26:07,27.71,0.01,15,41555,买盘
1741,13:26:09,27.7,-0.01,10,27700,卖盘
1742,13:26:12,27.7,0.0,8,22160,卖盘
1743,13:26:16,27.7,0.0,1,2770,买盘
1744,13:26:30,27.69,-0.01,55,152295,卖盘
1745,13:26:48,27.68,-0.01,3,8304,卖盘
1746,13:26:55,27.68,0.0,20,55360,卖盘
1747,13:26:58,27.68,0.0,13,35984,卖盘
1748,13:27:06,27.68,0.0,4,11072,卖盘
1749,13:27:10,27.68,0.0,4,11072,买盘
1750,13:27:16,27.67,-0.01,1,2767,卖盘
1751,13:27:27,27.66,-0.01,43,118968,卖盘
1752,13:27:30,27.66,0.0,4,11064,买盘
1753,13:27:33,27.67,0.01,4,11068,卖盘
1754,13:27:43,27.65,-0.02,4,11060,卖盘
1755,13:27:52,27.65,0.0,14,38710,卖盘
1756,13:27:55,27.65,0.0,3,8295,卖盘
1757,13:27:58,27.66,0.01,15,41478,买盘
1758,13:28:00,27.64,-0.02,2,5528,卖盘
1759,13:28:28,27.64,0.0,8,22107,买盘
1760,13:28:34,27.63,-0.01,1,2763,卖盘
1761,13:28:42,27.63,0.0,9,24867,卖盘
1762,13:28:45,27.63,0.0,1,2763,卖盘
1763,13:28:48,27.64,0.01,31,85684,买盘
1764,13:28:51,27.63,-0.01,10,27630,卖盘
1765,13:28:57,27.63,0.0,5,13815,卖盘
1766,13:29:00,27.64,0.01,29,80156,买盘
1767,13:29:04,27.63,-0.01,6,16578,卖盘
1768,13:29:06,27.63,0.0,1,2763,买盘
1769,13:29:12,27.63,0.0,10,27630,买盘
1770,13:29:15,27.6,-0.03,55,151835,卖盘
1771,13:29:18,27.63,0.03,6,16578,买盘
1772,13:29:21,27.6,-0.03,24,66240,卖盘
1773,13:29:28,27.6,0.0,5,13800,买盘
1774,13:29:34,27.59,-0.01,17,46905,卖盘
1775,13:29:36,27.59,0.0,13,35867,买盘
1776,13:29:40,27.59,0.0,8,22072,买盘
1777,13:29:42,27.58,-0.01,9,24822,卖盘
1778,13:29:48,27.54,-0.04,25,68872,卖盘
1779,13:29:52,27.55,0.01,5,13775,买盘
1780,13:29:54,27.55,0.0,4,11020,买盘
1781,13:29:57,27.57,0.02,8,22045,买盘
1782,13:30:04,27.56,-0.01,1,2756,卖盘
1783,13:30:07,27.54,-0.02,20,55088,卖盘
1784,13:30:13,27.56,0.02,5,13775,买盘
1785,13:30:22,27.56,0.0,1,2756,买盘
1786,13:30:33,27.55,-0.01,1,2755,买盘
1787,13:30:37,27.55,0.0,8,22040,买盘
1788,13:30:40,27.54,-0.01,21,57839,卖盘
1789,13:30:43,27.54,0.0,26,71604,买盘
1790,13:30:46,27.54,0.0,5,13770,买盘
1791,13:30:49,27.54,0.0,13,35802,买盘
1792,13:30:52,27.54,0.0,1,2754,买盘
1793,13:30:55,27.54,0.0,1,2754,买盘
1794,13:30:58,27.54,0.0,26,71624,卖盘
1795,13:31:00,27.53,-0.01,21,57818,卖盘
1796,13:31:07,27.57,0.04,5,13782,买盘
1797,13:31:18,27.56,-0.01,1,1378,卖盘
1798,13:31:22,27.58,0.02,3,8274,买盘
1799,13:31:24,27.58,0.0,2,5516,买盘
1800,13:31:33,27.58,0.0,5,13790,买盘
1801,13:31:39,27.6,0.02,8,22078,买盘
1802,13:31:43,27.59,-0.01,3,8277,卖盘
1803,13:31:48,27.6,0.01,2,5519,买盘
1804,13:31:57,27.6,0.0,13,35875,买盘
1805,13:32:01,27.6,0.0,1,2760,买盘
1806,13:32:07,27.6,0.0,3,8280,卖盘
1807,13:32:12,27.6,0.0,30,82800,卖盘
1808,13:32:22,27.63,0.03,10,27630,买盘
1809,13:32:34,27.63,0.0,6,16578,买盘
1810,13:32:52,27.61,-0.02,1,2761,卖盘
1811,13:32:54,27.61,0.0,6,16566,卖盘
1812,13:32:57,27.61,0.0,5,13805,买盘
1813,13:33:12,27.6,-0.01,23,63487,卖盘
1814,13:33:16,27.6,0.0,6,16560,买盘
1815,13:33:19,27.61,0.01,9,24846,买盘
1816,13:33:28,27.61,0.0,19,52459,卖盘
1817,13:33:30,27.63,0.02,5,13815,买盘
1818,13:33:33,27.61,-0.02,1,2761,卖盘
1819,13:33:40,27.63,0.02,7,19337,买盘
1820,13:33:43,27.61,-0.02,2,5522,卖盘
1821,13:33:46,27.61,0.0,3,8284,卖盘
1822,13:33:48,27.63,0.02,1,2763,买盘
1823,13:33:51,27.63,0.0,12,33156,买盘
1824,13:34:01,27.64,0.01,37,102258,买盘
1825,13:34:04,27.61,-0.03,21,58029,卖盘
1826,13:34:10,27.64,0.03,1,2764,买盘
1827,13:34:16,27.64,0.0,24,66336,买盘
1828,13:34:19,27.62,-0.02,31,85648,卖盘
1829,13:34:33,27.62,0.0,1,2762,卖盘
1830,13:34:37,27.6,-0.02,42,115962,卖盘
1831,13:34:46,27.6,0.0,15,41400,卖盘
1832,13:34:49,27.59,-0.01,17,46910,卖盘
1833,13:35:00,27.58,-0.01,61,168248,卖盘
1834,13:35:07,27.59,0.01,10,27585,买盘
1835,13:35:10,27.57,-0.02,2,5514,卖盘
1836,13:35:16,27.53,-0.04,45,123984,卖盘
1837,13:35:24,27.53,0.0,15,41295,卖盘
1838,13:35:28,27.51,-0.02,28,77057,卖盘
1839,13:35:31,27.53,0.02,2,5506,买盘
1840,13:35:37,27.51,-0.02,33,90783,卖盘
1841,13:35:43,27.51,0.0,15,41270,卖盘
1842,13:35:46,27.51,0.0,6,16506,买盘
1843,13:35:54,27.5,-0.01,8,22000,卖盘
1844,13:35:57,27.5,0.0,31,85250,卖盘
1845,13:36:00,27.5,0.0,1,2750,卖盘
1846,13:36:04,27.51,0.01,5,13751,买盘
1847,13:36:07,27.48,-0.03,44,120994,卖盘
1848,13:36:12,27.48,0.0,28,76944,买盘
1849,13:36:28,27.47,-0.01,15,41206,卖盘
1850,13:36:31,27.47,0.0,2,5494,卖盘
1851,13:36:33,27.46,-0.01,7,19222,卖盘
1852,13:36:36,27.46,0.0,6,16476,买盘
1853,13:36:42,27.46,0.0,4,10984,卖盘
1854,13:36:46,27.42,-0.04,22,60362,卖盘
1855,13:36:55,27.42,0.0,14,38388,卖盘
1856,13:36:58,27.42,0.0,39,106938,卖盘
1857,13:37:01,27.42,0.0,3,8226,买盘
1858,13:37:04,27.42,0.0,7,19194,卖盘
1859,13:37:07,27.41,-0.01,2,5482,卖盘
1860,13:37:09,27.4,-0.01,10,27410,卖盘
1861,13:37:22,27.42,0.02,30,82253,买盘
1862,13:37:25,27.42,0.0,13,35645,买盘
1863,13:37:28,27.41,-0.01,17,46599,卖盘
1864,13:37:34,27.42,0.01,3,8226,卖盘
1865,13:37:37,27.41,-0.01,10,27410,卖盘
1866,13:37:43,27.42,0.01,2,5484,卖盘
1867,13:37:45,27.42,0.0,3,8226,买盘
1868,13:37:48,27.41,-0.01,10,27410,卖盘
1869,13:37:52,27.41,0.0,68,186388,卖盘
1870,13:37:57,27.4,-0.01,28,76745,卖盘
1871,13:38:01,27.4,0.0,66,180893,卖盘
1872,13:38:04,27.4,0.0,11,30140,买盘
1873,13:38:10,27.4,0.0,3,8220,买盘
1874,13:38:13,27.4,0.0,23,63020,买盘
1875,13:38:16,27.4,0.0,40,109600,买盘
1876,13:38:18,27.39,-0.01,40,109560,卖盘
1877,13:38:21,27.4,0.01,1,4110,买盘
1878,13:38:25,27.39,-0.01,10,27392,卖盘
1879,13:38:37,27.44,0.05,14,38416,买盘
1880,13:38:40,27.44,0.0,8,21952,卖盘
1881,13:38:46,27.46,0.02,1,2746,买盘
1882,13:39:01,27.48,0.02,12,32965,买盘
1883,13:39:04,27.47,-0.01,30,82410,卖盘
1884,13:39:07,27.47,0.0,7,19229,卖盘
1885,13:39:13,27.48,0.01,5,13740,买盘
1886,13:39:15,27.46,-0.02,95,261164,卖盘
1887,13:39:18,27.46,0.0,5,13730,买盘
1888,13:39:22,27.46,0.0,2,5492,买盘
1889,13:39:33,27.46,0.0,8,21968,买盘
1890,13:39:40,27.46,0.0,3,8242,卖盘
1891,13:40:01,27.53,0.07,14,38542,买盘
1892,13:40:07,27.53,0.0,1,2753,买盘
1893,13:40:15,27.53,0.0,8,22024,买盘
1894,13:40:22,27.46,-0.07,10,27479,卖盘
1895,13:40:57,27.47,0.01,3,8241,卖盘
1896,13:41:01,27.46,-0.01,10,27460,卖盘
1897,13:41:07,27.46,0.0,5,13730,卖盘
1898,13:41:12,27.49,0.03,12,32958,买盘
1899,13:41:15,27.46,-0.03,1,2746,卖盘
1900,13:41:19,27.46,0.0,10,27460,卖盘
1901,13:41:28,27.46,0.0,17,46682,卖盘
1902,13:41:31,27.49,0.03,9,24741,买盘
1903,13:41:37,27.49,0.0,5,13745,买盘
1904,13:41:40,27.46,-0.03,6,16476,卖盘
1905,13:41:43,27.49,0.03,8,21992,买盘
1906,13:41:58,27.46,-0.03,2,5492,卖盘
1907,13:42:16,27.45,-0.01,3,8235,卖盘
1908,13:42:19,27.46,0.01,3,8238,买盘
1909,13:42:24,27.46,0.0,17,46682,卖盘
1910,13:42:34,27.46,0.0,7,19222,卖盘
1911,13:42:36,27.46,0.0,5,13730,卖盘
1912,13:42:43,27.47,0.01,3,8241,买盘
1913,13:42:52,27.47,0.0,2,5494,买盘
1914,13:43:04,27.48,0.01,1,2748,中性盘
1915,13:43:07,27.46,-0.02,18,49451,卖盘
1916,13:43:09,27.46,0.0,25,68650,买盘
1917,13:43:19,27.46,0.0,3,8238,买盘
1918,13:43:31,27.45,-0.01,8,21960,卖盘
1919,13:43:46,27.45,0.0,3,8235,卖盘
1920,13:43:49,27.45,0.0,5,13725,卖盘
1921,13:43:55,27.45,0.0,13,35688,卖盘
1922,13:43:58,27.45,0.0,3,8235,卖盘
1923,13:44:10,27.46,0.01,11,30205,买盘
1924,13:44:25,27.45,-0.01,5,13725,卖盘
1925,13:45:01,27.45,0.0,4,10980,卖盘
1926,13:45:04,27.45,0.0,15,41175,卖盘
1927,13:45:07,27.49,0.04,7,19243,买盘
1928,13:45:39,27.49,0.0,7,19243,买盘
1929,13:45:49,27.46,-0.03,7,19237,卖盘
1930,13:45:52,27.49,0.03,7,19243,买盘
1931,13:45:57,27.49,0.0,4,10996,卖盘
1932,13:46:01,27.5,0.01,1,2750,买盘
1933,13:46:04,27.46,-0.04,13,35722,卖盘
1934,13:46:07,27.45,-0.01,5,13725,买盘
1935,13:46:16,27.44,-0.01,5,13720,卖盘
1936,13:46:19,27.44,0.0,12,32928,卖盘
1937,13:46:22,27.45,0.01,3,8234,买盘
1938,13:46:34,27.45,0.0,7,19209,买盘
1939,13:46:37,27.45,0.0,3,8235,买盘
1940,13:46:40,27.42,-0.03,11,30170,卖盘
1941,13:46:45,27.43,0.01,1,2743,买盘
1942,13:46:51,27.43,0.0,5,13715,买盘
1943,13:46:55,27.43,0.0,3,8229,买盘
1944,13:46:58,27.42,-0.01,8,21936,卖盘
1945,13:47:07,27.41,-0.01,9,24669,卖盘
1946,13:47:13,27.42,0.01,3,8226,买盘
1947,13:47:15,27.41,-0.01,2,5482,卖盘
1948,13:47:19,27.41,0.0,5,13706,卖盘
1949,13:47:25,27.42,0.01,1,2742,买盘
1950,13:47:31,27.41,-0.01,3,8224,卖盘
1951,13:47:55,27.43,0.02,6,16452,买盘
1952,13:48:07,27.43,0.0,2,5486,买盘
1953,13:48:21,27.42,-0.01,23,63084,卖盘
1954,13:48:24,27.45,0.03,3,8229,买盘
1955,13:48:33,27.45,0.0,4,10980,买盘
1956,13:48:52,27.49,0.04,5,13745,买盘
1957,13:49:07,27.5,0.01,10,27500,买盘
1958,13:49:15,27.5,0.0,9,24750,买盘
1959,13:49:19,27.5,0.0,1,2750,买盘
1960,13:49:28,27.5,0.0,53,145750,买盘
1961,13:49:40,27.5,0.0,1,2750,买盘
1962,13:49:42,27.5,0.0,10,27500,买盘
1963,13:49:48,27.51,0.01,6,16501,买盘
1964,13:50:04,27.49,-0.02,20,55008,卖盘
1965,13:50:07,27.49,0.0,2,5498,卖盘
1966,13:50:09,27.51,0.02,1,2751,买盘
1967,13:50:13,27.52,0.01,10,27520,卖盘
1968,13:50:36,27.5,-0.02,1,2750,买盘
1969,13:50:48,27.49,-0.01,14,38496,卖盘
1970,13:50:58,27.49,0.0,2,5498,卖盘
1971,13:51:07,27.49,0.0,1,2749,卖盘
1972,13:51:31,27.49,0.0,17,46713,买盘
1973,13:51:40,27.48,-0.01,3,8244,买盘
1974,13:51:43,27.5,0.02,14,38500,买盘
1975,13:51:49,27.5,0.0,5,13750,卖盘
1976,13:51:52,27.5,0.0,1,2750,卖盘
1977,13:52:07,27.5,0.0,50,137500,中性盘
1978,13:52:10,27.5,0.0,2,5500,买盘
1979,13:52:13,27.5,0.0,2,5500,买盘
1980,13:52:16,27.5,0.0,21,57750,买盘
1981,13:52:36,27.5,0.0,27,74250,买盘
1982,13:52:58,27.5,0.0,3,8250,卖盘
1983,13:53:15,27.52,0.02,8,22016,买盘
1984,13:53:22,27.5,-0.02,1,2750,卖盘
1985,13:53:34,27.52,0.02,7,19264,买盘
1986,13:53:52,27.52,0.0,4,11008,买盘
1987,13:53:58,27.55,0.03,4,11017,买盘
1988,13:54:12,27.57,0.02,12,33074,买盘
1989,13:54:16,27.55,-0.02,5,13775,卖盘
1990,13:54:21,27.58,0.03,9,24819,买盘
1991,13:54:43,27.58,0.0,5,13790,买盘
1992,13:54:49,27.58,0.0,1,2758,买盘
1993,13:54:51,27.58,0.0,3,8274,买盘
1994,13:54:58,27.6,0.02,142,391795,买盘
1995,13:55:04,27.58,-0.02,5,13790,中性盘
1996,13:55:09,27.57,-0.01,4,11029,卖盘
1997,13:55:12,27.58,0.01,1,2758,买盘
1998,13:55:15,27.6,0.02,16,44150,买盘
1999,13:55:18,27.58,-0.02,3,8276,卖盘
2000,13:55:27,27.5,-0.08,42,115679,卖盘
2001,13:55:40,27.5,0.0,1,2750,买盘
2002,13:55:58,27.49,-0.01,4,10996,卖盘
2003,13:56:10,27.48,-0.01,5,13740,卖盘
2004,13:56:13,27.48,0.0,2,5496,买盘
2005,13:56:18,27.47,-0.01,29,79667,卖盘
2006,13:56:27,27.48,0.01,10,27480,买盘
2007,13:56:40,27.49,0.01,1,2749,买盘
2008,13:56:51,27.49,0.0,7,19243,买盘
2009,13:56:55,27.49,0.0,1,2749,买盘
2010,13:57:12,27.49,0.0,8,21992,卖盘
2011,13:57:25,27.49,0.0,5,13745,买盘
2012,13:57:28,27.49,0.0,13,35731,买盘
2013,13:57:31,27.49,0.0,20,54980,卖盘
2014,13:57:37,27.49,0.0,7,19243,卖盘
2015,13:57:39,27.49,0.0,1,2749,卖盘
2016,13:57:58,27.5,0.01,4,11000,卖盘
2017,13:58:04,27.51,0.01,4,11004,买盘
2018,13:58:07,27.51,0.0,1,2751,卖盘
2019,13:58:22,27.51,0.0,2,5502,买盘
2020,13:58:27,27.5,-0.01,5,13753,卖盘
2021,13:58:42,27.53,0.03,15,41295,买盘
2022,13:58:45,27.51,-0.02,1,2751,卖盘
2023,13:59:06,27.5,-0.01,19,52256,卖盘
2024,13:59:16,27.5,0.0,3,8250,买盘
2025,13:59:22,27.5,0.0,3,8250,买盘
2026,13:59:33,27.49,-0.01,2,5499,卖盘
2027,13:59:36,27.5,0.01,20,55000,买盘
2028,13:59:42,27.5,0.0,3,8250,买盘
2029,13:59:52,27.49,-0.01,9,24741,卖盘
2030,13:59:55,27.5,0.01,1,2750,买盘
2031,13:59:58,27.49,-0.01,13,35737,卖盘
2032,14:00:01,27.49,0.0,4,10996,买盘
2033,14:00:04,27.49,0.0,16,43984,卖盘
2034,14:00:25,27.48,-0.01,9,24732,卖盘
2035,14:00:33,27.48,0.0,39,107172,卖盘
2036,14:00:52,27.46,-0.02,4,10984,卖盘
2037,14:00:54,27.46,0.0,5,13730,卖盘
2038,14:00:58,27.46,0.0,4,10984,卖盘
2039,14:01:00,27.46,0.0,1,2746,卖盘
2040,14:01:15,27.46,0.0,23,63158,卖盘
2041,14:01:18,27.45,-0.01,6,16470,卖盘
2042,14:01:31,27.44,-0.01,3,8232,卖盘
2043,14:01:40,27.44,0.0,2,5488,买盘
2044,14:01:43,27.44,0.0,10,27440,买盘
2045,14:01:55,27.44,0.0,23,63113,卖盘
2046,14:02:13,27.44,0.0,2,5488,买盘
2047,14:02:16,27.43,-0.01,2,5486,卖盘
2048,14:02:19,27.43,0.0,20,54860,卖盘
2049,14:02:22,27.44,0.01,2,5488,买盘
2050,14:02:24,27.44,0.0,6,16464,买盘
2051,14:02:28,27.43,-0.01,7,19201,卖盘
2052,14:02:43,27.42,-0.01,15,41143,卖盘
2053,14:02:48,27.43,0.01,2,5486,卖盘
2054,14:02:55,27.44,0.01,30,82303,买盘
2055,14:03:10,27.42,-0.02,5,13710,卖盘
2056,14:03:13,27.44,0.02,71,194824,买盘
2057,14:03:16,27.44,0.0,9,24694,买盘
2058,14:03:25,27.43,-0.01,6,16463,卖盘
2059,14:03:28,27.43,0.0,5,13715,买盘
2060,14:03:30,27.43,0.0,4,10972,买盘
2061,14:03:37,27.42,-0.01,15,41140,卖盘
2062,14:03:40,27.43,0.01,1,2743,买盘
2063,14:03:42,27.43,0.0,1,2743,买盘
2064,14:03:49,27.42,-0.01,7,19194,卖盘
2065,14:03:52,27.43,0.01,1,2743,买盘
2066,14:04:07,27.43,0.0,1,2743,买盘
2067,14:04:10,27.42,-0.01,36,98712,卖盘
2068,14:04:13,27.43,0.01,3,8229,买盘
2069,14:04:58,27.45,0.02,1,2745,买盘
2070,14:05:19,27.46,0.01,8,21968,卖盘
2071,14:05:30,27.48,0.02,1,2748,买盘
2072,14:05:52,27.47,-0.01,1,2747,中性盘
2073,14:05:57,27.46,-0.01,3,8238,卖盘
2074,14:06:00,27.48,0.02,2,5496,买盘
2075,14:06:09,27.49,0.01,17,46733,买盘
2076,14:06:15,27.45,-0.04,50,137289,卖盘
2077,14:06:39,27.45,0.0,6,16470,卖盘
2078,14:06:42,27.45,0.0,9,24708,卖盘
2079,14:06:48,27.45,0.0,19,52155,买盘
2080,14:06:51,27.45,0.0,5,13725,买盘
2081,14:06:55,27.45,0.0,1,2745,买盘
2082,14:06:58,27.44,-0.01,35,96040,卖盘
2083,14:07:01,27.43,-0.01,60,164638,卖盘
2084,14:07:04,27.49,0.06,3,8247,买盘
2085,14:07:33,27.43,-0.06,14,38402,卖盘
2086,14:07:36,27.42,-0.01,59,161783,卖盘
2087,14:07:51,27.41,-0.01,36,98691,卖盘
2088,14:07:57,27.4,-0.01,3,8220,卖盘
2089,14:08:07,27.4,0.0,11,30140,卖盘
2090,14:08:10,27.4,0.0,8,21920,卖盘
2091,14:08:18,27.4,0.0,8,21920,卖盘
2092,14:08:25,27.4,0.0,6,16440,卖盘
2093,14:08:33,27.4,0.0,2,5481,卖盘
2094,14:08:37,27.39,-0.01,86,234198,卖盘
2095,14:08:42,27.39,0.0,2,5478,买盘
2096,14:08:49,27.38,-0.01,3,8214,卖盘
2097,14:08:54,27.38,0.0,4,10952,卖盘
2098,14:08:57,27.37,-0.01,10,27372,卖盘
2099,14:09:07,27.38,0.01,5,13690,买盘
2100,14:09:13,27.35,-0.03,17,46515,卖盘
2101,14:09:16,27.37,0.02,3,8211,买盘
2102,14:09:19,27.35,-0.02,5,13675,卖盘
2103,14:09:21,27.35,0.0,12,32821,卖盘
2104,14:09:25,27.35,0.0,3,8205,买盘
2105,14:09:27,27.35,0.0,5,13675,买盘
2106,14:09:31,27.35,0.0,3,8205,买盘
2107,14:09:33,27.35,0.0,1,2735,买盘
2108,14:09:36,27.35,0.0,16,43747,买盘
2109,14:09:43,27.33,-0.02,8,21876,卖盘
2110,14:09:46,27.33,0.0,8,21864,买盘
2111,14:09:52,27.34,0.01,5,13670,卖盘
2112,14:09:55,27.29,-0.05,130,354949,卖盘
2113,14:10:07,27.29,0.0,1,2729,买盘
2114,14:10:10,27.28,-0.01,30,81854,卖盘
2115,14:10:12,27.27,-0.01,14,38178,卖盘
2116,14:10:16,27.28,0.01,36,98188,买盘
2117,14:10:19,27.28,0.0,105,286214,买盘
2118,14:10:28,27.28,0.0,4,10910,买盘
2119,14:10:34,27.26,-0.02,4,10907,卖盘
2120,14:10:37,27.28,0.02,22,59992,买盘
2121,14:10:49,27.27,-0.01,2,5454,买盘
2122,14:10:52,27.26,-0.01,11,29989,卖盘
2123,14:10:54,27.27,0.01,5,13635,买盘
2124,14:10:57,27.26,-0.01,2,5452,卖盘
2125,14:11:00,27.23,-0.03,11,29989,卖盘
2126,14:11:04,27.26,0.03,4,10904,中性盘
2127,14:11:15,27.26,0.0,2,5452,买盘
2128,14:11:19,27.26,0.0,2,5452,买盘
2129,14:11:22,27.26,0.0,6,16353,买盘
2130,14:11:25,27.26,0.0,29,79049,买盘
2131,14:11:28,27.21,-0.05,150,408634,卖盘
2132,14:11:40,27.26,0.05,3,8178,卖盘
2133,14:11:43,27.28,0.02,7,19096,买盘
2134,14:11:51,27.29,0.01,1,2729,买盘
2135,14:12:00,27.28,-0.01,41,111878,卖盘
2136,14:12:07,27.28,0.0,50,136407,卖盘
2137,14:12:10,27.28,0.0,30,81848,卖盘
2138,14:12:36,27.35,0.07,5,13675,买盘
2139,14:12:40,27.29,-0.06,7,19103,卖盘
2140,14:12:48,27.29,0.0,1,2729,买盘
2141,14:12:58,27.33,0.04,2,5466,卖盘
2142,14:13:04,27.29,-0.04,14,38206,卖盘
2143,14:13:10,27.33,0.04,3,8199,买盘
2144,14:13:19,27.35,0.02,3,8205,买盘
2145,14:13:22,27.33,-0.02,8,21864,卖盘
2146,14:13:27,27.33,0.0,1,2733,买盘
2147,14:13:34,27.34,0.01,8,21872,买盘
2148,14:13:43,27.33,-0.01,4,10933,卖盘
2149,14:13:52,27.33,0.0,3,8199,卖盘
2150,14:13:54,27.33,0.0,2,5466,卖盘
2151,14:14:07,27.33,0.0,11,30063,卖盘
2152,14:14:13,27.33,0.0,5,13665,卖盘
2153,14:14:30,27.33,0.0,2,5466,卖盘
2154,14:14:36,27.3,-0.03,11,30042,卖盘
2155,14:14:49,27.33,0.03,1,2733,买盘
2156,14:14:58,27.3,-0.03,14,38220,卖盘
2157,14:15:06,27.3,0.0,5,13650,买盘
2158,14:15:13,27.3,0.0,5,13650,买盘
2159,14:15:16,27.3,0.0,4,10920,买盘
2160,14:15:37,27.33,0.03,1,2733,买盘
2161,14:15:40,27.33,0.0,2,5466,买盘
2162,14:15:43,27.33,0.0,2,5466,买盘
2163,14:15:49,27.3,-0.03,15,40971,卖盘
2164,14:16:01,27.33,0.03,6,16399,卖盘
2165,14:16:07,27.34,0.01,20,54675,买盘
2166,14:16:13,27.33,-0.01,5,13665,买盘
2167,14:16:15,27.33,0.0,8,21864,买盘
2168,14:16:22,27.34,0.01,14,38276,买盘
2169,14:16:25,27.34,0.0,3,8202,买盘
2170,14:16:27,27.3,-0.04,72,196591,卖盘
2171,14:16:36,27.34,0.04,12,32810,卖盘
2172,14:16:39,27.35,0.01,8,21880,买盘
2173,14:16:46,27.35,0.0,2,5470,买盘
2174,14:16:49,27.35,0.0,7,19145,买盘
2175,14:16:52,27.35,0.0,9,24615,买盘
2176,14:17:00,27.35,0.0,5,13675,卖盘
2177,14:17:04,27.36,0.01,37,101232,买盘
2178,14:17:07,27.36,0.0,10,27360,买盘
2179,14:17:22,27.36,0.0,1,2736,买盘
2180,14:17:25,27.36,0.0,14,38304,买盘
2181,14:17:31,27.36,0.0,1,2736,买盘
2182,14:17:39,27.36,0.0,1,2736,买盘
2183,14:17:52,27.35,-0.01,10,27350,卖盘
2184,14:17:55,27.36,0.01,6,16416,买盘
2185,14:17:58,27.36,0.0,2,5472,买盘
2186,14:18:21,27.38,0.02,50,136870,买盘
2187,14:18:24,27.36,-0.02,6,16416,卖盘
2188,14:18:27,27.36,0.0,3,8208,卖盘
2189,14:18:34,27.36,0.0,5,13680,卖盘
2190,14:18:39,27.36,0.0,11,30096,卖盘
2191,14:18:43,27.36,0.0,6,16416,买盘
2192,14:18:55,27.36,0.0,11,30091,买盘
2193,14:18:58,27.36,0.0,3,8208,卖盘
2194,14:19:09,27.36,0.0,6,16416,卖盘
2195,14:19:12,27.38,0.02,2,5476,买盘
2196,14:19:31,27.38,0.0,4,10952,买盘
2197,14:19:46,27.37,-0.01,2,5474,买盘
2198,14:19:51,27.37,0.0,1,2737,买盘
2199,14:19:55,27.38,0.01,20,54748,买盘
2200,14:20:01,27.38,0.0,26,71188,买盘
2201,14:20:04,27.37,-0.01,7,19159,卖盘
2202,14:20:07,27.36,-0.01,10,27360,卖盘
2203,14:20:12,27.38,0.02,7,19165,买盘
2204,14:20:28,27.37,-0.01,25,68430,卖盘
2205,14:20:30,27.37,0.0,4,10948,卖盘
2206,14:20:34,27.38,0.01,7,19166,买盘
2207,14:20:37,27.38,0.0,5,13690,买盘
2208,14:20:40,27.37,-0.01,9,24640,卖盘
2209,14:20:43,27.37,0.0,10,27370,卖盘
2210,14:20:52,27.38,0.01,1,2738,买盘
2211,14:20:55,27.38,0.0,1,2738,买盘
2212,14:21:04,27.39,0.01,10,27390,买盘
2213,14:21:09,27.39,0.0,7,19173,买盘
2214,14:21:19,27.39,0.0,5,15064,买盘
2215,14:21:25,27.39,0.0,4,10956,卖盘
2216,14:21:31,27.4,0.01,15,41097,买盘
2217,14:21:39,27.4,0.0,5,13700,买盘
2218,14:21:43,27.4,0.0,3,8220,买盘
2219,14:21:45,27.4,0.0,1,2740,买盘
2220,14:21:52,27.4,0.0,11,30140,买盘
2221,14:21:58,27.4,0.0,1,2740,买盘
2222,14:22:06,27.4,0.0,7,19180,买盘
2223,14:22:13,27.4,0.0,18,49320,买盘
2224,14:22:16,27.4,0.0,13,35620,买盘
2225,14:22:37,27.4,0.0,1,2740,买盘
2226,14:22:40,27.4,0.0,20,54800,卖盘
2227,14:22:52,27.42,0.02,4,10968,买盘
2228,14:22:55,27.39,-0.03,20,54790,卖盘
2229,14:23:07,27.42,0.03,9,24688,卖盘
2230,14:23:13,27.44,0.02,3,8232,买盘
2231,14:23:16,27.42,-0.02,15,41134,卖盘
2232,14:23:25,27.45,0.03,6,16470,买盘
2233,14:23:34,27.44,-0.01,11,30185,中性盘
2234,14:23:37,27.45,0.01,21,57645,买盘
2235,14:23:46,27.45,0.0,42,115290,买盘
2236,14:23:49,27.45,0.0,20,54900,卖盘
2237,14:23:57,27.5,0.05,31,85234,买盘
2238,14:24:21,27.5,0.0,18,49495,买盘
2239,14:24:28,27.49,-0.01,1,2749,买盘
2240,14:24:34,27.49,0.0,10,27490,买盘
2241,14:24:37,27.49,0.0,1,2749,买盘
2242,14:24:40,27.48,-0.01,11,30228,卖盘
2243,14:24:54,27.48,0.0,15,41220,买盘
2244,14:25:16,27.46,-0.02,2,5492,卖盘
2245,14:25:22,27.48,0.02,6,16488,买盘
2246,14:25:25,27.46,-0.02,20,54940,卖盘
2247,14:25:28,27.46,0.0,4,10987,卖盘
2248,14:25:40,27.46,0.0,40,109805,买盘
2249,14:25:54,27.45,-0.01,65,178425,卖盘
2250,14:26:15,27.42,-0.03,20,54856,卖盘
2251,14:26:22,27.45,0.03,30,82340,买盘
2252,14:26:30,27.45,0.0,18,49410,买盘
2253,14:26:40,27.45,0.0,16,43920,卖盘
2254,14:26:49,27.44,-0.01,2,5488,买盘
2255,14:26:55,27.42,-0.02,6,16457,卖盘
2256,14:27:04,27.44,0.02,9,24696,买盘
2257,14:27:07,27.42,-0.02,2,5484,卖盘
2258,14:27:30,27.4,-0.02,7,19184,卖盘
2259,14:27:34,27.42,0.02,1,2742,买盘
2260,14:27:40,27.4,-0.02,1,2740,卖盘
2261,14:27:58,27.44,0.04,5,13714,买盘
2262,14:28:04,27.46,0.02,12,32944,买盘
2263,14:28:10,27.37,-0.09,90,246499,卖盘
2264,14:28:13,27.42,0.05,5,13710,中性盘
2265,14:28:16,27.44,0.02,20,54844,买盘
2266,14:28:18,27.37,-0.07,1,2737,卖盘
2267,14:28:21,27.45,0.08,7,19205,买盘
2268,14:28:37,27.39,-0.06,10,27390,卖盘
2269,14:28:42,27.39,0.0,6,16434,卖盘
2270,14:28:55,27.39,0.0,6,16434,买盘
2271,14:28:58,27.39,0.0,4,10956,买盘
2272,14:29:00,27.37,-0.02,5,13685,卖盘
2273,14:29:16,27.38,0.01,1,2738,卖盘
2274,14:29:21,27.39,0.01,10,27390,买盘
2275,14:29:24,27.39,0.0,1,2739,卖盘
2276,14:29:40,27.39,0.0,11,30129,卖盘
2277,14:29:52,27.39,0.0,16,43824,卖盘
2278,14:30:04,27.42,0.03,20,54840,买盘
2279,14:30:07,27.42,0.0,3,8226,卖盘
2280,14:30:16,27.4,-0.02,5,13708,卖盘
2281,14:30:22,27.45,0.05,36,98793,买盘
2282,14:30:37,27.45,0.0,2,5490,买盘
2283,14:30:48,27.46,0.01,17,46682,买盘
2284,14:31:07,27.46,0.0,2,5492,卖盘
2285,14:31:10,27.47,0.01,5,13735,买盘
2286,14:31:13,27.47,0.0,4,10988,买盘
2287,14:31:22,27.47,0.0,2,5494,卖盘
2288,14:31:25,27.48,0.01,6,16488,买盘
2289,14:31:28,27.48,0.0,10,27471,买盘
2290,14:31:31,27.48,0.0,5,13740,买盘
2291,14:31:34,27.48,0.0,1,2748,买盘
2292,14:31:40,27.48,0.0,30,82440,买盘
2293,14:31:46,27.48,0.0,23,63204,买盘
2294,14:31:48,27.48,0.0,9,24732,买盘
2295,14:31:52,27.48,0.0,7,19236,卖盘
2296,14:32:16,27.5,0.02,5,13750,买盘
2297,14:32:18,27.5,0.0,1,2750,卖盘
2298,14:32:37,27.51,0.01,1,2751,卖盘
2299,14:32:40,27.5,-0.01,10,27500,卖盘
2300,14:32:42,27.5,0.0,1,2750,卖盘
2301,14:32:58,27.5,0.0,6,16503,卖盘
2302,14:33:16,27.5,0.0,20,55013,卖盘
2303,14:33:25,27.53,0.03,5,13759,买盘
2304,14:33:33,27.52,-0.01,6,16510,中性盘
2305,14:33:40,27.51,-0.01,10,27510,卖盘
2306,14:33:46,27.53,0.02,7,19270,买盘
2307,14:33:52,27.51,-0.02,2,5502,卖盘
2308,14:33:54,27.51,0.0,34,93534,卖盘
2309,14:34:04,27.51,0.0,9,24759,买盘
2310,14:34:07,27.5,-0.01,10,27506,卖盘
2311,14:34:10,27.5,0.0,44,120986,卖盘
2312,14:34:13,27.5,0.0,4,11000,买盘
2313,14:34:19,27.49,-0.01,10,27490,卖盘
2314,14:34:28,27.48,-0.01,3,8245,卖盘
2315,14:34:30,27.48,0.0,27,74196,卖盘
2316,14:34:37,27.49,0.01,26,71467,买盘
2317,14:34:48,27.47,-0.02,9,24723,卖盘
2318,14:34:55,27.47,0.0,1,2747,卖盘
2319,14:34:58,27.48,0.01,10,27472,买盘
2320,14:35:04,27.46,-0.02,7,19222,卖盘
2321,14:35:12,27.46,0.0,21,57666,卖盘
2322,14:35:19,27.47,0.01,10,27470,买盘
2323,14:35:21,27.46,-0.01,1,2746,卖盘
2324,14:35:36,27.45,-0.01,3,8235,卖盘
2325,14:35:39,27.45,0.0,11,30195,卖盘
2326,14:35:58,27.42,-0.03,3,8226,卖盘
2327,14:36:10,27.39,-0.03,22,60271,卖盘
2328,14:36:13,27.39,0.0,5,13695,卖盘
2329,14:36:22,27.39,0.0,5,13695,买盘
2330,14:36:25,27.39,0.0,3,8217,买盘
2331,14:36:28,27.38,-0.01,5,13690,卖盘
2332,14:36:37,27.39,0.01,1,2739,买盘
2333,14:36:40,27.39,0.0,20,54780,买盘
2334,14:36:43,27.43,0.04,1,2743,卖盘
2335,14:36:46,27.38,-0.05,3,8219,卖盘
2336,14:36:58,27.39,0.01,3,8217,卖盘
2337,14:37:04,27.39,0.0,10,27390,卖盘
2338,14:37:09,27.44,0.05,30,82320,买盘
2339,14:37:28,27.39,-0.05,5,13695,卖盘
2340,14:37:34,27.42,0.03,2,5484,买盘
2341,14:37:39,27.4,-0.02,6,16448,卖盘
2342,14:37:45,27.41,0.01,10,27410,买盘
2343,14:37:55,27.42,0.01,6,16451,买盘
2344,14:37:57,27.4,-0.02,2,5480,卖盘
2345,14:38:04,27.4,0.0,7,19180,卖盘
2346,14:38:10,27.42,0.02,12,32904,买盘
2347,14:38:12,27.42,0.0,5,13710,买盘
2348,14:38:19,27.41,-0.01,12,32892,卖盘
2349,14:38:34,27.4,-0.01,8,21927,卖盘
2350,14:38:49,27.41,0.01,5,13705,卖盘
2351,14:38:58,27.41,0.0,5,13705,卖盘
2352,14:39:01,27.41,0.0,2,5482,买盘
2353,14:39:04,27.41,0.0,15,41115,买盘
2354,14:39:13,27.4,-0.01,17,46580,卖盘
2355,14:39:19,27.4,0.0,6,16440,卖盘
2356,14:39:21,27.4,0.0,1,2740,买盘
2357,14:39:25,27.4,0.0,10,27400,买盘
2358,14:39:34,27.4,0.0,3,8220,卖盘
2359,14:39:37,27.4,0.0,10,27400,卖盘
2360,14:39:48,27.4,0.0,14,38360,卖盘
2361,14:39:51,27.39,-0.01,18,49302,卖盘
2362,14:39:55,27.41,0.02,23,63030,买盘
2363,14:39:58,27.4,-0.01,2,5480,卖盘
2364,14:40:01,27.41,0.01,13,35623,买盘
2365,14:40:04,27.4,-0.01,3,8220,卖盘
2366,14:40:13,27.39,-0.01,9,24656,卖盘
2367,14:40:15,27.39,0.0,16,43824,卖盘
2368,14:40:21,27.4,0.01,2,5480,买盘
2369,14:40:25,27.4,0.0,13,35620,买盘
2370,14:40:28,27.39,-0.01,44,120516,卖盘
2371,14:40:31,27.39,0.0,4,10956,卖盘
2372,14:40:34,27.39,0.0,1,2739,买盘
2373,14:40:37,27.39,0.0,3,8217,买盘
2374,14:40:40,27.39,0.0,4,10956,卖盘
2375,14:40:46,27.39,0.0,2,5478,买盘
2376,14:40:51,27.39,0.0,21,57499,买盘
2377,14:40:54,27.38,-0.01,18,49294,卖盘
2378,14:40:58,27.39,0.01,3,8216,中性盘
2379,14:41:16,27.4,0.01,1,2740,买盘
2380,14:41:25,27.38,-0.02,9,24642,卖盘
2381,14:41:34,27.4,0.02,8,21920,买盘
2382,14:41:37,27.38,-0.02,12,32856,卖盘
2383,14:41:40,27.38,0.0,1,2738,卖盘
2384,14:41:58,27.38,0.0,2,5476,卖盘
2385,14:42:00,27.38,0.0,30,82140,卖盘
2386,14:42:07,27.39,0.01,3,8215,中性盘
2387,14:42:10,27.4,0.01,20,54792,买盘
2388,14:42:13,27.35,-0.05,144,394109,卖盘
2389,14:42:16,27.38,0.03,5,13690,中性盘
2390,14:42:31,27.38,0.0,5,13691,卖盘
2391,14:42:37,27.39,0.01,4,10956,买盘
2392,14:42:40,27.4,0.01,4,10960,买盘
2393,14:42:49,27.39,-0.01,28,76692,卖盘
2394,14:42:51,27.38,-0.01,13,35594,卖盘
2395,14:42:55,27.38,0.0,9,24642,买盘
2396,14:42:58,27.36,-0.02,3,8210,卖盘
2397,14:43:01,27.36,0.0,4,10944,卖盘
2398,14:43:10,27.38,0.02,2,5476,买盘
2399,14:43:25,27.38,0.0,21,57497,买盘
2400,14:43:28,27.38,0.0,10,27376,买盘
2401,14:43:31,27.38,0.0,9,24634,买盘
2402,14:43:37,27.38,0.0,5,13690,卖盘
2403,14:43:40,27.38,0.0,47,128720,卖盘
2404,14:43:46,27.39,0.01,2,5478,买盘
2405,14:43:49,27.39,0.0,36,98601,买盘
2406,14:43:52,27.38,-0.01,6,16428,卖盘
2407,14:43:55,27.39,0.01,5,13695,买盘
2408,14:43:58,27.38,-0.01,83,227314,卖盘
2409,14:44:13,27.4,0.02,2,5480,买盘
2410,14:44:16,27.39,-0.01,10,27390,卖盘
2411,14:44:19,27.38,-0.01,19,52038,卖盘
2412,14:44:22,27.38,0.0,4,10952,卖盘
2413,14:44:25,27.4,0.02,111,304140,买盘
2414,14:44:31,27.4,0.0,7,19180,买盘
2415,14:44:49,27.41,0.01,17,46645,卖盘
2416,14:44:55,27.41,0.0,2,5482,卖盘
2417,14:45:04,27.47,0.06,8,21968,买盘
2418,14:45:07,27.42,-0.05,11,30174,卖盘
2419,14:45:13,27.44,0.02,7,19198,买盘
2420,14:45:16,27.47,0.03,3,8241,买盘
2421,14:45:19,27.45,-0.02,5,13725,卖盘
2422,14:45:22,27.45,0.0,4,10980,卖盘
2423,14:45:28,27.47,0.02,9,24718,买盘
2424,14:45:34,27.46,-0.01,3,8238,卖盘
2425,14:45:40,27.46,0.0,2,5492,卖盘
2426,14:45:43,27.47,0.01,15,41205,买盘
2427,14:45:52,27.48,0.01,5,13740,买盘
2428,14:45:58,27.5,0.02,69,189699,买盘
2429,14:46:10,27.51,0.01,5,13755,买盘
2430,14:46:13,27.51,0.0,5,13755,买盘
2431,14:46:25,27.55,0.04,15,41312,买盘
2432,14:46:28,27.54,-0.01,18,49576,卖盘
2433,14:46:31,27.54,0.0,3,8262,卖盘
2434,14:46:37,27.56,0.02,2,5512,买盘
2435,14:46:40,27.56,0.0,15,41340,买盘
2436,14:46:49,27.57,0.01,3,8271,买盘
2437,14:46:52,27.58,0.01,13,35851,买盘
2438,14:46:55,27.58,0.0,1,2758,卖盘
2439,14:46:58,27.59,0.01,20,55170,买盘
2440,14:47:01,27.58,-0.01,3,8276,卖盘
2441,14:47:04,27.59,0.01,11,30354,买盘
2442,14:47:07,27.59,0.0,8,22077,卖盘
2443,14:47:10,27.6,0.01,24,66240,买盘
2444,14:47:16,27.6,0.0,34,93846,卖盘
2445,14:47:19,27.6,0.0,16,44160,卖盘
2446,14:47:25,27.6,0.0,8,22080,买盘
2447,14:47:28,27.62,0.02,35,96643,买盘
2448,14:47:31,27.6,-0.02,2,5520,中性盘
2449,14:47:34,27.6,0.0,4,11040,卖盘
2450,14:47:37,27.61,0.01,9,24848,买盘
2451,14:47:40,27.62,0.01,6,16567,买盘
2452,14:47:46,27.62,0.0,62,171283,卖盘
2453,14:47:55,27.63,0.01,1,2763,中性盘
2454,14:47:58,27.64,0.01,12,33159,买盘
2455,14:48:04,27.61,-0.03,54,149162,卖盘
2456,14:48:07,27.62,0.01,12,33144,买盘
2457,14:48:10,27.6,-0.02,24,66256,卖盘
2458,14:48:13,27.62,0.02,10,27620,买盘
2459,14:48:19,27.62,0.0,20,55240,买盘
2460,14:48:22,27.6,-0.02,19,52440,卖盘
2461,14:48:28,27.6,0.0,22,60720,卖盘
2462,14:48:34,27.59,-0.01,11,30349,卖盘
2463,14:48:40,27.6,0.01,18,49672,买盘
2464,14:48:43,27.59,-0.01,1,2759,卖盘
2465,14:48:46,27.58,-0.01,22,60683,卖盘
2466,14:48:49,27.6,0.02,5,13799,买盘
2467,14:48:55,27.58,-0.02,1,2758,卖盘
2468,14:49:04,27.56,-0.02,31,85450,卖盘
2469,14:49:13,27.56,0.0,10,27560,卖盘
2470,14:49:16,27.57,0.01,41,113005,买盘
2471,14:49:22,27.57,0.0,15,41355,卖盘
2472,14:49:28,27.57,0.0,5,13788,卖盘
2473,14:49:31,27.57,0.0,5,13785,卖盘
2474,14:49:34,27.56,-0.01,45,124057,卖盘
2475,14:49:37,27.57,0.01,68,187438,买盘
2476,14:49:40,27.57,0.0,10,27570,卖盘
2477,14:49:43,27.57,0.0,20,55140,卖盘
2478,14:49:55,27.57,0.0,133,366619,买盘
2479,14:49:58,27.57,0.0,8,22053,买盘
2480,14:50:10,27.55,-0.02,1,2755,买盘
2481,14:50:16,27.57,0.02,24,66156,买盘
2482,14:50:19,27.54,-0.03,7,19283,卖盘
2483,14:50:25,27.54,0.0,1,2754,卖盘
2484,14:50:28,27.54,0.0,1,1377,卖盘
2485,14:50:31,27.54,0.0,13,35810,卖盘
2486,14:50:37,27.54,0.0,2,5508,卖盘
2487,14:50:40,27.54,0.0,27,74361,卖盘
2488,14:50:43,27.55,0.01,4,11020,买盘
2489,14:50:46,27.55,0.0,10,27550,卖盘
2490,14:50:52,27.55,0.0,3,8265,卖盘
2491,14:50:55,27.56,0.01,13,35825,买盘
2492,14:50:58,27.55,-0.01,29,79895,卖盘
2493,14:51:01,27.56,0.01,5,13780,买盘
2494,14:51:04,27.58,0.02,20,55133,买盘
2495,14:51:07,27.56,-0.02,28,77180,卖盘
2496,14:51:16,27.58,0.02,17,46878,买盘
2497,14:51:22,27.57,-0.01,5,13785,卖盘
2498,14:51:25,27.57,0.0,49,135093,卖盘
2499,14:51:28,27.57,0.0,24,66168,卖盘
2500,14:51:31,27.57,0.0,10,27570,买盘
2501,14:51:34,27.58,0.01,33,91007,买盘
2502,14:51:37,27.57,-0.01,1,2757,卖盘
2503,14:51:40,27.58,0.01,31,85478,买盘
2504,14:51:46,27.58,0.0,15,41378,卖盘
2505,14:51:55,27.58,0.0,1,2758,卖盘
2506,14:51:58,27.58,0.0,4,11032,卖盘
2507,14:52:04,27.59,0.01,15,41385,买盘
2508,14:52:10,27.59,0.0,16,44144,买盘
2509,14:52:16,27.59,0.0,80,220720,卖盘
2510,14:52:19,27.59,0.0,2,5519,卖盘
2511,14:52:25,27.6,0.01,5,13800,买盘
2512,14:52:28,27.59,-0.01,32,88309,卖盘
2513,14:52:31,27.59,0.0,12,33118,卖盘
2514,14:52:34,27.6,0.01,64,176639,买盘
2515,14:52:37,27.6,0.0,39,107640,卖盘
2516,14:52:43,27.61,0.01,4,11044,买盘
2517,14:52:46,27.6,-0.01,10,27604,卖盘
2518,14:52:52,27.62,0.02,55,151868,买盘
2519,14:52:55,27.62,0.0,13,35906,买盘
2520,14:52:58,27.61,-0.01,21,57983,卖盘
2521,14:53:01,27.62,0.01,5,13810,卖盘
2522,14:53:04,27.62,0.0,3,8286,卖盘
2523,14:53:07,27.62,0.0,1,2762,卖盘
2524,14:53:10,27.64,0.02,7,19342,买盘
2525,14:53:13,27.63,-0.01,8,22104,卖盘
2526,14:53:16,27.62,-0.01,69,190630,卖盘
2527,14:53:19,27.62,0.0,2,5524,买盘
2528,14:53:22,27.62,0.0,15,41430,买盘
2529,14:53:25,27.63,0.01,40,110485,买盘
2530,14:53:28,27.61,-0.02,3,8283,卖盘
2531,14:53:31,27.63,0.02,14,38675,买盘
2532,14:53:34,27.63,0.0,5,13815,卖盘
2533,14:53:37,27.62,-0.01,22,60782,卖盘
2534,14:53:40,27.61,-0.01,2,5522,卖盘
2535,14:53:43,27.63,0.02,19,52492,买盘
2536,14:53:46,27.61,-0.02,26,71796,卖盘
2537,14:53:49,27.62,0.01,1,2762,卖盘
2538,14:53:52,27.63,0.01,9,24867,买盘
2539,14:53:55,27.62,-0.01,32,88384,卖盘
2540,14:53:58,27.63,0.01,35,96671,买盘
2541,14:54:04,27.64,0.01,136,375813,买盘
2542,14:54:07,27.6,-0.04,75,207173,卖盘
2543,14:54:10,27.63,0.03,32,88406,买盘
2544,14:54:16,27.63,0.0,4,11052,卖盘
2545,14:54:19,27.63,0.0,7,19341,卖盘
2546,14:54:22,27.63,0.0,22,60826,卖盘
2547,14:54:25,27.63,0.0,3,8293,卖盘
2548,14:54:28,27.63,0.0,16,44208,卖盘
2549,14:54:31,27.63,0.0,5,13815,买盘
2550,14:54:34,27.63,0.0,16,44208,买盘
2551,14:54:37,27.64,0.01,3,8292,中性盘
2552,14:54:43,27.64,0.0,31,85701,买盘
2553,14:54:49,27.64,0.0,18,49748,买盘
2554,14:54:52,27.63,-0.01,5,13817,卖盘
2555,14:54:55,27.65,0.02,20,55300,买盘
2556,14:54:58,27.64,-0.01,8,22112,卖盘
2557,14:55:01,27.64,0.0,52,143725,卖盘
2558,14:55:04,27.65,0.01,2,5530,买盘
2559,14:55:07,27.64,-0.01,5,13820,卖盘
2560,14:55:13,27.65,0.01,14,38710,买盘
2561,14:55:16,27.65,0.0,59,163133,买盘
2562,14:55:19,27.64,-0.01,10,27643,卖盘
2563,14:55:22,27.64,0.0,9,24879,卖盘
2564,14:55:25,27.64,0.0,2,5528,卖盘
2565,14:55:28,27.65,0.01,5,13825,买盘
2566,14:55:31,27.64,-0.01,9,24876,卖盘
2567,14:55:34,27.64,0.0,45,124398,卖盘
2568,14:55:37,27.64,0.0,4,11056,卖盘
2569,14:55:40,27.64,0.0,17,46988,买盘
2570,14:55:43,27.63,-0.01,13,35924,卖盘
2571,14:55:49,27.63,0.0,38,104995,卖盘
2572,14:55:52,27.64,0.01,25,69095,买盘
2573,14:55:55,27.63,-0.01,23,63549,卖盘
2574,14:56:01,27.64,0.01,38,105037,买盘
2575,14:56:04,27.63,-0.01,38,105011,卖盘
2576,14:56:07,27.63,0.0,29,80127,卖盘
2577,14:56:10,27.64,0.01,8,22110,中性盘
2578,14:56:16,27.65,0.01,50,138219,买盘
2579,14:56:19,27.64,-0.01,4,11059,卖盘
2580,14:56:22,27.64,0.0,1,2764,卖盘
2581,14:56:25,27.65,0.01,8,22120,买盘
2582,14:56:28,27.64,-0.01,5,13820,卖盘
2583,14:56:31,27.64,0.0,2,5528,买盘
2584,14:56:34,27.64,0.0,13,35932,买盘
2585,14:56:37,27.63,-0.01,22,60807,卖盘
2586,14:56:40,27.61,-0.02,8,22102,卖盘
2587,14:56:43,27.6,-0.01,35,96622,卖盘
2588,14:56:49,27.63,0.03,3,8291,中性盘
2589,14:56:52,27.64,0.01,11,30404,买盘
2590,14:56:55,27.63,-0.01,1,2763,卖盘
2591,14:56:58,27.63,0.0,9,24867,卖盘
2592,14:57:00,27.63,0.0,19,52497,卖盘
2593,14:57:03,27.6,-0.03,56,154726,卖盘
2594,15:00:05,27.66,0.06,865,2392590,卖盘
