,time,price,change,volume,amount,type
0,09:25:04,27.31,-0.25,166,453346,卖盘
1,09:30:05,27.32,0.01,13,35746,中性盘
2,09:30:07,27.35,0.03,133,363759,中性盘
3,09:30:10,27.5,0.15,21,57682,买盘
4,09:30:16,27.35,-0.15,5,13678,卖盘
5,09:30:19,27.47,0.12,1,2747,中性盘
6,09:30:22,27.46,-0.01,1,2746,买盘
7,09:30:25,27.35,-0.11,22,60217,卖盘
8,09:30:31,27.47,0.12,11,30247,卖盘
9,09:30:34,27.5,0.03,12,33000,买盘
10,09:30:40,27.47,-0.03,11,30223,卖盘
11,09:30:49,27.38,-0.09,10,27461,卖盘
12,09:30:52,27.47,0.09,27,74127,买盘
13,09:30:58,27.38,-0.09,13,35594,卖盘
14,09:31:01,27.47,0.09,4,10988,买盘
15,09:31:04,27.38,-0.09,104,285350,卖盘
16,09:31:07,27.45,0.07,14,38367,中性盘
17,09:31:10,27.46,0.01,6,16476,卖盘
18,09:31:13,27.39,-0.07,5,13695,中性盘
19,09:31:16,27.46,0.07,3,8238,买盘
20,09:31:19,27.39,-0.07,34,93213,卖盘
21,09:31:22,27.46,0.07,5,13730,中性盘
22,09:31:25,27.46,0.0,3,8238,卖盘
23,09:31:31,27.45,-0.01,9,24705,买盘
24,09:31:34,27.4,-0.05,14,38380,卖盘
25,09:31:37,27.43,0.03,41,112557,中性盘
26,09:31:40,27.4,-0.03,30,82321,卖盘
27,09:31:46,27.48,0.08,6,16488,买盘
28,09:31:49,27.45,-0.03,10,27450,卖盘
29,09:31:52,27.45,0.0,1,2745,卖盘
30,09:31:55,27.45,0.0,94,257862,卖盘
31,09:31:58,27.46,0.01,18,49423,买盘
32,09:32:04,27.46,0.0,15,41190,买盘
33,09:32:07,27.48,0.02,16,43954,买盘
34,09:32:10,27.49,0.01,45,123605,买盘
35,09:32:13,27.45,-0.04,51,140042,卖盘
36,09:32:16,27.46,0.01,10,27464,卖盘
37,09:32:22,27.5,0.04,52,142819,买盘
38,09:32:25,27.5,0.0,9,24735,买盘
39,09:32:28,27.49,-0.01,7,19243,中性盘
40,09:32:31,27.5,0.01,2,5500,买盘
41,09:32:34,27.49,-0.01,35,96245,卖盘
42,09:32:40,27.52,0.03,4,11008,卖盘
43,09:32:43,27.52,0.0,3,8256,卖盘
44,09:32:46,27.5,-0.02,15,41298,卖盘
45,09:32:49,27.52,0.02,1,2752,中性盘
46,09:32:52,27.55,0.03,10,27550,买盘
47,09:33:01,27.54,-0.01,28,77127,卖盘
48,09:33:04,27.55,0.01,8,22049,中性盘
49,09:33:07,27.55,0.0,12,33057,买盘
50,09:33:10,27.6,0.05,42,115814,买盘
51,09:33:13,27.6,0.0,6,16560,卖盘
52,09:33:16,27.61,0.01,3,8283,买盘
53,09:33:19,27.65,0.04,19,52465,买盘
54,09:33:22,27.66,0.01,36,99511,买盘
55,09:33:25,27.61,-0.05,46,127027,中性盘
56,09:33:28,27.63,0.02,10,27619,买盘
57,09:33:31,27.65,0.02,10,27656,卖盘
58,09:33:34,27.7,0.05,39,107885,买盘
59,09:33:37,27.65,-0.05,23,63613,卖盘
60,09:33:43,27.66,0.01,47,129949,买盘
61,09:33:46,27.68,0.02,45,124489,买盘
62,09:33:49,27.66,-0.02,5,13840,中性盘
63,09:33:52,27.66,0.0,44,121712,卖盘
64,09:33:55,27.66,0.0,35,96892,卖盘
65,09:33:58,27.68,0.02,29,80232,中性盘
66,09:34:01,27.65,-0.03,29,80216,卖盘
67,09:34:05,27.67,0.02,14,38738,买盘
68,09:34:07,27.65,-0.02,10,27650,卖盘
69,09:34:10,27.65,0.0,7,19357,卖盘
70,09:34:13,27.64,-0.01,21,58057,卖盘
71,09:34:16,27.63,-0.01,41,113352,卖盘
72,09:34:19,27.64,0.01,58,160222,卖盘
73,09:34:22,27.64,0.0,56,154766,买盘
74,09:34:25,27.64,0.0,34,93878,卖盘
75,09:34:28,27.6,-0.04,29,80079,卖盘
76,09:34:31,27.6,0.0,83,230474,卖盘
77,09:34:34,27.62,0.02,36,99364,中性盘
78,09:34:37,27.62,0.0,34,92503,买盘
79,09:34:40,27.55,-0.07,2,5510,卖盘
80,09:34:43,27.6,0.05,20,55194,买盘
81,09:34:46,27.55,-0.05,12,33060,卖盘
82,09:34:49,27.6,0.05,3,8275,买盘
83,09:34:52,27.55,-0.05,20,55105,卖盘
84,09:34:55,27.55,0.0,21,57795,买盘
85,09:34:58,27.55,0.0,30,82650,卖盘
86,09:35:01,27.55,0.0,15,41325,买盘
87,09:35:04,27.51,-0.04,5,13755,卖盘
88,09:35:07,27.51,0.0,60,165452,卖盘
89,09:35:10,27.51,0.0,3,8261,卖盘
90,09:35:13,27.55,0.04,4,11020,中性盘
91,09:35:16,27.6,0.05,40,110374,买盘
92,09:35:19,27.6,0.0,10,27600,买盘
93,09:35:25,27.6,0.0,38,104877,买盘
94,09:35:28,27.55,-0.05,14,38615,卖盘
95,09:35:31,27.53,-0.02,22,60596,卖盘
96,09:35:34,27.6,0.07,11,30310,买盘
97,09:35:37,27.6,0.0,6,16555,买盘
98,09:35:43,27.6,0.0,37,102120,买盘
99,09:35:46,27.6,0.0,6,16558,买盘
100,09:35:49,27.6,0.0,11,30359,买盘
101,09:35:52,27.6,0.0,10,27592,买盘
102,09:35:55,27.6,0.0,21,59267,买盘
103,09:35:58,27.58,-0.02,11,29026,卖盘
104,09:36:01,27.59,0.01,11,30343,买盘
105,09:36:04,27.59,0.0,1,2759,买盘
106,09:36:06,27.65,0.06,20,56601,买盘
107,09:36:10,27.65,0.0,59,163135,卖盘
108,09:36:13,27.65,0.0,8,22120,卖盘
109,09:36:16,27.65,0.0,11,30415,卖盘
110,09:36:19,27.65,0.0,30,81580,卖盘
111,09:36:22,27.66,0.01,34,94021,买盘
112,09:36:31,27.66,0.0,27,75986,买盘
113,09:36:34,27.65,-0.01,16,44257,卖盘
114,09:36:37,27.6,-0.05,60,165783,卖盘
115,09:36:40,27.64,0.04,5,13820,中性盘
116,09:36:43,27.65,0.01,6,16589,买盘
117,09:36:46,27.65,0.0,3,8295,买盘
118,09:36:49,27.66,0.01,12,33161,买盘
119,09:36:55,27.65,-0.01,11,30415,卖盘
120,09:36:58,27.66,0.01,74,204684,买盘
121,09:37:01,27.66,0.0,14,38724,卖盘
122,09:37:04,27.66,0.0,25,69156,卖盘
123,09:37:07,27.7,0.04,105,290640,买盘
124,09:37:10,27.67,-0.03,10,27670,中性盘
125,09:37:13,27.67,0.0,6,16604,卖盘
126,09:37:16,27.7,0.03,37,102368,买盘
127,09:37:19,27.7,0.0,29,80284,买盘
128,09:37:22,27.71,0.01,23,63712,买盘
129,09:37:25,27.7,-0.01,23,63705,中性盘
130,09:37:28,27.71,0.01,40,110840,买盘
131,09:37:31,27.72,0.01,22,60978,买盘
132,09:37:34,27.77,0.05,13,36099,买盘
133,09:37:37,27.77,0.0,33,91641,买盘
134,09:37:40,27.75,-0.02,45,124929,卖盘
135,09:37:43,27.8,0.05,68,188960,买盘
136,09:37:46,27.8,0.0,31,86276,卖盘
137,09:37:49,27.8,0.0,13,36168,卖盘
138,09:37:52,27.8,0.0,35,97360,卖盘
139,09:37:55,27.86,0.06,31,86216,买盘
140,09:37:58,27.89,0.03,44,122650,买盘
141,09:38:01,27.88,-0.01,22,61328,卖盘
142,09:38:04,27.87,-0.01,20,55761,卖盘
143,09:38:07,27.9,0.03,90,251370,买盘
144,09:38:10,27.93,0.03,3,8376,买盘
145,09:38:13,27.92,-0.01,14,39080,中性盘
146,09:38:16,27.93,0.01,47,131223,买盘
147,09:38:19,27.93,0.0,37,103293,买盘
148,09:38:22,27.94,0.01,17,47501,卖盘
149,09:38:25,27.96,0.02,41,113721,买盘
150,09:38:28,27.96,0.0,25,69956,卖盘
151,09:38:31,27.99,0.03,79,220949,买盘
152,09:38:37,28.0,0.01,23,64385,买盘
153,09:38:40,28.0,0.0,46,128799,买盘
154,09:38:43,28.0,0.0,10,28000,卖盘
155,09:38:46,28.01,0.01,29,81197,中性盘
156,09:38:49,28.08,0.07,70,196452,买盘
157,09:38:52,28.05,-0.03,73,204657,卖盘
158,09:38:55,28.05,0.0,43,120615,卖盘
159,09:38:58,28.06,0.01,21,58915,买盘
160,09:39:01,28.04,-0.02,174,488293,卖盘
161,09:39:04,28.09,0.05,11,30872,买盘
162,09:39:07,28.05,-0.04,59,165539,卖盘
163,09:39:10,28.05,0.0,75,210251,买盘
164,09:39:13,28.0,-0.05,133,373107,卖盘
165,09:39:16,28.0,0.0,30,84087,卖盘
166,09:39:19,28.06,0.06,141,395296,买盘
167,09:39:22,28.04,-0.02,15,42074,卖盘
168,09:39:25,28.0,-0.04,25,70011,卖盘
169,09:39:28,27.98,-0.02,20,55995,卖盘
170,09:39:31,28.0,0.02,39,109196,买盘
171,09:39:34,28.0,0.0,5,14000,买盘
172,09:39:37,28.0,0.0,40,111952,买盘
173,09:39:40,28.0,0.0,7,19580,买盘
174,09:39:43,28.0,0.0,25,69975,买盘
175,09:39:46,28.0,0.0,37,103570,卖盘
176,09:39:49,28.0,0.0,41,114804,卖盘
177,09:39:52,28.0,0.0,13,36427,卖盘
178,09:39:55,28.0,0.0,19,53211,卖盘
179,09:39:58,28.04,0.04,84,235496,买盘
180,09:40:01,28.0,-0.04,28,78423,卖盘
181,09:40:05,28.04,0.04,66,184992,买盘
182,09:40:07,28.03,-0.01,18,50464,中性盘
183,09:40:10,28.04,0.01,19,53234,买盘
184,09:40:13,28.05,0.01,32,89686,买盘
185,09:40:16,28.05,0.0,28,78540,卖盘
186,09:40:19,28.04,-0.01,18,50488,卖盘
187,09:40:22,28.05,0.01,17,47670,买盘
188,09:40:25,28.05,0.0,22,61706,买盘
189,09:40:28,28.06,0.01,42,117751,买盘
190,09:40:31,28.06,0.0,31,86979,买盘
191,09:40:34,28.06,0.0,19,53314,卖盘
192,09:40:37,28.06,0.0,26,72978,卖盘
193,09:40:40,28.06,0.0,3,8418,卖盘
194,09:40:43,28.08,0.02,3,8424,买盘
195,09:40:46,28.09,0.01,36,101092,买盘
196,09:40:49,28.08,-0.01,20,56146,卖盘
197,09:40:52,28.06,-0.02,39,109475,卖盘
198,09:40:55,28.1,0.04,17,47756,买盘
199,09:40:58,28.09,-0.01,16,44948,卖盘
200,09:41:01,28.1,0.01,9,25285,买盘
201,09:41:04,28.09,-0.01,45,126448,卖盘
202,09:41:07,28.1,0.01,27,75868,买盘
203,09:41:10,28.1,0.0,41,115216,中性盘
204,09:41:13,28.1,0.0,18,50586,卖盘
205,09:41:16,28.12,0.02,60,168642,买盘
206,09:41:19,28.1,-0.02,47,132096,卖盘
207,09:41:22,28.1,0.0,7,19670,卖盘
208,09:41:25,28.09,-0.01,54,151750,卖盘
209,09:41:28,28.11,0.02,60,168601,买盘
210,09:41:31,28.1,-0.01,13,36527,买盘
211,09:41:34,28.06,-0.04,65,182522,卖盘
212,09:41:37,28.09,0.03,30,84251,买盘
213,09:41:40,28.08,-0.01,14,39301,中性盘
214,09:41:43,28.06,-0.02,24,67332,中性盘
215,09:41:46,28.0,-0.06,56,156919,卖盘
216,09:41:52,28.01,0.01,46,128784,买盘
217,09:41:55,28.0,-0.01,7,19601,中性盘
218,09:41:58,28.01,0.01,8,22401,买盘
219,09:42:01,28.0,-0.01,8,22400,卖盘
220,09:42:04,28.0,0.0,46,128784,买盘
221,09:42:07,27.96,-0.04,16,44776,卖盘
222,09:42:10,28.0,0.04,40,111874,买盘
223,09:42:13,28.0,0.0,122,341190,买盘
224,09:42:19,28.0,0.0,8,22400,卖盘
225,09:42:22,27.96,-0.04,34,95190,卖盘
226,09:42:25,27.96,0.0,16,44740,卖盘
227,09:42:28,27.96,0.0,5,13986,卖盘
228,09:42:31,27.96,0.0,43,121139,卖盘
229,09:42:34,27.96,0.0,2,5592,买盘
230,09:42:37,28.0,0.04,23,64309,买盘
231,09:42:40,27.93,-0.07,9,25151,卖盘
232,09:42:43,27.95,0.02,4,11180,中性盘
233,09:42:46,27.95,0.0,15,41925,买盘
234,09:42:52,27.93,-0.02,10,27931,卖盘
235,09:42:55,27.95,0.02,42,117397,买盘
236,09:42:58,27.95,0.0,11,30745,卖盘
237,09:43:01,27.95,0.0,13,36319,中性盘
238,09:43:04,27.95,0.0,11,30755,卖盘
239,09:43:07,27.96,0.01,5,13976,买盘
240,09:43:10,27.96,0.0,15,41940,卖盘
241,09:43:13,27.96,0.0,13,36348,卖盘
242,09:43:19,27.98,0.02,7,19586,买盘
243,09:43:25,27.95,-0.03,28,78282,卖盘
244,09:43:28,27.99,0.04,13,36380,买盘
245,09:43:31,27.99,0.0,40,111956,买盘
246,09:43:34,27.99,0.0,11,30787,买盘
247,09:43:37,27.99,0.0,5,13995,卖盘
248,09:43:43,27.99,0.0,46,128754,卖盘
249,09:43:46,27.99,0.0,26,72773,买盘
250,09:43:49,28.0,0.01,84,235155,买盘
251,09:43:52,28.0,0.0,17,47590,买盘
252,09:43:55,27.99,-0.01,4,11196,中性盘
253,09:43:58,27.98,-0.01,85,237861,卖盘
254,09:44:01,28.0,0.02,9,25198,买盘
255,09:44:04,28.0,0.0,62,172636,买盘
256,09:44:07,28.0,0.0,34,95200,卖盘
257,09:44:10,28.0,0.0,1,2800,买盘
258,09:44:13,28.0,0.0,7,19600,卖盘
259,09:44:16,28.0,0.0,20,56016,卖盘
260,09:44:19,28.0,0.0,8,22404,卖盘
261,09:44:22,28.03,0.03,39,109313,买盘
262,09:44:25,28.02,-0.01,14,39235,卖盘
263,09:44:28,28.02,0.0,10,28020,卖盘
264,09:44:31,28.02,0.0,12,33624,卖盘
265,09:44:34,28.0,-0.02,91,254874,卖盘
266,09:44:37,27.98,-0.02,56,157715,卖盘
267,09:44:40,27.97,-0.01,12,33569,卖盘
268,09:44:43,27.98,0.01,35,97913,买盘
269,09:44:46,27.95,-0.03,54,151171,卖盘
270,09:44:49,27.95,0.0,2,5590,卖盘
271,09:44:52,27.96,0.01,37,103341,买盘
272,09:44:55,27.96,0.0,81,226410,买盘
273,09:44:58,27.96,0.0,1,2796,卖盘
274,09:45:01,27.96,0.0,9,25166,卖盘
275,09:45:04,27.96,0.0,13,36348,卖盘
276,09:45:07,27.89,-0.07,61,170223,卖盘
277,09:45:10,27.9,0.01,24,66960,买盘
278,09:45:13,27.89,-0.01,2,5579,卖盘
279,09:45:16,27.89,0.0,9,25105,卖盘
280,09:45:19,27.86,-0.03,10,27874,卖盘
281,09:45:22,27.88,0.02,1,2788,卖盘
282,09:45:25,27.86,-0.02,21,58518,卖盘
283,09:45:28,27.86,0.0,19,52926,买盘
284,09:45:31,27.86,0.0,37,103082,买盘
285,09:45:34,27.83,-0.03,18,50095,卖盘
286,09:45:37,27.85,0.02,41,114155,买盘
287,09:45:40,27.83,-0.02,9,25047,卖盘
288,09:45:43,27.8,-0.03,32,89012,卖盘
289,09:45:46,27.83,0.03,20,55646,买盘
290,09:45:52,27.82,-0.01,13,36166,中性盘
291,09:45:55,27.83,0.01,21,58404,买盘
292,09:45:58,27.7,-0.13,147,408244,卖盘
293,09:46:01,27.81,0.11,21,59687,买盘
294,09:46:04,27.83,0.02,3,8349,买盘
295,09:46:07,27.78,-0.05,11,29186,卖盘
296,09:46:10,27.78,0.0,1,2778,卖盘
297,09:46:16,27.8,0.02,3,9730,买盘
298,09:46:22,27.79,-0.01,7,19460,卖盘
299,09:46:25,27.82,0.03,18,50056,买盘
300,09:46:28,27.8,-0.02,29,80640,卖盘
301,09:46:31,27.8,0.0,4,11120,卖盘
302,09:46:34,27.83,0.03,32,89039,买盘
303,09:46:37,27.85,0.02,78,217144,买盘
304,09:46:46,27.83,-0.02,6,16703,卖盘
305,09:46:49,27.88,0.05,1,2788,买盘
306,09:46:52,27.88,0.0,9,25055,买盘
307,09:46:55,27.83,-0.05,20,55660,卖盘
308,09:46:58,27.85,0.02,1,2785,买盘
309,09:47:04,27.86,0.01,7,19498,买盘
310,09:47:07,27.88,0.02,54,150522,买盘
311,09:47:10,27.88,0.0,5,13940,卖盘
312,09:47:13,27.86,-0.02,20,55734,卖盘
313,09:47:16,27.84,-0.02,29,80776,卖盘
314,09:47:19,27.86,0.02,24,66826,买盘
315,09:47:22,27.88,0.02,44,122570,买盘
316,09:47:25,27.84,-0.04,20,55680,中性盘
317,09:47:28,27.85,0.01,10,27850,买盘
318,09:47:31,27.85,0.0,12,33420,买盘
319,09:47:34,27.86,0.01,8,22282,买盘
320,09:47:37,27.85,-0.01,16,44562,买盘
321,09:47:43,27.81,-0.04,221,612432,卖盘
322,09:47:46,27.85,0.04,23,64057,中性盘
323,09:47:49,27.84,-0.01,2,5568,买盘
324,09:47:52,27.84,0.0,24,66816,买盘
325,09:47:55,27.8,-0.04,23,64004,卖盘
326,09:47:58,27.81,0.01,1,2781,中性盘
327,09:48:01,27.8,-0.01,53,147349,卖盘
328,09:48:04,27.8,0.0,8,22240,买盘
329,09:48:07,27.8,0.0,25,69500,买盘
330,09:48:10,27.79,-0.01,39,108413,卖盘
331,09:48:13,27.79,0.0,16,45854,卖盘
332,09:48:16,27.79,0.0,6,15284,买盘
333,09:48:19,27.8,0.01,27,75060,卖盘
334,09:48:22,27.8,0.0,10,27800,卖盘
335,09:48:25,27.8,0.0,21,58382,卖盘
336,09:48:28,27.8,0.0,5,13900,卖盘
337,09:48:31,27.8,0.0,31,87570,卖盘
338,09:48:34,27.8,0.0,26,72265,买盘
339,09:48:37,27.77,-0.03,12,33334,卖盘
340,09:48:40,27.75,-0.02,18,49998,卖盘
341,09:48:43,27.79,0.04,28,77727,买盘
342,09:48:46,27.75,-0.04,2,5550,卖盘
343,09:48:49,27.75,0.0,1,2775,卖盘
344,09:48:52,27.74,-0.01,1,2774,中性盘
345,09:48:55,27.7,-0.04,145,401787,卖盘
346,09:49:01,27.7,0.0,1,2770,卖盘
347,09:49:07,27.68,-0.02,90,249179,卖盘
348,09:49:10,27.68,0.0,29,80272,买盘
349,09:49:13,27.63,-0.05,33,91259,卖盘
350,09:49:16,27.63,0.0,5,13830,卖盘
351,09:49:19,27.63,0.0,11,30413,卖盘
352,09:49:22,27.65,0.02,25,69087,中性盘
353,09:49:25,27.63,-0.02,31,85645,买盘
354,09:49:28,27.62,-0.01,10,27623,中性盘
355,09:49:31,27.63,0.01,3,8287,买盘
356,09:49:34,27.63,0.0,11,30413,买盘
357,09:49:37,27.62,-0.01,54,147791,卖盘
358,09:49:40,27.67,0.05,2,5534,买盘
359,09:49:43,27.63,-0.04,7,19341,卖盘
360,09:49:46,27.65,0.02,7,19355,中性盘
361,09:49:49,27.61,-0.04,84,232029,卖盘
362,09:49:52,27.62,0.01,12,33144,买盘
363,09:49:55,27.62,0.0,16,44192,买盘
364,09:49:58,27.62,0.0,5,13810,买盘
365,09:50:01,27.61,-0.01,24,66269,卖盘
366,09:50:04,27.62,0.01,30,82835,买盘
367,09:50:07,27.62,0.0,4,11048,买盘
368,09:50:10,27.61,-0.01,25,69029,卖盘
369,09:50:13,27.63,0.02,12,33150,买盘
370,09:50:16,27.62,-0.01,6,16573,卖盘
371,09:50:19,27.67,0.05,4,11052,买盘
372,09:50:22,27.62,-0.05,2,5524,中性盘
373,09:50:28,27.65,0.03,11,30419,中性盘
374,09:50:31,27.62,-0.03,3,8286,卖盘
375,09:50:37,27.68,0.06,5,13841,中性盘
376,09:50:40,27.68,0.0,1,2768,买盘
377,09:50:43,27.69,0.01,2,5538,买盘
378,09:50:49,27.67,-0.02,1,2767,中性盘
379,09:50:52,27.65,-0.02,6,16590,买盘
380,09:50:55,27.69,0.04,8,22152,买盘
381,09:50:58,27.7,0.01,3,8310,买盘
382,09:51:01,27.69,-0.01,2,5538,卖盘
383,09:51:04,27.69,0.0,10,27690,卖盘
384,09:51:07,27.7,0.01,2,5540,买盘
385,09:51:10,27.7,0.0,13,36014,卖盘
386,09:51:13,27.7,0.0,10,27700,卖盘
387,09:51:16,27.74,0.04,5,13870,买盘
388,09:51:19,27.7,-0.04,2,5540,卖盘
389,09:51:22,27.7,0.0,28,77560,卖盘
390,09:51:25,27.7,0.0,50,138524,卖盘
391,09:51:28,27.73,0.03,1,2773,买盘
392,09:51:34,27.73,0.0,2,5546,买盘
393,09:51:37,27.74,0.01,6,16641,买盘
394,09:51:40,27.73,-0.01,31,85963,卖盘
395,09:51:43,27.74,0.01,19,52685,买盘
396,09:51:46,27.8,0.06,53,147160,买盘
397,09:51:49,27.74,-0.06,13,36062,买盘
398,09:51:52,27.72,-0.02,38,105386,卖盘
399,09:52:04,27.79,0.07,4,11116,买盘
400,09:52:07,27.8,0.01,2,5560,买盘
401,09:52:10,27.79,-0.01,9,25011,卖盘
402,09:52:16,27.79,0.0,22,61123,买盘
403,09:52:22,27.76,-0.03,4,11104,卖盘
404,09:52:25,27.78,0.02,15,41670,中性盘
405,09:52:28,27.72,-0.06,91,252398,卖盘
406,09:52:31,27.79,0.07,20,55567,买盘
407,09:52:46,27.76,-0.03,6,16656,买盘
408,09:52:49,27.76,0.0,8,22208,买盘
409,09:52:52,27.74,-0.02,3,8322,卖盘
410,09:52:55,27.8,0.06,186,516430,买盘
411,09:52:58,27.8,0.0,5,13900,卖盘
412,09:53:04,27.82,0.02,102,283576,买盘
413,09:53:13,27.8,-0.02,3,8340,买盘
414,09:53:16,27.8,0.0,65,180680,买盘
415,09:53:19,27.8,0.0,25,69500,买盘
416,09:53:22,27.8,0.0,8,22240,买盘
417,09:53:25,27.8,0.0,8,22239,买盘
418,09:53:28,27.79,-0.01,51,141779,卖盘
419,09:53:31,27.79,0.0,27,75055,卖盘
420,09:53:37,27.76,-0.03,1,2776,卖盘
421,09:53:40,27.76,0.0,8,22208,卖盘
422,09:53:43,27.76,0.0,15,41640,卖盘
423,09:53:52,27.76,0.0,28,77728,买盘
424,09:53:58,27.74,-0.02,3,8322,卖盘
425,09:54:01,27.73,-0.01,18,49916,卖盘
426,09:54:04,27.74,0.01,16,44370,买盘
427,09:54:07,27.74,0.0,1,2774,卖盘
428,09:54:10,27.74,0.0,36,99866,卖盘
429,09:54:13,27.74,0.0,36,99864,卖盘
430,09:54:19,27.74,0.0,1,2774,买盘
431,09:54:25,27.71,-0.03,37,102558,卖盘
432,09:54:28,27.72,0.01,2,5544,买盘
433,09:54:31,27.71,-0.01,2,5542,卖盘
434,09:54:37,27.71,0.0,10,27702,买盘
435,09:54:43,27.71,0.0,39,108034,买盘
436,09:54:46,27.7,-0.01,5,13850,卖盘
437,09:54:49,27.71,0.01,13,36019,买盘
438,09:54:58,27.69,-0.02,11,30459,卖盘
439,09:55:01,27.69,0.0,5,13845,卖盘
440,09:55:13,27.68,-0.01,5,13842,卖盘
441,09:55:19,27.66,-0.02,18,49816,卖盘
442,09:55:25,27.66,0.0,34,94046,卖盘
443,09:55:31,27.66,0.0,57,157947,卖盘
444,09:55:34,27.71,0.05,28,77460,买盘
445,09:55:37,27.71,0.0,12,33252,卖盘
446,09:55:49,27.71,0.0,10,27710,卖盘
447,09:55:52,27.71,0.0,3,8317,卖盘
448,09:55:55,27.71,0.0,29,80374,卖盘
449,09:55:58,27.74,0.03,11,30514,买盘
450,09:56:01,27.73,-0.01,9,24957,卖盘
451,09:56:04,27.75,0.02,19,52716,买盘
452,09:56:10,27.75,0.0,1,2775,卖盘
453,09:56:13,27.73,-0.02,65,180418,卖盘
454,09:56:16,27.75,0.02,5,13874,买盘
455,09:56:22,27.7,-0.05,60,166298,卖盘
456,09:56:25,27.73,0.03,8,22184,买盘
457,09:56:28,27.71,-0.02,5,13855,卖盘
458,09:56:31,27.73,0.02,4,11092,买盘
459,09:56:37,27.73,0.0,4,11093,卖盘
460,09:56:52,27.74,0.01,8,22192,买盘
461,09:56:55,27.74,0.0,2,5548,买盘
462,09:56:58,27.74,0.0,2,5548,卖盘
463,09:57:01,27.79,0.05,33,91701,买盘
464,09:57:04,27.74,-0.05,26,72126,卖盘
465,09:57:10,27.79,0.05,13,36127,买盘
466,09:57:16,27.78,-0.01,19,52782,买盘
467,09:57:19,27.78,0.0,7,19446,买盘
468,09:57:25,27.78,0.0,10,27780,买盘
469,09:57:28,27.76,-0.02,20,55546,卖盘
470,09:57:31,27.78,0.02,54,150058,中性盘
471,09:57:34,27.78,0.0,7,19446,买盘
472,09:57:37,27.79,0.01,6,16674,买盘
473,09:57:40,27.79,0.0,7,19453,卖盘
474,09:57:43,27.8,0.01,13,36131,买盘
475,09:57:49,27.8,0.0,5,13900,买盘
476,09:57:52,27.8,0.0,12,33360,买盘
477,09:57:55,27.8,0.0,9,25020,买盘
478,09:57:58,27.81,0.01,20,55620,买盘
479,09:58:01,27.84,0.03,40,111347,买盘
480,09:58:07,27.84,0.0,21,58464,买盘
481,09:58:10,27.84,0.0,31,86304,买盘
482,09:58:13,27.85,0.01,10,27850,买盘
483,09:58:16,27.86,0.01,18,50144,买盘
484,09:58:19,27.89,0.03,55,154672,买盘
485,09:58:25,27.9,0.01,3,8369,买盘
486,09:58:31,27.92,0.02,1,2792,买盘
487,09:58:36,27.99,0.07,82,229363,买盘
488,09:58:43,27.99,0.0,7,19594,卖盘
489,09:58:46,28.02,0.03,48,134406,买盘
490,09:58:49,28.0,-0.02,7,19600,卖盘
491,09:58:52,28.03,0.03,36,100843,买盘
492,09:58:54,28.04,0.01,18,50459,买盘
493,09:58:58,28.04,0.0,1,2804,买盘
494,09:59:01,28.05,0.01,42,117756,卖盘
495,09:59:04,28.07,0.02,49,137469,买盘
496,09:59:07,28.08,0.01,56,156208,买盘
497,09:59:09,28.09,0.01,47,131817,买盘
498,09:59:13,28.05,-0.04,26,72945,卖盘
499,09:59:16,28.06,0.01,111,311682,卖盘
500,09:59:19,28.09,0.03,79,221860,买盘
501,09:59:22,28.05,-0.04,41,115057,卖盘
502,09:59:25,28.05,0.0,11,30845,买盘
503,09:59:28,28.04,-0.01,122,342156,卖盘
504,09:59:31,28.04,0.0,22,61677,买盘
505,09:59:34,28.04,0.0,12,33648,买盘
506,09:59:37,28.0,-0.04,55,154935,卖盘
507,09:59:40,28.02,0.02,59,165397,买盘
508,09:59:46,28.02,0.0,14,39224,买盘
509,09:59:49,27.96,-0.06,8,22398,卖盘
510,09:59:52,28.02,0.06,13,36364,买盘
511,09:59:55,28.0,-0.02,77,215520,中性盘
512,10:00:01,27.96,-0.04,1,2796,中性盘
513,10:00:04,27.96,0.0,10,27960,买盘
514,10:00:07,27.99,0.03,27,75501,买盘
515,10:00:10,27.93,-0.06,42,117306,卖盘
516,10:00:13,27.99,0.06,17,47514,买盘
517,10:00:16,27.93,-0.06,13,36309,卖盘
518,10:00:19,27.94,0.01,4,11178,卖盘
519,10:00:22,27.98,0.04,5,13990,买盘
520,10:00:25,27.93,-0.05,86,240261,卖盘
521,10:00:31,27.93,0.0,5,13962,买盘
522,10:00:37,27.92,-0.01,3,8376,卖盘
523,10:00:40,27.92,0.0,123,343546,卖盘
524,10:00:43,27.91,-0.01,58,161898,卖盘
525,10:00:46,27.92,0.01,21,58615,买盘
526,10:00:49,27.88,-0.04,2,5576,卖盘
527,10:00:52,27.92,0.04,30,83707,买盘
528,10:00:58,27.88,-0.04,12,33456,卖盘
529,10:01:01,27.89,0.01,66,184129,买盘
530,10:01:04,27.89,0.0,18,50202,卖盘
531,10:01:07,27.85,-0.04,30,83562,卖盘
532,10:01:10,27.88,0.03,13,36226,买盘
533,10:01:13,27.86,-0.02,90,250974,卖盘
534,10:01:19,27.85,-0.01,3,8355,卖盘
535,10:01:22,27.85,0.0,1,2785,买盘
536,10:01:25,27.86,0.01,50,139293,买盘
537,10:01:28,27.86,0.0,36,100288,买盘
538,10:01:31,27.82,-0.04,10,27825,卖盘
539,10:01:34,27.83,0.01,14,38964,中性盘
540,10:01:37,27.86,0.03,35,97439,买盘
541,10:01:40,27.82,-0.04,65,180967,卖盘
542,10:01:43,27.81,-0.01,20,55638,卖盘
543,10:01:49,27.82,0.01,22,61204,买盘
544,10:01:52,27.81,-0.01,21,58411,卖盘
545,10:01:55,27.81,0.0,7,19469,卖盘
546,10:01:58,27.82,0.01,41,114047,买盘
547,10:02:00,27.81,-0.01,13,36154,卖盘
548,10:02:04,27.81,0.0,3,8343,买盘
549,10:02:10,27.8,-0.01,12,33362,卖盘
550,10:02:13,27.8,0.0,3,8342,卖盘
551,10:02:16,27.8,0.0,4,11123,卖盘
552,10:02:19,27.8,0.0,5,13900,卖盘
553,10:02:22,27.8,0.0,10,27800,卖盘
554,10:02:25,27.8,0.0,4,11120,卖盘
555,10:02:28,27.8,0.0,7,19462,卖盘
556,10:02:31,27.8,0.0,34,94530,卖盘
557,10:02:34,27.79,-0.01,5,13895,卖盘
558,10:02:37,27.81,0.02,21,58384,买盘
559,10:02:46,27.82,0.01,88,244694,买盘
560,10:02:49,27.81,-0.01,9,25029,中性盘
561,10:02:52,27.81,0.0,24,66744,卖盘
562,10:02:55,27.81,0.0,9,25029,卖盘
563,10:03:01,27.81,0.0,2,5564,卖盘
564,10:03:04,27.8,-0.01,3,8342,卖盘
565,10:03:07,27.81,0.01,78,216868,买盘
566,10:03:10,27.81,0.0,11,30590,买盘
567,10:03:13,27.78,-0.03,40,111161,卖盘
568,10:03:16,27.81,0.03,49,136179,买盘
569,10:03:19,27.79,-0.02,7,19460,卖盘
570,10:03:28,27.75,-0.04,11,30534,卖盘
571,10:03:37,27.78,0.03,2,5556,买盘
572,10:03:40,27.75,-0.03,20,55518,卖盘
573,10:03:43,27.75,0.0,3,8325,卖盘
574,10:03:46,27.78,0.03,20,55560,买盘
575,10:03:49,27.78,0.0,5,13890,卖盘
576,10:03:52,27.78,0.0,5,13890,卖盘
577,10:03:55,27.76,-0.02,7,19432,卖盘
578,10:03:58,27.78,0.02,13,36083,买盘
579,10:04:01,27.77,-0.01,3,8331,买盘
580,10:04:04,27.76,-0.01,1,2776,卖盘
581,10:04:07,27.75,-0.01,16,44403,卖盘
582,10:04:10,27.78,0.03,26,72192,买盘
583,10:04:16,27.75,-0.03,23,63825,卖盘
584,10:04:25,27.74,-0.01,12,33288,卖盘
585,10:04:31,27.73,-0.01,52,144201,卖盘
586,10:04:34,27.75,0.02,60,166458,买盘
587,10:04:37,27.74,-0.01,12,33293,中性盘
588,10:04:40,27.75,0.01,3,8325,买盘
589,10:04:43,27.72,-0.03,14,38833,卖盘
590,10:04:46,27.72,0.0,10,27720,买盘
591,10:04:49,27.72,0.0,19,52668,买盘
592,10:04:52,27.72,0.0,6,16632,卖盘
593,10:04:58,27.72,0.0,15,41588,卖盘
594,10:05:01,27.75,0.03,85,235840,买盘
595,10:05:04,27.75,0.0,7,19425,卖盘
596,10:05:07,27.78,0.03,7,19433,买盘
597,10:05:10,27.76,-0.02,1,2776,中性盘
598,10:05:13,27.76,0.0,6,16656,卖盘
599,10:05:16,27.75,-0.01,5,13878,买盘
600,10:05:19,27.75,0.0,30,83266,卖盘
601,10:05:22,27.78,0.03,4,11112,买盘
602,10:05:25,27.78,0.0,5,13890,买盘
603,10:05:28,27.76,-0.02,13,36107,卖盘
604,10:05:31,27.75,-0.01,5,13887,卖盘
605,10:05:34,27.79,0.04,1,2779,买盘
606,10:05:37,27.75,-0.04,21,58278,卖盘
607,10:05:40,27.76,0.01,6,16670,中性盘
608,10:05:43,27.76,0.0,11,30536,买盘
609,10:05:55,27.85,0.09,2,5570,买盘
610,10:05:58,27.86,0.01,19,52934,买盘
611,10:06:07,27.9,0.04,22,61377,买盘
612,10:06:13,27.9,0.0,4,11160,买盘
613,10:06:16,27.9,0.0,13,36267,买盘
614,10:06:19,27.9,0.0,5,13950,买盘
615,10:06:22,27.94,0.04,49,136784,买盘
616,10:06:28,27.94,0.0,2,5588,买盘
617,10:06:34,27.91,-0.03,5,13955,买盘
618,10:06:37,27.95,0.04,153,427517,买盘
619,10:06:40,27.95,0.0,23,64267,买盘
620,10:06:43,28.0,0.05,283,790951,买盘
621,10:06:46,28.01,0.01,15,42007,买盘
622,10:06:49,28.02,0.01,8,22412,买盘
623,10:06:52,28.01,-0.01,14,39214,卖盘
624,10:06:55,28.02,0.01,5,14010,买盘
625,10:06:58,28.03,0.01,48,134493,买盘
626,10:07:01,28.04,0.01,52,145761,买盘
627,10:07:04,28.04,0.0,19,53251,买盘
628,10:07:07,28.02,-0.02,110,308165,卖盘
629,10:07:10,28.03,0.01,108,302768,中性盘
630,10:07:13,28.05,0.02,9,25233,买盘
631,10:07:16,28.0,-0.05,52,145887,卖盘
632,10:07:19,28.02,0.02,11,30814,买盘
633,10:07:22,28.0,-0.02,147,413476,卖盘
634,10:07:25,28.03,0.03,31,86862,买盘
635,10:07:28,28.0,-0.03,40,112015,卖盘
636,10:07:31,28.0,0.0,63,175421,卖盘
637,10:07:34,28.0,0.0,14,39200,买盘
638,10:07:37,27.97,-0.03,3,8393,卖盘
639,10:07:39,27.97,0.0,6,16782,卖盘
640,10:07:42,27.97,0.0,14,39186,卖盘
641,10:07:46,27.96,-0.01,19,53148,卖盘
642,10:07:49,27.99,0.03,20,55952,买盘
643,10:07:52,27.97,-0.02,4,11187,中性盘
644,10:07:55,27.9,-0.07,25,69770,卖盘
645,10:07:57,27.9,0.0,13,36270,买盘
646,10:08:01,27.89,-0.01,4,11157,卖盘
647,10:08:04,27.89,0.0,4,11156,卖盘
648,10:08:07,27.9,0.01,26,72522,买盘
649,10:08:10,27.89,-0.01,1,2789,中性盘
650,10:08:13,27.9,0.01,65,181286,买盘
651,10:08:16,27.9,0.0,37,103230,卖盘
652,10:08:22,27.9,0.0,38,106020,卖盘
653,10:08:25,27.92,0.02,4,11168,中性盘
654,10:08:28,27.96,0.04,7,19543,买盘
655,10:08:34,27.95,-0.01,5,13975,中性盘
656,10:08:36,27.97,0.02,23,64331,买盘
657,10:08:46,27.99,0.02,4,11196,买盘
658,10:08:49,27.99,0.0,2,5598,买盘
659,10:08:55,27.99,0.0,34,95166,买盘
660,10:08:58,27.99,0.0,12,33591,卖盘
661,10:09:01,28.0,0.01,5,14000,买盘
662,10:09:04,27.99,-0.01,51,142794,卖盘
663,10:09:07,27.99,0.0,12,33588,卖盘
664,10:09:10,28.0,0.01,61,170798,买盘
665,10:09:12,27.99,-0.01,45,125999,卖盘
666,10:09:16,27.9,-0.09,247,690613,卖盘
667,10:09:18,28.0,0.1,3,8400,中性盘
668,10:09:22,28.0,0.0,49,137200,买盘
669,10:09:25,27.99,-0.01,9,25191,买盘
670,10:09:28,27.99,0.0,2,5598,买盘
671,10:09:31,28.0,0.01,32,89570,买盘
672,10:09:34,27.99,-0.01,2,5598,买盘
673,10:09:37,27.99,0.0,1,2799,卖盘
674,10:09:49,28.0,0.01,117,327450,买盘
675,10:09:52,27.97,-0.03,12,33564,中性盘
676,10:09:55,27.97,0.0,3,8381,买盘
677,10:09:58,27.97,0.0,2,5594,买盘
678,10:10:01,27.97,0.0,33,92269,买盘
679,10:10:04,27.97,0.0,2,5594,买盘
680,10:10:07,27.97,0.0,3,8391,买盘
681,10:10:10,27.94,-0.03,6,16764,卖盘
682,10:10:13,27.96,0.02,1,2796,卖盘
683,10:10:16,27.97,0.01,5,13985,买盘
684,10:10:19,27.99,0.02,51,142670,买盘
685,10:10:25,27.97,-0.02,1,2797,卖盘
686,10:10:28,27.96,-0.01,2,5592,买盘
687,10:10:31,27.96,0.0,6,16776,买盘
688,10:10:34,27.99,0.03,20,55931,买盘
689,10:10:37,27.97,-0.02,12,33564,卖盘
690,10:10:43,27.96,-0.01,17,47532,卖盘
691,10:10:46,27.97,0.01,16,44752,买盘
692,10:10:49,27.97,0.0,19,53143,卖盘
693,10:10:55,27.97,0.0,26,72722,卖盘
694,10:10:58,27.96,-0.01,4,11184,卖盘
695,10:11:00,27.96,0.0,4,11184,卖盘
696,10:11:04,27.98,0.02,10,27975,买盘
697,10:11:07,27.98,0.0,12,33576,买盘
698,10:11:10,27.98,0.0,79,221042,买盘
699,10:11:13,27.98,0.0,30,83950,卖盘
700,10:11:16,28.0,0.02,25,69983,买盘
701,10:11:19,27.96,-0.04,159,444785,卖盘
702,10:11:22,28.0,0.04,38,106298,买盘
703,10:11:25,28.01,0.01,163,456418,买盘
704,10:11:34,28.0,-0.01,12,33600,卖盘
705,10:11:37,28.03,0.03,81,227008,买盘
706,10:11:40,28.03,0.0,17,47631,买盘
707,10:11:43,28.04,0.01,66,185048,买盘
708,10:11:46,28.06,0.02,29,81360,买盘
709,10:11:49,28.07,0.01,27,75784,买盘
710,10:11:52,28.08,0.01,10,28080,买盘
711,10:11:55,28.08,0.0,14,39312,买盘
712,10:11:58,28.09,0.01,107,300442,买盘
713,10:12:01,28.1,0.01,78,219153,买盘
714,10:12:04,28.1,0.0,44,123621,买盘
715,10:12:07,28.08,-0.02,10,28088,卖盘
716,10:12:10,28.12,0.04,56,157390,买盘
717,10:12:13,28.15,0.03,258,726880,买盘
718,10:12:16,28.16,0.01,5,14080,买盘
719,10:12:19,28.12,-0.04,20,56256,卖盘
720,10:12:22,28.18,0.06,63,177507,买盘
721,10:12:25,28.18,0.0,54,152169,买盘
722,10:12:28,28.2,0.02,16,45096,买盘
723,10:12:31,28.18,-0.02,37,104276,中性盘
724,10:12:34,28.2,0.02,26,73300,买盘
725,10:12:37,28.2,0.0,14,39480,买盘
726,10:12:40,28.2,0.0,133,375060,买盘
727,10:12:43,28.2,0.0,122,344017,买盘
728,10:12:46,28.2,0.0,46,129744,买盘
729,10:12:49,28.22,0.02,26,73334,中性盘
730,10:12:52,28.23,0.01,14,39497,买盘
731,10:12:55,28.25,0.02,41,115797,买盘
732,10:12:58,28.25,0.0,6,16950,买盘
733,10:13:01,28.25,0.0,17,48025,买盘
734,10:13:04,28.28,0.03,52,147020,买盘
735,10:13:07,28.27,-0.01,37,104566,卖盘
736,10:13:10,28.28,0.01,56,158326,买盘
737,10:13:13,28.3,0.02,49,137480,买盘
738,10:13:16,28.3,0.0,7,19806,买盘
739,10:13:19,28.28,-0.02,76,216089,卖盘
740,10:13:22,28.33,0.05,210,593137,买盘
741,10:13:25,28.32,-0.01,34,96313,卖盘
742,10:13:28,28.32,0.0,24,68000,卖盘
743,10:13:31,28.35,0.03,13,36843,买盘
744,10:13:34,28.34,-0.01,264,747417,中性盘
745,10:13:36,28.34,0.0,44,124606,卖盘
746,10:13:40,28.32,-0.02,106,300104,中性盘
747,10:13:42,28.36,0.04,56,158637,买盘
748,10:13:46,28.36,0.0,84,238229,卖盘
749,10:13:49,28.35,-0.01,239,678096,卖盘
750,10:13:52,28.35,0.0,44,124690,买盘
751,10:13:55,28.3,-0.05,1,2830,卖盘
752,10:13:58,28.35,0.05,53,150204,买盘
753,10:14:01,28.32,-0.03,31,87846,中性盘
754,10:14:04,28.32,0.0,13,36794,买盘
755,10:14:07,28.3,-0.02,135,381896,卖盘
756,10:14:10,28.3,0.0,7,19808,买盘
757,10:14:13,28.31,0.01,19,53772,买盘
758,10:14:19,28.3,-0.01,2,5655,买盘
759,10:14:22,28.2,-0.1,5,14100,卖盘
760,10:14:25,28.29,0.09,87,245437,买盘
761,10:14:28,28.21,-0.08,19,53576,卖盘
762,10:14:31,28.27,0.06,12,33898,买盘
763,10:14:33,28.21,-0.06,3,7058,卖盘
764,10:14:37,28.21,0.0,26,73346,卖盘
765,10:14:40,28.22,0.01,7,19751,买盘
766,10:14:43,28.22,0.0,19,53617,买盘
767,10:14:46,28.21,-0.01,78,220128,卖盘
768,10:14:52,28.22,0.01,53,150939,卖盘
769,10:14:55,28.21,-0.01,33,93093,买盘
770,10:14:58,28.22,0.01,33,93094,买盘
771,10:15:04,28.2,-0.02,21,59247,卖盘
772,10:15:06,28.2,0.0,15,42300,买盘
773,10:15:10,28.2,0.0,4,11283,卖盘
774,10:15:13,28.2,0.0,17,47940,买盘
775,10:15:16,28.19,-0.01,7,19738,卖盘
776,10:15:18,28.18,-0.01,61,171980,卖盘
777,10:15:22,28.2,0.02,10,28200,中性盘
778,10:15:25,28.18,-0.02,14,39472,卖盘
779,10:15:28,28.2,0.02,42,118440,买盘
780,10:15:30,28.21,0.01,48,135332,买盘
781,10:15:34,28.2,-0.01,8,22560,卖盘
782,10:15:37,28.19,-0.01,11,31018,卖盘
783,10:15:40,28.21,0.02,2,5642,买盘
784,10:15:42,28.22,0.01,40,112858,中性盘
785,10:15:46,28.21,-0.01,5,14108,卖盘
786,10:15:48,28.21,0.0,24,67710,卖盘
787,10:15:55,28.22,0.01,8,22578,卖盘
788,10:15:58,28.2,-0.02,12,33847,卖盘
789,10:16:01,28.21,0.01,3,8463,买盘
790,10:16:04,28.21,0.0,6,16925,买盘
791,10:16:07,28.22,0.01,10,28219,买盘
792,10:16:10,28.23,0.01,33,93128,买盘
793,10:16:12,28.16,-0.07,26,73280,卖盘
794,10:16:16,28.2,0.04,1,2820,买盘
795,10:16:19,28.2,0.0,6,16920,买盘
796,10:16:22,28.2,0.0,2,5640,买盘
797,10:16:24,28.2,0.0,8,22560,买盘
798,10:16:28,28.18,-0.02,12,33822,中性盘
799,10:16:30,28.16,-0.02,41,115488,卖盘
800,10:16:37,28.15,-0.01,9,25343,卖盘
801,10:16:40,28.11,-0.04,5,14063,卖盘
802,10:16:43,28.15,0.04,2,5630,买盘
803,10:16:49,28.15,0.0,3,8441,买盘
804,10:16:52,28.15,0.0,59,166045,买盘
805,10:16:57,28.07,-0.08,38,106798,卖盘
806,10:17:04,28.1,0.03,11,30895,买盘
807,10:17:07,28.06,-0.04,4,11236,卖盘
808,10:17:10,28.06,0.0,7,19636,买盘
809,10:17:13,28.12,0.06,27,75866,买盘
810,10:17:19,28.07,-0.05,13,36491,卖盘
811,10:17:34,28.11,0.04,16,44976,买盘
812,10:17:36,28.1,-0.01,29,81497,卖盘
813,10:17:43,28.13,0.03,18,50623,买盘
814,10:17:46,28.12,-0.01,50,140620,卖盘
815,10:17:49,28.15,0.03,1,2815,买盘
816,10:17:52,28.15,0.0,12,33780,买盘
817,10:17:55,28.15,0.0,54,151960,买盘
818,10:17:58,28.16,0.01,1,2816,买盘
819,10:18:01,28.15,-0.01,14,39410,卖盘
820,10:18:07,28.15,0.0,25,70381,卖盘
821,10:18:09,28.18,0.03,1,2818,买盘
822,10:18:12,28.14,-0.04,7,19704,卖盘
823,10:18:16,28.18,0.04,4,11260,买盘
824,10:18:19,28.18,0.0,2,5636,买盘
825,10:18:22,28.18,0.0,2,5636,卖盘
826,10:18:25,28.18,0.0,1,2818,卖盘
827,10:18:28,28.18,0.0,24,67627,买盘
828,10:18:31,28.18,0.0,6,16900,买盘
829,10:18:33,28.19,0.01,48,135308,买盘
830,10:18:37,28.16,-0.03,27,76038,卖盘
831,10:18:40,28.18,0.02,2,5636,买盘
832,10:18:43,28.18,0.0,7,19714,买盘
833,10:18:46,28.13,-0.05,44,123858,卖盘
834,10:18:49,28.18,0.05,110,309878,买盘
835,10:18:51,28.12,-0.06,12,33744,卖盘
836,10:19:01,28.18,0.06,44,123950,买盘
837,10:19:07,28.12,-0.06,121,340465,卖盘
838,10:19:09,28.12,0.0,8,22496,卖盘
839,10:19:21,28.12,0.0,2,5624,买盘
840,10:19:24,28.13,0.01,35,98455,买盘
841,10:19:31,28.13,0.0,7,19691,买盘
842,10:19:34,28.12,-0.01,138,388782,卖盘
843,10:19:36,28.12,0.0,11,30932,卖盘
844,10:19:40,28.12,0.0,1,2812,买盘
845,10:19:42,28.13,0.01,2,5626,卖盘
846,10:19:45,28.11,-0.02,69,193971,卖盘
847,10:19:52,28.19,0.08,23,64837,买盘
848,10:19:55,28.15,-0.04,2,5630,卖盘
849,10:20:04,28.16,0.01,10,28160,买盘
850,10:20:07,28.15,-0.01,10,28159,卖盘
851,10:20:13,28.15,0.0,17,47855,卖盘
852,10:20:22,28.15,0.0,7,19705,买盘
853,10:20:28,28.15,0.0,6,16890,买盘
854,10:20:31,28.15,0.0,1,2815,买盘
855,10:20:34,28.12,-0.03,12,33744,卖盘
856,10:20:39,28.12,0.0,11,30934,卖盘
857,10:20:43,28.12,0.0,4,11248,卖盘
858,10:20:46,28.12,0.0,11,30932,卖盘
859,10:20:52,28.12,0.0,10,28120,卖盘
860,10:20:55,28.12,0.0,6,16872,卖盘
861,10:21:01,28.11,-0.01,43,120874,卖盘
862,10:21:10,28.1,-0.01,14,39343,卖盘
863,10:21:13,28.1,0.0,29,81490,卖盘
864,10:21:19,28.07,-0.03,26,72996,卖盘
865,10:21:24,28.09,0.02,4,11236,买盘
866,10:21:27,28.06,-0.03,20,56139,卖盘
867,10:21:31,28.06,0.0,1,2806,卖盘
868,10:21:37,28.06,0.0,12,33672,卖盘
869,10:21:43,28.03,-0.03,41,115034,卖盘
870,10:21:55,28.03,0.0,5,14015,卖盘
871,10:21:58,28.06,0.03,33,92595,买盘
872,10:22:01,28.06,0.0,3,8418,卖盘
873,10:22:04,28.06,0.0,32,89792,卖盘
874,10:22:10,28.03,-0.03,1,2803,买盘
875,10:22:13,28.03,0.0,6,16815,买盘
876,10:22:18,28.02,-0.01,11,30824,卖盘
877,10:22:25,28.02,0.0,1,2802,买盘
878,10:22:30,28.01,-0.01,29,81234,卖盘
879,10:22:33,28.0,-0.01,74,207216,卖盘
880,10:22:37,28.02,0.02,13,36426,买盘
881,10:22:40,28.0,-0.02,5,14000,卖盘
882,10:22:48,28.0,0.0,1,2800,买盘
883,10:22:57,28.0,0.0,4,11198,买盘
884,10:23:04,27.96,-0.04,7,19580,卖盘
885,10:23:24,27.98,0.02,8,22384,买盘
886,10:23:27,27.99,0.01,2,5598,买盘
887,10:23:34,27.99,0.0,17,47583,买盘
888,10:23:37,27.99,0.0,51,141350,买盘
889,10:23:40,27.98,-0.01,23,65802,卖盘
890,10:23:43,28.02,0.04,1,2802,买盘
891,10:23:49,28.03,0.01,23,64464,买盘
892,10:24:01,28.0,-0.03,2,5600,卖盘
893,10:24:04,28.02,0.02,15,42030,买盘
894,10:24:07,28.03,0.01,11,30826,买盘
895,10:24:13,28.01,-0.02,8,22408,卖盘
896,10:24:19,28.01,0.0,7,19609,卖盘
897,10:24:21,28.03,0.02,17,47651,买盘
898,10:24:25,28.03,0.0,1,2803,买盘
899,10:24:30,28.02,-0.01,22,61627,买盘
900,10:24:43,28.01,-0.01,5,14005,卖盘
901,10:24:46,28.01,0.0,21,58823,卖盘
902,10:24:51,28.03,0.02,4,11212,买盘
903,10:25:04,28.01,-0.02,6,16806,卖盘
904,10:25:10,28.02,0.01,8,22412,买盘
905,10:25:16,28.01,-0.01,2,5602,卖盘
906,10:25:19,28.0,-0.01,10,28000,卖盘
907,10:25:22,28.0,0.0,4,11200,卖盘
908,10:25:25,28.0,0.0,2,5600,买盘
909,10:25:27,28.0,0.0,3,8400,买盘
910,10:25:31,27.99,-0.01,7,19593,卖盘
911,10:25:37,27.99,0.0,40,111960,卖盘
912,10:25:40,27.99,0.0,20,55980,卖盘
913,10:25:43,28.0,0.01,2,5600,买盘
914,10:25:48,27.99,-0.01,16,44784,卖盘
915,10:25:55,28.0,0.01,29,81196,买盘
916,10:25:57,28.0,0.0,1,2800,卖盘
917,10:26:01,27.99,-0.01,1,2799,买盘
918,10:26:04,27.99,0.0,6,16794,买盘
919,10:26:06,27.98,-0.01,6,16792,卖盘
920,10:26:13,27.98,0.0,17,47566,卖盘
921,10:26:16,27.98,0.0,5,13990,卖盘
922,10:26:24,27.98,0.0,73,204261,卖盘
923,10:26:27,27.98,0.0,11,30778,买盘
924,10:26:34,27.96,-0.02,42,117453,卖盘
925,10:26:37,27.97,0.01,34,95079,中性盘
926,10:26:40,27.96,-0.01,10,27960,卖盘
927,10:26:43,27.96,0.0,26,72696,卖盘
928,10:26:48,27.95,-0.01,4,11180,卖盘
929,10:26:51,27.95,0.0,10,27950,卖盘
930,10:26:58,27.95,0.0,1,2795,卖盘
931,10:27:00,27.95,0.0,3,8385,卖盘
932,10:27:04,27.9,-0.05,57,157697,卖盘
933,10:27:07,27.95,0.05,8,22359,买盘
934,10:27:10,27.95,0.0,2,5590,买盘
935,10:27:13,27.95,0.0,6,16770,买盘
936,10:27:19,27.91,-0.04,1,2791,卖盘
937,10:27:31,27.9,-0.01,20,55823,卖盘
938,10:27:34,27.92,0.02,6,16748,中性盘
939,10:27:42,27.91,-0.01,17,47449,卖盘
940,10:27:49,27.91,0.0,1,2791,买盘
941,10:27:58,27.91,0.0,11,30701,卖盘
942,10:28:07,27.91,0.0,4,12560,卖盘
943,10:28:10,27.91,0.0,2,5582,卖盘
944,10:28:13,27.92,0.01,25,69788,买盘
945,10:28:16,27.92,0.0,2,5584,买盘
946,10:28:21,27.93,0.01,7,19546,买盘
947,10:28:30,27.93,0.0,2,5586,买盘
948,10:28:33,27.93,0.0,2,5586,买盘
949,10:28:37,27.92,-0.01,39,108897,卖盘
950,10:28:46,27.93,0.01,8,22344,买盘
951,10:28:54,27.93,0.0,10,27930,卖盘
952,10:29:10,27.94,0.01,10,27940,中性盘
953,10:29:13,27.93,-0.01,117,326781,卖盘
954,10:29:15,27.95,0.02,20,55889,买盘
955,10:29:18,27.95,0.0,1,2795,买盘
956,10:29:25,27.95,0.0,5,13975,买盘
957,10:29:28,27.95,0.0,10,27950,买盘
958,10:29:30,27.95,0.0,42,117335,买盘
959,10:29:36,27.95,0.0,5,13975,卖盘
960,10:29:46,27.99,0.04,3,8389,买盘
961,10:29:52,27.98,-0.01,1,2798,买盘
962,10:29:55,28.0,0.02,10,27994,买盘
963,10:30:04,28.0,0.0,10,28000,买盘
964,10:30:07,27.99,-0.01,9,25191,卖盘
965,10:30:13,28.0,0.01,2,5600,买盘
966,10:30:19,28.0,0.0,16,44800,买盘
967,10:30:25,28.0,0.0,26,72775,买盘
968,10:30:30,27.95,-0.05,37,103515,卖盘
969,10:30:37,27.99,0.04,9,25163,买盘
970,10:30:43,27.99,0.0,6,16794,买盘
971,10:30:55,27.99,0.0,5,13995,买盘
972,10:31:10,27.99,0.0,6,16790,买盘
973,10:31:42,27.98,-0.01,5,13990,卖盘
974,10:31:46,27.98,0.0,1,2798,卖盘
975,10:31:49,27.99,0.01,12,33588,买盘
976,10:31:58,27.99,0.0,1,2799,卖盘
977,10:32:07,27.99,0.0,2,5598,卖盘
978,10:32:13,27.99,0.0,2,5598,卖盘
979,10:32:19,28.0,0.01,1,2800,买盘
980,10:32:22,28.0,0.0,2,5600,买盘
981,10:32:24,27.99,-0.01,5,13995,卖盘
982,10:32:36,27.99,0.0,1,2799,卖盘
983,10:32:43,28.0,0.01,81,226799,买盘
984,10:33:00,28.01,0.01,30,84027,买盘
985,10:33:07,28.01,0.0,10,28010,买盘
986,10:33:10,28.01,0.0,3,8403,买盘
987,10:33:12,28.0,-0.01,6,16804,卖盘
988,10:33:15,28.01,0.01,17,47617,买盘
989,10:33:19,28.01,0.0,20,56020,买盘
990,10:33:25,28.02,0.01,1,2802,买盘
991,10:33:27,28.01,-0.01,4,11205,卖盘
992,10:33:37,28.01,0.0,81,226903,卖盘
993,10:33:43,28.01,0.0,10,28010,买盘
994,10:33:48,28.0,-0.01,10,28000,卖盘
995,10:33:52,28.01,0.01,18,50408,买盘
996,10:33:55,28.0,-0.01,29,81201,卖盘
997,10:33:58,28.01,0.01,41,114828,买盘
998,10:34:00,28.01,0.0,11,30801,买盘
999,10:34:04,28.01,0.0,4,11202,买盘
1000,10:34:07,28.01,0.0,10,28008,买盘
1001,10:34:10,28.01,0.0,11,30811,买盘
1002,10:34:16,28.01,0.0,4,11204,买盘
1003,10:34:25,28.0,-0.01,4,11200,买盘
1004,10:34:31,27.96,-0.04,20,55970,卖盘
1005,10:34:55,27.96,0.0,50,139853,卖盘
1006,10:35:04,27.98,0.02,1,2798,买盘
1007,10:35:13,27.97,-0.01,2,5594,卖盘
1008,10:35:16,27.96,-0.01,23,64319,卖盘
1009,10:35:19,27.96,0.0,14,39144,卖盘
1010,10:35:31,27.96,0.0,1,2796,买盘
1011,10:35:33,27.95,-0.01,7,19565,卖盘
1012,10:35:45,27.95,0.0,1,2795,卖盘
1013,10:35:48,27.95,0.0,13,36335,卖盘
1014,10:35:58,27.94,-0.01,2,5588,卖盘
1015,10:36:04,27.94,0.0,12,33528,卖盘
1016,10:36:06,27.95,0.01,78,217959,买盘
1017,10:36:15,27.95,0.0,2,5590,卖盘
1018,10:36:22,27.95,0.0,7,19565,卖盘
1019,10:36:25,27.95,0.0,13,36335,卖盘
1020,10:36:28,27.96,0.01,17,47530,买盘
1021,10:36:43,27.95,-0.01,2,5590,卖盘
1022,10:36:51,27.95,0.0,3,8385,买盘
1023,10:36:55,27.95,0.0,7,19565,买盘
1024,10:37:06,27.99,0.04,8,22387,买盘
1025,10:37:16,27.95,-0.04,13,36383,卖盘
1026,10:37:19,28.0,0.05,10,27987,买盘
1027,10:37:22,27.99,-0.01,1,2799,卖盘
1028,10:37:25,27.99,0.0,5,13995,卖盘
1029,10:37:28,27.99,0.0,2,5598,卖盘
1030,10:37:33,27.97,-0.02,15,41979,卖盘
1031,10:37:42,27.97,0.0,7,19579,买盘
1032,10:37:46,27.97,0.0,12,33564,中性盘
1033,10:37:58,27.97,0.0,6,16782,买盘
1034,10:38:01,27.97,0.0,38,106286,买盘
1035,10:38:04,27.95,-0.02,55,153780,卖盘
1036,10:38:06,27.97,0.02,10,27970,买盘
1037,10:38:10,27.97,0.0,47,131457,买盘
1038,10:38:12,27.95,-0.02,7,19565,卖盘
1039,10:38:16,27.94,-0.01,18,50293,卖盘
1040,10:38:31,27.94,0.0,10,27940,卖盘
1041,10:38:46,27.94,0.0,11,30734,卖盘
1042,10:38:49,27.94,0.0,1,2794,卖盘
1043,10:38:51,27.95,0.01,10,27950,买盘
1044,10:38:55,27.94,-0.01,8,22354,卖盘
1045,10:38:58,27.94,0.0,4,11176,卖盘
1046,10:39:01,27.94,0.0,14,39116,卖盘
1047,10:39:04,27.93,-0.01,9,25142,卖盘
1048,10:39:07,27.92,-0.01,25,69817,卖盘
1049,10:39:10,27.92,0.0,35,97730,卖盘
1050,10:39:13,27.91,-0.01,34,94918,卖盘
1051,10:39:16,27.9,-0.01,29,80935,卖盘
1052,10:39:19,27.9,0.0,38,106020,卖盘
1053,10:39:22,27.9,0.0,13,36270,卖盘
1054,10:39:25,27.9,0.0,27,75330,卖盘
1055,10:39:28,27.87,-0.03,26,72524,卖盘
1056,10:39:31,27.91,0.04,17,47425,买盘
1057,10:39:37,27.87,-0.04,11,30657,卖盘
1058,10:39:39,27.87,0.0,18,48772,卖盘
1059,10:39:42,27.85,-0.02,2,5570,卖盘
1060,10:39:45,27.85,0.0,4,11140,卖盘
1061,10:39:49,27.84,-0.01,24,66838,卖盘
1062,10:39:52,27.81,-0.03,5,13908,卖盘
1063,10:39:55,27.8,-0.01,46,127883,卖盘
1064,10:39:58,27.79,-0.01,2,5558,卖盘
1065,10:40:01,27.76,-0.03,16,44436,卖盘
1066,10:40:04,27.76,0.0,2,5552,卖盘
1067,10:40:13,27.76,0.0,6,16656,卖盘
1068,10:40:16,27.76,0.0,10,27760,卖盘
1069,10:40:19,27.76,0.0,16,44416,卖盘
1070,10:40:21,27.79,0.03,4,11107,买盘
1071,10:40:25,27.75,-0.04,91,252567,卖盘
1072,10:40:31,27.76,0.01,17,47192,买盘
1073,10:40:34,27.76,0.0,8,22211,卖盘
1074,10:40:40,27.79,0.03,2,5558,买盘
1075,10:40:43,27.79,0.0,2,5558,卖盘
1076,10:40:46,27.79,0.0,4,11116,卖盘
1077,10:40:49,27.79,0.0,13,36127,卖盘
1078,10:40:55,27.8,0.01,27,75060,买盘
1079,10:41:07,27.8,0.0,7,19460,卖盘
1080,10:41:10,27.84,0.04,7,19488,买盘
1081,10:41:13,27.84,0.0,20,55690,卖盘
1082,10:41:25,27.84,0.0,5,13920,卖盘
1083,10:41:28,27.8,-0.04,87,241890,卖盘
1084,10:41:31,27.8,0.0,10,27800,买盘
1085,10:41:33,27.8,0.0,2,5560,买盘
1086,10:41:37,27.79,-0.01,20,56970,卖盘
1087,10:41:40,27.8,0.01,20,55600,买盘
1088,10:41:52,27.8,0.0,3,8340,卖盘
1089,10:42:04,27.84,0.04,5,13920,买盘
1090,10:42:07,27.8,-0.04,1,2780,卖盘
1091,10:42:10,27.8,0.0,3,8341,卖盘
1092,10:42:19,27.8,0.0,20,55600,卖盘
1093,10:42:25,27.84,0.04,3,8352,买盘
1094,10:42:31,27.84,0.0,3,8352,买盘
1095,10:42:34,27.84,0.0,6,16704,买盘
1096,10:42:39,27.84,0.0,3,8352,买盘
1097,10:42:43,27.84,0.0,2,5568,买盘
1098,10:42:46,27.84,0.0,10,27838,买盘
1099,10:42:49,27.84,0.0,4,11136,买盘
1100,10:42:58,27.82,-0.02,3,8346,卖盘
1101,10:43:01,27.84,0.02,10,27812,买盘
1102,10:43:09,27.84,0.0,20,55680,卖盘
1103,10:43:16,27.86,0.02,10,27858,买盘
1104,10:43:19,27.84,-0.02,45,125284,卖盘
1105,10:43:22,27.84,0.0,57,158716,卖盘
1106,10:43:25,27.84,0.0,12,33380,买盘
1107,10:43:28,27.85,0.01,18,50132,卖盘
1108,10:43:42,27.84,-0.01,42,116998,卖盘
1109,10:43:48,27.86,0.02,15,41790,卖盘
1110,10:43:55,27.84,-0.02,4,11136,卖盘
1111,10:43:57,27.85,0.01,1,2785,买盘
1112,10:44:00,27.85,0.0,6,16709,买盘
1113,10:44:04,27.84,-0.01,10,27840,卖盘
1114,10:44:07,27.84,0.0,10,27833,买盘
1115,10:44:10,27.82,-0.02,21,58440,卖盘
1116,10:44:13,27.83,0.01,1,2783,中性盘
1117,10:44:19,27.81,-0.02,7,19468,卖盘
1118,10:44:22,27.81,0.0,2,5562,卖盘
1119,10:44:25,27.82,0.01,14,38936,中性盘
1120,10:44:28,27.8,-0.02,16,44495,卖盘
1121,10:44:31,27.8,0.0,42,116760,卖盘
1122,10:44:36,27.82,0.02,25,69516,买盘
1123,10:44:40,27.8,-0.02,23,63940,卖盘
1124,10:44:43,27.81,0.01,4,11124,卖盘
1125,10:44:45,27.8,-0.01,22,61179,卖盘
1126,10:44:49,27.8,0.0,8,22240,卖盘
1127,10:44:52,27.8,0.0,8,22246,卖盘
1128,10:44:54,27.8,0.0,7,19460,卖盘
1129,10:44:58,27.8,0.0,27,75060,卖盘
1130,10:45:01,27.79,-0.01,4,11116,卖盘
1131,10:45:04,27.8,0.01,5,13897,买盘
1132,10:45:07,27.79,-0.01,4,11116,卖盘
1133,10:45:10,27.79,0.0,9,25015,卖盘
1134,10:45:13,27.8,0.01,4,11117,买盘
1135,10:45:16,27.79,-0.01,7,18064,卖盘
1136,10:45:22,27.8,0.01,43,120892,买盘
1137,10:45:25,27.8,0.0,8,20850,卖盘
1138,10:45:27,27.77,-0.03,5,13885,卖盘
1139,10:45:31,27.77,0.0,2,5554,卖盘
1140,10:45:33,27.79,0.02,15,41666,买盘
1141,10:45:40,27.78,-0.01,10,27780,卖盘
1142,10:45:57,27.8,0.02,32,90344,买盘
1143,10:46:00,27.8,0.0,8,22240,卖盘
1144,10:46:06,27.82,0.02,2,5564,买盘
1145,10:46:10,27.82,0.0,3,8346,买盘
1146,10:46:21,27.83,0.01,1,2783,买盘
1147,10:46:34,27.82,-0.01,26,72352,卖盘
1148,10:46:37,27.85,0.03,89,247852,买盘
1149,10:46:39,27.83,-0.02,5,13915,卖盘
1150,10:46:46,27.84,0.01,1,2784,卖盘
1151,10:46:49,27.85,0.01,2,5569,买盘
1152,10:46:52,27.84,-0.01,1,2784,卖盘
1153,10:46:55,27.84,0.0,1,2784,卖盘
1154,10:46:58,27.85,0.01,42,116962,买盘
1155,10:47:00,27.85,0.0,1,2785,卖盘
1156,10:47:22,27.85,0.0,4,11140,卖盘
1157,10:47:28,27.85,0.0,1,2785,卖盘
1158,10:47:34,27.86,0.01,1,2786,卖盘
1159,10:47:37,27.86,0.0,3,8358,卖盘
1160,10:47:39,27.86,0.0,3,8358,卖盘
1161,10:47:45,27.87,0.01,53,147695,买盘
1162,10:47:48,27.87,0.0,2,5574,买盘
1163,10:47:52,27.87,0.0,9,25081,买盘
1164,10:47:58,27.87,0.0,17,47379,买盘
1165,10:48:10,27.88,0.01,5,13940,买盘
1166,10:48:16,27.88,0.0,6,16728,买盘
1167,10:48:19,27.88,0.0,3,8364,买盘
1168,10:48:27,27.88,0.0,1,2788,卖盘
1169,10:48:31,27.88,0.0,1,2788,卖盘
1170,10:48:33,27.9,0.02,6,16738,买盘
1171,10:48:46,27.9,0.0,1,2790,卖盘
1172,10:48:48,27.9,0.0,1,2790,卖盘
1173,10:48:52,27.9,0.0,1,2790,卖盘
1174,10:48:54,27.91,0.01,7,19537,卖盘
1175,10:48:58,27.95,0.04,46,128394,买盘
1176,10:49:01,27.91,-0.04,30,83730,卖盘
1177,10:49:04,27.91,0.0,44,122806,卖盘
1178,10:49:06,27.91,0.0,34,94894,卖盘
1179,10:49:09,27.91,0.0,40,111643,卖盘
1180,10:49:13,27.91,0.0,23,64201,卖盘
1181,10:49:16,27.91,0.0,19,53029,卖盘
1182,10:49:19,27.91,0.0,18,50238,卖盘
1183,10:49:22,27.91,0.0,4,11164,卖盘
1184,10:49:31,27.91,0.0,1,2791,卖盘
1185,10:49:40,27.94,0.03,1,2794,买盘
1186,10:50:06,27.95,0.01,3,8384,买盘
1187,10:50:19,27.95,0.0,1,2795,买盘
1188,10:50:22,27.95,0.0,27,75465,买盘
1189,10:50:28,27.95,0.0,5,13975,卖盘
1190,10:50:37,27.95,0.0,1,2795,卖盘
1191,10:50:40,27.96,0.01,7,19569,买盘
1192,10:50:45,27.95,-0.01,10,27950,卖盘
1193,10:50:55,27.95,0.0,12,33542,卖盘
1194,10:51:01,27.95,0.0,19,53105,买盘
1195,10:51:04,27.92,-0.03,11,30712,卖盘
1196,10:51:13,27.91,-0.01,18,50240,卖盘
1197,10:51:15,27.91,0.0,16,44656,卖盘
1198,10:51:22,27.91,0.0,10,27910,卖盘
1199,10:51:25,27.9,-0.01,17,47440,卖盘
1200,10:51:37,27.9,0.0,2,5580,买盘
1201,10:51:40,27.88,-0.02,2,5576,卖盘
1202,10:51:45,27.9,0.02,21,58554,买盘
1203,10:51:49,27.87,-0.03,9,25083,卖盘
1204,10:52:01,27.86,-0.01,1,2786,卖盘
1205,10:52:04,27.9,0.04,3,8370,买盘
1206,10:52:09,27.85,-0.05,11,30638,卖盘
1207,10:52:13,27.89,0.04,2,5578,买盘
1208,10:52:22,27.9,0.01,10,27900,买盘
1209,10:52:31,27.9,0.0,4,11160,买盘
1210,10:52:37,27.91,0.01,15,41859,买盘
1211,10:52:46,27.92,0.01,2,5584,买盘
1212,10:52:49,27.91,-0.01,5,13955,卖盘
1213,10:53:01,27.92,0.01,13,36289,买盘
1214,10:53:07,27.95,0.03,9,25155,买盘
1215,10:53:10,27.94,-0.01,3,8382,卖盘
1216,10:53:13,27.95,0.01,3,8383,买盘
1217,10:53:19,27.95,0.0,3,8385,买盘
1218,10:53:22,27.95,0.0,10,27950,买盘
1219,10:53:31,27.97,0.02,50,139840,买盘
1220,10:53:40,27.97,0.0,10,27970,买盘
1221,10:53:42,27.98,0.01,24,67138,买盘
1222,10:53:45,27.98,0.0,1,2798,买盘
1223,10:53:52,27.98,0.0,5,13990,卖盘
1224,10:53:55,27.99,0.01,11,30789,买盘
1225,10:53:58,27.99,0.0,9,25190,买盘
1226,10:54:01,27.99,0.0,3,8397,买盘
1227,10:54:04,28.0,0.01,5,14000,买盘
1228,10:54:16,28.0,0.0,1,2800,买盘
1229,10:54:19,28.0,0.0,1,2800,买盘
1230,10:54:22,27.99,-0.01,33,92380,卖盘
1231,10:54:28,28.0,0.01,11,30799,买盘
1232,10:54:31,28.0,0.0,10,28000,买盘
1233,10:54:42,28.0,0.0,26,72779,买盘
1234,10:54:49,27.99,-0.01,13,36387,卖盘
1235,10:54:58,27.99,0.0,22,61578,卖盘
1236,10:55:04,27.99,0.0,6,16794,买盘
1237,10:55:12,27.99,0.0,2,5598,买盘
1238,10:55:16,27.99,0.0,4,11196,买盘
1239,10:55:31,27.98,-0.01,5,13990,卖盘
1240,10:55:36,27.99,0.01,11,30779,买盘
1241,10:55:42,28.0,0.01,203,568334,买盘
1242,10:55:46,27.98,-0.02,2,5596,卖盘
1243,10:55:49,27.98,0.0,5,13990,卖盘
1244,10:55:55,27.98,0.0,5,13990,买盘
1245,10:55:58,27.97,-0.01,32,89527,卖盘
1246,10:56:01,27.97,0.0,4,11188,卖盘
1247,10:56:04,27.97,0.0,1,2797,买盘
1248,10:56:09,28.0,0.03,16,44800,买盘
1249,10:56:19,27.99,-0.01,5,13995,买盘
1250,10:56:37,28.0,0.01,40,111992,买盘
1251,10:56:43,27.98,-0.02,14,39175,卖盘
1252,10:56:55,27.98,0.0,1,2798,买盘
1253,10:56:58,28.01,0.03,455,1273914,买盘
1254,10:57:04,27.96,-0.05,3,8388,卖盘
1255,10:57:10,28.0,0.04,1,2800,买盘
1256,10:57:19,28.0,0.0,10,28000,买盘
1257,10:57:25,28.0,0.0,4,11200,买盘
1258,10:57:33,28.0,0.0,10,28000,买盘
1259,10:57:43,28.0,0.0,2,5600,买盘
1260,10:57:48,28.0,0.0,17,47600,卖盘
1261,10:57:51,28.0,0.0,1,2800,卖盘
1262,10:57:58,28.0,0.0,4,11200,卖盘
1263,10:58:01,28.01,0.01,6,16804,买盘
1264,10:58:07,28.01,0.0,7,19607,买盘
1265,10:58:10,28.01,0.0,22,61622,买盘
1266,10:58:13,28.01,0.0,9,25209,买盘
1267,10:58:15,28.0,-0.01,10,28000,卖盘
1268,10:58:18,28.0,0.0,4,11200,卖盘
1269,10:58:22,28.0,0.0,11,30800,卖盘
1270,10:58:40,28.0,0.0,10,28000,买盘
1271,10:58:43,28.0,0.0,3,8400,买盘
1272,10:58:46,28.0,0.0,20,56000,买盘
1273,10:58:51,28.0,0.0,18,50400,买盘
1274,10:59:01,27.99,-0.01,13,36399,卖盘
1275,10:59:04,28.0,0.01,5,14000,卖盘
1276,10:59:07,28.0,0.0,31,86800,卖盘
1277,10:59:16,27.99,-0.01,10,27995,卖盘
1278,10:59:22,28.0,0.01,1,2800,买盘
1279,10:59:25,28.03,0.03,563,1575836,买盘
1280,10:59:30,28.03,0.0,7,19621,卖盘
1281,10:59:39,28.08,0.05,6,16833,买盘
1282,10:59:46,28.12,0.04,15,42154,买盘
1283,10:59:57,28.16,0.04,83,233606,买盘
1284,11:00:07,28.18,0.02,30,84540,买盘
1285,11:00:10,28.2,0.02,35,98681,买盘
1286,11:00:13,28.18,-0.02,24,67634,卖盘
1287,11:00:18,28.2,0.02,24,67677,买盘
1288,11:00:21,28.2,0.0,11,31020,买盘
1289,11:00:25,28.19,-0.01,13,36653,卖盘
1290,11:00:27,28.19,0.0,5,14092,买盘
1291,11:00:31,28.2,0.01,71,200205,买盘
1292,11:00:34,28.18,-0.02,32,90216,卖盘
1293,11:00:37,28.18,0.0,43,121174,卖盘
1294,11:00:40,28.18,0.0,38,107084,卖盘
1295,11:00:43,28.2,0.02,300,845708,买盘
1296,11:00:46,28.18,-0.02,5,14090,买盘
1297,11:00:49,28.18,0.0,27,76078,买盘
1298,11:00:57,28.18,0.0,3,8454,买盘
1299,11:01:01,28.2,0.02,99,279047,买盘
1300,11:01:12,28.18,-0.02,1,2818,卖盘
1301,11:01:16,28.2,0.02,43,121260,买盘
1302,11:01:22,28.16,-0.04,59,166202,卖盘
1303,11:01:25,28.16,0.0,13,36608,买盘
1304,11:01:28,28.2,0.04,91,256516,买盘
1305,11:01:33,28.2,0.0,16,45118,买盘
1306,11:01:37,28.2,0.0,4,11280,卖盘
1307,11:01:43,28.21,0.01,4,11284,买盘
1308,11:01:46,28.2,-0.01,10,28200,卖盘
1309,11:01:52,28.2,0.0,2,5640,买盘
1310,11:01:58,28.2,0.0,5,14100,买盘
1311,11:02:01,28.19,-0.01,3,8457,卖盘
1312,11:02:09,28.17,-0.02,11,30997,卖盘
1313,11:02:16,28.17,0.0,1,2817,买盘
1314,11:02:19,28.16,-0.01,4,11264,卖盘
1315,11:02:25,28.17,0.01,49,137981,买盘
1316,11:02:28,28.17,0.0,2,5634,卖盘
1317,11:02:30,28.15,-0.02,10,28166,卖盘
1318,11:02:40,28.15,0.0,9,25335,买盘
1319,11:02:43,28.13,-0.02,3,8443,卖盘
1320,11:02:45,28.13,0.0,29,81577,卖盘
1321,11:02:57,28.13,0.0,22,61881,买盘
1322,11:03:10,28.13,0.0,5,14063,买盘
1323,11:03:16,28.12,-0.01,2,5624,中性盘
1324,11:03:24,28.12,0.0,2,5624,买盘
1325,11:03:40,28.11,-0.01,1,2811,买盘
1326,11:03:49,28.11,0.0,6,16866,买盘
1327,11:03:54,28.12,0.01,23,64673,买盘
1328,11:04:04,28.11,-0.01,4,11244,卖盘
1329,11:04:06,28.12,0.01,29,81548,买盘
1330,11:04:09,28.13,0.01,10,28125,买盘
1331,11:04:12,28.12,-0.01,16,44992,卖盘
1332,11:04:19,28.11,-0.01,29,81545,卖盘
1333,11:04:25,28.13,0.02,10,28121,买盘
1334,11:04:43,28.11,-0.02,14,39364,卖盘
1335,11:04:49,28.12,0.01,3,8436,买盘
1336,11:04:52,28.12,0.0,11,30932,买盘
1337,11:04:58,28.1,-0.02,9,25296,卖盘
1338,11:05:04,28.11,0.01,5,14055,卖盘
1339,11:05:09,28.11,0.0,1,2811,卖盘
1340,11:05:12,28.11,0.0,1,2811,卖盘
1341,11:05:15,28.11,0.0,6,16866,卖盘
1342,11:05:31,28.1,-0.01,15,42150,卖盘
1343,11:05:37,28.1,0.0,1,2810,卖盘
1344,11:05:43,28.1,0.0,14,39340,卖盘
1345,11:05:45,28.1,0.0,4,11240,卖盘
1346,11:05:48,28.1,0.0,2,5620,卖盘
1347,11:05:51,28.11,0.01,3,8433,买盘
1348,11:05:54,28.11,0.0,12,33730,买盘
1349,11:05:58,28.1,-0.01,31,87110,卖盘
1350,11:06:01,28.11,0.01,116,325872,买盘
1351,11:06:16,28.1,-0.01,5,14050,买盘
1352,11:06:39,28.07,-0.03,1,2807,卖盘
1353,11:06:43,28.07,0.0,3,8421,卖盘
1354,11:06:46,28.07,0.0,11,30877,买盘
1355,11:06:48,28.07,0.0,6,16842,买盘
1356,11:06:55,28.07,0.0,1,2807,卖盘
1357,11:06:58,28.07,0.0,3,8421,卖盘
1358,11:07:07,28.08,0.01,3,8424,卖盘
1359,11:07:13,28.08,0.0,8,22464,卖盘
1360,11:07:21,28.1,0.02,36,101100,买盘
1361,11:07:33,28.07,-0.03,49,137555,卖盘
1362,11:07:49,28.08,0.0,15,42120,卖盘
1363,11:07:52,28.08,0.0,4,11232,卖盘
1364,11:07:54,28.08,0.0,5,14040,卖盘
1365,11:07:57,28.08,0.0,8,22464,卖盘
1366,11:08:04,28.08,0.0,2,5616,卖盘
1367,11:08:07,28.08,0.0,1,2808,卖盘
1368,11:08:10,28.09,0.01,6,16849,买盘
1369,11:08:13,28.08,-0.01,10,28080,卖盘
1370,11:08:16,28.08,0.0,4,9828,卖盘
1371,11:08:22,28.08,0.0,5,14040,买盘
1372,11:08:24,28.09,0.01,4,11234,买盘
1373,11:08:28,28.09,0.0,12,33694,买盘
1374,11:08:31,28.09,0.0,5,15450,买盘
1375,11:08:39,28.1,0.01,19,53390,买盘
1376,11:08:43,28.1,0.0,1,2810,买盘
1377,11:08:46,28.1,0.0,1,2810,买盘
1378,11:08:55,28.1,0.0,3,8430,买盘
1379,11:08:58,28.09,-0.01,10,28090,卖盘
1380,11:09:01,28.09,0.0,87,242990,卖盘
1381,11:09:04,28.09,0.0,1,2809,买盘
1382,11:09:13,28.09,0.0,2,5618,买盘
1383,11:09:21,28.11,0.02,86,241665,买盘
1384,11:09:27,28.08,-0.03,7,19658,卖盘
1385,11:09:39,28.08,0.0,20,56160,卖盘
1386,11:09:45,28.09,0.01,3,8427,买盘
1387,11:09:52,28.08,-0.01,7,19656,卖盘
1388,11:10:04,28.08,0.0,2,5616,卖盘
1389,11:10:07,28.09,0.01,11,30899,买盘
1390,11:10:09,28.08,-0.01,5,14040,卖盘
1391,11:10:12,28.08,0.0,30,84240,卖盘
1392,11:10:15,28.09,0.01,7,19663,买盘
1393,11:10:19,28.09,0.0,8,22472,买盘
1394,11:10:25,28.09,0.0,63,176967,卖盘
1395,11:10:28,28.08,-0.01,28,78645,卖盘
1396,11:10:31,28.1,0.02,48,136280,买盘
1397,11:10:42,28.11,0.01,3,7026,买盘
1398,11:10:45,28.11,0.0,4,11244,买盘
1399,11:10:52,28.11,0.0,6,16863,买盘
1400,11:10:54,28.11,0.0,18,50598,买盘
1401,11:10:57,28.11,0.0,3,8433,买盘
1402,11:11:13,28.11,0.0,5,14055,买盘
1403,11:11:16,28.1,-0.01,1,2810,卖盘
1404,11:11:18,28.1,0.0,1,2810,买盘
1405,11:11:22,28.1,0.0,3,8430,买盘
1406,11:11:28,28.1,0.0,10,28100,买盘
1407,11:11:33,28.09,-0.01,9,25281,卖盘
1408,11:11:36,28.09,0.0,7,19663,买盘
1409,11:11:40,28.09,0.0,16,44944,买盘
1410,11:11:42,28.07,-0.02,2,5614,卖盘
1411,11:11:49,28.09,0.02,4,11236,买盘
1412,11:12:01,28.07,-0.02,3,8423,卖盘
1413,11:12:06,28.09,0.02,27,75843,买盘
1414,11:12:09,28.07,-0.02,100,280700,卖盘
1415,11:12:16,28.08,0.01,1,2808,卖盘
1416,11:12:19,28.09,0.01,3,8427,买盘
1417,11:12:31,28.08,-0.01,1,2808,卖盘
1418,11:12:36,28.08,0.0,9,25272,买盘
1419,11:12:46,28.09,0.01,2,5618,买盘
1420,11:12:49,28.08,-0.01,11,30888,卖盘
1421,11:12:57,28.08,0.0,4,11232,卖盘
1422,11:13:04,28.08,0.0,20,56160,卖盘
1423,11:13:19,28.08,0.0,16,44928,买盘
1424,11:13:28,28.07,-0.01,1,2807,卖盘
1425,11:13:36,28.07,0.0,76,213333,卖盘
1426,11:13:46,28.07,0.0,1,2807,买盘
1427,11:13:54,28.06,-0.01,3,8418,卖盘
1428,11:14:10,28.05,-0.01,5,14025,卖盘
1429,11:14:12,28.05,0.0,7,19635,卖盘
1430,11:14:22,28.05,0.0,9,25245,买盘
1431,11:14:25,28.05,0.0,3,8415,买盘
1432,11:14:37,28.05,0.0,13,36453,买盘
1433,11:14:40,28.04,-0.01,59,165441,卖盘
1434,11:14:43,28.04,0.0,1,2804,卖盘
1435,11:14:52,28.04,0.0,4,11216,卖盘
1436,11:14:55,28.04,0.0,1,2804,卖盘
1437,11:14:58,28.04,0.0,20,56080,卖盘
1438,11:15:13,28.04,0.0,8,22432,卖盘
1439,11:15:24,28.04,0.0,6,16824,卖盘
1440,11:15:28,28.05,0.01,36,100970,买盘
1441,11:15:30,28.04,-0.01,9,25236,卖盘
1442,11:15:36,28.05,0.01,5,14025,买盘
1443,11:15:43,28.05,0.0,10,28050,买盘
1444,11:15:58,28.05,0.0,2,5610,买盘
1445,11:16:12,28.06,0.01,8,22446,买盘
1446,11:16:18,28.05,-0.01,5,14025,卖盘
1447,11:16:28,28.1,0.05,100,280720,买盘
1448,11:16:31,28.06,-0.04,2,5612,中性盘
1449,11:16:48,28.1,0.04,1,2810,买盘
1450,11:17:01,28.1,0.0,1,2810,买盘
1451,11:17:15,28.07,-0.03,5,14035,卖盘
1452,11:17:19,28.11,0.04,20,56192,买盘
1453,11:17:36,28.11,0.0,1,2811,买盘
1454,11:17:43,28.1,-0.01,4,11240,卖盘
1455,11:17:49,28.11,0.01,74,208014,买盘
1456,11:17:58,28.11,0.0,9,25299,买盘
1457,11:18:07,28.11,0.0,3,8432,买盘
1458,11:18:18,28.12,0.01,22,61864,买盘
1459,11:18:30,28.11,-0.01,1,2811,买盘
1460,11:18:34,28.1,-0.01,12,33726,卖盘
1461,11:18:46,28.12,0.02,100,281182,买盘
1462,11:18:49,28.1,-0.02,10,28100,卖盘
1463,11:18:54,28.12,0.02,8,22496,买盘
1464,11:19:15,28.15,0.03,13,36583,买盘
1465,11:19:19,28.15,0.0,28,78770,买盘
1466,11:19:22,28.12,-0.03,20,56282,卖盘
1467,11:19:28,28.16,0.04,12,33789,买盘
1468,11:19:34,28.13,-0.03,5,14065,卖盘
1469,11:19:48,28.15,0.02,16,45040,买盘
1470,11:20:04,28.16,0.01,16,45056,买盘
1471,11:20:12,28.16,0.0,1,2816,卖盘
1472,11:20:15,28.17,0.01,1,2817,买盘
1473,11:20:19,28.18,0.01,25,70440,买盘
1474,11:20:22,28.17,-0.01,5,14085,卖盘
1475,11:20:30,28.18,0.01,5,14090,买盘
1476,11:20:34,28.18,0.0,20,56360,买盘
1477,11:20:37,28.17,-0.01,31,87351,卖盘
1478,11:20:39,28.19,0.02,51,143720,买盘
1479,11:20:42,28.19,0.0,11,31009,买盘
1480,11:20:45,28.19,0.0,30,84570,买盘
1481,11:20:51,28.18,-0.01,9,25362,买盘
1482,11:20:55,28.18,0.0,13,36629,买盘
1483,11:20:57,28.18,0.0,30,84540,买盘
1484,11:21:04,28.18,0.0,22,61996,买盘
1485,11:21:07,28.18,0.0,1,2818,买盘
1486,11:21:13,28.18,0.0,5,14090,买盘
1487,11:21:15,28.17,-0.01,35,98595,卖盘
1488,11:21:24,28.17,0.0,3,8452,卖盘
1489,11:21:27,28.17,0.0,14,39438,卖盘
1490,11:21:40,28.16,-0.01,1,2816,卖盘
1491,11:21:46,28.16,0.0,1,2816,卖盘
1492,11:21:49,28.16,0.0,3,8448,卖盘
1493,11:21:52,28.16,0.0,8,22528,卖盘
1494,11:21:55,28.16,0.0,7,19712,卖盘
1495,11:22:03,28.15,-0.01,9,25335,卖盘
1496,11:22:13,28.15,0.0,2,5630,卖盘
1497,11:22:15,28.16,0.01,1,2816,买盘
1498,11:22:21,28.15,-0.01,8,22520,卖盘
1499,11:22:25,28.15,0.0,3,8445,卖盘
1500,11:22:28,28.15,0.0,10,28150,卖盘
1501,11:22:31,28.15,0.0,3,8445,卖盘
1502,11:22:34,28.15,0.0,5,14075,卖盘
1503,11:22:36,28.15,0.0,3,8445,卖盘
1504,11:22:49,28.15,0.0,2,5630,卖盘
1505,11:22:51,28.15,0.0,35,98525,卖盘
1506,11:22:54,28.16,0.01,4,11261,买盘
1507,11:23:10,28.15,-0.01,4,11260,卖盘
1508,11:23:13,28.15,0.0,2,5630,卖盘
1509,11:23:16,28.15,0.0,18,50670,卖盘
1510,11:23:21,28.15,0.0,3,8445,卖盘
1511,11:23:27,28.15,0.0,4,11260,买盘
1512,11:23:42,28.12,-0.03,3,8436,卖盘
1513,11:23:58,28.12,0.0,2,5624,卖盘
1514,11:24:01,28.14,0.02,3,8440,买盘
1515,11:24:10,28.1,-0.04,3,8430,卖盘
1516,11:24:21,28.11,0.01,1,2811,中性盘
1517,11:24:34,28.11,0.0,1,2811,买盘
1518,11:24:37,28.1,-0.01,2,5620,卖盘
1519,11:24:42,28.1,0.0,3,8430,卖盘
1520,11:24:48,28.11,0.01,2,5622,买盘
1521,11:24:55,28.11,0.0,1,2811,买盘
1522,11:25:00,28.1,-0.01,10,28101,卖盘
1523,11:25:13,28.12,0.02,1,2812,买盘
1524,11:25:16,28.11,-0.01,3,8433,卖盘
1525,11:25:21,28.12,0.0,2,5624,卖盘
1526,11:25:42,28.12,0.0,5,12654,卖盘
1527,11:25:49,28.12,0.0,14,39368,买盘
1528,11:25:54,28.1,-0.02,11,30923,卖盘
1529,11:25:58,28.12,0.02,4,11248,买盘
1530,11:26:07,28.1,-0.02,2,5620,卖盘
1531,11:26:16,28.12,0.02,23,66081,买盘
1532,11:26:18,28.12,0.0,2,5624,卖盘
1533,11:26:25,28.12,0.0,1,2812,卖盘
1534,11:26:28,28.12,0.0,20,56240,卖盘
1535,11:26:31,28.12,0.0,10,28120,卖盘
1536,11:26:34,28.12,0.0,14,37962,卖盘
1537,11:26:37,28.12,0.0,3,8436,买盘
1538,11:26:42,28.12,0.0,3,8436,买盘
1539,11:26:46,28.12,0.0,11,32318,买盘
1540,11:26:48,28.13,0.01,9,25317,卖盘
1541,11:27:07,28.13,0.0,4,11252,卖盘
1542,11:27:13,28.14,0.01,18,50652,买盘
1543,11:27:27,28.13,-0.01,2,5626,卖盘
1544,11:27:46,28.13,0.0,6,15472,卖盘
1545,11:27:49,28.14,0.01,23,64706,买盘
1546,11:27:57,28.12,-0.02,9,25308,卖盘
1547,11:28:18,28.12,0.0,5,14054,买盘
1548,11:28:25,28.12,0.0,15,42180,卖盘
1549,11:28:28,28.13,0.01,13,36561,买盘
1550,11:28:30,28.14,0.01,2,5628,买盘
1551,11:28:39,28.13,-0.01,5,14065,卖盘
1552,11:28:55,28.14,0.01,10,28140,买盘
1553,11:29:04,28.14,0.0,1,2814,买盘
1554,11:29:06,28.14,0.0,8,23919,买盘
1555,11:29:15,28.14,0.0,5,14070,卖盘
1556,11:29:22,28.15,0.01,7,19705,买盘
1557,11:29:25,28.15,0.0,8,22520,买盘
1558,11:29:34,28.15,0.0,50,140750,买盘
1559,11:29:36,28.15,0.0,2,5630,买盘
1560,11:29:39,28.14,-0.01,14,39400,卖盘
1561,11:29:45,28.15,0.01,10,28150,卖盘
1562,11:29:48,28.16,0.01,13,36608,买盘
1563,11:29:52,28.15,-0.01,3,8445,卖盘
1564,11:29:58,28.16,0.01,18,50664,买盘
1565,11:30:01,28.16,0.0,14,39422,买盘
1566,13:00:04,28.17,0.01,28,78858,买盘
1567,13:00:07,28.19,0.02,58,162034,买盘
1568,13:00:10,28.19,0.0,39,109912,买盘
1569,13:00:15,28.19,0.0,5,14095,买盘
1570,13:00:19,28.19,0.0,100,281900,买盘
1571,13:00:25,28.19,0.0,10,28185,买盘
1572,13:00:28,28.19,0.0,1,2819,买盘
1573,13:00:30,28.2,0.01,40,112764,买盘
1574,13:00:36,28.18,-0.02,9,26773,卖盘
1575,13:00:40,28.2,0.02,10,28199,卖盘
1576,13:00:52,28.19,-0.01,10,28190,中性盘
1577,13:00:54,28.2,0.01,30,84579,买盘
1578,13:00:57,28.18,-0.02,11,31010,卖盘
1579,13:01:00,28.2,0.02,40,112800,买盘
1580,13:01:04,28.2,0.0,10,28200,买盘
1581,13:01:09,28.18,-0.02,4,11272,卖盘
1582,13:01:19,28.2,0.02,7,19735,买盘
1583,13:01:22,28.18,-0.02,3,8454,卖盘
1584,13:01:25,28.2,0.02,6,16914,买盘
1585,13:01:28,28.2,0.0,4,11280,买盘
1586,13:01:37,28.2,0.0,16,45120,买盘
1587,13:01:40,28.2,0.0,93,260850,买盘
1588,13:01:55,28.21,0.01,3,8463,买盘
1589,13:02:01,28.2,-0.01,23,66270,卖盘
1590,13:02:04,28.2,0.0,8,22560,买盘
1591,13:02:06,28.2,0.0,13,36660,买盘
1592,13:02:09,28.2,0.0,1,2820,买盘
1593,13:02:19,28.19,-0.01,2,5638,卖盘
1594,13:02:21,28.19,0.0,12,33828,卖盘
1595,13:02:25,28.19,0.0,3,8457,卖盘
1596,13:02:28,28.19,0.0,10,28190,卖盘
1597,13:02:31,28.2,0.01,18,50754,买盘
1598,13:02:37,28.18,-0.02,6,16908,卖盘
1599,13:02:40,28.18,0.0,2,5636,卖盘
1600,13:02:43,28.17,-0.01,12,33813,卖盘
1601,13:02:55,28.17,0.0,4,11268,卖盘
1602,13:02:58,28.17,0.0,7,19720,卖盘
1603,13:03:00,28.16,-0.01,311,875866,卖盘
1604,13:03:06,28.17,0.01,21,59138,买盘
1605,13:03:18,28.14,-0.03,100,280055,卖盘
1606,13:03:21,28.14,0.0,1,2814,买盘
1607,13:03:24,28.2,0.06,345,972131,买盘
1608,13:03:28,28.2,0.0,5,14100,卖盘
1609,13:03:36,28.2,0.0,7,19740,卖盘
1610,13:03:39,28.2,0.0,21,59222,卖盘
1611,13:03:42,28.2,0.0,39,109980,卖盘
1612,13:03:45,28.2,0.0,23,64860,买盘
1613,13:03:48,28.2,0.0,2,5640,买盘
1614,13:03:51,28.2,0.0,4,11280,买盘
1615,13:03:57,28.18,-0.02,6,16916,卖盘
1616,13:04:00,28.2,0.02,3,8460,买盘
1617,13:04:04,28.2,0.0,2,5640,买盘
1618,13:04:06,28.2,0.0,5,14100,买盘
1619,13:04:16,28.19,-0.01,2,5638,买盘
1620,13:04:21,28.18,-0.01,11,31008,卖盘
1621,13:04:24,28.18,0.0,14,39452,买盘
1622,13:04:34,28.18,0.0,6,16908,买盘
1623,13:04:43,28.18,0.0,8,22543,买盘
1624,13:04:46,28.16,-0.02,7,19716,卖盘
1625,13:04:48,28.16,0.0,5,14080,买盘
1626,13:04:57,28.13,-0.03,47,132228,卖盘
1627,13:05:04,28.2,0.07,99,279149,买盘
1628,13:05:09,28.2,0.0,4,11280,卖盘
1629,13:05:12,28.2,0.0,5,14100,卖盘
1630,13:05:15,28.21,0.01,3,8463,买盘
1631,13:05:19,28.21,0.0,2,5642,中性盘
1632,13:05:25,28.2,-0.01,22,62045,卖盘
1633,13:05:28,28.2,0.0,3,8460,买盘
1634,13:05:31,28.22,0.02,44,124164,买盘
1635,13:05:33,28.22,0.0,11,31044,卖盘
1636,13:05:36,28.21,-0.01,5,14105,中性盘
1637,13:05:39,28.24,0.03,25,70594,买盘
1638,13:05:42,28.21,-0.03,8,22568,卖盘
1639,13:05:46,28.21,0.0,3,8463,买盘
1640,13:05:48,28.21,0.0,4,11284,买盘
1641,13:05:51,28.23,0.02,35,98775,买盘
1642,13:05:57,28.22,-0.01,2,5644,卖盘
1643,13:06:00,28.21,-0.01,28,79029,卖盘
1644,13:06:04,28.23,0.02,2,5646,买盘
1645,13:06:07,28.25,0.02,41,115808,买盘
1646,13:06:10,28.25,0.0,100,282500,买盘
1647,13:06:13,28.25,0.0,3,8475,卖盘
1648,13:06:15,28.26,0.01,33,93248,买盘
1649,13:06:18,28.28,0.02,54,152707,买盘
1650,13:06:25,28.3,0.02,180,509351,买盘
1651,13:06:28,28.3,0.0,14,39619,买盘
1652,13:06:31,28.3,0.0,59,166970,买盘
1653,13:06:33,28.32,0.02,2,5664,买盘
1654,13:06:37,28.34,0.02,37,104808,买盘
1655,13:06:39,28.34,0.0,22,62348,买盘
1656,13:06:42,28.35,0.01,132,374185,买盘
1657,13:06:46,28.35,0.0,58,164422,买盘
1658,13:06:49,28.37,0.02,86,243891,买盘
1659,13:06:52,28.39,0.02,110,312147,买盘
1660,13:06:54,28.4,0.01,261,741526,买盘
1661,13:06:58,28.4,0.0,7,19894,卖盘
1662,13:07:01,28.47,0.07,84,239121,买盘
1663,13:07:04,28.45,-0.02,27,76829,卖盘
1664,13:07:06,28.47,0.02,382,1088333,买盘
1665,13:07:09,28.49,0.02,13,37037,中性盘
1666,13:07:13,28.47,-0.02,260,740834,卖盘
1667,13:07:16,28.47,0.0,180,512926,卖盘
1668,13:07:19,28.5,0.03,19,54150,买盘
1669,13:07:22,28.54,0.04,49,139827,买盘
1670,13:07:24,28.56,0.02,64,182716,买盘
1671,13:07:28,28.56,0.0,50,142800,买盘
1672,13:07:31,28.58,0.02,218,622998,买盘
1673,13:07:33,28.53,-0.05,36,102768,卖盘
1674,13:07:37,28.58,0.05,108,308370,买盘
1675,13:07:40,28.57,-0.01,95,271497,中性盘
1676,13:07:43,28.58,0.01,45,128590,买盘
1677,13:07:46,28.57,-0.01,59,170026,卖盘
1678,13:07:49,28.57,0.0,35,98555,卖盘
1679,13:07:52,28.57,0.0,29,82850,买盘
1680,13:07:55,28.58,0.01,105,300036,买盘
1681,13:07:58,28.58,0.0,71,202911,买盘
1682,13:08:01,28.58,0.0,91,261507,买盘
1683,13:08:04,28.59,0.01,88,251419,买盘
1684,13:08:06,28.56,-0.03,36,102840,卖盘
1685,13:08:10,28.56,0.0,62,175688,卖盘
1686,13:08:13,28.51,-0.05,71,202780,卖盘
1687,13:08:16,28.52,0.01,49,139932,中性盘
1688,13:08:19,28.56,0.04,4,11423,中性盘
1689,13:08:22,28.52,-0.04,6,17112,卖盘
1690,13:08:25,28.51,-0.01,69,196791,卖盘
1691,13:08:27,28.51,0.0,22,62751,卖盘
1692,13:08:30,28.52,0.01,18,51364,卖盘
1693,13:08:33,28.52,0.0,18,51336,卖盘
1694,13:08:37,28.27,-0.25,130,369700,卖盘
1695,13:08:43,28.5,0.23,6,17096,买盘
1696,13:08:46,28.51,0.01,5,14251,买盘
1697,13:08:52,28.49,-0.02,7,19898,买盘
1698,13:08:57,28.49,0.0,4,11392,买盘
1699,13:09:10,28.3,-0.19,7,19816,卖盘
1700,13:09:16,28.4,0.1,10,28400,买盘
1701,13:09:19,28.4,0.0,9,25560,买盘
1702,13:09:25,28.4,0.0,1,2840,买盘
1703,13:09:31,28.4,0.0,22,62413,买盘
1704,13:09:34,28.4,0.0,16,45440,买盘
1705,13:09:37,28.4,0.0,5,14200,卖盘
1706,13:09:39,28.4,0.0,39,110670,卖盘
1707,13:09:43,28.35,-0.05,2,5670,卖盘
1708,13:09:49,28.45,0.1,75,214631,买盘
1709,13:09:52,28.45,0.0,2,5690,卖盘
1710,13:09:55,28.41,-0.04,22,61156,卖盘
1711,13:09:58,28.43,0.02,8,24166,买盘
1712,13:10:01,28.48,0.05,3,8541,买盘
1713,13:10:10,28.42,-0.06,301,857972,卖盘
1714,13:10:13,28.43,0.01,1,2843,买盘
1715,13:10:15,28.47,0.04,17,48387,买盘
1716,13:10:22,28.5,0.03,221,629545,买盘
1717,13:10:24,28.5,0.0,40,114002,卖盘
1718,13:10:28,28.47,-0.03,56,159585,卖盘
1719,13:10:31,28.52,0.05,27,76933,买盘
1720,13:10:34,28.47,-0.05,3,8543,买盘
1721,13:10:37,28.5,0.03,13,37041,买盘
1722,13:10:43,28.5,0.0,22,62700,买盘
1723,13:10:46,28.5,0.0,8,22795,买盘
1724,13:10:49,28.5,0.0,42,119700,买盘
1725,13:10:52,28.5,0.0,27,76948,买盘
1726,13:10:54,28.49,-0.01,31,88345,卖盘
1727,13:10:57,28.5,0.01,12,34200,买盘
1728,13:11:01,28.49,-0.01,34,96862,卖盘
1729,13:11:04,28.49,0.0,3,8547,买盘
1730,13:11:10,28.49,0.0,31,88307,买盘
1731,13:11:13,28.48,-0.01,34,96843,卖盘
1732,13:11:15,28.49,0.01,29,82607,买盘
1733,13:11:18,28.48,-0.01,21,59813,卖盘
1734,13:11:21,28.47,-0.01,63,179361,卖盘
1735,13:11:25,28.48,0.01,50,142363,买盘
1736,13:11:27,28.47,-0.01,22,62634,中性盘
1737,13:11:30,28.47,0.0,7,18506,卖盘
1738,13:11:34,28.47,0.0,44,126692,卖盘
1739,13:11:37,28.47,0.0,18,51234,买盘
1740,13:11:40,28.46,-0.01,37,105326,中性盘
1741,13:11:45,28.46,0.0,20,56920,买盘
1742,13:11:49,28.44,-0.02,12,34131,卖盘
1743,13:11:52,28.41,-0.03,10,28410,买盘
1744,13:11:55,28.46,0.05,303,862635,买盘
1745,13:11:58,28.41,-0.05,10,28410,卖盘
1746,13:12:01,28.4,-0.01,10,28400,买盘
1747,13:12:04,28.4,0.0,21,58220,卖盘
1748,13:12:06,28.4,0.0,1,2840,买盘
1749,13:12:12,28.38,-0.02,18,51087,卖盘
1750,13:12:19,28.4,0.02,22,62448,买盘
1751,13:12:22,28.38,-0.02,44,124894,卖盘
1752,13:12:25,28.48,0.1,100,285718,买盘
1753,13:12:28,28.48,0.0,5,14240,卖盘
1754,13:12:31,28.48,0.0,1,2848,卖盘
1755,13:12:34,28.48,0.0,9,25632,卖盘
1756,13:12:36,28.48,0.0,1,2848,卖盘
1757,13:12:40,28.48,0.0,59,168042,卖盘
1758,13:12:43,28.49,0.01,28,79772,买盘
1759,13:12:46,28.48,-0.01,6,17088,买盘
1760,13:12:48,28.46,-0.02,1,2846,中性盘
1761,13:12:51,28.41,-0.05,8,22728,卖盘
1762,13:12:54,28.48,0.07,15,42671,买盘
1763,13:13:01,28.48,0.0,249,709288,买盘
1764,13:13:04,28.48,0.0,9,25632,卖盘
1765,13:13:09,28.48,0.0,30,85426,买盘
1766,13:13:16,28.48,0.0,2,5695,买盘
1767,13:13:19,28.47,-0.01,24,68343,卖盘
1768,13:13:22,28.48,0.01,30,85440,买盘
1769,13:13:24,28.5,0.02,86,244965,买盘
1770,13:13:27,28.5,0.0,9,25650,卖盘
1771,13:13:33,28.52,0.02,43,122570,买盘
1772,13:13:37,28.51,-0.01,51,145428,卖盘
1773,13:13:39,28.53,0.02,28,79863,买盘
1774,13:13:42,28.52,-0.01,22,62742,中性盘
1775,13:13:46,28.52,0.0,7,19967,卖盘
1776,13:13:48,28.53,0.01,8,22824,买盘
1777,13:13:52,28.53,0.0,3,8559,卖盘
1778,13:13:54,28.54,0.01,24,68462,买盘
1779,13:13:57,28.52,-0.02,107,305285,卖盘
1780,13:14:01,28.54,0.02,18,51372,买盘
1781,13:14:04,28.54,0.0,20,57080,卖盘
1782,13:14:06,28.54,0.0,10,28540,卖盘
1783,13:14:10,28.54,0.0,22,62795,卖盘
1784,13:14:13,28.54,0.0,47,134138,卖盘
1785,13:14:16,28.53,-0.01,28,79902,卖盘
1786,13:14:19,28.53,0.0,85,242591,卖盘
1787,13:14:21,28.53,0.0,7,19972,卖盘
1788,13:14:24,28.53,0.0,96,273817,买盘
1789,13:14:27,28.54,0.01,35,99860,买盘
1790,13:14:30,28.53,-0.01,25,71325,买盘
1791,13:14:34,28.53,0.0,9,25677,买盘
1792,13:14:36,28.53,0.0,6,17116,买盘
1793,13:14:40,28.5,-0.03,110,313705,卖盘
1794,13:14:43,28.52,0.02,8,22806,买盘
1795,13:14:45,28.52,0.0,3,8556,买盘
1796,13:14:51,28.5,-0.02,5,14250,中性盘
1797,13:14:54,28.48,-0.02,52,148096,卖盘
1798,13:14:58,28.5,0.02,1,2850,买盘
1799,13:15:01,28.5,0.0,18,51290,买盘
1800,13:15:04,28.48,-0.02,8,22784,卖盘
1801,13:15:16,28.47,-0.01,32,91134,卖盘
1802,13:15:19,28.46,-0.01,12,34160,卖盘
1803,13:15:22,28.46,0.0,13,37010,卖盘
1804,13:15:31,28.47,0.01,55,156564,买盘
1805,13:15:37,28.43,-0.04,5,14215,卖盘
1806,13:15:40,28.43,0.0,3,8529,买盘
1807,13:15:42,28.43,0.0,1,2843,买盘
1808,13:15:46,28.46,0.03,46,130701,买盘
1809,13:15:52,28.42,-0.04,5,14207,卖盘
1810,13:15:55,28.42,0.0,12,34104,买盘
1811,13:15:58,28.42,0.0,13,36946,买盘
1812,13:16:01,28.42,0.0,20,56853,卖盘
1813,13:16:06,28.4,-0.02,29,82384,卖盘
1814,13:16:09,28.49,0.09,330,938136,买盘
1815,13:16:12,28.49,0.0,14,39886,卖盘
1816,13:16:15,28.49,0.0,7,19943,卖盘
1817,13:16:22,28.5,0.01,60,170996,买盘
1818,13:16:25,28.5,0.0,16,45593,卖盘
1819,13:16:28,28.51,0.01,54,153872,买盘
1820,13:16:31,28.49,-0.02,67,190933,卖盘
1821,13:16:33,28.52,0.03,3,8556,买盘
1822,13:16:36,28.52,0.0,43,122565,买盘
1823,13:16:39,28.52,0.0,21,59872,买盘
1824,13:16:43,28.52,0.0,35,99816,买盘
1825,13:16:49,28.52,0.0,35,99820,买盘
1826,13:16:52,28.5,-0.02,10,28518,卖盘
1827,13:16:54,28.52,0.02,4,11406,买盘
1828,13:16:58,28.52,0.0,6,17112,买盘
1829,13:17:01,28.5,-0.02,1,2850,卖盘
1830,13:17:04,28.52,0.02,31,89849,买盘
1831,13:17:07,28.52,0.0,30,85567,卖盘
1832,13:17:13,28.54,0.02,86,245434,买盘
1833,13:17:16,28.53,-0.01,16,45660,卖盘
1834,13:17:18,28.55,0.02,40,114200,买盘
1835,13:17:21,28.6,0.05,528,1509267,买盘
1836,13:17:24,28.6,0.0,6,17160,卖盘
1837,13:17:28,28.63,0.03,34,97297,买盘
1838,13:17:31,28.69,0.06,210,601800,买盘
1839,13:17:34,28.7,0.01,53,152062,买盘
1840,13:17:37,28.75,0.05,26,74709,买盘
1841,13:17:40,28.9,0.15,513,1479509,买盘
1842,13:17:43,28.9,0.0,1,2890,卖盘
1843,13:17:45,28.92,0.02,17,49164,买盘
1844,13:17:49,28.95,0.03,161,465718,买盘
1845,13:17:51,28.92,-0.03,40,115820,卖盘
1846,13:17:54,28.99,0.07,194,561750,买盘
1847,13:17:57,28.99,0.0,52,150670,买盘
1848,13:18:01,29.0,0.01,160,463877,买盘
1849,13:18:04,28.98,-0.02,153,443628,卖盘
1850,13:18:06,29.08,0.1,75,217631,买盘
1851,13:18:09,29.06,-0.02,7,20342,中性盘
1852,13:18:13,29.05,-0.01,62,180329,卖盘
1853,13:18:16,29.05,0.0,35,101592,卖盘
1854,13:18:19,29.08,0.03,53,153817,中性盘
1855,13:18:22,29.1,0.02,42,122174,买盘
1856,13:18:24,29.1,0.0,16,46556,卖盘
1857,13:18:28,29.14,0.04,104,302635,买盘
1858,13:18:31,29.13,-0.01,58,168686,卖盘
1859,13:18:33,29.1,-0.03,88,255686,中性盘
1860,13:18:37,29.15,0.05,52,151489,买盘
1861,13:18:40,29.14,-0.01,22,64056,中性盘
1862,13:18:43,29.0,-0.14,250,727029,卖盘
1863,13:18:46,28.99,-0.01,69,200554,卖盘
1864,13:18:49,29.1,0.11,32,93076,中性盘
1865,13:18:52,29.1,0.0,16,46560,买盘
1866,13:18:55,29.1,0.0,18,52281,买盘
1867,13:18:58,29.01,-0.09,35,101827,中性盘
1868,13:19:01,28.99,-0.02,94,272548,卖盘
1869,13:19:04,29.08,0.09,30,87260,买盘
1870,13:19:06,29.06,-0.02,90,261830,中性盘
1871,13:19:10,28.9,-0.16,59,170942,卖盘
1872,13:19:13,28.9,0.0,20,57800,买盘
1873,13:19:15,29.0,0.1,112,324769,买盘
1874,13:19:18,29.0,0.0,2,5800,买盘
1875,13:19:21,28.9,-0.1,36,103844,中性盘
1876,13:19:24,28.95,0.05,8,23144,买盘
1877,13:19:27,29.0,0.05,10,28986,买盘
1878,13:19:33,28.95,-0.05,23,66625,卖盘
1879,13:19:37,28.95,0.0,66,191340,卖盘
1880,13:19:40,29.0,0.05,71,205690,买盘
1881,13:19:43,28.95,-0.05,38,110146,卖盘
1882,13:19:45,28.95,0.0,64,185376,卖盘
1883,13:19:49,29.0,0.05,13,37648,买盘
1884,13:19:51,28.95,-0.05,43,124493,卖盘
1885,13:19:58,28.9,-0.05,7,20235,卖盘
1886,13:20:00,28.95,0.05,30,86849,买盘
1887,13:20:04,29.0,0.05,507,1469239,买盘
1888,13:20:06,28.9,-0.1,11,31830,卖盘
1889,13:20:09,28.9,0.0,50,144461,卖盘
1890,13:20:12,28.9,0.0,25,70805,买盘
1891,13:20:16,28.95,0.05,19,55046,卖盘
1892,13:20:19,28.94,-0.01,20,57958,卖盘
1893,13:20:22,28.99,0.05,8,23194,买盘
1894,13:20:25,28.96,-0.03,66,191139,卖盘
1895,13:20:28,28.94,-0.02,28,81052,卖盘
1896,13:20:31,28.95,0.01,21,60819,买盘
1897,13:20:34,28.99,0.04,13,37683,买盘
1898,13:20:36,28.97,-0.02,14,40574,卖盘
1899,13:20:39,28.97,0.0,4,11588,卖盘
1900,13:20:42,28.95,-0.02,49,141900,卖盘
1901,13:20:46,28.95,0.0,29,83989,卖盘
1902,13:20:48,28.97,0.02,29,84003,买盘
1903,13:20:52,29.0,0.03,206,598779,买盘
1904,13:20:54,29.0,0.0,65,188500,卖盘
1905,13:20:57,28.99,-0.01,77,223196,卖盘
1906,13:21:01,29.3,0.31,776,2260660,买盘
1907,13:21:03,29.3,0.0,52,152360,卖盘
1908,13:21:07,29.31,0.01,5,14652,买盘
1909,13:21:10,29.4,0.09,45,132189,买盘
1910,13:21:13,29.48,0.08,192,564117,买盘
1911,13:21:16,29.5,0.02,119,350975,买盘
1912,13:21:19,29.6,0.1,263,777390,买盘
1913,13:21:22,29.6,0.0,75,221243,买盘
1914,13:21:25,29.57,-0.03,20,59158,中性盘
1915,13:21:27,29.6,0.03,106,313760,买盘
1916,13:21:31,29.6,0.0,293,867002,买盘
1917,13:21:34,29.58,-0.02,196,579882,中性盘
1918,13:21:37,29.59,0.01,118,349133,买盘
1919,13:21:40,29.57,-0.02,156,461462,中性盘
1920,13:21:42,29.57,0.0,79,233471,买盘
1921,13:21:46,29.57,0.0,33,97456,买盘
1922,13:21:48,29.59,0.02,69,204109,买盘
1923,13:21:51,29.62,0.03,115,340432,买盘
1924,13:21:55,29.62,0.0,29,85797,买盘
1925,13:21:58,29.6,-0.02,232,686439,卖盘
1926,13:22:01,29.5,-0.1,218,643933,卖盘
1927,13:22:04,29.59,0.09,158,466965,买盘
1928,13:22:07,29.5,-0.09,14,41313,中性盘
1929,13:22:10,29.5,0.0,10,29500,买盘
1930,13:22:13,29.49,-0.01,22,64899,卖盘
1931,13:22:16,29.5,0.01,60,176985,买盘
1932,13:22:19,29.5,0.0,68,200600,卖盘
1933,13:22:22,29.5,0.0,44,129815,卖盘
1934,13:22:25,29.5,0.0,121,356954,卖盘
1935,13:22:28,29.5,0.0,538,1590958,卖盘
1936,13:22:31,29.5,0.0,34,100300,卖盘
1937,13:22:34,29.49,-0.01,103,303815,卖盘
1938,13:22:37,29.48,-0.01,14,41277,卖盘
1939,13:22:40,29.48,0.0,48,141523,卖盘
1940,13:22:43,29.35,-0.13,118,347819,卖盘
1941,13:22:45,29.35,0.0,85,250492,卖盘
1942,13:22:49,29.32,-0.03,19,55766,卖盘
1943,13:22:52,29.4,0.08,68,200208,买盘
1944,13:22:54,29.45,0.05,14,41210,中性盘
1945,13:22:58,29.47,0.02,43,126591,买盘
1946,13:23:01,29.4,-0.07,57,167853,卖盘
1947,13:23:03,29.32,-0.08,28,82189,中性盘
1948,13:23:07,29.32,0.0,33,96756,买盘
1949,13:23:10,29.32,0.0,1,2932,买盘
1950,13:23:13,29.3,-0.02,41,120188,卖盘
1951,13:23:15,29.3,0.0,38,111363,卖盘
1952,13:23:19,29.32,0.02,257,755162,买盘
1953,13:23:21,29.32,0.0,36,105568,卖盘
1954,13:23:24,29.32,0.0,20,58640,卖盘
1955,13:23:28,29.32,0.0,1,2932,卖盘
1956,13:23:31,29.3,-0.02,34,99648,卖盘
1957,13:23:34,29.32,0.02,9,26384,买盘
1958,13:23:37,29.32,0.0,57,167124,卖盘
1959,13:23:39,29.32,0.0,61,178764,买盘
1960,13:23:42,29.32,0.0,3,8796,买盘
1961,13:23:46,29.28,-0.04,111,325200,卖盘
1962,13:23:49,29.31,0.03,26,76048,买盘
1963,13:23:58,29.27,-0.04,1,2927,买盘
1964,13:24:01,29.21,-0.06,4,11690,卖盘
1965,13:24:04,29.2,-0.01,4,11680,中性盘
1966,13:24:06,29.21,0.01,2,5842,中性盘
1967,13:24:10,29.18,-0.03,8,23349,卖盘
1968,13:24:12,29.18,0.0,47,137150,卖盘
1969,13:24:15,29.23,0.05,30,87578,买盘
1970,13:24:18,29.16,-0.07,19,55456,卖盘
1971,13:24:22,29.18,0.02,8,23361,中性盘
1972,13:24:25,29.2,0.02,9,26274,中性盘
1973,13:24:28,29.16,-0.04,15,43768,卖盘
1974,13:24:31,29.24,0.08,114,332918,买盘
1975,13:24:34,29.19,-0.05,2,5838,卖盘
1976,13:24:37,29.19,0.0,19,55463,卖盘
1977,13:24:40,29.18,-0.01,10,29184,卖盘
1978,13:24:42,29.2,0.02,40,116803,卖盘
1979,13:24:45,29.23,0.03,17,49691,买盘
1980,13:24:48,29.23,0.0,11,32132,买盘
1981,13:24:52,29.26,0.03,44,128605,买盘
1982,13:24:55,29.2,-0.06,17,49682,卖盘
1983,13:24:58,29.23,0.03,5,14615,中性盘
1984,13:25:01,29.23,0.0,30,87690,卖盘
1985,13:25:04,29.2,-0.03,7,20444,卖盘
1986,13:25:07,29.24,0.04,10,29238,买盘
1987,13:25:09,29.16,-0.08,66,192636,卖盘
1988,13:25:12,29.2,0.04,83,242234,买盘
1989,13:25:16,29.2,0.0,18,52558,买盘
1990,13:25:19,29.2,0.0,53,154760,卖盘
1991,13:25:22,29.2,0.0,44,128480,卖盘
1992,13:25:25,29.21,0.01,33,96396,买盘
1993,13:25:28,29.16,-0.05,86,251104,卖盘
1994,13:25:31,29.18,0.02,13,37914,买盘
1995,13:25:33,29.16,-0.02,8,23339,卖盘
1996,13:25:40,29.2,0.04,8,23342,买盘
1997,13:25:43,29.16,-0.04,65,189540,卖盘
1998,13:25:46,29.2,0.04,292,852403,买盘
1999,13:25:49,29.16,-0.04,46,134136,中性盘
2000,13:25:52,29.16,0.0,29,84536,买盘
2001,13:25:54,29.13,-0.03,15,43713,卖盘
2002,13:25:57,29.13,0.0,10,29130,卖盘
2003,13:26:01,29.13,0.0,8,23308,卖盘
2004,13:26:04,29.12,-0.01,11,32033,卖盘
2005,13:26:07,29.15,0.03,13,37877,买盘
2006,13:26:10,29.1,-0.05,117,340565,卖盘
2007,13:26:13,29.1,0.0,100,291000,卖盘
2008,13:26:16,29.1,0.0,5,14550,买盘
2009,13:26:18,29.1,0.0,6,17460,买盘
2010,13:26:25,29.1,0.0,6,17460,买盘
2011,13:26:28,29.1,0.0,10,29100,买盘
2012,13:26:31,29.06,-0.04,5,14530,卖盘
2013,13:26:34,29.06,0.0,13,37778,卖盘
2014,13:26:37,29.06,0.0,9,26148,买盘
2015,13:26:43,29.06,0.0,4,11621,买盘
2016,13:26:45,29.04,-0.02,11,31954,卖盘
2017,13:26:49,29.02,-0.02,107,310698,卖盘
2018,13:26:55,29.05,0.03,4,11615,买盘
2019,13:26:57,29.1,0.05,136,395511,买盘
2020,13:27:00,29.01,-0.09,74,214719,卖盘
2021,13:27:04,29.01,0.0,39,113162,卖盘
2022,13:27:07,29.05,0.04,32,92928,买盘
2023,13:27:10,29.03,-0.02,7,20329,卖盘
2024,13:27:13,29.01,-0.02,6,17411,卖盘
2025,13:27:16,29.05,0.04,14,40642,买盘
2026,13:27:18,29.03,-0.02,6,17427,卖盘
2027,13:27:22,29.05,0.02,13,37759,卖盘
2028,13:27:25,29.03,-0.02,3,8709,卖盘
2029,13:27:28,29.05,0.02,1,2905,买盘
2030,13:27:31,29.05,0.0,3,8715,买盘
2031,13:27:34,29.03,-0.02,15,43563,卖盘
2032,13:27:36,29.02,-0.01,12,34824,卖盘
2033,13:27:40,29.03,0.01,6,17418,买盘
2034,13:27:43,29.05,0.02,15,43562,买盘
2035,13:27:46,29.05,0.0,15,43575,卖盘
2036,13:27:49,29.06,0.01,17,49391,买盘
2037,13:27:52,29.1,0.04,45,130798,买盘
2038,13:27:55,29.05,-0.05,5,14525,中性盘
2039,13:27:58,29.1,0.05,5,14550,买盘
2040,13:28:01,29.06,-0.04,4,11624,卖盘
2041,13:28:04,29.05,-0.01,2,5810,买盘
2042,13:28:07,29.03,-0.02,15,43565,卖盘
2043,13:28:10,29.08,0.05,3,8722,买盘
2044,13:28:13,29.06,-0.02,4,11624,卖盘
2045,13:28:16,29.05,-0.01,51,148303,中性盘
2046,13:28:28,29.09,0.04,17,49418,买盘
2047,13:28:31,29.08,-0.01,7,20356,卖盘
2048,13:28:37,29.08,0.0,13,37804,卖盘
2049,13:28:40,29.09,0.01,1,2909,买盘
2050,13:28:42,29.08,-0.01,9,26172,卖盘
2051,13:28:46,29.09,0.01,5,14545,买盘
2052,13:28:48,29.08,-0.01,5,14540,卖盘
2053,13:28:51,29.06,-0.02,13,37780,卖盘
2054,13:28:54,29.06,0.0,19,55214,买盘
2055,13:28:57,29.05,-0.01,14,40674,卖盘
2056,13:29:00,29.08,0.03,46,133738,买盘
2057,13:29:04,29.05,-0.03,2,5810,卖盘
2058,13:29:07,29.05,0.0,20,58095,卖盘
2059,13:29:10,29.1,0.05,250,727270,买盘
2060,13:29:13,29.1,0.0,2,5820,卖盘
2061,13:29:18,29.1,0.0,35,101850,卖盘
2062,13:29:25,29.1,0.0,84,244504,卖盘
2063,13:29:28,29.12,0.02,2,5824,买盘
2064,13:29:31,29.1,-0.02,67,194976,卖盘
2065,13:29:34,29.12,0.02,32,93122,买盘
2066,13:29:37,29.1,-0.02,13,37830,买盘
2067,13:29:39,29.1,0.0,1,2910,买盘
2068,13:29:42,29.1,0.0,35,101814,买盘
2069,13:29:46,29.06,-0.04,9,26170,中性盘
2070,13:29:48,29.09,0.03,35,101719,中性盘
2071,13:29:51,29.1,0.01,18,52379,买盘
2072,13:29:55,29.05,-0.05,30,87213,卖盘
2073,13:29:57,29.1,0.05,1,2910,买盘
2074,13:30:04,29.0,-0.1,196,570555,卖盘
2075,13:30:09,29.06,0.06,4,11624,卖盘
2076,13:30:12,29.0,-0.06,20,56550,卖盘
2077,13:30:25,28.99,-0.01,39,112959,中性盘
2078,13:30:28,29.0,0.01,27,78257,买盘
2079,13:30:33,28.93,-0.07,4,11574,卖盘
2080,13:30:37,28.93,0.0,7,20252,卖盘
2081,13:30:40,28.93,0.0,6,18804,卖盘
2082,13:30:42,28.87,-0.06,20,57775,卖盘
2083,13:30:45,28.9,0.03,2,5780,卖盘
2084,13:30:48,28.81,-0.09,20,57709,卖盘
2085,13:30:55,28.81,0.0,37,106603,卖盘
2086,13:30:58,28.87,0.06,28,80679,买盘
2087,13:31:01,28.87,0.0,30,86562,买盘
2088,13:31:04,28.81,-0.06,6,17291,卖盘
2089,13:31:07,28.87,0.06,5,14435,买盘
2090,13:31:09,28.82,-0.05,22,63389,中性盘
2091,13:31:12,28.82,0.0,9,25938,卖盘
2092,13:31:15,28.82,0.0,7,20174,卖盘
2093,13:31:21,28.83,0.01,8,23079,中性盘
2094,13:31:25,28.86,0.03,5,14430,买盘
2095,13:31:28,28.82,-0.04,6,17295,卖盘
2096,13:31:30,28.83,0.01,1,2883,中性盘
2097,13:31:34,28.83,0.0,16,46128,买盘
2098,13:31:36,28.83,0.0,4,10088,卖盘
2099,13:31:43,28.83,0.0,7,20181,卖盘
2100,13:31:46,28.85,0.02,18,51914,买盘
2101,13:31:49,28.83,-0.02,60,173018,卖盘
2102,13:31:51,28.83,0.0,3,8651,卖盘
2103,13:31:57,28.86,0.03,44,126898,买盘
2104,13:32:00,28.86,0.0,3,8658,买盘
2105,13:32:04,28.86,0.0,17,49044,买盘
2106,13:32:07,28.86,0.0,1,2886,买盘
2107,13:32:09,28.94,0.08,80,231335,买盘
2108,13:32:19,28.95,0.01,2,5790,卖盘
2109,13:32:22,28.97,0.02,5,14485,买盘
2110,13:32:25,28.97,0.0,9,26073,买盘
2111,13:32:28,29.0,0.03,11,31852,买盘
2112,13:32:33,29.0,0.0,250,726432,买盘
2113,13:32:37,29.02,0.02,90,260910,买盘
2114,13:32:40,29.02,0.0,5,14510,卖盘
2115,13:32:43,29.06,0.04,15,43589,买盘
2116,13:32:48,29.06,0.0,1,2906,卖盘
2117,13:32:51,29.0,-0.06,35,100081,卖盘
2118,13:32:54,29.0,0.0,9,26100,买盘
2119,13:32:57,29.0,0.0,33,95700,买盘
2120,13:33:01,29.0,0.0,4,11600,买盘
2121,13:33:09,29.0,0.0,6,17400,买盘
2122,13:33:13,29.0,0.0,30,86950,买盘
2123,13:33:15,29.0,0.0,10,29000,买盘
2124,13:33:19,28.95,-0.05,33,95582,卖盘
2125,13:33:21,29.0,0.05,4,11594,买盘
2126,13:33:24,28.95,-0.05,49,141950,卖盘
2127,13:33:28,28.95,0.0,3,8685,买盘
2128,13:33:34,28.88,-0.07,3,8664,卖盘
2129,13:33:40,28.95,0.07,8,23160,买盘
2130,13:33:43,28.86,-0.09,1,2886,卖盘
2131,13:33:51,28.86,0.0,5,14430,卖盘
2132,13:33:54,28.86,0.0,13,37515,买盘
2133,13:33:58,28.86,0.0,5,14430,买盘
2134,13:34:01,28.86,0.0,3,8658,买盘
2135,13:34:04,28.86,0.0,1,2886,买盘
2136,13:34:07,28.86,0.0,1,2886,买盘
2137,13:34:12,28.86,0.0,7,20202,买盘
2138,13:34:16,28.86,0.0,3,8658,卖盘
2139,13:34:18,28.86,0.0,5,14430,卖盘
2140,13:34:22,28.86,0.0,8,23088,卖盘
2141,13:34:25,28.86,0.0,10,28860,卖盘
2142,13:34:28,28.88,0.02,1,2888,买盘
2143,13:34:31,28.88,0.0,1,2888,买盘
2144,13:34:43,28.88,0.0,35,101294,卖盘
2145,13:34:45,28.88,0.0,9,25992,卖盘
2146,13:34:49,28.88,0.0,30,86640,买盘
2147,13:34:52,28.88,0.0,4,11552,买盘
2148,13:34:55,29.0,0.12,124,360269,买盘
2149,13:34:57,29.02,0.02,2,5804,买盘
2150,13:35:00,29.0,-0.02,10,29000,卖盘
2151,13:35:04,29.0,0.0,1,2900,卖盘
2152,13:35:06,29.0,0.0,34,98600,卖盘
2153,13:35:10,29.0,0.0,41,118900,卖盘
2154,13:35:15,29.0,0.0,20,58039,卖盘
2155,13:35:18,29.0,0.0,43,123250,卖盘
2156,13:35:25,29.0,0.0,7,20300,买盘
2157,13:35:28,28.98,-0.02,1,2898,中性盘
2158,13:35:31,29.0,0.02,20,57990,买盘
2159,13:35:43,29.0,0.0,7,20295,买盘
2160,13:35:46,29.0,0.0,18,52196,买盘
2161,13:35:51,28.95,-0.05,12,34770,卖盘
2162,13:35:54,28.95,0.0,21,60847,卖盘
2163,13:35:58,28.99,0.04,1,2899,买盘
2164,13:36:07,28.98,-0.01,2,5796,买盘
2165,13:36:09,28.89,-0.09,5,14454,卖盘
2166,13:36:22,28.89,0.0,1,2889,卖盘
2167,13:36:25,28.9,0.01,2,5780,买盘
2168,13:36:28,28.89,-0.01,14,40446,卖盘
2169,13:36:31,28.87,-0.02,5,14438,卖盘
2170,13:36:33,28.87,0.0,9,25983,卖盘
2171,13:36:36,28.89,0.02,8,23112,买盘
2172,13:36:40,28.87,-0.02,8,23096,卖盘
2173,13:36:43,28.98,0.11,60,173646,买盘
2174,13:36:46,28.87,-0.11,19,54853,卖盘
2175,13:36:49,28.87,0.0,3,8661,卖盘
2176,13:36:52,28.88,0.01,5,14440,买盘
2177,13:36:57,28.89,0.01,4,11550,买盘
2178,13:37:01,28.86,-0.03,15,43315,卖盘
2179,13:37:04,28.88,0.02,2,5776,卖盘
2180,13:37:07,28.87,-0.01,13,37542,卖盘
2181,13:37:10,28.87,0.0,2,5774,卖盘
2182,13:37:13,28.95,0.08,27,78025,买盘
2183,13:37:19,28.95,0.0,1,2895,卖盘
2184,13:37:24,28.97,0.02,5,14475,买盘
2185,13:37:28,28.97,0.0,5,14485,买盘
2186,13:37:34,28.95,-0.02,7,20265,买盘
2187,13:37:37,28.95,0.0,3,8685,买盘
2188,13:37:45,28.95,0.0,9,26055,买盘
2189,13:38:07,28.92,-0.03,5,14460,买盘
2190,13:38:16,28.92,0.0,19,54948,卖盘
2191,13:38:21,28.92,0.0,53,153276,卖盘
2192,13:38:24,28.94,0.02,3,8682,买盘
2193,13:38:36,28.9,-0.04,2,5782,卖盘
2194,13:38:39,28.88,-0.02,20,57760,卖盘
2195,13:38:46,28.92,0.04,107,309102,买盘
2196,13:38:49,28.92,0.0,1,2892,卖盘
2197,13:38:58,28.92,0.0,37,107008,卖盘
2198,13:39:01,28.93,0.01,6,18799,买盘
2199,13:39:04,28.92,-0.01,7,20244,卖盘
2200,13:39:10,28.93,0.01,1,2893,卖盘
2201,13:39:18,28.88,-0.05,141,406318,卖盘
2202,13:39:28,28.86,-0.02,50,144326,卖盘
2203,13:39:30,28.88,0.02,18,51984,买盘
2204,13:39:37,28.95,0.07,172,498759,买盘
2205,13:39:40,28.95,0.0,5,14475,卖盘
2206,13:39:42,28.86,-0.09,31,89488,卖盘
2207,13:39:54,28.86,0.0,1,2886,卖盘
2208,13:40:01,28.94,0.08,1,2894,买盘
2209,13:40:07,28.86,-0.08,11,31746,卖盘
2210,13:40:09,28.88,0.02,5,14440,买盘
2211,13:40:13,28.88,0.0,22,63536,卖盘
2212,13:40:18,28.88,0.0,1,2888,卖盘
2213,13:40:28,28.88,0.0,15,43320,卖盘
2214,13:40:31,28.86,-0.02,133,384045,卖盘
2215,13:40:37,28.89,0.03,9,24556,卖盘
2216,13:40:40,28.86,-0.03,3,8666,买盘
2217,13:40:45,28.93,0.07,3,8679,买盘
2218,13:40:51,28.91,-0.02,1,2891,卖盘
2219,13:41:01,28.88,-0.03,1,2888,卖盘
2220,13:41:04,28.89,0.01,1,2889,买盘
2221,13:41:10,28.89,0.0,3,8667,买盘
2222,13:41:12,29.0,0.11,500,1448592,买盘
2223,13:41:16,29.0,0.0,2,5800,卖盘
2224,13:41:18,28.94,-0.06,2,5788,买盘
2225,13:41:22,28.89,-0.05,18,52002,卖盘
2226,13:41:33,28.94,0.05,11,31834,买盘
2227,13:41:46,28.95,0.01,3,8685,买盘
2228,13:41:49,28.95,0.0,1,2895,买盘
2229,13:41:51,29.0,0.05,33,95620,买盘
2230,13:41:57,29.0,0.0,1,4350,卖盘
2231,13:42:04,29.02,0.02,6,17412,买盘
2232,13:42:07,29.0,-0.02,2,5800,卖盘
2233,13:42:12,29.0,0.0,11,30450,卖盘
2234,13:42:16,29.0,0.0,8,23200,买盘
2235,13:42:19,29.02,0.02,57,165396,买盘
2236,13:42:22,28.99,-0.03,2,5798,买盘
2237,13:42:25,28.99,0.0,2,5798,买盘
2238,13:42:31,28.98,-0.01,1,2898,买盘
2239,13:42:33,28.98,0.0,21,60858,买盘
2240,13:42:36,28.98,0.0,7,20286,买盘
2241,13:42:39,28.98,0.0,1,2898,买盘
2242,13:42:42,28.98,0.0,2,5794,买盘
2243,13:42:49,28.96,-0.02,4,11584,卖盘
2244,13:42:52,28.96,0.0,10,28960,买盘
2245,13:42:55,28.95,-0.01,9,26055,卖盘
2246,13:42:58,28.95,0.0,63,182385,卖盘
2247,13:43:01,28.95,0.0,3,8685,买盘
2248,13:43:04,28.95,0.0,6,17367,买盘
2249,13:43:06,28.94,-0.01,53,153382,卖盘
2250,13:43:09,28.95,0.01,3,8685,买盘
2251,13:43:13,28.95,0.0,48,138960,买盘
2252,13:43:16,28.94,-0.01,6,17364,卖盘
2253,13:43:28,28.9,-0.04,6,17340,卖盘
2254,13:43:30,28.9,0.0,5,14450,买盘
2255,13:43:39,28.9,0.0,6,17339,买盘
2256,13:43:43,28.89,-0.01,1,2889,卖盘
2257,13:43:48,28.88,-0.01,31,89553,卖盘
2258,13:43:51,28.88,0.0,4,11552,卖盘
2259,13:43:54,28.89,0.01,10,28883,中性盘
2260,13:43:57,28.89,0.0,2,5778,卖盘
2261,13:44:01,28.88,-0.01,7,20216,中性盘
2262,13:44:04,28.86,-0.02,17,49074,卖盘
2263,13:44:10,28.88,0.02,12,34656,买盘
2264,13:44:12,28.88,0.0,23,66424,卖盘
2265,13:44:19,28.89,0.01,15,43335,买盘
2266,13:44:22,28.94,0.05,74,213971,买盘
2267,13:44:28,28.94,0.0,50,144700,卖盘
2268,13:44:31,28.95,0.01,5,14475,买盘
2269,13:44:34,28.95,0.0,17,49215,买盘
2270,13:44:37,28.94,-0.01,7,20258,卖盘
2271,13:44:39,28.95,0.01,11,31845,买盘
2272,13:44:43,28.95,0.0,14,41972,买盘
2273,13:44:46,28.94,-0.01,10,28948,卖盘
2274,13:44:48,28.94,0.0,26,75248,卖盘
2275,13:44:51,28.96,0.02,3,8688,买盘
2276,13:44:55,28.94,-0.02,2,5788,卖盘
2277,13:45:00,28.94,0.0,7,20258,卖盘
2278,13:45:06,28.95,0.01,1,2895,买盘
2279,13:45:10,28.94,-0.01,11,31838,卖盘
2280,13:45:18,28.95,0.01,5,14475,卖盘
2281,13:45:25,28.96,0.01,10,28955,买盘
2282,13:45:28,28.95,-0.01,3,8685,卖盘
2283,13:45:34,28.95,0.0,23,66591,卖盘
2284,13:45:42,28.95,0.0,4,11582,卖盘
2285,13:45:46,28.95,0.0,4,11580,买盘
2286,13:45:55,28.98,0.03,11,31878,买盘
2287,13:46:01,28.98,0.0,9,26082,卖盘
2288,13:46:06,28.99,0.01,5,14493,买盘
2289,13:46:12,28.96,-0.03,17,49233,卖盘
2290,13:46:18,28.96,0.0,3,8688,买盘
2291,13:46:27,28.96,0.0,15,43430,买盘
2292,13:46:31,28.96,0.0,12,34752,买盘
2293,13:46:33,28.95,-0.01,37,107115,卖盘
2294,13:46:36,28.95,0.0,34,98430,买盘
2295,13:46:48,28.88,-0.07,132,380543,卖盘
2296,13:46:51,28.88,0.0,4,11552,卖盘
2297,13:47:04,28.93,0.05,16,46213,买盘
2298,13:47:06,28.88,-0.05,1,2888,卖盘
2299,13:47:18,28.88,0.0,9,25992,卖盘
2300,13:47:21,28.88,0.0,1,2888,买盘
2301,13:47:28,28.87,-0.01,5,14435,卖盘
2302,13:47:37,28.87,0.0,1,2887,卖盘
2303,13:47:40,28.87,0.0,8,23096,买盘
2304,13:47:43,28.87,0.0,11,31757,卖盘
2305,13:47:46,28.86,-0.01,40,115471,卖盘
2306,13:47:52,28.95,0.09,478,1384356,买盘
2307,13:47:55,28.95,0.0,33,95535,卖盘
2308,13:47:58,28.87,-0.08,10,27478,卖盘
2309,13:48:04,28.87,0.0,8,24532,卖盘
2310,13:48:21,28.87,0.0,36,102488,卖盘
2311,13:48:28,28.87,0.0,5,14435,买盘
2312,13:48:30,28.87,0.0,5,14435,买盘
2313,13:48:36,28.86,-0.01,10,28860,卖盘
2314,13:48:39,28.86,0.0,6,17317,卖盘
2315,13:48:43,28.87,0.01,7,20209,买盘
2316,13:48:46,28.86,-0.01,3,8658,卖盘
2317,13:48:52,28.87,0.01,10,28870,买盘
2318,13:48:54,28.86,-0.01,10,28860,卖盘
2319,13:49:00,28.86,0.0,2,5772,卖盘
2320,13:49:10,28.86,0.0,15,43278,买盘
2321,13:49:13,28.85,-0.01,5,14427,卖盘
2322,13:49:24,28.85,0.0,32,92363,卖盘
2323,13:49:34,28.85,0.0,1,2885,买盘
2324,13:49:37,28.85,0.0,7,20195,买盘
2325,13:49:40,28.85,0.0,4,11540,买盘
2326,13:49:43,28.83,-0.02,70,203266,卖盘
2327,13:49:48,28.83,0.0,13,37479,买盘
2328,13:49:55,28.83,0.0,17,47560,买盘
2329,13:49:58,28.82,-0.01,18,53326,卖盘
2330,13:50:10,28.8,-0.02,11,31691,卖盘
2331,13:50:15,28.8,0.0,24,69120,卖盘
2332,13:50:22,28.71,-0.09,10,28735,卖盘
2333,13:50:25,28.8,0.09,2,5760,买盘
2334,13:50:31,28.71,-0.09,5,14355,卖盘
2335,13:50:34,28.66,-0.05,29,83206,卖盘
2336,13:50:40,28.66,0.0,3,8598,买盘
2337,13:50:46,28.63,-0.03,4,11452,卖盘
2338,13:50:48,28.63,0.0,11,31493,卖盘
2339,13:50:52,28.63,0.0,5,14315,买盘
2340,13:50:55,28.6,-0.03,19,54353,卖盘
2341,13:51:01,28.6,0.0,5,14302,卖盘
2342,13:51:04,28.6,0.0,8,22880,卖盘
2343,13:51:06,28.6,0.0,23,65780,卖盘
2344,13:51:09,28.62,0.02,13,37192,买盘
2345,13:51:13,28.62,0.0,15,42930,买盘
2346,13:51:15,28.6,-0.02,6,17170,卖盘
2347,13:51:19,28.6,0.0,2,5720,卖盘
2348,13:51:21,28.63,0.03,43,123040,买盘
2349,13:51:25,28.63,0.0,1,2863,卖盘
2350,13:51:31,28.63,0.0,1,2863,卖盘
2351,13:51:34,28.66,0.03,42,120367,买盘
2352,13:51:37,28.66,0.0,2,5732,卖盘
2353,13:51:39,28.63,-0.03,28,80197,卖盘
2354,13:51:42,28.63,0.0,18,51534,买盘
2355,13:51:46,28.63,0.0,3,8589,买盘
2356,13:51:49,28.71,0.08,18,51646,买盘
2357,13:51:58,28.67,-0.04,10,28700,卖盘
2358,13:52:01,28.78,0.11,6,17268,买盘
2359,13:52:04,28.78,0.0,4,11512,卖盘
2360,13:52:13,28.8,0.02,23,66181,买盘
2361,13:52:15,28.8,0.0,81,233192,买盘
2362,13:52:18,28.8,0.0,7,20160,卖盘
2363,13:52:24,28.8,0.0,5,14400,卖盘
2364,13:52:27,28.81,0.01,5,14405,买盘
2365,13:52:31,28.81,0.0,18,51858,卖盘
2366,13:52:34,28.82,0.01,9,25936,买盘
2367,13:52:40,28.82,0.0,7,18730,买盘
2368,13:52:43,28.81,-0.01,122,351892,卖盘
2369,13:52:46,28.82,0.01,5,14410,中性盘
2370,13:52:49,28.82,0.0,7,20174,卖盘
2371,13:52:58,28.88,0.06,7,20195,买盘
2372,13:53:01,28.83,-0.05,2,5766,中性盘
2373,13:53:06,28.84,0.01,3,8652,卖盘
2374,13:53:13,28.88,0.04,10,28873,买盘
2375,13:53:16,28.84,-0.04,5,14420,卖盘
2376,13:53:19,28.84,0.0,20,57680,卖盘
2377,13:53:25,28.85,0.01,28,80778,买盘
2378,13:53:30,28.83,-0.02,3,8649,卖盘
2379,13:53:34,28.82,-0.01,7,20181,卖盘
2380,13:53:49,28.82,0.0,35,100870,卖盘
2381,13:54:04,28.81,-0.01,8,23048,卖盘
2382,13:54:10,28.8,-0.01,11,31680,卖盘
2383,13:54:16,28.81,0.01,2,5761,买盘
2384,13:54:19,28.8,-0.01,9,25920,卖盘
2385,13:54:21,28.81,0.01,33,95083,买盘
2386,13:54:28,28.81,0.0,20,57620,卖盘
2387,13:54:31,28.82,0.01,7,20169,买盘
2388,13:54:34,28.81,-0.01,1,2881,卖盘
2389,13:54:36,28.81,0.0,22,63383,卖盘
2390,13:54:39,28.82,0.01,2,5764,买盘
2391,13:54:43,28.82,0.0,15,43225,买盘
2392,13:54:46,28.82,0.0,5,14410,买盘
2393,13:54:49,28.82,0.0,10,28820,买盘
2394,13:54:52,28.82,0.0,6,17292,买盘
2395,13:54:55,28.82,0.0,11,31702,卖盘
2396,13:55:01,28.83,0.01,6,17293,买盘
2397,13:55:07,28.83,0.0,111,319836,买盘
2398,13:55:13,28.83,0.0,9,25941,买盘
2399,13:55:22,28.81,-0.02,1,2881,卖盘
2400,13:55:25,28.81,0.0,1,2881,卖盘
2401,13:55:28,28.83,0.02,16,46108,买盘
2402,13:55:31,28.81,-0.02,5,14405,卖盘
2403,13:55:33,28.82,0.01,18,51861,买盘
2404,13:55:39,28.82,0.0,7,20172,买盘
2405,13:55:45,28.82,0.0,12,34584,买盘
2406,13:55:49,28.82,0.0,6,17292,卖盘
2407,13:55:52,28.82,0.0,11,31702,卖盘
2408,13:55:55,28.82,0.0,50,144100,卖盘
2409,13:55:58,28.83,0.01,1,2883,买盘
2410,13:56:01,28.83,0.0,1,2883,买盘
2411,13:56:04,28.82,-0.01,5,14410,卖盘
2412,13:56:16,28.82,0.0,3,8646,卖盘
2413,13:56:18,28.82,0.0,7,20174,卖盘
2414,13:56:21,28.82,0.0,2,5764,卖盘
2415,13:56:28,28.82,0.0,14,40348,卖盘
2416,13:56:31,28.82,0.0,2,5764,卖盘
2417,13:56:40,28.82,0.0,2,5764,买盘
2418,13:56:45,28.83,0.01,10,28823,买盘
2419,13:56:48,28.82,-0.01,8,23056,中性盘
2420,13:56:51,28.81,-0.01,13,37461,卖盘
2421,13:56:58,28.81,0.0,12,34572,卖盘
2422,13:57:10,28.81,0.0,2,5762,卖盘
2423,13:57:12,28.82,0.01,9,25935,买盘
2424,13:57:15,28.81,-0.01,13,37465,卖盘
2425,13:57:19,28.81,0.0,150,432150,卖盘
2426,13:57:22,28.82,0.01,19,54758,买盘
2427,13:57:27,28.82,0.0,13,37466,卖盘
2428,13:57:33,28.82,0.0,7,20174,卖盘
2429,13:57:40,28.82,0.0,12,34584,卖盘
2430,13:57:52,28.81,-0.01,14,40334,卖盘
2431,13:57:55,28.81,0.0,9,25929,卖盘
2432,13:58:07,28.8,-0.01,5,14400,卖盘
2433,13:58:12,28.8,0.0,6,17280,卖盘
2434,13:58:22,28.8,0.0,11,33149,卖盘
2435,13:58:39,28.78,-0.02,12,34536,卖盘
2436,13:58:46,28.8,0.02,4,11518,买盘
2437,13:58:49,28.78,-0.02,4,11512,卖盘
2438,13:58:57,28.8,0.02,4,11520,买盘
2439,13:59:01,28.78,-0.02,9,25902,卖盘
2440,13:59:04,28.78,0.0,2,5756,卖盘
2441,13:59:16,28.78,0.0,11,31658,买盘
2442,13:59:27,28.78,0.0,7,20146,买盘
2443,13:59:33,28.8,0.02,4,11520,买盘
2444,13:59:37,28.8,0.0,3,8638,买盘
2445,13:59:43,28.8,0.0,13,37424,买盘
2446,13:59:45,28.78,-0.02,1,2878,卖盘
2447,13:59:49,28.8,0.02,15,43196,买盘
2448,13:59:54,28.8,0.0,4,11516,买盘
2449,13:59:58,28.75,-0.05,31,89215,卖盘
2450,14:00:00,28.75,0.0,3,8625,买盘
2451,14:00:04,28.78,0.03,10,28753,买盘
2452,14:00:16,28.71,-0.07,27,77566,卖盘
2453,14:00:25,28.72,0.01,9,25848,卖盘
2454,14:00:37,28.73,0.01,1,2873,卖盘
2455,14:00:46,28.73,0.0,7,20111,卖盘
2456,14:00:48,28.72,-0.01,1,2872,买盘
2457,14:00:57,28.71,-0.01,1,1436,卖盘
2458,14:01:04,28.73,0.02,2,5746,买盘
2459,14:01:10,28.72,-0.01,2,5744,中性盘
2460,14:01:22,28.71,-0.01,40,114851,卖盘
2461,14:01:24,28.71,0.0,1,2871,卖盘
2462,14:01:30,28.72,0.01,48,137856,买盘
2463,14:01:34,28.72,0.0,13,37340,卖盘
2464,14:01:36,28.72,0.0,1,2872,卖盘
2465,14:01:46,28.71,-0.01,8,22968,卖盘
2466,14:01:48,28.71,0.0,4,12920,卖盘
2467,14:01:51,28.71,0.0,2,5742,买盘
2468,14:01:55,28.71,0.0,20,57420,买盘
2469,14:02:01,28.7,-0.01,6,17220,卖盘
2470,14:02:04,28.7,0.0,45,129150,卖盘
2471,14:02:06,28.7,0.0,4,11480,买盘
2472,14:02:10,28.7,0.0,8,22960,买盘
2473,14:02:13,28.71,0.01,15,43059,买盘
2474,14:02:19,28.71,0.0,5,14343,买盘
2475,14:02:27,28.71,0.0,2,4306,卖盘
2476,14:02:33,28.72,0.01,10,28720,买盘
2477,14:02:36,28.71,-0.01,7,20097,卖盘
2478,14:02:46,28.71,0.0,5,14355,卖盘
2479,14:02:48,28.7,-0.01,1,4306,买盘
2480,14:03:04,28.69,-0.01,10,28690,卖盘
2481,14:03:10,28.71,0.02,5,12916,买盘
2482,14:03:21,28.7,-0.01,7,20090,卖盘
2483,14:03:25,28.7,0.0,2,5741,卖盘
2484,14:03:28,28.71,0.01,5,14355,买盘
2485,14:03:33,28.7,-0.01,18,51670,卖盘
2486,14:04:00,28.73,0.03,8,22980,买盘
2487,14:04:12,28.73,0.0,11,31603,买盘
2488,14:04:19,28.73,0.0,5,14365,卖盘
2489,14:04:49,28.75,0.02,1,2875,卖盘
2490,14:04:52,28.76,0.01,1,2876,买盘
2491,14:04:55,28.76,0.0,4,11504,买盘
2492,14:05:01,28.77,0.01,10,28770,买盘
2493,14:05:04,28.78,0.01,14,40292,买盘
2494,14:05:10,28.77,-0.01,27,77689,卖盘
2495,14:05:13,28.77,0.0,5,14385,卖盘
2496,14:05:16,28.8,0.03,50,144000,买盘
2497,14:05:22,28.8,0.0,9,25920,买盘
2498,14:05:25,28.8,0.0,20,59011,买盘
2499,14:05:28,28.8,0.0,1,2880,买盘
2500,14:05:40,28.81,0.01,2,5762,买盘
2501,14:05:43,28.81,0.0,3,8643,买盘
2502,14:05:55,28.82,0.01,6,17292,买盘
2503,14:05:58,28.82,0.0,2,5764,买盘
2504,14:06:01,28.82,0.0,2,5764,买盘
2505,14:06:04,28.81,-0.01,5,14409,卖盘
2506,14:06:10,28.83,0.02,10,28830,买盘
2507,14:06:13,28.83,0.0,13,37479,买盘
2508,14:06:16,28.83,0.0,1,2883,买盘
2509,14:06:22,28.83,0.0,3,8649,卖盘
2510,14:06:25,28.84,0.01,12,34593,买盘
2511,14:06:28,28.84,0.0,1,2884,卖盘
2512,14:06:31,28.85,0.01,26,75010,买盘
2513,14:06:34,28.85,0.0,15,43275,买盘
2514,14:06:37,28.85,0.0,1,2885,卖盘
2515,14:06:40,28.85,0.0,4,11540,卖盘
2516,14:06:52,28.85,0.0,8,23088,卖盘
2517,14:07:01,28.87,0.02,5,14435,买盘
2518,14:07:04,28.85,-0.02,9,25979,卖盘
2519,14:07:07,28.88,0.03,3,8662,买盘
2520,14:07:10,28.85,-0.03,6,17310,卖盘
2521,14:07:13,28.88,0.03,4,11552,买盘
2522,14:07:16,28.85,-0.03,27,77905,卖盘
2523,14:07:19,28.85,0.0,6,17310,卖盘
2524,14:07:28,28.85,0.0,2,5770,买盘
2525,14:07:31,28.85,0.0,20,57700,买盘
2526,14:07:37,28.85,0.0,8,23080,买盘
2527,14:07:39,28.84,-0.01,27,77872,卖盘
2528,14:07:46,28.84,0.0,44,126911,买盘
2529,14:07:48,28.83,-0.01,2,5766,卖盘
2530,14:07:57,28.84,0.01,10,28831,买盘
2531,14:08:07,28.83,-0.01,1,2883,买盘
2532,14:08:24,28.83,0.0,1,2883,卖盘
2533,14:08:34,28.83,0.0,30,86493,卖盘
2534,14:08:37,28.84,0.01,1,2884,买盘
2535,14:08:39,28.84,0.0,27,77865,买盘
2536,14:08:49,28.83,-0.01,10,28830,卖盘
2537,14:08:52,28.83,0.0,3,8649,卖盘
2538,14:09:01,28.82,-0.01,13,37467,卖盘
2539,14:09:10,28.82,0.0,4,11528,卖盘
2540,14:09:13,28.83,0.01,69,198858,买盘
2541,14:09:21,28.82,-0.01,5,14410,卖盘
2542,14:09:25,28.81,-0.01,10,28810,卖盘
2543,14:09:33,28.81,0.0,1,2881,卖盘
2544,14:09:36,28.81,0.0,9,25929,买盘
2545,14:09:39,28.84,0.03,27,77867,买盘
2546,14:09:42,28.84,0.0,8,23072,卖盘
2547,14:09:54,28.85,0.01,8,23080,买盘
2548,14:09:58,28.84,-0.01,5,14420,卖盘
2549,14:10:01,28.84,0.0,70,201890,卖盘
2550,14:10:04,28.85,0.01,7,20195,买盘
2551,14:10:10,28.84,-0.01,9,25956,卖盘
2552,14:10:13,28.85,0.01,5,14425,买盘
2553,14:10:22,28.85,0.0,5,14425,卖盘
2554,14:10:25,28.85,0.0,4,11540,卖盘
2555,14:10:28,28.86,0.01,3,8658,买盘
2556,14:10:37,28.86,0.0,5,14430,买盘
2557,14:10:40,28.86,0.0,2,5772,买盘
2558,14:10:52,28.86,0.0,3,8658,卖盘
2559,14:10:54,28.86,0.0,10,28862,卖盘
2560,14:10:57,28.86,0.0,8,23088,买盘
2561,14:11:01,28.87,0.01,14,40417,买盘
2562,14:11:13,28.88,0.01,6,17328,买盘
2563,14:11:16,28.88,0.0,7,20215,买盘
2564,14:11:18,28.87,-0.01,15,43305,卖盘
2565,14:11:21,28.88,0.01,11,31768,买盘
2566,14:11:30,28.88,0.0,10,28880,卖盘
2567,14:11:34,28.88,0.0,6,17338,卖盘
2568,14:11:43,28.9,0.02,3,8670,买盘
2569,14:11:49,28.87,-0.03,71,204981,卖盘
2570,14:11:57,28.87,0.0,2,5774,买盘
2571,14:12:00,28.87,0.0,5,14435,买盘
2572,14:12:16,28.87,0.0,1,2887,买盘
2573,14:12:18,28.85,-0.02,9,25965,卖盘
2574,14:12:21,28.87,0.02,16,46192,买盘
2575,14:12:31,28.85,-0.02,5,14425,卖盘
2576,14:12:46,28.85,0.0,39,112515,卖盘
2577,14:12:52,28.85,0.0,1,2885,卖盘
2578,14:12:55,28.85,0.0,8,23080,卖盘
2579,14:12:58,28.85,0.0,1,2885,卖盘
2580,14:13:04,28.85,0.0,6,17310,买盘
2581,14:13:07,28.85,0.0,1,2885,买盘
2582,14:13:13,28.85,0.0,15,43263,买盘
2583,14:13:16,28.84,-0.01,5,14420,卖盘
2584,14:13:27,28.81,-0.03,16,46096,卖盘
2585,14:13:34,28.8,-0.01,26,74884,卖盘
2586,14:13:46,28.8,0.0,7,18749,卖盘
2587,14:13:55,28.79,-0.01,3,8637,卖盘
2588,14:14:10,28.78,-0.01,3,8634,卖盘
2589,14:14:55,28.75,-0.03,5,14375,卖盘
2590,14:14:58,28.78,0.03,2,5756,买盘
2591,14:15:04,28.78,0.0,77,221579,买盘
2592,14:15:13,28.78,0.0,10,28780,卖盘
2593,14:15:21,28.78,0.0,5,14390,卖盘
2594,14:15:37,28.75,-0.03,1,2875,卖盘
2595,14:15:40,28.75,0.0,1,2875,卖盘
2596,14:15:49,28.73,-0.02,3,8619,卖盘
2597,14:16:01,28.71,-0.02,12,34460,卖盘
2598,14:16:13,28.71,0.0,19,54549,卖盘
2599,14:16:19,28.71,0.0,11,31581,买盘
2600,14:16:22,28.71,0.0,6,17226,卖盘
2601,14:16:27,28.69,-0.02,40,114782,卖盘
2602,14:16:31,28.71,0.02,2,5742,买盘
2603,14:16:34,28.71,0.0,25,71780,卖盘
2604,14:16:45,28.71,0.0,9,25839,卖盘
2605,14:16:52,28.72,0.01,3,8616,买盘
2606,14:16:54,28.71,-0.01,41,119135,卖盘
2607,14:17:25,28.72,0.01,30,86168,卖盘
2608,14:17:43,28.73,0.01,7,20127,卖盘
2609,14:17:45,28.75,0.02,1,2875,中性盘
2610,14:17:51,28.77,0.02,2,5754,买盘
2611,14:17:55,28.72,-0.05,30,86198,卖盘
2612,14:17:57,28.75,0.03,13,37375,中性盘
2613,14:18:04,28.75,0.0,8,23000,买盘
2614,14:18:10,28.75,0.0,12,34508,买盘
2615,14:18:33,28.75,0.0,2,5750,卖盘
2616,14:18:39,28.75,0.0,9,25875,卖盘
2617,14:18:45,28.8,0.05,13,37420,买盘
2618,14:18:48,28.77,-0.03,8,23016,卖盘
2619,14:19:12,28.77,0.0,5,14385,卖盘
2620,14:19:19,28.77,0.0,23,66171,卖盘
2621,14:19:21,28.78,0.01,2,5756,买盘
2622,14:19:28,28.77,-0.01,18,51786,卖盘
2623,14:19:37,28.77,0.0,20,57540,卖盘
2624,14:19:49,28.74,-0.03,3,8622,卖盘
2625,14:19:51,28.75,0.01,2,5750,卖盘
2626,14:20:01,28.74,-0.01,3,8623,卖盘
2627,14:20:13,28.71,-0.03,31,89044,卖盘
2628,14:20:24,28.71,0.0,1,2871,卖盘
2629,14:20:31,28.71,0.0,5,14355,卖盘
2630,14:20:34,28.71,0.0,1,2871,卖盘
2631,14:20:37,28.71,0.0,21,58884,卖盘
2632,14:20:43,28.71,0.0,24,68904,买盘
2633,14:20:52,28.7,-0.01,13,37310,卖盘
2634,14:20:55,28.71,0.01,11,31571,买盘
2635,14:21:04,28.7,-0.01,12,34437,买盘
2636,14:21:09,28.68,-0.02,10,28680,卖盘
2637,14:21:12,28.68,0.0,12,34416,卖盘
2638,14:21:22,28.67,-0.01,28,80278,卖盘
2639,14:21:25,28.67,0.0,1,2867,卖盘
2640,14:21:28,28.67,0.0,3,8601,卖盘
2641,14:21:34,28.65,-0.02,12,34380,卖盘
2642,14:21:37,28.65,0.0,39,111735,卖盘
2643,14:21:43,28.65,0.0,1,2865,买盘
2644,14:21:46,28.62,-0.03,15,42945,卖盘
2645,14:21:55,28.6,-0.02,33,94385,卖盘
2646,14:22:01,28.6,0.0,7,20020,卖盘
2647,14:22:04,28.59,-0.01,3,8577,买盘
2648,14:22:10,28.58,-0.01,39,111462,卖盘
2649,14:22:19,28.52,-0.06,110,313724,卖盘
2650,14:22:25,28.51,-0.01,3,8553,卖盘
2651,14:22:28,28.51,0.0,2,5702,卖盘
2652,14:22:30,28.5,-0.01,25,71250,卖盘
2653,14:22:34,28.51,0.01,2,5702,中性盘
2654,14:22:36,28.5,-0.01,34,96902,卖盘
2655,14:22:46,28.5,0.0,11,31350,买盘
2656,14:22:49,28.5,0.0,2,5700,买盘
2657,14:22:51,28.45,-0.05,2,5690,卖盘
2658,14:22:54,28.45,0.0,3,8535,卖盘
2659,14:22:58,28.45,0.0,13,37015,买盘
2660,14:23:01,28.44,-0.01,17,48360,卖盘
2661,14:23:04,28.45,0.01,20,56888,买盘
2662,14:23:10,28.44,-0.01,10,28445,卖盘
2663,14:23:12,28.43,-0.01,34,96733,卖盘
2664,14:23:19,28.45,0.02,20,56904,卖盘
2665,14:23:25,28.45,0.0,3,8535,买盘
2666,14:23:28,28.44,-0.01,8,22752,卖盘
2667,14:23:31,28.44,0.0,16,45504,买盘
2668,14:23:33,28.43,-0.01,35,99526,卖盘
2669,14:23:36,28.45,0.02,1,2845,买盘
2670,14:23:39,28.45,0.0,9,25597,买盘
2671,14:23:42,28.45,0.0,8,22760,买盘
2672,14:24:01,28.49,0.04,21,59749,买盘
2673,14:24:04,28.46,-0.03,6,17087,卖盘
2674,14:24:10,28.48,0.02,3,8544,买盘
2675,14:24:22,28.48,0.0,1,2848,买盘
2676,14:24:25,28.48,0.0,2,5696,买盘
2677,14:24:34,28.5,0.02,10,28500,买盘
2678,14:24:40,28.5,0.0,13,37030,买盘
2679,14:24:43,28.5,0.0,5,14246,买盘
2680,14:24:45,28.5,0.0,3,8550,买盘
2681,14:24:49,28.5,0.0,3,8550,买盘
2682,14:24:51,28.5,0.0,3,10602,买盘
2683,14:25:01,28.5,0.0,3,8550,卖盘
2684,14:25:06,28.5,0.0,22,62713,卖盘
2685,14:25:09,28.5,0.0,15,41296,卖盘
2686,14:25:16,28.5,0.0,17,48466,卖盘
2687,14:25:21,28.51,0.01,3,8553,买盘
2688,14:25:24,28.51,0.0,4,11404,买盘
2689,14:25:28,28.51,0.0,11,31361,买盘
2690,14:25:31,28.51,0.0,6,17106,买盘
2691,14:25:33,28.51,0.0,3,8553,买盘
2692,14:25:36,28.51,0.0,8,22808,买盘
2693,14:25:46,28.53,0.02,5,14265,买盘
2694,14:26:01,28.55,0.02,1,2855,买盘
2695,14:26:04,28.54,-0.01,46,131284,卖盘
2696,14:26:06,28.54,0.0,5,14270,买盘
2697,14:26:10,28.54,0.0,5,14270,买盘
2698,14:26:16,28.54,0.0,3,8561,买盘
2699,14:26:22,28.55,0.02,5,14273,买盘
2700,14:26:25,28.51,-0.04,50,142593,卖盘
2701,14:26:31,28.5,-0.01,36,102618,卖盘
2702,14:26:37,28.51,0.01,3,8553,中性盘
2703,14:26:40,28.51,0.0,19,54169,卖盘
2704,14:26:46,28.53,0.02,3,8559,买盘
2705,14:26:49,28.51,-0.02,3,8553,卖盘
2706,14:26:52,28.52,0.01,12,34224,中性盘
2707,14:26:55,28.51,-0.01,5,14255,卖盘
2708,14:26:57,28.52,0.01,6,17112,买盘
2709,14:27:01,28.51,-0.01,6,17106,卖盘
2710,14:27:04,28.51,0.0,25,71275,卖盘
2711,14:27:06,28.51,0.0,12,34212,买盘
2712,14:27:09,28.51,0.0,5,14255,买盘
2713,14:27:12,28.51,0.0,2,5702,买盘
2714,14:27:16,28.51,0.0,17,48465,买盘
2715,14:27:19,28.5,-0.01,19,54153,卖盘
2716,14:27:22,28.5,0.0,35,99760,卖盘
2717,14:27:25,28.5,0.0,51,143326,卖盘
2718,14:27:28,28.48,-0.02,17,48427,卖盘
2719,14:27:30,28.5,0.02,1,2850,买盘
2720,14:27:33,28.5,0.0,12,34200,买盘
2721,14:27:37,28.49,-0.01,2,5698,中性盘
2722,14:27:40,28.47,-0.02,35,99678,卖盘
2723,14:27:52,28.47,0.0,2,5694,买盘
2724,14:27:58,28.46,-0.01,17,48382,卖盘
2725,14:28:00,28.46,0.0,6,17076,卖盘
2726,14:28:04,28.46,0.0,13,37003,卖盘
2727,14:28:06,28.46,0.0,4,11384,买盘
2728,14:28:09,28.45,-0.01,3,8535,卖盘
2729,14:28:13,28.46,0.01,1,2846,买盘
2730,14:28:16,28.45,-0.01,1,2845,卖盘
2731,14:28:22,28.46,0.01,5,14230,买盘
2732,14:28:24,28.46,0.0,32,91072,买盘
2733,14:28:27,28.45,-0.01,29,82505,卖盘
2734,14:28:30,28.43,-0.02,1,2843,卖盘
2735,14:28:33,28.45,0.02,1,2845,买盘
2736,14:28:37,28.45,0.0,49,139405,买盘
2737,14:28:42,28.43,-0.02,18,51176,卖盘
2738,14:28:45,28.43,0.0,13,36959,买盘
2739,14:28:52,28.43,0.0,16,45481,买盘
2740,14:28:55,28.42,-0.01,37,105186,卖盘
2741,14:28:58,28.42,0.0,20,56840,卖盘
2742,14:29:04,28.42,0.0,10,28420,买盘
2743,14:29:09,28.41,-0.01,28,79548,卖盘
2744,14:29:12,28.4,-0.01,10,28400,卖盘
2745,14:29:16,28.41,0.01,14,39772,买盘
2746,14:29:21,28.41,0.0,1,2841,买盘
2747,14:29:31,28.38,-0.03,17,48262,卖盘
2748,14:29:34,28.4,0.02,2,5680,买盘
2749,14:29:36,28.4,0.0,2,5680,买盘
2750,14:29:39,28.4,0.0,2,5680,卖盘
2751,14:29:42,28.39,-0.01,23,65297,卖盘
2752,14:29:46,28.39,0.0,20,56780,卖盘
2753,14:29:49,28.4,0.01,1,2840,买盘
2754,14:29:52,28.39,-0.01,1,2839,卖盘
2755,14:29:55,28.39,0.0,5,14195,卖盘
2756,14:29:58,28.39,0.0,2,5678,卖盘
2757,14:30:01,28.38,-0.01,10,28386,卖盘
2758,14:30:04,28.38,0.0,37,105027,卖盘
2759,14:30:10,28.4,0.02,12,34079,买盘
2760,14:30:13,28.37,-0.03,20,56756,卖盘
2761,14:30:16,28.39,0.02,9,25545,买盘
2762,14:30:22,28.38,-0.01,18,51084,买盘
2763,14:30:25,28.38,0.0,24,68103,买盘
2764,14:30:28,28.38,0.0,8,22704,卖盘
2765,14:30:30,28.37,-0.01,6,17027,卖盘
2766,14:30:33,28.39,0.02,5,14193,买盘
2767,14:30:46,28.37,-0.02,40,113480,卖盘
2768,14:30:49,28.38,0.01,3,8514,买盘
2769,14:30:52,28.38,0.0,27,76605,买盘
2770,14:30:55,28.38,0.0,4,11352,买盘
2771,14:31:00,28.38,0.0,2,5675,买盘
2772,14:31:04,28.37,-0.01,8,22696,买盘
2773,14:31:07,28.37,0.0,1,2837,买盘
2774,14:31:12,28.37,0.0,9,24116,卖盘
2775,14:31:15,28.37,0.0,2,5674,卖盘
2776,14:31:25,28.37,0.0,46,130502,卖盘
2777,14:31:28,28.38,0.01,11,31210,买盘
2778,14:31:31,28.37,-0.01,21,59577,卖盘
2779,14:31:34,28.37,0.0,53,150397,买盘
2780,14:31:40,28.36,-0.01,15,42540,卖盘
2781,14:31:46,28.37,0.01,9,25533,买盘
2782,14:31:49,28.36,-0.01,1,2836,卖盘
2783,14:31:51,28.36,0.0,36,102096,卖盘
