,time,price,change,volume,amount,type
0,09:25:05,5.88,-0.05,951,559188,卖盘
1,09:30:04,5.88,0.0,1478,867707,买盘
2,09:30:07,5.85,-0.03,634,372185,卖盘
3,09:30:10,5.87,0.02,144,84458,买盘
4,09:30:13,5.86,-0.01,27,15838,卖盘
5,09:30:16,5.86,0.0,17,9966,卖盘
6,09:30:19,5.87,0.01,16,9392,买盘
7,09:30:22,5.87,0.0,20,11730,买盘
8,09:30:25,5.86,-0.01,196,114962,卖盘
9,09:30:27,5.87,0.01,46,26966,买盘
10,09:30:31,5.86,-0.01,13,7618,卖盘
11,09:30:34,5.87,0.01,39,22888,买盘
12,09:30:40,5.88,0.01,8,4702,买盘
13,09:30:43,5.87,-0.01,15,8805,卖盘
14,09:30:46,5.88,0.01,130,76369,买盘
15,09:30:55,5.88,0.0,7,4116,卖盘
16,09:31:01,5.89,0.01,3,1767,买盘
17,09:31:04,5.89,0.0,126,74214,买盘
18,09:31:06,5.89,0.0,11,6479,买盘
19,09:31:10,5.89,0.0,30,17670,买盘
20,09:31:13,5.89,0.0,134,78921,买盘
21,09:31:15,5.88,-0.01,72,42396,卖盘
22,09:31:19,5.89,0.01,152,89528,买盘
23,09:31:22,5.89,0.0,121,71259,买盘
24,09:31:25,5.89,0.0,32,18817,买盘
25,09:31:28,5.89,0.0,152,89528,买盘
26,09:31:31,5.89,0.0,104,61256,卖盘
27,09:31:34,5.89,0.0,1,589,卖盘
28,09:31:42,5.89,0.0,112,65968,卖盘
29,09:31:46,5.89,0.0,17,10013,买盘
30,09:31:49,5.89,0.0,102,60078,买盘
31,09:31:55,5.89,0.0,35,20615,卖盘
32,09:31:58,5.9,0.01,291,171441,买盘
33,09:32:04,5.9,0.0,11,6490,买盘
34,09:32:10,5.9,0.0,8,4715,买盘
35,09:32:13,5.89,-0.01,232,136677,卖盘
36,09:32:15,5.89,0.0,41,24149,买盘
37,09:32:18,5.89,0.0,93,54777,买盘
38,09:32:22,5.89,0.0,23,13547,中性盘
39,09:32:25,5.9,0.01,110,64705,买盘
40,09:32:27,5.9,0.0,5,2949,买盘
41,09:32:31,5.88,-0.02,23,13524,卖盘
42,09:32:34,5.89,0.01,51,30016,买盘
43,09:32:37,5.88,-0.01,147,86496,卖盘
44,09:32:40,5.88,0.0,12,7056,卖盘
45,09:32:46,5.88,0.0,89,52332,卖盘
46,09:32:49,5.88,0.0,348,204626,卖盘
47,09:32:51,5.88,0.0,140,82320,卖盘
48,09:32:55,5.88,0.0,675,396900,卖盘
49,09:32:57,5.88,0.0,80,47040,卖盘
50,09:33:00,5.88,0.0,25,14700,买盘
51,09:33:04,5.88,0.0,5,2940,买盘
52,09:33:07,5.88,0.0,8,4704,买盘
53,09:33:10,5.87,-0.01,161,94568,卖盘
54,09:33:13,5.88,0.01,1025,600790,买盘
55,09:33:16,5.87,-0.01,75,44025,卖盘
56,09:33:19,5.87,0.0,10,5875,卖盘
57,09:33:22,5.87,0.0,22,12914,卖盘
58,09:33:25,5.87,0.0,8,4699,卖盘
59,09:33:28,5.87,0.0,28,16444,卖盘
60,09:33:31,5.87,0.0,36,21134,卖盘
61,09:33:34,5.87,0.0,149,87463,卖盘
62,09:33:37,5.87,0.0,1250,731662,买盘
63,09:33:40,5.86,-0.01,24,14086,中性盘
64,09:33:43,5.86,0.0,17,9962,卖盘
65,09:33:46,5.86,0.0,55,32230,买盘
66,09:33:48,5.86,0.0,14,8204,卖盘
67,09:33:52,5.87,0.01,135,79113,买盘
68,09:33:55,5.86,-0.01,12,7032,卖盘
69,09:33:58,5.86,0.0,1019,596408,卖盘
70,09:34:01,5.86,0.0,210,123042,卖盘
71,09:34:07,5.86,0.0,193,113098,买盘
72,09:34:10,5.86,0.0,44,25807,卖盘
73,09:34:16,5.87,0.01,195,114465,买盘
74,09:34:19,5.87,0.0,69,40503,卖盘
75,09:34:22,5.87,0.0,10,5870,卖盘
76,09:34:25,5.88,0.01,173,101617,买盘
77,09:34:28,5.86,-0.02,145,85015,卖盘
78,09:34:34,5.86,0.0,116,67977,卖盘
79,09:34:37,5.86,0.0,14,8204,卖盘
80,09:34:40,5.86,0.0,125,73270,卖盘
81,09:34:43,5.87,0.01,45,26410,买盘
82,09:34:46,5.86,-0.01,27,15822,卖盘
83,09:34:49,5.87,0.01,13,7622,买盘
84,09:34:52,5.86,-0.01,11,6446,卖盘
85,09:34:55,5.86,0.0,31,18171,卖盘
86,09:34:58,5.87,0.01,57,33417,买盘
87,09:35:01,5.86,-0.01,77,45142,卖盘
88,09:35:04,5.86,0.0,7,4103,卖盘
89,09:35:10,5.86,0.0,211,123656,卖盘
90,09:35:12,5.86,0.0,41,24056,卖盘
91,09:35:16,5.86,0.0,226,132436,卖盘
92,09:35:19,5.86,0.0,474,278074,卖盘
93,09:35:22,5.86,0.0,202,118443,卖盘
94,09:35:25,5.86,0.0,108,63294,卖盘
95,09:35:28,5.85,-0.01,229,134168,卖盘
96,09:35:31,5.85,0.0,95,55596,卖盘
97,09:35:34,5.86,0.01,384,224685,买盘
98,09:35:37,5.85,-0.01,14,8190,卖盘
99,09:35:40,5.85,0.0,7,4095,卖盘
100,09:35:43,5.85,0.0,121,70805,卖盘
101,09:35:46,5.85,0.0,7,4095,卖盘
102,09:35:49,5.85,0.0,9,5269,卖盘
103,09:35:52,5.85,0.0,14,8190,卖盘
104,09:35:55,5.85,0.0,529,309468,卖盘
105,09:35:58,5.85,0.0,229,133965,卖盘
106,09:36:01,5.84,-0.01,19,11096,卖盘
107,09:36:04,5.83,-0.01,1009,589251,卖盘
108,09:36:07,5.84,0.01,116,67660,买盘
109,09:36:10,5.84,0.0,106,61818,买盘
110,09:36:13,5.83,-0.01,256,149265,卖盘
111,09:36:16,5.84,0.01,47,27448,买盘
112,09:36:19,5.84,0.0,576,335810,买盘
113,09:36:21,5.83,-0.01,548,319499,卖盘
114,09:36:24,5.84,0.01,3,1752,买盘
115,09:36:28,5.83,-0.01,372,216896,卖盘
116,09:36:31,5.83,0.0,20,11660,买盘
117,09:36:34,5.84,0.01,19,11087,买盘
118,09:36:37,5.83,-0.01,108,62964,卖盘
119,09:36:40,5.82,-0.01,892,519441,卖盘
120,09:36:42,5.84,0.02,8,4666,买盘
121,09:36:46,5.83,-0.01,177,103191,卖盘
122,09:36:49,5.83,0.0,235,137005,买盘
123,09:36:52,5.83,0.0,77,44946,卖盘
124,09:36:55,5.83,0.0,157,91668,卖盘
125,09:36:57,5.84,0.01,415,242360,买盘
126,09:37:01,5.85,0.01,159,92860,买盘
127,09:37:04,5.85,0.0,179,104715,买盘
128,09:37:07,5.84,-0.01,10,5840,卖盘
129,09:37:10,5.85,0.01,87,50826,买盘
130,09:37:13,5.85,0.0,106,62004,买盘
131,09:37:16,5.84,-0.01,65,38010,卖盘
132,09:37:18,5.85,0.01,1,585,买盘
133,09:37:22,5.85,0.0,190,111080,买盘
134,09:37:24,5.86,0.01,18,10543,买盘
135,09:37:30,5.86,0.0,48,28128,买盘
136,09:37:37,5.85,-0.01,337,197145,卖盘
137,09:37:43,5.85,0.0,25,14625,买盘
138,09:37:45,5.85,0.0,67,39195,买盘
139,09:37:49,5.85,0.0,201,117585,买盘
140,09:37:52,5.85,0.0,67,39161,买盘
141,09:37:55,5.85,0.0,6,3510,买盘
142,09:37:58,5.84,-0.01,211,123224,卖盘
143,09:38:01,5.85,0.01,23,13453,买盘
144,09:38:04,5.84,-0.01,151,88185,卖盘
145,09:38:06,5.85,0.01,10,5850,买盘
146,09:38:10,5.85,0.0,118,68922,买盘
147,09:38:13,5.85,0.0,49,28663,买盘
148,09:38:16,5.85,0.0,178,104122,买盘
149,09:38:22,5.85,0.0,5,2925,卖盘
150,09:38:25,5.85,0.0,34,19890,卖盘
151,09:38:31,5.85,0.0,9,5265,卖盘
152,09:38:34,5.86,0.01,45,26355,买盘
153,09:38:37,5.86,0.0,22,12880,买盘
154,09:38:40,5.86,0.0,159,93162,买盘
155,09:38:43,5.86,0.0,10,5860,买盘
156,09:38:46,5.86,0.0,35,20510,买盘
157,09:38:49,5.86,0.0,5,2930,卖盘
158,09:38:52,5.86,0.0,12,7032,卖盘
159,09:38:55,5.85,-0.01,40,23436,卖盘
160,09:38:58,5.86,0.01,80,46885,中性盘
161,09:39:01,5.86,0.0,13,7612,买盘
162,09:39:07,5.86,0.0,117,68456,买盘
163,09:39:10,5.86,0.0,44,25758,买盘
164,09:39:13,5.86,0.0,60,35160,买盘
165,09:39:16,5.85,-0.01,88,51487,卖盘
166,09:39:19,5.86,0.01,23,13477,买盘
167,09:39:25,5.85,-0.01,71,41535,卖盘
168,09:39:31,5.86,0.01,110,64360,买盘
169,09:39:34,5.85,-0.01,59,34537,卖盘
170,09:39:37,5.86,0.01,111,65035,买盘
171,09:39:43,5.86,0.0,2,1172,买盘
172,09:39:49,5.86,0.0,149,87214,买盘
173,09:39:52,5.85,-0.01,20,11709,卖盘
174,09:39:55,5.86,0.01,10,5860,买盘
175,09:39:58,5.85,-0.01,41,23985,卖盘
176,09:40:04,5.86,0.01,268,157048,买盘
177,09:40:07,5.85,-0.01,125,73162,卖盘
178,09:40:13,5.86,0.01,8,4683,买盘
179,09:40:16,5.85,-0.01,172,100620,卖盘
180,09:40:19,5.86,0.01,10,5860,买盘
181,09:40:25,5.85,-0.01,50,29250,卖盘
182,09:40:27,5.85,0.0,77,45056,卖盘
183,09:40:31,5.85,0.0,120,70308,卖盘
184,09:40:34,5.85,0.0,5,2925,卖盘
185,09:40:40,5.86,0.01,26,15230,买盘
186,09:40:43,5.86,0.0,15,8790,买盘
187,09:40:46,5.85,-0.01,142,83071,卖盘
188,09:40:49,5.85,0.0,8,4682,卖盘
189,09:40:52,5.85,0.0,57,33345,卖盘
190,09:40:54,5.85,0.0,94,54991,卖盘
191,09:40:58,5.85,0.0,405,236925,卖盘
192,09:41:01,5.85,0.0,5,2925,卖盘
193,09:41:04,5.86,0.01,10,5860,买盘
194,09:41:07,5.85,-0.01,7,4101,卖盘
195,09:41:12,5.85,0.0,5,2925,卖盘
196,09:41:16,5.85,0.0,27,15810,卖盘
197,09:41:22,5.85,0.0,66,38660,卖盘
198,09:41:25,5.85,0.0,77,45072,卖盘
199,09:41:31,5.86,0.01,68,39848,买盘
200,09:41:33,5.86,0.0,18,10548,买盘
201,09:41:36,5.85,-0.01,5,2925,卖盘
202,09:41:39,5.85,0.0,10,5850,卖盘
203,09:41:42,5.86,0.01,213,124818,买盘
204,09:41:46,5.88,0.02,106,62187,买盘
205,09:41:54,5.86,-0.02,13,7618,卖盘
206,09:41:58,5.88,0.02,29,17042,买盘
207,09:42:00,5.86,-0.02,10,5860,卖盘
208,09:42:04,5.86,0.0,19,11134,卖盘
209,09:42:07,5.86,0.0,4,2344,卖盘
210,09:42:10,5.88,0.02,38,22328,买盘
211,09:42:19,5.87,-0.01,24,14088,卖盘
212,09:42:22,5.86,-0.01,33,19368,卖盘
213,09:42:25,5.87,0.01,113,66238,买盘
214,09:42:28,5.87,0.0,8,4696,买盘
215,09:42:31,5.87,0.0,53,31111,买盘
216,09:42:34,5.87,0.0,17,9979,卖盘
217,09:42:36,5.87,0.0,13,7631,买盘
218,09:42:40,5.87,0.0,43,25226,买盘
219,09:42:43,5.87,0.0,30,17602,卖盘
220,09:42:46,5.87,0.0,2,1174,卖盘
221,09:42:55,5.87,0.0,5,2935,买盘
222,09:42:57,5.87,0.0,5,2935,买盘
223,09:43:01,5.86,-0.01,577,338122,卖盘
224,09:43:06,5.87,0.01,31,18197,买盘
225,09:43:10,5.87,0.0,25,14675,买盘
226,09:43:16,5.86,-0.01,6,3516,卖盘
227,09:43:19,5.86,0.0,359,210374,卖盘
228,09:43:22,5.86,0.0,5,2930,买盘
229,09:43:25,5.86,0.0,19,11123,买盘
230,09:43:28,5.86,0.0,301,176386,买盘
231,09:43:31,5.86,0.0,1,586,买盘
232,09:43:33,5.87,0.01,619,362244,买盘
233,09:43:43,5.86,-0.01,144,84385,卖盘
234,09:43:46,5.86,0.0,110,64474,卖盘
235,09:43:54,5.87,0.01,5,2935,买盘
236,09:43:58,5.86,-0.01,15,8795,卖盘
237,09:44:01,5.86,0.0,19,11134,卖盘
238,09:44:07,5.87,0.01,20,11740,买盘
239,09:44:09,5.86,-0.01,26,15236,卖盘
240,09:44:12,5.86,0.0,127,74422,卖盘
241,09:44:19,5.86,0.0,11,6449,卖盘
242,09:44:22,5.86,0.0,73,42783,卖盘
243,09:44:25,5.87,0.01,10,5870,买盘
244,09:44:27,5.86,-0.01,6,3516,卖盘
245,09:44:37,5.86,0.0,90,52740,卖盘
246,09:44:43,5.87,0.01,120,70440,买盘
247,09:44:46,5.86,-0.01,40,23455,卖盘
248,09:44:49,5.86,0.0,297,174082,卖盘
249,09:44:52,5.87,0.01,10,5870,买盘
250,09:44:55,5.87,0.0,45,26404,买盘
251,09:44:58,5.86,-0.01,189,110759,卖盘
252,09:45:01,5.87,0.01,20,11740,买盘
253,09:45:04,5.87,0.0,40,23480,买盘
254,09:45:07,5.87,0.0,2,1174,买盘
255,09:45:10,5.86,-0.01,18,10548,卖盘
256,09:45:13,5.86,0.0,120,70326,卖盘
257,09:45:16,5.86,0.0,2,1172,买盘
258,09:45:19,5.86,0.0,28,16390,买盘
259,09:45:22,5.85,-0.01,10,5850,卖盘
260,09:45:25,5.87,0.02,135,79120,买盘
261,09:45:31,5.86,-0.01,1,586,卖盘
262,09:45:34,5.86,0.0,1,586,卖盘
263,09:45:37,5.86,0.0,6,3516,卖盘
264,09:45:48,5.86,0.0,73,42778,卖盘
265,09:45:52,5.86,0.0,10,5860,卖盘
266,09:45:58,5.86,0.0,63,36918,卖盘
267,09:46:01,5.86,0.0,1,586,卖盘
268,09:46:04,5.86,0.0,77,45122,卖盘
269,09:46:07,5.86,0.0,10,5860,买盘
270,09:46:10,5.86,0.0,20,11720,买盘
271,09:46:13,5.85,-0.01,48,28080,卖盘
272,09:46:19,5.86,0.01,12,7032,买盘
273,09:46:25,5.86,0.0,10,5860,买盘
274,09:46:28,5.86,0.0,145,84970,买盘
275,09:46:31,5.86,0.0,355,208010,买盘
276,09:46:33,5.86,0.0,211,123646,卖盘
277,09:46:43,5.86,0.0,217,127162,卖盘
278,09:46:46,5.86,0.0,1,586,卖盘
279,09:46:49,5.86,0.0,9,5274,卖盘
280,09:46:58,5.86,0.0,8,4688,卖盘
281,09:47:04,5.86,0.0,26,15236,卖盘
282,09:47:06,5.86,0.0,1,586,卖盘
283,09:47:13,5.86,0.0,57,33412,卖盘
284,09:47:19,5.86,0.0,65,38090,卖盘
285,09:47:22,5.86,0.0,45,26370,卖盘
286,09:47:25,5.87,0.01,3,1761,买盘
287,09:47:34,5.87,0.0,61,35751,买盘
288,09:47:37,5.87,0.0,60,35220,买盘
289,09:47:40,5.86,-0.01,46,26982,卖盘
290,09:47:43,5.87,0.01,259,152033,买盘
291,09:47:49,5.86,-0.01,80,46927,卖盘
292,09:47:52,5.87,0.01,10,5870,买盘
293,09:47:55,5.87,0.0,15,8805,买盘
294,09:48:04,5.87,0.0,100,58624,买盘
295,09:48:07,5.87,0.0,46,27002,买盘
296,09:48:10,5.87,0.0,3,1761,买盘
297,09:48:19,5.87,0.0,7,4109,买盘
298,09:48:28,5.87,0.0,11,6457,买盘
299,09:48:31,5.86,-0.01,1,586,卖盘
300,09:48:34,5.87,0.01,2,1174,买盘
301,09:48:40,5.87,0.0,29,17023,买盘
302,09:48:51,5.87,0.0,26,15262,卖盘
303,09:48:55,5.87,0.0,1,587,买盘
304,09:49:01,5.87,0.0,1,587,卖盘
305,09:49:04,5.87,0.0,59,34633,卖盘
306,09:49:13,5.86,-0.01,98,57428,卖盘
307,09:49:16,5.86,0.0,24,14064,卖盘
308,09:49:19,5.87,0.01,31,18188,买盘
309,09:49:22,5.86,-0.01,62,36332,卖盘
310,09:49:25,5.87,0.01,10,5870,买盘
311,09:49:28,5.87,0.0,13,7631,买盘
312,09:49:31,5.86,-0.01,5,2930,卖盘
313,09:49:34,5.86,0.0,8,4688,卖盘
314,09:49:37,5.87,0.01,172,100964,买盘
315,09:49:42,5.87,0.0,4,2348,卖盘
316,09:49:49,5.87,0.0,10,5870,卖盘
317,09:49:52,5.87,0.0,19,11153,卖盘
318,09:49:54,5.87,0.0,312,183398,卖盘
319,09:50:01,5.87,0.0,45,26415,买盘
320,09:50:04,5.87,0.0,1,587,买盘
321,09:50:07,5.87,0.0,18,10566,买盘
322,09:50:19,5.87,0.0,124,72788,卖盘
323,09:50:22,5.88,0.01,50,29400,买盘
324,09:50:24,5.88,0.0,39,22922,买盘
325,09:50:31,5.87,-0.01,85,49915,卖盘
326,09:50:37,5.88,0.01,1,588,卖盘
327,09:50:40,5.88,0.0,8,4704,卖盘
328,09:50:43,5.88,0.0,3,1764,卖盘
329,09:50:46,5.88,0.0,92,54110,卖盘
330,09:50:49,5.89,0.01,12,7057,买盘
331,09:50:52,5.89,0.0,3,1767,买盘
332,09:50:55,5.88,-0.01,6,3528,卖盘
333,09:51:01,5.88,0.0,36,21168,卖盘
334,09:51:04,5.89,0.01,18,10594,买盘
335,09:51:06,5.88,-0.01,39,22965,卖盘
336,09:51:09,5.89,0.01,30,17655,买盘
337,09:51:16,5.88,-0.01,55,32340,卖盘
338,09:51:19,5.89,0.01,3,1767,买盘
339,09:51:22,5.89,0.0,49,28861,买盘
340,09:51:25,5.89,0.0,8,4712,买盘
341,09:51:30,5.89,0.0,20,11780,买盘
342,09:51:34,5.88,-0.01,58,34112,卖盘
343,09:51:36,5.89,0.01,6,3534,买盘
344,09:51:40,5.88,-0.01,211,124068,卖盘
345,09:51:46,5.89,0.01,2,1178,买盘
346,09:51:49,5.89,0.0,81,47639,买盘
347,09:51:52,5.89,0.0,106,62338,买盘
348,09:51:55,5.88,-0.01,24,14112,卖盘
349,09:51:57,5.88,0.0,132,77621,买盘
350,09:52:01,5.88,0.0,21,12348,买盘
351,09:52:04,5.88,0.0,20,11760,买盘
352,09:52:06,5.88,0.0,11,6468,买盘
353,09:52:09,5.88,0.0,11,6468,买盘
354,09:52:22,5.87,-0.01,33,19380,卖盘
355,09:52:31,5.88,0.01,10,5880,买盘
356,09:52:43,5.87,-0.01,122,71720,卖盘
357,09:52:49,5.88,0.01,25,14700,买盘
358,09:52:52,5.87,-0.01,30,17610,卖盘
359,09:53:01,5.87,0.0,50,29350,卖盘
360,09:53:04,5.87,0.0,28,16436,卖盘
361,09:53:07,5.88,0.01,16,9397,买盘
362,09:53:13,5.88,0.0,5,2940,买盘
363,09:53:19,5.88,0.0,15,8820,买盘
364,09:53:25,5.87,-0.01,28,16436,卖盘
365,09:53:31,5.87,0.0,11,6457,卖盘
366,09:53:37,5.87,0.0,22,12924,卖盘
367,09:53:40,5.87,0.0,6,3522,卖盘
368,09:53:52,5.88,0.01,10,5880,买盘
369,09:53:55,5.87,-0.01,119,69855,卖盘
370,09:53:58,5.88,0.01,64,37578,买盘
371,09:54:07,5.87,-0.01,12,7044,卖盘
372,09:54:13,5.88,0.01,7,4116,买盘
373,09:54:16,5.87,-0.01,25,14675,卖盘
374,09:54:22,5.88,0.01,13,7644,买盘
375,09:54:28,5.88,0.0,1,588,买盘
376,09:54:31,5.88,0.0,5,2940,买盘
377,09:54:34,5.87,-0.01,39,22923,卖盘
378,09:54:40,5.88,0.01,30,17640,买盘
379,09:54:46,5.87,-0.01,10,5870,卖盘
380,09:54:48,5.87,0.0,232,136413,卖盘
381,09:55:06,5.87,0.0,24,14088,卖盘
382,09:55:19,5.87,0.0,5,2935,卖盘
383,09:55:37,5.87,0.0,38,22326,卖盘
384,09:55:43,5.87,0.0,16,9392,卖盘
385,09:56:01,5.87,0.0,79,46373,卖盘
386,09:56:04,5.87,0.0,151,88637,卖盘
387,09:56:06,5.88,0.01,65,38156,买盘
388,09:56:19,5.87,-0.01,16,9392,卖盘
389,09:56:25,5.88,0.01,1,588,买盘
390,09:56:28,5.88,0.0,18,10584,买盘
391,09:56:31,5.87,-0.01,30,17610,卖盘
392,09:56:37,5.88,0.01,3,1764,买盘
393,09:56:43,5.88,0.0,56,32928,买盘
394,09:56:49,5.88,0.0,16,9408,买盘
395,09:56:52,5.87,-0.01,51,29937,卖盘
396,09:56:55,5.88,0.01,6,3528,买盘
397,09:57:07,5.87,-0.01,13,7631,卖盘
398,09:57:10,5.88,0.01,20,11760,买盘
399,09:57:25,5.88,0.0,169,99255,买盘
400,09:57:31,5.88,0.0,21,12348,买盘
401,09:57:43,5.87,-0.01,159,93333,卖盘
402,09:57:46,5.87,0.0,1,587,卖盘
403,09:57:49,5.87,0.0,50,29350,卖盘
404,09:58:01,5.87,0.0,716,420295,卖盘
405,09:58:19,5.86,-0.01,86,50396,卖盘
406,09:58:30,5.87,0.01,90,52830,买盘
407,09:58:37,5.87,0.0,175,102725,买盘
408,09:58:46,5.88,0.01,101,59350,买盘
409,09:58:49,5.88,0.0,10,5880,买盘
410,09:58:54,5.87,-0.01,10,5870,卖盘
411,09:58:57,5.88,0.01,40,23520,买盘
412,09:59:04,5.87,-0.01,10,5870,卖盘
413,09:59:07,5.88,0.01,8,4704,买盘
414,09:59:16,5.88,0.0,3,1764,买盘
415,09:59:19,5.88,0.0,1,588,买盘
416,09:59:22,5.87,-0.01,6,3522,卖盘
417,09:59:28,5.88,0.01,16,9408,买盘
418,09:59:30,5.87,-0.01,6,3522,卖盘
419,09:59:49,5.88,0.01,9,5292,买盘
420,10:00:04,5.88,0.0,5,2940,买盘
421,10:00:13,5.87,-0.01,1,587,卖盘
422,10:00:25,5.88,0.01,11,6458,买盘
423,10:00:43,5.88,0.0,120,70560,买盘
424,10:00:46,5.87,-0.01,78,45786,卖盘
425,10:00:49,5.87,0.0,481,282352,卖盘
426,10:00:51,5.87,0.0,191,112233,卖盘
427,10:00:55,5.87,0.0,2,1174,卖盘
428,10:01:07,5.88,0.01,350,205800,买盘
429,10:01:10,5.87,-0.01,50,29350,卖盘
430,10:01:24,5.87,0.0,89,52243,卖盘
431,10:01:28,5.88,0.01,223,131124,买盘
432,10:01:31,5.88,0.0,74,43512,买盘
433,10:01:33,5.88,0.0,241,141568,买盘
434,10:01:37,5.88,0.0,10,5880,买盘
435,10:01:40,5.88,0.0,18,10584,买盘
436,10:01:42,5.88,0.0,56,32928,买盘
437,10:01:46,5.88,0.0,30,17640,买盘
438,10:01:49,5.88,0.0,5,2940,买盘
439,10:01:52,5.88,0.0,20,11750,买盘
440,10:01:55,5.88,0.0,2,1176,买盘
441,10:02:04,5.88,0.0,10,5880,卖盘
442,10:02:07,5.88,0.0,33,19404,卖盘
443,10:02:09,5.87,-0.01,40,23519,卖盘
444,10:02:16,5.88,0.01,100,58800,买盘
445,10:02:19,5.88,0.0,100,58820,卖盘
446,10:02:24,5.88,0.0,46,27048,买盘
447,10:02:28,5.88,0.0,20,11760,卖盘
448,10:02:34,5.89,0.01,5,2945,买盘
449,10:02:40,5.89,0.0,578,340442,买盘
450,10:02:45,5.89,0.0,4,2356,卖盘
451,10:02:49,5.9,0.01,30,17700,买盘
452,10:02:55,5.89,-0.01,15,8838,卖盘
453,10:02:58,5.9,0.01,268,158120,买盘
454,10:03:01,5.9,0.0,310,182890,买盘
455,10:03:07,5.9,0.0,5,2950,买盘
456,10:03:10,5.9,0.0,203,119770,买盘
457,10:03:16,5.89,-0.01,50,29480,卖盘
458,10:03:19,5.9,0.01,10,5900,买盘
459,10:03:28,5.9,0.0,10,5900,买盘
460,10:03:31,5.89,-0.01,30,17675,卖盘
461,10:03:37,5.9,0.01,15,8850,买盘
462,10:03:46,5.9,0.0,4,2360,卖盘
463,10:03:48,5.91,0.01,10,5910,买盘
464,10:04:04,5.91,0.0,6,3546,买盘
465,10:04:07,5.91,0.0,6,3546,买盘
466,10:04:10,5.91,0.0,8,4725,买盘
467,10:04:16,5.91,0.0,25,14775,买盘
468,10:04:19,5.91,0.0,226,133566,买盘
469,10:04:25,5.9,-0.01,13,7670,卖盘
470,10:04:31,5.9,0.0,6,3540,卖盘
471,10:04:37,5.9,0.0,19,11210,卖盘
472,10:04:40,5.9,0.0,419,247310,卖盘
473,10:04:43,5.9,0.0,118,69620,卖盘
474,10:04:46,5.89,-0.01,21,12407,卖盘
475,10:04:49,5.9,0.01,15,8845,买盘
476,10:04:55,5.9,0.0,4,2360,买盘
477,10:05:04,5.89,-0.01,25,14725,卖盘
478,10:05:07,5.89,0.0,50,29450,卖盘
479,10:05:16,5.89,0.0,1,589,卖盘
480,10:05:25,5.9,0.01,21,12390,买盘
481,10:05:37,5.9,0.0,20,11800,买盘
482,10:05:39,5.9,0.0,20,11800,买盘
483,10:05:42,5.89,-0.01,10,5890,卖盘
484,10:05:52,5.9,0.01,30,17675,买盘
485,10:05:55,5.89,-0.01,51,30039,卖盘
486,10:06:07,5.89,0.0,43,25327,卖盘
487,10:06:13,5.89,0.0,7,4123,卖盘
488,10:06:19,5.89,0.0,15,8835,卖盘
489,10:06:22,5.89,0.0,473,278597,卖盘
490,10:06:28,5.88,-0.01,6,3528,卖盘
491,10:06:34,5.88,0.0,11,6468,卖盘
492,10:06:37,5.88,0.0,12,7056,卖盘
493,10:06:39,5.88,0.0,1,588,卖盘
494,10:06:43,5.88,0.0,6,3528,卖盘
495,10:06:49,5.88,0.0,1,588,卖盘
496,10:06:51,5.88,0.0,6,3528,卖盘
497,10:07:07,5.89,0.01,25,14725,买盘
498,10:07:15,5.89,0.0,13,7656,买盘
499,10:07:19,5.88,-0.01,10,5880,卖盘
500,10:07:22,5.89,0.01,100,58900,买盘
501,10:07:25,5.88,-0.01,76,44688,卖盘
502,10:07:36,5.88,0.0,21,12348,卖盘
503,10:07:40,5.88,0.0,5,2940,卖盘
504,10:07:46,5.88,0.0,23,13524,卖盘
505,10:07:49,5.89,0.01,8,4712,买盘
506,10:07:52,5.89,0.0,113,66446,买盘
507,10:08:01,5.89,0.0,39,22971,买盘
508,10:08:07,5.89,0.0,39,22957,买盘
509,10:08:24,5.89,0.0,12,7068,买盘
510,10:08:31,5.88,-0.01,2,1176,卖盘
511,10:08:37,5.89,0.01,10,5890,买盘
512,10:08:43,5.88,-0.01,28,16464,卖盘
513,10:08:45,5.88,0.0,1,588,卖盘
514,10:08:51,5.88,0.0,19,11172,卖盘
515,10:08:55,5.88,0.0,5,2940,卖盘
516,10:08:58,5.88,0.0,13,7644,卖盘
517,10:09:04,5.88,0.0,66,38808,卖盘
518,10:09:16,5.88,0.0,16,9408,卖盘
519,10:09:19,5.88,0.0,20,11760,卖盘
520,10:09:21,5.88,0.0,140,82320,卖盘
521,10:09:25,5.88,0.0,96,56448,卖盘
522,10:09:37,5.88,0.0,5,2940,卖盘
523,10:09:39,5.88,0.0,6,3528,卖盘
524,10:09:43,5.88,0.0,12,7056,卖盘
525,10:09:45,5.88,0.0,41,24108,卖盘
526,10:09:49,5.88,0.0,5,2940,卖盘
527,10:09:51,5.88,0.0,10,5880,买盘
528,10:09:58,5.88,0.0,4,2352,买盘
529,10:10:01,5.87,-0.01,6,3522,卖盘
530,10:10:06,5.88,0.01,200,117600,买盘
531,10:10:12,5.87,-0.01,12,7044,卖盘
532,10:10:22,5.87,0.0,24,14088,卖盘
533,10:10:25,5.88,0.01,82,48216,买盘
534,10:10:28,5.87,-0.01,34,19961,卖盘
535,10:10:33,5.88,0.01,5,2940,买盘
536,10:10:46,5.88,0.0,55,32334,买盘
537,10:10:49,5.87,-0.01,1,587,卖盘
538,10:10:52,5.88,0.01,13,7641,买盘
539,10:10:55,5.87,-0.01,961,564107,卖盘
540,10:10:58,5.87,0.0,5,2935,买盘
541,10:11:07,5.87,0.0,34,19958,买盘
542,10:11:10,5.87,0.0,83,48721,卖盘
543,10:11:16,5.87,0.0,11,6457,卖盘
544,10:11:24,5.88,0.01,30,17640,买盘
545,10:11:30,5.87,-0.01,20,11740,卖盘
546,10:11:36,5.87,0.0,35,20545,卖盘
547,10:11:58,5.87,0.0,134,78658,卖盘
548,10:12:01,5.87,0.0,4,2348,卖盘
549,10:12:10,5.87,0.0,20,11740,卖盘
550,10:12:16,5.87,0.0,33,19371,卖盘
551,10:12:19,5.88,0.01,11,6468,买盘
552,10:12:22,5.88,0.0,26,15288,买盘
553,10:12:25,5.87,-0.01,79,46373,卖盘
554,10:12:33,5.87,0.0,8,4696,买盘
555,10:12:46,5.87,0.0,40,23480,买盘
556,10:12:49,5.86,-0.01,11,6446,卖盘
557,10:12:55,5.86,0.0,99,58014,卖盘
558,10:12:58,5.86,0.0,20,11720,卖盘
559,10:13:01,5.87,0.01,40,23480,买盘
560,10:13:18,5.86,-0.01,16,9376,卖盘
561,10:13:28,5.87,0.01,1,587,买盘
562,10:13:30,5.86,-0.01,1400,820400,卖盘
563,10:13:40,5.87,0.01,6,3522,买盘
564,10:13:52,5.87,0.0,5,2935,买盘
565,10:13:55,5.86,-0.01,21,12306,卖盘
566,10:13:58,5.86,0.0,65,38090,卖盘
567,10:14:10,5.87,0.01,35,20545,买盘
568,10:14:13,5.86,-0.01,80,46880,卖盘
569,10:14:19,5.87,0.01,10,5870,买盘
570,10:14:22,5.86,-0.01,382,223882,卖盘
571,10:14:28,5.86,0.0,161,94392,卖盘
572,10:14:37,5.86,0.0,5,2930,卖盘
573,10:14:49,5.87,0.01,4,2347,买盘
574,10:14:54,5.87,0.0,2,1174,买盘
575,10:15:01,5.87,0.0,74,43468,卖盘
576,10:15:10,5.86,-0.01,115,67490,卖盘
577,10:15:13,5.87,0.01,55,32235,买盘
578,10:15:16,5.87,0.0,5,2935,买盘
579,10:15:27,5.86,-0.01,34,19924,卖盘
580,10:15:43,5.87,0.01,17,9972,买盘
581,10:15:46,5.87,0.0,1,587,买盘
582,10:15:49,5.87,0.0,7,4109,买盘
583,10:15:58,5.87,0.0,20,11740,买盘
584,10:16:01,5.86,-0.01,6,3516,卖盘
585,10:16:13,5.86,0.0,1,586,卖盘
586,10:16:18,5.87,0.01,20,11740,买盘
587,10:16:22,5.86,-0.01,4,2344,卖盘
588,10:16:27,5.86,0.0,100,58600,卖盘
589,10:16:46,5.87,0.01,8,4696,买盘
590,10:16:49,5.86,-0.01,401,234986,卖盘
591,10:17:07,5.87,0.01,2,1174,买盘
592,10:17:10,5.87,0.0,10,5870,买盘
593,10:17:19,5.87,0.0,150,88050,买盘
594,10:17:31,5.87,0.0,30,17610,买盘
595,10:17:46,5.87,0.0,100,58700,买盘
596,10:17:49,5.87,0.0,14,8218,买盘
597,10:17:52,5.87,0.0,10,5870,买盘
598,10:17:58,5.86,-0.01,45,26370,卖盘
599,10:18:10,5.86,0.0,10,5860,卖盘
600,10:18:13,5.86,0.0,65,38090,卖盘
601,10:18:21,5.86,0.0,1,586,卖盘
602,10:18:31,5.87,0.01,8,4696,买盘
603,10:18:34,5.86,-0.01,6,3516,卖盘
604,10:18:43,5.86,0.0,8,4688,卖盘
605,10:18:46,5.87,0.01,13,7625,买盘
606,10:18:51,5.86,-0.01,10,5860,卖盘
607,10:18:54,5.87,0.01,1,587,买盘
608,10:19:07,5.87,0.0,23,13501,买盘
609,10:19:10,5.87,0.0,451,264292,买盘
610,10:19:12,5.87,0.0,29,17023,买盘
611,10:19:16,5.87,0.0,16,9387,卖盘
612,10:19:22,5.87,0.0,18,10566,卖盘
613,10:19:27,5.86,-0.01,88,51650,卖盘
614,10:19:31,5.87,0.01,10,5870,买盘
615,10:19:34,5.86,-0.01,6,3516,卖盘
616,10:19:37,5.86,0.0,11,6446,卖盘
617,10:19:40,5.87,0.01,16,9386,买盘
618,10:19:43,5.86,-0.01,9,5274,卖盘
619,10:19:46,5.86,0.0,133,77938,卖盘
620,10:19:49,5.86,0.0,16,9376,卖盘
621,10:19:52,5.86,0.0,105,61535,卖盘
622,10:19:55,5.87,0.01,40,23470,买盘
623,10:19:58,5.86,-0.01,320,187520,卖盘
624,10:20:01,5.86,0.0,70,41020,卖盘
625,10:20:04,5.86,0.0,210,123060,卖盘
626,10:20:07,5.86,0.0,44,25784,卖盘
627,10:20:13,5.86,0.0,20,11720,买盘
628,10:20:16,5.86,0.0,6,3516,买盘
629,10:20:19,5.86,0.0,3,1758,买盘
630,10:20:22,5.86,0.0,20,11720,买盘
631,10:20:31,5.87,0.01,50,29306,买盘
632,10:20:37,5.85,-0.02,4,2340,卖盘
633,10:20:40,5.86,0.01,16,9376,买盘
634,10:20:43,5.85,-0.01,303,177255,卖盘
635,10:20:49,5.86,0.01,19,11118,买盘
636,10:20:55,5.86,0.0,11,6446,买盘
637,10:20:58,5.85,-0.01,76,44460,卖盘
638,10:21:04,5.86,0.01,2,1172,买盘
639,10:21:06,5.86,0.0,113,66118,买盘
640,10:21:16,5.86,0.0,53,31058,买盘
641,10:21:28,5.86,0.0,1,586,卖盘
642,10:21:31,5.86,0.0,73,42778,卖盘
643,10:21:34,5.86,0.0,12,7032,买盘
644,10:21:37,5.86,0.0,123,72078,买盘
645,10:21:40,5.85,-0.01,8,4680,卖盘
646,10:21:43,5.86,0.01,13,7618,买盘
647,10:21:49,5.85,-0.01,41,24025,卖盘
648,10:21:55,5.86,0.01,10,5860,买盘
649,10:21:57,5.86,0.0,314,183704,买盘
650,10:22:01,5.86,0.0,66,38676,卖盘
651,10:22:04,5.86,0.0,90,52740,卖盘
652,10:22:07,5.85,-0.01,11,6444,卖盘
653,10:22:13,5.86,0.01,5,2930,买盘
654,10:22:16,5.86,0.0,110,64460,买盘
655,10:22:18,5.85,-0.01,21,12285,卖盘
656,10:22:25,5.85,0.0,4,2340,卖盘
657,10:22:46,5.86,0.01,141,82624,买盘
658,10:22:52,5.86,0.0,5,2930,买盘
659,10:22:55,5.86,0.0,58,33988,买盘
660,10:23:07,5.86,0.0,159,93174,卖盘
661,10:23:09,5.86,0.0,67,39202,买盘
662,10:23:16,5.86,0.0,11,6446,买盘
663,10:23:19,5.86,0.0,49,28670,买盘
664,10:23:22,5.86,0.0,10,5860,买盘
665,10:23:24,5.86,0.0,114,66804,买盘
666,10:23:27,5.86,0.0,10,5860,卖盘
667,10:23:31,5.86,0.0,100,58600,卖盘
668,10:23:37,5.86,0.0,13,7618,卖盘
669,10:23:39,5.86,0.0,120,70320,卖盘
670,10:23:42,5.87,0.01,14,8208,买盘
671,10:23:45,5.86,-0.01,20,11720,卖盘
672,10:23:48,5.86,0.0,1,586,卖盘
673,10:24:01,5.87,0.01,18,10566,买盘
674,10:24:04,5.87,0.0,31,18197,买盘
675,10:24:10,5.87,0.0,20,11740,卖盘
676,10:24:19,5.88,0.01,11,6468,买盘
677,10:24:22,5.88,0.0,10,5880,买盘
678,10:24:25,5.87,-0.01,5,2935,卖盘
679,10:24:31,5.87,0.0,7,4113,卖盘
680,10:24:37,5.88,0.01,10,5880,买盘
681,10:24:42,5.88,0.0,4,2352,买盘
682,10:24:45,5.87,-0.01,8,4696,卖盘
683,10:24:55,5.87,0.0,5,2935,卖盘
684,10:25:07,5.87,0.0,16,9392,买盘
685,10:25:48,5.87,0.0,32,18784,卖盘
686,10:25:58,5.87,0.0,28,16436,卖盘
687,10:26:01,5.87,0.0,3,1761,卖盘
688,10:26:40,5.88,0.01,6,3528,买盘
689,10:26:43,5.87,-0.01,14,8218,卖盘
690,10:26:52,5.88,0.01,4,2352,买盘
691,10:26:55,5.88,0.0,40,23520,买盘
692,10:27:04,5.88,0.0,5,2940,买盘
693,10:27:15,5.88,0.0,3,1764,买盘
694,10:27:21,5.87,-0.01,9,5283,卖盘
695,10:27:24,5.87,0.0,10,5870,卖盘
696,10:27:27,5.88,0.01,2,1176,买盘
697,10:27:31,5.88,0.0,10,5880,买盘
698,10:27:40,5.87,-0.01,1,587,卖盘
699,10:27:43,5.87,0.0,77,45199,卖盘
700,10:27:46,5.88,0.01,30,17640,买盘
701,10:27:49,5.87,-0.01,15,8805,卖盘
702,10:28:01,5.87,0.0,9,5283,卖盘
703,10:28:04,5.88,0.01,101,59337,买盘
704,10:28:24,5.88,0.0,2,1176,买盘
705,10:28:37,5.88,0.0,10,5880,买盘
706,10:28:40,5.88,0.0,3,1764,买盘
707,10:29:04,5.88,0.0,127,74676,买盘
708,10:29:16,5.88,0.0,20,11760,买盘
709,10:29:19,5.87,-0.01,40,23480,卖盘
710,10:29:31,5.87,0.0,100,58700,卖盘
711,10:29:37,5.87,0.0,92,54004,卖盘
712,10:29:46,5.87,0.0,20,11740,买盘
713,10:29:51,5.87,0.0,2,1174,买盘
714,10:29:55,5.87,0.0,20,11740,买盘
715,10:30:06,5.87,0.0,59,34633,买盘
716,10:30:19,5.87,0.0,80,46897,买盘
717,10:30:28,5.86,-0.01,31,18166,卖盘
718,10:30:30,5.86,0.0,2,1172,卖盘
719,10:30:40,5.87,0.01,30,17610,买盘
720,10:30:45,5.88,0.01,232,136304,买盘
721,10:30:52,5.86,-0.02,6,3518,卖盘
722,10:30:57,5.86,0.0,45,26370,卖盘
723,10:31:07,5.86,0.0,9,5274,卖盘
724,10:31:10,5.86,0.0,3,1758,卖盘
725,10:31:21,5.86,0.0,256,150016,卖盘
726,10:31:24,5.86,0.0,15,8790,卖盘
727,10:31:34,5.88,0.02,28,16414,买盘
728,10:31:43,5.86,-0.02,100,58600,卖盘
729,10:31:55,5.86,0.0,31,18166,卖盘
730,10:32:01,5.86,0.0,10,5860,卖盘
731,10:32:04,5.86,0.0,5,2930,卖盘
732,10:32:10,5.87,0.01,20,11740,买盘
733,10:32:12,5.86,-0.01,15,8790,卖盘
734,10:32:28,5.86,0.0,10,5860,卖盘
735,10:32:34,5.87,0.01,9,5283,买盘
736,10:33:04,5.87,0.0,32,18784,买盘
737,10:33:06,5.86,-0.01,100,58600,卖盘
738,10:33:16,5.87,0.01,1,587,买盘
739,10:33:25,5.87,0.0,545,319915,买盘
740,10:33:30,5.87,0.0,25,14675,卖盘
741,10:33:39,5.87,0.0,8,4696,卖盘
742,10:33:58,5.87,0.0,7,4109,卖盘
743,10:34:09,5.87,0.0,20,11740,卖盘
744,10:34:18,5.87,0.0,77,45199,卖盘
745,10:34:30,5.87,0.0,8,4696,买盘
746,10:34:33,5.86,-0.01,78,45710,卖盘
747,10:34:40,5.86,0.0,35,20510,卖盘
748,10:34:43,5.86,0.0,6,3516,卖盘
749,10:34:46,5.86,0.0,7,4102,卖盘
750,10:34:55,5.86,0.0,101,59186,卖盘
751,10:35:07,5.86,0.0,326,191036,卖盘
752,10:35:10,5.86,0.0,9,5274,卖盘
753,10:35:13,5.86,0.0,343,200998,卖盘
754,10:35:28,5.86,0.0,9,5274,买盘
755,10:35:31,5.85,-0.01,20,11700,卖盘
756,10:35:37,5.85,0.0,25,14625,卖盘
757,10:35:39,5.85,0.0,21,12285,卖盘
758,10:35:55,5.85,0.0,138,80730,卖盘
759,10:36:01,5.85,0.0,5,2925,卖盘
760,10:36:04,5.85,0.0,115,67275,卖盘
761,10:36:07,5.85,0.0,2,1170,卖盘
762,10:36:13,5.85,0.0,9,5265,卖盘
763,10:36:28,5.85,0.0,162,94770,卖盘
764,10:36:31,5.85,0.0,100,58500,卖盘
765,10:36:34,5.85,0.0,179,104715,卖盘
766,10:36:40,5.85,0.0,327,191295,卖盘
767,10:36:43,5.85,0.0,50,29250,卖盘
768,10:36:46,5.85,0.0,60,35100,卖盘
769,10:36:52,5.85,0.0,98,57330,卖盘
770,10:36:57,5.85,0.0,5,2925,卖盘
771,10:37:01,5.85,0.0,1006,588510,卖盘
772,10:37:16,5.85,0.0,5,2925,买盘
773,10:37:19,5.84,-0.01,1,584,卖盘
774,10:37:25,5.84,0.0,50,29200,卖盘
775,10:37:28,5.85,0.01,200,117000,买盘
776,10:37:31,5.84,-0.01,111,64824,卖盘
777,10:37:34,5.85,0.01,104,60740,买盘
778,10:37:37,5.85,0.0,3,1755,买盘
779,10:37:40,5.85,0.0,1,585,买盘
780,10:37:43,5.85,0.0,41,23979,买盘
781,10:37:46,5.84,-0.01,100,58400,卖盘
782,10:37:49,5.85,0.01,46,26907,买盘
783,10:37:52,5.85,0.0,100,58500,买盘
784,10:37:54,5.85,0.0,10,5850,买盘
785,10:37:58,5.85,0.0,95,55575,买盘
786,10:38:01,5.85,0.0,14,8430,买盘
787,10:38:04,5.85,0.0,8,4680,卖盘
788,10:38:22,5.86,0.01,39,22854,买盘
789,10:38:31,5.86,0.0,31,18166,买盘
790,10:38:33,5.85,-0.01,216,126360,卖盘
791,10:38:46,5.85,0.0,10,5850,卖盘
792,10:39:00,5.86,0.01,30,17580,买盘
793,10:39:04,5.85,-0.01,1000,585000,卖盘
794,10:39:10,5.85,0.0,1,585,卖盘
795,10:39:16,5.86,0.01,2,1172,买盘
796,10:39:25,5.86,0.0,120,70320,买盘
797,10:39:31,5.86,0.0,20,11720,买盘
798,10:39:33,5.86,0.0,25,14650,买盘
799,10:39:52,5.85,-0.01,54,31600,卖盘
800,10:40:00,5.86,0.01,67,39262,买盘
801,10:40:06,5.85,-0.01,40,23400,卖盘
802,10:40:09,5.85,0.0,16,9366,卖盘
803,10:40:19,5.85,0.0,1,585,卖盘
804,10:40:31,5.86,0.01,2,1172,买盘
805,10:40:34,5.85,-0.01,1,585,卖盘
806,10:40:37,5.85,0.0,7,4095,卖盘
807,10:40:40,5.85,0.0,15,8775,卖盘
808,10:40:49,5.86,0.01,13,7618,买盘
809,10:41:04,5.86,0.0,15,8780,买盘
810,10:41:12,5.85,-0.01,51,29835,卖盘
811,10:41:16,5.85,0.0,81,47390,卖盘
812,10:41:33,5.85,0.0,185,108226,卖盘
813,10:41:37,5.86,0.01,6,3516,买盘
814,10:41:39,5.86,0.0,10,5860,买盘
815,10:41:42,5.85,-0.01,108,63180,卖盘
816,10:41:45,5.86,0.01,32,18752,买盘
817,10:41:52,5.85,-0.01,13,7605,卖盘
818,10:41:55,5.85,0.0,82,47970,卖盘
819,10:42:01,5.85,0.0,9,5265,卖盘
820,10:42:04,5.85,0.0,5,2925,卖盘
821,10:42:09,5.85,0.0,10,5850,卖盘
822,10:42:13,5.85,0.0,43,25155,卖盘
823,10:42:16,5.86,0.01,17,9962,买盘
824,10:42:18,5.85,-0.01,60,35100,卖盘
825,10:42:28,5.85,0.0,1,585,卖盘
826,10:42:31,5.85,0.0,23,13456,卖盘
827,10:42:40,5.85,0.0,20,11700,卖盘
828,10:42:43,5.85,0.0,16,9360,卖盘
829,10:42:46,5.85,0.0,50,29250,卖盘
830,10:42:51,5.85,0.0,21,12285,卖盘
831,10:42:58,5.85,0.0,10,5850,卖盘
832,10:43:00,5.86,0.01,21,12296,买盘
833,10:43:04,5.85,-0.01,91,53235,卖盘
834,10:43:07,5.86,0.01,51,29836,买盘
835,10:43:10,5.85,-0.01,1,585,卖盘
836,10:43:16,5.85,0.0,8,4680,卖盘
837,10:43:25,5.85,0.0,47,27495,卖盘
838,10:43:31,5.86,0.01,17,9962,买盘
839,10:43:34,5.85,-0.01,68,39780,卖盘
840,10:43:37,5.85,0.0,20,11700,卖盘
841,10:43:43,5.85,0.0,210,122850,卖盘
842,10:43:46,5.85,0.0,237,138645,卖盘
843,10:43:49,5.85,0.0,25,14625,卖盘
844,10:43:52,5.85,0.0,95,55575,卖盘
845,10:43:58,5.84,-0.01,8,4672,卖盘
846,10:44:01,5.85,0.01,3,1755,买盘
847,10:44:04,5.84,-0.01,11,6424,卖盘
848,10:44:16,5.85,0.01,20,11700,买盘
849,10:44:19,5.85,0.0,22,12870,买盘
850,10:44:28,5.85,0.0,320,187200,买盘
851,10:44:36,5.85,0.0,160,93600,买盘
852,10:44:40,5.85,0.0,9,5265,卖盘
853,10:44:43,5.85,0.0,24,14040,卖盘
854,10:44:49,5.85,0.0,164,95940,卖盘
855,10:44:52,5.85,0.0,8,4680,卖盘
856,10:45:10,5.85,0.0,87,50895,卖盘
857,10:45:13,5.85,0.0,3,1755,卖盘
858,10:45:18,5.85,0.0,28,16382,卖盘
859,10:45:21,5.85,0.0,80,46800,卖盘
860,10:45:24,5.85,0.0,39,22815,卖盘
861,10:45:28,5.85,0.0,3,1755,卖盘
862,10:45:34,5.85,0.0,65,38025,卖盘
863,10:45:37,5.85,0.0,80,46800,卖盘
864,10:45:46,5.85,0.0,129,75465,卖盘
865,10:45:48,5.84,-0.01,13,7595,卖盘
866,10:45:51,5.85,0.01,68,39780,买盘
867,10:45:55,5.85,0.0,2,1170,卖盘
868,10:45:58,5.85,0.0,81,47385,卖盘
869,10:46:04,5.85,0.0,19,11115,买盘
870,10:46:09,5.85,0.0,10,5855,卖盘
871,10:46:13,5.86,0.01,1,586,买盘
872,10:46:16,5.85,-0.01,156,91260,卖盘
873,10:46:19,5.85,0.0,34,19890,买盘
874,10:46:31,5.85,0.0,25,14625,卖盘
875,10:46:40,5.85,0.0,25,14625,卖盘
876,10:46:54,5.85,0.0,30,17550,卖盘
877,10:47:01,5.85,0.0,55,32175,卖盘
878,10:47:07,5.85,0.0,186,108810,卖盘
879,10:47:19,5.85,0.0,13,7605,中性盘
880,10:47:25,5.85,0.0,45,26305,买盘
881,10:47:40,5.85,0.0,2,1170,卖盘
882,10:47:43,5.85,0.0,222,129870,卖盘
883,10:47:52,5.85,0.0,153,89505,卖盘
884,10:47:55,5.85,0.0,42,24570,卖盘
885,10:47:57,5.84,-0.01,76,44384,卖盘
886,10:48:00,5.85,0.01,3,1755,买盘
887,10:48:04,5.85,0.0,22,12870,买盘
888,10:48:09,5.85,0.0,1,585,买盘
889,10:48:15,5.85,0.0,16,9360,买盘
890,10:48:19,5.85,0.0,12,7020,买盘
891,10:48:21,5.85,0.0,13,7605,买盘
892,10:48:25,5.85,0.0,3,1755,买盘
893,10:48:34,5.85,0.0,12,7020,卖盘
894,10:48:37,5.85,0.0,8,4680,卖盘
895,10:48:40,5.84,-0.01,194,113321,卖盘
896,10:48:49,5.85,0.01,61,35685,买盘
897,10:48:52,5.85,0.0,20,11700,卖盘
898,10:48:58,5.85,0.0,50,29250,卖盘
899,10:49:00,5.85,0.0,9,5265,卖盘
900,10:49:04,5.85,0.0,11,6435,买盘
901,10:49:07,5.85,0.0,18,10530,买盘
902,10:49:12,5.86,0.01,34,19924,买盘
903,10:49:28,5.85,-0.01,95,55575,卖盘
904,10:49:31,5.85,0.0,2,1170,卖盘
905,10:49:36,5.85,0.0,10,5858,卖盘
906,10:49:40,5.85,0.0,1,585,卖盘
907,10:49:43,5.85,0.0,2,1170,卖盘
908,10:49:49,5.86,0.01,200,117200,买盘
909,10:49:55,5.85,-0.01,408,238680,卖盘
910,10:50:06,5.85,0.0,175,102375,卖盘
911,10:50:09,5.85,0.0,129,75465,买盘
912,10:50:12,5.85,0.0,5,2925,买盘
913,10:50:18,5.86,0.01,200,117200,买盘
914,10:50:25,5.86,0.0,46,26956,买盘
915,10:50:28,5.86,0.0,17,9962,买盘
916,10:50:31,5.85,-0.01,113,66115,卖盘
917,10:50:43,5.86,0.01,20,11720,买盘
918,10:50:49,5.85,-0.01,102,59778,卖盘
919,10:50:54,5.86,0.01,44,25779,买盘
920,10:51:01,5.86,0.0,80,46880,买盘
921,10:51:04,5.86,0.0,129,75484,买盘
922,10:51:07,5.86,0.0,265,155290,买盘
923,10:51:10,5.85,-0.01,20,11700,卖盘
924,10:51:16,5.86,0.01,20,11720,买盘
925,10:51:25,5.86,0.0,22,12892,买盘
926,10:51:27,5.86,0.0,100,58600,买盘
927,10:51:31,5.86,0.0,5,2930,买盘
928,10:51:34,5.86,0.0,10,5860,买盘
929,10:51:37,5.86,0.0,18,10548,买盘
930,10:51:40,5.85,-0.01,165,96625,卖盘
931,10:51:43,5.86,0.01,37,21667,买盘
932,10:51:46,5.86,0.0,26,15230,买盘
933,10:51:49,5.86,0.0,41,24015,买盘
934,10:51:55,5.86,0.0,21,12289,买盘
935,10:52:00,5.86,0.0,5,2930,买盘
936,10:52:04,5.86,0.0,21,12306,买盘
937,10:52:15,5.86,0.0,13,7618,买盘
938,10:52:18,5.86,0.0,100,58600,买盘
939,10:52:21,5.86,0.0,1,586,买盘
940,10:52:28,5.86,0.0,185,108385,买盘
941,10:52:30,5.86,0.0,10,5860,买盘
942,10:52:40,5.86,0.0,57,33402,买盘
943,10:52:42,5.86,0.0,6,3516,买盘
944,10:52:45,5.86,0.0,56,32816,买盘
945,10:52:55,5.86,0.0,120,70320,买盘
946,10:52:58,5.86,0.0,235,137675,买盘
947,10:53:04,5.86,0.0,306,179316,买盘
948,10:53:07,5.86,0.0,54,31624,买盘
949,10:53:13,5.86,0.0,10,5860,买盘
950,10:53:16,5.86,0.0,2,1418,买盘
951,10:53:34,5.86,0.0,2,1172,卖盘
952,10:53:58,5.86,0.0,17,9962,卖盘
953,10:54:09,5.87,0.01,20,11740,买盘
954,10:54:16,5.86,-0.01,4,2344,卖盘
955,10:54:19,5.87,0.01,70,41090,买盘
956,10:54:34,5.87,0.0,4,2348,买盘
957,10:54:40,5.87,0.0,5,2935,买盘
958,10:54:42,5.86,-0.01,76,44536,卖盘
959,10:54:49,5.86,0.0,20,11720,卖盘
960,10:54:55,5.86,0.0,13,7618,卖盘
961,10:55:04,5.87,0.01,284,166508,买盘
962,10:55:16,5.86,-0.01,10,5865,卖盘
963,10:55:31,5.87,0.01,3,1761,买盘
964,10:56:09,5.87,0.0,19,11153,买盘
965,10:56:15,5.87,0.0,429,251823,买盘
966,10:56:21,5.86,-0.01,17,9972,卖盘
967,10:56:28,5.87,0.01,19,11153,中性盘
968,10:56:40,5.87,0.0,10,5870,买盘
969,10:56:54,5.87,0.0,3,1761,买盘
970,10:57:00,5.86,-0.01,20,11730,卖盘
971,10:57:07,5.87,0.01,11,6457,买盘
972,10:57:10,5.86,-0.01,5,2930,卖盘
973,10:57:30,5.87,0.01,42,24654,买盘
974,10:57:52,5.87,0.0,46,27002,买盘
975,10:57:57,5.86,-0.01,12,7032,卖盘
976,10:58:00,5.87,0.01,5,2935,买盘
977,10:58:04,5.87,0.0,7,4109,买盘
978,10:58:10,5.86,-0.01,52,30522,卖盘
979,10:58:16,5.87,0.01,30,17610,买盘
980,10:58:24,5.87,0.0,110,64570,买盘
981,10:58:36,5.87,0.0,82,48134,买盘
982,10:58:39,5.87,0.0,17,9979,买盘
983,10:58:42,5.87,0.0,12,7044,买盘
984,10:58:52,5.86,-0.01,30,17580,卖盘
985,10:59:04,5.86,0.0,10,5860,卖盘
986,10:59:07,5.87,0.01,4,2348,买盘
987,10:59:25,5.87,0.0,42,24654,买盘
988,10:59:31,5.87,0.0,67,39329,买盘
989,10:59:37,5.86,-0.01,117,68562,卖盘
990,10:59:42,5.87,0.01,1,587,买盘
991,10:59:49,5.86,-0.01,50,29300,卖盘
992,10:59:52,5.86,0.0,60,35212,卖盘
993,11:00:04,5.86,0.0,4,2344,卖盘
994,11:00:07,5.86,0.0,11,6449,卖盘
995,11:00:28,5.86,0.0,74,43364,卖盘
996,11:00:31,5.86,0.0,3,1758,卖盘
997,11:00:33,5.87,0.01,26,15262,买盘
998,11:00:37,5.86,-0.01,21,12306,卖盘
999,11:00:54,5.87,0.01,34,19958,买盘
1000,11:01:18,5.87,0.0,15,8805,买盘
1001,11:01:52,5.87,0.0,64,37568,买盘
1002,11:01:54,5.86,-0.01,82,48052,卖盘
1003,11:01:58,5.86,0.0,36,21096,卖盘
1004,11:02:00,5.86,0.0,20,11720,卖盘
1005,11:02:22,5.86,0.0,30,17580,卖盘
1006,11:02:43,5.86,0.0,10,5860,卖盘
1007,11:03:01,5.86,0.0,45,26370,卖盘
1008,11:03:13,5.86,0.0,3,1758,卖盘
1009,11:03:27,5.86,0.0,10,5860,卖盘
1010,11:03:34,5.86,0.0,10,5860,卖盘
1011,11:03:49,5.86,0.0,20,11720,卖盘
1012,11:04:13,5.87,0.01,23,13501,买盘
1013,11:04:27,5.87,0.0,50,29350,买盘
1014,11:04:49,5.87,0.0,2,1174,买盘
1015,11:04:58,5.86,-0.01,8,4688,卖盘
1016,11:05:22,5.86,0.0,78,45708,卖盘
1017,11:05:25,5.86,0.0,7,4102,卖盘
1018,11:05:34,5.86,0.0,6,3516,卖盘
1019,11:05:37,5.86,0.0,1,586,卖盘
1020,11:05:43,5.87,0.01,24,14088,买盘
1021,11:06:28,5.87,0.0,10,5870,买盘
1022,11:06:46,5.87,0.0,9,5283,买盘
1023,11:06:54,5.86,-0.01,25,14650,卖盘
1024,11:07:07,5.86,0.0,3,1758,卖盘
1025,11:07:10,5.86,0.0,1444,846184,卖盘
1026,11:07:13,5.86,0.0,10,5860,卖盘
1027,11:07:22,5.86,0.0,30,17580,卖盘
1028,11:07:25,5.86,0.0,30,17580,卖盘
1029,11:07:31,5.86,0.0,25,14650,买盘
1030,11:07:34,5.85,-0.01,6,3510,卖盘
1031,11:08:07,5.85,0.0,6,3510,卖盘
1032,11:08:10,5.86,0.01,12,7032,买盘
1033,11:08:19,5.85,-0.01,10,5850,卖盘
1034,11:08:22,5.85,0.0,179,104715,卖盘
1035,11:08:34,5.85,0.0,66,38610,卖盘
1036,11:08:37,5.86,0.01,2,1172,买盘
1037,11:08:39,5.85,-0.01,76,44460,卖盘
1038,11:08:46,5.85,0.0,12,7020,卖盘
1039,11:08:48,5.86,0.01,10,5860,买盘
1040,11:08:52,5.86,0.0,40,23440,买盘
1041,11:09:04,5.85,-0.01,42,24570,卖盘
1042,11:09:07,5.85,0.0,8,4680,卖盘
1043,11:09:22,5.85,0.0,1459,853515,卖盘
1044,11:09:25,5.85,0.0,2,1170,买盘
1045,11:09:33,5.84,-0.01,13,7592,卖盘
1046,11:09:37,5.84,0.0,518,302454,卖盘
1047,11:09:46,5.85,0.01,260,152090,买盘
1048,11:09:49,5.85,0.0,2,1170,买盘
1049,11:09:52,5.84,-0.01,542,316528,卖盘
1050,11:09:58,5.84,0.0,6,3504,卖盘
1051,11:10:01,5.84,0.0,145,84680,卖盘
1052,11:10:04,5.85,0.01,20,11700,买盘
1053,11:10:06,5.84,-0.01,170,99280,卖盘
1054,11:10:09,5.85,0.01,56,32754,买盘
1055,11:10:12,5.84,-0.01,91,53185,卖盘
1056,11:10:19,5.84,0.0,22,12848,卖盘
1057,11:10:25,5.84,0.0,247,144248,卖盘
1058,11:10:30,5.84,0.0,14,8176,卖盘
1059,11:10:33,5.84,0.0,1,584,卖盘
1060,11:10:40,5.84,0.0,5,2920,卖盘
1061,11:10:42,5.85,0.01,5,2925,买盘
1062,11:10:46,5.85,0.0,100,58500,买盘
1063,11:10:49,5.85,0.0,1,585,买盘
1064,11:10:52,5.85,0.0,250,146250,买盘
1065,11:11:01,5.84,-0.01,1,584,卖盘
1066,11:11:09,5.85,0.01,1,585,买盘
1067,11:11:13,5.85,0.0,3,1755,买盘
1068,11:11:18,5.85,0.0,5,2925,买盘
1069,11:11:21,5.84,-0.01,13,7592,卖盘
1070,11:11:24,5.85,0.01,2,1170,买盘
1071,11:11:34,5.85,0.0,8,4680,买盘
1072,11:11:39,5.84,-0.01,3,1752,卖盘
1073,11:11:43,5.85,0.01,3,1755,买盘
1074,11:11:52,5.85,0.0,150,87750,买盘
1075,11:12:16,5.85,0.0,16,9360,买盘
1076,11:12:19,5.85,0.0,34,19890,卖盘
1077,11:12:22,5.85,0.0,94,54990,买盘
1078,11:12:25,5.85,0.0,10,5850,买盘
1079,11:12:28,5.85,0.0,2,1170,买盘
1080,11:12:30,5.85,0.0,30,17550,买盘
1081,11:12:37,5.85,0.0,41,23985,买盘
1082,11:13:10,5.85,0.0,40,23400,卖盘
1083,11:13:21,5.85,0.0,13,7605,卖盘
1084,11:13:24,5.85,0.0,20,11700,卖盘
1085,11:13:28,5.86,0.01,3,1758,买盘
1086,11:13:34,5.86,0.0,23,13478,买盘
1087,11:13:48,5.86,0.0,58,33968,买盘
1088,11:14:10,5.85,-0.01,24,14040,卖盘
1089,11:14:16,5.85,0.0,20,11700,卖盘
1090,11:14:25,5.85,0.0,8,4682,卖盘
1091,11:14:28,5.85,0.0,5,2925,卖盘
1092,11:14:34,5.85,0.0,59,34515,卖盘
1093,11:14:37,5.85,0.0,2,1170,卖盘
1094,11:14:40,5.86,0.01,10,5860,买盘
1095,11:14:43,5.85,-0.01,6,3510,卖盘
1096,11:14:45,5.85,0.0,2,1170,卖盘
1097,11:14:49,5.86,0.01,31,18166,买盘
1098,11:14:58,5.86,0.0,100,58600,买盘
1099,11:15:04,5.85,-0.01,13,7605,卖盘
1100,11:15:10,5.85,0.0,554,324090,卖盘
1101,11:15:15,5.84,-0.01,15,8763,卖盘
1102,11:15:19,5.84,0.0,12,7008,卖盘
1103,11:15:22,5.84,0.0,76,44384,卖盘
1104,11:15:24,5.85,0.01,20,11700,买盘
1105,11:15:28,5.84,-0.01,6,3504,卖盘
1106,11:15:37,5.85,0.01,10,5850,买盘
1107,11:15:40,5.85,0.0,4,2340,买盘
1108,11:15:49,5.85,0.0,919,536698,买盘
1109,11:15:57,5.84,-0.01,10,5840,卖盘
1110,11:16:06,5.85,0.01,100,58500,买盘
1111,11:16:19,5.85,0.0,1,585,买盘
1112,11:16:22,5.85,0.0,20,11700,买盘
1113,11:16:25,5.85,0.0,3,1755,买盘
1114,11:16:28,5.85,0.0,39,22815,买盘
1115,11:16:31,5.84,-0.01,77,44968,卖盘
1116,11:16:40,5.84,0.0,14,8184,卖盘
1117,11:16:43,5.84,0.0,3,1752,卖盘
1118,11:16:51,5.84,0.0,10,5840,卖盘
1119,11:16:55,5.84,0.0,4,2336,卖盘
1120,11:16:57,5.84,0.0,18,10512,卖盘
1121,11:17:10,5.84,0.0,10,5840,卖盘
1122,11:17:13,5.85,0.01,18,10520,买盘
1123,11:17:19,5.85,0.0,200,117000,买盘
1124,11:17:21,5.85,0.0,5,2925,买盘
1125,11:17:34,5.84,-0.01,607,354498,卖盘
1126,11:17:40,5.85,0.01,500,292500,买盘
1127,11:17:43,5.85,0.0,10,5850,买盘
1128,11:17:49,5.84,-0.01,3,1752,卖盘
1129,11:18:04,5.85,0.01,50,29250,买盘
1130,11:18:10,5.84,-0.01,10,5840,卖盘
1131,11:18:13,5.84,0.0,3,1752,卖盘
1132,11:18:16,5.85,0.01,15,8775,买盘
1133,11:18:19,5.85,0.0,209,122256,买盘
1134,11:18:25,5.84,-0.01,1,584,卖盘
1135,11:18:28,5.84,0.0,5,2920,卖盘
1136,11:18:31,5.84,0.0,3,1752,卖盘
1137,11:18:34,5.85,0.01,100,58500,买盘
1138,11:18:36,5.85,0.0,3,1755,买盘
1139,11:18:48,5.84,-0.01,16,9349,卖盘
1140,11:18:58,5.85,0.01,6,3510,买盘
1141,11:19:04,5.85,0.0,1,585,买盘
1142,11:19:16,5.85,0.0,3,1755,买盘
1143,11:19:18,5.84,-0.01,246,143784,卖盘
1144,11:19:28,5.85,0.01,10,5850,买盘
1145,11:19:40,5.85,0.0,53,31002,买盘
1146,11:19:43,5.84,-0.01,5,2920,卖盘
1147,11:19:46,5.85,0.01,2,1170,买盘
1148,11:20:01,5.85,0.0,10,5850,买盘
1149,11:20:04,5.85,0.0,10,5850,买盘
1150,11:20:09,5.85,0.0,50,29250,买盘
1151,11:20:34,5.84,-0.01,1,584,卖盘
1152,11:20:36,5.84,0.0,2,1168,卖盘
1153,11:20:52,5.85,0.01,40,23400,买盘
1154,11:21:01,5.84,-0.01,39,22776,卖盘
1155,11:21:12,5.85,0.01,4,2340,买盘
1156,11:21:28,5.85,0.0,18,10530,买盘
1157,11:21:30,5.85,0.0,5,2925,买盘
1158,11:21:37,5.85,0.0,152,88920,买盘
1159,11:21:43,5.85,0.0,8,4680,买盘
1160,11:21:45,5.85,0.0,5,2925,买盘
1161,11:21:52,5.85,0.0,6,3510,买盘
1162,11:21:55,5.85,0.0,10,5850,买盘
1163,11:21:58,5.85,0.0,28,16380,买盘
1164,11:22:01,5.84,-0.01,30,17520,卖盘
1165,11:22:04,5.84,0.0,76,44384,卖盘
1166,11:22:10,5.85,0.01,5,2925,买盘
1167,11:22:18,5.84,-0.01,86,50224,卖盘
1168,11:22:21,5.85,0.01,20,11700,买盘
1169,11:22:24,5.85,0.0,100,58500,买盘
1170,11:22:27,5.85,0.0,20,11700,买盘
1171,11:22:33,5.85,0.0,361,210836,买盘
1172,11:22:37,5.85,0.0,31,18135,买盘
1173,11:22:40,5.85,0.0,20,11700,买盘
1174,11:22:43,5.85,0.0,50,29250,买盘
1175,11:22:45,5.85,0.0,351,205003,买盘
1176,11:22:49,5.85,0.0,2,1170,买盘
1177,11:22:52,5.85,0.0,25,14625,买盘
1178,11:22:55,5.85,0.0,3,1755,买盘
1179,11:22:58,5.85,0.0,5,2925,买盘
1180,11:23:01,5.85,0.0,21,12285,买盘
1181,11:23:07,5.85,0.0,32,18720,买盘
1182,11:23:10,5.85,0.0,150,87750,买盘
1183,11:23:16,5.85,0.0,25,14625,买盘
1184,11:23:19,5.85,0.0,51,29835,买盘
1185,11:23:22,5.85,0.0,25,14625,买盘
1186,11:23:27,5.85,0.0,5,2925,买盘
1187,11:23:31,5.85,0.0,15,8775,买盘
1188,11:23:34,5.85,0.0,6,3510,买盘
1189,11:23:40,5.84,-0.01,45,26300,卖盘
1190,11:23:43,5.85,0.01,50,29250,买盘
1191,11:23:46,5.85,0.0,42,24570,买盘
1192,11:23:49,5.85,0.0,40,23380,买盘
1193,11:23:55,5.85,0.0,10,5850,买盘
1194,11:24:00,5.84,-0.01,12,7018,卖盘
1195,11:24:12,5.85,0.01,10,5850,买盘
1196,11:24:19,5.85,0.0,5,2925,买盘
1197,11:24:28,5.84,-0.01,5,2920,卖盘
1198,11:24:55,5.85,0.01,17,9945,买盘
1199,11:25:22,5.85,0.0,25,14625,买盘
1200,11:25:27,5.85,0.0,16,9360,买盘
1201,11:25:30,5.84,-0.01,19,11096,卖盘
1202,11:25:33,5.85,0.01,3,1755,买盘
1203,11:25:46,5.85,0.0,3,1755,买盘
1204,11:25:49,5.85,0.0,50,29250,买盘
1205,11:26:00,5.85,0.0,6,3510,买盘
1206,11:26:06,5.85,0.0,30,17550,买盘
1207,11:26:12,5.85,0.0,29,16965,买盘
1208,11:26:25,5.85,0.0,10,5850,买盘
1209,11:26:28,5.85,0.0,31,18127,买盘
1210,11:26:33,5.84,-0.01,7,4088,卖盘
1211,11:26:39,5.84,0.0,8,4672,卖盘
1212,11:26:43,5.85,0.01,11,6435,买盘
1213,11:26:55,5.84,-0.01,8,4672,卖盘
1214,11:27:04,5.85,0.01,16,9360,买盘
1215,11:27:06,5.84,-0.01,8,4672,卖盘
1216,11:27:16,5.84,0.0,5,2920,卖盘
1217,11:27:36,5.85,0.01,24,14040,买盘
1218,11:28:00,5.85,0.0,9,5259,买盘
1219,11:28:12,5.85,0.0,10,5850,买盘
1220,11:28:19,5.85,0.0,20,11700,买盘
1221,11:28:31,5.85,0.0,10,5850,买盘
1222,11:28:33,5.85,0.0,15,8775,买盘
1223,11:28:46,5.85,0.0,5,2925,买盘
1224,11:28:49,5.84,-0.01,82,47888,卖盘
1225,11:29:04,5.84,0.0,75,43800,卖盘
1226,11:29:06,5.84,0.0,153,89352,卖盘
1227,11:29:09,5.84,0.0,81,47304,卖盘
1228,11:29:12,5.84,0.0,84,49056,卖盘
1229,11:29:16,5.84,0.0,61,35624,卖盘
1230,11:29:19,5.84,0.0,10,5840,卖盘
1231,11:29:21,5.84,0.0,91,53144,卖盘
1232,11:29:33,5.84,0.0,75,43800,卖盘
1233,11:29:43,5.84,0.0,10,5840,卖盘
1234,11:29:45,5.84,0.0,18,10512,卖盘
1235,11:29:48,5.84,0.0,10,5840,卖盘
1236,11:29:54,5.85,0.01,1,585,买盘
1237,13:00:04,5.84,-0.01,1266,739471,卖盘
1238,13:00:07,5.84,0.0,72,42048,卖盘
1239,13:00:10,5.84,0.0,6,3504,卖盘
1240,13:00:19,5.84,0.0,6,3504,卖盘
1241,13:00:22,5.84,0.0,19,11096,卖盘
1242,13:00:28,5.84,0.0,7,4088,卖盘
1243,13:00:30,5.84,0.0,3,1752,卖盘
1244,13:00:36,5.85,0.01,17,9945,买盘
1245,13:00:45,5.85,0.0,27,15795,买盘
1246,13:01:15,5.84,-0.01,153,89410,卖盘
1247,13:01:27,5.83,-0.01,19,11077,卖盘
1248,13:01:42,5.83,0.0,8,4664,卖盘
1249,13:01:45,5.84,0.01,10,5840,买盘
1250,13:01:48,5.83,-0.01,50,29150,卖盘
1251,13:01:54,5.83,0.0,16,9328,卖盘
1252,13:02:09,5.84,0.01,18,10512,买盘
1253,13:02:15,5.84,0.0,54,31536,买盘
1254,13:02:19,5.84,0.0,30,17520,买盘
1255,13:02:27,5.84,0.0,14,8176,买盘
1256,13:02:30,5.84,0.0,65,37960,买盘
1257,13:02:36,5.84,0.0,4,2336,买盘
1258,13:02:39,5.84,0.0,3,1752,买盘
1259,13:02:49,5.83,-0.01,28,16324,卖盘
1260,13:02:52,5.84,0.01,9,5256,买盘
1261,13:03:12,5.83,-0.01,305,177564,卖盘
1262,13:03:19,5.83,0.0,31,18073,卖盘
1263,13:03:22,5.84,0.01,5,2920,买盘
1264,13:03:24,5.83,-0.01,10,5830,卖盘
1265,13:03:31,5.84,0.01,53,30952,买盘
1266,13:03:55,5.84,0.0,2,1168,买盘
1267,13:03:58,5.84,0.0,5,2920,买盘
1268,13:04:01,5.84,0.0,5,2920,买盘
1269,13:04:18,5.84,0.0,85,49640,买盘
1270,13:04:31,5.84,0.0,10,5840,买盘
1271,13:04:39,5.84,0.0,10,5840,买盘
1272,13:04:49,5.84,0.0,11,6424,买盘
1273,13:04:57,5.83,-0.01,27,15741,卖盘
1274,13:05:00,5.84,0.01,44,25696,买盘
1275,13:05:10,5.83,-0.01,51,29733,卖盘
1276,13:05:16,5.83,0.0,11,6413,卖盘
1277,13:05:22,5.83,0.0,8,4664,卖盘
1278,13:05:25,5.83,0.0,10,5830,卖盘
1279,13:05:28,5.83,0.0,6,3498,卖盘
1280,13:05:31,5.83,0.0,1,583,卖盘
1281,13:05:37,5.84,0.01,30,17520,买盘
1282,13:05:40,5.83,-0.01,476,277470,卖盘
1283,13:05:43,5.83,0.0,2,1166,卖盘
1284,13:05:49,5.83,0.0,38,22154,卖盘
1285,13:05:52,5.84,0.01,30,17520,买盘
1286,13:06:06,5.83,-0.01,8,4664,卖盘
1287,13:06:13,5.83,0.0,55,32065,卖盘
1288,13:06:16,5.83,0.0,180,104940,卖盘
1289,13:06:25,5.83,0.0,5,2915,卖盘
1290,13:06:28,5.84,0.01,20,11680,买盘
1291,13:06:34,5.83,-0.01,200,116600,卖盘
1292,13:06:37,5.83,0.0,300,174900,卖盘
1293,13:06:45,5.83,0.0,688,401404,卖盘
1294,13:06:52,5.83,0.0,24,13992,卖盘
1295,13:07:01,5.84,0.01,124,72416,买盘
1296,13:07:10,5.83,-0.01,17,9911,卖盘
1297,13:07:21,5.83,0.0,11,6423,卖盘
1298,13:07:24,5.83,0.0,9,5247,卖盘
1299,13:07:34,5.83,0.0,125,72875,卖盘
1300,13:07:37,5.83,0.0,15,8745,卖盘
1301,13:07:40,5.84,0.01,1,584,买盘
1302,13:07:46,5.83,-0.01,9,5247,卖盘
1303,13:07:48,5.84,0.01,49,28586,买盘
1304,13:07:51,5.84,0.0,11,6424,买盘
1305,13:08:04,5.84,0.0,269,157096,买盘
1306,13:08:06,5.84,0.0,42,24526,买盘
1307,13:08:09,5.84,0.0,27,15768,买盘
1308,13:08:19,5.84,0.0,10,5840,买盘
1309,13:08:25,5.83,-0.01,63,36732,卖盘
1310,13:08:28,5.84,0.01,81,47304,买盘
1311,13:08:31,5.83,-0.01,20,11660,卖盘
1312,13:08:34,5.84,0.01,10,5840,买盘
1313,13:08:43,5.83,-0.01,7,4081,卖盘
1314,13:08:46,5.84,0.01,140,81630,买盘
1315,13:08:52,5.83,-0.01,6,3498,卖盘
1316,13:08:57,5.83,0.0,210,122430,卖盘
1317,13:09:09,5.83,0.0,4,2332,卖盘
1318,13:09:15,5.83,0.0,56,32648,卖盘
1319,13:09:22,5.84,0.01,3,1752,买盘
1320,13:09:37,5.84,0.0,10,5840,买盘
1321,13:09:51,5.83,-0.01,9,5247,卖盘
1322,13:09:58,5.83,0.0,20,11660,卖盘
1323,13:10:01,5.83,0.0,105,61300,卖盘
1324,13:10:07,5.84,0.01,40,23340,买盘
1325,13:10:13,5.83,-0.01,91,53053,卖盘
1326,13:10:16,5.83,0.0,6,3498,卖盘
1327,13:10:19,5.84,0.01,14,8176,买盘
1328,13:10:22,5.84,0.0,2,1168,买盘
1329,13:10:25,5.84,0.0,16,9344,买盘
1330,13:10:34,5.83,-0.01,12,6996,卖盘
1331,13:10:37,5.83,0.0,6,3498,卖盘
1332,13:10:40,5.84,0.01,19,11096,买盘
1333,13:10:49,5.83,-0.01,188,109604,卖盘
1334,13:10:54,5.83,0.0,152,88616,卖盘
1335,13:11:10,5.83,0.0,1212,706596,卖盘
1336,13:11:13,5.83,0.0,39,22742,卖盘
1337,13:11:16,5.83,0.0,9,5247,卖盘
1338,13:11:19,5.83,0.0,200,116600,卖盘
1339,13:11:22,5.83,0.0,20,11660,卖盘
1340,13:11:24,5.83,0.0,100,58300,卖盘
1341,13:11:27,5.83,0.0,50,29150,卖盘
1342,13:11:34,5.83,0.0,112,65296,卖盘
1343,13:11:37,5.83,0.0,81,47532,卖盘
1344,13:11:40,5.83,0.0,57,33231,买盘
1345,13:11:43,5.83,0.0,4,2023,买盘
1346,13:11:49,5.84,0.01,14,8176,买盘
1347,13:11:57,5.83,-0.01,3,1749,卖盘
1348,13:12:00,5.83,0.0,7,4081,卖盘
1349,13:12:04,5.84,0.01,48,28032,买盘
1350,13:12:13,5.84,0.0,5,2920,买盘
1351,13:12:25,5.83,-0.01,14,8162,卖盘
1352,13:12:28,5.83,0.0,77,44891,卖盘
1353,13:12:37,5.84,0.01,200,116800,买盘
1354,13:12:46,5.84,0.0,100,58400,买盘
1355,13:12:49,5.84,0.0,22,12830,买盘
1356,13:12:58,5.84,0.0,20,11680,买盘
1357,13:13:00,5.84,0.0,20,11680,买盘
1358,13:13:07,5.84,0.0,100,58400,买盘
1359,13:13:09,5.83,-0.01,320,186590,卖盘
1360,13:13:16,5.84,0.01,53,30952,买盘
1361,13:13:19,5.84,0.0,230,134175,买盘
1362,13:13:22,5.84,0.0,50,29200,买盘
1363,13:13:28,5.83,-0.01,73,42559,卖盘
1364,13:13:40,5.83,0.0,36,20988,卖盘
1365,13:13:55,5.84,0.01,50,29200,买盘
1366,13:13:57,5.84,0.0,22,12848,买盘
1367,13:14:04,5.84,0.0,200,116800,买盘
1368,13:14:10,5.83,-0.01,60,34982,卖盘
1369,13:14:15,5.83,0.0,90,52470,卖盘
1370,13:14:22,5.84,0.01,21,12264,买盘
1371,13:14:27,5.84,0.0,1,584,买盘
1372,13:14:30,5.84,0.0,5,2920,买盘
1373,13:14:37,5.83,-0.01,20,11660,卖盘
1374,13:14:55,5.83,0.0,8,4664,卖盘
1375,13:15:01,5.84,0.01,2,1168,买盘
1376,13:15:04,5.84,0.0,90,52560,买盘
1377,13:15:07,5.83,-0.01,11,6413,卖盘
1378,13:15:15,5.84,0.01,19,11081,买盘
1379,13:15:19,5.83,-0.01,17,9911,卖盘
1380,13:15:25,5.84,0.01,20,11680,买盘
1381,13:15:34,5.84,0.0,20,11680,买盘
1382,13:15:37,5.84,0.0,3,1752,买盘
1383,13:15:46,5.84,0.0,20,11680,买盘
1384,13:15:48,5.84,0.0,27,15758,买盘
1385,13:15:54,5.83,-0.01,35,20405,卖盘
1386,13:15:58,5.84,0.01,2,1168,买盘
1387,13:16:07,5.83,-0.01,10,5830,卖盘
1388,13:16:13,5.84,0.01,28,16352,买盘
1389,13:16:19,5.84,0.0,173,101032,买盘
1390,13:16:27,5.84,0.0,44,25666,买盘
1391,13:16:34,5.83,-0.01,65,37895,卖盘
1392,13:16:40,5.84,0.01,26,15184,买盘
1393,13:16:43,5.83,-0.01,18,10494,卖盘
1394,13:16:46,5.83,0.0,14,8162,卖盘
1395,13:16:49,5.83,0.0,1,583,卖盘
1396,13:16:58,5.84,0.01,44,25696,买盘
1397,13:17:00,5.83,-0.01,95,55385,卖盘
1398,13:17:04,5.84,0.01,3,1752,买盘
1399,13:17:13,5.84,0.0,5,2920,买盘
1400,13:17:22,5.83,-0.01,10,5830,卖盘
1401,13:17:25,5.84,0.01,108,63066,买盘
1402,13:17:28,5.83,-0.01,85,49555,卖盘
1403,13:17:33,5.83,0.0,18,10494,卖盘
1404,13:17:43,5.83,0.0,123,71709,卖盘
1405,13:17:46,5.83,0.0,94,54802,卖盘
1406,13:17:49,5.83,0.0,18,10494,卖盘
1407,13:17:52,5.83,0.0,9,5247,卖盘
1408,13:18:00,5.83,0.0,10,5830,卖盘
1409,13:18:04,5.83,0.0,8,4664,卖盘
1410,13:18:10,5.84,0.01,17,9916,买盘
1411,13:18:25,5.83,-0.01,155,90365,卖盘
1412,13:18:28,5.83,0.0,13,7579,卖盘
1413,13:18:34,5.83,0.0,62,36146,卖盘
1414,13:18:46,5.83,0.0,215,125345,卖盘
1415,13:18:49,5.83,0.0,190,110770,卖盘
1416,13:19:04,5.83,0.0,30,17490,卖盘
1417,13:19:06,5.83,0.0,100,58300,卖盘
1418,13:19:10,5.83,0.0,10,5830,卖盘
1419,13:19:13,5.83,0.0,177,103191,卖盘
1420,13:19:27,5.83,0.0,10,5830,卖盘
1421,13:19:34,5.84,0.01,16,9329,买盘
1422,13:19:43,5.83,-0.01,24,13992,卖盘
1423,13:19:46,5.83,0.0,70,40810,卖盘
1424,13:19:49,5.83,0.0,70,40810,卖盘
1425,13:19:55,5.83,0.0,350,204050,卖盘
1426,13:19:57,5.83,0.0,7,4081,卖盘
1427,13:20:01,5.83,0.0,71,41705,卖盘
1428,13:20:07,5.83,0.0,10,5830,买盘
1429,13:20:16,5.82,-0.01,41,23862,卖盘
1430,13:20:27,5.82,0.0,170,98940,卖盘
1431,13:20:30,5.83,0.01,222,129426,买盘
1432,13:20:40,5.82,-0.01,1,582,卖盘
1433,13:20:43,5.83,0.01,104,60632,买盘
1434,13:20:46,5.82,-0.01,80,46630,卖盘
1435,13:20:49,5.83,0.01,10,5830,买盘
1436,13:20:51,5.83,0.0,53,30899,买盘
1437,13:20:55,5.83,0.0,189,109878,买盘
1438,13:20:57,5.83,0.0,166,97087,卖盘
1439,13:21:01,5.83,0.0,11,6403,买盘
1440,13:21:04,5.83,0.0,99,57408,买盘
1441,13:21:07,5.83,0.0,41,24212,卖盘
1442,13:21:10,5.83,0.0,19,11077,买盘
1443,13:21:13,5.83,0.0,55,31756,买盘
1444,13:21:16,5.83,0.0,60,34980,卖盘
1445,13:21:22,5.83,0.0,20,11660,卖盘
1446,13:21:30,5.83,0.0,6,3498,卖盘
1447,13:21:34,5.84,0.01,45,26280,买盘
1448,13:21:46,5.83,-0.01,190,110770,卖盘
1449,13:21:55,5.83,0.0,127,74045,卖盘
1450,13:22:04,5.83,0.0,143,83369,卖盘
1451,13:22:12,5.83,0.0,43,25069,卖盘
1452,13:22:16,5.84,0.01,20,11680,买盘
1453,13:22:31,5.83,-0.01,30,17490,卖盘
1454,13:22:34,5.84,0.01,262,153008,买盘
1455,13:22:36,5.84,0.0,10,5840,买盘
1456,13:22:40,5.83,-0.01,6,3498,卖盘
1457,13:22:43,5.83,0.0,11,6413,卖盘
1458,13:22:46,5.84,0.01,30,17520,买盘
1459,13:22:55,5.84,0.0,1,584,买盘
1460,13:23:01,5.84,0.0,27,15768,买盘
1461,13:23:16,5.83,-0.01,77,44893,卖盘
1462,13:23:19,5.83,0.0,60,34980,卖盘
1463,13:23:25,5.83,0.0,162,94446,卖盘
1464,13:23:37,5.83,0.0,17,9911,卖盘
1465,13:23:43,5.83,0.0,50,29150,卖盘
1466,13:23:52,5.83,0.0,3,1749,卖盘
1467,13:23:55,5.84,0.01,21,12264,买盘
1468,13:24:06,5.83,-0.01,3,1749,卖盘
1469,13:24:34,5.83,0.0,40,23320,卖盘
1470,13:24:37,5.83,0.0,133,77539,卖盘
1471,13:24:42,5.84,0.01,22,12848,买盘
1472,13:24:49,5.83,-0.01,92,53636,卖盘
1473,13:24:52,5.83,0.0,1,583,卖盘
1474,13:24:55,5.84,0.01,10,5840,买盘
1475,13:24:58,5.83,-0.01,45,26235,卖盘
1476,13:25:01,5.83,0.0,3,1749,卖盘
1477,13:25:15,5.83,0.0,3,1749,卖盘
1478,13:25:22,5.84,0.01,49,28616,买盘
1479,13:25:28,5.84,0.0,20,11670,买盘
1480,13:25:30,5.84,0.0,10,5840,买盘
1481,13:25:34,5.84,0.0,10,5840,买盘
1482,13:25:36,5.84,0.0,5,2920,买盘
1483,13:25:42,5.83,-0.01,22,12826,卖盘
1484,13:25:57,5.83,0.0,13,7579,卖盘
1485,13:26:00,5.83,0.0,96,55968,卖盘
1486,13:26:04,5.83,0.0,103,60049,卖盘
1487,13:26:06,5.83,0.0,10,5830,卖盘
1488,13:26:10,5.83,0.0,2,1166,卖盘
1489,13:26:13,5.83,0.0,49,28567,卖盘
1490,13:26:19,5.83,0.0,20,11660,卖盘
1491,13:26:22,5.83,0.0,2,1166,卖盘
1492,13:26:24,5.83,0.0,50,29150,卖盘
1493,13:26:33,5.83,0.0,15,8745,卖盘
1494,13:27:04,5.83,0.0,3,1749,卖盘
1495,13:27:16,5.84,0.01,7,4088,买盘
1496,13:27:34,5.83,-0.01,30,17490,卖盘
1497,13:27:37,5.83,0.0,8,4664,卖盘
1498,13:27:49,5.83,0.0,655,381865,卖盘
1499,13:28:06,5.83,0.0,82,47806,卖盘
1500,13:28:10,5.83,0.0,174,101444,卖盘
1501,13:28:16,5.83,0.0,36,20988,卖盘
1502,13:28:19,5.83,0.0,1,583,卖盘
1503,13:28:40,5.83,0.0,5,2915,卖盘
1504,13:28:43,5.83,0.0,722,420926,卖盘
1505,13:28:46,5.83,0.0,126,73458,卖盘
1506,13:28:54,5.83,0.0,5,2915,卖盘
1507,13:28:58,5.83,0.0,34,19822,卖盘
1508,13:29:04,5.83,0.0,39,22737,卖盘
1509,13:29:15,5.83,0.0,1,583,卖盘
1510,13:29:18,5.83,0.0,102,59466,卖盘
1511,13:29:24,5.83,0.0,39,22737,卖盘
1512,13:29:31,5.83,0.0,30,17490,卖盘
1513,13:29:46,5.84,0.01,12,7008,买盘
1514,13:29:49,5.83,-0.01,84,48972,卖盘
1515,13:29:58,5.83,0.0,70,40810,卖盘
1516,13:30:04,5.83,0.0,30,17490,卖盘
1517,13:30:19,5.84,0.01,2,1168,买盘
1518,13:30:37,5.83,-0.01,3,1749,卖盘
1519,13:30:45,5.83,0.0,39,22737,卖盘
1520,13:31:09,5.84,0.01,160,93290,买盘
1521,13:31:13,5.83,-0.01,119,69377,卖盘
1522,13:31:21,5.83,0.0,1,583,卖盘
1523,13:31:25,5.83,0.0,39,22737,卖盘
1524,13:31:31,5.83,0.0,100,58300,卖盘
1525,13:31:51,5.83,0.0,100,58300,卖盘
1526,13:32:06,5.83,0.0,100,58300,卖盘
1527,13:32:13,5.83,0.0,10,5830,卖盘
1528,13:32:15,5.83,0.0,198,115434,卖盘
1529,13:32:18,5.83,0.0,14,8162,卖盘
1530,13:32:31,5.84,0.01,11,6424,买盘
1531,13:32:36,5.83,-0.01,69,40227,卖盘
1532,13:32:43,5.83,0.0,92,53716,卖盘
1533,13:32:46,5.83,0.0,76,44308,卖盘
1534,13:32:51,5.84,0.01,4,2336,买盘
1535,13:32:57,5.84,0.0,3,1752,买盘
1536,13:33:04,5.83,-0.01,55,32065,卖盘
1537,13:33:07,5.84,0.01,5,2920,买盘
1538,13:33:10,5.84,0.0,30,17520,买盘
1539,13:33:12,5.83,-0.01,50,29150,卖盘
1540,13:33:19,5.84,0.01,4,2336,买盘
1541,13:33:21,5.84,0.0,1,584,买盘
1542,13:33:25,5.84,0.0,10,5840,买盘
1543,13:33:28,5.84,0.0,50,29200,买盘
1544,13:33:31,5.83,-0.01,6,3498,卖盘
1545,13:33:34,5.84,0.01,2,1168,买盘
1546,13:33:37,5.83,-0.01,48,27984,卖盘
1547,13:33:42,5.84,0.01,30,17520,买盘
1548,13:33:48,5.84,0.0,5,2920,买盘
1549,13:33:52,5.83,-0.01,85,49555,卖盘
1550,13:33:55,5.83,0.0,51,29736,卖盘
1551,13:34:04,5.83,0.0,6,3498,卖盘
1552,13:34:06,5.84,0.01,7,4088,买盘
1553,13:34:15,5.83,-0.01,25,14575,卖盘
1554,13:34:31,5.84,0.01,5,2920,买盘
1555,13:34:34,5.83,-0.01,10,5830,卖盘
1556,13:34:40,5.84,0.01,10,5840,买盘
1557,13:34:49,5.83,-0.01,100,58300,卖盘
1558,13:34:52,5.83,0.0,57,33231,卖盘
1559,13:34:58,5.83,0.0,10,5830,卖盘
1560,13:35:01,5.83,0.0,42,24486,卖盘
1561,13:35:04,5.83,0.0,102,59466,卖盘
1562,13:35:09,5.84,0.01,17,9912,买盘
1563,13:35:19,5.83,-0.01,15,8745,卖盘
1564,13:35:25,5.83,0.0,5,2915,卖盘
1565,13:35:28,5.83,0.0,80,46640,卖盘
1566,13:35:37,5.84,0.01,10,5840,买盘
1567,13:35:40,5.83,-0.01,2,1166,卖盘
1568,13:35:43,5.83,0.0,80,46640,卖盘
1569,13:35:52,5.83,0.0,14,8162,卖盘
1570,13:35:55,5.84,0.01,93,54312,买盘
1571,13:35:58,5.83,-0.01,8,4664,卖盘
1572,13:36:01,5.83,0.0,24,13992,卖盘
1573,13:36:06,5.83,0.0,70,40810,卖盘
1574,13:36:10,5.84,0.01,30,17520,买盘
1575,13:36:19,5.83,-0.01,47,27401,卖盘
1576,13:36:21,5.83,0.0,6,3498,卖盘
1577,13:36:25,5.83,0.0,30,17490,卖盘
1578,13:36:27,5.83,0.0,20,11660,卖盘
1579,13:36:48,5.83,0.0,6,3498,卖盘
1580,13:36:52,5.83,0.0,7,4081,卖盘
1581,13:37:01,5.83,0.0,28,16324,卖盘
1582,13:37:07,5.84,0.01,10,5840,买盘
1583,13:37:19,5.84,0.0,53,30952,买盘
1584,13:37:45,5.84,0.0,3,1752,买盘
1585,13:37:51,5.84,0.0,96,56064,买盘
1586,13:37:58,5.84,0.0,30,17520,买盘
1587,13:38:13,5.83,-0.01,5,2915,卖盘
1588,13:38:15,5.84,0.01,10,5840,买盘
1589,13:38:24,5.83,-0.01,8,4664,卖盘
1590,13:38:30,5.84,0.01,1,584,买盘
1591,13:38:43,5.83,-0.01,60,34980,卖盘
1592,13:39:04,5.83,0.0,40,23340,卖盘
1593,13:39:21,5.83,0.0,19,11077,卖盘
1594,13:39:24,5.84,0.01,276,161108,买盘
1595,13:39:28,5.84,0.0,5,2920,买盘
1596,13:39:40,5.84,0.0,11,6424,买盘
1597,13:40:01,5.84,0.0,3,1752,买盘
1598,13:40:04,5.84,0.0,398,232432,买盘
1599,13:40:07,5.83,-0.01,100,58300,卖盘
1600,13:40:16,5.83,0.0,30,17490,卖盘
1601,13:40:22,5.84,0.01,22,12848,买盘
1602,13:40:25,5.84,0.0,17,9928,买盘
1603,13:40:28,5.83,-0.01,37,21571,卖盘
1604,13:40:34,5.83,0.0,6,3498,卖盘
1605,13:40:37,5.84,0.01,10,5840,买盘
1606,13:40:40,5.84,0.0,30,17520,买盘
1607,13:40:42,5.84,0.0,21,12264,买盘
1608,13:40:52,5.84,0.0,5,2920,买盘
1609,13:40:58,5.84,0.0,10,5840,买盘
1610,13:41:06,5.84,0.0,10,5840,买盘
1611,13:41:13,5.84,0.0,50,29200,买盘
1612,13:41:22,5.84,0.0,20,11680,买盘
1613,13:41:28,5.83,-0.01,25,14575,卖盘
1614,13:41:31,5.84,0.01,34,19856,买盘
1615,13:41:40,5.84,0.0,2,1168,买盘
1616,13:41:43,5.84,0.0,10,5840,买盘
1617,13:41:46,5.83,-0.01,12,6996,卖盘
1618,13:41:49,5.84,0.01,12,7008,买盘
1619,13:41:51,5.84,0.0,39,22766,买盘
1620,13:42:10,5.84,0.0,12,7008,买盘
1621,13:42:13,5.83,-0.01,14,8162,卖盘
1622,13:42:28,5.83,0.0,500,291700,卖盘
1623,13:42:34,5.84,0.01,18,10512,买盘
1624,13:42:37,5.83,-0.01,80,46640,卖盘
1625,13:42:39,5.84,0.01,10,5840,买盘
1626,13:42:48,5.83,-0.01,7,4081,卖盘
1627,13:42:51,5.84,0.01,6,3504,买盘
1628,13:42:54,5.83,-0.01,6,3498,卖盘
1629,13:42:58,5.83,0.0,52,30316,卖盘
1630,13:43:04,5.84,0.01,5,2920,买盘
1631,13:43:09,5.83,-0.01,6,3498,卖盘
1632,13:43:13,5.84,0.01,5,2920,买盘
1633,13:43:24,5.83,-0.01,5,2915,卖盘
1634,13:43:27,5.83,0.0,18,10494,卖盘
1635,13:43:31,5.84,0.01,30,17520,买盘
1636,13:43:34,5.84,0.0,13,7592,买盘
1637,13:43:40,5.84,0.0,50,29200,买盘
1638,13:43:43,5.84,0.0,15,8760,买盘
1639,13:43:49,5.83,-0.01,15,8745,卖盘
1640,13:43:51,5.84,0.01,10,5840,买盘
1641,13:43:54,5.84,0.0,71,41464,买盘
1642,13:43:57,5.84,0.0,20,11680,买盘
1643,13:44:07,5.84,0.0,162,94608,买盘
1644,13:44:10,5.84,0.0,20,11680,买盘
1645,13:44:13,5.84,0.0,180,105025,买盘
1646,13:44:19,5.84,0.0,40,23360,买盘
1647,13:44:22,5.83,-0.01,50,29150,卖盘
1648,13:44:34,5.84,0.01,91,53144,买盘
1649,13:44:36,5.84,0.0,5,2920,买盘
1650,13:44:40,5.83,-0.01,21,12260,卖盘
1651,13:44:43,5.84,0.01,6,3504,买盘
1652,13:44:57,5.84,0.0,3,1752,买盘
1653,13:45:01,5.84,0.0,9,5256,买盘
1654,13:45:04,5.84,0.0,21,12264,买盘
1655,13:45:12,5.84,0.0,97,56648,买盘
1656,13:45:31,5.85,0.01,20,11700,买盘
1657,13:45:49,5.85,0.0,5,2925,买盘
1658,13:46:06,5.85,0.0,140,81900,买盘
1659,13:46:10,5.84,-0.01,126,73634,卖盘
1660,13:46:25,5.85,0.01,50,29250,买盘
1661,13:46:43,5.84,-0.01,173,101085,卖盘
1662,13:46:51,5.84,0.0,19,11096,卖盘
1663,13:47:04,5.84,0.0,164,95776,卖盘
1664,13:47:07,5.85,0.01,6,3510,买盘
1665,13:47:10,5.85,0.0,15,8775,买盘
1666,13:47:22,5.85,0.0,1,585,买盘
1667,13:47:24,5.85,0.0,10,5850,买盘
1668,13:47:27,5.85,0.0,20,11700,买盘
1669,13:47:31,5.85,0.0,1,585,买盘
1670,13:47:36,5.85,0.0,5,2925,买盘
1671,13:47:40,5.85,0.0,264,154420,买盘
1672,13:47:42,5.85,0.0,15,8775,买盘
1673,13:47:58,5.84,-0.01,23,13452,卖盘
1674,13:48:01,5.85,0.01,20,11700,买盘
1675,13:48:04,5.85,0.0,11,6429,买盘
1676,13:48:06,5.84,-0.01,91,53229,卖盘
1677,13:48:48,5.85,0.01,7,4091,买盘
1678,13:48:52,5.85,0.0,25,14625,买盘
1679,13:49:06,5.84,-0.01,20,11680,卖盘
1680,13:49:09,5.84,0.0,1,584,卖盘
1681,13:49:21,5.85,0.01,25,14625,买盘
1682,13:49:33,5.85,0.0,15,8775,买盘
1683,13:49:49,5.85,0.0,100,58500,买盘
1684,13:49:54,5.85,0.0,2,1170,买盘
1685,13:49:57,5.85,0.0,20,11700,买盘
1686,13:50:04,5.85,0.0,7,4095,买盘
1687,13:50:07,5.85,0.0,3,1755,买盘
1688,13:50:22,5.84,-0.01,35,20440,卖盘
1689,13:50:27,5.84,0.0,1,584,卖盘
1690,13:50:31,5.85,0.01,20,11700,买盘
1691,13:50:40,5.84,-0.01,101,59055,卖盘
1692,13:50:43,5.85,0.01,10,5850,买盘
1693,13:50:46,5.84,-0.01,36,21024,卖盘
1694,13:50:49,5.84,0.0,36,21024,卖盘
1695,13:50:57,5.84,0.0,26,15205,卖盘
1696,13:51:04,5.85,0.01,80,46730,买盘
1697,13:51:07,5.84,-0.01,200,116800,卖盘
1698,13:51:13,5.85,0.01,180,105300,买盘
1699,13:51:19,5.85,0.0,300,175300,买盘
1700,13:51:37,5.84,-0.01,49,28659,卖盘
1701,13:51:46,5.84,0.0,1,584,卖盘
1702,13:51:51,5.84,0.0,44,25706,卖盘
1703,13:52:01,5.85,0.01,15,8775,买盘
1704,13:52:22,5.85,0.0,5,2925,买盘
1705,13:52:25,5.85,0.0,5,2925,买盘
1706,13:52:30,5.85,0.0,1,585,买盘
1707,13:52:34,5.85,0.0,20,11700,买盘
1708,13:52:46,5.85,0.0,8,4680,买盘
1709,13:52:51,5.84,-0.01,30,17520,卖盘
1710,13:52:55,5.84,0.0,104,60746,卖盘
1711,13:53:04,5.85,0.01,4,2340,买盘
1712,13:53:07,5.84,-0.01,19,11100,卖盘
1713,13:53:19,5.84,0.0,5,2920,卖盘
1714,13:53:28,5.85,0.01,86,50248,买盘
1715,13:53:36,5.84,-0.01,10,5840,卖盘
1716,13:53:46,5.84,0.0,1,584,卖盘
1717,13:53:57,5.84,0.0,20,11690,卖盘
1718,13:54:04,5.84,0.0,70,40880,卖盘
1719,13:54:25,5.84,0.0,100,58400,卖盘
1720,13:54:37,5.84,0.0,15,8760,卖盘
1721,13:54:49,5.84,0.0,13,7592,卖盘
1722,13:54:55,5.84,0.0,192,112128,卖盘
1723,13:55:04,5.84,0.0,27,15769,卖盘
1724,13:55:06,5.84,0.0,100,58400,卖盘
1725,13:55:10,5.84,0.0,155,90520,卖盘
1726,13:55:22,5.84,0.0,10,5840,买盘
1727,13:55:25,5.84,0.0,1,584,买盘
1728,13:55:34,5.84,0.0,30,17520,买盘
1729,13:55:42,5.84,0.0,20,11680,买盘
1730,13:55:49,5.84,0.0,5,2920,买盘
1731,13:56:01,5.84,0.0,13,7592,买盘
1732,13:56:07,5.84,0.0,18,10512,买盘
1733,13:56:12,5.83,-0.01,112,65396,卖盘
1734,13:56:15,5.84,0.01,20,11680,中性盘
1735,13:56:18,5.84,0.0,19,11096,卖盘
1736,13:56:36,5.84,0.0,2,1168,卖盘
1737,13:56:46,5.85,0.01,21,12285,买盘
1738,13:56:52,5.84,-0.01,9,5256,卖盘
1739,13:56:58,5.85,0.01,19,11115,买盘
1740,13:57:01,5.84,-0.01,74,43216,卖盘
1741,13:57:19,5.85,0.01,3,1755,买盘
1742,13:57:36,5.84,-0.01,79,46136,卖盘
1743,13:57:48,5.84,0.0,60,35040,卖盘
1744,13:57:52,5.84,0.0,5,2920,卖盘
1745,13:58:06,5.84,0.0,34,19862,卖盘
1746,13:58:19,5.85,0.01,50,29250,买盘
1747,13:58:34,5.85,0.0,4,2340,买盘
1748,13:58:42,5.85,0.0,300,175500,买盘
1749,13:58:48,5.85,0.0,50,29250,买盘
1750,13:58:51,5.84,-0.01,15,8760,卖盘
1751,13:58:58,5.85,0.01,35,20475,买盘
1752,13:59:04,5.84,-0.01,80,46720,卖盘
1753,13:59:09,5.84,0.0,220,128680,卖盘
1754,13:59:15,5.84,0.0,24,14016,卖盘
1755,13:59:37,5.85,0.01,4,2340,买盘
1756,13:59:39,5.84,-0.01,77,44968,卖盘
1757,13:59:46,5.84,0.0,1,584,卖盘
1758,13:59:49,5.84,0.0,1,584,卖盘
1759,13:59:52,5.85,0.01,30,17540,买盘
1760,13:59:55,5.85,0.0,2,1170,买盘
1761,14:00:13,5.84,-0.01,5,2920,卖盘
1762,14:00:22,5.84,0.0,60,35040,卖盘
1763,14:00:31,5.85,0.01,5,2925,买盘
1764,14:00:37,5.84,-0.01,25,14620,卖盘
1765,14:00:40,5.84,0.0,9,5256,卖盘
1766,14:00:43,5.84,0.0,36,21024,卖盘
1767,14:00:54,5.84,0.0,6,3504,卖盘
1768,14:01:01,5.84,0.0,12,7008,卖盘
1769,14:01:19,5.84,0.0,4,2336,卖盘
1770,14:01:28,5.84,0.0,990,578160,卖盘
1771,14:01:34,5.84,0.0,10,5840,卖盘
1772,14:01:37,5.85,0.01,20,11700,买盘
1773,14:01:42,5.84,-0.01,8,4672,卖盘
1774,14:02:04,5.84,0.0,33,19272,卖盘
1775,14:02:25,5.84,0.0,1,584,卖盘
1776,14:02:40,5.84,0.0,57,33288,卖盘
1777,14:02:45,5.84,0.0,30,17520,卖盘
1778,14:02:55,5.84,0.0,10,5840,卖盘
1779,14:03:01,5.84,0.0,9,5256,卖盘
1780,14:03:07,5.84,0.0,10,5840,卖盘
1781,14:03:10,5.84,0.0,30,17520,卖盘
1782,14:03:13,5.84,0.0,24,14016,卖盘
1783,14:03:19,5.84,0.0,7,4088,卖盘
1784,14:03:25,5.85,0.01,4,2340,买盘
1785,14:03:28,5.85,0.0,3,1755,买盘
1786,14:03:34,5.85,0.0,6,3510,买盘
1787,14:03:43,5.84,-0.01,10,5840,卖盘
1788,14:03:49,5.84,0.0,234,136656,卖盘
1789,14:03:54,5.84,0.0,10,5840,卖盘
1790,14:04:01,5.84,0.0,400,233600,卖盘
1791,14:04:04,5.84,0.0,28,16352,卖盘
1792,14:04:07,5.84,0.0,190,110960,卖盘
1793,14:04:10,5.84,0.0,89,51976,卖盘
1794,14:04:39,5.83,-0.01,10,5830,卖盘
1795,14:04:49,5.83,0.0,3,1749,卖盘
1796,14:04:52,5.83,0.0,20,11660,卖盘
1797,14:04:55,5.84,0.01,30,17520,买盘
1798,14:05:22,5.84,0.0,10,5840,买盘
1799,14:05:30,5.83,-0.01,2,1166,卖盘
1800,14:05:40,5.83,0.0,29,16907,卖盘
1801,14:05:55,5.84,0.01,10,5840,买盘
1802,14:06:01,5.83,-0.01,416,242528,卖盘
1803,14:06:04,5.83,0.0,2,1166,卖盘
1804,14:06:09,5.83,0.0,2,1166,卖盘
1805,14:06:16,5.83,0.0,102,59466,卖盘
1806,14:06:28,5.84,0.01,915,534325,买盘
1807,14:06:31,5.83,-0.01,77,44891,卖盘
1808,14:06:52,5.84,0.01,13,7592,买盘
1809,14:06:54,5.84,0.0,1,584,买盘
1810,14:06:57,5.84,0.0,1,584,买盘
1811,14:07:07,5.83,-0.01,26,15158,卖盘
1812,14:07:13,5.83,0.0,6,3498,卖盘
1813,14:07:22,5.83,0.0,25,14575,卖盘
1814,14:07:31,5.83,0.0,45,26235,卖盘
1815,14:07:43,5.84,0.01,2,1168,买盘
1816,14:07:48,5.83,-0.01,10,5830,卖盘
1817,14:08:04,5.84,0.01,10,5840,买盘
1818,14:08:25,5.84,0.0,5,2920,买盘
1819,14:08:31,5.83,-0.01,20,11660,卖盘
1820,14:08:33,5.83,0.0,24,13992,卖盘
1821,14:08:52,5.84,0.01,14,8176,买盘
1822,14:09:00,5.84,0.0,10,5840,买盘
1823,14:09:10,5.83,-0.01,96,55975,卖盘
1824,14:09:13,5.83,0.0,20,11660,卖盘
1825,14:09:22,5.83,0.0,92,53636,卖盘
1826,14:09:31,5.83,0.0,10,5830,卖盘
1827,14:09:55,5.83,0.0,45,26235,卖盘
1828,14:10:04,5.83,0.0,79,46106,卖盘
1829,14:10:07,5.84,0.01,487,284408,买盘
1830,14:10:10,5.84,0.0,10,5840,卖盘
1831,14:10:19,5.85,0.01,5,2925,买盘
1832,14:10:22,5.84,-0.01,7,4088,卖盘
1833,14:10:28,5.84,0.0,101,58992,卖盘
1834,14:10:42,5.85,0.01,10,5850,买盘
1835,14:10:55,5.85,0.0,3,1755,买盘
1836,14:11:00,5.85,0.0,24,14040,买盘
1837,14:11:21,5.85,0.0,5,2925,买盘
1838,14:11:28,5.85,0.0,5,2925,买盘
1839,14:11:31,5.85,0.0,47,27495,买盘
1840,14:11:48,5.85,0.0,12,7020,买盘
1841,14:11:57,5.85,0.0,3,1755,买盘
1842,14:12:04,5.85,0.0,50,29250,买盘
1843,14:12:10,5.85,0.0,34,19890,买盘
1844,14:12:13,5.85,0.0,33,19305,买盘
1845,14:12:34,5.85,0.0,20,11700,买盘
1846,14:12:37,5.85,0.0,20,11700,买盘
1847,14:12:40,5.85,0.0,77,45045,买盘
1848,14:12:42,5.85,0.0,10,5850,买盘
1849,14:12:46,5.85,0.0,10,5850,买盘
1850,14:13:10,5.85,0.0,98,57330,买盘
1851,14:13:13,5.84,-0.01,76,44384,卖盘
1852,14:13:42,5.84,0.0,50,29200,卖盘
1853,14:13:49,5.84,0.0,109,63656,卖盘
1854,14:14:01,5.84,0.0,1,584,卖盘
1855,14:14:07,5.85,0.01,1,585,买盘
1856,14:14:16,5.84,-0.01,53,30985,卖盘
1857,14:14:37,5.85,0.01,50,29250,买盘
1858,14:14:43,5.85,0.0,1,585,买盘
1859,14:14:45,5.84,-0.01,4,2336,卖盘
1860,14:14:57,5.85,0.01,6,3510,买盘
1861,14:15:00,5.84,-0.01,10,5840,卖盘
1862,14:15:07,5.85,0.01,5,2925,买盘
1863,14:15:09,5.85,0.0,6,3510,买盘
1864,14:15:13,5.85,0.0,1,585,买盘
1865,14:15:16,5.84,-0.01,20,11680,卖盘
1866,14:15:21,5.85,0.01,100,58500,买盘
1867,14:15:37,5.84,-0.01,18,10512,卖盘
1868,14:15:40,5.84,0.0,2,1168,卖盘
1869,14:15:42,5.85,0.01,1,585,买盘
1870,14:15:57,5.85,0.0,1,585,买盘
1871,14:16:01,5.85,0.0,3,1755,买盘
1872,14:16:10,5.85,0.0,35,20475,买盘
1873,14:16:24,5.85,0.0,10,5850,买盘
1874,14:16:28,5.85,0.0,11,6435,买盘
1875,14:16:34,5.85,0.0,20,11700,买盘
1876,14:16:43,5.85,0.0,1,585,买盘
1877,14:16:55,5.85,0.0,5,2925,买盘
1878,14:16:58,5.85,0.0,1,585,买盘
1879,14:17:01,5.85,0.0,19,11115,买盘
1880,14:17:06,5.84,-0.01,423,247032,卖盘
1881,14:17:13,5.85,0.01,100,58500,买盘
1882,14:17:16,5.85,0.0,60,35100,买盘
1883,14:17:19,5.85,0.0,1,585,买盘
1884,14:17:25,5.85,0.0,261,152685,买盘
1885,14:17:27,5.85,0.0,3,1755,买盘
1886,14:17:37,5.85,0.0,201,117583,买盘
1887,14:17:40,5.85,0.0,515,301275,买盘
1888,14:17:43,5.85,0.0,5,2925,买盘
1889,14:17:46,5.85,0.0,7,4095,买盘
1890,14:17:52,5.85,0.0,7,4095,买盘
1891,14:17:54,5.85,0.0,10,5850,买盘
1892,14:17:58,5.85,0.0,3,1755,买盘
1893,14:18:04,5.84,-0.01,2,1168,卖盘
1894,14:18:12,5.85,0.01,38,22230,买盘
1895,14:18:16,5.85,0.0,14,8190,买盘
1896,14:18:21,5.85,0.0,217,126738,买盘
1897,14:18:28,5.84,-0.01,28,16353,卖盘
1898,14:18:31,5.85,0.01,15,8775,买盘
1899,14:18:40,5.85,0.0,44,25740,买盘
1900,14:18:55,5.85,0.0,10,5850,买盘
1901,14:19:04,5.85,0.0,55,32175,买盘
1902,14:19:06,5.84,-0.01,10,5840,卖盘
1903,14:19:10,5.85,0.01,39,22815,买盘
1904,14:19:13,5.85,0.0,1,585,买盘
1905,14:19:19,5.84,-0.01,9,5256,卖盘
1906,14:19:36,5.85,0.01,5,2925,买盘
1907,14:19:39,5.85,0.0,13,7597,买盘
1908,14:19:42,5.84,-0.01,13,7593,卖盘
1909,14:19:46,5.85,0.01,10,5850,买盘
1910,14:19:52,5.84,-0.01,7,4088,卖盘
1911,14:19:55,5.84,0.0,76,44384,卖盘
1912,14:20:09,5.84,0.0,6,3504,卖盘
1913,14:20:12,5.85,0.01,8,4680,买盘
1914,14:20:19,5.84,-0.01,10,5840,卖盘
1915,14:20:28,5.85,0.01,1,585,买盘
1916,14:20:36,5.85,0.0,10,5850,买盘
1917,14:20:43,5.85,0.0,1,585,买盘
1918,14:20:46,5.85,0.0,105,61425,买盘
1919,14:20:49,5.85,0.0,5,2925,买盘
1920,14:20:58,5.84,-0.01,25,14600,卖盘
1921,14:21:07,5.84,0.0,15,8760,卖盘
1922,14:21:24,5.84,0.0,5,2920,卖盘
1923,14:21:27,5.85,0.01,70,40900,买盘
1924,14:21:37,5.84,-0.01,95,55480,卖盘
1925,14:21:39,5.85,0.01,4,2340,买盘
1926,14:21:42,5.85,0.0,1,585,买盘
1927,14:21:46,5.84,-0.01,47,27448,卖盘
1928,14:21:52,5.85,0.01,10,5850,买盘
1929,14:21:54,5.84,-0.01,50,29200,卖盘
1930,14:22:13,5.85,0.01,11,6435,买盘
1931,14:22:24,5.84,-0.01,20,11680,卖盘
1932,14:22:28,5.84,0.0,100,58400,卖盘
1933,14:22:43,5.85,0.01,1,585,买盘
1934,14:22:45,5.85,0.0,10,5850,买盘
1935,14:22:52,5.84,-0.01,232,135488,卖盘
1936,14:23:01,5.84,0.0,16,9344,卖盘
1937,14:23:04,5.84,0.0,1,584,卖盘
1938,14:23:07,5.84,0.0,65,37960,卖盘
1939,14:23:16,5.84,0.0,100,58400,卖盘
1940,14:23:25,5.84,0.0,190,110960,卖盘
1941,14:23:34,5.84,0.0,3,1752,卖盘
1942,14:23:39,5.84,0.0,146,85264,卖盘
1943,14:23:46,5.84,0.0,100,58400,卖盘
1944,14:23:54,5.85,0.01,100,58500,买盘
1945,14:24:01,5.84,-0.01,110,64240,卖盘
1946,14:24:15,5.85,0.01,20,11700,买盘
1947,14:24:28,5.84,-0.01,20,11680,卖盘
1948,14:24:31,5.84,0.0,5,2920,卖盘
1949,14:24:39,5.85,0.01,1,585,买盘
1950,14:24:43,5.85,0.0,2,1170,买盘
1951,14:24:46,5.84,-0.01,20,11680,卖盘
1952,14:24:48,5.84,0.0,10,5840,卖盘
1953,14:24:54,5.84,0.0,43,25112,卖盘
1954,14:25:01,5.84,0.0,27,15775,卖盘
1955,14:25:04,5.85,0.01,1,585,买盘
1956,14:25:07,5.85,0.0,20,11700,买盘
1957,14:25:12,5.85,0.0,2,1170,买盘
1958,14:25:18,5.84,-0.01,100,58400,卖盘
1959,14:25:24,5.84,0.0,41,23944,卖盘
1960,14:25:27,5.85,0.01,55,32125,买盘
1961,14:25:40,5.84,-0.01,25,14600,卖盘
1962,14:25:43,5.84,0.0,98,57237,卖盘
1963,14:25:52,5.84,0.0,167,97528,卖盘
1964,14:26:04,5.84,0.0,100,58400,卖盘
1965,14:26:07,5.84,0.0,527,307768,卖盘
1966,14:26:10,5.84,0.0,8,4672,卖盘
1967,14:26:13,5.84,0.0,20,11680,卖盘
1968,14:26:16,5.84,0.0,45,26280,卖盘
1969,14:26:19,5.84,0.0,10,5840,买盘
1970,14:26:22,5.84,0.0,53,30952,买盘
1971,14:26:31,5.84,0.0,16,9344,买盘
1972,14:26:34,5.83,-0.01,4,2332,卖盘
1973,14:26:37,5.83,0.0,76,44308,卖盘
1974,14:26:43,5.83,0.0,24,13996,卖盘
1975,14:26:52,5.83,0.0,37,21607,卖盘
1976,14:27:06,5.83,0.0,38,22154,卖盘
1977,14:27:19,5.83,0.0,94,54804,卖盘
1978,14:27:22,5.83,0.0,100,58300,卖盘
1979,14:27:24,5.84,0.01,107,62488,买盘
1980,14:27:31,5.84,0.0,5,2920,买盘
1981,14:27:33,5.83,-0.01,190,110770,卖盘
1982,14:27:36,5.83,0.0,6,3498,卖盘
1983,14:27:48,5.84,0.01,20,11680,买盘
1984,14:28:18,5.84,0.0,2,1168,买盘
1985,14:28:22,5.84,0.0,8,4669,买盘
1986,14:28:27,5.84,0.0,14,8176,买盘
1987,14:28:31,5.83,-0.01,5,2915,卖盘
1988,14:28:36,5.83,0.0,160,93280,卖盘
1989,14:28:40,5.83,0.0,5,2915,卖盘
1990,14:28:43,5.83,0.0,23,13409,卖盘
1991,14:28:48,5.84,0.01,50,29200,买盘
1992,14:28:57,5.83,-0.01,24,13992,卖盘
1993,14:29:04,5.84,0.01,5,2920,买盘
1994,14:29:09,5.84,0.0,3,1752,买盘
1995,14:29:13,5.84,0.0,14,8176,买盘
1996,14:29:15,5.83,-0.01,10,5830,卖盘
1997,14:29:22,5.83,0.0,17,9911,卖盘
1998,14:29:36,5.83,0.0,15,8745,卖盘
1999,14:29:39,5.83,0.0,1,583,卖盘
2000,14:29:45,5.83,0.0,35,20405,卖盘
2001,14:29:49,5.83,0.0,28,16324,卖盘
2002,14:30:01,5.83,0.0,13,7579,卖盘
2003,14:30:07,5.84,0.01,1,584,买盘
2004,14:30:13,5.84,0.0,62,36197,买盘
2005,14:30:28,5.83,-0.01,3,1749,卖盘
2006,14:30:34,5.84,0.01,37,21607,买盘
2007,14:30:36,5.83,-0.01,48,28004,卖盘
2008,14:30:42,5.84,0.01,259,151056,买盘
2009,14:30:48,5.83,-0.01,12,6996,卖盘
2010,14:30:52,5.84,0.01,74,43151,买盘
2011,14:30:57,5.84,0.0,100,58400,买盘
2012,14:31:04,5.84,0.0,91,53144,买盘
2013,14:31:07,5.84,0.0,76,44384,买盘
2014,14:31:13,5.84,0.0,3,1752,买盘
2015,14:31:16,5.84,0.0,10,5840,买盘
2016,14:31:19,5.84,0.0,10,5840,买盘
2017,14:31:22,5.83,-0.01,11,6423,卖盘
2018,14:31:24,5.84,0.01,40,23360,买盘
2019,14:31:30,5.83,-0.01,2,1166,卖盘
2020,14:31:40,5.83,0.0,111,64763,卖盘
2021,14:31:43,5.84,0.01,1,584,买盘
2022,14:31:49,5.84,0.0,1,584,买盘
2023,14:31:52,5.84,0.0,2,1168,买盘
2024,14:31:55,5.83,-0.01,10,5830,卖盘
2025,14:31:58,5.83,0.0,12,6996,卖盘
2026,14:32:01,5.84,0.01,10,5840,买盘
2027,14:32:04,5.83,-0.01,500,291500,卖盘
2028,14:32:10,5.83,0.0,1,583,卖盘
2029,14:32:12,5.84,0.01,1,584,买盘
2030,14:32:16,5.83,-0.01,1,583,卖盘
2031,14:32:19,5.84,0.01,222,129647,买盘
2032,14:32:25,5.84,0.0,17,9918,买盘
2033,14:32:34,5.83,-0.01,9,5251,卖盘
2034,14:32:36,5.83,0.0,67,39111,卖盘
2035,14:32:39,5.84,0.01,1,584,买盘
2036,14:32:42,5.84,0.0,3,1752,买盘
2037,14:32:45,5.83,-0.01,7,4081,卖盘
2038,14:32:57,5.83,0.0,1,583,卖盘
2039,14:33:01,5.84,0.01,25,14600,买盘
2040,14:33:04,5.83,-0.01,1,583,卖盘
2041,14:33:07,5.84,0.01,8,4666,买盘
2042,14:33:10,5.83,-0.01,49,28567,卖盘
2043,14:33:13,5.83,0.0,40,23321,卖盘
2044,14:33:22,5.84,0.01,50,29200,买盘
2045,14:33:25,5.83,-0.01,83,48389,卖盘
2046,14:33:28,5.83,0.0,15,8745,卖盘
2047,14:33:30,5.84,0.01,2,1168,买盘
2048,14:33:40,5.84,0.0,38,22192,买盘
2049,14:33:43,5.84,0.0,2,1168,买盘
2050,14:33:58,5.84,0.0,10,5840,买盘
2051,14:34:01,5.84,0.0,1,584,买盘
2052,14:34:04,5.84,0.0,30,17520,买盘
2053,14:34:10,5.84,0.0,2,1168,买盘
2054,14:34:13,5.84,0.0,2,1168,买盘
2055,14:34:16,5.83,-0.01,50,29150,卖盘
2056,14:34:19,5.83,0.0,8,4664,卖盘
2057,14:34:31,5.83,0.0,10,5830,卖盘
2058,14:34:34,5.83,0.0,32,18656,卖盘
2059,14:34:36,5.83,0.0,50,29150,卖盘
2060,14:34:40,5.83,0.0,49,28567,卖盘
2061,14:34:42,5.83,0.0,4,2334,卖盘
2062,14:34:45,5.84,0.01,67,39128,买盘
2063,14:34:49,5.83,-0.01,77,44891,卖盘
2064,14:34:55,5.84,0.01,215,125360,买盘
2065,14:35:01,5.83,-0.01,10,5830,卖盘
2066,14:35:07,5.84,0.01,2,1168,买盘
2067,14:35:10,5.83,-0.01,60,34980,卖盘
2068,14:35:13,5.83,0.0,72,41976,卖盘
2069,14:35:16,5.83,0.0,178,103774,卖盘
2070,14:35:22,5.83,0.0,20,11660,卖盘
2071,14:35:25,5.83,0.0,51,29733,卖盘
2072,14:35:31,5.84,0.01,41,23904,买盘
2073,14:35:34,5.84,0.0,20,11680,买盘
2074,14:35:37,5.84,0.0,58,33872,买盘
2075,14:35:40,5.84,0.0,2,1168,买盘
2076,14:35:43,5.84,0.0,11,6416,买盘
2077,14:35:46,5.83,-0.01,25,14575,卖盘
2078,14:35:49,5.83,0.0,103,60052,卖盘
2079,14:35:51,5.84,0.01,5,2920,买盘
2080,14:35:54,5.84,0.0,394,230088,买盘
2081,14:35:58,5.84,0.0,10,5840,买盘
2082,14:36:00,5.84,0.0,575,335780,买盘
2083,14:36:05,5.84,0.0,332,193888,买盘
2084,14:36:07,5.84,0.0,808,471997,买盘
2085,14:36:10,5.85,0.01,1145,669825,买盘
2086,14:36:13,5.85,0.0,44,25704,买盘
2087,14:36:15,5.84,-0.01,54,31536,卖盘
2088,14:36:25,5.85,0.01,100,58500,买盘
2089,14:36:28,5.86,0.01,266,155675,买盘
2090,14:36:30,5.85,-0.01,50,29250,卖盘
2091,14:36:34,5.86,0.01,30,17580,买盘
2092,14:36:40,5.86,0.0,40,23440,买盘
2093,14:36:43,5.85,-0.01,3,1755,卖盘
2094,14:36:48,5.87,0.02,238,139474,买盘
2095,14:36:52,5.86,-0.01,10,5860,卖盘
2096,14:36:55,5.86,0.0,148,86728,买盘
2097,14:36:58,5.87,0.01,60,35168,买盘
2098,14:37:05,5.86,-0.01,10,5860,卖盘
2099,14:37:07,5.87,0.01,20,11740,买盘
2100,14:37:10,5.87,0.0,37,21694,买盘
2101,14:37:15,5.87,0.0,20,11740,买盘
2102,14:37:19,5.87,0.0,84,49308,买盘
2103,14:37:22,5.87,0.0,40,23480,买盘
2104,14:37:25,5.87,0.0,30,17610,买盘
2105,14:37:28,5.86,-0.01,10,5860,卖盘
2106,14:37:31,5.87,0.01,23,13501,买盘
2107,14:37:33,5.87,0.0,20,11740,买盘
2108,14:37:37,5.86,-0.01,81,47526,卖盘
2109,14:37:40,5.86,0.0,30,17580,卖盘
2110,14:37:43,5.87,0.01,1,587,买盘
2111,14:37:46,5.87,0.0,28,16436,买盘
2112,14:37:48,5.86,-0.01,100,58600,卖盘
2113,14:37:54,5.87,0.01,5,2935,买盘
2114,14:37:57,5.87,0.0,3,1761,买盘
2115,14:38:01,5.87,0.0,66,38742,买盘
2116,14:38:04,5.86,-0.01,1,586,卖盘
2117,14:38:10,5.87,0.01,23,13501,买盘
2118,14:38:13,5.86,-0.01,103,60361,卖盘
2119,14:38:19,5.87,0.01,10,5870,买盘
2120,14:38:22,5.87,0.0,35,20545,买盘
2121,14:38:25,5.86,-0.01,20,11720,卖盘
2122,14:38:31,5.86,0.0,8,4688,卖盘
2123,14:38:36,5.86,0.0,992,581312,卖盘
2124,14:38:40,5.87,0.01,31,18197,买盘
2125,14:38:46,5.86,-0.01,471,276052,卖盘
2126,14:38:51,5.86,0.0,309,181074,卖盘
2127,14:38:55,5.86,0.0,10,5860,买盘
2128,14:38:58,5.86,0.0,12,7032,买盘
2129,14:39:01,5.86,0.0,11,6446,卖盘
2130,14:39:04,5.86,0.0,20,11720,买盘
2131,14:39:07,5.86,0.0,1,586,买盘
2132,14:39:16,5.86,0.0,9,5274,买盘
2133,14:39:19,5.85,-0.01,16,9363,卖盘
2134,14:39:24,5.86,0.01,3,1758,买盘
2135,14:39:27,5.86,0.0,10,5860,买盘
2136,14:39:49,5.86,0.0,16,9376,买盘
2137,14:39:52,5.86,0.0,3,1758,买盘
2138,14:39:55,5.85,-0.01,14,8190,卖盘
2139,14:39:58,5.86,0.01,50,29300,买盘
2140,14:40:05,5.86,0.0,10,5860,买盘
2141,14:40:07,5.86,0.0,125,73174,买盘
2142,14:40:10,5.86,0.0,12,7032,买盘
2143,14:40:13,5.86,0.0,100,58600,买盘
2144,14:40:22,5.86,0.0,5,2930,买盘
2145,14:40:25,5.86,0.0,23,13478,买盘
2146,14:40:28,5.86,0.0,20,11720,买盘
2147,14:40:33,5.86,0.0,20,11720,买盘
2148,14:40:37,5.86,0.0,23,13478,买盘
2149,14:40:40,5.85,-0.01,25,14627,卖盘
2150,14:40:43,5.86,0.01,32,18752,买盘
2151,14:40:48,5.86,0.0,61,35746,买盘
2152,14:40:51,5.85,-0.01,69,40365,卖盘
2153,14:40:54,5.86,0.01,17,9962,买盘
2154,14:40:57,5.86,0.0,1,586,买盘
2155,14:41:04,5.86,0.0,10,5860,买盘
2156,14:41:10,5.86,0.0,323,189249,买盘
2157,14:41:13,5.85,-0.01,15,8786,卖盘
2158,14:41:16,5.86,0.01,2,1172,卖盘
2159,14:41:18,5.86,0.0,3,1758,买盘
2160,14:41:36,5.85,-0.01,76,44528,卖盘
2161,14:41:43,5.86,0.01,127,74422,买盘
2162,14:42:07,5.85,-0.01,6,3510,卖盘
2163,14:42:13,5.86,0.01,8,4688,买盘
2164,14:42:15,5.85,-0.01,10,5850,卖盘
2165,14:42:22,5.85,0.0,12,7020,卖盘
2166,14:42:25,5.85,0.0,6,3510,卖盘
2167,14:42:28,5.85,0.0,65,38025,卖盘
2168,14:42:36,5.86,0.01,40,23440,买盘
2169,14:42:42,5.85,-0.01,92,53823,卖盘
2170,14:42:46,5.86,0.01,6,3516,买盘
2171,14:42:49,5.85,-0.01,61,35685,卖盘
2172,14:42:51,5.86,0.01,1,586,买盘
2173,14:42:55,5.85,-0.01,90,52650,卖盘
2174,14:43:01,5.85,0.0,7,4101,卖盘
2175,14:43:04,5.86,0.01,88,51490,买盘
2176,14:43:13,5.86,0.0,32,18752,买盘
2177,14:43:19,5.86,0.0,3,1758,买盘
2178,14:43:22,5.85,-0.01,10,5850,卖盘
2179,14:43:25,5.85,0.0,10,5850,卖盘
2180,14:43:30,5.85,0.0,5,2925,卖盘
2181,14:43:34,5.86,0.01,9,5274,买盘
2182,14:43:43,5.86,0.0,1,586,买盘
2183,14:43:49,5.86,0.0,10,5860,买盘
2184,14:43:55,5.86,0.0,5,2930,买盘
2185,14:43:58,5.86,0.0,2,1172,买盘
2186,14:44:04,5.86,0.0,75,43950,买盘
2187,14:44:12,5.86,0.0,4,2344,买盘
2188,14:44:16,5.85,-0.01,3,1755,卖盘
2189,14:44:19,5.85,0.0,5,2925,卖盘
2190,14:44:22,5.85,0.0,66,38610,卖盘
2191,14:44:25,5.86,0.01,10,5860,买盘
2192,14:44:28,5.86,0.0,2,1172,买盘
2193,14:44:34,5.85,-0.01,15,8775,卖盘
2194,14:44:37,5.85,0.0,210,122850,卖盘
2195,14:44:40,5.86,0.01,17,9962,买盘
2196,14:44:46,5.86,0.0,10,5860,买盘
2197,14:44:49,5.85,-0.01,26,15210,卖盘
2198,14:44:52,5.86,0.01,10,5860,买盘
2199,14:45:01,5.85,-0.01,12,7020,卖盘
2200,14:45:05,5.86,0.01,10,5860,买盘
2201,14:45:07,5.86,0.0,16,9370,买盘
2202,14:45:10,5.85,-0.01,25,14625,卖盘
2203,14:45:12,5.85,0.0,11,6435,卖盘
2204,14:45:15,5.85,0.0,35,20490,卖盘
2205,14:45:19,5.85,0.0,110,64350,卖盘
2206,14:45:28,5.85,0.0,7,4095,卖盘
2207,14:45:37,5.85,0.0,10,5850,卖盘
2208,14:45:46,5.85,0.0,50,29250,卖盘
2209,14:45:49,5.85,0.0,16,9360,卖盘
2210,14:45:52,5.86,0.01,9,5269,买盘
2211,14:45:58,5.86,0.0,62,36282,买盘
2212,14:46:01,5.85,-0.01,300,175500,卖盘
2213,14:46:04,5.85,0.0,79,46215,卖盘
2214,14:46:07,5.86,0.01,30,17580,买盘
2215,14:46:10,5.85,-0.01,549,321174,卖盘
2216,14:46:13,5.85,0.0,27,15795,卖盘
2217,14:46:22,5.85,0.0,10,5850,卖盘
2218,14:46:24,5.86,0.01,43,25198,买盘
2219,14:46:28,5.85,-0.01,12,7020,卖盘
2220,14:46:31,5.85,0.0,655,383175,卖盘
2221,14:46:34,5.85,0.0,30,17550,卖盘
2222,14:46:37,5.85,0.0,706,413010,卖盘
2223,14:46:40,5.85,0.0,10,5850,买盘
2224,14:46:48,5.84,-0.01,31,18134,卖盘
2225,14:46:52,5.84,0.0,77,44968,卖盘
2226,14:46:54,5.85,0.01,1,585,买盘
2227,14:47:03,5.84,-0.01,76,44459,卖盘
2228,14:47:06,5.84,0.0,80,46720,卖盘
2229,14:47:10,5.85,0.01,138,80730,买盘
2230,14:47:25,5.85,0.0,15,8765,买盘
2231,14:47:33,5.84,-0.01,30,17520,卖盘
2232,14:47:36,5.84,0.0,24,14016,卖盘
2233,14:47:43,5.84,0.0,449,262218,卖盘
2234,14:47:46,5.84,0.0,144,84196,卖盘
2235,14:47:49,5.85,0.01,6,3509,买盘
2236,14:47:52,5.84,-0.01,90,52560,卖盘
2237,14:47:57,5.84,0.0,510,297840,卖盘
2238,14:48:04,5.84,0.0,82,47888,卖盘
2239,14:48:10,5.84,0.0,30,17520,买盘
2240,14:48:13,5.84,0.0,9,5256,卖盘
2241,14:48:16,5.84,0.0,1,584,买盘
2242,14:48:18,5.84,0.0,10,5840,买盘
2243,14:48:22,5.83,-0.01,29,16907,卖盘
2244,14:48:28,5.84,0.01,2,1168,买盘
2245,14:48:40,5.84,0.0,30,17520,买盘
2246,14:48:42,5.84,0.0,28,16352,买盘
2247,14:48:49,5.84,0.0,2,1168,买盘
2248,14:48:52,5.84,0.0,19,11079,买盘
2249,14:48:58,5.84,0.0,105,61320,买盘
2250,14:49:01,5.84,0.0,85,49640,买盘
2251,14:49:13,5.84,0.0,14,8176,买盘
2252,14:49:15,5.83,-0.01,5,2915,卖盘
2253,14:49:22,5.83,0.0,119,69377,卖盘
2254,14:49:24,5.84,0.01,60,35040,买盘
2255,14:49:34,5.84,0.0,87,50808,买盘
2256,14:49:37,5.84,0.0,151,88184,卖盘
2257,14:49:40,5.83,-0.01,7,4081,卖盘
2258,14:49:42,5.84,0.01,27,15768,买盘
2259,14:49:46,5.84,0.0,3,1752,买盘
2260,14:49:49,5.84,0.0,27,15768,买盘
2261,14:49:51,5.84,0.0,28,16352,买盘
2262,14:49:55,5.83,-0.01,89,51887,卖盘
2263,14:49:58,5.84,0.01,92,53654,买盘
2264,14:50:04,5.84,0.0,45,26280,买盘
2265,14:50:06,5.83,-0.01,1,583,卖盘
2266,14:50:09,5.84,0.01,5,2920,买盘
2267,14:50:13,5.83,-0.01,24,13992,卖盘
2268,14:50:22,5.84,0.01,5,2920,买盘
2269,14:50:25,5.83,-0.01,896,522368,卖盘
2270,14:50:31,5.84,0.01,19,11085,买盘
2271,14:50:34,5.84,0.0,98,57227,买盘
2272,14:50:42,5.83,-0.01,1,583,卖盘
2273,14:50:49,5.84,0.01,2,1168,买盘
2274,14:50:51,5.84,0.0,1,584,买盘
2275,14:50:55,5.84,0.0,30,17520,买盘
2276,14:51:04,5.83,-0.01,200,116600,卖盘
2277,14:51:10,5.84,0.01,3,1752,买盘
2278,14:51:19,5.83,-0.01,19,11077,卖盘
2279,14:51:25,5.83,0.0,2,1166,卖盘
2280,14:51:28,5.83,0.0,37,21591,卖盘
2281,14:51:34,5.84,0.01,10,5840,买盘
2282,14:51:43,5.84,0.0,2,1168,买盘
2283,14:51:45,5.84,0.0,49,28616,买盘
2284,14:51:49,5.84,0.0,136,79306,买盘
2285,14:51:52,5.84,0.0,1,584,买盘
2286,14:51:55,5.83,-0.01,33,19239,卖盘
2287,14:51:58,5.83,0.0,85,49560,卖盘
2288,14:52:04,5.84,0.01,2,1168,买盘
2289,14:52:06,5.83,-0.01,11,6413,卖盘
2290,14:52:09,5.83,0.0,75,43755,卖盘
2291,14:52:13,5.83,0.0,42,24487,卖盘
2292,14:52:16,5.84,0.01,121,70655,买盘
2293,14:52:19,5.84,0.0,9,5256,买盘
2294,14:52:22,5.84,0.0,31,18084,买盘
2295,14:52:28,5.83,-0.01,63,36782,卖盘
2296,14:52:31,5.84,0.01,1,584,买盘
2297,14:52:33,5.84,0.0,2,1168,买盘
2298,14:52:39,5.83,-0.01,10,5830,卖盘
2299,14:52:43,5.84,0.01,410,239440,买盘
2300,14:52:46,5.83,-0.01,179,104383,卖盘
2301,14:52:49,5.83,0.0,43,25069,卖盘
2302,14:52:52,5.84,0.01,3,1751,买盘
2303,14:52:55,5.83,-0.01,147,85768,卖盘
2304,14:52:58,5.84,0.01,68,39712,买盘
2305,14:53:01,5.83,-0.01,10,5830,卖盘
2306,14:53:04,5.83,0.0,44,25668,卖盘
2307,14:53:13,5.84,0.01,35,20415,买盘
2308,14:53:16,5.84,0.0,5,2920,买盘
2309,14:53:22,5.83,-0.01,55,32065,卖盘
2310,14:53:25,5.84,0.01,36,21024,买盘
2311,14:53:28,5.83,-0.01,209,121852,卖盘
2312,14:53:31,5.83,0.0,31,18073,卖盘
2313,14:53:34,5.83,0.0,50,29150,卖盘
2314,14:53:37,5.83,0.0,96,55968,卖盘
2315,14:53:40,5.83,0.0,30,17490,卖盘
2316,14:53:46,5.83,0.0,110,64140,卖盘
2317,14:53:49,5.83,0.0,29,16918,卖盘
2318,14:53:52,5.83,0.0,61,35563,卖盘
2319,14:53:55,5.83,0.0,7,4081,卖盘
2320,14:54:01,5.83,0.0,3,1749,卖盘
2321,14:54:04,5.84,0.01,20,11680,买盘
2322,14:54:07,5.83,-0.01,50,29150,卖盘
2323,14:54:10,5.83,0.0,191,111353,卖盘
2324,14:54:16,5.83,0.0,20,11660,卖盘
2325,14:54:19,5.84,0.01,8,4672,买盘
2326,14:54:22,5.83,-0.01,21,12243,卖盘
2327,14:54:27,5.83,0.0,53,30899,卖盘
2328,14:54:34,5.83,0.0,27,15751,卖盘
2329,14:54:37,5.83,0.0,99,57763,卖盘
2330,14:54:39,5.84,0.01,111,64733,买盘
2331,14:54:42,5.83,-0.01,45,26235,卖盘
2332,14:54:46,5.83,0.0,258,150514,卖盘
2333,14:54:48,5.84,0.01,30,17520,买盘
2334,14:54:52,5.83,-0.01,87,50725,卖盘
2335,14:54:55,5.83,0.0,25,14575,卖盘
2336,14:54:58,5.83,0.0,6,3498,卖盘
2337,14:55:01,5.84,0.01,54,31497,买盘
2338,14:55:04,5.84,0.0,98,57147,买盘
2339,14:55:07,5.84,0.0,41,23944,买盘
2340,14:55:10,5.84,0.0,31,18089,买盘
2341,14:55:13,5.84,0.0,32,18683,买盘
2342,14:55:19,5.83,-0.01,19,11077,卖盘
2343,14:55:21,5.84,0.01,1,584,买盘
2344,14:55:25,5.84,0.0,225,131396,买盘
2345,14:55:28,5.84,0.0,45,26280,买盘
2346,14:55:31,5.84,0.0,78,45532,买盘
2347,14:55:34,5.84,0.0,16,9344,买盘
2348,14:55:39,5.83,-0.01,6,3503,卖盘
2349,14:55:43,5.84,0.01,644,375614,买盘
2350,14:55:46,5.83,-0.01,376,219288,卖盘
2351,14:55:49,5.83,0.0,753,439576,卖盘
2352,14:55:52,5.84,0.01,228,133142,买盘
2353,14:55:55,5.83,-0.01,20,11660,卖盘
2354,14:55:57,5.84,0.01,66,38513,买盘
2355,14:56:01,5.84,0.0,274,159752,买盘
2356,14:56:04,5.83,-0.01,20,11660,卖盘
2357,14:56:07,5.83,0.0,115,67050,卖盘
2358,14:56:12,5.84,0.01,338,197057,买盘
2359,14:56:16,5.84,0.0,25,14595,买盘
2360,14:56:22,5.83,-0.01,30,17510,卖盘
2361,14:56:24,5.84,0.01,395,230680,买盘
2362,14:56:28,5.84,0.0,21,12251,买盘
2363,14:56:31,5.84,0.0,16,9334,买盘
2364,14:56:34,5.84,0.0,78,45549,买盘
2365,14:56:37,5.83,-0.01,40,23330,卖盘
2366,14:56:40,5.84,0.01,90,52500,买盘
2367,14:56:43,5.83,-0.01,173,100859,卖盘
2368,14:56:49,5.84,0.01,60,34990,买盘
2369,14:56:52,5.84,0.0,124,72316,买盘
2370,14:56:54,5.84,0.0,67,39074,买盘
2371,14:56:58,5.84,0.0,13,7592,买盘
2372,14:57:01,5.83,-0.01,1080,630689,卖盘
2373,15:00:05,5.83,0.0,3448,2010493,卖盘
