,time,price,change,volume,amount,type
0,09:25:04,6.83,0.09,1326,905658,买盘
1,09:30:00,6.83,0.0,20,13660,卖盘
2,09:30:03,6.85,0.02,279,190679,买盘
3,09:30:06,6.84,-0.01,40,27380,卖盘
4,09:30:10,6.84,0.0,3,2052,卖盘
5,09:30:18,6.85,0.01,21,14365,买盘
6,09:30:24,6.85,0.0,50,34250,买盘
7,09:30:27,6.84,-0.01,100,68400,卖盘
8,09:30:30,6.85,0.01,56,38358,买盘
9,09:30:33,6.85,0.0,31,21228,买盘
10,09:30:36,6.84,-0.01,60,41050,卖盘
11,09:30:39,6.85,0.01,70,47950,买盘
12,09:30:42,6.84,-0.01,22,15048,卖盘
13,09:30:48,6.84,0.0,5,3420,卖盘
14,09:30:54,6.84,0.0,30,20520,卖盘
15,09:30:57,6.85,0.01,19,13015,买盘
16,09:31:00,6.85,0.0,46,31510,买盘
17,09:31:04,6.84,-0.01,30,20520,卖盘
18,09:31:06,6.84,0.0,152,104048,卖盘
19,09:31:09,6.85,0.01,71,48618,买盘
20,09:31:12,6.84,-0.01,50,34200,卖盘
21,09:31:15,6.84,0.0,354,242136,卖盘
22,09:31:18,6.84,0.0,769,525999,卖盘
23,09:31:24,6.81,-0.03,39,26559,卖盘
24,09:31:27,6.81,0.0,14,9534,卖盘
25,09:31:30,6.8,-0.01,31,21105,卖盘
26,09:31:33,6.8,0.0,14,9520,卖盘
27,09:31:36,6.81,0.01,126,85778,买盘
28,09:31:42,6.79,-0.02,1,679,买盘
29,09:31:48,6.78,-0.01,9,6098,买盘
30,09:32:00,6.76,-0.02,3,2028,卖盘
31,09:32:06,6.78,0.02,4,2712,买盘
32,09:32:09,6.75,-0.03,50,33770,卖盘
33,09:32:12,6.75,0.0,3,2025,卖盘
34,09:32:27,6.78,0.03,10,6780,买盘
35,09:32:30,6.81,0.03,9,6125,买盘
36,09:32:33,6.78,-0.03,715,484793,卖盘
37,09:32:36,6.8,0.02,2,1360,中性盘
38,09:32:39,6.78,-0.02,3,2034,卖盘
39,09:32:42,6.8,0.02,10,6800,买盘
40,09:32:45,6.8,0.0,60,40800,买盘
41,09:32:48,6.8,0.0,50,34000,买盘
42,09:33:06,6.8,0.0,53,36040,买盘
43,09:33:30,6.79,-0.01,18,12222,卖盘
44,09:33:36,6.79,0.0,26,17654,卖盘
45,09:33:39,6.8,0.01,17,11560,买盘
46,09:33:51,6.79,-0.01,71,48209,卖盘
47,09:33:57,6.78,-0.01,2,1356,卖盘
48,09:34:13,6.78,0.0,14,9492,卖盘
49,09:34:27,6.78,0.0,10,6780,卖盘
50,09:34:36,6.78,0.0,37,25086,卖盘
51,09:34:39,6.78,0.0,152,103056,卖盘
52,09:34:51,6.78,0.0,200,135600,卖盘
53,09:34:54,6.78,0.0,458,310524,卖盘
54,09:34:57,6.75,-0.03,80,54070,卖盘
55,09:35:00,6.74,-0.01,57,38461,卖盘
56,09:35:04,6.74,0.0,12,8088,卖盘
57,09:35:06,6.73,-0.01,61,41068,卖盘
58,09:35:12,6.72,-0.01,3,2016,卖盘
59,09:35:18,6.73,0.01,3,2019,买盘
60,09:35:21,6.73,0.0,9,6057,卖盘
61,09:35:30,6.76,0.03,1,676,买盘
62,09:35:39,6.75,-0.01,28,18900,卖盘
63,09:35:42,6.75,0.0,30,20250,卖盘
64,09:35:45,6.75,0.0,69,46575,卖盘
65,09:35:48,6.74,-0.01,2,1348,卖盘
66,09:35:51,6.74,0.0,3,2022,卖盘
67,09:36:00,6.74,0.0,14,9436,买盘
68,09:36:03,6.75,0.01,82,55330,买盘
69,09:36:06,6.74,-0.01,50,33700,卖盘
70,09:36:12,6.74,0.0,2,1348,卖盘
71,09:36:15,6.74,0.0,7,4718,卖盘
72,09:36:30,6.73,-0.01,24,16152,卖盘
73,09:36:36,6.74,0.01,1,674,买盘
74,09:36:45,6.73,-0.01,50,33650,卖盘
75,09:36:48,6.73,0.0,30,20190,卖盘
76,09:36:51,6.73,0.0,47,31631,卖盘
77,09:36:54,6.73,0.0,1,673,卖盘
78,09:36:57,6.71,-0.02,78,52391,卖盘
79,09:37:06,6.7,-0.01,44,29480,卖盘
80,09:37:09,6.71,0.01,145,97245,买盘
81,09:37:24,6.7,-0.01,30,20100,卖盘
82,09:37:27,6.71,0.01,5,3355,买盘
83,09:37:30,6.71,0.0,1,671,买盘
84,09:37:33,6.71,0.0,46,30866,买盘
85,09:37:42,6.71,0.0,3,2013,买盘
86,09:37:48,6.71,0.0,95,63745,卖盘
87,09:37:51,6.71,0.0,2,1342,卖盘
88,09:37:54,6.69,-0.02,418,279989,卖盘
89,09:38:00,6.68,-0.01,12,8350,买盘
90,09:38:21,6.68,0.0,9,6012,卖盘
91,09:39:04,6.69,0.01,4,2676,卖盘
92,09:39:09,6.69,0.0,54,36126,卖盘
93,09:39:15,6.7,0.01,1,670,买盘
94,09:39:21,6.69,-0.01,51,34119,卖盘
95,09:39:30,6.68,-0.01,4,2672,卖盘
96,09:39:33,6.69,0.01,10,6690,买盘
97,09:39:39,6.68,-0.01,66,44098,卖盘
98,09:39:42,6.68,0.0,5,3340,卖盘
99,09:39:45,6.68,0.0,48,32064,卖盘
100,09:39:48,6.68,0.0,4,2672,卖盘
101,09:39:51,6.68,0.0,35,23046,卖盘
102,09:39:54,6.68,0.0,58,38744,卖盘
103,09:39:57,6.69,0.01,50,33450,买盘
104,09:40:00,6.68,-0.01,15,10020,卖盘
105,09:40:04,6.68,0.0,5,3340,卖盘
106,09:40:06,6.68,0.0,85,56780,卖盘
107,09:40:09,6.68,0.0,60,40080,卖盘
108,09:40:12,6.68,0.0,10,6680,卖盘
109,09:40:15,6.68,0.0,25,16700,卖盘
110,09:40:18,6.69,0.01,22,14718,买盘
111,09:40:21,6.69,0.0,20,13380,买盘
112,09:40:24,6.69,0.0,26,17394,买盘
113,09:40:28,6.68,-0.01,47,31396,卖盘
114,09:40:33,6.69,0.01,46,30774,买盘
115,09:40:57,6.69,0.0,18,12042,买盘
116,09:41:00,6.68,-0.01,3,2004,卖盘
117,09:41:04,6.69,0.01,20,13380,买盘
118,09:41:19,6.69,0.0,12,8028,买盘
119,09:41:27,6.69,0.0,27,18063,买盘
120,09:41:36,6.69,0.0,16,10704,买盘
121,09:41:45,6.68,-0.01,15,10020,卖盘
122,09:41:51,6.69,0.01,20,13380,买盘
123,09:41:55,6.68,-0.01,109,72812,卖盘
124,09:42:00,6.69,0.01,20,13380,买盘
125,09:42:18,6.68,-0.01,4,2672,卖盘
126,09:42:21,6.69,0.01,10,6690,买盘
127,09:42:36,6.69,0.0,30,20070,买盘
128,09:42:39,6.68,-0.01,46,30744,卖盘
129,09:42:42,6.69,0.01,10,6690,买盘
130,09:42:45,6.69,0.0,54,36122,买盘
131,09:42:48,6.68,-0.01,49,32732,卖盘
132,09:42:51,6.68,0.0,10,6680,卖盘
133,09:43:06,6.68,0.0,5,3340,卖盘
134,09:43:12,6.68,0.0,18,12024,买盘
135,09:43:24,6.67,-0.01,2,1334,买盘
136,09:43:27,6.67,0.0,17,11339,买盘
137,09:43:30,6.68,0.01,20,13353,买盘
138,09:43:33,6.66,-0.02,162,107892,卖盘
139,09:43:42,6.67,0.01,3,2001,卖盘
140,09:43:57,6.68,0.01,10,6680,买盘
141,09:44:09,6.67,-0.01,17,11339,卖盘
142,09:44:21,6.66,-0.01,1,666,卖盘
143,09:44:40,6.66,0.0,21,14319,卖盘
144,09:44:45,6.67,0.01,5,3334,买盘
145,09:45:06,6.67,0.0,3,2001,买盘
146,09:45:09,6.67,0.0,55,36685,卖盘
147,09:45:15,6.68,0.01,2,1336,买盘
148,09:45:21,6.68,0.0,13,8684,买盘
149,09:45:45,6.68,0.0,3,2004,买盘
150,09:46:12,6.67,-0.01,2,1334,卖盘
151,09:46:18,6.68,0.01,28,18704,买盘
152,09:46:27,6.68,0.0,20,13360,买盘
153,09:46:36,6.68,0.0,2,1336,买盘
154,09:46:39,6.68,0.0,31,20708,买盘
155,09:46:43,6.69,0.01,200,133800,买盘
156,09:46:51,6.69,0.0,100,66900,买盘
157,09:46:54,6.69,0.0,35,23415,买盘
158,09:47:18,6.7,0.01,85,56950,买盘
159,09:47:21,6.7,0.0,10,6700,卖盘
160,09:47:24,6.69,-0.01,50,33458,卖盘
161,09:47:33,6.69,0.0,18,12042,买盘
162,09:48:00,6.69,0.0,10,6690,买盘
163,09:48:04,6.69,0.0,5,3345,买盘
164,09:48:24,6.68,-0.01,43,28755,卖盘
165,09:48:36,6.68,0.0,5,3340,买盘
166,09:48:39,6.68,0.0,50,33400,买盘
167,09:48:48,6.68,0.0,82,54776,买盘
168,09:48:54,6.68,0.0,5,3340,买盘
169,09:49:09,6.68,0.0,5,3340,买盘
170,09:49:15,6.68,0.0,10,6680,买盘
171,09:49:21,6.68,0.0,30,20040,买盘
172,09:49:30,6.68,0.0,21,14028,买盘
173,09:49:33,6.67,-0.01,4,2668,卖盘
174,09:49:43,6.68,0.01,38,25384,买盘
175,09:49:54,6.68,0.0,15,10020,卖盘
176,09:50:00,6.68,0.0,1,668,卖盘
177,09:50:04,6.68,0.0,4,2672,卖盘
178,09:50:06,6.68,0.0,27,18036,卖盘
179,09:50:12,6.67,-0.01,9,6003,卖盘
180,09:50:18,6.68,0.01,30,20040,买盘
181,09:50:21,6.68,0.0,3,2004,买盘
182,09:50:39,6.67,-0.01,332,221444,卖盘
183,09:50:42,6.66,-0.01,118,78588,卖盘
184,09:50:45,6.66,0.0,5,3330,卖盘
185,09:50:48,6.66,0.0,33,21993,卖盘
186,09:51:00,6.67,0.01,35,23345,买盘
187,09:51:03,6.66,-0.01,16,10656,卖盘
188,09:51:27,6.65,-0.01,180,119823,卖盘
189,09:51:51,6.65,0.0,4,2660,卖盘
190,09:52:06,6.65,0.0,3,1995,卖盘
191,09:52:30,6.65,0.0,8,5320,卖盘
192,09:52:33,6.65,0.0,20,13300,卖盘
193,09:52:48,6.66,0.01,2,1332,买盘
194,09:52:57,6.66,0.0,10,6660,买盘
195,09:53:09,6.66,0.0,15,9990,买盘
196,09:53:15,6.66,0.0,2,1332,买盘
197,09:53:21,6.66,0.0,5,3330,买盘
198,09:53:24,6.66,0.0,3,1998,卖盘
199,09:53:27,6.66,0.0,56,37296,卖盘
200,09:53:39,6.66,0.0,5,2997,卖盘
201,09:53:48,6.66,0.0,19,12654,卖盘
202,09:53:51,6.66,0.0,27,17982,卖盘
203,09:53:57,6.66,0.0,24,16317,卖盘
204,09:54:04,6.66,0.0,12,7992,买盘
205,09:54:06,6.66,0.0,17,11322,卖盘
206,09:54:12,6.67,0.01,1,667,买盘
207,09:54:15,6.66,-0.01,1,666,卖盘
208,09:54:24,6.67,0.01,21,14007,买盘
209,09:54:27,6.67,0.0,200,133400,买盘
210,09:54:33,6.67,0.0,2,1334,买盘
211,09:54:36,6.67,0.0,22,14674,买盘
212,09:54:39,6.67,0.0,1,667,买盘
213,09:54:54,6.67,0.0,4,2668,买盘
214,09:55:09,6.66,-0.01,9,5994,卖盘
215,09:55:33,6.66,0.0,10,6660,卖盘
216,09:56:00,6.66,0.0,666,443556,卖盘
217,09:56:04,6.66,0.0,32,21312,卖盘
218,09:56:06,6.66,0.0,29,19314,卖盘
219,09:56:09,6.67,0.01,25,16675,买盘
220,09:56:21,6.66,-0.01,2,1332,卖盘
221,09:56:24,6.66,0.0,5,3330,卖盘
222,09:56:27,6.66,0.0,1,666,卖盘
223,09:56:30,6.66,0.0,127,84591,卖盘
224,09:56:40,6.67,0.01,189,126055,买盘
225,09:56:42,6.67,0.0,58,38686,卖盘
226,09:56:57,6.67,0.0,1,667,卖盘
227,09:57:12,6.68,0.01,16,10688,买盘
228,09:57:15,6.68,0.0,1,668,中性盘
229,09:57:36,6.68,0.0,50,33400,中性盘
230,09:58:04,6.72,0.04,402,269803,买盘
231,09:58:06,6.72,0.0,124,83328,卖盘
232,09:58:09,6.68,-0.04,91,60788,卖盘
233,09:58:16,6.72,0.04,421,282912,买盘
234,09:58:27,6.72,0.0,15,10080,买盘
235,09:58:30,6.72,0.0,101,67872,卖盘
236,09:58:33,6.72,0.0,110,73920,卖盘
237,09:58:36,6.7,-0.02,114,76602,卖盘
238,09:58:39,6.72,0.02,95,63652,买盘
239,09:58:42,6.72,0.0,117,78624,卖盘
240,09:58:45,6.72,0.0,121,81312,卖盘
241,09:58:48,6.73,0.01,18,12106,买盘
242,09:58:51,6.72,-0.01,22,14784,卖盘
243,09:58:55,6.72,0.0,37,24864,卖盘
244,09:58:58,6.72,0.0,14,9408,卖盘
245,09:59:03,6.72,0.0,86,57792,卖盘
246,09:59:06,6.72,0.0,39,26208,卖盘
247,09:59:13,6.72,0.0,7,4704,买盘
248,09:59:18,6.72,0.0,54,36288,卖盘
249,09:59:21,6.72,0.0,30,20160,卖盘
250,09:59:39,6.72,0.0,320,215040,卖盘
251,09:59:48,6.72,0.0,10,6720,买盘
252,10:00:04,6.72,0.0,10,6720,卖盘
253,10:00:24,6.72,0.0,10,6720,卖盘
254,10:00:42,6.72,0.0,374,251328,卖盘
255,10:00:54,6.72,0.0,2,1344,买盘
256,10:01:07,6.72,0.0,1,672,买盘
257,10:01:21,6.7,-0.02,63,42210,卖盘
258,10:01:36,6.69,-0.01,1,669,卖盘
259,10:01:42,6.69,0.0,49,32781,卖盘
260,10:01:52,6.68,-0.01,5,3340,卖盘
261,10:02:03,6.68,0.0,5,3340,卖盘
262,10:02:24,6.68,0.0,18,12024,买盘
263,10:03:04,6.68,0.0,380,253840,卖盘
264,10:03:06,6.68,0.0,10,6680,买盘
265,10:03:15,6.68,0.0,20,13360,买盘
266,10:03:51,6.68,0.0,19,12692,卖盘
267,10:03:54,6.68,0.0,10,6680,买盘
268,10:03:57,6.68,0.0,3,2004,买盘
269,10:04:09,6.67,-0.01,45,30015,卖盘
270,10:04:42,6.67,0.0,1,667,卖盘
271,10:05:04,6.67,0.0,21,14007,卖盘
272,10:05:48,6.68,0.01,17,11356,买盘
273,10:05:57,6.67,-0.01,7,4669,卖盘
274,10:06:03,6.67,0.0,10,6670,卖盘
275,10:06:30,6.67,0.0,12,8004,卖盘
276,10:06:36,6.67,0.0,1,667,卖盘
277,10:07:04,6.67,0.0,10,6670,卖盘
278,10:07:30,6.68,0.01,5,3340,买盘
279,10:07:33,6.68,0.0,10,6680,买盘
280,10:07:39,6.68,0.0,22,14696,买盘
281,10:07:45,6.68,0.0,19,12692,买盘
282,10:08:04,6.68,0.0,3,2004,买盘
283,10:08:18,6.68,0.0,50,33400,买盘
284,10:08:24,6.68,0.0,17,11356,买盘
285,10:09:00,6.68,0.0,10,6680,买盘
286,10:09:04,6.68,0.0,95,63460,买盘
287,10:09:09,6.68,0.0,28,18704,卖盘
288,10:09:39,6.68,0.0,14,9352,卖盘
289,10:09:42,6.68,0.0,7,4676,卖盘
290,10:09:45,6.68,0.0,15,10020,卖盘
291,10:10:00,6.68,0.0,10,6680,卖盘
292,10:10:03,6.68,0.0,10,6680,卖盘
293,10:10:07,6.68,0.0,22,14696,卖盘
294,10:10:09,6.67,-0.01,78,52026,卖盘
295,10:10:12,6.67,0.0,16,10672,卖盘
296,10:10:15,6.67,0.0,40,26680,卖盘
297,10:10:39,6.66,-0.01,150,99900,卖盘
298,10:10:42,6.66,0.0,16,10656,卖盘
299,10:10:45,6.66,0.0,4,2664,卖盘
300,10:11:03,6.66,0.0,11,7326,卖盘
301,10:11:24,6.66,0.0,10,6660,卖盘
302,10:11:36,6.67,0.01,17,11339,买盘
303,10:11:42,6.67,0.0,15,10005,卖盘
304,10:11:51,6.66,-0.01,7,4662,卖盘
305,10:11:54,6.66,0.0,1,666,卖盘
306,10:12:03,6.66,0.0,10,6660,卖盘
307,10:12:06,6.67,0.01,5,3335,买盘
308,10:12:24,6.67,0.0,2,1334,买盘
309,10:13:03,6.67,0.0,3,2001,卖盘
310,10:13:07,6.67,0.0,5,3335,买盘
311,10:13:24,6.66,-0.01,33,21978,卖盘
312,10:14:04,6.66,0.0,11,7326,卖盘
313,10:14:06,6.66,0.0,19,12654,卖盘
314,10:14:21,6.67,0.01,12,8004,买盘
315,10:15:15,6.67,0.0,3,2001,买盘
316,10:15:27,6.67,0.0,32,21344,买盘
317,10:15:33,6.67,0.0,5,3335,买盘
318,10:16:18,6.67,0.0,36,24012,买盘
319,10:16:22,6.67,0.0,97,64699,买盘
320,10:16:27,6.67,0.0,50,33350,买盘
321,10:16:33,6.67,0.0,3,2001,买盘
322,10:16:48,6.67,0.0,4,2668,买盘
323,10:17:03,6.67,0.0,11,7337,卖盘
324,10:17:09,6.67,0.0,10,6670,卖盘
325,10:17:39,6.67,0.0,8,5336,卖盘
326,10:18:04,6.67,0.0,10,6670,卖盘
327,10:19:04,6.67,0.0,10,6670,卖盘
328,10:19:36,6.67,0.0,8,5336,卖盘
329,10:19:45,6.67,0.0,48,32016,卖盘
330,10:19:57,6.66,-0.01,1,666,卖盘
331,10:20:00,6.67,0.01,7,4669,买盘
332,10:21:04,6.66,-0.01,25,16650,卖盘
333,10:21:30,6.66,0.0,30,19980,卖盘
334,10:21:39,6.66,0.0,5,3330,卖盘
335,10:22:03,6.67,0.01,14,9338,买盘
336,10:22:45,6.67,0.0,15,10005,买盘
337,10:22:51,6.66,-0.01,132,87912,卖盘
338,10:23:04,6.66,0.0,13,8658,卖盘
339,10:23:09,6.67,0.01,5,3335,买盘
340,10:23:12,6.67,0.0,3,2001,买盘
341,10:23:21,6.66,-0.01,224,149064,卖盘
342,10:23:24,6.66,0.0,73,48546,买盘
343,10:23:27,6.65,-0.01,261,173632,卖盘
344,10:24:57,6.65,0.0,49,32585,买盘
345,10:25:00,6.65,0.0,1,665,卖盘
346,10:25:15,6.65,0.0,14,9310,买盘
347,10:25:30,6.65,0.0,26,17290,卖盘
348,10:25:33,6.65,0.0,5,3325,买盘
349,10:25:54,6.64,-0.01,195,129480,卖盘
350,10:25:57,6.64,0.0,70,46480,卖盘
351,10:26:00,6.64,0.0,39,25896,卖盘
352,10:26:03,6.65,0.01,68,45183,买盘
353,10:26:39,6.65,0.0,1,665,买盘
354,10:26:51,6.64,-0.01,17,11288,卖盘
355,10:27:04,6.64,0.0,10,6640,卖盘
356,10:27:06,6.64,0.0,50,33200,卖盘
357,10:27:12,6.64,0.0,88,58434,卖盘
358,10:27:18,6.64,0.0,18,11952,买盘
359,10:27:51,6.63,-0.01,310,205557,卖盘
360,10:27:54,6.63,0.0,148,98105,买盘
361,10:28:03,6.62,-0.01,15,9930,卖盘
362,10:28:06,6.62,0.0,162,107518,卖盘
363,10:28:15,6.62,0.0,60,39720,卖盘
364,10:28:39,6.63,0.01,11,7293,买盘
365,10:28:57,6.64,0.01,5,3320,买盘
366,10:29:51,6.64,0.0,2,1328,买盘
367,10:29:57,6.63,-0.01,10,6630,卖盘
368,10:30:00,6.63,0.0,3,1989,卖盘
369,10:30:03,6.63,0.0,10,6630,卖盘
370,10:30:12,6.63,0.0,103,68289,卖盘
371,10:30:15,6.63,0.0,2,1326,卖盘
372,10:30:18,6.63,0.0,1,663,卖盘
373,10:30:27,6.63,0.0,3,1989,卖盘
374,10:30:36,6.63,0.0,12,7956,买盘
375,10:30:39,6.63,0.0,1,663,买盘
376,10:30:46,6.62,-0.01,88,58266,卖盘
377,10:30:48,6.62,0.0,14,9268,卖盘
378,10:30:51,6.62,0.0,162,107244,卖盘
379,10:31:00,6.62,0.0,67,44304,买盘
380,10:31:03,6.61,-0.01,619,409159,卖盘
381,10:31:06,6.61,0.0,100,66100,买盘
382,10:31:18,6.61,0.0,3,1983,买盘
383,10:31:21,6.61,0.0,1,661,买盘
384,10:31:24,6.61,0.0,175,115675,买盘
385,10:31:27,6.61,0.0,5,3305,买盘
386,10:31:30,6.61,0.0,5,3305,买盘
387,10:31:36,6.6,-0.01,37,24422,卖盘
388,10:31:51,6.62,0.02,10,6620,买盘
389,10:31:54,6.6,-0.02,124,81510,卖盘
390,10:32:04,6.62,0.02,4,2648,买盘
391,10:32:06,6.61,-0.01,18,11901,卖盘
392,10:32:27,6.61,0.0,22,14542,卖盘
393,10:32:31,6.61,0.0,4,2644,买盘
394,10:32:36,6.6,-0.01,341,225108,卖盘
395,10:32:45,6.6,0.0,200,132000,卖盘
396,10:33:04,6.6,0.0,50,33000,卖盘
397,10:33:06,6.6,0.0,38,25080,卖盘
398,10:33:09,6.6,0.0,241,159177,卖盘
399,10:33:30,6.62,0.02,4,2648,买盘
400,10:33:36,6.61,-0.01,15,9915,卖盘
401,10:33:39,6.61,0.0,16,10576,买盘
402,10:33:45,6.61,0.0,3,1983,买盘
403,10:33:48,6.61,0.0,29,19169,买盘
404,10:34:06,6.61,0.0,25,16535,卖盘
405,10:34:09,6.62,0.01,14,9266,买盘
406,10:34:27,6.62,0.0,71,47002,买盘
407,10:34:36,6.62,0.0,46,30472,卖盘
408,10:34:45,6.63,0.01,28,18564,买盘
409,10:34:51,6.64,0.01,16,10624,买盘
410,10:34:57,6.64,0.0,334,221776,买盘
411,10:35:00,6.64,0.0,160,106240,卖盘
412,10:35:04,6.64,0.0,11,7304,卖盘
413,10:35:06,6.65,0.01,92,61102,买盘
414,10:35:09,6.65,0.0,3,1995,买盘
415,10:35:16,6.65,0.0,50,33250,买盘
416,10:35:21,6.65,0.0,13,8645,买盘
417,10:35:24,6.65,0.0,5,3325,卖盘
418,10:35:33,6.64,-0.01,66,43834,卖盘
419,10:35:51,6.65,0.01,2,1330,买盘
420,10:35:54,6.64,-0.01,47,31208,卖盘
421,10:35:57,6.64,0.0,5,3320,卖盘
422,10:36:00,6.64,0.0,7,4648,卖盘
423,10:36:04,6.63,-0.01,23,15249,卖盘
424,10:36:09,6.63,0.0,15,9945,卖盘
425,10:36:19,6.62,-0.01,3,1986,卖盘
426,10:36:24,6.62,0.0,79,52298,卖盘
427,10:36:33,6.62,0.0,20,13240,卖盘
428,10:36:36,6.62,0.0,3,1986,卖盘
429,10:37:01,6.62,0.0,5,3310,卖盘
430,10:37:09,6.62,0.0,5,3310,卖盘
431,10:37:30,6.62,0.0,2,1324,卖盘
432,10:38:00,6.63,0.01,1,663,卖盘
433,10:38:21,6.62,-0.01,668,442297,卖盘
434,10:38:24,6.62,0.0,20,13240,买盘
435,10:38:27,6.61,-0.01,124,81964,卖盘
436,10:38:39,6.62,0.01,50,33100,买盘
437,10:38:48,6.62,0.0,4,2648,买盘
438,10:38:57,6.61,-0.01,33,21813,卖盘
439,10:39:04,6.61,0.0,10,6610,卖盘
440,10:39:12,6.61,0.0,3,1983,卖盘
441,10:39:15,6.61,0.0,15,9915,卖盘
442,10:39:24,6.62,0.01,53,35086,买盘
443,10:39:28,6.61,-0.01,11,7271,卖盘
444,10:39:40,6.62,0.01,16,10592,买盘
445,10:39:57,6.62,0.0,53,35069,买盘
446,10:40:00,6.62,0.0,60,39720,买盘
447,10:40:09,6.62,0.0,50,33100,买盘
448,10:40:12,6.62,0.0,58,38396,买盘
449,10:40:24,6.61,-0.01,48,31728,卖盘
450,10:40:54,6.61,0.0,13,8593,卖盘
451,10:41:03,6.61,0.0,11,7271,卖盘
452,10:41:06,6.62,0.01,41,27142,买盘
453,10:41:24,6.61,-0.01,14,9254,卖盘
454,10:41:30,6.61,0.0,2,1322,卖盘
455,10:41:36,6.62,0.01,100,66200,买盘
456,10:41:45,6.62,0.0,96,63552,买盘
457,10:41:48,6.62,0.0,79,52298,买盘
458,10:41:51,6.62,0.0,1,662,买盘
459,10:41:54,6.62,0.0,315,208505,买盘
460,10:41:58,6.61,-0.01,1090,720490,卖盘
461,10:42:04,6.61,0.0,54,35694,买盘
462,10:42:21,6.61,0.0,10,6610,卖盘
463,10:42:24,6.61,0.0,282,186402,买盘
464,10:42:42,6.6,-0.01,14,9240,卖盘
465,10:42:51,6.6,0.0,66,43595,卖盘
466,10:42:57,6.6,0.0,4,2640,卖盘
467,10:43:03,6.61,0.01,10,6610,卖盘
468,10:43:21,6.61,0.0,14,9254,卖盘
469,10:43:39,6.61,0.0,3,1983,卖盘
470,10:43:48,6.6,-0.01,3,1980,卖盘
471,10:43:52,6.6,0.0,16,10560,卖盘
472,10:44:04,6.61,0.01,11,7271,卖盘
473,10:44:18,6.61,0.0,6,3966,卖盘
474,10:44:21,6.61,0.0,5,3305,卖盘
475,10:44:33,6.61,0.0,6,3966,卖盘
476,10:44:36,6.62,0.01,16,10688,买盘
477,10:44:45,6.62,0.0,10,6620,卖盘
478,10:44:48,6.62,0.0,7,4634,卖盘
479,10:45:04,6.62,0.0,10,6620,卖盘
480,10:45:06,6.63,0.01,63,41769,买盘
481,10:45:16,6.63,0.0,27,17909,卖盘
482,10:45:22,6.64,0.01,2,1328,买盘
483,10:45:24,6.64,0.0,7,4648,买盘
484,10:45:27,6.63,-0.01,98,64974,卖盘
485,10:45:30,6.62,-0.01,8,5296,卖盘
486,10:45:33,6.62,0.0,98,64772,卖盘
487,10:45:45,6.61,-0.01,41,27101,卖盘
488,10:45:55,6.62,0.01,6,3972,买盘
489,10:46:12,6.62,0.0,15,9930,买盘
490,10:46:15,6.61,-0.01,8,5288,卖盘
491,10:46:27,6.62,0.01,107,70864,买盘
492,10:46:30,6.62,0.0,4,2648,卖盘
493,10:46:45,6.62,0.0,28,18536,卖盘
494,10:46:48,6.62,0.0,9,5958,卖盘
495,10:47:04,6.62,0.0,11,7282,卖盘
496,10:47:12,6.62,0.0,10,6620,卖盘
497,10:47:42,6.63,0.01,503,332883,买盘
498,10:48:09,6.62,-0.01,3,1986,买盘
499,10:48:12,6.61,-0.01,68,44952,卖盘
500,10:48:15,6.61,0.0,42,27762,买盘
501,10:48:21,6.61,0.0,7,4627,买盘
502,10:48:39,6.61,0.0,21,13881,卖盘
503,10:48:42,6.6,-0.01,20,13206,卖盘
504,10:49:03,6.61,0.01,10,6610,卖盘
505,10:49:09,6.6,-0.01,9,5940,卖盘
506,10:49:15,6.63,0.03,7,4641,买盘
507,10:49:39,6.61,-0.02,10,6618,卖盘
508,10:50:00,6.61,0.0,7,4627,卖盘
509,10:50:07,6.62,0.01,4,2648,卖盘
510,10:50:36,6.62,0.0,1,662,卖盘
511,10:50:45,6.63,0.01,82,54364,买盘
512,10:51:06,6.62,-0.01,18,11916,卖盘
513,10:51:18,6.62,0.0,1,662,卖盘
514,10:51:36,6.62,0.0,4,2648,卖盘
515,10:51:46,6.62,0.0,1,662,卖盘
516,10:52:03,6.62,0.0,11,7282,卖盘
517,10:52:33,6.62,0.0,2,1324,卖盘
518,10:53:04,6.62,0.0,12,7944,卖盘
519,10:53:06,6.63,0.01,2,1326,买盘
520,10:53:18,6.62,-0.01,279,184698,卖盘
521,10:53:33,6.61,-0.01,64,42304,卖盘
522,10:53:51,6.61,0.0,4,2644,卖盘
523,10:54:01,6.61,0.0,14,9256,卖盘
524,10:54:06,6.62,0.01,59,39058,买盘
525,10:54:18,6.61,-0.01,21,13881,卖盘
526,10:54:30,6.61,0.0,16,10576,卖盘
527,10:54:33,6.61,0.0,1,661,卖盘
528,10:54:48,6.61,0.0,1,661,卖盘
529,10:55:00,6.61,0.0,4,2644,卖盘
530,10:55:03,6.61,0.0,5,3305,卖盘
531,10:55:06,6.61,0.0,1,661,卖盘
532,10:55:16,6.61,0.0,15,9915,卖盘
533,10:55:27,6.61,0.0,6,3966,卖盘
534,10:55:33,6.61,0.0,1,661,卖盘
535,10:55:54,6.62,0.01,9,5958,买盘
536,10:55:57,6.61,-0.01,1,661,卖盘
537,10:56:03,6.61,0.0,1,661,卖盘
538,10:56:12,6.61,0.0,4,2644,卖盘
539,10:56:27,6.61,0.0,3,1983,卖盘
540,10:56:34,6.61,0.0,1,661,卖盘
541,10:56:54,6.61,0.0,1,661,卖盘
542,10:57:03,6.61,0.0,11,7271,卖盘
543,10:57:18,6.61,0.0,1,661,卖盘
544,10:57:24,6.61,0.0,2,1322,卖盘
545,10:57:27,6.61,0.0,4,2644,卖盘
546,10:57:48,6.61,0.0,1,661,卖盘
547,10:57:54,6.62,0.01,5,3308,买盘
548,10:58:03,6.61,-0.01,1,661,卖盘
549,10:58:21,6.61,0.0,1,661,卖盘
550,10:58:33,6.61,0.0,1,661,卖盘
551,10:58:36,6.61,0.0,4,2644,卖盘
552,10:58:51,6.61,0.0,1,661,卖盘
553,10:58:55,6.61,0.0,16,10576,卖盘
554,10:59:03,6.61,0.0,12,7932,卖盘
555,10:59:09,6.62,0.01,3,1985,买盘
556,10:59:21,6.61,-0.01,7,4627,卖盘
557,10:59:33,6.61,0.0,1,661,卖盘
558,10:59:51,6.61,0.0,92,60812,卖盘
559,11:00:00,6.62,0.01,2,1324,买盘
560,11:00:03,6.61,-0.01,1,661,卖盘
561,11:00:06,6.61,0.0,1,661,卖盘
562,11:00:18,6.61,0.0,20,13220,卖盘
563,11:00:21,6.61,0.0,2,1322,卖盘
564,11:00:33,6.61,0.0,2,1322,卖盘
565,11:00:48,6.61,0.0,4,2644,卖盘
566,11:01:04,6.61,0.0,5,3305,卖盘
567,11:01:18,6.61,0.0,2,1322,卖盘
568,11:01:33,6.61,0.0,1,661,卖盘
569,11:01:42,6.61,0.0,10,6610,卖盘
570,11:01:48,6.61,0.0,3,1983,卖盘
571,11:02:04,6.61,0.0,2,1322,卖盘
572,11:02:12,6.61,0.0,4,2644,卖盘
573,11:02:15,6.61,0.0,1,661,卖盘
574,11:02:30,6.61,0.0,20,13220,卖盘
575,11:02:33,6.61,0.0,2,1322,卖盘
576,11:02:39,6.62,0.01,13,8606,买盘
577,11:02:45,6.61,-0.01,8,5288,卖盘
578,11:02:48,6.62,0.01,8,5296,买盘
579,11:03:03,6.62,0.0,10,6619,买盘
580,11:03:12,6.62,0.0,15,9930,买盘
581,11:03:15,6.61,-0.01,6,3966,卖盘
582,11:03:27,6.61,0.0,4,2644,卖盘
583,11:03:33,6.61,0.0,3,1983,卖盘
584,11:03:42,6.61,0.0,4,2644,卖盘
585,11:04:03,6.61,0.0,1,661,卖盘
586,11:04:06,6.62,0.01,7,4634,买盘
587,11:04:12,6.61,-0.01,2,1322,卖盘
588,11:04:33,6.61,0.0,4,2644,卖盘
589,11:04:36,6.61,0.0,34,22504,卖盘
590,11:04:43,6.61,0.0,9,5949,卖盘
591,11:05:12,6.61,0.0,2,1322,卖盘
592,11:05:27,6.62,0.01,80,53291,买盘
593,11:05:39,6.62,0.0,9,5627,卖盘
594,11:05:52,6.61,-0.01,4,2644,卖盘
595,11:06:09,6.61,0.0,2,1322,卖盘
596,11:06:39,6.62,0.01,6,3971,买盘
597,11:06:42,6.61,-0.01,15,9915,卖盘
598,11:07:03,6.61,0.0,4,2644,卖盘
599,11:07:06,6.61,0.0,2,1322,卖盘
600,11:07:21,6.61,0.0,100,66100,卖盘
601,11:07:36,6.61,0.0,18,11898,卖盘
602,11:07:54,6.61,0.0,28,18838,卖盘
603,11:08:06,6.61,0.0,9,5949,卖盘
604,11:08:12,6.61,0.0,4,2644,卖盘
605,11:08:33,6.61,0.0,6,3966,卖盘
606,11:08:46,6.61,0.0,3,1983,卖盘
607,11:09:04,6.61,0.0,1,661,卖盘
608,11:09:27,6.61,0.0,4,2644,卖盘
609,11:09:33,6.61,0.0,4,2644,卖盘
610,11:09:57,6.62,0.01,10,6289,买盘
611,11:10:00,6.62,0.0,9,6289,卖盘
612,11:10:30,6.61,-0.01,4,2644,卖盘
613,11:10:36,6.61,0.0,13,8602,卖盘
614,11:11:00,6.61,0.0,8,5288,卖盘
615,11:11:31,6.61,0.0,2,1322,卖盘
616,11:11:36,6.62,0.01,8,4965,买盘
617,11:11:39,6.62,0.0,2,1324,卖盘
618,11:11:42,6.62,0.0,3,1986,卖盘
619,11:11:51,6.61,-0.01,4,2644,卖盘
620,11:11:58,6.61,0.0,3,1983,卖盘
621,11:12:27,6.61,0.0,2,1322,卖盘
622,11:12:57,6.61,0.0,1,661,卖盘
623,11:13:04,6.61,0.0,4,2644,卖盘
624,11:13:06,6.62,0.01,12,7613,买盘
625,11:13:15,6.62,0.0,1,662,卖盘
626,11:13:24,6.62,0.0,14,9268,卖盘
627,11:13:27,6.62,0.0,26,17212,卖盘
628,11:13:30,6.62,0.0,18,12247,卖盘
629,11:13:54,6.62,0.0,18,11903,买盘
630,11:14:06,6.61,-0.01,1,661,卖盘
631,11:14:12,6.61,0.0,4,2644,卖盘
632,11:14:22,6.62,0.01,20,13240,买盘
633,11:14:24,6.61,-0.01,5,3305,卖盘
634,11:14:39,6.61,0.0,40,26440,卖盘
635,11:14:54,6.61,0.0,13,8593,卖盘
636,11:14:57,6.62,0.01,5,3310,买盘
637,11:15:04,6.61,-0.01,13,8593,卖盘
638,11:15:06,6.61,0.0,7,4627,卖盘
639,11:15:09,6.61,0.0,8,5288,卖盘
640,11:15:12,6.61,0.0,31,20491,卖盘
641,11:15:21,6.61,0.0,14,9254,卖盘
642,11:15:27,6.61,0.0,4,2644,卖盘
643,11:15:42,6.62,0.01,30,19860,买盘
644,11:15:51,6.61,-0.01,19,12559,卖盘
645,11:16:12,6.61,0.0,92,60812,卖盘
646,11:16:21,6.61,0.0,20,13220,卖盘
647,11:16:36,6.61,0.0,4,2644,卖盘
648,11:16:39,6.61,0.0,5,3305,卖盘
649,11:16:48,6.61,0.0,100,66100,卖盘
650,11:16:51,6.61,0.0,5,3305,卖盘
651,11:17:18,6.61,0.0,24,15864,卖盘
652,11:17:21,6.61,0.0,5,3305,卖盘
653,11:17:33,6.61,0.0,1,661,卖盘
654,11:17:48,6.61,0.0,6,3966,卖盘
655,11:17:51,6.61,0.0,139,91879,卖盘
656,11:18:03,6.61,0.0,4,2644,卖盘
657,11:18:18,6.61,0.0,33,21813,卖盘
658,11:18:34,6.61,0.0,1,661,卖盘
659,11:18:48,6.61,0.0,6,3966,卖盘
660,11:19:04,6.61,0.0,6,3966,卖盘
661,11:19:06,6.61,0.0,1,661,卖盘
662,11:19:15,6.61,0.0,3,1983,卖盘
663,11:19:33,6.61,0.0,2,1322,卖盘
664,11:19:45,6.61,0.0,1,661,卖盘
665,11:20:00,6.62,0.01,12,7944,买盘
666,11:20:03,6.62,0.0,27,17874,卖盘
667,11:20:09,6.61,-0.01,22,14542,卖盘
668,11:20:12,6.61,0.0,4,2644,卖盘
669,11:20:15,6.61,0.0,8,5288,卖盘
670,11:20:42,6.61,0.0,6,3966,卖盘
671,11:20:57,6.62,0.01,1,662,买盘
672,11:21:12,6.61,-0.01,1,661,卖盘
673,11:21:22,6.62,0.01,151,99962,买盘
674,11:21:28,6.61,-0.01,4,2644,卖盘
675,11:21:42,6.61,0.0,25,16525,卖盘
676,11:21:45,6.61,0.0,48,31728,卖盘
677,11:21:51,6.61,0.0,289,191029,卖盘
678,11:21:54,6.61,0.0,66,43626,卖盘
679,11:21:57,6.61,0.0,48,31398,卖盘
680,11:22:12,6.61,0.0,122,80528,买盘
681,11:22:15,6.6,-0.01,2,1320,卖盘
682,11:22:33,6.6,0.0,1000,660000,卖盘
683,11:22:36,6.61,0.01,46,30732,买盘
684,11:22:39,6.61,0.0,58,38008,卖盘
685,11:23:09,6.6,-0.01,214,141240,卖盘
686,11:23:12,6.6,0.0,23,15180,卖盘
687,11:23:15,6.6,0.0,10,6600,卖盘
688,11:23:24,6.6,0.0,200,132000,卖盘
689,11:23:33,6.6,0.0,1,990,卖盘
690,11:23:39,6.59,-0.01,88,57992,卖盘
691,11:23:42,6.6,0.01,4,2640,买盘
692,11:23:51,6.59,-0.01,4,2636,卖盘
693,11:24:04,6.59,0.0,99,65241,卖盘
694,11:24:06,6.58,-0.01,22,14476,卖盘
695,11:24:15,6.57,-0.01,1022,672142,卖盘
696,11:24:18,6.58,0.01,100,65800,卖盘
697,11:24:24,6.58,0.0,100,65800,卖盘
698,11:24:30,6.56,-0.02,30,19690,卖盘
699,11:24:33,6.56,0.0,1,656,卖盘
700,11:24:36,6.56,0.0,99,64949,卖盘
701,11:24:39,6.56,0.0,28,18368,买盘
702,11:24:42,6.56,0.0,11,7216,买盘
703,11:24:45,6.55,-0.01,206,134936,卖盘
704,11:24:48,6.56,0.01,30,19680,买盘
705,11:24:54,6.56,0.0,1,656,买盘
706,11:24:57,6.56,0.0,1,656,买盘
707,11:25:00,6.56,0.0,99,64944,买盘
708,11:25:04,6.56,0.0,4,2624,卖盘
709,11:25:06,6.56,0.0,97,63632,卖盘
710,11:25:09,6.56,0.0,7,4592,买盘
711,11:25:12,6.56,0.0,2,1312,买盘
712,11:25:18,6.56,0.0,5,3280,卖盘
713,11:25:27,6.56,0.0,5,3284,卖盘
714,11:25:30,6.56,0.0,10,6560,卖盘
715,11:25:36,6.58,0.02,33,21689,买盘
716,11:25:39,6.58,0.0,8,5264,卖盘
717,11:25:42,6.58,0.0,6,3948,买盘
718,11:25:48,6.58,0.0,18,11844,买盘
719,11:25:57,6.58,0.0,118,77644,买盘
720,11:26:04,6.58,0.0,16,10530,卖盘
721,11:26:12,6.58,0.0,4,2632,卖盘
722,11:26:27,6.59,0.01,15,9885,买盘
723,11:26:31,6.59,0.0,14,9222,买盘
724,11:26:33,6.58,-0.01,139,91133,卖盘
725,11:26:39,6.58,0.0,15,9870,卖盘
726,11:26:45,6.58,0.0,1,658,卖盘
727,11:27:04,6.58,0.0,39,25662,卖盘
728,11:27:12,6.58,0.0,309,203651,卖盘
729,11:27:27,6.57,-0.01,2,1314,卖盘
730,11:27:30,6.57,0.0,48,31536,卖盘
731,11:27:36,6.57,0.0,21,13797,买盘
732,11:27:57,6.58,0.01,5,3290,买盘
733,11:28:00,6.57,-0.01,17,11169,卖盘
734,11:28:12,6.58,0.01,258,169435,买盘
735,11:28:21,6.58,0.0,306,201960,卖盘
736,11:28:27,6.58,0.0,30,19404,卖盘
737,11:28:39,6.58,0.0,2,1316,卖盘
738,11:28:45,6.58,0.0,2,1316,卖盘
739,11:28:48,6.58,0.0,1,658,卖盘
740,11:29:00,6.58,0.0,26,17108,卖盘
741,11:29:33,6.58,0.0,3,1974,卖盘
742,11:29:43,6.58,0.0,1,658,卖盘
743,11:29:45,6.59,0.01,18,11862,买盘
744,13:00:03,6.59,0.0,239,157459,买盘
745,13:00:06,6.59,0.0,4,2636,买盘
746,13:00:09,6.58,-0.01,15,9870,卖盘
747,13:01:12,6.58,0.0,600,394800,卖盘
748,13:01:15,6.58,0.0,56,36901,卖盘
749,13:01:30,6.57,-0.01,52,34111,卖盘
750,13:01:36,6.57,0.0,15,9855,卖盘
751,13:03:18,6.59,0.02,10,6590,买盘
752,13:03:21,6.58,-0.01,8,5264,卖盘
753,13:03:36,6.58,0.0,1,658,卖盘
754,13:03:39,6.58,0.0,10,6580,卖盘
755,13:04:09,6.59,0.01,3,1977,买盘
756,13:04:30,6.58,-0.01,50,32900,卖盘
757,13:05:57,6.58,0.0,75,49350,卖盘
758,13:06:06,6.59,0.01,2,1318,买盘
759,13:07:03,6.58,-0.01,5,3290,卖盘
760,13:07:06,6.56,-0.02,1100,723074,卖盘
761,13:07:18,6.58,0.02,10,6580,卖盘
762,13:07:30,6.58,0.0,8,5264,卖盘
763,13:07:36,6.58,0.0,25,16450,卖盘
764,13:07:45,6.58,0.0,3,1974,卖盘
765,13:07:51,6.58,0.0,70,46060,卖盘
766,13:08:00,6.58,0.0,57,37506,卖盘
767,13:08:06,6.58,0.0,1,658,卖盘
768,13:08:15,6.58,0.0,18,11844,卖盘
769,13:08:36,6.58,0.0,14,9212,卖盘
770,13:08:48,6.58,0.0,20,13160,卖盘
771,13:08:54,6.58,0.0,32,21056,卖盘
772,13:09:15,6.58,0.0,1,658,卖盘
773,13:09:21,6.58,0.0,83,54614,卖盘
774,13:09:27,6.59,0.01,390,257010,买盘
775,13:09:33,6.58,-0.01,281,184898,卖盘
776,13:10:15,6.57,-0.01,5,3285,卖盘
777,13:10:27,6.57,0.0,1,657,卖盘
778,13:10:30,6.56,-0.01,2,1312,卖盘
779,13:10:57,6.56,0.0,5,3280,卖盘
780,13:11:00,6.56,0.0,15,9840,卖盘
781,13:11:18,6.56,0.0,60,39360,卖盘
782,13:11:30,6.56,0.0,2,1312,卖盘
783,13:11:39,6.56,0.0,10,6560,卖盘
784,13:12:15,6.56,0.0,184,120704,卖盘
785,13:12:24,6.56,0.0,32,20992,卖盘
786,13:12:36,6.57,0.01,5,3285,买盘
787,13:12:51,6.57,0.0,1,657,买盘
788,13:12:54,6.56,-0.01,8,5248,卖盘
789,13:13:10,6.57,0.01,3,1969,买盘
790,13:13:15,6.57,0.0,5,3285,买盘
791,13:13:21,6.56,-0.01,3,1968,卖盘
792,13:13:24,6.57,0.01,9,5913,买盘
793,13:13:51,6.56,-0.01,3,1968,卖盘
794,13:13:57,6.57,0.01,49,32193,买盘
795,13:14:00,6.57,0.0,4,2628,买盘
796,13:14:03,6.57,0.0,26,17082,买盘
797,13:14:06,6.57,0.0,14,9198,卖盘
798,13:14:12,6.56,-0.01,358,234914,卖盘
799,13:14:15,6.57,0.01,1,657,卖盘
800,13:14:21,6.57,0.0,11,7227,卖盘
801,13:14:24,6.57,0.0,63,41391,买盘
802,13:14:27,6.58,0.01,20,13160,买盘
803,13:14:49,6.57,-0.01,1,657,卖盘
804,13:14:51,6.57,0.0,19,12483,卖盘
805,13:15:09,6.57,0.0,7,4599,卖盘
806,13:15:18,6.57,0.0,6,3943,卖盘
807,13:15:48,6.57,0.0,1,657,卖盘
808,13:15:51,6.57,0.0,1,657,卖盘
809,13:16:12,6.58,0.01,15,9870,买盘
810,13:16:18,6.57,-0.01,4,2628,卖盘
811,13:16:45,6.57,0.0,1,657,卖盘
812,13:16:48,6.58,0.01,1,658,买盘
813,13:17:06,6.58,0.0,7,4606,买盘
814,13:17:15,6.57,-0.01,4,2628,卖盘
815,13:17:45,6.57,0.0,1,657,卖盘
816,13:18:12,6.57,0.0,1,657,卖盘
817,13:18:24,6.57,0.0,20,13140,卖盘
818,13:18:30,6.57,0.0,4,2628,卖盘
819,13:18:39,6.57,0.0,6,3942,卖盘
820,13:18:42,6.57,0.0,4,2628,卖盘
821,13:18:45,6.57,0.0,11,7227,卖盘
822,13:18:48,6.58,0.01,1,658,买盘
823,13:18:51,6.57,-0.01,8,5256,卖盘
824,13:19:12,6.57,0.0,6,3942,卖盘
825,13:19:18,6.58,0.01,63,41454,买盘
826,13:19:33,6.58,0.0,1,658,买盘
827,13:19:42,6.57,-0.01,17,11169,卖盘
828,13:19:48,6.57,0.0,23,15111,卖盘
829,13:20:00,6.58,0.01,50,32900,买盘
830,13:20:09,6.57,-0.01,17,11169,卖盘
831,13:20:18,6.57,0.0,1,657,卖盘
832,13:20:24,6.57,0.0,2,1314,卖盘
833,13:20:30,6.57,0.0,21,13797,卖盘
834,13:20:39,6.57,0.0,8,5256,卖盘
835,13:20:48,6.58,0.01,1,658,买盘
836,13:20:51,6.57,-0.01,1,657,卖盘
837,13:21:06,6.58,0.01,8,5264,买盘
838,13:21:09,6.57,-0.01,2,1314,卖盘
839,13:21:15,6.57,0.0,1,657,卖盘
840,13:21:33,6.57,0.0,24,15768,卖盘
841,13:21:39,6.57,0.0,7,4599,卖盘
842,13:21:51,6.57,0.0,31,20367,卖盘
843,13:22:06,6.57,0.0,19,12483,卖盘
844,13:22:18,6.57,0.0,1,657,卖盘
845,13:22:30,6.57,0.0,3,1971,卖盘
846,13:22:36,6.57,0.0,4,2628,卖盘
847,13:22:51,6.57,0.0,2,1314,卖盘
848,13:23:06,6.57,0.0,2,1314,卖盘
849,13:23:12,6.58,0.01,6,3948,买盘
850,13:23:18,6.58,0.0,2,1316,买盘
851,13:23:33,6.57,-0.01,1,657,卖盘
852,13:23:45,6.57,0.0,2,1314,卖盘
853,13:24:04,6.57,0.0,1,657,卖盘
854,13:24:09,6.57,0.0,45,29600,卖盘
855,13:24:15,6.57,0.0,1,657,卖盘
856,13:24:18,6.58,0.01,1,658,买盘
857,13:24:33,6.57,-0.01,10,6570,卖盘
858,13:24:57,6.57,0.0,1,657,卖盘
859,13:25:03,6.58,0.01,11,7236,买盘
860,13:25:30,6.57,-0.01,3,1971,卖盘
861,13:25:33,6.57,0.0,1,657,卖盘
862,13:25:36,6.58,0.01,38,25004,买盘
863,13:25:46,6.57,-0.01,47,30879,卖盘
864,13:26:01,6.57,0.0,20,13140,卖盘
865,13:26:12,6.57,0.0,101,66357,卖盘
866,13:26:30,6.57,0.0,29,19053,卖盘
867,13:26:45,6.57,0.0,11,7237,卖盘
868,13:26:48,6.57,0.0,3,1971,卖盘
869,13:27:00,6.57,0.0,10,6570,卖盘
870,13:27:09,6.58,0.01,173,113834,买盘
871,13:27:18,6.57,-0.01,1,657,卖盘
872,13:27:27,6.57,0.0,43,28253,卖盘
873,13:27:36,6.57,0.0,6,3942,卖盘
874,13:27:45,6.57,0.0,3,1971,卖盘
875,13:27:57,6.57,0.0,9,5913,卖盘
876,13:28:03,6.57,0.0,30,19710,卖盘
877,13:28:27,6.57,0.0,8,5256,卖盘
878,13:28:48,6.58,0.01,50,32900,买盘
879,13:28:51,6.58,0.0,18,11844,买盘
880,13:28:54,6.57,-0.01,3,1973,卖盘
881,13:29:03,6.58,0.01,43,28278,买盘
882,13:29:21,6.58,0.0,4,2632,买盘
883,13:29:24,6.57,-0.01,339,223041,卖盘
884,13:29:30,6.58,0.01,6,3948,买盘
885,13:29:54,6.57,-0.01,62,40734,卖盘
886,13:30:06,6.58,0.01,1,658,买盘
887,13:30:21,6.58,0.0,221,145418,买盘
888,13:30:24,6.57,-0.01,11,7227,卖盘
889,13:30:42,6.57,0.0,75,49275,卖盘
890,13:30:51,6.57,0.0,64,42048,卖盘
891,13:31:03,6.58,0.01,20,13160,买盘
892,13:31:18,6.57,-0.01,3,1971,卖盘
893,13:31:21,6.57,0.0,14,9198,卖盘
894,13:31:36,6.57,0.0,14,9198,卖盘
895,13:31:48,6.57,0.0,650,427050,卖盘
896,13:31:57,6.56,-0.01,6,3936,卖盘
897,13:32:00,6.56,0.0,15,9840,卖盘
898,13:32:09,6.57,0.01,8,5256,买盘
899,13:32:18,6.56,-0.01,137,89872,卖盘
900,13:32:21,6.57,0.01,20,13140,买盘
901,13:32:24,6.56,-0.01,1,656,卖盘
902,13:32:33,6.57,0.01,31,20367,买盘
903,13:32:36,6.58,0.01,1324,870912,买盘
904,13:32:48,6.58,0.0,385,253330,卖盘
905,13:32:51,6.59,0.01,27,17793,买盘
906,13:32:54,6.59,0.0,1,659,买盘
907,13:32:57,6.59,0.0,1,659,买盘
908,13:33:00,6.59,0.0,15,9885,买盘
909,13:33:03,6.59,0.0,79,52061,买盘
910,13:33:06,6.59,0.0,609,401331,买盘
911,13:33:09,6.58,-0.01,1111,731405,卖盘
912,13:33:12,6.6,0.02,6,3960,买盘
913,13:33:15,6.6,0.0,236,155760,买盘
914,13:33:18,6.59,-0.01,14,9236,卖盘
915,13:33:21,6.59,0.0,50,32950,买盘
916,13:33:36,6.59,0.0,50,32950,买盘
917,13:33:39,6.59,0.0,2,1318,买盘
918,13:33:48,6.58,-0.01,71,46768,卖盘
919,13:34:15,6.58,0.0,13,8554,卖盘
920,13:34:45,6.58,0.0,3,1974,卖盘
921,13:35:16,6.58,0.0,1,658,卖盘
922,13:35:33,6.59,0.01,4,2636,买盘
923,13:35:36,6.58,-0.01,560,368480,卖盘
924,13:35:39,6.59,0.01,94,61906,买盘
925,13:35:42,6.59,0.0,194,127846,买盘
926,13:35:45,6.59,0.0,160,105318,买盘
927,13:35:48,6.58,-0.01,557,366506,卖盘
928,13:35:57,6.57,-0.01,80,52560,卖盘
929,13:36:00,6.57,0.0,25,16425,买盘
930,13:36:09,6.58,0.01,2,1316,买盘
931,13:36:13,6.57,-0.01,238,156366,卖盘
932,13:36:42,6.57,0.0,50,32850,卖盘
933,13:36:45,6.58,0.01,40,26320,买盘
934,13:37:12,6.57,-0.01,19,12483,卖盘
935,13:37:24,6.57,0.0,5,3285,卖盘
936,13:37:27,6.58,0.01,626,411908,买盘
937,13:37:39,6.58,0.0,111,73038,卖盘
938,13:38:00,6.59,0.01,50,32950,买盘
939,13:38:09,6.58,-0.01,29,19083,卖盘
940,13:38:21,6.58,0.0,3,1974,卖盘
941,13:38:39,6.58,0.0,7,4606,卖盘
942,13:38:45,6.58,0.0,15,9870,卖盘
943,13:39:03,6.58,0.0,97,63826,卖盘
944,13:39:09,6.57,-0.01,4,2628,卖盘
945,13:39:12,6.59,0.02,42,27640,买盘
946,13:39:36,6.57,-0.02,25,16425,卖盘
947,13:40:06,6.57,0.0,4,2628,卖盘
948,13:40:18,6.57,0.0,10,6570,卖盘
949,13:40:36,6.57,0.0,2,1314,卖盘
950,13:40:48,6.57,0.0,2,1314,卖盘
951,13:41:01,6.57,0.0,64,42048,卖盘
952,13:41:04,6.57,0.0,21,13797,卖盘
953,13:41:18,6.57,0.0,1,657,卖盘
954,13:41:33,6.57,0.0,4,2628,卖盘
955,13:41:36,6.57,0.0,11,7227,卖盘
956,13:41:39,6.58,0.01,40,26320,买盘
957,13:41:48,6.58,0.0,100,65800,买盘
958,13:41:51,6.58,0.0,2,1316,买盘
959,13:42:04,6.57,-0.01,31,20367,卖盘
960,13:42:07,6.57,0.0,155,101865,卖盘
961,13:42:18,6.57,0.0,22,14454,卖盘
962,13:42:27,6.57,0.0,39,25623,卖盘
963,13:42:30,6.58,0.01,12,7896,买盘
964,13:42:33,6.57,-0.01,43,28251,卖盘
965,13:43:00,6.57,0.0,15,9855,卖盘
966,13:43:22,6.57,0.0,11,7227,卖盘
967,13:43:25,6.57,0.0,10,6570,卖盘
968,13:43:30,6.57,0.0,8,5256,卖盘
969,13:43:33,6.57,0.0,52,34164,卖盘
970,13:43:51,6.58,0.01,10,6580,买盘
971,13:44:00,6.57,-0.01,14,9198,卖盘
972,13:44:04,6.58,0.01,3,1974,买盘
973,13:44:06,6.58,0.0,34,22372,买盘
974,13:44:12,6.58,0.0,29,19082,买盘
975,13:44:27,6.57,-0.01,14,9198,卖盘
976,13:44:57,6.57,0.0,3,1971,卖盘
977,13:45:12,6.58,0.01,2,1316,买盘
978,13:45:15,6.57,-0.01,727,477639,卖盘
979,13:45:24,6.56,-0.01,3,1968,卖盘
980,13:45:27,6.57,0.01,159,104313,买盘
981,13:45:30,6.57,0.0,11,7227,买盘
982,13:45:42,6.57,0.0,10,6570,买盘
983,13:45:51,6.56,-0.01,8,5576,卖盘
984,13:45:57,6.56,0.0,37,24272,卖盘
985,13:46:00,6.56,0.0,5,3280,卖盘
986,13:46:09,6.57,0.01,200,131400,买盘
987,13:46:12,6.57,0.0,114,74898,买盘
988,13:46:15,6.57,0.0,2,1314,买盘
989,13:46:24,6.56,-0.01,87,57072,卖盘
990,13:46:39,6.56,0.0,10,6560,卖盘
991,13:46:42,6.57,0.01,12,7884,买盘
992,13:46:45,6.58,0.01,15,9865,买盘
993,13:46:54,6.57,-0.01,1,657,卖盘
994,13:47:24,6.56,-0.01,1,656,卖盘
995,13:47:36,6.56,0.0,1000,656000,卖盘
996,13:47:39,6.58,0.02,57,37477,买盘
997,13:47:51,6.56,-0.02,103,67292,卖盘
998,13:48:09,6.55,-0.01,33,21615,卖盘
999,13:48:18,6.56,0.01,2,1312,买盘
1000,13:48:21,6.55,-0.01,27,17685,卖盘
1001,13:48:30,6.55,0.0,6,3930,卖盘
1002,13:48:51,6.55,0.0,7,4585,卖盘
1003,13:48:54,6.55,0.0,30,19650,卖盘
1004,13:49:04,6.55,0.0,20,13100,卖盘
1005,13:49:18,6.55,0.0,12,7860,卖盘
1006,13:49:21,6.56,0.01,10,6560,买盘
1007,13:49:30,6.55,-0.01,13,8517,卖盘
1008,13:49:48,6.55,0.0,8,5240,卖盘
1009,13:49:51,6.55,0.0,86,56330,卖盘
1010,13:50:06,6.55,0.0,474,310470,卖盘
1011,13:50:12,6.55,0.0,7,4585,买盘
1012,13:50:15,6.55,0.0,8,5240,买盘
1013,13:50:18,6.54,-0.01,108,70632,卖盘
1014,13:50:21,6.54,0.0,54,34989,卖盘
1015,13:50:27,6.53,-0.01,290,189542,卖盘
1016,13:50:30,6.55,0.02,1,655,买盘
1017,13:50:39,6.53,-0.02,3,1959,卖盘
1018,13:50:48,6.53,0.0,24,15672,卖盘
1019,13:50:54,6.53,0.0,432,282096,卖盘
1020,13:51:03,6.53,0.0,2,1306,卖盘
1021,13:51:21,6.53,0.0,86,56158,卖盘
1022,13:51:27,6.53,0.0,14,9142,买盘
1023,13:51:30,6.53,0.0,10,6530,卖盘
1024,13:51:36,6.53,0.0,4,2612,卖盘
1025,13:51:42,6.54,0.01,1,654,买盘
1026,13:52:15,6.54,0.0,10,6540,买盘
1027,13:52:18,6.54,0.0,5,3270,买盘
1028,13:52:27,6.54,0.0,8,5232,买盘
1029,13:52:36,6.54,0.0,16,10464,买盘
1030,13:53:03,6.53,-0.01,50,32650,卖盘
1031,13:53:12,6.54,0.01,104,68016,买盘
1032,13:53:18,6.54,0.0,33,21582,买盘
1033,13:53:21,6.54,0.0,4,2616,买盘
1034,13:53:25,6.54,0.0,1,654,买盘
1035,13:53:27,6.54,0.0,7,4578,买盘
1036,13:53:39,6.53,-0.01,17,11101,卖盘
1037,13:53:45,6.54,0.01,20,13080,买盘
1038,13:53:51,6.54,0.0,20,13080,买盘
1039,13:54:04,6.54,0.0,1,654,买盘
1040,13:54:36,6.54,0.0,5,3270,买盘
1041,13:55:00,6.54,0.0,5,3270,买盘
1042,13:55:03,6.53,-0.01,6,3918,卖盘
1043,13:55:09,6.53,0.0,17,11101,卖盘
1044,13:55:12,6.54,0.01,232,151528,买盘
1045,13:55:15,6.54,0.0,13,8502,买盘
1046,13:55:33,6.54,0.0,49,32046,买盘
1047,13:55:48,6.54,0.0,51,33354,买盘
1048,13:55:54,6.53,-0.01,11,7183,卖盘
1049,13:55:57,6.54,0.01,65,42510,买盘
1050,13:56:00,6.54,0.0,2,1308,买盘
1051,13:56:03,6.54,0.0,11,7194,买盘
1052,13:56:06,6.54,0.0,20,13077,买盘
1053,13:56:09,6.54,0.0,8,5232,买盘
1054,13:56:18,6.54,0.0,7,4578,买盘
1055,13:56:33,6.54,0.0,1,654,买盘
1056,13:56:49,6.54,0.0,4,2616,买盘
1057,13:56:52,6.53,-0.01,1,653,卖盘
1058,13:56:54,6.53,0.0,3,1959,卖盘
1059,13:57:00,6.54,0.01,1,654,买盘
1060,13:57:15,6.54,0.0,8,5232,买盘
1061,13:57:27,6.53,-0.01,2,1306,卖盘
1062,13:57:33,6.54,0.01,8,5232,买盘
1063,13:57:36,6.54,0.0,2,1308,买盘
1064,13:57:39,6.53,-0.01,30,19590,卖盘
1065,13:57:57,6.53,0.0,20,13060,卖盘
1066,13:58:03,6.53,0.0,97,63346,卖盘
1067,13:58:09,6.53,0.0,5,3265,卖盘
1068,13:58:30,6.53,0.0,529,345437,卖盘
1069,13:58:33,6.53,0.0,3,1959,买盘
1070,13:58:36,6.53,0.0,3,1959,买盘
1071,13:58:45,6.53,0.0,7,4571,买盘
1072,13:58:51,6.52,-0.01,10,6520,卖盘
1073,13:58:54,6.53,0.01,20,13060,买盘
1074,13:59:09,6.52,-0.01,488,318176,卖盘
1075,13:59:12,6.51,-0.01,17,11067,卖盘
1076,13:59:15,6.51,0.0,130,84630,卖盘
1077,13:59:24,6.52,0.01,14,9128,买盘
1078,13:59:33,6.51,-0.01,20,13020,卖盘
1079,13:59:36,6.52,0.01,494,322088,买盘
1080,13:59:39,6.53,0.01,78,50919,买盘
1081,13:59:42,6.53,0.0,24,15672,买盘
1082,13:59:45,6.52,-0.01,23,15012,卖盘
1083,13:59:48,6.5,-0.02,1210,786700,卖盘
1084,13:59:51,6.5,0.0,45,29250,买盘
1085,13:59:54,6.5,0.0,396,257400,买盘
1086,13:59:57,6.5,0.0,104,67600,买盘
1087,14:00:00,6.5,0.0,257,167050,买盘
1088,14:00:04,6.5,0.0,108,70200,卖盘
1089,14:00:06,6.5,0.0,33,21512,卖盘
1090,14:00:09,6.5,0.0,76,49464,卖盘
1091,14:00:12,6.5,0.0,12,7800,买盘
1092,14:00:18,6.5,0.0,310,201500,买盘
1093,14:00:21,6.5,0.0,3,1950,卖盘
1094,14:00:24,6.52,0.02,9,5863,买盘
1095,14:00:27,6.52,0.0,41,26682,买盘
1096,14:00:30,6.5,-0.02,388,252200,卖盘
1097,14:00:33,6.5,0.0,30,19500,买盘
1098,14:00:36,6.5,0.0,9,5850,买盘
1099,14:00:39,6.5,0.0,21,13650,买盘
1100,14:00:45,6.51,0.01,3,1953,卖盘
1101,14:00:51,6.51,0.0,25,16275,买盘
1102,14:00:54,6.49,-0.02,21,13641,卖盘
1103,14:00:57,6.49,0.0,14,9102,卖盘
1104,14:01:03,6.49,0.0,60,38993,卖盘
1105,14:01:06,6.49,0.0,3,1947,卖盘
1106,14:01:21,6.51,0.02,7,4557,买盘
1107,14:01:30,6.5,-0.01,816,530400,卖盘
1108,14:01:33,6.52,0.02,23,14984,买盘
1109,14:01:36,6.52,0.0,115,74980,买盘
1110,14:01:39,6.52,0.0,56,36514,卖盘
1111,14:01:48,6.52,0.0,10,6520,买盘
1112,14:01:54,6.5,-0.02,244,158600,卖盘
1113,14:01:57,6.5,0.0,8,5200,买盘
1114,14:02:00,6.49,-0.01,6,3894,卖盘
1115,14:02:03,6.5,0.01,9,5850,买盘
1116,14:02:12,6.5,0.0,7,4550,买盘
1117,14:02:18,6.5,0.0,15,9750,买盘
1118,14:02:21,6.5,0.0,18,11700,买盘
1119,14:02:36,6.51,0.01,15,9765,买盘
1120,14:02:39,6.47,-0.04,1715,1112623,卖盘
1121,14:02:42,6.46,-0.01,381,246481,卖盘
1122,14:02:45,6.5,0.04,528,341757,买盘
1123,14:02:48,6.52,0.02,62,40424,买盘
1124,14:02:51,6.52,0.0,45,29367,卖盘
1125,14:03:01,6.5,-0.02,42,27300,卖盘
1126,14:03:04,6.5,0.0,11,7150,卖盘
1127,14:03:10,6.5,0.0,8,5200,卖盘
1128,14:03:13,6.5,0.0,28,18200,买盘
1129,14:03:15,6.49,-0.01,5,3245,中性盘
1130,14:03:18,6.49,0.0,4,2596,买盘
1131,14:03:21,6.49,0.0,4,2596,买盘
1132,14:03:24,6.5,0.01,22,14300,买盘
1133,14:03:27,6.5,0.0,45,29250,买盘
1134,14:03:30,6.5,0.0,2,1300,买盘
1135,14:03:33,6.5,0.0,26,16900,买盘
1136,14:03:36,6.5,0.0,3,1950,买盘
1137,14:03:39,6.51,0.01,1,651,买盘
1138,14:03:57,6.5,-0.01,16,10725,卖盘
1139,14:04:00,6.5,0.0,88,56875,卖盘
1140,14:04:04,6.5,0.0,3,1950,买盘
1141,14:04:06,6.5,0.0,10,6500,买盘
1142,14:04:09,6.5,0.0,4,2600,买盘
1143,14:04:12,6.49,-0.01,5,3249,卖盘
1144,14:04:15,6.51,0.02,36,23432,买盘
1145,14:04:21,6.5,-0.01,27,17875,卖盘
1146,14:04:27,6.5,0.0,47,30550,卖盘
1147,14:04:30,6.5,0.0,27,17226,卖盘
1148,14:04:33,6.5,0.0,9,5850,买盘
1149,14:04:39,6.5,0.0,8,5200,买盘
1150,14:04:42,6.5,0.0,1,650,买盘
1151,14:04:45,6.5,0.0,5,3250,买盘
1152,14:04:48,6.5,0.0,1,650,买盘
1153,14:04:54,6.49,-0.01,100,64900,卖盘
1154,14:05:09,6.5,0.01,1,650,买盘
1155,14:05:21,6.5,0.0,13,8450,买盘
1156,14:05:24,6.5,0.0,35,22750,买盘
1157,14:05:28,6.5,0.0,14,9100,买盘
1158,14:05:30,6.49,-0.01,18,12018,卖盘
1159,14:05:33,6.5,0.01,46,29900,买盘
1160,14:05:36,6.5,0.0,38,24960,买盘
1161,14:05:42,6.53,0.03,2,1306,买盘
1162,14:05:45,6.51,-0.02,13,8487,卖盘
1163,14:05:48,6.53,0.02,11,7183,买盘
1164,14:05:51,6.53,0.0,2,1306,买盘
1165,14:05:57,6.53,0.0,11,7183,买盘
1166,14:06:00,6.54,0.01,94,61460,买盘
1167,14:06:18,6.54,0.0,21,13734,买盘
1168,14:06:21,6.54,0.0,5,3270,买盘
1169,14:06:24,6.54,0.0,63,41202,买盘
1170,14:06:27,6.54,0.0,14,9156,买盘
1171,14:06:30,6.54,0.0,4,2616,买盘
1172,14:06:39,6.54,0.0,3,1962,买盘
1173,14:06:42,6.53,-0.01,20,13060,卖盘
1174,14:06:45,6.54,0.01,3,1962,买盘
1175,14:06:48,6.54,0.0,32,20928,买盘
1176,14:06:51,6.54,0.0,1,654,买盘
1177,14:06:54,6.54,0.0,310,202730,买盘
1178,14:06:57,6.55,0.01,21,13750,买盘
1179,14:07:00,6.55,0.0,34,22270,买盘
1180,14:07:06,6.54,-0.01,1,654,卖盘
1181,14:07:10,6.54,0.0,302,197502,买盘
1182,14:07:15,6.54,0.0,4,2616,卖盘
1183,14:07:18,6.55,0.01,51,33355,买盘
1184,14:07:21,6.55,0.0,1,655,买盘
1185,14:07:36,6.55,0.0,10,6550,买盘
1186,14:07:57,6.55,0.0,32,20960,买盘
1187,14:08:54,6.54,-0.01,6,3924,卖盘
1188,14:09:00,6.55,0.01,207,135584,买盘
1189,14:09:03,6.56,0.01,10,6560,买盘
1190,14:09:06,6.56,0.0,61,40016,买盘
1191,14:09:10,6.58,0.02,2,1316,买盘
1192,14:09:13,6.58,0.0,1,658,买盘
1193,14:09:15,6.55,-0.03,89,58295,卖盘
1194,14:09:18,6.58,0.03,2,1316,买盘
1195,14:09:21,6.58,0.0,15,9870,买盘
1196,14:09:24,6.58,0.0,3,1974,买盘
1197,14:09:43,6.58,0.0,30,19740,买盘
1198,14:09:48,6.58,0.0,8,5264,买盘
1199,14:10:00,6.58,0.0,50,32900,买盘
1200,14:10:03,6.58,0.0,2,1316,买盘
1201,14:10:06,6.57,-0.01,12,7884,买盘
1202,14:10:12,6.57,0.0,2,1314,买盘
1203,14:10:16,6.57,0.0,32,21024,买盘
1204,14:10:18,6.57,0.0,7,4599,买盘
1205,14:10:24,6.57,0.0,1,657,买盘
1206,14:10:27,6.55,-0.02,7,4585,卖盘
1207,14:10:33,6.55,0.0,23,15065,买盘
1208,14:10:42,6.57,0.02,246,161622,买盘
1209,14:10:45,6.57,0.0,45,29605,卖盘
1210,14:10:48,6.58,0.01,160,105126,买盘
1211,14:10:51,6.57,-0.01,64,42070,卖盘
1212,14:10:54,6.57,0.0,1,657,买盘
1213,14:10:57,6.57,0.0,3,1971,买盘
1214,14:11:09,6.56,-0.01,28,18368,买盘
1215,14:11:24,6.57,0.01,32,21012,买盘
1216,14:11:27,6.57,0.0,3,1971,买盘
1217,14:11:39,6.56,-0.01,5,3280,卖盘
1218,14:11:45,6.57,0.01,12,7884,买盘
1219,14:12:24,6.57,0.0,150,98550,买盘
1220,14:12:27,6.57,0.0,20,13135,买盘
1221,14:12:33,6.57,0.0,32,21024,买盘
1222,14:13:15,6.55,-0.02,1,655,卖盘
1223,14:13:31,6.55,0.0,61,39955,卖盘
1224,14:13:36,6.55,0.0,12,7860,买盘
1225,14:13:42,6.57,0.02,51,33396,买盘
1226,14:13:45,6.59,0.02,1095,720615,买盘
1227,14:14:06,6.56,-0.03,47,30832,卖盘
1228,14:14:12,6.56,0.0,9,5904,买盘
1229,14:14:15,6.57,0.01,1,657,买盘
1230,14:14:18,6.56,-0.01,33,21648,卖盘
1231,14:14:54,6.57,0.01,32,21006,买盘
1232,14:15:18,6.56,-0.01,48,31515,卖盘
1233,14:15:33,6.55,-0.01,41,26855,卖盘
1234,14:15:57,6.55,0.0,40,26200,卖盘
1235,14:16:00,6.55,0.0,1,655,卖盘
1236,14:16:04,6.57,0.02,32,21019,买盘
1237,14:16:33,6.57,0.0,10,6570,买盘
1238,14:17:15,6.57,0.0,32,21024,买盘
1239,14:17:24,6.57,0.0,20,13140,买盘
1240,14:17:27,6.56,-0.01,16,10496,卖盘
1241,14:17:33,6.56,0.0,15,9840,卖盘
1242,14:17:36,6.56,0.0,10,6560,卖盘
1243,14:17:39,6.57,0.01,26,17082,买盘
1244,14:17:48,6.56,-0.01,10,6560,卖盘
1245,14:17:51,6.58,0.02,552,362941,买盘
1246,14:17:54,6.59,0.01,123,81053,买盘
1247,14:18:00,6.59,0.0,116,76444,买盘
1248,14:18:21,6.59,0.0,5,3295,买盘
1249,14:18:24,6.59,0.0,52,34268,买盘
1250,14:18:27,6.59,0.0,5,3295,买盘
1251,14:18:51,6.59,0.0,1,659,买盘
1252,14:19:18,6.58,-0.01,170,111860,卖盘
1253,14:19:30,6.58,0.0,32,21056,买盘
1254,14:19:51,6.58,0.0,1,658,买盘
1255,14:20:15,6.56,-0.02,5,3280,卖盘
1256,14:20:39,6.59,0.03,32,21057,买盘
1257,14:20:45,6.56,-0.03,2,1313,卖盘
1258,14:21:51,6.58,0.02,32,21056,买盘
1259,14:22:18,6.58,0.0,7,4606,买盘
1260,14:22:21,6.57,-0.01,71,46647,卖盘
1261,14:22:24,6.58,0.01,25,16450,买盘
1262,14:22:31,6.58,0.0,91,59878,买盘
1263,14:22:33,6.58,0.0,40,26320,买盘
1264,14:22:36,6.58,0.0,1,658,买盘
1265,14:22:40,6.59,0.01,48,31622,买盘
1266,14:22:51,6.59,0.0,5,3295,买盘
1267,14:22:57,6.59,0.0,32,21088,买盘
1268,14:23:01,6.57,-0.02,3,1971,卖盘
1269,14:23:51,6.58,0.01,1,658,买盘
1270,14:24:06,6.59,0.01,32,21083,买盘
1271,14:24:36,6.57,-0.02,5,3285,卖盘
1272,14:25:18,6.58,0.01,32,21056,买盘
1273,14:25:22,6.58,0.0,1,658,买盘
1274,14:25:33,6.57,-0.01,3,1971,卖盘
1275,14:26:12,6.57,0.0,15,9860,卖盘
1276,14:26:15,6.58,0.01,72,47376,买盘
1277,14:26:18,6.59,0.01,44,28996,买盘
1278,14:26:21,6.59,0.0,1,659,买盘
1279,14:26:24,6.58,-0.01,5,3290,卖盘
1280,14:26:27,6.59,0.01,32,21070,买盘
1281,14:26:42,6.59,0.0,91,59969,买盘
1282,14:26:48,6.59,0.0,75,49425,买盘
1283,14:26:58,6.59,0.0,90,59310,买盘
1284,14:27:00,6.6,0.01,10,6600,买盘
1285,14:27:04,6.6,0.0,300,198000,买盘
1286,14:27:25,6.63,0.03,58,38432,买盘
1287,14:27:30,6.61,-0.02,92,60812,卖盘
1288,14:27:33,6.63,0.02,34,22542,买盘
1289,14:27:39,6.63,0.0,14,9282,买盘
1290,14:27:48,6.64,0.01,23,15260,买盘
1291,14:27:51,6.63,-0.01,1,663,买盘
1292,14:27:57,6.61,-0.02,1,661,卖盘
1293,14:28:06,6.62,0.01,101,66962,中性盘
1294,14:28:21,6.61,-0.01,399,263740,卖盘
1295,14:28:24,6.6,-0.01,110,72947,卖盘
1296,14:28:30,6.62,0.02,172,113864,卖盘
1297,14:28:33,6.62,0.0,3,1986,卖盘
1298,14:28:39,6.62,0.0,2,1324,卖盘
1299,14:28:54,6.62,0.0,8,5295,买盘
1300,14:29:09,6.61,-0.01,1,661,卖盘
1301,14:29:18,6.63,0.02,100,66294,买盘
1302,14:29:24,6.63,0.0,3,1989,买盘
1303,14:29:30,6.61,-0.02,49,32393,卖盘
1304,14:29:34,6.6,-0.01,42,27729,中性盘
1305,14:29:51,6.61,0.01,1,661,中性盘
1306,14:30:00,6.61,0.0,13,8593,中性盘
1307,14:30:03,6.61,0.0,109,72049,中性盘
1308,14:30:12,6.6,-0.01,20,13200,卖盘
1309,14:30:15,6.61,0.01,30,19830,卖盘
1310,14:30:18,6.61,0.0,2,1322,卖盘
1311,14:30:33,6.6,-0.01,171,112860,卖盘
1312,14:30:36,6.57,-0.03,31,20367,卖盘
1313,14:31:00,6.57,0.0,1,657,中性盘
1314,14:31:04,6.58,0.01,5,3290,买盘
1315,14:31:12,6.58,0.0,100,65800,卖盘
1316,14:31:42,6.58,0.0,39,25662,卖盘
1317,14:31:57,6.58,0.0,26,17152,卖盘
1318,14:32:12,6.58,0.0,2,1316,买盘
1319,14:32:21,6.57,-0.01,68,44676,卖盘
1320,14:32:33,6.57,0.0,12,7884,卖盘
1321,14:32:39,6.58,0.01,1,658,买盘
1322,14:32:51,6.57,-0.01,1,657,卖盘
1323,14:33:03,6.6,0.03,22,14520,买盘
1324,14:33:06,6.6,0.0,16,10560,买盘
1325,14:33:33,6.59,-0.01,18,11860,买盘
1326,14:34:03,6.6,0.01,16,10550,买盘
1327,14:34:15,6.6,0.0,22,14520,买盘
1328,14:34:33,6.6,0.0,16,10560,买盘
1329,14:35:00,6.6,0.0,3,1980,买盘
1330,14:35:18,6.6,0.0,22,14520,买盘
1331,14:35:21,6.6,0.0,1,660,买盘
1332,14:35:27,6.6,0.0,18,11880,买盘
1333,14:35:30,6.6,0.0,17,11220,卖盘
1334,14:35:57,6.59,-0.01,12,7908,卖盘
1335,14:36:06,6.59,0.0,7,4613,卖盘
1336,14:36:12,6.6,0.01,119,78244,买盘
1337,14:36:33,6.6,0.0,22,14508,买盘
1338,14:36:36,6.58,-0.02,50,32900,卖盘
1339,14:36:46,6.58,0.0,21,13818,卖盘
1340,14:37:33,6.58,0.0,2,1316,卖盘
1341,14:37:49,6.61,0.03,22,14531,买盘
1342,14:38:00,6.59,-0.02,26,17134,买盘
1343,14:38:04,6.6,0.01,6,3960,买盘
1344,14:38:39,6.58,-0.02,6,3948,卖盘
1345,14:38:49,6.59,0.01,89,58651,买盘
1346,14:38:51,6.6,0.01,62,40919,买盘
1347,14:39:09,6.59,-0.01,14,9226,买盘
1348,14:39:12,6.59,0.0,68,44812,买盘
1349,14:39:33,6.61,0.02,45,29706,买盘
1350,14:39:48,6.59,-0.02,20,13180,卖盘
1351,14:40:07,6.6,0.01,22,14520,买盘
1352,14:40:51,6.59,-0.01,18,11863,卖盘
1353,14:40:57,6.61,0.02,41,27062,买盘
1354,14:41:09,6.61,0.0,22,14542,买盘
1355,14:41:21,6.61,0.0,1,661,买盘
1356,14:41:27,6.59,-0.02,5,3295,卖盘
1357,14:41:57,6.59,0.0,1,659,卖盘
1358,14:42:06,6.61,0.02,22,14542,买盘
1359,14:42:48,6.59,-0.02,2,988,卖盘
1360,14:42:51,6.61,0.02,1,661,买盘
1361,14:42:54,6.61,0.0,1,661,买盘
1362,14:42:57,6.61,0.0,125,82383,买盘
1363,14:43:04,6.61,0.0,57,37677,卖盘
1364,14:43:06,6.61,0.0,13,8593,买盘
1365,14:43:09,6.61,0.0,2,1520,买盘
1366,14:43:12,6.62,0.01,58,38391,买盘
1367,14:43:18,6.61,-0.01,1,661,买盘
1368,14:43:24,6.62,0.01,22,14554,买盘
1369,14:43:30,6.6,-0.02,9,5940,中性盘
1370,14:43:57,6.6,0.0,33,21780,卖盘
1371,14:44:18,6.6,0.0,54,35640,卖盘
1372,14:44:24,6.6,0.0,1,660,卖盘
1373,14:44:48,6.6,0.0,10,6600,买盘
1374,14:44:51,6.59,-0.01,18,11862,卖盘
1375,14:44:54,6.59,0.0,21,13839,卖盘
1376,14:44:58,6.62,0.03,57,37715,买盘
1377,14:46:12,6.6,-0.02,1,660,卖盘
1378,14:46:18,6.61,0.01,2,1322,买盘
1379,14:46:30,6.61,0.0,22,14542,买盘
1380,14:46:39,6.61,0.0,68,44948,卖盘
1381,14:46:45,6.6,-0.01,3,1980,卖盘
1382,14:46:54,6.6,0.0,171,112910,卖盘
1383,14:46:57,6.62,0.02,56,37059,买盘
1384,14:47:09,6.6,-0.02,10,6600,卖盘
1385,14:47:12,6.59,-0.01,111,73256,卖盘
1386,14:47:18,6.62,0.03,49,32436,买盘
1387,14:47:31,6.6,-0.02,2,1320,卖盘
1388,14:47:42,6.6,0.0,68,44880,卖盘
1389,14:47:54,6.6,0.0,5,3300,卖盘
1390,14:48:06,6.61,0.01,10,6608,买盘
1391,14:48:09,6.59,-0.02,100,65900,卖盘
1392,14:48:18,6.6,0.01,18,11880,买盘
1393,14:49:03,6.6,0.0,8,5280,买盘
1394,14:49:18,6.6,0.0,87,57421,卖盘
1395,14:49:21,6.6,0.0,12,8250,卖盘
1396,14:49:25,6.61,0.01,65,42965,买盘
1397,14:49:48,6.6,-0.01,1,660,卖盘
1398,14:49:51,6.61,0.01,1,661,买盘
1399,14:50:09,6.6,0.0,10,6600,卖盘
1400,14:50:15,6.61,0.01,2,1322,买盘
1401,14:50:21,6.61,0.0,2,1322,买盘
1402,14:50:24,6.6,-0.01,39,25740,卖盘
1403,14:50:27,6.6,0.0,29,19140,卖盘
1404,14:50:30,6.6,0.0,1,277,买盘
1405,14:51:06,6.59,-0.01,5,3295,卖盘
1406,14:51:18,6.59,0.0,5,3295,卖盘
1407,14:51:24,6.6,0.01,1,660,买盘
1408,14:51:42,6.6,0.0,60,39550,买盘
1409,14:51:48,6.6,0.0,14,9240,买盘
1410,14:52:09,6.59,0.0,7,4613,卖盘
1411,14:52:15,6.6,0.01,1,660,买盘
1412,14:52:39,6.6,0.0,25,16500,买盘
1413,14:52:51,6.6,0.0,15,9900,买盘
1414,14:52:54,6.6,0.0,41,27060,买盘
1415,14:52:58,6.6,0.0,4,2640,买盘
1416,14:53:01,6.6,0.0,9,5940,买盘
1417,14:53:04,6.59,-0.01,48,31675,卖盘
1418,14:53:12,6.59,0.0,20,13180,卖盘
1419,14:53:15,6.6,0.01,76,50160,买盘
1420,14:53:18,6.6,0.0,37,24420,买盘
1421,14:53:27,6.6,0.0,24,15825,买盘
1422,14:53:36,6.59,-0.01,100,65900,卖盘
1423,14:53:42,6.6,0.01,1,383,卖盘
1424,14:53:45,6.6,0.0,160,105757,卖盘
1425,14:53:48,6.59,-0.01,111,73297,卖盘
1426,14:53:54,6.62,0.03,65,43021,买盘
1427,14:54:00,6.6,-0.02,33,21780,卖盘
1428,14:54:03,6.62,0.02,37,24476,买盘
1429,14:54:10,6.6,-0.02,5,3300,卖盘
1430,14:54:12,6.6,0.0,10,6600,买盘
1431,14:54:30,6.6,0.0,5,3300,卖盘
1432,14:54:36,6.61,0.01,35,23118,买盘
1433,14:54:39,6.6,-0.01,8,5280,卖盘
1434,14:54:42,6.6,0.0,4,2640,卖盘
1435,14:54:45,6.61,0.01,17,11227,买盘
1436,14:54:48,6.62,0.01,59,39018,买盘
1437,14:55:00,6.62,0.0,30,19848,买盘
1438,14:55:04,6.59,-0.03,7,4615,卖盘
1439,14:55:24,6.6,0.01,25,16500,卖盘
1440,14:55:33,6.6,0.0,4,2640,卖盘
1441,14:55:48,6.59,-0.01,77,50921,卖盘
1442,14:55:51,6.61,0.02,10,6610,买盘
1443,14:56:04,6.6,-0.01,20,13200,卖盘
1444,14:56:12,6.61,0.01,1,661,买盘
1445,14:56:18,6.6,-0.01,45,29700,卖盘
1446,14:56:24,6.6,0.0,22,14520,卖盘
1447,14:56:36,6.6,0.0,1,660,卖盘
1448,14:56:42,6.6,0.0,1,660,卖盘
1449,14:56:48,6.6,0.0,21,13860,卖盘
1450,14:56:57,6.6,0.0,16,10560,卖盘
1451,15:00:04,6.63,0.03,1253,830408,卖盘
