,time,price,change,volume,amount,type
0,09:25:04,10.17,0.04,156,158652,买盘
1,09:30:04,10.21,0.04,19,19371,买盘
2,09:30:06,10.19,-0.02,14,14290,卖盘
3,09:30:09,10.24,0.05,4,4096,买盘
4,09:30:27,10.22,-0.02,26,26572,卖盘
5,09:30:30,10.22,0.0,6,6136,卖盘
6,09:30:36,10.22,0.0,48,49057,卖盘
7,09:30:39,10.22,0.0,12,12264,买盘
8,09:30:42,10.22,0.0,2,2044,买盘
9,09:30:45,10.22,0.0,3,3066,买盘
10,09:30:54,10.22,0.0,5,5110,买盘
11,09:31:03,10.22,0.0,3,3066,买盘
12,09:31:06,10.22,0.0,2,2044,买盘
13,09:31:21,10.22,0.0,2,2044,买盘
14,09:31:33,10.2,-0.02,3,3060,卖盘
15,09:31:39,10.19,-0.01,25,25475,卖盘
16,09:31:42,10.19,0.0,2,2038,买盘
17,09:31:45,10.19,0.0,1,1019,买盘
18,09:31:57,10.18,-0.01,10,10180,卖盘
19,09:32:00,10.19,0.01,2,2038,买盘
20,09:32:04,10.19,0.0,3,3055,买盘
21,09:32:06,10.19,0.0,3,3057,买盘
22,09:32:09,10.18,-0.01,9,9162,卖盘
23,09:32:12,10.19,0.01,2,2038,买盘
24,09:32:15,10.19,0.0,24,24456,买盘
25,09:32:18,10.19,0.0,21,21412,卖盘
26,09:32:27,10.21,0.02,15,15315,买盘
27,09:32:36,10.22,0.01,4,4088,买盘
28,09:32:39,10.22,0.0,1,1022,买盘
29,09:32:42,10.22,0.0,87,88914,买盘
30,09:32:48,10.22,0.0,36,36792,卖盘
31,09:32:51,10.22,0.0,7,7154,卖盘
32,09:32:54,10.21,-0.01,32,32703,卖盘
33,09:32:57,10.21,0.0,30,30636,卖盘
34,09:33:00,10.21,0.0,15,15315,卖盘
35,09:33:04,10.22,0.01,23,23482,买盘
36,09:33:06,10.21,-0.01,5,5105,买盘
37,09:33:09,10.21,0.0,30,30627,买盘
38,09:33:12,10.21,0.0,29,29586,买盘
39,09:33:15,10.2,-0.01,4,4083,卖盘
40,09:33:30,10.18,-0.02,2,2036,卖盘
41,09:33:33,10.2,0.02,24,24480,买盘
42,09:33:36,10.21,0.01,4,4084,买盘
43,09:33:42,10.2,-0.01,3,3060,卖盘
44,09:34:04,10.21,0.01,45,45945,买盘
45,09:34:06,10.21,0.0,3,3063,买盘
46,09:34:09,10.21,0.0,5,5105,买盘
47,09:34:13,10.21,0.0,23,23483,买盘
48,09:34:15,10.21,0.0,1,1021,买盘
49,09:34:18,10.21,0.0,38,38798,买盘
50,09:34:21,10.21,0.0,11,11233,卖盘
51,09:34:24,10.21,0.0,7,7147,买盘
52,09:34:27,10.21,0.0,35,35735,买盘
53,09:34:30,10.21,0.0,2,2042,买盘
54,09:34:39,10.21,0.0,71,72474,买盘
55,09:34:42,10.21,0.0,6,6830,买盘
56,09:34:45,10.21,0.0,17,16653,卖盘
57,09:34:48,10.21,0.0,2,2042,买盘
58,09:35:00,10.2,-0.01,17,17340,卖盘
59,09:35:04,10.2,0.0,3,3060,卖盘
60,09:35:06,10.2,0.0,1,1020,卖盘
61,09:35:09,10.2,0.0,10,10204,卖盘
62,09:35:18,10.19,-0.01,9,9171,卖盘
63,09:35:33,10.18,-0.01,123,125215,卖盘
64,09:35:46,10.18,0.0,6,6108,买盘
65,09:35:54,10.18,0.0,74,75322,买盘
66,09:35:57,10.2,0.02,1,1020,买盘
67,09:36:04,10.2,0.0,11,11220,买盘
68,09:36:06,10.2,0.0,4,4080,买盘
69,09:36:09,10.2,0.0,1,1020,买盘
70,09:36:15,10.2,0.0,1,1020,买盘
71,09:36:24,10.2,0.0,41,41820,买盘
72,09:36:27,10.2,0.0,13,13260,买盘
73,09:36:31,10.2,0.0,18,18360,买盘
74,09:36:33,10.2,0.0,34,34680,买盘
75,09:36:36,10.2,0.0,6,6120,买盘
76,09:36:39,10.21,0.01,22,22462,买盘
77,09:36:42,10.21,0.0,19,19399,买盘
78,09:36:45,10.21,0.0,4,4084,买盘
79,09:36:48,10.21,0.0,3,3063,买盘
80,09:37:00,10.2,-0.01,43,43868,卖盘
81,09:37:04,10.2,0.0,9,9180,卖盘
82,09:37:09,10.2,0.0,24,24480,卖盘
83,09:37:12,10.2,0.0,5,5100,卖盘
84,09:37:24,10.21,0.01,1,1021,买盘
85,09:37:36,10.21,0.0,10,10210,买盘
86,09:37:39,10.21,0.0,1,1021,买盘
87,09:37:46,10.21,0.0,30,30630,买盘
88,09:37:48,10.21,0.0,15,15632,买盘
89,09:37:51,10.21,0.0,11,11231,卖盘
90,09:37:54,10.22,0.01,7,7151,买盘
91,09:37:57,10.22,0.0,1,1022,买盘
92,09:38:09,10.22,0.0,60,61320,买盘
93,09:38:12,10.21,-0.01,19,19082,卖盘
94,09:38:15,10.21,0.0,1,1338,买盘
95,09:38:18,10.22,0.01,24,24528,买盘
96,09:38:21,10.22,0.0,2,2044,买盘
97,09:38:24,10.22,0.0,30,30660,买盘
98,09:38:42,10.22,0.0,20,20440,买盘
99,09:38:45,10.22,0.0,122,124684,买盘
100,09:38:49,10.22,0.0,19,19436,中性盘
101,09:39:00,10.22,0.0,39,39858,买盘
102,09:39:04,10.23,0.01,4,4092,买盘
103,09:39:09,10.23,0.0,1,1023,买盘
104,09:39:12,10.22,-0.01,8,8180,卖盘
105,09:39:15,10.23,0.01,2,2046,买盘
106,09:39:18,10.23,0.0,5,5115,买盘
107,09:39:27,10.23,0.0,4,4092,买盘
108,09:39:30,10.23,0.0,2,2046,买盘
109,09:39:42,10.23,0.0,43,43989,买盘
110,09:39:45,10.23,0.0,3,3069,买盘
111,09:39:48,10.23,0.0,6,6138,买盘
112,09:39:51,10.23,0.0,4,4092,买盘
113,09:39:57,10.24,0.01,88,90055,买盘
114,09:40:04,10.24,0.0,16,16384,买盘
115,09:40:06,10.24,0.0,1,1024,买盘
116,09:40:09,10.25,0.01,1,1025,买盘
117,09:40:15,10.24,-0.01,52,53256,卖盘
118,09:40:18,10.24,0.0,3,3072,买盘
119,09:40:21,10.24,0.0,35,35840,买盘
120,09:40:28,10.25,0.01,48,49155,买盘
121,09:40:30,10.24,-0.01,6,6144,中性盘
122,09:40:36,10.23,-0.01,14,14322,卖盘
123,09:40:39,10.23,0.0,42,42966,卖盘
124,09:40:45,10.23,0.0,3,3069,买盘
125,09:40:48,10.23,0.0,3,3069,买盘
126,09:40:51,10.23,0.0,40,40920,买盘
127,09:40:54,10.22,-0.01,10,10225,卖盘
128,09:41:04,10.24,0.02,23,23552,买盘
129,09:41:12,10.24,0.0,4,4096,买盘
130,09:41:15,10.24,0.0,3,3072,买盘
131,09:41:18,10.23,-0.01,1,1023,卖盘
132,09:41:21,10.24,0.01,88,90112,买盘
133,09:41:24,10.24,0.0,12,12288,卖盘
134,09:41:27,10.24,0.0,1,1024,买盘
135,09:41:39,10.25,0.01,19,19475,买盘
136,09:41:45,10.25,0.0,19,19462,买盘
137,09:41:48,10.25,0.0,6,6150,买盘
138,09:41:51,10.25,0.0,2,2050,买盘
139,09:41:54,10.25,0.0,3,3075,买盘
140,09:42:04,10.25,0.0,3,3075,买盘
141,09:42:09,10.25,0.0,1,1025,买盘
142,09:42:12,10.25,0.0,3,3075,买盘
143,09:42:15,10.25,0.0,3,3075,买盘
144,09:42:18,10.25,0.0,1,1025,买盘
145,09:42:21,10.25,0.0,61,62525,买盘
146,09:42:24,10.25,0.0,1,1025,买盘
147,09:42:33,10.25,0.0,23,23575,买盘
148,09:42:39,10.25,0.0,5,5125,买盘
149,09:42:45,10.24,-0.01,24,24576,卖盘
150,09:42:49,10.25,0.01,5,5125,买盘
151,09:43:12,10.25,0.0,40,41000,买盘
152,09:43:15,10.25,0.0,28,28700,买盘
153,09:43:18,10.25,0.0,4,4100,卖盘
154,09:43:27,10.26,0.01,91,93361,买盘
155,09:43:39,10.27,0.01,11,11287,买盘
156,09:43:42,10.27,0.0,6,6162,买盘
157,09:43:45,10.27,0.0,16,16432,买盘
158,09:43:48,10.27,0.0,3,3081,买盘
159,09:44:00,10.27,0.0,76,78052,买盘
160,09:44:12,10.28,0.01,23,23644,买盘
161,09:44:16,10.28,0.0,24,24672,买盘
162,09:44:18,10.28,0.0,26,26728,买盘
163,09:44:21,10.28,0.0,28,28784,买盘
164,09:44:24,10.28,0.0,3,3084,买盘
165,09:44:27,10.27,-0.01,192,197371,卖盘
166,09:44:36,10.29,0.02,9,9261,买盘
167,09:44:39,10.29,0.0,22,22638,买盘
168,09:44:45,10.3,0.01,31,31930,买盘
169,09:44:48,10.32,0.02,28,28876,买盘
170,09:44:54,10.31,-0.01,6,6186,卖盘
171,09:44:58,10.31,0.0,3,3093,买盘
172,09:45:00,10.31,0.0,1,1031,卖盘
173,09:45:03,10.33,0.02,43,44382,买盘
174,09:45:06,10.33,0.0,22,22731,卖盘
175,09:45:09,10.33,0.0,1,1033,卖盘
176,09:45:12,10.34,0.01,3,3102,买盘
177,09:45:15,10.34,0.0,31,32024,买盘
178,09:45:18,10.33,-0.01,62,64046,卖盘
179,09:45:21,10.34,0.01,129,133260,买盘
180,09:45:24,10.34,0.0,35,36162,卖盘
181,09:45:27,10.32,-0.02,33,34058,卖盘
182,09:45:30,10.33,0.01,33,34068,买盘
183,09:45:36,10.3,-0.03,1,1030,卖盘
184,09:45:42,10.3,0.0,1,1030,买盘
185,09:45:48,10.31,0.01,2,2062,买盘
186,09:45:51,10.3,-0.01,7,7210,卖盘
187,09:45:54,10.3,0.0,17,17510,买盘
188,09:46:15,10.3,0.0,2,2060,买盘
189,09:46:18,10.3,0.0,4,4120,买盘
190,09:46:21,10.3,0.0,3,3090,买盘
191,09:46:27,10.3,0.0,1,1030,买盘
192,09:46:31,10.29,-0.01,10,10290,卖盘
193,09:46:36,10.29,0.0,16,16464,卖盘
194,09:46:39,10.3,0.01,1,1030,买盘
195,09:46:42,10.3,0.0,1,1030,买盘
196,09:46:45,10.3,0.0,1,1030,买盘
197,09:46:48,10.3,0.0,2,2060,买盘
198,09:46:54,10.29,-0.01,46,47334,卖盘
199,09:46:57,10.29,0.0,58,59682,卖盘
200,09:47:00,10.28,-0.01,42,43176,卖盘
201,09:47:03,10.29,0.01,18,18507,买盘
202,09:47:06,10.28,-0.01,4,4112,卖盘
203,09:47:09,10.28,0.0,16,16448,卖盘
204,09:47:12,10.29,0.01,17,17482,买盘
205,09:47:15,10.29,0.0,2,2058,买盘
206,09:47:21,10.29,0.0,49,50402,买盘
207,09:47:25,10.28,-0.01,19,19532,卖盘
208,09:47:39,10.27,-0.01,9,9243,卖盘
209,09:47:42,10.28,0.01,3,3084,买盘
210,09:47:45,10.29,0.01,250,257191,买盘
211,09:47:57,10.27,-0.02,174,178980,卖盘
212,09:48:04,10.27,0.0,41,42112,卖盘
213,09:48:06,10.27,0.0,8,8216,买盘
214,09:48:09,10.28,0.01,1,1028,卖盘
215,09:48:12,10.28,0.0,1,1028,卖盘
216,09:48:15,10.29,0.01,2,2058,买盘
217,09:48:18,10.29,0.0,5,5145,买盘
218,09:48:24,10.29,0.0,48,49406,买盘
219,09:48:27,10.29,0.0,42,43218,卖盘
220,09:48:30,10.29,0.0,21,21609,卖盘
221,09:48:42,10.27,-0.02,4,4111,卖盘
222,09:48:45,10.28,0.01,6,6163,买盘
223,09:48:48,10.27,-0.01,16,16442,卖盘
224,09:48:54,10.27,0.0,9,9244,卖盘
225,09:48:57,10.27,0.0,1,1027,卖盘
226,09:49:00,10.27,0.0,1,1027,卖盘
227,09:49:09,10.27,0.0,1,1027,买盘
228,09:49:15,10.28,0.01,4,4112,买盘
229,09:49:21,10.28,0.0,2,2056,买盘
230,09:49:33,10.27,-0.01,11,11297,卖盘
231,09:49:36,10.27,0.0,1,1027,买盘
232,09:49:45,10.27,0.0,77,78989,买盘
233,09:49:48,10.27,0.0,45,46215,买盘
234,09:50:00,10.25,-0.02,3,3077,卖盘
235,09:50:15,10.26,0.01,4,4104,买盘
236,09:50:18,10.26,0.0,1,1026,买盘
237,09:50:36,10.26,0.0,10,10260,卖盘
238,09:50:39,10.26,0.0,27,27702,买盘
239,09:50:45,10.25,-0.01,11,11276,卖盘
240,09:50:48,10.26,0.01,2,2052,买盘
241,09:50:51,10.26,0.0,32,32832,买盘
242,09:51:00,10.26,0.0,28,28728,买盘
243,09:51:06,10.25,-0.01,29,29725,卖盘
244,09:51:10,10.26,0.01,5,5130,买盘
245,09:51:15,10.26,0.0,1,1026,买盘
246,09:51:18,10.26,0.0,14,14356,买盘
247,09:51:36,10.25,-0.01,20,20500,卖盘
248,09:51:39,10.26,0.01,40,40722,买盘
249,09:51:45,10.27,0.01,1,1027,买盘
250,09:51:48,10.27,0.0,4,4108,买盘
251,09:51:57,10.27,0.0,9,9243,买盘
252,09:52:06,10.27,0.0,11,11297,买盘
253,09:52:09,10.27,0.0,29,29783,买盘
254,09:52:18,10.28,0.01,6,6168,买盘
255,09:52:21,10.27,-0.01,5,5136,卖盘
256,09:52:36,10.28,0.01,5,5140,买盘
257,09:52:42,10.29,0.01,12,12348,买盘
258,09:52:45,10.29,0.0,32,32905,买盘
259,09:52:51,10.3,0.01,18,18540,买盘
260,09:52:54,10.3,0.0,20,20600,买盘
261,09:52:57,10.3,0.0,28,28840,买盘
262,09:53:04,10.3,0.0,18,18540,卖盘
263,09:53:06,10.3,0.0,2,2060,买盘
264,09:53:12,10.3,0.0,1,1030,买盘
265,09:53:15,10.3,0.0,26,26768,买盘
266,09:53:18,10.3,0.0,41,42230,买盘
267,09:53:21,10.3,0.0,20,20600,卖盘
268,09:53:24,10.3,0.0,5,5150,卖盘
269,09:53:27,10.3,0.0,138,142140,卖盘
270,09:53:30,10.3,0.0,13,13390,卖盘
271,09:53:36,10.3,0.0,5,5150,买盘
272,09:53:39,10.3,0.0,3,3090,买盘
273,09:53:45,10.29,-0.01,2,2058,卖盘
274,09:53:48,10.29,0.0,2,2058,卖盘
275,09:53:57,10.28,-0.01,61,62822,卖盘
276,09:54:03,10.28,0.0,34,34905,买盘
277,09:54:06,10.28,0.0,2,2056,买盘
278,09:54:09,10.25,-0.03,55,56430,卖盘
279,09:54:24,10.29,0.04,32,32928,买盘
280,09:54:27,10.23,-0.06,98,100334,卖盘
281,09:54:33,10.28,0.05,1,1028,买盘
282,09:54:36,10.28,0.0,5,5140,买盘
283,09:54:42,10.28,0.0,4,4112,买盘
284,09:54:45,10.28,0.0,4,4112,卖盘
285,09:54:51,10.28,0.0,102,104856,买盘
286,09:55:06,10.27,-0.01,5,5135,买盘
287,09:55:12,10.27,0.0,12,12314,买盘
288,09:55:21,10.27,0.0,2,2054,买盘
289,09:55:39,10.27,0.0,2,2054,买盘
290,09:55:43,10.27,0.0,5,5135,买盘
291,09:55:48,10.27,0.0,2,2054,买盘
292,09:56:04,10.27,0.0,2,2054,买盘
293,09:56:12,10.28,0.01,1,1028,买盘
294,09:56:15,10.27,-0.01,3,3081,卖盘
295,09:56:19,10.28,0.01,9,9252,买盘
296,09:56:24,10.28,0.0,9,9252,卖盘
297,09:56:27,10.28,0.0,30,30840,卖盘
298,09:56:39,10.29,0.01,2,2058,买盘
299,09:56:42,10.29,0.0,4,4116,买盘
300,09:56:45,10.23,-0.06,150,153582,卖盘
301,09:56:51,10.27,0.04,1,1027,买盘
302,09:56:57,10.27,0.0,27,27729,买盘
303,09:57:09,10.27,0.0,6,6162,买盘
304,09:57:12,10.27,0.0,6,6162,买盘
305,09:57:18,10.27,0.0,3,3081,卖盘
306,09:57:21,10.27,0.0,1,1027,买盘
307,09:57:39,10.27,0.0,1,1027,买盘
308,09:57:42,10.27,0.0,1,1027,买盘
309,09:57:45,10.27,0.0,1,1027,买盘
310,09:57:48,10.27,0.0,5,5135,买盘
311,09:57:51,10.27,0.0,30,30810,买盘
312,09:58:06,10.27,0.0,1,1027,买盘
313,09:58:12,10.27,0.0,1,1027,买盘
314,09:58:15,10.25,-0.02,4,4104,卖盘
315,09:58:18,10.27,0.02,4,4108,买盘
316,09:58:21,10.27,0.0,5,5135,买盘
317,09:58:33,10.27,0.0,30,30810,买盘
318,09:58:39,10.27,0.0,5,5135,买盘
319,09:58:42,10.27,0.0,2,2054,买盘
320,09:58:45,10.27,0.0,3,3081,买盘
321,09:59:06,10.27,0.0,67,68809,买盘
322,09:59:12,10.29,0.02,1,1029,买盘
323,09:59:15,10.29,0.0,5,5145,买盘
324,09:59:18,10.27,-0.02,9,9243,卖盘
325,09:59:24,10.3,0.03,182,187334,买盘
326,09:59:27,10.27,-0.03,26,26777,卖盘
327,09:59:30,10.29,0.02,3,3087,买盘
328,09:59:39,10.27,-0.02,5,5135,卖盘
329,09:59:54,10.3,0.03,2,2060,买盘
330,09:59:57,10.3,0.0,2,2060,买盘
331,10:00:00,10.3,0.0,5,5150,买盘
332,10:00:12,10.3,0.0,24,24720,买盘
333,10:00:24,10.3,0.0,10,10300,买盘
334,10:00:45,10.29,-0.01,2,2058,买盘
335,10:00:48,10.28,-0.01,12,12339,卖盘
336,10:00:51,10.28,0.0,4,4112,卖盘
337,10:00:54,10.29,0.01,4,4116,买盘
338,10:01:01,10.29,0.0,4,4116,买盘
339,10:01:12,10.3,0.01,13,13390,买盘
340,10:01:15,10.3,0.0,8,8240,买盘
341,10:01:33,10.29,-0.01,10,10290,买盘
342,10:01:46,10.3,0.01,5,5150,买盘
343,10:01:49,10.3,0.0,2,2060,买盘
344,10:02:03,10.3,0.0,3,3090,买盘
345,10:02:09,10.3,0.0,1,1030,买盘
346,10:02:15,10.3,0.0,7,7210,买盘
347,10:02:18,10.3,0.0,3,3090,买盘
348,10:02:24,10.29,-0.01,2,2058,卖盘
349,10:02:33,10.29,0.0,3,3087,卖盘
350,10:02:45,10.29,0.0,3,3087,买盘
351,10:02:48,10.28,-0.01,110,113084,卖盘
352,10:02:51,10.28,0.0,10,10280,卖盘
353,10:03:15,10.29,0.01,8,8230,买盘
354,10:03:18,10.29,0.0,1,1029,买盘
355,10:03:24,10.28,-0.01,1,1028,卖盘
356,10:03:27,10.27,-0.01,13,13351,卖盘
357,10:03:30,10.28,0.01,23,23644,中性盘
358,10:03:45,10.28,0.0,67,68876,买盘
359,10:04:04,10.28,0.0,1,1028,卖盘
360,10:04:09,10.29,0.01,3,3087,买盘
361,10:04:15,10.29,0.0,7,7203,买盘
362,10:04:31,10.28,-0.01,11,11308,买盘
363,10:04:45,10.28,0.0,7,7196,买盘
364,10:04:48,10.28,0.0,20,20560,买盘
365,10:05:00,10.27,-0.01,25,25691,卖盘
366,10:05:03,10.26,-0.01,117,120069,卖盘
367,10:05:15,10.28,0.02,1,1028,买盘
368,10:05:39,10.26,-0.02,3,3078,卖盘
369,10:05:58,10.26,0.0,1,1026,卖盘
370,10:06:04,10.28,0.02,1,1028,买盘
371,10:06:33,10.28,0.0,20,20560,买盘
372,10:06:48,10.26,-0.02,5,5130,卖盘
373,10:06:54,10.28,0.02,40,41120,买盘
374,10:08:00,10.27,-0.01,2,2054,卖盘
375,10:08:10,10.27,0.0,21,21567,卖盘
376,10:09:18,10.28,0.01,1,1028,买盘
377,10:09:33,10.28,0.0,1,1028,买盘
378,10:09:39,10.27,-0.01,15,15405,卖盘
379,10:09:49,10.27,0.0,5,5135,卖盘
380,10:09:51,10.27,0.0,2,2054,卖盘
381,10:09:54,10.27,0.0,10,10270,卖盘
382,10:09:57,10.27,0.0,7,7189,卖盘
383,10:10:00,10.27,0.0,1,1027,买盘
384,10:10:09,10.26,-0.01,25,25650,卖盘
385,10:10:18,10.26,0.0,1,1026,卖盘
386,10:10:21,10.27,0.01,2,2054,买盘
387,10:10:30,10.27,0.0,1,1027,买盘
388,10:11:09,10.27,0.0,1,1027,买盘
389,10:11:12,10.27,0.0,35,35945,买盘
390,10:11:30,10.28,0.01,1,1028,买盘
391,10:11:45,10.27,-0.01,3,3081,卖盘
392,10:11:48,10.27,0.0,8,8216,买盘
393,10:11:51,10.27,0.0,9,9243,买盘
394,10:11:54,10.28,0.01,49,50372,买盘
395,10:11:57,10.28,0.0,11,11308,买盘
396,10:12:00,10.28,0.0,29,29812,买盘
397,10:12:04,10.28,0.0,9,9252,买盘
398,10:12:06,10.28,0.0,45,46260,买盘
399,10:12:09,10.29,0.01,5,5145,买盘
400,10:12:12,10.29,0.0,168,172872,买盘
401,10:12:15,10.29,0.0,22,22638,买盘
402,10:12:36,10.3,0.01,2,2060,买盘
403,10:12:54,10.3,0.0,36,37080,买盘
404,10:13:00,10.3,0.0,1,1030,买盘
405,10:13:09,10.3,0.0,9,9270,买盘
406,10:13:27,10.3,0.0,5,5150,买盘
407,10:13:30,10.3,0.0,51,52530,买盘
408,10:13:37,10.3,0.0,60,61800,买盘
409,10:13:42,10.3,0.0,2,2060,买盘
410,10:13:57,10.29,-0.01,4,4116,卖盘
411,10:14:21,10.29,0.0,19,19551,卖盘
412,10:14:27,10.29,0.0,11,11319,买盘
413,10:14:30,10.3,0.01,1,1030,买盘
414,10:14:45,10.3,0.0,100,103000,买盘
415,10:14:54,10.3,0.0,17,17510,买盘
416,10:15:00,10.31,0.01,1,1031,买盘
417,10:15:21,10.31,0.0,30,30930,买盘
418,10:15:27,10.3,-0.01,13,13390,卖盘
419,10:15:30,10.31,0.01,1,1031,买盘
420,10:15:36,10.32,0.01,96,98980,买盘
421,10:15:48,10.32,0.0,10,10320,买盘
422,10:16:06,10.31,-0.01,4,4124,卖盘
423,10:16:09,10.31,0.0,5,5155,买盘
424,10:16:12,10.31,0.0,1,1031,买盘
425,10:16:16,10.31,0.0,1,1031,买盘
426,10:16:21,10.31,0.0,9,9279,买盘
427,10:16:45,10.31,0.0,2,2062,买盘
428,10:17:00,10.3,-0.01,4,4120,卖盘
429,10:17:15,10.31,0.01,2,2062,买盘
430,10:17:18,10.31,0.0,9,9279,买盘
431,10:17:21,10.31,0.0,39,40209,买盘
432,10:17:33,10.31,0.0,11,11341,买盘
433,10:17:39,10.3,-0.01,5,5150,卖盘
434,10:17:42,10.3,0.0,10,10300,卖盘
435,10:17:45,10.3,0.0,1,1030,买盘
436,10:17:48,10.3,0.0,1,1030,买盘
437,10:18:12,10.3,0.0,1,1030,买盘
438,10:18:33,10.3,0.0,36,37080,买盘
439,10:18:45,10.31,0.01,2,2062,买盘
440,10:19:03,10.31,0.0,5,5155,买盘
441,10:19:15,10.31,0.0,1,1031,买盘
442,10:19:21,10.31,0.0,3,3093,买盘
443,10:19:30,10.3,-0.01,20,20600,卖盘
444,10:19:36,10.3,0.0,10,10300,买盘
445,10:19:42,10.3,0.0,4,4120,卖盘
446,10:19:45,10.3,0.0,1,1030,买盘
447,10:19:48,10.3,0.0,5,5150,买盘
448,10:20:04,10.3,0.0,5,5146,买盘
449,10:20:15,10.31,0.01,2,2062,买盘
450,10:20:18,10.3,-0.01,19,19570,卖盘
451,10:20:27,10.3,0.0,10,10300,买盘
452,10:20:45,10.3,0.0,2,2060,买盘
453,10:20:48,10.3,0.0,2,2060,买盘
454,10:21:12,10.3,0.0,1,1030,买盘
455,10:21:45,10.29,-0.01,4,4118,卖盘
456,10:21:48,10.29,0.0,4,4116,卖盘
457,10:21:51,10.29,0.0,5,5145,卖盘
458,10:21:57,10.29,0.0,3,3087,卖盘
459,10:22:04,10.29,0.0,10,10290,买盘
460,10:22:12,10.28,-0.01,45,46260,卖盘
461,10:22:15,10.29,0.01,15,15422,买盘
462,10:22:18,10.27,-0.02,1,1027,卖盘
463,10:22:30,10.27,0.0,10,10270,卖盘
464,10:22:34,10.27,0.0,21,21567,卖盘
465,10:22:42,10.27,0.0,12,12324,买盘
466,10:22:49,10.27,0.0,1,1027,买盘
467,10:23:04,10.27,0.0,4,4118,买盘
468,10:23:12,10.28,0.01,2,2056,买盘
469,10:23:15,10.28,0.0,1,1028,买盘
470,10:23:42,10.26,-0.02,40,41036,卖盘
471,10:23:45,10.26,0.0,9,9234,买盘
472,10:23:48,10.26,0.0,7,7182,买盘
473,10:23:51,10.26,0.0,1,1026,买盘
474,10:23:54,10.28,0.02,90,92444,买盘
475,10:24:15,10.29,0.01,1,1029,买盘
476,10:24:18,10.28,-0.01,21,21589,卖盘
477,10:24:30,10.28,0.0,90,92510,卖盘
478,10:24:33,10.29,0.01,39,40136,买盘
479,10:24:36,10.29,0.0,13,13377,卖盘
480,10:24:39,10.29,0.0,25,25715,卖盘
481,10:24:45,10.29,0.0,1,1029,买盘
482,10:25:06,10.28,-0.01,10,10280,买盘
483,10:25:15,10.28,0.0,2,2056,买盘
484,10:25:21,10.28,0.0,2,2056,买盘
485,10:25:45,10.28,0.0,2,2056,买盘
486,10:25:51,10.26,-0.02,3,3078,卖盘
487,10:26:15,10.27,0.01,2,2054,买盘
488,10:26:33,10.26,-0.01,7,7182,卖盘
489,10:26:45,10.26,0.0,6,6157,卖盘
490,10:26:48,10.26,0.0,8,8208,买盘
491,10:26:57,10.27,0.01,2,2054,买盘
492,10:27:00,10.27,0.0,5,5135,卖盘
493,10:27:04,10.27,0.0,1,1027,卖盘
494,10:27:06,10.27,0.0,2,2054,卖盘
495,10:27:12,10.26,-0.01,30,30780,卖盘
496,10:27:18,10.27,0.01,2,2054,买盘
497,10:27:21,10.26,-0.01,13,13338,卖盘
498,10:27:27,10.26,0.0,73,74898,卖盘
499,10:27:36,10.26,0.0,10,10260,卖盘
500,10:27:45,10.27,0.01,1,1027,买盘
501,10:27:48,10.27,0.0,1,1027,买盘
502,10:27:54,10.27,0.0,79,81133,买盘
503,10:28:00,10.27,0.0,1,1027,卖盘
504,10:28:06,10.27,0.0,10,10270,卖盘
505,10:28:09,10.27,0.0,146,149942,卖盘
506,10:28:18,10.27,0.0,1,1027,买盘
507,10:28:30,10.27,0.0,41,42107,买盘
508,10:28:45,10.27,0.0,3,3081,买盘
509,10:28:51,10.26,-0.01,10,10260,卖盘
510,10:28:54,10.27,0.01,2,2054,买盘
511,10:28:57,10.27,0.0,2,2054,买盘
512,10:29:00,10.27,0.0,70,71890,买盘
513,10:29:13,10.27,0.0,19,19513,卖盘
514,10:29:15,10.27,0.0,1,1027,买盘
515,10:29:33,10.27,0.0,10,10270,买盘
516,10:29:39,10.27,0.0,1,1027,买盘
517,10:29:45,10.27,0.0,1,1027,买盘
518,10:29:48,10.27,0.0,1,1027,买盘
519,10:29:54,10.26,-0.01,2,2052,卖盘
520,10:30:00,10.27,0.01,2,2054,买盘
521,10:30:06,10.27,0.0,10,10270,买盘
522,10:30:15,10.27,0.0,1,1027,买盘
523,10:30:24,10.26,-0.01,1,1026,卖盘
524,10:30:42,10.26,0.0,1,1026,卖盘
525,10:30:48,10.27,0.01,37,37964,买盘
526,10:31:12,10.27,0.0,5,5135,买盘
527,10:31:21,10.27,0.0,2,2054,买盘
528,10:31:30,10.27,0.0,4,4108,买盘
529,10:31:48,10.26,-0.01,6,6157,卖盘
530,10:31:51,10.27,0.01,1,1027,买盘
531,10:31:54,10.26,-0.01,17,17453,卖盘
532,10:32:00,10.26,0.0,17,17442,卖盘
533,10:32:04,10.26,0.0,20,20520,卖盘
534,10:32:09,10.27,0.01,31,31837,买盘
535,10:32:18,10.26,-0.01,13,13339,卖盘
536,10:32:27,10.25,-0.01,5,5125,卖盘
537,10:32:30,10.26,0.01,1,1026,买盘
538,10:32:39,10.26,0.0,5,5130,买盘
539,10:32:45,10.26,0.0,2,2052,买盘
540,10:33:12,10.25,-0.01,2,2050,卖盘
541,10:33:18,10.25,0.0,2,2050,买盘
542,10:33:27,10.25,0.0,40,41000,买盘
543,10:33:30,10.25,0.0,1,1025,买盘
544,10:33:33,10.24,-0.01,4,4096,卖盘
545,10:33:45,10.24,0.0,10,10240,卖盘
546,10:33:48,10.25,0.01,1,1025,买盘
547,10:34:06,10.23,-0.02,10,10231,卖盘
548,10:34:18,10.25,0.02,3,3075,买盘
549,10:34:33,10.23,-0.02,76,77748,卖盘
550,10:34:45,10.24,0.01,1,1024,买盘
551,10:34:55,10.23,-0.01,5,5115,中性盘
552,10:35:00,10.22,-0.01,10,10220,卖盘
553,10:35:07,10.22,0.0,8,8176,卖盘
554,10:35:18,10.23,0.01,1,1023,买盘
555,10:35:39,10.22,-0.01,26,26572,卖盘
556,10:35:45,10.22,0.0,1,1022,买盘
557,10:35:48,10.22,0.0,10,10220,买盘
558,10:35:51,10.22,0.0,18,18396,买盘
559,10:35:57,10.23,0.01,1,1023,买盘
560,10:36:04,10.23,0.0,1,1023,买盘
561,10:36:06,10.23,0.0,1,1023,买盘
562,10:36:16,10.22,-0.01,44,44968,卖盘
563,10:36:24,10.21,-0.01,126,128656,卖盘
564,10:36:33,10.21,0.0,2,2042,买盘
565,10:36:36,10.21,0.0,10,10210,买盘
566,10:36:45,10.2,-0.01,10,10200,卖盘
567,10:36:48,10.2,0.0,30,30600,卖盘
568,10:37:00,10.2,0.0,5,5100,卖盘
569,10:37:04,10.21,0.01,2,2042,买盘
570,10:37:22,10.21,0.0,39,39819,买盘
571,10:37:33,10.22,0.01,1,1022,买盘
572,10:37:37,10.21,-0.01,5,5105,卖盘
573,10:37:45,10.22,0.01,3,3066,买盘
574,10:37:48,10.22,0.0,6,6132,买盘
575,10:38:00,10.23,0.01,30,30690,买盘
576,10:38:09,10.24,0.01,48,49152,买盘
577,10:38:24,10.25,0.01,4,4100,买盘
578,10:38:27,10.25,0.0,4,4100,买盘
579,10:38:45,10.25,0.0,2,2050,买盘
580,10:38:54,10.24,-0.01,26,26624,卖盘
581,10:39:04,10.23,-0.01,2,2046,卖盘
582,10:39:39,10.23,0.0,20,20460,卖盘
583,10:39:42,10.23,0.0,5,5115,卖盘
584,10:40:39,10.23,0.0,27,27621,卖盘
585,10:40:54,10.23,0.0,24,24552,买盘
586,10:41:06,10.24,0.01,5,5120,买盘
587,10:41:21,10.24,0.0,37,37888,买盘
588,10:41:33,10.24,0.0,229,234496,买盘
589,10:41:37,10.25,0.01,100,102500,买盘
590,10:41:57,10.27,0.02,22,22570,买盘
591,10:42:06,10.27,0.0,34,34918,买盘
592,10:42:36,10.27,0.0,40,41080,卖盘
593,10:42:42,10.27,0.0,2,2054,卖盘
594,10:43:00,10.27,0.0,7,7194,卖盘
595,10:43:06,10.27,0.0,1,1027,卖盘
596,10:43:27,10.28,0.01,100,102800,买盘
597,10:43:30,10.28,0.0,1,1028,买盘
598,10:43:57,10.27,-0.01,5,5135,买盘
599,10:44:27,10.27,0.0,1,1027,买盘
600,10:44:30,10.27,0.0,3,3081,买盘
601,10:44:42,10.26,-0.01,10,10260,卖盘
602,10:44:57,10.27,0.01,4,4108,买盘
603,10:45:27,10.27,0.0,2,2054,买盘
604,10:45:30,10.27,0.0,3,3081,买盘
605,10:45:33,10.26,-0.01,2,2052,卖盘
606,10:45:57,10.27,0.01,3,3081,买盘
607,10:46:00,10.27,0.0,1,1027,买盘
608,10:46:03,10.27,0.0,72,73944,买盘
609,10:46:06,10.27,0.0,12,12324,买盘
610,10:46:09,10.28,0.01,28,28784,买盘
611,10:46:27,10.28,0.0,5,5140,买盘
612,10:46:39,10.27,-0.01,4,4108,卖盘
613,10:46:51,10.27,0.0,14,14378,卖盘
614,10:46:57,10.27,0.0,3,3081,买盘
615,10:47:00,10.27,0.0,2,2054,买盘
616,10:47:06,10.27,0.0,11,11297,买盘
617,10:47:27,10.28,0.01,4,4112,买盘
618,10:47:40,10.28,0.0,46,47288,买盘
619,10:47:46,10.28,0.0,37,38036,买盘
620,10:47:48,10.28,0.0,13,13364,买盘
621,10:47:51,10.28,0.0,7,7196,买盘
622,10:47:54,10.28,0.0,30,30840,买盘
623,10:47:57,10.28,0.0,13,13364,买盘
624,10:48:00,10.28,0.0,37,38036,买盘
625,10:48:04,10.28,0.0,17,17476,买盘
626,10:48:06,10.28,0.0,7,7196,买盘
627,10:48:10,10.28,0.0,24,24672,买盘
628,10:48:15,10.28,0.0,24,24672,买盘
629,10:48:21,10.28,0.0,61,62648,买盘
630,10:48:24,10.28,0.0,24,24672,买盘
631,10:48:27,10.28,0.0,54,55459,买盘
632,10:48:30,10.28,0.0,3,3084,买盘
633,10:48:33,10.28,0.0,5,5140,买盘
634,10:48:45,10.28,0.0,31,31868,卖盘
635,10:48:54,10.28,0.0,3,3084,买盘
636,10:48:57,10.28,0.0,2,2056,买盘
637,10:49:00,10.28,0.0,2,2056,买盘
638,10:49:06,10.27,-0.01,26,26702,卖盘
639,10:49:09,10.27,0.0,1,1027,卖盘
640,10:49:27,10.27,0.0,3,3081,买盘
641,10:49:31,10.27,0.0,2,2054,买盘
642,10:49:33,10.27,0.0,71,72963,买盘
643,10:49:36,10.27,0.0,18,18486,卖盘
644,10:49:57,10.27,0.0,3,3081,买盘
645,10:50:00,10.27,0.0,1,1027,买盘
646,10:50:03,10.26,-0.01,1,934,买盘
647,10:50:12,10.26,0.0,8,8300,买盘
648,10:50:21,10.25,-0.01,200,205025,卖盘
649,10:50:27,10.26,0.01,3,3078,买盘
650,10:50:30,10.25,-0.01,37,37835,卖盘
651,10:50:45,10.24,-0.01,25,25600,卖盘
652,10:50:57,10.25,0.01,2,2050,买盘
653,10:51:00,10.25,0.0,3,3075,买盘
654,10:51:30,10.25,0.0,4,4100,买盘
655,10:51:39,10.25,0.0,28,28700,买盘
656,10:51:42,10.25,0.0,42,43050,买盘
657,10:51:45,10.25,0.0,25,25625,买盘
658,10:51:48,10.25,0.0,25,25717,买盘
659,10:52:01,10.28,0.03,5,5140,买盘
660,10:52:27,10.27,-0.01,1,1027,买盘
661,10:52:30,10.27,0.0,3,3081,买盘
662,10:52:39,10.25,-0.02,5,5125,卖盘
663,10:52:45,10.25,0.0,3,3075,卖盘
664,10:52:48,10.25,0.0,6,6150,卖盘
665,10:52:57,10.27,0.02,2,2054,买盘
666,10:53:00,10.27,0.0,2,2054,买盘
667,10:53:04,10.27,0.0,1,1027,买盘
668,10:53:30,10.27,0.0,5,5135,买盘
669,10:53:42,10.25,-0.02,4,4100,卖盘
670,10:53:57,10.27,0.02,4,4108,买盘
671,10:54:18,10.27,0.0,1,1027,买盘
672,10:54:27,10.27,0.0,2,2054,买盘
673,10:54:30,10.27,0.0,3,3081,买盘
674,10:54:57,10.26,-0.01,4,4104,买盘
675,10:55:15,10.24,-0.02,170,174154,卖盘
676,10:55:22,10.24,0.0,159,162816,卖盘
677,10:55:28,10.25,0.01,2,2050,买盘
678,10:55:31,10.25,0.0,3,3075,买盘
679,10:55:54,10.24,-0.01,1,1024,卖盘
680,10:55:57,10.25,0.01,5,5125,买盘
681,10:56:27,10.25,0.0,1,1025,买盘
682,10:56:30,10.25,0.0,3,3075,买盘
683,10:56:57,10.25,0.0,2,2050,买盘
684,10:57:00,10.25,0.0,2,2050,买盘
685,10:57:09,10.24,-0.01,1,1024,卖盘
686,10:57:27,10.24,0.0,6,6144,卖盘
687,10:57:30,10.25,0.01,5,5125,买盘
688,10:57:54,10.24,-0.01,17,17408,卖盘
689,10:58:01,10.25,0.01,4,4100,买盘
690,10:58:04,10.24,-0.01,14,14336,卖盘
691,10:58:24,10.25,0.01,10,10250,买盘
692,10:58:42,10.24,-0.01,10,10240,卖盘
693,10:58:51,10.24,0.0,100,102400,卖盘
694,10:59:09,10.24,0.0,134,137216,卖盘
695,10:59:12,10.24,0.0,69,70564,卖盘
696,10:59:39,10.22,-0.02,10,10220,卖盘
697,10:59:42,10.22,0.0,5,5110,卖盘
698,10:59:57,10.23,0.01,10,10230,买盘
699,11:00:09,10.24,0.01,53,54272,买盘
700,11:00:18,10.25,0.01,35,35875,买盘
701,11:00:21,10.24,-0.01,28,28680,卖盘
702,11:00:24,10.25,0.01,17,17425,买盘
703,11:00:27,10.26,0.01,9,9226,买盘
704,11:00:39,10.26,0.0,9,9234,买盘
705,11:00:46,10.26,0.0,10,10260,卖盘
706,11:00:48,10.26,0.0,4,4104,买盘
707,11:00:58,10.27,0.01,27,27729,买盘
708,11:01:04,10.27,0.0,1,1027,卖盘
709,11:01:06,10.27,0.0,18,18578,卖盘
710,11:01:21,10.27,0.0,50,52254,卖盘
711,11:01:36,10.27,0.0,200,205400,卖盘
712,11:01:39,10.27,0.0,57,57543,卖盘
713,11:01:45,10.27,0.0,10,10270,买盘
714,11:01:54,10.27,0.0,4,4108,买盘
715,11:02:21,10.27,0.0,36,37968,买盘
716,11:02:24,10.27,0.0,1,1027,卖盘
717,11:02:33,10.27,0.0,5,5135,卖盘
718,11:02:54,10.27,0.0,6,5166,卖盘
719,11:03:03,10.25,-0.02,5,5125,卖盘
720,11:03:18,10.25,0.0,1,1025,买盘
721,11:03:21,10.25,0.0,1,1025,买盘
722,11:03:24,10.25,0.0,1,1025,买盘
723,11:03:27,10.25,0.0,1,1025,买盘
724,11:03:30,10.25,0.0,1,1025,买盘
725,11:03:33,10.25,0.0,1,1025,买盘
726,11:03:36,10.25,0.0,1,1025,买盘
727,11:03:48,10.24,-0.01,16,16384,卖盘
728,11:04:45,10.23,-0.01,59,60357,卖盘
729,11:04:57,10.23,0.0,2,2046,买盘
730,11:05:33,10.23,0.0,1,1023,买盘
731,11:05:36,10.23,0.0,3,3069,买盘
732,11:05:42,10.23,0.0,1,1023,买盘
733,11:05:45,10.22,-0.01,107,109391,卖盘
734,11:05:48,10.22,0.0,42,42924,买盘
735,11:05:51,10.22,0.0,8,8176,买盘
736,11:06:15,10.28,0.06,134,137625,买盘
737,11:07:24,10.28,0.0,34,34952,买盘
738,11:07:48,10.26,-0.02,10,10260,卖盘
739,11:08:15,10.28,0.02,11,11308,买盘
740,11:08:33,10.28,0.0,10,10280,买盘
741,11:09:09,10.28,0.0,26,26728,买盘
742,11:09:21,10.28,0.0,27,27756,买盘
743,11:11:36,10.28,0.0,5,5140,买盘
744,11:14:45,10.29,0.01,53,54486,买盘
745,11:16:06,10.27,-0.02,10,10270,卖盘
746,11:16:24,10.27,0.0,1,1027,卖盘
747,11:16:42,10.28,0.01,5,5140,买盘
748,11:17:39,10.28,0.0,21,21588,买盘
749,11:17:42,10.28,0.0,6,6168,买盘
750,11:17:45,10.28,0.0,19,19532,买盘
751,11:17:57,10.29,0.01,1,1029,买盘
752,11:18:48,10.29,0.0,116,120372,买盘
753,11:19:09,10.3,0.01,65,66950,买盘
754,11:19:22,10.3,0.0,10,10300,买盘
755,11:21:18,10.29,-0.01,25,25725,卖盘
756,11:21:21,10.29,0.0,10,10290,卖盘
757,11:21:39,10.29,0.0,30,30870,卖盘
758,11:21:45,10.29,0.0,3,3087,卖盘
759,11:21:51,10.29,0.0,7,7203,卖盘
760,11:22:04,10.3,0.01,58,59740,买盘
761,11:22:21,10.3,0.0,58,59740,买盘
762,11:25:21,10.3,0.0,20,20600,买盘
763,11:25:24,10.3,0.0,5,5150,买盘
764,11:25:36,10.29,-0.01,15,15435,卖盘
765,11:25:45,10.29,0.0,54,55566,卖盘
766,11:26:10,10.29,0.0,18,17514,卖盘
767,11:26:27,10.29,0.0,11,11319,买盘
768,11:27:06,10.28,-0.01,30,30840,卖盘
769,11:27:27,10.28,0.0,8,8224,卖盘
770,11:27:54,10.28,0.0,5,5140,卖盘
771,11:29:24,10.27,-0.01,1,1027,卖盘
772,13:00:00,10.28,0.01,13,13364,买盘
773,13:00:04,10.28,0.0,12,12336,卖盘
774,13:00:06,10.28,0.0,1,1028,卖盘
775,13:01:04,10.28,0.0,2,2056,卖盘
776,13:01:06,10.3,0.02,20,20600,买盘
777,13:01:48,10.28,-0.02,53,54490,卖盘
778,13:01:51,10.28,0.0,2,2056,卖盘
779,13:01:54,10.28,0.0,1,1028,卖盘
780,13:01:57,10.28,0.0,1,1028,卖盘
781,13:02:00,10.28,0.0,1,1028,卖盘
782,13:02:03,10.28,0.0,1,1028,卖盘
783,13:02:06,10.28,0.0,1,1028,卖盘
784,13:02:09,10.28,0.0,1,1028,卖盘
785,13:02:12,10.29,0.01,40,41160,买盘
786,13:02:15,10.29,0.0,14,14406,卖盘
787,13:02:18,10.28,-0.01,1,1028,卖盘
788,13:02:21,10.28,0.0,1,1028,卖盘
789,13:02:54,10.28,0.0,50,51400,卖盘
790,13:03:09,10.27,-0.01,20,20540,卖盘
791,13:03:12,10.27,0.0,8,8216,卖盘
792,13:03:15,10.27,0.0,6,6162,卖盘
793,13:04:48,10.27,0.0,1,1027,买盘
794,13:06:00,10.25,-0.02,45,46125,卖盘
795,13:09:30,10.25,0.0,11,11275,买盘
796,13:09:36,10.25,0.0,15,15375,买盘
797,13:10:30,10.24,-0.01,13,13312,卖盘
798,13:11:09,10.24,0.0,5,5120,卖盘
799,13:11:21,10.24,0.0,19,19456,卖盘
800,13:11:24,10.24,0.0,1,1024,卖盘
801,13:11:27,10.24,0.0,1,1024,卖盘
802,13:11:30,10.24,0.0,1,1024,卖盘
803,13:11:33,10.24,0.0,6,6144,卖盘
804,13:11:36,10.24,0.0,3,3072,卖盘
805,13:11:39,10.24,0.0,3,3072,卖盘
806,13:11:42,10.24,0.0,3,3072,卖盘
807,13:11:45,10.23,-0.01,100,102300,卖盘
808,13:11:48,10.23,0.0,1,1023,卖盘
809,13:11:51,10.23,0.0,1,1023,卖盘
810,13:11:54,10.23,0.0,1,1023,卖盘
811,13:13:12,10.23,0.0,48,49104,卖盘
812,13:16:18,10.24,0.01,11,11264,买盘
813,13:16:24,10.23,-0.01,83,84909,卖盘
814,13:16:48,10.23,0.0,2,2046,买盘
815,13:17:25,10.23,0.0,7,7161,买盘
816,13:19:09,10.23,0.0,4,4092,买盘
817,13:20:00,10.23,0.0,10,10230,买盘
818,13:20:27,10.22,-0.01,4,4088,卖盘
819,13:20:30,10.22,0.0,1,1022,卖盘
820,13:21:00,10.22,0.0,4,4088,卖盘
821,13:21:04,10.22,0.0,15,15330,卖盘
822,13:21:24,10.22,0.0,2,2044,卖盘
823,13:21:27,10.22,0.0,5,5110,卖盘
824,13:21:30,10.22,0.0,9,9198,卖盘
825,13:21:33,10.22,0.0,7,7154,卖盘
826,13:21:36,10.22,0.0,7,7154,卖盘
827,13:21:39,10.22,0.0,2,2044,卖盘
828,13:21:45,10.22,0.0,15,15330,卖盘
829,13:21:48,10.22,0.0,1,1022,卖盘
830,13:22:48,10.23,0.01,10,10230,买盘
831,13:22:54,10.23,0.0,17,17391,买盘
832,13:22:57,10.23,0.0,27,27621,买盘
833,13:23:00,10.23,0.0,27,27621,买盘
834,13:23:03,10.24,0.01,2,2048,买盘
835,13:23:15,10.24,0.0,40,40960,买盘
836,13:23:36,10.24,0.0,20,20480,买盘
837,13:23:39,10.24,0.0,12,12288,买盘
838,13:23:42,10.24,0.0,6,6144,买盘
839,13:23:45,10.24,0.0,8,8192,买盘
840,13:24:27,10.24,0.0,16,16384,卖盘
841,13:25:21,10.26,0.02,15,15390,买盘
842,13:25:30,10.25,-0.01,13,13325,卖盘
843,13:25:45,10.25,0.0,2,2050,卖盘
844,13:26:04,10.24,-0.01,1,1024,卖盘
845,13:26:06,10.25,0.01,16,16400,买盘
846,13:26:51,10.24,-0.01,11,11264,卖盘
847,13:27:15,10.24,0.0,34,34816,卖盘
848,13:27:42,10.24,0.0,1,1024,买盘
849,13:28:24,10.23,-0.01,9,9207,卖盘
850,13:28:27,10.24,0.01,2,2047,买盘
851,13:28:54,10.23,-0.01,3,3069,卖盘
852,13:29:00,10.23,0.0,10,10230,卖盘
853,13:29:07,10.23,0.0,22,22506,卖盘
854,13:29:21,10.23,0.0,10,10230,卖盘
855,13:30:39,10.24,0.01,40,40960,买盘
856,13:30:42,10.24,0.0,7,7168,买盘
857,13:31:06,10.23,-0.01,3,3071,卖盘
858,13:31:15,10.23,0.0,6,6138,卖盘
859,13:31:39,10.23,0.0,3,3069,卖盘
860,13:32:00,10.23,0.0,2,2046,卖盘
861,13:32:03,10.23,0.0,3,3069,卖盘
862,13:32:06,10.23,0.0,4,4092,卖盘
863,13:32:09,10.23,0.0,55,56265,卖盘
864,13:32:12,10.23,0.0,3,3069,卖盘
865,13:32:15,10.23,0.0,5,5115,卖盘
866,13:32:18,10.23,0.0,3,3069,卖盘
867,13:32:21,10.23,0.0,3,3069,卖盘
868,13:32:33,10.23,0.0,12,12276,卖盘
869,13:33:12,10.23,0.0,2,2046,卖盘
870,13:33:48,10.23,0.0,1,1023,卖盘
871,13:33:51,10.23,0.0,1,1023,卖盘
872,13:33:54,10.23,0.0,56,57298,卖盘
873,13:36:30,10.23,0.0,13,13299,买盘
874,13:36:33,10.23,0.0,3,3069,买盘
875,13:36:39,10.22,-0.01,9,9198,卖盘
876,13:36:51,10.23,0.01,1,1023,买盘
877,13:36:54,10.23,0.0,1,1023,买盘
878,13:36:57,10.23,0.0,21,21483,买盘
879,13:37:00,10.2,-0.03,947,966671,卖盘
880,13:37:33,10.22,0.02,10,10220,卖盘
881,13:38:03,10.21,-0.01,40,40840,卖盘
882,13:38:09,10.21,0.0,6,6126,卖盘
883,13:38:15,10.22,0.01,1,1022,买盘
884,13:38:18,10.21,-0.01,20,20420,卖盘
885,13:38:48,10.21,0.0,5,5105,卖盘
886,13:38:51,10.21,0.0,2,2042,卖盘
887,13:39:06,10.21,0.0,1,1021,卖盘
888,13:39:16,10.21,0.0,10,10210,卖盘
889,13:39:27,10.21,0.0,5,5105,卖盘
890,13:39:42,10.2,-0.01,3,3062,卖盘
891,13:39:57,10.21,0.01,5,5105,卖盘
892,13:40:06,10.21,0.0,1,1021,卖盘
893,13:41:09,10.2,-0.01,9,9180,卖盘
894,13:41:24,10.2,0.0,35,35700,卖盘
895,13:41:36,10.2,0.0,34,34680,买盘
896,13:41:39,10.19,-0.01,132,134508,卖盘
897,13:41:51,10.19,0.0,54,55026,买盘
898,13:41:54,10.19,0.0,2,2038,买盘
899,13:41:57,10.19,0.0,16,16304,买盘
900,13:42:00,10.18,-0.01,284,289263,卖盘
901,13:42:03,10.18,0.0,10,10180,买盘
902,13:42:22,10.18,0.0,14,14252,买盘
903,13:42:24,10.17,-0.01,345,350910,卖盘
904,13:42:30,10.18,0.01,4,4072,买盘
905,13:42:36,10.17,-0.01,74,75258,卖盘
906,13:42:51,10.18,0.01,1,1018,买盘
907,13:42:54,10.16,-0.02,35,35560,卖盘
908,13:43:00,10.16,0.0,10,10165,卖盘
909,13:43:04,10.16,0.0,81,82296,卖盘
910,13:43:06,10.16,0.0,34,34544,买盘
911,13:43:15,10.15,-0.01,36,36540,卖盘
912,13:43:33,10.16,0.01,9,9144,买盘
913,13:43:45,10.16,0.0,5,5080,卖盘
914,13:43:54,10.16,0.0,28,28448,卖盘
915,13:44:06,10.15,-0.01,30,30450,卖盘
916,13:44:09,10.17,0.02,6,6102,买盘
917,13:44:18,10.17,0.0,4,4068,卖盘
918,13:44:21,10.17,0.0,8,8136,买盘
919,13:44:30,10.17,0.0,27,27459,卖盘
920,13:44:54,10.18,0.01,2,2036,买盘
921,13:44:57,10.17,-0.01,20,20340,卖盘
922,13:45:12,10.18,0.01,102,103836,买盘
923,13:45:15,10.18,0.0,16,16288,买盘
924,13:45:18,10.18,0.0,4,4072,买盘
925,13:45:30,10.18,0.0,13,13234,买盘
926,13:45:33,10.18,0.0,17,17306,买盘
927,13:45:36,10.18,0.0,1,1018,买盘
928,13:45:39,10.18,0.0,1,1018,买盘
929,13:45:42,10.18,0.0,3,3054,买盘
930,13:45:48,10.18,0.0,10,10180,买盘
931,13:45:51,10.18,0.0,32,32576,买盘
932,13:46:06,10.2,0.02,2,2040,买盘
933,13:46:15,10.2,0.0,3,3060,卖盘
934,13:46:36,10.2,0.0,10,10200,买盘
935,13:46:55,10.19,-0.01,6,6114,卖盘
936,13:48:27,10.18,-0.01,3,3054,卖盘
937,13:49:30,10.18,0.0,1,1018,卖盘
938,13:49:45,10.18,0.0,20,20360,卖盘
939,13:49:48,10.18,0.0,8,8144,卖盘
940,13:50:06,10.17,-0.01,10,10170,卖盘
941,13:50:09,10.17,0.0,16,16272,卖盘
942,13:50:12,10.16,-0.01,1,1016,卖盘
943,13:50:15,10.16,0.0,2,2032,卖盘
944,13:50:18,10.16,0.0,1,1016,卖盘
945,13:50:21,10.16,0.0,3,3048,卖盘
946,13:50:25,10.15,-0.01,64,64967,卖盘
947,13:50:51,10.14,-0.01,13,13182,卖盘
948,13:51:04,10.14,0.0,13,13182,卖盘
949,13:51:12,10.13,-0.01,29,29377,卖盘
950,13:51:15,10.13,0.0,48,48638,卖盘
951,13:51:21,10.1,-0.03,97,98034,卖盘
952,13:51:24,10.1,0.0,7,7070,买盘
953,13:52:00,10.13,0.03,9,9111,买盘
954,13:52:09,10.14,0.01,1,1014,买盘
955,13:52:18,10.14,0.0,26,26364,买盘
956,13:52:21,10.14,0.0,1,1014,买盘
957,13:52:24,10.15,0.01,4,4060,买盘
958,13:52:27,10.15,0.0,3,3045,买盘
959,13:52:46,10.15,0.0,2,2030,买盘
960,13:52:51,10.16,0.01,1,1016,卖盘
961,13:53:00,10.18,0.02,3,3054,买盘
962,13:53:21,10.2,0.02,48,48946,买盘
963,13:53:24,10.21,0.01,18,18378,卖盘
964,13:53:27,10.21,0.0,13,13273,卖盘
965,13:53:30,10.21,0.0,9,9189,卖盘
966,13:53:33,10.21,0.0,49,50029,卖盘
967,13:53:36,10.16,-0.05,93,94908,卖盘
968,13:54:12,10.2,0.04,1,1020,买盘
969,13:54:18,10.21,0.01,201,205125,买盘
970,13:54:33,10.18,-0.03,31,31558,卖盘
971,13:54:45,10.18,0.0,1,1018,卖盘
972,13:54:51,10.18,0.0,48,48864,卖盘
973,13:56:18,10.18,0.0,7,7126,卖盘
974,13:56:30,10.18,0.0,4,4072,卖盘
975,13:56:33,10.17,-0.01,4,4068,卖盘
976,13:57:15,10.18,0.01,111,112998,买盘
977,13:58:04,10.18,0.0,4,4072,买盘
978,13:58:06,10.17,-0.01,22,22374,卖盘
979,13:58:39,10.17,0.0,20,20340,买盘
980,13:58:42,10.17,0.0,19,19323,买盘
981,13:59:30,10.18,0.01,4,4072,买盘
982,13:59:48,10.2,0.02,1,1020,买盘
983,14:00:00,10.2,0.0,9,9180,买盘
984,14:00:12,10.2,0.0,1,1020,卖盘
985,14:00:18,10.2,0.0,3,3060,买盘
986,14:00:21,10.2,0.0,7,7140,卖盘
987,14:00:24,10.18,-0.02,19,19342,卖盘
988,14:00:33,10.21,0.03,10,10210,买盘
989,14:01:00,10.2,-0.01,20,20400,买盘
990,14:02:51,10.19,-0.01,17,17323,买盘
991,14:03:00,10.18,-0.01,10,10180,卖盘
992,14:03:09,10.18,0.0,51,51918,卖盘
993,14:03:21,10.18,0.0,2,2036,卖盘
994,14:03:36,10.18,0.0,10,10180,买盘
995,14:03:45,10.18,0.0,3,3054,买盘
996,14:03:57,10.17,-0.01,3,3051,卖盘
997,14:04:36,10.16,-0.01,8,8128,卖盘
998,14:04:48,10.16,0.0,2,2032,卖盘
999,14:05:24,10.16,0.0,4,4064,卖盘
1000,14:06:00,10.15,-0.01,11,11165,卖盘
1001,14:06:06,10.15,0.0,10,10150,卖盘
1002,14:06:15,10.14,-0.01,1,1014,卖盘
1003,14:06:33,10.14,0.0,7,7098,卖盘
1004,14:06:45,10.13,-0.01,11,11143,卖盘
1005,14:07:00,10.13,0.0,12,12156,卖盘
1006,14:07:04,10.13,0.0,9,9117,卖盘
1007,14:07:12,10.13,0.0,50,50650,卖盘
1008,14:07:27,10.14,0.01,14,14196,买盘
1009,14:07:39,10.13,-0.01,2,2026,卖盘
1010,14:07:48,10.13,0.0,19,19247,买盘
1011,14:07:51,10.13,0.0,14,14182,买盘
1012,14:07:54,10.13,0.0,21,21273,买盘
1013,14:07:57,10.13,0.0,65,65845,买盘
1014,14:08:00,10.14,0.01,47,47658,买盘
1015,14:08:04,10.14,0.0,32,32448,买盘
1016,14:08:06,10.15,0.01,10,10150,买盘
1017,14:08:09,10.15,0.0,6,6090,买盘
1018,14:08:18,10.16,0.01,20,20320,买盘
1019,14:08:48,10.17,0.01,12,12204,买盘
1020,14:08:54,10.17,0.0,10,10170,卖盘
1021,14:09:09,10.17,0.0,15,15255,卖盘
1022,14:09:12,10.17,0.0,80,81360,卖盘
1023,14:09:51,10.16,-0.01,27,27452,卖盘
1024,14:10:03,10.16,0.0,3,3048,卖盘
1025,14:10:27,10.15,-0.01,4,4060,卖盘
1026,14:10:36,10.15,0.0,7,7105,卖盘
1027,14:11:06,10.15,0.0,6,6090,买盘
1028,14:11:24,10.1,-0.05,350,354195,卖盘
1029,14:11:42,10.15,0.05,20,20300,卖盘
1030,14:12:00,10.1,-0.05,197,199095,卖盘
1031,14:12:03,10.1,0.0,16,16160,买盘
1032,14:12:06,10.1,0.0,36,36360,买盘
1033,14:12:09,10.1,0.0,51,51510,买盘
1034,14:12:12,10.15,0.05,10,10150,买盘
1035,14:12:27,10.15,0.0,12,12180,卖盘
1036,14:12:42,10.17,0.02,6,6102,买盘
1037,14:12:45,10.15,-0.02,26,26390,卖盘
1038,14:12:51,10.17,0.02,20,20340,买盘
1039,14:13:18,10.17,0.0,28,28476,买盘
1040,14:13:36,10.16,-0.01,14,14224,买盘
1041,14:13:48,10.16,0.0,1,1016,买盘
1042,14:13:51,10.16,0.0,5,5080,买盘
1043,14:14:54,10.15,-0.01,2,2030,卖盘
1044,14:16:00,10.13,-0.02,51,51679,卖盘
1045,14:16:09,10.13,0.0,22,22286,卖盘
1046,14:16:39,10.16,0.03,36,36576,买盘
1047,14:16:42,10.13,-0.03,3,3039,卖盘
1048,14:17:54,10.14,0.01,10,10140,卖盘
1049,14:18:06,10.14,0.0,30,30420,买盘
1050,14:18:30,10.14,0.0,50,50700,买盘
1051,14:18:33,10.14,0.0,3,3042,买盘
1052,14:18:36,10.14,0.0,2,2028,买盘
1053,14:18:39,10.14,0.0,3,3042,买盘
1054,14:18:42,10.14,0.0,8,8112,买盘
1055,14:18:51,10.14,0.0,39,39594,卖盘
1056,14:19:15,10.16,0.02,171,173733,买盘
1057,14:19:24,10.15,-0.01,20,20300,买盘
1058,14:19:39,10.16,0.01,1,1016,买盘
1059,14:19:45,10.16,0.0,20,20320,买盘
1060,14:19:48,10.16,0.0,1,1016,买盘
1061,14:20:33,10.15,-0.01,17,17255,卖盘
1062,14:21:09,10.15,0.0,1,1015,买盘
1063,14:21:21,10.13,-0.02,68,68910,卖盘
1064,14:22:06,10.14,0.01,20,20280,买盘
1065,14:22:30,10.14,0.0,20,20280,买盘
1066,14:22:49,10.15,0.01,2,2030,买盘
1067,14:23:12,10.15,0.0,10,10150,买盘
1068,14:23:15,10.1,-0.05,200,202191,卖盘
1069,14:24:51,10.14,0.04,10,10140,买盘
1070,14:26:12,10.14,0.0,10,10140,买盘
1071,14:26:16,10.14,0.0,20,20280,买盘
1072,14:26:21,10.14,0.0,4,4056,买盘
1073,14:26:27,10.13,-0.01,40,40536,卖盘
1074,14:26:30,10.14,0.01,9,9126,卖盘
1075,14:26:39,10.15,0.01,1,1015,买盘
1076,14:27:00,10.14,-0.01,6,6084,卖盘
1077,14:28:51,10.14,0.0,9,9126,买盘
1078,14:29:06,10.14,0.0,10,10140,卖盘
1079,14:29:21,10.14,0.0,17,17238,卖盘
1080,14:29:27,10.15,0.01,1,1015,买盘
1081,14:30:30,10.15,0.0,12,12180,买盘
1082,14:31:30,10.15,0.0,10,10150,买盘
1083,14:32:00,10.14,-0.01,4,4056,卖盘
1084,14:32:06,10.14,0.0,57,57798,卖盘
1085,14:32:39,10.14,0.0,1,1014,买盘
1086,14:32:42,10.13,-0.01,5,5065,卖盘
1087,14:32:48,10.13,0.0,1,1013,卖盘
1088,14:32:51,10.13,0.0,46,46598,卖盘
1089,14:32:54,10.13,0.0,110,111330,买盘
1090,14:32:57,10.12,-0.01,2,2024,卖盘
1091,14:33:03,10.11,-0.01,10,10110,卖盘
1092,14:33:18,10.11,0.0,18,18198,卖盘
1093,14:33:36,10.11,0.0,5,5055,卖盘
1094,14:33:39,10.11,0.0,9,9099,卖盘
1095,14:33:57,10.11,0.0,11,11121,卖盘
1096,14:34:12,10.11,0.0,1,1011,买盘
1097,14:34:15,10.11,0.0,9,9099,买盘
1098,14:34:18,10.11,0.0,1,1011,买盘
1099,14:34:21,10.11,0.0,11,11121,买盘
1100,14:34:24,10.11,0.0,3,3033,买盘
1101,14:34:48,10.12,0.01,5,5060,买盘
1102,14:35:00,10.11,-0.01,5,5055,卖盘
1103,14:35:39,10.11,0.0,15,15165,卖盘
1104,14:36:04,10.12,0.01,5,5060,买盘
1105,14:36:06,10.12,0.0,16,16192,买盘
1106,14:36:18,10.12,0.0,1,1012,卖盘
1107,14:36:21,10.12,0.0,5,5060,卖盘
1108,14:36:28,10.11,-0.01,79,79869,卖盘
1109,14:36:30,10.1,-0.01,122,123220,卖盘
1110,14:36:39,10.09,-0.01,52,52469,卖盘
1111,14:36:54,10.1,0.01,4,4040,买盘
1112,14:36:57,10.09,-0.01,12,12108,卖盘
1113,14:37:06,10.1,0.01,5,5050,买盘
1114,14:37:12,10.1,0.0,10,10100,买盘
1115,14:37:15,10.1,0.0,39,39390,买盘
1116,14:37:18,10.1,0.0,52,52520,买盘
1117,14:37:30,10.1,0.0,12,12120,卖盘
1118,14:37:36,10.1,0.0,23,23230,买盘
1119,14:37:40,10.09,-0.01,13,13117,卖盘
1120,14:37:51,10.09,0.0,31,31279,卖盘
1121,14:37:54,10.09,0.0,10,10090,卖盘
1122,14:37:57,10.1,0.01,10,10100,买盘
1123,14:38:00,10.09,-0.01,50,50450,卖盘
1124,14:38:04,10.1,0.01,2,2020,买盘
1125,14:38:36,10.09,-0.01,44,44410,卖盘
1126,14:38:39,10.1,0.01,35,35350,买盘
1127,14:38:48,10.1,0.0,55,55550,买盘
1128,14:38:57,10.1,0.0,55,55550,买盘
1129,14:39:00,10.1,0.0,42,42420,买盘
1130,14:39:04,10.1,0.0,27,27270,买盘
1131,14:39:39,10.09,-0.01,275,277624,卖盘
1132,14:39:45,10.09,0.0,5,5045,买盘
1133,14:39:48,10.09,0.0,95,95855,买盘
1134,14:39:54,10.09,0.0,3,3027,买盘
1135,14:39:57,10.09,0.0,22,22198,买盘
1136,14:40:06,10.09,0.0,2,2018,卖盘
1137,14:40:21,10.09,0.0,9,9081,卖盘
1138,14:40:36,10.1,0.01,7,7070,买盘
1139,14:40:42,10.1,0.0,40,40400,买盘
1140,14:40:54,10.1,0.0,77,77770,买盘
1141,14:41:00,10.1,0.0,56,56560,买盘
1142,14:41:04,10.1,0.0,42,42388,买盘
1143,14:41:06,10.1,0.0,45,45450,买盘
1144,14:41:09,10.1,0.0,28,28280,买盘
1145,14:41:15,10.1,0.0,36,36360,买盘
1146,14:41:24,10.1,0.0,29,29290,买盘
1147,14:41:30,10.11,0.01,22,22222,买盘
1148,14:41:39,10.1,-0.01,92,92920,卖盘
1149,14:41:42,10.1,0.0,7,7070,买盘
1150,14:41:45,10.1,0.0,26,26260,买盘
1151,14:41:54,10.1,0.0,22,22220,买盘
1152,14:41:58,10.1,0.0,41,41410,卖盘
1153,14:42:04,10.1,0.0,9,9090,买盘
1154,14:42:06,10.1,0.0,5,5050,卖盘
1155,14:42:09,10.1,0.0,5,5050,买盘
1156,14:42:21,10.1,0.0,5,5050,卖盘
1157,14:42:30,10.1,0.0,26,26260,买盘
1158,14:42:33,10.09,-0.01,32,32288,卖盘
1159,14:42:42,10.1,0.01,2,2020,买盘
1160,14:42:48,10.09,-0.01,8,8072,卖盘
1161,14:42:54,10.09,0.0,61,61549,卖盘
1162,14:43:00,10.09,0.0,21,21189,卖盘
1163,14:43:04,10.09,0.0,35,35315,卖盘
1164,14:43:06,10.09,0.0,6,6054,买盘
1165,14:43:15,10.08,-0.01,65,65520,卖盘
1166,14:43:18,10.08,0.0,35,35280,买盘
1167,14:43:21,10.09,0.01,6,6054,卖盘
1168,14:43:25,10.09,0.0,26,26234,卖盘
1169,14:43:42,10.09,0.0,74,74666,买盘
1170,14:43:51,10.1,0.01,33,33330,买盘
1171,14:43:54,10.09,-0.01,50,50450,卖盘
1172,14:44:00,10.1,0.01,60,60600,买盘
1173,14:44:04,10.1,0.0,7,7070,买盘
1174,14:44:06,10.09,-0.01,67,67603,卖盘
1175,14:44:09,10.09,0.0,16,16144,买盘
1176,14:44:12,10.09,0.0,1,1009,买盘
1177,14:44:18,10.09,0.0,5,5045,买盘
1178,14:44:21,10.08,-0.01,2,2016,卖盘
1179,14:44:24,10.08,0.0,105,105840,卖盘
1180,14:44:27,10.08,0.0,36,36288,卖盘
1181,14:44:36,10.08,0.0,3,3024,买盘
1182,14:44:45,10.08,0.0,40,40320,买盘
1183,14:44:55,10.08,0.0,12,12096,买盘
1184,14:45:00,10.08,0.0,6,6048,卖盘
1185,14:45:04,10.08,0.0,2,2016,卖盘
1186,14:45:12,10.09,0.01,2,2018,买盘
1187,14:45:30,10.07,-0.02,110,110788,卖盘
1188,14:45:34,10.07,0.0,25,25175,买盘
1189,14:45:36,10.07,0.0,15,15105,买盘
1190,14:45:48,10.07,0.0,12,12085,卖盘
1191,14:45:54,10.09,0.02,4,4036,买盘
1192,14:46:12,10.09,0.0,7,7063,买盘
1193,14:46:18,10.09,0.0,12,12108,买盘
1194,14:46:21,10.09,0.0,4,4036,买盘
1195,14:46:24,10.09,0.0,2,2018,买盘
1196,14:46:27,10.09,0.0,91,91819,卖盘
1197,14:46:30,10.09,0.0,1,1009,买盘
1198,14:46:33,10.09,0.0,8,8072,买盘
1199,14:46:42,10.1,0.01,2,2020,买盘
1200,14:46:45,10.1,0.0,4,4040,买盘
1201,14:46:57,10.1,0.0,241,243410,买盘
1202,14:47:00,10.1,0.0,11,11110,买盘
1203,14:47:04,10.1,0.0,8,8080,买盘
1204,14:47:09,10.1,0.0,100,101000,买盘
1205,14:47:12,10.1,0.0,8,8080,买盘
1206,14:47:15,10.1,0.0,32,32320,买盘
1207,14:47:18,10.1,0.0,17,17170,买盘
1208,14:47:21,10.1,0.0,44,44440,买盘
1209,14:47:24,10.1,0.0,13,13130,买盘
1210,14:47:27,10.1,0.0,12,12120,买盘
1211,14:47:30,10.1,0.0,59,59590,买盘
1212,14:47:36,10.1,0.0,6,6060,买盘
1213,14:47:39,10.1,0.0,30,30272,买盘
1214,14:48:03,10.1,0.0,11,11110,买盘
1215,14:48:07,10.1,0.0,49,49490,买盘
1216,14:48:15,10.1,0.0,11,11110,买盘
1217,14:48:24,10.1,0.0,11,11110,买盘
1218,14:48:27,10.09,-0.01,13,13117,卖盘
1219,14:48:30,10.1,0.01,4,4040,买盘
1220,14:48:39,10.1,0.0,3,3030,买盘
1221,14:48:42,10.1,0.0,98,98980,买盘
1222,14:49:09,10.11,0.01,10,10110,买盘
1223,14:49:13,10.11,0.0,10,10110,买盘
1224,14:49:27,10.12,0.01,116,117386,买盘
1225,14:49:46,10.13,0.01,47,47606,买盘
1226,14:49:51,10.13,0.0,18,18234,卖盘
1227,14:49:54,10.13,0.0,16,16208,卖盘
1228,14:50:03,10.11,-0.02,13,13143,卖盘
1229,14:50:24,10.11,0.0,7,7077,卖盘
1230,14:50:33,10.1,-0.01,14,14140,卖盘
1231,14:50:45,10.1,0.0,2,2020,卖盘
1232,14:51:39,10.12,0.02,7,7084,买盘
1233,14:51:42,10.12,0.0,104,105248,买盘
1234,14:51:45,10.13,0.01,2,2026,买盘
1235,14:52:06,10.13,0.0,51,51663,买盘
1236,14:52:19,10.13,0.0,36,36438,买盘
1237,14:52:24,10.13,0.0,10,10130,买盘
1238,14:52:30,10.12,-0.01,4,4048,卖盘
1239,14:52:36,10.13,0.01,3,3039,买盘
1240,14:52:42,10.13,0.0,6,6078,卖盘
1241,14:52:48,10.13,0.0,7,7091,卖盘
1242,14:52:51,10.13,0.0,35,35455,卖盘
1243,14:52:54,10.12,-0.01,5,5060,卖盘
1244,14:53:06,10.13,0.01,2,2026,买盘
1245,14:53:12,10.13,0.0,10,10130,买盘
1246,14:53:15,10.14,0.01,254,257522,买盘
1247,14:53:24,10.14,0.0,26,26364,卖盘
1248,14:53:33,10.15,0.01,76,77127,买盘
1249,14:53:36,10.15,0.0,33,33495,买盘
1250,14:53:45,10.15,0.0,2,2030,卖盘
1251,14:53:48,10.14,-0.01,19,19277,卖盘
1252,14:53:51,10.14,0.0,17,17238,卖盘
1253,14:53:54,10.16,0.02,28,28448,买盘
1254,14:53:57,10.16,0.0,5,5080,卖盘
1255,14:54:06,10.12,-0.04,14,14182,卖盘
1256,14:54:18,10.13,0.01,2,2026,卖盘
1257,14:54:28,10.13,0.0,93,94211,卖盘
1258,14:54:48,10.14,0.01,49,49673,买盘
1259,14:54:51,10.14,0.0,13,13182,卖盘
1260,14:54:54,10.14,0.0,21,21294,卖盘
1261,14:55:12,10.14,0.0,3,3042,买盘
1262,14:55:24,10.14,0.0,12,12168,买盘
1263,14:55:34,10.14,0.0,11,11154,买盘
1264,14:55:36,10.14,0.0,28,28392,买盘
1265,14:55:39,10.14,0.0,1,1014,买盘
1266,14:55:42,10.14,0.0,13,13182,买盘
1267,14:55:51,10.14,0.0,1,1014,买盘
1268,14:56:00,10.15,0.01,10,10145,买盘
1269,14:56:03,10.14,-0.01,9,9126,卖盘
1270,14:56:06,10.14,0.0,20,20280,卖盘
1271,14:56:12,10.15,0.01,76,77140,买盘
1272,14:56:18,10.15,0.0,4,4060,卖盘
1273,14:56:22,10.15,0.0,3,3045,卖盘
1274,14:56:24,10.15,0.0,11,11165,买盘
1275,14:56:31,10.17,0.02,267,271289,买盘
1276,14:56:33,10.15,-0.02,5,5075,卖盘
1277,14:56:42,10.15,0.0,16,16240,卖盘
1278,14:56:48,10.17,0.02,18,18306,买盘
1279,14:56:51,10.15,-0.02,5,5075,卖盘
1280,14:56:57,10.17,0.02,72,73224,买盘
1281,14:57:00,10.17,0.0,58,58986,卖盘
1282,15:00:04,10.19,0.02,1109,1130071,卖盘
