,time,price,change,volume,amount,type
0,09:30:04,10.33,-0.16,12,12388,中性盘
1,09:30:21,10.46,0.13,14,14644,买盘
2,09:30:40,10.44,-0.02,1,1044,买盘
3,09:30:46,10.35,-0.09,23,23836,卖盘
4,09:30:49,10.35,0.0,6,6210,买盘
5,09:30:55,10.35,0.0,10,10350,买盘
6,09:30:58,10.35,0.0,1,1035,买盘
7,09:31:01,10.35,0.0,2,2069,买盘
8,09:31:04,10.35,0.0,14,14490,买盘
9,09:31:06,10.35,0.0,1,1035,买盘
10,09:31:10,10.35,0.0,5,5175,买盘
11,09:31:13,10.35,0.0,2,2070,买盘
12,09:31:28,10.35,0.0,9,9315,买盘
13,09:31:31,10.41,0.06,1,1041,买盘
14,09:32:37,10.37,-0.04,1,1037,买盘
15,09:32:39,10.36,-0.01,6,6219,卖盘
16,09:32:45,10.39,0.03,24,24936,买盘
17,09:32:52,10.36,-0.03,6,6216,卖盘
18,09:33:01,10.36,0.0,3,3108,卖盘
19,09:33:19,10.36,0.0,43,44548,买盘
20,09:33:22,10.36,0.0,1,1036,买盘
21,09:33:28,10.36,0.0,8,8288,买盘
22,09:33:49,10.36,0.0,12,12432,卖盘
23,09:33:52,10.37,0.01,1,1037,买盘
24,09:33:57,10.35,-0.02,69,71507,卖盘
25,09:34:01,10.4,0.05,1,1040,买盘
26,09:34:25,10.39,-0.01,3,3117,买盘
27,09:35:01,10.39,0.0,10,10390,买盘
28,09:35:04,10.39,0.0,2,2078,买盘
29,09:35:10,10.39,0.0,2,2078,买盘
30,09:35:25,10.37,-0.02,8,8296,卖盘
31,09:35:28,10.37,0.0,1,1037,买盘
32,09:35:37,10.37,0.0,5,5185,买盘
33,09:35:52,10.37,0.0,10,10370,买盘
34,09:35:55,10.37,0.0,1,1037,买盘
35,09:36:10,10.37,0.0,9,9333,买盘
36,09:36:28,10.36,-0.01,9,9324,卖盘
37,09:36:31,10.36,0.0,7,7252,卖盘
38,09:36:34,10.36,0.0,5,5180,卖盘
39,09:36:37,10.37,0.01,1,1037,买盘
40,09:36:39,10.36,-0.01,9,9324,卖盘
41,09:36:49,10.37,0.01,1,1037,买盘
42,09:37:04,10.37,0.0,30,31100,买盘
43,09:37:09,10.37,0.0,2,2074,买盘
44,09:37:43,10.36,-0.01,4,4144,卖盘
45,09:37:45,10.37,0.01,9,9333,买盘
46,09:37:49,10.38,0.01,2,2075,买盘
47,09:37:52,10.37,-0.01,1,1037,卖盘
48,09:37:55,10.37,0.0,1,1037,卖盘
49,09:37:57,10.37,0.0,1,1037,卖盘
50,09:38:01,10.37,0.0,8,8296,卖盘
51,09:38:04,10.37,0.0,1,1037,卖盘
52,09:38:07,10.36,-0.01,7,7252,卖盘
53,09:38:10,10.36,0.0,8,8288,卖盘
54,09:38:13,10.37,0.01,100,103700,买盘
55,09:38:16,10.38,0.01,5,5184,买盘
56,09:38:21,10.38,0.0,2,2076,买盘
57,09:38:28,10.38,0.0,3,3114,买盘
58,09:38:40,10.38,0.0,2,2076,买盘
59,09:38:43,10.38,0.0,2,2076,买盘
60,09:38:54,10.37,-0.01,14,14520,卖盘
61,09:39:07,10.37,0.0,7,7259,买盘
62,09:39:21,10.38,0.01,4,4152,中性盘
63,09:39:33,10.37,-0.01,2,2074,卖盘
64,09:39:40,10.38,0.01,13,13494,买盘
65,09:39:55,10.38,0.0,8,8304,买盘
66,09:39:58,10.38,0.0,1,1038,买盘
67,09:40:01,10.36,-0.02,59,61146,卖盘
68,09:40:04,10.36,0.0,2,2071,买盘
69,09:40:10,10.36,0.0,27,27972,买盘
70,09:40:13,10.36,0.0,11,11396,买盘
71,09:40:16,10.38,0.02,1,1038,买盘
72,09:40:31,10.36,-0.02,8,8288,卖盘
73,09:40:40,10.37,0.01,2,2073,买盘
74,09:40:43,10.36,-0.01,10,10360,卖盘
75,09:40:48,10.36,0.0,1,1036,买盘
76,09:41:04,10.35,-0.01,69,71416,卖盘
77,09:41:07,10.35,0.0,27,27919,买盘
78,09:41:10,10.34,-0.01,16,16544,卖盘
79,09:41:16,10.32,-0.02,20,20649,卖盘
80,09:41:19,10.33,0.01,1,1033,中性盘
81,09:41:22,10.33,0.0,1,1033,买盘
82,09:41:28,10.33,0.0,2,2066,买盘
83,09:41:31,10.32,-0.01,2,2064,卖盘
84,09:41:33,10.33,0.01,1,1033,买盘
85,09:41:36,10.33,0.0,4,4132,买盘
86,09:42:04,10.33,0.0,19,19639,卖盘
87,09:43:04,10.37,0.04,1,1037,买盘
88,09:43:13,10.37,0.0,5,5185,买盘
89,09:43:31,10.35,-0.02,10,10350,卖盘
90,09:43:34,10.37,0.02,1,1037,买盘
91,09:43:43,10.35,-0.02,4,4140,卖盘
92,09:44:06,10.36,0.01,5,5180,卖盘
93,09:44:10,10.37,0.01,7,7259,买盘
94,09:44:21,10.36,-0.01,45,46620,卖盘
95,09:44:25,10.35,-0.01,12,12421,卖盘
96,09:44:28,10.36,0.01,3,3108,买盘
97,09:44:42,10.36,0.0,8,8288,买盘
98,09:44:49,10.36,0.0,13,13468,卖盘
99,09:44:52,10.37,0.01,1,1037,买盘
100,09:44:55,10.37,0.0,8,8296,买盘
101,09:45:13,10.37,0.0,2,2074,买盘
102,09:45:19,10.36,-0.01,6,6216,卖盘
103,09:45:28,10.36,0.0,5,5180,卖盘
104,09:46:01,10.36,0.0,45,46620,卖盘
105,09:46:04,10.36,0.0,1,1036,买盘
106,09:46:19,10.36,0.0,31,32116,买盘
107,09:46:22,10.37,0.01,1,1037,买盘
108,09:46:52,10.37,0.0,24,24888,买盘
109,09:47:28,10.37,0.0,1,1037,买盘
110,09:47:42,10.37,0.0,16,16592,买盘
111,09:47:46,10.37,0.0,1,1037,买盘
112,09:48:07,10.37,0.0,10,10370,买盘
113,09:48:22,10.38,0.01,2,2075,买盘
114,09:48:43,10.37,-0.01,7,7259,卖盘
115,09:48:46,10.38,0.01,2,2076,买盘
116,09:48:49,10.38,0.0,13,13494,买盘
117,09:48:57,10.38,0.0,31,32178,买盘
118,09:49:01,10.38,0.0,1,1038,买盘
119,09:49:04,10.38,0.0,35,36330,买盘
120,09:49:07,10.38,0.0,1,1038,买盘
121,09:49:16,10.38,0.0,19,19722,买盘
122,09:49:22,10.38,0.0,6,6228,卖盘
123,09:49:25,10.39,0.01,4,4156,买盘
124,09:49:27,10.39,0.0,1,1039,卖盘
125,09:49:37,10.4,0.01,72,74880,买盘
126,09:49:40,10.41,0.01,2,2082,买盘
127,09:49:55,10.4,-0.01,6,6240,卖盘
128,09:50:09,10.4,0.0,10,10400,卖盘
129,09:50:28,10.41,0.01,5,5205,买盘
130,09:50:52,10.44,0.03,2,2088,买盘
131,09:51:07,10.44,0.0,3,3132,买盘
132,09:51:09,10.44,0.0,1,1044,卖盘
133,09:51:16,10.44,0.0,1,1044,卖盘
134,09:51:43,10.42,-0.02,1,1042,买盘
135,09:52:12,10.42,0.0,2,2084,买盘
136,09:52:22,10.42,0.0,1,1042,买盘
137,09:52:34,10.42,0.0,17,17714,买盘
138,09:52:36,10.43,0.01,1,1043,买盘
139,09:52:40,10.46,0.03,12,12547,买盘
140,09:52:46,10.46,0.0,1,1046,买盘
141,09:52:49,10.46,0.0,1,1046,买盘
142,09:53:13,10.45,-0.01,2,2090,买盘
143,09:53:28,10.45,0.0,10,10450,买盘
144,09:53:30,10.45,0.0,2,2090,买盘
145,09:53:37,10.45,0.0,1,1045,卖盘
146,09:53:46,10.46,0.01,4,4184,买盘
147,09:53:57,10.45,-0.01,21,21973,卖盘
148,09:54:01,10.47,0.02,1,1047,买盘
149,09:54:07,10.47,0.0,3,3141,买盘
150,09:54:45,10.47,0.0,25,26175,买盘
151,09:54:55,10.46,-0.01,17,17782,中性盘
152,09:54:57,10.46,0.0,1,1046,买盘
153,09:55:04,10.46,0.0,2,2092,买盘
154,09:55:07,10.46,0.0,1,1046,卖盘
155,09:55:52,10.47,0.01,1,1047,买盘
156,09:56:01,10.47,0.0,2,2094,买盘
157,09:56:10,10.47,0.0,4,4188,买盘
158,09:56:19,10.48,0.01,39,40872,买盘
159,09:56:22,10.49,0.01,1,1049,买盘
160,09:56:39,10.48,-0.01,9,9432,卖盘
161,09:56:42,10.48,0.0,33,34613,卖盘
162,09:56:46,10.48,0.0,20,20960,卖盘
163,09:56:49,10.48,0.0,6,6288,买盘
164,09:56:58,10.48,0.0,5,5240,买盘
165,09:57:00,10.47,-0.01,5,5235,卖盘
166,09:57:07,10.47,0.0,4,4188,买盘
167,09:57:09,10.47,0.0,1,1047,买盘
168,09:57:31,10.46,-0.01,3,3138,卖盘
169,09:58:16,10.45,-0.01,20,20913,卖盘
170,09:58:19,10.47,0.02,1,1047,买盘
171,09:58:28,10.45,-0.02,10,10450,卖盘
172,09:58:36,10.45,0.0,7,7315,卖盘
173,09:59:10,10.44,-0.01,6,6264,卖盘
174,09:59:37,10.43,-0.01,2,2086,卖盘
175,10:00:04,10.43,0.0,1,1043,卖盘
176,10:00:40,10.44,0.01,1,1044,中性盘
177,10:00:46,10.43,-0.01,3,3129,卖盘
178,10:00:49,10.45,0.02,1,1045,买盘
179,10:01:34,10.43,-0.02,14,14602,卖盘
180,10:01:43,10.43,0.0,1,1043,买盘
181,10:01:45,10.42,-0.01,1,1042,卖盘
182,10:01:48,10.42,0.0,2,2084,卖盘
183,10:01:51,10.42,0.0,3,3126,卖盘
184,10:01:55,10.42,0.0,1,1042,卖盘
185,10:01:57,10.41,-0.01,6,6246,卖盘
186,10:02:04,10.41,0.0,2,2082,卖盘
187,10:02:27,10.41,0.0,7,7287,卖盘
188,10:02:31,10.41,0.0,1,1041,买盘
189,10:02:40,10.41,0.0,1,1041,买盘
190,10:03:19,10.4,-0.01,2,2080,卖盘
191,10:03:43,10.41,0.01,1,1041,买盘
192,10:04:16,10.41,0.0,10,10410,买盘
193,10:04:36,10.41,0.0,1,1041,买盘
194,10:04:39,10.41,0.0,1,1041,买盘
195,10:04:46,10.4,-0.01,1,1040,卖盘
196,10:04:52,10.4,0.0,1,1040,卖盘
197,10:05:04,10.4,0.0,1,1040,卖盘
198,10:05:07,10.4,0.0,52,54080,卖盘
199,10:05:10,10.4,0.0,2,2080,买盘
200,10:05:40,10.4,0.0,1,1040,买盘
201,10:05:55,10.39,-0.01,2,2078,卖盘
202,10:05:58,10.4,0.01,5,5200,买盘
203,10:06:04,10.4,0.0,2,2080,卖盘
204,10:06:28,10.41,0.01,1,1041,买盘
205,10:06:40,10.41,0.0,2,2081,买盘
206,10:06:49,10.41,0.0,1,1041,买盘
207,10:07:13,10.4,-0.01,2,2080,卖盘
208,10:07:16,10.4,0.0,3,3120,卖盘
209,10:07:19,10.4,0.0,1,1040,买盘
210,10:07:27,10.4,0.0,3,3120,卖盘
211,10:07:42,10.39,-0.01,10,10391,卖盘
212,10:08:10,10.39,0.0,10,10390,卖盘
213,10:08:22,10.39,0.0,3,3117,卖盘
214,10:08:31,10.38,-0.01,1,1038,卖盘
215,10:08:40,10.39,0.01,1,1039,买盘
216,10:08:42,10.38,-0.01,38,39444,卖盘
217,10:08:46,10.39,0.01,2,2078,买盘
218,10:09:01,10.38,-0.01,20,20760,卖盘
219,10:09:04,10.38,0.0,1,1038,卖盘
220,10:09:09,10.38,0.0,2,2076,卖盘
221,10:09:16,10.38,0.0,4,4152,卖盘
222,10:09:39,10.38,0.0,1,1038,买盘
223,10:10:10,10.38,0.0,3,3114,买盘
224,10:10:13,10.38,0.0,1,1038,买盘
225,10:10:31,10.37,-0.01,30,31112,卖盘
226,10:10:34,10.37,0.0,1,1037,买盘
227,10:10:39,10.37,0.0,1,1037,买盘
228,10:11:04,10.37,0.0,8,8296,买盘
229,10:11:18,10.37,0.0,1,1037,买盘
230,10:11:22,10.36,-0.01,54,55944,卖盘
231,10:11:25,10.38,0.02,2,2075,买盘
232,10:11:40,10.38,0.0,1,1038,买盘
233,10:12:40,10.37,-0.01,1,1037,买盘
234,10:12:51,10.36,-0.01,1,1036,卖盘
235,10:12:54,10.37,0.01,7,7253,买盘
236,10:13:01,10.37,0.0,1,1037,卖盘
237,10:13:04,10.37,0.0,1,1037,卖盘
238,10:13:06,10.37,0.0,14,14518,卖盘
239,10:13:25,10.38,0.01,6,6228,买盘
240,10:13:28,10.41,0.03,1,1041,买盘
241,10:14:25,10.37,-0.04,4,4151,卖盘
242,10:14:34,10.37,0.0,13,13481,卖盘
243,10:15:34,10.37,0.0,2,2074,买盘
244,10:15:55,10.37,0.0,2,2074,买盘
245,10:16:25,10.37,0.0,13,13481,买盘
246,10:16:28,10.37,0.0,1,1037,买盘
247,10:16:43,10.37,0.0,7,7259,买盘
248,10:17:01,10.37,0.0,7,7259,买盘
249,10:17:04,10.37,0.0,6,6222,买盘
250,10:17:28,10.37,0.0,17,17629,买盘
251,10:17:31,10.37,0.0,1,1037,买盘
252,10:17:46,10.37,0.0,1,1037,买盘
253,10:18:45,10.37,0.0,16,16592,买盘
254,10:19:04,10.37,0.0,2,2074,卖盘
255,10:19:49,10.38,0.01,2,2076,买盘
256,10:20:04,10.38,0.0,6,6228,卖盘
257,10:20:07,10.38,0.0,1,1038,买盘
258,10:21:04,10.37,-0.01,1,1037,卖盘
259,10:21:30,10.37,0.0,1,1037,卖盘
260,10:21:34,10.38,0.01,8,8304,买盘
261,10:21:46,10.38,0.0,21,21798,卖盘
262,10:21:49,10.38,0.0,1,1038,买盘
263,10:21:58,10.38,0.0,1,1038,买盘
264,10:22:07,10.38,0.0,20,20760,买盘
265,10:22:24,10.39,0.01,1,1039,买盘
266,10:23:16,10.38,-0.01,1,1038,买盘
267,10:23:31,10.37,-0.01,15,15555,卖盘
268,10:23:33,10.38,0.01,1,1038,买盘
269,10:24:12,10.38,0.0,1,1038,买盘
270,10:26:04,10.38,0.0,5,5190,买盘
271,10:26:27,10.38,0.0,2,2076,买盘
272,10:26:49,10.38,0.0,11,11418,买盘
273,10:27:30,10.39,0.01,35,36365,买盘
274,10:27:33,10.4,0.01,1,1040,买盘
275,10:27:37,10.4,0.0,3,3120,买盘
276,10:27:40,10.4,0.0,2,2080,买盘
277,10:28:07,10.4,0.0,1,1040,买盘
278,10:29:04,10.4,0.0,2,2080,卖盘
279,10:29:37,10.41,0.01,3,3123,买盘
280,10:29:39,10.46,0.05,1,1046,买盘
281,10:30:10,10.46,0.0,2,2092,买盘
282,10:30:19,10.41,-0.05,15,15615,卖盘
283,10:30:22,10.41,0.0,4,4164,买盘
284,10:30:43,10.41,0.0,1,1041,买盘
285,10:30:46,10.41,0.0,1,1041,买盘
286,10:30:48,10.4,-0.01,7,7283,卖盘
287,10:31:04,10.4,0.0,1,1040,卖盘
288,10:31:24,10.4,0.0,1,1040,卖盘
289,10:32:04,10.4,0.0,2,2080,卖盘
290,10:32:43,10.41,0.01,1,1041,买盘
291,10:32:45,10.41,0.0,13,13533,买盘
292,10:32:49,10.46,0.05,9,9403,买盘
293,10:32:52,10.46,0.0,1,1046,买盘
294,10:32:55,10.46,0.0,2,2092,买盘
295,10:33:43,10.46,0.0,36,37656,买盘
296,10:33:46,10.47,0.01,2,2093,中性盘
297,10:33:49,10.46,-0.01,8,8368,卖盘
298,10:33:52,10.46,0.0,14,14644,卖盘
299,10:33:55,10.46,0.0,13,13598,卖盘
300,10:33:57,10.47,0.01,1,1047,买盘
301,10:34:58,10.47,0.0,23,24081,买盘
302,10:35:00,10.47,0.0,1,1047,买盘
303,10:35:03,10.47,0.0,1,1047,买盘
304,10:35:07,10.47,0.0,2,2094,买盘
305,10:35:10,10.42,-0.05,31,32302,卖盘
306,10:35:12,10.42,0.0,2,2084,买盘
307,10:35:22,10.41,-0.01,4,4164,卖盘
308,10:36:04,10.41,0.0,2,2082,卖盘
309,10:37:04,10.41,0.0,1,1041,卖盘
310,10:37:13,10.41,0.0,1,1041,卖盘
311,10:38:04,10.42,0.01,4,4166,买盘
312,10:38:10,10.41,-0.01,1,1041,卖盘
313,10:38:25,10.41,0.0,18,18738,卖盘
314,10:38:28,10.41,0.0,1,1041,买盘
315,10:38:36,10.4,-0.01,1,1040,卖盘
316,10:38:45,10.4,0.0,1,1040,卖盘
317,10:39:04,10.4,0.0,4,4160,卖盘
318,10:39:12,10.4,0.0,9,9360,卖盘
319,10:40:04,10.4,0.0,3,3120,卖盘
320,10:41:04,10.4,0.0,1,1040,卖盘
321,10:41:48,10.4,0.0,1,1040,卖盘
322,10:41:55,10.4,0.0,10,10400,卖盘
323,10:41:58,10.41,0.01,1,1041,买盘
324,10:42:04,10.41,0.0,1,1041,买盘
325,10:42:13,10.41,0.0,3,3123,买盘
326,10:42:28,10.41,0.0,13,13533,买盘
327,10:43:43,10.41,0.0,2,2082,买盘
328,10:43:45,10.4,-0.01,1,1040,卖盘
329,10:43:52,10.4,0.0,1,1040,卖盘
330,10:44:04,10.4,0.0,2,2080,卖盘
331,10:44:22,10.4,0.0,1,1040,卖盘
332,10:44:34,10.41,0.01,3,3123,买盘
333,10:45:54,10.41,0.0,1,1041,买盘
334,10:45:57,10.41,0.0,1,1041,买盘
335,10:46:04,10.41,0.0,3,3123,买盘
336,10:46:19,10.4,-0.01,1,1040,卖盘
337,10:47:04,10.4,0.0,2,2080,卖盘
338,10:47:24,10.4,0.0,5,5200,卖盘
339,10:48:04,10.4,0.0,1,1040,卖盘
340,10:48:48,10.4,0.0,30,31200,卖盘
341,10:48:52,10.4,0.0,2,2081,卖盘
342,10:49:00,10.4,0.0,1,1040,卖盘
343,10:49:03,10.4,0.0,2,2080,卖盘
344,10:49:48,10.4,0.0,1,1040,卖盘
345,10:50:04,10.4,0.0,1,1040,卖盘
346,10:50:10,10.4,0.0,4,4160,卖盘
347,10:50:37,10.4,0.0,2,2080,卖盘
348,10:51:04,10.4,0.0,2,2080,卖盘
349,10:51:15,10.4,0.0,1,1040,卖盘
350,10:51:18,10.4,0.0,1,1040,卖盘
351,10:51:37,10.4,0.0,1,1040,卖盘
352,10:51:54,10.4,0.0,2,2080,卖盘
353,10:51:58,10.4,0.0,15,15600,卖盘
354,10:52:01,10.39,-0.01,7,7273,卖盘
355,10:52:04,10.38,-0.01,3,3114,卖盘
356,10:52:07,10.38,0.0,10,10380,卖盘
357,10:52:09,10.38,0.0,2,2076,卖盘
358,10:52:12,10.38,0.0,9,9334,买盘
359,10:52:16,10.37,-0.01,3,3111,卖盘
360,10:52:19,10.37,0.0,1,1037,卖盘
361,10:52:34,10.37,0.0,9,9333,卖盘
362,10:52:40,10.37,0.0,7,7259,卖盘
363,10:52:55,10.34,-0.03,104,107665,卖盘
364,10:52:58,10.35,0.01,4,4140,买盘
365,10:53:06,10.34,-0.01,1,1034,卖盘
366,10:53:12,10.34,0.0,32,33088,卖盘
367,10:53:15,10.35,0.01,8,8273,买盘
368,10:53:21,10.34,-0.01,5,5171,卖盘
369,10:53:27,10.34,0.0,5,5170,买盘
370,10:53:36,10.34,0.0,5,5170,卖盘
371,10:54:09,10.34,0.0,8,8272,买盘
372,10:54:12,10.34,0.0,1,1034,买盘
373,10:54:28,10.33,-0.01,1,1033,卖盘
374,10:54:31,10.34,0.01,1,1034,买盘
375,10:54:45,10.33,-0.01,1,1033,卖盘
376,10:54:49,10.34,0.01,4,4136,买盘
377,10:54:51,10.32,-0.02,138,142465,卖盘
378,10:54:55,10.34,0.02,4,4130,买盘
379,10:55:06,10.34,0.0,2,2068,买盘
380,10:55:22,10.33,-0.01,7,7231,买盘
381,10:55:34,10.34,0.01,50,51700,买盘
382,10:55:37,10.35,0.01,53,54804,买盘
383,10:55:40,10.35,0.0,2,2070,买盘
384,10:55:52,10.35,0.0,4,4140,买盘
385,10:56:00,10.35,0.0,5,5175,买盘
386,10:56:39,10.35,0.0,19,19665,买盘
387,10:56:43,10.35,0.0,2,2070,买盘
388,10:56:46,10.35,0.0,3,3105,买盘
389,10:56:55,10.34,-0.01,8,8272,卖盘
390,10:56:57,10.35,0.01,1,1035,买盘
391,10:57:22,10.34,-0.01,5,5170,卖盘
392,10:57:37,10.35,0.01,6,6210,买盘
393,10:57:54,10.34,-0.01,3,3102,卖盘
394,10:58:04,10.34,0.0,1,1034,卖盘
395,10:58:51,10.34,0.0,55,56870,卖盘
396,10:58:54,10.34,0.0,2,2068,买盘
397,10:58:57,10.34,0.0,1,1034,买盘
398,10:59:04,10.33,-0.01,2,2066,卖盘
399,10:59:30,10.33,0.0,61,63013,卖盘
400,10:59:33,10.33,0.0,2,2066,买盘
401,10:59:37,10.32,-0.01,1,1032,卖盘
402,10:59:39,10.32,0.0,11,11352,卖盘
403,10:59:45,10.32,0.0,31,31992,买盘
404,10:59:49,10.33,0.01,3,3098,买盘
405,10:59:58,10.32,-0.01,7,7224,卖盘
406,11:00:07,10.32,0.0,4,4128,卖盘
407,11:00:18,10.32,0.0,1,1032,卖盘
408,11:00:28,10.32,0.0,3,3096,卖盘
409,11:00:34,10.33,0.01,6,6198,买盘
410,11:00:37,10.33,0.0,16,16528,卖盘
411,11:00:43,10.33,0.0,10,10330,卖盘
412,11:00:46,10.34,0.01,1,1034,买盘
413,11:01:01,10.34,0.0,1,1034,卖盘
414,11:01:22,10.33,-0.01,73,75409,卖盘
415,11:01:24,10.33,0.0,10,10322,买盘
416,11:01:27,10.32,-0.01,3,3096,卖盘
417,11:01:31,10.32,0.0,2,2064,卖盘
418,11:01:34,10.32,0.0,4,4128,卖盘
419,11:01:37,10.32,0.0,2,2064,卖盘
420,11:01:40,10.32,0.0,3,3096,卖盘
421,11:01:43,10.33,0.01,5,5161,买盘
422,11:01:46,10.32,-0.01,2,2064,卖盘
423,11:01:48,10.32,0.0,2,2064,卖盘
424,11:01:52,10.33,0.01,8,8261,买盘
425,11:01:55,10.32,-0.01,35,36120,卖盘
426,11:01:58,10.32,0.0,22,22684,买盘
427,11:02:01,10.31,-0.01,8,8248,卖盘
428,11:02:04,10.31,0.0,17,17527,卖盘
429,11:02:07,10.31,0.0,34,35055,卖盘
430,11:02:10,10.31,0.0,29,29881,卖盘
431,11:02:22,10.31,0.0,19,19589,买盘
432,11:02:25,10.31,0.0,2,2062,买盘
433,11:02:34,10.31,0.0,4,4124,买盘
434,11:02:40,10.31,0.0,2,2062,买盘
435,11:03:16,10.31,0.0,10,10310,卖盘
436,11:03:19,10.31,0.0,2,2062,买盘
437,11:03:31,10.3,-0.01,18,18540,卖盘
438,11:03:54,10.3,0.0,20,20600,卖盘
439,11:03:57,10.31,0.01,1,1031,买盘
440,11:04:04,10.31,0.0,100,103100,卖盘
441,11:04:07,10.31,0.0,4,4124,买盘
442,11:04:19,10.31,0.0,6,6186,买盘
443,11:05:28,10.31,0.0,38,39178,卖盘
444,11:05:31,10.31,0.0,1,1031,卖盘
445,11:06:43,10.31,0.0,20,20620,卖盘
446,11:06:46,10.32,0.01,2,2064,买盘
447,11:06:49,10.31,-0.01,25,25775,卖盘
448,11:06:51,10.31,0.0,1,1031,买盘
449,11:07:37,10.31,0.0,1,1031,买盘
450,11:08:06,10.31,0.0,26,26806,买盘
451,11:09:33,10.32,0.01,10,10320,买盘
452,11:09:37,10.32,0.0,2,2064,买盘
453,11:09:45,10.32,0.0,2,2064,买盘
454,11:10:16,10.32,0.0,1,1032,买盘
455,11:11:46,10.32,0.0,1,1032,买盘
456,11:11:52,10.32,0.0,5,5160,买盘
457,11:13:12,10.32,0.0,4,4128,买盘
458,11:13:19,10.31,-0.01,1,1031,卖盘
459,11:13:22,10.31,0.0,10,10310,卖盘
460,11:13:55,10.31,0.0,21,21651,卖盘
461,11:14:16,10.32,0.01,20,20640,买盘
462,11:14:19,10.32,0.0,2,2064,买盘
463,11:14:55,10.31,-0.01,19,19589,卖盘
464,11:15:40,10.3,-0.01,1,1030,卖盘
465,11:16:12,10.31,0.01,10,10310,买盘
466,11:16:22,10.31,0.0,1,1031,买盘
467,11:17:00,10.3,-0.01,1,1030,卖盘
468,11:18:57,10.3,0.0,1,1030,卖盘
469,11:19:22,10.31,0.01,2,2062,买盘
470,11:19:36,10.31,0.0,2,2062,买盘
471,11:19:52,10.31,0.0,4,4124,买盘
472,11:20:04,10.31,0.0,7,7217,买盘
473,11:20:13,10.31,0.0,1,1031,买盘
474,11:20:37,10.31,0.0,2,2062,买盘
475,11:21:07,10.31,0.0,6,6186,买盘
476,11:22:12,10.32,0.01,1,1032,买盘
477,11:22:43,10.31,-0.01,11,11341,卖盘
478,11:22:46,10.32,0.01,3,3096,买盘
479,11:23:58,10.32,0.0,3,3096,买盘
480,11:24:04,10.31,-0.01,1,1031,买盘
481,11:24:15,10.32,0.01,6,6192,买盘
482,11:24:52,10.32,0.0,1,1032,买盘
483,11:26:13,10.32,0.0,7,7224,买盘
484,11:27:04,10.32,0.0,2,2064,买盘
485,11:27:13,10.32,0.0,30,30960,买盘
486,11:27:16,10.32,0.0,10,10320,买盘
487,11:27:19,10.32,0.0,3,3096,买盘
488,11:27:21,10.32,0.0,1,1032,买盘
489,11:27:45,10.32,0.0,5,5160,买盘
490,11:27:55,10.32,0.0,5,5160,卖盘
491,11:28:24,10.32,0.0,2,2064,买盘
492,11:28:54,10.32,0.0,5,5160,买盘
493,11:29:10,10.32,0.0,1,1032,买盘
494,11:29:54,10.32,0.0,1,1032,买盘
495,13:00:04,10.32,0.0,26,26832,买盘
496,13:00:21,10.33,0.01,7,7231,买盘
497,13:00:30,10.32,-0.01,9,9288,卖盘
498,13:00:33,10.33,0.01,2,2066,买盘
499,13:00:43,10.32,-0.01,10,10320,卖盘
500,13:00:48,10.33,0.01,1,1033,买盘
501,13:01:07,10.35,0.02,5,5169,买盘
502,13:01:37,10.34,-0.01,1,1034,买盘
503,13:02:15,10.35,0.01,5,5175,买盘
504,13:02:37,10.37,0.02,4,4148,买盘
505,13:02:42,10.32,-0.05,9,9288,卖盘
506,13:05:18,10.34,0.02,4,4136,卖盘
507,13:06:04,10.34,0.0,5,5170,卖盘
508,13:06:52,10.33,-0.01,1,1033,卖盘
509,13:06:55,10.33,0.0,1,1033,卖盘
510,13:07:00,10.33,0.0,1,1033,卖盘
511,13:07:04,10.33,0.0,1,1033,卖盘
512,13:07:31,10.32,-0.01,1,1032,卖盘
513,13:08:25,10.33,0.01,2,2066,买盘
514,13:08:37,10.31,-0.02,46,47445,卖盘
515,13:09:16,10.31,0.0,1,1031,卖盘
516,13:09:39,10.33,0.02,1,1033,买盘
517,13:10:06,10.34,0.01,4,4135,买盘
518,13:10:12,10.34,0.0,1,1034,买盘
519,13:10:31,10.34,0.0,3,3102,买盘
520,13:11:25,10.32,-0.02,5,5160,卖盘
521,13:12:07,10.33,0.01,9,9289,买盘
522,13:12:22,10.32,-0.01,1,1032,卖盘
523,13:12:25,10.32,0.0,1,1032,买盘
524,13:13:01,10.31,-0.01,47,48457,卖盘
525,13:13:04,10.32,0.01,2,2064,买盘
526,13:13:31,10.31,-0.01,4,4124,卖盘
527,13:14:31,10.31,0.0,1,1031,卖盘
528,13:14:45,10.31,0.0,1,1031,卖盘
529,13:15:37,10.32,0.01,1,1032,买盘
530,13:15:58,10.31,-0.01,10,10310,卖盘
531,13:17:49,10.32,0.01,3,3096,买盘
532,13:17:57,10.33,0.01,4,4131,买盘
533,13:18:48,10.32,-0.01,1,1032,买盘
534,13:19:22,10.32,0.0,2,2064,买盘
535,13:21:01,10.32,0.0,12,12384,买盘
536,13:21:37,10.33,0.01,1,1033,买盘
537,13:21:58,10.34,0.01,4,4133,买盘
538,13:22:25,10.37,0.03,1,1037,买盘
539,13:22:28,10.37,0.0,3,3111,卖盘
540,13:22:37,10.37,0.0,5,5185,买盘
541,13:23:04,10.37,0.0,1,1037,买盘
542,13:23:19,10.37,0.0,1,1037,买盘
543,13:23:55,10.36,-0.01,1,1036,买盘
544,13:24:16,10.37,0.01,1,1037,买盘
545,13:24:49,10.36,-0.01,5,5180,卖盘
546,13:24:52,10.36,0.0,1,1036,买盘
547,13:25:13,10.36,0.0,1,1036,买盘
548,13:25:16,10.36,0.0,9,9324,买盘
549,13:25:19,10.36,0.0,1,1036,卖盘
550,13:25:57,10.34,-0.02,6,6208,卖盘
551,13:26:01,10.34,0.0,1,1034,买盘
552,13:26:04,10.34,0.0,2,2068,买盘
553,13:26:07,10.34,0.0,3,3102,买盘
554,13:26:13,10.34,0.0,2,2068,买盘
555,13:26:16,10.34,0.0,1,1034,买盘
556,13:26:25,10.34,0.0,2,2068,买盘
557,13:26:33,10.34,0.0,2,2068,买盘
558,13:26:45,10.34,0.0,1,1034,买盘
559,13:26:49,10.34,0.0,1,1034,买盘
560,13:26:52,10.34,0.0,1,1034,买盘
561,13:26:55,10.34,0.0,1,1034,买盘
562,13:27:33,10.34,0.0,1,1034,买盘
563,13:27:36,10.34,0.0,3,3102,买盘
564,13:27:40,10.34,0.0,1,1034,买盘
565,13:27:43,10.34,0.0,1,1034,买盘
566,13:27:46,10.34,0.0,4,4136,买盘
567,13:27:49,10.33,-0.01,36,37189,卖盘
568,13:27:52,10.34,0.01,6,6204,买盘
569,13:27:55,10.34,0.0,1,1034,买盘
570,13:28:58,10.36,0.02,5,5171,买盘
571,13:29:25,10.34,-0.02,4,4136,卖盘
572,13:29:28,10.35,0.01,1,1035,买盘
573,13:30:25,10.35,0.0,1,1035,卖盘
574,13:30:33,10.34,-0.01,1,1034,卖盘
575,13:30:36,10.34,0.0,5,5170,卖盘
576,13:30:40,10.34,0.0,5,5170,卖盘
577,13:30:43,10.34,0.0,2,2068,卖盘
578,13:30:46,10.34,0.0,8,8272,卖盘
579,13:30:49,10.34,0.0,9,9306,卖盘
580,13:31:46,10.34,0.0,1,1034,买盘
581,13:32:34,10.34,0.0,1,1034,买盘
582,13:33:19,10.34,0.0,5,5170,买盘
583,13:33:58,10.34,0.0,5,5170,买盘
584,13:34:04,10.34,0.0,2,2068,买盘
585,13:34:57,10.34,0.0,1,1034,买盘
586,13:36:13,10.34,0.0,1,1034,买盘
587,13:37:04,10.33,-0.01,27,27891,卖盘
588,13:37:16,10.33,0.0,3,3099,买盘
589,13:38:10,10.33,0.0,2,2066,买盘
590,13:38:13,10.33,0.0,6,6198,买盘
591,13:39:09,10.33,0.0,3,3099,买盘
592,13:40:37,10.33,0.0,2,2066,卖盘
593,13:40:40,10.34,0.01,6,6201,买盘
594,13:40:43,10.35,0.01,1,1035,买盘
595,13:41:40,10.35,0.0,1,1035,买盘
596,13:42:13,10.35,0.0,6,6210,买盘
597,13:42:30,10.35,0.0,1,1035,买盘
598,13:42:48,10.35,0.0,1,1035,买盘
599,13:43:15,10.34,-0.01,30,31020,卖盘
600,13:44:57,10.34,0.0,1,1034,卖盘
601,13:45:00,10.34,0.0,8,8272,卖盘
602,13:45:04,10.34,0.0,2,2068,卖盘
603,13:45:19,10.33,-0.01,1,1033,卖盘
604,13:45:25,10.33,0.0,14,14462,卖盘
605,13:46:46,10.32,-0.01,4,4128,卖盘
606,13:46:49,10.32,0.0,32,33024,卖盘
607,13:46:51,10.32,0.0,13,13422,卖盘
608,13:47:07,10.32,0.0,1,1032,买盘
609,13:47:13,10.31,-0.01,1,1031,卖盘
610,13:47:19,10.31,0.0,130,134030,卖盘
611,13:47:22,10.3,-0.01,269,277078,卖盘
612,13:47:25,10.29,-0.01,19,19551,卖盘
613,13:47:28,10.28,-0.01,24,24672,卖盘
614,13:47:33,10.28,0.0,17,17480,卖盘
615,13:47:39,10.27,-0.01,38,39026,卖盘
616,13:47:42,10.27,0.0,2,2056,卖盘
617,13:48:00,10.25,-0.02,50,51285,卖盘
618,13:48:03,10.25,0.0,30,30750,卖盘
619,13:48:06,10.29,0.04,1,1029,买盘
620,13:48:22,10.29,0.0,11,11319,买盘
621,13:49:10,10.27,-0.02,1,1027,买盘
622,13:49:21,10.27,0.0,1,1027,买盘
623,13:49:31,10.28,0.01,15,15420,买盘
624,13:50:07,10.27,-0.01,5,5135,卖盘
625,13:50:24,10.27,0.0,8,8216,卖盘
626,13:50:55,10.27,0.0,49,50323,买盘
627,13:50:57,10.27,0.0,10,10270,买盘
628,13:51:15,10.28,0.01,1,1028,买盘
629,13:51:22,10.28,0.0,7,7196,买盘
630,13:51:28,10.27,-0.01,3,3081,卖盘
631,13:51:52,10.27,0.0,5,5135,买盘
632,13:52:07,10.27,0.0,6,6162,买盘
633,13:52:30,10.28,0.01,1,1028,买盘
634,13:53:36,10.27,-0.01,20,20541,卖盘
635,13:53:48,10.27,0.0,10,10270,买盘
636,13:53:58,10.25,-0.02,37,37940,卖盘
637,13:54:01,10.27,0.02,1,1027,买盘
638,13:54:28,10.26,-0.01,1,1026,买盘
639,13:54:31,10.26,0.0,4,4104,卖盘
640,13:54:33,10.25,-0.01,7,7175,卖盘
641,13:54:39,10.24,-0.01,21,21504,卖盘
642,13:54:45,10.24,0.0,11,11264,卖盘
643,13:54:48,10.24,0.0,12,12288,卖盘
644,13:54:51,10.24,0.0,9,9216,卖盘
645,13:55:16,10.23,-0.01,92,94116,卖盘
646,13:55:19,10.24,0.01,6,6139,买盘
647,13:55:22,10.23,-0.01,21,21503,卖盘
648,13:56:04,10.22,-0.01,120,122651,卖盘
649,13:56:07,10.24,0.02,2,2048,买盘
650,13:56:25,10.22,-0.02,19,19428,卖盘
651,13:56:37,10.22,0.0,10,10220,买盘
652,13:56:40,10.22,0.0,1,1022,买盘
653,13:56:45,10.2,-0.02,236,240772,卖盘
654,13:56:48,10.23,0.03,11,11244,中性盘
655,13:56:51,10.23,0.0,1,1023,买盘
656,13:56:58,10.23,0.0,6,6136,买盘
657,13:57:15,10.24,0.01,5,5120,买盘
658,13:57:25,10.2,-0.04,181,184788,卖盘
659,13:57:28,10.2,0.0,12,12235,买盘
660,13:57:31,10.18,-0.02,3,3054,卖盘
661,13:57:34,10.18,0.0,2,2036,卖盘
662,13:57:37,10.2,0.02,5,5098,买盘
663,13:57:43,10.16,-0.04,24,24398,卖盘
664,13:57:46,10.15,-0.01,1,1015,卖盘
665,13:57:48,10.15,0.0,9,9140,卖盘
666,13:57:57,10.16,0.01,1,1016,买盘
667,13:58:00,10.15,-0.01,11,11165,卖盘
668,13:58:03,10.15,0.0,5,5075,买盘
669,13:58:07,10.15,0.0,8,8120,买盘
670,13:58:10,10.15,0.0,14,14210,买盘
671,13:58:13,10.16,0.01,9,9136,买盘
672,13:58:16,10.15,-0.01,28,28444,卖盘
673,13:58:19,10.16,0.01,12,12192,买盘
674,13:58:22,10.16,0.0,11,11176,买盘
675,13:58:25,10.16,0.0,36,36576,买盘
676,13:58:28,10.15,-0.01,72,73105,卖盘
677,13:58:34,10.15,0.0,2,2030,买盘
678,13:58:36,10.15,0.0,5,5075,买盘
679,13:58:42,10.15,0.0,46,46690,买盘
680,13:58:54,10.16,0.01,18,18288,买盘
681,13:58:57,10.16,0.0,4,4064,买盘
682,13:59:01,10.16,0.0,8,8128,买盘
683,13:59:04,10.16,0.0,8,8128,买盘
684,13:59:10,10.16,0.0,14,14224,买盘
685,13:59:12,10.16,0.0,5,5080,买盘
686,13:59:16,10.16,0.0,9,9144,买盘
687,13:59:28,10.16,0.0,2,2032,卖盘
688,13:59:36,10.16,0.0,6,6096,卖盘
689,14:00:00,10.2,0.04,8,8159,买盘
690,14:00:10,10.2,0.0,1,1020,买盘
691,14:00:13,10.2,0.0,10,10200,买盘
692,14:00:18,10.19,-0.01,5,5095,卖盘
693,14:00:25,10.19,0.0,7,7133,卖盘
694,14:00:27,10.19,0.0,1,1019,卖盘
695,14:00:33,10.19,0.0,17,17323,卖盘
696,14:00:39,10.2,0.01,44,44871,买盘
697,14:00:43,10.17,-0.03,8,8136,卖盘
698,14:00:52,10.2,0.03,5,5100,买盘
699,14:01:55,10.2,0.0,9,9180,买盘
700,14:02:07,10.2,0.0,9,9180,买盘
701,14:02:10,10.2,0.0,2,2040,买盘
702,14:02:13,10.2,0.0,29,29580,买盘
703,14:02:16,10.2,0.0,25,25500,买盘
704,14:02:19,10.2,0.0,12,12240,买盘
705,14:02:25,10.2,0.0,22,22440,买盘
706,14:02:28,10.2,0.0,44,44880,买盘
707,14:03:52,10.24,0.04,1,1024,买盘
708,14:04:19,10.25,0.01,12,12300,买盘
709,14:04:30,10.26,0.01,6,6156,买盘
710,14:04:33,10.26,0.0,1,1026,买盘
711,14:04:55,10.25,-0.01,1,1025,卖盘
712,14:05:10,10.24,-0.01,38,38912,卖盘
713,14:05:42,10.24,0.0,6,6144,卖盘
714,14:05:54,10.24,0.0,4,4096,卖盘
715,14:06:01,10.24,0.0,39,39936,卖盘
716,14:06:04,10.24,0.0,5,5120,卖盘
717,14:06:25,10.23,-0.01,20,20460,卖盘
718,14:07:07,10.23,0.0,37,37851,买盘
719,14:07:22,10.23,0.0,2,2046,买盘
720,14:08:36,10.27,0.04,43,44161,买盘
721,14:08:40,10.27,0.0,1,1027,卖盘
722,14:09:34,10.28,0.01,1,1028,买盘
723,14:09:37,10.27,-0.01,6,6162,卖盘
724,14:10:04,10.27,0.0,6,6162,买盘
725,14:10:30,10.28,0.01,1,1028,买盘
726,14:10:37,10.2,-0.08,300,306817,卖盘
727,14:11:42,10.2,0.0,3,3570,卖盘
728,14:11:55,10.24,0.04,4,4096,买盘
729,14:12:10,10.25,0.01,16,16400,买盘
730,14:12:37,10.24,-0.01,124,127013,卖盘
731,14:12:46,10.24,0.0,5,5120,买盘
732,14:12:52,10.23,-0.01,1,1023,买盘
733,14:13:07,10.21,-0.02,1,1021,卖盘
734,14:14:04,10.24,0.03,3,3072,买盘
735,14:14:28,10.24,0.0,10,10240,卖盘
736,14:14:37,10.25,0.01,1,1025,卖盘
737,14:16:27,10.2,-0.05,268,273280,卖盘
738,14:16:40,10.2,0.0,6,6120,买盘
739,14:16:49,10.2,0.0,16,16320,买盘
740,14:16:52,10.2,0.0,11,11730,买盘
741,14:17:28,10.2,0.0,1,1020,卖盘
742,14:19:13,10.25,0.05,17,17423,买盘
743,14:19:24,10.25,0.0,1,1025,买盘
744,14:21:07,10.25,0.0,3,3075,买盘
745,14:21:13,10.26,0.01,12,12312,买盘
746,14:21:22,10.26,0.0,3,3078,买盘
747,14:21:31,10.26,0.0,2,2052,买盘
748,14:21:34,10.26,0.0,1,1026,买盘
749,14:22:01,10.25,-0.01,1,1025,买盘
750,14:23:31,10.25,0.0,1,1025,买盘
751,14:23:40,10.25,0.0,1,1025,买盘
752,14:23:52,10.24,-0.01,5,5121,卖盘
753,14:24:34,10.26,0.02,5,5130,买盘
754,14:24:45,10.26,0.0,1,1026,买盘
755,14:25:42,10.29,0.03,50,51430,买盘
756,14:26:07,10.3,0.01,2,2059,买盘
757,14:26:58,10.3,0.0,3,3090,卖盘
758,14:27:07,10.3,0.0,1,1030,买盘
759,14:28:10,10.3,0.0,2,2060,买盘
760,14:28:13,10.28,-0.02,1,1028,卖盘
761,14:28:16,10.28,0.0,1,1028,卖盘
762,14:28:37,10.28,0.0,13,13364,买盘
763,14:28:52,10.29,0.01,1,1029,卖盘
764,14:29:06,10.29,0.0,10,10290,卖盘
765,14:29:46,10.28,-0.01,10,10280,卖盘
766,14:30:16,10.28,0.0,10,10280,卖盘
767,14:31:25,10.29,0.01,1,1029,买盘
768,14:31:42,10.29,0.0,6,6174,买盘
769,14:32:07,10.29,0.0,4,4116,买盘
770,14:32:52,10.3,0.01,20,20600,买盘
771,14:33:30,10.3,0.0,4,3605,买盘
772,14:34:40,10.31,0.01,4,4124,买盘
773,14:36:22,10.31,0.0,44,45371,卖盘
774,14:36:28,10.31,0.0,1,1031,卖盘
775,14:36:34,10.31,0.0,3,3093,买盘
776,14:37:00,10.32,0.01,4,4128,中性盘
777,14:37:04,10.32,0.0,1,1032,卖盘
778,14:38:31,10.32,0.0,5,5160,买盘
779,14:38:34,10.32,0.0,5,5160,卖盘
780,14:39:04,10.32,0.0,32,32975,买盘
781,14:39:40,10.32,0.0,5,5160,买盘
782,14:39:42,10.3,-0.02,25,25750,卖盘
783,14:40:15,10.3,0.0,35,36050,卖盘
784,14:40:43,10.3,0.0,2,2061,卖盘
785,14:41:43,10.3,0.0,10,10300,卖盘
786,14:41:46,10.3,0.0,50,51500,卖盘
787,14:41:57,10.3,0.0,10,10300,卖盘
788,14:42:16,10.31,0.01,6,6186,买盘
789,14:42:19,10.31,0.0,3,3093,卖盘
790,14:43:49,10.32,0.01,6,6192,买盘
791,14:44:09,10.3,-0.02,22,22661,卖盘
792,14:44:22,10.33,0.03,7,7229,买盘
793,14:46:04,10.32,-0.01,2,2064,卖盘
794,14:46:07,10.32,0.0,5,5160,卖盘
795,14:46:15,10.31,-0.01,5,5155,卖盘
796,14:47:27,10.32,0.01,33,34056,买盘
797,14:47:31,10.33,0.01,6,6193,买盘
798,14:47:34,10.32,-0.01,2,2064,卖盘
799,14:47:48,10.32,0.0,9,9288,买盘
800,14:48:10,10.32,0.0,1,1032,买盘
801,14:48:16,10.32,0.0,6,6192,买盘
802,14:49:00,10.32,0.0,16,16512,卖盘
803,14:49:19,10.32,0.0,3,3096,买盘
804,14:49:22,10.32,0.0,5,5160,卖盘
805,14:49:37,10.33,0.01,1,1033,买盘
806,14:50:03,10.32,-0.01,1,1032,卖盘
807,14:50:07,10.32,0.0,20,20640,卖盘
808,14:50:13,10.33,0.01,1,1033,买盘
809,14:50:30,10.32,-0.01,7,7224,卖盘
810,14:50:34,10.31,-0.01,2,2063,卖盘
811,14:50:40,10.32,0.01,19,19598,买盘
812,14:51:06,10.3,0.0,4,4120,卖盘
813,14:51:09,10.3,0.0,3,3090,卖盘
814,14:51:12,10.3,0.0,7,7210,卖盘
815,14:51:16,10.32,0.02,1,1032,买盘
816,14:51:37,10.32,0.0,1,1032,买盘
817,14:51:46,10.3,-0.02,10,10300,卖盘
818,14:52:10,10.31,0.01,1,1031,买盘
819,14:52:16,10.3,-0.01,11,10454,卖盘
820,14:52:19,10.29,-0.01,10,10290,卖盘
821,14:52:34,10.28,-0.01,3,3084,卖盘
822,14:52:54,10.28,0.0,3,3084,卖盘
823,14:53:10,10.28,0.0,5,5140,卖盘
824,14:53:42,10.28,0.0,6,6168,卖盘
825,14:53:49,10.28,0.0,1,1028,卖盘
826,14:53:58,10.28,0.0,2,2056,买盘
827,14:54:13,10.28,0.0,12,12336,买盘
828,14:54:16,10.28,0.0,5,5140,买盘
829,14:54:37,10.27,-0.01,1,1027,卖盘
830,14:55:13,10.27,0.0,3,3081,卖盘
831,14:55:19,10.25,-0.02,24,24615,卖盘
832,14:55:33,10.27,0.02,13,13351,买盘
833,14:56:10,10.25,-0.02,10,10250,卖盘
834,14:56:25,10.25,0.0,41,42025,卖盘
835,14:56:37,10.24,-0.01,10,10240,卖盘
836,14:56:40,10.25,0.01,13,13322,买盘
837,14:56:43,10.24,-0.01,2,2048,卖盘
838,14:56:46,10.24,0.0,2,2048,卖盘
839,14:56:52,10.24,0.0,83,84992,卖盘
840,14:56:55,10.24,0.0,1,1167,买盘
841,15:00:04,10.24,0.0,96,98386,卖盘
