,time,price,change,volume,amount,type
0,09:25:04,4.15,0.07,404,167660,卖盘
1,09:30:04,4.14,-0.01,578,239376,卖盘
2,09:30:07,4.13,-0.01,1175,486501,卖盘
3,09:30:10,4.14,0.01,237,98218,买盘
4,09:30:13,4.14,0.0,192,79668,卖盘
5,09:30:16,4.16,0.02,33,13809,买盘
6,09:30:18,4.16,0.0,28,11623,买盘
7,09:30:21,4.16,0.0,32,13286,买盘
8,09:30:25,4.16,0.0,3,1248,买盘
9,09:30:28,4.16,0.0,53,22048,买盘
10,09:30:36,4.17,0.01,10,4170,买盘
11,09:30:46,4.16,-0.01,40,16672,卖盘
12,09:30:51,4.16,0.0,9,3744,卖盘
13,09:30:58,4.17,0.01,12,5013,中性盘
14,09:31:00,4.17,0.0,69,28772,买盘
15,09:31:03,4.16,-0.01,78,32507,卖盘
16,09:31:06,4.16,0.0,311,129376,卖盘
17,09:31:10,4.16,0.0,15,6240,买盘
18,09:31:13,4.15,-0.01,144,59894,卖盘
19,09:31:22,4.15,0.0,20,8300,卖盘
20,09:31:28,4.15,0.0,100,41500,卖盘
21,09:31:33,4.15,0.0,10,4150,卖盘
22,09:31:36,4.15,0.0,2,830,卖盘
23,09:31:43,4.15,0.0,30,12460,卖盘
24,09:31:48,4.15,0.0,30,12450,卖盘
25,09:31:51,4.16,0.01,102,42332,买盘
26,09:31:57,4.15,-0.01,201,83415,卖盘
27,09:32:00,4.16,0.01,50,20800,买盘
28,09:32:06,4.15,-0.01,354,146802,卖盘
29,09:32:10,4.14,-0.01,11,4564,卖盘
30,09:32:16,4.14,0.0,10,4154,卖盘
31,09:32:18,4.14,0.0,52,21528,卖盘
32,09:32:25,4.14,0.0,62,25664,卖盘
33,09:32:27,4.15,0.01,11,4842,买盘
34,09:32:30,4.14,-0.01,19,7936,中性盘
35,09:32:33,4.14,0.0,2,828,买盘
36,09:32:40,4.14,0.0,35,14163,买盘
37,09:32:43,4.14,0.0,14,5916,买盘
38,09:32:45,4.14,0.0,10,4140,买盘
39,09:32:49,4.14,0.0,51,21145,买盘
40,09:32:54,4.14,0.0,80,33120,卖盘
41,09:32:57,4.14,0.0,10,4157,卖盘
42,09:33:01,4.14,0.0,1,153,卖盘
43,09:33:04,4.14,0.0,48,19872,卖盘
44,09:33:07,4.14,0.0,10,4154,卖盘
45,09:33:15,4.14,0.0,80,33343,卖盘
46,09:33:19,4.14,0.0,135,55695,卖盘
47,09:33:27,4.14,0.0,2,700,卖盘
48,09:33:30,4.14,0.0,3,1308,卖盘
49,09:33:34,4.14,0.0,11,4761,卖盘
50,09:33:37,4.14,0.0,1,414,卖盘
51,09:33:39,4.14,0.0,2,704,卖盘
52,09:33:42,4.15,0.01,553,229529,买盘
53,09:33:48,4.14,-0.01,2,613,卖盘
54,09:33:52,4.14,0.0,1,563,卖盘
55,09:33:57,4.15,0.01,1749,724859,买盘
56,09:34:00,4.14,-0.01,12,4968,卖盘
57,09:34:07,4.14,0.0,1,315,卖盘
58,09:34:22,4.15,0.01,16,6640,买盘
59,09:34:37,4.14,-0.01,101,41814,卖盘
60,09:34:40,4.14,0.0,3,1242,卖盘
61,09:34:58,4.14,0.0,1,124,卖盘
62,09:35:01,4.15,0.01,1,415,买盘
63,09:35:10,4.14,0.0,1,166,卖盘
64,09:35:16,4.14,0.0,8,3493,卖盘
65,09:35:18,4.13,-0.01,336,139248,卖盘
66,09:35:24,4.13,0.0,1,240,卖盘
67,09:35:31,4.13,0.0,2,790,卖盘
68,09:35:45,4.13,0.0,1,306,卖盘
69,09:35:55,4.13,0.0,101,41543,卖盘
70,09:36:00,4.14,0.01,2,757,买盘
71,09:36:13,4.13,0.0,4,1652,卖盘
72,09:36:16,4.13,0.0,1,330,卖盘
73,09:36:18,4.13,0.0,101,41597,卖盘
74,09:36:27,4.13,0.0,1,223,卖盘
75,09:36:31,4.14,0.01,8,3132,买盘
76,09:36:37,4.13,0.0,488,201189,卖盘
77,09:36:42,4.12,0.0,10,4153,卖盘
78,09:36:45,4.12,0.0,82,33732,卖盘
79,09:36:52,4.12,0.0,9,3708,卖盘
80,09:36:55,4.13,0.01,100,41300,买盘
81,09:36:57,4.13,0.0,33,13629,买盘
82,09:37:00,4.13,0.0,19,7901,卖盘
83,09:37:13,4.13,0.0,1,145,卖盘
84,09:37:24,4.14,0.01,100,41540,买盘
85,09:37:30,4.14,0.01,1,414,买盘
86,09:37:37,4.13,-0.01,2,636,卖盘
87,09:37:40,4.13,0.0,19,7865,卖盘
88,09:37:42,4.13,0.0,101,41791,卖盘
89,09:37:46,4.13,0.0,1,648,卖盘
90,09:37:52,4.13,0.0,11,4295,卖盘
91,09:37:57,4.13,0.0,2,723,卖盘
92,09:38:00,4.13,0.0,9,3742,卖盘
93,09:38:10,4.13,0.0,9,3717,卖盘
94,09:38:15,4.13,0.0,69,28431,卖盘
95,09:38:19,4.13,0.0,9,3717,卖盘
96,09:38:24,4.14,0.01,4,1656,买盘
97,09:38:27,4.13,-0.01,9,3845,卖盘
98,09:38:34,4.14,0.01,104,43093,买盘
99,09:38:37,4.14,0.0,215,89001,买盘
100,09:38:40,4.15,0.01,192,79584,买盘
101,09:38:42,4.13,-0.02,18,7170,卖盘
102,09:38:45,4.14,0.01,6,2484,买盘
103,09:38:48,4.14,0.0,1,575,卖盘
104,09:38:58,4.15,0.01,11,4415,买盘
105,09:39:01,4.15,0.0,92,38180,买盘
106,09:39:04,4.14,-0.01,97,40305,卖盘
107,09:39:06,4.14,0.0,74,30793,卖盘
108,09:39:09,4.15,0.01,11,4397,买盘
109,09:39:13,4.14,-0.01,11,4463,卖盘
110,09:39:16,4.15,0.01,26,10790,买盘
111,09:39:18,4.15,0.0,1,705,买盘
112,09:39:22,4.15,0.0,2,830,买盘
113,09:39:25,4.15,0.0,3,1245,买盘
114,09:39:27,4.15,0.0,3,1245,买盘
115,09:39:31,4.14,-0.01,1,472,卖盘
116,09:39:36,4.15,0.01,3,1245,买盘
117,09:39:39,4.14,-0.01,5,2103,卖盘
118,09:39:49,4.14,0.0,9,3726,卖盘
119,09:39:52,4.14,0.0,1,199,卖盘
120,09:39:57,4.15,0.01,109,45226,买盘
121,09:40:04,4.14,-0.01,2,950,卖盘
122,09:40:10,4.14,0.0,2,700,卖盘
123,09:40:16,4.15,0.01,69,28635,买盘
124,09:40:19,4.15,0.0,43,17940,买盘
125,09:40:22,4.14,-0.01,27,11147,买盘
126,09:40:24,4.15,0.01,1,415,买盘
127,09:40:28,4.15,0.0,1,419,买盘
128,09:40:31,4.15,0.0,1,510,买盘
129,09:40:33,4.15,0.0,14,5785,买盘
130,09:40:40,4.15,0.0,1,253,卖盘
131,09:40:43,4.15,0.0,6,2490,卖盘
132,09:40:46,4.15,0.0,3,1286,卖盘
133,09:40:49,4.15,0.0,1,344,卖盘
134,09:40:52,4.15,0.0,9,3955,卖盘
135,09:40:57,4.15,0.0,6,2345,卖盘
136,09:41:04,4.15,0.0,26,10612,卖盘
137,09:41:06,4.15,0.0,6,2673,卖盘
138,09:41:10,4.15,0.0,26,10927,卖盘
139,09:41:13,4.14,-0.01,10,3809,卖盘
140,09:41:16,4.14,0.0,5,2070,卖盘
141,09:41:22,4.14,0.0,9,3842,卖盘
142,09:41:27,4.14,0.0,2,787,卖盘
143,09:41:30,4.14,0.0,13,5494,卖盘
144,09:41:40,4.14,0.0,10,3788,卖盘
145,09:41:49,4.14,0.0,9,3726,卖盘
146,09:41:52,4.14,0.0,9,3726,卖盘
147,09:41:55,4.14,0.0,5,2070,卖盘
148,09:41:57,4.14,0.0,9,3726,卖盘
149,09:42:04,4.14,0.0,1,66,卖盘
150,09:42:06,4.14,0.0,1,708,卖盘
151,09:42:09,4.14,0.0,9,3726,卖盘
152,09:42:12,4.14,0.0,11,4562,卖盘
153,09:42:16,4.14,0.0,2,530,卖盘
154,09:42:19,4.14,0.0,9,3916,卖盘
155,09:42:25,4.14,0.0,5,2120,卖盘
156,09:42:28,4.14,0.0,318,131652,卖盘
157,09:42:31,4.14,0.0,27,10928,卖盘
158,09:42:36,4.13,-0.01,18,7434,卖盘
159,09:42:46,4.13,0.0,9,3857,卖盘
160,09:42:49,4.13,0.0,2,661,卖盘
161,09:42:54,4.13,0.0,14,5898,卖盘
162,09:43:04,4.13,0.0,9,3725,卖盘
163,09:43:12,4.14,0.01,5,2070,买盘
164,09:43:16,4.13,-0.01,10,4130,卖盘
165,09:43:19,4.13,0.0,2,566,卖盘
166,09:43:25,4.13,0.0,14,5782,卖盘
167,09:43:28,4.13,0.0,10,4130,卖盘
168,09:43:33,4.13,0.0,9,3717,卖盘
169,09:43:36,4.13,0.0,859,354974,卖盘
170,09:43:42,4.12,-0.01,39,16068,卖盘
171,09:43:45,4.12,0.0,3,1133,卖盘
172,09:43:49,4.13,0.01,138,56812,买盘
173,09:43:52,4.13,0.0,12,4927,卖盘
174,09:44:00,4.13,0.0,20,8330,卖盘
175,09:44:04,4.13,0.0,1,479,卖盘
176,09:44:06,4.13,0.0,7,2883,卖盘
177,09:44:19,4.13,0.0,2,826,卖盘
178,09:44:21,4.13,0.0,2,723,卖盘
179,09:44:25,4.13,0.0,10,4043,卖盘
180,09:44:31,4.13,0.0,96,39699,卖盘
181,09:44:34,4.13,0.0,10,4014,卖盘
182,09:44:36,4.13,0.0,10,4130,卖盘
183,09:44:46,4.13,0.0,9,3717,卖盘
184,09:44:48,4.14,0.01,1,497,买盘
185,09:44:51,4.13,-0.01,15,6360,卖盘
186,09:44:55,4.13,0.0,10,4072,卖盘
187,09:45:01,4.13,0.0,1,161,卖盘
188,09:45:04,4.13,0.0,122,50386,卖盘
189,09:45:06,4.13,0.0,10,4328,卖盘
190,09:45:13,4.14,0.01,6,2640,买盘
191,09:45:16,4.13,-0.01,135,55755,卖盘
192,09:45:19,4.13,0.0,2,723,卖盘
193,09:45:22,4.13,0.0,9,3762,卖盘
194,09:45:25,4.13,0.0,9,3717,卖盘
195,09:45:30,4.13,0.0,1,157,卖盘
196,09:45:34,4.13,0.0,59,24369,卖盘
197,09:45:43,4.13,0.0,5,2110,卖盘
198,09:45:49,4.13,0.0,1,289,卖盘
199,09:46:00,4.13,0.0,1,413,卖盘
200,09:46:04,4.13,0.0,124,51212,卖盘
201,09:46:13,4.13,0.0,1,438,卖盘
202,09:46:16,4.13,0.0,200,82654,卖盘
203,09:46:22,4.13,0.0,2,673,卖盘
204,09:46:51,4.13,0.0,10,3824,卖盘
205,09:47:01,4.13,0.0,5,2065,卖盘
206,09:47:04,4.13,0.0,88,36154,卖盘
207,09:47:16,4.12,-0.01,2,630,卖盘
208,09:47:34,4.13,0.01,81,33394,买盘
209,09:47:37,4.13,0.0,60,24834,买盘
210,09:47:39,4.13,0.0,8,3126,卖盘
211,09:47:42,4.14,0.01,37,15289,买盘
212,09:47:51,4.13,0.0,1,591,卖盘
213,09:47:54,4.13,0.0,41,16933,卖盘
214,09:47:57,4.13,0.0,5,2065,卖盘
215,09:48:01,4.13,0.0,1,74,卖盘
216,09:48:04,4.13,0.0,114,47396,卖盘
217,09:48:09,4.13,0.0,2,727,卖盘
218,09:48:13,4.13,0.0,1,132,卖盘
219,09:48:22,4.13,0.0,1,520,卖盘
220,09:48:24,4.13,0.0,3,1239,卖盘
221,09:48:28,4.13,0.0,1,504,卖盘
222,09:48:34,4.13,0.0,1,516,卖盘
223,09:48:45,4.13,0.0,1,202,卖盘
224,09:48:58,4.13,0.0,1,132,卖盘
225,09:49:04,4.13,0.0,113,46669,卖盘
226,09:49:12,4.13,0.0,6,2478,卖盘
227,09:49:15,4.13,0.0,1,425,卖盘
228,09:49:24,4.14,0.01,100,41400,买盘
229,09:49:30,4.13,0.0,24,9672,卖盘
230,09:49:33,4.13,0.0,156,64763,卖盘
231,09:49:36,4.12,-0.01,2,602,卖盘
232,09:49:55,4.12,0.0,1,115,卖盘
233,09:50:04,4.12,0.0,113,46556,卖盘
234,09:50:13,4.12,0.0,1,589,卖盘
235,09:50:19,4.13,0.01,100,41362,买盘
236,09:50:21,4.12,-0.01,5,2064,卖盘
237,09:50:24,4.13,0.01,30,12390,买盘
238,09:50:33,4.12,-0.01,8,3002,卖盘
239,09:50:39,4.13,0.01,4,1697,买盘
240,09:50:43,4.13,0.0,61,25255,买盘
241,09:50:49,4.14,0.01,13,5382,买盘
242,09:50:52,4.13,-0.01,1,380,卖盘
243,09:50:57,4.14,0.01,2,497,买盘
244,09:51:04,4.13,-0.01,5,2065,卖盘
245,09:51:22,4.13,0.0,2,529,卖盘
246,09:51:28,4.14,0.01,20,8270,买盘
247,09:51:31,4.13,-0.01,1,554,卖盘
248,09:51:34,4.14,0.01,73,30052,买盘
249,09:51:43,4.13,0.0,1,310,卖盘
250,09:51:49,4.14,0.01,3,992,买盘
251,09:51:54,4.13,0.0,109,45017,卖盘
252,09:51:57,4.13,0.0,5,2065,卖盘
253,09:52:04,4.13,0.0,114,47082,卖盘
254,09:52:16,4.13,0.0,30,12390,卖盘
255,09:52:19,4.13,0.0,31,12592,卖盘
256,09:52:28,4.13,0.0,1,351,卖盘
257,09:52:34,4.13,0.0,1,417,卖盘
258,09:52:40,4.13,0.0,1,161,卖盘
259,09:52:54,4.13,0.0,1,392,卖盘
260,09:53:04,4.13,0.0,146,60273,卖盘
261,09:53:19,4.13,0.0,5,2065,卖盘
262,09:53:22,4.14,0.01,11,4554,买盘
263,09:53:31,4.14,0.0,216,89498,买盘
264,09:53:36,4.14,0.0,27,11178,买盘
265,09:53:52,4.13,0.0,1,128,卖盘
266,09:53:55,4.14,0.01,14,5692,买盘
267,09:53:58,4.14,0.0,1,414,买盘
268,09:54:01,4.14,0.0,1,414,买盘
269,09:54:03,4.13,-0.01,119,49147,卖盘
270,09:54:10,4.13,0.0,1,409,卖盘
271,09:54:18,4.14,0.01,9,3730,买盘
272,09:54:24,4.13,-0.01,3,962,卖盘
273,09:54:34,4.13,0.0,1,599,卖盘
274,09:54:46,4.13,0.0,1,107,卖盘
275,09:54:48,4.13,0.0,1,496,卖盘
276,09:54:51,4.13,0.0,72,29934,卖盘
277,09:54:54,4.13,0.0,1,128,卖盘
278,09:54:58,4.13,0.0,1,706,卖盘
279,09:55:01,4.14,0.01,227,93986,买盘
280,09:55:06,4.13,-0.01,6,2561,卖盘
281,09:55:15,4.13,0.0,1,54,卖盘
282,09:55:24,4.13,0.0,26,10738,卖盘
283,09:55:31,4.13,0.0,1,235,卖盘
284,09:55:43,4.13,0.0,1,206,卖盘
285,09:55:48,4.13,0.0,1,566,卖盘
286,09:55:58,4.13,0.0,2,706,卖盘
287,09:56:00,4.13,0.0,6,2478,卖盘
288,09:56:04,4.13,0.0,18,7517,卖盘
289,09:56:07,4.13,0.0,6,2490,卖盘
290,09:56:15,4.13,0.0,5,2065,卖盘
291,09:56:18,4.13,0.0,1,140,卖盘
292,09:56:24,4.13,0.0,1,686,卖盘
293,09:56:28,4.13,0.0,1,211,卖盘
294,09:56:46,4.13,0.0,1,74,卖盘
295,09:56:52,4.14,0.01,504,208695,买盘
296,09:56:54,4.14,0.0,5,2186,卖盘
297,09:56:57,4.15,0.01,8,3320,买盘
298,09:57:04,4.14,0.0,19,7866,卖盘
299,09:57:07,4.14,0.0,1,397,卖盘
300,09:57:15,4.15,0.01,200,83041,买盘
301,09:57:18,4.14,-0.01,26,10660,卖盘
302,09:57:24,4.14,0.0,1,132,卖盘
303,09:57:28,4.14,0.0,80,33120,卖盘
304,09:57:49,4.14,0.0,1,104,卖盘
305,09:57:52,4.14,0.0,1,444,卖盘
306,09:57:58,4.14,0.0,1,360,卖盘
307,09:58:04,4.14,0.0,18,7452,卖盘
308,09:58:13,4.14,0.0,400,165600,卖盘
309,09:58:34,4.14,0.0,1,120,卖盘
310,09:58:37,4.15,0.01,10,4150,买盘
311,09:58:48,4.15,0.0,12,4980,买盘
312,09:58:51,4.14,-0.01,67,27834,卖盘
313,09:58:55,4.15,0.01,18,7470,买盘
314,09:58:58,4.14,-0.01,1,552,卖盘
315,09:59:04,4.14,0.0,19,7866,卖盘
316,09:59:18,4.14,0.0,88,36531,卖盘
317,09:59:31,4.14,0.0,5,2070,卖盘
318,09:59:37,4.14,0.0,1,426,卖盘
319,09:59:45,4.14,0.0,1,21,卖盘
320,09:59:48,4.14,0.0,5,2070,卖盘
321,10:00:01,4.14,0.0,50,20700,卖盘
322,10:00:04,4.14,0.0,18,7452,卖盘
323,10:00:07,4.14,0.0,5,2070,卖盘
324,10:00:16,4.14,0.0,344,142462,卖盘
325,10:00:25,4.14,0.0,13,5382,买盘
326,10:00:27,4.14,0.0,54,22356,买盘
327,10:00:30,4.14,0.0,1,414,买盘
328,10:00:33,4.13,-0.01,5,2065,卖盘
329,10:00:39,4.14,0.01,100,41400,买盘
330,10:00:42,4.14,0.0,4,1656,买盘
331,10:00:52,4.13,-0.01,5,2065,卖盘
332,10:00:55,4.14,0.01,24,9936,买盘
333,10:01:00,4.14,0.0,43,17802,买盘
334,10:01:07,4.14,0.0,146,60444,买盘
335,10:01:09,4.14,0.0,104,43056,买盘
336,10:01:13,4.14,0.0,8,3312,买盘
337,10:01:16,4.14,0.0,5,2070,买盘
338,10:01:19,4.14,0.0,17,7030,买盘
339,10:01:22,4.14,0.0,7,2898,买盘
340,10:01:25,4.14,0.0,8,3312,买盘
341,10:01:27,4.14,0.0,13,5382,买盘
342,10:01:31,4.14,0.0,15,6204,买盘
343,10:01:34,4.14,0.0,6,2484,买盘
344,10:01:37,4.14,0.0,10,4140,买盘
345,10:01:39,4.14,0.0,6,2484,买盘
346,10:01:42,4.14,0.0,6,2735,买盘
347,10:01:46,4.13,-0.01,5,2068,卖盘
348,10:01:49,4.14,0.01,2,828,买盘
349,10:01:51,4.14,0.0,17,7033,买盘
350,10:01:55,4.14,0.0,2,828,买盘
351,10:01:58,4.14,0.0,4,1656,买盘
352,10:02:01,4.14,0.0,9,3726,买盘
353,10:02:04,4.14,0.0,7,2898,买盘
354,10:02:07,4.14,0.0,39,16146,买盘
355,10:02:09,4.13,-0.01,9,3618,卖盘
356,10:02:12,4.13,0.0,27,11158,卖盘
357,10:02:15,4.14,0.01,162,67022,买盘
358,10:02:22,4.14,0.0,5,2070,卖盘
359,10:02:30,4.14,0.0,22,9108,卖盘
360,10:02:52,4.14,0.0,5,2070,卖盘
361,10:03:01,4.14,0.0,25,10350,卖盘
362,10:03:04,4.14,0.0,18,7452,卖盘
363,10:03:09,4.14,0.0,24,9936,卖盘
364,10:03:15,4.15,0.01,4,1659,买盘
365,10:03:22,4.14,-0.01,6,2484,卖盘
366,10:03:25,4.14,0.0,5,2070,卖盘
367,10:03:37,4.15,0.01,82,34191,买盘
368,10:03:40,4.14,-0.01,24,9936,卖盘
369,10:03:42,4.15,0.01,24,9796,买盘
370,10:03:45,4.15,0.0,14,5810,买盘
371,10:03:48,4.15,0.0,31,12844,买盘
372,10:03:51,4.14,-0.01,5,2070,卖盘
373,10:03:55,4.14,0.0,21,8694,卖盘
374,10:04:04,4.14,0.0,19,7866,卖盘
375,10:04:07,4.14,0.0,15,6220,卖盘
376,10:04:16,4.15,0.01,11,4565,买盘
377,10:04:22,4.15,0.0,1,415,买盘
378,10:04:28,4.15,0.0,14,5810,买盘
379,10:04:33,4.14,-0.01,26,10814,卖盘
380,10:04:46,4.14,0.0,124,51439,卖盘
381,10:04:49,4.15,0.01,356,147718,买盘
382,10:04:52,4.14,-0.01,5,2070,卖盘
383,10:05:04,4.14,0.0,19,7867,卖盘
384,10:05:12,4.14,0.0,5,2070,卖盘
385,10:05:19,4.14,0.0,14,5829,卖盘
386,10:05:25,4.15,0.01,20,8300,买盘
387,10:05:28,4.15,0.0,70,28801,买盘
388,10:05:30,4.15,0.0,286,118690,买盘
389,10:05:34,4.15,0.0,34,14110,买盘
390,10:05:37,4.15,0.0,468,194220,买盘
391,10:05:39,4.15,0.0,5,2075,卖盘
392,10:05:49,4.15,0.0,5,2075,卖盘
393,10:05:52,4.15,0.0,1,498,卖盘
394,10:05:55,4.15,0.0,6,2490,卖盘
395,10:05:58,4.15,0.0,21,8715,卖盘
396,10:06:01,4.15,0.0,1,349,卖盘
397,10:06:03,4.16,0.01,30,12461,买盘
398,10:06:10,4.15,0.0,1,336,卖盘
399,10:06:16,4.15,0.0,35,14535,卖盘
400,10:06:21,4.16,0.01,2,731,买盘
401,10:06:31,4.16,0.0,10,4322,买盘
402,10:06:34,4.15,-0.01,4,1660,卖盘
403,10:06:37,4.15,0.0,1,145,卖盘
404,10:06:49,4.15,0.0,1,573,卖盘
405,10:06:52,4.15,0.0,60,24900,卖盘
406,10:06:58,4.15,0.0,1,481,卖盘
407,10:07:03,4.15,0.0,441,183416,卖盘
408,10:07:10,4.15,0.0,1,46,卖盘
409,10:07:13,4.15,0.0,6,2623,卖盘
410,10:07:19,4.16,0.01,15,6240,买盘
411,10:07:36,4.16,0.0,1,416,买盘
412,10:07:42,4.16,0.0,1,416,买盘
413,10:07:55,4.16,0.01,10,4160,买盘
414,10:07:58,4.15,-0.01,2,544,卖盘
415,10:08:00,4.16,0.01,44,18304,买盘
416,10:08:09,4.16,0.0,83,34528,买盘
417,10:08:16,4.16,0.0,14,5961,买盘
418,10:08:18,4.15,-0.01,9,3648,卖盘
419,10:08:22,4.16,0.01,6,2491,买盘
420,10:08:27,4.16,0.01,25,10400,买盘
421,10:08:30,4.16,0.0,26,10887,买盘
422,10:08:36,4.15,0.0,11,4605,卖盘
423,10:08:43,4.16,0.01,29,12064,买盘
424,10:08:48,4.16,0.01,5,2080,买盘
425,10:08:51,4.15,-0.01,6,2525,卖盘
426,10:08:54,4.15,0.0,6,2262,卖盘
427,10:08:57,4.16,0.01,10,4160,买盘
428,10:09:04,4.15,0.0,19,8139,卖盘
429,10:09:13,4.15,0.0,2,461,卖盘
430,10:09:15,4.16,0.01,5,2080,买盘
431,10:09:25,4.15,0.0,8,2976,卖盘
432,10:09:28,4.15,0.0,1,564,卖盘
433,10:09:34,4.15,0.0,2,668,卖盘
434,10:09:40,4.16,0.01,25,10412,买盘
435,10:09:43,4.16,0.0,2,644,买盘
436,10:09:45,4.15,-0.01,5,2075,卖盘
437,10:09:49,4.16,0.01,341,141856,买盘
438,10:09:51,4.16,0.0,6,2496,卖盘
439,10:09:55,4.16,0.0,1,466,卖盘
440,10:10:07,4.16,0.0,30,12584,卖盘
441,10:10:25,4.16,0.0,7,2996,卖盘
442,10:10:28,4.16,0.0,1,92,卖盘
443,10:10:37,4.16,0.0,2,790,卖盘
444,10:10:43,4.17,0.01,5,2214,买盘
445,10:10:48,4.16,0.0,2,724,卖盘
446,10:10:55,4.16,0.0,1,449,卖盘
447,10:11:01,4.16,0.0,1,641,卖盘
448,10:11:04,4.17,0.01,1,417,买盘
449,10:11:07,4.16,-0.01,1,71,卖盘
450,10:11:16,4.16,0.0,1,532,卖盘
451,10:11:22,4.16,0.0,2,578,卖盘
452,10:11:30,4.16,0.0,1,487,卖盘
453,10:11:37,4.16,0.0,1,549,卖盘
454,10:11:40,4.16,0.0,54,22464,卖盘
455,10:11:43,4.17,0.01,1,417,买盘
456,10:11:46,4.16,-0.01,153,63648,卖盘
457,10:12:16,4.16,0.0,13,5408,卖盘
458,10:12:21,4.16,0.0,122,50752,卖盘
459,10:12:24,4.16,0.0,203,84095,卖盘
460,10:12:48,4.15,0.0,4,1502,卖盘
461,10:12:51,4.15,0.0,3,1129,卖盘
462,10:13:01,4.15,0.0,2,535,卖盘
463,10:13:04,4.16,0.01,1,416,买盘
464,10:13:06,4.15,-0.01,66,27717,卖盘
465,10:13:09,4.15,0.0,24,9662,卖盘
466,10:13:16,4.15,0.0,1,448,卖盘
467,10:13:31,4.15,0.0,113,46954,卖盘
468,10:13:37,4.15,0.0,1,286,卖盘
469,10:13:42,4.16,0.01,1,424,买盘
470,10:13:46,4.15,-0.01,5,2101,卖盘
471,10:13:54,4.16,0.01,12,4720,买盘
472,10:14:00,4.16,0.0,11,4534,买盘
473,10:14:07,4.15,-0.01,47,19615,卖盘
474,10:14:09,4.15,0.0,1,689,卖盘
475,10:14:12,4.16,0.01,1,416,买盘
476,10:14:16,4.15,-0.01,252,104743,卖盘
477,10:14:25,4.16,0.01,1,416,买盘
478,10:14:28,4.15,-0.01,1,386,卖盘
479,10:14:34,4.16,0.01,63,26208,买盘
480,10:14:37,4.16,0.0,14,5824,买盘
481,10:14:43,4.15,-0.01,4,1482,卖盘
482,10:14:49,4.16,0.01,23,9568,买盘
483,10:14:52,4.16,0.0,220,91520,买盘
484,10:14:55,4.16,0.0,41,16994,买盘
485,10:14:58,4.16,0.0,17,7082,卖盘
486,10:15:01,4.16,0.0,2,1052,卖盘
487,10:15:04,4.17,0.01,1,417,买盘
488,10:15:06,4.16,-0.01,28,11648,卖盘
489,10:15:13,4.17,0.01,34,14157,买盘
490,10:15:19,4.16,-0.01,187,77964,卖盘
491,10:15:22,4.17,0.01,11,4587,买盘
492,10:15:25,4.16,-0.01,10,4160,卖盘
493,10:15:28,4.17,0.01,5,1753,买盘
494,10:15:36,4.17,0.0,1,417,买盘
495,10:15:43,4.17,0.0,3,1598,买盘
496,10:15:49,4.16,-0.01,3,1007,卖盘
497,10:16:00,4.16,0.0,3,1181,卖盘
498,10:16:04,4.17,0.01,5,2085,买盘
499,10:16:13,4.17,0.0,100,41700,买盘
500,10:16:16,4.16,-0.01,74,30784,卖盘
501,10:16:25,4.17,0.01,1,417,买盘
502,10:16:28,4.17,0.0,50,20850,买盘
503,10:16:37,4.17,0.0,1,417,买盘
504,10:16:46,4.17,0.0,12,5004,买盘
505,10:16:55,4.17,0.0,8,3336,买盘
506,10:17:03,4.17,0.0,1,417,买盘
507,10:17:07,4.17,0.0,680,283560,买盘
508,10:17:18,4.17,0.0,10,4170,买盘
509,10:17:30,4.17,0.0,21,8757,买盘
510,10:17:34,4.17,0.0,3,1251,买盘
511,10:17:37,4.17,0.0,1,417,买盘
512,10:17:39,4.17,0.0,5,2085,买盘
513,10:17:45,4.17,0.0,11,4587,买盘
514,10:17:49,4.17,0.0,5,2085,买盘
515,10:18:13,4.16,-0.01,100,41600,卖盘
516,10:18:15,4.17,0.01,12,5004,买盘
517,10:18:18,4.17,0.0,5,2085,买盘
518,10:18:25,4.17,0.0,3,1440,买盘
519,10:18:37,4.17,0.0,1,417,买盘
520,10:18:52,4.17,0.0,3,1251,买盘
521,10:19:06,4.17,0.0,11,4587,买盘
522,10:19:37,4.17,0.0,1,417,买盘
523,10:19:45,4.17,0.0,1,417,买盘
524,10:20:01,4.16,-0.01,4,1464,卖盘
525,10:20:10,4.16,0.0,2,1165,卖盘
526,10:20:12,4.17,0.01,30,12510,买盘
527,10:20:21,4.17,0.0,8,3336,买盘
528,10:20:25,4.17,0.0,1,417,买盘
529,10:20:37,4.17,0.0,1,417,买盘
530,10:20:49,4.16,-0.01,3,1061,卖盘
531,10:20:52,4.17,0.01,50,20850,买盘
532,10:21:06,4.17,0.0,1,417,买盘
533,10:21:10,4.17,0.0,50,20850,买盘
534,10:21:13,4.17,0.0,2,834,买盘
535,10:21:19,4.17,0.0,58,24186,买盘
536,10:21:25,4.17,0.0,53,22101,买盘
537,10:21:27,4.17,0.0,5,2085,买盘
538,10:21:31,4.17,0.0,5,2085,买盘
539,10:21:34,4.17,0.0,156,65052,买盘
540,10:21:36,4.17,0.0,23,9591,买盘
541,10:21:43,4.17,0.0,15,6419,买盘
542,10:21:46,4.17,0.0,1,417,买盘
543,10:21:49,4.17,0.0,5,2085,买盘
544,10:21:58,4.17,0.0,8,3212,买盘
545,10:22:00,4.18,0.01,5,2090,买盘
546,10:22:10,4.16,-0.02,94,39124,卖盘
547,10:22:25,4.17,0.01,1,417,买盘
548,10:22:28,4.18,0.01,14,5843,买盘
549,10:22:37,4.16,-0.02,4,1773,卖盘
550,10:22:39,4.18,0.02,5,2087,买盘
551,10:22:42,4.17,-0.01,48,20016,卖盘
552,10:22:45,4.17,0.0,8,3336,卖盘
553,10:22:48,4.17,0.0,44,18348,卖盘
554,10:22:51,4.18,0.01,43,17913,买盘
555,10:22:55,4.18,0.0,8,3344,买盘
556,10:23:06,4.16,-0.02,4,1683,卖盘
557,10:23:30,4.18,0.02,5,2087,买盘
558,10:23:40,4.16,-0.02,3,1015,卖盘
559,10:23:48,4.18,0.02,250,104500,买盘
560,10:24:04,4.17,-0.01,8,3336,卖盘
561,10:24:06,4.17,0.0,36,15012,买盘
562,10:24:10,4.16,-0.01,4,1664,卖盘
563,10:24:12,4.16,0.0,1,416,卖盘
564,10:24:15,4.16,0.0,4,1689,卖盘
565,10:24:28,4.17,0.01,20,8340,卖盘
566,10:24:31,4.16,-0.01,5,2080,卖盘
567,10:24:33,4.17,0.01,3,1251,买盘
568,10:24:40,4.16,-0.01,3,1481,卖盘
569,10:24:42,4.16,0.0,5,2080,卖盘
570,10:24:55,4.16,0.0,5,2080,卖盘
571,10:25:01,4.16,0.0,6,2496,卖盘
572,10:25:07,4.16,0.0,5,2080,卖盘
573,10:25:09,4.17,0.01,26,10842,卖盘
574,10:25:13,4.16,-0.01,5,2084,卖盘
575,10:25:22,4.16,0.0,5,2080,卖盘
576,10:25:28,4.16,0.0,6,2496,卖盘
577,10:25:30,4.16,0.0,4,1460,卖盘
578,10:25:37,4.17,0.01,47,19599,卖盘
579,10:25:54,4.17,0.0,7,3119,卖盘
580,10:25:58,4.18,0.01,20,8341,买盘
581,10:26:01,4.17,-0.01,1,417,卖盘
582,10:26:06,4.18,0.01,9,3755,买盘
583,10:26:18,4.17,-0.01,4,1485,卖盘
584,10:26:21,4.17,0.0,20,8340,卖盘
585,10:26:28,4.18,0.01,1,418,买盘
586,10:26:34,4.17,-0.01,2,726,卖盘
587,10:26:43,4.17,0.0,8,3428,卖盘
588,10:26:52,4.16,-0.01,80,33234,卖盘
589,10:26:55,4.17,0.01,9,3753,买盘
590,10:26:58,4.17,0.0,2,700,买盘
591,10:27:04,4.16,-0.01,1,466,卖盘
592,10:27:12,4.17,0.01,5,2085,买盘
593,10:27:15,4.17,0.0,15,6250,买盘
594,10:27:18,4.17,0.0,56,23352,买盘
595,10:27:21,4.16,-0.01,3,1252,卖盘
596,10:27:28,4.17,0.01,1,417,买盘
597,10:27:42,4.17,0.0,2,834,买盘
598,10:27:55,4.17,0.0,114,47538,买盘
599,10:27:58,4.17,0.0,7,2919,买盘
600,10:28:00,4.17,0.0,136,56712,买盘
601,10:28:06,4.17,0.0,7,2919,卖盘
602,10:28:16,4.17,0.0,1,92,买盘
603,10:28:19,4.17,0.0,10,4170,买盘
604,10:28:25,4.16,-0.01,3,1248,卖盘
605,10:28:28,4.17,0.01,29,12418,买盘
606,10:28:31,4.17,0.0,4,1560,卖盘
607,10:28:46,4.17,0.0,49,20433,卖盘
608,10:28:52,4.17,0.0,9,3753,卖盘
609,10:28:57,4.18,0.01,1,418,买盘
610,10:29:06,4.17,-0.01,2,834,卖盘
611,10:29:16,4.17,0.0,7,3057,卖盘
612,10:29:27,4.18,0.01,1,418,买盘
613,10:29:42,4.18,0.0,110,45980,买盘
614,10:29:57,4.18,0.0,4,1435,买盘
615,10:30:07,4.17,-0.01,6,2502,卖盘
616,10:30:13,4.17,0.0,2,834,卖盘
617,10:30:21,4.17,0.0,3,1251,卖盘
618,10:30:25,4.17,0.0,112,46704,卖盘
619,10:30:28,4.18,0.01,1,418,买盘
620,10:30:40,4.18,0.0,1,418,买盘
621,10:30:46,4.17,-0.01,7,2919,卖盘
622,10:30:49,4.18,0.01,58,24244,买盘
623,10:30:57,4.18,0.0,1,418,买盘
624,10:31:00,4.17,-0.01,5,2085,卖盘
625,10:31:06,4.17,0.0,6,2502,卖盘
626,10:31:09,4.17,0.0,19,7998,卖盘
627,10:31:19,4.17,0.0,4,1668,卖盘
628,10:31:22,4.17,0.0,3,1251,卖盘
629,10:31:28,4.18,0.01,6,2503,买盘
630,10:31:33,4.17,-0.01,4,1668,卖盘
631,10:31:37,4.17,0.0,3,1251,卖盘
632,10:31:45,4.17,0.0,3,1251,卖盘
633,10:31:48,4.17,0.0,3,1251,卖盘
634,10:31:58,4.18,0.01,1,418,买盘
635,10:32:09,4.17,-0.01,6,2502,卖盘
636,10:32:12,4.17,0.0,104,43368,卖盘
637,10:32:15,4.17,0.0,39,16263,卖盘
638,10:32:19,4.17,0.0,6,2502,卖盘
639,10:32:22,4.17,0.0,2,834,卖盘
640,10:32:24,4.17,0.0,1,417,卖盘
641,10:32:27,4.18,0.01,1,418,买盘
642,10:32:30,4.17,-0.01,5,2085,卖盘
643,10:32:36,4.17,0.0,1,417,卖盘
644,10:32:39,4.17,0.0,53,22101,卖盘
645,10:32:45,4.17,0.0,2,834,卖盘
646,10:32:48,4.17,0.0,4,1668,卖盘
647,10:32:52,4.18,0.01,227,94886,买盘
648,10:32:55,4.17,-0.01,5,2085,卖盘
649,10:32:58,4.18,0.01,4,1669,买盘
650,10:33:04,4.17,-0.01,7,2919,卖盘
651,10:33:09,4.17,0.0,1,417,卖盘
652,10:33:12,4.17,0.0,6,2502,卖盘
653,10:33:28,4.18,0.01,3,1252,买盘
654,10:33:58,4.18,0.0,1,418,买盘
655,10:34:07,4.18,0.0,1,418,买盘
656,10:34:27,4.18,0.0,1,418,买盘
657,10:34:43,4.18,0.0,5,2090,买盘
658,10:34:46,4.18,0.0,149,62282,买盘
659,10:34:54,4.18,0.0,96,40128,买盘
660,10:34:57,4.18,0.0,1,418,买盘
661,10:35:06,4.18,0.0,30,12540,买盘
662,10:35:10,4.18,0.0,97,40546,买盘
663,10:35:13,4.18,0.0,10,4180,买盘
664,10:35:21,4.18,0.0,10,4180,买盘
665,10:35:25,4.18,0.0,33,13794,买盘
666,10:35:28,4.18,0.0,1,418,买盘
667,10:35:42,4.18,0.0,10,4180,买盘
668,10:35:51,4.18,0.0,11,4598,买盘
669,10:35:55,4.18,0.0,27,11286,买盘
670,10:35:58,4.18,0.0,1,418,买盘
671,10:36:04,4.18,0.0,10,4180,买盘
672,10:36:13,4.18,0.0,278,116204,买盘
673,10:36:28,4.18,0.0,4,1672,买盘
674,10:36:34,4.18,0.0,11,4598,买盘
675,10:37:34,4.17,-0.01,3,1251,卖盘
676,10:37:36,4.17,0.0,4,1668,卖盘
677,10:37:39,4.17,0.0,9,3753,卖盘
678,10:38:34,4.17,0.0,78,32526,卖盘
679,10:38:36,4.17,0.0,36,15012,卖盘
680,10:38:40,4.17,0.0,33,13761,卖盘
681,10:39:07,4.18,0.01,1,418,买盘
682,10:39:15,4.18,0.0,13,5434,买盘
683,10:39:21,4.18,0.0,61,25493,买盘
684,10:39:25,4.18,0.0,14,5852,买盘
685,10:39:28,4.18,0.0,78,32604,买盘
686,10:39:31,4.18,0.0,4,1672,买盘
687,10:40:13,4.18,0.0,5,2090,买盘
688,10:40:30,4.17,-0.01,6,2502,卖盘
689,10:40:54,4.17,0.0,100,41700,卖盘
690,10:41:28,4.18,0.01,50,20900,买盘
691,10:41:52,4.17,-0.01,50,20850,卖盘
692,10:41:55,4.17,0.0,100,41700,卖盘
693,10:41:57,4.17,0.0,84,35028,卖盘
694,10:42:00,4.17,0.0,89,37113,卖盘
695,10:42:04,4.17,0.0,14,5838,卖盘
696,10:42:10,4.17,0.0,104,43368,卖盘
697,10:42:13,4.17,0.0,13,5421,卖盘
698,10:42:15,4.17,0.0,1,417,卖盘
699,10:42:18,4.17,0.0,5,2085,卖盘
700,10:42:24,4.17,0.0,50,20850,卖盘
701,10:42:31,4.17,0.0,5,2085,卖盘
702,10:42:46,4.17,0.0,10,4170,卖盘
703,10:42:55,4.17,0.0,3,1251,卖盘
704,10:43:16,4.17,0.0,55,22739,卖盘
705,10:43:19,4.17,0.0,7,2919,买盘
706,10:43:21,4.17,0.0,4,1668,买盘
707,10:43:24,4.17,0.0,4,1668,买盘
708,10:43:27,4.17,0.0,18,7506,买盘
709,10:43:33,4.17,0.0,1,417,买盘
710,10:43:37,4.17,0.0,1,417,买盘
711,10:44:21,4.17,0.0,5,2085,买盘
712,10:44:34,4.17,0.0,4,1668,买盘
713,10:45:27,4.16,-0.01,10,4160,卖盘
714,10:45:45,4.16,0.0,10,4160,卖盘
715,10:46:04,4.17,0.01,3,1251,买盘
716,10:47:12,4.16,-0.01,40,16640,卖盘
717,10:48:33,4.16,0.0,30,12480,卖盘
718,10:49:25,4.17,0.01,1,417,买盘
719,10:49:55,4.17,0.0,2,834,买盘
720,10:49:58,4.16,-0.01,2,832,卖盘
721,10:50:01,4.16,0.0,59,24544,卖盘
722,10:50:15,4.17,0.01,8,3336,买盘
723,10:50:21,4.16,-0.01,10,4160,卖盘
724,10:50:25,4.17,0.01,21,8756,买盘
725,10:50:39,4.17,0.0,39,16263,买盘
726,10:50:54,4.17,0.0,2,834,买盘
727,10:50:58,4.16,-0.01,1,416,卖盘
728,10:51:09,4.17,0.01,143,59631,买盘
729,10:51:12,4.17,0.0,4,1668,买盘
730,10:51:25,4.17,0.0,53,22101,买盘
731,10:51:55,4.17,0.0,2,834,买盘
732,10:51:58,4.17,0.0,7,2919,买盘
733,10:52:43,4.16,-0.01,6,2496,卖盘
734,10:52:49,4.17,0.01,10,4170,买盘
735,10:52:55,4.17,0.0,2,834,买盘
736,10:52:58,4.16,-0.01,24,9984,卖盘
737,10:53:06,4.16,0.0,4,1664,卖盘
738,10:54:09,4.16,0.0,3,1248,卖盘
739,10:54:21,4.16,0.0,106,44096,卖盘
740,10:55:06,4.16,0.0,172,71552,卖盘
741,10:55:15,4.16,0.0,25,10400,卖盘
742,10:55:33,4.16,0.0,1,416,卖盘
743,10:55:40,4.17,0.01,10,4170,买盘
744,10:55:54,4.17,0.0,5,2082,买盘
745,10:56:12,4.17,0.0,2,834,买盘
746,10:56:46,4.17,0.0,10,4170,买盘
747,10:56:54,4.17,0.0,2,834,买盘
748,10:57:00,4.17,0.0,10,4170,买盘
749,10:57:19,4.17,0.0,30,12510,买盘
750,10:57:22,4.17,0.0,10,4170,买盘
751,10:57:30,4.17,0.0,10,4170,买盘
752,10:57:49,4.17,0.0,10,4170,买盘
753,10:57:54,4.17,0.0,2,834,买盘
754,10:58:00,4.17,0.0,14,5838,买盘
755,10:58:04,4.17,0.0,2,834,买盘
756,10:58:09,4.17,0.0,11,4587,买盘
757,10:58:19,4.17,0.0,1,417,买盘
758,10:58:22,4.16,-0.01,3,1248,卖盘
759,10:58:34,4.17,0.01,10,4170,买盘
760,10:58:39,4.17,0.0,118,49206,买盘
761,10:58:42,4.17,0.0,53,22101,买盘
762,10:58:48,4.17,0.0,1,417,买盘
763,10:58:51,4.17,0.0,12,5004,买盘
764,10:58:55,4.17,0.0,5,2085,买盘
765,10:58:58,4.17,0.0,15,6255,买盘
766,10:59:21,4.16,-0.01,8,3334,卖盘
767,10:59:27,4.16,0.0,1,416,卖盘
768,10:59:45,4.17,0.01,15,6255,买盘
769,10:59:55,4.17,0.0,2,834,买盘
770,11:00:51,4.16,-0.01,6,2496,卖盘
771,11:01:06,4.16,0.0,41,17056,卖盘
772,11:01:22,4.16,0.0,8,3328,卖盘
773,11:02:07,4.16,0.0,8,3328,卖盘
774,11:02:28,4.16,0.0,2,832,卖盘
775,11:02:51,4.16,0.0,8,3328,卖盘
776,11:03:10,4.16,0.0,18,7488,卖盘
777,11:03:21,4.17,0.01,15,6255,买盘
778,11:03:36,4.16,-0.01,8,3328,卖盘
779,11:04:22,4.17,0.01,25,10425,买盘
780,11:04:24,4.16,-0.01,8,3328,卖盘
781,11:04:30,4.16,0.0,8,3328,卖盘
782,11:04:33,4.17,0.01,101,42117,买盘
783,11:04:46,4.16,-0.01,10,4160,卖盘
784,11:04:49,4.17,0.01,93,38781,买盘
785,11:04:52,4.17,0.0,11,4587,买盘
786,11:04:54,4.17,0.0,2,834,买盘
787,11:05:04,4.17,0.0,368,153652,买盘
788,11:05:07,4.17,0.0,18,7506,卖盘
789,11:05:09,4.18,0.01,8,3344,买盘
790,11:05:12,4.18,0.0,1,418,买盘
791,11:05:16,4.17,-0.01,50,20850,卖盘
792,11:05:30,4.17,0.0,10,4170,卖盘
793,11:05:34,4.17,0.0,2,834,卖盘
794,11:05:51,4.17,0.0,8,3336,卖盘
795,11:06:24,4.18,0.01,12,5016,买盘
796,11:06:37,4.17,-0.01,8,3336,卖盘
797,11:07:22,4.17,0.0,4,1668,卖盘
798,11:07:54,4.18,0.01,21,8773,买盘
799,11:08:33,4.17,-0.01,15,6255,卖盘
800,11:08:55,4.17,0.0,15,6255,卖盘
801,11:09:22,4.18,0.01,32,13346,买盘
802,11:09:25,4.17,-0.01,1,417,卖盘
803,11:09:55,4.17,0.0,1,417,卖盘
804,11:10:06,4.17,0.0,2,834,卖盘
805,11:11:10,4.17,0.0,6,2502,卖盘
806,11:11:25,4.18,0.01,13,5434,买盘
807,11:11:28,4.17,-0.01,1,417,卖盘
808,11:12:33,4.17,0.0,41,17104,卖盘
809,11:12:52,4.17,0.0,76,31692,卖盘
810,11:13:19,4.17,0.0,6,2502,卖盘
811,11:13:33,4.18,0.01,7,2926,买盘
812,11:13:36,4.18,0.0,1,418,买盘
813,11:13:43,4.17,-0.01,200,83400,卖盘
814,11:13:45,4.17,0.0,11,4587,卖盘
815,11:13:55,4.17,0.0,4,1668,买盘
816,11:14:06,4.17,0.0,81,33777,买盘
817,11:14:09,4.17,0.0,19,7923,卖盘
818,11:14:22,4.17,0.0,5,2085,买盘
819,11:14:55,4.17,0.0,4,1668,买盘
820,11:15:54,4.17,0.0,4,1668,买盘
821,11:16:12,4.17,0.0,1,417,买盘
822,11:16:27,4.16,-0.01,5,2080,卖盘
823,11:16:54,4.16,0.0,30,12480,卖盘
824,11:17:15,4.17,0.01,7,2919,买盘
825,11:17:55,4.17,0.0,13,5421,买盘
826,11:18:16,4.17,0.0,6,2502,买盘
827,11:19:46,4.17,0.0,310,129270,买盘
828,11:19:54,4.17,0.0,10,4170,买盘
829,11:20:00,4.17,0.0,39,16263,买盘
830,11:20:06,4.17,0.0,60,25020,买盘
831,11:20:12,4.17,0.0,16,6672,买盘
832,11:20:21,4.17,0.0,30,12510,买盘
833,11:20:33,4.17,0.0,30,12510,买盘
834,11:20:55,4.17,0.0,55,22935,买盘
835,11:21:18,4.17,0.0,7,2919,买盘
836,11:22:21,4.17,0.0,15,6255,买盘
837,11:22:33,4.17,0.0,20,8340,买盘
838,11:22:45,4.17,0.0,63,26271,买盘
839,11:23:15,4.17,0.0,1,417,买盘
840,11:23:27,4.16,-0.01,106,44096,卖盘
841,11:23:43,4.16,0.0,14,5824,卖盘
842,11:23:51,4.17,0.01,6,2502,买盘
843,11:23:58,4.17,0.0,2,834,买盘
844,11:24:01,4.17,0.0,3,1251,买盘
845,11:24:15,4.17,0.0,1,417,买盘
846,11:24:33,4.17,0.0,4,1668,买盘
847,11:24:37,4.17,0.0,21,8757,买盘
848,11:24:45,4.17,0.0,1,417,买盘
849,11:25:01,4.17,0.0,4,1668,买盘
850,11:25:09,4.17,0.0,10,4170,买盘
851,11:25:15,4.17,0.0,10,4170,买盘
852,11:25:24,4.17,0.0,10,4170,买盘
853,11:25:45,4.17,0.0,200,83400,买盘
854,11:25:49,4.17,0.0,9,3753,买盘
855,11:25:54,4.17,0.0,19,7923,买盘
856,11:26:10,4.17,0.0,200,83400,买盘
857,11:26:16,4.17,0.0,77,32109,买盘
858,11:26:18,4.17,0.0,5,2085,卖盘
859,11:26:21,4.17,0.0,10,4170,卖盘
860,11:26:27,4.18,0.01,5,2090,买盘
861,11:27:10,4.17,-0.01,6,2502,卖盘
862,11:27:22,4.17,0.0,1,417,卖盘
863,11:27:43,4.18,0.01,30,12540,买盘
864,11:28:18,4.17,-0.01,97,40449,卖盘
865,11:28:55,4.18,0.01,15,6270,买盘
866,11:28:58,4.17,-0.01,29,12119,卖盘
867,13:00:00,4.18,0.01,50,20900,买盘
868,13:00:04,4.18,0.0,413,172596,买盘
869,13:00:07,4.17,-0.01,215,89862,卖盘
870,13:00:10,4.18,0.01,615,256507,买盘
871,13:00:16,4.18,0.0,2,836,买盘
872,13:00:24,4.18,0.0,4,1672,买盘
873,13:01:40,4.17,-0.01,54,22518,卖盘
874,13:01:43,4.17,0.0,10,4170,卖盘
875,13:02:04,4.18,0.01,238,99484,买盘
876,13:02:07,4.18,0.0,26,10868,卖盘
877,13:02:16,4.18,0.0,1,418,卖盘
878,13:02:31,4.18,0.0,1,418,卖盘
879,13:03:34,4.18,0.0,13,5434,卖盘
880,13:04:12,4.18,0.0,103,43054,卖盘
881,13:04:27,4.19,0.01,2,838,买盘
882,13:04:33,4.18,-0.01,2,836,卖盘
883,13:05:27,4.18,0.0,30,12540,卖盘
884,13:05:37,4.18,0.0,10,4180,卖盘
885,13:05:51,4.18,0.0,11,4598,卖盘
886,13:05:57,4.19,0.01,40,16760,买盘
887,13:06:04,4.18,-0.01,50,20900,卖盘
888,13:06:25,4.19,0.01,2,838,买盘
889,13:06:30,4.19,0.0,423,177237,买盘
890,13:06:45,4.19,0.0,79,33101,买盘
891,13:06:48,4.19,0.0,38,15922,买盘
892,13:07:22,4.19,0.0,3,1257,买盘
893,13:07:42,4.19,0.0,64,26816,买盘
894,13:08:09,4.19,0.0,197,82543,买盘
895,13:08:27,4.19,0.0,31,12989,买盘
896,13:08:52,4.19,0.0,50,20950,买盘
897,13:09:00,4.19,0.0,200,83800,买盘
898,13:09:04,4.19,0.0,141,59079,买盘
899,13:09:21,4.19,0.0,200,83800,买盘
900,13:09:24,4.19,0.0,10,4190,买盘
901,13:09:49,4.19,0.0,100,41900,买盘
902,13:10:24,4.19,0.0,2,838,买盘
903,13:10:30,4.19,0.0,15,6285,买盘
904,13:11:07,4.19,0.0,8,3352,买盘
905,13:11:24,4.19,0.0,53,22207,买盘
906,13:12:25,4.19,0.0,2,838,买盘
907,13:13:06,4.18,-0.01,30,12540,卖盘
908,13:13:16,4.18,0.0,200,83600,卖盘
909,13:13:30,4.19,0.01,1,419,买盘
910,13:13:34,4.19,0.0,7,2933,买盘
911,13:14:25,4.19,0.0,19,7961,买盘
912,13:14:34,4.18,-0.01,30,12540,卖盘
913,13:14:40,4.18,0.0,20,8360,卖盘
914,13:14:54,4.18,0.0,2,836,卖盘
915,13:16:15,4.19,0.01,200,83800,买盘
916,13:16:25,4.19,0.0,2,838,买盘
917,13:16:34,4.19,0.0,1,419,买盘
918,13:16:40,4.19,0.0,50,20950,买盘
919,13:17:12,4.19,0.0,2,838,买盘
920,13:17:21,4.19,0.0,10,4190,买盘
921,13:17:52,4.19,0.0,1,419,买盘
922,13:18:25,4.19,0.0,2,838,买盘
923,13:18:28,4.19,0.0,3,1257,买盘
924,13:19:04,4.19,0.0,2,838,买盘
925,13:20:00,4.19,0.0,1,419,买盘
926,13:20:15,4.18,-0.01,5,2090,卖盘
927,13:20:21,4.19,0.01,2,838,买盘
928,13:20:34,4.19,0.0,1,419,买盘
929,13:21:12,4.18,-0.01,25,10450,卖盘
930,13:21:15,4.18,0.0,7,2929,卖盘
931,13:21:21,4.18,0.0,21,8778,卖盘
932,13:21:57,4.19,0.01,2,838,买盘
933,13:22:21,4.19,0.0,2,838,买盘
934,13:22:36,4.19,0.0,1,419,买盘
935,13:22:39,4.18,-0.01,10,4180,卖盘
936,13:22:42,4.18,0.0,4,1672,卖盘
937,13:22:54,4.18,0.0,60,25080,卖盘
938,13:23:04,4.18,0.0,30,12540,卖盘
939,13:23:06,4.18,0.0,20,8360,卖盘
940,13:23:15,4.18,0.0,100,41800,卖盘
941,13:23:24,4.19,0.01,3,1257,买盘
942,13:23:34,4.18,-0.01,100,41800,卖盘
943,13:23:40,4.18,0.0,5,2090,卖盘
944,13:23:52,4.18,0.0,56,23408,卖盘
945,13:23:55,4.18,0.0,13,5434,卖盘
946,13:23:58,4.18,0.0,3,1254,卖盘
947,13:24:01,4.18,0.0,4,1672,卖盘
948,13:24:03,4.18,0.0,3,1254,卖盘
949,13:24:06,4.18,0.0,7,2926,卖盘
950,13:24:10,4.19,0.01,84,35114,买盘
951,13:24:12,4.18,-0.01,3,1254,卖盘
952,13:24:15,4.18,0.0,1,418,卖盘
953,13:24:19,4.18,0.0,51,21318,卖盘
954,13:24:22,4.19,0.01,3,1256,买盘
955,13:24:24,4.18,-0.01,3,1254,卖盘
956,13:24:28,4.18,0.0,1,418,卖盘
957,13:24:31,4.18,0.0,1,418,卖盘
958,13:24:34,4.18,0.0,1,418,卖盘
959,13:24:37,4.18,0.0,5,2090,卖盘
960,13:24:43,4.17,-0.01,14,5838,卖盘
961,13:24:51,4.17,0.0,89,37113,卖盘
962,13:24:54,4.18,0.01,100,41800,买盘
963,13:25:54,4.17,-0.01,51,21267,卖盘
964,13:26:15,4.18,0.01,2,836,买盘
965,13:26:22,4.18,0.0,2,836,买盘
966,13:26:25,4.18,0.0,2,836,买盘
967,13:26:37,4.18,0.0,35,14630,买盘
968,13:26:51,4.18,0.0,30,12540,买盘
969,13:26:54,4.18,0.0,4,1672,买盘
970,13:27:24,4.18,0.0,2,836,买盘
971,13:27:55,4.18,0.0,2,836,买盘
972,13:28:22,4.18,0.0,2,836,买盘
973,13:28:24,4.18,0.0,2,836,买盘
974,13:28:54,4.18,0.0,1,418,买盘
975,13:29:13,4.17,-0.01,70,29190,卖盘
976,13:29:24,4.18,0.01,1,418,买盘
977,13:29:30,4.18,0.0,3,1254,买盘
978,13:29:40,4.18,0.0,2,836,买盘
979,13:29:48,4.17,-0.01,9,3753,卖盘
980,13:30:21,4.18,0.01,2,836,买盘
981,13:31:13,4.18,0.0,26,10868,买盘
982,13:31:49,4.17,-0.01,10,4170,卖盘
983,13:32:22,4.17,0.0,22,9176,卖盘
984,13:33:16,4.17,0.0,21,8757,卖盘
985,13:33:18,4.17,0.0,22,9174,卖盘
986,13:33:21,4.17,0.0,6,2502,卖盘
987,13:33:51,4.17,0.0,13,5421,卖盘
988,13:33:54,4.17,0.0,2,834,卖盘
989,13:34:00,4.17,0.0,285,118845,卖盘
990,13:34:03,4.17,0.0,21,8757,卖盘
991,13:34:06,4.17,0.0,47,19599,卖盘
992,13:34:10,4.17,0.0,2,834,买盘
993,13:34:13,4.17,0.0,4,1668,买盘
994,13:34:22,4.17,0.0,2,834,买盘
995,13:35:12,4.17,0.0,700,291900,买盘
996,13:35:15,4.17,0.0,3,1251,买盘
997,13:35:18,4.17,0.0,17,7089,买盘
998,13:35:21,4.18,0.01,183,76494,买盘
999,13:35:31,4.17,-0.01,8,3336,卖盘
1000,13:35:48,4.17,0.0,2,834,买盘
1001,13:35:51,4.17,0.0,21,8757,买盘
1002,13:36:01,4.18,0.01,20,8360,买盘
1003,13:36:21,4.18,0.0,2,836,买盘
1004,13:36:33,4.17,-0.01,8,3336,卖盘
1005,13:38:22,4.18,0.01,2,836,买盘
1006,13:39:21,4.18,0.0,5,2090,买盘
1007,13:39:40,4.18,0.0,5,2090,买盘
1008,13:40:22,4.18,0.0,2,836,买盘
1009,13:41:13,4.17,-0.01,1,417,卖盘
1010,13:41:48,4.17,0.0,6,2502,卖盘
1011,13:42:07,4.17,0.0,6,2502,卖盘
1012,13:42:18,4.17,0.0,103,42951,卖盘
1013,13:42:22,4.18,0.01,2,836,买盘
1014,13:43:24,4.18,0.0,50,20900,买盘
1015,13:43:27,4.18,0.0,5,2090,买盘
1016,13:44:21,4.17,-0.01,13,5423,卖盘
1017,13:44:34,4.17,0.0,24,10008,卖盘
1018,13:44:39,4.18,0.01,2,836,买盘
1019,13:45:58,4.18,0.0,9,3762,买盘
1020,13:46:22,4.18,0.0,2,836,买盘
1021,13:47:13,4.18,0.0,28,11704,买盘
1022,13:48:13,4.17,-0.01,200,83400,卖盘
1023,13:48:16,4.18,0.01,2,836,买盘
1024,13:48:30,4.18,0.0,276,115368,买盘
1025,13:48:33,4.18,0.0,4,1672,买盘
1026,13:49:09,4.18,0.0,4,1672,买盘
1027,13:49:42,4.18,0.0,7,2926,买盘
1028,13:49:51,4.18,0.0,108,45144,买盘
1029,13:49:57,4.18,0.0,2,836,买盘
1030,13:50:06,4.18,0.0,2,836,买盘
1031,13:50:16,4.18,0.0,18,7524,买盘
1032,13:50:22,4.18,0.0,10,4180,买盘
1033,13:50:27,4.17,-0.01,1,417,卖盘
1034,13:50:34,4.18,0.01,30,12540,买盘
1035,13:51:21,4.18,0.0,19,7942,买盘
1036,13:51:37,4.17,-0.01,97,40449,卖盘
1037,13:53:24,4.17,0.0,4,1668,卖盘
1038,13:53:51,4.17,0.0,9,3753,卖盘
1039,13:54:10,4.17,0.0,40,16700,卖盘
1040,13:55:04,4.17,0.0,50,20850,卖盘
1041,13:55:15,4.17,0.0,3,1251,卖盘
1042,13:57:19,4.18,0.01,9,3762,买盘
1043,13:57:21,4.17,-0.01,1,417,卖盘
1044,13:57:42,4.17,0.0,5,2085,卖盘
1045,13:57:51,4.17,0.0,1,417,卖盘
1046,13:58:21,4.17,0.0,1,417,卖盘
1047,13:58:36,4.18,0.01,8,3344,买盘
1048,13:58:51,4.17,-0.01,1,417,卖盘
1049,13:59:06,4.18,0.01,22,9196,买盘
1050,13:59:19,4.18,0.0,11,4598,买盘
1051,13:59:22,4.17,-0.01,5,2085,卖盘
1052,14:00:42,4.18,0.01,33,13794,买盘
1053,14:00:46,4.18,0.0,2,836,买盘
1054,14:00:54,4.18,0.0,6,2508,买盘
1055,14:01:04,4.17,-0.01,9,3753,卖盘
1056,14:01:22,4.18,0.01,15,6270,买盘
1057,14:01:42,4.18,0.0,65,27170,买盘
1058,14:01:45,4.18,0.0,14,5852,买盘
1059,14:01:48,4.18,0.0,2,836,买盘
1060,14:01:57,4.18,0.0,32,13376,买盘
1061,14:02:01,4.18,0.0,1,418,买盘
1062,14:02:10,4.18,0.0,20,8360,买盘
1063,14:02:15,4.18,0.0,2,836,买盘
1064,14:02:49,4.18,0.0,65,27170,买盘
1065,14:02:52,4.18,0.0,2,836,买盘
1066,14:02:58,4.18,0.0,19,7942,买盘
1067,14:03:04,4.18,0.0,7,2926,买盘
1068,14:03:06,4.18,0.0,15,6270,卖盘
1069,14:03:25,4.18,0.0,1,418,卖盘
1070,14:03:46,4.18,0.0,24,10032,卖盘
1071,14:03:51,4.19,0.01,64,26816,买盘
1072,14:03:55,4.18,-0.01,42,17556,卖盘
1073,14:04:55,4.19,0.01,65,27235,买盘
1074,14:04:58,4.18,-0.01,20,8360,卖盘
1075,14:05:25,4.18,0.0,12,5016,卖盘
1076,14:05:54,4.19,0.01,65,27235,买盘
1077,14:06:57,4.19,0.0,64,26816,买盘
1078,14:07:04,4.19,0.0,2,838,买盘
1079,14:07:28,4.19,0.0,19,7961,买盘
1080,14:07:36,4.19,0.0,4,1676,买盘
1081,14:07:42,4.19,0.0,45,18855,买盘
1082,14:07:45,4.19,0.0,2,838,买盘
1083,14:08:01,4.19,0.0,65,27235,买盘
1084,14:08:21,4.18,-0.01,22,9196,卖盘
1085,14:08:30,4.19,0.01,66,27654,买盘
1086,14:08:36,4.19,0.0,2,838,买盘
1087,14:09:04,4.19,0.0,64,26816,买盘
1088,14:09:10,4.19,0.0,4,1676,买盘
1089,14:09:15,4.18,-0.01,30,12540,卖盘
1090,14:09:34,4.19,0.01,65,27235,买盘
1091,14:09:45,4.19,0.0,7,2933,买盘
1092,14:10:07,4.19,0.0,5,2095,买盘
1093,14:10:21,4.18,-0.01,40,16720,卖盘
1094,14:10:40,4.19,0.01,66,27654,买盘
1095,14:10:43,4.19,0.0,3,1257,买盘
1096,14:10:57,4.19,0.0,5,2095,买盘
1097,14:11:19,4.19,0.0,391,163829,买盘
1098,14:11:22,4.19,0.0,23,9637,买盘
1099,14:11:24,4.19,0.0,7,2933,买盘
1100,14:11:30,4.18,-0.01,1,418,卖盘
1101,14:11:43,4.19,0.01,66,27654,买盘
1102,14:11:46,4.19,0.0,2,838,买盘
1103,14:12:04,4.19,0.0,55,23045,买盘
1104,14:12:09,4.19,0.0,237,99303,买盘
1105,14:12:40,4.2,0.01,1,420,买盘
1106,14:12:42,4.19,-0.01,28,11732,卖盘
1107,14:12:46,4.2,0.01,65,27300,买盘
1108,14:13:06,4.19,-0.01,49,20541,卖盘
1109,14:13:09,4.19,0.0,5,2095,卖盘
1110,14:13:28,4.19,0.0,5,2095,卖盘
1111,14:13:36,4.2,0.01,2,840,买盘
1112,14:13:51,4.2,0.0,66,27720,买盘
1113,14:13:57,4.19,-0.01,121,50701,卖盘
1114,14:14:01,4.19,0.0,5,2095,卖盘
1115,14:14:21,4.19,0.0,1,419,卖盘
1116,14:14:49,4.19,0.0,20,8380,卖盘
1117,14:14:55,4.2,0.01,87,36510,买盘
1118,14:15:19,4.19,-0.01,6,2514,卖盘
1119,14:15:48,4.19,0.0,40,16760,买盘
1120,14:16:01,4.19,0.0,65,27235,买盘
1121,14:16:06,4.19,0.0,2,838,买盘
1122,14:16:10,4.19,0.0,10,4190,买盘
1123,14:16:48,4.2,0.01,64,26838,买盘
1124,14:16:52,4.2,0.0,22,9240,买盘
1125,14:16:55,4.19,-0.01,2,838,卖盘
1126,14:17:27,4.19,0.0,129,54051,买盘
1127,14:17:49,4.2,0.01,21,8800,买盘
1128,14:17:52,4.2,0.0,63,26460,买盘
1129,14:18:00,4.19,-0.01,20,8380,卖盘
1130,14:18:21,4.19,0.0,100,41900,卖盘
1131,14:18:27,4.19,0.0,5,2095,卖盘
1132,14:18:31,4.19,0.0,3,1257,卖盘
1133,14:18:52,4.2,0.01,1,420,买盘
1134,14:18:55,4.19,-0.01,71,29813,卖盘
1135,14:19:25,4.19,0.0,6,2516,卖盘
1136,14:19:54,4.2,0.01,63,26460,买盘
1137,14:20:24,4.19,-0.01,2,838,卖盘
1138,14:20:57,4.2,0.01,64,26880,买盘
1139,14:21:16,4.2,0.0,5,2100,买盘
1140,14:21:31,4.19,-0.01,1,419,卖盘
1141,14:21:46,4.19,0.0,20,8380,卖盘
1142,14:22:01,4.19,0.0,73,30650,卖盘
1143,14:22:25,4.19,0.0,100,41900,卖盘
1144,14:22:36,4.19,0.0,10,4190,卖盘
1145,14:22:54,4.19,0.0,1,419,卖盘
1146,14:23:00,4.2,0.01,64,26880,买盘
1147,14:23:22,4.19,-0.01,4,1676,卖盘
1148,14:23:45,4.19,0.0,19,7961,卖盘
1149,14:24:04,4.2,0.01,63,26460,买盘
1150,14:24:10,4.2,0.0,5,2100,买盘
1151,14:24:52,4.19,-0.01,10,4190,卖盘
1152,14:25:39,4.19,0.0,8,3352,卖盘
1153,14:26:21,4.19,0.0,100,41900,卖盘
1154,14:26:25,4.19,0.0,20,8380,卖盘
1155,14:26:27,4.19,0.0,5,2095,卖盘
1156,14:26:31,4.19,0.0,1,419,卖盘
1157,14:26:33,4.19,0.0,2,838,卖盘
1158,14:26:48,4.19,0.0,127,53213,卖盘
1159,14:27:06,4.2,0.01,150,62945,买盘
1160,14:27:48,4.19,-0.01,23,9637,买盘
1161,14:28:13,4.19,0.0,67,28073,卖盘
1162,14:28:31,4.19,0.0,10,4190,买盘
1163,14:29:21,4.18,-0.01,1,418,卖盘
1164,14:30:04,4.18,0.0,10,4180,卖盘
1165,14:30:43,4.18,0.0,15,6270,卖盘
1166,14:30:58,4.18,0.0,20,8360,卖盘
1167,14:31:10,4.18,0.0,7,2926,卖盘
1168,14:31:22,4.18,0.0,3,1254,卖盘
1169,14:31:55,4.19,0.01,8,3352,买盘
1170,14:32:22,4.18,-0.01,301,125818,卖盘
1171,14:32:28,4.19,0.01,67,28073,买盘
1172,14:32:30,4.18,-0.01,4,1672,卖盘
1173,14:33:07,4.18,0.0,45,18810,卖盘
1174,14:33:12,4.19,0.01,25,10475,买盘
1175,14:33:15,4.18,-0.01,22,9196,卖盘
1176,14:33:27,4.18,0.0,4,1672,卖盘
1177,14:33:31,4.18,0.0,41,17138,卖盘
1178,14:33:55,4.19,0.01,3,1257,买盘
1179,14:35:24,4.18,-0.01,3,1254,卖盘
1180,14:35:30,4.18,0.0,4,1672,卖盘
1181,14:35:33,4.18,0.0,5,2090,卖盘
1182,14:35:37,4.18,0.0,1,418,卖盘
1183,14:35:39,4.18,0.0,4,1672,卖盘
1184,14:35:46,4.18,0.0,5,2090,卖盘
1185,14:36:28,4.18,0.0,25,10450,卖盘
1186,14:37:01,4.17,-0.01,17,7089,卖盘
1187,14:37:15,4.17,0.0,50,20850,卖盘
1188,14:37:52,4.17,0.0,10,4170,卖盘
1189,14:39:06,4.17,0.0,300,125100,卖盘
1190,14:40:09,4.17,0.0,100,41700,卖盘
1191,14:40:12,4.17,0.0,5,2085,卖盘
1192,14:40:25,4.17,0.0,73,30441,卖盘
1193,14:40:28,4.17,0.0,4,1668,买盘
1194,14:42:46,4.16,-0.01,15,6240,卖盘
1195,14:42:51,4.16,0.0,50,20800,卖盘
1196,14:43:01,4.17,0.01,7,2919,买盘
1197,14:43:12,4.16,-0.01,10,4160,卖盘
1198,14:43:40,4.17,0.01,8,3336,买盘
1199,14:45:07,4.17,0.0,2,834,买盘
1200,14:45:18,4.17,0.0,8,3336,买盘
1201,14:45:33,4.16,-0.01,978,406848,卖盘
1202,14:45:58,4.17,0.01,90,37530,买盘
1203,14:46:01,4.17,0.0,4,1668,买盘
1204,14:46:04,4.16,-0.01,1,496,卖盘
1205,14:46:19,4.17,0.01,1,417,买盘
1206,14:46:25,4.17,0.0,28,11676,买盘
1207,14:46:51,4.16,-0.01,299,124384,卖盘
1208,14:47:16,4.17,0.01,2,834,买盘
1209,14:47:19,4.17,0.0,3,1251,买盘
1210,14:47:24,4.17,0.0,50,20850,买盘
1211,14:47:57,4.16,-0.01,13,5408,卖盘
1212,14:48:04,4.16,0.0,10,4160,卖盘
1213,14:48:16,4.17,0.01,1,417,买盘
1214,14:48:34,4.17,0.0,1,417,买盘
1215,14:48:45,4.17,0.0,4,1668,买盘
1216,14:49:04,4.16,-0.01,20,8320,卖盘
1217,14:49:10,4.17,0.01,1,417,买盘
1218,14:49:12,4.17,0.0,2,834,买盘
1219,14:49:15,4.17,0.0,6,2502,买盘
1220,14:49:24,4.16,-0.01,10,4160,卖盘
1221,14:50:04,4.17,0.01,1,417,买盘
1222,14:50:06,4.16,-0.01,41,17056,卖盘
1223,14:50:10,4.17,0.01,1,417,买盘
1224,14:50:24,4.17,0.0,10,4170,买盘
1225,14:50:37,4.17,0.0,100,41700,买盘
1226,14:50:40,4.17,0.0,99,41283,买盘
1227,14:50:43,4.17,0.0,1,417,卖盘
1228,14:50:46,4.17,0.0,21,8757,买盘
1229,14:50:49,4.17,0.0,3,1251,卖盘
1230,14:50:58,4.18,0.01,90,37620,买盘
1231,14:51:10,4.18,0.0,2,836,买盘
1232,14:51:46,4.18,0.0,144,60192,买盘
1233,14:52:06,4.17,-0.01,30,12510,卖盘
1234,14:52:10,4.18,0.01,1,418,买盘
1235,14:52:19,4.18,0.0,1,418,买盘
1236,14:52:43,4.18,0.0,25,10450,买盘
1237,14:53:09,4.18,0.0,2,836,买盘
1238,14:53:18,4.17,-0.01,19,7923,卖盘
1239,14:53:37,4.17,0.0,13,5421,卖盘
1240,14:53:40,4.17,0.0,5,2085,买盘
1241,14:53:52,4.17,0.0,46,19182,买盘
1242,14:54:22,4.17,0.0,3,1251,买盘
1243,14:55:07,4.16,-0.01,1,366,卖盘
1244,14:55:13,4.17,0.01,10,4170,买盘
1245,14:55:16,4.17,0.0,71,29607,买盘
1246,14:55:19,4.17,0.0,17,7089,买盘
1247,14:55:21,4.17,0.0,4,1668,买盘
1248,14:55:54,4.17,0.0,137,57129,买盘
1249,14:56:13,4.18,0.01,1,418,买盘
1250,14:56:19,4.18,0.0,3,1254,买盘
1251,14:56:22,4.18,0.0,41,17137,买盘
1252,14:56:25,4.18,0.0,100,41800,买盘
1253,14:56:27,4.18,0.0,66,27588,买盘
1254,14:56:31,4.18,0.0,5,2090,买盘
1255,14:56:42,4.17,-0.01,30,12510,卖盘
1256,14:56:46,4.18,0.01,5,2090,买盘
1257,14:56:49,4.17,-0.01,70,29190,卖盘
1258,15:00:04,4.17,0.0,140,58380,卖盘
