,time,price,change,volume,amount,type
0,09:25:04,5.48,-0.14,2842,1557416,卖盘
1,09:30:01,5.45,-0.03,166,90592,卖盘
2,09:30:04,5.47,0.02,898,489735,买盘
3,09:30:07,5.44,-0.03,592,322505,卖盘
4,09:30:10,5.44,0.0,263,142915,卖盘
5,09:30:13,5.45,0.01,58,31629,买盘
6,09:30:16,5.44,-0.01,120,65300,卖盘
7,09:30:19,5.44,0.0,85,46248,卖盘
8,09:30:21,5.44,0.0,56,30464,卖盘
9,09:30:25,5.44,0.0,1010,548072,买盘
10,09:30:28,5.43,-0.01,135,73248,卖盘
11,09:30:31,5.41,-0.02,499,270376,卖盘
12,09:30:33,5.43,0.02,102,55386,买盘
13,09:30:37,5.43,0.0,158,85935,卖盘
14,09:30:40,5.43,0.0,1036,561231,卖盘
15,09:30:43,5.43,0.0,54,29322,买盘
16,09:30:46,5.43,0.0,306,166162,买盘
17,09:30:49,5.4,-0.03,1107,598508,卖盘
18,09:30:52,5.4,0.0,77,41550,买盘
19,09:30:55,5.4,0.0,79,42660,买盘
20,09:30:58,5.4,0.0,48,25900,买盘
21,09:31:01,5.4,0.0,92,49657,买盘
22,09:31:04,5.4,0.0,103,55650,卖盘
23,09:31:07,5.44,0.04,190,103166,买盘
24,09:31:10,5.4,-0.04,40,21600,卖盘
25,09:31:16,5.4,0.0,1020,550902,卖盘
26,09:31:19,5.4,0.0,329,177731,卖盘
27,09:31:22,5.4,0.0,166,89640,买盘
28,09:31:24,5.4,0.0,74,39960,买盘
29,09:31:28,5.41,0.01,88,47596,买盘
30,09:31:31,5.4,-0.01,2,1080,卖盘
31,09:31:34,5.41,0.01,9,4869,买盘
32,09:31:37,5.41,0.0,16,8656,卖盘
33,09:31:40,5.41,0.0,24,12990,卖盘
34,09:31:43,5.42,0.01,5,2710,买盘
35,09:31:46,5.42,0.0,73,39502,买盘
36,09:31:49,5.42,0.0,20,10840,卖盘
37,09:31:52,5.44,0.02,199,108209,买盘
38,09:31:57,5.44,0.0,60,32640,卖盘
39,09:32:01,5.44,0.0,121,65845,卖盘
40,09:32:04,5.46,0.02,93,50735,买盘
41,09:32:13,5.46,0.0,21,11466,买盘
42,09:32:16,5.45,-0.01,318,173310,卖盘
43,09:32:22,5.46,0.01,51,27800,买盘
44,09:32:24,5.46,0.0,151,82446,买盘
45,09:32:27,5.45,-0.01,63,34355,卖盘
46,09:32:31,5.46,0.01,232,126670,买盘
47,09:32:34,5.45,-0.01,142,77438,卖盘
48,09:32:37,5.46,0.01,315,171930,卖盘
49,09:32:39,5.46,0.0,6,3276,卖盘
50,09:32:42,5.46,0.0,1,546,卖盘
51,09:32:46,5.46,0.0,327,178542,卖盘
52,09:32:48,5.46,0.0,91,49686,买盘
53,09:32:55,5.46,0.0,5,2730,买盘
54,09:32:58,5.46,0.0,84,45864,买盘
55,09:33:01,5.45,-0.01,47,25625,卖盘
56,09:33:04,5.45,0.0,11,5999,卖盘
57,09:33:06,5.45,0.0,11,5997,卖盘
58,09:33:10,5.46,0.01,11,6000,买盘
59,09:33:12,5.45,-0.01,301,164092,卖盘
60,09:33:16,5.45,0.0,62,33833,卖盘
61,09:33:19,5.46,0.01,354,193284,买盘
62,09:33:21,5.46,0.0,57,31122,卖盘
63,09:33:24,5.46,0.0,142,77532,卖盘
64,09:33:28,5.46,0.0,17,9282,卖盘
65,09:33:31,5.46,0.0,62,33852,卖盘
66,09:33:34,5.46,0.0,5,2730,卖盘
67,09:33:37,5.46,0.0,276,150445,买盘
68,09:33:39,5.46,0.0,59,32214,买盘
69,09:33:43,5.46,0.0,36,19656,卖盘
70,09:33:52,5.46,0.0,6,3276,卖盘
71,09:33:55,5.46,0.0,272,148512,卖盘
72,09:34:01,5.45,-0.01,101,55045,卖盘
73,09:34:04,5.46,0.01,466,254427,买盘
74,09:34:07,5.46,0.0,23,12558,卖盘
75,09:34:10,5.46,0.0,50,27300,卖盘
76,09:34:13,5.46,0.0,55,30030,卖盘
77,09:34:16,5.46,0.0,92,50222,买盘
78,09:34:19,5.46,0.0,30,16360,买盘
79,09:34:22,5.45,-0.01,80,43650,卖盘
80,09:34:25,5.46,0.01,31,16926,买盘
81,09:34:27,5.46,0.0,200,109200,买盘
82,09:34:31,5.46,0.0,27,14742,买盘
83,09:34:34,5.45,-0.01,128,69868,卖盘
84,09:34:36,5.46,0.01,200,109200,买盘
85,09:34:40,5.46,0.0,50,27300,买盘
86,09:34:43,5.46,0.0,5,2730,买盘
87,09:34:46,5.46,0.0,54,29451,买盘
88,09:34:49,5.46,0.0,10,5460,买盘
89,09:34:52,5.46,0.0,5,2730,买盘
90,09:34:55,5.46,0.0,21,11466,买盘
91,09:34:58,5.46,0.0,344,187824,买盘
92,09:35:01,5.46,0.0,42,22932,买盘
93,09:35:04,5.46,0.0,332,181267,买盘
94,09:35:07,5.46,0.0,73,39858,卖盘
95,09:35:10,5.46,0.0,57,31122,卖盘
96,09:35:13,5.46,0.0,3,1638,卖盘
97,09:35:16,5.46,0.0,135,73710,卖盘
98,09:35:19,5.46,0.0,50,27300,买盘
99,09:35:22,5.46,0.0,1,546,买盘
100,09:35:28,5.45,-0.01,160,87200,卖盘
101,09:35:34,5.45,0.0,355,193783,卖盘
102,09:35:37,5.46,0.01,19,10374,买盘
103,09:35:40,5.45,-0.01,63,34335,卖盘
104,09:35:43,5.45,0.0,9,4905,卖盘
105,09:35:45,5.45,0.0,58,31610,卖盘
106,09:35:49,5.45,0.0,76,41420,卖盘
107,09:35:55,5.46,0.01,150,81900,买盘
108,09:36:01,5.45,-0.01,115,62680,卖盘
109,09:36:04,5.46,0.01,15,8190,买盘
110,09:36:18,5.46,0.0,110,59990,买盘
111,09:36:21,5.45,-0.01,2,1090,卖盘
112,09:36:25,5.45,0.0,6,3270,卖盘
113,09:36:28,5.45,0.0,40,21800,卖盘
114,09:36:31,5.45,0.0,10,5450,卖盘
115,09:36:49,5.45,0.0,20,10900,卖盘
116,09:36:51,5.46,0.01,3,1638,买盘
117,09:36:54,5.45,-0.01,20,10900,卖盘
118,09:36:57,5.46,0.01,38,20748,买盘
119,09:37:01,5.46,0.0,100,54600,买盘
120,09:37:04,5.46,0.0,77,42015,买盘
121,09:37:07,5.46,0.0,205,111930,买盘
122,09:37:10,5.45,-0.01,11,5995,卖盘
123,09:37:13,5.46,0.01,72,39312,买盘
124,09:37:15,5.46,0.0,98,53508,买盘
125,09:37:19,5.46,0.0,40,21840,买盘
126,09:37:21,5.46,0.0,115,62790,买盘
127,09:37:24,5.46,0.0,7,3822,卖盘
128,09:37:28,5.46,0.0,29,15834,卖盘
129,09:37:31,5.46,0.0,5,2730,卖盘
130,09:37:34,5.46,0.0,40,21860,卖盘
131,09:37:37,5.46,0.0,88,48048,卖盘
132,09:37:40,5.46,0.0,660,360360,卖盘
133,09:37:42,5.46,0.0,30,16380,卖盘
134,09:37:46,5.46,0.0,5,2730,卖盘
135,09:37:48,5.45,-0.01,126,68716,卖盘
136,09:37:54,5.46,0.01,11,6006,买盘
137,09:37:58,5.46,0.0,10,5460,买盘
138,09:38:00,5.45,-0.01,105,57297,卖盘
139,09:38:04,5.46,0.01,114,62199,买盘
140,09:38:07,5.45,-0.01,200,109000,卖盘
141,09:38:10,5.45,0.0,30,16350,卖盘
142,09:38:12,5.45,0.0,11,5995,卖盘
143,09:38:22,5.46,0.01,11,6006,买盘
144,09:38:25,5.45,-0.01,1109,604408,卖盘
145,09:38:28,5.45,0.0,40,21800,买盘
146,09:38:36,5.44,-0.01,58,31552,卖盘
147,09:38:40,5.44,0.0,98,53312,卖盘
148,09:38:46,5.44,0.0,11,5990,卖盘
149,09:38:49,5.44,0.0,81,44064,卖盘
150,09:38:52,5.44,0.0,535,291090,卖盘
151,09:38:55,5.45,0.01,10,5450,买盘
152,09:38:58,5.44,-0.01,57,31008,卖盘
153,09:39:01,5.44,0.0,75,40818,卖盘
154,09:39:04,5.44,0.0,134,72901,卖盘
155,09:39:07,5.44,0.0,39,21216,买盘
156,09:39:10,5.43,-0.01,307,166701,卖盘
157,09:39:13,5.44,0.01,206,111874,买盘
158,09:39:18,5.43,-0.01,10,5430,卖盘
159,09:39:22,5.44,0.01,40,21760,买盘
160,09:39:25,5.44,0.0,34,18496,卖盘
161,09:39:28,5.43,-0.01,110,59754,卖盘
162,09:39:31,5.44,0.01,6,3264,买盘
163,09:39:34,5.44,0.0,2,1088,买盘
164,09:39:37,5.44,0.0,73,39644,买盘
165,09:39:43,5.44,0.0,14,7616,买盘
166,09:39:45,5.44,0.0,1,544,买盘
167,09:39:55,5.43,-0.01,25,13595,卖盘
168,09:39:58,5.44,0.01,15,8160,买盘
169,09:40:01,5.43,-0.01,109,59188,卖盘
170,09:40:06,5.43,0.0,204,110772,卖盘
171,09:40:13,5.44,0.01,91,49504,买盘
172,09:40:19,5.43,-0.01,86,46698,卖盘
173,09:40:22,5.44,0.01,24,13056,买盘
174,09:40:25,5.44,0.0,160,87040,买盘
175,09:40:31,5.44,0.0,179,97376,买盘
176,09:40:34,5.44,0.0,368,200192,买盘
177,09:40:37,5.44,0.0,55,29920,卖盘
178,09:40:40,5.45,0.01,100,54500,买盘
179,09:40:45,5.45,0.0,119,64855,买盘
180,09:40:48,5.45,0.0,87,47415,买盘
181,09:40:58,5.46,0.01,19,10374,买盘
182,09:41:01,5.46,0.0,48,26170,买盘
183,09:41:04,5.46,0.0,58,31668,买盘
184,09:41:07,5.46,0.0,50,27300,买盘
185,09:41:10,5.46,0.0,34,18555,买盘
186,09:41:13,5.46,0.0,17,9282,买盘
187,09:41:21,5.47,0.01,19,10393,买盘
188,09:41:25,5.47,0.0,48,26256,买盘
189,09:41:28,5.47,0.0,7,3829,买盘
190,09:41:31,5.47,0.0,179,97754,买盘
191,09:41:33,5.47,0.0,463,253215,买盘
192,09:41:37,5.47,0.0,10,5470,卖盘
193,09:41:49,5.48,0.01,1,548,买盘
194,09:41:52,5.48,0.0,130,71240,买盘
195,09:41:55,5.48,0.0,54,29592,买盘
196,09:41:58,5.48,0.0,6,3288,买盘
197,09:42:01,5.49,0.01,310,170137,买盘
198,09:42:07,5.49,0.0,89,48861,买盘
199,09:42:12,5.49,0.0,5,2745,买盘
200,09:42:16,5.49,0.0,68,37332,买盘
201,09:42:19,5.48,-0.01,68,37282,卖盘
202,09:42:24,5.49,0.01,3,1647,买盘
203,09:42:31,5.48,-0.01,29,15901,卖盘
204,09:42:34,5.49,0.01,40,21960,买盘
205,09:42:37,5.49,0.0,65,35635,买盘
206,09:42:43,5.49,0.0,71,38979,买盘
207,09:42:46,5.48,-0.01,20,10960,卖盘
208,09:42:48,5.49,0.01,20,10980,买盘
209,09:42:52,5.48,-0.01,60,32880,卖盘
210,09:42:58,5.48,0.0,66,36112,买盘
211,09:43:04,5.48,0.0,6,3288,买盘
212,09:43:10,5.48,0.0,101,55339,买盘
213,09:43:16,5.48,0.0,133,72884,买盘
214,09:43:19,5.47,-0.01,24,13128,卖盘
215,09:43:22,5.48,0.01,5,2740,买盘
216,09:43:31,5.47,-0.01,20,10940,卖盘
217,09:43:34,5.48,0.01,500,274000,买盘
218,09:43:37,5.48,0.0,65,35573,买盘
219,09:43:40,5.47,-0.01,15,8205,卖盘
220,09:43:43,5.47,0.0,50,27350,卖盘
221,09:43:46,5.48,0.01,27,14789,买盘
222,09:43:49,5.47,-0.01,30,16410,卖盘
223,09:43:54,5.47,0.0,2,1094,卖盘
224,09:43:58,5.47,0.0,23,12581,卖盘
225,09:44:04,5.47,0.0,35,19145,卖盘
226,09:44:10,5.47,0.0,1,547,卖盘
227,09:44:13,5.47,0.0,39,21333,卖盘
228,09:44:16,5.48,0.01,28,15344,买盘
229,09:44:34,5.48,0.0,28,15344,买盘
230,09:44:46,5.48,0.0,10,5480,买盘
231,09:44:49,5.48,0.0,12,6576,买盘
232,09:44:55,5.48,0.0,20,10960,买盘
233,09:44:58,5.48,0.0,53,29044,买盘
234,09:45:01,5.47,-0.01,10,5470,卖盘
235,09:45:07,5.48,0.01,2,1096,买盘
236,09:45:13,5.47,-0.01,100,54700,卖盘
237,09:45:19,5.47,0.0,200,109400,卖盘
238,09:45:27,5.47,0.0,27,14769,卖盘
239,09:45:31,5.47,0.0,3,1641,卖盘
240,09:45:37,5.47,0.0,4,2188,卖盘
241,09:45:39,5.47,0.0,50,27350,卖盘
242,09:45:43,5.47,0.0,194,106263,卖盘
243,09:45:52,5.48,0.01,57,31236,买盘
244,09:45:58,5.47,-0.01,5,2735,卖盘
245,09:46:04,5.48,0.01,27,14796,买盘
246,09:46:07,5.48,0.0,129,70603,买盘
247,09:46:09,5.47,-0.01,40,21880,卖盘
248,09:46:13,5.48,0.01,22,12056,买盘
249,09:46:19,5.47,-0.01,100,54700,卖盘
250,09:46:34,5.47,0.0,108,59076,卖盘
251,09:46:36,5.47,0.0,20,10940,卖盘
252,09:46:49,5.47,0.0,13,7111,卖盘
253,09:46:55,5.47,0.0,3,1641,卖盘
254,09:46:57,5.47,0.0,23,12581,卖盘
255,09:47:13,5.47,0.0,34,18598,卖盘
256,09:47:16,5.47,0.0,31,16957,卖盘
257,09:47:46,5.47,0.0,11,6017,卖盘
258,09:47:55,5.47,0.0,1,547,卖盘
259,09:47:57,5.47,0.0,255,139485,卖盘
260,09:48:01,5.47,0.0,184,100648,卖盘
261,09:48:04,5.47,0.0,23,12581,卖盘
262,09:48:12,5.47,0.0,20,10940,卖盘
263,09:48:16,5.48,0.01,18,9864,买盘
264,09:48:34,5.48,0.0,4,2192,买盘
265,09:48:37,5.48,0.0,18,9864,买盘
266,09:48:43,5.47,-0.01,45,24650,卖盘
267,09:48:49,5.48,0.01,8,4384,买盘
268,09:48:52,5.48,0.0,628,344144,买盘
269,09:48:55,5.47,-0.01,141,77127,卖盘
270,09:48:58,5.47,0.0,42,22974,买盘
271,09:49:01,5.47,0.0,3,1641,买盘
272,09:49:09,5.48,0.01,96,52548,买盘
273,09:49:19,5.46,-0.02,527,288001,卖盘
274,09:49:25,5.48,0.02,77,42196,买盘
275,09:49:40,5.48,0.0,172,94256,买盘
276,09:49:46,5.47,-0.01,36,19692,卖盘
277,09:49:49,5.47,0.0,2,1094,卖盘
278,09:49:52,5.48,0.01,40,21920,买盘
279,09:50:16,5.47,-0.01,150,82050,卖盘
280,09:50:21,5.47,0.0,100,54700,卖盘
281,09:50:25,5.47,0.0,3,1641,卖盘
282,09:50:28,5.47,0.0,6,3282,卖盘
283,09:50:34,5.48,0.01,50,27400,买盘
284,09:50:40,5.47,-0.01,4,2188,卖盘
285,09:50:43,5.47,0.0,30,16410,卖盘
286,09:50:52,5.48,0.01,10,5480,买盘
287,09:50:55,5.47,-0.01,46,25172,卖盘
288,09:50:58,5.48,0.01,141,77268,买盘
289,09:51:07,5.47,-0.01,27,14769,卖盘
290,09:51:09,5.47,0.0,1,547,卖盘
291,09:51:16,5.48,0.01,33,18084,买盘
292,09:51:19,5.47,-0.01,115,62905,卖盘
293,09:51:22,5.48,0.01,2,1096,买盘
294,09:51:28,5.47,-0.01,105,57435,卖盘
295,09:51:34,5.47,0.0,100,54700,卖盘
296,09:51:43,5.48,0.01,5,2740,买盘
297,09:51:46,5.47,-0.01,8,4376,卖盘
298,09:51:49,5.47,0.0,29,15863,卖盘
299,09:51:51,5.47,0.0,95,51965,卖盘
300,09:52:01,5.47,0.0,182,99554,卖盘
301,09:52:04,5.47,0.0,46,25172,卖盘
302,09:52:10,5.47,0.0,79,43213,卖盘
303,09:52:13,5.47,0.0,50,27350,卖盘
304,09:52:22,5.48,0.01,48,26265,买盘
305,09:52:25,5.47,-0.01,27,14769,中性盘
306,09:52:28,5.47,0.0,6,3282,卖盘
307,09:52:34,5.48,0.01,5,2740,买盘
308,09:52:37,5.47,-0.01,51,27897,卖盘
309,09:52:39,5.47,0.0,57,31179,买盘
310,09:52:43,5.47,0.0,2,1094,买盘
311,09:52:49,5.47,0.0,30,16410,买盘
312,09:52:52,5.47,0.0,92,50324,买盘
313,09:53:16,5.47,0.0,39,21333,卖盘
314,09:53:22,5.47,0.0,5,2735,卖盘
315,09:53:24,5.47,0.0,20,10940,卖盘
316,09:53:39,5.47,0.0,40,21880,卖盘
317,09:53:52,5.48,0.01,20,10960,买盘
318,09:53:55,5.47,-0.01,10,5470,卖盘
319,09:53:58,5.47,0.0,10,5470,卖盘
320,09:54:10,5.47,0.0,46,25162,卖盘
321,09:54:13,5.47,0.0,217,119065,卖盘
322,09:54:16,5.47,0.0,15,8205,卖盘
323,09:54:19,5.47,0.0,53,28991,卖盘
324,09:54:31,5.47,0.0,38,20786,卖盘
325,09:54:37,5.47,0.0,10,5470,卖盘
326,09:54:43,5.47,0.0,92,50324,卖盘
327,09:54:52,5.47,0.0,41,22427,卖盘
328,09:54:54,5.47,0.0,40,21880,卖盘
329,09:54:58,5.47,0.0,3,1275,卖盘
330,09:55:04,5.46,-0.01,31,16942,卖盘
331,09:55:10,5.47,0.01,3,1641,买盘
332,09:55:13,5.47,0.0,15,8205,买盘
333,09:55:16,5.47,0.0,2,1094,买盘
334,09:55:19,5.47,0.0,17,9299,买盘
335,09:55:37,5.46,-0.01,127,69342,卖盘
336,09:55:43,5.47,0.01,202,110301,买盘
337,09:55:46,5.46,-0.01,49,26754,卖盘
338,09:55:51,5.47,0.01,279,152979,买盘
339,09:56:07,5.48,0.01,50,27400,买盘
340,09:56:13,5.47,-0.01,31,16957,卖盘
341,09:56:22,5.47,0.0,17,9299,卖盘
342,09:56:28,5.47,0.0,17,9299,卖盘
343,09:56:33,5.47,0.0,20,10940,卖盘
344,09:56:37,5.47,0.0,15,8205,卖盘
345,09:56:51,5.47,0.0,27,14769,卖盘
346,09:57:04,5.47,0.0,5,2735,卖盘
347,09:57:13,5.47,0.0,100,54700,卖盘
348,09:57:16,5.47,0.0,4,2188,卖盘
349,09:57:19,5.47,0.0,121,66194,卖盘
350,09:57:22,5.47,0.0,7,3463,卖盘
351,09:57:25,5.47,0.0,3,2007,买盘
352,09:57:28,5.47,0.0,13,7111,卖盘
353,09:57:31,5.47,0.0,22,11668,卖盘
354,09:57:37,5.46,-0.01,67,36592,卖盘
355,09:57:52,5.47,0.01,2,1094,买盘
356,09:57:55,5.47,0.0,1,547,买盘
357,09:58:09,5.46,-0.01,6,3276,卖盘
358,09:58:16,5.46,0.0,85,46410,卖盘
359,09:58:31,5.47,0.01,37,20235,买盘
360,09:58:36,5.47,0.0,10,5470,买盘
361,09:58:40,5.47,0.0,10,5470,买盘
362,09:59:01,5.46,-0.01,171,93367,卖盘
363,09:59:04,5.47,0.01,20,10940,买盘
364,09:59:06,5.47,0.0,28,15316,买盘
365,09:59:12,5.46,-0.01,113,61718,卖盘
366,09:59:16,5.47,0.01,100,54698,买盘
367,09:59:22,5.46,-0.01,11,6008,卖盘
368,09:59:25,5.47,0.01,3,1641,买盘
369,09:59:31,5.47,0.0,70,38290,买盘
370,09:59:34,5.47,0.0,5,2735,买盘
371,09:59:37,5.47,0.0,133,72751,买盘
372,09:59:40,5.47,0.0,3,1641,买盘
373,09:59:42,5.47,0.0,18,9846,买盘
374,09:59:46,5.47,0.0,11,6017,买盘
375,09:59:49,5.46,-0.01,1,546,卖盘
376,09:59:55,5.47,0.01,50,27716,买盘
377,10:00:00,5.47,0.0,1,547,卖盘
378,10:00:10,5.47,0.0,70,38290,卖盘
379,10:00:13,5.47,0.0,50,27350,卖盘
380,10:00:16,5.47,0.0,50,27350,卖盘
381,10:00:22,5.48,0.01,52,28454,买盘
382,10:01:01,5.47,-0.01,288,157170,卖盘
383,10:01:04,5.47,0.0,7,4195,买盘
384,10:01:07,5.48,0.01,11,6028,买盘
385,10:01:13,5.48,0.0,40,21920,买盘
386,10:01:16,5.46,-0.02,19,10386,卖盘
387,10:01:25,5.48,0.02,10,5480,买盘
388,10:01:28,5.47,-0.01,14,7658,卖盘
389,10:01:39,5.47,0.0,4,2188,买盘
390,10:02:04,5.47,0.0,185,101195,买盘
391,10:02:07,5.46,-0.01,27,14742,卖盘
392,10:02:10,5.46,0.0,8,4368,卖盘
393,10:02:16,5.46,0.0,45,24570,卖盘
394,10:02:22,5.47,0.01,20,10940,买盘
395,10:02:25,5.46,-0.01,3,1638,卖盘
396,10:02:28,5.46,0.0,1,546,卖盘
397,10:02:31,5.46,0.0,28,15288,卖盘
398,10:02:43,5.46,0.0,6,3276,卖盘
399,10:02:46,5.47,0.01,4,2188,买盘
400,10:02:52,5.46,-0.01,24,13104,卖盘
401,10:03:06,5.46,0.0,412,224952,卖盘
402,10:03:12,5.46,0.0,5,2730,卖盘
403,10:03:22,5.46,0.0,10,5460,卖盘
404,10:03:28,5.46,0.0,45,24570,卖盘
405,10:03:31,5.46,0.0,38,20748,卖盘
406,10:03:34,5.46,0.0,113,61332,卖盘
407,10:03:45,5.46,0.0,19,10740,买盘
408,10:03:52,5.45,-0.01,582,316879,卖盘
409,10:04:01,5.45,0.0,12,6540,买盘
410,10:04:04,5.45,0.0,6,3635,买盘
411,10:04:10,5.45,0.0,30,16350,卖盘
412,10:04:13,5.46,0.01,2,1092,买盘
413,10:04:19,5.45,-0.01,33,17985,卖盘
414,10:04:40,5.46,0.01,30,16380,买盘
415,10:04:45,5.46,0.0,5,2730,买盘
416,10:04:48,5.46,0.0,20,10920,买盘
417,10:04:51,5.46,0.0,42,22932,买盘
418,10:04:55,5.46,0.0,179,97734,买盘
419,10:05:07,5.47,0.01,50,27350,买盘
420,10:05:16,5.47,0.0,6,3282,买盘
421,10:05:19,5.47,0.0,85,46495,买盘
422,10:05:21,5.46,-0.01,125,68250,卖盘
423,10:05:24,5.47,0.01,31,16957,买盘
424,10:05:28,5.47,0.0,50,27350,买盘
425,10:05:31,5.46,-0.01,13,7098,卖盘
426,10:05:37,5.47,0.01,6,3282,买盘
427,10:05:42,5.47,0.0,370,202390,买盘
428,10:05:55,5.47,0.0,26,14222,卖盘
429,10:05:58,5.48,0.01,2313,1267511,买盘
430,10:06:06,5.48,0.0,6,3288,买盘
431,10:06:10,5.48,0.0,1,548,卖盘
432,10:06:13,5.48,0.0,20,10960,卖盘
433,10:06:19,5.48,0.0,20,10960,卖盘
434,10:06:28,5.48,0.0,10,5480,卖盘
435,10:06:37,5.48,0.0,4,2192,卖盘
436,10:06:43,5.48,0.0,16,8768,卖盘
437,10:06:52,5.49,0.01,14,7686,买盘
438,10:07:04,5.49,0.0,15,8235,买盘
439,10:07:33,5.49,0.0,48,26352,买盘
440,10:07:46,5.49,0.0,108,59292,买盘
441,10:08:04,5.48,-0.01,5,2740,卖盘
442,10:08:31,5.49,0.01,10,5490,买盘
443,10:08:34,5.48,-0.01,4,2192,卖盘
444,10:08:45,5.49,0.01,4,2196,买盘
445,10:09:07,5.49,0.0,9,4941,买盘
446,10:09:18,5.49,0.0,90,49410,买盘
447,10:09:21,5.48,-0.01,70,38360,卖盘
448,10:09:25,5.49,0.01,50,27450,买盘
449,10:09:34,5.48,-0.01,60,32880,卖盘
450,10:09:36,5.48,0.0,5,2740,卖盘
451,10:09:58,5.48,0.0,87,47676,卖盘
452,10:10:04,5.48,0.0,104,56992,卖盘
453,10:10:06,5.48,0.0,20,10960,卖盘
454,10:10:12,5.48,0.0,10,5480,买盘
455,10:10:18,5.47,-0.01,16,8752,卖盘
456,10:10:37,5.47,0.0,13,7111,卖盘
457,10:10:39,5.47,0.0,50,27350,卖盘
458,10:10:43,5.47,0.0,105,57435,卖盘
459,10:10:46,5.47,0.0,23,12581,卖盘
460,10:10:49,5.47,0.0,10,5470,买盘
461,10:10:52,5.47,0.0,1,547,买盘
462,10:10:55,5.47,0.0,13,7111,买盘
463,10:11:12,5.47,0.0,4,2188,买盘
464,10:11:22,5.47,0.0,10,5470,买盘
465,10:11:25,5.47,0.0,7,3829,买盘
466,10:11:37,5.47,0.0,10,5470,买盘
467,10:11:39,5.47,0.0,42,22974,买盘
468,10:11:45,5.46,-0.01,226,123405,卖盘
469,10:11:48,5.47,0.01,19,10393,买盘
470,10:12:01,5.47,0.0,77,42119,买盘
471,10:12:04,5.47,0.0,18,9846,买盘
472,10:12:07,5.47,0.0,9,4923,卖盘
473,10:12:16,5.48,0.01,10,5480,买盘
474,10:12:19,5.48,0.0,10,5480,买盘
475,10:12:36,5.47,-0.01,5,2735,卖盘
476,10:12:39,5.48,0.01,74,40552,买盘
477,10:12:52,5.47,-0.01,50,27350,卖盘
478,10:12:55,5.48,0.01,2,1096,买盘
479,10:13:31,5.47,-0.01,200,109400,卖盘
480,10:13:42,5.47,0.0,70,38290,卖盘
481,10:13:58,5.47,0.0,15,8205,卖盘
482,10:14:01,5.47,0.0,100,54700,卖盘
483,10:14:07,5.47,0.0,10,5470,卖盘
484,10:14:10,5.47,0.0,2,1094,卖盘
485,10:14:43,5.47,0.0,2,1094,卖盘
486,10:14:49,5.48,0.01,17,9316,买盘
487,10:14:58,5.47,-0.01,128,70016,卖盘
488,10:15:04,5.47,0.0,20,10940,卖盘
489,10:15:07,5.47,0.0,326,178322,卖盘
490,10:15:10,5.47,0.0,1,547,卖盘
491,10:15:16,5.47,0.0,100,54700,卖盘
492,10:15:22,5.47,0.0,65,35555,卖盘
493,10:15:25,5.47,0.0,267,146049,卖盘
494,10:15:30,5.47,0.0,33,18051,买盘
495,10:15:39,5.46,-0.01,1,546,卖盘
496,10:15:43,5.47,0.01,200,109400,买盘
497,10:15:58,5.47,0.0,29,15863,买盘
498,10:16:19,5.46,-0.01,50,27300,卖盘
499,10:16:22,5.47,0.01,210,114860,买盘
500,10:16:34,5.47,0.0,4,2188,买盘
501,10:16:37,5.46,-0.01,30,16380,卖盘
502,10:16:43,5.47,0.01,10,5470,买盘
503,10:16:52,5.47,0.0,75,41025,买盘
504,10:17:01,5.47,0.0,100,54700,买盘
505,10:17:28,5.46,-0.01,182,99372,卖盘
506,10:17:34,5.46,0.0,26,14196,卖盘
507,10:17:46,5.46,0.0,5,2730,卖盘
508,10:18:04,5.47,0.01,15,8205,买盘
509,10:18:16,5.46,-0.01,1,306,卖盘
510,10:18:19,5.46,0.0,100,54600,卖盘
511,10:18:25,5.47,0.01,55,30085,买盘
512,10:18:34,5.46,-0.01,420,229320,卖盘
513,10:18:46,5.46,0.0,10,5460,卖盘
514,10:18:49,5.46,0.0,516,281736,卖盘
515,10:18:55,5.47,0.01,35,19145,买盘
516,10:18:58,5.47,0.0,15,8205,买盘
517,10:19:13,5.46,-0.01,32,17472,卖盘
518,10:19:21,5.46,0.0,801,437346,卖盘
519,10:19:43,5.46,0.0,71,38768,卖盘
520,10:19:46,5.46,0.0,88,48288,卖盘
521,10:19:49,5.46,0.0,2,1092,买盘
522,10:19:52,5.46,0.0,22,12012,买盘
523,10:20:01,5.45,-0.01,4,2180,卖盘
524,10:20:06,5.46,0.01,300,163800,买盘
525,10:20:10,5.46,0.0,4,1944,买盘
526,10:20:21,5.46,0.0,60,32760,卖盘
527,10:20:33,5.47,0.01,129,70563,买盘
528,10:20:45,5.46,-0.01,89,48594,卖盘
529,10:20:55,5.47,0.01,1,547,买盘
530,10:21:00,5.47,0.0,5,2735,买盘
531,10:21:03,5.46,-0.01,92,50232,卖盘
532,10:21:22,5.46,0.0,207,113120,卖盘
533,10:21:33,5.46,0.0,100,54620,卖盘
534,10:21:40,5.47,0.01,168,91896,买盘
535,10:21:46,5.47,0.0,49,26803,卖盘
536,10:22:22,5.48,0.01,43,23551,买盘
537,10:22:25,5.47,-0.01,20,10940,卖盘
538,10:23:04,5.47,0.0,7,3829,卖盘
539,10:23:13,5.48,0.01,36,19728,买盘
540,10:23:37,5.48,0.0,271,148508,买盘
541,10:23:40,5.47,-0.01,556,304683,卖盘
542,10:23:58,5.49,0.02,1,549,买盘
543,10:24:09,5.48,-0.01,19,10412,卖盘
544,10:24:22,5.48,0.0,1,548,卖盘
545,10:24:25,5.49,0.01,9,4941,买盘
546,10:24:30,5.48,-0.01,50,27400,卖盘
547,10:25:15,5.48,0.0,193,105764,卖盘
548,10:25:22,5.48,0.0,4,2192,买盘
549,10:25:33,5.48,0.0,50,27400,买盘
550,10:25:43,5.48,0.0,13,7124,买盘
551,10:26:10,5.48,0.0,1,548,买盘
552,10:26:22,5.47,-0.01,100,54700,卖盘
553,10:26:27,5.48,0.01,10,5480,买盘
554,10:26:45,5.48,0.0,51,27948,买盘
555,10:26:52,5.48,0.0,5,2740,买盘
556,10:26:55,5.47,-0.01,11,6017,卖盘
557,10:27:07,5.48,0.01,12,6576,买盘
558,10:27:09,5.48,0.0,90,49320,买盘
559,10:27:25,5.48,0.0,15,8220,卖盘
560,10:28:06,5.48,0.0,112,61376,卖盘
561,10:28:34,5.49,0.01,2056,1128744,买盘
562,10:28:43,5.5,0.01,36,19800,买盘
563,10:28:55,5.5,0.0,20,11000,买盘
564,10:29:06,5.5,0.0,3,1650,买盘
565,10:29:10,5.5,0.0,3,1650,买盘
566,10:29:13,5.5,0.0,140,77000,买盘
567,10:29:22,5.49,-0.01,1,549,卖盘
568,10:29:24,5.5,0.01,50,27500,买盘
569,10:29:28,5.5,0.0,9,4950,买盘
570,10:29:33,5.5,0.0,1,550,买盘
571,10:29:40,5.5,0.0,30,16500,买盘
572,10:29:46,5.5,0.0,147,80850,买盘
573,10:29:48,5.5,0.0,24,13200,买盘
574,10:29:52,5.5,0.0,6,3300,买盘
575,10:29:55,5.5,0.0,13,7150,买盘
576,10:30:01,5.49,-0.01,62,34038,卖盘
577,10:30:04,5.5,0.01,3,1650,买盘
578,10:30:10,5.49,-0.01,4,2196,卖盘
579,10:30:22,5.49,0.0,100,54980,卖盘
580,10:30:49,5.49,0.0,3,1647,卖盘
581,10:30:52,5.49,0.0,41,22509,卖盘
582,10:30:58,5.5,0.01,150,82500,买盘
583,10:31:16,5.5,0.0,20,11000,买盘
584,10:31:21,5.49,-0.01,1,549,卖盘
585,10:31:25,5.49,0.0,127,69723,卖盘
586,10:31:51,5.5,0.01,9,4950,买盘
587,10:31:55,5.49,-0.01,20,10980,卖盘
588,10:32:10,5.49,0.0,13,7137,卖盘
589,10:32:16,5.5,0.01,3,1650,买盘
590,10:32:19,5.5,0.0,31,17050,买盘
591,10:32:36,5.5,0.0,2,1100,买盘
592,10:32:40,5.5,0.0,20,11000,买盘
593,10:32:43,5.5,0.0,10,5500,买盘
594,10:32:46,5.49,-0.01,50,27450,卖盘
595,10:33:04,5.5,0.01,151,82970,买盘
596,10:33:07,5.5,0.0,483,265650,买盘
597,10:33:15,5.5,0.0,33,18150,买盘
598,10:33:22,5.5,0.0,200,110000,买盘
599,10:33:24,5.5,0.0,80,44000,买盘
600,10:33:27,5.5,0.0,6,3300,买盘
601,10:33:31,5.5,0.0,29,15950,买盘
602,10:33:33,5.5,0.0,21,11544,买盘
603,10:33:37,5.5,0.0,15,8250,买盘
604,10:33:40,5.5,0.0,204,112200,买盘
605,10:33:43,5.5,0.0,24,13200,买盘
606,10:33:46,5.5,0.0,30,16500,买盘
607,10:33:49,5.5,0.0,86,47300,买盘
608,10:33:51,5.5,0.0,64,35200,买盘
609,10:33:54,5.5,0.0,66,36300,买盘
610,10:33:58,5.5,0.0,82,45100,买盘
611,10:34:06,5.51,0.01,2,1102,买盘
612,10:34:09,5.51,0.0,981,540531,买盘
613,10:34:13,5.51,0.0,3,1653,买盘
614,10:34:16,5.51,0.0,6,3306,买盘
615,10:34:22,5.5,-0.01,29,15950,卖盘
616,10:34:25,5.51,0.01,99,54549,买盘
617,10:34:28,5.51,0.0,10,5510,买盘
618,10:34:31,5.5,-0.01,100,55000,卖盘
619,10:34:36,5.5,0.0,8,4400,卖盘
620,10:34:52,5.51,0.01,1,551,买盘
621,10:35:01,5.5,-0.01,200,110000,卖盘
622,10:35:07,5.5,0.0,10,5500,卖盘
623,10:35:10,5.5,0.0,98,53905,卖盘
624,10:35:52,5.51,0.01,1,551,买盘
625,10:35:58,5.51,0.0,562,309662,买盘
626,10:36:01,5.51,0.0,194,106894,买盘
627,10:36:04,5.51,0.0,400,220400,买盘
628,10:36:07,5.51,0.0,51,28101,买盘
629,10:36:10,5.51,0.0,85,46835,买盘
630,10:36:12,5.51,0.0,187,103037,买盘
631,10:36:15,5.51,0.0,9,4959,买盘
632,10:36:18,5.51,0.0,33,18183,买盘
633,10:36:25,5.51,0.0,52,28652,买盘
634,10:36:31,5.51,0.0,4,2204,买盘
635,10:36:33,5.51,0.0,26,14326,买盘
636,10:36:37,5.51,0.0,203,111853,买盘
637,10:36:43,5.51,0.0,77,42427,买盘
638,10:36:46,5.51,0.0,7,3857,买盘
639,10:36:52,5.51,0.0,3,1653,买盘
640,10:36:58,5.51,0.0,4,2204,买盘
641,10:37:04,5.51,0.0,20,11020,买盘
642,10:37:12,5.51,0.0,5,2755,买盘
643,10:37:18,5.51,0.0,14,7714,买盘
644,10:37:31,5.51,0.0,6,3306,买盘
645,10:37:45,5.51,0.0,12,6612,买盘
646,10:38:01,5.5,-0.01,77,42350,卖盘
647,10:38:07,5.5,0.0,30,16500,卖盘
648,10:38:19,5.5,0.0,9,4950,卖盘
649,10:38:21,5.5,0.0,76,41800,卖盘
650,10:38:25,5.5,0.0,200,110000,卖盘
651,10:38:28,5.5,0.0,19,10450,卖盘
652,10:38:31,5.5,0.0,50,27500,卖盘
653,10:38:34,5.5,0.0,100,55000,卖盘
654,10:38:37,5.5,0.0,58,31900,卖盘
655,10:38:40,5.5,0.0,62,34100,卖盘
656,10:38:42,5.5,0.0,24,13200,卖盘
657,10:38:46,5.5,0.0,56,30800,买盘
658,10:39:01,5.5,0.0,44,24200,卖盘
659,10:39:54,5.5,0.0,6,3300,买盘
660,10:40:51,5.49,-0.01,50,27450,卖盘
661,10:41:12,5.49,0.0,18,9882,卖盘
662,10:41:16,5.49,0.0,50,27450,卖盘
663,10:41:19,5.49,0.0,100,54900,卖盘
664,10:41:22,5.5,0.01,20,11000,买盘
665,10:41:24,5.49,-0.01,93,51057,卖盘
666,10:41:28,5.49,0.0,42,23058,卖盘
667,10:41:31,5.49,0.0,20,10980,卖盘
668,10:41:34,5.49,0.0,96,52704,卖盘
669,10:41:49,5.49,0.0,10,5490,买盘
670,10:41:52,5.49,0.0,21,11529,买盘
671,10:41:55,5.49,0.0,19,10431,买盘
672,10:42:13,5.48,-0.01,10,5480,卖盘
673,10:42:21,5.48,0.0,20,10960,卖盘
674,10:42:24,5.49,0.01,135,74115,买盘
675,10:42:33,5.49,0.0,21,11529,买盘
676,10:42:55,5.48,-0.01,67,36716,卖盘
677,10:43:07,5.48,0.0,20,10960,卖盘
678,10:43:15,5.48,0.0,5,2740,卖盘
679,10:43:24,5.48,0.0,10,5480,卖盘
680,10:43:43,5.48,0.0,7,3836,卖盘
681,10:43:46,5.48,0.0,57,31236,卖盘
682,10:44:09,5.48,0.0,32,17536,卖盘
683,10:44:30,5.48,0.0,24,13152,卖盘
684,10:44:46,5.49,0.01,212,116388,买盘
685,10:45:37,5.5,0.01,10,5500,买盘
686,10:45:49,5.5,0.0,10,5500,买盘
687,10:46:10,5.5,0.0,242,133100,买盘
688,10:46:13,5.5,0.0,102,56100,卖盘
689,10:46:27,5.5,0.0,1,550,卖盘
690,10:46:31,5.5,0.0,98,53900,卖盘
691,10:46:34,5.5,0.0,13,7150,买盘
692,10:46:58,5.5,0.0,92,50600,买盘
693,10:47:13,5.49,-0.01,30,16470,卖盘
694,10:47:16,5.5,0.01,8,4400,买盘
695,10:47:19,5.5,0.0,112,61600,买盘
696,10:47:22,5.5,0.0,50,27500,卖盘
697,10:47:27,5.5,0.0,30,16500,卖盘
698,10:47:31,5.5,0.0,17,9350,卖盘
699,10:47:34,5.5,0.0,50,27500,买盘
700,10:47:45,5.5,0.0,1,550,买盘
701,10:47:58,5.5,0.0,11,6050,卖盘
702,10:48:15,5.5,0.0,8,4400,买盘
703,10:48:34,5.5,0.0,15,8250,买盘
704,10:48:39,5.49,-0.01,44,24156,卖盘
705,10:49:16,5.49,0.0,19,10431,卖盘
706,10:49:28,5.49,0.0,7,3846,卖盘
707,10:49:51,5.49,0.0,69,37900,卖盘
708,10:50:01,5.49,0.0,30,16470,卖盘
709,10:50:07,5.49,0.0,10,5490,卖盘
710,10:50:13,5.49,0.0,204,111996,卖盘
711,10:50:28,5.49,0.0,33,18117,卖盘
712,10:50:40,5.5,0.01,1,550,买盘
713,10:50:49,5.5,0.0,1,550,买盘
714,10:51:01,5.49,-0.01,22,12083,卖盘
715,10:51:21,5.49,0.0,5,2745,卖盘
716,10:51:28,5.49,0.0,99,54351,卖盘
717,10:51:43,5.49,0.0,13,7137,卖盘
718,10:51:55,5.49,0.0,33,18117,卖盘
719,10:52:04,5.5,0.01,34,18700,买盘
720,10:52:12,5.5,0.0,10,5500,买盘
721,10:52:28,5.5,0.0,6,3300,买盘
722,10:52:48,5.5,0.0,3,1650,买盘
723,10:53:06,5.5,0.0,1,550,买盘
724,10:53:27,5.5,0.0,10,5500,买盘
725,10:53:40,5.49,-0.01,33,18117,卖盘
726,10:53:57,5.49,0.0,2,1098,卖盘
727,10:54:22,5.49,0.0,10,5490,卖盘
728,10:54:54,5.5,0.01,13,7150,买盘
729,10:55:04,5.5,0.0,37,20350,买盘
730,10:55:13,5.5,0.0,10,5500,买盘
731,10:55:15,5.5,0.0,60,33000,买盘
732,10:55:22,5.5,0.0,100,55000,买盘
733,10:55:25,5.5,0.0,82,45100,买盘
734,10:55:28,5.5,0.0,66,36300,买盘
735,10:55:31,5.5,0.0,38,20900,买盘
736,10:55:33,5.5,0.0,370,203500,买盘
737,10:55:37,5.5,0.0,36,19800,买盘
738,10:55:40,5.5,0.0,12,6600,买盘
739,10:55:42,5.5,0.0,17,9350,买盘
740,10:55:45,5.5,0.0,314,172700,买盘
741,10:55:49,5.51,0.01,11,6061,买盘
742,10:55:52,5.51,0.0,18,9918,买盘
743,10:55:55,5.51,0.0,53,29203,买盘
744,10:55:58,5.51,0.0,25,13775,买盘
745,10:56:01,5.51,0.0,161,88711,买盘
746,10:56:19,5.52,0.01,20,11040,买盘
747,10:57:07,5.52,0.0,7,3864,卖盘
748,10:57:10,5.52,0.0,19,10488,卖盘
749,10:57:19,5.52,0.0,20,11040,买盘
750,10:57:22,5.52,0.0,2,1104,买盘
751,10:57:31,5.52,0.0,20,11040,买盘
752,10:58:13,5.51,-0.01,10,5510,卖盘
753,10:58:27,5.51,0.0,30,16530,买盘
754,10:58:51,5.51,0.0,10,5510,卖盘
755,10:59:00,5.51,0.0,2,1102,卖盘
756,10:59:13,5.51,0.0,1,551,卖盘
757,10:59:39,5.52,0.01,10,5520,买盘
758,10:59:49,5.51,-0.01,11,6061,卖盘
759,11:00:13,5.51,0.0,100,55100,卖盘
760,11:00:19,5.51,0.0,2,1102,卖盘
761,11:00:40,5.52,0.01,400,220747,买盘
762,11:02:16,5.51,-0.01,20,11020,买盘
763,11:02:22,5.5,-0.01,6,3300,卖盘
764,11:02:33,5.51,0.01,8,4408,买盘
765,11:02:40,5.5,-0.01,11,6050,卖盘
766,11:02:43,5.5,0.0,82,45100,卖盘
767,11:02:48,5.51,0.01,10,5510,买盘
768,11:02:52,5.5,-0.01,30,16500,卖盘
769,11:02:57,5.5,0.0,56,30800,卖盘
770,11:03:10,5.5,0.0,100,55000,卖盘
771,11:03:13,5.5,0.0,12,6600,卖盘
772,11:03:16,5.5,0.0,10,5500,卖盘
773,11:03:37,5.5,0.0,14,7700,卖盘
774,11:03:42,5.51,0.01,98,53998,买盘
775,11:03:55,5.51,0.0,2,1102,买盘
776,11:03:58,5.51,0.0,52,28652,买盘
777,11:04:04,5.51,0.0,100,55100,买盘
778,11:04:40,5.51,0.0,4,2204,买盘
779,11:04:52,5.51,0.0,6,3306,买盘
780,11:05:01,5.51,0.0,22,12122,买盘
781,11:05:04,5.51,0.0,88,48488,买盘
782,11:05:13,5.51,0.0,6,3306,卖盘
783,11:05:18,5.52,0.01,4,2208,买盘
784,11:05:33,5.52,0.0,375,207000,买盘
785,11:05:48,5.52,0.0,13,7176,买盘
786,11:06:04,5.52,0.0,40,22080,买盘
787,11:06:09,5.51,-0.01,48,26448,卖盘
788,11:06:27,5.52,0.01,2,1104,买盘
789,11:07:04,5.52,0.0,2,1104,买盘
790,11:07:16,5.52,0.0,9,4968,买盘
791,11:07:19,5.51,-0.01,4,2204,卖盘
792,11:07:27,5.52,0.01,2,1104,买盘
793,11:07:46,5.51,-0.01,31,17081,卖盘
794,11:07:52,5.51,0.0,56,30856,卖盘
795,11:08:04,5.51,0.0,192,105792,卖盘
796,11:08:06,5.51,0.0,30,16530,卖盘
797,11:08:27,5.5,-0.01,10,5500,卖盘
798,11:08:46,5.51,0.01,62,34130,买盘
799,11:09:00,5.5,-0.01,100,55000,卖盘
800,11:09:12,5.5,0.0,10,5500,卖盘
801,11:09:25,5.5,0.0,17,9350,卖盘
802,11:09:39,5.5,0.0,5,2750,卖盘
803,11:11:18,5.5,0.0,20,11000,卖盘
804,11:11:30,5.5,0.0,106,58300,卖盘
805,11:11:58,5.5,0.0,16,8800,卖盘
806,11:12:16,5.5,0.0,436,239800,卖盘
807,11:12:31,5.5,0.0,10,5500,卖盘
808,11:12:34,5.5,0.0,438,240900,卖盘
809,11:12:45,5.5,0.0,8,4400,卖盘
810,11:12:48,5.5,0.0,40,22000,卖盘
811,11:12:51,5.5,0.0,14,7700,卖盘
812,11:12:54,5.5,0.0,10,5500,卖盘
813,11:12:57,5.5,0.0,194,106700,卖盘
814,11:13:01,5.5,0.0,150,82500,卖盘
815,11:13:04,5.5,0.0,25,13750,卖盘
816,11:13:18,5.5,0.0,20,11000,卖盘
817,11:13:30,5.5,0.0,19,10450,卖盘
818,11:13:39,5.5,0.0,86,47300,卖盘
819,11:13:43,5.5,0.0,30,16500,卖盘
820,11:13:52,5.5,0.0,23,12650,卖盘
821,11:14:51,5.5,0.0,46,25300,卖盘
822,11:14:55,5.5,0.0,6,3300,卖盘
823,11:15:18,5.5,0.0,58,31900,卖盘
824,11:15:52,5.5,0.0,33,18150,买盘
825,11:16:06,5.5,0.0,60,33000,买盘
826,11:16:25,5.5,0.0,6,3300,买盘
827,11:16:39,5.5,0.0,30,16500,买盘
828,11:16:58,5.49,-0.01,204,111996,卖盘
829,11:17:13,5.5,0.01,1,550,买盘
830,11:17:27,5.5,0.0,18,9900,买盘
831,11:17:31,5.49,-0.01,5,2745,卖盘
832,11:17:51,5.5,0.01,10,5500,买盘
833,11:18:34,5.5,0.0,96,52800,买盘
834,11:18:55,5.51,0.01,93,51243,买盘
835,11:18:57,5.51,0.0,44,24244,买盘
836,11:19:15,5.51,0.0,139,76589,买盘
837,11:19:28,5.51,0.0,21,11571,卖盘
838,11:19:42,5.51,0.0,6,3306,卖盘
839,11:19:48,5.52,0.01,10,5520,买盘
840,11:20:16,5.52,0.0,6,3312,买盘
841,11:20:46,5.52,0.0,15,8280,买盘
842,11:20:49,5.52,0.0,13,7176,买盘
843,11:21:00,5.51,-0.01,32,17632,卖盘
844,11:21:13,5.52,0.01,10,5520,买盘
845,11:21:19,5.52,0.0,3,1656,买盘
846,11:21:33,5.51,-0.01,18,9918,卖盘
847,11:22:12,5.51,0.0,18,9918,卖盘
848,11:22:16,5.52,0.01,20,11040,买盘
849,11:22:40,5.52,0.0,20,11040,买盘
850,11:22:43,5.52,0.0,65,35880,买盘
851,11:23:40,5.51,-0.01,50,27550,卖盘
852,11:23:46,5.52,0.01,105,57960,买盘
853,11:24:09,5.52,0.0,27,14904,买盘
854,11:24:16,5.52,0.0,22,12144,买盘
855,11:24:19,5.51,-0.01,7,3857,卖盘
856,11:24:30,5.52,0.01,10,5520,买盘
857,11:24:37,5.52,0.0,102,56304,买盘
858,11:24:39,5.52,0.0,5,2760,买盘
859,11:24:43,5.52,0.0,35,19320,买盘
860,11:24:46,5.51,-0.01,945,520740,卖盘
861,11:24:49,5.52,0.01,28,15456,买盘
862,11:24:58,5.52,0.0,5,2760,卖盘
863,11:25:01,5.52,0.0,15,8280,卖盘
864,11:25:12,5.51,-0.01,9,4959,卖盘
865,11:25:16,5.51,0.0,5,2755,买盘
866,11:25:25,5.51,0.0,1,551,买盘
867,11:25:28,5.51,0.0,51,28101,买盘
868,11:25:31,5.51,0.0,27,14877,买盘
869,11:25:34,5.51,0.0,1,551,买盘
870,11:25:36,5.51,0.0,1,551,买盘
871,11:25:40,5.51,0.0,7,3857,买盘
872,11:25:42,5.51,0.0,1,551,买盘
873,11:25:46,5.51,0.0,13,7163,买盘
874,11:25:51,5.51,0.0,8,4408,买盘
875,11:26:13,5.51,0.0,20,11020,卖盘
876,11:26:57,5.51,0.0,1,551,卖盘
877,11:27:34,5.51,0.0,3,1653,卖盘
878,11:28:25,5.52,0.01,50,27600,买盘
879,11:28:51,5.52,0.0,11,6072,买盘
880,11:28:58,5.52,0.0,32,17664,买盘
881,11:29:01,5.52,0.0,9,4968,买盘
882,11:29:04,5.52,0.0,1550,854100,买盘
883,11:29:16,5.51,-0.01,38,20938,卖盘
884,11:29:25,5.52,0.01,54,29808,买盘
885,11:29:28,5.52,0.0,10,5520,买盘
886,11:29:30,5.52,0.0,134,73968,买盘
887,11:29:39,5.52,0.0,55,30360,买盘
888,11:29:51,5.52,0.0,53,29256,买盘
889,13:00:04,5.52,0.0,2091,1156157,买盘
890,13:00:07,5.52,0.0,15,8280,卖盘
891,13:00:34,5.53,0.01,1,553,卖盘
892,13:01:19,5.53,0.0,65,35945,卖盘
893,13:01:28,5.53,0.0,45,24885,卖盘
894,13:01:48,5.53,0.0,56,30968,买盘
895,13:01:55,5.53,0.0,6,3318,买盘
896,13:02:00,5.53,0.0,10,5530,买盘
897,13:02:13,5.53,0.0,6,3318,买盘
898,13:02:16,5.52,-0.01,1,552,卖盘
899,13:02:54,5.52,0.0,10,5520,卖盘
900,13:02:57,5.52,0.0,40,22080,卖盘
901,13:03:01,5.52,0.0,6,3312,卖盘
902,13:03:04,5.52,0.0,50,27600,卖盘
903,13:03:21,5.52,0.0,50,27600,卖盘
904,13:03:30,5.51,-0.01,900,496169,卖盘
905,13:03:33,5.52,0.01,49,27048,中性盘
906,13:03:58,5.52,0.0,1,552,买盘
907,13:04:00,5.52,0.0,16,8832,买盘
908,13:04:12,5.52,0.0,65,35880,买盘
909,13:04:42,5.52,0.0,51,28202,卖盘
910,13:04:51,5.52,0.0,30,16560,卖盘
911,13:04:57,5.52,0.0,7,3864,卖盘
912,13:05:00,5.52,0.0,39,21528,卖盘
913,13:05:33,5.52,0.0,4,2208,卖盘
914,13:05:39,5.52,0.0,35,19320,卖盘
915,13:06:40,5.52,0.0,5,2760,买盘
916,13:07:10,5.52,0.0,5,2760,买盘
917,13:07:18,5.52,0.0,50,27600,买盘
918,13:07:31,5.51,-0.01,9,4959,卖盘
919,13:07:36,5.52,0.01,47,25944,买盘
920,13:07:39,5.51,-0.01,70,38570,卖盘
921,13:07:58,5.52,0.01,10,5520,买盘
922,13:08:25,5.52,0.0,10,5520,买盘
923,13:08:40,5.51,-0.01,6,3306,卖盘
924,13:08:43,5.51,0.0,408,224808,卖盘
925,13:09:24,5.5,-0.01,76,41816,卖盘
926,13:09:33,5.5,0.0,46,25300,卖盘
927,13:09:36,5.5,0.0,18,9900,卖盘
928,13:09:39,5.5,0.0,22,12100,卖盘
929,13:09:46,5.5,0.0,1,550,卖盘
930,13:09:49,5.5,0.0,25,13750,卖盘
931,13:09:51,5.5,0.0,41,22550,卖盘
932,13:09:54,5.5,0.0,5,2750,买盘
933,13:10:12,5.49,-0.01,38,20862,卖盘
934,13:10:24,5.5,0.01,19,10450,买盘
935,13:11:00,5.49,-0.01,2,1098,卖盘
936,13:11:10,5.49,0.0,22,12078,卖盘
937,13:11:19,5.49,0.0,40,21960,卖盘
938,13:11:42,5.49,0.0,133,73017,卖盘
939,13:11:52,5.49,0.0,100,54900,卖盘
940,13:11:55,5.5,0.01,1,550,买盘
941,13:12:13,5.49,-0.01,62,34038,卖盘
942,13:12:24,5.49,0.0,10,5490,卖盘
943,13:12:40,5.5,0.01,2,1100,买盘
944,13:12:43,5.5,0.0,18,9900,买盘
945,13:12:46,5.49,-0.01,8,4392,卖盘
946,13:12:57,5.49,0.0,5,2745,买盘
947,13:13:07,5.48,-0.01,32,17536,卖盘
948,13:13:36,5.48,0.0,16,8768,卖盘
949,13:13:40,5.49,0.01,50,27450,买盘
950,13:13:45,5.48,-0.01,29,15892,卖盘
951,13:14:04,5.48,0.0,52,28496,卖盘
952,13:14:10,5.48,0.0,15,8220,卖盘
953,13:14:13,5.49,0.01,5,2745,买盘
954,13:14:16,5.49,0.0,4,2196,买盘
955,13:14:33,5.49,0.0,13,7137,买盘
956,13:14:42,5.5,0.01,20,11000,买盘
957,13:14:48,5.48,-0.02,24,13175,卖盘
958,13:14:55,5.48,0.0,900,493700,卖盘
959,13:15:28,5.48,0.0,15,8220,卖盘
960,13:15:40,5.49,0.01,36,19764,买盘
961,13:15:46,5.49,0.0,2,1098,买盘
962,13:16:13,5.49,0.0,6,3294,买盘
963,13:16:15,5.49,0.0,18,9882,买盘
964,13:16:19,5.49,0.0,47,25803,买盘
965,13:16:25,5.49,0.0,40,21960,卖盘
966,13:16:34,5.49,0.0,1,549,买盘
967,13:17:01,5.48,-0.01,100,54800,卖盘
968,13:17:24,5.49,0.01,368,202032,买盘
969,13:17:31,5.49,0.0,20,10980,卖盘
970,13:17:34,5.49,0.0,4,2196,卖盘
971,13:18:13,5.49,0.0,30,16470,卖盘
972,13:18:19,5.49,0.0,50,27450,卖盘
973,13:18:24,5.49,0.0,2,1098,卖盘
974,13:18:37,5.48,-0.01,11,6028,卖盘
975,13:18:39,5.49,0.01,10,5490,买盘
976,13:18:48,5.48,-0.01,112,61376,卖盘
977,13:19:01,5.48,0.0,112,61376,卖盘
978,13:19:07,5.49,0.01,220,120780,买盘
979,13:19:31,5.48,-0.01,900,493454,卖盘
980,13:19:48,5.48,0.0,159,87132,卖盘
981,13:19:57,5.48,0.0,58,31784,卖盘
982,13:20:00,5.49,0.01,10,5490,买盘
983,13:20:04,5.48,-0.01,99,54252,卖盘
984,13:20:10,5.48,0.0,5,2740,卖盘
985,13:20:22,5.48,0.0,74,40552,卖盘
986,13:20:24,5.48,0.0,21,11508,卖盘
987,13:20:42,5.47,-0.01,64,35017,卖盘
988,13:20:45,5.48,0.01,150,82200,买盘
989,13:20:51,5.48,0.0,10,5480,买盘
990,13:20:58,5.48,0.0,24,13152,买盘
991,13:21:19,5.48,0.0,19,10412,卖盘
992,13:21:21,5.48,0.0,2,1096,卖盘
993,13:21:25,5.49,0.01,10,5490,买盘
994,13:21:52,5.49,0.0,20,10980,买盘
995,13:21:58,5.48,-0.01,58,31784,卖盘
996,13:22:09,5.49,0.01,20,10980,买盘
997,13:22:19,5.49,0.0,30,16470,卖盘
998,13:22:25,5.49,0.0,38,20862,买盘
999,13:22:36,5.49,0.0,16,8784,买盘
1000,13:23:58,5.49,0.0,37,20302,买盘
1001,13:24:15,5.49,0.0,20,10980,卖盘
1002,13:24:45,5.47,-0.02,900,492763,卖盘
1003,13:25:22,5.48,0.01,12,6576,卖盘
1004,13:25:42,5.47,-0.01,56,30632,卖盘
1005,13:25:46,5.47,0.0,222,121434,卖盘
1006,13:25:48,5.48,0.01,5,2740,买盘
1007,13:25:51,5.47,-0.01,504,275688,卖盘
1008,13:26:15,5.47,0.0,20,10940,卖盘
1009,13:26:22,5.48,0.01,4,2192,买盘
1010,13:26:28,5.47,-0.01,5,2735,卖盘
1011,13:26:39,5.47,0.0,26,14222,卖盘
1012,13:26:43,5.47,0.0,17,9299,卖盘
1013,13:26:48,5.48,0.01,18,9864,买盘
1014,13:26:51,5.47,-0.01,102,55794,卖盘
1015,13:27:07,5.47,0.0,10,5470,卖盘
1016,13:27:12,5.47,0.0,35,19145,卖盘
1017,13:27:16,5.47,0.0,39,21333,卖盘
1018,13:27:25,5.47,0.0,17,9299,卖盘
1019,13:28:57,5.46,-0.01,900,491881,卖盘
1020,13:29:19,5.48,0.02,18,9864,买盘
1021,13:29:21,5.47,-0.01,3,1641,卖盘
1022,13:29:36,5.48,0.01,14,7672,买盘
1023,13:29:51,5.47,-0.01,100,54700,卖盘
1024,13:29:54,5.48,0.01,2,1096,买盘
1025,13:30:07,5.47,-0.01,54,29538,卖盘
1026,13:30:40,5.48,0.01,130,71240,买盘
1027,13:30:54,5.47,-0.01,50,27350,卖盘
1028,13:31:10,5.47,0.0,55,30085,卖盘
1029,13:31:18,5.47,0.0,50,27350,卖盘
1030,13:31:33,5.48,0.01,20,10960,买盘
1031,13:32:01,5.48,0.0,130,71240,买盘
1032,13:32:30,5.48,0.0,5,2740,卖盘
1033,13:32:42,5.49,0.01,12,6588,买盘
1034,13:32:55,5.49,0.0,3,1647,买盘
1035,13:33:09,5.48,-0.01,40,21920,卖盘
1036,13:33:30,5.48,0.0,25,13700,卖盘
1037,13:33:45,5.48,0.0,10,5480,卖盘
1038,13:33:55,5.47,-0.01,900,492650,卖盘
1039,13:34:01,5.49,0.02,247,135603,买盘
1040,13:34:06,5.49,0.0,38,20862,卖盘
1041,13:34:09,5.49,0.0,2,1098,卖盘
1042,13:34:13,5.49,0.0,12,6588,卖盘
1043,13:34:15,5.49,0.0,15,8235,卖盘
1044,13:35:39,5.48,-0.01,8,4384,卖盘
1045,13:36:01,5.48,0.0,3,1644,买盘
1046,13:36:13,5.48,0.0,4,2192,买盘
1047,13:36:18,5.48,0.0,48,26304,买盘
1048,13:36:24,5.47,-0.01,20,10940,卖盘
1049,13:36:36,5.47,0.0,1,547,卖盘
1050,13:36:43,5.47,0.0,394,215518,卖盘
1051,13:37:10,5.46,-0.01,900,491513,卖盘
1052,13:37:37,5.46,0.0,2,1092,卖盘
1053,13:37:40,5.46,0.0,850,464340,卖盘
1054,13:37:52,5.46,0.0,10,5460,买盘
1055,13:37:58,5.46,0.0,30,16380,买盘
1056,13:38:22,5.46,0.0,20,10920,买盘
1057,13:38:34,5.46,0.0,117,63875,买盘
1058,13:38:39,5.46,0.0,3,1638,买盘
1059,13:38:55,5.45,-0.01,50,27250,卖盘
1060,13:38:58,5.45,0.0,7,3815,卖盘
1061,13:39:10,5.45,0.0,32,17440,卖盘
1062,13:39:12,5.46,0.01,1,546,买盘
1063,13:39:16,5.46,0.0,64,34910,买盘
1064,13:39:25,5.45,-0.01,150,81750,卖盘
1065,13:39:48,5.45,0.0,141,76875,卖盘
1066,13:39:51,5.46,0.01,1,546,买盘
1067,13:40:04,5.46,0.0,10,5460,买盘
1068,13:40:19,5.45,-0.01,40,21800,卖盘
1069,13:40:24,5.45,0.0,26,14190,卖盘
1070,13:40:31,5.46,0.01,10,5460,买盘
1071,13:40:33,5.45,-0.01,940,512340,卖盘
1072,13:40:37,5.46,0.01,30,16380,买盘
1073,13:40:43,5.45,-0.01,30,16350,卖盘
1074,13:40:45,5.45,0.0,26,14170,卖盘
1075,13:40:49,5.45,0.0,30,16350,卖盘
1076,13:40:57,5.45,0.0,10,5450,卖盘
1077,13:41:01,5.46,0.01,4,2184,买盘
1078,13:41:16,5.45,-0.01,40,21800,卖盘
1079,13:41:43,5.45,0.0,9,4905,卖盘
1080,13:41:46,5.46,0.01,2,1092,买盘
1081,13:41:52,5.45,-0.01,7,3815,卖盘
1082,13:41:55,5.46,0.01,8,4368,买盘
1083,13:41:57,5.46,0.0,30,16380,买盘
1084,13:42:00,5.46,0.0,30,16380,买盘
1085,13:42:10,5.45,-0.01,14,7630,卖盘
1086,13:42:13,5.46,0.01,171,93126,买盘
1087,13:42:24,5.46,0.0,42,22954,卖盘
1088,13:42:31,5.46,0.0,10,5460,卖盘
1089,13:42:39,5.47,0.01,18,9846,买盘
1090,13:42:46,5.47,0.0,11,6017,买盘
1091,13:42:49,5.47,0.0,32,17504,买盘
1092,13:43:16,5.47,0.0,37,20239,卖盘
1093,13:43:31,5.47,0.0,4,2188,卖盘
1094,13:43:36,5.47,0.0,38,20786,卖盘
1095,13:43:51,5.47,0.0,5,2735,卖盘
1096,13:43:54,5.48,0.01,10,5480,买盘
1097,13:44:09,5.48,0.0,10,5480,买盘
1098,13:44:33,5.48,0.0,4,2192,买盘
1099,13:44:48,5.48,0.0,10,5480,买盘
1100,13:45:09,5.46,-0.02,900,491810,卖盘
1101,13:45:40,5.47,0.01,30,16410,买盘
1102,13:45:51,5.47,0.0,18,9846,买盘
1103,13:45:54,5.47,0.0,194,106118,买盘
1104,13:46:12,5.47,0.0,5,2735,卖盘
1105,13:46:18,5.47,0.0,8,4376,卖盘
1106,13:46:21,5.47,0.0,1,547,买盘
1107,13:46:37,5.47,0.0,14,7658,买盘
1108,13:47:07,5.47,0.0,21,11487,卖盘
1109,13:47:10,5.47,0.0,1,547,卖盘
1110,13:47:22,5.47,0.0,100,54700,卖盘
1111,13:47:25,5.48,0.01,45,24660,买盘
1112,13:47:40,5.47,-0.01,6,3282,卖盘
1113,13:47:49,5.47,0.0,48,26256,卖盘
1114,13:47:55,5.47,0.0,58,31726,卖盘
1115,13:48:06,5.47,0.0,64,35008,卖盘
1116,13:48:55,5.47,0.0,10,5470,卖盘
1117,13:49:07,5.46,-0.01,900,491651,卖盘
1118,13:49:21,5.47,0.01,106,57965,中性盘
1119,13:49:24,5.47,0.0,16,8752,卖盘
1120,13:49:27,5.47,0.0,38,20786,卖盘
1121,13:49:33,5.47,0.0,15,8205,买盘
1122,13:49:45,5.46,-0.01,3,1638,卖盘
1123,13:50:04,5.47,0.01,33,18051,买盘
1124,13:50:34,5.47,0.0,5,2735,卖盘
1125,13:50:40,5.47,0.0,2,1094,卖盘
1126,13:50:48,5.47,0.0,20,10940,卖盘
1127,13:51:06,5.47,0.0,1,547,卖盘
1128,13:51:19,5.47,0.0,2,1094,卖盘
1129,13:51:21,5.48,0.01,100,54800,买盘
1130,13:51:24,5.47,-0.01,55,30085,卖盘
1131,13:52:39,5.46,-0.01,890,486506,卖盘
1132,13:53:03,5.47,0.01,59,32273,买盘
1133,13:53:36,5.47,0.0,1,547,买盘
1134,13:53:48,5.47,0.0,10,5470,买盘
1135,13:54:21,5.47,0.0,2,1094,买盘
1136,13:54:36,5.46,-0.01,2,1092,卖盘
1137,13:54:39,5.47,0.01,18,9846,买盘
1138,13:54:48,5.47,0.0,100,54700,买盘
1139,13:54:55,5.47,0.0,2,1094,买盘
1140,13:54:58,5.47,0.0,61,33367,卖盘
1141,13:55:07,5.47,0.0,10,5470,买盘
1142,13:55:18,5.47,0.0,76,41572,买盘
1143,13:55:22,5.47,0.0,980,535180,买盘
1144,13:55:24,5.47,0.0,54,29538,买盘
1145,13:55:36,5.47,0.0,38,20786,卖盘
1146,13:55:48,5.47,0.0,12,6564,买盘
1147,13:55:54,5.47,0.0,29,15863,买盘
1148,13:56:12,5.46,-0.01,16,8736,卖盘
1149,13:56:28,5.45,-0.01,460,251014,卖盘
1150,13:56:40,5.47,0.02,81,44285,买盘
1151,13:56:57,5.46,-0.01,10,5460,卖盘
1152,13:57:00,5.47,0.01,5,2735,买盘
1153,13:57:15,5.47,0.0,12,6564,买盘
1154,13:57:19,5.47,0.0,18,9846,买盘
1155,13:57:46,5.46,-0.01,25,13650,卖盘
1156,13:57:51,5.46,0.0,9,4914,卖盘
1157,13:58:00,5.46,0.0,139,75894,卖盘
1158,13:58:04,5.46,0.0,48,26208,卖盘
1159,13:58:12,5.46,0.0,5,2730,卖盘
1160,13:58:15,5.46,0.0,18,9828,卖盘
1161,13:58:24,5.46,0.0,25,13650,卖盘
1162,13:58:33,5.46,0.0,20,10920,卖盘
1163,13:58:58,5.46,0.0,2,1092,卖盘
1164,13:59:00,5.47,0.01,30,16410,买盘
1165,13:59:42,5.45,-0.02,1670,910758,卖盘
1166,14:00:01,5.46,0.01,5,2730,卖盘
1167,14:00:16,5.46,0.0,10,5460,买盘
1168,14:00:37,5.45,-0.01,61,33245,卖盘
1169,14:00:58,5.46,0.01,9,4914,买盘
1170,14:01:16,5.45,-0.01,400,218000,卖盘
1171,14:01:19,5.45,0.0,100,54500,卖盘
1172,14:01:22,5.45,0.0,2,1090,卖盘
1173,14:01:25,5.45,0.0,30,16350,卖盘
1174,14:01:28,5.45,0.0,215,117175,卖盘
1175,14:01:31,5.45,0.0,72,39240,卖盘
1176,14:01:33,5.45,0.0,44,24160,卖盘
1177,14:01:42,5.44,-0.01,600,326400,卖盘
1178,14:01:45,5.45,0.01,11,5995,买盘
1179,14:02:04,5.44,-0.01,124,67456,卖盘
1180,14:02:06,5.43,-0.01,1392,756045,卖盘
1181,14:02:15,5.43,0.0,140,76020,卖盘
1182,14:02:18,5.43,0.0,57,30951,卖盘
1183,14:02:31,5.42,-0.01,8,4336,卖盘
1184,14:02:33,5.42,0.0,74,40108,卖盘
1185,14:02:37,5.43,0.01,18,9774,买盘
1186,14:02:40,5.42,-0.01,4,2168,卖盘
1187,14:02:43,5.43,0.01,24,13019,买盘
1188,14:02:46,5.44,0.01,353,191541,买盘
1189,14:02:58,5.43,-0.01,11,5973,卖盘
1190,14:03:01,5.43,0.0,38,20634,买盘
1191,14:03:12,5.43,0.0,18,9774,卖盘
1192,14:03:27,5.43,0.0,11,5973,卖盘
1193,14:03:31,5.43,0.0,154,83443,卖盘
1194,14:03:33,5.44,0.01,200,108800,买盘
1195,14:03:37,5.43,-0.01,10,5430,卖盘
1196,14:03:40,5.43,0.0,39,21177,卖盘
1197,14:03:46,5.43,0.0,1210,656004,卖盘
1198,14:03:49,5.44,0.01,142,77233,买盘
1199,14:04:00,5.44,0.0,16,8704,卖盘
1200,14:04:12,5.45,0.01,50,27220,买盘
1201,14:04:16,5.44,-0.01,61,33184,卖盘
1202,14:04:39,5.44,0.0,32,17408,卖盘
1203,14:05:22,5.45,0.01,10,5450,买盘
1204,14:05:40,5.44,-0.01,11,5984,卖盘
1205,14:06:07,5.43,-0.01,400,217285,卖盘
1206,14:06:10,5.44,0.01,11,5984,中性盘
1207,14:06:25,5.44,0.0,10,5440,卖盘
1208,14:06:34,5.44,0.0,9,4896,卖盘
1209,14:06:39,5.44,0.0,81,44064,卖盘
1210,14:06:46,5.44,0.0,5,2720,卖盘
1211,14:06:52,5.45,0.01,36,19620,买盘
1212,14:06:55,5.45,0.0,50,27250,买盘
1213,14:06:58,5.45,0.0,10,5450,买盘
1214,14:07:01,5.45,0.0,20,10900,买盘
1215,14:07:04,5.45,0.0,167,91015,买盘
1216,14:07:10,5.46,0.01,73,39850,买盘
1217,14:07:13,5.46,0.0,4,2184,买盘
1218,14:07:16,5.46,0.0,87,47502,买盘
1219,14:07:18,5.46,0.0,17,9282,卖盘
1220,14:07:52,5.46,0.0,12,6552,卖盘
1221,14:07:54,5.47,0.01,100,54700,买盘
1222,14:08:04,5.45,-0.02,408,222534,卖盘
1223,14:08:16,5.45,0.0,16,8720,买盘
1224,14:08:30,5.45,0.0,6,3270,买盘
1225,14:08:37,5.45,0.0,8,4360,买盘
1226,14:08:40,5.45,0.0,3,1635,买盘
1227,14:09:00,5.45,0.0,10,5450,买盘
1228,14:09:07,5.45,0.0,49,26705,买盘
1229,14:09:25,5.46,0.01,5,2730,买盘
1230,14:09:40,5.46,0.0,7,3822,买盘
1231,14:09:42,5.46,0.0,20,10920,买盘
1232,14:09:48,5.46,0.0,10,5460,买盘
1233,14:09:52,5.46,0.0,45,24570,买盘
1234,14:09:55,5.46,0.0,15,8190,买盘
1235,14:10:04,5.44,-0.02,900,489922,卖盘
1236,14:10:15,5.44,0.0,10,5440,卖盘
1237,14:10:37,5.45,0.01,1,545,中性盘
1238,14:11:01,5.46,0.01,24,13104,买盘
1239,14:11:30,5.45,-0.01,10,5450,卖盘
1240,14:11:40,5.46,0.01,1574,856760,买盘
1241,14:11:57,5.46,0.0,11,6006,买盘
1242,14:12:06,5.46,0.0,20,10920,买盘
1243,14:12:22,5.46,0.0,3,1638,买盘
1244,14:12:34,5.46,0.0,187,102102,买盘
1245,14:13:01,5.46,0.0,15,8190,卖盘
1246,14:13:04,5.46,0.0,2,1092,卖盘
1247,14:13:16,5.45,-0.01,827,450816,卖盘
1248,14:13:25,5.44,-0.01,65,35360,卖盘
1249,14:13:27,5.45,0.01,27,14715,买盘
1250,14:13:36,5.47,0.02,211,115417,买盘
1251,14:13:48,5.45,-0.02,6,3270,卖盘
1252,14:14:07,5.46,0.01,20,10920,卖盘
1253,14:14:13,5.46,0.0,14,7644,卖盘
1254,14:14:31,5.46,0.0,23,12558,买盘
1255,14:14:36,5.46,0.0,5,2730,卖盘
1256,14:14:49,5.46,0.0,15,8190,卖盘
1257,14:14:55,5.46,0.0,5,2730,买盘
1258,14:15:04,5.46,0.0,23,12558,卖盘
1259,14:15:07,5.46,0.0,16,8736,卖盘
1260,14:15:13,5.45,-0.01,450,245321,卖盘
1261,14:15:37,5.45,0.0,173,94285,卖盘
1262,14:15:48,5.46,0.01,20,10920,卖盘
1263,14:16:06,5.46,0.0,30,16380,卖盘
1264,14:16:30,5.46,0.0,20,10920,卖盘
1265,14:16:39,5.47,0.01,3,1641,买盘
1266,14:16:42,5.46,-0.01,30,16380,卖盘
1267,14:16:45,5.45,-0.01,875,477115,卖盘
1268,14:16:51,5.47,0.02,10,5470,买盘
1269,14:17:10,5.46,-0.01,85,46410,买盘
1270,14:17:13,5.46,0.0,47,25662,卖盘
1271,14:18:13,5.46,0.0,20,10920,卖盘
1272,14:18:19,5.45,-0.01,510,278099,卖盘
1273,14:18:37,5.46,0.01,20,10920,卖盘
1274,14:19:00,5.46,0.0,50,27300,卖盘
1275,14:19:12,5.46,0.0,5,2730,卖盘
1276,14:19:22,5.47,0.01,99,54153,买盘
1277,14:19:25,5.45,-0.02,1520,828506,卖盘
1278,14:20:01,5.46,0.01,42,22932,买盘
1279,14:20:07,5.46,0.0,19,10374,买盘
1280,14:20:16,5.46,0.0,3,1638,买盘
1281,14:20:34,5.44,-0.02,1450,789637,卖盘
1282,14:20:40,5.46,0.02,36,19656,买盘
1283,14:21:00,5.46,0.0,64,34915,买盘
1284,14:21:12,5.44,-0.02,1430,778386,卖盘
1285,14:21:31,5.46,0.02,10,5460,买盘
1286,14:21:40,5.46,0.0,1,546,买盘
1287,14:21:48,5.44,-0.02,1440,783611,卖盘
1288,14:21:54,5.45,0.01,9,4905,中性盘
1289,14:21:58,5.45,0.0,27,14715,买盘
1290,14:22:04,5.44,-0.01,10,5440,卖盘
1291,14:22:10,5.45,0.01,10,5450,买盘
1292,14:22:13,5.45,0.0,13,7085,买盘
1293,14:22:27,5.44,-0.01,163,88682,卖盘
1294,14:22:31,5.44,0.0,4,2176,卖盘
1295,14:22:42,5.44,0.0,19,10338,卖盘
1296,14:22:46,5.45,0.01,20,10900,买盘
1297,14:22:55,5.45,0.0,30,16350,买盘
1298,14:22:58,5.45,0.0,37,20165,买盘
1299,14:23:00,5.44,-0.01,870,473280,卖盘
1300,14:23:25,5.44,0.0,75,40800,卖盘
1301,14:23:31,5.44,0.0,24,13056,卖盘
1302,14:23:40,5.45,0.01,9,4905,买盘
1303,14:23:46,5.44,-0.01,30,16320,卖盘
1304,14:23:49,5.45,0.01,10,5450,买盘
1305,14:23:52,5.44,-0.01,27,14688,卖盘
1306,14:24:10,5.44,0.0,2,1088,卖盘
1307,14:24:24,5.44,0.0,49,26656,卖盘
1308,14:24:34,5.44,0.0,860,467840,卖盘
1309,14:24:40,5.44,0.0,4,2176,卖盘
1310,14:24:43,5.44,0.0,95,51680,卖盘
1311,14:24:58,5.44,0.0,3,1632,买盘
1312,14:25:04,5.44,0.0,10,5440,买盘
1313,14:25:09,5.44,0.0,10,5440,买盘
1314,14:25:12,5.44,0.0,10,5440,买盘
1315,14:25:15,5.44,0.0,3,1632,买盘
1316,14:25:31,5.44,0.0,35,19040,买盘
1317,14:25:37,5.44,0.0,118,64192,买盘
1318,14:25:39,5.44,0.0,131,71264,卖盘
1319,14:25:48,5.43,-0.01,3,1629,卖盘
1320,14:25:52,5.44,0.01,40,21760,买盘
1321,14:25:55,5.43,-0.01,2,1086,卖盘
1322,14:25:57,5.44,0.01,50,27200,买盘
1323,14:26:15,5.43,-0.01,945,513497,卖盘
1324,14:26:33,5.43,0.0,79,42969,卖盘
1325,14:26:37,5.44,0.01,20,10880,买盘
1326,14:26:39,5.44,0.0,39,21216,买盘
1327,14:26:43,5.44,0.0,9,4896,买盘
1328,14:26:55,5.44,0.0,57,31008,买盘
1329,14:26:58,5.43,-0.01,60,32600,卖盘
1330,14:27:01,5.44,0.01,207,112608,买盘
1331,14:27:04,5.44,0.0,34,18496,买盘
1332,14:27:06,5.44,0.0,10,5440,买盘
1333,14:27:10,5.43,-0.01,3,1629,卖盘
1334,14:27:13,5.43,0.0,953,517589,卖盘
1335,14:27:25,5.43,0.0,85,46228,卖盘
1336,14:27:30,5.43,0.0,520,282360,卖盘
1337,14:27:37,5.43,0.0,44,23916,卖盘
1338,14:27:42,5.43,0.0,10,5430,卖盘
1339,14:27:46,5.43,0.0,15,8145,卖盘
1340,14:27:58,5.44,0.01,5,2720,买盘
1341,14:28:07,5.44,0.0,16,8704,买盘
1342,14:28:15,5.44,0.0,56,30464,买盘
1343,14:28:18,5.44,0.0,15,8160,买盘
1344,14:28:21,5.44,0.0,23,12499,买盘
1345,14:28:28,5.44,0.0,3,1632,买盘
1346,14:28:30,5.43,-0.01,8,4348,卖盘
1347,14:28:37,5.44,0.01,10,5440,买盘
1348,14:28:40,5.44,0.0,29,15776,买盘
1349,14:28:43,5.44,0.0,10,5440,买盘
1350,14:28:52,5.44,0.0,5,2720,买盘
1351,14:28:58,5.44,0.0,10,5440,买盘
1352,14:29:00,5.44,0.0,24,13056,买盘
1353,14:29:04,5.44,0.0,10,5440,买盘
1354,14:29:21,5.44,0.0,14,7616,买盘
1355,14:29:25,5.43,-0.01,25,13575,卖盘
1356,14:29:28,5.44,0.01,10,5440,买盘
1357,14:29:34,5.43,-0.01,46,24978,卖盘
1358,14:29:49,5.44,0.01,8,4352,买盘
1359,14:29:57,5.44,0.0,1,544,买盘
1360,14:30:01,5.44,0.0,23,12512,买盘
1361,14:30:10,5.44,0.0,14,7616,买盘
1362,14:30:21,5.44,0.0,40,21730,买盘
1363,14:30:28,5.44,0.0,5,2720,买盘
1364,14:30:31,5.44,0.0,10,5440,买盘
1365,14:30:34,5.44,0.0,10,5440,买盘
1366,14:30:39,5.44,0.0,19,10336,买盘
1367,14:30:48,5.44,0.0,18,9792,买盘
1368,14:30:58,5.43,-0.01,1030,559300,卖盘
1369,14:31:01,5.43,0.0,45,24465,卖盘
1370,14:31:07,5.43,0.0,10,5430,卖盘
1371,14:31:13,5.44,0.01,16,8694,买盘
1372,14:31:16,5.44,0.0,91,49495,买盘
1373,14:31:24,5.43,-0.01,21,11423,卖盘
1374,14:31:27,5.44,0.01,200,108800,买盘
1375,14:31:36,5.43,-0.01,7,3801,卖盘
1376,14:31:43,5.44,0.01,8,4352,买盘
1377,14:31:55,5.44,0.0,20,10880,买盘
1378,14:32:00,5.43,-0.01,50,27150,卖盘
1379,14:32:04,5.44,0.01,6,3264,买盘
1380,14:32:10,5.44,0.0,43,23392,买盘
1381,14:32:45,5.44,0.0,60,32640,买盘
1382,14:32:54,5.44,0.0,15,8160,买盘
1383,14:33:01,5.44,0.0,50,27200,买盘
1384,14:33:04,5.43,-0.01,980,532140,卖盘
1385,14:33:07,5.43,0.0,20,10860,卖盘
1386,14:33:22,5.43,0.0,3,1629,卖盘
1387,14:33:25,5.43,0.0,170,92310,卖盘
1388,14:33:34,5.43,0.0,95,51585,卖盘
1389,14:33:43,5.43,0.0,12,6516,卖盘
1390,14:33:49,5.43,0.0,10,5430,卖盘
1391,14:33:52,5.43,0.0,12,6526,卖盘
1392,14:34:01,5.43,0.0,80,43440,卖盘
1393,14:34:13,5.43,0.0,62,33666,卖盘
1394,14:34:18,5.43,0.0,38,20634,卖盘
1395,14:34:21,5.43,0.0,10,5430,卖盘
1396,14:34:27,5.44,0.01,11,5975,买盘
1397,14:34:58,5.44,0.0,82,44608,买盘
1398,14:35:01,5.43,-0.01,141,76563,卖盘
1399,14:35:09,5.44,0.01,907,491890,买盘
1400,14:35:16,5.43,-0.01,19,10317,买盘
1401,14:35:18,5.43,0.0,25,13575,买盘
1402,14:35:39,5.43,0.0,9,4887,卖盘
1403,14:35:42,5.43,0.0,6,3258,卖盘
1404,14:35:45,5.44,0.01,128,69632,买盘
1405,14:36:04,5.43,-0.01,5,2715,卖盘
1406,14:36:07,5.43,0.0,6,3258,卖盘
1407,14:36:21,5.43,0.0,309,167787,卖盘
1408,14:36:25,5.43,0.0,10,5430,买盘
1409,14:36:28,5.43,0.0,10,5430,买盘
1410,14:36:30,5.43,0.0,112,60816,买盘
1411,14:36:40,5.43,0.0,5,2715,卖盘
1412,14:36:52,5.44,0.01,20,10880,买盘
1413,14:36:55,5.43,-0.01,2,1086,卖盘
1414,14:36:58,5.44,0.01,15,8160,买盘
1415,14:37:00,5.43,-0.01,96,52128,卖盘
1416,14:37:10,5.43,0.0,6,3258,卖盘
1417,14:37:19,5.44,0.01,28,15232,买盘
1418,14:37:27,5.43,-0.01,866,469563,卖盘
1419,14:37:31,5.43,0.0,2,1086,卖盘
1420,14:37:39,5.43,0.0,50,27150,买盘
1421,14:37:54,5.43,0.0,72,39096,卖盘
1422,14:38:10,5.43,0.0,19,10317,卖盘
1423,14:38:52,5.44,0.01,10,5440,买盘
1424,14:39:21,5.43,-0.01,4,2172,卖盘
1425,14:39:48,5.42,-0.01,1210,656753,卖盘
1426,14:40:04,5.44,0.02,20,10880,买盘
1427,14:40:07,5.44,0.0,3,1632,买盘
1428,14:40:10,5.43,-0.01,107,58101,卖盘
1429,14:40:19,5.43,0.0,20,10860,买盘
1430,14:40:21,5.43,0.0,100,54300,买盘
1431,14:40:24,5.43,0.0,65,35295,买盘
1432,14:40:28,5.43,0.0,45,24435,买盘
1433,14:40:34,5.43,0.0,2,1086,卖盘
1434,14:40:37,5.44,0.01,148,80512,买盘
1435,14:40:57,5.43,-0.01,20,10860,卖盘
1436,14:41:01,5.44,0.01,236,128384,买盘
1437,14:41:04,5.43,-0.01,10,5430,卖盘
1438,14:41:07,5.44,0.01,26,14144,买盘
1439,14:41:13,5.44,0.0,1,544,买盘
1440,14:41:16,5.43,-0.01,201,109207,卖盘
1441,14:41:19,5.44,0.01,124,67456,买盘
1442,14:41:22,5.44,0.0,15,8160,卖盘
1443,14:41:24,5.43,-0.01,780,424116,卖盘
1444,14:41:31,5.44,0.01,8,4352,中性盘
1445,14:41:39,5.44,0.0,10,5440,卖盘
1446,14:41:43,5.44,0.0,2,1088,卖盘
1447,14:41:55,5.44,0.0,10,5440,买盘
1448,14:42:04,5.44,0.0,9,4896,买盘
1449,14:42:16,5.43,-0.01,1570,852678,卖盘
1450,14:42:22,5.44,0.01,24,13056,卖盘
1451,14:42:30,5.44,0.0,48,26112,买盘
1452,14:42:40,5.44,0.0,2,1088,卖盘
1453,14:42:43,5.44,0.0,46,25024,中性盘
1454,14:42:55,5.44,0.0,10,5440,买盘
1455,14:43:13,5.44,0.0,25,13600,买盘
1456,14:43:25,5.44,0.0,20,10880,买盘
1457,14:43:31,5.44,0.0,23,12512,买盘
1458,14:43:43,5.44,0.0,7,3808,买盘
1459,14:43:49,5.43,-0.01,864,469152,卖盘
1460,14:43:52,5.44,0.01,13,7072,买盘
1461,14:43:55,5.44,0.0,18,9792,买盘
1462,14:43:58,5.44,0.0,70,38080,买盘
1463,14:44:04,5.44,0.0,10,5440,买盘
1464,14:44:10,5.44,0.0,11,5984,买盘
1465,14:44:12,5.44,0.0,4,2176,买盘
1466,14:44:15,5.44,0.0,6,3264,卖盘
1467,14:44:22,5.44,0.0,2,1088,买盘
1468,14:44:28,5.44,0.0,16,8704,卖盘
1469,14:44:31,5.44,0.0,9,4896,买盘
1470,14:44:34,5.44,0.0,31,16864,卖盘
1471,14:44:42,5.44,0.0,107,58218,卖盘
1472,14:44:51,5.44,0.0,67,36448,买盘
1473,14:44:55,5.44,0.0,168,91392,卖盘
1474,14:44:58,5.44,0.0,30,16320,卖盘
1475,14:45:16,5.44,0.0,26,14144,卖盘
1476,14:45:24,5.44,0.0,40,21760,卖盘
1477,14:45:34,5.43,-0.01,890,483746,卖盘
1478,14:45:40,5.45,0.02,10,5450,买盘
1479,14:45:46,5.45,0.0,18,9810,买盘
1480,14:45:55,5.45,0.0,26,14170,买盘
1481,14:46:01,5.43,-0.02,10,5430,卖盘
1482,14:46:16,5.45,0.02,50,27250,买盘
1483,14:46:34,5.45,0.0,60,32700,买盘
1484,14:46:43,5.43,-0.02,762,414025,卖盘
1485,14:46:52,5.45,0.02,52,28300,买盘
1486,14:47:07,5.45,0.0,97,52865,买盘
1487,14:47:12,5.44,-0.01,25,13600,卖盘
1488,14:47:21,5.45,0.01,25,13625,买盘
1489,14:47:31,5.45,0.0,100,54500,买盘
1490,14:47:46,5.45,0.0,14,7630,买盘
1491,14:47:52,5.45,0.0,890,483598,买盘
1492,14:47:54,5.45,0.0,20,10900,买盘
1493,14:47:58,5.45,0.0,20,10900,买盘
1494,14:48:01,5.45,0.0,13,7085,买盘
1495,14:48:10,5.45,0.0,10,5450,买盘
1496,14:48:13,5.45,0.0,12,6540,买盘
1497,14:48:30,5.45,0.0,2,1090,买盘
1498,14:48:33,5.45,0.0,20,10900,买盘
1499,14:48:37,5.45,0.0,40,21800,买盘
1500,14:48:48,5.44,-0.01,80,43520,卖盘
1501,14:48:55,5.44,0.0,13,7072,买盘
1502,14:49:09,5.44,0.0,15,8160,卖盘
1503,14:49:16,5.45,0.01,443,241435,买盘
1504,14:49:18,5.44,-0.01,139,75616,卖盘
1505,14:49:28,5.44,0.0,5,2720,买盘
1506,14:49:37,5.43,-0.01,728,395339,卖盘
1507,14:49:40,5.43,0.0,21,11403,买盘
1508,14:49:49,5.43,0.0,5,2715,买盘
1509,14:49:52,5.43,0.0,2,1086,买盘
1510,14:49:55,5.43,0.0,14,7602,买盘
1511,14:50:04,5.43,0.0,84,45612,卖盘
1512,14:50:13,5.43,0.0,5,2715,卖盘
1513,14:50:16,5.44,0.01,18,9784,买盘
1514,14:50:22,5.44,0.0,30,16320,买盘
1515,14:50:28,5.44,0.0,45,24462,买盘
1516,14:50:31,5.44,0.0,43,23392,买盘
1517,14:50:34,5.44,0.0,50,27200,卖盘
1518,14:50:36,5.44,0.0,26,14144,卖盘
1519,14:50:39,5.43,-0.01,20,10870,卖盘
1520,14:50:51,5.44,0.01,156,84864,中性盘
1521,14:50:54,5.43,-0.01,780,423540,卖盘
1522,14:51:07,5.44,0.01,44,23936,买盘
1523,14:51:16,5.44,0.0,51,27744,卖盘
1524,14:51:25,5.44,0.0,21,11406,买盘
1525,14:51:34,5.44,0.0,32,17408,买盘
1526,14:51:37,5.43,-0.01,41,22303,卖盘
1527,14:51:40,5.44,0.01,50,27200,买盘
1528,14:51:46,5.44,0.0,54,29376,买盘
1529,14:51:52,5.44,0.0,30,16320,买盘
1530,14:51:58,5.44,0.0,50,27200,买盘
1531,14:52:00,5.44,0.0,4,2176,买盘
1532,14:52:06,5.44,0.0,5,2720,买盘
1533,14:52:19,5.44,0.0,94,51136,买盘
1534,14:52:24,5.44,0.0,5,2720,买盘
1535,14:52:27,5.44,0.0,8,4352,买盘
1536,14:52:31,5.44,0.0,10,5440,买盘
1537,14:52:34,5.43,-0.01,16,8688,卖盘
1538,14:52:40,5.43,0.0,40,21720,卖盘
1539,14:52:46,5.42,-0.01,1400,759393,卖盘
1540,14:52:52,5.44,0.02,3,1632,买盘
1541,14:53:01,5.44,0.0,1,544,买盘
1542,14:53:04,5.43,-0.01,3,1629,卖盘
1543,14:53:07,5.43,0.0,4,2172,卖盘
1544,14:53:10,5.43,0.0,10,5430,买盘
1545,14:53:12,5.43,0.0,21,11403,买盘
1546,14:53:16,5.43,0.0,15,8145,买盘
1547,14:53:25,5.43,0.0,165,89595,买盘
1548,14:53:28,5.42,-0.01,6,3252,卖盘
1549,14:53:31,5.43,0.01,61,33123,买盘
1550,14:53:34,5.43,0.0,32,17366,买盘
1551,14:53:37,5.43,0.0,20,10860,买盘
1552,14:53:40,5.43,0.0,18,9774,买盘
1553,14:53:43,5.43,0.0,93,50499,买盘
1554,14:53:46,5.43,0.0,120,65160,买盘
1555,14:53:49,5.43,0.0,119,64528,买盘
1556,14:54:01,5.43,0.0,92,49956,买盘
1557,14:54:04,5.43,0.0,27,14661,买盘
1558,14:54:15,5.43,0.0,85,46155,买盘
1559,14:54:18,5.43,0.0,23,12489,卖盘
1560,14:54:22,5.43,0.0,27,14661,买盘
1561,14:54:25,5.43,0.0,9,4887,买盘
1562,14:54:27,5.43,0.0,4,2172,买盘
1563,14:54:31,5.43,0.0,10,5430,买盘
1564,14:54:33,5.42,-0.01,1004,544168,卖盘
1565,14:54:43,5.43,0.01,15,8145,买盘
1566,14:54:49,5.42,-0.01,45,24390,卖盘
1567,14:54:52,5.43,0.01,56,30403,买盘
1568,14:54:55,5.43,0.0,80,43440,买盘
1569,14:54:57,5.42,-0.01,64,34718,卖盘
1570,14:55:01,5.43,0.01,18,9774,买盘
1571,14:55:04,5.42,-0.01,30,16260,卖盘
1572,14:55:06,5.42,0.0,108,58536,卖盘
1573,14:55:10,5.43,0.01,2,1086,买盘
1574,14:55:15,5.42,-0.01,60,32520,卖盘
1575,14:55:19,5.42,0.0,404,218968,卖盘
1576,14:55:22,5.42,0.0,249,134958,卖盘
1577,14:55:25,5.42,0.0,56,30352,买盘
1578,14:55:30,5.42,0.0,10,5420,买盘
1579,14:55:33,5.42,0.0,24,13008,买盘
1580,14:55:36,5.42,0.0,56,30346,买盘
1581,14:55:40,5.42,0.0,275,149050,买盘
1582,14:55:43,5.42,0.0,500,271000,卖盘
1583,14:55:46,5.41,-0.01,1246,674634,卖盘
1584,14:55:49,5.43,0.02,20,10860,买盘
1585,14:55:52,5.41,-0.02,300,162300,卖盘
1586,14:55:54,5.42,0.01,31,16802,买盘
1587,14:56:01,5.41,-0.01,26,14068,卖盘
1588,14:56:04,5.41,0.0,168,90890,卖盘
1589,14:56:06,5.41,0.0,9,4869,卖盘
1590,14:56:09,5.41,0.0,52,28132,卖盘
1591,14:56:13,5.41,0.0,354,191522,卖盘
1592,14:56:15,5.41,0.0,15,8115,卖盘
1593,14:56:19,5.42,0.01,47,25454,买盘
1594,14:56:22,5.41,-0.01,68,36806,卖盘
1595,14:56:25,5.41,0.0,200,108200,卖盘
1596,14:56:28,5.42,0.01,16,8672,买盘
1597,14:56:31,5.41,-0.01,81,43821,卖盘
1598,14:56:34,5.42,0.01,1690,913118,买盘
1599,14:56:39,5.41,-0.01,25,13525,买盘
1600,14:56:42,5.41,0.0,389,210729,买盘
1601,14:56:49,5.41,0.0,137,74117,卖盘
1602,14:56:55,5.42,0.01,4,2168,买盘
1603,14:56:58,5.41,-0.01,72,38952,卖盘
1604,14:57:00,5.41,0.0,42,22722,卖盘
1605,15:00:04,5.41,0.0,4502,2435582,卖盘
