,time,price,change,volume,amount,type
0,09:25:04,25.5,-0.14,82,209100,卖盘
1,09:30:04,25.5,0.0,60,153039,卖盘
2,09:30:06,25.52,0.02,117,298393,买盘
3,09:30:09,25.52,0.0,14,35728,买盘
4,09:30:12,25.52,0.0,6,15311,买盘
5,09:30:15,25.52,0.0,5,12758,买盘
6,09:30:18,25.52,0.0,8,20416,买盘
7,09:30:21,25.55,0.03,1,2555,买盘
8,09:30:24,25.55,0.0,11,28105,买盘
9,09:30:27,25.59,0.04,17,43499,买盘
10,09:30:30,25.59,0.0,21,53739,买盘
11,09:30:33,25.59,0.0,21,53745,买盘
12,09:30:36,25.6,0.01,8,20480,买盘
13,09:30:40,25.6,0.0,12,30720,买盘
14,09:30:42,25.64,0.04,1297,3325488,买盘
15,09:30:45,25.7,0.06,1,2570,买盘
16,09:30:48,25.65,-0.05,42,107889,卖盘
17,09:30:51,25.78,0.13,7,18043,买盘
18,09:30:54,26.35,0.57,3300,8674664,买盘
19,09:30:57,25.79,-0.56,15,38685,中性盘
20,09:31:00,26.35,0.56,9,23710,买盘
21,09:31:06,25.86,-0.49,21,54320,中性盘
22,09:31:09,26.18,0.32,5,13018,买盘
23,09:31:12,26.18,0.0,2,5236,卖盘
24,09:31:15,26.18,0.0,18,46948,买盘
25,09:31:18,26.01,-0.17,30,78030,买盘
26,09:31:24,26.02,0.01,1,2602,中性盘
27,09:31:27,26.01,-0.01,4,10404,卖盘
28,09:31:30,26.02,0.01,13,33806,买盘
29,09:31:33,26.0,-0.02,16,41609,卖盘
30,09:31:36,25.92,-0.08,20,51875,中性盘
31,09:31:39,25.92,0.0,3,7776,卖盘
32,09:31:42,26.0,0.08,37,96215,买盘
33,09:31:45,26.0,0.0,61,158601,卖盘
34,09:31:48,26.0,0.0,131,340552,卖盘
35,09:31:51,26.0,0.0,20,51976,买盘
36,09:31:54,25.97,-0.03,7,18179,卖盘
37,09:31:57,25.91,-0.06,10,25910,卖盘
38,09:32:00,25.95,0.04,3,7785,买盘
39,09:32:04,25.95,0.0,20,51948,卖盘
40,09:32:06,25.92,-0.03,5,12972,卖盘
41,09:32:09,25.92,0.0,14,36318,卖盘
42,09:32:12,25.92,0.0,20,51910,卖盘
43,09:32:15,25.94,0.02,8,20744,中性盘
44,09:32:18,25.94,0.0,3,7782,卖盘
45,09:32:21,25.98,0.04,56,145397,买盘
46,09:32:24,25.95,-0.03,24,62280,卖盘
47,09:32:27,25.92,-0.03,2,5184,卖盘
48,09:32:31,25.92,0.0,16,41481,卖盘
49,09:32:33,25.94,0.02,14,36314,买盘
50,09:32:36,25.92,-0.02,12,31104,卖盘
51,09:32:39,25.92,0.0,42,108864,买盘
52,09:32:42,25.92,0.0,21,54432,卖盘
53,09:32:45,25.93,0.01,42,108801,买盘
54,09:32:54,25.95,0.02,12,31130,买盘
55,09:32:57,25.95,0.0,1,2595,卖盘
56,09:33:00,25.99,0.04,41,106484,买盘
57,09:33:12,26.0,0.01,40,103985,买盘
58,09:33:15,25.99,-0.01,24,62354,买盘
59,09:33:21,25.95,-0.04,20,51906,卖盘
60,09:33:24,25.95,0.0,3,7785,卖盘
61,09:33:27,25.95,0.0,4,10382,卖盘
62,09:33:30,25.95,0.0,3,7785,卖盘
63,09:33:33,25.97,0.02,4,10388,买盘
64,09:33:36,25.96,-0.01,10,25964,卖盘
65,09:33:39,25.96,0.0,8,20769,卖盘
66,09:33:42,25.97,0.01,13,33750,中性盘
67,09:33:45,25.95,-0.02,33,85672,卖盘
68,09:33:48,25.95,0.0,11,28548,卖盘
69,09:33:51,25.95,0.0,3,7785,卖盘
70,09:33:54,25.95,0.0,4,10380,卖盘
71,09:33:57,25.95,0.0,35,90825,卖盘
72,09:34:00,25.94,-0.01,7,18163,卖盘
73,09:34:04,25.9,-0.04,7,18135,卖盘
74,09:34:06,25.9,0.0,17,44064,卖盘
75,09:34:09,25.9,0.0,5,12950,卖盘
76,09:34:12,25.88,-0.02,3,7764,卖盘
77,09:34:16,25.88,0.0,3,7764,卖盘
78,09:34:18,25.88,0.0,5,12940,卖盘
79,09:34:24,25.94,0.06,2,5186,买盘
80,09:34:27,25.88,-0.06,1,2588,卖盘
81,09:34:33,25.89,0.01,18,46589,买盘
82,09:34:39,25.87,-0.02,19,49168,卖盘
83,09:34:42,25.89,0.02,15,38811,买盘
84,09:34:51,25.89,0.0,33,85545,买盘
85,09:34:54,25.89,0.0,1,2589,卖盘
86,09:35:00,25.86,-0.03,20,51720,买盘
87,09:35:09,25.89,0.03,6,15533,买盘
88,09:35:12,25.89,0.0,4,10356,卖盘
89,09:35:21,25.93,0.04,16,41480,买盘
90,09:35:24,25.87,-0.06,112,290202,卖盘
91,09:35:27,25.86,-0.01,2,5172,卖盘
92,09:35:30,25.85,-0.01,59,152623,卖盘
93,09:35:33,25.87,0.02,8,20696,买盘
94,09:35:37,25.87,0.0,75,194013,买盘
95,09:35:39,25.86,-0.01,22,56921,中性盘
96,09:35:42,25.87,0.01,4,10348,卖盘
97,09:35:45,25.88,0.01,9,23292,中性盘
98,09:35:51,25.88,0.0,2,5176,卖盘
99,09:35:54,25.89,0.01,5,12945,买盘
100,09:35:57,25.89,0.0,1,2589,卖盘
101,09:36:04,25.88,-0.01,54,139752,卖盘
102,09:36:06,25.89,0.01,7,18121,买盘
103,09:36:09,25.89,0.0,14,36234,买盘
104,09:36:12,25.88,-0.01,13,33644,卖盘
105,09:36:15,25.88,0.0,14,36232,卖盘
106,09:36:18,25.85,-0.03,8,20684,卖盘
107,09:36:21,25.85,0.0,9,23265,卖盘
108,09:36:24,25.83,-0.02,19,49063,卖盘
109,09:36:27,25.84,0.01,19,49096,买盘
110,09:36:30,25.85,0.01,23,59455,买盘
111,09:36:34,25.85,0.0,4,10340,卖盘
112,09:36:37,25.85,0.0,6,15516,卖盘
113,09:36:42,25.85,0.0,7,18095,卖盘
114,09:36:45,25.85,0.0,3,7755,卖盘
115,09:36:48,25.85,0.0,30,77564,卖盘
116,09:36:51,25.85,0.0,10,25850,买盘
117,09:36:54,25.87,0.02,20,51711,买盘
118,09:36:57,25.87,0.0,3,7761,卖盘
119,09:37:00,25.87,0.0,24,62108,卖盘
120,09:37:03,25.87,0.0,14,36218,卖盘
121,09:37:06,25.85,-0.02,3,7755,卖盘
122,09:37:09,25.84,-0.01,5,12924,卖盘
123,09:37:15,25.84,0.0,4,10336,卖盘
124,09:37:18,25.87,0.03,21,54325,中性盘
125,09:37:21,25.86,-0.01,2,5172,卖盘
126,09:37:25,25.86,0.0,4,10344,卖盘
127,09:37:27,25.84,-0.02,5,12920,卖盘
128,09:37:30,25.87,0.03,23,59501,买盘
129,09:37:33,25.85,-0.02,33,85366,卖盘
130,09:37:36,25.88,0.03,20,51755,买盘
131,09:37:39,25.87,-0.01,4,10342,中性盘
132,09:37:42,25.84,-0.03,2,5168,卖盘
133,09:37:45,25.84,0.0,2,5168,卖盘
134,09:37:49,25.83,-0.01,4,10333,卖盘
135,09:37:51,25.84,0.01,3,7752,卖盘
136,09:37:54,25.83,-0.01,3,7750,卖盘
137,09:37:57,25.84,0.01,22,56848,卖盘
138,09:38:00,25.83,-0.01,13,33588,卖盘
139,09:38:04,25.82,-0.01,25,64556,卖盘
140,09:38:06,25.8,-0.02,864,2229315,卖盘
141,09:38:09,25.74,-0.06,41,105538,卖盘
142,09:38:12,25.8,0.06,51,131541,买盘
143,09:38:18,25.76,-0.04,21,54071,买盘
144,09:38:21,25.7,-0.06,11,28370,卖盘
145,09:38:27,25.8,0.1,17,43840,买盘
146,09:38:30,25.7,-0.1,14,35990,卖盘
147,09:38:39,25.72,0.02,2,5144,卖盘
148,09:38:42,25.75,0.03,1,2575,买盘
149,09:38:45,25.72,-0.03,11,28298,卖盘
150,09:38:48,25.75,0.03,38,97728,买盘
151,09:38:51,25.73,-0.02,2,5146,卖盘
152,09:38:54,25.71,-0.02,9,23147,卖盘
153,09:39:00,25.71,0.0,3,7713,卖盘
154,09:39:06,25.73,0.02,4,10292,买盘
155,09:39:09,25.73,0.0,3,7719,买盘
156,09:39:12,25.72,-0.01,8,20581,卖盘
157,09:39:18,25.73,0.01,1,2573,卖盘
158,09:39:21,25.73,0.0,2,5146,卖盘
159,09:39:28,25.73,0.0,7,18011,买盘
160,09:39:30,25.72,-0.01,10,25726,卖盘
161,09:39:33,25.72,0.0,3,7716,买盘
162,09:39:36,25.73,0.01,1,2573,买盘
163,09:39:39,25.72,-0.01,3,7716,卖盘
164,09:39:42,25.71,-0.01,4,10284,卖盘
165,09:39:45,25.71,0.0,24,61704,卖盘
166,09:39:48,25.72,0.01,49,125967,买盘
167,09:39:51,25.72,0.0,6,15430,买盘
168,09:39:54,25.7,-0.02,2,5142,卖盘
169,09:39:57,25.72,0.02,2,5142,买盘
170,09:40:00,25.7,-0.02,41,105370,卖盘
171,09:40:04,25.7,0.0,14,35996,卖盘
172,09:40:06,25.7,0.0,1,2570,卖盘
173,09:40:09,25.7,0.0,4,10283,卖盘
174,09:40:12,25.7,0.0,8,20560,卖盘
175,09:40:15,25.71,0.01,12,30845,买盘
176,09:40:21,25.7,-0.01,1,2570,买盘
177,09:40:24,25.7,0.0,1,2570,买盘
178,09:40:27,25.72,0.02,7,17995,买盘
179,09:40:33,25.72,0.0,40,102880,买盘
180,09:40:36,25.75,0.03,50,128679,买盘
181,09:40:42,25.78,0.03,2,5156,买盘
182,09:40:45,25.75,-0.03,10,25753,卖盘
183,09:40:48,25.8,0.05,1,2580,买盘
184,09:40:51,25.8,0.0,12,30960,买盘
185,09:41:04,25.75,-0.05,16,41206,卖盘
186,09:41:06,25.8,0.05,15,38700,买盘
187,09:41:18,25.8,0.0,30,77368,买盘
188,09:41:21,25.8,0.0,23,59340,买盘
189,09:41:27,25.8,0.0,1,2580,卖盘
190,09:41:33,25.8,0.0,13,33553,卖盘
191,09:41:39,25.8,0.0,85,219300,卖盘
192,09:41:45,25.78,-0.02,1,2578,卖盘
193,09:41:48,25.78,0.0,7,18046,卖盘
194,09:41:51,25.78,0.0,9,23203,卖盘
195,09:41:54,25.78,0.0,6,15468,卖盘
196,09:41:57,25.78,0.0,28,72186,卖盘
197,09:42:00,25.78,0.0,8,20624,卖盘
198,09:42:04,25.78,0.0,7,18046,卖盘
199,09:42:06,25.77,-0.01,11,28353,卖盘
200,09:42:09,25.76,-0.01,9,23189,卖盘
201,09:42:12,25.76,0.0,7,18032,卖盘
202,09:42:16,25.76,0.0,6,15456,卖盘
203,09:42:18,25.76,0.0,14,36064,卖盘
204,09:42:21,25.76,0.0,13,33488,卖盘
205,09:42:24,25.75,-0.01,11,28331,卖盘
206,09:42:27,25.79,0.04,28,72157,买盘
207,09:42:30,25.76,-0.03,40,103142,卖盘
208,09:42:33,25.78,0.02,18,46364,买盘
209,09:42:36,25.73,-0.05,22,56676,卖盘
210,09:42:39,25.73,0.0,4,10292,卖盘
211,09:42:42,25.74,0.01,1,2574,卖盘
212,09:42:45,25.78,0.04,10,25743,中性盘
213,09:42:48,25.73,-0.05,51,131335,卖盘
214,09:42:51,25.73,0.0,20,51460,卖盘
215,09:42:54,25.73,0.0,6,15442,买盘
216,09:42:57,25.73,0.0,6,15438,卖盘
217,09:43:00,25.72,-0.01,37,95178,卖盘
218,09:43:04,25.71,-0.01,6,15432,卖盘
219,09:43:06,25.7,-0.01,2,5141,卖盘
220,09:43:15,25.74,0.04,26,66844,买盘
221,09:43:18,25.7,-0.04,16,41180,卖盘
222,09:43:21,25.8,0.1,40,103161,买盘
223,09:43:24,25.8,0.0,8,20634,买盘
224,09:43:27,25.8,0.0,7,18060,买盘
225,09:43:30,25.79,-0.01,5,12897,中性盘
226,09:43:34,25.75,-0.04,2,5150,中性盘
227,09:43:36,25.75,0.0,14,36050,买盘
228,09:43:42,25.75,0.0,3,7733,卖盘
229,09:43:45,25.79,0.04,3,7737,买盘
230,09:43:48,25.75,-0.04,10,25751,卖盘
231,09:43:51,25.75,0.0,23,59225,买盘
232,09:43:54,25.8,0.05,6,15475,买盘
233,09:44:03,25.8,0.0,7,18060,买盘
234,09:44:06,25.8,0.0,96,247680,买盘
235,09:44:09,25.82,0.02,2,5164,买盘
236,09:44:12,25.83,0.01,20,51642,买盘
237,09:44:18,25.8,-0.03,63,162550,卖盘
238,09:44:21,25.8,0.0,1,2580,买盘
239,09:44:24,25.8,0.0,36,92880,买盘
240,09:44:33,25.82,0.02,3,7746,买盘
241,09:44:36,25.82,0.0,3,7746,买盘
242,09:44:45,25.85,0.03,44,113693,买盘
243,09:44:54,25.83,-0.02,3,7749,买盘
244,09:45:00,25.84,0.01,10,25838,买盘
245,09:45:04,25.85,0.01,1,2585,买盘
246,09:45:06,25.84,-0.01,4,10336,卖盘
247,09:45:09,25.84,0.0,2,5168,买盘
248,09:45:12,25.84,0.0,1,2584,买盘
249,09:45:24,25.85,0.01,7,18095,买盘
250,09:45:27,25.85,0.0,3,7755,卖盘
251,09:45:39,25.88,0.03,44,113851,买盘
252,09:45:42,25.85,-0.03,37,95663,卖盘
253,09:45:45,25.86,0.01,4,10341,买盘
254,09:45:48,25.89,0.03,2,5178,买盘
255,09:45:51,25.9,0.01,17,44028,买盘
256,09:46:09,25.86,-0.04,7,18105,卖盘
257,09:46:12,25.85,-0.01,4,10343,卖盘
258,09:46:15,25.85,0.0,6,15510,卖盘
259,09:46:19,25.85,0.0,27,69803,卖盘
260,09:46:21,25.86,0.01,19,49120,买盘
261,09:46:24,25.85,-0.01,15,38780,卖盘
262,09:46:27,25.86,0.01,23,59447,买盘
263,09:46:30,25.81,-0.05,31,80024,卖盘
264,09:46:34,25.88,0.07,13,33560,买盘
265,09:46:36,25.81,-0.07,10,25810,卖盘
266,09:46:39,25.81,0.0,13,33553,卖盘
267,09:46:42,25.81,0.0,24,61944,卖盘
268,09:46:45,25.85,0.04,39,100743,中性盘
269,09:46:48,25.85,0.0,42,108406,买盘
270,09:46:51,25.82,-0.03,27,69691,中性盘
271,09:46:54,25.81,-0.01,27,69699,卖盘
272,09:46:57,25.85,0.04,10,25814,买盘
273,09:47:00,25.85,0.0,67,173118,买盘
274,09:47:04,25.81,-0.04,72,185840,卖盘
275,09:47:09,25.81,0.0,5,12905,买盘
276,09:47:15,25.81,0.0,5,12905,买盘
277,09:47:18,25.81,0.0,22,56782,买盘
278,09:47:21,25.87,0.06,22,56914,买盘
279,09:47:33,25.87,0.0,8,20691,买盘
280,09:47:36,25.87,0.0,5,12935,买盘
281,09:47:42,25.87,0.0,12,31044,买盘
282,09:47:51,25.87,0.0,17,43979,买盘
283,09:47:58,25.87,0.0,6,15527,卖盘
284,09:48:00,25.88,0.01,6,15528,买盘
285,09:48:09,25.87,-0.01,6,15522,卖盘
286,09:48:21,25.87,0.0,1,2587,买盘
287,09:48:33,25.87,0.0,1,2587,买盘
288,09:48:39,25.84,-0.03,1,2584,卖盘
289,09:48:42,25.84,0.0,1,2584,买盘
290,09:48:48,25.87,0.03,22,56892,买盘
291,09:48:51,25.84,-0.03,8,20689,卖盘
292,09:49:03,25.85,0.01,11,28435,买盘
293,09:49:06,25.85,0.0,2,5170,买盘
294,09:49:10,25.82,-0.03,44,113654,卖盘
295,09:49:12,25.82,0.0,1,2582,买盘
296,09:49:18,25.81,-0.01,3,7743,卖盘
297,09:49:24,25.81,0.0,1,2581,卖盘
298,09:49:27,25.82,0.01,29,74878,买盘
299,09:49:33,25.81,-0.01,9,23229,卖盘
300,09:49:42,25.82,0.01,10,25820,买盘
301,09:49:45,25.85,0.03,13,33587,买盘
302,09:49:57,25.85,0.0,11,28435,卖盘
303,09:50:00,25.82,-0.03,19,49114,卖盘
304,09:50:03,25.86,0.04,11,28441,中性盘
305,09:50:09,25.86,0.0,3,7758,买盘
306,09:50:15,25.86,0.0,2,5172,买盘
307,09:50:19,25.86,0.0,1,2586,买盘
308,09:50:21,25.87,0.01,20,51725,买盘
309,09:50:27,25.85,-0.02,3,7755,买盘
310,09:50:39,25.85,0.0,4,10340,买盘
311,09:50:42,25.83,-0.02,10,25831,卖盘
312,09:50:46,25.85,0.02,6,15510,买盘
313,09:50:57,25.85,0.0,2,5170,卖盘
314,09:51:01,25.85,0.0,3,7757,卖盘
315,09:51:04,25.87,0.02,8,20696,买盘
316,09:51:06,25.87,0.0,8,20696,买盘
317,09:51:09,25.87,0.0,27,69805,买盘
318,09:51:15,25.87,0.0,11,28457,买盘
319,09:51:18,25.86,-0.01,11,28436,买盘
320,09:51:30,25.85,-0.01,14,36202,卖盘
321,09:51:36,25.86,0.01,4,10344,买盘
322,09:51:42,25.85,-0.01,3,7755,卖盘
323,09:51:48,25.85,0.0,9,23265,卖盘
324,09:51:51,25.86,0.01,26,67234,买盘
325,09:51:57,25.86,0.0,43,111198,买盘
326,09:52:00,25.86,0.0,1,2586,买盘
327,09:52:04,25.86,0.0,2,5172,买盘
328,09:52:06,25.85,-0.01,20,51700,卖盘
329,09:52:09,25.85,0.0,12,31020,买盘
330,09:52:12,25.85,0.0,1,2585,买盘
331,09:52:15,25.85,0.0,30,77550,买盘
332,09:52:18,25.85,0.0,7,18095,买盘
333,09:52:21,25.84,-0.01,11,28425,卖盘
334,09:52:24,25.84,0.0,11,28424,买盘
335,09:52:30,25.83,-0.01,30,77490,卖盘
336,09:52:34,25.83,0.0,2,5166,买盘
337,09:52:36,25.84,0.01,5,12918,买盘
338,09:52:39,25.84,0.0,22,56828,买盘
339,09:52:48,25.84,0.0,3,7752,买盘
340,09:52:57,25.84,0.0,5,12920,买盘
341,09:53:04,25.84,0.0,13,33582,买盘
342,09:53:06,25.83,-0.01,8,20664,卖盘
343,09:53:09,25.83,0.0,15,38748,卖盘
344,09:53:12,25.84,0.01,5,12920,买盘
345,09:53:15,25.84,0.0,5,12920,买盘
346,09:53:18,25.84,0.0,2,5168,买盘
347,09:53:21,25.85,0.01,18,46521,买盘
348,09:53:24,25.85,0.0,1,2585,买盘
349,09:53:30,25.85,0.0,5,12925,买盘
350,09:53:39,25.84,-0.01,1,2584,中性盘
351,09:53:42,25.86,0.02,119,307722,买盘
352,09:53:45,25.87,0.01,2,5174,买盘
353,09:53:51,25.88,0.01,33,85382,买盘
354,09:53:54,25.89,0.01,11,28480,买盘
355,09:53:57,25.9,0.01,37,95830,买盘
356,09:54:00,25.93,0.03,8,20743,买盘
357,09:54:04,25.93,0.0,13,33694,买盘
358,09:54:06,25.93,0.0,11,28513,买盘
359,09:54:12,25.93,0.0,52,134836,买盘
360,09:54:15,25.95,0.02,15,38911,买盘
361,09:54:18,25.94,-0.01,5,12966,买盘
362,09:54:24,25.94,0.0,2,5188,买盘
363,09:54:27,25.94,0.0,31,80414,买盘
364,09:54:30,25.95,0.01,75,194613,买盘
365,09:54:33,25.96,0.01,7,18172,买盘
366,09:54:36,25.97,0.01,50,129803,买盘
367,09:54:39,25.96,-0.01,14,36357,中性盘
368,09:54:42,25.96,0.0,49,127242,买盘
369,09:54:45,25.97,0.01,13,33759,买盘
370,09:54:48,25.97,0.0,8,20769,买盘
371,09:54:51,25.97,0.0,31,80507,买盘
372,09:54:54,25.97,0.0,19,49343,买盘
373,09:54:57,25.97,0.0,3,7791,买盘
374,09:55:00,25.95,-0.02,83,215388,卖盘
375,09:55:04,25.97,0.02,8,20769,买盘
376,09:55:09,25.96,-0.01,4,10384,买盘
377,09:55:12,25.96,0.0,2,5192,买盘
378,09:55:15,25.95,-0.01,33,85659,卖盘
379,09:55:18,25.96,0.01,2,5192,买盘
380,09:55:21,25.95,-0.01,8,20760,卖盘
381,09:55:24,25.95,0.0,4,10380,卖盘
382,09:55:27,25.94,-0.01,57,147871,卖盘
383,09:55:30,25.94,0.0,1,2594,买盘
384,09:55:33,25.94,0.0,1,2594,买盘
385,09:55:42,25.93,-0.01,1,2593,卖盘
386,09:55:45,25.94,0.01,5,12970,买盘
387,09:55:48,25.93,-0.01,5,12965,卖盘
388,09:55:54,25.94,0.01,11,28533,买盘
389,09:55:57,25.94,0.0,2,5187,买盘
390,09:56:00,25.93,-0.01,6,15558,卖盘
391,09:56:06,25.94,0.01,30,77816,买盘
392,09:56:12,25.94,0.0,44,114136,买盘
393,09:56:15,25.94,0.0,135,350098,卖盘
394,09:56:18,25.94,0.0,3,7782,买盘
395,09:56:21,25.92,-0.02,31,80352,卖盘
396,09:56:24,25.94,0.02,1,2594,买盘
397,09:56:27,25.92,-0.02,24,62208,卖盘
398,09:56:33,25.88,-0.04,1,2588,卖盘
399,09:56:42,25.92,0.04,4,10367,买盘
400,09:56:45,25.92,0.0,20,51804,买盘
401,09:56:48,25.92,0.0,1,2592,买盘
402,09:56:54,25.92,0.0,3,7776,买盘
403,09:56:57,25.91,-0.01,11,28504,中性盘
404,09:57:00,25.89,-0.02,1,2589,卖盘
405,09:57:04,25.92,0.03,2,5184,买盘
406,09:57:12,25.92,0.0,3,7776,买盘
407,09:57:18,25.9,-0.02,5,12950,卖盘
408,09:57:21,25.92,0.02,171,442485,买盘
409,09:57:24,25.92,0.0,1,2592,买盘
410,09:57:27,25.89,-0.03,1,2589,卖盘
411,09:57:30,25.89,0.0,1,2589,卖盘
412,09:57:33,25.89,0.0,6,15538,卖盘
413,09:57:39,25.89,0.0,7,18123,卖盘
414,09:57:42,25.89,0.0,1,2589,买盘
415,09:57:45,25.86,-0.03,2,5172,卖盘
416,09:57:48,25.86,0.0,14,36213,卖盘
417,09:57:51,25.86,0.0,17,43962,买盘
418,09:58:00,25.89,0.03,29,75009,买盘
419,09:58:16,25.85,-0.04,44,113800,卖盘
420,09:58:18,25.85,0.0,1,2585,买盘
421,09:58:24,25.86,0.01,16,41376,买盘
422,09:58:27,25.89,0.03,1,2589,买盘
423,09:58:33,25.87,-0.02,17,43979,卖盘
424,09:58:36,25.87,0.0,6,15522,买盘
425,09:58:39,25.89,0.02,2,5178,买盘
426,09:58:48,25.91,0.02,20,51807,买盘
427,09:58:57,25.92,0.01,58,150326,买盘
428,09:59:00,25.94,0.02,53,137431,买盘
429,09:59:03,25.96,0.02,41,106401,买盘
430,09:59:06,25.96,0.0,3,7788,买盘
431,09:59:09,25.94,-0.02,14,36335,卖盘
432,09:59:12,25.94,0.0,6,15574,卖盘
433,09:59:15,25.96,0.02,13,33748,买盘
434,09:59:18,25.96,0.0,15,38940,买盘
435,09:59:27,25.97,0.01,26,67522,买盘
436,09:59:30,25.96,-0.01,113,293460,卖盘
437,09:59:33,25.94,-0.02,26,67444,卖盘
438,09:59:36,25.94,0.0,3,7782,买盘
439,09:59:42,25.94,0.0,26,67440,买盘
440,09:59:45,25.93,-0.01,37,95924,买盘
441,09:59:48,25.93,0.0,30,77790,卖盘
442,09:59:51,25.94,0.01,1,2594,买盘
443,09:59:57,25.93,-0.01,8,20744,卖盘
444,10:00:01,25.93,0.0,1,2593,卖盘
445,10:00:04,25.93,0.0,2,5186,卖盘
446,10:00:12,25.92,-0.01,4,10368,卖盘
447,10:00:15,25.95,0.03,63,163413,买盘
448,10:00:33,25.93,0.0,3,7260,卖盘
449,10:00:36,25.94,0.01,6,15562,买盘
450,10:00:42,25.94,0.0,3,7782,买盘
451,10:01:00,25.94,0.01,22,57068,买盘
452,10:01:04,25.95,0.01,39,101198,买盘
453,10:01:16,25.95,0.02,21,54495,买盘
454,10:01:18,25.95,0.0,9,23355,买盘
455,10:01:21,25.95,0.0,1,2595,买盘
456,10:01:24,25.93,-0.02,23,59645,卖盘
457,10:01:27,25.95,0.02,5,12971,买盘
458,10:01:36,25.95,0.0,4,10380,买盘
459,10:01:57,25.94,-0.01,17,44110,卖盘
460,10:02:00,25.94,0.0,4,10376,买盘
461,10:02:04,25.93,-0.01,1,2646,卖盘
462,10:02:09,25.95,0.02,20,51900,买盘
463,10:02:12,25.95,0.0,1,2595,买盘
464,10:02:15,25.95,0.0,50,130269,买盘
465,10:02:18,25.95,0.0,30,77871,卖盘
466,10:02:21,25.96,0.01,51,132396,买盘
467,10:02:24,25.96,0.0,23,59748,买盘
468,10:02:27,25.96,0.0,9,23364,买盘
469,10:02:42,26.0,0.04,80,207937,买盘
470,10:02:45,26.0,0.0,51,132590,买盘
471,10:02:51,26.0,0.0,105,273000,买盘
472,10:02:54,26.01,0.01,28,72802,买盘
473,10:02:57,26.02,0.01,6,15607,买盘
474,10:03:03,26.03,0.01,1,2603,卖盘
475,10:03:06,26.04,0.01,10,26037,买盘
476,10:03:09,26.05,0.01,27,70322,买盘
477,10:03:12,26.05,0.0,7,18234,买盘
478,10:03:18,26.05,0.0,20,52100,买盘
479,10:03:21,26.05,0.0,3,7815,买盘
480,10:03:25,26.05,0.0,17,44807,买盘
481,10:03:27,26.06,0.01,1,2606,买盘
482,10:03:33,26.06,0.0,5,12507,买盘
483,10:03:36,26.05,-0.01,10,26050,买盘
484,10:03:39,26.06,0.01,86,224607,买盘
485,10:03:42,26.07,0.01,27,70363,买盘
486,10:03:45,26.07,0.0,19,49533,买盘
487,10:03:51,26.08,0.01,28,73024,买盘
488,10:03:57,26.08,0.0,17,44336,买盘
489,10:04:00,26.08,0.0,2,5216,卖盘
490,10:04:04,26.08,0.0,6,15648,卖盘
491,10:04:06,26.08,0.0,31,80849,卖盘
492,10:04:09,26.08,0.0,48,125167,卖盘
493,10:04:12,26.06,-0.02,44,114669,卖盘
494,10:04:15,26.06,0.0,76,198102,卖盘
495,10:04:18,26.07,0.01,17,44320,卖盘
496,10:04:21,26.06,-0.01,63,164255,卖盘
497,10:04:24,26.07,0.01,51,132942,买盘
498,10:04:27,26.04,-0.03,33,85457,卖盘
499,10:04:30,26.03,-0.01,4,10412,卖盘
500,10:04:33,26.05,0.02,4,10414,中性盘
501,10:04:37,26.03,-0.02,22,57266,卖盘
502,10:04:42,26.03,0.0,1,2603,卖盘
503,10:04:45,26.03,0.0,1,2603,卖盘
504,10:04:48,26.03,0.0,3,7809,卖盘
505,10:04:51,26.04,0.01,12,31237,买盘
506,10:04:57,26.03,-0.01,6,15618,买盘
507,10:05:04,26.03,0.0,8,20824,买盘
508,10:05:06,26.03,0.0,2,5440,买盘
509,10:05:12,26.03,0.0,2,5206,买盘
510,10:05:18,26.03,0.0,25,65073,买盘
511,10:05:21,26.03,0.0,42,109340,买盘
512,10:05:24,26.06,0.03,50,130206,买盘
513,10:05:27,26.06,0.0,1,2606,买盘
514,10:05:30,26.06,0.0,13,33878,买盘
515,10:05:37,26.07,0.01,26,67771,买盘
516,10:05:39,26.08,0.01,4,10432,买盘
517,10:05:43,26.08,0.0,1,2608,买盘
518,10:05:45,26.09,0.01,54,140847,买盘
519,10:05:48,26.08,-0.01,57,148698,卖盘
520,10:05:51,26.09,0.01,21,54790,中性盘
521,10:05:54,26.1,0.01,7,18270,买盘
522,10:05:57,26.1,0.0,19,49583,买盘
523,10:06:00,26.1,0.0,21,54810,买盘
524,10:06:04,26.1,0.0,5,13059,卖盘
525,10:06:06,26.1,0.0,26,67878,卖盘
526,10:06:09,26.1,0.0,23,60039,卖盘
527,10:06:12,26.13,0.03,7,18291,买盘
528,10:06:18,26.13,0.0,8,20904,卖盘
529,10:06:21,26.14,0.01,38,99307,买盘
530,10:06:24,26.14,0.0,19,49655,买盘
531,10:06:30,26.13,-0.01,70,183197,买盘
532,10:06:33,26.13,0.0,6,15678,买盘
533,10:06:36,26.16,0.03,50,130743,买盘
534,10:06:39,26.16,0.0,1,2616,买盘
535,10:06:48,26.15,-0.01,26,67990,买盘
536,10:06:51,26.15,0.0,12,31380,买盘
537,10:07:04,26.16,0.01,21,54936,买盘
538,10:07:06,26.16,0.0,15,39240,买盘
539,10:07:12,26.16,0.0,519,1354308,买盘
540,10:07:15,26.16,0.0,27,70632,买盘
541,10:07:18,26.17,0.01,95,248570,买盘
542,10:07:21,26.17,0.0,1,2617,买盘
543,10:07:27,26.16,-0.01,45,117717,买盘
544,10:07:30,26.16,0.0,13,33998,买盘
545,10:07:33,26.15,-0.01,3,7845,买盘
546,10:07:36,26.07,-0.08,10,26070,卖盘
547,10:07:39,26.16,0.09,9,23539,买盘
548,10:07:42,26.14,-0.02,22,57508,买盘
549,10:07:48,26.13,-0.01,8,20904,买盘
550,10:07:51,26.08,-0.05,15,39720,卖盘
551,10:07:57,26.13,0.05,4,10452,买盘
552,10:08:00,26.12,-0.01,1,2612,买盘
553,10:08:03,26.13,0.01,19,49647,卖盘
554,10:08:06,26.13,0.0,7,18291,买盘
555,10:08:09,26.12,-0.01,5,13060,中性盘
556,10:08:15,26.12,0.0,39,101858,买盘
557,10:08:18,26.11,-0.01,3,7834,卖盘
558,10:08:21,26.08,-0.03,10,26080,卖盘
559,10:08:24,26.08,0.0,10,26080,卖盘
560,10:08:39,26.11,0.03,50,130550,买盘
561,10:08:42,26.11,0.0,11,28691,买盘
562,10:08:45,26.11,0.0,14,36554,买盘
563,10:08:48,26.06,-0.05,166,431879,卖盘
564,10:08:51,26.06,0.0,24,62544,买盘
565,10:08:57,26.06,0.0,2,5212,买盘
566,10:09:00,26.06,0.0,21,54726,买盘
567,10:09:12,26.06,0.0,133,345833,买盘
568,10:09:15,26.07,0.01,4,10428,买盘
569,10:09:18,26.08,0.01,5,13036,买盘
570,10:09:21,26.11,0.03,3,7833,买盘
571,10:09:30,26.06,-0.05,9,23454,卖盘
572,10:09:33,26.11,0.05,1,2611,买盘
573,10:09:42,26.11,0.0,2,5222,买盘
574,10:09:48,26.07,-0.04,25,65259,中性盘
575,10:09:51,26.11,0.04,12,31332,买盘
576,10:09:57,26.11,0.0,7,18277,买盘
577,10:10:00,26.11,0.0,10,26110,卖盘
578,10:10:04,26.07,-0.04,5,13035,卖盘
579,10:10:09,26.11,0.04,5,13055,买盘
580,10:10:12,26.11,0.0,3,7833,买盘
581,10:10:15,26.08,-0.03,1,2608,卖盘
582,10:10:22,26.11,0.03,11,28721,买盘
583,10:10:24,26.11,0.0,1,2611,卖盘
584,10:10:27,26.1,-0.01,2,5220,买盘
585,10:10:33,26.11,0.01,16,41772,买盘
586,10:10:36,26.1,-0.01,1,2610,中性盘
587,10:10:39,26.08,-0.02,12,31296,卖盘
588,10:10:42,26.1,0.02,12,31308,买盘
589,10:10:48,26.11,0.01,37,96574,买盘
590,10:11:03,26.09,-0.02,1,2609,买盘
591,10:11:06,26.09,0.0,10,26090,卖盘
592,10:11:09,26.09,0.0,9,23481,卖盘
593,10:11:13,26.1,0.01,24,62640,买盘
594,10:11:15,26.1,0.0,3,7828,买盘
595,10:11:21,26.09,-0.01,9,23481,卖盘
596,10:11:27,26.07,-0.02,42,109529,卖盘
597,10:11:33,26.07,0.0,7,18249,买盘
598,10:11:36,26.06,-0.01,3,7818,卖盘
599,10:11:42,26.11,0.05,49,128414,买盘
600,10:11:45,26.14,0.03,1,2614,买盘
601,10:11:48,26.14,0.0,155,404567,买盘
602,10:11:51,26.14,0.0,1,2614,买盘
603,10:11:54,26.13,-0.01,5,13065,买盘
604,10:11:57,26.14,0.01,2,5228,买盘
605,10:12:00,26.15,0.01,22,57515,买盘
606,10:12:03,26.15,0.0,5,13075,买盘
607,10:12:06,26.15,0.0,30,78240,买盘
608,10:12:09,26.15,0.0,6,15690,买盘
609,10:12:12,26.06,-0.09,28,73003,卖盘
610,10:12:18,26.15,0.09,3,7844,买盘
611,10:12:21,26.1,-0.05,3,7830,卖盘
612,10:12:27,26.06,-0.04,10,26060,卖盘
613,10:12:36,26.06,0.0,8,21083,卖盘
614,10:12:39,26.06,0.0,11,28675,卖盘
615,10:12:42,26.07,0.01,7,18008,买盘
616,10:12:45,26.08,0.01,3,8059,卖盘
617,10:12:48,26.05,-0.03,9,23450,卖盘
618,10:12:51,26.05,0.0,24,62520,卖盘
619,10:12:54,26.05,0.0,20,52100,卖盘
620,10:12:57,26.06,0.01,18,46900,买盘
621,10:13:00,26.05,-0.01,15,39075,买盘
622,10:13:03,26.05,0.0,4,10420,买盘
623,10:13:10,26.05,0.0,21,54705,买盘
624,10:13:12,26.06,0.01,1,2606,买盘
625,10:13:15,26.05,-0.01,1,2605,买盘
626,10:13:18,26.08,0.03,2,5212,买盘
627,10:13:30,26.05,-0.03,13,33865,买盘
628,10:13:33,26.08,0.03,12,31293,买盘
629,10:13:39,26.04,-0.04,6,15626,卖盘
630,10:13:42,26.04,0.0,7,18228,买盘
631,10:13:57,26.03,-0.01,28,72948,卖盘
632,10:14:00,26.04,0.01,1,2604,买盘
633,10:14:04,26.04,0.0,1,2604,买盘
634,10:14:18,26.04,0.0,16,41664,买盘
635,10:14:21,26.06,0.02,2,5212,买盘
636,10:14:24,26.04,-0.02,5,13026,卖盘
637,10:14:27,26.11,0.07,1,2611,买盘
638,10:14:30,26.11,0.0,5,13055,买盘
639,10:14:54,26.05,-0.06,47,122435,卖盘
640,10:14:57,26.05,0.0,1,2605,买盘
641,10:15:03,26.05,0.0,12,31260,买盘
642,10:15:06,26.04,-0.01,8,20836,卖盘
643,10:15:09,26.04,0.0,14,36456,卖盘
644,10:15:12,26.04,0.0,3,7812,买盘
645,10:15:15,26.03,-0.01,1,2603,卖盘
646,10:15:21,26.03,0.0,28,72884,卖盘
647,10:15:24,26.03,0.0,10,26030,卖盘
648,10:15:27,26.02,-0.01,17,44252,卖盘
649,10:15:33,26.02,0.0,12,31224,卖盘
650,10:15:36,26.02,0.0,13,33826,卖盘
651,10:15:39,26.01,-0.01,10,26025,卖盘
652,10:15:51,26.02,0.01,25,65026,买盘
653,10:15:54,26.02,0.0,5,13010,卖盘
654,10:16:04,26.03,0.01,6,15618,买盘
655,10:16:09,26.02,-0.01,10,26020,卖盘
656,10:16:12,26.03,0.01,99,257379,买盘
657,10:16:15,26.04,0.01,1,2604,买盘
658,10:16:18,26.03,-0.01,1,2603,卖盘
659,10:16:21,26.04,0.01,2,5208,买盘
660,10:16:28,26.04,0.0,2,5208,买盘
661,10:16:33,26.05,0.01,19,49478,买盘
662,10:16:42,26.04,-0.01,1,2604,买盘
663,10:16:48,26.04,0.0,7,18228,买盘
664,10:16:51,26.04,0.0,2,5208,买盘
665,10:16:57,26.03,-0.01,11,28633,卖盘
666,10:17:00,26.05,0.02,1,2605,买盘
667,10:17:04,26.03,-0.02,35,91171,卖盘
668,10:17:06,26.03,0.0,13,33839,卖盘
669,10:17:12,26.04,0.01,14,36452,买盘
670,10:17:21,26.05,0.01,4,10420,买盘
671,10:17:24,26.05,0.0,5,13025,买盘
672,10:17:27,26.05,0.0,91,237055,买盘
673,10:17:30,26.09,0.04,9,23449,买盘
674,10:17:42,26.09,0.0,6,15654,买盘
675,10:17:51,26.09,0.0,3,7827,买盘
676,10:17:54,26.09,0.0,1,2609,卖盘
677,10:18:03,26.09,0.0,22,57409,买盘
678,10:18:06,26.09,0.0,2,5218,买盘
679,10:18:10,26.09,0.0,9,23481,卖盘
680,10:18:12,26.09,0.0,1,2609,卖盘
681,10:18:15,26.1,0.01,6,15659,买盘
682,10:18:18,26.1,0.0,4,10438,买盘
683,10:18:21,26.09,-0.01,10,26090,卖盘
684,10:18:24,26.1,0.01,8,20880,买盘
685,10:18:27,26.08,-0.02,10,26088,卖盘
686,10:18:30,26.1,0.02,10,26100,买盘
687,10:18:42,26.09,-0.01,6,15654,买盘
688,10:18:45,26.09,0.0,1,2609,买盘
689,10:19:09,26.09,0.0,20,52171,买盘
690,10:19:12,26.09,0.0,4,10435,买盘
691,10:19:15,26.08,-0.01,21,54768,卖盘
692,10:19:18,26.08,0.0,1,2608,卖盘
693,10:19:21,26.08,0.0,2,5216,买盘
694,10:19:33,26.09,0.01,15,39135,买盘
695,10:19:48,26.06,-0.03,5,13030,卖盘
696,10:19:52,26.04,-0.02,2,5208,卖盘
697,10:19:57,26.03,-0.01,11,28636,卖盘
698,10:20:03,26.03,0.0,5,13015,卖盘
699,10:20:09,26.03,0.0,9,23427,卖盘
700,10:20:15,26.04,0.01,6,15624,买盘
701,10:20:21,26.04,0.0,6,15624,买盘
702,10:20:24,26.04,0.0,2,5208,买盘
703,10:20:27,26.04,0.0,7,18228,买盘
704,10:20:45,26.04,0.0,5,13020,卖盘
705,10:20:48,26.06,0.02,7,18224,买盘
706,10:20:54,26.03,-0.03,7,18221,卖盘
707,10:21:04,26.06,0.03,21,54726,买盘
708,10:21:06,26.03,-0.03,8,20824,卖盘
709,10:21:18,26.05,0.02,2,5210,买盘
710,10:21:27,26.03,-0.02,14,36442,卖盘
711,10:21:30,26.03,0.0,10,26030,卖盘
712,10:21:36,26.03,0.0,20,52060,卖盘
713,10:21:57,26.05,0.02,5,13025,买盘
714,10:22:15,26.05,0.0,11,28649,买盘
715,10:22:18,26.05,0.0,16,41678,买盘
716,10:22:21,26.05,0.0,6,15630,卖盘
717,10:22:30,26.02,-0.03,9,23423,卖盘
718,10:22:33,26.08,0.06,18,46926,买盘
719,10:22:36,26.09,0.01,9,23477,买盘
720,10:22:54,26.02,-0.07,2,5204,卖盘
721,10:23:00,26.02,0.0,21,54642,卖盘
722,10:23:04,26.02,0.0,14,36428,卖盘
723,10:23:06,26.05,0.03,1,2836,买盘
724,10:23:22,26.04,-0.01,11,28644,买盘
725,10:23:24,26.02,-0.02,6,15620,卖盘
726,10:23:42,26.04,0.02,1,2604,卖盘
727,10:23:45,26.04,0.0,4,10416,卖盘
728,10:23:51,26.03,-0.01,1,2603,卖盘
729,10:23:54,26.02,-0.01,9,23426,卖盘
730,10:24:00,26.02,0.0,5,13010,卖盘
731,10:24:04,26.02,0.0,6,15612,卖盘
732,10:24:06,26.04,0.02,13,33852,买盘
733,10:24:15,26.03,-0.01,16,41648,买盘
734,10:24:18,26.02,-0.01,73,189946,卖盘
735,10:24:21,26.02,0.0,1,2602,买盘
736,10:24:24,26.02,0.0,4,10408,买盘
737,10:24:27,26.01,-0.01,10,26010,卖盘
738,10:24:36,26.01,0.0,10,26010,卖盘
739,10:24:39,26.01,0.0,8,20808,卖盘
740,10:24:42,26.01,0.0,5,13005,卖盘
741,10:24:48,26.01,0.0,5,13005,卖盘
742,10:25:00,26.02,0.01,10,26020,买盘
743,10:25:04,26.03,0.01,16,41633,买盘
744,10:25:06,26.02,-0.01,2,5204,卖盘
745,10:25:09,26.02,0.0,22,57244,卖盘
746,10:25:15,26.03,0.01,1,2603,买盘
747,10:25:18,26.02,-0.01,6,15612,卖盘
748,10:25:24,26.03,0.01,5,13015,买盘
749,10:25:27,26.03,0.0,27,70281,卖盘
750,10:25:33,26.03,0.0,27,70298,卖盘
751,10:25:36,26.04,0.01,1,2604,买盘
752,10:25:39,26.03,-0.01,3,7809,卖盘
753,10:25:48,26.03,0.0,5,13015,卖盘
754,10:25:54,26.04,0.01,10,26040,买盘
755,10:26:00,26.03,-0.01,11,28633,卖盘
756,10:26:04,26.03,0.0,3,7809,卖盘
757,10:26:06,26.03,0.0,2,5206,卖盘
758,10:26:15,26.03,0.0,3,7809,买盘
759,10:26:21,26.03,0.0,5,13015,买盘
760,10:26:27,26.04,0.01,15,39052,买盘
761,10:26:39,26.03,-0.01,3,7809,买盘
762,10:26:51,26.03,0.0,5,13015,买盘
763,10:26:57,26.02,-0.01,20,52040,卖盘
764,10:27:00,26.03,0.01,1,2603,买盘
765,10:27:07,26.04,0.01,23,59874,买盘
766,10:27:10,26.02,-0.02,9,23418,卖盘
767,10:27:21,26.04,0.02,4,10416,买盘
768,10:27:27,26.02,-0.02,10,26020,卖盘
769,10:27:30,26.04,0.02,4,10416,买盘
770,10:27:36,26.03,-0.01,1,2603,买盘
771,10:27:42,26.03,0.0,4,10412,买盘
772,10:27:48,26.04,0.01,1,2604,买盘
773,10:27:54,26.03,-0.01,19,49457,卖盘
774,10:28:04,26.03,0.0,3,7809,买盘
775,10:28:06,26.02,-0.01,12,31230,卖盘
776,10:28:09,26.02,0.0,9,23418,卖盘
777,10:28:12,26.03,0.01,1,2603,买盘
778,10:28:18,26.03,0.0,2,5206,买盘
779,10:28:27,26.03,0.0,10,26030,买盘
780,10:28:31,26.02,-0.01,1,2602,卖盘
781,10:28:33,26.03,0.01,16,41648,买盘
782,10:28:42,26.02,-0.01,2,5204,卖盘
783,10:28:45,26.02,0.0,21,54642,卖盘
784,10:28:51,26.03,0.01,13,33830,买盘
785,10:28:55,26.03,0.0,8,20824,卖盘
786,10:29:00,26.03,0.0,11,28633,卖盘
787,10:29:04,26.03,0.0,1,2603,卖盘
788,10:29:09,26.03,0.0,9,23427,卖盘
789,10:29:19,26.04,0.01,5,13017,买盘
790,10:29:21,26.03,-0.01,11,28634,卖盘
791,10:29:33,26.02,-0.01,1,2602,卖盘
792,10:29:48,26.02,0.0,1,2602,中性盘
793,10:29:57,26.03,0.01,1,2603,买盘
794,10:30:03,26.03,0.0,26,67667,买盘
795,10:30:06,26.04,0.01,21,54669,买盘
796,10:30:09,26.02,-0.02,41,106762,卖盘
797,10:30:12,26.04,0.02,103,268029,买盘
798,10:30:15,26.04,0.0,3,7812,买盘
799,10:30:18,26.03,-0.01,1,2603,中性盘
800,10:30:24,26.02,-0.01,30,78061,卖盘
801,10:30:27,26.04,0.02,2,5208,买盘
802,10:30:30,26.02,-0.02,10,26020,卖盘
803,10:30:36,26.04,0.02,6,15624,买盘
804,10:30:39,26.04,0.0,20,52080,卖盘
805,10:30:48,26.04,0.0,11,28644,卖盘
806,10:30:51,26.05,0.01,1,2605,买盘
807,10:30:54,26.04,-0.01,21,54684,卖盘
808,10:30:57,26.04,0.0,1,2604,买盘
809,10:31:00,26.02,-0.02,2,5204,卖盘
810,10:31:03,26.02,0.0,2,5204,卖盘
811,10:31:07,26.02,0.0,2,5204,卖盘
812,10:31:09,26.02,0.0,151,392902,卖盘
813,10:31:12,26.03,0.01,1,2603,买盘
814,10:31:15,26.03,0.0,5,13009,买盘
815,10:31:24,26.03,0.0,1,2603,买盘
816,10:31:30,26.03,0.0,7,18221,买盘
817,10:31:36,26.03,0.0,14,36455,卖盘
818,10:31:39,26.04,0.01,101,262716,买盘
819,10:31:42,26.04,0.0,18,46872,买盘
820,10:31:54,26.04,0.0,37,96348,卖盘
821,10:31:57,26.04,0.0,3,7812,买盘
822,10:32:01,26.01,-0.03,11,28611,卖盘
823,10:32:09,26.01,0.0,2,5202,卖盘
824,10:32:21,26.01,0.0,9,23409,卖盘
825,10:32:24,26.01,0.0,17,44219,卖盘
826,10:32:27,26.03,0.02,3,7809,买盘
827,10:32:46,26.01,-0.02,30,78031,卖盘
828,10:32:48,26.01,0.0,2,5202,卖盘
829,10:32:57,26.02,0.01,1,2602,买盘
830,10:33:03,26.03,0.01,13,33839,买盘
831,10:33:18,26.02,-0.01,1,2602,卖盘
832,10:33:21,26.01,-0.01,5,13005,卖盘
833,10:33:24,26.02,0.01,2,5204,买盘
834,10:33:30,26.01,-0.01,10,26010,卖盘
835,10:33:33,26.01,0.0,3,7803,卖盘
836,10:33:55,26.0,-0.01,22,57200,卖盘
837,10:34:03,26.01,0.01,2,5202,买盘
838,10:34:15,26.0,-0.01,62,161200,卖盘
839,10:34:18,26.01,0.01,1,2601,买盘
840,10:34:21,26.01,0.0,3,7803,买盘
841,10:34:27,26.0,-0.01,2,5200,卖盘
842,10:34:34,26.01,0.01,2,5202,买盘
843,10:34:36,26.02,0.01,21,54632,买盘
844,10:35:00,26.0,-0.02,10,26003,卖盘
845,10:35:03,26.0,0.0,1,2600,卖盘
846,10:35:12,26.0,0.0,2,5200,卖盘
847,10:35:18,26.0,0.0,2,5200,卖盘
848,10:35:21,26.01,0.01,5,13005,买盘
849,10:35:24,26.0,-0.01,2,5200,卖盘
850,10:35:27,26.0,0.0,6,15600,卖盘
851,10:35:31,26.0,0.0,2,5200,卖盘
852,10:35:45,26.0,0.0,60,156000,卖盘
853,10:35:48,26.0,0.0,4,10400,卖盘
854,10:35:51,26.0,0.0,11,28600,卖盘
855,10:36:03,26.0,0.0,13,33800,卖盘
856,10:36:07,26.01,0.01,23,59823,买盘
857,10:36:09,26.0,-0.01,32,82974,卖盘
858,10:36:27,26.0,0.0,3,7800,买盘
859,10:36:33,25.99,-0.01,11,28589,卖盘
860,10:36:36,25.99,0.0,4,10396,卖盘
861,10:36:39,25.98,-0.01,5,12990,卖盘
862,10:36:54,25.99,0.01,18,46782,买盘
863,10:36:57,25.99,0.0,3,7797,卖盘
864,10:37:00,26.0,0.01,1,2600,买盘
865,10:37:06,25.98,-0.02,68,176681,卖盘
866,10:37:18,25.97,-0.01,3,7791,卖盘
867,10:37:21,25.97,0.0,2,5194,卖盘
868,10:37:24,25.97,0.0,4,10388,卖盘
869,10:37:30,25.95,-0.02,2,5190,卖盘
870,10:37:33,25.95,0.0,38,98700,卖盘
871,10:37:36,25.95,0.0,5,12978,卖盘
872,10:37:45,25.95,0.0,14,35811,卖盘
873,10:37:48,25.93,-0.02,6,15558,卖盘
874,10:37:51,25.93,0.0,6,15558,卖盘
875,10:37:54,25.9,-0.03,11,28490,卖盘
876,10:38:00,25.9,0.0,3,7770,卖盘
877,10:38:06,25.9,0.0,40,103600,卖盘
878,10:38:09,25.94,0.04,1,2594,买盘
879,10:38:21,25.94,0.0,58,150289,买盘
880,10:38:27,25.94,0.0,3,7782,买盘
881,10:38:30,25.93,-0.01,1,2593,卖盘
882,10:38:33,25.93,0.0,20,51876,买盘
883,10:38:36,25.94,0.01,4,10376,买盘
884,10:38:39,25.94,0.0,1,2594,卖盘
885,10:38:42,25.91,-0.03,5,12959,卖盘
886,10:38:57,25.93,0.02,30,77741,买盘
887,10:39:00,25.98,0.05,1,2598,买盘
888,10:39:18,25.97,-0.01,3,7791,买盘
889,10:39:30,25.91,-0.06,2,5182,卖盘
890,10:39:33,25.91,0.0,3,7773,买盘
891,10:39:37,25.91,0.0,1,2591,买盘
892,10:39:54,25.91,0.0,15,38865,买盘
893,10:40:04,25.9,-0.01,5,12950,卖盘
894,10:40:15,25.91,0.01,3,7773,买盘
895,10:40:18,25.91,0.0,1,2591,买盘
896,10:40:21,25.91,0.0,2,5182,买盘
897,10:40:25,25.91,0.0,2,5182,买盘
898,10:40:30,25.95,0.04,25,64812,买盘
899,10:40:36,25.95,0.0,2,5190,卖盘
900,10:40:42,25.95,0.0,1,2595,卖盘
901,10:40:49,25.95,0.0,1,2595,买盘
902,10:40:52,25.9,-0.05,14,36271,卖盘
903,10:40:54,25.95,0.05,1,2595,买盘
904,10:41:15,25.95,0.0,6,15570,买盘
905,10:41:18,25.91,-0.04,30,77730,卖盘
906,10:41:21,25.97,0.06,15,38947,买盘
907,10:41:24,25.98,0.01,16,41564,买盘
908,10:41:27,25.99,0.01,5,12995,买盘
909,10:41:37,25.98,-0.01,15,38970,卖盘
910,10:41:39,25.98,0.0,12,31176,卖盘
911,10:41:42,26.0,0.02,11,28593,买盘
912,10:42:00,26.0,0.0,24,62397,买盘
913,10:42:06,26.0,0.0,48,124800,买盘
914,10:42:09,25.96,-0.04,30,77881,卖盘
915,10:42:12,26.02,0.06,1,2602,卖盘
916,10:42:21,26.02,0.0,2,5204,买盘
917,10:42:24,26.0,-0.02,50,130000,买盘
918,10:42:30,26.02,0.02,23,59846,买盘
919,10:42:33,26.0,-0.02,1,2600,买盘
920,10:42:51,25.98,-0.02,14,36372,卖盘
921,10:42:54,26.02,0.04,1,2602,买盘
922,10:42:57,25.98,-0.04,9,23382,卖盘
923,10:43:18,25.97,-0.01,1,2597,卖盘
924,10:43:28,25.98,0.01,2,5196,买盘
925,10:43:39,25.97,-0.01,8,20776,卖盘
926,10:43:42,25.97,0.0,41,106485,卖盘
927,10:44:06,25.96,-0.01,5,12980,卖盘
928,10:44:18,25.96,0.0,25,64900,卖盘
929,10:44:21,25.96,0.0,3,7788,买盘
930,10:44:27,25.93,-0.03,50,129660,卖盘
931,10:44:30,25.96,0.03,38,98621,买盘
932,10:44:51,25.91,-0.05,19,49280,卖盘
933,10:44:54,25.93,0.02,10,25932,买盘
934,10:45:12,25.94,0.01,4,10376,卖盘
935,10:45:24,25.97,0.03,8,20764,买盘
936,10:45:36,25.97,0.0,5,12985,买盘
937,10:45:40,25.95,-0.02,2,5190,卖盘
938,10:45:51,25.95,0.0,3,7889,卖盘
939,10:45:54,25.97,0.02,9,23373,买盘
940,10:45:57,25.97,0.0,1,2597,卖盘
941,10:46:00,25.98,0.01,1,2598,买盘
942,10:46:07,25.98,0.0,50,129900,买盘
943,10:46:12,25.95,-0.03,14,36330,卖盘
944,10:46:15,25.98,0.03,3,7794,买盘
945,10:46:34,26.0,0.02,21,54586,买盘
946,10:46:42,25.96,-0.04,4,10384,卖盘
947,10:46:52,25.95,-0.01,14,36333,卖盘
948,10:47:03,26.0,0.05,1,2600,买盘
949,10:47:15,26.0,0.0,40,104000,买盘
950,10:47:21,25.96,-0.04,7,18181,卖盘
951,10:47:24,25.99,0.03,1,2599,买盘
952,10:47:27,25.99,0.0,9,23391,买盘
953,10:47:30,26.0,0.01,20,52000,买盘
954,10:47:36,26.01,0.01,10,26010,买盘
955,10:47:39,25.97,-0.04,30,77911,卖盘
956,10:47:54,25.97,0.0,3,7791,卖盘
957,10:48:04,25.97,0.0,6,15582,卖盘
958,10:48:06,25.97,0.0,3,7796,卖盘
959,10:48:21,26.02,0.05,3,7806,买盘
960,10:48:33,26.01,-0.01,30,78030,买盘
961,10:48:36,26.01,0.0,1,2601,买盘
962,10:48:39,26.01,0.0,5,13005,买盘
963,10:48:45,25.97,-0.04,11,28567,卖盘
964,10:48:48,25.97,0.0,7,18179,买盘
965,10:48:52,25.96,-0.01,14,36344,卖盘
966,10:48:54,25.97,0.01,1,2597,买盘
967,10:49:00,25.97,0.0,1,2597,买盘
968,10:49:06,25.97,0.0,1,2597,买盘
969,10:49:09,25.97,0.0,82,212890,买盘
970,10:49:12,25.97,0.0,4,10391,卖盘
971,10:49:24,25.97,0.0,6,15582,卖盘
972,10:49:42,25.97,0.0,10,25970,买盘
973,10:49:48,25.97,0.0,4,10388,买盘
974,10:50:06,25.97,0.0,1,2597,买盘
975,10:50:18,25.97,0.0,3,7791,买盘
976,10:50:30,25.96,-0.01,3,7788,卖盘
977,10:50:33,26.0,0.04,20,51955,买盘
978,10:50:51,26.01,0.01,1,2601,买盘
979,10:50:54,26.0,-0.01,20,52000,卖盘
980,10:50:57,26.0,0.0,1,2600,买盘
981,10:51:09,26.0,0.0,1,2600,买盘
982,10:51:18,26.0,0.0,3,7800,买盘
983,10:51:48,25.96,-0.04,2,5192,卖盘
984,10:51:54,26.0,0.04,21,54600,买盘
985,10:52:00,26.0,0.0,35,91000,卖盘
986,10:52:06,26.0,0.0,2,5200,卖盘
987,10:52:09,26.0,0.0,9,23400,卖盘
988,10:52:12,26.0,0.0,11,28600,卖盘
989,10:52:15,26.01,0.01,2,5201,买盘
990,10:52:18,25.96,-0.05,18,46792,卖盘
991,10:52:21,26.01,0.05,25,65011,买盘
992,10:52:27,26.01,0.0,3,7803,买盘
993,10:52:30,26.01,0.0,5,13005,买盘
994,10:52:33,26.01,0.0,26,67643,买盘
995,10:52:51,25.96,-0.05,13,33751,卖盘
996,10:52:54,25.99,0.03,8,20774,买盘
997,10:52:58,25.99,0.0,4,10396,买盘
998,10:53:06,25.97,-0.02,10,25978,卖盘
999,10:53:09,25.96,-0.01,71,184357,卖盘
1000,10:53:12,25.97,0.01,16,41552,买盘
1001,10:53:15,25.99,0.02,2,5198,买盘
1002,10:53:18,25.99,0.0,11,28589,买盘
1003,10:53:21,26.0,0.01,2,5200,买盘
1004,10:53:24,25.97,-0.03,40,103880,卖盘
1005,10:53:48,25.97,0.0,42,109110,卖盘
1006,10:53:51,26.03,0.06,2,5204,买盘
1007,10:54:03,25.97,-0.06,1,2597,卖盘
1008,10:54:09,26.02,0.05,1,2602,买盘
1009,10:54:12,26.03,0.01,32,83518,买盘
1010,10:54:15,26.03,0.0,1,2603,卖盘
1011,10:54:21,26.05,0.02,50,130250,买盘
1012,10:54:27,26.04,-0.01,1,2604,卖盘
1013,10:54:30,26.05,0.01,2,5208,买盘
1014,10:54:33,26.05,0.0,2,5210,买盘
1015,10:54:36,26.05,0.0,26,67730,买盘
1016,10:54:39,26.03,-0.02,70,182244,卖盘
1017,10:54:43,26.03,0.0,1,2603,卖盘
1018,10:54:45,26.06,0.03,4,10419,买盘
1019,10:54:48,26.03,-0.03,1,2603,卖盘
1020,10:54:51,26.03,0.0,19,49457,卖盘
1021,10:54:55,25.97,-0.06,3,7563,买盘
1022,10:55:04,25.97,0.0,3,7791,卖盘
1023,10:55:15,26.02,0.05,1,2602,买盘
1024,10:55:18,26.02,0.0,1,2602,买盘
1025,10:55:21,25.95,-0.07,100,259559,卖盘
1026,10:55:24,26.02,0.07,2,5204,买盘
1027,10:56:03,25.96,-0.06,7,18172,卖盘
1028,10:56:15,26.02,0.06,1,2602,买盘
1029,10:56:18,26.02,0.0,1,2602,买盘
1030,10:56:33,26.02,0.0,33,85856,买盘
1031,10:56:42,25.98,-0.04,2,5196,卖盘
1032,10:56:51,25.97,-0.01,2,5195,卖盘
1033,10:56:54,25.96,-0.01,16,41538,卖盘
1034,10:56:57,26.01,0.05,11,28571,买盘
1035,10:57:01,25.99,-0.02,1,2599,卖盘
1036,10:57:15,26.0,0.01,1,2600,买盘
1037,10:57:18,26.0,0.0,1,2600,买盘
1038,10:58:09,25.96,-0.04,40,103841,卖盘
1039,10:58:18,25.99,0.03,1,2599,买盘
1040,10:58:21,25.99,0.0,1,2599,买盘
1041,10:58:24,25.95,-0.04,10,25955,卖盘
1042,10:58:33,26.0,0.05,24,62383,买盘
1043,10:58:36,26.0,0.0,4,10400,卖盘
1044,10:58:39,25.98,-0.02,11,28580,卖盘
1045,10:58:42,25.94,-0.04,62,160896,卖盘
1046,10:58:51,25.94,0.0,14,36316,卖盘
1047,10:59:06,25.98,0.04,3,7794,买盘
1048,10:59:15,25.94,-0.04,50,129700,卖盘
1049,10:59:18,25.98,0.04,2,5196,买盘
1050,10:59:21,25.98,0.0,2,5196,买盘
1051,10:59:54,25.95,-0.03,1,2595,卖盘
1052,11:00:04,25.95,0.0,1,2595,买盘
1053,11:00:07,25.95,0.0,1,2595,买盘
1054,11:00:09,25.94,-0.01,9,23346,卖盘
1055,11:00:21,25.95,0.01,2,5190,买盘
1056,11:00:36,25.95,0.0,21,54495,买盘
1057,11:00:39,25.95,0.0,4,10380,买盘
1058,11:00:42,25.95,0.0,9,23352,买盘
1059,11:00:48,25.94,-0.01,2,5188,卖盘
1060,11:00:51,25.93,-0.01,14,36313,卖盘
1061,11:00:54,25.95,0.02,2,5190,买盘
1062,11:01:00,25.95,0.0,1,2595,买盘
1063,11:01:12,25.93,-0.02,1,2593,卖盘
1064,11:01:15,25.93,0.0,8,20744,卖盘
1065,11:01:24,25.95,0.02,11,28545,买盘
1066,11:01:27,25.95,0.0,3,7785,买盘
1067,11:01:36,25.95,0.0,5,12975,买盘
1068,11:01:54,25.95,0.0,5,12975,买盘
1069,11:02:24,25.95,0.0,1,2595,买盘
1070,11:02:27,25.95,0.0,1,2595,买盘
1071,11:02:36,25.98,0.03,25,64917,买盘
1072,11:02:42,26.04,0.06,43,111939,买盘
1073,11:02:45,26.04,0.0,2,5208,买盘
1074,11:02:48,26.04,0.0,1,2604,买盘
1075,11:02:51,26.04,0.0,6,15624,卖盘
1076,11:02:54,26.01,-0.03,7,18207,买盘
1077,11:03:27,26.0,-0.01,3,7788,买盘
1078,11:03:30,26.01,0.01,53,137849,买盘
1079,11:03:36,26.01,0.0,1,2601,卖盘
1080,11:03:39,26.01,0.0,47,122247,卖盘
1081,11:03:42,26.04,0.03,1,2604,买盘
1082,11:04:09,26.03,-0.01,2,5206,买盘
1083,11:04:12,26.03,0.0,5,13015,买盘
1084,11:04:27,26.02,-0.01,5,13010,买盘
1085,11:04:30,26.02,0.0,1,2602,买盘
1086,11:04:36,26.04,0.02,17,44261,买盘
1087,11:04:42,26.03,-0.01,3,7809,卖盘
1088,11:04:45,26.03,0.0,3,7809,卖盘
1089,11:04:48,26.03,0.0,1,2603,卖盘
1090,11:04:51,26.03,0.0,1,2603,卖盘
1091,11:04:55,26.0,-0.03,14,36436,卖盘
1092,11:05:00,26.0,0.0,1,2600,卖盘
1093,11:05:04,26.0,0.0,1,2600,卖盘
1094,11:05:06,26.0,0.0,1,2600,卖盘
1095,11:05:18,26.03,0.03,1,2603,买盘
1096,11:05:21,26.0,-0.03,100,260015,卖盘
1097,11:05:24,25.96,-0.04,3,7792,卖盘
1098,11:05:27,26.0,0.04,1,2600,买盘
1099,11:05:30,26.0,0.0,1,2600,买盘
1100,11:05:45,26.0,0.0,44,114233,买盘
1101,11:05:48,25.96,-0.04,1,2596,买盘
1102,11:06:09,26.0,0.04,19,49380,买盘
1103,11:06:24,25.96,-0.04,1,2596,买盘
1104,11:06:27,25.96,0.0,4,10384,买盘
1105,11:06:30,25.95,-0.01,10,25950,卖盘
1106,11:06:33,25.96,0.01,1,2596,买盘
1107,11:06:45,25.95,-0.01,1,2595,卖盘
1108,11:06:54,25.95,0.0,102,264690,卖盘
1109,11:06:57,25.95,0.0,1,2595,买盘
1110,11:07:00,25.95,0.0,6,15570,买盘
1111,11:07:18,25.95,0.0,10,25950,买盘
1112,11:07:21,25.95,0.0,2,5189,买盘
1113,11:07:24,25.94,-0.01,2,5188,卖盘
1114,11:07:30,25.95,0.01,11,28535,买盘
1115,11:07:36,25.95,0.0,2,5190,买盘
1116,11:07:45,25.94,-0.01,4,10376,卖盘
1117,11:08:04,25.95,0.01,2,5190,买盘
1118,11:08:09,25.96,0.01,6,15573,买盘
1119,11:08:12,26.0,0.04,1,2600,买盘
1120,11:08:18,25.96,-0.04,4,10384,卖盘
1121,11:08:24,25.96,0.0,1,2596,卖盘
1122,11:08:36,26.0,0.04,1,2600,买盘
1123,11:08:40,25.96,-0.04,4,10384,卖盘
1124,11:08:48,26.0,0.04,1,2600,买盘
1125,11:08:57,25.96,-0.04,2,5193,卖盘
1126,11:09:00,25.96,0.0,2,5192,卖盘
1127,11:09:04,25.96,0.0,3,7788,卖盘
1128,11:09:39,25.98,0.02,1,2598,买盘
1129,11:10:09,25.94,-0.04,36,93537,卖盘
1130,11:10:12,25.94,0.0,4,10376,卖盘
1131,11:10:39,25.98,0.04,1,2598,买盘
1132,11:10:54,25.95,-0.03,14,36330,卖盘
1133,11:11:09,25.94,-0.01,9,23354,卖盘
1134,11:11:24,25.94,0.0,2,5188,卖盘
1135,11:11:33,25.94,0.0,50,129700,卖盘
1136,11:11:36,25.96,0.02,2,5190,买盘
1137,11:11:42,25.96,0.0,1,2596,买盘
1138,11:12:00,25.93,-0.03,10,25930,卖盘
1139,11:12:06,25.9,-0.03,232,601152,卖盘
1140,11:12:09,25.95,0.05,2,5190,中性盘
1141,11:12:12,25.96,0.01,19,49314,买盘
1142,11:12:15,25.96,0.0,1,2596,买盘
1143,11:12:39,25.97,0.01,4,10388,买盘
1144,11:12:42,25.97,0.0,36,93492,卖盘
1145,11:12:45,25.97,0.0,1,2597,买盘
1146,11:12:48,25.88,-0.09,90,233044,卖盘
1147,11:12:51,25.97,0.09,1,2597,买盘
1148,11:12:54,25.87,-0.1,14,36219,买盘
1149,11:13:06,25.87,0.0,41,105450,卖盘
1150,11:13:09,25.87,0.0,20,51740,买盘
1151,11:13:12,25.87,0.0,7,18109,买盘
1152,11:13:18,25.87,0.0,2,5174,买盘
1153,11:13:24,25.86,-0.01,6,15516,卖盘
1154,11:13:27,25.87,0.01,1,2587,买盘
1155,11:13:54,25.87,0.0,1,2587,买盘
1156,11:13:57,25.87,0.0,170,440411,买盘
1157,11:14:00,25.86,-0.01,12,31062,卖盘
1158,11:14:18,25.86,0.0,39,100866,卖盘
1159,11:14:27,25.94,0.08,32,83004,买盘
1160,11:14:30,25.94,0.0,1,2594,买盘
1161,11:14:54,25.89,-0.05,14,36246,卖盘
1162,11:15:21,25.89,0.0,6,15534,卖盘
1163,11:15:30,25.89,0.0,3,7767,卖盘
1164,11:15:39,25.88,-0.01,6,15528,卖盘
1165,11:16:06,25.88,0.0,14,36236,卖盘
1166,11:16:27,25.92,0.04,29,75168,买盘
1167,11:16:54,25.87,-0.05,22,56925,卖盘
1168,11:16:57,25.92,0.05,1,2592,买盘
1169,11:17:15,25.92,0.0,2,5184,买盘
1170,11:17:33,25.9,-0.02,3,7770,卖盘
1171,11:17:54,25.9,0.0,2,5180,买盘
1172,11:18:04,25.9,0.0,2,5180,买盘
1173,11:18:24,25.92,0.02,15,38872,买盘
1174,11:18:54,25.88,-0.04,12,31057,卖盘
1175,11:19:03,25.88,0.0,5,12940,买盘
1176,11:19:24,25.94,0.06,2,5188,买盘
1177,11:19:39,25.89,-0.05,1,2589,卖盘
1178,11:20:04,25.89,0.0,3,7767,买盘
1179,11:20:09,25.87,-0.02,7,18109,卖盘
1180,11:20:18,25.86,-0.01,9,23278,卖盘
1181,11:20:21,25.89,0.03,3,7765,买盘
1182,11:20:27,25.94,0.05,18,46627,买盘
1183,11:20:45,25.96,0.02,100,259489,买盘
1184,11:20:48,25.96,0.0,1,2596,买盘
1185,11:20:54,25.86,-0.1,13,33618,卖盘
1186,11:20:58,25.96,0.1,1,2596,买盘
1187,11:21:39,25.95,-0.01,4,10380,买盘
1188,11:22:04,25.94,-0.01,3,7780,中性盘
1189,11:22:06,25.92,-0.02,1,2592,卖盘
1190,11:22:09,25.85,-0.07,26,67293,卖盘
1191,11:22:18,25.95,0.1,4,10380,买盘
1192,11:22:27,25.95,0.0,16,41520,买盘
1193,11:22:54,25.85,-0.1,14,36199,卖盘
1194,11:23:18,25.85,0.0,10,25862,卖盘
1195,11:24:21,25.93,0.08,2,5186,买盘
1196,11:24:24,25.93,0.0,27,70011,买盘
1197,11:24:28,25.88,-0.05,2,5181,卖盘
1198,11:24:45,25.88,0.0,1,2588,卖盘
1199,11:24:48,25.85,-0.03,10,25853,卖盘
1200,11:24:54,25.84,-0.01,14,36188,卖盘
1201,11:25:00,25.83,-0.01,7,18084,卖盘
1202,11:25:03,25.85,0.02,2,5170,中性盘
1203,11:25:06,25.83,-0.02,4,10334,卖盘
1204,11:25:09,25.83,0.0,2,5166,卖盘
1205,11:25:21,25.82,-0.01,56,144644,卖盘
1206,11:25:24,25.85,0.03,5,12915,买盘
1207,11:25:45,25.83,-0.02,1,2583,卖盘
1208,11:25:54,25.83,0.0,3,7749,卖盘
1209,11:26:04,25.85,0.02,3,7755,买盘
1210,11:26:15,25.83,-0.02,8,20664,卖盘
1211,11:26:21,25.82,-0.01,100,258202,卖盘
1212,11:26:25,25.83,0.01,20,51700,中性盘
1213,11:26:57,25.85,0.02,14,36190,卖盘
1214,11:27:04,25.87,0.02,3,7757,中性盘
1215,11:27:06,25.85,-0.02,7,18099,卖盘
1216,11:27:09,25.85,0.0,4,10340,卖盘
1217,11:27:13,25.85,0.0,25,64625,卖盘
1218,11:27:15,25.82,-0.03,8,20891,卖盘
1219,11:27:24,25.82,0.0,2,5164,卖盘
1220,11:27:34,25.82,0.0,2,5164,卖盘
1221,11:27:42,25.82,0.0,4,10328,卖盘
1222,11:27:45,25.82,0.0,2,5164,卖盘
1223,11:27:48,25.82,0.0,9,23238,卖盘
1224,11:28:04,25.82,0.0,3,7746,卖盘
1225,11:28:06,25.85,0.03,2,5169,买盘
1226,11:28:15,25.82,-0.03,2,5164,卖盘
1227,11:28:24,25.92,0.1,131,338313,买盘
1228,11:28:27,25.92,0.0,1,2592,买盘
1229,11:28:33,25.92,0.0,3,7776,买盘
1230,11:28:54,25.81,-0.11,14,36144,卖盘
1231,11:28:57,25.91,0.1,1,2591,买盘
1232,11:29:10,25.85,-0.06,2,5170,中性盘
1233,11:29:13,25.83,-0.02,30,77516,卖盘
1234,11:29:24,25.87,0.04,11,28457,中性盘
1235,11:29:27,25.81,-0.06,50,129057,卖盘
1236,11:29:30,25.9,0.09,1,2590,中性盘
1237,11:29:33,25.82,-0.08,3,7746,卖盘
1238,11:29:39,25.83,0.01,8,20664,中性盘
1239,11:29:51,25.83,0.0,8,20664,卖盘
1240,13:00:04,25.83,0.0,193,498330,买盘
1241,13:00:06,25.82,-0.01,3,7745,买盘
1242,13:00:12,25.8,-0.02,2,5161,买盘
1243,13:00:15,25.81,0.01,37,95462,中性盘
1244,13:00:18,25.8,-0.01,39,100621,卖盘
1245,13:00:21,25.83,0.03,11,28167,买盘
1246,13:00:25,25.8,-0.03,71,183900,卖盘
1247,13:00:27,25.8,0.0,6,15481,卖盘
1248,13:00:30,25.83,0.03,1,2583,买盘
1249,13:00:33,25.8,-0.03,20,51600,卖盘
1250,13:00:36,25.83,0.03,1,2583,买盘
1251,13:00:40,25.83,0.0,3,7749,买盘
1252,13:00:48,25.8,-0.03,4,10320,卖盘
1253,13:00:51,25.78,-0.02,100,257815,卖盘
1254,13:00:54,25.82,0.04,1,2582,中性盘
1255,13:00:57,25.76,-0.06,14,36077,卖盘
1256,13:01:09,25.75,-0.01,52,133913,卖盘
1257,13:01:21,25.76,0.01,2,5152,中性盘
1258,13:01:24,25.75,-0.01,17,43775,卖盘
1259,13:01:27,25.81,0.06,1,2581,买盘
1260,13:01:54,25.81,0.0,2,5162,买盘
1261,13:02:18,25.79,-0.02,3,7737,中性盘
1262,13:02:24,25.82,0.03,20,51621,买盘
1263,13:02:33,25.76,-0.06,4,10307,卖盘
1264,13:02:36,25.77,0.01,3,7731,中性盘
1265,13:02:48,25.76,-0.01,4,10308,卖盘
1266,13:02:57,25.75,-0.01,14,36055,卖盘
1267,13:03:00,25.75,0.0,2,5150,卖盘
1268,13:03:04,25.75,0.0,11,28325,卖盘
1269,13:03:06,25.75,0.0,3,7726,卖盘
1270,13:03:15,25.75,0.0,2,5150,卖盘
1271,13:03:18,25.8,0.05,9,23220,买盘
1272,13:03:24,25.75,-0.05,4,10306,卖盘
1273,13:03:30,25.75,0.0,6,15450,卖盘
1274,13:03:33,25.75,0.0,2,5150,卖盘
1275,13:03:36,25.8,0.05,1,2580,买盘
1276,13:03:51,25.75,-0.05,24,61804,卖盘
1277,13:03:54,25.8,0.05,1,2580,买盘
1278,13:04:21,25.8,0.0,4,10320,买盘
1279,13:04:27,25.79,-0.01,29,74791,买盘
1280,13:04:30,25.8,0.01,2,5159,买盘
1281,13:04:33,25.77,-0.03,4,10308,卖盘
1282,13:04:42,25.8,0.03,10,25796,买盘
1283,13:04:45,25.78,-0.02,1,2578,中性盘
1284,13:04:54,25.76,-0.02,2,5152,卖盘
1285,13:04:57,25.75,-0.01,14,36050,卖盘
1286,13:05:12,25.75,0.0,3,7728,卖盘
1287,13:05:15,25.78,0.03,2,5156,买盘
1288,13:05:21,25.77,-0.01,2,5154,卖盘
1289,13:05:24,25.78,0.01,1,2578,买盘
1290,13:05:27,25.78,0.0,1,2578,买盘
1291,13:05:30,25.78,0.0,1,2578,买盘
1292,13:05:42,25.78,0.0,1,2578,买盘
1293,13:05:51,25.77,-0.01,1,2577,卖盘
1294,13:06:00,25.78,0.01,10,25774,买盘
1295,13:06:12,25.8,0.02,1,2580,买盘
1296,13:06:15,25.8,0.0,1,2580,买盘
1297,13:06:21,25.8,0.0,1,2580,买盘
1298,13:06:24,25.8,0.0,27,69674,买盘
1299,13:06:27,25.8,0.0,6,15480,买盘
1300,13:06:39,25.82,0.02,1,2582,买盘
1301,13:06:42,25.82,0.0,1,2582,买盘
1302,13:06:54,25.8,-0.02,3,7740,卖盘
1303,13:06:57,25.79,-0.01,1,2579,卖盘
1304,13:07:06,25.79,0.0,1,2579,买盘
1305,13:07:15,25.79,0.0,1,2579,买盘
1306,13:07:21,25.79,0.0,4,10316,买盘
1307,13:07:28,25.79,0.0,1,2579,买盘
1308,13:07:33,25.79,0.0,1,2579,买盘
1309,13:07:36,25.78,-0.01,13,33514,卖盘
1310,13:07:39,25.78,0.0,1,2578,买盘
1311,13:07:42,25.78,0.0,4,10312,买盘
1312,13:08:13,25.77,-0.01,7,18039,卖盘
1313,13:08:15,25.77,0.0,2,5154,买盘
1314,13:08:18,25.77,0.0,104,267535,买盘
1315,13:08:21,25.78,0.01,5,12889,买盘
1316,13:08:30,25.78,0.0,1,2578,买盘
1317,13:08:34,25.78,0.0,18,46404,买盘
1318,13:08:37,25.77,-0.01,13,33502,卖盘
1319,13:08:39,25.77,0.0,18,46387,卖盘
1320,13:08:42,25.78,0.01,12,30926,买盘
1321,13:08:45,25.78,0.0,6,15463,买盘
1322,13:08:57,25.7,-0.08,14,35994,卖盘
1323,13:09:10,25.74,0.04,6,15447,卖盘
1324,13:09:18,25.78,0.04,1,2578,买盘
1325,13:09:24,25.78,0.0,1,2578,买盘
1326,13:09:33,25.78,0.0,5,12884,买盘
1327,13:09:39,25.78,0.0,3,7734,买盘
1328,13:09:48,25.78,0.0,1,2578,买盘
1329,13:09:51,25.78,0.0,1,2578,买盘
1330,13:10:00,25.78,0.0,24,61872,买盘
1331,13:10:03,25.78,0.0,2,5156,买盘
1332,13:10:06,25.78,0.0,12,30929,买盘
1333,13:10:09,25.78,0.0,10,25780,买盘
1334,13:10:12,25.78,0.0,1,2578,买盘
1335,13:10:18,25.78,0.0,5,12886,买盘
1336,13:10:21,25.78,0.0,1,2578,买盘
1337,13:10:24,25.75,-0.03,9,23175,卖盘
1338,13:10:27,25.78,0.03,1,2578,买盘
1339,13:10:30,25.75,-0.03,24,61860,卖盘
1340,13:10:33,25.78,0.03,6,15453,买盘
1341,13:10:39,25.74,-0.04,3,7726,卖盘
1342,13:10:42,25.73,-0.01,355,913488,卖盘
1343,13:10:45,25.78,0.05,19,48970,买盘
1344,13:10:48,25.77,-0.01,2,5154,中性盘
1345,13:10:51,25.73,-0.04,2,5146,卖盘
1346,13:10:57,25.73,0.0,14,36022,卖盘
1347,13:11:00,25.77,0.04,1,2577,买盘
1348,13:11:06,25.73,-0.04,3,7719,卖盘
1349,13:11:15,25.77,0.04,1,2577,买盘
1350,13:11:24,25.77,0.0,2,5154,买盘
1351,13:11:28,25.77,0.0,47,121119,买盘
1352,13:11:30,25.8,0.03,45,116016,买盘
1353,13:11:33,25.81,0.01,12,30969,买盘
1354,13:11:36,25.82,0.01,1,2582,买盘
1355,13:11:39,25.82,0.0,1,2582,买盘
1356,13:11:45,25.82,0.0,3,7746,买盘
1357,13:11:48,25.82,0.0,1,2582,买盘
1358,13:12:09,25.82,0.0,3,7746,买盘
1359,13:12:12,25.82,0.0,1,2582,买盘
1360,13:12:18,25.82,0.0,7,18074,买盘
1361,13:12:21,25.83,0.01,27,69736,买盘
1362,13:12:24,25.91,0.08,9,23255,买盘
1363,13:12:27,25.82,-0.09,150,387318,卖盘
1364,13:12:30,25.92,0.1,39,101085,买盘
1365,13:12:33,25.92,0.0,2,5184,买盘
1366,13:12:36,25.92,0.0,1,2592,买盘
1367,13:12:39,25.92,0.0,302,779788,买盘
1368,13:12:42,25.93,0.01,16,41479,买盘
1369,13:12:45,25.92,-0.01,11,28512,卖盘
1370,13:12:51,25.94,0.02,9,23334,买盘
1371,13:12:55,25.94,0.0,1,2594,买盘
1372,13:12:57,25.83,-0.11,61,158031,卖盘
1373,13:13:00,25.93,0.1,108,280044,买盘
1374,13:13:03,25.93,0.0,5,12965,买盘
1375,13:13:24,25.9,-0.03,1,2590,中性盘
1376,13:13:27,25.91,0.01,3,7773,买盘
1377,13:13:36,25.91,0.0,17,44047,买盘
1378,13:13:39,25.91,0.0,2,5182,卖盘
1379,13:13:51,25.92,0.01,1,2592,买盘
1380,13:13:54,25.92,0.0,1,2592,买盘
1381,13:14:00,25.92,0.0,16,41472,买盘
1382,13:14:04,25.92,0.0,2,5184,买盘
1383,13:14:12,25.91,-0.01,1,2591,买盘
1384,13:14:24,25.91,0.0,1,2591,中性盘
1385,13:14:30,25.86,-0.05,2,5172,卖盘
1386,13:14:33,25.91,0.05,29,75139,买盘
1387,13:14:39,25.91,0.0,274,709905,买盘
1388,13:14:42,25.91,0.0,29,75135,卖盘
1389,13:14:45,25.91,0.0,1,2591,买盘
1390,13:14:51,25.92,0.01,1,2592,买盘
1391,13:14:57,25.83,-0.09,14,36163,卖盘
1392,13:15:06,25.82,-0.01,14,36151,卖盘
1393,13:15:39,25.89,0.07,27,69903,买盘
1394,13:15:42,25.9,0.01,1,2590,买盘
1395,13:15:48,25.9,0.0,9,23310,买盘
1396,13:15:51,25.91,0.01,1,2591,买盘
1397,13:15:54,25.91,0.0,30,77730,买盘
1398,13:15:57,25.92,0.01,14,36288,买盘
1399,13:16:00,25.92,0.0,3,7776,卖盘
1400,13:16:03,25.93,0.01,1,2593,买盘
1401,13:16:06,25.92,-0.01,24,62218,卖盘
1402,13:16:09,25.93,0.01,65,168545,买盘
1403,13:16:12,25.94,0.01,2,5188,买盘
1404,13:16:15,25.94,0.0,24,62256,买盘
1405,13:16:18,25.92,-0.02,12,31116,卖盘
1406,13:16:21,25.94,0.02,20,51880,买盘
1407,13:16:24,25.95,0.01,1,2595,买盘
1408,13:16:27,25.95,0.0,25,64875,买盘
1409,13:16:30,25.94,-0.01,3,7783,卖盘
1410,13:16:33,25.94,0.0,3,7782,卖盘
1411,13:16:36,25.95,0.01,29,75255,买盘
1412,13:16:39,25.95,0.0,21,54495,买盘
1413,13:16:42,25.95,0.0,1,2595,买盘
1414,13:16:57,25.92,-0.03,13,33696,卖盘
1415,13:17:00,25.94,0.02,1,2594,买盘
1416,13:17:03,25.94,0.0,3,7778,买盘
1417,13:17:09,25.94,0.0,1,2594,买盘
1418,13:17:15,25.94,0.0,2,5188,买盘
1419,13:17:30,25.93,-0.01,2,5186,卖盘
1420,13:17:33,25.94,0.01,1,2594,买盘
1421,13:17:36,25.93,-0.01,2,5186,卖盘
1422,13:17:54,25.94,0.01,3,7782,买盘
1423,13:18:03,25.94,0.0,1,2594,买盘
1424,13:18:12,25.93,-0.01,3,7779,卖盘
1425,13:18:27,25.93,0.0,5,12965,买盘
1426,13:18:30,25.93,0.0,1,2593,买盘
1427,13:18:33,25.92,-0.01,2,5184,卖盘
1428,13:18:36,25.95,0.03,62,160851,买盘
1429,13:18:39,25.95,0.0,2,5190,买盘
1430,13:18:42,25.95,0.0,17,44115,买盘
1431,13:18:45,25.95,0.0,1,2595,买盘
1432,13:18:51,25.94,-0.01,2,5188,卖盘
1433,13:18:57,25.92,-0.02,14,36288,卖盘
1434,13:19:00,25.95,0.03,95,246525,买盘
1435,13:19:03,25.95,0.0,4,10380,买盘
1436,13:19:13,25.95,0.0,1,2595,买盘
1437,13:19:16,25.92,-0.03,3,7777,卖盘
1438,13:19:18,25.94,0.02,23,59662,买盘
1439,13:19:24,25.95,0.01,75,194552,买盘
1440,13:19:27,25.95,0.0,4,10380,买盘
1441,13:19:33,25.95,0.0,20,51898,买盘
1442,13:19:36,25.95,0.0,2,5190,买盘
1443,13:19:39,25.95,0.0,86,223170,买盘
1444,13:19:42,25.96,0.01,22,57112,买盘
1445,13:19:45,25.97,0.01,5,12985,买盘
1446,13:19:48,25.97,0.0,15,38955,买盘
1447,13:19:54,25.97,0.0,1,2597,买盘
1448,13:20:12,25.96,-0.01,20,51920,卖盘
1449,13:20:18,25.95,-0.01,3,7786,卖盘
1450,13:20:24,25.96,0.01,2,5192,卖盘
1451,13:20:30,25.97,0.01,8,20776,买盘
1452,13:20:36,25.97,0.0,31,80505,买盘
1453,13:20:39,25.96,-0.01,5,12980,卖盘
1454,13:20:45,25.95,-0.01,59,153105,卖盘
1455,13:20:48,25.96,0.01,2,5191,买盘
1456,13:21:00,25.95,-0.01,14,36330,卖盘
1457,13:21:15,25.95,0.0,107,277665,卖盘
1458,13:21:18,25.95,0.0,3,7785,买盘
1459,13:21:21,25.9,-0.05,10,25909,卖盘
1460,13:21:33,25.9,0.0,2,5180,卖盘
1461,13:21:51,25.9,0.0,7,18130,卖盘
1462,13:21:54,25.9,0.0,6,15540,卖盘
1463,13:22:06,25.9,0.0,1,2590,卖盘
1464,13:22:30,25.9,0.0,2,5180,卖盘
1465,13:22:33,25.94,0.04,1,2594,买盘
1466,13:22:36,25.94,0.0,20,51878,买盘
1467,13:22:40,25.94,0.0,1,2594,买盘
1468,13:23:00,25.9,-0.04,14,36260,卖盘
1469,13:23:09,25.9,0.0,8,20720,卖盘
1470,13:23:18,25.92,0.02,29,75168,买盘
1471,13:23:21,25.93,0.01,16,41473,买盘
1472,13:23:24,25.92,-0.01,15,38880,卖盘
1473,13:23:33,25.92,0.0,1,2592,卖盘
1474,13:23:36,25.92,0.0,2,5184,卖盘
1475,13:23:45,25.93,0.01,4,10372,买盘
1476,13:23:48,25.92,-0.01,3,7777,卖盘
1477,13:24:27,25.93,0.01,3,7779,买盘
1478,13:24:36,25.92,-0.01,9,23328,卖盘
1479,13:24:39,25.94,0.02,26,67424,买盘
1480,13:24:54,25.92,-0.02,32,82944,卖盘
1481,13:24:57,25.92,0.0,15,38882,卖盘
1482,13:25:03,25.92,0.0,30,77760,卖盘
1483,13:25:06,25.94,0.02,17,44066,买盘
1484,13:25:21,25.9,-0.04,20,51800,卖盘
1485,13:25:24,25.92,0.02,5,12952,中性盘
1486,13:25:39,25.9,-0.02,2,5180,卖盘
1487,13:25:55,25.9,0.0,7,18130,卖盘
1488,13:26:04,25.9,0.0,64,165760,卖盘
1489,13:26:06,25.91,0.01,22,56981,中性盘
1490,13:26:09,25.9,-0.01,7,18130,卖盘
1491,13:26:12,25.89,-0.01,7,18123,卖盘
1492,13:26:15,25.89,0.0,7,18123,卖盘
1493,13:26:18,25.89,0.0,7,18123,卖盘
1494,13:26:21,25.89,0.0,5,12945,卖盘
1495,13:26:36,25.92,0.03,29,75148,买盘
1496,13:26:39,25.92,0.0,1,2592,买盘
1497,13:26:51,25.85,-0.07,20,51719,卖盘
1498,13:26:54,25.9,0.05,6,15540,买盘
1499,13:26:57,25.92,0.02,1,2592,买盘
1500,13:27:00,25.89,-0.03,14,36248,卖盘
1501,13:27:30,25.85,-0.04,7,18095,卖盘
1502,13:27:33,25.84,-0.01,6,15504,卖盘
1503,13:27:42,25.84,0.0,14,36176,卖盘
1504,13:27:51,25.84,0.0,37,95608,买盘
1505,13:27:54,25.85,0.01,1,2585,买盘
1506,13:28:00,25.83,-0.02,21,54243,卖盘
1507,13:28:04,25.83,0.0,1,2583,买盘
1508,13:28:09,25.82,-0.01,27,69714,卖盘
1509,13:28:12,25.83,0.01,25,64575,买盘
1510,13:28:15,25.82,-0.01,5,12911,卖盘
1511,13:28:18,25.82,0.0,1,2582,买盘
1512,13:28:27,25.81,-0.01,7,18067,中性盘
1513,13:28:30,25.8,-0.01,19,49022,卖盘
1514,13:28:36,25.83,0.03,24,61989,买盘
1515,13:28:39,25.83,0.0,1,2583,买盘
1516,13:28:48,25.8,-0.03,19,49030,卖盘
1517,13:28:54,25.82,0.02,1,2582,买盘
1518,13:28:57,25.8,-0.02,14,36120,卖盘
1519,13:29:00,25.83,0.03,5,12914,买盘
1520,13:29:39,25.81,-0.02,4,10324,卖盘
1521,13:29:42,25.8,-0.01,12,30963,卖盘
1522,13:29:45,25.82,0.02,1,2582,买盘
1523,13:30:24,25.81,-0.01,10,25810,买盘
1524,13:30:33,25.8,-0.01,3,7740,卖盘
1525,13:30:39,25.82,0.02,16,41307,买盘
1526,13:30:42,25.82,0.0,3,7746,卖盘
1527,13:30:45,25.82,0.0,5,12902,买盘
1528,13:31:00,25.79,-0.03,14,36111,卖盘
1529,13:31:09,25.81,0.02,1,2581,买盘
1530,13:31:27,25.79,-0.02,20,51580,卖盘
1531,13:31:30,25.79,0.0,4,10318,卖盘
1532,13:31:39,25.8,0.01,7,18060,买盘
1533,13:31:42,25.79,-0.01,8,20635,卖盘
1534,13:31:45,25.78,-0.01,8,20624,卖盘
1535,13:31:48,25.79,0.01,1,2579,买盘
1536,13:32:00,25.78,-0.01,14,36092,买盘
1537,13:32:04,25.78,0.0,2,5156,中性盘
1538,13:32:15,25.79,0.01,52,134108,买盘
1539,13:32:18,25.82,0.03,2,5164,买盘
1540,13:32:27,25.82,0.0,60,154770,买盘
1541,13:32:30,25.82,0.0,2,5164,买盘
1542,13:32:33,25.8,-0.02,3,7740,卖盘
1543,13:32:39,25.83,0.03,15,38735,买盘
1544,13:32:42,25.82,-0.01,2,5164,卖盘
1545,13:33:00,25.8,-0.02,18,46448,卖盘
1546,13:33:03,25.83,0.03,1,2583,买盘
1547,13:33:18,25.8,-0.03,17,43896,卖盘
1548,13:33:21,25.8,0.0,4,10320,卖盘
1549,13:33:25,25.83,0.03,4,10332,买盘
1550,13:33:39,25.8,-0.03,3,7740,卖盘
1551,13:34:09,25.83,0.03,25,64570,买盘
1552,13:34:12,25.83,0.0,1,2583,买盘
1553,13:34:27,25.83,0.0,1,2583,买盘
1554,13:34:30,25.83,0.0,1,2583,买盘
1555,13:34:36,25.8,-0.03,3,7740,卖盘
1556,13:34:39,25.88,0.08,21,54293,买盘
1557,13:34:45,25.88,0.0,18,46584,卖盘
1558,13:34:48,25.85,-0.03,1,2585,中性盘
1559,13:35:00,25.88,0.03,17,43926,买盘
1560,13:35:04,25.88,0.0,3,7764,卖盘
1561,13:35:27,25.88,0.0,1,2588,买盘
1562,13:35:36,25.85,-0.03,3,7755,卖盘
1563,13:35:43,25.85,0.0,3,7755,卖盘
1564,13:36:36,25.87,0.02,15,38795,买盘
1565,13:36:39,25.86,-0.01,3,7758,中性盘
1566,13:36:42,25.86,0.0,6,15517,卖盘
1567,13:36:48,25.85,-0.01,9,23265,卖盘
1568,13:37:00,25.85,0.0,14,36190,卖盘
1569,13:37:04,25.87,0.02,1,2587,买盘
1570,13:37:18,25.84,-0.03,100,258400,卖盘
1571,13:37:21,25.85,0.01,4,10340,买盘
1572,13:37:33,25.83,-0.02,3,7749,卖盘
1573,13:37:36,25.85,0.02,7,18095,买盘
1574,13:37:45,25.83,-0.02,9,23255,卖盘
1575,13:37:48,25.86,0.03,1,2586,买盘
1576,13:38:04,25.83,-0.03,4,10332,卖盘
1577,13:38:31,25.84,0.01,1,2584,卖盘
1578,13:38:36,25.87,0.03,28,72392,买盘
1579,13:38:39,25.84,-0.03,10,25831,买盘
1580,13:38:42,25.83,-0.01,3,7750,卖盘
1581,13:38:57,25.83,0.0,30,77490,卖盘
1582,13:39:00,25.81,-0.02,15,38740,卖盘
1583,13:39:03,25.84,0.03,7,18088,买盘
1584,13:39:06,25.84,0.0,2,5168,中性盘
1585,13:39:12,25.88,0.04,20,51751,买盘
1586,13:39:15,25.88,0.0,1,2588,买盘
1587,13:39:33,25.84,-0.04,2,5168,卖盘
1588,13:40:13,25.88,0.04,21,54345,买盘
1589,13:40:15,25.88,0.0,2,5176,买盘
1590,13:40:18,25.88,0.0,1,2588,买盘
1591,13:40:33,25.86,-0.02,2,5172,卖盘
1592,13:40:39,25.89,0.03,19,49177,买盘
1593,13:40:42,25.9,0.01,1,2590,买盘
1594,13:40:45,25.86,-0.04,8,20691,卖盘
1595,13:41:00,25.89,0.03,14,36246,卖盘
1596,13:41:04,25.9,0.01,16,41440,买盘
1597,13:41:21,25.9,0.0,2,5180,买盘
1598,13:41:27,25.9,0.0,28,72520,买盘
1599,13:41:30,25.92,0.02,2,5184,买盘
1600,13:41:33,25.9,-0.02,2,5180,卖盘
1601,13:41:46,25.9,0.0,8,20722,卖盘
1602,13:41:51,25.9,0.0,7,18130,买盘
1603,13:41:57,25.9,0.0,2,5180,买盘
1604,13:42:15,25.9,0.0,10,25900,买盘
1605,13:42:18,25.89,-0.01,20,51781,卖盘
1606,13:42:21,25.9,0.01,1,2590,买盘
1607,13:42:24,25.89,-0.01,20,51780,卖盘
1608,13:42:27,25.89,0.0,9,23302,卖盘
1609,13:42:33,25.87,-0.02,2,5174,卖盘
1610,13:42:39,25.87,0.0,26,67290,卖盘
1611,13:42:42,25.9,0.03,1,2590,买盘
1612,13:43:01,25.87,-0.03,13,33643,卖盘
1613,13:43:04,25.89,0.02,1,2589,买盘
1614,13:43:18,25.89,0.0,1,2589,买盘
1615,13:43:24,25.87,-0.02,54,139698,卖盘
1616,13:43:27,25.86,-0.01,29,74996,卖盘
1617,13:43:30,25.85,-0.01,8,20685,卖盘
1618,13:43:36,25.85,0.0,2,5170,卖盘
1619,13:43:39,25.85,0.0,263,679855,卖盘
1620,13:43:43,25.85,0.0,14,36190,买盘
1621,13:43:45,25.84,-0.01,9,23257,卖盘
1622,13:44:03,25.84,0.0,8,20672,卖盘
1623,13:44:09,25.84,0.0,8,20672,卖盘
1624,13:44:12,25.84,0.0,2,5168,卖盘
1625,13:44:24,25.84,0.0,8,20672,卖盘
1626,13:44:30,25.85,0.01,1,2585,买盘
1627,13:44:36,25.84,-0.01,2,5168,卖盘
1628,13:44:39,25.87,0.03,63,162883,买盘
1629,13:44:42,25.84,-0.03,5,12929,卖盘
1630,13:44:46,25.85,0.01,6,15510,中性盘
1631,13:45:00,25.85,0.0,14,36190,卖盘
1632,13:45:04,25.84,-0.01,30,77530,卖盘
1633,13:45:06,25.86,0.02,1,2586,买盘
1634,13:45:15,25.86,0.0,20,51720,买盘
1635,13:45:18,25.87,0.01,3,7759,买盘
1636,13:45:24,25.84,-0.03,6,15504,卖盘
1637,13:45:36,25.85,0.01,31,80135,买盘
1638,13:45:39,25.85,0.0,4,10342,卖盘
1639,13:46:33,25.85,0.0,3,7755,卖盘
1640,13:46:39,25.85,0.0,31,80164,卖盘
1641,13:46:42,25.86,0.01,1,2586,买盘
1642,13:46:45,25.84,-0.02,13,33594,卖盘
1643,13:46:48,25.86,0.02,1,2586,买盘
1644,13:46:54,25.84,-0.02,1,2584,卖盘
1645,13:47:00,25.84,0.0,14,36176,卖盘
1646,13:47:04,25.86,0.02,2,5172,买盘
1647,13:47:24,25.84,-0.02,5,12920,卖盘
1648,13:47:30,25.86,0.02,6,15512,买盘
1649,13:47:43,25.85,-0.01,3,7755,卖盘
1650,13:47:45,25.85,0.0,6,15511,卖盘
1651,13:47:57,25.86,0.01,23,59478,买盘
1652,13:48:00,25.86,0.0,1,2586,买盘
1653,13:48:09,25.86,0.0,4,10344,买盘
1654,13:48:30,25.85,-0.01,2,5170,卖盘
1655,13:48:33,25.85,0.0,14,36200,卖盘
1656,13:48:36,25.86,0.01,1,2586,买盘
1657,13:48:39,25.86,0.0,25,64650,买盘
1658,13:48:42,25.86,0.0,3,7758,买盘
1659,13:48:45,25.86,0.0,1,2586,买盘
1660,13:48:57,25.86,0.0,1,2586,买盘
1661,13:49:00,25.85,-0.01,26,67222,卖盘
1662,13:49:04,25.86,0.01,1,2586,买盘
1663,13:49:06,25.85,-0.01,9,23266,卖盘
1664,13:49:09,25.86,0.01,6,15511,买盘
1665,13:49:12,25.86,0.0,11,28446,买盘
1666,13:49:21,25.86,0.0,25,64627,买盘
1667,13:49:24,25.86,0.0,2,5172,买盘
1668,13:49:39,25.85,-0.01,3,7756,卖盘
1669,13:49:42,25.86,0.01,9,23274,买盘
1670,13:49:45,25.86,0.0,8,20688,卖盘
1671,13:49:48,25.87,0.01,1,2587,买盘
1672,13:50:09,25.87,0.0,4,10348,买盘
1673,13:50:21,25.85,-0.02,5,12925,卖盘
1674,13:50:27,25.86,0.01,4,10344,中性盘
1675,13:50:30,25.86,0.0,12,31032,买盘
1676,13:50:33,25.87,0.01,3,7759,买盘
1677,13:50:36,25.87,0.0,54,139686,买盘
1678,13:50:39,25.9,0.03,42,108772,买盘
1679,13:50:42,25.91,0.01,29,75118,买盘
1680,13:50:46,25.92,0.01,5,12960,买盘
1681,13:50:57,25.92,0.0,7,18144,买盘
1682,13:51:00,25.89,-0.03,17,44022,卖盘
1683,13:51:03,25.92,0.03,1,2592,买盘
1684,13:51:09,25.92,0.0,3,7776,买盘
1685,13:51:12,25.92,0.0,11,28512,买盘
1686,13:51:15,25.92,0.0,19,49248,买盘
1687,13:51:18,25.93,0.01,5,12963,买盘
1688,13:51:22,25.94,0.01,5,12968,买盘
1689,13:51:24,25.94,0.0,5,12970,买盘
1690,13:51:27,25.94,0.0,3,7782,买盘
1691,13:51:30,25.94,0.0,22,57068,买盘
1692,13:51:33,25.94,0.0,10,25936,买盘
1693,13:51:36,25.94,0.0,4,10376,买盘
1694,13:51:39,25.94,0.0,2,5188,买盘
1695,13:51:42,25.92,-0.02,1,1296,卖盘
1696,13:51:45,25.94,0.02,10,25940,买盘
1697,13:51:48,25.95,0.01,203,526766,买盘
1698,13:51:51,25.95,0.0,51,132345,买盘
1699,13:51:54,25.95,0.0,13,33735,买盘
1700,13:51:57,25.94,-0.01,49,127116,中性盘
1701,13:52:01,25.94,0.0,26,67460,买盘
1702,13:52:04,25.96,0.02,27,70090,买盘
1703,13:52:06,25.96,0.0,30,77856,买盘
1704,13:52:09,25.96,0.0,9,23364,买盘
1705,13:52:12,25.96,0.0,32,83072,买盘
1706,13:52:15,25.97,0.01,66,171402,买盘
1707,13:52:18,25.99,0.02,188,488282,买盘
1708,13:52:21,25.99,0.0,18,46782,买盘
1709,13:52:24,25.97,-0.02,1,2363,卖盘
1710,13:52:30,25.99,0.02,62,161138,买盘
1711,13:52:33,25.99,0.0,9,23397,卖盘
1712,13:52:39,26.0,0.01,20,52000,买盘
1713,13:52:48,26.0,0.0,95,246991,买盘
1714,13:52:51,26.03,0.03,6,15617,买盘
1715,13:53:00,26.0,-0.03,14,36400,卖盘
1716,13:53:04,26.02,0.02,10,26020,买盘
1717,13:53:15,26.03,0.01,16,41646,买盘
1718,13:53:18,26.03,0.0,3,7809,买盘
1719,13:53:21,26.03,0.0,14,36441,买盘
1720,13:53:33,26.01,-0.02,3,7803,卖盘
1721,13:53:36,26.03,0.02,12,31236,买盘
1722,13:53:39,26.01,-0.02,10,26010,卖盘
1723,13:53:42,26.0,-0.01,13,33812,卖盘
1724,13:53:45,26.03,0.03,118,306806,买盘
1725,13:53:48,26.01,-0.02,23,59823,卖盘
1726,13:53:51,26.01,0.0,2,5202,买盘
1727,13:53:57,25.97,-0.04,15,38973,卖盘
1728,13:54:01,26.0,0.03,9,23400,买盘
1729,13:54:18,25.99,-0.01,6,15594,买盘
1730,13:54:24,26.0,0.01,1,2600,买盘
1731,13:54:30,26.05,0.05,43,111888,买盘
1732,13:54:33,26.0,-0.05,8,20815,卖盘
1733,13:54:39,26.0,0.0,27,70200,买盘
1734,13:54:42,26.0,0.0,2,5200,买盘
1735,13:54:48,26.0,0.0,269,699400,买盘
1736,13:54:51,26.06,0.06,16,41690,买盘
1737,13:54:54,26.07,0.01,2,5214,买盘
1738,13:55:00,26.0,-0.07,14,36406,卖盘
1739,13:55:04,26.05,0.05,1,2605,买盘
1740,13:55:15,26.05,0.0,3,7815,买盘
1741,13:55:21,26.03,-0.02,54,140656,卖盘
1742,13:55:24,26.0,-0.03,33,85873,卖盘
1743,13:55:27,26.05,0.05,42,109400,买盘
1744,13:55:30,26.04,-0.01,6,15624,买盘
1745,13:55:33,26.05,0.01,16,41677,买盘
1746,13:55:36,26.05,0.0,1,2605,买盘
1747,13:55:39,26.05,0.0,12,31260,买盘
1748,13:55:42,26.05,0.0,60,156300,买盘
1749,13:55:45,26.07,0.02,52,135484,买盘
1750,13:55:49,26.07,0.0,16,41697,买盘
1751,13:55:51,26.05,-0.02,2,5210,卖盘
1752,13:55:54,26.07,0.02,50,130348,买盘
1753,13:55:57,26.08,0.01,133,346864,买盘
1754,13:56:01,26.08,0.0,9,23472,买盘
1755,13:56:04,26.09,0.01,4,10436,买盘
1756,13:56:06,26.05,-0.04,5,13039,卖盘
1757,13:56:09,26.06,0.01,64,166963,买盘
1758,13:56:12,26.05,-0.01,3,7815,买盘
1759,13:56:21,26.08,0.03,5,13040,买盘
1760,13:56:25,26.08,0.0,2,5216,买盘
1761,13:56:31,26.07,-0.01,1,2607,买盘
1762,13:56:36,26.05,-0.02,3,7815,卖盘
1763,13:56:42,26.07,0.02,77,200760,买盘
1764,13:56:45,26.07,0.0,12,31289,卖盘
1765,13:57:04,26.08,0.01,15,39106,买盘
1766,13:57:12,26.07,-0.01,1,2607,卖盘
1767,13:57:15,26.08,0.01,25,65200,买盘
1768,13:57:18,26.08,0.0,1,2608,买盘
1769,13:57:21,26.07,-0.01,22,57356,卖盘
1770,13:57:24,26.07,0.0,46,119927,卖盘
1771,13:57:27,26.07,0.0,8,20856,买盘
1772,13:57:30,26.05,-0.02,6,15636,卖盘
1773,13:57:39,26.07,0.02,60,156400,买盘
1774,13:57:42,26.06,-0.01,4,10424,买盘
1775,13:57:51,26.1,0.04,424,1106238,买盘
1776,13:57:54,26.11,0.01,25,65272,买盘
1777,13:57:57,26.1,-0.01,15,39151,卖盘
1778,13:58:00,26.11,0.01,2,5222,买盘
1779,13:58:03,26.1,-0.01,10,26100,卖盘
1780,13:58:06,26.1,0.0,22,57420,卖盘
1781,13:58:09,26.11,0.01,7,18272,买盘
1782,13:58:18,26.1,-0.01,2,5220,买盘
1783,13:58:28,26.1,0.0,11,28706,买盘
1784,13:58:30,26.08,-0.02,9,23474,卖盘
1785,13:58:33,26.08,0.0,5,13040,卖盘
1786,13:58:42,26.1,0.02,27,70470,买盘
1787,13:58:45,26.1,0.0,2,5220,买盘
1788,13:58:48,26.09,-0.01,59,153932,卖盘
1789,13:58:51,26.1,0.01,3,7830,买盘
1790,13:58:54,26.07,-0.03,101,263447,卖盘
1791,13:58:57,26.07,0.0,5,13035,买盘
1792,13:59:00,26.05,-0.02,14,36470,卖盘
1793,13:59:04,26.07,0.02,1,2607,买盘
1794,13:59:09,26.07,0.0,72,187704,买盘
1795,13:59:12,26.07,0.0,11,28679,买盘
1796,13:59:39,26.05,-0.02,10,26050,卖盘
1797,13:59:42,26.05,0.0,3,7815,卖盘
1798,13:59:45,26.06,0.01,1,2606,买盘
1799,13:59:48,26.05,-0.01,1,2605,卖盘
1800,13:59:51,26.06,0.01,35,91210,买盘
1801,13:59:54,26.07,0.01,2,5214,买盘
1802,14:00:15,26.08,0.01,2,5216,买盘
1803,14:00:24,26.08,0.0,3,7824,买盘
1804,14:00:27,26.06,-0.02,1,2606,卖盘
1805,14:00:42,26.07,0.01,25,65172,买盘
1806,14:00:45,26.06,-0.01,18,46921,卖盘
1807,14:00:48,26.08,0.02,1,2608,买盘
1808,14:01:00,26.06,-0.02,14,36484,卖盘
1809,14:01:04,26.08,0.02,1,2608,买盘
1810,14:01:33,26.06,-0.02,3,7818,卖盘
1811,14:01:39,26.06,0.0,28,72968,卖盘
1812,14:01:42,26.06,0.0,8,20852,卖盘
1813,14:01:45,26.06,0.0,17,44302,卖盘
1814,14:01:48,26.07,0.01,1,2607,中性盘
1815,14:01:55,26.08,0.01,3,7824,买盘
1816,14:02:06,26.05,-0.03,8,20840,卖盘
1817,14:02:12,26.08,0.03,3,7824,买盘
1818,14:02:24,26.05,-0.03,30,78150,卖盘
1819,14:02:27,26.07,0.02,2,5214,买盘
1820,14:02:33,26.05,-0.02,14,36470,卖盘
1821,14:02:36,26.07,0.02,2,5214,买盘
1822,14:02:39,26.05,-0.02,3,7815,卖盘
1823,14:02:42,26.07,0.02,25,65175,买盘
1824,14:02:45,26.05,-0.02,6,15634,卖盘
1825,14:02:51,26.07,0.02,7,18249,买盘
1826,14:03:04,26.05,-0.02,28,72946,卖盘
1827,14:03:12,26.05,0.0,3,7815,买盘
1828,14:03:18,26.02,-0.03,5,13010,卖盘
1829,14:03:21,26.02,0.0,9,23427,卖盘
1830,14:03:24,26.04,0.02,1,2604,买盘
1831,14:03:27,26.02,-0.02,30,78060,卖盘
1832,14:03:31,26.02,0.0,4,10410,卖盘
1833,14:03:34,26.01,-0.01,101,262764,卖盘
1834,14:03:37,26.05,0.04,12,31244,买盘
1835,14:03:39,26.05,0.0,3,7815,买盘
1836,14:03:42,26.01,-0.04,5,13005,卖盘
1837,14:03:48,26.03,0.02,5,13015,买盘
1838,14:04:00,26.03,0.0,4,10412,买盘
1839,14:04:04,26.03,0.0,1,2603,买盘
1840,14:04:06,26.03,0.0,20,52060,买盘
1841,14:04:09,26.03,0.0,1,2603,买盘
1842,14:04:12,26.01,-0.02,50,130050,卖盘
1843,14:04:15,26.03,0.02,3,7809,买盘
1844,14:04:18,26.0,-0.03,40,104067,卖盘
1845,14:04:21,26.03,0.03,3,7809,买盘
1846,14:04:30,26.03,0.0,3,7809,买盘
1847,14:04:33,26.01,-0.02,2,5202,卖盘
1848,14:04:39,26.0,-0.01,9,23403,卖盘
1849,14:04:42,26.03,0.03,22,57266,买盘
1850,14:04:46,26.03,0.0,1,2603,买盘
1851,14:04:49,26.0,-0.03,5,13000,卖盘
1852,14:04:51,26.03,0.03,3,7809,买盘
1853,14:04:54,26.03,0.0,74,192687,买盘
1854,14:04:57,26.03,0.0,26,67678,买盘
1855,14:05:00,26.0,-0.03,45,117097,卖盘
1856,14:05:04,26.05,0.05,2,5210,买盘
1857,14:05:06,26.05,0.0,1,2605,买盘
1858,14:05:15,26.05,0.0,2,5210,买盘
1859,14:05:18,26.0,-0.05,18,46840,卖盘
1860,14:05:21,26.05,0.05,1,2605,买盘
1861,14:05:27,26.05,0.0,4,10420,买盘
1862,14:05:30,26.04,-0.01,7,18231,中性盘
1863,14:05:33,26.04,0.0,4,10416,买盘
1864,14:05:39,26.01,-0.03,2,5202,卖盘
1865,14:05:45,26.04,0.03,2,5208,买盘
1866,14:05:48,26.04,0.0,4,10416,买盘
1867,14:05:54,26.0,-0.04,286,743611,卖盘
1868,14:05:57,26.0,0.0,18,46800,买盘
1869,14:06:12,25.99,-0.01,10,25990,卖盘
1870,14:06:18,25.99,0.0,6,15594,卖盘
1871,14:06:21,26.0,0.01,1,2600,买盘
1872,14:06:24,25.99,-0.01,57,148143,卖盘
1873,14:06:27,25.99,0.0,17,44172,买盘
1874,14:06:30,25.97,-0.02,5,12986,卖盘
1875,14:06:42,25.97,0.0,1,2597,买盘
1876,14:06:45,25.97,0.0,25,64925,买盘
1877,14:06:48,25.97,0.0,2,5194,买盘
1878,14:06:58,25.96,-0.01,3,7788,卖盘
1879,14:07:00,25.97,0.01,1,2597,买盘
1880,14:07:04,25.97,0.0,16,42788,买盘
1881,14:07:06,25.97,0.0,1,2597,买盘
1882,14:07:12,25.9,-0.07,9,23320,卖盘
1883,14:07:15,25.96,0.06,4,10384,买盘
1884,14:07:22,25.95,-0.01,2,5190,买盘
1885,14:07:33,25.9,-0.05,5,12951,卖盘
1886,14:07:39,25.89,-0.01,9,23302,卖盘
1887,14:07:42,25.9,0.01,2,5180,买盘
1888,14:07:45,25.95,0.05,1,2595,买盘
1889,14:07:51,25.96,0.01,1,2596,买盘
1890,14:07:57,25.96,0.0,3,7788,买盘
1891,14:08:00,25.9,-0.06,7,18151,卖盘
1892,14:08:04,25.95,0.05,1,2595,买盘
1893,14:08:15,25.95,0.0,4,10380,买盘
1894,14:08:40,25.92,-0.03,2,5184,卖盘
1895,14:08:42,25.95,0.03,16,41520,买盘
1896,14:08:45,25.91,-0.04,13,33696,卖盘
1897,14:08:48,25.91,0.0,3,7777,卖盘
1898,14:08:51,25.95,0.04,46,119370,买盘
1899,14:08:54,25.97,0.02,3,7791,买盘
1900,14:09:00,25.95,-0.02,10,25952,卖盘
1901,14:09:03,25.95,0.0,15,38927,卖盘
1902,14:09:06,25.97,0.02,17,42850,买盘
1903,14:09:09,26.01,0.04,1,2601,买盘
1904,14:09:12,25.97,-0.04,11,28567,卖盘
1905,14:09:15,26.01,0.04,1,2601,买盘
1906,14:09:33,25.97,-0.04,2,5194,卖盘
1907,14:09:39,26.01,0.04,45,117045,买盘
1908,14:09:42,26.01,0.0,3,7803,买盘
1909,14:09:45,26.01,0.0,1,2601,买盘
1910,14:09:51,25.97,-0.04,6,15582,卖盘
1911,14:10:00,26.0,0.03,50,130000,买盘
1912,14:10:03,26.0,0.0,4,10400,买盘
1913,14:10:27,25.97,-0.03,5,12985,卖盘
1914,14:10:33,25.97,0.0,2,5194,卖盘
1915,14:10:36,25.99,0.02,1,2599,买盘
1916,14:10:42,26.0,0.01,237,616172,买盘
1917,14:10:45,26.04,0.04,67,174153,买盘
1918,14:10:48,26.04,0.0,4,10416,买盘
1919,14:10:54,25.97,-0.07,2,5194,卖盘
1920,14:10:57,26.0,0.03,1,2600,买盘
1921,14:11:03,25.97,-0.03,13,33761,卖盘
1922,14:11:06,26.0,0.03,2,5200,买盘
1923,14:11:27,26.0,0.0,59,153340,买盘
1924,14:11:30,26.04,0.04,4,10416,买盘
1925,14:11:36,26.04,0.0,2,5208,买盘
1926,14:11:39,26.0,-0.04,5,13000,卖盘
1927,14:11:42,26.0,0.0,2,5200,卖盘
1928,14:11:51,26.0,0.0,2,5200,卖盘
1929,14:12:00,26.03,0.03,3,7809,买盘
1930,14:12:03,26.03,0.0,1,2603,买盘
1931,14:12:15,26.01,-0.02,1,2601,卖盘
1932,14:12:21,26.01,0.0,4,10404,买盘
1933,14:12:27,26.01,0.0,6,15606,卖盘
1934,14:12:39,26.0,-0.01,52,135200,卖盘
1935,14:12:42,26.01,0.01,36,93636,买盘
1936,14:12:45,26.0,-0.01,14,36402,卖盘
1937,14:12:48,26.01,0.01,1,2601,买盘
1938,14:12:54,26.01,0.0,3,7795,买盘
1939,14:13:03,25.97,-0.04,14,36366,卖盘
1940,14:13:06,26.02,0.05,2,5204,买盘
1941,14:13:33,25.98,-0.04,2,5196,卖盘
1942,14:13:46,26.0,0.02,2,5200,买盘
1943,14:13:54,25.98,-0.02,1,2598,卖盘
1944,14:14:18,25.98,0.0,7,18186,卖盘
1945,14:14:27,25.98,0.0,11,28578,卖盘
1946,14:14:30,25.99,0.01,4,10396,中性盘
1947,14:14:33,25.98,-0.01,4,10396,卖盘
1948,14:14:46,26.0,0.02,18,46800,买盘
1949,14:14:54,25.97,-0.03,2,5194,卖盘
1950,14:14:57,25.95,-0.02,200,519225,卖盘
1951,14:15:00,26.0,0.05,16,41592,买盘
1952,14:15:04,25.95,-0.05,40,103800,卖盘
1953,14:15:06,26.0,0.05,5,13000,买盘
1954,14:15:18,25.95,-0.05,5,12975,卖盘
1955,14:15:21,25.95,0.0,21,55792,卖盘
1956,14:15:24,25.92,-0.03,10,25920,买盘
1957,14:15:27,25.92,0.0,9,22032,买盘
1958,14:15:30,25.94,0.02,1,3891,卖盘
1959,14:15:34,25.92,-0.02,4,10368,买盘
1960,14:15:36,25.92,0.0,3,6480,买盘
1961,14:15:54,25.9,-0.02,1,2590,卖盘
1962,14:16:06,25.92,0.02,14,36283,买盘
1963,14:16:39,25.9,-0.02,2,5180,卖盘
1964,14:16:42,25.9,0.0,33,85512,卖盘
1965,14:16:45,25.92,0.02,5,12960,买盘
1966,14:16:54,25.9,-0.02,3,7770,卖盘
1967,14:17:03,25.9,0.0,14,36260,卖盘
1968,14:17:18,25.9,0.0,13,33670,卖盘
1969,14:17:24,25.91,0.01,2,5182,中性盘
1970,14:17:33,25.91,0.0,32,82909,买盘
1971,14:17:36,25.92,0.01,11,28502,买盘
1972,14:17:57,25.9,-0.02,1,2590,卖盘
1973,14:18:18,25.92,0.02,20,51840,买盘
1974,14:18:24,25.92,0.0,32,82884,买盘
1975,14:18:27,25.92,0.0,4,10368,买盘
1976,14:18:36,25.9,-0.02,8,20720,卖盘
1977,14:18:39,25.92,0.02,2,5184,买盘
1978,14:18:46,25.92,0.0,29,75168,买盘
1979,14:18:48,25.92,0.0,13,33696,买盘
1980,14:18:51,25.92,0.0,2,5184,买盘
1981,14:18:54,25.9,-0.02,4,10364,中性盘
1982,14:18:57,25.92,0.02,3,7776,买盘
1983,14:19:06,25.89,-0.03,30,77690,卖盘
1984,14:19:09,25.92,0.03,4,10368,买盘
1985,14:19:12,25.92,0.0,1,2592,买盘
1986,14:19:39,25.92,0.0,1,2592,买盘
1987,14:19:42,25.89,-0.03,35,90635,卖盘
1988,14:19:52,25.92,0.03,3,7776,买盘
1989,14:19:54,25.92,0.0,3,7776,买盘
1990,14:19:57,25.9,-0.02,1,2590,卖盘
1991,14:20:06,25.92,0.02,10,25920,买盘
1992,14:20:09,25.92,0.0,5,12960,买盘
1993,14:20:12,25.92,0.0,1,2592,买盘
1994,14:20:24,25.92,0.0,19,49248,买盘
1995,14:20:27,25.96,0.04,1,2596,买盘
1996,14:20:36,25.92,-0.04,14,36288,卖盘
1997,14:20:39,25.96,0.04,2,5192,买盘
1998,14:20:45,25.95,-0.01,13,33735,卖盘
1999,14:20:48,25.96,0.01,37,96045,买盘
2000,14:20:51,25.92,-0.04,9,23351,卖盘
2001,14:20:54,25.92,0.0,5,12958,买盘
2002,14:21:06,25.92,0.0,14,36288,买盘
2003,14:21:09,25.92,0.0,1,2592,买盘
2004,14:21:15,25.92,0.0,5,12960,买盘
2005,14:21:18,25.92,0.0,1,2592,买盘
2006,14:21:39,25.92,0.0,23,59612,买盘
2007,14:21:42,25.96,0.04,2,5191,买盘
2008,14:21:48,25.95,-0.01,3,7785,买盘
2009,14:21:54,25.92,-0.03,1,2592,卖盘
2010,14:21:57,25.9,-0.02,1,2590,卖盘
2011,14:22:36,25.91,0.01,14,36274,卖盘
2012,14:22:39,25.94,0.03,1,2594,买盘
2013,14:22:45,25.94,0.0,36,93369,买盘
2014,14:22:48,25.94,0.0,5,12970,买盘
2015,14:22:51,25.94,0.0,1,2594,买盘
2016,14:22:54,25.94,0.0,3,7778,买盘
2017,14:23:18,25.91,-0.03,5,12955,卖盘
2018,14:23:30,25.91,0.0,3,7773,卖盘
2019,14:23:34,25.94,0.03,1,2594,买盘
2020,14:23:36,25.94,0.0,6,15564,买盘
2021,14:23:45,25.94,0.0,17,44098,买盘
2022,14:23:48,25.94,0.0,2,5188,买盘
2023,14:23:51,25.94,0.0,3,7782,买盘
2024,14:23:54,25.92,-0.02,2,5184,卖盘
2025,14:24:21,25.91,-0.01,1,2591,卖盘
2026,14:24:33,25.91,0.0,14,36274,卖盘
2027,14:24:36,25.93,0.02,1,2593,买盘
2028,14:24:39,25.93,0.0,6,15548,买盘
2029,14:24:42,25.9,-0.03,33,85496,卖盘
2030,14:24:45,25.93,0.03,24,62220,买盘
2031,14:24:48,25.9,-0.03,83,214976,卖盘
2032,14:24:51,25.93,0.03,9,23337,买盘
2033,14:24:54,25.9,-0.03,2,5183,卖盘
2034,14:25:15,25.9,0.0,18,46620,买盘
2035,14:25:18,25.9,0.0,3,7770,买盘
2036,14:25:24,25.9,0.0,113,292670,买盘
2037,14:25:27,25.9,0.0,9,23310,买盘
2038,14:25:30,25.9,0.0,83,214960,买盘
2039,14:25:33,25.9,0.0,27,69930,买盘
2040,14:25:36,25.9,0.0,7,18130,买盘
2041,14:25:51,25.9,0.0,14,36260,买盘
2042,14:25:54,25.89,-0.01,4,10358,卖盘
2043,14:26:06,25.9,0.01,72,186480,买盘
2044,14:26:09,25.9,0.0,6,15540,买盘
2045,14:26:21,25.89,-0.01,20,51780,卖盘
2046,14:26:24,25.9,0.01,2,5180,买盘
2047,14:26:36,25.89,-0.01,14,36246,卖盘
2048,14:26:39,25.88,-0.01,31,80234,卖盘
2049,14:26:42,25.9,0.02,4,10360,买盘
2050,14:26:45,25.9,0.0,25,64750,买盘
2051,14:26:48,25.9,0.0,32,82840,买盘
2052,14:26:51,25.9,0.0,6,15540,买盘
2053,14:26:57,25.88,-0.02,67,173526,卖盘
2054,14:27:00,25.9,0.02,6,15540,买盘
2055,14:27:06,25.88,-0.02,20,51760,卖盘
2056,14:27:12,25.88,0.0,11,28468,卖盘
2057,14:27:15,25.88,0.0,3,7764,买盘
2058,14:27:18,25.88,0.0,6,15528,买盘
2059,14:27:24,25.86,-0.02,31,80186,卖盘
2060,14:27:27,25.9,0.04,3,7770,买盘
2061,14:27:36,25.86,-0.04,5,12930,卖盘
2062,14:27:39,25.9,0.04,34,88044,买盘
2063,14:27:42,25.9,0.0,4,10360,买盘
2064,14:27:45,25.9,0.0,2,5180,买盘
2065,14:27:48,25.86,-0.04,20,51720,卖盘
2066,14:27:51,25.9,0.04,2,5180,买盘
2067,14:27:57,25.9,0.0,6,15540,买盘
2068,14:28:00,25.9,0.0,4,10354,买盘
2069,14:28:04,25.9,0.0,4,10360,买盘
2070,14:28:06,25.87,-0.03,129,334067,卖盘
2071,14:28:09,25.93,0.06,12,31116,买盘
2072,14:28:18,25.91,-0.02,13,33691,卖盘
2073,14:28:21,25.91,0.0,11,28501,买盘
2074,14:28:24,25.92,0.01,4,10368,买盘
2075,14:28:27,25.92,0.0,7,18144,买盘
2076,14:28:30,25.92,0.0,3,7776,买盘
2077,14:28:33,25.91,-0.01,1,2591,卖盘
2078,14:28:36,25.9,-0.01,23,59585,卖盘
2079,14:28:48,25.9,0.0,10,25900,买盘
2080,14:28:51,25.91,0.01,7,18132,买盘
2081,14:28:54,25.88,-0.03,57,147546,卖盘
2082,14:28:57,25.87,-0.01,14,36231,卖盘
2083,14:29:30,25.9,0.03,8,20727,卖盘
2084,14:29:34,25.91,0.01,1,2591,买盘
2085,14:29:37,25.91,0.0,7,18137,买盘
2086,14:29:42,25.9,-0.01,5,12950,卖盘
2087,14:29:48,25.91,0.01,1,2591,买盘
2088,14:29:51,25.91,0.0,3,7773,买盘
2089,14:29:57,25.9,-0.01,2,5180,卖盘
2090,14:30:00,25.91,0.01,10,25910,买盘
2091,14:30:03,25.91,0.0,43,111417,买盘
2092,14:30:09,25.91,0.0,3,7773,买盘
2093,14:30:12,25.91,0.0,6,15546,买盘
2094,14:30:18,25.92,0.01,66,171052,买盘
2095,14:30:21,25.93,0.01,6,15558,买盘
2096,14:30:24,25.93,0.0,5,12965,买盘
2097,14:30:27,25.93,0.0,1,2593,买盘
2098,14:30:30,25.93,0.0,82,212626,买盘
2099,14:30:33,25.94,0.01,7,18158,买盘
2100,14:30:36,25.92,-0.02,11,28518,卖盘
2101,14:30:39,25.92,0.0,1,2592,买盘
2102,14:30:42,25.92,0.0,2,5184,买盘
2103,14:30:48,25.92,0.0,33,85572,卖盘
2104,14:30:51,25.94,0.02,3,7782,买盘
2105,14:30:54,25.92,-0.02,20,51842,卖盘
2106,14:30:57,25.92,0.0,3,7780,卖盘
2107,14:31:00,25.94,0.02,4,10376,买盘
2108,14:31:04,25.94,0.0,1,2594,买盘
2109,14:31:06,25.92,-0.02,5,12960,卖盘
2110,14:31:09,25.93,0.01,4,10372,买盘
2111,14:31:12,25.93,0.0,2,5186,买盘
2112,14:31:15,25.93,0.0,12,31116,买盘
2113,14:31:19,25.93,0.0,1,2593,买盘
2114,14:31:21,25.93,0.0,3,7779,买盘
2115,14:31:30,25.92,-0.01,30,77760,卖盘
2116,14:31:33,25.93,0.01,3,7779,买盘
2117,14:31:39,25.91,-0.02,5,12955,卖盘
2118,14:31:42,25.93,0.02,1,2593,买盘
2119,14:31:45,25.91,-0.02,22,57002,卖盘
2120,14:31:48,25.91,0.0,2,5182,买盘
2121,14:31:51,25.91,0.0,3,7773,买盘
2122,14:31:57,25.9,-0.01,103,266962,卖盘
2123,14:32:00,25.94,0.04,10,25935,买盘
2124,14:32:12,25.91,-0.03,4,10364,卖盘
2125,14:32:15,25.93,0.02,1,2593,买盘
2126,14:32:21,25.93,0.0,8,20744,买盘
2127,14:32:24,25.93,0.0,1,2593,买盘
2128,14:32:27,25.93,0.0,22,57006,买盘
2129,14:32:30,25.93,0.0,2,5186,买盘
2130,14:32:36,25.92,-0.01,13,33696,卖盘
2131,14:32:39,25.92,0.0,87,225563,卖盘
2132,14:32:42,25.93,0.01,8,20742,买盘
2133,14:32:48,25.94,0.01,23,59652,买盘
2134,14:32:51,25.93,-0.01,34,88132,买盘
2135,14:32:54,25.93,0.0,3,7779,买盘
2136,14:33:00,25.93,0.0,2,5186,买盘
2137,14:33:09,25.93,0.0,13,33719,卖盘
2138,14:33:12,25.93,0.0,2,5186,买盘
2139,14:33:15,25.93,0.0,2,5186,买盘
2140,14:33:22,25.92,-0.01,40,103680,卖盘
2141,14:33:24,25.92,0.0,4,10368,买盘
2142,14:33:27,25.91,-0.01,22,57002,卖盘
2143,14:33:30,25.92,0.01,3,7776,买盘
2144,14:33:36,25.92,0.0,117,303164,买盘
2145,14:33:39,25.92,0.0,66,171032,买盘
2146,14:33:42,25.92,0.0,6,15552,买盘
2147,14:33:45,25.91,-0.01,36,93276,卖盘
2148,14:33:48,25.91,0.0,11,28501,买盘
2149,14:33:51,25.91,0.0,3,7773,买盘
2150,14:33:57,25.92,0.01,2,5184,买盘
2151,14:34:00,25.91,-0.01,2,5182,卖盘
2152,14:34:12,25.92,0.01,124,321208,买盘
2153,14:34:15,25.92,0.0,13,33696,买盘
2154,14:34:18,25.92,0.0,36,93312,买盘
2155,14:34:21,25.92,0.0,4,10368,买盘
2156,14:34:24,25.92,0.0,1,2592,买盘
2157,14:34:27,25.9,-0.02,5,12950,卖盘
2158,14:34:36,25.9,0.0,14,36260,卖盘
2159,14:34:45,25.91,0.01,18,46638,买盘
2160,14:34:48,25.91,0.0,4,10364,买盘
2161,14:34:51,25.91,0.0,3,7773,买盘
2162,14:35:00,25.9,-0.01,1,2590,卖盘
2163,14:35:04,25.9,0.0,100,259000,卖盘
2164,14:35:06,25.91,0.01,14,36274,买盘
2165,14:35:15,25.9,-0.01,100,259000,卖盘
2166,14:35:18,25.91,0.01,10,25910,买盘
2167,14:35:24,25.91,0.0,11,28501,买盘
2168,14:35:27,25.92,0.01,24,62208,买盘
2169,14:35:30,25.92,0.0,11,28512,买盘
2170,14:35:33,25.91,-0.01,28,72548,卖盘
2171,14:35:36,25.91,0.0,20,51820,买盘
2172,14:35:39,25.91,0.0,14,36279,买盘
2173,14:35:48,25.91,0.0,8,20728,卖盘
2174,14:35:52,25.9,-0.01,2,5180,卖盘
2175,14:35:54,25.91,0.01,2,5182,买盘
2176,14:35:57,25.9,-0.01,2,5180,卖盘
2177,14:36:04,25.91,0.01,4,10364,买盘
2178,14:36:06,25.9,-0.01,30,77700,卖盘
2179,14:36:09,25.91,0.01,6,15546,买盘
2180,14:36:18,25.9,-0.01,5,12950,卖盘
2181,14:36:21,25.91,0.01,56,145061,买盘
2182,14:36:24,25.91,0.0,6,15546,买盘
2183,14:36:27,25.9,-0.01,50,129500,卖盘
2184,14:36:30,25.91,0.01,5,12955,买盘
2185,14:36:33,25.9,-0.01,89,230510,卖盘
2186,14:36:36,25.88,-0.02,23,59542,卖盘
2187,14:36:45,25.87,-0.01,50,129350,卖盘
2188,14:36:49,25.9,0.03,26,67332,买盘
2189,14:36:54,25.9,0.0,3,7770,买盘
2190,14:36:57,25.87,-0.03,86,222734,卖盘
2191,14:37:00,25.92,0.05,11,28500,买盘
2192,14:37:04,25.9,-0.02,21,54390,买盘
2193,14:37:09,25.87,-0.03,8,20702,卖盘
2194,14:37:12,25.9,0.03,5,12950,买盘
2195,14:37:15,25.9,0.0,11,28490,买盘
2196,14:37:21,25.9,0.0,28,72520,卖盘
2197,14:37:27,25.88,-0.02,1,2588,买盘
2198,14:37:30,25.87,-0.01,2,5174,卖盘
2199,14:37:33,25.87,0.0,4,10348,买盘
2200,14:37:42,25.88,0.01,1,2588,买盘
2201,14:37:46,25.86,-0.02,30,77582,卖盘
2202,14:37:49,25.9,0.04,6,15540,买盘
2203,14:37:54,25.9,0.0,3,7770,买盘
2204,14:38:00,25.88,-0.02,22,56936,卖盘
2205,14:38:03,25.88,0.0,1,2588,卖盘
2206,14:38:06,25.88,0.0,9,23292,买盘
2207,14:38:36,25.88,0.0,14,36232,卖盘
2208,14:38:39,25.9,0.02,6,15540,买盘
2209,14:38:45,25.9,0.0,30,77700,买盘
2210,14:38:51,25.88,-0.02,12,31056,卖盘
2211,14:38:54,25.88,0.0,28,72464,买盘
2212,14:38:57,25.88,0.0,13,33644,买盘
2213,14:39:00,25.91,0.03,7,18137,买盘
2214,14:39:24,25.89,-0.02,10,25890,卖盘
2215,14:39:27,25.89,0.0,1,2589,买盘
2216,14:39:33,25.88,-0.01,37,95790,卖盘
2217,14:39:36,25.88,0.0,11,28468,买盘
2218,14:39:39,25.88,0.0,8,20699,买盘
2219,14:39:42,25.89,0.01,6,15531,买盘
2220,14:39:46,25.88,-0.01,1,2588,中性盘
2221,14:39:48,25.88,0.0,26,67268,买盘
2222,14:39:51,25.9,0.02,3,7768,买盘
2223,14:39:57,25.87,-0.03,22,56929,卖盘
2224,14:40:00,25.9,0.03,9,23294,买盘
2225,14:40:04,25.91,0.01,2,5181,买盘
2226,14:40:06,25.91,0.0,11,28501,买盘
2227,14:40:09,25.9,-0.01,2,5180,买盘
2228,14:40:13,25.86,-0.04,30,77582,卖盘
2229,14:40:15,25.9,0.04,3,7770,买盘
2230,14:40:24,25.86,-0.04,25,64650,卖盘
2231,14:40:27,25.9,0.04,3,7770,买盘
2232,14:40:36,25.88,-0.02,20,51760,卖盘
2233,14:40:39,25.9,0.02,2,5180,买盘
2234,14:40:42,25.88,-0.02,32,82816,卖盘
2235,14:40:45,25.88,0.0,4,10352,买盘
2236,14:40:48,25.9,0.02,21,54390,买盘
2237,14:40:51,25.91,0.01,3,7772,买盘
2238,14:40:54,25.91,0.0,32,82882,买盘
2239,14:40:57,25.91,0.0,4,10364,买盘
2240,14:41:12,25.88,-0.03,4,10352,卖盘
2241,14:41:15,25.87,-0.01,5,12935,卖盘
2242,14:41:18,25.87,0.0,9,23283,卖盘
2243,14:41:21,25.87,0.0,9,23283,买盘
2244,14:41:24,25.87,0.0,1,2587,买盘
2245,14:41:33,25.87,0.0,100,258700,买盘
2246,14:41:36,25.87,0.0,12,31044,买盘
2247,14:41:39,25.86,-0.01,11,28447,卖盘
2248,14:41:42,25.87,0.01,3,7761,买盘
2249,14:41:45,25.87,0.0,5,12935,买盘
2250,14:41:51,25.86,-0.01,30,77580,卖盘
2251,14:41:54,25.87,0.01,51,131943,买盘
2252,14:41:57,25.87,0.0,10,25197,买盘
2253,14:42:00,25.86,-0.01,24,62777,卖盘
2254,14:42:04,25.86,0.0,8,20688,买盘
2255,14:42:09,25.85,-0.01,30,77550,卖盘
2256,14:42:12,25.86,0.01,4,10344,买盘
2257,14:42:15,25.86,0.0,5,12930,卖盘
2258,14:42:18,25.85,-0.01,20,51700,卖盘
2259,14:42:21,25.85,0.0,23,59474,卖盘
2260,14:42:24,25.86,0.01,7,18102,买盘
2261,14:42:30,25.85,-0.01,30,77550,卖盘
2262,14:42:33,25.86,0.01,4,10344,买盘
2263,14:42:40,25.85,-0.01,4,10340,卖盘
2264,14:42:42,25.85,0.0,197,509245,卖盘
2265,14:42:45,25.86,0.01,9,22599,买盘
2266,14:42:48,25.91,0.05,31,80302,买盘
2267,14:42:51,25.91,0.0,15,38865,买盘
2268,14:42:54,25.91,0.0,3,7773,买盘
2269,14:43:12,25.86,-0.05,11,28446,卖盘
2270,14:43:15,25.86,0.0,3,7758,买盘
2271,14:43:27,25.85,-0.01,2,5170,卖盘
2272,14:43:30,25.86,0.01,30,77562,买盘
2273,14:43:33,25.86,0.0,4,10344,买盘
2274,14:43:43,25.86,0.0,11,28446,买盘
2275,14:43:45,25.85,-0.01,11,28435,卖盘
2276,14:43:54,25.85,0.0,2,5170,买盘
2277,14:43:57,25.84,-0.01,50,129200,卖盘
2278,14:44:00,25.85,0.01,8,20680,买盘
2279,14:44:06,25.84,-0.01,5,12920,卖盘
2280,14:44:09,25.84,0.0,18,46512,卖盘
2281,14:44:12,25.84,0.0,1,2584,买盘
2282,14:44:18,25.83,-0.01,19,49077,卖盘
2283,14:44:21,25.83,0.0,9,23247,买盘
2284,14:44:24,25.82,-0.01,31,80043,卖盘
2285,14:44:27,25.83,0.01,2,5166,买盘
2286,14:44:33,25.82,-0.01,10,25820,卖盘
2287,14:44:36,25.83,0.01,31,80043,买盘
2288,14:44:39,25.83,0.0,3,7749,买盘
2289,14:44:45,25.82,-0.01,31,80043,卖盘
2290,14:44:48,25.84,0.02,19,49096,买盘
2291,14:44:52,25.84,0.0,1,2584,买盘
2292,14:44:55,25.84,0.0,3,7752,买盘
2293,14:44:58,25.84,0.0,31,80049,买盘
2294,14:45:00,25.84,0.0,2,5168,买盘
2295,14:45:06,25.83,-0.01,5,12915,卖盘
2296,14:45:09,25.84,0.01,1,2584,买盘
2297,14:45:18,25.83,-0.01,10,25830,卖盘
2298,14:45:21,25.81,-0.02,31,80019,卖盘
2299,14:45:24,25.84,0.03,12,30978,买盘
2300,14:45:27,25.84,0.0,17,43928,买盘
2301,14:45:30,25.82,-0.02,22,56813,卖盘
2302,14:45:33,25.84,0.02,2,5168,买盘
2303,14:45:36,25.84,0.0,1,2584,买盘
2304,14:45:39,25.82,-0.02,5,12910,卖盘
2305,14:45:42,25.84,0.02,1,2584,买盘
2306,14:45:45,25.84,0.0,2,5168,买盘
2307,14:45:48,25.84,0.0,10,25840,买盘
2308,14:45:51,25.85,0.01,1,2585,买盘
2309,14:45:57,25.84,-0.01,32,82710,卖盘
2310,14:46:00,25.85,0.01,3,7755,买盘
2311,14:46:03,25.83,-0.02,19,49077,卖盘
2312,14:46:06,25.83,0.0,4,10333,买盘
2313,14:46:09,25.83,0.0,14,36171,卖盘
2314,14:46:12,25.83,0.0,16,41328,买盘
2315,14:46:16,25.85,0.02,3,7751,买盘
2316,14:46:28,25.83,-0.02,8,20664,卖盘
2317,14:46:30,25.83,0.0,3,7749,买盘
2318,14:46:36,25.82,-0.01,18,46476,卖盘
2319,14:46:39,25.82,0.0,2,5164,买盘
2320,14:46:48,25.81,-0.01,35,90359,卖盘
2321,14:46:51,25.83,0.02,11,28413,买盘
2322,14:46:54,25.83,0.0,26,67140,买盘
2323,14:46:57,25.83,0.0,7,18081,买盘
2324,14:47:00,25.83,0.0,25,64575,买盘
2325,14:47:04,25.83,0.0,10,25830,买盘
2326,14:47:06,25.82,-0.01,29,74887,卖盘
2327,14:47:09,25.83,0.01,5,12915,买盘
2328,14:47:12,25.83,0.0,12,30996,买盘
2329,14:47:24,25.85,0.02,118,305022,买盘
2330,14:47:27,25.9,0.05,11,28476,买盘
2331,14:47:30,25.88,-0.02,7,18116,买盘
2332,14:47:33,25.88,0.0,5,12940,买盘
2333,14:47:37,25.9,0.02,2,5180,买盘
2334,14:47:39,25.9,0.0,13,33670,买盘
2335,14:47:42,25.88,-0.02,7,18116,卖盘
2336,14:47:48,25.88,0.0,1,2588,买盘
2337,14:47:51,25.9,0.02,15,38846,买盘
2338,14:47:54,25.91,0.01,3,7773,买盘
2339,14:47:57,25.91,0.0,3,7773,买盘
2340,14:48:03,25.91,0.0,27,69957,买盘
2341,14:48:06,25.91,0.0,69,178777,买盘
2342,14:48:09,25.91,0.0,6,15546,买盘
2343,14:48:13,25.91,0.0,45,116585,买盘
2344,14:48:15,25.92,0.01,4,10368,买盘
2345,14:48:19,25.92,0.0,2,5184,买盘
2346,14:48:24,25.92,0.0,2,5184,买盘
2347,14:48:27,25.95,0.03,74,192015,买盘
2348,14:48:30,25.96,0.01,10,25960,买盘
2349,14:48:33,25.95,-0.01,6,15570,卖盘
2350,14:48:36,25.95,0.0,4,10380,卖盘
2351,14:48:42,25.88,-0.07,1,3882,卖盘
2352,14:48:51,25.96,0.08,30,77863,买盘
2353,14:48:54,25.96,0.0,4,10384,买盘
2354,14:48:57,25.9,-0.06,10,25912,卖盘
2355,14:49:00,25.9,0.0,2,5180,买盘
2356,14:49:27,25.94,0.04,6,15564,买盘
2357,14:49:36,25.91,-0.03,6,15546,卖盘
2358,14:49:39,25.94,0.03,9,23334,买盘
2359,14:49:42,25.94,0.0,33,85602,卖盘
2360,14:49:45,25.95,0.01,3,7785,买盘
2361,14:49:48,25.95,0.0,6,15570,买盘
2362,14:50:03,25.95,0.0,5,12971,买盘
2363,14:50:06,25.96,0.01,3,7786,买盘
2364,14:50:09,25.95,-0.01,13,33735,中性盘
2365,14:50:12,25.96,0.01,8,20761,买盘
2366,14:50:15,25.96,0.0,1,2596,买盘
2367,14:50:19,25.9,-0.06,14,36260,卖盘
2368,14:50:21,25.96,0.06,1,2596,买盘
2369,14:50:27,25.91,-0.05,10,25910,卖盘
2370,14:50:30,25.96,0.05,1,2596,买盘
2371,14:50:33,25.96,0.0,2,5192,买盘
2372,14:50:36,25.96,0.0,2,5192,买盘
2373,14:50:42,25.95,-0.01,10,25950,买盘
2374,14:50:45,25.95,0.0,1,2595,买盘
2375,14:50:51,25.95,0.0,5,12975,买盘
2376,14:50:55,25.94,-0.01,3,7782,卖盘
2377,14:50:57,25.94,0.0,1,2594,买盘
2378,14:51:12,25.94,0.0,6,15564,买盘
2379,14:51:18,25.94,0.0,4,10376,卖盘
2380,14:51:21,25.94,0.0,2,5188,买盘
2381,14:51:42,25.93,-0.01,2,5186,买盘
2382,14:52:03,25.91,-0.02,6,15546,卖盘
2383,14:52:12,25.91,0.0,2,5182,卖盘
2384,14:52:16,25.93,0.02,1,2593,买盘
2385,14:52:18,25.93,0.0,2,5186,买盘
2386,14:52:21,25.91,-0.02,4,10364,卖盘
2387,14:52:30,25.93,0.02,3,7779,买盘
2388,14:52:33,25.93,0.0,2,5186,买盘
2389,14:52:48,25.93,0.0,13,33709,买盘
2390,14:52:51,25.94,0.01,1,2594,买盘
2391,14:52:54,25.93,-0.01,5,12965,卖盘
2392,14:52:57,25.93,0.0,1,2593,买盘
2393,14:53:04,25.91,-0.02,14,36274,卖盘
2394,14:53:06,25.93,0.02,3,7779,买盘
2395,14:53:09,25.94,0.01,36,93364,买盘
2396,14:53:12,25.91,-0.03,9,23338,卖盘
2397,14:53:15,25.91,0.0,9,23319,买盘
2398,14:53:18,25.91,0.0,17,44034,中性盘
2399,14:53:21,25.91,0.0,3,7777,卖盘
2400,14:53:30,25.91,0.0,45,116595,卖盘
2401,14:53:33,25.93,0.02,4,10372,买盘
2402,14:53:36,25.91,-0.02,8,20728,卖盘
2403,14:53:39,25.93,0.02,22,57004,买盘
2404,14:53:42,25.91,-0.02,19,49233,卖盘
2405,14:53:45,25.91,0.0,2,5182,中性盘
2406,14:53:48,25.88,-0.03,2,5176,卖盘
2407,14:54:04,25.88,0.0,2,4658,卖盘
2408,14:54:12,25.88,0.0,4,10352,买盘
2409,14:54:15,25.87,-0.01,18,45796,买盘
2410,14:54:18,25.86,-0.01,34,87944,卖盘
2411,14:54:21,25.91,0.05,3,7773,买盘
2412,14:54:27,25.88,-0.03,31,80228,卖盘
2413,14:54:30,25.91,0.03,3,7773,买盘
2414,14:54:33,25.9,-0.01,6,15535,中性盘
2415,14:54:36,25.9,0.0,5,12950,卖盘
2416,14:54:39,25.85,-0.05,28,72385,卖盘
2417,14:54:42,25.9,0.05,3,7770,买盘
2418,14:54:45,25.9,0.0,1,2590,买盘
2419,14:55:00,25.81,-0.09,117,302028,卖盘
2420,14:55:04,25.93,0.12,11,28502,买盘
2421,14:55:06,25.81,-0.12,38,98084,卖盘
2422,14:55:09,25.9,0.09,4,10360,买盘
2423,14:55:15,25.82,-0.08,1,2582,中性盘
2424,14:55:21,25.9,0.08,5,12950,买盘
2425,14:55:24,25.9,0.0,1,2590,卖盘
2426,14:55:36,25.9,0.0,3,7770,卖盘
2427,14:55:39,25.91,0.01,7,18137,买盘
2428,14:55:42,25.9,-0.01,4,10360,卖盘
2429,14:55:48,25.83,-0.07,10,25830,卖盘
2430,14:56:03,25.83,0.0,1,2583,卖盘
2431,14:56:10,25.83,0.0,1,2583,卖盘
2432,14:56:12,25.89,0.06,11,28479,买盘
2433,14:56:15,25.83,-0.06,40,103322,卖盘
2434,14:56:18,25.9,0.07,6,15536,买盘
2435,14:56:21,25.83,-0.07,100,258305,卖盘
2436,14:56:24,25.9,0.07,10,25900,买盘
2437,14:56:27,25.9,0.0,18,46610,买盘
2438,14:56:30,25.9,0.0,6,15540,买盘
2439,14:56:33,25.92,0.02,119,308318,买盘
2440,14:56:36,25.93,0.01,11,28508,买盘
2441,14:56:39,25.93,0.0,2,5186,买盘
2442,14:56:42,25.9,-0.03,5,12950,卖盘
2443,14:56:48,25.9,0.0,10,25900,卖盘
2444,14:56:51,25.93,0.03,3,7775,买盘
2445,14:56:57,25.93,0.0,3,7779,买盘
2446,14:57:01,25.93,0.0,3,7779,买盘
2447,15:00:04,25.9,-0.03,282,730380,卖盘
