,time,price,change,volume,amount,type
0,09:30:40,4.38,0.01,6,2628,卖盘
1,09:30:42,4.38,0.0,1,438,卖盘
2,09:31:13,4.38,0.0,1,438,卖盘
3,09:31:18,4.38,0.0,140,61320,卖盘
4,09:31:28,4.38,0.0,42,18396,卖盘
5,09:31:30,4.38,0.0,10,4380,卖盘
6,09:31:43,4.37,-0.01,1,437,卖盘
7,09:31:54,4.37,0.0,2,874,卖盘
8,09:32:12,4.37,0.0,3,1311,卖盘
9,09:32:18,4.38,0.01,1,438,买盘
10,09:32:22,4.38,0.0,2,876,买盘
11,09:32:24,4.38,0.0,1,438,买盘
12,09:32:27,4.38,0.0,3,1314,买盘
13,09:32:31,4.38,0.0,3,1314,买盘
14,09:32:34,4.37,-0.01,5,2188,卖盘
15,09:32:37,4.37,0.0,14,6121,卖盘
16,09:32:40,4.38,0.01,2,876,买盘
17,09:32:43,4.38,0.0,3,1313,买盘
18,09:32:55,4.37,-0.01,2,874,卖盘
19,09:33:10,4.37,0.0,2,874,卖盘
20,09:33:43,4.37,0.0,4,1748,卖盘
21,09:33:45,4.37,0.0,6,2622,卖盘
22,09:34:16,4.38,0.01,4,1752,卖盘
23,09:34:45,4.37,-0.01,6,2622,卖盘
24,09:35:12,4.37,0.0,3,1311,卖盘
25,09:35:27,4.38,0.01,19,8322,买盘
26,09:35:30,4.38,0.0,66,28908,卖盘
27,09:35:36,4.38,0.0,6,2628,卖盘
28,09:35:40,4.39,0.01,69,30291,买盘
29,09:35:58,4.4,0.01,8,3520,买盘
30,09:36:09,4.39,-0.01,4,1756,卖盘
31,09:36:13,4.4,0.01,5,2200,买盘
32,09:36:16,4.39,-0.01,13,5707,卖盘
33,09:36:27,4.39,0.0,120,52680,卖盘
34,09:36:31,4.39,0.0,47,20633,卖盘
35,09:36:39,4.37,-0.02,1,437,卖盘
36,09:36:51,4.38,0.01,2,876,卖盘
37,09:37:06,4.38,0.0,6,2628,卖盘
38,09:37:36,4.38,0.0,2,876,卖盘
39,09:38:10,4.38,0.0,1,438,卖盘
40,09:38:12,4.38,0.0,1,438,卖盘
41,09:38:18,4.39,0.01,1,439,买盘
42,09:38:36,4.39,0.0,8,3512,卖盘
43,09:38:39,4.39,0.0,4,1756,卖盘
44,09:39:09,4.39,0.0,5,2195,卖盘
45,09:39:37,4.39,0.0,3,1317,卖盘
46,09:40:09,4.38,-0.01,4,1752,卖盘
47,09:40:24,4.38,0.0,100,43800,卖盘
48,09:40:36,4.38,0.0,1,438,卖盘
49,09:40:39,4.39,0.01,9,3951,买盘
50,09:41:09,4.39,0.0,1,439,买盘
51,09:41:25,4.38,-0.01,1,438,卖盘
52,09:41:28,4.38,0.0,9,3942,卖盘
53,09:41:31,4.38,0.0,100,43800,卖盘
54,09:41:55,4.38,0.0,3,1314,卖盘
55,09:41:58,4.38,0.0,6,2628,卖盘
56,09:42:27,4.38,0.0,2,876,卖盘
57,09:42:31,4.38,0.0,4,1752,卖盘
58,09:42:51,4.38,0.0,2,876,卖盘
59,09:43:09,4.38,0.0,109,47742,卖盘
60,09:43:51,4.38,0.0,1,438,买盘
61,09:43:54,4.38,0.0,66,28908,买盘
62,09:44:09,4.38,0.0,1,438,卖盘
63,09:44:40,4.38,0.0,4,1752,卖盘
64,09:44:58,4.38,0.0,5,2190,卖盘
65,09:45:07,4.38,0.0,1,438,卖盘
66,09:45:45,4.38,0.0,7,3066,卖盘
67,09:46:04,4.37,-0.01,100,43776,卖盘
68,09:46:12,4.37,0.0,1,437,卖盘
69,09:46:15,4.37,0.0,2,874,卖盘
70,09:46:28,4.37,0.0,10,4370,卖盘
71,09:46:37,4.38,0.01,8,3504,买盘
72,09:46:40,4.38,0.0,6,2628,买盘
73,09:46:43,4.38,0.0,14,6132,买盘
74,09:46:46,4.37,-0.01,24,10508,卖盘
75,09:46:48,4.38,0.01,1,438,买盘
76,09:47:09,4.37,-0.01,4,1748,卖盘
77,09:47:13,4.38,0.01,5,2190,买盘
78,09:47:42,4.37,-0.01,2,874,卖盘
79,09:47:45,4.37,0.0,4,1748,卖盘
80,09:48:15,4.37,0.0,5,2185,卖盘
81,09:48:45,4.37,0.0,1,437,卖盘
82,09:48:51,4.37,0.0,2,874,卖盘
83,09:49:09,4.38,0.01,199,87162,买盘
84,09:49:12,4.37,-0.01,3,1312,卖盘
85,09:49:43,4.37,0.0,3,1311,卖盘
86,09:49:49,4.37,0.0,20,8740,卖盘
87,09:50:13,4.37,0.0,6,2622,卖盘
88,09:50:43,4.37,0.0,1,437,卖盘
89,09:50:46,4.37,0.0,2,874,卖盘
90,09:52:19,4.38,0.01,50,21900,买盘
91,09:52:40,4.39,0.01,749,327414,买盘
92,09:52:45,4.37,-0.02,4,1748,卖盘
93,09:53:12,4.4,0.03,232,101977,买盘
94,09:53:42,4.4,0.0,8,3520,卖盘
95,09:53:45,4.4,0.0,164,72346,卖盘
96,09:53:57,4.4,0.0,4,1760,卖盘
97,09:54:04,4.41,0.01,217,95483,中性盘
98,09:54:13,4.37,-0.04,4,1748,卖盘
99,09:54:27,4.4,0.03,52,22880,买盘
100,09:54:33,4.4,0.0,42,18480,卖盘
101,09:54:42,4.4,0.0,71,31240,卖盘
102,09:54:48,4.4,0.0,28,12320,买盘
103,09:54:51,4.4,0.0,2,880,卖盘
104,09:55:01,4.4,0.0,15,6600,卖盘
105,09:55:12,4.4,0.0,3,1320,卖盘
106,09:55:15,4.41,0.01,5,2205,买盘
107,09:55:24,4.4,-0.01,5,2200,卖盘
108,09:55:33,4.41,0.01,37,16317,买盘
109,09:55:40,4.4,-0.01,270,118800,卖盘
110,09:55:46,4.4,0.0,1,440,卖盘
111,09:55:54,4.41,0.01,50,22050,买盘
112,09:56:07,4.4,-0.01,10,4400,卖盘
113,09:56:12,4.4,0.0,1,440,卖盘
114,09:56:15,4.41,0.01,50,22050,买盘
115,09:56:42,4.4,-0.01,1,440,卖盘
116,09:56:48,4.41,0.01,96,42345,买盘
117,09:57:09,4.41,0.0,1,441,卖盘
118,09:57:18,4.41,0.0,217,95688,卖盘
119,09:57:40,4.4,-0.01,2,880,卖盘
120,09:58:12,4.41,0.01,100,44100,买盘
121,09:58:24,4.4,-0.01,5,2200,卖盘
122,09:58:39,4.4,0.0,3,1320,卖盘
123,09:58:42,4.4,0.0,132,58136,卖盘
124,09:59:09,4.41,0.01,8,3528,卖盘
125,09:59:12,4.41,0.0,100,44100,卖盘
126,09:59:39,4.41,0.0,6,2646,卖盘
127,10:00:15,4.41,0.0,9,3969,卖盘
128,10:00:51,4.41,0.0,2,882,卖盘
129,10:01:10,4.41,0.0,5,2205,卖盘
130,10:01:28,4.41,0.0,10,4410,卖盘
131,10:01:45,4.41,0.0,10,4410,卖盘
132,10:02:16,4.4,-0.01,5,2200,卖盘
133,10:02:45,4.4,0.0,4,1760,卖盘
134,10:03:06,4.41,0.01,50,22050,买盘
135,10:03:12,4.4,-0.01,157,69080,卖盘
136,10:03:15,4.4,0.0,9,3960,卖盘
137,10:03:18,4.4,0.0,33,14520,卖盘
138,10:03:40,4.4,0.0,70,30800,卖盘
139,10:03:43,4.4,0.0,30,13200,卖盘
140,10:03:45,4.4,0.0,4,1760,卖盘
141,10:04:13,4.4,0.0,9,3951,卖盘
142,10:04:15,4.38,-0.02,5,2190,卖盘
143,10:04:33,4.4,0.02,44,19367,买盘
144,10:04:51,4.4,0.0,7,3071,卖盘
145,10:05:06,4.38,-0.02,6,2628,卖盘
146,10:05:39,4.38,0.0,2,876,卖盘
147,10:05:51,4.4,0.02,30,13200,买盘
148,10:06:09,4.38,-0.02,8,3504,卖盘
149,10:06:39,4.38,0.0,3,1314,卖盘
150,10:07:09,4.38,0.0,1,438,卖盘
151,10:07:36,4.38,0.0,3,1314,卖盘
152,10:08:06,4.38,0.0,1,438,卖盘
153,10:08:36,4.39,0.01,2,878,买盘
154,10:08:39,4.39,0.0,4,1756,卖盘
155,10:09:06,4.4,0.01,20,8800,买盘
156,10:09:09,4.39,-0.01,2,878,卖盘
157,10:09:39,4.39,0.0,1,439,卖盘
158,10:09:54,4.4,0.01,35,15400,买盘
159,10:10:39,4.39,-0.01,5,2195,卖盘
160,10:11:09,4.38,-0.01,6,2628,卖盘
161,10:11:33,4.39,0.01,21,9219,卖盘
162,10:12:10,4.39,0.0,4,1756,卖盘
163,10:12:27,4.39,0.0,31,13609,卖盘
164,10:12:51,4.38,-0.01,2,876,卖盘
165,10:13:18,4.39,0.01,60,26560,买盘
166,10:15:06,4.4,0.01,40,17600,买盘
167,10:15:54,4.39,-0.01,2,878,卖盘
168,10:15:57,4.4,0.01,80,35200,买盘
169,10:16:06,4.4,0.0,50,22000,买盘
170,10:18:21,4.39,-0.01,57,25073,卖盘
171,10:18:55,4.39,0.0,8,3512,卖盘
172,10:19:21,4.39,0.0,1,439,卖盘
173,10:19:39,4.39,0.0,10,4390,卖盘
174,10:19:54,4.39,0.0,1,439,卖盘
175,10:20:21,4.39,0.0,5,2195,卖盘
176,10:20:45,4.39,0.0,2,878,卖盘
177,10:20:54,4.39,0.0,1,439,卖盘
178,10:21:04,4.4,0.01,35,15400,买盘
179,10:21:21,4.39,-0.01,11,4829,卖盘
180,10:21:57,4.39,0.0,10,4390,卖盘
181,10:22:51,4.4,0.01,48,21120,买盘
182,10:23:48,4.4,0.0,46,20249,买盘
183,10:24:39,4.4,0.0,8,3520,卖盘
184,10:24:49,4.4,0.0,46,20231,卖盘
185,10:24:54,4.4,0.0,4,1769,买盘
186,10:25:04,4.4,0.0,4,1760,卖盘
187,10:25:12,4.4,0.0,24,10560,卖盘
188,10:25:30,4.4,0.0,5,2200,卖盘
189,10:25:33,4.4,0.0,5,2200,卖盘
190,10:25:36,4.41,0.01,80,35280,买盘
191,10:26:39,4.4,-0.01,10,4391,卖盘
192,10:27:09,4.4,0.0,73,32112,买盘
193,10:27:15,4.4,0.0,46,20249,买盘
194,10:27:27,4.4,0.0,25,11000,卖盘
195,10:27:48,4.4,0.0,1,440,卖盘
196,10:27:51,4.4,0.0,3,1311,卖盘
197,10:29:19,4.39,-0.01,3,1317,卖盘
198,10:30:09,4.39,0.0,1,439,卖盘
199,10:30:18,4.39,0.0,1,439,卖盘
200,10:30:49,4.39,0.0,2,878,卖盘
201,10:31:21,4.39,0.0,1,439,卖盘
202,10:32:15,4.4,0.01,93,40929,买盘
203,10:32:21,4.4,0.0,1,440,卖盘
204,10:32:31,4.41,0.01,201,88641,买盘
205,10:32:54,4.4,-0.01,10,4400,卖盘
206,10:33:42,4.4,0.0,20,8800,卖盘
207,10:33:48,4.4,0.0,1,431,买盘
208,10:35:21,4.39,-0.01,1,439,卖盘
209,10:35:36,4.41,0.02,368,162288,买盘
210,10:35:39,4.41,0.0,10,4410,卖盘
211,10:35:48,4.41,0.0,100,44100,卖盘
212,10:35:51,4.41,0.0,2,882,卖盘
213,10:35:54,4.41,0.0,1,441,卖盘
214,10:35:57,4.41,0.0,1,441,卖盘
215,10:36:00,4.41,0.0,1,441,卖盘
216,10:36:04,4.41,0.0,17,7497,卖盘
217,10:36:51,4.4,-0.01,2,880,卖盘
218,10:37:21,4.4,0.0,3,1320,卖盘
219,10:37:33,4.4,0.0,2,880,卖盘
220,10:37:39,4.41,0.01,150,66150,买盘
221,10:37:51,4.4,-0.01,5,2200,卖盘
222,10:38:21,4.4,0.0,1,440,卖盘
223,10:38:39,4.4,0.0,2,660,卖盘
224,10:38:54,4.4,0.0,1,440,卖盘
225,10:38:57,4.41,0.01,67,29547,买盘
226,10:39:21,4.39,-0.01,1,439,卖盘
227,10:39:51,4.39,0.0,6,2634,卖盘
228,10:40:24,4.39,0.0,5,2195,卖盘
229,10:40:48,4.39,0.0,50,21950,卖盘
230,10:40:51,4.39,0.0,1,439,卖盘
231,10:41:51,4.39,0.0,9,3951,卖盘
232,10:42:15,4.39,0.0,1,439,卖盘
233,10:42:21,4.39,0.0,5,2195,卖盘
234,10:42:52,4.39,0.0,9,3951,卖盘
235,10:43:24,4.39,0.0,2,878,卖盘
236,10:43:55,4.39,0.0,2,878,卖盘
237,10:44:54,4.39,0.0,10,4390,卖盘
238,10:45:24,4.39,0.0,2,878,卖盘
239,10:45:54,4.39,0.0,10,4390,卖盘
240,10:46:24,4.39,0.0,5,2195,卖盘
241,10:46:54,4.39,0.0,15,6585,卖盘
242,10:47:24,4.39,0.0,41,17999,卖盘
243,10:48:24,4.38,-0.01,1,438,卖盘
244,10:48:51,4.38,0.0,2,876,卖盘
245,10:49:12,4.38,0.0,2,876,卖盘
246,10:49:33,4.39,0.01,68,29852,买盘
247,10:50:54,4.38,-0.01,6,2628,卖盘
248,10:52:12,4.38,0.0,1,438,卖盘
249,10:52:24,4.38,0.0,1,438,卖盘
250,10:52:45,4.38,0.0,1,438,卖盘
251,10:53:42,4.38,0.0,6,2628,卖盘
252,10:54:12,4.38,0.0,1,438,卖盘
253,10:54:15,4.38,0.0,4,1752,卖盘
254,10:54:27,4.38,0.0,1,438,卖盘
255,10:54:42,4.38,0.0,1,438,卖盘
256,10:54:51,4.38,0.0,2,876,卖盘
257,10:55:12,4.38,0.0,6,2628,卖盘
258,10:55:42,4.38,0.0,1,438,卖盘
259,10:55:45,4.38,0.0,5,2190,卖盘
260,10:56:12,4.38,0.0,4,1752,卖盘
261,10:58:45,4.38,0.0,1,438,卖盘
262,10:59:15,4.38,0.0,4,1752,卖盘
263,10:59:54,4.38,0.0,2,876,卖盘
264,11:00:15,4.38,0.0,2,876,卖盘
265,11:00:21,4.38,0.0,1,438,卖盘
266,11:00:45,4.38,0.0,1,438,卖盘
267,11:00:51,4.38,0.0,2,876,卖盘
268,11:01:00,4.38,0.0,1,219,卖盘
269,11:01:45,4.38,0.0,1,438,卖盘
270,11:02:15,4.38,0.0,1,438,卖盘
271,11:02:27,4.38,0.0,1,438,卖盘
272,11:02:45,4.38,0.0,1,438,卖盘
273,11:04:18,4.38,0.0,2,876,卖盘
274,11:05:45,4.38,0.0,1,438,卖盘
275,11:06:15,4.38,0.0,4,1752,卖盘
276,11:06:24,4.38,0.0,1,438,卖盘
277,11:06:33,4.38,0.0,10,4380,卖盘
278,11:06:45,4.38,0.0,4,1752,卖盘
279,11:06:51,4.38,0.0,2,876,卖盘
280,11:07:18,4.38,0.0,1,438,卖盘
281,11:09:40,4.38,0.0,5,2190,卖盘
282,11:10:21,4.38,0.0,4,1752,卖盘
283,11:10:51,4.38,0.0,2,876,卖盘
284,11:11:21,4.38,0.0,2,876,卖盘
285,11:11:36,4.38,0.0,8,3504,卖盘
286,11:11:51,4.38,0.0,2,876,卖盘
287,11:12:21,4.38,0.0,2,876,卖盘
288,11:12:42,4.38,0.0,46,20148,卖盘
289,11:12:52,4.38,0.0,2,876,卖盘
290,11:12:54,4.38,0.0,2,876,卖盘
291,11:13:21,4.38,0.0,1,438,卖盘
292,11:13:27,4.38,0.0,50,21900,卖盘
293,11:14:22,4.38,0.0,4,1752,卖盘
294,11:14:42,4.38,0.0,9,3942,卖盘
295,11:14:51,4.38,0.0,3,1314,卖盘
296,11:15:01,4.38,0.0,48,21024,卖盘
297,11:15:07,4.38,0.0,31,13578,卖盘
298,11:15:39,4.38,0.0,17,7446,卖盘
299,11:15:49,4.38,0.0,7,3066,卖盘
300,11:16:00,4.38,0.0,50,21900,卖盘
301,11:16:04,4.38,0.0,7,3066,卖盘
302,11:16:09,4.38,0.0,2,876,卖盘
303,11:16:25,4.38,0.0,16,7008,卖盘
304,11:16:36,4.37,-0.01,29,12674,卖盘
305,11:17:24,4.36,-0.01,4,1744,卖盘
306,11:17:54,4.36,0.0,1,436,卖盘
307,11:17:57,4.36,0.0,1,436,卖盘
308,11:18:24,4.36,0.0,1,436,卖盘
309,11:18:39,4.37,0.01,11,4807,买盘
310,11:19:24,4.37,0.0,5,2185,卖盘
311,11:19:54,4.37,0.0,3,1311,卖盘
312,11:20:54,4.37,0.0,2,874,卖盘
313,11:21:54,4.37,0.0,3,1311,卖盘
314,11:22:24,4.37,0.0,1,437,卖盘
315,11:22:54,4.37,0.0,2,874,卖盘
316,11:23:27,4.37,0.0,3,1311,卖盘
317,11:23:55,4.37,0.0,1,437,卖盘
318,11:24:24,4.37,0.0,2,874,卖盘
319,11:24:27,4.37,0.0,1,437,卖盘
320,11:24:54,4.37,0.0,16,6992,卖盘
321,11:26:27,4.36,-0.01,6,2616,卖盘
322,11:26:54,4.36,0.0,1,436,卖盘
323,11:26:57,4.36,0.0,3,1308,卖盘
324,11:27:27,4.36,0.0,2,872,卖盘
325,11:27:42,4.37,0.01,26,11362,买盘
326,11:28:27,4.37,0.0,3,1311,卖盘
327,11:28:36,4.38,0.01,1,438,买盘
328,11:29:57,4.38,0.0,3,1314,卖盘
329,13:00:04,4.4,0.02,5,2200,买盘
330,13:00:27,4.39,-0.01,1,439,卖盘
331,13:01:42,4.39,0.0,40,17560,卖盘
332,13:01:51,4.39,0.0,4,1756,卖盘
333,13:02:27,4.38,-0.01,2,876,卖盘
334,13:02:45,4.38,0.0,3,1314,卖盘
335,13:04:30,4.37,-0.01,2,874,卖盘
336,13:05:00,4.37,0.0,1,437,卖盘
337,13:05:45,4.37,0.0,2,874,卖盘
338,13:06:21,4.36,-0.01,1,436,卖盘
339,13:06:51,4.36,0.0,2,872,卖盘
340,13:07:45,4.37,0.01,28,12236,买盘
341,13:08:21,4.37,0.0,20,8740,卖盘
342,13:09:00,4.37,0.0,50,21850,卖盘
343,13:09:16,4.37,0.0,2,874,卖盘
344,13:10:30,4.37,0.0,4,1748,卖盘
345,13:10:54,4.37,0.0,30,13110,卖盘
346,13:11:00,4.37,0.0,3,1311,卖盘
347,13:11:30,4.37,0.0,1,437,卖盘
348,13:12:15,4.37,0.0,1,437,卖盘
349,13:12:27,4.37,0.0,1,437,卖盘
350,13:12:51,4.37,0.0,2,874,卖盘
351,13:13:30,4.37,0.0,3,1311,卖盘
352,13:14:00,4.37,0.0,1,437,卖盘
353,13:16:33,4.37,0.0,2,874,卖盘
354,13:17:04,4.37,0.0,2,874,卖盘
355,13:17:33,4.36,-0.01,3,1308,卖盘
356,13:18:04,4.36,0.0,1,436,卖盘
357,13:18:21,4.36,0.0,1,436,卖盘
358,13:18:33,4.36,0.0,4,1744,卖盘
359,13:18:39,4.36,0.0,20,8720,卖盘
360,13:19:04,4.36,0.0,4,1744,卖盘
361,13:19:33,4.36,0.0,1,436,卖盘
362,13:20:34,4.36,0.0,5,2180,卖盘
363,13:21:03,4.36,0.0,4,1744,卖盘
364,13:21:30,4.37,0.01,14,6118,买盘
365,13:22:33,4.37,0.0,3,1311,卖盘
366,13:23:03,4.37,0.0,3,1311,卖盘
367,13:23:34,4.37,0.0,2,874,卖盘
368,13:24:06,4.36,-0.01,1,436,卖盘
369,13:24:36,4.36,0.0,1,436,卖盘
370,13:24:51,4.37,0.01,2,874,卖盘
371,13:26:36,4.37,0.0,1,437,卖盘
372,13:28:36,4.37,0.0,4,1748,卖盘
373,13:29:06,4.37,0.0,4,1748,卖盘
374,13:30:34,4.37,0.0,1,437,卖盘
375,13:30:51,4.37,0.0,2,874,卖盘
376,13:30:54,4.37,0.0,2,874,卖盘
377,13:31:18,4.37,0.0,1,437,卖盘
378,13:34:01,4.37,0.0,70,30590,卖盘
379,13:34:30,4.37,0.0,16,6992,卖盘
380,13:34:42,4.37,0.0,1,437,卖盘
381,13:34:51,4.38,0.01,96,42048,买盘
382,13:35:33,4.38,0.0,2,876,卖盘
383,13:36:51,4.38,0.0,2,876,卖盘
384,13:37:57,4.38,0.0,1,438,卖盘
385,13:38:00,4.38,0.0,24,10512,卖盘
386,13:39:04,4.38,0.0,56,24528,买盘
387,13:42:00,4.38,0.0,10,4380,卖盘
388,13:42:33,4.37,-0.01,12,5255,卖盘
389,13:42:51,4.37,0.0,2,874,卖盘
390,13:43:09,4.37,0.0,1,218,卖盘
391,13:46:45,4.38,0.01,100,43800,买盘
392,13:47:04,4.38,0.0,21,9198,买盘
393,13:48:33,4.37,-0.01,1,437,卖盘
394,13:50:30,4.37,0.0,1,656,卖盘
395,13:52:34,4.37,0.0,2,874,卖盘
396,13:53:18,4.37,0.0,127,55499,卖盘
397,13:54:30,4.37,0.0,1,437,卖盘
398,13:57:36,4.38,0.01,18,7884,买盘
399,13:57:42,4.38,0.0,26,11388,卖盘
400,13:57:54,4.38,0.0,1,438,卖盘
401,14:00:51,4.39,0.01,57,25021,买盘
402,14:00:54,4.38,-0.01,2,876,卖盘
403,14:02:57,4.38,0.0,1,438,卖盘
404,14:06:30,4.37,-0.01,1,437,卖盘
405,14:06:42,4.38,0.01,53,23214,买盘
406,14:06:52,4.37,-0.01,2,874,卖盘
407,14:12:51,4.37,0.0,2,874,卖盘
408,14:14:15,4.37,0.0,2,874,卖盘
409,14:15:33,4.37,0.0,9,3933,卖盘
410,14:15:58,4.37,0.0,1,437,卖盘
411,14:18:30,4.37,0.0,1,437,卖盘
412,14:18:51,4.37,0.0,2,874,卖盘
413,14:19:36,4.37,0.0,4,1748,卖盘
414,14:22:06,4.39,0.02,239,104867,买盘
415,14:22:36,4.41,0.02,715,315032,买盘
416,14:22:39,4.39,-0.02,4,1756,卖盘
417,14:22:57,4.41,0.02,200,87980,买盘
418,14:23:27,4.41,0.0,10,4190,买盘
419,14:23:39,4.42,0.01,21,9282,买盘
420,14:24:06,4.42,0.0,199,87958,买盘
421,14:24:18,4.42,0.0,152,67175,买盘
422,14:24:21,4.42,0.0,499,220558,买盘
423,14:24:31,4.41,-0.01,30,13230,卖盘
424,14:24:51,4.41,0.0,2,882,卖盘
425,14:25:30,4.42,0.01,24,10608,买盘
426,14:25:42,4.41,-0.01,52,23152,卖盘
427,14:26:40,4.41,0.0,91,40131,买盘
428,14:27:06,4.41,0.0,28,12348,买盘
429,14:27:31,4.41,0.0,122,53802,买盘
430,14:28:07,4.41,0.0,50,22050,买盘
431,14:28:45,4.41,0.01,5,2205,买盘
432,14:30:31,4.4,-0.01,1,440,卖盘
433,14:30:51,4.4,0.0,2,880,卖盘
434,14:35:42,4.4,0.0,64,28160,卖盘
435,14:35:48,4.4,0.0,109,47960,卖盘
436,14:36:06,4.4,0.0,8,3520,卖盘
437,14:36:12,4.4,0.0,26,11431,卖盘
438,14:36:30,4.39,-0.01,1,439,卖盘
439,14:36:51,4.39,0.0,2,878,卖盘
440,14:37:06,4.4,0.01,1,440,买盘
441,14:37:21,4.4,0.0,58,25529,买盘
442,14:37:36,4.4,0.0,10,4400,卖盘
443,14:40:39,4.4,0.0,114,50160,卖盘
444,14:41:28,4.4,0.0,18,7911,卖盘
445,14:42:00,4.4,0.0,10,4400,买盘
446,14:42:37,4.39,-0.01,1,439,卖盘
447,14:42:51,4.39,0.0,2,878,卖盘
448,14:45:40,4.4,0.0,20,8800,卖盘
449,14:45:48,4.4,0.0,18,7920,卖盘
450,14:45:51,4.4,0.0,6,2640,卖盘
451,14:46:06,4.4,0.0,3,1320,卖盘
452,14:46:22,4.4,0.0,4,1760,卖盘
453,14:46:28,4.4,0.0,11,4840,卖盘
454,14:46:36,4.4,0.0,3,1320,卖盘
455,14:46:42,4.4,0.0,1,431,买盘
456,14:47:12,4.4,0.0,6,2649,买盘
457,14:47:21,4.4,0.0,3,1320,卖盘
458,14:48:25,4.4,0.0,37,16280,卖盘
459,14:48:30,4.41,0.01,89,39249,买盘
460,14:48:33,4.4,-0.01,1,440,卖盘
461,14:48:51,4.4,0.0,20,8791,卖盘
462,14:49:12,4.4,0.0,10,4400,买盘
463,14:49:21,4.4,0.0,2,889,买盘
464,14:49:33,4.4,0.0,1,440,卖盘
465,14:50:04,4.41,0.01,1,441,买盘
466,14:50:30,4.41,0.0,32,14112,买盘
467,14:51:06,4.4,-0.01,5,2200,卖盘
468,14:51:10,4.4,0.0,19,8360,卖盘
469,14:51:27,4.4,0.0,51,22431,卖盘
470,14:52:09,4.39,-0.01,5,2195,卖盘
471,14:53:42,4.39,0.0,55,24145,卖盘
472,14:54:04,4.4,0.01,56,24640,买盘
473,14:54:40,4.39,-0.01,1,439,卖盘
474,14:54:57,4.4,0.01,22,9680,买盘
475,14:56:39,4.4,0.0,51,22449,买盘
476,14:56:57,4.41,0.01,3,1323,买盘
477,15:00:05,4.41,0.0,60,26460,卖盘
