,time,price,change,volume,amount,type
0,09:25:04,14.79,-0.03,256,378624,卖盘
1,09:30:04,14.76,-0.03,820,1208964,卖盘
2,09:30:06,14.75,-0.01,571,837711,中性盘
3,09:30:09,14.74,-0.01,4,5897,中性盘
4,09:30:13,14.73,-0.01,11,16206,卖盘
5,09:30:16,14.73,0.0,2,2946,卖盘
6,09:30:22,14.73,0.0,6,8844,卖盘
7,09:30:24,14.73,0.0,11,16203,买盘
8,09:30:27,14.73,0.0,5,7365,买盘
9,09:30:31,14.73,0.0,105,154701,买盘
10,09:30:36,14.73,0.0,12,17676,卖盘
11,09:30:40,14.73,0.0,30,44210,卖盘
12,09:30:43,14.75,0.02,26,38319,买盘
13,09:30:46,14.75,0.0,27,39825,买盘
14,09:30:48,14.75,0.0,13,19175,买盘
15,09:30:52,14.75,0.0,31,45725,买盘
16,09:30:55,14.74,-0.01,99,145926,卖盘
17,09:30:58,14.74,0.0,151,222574,买盘
18,09:31:04,14.73,-0.01,7,10314,卖盘
19,09:31:07,14.74,0.01,151,222574,买盘
20,09:31:10,14.74,0.0,130,191650,卖盘
21,09:31:13,14.74,0.0,12,17696,卖盘
22,09:31:15,14.75,0.01,16,23600,买盘
23,09:31:19,14.74,-0.01,178,262547,卖盘
24,09:31:21,14.76,0.02,204,301085,买盘
25,09:31:25,14.76,0.0,222,327672,买盘
26,09:31:28,14.79,0.03,16,23643,买盘
27,09:31:31,14.79,0.0,22,32538,买盘
28,09:31:33,14.79,0.0,4,5916,买盘
29,09:31:36,14.79,0.0,15,22185,买盘
30,09:31:40,14.79,0.0,2,2958,买盘
31,09:31:42,14.79,0.0,21,31943,买盘
32,09:31:45,14.78,-0.01,45,66495,中性盘
33,09:31:49,14.81,0.03,136,201069,买盘
34,09:31:51,14.77,-0.04,40,59093,卖盘
35,09:31:54,14.76,-0.01,35,51693,卖盘
36,09:31:58,14.77,0.01,10,14770,买盘
37,09:32:01,14.81,0.04,182,269106,买盘
38,09:32:06,14.84,0.03,10,14840,买盘
39,09:32:10,14.8,-0.04,11,16292,卖盘
40,09:32:12,14.8,0.0,1,1480,买盘
41,09:32:16,14.84,0.04,7,10384,买盘
42,09:32:19,14.81,-0.03,1,1481,卖盘
43,09:32:25,14.83,0.02,5,7415,买盘
44,09:32:31,14.82,-0.01,1,1482,买盘
45,09:32:33,14.82,0.0,41,60762,卖盘
46,09:32:37,14.81,-0.01,25,37343,卖盘
47,09:32:40,14.83,0.02,35,51894,买盘
48,09:32:43,14.82,-0.01,121,179384,卖盘
49,09:32:49,14.82,0.0,112,166147,卖盘
50,09:32:52,14.85,0.03,1,1485,买盘
51,09:32:55,14.83,-0.02,9,13347,卖盘
52,09:33:00,14.85,0.02,39,57915,买盘
53,09:33:04,14.86,0.01,20,29720,买盘
54,09:33:10,14.86,0.0,50,74300,买盘
55,09:33:13,14.85,-0.01,85,126451,卖盘
56,09:33:16,14.87,0.02,10,14870,买盘
57,09:33:19,14.86,-0.01,65,96588,卖盘
58,09:33:21,14.86,0.0,1,1486,买盘
59,09:33:24,14.86,0.0,87,129242,买盘
60,09:33:28,14.86,0.0,83,123329,买盘
61,09:33:31,14.86,0.0,28,41608,买盘
62,09:33:34,14.86,0.0,59,87674,买盘
63,09:33:37,14.86,0.0,32,47552,买盘
64,09:33:39,14.86,0.0,71,105478,买盘
65,09:33:42,14.86,0.0,47,69845,买盘
66,09:33:46,14.86,0.0,23,34178,买盘
67,09:33:49,14.86,0.0,17,25262,买盘
68,09:33:52,14.86,0.0,7,10402,买盘
69,09:33:55,14.86,0.0,7,10402,买盘
70,09:33:57,14.86,0.0,30,44590,卖盘
71,09:34:01,14.86,0.0,61,90734,卖盘
72,09:34:04,14.86,0.0,3,4458,卖盘
73,09:34:07,14.86,0.0,2,2392,卖盘
74,09:34:10,14.86,0.0,63,94198,卖盘
75,09:34:12,14.86,0.0,35,52010,买盘
76,09:34:16,14.85,-0.01,13,19315,卖盘
77,09:34:19,14.87,0.02,14,20226,买盘
78,09:34:21,14.85,-0.02,5,7426,买盘
79,09:34:24,14.86,0.01,20,29720,中性盘
80,09:34:27,14.85,-0.01,29,43065,卖盘
81,09:34:31,14.86,0.01,78,115098,买盘
82,09:34:34,14.87,0.01,37,55806,买盘
83,09:34:37,14.86,-0.01,5,7430,卖盘
84,09:34:43,14.86,0.0,1,1486,卖盘
85,09:34:46,14.86,0.0,4,5944,卖盘
86,09:34:49,14.86,0.0,67,99564,卖盘
87,09:34:51,14.87,0.01,28,41621,买盘
88,09:34:55,14.86,-0.01,9,13374,卖盘
89,09:34:58,14.86,0.0,19,28234,卖盘
90,09:35:01,14.86,0.0,113,167918,卖盘
91,09:35:04,14.86,0.0,42,62412,卖盘
92,09:35:07,14.86,0.0,43,63910,卖盘
93,09:35:09,14.86,0.0,1,1486,买盘
94,09:35:12,14.86,0.0,12,17832,买盘
95,09:35:16,14.85,-0.01,72,106939,卖盘
96,09:35:19,14.85,0.0,60,89120,卖盘
97,09:35:22,14.85,0.0,76,112912,卖盘
98,09:35:25,14.85,0.0,57,84674,卖盘
99,09:35:28,14.85,0.0,13,19307,卖盘
100,09:35:30,14.85,0.0,33,49005,卖盘
101,09:35:33,14.85,0.0,53,78728,卖盘
102,09:35:37,14.85,0.0,27,40674,卖盘
103,09:35:40,14.86,0.01,13,19305,买盘
104,09:35:43,14.85,-0.01,31,46035,中性盘
105,09:35:46,14.85,0.0,6,8910,卖盘
106,09:35:48,14.86,0.01,75,111379,买盘
107,09:35:55,14.84,-0.02,50,74227,卖盘
108,09:35:57,14.85,0.01,2,2970,中性盘
109,09:36:04,14.84,-0.01,5,7420,卖盘
110,09:36:07,14.84,0.0,5,7421,卖盘
111,09:36:09,14.84,0.0,30,44520,卖盘
112,09:36:12,14.85,0.01,2,2970,买盘
113,09:36:16,14.85,0.0,2,2970,买盘
114,09:36:18,14.84,-0.01,7,10389,卖盘
115,09:36:24,14.84,0.0,2,2968,卖盘
116,09:36:27,14.83,-0.01,38,56385,卖盘
117,09:36:30,14.84,0.01,24,35611,买盘
118,09:36:37,14.84,0.0,9,13356,卖盘
119,09:36:39,14.84,0.0,14,20776,卖盘
120,09:36:42,14.84,0.0,29,43053,卖盘
121,09:36:46,14.84,0.0,71,105364,卖盘
122,09:36:48,14.85,0.01,2,2970,买盘
123,09:36:54,14.84,-0.01,2,2968,卖盘
124,09:36:57,14.84,0.0,31,46004,卖盘
125,09:37:00,14.84,0.0,17,25228,买盘
126,09:37:03,14.84,0.0,5,7420,买盘
127,09:37:09,14.84,0.0,11,16324,买盘
128,09:37:12,14.84,0.0,15,22248,买盘
129,09:37:15,14.84,0.0,12,17804,买盘
130,09:37:18,14.84,0.0,1,1484,卖盘
131,09:37:25,14.84,0.0,2,2968,卖盘
132,09:37:31,14.85,0.01,10,14850,买盘
133,09:37:33,14.85,0.0,2,2970,买盘
134,09:37:39,14.84,-0.01,6,8909,卖盘
135,09:37:43,14.84,0.0,196,290864,卖盘
136,09:37:45,14.84,0.0,577,854864,买盘
137,09:37:49,14.84,0.0,8,11872,买盘
138,09:37:55,14.8,-0.04,13,19281,卖盘
139,09:38:04,14.84,0.04,10,14840,买盘
140,09:38:06,14.81,-0.03,4,5924,卖盘
141,09:38:10,14.83,0.02,1,1483,买盘
142,09:38:13,14.83,0.0,1,1483,买盘
143,09:38:16,14.82,-0.01,2,2964,中性盘
144,09:38:18,14.81,-0.01,1,1481,卖盘
145,09:38:21,14.82,0.01,5,7410,买盘
146,09:38:24,14.81,-0.01,17,25177,卖盘
147,09:38:27,14.81,0.0,26,38506,买盘
148,09:38:30,14.8,-0.01,12,17760,卖盘
149,09:38:34,14.81,0.01,47,69575,买盘
150,09:38:37,14.8,-0.01,35,51800,卖盘
151,09:38:40,14.81,0.01,137,202860,买盘
152,09:38:43,14.8,-0.01,20,29600,卖盘
153,09:38:49,14.8,0.0,25,37000,卖盘
154,09:38:52,14.8,0.0,2,2960,卖盘
155,09:38:57,14.81,0.01,29,42924,买盘
156,09:39:01,14.8,-0.01,17,24864,卖盘
157,09:39:04,14.8,0.0,42,62456,买盘
158,09:39:06,14.81,0.01,8,11847,买盘
159,09:39:13,14.8,-0.01,5,7400,卖盘
160,09:39:16,14.8,0.0,14,20720,卖盘
161,09:39:19,14.81,0.01,2,2962,买盘
162,09:39:21,14.8,-0.01,3,4440,卖盘
163,09:39:24,14.8,0.0,78,115453,卖盘
164,09:39:28,14.78,-0.02,6,8868,卖盘
165,09:39:30,14.79,0.01,28,41418,卖盘
166,09:39:33,14.79,0.0,1,1479,买盘
167,09:39:36,14.79,0.0,56,82772,买盘
168,09:39:43,14.77,-0.02,21,31019,卖盘
169,09:39:46,14.77,0.0,20,29540,卖盘
170,09:39:49,14.77,0.0,3,4431,卖盘
171,09:39:52,14.77,0.0,4,5909,卖盘
172,09:39:55,14.77,0.0,3,4431,卖盘
173,09:39:58,14.78,0.01,61,89810,买盘
174,09:40:06,14.77,-0.01,27,39863,中性盘
175,09:40:10,14.78,0.01,1,1478,买盘
176,09:40:15,14.78,0.0,1,1478,买盘
177,09:40:19,14.77,-0.01,16,23633,卖盘
178,09:40:21,14.77,0.0,25,36927,买盘
179,09:40:25,14.76,-0.01,63,93039,卖盘
180,09:40:34,14.78,0.02,10,14772,买盘
181,09:40:37,14.77,-0.01,5,7385,卖盘
182,09:40:43,14.77,0.0,23,33971,卖盘
183,09:40:45,14.77,0.0,10,14770,卖盘
184,09:40:49,14.78,0.01,10,14780,买盘
185,09:40:51,14.78,0.0,1,1478,买盘
186,09:40:54,14.77,-0.01,68,100439,卖盘
187,09:40:57,14.78,0.01,2,2956,买盘
188,09:41:00,14.78,0.0,3,4434,买盘
189,09:41:04,14.8,0.02,186,274964,买盘
190,09:41:06,14.77,-0.03,108,159555,卖盘
191,09:41:10,14.76,-0.01,207,304720,卖盘
192,09:41:12,14.75,-0.01,365,538531,卖盘
193,09:41:16,14.75,0.0,46,67850,买盘
194,09:41:19,14.75,0.0,55,81125,买盘
195,09:41:21,14.75,0.0,52,77566,买盘
196,09:41:25,14.75,0.0,20,29500,卖盘
197,09:41:28,14.76,0.01,21,30977,买盘
198,09:41:33,14.76,0.0,2,2952,卖盘
199,09:41:37,14.76,0.0,2,2952,卖盘
200,09:41:39,14.75,-0.01,71,104766,卖盘
201,09:41:43,14.75,0.0,1,1475,卖盘
202,09:41:45,14.76,0.01,9,13284,买盘
203,09:41:54,14.76,0.0,2,2952,买盘
204,09:41:57,14.76,0.0,90,132840,买盘
205,09:42:04,14.76,0.0,17,25092,卖盘
206,09:42:06,14.76,0.0,20,29520,卖盘
207,09:42:10,14.78,0.02,11,16243,买盘
208,09:42:13,14.78,0.0,6,8868,买盘
209,09:42:16,14.78,0.0,1,1478,卖盘
210,09:42:19,14.78,0.0,18,26604,卖盘
211,09:42:21,14.77,-0.01,25,36925,卖盘
212,09:42:24,14.78,0.01,14,20692,买盘
213,09:42:28,14.79,0.01,10,14790,买盘
214,09:42:31,14.79,0.0,1,1479,买盘
215,09:42:33,14.79,0.0,5,7395,买盘
216,09:42:36,14.78,-0.01,14,20692,卖盘
217,09:42:42,14.78,0.0,15,22180,卖盘
218,09:42:48,14.78,0.0,3,4434,买盘
219,09:42:51,14.77,-0.01,10,14770,卖盘
220,09:42:54,14.77,0.0,12,17735,卖盘
221,09:42:57,14.78,0.01,3,4433,买盘
222,09:43:00,14.78,0.0,36,53219,卖盘
223,09:43:06,14.77,-0.01,17,25124,卖盘
224,09:43:13,14.77,0.0,6,8862,买盘
225,09:43:16,14.77,0.0,37,54614,买盘
226,09:43:19,14.77,0.0,1,1477,买盘
227,09:43:21,14.76,-0.01,5,7382,卖盘
228,09:43:25,14.77,0.01,2,2954,买盘
229,09:43:28,14.77,0.0,3,4431,买盘
230,09:43:31,14.77,0.0,10,14770,卖盘
231,09:43:36,14.77,0.0,62,91668,卖盘
232,09:43:48,14.78,0.01,4,5912,买盘
233,09:43:57,14.8,0.02,4,5920,买盘
234,09:44:01,14.8,0.0,67,99451,买盘
235,09:44:04,14.82,0.02,55,81398,买盘
236,09:44:19,14.83,0.01,1,1483,买盘
237,09:44:21,14.83,0.0,18,26694,买盘
238,09:44:24,14.83,0.0,5,7415,卖盘
239,09:44:27,14.83,0.0,22,32626,买盘
240,09:44:31,14.81,-0.02,11,16293,中性盘
241,09:44:39,14.81,0.0,2,2962,买盘
242,09:44:42,14.8,-0.01,2,2960,卖盘
243,09:44:45,14.81,0.01,343,507683,买盘
244,09:44:48,14.78,-0.03,200,295672,卖盘
245,09:44:51,14.77,-0.01,165,243559,卖盘
246,09:44:54,14.77,0.0,20,29540,买盘
247,09:44:58,14.77,0.0,15,22450,买盘
248,09:45:00,14.77,0.0,48,70896,买盘
249,09:45:06,14.8,0.03,6,8881,卖盘
250,09:45:09,14.81,0.01,3,4443,买盘
251,09:45:15,14.81,0.0,6,8886,买盘
252,09:45:19,14.83,0.02,74,109528,买盘
253,09:45:27,14.83,0.0,13,19279,买盘
254,09:45:37,14.83,0.0,56,83048,买盘
255,09:45:40,14.84,0.01,2,2968,买盘
256,09:45:43,14.83,-0.01,2,2966,卖盘
257,09:45:45,14.83,0.0,2,2966,卖盘
258,09:45:48,14.84,0.01,15,22254,买盘
259,09:45:51,14.83,-0.01,1,1483,卖盘
260,09:45:54,14.84,0.01,61,90524,买盘
261,09:45:57,14.83,-0.01,1,1483,卖盘
262,09:46:00,14.84,0.01,1,1484,买盘
263,09:46:03,14.84,0.0,50,74200,买盘
264,09:46:09,14.84,0.0,1,1484,买盘
265,09:46:12,14.84,0.0,8,11872,买盘
266,09:46:15,14.84,0.0,11,16324,买盘
267,09:46:19,14.8,-0.04,182,269644,卖盘
268,09:46:24,14.8,0.0,15,22200,买盘
269,09:46:31,14.82,0.02,2,2964,买盘
270,09:46:34,14.81,-0.01,2,2962,卖盘
271,09:46:39,14.81,0.0,3,4443,卖盘
272,09:46:46,14.82,0.01,4,5928,买盘
273,09:46:49,14.81,-0.01,2,2962,卖盘
274,09:46:51,14.82,0.01,8,11856,买盘
275,09:46:54,14.82,0.0,8,11856,买盘
276,09:46:57,14.81,-0.01,64,94784,卖盘
277,09:47:00,14.82,0.01,5,7406,买盘
278,09:47:04,14.82,0.0,6,8892,买盘
279,09:47:06,14.81,-0.01,1,1481,卖盘
280,09:47:09,14.82,0.01,157,232604,买盘
281,09:47:13,14.82,0.0,9,13338,买盘
282,09:47:18,14.83,0.01,7,10381,买盘
283,09:47:21,14.81,-0.02,5,7405,卖盘
284,09:47:24,14.82,0.01,6,8891,买盘
285,09:47:30,14.82,0.0,14,20745,买盘
286,09:47:36,14.8,-0.02,10,14800,卖盘
287,09:47:49,14.82,0.02,5,7410,买盘
288,09:47:51,14.81,-0.01,4,5924,卖盘
289,09:48:00,14.81,0.0,20,29620,卖盘
290,09:48:04,14.82,0.01,173,256089,买盘
291,09:48:10,14.81,-0.01,1,1481,中性盘
292,09:48:12,14.81,0.0,2,2961,买盘
293,09:48:15,14.8,-0.01,24,35520,卖盘
294,09:48:18,14.81,0.01,2,2962,买盘
295,09:48:21,14.8,-0.01,5,7400,卖盘
296,09:48:25,14.81,0.01,23,34062,买盘
297,09:48:30,14.81,0.0,2,2962,买盘
298,09:48:33,14.82,0.01,52,77013,买盘
299,09:48:36,14.81,-0.01,1,1481,中性盘
300,09:48:48,14.81,0.0,5,7405,卖盘
301,09:48:52,14.8,-0.01,96,142094,卖盘
302,09:48:55,14.8,0.0,2,2960,买盘
303,09:48:57,14.81,0.01,10,14807,买盘
304,09:49:15,14.8,-0.01,17,25164,卖盘
305,09:49:18,14.8,0.0,20,29600,买盘
306,09:49:25,14.8,0.0,11,16280,买盘
307,09:49:27,14.8,0.0,7,10360,买盘
308,09:49:31,14.79,-0.01,86,127194,卖盘
309,09:49:33,14.79,0.0,3,4436,买盘
310,09:49:36,14.78,-0.01,125,184750,卖盘
311,09:49:40,14.75,-0.03,311,459044,卖盘
312,09:49:48,14.78,0.03,2,2956,买盘
313,09:49:52,14.75,-0.03,10,14750,卖盘
314,09:49:57,14.76,0.01,1,1476,卖盘
315,09:50:00,14.76,0.0,3,4430,中性盘
316,09:50:13,14.75,-0.01,74,109157,卖盘
317,09:50:15,14.76,0.01,29,41426,卖盘
318,09:50:19,14.76,0.0,24,36782,卖盘
319,09:50:22,14.76,0.0,78,113703,买盘
320,09:50:24,14.76,0.0,24,35447,卖盘
321,09:50:30,14.78,0.02,2,2956,买盘
322,09:50:33,14.78,0.0,8,11821,买盘
323,09:50:40,14.79,0.01,8,11826,买盘
324,09:50:42,14.78,-0.01,15,22170,买盘
325,09:50:46,14.78,0.0,4,5914,卖盘
326,09:50:48,14.78,0.0,3,4434,买盘
327,09:50:54,14.79,0.01,3,4437,买盘
328,09:51:04,14.79,0.0,1,1479,买盘
329,09:51:06,14.79,0.0,2,2958,买盘
330,09:51:09,14.78,-0.01,11,17376,卖盘
331,09:51:16,14.78,0.0,14,20699,卖盘
332,09:51:18,14.78,0.0,21,31040,卖盘
333,09:51:21,14.79,0.01,4,5916,买盘
334,09:51:25,14.78,-0.01,1,1478,卖盘
335,09:51:27,14.79,0.01,86,127194,买盘
336,09:51:30,14.79,0.0,27,39923,买盘
337,09:51:36,14.79,0.0,5,7391,买盘
338,09:51:40,14.79,0.0,2,2958,买盘
339,09:51:43,14.79,0.0,4,5916,买盘
340,09:51:48,14.79,0.0,10,14790,买盘
341,09:51:51,14.79,0.0,4,5916,买盘
342,09:51:57,14.79,0.0,8,11832,买盘
343,09:52:00,14.79,0.0,2,2958,买盘
344,09:52:04,14.79,0.0,45,66555,买盘
345,09:52:06,14.79,0.0,2,2958,买盘
346,09:52:12,14.79,0.0,2,2958,买盘
347,09:52:19,14.79,0.0,51,75402,买盘
348,09:52:22,14.79,0.0,4,5916,买盘
349,09:52:24,14.79,0.0,34,50274,买盘
350,09:52:27,14.78,-0.01,17,24024,卖盘
351,09:52:30,14.78,0.0,29,42862,买盘
352,09:52:34,14.78,0.0,10,14780,买盘
353,09:52:37,14.78,0.0,10,14780,买盘
354,09:52:40,14.78,0.0,10,14780,买盘
355,09:52:45,14.79,0.01,6,9982,买盘
356,09:52:48,14.77,-0.02,77,112622,买盘
357,09:52:54,14.77,0.0,3,4431,买盘
358,09:52:57,14.77,0.0,2,2954,买盘
359,09:53:01,14.77,0.0,12,17724,买盘
360,09:53:04,14.77,0.0,20,29540,买盘
361,09:53:06,14.77,0.0,126,186102,买盘
362,09:53:09,14.77,0.0,26,38402,买盘
363,09:53:12,14.77,0.0,7,11447,买盘
364,09:53:18,14.79,0.02,2,2958,买盘
365,09:53:25,14.79,0.0,1,1479,买盘
366,09:53:30,14.79,0.0,24,35499,买盘
367,09:53:33,14.79,0.0,20,29580,买盘
368,09:53:39,14.79,0.0,6,8874,买盘
369,09:53:42,14.79,0.0,7,10353,买盘
370,09:53:48,14.78,-0.01,50,73900,卖盘
371,09:53:51,14.79,0.01,25,36955,买盘
372,09:53:54,14.78,-0.01,2,2956,卖盘
373,09:53:57,14.79,0.01,1,1479,买盘
374,09:54:00,14.78,-0.01,1,1478,卖盘
375,09:54:04,14.78,0.0,16,23651,卖盘
376,09:54:06,14.79,0.01,4,5916,买盘
377,09:54:09,14.79,0.0,18,26622,买盘
378,09:54:12,14.79,0.0,2,2958,买盘
379,09:54:15,14.79,0.0,2,2958,买盘
380,09:54:22,14.79,0.0,3,4437,买盘
381,09:54:25,14.79,0.0,54,79866,买盘
382,09:54:31,14.79,0.0,50,73950,买盘
383,09:54:33,14.79,0.0,35,51765,买盘
384,09:54:36,14.8,0.01,133,196663,买盘
385,09:54:39,14.79,-0.01,23,34017,卖盘
386,09:54:46,14.8,0.01,14,20719,买盘
387,09:54:48,14.8,0.0,3,4440,买盘
388,09:54:51,14.8,0.0,11,16280,买盘
389,09:54:54,14.79,-0.01,7,10353,卖盘
390,09:54:57,14.8,0.01,3,4440,买盘
391,09:55:01,14.8,0.0,1,1480,买盘
392,09:55:04,14.8,0.0,14,20720,买盘
393,09:55:06,14.8,0.0,20,29600,买盘
394,09:55:09,14.81,0.01,3,4443,买盘
395,09:55:19,14.81,0.0,1,1481,买盘
396,09:55:21,14.81,0.0,4,5924,买盘
397,09:55:27,14.81,0.0,15,22215,买盘
398,09:55:30,14.81,0.0,11,16291,买盘
399,09:55:33,14.81,0.0,8,11848,买盘
400,09:55:37,14.81,0.0,5,7405,买盘
401,09:55:39,14.81,0.0,1,1481,卖盘
402,09:55:42,14.81,0.0,3,4443,买盘
403,09:55:48,14.81,0.0,4,5924,买盘
404,09:55:52,14.81,0.0,1,1481,买盘
405,09:55:54,14.82,0.01,3,4446,买盘
406,09:55:57,14.82,0.0,6,8892,买盘
407,09:56:00,14.82,0.0,70,103690,买盘
408,09:56:03,14.82,0.0,2,2964,买盘
409,09:56:06,14.81,-0.01,28,41468,卖盘
410,09:56:15,14.81,0.0,8,11848,买盘
411,09:56:18,14.82,0.01,100,148109,买盘
412,09:56:21,14.8,-0.02,150,222004,卖盘
413,09:56:24,14.8,0.0,5,7400,买盘
414,09:56:27,14.8,0.0,44,65120,买盘
415,09:56:33,14.79,-0.01,50,73950,卖盘
416,09:56:36,14.81,0.02,23,33037,买盘
417,09:56:45,14.81,0.0,5,7405,买盘
418,09:56:48,14.8,-0.01,7,10362,卖盘
419,09:56:51,14.81,0.01,27,39967,买盘
420,09:56:57,14.8,-0.01,1,1480,卖盘
421,09:57:01,14.81,0.01,13,19247,买盘
422,09:57:04,14.8,-0.01,1,2486,买盘
423,09:57:07,14.8,0.0,1,1480,买盘
424,09:57:09,14.8,0.0,23,34028,买盘
425,09:57:12,14.8,0.0,21,31070,买盘
426,09:57:15,14.79,-0.01,2,2958,卖盘
427,09:57:18,14.8,0.01,12,16754,买盘
428,09:57:21,14.81,0.01,2,2962,买盘
429,09:57:27,14.8,-0.01,8,11843,卖盘
430,09:57:30,14.8,0.0,4,5920,卖盘
431,09:57:33,14.81,0.01,2,2962,买盘
432,09:57:36,14.8,-0.01,4,5920,卖盘
433,09:57:39,14.8,0.0,11,17286,卖盘
434,09:57:42,14.81,0.01,30,43399,买盘
435,09:57:46,14.81,0.0,1,1481,买盘
436,09:57:49,14.8,-0.01,36,54286,卖盘
437,09:57:54,14.8,0.0,2,2960,买盘
438,09:58:00,14.8,0.0,14,20720,买盘
439,09:58:04,14.8,0.0,2,2959,买盘
440,09:58:06,14.8,0.0,2,2960,买盘
441,09:58:09,14.8,0.0,16,23680,买盘
442,09:58:12,14.8,0.0,27,39955,买盘
443,09:58:16,14.8,0.0,3,4440,买盘
444,09:58:18,14.8,0.0,22,32540,买盘
445,09:58:21,14.8,0.0,17,25160,买盘
446,09:58:27,14.8,0.0,12,17750,买盘
447,09:58:34,14.8,0.0,2,2960,买盘
448,09:58:37,14.79,-0.01,25,36975,卖盘
449,09:58:39,14.8,0.01,3,4439,买盘
450,09:58:42,14.8,0.0,7,10360,买盘
451,09:58:49,14.8,0.0,9,13320,买盘
452,09:58:52,14.8,0.0,2,2960,买盘
453,09:58:54,14.79,-0.01,25,36975,卖盘
454,09:58:57,14.79,0.0,16,23664,买盘
455,09:59:00,14.79,0.0,6,8874,买盘
456,09:59:04,14.79,0.0,3,4439,卖盘
457,09:59:09,14.8,0.01,2,2960,买盘
458,09:59:12,14.8,0.0,169,250120,买盘
459,09:59:15,14.8,0.0,12,17756,买盘
460,09:59:24,14.8,0.0,42,61154,买盘
461,09:59:27,14.79,-0.01,100,147970,卖盘
462,09:59:30,14.77,-0.02,200,295526,卖盘
463,09:59:33,14.81,0.04,12,17770,买盘
464,09:59:36,14.8,-0.01,1,1480,中性盘
465,09:59:42,14.8,0.0,12,17752,买盘
466,09:59:45,14.8,0.0,7,10356,买盘
467,09:59:48,14.8,0.0,16,23680,买盘
468,09:59:54,14.8,0.0,1,1480,卖盘
469,09:59:57,14.81,0.01,3,4443,买盘
470,10:00:01,14.8,-0.01,38,56242,卖盘
471,10:00:04,14.77,-0.03,31,45791,卖盘
472,10:00:06,14.79,0.02,5,7395,买盘
473,10:00:09,14.75,-0.04,460,679712,卖盘
474,10:00:12,14.74,-0.01,35,51624,卖盘
475,10:00:15,14.74,0.0,59,86015,卖盘
476,10:00:18,14.79,0.05,1,1479,买盘
477,10:00:21,14.78,-0.01,2,2956,卖盘
478,10:00:24,14.78,0.0,8,11824,买盘
479,10:00:30,14.78,0.0,6,8868,买盘
480,10:00:33,14.78,0.0,103,152095,买盘
481,10:00:36,14.77,-0.01,6,8864,中性盘
482,10:00:39,14.77,0.0,24,35448,买盘
483,10:00:42,14.77,0.0,21,31017,买盘
484,10:00:46,14.77,0.0,8,11816,买盘
485,10:00:48,14.77,0.0,10,14770,买盘
486,10:00:51,14.77,0.0,32,47264,买盘
487,10:00:54,14.77,0.0,14,20683,买盘
488,10:00:57,14.78,0.01,1,1478,买盘
489,10:01:01,14.79,0.01,6,8874,买盘
490,10:01:04,14.79,0.0,9,13311,买盘
491,10:01:06,14.79,0.0,14,20694,买盘
492,10:01:09,14.8,0.01,96,141987,买盘
493,10:01:12,14.8,0.0,8,11838,买盘
494,10:01:16,14.8,0.0,50,74000,买盘
495,10:01:21,14.8,0.0,1,1480,买盘
496,10:01:24,14.8,0.0,6,8880,买盘
497,10:01:27,14.8,0.0,64,94678,买盘
498,10:01:33,14.8,0.0,344,509120,买盘
499,10:01:36,14.8,0.0,88,130235,买盘
500,10:01:39,14.8,0.0,111,164259,买盘
501,10:01:45,14.8,0.0,17,25160,买盘
502,10:01:49,14.8,0.0,6,8880,买盘
503,10:01:52,14.8,0.0,124,183520,买盘
504,10:01:55,14.8,0.0,7,10360,买盘
505,10:01:57,14.81,0.01,11,16282,买盘
506,10:02:00,14.81,0.0,12,17772,买盘
507,10:02:06,14.8,-0.01,96,142080,卖盘
508,10:02:09,14.8,0.0,226,334197,买盘
509,10:02:12,14.8,0.0,317,468118,买盘
510,10:02:15,14.8,0.0,33,48840,买盘
511,10:02:21,14.8,0.0,52,76960,买盘
512,10:02:24,14.8,0.0,4,5920,卖盘
513,10:02:27,14.81,0.01,3,4443,买盘
514,10:02:30,14.81,0.0,2,2962,买盘
515,10:02:33,14.81,0.0,83,122903,买盘
516,10:02:36,14.81,0.0,158,234057,卖盘
517,10:02:39,14.81,0.0,3,4443,卖盘
518,10:02:42,14.82,0.01,51,75582,买盘
519,10:02:45,14.83,0.01,304,450169,买盘
520,10:02:51,14.82,-0.01,7,10374,卖盘
521,10:02:57,14.83,0.01,1,1483,买盘
522,10:03:00,14.82,-0.01,159,235379,卖盘
523,10:03:03,14.82,0.0,3,4446,买盘
524,10:03:06,14.82,0.0,22,32604,买盘
525,10:03:15,14.79,-0.03,50,73990,卖盘
526,10:03:21,14.82,0.03,14,20741,买盘
527,10:03:25,14.81,-0.01,4,5926,中性盘
528,10:03:28,14.8,-0.01,14,20720,卖盘
529,10:03:33,14.8,0.0,4,5920,买盘
530,10:03:36,14.81,0.01,7,10365,买盘
531,10:03:39,14.81,0.0,2,2962,买盘
532,10:03:42,14.8,-0.01,12,17762,卖盘
533,10:03:49,14.8,0.0,5,7403,卖盘
534,10:03:51,14.81,0.01,3,4443,买盘
535,10:03:57,14.81,0.0,5,7405,买盘
536,10:04:00,14.81,0.0,2,2962,买盘
537,10:04:04,14.81,0.0,10,14810,买盘
538,10:04:06,14.81,0.0,2,2962,买盘
539,10:04:09,14.81,0.0,18,26658,买盘
540,10:04:13,14.8,-0.01,12,17760,卖盘
541,10:04:15,14.81,0.01,32,47392,买盘
542,10:04:21,14.8,-0.01,37,54792,卖盘
543,10:04:30,14.82,0.02,17,25184,买盘
544,10:04:33,14.82,0.0,2,2964,买盘
545,10:04:37,14.82,0.0,114,168948,买盘
546,10:04:40,14.82,0.0,72,106704,买盘
547,10:04:42,14.82,0.0,215,318630,买盘
548,10:04:45,14.82,0.0,50,74100,买盘
549,10:04:48,14.83,0.01,50,74104,买盘
550,10:04:51,14.82,-0.01,51,75632,卖盘
551,10:04:54,14.83,0.01,3,4449,买盘
552,10:04:57,14.83,0.0,17,25211,买盘
553,10:05:01,14.83,0.0,24,35592,买盘
554,10:05:04,14.84,0.01,2,2968,买盘
555,10:05:07,14.84,0.0,72,106806,买盘
556,10:05:09,14.84,0.0,81,120204,买盘
557,10:05:12,14.84,0.0,34,50456,买盘
558,10:05:15,14.85,0.01,3,4455,买盘
559,10:05:19,14.85,0.0,79,117291,买盘
560,10:05:21,14.85,0.0,20,29708,买盘
561,10:05:25,14.85,0.0,4,5940,买盘
562,10:05:28,14.85,0.0,15,22265,买盘
563,10:05:31,14.86,0.01,3,4457,买盘
564,10:05:33,14.86,0.0,51,75786,买盘
565,10:05:37,14.86,0.0,2,2972,买盘
566,10:05:39,14.86,0.0,39,57954,买盘
567,10:05:42,14.86,0.0,7,10402,买盘
568,10:05:45,14.87,0.01,20,29740,买盘
569,10:05:48,14.89,0.02,14,20836,买盘
570,10:05:52,14.89,0.0,6,8934,买盘
571,10:05:54,14.9,0.01,125,186165,买盘
572,10:05:58,14.89,-0.01,2,2978,中性盘
573,10:06:01,14.9,0.01,14,20852,买盘
574,10:06:04,14.91,0.01,97,144535,买盘
575,10:06:09,14.92,0.01,3,4476,买盘
576,10:06:13,14.92,0.0,52,77584,买盘
577,10:06:16,14.92,0.0,16,23872,买盘
578,10:06:19,14.92,0.0,25,37300,买盘
579,10:06:22,14.92,0.0,18,26858,卖盘
580,10:06:25,14.93,0.01,5,7465,买盘
581,10:06:28,14.92,-0.01,7,10448,卖盘
582,10:06:30,14.93,0.01,2,2986,买盘
583,10:06:34,14.93,0.0,123,183539,买盘
584,10:06:36,14.94,0.01,42,62713,买盘
585,10:06:39,14.93,-0.01,18,26874,卖盘
586,10:06:43,14.93,0.0,24,35832,买盘
587,10:06:46,14.94,0.01,49,73128,买盘
588,10:06:49,14.93,-0.01,12,17906,买盘
589,10:06:52,14.91,-0.02,70,104438,卖盘
590,10:06:54,14.93,0.02,12,17916,买盘
591,10:06:58,14.93,0.0,26,38818,买盘
592,10:07:00,14.93,0.0,147,219471,买盘
593,10:07:04,14.93,0.0,22,32848,卖盘
594,10:07:07,14.93,0.0,104,155312,卖盘
595,10:07:10,14.93,0.0,26,38818,买盘
596,10:07:13,14.94,0.01,33,49272,买盘
597,10:07:15,14.93,-0.01,25,37327,中性盘
598,10:07:19,14.93,0.0,2,2986,买盘
599,10:07:21,14.93,0.0,22,32842,买盘
600,10:07:25,14.94,0.01,66,98539,买盘
601,10:07:28,14.94,0.0,98,146267,买盘
602,10:07:31,14.94,0.0,7,10456,买盘
603,10:07:34,14.93,-0.01,25,37316,买盘
604,10:07:37,14.93,0.0,50,74612,买盘
605,10:07:39,14.92,-0.01,11,16412,买盘
606,10:07:42,14.92,0.0,17,25364,买盘
607,10:07:49,14.93,0.01,10,14930,买盘
608,10:07:51,14.93,0.0,4,5972,买盘
609,10:07:55,14.93,0.0,5,7463,买盘
610,10:07:57,14.93,0.0,103,153779,买盘
611,10:08:01,14.93,0.0,133,198351,买盘
612,10:08:04,14.93,0.0,48,71654,买盘
613,10:08:12,14.92,-0.01,16,23883,买盘
614,10:08:16,14.93,0.01,9,13436,买盘
615,10:08:19,14.91,-0.02,8,11928,卖盘
616,10:08:21,14.9,-0.01,1,1490,卖盘
617,10:08:24,14.92,0.02,11,16408,买盘
618,10:08:27,14.92,0.0,102,151957,买盘
619,10:08:30,14.92,0.0,3,4476,中性盘
620,10:08:34,14.92,0.0,3,4474,买盘
621,10:08:39,14.92,0.0,10,14920,买盘
622,10:08:42,14.92,0.0,1,1492,买盘
623,10:08:46,14.9,-0.02,12,17884,卖盘
624,10:08:48,14.92,0.02,77,114880,买盘
625,10:08:51,14.92,0.0,20,29840,卖盘
626,10:08:58,14.92,0.0,114,170100,卖盘
627,10:09:00,14.92,0.0,8,11936,卖盘
628,10:09:04,14.93,0.01,51,76096,买盘
629,10:09:06,14.93,0.0,4,5971,买盘
630,10:09:12,14.9,-0.03,15,22350,卖盘
631,10:09:15,14.93,0.03,6,8954,买盘
632,10:09:18,14.91,-0.02,4,5966,中性盘
633,10:09:21,14.92,0.01,13,19388,买盘
634,10:09:30,14.92,0.0,3,4476,买盘
635,10:09:33,14.92,0.0,12,17904,买盘
636,10:09:40,14.92,0.0,4,5968,买盘
637,10:09:45,14.91,-0.01,2,2982,卖盘
638,10:09:48,14.91,0.0,33,49203,卖盘
639,10:09:51,14.91,0.0,10,14914,卖盘
640,10:09:54,14.92,0.01,50,74600,买盘
641,10:09:57,14.92,0.0,10,14920,买盘
642,10:10:00,14.91,-0.01,50,74550,卖盘
643,10:10:04,14.92,0.01,10,14908,买盘
644,10:10:09,14.92,0.0,5,7457,买盘
645,10:10:12,14.91,-0.01,11,16406,卖盘
646,10:10:15,14.91,0.0,71,105881,卖盘
647,10:10:19,14.91,0.0,2,2982,买盘
648,10:10:22,14.91,0.0,57,84987,买盘
649,10:10:24,14.92,0.01,17,25349,买盘
650,10:10:27,14.91,-0.01,33,49203,卖盘
651,10:10:31,14.91,0.0,2,2982,买盘
652,10:10:33,14.91,0.0,3,4473,买盘
653,10:10:36,14.91,0.0,73,108843,买盘
654,10:10:46,14.92,0.01,27,40260,买盘
655,10:10:48,14.92,0.0,1,1492,买盘
656,10:10:54,14.91,-0.01,13,19387,卖盘
657,10:10:57,14.91,0.0,2,2982,买盘
658,10:11:00,14.91,0.0,1,1491,买盘
659,10:11:03,14.91,0.0,4,5964,买盘
660,10:11:06,14.9,-0.01,11,16400,卖盘
661,10:11:10,14.91,0.01,3,4473,买盘
662,10:11:13,14.91,0.0,3,4473,买盘
663,10:11:18,14.91,0.0,3,4473,买盘
664,10:11:21,14.91,0.0,2,2982,买盘
665,10:11:25,14.91,0.0,33,49203,买盘
666,10:11:27,14.91,0.0,6,8943,买盘
667,10:11:30,14.9,-0.01,63,93902,卖盘
668,10:11:33,14.91,0.01,5,7455,买盘
669,10:11:36,14.9,-0.01,93,138572,卖盘
670,10:11:39,14.89,-0.01,94,139966,卖盘
671,10:11:42,14.88,-0.01,6,8931,卖盘
672,10:11:45,14.89,0.01,5,7446,买盘
673,10:11:49,14.88,-0.01,53,78880,卖盘
674,10:11:51,14.9,0.02,8,11920,买盘
675,10:11:55,14.89,-0.01,22,32778,卖盘
676,10:11:58,14.9,0.01,200,298000,买盘
677,10:12:00,14.9,0.0,5,7450,买盘
678,10:12:04,14.9,0.0,3,4470,买盘
679,10:12:06,14.9,0.0,100,149000,买盘
680,10:12:09,14.9,0.0,49,73010,买盘
681,10:12:12,14.9,0.0,110,163900,买盘
682,10:12:15,14.89,-0.01,113,168257,卖盘
683,10:12:18,14.89,0.0,26,38714,买盘
684,10:12:27,14.89,0.0,61,90829,买盘
685,10:12:30,14.89,0.0,1,1489,卖盘
686,10:12:36,14.89,0.0,53,78919,卖盘
687,10:12:39,14.89,0.0,57,84926,卖盘
688,10:12:42,14.9,0.01,50,74500,买盘
689,10:12:45,14.9,0.0,1,1490,买盘
690,10:12:49,14.89,-0.01,116,172829,卖盘
691,10:12:52,14.9,0.01,4,5958,买盘
692,10:12:57,14.9,0.0,13,19370,买盘
693,10:13:00,14.89,-0.01,64,95298,卖盘
694,10:13:04,14.9,0.01,3,4470,买盘
695,10:13:10,14.9,0.0,5,7450,买盘
696,10:13:13,14.89,-0.01,13,19367,卖盘
697,10:13:15,14.9,0.01,4,6704,买盘
698,10:13:18,14.9,0.0,18,26820,买盘
699,10:13:21,14.9,0.0,8,11920,买盘
700,10:13:33,14.9,0.0,2,2980,买盘
701,10:13:36,14.9,0.0,329,488974,买盘
702,10:13:45,14.89,-0.01,14,20846,买盘
703,10:13:48,14.9,0.01,9,13404,买盘
704,10:13:54,14.88,-0.02,8,11908,卖盘
705,10:14:00,14.9,0.02,1,1490,买盘
706,10:14:09,14.89,-0.01,2,2978,中性盘
707,10:14:15,14.9,0.01,2,2980,买盘
708,10:14:18,14.89,-0.01,97,144433,买盘
709,10:14:24,14.9,0.01,4,5960,买盘
710,10:14:27,14.9,0.0,1,1490,买盘
711,10:14:30,14.89,-0.01,43,64068,卖盘
712,10:14:33,14.9,0.01,13,19370,买盘
713,10:14:42,14.89,-0.01,34,50627,卖盘
714,10:14:45,14.89,0.0,3,4469,卖盘
715,10:14:51,14.89,0.0,1,1489,卖盘
716,10:14:54,14.9,0.01,39,58080,买盘
717,10:14:57,14.9,0.0,2,2980,买盘
718,10:15:00,14.89,-0.01,75,111675,卖盘
719,10:15:03,14.89,0.0,2,2978,买盘
720,10:15:09,14.88,-0.01,43,63984,卖盘
721,10:15:12,14.88,0.0,2,2976,买盘
722,10:15:15,14.88,0.0,3,4464,买盘
723,10:15:18,14.88,0.0,2,2976,买盘
724,10:15:24,14.87,-0.01,34,50558,卖盘
725,10:15:27,14.88,0.01,4,5952,买盘
726,10:15:30,14.87,-0.01,284,422308,卖盘
727,10:15:33,14.86,-0.01,8,11888,卖盘
728,10:15:36,14.87,0.01,8,11889,买盘
729,10:15:40,14.87,0.0,23,34196,买盘
730,10:15:43,14.86,-0.01,35,52010,卖盘
731,10:15:45,14.85,-0.01,32,47523,卖盘
732,10:15:48,14.83,-0.02,40,59332,卖盘
733,10:15:51,14.83,0.0,5,7415,买盘
734,10:15:54,14.83,0.0,12,17796,买盘
735,10:15:57,14.83,0.0,75,111175,买盘
736,10:16:00,14.83,0.0,18,26694,买盘
737,10:16:04,14.83,0.0,24,35592,买盘
738,10:16:06,14.82,-0.01,60,88920,卖盘
739,10:16:09,14.83,0.01,25,37075,买盘
740,10:16:12,14.82,-0.01,65,96330,卖盘
741,10:16:15,14.82,0.0,13,19263,买盘
742,10:16:18,14.83,0.01,53,78574,买盘
743,10:16:22,14.83,0.0,1306,1934225,买盘
744,10:16:24,14.83,0.0,13,19279,买盘
745,10:16:28,14.8,-0.03,298,441159,卖盘
746,10:16:30,14.81,0.01,5,7401,买盘
747,10:16:33,14.8,-0.01,9,13320,买盘
748,10:16:36,14.82,0.02,8,11852,买盘
749,10:16:39,14.82,0.0,6,8892,买盘
750,10:16:42,14.82,0.0,1,1482,买盘
751,10:16:45,14.82,0.0,2,2964,买盘
752,10:16:51,14.8,-0.02,25,37000,卖盘
753,10:16:54,14.8,0.0,14,20720,买盘
754,10:16:57,14.8,0.0,11,16280,买盘
755,10:17:00,14.8,0.0,3,4440,买盘
756,10:17:06,14.81,0.01,3,4443,卖盘
757,10:17:09,14.81,0.0,2,2962,买盘
758,10:17:16,14.83,0.02,31,45945,买盘
759,10:17:27,14.83,0.0,30,44470,买盘
760,10:17:34,14.83,0.0,16,23728,买盘
761,10:17:36,14.83,0.0,13,19278,买盘
762,10:17:39,14.83,0.0,8,11864,买盘
763,10:17:45,14.82,-0.01,3,4446,卖盘
764,10:17:49,14.83,0.01,3,4449,买盘
765,10:17:52,14.83,0.0,2,2966,买盘
766,10:17:57,14.83,0.0,25,37075,买盘
767,10:18:00,14.83,0.0,5,7415,买盘
768,10:18:03,14.83,0.0,24,35592,买盘
769,10:18:06,14.83,0.0,53,78599,买盘
770,10:18:10,14.83,0.0,45,66735,买盘
771,10:18:24,14.85,0.02,14,20790,买盘
772,10:18:27,14.85,0.0,2,2970,买盘
773,10:18:33,14.85,0.0,31,46005,买盘
774,10:18:36,14.83,-0.02,123,182449,卖盘
775,10:18:39,14.85,0.02,2,2970,买盘
776,10:18:42,14.85,0.0,50,74250,买盘
777,10:18:51,14.85,0.0,88,130680,买盘
778,10:18:54,14.85,0.0,5,7425,买盘
779,10:19:00,14.81,-0.04,1007,1492978,卖盘
780,10:19:04,14.85,0.04,5,7425,买盘
781,10:19:06,14.85,0.0,7,10395,买盘
782,10:19:09,14.84,-0.01,12,17810,卖盘
783,10:19:12,14.86,0.02,174,258492,买盘
784,10:19:15,14.86,0.0,5,7418,买盘
785,10:19:22,14.85,-0.01,4,5940,买盘
786,10:19:30,14.85,0.0,10,14850,买盘
787,10:19:33,14.86,0.01,24,35648,买盘
788,10:19:39,14.86,0.0,3,4458,买盘
789,10:19:42,14.86,0.0,1,1486,买盘
790,10:19:49,14.86,0.0,48,71328,买盘
791,10:19:51,14.85,-0.01,2,2971,卖盘
792,10:19:54,14.85,0.0,19,28215,卖盘
793,10:19:57,14.81,-0.04,501,742400,卖盘
794,10:20:00,14.85,0.04,3,4455,买盘
795,10:20:06,14.85,0.0,2,2970,买盘
796,10:20:09,14.85,0.0,1,1485,买盘
797,10:20:13,14.8,-0.05,318,471007,卖盘
798,10:20:15,14.85,0.05,3,4455,买盘
799,10:20:21,14.84,-0.01,1,1484,卖盘
800,10:20:24,14.85,0.01,2,2970,买盘
801,10:20:34,14.82,-0.03,35,51922,卖盘
802,10:20:36,14.81,-0.01,31,45913,卖盘
803,10:20:39,14.81,0.0,11,16291,买盘
804,10:20:42,14.82,0.01,3,4446,买盘
805,10:20:45,14.81,-0.01,24,35545,卖盘
806,10:20:48,14.82,0.01,6,8892,买盘
807,10:20:54,14.81,-0.01,33,48876,卖盘
808,10:21:00,14.84,0.03,3,4452,买盘
809,10:21:12,14.84,0.0,2,2968,买盘
810,10:21:16,14.85,0.01,2,2969,买盘
811,10:21:18,14.84,-0.01,2,2969,卖盘
812,10:21:21,14.85,0.01,9,13364,买盘
813,10:21:31,14.85,0.0,2,2970,买盘
814,10:21:33,14.85,0.0,3,4455,买盘
815,10:21:39,14.85,0.0,30,44550,买盘
816,10:21:42,14.85,0.0,5,7425,买盘
817,10:21:45,14.85,0.0,2,2970,买盘
818,10:21:48,14.84,-0.01,31,46005,卖盘
819,10:21:51,14.85,0.01,12,17820,买盘
820,10:22:04,14.85,0.0,2,2970,买盘
821,10:22:06,14.85,0.0,12,17820,买盘
822,10:22:15,14.84,-0.01,3,4452,卖盘
823,10:22:18,14.85,0.01,1,1485,买盘
824,10:22:21,14.84,-0.01,1,1484,卖盘
825,10:22:25,14.85,0.01,15,22275,买盘
826,10:22:30,14.85,0.0,17,25245,买盘
827,10:22:33,14.8,-0.05,510,755691,卖盘
828,10:22:36,14.85,0.05,20,29700,买盘
829,10:22:39,14.84,-0.01,6,8904,卖盘
830,10:22:45,14.83,-0.01,2,2966,卖盘
831,10:22:48,14.83,0.0,2,2966,买盘
832,10:23:00,14.83,0.0,22,32626,买盘
833,10:23:06,14.81,-0.02,21,31101,卖盘
834,10:23:09,14.83,0.02,10,14818,买盘
835,10:23:12,14.8,-0.03,495,732633,卖盘
836,10:23:15,14.8,0.0,10,14800,买盘
837,10:23:18,14.8,0.0,25,37000,买盘
838,10:23:25,14.83,0.03,6,8898,买盘
839,10:23:34,14.83,0.0,2,2966,买盘
840,10:23:39,14.81,-0.02,23,34069,卖盘
841,10:23:45,14.81,0.0,3,4443,卖盘
842,10:23:48,14.82,0.01,7,10378,买盘
843,10:23:51,14.82,0.0,6,8892,买盘
844,10:24:00,14.83,0.01,17,25211,买盘
845,10:24:04,14.83,0.0,1,1483,买盘
846,10:24:06,14.83,0.0,2,2966,买盘
847,10:24:09,14.83,0.0,3,4449,买盘
848,10:24:12,14.83,0.0,3,4449,买盘
849,10:24:21,14.83,0.0,3,4449,买盘
850,10:24:24,14.83,0.0,2,2966,买盘
851,10:24:27,14.82,-0.01,10,14823,卖盘
852,10:24:33,14.82,0.0,9,13338,买盘
853,10:24:42,14.82,0.0,16,23712,买盘
854,10:24:45,14.82,0.0,8,11858,卖盘
855,10:24:57,14.83,0.01,35,51905,买盘
856,10:25:00,14.82,-0.01,1,1482,卖盘
857,10:25:04,14.83,0.01,10,14826,买盘
858,10:25:06,14.83,0.0,143,212069,买盘
859,10:25:12,14.84,0.01,8,11872,买盘
860,10:25:15,14.83,-0.01,6,8900,卖盘
861,10:25:24,14.84,0.01,12,17808,买盘
862,10:25:30,14.84,0.0,144,213696,买盘
863,10:25:39,14.85,0.01,2,2970,买盘
864,10:25:42,14.85,0.0,1,1485,买盘
865,10:25:46,14.85,0.0,10,14850,买盘
866,10:25:48,14.85,0.0,2,2970,买盘
867,10:25:51,14.85,0.0,8,11880,买盘
868,10:25:57,14.85,0.0,193,286605,买盘
869,10:26:00,14.84,-0.01,50,74200,卖盘
870,10:26:04,14.85,0.01,2,2970,买盘
871,10:26:06,14.84,-0.01,23,34134,卖盘
872,10:26:15,14.84,0.0,16,23744,买盘
873,10:26:22,14.84,0.0,11,16324,买盘
874,10:26:24,14.86,0.02,3,4456,买盘
875,10:26:36,14.85,-0.01,16,23760,买盘
876,10:26:39,14.85,0.0,5,7425,买盘
877,10:26:45,14.84,-0.01,3,4452,卖盘
878,10:26:57,14.85,0.01,4,5940,买盘
879,10:27:10,14.85,0.0,3,4455,买盘
880,10:27:13,14.86,0.01,11,16343,买盘
881,10:27:21,14.86,0.0,4,5944,买盘
882,10:27:24,14.86,0.0,34,50955,买盘
883,10:27:27,14.87,0.01,1,1487,买盘
884,10:27:30,14.87,0.0,69,102536,买盘
885,10:27:33,14.87,0.0,4,5948,买盘
886,10:27:36,14.86,-0.01,10,14860,卖盘
887,10:27:42,14.87,0.01,1,1487,买盘
888,10:27:48,14.87,0.0,2,2974,买盘
889,10:27:51,14.86,-0.01,66,98076,卖盘
890,10:27:54,14.87,0.01,9,13383,买盘
891,10:27:57,14.87,0.0,3,4461,买盘
892,10:28:00,14.87,0.0,3,4461,买盘
893,10:28:06,14.87,0.0,2,2974,买盘
894,10:28:12,14.87,0.0,2,2974,买盘
895,10:28:15,14.87,0.0,68,101116,买盘
896,10:28:18,14.87,0.0,3,4461,卖盘
897,10:28:24,14.88,0.01,2,2976,买盘
898,10:28:27,14.88,0.0,1,1488,买盘
899,10:28:31,14.87,-0.01,9,13383,卖盘
900,10:28:39,14.88,0.01,2,2976,买盘
901,10:28:45,14.88,0.0,1,1488,买盘
902,10:28:51,14.88,0.0,5,7440,买盘
903,10:28:58,14.88,0.0,21,31248,买盘
904,10:29:00,14.88,0.0,8,11904,买盘
905,10:29:04,14.88,0.0,7,10416,买盘
906,10:29:09,14.88,0.0,1,1488,买盘
907,10:29:12,14.87,-0.01,135,200745,卖盘
908,10:29:15,14.86,-0.01,7,10402,卖盘
909,10:29:24,14.86,0.0,145,215470,买盘
910,10:29:30,14.86,0.0,2,2972,买盘
911,10:29:42,14.84,-0.02,21,31165,卖盘
912,10:29:48,14.85,0.01,5,7422,买盘
913,10:29:54,14.86,0.01,10,14851,买盘
914,10:29:57,14.84,-0.02,10,14840,卖盘
915,10:30:03,14.86,0.02,2,2972,买盘
916,10:30:09,14.85,-0.01,20,29700,卖盘
917,10:30:12,14.85,0.0,8,11880,卖盘
918,10:30:15,14.8,-0.05,500,740484,卖盘
919,10:30:21,14.85,0.05,3,4455,买盘
920,10:30:30,14.85,0.0,3,4455,买盘
921,10:30:39,14.84,-0.01,2,2968,买盘
922,10:30:46,14.84,0.0,8,11872,买盘
923,10:30:48,14.85,0.01,3,4455,买盘
924,10:30:51,14.85,0.0,4,5937,买盘
925,10:30:54,14.85,0.0,11,16335,买盘
926,10:30:57,14.84,-0.01,13,19292,卖盘
927,10:31:00,14.84,0.0,3,4452,买盘
928,10:31:03,14.84,0.0,6,8904,买盘
929,10:31:10,14.84,0.0,5,7420,买盘
930,10:31:12,14.84,0.0,2,2968,买盘
931,10:31:18,14.84,0.0,4,5927,买盘
932,10:31:30,14.84,0.0,2,2968,买盘
933,10:31:45,14.84,0.0,3,4452,买盘
934,10:32:04,14.84,0.0,4,5936,买盘
935,10:32:07,14.84,0.0,1,1484,买盘
936,10:32:09,14.82,-0.02,5,7411,卖盘
937,10:32:12,14.84,0.02,1,1484,买盘
938,10:32:15,14.84,0.0,4,5936,买盘
939,10:32:18,14.84,0.0,3,4452,买盘
940,10:32:27,14.84,0.0,2,2968,买盘
941,10:32:30,14.83,-0.01,7,10381,卖盘
942,10:32:33,14.83,0.0,1,1483,买盘
943,10:32:36,14.83,0.0,2,2966,买盘
944,10:32:39,14.83,0.0,24,35592,买盘
945,10:32:48,14.82,-0.01,3,4446,卖盘
946,10:32:51,14.83,0.01,12,17796,买盘
947,10:32:54,14.83,0.0,2,2966,买盘
948,10:33:00,14.82,-0.01,10,14820,卖盘
949,10:33:12,14.83,0.01,6,8898,买盘
950,10:33:27,14.83,0.0,2,2966,买盘
951,10:33:34,14.83,0.0,3,4449,买盘
952,10:33:46,14.83,0.0,12,17796,买盘
953,10:33:48,14.82,-0.01,12,17784,卖盘
954,10:33:57,14.83,0.01,19,28169,买盘
955,10:34:03,14.84,0.01,1,1484,买盘
956,10:34:18,14.84,0.0,6,8901,买盘
957,10:34:24,14.84,0.0,7,10388,买盘
958,10:34:36,14.84,0.0,2,2968,买盘
959,10:34:39,14.84,0.0,1,1484,买盘
960,10:34:42,14.84,0.0,8,11872,买盘
961,10:34:48,14.84,0.0,7,10388,买盘
962,10:34:52,14.84,0.0,3,4452,买盘
963,10:34:54,14.85,0.01,1,1485,买盘
964,10:35:06,14.85,0.0,6,8907,买盘
965,10:35:09,14.85,0.0,4,5940,买盘
966,10:35:15,14.85,0.0,25,37125,买盘
967,10:35:21,14.84,-0.01,1,1484,卖盘
968,10:35:27,14.85,0.01,1,1485,买盘
969,10:35:31,14.85,0.0,3,4455,买盘
970,10:35:36,14.84,-0.01,198,293832,卖盘
971,10:35:39,14.8,-0.04,500,740825,卖盘
972,10:35:42,14.83,0.03,10,14830,买盘
973,10:35:45,14.83,0.0,2,2966,买盘
974,10:35:48,14.8,-0.03,12,17787,卖盘
975,10:36:00,14.83,0.03,4,5932,买盘
976,10:36:03,14.83,0.0,12,17796,买盘
977,10:36:12,14.8,-0.03,493,729644,卖盘
978,10:36:15,14.78,-0.02,251,371103,卖盘
979,10:36:18,14.78,0.0,12,17736,买盘
980,10:36:21,14.78,0.0,5,7390,买盘
981,10:36:24,14.83,0.05,16,23668,买盘
982,10:36:27,14.75,-0.08,320,472375,卖盘
983,10:36:30,14.78,0.03,44,65032,卖盘
984,10:36:33,14.77,-0.01,3,4431,卖盘
985,10:36:36,14.8,0.03,10,14788,买盘
986,10:36:42,14.8,0.0,5,7400,买盘
987,10:36:51,14.79,-0.01,2,2958,买盘
988,10:37:00,14.77,-0.02,11,16248,卖盘
989,10:37:03,14.78,0.01,7,10346,买盘
990,10:37:06,14.78,0.0,16,23648,买盘
991,10:37:09,14.78,0.0,1,1478,买盘
992,10:37:15,14.78,0.0,25,36950,买盘
993,10:37:24,14.78,0.0,71,104938,卖盘
994,10:37:27,14.77,-0.01,14,20690,卖盘
995,10:37:30,14.78,0.01,6,8868,买盘
996,10:37:33,14.77,-0.01,29,42833,卖盘
997,10:37:36,14.77,0.0,1,1477,买盘
998,10:37:43,14.76,-0.01,102,150562,卖盘
999,10:37:45,14.76,0.0,3,4428,买盘
1000,10:37:48,14.76,0.0,18,26568,买盘
1001,10:37:51,14.76,0.0,122,180072,买盘
1002,10:38:00,14.78,0.02,7,10346,买盘
1003,10:38:04,14.77,-0.01,1,1477,卖盘
1004,10:38:09,14.77,0.0,4,5908,卖盘
1005,10:38:12,14.78,0.01,34,50231,买盘
1006,10:38:15,14.76,-0.02,4,5904,卖盘
1007,10:38:18,14.78,0.02,2,2956,买盘
1008,10:38:24,14.78,0.0,4,5912,买盘
1009,10:38:30,14.78,0.0,3,4434,买盘
1010,10:38:34,14.78,0.0,8,11823,买盘
1011,10:38:36,14.78,0.0,9,13302,买盘
1012,10:38:39,14.8,0.02,288,425980,买盘
1013,10:38:48,14.81,0.01,16,23696,买盘
1014,10:38:51,14.81,0.0,2,2962,买盘
1015,10:39:00,14.81,0.0,3,4443,买盘
1016,10:39:06,14.81,0.0,3,4443,买盘
1017,10:39:09,14.81,0.0,10,14810,买盘
1018,10:39:12,14.8,-0.01,210,310800,卖盘
1019,10:39:16,14.81,0.01,13,19241,买盘
1020,10:39:18,14.8,-0.01,9,13320,卖盘
1021,10:39:22,14.8,0.0,129,190920,卖盘
1022,10:39:24,14.81,0.01,41,60682,买盘
1023,10:39:27,14.81,0.0,137,202763,买盘
1024,10:39:30,14.8,-0.01,20,29600,中性盘
1025,10:39:37,14.81,0.01,97,143644,买盘
1026,10:39:42,14.8,-0.01,2,2960,买盘
1027,10:39:48,14.78,-0.02,16,23648,卖盘
1028,10:39:51,14.78,0.0,103,152134,买盘
1029,10:39:54,14.76,-0.02,457,674540,卖盘
1030,10:39:58,14.76,0.0,2,2952,买盘
1031,10:40:01,14.76,0.0,208,306802,买盘
1032,10:40:04,14.74,-0.02,4,5896,卖盘
1033,10:40:06,14.76,0.02,260,383137,买盘
1034,10:40:12,14.73,-0.03,30,44191,卖盘
1035,10:40:18,14.7,-0.03,774,1138531,卖盘
1036,10:40:22,14.78,0.08,6,8868,买盘
1037,10:40:27,14.76,-0.02,9,13300,卖盘
1038,10:40:30,14.76,0.0,4,5904,卖盘
1039,10:40:33,14.74,-0.02,10,14742,卖盘
1040,10:40:36,14.78,0.04,13,19214,买盘
1041,10:40:42,14.78,0.0,1,1478,买盘
1042,10:40:51,14.78,0.0,2,2956,买盘
1043,10:40:54,14.76,-0.02,3,4428,卖盘
1044,10:40:57,14.76,0.0,10,14760,买盘
1045,10:41:04,14.76,0.0,5,7380,买盘
1046,10:41:09,14.76,0.0,14,20655,买盘
1047,10:41:18,14.76,0.0,17,25092,买盘
1048,10:41:24,14.78,0.02,2,2956,买盘
1049,10:41:30,14.79,0.01,28,41404,买盘
1050,10:41:37,14.8,0.01,120,177600,买盘
1051,10:41:40,14.8,0.0,51,75480,买盘
1052,10:41:42,14.8,0.0,50,74000,买盘
1053,10:41:46,14.81,0.01,4,5924,买盘
1054,10:41:48,14.81,0.0,1,1481,买盘
1055,10:41:51,14.81,0.0,91,135512,买盘
1056,10:41:57,14.81,0.0,30,44430,卖盘
1057,10:42:04,14.85,0.04,43,63835,买盘
1058,10:42:06,14.83,-0.02,7,10381,卖盘
1059,10:42:15,14.83,0.0,74,109742,买盘
1060,10:42:18,14.85,0.02,9,13365,买盘
1061,10:42:24,14.83,-0.02,22,32626,卖盘
1062,10:42:27,14.85,0.02,10,14850,买盘
1063,10:42:30,14.85,0.0,54,80190,买盘
1064,10:42:33,14.86,0.01,3,4458,买盘
1065,10:42:36,14.86,0.0,3,4458,买盘
1066,10:42:39,14.86,0.0,22,32687,买盘
1067,10:42:42,14.86,0.0,63,93618,买盘
1068,10:42:45,14.87,0.01,4,5948,买盘
1069,10:42:51,14.87,0.0,3,4461,买盘
1070,10:42:54,14.87,0.0,1,1487,买盘
1071,10:43:00,14.87,0.0,100,148700,买盘
1072,10:43:03,14.87,0.0,14,20817,买盘
1073,10:43:06,14.87,0.0,70,104090,买盘
1074,10:43:10,14.87,0.0,2,2974,买盘
1075,10:43:12,14.86,-0.01,49,72814,卖盘
1076,10:43:16,14.86,0.0,1,1486,卖盘
1077,10:43:18,14.85,-0.01,126,187110,卖盘
1078,10:43:24,14.86,0.01,2,2972,买盘
1079,10:43:28,14.86,0.0,3,4458,买盘
1080,10:43:39,14.86,0.0,3,4458,买盘
1081,10:43:42,14.86,0.0,2,2972,买盘
1082,10:43:57,14.86,0.0,2,2972,买盘
1083,10:44:00,14.86,0.0,137,203572,买盘
1084,10:44:04,14.86,0.0,4,5944,卖盘
1085,10:44:12,14.87,0.01,73,108481,买盘
1086,10:44:15,14.86,-0.01,5,7432,卖盘
1087,10:44:18,14.87,0.01,8,11892,买盘
1088,10:44:24,14.87,0.0,5,7435,买盘
1089,10:44:33,14.87,0.0,2,2974,买盘
1090,10:44:36,14.87,0.0,3,4461,买盘
1091,10:44:39,14.87,0.0,7,10409,买盘
1092,10:44:45,14.87,0.0,15,22305,买盘
1093,10:44:48,14.87,0.0,2,2974,买盘
1094,10:44:51,14.87,0.0,30,44610,买盘
1095,10:45:01,14.87,0.0,9,13383,买盘
1096,10:45:06,14.87,0.0,13,19331,买盘
1097,10:45:15,14.87,0.0,37,55019,买盘
1098,10:45:21,14.86,-0.01,4,5944,卖盘
1099,10:45:24,14.87,0.01,1,1487,买盘
1100,10:45:27,14.86,-0.01,4,5944,卖盘
1101,10:45:30,14.86,0.0,1,1486,买盘
1102,10:45:34,14.86,0.0,1,1486,买盘
1103,10:45:36,14.85,-0.01,1,1485,卖盘
1104,10:45:39,14.86,0.01,2,2972,买盘
1105,10:45:45,14.85,-0.01,36,53460,卖盘
1106,10:45:57,14.85,0.0,2,2970,买盘
1107,10:46:04,14.84,-0.01,3,4452,卖盘
1108,10:46:07,14.85,0.01,8,11880,买盘
1109,10:46:09,14.84,-0.01,27,40068,卖盘
1110,10:46:15,14.84,0.0,2,2968,买盘
1111,10:46:30,14.84,0.0,3,4452,买盘
1112,10:46:33,14.85,0.01,15,22260,买盘
1113,10:46:48,14.85,0.0,2,2970,买盘
1114,10:46:54,14.86,0.01,52,77251,买盘
1115,10:46:57,14.86,0.0,4,5944,卖盘
1116,10:47:03,14.86,0.0,4,5944,卖盘
1117,10:47:06,14.86,0.0,2,2972,买盘
1118,10:47:16,14.85,-0.01,2,2970,中性盘
1119,10:47:24,14.85,0.0,2,2970,买盘
1120,10:47:27,14.85,0.0,5,7425,买盘
1121,10:47:30,14.85,0.0,7,10399,买盘
1122,10:47:33,14.85,0.0,5,7422,买盘
1123,10:47:39,14.86,0.01,2,2972,买盘
1124,10:47:48,14.86,0.0,14,20804,买盘
1125,10:47:57,14.87,0.01,2,2974,买盘
1126,10:48:00,14.88,0.01,99,147221,买盘
1127,10:48:04,14.87,-0.01,3,4461,卖盘
1128,10:48:09,14.88,0.01,24,35708,买盘
1129,10:48:12,14.88,0.0,2,2976,买盘
1130,10:48:15,14.88,0.0,2,2976,买盘
1131,10:48:18,14.88,0.0,2,2976,买盘
1132,10:48:24,14.88,0.0,53,78864,买盘
1133,10:48:30,14.88,0.0,12,17856,买盘
1134,10:48:36,14.88,0.0,16,23808,买盘
1135,10:48:39,14.88,0.0,25,37200,买盘
1136,10:48:49,14.89,0.01,2,2978,买盘
1137,10:48:52,14.89,0.0,10,14890,买盘
1138,10:48:55,14.88,-0.01,3,4465,卖盘
1139,10:48:57,14.88,0.0,1,1488,卖盘
1140,10:49:04,14.89,0.01,2,2978,买盘
1141,10:49:06,14.88,-0.01,54,80352,卖盘
1142,10:49:12,14.88,0.0,67,99695,买盘
1143,10:49:18,14.86,-0.02,30,44592,卖盘
1144,10:49:21,14.89,0.03,10,14888,买盘
1145,10:49:27,14.88,-0.01,39,58066,卖盘
1146,10:49:39,14.88,0.0,3,4464,买盘
1147,10:49:42,14.86,-0.02,2,2972,卖盘
1148,10:49:45,14.86,0.0,4,5944,买盘
1149,10:49:54,14.86,0.0,1,1486,买盘
1150,10:50:00,14.88,0.02,8,11895,买盘
1151,10:50:03,14.86,-0.02,5,7430,中性盘
1152,10:50:12,14.88,0.02,2,2976,买盘
1153,10:50:18,14.88,0.0,1,1488,买盘
1154,10:50:30,14.87,-0.01,2,2974,买盘
1155,10:50:45,14.87,0.0,2,2974,买盘
1156,10:51:00,14.87,0.0,6,8922,买盘
1157,10:51:03,14.87,0.0,2,2974,买盘
1158,10:51:13,14.87,0.0,16,23792,买盘
1159,10:51:21,14.88,0.01,2,2976,买盘
1160,10:51:30,14.88,0.0,13,19344,买盘
1161,10:51:36,14.88,0.0,94,139872,买盘
1162,10:51:51,14.88,0.0,108,160704,卖盘
1163,10:51:54,14.88,0.0,10,14880,买盘
1164,10:52:04,14.87,-0.01,24,35688,卖盘
1165,10:52:06,14.87,0.0,7,10409,买盘
1166,10:52:12,14.87,0.0,1,1487,买盘
1167,10:52:24,14.87,0.0,16,23792,卖盘
1168,10:52:27,14.87,0.0,17,25281,卖盘
1169,10:52:42,14.86,-0.01,50,74300,卖盘
1170,10:52:45,14.87,0.01,8,11896,买盘
1171,10:53:04,14.87,0.0,1,1487,买盘
1172,10:53:07,14.86,-0.01,10,14860,卖盘
1173,10:53:15,14.87,0.01,20,29740,买盘
1174,10:53:18,14.87,0.0,18,26751,买盘
1175,10:53:21,14.87,0.0,55,81785,买盘
1176,10:53:24,14.86,-0.01,10,14860,卖盘
1177,10:53:33,14.86,0.0,8,11888,卖盘
1178,10:53:36,14.87,0.01,109,162083,买盘
1179,10:53:39,14.87,0.0,3,4461,卖盘
1180,10:53:42,14.88,0.01,17,25296,买盘
1181,10:53:45,14.88,0.0,75,111600,买盘
1182,10:53:48,14.89,0.01,50,74450,买盘
1183,10:53:51,14.88,-0.01,20,29765,卖盘
1184,10:53:54,14.89,0.01,99,147408,买盘
1185,10:53:57,14.89,0.0,2,2978,买盘
1186,10:54:04,14.89,0.0,4,5956,卖盘
1187,10:54:12,14.9,0.01,5,7450,买盘
1188,10:54:15,14.9,0.0,4,5960,买盘
1189,10:54:21,14.91,0.01,300,447135,买盘
1190,10:54:27,14.91,0.0,2,2982,买盘
1191,10:54:30,14.91,0.0,9,13419,买盘
1192,10:54:43,14.89,-0.02,6,8934,卖盘
1193,10:54:45,14.91,0.02,2,2980,买盘
1194,10:54:51,14.89,-0.02,60,89350,卖盘
1195,10:54:55,14.89,0.0,2,2978,买盘
1196,10:54:58,14.89,0.0,10,14890,买盘
1197,10:55:00,14.88,-0.01,23,34224,卖盘
1198,10:55:04,14.88,0.0,7,10416,买盘
1199,10:55:15,14.88,0.0,69,102672,买盘
1200,10:55:18,14.89,0.01,2,2978,买盘
1201,10:55:21,14.88,-0.01,20,29760,卖盘
1202,10:55:36,14.89,0.01,2,2978,买盘
1203,10:55:39,14.89,0.0,13,19357,买盘
1204,10:55:42,14.89,0.0,1,1489,买盘
1205,10:55:54,14.89,0.0,2,2978,买盘
1206,10:56:00,14.89,0.0,10,14890,买盘
1207,10:56:03,14.88,-0.01,5,7440,卖盘
1208,10:56:10,14.9,0.02,296,440771,买盘
1209,10:56:12,14.88,-0.02,16,23818,卖盘
1210,10:56:18,14.91,0.03,10,14898,买盘
1211,10:56:25,14.9,-0.01,20,29800,买盘
1212,10:56:28,14.9,0.0,3,4470,买盘
1213,10:56:30,14.9,0.0,12,17880,买盘
1214,10:56:36,14.88,-0.02,2,2976,卖盘
1215,10:56:39,14.88,0.0,50,74400,卖盘
1216,10:56:42,14.88,0.0,9,13400,卖盘
1217,10:56:45,14.88,0.0,2,2977,卖盘
1218,10:56:48,14.89,0.01,5,7445,买盘
1219,10:56:52,14.89,0.0,40,59560,买盘
1220,10:56:57,14.88,-0.01,14,20832,卖盘
1221,10:57:00,14.89,0.01,3,4467,买盘
1222,10:57:04,14.89,0.0,77,114620,买盘
1223,10:57:12,14.89,0.0,58,86256,买盘
1224,10:57:18,14.89,0.0,9,13401,买盘
1225,10:57:34,14.89,0.0,3,4467,买盘
1226,10:57:36,14.89,0.0,8,11912,买盘
1227,10:57:51,14.88,-0.01,2,2976,买盘
1228,10:57:57,14.88,0.0,4,5952,买盘
1229,10:58:00,14.88,0.0,1,1488,买盘
1230,10:58:04,14.87,-0.01,15,22305,卖盘
1231,10:58:09,14.88,0.01,2,2976,买盘
1232,10:58:12,14.88,0.0,10,14880,买盘
1233,10:58:21,14.87,-0.01,20,29740,卖盘
1234,10:58:24,14.88,0.01,2,2976,买盘
1235,10:58:30,14.88,0.0,12,17856,买盘
1236,10:58:36,14.87,-0.01,46,68406,卖盘
1237,10:58:42,14.88,0.01,1,1488,买盘
1238,10:58:45,14.89,0.01,172,255996,买盘
1239,10:58:48,14.9,0.01,1,1490,买盘
1240,10:59:00,14.9,0.0,2,2980,买盘
1241,10:59:04,14.9,0.0,4,5960,买盘
1242,10:59:12,14.89,-0.01,10,14890,卖盘
1243,10:59:16,14.9,0.01,2,2980,买盘
1244,10:59:21,14.9,0.0,6,8940,买盘
1245,10:59:24,14.9,0.0,11,16390,买盘
1246,10:59:27,14.9,0.0,8,11920,买盘
1247,10:59:33,14.9,0.0,2,2980,买盘
1248,10:59:36,14.89,-0.01,10,14890,卖盘
1249,10:59:45,14.9,0.01,1,1490,买盘
1250,10:59:51,14.9,0.0,17,25315,买盘
1251,10:59:54,14.89,-0.01,20,29780,卖盘
1252,11:00:01,14.9,0.01,1,1490,买盘
1253,11:00:07,14.89,-0.01,4,5956,卖盘
1254,11:00:10,14.9,0.01,20,29800,买盘
1255,11:00:12,14.9,0.0,4,5960,买盘
1256,11:00:15,14.89,-0.01,1,1489,卖盘
1257,11:00:18,14.89,0.0,60,89340,卖盘
1258,11:00:21,14.89,0.0,78,116142,卖盘
1259,11:00:25,14.89,0.0,2,2978,买盘
1260,11:00:42,14.89,0.0,2,2978,买盘
1261,11:00:51,14.88,-0.01,2,2976,卖盘
1262,11:00:55,14.88,0.0,1,1488,买盘
1263,11:01:00,14.88,0.0,2,2976,买盘
1264,11:01:06,14.88,0.0,8,11904,买盘
1265,11:01:15,14.88,0.0,3,4464,买盘
1266,11:01:21,14.89,0.01,12,17868,买盘
1267,11:01:33,14.89,0.0,2,2978,买盘
1268,11:01:36,14.87,-0.02,43,63941,卖盘
1269,11:01:48,14.87,0.0,10,14870,卖盘
1270,11:01:51,14.87,0.0,2,2974,买盘
1271,11:02:03,14.87,0.0,22,32712,买盘
1272,11:02:06,14.86,-0.01,4,5944,卖盘
1273,11:02:09,14.87,0.01,2,2974,买盘
1274,11:02:18,14.86,-0.01,20,29720,卖盘
1275,11:02:21,14.87,0.01,25,37175,买盘
1276,11:02:24,14.87,0.0,2,2974,买盘
1277,11:02:42,14.87,0.0,2,2974,买盘
1278,11:02:45,14.87,0.0,6,8922,买盘
1279,11:02:51,14.87,0.0,4,5948,买盘
1280,11:02:54,14.87,0.0,104,154648,买盘
1281,11:03:00,14.89,0.02,2,2978,买盘
1282,11:03:15,14.89,0.0,2,2978,买盘
1283,11:03:22,14.89,0.0,8,11912,买盘
1284,11:03:24,14.89,0.0,3,4467,买盘
1285,11:03:30,14.89,0.0,50,74450,买盘
1286,11:03:33,14.89,0.0,2,2978,买盘
1287,11:03:48,14.89,0.0,2,2978,买盘
1288,11:04:06,14.89,0.0,4,5954,买盘
1289,11:04:09,14.88,-0.01,2,2976,卖盘
1290,11:04:12,14.89,0.01,12,17868,买盘
1291,11:04:24,14.88,-0.01,4,5954,卖盘
1292,11:04:27,14.89,0.01,1,1489,买盘
1293,11:04:30,14.88,-0.01,12,17856,卖盘
1294,11:04:39,14.88,0.0,181,269328,卖盘
1295,11:04:42,14.87,-0.01,7,10414,卖盘
1296,11:04:45,14.87,0.0,3,4461,卖盘
1297,11:04:57,14.87,0.0,4,5950,卖盘
1298,11:05:12,14.88,0.01,175,260400,买盘
1299,11:05:15,14.88,0.0,12,17856,买盘
1300,11:05:19,14.87,-0.01,35,52058,卖盘
1301,11:05:22,14.88,0.01,32,47616,买盘
1302,11:05:27,14.87,-0.01,30,44628,卖盘
1303,11:05:30,14.89,0.02,2,2978,买盘
1304,11:05:33,14.86,-0.03,122,181358,卖盘
1305,11:05:42,14.88,0.02,2,2976,卖盘
1306,11:05:48,14.86,-0.02,78,115912,卖盘
1307,11:05:51,14.86,0.0,4,5944,买盘
1308,11:05:54,14.86,0.0,5,7430,买盘
1309,11:06:06,14.85,-0.01,55,81677,卖盘
1310,11:06:09,14.86,0.01,4,5944,买盘
1311,11:06:21,14.88,0.02,2,2976,买盘
1312,11:06:27,14.86,-0.02,6,8924,中性盘
1313,11:06:30,14.86,0.0,2,2972,卖盘
1314,11:06:33,14.87,0.01,10,14869,买盘
1315,11:06:39,14.87,0.0,2,2974,买盘
1316,11:06:57,14.87,0.0,2,2973,买盘
1317,11:07:06,14.85,-0.02,80,118800,卖盘
1318,11:07:09,14.87,0.02,8,11891,买盘
1319,11:07:15,14.87,0.0,3,4461,买盘
1320,11:07:24,14.87,0.0,20,29740,买盘
1321,11:07:27,14.87,0.0,40,59480,买盘
1322,11:07:30,14.87,0.0,17,24514,买盘
1323,11:07:39,14.87,0.0,5,7435,买盘
1324,11:07:42,14.85,-0.02,132,196762,卖盘
1325,11:07:48,14.85,0.0,2,2970,买盘
1326,11:07:58,14.85,0.0,3,4455,买盘
1327,11:08:06,14.84,-0.01,6,8907,卖盘
1328,11:08:21,14.85,0.01,2,2970,买盘
1329,11:08:24,14.85,0.0,145,214522,买盘
1330,11:08:27,14.85,0.0,3,4455,卖盘
1331,11:08:33,14.84,-0.01,95,141734,卖盘
1332,11:08:39,14.85,0.01,2,2970,买盘
1333,11:08:42,14.84,-0.01,54,80140,卖盘
1334,11:08:45,14.85,0.01,4,5940,买盘
1335,11:08:57,14.85,0.0,29,42322,买盘
1336,11:09:04,14.85,0.0,14,20798,卖盘
1337,11:09:12,14.85,0.0,19,28958,卖盘
1338,11:09:28,14.84,-0.01,1,1484,卖盘
1339,11:09:30,14.84,0.0,113,167693,卖盘
1340,11:09:45,14.83,-0.01,10,14830,卖盘
1341,11:09:48,14.84,0.01,3,4452,买盘
1342,11:09:51,14.84,0.0,4,5936,买盘
1343,11:09:54,14.84,0.0,12,17802,买盘
1344,11:10:04,14.85,0.01,2,2970,买盘
1345,11:10:06,14.85,0.0,3,4455,买盘
1346,11:10:09,14.83,-0.02,40,59353,卖盘
1347,11:10:21,14.83,0.0,94,139406,卖盘
1348,11:10:27,14.85,0.02,3,4455,买盘
1349,11:10:39,14.83,-0.02,60,88993,卖盘
1350,11:10:42,14.83,0.0,43,63769,买盘
1351,11:10:51,14.83,0.0,4,5932,卖盘
1352,11:10:54,14.85,0.02,11,16335,买盘
1353,11:11:09,14.83,-0.02,2,2966,卖盘
1354,11:11:12,14.85,0.02,9,13365,买盘
1355,11:11:15,14.85,0.0,4,5940,买盘
1356,11:11:24,14.85,0.0,8,11880,买盘
1357,11:11:27,14.85,0.0,1,1485,买盘
1358,11:11:30,14.85,0.0,10,14850,买盘
1359,11:11:39,14.85,0.0,24,35640,买盘
1360,11:11:46,14.83,-0.02,7,10384,卖盘
1361,11:12:00,14.84,0.01,3,4452,买盘
1362,11:12:03,14.84,0.0,2,2968,买盘
1363,11:12:06,14.83,-0.01,4,5932,卖盘
1364,11:12:09,14.83,0.0,31,45974,卖盘
1365,11:12:12,14.84,0.01,4,5936,买盘
1366,11:12:22,14.84,0.0,4,5936,买盘
1367,11:12:28,14.84,0.0,5,7420,买盘
1368,11:12:39,14.84,0.0,46,68266,卖盘
1369,11:12:45,14.85,0.01,88,130602,买盘
1370,11:12:51,14.85,0.0,10,14850,买盘
1371,11:12:54,14.85,0.0,2,2970,买盘
1372,11:13:00,14.85,0.0,1,1485,买盘
1373,11:13:06,14.84,-0.01,15,22260,卖盘
1374,11:13:12,14.85,0.01,2,2970,买盘
1375,11:13:27,14.85,0.0,3,4455,买盘
1376,11:13:34,14.85,0.0,4,5940,买盘
1377,11:13:39,14.85,0.0,2,2970,买盘
1378,11:13:45,14.85,0.0,2,2970,买盘
1379,11:13:54,14.84,-0.01,24,35616,卖盘
1380,11:14:00,14.84,0.0,76,112784,买盘
1381,11:14:06,14.83,-0.01,18,26708,卖盘
1382,11:14:18,14.84,0.01,20,29680,买盘
1383,11:14:21,14.84,0.0,2,2968,买盘
1384,11:14:36,14.84,0.0,2,2968,买盘
1385,11:14:43,14.84,0.0,12,17808,买盘
1386,11:14:51,14.84,0.0,33,48972,买盘
1387,11:14:54,14.84,0.0,5,7420,买盘
1388,11:15:04,14.84,0.0,1,1484,买盘
1389,11:15:12,14.83,-0.01,42,62288,卖盘
1390,11:15:15,14.84,0.01,13,19292,买盘
1391,11:15:24,14.85,0.01,40,59400,买盘
1392,11:15:27,14.85,0.0,2,2970,买盘
1393,11:15:30,14.84,-0.01,1,1484,卖盘
1394,11:15:39,14.84,0.0,22,32648,卖盘
1395,11:15:45,14.84,0.0,6,8904,买盘
1396,11:15:51,14.85,0.01,48,71280,买盘
1397,11:15:57,14.84,-0.01,1,1484,卖盘
1398,11:16:00,14.84,0.0,5,7420,卖盘
1399,11:16:03,14.85,0.01,1,1485,买盘
1400,11:16:09,14.84,-0.01,6,8904,卖盘
1401,11:16:18,14.85,0.01,2,2970,买盘
1402,11:16:27,14.84,-0.01,36,53424,卖盘
1403,11:16:30,14.83,-0.01,70,103810,卖盘
1404,11:16:33,14.82,-0.01,50,74100,卖盘
1405,11:16:36,14.83,0.01,10,14830,买盘
1406,11:16:39,14.82,-0.01,118,174876,卖盘
1407,11:16:42,14.82,0.0,7,10374,买盘
1408,11:16:45,14.81,-0.01,50,74050,卖盘
1409,11:16:51,14.82,0.01,3,4446,买盘
1410,11:16:54,14.82,0.0,2,2964,买盘
1411,11:16:57,14.81,-0.01,54,79978,卖盘
1412,11:17:04,14.81,0.0,50,74050,卖盘
1413,11:17:10,14.81,0.0,110,162912,卖盘
1414,11:17:18,14.81,0.0,38,56278,卖盘
1415,11:17:24,14.81,0.0,10,14810,买盘
1416,11:17:27,14.81,0.0,3,4443,买盘
1417,11:17:33,14.8,-0.01,48,71040,卖盘
1418,11:17:39,14.8,0.0,110,162800,卖盘
1419,11:17:42,14.8,0.0,1,1480,卖盘
1420,11:17:45,14.81,0.01,1,1481,买盘
1421,11:17:48,14.81,0.0,4,5924,买盘
1422,11:18:00,14.81,0.0,73,108052,买盘
1423,11:18:04,14.81,0.0,13,19253,买盘
1424,11:18:06,14.8,-0.01,49,72482,中性盘
1425,11:18:16,14.8,0.0,3,4440,卖盘
1426,11:18:18,14.81,0.01,7,10363,买盘
1427,11:18:30,14.8,-0.01,2,2960,卖盘
1428,11:18:36,14.81,0.01,10,14810,买盘
1429,11:18:48,14.81,0.0,9,13329,买盘
1430,11:18:54,14.8,-0.01,13,19242,卖盘
1431,11:19:00,14.8,0.0,26,38481,卖盘
1432,11:19:03,14.8,0.0,3,4440,买盘
1433,11:19:09,14.8,0.0,4,5920,买盘
1434,11:19:12,14.8,0.0,1,1480,买盘
1435,11:19:15,14.8,0.0,9,13320,买盘
1436,11:19:18,14.81,0.01,33,48841,买盘
1437,11:19:27,14.81,0.0,2,2962,买盘
1438,11:19:33,14.81,0.0,1,1481,买盘
1439,11:19:42,14.81,0.0,11,16291,买盘
1440,11:19:45,14.81,0.0,1,1481,买盘
1441,11:19:48,14.8,-0.01,4,5920,卖盘
1442,11:19:51,14.81,0.01,3,4443,买盘
1443,11:19:57,14.81,0.0,1,1481,买盘
1444,11:20:00,14.81,0.0,3,4443,买盘
1445,11:20:04,14.8,-0.01,32,47362,卖盘
1446,11:20:09,14.8,0.0,3,4440,卖盘
1447,11:20:18,14.81,0.01,2,2962,买盘
1448,11:20:21,14.81,0.0,4,5924,买盘
1449,11:20:24,14.81,0.0,4,5924,买盘
1450,11:20:27,14.81,0.0,8,11848,买盘
1451,11:20:30,14.81,0.0,50,74050,买盘
1452,11:20:33,14.81,0.0,2,2962,买盘
1453,11:20:51,14.81,0.0,5,7405,买盘
1454,11:20:57,14.81,0.0,1,1481,买盘
1455,11:21:04,14.81,0.0,25,37025,买盘
1456,11:21:10,14.81,0.0,11,16291,买盘
1457,11:21:13,14.81,0.0,5,7405,买盘
1458,11:21:21,14.82,0.01,6,8892,买盘
1459,11:21:24,14.82,0.0,2,2964,买盘
1460,11:21:33,14.8,-0.02,105,155414,卖盘
1461,11:21:36,14.8,0.0,49,72520,买盘
1462,11:21:39,14.8,0.0,12,17760,买盘
1463,11:21:42,14.8,0.0,3,4440,买盘
1464,11:21:48,14.8,0.0,1,1480,买盘
1465,11:21:54,14.79,-0.01,50,73950,卖盘
1466,11:22:00,14.8,0.01,2,2960,买盘
1467,11:22:09,14.79,-0.01,3,4437,卖盘
1468,11:22:15,14.8,0.01,2,2960,买盘
1469,11:22:18,14.8,0.0,9,13320,买盘
1470,11:22:21,14.79,-0.01,1,1479,卖盘
1471,11:22:24,14.79,0.0,49,72471,卖盘
1472,11:22:27,14.8,0.01,16,23680,买盘
1473,11:22:33,14.8,0.0,1,1480,买盘
1474,11:22:42,14.8,0.0,5,7400,买盘
1475,11:22:45,14.8,0.0,1,1480,买盘
1476,11:22:48,14.8,0.0,5,7400,买盘
1477,11:22:51,14.8,0.0,4,5920,买盘
1478,11:23:00,14.8,0.0,2,2960,买盘
1479,11:23:04,14.79,-0.01,30,44380,卖盘
1480,11:23:06,14.8,0.01,2,2960,买盘
1481,11:23:15,14.79,-0.01,5,7395,卖盘
1482,11:23:21,14.8,0.01,3,4440,买盘
1483,11:23:24,14.8,0.0,2,2960,买盘
1484,11:23:28,14.79,-0.01,123,181917,卖盘
1485,11:23:31,14.8,0.01,61,90220,买盘
1486,11:23:42,14.8,0.0,2,2960,买盘
1487,11:23:57,14.8,0.0,1,1480,买盘
1488,11:24:03,14.8,0.0,5,7400,买盘
1489,11:24:09,14.79,-0.01,4,5916,卖盘
1490,11:24:12,14.8,0.01,40,59200,买盘
1491,11:24:15,14.8,0.0,2,2960,买盘
1492,11:24:21,14.8,0.0,1,1480,买盘
1493,11:24:24,14.8,0.0,1,1480,买盘
1494,11:24:28,14.79,-0.01,3,4437,卖盘
1495,11:24:34,14.8,0.01,2,2960,买盘
1496,11:24:36,14.8,0.0,1,1480,买盘
1497,11:24:48,14.8,0.0,9,13314,买盘
1498,11:24:54,14.8,0.0,5,7396,买盘
1499,11:25:03,14.79,-0.01,13,19231,卖盘
1500,11:25:06,14.79,0.0,9,13312,卖盘
1501,11:25:09,14.8,0.01,70,103535,买盘
1502,11:25:12,14.79,-0.01,26,38454,卖盘
1503,11:25:24,14.79,0.0,16,23652,买盘
1504,11:25:27,14.78,-0.01,96,141888,卖盘
1505,11:25:30,14.77,-0.01,37,54649,卖盘
1506,11:25:33,14.76,-0.01,92,135865,卖盘
1507,11:25:39,14.78,0.02,2,2956,买盘
1508,11:25:45,14.76,-0.02,2,2952,卖盘
1509,11:25:48,14.77,0.01,3,4431,买盘
1510,11:25:51,14.76,-0.01,174,256833,卖盘
1511,11:25:57,14.76,0.0,95,140220,卖盘
1512,11:26:00,14.76,0.0,1,1476,买盘
1513,11:26:06,14.76,0.0,56,82656,买盘
1514,11:26:09,14.76,0.0,4,5901,买盘
1515,11:26:15,14.76,0.0,4,5902,买盘
1516,11:26:18,14.76,0.0,16,23616,买盘
1517,11:26:25,14.75,-0.01,3,4425,卖盘
1518,11:26:27,14.76,0.01,54,79654,买盘
1519,11:26:30,14.76,0.0,30,44280,买盘
1520,11:26:33,14.76,0.0,7,10332,买盘
1521,11:26:39,14.76,0.0,1,1476,买盘
1522,11:26:43,14.76,0.0,20,29520,买盘
1523,11:26:46,14.76,0.0,7,10332,买盘
1524,11:26:48,14.76,0.0,2,2952,买盘
1525,11:26:55,14.78,0.02,123,181788,买盘
1526,11:27:04,14.76,-0.02,3,4428,卖盘
1527,11:27:06,14.78,0.02,2,2956,买盘
1528,11:27:16,14.77,-0.01,1,1477,卖盘
1529,11:27:21,14.78,0.01,18,26604,买盘
1530,11:27:24,14.76,-0.02,5,7384,卖盘
1531,11:27:27,14.78,0.02,4,5912,买盘
1532,11:27:30,14.78,0.0,5,7388,买盘
1533,11:27:40,14.78,0.0,2,2956,买盘
1534,11:27:42,14.76,-0.02,4,5906,卖盘
1535,11:27:45,14.76,0.0,10,14760,卖盘
1536,11:27:57,14.78,0.02,4,5912,买盘
1537,11:28:04,14.78,0.0,8,11824,买盘
1538,11:28:09,14.78,0.0,6,8860,买盘
1539,11:28:12,14.78,0.0,42,62016,买盘
1540,11:28:21,14.78,0.0,17,25126,买盘
1541,11:28:24,14.78,0.0,7,10336,买盘
1542,11:28:27,14.78,0.0,1,1478,买盘
1543,11:28:33,14.78,0.0,2,2956,买盘
1544,11:28:36,14.78,0.0,4,5912,买盘
1545,11:28:39,14.78,0.0,11,16258,买盘
1546,11:28:48,14.77,-0.01,4,5908,买盘
1547,11:28:51,14.77,0.0,1,1477,买盘
1548,11:28:57,14.78,0.01,2,2956,买盘
1549,11:29:06,14.78,0.0,3,4434,买盘
1550,11:29:09,14.78,0.0,11,16258,买盘
1551,11:29:18,14.78,0.0,1,1478,买盘
1552,11:29:21,14.78,0.0,2,2956,买盘
1553,11:29:28,14.78,0.0,1,1478,买盘
1554,11:29:39,14.78,0.0,1,1478,买盘
1555,11:29:54,14.78,0.0,3,4434,买盘
1556,11:29:57,14.78,0.0,10,14780,买盘
1557,11:30:00,14.78,0.0,12,17736,买盘
1558,13:00:04,14.75,-0.03,738,1089345,卖盘
1559,13:00:07,14.75,0.0,6,8850,买盘
1560,13:00:09,14.74,-0.01,54,79596,卖盘
1561,13:00:12,14.75,0.01,11,16216,买盘
1562,13:00:18,14.74,-0.01,1,1474,卖盘
1563,13:00:30,14.75,0.01,2,2950,买盘
1564,13:00:39,14.74,-0.01,6,8844,卖盘
1565,13:00:45,14.75,0.01,1,1475,买盘
1566,13:00:51,14.75,0.0,2,2950,买盘
1567,13:00:54,14.74,-0.01,8,11792,卖盘
1568,13:01:00,14.74,0.0,12,17688,卖盘
1569,13:01:04,14.75,0.01,3,4425,买盘
1570,13:01:06,14.74,-0.01,9,13266,卖盘
1571,13:01:21,14.75,0.01,1,1475,买盘
1572,13:01:24,14.75,0.0,9,13274,买盘
1573,13:01:30,14.75,0.0,2,2950,买盘
1574,13:01:36,14.75,0.0,1,1475,买盘
1575,13:01:39,14.75,0.0,3,4425,买盘
1576,13:01:42,14.75,0.0,2,2950,买盘
1577,13:01:54,14.75,0.0,22,32430,买盘
1578,13:01:57,14.75,0.0,2,2950,买盘
1579,13:02:00,14.74,-0.01,10,14748,卖盘
1580,13:02:12,14.75,0.01,8,11794,买盘
1581,13:02:24,14.75,0.0,6,8850,买盘
1582,13:02:27,14.75,0.0,4,5900,买盘
1583,13:02:30,14.75,0.0,2,2950,买盘
1584,13:02:33,14.74,-0.01,9,13266,卖盘
1585,13:02:45,14.75,0.01,2,2950,买盘
1586,13:02:48,14.74,-0.01,15,22110,卖盘
1587,13:02:54,14.75,0.01,20,29500,买盘
1588,13:02:57,14.74,-0.01,22,32428,卖盘
1589,13:03:04,14.75,0.01,42,61950,买盘
1590,13:03:06,14.75,0.0,5,7374,买盘
1591,13:03:21,14.75,0.0,2,2950,买盘
1592,13:03:24,14.75,0.0,51,75225,买盘
1593,13:03:30,14.75,0.0,10,14742,买盘
1594,13:03:33,14.75,0.0,4,5900,买盘
1595,13:03:36,14.75,0.0,16,23600,买盘
1596,13:03:42,14.75,0.0,5,7375,买盘
1597,13:03:45,14.75,0.0,8,11800,买盘
1598,13:03:54,14.74,-0.01,12,17690,卖盘
1599,13:03:57,14.75,0.01,1,1475,买盘
1600,13:04:04,14.75,0.0,15,22125,买盘
1601,13:04:06,14.75,0.0,10,14750,买盘
1602,13:04:12,14.75,0.0,10,14746,买盘
1603,13:04:15,14.74,-0.01,60,88440,卖盘
1604,13:04:18,14.75,0.01,18,26550,买盘
1605,13:04:21,14.75,0.0,8,11800,买盘
1606,13:04:24,14.74,-0.01,5,7370,卖盘
1607,13:04:27,14.75,0.01,2,2950,买盘
1608,13:04:33,14.75,0.0,4,5900,买盘
1609,13:04:36,14.75,0.0,8,11800,买盘
1610,13:04:39,14.75,0.0,10,14750,买盘
1611,13:04:45,14.77,0.02,6,8862,买盘
1612,13:04:51,14.77,0.0,2,2954,买盘
1613,13:05:04,14.77,0.0,2,2954,买盘
1614,13:05:06,14.76,-0.01,1,1476,卖盘
1615,13:05:15,14.77,0.01,1,1477,买盘
1616,13:05:18,14.77,0.0,2,2954,买盘
1617,13:05:30,14.77,0.0,14,20678,买盘
1618,13:05:36,14.78,0.01,2,2956,买盘
1619,13:05:42,14.78,0.0,8,11824,买盘
1620,13:05:48,14.78,0.0,4,5912,买盘
1621,13:05:51,14.78,0.0,1,1478,卖盘
1622,13:05:54,14.79,0.01,2,2957,买盘
1623,13:05:57,14.78,-0.01,4,5912,买盘
1624,13:06:00,14.77,-0.01,2,2954,卖盘
1625,13:06:09,14.78,0.01,1,1478,买盘
1626,13:06:12,14.77,-0.01,8,11819,卖盘
1627,13:06:18,14.78,0.01,16,23648,买盘
1628,13:06:27,14.77,-0.01,15,22155,卖盘
1629,13:06:33,14.77,0.0,16,23632,买盘
1630,13:06:36,14.75,-0.02,60,88553,卖盘
1631,13:06:45,14.75,0.0,35,51639,卖盘
1632,13:06:51,14.75,0.0,1,1475,买盘
1633,13:06:54,14.75,0.0,1,1475,买盘
1634,13:06:57,14.75,0.0,4,5900,买盘
1635,13:07:00,14.75,0.0,41,60437,买盘
1636,13:07:04,14.74,-0.01,25,36850,卖盘
1637,13:07:06,14.74,0.0,5,7370,买盘
1638,13:07:12,14.74,0.0,6,8844,买盘
1639,13:07:18,14.74,0.0,14,20636,买盘
1640,13:07:27,14.75,0.01,7,10325,买盘
1641,13:07:30,14.74,-0.01,19,28006,卖盘
1642,13:07:33,14.75,0.01,26,38337,买盘
1643,13:07:36,14.75,0.0,3,4425,买盘
1644,13:07:39,14.75,0.0,5,7375,买盘
1645,13:07:48,14.75,0.0,30,44250,买盘
1646,13:07:51,14.75,0.0,3,4425,买盘
1647,13:07:54,14.74,-0.01,52,76650,卖盘
1648,13:08:00,14.75,0.01,6,8850,买盘
1649,13:08:04,14.74,-0.01,34,50124,卖盘
1650,13:08:09,14.76,0.02,1,1476,买盘
1651,13:08:13,14.75,-0.01,4,5901,卖盘
1652,13:08:15,14.77,0.02,1,1477,买盘
1653,13:08:18,14.78,0.01,4,5912,买盘
1654,13:08:21,14.77,-0.01,1,1477,卖盘
1655,13:08:24,14.75,-0.02,2,2950,卖盘
1656,13:08:27,14.76,0.01,8,11808,买盘
1657,13:08:30,14.75,-0.01,19,28025,卖盘
1658,13:08:36,14.75,0.0,5,7375,卖盘
1659,13:08:42,14.76,0.01,1,1476,买盘
1660,13:08:48,14.78,0.02,1,1478,买盘
1661,13:08:57,14.78,0.0,1,1478,买盘
1662,13:09:00,14.78,0.0,2,2956,买盘
1663,13:09:03,14.78,0.0,13,19214,买盘
1664,13:09:06,14.78,0.0,19,28082,买盘
1665,13:09:16,14.78,0.0,1,1478,买盘
1666,13:09:18,14.76,-0.02,24,35428,卖盘
1667,13:09:33,14.76,0.0,5,7380,卖盘
1668,13:09:36,14.78,0.02,2,2956,买盘
1669,13:09:40,14.78,0.0,12,17736,买盘
1670,13:09:42,14.78,0.0,8,11824,买盘
1671,13:09:45,14.78,0.0,3,4434,买盘
1672,13:09:51,14.78,0.0,2,2956,买盘
1673,13:10:00,14.78,0.0,1,1478,买盘
1674,13:10:09,14.78,0.0,2,2956,买盘
1675,13:10:12,14.77,-0.01,6,8862,卖盘
1676,13:10:15,14.77,0.0,2,2954,卖盘
1677,13:10:18,14.77,0.0,3,4431,买盘
1678,13:10:24,14.78,0.01,2,2956,买盘
1679,13:10:27,14.76,-0.02,67,98894,卖盘
1680,13:10:33,14.76,0.0,1,1476,买盘
1681,13:10:36,14.76,0.0,1,1476,买盘
1682,13:10:39,14.76,0.0,7,10332,买盘
1683,13:10:42,14.76,0.0,2,2952,买盘
1684,13:10:45,14.75,-0.01,145,213875,卖盘
1685,13:10:54,14.75,0.0,10,14750,买盘
1686,13:11:00,14.75,0.0,1,1475,买盘
1687,13:11:09,14.75,0.0,2,2950,买盘
1688,13:11:12,14.74,-0.01,22,32428,卖盘
1689,13:11:15,14.74,0.0,4,5896,卖盘
1690,13:11:18,14.75,0.01,11,16225,买盘
1691,13:11:30,14.75,0.0,4,5900,买盘
1692,13:11:33,14.75,0.0,2,2950,买盘
1693,13:11:36,14.75,0.0,8,11800,买盘
1694,13:11:39,14.75,0.0,1,1475,卖盘
1695,13:11:45,14.75,0.0,2,2951,卖盘
1696,13:11:51,14.75,0.0,6,8850,买盘
1697,13:11:54,14.74,-0.01,45,66333,卖盘
1698,13:12:00,14.74,0.0,329,484946,卖盘
1699,13:12:09,14.75,0.01,56,82271,买盘
1700,13:12:12,14.75,0.0,12,17700,卖盘
1701,13:12:18,14.73,-0.02,8,11800,卖盘
1702,13:12:24,14.75,0.02,2,2950,买盘
1703,13:12:36,14.74,-0.01,6,8846,卖盘
1704,13:12:39,14.74,0.0,4,5896,买盘
1705,13:12:42,14.74,0.0,6,8844,买盘
1706,13:12:51,14.74,0.0,8,11792,买盘
1707,13:12:54,14.74,0.0,32,47168,买盘
1708,13:12:57,14.74,0.0,104,153291,买盘
1709,13:13:00,14.74,0.0,69,101706,买盘
1710,13:13:03,14.74,0.0,78,114972,买盘
1711,13:13:06,14.75,0.01,7,10325,买盘
1712,13:13:12,14.75,0.0,3,4425,买盘
1713,13:13:16,14.75,0.0,17,25075,买盘
1714,13:13:19,14.75,0.0,56,82600,买盘
1715,13:13:21,14.75,0.0,50,73710,买盘
1716,13:13:24,14.75,0.0,4,5900,买盘
1717,13:13:27,14.75,0.0,7,10325,买盘
1718,13:13:30,14.77,0.02,26,38352,买盘
1719,13:13:33,14.77,0.0,2,2954,买盘
1720,13:13:46,14.77,0.0,3,4431,买盘
1721,13:13:48,14.77,0.0,3,4431,买盘
1722,13:13:51,14.77,0.0,7,10339,买盘
1723,13:13:57,14.77,0.0,7,10339,买盘
1724,13:14:07,14.77,0.0,2,2954,买盘
1725,13:14:12,14.75,-0.02,38,56118,卖盘
1726,13:14:15,14.76,0.01,2,2952,卖盘
1727,13:14:25,14.77,0.01,2,2954,买盘
1728,13:14:27,14.77,0.0,2,2954,买盘
1729,13:14:36,14.76,-0.01,7,10332,卖盘
1730,13:14:39,14.76,0.0,20,29520,卖盘
1731,13:14:42,14.77,0.01,16,23632,买盘
1732,13:14:48,14.77,0.0,13,19201,卖盘
1733,13:14:57,14.77,0.0,2,2954,买盘
1734,13:15:00,14.76,-0.01,2,2952,卖盘
1735,13:15:04,14.76,0.0,2,2952,卖盘
1736,13:15:06,14.77,0.01,36,53144,买盘
1737,13:15:10,14.77,0.0,16,23632,买盘
1738,13:15:13,14.76,-0.01,37,54612,卖盘
1739,13:15:16,14.76,0.0,2,2952,买盘
1740,13:15:18,14.76,0.0,5,7380,买盘
1741,13:15:27,14.76,0.0,2,2952,买盘
1742,13:15:30,14.76,0.0,2,2952,买盘
1743,13:15:33,14.76,0.0,2,2952,买盘
1744,13:15:36,14.75,-0.01,7,10325,卖盘
1745,13:15:39,14.75,0.0,88,129800,卖盘
1746,13:15:45,14.75,0.0,20,29500,卖盘
1747,13:15:48,14.76,0.01,74,109155,买盘
1748,13:15:51,14.76,0.0,15,22139,买盘
1749,13:16:00,14.76,0.0,255,376380,买盘
1750,13:16:06,14.76,0.0,2,2952,买盘
1751,13:16:12,14.75,-0.01,3,4425,卖盘
1752,13:16:18,14.76,0.01,1,1476,买盘
1753,13:16:25,14.76,0.0,2,2952,买盘
1754,13:16:27,14.76,0.0,5,7380,买盘
1755,13:16:30,14.75,-0.01,11,16229,卖盘
1756,13:16:36,14.76,0.01,37,54611,买盘
1757,13:16:42,14.76,0.0,2,2952,买盘
1758,13:16:45,14.76,0.0,2,2952,买盘
1759,13:16:51,14.76,0.0,1,1476,买盘
1760,13:16:54,14.75,-0.01,12,17701,卖盘
1761,13:16:57,14.76,0.01,12,17712,买盘
1762,13:17:00,14.76,0.0,8,11808,买盘
1763,13:17:06,14.76,0.0,10,14760,买盘
1764,13:17:09,14.76,0.0,1,1476,买盘
1765,13:17:15,14.76,0.0,2,2952,买盘
1766,13:17:18,14.77,0.01,1,1477,买盘
1767,13:17:27,14.77,0.0,3,4431,买盘
1768,13:17:30,14.77,0.0,1,1477,买盘
1769,13:17:33,14.76,-0.01,7,10332,卖盘
1770,13:17:39,14.77,0.01,4,5908,买盘
1771,13:17:42,14.77,0.0,12,17724,买盘
1772,13:17:45,14.76,-0.01,30,44281,卖盘
1773,13:17:48,14.77,0.01,2,2954,买盘
1774,13:17:54,14.77,0.0,3,4430,买盘
1775,13:18:00,14.77,0.0,1,1477,买盘
1776,13:18:03,14.76,-0.01,54,79704,卖盘
1777,13:18:06,14.77,0.01,43,63511,买盘
1778,13:18:12,14.76,-0.01,24,35438,卖盘
1779,13:18:18,14.77,0.01,5,7385,卖盘
1780,13:18:21,14.78,0.01,4,5909,买盘
1781,13:18:27,14.77,-0.01,2,2954,卖盘
1782,13:18:30,14.77,0.0,35,51690,买盘
1783,13:18:36,14.77,0.0,2,2953,买盘
1784,13:18:39,14.77,0.0,10,14767,买盘
1785,13:18:45,14.76,-0.01,1,1476,卖盘
1786,13:18:51,14.77,0.01,4,5908,买盘
1787,13:18:54,14.77,0.0,2,2954,买盘
1788,13:18:57,14.77,0.0,10,14770,买盘
1789,13:19:00,14.77,0.0,41,60546,买盘
1790,13:19:03,14.77,0.0,7,10339,卖盘
1791,13:19:13,14.78,0.01,12,17736,买盘
1792,13:19:16,14.78,0.0,22,32516,卖盘
1793,13:19:19,14.78,0.0,58,85724,卖盘
1794,13:19:27,14.78,0.0,1,1478,买盘
1795,13:19:30,14.77,-0.01,31,45811,卖盘
1796,13:19:34,14.78,0.01,7,10346,买盘
1797,13:19:36,14.78,0.0,14,20692,卖盘
1798,13:19:39,14.78,0.0,1,1478,卖盘
1799,13:19:48,14.79,0.01,3,4437,买盘
1800,13:19:54,14.78,-0.01,4,5912,卖盘
1801,13:20:03,14.79,0.01,2,2958,买盘
1802,13:20:10,14.78,-0.01,5,7394,卖盘
1803,13:20:15,14.78,0.0,10,14780,卖盘
1804,13:20:18,14.79,0.01,1,1479,买盘
1805,13:20:22,14.79,0.0,3,4437,买盘
1806,13:20:30,14.78,-0.01,7,10346,卖盘
1807,13:20:33,14.78,0.0,8,11824,卖盘
1808,13:20:39,14.79,0.01,52,76808,买盘
1809,13:20:45,14.79,0.0,1,1479,买盘
1810,13:20:51,14.79,0.0,8,11832,买盘
1811,13:20:57,14.79,0.0,2,2958,买盘
1812,13:21:00,14.79,0.0,1,1479,买盘
1813,13:21:06,14.79,0.0,1,1479,买盘
1814,13:21:09,14.78,-0.01,5,7390,卖盘
1815,13:21:12,14.79,0.01,5,7395,买盘
1816,13:21:15,14.79,0.0,2,2958,买盘
1817,13:21:18,14.79,0.0,2,2958,买盘
1818,13:21:27,14.78,-0.01,11,16268,卖盘
1819,13:21:30,14.78,0.0,12,17738,卖盘
1820,13:21:33,14.78,0.0,1,1478,卖盘
1821,13:21:36,14.78,0.0,7,10346,卖盘
1822,13:21:39,14.79,0.01,7,10353,买盘
1823,13:21:48,14.79,0.0,3,4435,买盘
1824,13:21:57,14.79,0.0,1,1479,买盘
1825,13:22:06,14.79,0.0,4,5916,买盘
1826,13:22:09,14.78,-0.01,7,10346,卖盘
1827,13:22:15,14.77,-0.01,5,7385,卖盘
1828,13:22:18,14.78,0.01,2,2955,买盘
1829,13:22:21,14.78,0.0,6,8868,买盘
1830,13:22:33,14.78,0.0,2,2956,买盘
1831,13:22:36,14.77,-0.01,18,26586,卖盘
1832,13:22:39,14.78,0.01,2,2956,买盘
1833,13:22:42,14.77,-0.01,1,1477,卖盘
1834,13:22:45,14.77,0.0,8,11816,买盘
1835,13:22:54,14.77,0.0,9,13286,买盘
1836,13:22:57,14.77,0.0,2,2954,买盘
1837,13:23:03,14.77,0.0,18,26586,买盘
1838,13:23:12,14.77,0.0,35,51698,卖盘
1839,13:23:15,14.78,0.01,25,36932,买盘
1840,13:23:27,14.77,-0.01,72,106344,卖盘
1841,13:23:30,14.75,-0.02,104,153494,卖盘
1842,13:23:33,14.78,0.03,4,5912,买盘
1843,13:23:36,14.75,-0.03,2,2950,卖盘
1844,13:23:45,14.77,0.02,1,1477,买盘
1845,13:23:48,14.77,0.0,3,4431,买盘
1846,13:23:54,14.76,-0.01,5,7380,中性盘
1847,13:24:04,14.78,0.02,23,33974,买盘
1848,13:24:12,14.78,0.0,49,72422,买盘
1849,13:24:15,14.77,-0.01,11,16247,卖盘
1850,13:24:18,14.77,0.0,3,4431,卖盘
1851,13:24:21,14.78,0.01,3,4434,买盘
1852,13:24:27,14.77,-0.01,6,8862,卖盘
1853,13:24:30,14.78,0.01,13,19214,买盘
1854,13:24:33,14.77,-0.01,7,10339,卖盘
1855,13:24:36,14.78,0.01,60,88630,买盘
1856,13:24:39,14.79,0.01,8,11828,买盘
1857,13:24:48,14.78,-0.01,40,59120,卖盘
1858,13:24:51,14.79,0.01,1,1479,买盘
1859,13:24:54,14.79,0.0,3,4437,买盘
1860,13:25:03,14.78,-0.01,67,99026,卖盘
1861,13:25:06,14.78,0.0,2,2955,买盘
1862,13:25:12,14.78,0.0,4,5912,买盘
1863,13:25:19,14.78,0.0,11,16258,买盘
1864,13:25:24,14.78,0.0,10,14780,买盘
1865,13:25:27,14.78,0.0,4,5912,买盘
1866,13:25:30,14.77,-0.01,6,8862,卖盘
1867,13:25:33,14.77,0.0,3,4431,买盘
1868,13:25:36,14.77,0.0,20,29540,买盘
1869,13:25:45,14.77,0.0,2,2954,买盘
1870,13:25:51,14.77,0.0,4,5908,买盘
1871,13:25:55,14.75,-0.02,47,69365,卖盘
1872,13:26:00,14.77,0.02,1,1477,买盘
1873,13:26:04,14.75,-0.02,7,10329,卖盘
1874,13:26:12,14.75,0.0,102,150450,卖盘
1875,13:26:15,14.75,0.0,54,79650,卖盘
1876,13:26:18,14.76,0.01,4,5903,买盘
1877,13:26:21,14.76,0.0,10,14760,买盘
1878,13:26:27,14.75,-0.01,52,76700,卖盘
1879,13:26:30,14.76,0.01,9,13284,买盘
1880,13:26:33,14.76,0.0,1,1476,买盘
1881,13:26:36,14.75,-0.01,17,25085,卖盘
1882,13:26:45,14.76,0.01,15,22128,买盘
1883,13:26:48,14.76,0.0,1,1476,卖盘
1884,13:26:54,14.77,0.01,42,61954,买盘
1885,13:27:09,14.77,0.0,3,4431,买盘
1886,13:27:15,14.77,0.0,6,8860,买盘
1887,13:27:18,14.75,-0.02,1,1475,卖盘
1888,13:27:25,14.75,0.0,2,2950,卖盘
1889,13:27:27,14.76,0.01,1,1476,中性盘
1890,13:27:30,14.75,-0.01,7,10325,卖盘
1891,13:27:34,14.77,0.02,3,4427,买盘
1892,13:27:39,14.74,-0.03,47,69280,卖盘
1893,13:27:42,14.74,0.0,1,1474,卖盘
1894,13:27:45,14.76,0.02,2,2952,中性盘
1895,13:27:57,14.74,-0.02,10,14740,卖盘
1896,13:28:00,14.75,0.01,9,13267,买盘
1897,13:28:04,14.75,0.0,4,5900,买盘
1898,13:28:15,14.74,-0.01,5,7370,卖盘
1899,13:28:18,14.75,0.01,2,2950,买盘
1900,13:28:21,14.75,0.0,4,5900,买盘
1901,13:28:24,14.74,-0.01,27,39803,卖盘
1902,13:28:27,14.75,0.01,10,14750,买盘
1903,13:28:33,14.74,-0.01,69,101706,卖盘
1904,13:28:36,14.74,0.0,3,4422,买盘
1905,13:28:39,14.74,0.0,1,1474,买盘
1906,13:28:42,14.74,0.0,8,11792,买盘
1907,13:28:54,14.74,0.0,5,7370,买盘
1908,13:29:00,14.74,0.0,8,11792,买盘
1909,13:29:04,14.74,0.0,3,4422,买盘
1910,13:29:06,14.73,-0.01,50,73650,卖盘
1911,13:29:09,14.74,0.01,2,2948,买盘
1912,13:29:18,14.73,-0.01,86,126987,卖盘
1913,13:29:21,14.73,0.0,4,5892,买盘
1914,13:29:24,14.73,0.0,8,11784,买盘
1915,13:29:28,14.73,0.0,1,1473,买盘
1916,13:29:34,14.73,0.0,158,232577,买盘
1917,13:29:37,14.7,-0.03,521,766298,卖盘
1918,13:29:39,14.72,0.02,5,7360,中性盘
1919,13:29:42,14.72,0.0,2,2944,买盘
1920,13:29:45,14.7,-0.02,19,27930,卖盘
1921,13:29:48,14.72,0.02,2,2944,买盘
1922,13:29:51,14.7,-0.02,357,524790,卖盘
1923,13:29:55,14.71,0.01,6,8826,买盘
1924,13:29:58,14.69,-0.02,104,152814,卖盘
1925,13:30:00,14.69,0.0,2,2938,买盘
1926,13:30:04,14.71,0.02,109,160149,买盘
1927,13:30:06,14.68,-0.03,51,74870,卖盘
1928,13:30:09,14.7,0.02,43,63137,买盘
1929,13:30:12,14.7,0.0,8,11750,买盘
1930,13:30:15,14.68,-0.02,14,20552,卖盘
1931,13:30:18,14.7,0.02,4,5880,买盘
1932,13:30:21,14.69,-0.01,20,29380,卖盘
1933,13:30:24,14.7,0.01,23,33810,买盘
1934,13:30:27,14.7,0.0,1,1470,买盘
1935,13:30:30,14.7,0.0,19,27923,买盘
1936,13:30:33,14.7,0.0,4,5880,买盘
1937,13:30:37,14.7,0.0,2,2940,买盘
1938,13:30:39,14.7,0.0,304,446261,买盘
1939,13:30:45,14.7,0.0,1,1470,买盘
1940,13:30:48,14.69,-0.01,10,14690,卖盘
1941,13:30:51,14.7,0.01,4,5880,买盘
1942,13:30:54,14.7,0.0,1,1470,买盘
1943,13:31:00,14.7,0.0,3,4410,买盘
1944,13:31:03,14.7,0.0,12,17640,买盘
1945,13:31:07,14.69,-0.01,17,24973,卖盘
1946,13:31:09,14.69,0.0,6,8814,买盘
1947,13:31:12,14.69,0.0,21,30849,买盘
1948,13:31:18,14.69,0.0,4,5876,买盘
1949,13:31:22,14.69,0.0,3,4407,买盘
1950,13:31:27,14.68,-0.01,18,26431,卖盘
1951,13:31:30,14.69,0.01,10,14690,买盘
1952,13:31:33,14.69,0.0,1,1469,买盘
1953,13:31:36,14.68,-0.01,129,189372,卖盘
1954,13:31:39,14.69,0.01,11,16151,买盘
1955,13:31:42,14.68,-0.01,7,10276,买盘
1956,13:31:46,14.68,0.0,21,30828,买盘
1957,13:31:48,14.67,-0.01,100,146734,卖盘
1958,13:31:54,14.67,0.0,4,5868,卖盘
1959,13:31:57,14.67,0.0,10,14670,卖盘
1960,13:32:00,14.68,0.01,17,24956,买盘
1961,13:32:04,14.68,0.0,43,63124,买盘
1962,13:32:07,14.68,0.0,7,10276,卖盘
1963,13:32:09,14.69,0.01,5,7345,买盘
1964,13:32:12,14.68,-0.01,25,36700,卖盘
1965,13:32:15,14.69,0.01,12,17616,买盘
1966,13:32:18,14.68,-0.01,20,29370,卖盘
1967,13:32:21,14.68,0.0,10,14680,买盘
1968,13:32:24,14.68,0.0,10,14680,买盘
1969,13:32:27,14.67,-0.01,29,42583,卖盘
1970,13:32:30,14.68,0.01,7,10276,卖盘
1971,13:32:33,14.69,0.01,39,57291,买盘
1972,13:32:36,14.68,-0.01,7,10276,卖盘
1973,13:32:39,14.69,0.01,2,2938,买盘
1974,13:32:45,14.68,-0.01,114,167462,卖盘
1975,13:32:51,14.7,0.02,1,1470,买盘
1976,13:32:54,14.7,0.0,8,11755,买盘
1977,13:32:57,14.7,0.0,4,5880,买盘
1978,13:33:00,14.69,-0.01,4,5876,卖盘
1979,13:33:06,14.7,0.01,21,30870,买盘
1980,13:33:09,14.7,0.0,2,2940,买盘
1981,13:33:12,14.7,0.0,12,17640,买盘
1982,13:33:15,14.7,0.0,5,7350,买盘
1983,13:33:18,14.69,-0.01,28,41147,卖盘
1984,13:33:21,14.7,0.01,124,182236,买盘
1985,13:33:25,14.7,0.0,17,24993,卖盘
1986,13:33:33,14.7,0.0,2,2940,卖盘
1987,13:33:36,14.7,0.0,31,45580,卖盘
1988,13:33:39,14.71,0.01,3,4413,买盘
1989,13:33:42,14.7,-0.01,18,26463,卖盘
1990,13:33:45,14.71,0.01,7,10297,买盘
1991,13:33:54,14.71,0.0,1,1471,买盘
1992,13:33:57,14.71,0.0,44,64724,买盘
1993,13:34:00,14.71,0.0,5,7355,买盘
1994,13:34:03,14.71,0.0,28,41188,买盘
1995,13:34:06,14.71,0.0,4,5884,买盘
1996,13:34:09,14.71,0.0,2,2942,买盘
1997,13:34:12,14.71,0.0,8,11768,买盘
1998,13:34:15,14.71,0.0,2,2942,买盘
1999,13:34:18,14.71,0.0,7,10293,买盘
2000,13:34:24,14.71,0.0,1,1471,买盘
2001,13:34:30,14.7,-0.01,117,171995,卖盘
2002,13:34:33,14.7,0.0,67,98490,买盘
2003,13:34:36,14.7,0.0,55,80811,买盘
2004,13:34:39,14.7,0.0,3,4410,买盘
2005,13:34:42,14.71,0.01,14,20583,买盘
2006,13:34:51,14.71,0.0,2,2942,买盘
2007,13:34:57,14.71,0.0,2,2942,买盘
2008,13:35:04,14.71,0.0,4,5884,买盘
2009,13:35:07,14.71,0.0,3,4413,买盘
2010,13:35:09,14.71,0.0,9,13239,买盘
2011,13:35:15,14.71,0.0,5,7355,买盘
2012,13:35:21,14.71,0.0,11,16180,买盘
2013,13:35:24,14.71,0.0,2,2942,买盘
2014,13:35:27,14.71,0.0,39,57369,买盘
2015,13:35:30,14.72,0.01,22,32363,买盘
2016,13:35:33,14.7,-0.02,60,88224,卖盘
2017,13:35:36,14.71,0.01,7,10297,买盘
2018,13:35:43,14.72,0.01,14,20598,买盘
2019,13:35:46,14.72,0.0,30,44160,买盘
2020,13:35:57,14.73,0.01,4,5890,买盘
2021,13:36:04,14.73,0.0,1,1473,买盘
2022,13:36:09,14.73,0.0,8,11784,买盘
2023,13:36:12,14.74,0.01,68,100165,买盘
2024,13:36:15,14.73,-0.01,4,5892,卖盘
2025,13:36:19,14.73,0.0,4,5892,卖盘
2026,13:36:24,14.74,0.01,1,1474,买盘
2027,13:36:27,14.74,0.0,1,1474,买盘
2028,13:36:30,14.74,0.0,4,5896,买盘
2029,13:36:33,14.74,0.0,101,148867,买盘
2030,13:36:36,14.74,0.0,1,1474,买盘
2031,13:36:39,14.73,-0.01,22,32406,卖盘
2032,13:36:42,14.74,0.01,6,8844,买盘
2033,13:36:48,14.74,0.0,2,2948,买盘
2034,13:36:57,14.74,0.0,2,2949,卖盘
2035,13:37:00,14.73,-0.01,16,23571,卖盘
2036,13:37:06,14.73,0.0,2,2946,买盘
2037,13:37:09,14.73,0.0,3,4417,买盘
2038,13:37:12,14.72,-0.01,13,19136,卖盘
2039,13:37:15,14.73,0.01,1,1473,买盘
2040,13:37:24,14.73,0.0,2,2946,买盘
2041,13:37:30,14.73,0.0,1,1473,买盘
2042,13:37:33,14.73,0.0,23,33881,买盘
2043,13:37:36,14.74,0.01,4,5896,买盘
2044,13:37:39,14.74,0.0,3,4422,买盘
2045,13:37:45,14.73,-0.01,101,148773,卖盘
2046,13:37:48,14.74,0.01,1,1474,买盘
2047,13:37:51,14.74,0.0,4,5896,买盘
2048,13:37:54,14.73,-0.01,8,11784,卖盘
2049,13:37:57,14.74,0.01,2,2948,买盘
2050,13:38:00,14.74,0.0,8,11792,买盘
2051,13:38:06,14.74,0.0,1,1474,买盘
2052,13:38:09,14.73,-0.01,20,29463,卖盘
2053,13:38:12,14.74,0.01,2,2948,买盘
2054,13:38:15,14.73,-0.01,5,7367,卖盘
2055,13:38:27,14.74,0.01,33,48642,买盘
2056,13:38:31,14.74,0.0,4,5896,买盘
2057,13:38:34,14.74,0.0,8,11785,买盘
2058,13:38:37,14.74,0.0,1,1474,买盘
2059,13:38:49,14.74,0.0,3,4422,买盘
2060,13:38:51,14.74,0.0,5,7370,买盘
2061,13:38:54,14.74,0.0,8,11789,买盘
2062,13:38:57,14.73,-0.01,5,7365,卖盘
2063,13:39:04,14.74,0.01,21,30954,买盘
2064,13:39:06,14.74,0.0,2,2948,买盘
2065,13:39:09,14.74,0.0,1,1474,买盘
2066,13:39:12,14.74,0.0,1,1474,买盘
2067,13:39:15,14.74,0.0,1,1474,买盘
2068,13:39:19,14.73,-0.01,5,7369,卖盘
2069,13:39:21,14.75,0.02,3,4423,买盘
2070,13:39:24,14.75,0.0,33,48675,买盘
2071,13:39:30,14.75,0.0,12,17700,卖盘
2072,13:39:33,14.76,0.01,2,2952,买盘
2073,13:39:40,14.76,0.0,3,4426,买盘
2074,13:39:42,14.76,0.0,5,7380,买盘
2075,13:39:49,14.76,0.0,1,1476,买盘
2076,13:39:51,14.76,0.0,8,11808,买盘
2077,13:39:57,14.76,0.0,142,209596,买盘
2078,13:40:03,14.77,0.01,1,1477,买盘
2079,13:40:06,14.77,0.0,1,1477,买盘
2080,13:40:09,14.77,0.0,30,44310,买盘
2081,13:40:13,14.77,0.0,21,31024,买盘
2082,13:40:16,14.78,0.01,1,1478,买盘
2083,13:40:19,14.77,-0.01,3,4431,卖盘
2084,13:40:21,14.78,0.01,16,23638,买盘
2085,13:40:24,14.77,-0.01,4,5909,卖盘
2086,13:40:30,14.77,0.0,2,2954,买盘
2087,13:40:33,14.77,0.0,70,103390,买盘
2088,13:40:39,14.77,0.0,9,13286,买盘
2089,13:40:42,14.77,0.0,23,33232,买盘
2090,13:40:48,14.78,0.01,2,2956,买盘
2091,13:41:01,14.78,0.0,6,8863,买盘
2092,13:41:04,14.77,-0.01,5,7385,卖盘
2093,13:41:06,14.78,0.01,346,511388,买盘
2094,13:41:09,14.78,0.0,23,33976,买盘
2095,13:41:12,14.78,0.0,1,1478,买盘
2096,13:41:15,14.77,-0.01,6,8862,卖盘
2097,13:41:18,14.78,0.01,27,39896,买盘
2098,13:41:21,14.78,0.0,2,2956,买盘
2099,13:41:24,14.77,-0.01,4,5911,卖盘
2100,13:41:27,14.77,0.0,16,23632,卖盘
2101,13:41:30,14.78,0.01,204,302150,买盘
2102,13:41:33,14.78,0.0,60,88650,买盘
2103,13:41:40,14.77,-0.01,9,13286,中性盘
2104,13:41:43,14.78,0.01,48,70943,买盘
2105,13:41:46,14.78,0.0,1,1478,买盘
2106,13:41:49,14.78,0.0,8,11824,买盘
2107,13:41:54,14.77,-0.01,44,64988,卖盘
2108,13:41:57,14.77,0.0,2,2954,买盘
2109,13:42:00,14.77,0.0,3,4431,买盘
2110,13:42:04,14.76,-0.01,11,16237,卖盘
2111,13:42:12,14.77,0.01,1,1477,买盘
2112,13:42:15,14.76,-0.01,3,4428,卖盘
2113,13:42:18,14.76,0.0,9,13289,卖盘
2114,13:42:21,14.76,0.0,50,73800,卖盘
2115,13:42:25,14.76,0.0,10,14760,卖盘
2116,13:42:31,14.77,0.01,5,7385,买盘
2117,13:42:33,14.76,-0.01,7,10332,卖盘
2118,13:42:36,14.77,0.01,2,2954,买盘
2119,13:42:42,14.77,0.0,1,1477,买盘
2120,13:42:48,14.76,-0.01,57,84134,卖盘
2121,13:42:51,14.76,0.0,13,19188,买盘
2122,13:43:00,14.76,0.0,1,1476,买盘
2123,13:43:04,14.76,0.0,12,17702,买盘
2124,13:43:06,14.76,0.0,22,32472,买盘
2125,13:43:12,14.75,-0.01,30,44250,卖盘
2126,13:43:15,14.75,0.0,2,2950,买盘
2127,13:43:18,14.74,-0.01,5,7370,卖盘
2128,13:43:21,14.75,0.01,7,10325,买盘
2129,13:43:27,14.75,0.0,7,10325,买盘
2130,13:43:30,14.75,0.0,20,29500,买盘
2131,13:43:33,14.75,0.0,6,8850,卖盘
2132,13:43:36,14.76,0.01,2,2952,买盘
2133,13:43:39,14.76,0.0,8,11804,买盘
2134,13:43:43,14.76,0.0,8,11808,买盘
2135,13:43:45,14.76,0.0,1,1476,买盘
2136,13:43:48,14.76,0.0,1,1476,买盘
2137,13:43:54,14.75,-0.01,9,13275,卖盘
2138,13:44:06,14.75,0.0,2,2950,买盘
2139,13:44:12,14.75,0.0,2,2950,买盘
2140,13:44:18,14.74,-0.01,3,4422,卖盘
2141,13:44:21,14.75,0.01,1,1475,买盘
2142,13:44:30,14.76,0.01,25,36888,买盘
2143,13:44:39,14.76,0.0,3,4428,卖盘
2144,13:44:42,14.77,0.01,2,2954,买盘
2145,13:44:46,14.77,0.0,6,8862,买盘
2146,13:44:54,14.76,-0.01,11,16237,卖盘
2147,13:44:57,14.77,0.01,44,64988,买盘
2148,13:45:04,14.77,0.0,32,47264,买盘
2149,13:45:15,14.77,0.0,2,2954,买盘
2150,13:45:21,14.77,0.0,2,2954,买盘
2151,13:45:30,14.76,-0.01,44,64954,卖盘
2152,13:45:33,14.76,0.0,1,1476,买盘
2153,13:45:36,14.75,-0.01,8,11801,卖盘
2154,13:45:39,14.76,0.01,8,11808,买盘
2155,13:45:45,14.76,0.0,1,1476,买盘
2156,13:45:48,14.76,0.0,1,1476,买盘
2157,13:45:51,14.76,0.0,4,5904,买盘
2158,13:45:54,14.77,0.01,2,2953,买盘
2159,13:46:12,14.77,0.0,2,2954,买盘
2160,13:46:15,14.77,0.0,2,2954,买盘
2161,13:46:18,14.77,0.0,6,8856,买盘
2162,13:46:21,14.77,0.0,1,1477,买盘
2163,13:46:30,14.75,-0.02,9,13277,卖盘
2164,13:46:39,14.75,0.0,9,13279,卖盘
2165,13:46:45,14.77,0.02,2,2954,买盘
2166,13:46:51,14.75,-0.02,50,73750,卖盘
2167,13:46:54,14.77,0.02,6,8862,买盘
2168,13:47:01,14.77,0.0,5,7385,买盘
2169,13:47:04,14.77,0.0,2,2954,买盘
2170,13:47:15,14.77,0.0,1,1477,买盘
2171,13:47:18,14.77,0.0,5,7384,买盘
2172,13:47:24,14.76,-0.01,1,1476,卖盘
2173,13:47:27,14.77,0.01,10,14770,买盘
2174,13:47:30,14.77,0.0,23,33964,买盘
2175,13:47:33,14.77,0.0,1,1477,买盘
2176,13:47:36,14.76,-0.01,12,17714,卖盘
2177,13:47:40,14.77,0.01,22,32494,买盘
2178,13:47:49,14.76,-0.01,11,16236,卖盘
2179,13:47:51,14.77,0.01,1,1477,买盘
2180,13:47:55,14.77,0.0,14,20666,买盘
2181,13:47:57,14.78,0.01,1,1478,买盘
2182,13:48:09,14.78,0.0,18,26596,买盘
2183,13:48:15,14.78,0.0,106,156668,买盘
2184,13:48:18,14.76,-0.02,6,8858,卖盘
2185,13:48:21,14.77,0.01,9,13294,卖盘
2186,13:48:27,14.77,0.0,2,2954,买盘
2187,13:48:30,14.76,-0.01,7,10332,卖盘
2188,13:48:42,14.77,0.01,5,7381,买盘
2189,13:48:45,14.77,0.0,10,14770,买盘
2190,13:48:51,14.77,0.0,10,14770,卖盘
2191,13:48:57,14.78,0.01,1,1478,买盘
2192,13:49:00,14.77,-0.01,7,10339,卖盘
2193,13:49:04,14.78,0.01,1,1478,买盘
2194,13:49:09,14.78,0.0,105,155188,买盘
2195,13:49:18,14.77,-0.01,10,14773,卖盘
2196,13:49:24,14.78,0.01,12,17736,买盘
2197,13:49:31,14.78,0.0,1,1478,买盘
2198,13:49:33,14.77,-0.01,9,13295,卖盘
2199,13:49:36,14.78,0.01,92,135976,买盘
2200,13:49:48,14.77,-0.01,5,7385,卖盘
2201,13:49:51,14.78,0.01,1,1478,买盘
2202,13:49:54,14.78,0.0,2,2956,买盘
2203,13:49:57,14.78,0.0,14,20682,买盘
2204,13:50:06,14.78,0.0,27,39906,买盘
2205,13:50:09,14.78,0.0,2,2956,买盘
2206,13:50:15,14.77,-0.01,5,7385,卖盘
2207,13:50:18,14.78,0.01,25,36946,买盘
2208,13:50:21,14.77,-0.01,6,8862,卖盘
2209,13:50:24,14.78,0.01,1,1478,买盘
2210,13:50:27,14.78,0.0,10,14780,买盘
2211,13:50:30,14.78,0.0,12,17736,买盘
2212,13:50:33,14.78,0.0,7,10346,买盘
2213,13:50:36,14.78,0.0,408,603024,买盘
2214,13:50:39,14.78,0.0,547,808459,买盘
2215,13:50:42,14.78,0.0,744,1099632,买盘
2216,13:50:46,14.8,0.02,231,340743,买盘
2217,13:50:49,14.79,-0.01,205,303300,中性盘
2218,13:50:52,14.8,0.01,86,127279,买盘
2219,13:50:54,14.8,0.0,299,442323,买盘
2220,13:50:57,14.8,0.0,48,71040,买盘
2221,13:51:00,14.8,0.0,80,118400,买盘
2222,13:51:07,14.82,0.02,23,34086,买盘
2223,13:51:10,14.82,0.0,5,7410,买盘
2224,13:51:15,14.82,0.0,15,22230,卖盘
2225,13:51:18,14.82,0.0,22,32604,买盘
2226,13:51:22,14.82,0.0,14,20748,买盘
2227,13:51:24,14.82,0.0,28,41496,买盘
2228,13:51:31,14.82,0.0,1,1482,买盘
2229,13:51:33,14.82,0.0,27,40014,买盘
2230,13:51:36,14.83,0.01,51,75633,买盘
2231,13:51:39,14.84,0.01,5,7420,买盘
2232,13:51:42,14.84,0.0,11,16317,买盘
2233,13:51:45,14.85,0.01,104,154382,买盘
2234,13:51:48,14.84,-0.01,1,1484,中性盘
2235,13:51:51,14.85,0.01,12,17820,买盘
2236,13:51:54,14.87,0.02,120,179040,买盘
2237,13:51:57,14.86,-0.01,135,200610,卖盘
2238,13:52:01,14.86,0.0,20,29720,卖盘
2239,13:52:04,14.86,0.0,28,40865,卖盘
2240,13:52:07,14.85,-0.01,32,47520,卖盘
2241,13:52:09,14.85,0.0,63,93557,中性盘
2242,13:52:12,14.85,0.0,109,161826,买盘
2243,13:52:16,14.85,0.0,29,43065,买盘
2244,13:52:18,14.84,-0.01,146,216806,卖盘
2245,13:52:21,14.85,0.01,4,5938,买盘
2246,13:52:25,14.84,-0.01,29,43059,卖盘
2247,13:52:30,14.85,0.01,13,19305,买盘
2248,13:52:33,14.85,0.0,24,35642,卖盘
2249,13:52:36,14.85,0.0,20,29700,卖盘
2250,13:52:39,14.85,0.0,8,11880,卖盘
2251,13:52:42,14.86,0.01,2,2972,买盘
2252,13:52:45,14.86,0.0,76,112936,买盘
2253,13:52:48,14.88,0.02,192,285618,买盘
2254,13:52:51,14.88,0.0,4,5952,买盘
2255,13:53:00,14.88,0.0,64,95232,买盘
2256,13:53:04,14.88,0.0,22,33480,买盘
2257,13:53:06,14.88,0.0,26,38688,卖盘
2258,13:53:09,14.88,0.0,22,31992,卖盘
2259,13:53:12,14.88,0.0,38,56558,买盘
2260,13:53:15,14.88,0.0,10,14880,买盘
2261,13:53:22,14.88,0.0,299,444907,买盘
2262,13:53:24,14.87,-0.01,70,104137,卖盘
2263,13:53:30,14.87,0.0,19,28253,卖盘
2264,13:53:33,14.85,-0.02,281,417905,卖盘
2265,13:53:36,14.88,0.03,2,2976,卖盘
2266,13:53:39,14.85,-0.03,5,7425,卖盘
2267,13:53:43,14.88,0.03,40,59520,买盘
2268,13:53:48,14.87,-0.01,4,5948,买盘
2269,13:53:51,14.88,0.01,53,78823,买盘
2270,13:53:54,14.85,-0.03,50,74252,卖盘
2271,13:53:57,14.87,0.02,3,4461,买盘
2272,13:54:04,14.87,0.0,4,5948,买盘
2273,13:54:10,14.86,-0.01,8,11888,卖盘
2274,13:54:15,14.87,0.01,18,26762,买盘
2275,13:54:18,14.85,-0.02,15,22295,卖盘
2276,13:54:25,14.87,0.02,2,2974,买盘
2277,13:54:27,14.87,0.0,26,38662,买盘
2278,13:54:30,14.86,-0.01,10,14860,卖盘
2279,13:54:33,14.86,0.0,8,11888,卖盘
2280,13:54:39,14.86,0.0,14,20804,买盘
2281,13:54:42,14.85,-0.01,9,13367,卖盘
2282,13:54:57,14.85,0.0,20,29700,卖盘
2283,13:55:00,14.85,0.0,29,43065,卖盘
2284,13:55:06,14.86,0.01,26,38631,买盘
2285,13:55:09,14.85,-0.01,2,2970,卖盘
2286,13:55:12,14.86,0.01,12,17827,买盘
2287,13:55:15,14.86,0.0,2,2972,买盘
2288,13:55:27,14.86,0.0,11,16346,买盘
2289,13:55:33,14.86,0.0,9,13373,买盘
2290,13:55:36,14.86,0.0,58,86181,买盘
2291,13:55:39,14.86,0.0,82,121802,买盘
2292,13:55:42,14.87,0.01,16,23784,买盘
2293,13:55:49,14.87,0.0,24,35688,买盘
2294,13:55:52,14.87,0.0,62,92194,买盘
2295,13:55:55,14.88,0.01,34,50592,买盘
2296,13:55:57,14.87,-0.01,23,34214,卖盘
2297,13:56:01,14.88,0.01,11,16368,买盘
2298,13:56:04,14.88,0.0,16,23803,买盘
2299,13:56:07,14.88,0.0,22,32716,买盘
2300,13:56:18,14.87,-0.01,141,209805,卖盘
2301,13:56:21,14.88,0.01,20,29760,买盘
2302,13:56:25,14.88,0.0,27,40155,买盘
2303,13:56:28,14.88,0.0,20,29760,买盘
2304,13:56:31,14.87,-0.01,25,37175,卖盘
2305,13:56:33,14.87,0.0,30,44610,买盘
2306,13:56:36,14.87,0.0,36,53532,买盘
2307,13:56:39,14.87,0.0,11,16357,买盘
2308,13:56:42,14.86,-0.01,23,34185,卖盘
2309,13:56:45,14.87,0.01,3,4461,买盘
2310,13:56:48,14.87,0.0,42,62454,卖盘
2311,13:56:54,14.87,0.0,65,96655,卖盘
2312,13:56:58,14.88,0.01,5,7439,买盘
2313,13:57:04,14.88,0.0,85,126480,买盘
2314,13:57:09,14.88,0.0,20,29750,买盘
2315,13:57:15,14.88,0.0,12,17846,买盘
2316,13:57:21,14.87,-0.01,8,11896,卖盘
2317,13:57:24,14.87,0.0,10,14870,卖盘
2318,13:57:28,14.87,0.0,40,59480,卖盘
2319,13:57:31,14.88,0.01,22,32716,买盘
2320,13:57:34,14.87,-0.01,39,57999,卖盘
2321,13:57:36,14.86,-0.01,17,25272,卖盘
2322,13:57:45,14.86,0.0,2,2972,卖盘
2323,13:57:49,14.87,0.01,32,47584,买盘
2324,13:57:52,14.86,-0.01,1,1486,卖盘
2325,13:57:54,14.87,0.01,50,74350,买盘
2326,13:58:06,14.86,-0.01,4,5946,卖盘
2327,13:58:09,14.87,0.01,106,157622,买盘
2328,13:58:12,14.85,-0.02,167,248150,卖盘
2329,13:58:15,14.87,0.02,10,14868,买盘
2330,13:58:18,14.85,-0.02,4,5940,卖盘
2331,13:58:25,14.86,0.01,10,14860,买盘
2332,13:58:28,14.86,0.0,3,4458,卖盘
2333,13:58:30,14.87,0.01,3,4461,买盘
2334,13:58:33,14.86,-0.01,11,16346,卖盘
2335,13:58:36,14.86,0.0,46,68366,卖盘
2336,13:58:43,14.85,-0.01,171,253939,卖盘
2337,13:58:54,14.85,0.0,4,5940,买盘
2338,13:58:57,14.85,0.0,44,65300,买盘
2339,13:59:00,14.85,0.0,8,11880,买盘
2340,13:59:04,14.84,-0.01,5,7420,卖盘
2341,13:59:06,14.83,-0.01,118,175015,卖盘
2342,13:59:09,14.83,0.0,5,7415,买盘
2343,13:59:22,14.83,0.0,184,272852,买盘
2344,13:59:25,14.83,0.0,3,4449,买盘
2345,13:59:28,14.83,0.0,101,149782,买盘
2346,13:59:31,14.82,-0.01,7,10374,卖盘
2347,13:59:39,14.82,0.0,26,38532,卖盘
2348,13:59:42,14.83,0.01,28,41507,买盘
2349,13:59:51,14.83,0.0,18,26694,买盘
2350,13:59:57,14.83,0.0,4,5932,买盘
2351,14:00:00,14.82,-0.01,1,1482,卖盘
2352,14:00:04,14.82,0.0,1,1482,买盘
2353,14:00:06,14.82,0.0,8,11856,买盘
2354,14:00:09,14.83,0.01,7,10375,买盘
2355,14:00:12,14.82,-0.01,4,5928,卖盘
2356,14:00:15,14.83,0.01,5,7415,买盘
2357,14:00:18,14.82,-0.01,4,5928,卖盘
2358,14:00:21,14.83,0.01,12,17796,买盘
2359,14:00:37,14.82,-0.01,8,11857,卖盘
2360,14:00:39,14.83,0.01,66,97878,买盘
2361,14:00:48,14.84,0.01,1,1484,买盘
2362,14:00:55,14.85,0.01,8,11878,买盘
2363,14:01:04,14.85,0.0,1,1485,买盘
2364,14:01:09,14.85,0.0,4,5940,买盘
2365,14:01:12,14.89,0.04,825,1228268,买盘
2366,14:01:15,14.89,0.0,27,40203,卖盘
2367,14:01:18,14.89,0.0,34,50626,卖盘
2368,14:01:21,14.9,0.01,180,268180,买盘
2369,14:01:24,14.89,-0.01,2,2978,卖盘
2370,14:01:28,14.89,0.0,10,14890,卖盘
2371,14:01:30,14.9,0.01,25,37238,买盘
2372,14:01:33,14.89,-0.01,80,118386,卖盘
2373,14:01:36,14.89,0.0,1,1489,买盘
2374,14:01:45,14.89,0.0,2,2978,买盘
2375,14:01:49,14.88,-0.01,29,43152,买盘
2376,14:02:00,14.88,0.0,4,5952,买盘
2377,14:02:07,14.88,0.0,24,35699,买盘
2378,14:02:15,14.86,-0.02,11,16346,卖盘
2379,14:02:18,14.87,0.01,10,14870,买盘
2380,14:02:21,14.87,0.0,9,13378,买盘
2381,14:02:24,14.86,-0.01,5,7434,卖盘
2382,14:02:27,14.86,0.0,7,10402,卖盘
2383,14:02:36,14.87,0.01,91,135310,买盘
2384,14:02:45,14.88,0.01,14,20822,买盘
2385,14:02:48,14.87,-0.01,20,29740,卖盘
2386,14:02:51,14.87,0.0,11,16365,卖盘
2387,14:02:54,14.87,0.0,10,14870,买盘
2388,14:02:57,14.87,0.0,1,1487,买盘
2389,14:03:01,14.87,0.0,4,5948,买盘
2390,14:03:04,14.87,0.0,10,14870,买盘
2391,14:03:15,14.87,0.0,7,10403,买盘
2392,14:03:21,14.86,-0.01,35,52010,卖盘
2393,14:03:24,14.86,0.0,1,1486,卖盘
2394,14:03:27,14.87,0.01,4,5948,买盘
2395,14:03:31,14.87,0.0,4,5948,买盘
2396,14:03:37,14.86,-0.01,7,10402,卖盘
2397,14:03:45,14.87,0.01,2,2974,买盘
2398,14:03:48,14.87,0.0,16,23792,买盘
2399,14:03:51,14.86,-0.01,66,98136,卖盘
2400,14:03:54,14.87,0.01,2,2974,买盘
2401,14:04:06,14.86,-0.01,20,29720,卖盘
2402,14:04:10,14.86,0.0,2,2972,买盘
2403,14:04:21,14.86,0.0,28,41603,买盘
2404,14:04:30,14.87,0.01,2,2972,买盘
2405,14:04:36,14.85,-0.02,11,16343,卖盘
2406,14:04:40,14.87,0.02,40,59480,买盘
2407,14:04:54,14.87,0.0,2,2974,买盘
2408,14:05:00,14.87,0.0,8,11889,买盘
2409,14:05:06,14.9,0.03,1000,1488316,买盘
2410,14:05:12,14.86,-0.04,10,14860,卖盘
2411,14:05:28,14.88,0.02,6,8928,买盘
2412,14:05:33,14.88,0.0,8,11897,买盘
2413,14:05:36,14.88,0.0,2,2976,买盘
2414,14:05:39,14.88,0.0,1,1488,买盘
2415,14:05:42,14.88,0.0,2,2976,卖盘
2416,14:05:45,14.89,0.01,4,5956,买盘
2417,14:05:51,14.89,0.0,2,2978,买盘
2418,14:05:54,14.88,-0.01,27,40178,卖盘
2419,14:06:01,14.89,0.01,20,29780,买盘
2420,14:06:04,14.89,0.0,28,41692,买盘
2421,14:06:06,14.89,0.0,1,1489,买盘
2422,14:06:09,14.89,0.0,3,4467,买盘
2423,14:06:12,14.89,0.0,9,13401,买盘
2424,14:06:15,14.89,0.0,22,32756,买盘
2425,14:06:18,14.89,0.0,1,1489,买盘
2426,14:06:21,14.89,0.0,13,19347,买盘
2427,14:06:24,14.88,-0.01,89,132447,卖盘
2428,14:06:27,14.88,0.0,8,11904,卖盘
2429,14:06:30,14.88,0.0,59,87802,卖盘
2430,14:06:33,14.88,0.0,8,11904,买盘
2431,14:06:39,14.87,-0.01,2,2974,中性盘
2432,14:06:45,14.86,-0.01,132,196252,卖盘
2433,14:06:51,14.86,0.0,45,66870,买盘
2434,14:06:58,14.86,0.0,4,5944,买盘
2435,14:07:00,14.86,0.0,12,17832,买盘
2436,14:07:06,14.85,-0.01,10,14850,卖盘
2437,14:07:09,14.86,0.01,27,40122,买盘
2438,14:07:15,14.86,0.0,14,20797,买盘
2439,14:07:22,14.86,0.0,1,1486,买盘
2440,14:07:24,14.85,-0.01,10,14850,卖盘
2441,14:07:28,14.86,0.01,5,7430,买盘
2442,14:07:33,14.85,-0.01,7,10395,卖盘
2443,14:07:36,14.85,0.0,10,14850,卖盘
2444,14:07:39,14.86,0.01,56,83216,买盘
2445,14:07:45,14.86,0.0,47,70748,买盘
2446,14:07:57,14.87,0.01,2,2974,买盘
2447,14:08:00,14.86,-0.01,20,29720,卖盘
2448,14:08:06,14.87,0.01,14,20808,买盘
2449,14:08:12,14.87,0.0,15,22305,买盘
2450,14:08:15,14.86,-0.01,33,48132,卖盘
2451,14:08:21,14.85,-0.01,5,7425,卖盘
2452,14:08:24,14.86,0.01,6,8916,买盘
2453,14:08:27,14.85,-0.01,11,16343,卖盘
2454,14:08:33,14.86,0.01,29,43068,买盘
2455,14:08:36,14.85,-0.01,35,51975,卖盘
2456,14:08:40,14.85,0.0,6,8910,卖盘
2457,14:08:49,14.85,0.0,9,13359,买盘
2458,14:08:54,14.84,-0.01,3,4452,卖盘
2459,14:09:12,14.84,0.0,23,34142,卖盘
2460,14:09:15,14.85,0.01,17,25235,买盘
2461,14:09:18,14.84,-0.01,14,20780,卖盘
2462,14:09:21,14.84,0.0,54,80136,卖盘
2463,14:09:33,14.84,0.0,6,8907,卖盘
2464,14:09:39,14.84,0.0,7,10388,卖盘
2465,14:09:48,14.84,0.0,1,1484,卖盘
2466,14:09:57,14.85,0.01,2,2970,买盘
2467,14:10:00,14.84,-0.01,24,35616,卖盘
2468,14:10:03,14.85,0.01,11,16329,买盘
2469,14:10:15,14.85,0.0,2,2970,买盘
2470,14:10:21,14.84,-0.01,13,19300,卖盘
2471,14:10:27,14.85,0.01,14,20790,买盘
2472,14:10:30,14.85,0.0,3,4455,买盘
2473,14:10:33,14.85,0.0,22,32663,买盘
2474,14:10:36,14.84,-0.01,30,44520,卖盘
2475,14:10:49,14.85,0.01,70,103949,买盘
2476,14:10:51,14.85,0.0,12,17820,买盘
2477,14:11:09,14.85,0.0,2,2970,买盘
2478,14:11:12,14.84,-0.01,20,29690,卖盘
2479,14:11:18,14.84,0.0,25,37114,卖盘
2480,14:11:21,14.85,0.01,66,98010,买盘
2481,14:11:24,14.85,0.0,28,41580,买盘
2482,14:11:27,14.84,-0.01,8,11872,卖盘
2483,14:11:30,14.85,0.01,2,2970,买盘
2484,14:11:36,14.84,-0.01,13,19292,卖盘
2485,14:11:42,14.84,0.0,8,11865,买盘
2486,14:11:45,14.84,0.0,3,4452,买盘
2487,14:11:51,14.83,-0.01,6,8898,卖盘
2488,14:11:54,14.84,0.01,2,2968,买盘
2489,14:12:03,14.84,0.0,2,2968,买盘
2490,14:12:06,14.84,0.0,1,1484,买盘
2491,14:12:15,14.84,0.0,6,8904,买盘
2492,14:12:22,14.83,0.0,13,19288,卖盘
2493,14:12:33,14.84,0.01,4,5936,买盘
2494,14:12:39,14.84,0.0,17,25221,买盘
2495,14:12:48,14.82,-0.02,346,512132,卖盘
2496,14:12:51,14.82,0.0,19,28158,买盘
2497,14:12:54,14.82,0.0,14,20748,买盘
2498,14:13:00,14.82,0.0,402,595364,买盘
2499,14:13:03,14.82,0.0,14,20748,买盘
2500,14:13:06,14.82,0.0,13,20007,买盘
2501,14:13:18,14.84,0.02,3,4452,买盘
2502,14:13:31,14.84,0.0,3,4452,买盘
2503,14:13:36,14.83,-0.01,7,10381,卖盘
2504,14:13:48,14.85,0.02,3,4454,买盘
2505,14:14:04,14.85,0.0,4,5940,买盘
2506,14:14:06,14.85,0.0,8,11880,买盘
2507,14:14:09,14.85,0.0,5,7425,买盘
2508,14:14:21,14.83,-0.02,5,7415,卖盘
2509,14:14:25,14.83,0.0,2,2966,卖盘
2510,14:14:30,14.83,0.0,7,10383,卖盘
2511,14:14:33,14.83,0.0,11,16321,卖盘
2512,14:14:39,14.83,0.0,2,2966,卖盘
2513,14:14:42,14.82,-0.01,100,148286,卖盘
2514,14:14:48,14.82,0.0,110,163042,卖盘
2515,14:14:51,14.82,0.0,1,1482,卖盘
2516,14:14:55,14.82,0.0,3,4446,卖盘
2517,14:14:57,14.82,0.0,3,4446,卖盘
2518,14:15:00,14.82,0.0,33,48906,卖盘
2519,14:15:04,14.82,0.0,8,11861,卖盘
2520,14:15:09,14.83,0.01,4,5932,买盘
2521,14:15:12,14.82,-0.01,12,17784,卖盘
2522,14:15:18,14.82,0.0,15,22230,卖盘
2523,14:15:36,14.83,0.01,3,4449,买盘
2524,14:15:39,14.82,-0.01,7,10374,卖盘
2525,14:15:42,14.83,0.01,1,1483,买盘
2526,14:15:45,14.82,-0.01,29,42237,卖盘
2527,14:15:48,14.82,0.0,10,14820,买盘
2528,14:15:54,14.82,0.0,3,4446,买盘
2529,14:16:03,14.82,0.0,5,7410,买盘
2530,14:16:09,14.82,0.0,8,11856,买盘
2531,14:16:12,14.82,0.0,2,2964,买盘
2532,14:16:18,14.82,0.0,24,35568,买盘
2533,14:16:21,14.81,-0.01,3,4443,卖盘
2534,14:16:27,14.82,0.01,30,44460,买盘
2535,14:16:30,14.82,0.0,3,4446,买盘
2536,14:16:33,14.81,-0.01,17,25177,卖盘
2537,14:16:36,14.81,0.0,30,44430,卖盘
2538,14:16:39,14.82,0.01,13,19266,买盘
2539,14:16:51,14.82,0.0,2,2964,买盘
2540,14:17:00,14.81,-0.01,20,29620,卖盘
2541,14:17:06,14.82,0.01,2,2964,买盘
2542,14:17:09,14.82,0.0,1,1482,买盘
2543,14:17:21,14.82,0.0,17,25179,买盘
2544,14:17:24,14.82,0.0,5,7410,买盘
2545,14:17:27,14.82,0.0,69,102193,买盘
2546,14:17:36,14.81,-0.01,15,22215,卖盘
2547,14:17:39,14.82,0.01,1,1482,买盘
2548,14:17:42,14.82,0.0,4,5928,买盘
2549,14:17:51,14.82,0.0,1,1482,买盘
2550,14:17:54,14.82,0.0,50,74100,买盘
2551,14:17:57,14.82,0.0,8,11856,买盘
2552,14:18:04,14.81,-0.01,32,47392,卖盘
2553,14:18:09,14.82,0.01,2,2964,买盘
2554,14:18:15,14.82,0.0,1,1482,买盘
2555,14:18:18,14.82,0.0,1,1482,买盘
2556,14:18:24,14.81,-0.01,4,5924,卖盘
2557,14:18:30,14.81,0.0,36,54058,卖盘
2558,14:18:39,14.81,0.0,7,10367,卖盘
2559,14:18:42,14.82,0.01,3,4446,买盘
2560,14:18:45,14.82,0.0,4,5928,买盘
2561,14:18:51,14.82,0.0,1,1482,买盘
2562,14:18:57,14.82,0.0,1,1482,买盘
2563,14:19:15,14.82,0.0,1,1482,买盘
2564,14:19:18,14.81,-0.01,5,7405,卖盘
2565,14:19:21,14.82,0.01,1,1482,买盘
2566,14:19:24,14.8,-0.02,204,301366,卖盘
2567,14:19:30,14.81,0.01,1,1481,买盘
2568,14:19:33,14.81,0.0,1,1481,买盘
2569,14:19:39,14.82,0.01,49,72590,买盘
2570,14:19:49,14.8,-0.02,11,16281,卖盘
2571,14:19:54,14.82,0.02,12,17784,买盘
2572,14:19:57,14.82,0.0,73,108186,买盘
2573,14:20:06,14.82,0.0,1,1482,买盘
2574,14:20:09,14.81,-0.01,20,29639,中性盘
2575,14:20:18,14.82,0.01,1,1482,买盘
2576,14:20:24,14.8,-0.02,3,4442,卖盘
2577,14:20:33,14.81,0.01,8,11848,买盘
2578,14:20:36,14.8,-0.01,83,123580,卖盘
2579,14:20:39,14.82,0.02,9,13332,买盘
2580,14:20:54,14.82,0.0,2,2964,买盘
2581,14:21:00,14.82,0.0,4,5928,买盘
2582,14:21:03,14.81,-0.01,5,7405,卖盘
2583,14:21:09,14.81,0.0,2,2962,卖盘
2584,14:21:15,14.82,0.01,8,11856,买盘
2585,14:21:18,14.82,0.0,1,1482,买盘
2586,14:21:21,14.82,0.0,2,2964,买盘
2587,14:21:24,14.82,0.0,15,22230,买盘
2588,14:21:33,14.82,0.0,14,20748,卖盘
2589,14:21:39,14.83,0.01,1,1483,买盘
2590,14:21:42,14.83,0.0,37,54871,买盘
2591,14:21:48,14.83,0.0,8,11864,买盘
2592,14:21:51,14.83,0.0,1,1483,买盘
2593,14:21:54,14.82,-0.01,7,10374,卖盘
2594,14:22:00,14.83,0.01,30,44490,买盘
2595,14:22:06,14.82,-0.01,10,14820,卖盘
2596,14:22:09,14.83,0.01,10,14830,买盘
2597,14:22:12,14.83,0.0,4,5932,买盘
2598,14:22:15,14.83,0.0,16,23728,买盘
2599,14:22:21,14.83,0.0,3,4449,买盘
2600,14:22:24,14.82,-0.01,6,8892,卖盘
2601,14:22:30,14.83,0.01,1,1483,买盘
2602,14:22:33,14.83,0.0,1,1483,买盘
2603,14:22:39,14.82,-0.01,7,10374,卖盘
2604,14:22:45,14.83,0.01,2,2966,买盘
2605,14:22:54,14.83,0.0,5,7415,买盘
2606,14:23:00,14.8,-0.03,158,234058,卖盘
2607,14:23:04,14.83,0.03,1,1483,买盘
2608,14:23:12,14.83,0.0,67,99361,买盘
2609,14:23:18,14.82,-0.01,16,23712,卖盘
2610,14:23:21,14.82,0.0,4,5928,买盘
2611,14:23:24,14.82,0.0,6,8896,卖盘
2612,14:23:27,14.82,0.0,37,54834,买盘
2613,14:23:34,14.82,0.0,10,14820,买盘
2614,14:23:36,14.82,0.0,1,1482,买盘
2615,14:23:39,14.81,-0.01,7,10367,卖盘
2616,14:23:42,14.82,0.01,8,11856,买盘
2617,14:23:45,14.82,0.0,5,7410,买盘
2618,14:23:48,14.82,0.0,1,1482,买盘
2619,14:23:54,14.82,0.0,2,2964,买盘
2620,14:24:00,14.81,-0.01,3,4444,卖盘
2621,14:24:13,14.82,0.01,2,2964,买盘
2622,14:24:21,14.81,-0.01,10,14810,卖盘
2623,14:24:24,14.81,0.0,4,5924,卖盘
2624,14:24:28,14.82,0.01,1,1482,买盘
2625,14:24:31,14.82,0.0,4,5928,买盘
2626,14:24:34,14.81,-0.01,103,152543,卖盘
2627,14:24:36,14.8,-0.01,204,301920,卖盘
2628,14:24:39,14.81,0.01,10,14810,买盘
2629,14:24:45,14.81,0.0,2,2962,买盘
2630,14:24:48,14.8,-0.01,8,11840,卖盘
2631,14:24:52,14.81,0.01,1,1481,买盘
2632,14:25:00,14.8,-0.01,9,13320,卖盘
2633,14:25:03,14.81,0.01,3,4443,买盘
2634,14:25:21,14.81,0.0,3,4443,买盘
2635,14:25:36,14.81,0.0,8,11841,买盘
2636,14:25:39,14.81,0.0,1,1481,买盘
2637,14:25:42,14.81,0.0,14,20734,买盘
2638,14:25:45,14.81,0.0,2,2962,买盘
2639,14:25:48,14.81,0.0,5,7405,买盘
2640,14:26:01,14.81,0.0,3,4443,买盘
2641,14:26:18,14.8,-0.01,1,1480,卖盘
2642,14:26:21,14.81,0.01,1,1481,买盘
2643,14:26:24,14.8,-0.01,5,7400,卖盘
2644,14:26:33,14.8,0.0,21,31090,卖盘
2645,14:26:36,14.81,0.01,4,5924,买盘
2646,14:26:39,14.8,-0.01,196,289340,卖盘
2647,14:26:45,14.8,0.0,1,1480,买盘
2648,14:26:48,14.8,0.0,4,5920,买盘
2649,14:26:51,14.8,0.0,8,11840,买盘
2650,14:26:54,14.8,0.0,32,48100,买盘
2651,14:26:57,14.81,0.01,2,2962,买盘
2652,14:27:06,14.8,-0.01,96,141340,卖盘
2653,14:27:09,14.8,0.0,2,2960,买盘
2654,14:27:15,14.8,0.0,2,2960,买盘
2655,14:27:21,14.8,0.0,2,3700,买盘
2656,14:27:30,14.81,0.01,4,5924,买盘
2657,14:27:33,14.8,-0.01,1,1480,卖盘
2658,14:27:36,14.81,0.01,8,11848,买盘
2659,14:27:42,14.8,-0.01,50,74000,卖盘
2660,14:27:48,14.81,0.01,102,151062,买盘
2661,14:27:54,14.81,0.0,13,19243,买盘
2662,14:27:57,14.81,0.0,44,65164,买盘
2663,14:28:04,14.81,0.0,14,20734,买盘
2664,14:28:06,14.81,0.0,22,32582,买盘
2665,14:28:09,14.82,0.01,2,2964,买盘
2666,14:28:18,14.82,0.0,131,194142,买盘
2667,14:28:25,14.82,0.0,4,5928,卖盘
2668,14:28:27,14.83,0.01,3,4449,买盘
2669,14:28:30,14.83,0.0,14,20762,买盘
2670,14:28:33,14.83,0.0,13,19279,买盘
2671,14:28:57,14.83,0.0,7,10381,卖盘
2672,14:29:09,14.84,0.01,3,4452,买盘
2673,14:29:12,14.84,0.0,1,1484,买盘
2674,14:29:15,14.84,0.0,8,11872,买盘
2675,14:29:24,14.84,0.0,20,29680,买盘
2676,14:29:30,14.84,0.0,16,23744,买盘
2677,14:29:34,14.84,0.0,10,14840,买盘
2678,14:29:46,14.84,0.0,87,129108,买盘
2679,14:29:49,14.84,0.0,1,1484,卖盘
2680,14:29:54,14.84,0.0,2,2968,卖盘
2681,14:29:57,14.84,0.0,10,14840,卖盘
2682,14:30:00,14.84,0.0,1,1484,买盘
2683,14:30:09,14.84,0.0,10,14840,买盘
2684,14:30:13,14.83,-0.01,3,4449,卖盘
2685,14:30:15,14.84,0.01,4,5936,买盘
2686,14:30:21,14.84,0.0,19,28200,卖盘
2687,14:30:25,14.84,0.0,4,5937,卖盘
2688,14:30:33,14.85,0.01,1,1485,买盘
2689,14:30:36,14.84,-0.01,11,16324,卖盘
2690,14:30:39,14.84,0.0,1,1484,买盘
2691,14:30:51,14.83,-0.01,148,219513,卖盘
2692,14:30:54,14.83,0.0,1,1483,买盘
2693,14:31:04,14.83,0.0,77,114191,买盘
2694,14:31:12,14.83,0.0,26,38558,买盘
2695,14:31:19,14.83,0.0,8,11864,买盘
2696,14:31:21,14.83,0.0,10,14830,买盘
2697,14:31:24,14.83,0.0,2,2966,买盘
2698,14:31:30,14.83,0.0,1,1483,买盘
2699,14:31:33,14.83,0.0,27,40041,买盘
2700,14:31:36,14.85,0.02,4,5940,买盘
2701,14:31:54,14.83,-0.02,5,7415,卖盘
2702,14:32:21,14.84,0.01,10,14840,卖盘
2703,14:32:24,14.83,-0.01,5,7415,卖盘
2704,14:32:33,14.84,0.01,1,1484,买盘
2705,14:32:48,14.83,-0.01,135,200215,卖盘
2706,14:32:54,14.83,0.0,94,139402,买盘
2707,14:32:57,14.83,0.0,2,2966,买盘
2708,14:33:03,14.83,0.0,17,25211,买盘
2709,14:33:06,14.83,0.0,3,4449,买盘
2710,14:33:09,14.83,0.0,3,4449,买盘
2711,14:33:12,14.83,0.0,10,14934,买盘
2712,14:33:21,14.84,0.01,17,25224,买盘
2713,14:33:27,14.84,0.0,15,22260,买盘
2714,14:33:36,14.84,0.0,5,7420,买盘
2715,14:33:39,14.83,-0.01,1,1483,卖盘
2716,14:33:42,14.84,0.01,3,4452,买盘
2717,14:33:51,14.84,0.0,11,16324,买盘
2718,14:33:54,14.84,0.0,20,29680,卖盘
2719,14:33:57,14.85,0.01,4,5940,买盘
2720,14:34:12,14.84,-0.01,14,20776,卖盘
2721,14:34:15,14.85,0.01,17,25238,买盘
2722,14:34:25,14.84,-0.01,6,8904,卖盘
2723,14:34:28,14.84,0.0,14,20776,卖盘
2724,14:34:45,14.84,0.0,10,14840,买盘
2725,14:34:48,14.84,0.0,1,1484,买盘
2726,14:34:54,14.84,0.0,1,1484,买盘
2727,14:34:57,14.83,-0.01,13,19281,卖盘
2728,14:35:01,14.84,0.01,3,4452,卖盘
2729,14:35:04,14.84,0.0,5,7424,卖盘
2730,14:35:06,14.84,0.0,11,16332,卖盘
2731,14:35:15,14.84,0.0,20,29680,卖盘
2732,14:35:18,14.84,0.0,1,1484,卖盘
2733,14:35:39,14.84,0.0,1,1484,买盘
2734,14:35:45,14.83,-0.01,14,20762,卖盘
2735,14:35:51,14.84,0.01,1,1484,买盘
2736,14:35:54,14.84,0.0,53,78652,买盘
2737,14:36:18,14.83,-0.01,1,1483,卖盘
2738,14:36:21,14.81,-0.02,1032,1528980,卖盘
2739,14:36:24,14.81,0.0,6,8894,卖盘
2740,14:36:27,14.84,0.03,9,13351,买盘
2741,14:36:49,14.81,-0.03,364,538980,卖盘
2742,14:36:52,14.8,-0.01,12,17760,卖盘
2743,14:36:55,14.81,0.01,3,4443,买盘
2744,14:36:58,14.81,0.0,40,59240,买盘
2745,14:37:01,14.81,0.0,8,11848,买盘
2746,14:37:06,14.81,0.0,57,84417,买盘
2747,14:37:09,14.81,0.0,11,16291,买盘
2748,14:37:15,14.81,0.0,24,35544,买盘
2749,14:37:18,14.81,0.0,16,23800,买盘
2750,14:37:21,14.81,0.0,12,17772,卖盘
2751,14:37:24,14.83,0.02,4,5932,买盘
2752,14:37:27,14.8,-0.03,40,59209,卖盘
2753,14:37:33,14.8,0.0,2,2960,卖盘
2754,14:37:36,14.8,0.0,20,29600,卖盘
2755,14:37:39,14.8,0.0,20,29600,卖盘
2756,14:37:42,14.8,0.0,30,44400,卖盘
2757,14:37:46,14.8,0.0,11,16280,卖盘
2758,14:37:49,14.81,0.01,80,118480,买盘
2759,14:37:54,14.81,0.0,6,8886,买盘
2760,14:37:57,14.8,-0.01,69,102016,卖盘
2761,14:38:04,14.79,-0.01,3,4437,卖盘
2762,14:38:09,14.8,0.01,73,107478,买盘
2763,14:38:18,14.81,0.01,50,74050,买盘
2764,14:38:22,14.8,-0.01,4,5920,卖盘
2765,14:38:27,14.81,0.01,27,39983,买盘
2766,14:38:33,14.8,-0.01,10,14800,卖盘
2767,14:38:39,14.81,0.01,4,5924,买盘
2768,14:38:42,14.81,0.0,246,364326,买盘
2769,14:38:51,14.83,0.02,30,44490,买盘
2770,14:38:55,14.83,0.0,18,26694,买盘
2771,14:38:57,14.83,0.0,8,11864,买盘
2772,14:39:15,14.82,-0.01,1,1482,中性盘
2773,14:39:27,14.82,0.0,16,23712,卖盘
2774,14:39:30,14.82,0.0,12,17784,买盘
2775,14:39:36,14.81,-0.01,9,13329,卖盘
2776,14:39:57,14.82,0.01,76,112632,买盘
2777,14:40:00,14.82,0.0,1,1482,买盘
2778,14:40:04,14.82,0.0,5,7410,买盘
2779,14:40:09,14.82,0.0,9,13338,买盘
2780,14:40:15,14.83,0.01,48,71184,买盘
2781,14:40:24,14.83,0.0,6,8898,买盘
2782,14:40:27,14.82,-0.01,5,7410,卖盘
2783,14:40:33,14.82,0.0,10,14820,卖盘
2784,14:40:39,14.83,0.01,133,197237,买盘
2785,14:40:42,14.84,0.01,1,1484,买盘
2786,14:40:54,14.84,0.0,35,51906,买盘
2787,14:41:00,14.84,0.0,46,68229,买盘
2788,14:41:04,14.83,-0.01,5,7415,卖盘
2789,14:41:06,14.84,0.01,30,44515,买盘
2790,14:41:15,14.84,0.0,14,20776,买盘
2791,14:41:28,14.83,-0.01,14,20762,买盘
2792,14:41:36,14.83,0.0,3,4449,买盘
2793,14:41:39,14.82,-0.01,50,74100,卖盘
2794,14:41:42,14.83,0.01,1,1483,买盘
2795,14:41:45,14.83,0.0,2,2966,买盘
2796,14:41:54,14.83,0.0,7,10381,买盘
2797,14:41:57,14.83,0.0,150,222450,买盘
2798,14:42:04,14.83,0.0,20,29660,买盘
2799,14:42:06,14.82,-0.01,40,59280,卖盘
2800,14:42:09,14.82,0.0,19,28158,买盘
2801,14:42:27,14.83,0.01,44,65248,买盘
2802,14:42:30,14.82,-0.01,1,1482,卖盘
2803,14:42:45,14.81,-0.01,206,305218,卖盘
2804,14:42:51,14.83,0.02,100,148300,买盘
2805,14:42:54,14.81,-0.02,205,303606,卖盘
2806,14:43:04,14.82,0.01,1,1482,买盘
2807,14:43:12,14.83,0.01,123,182351,买盘
2808,14:43:24,14.83,0.0,1,1483,卖盘
2809,14:43:33,14.83,0.0,282,418206,卖盘
2810,14:43:40,14.82,-0.01,5,7410,卖盘
2811,14:43:43,14.83,0.01,100,148300,买盘
2812,14:43:45,14.85,0.02,805,1194214,买盘
2813,14:43:54,14.85,0.0,30,44550,卖盘
2814,14:43:57,14.85,0.0,164,244238,卖盘
2815,14:44:00,14.85,0.0,20,29700,买盘
2816,14:44:04,14.82,-0.03,4,5928,卖盘
2817,14:44:06,14.85,0.03,5,7425,买盘
2818,14:44:09,14.85,0.0,6,8910,买盘
2819,14:44:24,14.85,0.0,169,250267,买盘
2820,14:44:27,14.85,0.0,105,155925,卖盘
2821,14:44:33,14.85,0.0,2,2970,卖盘
2822,14:44:36,14.83,-0.02,181,269424,卖盘
