,time,price,change,volume,amount,type
0,09:25:04,3.81,0.03,373,142113,卖盘
1,09:30:03,3.83,0.02,797,304944,买盘
2,09:30:06,3.83,0.0,191,73251,卖盘
3,09:30:15,3.83,0.0,10,3832,卖盘
4,09:30:21,3.84,0.01,16,6138,买盘
5,09:30:24,3.83,-0.01,100,38300,卖盘
6,09:30:27,3.82,-0.01,1201,458696,卖盘
7,09:30:30,3.82,0.0,14,5348,买盘
8,09:30:33,3.82,0.0,1196,457139,买盘
9,09:30:36,3.83,0.01,96,36718,买盘
10,09:30:39,3.84,0.01,276,105983,买盘
11,09:30:42,3.84,0.0,69,26496,买盘
12,09:30:45,3.84,0.0,22,8448,买盘
13,09:30:51,3.83,-0.01,20,7660,卖盘
14,09:30:54,3.84,0.01,6,2299,买盘
15,09:30:57,3.83,-0.01,89,34150,卖盘
16,09:31:04,3.84,0.01,59,22656,买盘
17,09:31:06,3.84,0.0,57,21832,买盘
18,09:31:09,3.83,-0.01,208,79808,卖盘
19,09:31:13,3.84,0.01,10,3840,买盘
20,09:31:16,3.83,-0.01,164,62919,卖盘
21,09:31:18,3.84,0.01,16,6144,买盘
22,09:31:21,3.84,0.0,1555,597067,买盘
23,09:31:25,3.83,-0.01,147,56405,卖盘
24,09:31:28,3.83,0.0,2,766,买盘
25,09:31:30,3.83,0.0,1,383,买盘
26,09:31:33,3.82,-0.01,102,39008,卖盘
27,09:31:36,3.84,0.02,788,302256,买盘
28,09:31:39,3.82,-0.02,47,17995,卖盘
29,09:31:48,3.84,0.02,281,107843,买盘
30,09:31:51,3.84,0.0,19,7296,卖盘
31,09:31:54,3.83,-0.01,47,18001,卖盘
32,09:32:03,3.83,0.0,59,22597,卖盘
33,09:32:07,3.83,0.0,478,183182,卖盘
34,09:32:09,3.83,0.0,209,80147,卖盘
35,09:32:12,3.82,-0.01,23,8807,卖盘
36,09:32:15,3.83,0.01,1,383,买盘
37,09:32:18,3.83,0.0,175,67045,买盘
38,09:32:21,3.84,0.01,1,384,买盘
39,09:32:24,3.84,0.0,39,14976,买盘
40,09:32:27,3.84,0.0,26,9964,买盘
41,09:32:30,3.84,0.0,1,384,买盘
42,09:32:34,3.84,0.0,27,10368,买盘
43,09:32:36,3.84,0.0,1,384,买盘
44,09:32:39,3.83,-0.01,201,76984,卖盘
45,09:32:42,3.84,0.01,26,9969,买盘
46,09:32:45,3.83,-0.01,72,27579,卖盘
47,09:32:48,3.83,0.0,243,93087,卖盘
48,09:32:51,3.83,0.0,76,29108,买盘
49,09:32:55,3.83,0.0,32,12258,卖盘
50,09:32:57,3.83,0.0,6,2299,卖盘
51,09:33:00,3.83,0.0,237,90772,卖盘
52,09:33:03,3.83,0.0,101,38683,买盘
53,09:33:06,3.84,0.01,341,130863,买盘
54,09:33:09,3.84,0.0,28,10747,买盘
55,09:33:12,3.83,-0.01,47,18001,卖盘
56,09:33:16,3.83,0.0,72,27578,卖盘
57,09:33:19,3.83,0.0,263,100730,卖盘
58,09:33:21,3.84,0.01,173,66310,买盘
59,09:33:24,3.84,0.0,1,384,买盘
60,09:33:27,3.84,0.0,135,51840,买盘
61,09:33:31,3.84,0.0,846,324755,买盘
62,09:33:34,3.84,0.0,30,11520,买盘
63,09:33:36,3.84,0.0,539,206961,买盘
64,09:33:39,3.84,0.0,1,384,买盘
65,09:33:42,3.84,0.0,2,768,买盘
66,09:33:45,3.84,0.0,1,384,买盘
67,09:33:49,3.84,0.0,662,254196,买盘
68,09:33:51,3.85,0.01,22,8451,买盘
69,09:33:54,3.84,-0.01,73,28035,卖盘
70,09:33:57,3.84,0.0,165,63435,卖盘
71,09:34:00,3.84,0.0,175,67370,卖盘
72,09:34:03,3.85,0.01,194,74527,买盘
73,09:34:06,3.85,0.0,14,5390,买盘
74,09:34:09,3.85,0.0,98,37730,买盘
75,09:34:12,3.85,0.0,132,50820,买盘
76,09:34:15,3.85,0.0,733,282172,买盘
77,09:34:18,3.85,0.0,23,8835,买盘
78,09:34:21,3.85,0.0,10,3850,买盘
79,09:34:24,3.85,0.0,38,14627,买盘
80,09:34:27,3.85,0.0,1,385,买盘
81,09:34:31,3.85,0.0,87,33492,买盘
82,09:34:34,3.84,-0.01,106,40800,卖盘
83,09:34:36,3.85,0.01,98,37730,买盘
84,09:34:39,3.85,0.0,101,38885,买盘
85,09:34:42,3.85,0.0,283,108955,买盘
86,09:34:45,3.85,0.0,368,141670,买盘
87,09:34:48,3.85,0.0,73,28105,买盘
88,09:34:51,3.85,0.0,52,20020,卖盘
89,09:34:54,3.86,0.01,2,772,买盘
90,09:34:57,3.85,-0.01,32,12322,卖盘
91,09:35:01,3.86,0.01,56,21566,买盘
92,09:35:04,3.86,0.0,31,11966,买盘
93,09:35:06,3.86,0.0,2,772,买盘
94,09:35:09,3.86,0.0,219,84532,买盘
95,09:35:12,3.86,0.0,64,24654,买盘
96,09:35:16,3.86,0.0,119,45934,买盘
97,09:35:19,3.86,0.0,62,23932,买盘
98,09:35:21,3.86,0.0,806,311116,买盘
99,09:35:24,3.86,0.0,23,8878,买盘
100,09:35:27,3.86,0.0,37,14282,买盘
101,09:35:30,3.86,0.0,250,96483,买盘
102,09:35:33,3.86,0.0,290,111941,卖盘
103,09:35:36,3.86,0.0,36,13896,买盘
104,09:35:39,3.86,0.0,76,29336,买盘
105,09:35:42,3.85,-0.01,32,12326,卖盘
106,09:35:45,3.86,0.01,55,21230,买盘
107,09:35:48,3.86,0.0,1,386,买盘
108,09:35:51,3.85,-0.01,29,11189,卖盘
109,09:35:54,3.86,0.01,49,18905,买盘
110,09:35:57,3.86,0.0,13,5008,买盘
111,09:36:00,3.86,0.0,283,109238,买盘
112,09:36:04,3.86,0.0,139,53654,买盘
113,09:36:06,3.86,0.0,87,33578,买盘
114,09:36:10,3.86,0.0,2,772,买盘
115,09:36:13,3.85,-0.01,5,1926,卖盘
116,09:36:15,3.86,0.01,30,11580,买盘
117,09:36:18,3.86,0.0,115,44390,买盘
118,09:36:21,3.86,0.0,1,386,买盘
119,09:36:24,3.85,-0.01,13,5006,卖盘
120,09:36:28,3.85,0.0,16,6161,卖盘
121,09:36:30,3.85,0.0,48,18521,卖盘
122,09:36:33,3.85,0.0,51,19636,卖盘
123,09:36:36,3.85,0.0,257,98946,卖盘
124,09:36:39,3.85,0.0,103,39656,卖盘
125,09:36:42,3.85,0.0,720,277252,卖盘
126,09:36:45,3.85,0.0,191,73536,卖盘
127,09:36:48,3.85,0.0,86,33110,买盘
128,09:36:51,3.85,0.0,34,13090,买盘
129,09:36:54,3.85,0.0,3,1155,买盘
130,09:36:57,3.85,0.0,2,770,买盘
131,09:37:00,3.85,0.0,1,385,买盘
132,09:37:03,3.84,-0.01,87,33440,卖盘
133,09:37:06,3.85,0.01,24,9240,买盘
134,09:37:12,3.84,-0.01,97,37256,卖盘
135,09:37:15,3.84,0.0,133,51074,卖盘
136,09:37:19,3.84,0.0,125,48000,卖盘
137,09:37:21,3.84,0.0,52,19968,卖盘
138,09:37:24,3.85,0.01,841,323606,买盘
139,09:37:27,3.84,-0.01,93,35792,买盘
140,09:37:36,3.84,0.0,4,1536,买盘
141,09:37:42,3.84,0.0,10,3840,买盘
142,09:37:45,3.84,0.0,44,16896,买盘
143,09:37:54,3.84,0.0,169,64896,买盘
144,09:37:57,3.84,0.0,52,19968,买盘
145,09:38:00,3.83,-0.01,97,37168,卖盘
146,09:38:04,3.84,0.01,5,1920,卖盘
147,09:38:07,3.84,0.0,40,15360,卖盘
148,09:38:09,3.84,0.0,15,5760,卖盘
149,09:38:15,3.85,0.01,93,35800,买盘
150,09:38:21,3.85,0.0,19,7315,买盘
151,09:38:24,3.85,0.0,83,31950,买盘
152,09:38:27,3.84,-0.01,124,47730,卖盘
153,09:38:30,3.84,0.0,20,7680,卖盘
154,09:38:34,3.84,0.0,60,23040,卖盘
155,09:38:39,3.85,0.01,400,154000,买盘
156,09:38:42,3.84,-0.01,17,6528,卖盘
157,09:38:45,3.85,0.01,37,14245,买盘
158,09:38:48,3.85,0.0,8,3080,买盘
159,09:39:00,3.85,0.0,401,154385,买盘
160,09:39:06,3.85,0.0,82,31570,买盘
161,09:39:09,3.84,-0.01,2,768,卖盘
162,09:39:15,3.85,0.01,16,6160,买盘
163,09:39:18,3.85,0.0,17,6545,买盘
164,09:39:21,3.85,0.0,10,3850,买盘
165,09:39:25,3.84,-0.01,11,4225,卖盘
166,09:39:27,3.84,0.0,19,7301,卖盘
167,09:39:30,3.84,0.0,134,51457,卖盘
168,09:39:33,3.84,0.0,88,33792,卖盘
169,09:39:36,3.85,0.01,25,9606,买盘
170,09:39:39,3.84,-0.01,57,21888,卖盘
171,09:39:42,3.84,0.0,18,6912,卖盘
172,09:39:45,3.84,0.0,73,28032,卖盘
173,09:39:48,3.84,0.0,21,8064,卖盘
174,09:39:51,3.84,0.0,96,36864,卖盘
175,09:39:54,3.83,-0.01,26,9958,卖盘
176,09:39:57,3.84,0.01,40,15360,买盘
177,09:40:00,3.84,0.0,5,1920,买盘
178,09:40:04,3.84,0.0,20,7680,买盘
179,09:40:06,3.83,-0.01,30,11490,卖盘
180,09:40:09,3.84,0.01,24,9216,买盘
181,09:40:16,3.83,-0.01,10,3830,卖盘
182,09:40:21,3.84,0.01,54,20736,买盘
183,09:40:24,3.83,-0.01,8,3064,卖盘
184,09:40:27,3.83,0.0,1788,684804,卖盘
185,09:40:30,3.82,-0.01,500,191000,卖盘
186,09:40:33,3.83,0.01,48,18346,买盘
187,09:40:36,3.82,-0.01,100,38200,卖盘
188,09:40:39,3.82,0.0,29,11078,卖盘
189,09:40:42,3.82,0.0,26,9936,卖盘
190,09:40:45,3.83,0.01,33,12634,买盘
191,09:40:51,3.82,-0.01,10,3820,买盘
192,09:40:54,3.81,-0.01,32,12214,卖盘
193,09:40:57,3.81,0.0,12,4572,卖盘
194,09:41:00,3.81,0.0,13,4963,卖盘
195,09:41:06,3.81,0.0,71,27101,卖盘
196,09:41:13,3.81,0.0,123,46863,卖盘
197,09:41:18,3.82,0.01,643,245010,买盘
198,09:41:21,3.81,-0.01,172,65532,卖盘
199,09:41:24,3.82,0.01,1,382,买盘
200,09:41:27,3.81,-0.01,33,12573,卖盘
201,09:41:33,3.81,0.0,5,1905,卖盘
202,09:41:36,3.82,0.01,5,1910,买盘
203,09:41:42,3.82,0.0,3,1145,买盘
204,09:41:45,3.81,-0.01,12,4574,卖盘
205,09:41:48,3.82,0.01,1,382,买盘
206,09:41:52,3.82,0.0,2,764,买盘
207,09:41:54,3.82,0.0,110,42010,买盘
208,09:41:57,3.81,-0.01,5,1905,卖盘
209,09:42:00,3.81,0.0,30,11430,卖盘
210,09:42:04,3.82,0.01,14,5348,买盘
211,09:42:06,3.82,0.0,3,1146,买盘
212,09:42:10,3.82,0.0,15,5730,买盘
213,09:42:12,3.82,0.0,163,62266,买盘
214,09:42:15,3.82,0.0,35,13370,买盘
215,09:42:24,3.82,0.01,34,12988,买盘
216,09:42:33,3.82,0.0,35,13370,买盘
217,09:42:36,3.81,-0.01,31,11811,卖盘
218,09:42:39,3.82,0.01,13,4966,买盘
219,09:42:43,3.82,0.0,22,8404,买盘
220,09:42:48,3.81,-0.01,11,4191,卖盘
221,09:42:51,3.81,0.0,28,10668,卖盘
222,09:42:58,3.82,0.01,19,7258,买盘
223,09:43:00,3.82,0.0,27,10314,买盘
224,09:43:06,3.81,-0.01,77,29337,卖盘
225,09:43:09,3.81,0.0,22,8382,卖盘
226,09:43:21,3.82,0.01,12,4584,买盘
227,09:43:27,3.81,-0.01,50,19050,卖盘
228,09:43:33,3.81,0.0,20,7620,卖盘
229,09:43:39,3.81,0.0,74,28194,卖盘
230,09:43:42,3.81,0.0,28,10668,卖盘
231,09:43:45,3.81,0.0,224,85425,卖盘
232,09:43:48,3.81,0.0,215,81915,卖盘
233,09:43:57,3.81,0.0,536,204216,卖盘
234,09:44:00,3.81,0.0,290,110490,卖盘
235,09:44:04,3.81,0.0,7,2667,卖盘
236,09:44:06,3.8,-0.01,252,95894,卖盘
237,09:44:09,3.81,0.01,2,762,买盘
238,09:44:15,3.81,0.0,65,24765,买盘
239,09:44:24,3.8,-0.01,17,6462,卖盘
240,09:44:27,3.8,0.0,108,41040,卖盘
241,09:44:36,3.8,0.0,51,19380,卖盘
242,09:44:40,3.8,0.0,54,20521,卖盘
243,09:44:52,3.8,0.0,30,11400,卖盘
244,09:44:55,3.8,0.0,5,1900,卖盘
245,09:44:57,3.8,0.0,3,1140,卖盘
246,09:45:00,3.8,0.0,405,153900,卖盘
247,09:45:04,3.8,0.0,666,253080,卖盘
248,09:45:06,3.81,0.01,60,22825,买盘
249,09:45:09,3.79,-0.02,1,379,卖盘
250,09:45:12,3.79,0.0,40,15160,卖盘
251,09:45:18,3.8,0.01,58,22031,买盘
252,09:45:21,3.8,0.0,6,2280,买盘
253,09:45:24,3.8,0.0,41,15540,买盘
254,09:45:27,3.8,0.0,70,26600,买盘
255,09:45:30,3.79,-0.01,99,37611,卖盘
256,09:45:33,3.8,0.01,10,3800,买盘
257,09:45:36,3.79,-0.01,6,2274,卖盘
258,09:45:39,3.79,0.0,10,3790,卖盘
259,09:45:42,3.79,0.0,20,7580,卖盘
260,09:45:45,3.79,0.0,20,7580,卖盘
261,09:45:48,3.79,0.0,90,34150,卖盘
262,09:45:51,3.79,0.0,131,49649,卖盘
263,09:45:54,3.8,0.01,125,47465,买盘
264,09:45:57,3.8,0.0,330,125100,买盘
265,09:46:00,3.79,-0.01,351,133117,卖盘
266,09:46:06,3.78,-0.01,46,17398,卖盘
267,09:46:10,3.78,0.0,411,155358,卖盘
268,09:46:15,3.78,0.0,189,71442,买盘
269,09:46:18,3.78,0.0,55,20790,卖盘
270,09:46:21,3.78,0.0,15,5670,卖盘
271,09:46:24,3.78,0.0,30,11340,买盘
272,09:46:27,3.78,0.0,53,20034,买盘
273,09:46:30,3.78,0.0,30,11340,买盘
274,09:46:33,3.78,0.0,177,66816,买盘
275,09:46:36,3.77,-0.01,4,1508,卖盘
276,09:46:39,3.77,0.0,106,40033,卖盘
277,09:46:42,3.77,0.0,231,87089,卖盘
278,09:46:45,3.77,0.0,69,26013,卖盘
279,09:46:48,3.77,0.0,108,40716,买盘
280,09:46:51,3.76,-0.01,24,9024,卖盘
281,09:46:57,3.76,0.0,125,47000,卖盘
282,09:47:06,3.76,0.0,81,30456,卖盘
283,09:47:09,3.76,0.0,2,752,买盘
284,09:47:15,3.77,0.01,279,104979,买盘
285,09:47:18,3.76,-0.01,66,24820,卖盘
286,09:47:21,3.77,0.01,171,64466,买盘
287,09:47:24,3.76,-0.01,44,16553,卖盘
288,09:47:30,3.76,0.0,193,72590,卖盘
289,09:47:33,3.77,0.01,67,25259,买盘
290,09:47:36,3.76,-0.01,140,52774,卖盘
291,09:47:39,3.77,0.01,42,15834,买盘
292,09:47:42,3.77,0.0,17,6420,卖盘
293,09:47:46,3.77,0.0,5,1885,卖盘
294,09:47:48,3.78,0.01,13,4914,买盘
295,09:47:51,3.78,0.0,52,19646,买盘
296,09:47:54,3.77,-0.01,3,1131,卖盘
297,09:47:57,3.77,0.0,45,16965,卖盘
298,09:48:00,3.78,0.01,57,21544,买盘
299,09:48:03,3.78,0.0,3,1134,买盘
300,09:48:06,3.77,-0.01,8,3016,卖盘
301,09:48:09,3.78,0.01,66,24948,买盘
302,09:48:15,3.78,0.0,67,25326,卖盘
303,09:48:18,3.77,-0.01,15,5655,卖盘
304,09:48:27,3.78,0.01,10,3780,买盘
305,09:48:36,3.78,0.0,87,32876,买盘
306,09:48:42,3.77,-0.01,867,326747,卖盘
307,09:48:45,3.77,0.0,16,6032,买盘
308,09:48:49,3.77,0.0,90,33925,买盘
309,09:48:51,3.76,-0.01,418,157168,卖盘
310,09:48:54,3.76,0.0,5,1880,买盘
311,09:48:57,3.76,0.0,227,85352,买盘
312,09:49:00,3.76,0.0,158,59408,卖盘
313,09:49:06,3.76,0.0,31,11656,卖盘
314,09:49:09,3.76,0.0,1,376,卖盘
315,09:49:12,3.77,0.01,42,15804,买盘
316,09:49:15,3.76,-0.01,11,4146,卖盘
317,09:49:18,3.76,0.0,76,28576,卖盘
318,09:49:21,3.76,0.0,127,47752,卖盘
319,09:49:24,3.76,0.0,25,9400,卖盘
320,09:49:27,3.76,0.0,322,121072,卖盘
321,09:49:31,3.76,0.0,103,38728,买盘
322,09:49:37,3.76,0.0,4,1504,买盘
323,09:49:39,3.76,0.0,15,5640,买盘
324,09:49:42,3.76,0.0,108,40530,买盘
325,09:49:51,3.76,0.0,105,39480,买盘
326,09:49:54,3.76,0.0,12,4512,卖盘
327,09:49:57,3.76,0.0,26,9776,卖盘
328,09:50:01,3.76,0.0,1,376,卖盘
329,09:50:04,3.77,0.01,1,377,买盘
330,09:50:09,3.76,-0.01,15,5640,卖盘
331,09:50:12,3.76,0.0,30,11280,卖盘
332,09:50:15,3.76,0.0,204,76707,卖盘
333,09:50:18,3.76,0.0,166,62416,卖盘
334,09:50:21,3.77,0.01,44,16578,买盘
335,09:50:24,3.76,-0.01,14,5264,卖盘
336,09:50:27,3.77,0.01,15,5655,买盘
337,09:50:30,3.77,0.0,34,12818,买盘
338,09:50:33,3.77,0.0,161,60697,买盘
339,09:50:36,3.77,0.0,2,754,买盘
340,09:50:42,3.77,0.0,89,33553,买盘
341,09:50:45,3.77,0.0,73,27474,买盘
342,09:50:48,3.77,0.0,99,37287,买盘
343,09:50:51,3.77,0.0,47,17719,买盘
344,09:50:54,3.76,-0.01,39,14694,卖盘
345,09:50:57,3.76,0.0,78,29386,卖盘
346,09:51:00,3.77,0.01,78,29406,买盘
347,09:51:04,3.78,0.01,100,37720,买盘
348,09:51:06,3.77,-0.01,33,12441,卖盘
349,09:51:16,3.77,0.0,113,42601,卖盘
350,09:51:18,3.77,0.0,30,11320,卖盘
351,09:51:21,3.78,0.01,106,40062,买盘
352,09:51:24,3.77,-0.01,74,27898,卖盘
353,09:51:27,3.77,0.0,15,5655,卖盘
354,09:51:30,3.78,0.01,12,4536,买盘
355,09:51:33,3.77,-0.01,1,377,卖盘
356,09:51:39,3.78,0.01,235,88807,买盘
357,09:51:51,3.77,-0.01,264,99778,卖盘
358,09:51:54,3.78,0.01,808,305424,买盘
359,09:51:57,3.79,0.01,18,6822,买盘
360,09:52:00,3.79,0.0,113,42827,买盘
361,09:52:06,3.8,0.01,1,380,买盘
362,09:52:12,3.8,0.0,31,11780,买盘
363,09:52:18,3.8,0.0,16,6080,买盘
364,09:52:21,3.8,0.0,60,22800,买盘
365,09:52:24,3.8,0.0,19,7220,买盘
366,09:52:28,3.8,0.0,237,89970,买盘
367,09:52:31,3.8,0.0,1,380,买盘
368,09:52:36,3.8,0.0,20,7600,买盘
369,09:52:43,3.8,0.0,9,3420,买盘
370,09:52:45,3.8,0.0,111,42180,买盘
371,09:52:48,3.8,0.0,20,7600,买盘
372,09:52:51,3.8,0.0,121,45980,买盘
373,09:52:54,3.8,0.0,27,10260,买盘
374,09:52:57,3.8,0.0,60,22800,买盘
375,09:53:00,3.8,0.0,76,28877,买盘
376,09:53:06,3.8,0.0,5,1900,买盘
377,09:53:15,3.8,0.0,149,56505,买盘
378,09:53:21,3.79,-0.01,364,137957,卖盘
379,09:53:24,3.79,0.0,145,54980,卖盘
380,09:53:27,3.8,0.01,8,3040,买盘
381,09:53:37,3.8,0.0,1,380,买盘
382,09:53:39,3.79,-0.01,8,3032,卖盘
383,09:53:45,3.8,0.01,3,1140,买盘
384,09:53:48,3.8,0.0,677,257240,买盘
385,09:53:55,3.8,0.0,30,11400,买盘
386,09:53:57,3.8,0.0,9,3420,买盘
387,09:54:01,3.8,0.0,13,4940,买盘
388,09:54:15,3.8,0.0,8,3040,买盘
389,09:54:25,3.8,0.0,20,7600,买盘
390,09:54:27,3.8,0.0,5,1900,买盘
391,09:54:33,3.79,-0.01,5,1895,卖盘
392,09:54:36,3.8,0.01,1,380,买盘
393,09:54:39,3.79,-0.01,190,72140,卖盘
394,09:54:45,3.8,0.01,2,760,买盘
395,09:54:51,3.79,-0.01,3,1137,卖盘
396,09:54:57,3.8,0.01,80,30400,买盘
397,09:55:01,3.79,-0.01,50,18950,卖盘
398,09:55:03,3.8,0.01,75,28446,买盘
399,09:55:15,3.79,-0.01,20,7585,卖盘
400,09:55:18,3.79,0.0,20,7580,卖盘
401,09:55:27,3.79,0.0,10,3790,卖盘
402,09:55:30,3.8,0.01,73,27668,买盘
403,09:55:36,3.8,0.0,101,38280,买盘
404,09:55:42,3.8,0.0,210,79600,买盘
405,09:55:45,3.79,-0.01,62,23384,中性盘
406,09:55:48,3.8,0.01,13,4929,买盘
407,09:55:51,3.8,0.0,10,3800,买盘
408,09:55:54,3.8,0.0,1,380,买盘
409,09:56:03,3.8,0.0,1,380,买盘
410,09:56:06,3.79,-0.01,72,27340,卖盘
411,09:56:09,3.81,0.02,805,306077,买盘
412,09:56:12,3.8,-0.01,5,1900,中性盘
413,09:56:15,3.8,0.0,8,3040,买盘
414,09:56:18,3.81,0.01,100,38100,买盘
415,09:56:22,3.8,-0.01,1,380,卖盘
416,09:56:27,3.8,0.0,53,20140,卖盘
417,09:56:33,3.8,0.0,10,3800,卖盘
418,09:56:37,3.8,0.0,13,4940,卖盘
419,09:56:40,3.8,0.0,39,14820,卖盘
420,09:56:42,3.8,0.0,20,7600,卖盘
421,09:56:51,3.8,0.0,1,380,卖盘
422,09:57:00,3.81,0.01,59,22439,买盘
423,09:57:04,3.81,0.0,10,3810,买盘
424,09:57:09,3.8,-0.01,300,114000,卖盘
425,09:57:12,3.81,0.01,220,83820,买盘
426,09:57:18,3.8,-0.01,11,4181,卖盘
427,09:57:21,3.8,0.0,41,15580,卖盘
428,09:57:27,3.8,0.0,5,1900,卖盘
429,09:57:36,3.81,0.01,1,381,买盘
430,09:57:45,3.81,0.0,1,381,买盘
431,09:57:54,3.81,0.0,29,11049,买盘
432,09:58:00,3.81,0.0,10,3810,买盘
433,09:58:03,3.81,0.0,55,20914,买盘
434,09:58:10,3.8,-0.01,9,3420,卖盘
435,09:58:15,3.8,0.0,10,3952,卖盘
436,09:58:21,3.8,0.0,4,1520,卖盘
437,09:58:31,3.81,0.01,249,94869,买盘
438,09:58:42,3.8,-0.01,127,48260,卖盘
439,09:58:45,3.81,0.01,5,1905,买盘
440,09:59:00,3.8,-0.01,368,139841,卖盘
441,09:59:15,3.8,0.0,102,38832,卖盘
442,09:59:33,3.8,0.0,9,3420,卖盘
443,09:59:39,3.8,0.0,117,44308,卖盘
444,09:59:54,3.8,0.0,13,5092,买盘
445,10:00:00,3.8,0.0,15,5700,卖盘
446,10:00:03,3.8,0.0,50,19000,卖盘
447,10:00:12,3.8,0.0,124,46968,卖盘
448,10:00:18,3.79,-0.01,274,103900,卖盘
449,10:00:21,3.8,0.01,2,760,买盘
450,10:00:24,3.8,0.0,12,4560,买盘
451,10:00:28,3.8,0.0,44,16720,买盘
452,10:00:31,3.8,0.0,2,760,买盘
453,10:00:36,3.8,0.0,30,11400,买盘
454,10:00:39,3.79,-0.01,114,43312,卖盘
455,10:00:46,3.8,0.01,51,19380,买盘
456,10:00:51,3.8,0.0,27,10260,买盘
457,10:00:54,3.79,-0.01,71,26909,卖盘
458,10:00:57,3.8,0.01,7,2660,买盘
459,10:01:00,3.79,-0.01,12,4548,卖盘
460,10:01:15,3.79,0.0,1,379,卖盘
461,10:01:18,3.8,0.01,1,380,买盘
462,10:01:45,3.8,0.0,10,3800,买盘
463,10:01:51,3.8,0.0,30,11400,买盘
464,10:01:54,3.8,0.0,11,4180,买盘
465,10:01:57,3.79,-0.01,38,14402,卖盘
466,10:02:09,3.79,0.0,697,264163,卖盘
467,10:02:12,3.79,0.0,87,32973,卖盘
468,10:02:15,3.79,0.0,85,32329,卖盘
469,10:02:27,3.79,0.0,30,11370,买盘
470,10:02:37,3.78,-0.01,15,5670,卖盘
471,10:02:39,3.78,0.0,102,38558,卖盘
472,10:02:45,3.78,0.0,124,46875,卖盘
473,10:02:48,3.79,0.01,47,17813,买盘
474,10:02:54,3.78,-0.01,53,20037,卖盘
475,10:02:57,3.78,0.0,34,12625,卖盘
476,10:03:04,3.79,0.01,1,379,买盘
477,10:03:12,3.78,-0.01,164,61992,卖盘
478,10:03:18,3.79,0.01,59,22638,买盘
479,10:03:24,3.79,0.0,17,6433,买盘
480,10:03:30,3.78,-0.01,64,24192,卖盘
481,10:03:46,3.79,0.01,1,379,买盘
482,10:03:49,3.78,-0.01,54,20412,卖盘
483,10:03:51,3.79,0.01,1,379,买盘
484,10:04:06,3.79,0.0,148,56092,买盘
485,10:04:12,3.79,0.0,87,32973,买盘
486,10:04:15,3.79,0.0,37,14023,买盘
487,10:04:19,3.79,0.0,140,52946,买盘
488,10:04:24,3.8,0.01,52,19760,买盘
489,10:04:27,3.8,0.0,10,3800,买盘
490,10:04:30,3.79,-0.01,39,14812,卖盘
491,10:04:34,3.8,0.01,250,95000,买盘
492,10:04:37,3.8,0.0,56,21280,买盘
493,10:04:39,3.79,-0.01,4,1516,卖盘
494,10:04:42,3.79,0.0,30,11370,卖盘
495,10:04:48,3.8,0.01,1,380,买盘
496,10:04:54,3.8,0.0,34,12920,买盘
497,10:04:58,3.8,0.0,1,380,买盘
498,10:05:00,3.79,-0.01,47,17843,卖盘
499,10:05:12,3.8,0.01,1,380,买盘
500,10:05:15,3.8,0.0,2,760,买盘
501,10:05:19,3.8,0.0,7,2660,买盘
502,10:05:21,3.8,0.0,222,84360,买盘
503,10:05:27,3.8,0.0,2,760,买盘
504,10:05:30,3.8,0.0,6,2280,买盘
505,10:05:39,3.8,0.0,10,3800,买盘
506,10:05:48,3.8,0.0,8,3040,买盘
507,10:05:51,3.8,0.0,57,21660,买盘
508,10:06:01,3.8,0.0,1,380,买盘
509,10:06:04,3.8,0.0,5,1900,买盘
510,10:06:06,3.8,0.0,17,6460,买盘
511,10:06:09,3.8,0.0,211,79979,买盘
512,10:06:12,3.8,0.0,2,760,买盘
513,10:06:16,3.8,0.0,53,20140,买盘
514,10:06:22,3.8,0.0,26,9880,买盘
515,10:06:39,3.79,-0.01,39,14781,卖盘
516,10:06:45,3.79,0.0,39,14781,卖盘
517,10:06:48,3.79,0.0,2,758,卖盘
518,10:07:18,3.79,0.0,1,379,卖盘
519,10:07:21,3.8,0.01,2,760,买盘
520,10:07:27,3.79,-0.01,14,5306,卖盘
521,10:07:31,3.79,0.0,50,18950,卖盘
522,10:07:33,3.79,0.0,237,89823,卖盘
523,10:07:36,3.8,0.01,1,380,买盘
524,10:07:42,3.79,-0.01,4,1516,卖盘
525,10:08:06,3.79,0.0,125,47375,卖盘
526,10:08:09,3.79,0.0,26,9856,卖盘
527,10:08:12,3.8,0.01,1,380,买盘
528,10:08:18,3.8,0.0,4,1520,买盘
529,10:08:21,3.79,-0.01,32,12158,卖盘
530,10:08:24,3.8,0.01,4,1520,买盘
531,10:08:43,3.8,0.0,3,1140,买盘
532,10:08:45,3.8,0.0,10,3800,买盘
533,10:08:51,3.79,-0.01,15,5685,卖盘
534,10:08:54,3.79,0.0,348,131892,卖盘
535,10:08:57,3.8,0.01,15,5687,买盘
536,10:09:04,3.8,0.0,40,15177,买盘
537,10:09:15,3.79,-0.01,484,183550,卖盘
538,10:09:30,3.79,0.0,88,33238,买盘
539,10:09:36,3.79,0.0,10,3790,卖盘
540,10:09:39,3.79,0.0,6,2274,卖盘
541,10:09:46,3.79,0.0,158,59882,卖盘
542,10:09:49,3.8,0.01,1,380,买盘
543,10:09:57,3.79,-0.01,34,12886,卖盘
544,10:10:00,3.8,0.01,50,19000,买盘
545,10:10:04,3.8,0.0,17,6460,买盘
546,10:10:09,3.79,-0.01,13,4927,卖盘
547,10:10:18,3.8,0.01,29,11020,买盘
548,10:10:21,3.8,0.0,1,380,买盘
549,10:10:24,3.79,-0.01,47,17927,卖盘
550,10:10:30,3.79,0.0,27,10119,买盘
551,10:10:36,3.78,-0.01,71,26865,卖盘
552,10:10:51,3.8,0.02,1,380,买盘
553,10:10:55,3.79,-0.01,10,3790,卖盘
554,10:11:21,3.8,0.01,36,13670,买盘
555,10:11:46,3.8,0.0,30,11400,买盘
556,10:11:51,3.79,-0.01,10,3790,卖盘
557,10:12:03,3.8,0.01,1,380,买盘
558,10:12:12,3.8,0.0,30,11390,买盘
559,10:12:27,3.8,0.0,30,11400,买盘
560,10:13:04,3.8,0.0,17,6460,买盘
561,10:13:06,3.8,0.0,28,10640,买盘
562,10:13:09,3.8,0.0,1,380,买盘
563,10:13:12,3.8,0.0,19,7220,买盘
564,10:13:18,3.8,0.0,20,7600,买盘
565,10:13:22,3.8,0.0,214,81320,买盘
566,10:13:27,3.79,-0.01,11,4169,卖盘
567,10:13:33,3.8,0.01,100,38000,买盘
568,10:13:40,3.8,0.0,5,1900,买盘
569,10:13:42,3.8,0.0,90,34200,买盘
570,10:13:45,3.8,0.0,1,380,买盘
571,10:13:48,3.8,0.0,13,4940,买盘
572,10:13:54,3.8,0.0,34,12920,买盘
573,10:13:57,3.79,-0.01,11,4169,卖盘
574,10:14:04,3.8,0.01,11,4180,买盘
575,10:14:06,3.8,0.0,63,23914,买盘
576,10:14:12,3.79,-0.01,2,644,卖盘
577,10:14:18,3.8,0.01,1,380,买盘
578,10:14:25,3.79,-0.01,10,3790,卖盘
579,10:14:27,3.8,0.01,2,760,买盘
580,10:14:43,3.8,0.0,21,7980,买盘
581,10:14:48,3.8,0.0,2,760,买盘
582,10:14:57,3.8,0.0,1,380,买盘
583,10:15:03,3.8,0.0,20,7600,买盘
584,10:15:06,3.8,0.0,37,14060,买盘
585,10:15:09,3.8,0.0,40,15200,买盘
586,10:15:13,3.79,-0.01,8,3032,卖盘
587,10:15:33,3.8,0.01,3,1140,买盘
588,10:15:45,3.8,0.0,11,4180,买盘
589,10:15:48,3.79,-0.01,7,2653,卖盘
590,10:15:54,3.8,0.01,2,760,买盘
591,10:16:00,3.79,-0.01,423,160317,卖盘
592,10:16:15,3.79,0.0,10,3790,卖盘
593,10:16:21,3.8,0.01,35,13290,买盘
594,10:16:24,3.79,-0.01,18,6822,卖盘
595,10:16:27,3.79,0.0,20,7580,卖盘
596,10:16:39,3.8,0.01,161,61180,买盘
597,10:16:51,3.8,0.0,61,23129,买盘
598,10:17:04,3.8,0.0,17,6460,买盘
599,10:17:12,3.8,0.0,5,1900,买盘
600,10:17:15,3.8,0.0,1,380,买盘
601,10:17:24,3.8,0.0,110,41800,买盘
602,10:17:27,3.8,0.0,34,12920,买盘
603,10:17:30,3.8,0.0,56,21280,买盘
604,10:17:36,3.79,-0.01,24,9104,卖盘
605,10:17:45,3.8,0.01,20,7600,买盘
606,10:17:49,3.79,-0.01,1,379,卖盘
607,10:17:54,3.8,0.01,1,380,买盘
608,10:17:58,3.8,0.0,37,14029,买盘
609,10:18:00,3.8,0.0,25,9500,买盘
610,10:18:03,3.8,0.0,17,6460,买盘
611,10:18:06,3.8,0.0,16,6080,买盘
612,10:18:13,3.79,-0.01,166,63014,卖盘
613,10:18:15,3.8,0.01,10,3800,买盘
614,10:18:19,3.79,-0.01,28,10612,卖盘
615,10:18:21,3.8,0.01,17,6444,买盘
616,10:18:24,3.79,-0.01,10,3790,卖盘
617,10:18:39,3.79,0.0,2,758,卖盘
618,10:18:43,3.8,0.01,1,380,买盘
619,10:18:48,3.79,-0.01,20,7580,卖盘
620,10:18:51,3.79,0.0,10,3790,卖盘
621,10:18:57,3.8,0.01,1,380,买盘
622,10:19:00,3.79,-0.01,100,37900,卖盘
623,10:19:21,3.79,0.0,10,3790,卖盘
624,10:19:27,3.8,0.01,1,380,买盘
625,10:19:30,3.79,-0.01,420,159180,卖盘
626,10:19:36,3.79,0.0,282,106992,卖盘
627,10:19:45,3.79,0.0,1,379,买盘
628,10:19:48,3.79,0.0,18,6822,买盘
629,10:19:51,3.78,-0.01,60,22690,卖盘
630,10:19:54,3.79,0.01,10,3790,买盘
631,10:20:04,3.79,0.0,19,7201,买盘
632,10:20:09,3.79,0.0,4,1516,买盘
633,10:20:19,3.79,0.0,8,3025,买盘
634,10:20:24,3.79,0.0,30,11370,买盘
635,10:20:27,3.78,-0.01,103,38937,卖盘
636,10:20:30,3.78,0.0,15,5670,卖盘
637,10:20:54,3.79,0.01,26,9829,买盘
638,10:20:57,3.78,-0.01,44,16632,卖盘
639,10:21:00,3.79,0.01,20,7580,买盘
640,10:21:04,3.79,0.0,18,6822,买盘
641,10:21:09,3.78,-0.01,19,7182,卖盘
642,10:21:16,3.79,0.01,1,379,买盘
643,10:21:36,3.79,0.0,30,11370,买盘
644,10:21:42,3.78,-0.01,43,16255,卖盘
645,10:21:45,3.79,0.01,1,379,买盘
646,10:21:51,3.79,0.0,1,379,买盘
647,10:21:54,3.79,0.0,7,2653,买盘
648,10:22:00,3.79,0.0,3,1137,买盘
649,10:22:04,3.79,0.0,17,6443,买盘
650,10:22:07,3.79,0.0,62,23498,买盘
651,10:22:12,3.79,0.0,58,21982,买盘
652,10:22:15,3.79,0.0,163,61777,买盘
653,10:22:18,3.8,0.01,75,28312,买盘
654,10:22:24,3.79,-0.01,80,30320,卖盘
655,10:22:30,3.79,0.0,65,24635,卖盘
656,10:22:45,3.79,0.0,24,9096,卖盘
657,10:22:48,3.79,0.0,16,6064,卖盘
658,10:22:51,3.79,0.0,71,26910,卖盘
659,10:23:00,3.8,0.01,31,11750,买盘
660,10:23:04,3.79,-0.01,114,43253,卖盘
661,10:23:21,3.79,0.0,100,37900,卖盘
662,10:23:34,3.8,0.01,21,8132,买盘
663,10:23:39,3.8,0.0,8,3040,买盘
664,10:23:54,3.8,0.0,27,10260,买盘
665,10:23:57,3.79,-0.01,200,75800,卖盘
666,10:24:00,3.8,0.01,1,380,买盘
667,10:24:04,3.8,0.0,17,6460,买盘
668,10:24:15,3.79,-0.01,11,4170,卖盘
669,10:24:21,3.8,0.01,4,1520,买盘
670,10:24:24,3.8,0.0,7,2660,买盘
671,10:24:30,3.8,0.0,2,760,买盘
672,10:24:33,3.8,0.0,1,380,买盘
673,10:24:36,3.8,0.0,50,19000,买盘
674,10:24:42,3.8,0.0,157,59660,买盘
675,10:24:45,3.8,0.0,282,107160,买盘
676,10:24:48,3.8,0.0,51,19380,买盘
677,10:24:57,3.8,0.0,2,760,买盘
678,10:25:01,3.8,0.0,20,7600,买盘
679,10:25:03,3.8,0.0,22,8360,买盘
680,10:25:12,3.8,0.0,291,110580,买盘
681,10:25:15,3.8,0.0,169,64220,买盘
682,10:25:19,3.81,0.01,1100,418039,买盘
683,10:25:21,3.81,0.0,2,762,买盘
684,10:25:30,3.81,0.0,259,98679,买盘
685,10:25:33,3.81,0.0,41,15621,买盘
686,10:25:39,3.81,0.0,2,762,买盘
687,10:25:42,3.81,0.0,31,11811,买盘
688,10:25:48,3.81,0.0,1,381,买盘
689,10:25:51,3.81,0.0,49,18669,买盘
690,10:25:54,3.81,0.0,44,16764,买盘
691,10:26:04,3.81,0.0,296,112776,买盘
692,10:26:06,3.81,0.0,5,1905,买盘
693,10:26:15,3.81,0.0,15,5715,买盘
694,10:26:18,3.81,0.0,40,15240,买盘
695,10:26:21,3.81,0.0,1,381,买盘
696,10:26:25,3.81,0.0,20,7620,买盘
697,10:26:27,3.81,0.0,1,381,买盘
698,10:26:30,3.81,0.0,2,762,买盘
699,10:26:33,3.81,0.0,50,19050,买盘
700,10:26:36,3.81,0.0,5,1905,买盘
701,10:26:39,3.8,-0.01,1,380,卖盘
702,10:26:45,3.8,0.0,1,266,卖盘
703,10:26:48,3.81,0.01,5,1905,买盘
704,10:26:51,3.81,0.0,1,381,买盘
705,10:26:54,3.81,0.0,22,8382,买盘
706,10:27:00,3.81,0.0,3,1143,买盘
707,10:27:04,3.8,-0.01,167,63617,卖盘
708,10:27:06,3.81,0.01,1,381,买盘
709,10:27:09,3.8,-0.01,50,19000,卖盘
710,10:27:15,3.8,0.0,56,21282,卖盘
711,10:27:27,3.81,0.01,1,381,买盘
712,10:27:30,3.81,0.0,10,3810,买盘
713,10:27:33,3.8,-0.01,19,7220,卖盘
714,10:27:42,3.81,0.01,1,381,买盘
715,10:27:45,3.81,0.0,2,762,买盘
716,10:28:04,3.81,0.0,17,6477,买盘
717,10:28:06,3.81,0.0,69,26273,买盘
718,10:28:10,3.81,0.0,5,1905,买盘
719,10:28:12,3.81,0.0,14,5334,买盘
720,10:28:18,3.81,0.0,4,1524,买盘
721,10:28:21,3.81,0.0,30,11430,买盘
722,10:28:24,3.81,0.0,29,11049,买盘
723,10:28:27,3.8,-0.01,109,41440,卖盘
724,10:28:30,3.81,0.01,11,4191,买盘
725,10:28:33,3.81,0.0,123,46863,买盘
726,10:28:36,3.81,0.0,2,762,买盘
727,10:28:51,3.81,0.0,4,1524,买盘
728,10:28:54,3.81,0.0,6,2286,买盘
729,10:29:00,3.81,0.0,2,762,买盘
730,10:29:04,3.81,0.0,30,11430,买盘
731,10:29:06,3.81,0.0,126,48006,买盘
732,10:29:09,3.81,0.0,44,16764,买盘
733,10:29:12,3.81,0.0,23,8763,买盘
734,10:29:15,3.81,0.0,127,48539,买盘
735,10:29:21,3.82,0.01,2,764,买盘
736,10:29:30,3.81,-0.01,100,38100,卖盘
737,10:29:33,3.82,0.01,44,16808,买盘
738,10:29:36,3.82,0.0,24,9145,买盘
739,10:29:42,3.82,0.0,114,43548,买盘
740,10:29:45,3.82,0.0,51,19432,买盘
741,10:29:48,3.82,0.0,20,7357,买盘
742,10:29:57,3.82,0.0,30,11460,买盘
743,10:30:04,3.82,0.0,21,8022,买盘
744,10:30:09,3.82,0.0,595,227290,买盘
745,10:30:12,3.83,0.01,161,61663,买盘
746,10:30:18,3.83,0.0,64,24512,买盘
747,10:30:21,3.83,0.0,112,42896,买盘
748,10:30:24,3.84,0.01,1,384,买盘
749,10:30:33,3.84,0.0,4,1533,买盘
750,10:30:36,3.84,0.0,91,34944,买盘
751,10:30:39,3.84,0.0,76,29164,买盘
752,10:30:42,3.84,0.0,35,13440,买盘
753,10:30:45,3.84,0.0,123,47132,买盘
754,10:30:51,3.83,-0.01,51,19583,卖盘
755,10:30:54,3.84,0.01,15,5760,买盘
756,10:31:00,3.83,-0.01,47,18031,卖盘
757,10:31:04,3.84,0.01,22,8439,买盘
758,10:31:09,3.83,-0.01,118,45194,卖盘
759,10:31:13,3.84,0.01,30,11520,买盘
760,10:31:24,3.83,-0.01,11,4218,卖盘
761,10:31:30,3.83,0.0,283,108390,卖盘
762,10:31:33,3.83,0.0,2,766,买盘
763,10:31:46,3.82,-0.01,15,5730,卖盘
764,10:31:58,3.83,0.01,1,383,买盘
765,10:32:00,3.82,-0.01,234,89388,卖盘
766,10:32:03,3.83,0.01,4,1532,买盘
767,10:32:10,3.83,0.0,140,53620,买盘
768,10:32:12,3.83,0.0,8,3064,买盘
769,10:32:21,3.83,0.0,175,67025,买盘
770,10:32:36,3.83,0.0,11,4213,买盘
771,10:32:39,3.83,0.0,247,94601,买盘
772,10:32:49,3.83,0.0,6,2298,买盘
773,10:33:04,3.83,0.0,17,6511,买盘
774,10:33:09,3.83,0.0,1,383,买盘
775,10:33:12,3.83,0.0,1,383,买盘
776,10:33:15,3.83,0.0,30,11490,买盘
777,10:33:18,3.82,-0.01,55,21010,卖盘
778,10:33:21,3.82,0.0,168,64176,卖盘
779,10:33:24,3.82,0.0,113,43176,卖盘
780,10:33:27,3.82,0.0,7,2674,卖盘
781,10:33:37,3.82,0.0,239,91298,卖盘
782,10:33:40,3.82,0.0,39,14898,卖盘
783,10:33:42,3.82,0.0,50,19100,卖盘
784,10:33:51,3.82,0.0,60,22920,卖盘
785,10:33:54,3.83,0.01,34,12990,买盘
786,10:33:57,3.82,-0.01,30,11460,卖盘
787,10:34:00,3.82,0.0,2,764,卖盘
788,10:34:04,3.82,0.0,20,7640,卖盘
789,10:34:06,3.82,0.0,123,46986,卖盘
790,10:34:18,3.81,-0.01,40,15240,卖盘
791,10:34:24,3.83,0.02,581,221996,买盘
792,10:34:36,3.82,-0.01,200,76400,卖盘
793,10:34:39,3.82,0.0,15,5730,卖盘
794,10:34:42,3.83,0.01,30,11490,买盘
795,10:34:45,3.82,-0.01,7,2674,卖盘
796,10:34:51,3.82,0.0,93,35526,卖盘
797,10:34:54,3.82,0.0,13,4966,买盘
798,10:35:00,3.82,0.0,98,37436,买盘
799,10:35:04,3.82,0.0,33,12606,买盘
800,10:35:18,3.82,0.0,4,1528,买盘
801,10:35:24,3.82,0.0,2,764,买盘
802,10:35:33,3.81,-0.01,100,38100,卖盘
803,10:35:43,3.81,0.0,9,3429,卖盘
804,10:35:54,3.81,0.0,420,160420,卖盘
805,10:36:09,3.82,0.01,72,27504,买盘
806,10:36:18,3.82,0.0,30,11460,买盘
807,10:36:27,3.81,-0.01,210,80020,卖盘
808,10:36:45,3.82,0.01,20,7640,买盘
809,10:36:54,3.82,0.0,68,25976,买盘
810,10:37:03,3.82,0.0,17,6494,买盘
811,10:37:10,3.81,-0.01,200,76200,卖盘
812,10:37:12,3.82,0.01,11,4192,买盘
813,10:37:21,3.81,-0.01,100,38100,卖盘
814,10:37:24,3.81,0.0,11,4153,卖盘
815,10:37:27,3.82,0.01,1,382,买盘
816,10:37:36,3.82,0.0,47,17908,买盘
817,10:37:40,3.81,-0.01,25,9525,卖盘
818,10:37:43,3.82,0.01,15,5716,买盘
819,10:38:03,3.82,0.0,21,8022,买盘
820,10:38:09,3.81,-0.01,192,73245,卖盘
821,10:38:18,3.82,0.01,2,764,买盘
822,10:38:39,3.82,0.0,1,382,买盘
823,10:38:54,3.81,-0.01,8,3049,卖盘
824,10:39:13,3.81,0.0,2,762,卖盘
825,10:39:24,3.81,0.0,30,11431,卖盘
826,10:39:28,3.82,0.01,8,3049,买盘
827,10:39:33,3.81,-0.01,109,41529,卖盘
828,10:39:36,3.81,0.0,5,1905,卖盘
829,10:39:46,3.81,0.0,10,3810,卖盘
830,10:39:49,3.81,0.0,67,25527,卖盘
831,10:39:57,3.81,0.0,200,76200,卖盘
832,10:40:00,3.82,0.01,1,382,买盘
833,10:40:03,3.82,0.0,17,6494,买盘
834,10:40:09,3.81,-0.01,9,3429,卖盘
835,10:40:12,3.81,0.0,461,175702,卖盘
836,10:40:18,3.81,0.0,47,17945,卖盘
837,10:40:21,3.81,0.0,15,5715,买盘
838,10:40:24,3.81,0.0,5,1867,买盘
839,10:40:31,3.81,0.0,16,6134,卖盘
840,10:40:34,3.81,0.0,8,3048,买盘
841,10:40:36,3.81,0.0,20,7620,买盘
842,10:40:48,3.81,0.0,5,1905,买盘
843,10:40:51,3.81,0.0,7,2667,买盘
844,10:40:57,3.81,0.0,2,762,买盘
845,10:41:00,3.81,0.0,4,1524,买盘
846,10:41:04,3.81,0.0,17,6477,买盘
847,10:41:21,3.81,0.0,109,41529,买盘
848,10:41:27,3.8,-0.01,42,15962,卖盘
849,10:41:33,3.81,0.01,9,3429,买盘
850,10:41:36,3.81,0.0,145,55207,买盘
851,10:41:54,3.81,0.0,209,79667,卖盘
852,10:41:57,3.81,0.0,18,6858,买盘
853,10:42:04,3.81,0.0,17,6477,买盘
854,10:42:09,3.81,0.0,2,762,买盘
855,10:42:13,3.8,-0.01,100,38000,卖盘
856,10:42:18,3.8,0.0,10,3800,卖盘
857,10:42:21,3.81,0.01,1,381,买盘
858,10:42:33,3.8,-0.01,69,26238,卖盘
859,10:42:54,3.8,0.0,107,40714,卖盘
860,10:43:24,3.8,0.0,25,9501,卖盘
861,10:43:27,3.8,0.0,20,7600,卖盘
862,10:43:39,3.8,0.0,149,56620,卖盘
863,10:43:42,3.8,0.0,39,14820,卖盘
864,10:43:45,3.8,0.0,7,2660,卖盘
865,10:43:48,3.8,0.0,5,1900,卖盘
866,10:43:58,3.81,0.01,1,381,买盘
867,10:44:04,3.81,0.0,17,6477,买盘
868,10:44:06,3.8,-0.01,206,78280,卖盘
869,10:44:09,3.8,0.0,20,7600,卖盘
870,10:44:12,3.8,0.0,93,35340,卖盘
871,10:44:15,3.8,0.0,20,7600,卖盘
872,10:44:18,3.81,0.01,1,381,买盘
873,10:44:24,3.8,-0.01,54,20520,卖盘
874,10:44:33,3.81,0.01,1,381,买盘
875,10:44:36,3.8,-0.01,10,3800,卖盘
876,10:44:46,3.8,0.0,1,380,卖盘
877,10:44:51,3.8,0.0,9,3420,卖盘
878,10:45:00,3.8,0.0,14,5321,卖盘
879,10:45:09,3.81,0.01,1,381,买盘
880,10:45:18,3.81,0.0,161,61341,买盘
881,10:45:21,3.81,0.0,1,381,买盘
882,10:45:34,3.81,0.0,52,19762,买盘
883,10:45:37,3.81,0.0,10,3810,买盘
884,10:45:39,3.81,0.0,13,4941,买盘
885,10:45:45,3.81,0.0,1,381,买盘
886,10:45:48,3.81,0.0,46,17514,买盘
887,10:45:58,3.81,0.0,2,762,买盘
888,10:46:00,3.81,0.0,1,381,买盘
889,10:46:04,3.81,0.0,17,6477,买盘
890,10:46:12,3.81,0.0,154,58674,买盘
891,10:46:15,3.8,-0.01,12,4560,卖盘
892,10:46:18,3.81,0.01,1,381,买盘
893,10:46:27,3.81,0.0,112,42572,买盘
894,10:46:30,3.81,0.0,9,3429,买盘
895,10:46:42,3.81,0.0,1,381,买盘
896,10:46:48,3.81,0.0,1,381,买盘
897,10:46:51,3.81,0.0,2,762,买盘
898,10:46:54,3.81,0.0,30,11430,买盘
899,10:46:57,3.81,0.0,1,381,买盘
900,10:47:00,3.8,-0.01,100,38000,卖盘
901,10:47:09,3.8,0.0,2,760,卖盘
902,10:47:12,3.8,0.0,89,33820,卖盘
903,10:47:18,3.81,0.01,3,1143,买盘
904,10:47:33,3.81,0.0,20,7620,买盘
905,10:47:57,3.81,0.0,4,1524,买盘
906,10:48:03,3.81,0.0,17,6477,买盘
907,10:48:27,3.8,-0.01,143,54388,卖盘
908,10:48:30,3.81,0.01,1,381,买盘
909,10:48:33,3.81,0.0,13,4953,买盘
910,10:48:39,3.81,0.0,1,381,买盘
911,10:48:48,3.8,-0.01,36,13680,卖盘
912,10:48:54,3.8,0.0,30,11400,卖盘
913,10:49:04,3.81,0.01,1,381,买盘
914,10:49:13,3.8,-0.01,19,7221,卖盘
915,10:49:21,3.81,0.01,181,68781,买盘
916,10:49:24,3.8,-0.01,3,1140,卖盘
917,10:49:27,3.8,0.0,13,4940,卖盘
918,10:49:30,3.8,0.0,44,16720,卖盘
919,10:49:39,3.8,0.0,22,8360,卖盘
920,10:49:42,3.8,0.0,30,11401,卖盘
921,10:49:45,3.8,0.0,10,3800,卖盘
922,10:49:51,3.8,0.0,69,26220,卖盘
923,10:50:04,3.8,0.0,187,71060,卖盘
924,10:50:09,3.8,0.0,30,11400,卖盘
925,10:50:42,3.8,0.0,123,46741,卖盘
926,10:50:45,3.81,0.01,60,22860,买盘
927,10:50:49,3.81,0.0,100,38100,买盘
928,10:50:55,3.81,0.0,60,22860,买盘
929,10:50:57,3.81,0.0,60,22860,买盘
930,10:51:04,3.81,0.0,103,39243,买盘
931,10:51:06,3.81,0.0,7,2667,买盘
932,10:51:09,3.81,0.0,66,25146,买盘
933,10:51:15,3.81,0.0,60,22860,买盘
934,10:51:18,3.8,-0.01,54,20572,卖盘
935,10:51:21,3.81,0.01,1,381,买盘
936,10:51:24,3.8,-0.01,34,12929,卖盘
937,10:51:27,3.81,0.01,10,3810,买盘
938,10:51:30,3.81,0.0,1,381,买盘
939,10:51:33,3.81,0.0,132,50292,买盘
940,10:51:39,3.81,0.0,30,11430,买盘
941,10:51:45,3.81,0.0,30,11430,买盘
942,10:51:48,3.81,0.0,667,254318,买盘
943,10:52:00,3.82,0.01,1,382,买盘
944,10:52:04,3.82,0.0,17,6494,买盘
945,10:52:12,3.82,0.0,30,11460,买盘
946,10:52:18,3.82,0.0,65,24830,买盘
947,10:52:33,3.82,0.0,114,43548,买盘
948,10:52:45,3.82,0.0,6,2292,买盘
949,10:52:48,3.82,0.0,20,7640,买盘
950,10:52:51,3.82,0.0,2,764,买盘
951,10:52:55,3.82,0.0,65,24830,买盘
952,10:53:04,3.82,0.0,17,6494,买盘
953,10:53:12,3.82,0.0,1,382,买盘
954,10:53:22,3.81,-0.01,29,11049,卖盘
955,10:53:25,3.82,0.01,1,382,买盘
956,10:53:33,3.81,-0.01,2,762,卖盘
957,10:53:42,3.82,0.01,1,382,买盘
958,10:54:04,3.82,0.0,18,6876,买盘
959,10:54:18,3.82,0.0,1,382,买盘
960,10:54:27,3.82,0.0,29,11078,买盘
961,10:54:30,3.82,0.0,2,764,买盘
962,10:54:33,3.81,-0.01,105,40010,卖盘
963,10:54:39,3.82,0.01,1,382,买盘
964,10:54:48,3.81,-0.01,3,1144,卖盘
965,10:55:07,3.81,0.0,28,10668,卖盘
966,10:55:09,3.82,0.01,3,1146,买盘
967,10:55:18,3.82,0.0,50,19100,买盘
968,10:55:21,3.82,0.0,1,382,买盘
969,10:55:24,3.82,0.0,10,3820,买盘
970,10:55:33,3.82,0.0,2,764,买盘
971,10:55:36,3.81,-0.01,100,38100,卖盘
972,10:55:39,3.81,0.0,37,14097,卖盘
973,10:55:42,3.81,0.0,41,15621,卖盘
974,10:55:48,3.82,0.01,1,382,买盘
975,10:55:52,3.82,0.0,175,66850,买盘
976,10:55:58,3.82,0.0,1,382,买盘
977,10:56:04,3.81,-0.01,87,33164,卖盘
978,10:56:06,3.82,0.01,14,5336,买盘
979,10:56:12,3.81,-0.01,234,89154,卖盘
980,10:56:15,3.82,0.01,17,6494,买盘
981,10:56:18,3.82,0.0,10,3820,买盘
982,10:56:33,3.82,0.0,1,382,买盘
983,10:56:40,3.81,-0.01,44,16767,卖盘
984,10:56:46,3.81,0.0,28,10668,卖盘
985,10:56:57,3.81,0.0,600,228600,卖盘
986,10:57:00,3.81,0.0,51,19431,卖盘
987,10:57:04,3.81,0.0,27,10096,卖盘
988,10:57:30,3.81,0.0,30,11430,买盘
989,10:57:33,3.81,0.0,44,16764,买盘
990,10:58:03,3.81,0.0,63,24194,买盘
991,10:58:09,3.81,0.0,15,5715,卖盘
992,10:58:24,3.81,0.0,5,1905,卖盘
993,10:58:27,3.82,0.01,1,382,买盘
994,10:58:33,3.82,0.0,6,2292,买盘
995,10:58:39,3.81,-0.01,59,22288,卖盘
996,10:58:48,3.81,0.0,10,3810,买盘
997,10:58:51,3.81,0.0,1,381,买盘
998,10:59:04,3.81,0.0,17,6477,买盘
999,10:59:12,3.82,0.01,158,60332,买盘
1000,10:59:19,3.81,-0.01,15,5715,中性盘
1001,10:59:24,3.81,0.0,15,5715,买盘
1002,10:59:27,3.81,0.0,7,2667,买盘
1003,10:59:42,3.81,0.0,49,18669,卖盘
1004,10:59:48,3.8,-0.01,34,12920,卖盘
1005,10:59:51,3.81,0.01,5,1905,买盘
1006,10:59:57,3.81,0.0,17,6477,买盘
1007,11:00:00,3.81,0.0,16,6096,买盘
1008,11:00:04,3.81,0.0,63,24003,买盘
1009,11:00:28,3.82,0.01,44,16808,买盘
1010,11:00:31,3.82,0.0,157,59974,买盘
1011,11:00:34,3.81,-0.01,1,381,卖盘
1012,11:00:46,3.81,0.0,63,24003,卖盘
1013,11:00:48,3.81,0.0,25,9525,买盘
1014,11:00:52,3.81,0.0,12,4572,买盘
1015,11:01:10,3.81,0.0,10,3810,卖盘
1016,11:01:19,3.82,0.01,1,382,买盘
1017,11:01:39,3.81,-0.01,30,11431,卖盘
1018,11:01:45,3.82,0.01,1,382,买盘
1019,11:01:48,3.82,0.0,34,12988,买盘
1020,11:01:54,3.82,0.0,12,4584,买盘
1021,11:01:57,3.81,-0.01,55,20955,卖盘
1022,11:02:06,3.81,0.0,63,24003,卖盘
1023,11:02:12,3.81,0.0,43,16383,卖盘
1024,11:02:46,3.82,0.01,55,21010,买盘
1025,11:02:49,3.82,0.0,45,17186,买盘
1026,11:02:51,3.81,-0.01,26,9906,卖盘
1027,11:03:00,3.82,0.01,11,4202,买盘
1028,11:03:06,3.81,-0.01,50,19050,卖盘
1029,11:03:27,3.82,0.01,1,382,买盘
1030,11:03:40,3.81,-0.01,45,17145,卖盘
1031,11:03:52,3.81,0.0,8,3048,买盘
1032,11:03:54,3.81,0.0,13,4953,买盘
1033,11:03:57,3.81,0.0,2,762,买盘
1034,11:04:04,3.81,0.0,75,28505,买盘
1035,11:04:24,3.81,0.0,7,2667,买盘
1036,11:04:27,3.81,0.0,2,762,买盘
1037,11:04:48,3.8,-0.01,15,5700,卖盘
1038,11:04:52,3.81,0.01,16,6096,买盘
1039,11:04:58,3.81,0.0,2,762,买盘
1040,11:05:16,3.8,-0.01,12,4571,卖盘
1041,11:05:34,3.81,0.01,1,381,买盘
1042,11:05:51,3.8,-0.01,3,1140,卖盘
1043,11:05:54,3.8,0.0,13,4940,卖盘
1044,11:06:00,3.81,0.01,1,381,买盘
1045,11:06:03,3.81,0.0,101,38394,买盘
1046,11:06:12,3.81,0.0,21,8001,买盘
1047,11:06:15,3.81,0.0,1,381,买盘
1048,11:06:18,3.8,-0.01,20,7600,卖盘
1049,11:06:24,3.8,0.0,4,1520,卖盘
1050,11:06:36,3.8,0.0,307,116660,卖盘
1051,11:06:40,3.8,0.0,253,96140,卖盘
1052,11:06:48,3.81,0.01,1,381,买盘
1053,11:07:18,3.81,0.0,10,3810,买盘
1054,11:07:25,3.81,0.0,1,381,买盘
1055,11:07:36,3.8,-0.01,4,1520,卖盘
1056,11:07:51,3.8,0.0,10,3800,卖盘
1057,11:07:54,3.8,0.0,1,380,卖盘
1058,11:07:57,3.81,0.01,1,381,买盘
1059,11:08:06,3.81,0.0,31,11811,买盘
1060,11:08:30,3.81,0.0,1,381,买盘
1061,11:08:33,3.81,0.0,1,381,买盘
1062,11:08:36,3.81,0.0,2,762,买盘
1063,11:08:51,3.81,0.0,1,381,买盘
1064,11:09:04,3.81,0.0,1,381,买盘
1065,11:09:06,3.81,0.0,30,11410,买盘
1066,11:09:12,3.8,-0.01,14,5320,卖盘
1067,11:09:36,3.81,0.01,1,381,买盘
1068,11:09:45,3.81,0.0,1,381,买盘
1069,11:09:48,3.81,0.0,349,132671,买盘
1070,11:09:51,3.8,-0.01,5,1900,卖盘
1071,11:10:00,3.8,0.0,20,7600,卖盘
1072,11:10:04,3.8,0.0,1,380,卖盘
1073,11:10:18,3.8,0.0,4,1520,卖盘
1074,11:10:21,3.8,0.0,10,3800,卖盘
1075,11:10:30,3.8,0.0,108,41040,卖盘
1076,11:10:36,3.8,0.0,3,1140,买盘
1077,11:10:46,3.8,0.0,30,11400,买盘
1078,11:10:55,3.79,-0.01,1,379,卖盘
1079,11:10:57,3.8,0.01,10,3800,买盘
1080,11:11:04,3.79,-0.01,38,14402,卖盘
1081,11:11:06,3.79,0.0,164,62156,卖盘
1082,11:11:09,3.8,0.01,5,1900,买盘
1083,11:11:18,3.8,0.0,19,7220,买盘
1084,11:11:33,3.8,0.0,7,2660,买盘
1085,11:11:36,3.8,0.0,1,380,买盘
1086,11:11:39,3.8,0.0,58,22009,买盘
1087,11:11:42,3.8,0.0,4,1520,买盘
1088,11:11:45,3.79,-0.01,200,75800,卖盘
1089,11:12:42,3.8,0.01,3,1140,买盘
1090,11:12:54,3.79,-0.01,238,90202,卖盘
1091,11:13:15,3.79,0.0,40,15160,卖盘
1092,11:13:18,3.79,0.0,2,758,卖盘
1093,11:13:24,3.79,0.0,4,1516,卖盘
1094,11:13:27,3.79,0.0,36,13644,卖盘
1095,11:13:30,3.79,0.0,8,3032,卖盘
1096,11:13:36,3.79,0.0,19,7201,卖盘
1097,11:13:39,3.8,0.01,1,380,买盘
1098,11:14:06,3.79,-0.01,591,224178,卖盘
1099,11:14:12,3.8,0.01,1,380,买盘
1100,11:14:42,3.79,-0.01,5,1895,卖盘
1101,11:14:48,3.8,0.01,1,380,买盘
1102,11:15:06,3.8,0.0,13,4940,买盘
1103,11:15:24,3.8,0.0,1,380,买盘
1104,11:15:36,3.79,-0.01,100,37900,卖盘
1105,11:15:39,3.79,0.0,19,7201,卖盘
1106,11:15:52,3.8,0.01,1,380,买盘
1107,11:15:54,3.8,0.0,10,3800,买盘
1108,11:15:57,3.79,-0.01,30,11370,卖盘
1109,11:16:09,3.79,0.0,5,1895,卖盘
1110,11:16:12,3.79,0.0,6,2274,卖盘
1111,11:16:18,3.79,0.0,6,2274,卖盘
1112,11:16:30,3.8,0.01,120,45500,买盘
1113,11:16:33,3.8,0.0,2,760,买盘
1114,11:16:45,3.8,0.0,10,3800,买盘
1115,11:16:48,3.8,0.0,3,1140,买盘
1116,11:17:06,3.8,0.0,1,380,买盘
1117,11:17:36,3.8,0.0,1,380,买盘
1118,11:17:54,3.79,-0.01,18,6832,卖盘
1119,11:18:03,3.8,0.01,1,380,买盘
1120,11:18:09,3.8,0.0,1,380,买盘
1121,11:18:21,3.8,0.0,4,1520,买盘
1122,11:18:42,3.8,0.0,40,15200,买盘
1123,11:18:45,3.8,0.0,1,380,买盘
1124,11:19:01,3.79,-0.01,10,3790,卖盘
1125,11:19:06,3.79,0.0,87,32973,卖盘
1126,11:19:12,3.79,0.0,250,94750,卖盘
1127,11:19:33,3.79,0.0,37,14028,卖盘
1128,11:19:36,3.79,0.0,15,5685,卖盘
1129,11:19:39,3.79,0.0,24,9096,卖盘
1130,11:19:46,3.79,0.0,65,24635,卖盘
1131,11:19:57,3.79,0.0,5,1895,卖盘
1132,11:20:00,3.79,0.0,1,379,卖盘
1133,11:20:04,3.79,0.0,15,5685,卖盘
1134,11:20:06,3.79,0.0,33,12507,卖盘
1135,11:20:15,3.79,0.0,1,379,卖盘
1136,11:20:18,3.79,0.0,8,3032,卖盘
1137,11:20:27,3.8,0.01,1,380,买盘
1138,11:20:30,3.79,-0.01,10,3790,卖盘
1139,11:20:42,3.79,0.0,80,30320,卖盘
1140,11:20:57,3.79,0.0,20,7580,卖盘
1141,11:21:00,3.79,0.0,19,7201,卖盘
1142,11:21:04,3.79,0.0,15,5685,卖盘
1143,11:21:06,3.79,0.0,128,48285,卖盘
1144,11:21:21,3.79,0.0,78,29518,买盘
1145,11:21:30,3.79,0.0,2,758,买盘
1146,11:21:36,3.78,-0.01,67,25327,卖盘
1147,11:21:42,3.79,0.01,11,4169,买盘
1148,11:21:48,3.78,-0.01,10,3780,卖盘
1149,11:21:51,3.79,0.01,6,2274,买盘
1150,11:21:57,3.78,-0.01,114,43093,卖盘
1151,11:22:00,3.78,0.0,70,26460,卖盘
1152,11:22:22,3.78,0.0,124,46877,卖盘
1153,11:22:24,3.78,0.0,80,30240,卖盘
1154,11:22:27,3.79,0.01,1,379,买盘
1155,11:23:00,3.79,0.0,15,5685,买盘
1156,11:23:15,3.78,-0.01,50,18910,卖盘
1157,11:23:21,3.79,0.01,10,3790,买盘
1158,11:23:24,3.79,0.0,1,379,买盘
1159,11:23:45,3.78,-0.01,113,42714,卖盘
1160,11:23:51,3.78,0.0,8,3024,卖盘
1161,11:23:57,3.78,0.0,34,12852,卖盘
1162,11:24:01,3.79,0.01,45,17055,买盘
1163,11:24:21,3.79,0.0,22,8338,买盘
1164,11:24:27,3.79,0.0,1,379,买盘
1165,11:24:30,3.79,0.0,5,1895,买盘
1166,11:24:36,3.78,-0.01,16,6048,卖盘
1167,11:24:51,3.78,0.0,50,18920,卖盘
1168,11:24:57,3.79,0.01,1,379,买盘
1169,11:25:03,3.78,-0.01,45,17010,卖盘
1170,11:25:06,3.78,0.0,26,9828,卖盘
1171,11:25:15,3.79,0.01,1,379,买盘
1172,11:25:22,3.78,-0.01,50,18900,卖盘
1173,11:25:30,3.78,0.0,19,7182,卖盘
1174,11:25:33,3.79,0.01,14,5306,买盘
1175,11:25:39,3.79,0.0,1,379,买盘
1176,11:25:54,3.78,-0.01,52,19656,卖盘
1177,11:25:57,3.79,0.01,3,1137,买盘
1178,11:26:12,3.79,0.0,17,6443,买盘
1179,11:26:21,3.79,0.0,271,102448,买盘
1180,11:26:33,3.79,0.0,1,379,买盘
1181,11:26:39,3.79,0.0,30,11370,买盘
1182,11:26:46,3.79,0.0,1,379,买盘
1183,11:26:57,3.78,-0.01,1,378,卖盘
1184,11:27:00,3.78,0.0,30,11340,卖盘
1185,11:27:04,3.79,0.01,1,379,买盘
1186,11:27:06,3.79,0.0,2,758,买盘
1187,11:27:18,3.79,0.0,10,3790,买盘
1188,11:27:21,3.79,0.0,1,379,买盘
1189,11:27:27,3.79,0.0,1,379,买盘
1190,11:27:33,3.79,0.0,1,379,买盘
1191,11:27:42,3.78,-0.01,15,5670,卖盘
1192,11:27:54,3.79,0.01,1,379,买盘
1193,11:27:57,3.78,-0.01,22,8316,卖盘
1194,11:28:04,3.79,0.01,16,6064,买盘
1195,11:28:18,3.79,0.0,10,3790,买盘
1196,11:28:24,3.78,-0.01,43,16254,卖盘
1197,11:28:27,3.79,0.01,3,1137,买盘
1198,11:28:30,3.78,-0.01,167,63127,卖盘
1199,11:28:33,3.78,0.0,2,756,卖盘
1200,11:28:36,3.78,0.0,319,120582,卖盘
1201,11:28:42,3.79,0.01,55,20845,买盘
1202,11:28:54,3.78,-0.01,10,3780,卖盘
1203,11:29:06,3.78,0.0,12,4536,卖盘
1204,11:29:09,3.78,0.0,31,11719,卖盘
1205,11:29:12,3.78,0.0,15,5670,卖盘
1206,11:29:18,3.78,0.0,154,58246,卖盘
1207,11:29:21,3.78,0.0,26,9828,卖盘
1208,11:29:24,3.78,0.0,75,28350,卖盘
1209,11:29:39,3.78,0.0,4,1512,卖盘
1210,11:29:57,3.78,0.0,5,1890,卖盘
1211,13:00:04,3.79,0.01,335,126743,买盘
1212,13:00:06,3.78,-0.01,18,6804,卖盘
1213,13:00:12,3.78,0.0,13,4914,卖盘
1214,13:00:21,3.78,0.0,204,77112,卖盘
1215,13:00:24,3.78,0.0,5,1928,卖盘
1216,13:00:27,3.79,0.01,161,61019,买盘
1217,13:00:30,3.79,0.0,10,3790,买盘
1218,13:00:48,3.79,0.0,34,12886,买盘
1219,13:01:04,3.79,0.0,20,7580,买盘
1220,13:01:06,3.78,-0.01,21,7949,卖盘
1221,13:01:18,3.78,0.0,26,9828,卖盘
1222,13:01:48,3.79,0.01,3,1137,买盘
1223,13:02:21,3.78,-0.01,453,171196,卖盘
1224,13:02:24,3.78,0.0,30,11378,买盘
1225,13:02:39,3.78,0.0,31,11718,卖盘
1226,13:02:42,3.78,0.0,10,3780,买盘
1227,13:03:04,3.79,0.01,2,758,买盘
1228,13:03:09,3.79,0.0,4,1516,买盘
1229,13:03:15,3.79,0.0,1,379,买盘
1230,13:03:39,3.79,0.0,5,1895,买盘
1231,13:04:06,3.78,-0.01,5,1890,卖盘
1232,13:04:12,3.78,0.0,30,11340,卖盘
1233,13:04:30,3.79,0.01,1,379,买盘
1234,13:04:42,3.79,0.0,27,10233,买盘
1235,13:05:06,3.79,0.0,30,11370,买盘
1236,13:05:21,3.79,0.0,30,11370,买盘
1237,13:05:36,3.78,-0.01,20,7749,卖盘
1238,13:05:39,3.79,0.01,26,9854,买盘
1239,13:05:51,3.79,0.0,1,379,买盘
1240,13:06:00,3.78,-0.01,20,7560,卖盘
1241,13:06:06,3.79,0.01,29,10991,买盘
1242,13:06:18,3.78,-0.01,6,2268,卖盘
1243,13:06:36,3.78,0.0,1,378,卖盘
1244,13:06:52,3.79,0.01,40,15160,买盘
1245,13:06:54,3.79,0.0,161,61019,买盘
1246,13:07:00,3.79,0.0,62,23498,买盘
1247,13:07:04,3.79,0.0,29,10991,买盘
1248,13:07:15,3.79,0.0,16,6061,买盘
1249,13:07:18,3.79,0.0,41,15539,买盘
1250,13:07:21,3.79,0.0,8,3032,买盘
1251,13:07:24,3.79,0.0,30,11370,买盘
1252,13:07:27,3.79,0.0,93,35247,买盘
1253,13:07:36,3.79,0.0,25,9476,卖盘
1254,13:07:57,3.79,0.0,23,8717,买盘
1255,13:08:00,3.79,0.0,30,11370,买盘
1256,13:08:06,3.79,0.0,1,379,买盘
1257,13:08:24,3.79,0.0,60,22740,买盘
1258,13:08:36,3.79,0.0,3,1137,买盘
1259,13:08:39,3.79,0.0,10,3790,买盘
1260,13:08:42,3.79,0.0,1,379,买盘
1261,13:08:57,3.79,0.0,1,379,买盘
1262,13:09:04,3.78,-0.01,9,3402,卖盘
1263,13:09:24,3.79,0.01,119,45101,买盘
1264,13:09:27,3.8,0.01,23,8726,买盘
1265,13:09:39,3.79,-0.01,2,758,卖盘
1266,13:09:42,3.79,0.0,14,5306,买盘
1267,13:09:51,3.8,0.01,23,8740,买盘
1268,13:10:00,3.8,0.0,3,1140,买盘
1269,13:10:03,3.79,-0.01,24,9096,卖盘
1270,13:10:24,3.8,0.01,10,3800,买盘
1271,13:10:39,3.8,0.0,30,11400,买盘
1272,13:11:00,3.8,0.0,41,15580,买盘
1273,13:11:09,3.79,-0.01,4,1516,卖盘
1274,13:11:16,3.8,0.01,8,3035,买盘
1275,13:11:18,3.8,0.0,12,4560,买盘
1276,13:11:27,3.8,0.0,22,8360,买盘
1277,13:11:30,3.79,-0.01,73,27667,卖盘
1278,13:11:33,3.8,0.01,1,380,买盘
1279,13:12:13,3.8,0.0,1,380,买盘
1280,13:12:15,3.8,0.0,59,22420,买盘
1281,13:12:24,3.79,-0.01,447,169433,卖盘
1282,13:12:27,3.79,0.0,42,15918,买盘
1283,13:12:30,3.8,0.01,22,8358,买盘
1284,13:12:39,3.79,-0.01,4,1516,卖盘
1285,13:12:42,3.8,0.01,4,1520,买盘
1286,13:13:18,3.8,0.0,30,11400,买盘
1287,13:13:28,3.8,0.0,2,760,买盘
1288,13:13:30,3.8,0.0,5,1900,买盘
1289,13:13:37,3.8,0.0,11,4180,买盘
1290,13:13:42,3.8,0.0,1,380,买盘
1291,13:13:51,3.8,0.0,5,1900,买盘
1292,13:13:54,3.8,0.0,1,380,买盘
1293,13:14:09,3.8,0.0,4,1520,买盘
1294,13:14:21,3.8,0.0,1,380,买盘
1295,13:14:36,3.8,0.0,10,3800,买盘
1296,13:14:39,3.8,0.0,78,29640,买盘
1297,13:14:42,3.8,0.0,1,380,买盘
1298,13:14:57,3.8,0.0,1,380,买盘
1299,13:15:10,3.79,-0.01,1,379,卖盘
1300,13:15:13,3.79,0.0,71,26909,卖盘
1301,13:15:30,3.8,0.01,3,1140,买盘
1302,13:15:33,3.8,0.0,1,380,买盘
1303,13:15:45,3.79,-0.01,120,45480,卖盘
1304,13:16:00,3.79,0.0,85,32215,卖盘
1305,13:16:06,3.79,0.0,5,1895,买盘
1306,13:16:09,3.79,0.0,49,18571,买盘
1307,13:16:12,3.79,0.0,14,5306,买盘
1308,13:16:24,3.79,0.0,30,11370,买盘
1309,13:16:27,3.79,0.0,18,6860,买盘
1310,13:16:30,3.79,0.0,1,379,卖盘
1311,13:16:45,3.79,0.0,11,4169,卖盘
1312,13:16:48,3.79,0.0,60,22740,卖盘
1313,13:16:51,3.8,0.01,29,11020,买盘
1314,13:17:09,3.8,0.0,27,10260,买盘
1315,13:17:18,3.8,0.0,1,380,买盘
1316,13:17:21,3.8,0.0,166,63080,买盘
1317,13:17:27,3.8,0.0,34,12920,买盘
1318,13:17:30,3.8,0.0,12,4560,买盘
1319,13:17:39,3.8,0.0,162,61556,买盘
1320,13:17:48,3.8,0.0,1,380,买盘
1321,13:17:54,3.79,-0.01,12,4548,卖盘
1322,13:18:06,3.79,0.0,133,50407,卖盘
1323,13:18:24,3.8,0.01,1,380,买盘
1324,13:18:33,3.8,0.0,30,11400,买盘
1325,13:18:42,3.8,0.0,6,2280,买盘
1326,13:18:45,3.8,0.0,60,22800,买盘
1327,13:18:48,3.79,-0.01,50,18950,卖盘
1328,13:18:54,3.8,0.01,100,38000,买盘
1329,13:18:57,3.8,0.0,1,380,买盘
1330,13:19:00,3.8,0.0,1,380,买盘
1331,13:19:04,3.8,0.0,126,47880,买盘
1332,13:19:09,3.8,0.0,20,7600,买盘
1333,13:19:19,3.8,0.0,7,2660,买盘
1334,13:19:30,3.8,0.0,1,380,买盘
1335,13:19:33,3.8,0.0,10,3800,买盘
1336,13:19:39,3.79,-0.01,56,21224,卖盘
1337,13:20:04,3.79,0.0,49,18571,卖盘
1338,13:20:21,3.8,0.01,4,1520,买盘
1339,13:20:24,3.79,-0.01,10,3790,卖盘
1340,13:20:27,3.8,0.01,1,380,买盘
1341,13:20:36,3.79,-0.01,232,87928,卖盘
1342,13:20:39,3.79,0.0,67,25393,卖盘
1343,13:20:49,3.8,0.01,53,20140,买盘
1344,13:21:12,3.79,-0.01,174,65908,卖盘
1345,13:21:22,3.79,0.0,6,2274,买盘
1346,13:21:27,3.79,0.0,23,8700,买盘
1347,13:21:42,3.79,0.0,60,22740,买盘
1348,13:21:51,3.79,0.0,41,15539,买盘
1349,13:21:54,3.78,-0.01,19,7184,卖盘
1350,13:21:57,3.79,0.01,44,16676,买盘
1351,13:22:21,3.79,0.0,13,4927,买盘
1352,13:22:24,3.78,-0.01,137,51874,卖盘
1353,13:22:30,3.79,0.01,100,37900,买盘
1354,13:22:39,3.79,0.0,18,6822,买盘
1355,13:22:57,3.79,0.0,1,379,买盘
1356,13:23:06,3.78,-0.01,8,3024,卖盘
1357,13:23:27,3.79,0.01,2,758,买盘
1358,13:23:33,3.79,0.0,5,1895,买盘
1359,13:23:36,3.79,0.0,6,2274,买盘
1360,13:23:45,3.79,0.0,16,6064,买盘
1361,13:23:51,3.79,0.0,32,12128,买盘
1362,13:23:57,3.78,-0.01,42,15917,卖盘
1363,13:24:04,3.79,0.01,1,379,买盘
1364,13:24:27,3.78,-0.01,18,6812,卖盘
1365,13:24:30,3.79,0.01,44,16676,买盘
1366,13:24:36,3.79,0.0,1,379,买盘
1367,13:24:39,3.79,0.0,120,45480,买盘
1368,13:24:42,3.78,-0.01,15,5670,卖盘
1369,13:24:52,3.78,0.0,104,39316,卖盘
1370,13:24:55,3.78,0.0,2,756,卖盘
1371,13:25:09,3.79,0.01,3,1137,买盘
1372,13:25:12,3.78,-0.01,550,207900,卖盘
1373,13:25:15,3.78,0.0,6,2269,卖盘
1374,13:25:18,3.78,0.0,15,5670,卖盘
1375,13:25:21,3.79,0.01,1,379,买盘
1376,13:25:30,3.78,-0.01,5,1890,卖盘
1377,13:25:42,3.79,0.01,22,8336,买盘
1378,13:25:48,3.79,0.0,57,21548,买盘
1379,13:26:00,3.79,0.0,20,7580,买盘
1380,13:26:09,3.79,0.0,10,3790,买盘
1381,13:26:21,3.78,-0.01,20,7560,卖盘
1382,13:26:27,3.79,0.01,23,8717,买盘
1383,13:26:30,3.79,0.0,30,11370,买盘
1384,13:26:39,3.78,-0.01,4,1512,卖盘
1385,13:26:42,3.79,0.01,20,7580,买盘
1386,13:26:48,3.79,0.0,30,11370,买盘
1387,13:27:06,3.79,0.0,10,3790,买盘
1388,13:27:30,3.79,0.0,1,379,买盘
1389,13:27:48,3.79,0.0,17,6443,买盘
1390,13:28:04,3.79,0.0,1,379,买盘
1391,13:28:06,3.79,0.0,18,6822,买盘
1392,13:28:09,3.79,0.0,10,3790,买盘
1393,13:28:19,3.79,0.0,15,5685,买盘
1394,13:28:30,3.78,-0.01,9,3402,卖盘
1395,13:28:33,3.78,0.0,1010,381780,卖盘
1396,13:28:39,3.79,0.01,50,18950,买盘
1397,13:28:51,3.79,0.0,22,8338,买盘
1398,13:29:00,3.78,-0.01,10,3780,卖盘
1399,13:29:06,3.79,0.01,5,1895,买盘
1400,13:29:09,3.79,0.0,31,11749,买盘
1401,13:29:27,3.79,0.0,5,1895,买盘
1402,13:29:30,3.79,0.0,159,60261,买盘
1403,13:29:33,3.78,-0.01,1,378,卖盘
1404,13:29:45,3.79,0.01,37,14023,买盘
1405,13:29:48,3.79,0.0,30,11408,买盘
1406,13:29:51,3.79,0.0,1,379,卖盘
1407,13:29:54,3.79,0.0,336,127344,卖盘
1408,13:29:57,3.8,0.01,10,3800,买盘
1409,13:30:06,3.79,-0.01,20,7580,卖盘
1410,13:30:27,3.8,0.01,1,380,买盘
1411,13:30:36,3.8,0.0,119,45220,买盘
1412,13:30:42,3.8,0.0,53,20140,买盘
1413,13:30:51,3.8,0.0,10,3800,买盘
1414,13:30:54,3.8,0.0,1,380,买盘
1415,13:31:04,3.8,0.0,1,380,买盘
1416,13:31:12,3.79,-0.01,4,1516,卖盘
1417,13:31:18,3.79,0.0,5,1895,卖盘
1418,13:31:30,3.79,0.0,10,3790,卖盘
1419,13:31:33,3.8,0.01,66,25065,买盘
1420,13:31:36,3.79,-0.01,6,2274,卖盘
1421,13:31:42,3.79,0.0,13,4927,卖盘
1422,13:31:45,3.8,0.01,10,3800,买盘
1423,13:31:49,3.8,0.0,30,11400,买盘
1424,13:32:01,3.79,-0.01,2,758,卖盘
1425,13:32:06,3.8,0.01,1,380,买盘
1426,13:32:27,3.79,-0.01,5,1895,卖盘
1427,13:32:36,3.8,0.01,10,3800,买盘
1428,13:32:42,3.8,0.0,11,4180,买盘
1429,13:32:45,3.79,-0.01,2,758,卖盘
1430,13:33:10,3.79,0.0,12,4548,卖盘
1431,13:33:15,3.8,0.01,1,380,买盘
1432,13:33:27,3.8,0.0,9,3420,买盘
1433,13:33:39,3.79,-0.01,26,9864,卖盘
1434,13:33:48,3.8,0.01,1,380,买盘
1435,13:33:51,3.79,-0.01,8,3032,卖盘
1436,13:34:00,3.79,0.0,15,5685,卖盘
1437,13:34:09,3.79,0.0,2,758,卖盘
1438,13:34:12,3.8,0.01,3,1140,买盘
1439,13:34:21,3.8,0.0,1,380,买盘
1440,13:34:27,3.8,0.0,30,11400,买盘
1441,13:34:33,3.8,0.0,10,3800,买盘
1442,13:34:46,3.8,0.0,20,7600,买盘
1443,13:34:48,3.8,0.0,158,60040,买盘
1444,13:34:51,3.79,-0.01,46,17444,卖盘
1445,13:34:55,3.8,0.01,1,380,买盘
1446,13:34:58,3.8,0.0,510,193800,买盘
1447,13:35:00,3.8,0.0,135,51300,买盘
1448,13:35:04,3.79,-0.01,112,42553,卖盘
1449,13:35:06,3.8,0.01,34,12920,买盘
1450,13:35:09,3.8,0.0,61,23180,买盘
1451,13:35:12,3.79,-0.01,48,18205,卖盘
1452,13:35:21,3.8,0.01,12,4560,买盘
1453,13:35:27,3.8,0.0,31,11780,买盘
1454,13:35:33,3.8,0.0,10,3800,买盘
1455,13:35:49,3.79,-0.01,771,292171,卖盘
1456,13:36:04,3.79,0.0,28,10612,买盘
1457,13:36:06,3.79,0.0,8,3032,买盘
1458,13:36:09,3.78,-0.01,9,3408,卖盘
1459,13:36:15,3.79,0.01,2,758,买盘
1460,13:36:18,3.79,0.0,2,758,买盘
1461,13:36:21,3.79,0.0,4,1516,买盘
1462,13:36:24,3.79,0.0,4,1516,买盘
1463,13:36:27,3.79,0.0,8,3032,买盘
1464,13:36:30,3.79,0.0,7,2653,买盘
1465,13:36:34,3.79,0.0,24,9096,买盘
1466,13:36:37,3.79,0.0,47,17813,买盘
1467,13:36:39,3.79,0.0,12,4548,买盘
1468,13:36:42,3.79,0.0,8,3032,买盘
1469,13:36:45,3.79,0.0,15,5685,买盘
1470,13:36:48,3.79,0.0,3,1137,买盘
1471,13:36:54,3.78,-0.01,42,15897,卖盘
1472,13:36:57,3.79,0.01,1,379,买盘
1473,13:37:00,3.79,0.0,25,9475,买盘
1474,13:37:03,3.78,-0.01,301,113779,卖盘
1475,13:37:06,3.79,0.01,30,11370,买盘
1476,13:37:12,3.79,0.0,10,3790,买盘
1477,13:37:15,3.79,0.0,10,3790,买盘
1478,13:37:21,3.79,0.0,1,379,买盘
1479,13:37:30,3.79,0.0,27,10271,买盘
1480,13:37:48,3.79,0.0,5,1895,卖盘
1481,13:37:54,3.79,0.0,10,3790,卖盘
1482,13:38:07,3.8,0.01,1,380,买盘
1483,13:38:18,3.79,-0.01,33,12507,卖盘
1484,13:38:27,3.79,0.0,147,55772,卖盘
1485,13:38:31,3.8,0.01,1,380,买盘
1486,13:38:33,3.79,-0.01,270,102340,卖盘
1487,13:38:36,3.79,0.0,73,27629,卖盘
1488,13:39:09,3.79,0.0,3,1137,买盘
1489,13:39:15,3.79,0.0,124,46996,买盘
1490,13:39:27,3.79,0.0,10,3790,买盘
1491,13:39:30,3.79,0.0,36,13644,买盘
1492,13:39:36,3.78,-0.01,75,28350,卖盘
1493,13:39:42,3.79,0.01,8,3070,买盘
1494,13:40:03,3.79,0.0,30,11370,卖盘
1495,13:40:07,3.79,0.0,5,1895,卖盘
1496,13:40:10,3.79,0.0,25,9437,卖盘
1497,13:40:27,3.78,-0.01,8,3024,卖盘
1498,13:40:42,3.78,0.0,1,378,卖盘
1499,13:40:55,3.79,0.01,8,3032,买盘
1500,13:40:57,3.78,-0.01,32,12021,卖盘
1501,13:41:12,3.78,0.0,15,5670,卖盘
1502,13:41:16,3.79,0.01,2,758,买盘
1503,13:41:19,3.79,0.0,53,20087,买盘
1504,13:41:21,3.79,0.0,6,2274,买盘
1505,13:41:28,3.79,0.0,2,758,买盘
1506,13:41:33,3.79,0.0,20,7580,买盘
1507,13:41:48,3.79,0.0,1,379,买盘
1508,13:41:51,3.79,0.0,214,81068,买盘
1509,13:41:54,3.79,0.0,42,15918,卖盘
1510,13:41:57,3.79,0.0,1,379,卖盘
1511,13:42:00,3.79,0.0,1,379,卖盘
1512,13:42:03,3.79,0.0,3,1137,卖盘
1513,13:42:06,3.79,0.0,1,379,卖盘
1514,13:42:15,3.8,0.01,20,7600,买盘
1515,13:42:18,3.79,-0.01,27,10233,卖盘
1516,13:42:24,3.8,0.01,186,70680,买盘
1517,13:42:30,3.8,0.0,10,3800,买盘
1518,13:42:33,3.79,-0.01,49,18571,卖盘
1519,13:42:48,3.79,0.0,114,43206,卖盘
1520,13:42:51,3.8,0.01,108,41040,买盘
1521,13:43:10,3.8,0.0,200,76000,买盘
1522,13:43:12,3.79,-0.01,8,3032,卖盘
1523,13:43:21,3.79,0.0,15,5685,卖盘
1524,13:43:24,3.8,0.01,244,92720,买盘
1525,13:43:55,3.8,0.0,50,19000,买盘
1526,13:44:00,3.8,0.0,12,4560,买盘
1527,13:44:04,3.79,-0.01,24,9097,卖盘
1528,13:44:31,3.8,0.01,11,4180,买盘
1529,13:44:33,3.8,0.0,1,380,买盘
1530,13:44:42,3.79,-0.01,30,11370,卖盘
1531,13:44:45,3.8,0.01,1,380,买盘
1532,13:44:54,3.79,-0.01,10,3790,卖盘
1533,13:45:00,3.8,0.01,1,380,买盘
1534,13:45:03,3.8,0.0,30,11400,买盘
1535,13:45:09,3.8,0.0,40,15200,买盘
1536,13:45:12,3.8,0.0,1,380,买盘
1537,13:45:15,3.8,0.0,1,380,买盘
1538,13:45:30,3.8,0.0,10,3800,买盘
1539,13:45:33,3.8,0.0,26,9874,买盘
1540,13:45:36,3.8,0.0,5,1900,买盘
1541,13:45:45,3.8,0.0,1,380,买盘
1542,13:45:48,3.79,-0.01,10,3790,卖盘
1543,13:45:51,3.79,0.0,8,3032,卖盘
1544,13:46:01,3.8,0.01,10,3800,买盘
1545,13:46:04,3.8,0.0,2,760,买盘
1546,13:46:15,3.79,-0.01,17,6443,卖盘
1547,13:46:18,3.8,0.01,4,1517,买盘
1548,13:46:21,3.79,-0.01,2,568,卖盘
1549,13:46:30,3.8,0.01,10,3800,买盘
1550,13:46:33,3.8,0.0,6,2280,买盘
1551,13:46:36,3.79,-0.01,36,13644,卖盘
1552,13:46:57,3.8,0.01,1,380,买盘
1553,13:47:21,3.8,0.0,50,19000,买盘
1554,13:47:24,3.8,0.0,10,3800,买盘
1555,13:47:33,3.8,0.0,51,19380,买盘
1556,13:47:42,3.8,0.0,30,11400,买盘
1557,13:47:51,3.8,0.0,2,760,买盘
1558,13:47:54,3.8,0.0,153,58037,买盘
1559,13:48:01,3.79,-0.01,21,7959,卖盘
1560,13:48:04,3.8,0.01,1,380,买盘
1561,13:48:09,3.8,0.0,17,6460,买盘
1562,13:48:15,3.79,-0.01,100,37900,卖盘
1563,13:48:21,3.79,0.0,55,20845,卖盘
1564,13:48:36,3.8,0.01,1,380,买盘
1565,13:48:45,3.8,0.0,53,20140,买盘
1566,13:49:15,3.8,0.0,1,380,买盘
1567,13:49:27,3.8,0.0,42,15960,买盘
1568,13:49:30,3.79,-0.01,8,3032,卖盘
1569,13:49:48,3.8,0.01,1,380,买盘
1570,13:49:57,3.79,-0.01,795,301646,卖盘
1571,13:50:12,3.79,0.0,110,41690,卖盘
1572,13:50:15,3.79,0.0,11,4169,卖盘
1573,13:50:24,3.79,0.0,199,75307,卖盘
1574,13:50:28,3.79,0.0,1,379,买盘
1575,13:50:33,3.79,0.0,16,6064,买盘
1576,13:50:51,3.79,0.0,6,2274,买盘
1577,13:50:57,3.79,0.0,2,758,买盘
1578,13:51:21,3.79,0.0,1,379,买盘
1579,13:51:24,3.79,0.0,7,2653,买盘
1580,13:51:27,3.79,0.0,2,758,买盘
1581,13:51:33,3.79,0.0,1,379,买盘
1582,13:51:36,3.78,-0.01,1,378,卖盘
1583,13:51:39,3.78,0.0,22,8278,卖盘
1584,13:51:42,3.78,0.0,100,37800,卖盘
1585,13:51:51,3.79,0.01,6,2274,买盘
1586,13:52:04,3.79,0.0,1,379,买盘
1587,13:52:09,3.79,0.0,2,758,买盘
1588,13:52:24,3.79,0.0,6,2274,买盘
1589,13:52:27,3.79,0.0,3,1137,买盘
1590,13:52:33,3.79,0.0,6,2269,买盘
1591,13:52:51,3.79,0.0,6,2274,买盘
1592,13:52:57,3.79,0.0,1,379,买盘
1593,13:53:00,3.79,0.0,30,11370,买盘
1594,13:53:06,3.79,0.0,16,6054,买盘
1595,13:53:09,3.79,0.0,1,379,买盘
1596,13:53:21,3.79,0.0,10,3790,买盘
1597,13:53:24,3.79,0.0,8,3032,买盘
1598,13:53:27,3.79,0.0,2,758,买盘
1599,13:53:45,3.79,0.0,1,379,买盘
1600,13:53:51,3.79,0.0,5,1895,买盘
1601,13:53:57,3.78,-0.01,11,4159,卖盘
1602,13:54:00,3.79,0.01,34,12886,买盘
1603,13:54:03,3.79,0.0,20,7580,买盘
1604,13:54:06,3.78,-0.01,38,14364,卖盘
1605,13:54:21,3.79,0.01,1,379,买盘
1606,13:54:24,3.79,0.0,8,3032,买盘
1607,13:54:27,3.78,-0.01,102,38558,卖盘
1608,13:54:51,3.78,0.0,52,19663,卖盘
1609,13:54:57,3.79,0.01,7,2653,买盘
1610,13:55:00,3.78,-0.01,5,1890,卖盘
1611,13:55:12,3.78,0.0,10,3780,卖盘
1612,13:55:15,3.78,0.0,2,756,卖盘
1613,13:55:21,3.79,0.01,2,758,买盘
1614,13:55:30,3.79,0.0,2,758,买盘
1615,13:55:39,3.79,0.0,30,11370,买盘
1616,13:56:01,3.78,-0.01,100,37800,卖盘
1617,13:56:04,3.79,0.01,9,3411,买盘
1618,13:56:15,3.78,-0.01,120,45370,卖盘
1619,13:56:21,3.78,0.0,20,7560,卖盘
1620,13:56:33,3.79,0.01,1,379,买盘
1621,13:56:54,3.78,-0.01,8,3024,卖盘
1622,13:57:09,3.79,0.01,10,3790,买盘
1623,13:57:12,3.79,0.0,46,17389,买盘
1624,13:57:21,3.79,0.0,53,20087,买盘
1625,13:57:39,3.79,0.0,24,9096,买盘
1626,13:57:48,3.79,0.0,1,379,买盘
1627,13:58:06,3.79,0.0,10,3790,买盘
1628,13:58:15,3.79,0.0,51,19329,买盘
1629,13:58:18,3.79,0.0,31,11749,买盘
1630,13:58:21,3.79,0.0,5,1895,买盘
1631,13:58:28,3.79,0.0,68,25772,买盘
1632,13:58:31,3.79,0.0,50,18950,买盘
1633,13:58:36,3.79,0.0,42,15918,买盘
1634,13:58:39,3.79,0.0,8,3032,买盘
1635,13:58:42,3.79,0.0,26,9854,买盘
1636,13:58:48,3.79,0.0,1,379,买盘
1637,13:58:51,3.79,0.0,82,31078,买盘
1638,13:58:54,3.79,0.0,2,758,买盘
1639,13:59:00,3.79,0.0,14,5306,买盘
1640,13:59:09,3.79,0.0,28,10612,买盘
1641,13:59:27,3.79,0.0,7,2648,买盘
1642,13:59:30,3.78,-0.01,29,10962,卖盘
1643,13:59:36,3.78,0.0,8,3024,卖盘
1644,13:59:57,3.79,0.01,51,19288,买盘
1645,14:00:00,3.78,-0.01,4,1514,卖盘
1646,14:00:06,3.78,0.0,37,13986,卖盘
1647,14:00:09,3.78,0.0,280,105840,卖盘
1648,14:00:15,3.79,0.01,29,10991,买盘
1649,14:00:24,3.79,0.0,8,3032,买盘
1650,14:00:27,3.78,-0.01,5,1890,卖盘
1651,14:00:36,3.79,0.01,11,4169,买盘
1652,14:00:39,3.79,0.0,1,379,买盘
1653,14:00:48,3.79,0.0,68,25772,买盘
1654,14:00:51,3.79,0.0,1,379,买盘
1655,14:00:54,3.79,0.0,30,11370,买盘
1656,14:00:57,3.79,0.0,10,3790,买盘
1657,14:01:00,3.78,-0.01,6,2269,卖盘
1658,14:01:06,3.79,0.01,1,379,买盘
1659,14:01:12,3.79,0.0,12,4548,买盘
1660,14:01:28,3.78,-0.01,3,1134,卖盘
1661,14:01:30,3.79,0.01,12,4548,买盘
1662,14:01:45,3.79,0.0,1,379,买盘
1663,14:01:51,3.79,0.0,10,3790,买盘
1664,14:02:00,3.79,0.0,1,379,买盘
1665,14:02:09,3.79,0.0,4,1516,买盘
1666,14:02:12,3.79,0.0,10,3790,买盘
1667,14:02:16,3.78,-0.01,252,95256,卖盘
1668,14:02:39,3.79,0.01,4,1516,买盘
1669,14:02:45,3.78,-0.01,52,19656,卖盘
1670,14:02:48,3.79,0.01,10,3790,买盘
1671,14:02:51,3.78,-0.01,4,1512,卖盘
1672,14:03:04,3.78,0.0,51,19314,卖盘
1673,14:03:09,3.78,0.0,46,17388,卖盘
1674,14:03:15,3.78,0.0,9,3402,卖盘
1675,14:03:27,3.79,0.01,1,379,买盘
1676,14:03:33,3.79,0.0,30,11370,买盘
1677,14:03:45,3.79,0.0,62,23498,买盘
1678,14:03:48,3.79,0.0,10,3790,买盘
1679,14:03:51,3.78,-0.01,50,18900,卖盘
1680,14:04:01,3.79,0.01,78,29562,买盘
1681,14:04:04,3.79,0.0,66,25014,买盘
1682,14:04:06,3.79,0.0,54,20466,买盘
1683,14:04:15,3.79,0.0,100,37900,买盘
1684,14:04:30,3.79,0.0,1,379,买盘
1685,14:04:36,3.79,0.0,10,3790,买盘
1686,14:04:57,3.78,-0.01,10,3780,卖盘
1687,14:05:00,3.79,0.01,251,95129,买盘
1688,14:05:06,3.79,0.0,1,379,买盘
1689,14:05:22,3.79,0.0,40,15160,买盘
1690,14:05:27,3.78,-0.01,1,378,卖盘
1691,14:05:36,3.79,0.01,309,116812,买盘
1692,14:05:39,3.78,-0.01,65,24570,卖盘
1693,14:05:48,3.78,0.0,95,35910,卖盘
1694,14:06:06,3.78,0.0,45,17010,卖盘
1695,14:06:30,3.79,0.01,1,379,买盘
1696,14:06:33,3.78,-0.01,50,18900,卖盘
1697,14:06:39,3.78,0.0,121,45738,卖盘
1698,14:06:42,3.78,0.0,106,40068,卖盘
1699,14:06:45,3.78,0.0,3,1134,卖盘
1700,14:06:51,3.78,0.0,16,6048,卖盘
1701,14:06:54,3.79,0.01,3,1137,买盘
1702,14:07:06,3.78,-0.01,5,1890,卖盘
1703,14:07:09,3.79,0.01,2,758,买盘
1704,14:07:24,3.78,-0.01,268,101304,卖盘
1705,14:07:33,3.78,0.0,110,41580,卖盘
1706,14:07:39,3.78,0.0,40,15120,卖盘
1707,14:07:45,3.78,0.0,6,2268,卖盘
1708,14:07:51,3.78,0.0,1100,415800,卖盘
1709,14:07:54,3.78,0.0,12,4536,卖盘
1710,14:07:58,3.78,0.0,83,31374,卖盘
1711,14:08:00,3.78,0.0,69,26195,卖盘
1712,14:08:04,3.78,0.0,31,11718,买盘
1713,14:08:49,3.77,-0.01,5,1885,卖盘
1714,14:08:51,3.78,0.01,2,756,买盘
1715,14:09:04,3.77,-0.01,57,21489,卖盘
1716,14:09:06,3.78,0.01,4,1512,买盘
1717,14:09:09,3.77,-0.01,197,74269,卖盘
1718,14:09:12,3.77,0.0,4,1508,卖盘
1719,14:09:27,3.77,0.0,24,9048,卖盘
1720,14:09:30,3.77,0.0,620,233740,卖盘
1721,14:09:36,3.77,0.0,32,12064,卖盘
1722,14:09:45,3.77,0.0,30,11310,卖盘
1723,14:09:52,3.77,0.0,50,18850,卖盘
1724,14:09:54,3.77,0.0,786,296171,卖盘
1725,14:09:58,3.77,0.0,89,33553,卖盘
1726,14:10:00,3.77,0.0,80,30160,卖盘
1727,14:10:04,3.77,0.0,242,91234,卖盘
1728,14:10:06,3.77,0.0,45,16965,卖盘
1729,14:10:09,3.77,0.0,34,12969,卖盘
1730,14:10:22,3.76,-0.01,20,7520,卖盘
1731,14:10:24,3.77,0.01,5,1885,买盘
1732,14:10:36,3.76,-0.01,18,6768,卖盘
1733,14:10:39,3.76,0.0,50,18800,卖盘
1734,14:10:42,3.77,0.01,1,377,买盘
1735,14:10:45,3.76,-0.01,10,3760,卖盘
1736,14:10:48,3.76,0.0,116,43616,卖盘
1737,14:10:52,3.76,0.0,348,130848,卖盘
1738,14:11:03,3.76,0.0,100,37600,卖盘
1739,14:11:06,3.76,0.0,25,9400,卖盘
1740,14:11:12,3.76,0.0,50,18820,卖盘
1741,14:11:15,3.76,0.0,140,52660,卖盘
1742,14:11:18,3.77,0.01,1,377,买盘
1743,14:11:21,3.76,-0.01,100,37600,卖盘
1744,14:11:27,3.77,0.01,20,7540,买盘
1745,14:11:30,3.77,0.0,30,11310,买盘
1746,14:11:39,3.76,-0.01,90,33840,卖盘
1747,14:11:42,3.76,0.0,190,71440,卖盘
1748,14:11:51,3.77,0.01,40,15060,买盘
1749,14:11:54,3.76,-0.01,20,7520,卖盘
1750,14:12:00,3.76,0.0,1,376,卖盘
1751,14:12:06,3.76,0.0,212,79712,卖盘
1752,14:12:09,3.76,0.0,13,4888,卖盘
1753,14:12:15,3.76,0.0,24,9024,卖盘
1754,14:12:21,3.77,0.01,6,2262,买盘
1755,14:12:24,3.76,-0.01,86,32336,卖盘
1756,14:12:27,3.76,0.0,60,22560,卖盘
1757,14:12:30,3.77,0.01,240,90270,买盘
1758,14:12:36,3.77,0.0,42,15834,买盘
1759,14:12:48,3.77,0.0,1,377,买盘
1760,14:12:57,3.77,0.0,253,95381,买盘
1761,14:13:04,3.76,-0.01,6,2256,卖盘
1762,14:13:09,3.77,0.01,12,4524,买盘
1763,14:13:21,3.77,0.0,143,53811,买盘
1764,14:13:24,3.77,0.0,43,16201,买盘
1765,14:13:27,3.77,0.0,34,12818,买盘
1766,14:13:30,3.76,-0.01,8,3008,卖盘
1767,14:13:36,3.76,0.0,20,7520,卖盘
1768,14:13:39,3.77,0.01,42,15834,买盘
1769,14:13:51,3.77,0.0,6,2262,买盘
1770,14:13:57,3.77,0.0,34,12818,买盘
1771,14:14:09,3.77,0.0,30,11310,买盘
1772,14:14:12,3.76,-0.01,400,150400,卖盘
1773,14:14:15,3.77,0.01,50,18850,买盘
1774,14:14:21,3.77,0.0,1,377,买盘
1775,14:14:30,3.77,0.0,40,15080,买盘
1776,14:14:34,3.76,-0.01,200,75200,卖盘
1777,14:14:36,3.77,0.01,16,6032,买盘
1778,14:14:42,3.76,-0.01,24,8949,卖盘
1779,14:14:48,3.76,0.0,45,16995,卖盘
1780,14:14:51,3.76,0.0,59,22184,买盘
1781,14:14:54,3.76,0.0,85,31960,买盘
1782,14:14:57,3.76,0.0,47,17672,买盘
1783,14:15:01,3.76,0.0,30,11280,买盘
1784,14:15:04,3.76,0.0,52,19552,买盘
1785,14:15:06,3.75,-0.01,33,12405,卖盘
1786,14:15:09,3.76,0.01,90,33840,买盘
1787,14:15:12,3.76,0.0,31,11656,买盘
1788,14:15:18,3.76,0.0,39,14664,买盘
1789,14:15:21,3.75,-0.01,21,7878,卖盘
1790,14:15:27,3.76,0.01,1,376,买盘
1791,14:15:31,3.76,0.0,130,48874,买盘
1792,14:15:48,3.75,-0.01,30,11250,卖盘
1793,14:15:52,3.76,0.01,6,2256,买盘
1794,14:15:57,3.76,0.0,561,210421,买盘
1795,14:16:06,3.76,0.0,2,752,买盘
1796,14:16:09,3.76,0.0,10,3760,买盘
1797,14:16:25,3.75,-0.01,5,1875,卖盘
1798,14:16:36,3.75,0.0,4,1500,卖盘
1799,14:16:42,3.76,0.01,1,376,买盘
1800,14:16:48,3.76,0.0,30,11280,买盘
1801,14:16:51,3.76,0.0,16,6016,买盘
1802,14:16:54,3.75,-0.01,47,17625,卖盘
1803,14:16:57,3.75,0.0,101,37875,卖盘
1804,14:17:01,3.75,0.0,15,5325,卖盘
1805,14:17:04,3.76,0.01,1,376,买盘
1806,14:17:09,3.75,-0.01,55,20625,卖盘
1807,14:17:12,3.76,0.01,54,20304,买盘
1808,14:17:21,3.75,-0.01,63,23625,卖盘
1809,14:17:36,3.75,0.0,80,30000,卖盘
1810,14:17:39,3.76,0.01,1,376,买盘
1811,14:17:48,3.75,-0.01,399,149625,卖盘
1812,14:17:51,3.75,0.0,374,140270,卖盘
1813,14:17:54,3.75,0.0,59,22125,卖盘
1814,14:17:57,3.75,0.0,22,8250,卖盘
1815,14:18:00,3.75,0.0,196,73800,卖盘
1816,14:18:04,3.75,0.0,2,750,买盘
1817,14:18:12,3.75,0.0,299,112125,买盘
1818,14:18:15,3.75,0.0,24,9000,买盘
1819,14:18:21,3.75,0.0,138,51750,买盘
1820,14:18:25,3.75,0.0,16,6000,买盘
1821,14:18:28,3.75,0.0,17,6375,买盘
1822,14:18:31,3.75,0.0,1,375,买盘
1823,14:18:33,3.75,0.0,131,49040,买盘
1824,14:18:36,3.75,0.0,61,22818,买盘
1825,14:18:42,3.74,-0.01,3,1122,卖盘
1826,14:18:48,3.75,0.01,31,11625,买盘
1827,14:18:52,3.75,0.0,22,8239,买盘
1828,14:18:54,3.75,0.0,76,28500,买盘
1829,14:18:57,3.75,0.0,26,9750,买盘
1830,14:19:00,3.75,0.0,130,48750,买盘
1831,14:19:03,3.75,0.0,2,750,买盘
1832,14:19:06,3.75,0.0,100,37500,买盘
1833,14:19:09,3.75,0.0,39,14623,买盘
1834,14:19:15,3.75,0.0,91,34085,买盘
1835,14:19:18,3.75,0.0,200,75000,卖盘
1836,14:19:21,3.75,0.0,35,13125,卖盘
1837,14:19:24,3.75,0.0,26,9750,卖盘
1838,14:19:27,3.75,0.0,30,11250,买盘
1839,14:19:31,3.75,0.0,91,34125,买盘
1840,14:19:34,3.74,-0.01,213,79778,卖盘
1841,14:19:36,3.75,0.01,62,23250,买盘
1842,14:19:42,3.75,0.0,31,11625,买盘
1843,14:19:45,3.75,0.0,26,9734,买盘
1844,14:19:48,3.75,0.0,30,11250,买盘
1845,14:19:51,3.75,0.0,81,30375,买盘
1846,14:19:54,3.74,-0.01,175,65568,卖盘
1847,14:20:06,3.74,0.0,154,57737,卖盘
1848,14:20:12,3.75,0.01,30,11250,卖盘
1849,14:20:18,3.76,0.01,60,22560,买盘
1850,14:20:21,3.75,-0.01,50,18750,卖盘
1851,14:20:31,3.75,0.0,18,6750,卖盘
1852,14:20:37,3.75,0.0,25,9375,卖盘
1853,14:20:42,3.75,0.0,48,18000,卖盘
1854,14:20:45,3.76,0.01,105,39480,买盘
1855,14:20:48,3.75,-0.01,102,38250,卖盘
1856,14:20:51,3.75,0.0,46,17250,买盘
1857,14:20:54,3.74,-0.01,5,1870,卖盘
1858,14:20:57,3.74,0.0,130,48730,卖盘
1859,14:21:03,3.75,0.01,252,94500,买盘
1860,14:21:06,3.75,0.0,2,750,买盘
1861,14:21:09,3.75,0.0,20,7500,买盘
1862,14:21:15,3.75,0.0,45,16762,买盘
1863,14:21:18,3.75,0.0,25,9375,卖盘
1864,14:21:30,3.76,0.01,7,2632,买盘
1865,14:21:33,3.75,-0.01,59,22238,卖盘
1866,14:21:39,3.75,0.0,11,4125,买盘
1867,14:21:45,3.75,0.0,30,11250,买盘
1868,14:21:48,3.75,0.0,15,5625,买盘
1869,14:21:51,3.75,0.0,12,4500,买盘
1870,14:21:57,3.75,0.0,33,12353,买盘
1871,14:22:01,3.75,0.0,11,4125,买盘
1872,14:22:06,3.75,0.0,36,13275,买盘
1873,14:22:09,3.75,0.0,23,8625,卖盘
1874,14:22:28,3.75,0.0,110,41250,卖盘
1875,14:22:36,3.75,0.0,2,750,卖盘
1876,14:22:45,3.75,0.0,20,7500,卖盘
1877,14:22:51,3.75,0.0,1,375,卖盘
1878,14:22:54,3.75,0.0,92,34500,卖盘
1879,14:23:12,3.76,0.01,60,22560,买盘
1880,14:23:21,3.75,-0.01,220,82500,卖盘
1881,14:23:24,3.75,0.0,26,9750,买盘
1882,14:23:30,3.75,0.0,28,10500,买盘
1883,14:23:33,3.75,0.0,10,3750,买盘
1884,14:23:36,3.75,0.0,6,2250,买盘
1885,14:23:39,3.75,0.0,6,2250,买盘
1886,14:23:42,3.75,0.0,1,375,买盘
1887,14:23:45,3.74,-0.01,422,157828,卖盘
1888,14:23:48,3.74,0.0,62,23219,卖盘
1889,14:23:54,3.75,0.01,4,1500,买盘
1890,14:24:00,3.75,0.0,253,94875,买盘
1891,14:24:12,3.74,-0.01,1,374,卖盘
1892,14:24:15,3.74,0.0,240,89760,卖盘
1893,14:24:33,3.74,0.0,349,130526,卖盘
1894,14:24:36,3.74,0.0,10,3740,卖盘
1895,14:24:39,3.74,0.0,20,7480,卖盘
1896,14:25:01,3.75,0.01,387,144758,买盘
1897,14:25:09,3.74,-0.01,69,25806,卖盘
1898,14:25:15,3.74,0.0,450,168300,卖盘
1899,14:25:21,3.74,0.0,47,17578,卖盘
1900,14:25:24,3.74,0.0,37,13838,买盘
1901,14:25:27,3.74,0.0,10,3740,买盘
1902,14:25:30,3.74,0.0,33,12342,买盘
1903,14:25:34,3.74,0.0,10,3740,卖盘
1904,14:25:39,3.74,0.0,25,9350,卖盘
1905,14:25:48,3.74,0.0,42,15708,买盘
1906,14:25:52,3.73,-0.01,195,72735,卖盘
1907,14:26:00,3.74,0.01,8,2992,买盘
1908,14:26:09,3.73,-0.01,11,4103,卖盘
1909,14:26:12,3.74,0.01,165,61710,买盘
1910,14:26:19,3.74,0.0,46,17354,卖盘
1911,14:26:21,3.75,0.01,83,31125,买盘
1912,14:26:33,3.75,0.0,8,3000,买盘
1913,14:26:39,3.74,-0.01,40,14960,卖盘
1914,14:26:42,3.75,0.01,44,16500,买盘
1915,14:26:48,3.75,0.0,78,29250,买盘
1916,14:27:00,3.74,-0.01,1,374,卖盘
1917,14:27:04,3.74,0.0,153,57242,卖盘
1918,14:27:06,3.75,0.01,1,375,买盘
1919,14:27:09,3.75,0.0,71,26625,买盘
1920,14:27:15,3.75,0.0,3,1125,买盘
1921,14:27:24,3.74,-0.01,39,14617,卖盘
1922,14:27:27,3.74,0.0,740,276610,卖盘
1923,14:27:33,3.74,0.0,60,22440,买盘
1924,14:27:36,3.74,0.0,11,4114,卖盘
1925,14:27:45,3.74,0.0,10,3740,卖盘
1926,14:27:52,3.74,0.0,98,36652,卖盘
1927,14:27:57,3.74,0.0,302,112948,卖盘
1928,14:28:00,3.74,0.0,50,18700,卖盘
1929,14:28:03,3.75,0.01,40,14980,买盘
1930,14:28:12,3.75,0.0,73,27375,买盘
1931,14:28:15,3.74,-0.01,4,1496,卖盘
1932,14:28:21,3.74,0.0,2,748,卖盘
1933,14:28:27,3.74,0.0,1,374,卖盘
1934,14:28:33,3.75,0.01,167,62625,买盘
1935,14:28:36,3.75,0.0,58,21735,买盘
1936,14:28:39,3.74,-0.01,71,26554,卖盘
1937,14:28:42,3.74,0.0,7,2618,卖盘
1938,14:28:48,3.75,0.01,5,1875,买盘
1939,14:28:51,3.75,0.0,10,3750,买盘
1940,14:28:57,3.75,0.0,78,29250,买盘
1941,14:29:00,3.75,0.0,1,375,买盘
1942,14:29:06,3.74,-0.01,196,73304,卖盘
1943,14:29:15,3.75,0.01,9,3375,买盘
1944,14:29:18,3.75,0.0,82,30750,买盘
1945,14:29:21,3.75,0.0,1029,385875,买盘
1946,14:29:34,3.75,0.0,500,187500,买盘
1947,14:29:37,3.75,0.0,53,19875,买盘
1948,14:29:39,3.75,0.0,55,20625,买盘
1949,14:29:42,3.74,-0.01,21,7855,卖盘
1950,14:29:45,3.75,0.01,55,20625,买盘
1951,14:29:51,3.75,0.0,127,47625,买盘
1952,14:30:03,3.76,0.01,1,376,买盘
1953,14:30:06,3.75,-0.01,4,1500,卖盘
1954,14:30:12,3.75,0.0,13,5100,卖盘
1955,14:30:16,3.76,0.01,1,376,买盘
1956,14:30:21,3.76,0.0,1,376,买盘
1957,14:30:24,3.76,0.0,10,3760,买盘
1958,14:30:30,3.76,0.0,30,11280,买盘
1959,14:30:33,3.76,0.0,50,18800,买盘
1960,14:30:51,3.76,0.0,1,376,买盘
1961,14:30:54,3.76,0.0,29,10884,买盘
1962,14:31:06,3.76,0.0,10,3760,买盘
1963,14:31:18,3.76,0.0,91,34216,买盘
1964,14:31:21,3.76,0.0,1,376,买盘
1965,14:31:27,3.75,-0.01,28,10500,卖盘
1966,14:31:33,3.76,0.01,50,18800,买盘
1967,14:31:36,3.75,-0.01,15,5625,卖盘
1968,14:31:39,3.75,0.0,46,17263,卖盘
1969,14:31:57,3.76,0.01,1,376,买盘
1970,14:32:03,3.75,-0.01,30,11250,卖盘
1971,14:32:15,3.76,0.01,17,6382,买盘
1972,14:32:27,3.76,0.0,1,376,买盘
1973,14:32:33,3.75,-0.01,2,750,卖盘
1974,14:33:00,3.75,0.0,100,37500,卖盘
1975,14:33:06,3.75,0.0,7,2625,卖盘
1976,14:33:09,3.76,0.01,2,752,买盘
1977,14:33:27,3.75,-0.01,31,11625,卖盘
1978,14:33:37,3.75,0.0,25,9375,卖盘
1979,14:33:46,3.75,0.0,130,48750,卖盘
1980,14:33:51,3.75,0.0,11,4125,卖盘
1981,14:34:00,3.75,0.0,5,1875,卖盘
1982,14:34:03,3.76,0.01,70,26320,买盘
1983,14:34:06,3.75,-0.01,20,7500,卖盘
1984,14:34:15,3.75,0.0,2,751,卖盘
1985,14:34:18,3.75,0.0,10,3750,卖盘
1986,14:34:24,3.76,0.01,24,9024,买盘
1987,14:34:33,3.76,0.0,15,5635,买盘
1988,14:34:36,3.75,-0.01,7,2625,卖盘
1989,14:34:42,3.76,0.01,25,9400,买盘
1990,14:34:46,3.76,0.0,1,376,买盘
1991,14:34:57,3.76,0.0,3,1128,买盘
1992,14:35:00,3.76,0.0,20,7520,买盘
1993,14:35:06,3.76,0.0,51,19176,买盘
1994,14:35:12,3.75,-0.01,100,37514,卖盘
1995,14:35:18,3.76,0.01,1,376,买盘
1996,14:35:24,3.76,0.0,100,37600,买盘
1997,14:35:33,3.76,0.0,110,41360,买盘
1998,14:35:42,3.76,0.0,34,12784,买盘
1999,14:35:48,3.76,0.0,4,1504,买盘
2000,14:35:54,3.76,0.0,1,376,买盘
2001,14:35:57,3.76,0.0,250,94000,买盘
2002,14:36:00,3.76,0.0,153,57528,买盘
2003,14:36:06,3.76,0.0,268,100768,买盘
2004,14:36:09,3.76,0.0,122,45872,买盘
2005,14:36:12,3.76,0.0,75,28189,买盘
2006,14:36:15,3.76,0.0,113,42488,买盘
2007,14:36:18,3.76,0.0,25,9400,买盘
2008,14:36:21,3.75,-0.01,56,21016,卖盘
2009,14:36:24,3.76,0.01,19,7144,买盘
2010,14:36:27,3.76,0.0,1,376,买盘
2011,14:36:30,3.76,0.0,3,1128,买盘
2012,14:36:33,3.76,0.0,198,74448,买盘
2013,14:37:03,3.77,0.01,109,41093,买盘
2014,14:37:06,3.77,0.0,1,377,买盘
2015,14:37:12,3.77,0.0,1,377,买盘
2016,14:37:15,3.77,0.0,10,3770,买盘
2017,14:37:21,3.77,0.0,200,75400,买盘
2018,14:37:24,3.77,0.0,13,4901,买盘
2019,14:37:30,3.77,0.0,47,17719,买盘
2020,14:37:33,3.77,0.0,28,10556,卖盘
2021,14:37:36,3.77,0.0,5,1885,卖盘
2022,14:37:39,3.78,0.01,1,378,买盘
2023,14:37:51,3.78,0.0,1,378,买盘
2024,14:37:54,3.78,0.0,945,357210,买盘
2025,14:38:12,3.79,0.01,1,379,买盘
2026,14:38:16,3.78,-0.01,4,1512,卖盘
2027,14:38:18,3.78,0.0,25,9450,卖盘
2028,14:38:21,3.78,0.0,7,2646,卖盘
2029,14:38:25,3.79,0.01,1,379,买盘
2030,14:38:33,3.79,0.0,70,26502,买盘
2031,14:38:36,3.79,0.0,31,11742,买盘
2032,14:38:39,3.79,0.0,5,1895,买盘
2033,14:38:45,3.79,0.0,262,99090,买盘
2034,14:38:48,3.79,0.0,101,38279,买盘
2035,14:38:54,3.78,-0.01,11,4158,卖盘
2036,14:39:04,3.78,0.0,5,1890,卖盘
2037,14:39:15,3.78,0.0,40,15120,卖盘
2038,14:39:21,3.79,0.01,1,379,买盘
2039,14:39:27,3.79,0.0,4,1516,买盘
2040,14:39:30,3.78,-0.01,49,18522,卖盘
2041,14:39:33,3.78,0.0,12,4536,卖盘
2042,14:39:36,3.78,0.0,27,10206,卖盘
2043,14:39:42,3.78,0.0,74,27972,卖盘
2044,14:39:45,3.78,0.0,46,17393,卖盘
2045,14:39:51,3.78,0.0,534,201853,卖盘
2046,14:40:06,3.77,-0.01,3,1131,卖盘
2047,14:40:13,3.77,0.0,13,4901,卖盘
2048,14:40:22,3.77,0.0,62,23374,卖盘
2049,14:40:27,3.76,-0.01,6,2259,卖盘
2050,14:40:46,3.77,0.01,46,17332,买盘
2051,14:40:48,3.76,-0.01,178,66928,卖盘
2052,14:40:51,3.77,0.01,2,754,买盘
2053,14:40:57,3.76,-0.01,1,376,卖盘
2054,14:41:09,3.76,0.0,22,8276,卖盘
2055,14:41:12,3.77,0.01,119,44863,买盘
2056,14:41:21,3.77,0.0,28,10556,买盘
2057,14:41:30,3.76,-0.01,16,6016,卖盘
2058,14:41:45,3.76,0.0,51,19176,卖盘
2059,14:41:58,3.77,0.01,2,754,买盘
2060,14:42:18,3.77,0.0,15,5655,买盘
2061,14:42:28,3.77,0.0,56,21061,买盘
2062,14:42:33,3.76,-0.01,3,1128,卖盘
2063,14:42:36,3.76,0.0,2,752,卖盘
2064,14:42:42,3.76,0.0,2,752,卖盘
2065,14:42:48,3.77,0.01,76,28606,买盘
2066,14:42:54,3.76,-0.01,17,6392,卖盘
2067,14:43:06,3.76,0.0,100,37600,卖盘
2068,14:43:09,3.77,0.01,2,754,买盘
2069,14:43:15,3.77,0.0,1,377,买盘
2070,14:43:21,3.76,-0.01,23,8648,卖盘
2071,14:43:27,3.77,0.01,95,35815,买盘
2072,14:43:31,3.76,-0.01,12,4512,卖盘
2073,14:43:36,3.76,0.0,327,123029,卖盘
2074,14:43:48,3.76,0.0,14,5268,卖盘
2075,14:43:54,3.76,0.0,108,40608,卖盘
2076,14:43:57,3.76,0.0,7,2519,卖盘
2077,14:44:04,3.76,0.0,10,3760,卖盘
2078,14:44:07,3.76,0.0,3,1278,卖盘
2079,14:44:09,3.76,0.0,300,112800,卖盘
2080,14:44:15,3.76,0.0,51,19176,卖盘
2081,14:44:18,3.76,0.0,194,72906,卖盘
2082,14:44:21,3.76,0.0,236,88774,买盘
2083,14:44:30,3.76,0.0,104,39104,卖盘
2084,14:44:34,3.76,0.0,8,3008,卖盘
2085,14:44:36,3.77,0.01,1,377,买盘
2086,14:44:39,3.76,-0.01,135,50722,卖盘
2087,14:44:42,3.76,0.0,3,1128,买盘
2088,14:44:48,3.76,0.0,5,1880,买盘
2089,14:44:51,3.76,0.0,14,5264,买盘
2090,14:44:54,3.76,0.0,79,29742,买盘
2091,14:44:57,3.76,0.0,50,18800,卖盘
2092,14:45:04,3.76,0.0,135,50760,卖盘
2093,14:45:06,3.76,0.0,54,20191,卖盘
2094,14:45:09,3.76,0.0,4,1504,卖盘
2095,14:45:13,3.76,0.0,7,2632,卖盘
2096,14:45:15,3.76,0.0,23,8648,卖盘
2097,14:45:18,3.76,0.0,37,13762,卖盘
2098,14:45:22,3.77,0.01,225,84808,买盘
2099,14:45:42,3.76,-0.01,1,376,卖盘
2100,14:45:49,3.76,0.0,20,7520,卖盘
2101,14:45:54,3.76,0.0,17,6618,卖盘
2102,14:45:57,3.76,0.0,17,6391,买盘
2103,14:46:03,3.75,-0.01,21,7875,卖盘
2104,14:46:06,3.75,0.0,1,375,卖盘
2105,14:46:09,3.76,0.01,2,752,买盘
2106,14:46:12,3.76,0.0,234,87978,买盘
2107,14:46:15,3.75,-0.01,20,7500,卖盘
2108,14:46:21,3.75,0.0,10,3750,卖盘
2109,14:46:24,3.76,0.01,145,54465,买盘
2110,14:46:27,3.75,-0.01,30,11260,卖盘
2111,14:46:30,3.75,0.0,40,15000,卖盘
2112,14:46:33,3.75,0.0,9,3375,卖盘
2113,14:46:39,3.75,0.0,101,37875,卖盘
2114,14:46:45,3.76,0.01,10,3760,买盘
2115,14:46:48,3.75,-0.01,1,375,卖盘
2116,14:46:51,3.76,0.01,10,3753,买盘
2117,14:47:00,3.76,0.0,15,5635,买盘
2118,14:47:04,3.75,-0.01,19,7134,卖盘
2119,14:47:09,3.75,0.0,1,375,卖盘
2120,14:47:12,3.75,0.0,2,750,卖盘
2121,14:47:24,3.75,0.0,197,73897,卖盘
2122,14:47:27,3.75,0.0,24,9000,卖盘
2123,14:47:33,3.76,0.01,68,25502,买盘
2124,14:47:36,3.76,0.0,3,1128,买盘
2125,14:47:39,3.76,0.0,5,1879,买盘
2126,14:47:42,3.75,-0.01,50,18750,卖盘
2127,14:47:45,3.75,0.0,12,4500,卖盘
2128,14:47:48,3.75,0.0,260,97500,卖盘
2129,14:47:57,3.75,0.0,496,186000,卖盘
2130,14:48:06,3.76,0.01,225,84580,买盘
2131,14:48:09,3.75,-0.01,1,375,卖盘
2132,14:48:12,3.76,0.01,27,10152,买盘
2133,14:48:15,3.75,-0.01,670,251850,卖盘
2134,14:48:21,3.76,0.01,155,58138,买盘
2135,14:48:24,3.76,0.0,4,1504,买盘
2136,14:48:27,3.75,-0.01,6,2250,卖盘
2137,14:48:30,3.75,0.0,12,4500,卖盘
2138,14:48:36,3.76,0.01,12,4508,买盘
2139,14:48:40,3.76,0.0,10,3760,买盘
2140,14:48:45,3.75,-0.01,9,3375,卖盘
2141,14:48:48,3.76,0.01,1,376,买盘
2142,14:48:54,3.76,0.0,10,3760,买盘
2143,14:48:57,3.75,-0.01,87,32662,卖盘
2144,14:49:06,3.75,0.0,37,13875,卖盘
2145,14:49:09,3.75,0.0,181,67875,卖盘
2146,14:49:12,3.75,0.0,1,375,卖盘
2147,14:49:15,3.75,0.0,3,1125,卖盘
2148,14:49:18,3.76,0.01,3,1128,买盘
2149,14:49:21,3.75,-0.01,1,375,卖盘
2150,14:49:24,3.76,0.01,18,6760,买盘
2151,14:49:27,3.76,0.0,1,376,买盘
2152,14:49:30,3.75,-0.01,34,12750,卖盘
2153,14:49:36,3.76,0.01,11,4136,买盘
2154,14:49:39,3.75,-0.01,18,6750,卖盘
2155,14:49:42,3.76,0.01,3,1128,买盘
2156,14:49:45,3.76,0.0,30,11280,买盘
2157,14:49:48,3.75,-0.01,376,141031,卖盘
2158,14:49:51,3.76,0.01,21,7896,买盘
2159,14:49:54,3.75,-0.01,585,219338,卖盘
2160,14:49:57,3.76,0.01,44,16544,买盘
2161,14:50:04,3.75,-0.01,76,28500,卖盘
2162,14:50:06,3.75,0.0,124,46623,卖盘
2163,14:50:10,3.76,0.01,55,20630,买盘
2164,14:50:15,3.75,-0.01,15,5628,卖盘
2165,14:50:21,3.75,0.0,1,375,卖盘
2166,14:50:24,3.75,0.0,15,5625,卖盘
2167,14:50:27,3.75,0.0,5,1875,卖盘
2168,14:50:30,3.75,0.0,37,13875,卖盘
2169,14:50:33,3.75,0.0,252,94500,卖盘
2170,14:50:36,3.75,0.0,62,23250,卖盘
2171,14:50:39,3.75,0.0,53,19875,卖盘
2172,14:50:42,3.75,0.0,20,7500,卖盘
2173,14:50:45,3.75,0.0,20,7500,卖盘
2174,14:50:48,3.76,0.01,630,236880,买盘
2175,14:50:51,3.75,-0.01,5,1875,卖盘
2176,14:50:54,3.75,0.0,100,37500,卖盘
2177,14:51:04,3.75,0.0,13,4875,卖盘
2178,14:51:06,3.75,0.0,50,18770,卖盘
2179,14:51:15,3.75,0.0,97,36375,卖盘
2180,14:51:18,3.75,0.0,17,6375,卖盘
2181,14:51:21,3.76,0.01,37,13912,买盘
2182,14:51:24,3.75,-0.01,64,24040,卖盘
2183,14:51:30,3.75,0.0,87,32625,卖盘
2184,14:51:34,3.75,0.0,5,1875,卖盘
2185,14:51:36,3.76,0.01,67,25180,买盘
2186,14:51:39,3.75,-0.01,57,21375,卖盘
2187,14:51:42,3.75,0.0,30,11250,卖盘
2188,14:51:54,3.75,0.0,2,638,卖盘
2189,14:51:57,3.75,0.0,12,4502,卖盘
2190,14:52:04,3.76,0.01,50,18800,买盘
2191,14:52:06,3.76,0.0,55,20666,买盘
2192,14:52:09,3.76,0.0,42,15792,买盘
2193,14:52:12,3.76,0.0,186,69786,买盘
2194,14:52:15,3.76,0.0,273,102642,买盘
2195,14:52:21,3.75,-0.01,47,17625,卖盘
2196,14:52:24,3.76,0.01,2,752,买盘
2197,14:52:28,3.76,0.0,304,114052,买盘
2198,14:52:31,3.76,0.0,94,35344,买盘
2199,14:52:36,3.76,0.0,37,13885,买盘
2200,14:52:39,3.75,-0.01,40,15000,卖盘
2201,14:52:51,3.76,0.01,85,31900,买盘
2202,14:53:04,3.75,-0.01,1005,376875,卖盘
2203,14:53:06,3.75,0.0,71,26625,卖盘
2204,14:53:09,3.75,0.0,42,15751,卖盘
2205,14:53:15,3.76,0.01,42,15792,买盘
2206,14:53:18,3.75,-0.01,15,5625,卖盘
2207,14:53:21,3.75,0.0,180,67640,卖盘
2208,14:53:24,3.76,0.01,45,16880,买盘
2209,14:53:34,3.76,0.0,20,7520,买盘
2210,14:53:37,3.76,0.0,81,30456,买盘
2211,14:53:42,3.76,0.0,14,5253,买盘
2212,14:53:45,3.75,-0.01,94,35293,卖盘
2213,14:53:48,3.75,0.0,306,114756,卖盘
2214,14:53:51,3.75,0.0,1,375,卖盘
2215,14:53:54,3.75,0.0,1,375,卖盘
2216,14:53:57,3.75,0.0,354,132750,卖盘
2217,14:54:01,3.75,0.0,9,3225,卖盘
2218,14:54:04,3.75,0.0,150,56250,卖盘
2219,14:54:09,3.75,0.0,447,167745,卖盘
2220,14:54:15,3.76,0.01,14,5264,买盘
2221,14:54:18,3.76,0.0,90,33800,买盘
2222,14:54:21,3.76,0.0,132,49502,买盘
2223,14:54:24,3.75,-0.01,3,1125,卖盘
2224,14:54:27,3.76,0.01,25,9400,买盘
2225,14:54:30,3.75,-0.01,63,23625,卖盘
2226,14:54:33,3.75,0.0,313,117375,卖盘
2227,14:54:39,3.75,0.0,19,7125,卖盘
2228,14:54:45,3.76,0.01,33,12408,买盘
2229,14:54:51,3.75,-0.01,155,58125,卖盘
2230,14:54:54,3.75,0.0,11,4125,卖盘
2231,14:55:01,3.75,0.0,134,50290,卖盘
2232,14:55:06,3.76,0.01,92,34546,买盘
2233,14:55:09,3.75,-0.01,20,7500,卖盘
2234,14:55:12,3.75,0.0,100,37500,卖盘
2235,14:55:15,3.75,0.0,66,24750,卖盘
2236,14:55:18,3.75,0.0,17,6600,卖盘
2237,14:55:21,3.75,0.0,368,138000,卖盘
2238,14:55:24,3.75,0.0,510,191267,卖盘
2239,14:55:28,3.75,0.0,402,150878,卖盘
2240,14:55:31,3.75,0.0,2,750,买盘
2241,14:55:39,3.74,-0.01,94,35213,卖盘
2242,14:55:42,3.74,0.0,12,4488,卖盘
2243,14:55:45,3.74,0.0,159,59466,卖盘
2244,14:55:48,3.75,0.01,883,331125,买盘
2245,14:55:51,3.74,-0.01,235,87929,卖盘
2246,14:55:55,3.74,0.0,36,13464,卖盘
2247,14:55:58,3.74,0.0,26,9724,卖盘
2248,14:56:04,3.74,0.0,20,7480,卖盘
2249,14:56:06,3.75,0.01,198,74250,买盘
2250,14:56:09,3.75,0.0,68,25472,买盘
2251,14:56:12,3.75,0.0,183,68575,买盘
2252,14:56:16,3.75,0.0,75,28070,买盘
2253,14:56:21,3.75,0.0,128,48000,买盘
2254,14:56:24,3.75,0.0,342,128222,买盘
2255,14:56:27,3.75,0.0,278,104219,买盘
2256,14:56:31,3.75,0.0,407,152425,买盘
2257,14:56:33,3.75,0.0,107,40125,买盘
2258,14:56:45,3.74,-0.01,4,1496,卖盘
2259,14:56:48,3.75,0.01,2,750,买盘
2260,14:56:51,3.75,0.0,37,13875,买盘
2261,14:56:54,3.75,0.0,111,41625,买盘
2262,14:56:57,3.75,0.0,438,164250,买盘
2263,14:57:00,3.75,0.0,24,9000,买盘
2264,15:00:03,3.75,0.0,2033,762375,卖盘
