,time,price,change,volume,amount,type
0,09:25:04,9.99,0.07,99,98901,卖盘
1,09:30:04,10.02,0.03,4,4008,买盘
2,09:30:07,10.04,0.02,365,367527,买盘
3,09:30:10,10.06,0.02,45,45242,买盘
4,09:30:13,10.06,0.0,1,1006,卖盘
5,09:30:19,10.06,0.0,13,13078,卖盘
6,09:30:22,10.06,0.0,30,30180,卖盘
7,09:30:28,10.06,0.0,19,19114,卖盘
8,09:30:34,10.04,-0.02,1,1004,卖盘
9,09:30:37,10.03,-0.01,27,27090,卖盘
10,09:30:46,10.04,0.01,3,3012,买盘
11,09:30:52,10.03,-0.01,68,68204,卖盘
12,09:30:55,10.04,0.01,44,44137,买盘
13,09:31:01,10.02,-0.02,79,79158,卖盘
14,09:31:13,10.0,-0.02,45,45020,卖盘
15,09:31:16,10.0,0.0,3,3000,卖盘
16,09:31:19,10.0,0.0,2,2000,卖盘
17,09:31:22,10.0,0.0,4,4000,卖盘
18,09:31:25,10.0,0.0,4,4000,卖盘
19,09:31:28,10.0,0.0,10,10000,卖盘
20,09:31:34,10.0,0.0,2,2000,卖盘
21,09:31:43,10.0,0.0,33,33000,卖盘
22,09:31:49,10.0,0.0,5,5000,买盘
23,09:31:52,10.01,0.01,10,10008,买盘
24,09:31:58,10.0,-0.01,10,10000,买盘
25,09:32:10,10.0,0.0,10,10000,买盘
26,09:32:25,9.99,-0.01,91,90909,卖盘
27,09:32:31,9.99,0.0,116,115884,卖盘
28,09:32:40,9.95,-0.04,44,43814,卖盘
29,09:32:49,9.98,0.03,10,9980,卖盘
30,09:32:58,9.98,0.0,30,29940,买盘
31,09:33:04,9.96,-0.02,9,8964,买盘
32,09:33:13,9.96,0.0,3,2988,卖盘
33,09:33:19,9.96,0.0,45,44820,买盘
34,09:33:25,9.96,0.0,10,9960,买盘
35,09:33:43,9.95,-0.01,2,1990,卖盘
36,09:33:46,9.95,0.0,11,10945,卖盘
37,09:33:52,9.95,0.0,8,7960,卖盘
38,09:33:55,9.95,0.0,3,2985,卖盘
39,09:33:58,9.95,0.0,590,587573,卖盘
40,09:34:01,9.95,0.0,35,34825,卖盘
41,09:34:04,9.95,0.0,1,995,买盘
42,09:34:10,9.95,0.0,9,8955,买盘
43,09:34:40,9.99,0.04,215,214765,买盘
44,09:34:52,10.0,0.01,25,25000,买盘
45,09:34:55,10.0,0.0,5,5000,买盘
46,09:35:10,9.97,-0.03,4,3988,卖盘
47,09:35:19,10.01,0.04,27,27022,买盘
48,09:35:22,10.01,0.0,5,5005,卖盘
49,09:35:25,10.01,0.0,26,26026,卖盘
50,09:35:31,10.01,0.0,1,1001,卖盘
51,09:35:34,10.01,0.0,12,12012,卖盘
52,09:35:40,10.01,0.0,6,6019,卖盘
53,09:35:46,10.01,0.0,1,1001,卖盘
54,09:35:58,10.01,0.0,1,1001,卖盘
55,09:36:04,10.01,0.0,7,7007,卖盘
56,09:36:07,10.01,0.0,5,5005,卖盘
57,09:36:19,10.01,0.0,19,19019,买盘
58,09:36:28,10.0,-0.01,20,20000,卖盘
59,09:36:46,10.0,0.0,2,2000,买盘
60,09:36:55,10.0,0.0,14,14000,买盘
61,09:37:19,9.99,-0.01,2,1998,买盘
62,09:37:34,9.98,-0.01,1,998,卖盘
63,09:37:49,9.98,0.0,6,5988,买盘
64,09:37:52,9.98,0.0,1,998,买盘
65,09:38:19,9.97,-0.01,5,4985,卖盘
66,09:38:22,9.98,0.01,12,11976,买盘
67,09:38:43,9.99,0.01,62,61938,买盘
68,09:39:13,10.0,0.01,30,30000,买盘
69,09:39:25,10.0,0.0,10,10000,买盘
70,09:39:28,10.0,0.0,23,23000,买盘
71,09:39:46,10.01,0.01,10,10010,买盘
72,09:39:49,10.0,-0.01,10,10000,卖盘
73,09:39:55,10.0,0.0,1,1000,卖盘
74,09:40:01,10.01,0.01,6,6006,买盘
75,09:40:10,10.02,0.01,50,50100,买盘
76,09:40:16,10.02,0.0,1,1002,买盘
77,09:40:19,10.02,0.0,15,15030,买盘
78,09:40:31,10.03,0.01,50,50150,买盘
79,09:40:40,10.04,0.01,32,32128,买盘
80,09:40:49,10.05,0.01,35,35175,买盘
81,09:40:52,10.05,0.0,20,20100,买盘
82,09:40:55,10.05,0.0,2,2010,买盘
83,09:40:58,10.06,0.01,34,34204,买盘
84,09:41:04,10.07,0.01,14,14098,买盘
85,09:41:07,10.07,0.0,121,121846,买盘
86,09:41:10,10.05,-0.02,10,10053,卖盘
87,09:41:22,10.06,0.01,14,14071,买盘
88,09:41:28,10.05,-0.01,5,5025,卖盘
89,09:41:31,10.05,0.0,6,6030,卖盘
90,09:41:34,10.05,0.0,1,1005,卖盘
91,09:41:37,10.05,0.0,2,2010,卖盘
92,09:41:40,10.05,0.0,13,13065,卖盘
93,09:41:43,10.05,0.0,8,8040,卖盘
94,09:41:46,10.05,0.0,1,1005,卖盘
95,09:41:49,10.05,0.0,1,1005,卖盘
96,09:41:52,10.05,0.0,1,1005,卖盘
97,09:41:55,10.05,0.0,6,6030,卖盘
98,09:41:58,10.05,0.0,1,1005,卖盘
99,09:42:01,10.06,0.01,27,27147,买盘
100,09:42:04,10.05,-0.01,1,1005,卖盘
101,09:42:19,10.05,0.0,10,10050,卖盘
102,09:42:28,10.05,0.0,4,4020,卖盘
103,09:42:31,10.05,0.0,30,30150,卖盘
104,09:42:34,10.05,0.0,2,2010,卖盘
105,09:42:37,10.06,0.01,51,51305,买盘
106,09:42:40,10.05,-0.01,2,2010,卖盘
107,09:42:43,10.04,-0.01,41,41205,卖盘
108,09:42:55,10.04,0.0,2,2008,买盘
109,09:43:04,10.02,-0.02,3,3006,卖盘
110,09:43:06,10.02,0.0,5,5010,卖盘
111,09:43:22,10.04,0.02,1,1004,买盘
112,09:43:28,10.02,-0.02,2,2004,卖盘
113,09:43:37,10.02,0.0,8,8016,买盘
114,09:43:43,10.04,0.02,2,2008,买盘
115,09:43:46,10.02,-0.02,39,39109,卖盘
116,09:43:52,10.04,0.02,50,50200,买盘
117,09:44:01,10.03,-0.01,3,3009,买盘
118,09:44:13,10.02,-0.01,8,8016,卖盘
119,09:44:16,10.03,0.01,1,1003,买盘
120,09:44:19,10.03,0.0,17,17051,买盘
121,09:44:22,10.02,-0.01,10,10024,卖盘
122,09:44:25,10.04,0.02,16,16034,买盘
123,09:44:28,10.02,-0.02,20,20040,卖盘
124,09:44:37,10.02,0.0,10,10020,卖盘
125,09:44:43,10.04,0.02,1,1004,买盘
126,09:44:46,10.02,-0.02,42,42094,卖盘
127,09:45:04,10.02,0.0,43,43071,买盘
128,09:45:07,10.02,0.0,2,2004,买盘
129,09:45:16,10.02,0.0,2,2004,买盘
130,09:45:22,10.03,0.01,1,1003,买盘
131,09:45:34,10.03,0.0,4,4012,买盘
132,09:45:37,10.04,0.01,5,5020,买盘
133,09:46:01,10.04,0.0,1,1004,买盘
134,09:46:04,10.04,0.0,4,4016,买盘
135,09:46:22,10.04,0.0,24,24096,买盘
136,09:46:31,10.05,0.01,43,43201,买盘
137,09:46:43,10.05,0.0,1,1005,买盘
138,09:46:46,10.05,0.0,5,5025,买盘
139,09:47:01,10.04,-0.01,9,9036,买盘
140,09:47:16,10.03,-0.01,3,3009,卖盘
141,09:47:19,10.04,0.01,14,14056,买盘
142,09:47:28,10.04,0.0,18,18072,卖盘
143,09:47:55,10.04,0.0,40,40160,买盘
144,09:48:01,10.04,0.0,1,1004,买盘
145,09:48:04,10.04,0.0,29,29116,买盘
146,09:48:10,10.03,-0.01,5,5015,卖盘
147,09:48:13,10.04,0.01,10,10040,买盘
148,09:48:25,10.04,0.0,4,4016,买盘
149,09:48:31,10.02,-0.02,110,110266,卖盘
150,09:48:43,10.02,0.0,31,31062,买盘
151,09:48:46,10.02,0.0,41,41082,买盘
152,09:48:48,10.02,0.0,6,6012,买盘
153,09:49:01,10.02,0.0,54,54133,卖盘
154,09:49:22,10.04,0.02,21,21044,买盘
155,09:49:49,10.04,0.0,3,3012,买盘
156,09:49:52,10.04,0.0,2,2008,买盘
157,09:50:01,10.04,0.0,5,5020,买盘
158,09:50:10,10.05,0.01,3,3015,买盘
159,09:50:13,10.04,-0.01,102,102408,卖盘
160,09:50:16,10.05,0.01,16,16080,买盘
161,09:50:28,10.04,-0.01,5,5020,卖盘
162,09:50:34,10.05,0.01,2,2010,买盘
163,09:50:37,10.04,-0.01,10,10040,卖盘
164,09:50:55,10.04,0.0,9,9036,卖盘
165,09:50:58,10.05,0.01,13,13065,买盘
166,09:51:12,10.05,0.0,9,9045,买盘
167,09:51:25,10.04,-0.01,41,41164,卖盘
168,09:51:31,10.05,0.01,2,2010,买盘
169,09:51:43,10.05,0.0,6,6030,买盘
170,09:51:45,10.05,0.0,44,44220,买盘
171,09:52:04,10.05,0.0,1,1005,买盘
172,09:52:06,10.04,-0.01,10,10040,卖盘
173,09:52:18,10.04,0.0,10,10040,卖盘
174,09:52:27,10.04,0.0,4,4016,卖盘
175,09:52:55,10.03,-0.01,29,29087,卖盘
176,09:52:58,10.04,0.01,6,6020,买盘
177,09:53:16,10.03,-0.01,6,6018,买盘
178,09:53:22,10.03,0.0,7,7023,卖盘
179,09:54:09,10.03,0.0,11,11033,买盘
180,09:54:16,10.02,-0.01,34,34068,卖盘
181,09:54:30,10.02,0.0,1,1002,买盘
182,09:54:33,10.01,-0.01,56,56056,卖盘
183,09:54:52,10.0,-0.01,10,10000,卖盘
184,09:55:10,9.98,-0.02,51,50898,卖盘
185,09:55:13,9.98,0.0,29,28942,买盘
186,09:55:19,9.98,0.0,1,998,买盘
187,09:55:22,9.98,0.0,26,25948,买盘
188,09:55:25,9.98,0.0,14,13972,买盘
189,09:55:28,9.98,0.0,22,21939,买盘
190,09:55:34,9.98,0.0,3,2998,卖盘
191,09:55:52,9.98,0.0,64,63872,卖盘
192,09:55:58,9.98,0.0,2,1996,买盘
193,09:56:00,9.98,0.0,1,998,买盘
194,09:56:05,9.98,0.0,11,10977,买盘
195,09:56:07,9.98,0.0,6,5988,买盘
196,09:56:31,10.0,0.02,2,2000,买盘
197,09:56:42,10.0,0.0,14,14000,买盘
198,09:57:01,9.99,-0.01,5,4995,卖盘
199,09:57:04,10.0,0.01,138,138000,买盘
200,09:57:10,9.99,-0.01,5,4995,卖盘
201,09:57:16,10.0,0.01,67,66983,买盘
202,09:57:28,10.0,0.0,8,8000,买盘
203,09:57:37,10.0,0.0,9,9000,买盘
204,09:57:46,10.0,0.0,5,5000,买盘
205,09:57:51,9.99,-0.01,3,2997,卖盘
206,09:57:57,9.99,0.0,20,19980,卖盘
207,09:58:07,9.99,0.0,1,999,卖盘
208,09:58:18,9.99,0.0,10,9990,买盘
209,09:58:34,9.98,-0.01,13,12974,卖盘
210,09:58:55,9.97,-0.01,7,6979,卖盘
211,09:59:36,9.97,0.0,3,2991,卖盘
212,09:59:55,9.98,0.01,5,4990,卖盘
213,10:00:25,9.98,0.0,9,8982,买盘
214,10:00:46,9.99,0.01,1,999,买盘
215,10:00:52,9.98,-0.01,3,2994,卖盘
216,10:01:06,9.98,0.0,20,19960,卖盘
217,10:01:09,9.98,0.0,5,4990,卖盘
218,10:01:19,9.98,0.0,10,9980,卖盘
219,10:01:22,9.98,0.0,10,9980,卖盘
220,10:01:40,9.99,0.01,6,5994,买盘
221,10:01:58,9.97,-0.02,34,33914,卖盘
222,10:02:22,9.97,0.0,1,997,卖盘
223,10:02:46,9.97,0.0,30,29910,卖盘
224,10:03:27,9.99,0.02,1,999,买盘
225,10:03:34,9.97,-0.02,2,1995,卖盘
226,10:04:30,9.97,0.0,3,2991,卖盘
227,10:04:49,9.99,0.02,47,46953,买盘
228,10:04:51,9.98,-0.01,20,19963,卖盘
229,10:04:55,9.97,-0.01,44,43878,卖盘
230,10:04:58,9.98,0.01,1,998,买盘
231,10:05:01,9.98,0.0,5,4990,买盘
232,10:05:12,9.97,-0.01,97,96709,卖盘
233,10:05:28,9.96,-0.01,34,33864,卖盘
234,10:05:30,9.96,0.0,5,4980,卖盘
235,10:05:34,9.97,0.01,10,9970,买盘
236,10:05:40,9.96,-0.01,3,2988,卖盘
237,10:05:43,9.96,0.0,47,46812,卖盘
238,10:05:48,9.96,0.0,1,996,卖盘
239,10:06:04,9.95,-0.01,50,49795,卖盘
240,10:06:25,9.96,0.01,10,9960,买盘
241,10:06:39,9.95,-0.01,42,41790,卖盘
242,10:06:52,9.94,-0.01,15,14920,卖盘
243,10:06:58,9.94,0.0,29,28826,卖盘
244,10:07:16,9.95,0.01,6,5970,买盘
245,10:07:24,9.94,-0.01,6,5964,卖盘
246,10:07:27,9.95,0.01,3,2985,买盘
247,10:08:01,9.96,0.01,10,9960,买盘
248,10:08:07,9.96,0.0,10,9960,买盘
249,10:08:13,9.95,-0.01,30,29850,卖盘
250,10:08:19,9.96,0.01,40,39840,买盘
251,10:08:52,9.96,0.0,42,42639,买盘
252,10:09:04,9.96,0.0,40,39840,卖盘
253,10:09:22,9.96,0.0,20,19920,卖盘
254,10:09:51,9.97,0.01,4,3988,买盘
255,10:09:55,9.96,-0.01,1,189,买盘
256,10:10:19,9.96,0.0,25,24880,买盘
257,10:10:33,9.97,0.01,117,117408,买盘
258,10:10:46,9.99,0.02,47,46879,买盘
259,10:10:54,9.99,0.0,3,2997,买盘
260,10:11:36,9.99,0.0,13,12982,买盘
261,10:11:42,9.99,0.0,1,999,买盘
262,10:12:43,9.98,-0.01,2,1996,买盘
263,10:12:54,9.97,-0.01,14,13958,卖盘
264,10:13:01,9.97,0.0,1,997,买盘
265,10:13:45,9.96,-0.01,42,41025,卖盘
266,10:14:01,9.96,0.0,2,1992,买盘
267,10:14:04,9.96,0.0,5,4980,买盘
268,10:14:33,9.96,0.0,1,996,买盘
269,10:14:40,9.95,-0.01,2,1990,卖盘
270,10:14:42,9.96,0.01,91,90551,买盘
271,10:15:16,9.95,-0.01,4,3980,买盘
272,10:15:28,9.95,0.0,1,995,卖盘
273,10:15:36,9.95,0.0,10,9950,卖盘
274,10:15:43,9.95,0.0,5,4975,卖盘
275,10:16:00,9.95,0.0,10,9950,买盘
276,10:16:36,9.94,-0.01,92,91448,卖盘
277,10:16:48,9.94,0.0,21,20874,卖盘
278,10:17:01,9.94,0.0,10,9940,买盘
279,10:17:12,9.93,-0.01,36,35748,卖盘
280,10:17:21,9.93,0.0,13,12909,卖盘
281,10:17:31,9.93,0.0,4,3972,卖盘
282,10:17:43,9.93,0.0,52,51636,卖盘
283,10:17:49,9.93,0.0,45,44685,卖盘
284,10:17:52,9.93,0.0,9,8937,买盘
285,10:18:00,9.92,-0.01,20,19840,卖盘
286,10:18:28,9.91,-0.01,45,44629,卖盘
287,10:18:31,9.94,0.03,13,12921,买盘
288,10:18:37,9.92,-0.02,2,1984,卖盘
289,10:18:57,9.92,0.0,61,61316,卖盘
290,10:19:04,9.93,0.01,11,10923,买盘
291,10:19:42,9.91,-0.02,100,99135,卖盘
292,10:19:55,9.93,0.02,10,9930,买盘
293,10:19:58,9.93,0.0,10,9930,买盘
294,10:20:01,9.93,0.0,9,8937,买盘
295,10:20:16,9.93,0.0,7,6951,卖盘
296,10:20:22,9.93,0.0,4,3972,买盘
297,10:20:30,9.93,0.0,5,4965,卖盘
298,10:20:33,9.93,0.0,19,18867,买盘
299,10:20:43,9.94,0.01,5,4970,买盘
300,10:20:49,9.94,0.0,9,8946,买盘
301,10:21:10,9.93,-0.01,6,5958,卖盘
302,10:21:16,9.94,0.01,50,49686,买盘
303,10:21:37,9.93,-0.01,4,3972,买盘
304,10:21:43,9.93,0.0,2,1986,买盘
305,10:22:06,9.93,0.0,2,1986,卖盘
306,10:23:18,9.92,-0.01,17,16864,卖盘
307,10:23:49,9.92,0.0,41,40672,卖盘
308,10:23:55,9.92,0.0,5,4960,卖盘
309,10:24:19,9.92,0.0,10,9920,买盘
310,10:24:28,9.91,-0.01,1,991,卖盘
311,10:24:31,9.93,0.02,5,4965,买盘
312,10:24:34,9.93,0.0,1,993,买盘
313,10:26:13,9.92,-0.01,4,3968,卖盘
314,10:26:16,9.93,0.01,3,2979,买盘
315,10:26:36,9.92,-0.01,1,992,卖盘
316,10:26:43,9.92,0.0,1,992,卖盘
317,10:27:37,9.92,0.0,67,66464,卖盘
318,10:27:51,9.93,0.01,5,4965,买盘
319,10:28:00,9.92,-0.01,6,5952,卖盘
320,10:28:10,9.92,0.0,7,6944,卖盘
321,10:29:09,9.92,0.0,13,12896,卖盘
322,10:29:27,9.92,0.0,4,3968,买盘
323,10:29:31,9.92,0.0,5,4960,买盘
324,10:29:55,9.92,0.0,13,12896,买盘
325,10:30:01,9.91,-0.01,89,87405,卖盘
326,10:30:18,9.91,0.0,14,13874,买盘
327,10:30:43,9.9,-0.01,3,2970,卖盘
328,10:31:09,9.91,0.01,2,1982,卖盘
329,10:31:19,9.91,0.0,5,4955,卖盘
330,10:31:28,9.92,0.01,1,992,买盘
331,10:31:49,9.91,-0.01,3,2973,卖盘
332,10:32:10,9.92,0.01,1,992,买盘
333,10:32:13,9.92,0.0,11,10912,买盘
334,10:32:40,9.91,-0.01,1,991,卖盘
335,10:33:22,9.92,0.01,68,67456,买盘
336,10:33:28,9.93,0.01,1,993,买盘
337,10:33:46,9.93,0.0,30,29790,买盘
338,10:35:10,9.93,0.0,10,9930,买盘
339,10:35:36,9.94,0.01,70,69557,买盘
340,10:36:15,9.94,0.0,5,4970,卖盘
341,10:36:27,9.94,0.0,25,24850,卖盘
342,10:36:42,9.94,0.0,2,1988,买盘
343,10:37:12,9.94,0.0,5,4970,买盘
344,10:37:42,9.95,0.01,14,13930,买盘
345,10:37:55,9.93,-0.02,16,15888,卖盘
346,10:38:01,9.93,0.0,13,12909,买盘
347,10:38:06,9.93,0.0,2,1986,买盘
348,10:38:28,9.93,0.0,9,8937,买盘
349,10:38:34,9.92,-0.01,30,29780,卖盘
350,10:38:40,9.95,0.03,2,1990,买盘
351,10:39:52,9.95,0.0,11,10943,买盘
352,10:40:43,9.95,0.0,2,1990,买盘
353,10:41:04,9.95,0.0,10,9950,买盘
354,10:42:22,9.93,-0.02,9,8937,卖盘
355,10:43:04,9.93,0.0,10,9930,卖盘
356,10:43:34,9.93,0.0,90,89370,卖盘
357,10:43:39,9.93,0.0,7,6951,买盘
358,10:43:57,9.92,-0.01,72,71424,卖盘
359,10:44:04,9.92,0.0,3,2976,买盘
360,10:44:09,9.92,0.0,20,19840,买盘
361,10:44:15,9.91,-0.01,2,1982,卖盘
362,10:44:18,9.92,0.01,8,7936,买盘
363,10:44:40,9.91,-0.01,3,2973,卖盘
364,10:45:33,9.91,0.0,100,99100,卖盘
365,10:45:51,9.91,0.0,14,13874,卖盘
366,10:46:04,9.9,-0.01,4,3960,卖盘
367,10:46:19,9.9,0.0,38,37620,卖盘
368,10:47:21,9.91,0.01,30,29730,卖盘
369,10:47:40,9.91,0.0,3,2973,买盘
370,10:47:43,9.91,0.0,4,3964,买盘
371,10:48:09,9.91,0.0,10,9910,买盘
372,10:48:45,9.91,0.0,7,6937,买盘
373,10:48:55,9.9,-0.01,41,40590,卖盘
374,10:49:43,9.9,0.0,46,45540,卖盘
375,10:50:04,9.89,-0.01,15,14835,卖盘
376,10:50:30,9.89,0.0,8,7912,卖盘
377,10:50:48,9.9,0.01,5,4950,买盘
378,10:51:19,9.89,-0.01,3,2967,卖盘
379,10:51:22,9.9,0.01,93,92070,买盘
380,10:51:28,9.93,0.03,2,1986,买盘
381,10:54:21,9.92,-0.01,10,9920,买盘
382,10:55:01,9.92,0.0,2,1984,买盘
383,10:55:16,9.92,0.0,7,6944,卖盘
384,10:55:34,9.92,0.0,20,19840,卖盘
385,10:56:04,9.92,0.0,5,4960,卖盘
386,10:56:12,9.93,0.01,2,1986,买盘
387,10:58:09,9.92,-0.01,1,992,卖盘
388,10:58:16,9.92,0.0,1,992,卖盘
389,10:58:22,9.92,0.0,1,992,卖盘
390,10:58:58,9.92,0.0,38,37696,卖盘
391,10:59:28,9.9,-0.02,19,18810,卖盘
392,10:59:40,9.9,0.0,78,77220,卖盘
393,11:00:13,9.89,-0.01,10,9890,卖盘
394,11:00:58,9.9,0.01,2,1980,买盘
395,11:01:01,9.89,-0.01,15,14838,卖盘
396,11:01:22,9.9,0.01,7,6930,卖盘
397,11:01:25,9.9,0.0,3,2970,卖盘
398,11:02:01,9.92,0.02,3,2974,买盘
399,11:02:12,9.89,-0.03,79,78131,卖盘
400,11:02:30,9.92,0.03,2,1984,买盘
401,11:06:39,9.91,-0.01,1,991,卖盘
402,11:07:51,9.91,0.0,2,1982,买盘
403,11:08:18,9.91,0.0,5,4955,买盘
404,11:09:39,9.91,0.0,17,16847,买盘
405,11:10:01,9.91,0.0,21,20811,买盘
406,11:10:06,9.9,-0.01,18,17820,卖盘
407,11:10:12,9.9,0.0,100,99000,卖盘
408,11:10:15,9.91,0.01,1,991,买盘
409,11:10:43,9.91,0.0,4,3964,买盘
410,11:11:28,9.91,0.0,30,29730,买盘
411,11:11:37,9.9,-0.01,2,1980,卖盘
412,11:11:49,9.91,0.01,1,991,买盘
413,11:14:46,9.9,-0.01,26,25740,卖盘
414,11:15:43,9.91,0.01,5,4955,卖盘
415,11:16:06,9.91,0.0,4,3964,卖盘
416,11:17:48,9.92,0.01,2,1984,买盘
417,11:18:19,9.92,0.0,1,992,买盘
418,11:20:04,9.91,-0.01,4,3964,卖盘
419,11:23:22,9.91,0.0,10,9910,卖盘
420,11:24:09,9.91,0.0,8,7928,卖盘
421,11:24:40,9.92,0.01,19,18848,买盘
422,11:24:51,9.91,-0.01,4,3964,卖盘
423,11:25:18,9.92,0.01,1,992,买盘
424,11:26:16,9.92,0.0,20,19840,买盘
425,11:26:27,9.92,0.0,3,2976,买盘
426,11:27:51,9.92,0.0,2,1984,买盘
427,11:28:15,9.91,-0.01,28,27748,卖盘
428,13:00:04,9.91,0.0,20,19820,卖盘
429,13:00:07,9.92,0.01,1,992,买盘
430,13:00:10,9.91,-0.01,39,38650,卖盘
431,13:00:15,9.92,0.01,3,2976,买盘
432,13:02:10,9.91,-0.01,1,991,卖盘
433,13:02:15,9.91,0.0,1,991,卖盘
434,13:02:18,9.91,0.0,6,5946,卖盘
435,13:02:21,9.92,0.01,2,1983,买盘
436,13:02:24,9.91,-0.01,2,1982,卖盘
437,13:02:40,9.91,0.0,3,2973,卖盘
438,13:03:09,9.9,-0.01,25,24750,卖盘
439,13:04:01,9.91,0.01,3,2973,买盘
440,13:04:09,9.9,-0.01,14,13860,卖盘
441,13:04:24,9.92,0.02,3,2976,买盘
442,13:05:10,9.92,0.0,3,2976,买盘
443,13:05:13,9.92,0.0,6,5952,买盘
444,13:06:12,9.91,-0.01,5,4955,卖盘
445,13:07:16,9.91,0.0,10,9910,卖盘
446,13:08:04,9.91,0.0,1,991,卖盘
447,13:08:33,9.92,0.01,16,15857,买盘
448,13:09:49,9.92,0.0,3,2976,买盘
449,13:10:21,9.92,0.0,1,992,买盘
450,13:10:25,9.91,-0.01,14,13874,卖盘
451,13:11:06,9.9,-0.01,11,10890,卖盘
452,13:11:24,9.91,0.01,3,2973,买盘
453,13:11:40,9.91,0.0,3,2973,买盘
454,13:12:04,9.91,0.0,10,9910,卖盘
455,13:12:09,9.92,0.01,2,1984,买盘
456,13:13:24,9.92,0.0,60,59520,买盘
457,13:13:27,9.92,0.0,2,1984,买盘
458,13:13:45,9.92,0.0,30,29760,买盘
459,13:13:52,9.92,0.0,3,2976,买盘
460,13:14:54,9.92,0.0,28,27776,买盘
461,13:15:37,9.91,-0.01,5,4955,卖盘
462,13:16:57,9.92,0.01,3,2976,买盘
463,13:17:22,9.92,0.0,1,992,买盘
464,13:18:18,9.91,-0.01,4,3964,卖盘
465,13:19:01,9.91,0.0,3,2973,卖盘
466,13:19:09,9.9,-0.01,100,99014,卖盘
467,13:19:18,9.9,0.0,20,19800,卖盘
468,13:19:28,9.9,0.0,6,5940,卖盘
469,13:19:40,9.9,0.0,1,990,卖盘
470,13:19:49,9.9,0.0,1,990,卖盘
471,13:19:52,9.9,0.0,1,990,卖盘
472,13:20:06,9.89,-0.01,68,67254,卖盘
473,13:20:58,9.89,0.0,34,33651,卖盘
474,13:21:34,9.89,0.0,10,9890,卖盘
475,13:21:58,9.9,0.01,1,990,卖盘
476,13:22:22,9.89,-0.01,5,4945,卖盘
477,13:22:46,9.9,0.01,5,4950,买盘
478,13:23:09,9.89,-0.01,2,1978,卖盘
479,13:23:13,9.9,0.01,2,1980,买盘
480,13:23:57,9.89,-0.01,10,9890,卖盘
481,13:24:16,9.9,0.01,2,1980,买盘
482,13:24:51,9.89,-0.01,8,7912,卖盘
483,13:24:54,9.9,0.01,3,2970,买盘
484,13:25:19,9.9,0.0,1,990,买盘
485,13:25:22,9.9,0.0,8,7920,买盘
486,13:25:36,9.9,0.0,4,3960,买盘
487,13:26:31,9.9,0.0,113,111760,买盘
488,13:27:01,9.88,-0.02,6,5928,卖盘
489,13:27:25,9.89,0.01,116,114613,买盘
490,13:27:33,9.88,-0.01,4,3952,卖盘
491,13:28:04,9.87,-0.01,11,10857,卖盘
492,13:28:07,9.86,-0.01,300,295995,卖盘
493,13:28:21,9.86,0.0,105,103530,卖盘
494,13:28:24,9.87,0.01,20,19734,买盘
495,13:28:36,9.86,-0.01,3,2958,卖盘
496,13:28:40,9.85,-0.01,20,19710,卖盘
497,13:28:43,9.85,0.0,1,985,买盘
498,13:28:51,9.84,-0.01,10,9840,卖盘
499,13:28:55,9.85,0.01,20,19700,买盘
500,13:29:04,9.85,0.0,5,4925,买盘
501,13:29:25,9.85,0.0,20,19700,买盘
502,13:29:39,9.85,0.0,2,1970,买盘
503,13:29:43,9.85,0.0,13,12805,买盘
504,13:30:04,9.85,0.0,3,2955,买盘
505,13:30:24,9.86,0.01,35,34510,买盘
506,13:30:58,9.86,0.0,10,9860,卖盘
507,13:31:19,9.86,0.0,2,1972,卖盘
508,13:31:33,9.85,-0.01,133,131032,卖盘
509,13:31:43,9.85,0.0,5,4925,买盘
510,13:31:52,9.85,0.0,10,9850,买盘
511,13:31:58,9.84,-0.01,32,31490,卖盘
512,13:32:04,9.84,0.0,65,63999,卖盘
513,13:32:07,9.84,0.0,1,984,买盘
514,13:32:09,9.84,0.0,2,1968,买盘
515,13:32:12,9.84,0.0,2,1968,买盘
516,13:32:16,9.84,0.0,1,984,买盘
517,13:32:19,9.84,0.0,1,984,买盘
518,13:32:22,9.84,0.0,1,984,买盘
519,13:32:24,9.84,0.0,2,1968,买盘
520,13:32:28,9.84,0.0,9,8856,买盘
521,13:33:09,9.87,0.03,3,2961,买盘
522,13:33:31,9.87,0.0,8,7896,买盘
523,13:33:49,9.88,0.01,2,1976,买盘
524,13:34:58,9.87,-0.01,19,18753,卖盘
525,13:35:15,9.87,0.0,6,5922,卖盘
526,13:35:55,9.85,-0.02,10,9850,卖盘
527,13:36:10,9.85,0.0,9,8865,卖盘
528,13:36:16,9.85,0.0,1,985,买盘
529,13:36:48,9.84,-0.01,10,9840,卖盘
530,13:37:01,9.84,0.0,10,9840,卖盘
531,13:37:16,9.87,0.03,1,987,买盘
532,13:38:52,9.87,0.0,13,12831,买盘
533,13:39:18,9.87,0.0,1,987,买盘
534,13:40:01,9.87,0.0,7,6909,买盘
535,13:40:06,9.86,-0.01,29,28792,卖盘
536,13:41:16,9.88,0.02,7,6916,买盘
537,13:41:34,9.88,0.0,3,2964,买盘
538,13:42:40,9.88,0.0,10,9880,买盘
539,13:43:04,9.88,0.0,3,2964,买盘
540,13:43:12,9.88,0.0,22,21736,买盘
541,13:44:16,9.87,-0.01,11,10867,卖盘
542,13:45:48,9.87,0.0,5,4935,卖盘
543,13:47:09,9.87,0.0,32,31584,卖盘
544,13:47:19,9.87,0.0,1,987,买盘
545,13:48:33,9.86,-0.01,11,10846,卖盘
546,13:48:48,9.86,0.0,18,17748,卖盘
547,13:48:58,9.86,0.0,18,17748,卖盘
548,13:49:04,9.87,0.01,3,2961,买盘
549,13:50:58,9.87,0.0,11,10857,买盘
550,13:51:21,9.87,0.0,10,9870,买盘
551,13:52:58,9.86,-0.01,3,2958,卖盘
552,13:53:43,9.86,0.0,13,12621,卖盘
553,13:54:07,9.85,-0.01,18,17730,卖盘
554,13:54:10,9.85,0.0,12,11820,买盘
555,13:54:18,9.85,0.0,1,985,买盘
556,13:54:34,9.85,0.0,3,2955,买盘
557,13:54:48,9.85,0.0,9,8865,买盘
558,13:54:57,9.85,0.0,2,1970,卖盘
559,13:55:36,9.85,0.0,25,24625,卖盘
560,13:56:58,9.85,0.0,50,49447,卖盘
561,13:57:25,9.85,0.0,8,7683,卖盘
562,13:57:40,9.85,0.0,10,9850,买盘
563,13:57:55,9.84,-0.01,59,58056,卖盘
564,13:58:40,9.85,0.01,2,1970,买盘
565,13:59:19,9.84,-0.01,12,11816,卖盘
566,13:59:34,9.84,0.0,84,82656,卖盘
567,13:59:58,9.83,-0.01,200,196600,卖盘
568,14:00:06,9.84,0.01,50,49200,买盘
569,14:00:09,9.83,-0.01,10,9830,卖盘
570,14:00:13,9.83,0.0,100,98300,卖盘
571,14:00:48,9.83,0.0,9,8847,卖盘
572,14:00:58,9.83,0.0,33,32439,卖盘
573,14:01:16,9.82,-0.01,1,982,卖盘
574,14:01:25,9.81,-0.01,50,49054,卖盘
575,14:01:40,9.81,0.0,4,3924,卖盘
576,14:01:52,9.8,-0.01,25,24500,卖盘
577,14:02:04,9.8,0.0,1,980,卖盘
578,14:02:22,9.81,0.01,1,981,买盘
579,14:02:33,9.81,0.0,14,13727,买盘
580,14:02:40,9.81,0.0,1,981,买盘
581,14:03:21,9.79,-0.02,10,9790,卖盘
582,14:03:28,9.81,0.02,29,28449,买盘
583,14:03:37,9.77,-0.04,50,48870,卖盘
584,14:03:43,9.79,0.02,1,979,买盘
585,14:04:15,9.79,0.0,2,1958,卖盘
586,14:04:19,9.79,0.0,10,9790,卖盘
587,14:04:27,9.8,0.01,14,13720,卖盘
588,14:04:34,9.79,-0.01,57,55803,买盘
589,14:04:36,9.79,0.0,8,7832,买盘
590,14:04:57,9.79,0.0,7,6853,买盘
591,14:05:04,9.78,-0.01,11,10761,卖盘
592,14:05:06,9.79,0.01,4,3916,买盘
593,14:05:09,9.78,-0.01,2,1956,卖盘
594,14:05:12,9.78,0.0,3,2934,买盘
595,14:05:22,9.81,0.03,6,5886,买盘
596,14:05:28,9.78,-0.03,103,100734,卖盘
597,14:05:31,9.81,0.03,12,11745,买盘
598,14:05:34,9.81,0.0,9,8829,买盘
599,14:05:37,9.77,-0.04,45,44039,卖盘
600,14:06:07,9.82,0.05,1,982,买盘
601,14:06:10,9.82,0.0,1,982,买盘
602,14:06:13,9.81,-0.01,40,39240,卖盘
603,14:06:24,9.81,0.0,36,35323,卖盘
604,14:07:07,9.8,-0.01,47,46060,卖盘
605,14:08:07,9.81,0.01,2,1962,买盘
606,14:08:18,9.8,-0.01,6,5880,卖盘
607,14:08:46,9.8,0.0,45,44100,卖盘
608,14:09:10,9.8,0.0,5,4900,买盘
609,14:09:12,9.8,0.0,14,13720,卖盘
610,14:09:19,9.81,0.01,1,981,买盘
611,14:09:24,9.8,-0.01,19,18620,卖盘
612,14:09:34,9.8,0.0,3,2940,买盘
613,14:09:48,9.8,0.0,3,2940,买盘
614,14:09:52,9.8,0.0,3,2940,买盘
615,14:10:16,9.8,0.0,53,51890,买盘
616,14:10:31,9.8,0.0,10,9800,买盘
617,14:11:01,9.79,-0.01,7,6853,卖盘
618,14:11:07,9.78,-0.01,50,48900,卖盘
619,14:11:25,9.8,0.02,12,11760,买盘
620,14:12:06,9.8,0.0,1,980,买盘
621,14:12:13,9.78,-0.02,8,7824,卖盘
622,14:12:19,9.78,0.0,12,11736,买盘
623,14:13:09,9.78,0.0,30,29340,卖盘
624,14:13:28,9.79,0.01,7,6853,中性盘
625,14:14:16,9.79,0.0,2,1958,卖盘
626,14:14:22,9.79,0.0,10,9790,卖盘
627,14:14:34,9.79,0.0,10,9790,卖盘
628,14:14:52,9.79,0.0,21,20559,卖盘
629,14:15:09,9.79,0.0,1,979,买盘
630,14:15:16,9.79,0.0,4,3916,买盘
631,14:15:28,9.79,0.0,2,1958,买盘
632,14:16:16,9.79,0.0,4,3916,卖盘
633,14:16:19,9.79,0.0,1,979,买盘
634,14:16:22,9.8,0.01,6,5880,买盘
635,14:17:33,9.8,0.0,20,19600,买盘
636,14:17:46,9.8,0.0,6,5880,买盘
637,14:17:55,9.8,0.0,15,14700,买盘
638,14:18:01,9.79,-0.01,20,19580,卖盘
639,14:18:04,9.8,0.01,50,49000,买盘
640,14:18:16,9.8,0.0,2,1960,买盘
641,14:18:19,9.8,0.0,75,73500,买盘
642,14:18:22,9.8,0.0,2,1960,买盘
643,14:18:25,9.8,0.0,3,2940,买盘
644,14:18:28,9.8,0.0,3,2940,买盘
645,14:18:31,9.8,0.0,4,3920,买盘
646,14:18:34,9.8,0.0,3,2940,买盘
647,14:18:37,9.8,0.0,3,2940,买盘
648,14:18:40,9.8,0.0,21,20580,买盘
649,14:19:04,9.81,0.01,50,49050,买盘
650,14:19:09,9.81,0.0,3,2943,买盘
651,14:19:22,9.81,0.0,19,18639,买盘
652,14:19:28,9.81,0.0,48,47088,买盘
653,14:19:37,9.82,0.01,8,7856,买盘
654,14:19:46,9.82,0.0,11,10802,买盘
655,14:19:49,9.82,0.0,11,10802,买盘
656,14:19:55,9.81,-0.01,3,2943,卖盘
657,14:20:04,9.82,0.01,2,1964,买盘
658,14:20:40,9.82,0.0,19,18658,买盘
659,14:21:43,9.83,0.01,4,3932,买盘
660,14:21:49,9.83,0.0,4,3932,卖盘
661,14:23:12,9.82,-0.01,39,38298,卖盘
662,14:23:36,9.82,0.0,5,4910,卖盘
663,14:24:12,9.82,0.0,11,10802,卖盘
664,14:24:15,9.83,0.01,10,9830,买盘
665,14:24:18,9.83,0.0,1,983,买盘
666,14:27:51,9.83,0.0,5,4915,买盘
667,14:27:54,9.82,-0.01,12,11784,卖盘
668,14:28:04,9.81,-0.01,100,98111,卖盘
669,14:28:10,9.83,0.02,11,10813,买盘
670,14:29:42,9.83,0.0,10,9830,买盘
671,14:30:04,9.83,0.0,7,6881,卖盘
672,14:30:40,9.85,0.02,20,19700,买盘
673,14:30:43,9.84,-0.01,89,87608,卖盘
674,14:30:46,9.84,0.0,1,984,买盘
675,14:30:49,9.83,-0.01,6,5903,卖盘
676,14:30:55,9.83,0.0,2,1966,卖盘
677,14:31:10,9.83,0.0,1,983,卖盘
678,14:31:13,9.84,0.01,33,32472,买盘
679,14:31:19,9.86,0.02,4,3944,买盘
680,14:31:40,9.84,-0.02,12,11808,卖盘
681,14:31:58,9.83,-0.01,11,10813,卖盘
682,14:32:34,9.83,0.0,1,983,卖盘
683,14:32:40,9.83,0.0,1,983,卖盘
684,14:32:55,9.83,0.0,2,1966,中性盘
685,14:33:58,9.83,0.0,23,22609,卖盘
686,14:34:46,9.81,-0.02,20,19620,卖盘
687,14:35:46,9.81,0.0,11,10791,卖盘
688,14:35:49,9.81,0.0,9,8829,买盘
689,14:37:13,9.83,0.02,2,1966,买盘
690,14:37:19,9.83,0.0,32,31456,买盘
691,14:37:25,9.83,0.0,11,10813,买盘
692,14:37:37,9.83,0.0,4,3932,买盘
693,14:38:55,9.84,0.01,5,4920,买盘
694,14:39:01,9.84,0.0,4,3936,买盘
695,14:39:22,9.83,-0.01,24,23592,卖盘
696,14:40:52,9.83,0.0,4,3932,卖盘
697,14:41:04,9.84,0.01,10,9840,买盘
698,14:41:49,9.84,0.0,10,9840,买盘
699,14:42:52,9.84,0.0,4,3936,买盘
700,14:44:22,9.85,0.01,10,9850,买盘
701,14:45:19,9.85,0.0,6,5910,买盘
702,14:45:22,9.84,-0.01,23,22635,卖盘
703,14:45:28,9.84,0.0,5,4922,卖盘
704,14:45:31,9.84,0.0,4,3936,卖盘
705,14:45:37,9.84,0.0,20,19680,买盘
706,14:45:49,9.85,0.01,6,5906,买盘
707,14:46:01,9.85,0.0,3,2955,买盘
708,14:46:40,9.83,-0.02,24,23600,卖盘
709,14:46:49,9.83,0.0,1,983,卖盘
710,14:46:55,9.83,0.0,1,983,卖盘
711,14:47:07,9.83,0.0,5,4915,卖盘
712,14:47:43,9.82,-0.01,20,19640,卖盘
713,14:47:46,9.83,0.01,11,10813,买盘
714,14:47:49,9.83,0.0,1,983,卖盘
715,14:48:16,9.85,0.02,7,6894,买盘
716,14:48:22,9.85,0.0,1,985,买盘
717,14:48:25,9.83,-0.02,20,19660,卖盘
718,14:48:37,9.83,0.0,9,8847,卖盘
719,14:48:49,9.83,0.0,36,35388,卖盘
720,14:48:58,9.83,0.0,60,58980,卖盘
721,14:49:19,9.83,0.0,35,34405,卖盘
722,14:49:40,9.82,-0.01,18,17676,卖盘
723,14:50:01,9.79,-0.03,87,85259,卖盘
724,14:50:10,9.79,0.0,1,979,买盘
725,14:50:16,9.79,0.0,1,979,买盘
726,14:50:19,9.78,-0.01,9,8802,卖盘
727,14:50:49,9.78,0.0,33,32274,卖盘
728,14:50:55,9.77,-0.01,1,977,卖盘
729,14:51:04,9.77,0.0,10,9770,卖盘
730,14:51:25,9.76,-0.01,65,63506,卖盘
731,14:51:43,9.76,0.0,32,31246,卖盘
732,14:51:55,9.75,-0.01,84,81953,卖盘
733,14:52:13,9.77,0.02,4,3908,卖盘
734,14:52:25,9.79,0.02,5,4889,买盘
735,14:53:07,9.82,0.03,12,11757,买盘
736,14:53:13,9.82,0.0,8,7856,卖盘
737,14:53:16,9.82,0.0,124,121768,卖盘
738,14:54:16,9.77,-0.05,7,6839,卖盘
739,14:54:43,9.8,0.03,2,1960,买盘
740,14:54:55,9.76,-0.04,53,51776,卖盘
741,14:55:01,9.77,0.01,10,9770,中性盘
742,14:55:28,9.76,-0.01,23,22448,卖盘
743,14:55:49,9.76,0.0,50,48800,卖盘
744,14:55:55,9.75,-0.01,6,5850,卖盘
745,14:55:58,9.76,0.01,6,5856,买盘
746,14:56:01,9.76,0.0,5,4880,买盘
747,14:56:07,9.75,-0.01,3,2925,卖盘
748,14:56:13,9.76,0.01,6,5856,买盘
749,14:56:16,9.75,-0.01,30,29250,卖盘
750,14:56:40,9.77,0.02,56,54679,买盘
751,14:56:43,9.75,-0.02,11,10725,卖盘
752,14:56:46,9.77,0.02,1,977,买盘
753,15:00:04,9.75,-0.02,289,281775,卖盘
