,time,price,change,volume,amount,type
0,09:25:05,22.67,-0.04,4,9068,买盘
1,09:30:07,22.65,-0.02,110,249390,卖盘
2,09:30:16,22.61,-0.04,1,2261,卖盘
3,09:30:19,22.61,0.0,3,6783,卖盘
4,09:30:25,22.61,0.0,4,9044,卖盘
5,09:30:34,22.64,0.03,5,11311,买盘
6,09:30:49,22.61,-0.03,2,4522,卖盘
7,09:31:01,22.61,0.0,13,29393,买盘
8,09:31:22,22.6,-0.01,1,2260,卖盘
9,09:31:34,22.5,-0.1,27,60762,卖盘
10,09:31:58,22.52,0.02,2,4504,卖盘
11,09:32:01,22.52,0.0,1,2252,卖盘
12,09:32:10,22.52,0.0,1,2252,卖盘
13,09:33:07,22.53,0.01,24,54079,卖盘
14,09:34:13,22.53,0.0,50,112680,卖盘
15,09:35:22,22.53,0.0,4,9012,卖盘
16,09:35:25,22.53,0.0,5,11265,卖盘
17,09:35:28,22.52,-0.01,12,27033,卖盘
18,09:35:31,22.52,0.0,2,4504,卖盘
19,09:35:34,22.52,0.0,15,33780,卖盘
20,09:35:37,22.51,-0.01,14,31518,卖盘
21,09:35:40,22.51,0.0,6,13512,卖盘
22,09:35:43,22.5,-0.01,54,121516,卖盘
23,09:35:49,22.48,-0.02,9,20234,卖盘
24,09:35:52,22.47,-0.01,10,22470,卖盘
25,09:35:55,22.5,0.03,10,22492,买盘
26,09:35:58,22.47,-0.03,4,8988,卖盘
27,09:36:01,22.47,0.0,1,2247,卖盘
28,09:36:22,22.47,0.0,1,2247,买盘
29,09:36:28,22.47,0.0,2,4494,卖盘
30,09:36:52,22.45,-0.02,15,33680,卖盘
31,09:37:04,22.48,0.03,51,114507,买盘
32,09:37:07,22.45,-0.03,9,20205,卖盘
33,09:37:10,22.48,0.03,2,4493,买盘
34,09:37:19,22.48,0.0,1,2248,买盘
35,09:37:46,22.5,0.02,2,4500,买盘
36,09:37:55,22.5,0.0,6,13500,买盘
37,09:38:01,22.5,0.0,2,4500,买盘
38,09:38:04,22.5,0.0,3,6750,买盘
39,09:38:55,22.46,-0.04,9,20223,卖盘
40,09:39:07,22.56,0.1,4,9024,买盘
41,09:39:25,22.52,-0.04,1,2252,卖盘
42,09:40:43,22.54,0.02,2,4508,卖盘
43,09:41:01,22.54,0.0,3,6762,卖盘
44,09:41:16,22.54,0.0,2,4508,买盘
45,09:41:25,22.52,-0.02,3,6756,卖盘
46,09:41:37,22.54,0.02,3,6762,买盘
47,09:41:46,22.52,-0.02,28,63058,卖盘
48,09:42:19,22.53,0.01,17,38301,卖盘
49,09:42:25,22.53,0.0,5,11265,买盘
50,09:42:34,22.53,0.0,2,4506,买盘
51,09:43:10,22.59,0.06,2,4518,买盘
52,09:43:34,22.59,0.0,1,2259,买盘
53,09:43:46,22.59,0.0,4,9036,买盘
54,09:43:52,22.58,-0.01,1,2258,买盘
55,09:43:58,22.58,0.0,2,4516,买盘
56,09:44:34,22.58,0.0,2,4516,买盘
57,09:44:40,22.59,0.01,11,24845,买盘
58,09:45:25,22.59,0.0,13,29367,买盘
59,09:45:58,22.54,-0.05,20,45085,卖盘
60,09:46:58,22.54,0.0,13,29302,卖盘
61,09:47:19,22.54,0.0,5,11270,卖盘
62,09:47:22,22.58,0.04,20,45160,买盘
63,09:47:58,22.58,0.0,4,9032,卖盘
64,09:48:04,22.58,0.0,3,6774,卖盘
65,09:48:10,22.58,0.0,8,18064,卖盘
66,09:48:25,22.58,0.0,5,11290,买盘
67,09:49:10,22.58,0.0,10,22580,买盘
68,09:49:16,22.6,0.02,28,63261,买盘
69,09:49:22,22.6,0.0,5,11300,买盘
70,09:49:28,22.6,0.0,2,4520,买盘
71,09:49:34,22.6,0.0,1,2260,买盘
72,09:49:49,22.6,0.0,16,36160,买盘
73,09:49:55,22.61,0.01,4,9044,买盘
74,09:51:19,22.64,0.03,5,11320,买盘
75,09:52:05,22.64,0.0,3,6792,买盘
76,09:52:13,22.64,0.0,1,2264,买盘
77,09:53:31,22.61,-0.03,3,6783,卖盘
78,09:53:40,22.61,0.0,7,15827,卖盘
79,09:53:52,22.61,0.0,8,18088,卖盘
80,09:54:22,22.61,0.0,4,9044,卖盘
81,09:54:28,22.61,0.0,1,2261,卖盘
82,09:55:16,22.6,-0.01,1,2260,卖盘
83,09:55:19,22.6,0.0,3,6780,买盘
84,09:55:46,22.6,0.0,1,2260,买盘
85,09:55:58,22.58,-0.02,20,45160,卖盘
86,09:56:37,22.6,0.02,2,4520,买盘
87,09:57:10,22.62,0.02,1,2262,买盘
88,09:58:01,22.62,0.0,3,6786,卖盘
89,09:58:07,22.63,0.01,4,9050,买盘
90,09:58:13,22.6,-0.03,15,33900,卖盘
91,09:58:19,22.6,0.0,15,33900,卖盘
92,09:58:31,22.6,0.0,5,11300,卖盘
93,10:00:40,22.6,0.0,2,4520,买盘
94,10:01:22,22.6,0.0,7,15820,买盘
95,10:01:40,22.63,0.03,3,6789,买盘
96,10:01:43,22.6,-0.03,9,20352,卖盘
97,10:01:46,22.63,0.03,2,4526,买盘
98,10:01:52,22.63,0.0,1,2263,买盘
99,10:01:55,22.64,0.01,4,9053,买盘
100,10:01:58,22.64,0.0,3,6792,买盘
101,10:02:01,22.65,0.01,4,9057,买盘
102,10:02:13,22.65,0.0,10,22650,买盘
103,10:02:25,22.58,-0.07,64,144566,卖盘
104,10:02:28,22.58,0.0,22,49676,买盘
105,10:03:46,22.63,0.05,3,6789,买盘
106,10:04:16,22.65,0.02,5,11325,买盘
107,10:04:19,22.65,0.0,36,81540,买盘
108,10:04:31,22.6,-0.05,47,106367,卖盘
109,10:04:37,22.67,0.07,6,13602,买盘
110,10:04:52,22.64,-0.03,2,4528,卖盘
111,10:04:55,22.68,0.04,91,206335,买盘
112,10:05:01,22.59,-0.09,13,29372,卖盘
113,10:05:16,22.6,0.01,5,11300,买盘
114,10:05:22,22.6,0.0,5,11300,买盘
115,10:05:46,22.6,0.0,1,2260,买盘
116,10:07:55,22.63,0.03,2,4526,卖盘
117,10:08:43,22.68,0.05,3,6804,买盘
118,10:10:16,22.7,0.02,23,52166,买盘
119,10:10:19,22.64,-0.06,4,9056,卖盘
120,10:11:46,22.65,0.01,1,2265,卖盘
121,10:12:13,22.65,0.0,19,43035,买盘
122,10:13:52,22.65,0.0,22,49830,卖盘
123,10:14:22,22.65,0.0,10,22645,买盘
124,10:14:40,22.68,0.03,2,4536,买盘
125,10:14:43,22.68,0.0,5,11340,卖盘
126,10:14:49,22.68,0.0,1,2268,卖盘
127,10:15:16,22.68,0.0,2,4536,买盘
128,10:15:19,22.68,0.0,8,18144,卖盘
129,10:16:37,22.68,0.0,1,2268,卖盘
130,10:17:22,22.65,-0.03,2,4530,卖盘
131,10:17:31,22.65,0.0,6,13590,卖盘
132,10:18:19,22.64,-0.01,19,43016,卖盘
133,10:18:52,22.63,-0.01,10,22630,卖盘
134,10:19:07,22.63,0.0,2,4526,卖盘
135,10:19:37,22.6,-0.03,5,11300,卖盘
136,10:19:40,22.65,0.05,2,4530,买盘
137,10:19:52,22.6,-0.05,1,2260,卖盘
138,10:20:46,22.57,-0.03,9,20315,卖盘
139,10:21:22,22.57,0.0,3,6771,卖盘
140,10:21:34,22.56,-0.01,5,11280,卖盘
141,10:21:52,22.55,-0.01,18,40590,卖盘
142,10:21:58,22.55,0.0,10,22550,买盘
143,10:22:13,22.54,-0.01,4,9016,卖盘
144,10:22:40,22.5,-0.04,100,225065,卖盘
145,10:22:55,22.5,0.0,20,45000,卖盘
146,10:22:58,22.5,0.0,5,11250,卖盘
147,10:23:04,22.5,0.0,1,2250,卖盘
148,10:23:25,22.53,0.03,1,2253,买盘
149,10:23:40,22.52,-0.01,1,2252,买盘
150,10:23:43,22.51,-0.01,12,27012,卖盘
151,10:23:46,22.51,0.0,15,33765,买盘
152,10:23:49,22.53,0.02,19,42794,买盘
153,10:24:10,22.54,0.01,1,2254,买盘
154,10:24:16,22.54,0.0,17,38318,买盘
155,10:24:34,22.55,0.01,2,4510,买盘
156,10:24:37,22.54,-0.01,1,2254,卖盘
157,10:24:40,22.55,0.01,12,27060,买盘
158,10:24:43,22.54,-0.01,5,11272,卖盘
159,10:24:58,22.59,0.05,7,15809,买盘
160,10:25:28,22.58,-0.01,11,24838,买盘
161,10:26:01,22.58,0.0,1,2258,买盘
162,10:26:37,22.54,-0.04,6,13533,卖盘
163,10:27:12,22.54,0.0,9,20286,卖盘
164,10:27:31,22.54,0.0,25,56350,卖盘
165,10:28:04,22.53,-0.01,3,6759,卖盘
166,10:28:49,22.52,-0.01,3,6756,买盘
167,10:29:19,22.52,0.0,2,4504,买盘
168,10:29:37,22.52,0.0,4,9008,卖盘
169,10:29:51,22.54,0.02,11,24785,买盘
170,10:29:58,22.52,-0.02,1,2252,卖盘
171,10:30:10,22.54,0.02,3,6762,买盘
172,10:31:04,22.54,0.0,9,20286,卖盘
173,10:33:16,22.5,-0.04,55,123826,卖盘
174,10:33:28,22.5,0.0,10,22500,买盘
175,10:34:01,22.5,0.0,4,9000,买盘
176,10:34:04,22.5,0.0,71,159750,买盘
177,10:34:46,22.59,0.09,5,11295,买盘
178,10:34:49,22.5,-0.09,20,45001,卖盘
179,10:35:31,22.49,-0.01,12,26990,卖盘
180,10:36:04,22.49,0.0,2,4498,买盘
181,10:36:10,22.49,0.0,5,11245,买盘
182,10:36:13,22.47,-0.02,12,26973,卖盘
183,10:36:40,22.47,0.0,4,8988,卖盘
184,10:37:25,22.47,0.0,21,47187,卖盘
185,10:37:34,22.47,0.0,4,8988,买盘
186,10:37:52,22.49,0.02,30,67470,买盘
187,10:37:58,22.47,-0.02,1,2247,卖盘
188,10:38:10,22.47,0.0,1,2247,买盘
189,10:38:25,22.47,0.0,7,15729,买盘
190,10:38:34,22.47,0.0,10,22470,买盘
191,10:38:40,22.47,0.0,5,11235,买盘
192,10:38:43,22.47,0.0,14,31458,买盘
193,10:40:31,22.49,0.02,6,13494,卖盘
194,10:40:52,22.59,0.1,6,13554,买盘
195,10:41:16,22.55,-0.04,1,2255,买盘
196,10:41:19,22.49,-0.06,1,2249,卖盘
197,10:42:52,22.5,0.01,2,4500,中性盘
198,10:43:04,22.54,0.04,1,2254,买盘
199,10:43:49,22.5,-0.04,2,4500,卖盘
200,10:44:22,22.49,-0.01,2,4498,买盘
201,10:45:19,22.48,-0.01,2,4496,卖盘
202,10:46:37,22.53,0.05,1,2253,买盘
203,10:47:25,22.48,-0.05,3,6744,卖盘
204,10:48:00,22.48,0.0,3,6744,卖盘
205,10:48:46,22.48,0.0,1,2248,卖盘
206,10:49:55,22.48,0.0,6,13489,卖盘
207,10:51:25,22.53,0.05,4,9012,买盘
208,10:53:30,22.54,0.01,3,6762,买盘
209,10:56:55,22.54,0.0,1,2254,买盘
210,11:00:43,22.5,-0.04,6,13500,卖盘
211,11:00:49,22.5,0.0,1,2250,卖盘
212,11:00:52,22.5,0.0,8,18000,卖盘
213,11:03:24,22.49,-0.01,4,8996,卖盘
214,11:03:31,22.49,0.0,5,11245,买盘
215,11:03:49,22.5,0.01,5,11249,买盘
216,11:05:25,22.49,-0.01,5,11245,卖盘
217,11:05:49,22.48,-0.01,2,4496,卖盘
218,11:06:01,22.48,0.0,5,11240,卖盘
219,11:06:13,22.48,0.0,5,11240,卖盘
220,11:06:25,22.48,0.0,10,22480,卖盘
221,11:06:34,22.48,0.0,9,20232,卖盘
222,11:06:40,22.47,-0.01,4,8988,卖盘
223,11:06:43,22.47,0.0,1,2247,卖盘
224,11:06:46,22.47,0.0,27,60669,卖盘
225,11:06:49,22.47,0.0,10,22470,卖盘
226,11:06:52,22.46,-0.01,18,40437,卖盘
227,11:06:55,22.46,0.0,12,26952,卖盘
228,11:06:58,22.46,0.0,3,6738,卖盘
229,11:07:04,22.46,0.0,2,4492,卖盘
230,11:07:07,22.46,0.0,3,6738,卖盘
231,11:07:10,22.45,-0.01,16,35928,卖盘
232,11:07:13,22.45,0.0,3,6735,卖盘
233,11:07:16,22.45,0.0,4,8980,卖盘
234,11:07:19,22.45,0.0,4,8980,卖盘
235,11:07:22,22.45,0.0,11,24695,卖盘
236,11:07:25,22.44,-0.01,2,4488,卖盘
237,11:08:01,22.44,0.0,2,4488,卖盘
238,11:08:10,22.42,-0.02,10,22425,卖盘
239,11:08:19,22.42,0.0,10,22420,卖盘
240,11:08:22,22.45,0.03,20,44888,买盘
241,11:08:25,22.42,-0.03,15,33630,卖盘
242,11:08:37,22.42,0.0,13,29146,买盘
243,11:09:01,22.4,-0.02,50,112006,卖盘
244,11:09:10,22.4,0.0,20,44800,卖盘
245,11:09:16,22.41,0.01,5,11205,卖盘
246,11:09:31,22.41,0.0,14,31374,卖盘
247,11:09:40,22.41,0.0,2,4482,买盘
248,11:09:49,22.41,0.0,2,4482,买盘
249,11:09:52,22.4,-0.01,20,44800,卖盘
250,11:09:55,22.4,0.0,7,15680,卖盘
251,11:10:10,22.39,-0.01,1,2239,卖盘
252,11:10:43,22.4,0.01,4,8960,买盘
253,11:11:01,22.4,0.0,38,85130,卖盘
254,11:11:10,22.4,0.0,5,11200,买盘
255,11:11:31,22.39,-0.01,7,15673,卖盘
256,11:11:37,22.4,0.01,10,22400,买盘
257,11:11:58,22.4,0.0,5,11200,买盘
258,11:12:04,22.4,0.0,10,22400,买盘
259,11:12:13,22.4,0.0,16,35840,买盘
260,11:12:19,22.4,0.0,3,6720,买盘
261,11:12:40,22.41,0.01,1,2241,买盘
262,11:12:43,22.4,-0.01,2,4480,卖盘
263,11:12:52,22.4,0.0,4,8960,卖盘
264,11:12:55,22.41,0.01,1,2241,买盘
265,11:13:04,22.38,-0.03,17,38078,卖盘
266,11:13:45,22.38,0.0,3,6714,买盘
267,11:13:55,22.36,-0.02,5,11180,卖盘
268,11:14:00,22.36,0.0,2,4472,买盘
269,11:14:22,22.36,0.0,3,6708,卖盘
270,11:14:31,22.36,0.0,8,17888,卖盘
271,11:14:39,22.36,0.0,10,22360,卖盘
272,11:15:01,22.36,0.0,4,8947,卖盘
273,11:15:16,22.35,-0.01,26,58113,卖盘
274,11:15:28,22.34,-0.01,8,17872,卖盘
275,11:15:52,22.33,-0.01,6,13398,卖盘
276,11:15:55,22.32,-0.01,15,33484,卖盘
277,11:16:10,22.35,0.03,2,4469,买盘
278,11:16:13,22.36,0.01,9,20124,买盘
279,11:16:19,22.32,-0.04,7,15628,卖盘
280,11:16:25,22.32,0.0,3,6696,买盘
281,11:17:21,22.31,-0.01,50,111560,卖盘
282,11:17:40,22.31,0.0,14,31236,卖盘
283,11:17:49,22.31,0.0,10,22310,卖盘
284,11:18:16,22.31,0.0,2,4462,卖盘
285,11:18:43,22.33,0.02,3,6699,买盘
286,11:18:46,22.33,0.0,7,15631,买盘
287,11:20:07,22.4,0.07,223,499520,买盘
288,11:20:39,22.41,0.01,12,26892,买盘
289,11:20:48,22.41,0.0,8,17928,买盘
290,11:21:28,22.46,0.05,4,8984,买盘
291,11:21:31,22.41,-0.05,2,4482,卖盘
292,11:21:49,22.41,0.0,10,22410,卖盘
293,11:22:19,22.4,-0.01,10,22400,卖盘
294,11:22:22,22.45,0.05,3,6735,买盘
295,11:24:12,22.45,0.0,47,105498,买盘
296,11:24:45,22.45,0.0,10,22450,卖盘
297,11:26:55,22.45,0.0,1,2245,卖盘
298,11:27:28,22.43,-0.02,6,13458,中性盘
299,11:27:46,22.43,0.0,70,158289,卖盘
300,11:28:22,22.43,0.0,6,13458,卖盘
301,11:28:33,22.46,0.03,3,6738,买盘
302,11:28:37,22.43,-0.03,10,22445,卖盘
303,11:28:46,22.43,0.0,1,964,买盘
304,11:29:00,22.36,-0.07,65,145590,卖盘
305,11:29:54,22.36,0.0,1,2236,卖盘
306,13:00:08,22.43,0.07,6,14700,买盘
307,13:00:10,22.43,0.0,5,11215,卖盘
308,13:00:19,22.43,0.0,1,964,买盘
309,13:02:10,22.36,-0.07,5,11180,卖盘
310,13:02:49,22.36,0.0,3,6708,卖盘
311,13:03:49,22.36,0.0,2,4472,卖盘
312,13:04:49,22.41,0.05,2,4482,买盘
313,13:05:07,22.36,-0.05,6,13416,卖盘
314,13:05:46,22.35,-0.01,10,22350,卖盘
315,13:06:07,22.35,0.0,46,102810,卖盘
316,13:06:10,22.36,0.01,5,11180,买盘
317,13:06:13,22.35,-0.01,2,4470,卖盘
318,13:06:40,22.33,-0.02,5,11165,卖盘
319,13:06:52,22.33,0.0,9,20097,卖盘
320,13:07:16,22.32,-0.01,10,22320,卖盘
321,13:07:19,22.33,0.01,1,2233,买盘
322,13:07:52,22.35,0.02,2,4470,买盘
323,13:07:55,22.33,-0.02,7,15631,卖盘
324,13:07:58,22.33,0.0,2,4466,买盘
325,13:08:10,22.32,-0.01,1,2232,卖盘
326,13:08:25,22.33,0.01,2,4466,买盘
327,13:09:06,22.35,0.02,4,8938,买盘
328,13:10:01,22.35,0.0,3,6705,卖盘
329,13:10:04,22.35,0.0,3,6705,卖盘
330,13:11:22,22.33,-0.02,24,53592,卖盘
331,13:11:46,22.36,0.03,1,2236,买盘
332,13:12:22,22.36,0.0,1,2236,买盘
333,13:14:55,22.36,0.0,1,2236,买盘
334,13:15:01,22.33,-0.03,4,8933,卖盘
335,13:15:04,22.36,0.03,6,13416,买盘
336,13:16:46,22.38,0.02,1,2238,买盘
337,13:18:16,22.33,-0.05,10,22330,卖盘
338,13:18:25,22.38,0.05,1,2238,买盘
339,13:18:31,22.32,-0.06,17,37944,卖盘
340,13:18:46,22.32,0.0,8,17856,卖盘
341,13:19:19,22.33,0.01,5,11165,卖盘
342,13:20:05,22.33,0.0,4,8932,卖盘
343,13:20:10,22.37,0.04,7,15659,买盘
344,13:20:16,22.33,-0.04,3,6699,卖盘
345,13:20:31,22.3,-0.03,66,147285,卖盘
346,13:21:22,22.3,0.0,20,44600,卖盘
347,13:22:13,22.31,0.01,10,22310,卖盘
348,13:27:22,22.32,0.01,10,22320,卖盘
349,13:27:34,22.31,-0.01,25,55775,卖盘
350,13:27:43,22.3,-0.01,22,49060,卖盘
351,13:28:12,22.3,0.0,10,22300,买盘
352,13:29:37,22.3,0.0,10,22300,卖盘
353,13:29:48,22.3,0.0,15,33455,卖盘
354,13:30:52,22.29,-0.01,13,28977,卖盘
355,13:31:04,22.28,-0.01,16,35648,卖盘
356,13:31:10,22.31,0.03,6,13366,买盘
357,13:31:16,22.25,-0.06,7,15575,卖盘
358,13:31:31,22.25,0.0,1,2225,卖盘
359,13:32:52,22.26,0.01,1,2226,卖盘
360,13:33:37,22.26,0.0,1,2226,卖盘
361,13:33:40,22.26,0.0,11,24486,卖盘
362,13:34:22,22.25,-0.01,38,84550,卖盘
363,13:34:37,22.25,0.0,12,26700,买盘
364,13:34:40,22.25,0.0,10,22250,卖盘
365,13:34:55,22.25,0.0,2,4450,卖盘
366,13:36:13,22.26,0.01,6,13356,买盘
367,13:36:22,22.26,0.0,10,22260,卖盘
368,13:37:25,22.28,0.02,1,2228,卖盘
369,13:37:46,22.27,-0.01,1,2227,卖盘
370,13:37:55,22.28,0.01,4,8912,买盘
371,13:38:07,22.28,0.0,2,4456,买盘
372,13:38:10,22.27,-0.01,10,22270,卖盘
373,13:38:30,22.27,0.0,8,17816,卖盘
374,13:40:31,22.29,0.02,1,2229,卖盘
375,13:41:37,22.36,0.07,1,2236,买盘
376,13:42:04,22.3,-0.06,15,33450,卖盘
377,13:42:07,22.27,-0.03,30,66848,卖盘
378,13:44:01,22.27,0.0,1,2227,卖盘
379,13:44:10,22.3,0.03,10,22300,买盘
380,13:44:36,22.3,0.0,3,6690,买盘
381,13:44:55,22.3,0.0,30,66900,买盘
382,13:45:09,22.3,0.0,30,66900,买盘
383,13:45:16,22.3,0.0,1,2230,买盘
384,13:45:34,22.3,0.0,36,80280,买盘
385,13:47:10,22.35,0.05,10,22350,买盘
386,13:48:34,22.35,0.0,12,26820,买盘
387,13:48:48,22.36,0.01,3,6708,买盘
388,13:48:52,22.35,-0.01,53,118455,卖盘
389,13:49:13,22.31,-0.04,2,4462,中性盘
390,13:50:37,22.36,0.05,12,26832,卖盘
391,13:51:28,22.32,-0.04,14,31248,卖盘
392,13:51:40,22.32,0.0,3,6696,卖盘
393,13:52:27,22.32,0.0,2,4464,卖盘
394,13:52:39,22.38,0.06,10,22375,买盘
395,13:52:54,22.38,0.0,2,4476,买盘
396,13:53:04,22.4,0.02,5,11200,买盘
397,13:53:07,22.38,-0.02,3,6714,卖盘
398,13:53:25,22.38,0.0,8,17904,买盘
399,13:54:19,22.38,0.0,5,11190,买盘
400,13:54:31,22.38,0.0,5,11190,买盘
401,13:55:58,22.35,-0.03,2,4470,买盘
402,13:56:09,22.35,0.0,65,145275,卖盘
403,13:57:16,22.35,0.0,2,4470,卖盘
404,13:59:15,22.33,-0.02,2,4466,买盘
405,14:00:13,22.33,0.0,8,17864,买盘
406,14:00:49,22.28,-0.05,35,78063,卖盘
407,14:02:21,22.34,0.06,2,4468,买盘
408,14:02:52,22.28,-0.06,20,44567,卖盘
409,14:03:25,22.28,0.0,23,51244,卖盘
410,14:04:16,22.28,0.0,5,11140,买盘
411,14:04:31,22.28,0.0,2,4456,买盘
412,14:05:19,22.27,-0.01,10,22270,卖盘
413,14:05:33,22.34,0.07,5,11170,买盘
414,14:10:22,22.3,-0.04,1,2230,卖盘
415,14:11:04,22.3,0.0,25,55750,买盘
416,14:11:13,22.3,0.0,10,22300,买盘
417,14:11:19,22.3,0.0,10,22300,买盘
418,14:11:25,22.3,0.0,2,4460,买盘
419,14:11:28,22.3,0.0,8,17840,买盘
420,14:12:22,22.34,0.04,3,6702,买盘
421,14:12:31,22.34,0.0,43,96062,买盘
422,14:13:22,22.34,0.0,10,22340,买盘
423,14:14:27,22.34,0.0,30,67020,买盘
424,14:14:34,22.34,0.0,4,8936,买盘
425,14:14:52,22.34,0.0,1,2234,买盘
426,14:15:01,22.34,0.0,2,4468,买盘
427,14:15:40,22.36,0.02,3,6708,卖盘
428,14:16:15,22.36,0.0,2,4472,卖盘
429,14:16:28,22.36,0.0,5,11180,买盘
430,14:16:40,22.31,-0.05,1,2231,卖盘
431,14:17:55,22.32,0.01,1,2232,卖盘
432,14:18:10,22.32,0.0,2,4464,卖盘
433,14:18:21,22.32,0.0,2,4464,买盘
434,14:19:46,22.32,0.0,1,2232,买盘
435,14:20:01,22.31,-0.01,17,37930,卖盘
436,14:20:13,22.32,0.01,2,4464,卖盘
437,14:20:19,22.31,-0.01,3,6693,卖盘
438,14:21:19,22.25,-0.06,50,111319,卖盘
439,14:22:31,22.25,0.0,1,2225,卖盘
440,14:22:34,22.25,0.0,4,8900,买盘
441,14:22:37,22.22,-0.03,50,111129,卖盘
442,14:22:55,22.22,0.0,5,11110,卖盘
443,14:23:07,22.22,0.0,10,22309,卖盘
444,14:23:28,22.16,-0.06,42,93240,卖盘
445,14:23:46,22.16,0.0,4,8864,卖盘
446,14:25:01,22.18,0.02,4,8872,卖盘
447,14:25:10,22.18,0.0,3,6654,买盘
448,14:25:13,22.18,0.0,7,15526,买盘
449,14:25:52,22.3,0.12,82,182672,买盘
450,14:27:22,22.21,-0.09,23,51083,卖盘
451,14:28:01,22.21,0.0,20,44420,买盘
452,14:28:07,22.2,-0.01,23,51060,卖盘
453,14:28:10,22.21,0.01,3,6663,买盘
454,14:28:31,22.21,0.0,4,8884,买盘
455,14:29:16,22.21,0.0,2,4442,卖盘
456,14:31:16,22.23,0.02,1,2223,卖盘
457,14:31:37,22.23,0.0,5,11115,卖盘
458,14:31:58,22.27,0.04,1,2227,买盘
459,14:33:22,22.27,0.0,1,2227,买盘
460,14:34:19,22.21,-0.06,88,195491,卖盘
461,14:35:16,22.22,0.01,2,4444,卖盘
462,14:36:05,22.27,0.05,10,22258,买盘
463,14:36:22,22.28,0.01,8,17824,买盘
464,14:36:28,22.28,0.0,6,13368,买盘
465,14:36:46,22.29,0.01,6,13374,买盘
466,14:36:49,22.29,0.0,10,22290,买盘
467,14:37:07,22.31,0.02,16,35696,买盘
468,14:37:10,22.31,0.0,2,4462,买盘
469,14:37:16,22.31,0.0,2,4462,买盘
470,14:37:28,22.3,-0.01,3,6690,卖盘
471,14:39:49,22.31,0.01,8,17851,卖盘
472,14:40:01,22.32,0.01,10,22320,买盘
473,14:40:10,22.31,-0.01,13,29003,卖盘
474,14:40:16,22.31,0.0,1,2231,卖盘
475,14:40:28,22.31,0.0,34,75868,卖盘
476,14:40:40,22.31,0.0,3,6693,卖盘
477,14:40:46,22.31,0.0,6,13386,卖盘
478,14:41:01,22.31,0.0,3,6693,买盘
479,14:41:22,22.3,-0.01,15,33450,卖盘
480,14:41:43,22.31,0.01,5,11155,买盘
481,14:41:46,22.3,-0.01,1,2230,卖盘
482,14:42:04,22.3,0.0,16,35680,卖盘
483,14:42:37,22.3,0.0,2,4460,买盘
484,14:43:13,22.29,-0.01,7,15603,卖盘
485,14:43:19,22.29,0.0,9,20061,卖盘
486,14:45:19,22.29,0.0,1,2229,买盘
487,14:46:10,22.28,-0.01,92,204976,卖盘
488,14:46:16,22.29,0.01,4,8916,买盘
489,14:46:22,22.28,-0.01,3,6684,卖盘
490,14:46:40,22.28,0.0,3,6684,卖盘
491,14:46:46,22.28,0.0,100,222800,卖盘
492,14:46:49,22.28,0.0,6,13368,卖盘
493,14:47:07,22.28,0.0,3,6684,卖盘
494,14:47:28,22.26,-0.02,6,13356,卖盘
495,14:48:04,22.27,0.01,18,40086,卖盘
496,14:48:49,22.29,0.02,4,8916,买盘
497,14:48:55,22.28,-0.01,17,37882,卖盘
498,14:49:25,22.3,0.02,2,4459,买盘
499,14:49:37,22.28,-0.02,69,153740,卖盘
500,14:49:55,22.3,0.02,1,2230,买盘
501,14:50:01,22.23,-0.07,49,108979,卖盘
502,14:50:07,22.28,0.05,4,8912,中性盘
503,14:50:31,22.23,-0.05,12,26676,卖盘
504,14:50:49,22.26,0.03,8,17808,中性盘
505,14:50:58,22.29,0.03,3,6687,买盘
506,14:51:10,22.28,-0.01,4,8912,买盘
507,14:51:25,22.22,-0.06,63,140020,卖盘
508,14:51:31,22.22,0.0,3,6666,买盘
509,14:51:37,22.2,-0.02,10,22206,卖盘
510,14:51:58,22.22,0.02,8,19043,买盘
511,14:52:01,22.22,0.0,1,2222,卖盘
512,14:52:04,22.22,0.0,1,2222,卖盘
513,14:52:31,22.23,0.01,1,2223,买盘
514,14:52:43,22.23,0.0,21,46683,卖盘
515,14:52:49,22.27,0.04,5,11135,买盘
516,14:52:55,22.28,0.01,5,11140,买盘
517,14:53:10,22.23,-0.05,4,8893,卖盘
518,14:53:19,22.28,0.05,4,8912,买盘
519,14:53:37,22.28,0.0,42,93576,买盘
520,14:54:07,22.28,0.0,23,51244,买盘
521,14:54:25,22.25,-0.03,4,8909,卖盘
522,14:54:28,22.25,0.0,29,64525,卖盘
523,14:54:40,22.24,-0.01,5,11120,卖盘
524,14:54:43,22.24,0.0,28,62272,卖盘
525,14:54:55,22.23,-0.01,20,44460,卖盘
526,14:55:16,22.22,-0.01,3,6666,卖盘
527,14:55:25,22.2,-0.02,68,149699,卖盘
528,14:55:28,22.2,0.0,42,93240,买盘
529,14:55:31,22.2,0.0,5,11100,买盘
530,14:55:37,22.2,0.0,1,2220,买盘
531,14:55:46,22.2,0.0,1,3485,买盘
532,14:55:52,22.2,0.0,2,4440,卖盘
533,14:55:58,22.2,0.0,10,22200,卖盘
534,14:56:10,22.21,0.01,1,2221,中性盘
535,14:56:13,22.24,0.03,10,22240,买盘
536,14:56:16,22.2,-0.04,11,24421,卖盘
537,14:56:19,22.2,0.0,5,11100,买盘
538,14:56:49,22.22,0.02,12,26662,买盘
539,14:56:58,22.21,-0.01,7,15550,卖盘
540,14:57:01,22.22,0.01,6,13332,买盘
541,15:00:05,22.23,0.01,42,93366,卖盘
