,time,price,change,volume,amount,type
0,09:25:04,5.2,0.02,216,112320,卖盘
1,09:30:00,5.2,0.0,80,41600,卖盘
2,09:30:04,5.21,0.01,53,27613,买盘
3,09:30:21,5.2,-0.01,13,6760,卖盘
4,09:30:57,5.19,-0.01,30,15570,卖盘
5,09:31:00,5.19,0.0,10,5190,卖盘
6,09:31:09,5.19,0.0,5,2595,买盘
7,09:31:16,5.19,0.0,1,519,买盘
8,09:31:18,5.19,0.0,44,22836,买盘
9,09:32:18,5.19,0.0,6,3114,卖盘
10,09:32:27,5.19,0.0,38,19722,买盘
11,09:32:30,5.19,0.0,16,8304,买盘
12,09:32:33,5.19,0.0,1,519,买盘
13,09:32:37,5.19,0.0,14,7266,买盘
14,09:32:39,5.19,0.0,1,519,买盘
15,09:32:42,5.19,0.0,1,519,买盘
16,09:32:45,5.19,0.0,1,519,买盘
17,09:32:48,5.19,0.0,1,519,买盘
18,09:32:51,5.19,0.0,1,519,买盘
19,09:32:54,5.19,0.0,1,519,买盘
20,09:32:57,5.19,0.0,1,519,买盘
21,09:33:00,5.19,0.0,1,519,买盘
22,09:33:04,5.19,0.0,1,519,买盘
23,09:33:06,5.19,0.0,1,519,买盘
24,09:33:09,5.19,0.0,1,519,买盘
25,09:33:12,5.19,0.0,10,5190,买盘
26,09:33:24,5.19,0.0,21,10899,买盘
27,09:33:30,5.19,0.0,9,4671,买盘
28,09:33:33,5.19,0.0,20,10380,买盘
29,09:33:42,5.19,0.0,32,16610,卖盘
30,09:33:46,5.19,0.0,20,10380,买盘
31,09:33:51,5.19,0.0,31,16089,买盘
32,09:34:03,5.19,0.0,3,1557,卖盘
33,09:34:28,5.19,0.0,20,10380,卖盘
34,09:34:30,5.19,0.0,1,519,卖盘
35,09:34:42,5.2,0.01,101,52520,买盘
36,09:34:54,5.2,0.0,100,52000,买盘
37,09:35:06,5.19,-0.01,10,5190,卖盘
38,09:35:21,5.19,0.0,74,38406,卖盘
39,09:35:27,5.2,0.01,10,5200,买盘
40,09:35:52,5.2,0.0,20,10400,买盘
41,09:36:30,5.19,-0.01,25,12975,卖盘
42,09:36:45,5.2,0.01,4,2080,买盘
43,09:36:54,5.2,0.0,10,5200,买盘
44,09:36:57,5.19,-0.01,71,36849,卖盘
45,09:37:09,5.2,0.01,5,2600,买盘
46,09:37:30,5.2,0.0,50,26000,买盘
47,09:37:33,5.2,0.0,10,5200,买盘
48,09:37:40,5.2,0.0,11,5720,买盘
49,09:37:48,5.2,0.0,6,3120,买盘
50,09:37:54,5.2,0.0,214,111280,买盘
51,09:38:12,5.21,0.01,24,12504,买盘
52,09:38:15,5.21,0.0,89,46369,买盘
53,09:38:18,5.21,0.0,3,1563,买盘
54,09:38:22,5.21,0.0,3,1563,买盘
55,09:38:24,5.21,0.0,1,521,买盘
56,09:38:27,5.21,0.0,65,33865,买盘
57,09:38:51,5.22,0.01,10,5220,买盘
58,09:39:06,5.22,0.0,44,22968,买盘
59,09:39:27,5.22,0.0,10,5220,卖盘
60,09:39:30,5.23,0.01,9,4707,买盘
61,09:39:48,5.23,0.0,194,101462,买盘
62,09:39:51,5.23,0.0,73,38179,买盘
63,09:39:54,5.23,0.0,52,27196,买盘
64,09:40:06,5.23,0.0,31,16213,买盘
65,09:40:09,5.23,0.0,30,15690,买盘
66,09:40:24,5.23,0.0,10,5230,卖盘
67,09:40:33,5.24,0.01,34,17802,买盘
68,09:40:36,5.23,-0.01,26,13598,卖盘
69,09:40:48,5.23,0.0,312,162901,买盘
70,09:40:54,5.22,-0.01,6,3132,卖盘
71,09:41:16,5.22,0.0,10,5220,卖盘
72,09:41:30,5.23,0.01,53,27719,买盘
73,09:41:42,5.24,0.01,191,99973,买盘
74,09:41:57,5.23,-0.01,3,1569,买盘
75,09:42:06,5.23,0.0,62,32426,买盘
76,09:42:24,5.23,0.0,38,19874,卖盘
77,09:42:30,5.23,0.0,20,10460,买盘
78,09:43:27,5.23,0.0,6,3138,卖盘
79,09:43:30,5.24,0.01,500,261939,买盘
80,09:43:48,5.23,-0.01,20,10460,买盘
81,09:44:15,5.23,0.0,53,27721,卖盘
82,09:44:34,5.23,0.0,1,523,卖盘
83,09:44:39,5.23,0.0,30,15690,卖盘
84,09:44:42,5.23,0.0,4,2092,卖盘
85,09:44:45,5.23,0.0,56,29288,买盘
86,09:44:55,5.24,0.01,1,524,买盘
87,09:45:03,5.24,0.0,73,38252,买盘
88,09:45:18,5.24,0.0,44,23056,买盘
89,09:45:21,5.24,0.0,8,4192,买盘
90,09:45:24,5.23,-0.01,13,6799,卖盘
91,09:45:43,5.24,0.01,111,58164,买盘
92,09:46:06,5.24,0.0,2,1048,买盘
93,09:46:15,5.24,0.0,80,41920,买盘
94,09:46:21,5.24,0.0,30,15720,买盘
95,09:46:28,5.24,0.0,57,29868,买盘
96,09:46:33,5.23,-0.01,90,47147,卖盘
97,09:46:57,5.24,0.01,70,36680,卖盘
98,09:47:09,5.25,0.01,1,525,买盘
99,09:47:15,5.25,0.0,177,92925,买盘
100,09:47:36,5.25,0.0,2,1050,买盘
101,09:47:42,5.25,0.0,320,168000,买盘
102,09:47:45,5.25,0.0,100,52500,买盘
103,09:47:51,5.25,0.0,25,13125,买盘
104,09:47:54,5.25,0.0,29,15225,买盘
105,09:48:00,5.25,0.0,250,131250,买盘
106,09:48:04,5.25,0.0,19,9975,买盘
107,09:48:12,5.26,0.01,150,78900,买盘
108,09:48:18,5.26,0.0,4,2104,买盘
109,09:48:27,5.26,0.0,3,1578,买盘
110,09:48:30,5.26,0.0,8,4208,买盘
111,09:48:43,5.25,-0.01,199,104555,卖盘
112,09:48:48,5.26,0.01,5,2630,买盘
113,09:49:04,5.26,0.0,89,46814,买盘
114,09:49:06,5.26,0.0,3,1578,买盘
115,09:49:09,5.25,-0.01,50,26250,卖盘
116,09:49:15,5.25,0.0,5,2625,卖盘
117,09:49:18,5.26,0.01,2,1052,买盘
118,09:49:21,5.25,-0.01,76,39900,卖盘
119,09:49:30,5.25,0.0,83,43575,买盘
120,09:49:36,5.25,0.0,17,8925,卖盘
121,09:49:48,5.25,0.0,100,52500,买盘
122,09:49:57,5.25,0.0,86,45230,买盘
123,09:50:09,5.25,0.0,7,3675,买盘
124,09:50:31,5.25,0.0,100,52500,买盘
125,09:50:33,5.26,0.01,116,61002,买盘
126,09:50:57,5.26,0.0,1,526,买盘
127,09:51:00,5.26,0.0,1,526,买盘
128,09:51:06,5.26,0.0,40,21040,买盘
129,09:51:27,5.25,-0.01,80,42000,卖盘
130,09:51:33,5.25,0.0,30,15750,卖盘
131,09:51:39,5.24,-0.01,150,78676,卖盘
132,09:51:51,5.24,0.0,7,3668,卖盘
133,09:52:09,5.25,0.01,20,10500,卖盘
134,09:52:16,5.25,0.0,37,19425,卖盘
135,09:52:45,5.25,0.0,15,7875,卖盘
136,09:52:57,5.25,0.0,40,21000,卖盘
137,09:53:06,5.26,0.01,129,67917,买盘
138,09:53:10,5.25,-0.01,4,2103,卖盘
139,09:53:30,5.26,0.01,132,69432,卖盘
140,09:53:33,5.26,0.0,11,5786,买盘
141,09:53:42,5.25,-0.01,87,45675,卖盘
142,09:53:54,5.26,0.01,28,14728,买盘
143,09:53:57,5.25,-0.01,30,15750,卖盘
144,09:54:00,5.25,0.0,3,1575,卖盘
145,09:54:06,5.25,0.0,33,17325,卖盘
146,09:54:12,5.25,0.0,355,186312,卖盘
147,09:54:21,5.25,0.0,12,6300,买盘
148,09:54:27,5.24,-0.01,150,78600,卖盘
149,09:54:48,5.24,0.0,130,68120,卖盘
150,09:55:09,5.24,0.0,184,96419,卖盘
151,09:55:19,5.23,-0.01,45,23535,卖盘
152,09:55:22,5.23,0.0,120,62760,卖盘
153,09:55:36,5.23,0.0,100,52300,卖盘
154,09:55:51,5.23,0.0,50,26150,卖盘
155,09:56:00,5.23,0.0,440,230120,卖盘
156,09:56:48,5.23,0.0,10,5230,卖盘
157,09:57:24,5.24,0.01,16,8384,买盘
158,09:57:27,5.24,0.0,10,5240,买盘
159,09:57:40,5.24,0.0,30,15720,买盘
160,09:57:42,5.24,0.0,53,27772,买盘
161,09:57:45,5.24,0.0,40,20960,买盘
162,09:57:48,5.23,-0.01,15,7845,卖盘
163,09:58:24,5.24,0.01,138,72312,买盘
164,09:58:49,5.24,0.0,19,9956,买盘
165,09:58:55,5.24,0.0,10,5240,买盘
166,09:59:04,5.24,0.0,15,7860,买盘
167,09:59:18,5.24,0.0,100,52400,买盘
168,09:59:24,5.24,0.0,10,5240,买盘
169,09:59:28,5.24,0.0,37,19388,买盘
170,09:59:33,5.24,0.0,25,13100,卖盘
171,09:59:54,5.25,0.01,187,98175,买盘
172,10:00:33,5.25,0.0,10,5250,买盘
173,10:00:42,5.25,0.0,26,13650,买盘
174,10:00:45,5.25,0.0,60,31500,买盘
175,10:00:54,5.25,0.0,3,1575,买盘
176,10:01:25,5.24,-0.01,8,4192,卖盘
177,10:01:36,5.25,0.01,47,24675,买盘
178,10:01:54,5.26,0.01,6,3156,买盘
179,10:02:18,5.25,-0.01,2,1050,卖盘
180,10:02:24,5.25,0.0,15,7875,买盘
181,10:02:39,5.25,0.0,1,525,卖盘
182,10:02:57,5.25,0.0,1,525,卖盘
183,10:03:09,5.25,0.0,51,26775,卖盘
184,10:03:36,5.25,0.0,39,20475,买盘
185,10:04:36,5.24,-0.01,6,3144,卖盘
186,10:05:00,5.24,0.0,30,15720,卖盘
187,10:05:09,5.24,0.0,87,45588,卖盘
188,10:05:13,5.24,0.0,31,16244,卖盘
189,10:05:33,5.24,0.0,120,62880,买盘
190,10:05:39,5.24,0.0,21,11004,卖盘
191,10:06:18,5.24,0.0,10,5240,卖盘
192,10:06:24,5.25,0.01,462,242550,买盘
193,10:06:45,5.25,0.0,50,26250,卖盘
194,10:07:12,5.25,0.0,66,34650,卖盘
195,10:07:39,5.25,0.0,7,3675,卖盘
196,10:07:48,5.26,0.01,83,43658,买盘
197,10:08:12,5.26,0.0,3,1578,买盘
198,10:08:39,5.26,0.0,1,526,买盘
199,10:08:43,5.26,0.0,5,2630,买盘
200,10:09:01,5.25,-0.01,1,525,卖盘
201,10:09:34,5.25,0.0,43,22575,卖盘
202,10:09:36,5.25,0.0,10,5250,买盘
203,10:09:58,5.24,-0.01,1,524,卖盘
204,10:10:15,5.24,0.0,50,26200,卖盘
205,10:10:21,5.25,0.01,40,21000,买盘
206,10:10:33,5.25,0.0,15,7875,买盘
207,10:11:03,5.25,0.0,34,17850,买盘
208,10:11:12,5.25,0.0,7,3675,卖盘
209,10:12:34,5.25,0.0,5,2625,买盘
210,10:12:42,5.25,0.0,12,6300,卖盘
211,10:12:57,5.25,0.0,1,525,买盘
212,10:13:04,5.25,0.0,6,3150,卖盘
213,10:13:12,5.25,0.0,20,10500,卖盘
214,10:13:21,5.26,0.01,32,16822,买盘
215,10:13:30,5.26,0.0,20,10520,买盘
216,10:14:33,5.25,-0.01,35,18375,卖盘
217,10:15:04,5.25,0.0,101,53025,卖盘
218,10:15:12,5.25,0.0,5,2625,卖盘
219,10:15:57,5.25,0.0,300,157500,卖盘
220,10:16:06,5.26,0.01,10,5260,买盘
221,10:16:10,5.26,0.0,10,5260,买盘
222,10:16:12,5.25,-0.01,20,10500,卖盘
223,10:16:33,5.25,0.0,2,1050,卖盘
224,10:16:45,5.25,0.0,5,2625,买盘
225,10:16:51,5.24,-0.01,7,3668,卖盘
226,10:17:00,5.25,0.01,2,1050,买盘
227,10:17:21,5.25,0.0,40,21000,买盘
228,10:17:39,5.25,0.0,15,7875,买盘
229,10:18:00,5.25,0.0,155,81375,买盘
230,10:18:03,5.24,-0.01,20,10480,卖盘
231,10:18:06,5.25,0.01,40,21000,买盘
232,10:18:09,5.25,0.0,20,10500,买盘
233,10:18:18,5.25,0.0,9,4725,买盘
234,10:18:21,5.25,0.0,70,36750,买盘
235,10:18:24,5.24,-0.01,102,53448,卖盘
236,10:18:34,5.24,0.0,2,1048,卖盘
237,10:18:36,5.25,0.01,25,13125,买盘
238,10:18:45,5.25,0.0,29,15225,买盘
239,10:18:51,5.25,0.0,40,21000,买盘
240,10:19:00,5.25,0.0,16,8400,买盘
241,10:19:27,5.25,0.0,102,53550,买盘
242,10:19:33,5.26,0.01,4,2104,买盘
243,10:19:42,5.26,0.0,83,43658,买盘
244,10:19:45,5.26,0.0,45,23670,买盘
245,10:19:54,5.26,0.0,511,268786,买盘
246,10:20:00,5.26,0.0,127,66802,买盘
247,10:20:18,5.27,0.01,96,50592,买盘
248,10:20:22,5.26,-0.01,50,26300,卖盘
249,10:20:33,5.26,0.0,61,32086,卖盘
250,10:20:42,5.26,0.0,2,1052,买盘
251,10:20:45,5.27,0.01,30,15810,买盘
252,10:20:48,5.27,0.0,179,94333,买盘
253,10:20:54,5.28,0.01,245,128990,买盘
254,10:21:03,5.28,0.0,58,30624,买盘
255,10:21:06,5.28,0.0,21,11088,买盘
256,10:21:12,5.28,0.0,3,1584,买盘
257,10:21:15,5.28,0.0,14,7392,买盘
258,10:21:19,5.28,0.0,20,10560,买盘
259,10:21:24,5.28,0.0,21,11088,买盘
260,10:21:30,5.28,0.0,84,44352,买盘
261,10:21:33,5.28,0.0,45,23760,买盘
262,10:21:51,5.28,0.0,1,528,买盘
263,10:21:58,5.27,-0.01,95,50065,卖盘
264,10:22:00,5.28,0.01,100,52789,买盘
265,10:22:06,5.28,0.0,3,1584,买盘
266,10:22:30,5.28,0.0,12,6336,买盘
267,10:22:36,5.27,-0.01,5,2635,卖盘
268,10:22:39,5.29,0.02,300,158478,买盘
269,10:22:42,5.27,-0.02,35,18445,卖盘
270,10:22:45,5.29,0.02,82,43378,买盘
271,10:22:51,5.28,-0.01,51,26928,买盘
272,10:22:55,5.27,-0.01,59,31093,卖盘
273,10:23:04,5.28,0.01,31,16368,买盘
274,10:23:09,5.27,-0.01,400,211332,卖盘
275,10:23:18,5.29,0.02,27,14283,买盘
276,10:23:25,5.3,0.01,314,166420,买盘
277,10:23:27,5.28,-0.02,738,390784,卖盘
278,10:23:36,5.3,0.02,2,1060,买盘
279,10:23:42,5.3,0.0,16,8480,买盘
280,10:23:45,5.31,0.01,13,6903,买盘
281,10:23:48,5.31,0.0,27,14337,买盘
282,10:23:52,5.33,0.02,90,47890,买盘
283,10:23:57,5.33,0.0,34,18122,买盘
284,10:24:00,5.33,0.0,23,12264,买盘
285,10:24:04,5.33,0.0,7,3731,买盘
286,10:24:09,5.33,0.0,183,97399,买盘
287,10:24:12,5.31,-0.02,230,122338,卖盘
288,10:24:16,5.32,0.01,178,94839,中性盘
289,10:24:21,5.31,-0.01,13,6903,卖盘
290,10:24:27,5.31,0.0,50,26550,卖盘
291,10:24:30,5.31,0.0,53,28143,卖盘
292,10:24:40,5.31,0.0,55,29205,买盘
293,10:24:42,5.3,-0.01,31,16441,卖盘
294,10:24:45,5.31,0.01,4,2124,买盘
295,10:24:57,5.3,-0.01,26,13780,卖盘
296,10:25:01,5.31,0.01,20,10620,买盘
297,10:25:04,5.31,0.0,15,7965,买盘
298,10:25:06,5.3,-0.01,746,395380,卖盘
299,10:25:12,5.3,0.0,108,57240,买盘
300,10:25:15,5.3,0.0,56,29680,买盘
301,10:25:21,5.29,-0.01,80,42320,卖盘
302,10:25:24,5.29,0.0,4,2116,买盘
303,10:25:27,5.29,0.0,32,16928,买盘
304,10:25:33,5.29,0.0,6,3174,中性盘
305,10:25:39,5.29,0.0,10,5290,卖盘
306,10:25:42,5.29,0.0,64,33856,卖盘
307,10:25:54,5.29,0.0,20,10580,买盘
308,10:26:04,5.29,0.0,5,2645,买盘
309,10:26:09,5.29,0.0,23,12167,买盘
310,10:26:15,5.28,-0.01,6,3168,卖盘
311,10:26:24,5.29,0.01,24,12696,买盘
312,10:26:27,5.29,0.0,12,6348,卖盘
313,10:26:33,5.29,0.0,10,5290,卖盘
314,10:26:45,5.29,0.0,7,3703,卖盘
315,10:26:51,5.3,0.01,155,82150,买盘
316,10:26:54,5.3,0.0,45,23850,卖盘
317,10:27:00,5.32,0.02,121,64226,买盘
318,10:27:13,5.32,0.0,22,11702,买盘
319,10:27:18,5.32,0.0,4,2128,买盘
320,10:27:21,5.32,0.0,362,192578,买盘
321,10:27:27,5.33,0.01,84,44772,买盘
322,10:27:30,5.33,0.0,32,17056,卖盘
323,10:27:36,5.34,0.01,12,6398,买盘
324,10:27:39,5.33,-0.01,3,1599,卖盘
325,10:27:45,5.33,0.0,112,59798,卖盘
326,10:27:49,5.31,-0.02,5,2659,卖盘
327,10:27:51,5.33,0.02,10,5330,买盘
328,10:27:54,5.33,0.0,37,19721,买盘
329,10:28:03,5.33,0.0,378,201454,买盘
330,10:28:06,5.34,0.01,424,226306,买盘
331,10:28:10,5.34,0.0,37,19758,卖盘
332,10:28:12,5.35,0.01,50,26750,买盘
333,10:28:21,5.35,0.0,332,177620,买盘
334,10:28:24,5.35,0.0,55,29425,卖盘
335,10:28:27,5.35,0.0,6,3214,卖盘
336,10:28:30,5.35,0.0,4,2140,卖盘
337,10:28:33,5.36,0.01,169,90584,买盘
338,10:28:36,5.36,0.0,180,96440,买盘
339,10:28:39,5.36,0.0,213,113837,买盘
340,10:28:42,5.36,0.0,149,79864,买盘
341,10:28:45,5.35,-0.01,24,12840,卖盘
342,10:28:48,5.36,0.01,19,10168,买盘
343,10:28:57,5.35,-0.01,2,1070,买盘
344,10:29:03,5.34,-0.01,166,88784,卖盘
345,10:29:06,5.34,0.0,9,4806,买盘
346,10:29:09,5.34,0.0,2,1068,买盘
347,10:29:12,5.34,0.0,13,7006,买盘
348,10:29:15,5.33,-0.01,143,76166,卖盘
349,10:29:27,5.31,-0.02,51,27153,卖盘
350,10:29:30,5.34,0.03,60,31999,买盘
351,10:29:33,5.31,-0.03,40,21240,卖盘
352,10:29:39,5.31,0.0,20,10620,买盘
353,10:29:45,5.31,0.0,16,8496,买盘
354,10:29:51,5.31,0.0,12,6372,买盘
355,10:30:12,5.31,0.0,1,531,买盘
356,10:30:21,5.32,0.01,33,17556,卖盘
357,10:30:33,5.32,0.0,10,5320,卖盘
358,10:30:36,5.33,0.01,10,5330,买盘
359,10:30:39,5.32,-0.01,8,4256,卖盘
360,10:30:42,5.33,0.01,37,19688,买盘
361,10:30:45,5.33,0.0,118,62894,买盘
362,10:30:51,5.33,0.0,65,34595,买盘
363,10:30:54,5.33,0.0,3,1599,买盘
364,10:31:00,5.34,0.01,50,26700,买盘
365,10:31:06,5.34,0.0,10,5340,买盘
366,10:31:12,5.34,0.0,97,51798,买盘
367,10:31:15,5.34,0.0,58,30972,买盘
368,10:31:18,5.34,0.0,5,2670,买盘
369,10:31:21,5.34,0.0,15,8010,买盘
370,10:31:33,5.33,-0.01,7,3731,卖盘
371,10:31:36,5.34,0.01,20,10680,买盘
372,10:31:46,5.34,0.0,12,6408,买盘
373,10:31:48,5.34,0.0,25,13340,买盘
374,10:31:57,5.33,-0.01,3,1599,卖盘
375,10:32:00,5.33,0.0,117,62477,卖盘
376,10:32:04,5.32,-0.01,1000,532233,卖盘
377,10:32:06,5.34,0.02,3,1602,买盘
378,10:32:09,5.32,-0.02,5,2660,卖盘
379,10:32:12,5.32,0.0,11,5852,卖盘
380,10:32:18,5.32,0.0,100,53200,卖盘
381,10:32:24,5.32,0.0,20,10640,卖盘
382,10:32:27,5.32,0.0,69,36708,卖盘
383,10:32:39,5.31,-0.01,36,19116,卖盘
384,10:32:46,5.32,0.01,2,1064,买盘
385,10:32:48,5.31,-0.01,35,18585,卖盘
386,10:32:51,5.31,0.0,100,53100,卖盘
387,10:32:54,5.31,0.0,6,3186,卖盘
388,10:33:00,5.3,-0.01,20,10600,卖盘
389,10:33:15,5.31,0.01,15,7965,买盘
390,10:33:22,5.3,-0.01,4,2120,卖盘
391,10:33:36,5.3,0.0,23,12190,卖盘
392,10:33:39,5.31,0.01,38,20178,买盘
393,10:33:42,5.31,0.0,50,26550,买盘
394,10:34:00,5.31,0.0,7,3717,买盘
395,10:34:03,5.31,0.0,15,7965,买盘
396,10:34:06,5.31,0.0,10,5310,卖盘
397,10:34:15,5.31,0.0,9,4779,卖盘
398,10:34:18,5.3,-0.01,100,53021,卖盘
399,10:34:27,5.3,0.0,1,530,卖盘
400,10:34:30,5.3,0.0,47,24910,卖盘
401,10:34:34,5.3,0.0,138,73140,卖盘
402,10:34:42,5.3,0.0,75,39759,卖盘
403,10:34:48,5.3,0.0,5,2650,买盘
404,10:34:51,5.29,-0.01,30,15870,卖盘
405,10:35:04,5.29,0.0,100,52900,卖盘
406,10:35:18,5.29,0.0,89,47081,卖盘
407,10:35:54,5.29,0.0,100,52900,卖盘
408,10:36:04,5.3,0.01,103,54654,买盘
409,10:36:12,5.31,0.01,23,12210,买盘
410,10:36:15,5.3,-0.01,60,31810,卖盘
411,10:36:19,5.3,0.0,18,9540,卖盘
412,10:36:21,5.3,0.0,26,13716,卖盘
413,10:36:54,5.3,0.0,20,10664,买盘
414,10:37:03,5.3,0.0,18,9540,卖盘
415,10:37:36,5.31,0.01,86,45666,买盘
416,10:37:39,5.3,-0.01,8,4240,卖盘
417,10:38:09,5.3,0.0,35,18486,卖盘
418,10:38:42,5.3,0.0,12,6360,买盘
419,10:38:48,5.29,-0.01,195,103155,卖盘
420,10:39:00,5.29,0.0,4,2116,买盘
421,10:39:54,5.29,0.0,1,529,买盘
422,10:40:21,5.3,0.01,130,68964,买盘
423,10:40:30,5.31,0.01,1,531,买盘
424,10:40:34,5.31,0.0,41,21771,买盘
425,10:41:00,5.31,0.0,3,1593,买盘
426,10:41:06,5.31,0.0,2,1062,买盘
427,10:41:09,5.3,-0.01,18,9540,卖盘
428,10:41:12,5.31,0.01,1,531,买盘
429,10:41:21,5.3,-0.01,7,3646,卖盘
430,10:41:34,5.3,0.0,100,53000,买盘
431,10:41:39,5.31,0.01,30,15922,买盘
432,10:41:57,5.31,0.0,12,6372,买盘
433,10:42:00,5.29,-0.02,9,4761,卖盘
434,10:42:57,5.3,0.01,50,26500,卖盘
435,10:43:18,5.3,0.0,9,4770,卖盘
436,10:43:57,5.3,0.0,8,4240,买盘
437,10:44:51,5.3,0.0,19,10070,买盘
438,10:45:06,5.27,-0.03,667,351851,卖盘
439,10:45:10,5.3,0.03,3,1590,买盘
440,10:45:12,5.29,-0.01,5,2645,卖盘
441,10:45:27,5.29,0.0,2,1058,买盘
442,10:46:00,5.29,0.0,10,5290,卖盘
443,10:46:12,5.27,-0.02,90,47433,卖盘
444,10:46:27,5.27,0.0,10,5270,买盘
445,10:46:39,5.27,0.0,10,5270,卖盘
446,10:46:48,5.26,-0.01,20,10520,卖盘
447,10:46:58,5.26,0.0,30,15780,卖盘
448,10:47:15,5.26,0.0,5,2630,卖盘
449,10:47:49,5.26,0.0,101,53127,卖盘
450,10:48:28,5.27,0.01,10,5270,买盘
451,10:48:39,5.27,0.0,3,1581,买盘
452,10:48:45,5.27,0.0,7,3689,买盘
453,10:48:54,5.27,0.0,2,1054,买盘
454,10:49:00,5.27,0.0,15,7905,买盘
455,10:49:15,5.26,-0.01,200,105200,卖盘
456,10:49:39,5.27,0.01,5,2635,买盘
457,10:49:45,5.26,-0.01,48,25248,卖盘
458,10:50:30,5.26,0.0,5,2630,买盘
459,10:50:40,5.26,0.0,95,49970,卖盘
460,10:50:43,5.26,0.0,172,90462,买盘
461,10:50:54,5.26,0.0,2,1052,买盘
462,10:51:12,5.26,0.0,27,14202,买盘
463,10:51:24,5.26,0.0,5,2630,买盘
464,10:51:27,5.26,0.0,10,5260,买盘
465,10:51:30,5.26,0.0,14,7469,买盘
466,10:51:39,5.26,0.0,8,4208,卖盘
467,10:51:57,5.27,0.01,10,5270,买盘
468,10:52:46,5.27,0.0,50,26350,买盘
469,10:53:18,5.27,0.0,65,34255,买盘
470,10:53:42,5.27,0.0,1,527,买盘
471,10:54:36,5.28,0.01,2,1056,买盘
472,10:55:06,5.28,0.0,11,5808,买盘
473,10:55:45,5.29,0.01,6,3174,买盘
474,10:55:48,5.28,-0.01,4,2112,卖盘
475,10:56:18,5.29,0.01,5,2645,买盘
476,10:56:24,5.29,0.0,121,63891,买盘
477,10:56:27,5.29,0.0,2,1058,卖盘
478,10:56:54,5.29,0.0,10,5290,卖盘
479,10:57:00,5.29,0.0,15,7935,卖盘
480,10:57:07,5.3,0.01,14,7420,买盘
481,10:57:12,5.3,0.0,10,5300,买盘
482,10:57:27,5.3,0.0,5,2650,买盘
483,10:57:30,5.29,-0.01,15,7935,卖盘
484,10:57:39,5.29,0.0,57,30153,买盘
485,10:59:12,5.28,-0.01,5,2640,卖盘
486,11:00:12,5.28,0.0,25,13200,卖盘
487,11:00:22,5.28,0.0,6,3168,卖盘
488,11:01:24,5.28,0.0,42,22176,卖盘
489,11:01:45,5.28,0.0,30,15840,卖盘
490,11:02:06,5.29,0.01,10,5290,买盘
491,11:02:36,5.29,0.0,9,4761,买盘
492,11:03:03,5.28,-0.01,37,19536,卖盘
493,11:03:18,5.28,0.0,19,10032,卖盘
494,11:03:42,5.28,0.0,29,15312,卖盘
495,11:04:43,5.28,0.0,21,11088,卖盘
496,11:05:06,5.28,0.0,5,2640,卖盘
497,11:05:36,5.27,-0.01,10,5270,卖盘
498,11:06:15,5.28,0.01,5,2640,买盘
499,11:06:24,5.28,0.0,37,19536,买盘
500,11:06:30,5.28,0.0,10,5280,买盘
501,11:06:45,5.28,0.0,24,12672,买盘
502,11:06:48,5.28,0.0,10,5280,买盘
503,11:06:57,5.28,0.0,5,2640,买盘
504,11:07:00,5.28,0.0,7,3696,买盘
505,11:07:09,5.28,0.0,2,1056,买盘
506,11:07:51,5.27,-0.01,13,6851,卖盘
507,11:07:54,5.28,0.01,86,45408,买盘
508,11:07:57,5.26,-0.02,300,157967,卖盘
509,11:08:30,5.27,0.01,1,527,买盘
510,11:09:36,5.27,0.0,5,2635,买盘
511,11:10:00,5.27,0.0,8,4216,买盘
512,11:10:04,5.27,0.0,11,5797,买盘
513,11:12:51,5.27,0.0,3,1581,买盘
514,11:13:30,5.28,0.01,25,13200,买盘
515,11:14:06,5.28,0.0,10,5280,买盘
516,11:14:30,5.27,-0.01,8,4216,卖盘
517,11:14:45,5.27,0.0,170,89590,卖盘
518,11:15:24,5.27,0.0,15,7905,卖盘
519,11:15:54,5.27,0.0,99,52173,卖盘
520,11:16:27,5.27,0.0,27,14229,买盘
521,11:16:33,5.27,0.0,8,4216,卖盘
522,11:16:39,5.26,-0.01,20,10520,卖盘
523,11:16:42,5.27,0.01,10,5270,买盘
524,11:16:51,5.27,0.0,32,16864,买盘
525,11:17:04,5.27,0.0,2,1054,卖盘
526,11:17:51,5.28,0.01,3,1584,买盘
527,11:18:07,5.28,0.0,154,81312,买盘
528,11:18:33,5.28,0.0,1,528,买盘
529,11:18:57,5.28,0.0,5,2640,买盘
530,11:19:36,5.27,-0.01,38,20026,卖盘
531,11:20:54,5.27,0.0,21,11067,卖盘
532,11:21:22,5.28,0.01,6,3168,买盘
533,11:21:27,5.27,-0.01,10,5270,卖盘
534,11:22:42,5.27,0.0,2,1054,卖盘
535,11:22:49,5.27,0.0,15,7905,卖盘
536,11:24:13,5.27,0.0,20,10540,买盘
537,11:24:42,5.27,0.0,2,1054,买盘
538,11:25:12,5.27,0.0,46,24242,买盘
539,11:25:33,5.26,-0.01,27,14202,卖盘
540,11:27:39,5.28,0.02,166,87559,买盘
541,11:28:27,5.26,-0.02,254,133604,卖盘
542,11:29:57,5.27,0.01,4,2108,买盘
543,13:00:04,5.27,0.0,150,79050,买盘
544,13:00:06,5.27,0.0,15,7905,买盘
545,13:00:16,5.27,0.0,1,527,买盘
546,13:01:21,5.27,0.0,20,10540,买盘
547,13:01:30,5.27,0.0,10,5270,买盘
548,13:02:36,5.27,0.0,10,5270,买盘
549,13:03:39,5.27,0.0,51,26877,买盘
550,13:04:15,5.27,0.0,10,5270,买盘
551,13:04:36,5.27,0.0,10,5270,买盘
552,13:04:39,5.27,0.0,62,32674,买盘
553,13:04:51,5.27,0.0,33,17391,卖盘
554,13:05:12,5.27,0.0,10,5270,买盘
555,13:05:45,5.27,0.0,27,14229,买盘
556,13:08:03,5.27,0.0,19,10013,卖盘
557,13:09:36,5.27,0.0,43,22661,卖盘
558,13:10:04,5.27,0.0,3,1581,卖盘
559,13:10:24,5.27,0.0,10,5270,卖盘
560,13:11:42,5.28,0.01,10,5280,买盘
561,13:11:48,5.27,-0.01,43,22661,卖盘
562,13:12:24,5.28,0.01,2,1056,买盘
563,13:13:21,5.28,0.0,20,10560,买盘
564,13:13:39,5.27,-0.01,10,5270,卖盘
565,13:14:33,5.28,0.01,10,5280,买盘
566,13:14:39,5.27,-0.01,410,216070,卖盘
567,13:15:15,5.28,0.01,18,9504,买盘
568,13:15:18,5.27,-0.01,6,3162,卖盘
569,13:15:31,5.27,0.0,6,3162,卖盘
570,13:15:36,5.28,0.01,100,52800,买盘
571,13:16:04,5.28,0.0,1,528,买盘
572,13:16:06,5.28,0.0,20,10560,买盘
573,13:16:18,5.28,0.0,6,3168,买盘
574,13:16:33,5.27,-0.01,9,4743,卖盘
575,13:17:06,5.28,0.01,16,8445,买盘
576,13:17:57,5.28,0.0,219,115432,买盘
577,13:18:03,5.27,-0.01,15,7905,卖盘
578,13:18:09,5.27,0.0,10,5270,买盘
579,13:18:36,5.27,0.0,5,2635,买盘
580,13:18:51,5.27,0.0,10,5270,卖盘
581,13:19:42,5.27,0.0,195,102765,卖盘
582,13:19:58,5.27,0.0,5,2635,买盘
583,13:20:18,5.27,0.0,5,2635,卖盘
584,13:20:55,5.27,0.0,3,1581,买盘
585,13:21:03,5.26,-0.01,20,10520,卖盘
586,13:21:30,5.27,0.01,20,10540,买盘
587,13:21:42,5.27,0.0,2,1054,买盘
588,13:22:00,5.27,0.0,10,5270,买盘
589,13:23:36,5.27,0.0,50,26350,买盘
590,13:23:39,5.27,0.0,38,20026,买盘
591,13:23:54,5.28,0.01,20,10560,买盘
592,13:27:01,5.28,0.0,2,1056,买盘
593,13:27:15,5.27,-0.01,25,13175,卖盘
594,13:27:19,5.27,0.0,39,20553,卖盘
595,13:27:30,5.27,0.0,15,7905,卖盘
596,13:27:33,5.27,0.0,33,17391,卖盘
597,13:27:54,5.26,-0.01,21,11046,卖盘
598,13:28:03,5.27,0.01,236,124372,买盘
599,13:28:57,5.27,0.0,33,17391,买盘
600,13:30:15,5.27,0.0,14,7378,买盘
601,13:31:04,5.26,-0.01,25,13150,卖盘
602,13:32:30,5.26,0.0,27,14202,卖盘
603,13:33:30,5.26,0.0,16,8416,卖盘
604,13:34:15,5.26,0.0,26,13676,卖盘
605,13:34:36,5.26,0.0,17,8942,卖盘
606,13:34:45,5.27,0.01,68,35836,买盘
607,13:35:30,5.27,0.0,33,17391,买盘
608,13:35:54,5.26,-0.01,318,167163,卖盘
609,13:36:09,5.26,0.0,20,10520,买盘
610,13:36:21,5.25,-0.01,36,18900,卖盘
611,13:37:04,5.26,0.01,18,9468,买盘
612,13:37:22,5.25,-0.01,142,74550,卖盘
613,13:37:25,5.26,0.01,5,2630,买盘
614,13:37:42,5.26,0.0,3,1578,买盘
615,13:38:21,5.26,0.0,76,39976,买盘
616,13:38:57,5.25,-0.01,10,5250,卖盘
617,13:39:24,5.25,0.0,67,35175,卖盘
618,13:40:00,5.25,0.0,19,9975,卖盘
619,13:40:15,5.25,0.0,1,525,卖盘
620,13:41:06,5.26,0.01,83,43658,买盘
621,13:42:09,5.25,-0.01,84,44245,卖盘
622,13:42:36,5.25,0.0,85,44625,卖盘
623,13:43:00,5.25,0.0,2,1050,卖盘
624,13:43:39,5.25,0.0,10,5250,卖盘
625,13:44:24,5.25,0.0,8,4200,卖盘
626,13:45:15,5.26,0.01,10,5260,买盘
627,13:46:18,5.26,0.0,5,2630,买盘
628,13:46:31,5.25,-0.01,1,525,卖盘
629,13:47:00,5.25,0.0,86,45150,卖盘
630,13:48:06,5.25,0.0,70,36750,卖盘
631,13:48:30,5.25,0.0,21,11025,卖盘
632,13:48:33,5.26,0.01,30,15780,买盘
633,13:50:51,5.25,-0.01,4,2100,卖盘
634,13:52:15,5.25,0.0,112,58800,卖盘
635,13:52:21,5.25,0.0,38,19950,卖盘
636,13:52:30,5.26,0.01,5,2630,买盘
637,13:52:33,5.25,-0.01,2,1050,卖盘
638,13:52:45,5.25,0.0,120,63000,卖盘
639,13:53:04,5.25,0.0,6,3045,卖盘
640,13:53:15,5.24,-0.01,5,2620,卖盘
641,13:54:30,5.24,0.0,10,5240,卖盘
642,13:54:48,5.24,0.0,45,23580,卖盘
643,13:54:54,5.24,0.0,28,14672,卖盘
644,13:55:18,5.24,0.0,122,63928,卖盘
645,13:55:22,5.24,0.0,30,15720,卖盘
646,13:55:27,5.24,0.0,11,5764,卖盘
647,13:56:00,5.24,0.0,8,4192,卖盘
648,13:56:42,5.23,-0.01,50,26150,卖盘
649,13:56:45,5.24,0.01,14,7336,买盘
650,13:57:00,5.24,0.0,68,35565,买盘
651,13:57:51,5.24,0.0,109,57116,买盘
652,13:58:27,5.24,0.0,24,12576,卖盘
653,13:59:09,5.24,0.0,18,9432,中性盘
654,13:59:18,5.24,0.0,49,25676,买盘
655,14:00:21,5.24,0.0,56,29344,卖盘
656,14:00:36,5.24,0.0,168,88032,买盘
657,14:02:00,5.23,-0.01,2,1046,卖盘
658,14:02:33,5.23,0.0,5,2615,卖盘
659,14:03:01,5.23,0.0,10,5230,卖盘
660,14:03:04,5.23,0.0,30,15690,卖盘
661,14:03:24,5.23,0.0,81,42363,卖盘
662,14:03:30,5.23,0.0,91,47593,卖盘
663,14:03:33,5.23,0.0,11,5753,卖盘
664,14:03:42,5.23,0.0,84,43932,买盘
665,14:05:09,5.24,0.01,5,2620,买盘
666,14:05:52,5.24,0.0,21,10993,买盘
667,14:06:00,5.24,0.0,50,26200,买盘
668,14:06:42,5.24,0.0,7,3668,买盘
669,14:06:52,5.24,0.0,80,41920,买盘
670,14:06:57,5.24,0.0,57,29868,买盘
671,14:07:00,5.24,0.0,26,13622,买盘
672,14:08:21,5.25,0.01,6,3150,买盘
673,14:09:09,5.25,0.0,5,2625,买盘
674,14:09:27,5.25,0.0,265,139125,买盘
675,14:09:30,5.25,0.0,8,4200,买盘
676,14:10:09,5.25,0.0,30,15749,买盘
677,14:11:01,5.24,-0.01,4,2096,卖盘
678,14:11:04,5.25,0.01,4,2100,买盘
679,14:11:12,5.25,0.0,4,2100,买盘
680,14:11:18,5.25,0.0,14,7350,买盘
681,14:11:45,5.25,0.0,20,10500,买盘
682,14:11:48,5.24,-0.01,22,11528,卖盘
683,14:12:06,5.25,0.01,7,3675,买盘
684,14:12:39,5.25,0.0,46,24150,买盘
685,14:12:42,5.25,0.0,2,1050,买盘
686,14:12:45,5.24,-0.01,50,26200,卖盘
687,14:14:48,5.24,0.0,62,32488,卖盘
688,14:16:30,5.24,0.0,3,1572,卖盘
689,14:16:48,5.24,0.0,5,2620,卖盘
690,14:17:57,5.24,0.0,10,5240,卖盘
691,14:18:51,5.24,0.0,50,26200,卖盘
692,14:19:03,5.24,0.0,30,15720,卖盘
693,14:20:04,5.24,0.0,10,5240,卖盘
694,14:20:27,5.24,0.0,18,9432,卖盘
695,14:20:30,5.24,0.0,60,31440,卖盘
696,14:20:36,5.24,0.0,5,2620,买盘
697,14:21:27,5.24,0.0,10,5240,买盘
698,14:21:30,5.24,0.0,34,17816,买盘
699,14:21:51,5.24,0.0,10,5240,买盘
700,14:22:15,5.24,0.0,5,2620,买盘
701,14:22:30,5.24,0.0,10,5240,买盘
702,14:22:49,5.24,0.0,29,15196,买盘
703,14:23:24,5.24,0.0,5,2620,卖盘
704,14:23:27,5.24,0.0,15,7860,买盘
705,14:23:30,5.24,0.0,20,10480,卖盘
706,14:23:45,5.25,0.01,25,13125,买盘
707,14:24:57,5.25,0.0,60,31605,买盘
708,14:25:15,5.25,0.0,8,4200,卖盘
709,14:25:30,5.25,0.0,71,37275,卖盘
710,14:25:33,5.25,0.0,6,3150,卖盘
711,14:25:39,5.25,0.0,94,49245,卖盘
712,14:26:09,5.24,-0.01,20,10480,卖盘
713,14:27:25,5.24,0.0,21,11004,卖盘
714,14:27:42,5.24,0.0,5,2620,卖盘
715,14:27:48,5.24,0.0,10,5240,卖盘
716,14:28:27,5.24,0.0,7,3668,卖盘
717,14:28:48,5.24,0.0,24,12576,卖盘
718,14:29:12,5.24,0.0,7,3668,买盘
719,14:29:39,5.24,0.0,8,4192,买盘
720,14:29:48,5.24,0.0,80,41920,买盘
721,14:29:54,5.24,0.0,9,4716,买盘
722,14:30:27,5.24,0.0,27,14148,卖盘
723,14:30:36,5.24,0.0,12,6288,卖盘
724,14:30:45,5.24,0.0,12,6288,卖盘
725,14:31:00,5.24,0.0,5,2620,买盘
726,14:31:27,5.24,0.0,28,14672,买盘
727,14:31:51,5.24,0.0,22,11528,卖盘
728,14:31:57,5.24,0.0,10,5240,买盘
729,14:32:54,5.24,0.0,59,30916,买盘
730,14:32:57,5.24,0.0,39,20436,买盘
731,14:33:00,5.24,0.0,100,52400,卖盘
732,14:33:18,5.24,0.0,1,524,卖盘
733,14:35:00,5.25,0.01,5,2625,买盘
734,14:35:27,5.25,0.0,52,27300,买盘
735,14:36:33,5.25,0.0,52,27300,买盘
736,14:37:12,5.25,0.0,10,5250,买盘
737,14:37:24,5.25,0.0,19,9975,买盘
738,14:37:48,5.25,0.0,197,103403,买盘
739,14:38:15,5.25,0.0,20,10500,买盘
740,14:38:21,5.25,0.0,50,26250,买盘
741,14:38:33,5.25,0.0,20,10500,买盘
742,14:38:46,5.25,0.0,39,20475,买盘
743,14:38:48,5.25,0.0,5,2625,买盘
744,14:38:54,5.25,0.0,33,17430,买盘
745,14:39:07,5.26,0.01,52,27352,买盘
746,14:39:36,5.26,0.0,20,10520,买盘
747,14:40:06,5.26,0.0,8,4208,买盘
748,14:40:19,5.26,0.0,185,97310,买盘
749,14:40:25,5.26,0.0,20,10520,买盘
750,14:40:46,5.27,0.01,159,83793,买盘
751,14:40:48,5.27,0.0,53,27931,买盘
752,14:41:09,5.27,0.0,9,4743,买盘
753,14:41:27,5.28,0.01,3,1584,买盘
754,14:41:45,5.28,0.0,48,25344,买盘
755,14:42:04,5.28,0.0,70,36960,买盘
756,14:42:45,5.28,0.0,1,528,买盘
757,14:42:48,5.27,-0.01,300,158100,卖盘
758,14:42:54,5.27,0.0,23,12121,卖盘
759,14:43:16,5.27,0.0,21,11067,卖盘
760,14:43:21,5.27,0.0,3,1581,卖盘
761,14:43:33,5.27,0.0,1,527,买盘
762,14:44:04,5.26,-0.01,24,12624,卖盘
763,14:44:33,5.26,0.0,10,5260,买盘
764,14:44:39,5.26,0.0,1,526,买盘
765,14:44:54,5.26,0.0,13,6838,买盘
766,14:45:00,5.26,0.0,10,5260,买盘
767,14:45:15,5.26,0.0,53,27878,买盘
768,14:45:24,5.26,0.0,5,2630,买盘
769,14:45:27,5.25,-0.01,55,28876,卖盘
770,14:45:33,5.28,0.03,850,448090,买盘
771,14:45:57,5.26,-0.02,30,15780,买盘
772,14:46:06,5.26,0.0,1,526,卖盘
773,14:46:16,5.28,0.02,4,2112,买盘
774,14:46:42,5.28,0.0,2,1056,买盘
775,14:46:48,5.28,0.0,5,2640,买盘
776,14:47:04,5.28,0.0,42,22176,买盘
777,14:47:33,5.28,0.0,8,4224,买盘
778,14:47:45,5.28,0.0,10,5280,买盘
779,14:47:54,5.28,0.0,250,132000,买盘
780,14:47:57,5.27,-0.01,9,4743,卖盘
781,14:48:18,5.28,0.01,23,12144,买盘
782,14:48:39,5.28,0.0,27,14256,买盘
783,14:48:51,5.28,0.0,20,10560,买盘
784,14:48:57,5.28,0.0,50,26400,买盘
785,14:49:30,5.28,0.0,10,5280,买盘
786,14:49:33,5.28,0.0,5,2640,买盘
787,14:49:36,5.28,0.0,30,15840,买盘
788,14:49:45,5.28,0.0,107,56395,买盘
789,14:49:54,5.27,-0.01,113,59551,卖盘
790,14:50:06,5.27,0.0,200,105400,买盘
791,14:50:15,5.27,0.0,18,9486,买盘
792,14:50:18,5.27,0.0,8,4216,卖盘
793,14:50:28,5.27,0.0,10,5270,卖盘
794,14:50:31,5.27,0.0,20,10540,卖盘
795,14:51:00,5.27,0.0,30,15810,卖盘
796,14:51:06,5.27,0.0,25,13175,卖盘
797,14:51:18,5.27,0.0,12,6324,卖盘
798,14:51:21,5.27,0.0,50,26350,卖盘
799,14:51:28,5.27,0.0,31,16337,卖盘
800,14:51:30,5.27,0.0,18,9486,卖盘
801,14:51:33,5.28,0.01,2,1056,买盘
802,14:51:45,5.27,-0.01,6,3162,卖盘
803,14:52:15,5.28,0.01,268,141504,买盘
804,14:52:21,5.28,0.0,60,31680,买盘
805,14:52:36,5.28,0.0,4,2112,买盘
806,14:52:39,5.28,0.0,102,53856,买盘
807,14:52:45,5.28,0.0,34,17938,买盘
808,14:53:00,5.28,0.0,4,2112,买盘
809,14:53:04,5.28,0.0,2,1056,买盘
810,14:53:09,5.28,0.0,2,1056,买盘
811,14:53:22,5.27,-0.01,123,64935,卖盘
812,14:53:25,5.28,0.01,20,10560,买盘
813,14:53:28,5.27,-0.01,97,51119,卖盘
814,14:53:31,5.27,0.0,44,23188,卖盘
815,14:53:36,5.27,0.0,21,11067,卖盘
816,14:54:06,5.27,0.0,7,3690,卖盘
817,14:54:09,5.28,0.01,500,263900,买盘
818,14:54:15,5.27,-0.01,9,4745,卖盘
819,14:54:18,5.27,0.0,53,27931,卖盘
820,14:54:21,5.27,0.0,42,22134,卖盘
821,14:54:45,5.28,0.01,23,12144,买盘
822,14:54:51,5.28,0.0,20,10560,买盘
823,14:54:54,5.27,-0.01,15,7905,卖盘
824,14:55:06,5.28,0.01,271,143062,买盘
825,14:55:09,5.27,-0.01,82,43312,卖盘
826,14:55:12,5.28,0.01,11,5808,买盘
827,14:55:22,5.28,0.0,7,3696,买盘
828,14:55:33,5.28,0.0,144,76032,买盘
829,14:55:36,5.27,-0.01,40,21080,卖盘
830,14:55:39,5.28,0.01,10,5280,买盘
831,14:55:43,5.28,0.0,55,29040,买盘
832,14:55:48,5.28,0.0,4,2112,买盘
833,14:55:51,5.28,0.0,61,32208,买盘
834,14:55:57,5.28,0.0,7,3696,买盘
835,14:56:04,5.28,0.0,13,6864,买盘
836,14:56:06,5.28,0.0,53,27984,买盘
837,14:56:12,5.28,0.0,10,5280,买盘
838,14:56:18,5.28,0.0,40,21094,买盘
839,14:56:21,5.28,0.0,13,6864,卖盘
840,14:56:33,5.28,0.0,4,2112,卖盘
841,14:56:39,5.28,0.0,23,12170,卖盘
842,14:56:48,5.28,0.0,37,19510,买盘
843,14:56:51,5.29,0.01,77,40733,买盘
844,14:56:54,5.28,-0.01,58,30624,卖盘
845,14:56:57,5.28,0.0,15,7920,卖盘
846,15:00:04,5.28,0.0,705,372240,卖盘
