,time,price,change,volume,amount,type
0,09:25:04,4.04,0.09,646,260984,卖盘
1,09:30:04,4.04,0.0,584,236179,卖盘
2,09:30:06,4.04,0.0,77,31133,卖盘
3,09:30:09,4.04,0.0,59,23836,卖盘
4,09:30:12,4.04,0.0,140,56560,卖盘
5,09:30:18,4.04,0.0,9,3630,买盘
6,09:30:21,4.04,0.0,91,36724,买盘
7,09:30:24,4.03,-0.01,20,8060,卖盘
8,09:30:28,4.03,0.0,11,4433,卖盘
9,09:30:30,4.03,0.0,52,20956,卖盘
10,09:30:40,4.03,0.0,75,30225,卖盘
11,09:30:48,4.03,0.0,140,56420,卖盘
12,09:30:51,4.03,0.0,60,24180,卖盘
13,09:30:54,4.03,0.0,21,8463,卖盘
14,09:30:57,4.03,0.0,267,107601,卖盘
15,09:31:06,4.03,0.0,200,80600,买盘
16,09:31:09,4.03,0.0,100,40284,买盘
17,09:31:12,4.03,0.0,1,403,买盘
18,09:31:18,4.02,-0.01,10,4020,买盘
19,09:31:27,4.02,0.0,20,8040,买盘
20,09:31:33,4.02,0.0,15,6030,卖盘
21,09:31:40,4.02,0.0,5,2010,买盘
22,09:31:42,4.01,-0.01,50,20050,卖盘
23,09:31:48,4.03,0.02,446,179465,买盘
24,09:31:51,4.03,0.0,54,21762,卖盘
25,09:31:54,4.02,-0.01,14,5628,卖盘
26,09:31:57,4.02,0.0,5,2010,卖盘
27,09:32:00,4.03,0.01,9,3619,买盘
28,09:32:03,4.03,0.0,3,1209,买盘
29,09:32:07,4.03,0.0,49,19747,买盘
30,09:32:12,4.02,-0.01,111,44622,卖盘
31,09:32:15,4.01,-0.01,12,4812,卖盘
32,09:32:18,4.01,0.0,392,157192,卖盘
33,09:32:34,4.01,0.0,51,20455,卖盘
34,09:32:36,4.01,0.0,7,2807,买盘
35,09:32:39,4.01,0.0,6,2406,买盘
36,09:32:57,4.02,0.01,107,43014,买盘
37,09:33:00,4.02,0.0,1,402,买盘
38,09:33:04,4.02,0.0,50,20100,买盘
39,09:33:09,4.02,0.0,50,20100,买盘
40,09:33:12,4.02,0.0,65,26130,买盘
41,09:33:15,4.02,0.0,25,10050,买盘
42,09:33:18,4.01,-0.01,5,2005,卖盘
43,09:33:24,4.02,0.01,3,1206,买盘
44,09:33:33,4.02,0.0,26,10452,买盘
45,09:33:40,4.02,0.0,25,10050,买盘
46,09:33:42,4.02,0.0,10,4020,买盘
47,09:33:45,4.02,0.0,255,102258,买盘
48,09:33:48,4.01,-0.01,1,401,卖盘
49,09:33:57,4.01,0.0,33,13233,卖盘
50,09:34:00,4.01,0.0,40,16040,卖盘
51,09:34:04,4.02,0.01,5,2010,买盘
52,09:34:06,4.01,-0.01,80,32080,卖盘
53,09:34:09,4.02,0.01,200,80400,买盘
54,09:34:21,4.02,0.0,46,18492,买盘
55,09:34:27,4.02,0.0,1,402,买盘
56,09:34:33,4.02,0.0,388,155592,买盘
57,09:34:51,4.02,0.0,37,14874,买盘
58,09:34:54,4.01,-0.01,69,27669,卖盘
59,09:34:57,4.01,0.0,24,9624,买盘
60,09:35:04,4.01,0.0,37,14837,买盘
61,09:35:18,4.02,0.01,200,80400,买盘
62,09:35:21,4.01,-0.01,5,2005,卖盘
63,09:35:27,4.02,0.01,1,402,买盘
64,09:35:30,4.02,0.0,4,1608,买盘
65,09:35:36,4.02,0.0,10,4020,买盘
66,09:35:39,4.01,-0.01,5,2005,卖盘
67,09:35:51,4.01,0.0,95,38095,卖盘
68,09:35:55,4.02,0.01,246,98892,买盘
69,09:35:57,4.02,0.0,36,14472,卖盘
70,09:36:00,4.01,-0.01,21,8421,卖盘
71,09:36:04,4.02,0.01,54,21708,买盘
72,09:36:06,4.02,0.0,6,2412,卖盘
73,09:36:09,4.01,-0.01,64,25664,卖盘
74,09:36:13,4.02,0.01,10,4020,买盘
75,09:36:18,4.02,0.0,49,19698,买盘
76,09:36:21,4.02,0.0,15,6030,买盘
77,09:36:24,4.02,0.0,4,1608,买盘
78,09:36:30,4.02,0.0,1,402,买盘
79,09:36:54,4.02,0.0,37,14874,买盘
80,09:36:57,4.02,0.0,3,1206,买盘
81,09:37:00,4.02,0.0,1,402,买盘
82,09:37:09,4.01,-0.01,10,4010,卖盘
83,09:37:24,4.01,0.0,10,4010,卖盘
84,09:37:27,4.02,0.01,145,58290,买盘
85,09:37:30,4.02,0.0,4,1608,买盘
86,09:37:33,4.01,-0.01,30,12030,卖盘
87,09:37:45,4.02,0.01,20,8040,买盘
88,09:37:54,4.02,0.0,4,1608,买盘
89,09:38:00,4.02,0.0,1,402,买盘
90,09:38:18,4.01,-0.01,150,60150,卖盘
91,09:38:21,4.02,0.01,271,108942,买盘
92,09:38:24,4.03,0.01,3,1209,买盘
93,09:38:27,4.03,0.0,1,403,买盘
94,09:38:30,4.02,-0.01,142,57084,卖盘
95,09:38:54,4.02,0.0,1,402,买盘
96,09:39:00,4.02,0.0,28,11256,买盘
97,09:39:09,4.01,-0.01,49,19649,卖盘
98,09:39:12,4.01,0.0,1,401,卖盘
99,09:39:30,4.02,0.01,4,1608,买盘
100,09:39:33,4.02,0.0,1,402,买盘
101,09:39:51,4.02,0.0,30,12060,买盘
102,09:39:54,4.02,0.0,1,402,买盘
103,09:39:57,4.02,0.0,3,1206,买盘
104,09:40:12,4.01,-0.01,2,802,卖盘
105,09:40:21,4.01,0.0,200,80200,卖盘
106,09:40:27,4.02,0.01,23,9246,买盘
107,09:40:30,4.01,-0.01,5,2005,卖盘
108,09:40:42,4.02,0.01,29,11658,买盘
109,09:40:55,4.01,-0.01,10,4010,卖盘
110,09:40:57,4.02,0.01,75,30150,买盘
111,09:41:00,4.01,-0.01,51,20452,卖盘
112,09:41:04,4.01,0.0,5,2009,卖盘
113,09:41:09,4.01,0.0,100,40100,卖盘
114,09:41:15,4.01,0.0,1,401,卖盘
115,09:41:24,4.02,0.01,49,19698,买盘
116,09:41:27,4.02,0.0,5,2008,买盘
117,09:41:30,4.02,0.0,32,12864,买盘
118,09:41:51,4.02,0.0,39,15678,买盘
119,09:41:54,4.02,0.0,1,402,买盘
120,09:42:00,4.02,0.0,3,1206,买盘
121,09:42:12,4.02,0.0,40,16080,买盘
122,09:42:18,4.01,-0.01,6,2406,卖盘
123,09:42:27,4.02,0.01,1,402,买盘
124,09:42:31,4.02,0.0,4,1608,买盘
125,09:43:03,4.02,0.0,4,1608,买盘
126,09:43:09,4.01,-0.01,16,6416,卖盘
127,09:43:15,4.02,0.01,11,4422,买盘
128,09:43:21,4.01,-0.01,10,4010,卖盘
129,09:43:24,4.02,0.01,1,402,买盘
130,09:43:30,4.02,0.0,4,1608,买盘
131,09:43:36,4.01,-0.01,10,4010,卖盘
132,09:43:51,4.01,0.0,105,42105,卖盘
133,09:44:00,4.02,0.01,1,402,买盘
134,09:44:04,4.02,0.0,3,1206,买盘
135,09:44:06,4.01,-0.01,200,80200,卖盘
136,09:44:12,4.01,0.0,10,4010,卖盘
137,09:44:18,4.01,0.0,305,122305,卖盘
138,09:44:21,4.01,0.0,80,32080,卖盘
139,09:44:24,4.0,-0.01,5,2003,卖盘
140,09:44:45,4.0,0.0,24,9600,卖盘
141,09:45:00,4.01,0.01,9,3609,买盘
142,09:45:06,4.0,-0.01,10,4000,卖盘
143,09:45:21,4.01,0.01,26,10426,买盘
144,09:45:24,4.0,-0.01,1,400,卖盘
145,09:45:27,4.0,0.0,31,12401,卖盘
146,09:45:33,4.01,0.01,77,30877,买盘
147,09:45:54,4.01,0.0,16,6416,买盘
148,09:45:57,4.01,0.0,15,6015,买盘
149,09:46:06,4.0,-0.01,17,6800,卖盘
150,09:46:18,4.01,0.01,30,12030,买盘
151,09:46:24,4.01,0.0,104,41704,买盘
152,09:46:27,4.01,0.0,1,401,买盘
153,09:46:40,4.01,0.0,197,78997,买盘
154,09:46:45,4.01,0.0,23,9223,卖盘
155,09:46:51,4.01,0.0,4,1604,卖盘
156,09:47:00,4.02,0.01,3,1206,买盘
157,09:47:04,4.02,0.0,1,402,买盘
158,09:47:12,4.01,-0.01,286,114686,卖盘
159,09:47:25,4.01,0.0,70,28070,买盘
160,09:47:30,4.01,0.0,4,1604,买盘
161,09:47:33,4.01,0.0,4,1604,买盘
162,09:47:39,4.01,0.0,57,22857,买盘
163,09:47:51,4.0,-0.01,56,22400,卖盘
164,09:47:54,4.01,0.01,4,1604,买盘
165,09:48:00,4.01,0.0,1,401,买盘
166,09:48:21,4.01,0.0,50,20050,买盘
167,09:48:30,4.01,0.0,3,1203,买盘
168,09:48:33,4.01,0.0,38,15238,买盘
169,09:48:42,4.01,0.0,100,40100,买盘
170,09:49:04,4.01,0.0,105,42105,买盘
171,09:49:06,4.01,0.0,100,40100,买盘
172,09:49:16,4.01,0.0,47,18847,买盘
173,09:49:24,4.02,0.01,3,1206,买盘
174,09:49:30,4.02,0.0,1,402,买盘
175,09:49:42,4.01,-0.01,10,4010,卖盘
176,09:49:45,4.02,0.01,56,22512,买盘
177,09:49:58,4.02,0.0,100,40200,买盘
178,09:50:01,4.02,0.0,4,1608,买盘
179,09:50:09,4.01,-0.01,100,40100,卖盘
180,09:50:33,4.02,0.01,1,402,买盘
181,09:50:36,4.02,0.0,4,1608,买盘
182,09:51:04,4.01,-0.01,12,4816,卖盘
183,09:51:09,4.01,0.0,14,5614,卖盘
184,09:51:12,4.01,0.0,140,56140,卖盘
185,09:51:15,4.01,0.0,74,29674,卖盘
186,09:51:27,4.02,0.01,3,1206,买盘
187,09:51:31,4.02,0.0,1,402,买盘
188,09:51:55,4.02,0.0,5,2010,买盘
189,09:52:12,4.01,-0.01,9,3609,卖盘
190,09:52:18,4.01,0.0,11,4411,卖盘
191,09:52:24,4.02,0.01,3,1206,买盘
192,09:52:33,4.02,0.0,1,402,买盘
193,09:52:45,4.01,-0.01,73,29273,卖盘
194,09:52:48,4.01,0.0,35,14055,卖盘
195,09:52:51,4.01,0.0,2,802,买盘
196,09:53:04,4.01,0.0,3,1203,买盘
197,09:53:15,4.0,-0.01,144,57600,卖盘
198,09:53:27,4.0,0.0,40,16000,卖盘
199,09:53:30,4.01,0.01,10,4010,买盘
200,09:53:33,4.0,-0.01,4,1600,卖盘
201,09:53:36,4.01,0.01,10,4010,买盘
202,09:53:51,4.01,0.0,20,8020,买盘
203,09:53:54,4.01,0.0,32,12832,买盘
204,09:54:06,4.01,0.0,1,401,买盘
205,09:54:13,4.0,-0.01,3,1200,卖盘
206,09:54:15,4.01,0.01,150,60150,买盘
207,09:54:21,4.0,-0.01,100,40000,卖盘
208,09:54:24,4.01,0.01,13,5213,买盘
209,09:54:27,4.01,0.0,3,1203,买盘
210,09:54:33,4.01,0.0,1,401,买盘
211,09:54:48,4.0,-0.01,20,8000,卖盘
212,09:54:54,4.01,0.01,1,401,买盘
213,09:54:57,4.01,0.0,63,25263,买盘
214,09:55:04,4.0,-0.01,716,286400,卖盘
215,09:55:06,4.01,0.01,4,1604,买盘
216,09:55:21,4.0,-0.01,400,160000,卖盘
217,09:55:24,4.0,0.0,130,52000,卖盘
218,09:55:28,4.0,0.0,526,210483,卖盘
219,09:55:30,4.0,0.0,176,70401,卖盘
220,09:55:33,4.0,0.0,125,49920,卖盘
221,09:55:42,4.0,0.0,1,400,买盘
222,09:55:54,3.99,-0.01,64,25536,卖盘
223,09:55:57,4.0,0.01,1,400,买盘
224,09:56:06,3.99,-0.01,50,19950,卖盘
225,09:56:12,4.0,0.01,1,400,买盘
226,09:56:33,3.99,-0.01,1,399,卖盘
227,09:56:42,3.99,0.0,200,79800,卖盘
228,09:56:48,3.99,0.0,12,4788,卖盘
229,09:56:54,3.99,0.0,50,19950,卖盘
230,09:57:12,4.0,0.01,30,11990,买盘
231,09:57:15,3.99,-0.01,30,11970,卖盘
232,09:57:27,3.99,0.0,25,9975,卖盘
233,09:57:33,4.0,0.01,10,4000,买盘
234,09:57:42,4.0,0.0,25,10000,买盘
235,09:57:54,4.0,0.0,100,40000,买盘
236,09:57:57,4.0,0.0,1,400,买盘
237,09:58:00,4.0,0.0,15,6000,买盘
238,09:58:04,4.0,0.0,151,60400,买盘
239,09:58:06,4.0,0.0,28,11200,买盘
240,09:58:09,4.0,0.0,35,14000,买盘
241,09:58:12,4.0,0.0,9,3600,买盘
242,09:58:15,4.0,0.0,12,4800,买盘
243,09:58:18,4.0,0.0,5,2000,买盘
244,09:58:27,4.0,0.0,100,40000,买盘
245,09:58:30,4.0,0.0,55,22000,买盘
246,09:59:00,4.0,0.0,192,76800,卖盘
247,09:59:09,4.01,0.01,29,11629,买盘
248,09:59:21,4.0,-0.01,56,22450,卖盘
249,09:59:30,4.0,0.0,1,400,卖盘
250,09:59:36,4.01,0.01,11,4411,买盘
251,09:59:39,4.0,-0.01,60,24000,卖盘
252,09:59:45,4.0,0.0,26,10400,卖盘
253,09:59:48,4.0,0.0,126,50400,卖盘
254,09:59:51,4.0,0.0,50,20000,卖盘
255,09:59:54,4.0,0.0,10,4000,卖盘
256,09:59:57,4.0,0.0,10,4000,卖盘
257,10:00:00,4.0,0.0,2,800,卖盘
258,10:00:27,4.0,0.0,12,4800,卖盘
259,10:00:30,4.0,0.0,16,6412,卖盘
260,10:00:33,4.0,0.0,310,124000,卖盘
261,10:00:42,4.0,0.0,111,44400,买盘
262,10:01:33,4.0,0.0,2,800,买盘
263,10:01:40,4.0,0.0,25,10000,买盘
264,10:02:03,4.0,0.0,6,2400,买盘
265,10:02:27,3.99,-0.01,10,3990,卖盘
266,10:02:45,3.99,0.0,90,35910,卖盘
267,10:04:01,3.99,0.0,12,4788,卖盘
268,10:04:24,3.99,0.0,375,149625,卖盘
269,10:04:27,4.0,0.01,100,40000,买盘
270,10:04:37,3.99,-0.01,126,50274,卖盘
271,10:04:42,3.99,0.0,9,3591,卖盘
272,10:05:27,3.98,-0.01,20,7960,卖盘
273,10:05:39,3.98,0.0,20,7960,卖盘
274,10:05:51,3.99,0.01,400,159600,买盘
275,10:05:54,3.99,0.0,105,41795,买盘
276,10:06:18,3.99,0.0,35,13965,卖盘
277,10:06:21,3.99,0.0,11,4389,卖盘
278,10:06:24,3.99,0.0,54,21546,买盘
279,10:07:45,3.99,0.0,10,3990,买盘
280,10:08:24,3.98,-0.01,106,42188,卖盘
281,10:09:12,3.98,0.0,30,11940,卖盘
282,10:09:15,3.98,0.0,2,796,卖盘
283,10:09:57,3.98,0.0,17,6766,卖盘
284,10:10:27,3.99,0.01,8,3192,买盘
285,10:10:30,3.99,0.0,37,14763,买盘
286,10:10:33,3.99,0.0,1,399,买盘
287,10:10:42,3.98,-0.01,67,26666,卖盘
288,10:11:12,3.99,0.01,17,6783,买盘
289,10:11:54,3.99,0.0,21,8379,买盘
290,10:12:04,3.99,0.0,93,37107,买盘
291,10:12:18,3.99,0.0,6,2394,卖盘
292,10:12:22,3.99,0.0,59,23541,卖盘
293,10:12:25,4.0,0.01,4,1600,买盘
294,10:13:04,4.0,0.0,5,2000,买盘
295,10:13:39,4.0,0.0,151,60400,买盘
296,10:14:00,3.99,-0.01,10,3990,卖盘
297,10:14:15,3.99,0.0,13,5187,卖盘
298,10:14:39,3.99,0.0,30,11970,卖盘
299,10:15:30,3.99,0.0,172,68628,卖盘
300,10:15:33,3.99,0.0,172,68628,卖盘
301,10:15:54,3.99,0.0,87,34713,卖盘
302,10:16:09,3.99,0.0,11,4389,卖盘
303,10:16:12,3.99,0.0,18,7182,卖盘
304,10:16:15,3.99,0.0,22,8778,卖盘
305,10:16:21,3.99,0.0,20,7980,买盘
306,10:18:36,3.99,0.0,20,7980,买盘
307,10:18:48,3.98,-0.01,55,21890,卖盘
308,10:19:15,3.98,0.0,12,4776,卖盘
309,10:20:12,3.99,0.01,5,1995,买盘
310,10:20:21,3.99,0.0,10,3990,买盘
311,10:20:27,3.98,-0.01,1,398,卖盘
312,10:20:36,3.99,0.01,2,798,买盘
313,10:21:03,3.99,0.0,58,23142,买盘
314,10:21:06,3.99,0.0,50,19950,买盘
315,10:21:54,3.98,-0.01,200,79600,卖盘
316,10:22:15,3.99,0.01,10,3990,买盘
317,10:23:06,3.98,-0.01,135,53730,卖盘
318,10:23:24,3.98,0.0,60,23880,卖盘
319,10:23:39,3.98,0.0,275,109450,卖盘
320,10:23:55,3.98,0.0,25,9950,卖盘
321,10:24:39,3.98,0.0,7,2792,卖盘
322,10:25:36,3.99,0.01,3,1197,买盘
323,10:25:39,3.98,-0.01,100,39800,卖盘
324,10:26:12,3.98,0.0,347,138116,卖盘
325,10:26:33,3.98,0.0,60,23880,卖盘
326,10:27:10,3.99,0.01,30,11970,买盘
327,10:27:24,3.99,0.0,1,399,买盘
328,10:28:06,3.98,-0.01,17,6779,卖盘
329,10:29:13,3.99,0.01,30,11970,买盘
330,10:29:27,3.98,-0.01,350,139300,卖盘
331,10:29:33,3.98,0.0,60,23880,卖盘
332,10:30:06,3.99,0.01,30,11970,买盘
333,10:31:06,3.99,0.0,5,1995,买盘
334,10:31:43,3.99,0.0,12,4788,买盘
335,10:31:46,3.99,0.0,7,2793,买盘
336,10:32:15,3.98,-0.01,18,7164,卖盘
337,10:32:37,3.99,0.01,100,39900,买盘
338,10:32:42,3.98,-0.01,107,42586,卖盘
339,10:33:09,3.99,0.01,100,39900,买盘
340,10:33:57,3.98,-0.01,4,1592,卖盘
341,10:34:21,3.98,0.0,258,102684,卖盘
342,10:36:00,3.98,0.0,10,3980,卖盘
343,10:36:03,3.99,0.01,124,49476,买盘
344,10:36:15,3.99,0.0,7,2793,买盘
345,10:36:48,3.99,0.0,8,3192,买盘
346,10:37:06,3.99,0.0,55,21945,买盘
347,10:37:24,3.99,0.0,3,1197,买盘
348,10:37:58,3.99,0.0,30,11970,买盘
349,10:38:00,3.99,0.0,1,399,买盘
350,10:38:09,3.99,0.0,15,5985,买盘
351,10:38:19,3.99,0.0,25,9975,买盘
352,10:38:31,3.99,0.0,140,55860,买盘
353,10:38:48,3.99,0.0,106,42294,买盘
354,10:38:58,3.99,0.0,100,39900,卖盘
355,10:39:57,3.99,0.0,1,399,卖盘
356,10:40:00,3.99,0.0,1,399,卖盘
357,10:40:45,3.99,0.0,52,20748,卖盘
358,10:40:48,4.0,0.01,25,10000,买盘
359,10:41:06,3.99,-0.01,20,7980,卖盘
360,10:41:42,3.99,0.0,16,6384,卖盘
361,10:41:48,4.0,0.01,500,200000,买盘
362,10:41:54,3.99,-0.01,110,43890,卖盘
363,10:42:24,3.99,0.0,2,798,卖盘
364,10:42:48,3.99,0.0,4,1596,买盘
365,10:43:15,4.0,0.01,4,1600,买盘
366,10:43:19,4.0,0.0,10,4000,买盘
367,10:43:54,3.99,-0.01,4,1596,卖盘
368,10:45:04,3.99,0.0,129,51471,卖盘
369,10:45:57,3.99,0.0,289,115311,买盘
370,10:46:03,3.99,0.0,20,7980,买盘
371,10:46:09,3.98,-0.01,20,7960,卖盘
372,10:47:06,3.98,0.0,10,3980,卖盘
373,10:47:21,3.98,0.0,11,4378,卖盘
374,10:48:00,3.99,0.01,5,1995,买盘
375,10:49:06,3.98,-0.01,50,19900,卖盘
376,10:49:12,3.98,0.0,144,57320,卖盘
377,10:49:15,3.98,0.0,90,35820,卖盘
378,10:49:21,3.98,0.0,169,67262,卖盘
379,10:50:12,3.98,0.0,60,23880,卖盘
380,10:50:21,3.99,0.01,100,39900,买盘
381,10:50:48,3.98,-0.01,300,119400,卖盘
382,10:51:00,3.98,0.0,9,3582,卖盘
383,10:51:04,3.99,0.01,52,20748,买盘
384,10:52:18,3.98,-0.01,5,1990,卖盘
385,10:52:24,3.98,0.0,58,23084,卖盘
386,10:52:48,3.98,0.0,170,67660,卖盘
387,10:53:10,3.98,0.0,50,19900,卖盘
388,10:54:28,3.98,0.0,50,19900,卖盘
389,10:56:00,3.98,0.0,32,12736,卖盘
390,10:58:09,3.98,0.0,10,3980,卖盘
391,10:58:12,3.98,0.0,10,3980,卖盘
392,10:58:15,3.98,0.0,2,796,卖盘
393,10:58:18,3.98,0.0,2,796,卖盘
394,10:58:33,3.98,0.0,128,50944,卖盘
395,10:59:24,3.97,-0.01,12,4764,卖盘
396,10:59:33,3.97,0.0,101,40097,卖盘
397,11:00:21,3.97,0.0,23,9131,卖盘
398,11:00:45,3.97,0.0,218,86546,卖盘
399,11:01:18,3.97,0.0,103,40891,卖盘
400,11:02:24,3.97,0.0,83,32951,卖盘
401,11:02:30,3.97,0.0,10,3970,卖盘
402,11:03:09,3.98,0.01,26,10348,买盘
403,11:03:51,3.98,0.0,2,796,买盘
404,11:04:01,3.97,-0.01,10,3970,卖盘
405,11:04:33,3.97,0.0,150,59550,卖盘
406,11:04:39,3.98,0.01,1,398,买盘
407,11:06:12,3.97,-0.01,60,23820,卖盘
408,11:07:27,3.98,0.01,360,143280,买盘
409,11:07:39,3.98,0.0,230,91540,买盘
410,11:08:27,3.98,0.0,1,398,卖盘
411,11:08:30,3.98,0.0,3,1194,卖盘
412,11:08:33,3.98,0.0,1,398,卖盘
413,11:08:36,3.98,0.0,2,796,卖盘
414,11:08:39,3.98,0.0,4,1592,卖盘
415,11:08:42,3.98,0.0,3,1194,卖盘
416,11:08:45,3.98,0.0,55,21890,卖盘
417,11:08:48,3.98,0.0,3,1194,卖盘
418,11:08:51,3.98,0.0,3,1194,卖盘
419,11:08:54,3.98,0.0,11,4378,卖盘
420,11:11:00,3.98,0.0,6,2388,买盘
421,11:12:51,3.98,0.0,29,11542,买盘
422,11:13:42,3.97,-0.01,473,187781,卖盘
423,11:13:48,3.97,0.0,100,39700,买盘
424,11:14:39,3.96,-0.01,1423,563508,卖盘
425,11:16:15,3.97,0.01,2,794,卖盘
426,11:16:48,3.97,0.0,3,1191,卖盘
427,11:18:12,3.98,0.01,562,223676,买盘
428,11:18:51,3.98,0.0,2,796,买盘
429,11:20:49,3.98,0.0,4,1592,买盘
430,11:20:54,3.98,0.0,5,1990,买盘
431,11:21:15,3.98,0.0,4,1592,买盘
432,11:21:24,3.97,-0.01,60,23820,卖盘
433,11:22:24,3.98,0.01,72,28656,买盘
434,11:23:39,3.97,-0.01,1,397,卖盘
435,11:24:27,3.97,0.0,60,23820,卖盘
436,11:24:30,3.97,0.0,8,3176,卖盘
437,11:25:45,3.97,0.0,22,8734,卖盘
438,11:27:39,3.98,0.01,10,3980,买盘
439,11:28:45,3.98,0.0,100,39800,买盘
440,11:28:54,3.97,-0.01,3,1191,卖盘
441,13:00:04,3.98,0.01,100,39799,买盘
442,13:00:12,3.98,0.0,5,1990,买盘
443,13:01:57,3.98,0.0,5,1990,买盘
444,13:04:27,3.98,0.0,7,2786,买盘
445,13:04:39,3.98,0.0,11,4378,买盘
446,13:04:51,3.98,0.0,3,1194,买盘
447,13:04:54,3.97,-0.01,20,7940,卖盘
448,13:05:39,3.98,0.01,17,6766,买盘
449,13:06:06,3.97,-0.01,29,11513,卖盘
450,13:06:51,3.98,0.01,7,2786,买盘
451,13:07:24,3.97,-0.01,5,1985,卖盘
452,13:07:39,3.98,0.01,13,5174,买盘
453,13:07:51,3.98,0.0,13,5174,买盘
454,13:07:57,3.98,0.0,12,4776,买盘
455,13:10:57,3.98,0.0,6,2388,买盘
456,13:11:03,3.97,-0.01,100,39700,卖盘
457,13:11:45,3.97,0.0,250,99250,卖盘
458,13:12:00,3.97,0.0,50,19850,卖盘
459,13:12:06,3.97,0.0,29,11513,卖盘
460,13:12:12,3.97,0.0,50,19850,卖盘
461,13:12:27,3.97,0.0,80,31760,卖盘
462,13:12:30,3.97,0.0,55,21835,卖盘
463,13:12:39,3.97,0.0,100,39700,卖盘
464,13:12:42,3.97,0.0,46,18262,卖盘
465,13:14:30,3.97,0.0,30,11910,买盘
466,13:14:48,3.97,0.0,2,794,买盘
467,13:15:09,3.97,0.0,10,3970,买盘
468,13:17:15,3.97,0.0,31,12307,买盘
469,13:18:03,3.96,-0.01,20,7920,卖盘
470,13:18:18,3.97,0.01,15,5955,买盘
471,13:18:36,3.96,-0.01,500,198000,卖盘
472,13:19:00,3.97,0.01,3,1191,买盘
473,13:19:33,3.96,-0.01,500,198000,卖盘
474,13:19:54,3.96,0.0,2,792,卖盘
475,13:20:00,3.96,0.0,1,396,卖盘
476,13:20:06,3.96,0.0,38,15048,卖盘
477,13:20:16,3.96,0.0,9,3564,卖盘
478,13:21:33,3.97,0.01,12,4764,买盘
479,13:21:39,3.96,-0.01,60,23760,卖盘
480,13:21:51,3.96,0.0,50,19800,卖盘
481,13:21:55,3.96,0.0,29,11484,卖盘
482,13:22:18,3.96,0.0,106,41876,买盘
483,13:22:33,3.96,0.0,5,1980,买盘
484,13:23:57,3.96,0.0,4,1584,买盘
485,13:24:00,3.96,0.0,26,10296,买盘
486,13:24:12,3.96,0.0,50,19800,买盘
487,13:24:36,3.96,0.0,2,792,买盘
488,13:24:54,3.96,0.0,2,792,卖盘
489,13:25:00,3.97,0.01,30,11910,买盘
490,13:25:27,3.96,-0.01,1,396,卖盘
491,13:26:06,3.96,0.0,29,11484,卖盘
492,13:26:09,3.97,0.01,1,397,买盘
493,13:26:48,3.97,0.0,1,397,买盘
494,13:27:39,3.97,0.0,9,3573,买盘
495,13:28:39,3.96,-0.01,6,2376,卖盘
496,13:28:48,3.96,0.0,78,30888,卖盘
497,13:28:57,3.96,0.0,47,18612,卖盘
498,13:29:18,3.96,0.0,135,53460,卖盘
499,13:29:30,3.96,0.0,20,7920,买盘
500,13:29:51,3.95,-0.01,1,395,卖盘
501,13:30:06,3.95,0.0,133,52535,卖盘
502,13:30:15,3.95,0.0,3,1185,卖盘
503,13:30:24,3.95,0.0,49,19393,卖盘
504,13:30:33,3.95,0.0,50,19750,卖盘
505,13:31:00,3.95,0.0,80,31600,卖盘
506,13:32:06,3.95,0.0,29,11455,卖盘
507,13:32:36,3.96,0.01,100,39600,买盘
508,13:32:51,3.96,0.0,100,39600,买盘
509,13:33:09,3.96,0.0,10,3960,买盘
510,13:33:18,3.96,0.0,13,5148,买盘
511,13:33:27,3.96,0.0,56,22176,买盘
512,13:33:33,3.96,0.0,33,13068,买盘
513,13:34:03,3.95,-0.01,10,3950,卖盘
514,13:34:45,3.95,0.0,362,142990,卖盘
515,13:34:54,3.96,0.01,10,3960,买盘
516,13:35:00,3.95,-0.01,70,27650,卖盘
517,13:35:03,3.96,0.01,190,75240,买盘
518,13:35:21,3.96,0.0,50,19800,买盘
519,13:35:58,3.95,-0.01,100,39500,卖盘
520,13:36:01,3.95,0.0,84,33180,卖盘
521,13:36:04,3.95,0.0,8,3160,卖盘
522,13:37:12,3.95,0.0,58,22910,卖盘
523,13:37:48,3.94,-0.01,30,11820,卖盘
524,13:37:57,3.95,0.01,5,1975,买盘
525,13:39:18,3.95,0.0,44,17380,买盘
526,13:39:54,3.95,0.0,10,3950,买盘
527,13:40:00,3.95,0.0,143,56485,买盘
528,13:40:27,3.95,0.0,10,3950,买盘
529,13:40:39,3.95,0.0,22,8690,买盘
530,13:40:54,3.95,0.0,10,3950,买盘
531,13:40:57,3.95,0.0,10,3950,买盘
532,13:41:00,3.95,0.0,14,5530,买盘
533,13:41:21,3.95,0.0,50,19750,卖盘
534,13:41:27,3.95,0.0,46,18170,卖盘
535,13:41:48,3.95,0.0,11,4345,买盘
536,13:41:54,3.95,0.0,13,5135,买盘
537,13:41:57,3.95,0.0,2,790,卖盘
538,13:42:06,3.95,0.0,48,18960,卖盘
539,13:42:54,3.96,0.01,146,57816,买盘
540,13:43:21,3.96,0.0,23,9108,买盘
541,13:43:24,3.96,0.0,30,11880,买盘
542,13:43:27,3.96,0.0,16,6336,买盘
543,13:43:45,3.95,-0.01,200,79000,卖盘
544,13:43:54,3.96,0.01,47,18612,买盘
545,13:44:30,3.96,0.0,14,5544,卖盘
546,13:44:48,3.96,0.0,1,396,卖盘
547,13:44:51,3.96,0.0,1,396,卖盘
548,13:44:54,3.96,0.0,3,1188,卖盘
549,13:45:01,3.96,0.0,6,2376,卖盘
550,13:45:04,3.96,0.0,3,1188,卖盘
551,13:45:06,3.96,0.0,8,3168,卖盘
552,13:45:09,3.96,0.0,6,2376,卖盘
553,13:45:45,3.96,0.0,3,1188,卖盘
554,13:45:54,3.96,0.0,1,396,卖盘
555,13:46:06,3.96,0.0,83,32868,卖盘
556,13:46:09,3.96,0.0,1,396,卖盘
557,13:46:51,3.96,0.0,60,23760,卖盘
558,13:47:00,3.96,0.0,1,396,买盘
559,13:47:24,3.96,0.0,5,1980,买盘
560,13:47:30,3.96,0.0,20,7920,买盘
561,13:48:00,3.95,-0.01,5,1975,卖盘
562,13:48:06,3.95,0.0,29,11455,卖盘
563,13:48:48,3.96,0.01,45,17820,买盘
564,13:49:28,3.96,0.0,1,396,卖盘
565,13:49:54,3.96,0.0,20,7920,卖盘
566,13:50:12,3.96,0.0,21,8316,卖盘
567,13:50:15,3.96,0.0,50,19800,卖盘
568,13:50:57,3.96,0.0,1,396,卖盘
569,13:51:00,3.96,0.0,64,25344,卖盘
570,13:51:09,3.96,0.0,11,4356,买盘
571,13:51:18,3.96,0.0,30,11880,买盘
572,13:52:18,3.96,0.0,2,792,买盘
573,13:53:48,3.95,-0.01,110,43450,卖盘
574,13:54:06,3.95,0.0,29,11455,卖盘
575,13:54:24,3.96,0.01,3,1188,买盘
576,13:54:39,3.95,-0.01,10,3950,卖盘
577,13:56:18,3.96,0.01,110,43560,买盘
578,13:57:36,3.95,-0.01,117,46315,卖盘
579,13:57:48,3.95,0.0,11,4345,卖盘
580,13:58:12,3.95,0.0,10,3950,卖盘
581,14:00:06,3.95,0.0,28,11060,卖盘
582,14:00:15,3.95,0.0,50,19750,卖盘
583,14:00:18,3.95,0.0,17,6715,卖盘
584,14:00:48,3.95,0.0,83,32785,卖盘
585,14:00:57,3.95,0.0,5,1975,卖盘
586,14:01:00,3.95,0.0,1,395,卖盘
587,14:01:03,3.95,0.0,160,63200,卖盘
588,14:01:09,3.95,0.0,35,13825,卖盘
589,14:01:15,3.96,0.01,13,5148,买盘
590,14:01:18,3.95,-0.01,34,13430,卖盘
591,14:01:21,3.95,0.0,44,17380,卖盘
592,14:01:24,3.95,0.0,67,26465,卖盘
593,14:01:27,3.95,0.0,44,17380,卖盘
594,14:01:33,3.95,0.0,35,13825,卖盘
595,14:01:36,3.95,0.0,77,30415,卖盘
596,14:01:39,3.95,0.0,67,26465,卖盘
597,14:01:42,3.95,0.0,52,20540,卖盘
598,14:01:45,3.95,0.0,16,6320,卖盘
599,14:01:52,3.95,0.0,50,19750,卖盘
600,14:02:00,3.95,0.0,63,24885,卖盘
601,14:02:04,3.95,0.0,50,19750,卖盘
602,14:02:06,3.95,0.0,35,13825,卖盘
603,14:02:09,3.95,0.0,100,39500,卖盘
604,14:02:15,3.95,0.0,16,6320,卖盘
605,14:02:24,3.95,0.0,18,7110,卖盘
606,14:02:33,3.95,0.0,37,14615,卖盘
607,14:02:36,3.95,0.0,13,5135,卖盘
608,14:02:43,3.95,0.0,15,5925,卖盘
609,14:02:57,3.95,0.0,1000,395000,卖盘
610,14:03:00,3.95,0.0,178,70310,卖盘
611,14:03:04,3.95,0.0,151,59645,卖盘
612,14:03:06,3.95,0.0,250,98750,卖盘
613,14:03:09,3.95,0.0,35,13825,卖盘
614,14:03:12,3.95,0.0,30,11850,买盘
615,14:03:28,3.94,-0.01,130,51220,卖盘
616,14:03:31,3.94,0.0,2,788,卖盘
617,14:03:33,3.94,0.0,6,2364,卖盘
618,14:03:45,3.94,0.0,10,3940,卖盘
619,14:04:09,3.94,0.0,100,39400,卖盘
620,14:04:27,3.94,0.0,98,38612,卖盘
621,14:04:36,3.94,0.0,6,2364,买盘
622,14:04:45,3.94,0.0,96,37824,买盘
623,14:04:54,3.94,0.0,2,788,卖盘
624,14:04:57,3.94,0.0,50,19700,卖盘
625,14:05:18,3.94,0.0,10,3940,卖盘
626,14:05:54,3.95,0.01,50,19750,买盘
627,14:06:06,3.94,-0.01,29,11426,卖盘
628,14:07:12,3.94,0.0,11,4334,卖盘
629,14:07:24,3.94,0.0,25,9850,卖盘
630,14:07:42,3.95,0.01,20,7900,买盘
631,14:09:12,3.95,0.0,2,790,买盘
632,14:09:21,3.95,0.0,50,19750,买盘
633,14:09:33,3.94,-0.01,4,1576,卖盘
634,14:10:04,3.95,0.01,30,11850,买盘
635,14:10:21,3.95,0.0,3,1185,买盘
636,14:10:57,3.95,0.0,4,1580,买盘
637,14:11:09,3.94,-0.01,85,33490,卖盘
638,14:11:12,3.94,0.0,32,12623,卖盘
639,14:11:33,3.95,0.01,12,4730,买盘
640,14:11:36,3.94,-0.01,3,1182,卖盘
641,14:12:06,3.94,0.0,29,11426,卖盘
642,14:12:09,3.94,0.0,190,74860,卖盘
643,14:12:12,3.94,0.0,248,97712,卖盘
644,14:12:36,3.94,0.0,27,10638,买盘
645,14:13:09,3.94,0.0,5,1970,买盘
646,14:14:10,3.93,-0.01,6,2358,卖盘
647,14:14:46,3.93,0.0,2,786,卖盘
648,14:15:12,3.94,0.01,248,97492,买盘
649,14:15:24,3.94,0.0,28,11032,买盘
650,14:15:33,3.94,0.0,3,1182,买盘
651,14:15:51,3.94,0.0,10,3940,买盘
652,14:15:57,3.94,0.0,2,788,买盘
653,14:16:43,3.93,-0.01,124,48732,卖盘
654,14:17:18,3.93,0.0,48,18864,卖盘
655,14:17:27,3.93,0.0,10,3930,卖盘
656,14:17:33,3.93,0.0,25,9825,卖盘
657,14:17:40,3.93,0.0,1,393,卖盘
658,14:17:46,3.93,0.0,62,24366,卖盘
659,14:17:54,3.94,0.01,50,19699,买盘
660,14:18:00,3.94,0.0,26,10244,卖盘
661,14:18:06,3.94,0.0,29,11426,卖盘
662,14:18:18,3.95,0.01,1,395,买盘
663,14:18:27,3.95,0.0,1,395,买盘
664,14:19:00,3.95,0.0,25,9875,买盘
665,14:19:06,3.94,-0.01,5,1970,卖盘
666,14:20:09,3.94,0.0,200,78800,卖盘
667,14:20:12,3.94,0.0,1,394,卖盘
668,14:20:51,3.94,0.0,5,1970,卖盘
669,14:21:04,3.94,0.0,19,7486,买盘
670,14:21:15,3.94,0.0,30,11820,买盘
671,14:21:21,3.94,0.0,49,19306,买盘
672,14:22:39,3.94,0.0,41,16154,卖盘
673,14:23:36,3.95,0.01,10,3950,买盘
674,14:24:06,3.94,-0.01,29,11426,卖盘
675,14:26:06,3.94,0.0,17,6698,卖盘
676,14:27:30,3.94,0.0,20,7880,卖盘
677,14:27:45,3.95,0.01,12,4740,买盘
678,14:28:33,3.94,-0.01,450,177300,卖盘
679,14:28:42,3.95,0.01,1,395,买盘
680,14:28:45,3.94,-0.01,9,3546,卖盘
681,14:29:00,3.95,0.01,1,395,买盘
682,14:29:21,3.94,-0.01,60,23640,卖盘
683,14:29:51,3.94,0.0,10,3940,卖盘
684,14:29:54,3.94,0.0,30,11820,卖盘
685,14:30:06,3.94,0.0,28,11032,卖盘
686,14:30:09,3.94,0.0,29,11426,卖盘
687,14:30:12,3.94,0.0,5,1970,卖盘
688,14:30:24,3.94,0.0,2,788,卖盘
689,14:30:27,3.94,0.0,2,788,卖盘
690,14:30:30,3.94,0.0,5,1970,卖盘
691,14:30:33,3.94,0.0,29,11426,卖盘
692,14:30:45,3.93,-0.01,3,1179,卖盘
693,14:30:51,3.93,0.0,2,786,卖盘
694,14:30:57,3.93,0.0,2,786,卖盘
695,14:31:00,3.93,0.0,119,46767,卖盘
696,14:31:04,3.93,0.0,44,17292,卖盘
697,14:31:06,3.93,0.0,537,211041,卖盘
698,14:31:09,3.92,-0.01,2,784,卖盘
699,14:31:24,3.92,0.0,70,27440,卖盘
700,14:31:27,3.92,0.0,83,32536,卖盘
701,14:31:30,3.92,0.0,139,54488,买盘
702,14:31:36,3.91,-0.01,140,54740,卖盘
703,14:31:42,3.92,0.01,10,3920,买盘
704,14:32:21,3.92,0.0,1,392,买盘
705,14:32:27,3.91,-0.01,1,391,卖盘
706,14:32:30,3.91,0.0,80,31280,卖盘
707,14:32:33,3.92,0.01,9,3528,买盘
708,14:32:36,3.92,0.0,1,392,卖盘
709,14:33:21,3.92,0.0,88,34496,买盘
710,14:33:24,3.92,0.0,50,19600,卖盘
711,14:33:33,3.92,0.0,1,392,卖盘
712,14:33:36,3.92,0.0,6,2352,卖盘
713,14:33:39,3.92,0.0,6,2352,卖盘
714,14:33:42,3.92,0.0,4,1568,卖盘
715,14:33:46,3.92,0.0,2,784,卖盘
716,14:33:51,3.92,0.0,95,37240,卖盘
717,14:34:24,3.91,-0.01,20,7820,卖盘
718,14:34:33,3.92,0.01,1,392,买盘
719,14:34:40,3.91,-0.01,100,39100,卖盘
720,14:35:24,3.92,0.01,20,7840,买盘
721,14:35:39,3.92,0.0,17,6664,买盘
722,14:36:00,3.92,0.0,5,1960,买盘
723,14:36:04,3.92,0.0,9,3528,买盘
724,14:36:06,3.91,-0.01,29,11339,卖盘
725,14:36:21,3.91,0.0,31,12121,卖盘
726,14:36:24,3.92,0.01,4,1568,买盘
727,14:36:27,3.92,0.0,10,3920,买盘
728,14:36:37,3.91,-0.01,100,39100,卖盘
729,14:37:03,3.92,0.01,15,5880,买盘
730,14:37:06,3.92,0.0,23,9016,买盘
731,14:37:12,3.92,0.0,82,32144,买盘
732,14:37:15,3.92,0.0,2,784,买盘
733,14:37:18,3.92,0.0,57,22344,买盘
734,14:37:42,3.92,0.0,29,11368,卖盘
735,14:37:48,3.93,0.01,1,393,买盘
736,14:37:57,3.92,-0.01,20,7840,卖盘
737,14:38:06,3.93,0.01,1,393,买盘
738,14:38:09,3.93,0.0,30,11790,买盘
739,14:38:15,3.93,0.0,20,7860,买盘
740,14:38:21,3.93,0.0,200,78600,买盘
741,14:38:30,3.93,0.0,24,9432,买盘
742,14:38:36,3.93,0.0,7,2751,买盘
743,14:38:43,3.93,0.0,10,3930,卖盘
744,14:38:51,3.93,0.0,42,16506,卖盘
745,14:38:57,3.94,0.01,15,5910,买盘
746,14:39:09,3.94,0.0,153,60282,买盘
747,14:39:24,3.94,0.0,2,788,买盘
748,14:39:30,3.94,0.0,100,39400,买盘
749,14:39:48,3.93,-0.01,3,1179,卖盘
750,14:39:51,3.93,0.0,12,4716,卖盘
751,14:40:30,3.94,0.01,10,3940,买盘
752,14:41:12,3.93,-0.01,29,11397,卖盘
753,14:41:15,3.93,0.0,15,5895,卖盘
754,14:41:33,3.93,0.0,5,1965,卖盘
755,14:41:36,3.93,0.0,50,19650,卖盘
756,14:41:45,3.93,0.0,7,2751,卖盘
757,14:42:04,3.93,0.0,76,29868,卖盘
758,14:42:27,3.93,0.0,5,1965,买盘
759,14:43:09,3.93,0.0,1,393,买盘
760,14:43:18,3.93,0.0,25,9825,买盘
761,14:43:30,3.92,-0.01,10,3920,卖盘
762,14:43:39,3.93,0.01,10,3930,买盘
763,14:43:45,3.93,0.0,250,98250,买盘
764,14:43:54,3.93,0.0,50,19650,买盘
765,14:44:06,3.92,-0.01,39,15288,卖盘
766,14:44:12,3.92,0.0,100,39200,卖盘
767,14:44:15,3.93,0.01,20,7860,买盘
768,14:44:30,3.93,0.0,8,3144,买盘
769,14:44:52,3.92,-0.01,1,392,卖盘
770,14:44:57,3.93,0.01,5,1965,买盘
771,14:45:06,3.92,-0.01,4,1568,卖盘
772,14:45:24,3.92,0.0,6,2352,卖盘
773,14:45:27,3.93,0.01,2,786,买盘
774,14:45:30,3.93,0.0,100,39300,买盘
775,14:45:42,3.93,0.0,3,1179,买盘
776,14:45:48,3.92,-0.01,36,14112,卖盘
777,14:46:00,3.92,0.0,4,1568,卖盘
778,14:46:15,3.92,0.0,4,1568,卖盘
779,14:46:18,3.92,0.0,17,6664,卖盘
780,14:46:21,3.92,0.0,94,36848,卖盘
781,14:46:24,3.92,0.0,151,59192,卖盘
782,14:46:27,3.92,0.0,72,28224,卖盘
783,14:46:31,3.92,0.0,50,19600,卖盘
784,14:46:34,3.92,0.0,22,8624,卖盘
785,14:46:36,3.92,0.0,14,5488,卖盘
786,14:46:39,3.91,-0.01,95,37238,卖盘
787,14:46:42,3.91,0.0,87,34017,卖盘
788,14:46:45,3.91,0.0,34,13294,卖盘
789,14:46:48,3.91,0.0,32,12512,卖盘
790,14:46:52,3.91,0.0,288,112608,卖盘
791,14:46:54,3.9,-0.01,62,24180,卖盘
792,14:46:57,3.9,0.0,45,17550,卖盘
793,14:47:00,3.9,0.0,45,17550,卖盘
794,14:47:03,3.9,0.0,66,25740,卖盘
795,14:47:06,3.9,0.0,81,31610,卖盘
796,14:47:09,3.9,0.0,41,15990,卖盘
797,14:47:12,3.9,0.0,35,13650,卖盘
798,14:47:15,3.9,0.0,4,1560,卖盘
799,14:47:21,3.9,0.0,10,3900,卖盘
800,14:47:24,3.91,0.01,30,11730,买盘
801,14:47:39,3.9,-0.01,26,10140,卖盘
802,14:47:42,3.9,0.0,3,1170,卖盘
803,14:47:48,3.9,0.0,90,35100,卖盘
804,14:47:57,3.91,0.01,10,3910,买盘
805,14:48:06,3.91,0.0,11,4301,买盘
806,14:48:12,3.91,0.0,18,7030,买盘
807,14:48:18,3.91,0.0,1,391,买盘
808,14:48:21,3.91,0.0,11,4291,买盘
809,14:48:24,3.9,-0.01,1,390,卖盘
810,14:48:27,3.91,0.01,1,391,买盘
811,14:48:34,3.9,-0.01,83,32370,卖盘
812,14:48:45,3.9,0.0,50,19500,卖盘
813,14:48:51,3.9,0.0,20,7800,卖盘
814,14:49:18,3.9,0.0,10,3900,卖盘
815,14:49:24,3.9,0.0,3,1170,卖盘
816,14:49:27,3.9,0.0,6,2340,卖盘
817,14:49:31,3.9,0.0,82,31980,卖盘
818,14:49:33,3.9,0.0,53,20670,卖盘
819,14:49:36,3.9,0.0,5,1950,卖盘
820,14:49:42,3.9,0.0,68,26520,卖盘
821,14:49:45,3.9,0.0,43,16770,卖盘
822,14:50:04,3.91,0.01,40,15640,买盘
823,14:50:06,3.9,-0.01,30,11701,卖盘
824,14:50:09,3.9,0.0,6,2342,卖盘
825,14:50:12,3.91,0.01,43,16771,买盘
826,14:50:15,3.9,-0.01,130,50700,卖盘
827,14:50:39,3.9,0.0,2,781,卖盘
828,14:50:42,3.91,0.01,1,391,买盘
829,14:50:48,3.91,0.0,20,7820,买盘
830,14:51:04,3.91,0.0,5,1955,买盘
831,14:51:09,3.91,0.0,12,4692,买盘
832,14:51:12,3.91,0.0,263,102832,买盘
833,14:51:15,3.91,0.0,50,19550,买盘
834,14:51:24,3.91,0.0,20,7820,买盘
835,14:51:27,3.9,-0.01,50,19500,卖盘
836,14:51:33,3.91,0.01,21,8211,买盘
837,14:51:39,3.91,0.0,30,11730,买盘
838,14:51:42,3.91,0.0,58,22677,买盘
839,14:51:51,3.9,-0.01,145,56550,卖盘
840,14:51:57,3.91,0.01,7,2737,买盘
841,14:52:09,3.91,0.0,5,1955,卖盘
842,14:52:12,3.91,0.0,2,781,买盘
843,14:52:15,3.91,0.0,1,391,买盘
844,14:52:21,3.91,0.0,99,38709,买盘
845,14:52:30,3.91,0.0,51,19941,买盘
846,14:52:33,3.9,-0.01,5,1950,卖盘
847,14:52:36,3.9,0.0,17,6630,卖盘
848,14:52:54,3.91,0.01,2,781,买盘
849,14:53:12,3.91,0.0,3,1173,买盘
850,14:53:15,3.91,0.0,4,1564,买盘
851,14:53:21,3.9,-0.01,79,30810,卖盘
852,14:53:24,3.91,0.01,102,39782,买盘
853,14:53:30,3.9,-0.01,50,19500,卖盘
854,14:53:36,3.9,0.0,801,312390,卖盘
855,14:53:39,3.9,0.0,150,58500,买盘
856,14:53:45,3.89,-0.01,100,38900,卖盘
857,14:53:51,3.9,0.01,10,3900,买盘
858,14:54:06,3.89,-0.01,29,11281,卖盘
859,14:54:12,3.9,0.01,1,390,买盘
860,14:54:15,3.89,-0.01,10,3890,卖盘
861,14:54:18,3.89,0.0,21,8169,卖盘
862,14:54:21,3.89,0.0,48,18672,卖盘
863,14:54:27,3.89,0.0,50,19450,卖盘
864,14:54:30,3.89,0.0,140,54460,卖盘
865,14:54:48,3.9,0.01,28,10920,买盘
866,14:54:51,3.89,-0.01,20,7780,卖盘
867,14:54:54,3.9,0.01,3,1170,买盘
868,14:54:57,3.89,-0.01,50,19450,卖盘
869,14:55:06,3.89,0.0,6,2334,卖盘
870,14:55:09,3.9,0.01,13,5067,买盘
871,14:55:12,3.89,-0.01,137,53293,卖盘
872,14:55:15,3.89,0.0,49,19061,卖盘
873,14:55:27,3.89,0.0,35,13615,买盘
874,14:55:30,3.89,0.0,45,17505,买盘
875,14:55:39,3.89,0.0,10,3890,买盘
876,14:55:45,3.89,0.0,26,10114,买盘
877,14:55:51,3.89,0.0,23,8947,买盘
878,14:55:57,3.88,-0.01,160,62080,卖盘
879,14:56:00,3.89,0.01,50,19450,买盘
880,14:56:04,3.89,0.0,28,10892,买盘
881,14:56:06,3.88,-0.01,40,15520,卖盘
882,14:56:10,3.89,0.01,55,21390,买盘
883,14:56:12,3.88,-0.01,268,103984,卖盘
884,14:56:21,3.88,0.0,79,30652,卖盘
885,14:56:24,3.88,0.0,240,93120,卖盘
886,14:56:45,3.88,0.0,140,54320,卖盘
887,14:56:51,3.89,0.01,20,7780,买盘
888,14:56:54,3.88,-0.01,3,1164,卖盘
889,14:56:57,3.89,0.01,9,3501,买盘
890,15:00:04,3.88,-0.01,991,384508,卖盘
