,time,price,change,volume,amount,type
0,09:25:04,32.21,-0.59,466,1503144,买盘
1,09:30:04,32.25,0.04,9,29116,中性盘
2,09:30:07,32.26,0.01,31,100172,中性盘
3,09:30:10,32.33,0.07,4,12927,买盘
4,09:30:19,32.33,0.0,33,106574,买盘
5,09:30:22,32.33,0.0,26,84018,买盘
6,09:30:25,32.33,0.0,42,135786,买盘
7,09:30:28,32.33,0.0,34,109922,买盘
8,09:30:31,32.33,0.0,62,200441,买盘
9,09:30:34,32.4,0.07,8,25920,买盘
10,09:30:40,32.4,0.0,6,19440,卖盘
11,09:30:43,32.48,0.08,1,3248,买盘
12,09:30:55,32.48,0.0,3,9744,卖盘
13,09:30:58,32.48,0.0,1,3248,买盘
14,09:31:01,32.48,0.0,1,3248,买盘
15,09:31:05,32.46,-0.02,1,3246,卖盘
16,09:31:07,32.46,0.0,4,12984,卖盘
17,09:31:10,32.47,0.01,15,48695,买盘
18,09:31:16,32.43,-0.04,2,6486,卖盘
19,09:31:22,32.42,-0.01,8,25936,买盘
20,09:31:25,32.41,-0.01,4,12964,卖盘
21,09:31:28,32.43,0.02,13,42151,买盘
22,09:31:31,32.45,0.02,10,32450,卖盘
23,09:31:34,32.45,0.0,32,103840,卖盘
24,09:31:37,32.41,-0.04,58,188178,卖盘
25,09:31:40,32.41,0.0,11,35651,买盘
26,09:31:43,32.4,-0.01,18,58320,卖盘
27,09:31:46,32.41,0.01,20,64815,买盘
28,09:31:49,32.4,-0.01,6,19445,卖盘
29,09:31:52,32.4,0.0,15,48600,卖盘
30,09:31:55,32.33,-0.07,18,58219,卖盘
31,09:32:01,32.4,0.07,3,9720,买盘
32,09:32:04,32.4,0.0,4,12960,买盘
33,09:32:07,32.4,0.0,45,145767,买盘
34,09:32:10,32.4,0.0,1,3240,卖盘
35,09:32:13,32.4,0.0,8,25920,卖盘
36,09:32:16,32.35,-0.05,18,58287,卖盘
37,09:32:19,32.35,0.0,3,9705,买盘
38,09:32:22,32.4,0.05,20,64800,买盘
39,09:32:25,32.4,0.0,8,25920,卖盘
40,09:32:28,32.4,0.0,7,22682,卖盘
41,09:32:37,32.4,0.0,13,42120,买盘
42,09:32:40,32.4,0.0,6,19440,买盘
43,09:32:46,32.4,0.0,66,214052,卖盘
44,09:33:01,32.45,0.05,19,61593,买盘
45,09:33:07,32.45,0.0,3,9733,买盘
46,09:33:10,32.45,0.0,6,19470,卖盘
47,09:33:22,32.45,0.0,9,29205,卖盘
48,09:33:25,32.45,0.0,21,68145,卖盘
49,09:33:31,32.45,0.0,7,22715,买盘
50,09:33:34,32.44,-0.01,1,3244,卖盘
51,09:33:40,32.48,0.04,1,3248,买盘
52,09:33:46,32.48,0.0,2,6496,买盘
53,09:33:49,32.48,0.0,1,3248,买盘
54,09:33:55,32.56,0.08,3,9767,买盘
55,09:34:01,32.56,0.0,2,6512,买盘
56,09:34:07,32.56,0.0,6,19536,买盘
57,09:34:10,32.59,0.03,39,126932,买盘
58,09:34:13,32.49,-0.1,10,32490,卖盘
59,09:34:22,32.56,0.07,4,13024,买盘
60,09:34:31,32.58,0.02,5,16290,买盘
61,09:34:37,32.58,0.0,15,48852,买盘
62,09:34:40,32.56,-0.02,7,22798,卖盘
63,09:34:46,32.6,0.04,33,107561,买盘
64,09:34:52,32.6,0.0,12,39120,卖盘
65,09:34:55,32.6,0.0,2,6520,卖盘
66,09:34:58,32.64,0.04,8,26112,买盘
67,09:35:01,32.6,-0.04,2,6520,卖盘
68,09:35:07,32.63,0.03,5,16303,中性盘
69,09:35:10,32.63,0.0,10,32630,买盘
70,09:35:13,32.57,-0.06,3,9771,卖盘
71,09:35:28,32.57,0.0,6,19542,卖盘
72,09:35:37,32.57,0.0,24,78187,卖盘
73,09:35:46,32.56,-0.01,27,87912,卖盘
74,09:35:49,32.57,0.01,23,74907,买盘
75,09:35:52,32.5,-0.07,20,65040,卖盘
76,09:36:10,32.59,0.09,9,29327,买盘
77,09:36:22,32.5,-0.09,24,78002,卖盘
78,09:36:25,32.5,0.0,2,6500,买盘
79,09:36:28,32.5,0.0,6,19500,买盘
80,09:36:31,32.5,0.0,3,9750,买盘
81,09:36:34,32.5,0.0,1,3250,买盘
82,09:36:37,32.5,0.0,3,9750,买盘
83,09:36:40,32.46,-0.04,30,97427,卖盘
84,09:36:43,32.5,0.04,1,3250,买盘
85,09:36:55,32.46,-0.04,5,16238,卖盘
86,09:37:01,32.5,0.04,50,162500,买盘
87,09:37:04,32.5,0.0,3,9750,买盘
88,09:37:13,32.5,0.0,8,26002,卖盘
89,09:37:22,32.5,0.0,4,13000,买盘
90,09:37:25,32.58,0.08,2,6516,买盘
91,09:37:58,32.57,-0.01,3,9771,买盘
92,09:38:04,32.54,-0.03,2,6508,卖盘
93,09:38:10,32.52,-0.02,1,3252,卖盘
94,09:38:16,32.54,0.02,3,9762,买盘
95,09:38:19,32.52,-0.02,7,22764,卖盘
96,09:38:22,32.52,0.0,22,71514,买盘
97,09:38:28,32.5,-0.02,15,48750,卖盘
98,09:38:34,32.52,0.02,6,19512,买盘
99,09:38:37,32.5,-0.02,9,29258,卖盘
100,09:38:40,32.5,0.0,5,16250,卖盘
101,09:38:43,32.47,-0.03,2,6495,卖盘
102,09:38:49,32.47,0.0,5,16235,卖盘
103,09:38:55,32.45,-0.02,22,71406,卖盘
104,09:38:58,32.44,-0.01,4,12976,卖盘
105,09:39:01,32.45,0.01,23,74576,买盘
106,09:39:07,32.4,-0.05,18,58328,卖盘
107,09:39:13,32.4,0.0,2,6480,买盘
108,09:39:19,32.36,-0.04,1,3236,卖盘
109,09:39:22,32.34,-0.02,35,113220,卖盘
110,09:39:31,32.33,-0.01,6,19401,卖盘
111,09:39:37,32.34,0.01,5,16170,买盘
112,09:39:40,32.33,-0.01,11,35563,卖盘
113,09:39:43,32.34,0.01,1,3234,买盘
114,09:39:46,32.33,-0.01,28,90524,卖盘
115,09:39:49,32.3,-0.03,7,22610,卖盘
116,09:39:52,32.3,0.0,15,48450,卖盘
117,09:39:55,32.3,0.0,5,16150,买盘
118,09:40:01,32.31,0.01,4,12924,卖盘
119,09:40:04,32.31,0.0,12,38772,卖盘
120,09:40:07,32.31,0.0,3,9693,卖盘
121,09:40:13,32.3,-0.01,5,16150,买盘
122,09:40:22,32.29,-0.01,4,12916,中性盘
123,09:40:25,32.29,0.0,4,12916,买盘
124,09:40:31,32.35,0.06,118,381317,买盘
125,09:40:37,32.36,0.01,12,38821,买盘
126,09:40:43,32.36,0.0,1,3236,买盘
127,09:40:49,32.35,-0.01,38,122931,卖盘
128,09:40:58,32.32,-0.03,1,3232,卖盘
129,09:41:01,32.33,0.01,7,22626,买盘
130,09:41:07,32.32,-0.01,14,45248,买盘
131,09:41:10,32.33,0.01,6,19398,买盘
132,09:41:19,32.3,-0.03,19,61394,卖盘
133,09:41:22,32.33,0.03,41,132436,买盘
134,09:41:25,32.33,0.0,66,213378,买盘
135,09:41:28,32.34,0.01,1,3234,中性盘
136,09:41:31,32.33,-0.01,1,3233,买盘
137,09:41:40,32.35,0.02,11,35585,买盘
138,09:41:43,32.35,0.0,1,3235,买盘
139,09:41:46,32.36,0.01,24,77599,买盘
140,09:41:49,32.33,-0.03,4,12934,卖盘
141,09:41:55,32.33,0.0,6,19398,卖盘
142,09:42:01,32.32,-0.01,7,22628,卖盘
143,09:42:07,32.32,0.0,18,58176,卖盘
144,09:42:13,32.31,-0.01,1,3231,卖盘
145,09:42:16,32.31,0.0,5,16155,卖盘
146,09:42:19,32.31,0.0,2,6462,卖盘
147,09:42:22,32.32,0.01,55,177734,买盘
148,09:42:25,32.31,-0.01,2,6462,中性盘
149,09:42:31,32.3,-0.01,1,3230,卖盘
150,09:42:34,32.3,0.0,5,16150,卖盘
151,09:42:37,32.3,0.0,2,6460,卖盘
152,09:42:40,32.28,-0.02,21,67817,卖盘
153,09:42:43,32.31,0.03,12,38772,买盘
154,09:42:55,32.28,-0.03,1,3228,卖盘
155,09:42:58,32.29,0.01,5,16142,买盘
156,09:43:01,32.26,-0.03,27,87117,卖盘
157,09:43:05,32.2,-0.06,72,232016,卖盘
158,09:43:16,32.18,-0.02,18,57938,卖盘
159,09:43:19,32.18,0.0,15,48270,买盘
160,09:43:22,32.17,-0.01,6,19286,买盘
161,09:43:25,32.17,0.0,19,61115,买盘
162,09:43:28,32.12,-0.05,48,154226,卖盘
163,09:43:31,32.12,0.0,26,83571,卖盘
164,09:43:34,32.17,0.05,59,189465,中性盘
165,09:43:37,32.12,-0.05,27,86771,中性盘
166,09:43:40,32.08,-0.04,128,411024,卖盘
167,09:43:46,32.1,0.02,5,16047,买盘
168,09:43:49,32.08,-0.02,25,80204,卖盘
169,09:43:52,32.09,0.01,1,3209,中性盘
170,09:43:55,32.08,-0.01,3,9626,卖盘
171,09:43:58,32.01,-0.07,91,291437,卖盘
172,09:44:01,32.06,0.05,10,32060,买盘
173,09:44:04,32.01,-0.05,4,12814,卖盘
174,09:44:07,32.01,0.0,12,38422,卖盘
175,09:44:10,32.06,0.05,168,537634,买盘
176,09:44:13,32.09,0.03,43,137866,买盘
177,09:44:16,32.06,-0.03,25,80170,中性盘
178,09:44:19,32.02,-0.04,10,32050,卖盘
179,09:44:22,32.09,0.07,6,19225,买盘
180,09:44:25,32.06,-0.03,15,48090,中性盘
181,09:44:28,32.02,-0.04,24,76895,卖盘
182,09:44:31,32.06,0.04,10,32042,中性盘
183,09:44:34,32.09,0.03,38,121849,买盘
184,09:44:37,32.09,0.0,18,57726,买盘
185,09:44:40,32.09,0.0,2,6418,买盘
186,09:44:43,32.05,-0.04,3,9615,中性盘
187,09:44:49,32.06,0.01,127,407358,买盘
188,09:44:52,32.06,0.0,13,41678,卖盘
189,09:44:55,32.1,0.04,2,6420,买盘
190,09:44:58,32.1,0.0,1,3210,买盘
191,09:45:01,32.07,-0.03,12,39474,卖盘
192,09:45:04,32.12,0.05,3,9636,买盘
193,09:45:07,32.1,-0.02,4,12842,卖盘
194,09:45:10,32.12,0.02,3,9636,买盘
195,09:45:13,32.12,0.0,1,3212,买盘
196,09:45:16,32.12,0.0,5,16060,买盘
197,09:45:19,32.1,-0.02,11,35312,卖盘
198,09:45:22,32.12,0.02,8,25696,买盘
199,09:45:25,32.1,-0.02,4,12840,卖盘
200,09:45:37,32.2,0.1,11,35412,买盘
201,09:45:40,32.2,0.0,14,45080,买盘
202,09:45:58,32.21,0.01,4,12884,卖盘
203,09:46:01,32.2,-0.01,19,61186,卖盘
204,09:46:10,32.25,0.05,1,3225,卖盘
205,09:46:13,32.25,0.0,1,3225,中性盘
206,09:46:25,32.21,-0.04,3,9671,卖盘
207,09:46:31,32.21,0.0,8,25793,卖盘
208,09:46:37,32.21,0.0,3,9667,卖盘
209,09:46:40,32.21,0.0,2,6442,卖盘
210,09:46:46,32.25,0.04,2,6450,买盘
211,09:46:52,32.21,-0.04,10,32211,卖盘
212,09:47:01,32.21,0.0,54,173936,卖盘
213,09:47:04,32.05,-0.16,164,526762,卖盘
214,09:47:07,32.22,0.17,10,32219,买盘
215,09:47:10,32.21,-0.01,2,6442,卖盘
216,09:47:19,32.05,-0.16,2,6410,卖盘
217,09:47:22,32.2,0.15,2,6440,买盘
218,09:47:28,32.05,-0.15,7,22436,卖盘
219,09:47:34,32.06,0.01,1,3206,卖盘
220,09:47:46,32.06,0.0,28,89755,卖盘
221,09:47:52,32.06,0.0,26,82394,卖盘
222,09:48:01,32.05,-0.01,1,4166,买盘
223,09:48:07,32.04,-0.01,7,21472,卖盘
224,09:48:10,32.04,0.0,5,16020,卖盘
225,09:48:19,32.06,0.0,17,54510,卖盘
226,09:48:22,32.08,0.02,4,12832,中性盘
227,09:48:25,32.07,-0.01,8,25676,中性盘
228,09:48:28,32.07,0.0,8,25659,卖盘
229,09:48:34,32.07,0.0,12,38484,卖盘
230,09:48:37,32.17,0.1,6,19284,买盘
231,09:48:40,32.07,-0.1,2,6415,卖盘
232,09:48:46,32.17,0.1,5,16085,买盘
233,09:48:49,32.07,-0.1,3,9623,卖盘
234,09:48:52,32.07,0.0,14,44904,卖盘
235,09:48:55,32.16,0.09,1,3216,买盘
236,09:48:58,32.02,-0.14,82,262783,卖盘
237,09:49:04,32.15,0.13,10,32101,中性盘
238,09:49:07,32.15,0.0,2,6430,卖盘
239,09:49:10,32.07,-0.08,2,6414,卖盘
240,09:49:22,32.14,0.07,2,6428,买盘
241,09:49:25,32.1,-0.04,3,9627,中性盘
242,09:49:37,32.07,-0.03,1,3207,买盘
243,09:49:43,32.04,-0.03,4,12816,卖盘
244,09:49:46,32.02,-0.02,49,156925,卖盘
245,09:49:49,32.01,-0.01,31,99240,卖盘
246,09:49:52,32.03,0.02,3,9609,买盘
247,09:49:55,32.04,0.01,23,73646,买盘
248,09:49:58,32.0,-0.04,35,112007,卖盘
249,09:50:04,32.01,0.01,10,32010,买盘
250,09:50:07,32.0,-0.01,23,73600,卖盘
251,09:50:10,32.0,0.0,31,98240,卖盘
252,09:50:16,32.0,0.0,2,6399,买盘
253,09:50:19,31.99,-0.01,2,6398,卖盘
254,09:50:22,31.94,-0.05,9,28750,卖盘
255,09:50:25,31.97,0.03,9,28762,买盘
256,09:50:28,31.97,0.0,6,19187,买盘
257,09:50:31,31.9,-0.07,26,82978,卖盘
258,09:50:34,31.9,0.0,2,6380,买盘
259,09:50:40,31.91,0.01,12,38285,买盘
260,09:50:43,31.91,0.0,29,92539,卖盘
261,09:50:46,31.84,-0.07,36,114756,卖盘
262,09:50:49,31.89,0.05,33,105083,买盘
263,09:50:52,31.83,-0.06,15,47803,卖盘
264,09:50:55,31.83,0.0,20,63687,卖盘
265,09:50:58,31.83,0.0,11,35013,卖盘
266,09:51:01,31.83,0.0,42,133732,卖盘
267,09:51:04,31.8,-0.03,33,104944,卖盘
268,09:51:07,31.83,0.03,20,63624,买盘
269,09:51:10,31.77,-0.06,22,69973,卖盘
270,09:51:13,31.81,0.04,10,31799,中性盘
271,09:51:16,31.77,-0.04,4,12712,卖盘
272,09:51:19,31.77,0.0,6,19066,卖盘
273,09:51:22,31.88,0.11,11,35005,买盘
274,09:51:25,31.8,-0.08,5,15908,卖盘
275,09:51:31,31.76,-0.04,24,76264,卖盘
276,09:51:37,31.81,0.05,16,50896,卖盘
277,09:51:40,31.82,0.01,1,3182,中性盘
278,09:51:43,31.82,0.0,16,50912,卖盘
279,09:51:46,31.88,0.06,19,60466,买盘
280,09:51:49,31.88,0.0,1,3188,买盘
281,09:51:52,31.81,-0.07,12,38184,卖盘
282,09:51:55,31.88,0.07,4,12731,买盘
283,09:51:58,31.76,-0.12,153,485904,卖盘
284,09:52:01,31.82,0.06,2,6365,卖盘
285,09:52:04,31.88,0.06,83,264288,买盘
286,09:52:07,31.83,-0.05,8,25464,卖盘
287,09:52:10,31.81,-0.02,52,165438,卖盘
288,09:52:16,31.81,0.0,15,47721,卖盘
289,09:52:19,31.81,0.0,6,19086,卖盘
290,09:52:22,31.8,-0.01,21,66805,卖盘
291,09:52:25,31.83,0.03,18,57270,买盘
292,09:52:28,31.83,0.0,5,15915,卖盘
293,09:52:31,31.83,0.0,10,31830,卖盘
294,09:52:34,31.81,-0.02,11,35011,卖盘
295,09:52:43,31.88,0.07,9,28687,买盘
296,09:52:49,31.88,0.0,9,28692,卖盘
297,09:52:52,31.88,0.0,12,38256,卖盘
298,09:52:55,31.84,-0.04,3,9553,卖盘
299,09:52:58,31.88,0.04,17,54148,买盘
300,09:53:04,31.88,0.0,28,89244,买盘
301,09:53:07,31.84,-0.04,5,15920,卖盘
302,09:53:10,31.87,0.03,1,3187,买盘
303,09:53:13,31.85,-0.02,59,188050,中性盘
304,09:53:16,31.84,-0.01,10,31841,卖盘
305,09:53:19,31.88,0.04,19,60556,买盘
306,09:53:22,31.85,-0.03,16,50949,卖盘
307,09:53:25,31.85,0.0,44,140132,买盘
308,09:53:28,31.84,-0.01,15,47771,卖盘
309,09:53:31,31.84,0.0,8,25465,买盘
310,09:53:34,31.82,-0.02,22,70023,卖盘
311,09:53:37,31.81,-0.01,110,349925,卖盘
312,09:53:40,31.8,-0.01,45,143124,卖盘
313,09:53:43,31.77,-0.03,9,28605,卖盘
314,09:53:46,31.82,0.05,51,162159,买盘
315,09:53:49,31.82,0.0,15,47730,卖盘
316,09:53:52,31.75,-0.07,49,155854,卖盘
317,09:53:55,31.74,-0.01,1,3174,买盘
318,09:53:58,31.75,0.01,37,117451,买盘
319,09:54:01,31.75,0.0,24,76118,买盘
320,09:54:04,31.7,-0.05,61,193462,卖盘
321,09:54:07,31.7,0.0,33,104738,卖盘
322,09:54:10,31.68,-0.02,35,110941,卖盘
323,09:54:13,31.71,0.03,3,9517,中性盘
324,09:54:16,31.71,0.0,19,60228,中性盘
325,09:54:19,31.73,0.02,10,31702,买盘
326,09:54:22,31.7,-0.03,24,76078,卖盘
327,09:54:25,31.7,0.0,44,139472,买盘
328,09:54:28,31.7,0.0,14,44372,买盘
329,09:54:31,31.68,-0.02,66,209148,卖盘
330,09:54:34,31.7,0.02,35,110894,买盘
331,09:54:37,31.7,0.0,104,329595,买盘
332,09:54:40,31.66,-0.04,29,91906,卖盘
333,09:54:43,31.65,-0.01,15,47487,卖盘
334,09:54:46,31.68,0.03,24,75949,买盘
335,09:54:49,31.69,0.01,19,60137,买盘
336,09:54:52,31.7,0.01,22,69654,买盘
337,09:54:55,31.62,-0.08,32,101164,买盘
338,09:54:58,31.62,0.0,10,31620,买盘
339,09:55:01,31.56,-0.06,109,344406,卖盘
340,09:55:04,31.56,0.0,9,28432,买盘
341,09:55:07,31.57,0.01,13,41042,买盘
342,09:55:10,31.6,0.03,55,173615,买盘
343,09:55:13,31.6,0.0,5,15800,买盘
344,09:55:16,31.55,-0.05,24,75736,卖盘
345,09:55:19,31.52,-0.03,34,107173,卖盘
346,09:55:22,31.52,0.0,26,81995,卖盘
347,09:55:25,31.52,0.0,51,160729,买盘
348,09:55:28,31.52,0.0,4,12608,买盘
349,09:55:31,31.52,0.0,18,56721,买盘
350,09:55:34,31.51,-0.01,39,122894,卖盘
351,09:55:37,31.52,0.01,62,195421,买盘
352,09:55:40,31.52,0.0,19,59870,买盘
353,09:55:43,31.45,-0.07,166,522952,卖盘
354,09:55:46,31.45,0.0,13,40935,卖盘
355,09:55:49,31.46,0.01,17,53478,买盘
356,09:55:52,31.42,-0.04,66,207684,卖盘
357,09:55:55,31.45,0.03,19,59701,中性盘
358,09:55:58,31.4,-0.05,14,43975,卖盘
359,09:56:01,31.38,-0.02,24,75370,卖盘
360,09:56:04,31.44,0.06,45,141246,中性盘
361,09:56:07,31.42,-0.02,3,9426,中性盘
362,09:56:10,31.34,-0.08,50,156731,卖盘
363,09:56:13,31.34,0.0,2,6268,买盘
364,09:56:16,31.3,-0.04,6,18750,中性盘
365,09:56:19,31.19,-0.11,15,46850,卖盘
366,09:56:22,31.24,0.05,7,21859,中性盘
367,09:56:25,31.19,-0.05,66,205784,卖盘
368,09:56:28,31.19,0.0,53,165237,买盘
369,09:56:31,31.19,0.0,4,12476,买盘
370,09:56:34,31.19,0.0,10,31186,买盘
371,09:56:37,31.17,-0.02,58,180748,卖盘
372,09:56:40,31.19,0.02,22,68600,买盘
373,09:56:43,31.18,-0.01,16,49892,中性盘
374,09:56:46,31.19,0.01,44,137227,买盘
375,09:56:49,31.0,-0.19,261,810797,卖盘
376,09:56:52,31.0,0.0,46,142600,买盘
377,09:56:55,31.17,0.17,23,71470,买盘
378,09:57:01,31.15,-0.02,5,15575,买盘
379,09:57:04,31.15,0.0,5,15563,买盘
380,09:57:07,31.15,0.0,4,12457,买盘
381,09:57:10,31.16,0.01,125,389323,买盘
382,09:57:13,31.12,-0.04,2,6224,买盘
383,09:57:16,31.12,0.0,32,99580,买盘
384,09:57:19,31.15,0.03,20,62280,买盘
385,09:57:22,31.11,-0.04,21,65341,卖盘
386,09:57:25,31.11,0.0,72,224032,卖盘
387,09:57:28,31.15,0.04,3,9345,中性盘
388,09:57:31,31.11,-0.04,30,93379,卖盘
389,09:57:34,31.11,0.0,21,65318,卖盘
390,09:57:37,31.11,0.0,13,40443,买盘
391,09:57:40,31.12,0.01,37,115144,卖盘
392,09:57:43,31.12,0.0,8,24903,卖盘
393,09:57:49,31.13,0.01,102,317826,买盘
394,09:57:52,31.1,-0.03,27,83524,卖盘
395,09:57:55,31.08,-0.02,19,59052,中性盘
396,09:57:58,31.1,0.02,64,198984,买盘
397,09:58:01,31.1,0.0,8,24880,买盘
398,09:58:04,31.1,0.0,25,78281,买盘
399,09:58:07,31.05,-0.05,95,295177,卖盘
400,09:58:10,31.05,0.0,52,161145,卖盘
401,09:58:13,31.11,0.06,38,118063,买盘
402,09:58:16,31.0,-0.11,416,1290002,卖盘
403,09:58:19,31.09,0.09,10,31090,中性盘
404,09:58:22,31.05,-0.04,17,52808,卖盘
405,09:58:25,31.05,0.0,39,121102,卖盘
406,09:58:28,31.09,0.04,11,34196,买盘
407,09:58:31,31.0,-0.09,199,617156,卖盘
408,09:58:34,31.09,0.09,12,37288,买盘
409,09:58:37,31.08,-0.01,25,77710,卖盘
410,09:58:40,31.03,-0.05,38,118050,卖盘
411,09:58:43,31.08,0.05,15,46590,买盘
412,09:58:46,31.08,0.0,13,40395,买盘
413,09:58:49,31.05,-0.03,39,121034,中性盘
414,09:58:52,31.08,0.03,17,52836,买盘
415,09:58:55,31.01,-0.07,67,207985,卖盘
416,09:58:58,31.05,0.04,11,34125,买盘
417,09:59:01,31.03,-0.02,18,55888,中性盘
418,09:59:04,31.05,0.02,10,31036,买盘
419,09:59:06,31.05,0.0,35,108669,买盘
420,09:59:10,31.1,0.05,158,491166,买盘
421,09:59:13,31.1,0.0,28,87066,买盘
422,09:59:16,31.11,0.01,39,121319,买盘
423,09:59:19,31.12,0.01,61,189743,买盘
424,09:59:22,31.14,0.02,8,24898,买盘
425,09:59:25,31.11,-0.03,6,18670,卖盘
426,09:59:27,31.14,0.03,31,97016,买盘
427,09:59:31,31.16,0.02,23,71662,买盘
428,09:59:34,31.16,0.0,7,21812,卖盘
429,09:59:37,31.25,0.09,2,6250,买盘
430,09:59:43,31.25,0.0,3,9375,买盘
431,09:59:46,31.25,0.0,16,50000,买盘
432,09:59:49,31.25,0.0,30,93524,买盘
433,09:59:58,31.31,0.06,82,256314,买盘
434,10:00:01,31.31,0.0,8,25048,买盘
435,10:00:04,31.31,0.0,40,125355,卖盘
436,10:00:07,31.34,0.03,10,31340,中性盘
437,10:00:10,31.31,-0.03,49,153548,卖盘
438,10:00:13,31.35,0.04,21,65835,卖盘
439,10:00:16,31.35,0.0,8,25080,卖盘
440,10:00:19,31.35,0.0,20,62698,卖盘
441,10:00:22,31.39,0.04,5,15687,买盘
442,10:00:25,31.35,-0.04,20,62754,卖盘
443,10:00:28,31.39,0.04,18,56457,买盘
444,10:00:31,31.4,0.01,44,138037,中性盘
445,10:00:34,31.35,-0.05,19,59563,中性盘
446,10:00:37,31.39,0.04,32,100448,卖盘
447,10:00:40,31.31,-0.08,30,94000,卖盘
448,10:00:43,31.38,0.07,12,37664,中性盘
449,10:00:46,31.34,-0.04,30,94064,卖盘
450,10:00:49,31.37,0.03,8,25090,中性盘
451,10:00:52,31.34,-0.03,3,9402,卖盘
452,10:00:55,31.38,0.04,28,87779,买盘
453,10:00:58,31.35,-0.03,9,28210,买盘
454,10:01:01,31.32,-0.03,10,31320,卖盘
455,10:01:04,31.34,0.02,20,62660,买盘
456,10:01:07,31.34,0.0,13,40732,买盘
457,10:01:10,31.31,-0.03,44,137811,卖盘
458,10:01:13,31.31,0.0,3,9395,卖盘
459,10:01:16,31.32,0.01,8,25049,买盘
460,10:01:19,31.34,0.02,24,75216,卖盘
461,10:01:22,31.32,-0.02,22,68924,卖盘
462,10:01:25,31.31,-0.01,10,31323,卖盘
463,10:01:28,31.35,0.04,9,28206,买盘
464,10:01:31,31.32,-0.03,2,6264,卖盘
465,10:01:34,31.35,0.03,4,12535,买盘
466,10:01:40,31.35,0.0,2,6270,卖盘
467,10:01:49,31.34,-0.01,37,116054,卖盘
468,10:01:52,31.35,0.01,2,6270,中性盘
469,10:01:55,31.35,0.0,3,9405,卖盘
470,10:02:10,31.4,0.05,19,59652,买盘
471,10:02:16,31.4,0.0,9,28260,卖盘
472,10:02:19,31.4,0.0,3,9420,卖盘
473,10:02:22,31.41,0.01,3,9423,卖盘
474,10:02:25,31.4,-0.01,6,18845,卖盘
475,10:02:28,31.4,0.0,12,37707,卖盘
476,10:02:34,31.44,0.04,18,56576,买盘
477,10:02:46,31.43,-0.01,1,3143,中性盘
478,10:02:49,31.47,0.04,12,37731,买盘
479,10:02:55,31.44,-0.03,62,195126,卖盘
480,10:03:07,31.49,0.05,12,37788,买盘
481,10:03:10,31.5,0.01,34,107098,买盘
482,10:03:13,31.5,0.0,20,63000,买盘
483,10:03:19,31.53,0.03,1,3153,买盘
484,10:03:22,31.56,0.03,11,34711,买盘
485,10:03:25,31.6,0.04,2,6320,买盘
486,10:03:34,31.66,0.06,9,28476,买盘
487,10:03:37,31.6,-0.06,3,9480,卖盘
488,10:03:40,31.66,0.06,2,6332,买盘
489,10:03:46,31.66,0.0,3,9498,买盘
490,10:03:49,31.68,0.02,51,161175,买盘
491,10:03:52,31.68,0.0,3,9504,卖盘
492,10:03:55,31.66,-0.02,7,22162,卖盘
493,10:04:04,31.68,0.02,5,15840,卖盘
494,10:04:07,31.69,0.01,22,69704,买盘
495,10:04:10,31.66,-0.03,19,60184,卖盘
496,10:04:13,31.66,0.0,35,110810,卖盘
497,10:04:16,31.62,-0.04,17,53762,卖盘
498,10:04:19,31.66,0.04,1,3166,买盘
499,10:04:22,31.61,-0.05,15,47474,卖盘
500,10:04:37,31.65,0.04,15,47443,买盘
501,10:04:40,31.61,-0.04,4,12644,卖盘
502,10:04:43,31.61,0.0,18,56885,买盘
503,10:04:49,31.6,-0.01,64,202240,卖盘
504,10:04:52,31.56,-0.04,1,3156,卖盘
505,10:04:55,31.7,0.14,200,632203,买盘
506,10:05:01,31.52,-0.18,5,15760,卖盘
507,10:05:10,31.59,0.07,13,41032,买盘
508,10:05:19,31.59,0.0,2,6318,买盘
509,10:05:22,31.6,0.01,25,78976,买盘
510,10:05:28,31.61,0.01,1,3161,买盘
511,10:05:34,31.59,-0.02,21,66351,卖盘
512,10:05:37,31.63,0.04,12,37950,中性盘
513,10:05:46,31.7,0.07,1,3170,买盘
514,10:05:49,31.7,0.0,7,22181,买盘
515,10:05:58,31.67,-0.03,2,6334,卖盘
516,10:06:01,31.7,0.03,12,38037,买盘
517,10:06:04,31.65,-0.05,16,50641,卖盘
518,10:06:13,31.7,0.05,6,16801,买盘
519,10:06:19,31.7,0.0,4,12680,卖盘
520,10:06:31,31.72,0.02,1,3172,买盘
521,10:06:37,31.72,0.0,2,6344,卖盘
522,10:06:40,31.76,0.04,2,6352,买盘
523,10:06:58,31.87,0.11,13,41419,买盘
524,10:07:01,31.86,-0.01,11,35046,卖盘
525,10:07:04,31.88,0.02,1,3188,买盘
526,10:07:10,31.86,-0.02,34,108341,卖盘
527,10:07:13,31.86,0.0,7,22302,买盘
528,10:07:19,31.86,0.0,13,41418,买盘
529,10:07:28,31.85,-0.01,5,15922,买盘
530,10:07:31,31.87,0.02,46,146488,买盘
531,10:07:34,31.87,0.0,7,22309,卖盘
532,10:07:37,31.87,0.0,8,25496,卖盘
533,10:07:43,31.87,0.0,20,63740,卖盘
534,10:07:46,31.87,0.0,7,22312,卖盘
535,10:07:49,31.9,0.03,19,60559,买盘
536,10:07:52,31.86,-0.04,1,3186,卖盘
537,10:07:55,31.87,0.01,1,3187,买盘
538,10:08:01,31.86,-0.01,6,19116,卖盘
539,10:08:04,31.92,0.06,63,200988,买盘
540,10:08:07,31.92,0.0,5,15962,卖盘
541,10:08:13,31.85,-0.07,16,50960,卖盘
542,10:08:22,31.85,0.0,10,31850,卖盘
543,10:08:28,31.85,0.0,2,6370,买盘
544,10:08:31,31.82,-0.03,3,9546,卖盘
545,10:08:34,31.88,0.06,27,86061,买盘
546,10:08:37,31.82,-0.06,1,3182,卖盘
547,10:08:43,31.85,0.03,5,15925,买盘
548,10:08:46,31.81,-0.04,7,22269,卖盘
549,10:08:49,31.82,0.01,2,6364,买盘
550,10:08:52,31.85,0.03,1,3185,买盘
551,10:08:55,31.82,-0.03,1,3182,中性盘
552,10:08:58,31.82,0.0,6,19087,买盘
553,10:09:01,31.81,-0.01,8,25448,卖盘
554,10:09:04,31.81,0.0,3,9543,买盘
555,10:09:13,31.8,-0.01,8,25440,卖盘
556,10:09:16,31.8,0.0,2,6360,卖盘
557,10:09:19,31.8,0.0,3,9540,卖盘
558,10:09:22,31.8,0.0,4,12720,卖盘
559,10:09:34,31.81,0.01,1,3181,买盘
560,10:09:37,31.85,0.04,3,9555,买盘
561,10:09:40,31.8,-0.05,10,31803,卖盘
562,10:09:46,31.85,0.05,2,6370,买盘
563,10:09:49,31.87,0.02,4,12744,买盘
564,10:10:07,31.84,-0.03,10,31840,买盘
565,10:10:10,31.84,0.0,3,9552,买盘
566,10:10:13,31.84,0.0,12,38202,买盘
567,10:10:22,31.84,0.0,1,3184,买盘
568,10:10:25,31.81,-0.03,3,9543,卖盘
569,10:10:28,31.8,-0.01,67,213168,卖盘
570,10:10:43,31.8,0.0,2,6361,卖盘
571,10:10:46,31.8,0.0,1,3180,卖盘
572,10:10:49,31.83,0.03,2,6366,买盘
573,10:10:52,31.8,-0.03,110,349800,卖盘
574,10:10:55,31.8,0.0,27,85860,卖盘
575,10:10:58,31.8,0.0,31,98580,卖盘
576,10:11:01,31.81,0.01,10,31810,买盘
577,10:11:04,31.81,0.0,1,3181,买盘
578,10:11:07,31.8,-0.01,8,25440,卖盘
579,10:11:27,31.8,0.0,1,3180,买盘
580,10:11:34,31.78,-0.02,28,89022,卖盘
581,10:11:43,31.78,0.0,2,6356,买盘
582,10:11:52,31.77,-0.01,6,19062,买盘
583,10:11:55,31.78,0.01,19,60382,买盘
584,10:11:58,31.78,0.0,9,28602,买盘
585,10:12:04,31.79,0.01,49,155732,买盘
586,10:12:10,31.79,0.0,19,60401,买盘
587,10:12:16,31.79,0.0,13,41276,买盘
588,10:12:22,31.74,-0.05,12,38138,卖盘
589,10:12:25,31.81,0.07,27,85861,买盘
590,10:12:34,31.81,0.0,2,6362,买盘
591,10:12:37,31.83,0.02,7,22271,买盘
592,10:12:52,31.81,-0.02,5,15905,卖盘
593,10:13:01,31.83,0.02,13,41379,买盘
594,10:13:04,31.81,-0.02,5,15905,卖盘
595,10:13:07,31.8,-0.01,5,15900,卖盘
596,10:13:13,31.81,0.01,5,15905,买盘
597,10:13:16,31.81,0.0,10,31810,中性盘
598,10:13:22,31.81,0.0,2,6362,中性盘
599,10:13:25,31.8,-0.01,11,34986,卖盘
600,10:13:31,31.8,0.0,8,25444,卖盘
601,10:13:34,31.8,0.0,5,15900,卖盘
602,10:13:37,31.8,0.0,15,47700,卖盘
603,10:13:40,31.8,0.0,5,15900,卖盘
604,10:13:43,31.85,0.05,19,60455,买盘
605,10:13:49,31.82,-0.03,36,114500,买盘
606,10:13:55,31.79,-0.03,49,155816,卖盘
607,10:13:58,31.79,0.0,24,76296,买盘
608,10:14:01,31.74,-0.05,19,60311,卖盘
609,10:14:04,31.74,0.0,1,3174,卖盘
610,10:14:07,31.74,0.0,18,57132,卖盘
611,10:14:09,31.74,0.0,4,12696,卖盘
612,10:14:13,31.73,-0.01,7,22216,卖盘
613,10:14:37,31.75,0.02,5,15875,卖盘
614,10:14:43,31.74,-0.01,8,25392,卖盘
615,10:14:49,31.78,0.04,32,101696,中性盘
616,10:14:52,31.78,0.0,8,25424,卖盘
617,10:14:55,31.79,0.01,5,15887,买盘
618,10:14:58,31.73,-0.06,9,28559,卖盘
619,10:15:04,31.73,0.0,14,44422,卖盘
620,10:15:10,31.72,-0.01,5,15865,卖盘
621,10:15:13,31.75,0.03,2,6350,中性盘
622,10:15:16,31.75,0.0,2,6350,卖盘
623,10:15:28,31.75,0.0,1,3175,卖盘
624,10:15:34,31.75,0.0,4,12700,卖盘
625,10:15:36,31.75,0.0,2,6350,卖盘
626,10:15:40,31.75,0.0,1,3175,卖盘
627,10:15:43,31.75,0.0,3,9525,卖盘
628,10:15:46,31.77,0.02,15,47649,买盘
629,10:15:49,31.77,0.0,9,28573,卖盘
630,10:15:51,31.73,-0.04,31,98401,卖盘
631,10:15:54,31.72,-0.01,10,31720,卖盘
632,10:15:58,31.72,0.0,17,53925,卖盘
633,10:16:04,31.72,0.0,11,34892,卖盘
634,10:16:10,31.73,0.01,10,31721,买盘
635,10:16:13,31.72,-0.01,10,31720,卖盘
636,10:16:16,31.73,0.01,8,25384,卖盘
637,10:16:19,31.73,0.0,1,3173,卖盘
638,10:16:22,31.73,0.0,8,25384,卖盘
639,10:16:25,31.73,0.0,3,9519,卖盘
640,10:16:28,31.73,0.0,11,34903,卖盘
641,10:16:34,31.73,0.0,5,15865,卖盘
642,10:16:46,31.73,0.0,6,19038,卖盘
643,10:16:55,31.72,-0.01,1,3172,卖盘
644,10:16:58,31.73,0.01,14,44422,买盘
645,10:17:04,31.73,0.0,11,34903,卖盘
646,10:17:10,31.75,0.02,32,101535,买盘
647,10:17:16,31.72,-0.03,12,38064,卖盘
648,10:17:22,31.72,0.0,6,19032,卖盘
649,10:17:25,31.72,0.0,1,3172,卖盘
650,10:17:28,31.72,0.0,8,25376,卖盘
651,10:17:30,31.72,0.0,18,57097,卖盘
652,10:17:37,31.72,0.0,11,34892,卖盘
653,10:17:40,31.72,0.0,14,44408,卖盘
654,10:17:43,31.7,-0.02,1,3170,卖盘
655,10:17:46,31.68,-0.02,9,28524,卖盘
656,10:17:55,31.69,0.01,6,19014,卖盘
657,10:17:58,31.69,0.0,1,3169,卖盘
658,10:18:04,31.69,0.0,2,6338,卖盘
659,10:18:10,31.69,0.0,2,6338,卖盘
660,10:18:13,31.67,-0.02,4,12672,卖盘
661,10:18:22,31.65,-0.02,21,66500,卖盘
662,10:18:24,31.65,0.0,1,3165,卖盘
663,10:18:28,31.65,0.0,7,22155,卖盘
664,10:18:34,31.65,0.0,7,22155,卖盘
665,10:18:37,31.68,0.03,11,34848,买盘
666,10:18:40,31.66,-0.02,5,15830,卖盘
667,10:18:43,31.66,0.0,8,25328,卖盘
668,10:18:46,31.66,0.0,4,12664,卖盘
669,10:18:48,31.68,0.02,1,3168,买盘
670,10:18:51,31.66,-0.02,6,19004,卖盘
671,10:18:54,31.66,0.0,1,3166,卖盘
672,10:18:58,31.66,0.0,1,3166,卖盘
673,10:19:01,31.66,0.0,1,3166,卖盘
674,10:19:04,31.66,0.0,2,6332,卖盘
675,10:19:10,31.67,0.01,2,6334,买盘
676,10:19:13,31.66,-0.01,11,34833,卖盘
677,10:19:15,31.66,0.0,8,25328,卖盘
678,10:19:18,31.67,0.01,5,15835,卖盘
679,10:19:22,31.69,0.02,25,79223,买盘
680,10:19:25,31.66,-0.03,6,19001,卖盘
681,10:19:28,31.69,0.03,10,31660,买盘
682,10:19:34,31.67,-0.02,1,3167,卖盘
683,10:19:37,31.66,-0.01,19,60157,卖盘
684,10:19:43,31.66,0.0,3,9498,卖盘
685,10:19:46,31.67,0.01,8,25331,买盘
686,10:19:52,31.65,-0.02,9,28490,卖盘
687,10:19:55,31.69,0.04,6,19014,买盘
688,10:19:58,31.65,-0.04,1,3165,卖盘
689,10:20:04,31.64,-0.01,6,18986,卖盘
690,10:20:13,31.63,-0.01,50,158171,卖盘
691,10:20:19,31.63,0.0,22,69610,卖盘
692,10:20:25,31.63,0.0,12,37958,卖盘
693,10:20:28,31.63,0.0,1,3163,卖盘
694,10:20:34,31.63,0.0,5,15817,卖盘
695,10:20:55,31.63,0.0,1,3163,卖盘
696,10:20:58,31.63,0.0,1,3163,卖盘
697,10:21:00,31.63,0.0,2,6326,卖盘
698,10:21:04,31.66,0.03,10,31660,买盘
699,10:21:07,31.64,-0.02,3,9492,卖盘
700,10:21:16,31.66,0.02,1,3166,买盘
701,10:21:19,31.64,-0.02,5,15820,卖盘
702,10:21:22,31.66,0.02,1,3166,买盘
703,10:21:25,31.64,-0.02,1,3164,卖盘
704,10:21:31,31.64,0.0,10,31640,卖盘
705,10:21:37,31.64,0.0,4,12656,卖盘
706,10:21:40,31.63,-0.01,100,316300,卖盘
707,10:21:43,31.63,0.0,8,25304,卖盘
708,10:21:46,31.64,0.01,2,6328,卖盘
709,10:21:49,31.64,0.0,25,79100,卖盘
710,10:21:52,31.64,0.0,3,9492,卖盘
711,10:21:54,31.63,-0.01,18,56936,卖盘
712,10:21:58,31.62,-0.01,10,31624,卖盘
713,10:22:04,31.63,0.01,35,110657,买盘
714,10:22:10,31.51,-0.12,2,6302,卖盘
715,10:22:13,31.5,-0.01,20,63013,卖盘
716,10:22:18,31.5,0.0,12,37800,卖盘
717,10:22:25,31.62,0.12,6,18917,买盘
718,10:22:31,31.51,-0.11,12,37812,卖盘
719,10:22:40,31.51,0.0,6,18916,卖盘
720,10:22:43,31.51,0.0,1,3151,卖盘
721,10:22:46,31.51,0.0,1,3151,卖盘
722,10:22:52,31.51,0.0,2,6302,卖盘
723,10:23:13,31.52,0.01,4,12608,卖盘
724,10:23:19,31.5,-0.02,63,198478,卖盘
725,10:23:25,31.48,-0.02,8,25196,卖盘
726,10:23:28,31.47,-0.01,1,3147,卖盘
727,10:23:31,31.48,0.01,21,66096,买盘
728,10:23:37,31.44,-0.04,8,25170,卖盘
729,10:23:40,31.52,0.08,13,40947,买盘
730,10:23:43,31.5,-0.02,18,56700,卖盘
731,10:23:46,31.5,0.0,8,25200,卖盘
732,10:23:52,31.44,-0.06,16,50312,卖盘
733,10:23:58,31.45,0.01,7,22016,中性盘
734,10:24:01,31.5,0.05,2,6300,买盘
735,10:24:04,31.5,0.0,1,3150,卖盘
736,10:24:10,31.45,-0.05,4,12582,卖盘
737,10:24:13,31.45,0.0,14,44030,卖盘
738,10:24:18,31.46,0.01,1,3146,卖盘
739,10:24:21,31.46,0.0,6,18876,卖盘
740,10:24:25,31.46,0.0,1,3146,卖盘
741,10:24:28,31.46,0.0,1,3146,卖盘
742,10:24:31,31.46,0.0,3,9438,卖盘
743,10:24:34,31.5,0.04,15,47234,买盘
744,10:24:37,31.46,-0.04,19,59818,卖盘
745,10:24:40,31.5,0.04,14,44092,买盘
746,10:24:43,31.53,0.03,127,400312,买盘
747,10:24:48,31.52,-0.01,52,163928,卖盘
748,10:24:54,31.52,0.0,11,34672,卖盘
749,10:24:57,31.52,0.0,20,63057,卖盘
750,10:25:00,31.53,0.01,3,9459,买盘
751,10:25:04,31.52,-0.01,11,34674,卖盘
752,10:25:07,31.52,0.0,9,28368,卖盘
753,10:25:13,31.6,0.08,59,186440,买盘
754,10:25:15,31.52,-0.08,301,948978,卖盘
755,10:25:19,31.61,0.09,30,94623,买盘
756,10:25:22,31.52,-0.09,17,53584,卖盘
757,10:25:24,31.54,0.02,121,381354,中性盘
758,10:25:28,31.46,-0.08,18,56686,卖盘
759,10:25:34,31.45,-0.01,14,44077,卖盘
760,10:25:36,31.46,0.01,2,6292,买盘
761,10:25:39,31.51,0.05,9,28329,买盘
762,10:25:42,31.45,-0.06,47,148102,卖盘
763,10:25:49,31.46,0.01,26,81868,卖盘
764,10:25:55,31.46,0.0,12,37752,卖盘
765,10:25:58,31.47,0.01,3,9441,卖盘
766,10:26:10,31.5,0.03,10,31496,买盘
767,10:26:13,31.47,-0.03,7,22032,卖盘
768,10:26:19,31.48,0.01,6,18888,卖盘
769,10:26:28,31.48,0.0,11,34628,卖盘
770,10:26:34,31.48,0.0,7,22036,卖盘
771,10:26:37,31.5,0.02,95,299248,买盘
772,10:26:42,31.6,0.1,42,132452,买盘
773,10:26:46,31.48,-0.12,7,22036,中性盘
774,10:26:49,31.47,-0.01,11,34617,卖盘
775,10:26:52,31.46,-0.01,4,12586,卖盘
776,10:26:55,31.42,-0.04,22,69198,卖盘
777,10:26:58,31.49,0.07,17,53467,买盘
778,10:27:03,31.42,-0.07,16,50281,卖盘
779,10:27:07,31.43,0.01,1,3143,卖盘
780,10:27:10,31.43,0.0,7,22031,卖盘
781,10:27:13,31.43,0.0,6,18858,卖盘
782,10:27:25,31.45,0.02,8,25160,卖盘
783,10:27:33,31.49,0.04,1,3149,买盘
784,10:27:40,31.6,0.11,20,63101,买盘
785,10:27:52,31.49,-0.11,9,28341,卖盘
786,10:27:58,31.46,-0.03,8,25176,卖盘
787,10:28:04,31.46,0.0,1,3146,卖盘
788,10:28:13,31.57,0.11,10,31570,买盘
789,10:28:22,31.57,0.0,1,3157,卖盘
790,10:28:25,31.49,-0.08,7,22047,卖盘
791,10:28:37,31.59,0.1,10,31590,买盘
792,10:28:43,31.49,-0.1,8,25192,卖盘
793,10:28:55,31.5,0.01,2,6300,卖盘
794,10:29:01,31.52,0.02,2,6304,卖盘
795,10:29:10,31.58,0.06,19,60002,买盘
796,10:29:12,31.58,0.0,5,15775,买盘
797,10:29:15,31.58,0.0,3,9474,买盘
798,10:29:19,31.58,0.0,1,3158,卖盘
799,10:29:22,31.58,0.0,4,12632,卖盘
800,10:29:25,31.6,0.02,36,113760,买盘
801,10:29:28,31.58,-0.02,11,34744,卖盘
802,10:29:30,31.61,0.03,23,72703,买盘
803,10:29:33,31.61,0.0,14,44254,卖盘
804,10:29:37,31.62,0.01,1,3162,买盘
805,10:29:40,31.61,-0.01,17,53737,卖盘
806,10:29:43,31.62,0.01,93,293973,买盘
807,10:29:46,31.64,0.02,193,610134,买盘
808,10:29:48,31.64,0.0,9,28476,卖盘
809,10:29:52,31.65,0.01,11,34815,买盘
810,10:29:55,31.64,-0.01,90,284779,卖盘
811,10:29:58,31.58,-0.06,33,104394,卖盘
812,10:30:01,31.56,-0.02,3,9472,卖盘
813,10:30:04,31.52,-0.04,10,31526,卖盘
814,10:30:07,31.52,0.0,11,34672,买盘
815,10:30:09,31.56,0.04,15,47320,买盘
816,10:30:12,31.56,0.0,9,28404,卖盘
817,10:30:19,31.5,-0.06,20,63083,卖盘
818,10:30:22,31.5,0.0,3,9450,卖盘
819,10:30:25,31.49,-0.01,6,18894,卖盘
820,10:30:31,31.49,0.0,8,25213,卖盘
821,10:30:36,31.49,0.0,6,18894,卖盘
822,10:30:46,31.59,0.1,1,3159,中性盘
823,10:30:55,31.6,0.01,2,6309,买盘
824,10:31:01,31.6,0.0,2,6320,买盘
825,10:31:04,31.6,0.0,9,28440,卖盘
826,10:31:16,31.52,-0.08,2,6304,买盘
827,10:31:25,31.52,0.0,13,40953,买盘
828,10:31:43,31.5,-0.02,5,15750,卖盘
829,10:31:48,31.54,0.04,13,40978,买盘
830,10:31:52,31.54,0.0,1,3154,卖盘
831,10:31:55,31.5,-0.04,7,22058,卖盘
832,10:32:22,31.5,0.0,17,53558,卖盘
833,10:32:28,31.5,0.0,10,31500,卖盘
834,10:32:33,31.54,0.04,2,6308,买盘
835,10:32:37,31.5,-0.04,4,12612,卖盘
836,10:32:52,31.59,0.09,1,3159,买盘
837,10:32:58,31.5,-0.09,1,3150,卖盘
838,10:33:07,31.59,0.09,2,6318,买盘
839,10:33:13,31.5,-0.09,3,9451,卖盘
840,10:33:19,31.5,0.0,1,3150,卖盘
841,10:33:34,31.59,0.09,2,6318,买盘
842,10:33:37,31.49,-0.1,100,315001,卖盘
843,10:33:43,31.48,-0.01,45,141693,卖盘
844,10:33:49,31.47,-0.01,10,31477,卖盘
845,10:33:55,31.46,-0.01,3,9438,卖盘
846,10:33:57,31.46,0.0,1,3146,卖盘
847,10:34:04,31.46,0.0,4,12584,卖盘
848,10:34:13,31.6,0.14,149,470675,买盘
849,10:34:19,31.44,-0.16,13,40881,卖盘
850,10:34:22,31.51,0.07,4,12604,卖盘
851,10:34:24,31.51,0.0,13,40928,中性盘
852,10:34:28,31.51,0.0,6,18906,卖盘
853,10:34:34,31.46,-0.05,9,28347,卖盘
854,10:34:40,31.51,0.05,5,15755,中性盘
855,10:34:43,31.45,-0.06,19,59771,卖盘
856,10:34:55,31.45,0.0,21,66054,卖盘
857,10:34:58,31.45,0.0,6,18870,卖盘
858,10:35:04,31.45,0.0,10,31456,卖盘
859,10:35:13,31.6,0.15,19,60013,买盘
860,10:35:18,31.45,-0.15,31,97495,卖盘
861,10:35:24,31.45,0.0,12,37741,卖盘
862,10:35:27,31.45,0.0,3,9435,卖盘
863,10:35:31,31.45,0.0,5,15725,卖盘
864,10:35:34,31.57,0.12,10,31570,买盘
865,10:35:40,31.46,-0.11,8,25168,卖盘
866,10:35:42,31.46,0.0,17,53482,买盘
867,10:35:46,31.46,0.0,4,12584,买盘
868,10:35:49,31.47,0.01,9,28323,中性盘
869,10:35:52,31.47,0.0,1,3147,卖盘
870,10:35:55,31.47,0.0,3,9441,卖盘
871,10:35:58,31.46,-0.01,7,22025,卖盘
872,10:36:04,31.46,0.0,3,9440,卖盘
873,10:36:10,31.45,-0.01,2,6290,卖盘
874,10:36:16,31.54,0.09,3,9462,买盘
875,10:36:22,31.55,0.01,10,31545,买盘
876,10:36:28,31.46,-0.09,8,25166,卖盘
877,10:36:58,31.48,0.02,3,9444,卖盘
878,10:37:16,31.54,0.06,3,9461,买盘
879,10:37:24,31.54,0.0,10,31540,卖盘
880,10:37:28,31.48,-0.06,2,6298,卖盘
881,10:37:31,31.54,0.06,4,12616,买盘
882,10:37:36,31.48,-0.06,1,3148,卖盘
883,10:37:40,31.54,0.06,9,28354,买盘
884,10:37:43,31.48,-0.06,6,18888,卖盘
885,10:37:46,31.47,-0.01,1,3147,卖盘
886,10:37:52,31.47,0.0,1,3147,卖盘
887,10:37:55,31.48,0.01,11,34622,买盘
888,10:37:58,31.48,0.0,2,6296,卖盘
889,10:38:01,31.49,0.01,1,3149,买盘
890,10:38:04,31.5,0.01,2,6300,卖盘
891,10:38:07,31.48,-0.02,4,12594,卖盘
892,10:38:10,31.48,0.0,1,3148,卖盘
893,10:38:12,31.49,0.01,3,9447,中性盘
894,10:38:19,31.49,0.0,1,3149,卖盘
895,10:38:22,31.48,-0.01,10,31480,卖盘
896,10:38:28,31.49,0.01,8,25192,卖盘
897,10:38:37,31.49,0.0,6,18896,卖盘
898,10:38:43,31.49,0.0,5,15745,卖盘
899,10:38:55,31.52,0.03,4,12608,买盘
900,10:39:01,31.49,-0.03,1,3149,卖盘
901,10:39:07,31.48,-0.01,5,15744,卖盘
902,10:39:12,31.48,0.0,6,18889,卖盘
903,10:39:25,31.47,-0.01,3,9442,卖盘
904,10:39:34,31.48,0.01,1,3148,买盘
905,10:39:39,31.48,0.0,6,18888,买盘
906,10:39:48,31.47,-0.01,1,3147,卖盘
907,10:39:51,31.46,-0.01,8,25168,卖盘
908,10:39:54,31.47,0.01,5,15732,买盘
909,10:40:01,31.46,-0.01,6,18876,卖盘
910,10:40:07,31.46,0.0,2,6292,卖盘
911,10:40:10,31.46,0.0,1,3146,卖盘
912,10:40:13,31.46,0.0,20,62920,卖盘
913,10:40:18,31.46,0.0,11,34606,卖盘
914,10:40:28,31.46,0.0,8,25168,卖盘
915,10:40:34,31.46,0.0,2,6292,卖盘
916,10:40:40,31.46,0.0,1,3146,卖盘
917,10:40:43,31.46,0.0,2,6292,卖盘
918,10:40:49,31.46,0.0,4,12584,卖盘
919,10:40:52,31.46,0.0,3,9438,卖盘
920,10:40:55,31.47,0.01,4,12588,买盘
921,10:41:01,31.45,-0.02,5,15728,卖盘
922,10:41:16,31.45,0.0,18,56610,卖盘
923,10:41:19,31.46,0.01,1,3146,买盘
924,10:41:22,31.45,-0.01,12,37740,卖盘
925,10:41:25,31.46,0.01,9,28310,买盘
926,10:41:28,31.45,-0.01,13,40892,卖盘
927,10:41:31,31.46,0.01,9,28314,中性盘
928,10:41:34,31.46,0.0,8,25168,卖盘
929,10:41:40,31.47,0.01,11,34608,买盘
930,10:41:46,31.47,0.0,20,62940,买盘
931,10:41:49,31.47,0.0,17,53499,买盘
932,10:41:52,31.47,0.0,11,34617,卖盘
933,10:41:55,31.55,0.08,24,75680,买盘
934,10:41:58,31.47,-0.08,7,22029,卖盘
935,10:42:04,31.47,0.0,16,50422,卖盘
936,10:42:10,31.48,0.01,22,69368,卖盘
937,10:42:13,31.48,0.0,18,56664,卖盘
938,10:42:16,31.48,0.0,10,31472,买盘
939,10:42:22,31.5,0.02,11,34680,卖盘
940,10:42:25,31.5,0.0,3,9450,卖盘
941,10:42:28,31.5,0.0,2,6300,卖盘
942,10:42:31,31.49,-0.01,18,56754,卖盘
943,10:42:37,31.5,0.01,8,25200,卖盘
944,10:42:55,31.55,0.05,6,18920,买盘
945,10:42:58,31.5,-0.05,30,94515,卖盘
946,10:43:04,31.5,0.0,17,53550,卖盘
947,10:43:10,31.51,0.01,2,6302,卖盘
948,10:43:13,31.51,0.0,6,18906,卖盘
949,10:43:22,31.55,0.04,10,31543,买盘
950,10:43:25,31.51,-0.04,1,3151,卖盘
951,10:43:28,31.51,0.0,7,22059,卖盘
952,10:43:37,31.53,0.02,2,6304,买盘
953,10:43:43,31.51,-0.02,4,12610,卖盘
954,10:43:55,31.52,0.01,5,15760,卖盘
955,10:43:58,31.55,0.03,16,50476,买盘
956,10:44:04,31.52,-0.03,11,34679,卖盘
957,10:44:10,31.51,-0.01,4,12604,卖盘
958,10:44:13,31.55,0.04,12,37842,买盘
959,10:44:16,31.51,-0.04,1,3151,卖盘
960,10:44:18,31.51,0.0,1,3151,卖盘
961,10:44:21,31.51,0.0,7,22057,卖盘
962,10:44:25,31.51,0.0,2,6302,卖盘
963,10:44:37,31.55,0.04,1,3155,买盘
964,10:44:46,31.55,0.0,1,3155,买盘
965,10:44:49,31.55,0.0,10,31550,买盘
966,10:44:51,31.55,0.0,1,3155,买盘
967,10:44:54,31.55,0.0,6,18910,买盘
968,10:44:57,31.57,0.02,23,72611,买盘
969,10:45:01,31.57,0.0,5,15785,买盘
970,10:45:04,31.57,0.0,15,47355,卖盘
971,10:45:07,31.57,0.0,1,3157,卖盘
972,10:45:10,31.58,0.01,8,25257,买盘
973,10:45:13,31.57,-0.01,10,31570,卖盘
974,10:45:16,31.57,0.0,1,3157,卖盘
975,10:45:19,31.59,0.02,27,85268,买盘
976,10:45:21,31.59,0.0,3,9477,卖盘
977,10:45:25,31.58,-0.01,10,31581,卖盘
978,10:45:28,31.58,0.0,2,6316,中性盘
979,10:45:30,31.6,0.02,10,31587,买盘
980,10:45:37,31.6,0.0,3,9480,买盘
981,10:45:43,31.58,-0.02,6,18948,卖盘
982,10:45:49,31.58,0.0,2,6316,卖盘
983,10:45:54,31.58,0.0,14,44212,买盘
984,10:45:57,31.57,-0.01,1,3157,卖盘
985,10:46:00,31.57,0.0,10,31570,卖盘
986,10:46:07,31.57,0.0,14,44198,卖盘
987,10:46:10,31.6,0.03,31,97949,买盘
988,10:46:13,31.55,-0.05,57,179986,卖盘
989,10:46:16,31.57,0.02,6,18942,买盘
990,10:46:19,31.58,0.01,4,12632,卖盘
991,10:46:21,31.55,-0.03,35,110437,卖盘
992,10:46:28,31.58,0.03,17,53601,中性盘
993,10:46:34,31.58,0.0,11,34731,买盘
994,10:46:37,31.51,-0.07,3,9453,卖盘
995,10:46:40,31.51,0.0,10,31510,卖盘
996,10:46:48,31.51,0.0,1,3151,卖盘
997,10:46:55,31.57,0.06,6,18931,中性盘
998,10:46:58,31.52,-0.05,5,15760,卖盘
999,10:47:25,31.52,0.0,4,12611,卖盘
1000,10:47:30,31.52,0.0,1,3152,卖盘
1001,10:47:55,31.58,0.06,52,164126,买盘
1002,10:47:57,31.58,0.0,2,6316,卖盘
1003,10:48:00,31.58,0.0,2,6316,卖盘
1004,10:48:04,31.58,0.0,21,66318,卖盘
1005,10:48:07,31.58,0.0,1,3158,卖盘
1006,10:48:10,31.58,0.0,9,28422,卖盘
1007,10:48:13,31.6,0.02,1,3160,买盘
1008,10:48:16,31.62,0.02,10,31616,买盘
1009,10:48:21,31.6,-0.02,8,25280,卖盘
1010,10:48:28,31.62,0.02,15,47430,买盘
1011,10:48:31,31.62,0.0,1,3162,买盘
1012,10:48:34,31.6,-0.02,10,31600,卖盘
1013,10:48:36,31.6,0.0,2,6320,卖盘
1014,10:48:39,31.62,0.02,1,3162,买盘
1015,10:48:42,31.62,0.0,9,28450,买盘
1016,10:48:49,31.62,0.0,1,3162,卖盘
1017,10:48:55,31.63,0.01,8,25300,买盘
1018,10:48:58,31.62,-0.01,15,47439,卖盘
1019,10:49:04,31.62,0.0,9,28463,卖盘
1020,10:49:06,31.62,0.0,1,3162,卖盘
1021,10:49:10,31.62,0.0,1,3162,卖盘
1022,10:49:18,31.62,0.0,139,439518,卖盘
1023,10:49:21,31.63,0.01,1,3163,卖盘
1024,10:49:25,31.62,-0.01,73,230831,卖盘
1025,10:49:28,31.63,0.01,7,22137,买盘
1026,10:49:31,31.59,-0.04,29,91673,卖盘
1027,10:49:34,31.63,0.04,32,101137,买盘
1028,10:49:37,31.53,-0.1,9,28377,卖盘
1029,10:49:42,31.52,-0.01,18,56736,卖盘
1030,10:49:46,31.53,0.01,9,28377,买盘
1031,10:49:49,31.52,-0.01,7,22065,卖盘
1032,10:49:52,31.52,0.0,5,15760,卖盘
1033,10:49:55,31.52,0.0,4,12608,卖盘
1034,10:50:07,31.53,0.01,6,18918,卖盘
1035,10:50:13,31.53,0.0,5,15765,卖盘
1036,10:50:18,31.52,-0.01,100,315246,卖盘
1037,10:50:25,31.53,0.01,4,12612,卖盘
1038,10:50:28,31.52,-0.01,37,116645,卖盘
1039,10:50:34,31.52,0.0,5,15760,卖盘
1040,10:50:39,31.52,0.0,17,53594,卖盘
1041,10:50:43,31.52,0.0,9,28417,卖盘
1042,10:50:46,31.52,0.0,7,22064,卖盘
1043,10:50:51,31.52,0.0,5,15763,卖盘
1044,10:51:06,31.52,0.0,3,9457,卖盘
1045,10:51:13,31.58,0.06,1,3158,中性盘
1046,10:51:16,31.62,0.04,12,37944,买盘
1047,10:51:19,31.58,-0.04,4,12644,卖盘
1048,10:51:24,31.58,0.0,4,12632,卖盘
1049,10:51:37,31.65,0.07,6,18990,买盘
1050,10:51:43,31.6,-0.05,106,334960,卖盘
1051,10:51:48,31.6,0.0,5,15800,卖盘
1052,10:51:52,31.6,0.0,41,129560,卖盘
1053,10:51:55,31.52,-0.08,42,132499,卖盘
1054,10:51:58,31.52,0.0,17,53584,卖盘
1055,10:52:01,31.51,-0.01,2,6303,卖盘
1056,10:52:04,31.59,0.08,23,72481,买盘
1057,10:52:07,31.51,-0.08,2,6302,卖盘
1058,10:52:10,31.51,0.0,14,44114,卖盘
1059,10:52:13,31.59,0.08,2,6318,买盘
1060,10:52:19,31.51,-0.08,6,18910,卖盘
1061,10:52:34,31.51,0.0,1,3151,卖盘
1062,10:52:43,31.52,0.01,1,3152,卖盘
1063,10:52:51,31.53,0.01,3,9459,卖盘
1064,10:53:13,31.59,0.06,3,9477,买盘
1065,10:53:22,31.6,0.01,9,28440,买盘
1066,10:53:24,31.55,-0.05,3,9474,卖盘
1067,10:53:27,31.6,0.05,1,3160,中性盘
1068,10:53:37,31.64,0.04,3,9492,买盘
1069,10:53:42,31.64,0.0,5,15820,卖盘
1070,10:53:49,31.64,0.0,1,3164,卖盘
1071,10:53:52,31.64,0.0,2,6328,卖盘
1072,10:53:55,31.65,0.01,2,6330,买盘
1073,10:54:00,31.59,-0.06,7,22118,卖盘
1074,10:54:04,31.57,-0.02,23,72611,买盘
1075,10:54:07,31.53,-0.04,9,28389,卖盘
1076,10:54:10,31.57,0.04,3,9467,买盘
1077,10:54:13,31.53,-0.04,17,53617,卖盘
1078,10:54:18,31.53,0.0,1,3153,卖盘
1079,10:54:21,31.57,0.04,5,15785,买盘
1080,10:54:25,31.53,-0.04,8,25225,卖盘
1081,10:54:31,31.52,-0.01,7,22069,卖盘
1082,10:54:40,31.57,0.05,5,15785,买盘
1083,10:54:43,31.57,0.0,2,6314,卖盘
1084,10:54:55,31.66,0.09,55,174043,买盘
1085,10:54:58,31.57,-0.09,79,249520,卖盘
1086,10:55:04,31.57,0.0,3,9471,卖盘
1087,10:55:07,31.57,0.0,9,28413,卖盘
1088,10:55:13,31.57,0.0,5,15785,卖盘
1089,10:55:16,31.58,0.01,16,50528,买盘
1090,10:55:24,31.58,0.0,5,15790,买盘
1091,10:55:46,31.7,0.12,1,3170,买盘
1092,10:56:28,31.68,-0.02,1,3168,中性盘
1093,10:56:58,31.69,0.01,1,3169,买盘
1094,10:57:01,31.69,0.0,9,28521,卖盘
1095,10:57:06,31.61,-0.08,1,3161,卖盘
1096,10:57:13,31.7,0.09,12,38037,买盘
1097,10:57:19,31.61,-0.09,2,6322,卖盘
1098,10:57:34,31.69,0.08,11,34859,买盘
1099,10:58:04,31.7,0.01,10,31691,买盘
1100,10:58:09,31.69,-0.01,1,3169,中性盘
1101,10:58:24,31.69,0.0,1,3169,卖盘
1102,10:58:31,31.69,0.0,5,15845,买盘
1103,10:58:48,31.69,0.0,22,69666,买盘
1104,10:58:55,31.66,-0.03,1,3166,卖盘
1105,10:59:01,31.66,0.0,1,3166,卖盘
1106,10:59:40,31.69,0.03,4,12674,买盘
1107,10:59:45,31.69,0.0,3,9507,买盘
1108,10:59:52,31.69,0.0,1,3169,卖盘
1109,11:00:04,31.69,0.0,2,6338,卖盘
1110,11:00:31,31.77,0.08,25,79383,买盘
1111,11:00:37,31.74,-0.03,1,3174,卖盘
1112,11:00:43,31.69,-0.05,1,3169,卖盘
1113,11:01:01,31.74,0.05,2,6348,买盘
1114,11:01:16,31.78,0.04,7,22244,买盘
1115,11:01:24,31.8,0.02,4,12720,买盘
1116,11:01:31,31.78,-0.02,2,6356,卖盘
1117,11:01:36,31.78,0.0,1,3178,卖盘
1118,11:01:42,31.8,0.02,6,19080,买盘
1119,11:02:04,31.83,0.03,3,9549,买盘
1120,11:02:13,31.85,0.02,28,89156,买盘
1121,11:02:15,31.84,-0.01,3,9552,中性盘
1122,11:02:18,31.84,0.0,1,3184,卖盘
1123,11:02:24,31.85,0.01,3,9555,买盘
1124,11:02:31,31.84,-0.01,13,41392,卖盘
1125,11:02:36,31.85,0.01,11,35034,买盘
1126,11:02:43,31.84,-0.01,1,3184,卖盘
1127,11:02:52,31.84,0.0,3,9552,卖盘
1128,11:02:55,31.85,0.01,3,9554,买盘
1129,11:02:58,31.83,-0.02,4,12734,卖盘
1130,11:03:01,31.85,0.02,1,3185,买盘
1131,11:03:18,31.83,-0.02,2,6366,卖盘
1132,11:03:22,31.83,0.0,2,6366,卖盘
1133,11:03:24,31.84,0.01,4,12734,买盘
1134,11:03:34,31.81,-0.03,1,3181,卖盘
1135,11:03:42,31.84,0.03,5,15920,买盘
1136,11:03:46,31.83,-0.01,5,15915,卖盘
1137,11:03:51,31.8,-0.03,1,3180,卖盘
1138,11:04:01,31.8,0.0,3,9540,卖盘
1139,11:04:06,31.8,0.0,1,3180,卖盘
1140,11:04:10,31.8,0.0,1,3180,卖盘
1141,11:04:25,31.81,0.01,2,6362,买盘
1142,11:04:28,31.8,-0.01,3,9540,卖盘
1143,11:04:34,31.81,0.01,1,3181,买盘
1144,11:04:36,31.8,-0.01,5,15900,卖盘
1145,11:04:42,31.8,0.0,1,3180,卖盘
1146,11:04:52,31.8,0.0,19,60427,卖盘
1147,11:04:58,31.77,-0.03,1,3177,卖盘
1148,11:05:22,31.8,0.03,1,3180,买盘
1149,11:05:25,31.8,0.0,4,12720,买盘
1150,11:05:28,31.77,-0.03,7,22239,卖盘
1151,11:05:46,31.8,0.03,1,3180,买盘
1152,11:05:58,31.77,-0.03,3,9531,卖盘
1153,11:06:00,31.8,0.03,1,3180,买盘
1154,11:06:04,31.74,-0.06,16,50812,卖盘
1155,11:06:10,31.72,-0.02,2,6344,卖盘
1156,11:06:13,31.72,0.0,1,3172,卖盘
1157,11:06:25,31.77,0.05,43,136536,买盘
1158,11:06:33,31.77,0.0,5,15885,卖盘
1159,11:06:43,31.77,0.0,1,3177,卖盘
1160,11:06:51,31.77,0.0,13,41301,卖盘
1161,11:06:58,31.72,-0.05,1,3172,卖盘
1162,11:07:00,31.72,0.0,7,22204,卖盘
1163,11:07:06,31.71,-0.01,1,3171,卖盘
1164,11:07:13,31.71,0.0,1,3171,卖盘
1165,11:07:16,31.71,0.0,5,15855,卖盘
1166,11:07:19,31.7,-0.01,6,19020,卖盘
1167,11:07:22,31.7,0.0,1,3170,卖盘
1168,11:07:25,31.71,0.01,5,15854,买盘
1169,11:07:34,31.7,-0.01,2,6340,卖盘
1170,11:07:40,31.7,0.0,8,25360,买盘
1171,11:07:42,31.7,0.0,2,6340,买盘
1172,11:07:45,31.7,0.0,1,3170,买盘
1173,11:07:55,31.65,-0.05,27,85488,卖盘
1174,11:08:01,31.64,-0.01,2,6328,卖盘
1175,11:08:10,31.64,0.0,1,3164,卖盘
1176,11:08:18,31.65,0.01,1,3165,买盘
1177,11:08:31,31.63,-0.02,10,31630,卖盘
1178,11:08:33,31.63,0.0,3,9489,买盘
1179,11:08:40,31.62,-0.01,1,3162,卖盘
1180,11:08:43,31.62,0.0,1,3162,卖盘
1181,11:08:46,31.62,0.0,3,9486,卖盘
1182,11:08:58,31.6,-0.02,23,72680,卖盘
1183,11:09:04,31.57,-0.03,1,3157,卖盘
1184,11:09:10,31.57,0.0,10,31597,卖盘
1185,11:09:16,31.57,0.0,1,3157,卖盘
1186,11:09:52,31.5,-0.07,159,501249,卖盘
1187,11:09:57,31.57,0.07,4,12628,卖盘
1188,11:10:13,31.54,-0.03,4,12616,买盘
1189,11:10:34,31.54,0.0,1,3154,买盘
1190,11:11:09,31.56,0.02,1,3156,卖盘
1191,11:11:57,31.62,0.06,3,9486,买盘
1192,11:12:00,31.62,0.0,1,3162,买盘
1193,11:13:18,31.69,0.07,1,3169,买盘
1194,11:13:43,31.57,-0.12,20,63172,卖盘
1195,11:13:46,31.69,0.12,1,3169,买盘
1196,11:13:48,31.58,-0.11,2,6316,中性盘
1197,11:14:30,31.68,0.1,2,6336,买盘
1198,11:15:24,31.65,-0.03,3,9495,卖盘
1199,11:15:27,31.65,0.0,9,28485,卖盘
1200,11:15:33,31.68,0.03,3,9504,买盘
1201,11:15:49,31.68,0.0,3,9504,卖盘
1202,11:15:55,31.68,0.0,1,3168,卖盘
1203,11:16:06,31.68,0.0,1,3168,卖盘
1204,11:16:16,31.68,0.0,4,12672,卖盘
1205,11:16:27,31.68,0.0,4,12672,卖盘
1206,11:16:39,31.68,0.0,2,6336,卖盘
1207,11:16:42,31.68,0.0,32,101376,卖盘
1208,11:16:48,31.65,-0.03,3,9495,卖盘
1209,11:17:04,31.65,0.0,1,3165,卖盘
1210,11:17:54,31.66,0.01,1,3166,卖盘
1211,11:18:10,31.66,0.0,5,15830,卖盘
1212,11:18:27,31.68,0.02,3,9504,买盘
1213,11:18:54,31.66,-0.02,4,12664,卖盘
1214,11:19:15,31.66,0.0,1,3166,买盘
1215,11:19:46,31.66,0.0,1,3166,买盘
1216,11:19:58,31.65,-0.01,4,12660,卖盘
1217,11:20:52,31.65,0.0,1,3165,买盘
1218,11:20:58,31.62,-0.03,24,75930,卖盘
1219,11:21:04,31.61,-0.01,1,3161,卖盘
1220,11:21:16,31.61,0.0,2,6322,卖盘
1221,11:21:52,31.62,0.01,3,9486,买盘
1222,11:22:06,31.68,0.06,2,6336,买盘
1223,11:22:13,31.65,-0.03,1,3165,卖盘
1224,11:22:34,31.65,0.0,1,3165,卖盘
1225,11:22:36,31.65,0.0,1,3165,买盘
1226,11:22:57,31.69,0.04,30,95061,买盘
1227,11:23:04,31.62,-0.07,1,3162,卖盘
1228,11:23:10,31.62,0.0,10,31683,卖盘
1229,11:23:33,31.58,-0.04,37,116957,卖盘
1230,11:23:40,31.59,0.01,2,6318,卖盘
1231,11:25:03,31.6,0.01,5,15800,卖盘
1232,11:25:07,31.6,0.0,2,6320,卖盘
1233,11:25:10,31.59,-0.01,1,3159,卖盘
1234,11:25:36,31.6,0.01,1,3160,买盘
1235,11:25:46,31.59,-0.01,62,195863,卖盘
1236,11:25:52,31.58,-0.01,2,6316,卖盘
1237,11:25:58,31.58,0.0,2,6316,卖盘
1238,11:26:09,31.58,0.0,1,3158,卖盘
1239,11:26:12,31.59,0.01,1,3159,买盘
1240,11:26:19,31.59,0.0,5,15795,买盘
1241,11:26:22,31.58,-0.01,4,12633,卖盘
1242,11:26:28,31.57,-0.01,1,3157,卖盘
1243,11:26:34,31.57,0.0,1,3157,卖盘
1244,11:26:40,31.6,0.03,20,63200,买盘
1245,11:27:01,31.66,0.06,10,31606,买盘
1246,11:27:07,31.58,-0.08,1,3158,卖盘
1247,11:27:13,31.58,0.0,1,3158,卖盘
1248,11:27:28,31.6,0.02,1,3160,买盘
1249,11:27:37,31.68,0.08,15,47478,买盘
1250,11:27:40,31.58,-0.1,1,3158,卖盘
1251,11:27:49,31.6,0.02,15,47392,买盘
1252,11:27:54,31.58,-0.02,2,6315,中性盘
1253,11:28:01,31.68,0.1,15,47472,买盘
1254,11:28:04,31.58,-0.1,5,15790,卖盘
1255,11:28:16,31.68,0.1,1,3168,买盘
1256,11:28:34,31.68,0.0,15,47510,买盘
1257,11:28:40,31.59,-0.09,1,3159,卖盘
1258,11:28:43,31.58,-0.01,31,97908,卖盘
1259,11:28:48,31.58,0.0,2,6316,卖盘
1260,11:29:13,31.68,0.1,9,28498,买盘
1261,11:29:49,31.66,-0.02,4,12664,买盘
1262,13:00:05,31.65,-0.01,7,22155,中性盘
1263,13:00:07,31.65,0.0,123,388486,买盘
1264,13:00:13,31.63,-0.02,1,3163,买盘
1265,13:00:28,31.52,-0.11,2,6304,卖盘
1266,13:00:37,31.52,0.0,1,3152,卖盘
1267,13:00:52,31.53,0.01,7,22071,卖盘
1268,13:01:00,31.53,0.0,2,6306,卖盘
1269,13:01:04,31.53,0.0,6,18918,卖盘
1270,13:01:24,31.53,0.0,2,6306,卖盘
1271,13:01:30,31.53,0.0,1,3153,卖盘
1272,13:01:36,31.58,0.05,17,53681,买盘
1273,13:01:45,31.58,0.0,3,9474,卖盘
1274,13:01:48,31.58,0.0,20,63160,卖盘
1275,13:01:51,31.53,-0.05,1,3153,卖盘
1276,13:01:54,31.53,0.0,1,3153,卖盘
1277,13:02:12,31.54,0.01,2,6308,卖盘
1278,13:02:18,31.54,0.0,11,34694,卖盘
1279,13:02:36,31.56,0.02,1,3156,卖盘
1280,13:02:42,31.59,0.03,10,31590,买盘
1281,13:02:48,31.59,0.0,1,3159,卖盘
1282,13:03:04,31.59,0.0,1,3159,卖盘
1283,13:03:09,31.59,0.0,5,15795,卖盘
1284,13:03:19,31.59,0.0,5,15795,卖盘
1285,13:03:25,31.59,0.0,2,6318,卖盘
1286,13:03:27,31.59,0.0,4,12636,卖盘
1287,13:03:30,31.59,0.0,9,28431,卖盘
1288,13:03:37,31.53,-0.06,1,3153,卖盘
1289,13:03:42,31.53,0.0,3,9465,卖盘
1290,13:04:48,31.53,0.0,10,31530,卖盘
1291,13:04:58,31.53,0.0,5,15765,卖盘
1292,13:05:07,31.53,0.0,12,37836,卖盘
1293,13:05:15,31.53,0.0,48,151344,买盘
1294,13:05:22,31.53,0.0,1,3153,卖盘
1295,13:05:24,31.53,0.0,2,6306,卖盘
1296,13:05:28,31.53,0.0,13,40989,卖盘
1297,13:05:33,31.53,0.0,1,3153,卖盘
1298,13:06:04,31.55,0.02,1,3155,卖盘
1299,13:06:10,31.54,-0.01,7,22082,卖盘
1300,13:06:33,31.54,0.0,2,6308,卖盘
1301,13:07:34,31.55,0.01,2,6310,卖盘
1302,13:07:48,31.54,-0.01,6,18925,卖盘
1303,13:07:55,31.54,0.0,2,6308,卖盘
1304,13:07:58,31.54,0.0,5,15770,卖盘
1305,13:08:22,31.54,0.0,5,15770,卖盘
1306,13:08:27,31.54,0.0,4,12616,卖盘
1307,13:08:37,31.54,0.0,1,3154,卖盘
1308,13:08:40,31.53,-0.01,46,145082,卖盘
1309,13:08:45,31.53,0.0,2,6306,卖盘
1310,13:08:51,31.54,0.01,23,72540,买盘
1311,13:09:19,31.54,0.0,7,22078,买盘
1312,13:09:24,31.53,-0.01,1,3153,卖盘
1313,13:09:30,31.54,0.01,30,94620,买盘
1314,13:09:36,31.54,0.0,1,3154,卖盘
1315,13:09:43,31.54,0.0,1,3154,卖盘
1316,13:09:51,31.54,0.0,13,41002,卖盘
1317,13:09:54,31.54,0.0,1,3154,卖盘
1318,13:10:07,31.55,0.01,1,3155,买盘
1319,13:10:10,31.54,-0.01,10,31540,卖盘
1320,13:10:16,31.54,0.0,1,3154,卖盘
1321,13:10:25,31.54,0.0,1,3154,卖盘
1322,13:10:31,31.54,0.0,7,22078,卖盘
1323,13:11:04,31.54,0.0,2,6308,卖盘
1324,13:11:10,31.54,0.0,23,72542,卖盘
1325,13:11:16,31.53,-0.01,1,3153,卖盘
1326,13:11:24,31.53,0.0,1,3153,卖盘
1327,13:11:34,31.53,0.0,10,31530,卖盘
1328,13:11:36,31.54,0.01,12,37848,买盘
1329,13:12:00,31.53,-0.01,10,31530,卖盘
1330,13:12:06,31.53,0.0,1,3153,卖盘
1331,13:12:10,31.54,0.01,12,37848,买盘
1332,13:12:16,31.53,-0.01,1,3153,卖盘
1333,13:12:27,31.53,0.0,1,3153,卖盘
1334,13:12:30,31.54,0.01,4,12616,买盘
1335,13:12:55,31.55,0.01,46,145130,买盘
1336,13:13:01,31.54,-0.01,2,6308,卖盘
1337,13:13:07,31.54,0.0,5,15770,卖盘
1338,13:13:16,31.54,0.0,2,6308,卖盘
1339,13:13:25,31.55,0.01,30,94650,买盘
1340,13:13:34,31.56,0.01,3,9468,买盘
1341,13:13:37,31.56,0.0,2,6312,买盘
1342,13:13:39,31.55,-0.01,1,3155,卖盘
1343,13:13:46,31.55,0.0,1,3155,卖盘
1344,13:14:10,31.58,0.03,1,3158,买盘
1345,13:14:13,31.58,0.0,1,3158,卖盘
1346,13:14:16,31.58,0.0,1,3158,卖盘
1347,13:14:18,31.59,0.01,16,50544,买盘
1348,13:14:25,31.59,0.0,1,3159,卖盘
1349,13:14:58,31.59,0.0,5,15795,卖盘
1350,13:15:04,31.58,-0.01,28,88451,卖盘
1351,13:15:10,31.55,-0.03,11,34745,卖盘
1352,13:15:16,31.55,0.0,1,3155,卖盘
1353,13:15:57,31.58,0.03,1,3158,卖盘
1354,13:16:10,31.58,0.0,4,12632,买盘
1355,13:16:25,31.58,0.0,1,3158,买盘
1356,13:17:09,31.59,0.01,2,6318,买盘
1357,13:17:27,31.59,0.0,1,3159,买盘
1358,13:17:33,31.56,-0.03,1,3156,卖盘
1359,13:17:43,31.59,0.03,5,15795,买盘
1360,13:17:54,31.56,-0.03,1,3156,卖盘
1361,13:18:01,31.59,0.03,12,37908,买盘
1362,13:18:07,31.56,-0.03,1,3156,卖盘
1363,13:18:09,31.59,0.03,4,12636,买盘
1364,13:18:30,31.59,0.0,51,160901,买盘
1365,13:18:37,31.54,-0.05,3,9462,卖盘
1366,13:19:43,31.57,0.03,3,9471,买盘
1367,13:19:46,31.55,-0.02,10,31550,卖盘
1368,13:19:48,31.55,0.0,94,296526,买盘
1369,13:19:55,31.52,-0.03,4,12611,卖盘
1370,13:20:10,31.52,0.0,6,18924,卖盘
1371,13:20:19,31.52,0.0,11,34672,卖盘
1372,13:20:28,31.52,0.0,2,6304,买盘
1373,13:20:55,31.53,0.01,31,97743,卖盘
1374,13:21:01,31.53,0.0,1,3153,卖盘
1375,13:21:09,31.57,0.04,2,6314,买盘
1376,13:21:19,31.54,-0.03,5,15770,卖盘
1377,13:21:24,31.57,0.03,3,9467,买盘
1378,13:21:52,31.55,-0.02,3,9465,买盘
1379,13:22:01,31.54,-0.01,2,6308,卖盘
1380,13:22:09,31.55,0.01,4,12620,买盘
1381,13:22:55,31.54,-0.01,8,25233,卖盘
1382,13:23:04,31.52,-0.02,6,18912,卖盘
1383,13:23:10,31.54,0.02,2,6308,买盘
1384,13:23:34,31.52,-0.02,2,6304,卖盘
1385,13:23:52,31.52,0.0,3,9456,卖盘
1386,13:24:10,31.53,0.01,9,28367,买盘
1387,13:24:16,31.51,-0.02,3,9459,卖盘
1388,13:24:28,31.5,-0.01,65,204775,卖盘
1389,13:24:45,31.5,0.0,144,453600,卖盘
1390,13:24:48,31.45,-0.05,95,299016,卖盘
1391,13:24:52,31.5,0.05,17,53550,买盘
1392,13:24:58,31.48,-0.02,8,25184,买盘
1393,13:25:10,31.48,0.0,1,3148,买盘
1394,13:25:13,31.47,-0.01,13,40911,中性盘
1395,13:25:30,31.48,0.01,13,40918,买盘
1396,13:25:46,31.48,0.0,4,12592,卖盘
1397,13:25:55,31.49,0.01,5,15745,买盘
1398,13:26:10,31.49,0.0,2,6298,买盘
1399,13:26:33,31.49,0.0,1,3149,卖盘
1400,13:26:46,31.49,0.0,13,40941,卖盘
1401,13:27:06,31.48,-0.01,57,180317,卖盘
1402,13:27:09,31.49,0.01,2,6298,买盘
1403,13:27:13,31.48,-0.01,14,43191,卖盘
1404,13:27:28,31.47,-0.01,1,3147,卖盘
1405,13:27:37,31.47,0.0,10,31470,卖盘
1406,13:27:49,31.46,-0.01,3,9438,卖盘
1407,13:27:55,31.47,0.01,4,12586,买盘
1408,13:27:58,31.45,-0.02,1,3145,卖盘
1409,13:28:04,31.45,0.0,12,37740,卖盘
1410,13:28:07,31.45,0.0,4,12580,买盘
1411,13:28:22,31.45,0.0,1,3145,买盘
1412,13:28:28,31.43,-0.02,2,6286,卖盘
1413,13:28:34,31.43,0.0,2,6286,买盘
1414,13:28:48,31.43,0.0,14,43989,买盘
1415,13:29:04,31.41,-0.02,3,9423,卖盘
1416,13:29:09,31.4,-0.01,70,219802,卖盘
1417,13:29:12,31.4,0.0,2,6280,买盘
1418,13:29:21,31.36,-0.04,31,97252,卖盘
1419,13:29:25,31.35,-0.01,20,62700,卖盘
1420,13:29:28,31.36,0.01,1,3136,买盘
1421,13:29:34,31.36,0.0,7,21952,买盘
1422,13:29:37,31.35,-0.01,3,9405,卖盘
1423,13:29:49,31.35,0.0,4,12540,卖盘
1424,13:29:55,31.34,-0.01,1,3134,卖盘
1425,13:30:13,31.35,0.01,2,6301,买盘
1426,13:30:16,31.33,-0.02,11,34473,卖盘
1427,13:30:34,31.35,0.02,5,15675,卖盘
1428,13:30:37,31.35,0.0,2,6270,卖盘
1429,13:30:43,31.33,-0.02,4,12534,卖盘
1430,13:30:46,31.36,0.03,5,15679,买盘
1431,13:30:48,31.33,-0.03,11,34465,卖盘
1432,13:30:57,31.33,0.0,14,43868,卖盘
1433,13:31:07,31.36,0.03,5,15680,买盘
1434,13:31:10,31.36,0.0,12,37632,买盘
1435,13:31:25,31.4,0.04,5,15700,买盘
1436,13:31:42,31.4,0.0,1,3140,买盘
1437,13:31:46,31.4,0.0,5,15700,买盘
1438,13:31:49,31.4,0.0,2,6280,买盘
1439,13:31:52,31.36,-0.04,12,37637,卖盘
1440,13:32:19,31.42,0.06,3,9426,买盘
1441,13:32:22,31.38,-0.04,1,3138,卖盘
1442,13:32:43,31.42,0.04,8,25128,买盘
1443,13:32:49,31.42,0.0,1,3142,买盘
1444,13:32:55,31.39,-0.03,3,9417,卖盘
1445,13:33:25,31.37,-0.02,26,81584,卖盘
1446,13:33:37,31.37,0.0,12,37644,卖盘
1447,13:33:42,31.39,0.02,20,62742,买盘
1448,13:33:52,31.37,-0.02,26,81578,卖盘
1449,13:34:01,31.39,0.02,5,15692,买盘
1450,13:34:18,31.4,0.01,2,6280,卖盘
1451,13:34:22,31.42,0.02,16,50271,买盘
1452,13:34:33,31.43,0.01,6,18858,买盘
1453,13:34:37,31.43,0.0,4,12572,买盘
1454,13:34:49,31.46,0.03,2,6292,买盘
1455,13:35:10,31.46,0.0,4,12584,买盘
1456,13:35:28,31.47,0.01,1,3147,买盘
1457,13:35:33,31.46,-0.01,15,47201,卖盘
1458,13:35:40,31.47,0.01,1,3147,卖盘
1459,13:35:43,31.48,0.01,14,44072,买盘
1460,13:35:55,31.47,-0.01,3,9441,卖盘
1461,13:35:58,31.48,0.01,5,15740,买盘
1462,13:36:01,31.47,-0.01,9,28323,卖盘
1463,13:36:28,31.47,0.0,2,6294,买盘
1464,13:36:46,31.47,0.0,5,15735,卖盘
1465,13:36:49,31.46,-0.01,15,47190,卖盘
1466,13:37:00,31.47,0.01,4,12588,买盘
1467,13:37:27,31.47,0.0,2,6294,买盘
1468,13:37:45,31.47,0.0,10,31470,买盘
1469,13:38:01,31.48,0.01,6,18888,买盘
1470,13:38:04,31.48,0.0,3,9444,买盘
1471,13:38:10,31.47,-0.01,10,31470,买盘
1472,13:38:16,31.48,0.01,13,40924,买盘
1473,13:38:18,31.48,0.0,2,6296,买盘
1474,13:38:27,31.45,-0.03,27,84981,卖盘
1475,13:38:31,31.48,0.03,7,22030,买盘
1476,13:38:40,31.48,0.0,2,6296,买盘
1477,13:39:01,31.48,0.0,1,4250,买盘
1478,13:39:07,31.5,0.02,27,85046,买盘
1479,13:39:19,31.5,0.0,37,116550,买盘
1480,13:39:40,31.5,0.0,4,12600,买盘
1481,13:39:43,31.5,0.0,3,9450,买盘
1482,13:39:49,31.5,0.0,2,5607,买盘
1483,13:40:01,31.53,0.03,4,12612,买盘
1484,13:40:13,31.55,0.02,8,25240,买盘
1485,13:40:40,31.55,0.0,1,3155,买盘
1486,13:41:01,31.55,0.0,2,6310,买盘
1487,13:41:13,31.55,0.0,1,3155,买盘
1488,13:41:36,31.5,-0.05,3,9450,卖盘
1489,13:41:52,31.5,0.0,8,25893,卖盘
1490,13:42:01,31.5,0.0,4,11907,买盘
1491,13:42:16,31.55,0.05,1,3155,买盘
1492,13:42:34,31.5,-0.05,4,12610,卖盘
1493,13:42:43,31.53,0.03,1,3153,卖盘
1494,13:42:54,31.53,0.0,5,15765,买盘
1495,13:43:01,31.53,0.0,2,6306,买盘
1496,13:43:25,31.52,-0.01,2,6304,买盘
1497,13:43:31,31.5,-0.02,2,6300,卖盘
1498,13:43:40,31.52,0.02,6,18912,买盘
1499,13:44:01,31.55,0.03,13,41007,买盘
1500,13:44:09,31.54,-0.01,1,3154,卖盘
1501,13:44:39,31.55,0.01,2,6310,买盘
1502,13:44:55,31.52,-0.03,5,15760,卖盘
1503,13:44:58,31.5,-0.02,9,28350,卖盘
1504,13:45:01,31.52,0.02,2,6304,买盘
1505,13:45:15,31.52,0.0,18,56736,买盘
1506,13:45:31,31.52,0.0,17,53584,卖盘
1507,13:45:45,31.5,-0.02,1,3150,卖盘
1508,13:46:06,31.5,0.0,10,32197,卖盘
1509,13:46:43,31.48,-0.02,1,2046,买盘
1510,13:47:01,31.48,0.0,2,6296,买盘
1511,13:47:04,31.48,0.0,10,31480,买盘
1512,13:47:19,31.47,-0.01,18,56646,卖盘
1513,13:47:25,31.47,0.0,5,15735,买盘
1514,13:47:31,31.46,-0.01,5,15730,卖盘
1515,13:47:37,31.45,-0.01,21,66045,卖盘
1516,13:47:55,31.44,-0.01,14,44019,卖盘
1517,13:47:58,31.44,0.0,1,3144,买盘
1518,13:48:01,31.44,0.0,4,12576,买盘
1519,13:48:07,31.43,-0.01,40,125720,卖盘
1520,13:48:09,31.44,0.01,2,6288,买盘
1521,13:48:12,31.44,0.0,7,22008,买盘
1522,13:48:18,31.43,-0.01,4,12572,卖盘
1523,13:48:28,31.43,0.0,20,62870,卖盘
1524,13:48:31,31.43,0.0,5,15715,卖盘
1525,13:48:36,31.43,0.0,1,3143,买盘
1526,13:48:42,31.37,-0.06,19,59627,卖盘
1527,13:48:46,31.43,0.06,1,3143,买盘
1528,13:48:54,31.37,-0.06,1,3137,中性盘
1529,13:49:01,31.43,0.06,1,3143,买盘
1530,13:49:04,31.35,-0.08,15,47116,卖盘
1531,13:49:07,31.35,0.0,2,6270,买盘
1532,13:49:12,31.33,-0.02,1,3133,卖盘
1533,13:49:18,31.36,0.03,20,62717,买盘
1534,13:49:28,31.33,-0.03,2,6268,卖盘
1535,13:49:43,31.33,0.0,22,68910,卖盘
1536,13:49:46,31.33,0.0,14,43893,买盘
1537,13:50:07,31.4,0.07,20,62800,买盘
1538,13:50:18,31.35,-0.05,20,62700,卖盘
1539,13:50:21,31.35,0.0,4,12540,买盘
1540,13:50:25,31.4,0.05,3,9415,买盘
1541,13:50:36,31.4,0.0,10,31400,买盘
1542,13:50:43,31.4,0.0,12,37680,买盘
1543,13:50:55,31.35,-0.05,5,15676,卖盘
1544,13:51:01,31.35,0.0,17,53295,买盘
1545,13:51:04,31.35,0.0,3,9405,买盘
1546,13:51:22,31.44,0.09,1,3144,买盘
1547,13:51:31,31.44,0.0,16,50304,卖盘
1548,13:51:34,31.44,0.0,3,9432,买盘
1549,13:51:37,31.54,0.1,9,28306,买盘
1550,13:51:46,31.55,0.01,21,66251,买盘
1551,13:51:52,31.55,0.0,11,34705,买盘
1552,13:51:55,31.55,0.0,3,9465,买盘
1553,13:51:58,31.55,0.0,11,34752,卖盘
1554,13:52:07,31.62,0.07,25,78906,买盘
1555,13:52:13,31.62,0.0,12,37941,买盘
1556,13:52:16,31.63,0.01,6,18973,买盘
1557,13:52:25,31.63,0.0,3,9489,买盘
1558,13:52:28,31.63,0.0,3,9489,买盘
1559,13:52:40,31.65,0.02,5,15825,买盘
1560,13:52:43,31.62,-0.03,21,66406,卖盘
1561,13:52:49,31.62,0.0,4,12648,买盘
1562,13:52:52,31.62,0.0,2,6324,买盘
1563,13:53:07,31.64,0.02,1,3164,买盘
1564,13:53:16,31.69,0.05,80,253499,买盘
1565,13:53:19,31.62,-0.07,1,3162,卖盘
1566,13:53:22,31.78,0.16,41,131090,买盘
1567,13:53:34,31.78,0.0,1,3178,卖盘
1568,13:53:40,31.78,0.0,1,1970,买盘
1569,13:53:43,31.78,0.0,22,69974,买盘
1570,13:53:54,31.62,-0.16,12,37944,卖盘
1571,13:54:04,31.62,0.0,2,6324,买盘
1572,13:54:10,31.62,0.0,6,18972,买盘
1573,13:54:16,31.62,0.0,9,28458,买盘
1574,13:54:31,31.62,0.0,25,79055,卖盘
1575,13:55:07,31.65,0.03,27,85475,卖盘
1576,13:55:22,31.79,0.14,5,15895,中性盘
1577,13:55:25,31.79,0.0,17,54043,买盘
1578,13:55:28,31.8,0.01,19,60411,买盘
1579,13:55:43,31.65,-0.15,41,130167,卖盘
1580,13:55:46,31.65,0.0,7,22155,买盘
1581,13:55:55,31.78,0.13,4,12712,卖盘
1582,13:56:04,31.78,0.0,20,63560,卖盘
1583,13:56:13,31.8,0.02,1,3180,买盘
1584,13:56:16,31.82,0.02,4,12728,买盘
1585,13:56:19,31.8,-0.02,23,73140,卖盘
1586,13:56:22,31.82,0.02,9,28638,买盘
1587,13:56:33,31.84,0.02,105,335492,买盘
1588,13:56:43,31.84,0.0,5,15920,卖盘
1589,13:56:49,31.85,0.01,1,3185,买盘
1590,13:56:52,31.84,-0.01,8,24262,卖盘
1591,13:56:58,31.8,-0.04,25,79548,卖盘
1592,13:57:04,31.84,0.04,4,12736,买盘
1593,13:57:16,31.8,-0.04,20,63600,卖盘
1594,13:57:19,31.84,0.04,34,109456,买盘
1595,13:57:22,31.84,0.0,1,3184,卖盘
1596,13:57:28,31.85,0.01,1,3185,买盘
1597,13:57:31,31.84,-0.01,97,307708,卖盘
1598,13:57:34,31.85,0.01,1,3185,卖盘
1599,13:57:43,31.85,0.0,40,127373,买盘
1600,13:57:49,31.86,0.01,2,6371,买盘
1601,13:57:58,31.82,-0.04,1,3182,卖盘
1602,13:58:01,31.82,0.0,2,6364,买盘
1603,13:58:07,31.81,-0.01,18,57268,卖盘
1604,13:58:13,31.82,0.01,5,15910,中性盘
1605,13:58:34,31.82,0.0,10,31820,卖盘
1606,13:58:40,31.82,0.0,9,28638,卖盘
1607,13:58:58,31.81,-0.01,13,41353,卖盘
1608,13:59:00,31.8,-0.01,10,31809,卖盘
1609,13:59:07,31.81,0.01,4,12724,卖盘
1610,13:59:10,31.81,0.0,2,6362,卖盘
1611,13:59:25,31.81,0.0,21,66801,卖盘
1612,13:59:33,31.81,0.0,23,73163,卖盘
1613,13:59:40,31.81,0.0,6,19086,卖盘
1614,13:59:49,31.8,-0.01,100,318001,卖盘
1615,14:00:01,31.8,0.0,14,44520,卖盘
1616,14:00:04,31.8,0.0,10,31800,卖盘
1617,14:00:10,31.8,0.0,2,6360,卖盘
1618,14:00:34,31.8,0.0,10,31800,买盘
1619,14:00:37,31.78,-0.02,15,47696,卖盘
1620,14:00:43,31.8,0.02,1,3180,买盘
1621,14:00:46,31.78,-0.02,1,3178,卖盘
1622,14:00:55,31.8,0.02,5,15896,买盘
1623,14:01:07,31.8,0.0,1,3180,卖盘
1624,14:01:10,31.8,0.0,1,3180,买盘
1625,14:01:16,31.81,0.01,26,82686,买盘
1626,14:01:28,31.8,-0.01,1,3180,卖盘
1627,14:01:34,31.8,0.0,3,9541,卖盘
1628,14:01:40,31.8,0.0,2,6360,卖盘
1629,14:01:52,31.78,-0.02,4,12712,卖盘
1630,14:01:55,31.75,-0.03,1,3175,买盘
1631,14:02:04,31.69,-0.06,18,57072,卖盘
1632,14:02:10,31.75,0.06,1,3175,买盘
1633,14:02:13,31.75,0.0,2,6350,卖盘
1634,14:02:19,31.7,-0.05,1,3170,买盘
1635,14:02:24,31.68,-0.02,1,3168,卖盘
1636,14:02:28,31.7,0.02,4,12680,买盘
1637,14:02:31,31.7,0.0,8,25360,买盘
1638,14:02:52,31.7,0.0,1,3170,卖盘
1639,14:03:16,31.7,0.0,5,15850,卖盘
1640,14:03:19,31.7,0.0,5,15850,卖盘
1641,14:03:37,31.75,0.05,1,3175,买盘
1642,14:04:21,31.75,0.0,2,6352,中性盘
1643,14:04:49,31.76,0.01,1,3176,卖盘
1644,14:04:55,31.75,-0.01,1,3175,卖盘
1645,14:05:00,31.7,-0.05,8,25365,卖盘
1646,14:05:07,31.8,0.1,19,60353,买盘
1647,14:05:16,31.7,-0.1,39,123642,卖盘
1648,14:05:19,31.72,0.02,5,15860,买盘
1649,14:05:36,31.74,0.02,7,22212,买盘
1650,14:05:39,31.71,-0.03,34,107844,卖盘
1651,14:05:43,31.74,0.03,50,158700,买盘
1652,14:05:51,31.72,-0.02,1,3172,卖盘
1653,14:05:57,31.74,0.02,50,158676,买盘
1654,14:06:25,31.71,-0.03,40,126847,卖盘
1655,14:06:28,31.73,0.02,6,19038,买盘
1656,14:06:31,31.73,0.0,2,6346,卖盘
1657,14:06:34,31.73,0.0,1,3173,卖盘
1658,14:06:37,31.73,0.0,1,3173,卖盘
1659,14:06:49,31.73,0.0,24,76156,卖盘
1660,14:06:55,31.73,0.0,25,79325,买盘
1661,14:07:22,31.7,-0.03,20,63408,卖盘
1662,14:07:31,31.7,0.0,5,15850,卖盘
1663,14:07:52,31.7,0.0,6,19020,卖盘
1664,14:08:06,31.68,-0.02,11,34848,卖盘
1665,14:08:10,31.7,0.02,5,15850,买盘
1666,14:08:19,31.67,-0.03,2,6334,卖盘
1667,14:10:06,31.69,0.02,1,3169,买盘
1668,14:10:25,31.7,0.01,14,44380,买盘
1669,14:10:36,31.7,0.0,2,6340,卖盘
1670,14:10:39,31.72,0.02,1,3172,买盘
1671,14:11:01,31.72,0.0,1,3172,买盘
1672,14:11:04,31.72,0.0,7,22204,买盘
1673,14:11:36,31.73,0.01,1,3173,买盘
1674,14:12:19,31.72,-0.01,7,22204,卖盘
1675,14:12:22,31.72,0.0,2,6344,买盘
1676,14:12:33,31.7,-0.02,34,107780,卖盘
1677,14:12:58,31.7,0.0,2,6340,买盘
1678,14:13:00,31.7,0.0,1,3170,买盘
1679,14:13:22,31.67,-0.03,19,60175,卖盘
1680,14:14:15,31.67,0.0,2,6334,卖盘
1681,14:14:37,31.67,0.0,5,15835,卖盘
1682,14:14:52,31.68,0.01,2,6336,买盘
1683,14:14:55,31.68,0.0,1,3168,卖盘
1684,14:15:01,31.68,0.0,11,34848,卖盘
1685,14:15:18,31.69,0.01,5,15845,买盘
1686,14:15:24,31.69,0.0,1,3169,卖盘
1687,14:15:34,31.69,0.0,5,15845,卖盘
1688,14:15:46,31.7,0.01,30,95924,买盘
1689,14:15:55,31.7,0.0,2,6340,卖盘
1690,14:15:57,31.7,0.0,1,3170,卖盘
1691,14:16:22,31.72,0.02,1,3172,买盘
1692,14:16:28,31.72,0.0,2,6344,卖盘
1693,14:16:34,31.72,0.0,12,38064,卖盘
1694,14:16:45,31.7,-0.02,1,3170,卖盘
1695,14:17:01,31.72,0.02,5,15860,买盘
1696,14:17:04,31.7,-0.02,1,3170,卖盘
1697,14:17:13,31.72,0.02,7,22204,买盘
1698,14:17:19,31.72,0.0,56,177632,买盘
1699,14:17:22,31.7,-0.02,5,15850,卖盘
1700,14:17:27,31.72,0.02,4,12688,买盘
1701,14:17:43,31.72,0.0,5,15860,买盘
1702,14:17:46,31.72,0.0,3,9516,买盘
1703,14:17:48,31.73,0.01,2,6346,买盘
1704,14:17:55,31.72,-0.01,6,19032,卖盘
1705,14:17:58,31.72,0.0,13,41236,买盘
1706,14:18:09,31.7,-0.02,3,9510,卖盘
1707,14:18:16,31.72,0.02,8,25376,买盘
1708,14:18:30,31.72,0.0,21,66612,卖盘
1709,14:18:49,31.7,-0.02,5,15850,卖盘
1710,14:18:58,31.7,0.0,2,6340,卖盘
1711,14:19:07,31.7,0.0,17,53066,卖盘
1712,14:19:42,31.69,-0.01,16,50708,卖盘
1713,14:19:49,31.69,0.0,2,6338,买盘
1714,14:19:58,31.69,0.0,5,15845,买盘
1715,14:20:06,31.69,0.0,1,3169,买盘
1716,14:20:18,31.69,0.0,13,41197,卖盘
1717,14:20:21,31.69,0.0,14,44366,买盘
1718,14:20:46,31.73,0.04,25,79325,买盘
1719,14:20:55,31.73,0.0,26,82498,卖盘
1720,14:21:06,31.73,0.0,2,6346,卖盘
1721,14:21:18,31.73,0.0,1,3173,卖盘
1722,14:21:21,31.73,0.0,2,6346,买盘
1723,14:21:31,31.69,-0.04,23,72887,卖盘
1724,14:21:37,31.69,0.0,3,9507,买盘
1725,14:21:55,31.7,0.01,15,47550,卖盘
1726,14:22:07,31.7,0.0,12,38040,卖盘
1727,14:22:43,31.69,-0.01,12,38028,卖盘
1728,14:22:48,31.69,0.0,5,15845,买盘
1729,14:23:04,31.69,0.0,2,6338,买盘
1730,14:23:19,31.68,-0.01,24,76032,卖盘
1731,14:23:54,31.73,0.05,25,79301,买盘
1732,14:24:24,31.74,0.01,3,9522,买盘
1733,14:24:31,31.73,-0.01,6,19038,卖盘
1734,14:24:42,31.73,0.0,6,19038,买盘
1735,14:24:58,31.73,0.0,2,6345,买盘
1736,14:25:07,31.69,-0.04,10,31693,卖盘
1737,14:25:25,31.68,-0.01,1,3168,卖盘
1738,14:25:42,31.68,0.0,22,69696,卖盘
1739,14:25:57,31.67,-0.01,1,3167,卖盘
1740,14:26:19,31.67,0.0,3,9501,卖盘
1741,14:26:22,31.67,0.0,4,12668,买盘
1742,14:26:36,31.67,0.0,19,60173,买盘
1743,14:26:52,31.67,0.0,4,12668,卖盘
1744,14:26:55,31.67,0.0,7,22169,卖盘
1745,14:27:07,31.67,0.0,5,15835,买盘
1746,14:27:10,31.67,0.0,11,34837,买盘
1747,14:27:21,31.67,0.0,3,9501,买盘
1748,14:27:30,31.66,-0.01,21,66487,卖盘
1749,14:27:36,31.66,0.0,1,3166,买盘
1750,14:27:42,31.66,0.0,9,28494,买盘
1751,14:28:01,31.69,0.03,16,50704,买盘
1752,14:28:04,31.68,-0.01,7,22177,卖盘
1753,14:28:07,31.68,0.0,3,9504,卖盘
1754,14:28:10,31.68,0.0,10,31680,买盘
1755,14:28:13,31.68,0.0,2,6336,买盘
1756,14:28:19,31.68,0.0,9,28512,买盘
1757,14:28:25,31.68,0.0,5,15840,买盘
1758,14:28:31,31.68,0.0,2,6336,买盘
1759,14:28:40,31.67,-0.01,1,3167,卖盘
1760,14:28:43,31.67,0.0,72,228112,卖盘
1761,14:28:46,31.67,0.0,5,15835,买盘
1762,14:28:52,31.69,0.02,1,3169,买盘
1763,14:28:55,31.69,0.0,1,3169,买盘
1764,14:28:58,31.69,0.0,7,22183,买盘
1765,14:29:01,31.69,0.0,11,35429,买盘
1766,14:29:07,31.72,0.03,2,6344,买盘
1767,14:29:19,31.72,0.0,7,22204,卖盘
1768,14:29:22,31.72,0.0,4,12688,买盘
1769,14:29:28,31.72,0.0,14,44408,买盘
1770,14:29:34,31.69,-0.03,1,3169,卖盘
1771,14:29:37,31.79,0.1,53,168365,买盘
1772,14:29:43,31.81,0.02,60,190816,买盘
1773,14:29:52,31.8,-0.01,3,9540,卖盘
1774,14:29:55,31.85,0.05,51,162377,买盘
1775,14:30:07,31.87,0.02,24,77697,买盘
1776,14:30:09,31.88,0.01,35,111571,买盘
1777,14:30:13,31.88,0.0,10,31880,卖盘
1778,14:30:19,31.89,0.01,10,31890,买盘
1779,14:30:25,31.88,-0.01,1,3188,卖盘
1780,14:30:28,31.88,0.0,10,31880,卖盘
1781,14:30:31,31.88,0.0,9,28700,卖盘
1782,14:30:34,31.88,0.0,6,19128,买盘
1783,14:30:37,31.89,0.01,15,47825,买盘
1784,14:30:46,31.89,0.0,3,9567,卖盘
1785,14:30:49,31.9,0.01,1,3190,买盘
1786,14:30:52,31.9,0.0,5,15950,买盘
1787,14:30:55,31.89,-0.01,20,63781,卖盘
1788,14:30:58,31.92,0.03,1,3192,买盘
1789,14:31:01,31.92,0.0,1,3192,买盘
1790,14:31:07,31.91,-0.01,3,9573,卖盘
1791,14:31:10,31.92,0.01,12,38293,买盘
1792,14:31:22,31.92,0.0,2,6384,卖盘
1793,14:31:31,31.92,0.0,9,28731,卖盘
1794,14:31:33,31.92,0.0,1,3192,卖盘
1795,14:31:37,31.93,0.01,9,28733,买盘
1796,14:31:40,31.95,0.02,83,265158,买盘
1797,14:31:43,31.95,0.0,17,54315,卖盘
1798,14:32:07,31.94,-0.01,1,3194,中性盘
1799,14:32:19,31.95,0.01,3,9585,买盘
1800,14:32:22,31.95,0.0,1,3195,卖盘
1801,14:32:28,31.95,0.0,6,19170,卖盘
1802,14:32:31,31.95,0.0,6,19170,买盘
1803,14:32:37,31.94,-0.01,5,15970,卖盘
1804,14:32:55,31.93,-0.01,6,19158,买盘
1805,14:33:04,31.91,-0.02,5,15955,卖盘
1806,14:33:06,31.94,0.03,20,63869,买盘
1807,14:33:12,31.94,0.0,11,35134,卖盘
1808,14:33:19,31.94,0.0,12,38328,卖盘
1809,14:33:22,31.94,0.0,20,63880,卖盘
1810,14:33:31,31.94,0.0,1,3194,卖盘
1811,14:33:37,31.96,0.02,25,79881,买盘
1812,14:33:49,31.96,0.0,2,6392,卖盘
1813,14:33:52,31.96,0.0,6,19176,卖盘
1814,14:33:58,31.98,0.02,5,15989,买盘
1815,14:34:07,31.96,-0.02,10,31960,卖盘
1816,14:34:31,31.98,0.02,1,3198,买盘
1817,14:34:43,31.96,-0.02,10,31960,卖盘
1818,14:34:54,31.98,0.02,1,3198,买盘
1819,14:35:01,31.96,-0.02,10,31960,卖盘
1820,14:35:04,31.96,0.0,20,63920,卖盘
1821,14:35:13,31.96,0.0,8,25568,卖盘
1822,14:35:15,31.96,0.0,1,3196,卖盘
1823,14:35:34,31.96,0.0,13,41548,卖盘
1824,14:35:37,31.96,0.0,9,28764,卖盘
1825,14:35:45,31.94,-0.02,31,99014,卖盘
1826,14:36:01,31.91,-0.03,2,6382,卖盘
1827,14:36:18,31.91,0.0,3,9573,卖盘
1828,14:36:22,31.94,0.03,50,159680,买盘
1829,14:36:25,31.94,0.0,14,44716,卖盘
1830,14:36:36,31.91,-0.03,3,9576,卖盘
1831,14:36:45,31.94,0.03,7,22343,买盘
1832,14:37:37,31.89,-0.05,9,28701,卖盘
1833,14:37:46,31.89,0.0,30,95670,卖盘
1834,14:37:49,31.89,0.0,1,3189,卖盘
1835,14:37:55,31.89,0.0,1,3189,卖盘
1836,14:38:28,31.88,-0.01,5,15937,买盘
1837,14:38:31,31.85,-0.03,1,3185,中性盘
1838,14:38:40,31.88,0.03,2,6376,买盘
1839,14:38:49,31.88,0.0,2,6374,买盘
1840,14:39:04,31.88,0.0,5,15940,买盘
1841,14:39:10,31.88,0.0,4,12752,买盘
1842,14:39:12,31.88,0.0,1,3188,买盘
1843,14:39:25,31.88,0.0,5,15940,卖盘
1844,14:39:28,31.89,0.01,4,12756,买盘
1845,14:39:43,31.9,0.01,2,6380,买盘
1846,14:39:49,31.9,0.0,1,3190,卖盘
1847,14:40:00,31.93,0.03,34,108543,买盘
1848,14:40:10,31.91,0.0,1,2617,卖盘
1849,14:40:16,31.93,0.02,3,9579,买盘
1850,14:40:25,31.93,0.0,4,12772,卖盘
1851,14:40:34,31.94,0.01,3,9582,买盘
1852,14:40:40,31.95,0.01,2,6390,买盘
1853,14:40:46,31.95,0.0,4,12780,买盘
1854,14:41:06,31.95,0.0,6,19170,买盘
1855,14:41:10,31.94,-0.01,5,15970,卖盘
1856,14:41:22,31.94,0.0,2,6388,卖盘
1857,14:41:28,31.94,0.0,5,15970,卖盘
1858,14:41:37,31.91,-0.03,2,6542,卖盘
1859,14:41:46,31.88,-0.03,7,22316,卖盘
1860,14:41:51,31.88,0.0,3,9564,卖盘
1861,14:42:12,31.86,-0.02,3,9558,卖盘
1862,14:42:28,31.86,0.0,2,6372,买盘
1863,14:43:04,31.86,0.0,1,3186,买盘
1864,14:43:07,31.86,0.0,3,9558,买盘
1865,14:43:10,31.85,-0.01,1,3185,卖盘
1866,14:43:19,31.85,0.0,9,28665,卖盘
1867,14:43:34,31.85,0.0,2,6370,买盘
1868,14:43:36,31.84,-0.01,3,9552,卖盘
1869,14:43:43,31.84,0.0,1,3184,买盘
1870,14:44:09,31.84,0.0,2,6368,买盘
1871,14:44:12,31.86,0.02,1,3186,买盘
1872,14:44:25,31.83,-0.03,3,9550,卖盘
1873,14:44:40,31.84,0.01,10,31846,卖盘
1874,14:44:58,31.82,-0.02,10,31823,卖盘
1875,14:45:01,31.82,0.0,3,9546,卖盘
1876,14:45:04,31.84,0.02,5,15916,买盘
1877,14:45:40,31.82,-0.02,20,63640,买盘
1878,14:45:46,31.81,-0.01,2,6362,卖盘
1879,14:45:58,31.81,0.0,10,31818,卖盘
1880,14:46:06,31.83,0.02,5,15915,卖盘
1881,14:46:13,31.83,0.0,1,3183,卖盘
1882,14:46:31,31.84,0.01,11,35024,买盘
1883,14:46:51,31.83,-0.01,10,31830,买盘
1884,14:47:04,31.84,0.01,2,6368,买盘
1885,14:47:22,31.86,0.02,2,6369,买盘
1886,14:47:46,31.86,0.0,42,133800,买盘
1887,14:47:49,31.86,0.0,3,9558,买盘
1888,14:47:52,31.84,-0.02,1,3184,卖盘
1889,14:48:16,31.85,0.01,1,3185,卖盘
1890,14:48:22,31.88,0.03,3,9564,买盘
1891,14:48:46,31.93,0.05,3,9576,卖盘
1892,14:49:01,31.95,0.02,36,114831,买盘
1893,14:49:07,31.95,0.0,7,22365,卖盘
1894,14:49:16,31.95,0.0,11,35308,卖盘
1895,14:49:46,31.91,-0.04,4,12764,卖盘
1896,14:49:52,31.9,-0.01,3,9570,卖盘
1897,14:49:55,31.92,0.02,6,19148,买盘
1898,14:50:01,31.9,-0.02,6,19145,卖盘
1899,14:50:19,31.94,0.04,1,3194,买盘
1900,14:50:22,31.91,-0.03,10,31910,卖盘
1901,14:50:25,31.94,0.03,3,9582,买盘
1902,14:50:37,31.93,-0.01,1,3193,买盘
1903,14:50:40,31.96,0.03,58,185273,买盘
1904,14:50:46,31.93,-0.03,4,12772,中性盘
1905,14:50:55,31.93,0.0,8,25544,买盘
1906,14:51:13,31.93,0.0,3,9579,卖盘
1907,14:51:22,31.93,0.0,20,63860,卖盘
1908,14:51:25,31.93,0.0,17,54295,卖盘
1909,14:51:31,31.96,0.03,26,82892,买盘
1910,14:51:34,31.96,0.0,9,28764,卖盘
1911,14:51:40,31.96,0.0,2,6392,卖盘
1912,14:51:46,31.96,0.0,21,67276,卖盘
1913,14:52:07,31.94,-0.02,2,6388,买盘
1914,14:52:13,31.93,-0.01,2,6386,买盘
1915,14:52:19,31.94,0.01,5,15973,中性盘
1916,14:52:25,31.95,0.01,13,41535,买盘
1917,14:52:28,31.95,0.0,2,6390,买盘
1918,14:52:31,31.94,-0.01,12,38330,卖盘
1919,14:52:40,31.94,0.0,3,9582,卖盘
1920,14:52:46,31.95,0.01,4,12782,卖盘
1921,14:52:52,31.97,0.02,13,41556,买盘
1922,14:53:01,31.95,-0.02,5,15976,卖盘
1923,14:53:19,31.97,0.02,2,6394,买盘
1924,14:53:34,31.95,-0.02,21,67095,卖盘
1925,14:53:37,31.97,0.02,20,63927,买盘
1926,14:53:43,31.97,0.0,34,108662,买盘
1927,14:53:49,31.95,-0.02,43,137385,卖盘
1928,14:53:52,31.95,0.0,1,3195,买盘
1929,14:53:55,31.97,0.02,26,82940,买盘
1930,14:54:01,31.94,-0.03,29,92698,卖盘
1931,14:54:10,31.94,0.0,2,6548,卖盘
1932,14:54:13,31.94,0.0,2,6388,买盘
1933,14:54:25,31.94,0.0,1,3034,卖盘
1934,14:54:28,31.93,-0.01,3,9580,买盘
1935,14:54:46,31.95,0.02,8,25553,买盘
1936,14:54:49,31.93,-0.02,8,25544,卖盘
1937,14:54:58,31.93,0.0,3,9579,卖盘
1938,14:55:01,31.95,0.02,8,25560,买盘
1939,14:55:04,31.94,-0.01,33,105433,中性盘
1940,14:55:07,31.94,0.0,1,3194,卖盘
1941,14:55:19,31.94,0.0,11,35134,卖盘
1942,14:55:25,31.94,0.0,9,28746,卖盘
1943,14:55:31,31.93,-0.01,35,111757,卖盘
1944,14:55:49,31.94,0.01,19,60686,卖盘
1945,14:55:52,31.93,-0.01,5,16125,卖盘
1946,14:55:58,31.93,0.0,6,19158,买盘
1947,14:56:04,31.93,0.0,19,60667,买盘
1948,14:56:07,31.92,-0.01,23,73435,卖盘
1949,14:56:10,31.92,0.0,10,31920,卖盘
1950,14:56:13,31.93,0.01,16,50928,买盘
1951,14:56:16,31.93,0.0,3,9579,卖盘
1952,14:56:22,31.92,-0.01,3,9577,卖盘
1953,14:56:25,31.93,0.01,19,60667,卖盘
1954,14:56:28,31.93,0.0,6,19158,卖盘
1955,14:56:31,31.94,0.01,17,54298,买盘
1956,14:56:37,31.94,0.0,10,31940,卖盘
1957,14:56:40,31.95,0.01,1,3195,买盘
1958,14:56:43,31.94,-0.01,5,15970,卖盘
1959,14:56:46,31.95,0.01,16,51120,买盘
1960,14:56:49,31.95,0.0,2,6390,卖盘
1961,14:56:52,31.95,0.0,9,28755,卖盘
1962,14:56:55,31.95,0.0,12,38340,卖盘
1963,14:56:58,31.95,0.0,5,15975,卖盘
1964,14:57:01,31.95,0.0,14,44740,卖盘
1965,15:00:04,31.95,0.0,317,1012815,卖盘
