,time,price,change,volume,amount,type
0,09:25:04,22.55,0.1,5,11275,卖盘
1,09:30:07,22.5,-0.05,40,90050,卖盘
2,09:30:19,22.45,-0.05,4,8980,卖盘
3,09:30:25,22.45,0.0,1,2245,卖盘
4,09:30:34,22.5,0.05,5,11248,买盘
5,09:30:46,22.49,-0.01,1,2249,中性盘
6,09:30:55,22.49,0.0,1,2249,买盘
7,09:31:16,22.48,-0.01,4,8990,买盘
8,09:31:25,22.48,0.0,1,2248,买盘
9,09:31:34,22.48,0.0,1,2248,买盘
10,09:32:04,22.39,-0.09,9,20151,卖盘
11,09:32:13,22.4,0.01,19,43053,卖盘
12,09:32:22,22.45,0.05,1,2245,买盘
13,09:32:28,22.45,0.0,1,2245,买盘
14,09:32:43,22.48,0.03,5,11238,买盘
15,09:32:55,22.46,-0.02,1,2246,买盘
16,09:33:05,22.48,0.02,1,2248,买盘
17,09:33:07,22.45,-0.03,2,4490,卖盘
18,09:33:25,22.47,0.02,4,8985,买盘
19,09:33:28,22.47,0.0,7,15729,卖盘
20,09:33:37,22.47,0.0,2,4494,卖盘
21,09:33:43,22.48,0.01,6,13487,买盘
22,09:33:46,22.5,0.02,5,11250,买盘
23,09:33:58,22.48,-0.02,3,6746,卖盘
24,09:34:01,22.49,0.01,2,4498,中性盘
25,09:34:13,22.45,-0.04,13,29206,卖盘
26,09:34:25,22.46,0.01,5,11230,买盘
27,09:34:31,22.46,0.0,7,15705,买盘
28,09:34:58,22.45,-0.01,6,13470,买盘
29,09:35:05,22.35,-0.1,119,265866,卖盘
30,09:35:13,22.35,0.0,6,13410,买盘
31,09:35:22,22.35,0.0,13,29547,买盘
32,09:35:31,22.35,0.0,3,6705,卖盘
33,09:35:43,22.35,0.0,30,67063,卖盘
34,09:36:25,22.45,0.1,1,2245,买盘
35,09:36:37,22.45,0.0,5,11223,买盘
36,09:36:43,22.39,-0.06,2,4481,卖盘
37,09:36:46,22.39,0.0,1,2239,卖盘
38,09:36:55,22.44,0.05,4,8976,买盘
39,09:37:25,22.44,0.0,3,6732,买盘
40,09:37:31,22.43,-0.01,5,11215,卖盘
41,09:37:58,22.42,-0.01,5,11210,买盘
42,09:38:13,22.39,-0.03,11,24632,卖盘
43,09:38:22,22.39,0.0,4,8956,卖盘
44,09:38:28,22.39,0.0,1,2239,买盘
45,09:38:31,22.38,-0.01,6,13428,卖盘
46,09:38:49,22.38,0.0,1,2238,卖盘
47,09:39:10,22.39,0.01,3,6717,买盘
48,09:39:19,22.39,0.0,4,8956,买盘
49,09:39:22,22.39,0.0,1,2239,卖盘
50,09:39:49,22.38,-0.01,10,22380,卖盘
51,09:40:07,22.39,0.01,25,55975,买盘
52,09:40:10,22.37,-0.02,30,67125,卖盘
53,09:40:58,22.38,0.01,6,13428,卖盘
54,09:41:10,22.4,0.02,3,6720,买盘
55,09:41:16,22.4,0.0,11,24620,买盘
56,09:41:40,22.39,-0.01,1,2239,卖盘
57,09:41:43,22.4,0.01,3,6720,买盘
58,09:41:46,22.4,0.0,1,2240,买盘
59,09:42:04,22.4,0.0,3,6720,买盘
60,09:42:40,22.41,0.01,3,6723,买盘
61,09:42:46,22.41,0.0,1,2241,卖盘
62,09:42:58,22.42,0.01,5,11210,买盘
63,09:43:25,22.45,0.03,5,11225,买盘
64,09:43:31,22.42,-0.03,2,4484,卖盘
65,09:44:01,22.44,0.02,1,2244,买盘
66,09:44:04,22.41,-0.03,15,33628,卖盘
67,09:44:25,22.37,-0.04,52,116351,卖盘
68,09:45:01,22.37,0.0,16,35801,卖盘
69,09:45:16,22.36,-0.01,2,4472,卖盘
70,09:45:22,22.37,0.01,4,8948,买盘
71,09:45:25,22.37,0.0,2,4474,卖盘
72,09:45:31,22.41,0.04,1,2241,买盘
73,09:45:46,22.41,0.0,65,145499,买盘
74,09:45:58,22.36,-0.05,9,20144,卖盘
75,09:46:01,22.4,0.04,1,2240,买盘
76,09:46:10,22.36,-0.04,3,6708,卖盘
77,09:47:01,22.37,0.01,1,2237,卖盘
78,09:47:07,22.37,0.0,1,2237,卖盘
79,09:47:13,22.38,0.01,1,2238,买盘
80,09:47:22,22.33,-0.05,120,267766,卖盘
81,09:47:28,22.32,-0.01,2,4464,卖盘
82,09:47:37,22.32,0.0,2,4464,卖盘
83,09:47:58,22.32,0.0,2,4464,卖盘
84,09:48:01,22.33,0.01,21,46890,买盘
85,09:48:07,22.33,0.0,30,66990,买盘
86,09:48:10,22.32,-0.01,7,15624,卖盘
87,09:48:13,22.33,0.01,4,8932,买盘
88,09:48:16,22.33,0.0,63,140656,买盘
89,09:48:19,22.3,-0.03,11,24533,卖盘
90,09:48:31,22.33,0.03,15,33490,买盘
91,09:48:43,22.31,-0.02,10,22310,卖盘
92,09:48:46,22.33,0.02,50,111650,买盘
93,09:48:49,22.31,-0.02,16,35699,卖盘
94,09:48:52,22.33,0.02,2,4466,买盘
95,09:48:58,22.33,0.0,3,6699,买盘
96,09:49:07,22.33,0.0,5,11165,买盘
97,09:49:13,22.33,0.0,1,2233,买盘
98,09:49:16,22.33,0.0,1,2233,买盘
99,09:49:19,22.33,0.0,36,80879,买盘
100,09:49:25,22.32,-0.01,15,33490,卖盘
101,09:49:49,22.33,0.01,6,13401,卖盘
102,09:50:01,22.39,0.06,1,2239,买盘
103,09:50:07,22.39,0.0,1,2239,卖盘
104,09:50:34,22.4,0.01,4,8960,买盘
105,09:51:01,22.4,0.0,1,2240,买盘
106,09:51:25,22.35,-0.05,3,6705,卖盘
107,09:51:52,22.4,0.05,21,47040,买盘
108,09:52:04,22.4,0.0,8,17920,卖盘
109,09:52:28,22.41,0.01,3,6723,卖盘
110,09:53:04,22.42,0.01,3,6726,卖盘
111,09:53:19,22.41,-0.01,9,20169,卖盘
112,09:53:22,22.41,0.0,2,4482,卖盘
113,09:53:52,22.41,0.0,1,2241,买盘
114,09:54:46,22.4,-0.01,1,2240,买盘
115,09:55:40,22.36,-0.04,26,58136,卖盘
116,09:55:55,22.36,0.0,10,22360,卖盘
117,09:55:58,22.36,0.0,1,2236,卖盘
118,09:56:22,22.35,-0.01,9,20115,卖盘
119,09:56:28,22.35,0.0,21,46935,卖盘
120,09:56:31,22.36,0.01,7,15652,买盘
121,09:56:37,22.35,-0.01,9,20116,卖盘
122,09:57:10,22.33,-0.02,18,40222,卖盘
123,09:57:31,22.32,-0.01,22,49123,卖盘
124,09:57:46,22.32,0.0,7,15624,卖盘
125,09:57:52,22.32,0.0,5,10669,卖盘
126,09:58:01,22.32,0.0,1,2232,买盘
127,09:58:10,22.32,0.0,4,8928,买盘
128,09:58:16,22.32,0.0,4,8926,买盘
129,09:58:28,22.32,0.0,1,2723,卖盘
130,09:58:34,22.32,0.0,5,11160,卖盘
131,09:58:40,22.32,0.0,1,2232,卖盘
132,10:00:13,22.32,0.0,2,4464,卖盘
133,10:00:22,22.32,0.0,10,22320,卖盘
134,10:00:40,22.39,0.07,1,2239,买盘
135,10:00:52,22.33,-0.06,2,4466,卖盘
136,10:01:04,22.33,0.0,1,2233,卖盘
137,10:01:13,22.33,0.0,2,4466,卖盘
138,10:01:52,22.33,0.0,8,17864,卖盘
139,10:02:01,22.33,0.0,8,17894,卖盘
140,10:02:04,22.33,0.0,10,22330,卖盘
141,10:02:31,22.39,0.06,1,2239,买盘
142,10:02:55,22.39,0.0,2,4478,买盘
143,10:03:10,22.33,-0.06,8,17864,卖盘
144,10:03:37,22.33,0.0,3,6699,卖盘
145,10:04:28,22.32,-0.01,25,55309,卖盘
146,10:04:34,22.32,0.0,24,54059,买盘
147,10:04:58,22.33,0.01,1,2233,买盘
148,10:05:12,22.32,-0.01,37,82594,卖盘
149,10:05:31,22.39,0.07,5,11195,买盘
150,10:06:10,22.32,-0.07,6,13392,卖盘
151,10:06:25,22.32,0.0,10,22320,卖盘
152,10:07:19,22.32,0.0,10,22320,卖盘
153,10:07:31,22.32,0.0,11,24552,卖盘
154,10:07:46,22.32,0.0,7,15133,卖盘
155,10:08:04,22.31,-0.01,20,44620,卖盘
156,10:08:22,22.31,0.0,15,33956,卖盘
157,10:08:28,22.31,0.0,9,19588,卖盘
158,10:08:43,22.31,0.0,14,31224,买盘
159,10:08:52,22.3,-0.01,7,16101,卖盘
160,10:09:19,22.31,0.01,9,20079,买盘
161,10:09:22,22.3,-0.01,10,22300,卖盘
162,10:09:40,22.31,0.01,5,11155,买盘
163,10:09:43,22.31,0.0,1,2231,买盘
164,10:09:46,22.3,-0.01,2,4460,卖盘
165,10:09:49,22.3,0.0,2,4460,卖盘
166,10:09:52,22.31,0.01,13,29003,买盘
167,10:09:55,22.3,-0.01,7,15119,卖盘
168,10:10:04,22.3,0.0,2,4460,买盘
169,10:10:07,22.29,-0.01,11,24519,卖盘
170,10:10:10,22.3,0.01,3,6690,买盘
171,10:10:22,22.29,-0.01,12,26748,卖盘
172,10:10:31,22.3,0.01,10,22300,买盘
173,10:10:52,22.3,0.0,6,13871,买盘
174,10:11:22,22.3,0.0,10,22300,卖盘
175,10:11:28,22.3,0.0,14,30729,卖盘
176,10:11:49,22.29,-0.01,1,2229,卖盘
177,10:11:52,22.3,0.01,1,2230,买盘
178,10:11:55,22.3,0.0,8,17840,买盘
179,10:12:52,22.29,-0.01,1,2229,卖盘
180,10:13:19,22.29,0.0,6,13374,卖盘
181,10:13:31,22.29,0.0,5,11145,卖盘
182,10:13:34,22.29,0.0,3,6687,买盘
183,10:14:16,22.29,0.0,5,11145,卖盘
184,10:14:34,22.29,0.0,2,4458,买盘
185,10:14:37,22.3,0.01,24,54004,买盘
186,10:14:46,22.3,0.0,1,1739,买盘
187,10:15:31,22.29,-0.01,4,8916,卖盘
188,10:15:37,22.28,-0.01,20,44561,卖盘
189,10:16:10,22.26,-0.02,1,2226,卖盘
190,10:16:16,22.26,0.0,9,20034,买盘
191,10:16:25,22.25,-0.01,3,6675,卖盘
192,10:16:37,22.22,-0.03,5,11110,卖盘
193,10:16:43,22.22,0.0,5,11110,卖盘
194,10:17:16,22.23,0.01,15,33345,卖盘
195,10:17:28,22.24,0.01,2,4448,卖盘
196,10:17:34,22.25,0.01,1,2225,买盘
197,10:17:49,22.25,0.0,3,6675,买盘
198,10:17:52,22.25,0.0,6,13350,卖盘
199,10:17:58,22.24,-0.01,19,42260,卖盘
200,10:18:58,22.24,0.0,25,55600,卖盘
201,10:19:01,22.28,0.04,46,103935,买盘
202,10:19:13,22.28,0.0,23,51244,卖盘
203,10:19:25,22.28,0.0,3,6684,卖盘
204,10:20:16,22.3,0.02,25,55750,买盘
205,10:20:28,22.24,-0.06,3,6672,卖盘
206,10:20:55,22.23,-0.01,4,8894,卖盘
207,10:21:37,22.23,0.0,1,2223,卖盘
208,10:21:58,22.24,0.01,5,11120,卖盘
209,10:22:16,22.23,-0.01,19,42254,卖盘
210,10:22:58,22.24,0.01,3,6672,卖盘
211,10:23:10,22.24,0.0,30,66720,卖盘
212,10:23:27,22.24,0.0,16,35584,卖盘
213,10:24:01,22.23,-0.01,96,213435,卖盘
214,10:24:31,22.22,-0.01,14,31108,卖盘
215,10:24:34,22.22,0.0,1,2222,买盘
216,10:24:37,22.21,-0.01,69,153338,卖盘
217,10:24:55,22.21,0.0,9,19988,买盘
218,10:24:58,22.21,0.0,4,8884,买盘
219,10:25:01,22.18,-0.03,100,221908,卖盘
220,10:25:07,22.17,-0.01,5,11085,买盘
221,10:25:22,22.17,0.0,2,4434,买盘
222,10:25:37,22.14,-0.03,5,11070,卖盘
223,10:25:49,22.14,0.0,104,230544,卖盘
224,10:25:52,22.13,-0.01,10,22140,卖盘
225,10:26:01,22.16,0.03,3,6648,买盘
226,10:26:04,22.13,-0.03,24,53117,卖盘
227,10:26:07,22.15,0.02,9,19935,中性盘
228,10:26:19,22.15,0.0,20,44300,卖盘
229,10:26:28,22.18,0.03,5,11090,买盘
230,10:26:52,22.21,0.03,2,4442,买盘
231,10:27:10,22.19,-0.02,1,2219,卖盘
232,10:27:13,22.21,0.02,9,19979,买盘
233,10:27:16,22.18,-0.03,27,59897,卖盘
234,10:27:22,22.18,0.0,4,8872,卖盘
235,10:27:31,22.18,0.0,2,4436,买盘
236,10:27:58,22.18,0.0,134,297217,卖盘
237,10:28:01,22.18,0.0,4,8872,买盘
238,10:28:10,22.16,-0.02,4,8864,卖盘
239,10:28:16,22.16,0.0,5,11080,卖盘
240,10:28:22,22.16,0.0,5,11146,卖盘
241,10:28:25,22.16,0.0,11,24310,卖盘
242,10:28:28,22.16,0.0,2,4498,买盘
243,10:28:31,22.17,0.01,3,6651,买盘
244,10:28:34,22.17,0.0,7,15519,买盘
245,10:28:37,22.16,-0.01,6,13299,卖盘
246,10:28:43,22.18,0.02,22,48796,买盘
247,10:28:46,22.16,-0.02,5,11014,卖盘
248,10:28:49,22.15,-0.01,1,2215,卖盘
249,10:28:52,22.15,0.0,10,22225,卖盘
250,10:28:55,22.15,0.0,88,194920,卖盘
251,10:29:04,22.16,0.01,2,4432,买盘
252,10:29:13,22.16,0.0,1,2216,买盘
253,10:30:07,22.17,0.01,1,2217,卖盘
254,10:30:28,22.16,-0.01,8,17728,卖盘
255,10:30:31,22.16,0.0,5,11080,买盘
256,10:30:40,22.16,0.0,7,15512,买盘
257,10:30:43,22.16,0.0,20,44305,买盘
258,10:30:46,22.14,-0.02,14,30998,卖盘
259,10:31:01,22.14,0.0,7,15432,卖盘
260,10:31:19,22.13,-0.01,4,8852,卖盘
261,10:31:22,22.11,-0.02,6,13270,卖盘
262,10:31:25,22.13,0.02,2,4426,买盘
263,10:31:31,22.14,0.01,23,50922,买盘
264,10:31:46,22.14,0.0,15,33210,买盘
265,10:32:07,22.14,0.0,5,11136,买盘
266,10:32:13,22.13,-0.01,10,22134,卖盘
267,10:32:19,22.14,0.01,2,4428,卖盘
268,10:32:43,22.14,0.0,8,17712,卖盘
269,10:32:52,22.14,0.0,22,48708,卖盘
270,10:33:04,22.14,0.0,1,2214,卖盘
271,10:33:07,22.15,0.01,10,22149,买盘
272,10:33:16,22.13,-0.02,4,8852,卖盘
273,10:33:22,22.15,0.02,6,13285,买盘
274,10:33:28,22.15,0.0,8,17720,买盘
275,10:33:34,22.15,0.0,7,15505,卖盘
276,10:33:40,22.15,0.0,7,15505,卖盘
277,10:34:07,22.13,-0.02,2,4426,卖盘
278,10:34:34,22.15,0.02,20,44300,买盘
279,10:35:10,22.15,0.0,1,2215,买盘
280,10:35:22,22.15,0.0,1,2215,买盘
281,10:35:25,22.14,-0.01,3,6642,卖盘
282,10:35:31,22.15,0.01,1,2215,买盘
283,10:36:04,22.15,0.0,8,17720,卖盘
284,10:36:07,22.15,0.0,5,11075,卖盘
285,10:36:28,22.16,0.01,4,8864,买盘
286,10:36:37,22.16,0.0,2,4432,买盘
287,10:36:40,22.16,0.0,3,6648,买盘
288,10:36:46,22.16,0.0,12,26592,买盘
289,10:36:49,22.16,0.0,14,31024,买盘
290,10:36:55,22.16,0.0,2,4432,买盘
291,10:36:58,22.16,0.0,3,6648,买盘
292,10:37:28,22.16,0.0,36,79776,买盘
293,10:37:31,22.15,-0.01,3,6645,卖盘
294,10:37:37,22.16,0.01,4,8864,买盘
295,10:38:16,22.16,0.0,12,26592,买盘
296,10:39:40,22.21,0.05,8,17766,买盘
297,10:41:07,22.21,0.0,13,28874,卖盘
298,10:41:22,22.18,-0.03,90,199620,卖盘
299,10:41:40,22.21,0.03,3,6663,买盘
300,10:42:42,22.18,-0.03,1,2218,中性盘
301,10:43:04,22.18,0.0,13,28834,卖盘
302,10:43:07,22.18,0.0,2,4436,买盘
303,10:43:34,22.16,-0.02,12,26592,卖盘
304,10:43:40,22.18,0.02,2,4436,买盘
305,10:44:01,22.16,-0.02,4,8864,卖盘
306,10:44:28,22.16,0.0,9,19944,卖盘
307,10:44:31,22.17,0.01,2,4434,买盘
308,10:44:49,22.17,0.0,3,6651,卖盘
309,10:45:07,22.18,0.01,9,19962,买盘
310,10:45:10,22.17,-0.01,4,8868,卖盘
311,10:45:13,22.18,0.01,20,44360,买盘
312,10:45:19,22.17,-0.01,16,35485,卖盘
313,10:45:22,22.15,-0.02,13,28796,卖盘
314,10:45:37,22.14,-0.01,3,6642,卖盘
315,10:45:55,22.13,-0.01,5,11065,卖盘
316,10:46:01,22.13,0.0,15,33129,卖盘
317,10:46:13,22.12,-0.01,2,4424,卖盘
318,10:46:22,22.11,-0.01,15,33165,卖盘
319,10:46:34,22.1,-0.01,8,17680,卖盘
320,10:46:43,22.1,0.0,2,4420,卖盘
321,10:47:01,22.09,-0.01,2,4418,卖盘
322,10:47:07,22.08,-0.01,5,11040,卖盘
323,10:47:10,22.08,0.0,26,57408,卖盘
324,10:47:13,22.09,0.01,6,13253,买盘
325,10:47:16,22.09,0.0,1,2209,买盘
326,10:47:19,22.08,-0.01,3,6624,卖盘
327,10:47:25,22.07,-0.01,7,15449,卖盘
328,10:47:49,22.07,0.0,5,11035,卖盘
329,10:48:04,22.08,0.01,1,2208,买盘
330,10:48:10,22.08,0.0,3,6624,买盘
331,10:48:16,22.08,0.0,6,13248,买盘
332,10:48:19,22.07,-0.01,3,6621,卖盘
333,10:48:22,22.08,0.01,2,4416,买盘
334,10:48:25,22.08,0.0,1,2208,中性盘
335,10:48:58,22.09,0.01,5,11042,买盘
336,10:49:25,22.09,0.0,7,15468,卖盘
337,10:49:58,22.08,-0.01,2,4416,卖盘
338,10:50:16,22.08,0.0,5,11040,卖盘
339,10:50:18,22.09,0.01,11,24298,买盘
340,10:50:25,22.06,-0.03,36,79480,卖盘
341,10:51:01,22.06,0.0,8,17648,卖盘
342,10:51:24,22.06,0.0,20,44120,卖盘
343,10:51:31,22.06,0.0,1,2206,卖盘
344,10:52:12,22.11,0.05,9,19896,买盘
345,10:52:28,22.1,-0.01,1,2210,卖盘
346,10:52:52,22.1,0.0,7,15470,买盘
347,10:52:55,22.1,0.0,4,8840,买盘
348,10:53:01,22.1,0.0,8,17680,买盘
349,10:53:10,22.1,0.0,3,6630,买盘
350,10:53:13,22.11,0.01,7,15477,买盘
351,10:53:19,22.08,-0.03,20,44176,卖盘
352,10:53:52,22.08,0.0,4,8832,买盘
353,10:54:04,22.08,0.0,2,4416,买盘
354,10:54:19,22.06,-0.02,23,50744,卖盘
355,10:54:31,22.05,-0.01,43,94883,卖盘
356,10:54:45,22.06,0.01,4,8824,中性盘
357,10:54:52,22.06,0.0,6,13236,卖盘
358,10:55:27,22.07,0.01,1,2207,卖盘
359,10:55:37,22.07,0.0,3,6621,卖盘
360,10:55:46,22.03,-0.04,130,286575,卖盘
361,10:55:48,22.03,0.0,17,37451,买盘
362,10:56:05,22.02,-0.01,4,8808,卖盘
363,10:56:07,22.03,0.01,9,19827,买盘
364,10:56:28,22.02,-0.01,1,2202,卖盘
365,10:56:31,22.01,-0.01,110,242208,卖盘
366,10:56:34,22.02,0.01,3,6606,买盘
367,10:56:40,22.02,0.0,5,11010,买盘
368,10:56:49,22.01,-0.01,1,2201,卖盘
369,10:56:58,22.01,0.0,9,19815,卖盘
370,10:57:04,22.02,0.01,5,11010,买盘
371,10:57:10,22.01,-0.01,56,123256,卖盘
372,10:57:16,22.01,0.0,10,22010,买盘
373,10:57:22,22.0,-0.01,11,24206,卖盘
374,10:57:28,22.01,0.01,17,37417,买盘
375,10:57:34,22.0,-0.01,2,4400,卖盘
376,10:57:40,22.0,0.0,21,46204,卖盘
377,10:57:43,22.01,0.01,2,4402,买盘
378,10:57:49,22.01,0.0,3,6603,买盘
379,10:58:01,22.01,0.0,3,6603,买盘
380,10:58:07,22.01,0.0,3,6603,买盘
381,10:58:12,22.01,0.0,25,55025,买盘
382,10:58:16,22.01,0.0,11,24211,买盘
383,10:58:22,22.02,0.01,2,4404,买盘
384,10:58:25,22.0,-0.02,52,114422,卖盘
385,10:58:28,22.0,0.0,2,4400,买盘
386,10:58:49,22.0,0.0,5,11000,买盘
387,10:58:52,22.0,0.0,1,2200,买盘
388,10:59:07,21.98,-0.02,17,37366,卖盘
389,10:59:25,21.95,-0.03,29,63707,卖盘
390,10:59:28,21.95,0.0,16,35120,卖盘
391,10:59:49,21.95,0.0,2,4390,买盘
392,10:59:55,21.95,0.0,1,2195,买盘
393,10:59:58,21.94,-0.01,9,19746,卖盘
394,11:00:04,21.94,0.0,2,4388,买盘
395,11:00:12,21.93,-0.01,1,2193,卖盘
396,11:00:21,21.91,-0.02,26,56995,卖盘
397,11:00:25,21.93,0.02,2,4384,买盘
398,11:00:28,21.93,0.0,5,10965,买盘
399,11:00:30,21.93,0.0,1,2193,买盘
400,11:00:37,21.9,-0.03,33,72283,卖盘
401,11:01:16,21.92,0.02,1,2192,买盘
402,11:01:22,21.91,-0.01,15,32877,卖盘
403,11:01:28,21.91,0.0,15,32865,买盘
404,11:01:30,21.93,0.02,15,32869,买盘
405,11:01:34,21.93,0.0,10,21930,买盘
406,11:01:40,21.93,0.0,5,10965,买盘
407,11:01:43,21.93,0.0,5,10965,买盘
408,11:01:46,21.93,0.0,3,6579,买盘
409,11:01:52,21.94,0.01,2,4388,买盘
410,11:01:55,21.94,0.0,6,13164,买盘
411,11:01:58,21.94,0.0,1,2194,买盘
412,11:02:01,21.94,0.0,1,2194,买盘
413,11:02:03,21.94,0.0,13,28522,买盘
414,11:02:06,21.94,0.0,1,2194,买盘
415,11:02:10,21.94,0.0,1,2194,买盘
416,11:02:12,21.94,0.0,6,13164,买盘
417,11:02:16,21.94,0.0,1,2194,买盘
418,11:03:19,21.96,0.02,13,28558,卖盘
419,11:03:28,21.94,-0.02,5,10970,卖盘
420,11:03:31,21.96,0.02,1,2196,买盘
421,11:03:45,21.96,0.0,10,21960,买盘
422,11:04:01,21.94,-0.02,8,17552,卖盘
423,11:04:09,21.94,0.0,11,24134,卖盘
424,11:04:31,21.95,0.01,5,10975,卖盘
425,11:04:45,22.0,0.05,7,15400,买盘
426,11:05:01,22.0,0.0,1,2200,买盘
427,11:05:22,21.95,-0.05,75,164643,卖盘
428,11:05:27,21.95,0.0,1,2195,买盘
429,11:06:01,21.88,-0.07,125,274305,卖盘
430,11:07:04,21.91,0.03,3,6573,卖盘
431,11:07:10,21.91,0.0,2,4382,买盘
432,11:07:13,21.91,0.0,2,4382,买盘
433,11:07:16,21.91,0.0,13,28484,买盘
434,11:08:01,21.99,0.08,2,4398,买盘
435,11:08:07,21.96,-0.03,9,19779,卖盘
436,11:08:55,22.0,0.04,5,11000,买盘
437,11:08:58,21.99,-0.01,4,8796,卖盘
438,11:09:04,22.0,0.01,21,46200,买盘
439,11:09:22,22.0,0.0,82,180400,卖盘
440,11:09:28,22.0,0.0,9,19800,买盘
441,11:09:46,21.99,-0.01,15,32985,卖盘
442,11:09:52,21.99,0.0,10,21995,卖盘
443,11:10:37,21.99,0.0,4,8796,卖盘
444,11:10:40,21.99,0.0,1,2199,买盘
445,11:10:43,22.0,0.01,2,4400,买盘
446,11:11:04,22.0,0.0,12,26400,买盘
447,11:11:31,22.0,0.0,1,2200,买盘
448,11:11:58,21.99,-0.01,4,8796,卖盘
449,11:12:06,21.99,0.0,3,6597,买盘
450,11:12:25,21.99,0.0,3,6597,买盘
451,11:12:45,21.97,-0.02,8,17576,卖盘
452,11:13:09,22.0,0.03,18,39598,买盘
453,11:13:49,21.97,-0.03,1,2197,卖盘
454,11:16:31,22.08,0.08,5,11040,买盘
455,11:16:49,22.0,-0.08,45,99004,卖盘
456,11:18:07,22.08,0.08,3,6624,买盘
457,11:18:30,22.08,0.0,6,13248,卖盘
458,11:18:40,22.08,0.0,6,13248,卖盘
459,11:20:52,22.0,-0.08,1,2201,买盘
460,11:22:30,22.0,0.0,2,4400,卖盘
461,11:23:00,22.0,0.0,21,46139,卖盘
462,11:23:31,21.99,-0.01,10,21990,卖盘
463,11:24:28,21.99,0.0,11,24190,卖盘
464,11:24:33,22.0,0.01,1,2200,买盘
465,11:24:37,22.0,0.0,1,2200,买盘
466,11:24:40,22.0,0.0,2,4400,买盘
467,11:24:43,22.0,0.0,1,2200,买盘
468,11:24:46,22.0,0.0,1,2200,买盘
469,11:24:49,22.0,0.0,1,2200,买盘
470,11:24:51,22.0,0.0,1,2200,买盘
471,13:00:07,22.01,0.01,16,35203,中性盘
472,13:01:18,22.01,0.0,6,13206,卖盘
473,13:03:04,22.01,0.0,4,8804,卖盘
474,13:03:09,22.01,0.0,12,26412,买盘
475,13:04:33,22.0,-0.01,29,63800,卖盘
476,13:05:31,21.99,-0.01,100,219900,卖盘
477,13:05:36,21.99,0.0,1,2199,卖盘
478,13:06:10,21.98,-0.01,1,2198,卖盘
479,13:06:46,21.97,-0.01,4,8788,卖盘
480,13:07:49,21.96,-0.01,8,17568,卖盘
481,13:07:52,21.96,0.0,19,41724,卖盘
482,13:08:00,21.93,-0.03,46,100991,卖盘
483,13:08:04,21.97,0.04,2,4394,买盘
484,13:08:40,21.93,-0.04,17,37281,卖盘
485,13:08:52,21.93,0.0,1,2193,卖盘
486,13:09:19,21.93,0.0,7,15351,卖盘
487,13:09:52,21.95,0.02,1,2195,买盘
488,13:10:16,21.95,0.0,8,17560,买盘
489,13:10:37,21.95,0.0,2,4390,卖盘
490,13:10:43,21.95,0.0,2,4390,卖盘
491,13:10:49,21.95,0.0,1,2195,卖盘
492,13:10:55,21.95,0.0,1,2195,卖盘
493,13:10:57,21.95,0.0,1,2195,卖盘
494,13:11:00,21.94,-0.01,1,2194,卖盘
495,13:11:07,21.94,0.0,1,2194,卖盘
496,13:11:10,21.94,0.0,1,2194,卖盘
497,13:11:13,21.94,0.0,2,4388,卖盘
498,13:11:19,21.94,0.0,1,2194,卖盘
499,13:11:25,21.94,0.0,2,4389,卖盘
500,13:12:21,21.94,0.0,1,2194,卖盘
501,13:12:43,21.93,-0.01,9,19737,卖盘
502,13:12:46,21.96,0.03,1,2196,买盘
503,13:13:34,21.96,0.0,26,57096,买盘
504,13:13:45,21.97,0.01,1,2197,买盘
505,13:14:13,21.96,-0.01,20,43930,卖盘
506,13:14:31,21.96,0.0,2,4392,买盘
507,13:14:43,21.96,0.0,1,2196,买盘
508,13:15:01,21.96,0.0,1,2196,买盘
509,13:15:19,21.92,-0.04,13,28507,卖盘
510,13:16:19,21.95,0.03,2,4390,买盘
511,13:16:49,21.95,0.0,1,2195,买盘
512,13:16:58,21.93,-0.02,28,61404,卖盘
513,13:17:25,21.93,0.0,3,6579,买盘
514,13:17:34,21.93,0.0,4,8772,买盘
515,13:17:40,21.93,0.0,2,4386,买盘
516,13:17:43,21.93,0.0,3,6579,买盘
517,13:18:01,21.95,0.02,5,10975,买盘
518,13:18:07,21.95,0.0,1,2195,买盘
519,13:18:10,21.95,0.0,8,17560,买盘
520,13:18:16,21.95,0.0,6,13170,买盘
521,13:18:34,21.95,0.0,5,10975,买盘
522,13:18:37,21.95,0.0,30,65850,买盘
523,13:18:49,21.95,0.0,1,2195,买盘
524,13:18:55,21.95,0.0,2,4390,买盘
525,13:19:07,21.95,0.0,3,6585,卖盘
526,13:19:16,21.94,-0.01,5,10970,买盘
527,13:19:34,22.0,0.06,3,6600,买盘
528,13:19:49,22.0,0.0,5,11000,买盘
529,13:20:37,22.0,0.0,3,6600,买盘
530,13:20:43,22.0,0.0,3,6600,卖盘
531,13:20:55,22.01,0.01,12,26412,买盘
532,13:20:58,22.01,0.0,5,11005,买盘
533,13:21:27,21.97,-0.04,1,2197,卖盘
534,13:21:34,21.97,0.0,1,2197,卖盘
535,13:21:37,21.97,0.0,1,2197,卖盘
536,13:21:40,21.97,0.0,1,2197,卖盘
537,13:21:43,21.97,0.0,1,2197,卖盘
538,13:21:46,22.0,0.03,7,15391,买盘
539,13:21:48,22.01,0.01,6,13199,买盘
540,13:21:52,21.97,-0.04,1,2197,卖盘
541,13:22:19,21.96,-0.01,5,10980,卖盘
542,13:22:24,21.96,0.0,1,2196,卖盘
543,13:22:27,21.96,0.0,3,6588,卖盘
544,13:22:31,21.96,0.0,2,4392,卖盘
545,13:22:34,21.96,0.0,3,6588,卖盘
546,13:22:37,21.96,0.0,5,10980,卖盘
547,13:22:40,21.96,0.0,5,10980,卖盘
548,13:22:43,21.96,0.0,3,6588,卖盘
549,13:22:46,21.96,0.0,4,8345,卖盘
550,13:23:40,21.96,0.0,17,37332,卖盘
551,13:24:27,21.96,0.0,6,13176,卖盘
552,13:24:55,21.96,0.0,1,2196,卖盘
553,13:27:09,21.97,0.01,2,4394,卖盘
554,13:27:28,21.96,-0.01,2,4393,卖盘
555,13:28:37,21.96,0.0,2,4392,卖盘
556,13:29:04,21.96,0.0,3,6588,卖盘
557,13:30:34,21.96,0.0,2,4831,卖盘
558,13:30:49,21.96,0.0,1,1757,卖盘
559,13:31:01,21.94,-0.02,3,6582,买盘
560,13:31:52,21.96,0.02,1,2196,卖盘
561,13:33:04,22.0,0.04,5,11000,买盘
562,13:35:25,22.0,0.0,1,2200,买盘
563,13:35:55,21.96,-0.04,33,72515,卖盘
564,13:36:09,21.95,-0.01,25,54875,卖盘
565,13:36:16,21.95,0.0,95,208525,卖盘
566,13:36:28,21.95,0.0,100,219500,卖盘
567,13:36:37,21.95,0.0,15,32925,卖盘
568,13:38:25,21.95,0.0,12,26340,卖盘
569,13:38:43,21.95,0.0,44,96580,卖盘
570,13:39:28,21.96,0.01,1,2196,卖盘
571,13:40:43,21.95,-0.01,5,10975,卖盘
572,13:41:04,21.95,0.0,21,46095,卖盘
573,13:41:16,21.95,0.0,5,10975,卖盘
574,13:41:36,21.95,0.0,10,21950,卖盘
575,13:42:10,21.95,0.0,47,103146,买盘
576,13:43:34,21.94,-0.01,2,4388,买盘
577,13:43:37,21.93,-0.01,29,64036,卖盘
578,13:44:01,21.92,-0.01,9,19728,卖盘
579,13:44:04,21.92,0.0,7,15344,卖盘
580,13:44:13,21.92,0.0,15,32880,卖盘
581,13:44:28,21.91,-0.01,20,43820,卖盘
582,13:45:28,21.92,0.01,3,6576,买盘
583,13:45:34,21.92,0.0,11,24112,买盘
584,13:45:46,21.92,0.0,2,4384,买盘
585,13:45:58,21.91,-0.01,182,397102,卖盘
586,13:46:01,21.91,0.0,15,32865,卖盘
587,13:46:07,21.91,0.0,30,65730,卖盘
588,13:46:10,21.91,0.0,12,26292,卖盘
589,13:46:13,21.91,0.0,21,46011,卖盘
590,13:46:22,21.91,0.0,25,54775,卖盘
591,13:46:25,21.92,0.01,1,2192,买盘
592,13:46:31,21.9,-0.02,59,130875,买盘
593,13:46:52,21.89,-0.01,3,6567,卖盘
594,13:47:10,21.88,-0.01,6,13128,卖盘
595,13:47:13,21.88,0.0,10,21880,卖盘
596,13:47:16,21.88,0.0,8,17504,卖盘
597,13:47:19,21.88,0.0,4,8752,卖盘
598,13:47:28,21.87,-0.01,1,2187,卖盘
599,13:47:49,21.8,-0.07,30,63816,卖盘
600,13:48:07,21.82,0.02,5,10910,卖盘
601,13:48:19,21.82,0.0,49,106948,卖盘
602,13:48:22,21.82,0.0,8,17456,买盘
603,13:48:25,21.82,0.0,5,10910,买盘
604,13:48:28,21.82,0.0,16,34912,买盘
605,13:48:34,21.82,0.0,2,4364,买盘
606,13:49:04,21.84,0.02,1,2184,卖盘
607,13:49:07,21.83,-0.01,9,19649,卖盘
608,13:49:22,21.83,0.0,10,21831,卖盘
609,13:49:31,21.86,0.03,4,8738,买盘
610,13:49:37,21.84,-0.02,2,4368,卖盘
611,13:50:25,21.85,0.01,10,21850,卖盘
612,13:50:31,21.86,0.01,2,4372,买盘
613,13:50:40,21.86,0.0,1,2186,买盘
614,13:51:52,21.85,-0.01,3,6555,卖盘
615,13:51:55,21.85,0.0,22,48070,买盘
616,13:52:10,21.86,0.01,1,2186,买盘
617,13:52:19,21.88,0.02,1,2188,买盘
618,13:52:40,21.88,0.0,2,4376,买盘
619,13:52:46,21.88,0.0,5,10940,买盘
620,13:53:31,21.88,0.0,10,21880,卖盘
621,13:53:52,21.89,0.01,5,10945,买盘
622,13:54:07,21.89,0.0,1,2189,卖盘
623,13:54:25,21.9,0.01,1,2190,买盘
624,13:54:58,21.88,-0.02,10,21880,卖盘
625,13:55:04,21.88,0.0,3,6564,卖盘
626,13:55:16,21.88,0.0,28,61264,卖盘
627,13:55:52,21.88,0.0,10,21880,卖盘
628,13:56:01,21.88,0.0,1,2188,卖盘
629,13:56:13,21.85,-0.03,29,63428,卖盘
630,13:57:01,21.86,0.01,1,2186,卖盘
631,13:57:16,21.86,0.0,5,10930,买盘
632,13:57:19,21.85,-0.01,3,6555,卖盘
633,13:57:28,21.85,0.0,22,48070,卖盘
634,13:57:31,21.85,0.0,1,2185,买盘
635,13:57:37,21.83,-0.02,2,4366,卖盘
636,13:57:55,21.85,0.02,3,6555,买盘
637,13:58:04,21.85,0.0,11,24035,买盘
638,13:58:07,21.83,-0.02,3,6549,卖盘
639,13:58:10,21.83,0.0,18,39294,卖盘
640,13:58:34,21.83,0.0,1,2183,卖盘
641,13:58:40,21.83,0.0,48,104784,卖盘
642,13:58:52,21.83,0.0,3,6549,买盘
643,13:59:13,21.84,0.01,2,4368,卖盘
644,13:59:19,21.85,0.01,2,4370,买盘
645,13:59:52,21.85,0.0,1,2185,买盘
646,14:00:22,21.84,-0.01,16,34944,卖盘
647,14:00:28,21.85,0.01,7,15291,买盘
648,14:01:22,21.84,-0.01,4,8736,卖盘
649,14:01:37,21.84,0.0,2,4368,卖盘
650,14:01:43,21.84,0.0,1,2184,卖盘
651,14:02:10,21.84,0.0,5,10920,卖盘
652,14:02:25,21.84,0.0,6,13104,卖盘
653,14:02:31,21.85,0.01,34,74290,买盘
654,14:02:43,21.85,0.0,8,17480,买盘
655,14:02:49,21.84,-0.01,1,2184,卖盘
656,14:03:25,21.84,0.0,29,63336,卖盘
657,14:04:10,21.85,0.01,3,6555,买盘
658,14:04:31,21.85,0.0,1,2185,买盘
659,14:05:22,21.84,-0.01,20,43680,卖盘
660,14:05:46,21.84,0.0,9,19656,卖盘
661,14:05:55,21.84,0.0,1,2184,买盘
662,14:06:01,21.84,0.0,1,2184,买盘
663,14:06:04,21.84,0.0,22,48027,买盘
664,14:06:22,21.83,-0.01,74,161558,卖盘
665,14:06:43,21.83,0.0,3,6549,卖盘
666,14:06:46,21.83,0.0,115,251045,卖盘
667,14:06:52,21.83,0.0,10,21831,卖盘
668,14:07:13,21.83,0.0,8,17464,卖盘
669,14:07:46,21.82,-0.01,10,21820,卖盘
670,14:07:55,21.82,0.0,8,17456,卖盘
671,14:08:07,21.82,0.0,13,28366,卖盘
672,14:08:19,21.83,0.01,1,2183,买盘
673,14:08:25,21.82,-0.01,4,8728,卖盘
674,14:08:31,21.82,0.0,1,2182,卖盘
675,14:08:49,21.82,0.0,1,2182,卖盘
676,14:08:58,21.81,-0.01,2,4362,卖盘
677,14:09:01,21.81,0.0,10,21810,卖盘
678,14:09:04,21.81,0.0,7,15267,买盘
679,14:09:13,21.8,-0.01,12,26160,卖盘
680,14:09:19,21.78,-0.02,48,106261,卖盘
681,14:09:31,21.76,-0.02,4,8704,卖盘
682,14:09:46,21.73,-0.03,3,6519,卖盘
683,14:09:58,21.73,0.0,1,2173,买盘
684,14:10:04,21.72,-0.01,4,8688,中性盘
685,14:10:10,21.71,-0.01,16,34736,卖盘
686,14:10:19,21.71,0.0,22,47762,买盘
687,14:10:22,21.7,-0.01,41,87696,卖盘
688,14:10:31,21.7,0.0,8,18663,卖盘
689,14:10:40,21.7,0.0,1,868,卖盘
690,14:10:43,21.68,-0.02,5,11708,买盘
691,14:11:01,21.7,0.02,10,21702,卖盘
692,14:11:04,21.7,0.0,4,8680,卖盘
693,14:11:19,21.72,0.02,4,8688,买盘
694,14:11:25,21.7,-0.02,2,4340,卖盘
695,14:11:37,21.72,0.02,2,4344,买盘
696,14:11:43,21.72,0.0,10,21720,买盘
697,14:11:46,21.72,0.0,7,15204,买盘
698,14:11:52,21.71,-0.01,4,8684,卖盘
699,14:12:01,21.72,0.01,10,21720,买盘
700,14:12:10,21.72,0.0,3,6516,买盘
701,14:12:19,21.72,0.0,8,17376,卖盘
702,14:12:22,21.7,-0.02,29,62945,卖盘
703,14:12:31,21.73,0.03,5,10853,买盘
704,14:13:07,21.76,0.03,5,10880,买盘
705,14:13:13,21.76,0.0,10,21760,买盘
706,14:13:25,21.77,0.01,27,58883,买盘
707,14:13:28,21.73,-0.04,5,10869,买盘
708,14:14:01,21.74,0.01,7,15218,卖盘
709,14:14:07,21.74,0.0,6,13044,买盘
710,14:14:31,21.74,0.0,1,2174,卖盘
711,14:14:46,21.79,0.05,5,10895,买盘
712,14:15:25,21.79,0.0,3,6537,买盘
713,14:16:34,21.81,0.02,9,19629,买盘
714,14:16:46,21.81,0.0,1,2181,买盘
715,14:16:55,21.81,0.0,2,4362,卖盘
716,14:17:01,21.82,0.01,5,10910,买盘
717,14:17:04,21.82,0.0,1,2182,买盘
718,14:17:07,21.81,-0.01,4,8724,卖盘
719,14:17:28,21.79,-0.02,1,2179,卖盘
720,14:17:31,21.79,0.0,1,2179,卖盘
721,14:18:04,21.76,-0.03,8,17408,卖盘
722,14:18:10,21.76,0.0,3,6528,买盘
723,14:18:28,21.78,0.02,1,2178,买盘
724,14:18:58,21.77,-0.01,17,37009,卖盘
725,14:19:37,21.76,-0.01,1,2176,卖盘
726,14:19:55,21.76,0.0,4,8704,卖盘
727,14:20:40,21.76,0.0,3,6528,卖盘
728,14:21:34,21.78,0.02,5,10887,买盘
729,14:21:55,21.81,0.03,22,47972,买盘
730,14:22:16,21.82,0.01,26,56732,买盘
731,14:22:37,21.77,-0.05,30,65310,卖盘
732,14:23:13,21.77,0.0,40,87080,卖盘
733,14:23:28,21.77,0.0,1,2177,买盘
734,14:24:10,21.9,0.13,49,107082,买盘
735,14:24:19,21.78,-0.12,1,2178,卖盘
736,14:27:04,21.83,0.05,2,4367,卖盘
737,14:27:25,21.83,0.0,2,4366,买盘
738,14:27:43,21.83,0.0,5,10915,买盘
739,14:27:49,21.83,0.0,1,2183,买盘
740,14:27:55,21.83,0.0,1,2183,买盘
741,14:27:58,21.83,0.0,3,6549,买盘
742,14:28:01,21.83,0.0,1,2183,买盘
743,14:28:04,21.83,0.0,1,2183,买盘
744,14:28:07,21.83,0.0,1,2183,买盘
745,14:28:10,21.83,0.0,1,2183,买盘
746,14:28:13,21.83,0.0,1,2183,买盘
747,14:29:07,21.85,0.02,2,4370,卖盘
748,14:29:55,21.85,0.0,8,17480,卖盘
749,14:30:31,21.8,-0.05,19,41483,卖盘
750,14:31:16,21.81,0.01,7,15269,卖盘
751,14:31:43,21.8,-0.01,5,10900,卖盘
752,14:32:40,21.8,0.0,1,2180,买盘
753,14:33:01,21.78,-0.02,2,4356,卖盘
754,14:33:34,21.8,0.02,4,8720,买盘
755,14:34:13,21.8,0.0,2,4360,买盘
756,14:34:19,21.8,0.0,3,6540,买盘
757,14:35:04,21.79,-0.01,2,4358,买盘
758,14:35:13,21.79,0.0,1,2179,买盘
759,14:35:28,21.75,-0.04,50,108836,卖盘
760,14:35:34,21.78,0.03,10,21780,卖盘
761,14:35:55,21.75,-0.03,3,6527,卖盘
762,14:36:07,21.74,-0.01,109,237018,卖盘
763,14:36:25,21.73,-0.01,10,21730,卖盘
764,14:36:34,21.73,0.0,2,4346,买盘
765,14:36:43,21.71,-0.02,13,28226,卖盘
766,14:36:55,21.71,0.0,2,4342,买盘
767,14:36:58,21.7,-0.01,52,112891,卖盘
768,14:37:13,21.7,0.0,11,23870,卖盘
769,14:37:22,21.7,0.0,3,6510,买盘
770,14:37:25,21.7,0.0,3,6510,买盘
771,14:37:43,21.68,-0.02,13,28184,卖盘
772,14:37:49,21.7,0.02,15,32550,买盘
773,14:37:52,21.68,-0.02,1,2602,卖盘
774,14:38:13,21.68,0.0,3,6070,买盘
775,14:38:19,21.67,-0.01,11,24271,买盘
776,14:38:31,21.65,-0.02,39,84445,卖盘
777,14:38:46,21.6,-0.05,2,4320,卖盘
778,14:38:58,21.52,-0.08,12,25845,卖盘
779,14:39:04,21.64,0.12,6,12972,买盘
780,14:39:13,21.52,-0.12,8,17217,卖盘
781,14:39:19,21.54,0.02,6,12924,卖盘
782,14:39:28,21.52,-0.02,10,21533,卖盘
783,14:39:31,21.64,0.12,3,6492,买盘
784,14:40:04,21.55,-0.09,10,21575,卖盘
785,14:40:10,21.55,0.0,3,6465,买盘
786,14:40:13,21.55,0.0,12,25860,买盘
787,14:40:37,21.55,0.0,6,12933,卖盘
788,14:40:40,21.55,0.0,12,25860,卖盘
789,14:40:55,21.54,-0.01,9,19393,卖盘
790,14:41:04,21.57,0.03,21,45279,买盘
791,14:41:07,21.54,-0.03,15,32310,卖盘
792,14:41:10,21.54,0.0,3,6462,买盘
793,14:41:34,21.55,0.01,4,8620,卖盘
794,14:41:40,21.57,0.02,1,2157,买盘
795,14:41:58,21.55,-0.02,13,28016,卖盘
796,14:42:10,21.55,0.0,1,2155,卖盘
797,14:42:13,21.55,0.0,8,17240,卖盘
798,14:42:16,21.55,0.0,31,65115,买盘
799,14:42:25,21.55,0.0,7,15085,买盘
800,14:42:31,21.53,-0.02,6,12924,卖盘
801,14:42:34,21.54,0.01,1,2154,买盘
802,14:42:37,21.52,-0.02,12,25832,卖盘
803,14:42:49,21.52,0.0,22,49023,卖盘
804,14:42:52,21.52,0.0,13,27976,买盘
805,14:42:58,21.51,-0.01,21,43512,卖盘
806,14:43:01,21.5,-0.01,100,215096,卖盘
807,14:43:04,21.5,0.0,56,120413,卖盘
808,14:43:10,21.54,0.04,10,21540,卖盘
809,14:43:25,21.5,-0.04,10,21500,卖盘
810,14:43:46,21.51,0.01,1,2151,卖盘
811,14:43:49,21.54,0.03,10,21525,买盘
812,14:44:01,21.5,-0.04,22,48992,卖盘
813,14:44:04,21.5,0.0,23,49450,买盘
814,14:44:10,21.5,0.0,5,10750,买盘
815,14:44:22,21.43,-0.07,9,19305,卖盘
816,14:44:28,21.5,0.07,14,30051,买盘
817,14:44:46,21.5,0.0,21,45150,买盘
818,14:44:58,21.45,-0.05,2,4290,卖盘
819,14:45:01,21.5,0.05,1,2150,买盘
820,14:45:07,21.43,-0.07,8,17148,卖盘
821,14:45:10,21.5,0.07,63,133773,买盘
822,14:45:25,21.5,0.0,1,2150,买盘
823,14:45:31,21.54,0.04,63,135699,卖盘
824,14:45:58,21.54,0.0,2,2197,买盘
825,14:46:01,21.54,0.0,4,8616,卖盘
826,14:46:04,21.54,0.0,18,38772,卖盘
827,14:46:19,21.59,0.05,4,8636,买盘
828,14:47:04,21.54,-0.05,3,6463,卖盘
829,14:47:13,21.54,0.0,3,6462,卖盘
830,14:47:31,21.58,0.04,4,8632,买盘
831,14:47:46,21.51,-0.07,17,36583,卖盘
832,14:47:55,21.48,-0.03,64,137519,卖盘
833,14:48:10,21.48,0.0,10,21480,买盘
834,14:48:22,21.46,-0.02,6,12876,卖盘
835,14:48:25,21.46,0.0,6,12878,卖盘
836,14:48:28,21.48,0.02,5,10740,买盘
837,14:48:37,21.46,-0.02,4,8584,卖盘
838,14:48:46,21.46,0.0,17,36482,买盘
839,14:48:55,21.45,-0.01,1,2145,卖盘
840,14:49:01,21.46,0.01,9,19314,买盘
841,14:49:04,21.45,-0.01,3,6435,卖盘
842,14:49:07,21.43,-0.02,30,64304,卖盘
843,14:49:10,21.46,0.03,1,2640,买盘
844,14:49:13,21.46,0.0,3,6438,卖盘
845,14:49:19,21.42,-0.04,32,68099,卖盘
846,14:49:22,21.42,0.0,31,66402,买盘
847,14:49:28,21.42,0.0,37,79254,买盘
848,14:49:34,21.42,0.0,14,30052,买盘
849,14:49:37,21.42,0.0,16,34273,卖盘
850,14:49:43,21.46,0.04,1,2146,买盘
851,14:49:46,21.46,0.0,1,2146,买盘
852,14:49:49,21.46,0.0,21,45066,买盘
853,14:49:52,21.46,0.0,3,6438,卖盘
854,14:49:55,21.45,-0.01,1,2145,买盘
855,14:49:58,21.45,0.0,9,19305,买盘
856,14:50:01,21.45,0.0,2,4290,买盘
857,14:50:04,21.45,0.0,6,12870,买盘
858,14:50:10,21.45,0.0,3,6435,买盘
859,14:50:13,21.45,0.0,1,2145,买盘
860,14:50:19,21.43,-0.02,13,27859,卖盘
861,14:50:22,21.45,0.02,17,36461,买盘
862,14:50:46,21.47,0.02,4,8588,买盘
863,14:50:52,21.47,0.0,1,2147,买盘
864,14:51:10,21.5,0.03,5,10748,买盘
865,14:51:28,21.5,0.0,3,6450,买盘
866,14:51:37,21.5,0.0,10,21500,买盘
867,14:51:52,21.5,0.0,9,19350,买盘
868,14:51:58,21.45,-0.05,10,21470,卖盘
869,14:52:19,21.45,0.0,13,27885,卖盘
870,14:52:25,21.45,0.0,1,2145,买盘
871,14:52:58,21.46,0.01,2,4292,卖盘
872,14:53:10,21.56,0.1,3,6468,买盘
873,14:53:19,21.47,-0.09,3,6441,卖盘
874,14:53:25,21.47,0.0,1,2147,买盘
875,14:53:40,21.47,0.0,1,2147,买盘
876,14:54:01,21.48,0.01,8,17184,卖盘
877,14:54:05,21.55,0.07,2,4310,买盘
878,14:54:40,21.56,0.01,2,4312,买盘
879,14:54:43,21.56,0.0,4,8624,买盘
880,14:54:52,21.56,0.0,1,2156,买盘
881,14:55:04,21.51,-0.05,10,21535,卖盘
882,14:55:07,21.57,0.06,8,17255,买盘
883,14:55:16,21.51,-0.06,20,43020,卖盘
884,14:55:25,21.55,0.04,5,10775,买盘
885,14:55:37,21.55,0.0,12,25855,买盘
886,14:55:46,21.51,-0.04,28,60228,卖盘
887,14:55:58,21.51,0.0,6,12906,卖盘
888,14:56:07,21.51,0.0,2,4302,卖盘
889,14:56:25,21.54,0.03,38,81770,买盘
890,14:56:31,21.54,0.0,5,10770,卖盘
891,14:56:37,21.54,0.0,24,51696,卖盘
892,14:56:49,21.51,-0.03,8,17208,卖盘
893,14:56:52,21.54,0.03,15,32310,买盘
894,14:56:58,21.51,-0.03,6,12909,卖盘
895,15:00:04,21.45,-0.06,224,480480,卖盘
