,time,price,change,volume,amount,type
0,09:25:05,12.55,0.38,590,740450,卖盘
1,09:30:04,12.51,-0.04,10,12510,卖盘
2,09:30:07,12.5,-0.01,211,263851,买盘
3,09:30:10,12.55,0.05,137,171644,买盘
4,09:30:13,12.52,-0.03,94,117893,买盘
5,09:30:19,12.51,-0.01,46,57640,卖盘
6,09:30:22,12.51,0.0,2,2502,卖盘
7,09:30:25,12.51,0.0,22,27522,买盘
8,09:30:37,12.42,-0.09,8,9936,卖盘
9,09:30:43,12.43,0.01,5,6215,卖盘
10,09:30:46,12.43,0.0,10,12430,卖盘
11,09:30:49,12.45,0.02,15,18665,买盘
12,09:30:55,12.41,-0.04,69,85652,卖盘
13,09:30:58,12.41,0.0,13,16123,买盘
14,09:31:01,12.43,0.02,84,104297,买盘
15,09:31:07,12.4,-0.03,15,18618,卖盘
16,09:31:16,12.4,0.0,9,11160,卖盘
17,09:31:22,12.4,0.0,38,47120,卖盘
18,09:31:25,12.4,0.0,90,111600,买盘
19,09:31:28,12.42,0.02,3,3726,买盘
20,09:31:34,12.41,-0.01,1,1241,卖盘
21,09:31:40,12.42,0.01,7,8694,买盘
22,09:31:46,12.43,0.01,13,16149,买盘
23,09:31:49,12.42,-0.01,1,1242,中性盘
24,09:31:55,12.42,0.0,14,17388,卖盘
25,09:31:58,12.42,0.0,3,3726,卖盘
26,09:32:01,12.4,-0.02,255,316301,卖盘
27,09:32:07,12.41,0.01,6,7446,买盘
28,09:32:10,12.41,0.0,11,13651,买盘
29,09:32:13,12.4,-0.01,20,24800,卖盘
30,09:32:16,12.4,0.0,18,22321,卖盘
31,09:32:19,12.41,0.01,14,17364,买盘
32,09:32:22,12.4,-0.01,50,62006,卖盘
33,09:32:25,12.41,0.01,19,23579,买盘
34,09:32:28,12.4,-0.01,177,219533,卖盘
35,09:32:31,12.41,0.01,1,1241,中性盘
36,09:32:34,12.4,-0.01,10,12400,卖盘
37,09:32:37,12.4,0.0,29,35984,卖盘
38,09:32:40,12.41,0.01,35,43435,买盘
39,09:32:43,12.4,-0.01,62,76880,卖盘
40,09:32:46,12.4,0.0,88,109140,卖盘
41,09:32:49,12.41,0.01,51,63242,买盘
42,09:32:52,12.4,-0.01,26,32240,卖盘
43,09:32:55,12.41,0.01,94,116654,买盘
44,09:33:01,12.4,-0.01,13,16129,卖盘
45,09:33:04,12.4,0.0,93,115320,卖盘
46,09:33:13,12.39,-0.01,8,9917,卖盘
47,09:33:16,12.39,0.0,5,6195,卖盘
48,09:33:19,12.39,0.0,7,8673,卖盘
49,09:33:22,12.38,-0.01,94,116429,卖盘
50,09:33:25,12.4,0.02,108,133723,买盘
51,09:33:28,12.39,-0.01,7,8673,买盘
52,09:33:31,12.36,-0.03,12,14837,卖盘
53,09:33:34,12.36,0.0,4,4944,卖盘
54,09:33:37,12.36,0.0,3,3708,卖盘
55,09:33:40,12.35,-0.01,71,87721,卖盘
56,09:33:43,12.36,0.01,10,12355,买盘
57,09:33:46,12.34,-0.02,102,126096,中性盘
58,09:33:49,12.35,0.01,1,1235,卖盘
59,09:33:52,12.35,0.0,13,16055,卖盘
60,09:33:55,12.35,0.0,5,6167,买盘
61,09:33:58,12.35,0.0,12,14820,卖盘
62,09:34:01,12.31,-0.04,6,7390,卖盘
63,09:34:10,12.31,0.0,4,4924,卖盘
64,09:34:16,12.3,-0.01,14,17220,卖盘
65,09:34:19,12.31,0.01,13,16003,买盘
66,09:34:22,12.3,-0.01,93,114410,卖盘
67,09:34:25,12.31,0.01,7,8617,卖盘
68,09:34:28,12.3,-0.01,13,15993,卖盘
69,09:34:34,12.32,0.02,2,2464,买盘
70,09:34:37,12.31,-0.01,20,24630,卖盘
71,09:34:40,12.31,0.0,2,2462,卖盘
72,09:34:46,12.34,0.03,20,24669,买盘
73,09:34:49,12.34,0.0,146,180164,买盘
74,09:34:52,12.34,0.0,16,19744,卖盘
75,09:34:55,12.34,0.0,12,14808,卖盘
76,09:34:58,12.35,0.01,40,49400,买盘
77,09:35:01,12.35,0.0,113,139493,买盘
78,09:35:04,12.35,0.0,28,34580,卖盘
79,09:35:10,12.35,0.0,20,24700,卖盘
80,09:35:13,12.36,0.01,60,74150,买盘
81,09:35:16,12.36,0.0,10,12360,买盘
82,09:35:25,12.36,0.0,79,97644,买盘
83,09:35:34,12.37,0.01,17,21019,买盘
84,09:35:40,12.36,-0.01,16,19776,卖盘
85,09:35:43,12.37,0.01,3,3711,买盘
86,09:35:46,12.36,-0.01,127,158211,卖盘
87,09:35:52,12.37,0.01,8,9896,卖盘
88,09:35:58,12.37,0.0,15,18545,买盘
89,09:36:01,12.37,0.0,57,70459,买盘
90,09:36:07,12.36,-0.01,30,37080,卖盘
91,09:36:10,12.36,0.0,3,3708,卖盘
92,09:36:13,12.36,0.0,110,135960,卖盘
93,09:36:16,12.37,0.01,5,6185,买盘
94,09:36:19,12.36,-0.01,5,6180,卖盘
95,09:36:25,12.37,0.01,10,12370,买盘
96,09:36:28,12.37,0.0,10,12370,买盘
97,09:36:31,12.36,-0.01,23,28428,卖盘
98,09:36:37,12.37,0.01,5,6185,买盘
99,09:36:40,12.36,-0.01,1,1236,卖盘
100,09:36:43,12.37,0.01,20,24740,买盘
101,09:36:46,12.36,-0.01,69,85343,卖盘
102,09:36:49,12.36,0.0,10,12360,买盘
103,09:36:55,12.35,-0.01,1,1235,卖盘
104,09:37:01,12.36,0.01,127,156972,买盘
105,09:37:04,12.35,-0.01,7,8645,卖盘
106,09:37:07,12.35,0.0,32,39520,卖盘
107,09:37:13,12.34,-0.01,12,14816,卖盘
108,09:37:16,12.35,0.01,17,20995,买盘
109,09:37:19,12.35,0.0,14,17285,买盘
110,09:37:31,12.34,-0.01,80,98733,卖盘
111,09:37:37,12.35,0.01,40,49400,买盘
112,09:37:40,12.35,0.0,46,56793,卖盘
113,09:37:43,12.35,0.0,2,2470,卖盘
114,09:37:58,12.36,0.01,67,82586,买盘
115,09:38:01,12.36,0.0,1,1236,卖盘
116,09:38:13,12.37,0.01,16,19792,买盘
117,09:38:16,12.37,0.0,30,37110,中性盘
118,09:38:19,12.37,0.0,12,14834,买盘
119,09:38:22,12.37,0.0,10,12370,卖盘
120,09:38:34,12.38,0.01,112,138556,买盘
121,09:38:46,12.38,0.0,50,61896,买盘
122,09:38:49,12.38,0.0,60,74280,买盘
123,09:38:55,12.38,0.0,15,18570,买盘
124,09:39:01,12.38,0.0,5,6190,卖盘
125,09:39:07,12.38,0.0,9,11142,卖盘
126,09:39:16,12.4,0.02,70,86718,买盘
127,09:39:31,12.36,-0.04,73,90228,卖盘
128,09:39:37,12.36,0.0,8,9888,买盘
129,09:39:43,12.36,0.0,25,30880,买盘
130,09:39:46,12.36,0.0,10,12360,买盘
131,09:39:58,12.37,0.01,10,12370,中性盘
132,09:40:01,12.38,0.01,3,3714,买盘
133,09:40:07,12.38,0.0,40,49510,买盘
134,09:40:10,12.38,0.0,18,22284,买盘
135,09:40:16,12.38,0.0,47,58168,卖盘
136,09:40:37,12.38,0.0,60,74270,买盘
137,09:40:40,12.38,0.0,18,22283,买盘
138,09:40:49,12.38,0.0,20,24760,买盘
139,09:40:52,12.37,-0.01,1,1237,卖盘
140,09:40:58,12.38,0.01,2,2476,买盘
141,09:41:16,12.37,-0.01,20,24740,卖盘
142,09:41:25,12.37,0.0,38,47006,卖盘
143,09:41:31,12.37,0.0,12,14844,买盘
144,09:41:34,12.35,-0.02,133,164325,卖盘
145,09:41:43,12.36,0.01,2,2472,买盘
146,09:41:52,12.35,-0.01,58,71633,卖盘
147,09:41:55,12.35,0.0,1,1235,卖盘
148,09:41:58,12.35,0.0,83,102505,卖盘
149,09:42:01,12.35,0.0,24,29850,卖盘
150,09:42:04,12.33,-0.02,10,12331,卖盘
151,09:42:10,12.33,0.0,6,7398,卖盘
152,09:42:13,12.33,0.0,6,7400,卖盘
153,09:42:19,12.33,0.0,11,13563,卖盘
154,09:42:22,12.33,0.0,5,6165,卖盘
155,09:42:25,12.33,0.0,27,33291,卖盘
156,09:42:28,12.34,0.01,9,11106,买盘
157,09:42:34,12.33,-0.01,14,17262,卖盘
158,09:42:43,12.33,0.0,30,36990,卖盘
159,09:42:46,12.33,0.0,29,35757,卖盘
160,09:42:52,12.33,0.0,3,3699,买盘
161,09:43:04,12.32,-0.01,3,3696,卖盘
162,09:43:07,12.32,0.0,42,51749,卖盘
163,09:43:10,12.33,0.01,106,130692,买盘
164,09:43:13,12.32,-0.01,90,110880,卖盘
165,09:43:19,12.32,0.0,1,1232,买盘
166,09:43:22,12.31,-0.01,6,7386,卖盘
167,09:43:25,12.3,-0.01,13,15990,卖盘
168,09:43:37,12.28,-0.02,8,9824,卖盘
169,09:43:43,12.28,0.0,17,20876,卖盘
170,09:43:55,12.27,-0.01,36,44192,卖盘
171,09:43:58,12.27,0.0,60,73620,卖盘
172,09:44:04,12.27,0.0,31,38037,买盘
173,09:44:07,12.26,-0.01,10,12260,卖盘
174,09:44:10,12.26,0.0,20,24520,卖盘
175,09:44:19,12.26,0.0,5,6130,卖盘
176,09:44:22,12.26,0.0,3,3678,卖盘
177,09:44:25,12.27,0.01,92,112847,买盘
178,09:44:31,12.26,-0.01,36,44142,卖盘
179,09:44:34,12.27,0.01,12,14724,买盘
180,09:44:37,12.27,0.0,10,12270,买盘
181,09:44:40,12.26,-0.01,46,56425,卖盘
182,09:44:43,12.26,0.0,5,6130,买盘
183,09:44:46,12.25,-0.01,30,36757,卖盘
184,09:45:04,12.28,0.03,25,30660,买盘
185,09:45:07,12.25,-0.03,5,6125,卖盘
186,09:45:16,12.25,0.0,6,7357,卖盘
187,09:45:19,12.28,0.03,2,2456,买盘
188,09:45:28,12.28,0.0,6,7368,买盘
189,09:45:31,12.26,-0.02,21,25751,卖盘
190,09:45:37,12.27,0.01,5,6135,卖盘
191,09:45:40,12.27,0.0,1,1227,卖盘
192,09:45:43,12.28,0.01,21,25788,买盘
193,09:45:49,12.27,-0.01,5,6135,卖盘
194,09:45:52,12.28,0.01,6,7368,买盘
195,09:45:55,12.28,0.0,98,120344,买盘
196,09:45:58,12.28,0.0,28,34384,买盘
197,09:46:01,12.28,0.0,11,13507,买盘
198,09:46:07,12.28,0.0,21,25788,买盘
199,09:46:31,12.29,0.01,18,22120,买盘
200,09:46:37,12.29,0.0,66,81114,买盘
201,09:46:49,12.29,0.0,10,12290,卖盘
202,09:46:51,12.3,0.01,3,3690,买盘
203,09:47:01,12.29,-0.01,10,12290,卖盘
204,09:47:04,12.3,0.01,1,1230,买盘
205,09:47:07,12.29,-0.01,6,7374,卖盘
206,09:47:13,12.29,0.0,14,17206,卖盘
207,09:47:22,12.3,0.01,31,38130,买盘
208,09:47:31,12.3,0.0,1,1230,卖盘
209,09:47:34,12.31,0.01,30,36930,买盘
210,09:47:40,12.31,0.0,36,44316,买盘
211,09:47:43,12.31,0.0,10,12309,买盘
212,09:47:46,12.31,0.0,23,28313,买盘
213,09:47:49,12.31,0.0,147,180957,买盘
214,09:47:52,12.31,0.0,20,24620,卖盘
215,09:48:04,12.32,0.01,5,6160,买盘
216,09:48:07,12.31,-0.01,6,7386,卖盘
217,09:48:10,12.31,0.0,35,43095,卖盘
218,09:48:16,12.32,0.01,3,3696,卖盘
219,09:48:25,12.33,0.01,72,88742,买盘
220,09:48:28,12.33,0.0,49,60417,卖盘
221,09:48:31,12.33,0.0,9,11097,卖盘
222,09:48:34,12.33,0.0,18,22194,卖盘
223,09:48:37,12.33,0.0,40,49320,卖盘
224,09:48:43,12.33,0.0,30,37009,卖盘
225,09:48:46,12.33,0.0,17,20973,卖盘
226,09:48:52,12.34,0.01,36,44417,买盘
227,09:49:10,12.31,-0.03,28,34468,卖盘
228,09:49:13,12.32,0.01,33,40616,买盘
229,09:49:16,12.3,-0.02,63,77490,卖盘
230,09:49:34,12.3,0.0,37,45301,卖盘
231,09:50:04,12.3,0.0,5,6150,卖盘
232,09:50:07,12.31,0.01,62,76322,买盘
233,09:50:10,12.3,-0.01,100,123018,卖盘
234,09:50:22,12.3,0.0,16,19693,卖盘
235,09:50:25,12.3,0.0,10,12300,卖盘
236,09:50:34,12.31,0.01,5,6155,卖盘
237,09:50:52,12.3,-0.01,7,8610,卖盘
238,09:50:58,12.3,0.0,5,6150,卖盘
239,09:51:04,12.3,0.0,31,38131,卖盘
240,09:51:07,12.3,0.0,6,7380,卖盘
241,09:51:25,12.31,0.01,11,13541,买盘
242,09:51:37,12.32,0.01,1,1232,买盘
243,09:51:40,12.32,0.0,15,18470,买盘
244,09:51:43,12.32,0.0,36,44298,买盘
245,09:51:46,12.32,0.0,11,13550,买盘
246,09:51:49,12.32,0.0,5,6160,买盘
247,09:51:52,12.31,-0.01,4,4924,买盘
248,09:51:55,12.32,0.01,7,8620,买盘
249,09:51:58,12.3,-0.02,18,22155,卖盘
250,09:52:01,12.33,0.03,8,9860,买盘
251,09:52:04,12.33,0.0,66,81378,买盘
252,09:52:07,12.31,-0.02,7,8629,卖盘
253,09:52:10,12.31,0.0,7,8617,买盘
254,09:52:13,12.31,0.0,19,23389,买盘
255,09:52:16,12.34,0.03,78,96033,买盘
256,09:52:19,12.31,-0.03,22,27120,卖盘
257,09:52:22,12.34,0.03,3,3702,买盘
258,09:52:40,12.34,0.0,30,37016,买盘
259,09:52:46,12.34,0.0,2,2468,买盘
260,09:52:49,12.34,0.0,9,11106,买盘
261,09:52:52,12.34,0.0,2,2468,买盘
262,09:52:55,12.34,0.0,4,4936,买盘
263,09:53:10,12.34,0.0,44,54296,买盘
264,09:53:13,12.33,-0.01,7,8631,卖盘
265,09:53:25,12.33,0.0,3,3699,买盘
266,09:53:40,12.33,0.0,50,61650,卖盘
267,09:53:43,12.34,0.01,43,53062,买盘
268,09:54:01,12.34,0.0,5,6170,卖盘
269,09:54:07,12.34,0.0,9,11106,卖盘
270,09:54:10,12.34,0.0,5,6170,买盘
271,09:54:19,12.34,0.0,5,6170,买盘
272,09:54:22,12.34,0.0,19,23446,买盘
273,09:54:37,12.34,0.0,1,1234,卖盘
274,09:54:49,12.34,0.0,8,9872,买盘
275,09:54:55,12.34,0.0,10,12340,买盘
276,09:54:58,12.34,0.0,39,48126,买盘
277,09:55:04,12.34,0.0,27,33318,卖盘
278,09:55:07,12.34,0.0,1,1234,卖盘
279,09:55:13,12.34,0.0,5,6170,卖盘
280,09:55:19,12.35,0.01,20,24700,买盘
281,09:55:31,12.35,0.0,11,13575,买盘
282,09:55:34,12.35,0.0,26,32110,买盘
283,09:55:37,12.35,0.0,3,3705,买盘
284,09:55:49,12.35,0.0,24,29640,买盘
285,09:55:55,12.34,-0.01,15,18510,卖盘
286,09:55:58,12.34,0.0,18,22212,卖盘
287,09:56:01,12.34,0.0,26,32084,买盘
288,09:56:04,12.34,0.0,10,12340,卖盘
289,09:56:07,12.34,0.0,12,14818,卖盘
290,09:56:13,12.34,0.0,1,1234,卖盘
291,09:56:19,12.35,0.01,59,72865,买盘
292,09:56:31,12.35,0.0,10,12350,卖盘
293,09:56:39,12.36,0.01,4,4944,买盘
294,09:56:46,12.36,0.0,10,12360,买盘
295,09:56:49,12.36,0.0,13,16068,买盘
296,09:57:04,12.37,0.01,10,12370,买盘
297,09:57:07,12.37,0.0,3,3711,卖盘
298,09:57:13,12.37,0.0,6,7422,卖盘
299,09:57:16,12.37,0.0,40,49480,买盘
300,09:57:25,12.37,0.0,8,9896,买盘
301,09:57:28,12.37,0.0,3,3711,卖盘
302,09:57:34,12.37,0.0,6,7422,卖盘
303,09:57:43,12.38,0.01,69,85372,买盘
304,09:57:46,12.38,0.0,27,33426,买盘
305,09:58:19,12.38,0.0,15,18570,买盘
306,09:58:25,12.37,-0.01,12,14844,卖盘
307,09:58:31,12.38,0.01,31,38341,买盘
308,09:58:40,12.38,0.0,70,86677,卖盘
309,09:58:49,12.38,0.0,16,19845,卖盘
310,09:58:55,12.38,0.0,10,12380,买盘
311,09:59:06,12.37,-0.01,2,2474,卖盘
312,09:59:16,12.38,0.01,24,29675,买盘
313,09:59:31,12.39,0.01,80,99120,买盘
314,09:59:34,12.37,-0.02,36,44560,卖盘
315,09:59:37,12.39,0.02,2,2478,买盘
316,09:59:43,12.39,0.0,2,2478,卖盘
317,09:59:46,12.39,0.0,30,37160,买盘
318,09:59:55,12.4,0.01,34,42133,买盘
319,09:59:58,12.38,-0.02,26,32188,卖盘
320,10:00:07,12.38,0.0,20,24760,买盘
321,10:00:10,12.38,0.0,20,24760,买盘
322,10:00:19,12.38,0.0,10,12380,买盘
323,10:00:22,12.38,0.0,50,61900,买盘
324,10:00:25,12.38,0.0,19,23522,买盘
325,10:00:31,12.38,0.0,66,80755,买盘
326,10:00:37,12.38,0.0,65,80470,卖盘
327,10:00:43,12.38,0.0,10,12380,卖盘
328,10:00:55,12.39,0.01,20,24770,买盘
329,10:01:01,12.38,-0.01,4,4952,卖盘
330,10:01:04,12.38,0.0,40,49520,卖盘
331,10:01:07,12.38,0.0,1,1238,卖盘
332,10:01:16,12.39,0.01,10,12390,买盘
333,10:01:19,12.38,-0.01,30,37140,卖盘
334,10:01:22,12.39,0.01,50,61950,买盘
335,10:01:31,12.39,0.0,10,12390,买盘
336,10:01:43,12.39,0.0,2,2478,买盘
337,10:01:49,12.39,0.0,4,4956,买盘
338,10:02:01,12.39,0.0,1,1239,卖盘
339,10:02:07,12.39,0.0,5,6195,买盘
340,10:02:19,12.39,0.0,12,14866,买盘
341,10:02:22,12.39,0.0,19,23541,买盘
342,10:02:34,12.4,0.01,10,12400,买盘
343,10:02:37,12.39,-0.01,1,1239,卖盘
344,10:02:39,12.39,0.0,73,90507,卖盘
345,10:02:46,12.4,0.01,130,161200,买盘
346,10:02:52,12.4,0.0,6,7440,买盘
347,10:02:55,12.4,0.0,22,27280,买盘
348,10:03:01,12.4,0.0,4,4960,卖盘
349,10:03:07,12.41,0.01,5,6204,买盘
350,10:03:19,12.41,0.0,10,12410,买盘
351,10:03:37,12.4,-0.01,20,24800,卖盘
352,10:03:40,12.42,0.02,146,181312,买盘
353,10:03:46,12.42,0.0,2,2484,卖盘
354,10:03:49,12.41,-0.01,3,3723,买盘
355,10:03:52,12.43,0.02,16,19888,买盘
356,10:03:58,12.43,0.0,1,1243,卖盘
357,10:04:07,12.43,0.0,27,33561,卖盘
358,10:04:13,12.43,0.0,56,69658,卖盘
359,10:04:16,12.43,0.0,4,4972,买盘
360,10:04:19,12.44,0.01,5,6220,买盘
361,10:04:22,12.44,0.0,74,92056,买盘
362,10:04:28,12.43,-0.01,36,44774,卖盘
363,10:04:34,12.44,0.01,188,233844,买盘
364,10:04:37,12.46,0.02,95,118223,买盘
365,10:04:49,12.46,0.0,20,24920,卖盘
366,10:04:52,12.46,0.0,35,44657,卖盘
367,10:04:58,12.49,0.03,30,37445,买盘
368,10:05:05,12.47,-0.02,4,4988,卖盘
369,10:05:19,12.47,0.0,11,13707,买盘
370,10:05:28,12.46,-0.01,30,37384,卖盘
371,10:05:31,12.47,0.01,9,11219,买盘
372,10:05:37,12.47,0.0,30,37425,买盘
373,10:05:40,12.46,-0.01,15,18690,卖盘
374,10:05:43,12.46,0.0,3,3738,卖盘
375,10:05:46,12.46,0.0,4,3937,卖盘
376,10:05:49,12.46,0.0,4,4984,买盘
377,10:06:04,12.45,-0.01,30,37350,买盘
378,10:06:28,12.44,-0.01,27,33588,卖盘
379,10:06:37,12.44,0.0,15,18660,卖盘
380,10:06:46,12.44,0.0,19,23636,卖盘
381,10:06:49,12.44,0.0,9,11196,卖盘
382,10:06:55,12.45,0.01,25,31123,买盘
383,10:07:04,12.45,0.0,35,43565,买盘
384,10:07:07,12.45,0.0,4,4980,卖盘
385,10:07:10,12.45,0.0,20,24900,卖盘
386,10:07:16,12.45,0.0,2,2490,卖盘
387,10:07:22,12.45,0.0,2,2490,卖盘
388,10:07:25,12.45,0.0,5,6225,卖盘
389,10:07:28,12.45,0.0,15,18675,卖盘
390,10:07:31,12.45,0.0,6,7470,卖盘
391,10:07:37,12.44,-0.01,10,12449,卖盘
392,10:07:43,12.45,0.01,20,24900,买盘
393,10:07:46,12.45,0.0,20,24910,卖盘
394,10:07:49,12.46,0.01,47,58562,买盘
395,10:07:52,12.45,-0.01,46,57270,卖盘
396,10:08:07,12.45,0.0,33,41085,买盘
397,10:08:10,12.45,0.0,15,18675,卖盘
398,10:08:16,12.46,0.01,12,14950,买盘
399,10:08:19,12.45,-0.01,6,7470,卖盘
400,10:08:22,12.45,0.0,10,12450,卖盘
401,10:08:25,12.46,0.01,5,6230,买盘
402,10:08:28,12.46,0.0,104,129554,买盘
403,10:08:31,12.46,0.0,15,18690,买盘
404,10:08:34,12.46,0.0,24,29904,买盘
405,10:08:37,12.46,0.0,20,24920,买盘
406,10:08:49,12.46,0.0,10,12460,买盘
407,10:08:52,12.45,-0.01,4,4980,卖盘
408,10:08:58,12.46,0.01,28,34888,买盘
409,10:09:01,12.47,0.01,1,1247,买盘
410,10:09:07,12.47,0.0,2,2494,卖盘
411,10:09:10,12.43,-0.04,20,24910,卖盘
412,10:09:16,12.47,0.04,21,26177,买盘
413,10:09:46,12.43,-0.04,5,6215,卖盘
414,10:09:49,12.43,0.0,23,28589,卖盘
415,10:10:07,12.42,-0.01,4,4968,卖盘
416,10:10:28,12.42,0.0,3,3726,卖盘
417,10:10:34,12.42,0.0,10,12420,买盘
418,10:10:40,12.41,-0.01,13,16133,卖盘
419,10:10:46,12.41,0.0,11,13661,卖盘
420,10:10:49,12.42,0.01,5,6210,买盘
421,10:11:10,12.41,-0.01,140,173770,卖盘
422,10:11:22,12.4,-0.01,32,39680,卖盘
423,10:11:28,12.4,0.0,4,4960,卖盘
424,10:11:34,12.41,0.01,16,19856,买盘
425,10:11:37,12.4,-0.01,2,2480,卖盘
426,10:11:40,12.41,0.01,3,3723,买盘
427,10:11:43,12.41,0.0,18,22325,买盘
428,10:11:46,12.41,0.0,1,1241,卖盘
429,10:11:52,12.41,0.0,8,9928,卖盘
430,10:11:55,12.41,0.0,30,37230,卖盘
431,10:12:01,12.41,0.0,100,124100,卖盘
432,10:12:07,12.41,0.0,41,50881,卖盘
433,10:12:19,12.43,0.02,8,9944,买盘
434,10:12:31,12.41,-0.02,26,32306,卖盘
435,10:12:43,12.45,0.04,1,1245,买盘
436,10:12:46,12.43,-0.02,33,41019,卖盘
437,10:13:01,12.41,-0.02,132,163812,卖盘
438,10:13:13,12.4,-0.01,35,43440,卖盘
439,10:13:34,12.4,0.0,3,3720,卖盘
440,10:13:40,12.39,-0.01,50,61982,卖盘
441,10:13:55,12.44,0.05,8,9952,买盘
442,10:14:04,12.41,-0.03,200,248200,卖盘
443,10:14:07,12.41,0.0,5,6205,中性盘
444,10:14:10,12.41,0.0,10,12410,买盘
445,10:14:31,12.41,0.0,5,6205,卖盘
446,10:14:34,12.43,0.02,10,12429,买盘
447,10:14:46,12.43,0.0,20,24860,买盘
448,10:14:49,12.43,0.0,31,38533,买盘
449,10:14:58,12.44,0.01,5,6220,买盘
450,10:15:01,12.44,0.0,15,18655,买盘
451,10:15:04,12.44,0.0,38,47272,买盘
452,10:15:07,12.44,0.0,10,12440,卖盘
453,10:15:19,12.45,0.01,23,28635,买盘
454,10:15:25,12.45,0.0,2,2490,买盘
455,10:15:28,12.45,0.0,35,43575,买盘
456,10:15:37,12.45,0.0,3,3735,买盘
457,10:15:40,12.45,0.0,5,6225,买盘
458,10:15:43,12.45,0.0,31,38595,买盘
459,10:15:46,12.45,0.0,2,2490,卖盘
460,10:15:55,12.47,0.02,34,42388,买盘
461,10:16:07,12.47,0.0,38,47406,卖盘
462,10:16:10,12.48,0.01,5,6240,买盘
463,10:16:19,12.48,0.0,5,6240,买盘
464,10:16:40,12.47,-0.01,27,33669,卖盘
465,10:16:49,12.47,0.0,5,6235,买盘
466,10:16:55,12.48,0.01,30,37426,买盘
467,10:18:28,12.45,-0.03,26,32370,卖盘
468,10:18:37,12.46,0.01,20,24920,买盘
469,10:18:39,12.45,-0.01,20,24900,卖盘
470,10:18:55,12.45,0.0,5,6225,卖盘
471,10:19:01,12.45,0.0,1,1245,卖盘
472,10:19:04,12.46,0.01,14,17444,买盘
473,10:19:10,12.46,0.0,30,37380,卖盘
474,10:19:13,12.44,-0.02,42,52260,卖盘
475,10:19:46,12.44,0.0,30,37320,卖盘
476,10:19:58,12.44,0.0,2,2488,卖盘
477,10:20:04,12.44,0.0,1,1244,卖盘
478,10:20:07,12.44,0.0,2,2488,卖盘
479,10:20:10,12.44,0.0,5,6220,卖盘
480,10:20:16,12.44,0.0,17,21148,卖盘
481,10:20:22,12.43,-0.01,50,62157,卖盘
482,10:20:34,12.41,-0.02,21,26066,卖盘
483,10:20:51,12.4,-0.01,20,24800,卖盘
484,10:20:54,12.4,0.0,10,12400,卖盘
485,10:21:01,12.41,0.01,30,37220,买盘
486,10:21:07,12.39,-0.02,2,2478,卖盘
487,10:21:09,12.4,0.01,18,22320,中性盘
488,10:21:22,12.41,0.01,120,148920,买盘
489,10:21:43,12.4,-0.01,19,23560,卖盘
490,10:22:19,12.39,-0.01,10,12390,卖盘
491,10:22:22,12.39,0.0,5,6195,卖盘
492,10:22:43,12.4,0.01,39,48360,买盘
493,10:22:49,12.39,-0.01,11,13629,卖盘
494,10:22:57,12.4,0.01,61,75589,买盘
495,10:23:01,12.4,0.0,10,12400,买盘
496,10:23:12,12.39,-0.01,60,74380,卖盘
497,10:23:19,12.4,0.01,39,48360,买盘
498,10:23:34,12.4,0.0,31,38440,卖盘
499,10:23:55,12.4,0.0,52,64480,买盘
500,10:24:00,12.39,-0.01,17,21063,卖盘
501,10:24:04,12.4,0.01,9,11159,买盘
502,10:24:13,12.39,-0.01,2,2478,卖盘
503,10:24:25,12.39,0.0,19,23541,买盘
504,10:24:28,12.39,0.0,3,3717,卖盘
505,10:24:42,12.4,0.01,3,3720,买盘
506,10:24:49,12.39,-0.01,10,12390,卖盘
507,10:26:15,12.4,0.01,5,6200,买盘
508,10:26:22,12.4,0.0,8,9920,买盘
509,10:26:34,12.4,0.0,9,11160,买盘
510,10:26:40,12.4,0.0,34,42160,买盘
511,10:26:58,12.4,0.0,60,74400,买盘
512,10:27:04,12.4,0.0,1,1240,买盘
513,10:27:07,12.4,0.0,3,3720,买盘
514,10:27:09,12.41,0.01,26,32249,买盘
515,10:27:13,12.41,0.0,13,16133,买盘
516,10:27:31,12.41,0.0,120,148920,买盘
517,10:27:33,12.4,-0.01,1,1240,卖盘
518,10:27:36,12.4,0.0,5,6200,卖盘
519,10:27:40,12.41,0.01,20,24820,买盘
520,10:27:43,12.41,0.0,18,22330,买盘
521,10:28:01,12.41,0.0,10,12410,买盘
522,10:28:04,12.41,0.0,21,26061,买盘
523,10:28:09,12.41,0.0,10,12410,买盘
524,10:28:13,12.41,0.0,10,12410,买盘
525,10:28:22,12.41,0.0,1,1241,买盘
526,10:28:37,12.41,0.0,40,49640,买盘
527,10:28:52,12.41,0.0,15,18615,买盘
528,10:28:58,12.41,0.0,26,32266,买盘
529,10:29:07,12.41,0.0,20,24820,买盘
530,10:29:10,12.41,0.0,14,17374,买盘
531,10:29:16,12.41,0.0,14,17374,卖盘
532,10:29:19,12.4,-0.01,94,116652,卖盘
533,10:29:25,12.4,0.0,50,62000,卖盘
534,10:29:31,12.43,0.03,5,6215,买盘
535,10:29:40,12.42,-0.01,13,16146,卖盘
536,10:29:58,12.43,0.01,26,32318,买盘
537,10:30:18,12.45,0.02,80,99600,买盘
538,10:30:25,12.45,0.0,10,12450,卖盘
539,10:30:34,12.47,0.02,73,91006,买盘
540,10:30:46,12.49,0.02,124,154772,买盘
541,10:30:55,12.49,0.0,26,32474,买盘
542,10:30:58,12.51,0.02,181,226194,买盘
543,10:31:10,12.51,0.0,25,31253,买盘
544,10:31:28,12.51,0.0,24,30024,买盘
545,10:31:31,12.51,0.0,10,12510,卖盘
546,10:31:34,12.51,0.0,16,20016,卖盘
547,10:31:40,12.54,0.03,77,96477,买盘
548,10:31:52,12.51,-0.03,4,5004,卖盘
549,10:31:55,12.55,0.04,48,60188,买盘
550,10:32:04,12.53,-0.02,2,2506,买盘
551,10:32:07,12.54,0.01,4,5016,买盘
552,10:32:10,12.55,0.01,74,92842,买盘
553,10:32:13,12.55,0.0,5,6275,买盘
554,10:32:19,12.54,-0.01,1,1254,卖盘
555,10:32:25,12.53,-0.01,3,3759,卖盘
556,10:32:28,12.53,0.0,7,8771,卖盘
557,10:32:31,12.52,-0.01,15,18793,卖盘
558,10:32:34,12.52,0.0,3,3756,卖盘
559,10:32:37,12.53,0.01,46,57632,买盘
560,10:32:40,12.52,-0.01,4,5008,卖盘
561,10:32:43,12.52,0.0,3,3756,卖盘
562,10:32:46,12.51,-0.01,3,3753,卖盘
563,10:32:49,12.51,0.0,32,40032,卖盘
564,10:32:52,12.51,0.0,17,21267,卖盘
565,10:32:55,12.51,0.0,28,35028,卖盘
566,10:32:58,12.5,-0.01,14,17500,卖盘
567,10:33:01,12.5,0.0,34,42500,卖盘
568,10:33:04,12.5,0.0,44,55000,卖盘
569,10:33:07,12.49,-0.01,26,32474,卖盘
570,10:33:10,12.49,0.0,43,53707,卖盘
571,10:33:13,12.49,0.0,33,41217,卖盘
572,10:33:16,12.49,0.0,43,53723,卖盘
573,10:33:19,12.49,0.0,23,28727,卖盘
574,10:33:28,12.49,0.0,1,1249,卖盘
575,10:33:37,12.49,0.0,13,16237,卖盘
576,10:33:43,12.49,0.0,3,3748,卖盘
577,10:33:54,12.5,0.01,10,12500,买盘
578,10:34:07,12.5,0.0,6,7500,买盘
579,10:34:27,12.49,-0.01,10,12490,卖盘
580,10:34:31,12.5,0.01,20,25000,买盘
581,10:34:37,12.49,-0.01,20,24980,卖盘
582,10:34:46,12.5,0.01,20,25000,买盘
583,10:35:25,12.49,-0.01,2,2498,卖盘
584,10:35:46,12.5,0.01,20,25000,买盘
585,10:35:55,12.5,0.0,11,13750,买盘
586,10:36:01,12.49,-0.01,1,1249,卖盘
587,10:36:04,12.5,0.01,10,12500,买盘
588,10:36:16,12.5,0.0,12,15000,买盘
589,10:36:19,12.49,-0.01,46,57454,卖盘
590,10:36:25,12.5,0.01,59,73745,买盘
591,10:36:31,12.5,0.0,15,18750,买盘
592,10:36:34,12.49,-0.01,5,6245,中性盘
593,10:36:39,12.51,0.02,27,33755,买盘
594,10:37:01,12.5,-0.01,23,28750,买盘
595,10:37:07,12.5,0.0,13,16250,买盘
596,10:37:10,12.5,0.0,6,7500,买盘
597,10:37:16,12.5,0.0,17,21250,卖盘
598,10:37:39,12.49,-0.01,10,12490,卖盘
599,10:38:16,12.48,-0.01,50,62400,卖盘
600,10:38:28,12.49,0.01,7,8743,买盘
601,10:38:34,12.48,-0.01,20,24966,卖盘
602,10:39:01,12.47,-0.01,200,249418,卖盘
603,10:39:28,12.47,0.0,2,2494,卖盘
604,10:39:34,12.47,0.0,10,12470,卖盘
605,10:39:40,12.47,0.0,10,12470,卖盘
606,10:39:52,12.47,0.0,34,42398,卖盘
607,10:39:58,12.47,0.0,8,9976,卖盘
608,10:40:01,12.47,0.0,10,12470,卖盘
609,10:40:22,12.46,-0.01,4,4984,卖盘
610,10:40:49,12.46,0.0,15,18690,卖盘
611,10:40:51,12.46,0.0,11,13706,卖盘
612,10:41:10,12.45,-0.01,3,3735,卖盘
613,10:41:13,12.45,0.0,8,9960,卖盘
614,10:41:19,12.45,0.0,47,58515,卖盘
615,10:41:25,12.45,0.0,4,4980,卖盘
616,10:41:28,12.45,0.0,112,139440,卖盘
617,10:41:31,12.45,0.0,3,3735,买盘
618,10:41:51,12.43,-0.02,1,1243,卖盘
619,10:42:04,12.43,0.0,20,24860,卖盘
620,10:42:10,12.43,0.0,1,1243,卖盘
621,10:42:12,12.43,0.0,5,6215,买盘
622,10:42:37,12.43,0.0,1,1243,卖盘
623,10:42:43,12.43,0.0,8,9944,卖盘
624,10:42:55,12.43,0.0,1,1243,卖盘
625,10:43:07,12.44,0.01,43,53492,买盘
626,10:43:09,12.43,-0.01,24,29832,卖盘
627,10:43:16,12.43,0.0,35,43505,卖盘
628,10:43:19,12.44,0.01,8,9952,买盘
629,10:44:10,12.44,0.0,5,6220,卖盘
630,10:44:19,12.44,0.0,1,1244,卖盘
631,10:44:40,12.44,0.0,30,37320,卖盘
632,10:44:46,12.45,0.01,43,53535,买盘
633,10:46:04,12.45,0.0,25,31125,卖盘
634,10:46:07,12.46,0.01,5,6230,买盘
635,10:46:13,12.45,-0.01,18,22415,卖盘
636,10:46:28,12.45,0.0,2,2490,买盘
637,10:46:55,12.45,0.0,9,11205,卖盘
638,10:47:12,12.44,-0.01,2,2488,卖盘
639,10:47:25,12.45,0.01,21,26145,买盘
640,10:47:48,12.45,0.0,5,6225,卖盘
641,10:48:04,12.48,0.03,18,22449,买盘
642,10:48:16,12.45,-0.03,5,6225,卖盘
643,10:48:22,12.48,0.03,12,14976,买盘
644,10:49:22,12.46,-0.02,31,38626,买盘
645,10:49:33,12.46,0.0,8,9968,卖盘
646,10:49:40,12.46,0.0,15,18690,买盘
647,10:50:04,12.45,-0.01,80,99640,卖盘
648,10:50:09,12.45,0.0,5,6225,卖盘
649,10:50:19,12.45,0.0,9,11205,卖盘
650,10:50:31,12.45,0.0,10,12450,卖盘
651,10:50:43,12.45,0.0,5,6225,卖盘
652,10:51:13,12.46,0.01,8,9968,买盘
653,10:51:22,12.46,0.0,7,8722,买盘
654,10:51:43,12.46,0.0,15,18690,买盘
655,10:51:49,12.46,0.0,8,9968,买盘
656,10:51:58,12.46,0.0,29,36134,买盘
657,10:52:25,12.46,0.0,20,24920,卖盘
658,10:52:55,12.47,0.01,6,7482,买盘
659,10:53:19,12.47,0.0,32,39904,买盘
660,10:53:27,12.48,0.01,149,185934,买盘
661,10:53:43,12.48,0.0,1,1248,卖盘
662,10:54:01,12.48,0.0,1,1248,买盘
663,10:54:04,12.48,0.0,10,12480,买盘
664,10:54:43,12.48,0.0,3,3744,买盘
665,10:55:31,12.46,-0.02,5,6230,卖盘
666,10:55:40,12.46,0.0,1,1246,买盘
667,10:55:46,12.46,0.0,2,2492,买盘
668,10:55:58,12.47,0.01,1,1247,买盘
669,10:56:34,12.46,-0.01,4,4984,卖盘
670,10:56:46,12.46,0.0,7,8722,卖盘
671,10:56:55,12.46,0.0,2,2492,买盘
672,10:57:13,12.46,0.0,12,14952,买盘
673,10:57:27,12.46,0.0,10,12460,卖盘
674,10:57:57,12.48,0.02,15,18710,买盘
675,10:58:00,12.46,-0.02,5,6230,卖盘
676,10:58:34,12.54,0.08,800,1000412,买盘
677,10:58:46,12.53,-0.01,4,5012,买盘
678,10:58:49,12.56,0.03,1500,1883562,买盘
679,10:58:55,12.52,-0.04,7,8764,买盘
680,10:59:01,12.49,-0.03,3,3747,买盘
681,10:59:04,12.55,0.06,79,99145,买盘
682,10:59:13,12.54,-0.01,16,20064,买盘
683,10:59:15,12.55,0.01,106,133030,中性盘
684,10:59:19,12.55,0.0,20,25100,买盘
685,10:59:22,12.55,0.0,3,3765,买盘
686,10:59:25,12.56,0.01,282,354111,买盘
687,10:59:28,12.56,0.0,28,35168,买盘
688,10:59:31,12.56,0.0,70,87920,买盘
689,10:59:34,12.56,0.0,8,10048,买盘
690,10:59:37,12.56,0.0,294,369264,买盘
691,10:59:40,12.55,-0.01,431,541004,卖盘
692,10:59:43,12.56,0.01,138,173210,买盘
693,10:59:46,12.56,0.0,16,20096,买盘
694,10:59:48,12.56,0.0,31,38936,买盘
695,10:59:51,12.57,0.01,151,189775,买盘
696,10:59:54,12.57,0.0,42,52767,买盘
697,10:59:58,12.58,0.01,56,70411,买盘
698,11:00:01,12.58,0.0,36,45275,买盘
699,11:00:04,12.57,-0.01,5,6285,中性盘
700,11:00:06,12.58,0.01,113,142154,买盘
701,11:00:10,12.58,0.0,96,120768,买盘
702,11:00:13,12.58,0.0,25,31450,买盘
703,11:00:16,12.61,0.03,224,282050,买盘
704,11:00:19,12.58,-0.03,36,45288,中性盘
705,11:00:25,12.61,0.03,10,12603,买盘
706,11:00:28,12.59,-0.02,29,36511,中性盘
707,11:00:30,12.59,0.0,15,18885,买盘
708,11:00:33,12.6,0.01,101,127172,买盘
709,11:00:36,12.61,0.01,94,118490,买盘
710,11:00:40,12.6,-0.01,35,44100,卖盘
711,11:00:43,12.61,0.01,48,60480,买盘
712,11:00:46,12.62,0.01,23,29010,买盘
713,11:00:52,12.61,-0.01,9,11349,买盘
714,11:00:54,12.61,0.0,119,150059,卖盘
715,11:00:58,12.6,-0.01,99,124791,卖盘
716,11:01:01,12.6,0.0,207,260786,卖盘
717,11:01:04,12.62,0.02,202,254906,买盘
718,11:01:07,12.6,-0.02,34,42857,中性盘
719,11:01:10,12.6,0.0,3,3780,买盘
720,11:01:13,12.6,0.0,177,222848,买盘
721,11:01:18,12.6,0.0,24,30240,买盘
722,11:01:22,12.6,0.0,254,319269,买盘
723,11:01:28,12.58,-0.02,12,15096,中性盘
724,11:01:31,12.58,0.0,4,5032,买盘
725,11:01:46,12.59,0.01,81,101859,买盘
726,11:01:49,12.55,-0.04,114,143070,卖盘
727,11:01:52,12.55,0.0,13,16315,买盘
728,11:02:01,12.55,0.0,49,61465,买盘
729,11:02:04,12.52,-0.03,32,40157,卖盘
730,11:02:07,12.54,0.02,19,23826,中性盘
731,11:02:10,12.54,0.0,50,62700,买盘
732,11:02:22,12.54,0.0,32,40128,买盘
733,11:02:28,12.52,-0.02,200,250633,卖盘
734,11:02:37,12.54,0.02,2,2508,买盘
735,11:02:49,12.54,0.0,10,12540,卖盘
736,11:02:54,12.54,0.0,5,6270,卖盘
737,11:03:00,12.54,0.0,3,3762,卖盘
738,11:03:06,12.54,0.0,45,56470,卖盘
739,11:03:16,12.54,0.0,91,114114,卖盘
740,11:03:19,12.54,0.0,9,11286,买盘
741,11:03:28,12.54,0.0,33,41382,卖盘
742,11:03:30,12.54,0.0,23,28842,买盘
743,11:03:33,12.54,0.0,60,75240,买盘
744,11:03:36,12.54,0.0,28,35112,买盘
745,11:03:40,12.54,0.0,26,32604,买盘
746,11:03:52,12.54,0.0,12,15048,买盘
747,11:03:55,12.54,0.0,2,2508,买盘
748,11:04:01,12.54,0.0,52,65208,买盘
749,11:04:04,12.54,0.0,30,37620,买盘
750,11:04:06,12.54,0.0,11,13794,买盘
751,11:04:10,12.5,-0.04,364,455389,卖盘
752,11:04:13,12.5,0.0,95,118750,买盘
753,11:04:16,12.5,0.0,15,18750,买盘
754,11:04:19,12.5,0.0,12,15000,买盘
755,11:04:25,12.5,0.0,20,24980,买盘
756,11:04:27,12.5,0.0,8,10000,买盘
757,11:04:34,12.5,0.0,1,1250,买盘
758,11:04:46,12.52,0.02,19,23788,买盘
759,11:04:52,12.5,-0.02,177,221379,卖盘
760,11:05:01,12.5,0.0,110,137564,卖盘
761,11:05:06,12.53,0.03,1,1253,买盘
762,11:05:19,12.55,0.02,33,41409,买盘
763,11:05:31,12.55,0.0,35,43925,买盘
764,11:05:49,12.58,0.03,50,62838,买盘
765,11:05:55,12.55,-0.03,2,2510,卖盘
766,11:06:01,12.58,0.03,1,1258,买盘
767,11:06:16,12.58,0.0,50,62897,买盘
768,11:06:19,12.58,0.0,20,25160,买盘
769,11:06:22,12.58,0.0,10,12580,卖盘
770,11:06:40,12.55,-0.03,35,44019,卖盘
771,11:06:46,12.55,0.0,50,62750,买盘
772,11:06:49,12.55,0.0,6,7530,买盘
773,11:06:55,12.55,0.0,15,18825,买盘
774,11:06:58,12.55,0.0,24,30120,买盘
775,11:07:00,12.56,0.01,10,12560,卖盘
776,11:07:10,12.57,0.01,50,62850,买盘
777,11:07:19,12.56,-0.01,20,25120,卖盘
778,11:07:28,12.57,0.01,53,66621,买盘
779,11:07:37,12.57,0.0,20,25140,卖盘
780,11:07:43,12.58,0.01,24,30192,买盘
781,11:07:46,12.59,0.01,174,219066,买盘
782,11:07:52,12.58,-0.01,12,15096,卖盘
783,11:07:55,12.58,0.0,20,25160,卖盘
784,11:08:01,12.59,0.01,53,66727,买盘
785,11:08:22,12.58,-0.01,5,6290,卖盘
786,11:08:31,12.58,0.0,11,13838,卖盘
787,11:08:58,12.58,0.0,30,37740,卖盘
788,11:09:04,12.58,0.0,47,59126,卖盘
789,11:09:22,12.58,0.0,7,8806,买盘
790,11:09:31,12.59,0.01,40,50360,买盘
791,11:09:37,12.58,-0.01,3,3774,卖盘
792,11:09:49,12.58,0.0,20,25160,买盘
793,11:10:12,12.58,0.0,18,22644,买盘
794,11:10:22,12.58,0.0,1,1258,买盘
795,11:10:25,12.55,-0.03,5,6275,卖盘
796,11:10:37,12.55,0.0,35,43925,买盘
797,11:10:55,12.55,0.0,11,13805,卖盘
798,11:11:40,12.55,0.0,50,62755,卖盘
799,11:11:45,12.56,0.01,12,15072,买盘
800,11:12:01,12.55,-0.01,11,13805,卖盘
801,11:12:13,12.55,0.0,29,36395,卖盘
802,11:12:16,12.56,0.01,30,37680,买盘
803,11:12:22,12.56,0.0,8,10048,买盘
804,11:12:28,12.55,-0.01,5,6275,卖盘
805,11:12:46,12.56,0.01,23,28888,买盘
806,11:12:49,12.56,0.0,2,2512,卖盘
807,11:12:55,12.56,0.0,14,17584,卖盘
808,11:12:58,12.56,0.0,2,2512,卖盘
809,11:13:04,12.57,0.01,40,50280,买盘
810,11:13:19,12.58,0.01,6,7548,买盘
811,11:13:25,12.58,0.0,41,51567,买盘
812,11:13:31,12.58,0.0,11,13838,买盘
813,11:14:19,12.58,0.0,5,6290,买盘
814,11:14:22,12.58,0.0,39,49062,买盘
815,11:14:31,12.58,0.0,212,266496,买盘
816,11:14:40,12.58,0.0,10,12580,卖盘
817,11:14:58,12.59,0.01,39,49081,买盘
818,11:15:22,12.58,-0.01,20,25160,买盘
819,11:15:25,12.57,-0.01,8,10056,卖盘
820,11:15:42,12.57,0.0,20,25140,卖盘
821,11:15:45,12.57,0.0,20,25140,卖盘
822,11:15:48,12.57,0.0,27,33939,卖盘
823,11:16:19,12.57,0.0,10,12570,买盘
824,11:16:22,12.56,-0.01,7,8792,卖盘
825,11:16:28,12.55,-0.01,100,125500,卖盘
826,11:16:34,12.55,0.0,1,1255,卖盘
827,11:16:37,12.55,0.0,10,12550,卖盘
828,11:16:49,12.55,0.0,2,2510,卖盘
829,11:16:55,12.55,0.0,19,23845,卖盘
830,11:17:04,12.51,-0.04,20,25071,卖盘
831,11:18:52,12.57,0.06,30,37705,买盘
832,11:19:07,12.57,0.0,30,37710,买盘
833,11:19:27,12.57,0.0,5,6285,买盘
834,11:19:55,12.57,0.0,42,52794,买盘
835,11:19:58,12.57,0.0,3,3771,买盘
836,11:20:04,12.57,0.0,1,1257,卖盘
837,11:20:09,12.58,0.01,159,200022,买盘
838,11:20:16,12.58,0.0,125,157250,买盘
839,11:20:25,12.58,0.0,39,49062,买盘
840,11:20:28,12.58,0.0,15,18870,卖盘
841,11:20:37,12.59,0.01,20,25180,买盘
842,11:20:43,12.62,0.03,100,126075,买盘
843,11:21:01,12.62,0.0,5,6310,买盘
844,11:21:06,12.63,0.01,23,29042,买盘
845,11:21:13,12.63,0.0,20,25210,买盘
846,11:21:19,12.61,-0.02,6,7566,卖盘
847,11:21:22,12.63,0.02,8,10104,买盘
848,11:21:28,12.63,0.0,60,75777,买盘
849,11:21:36,12.63,0.0,20,25260,买盘
850,11:21:42,12.61,-0.02,84,105934,卖盘
851,11:21:49,12.6,-0.01,50,63000,卖盘
852,11:22:09,12.62,0.02,100,126060,买盘
853,11:22:13,12.6,-0.02,4,5040,卖盘
854,11:22:25,12.61,0.01,86,108386,卖盘
855,11:22:31,12.61,0.0,20,25220,买盘
856,11:22:34,12.6,-0.01,10,12600,中性盘
857,11:22:40,12.6,0.0,17,21420,卖盘
858,11:23:01,12.6,0.0,10,12600,卖盘
859,11:23:06,12.6,0.0,9,11340,卖盘
860,11:23:12,12.6,0.0,30,37820,卖盘
861,11:23:19,12.6,0.0,1,1260,卖盘
862,11:23:21,12.6,0.0,5,6300,卖盘
863,11:23:25,12.6,0.0,10,12600,卖盘
864,11:23:31,12.61,0.01,10,12610,买盘
865,11:23:43,12.61,0.0,2,2522,买盘
866,11:23:58,12.62,0.01,20,25233,买盘
867,11:24:16,12.62,0.0,75,94645,买盘
868,11:24:28,12.63,0.01,20,25260,买盘
869,11:24:31,12.63,0.0,10,12630,买盘
870,11:24:39,12.63,0.0,60,75830,卖盘
871,11:24:46,12.65,0.02,100,126481,买盘
872,11:24:55,12.65,0.0,19,24034,买盘
873,11:25:04,12.64,-0.01,24,30354,卖盘
874,11:25:10,12.64,0.0,20,25280,买盘
875,11:25:16,12.66,0.02,350,442857,买盘
876,11:25:31,12.59,-0.07,40,50405,卖盘
877,11:25:34,12.63,0.04,27,34101,中性盘
878,11:26:13,12.62,-0.01,5,6310,买盘
879,11:26:25,12.62,0.0,1,1262,买盘
880,11:26:31,12.6,-0.02,5,6300,卖盘
881,11:26:46,12.6,0.0,18,22680,卖盘
882,11:26:49,12.62,0.02,1,1262,买盘
883,11:27:01,12.62,0.0,9,11358,买盘
884,11:27:28,12.62,0.0,5,6310,买盘
885,11:27:39,12.62,0.0,18,22716,买盘
886,11:27:49,12.6,-0.02,3,3780,卖盘
887,11:28:04,12.6,0.0,10,12600,卖盘
888,11:28:22,12.6,0.0,46,57960,卖盘
889,11:28:55,12.61,0.01,4,5044,卖盘
890,11:29:09,12.61,0.0,12,15132,买盘
891,11:29:19,12.63,0.02,69,87125,买盘
892,11:29:31,12.64,0.01,1,1264,买盘
893,11:29:52,12.65,0.01,23,29095,买盘
894,11:29:55,12.65,0.0,5,6325,买盘
895,11:29:58,12.65,0.0,1,1265,买盘
896,11:30:04,12.65,0.0,3,3795,买盘
897,13:00:07,12.66,0.01,100,126600,买盘
898,13:00:10,12.65,-0.01,263,333384,卖盘
899,13:00:22,12.65,0.0,10,12655,卖盘
900,13:00:46,12.66,0.01,4,5064,买盘
901,13:01:34,12.66,0.0,86,108876,卖盘
902,13:01:37,12.65,-0.01,32,40493,卖盘
903,13:01:40,12.65,0.0,7,8855,买盘
904,13:01:43,12.64,-0.01,1,1264,卖盘
905,13:01:49,12.64,0.0,11,13904,卖盘
906,13:01:52,12.64,0.0,7,8848,卖盘
907,13:02:07,12.61,-0.03,4,5044,卖盘
908,13:02:10,12.64,0.03,10,12640,买盘
909,13:02:13,12.64,0.0,10,12639,买盘
910,13:02:22,12.64,0.0,25,31600,买盘
911,13:02:30,12.63,-0.01,1,1263,中性盘
912,13:02:36,12.63,0.0,19,24011,卖盘
913,13:02:40,12.63,0.0,4,5052,卖盘
914,13:02:42,12.64,0.01,7,8848,买盘
915,13:02:45,12.64,0.0,3,3792,买盘
916,13:02:52,12.64,0.0,7,8848,买盘
917,13:02:57,12.64,0.0,11,13904,卖盘
918,13:03:00,12.64,0.0,1,1264,买盘
919,13:03:06,12.61,-0.03,103,129957,卖盘
920,13:03:10,12.61,0.0,5,6305,买盘
921,13:03:16,12.6,-0.01,7,8820,卖盘
922,13:03:40,12.6,0.0,12,15120,卖盘
923,13:03:55,12.6,0.0,10,12600,卖盘
924,13:04:07,12.61,0.01,50,63050,买盘
925,13:04:09,12.6,-0.01,3,3780,卖盘
926,13:04:13,12.6,0.0,44,55466,卖盘
927,13:04:22,12.61,0.01,38,47918,买盘
928,13:04:54,12.61,0.0,9,11349,卖盘
929,13:05:10,12.61,0.0,20,25220,卖盘
930,13:05:34,12.63,0.02,4,5052,卖盘
931,13:05:37,12.64,0.01,10,12640,买盘
932,13:05:51,12.64,0.0,39,49296,买盘
933,13:05:55,12.64,0.0,6,7584,卖盘
934,13:06:06,12.65,0.01,17,21505,买盘
935,13:06:09,12.65,0.0,19,24035,买盘
936,13:06:15,12.65,0.0,14,17710,卖盘
937,13:06:21,12.65,0.0,12,15172,买盘
938,13:06:45,12.65,0.0,2,2530,买盘
939,13:06:58,12.66,0.01,116,146856,买盘
940,13:07:04,12.66,0.0,2,2532,卖盘
941,13:07:16,12.67,0.01,2,2534,买盘
942,13:07:34,12.67,0.0,1,1267,买盘
943,13:07:37,12.67,0.0,5,6335,卖盘
944,13:07:43,12.69,0.02,6,7614,买盘
945,13:07:57,12.67,-0.02,4,5068,卖盘
946,13:08:01,12.69,0.02,108,137049,买盘
947,13:08:04,12.67,-0.02,30,38010,卖盘
948,13:08:10,12.67,0.0,35,44395,卖盘
949,13:08:13,12.69,0.02,38,48222,买盘
950,13:08:19,12.69,0.0,16,20304,卖盘
951,13:08:25,12.69,0.0,2,2538,买盘
952,13:08:28,12.7,0.01,138,175236,买盘
953,13:08:37,12.7,0.0,241,306066,买盘
954,13:08:40,12.7,0.0,14,17768,买盘
955,13:08:42,12.7,0.0,44,55880,买盘
956,13:08:46,12.7,0.0,3,3810,买盘
957,13:08:49,12.7,0.0,10,12700,买盘
958,13:08:52,12.7,0.0,19,24130,买盘
959,13:08:55,12.69,-0.01,61,77466,卖盘
960,13:09:04,12.69,0.0,8,10152,买盘
961,13:09:07,12.67,-0.02,123,155941,卖盘
962,13:09:10,12.67,0.0,8,10136,买盘
963,13:09:18,12.67,0.0,1,1267,买盘
964,13:09:24,12.67,0.0,31,39277,买盘
965,13:09:31,12.67,0.0,1,1267,买盘
966,13:09:34,12.67,0.0,18,22806,买盘
967,13:09:40,12.67,0.0,15,19005,卖盘
968,13:09:52,12.69,0.02,10,12690,卖盘
969,13:10:01,12.69,0.0,30,38070,卖盘
970,13:10:19,12.7,0.01,71,90153,买盘
971,13:10:21,12.69,-0.01,96,121611,中性盘
972,13:10:28,12.69,0.0,10,12690,买盘
973,13:10:37,12.69,0.0,20,25380,买盘
974,13:10:52,12.66,-0.03,6,7596,卖盘
975,13:11:16,12.66,0.0,39,49374,卖盘
976,13:11:19,12.66,0.0,14,17724,卖盘
977,13:11:22,12.67,0.01,3,3801,买盘
978,13:11:34,12.67,0.0,50,63350,卖盘
979,13:11:43,12.68,0.01,10,12680,买盘
980,13:11:46,12.67,-0.01,7,8869,卖盘
981,13:11:58,12.67,0.0,14,17738,买盘
982,13:12:07,12.66,-0.01,30,37980,卖盘
983,13:12:18,12.67,0.01,1,1267,买盘
984,13:12:46,12.67,0.0,1,1267,卖盘
985,13:12:57,12.68,0.01,83,105198,买盘
986,13:13:01,12.66,-0.02,4,5064,卖盘
987,13:13:07,12.66,0.0,28,35448,卖盘
988,13:13:28,12.66,0.0,1,1266,卖盘
989,13:13:36,12.66,0.0,50,63300,卖盘
990,13:13:39,12.66,0.0,5,6330,卖盘
991,13:13:43,12.66,0.0,5,6330,卖盘
992,13:13:52,12.65,-0.01,8,10120,卖盘
993,13:13:58,12.66,0.01,76,96204,买盘
994,13:14:04,12.66,0.0,39,49344,买盘
995,13:14:06,12.65,-0.01,30,37950,卖盘
996,13:14:09,12.65,0.0,28,35420,卖盘
997,13:14:13,12.66,0.01,1,1266,买盘
998,13:14:16,12.65,-0.01,5,6325,卖盘
999,13:14:28,12.65,0.0,5,6325,卖盘
1000,13:14:36,12.66,0.01,19,24054,买盘
1001,13:14:39,12.65,-0.01,24,30360,卖盘
1002,13:14:49,12.65,0.0,50,63250,卖盘
1003,13:14:52,12.65,0.0,20,25300,卖盘
1004,13:14:55,12.65,0.0,5,6325,卖盘
1005,13:14:57,12.65,0.0,30,37950,卖盘
1006,13:15:09,12.64,-0.01,18,22755,卖盘
1007,13:15:16,12.64,0.0,10,12640,卖盘
1008,13:15:18,12.65,0.01,21,26565,买盘
1009,13:15:28,12.65,0.0,12,15180,买盘
1010,13:15:37,12.65,0.0,85,107525,买盘
1011,13:15:40,12.64,-0.01,2,2528,卖盘
1012,13:15:52,12.64,0.0,5,6320,卖盘
1013,13:16:07,12.64,0.0,79,99856,卖盘
1014,13:16:25,12.63,-0.01,10,12630,卖盘
1015,13:16:28,12.65,0.02,6,7590,买盘
1016,13:17:01,12.64,-0.01,3,3792,买盘
1017,13:17:16,12.64,0.0,8,10112,买盘
1018,13:17:24,12.61,-0.03,90,113626,卖盘
1019,13:17:34,12.63,0.02,2,2526,卖盘
1020,13:17:37,12.61,-0.02,2,2522,卖盘
1021,13:17:49,12.61,0.0,6,7566,卖盘
1022,13:17:52,12.63,0.02,5,6315,买盘
1023,13:17:55,12.61,-0.02,10,12610,卖盘
1024,13:17:58,12.61,0.0,15,18915,卖盘
1025,13:18:28,12.61,0.0,5,6305,买盘
1026,13:18:31,12.6,-0.01,12,15120,卖盘
1027,13:18:49,12.61,0.01,1,1261,买盘
1028,13:18:51,12.61,0.0,1,1261,买盘
1029,13:18:54,12.61,0.0,28,35308,买盘
1030,13:19:06,12.61,0.0,10,12610,卖盘
1031,13:19:22,12.61,0.0,30,37830,卖盘
1032,13:20:37,12.62,0.01,52,65624,买盘
1033,13:20:57,12.62,0.0,18,22718,卖盘
1034,13:21:10,12.62,0.0,2,2524,买盘
1035,13:21:15,12.63,0.01,117,147771,买盘
1036,13:21:18,12.63,0.0,10,12630,卖盘
1037,13:21:22,12.63,0.0,95,119985,卖盘
1038,13:21:37,12.64,0.01,10,12640,买盘
1039,13:21:46,12.64,0.0,15,18960,买盘
1040,13:21:55,12.64,0.0,1,1264,买盘
1041,13:22:16,12.62,-0.02,23,29036,卖盘
1042,13:22:18,12.62,0.0,11,13882,买盘
1043,13:22:25,12.64,0.02,50,63108,买盘
1044,13:22:28,12.64,0.0,9,11360,买盘
1045,13:22:31,12.64,0.0,1,1264,卖盘
1046,13:22:46,12.61,-0.03,2,2522,买盘
1047,13:23:13,12.62,0.01,12,15144,卖盘
1048,13:23:19,12.59,-0.03,142,178951,卖盘
1049,13:24:04,12.6,0.01,3,3780,卖盘
1050,13:24:07,12.59,-0.01,20,25180,卖盘
1051,13:24:16,12.59,0.0,5,6295,卖盘
1052,13:24:43,12.59,0.0,5,6295,卖盘
1053,13:24:52,12.59,0.0,15,18885,卖盘
1054,13:24:58,12.59,0.0,5,6295,卖盘
1055,13:25:01,12.59,0.0,1,1259,卖盘
1056,13:25:04,12.59,0.0,2,2518,卖盘
1057,13:25:37,12.59,0.0,21,26439,卖盘
1058,13:25:43,12.6,0.01,60,75600,买盘
1059,13:25:55,12.59,-0.01,1,1259,卖盘
1060,13:25:58,12.59,0.0,9,11331,卖盘
1061,13:26:07,12.58,-0.01,28,35224,卖盘
1062,13:26:13,12.59,0.01,3,3777,买盘
1063,13:26:15,12.58,-0.01,23,28934,卖盘
1064,13:26:25,12.58,0.0,10,12580,卖盘
1065,13:26:28,12.57,-0.01,5,6285,卖盘
1066,13:26:49,12.57,0.0,18,22626,卖盘
1067,13:26:58,12.55,-0.02,61,76592,卖盘
1068,13:27:04,12.56,0.01,5,6280,买盘
1069,13:27:07,12.58,0.02,24,30178,买盘
1070,13:27:13,12.58,0.0,32,40256,卖盘
1071,13:27:18,12.58,0.0,2,2516,卖盘
1072,13:27:24,12.59,0.01,50,62950,买盘
1073,13:27:37,12.59,0.0,5,6295,卖盘
1074,13:28:27,12.6,0.01,20,25200,买盘
1075,13:29:30,12.59,-0.01,30,37770,卖盘
1076,13:29:40,12.6,0.01,92,115920,买盘
1077,13:30:07,12.61,0.01,10,12610,买盘
1078,13:30:19,12.62,0.01,5,6310,买盘
1079,13:30:22,12.62,0.0,50,63100,买盘
1080,13:30:34,12.62,0.0,10,12620,买盘
1081,13:30:42,12.62,0.0,10,12620,买盘
1082,13:31:10,12.63,0.01,26,32838,买盘
1083,13:31:30,12.65,0.02,100,126475,买盘
1084,13:31:49,12.65,0.0,30,37950,买盘
1085,13:31:52,12.65,0.0,5,6325,买盘
1086,13:32:28,12.65,0.0,32,40418,买盘
1087,13:33:15,12.63,-0.02,1,1263,卖盘
1088,13:33:25,12.63,0.0,17,21471,卖盘
1089,13:33:42,12.62,-0.01,8,10096,卖盘
1090,13:34:04,12.62,0.0,2,2524,卖盘
1091,13:34:09,12.62,0.0,2,2524,买盘
1092,13:34:19,12.61,-0.01,1,1261,卖盘
1093,13:34:22,12.62,0.01,10,12620,买盘
1094,13:34:25,12.61,-0.01,9,11349,卖盘
1095,13:34:42,12.61,0.0,4,5044,买盘
1096,13:34:58,12.6,-0.01,3,3780,卖盘
1097,13:35:04,12.61,0.01,17,21437,买盘
1098,13:35:21,12.6,-0.01,5,6300,卖盘
1099,13:35:42,12.6,0.0,13,16380,卖盘
1100,13:36:04,12.6,0.0,28,35280,买盘
1101,13:36:07,12.59,-0.01,81,102001,卖盘
1102,13:36:31,12.6,0.01,5,6300,卖盘
1103,13:37:51,12.61,0.01,9,11349,买盘
1104,13:37:55,12.61,0.0,5,6305,买盘
1105,13:37:58,12.6,-0.01,36,45384,卖盘
1106,13:38:04,12.61,0.01,20,25220,买盘
1107,13:38:10,12.6,-0.01,8,10080,卖盘
1108,13:38:49,12.6,0.0,20,25200,卖盘
1109,13:39:01,12.61,0.01,19,23959,买盘
1110,13:39:06,12.61,0.0,30,37830,卖盘
1111,13:39:27,12.61,0.0,2,2522,中性盘
1112,13:39:37,12.61,0.0,5,6305,买盘
1113,13:40:04,12.6,-0.01,30,37809,卖盘
1114,13:40:13,12.61,0.01,10,12610,卖盘
1115,13:40:22,12.61,0.0,3,3783,卖盘
1116,13:40:25,12.6,-0.01,6,7564,卖盘
1117,13:40:46,12.6,0.0,32,40320,卖盘
1118,13:40:58,12.6,0.0,5,6300,卖盘
1119,13:41:01,12.6,0.0,30,37800,卖盘
1120,13:41:04,12.6,0.0,10,12600,卖盘
1121,13:41:16,12.6,0.0,10,12600,卖盘
1122,13:41:25,12.6,0.0,50,63000,卖盘
1123,13:41:28,12.61,0.01,5,6305,买盘
1124,13:41:34,12.6,-0.01,12,15131,卖盘
1125,13:41:36,12.6,0.0,8,10080,买盘
1126,13:42:39,12.59,-0.01,4,5036,卖盘
1127,13:42:55,12.59,0.0,42,52878,卖盘
1128,13:43:28,12.58,-0.01,12,15096,卖盘
1129,13:43:37,12.58,0.0,3,3774,卖盘
1130,13:43:48,12.58,0.0,5,6290,卖盘
1131,13:43:54,12.59,0.01,10,12582,买盘
1132,13:43:58,12.59,0.0,10,12590,买盘
1133,13:44:19,12.58,-0.01,4,5032,买盘
1134,13:44:25,12.58,0.0,26,32695,买盘
1135,13:44:55,12.57,-0.01,50,62850,卖盘
1136,13:45:25,12.57,0.0,2,2514,卖盘
1137,13:45:28,12.57,0.0,30,37710,买盘
1138,13:45:52,12.57,0.0,7,8799,买盘
1139,13:46:19,12.57,0.0,3,3771,卖盘
1140,13:47:07,12.57,0.0,10,12570,卖盘
1141,13:47:40,12.58,0.01,3,3774,买盘
1142,13:48:27,12.58,0.0,10,12580,买盘
1143,13:48:33,12.58,0.0,1,1258,买盘
1144,13:48:52,12.57,-0.01,21,26397,卖盘
1145,13:48:55,12.57,0.0,5,6285,买盘
1146,13:49:19,12.56,-0.01,1,1256,卖盘
1147,13:49:55,12.56,0.0,9,11304,卖盘
1148,13:50:43,12.56,0.0,15,18840,卖盘
1149,13:50:49,12.57,0.01,38,47755,买盘
1150,13:50:52,12.56,-0.01,5,6280,卖盘
1151,13:51:04,12.57,0.01,15,18855,买盘
1152,13:51:07,12.56,-0.01,15,18840,卖盘
1153,13:51:10,12.56,0.0,23,28888,卖盘
1154,13:51:19,12.56,0.0,20,25120,买盘
1155,13:51:27,12.56,0.0,10,12560,买盘
1156,13:51:33,12.56,0.0,30,37680,买盘
1157,13:51:45,12.56,0.0,104,130581,买盘
1158,13:51:54,12.56,0.0,2,2512,卖盘
1159,13:52:04,12.56,0.0,25,31410,卖盘
1160,13:52:25,12.57,0.01,20,25140,买盘
1161,13:52:34,12.57,0.0,1,1257,买盘
1162,13:52:52,12.57,0.0,4,5028,买盘
1163,13:53:07,12.57,0.0,30,37710,卖盘
1164,13:53:21,12.58,0.01,31,38988,买盘
1165,13:53:33,12.57,-0.01,15,18860,卖盘
1166,13:53:54,12.58,0.01,2,2516,买盘
1167,13:54:13,12.58,0.0,19,23902,卖盘
1168,13:54:16,12.57,-0.01,6,7542,卖盘
1169,13:54:28,12.58,0.01,16,20128,买盘
1170,13:54:34,12.58,0.0,8,10064,买盘
1171,13:54:43,12.58,0.0,13,16354,买盘
1172,13:54:51,12.58,0.0,29,36482,买盘
1173,13:54:55,12.58,0.0,100,125800,买盘
1174,13:55:18,12.57,-0.01,3,3771,卖盘
1175,13:55:22,12.58,0.01,116,145928,买盘
1176,13:56:01,12.59,0.01,10,12590,买盘
1177,13:56:43,12.59,0.0,10,12590,买盘
1178,13:56:58,12.6,0.01,18,22680,买盘
1179,13:57:01,12.59,-0.01,22,27698,卖盘
1180,13:57:04,12.59,0.0,3,3777,买盘
1181,13:57:31,12.59,0.0,21,26439,买盘
1182,13:58:45,12.59,0.0,5,6295,卖盘
1183,13:59:22,12.59,0.0,30,37770,卖盘
1184,13:59:40,12.59,0.0,58,73022,卖盘
1185,14:00:01,12.59,0.0,34,42806,卖盘
1186,14:00:10,12.58,-0.01,44,55352,卖盘
1187,14:00:13,12.58,0.0,4,5032,卖盘
1188,14:00:31,12.58,0.0,5,6290,卖盘
1189,14:00:49,12.58,0.0,1,1258,卖盘
1190,14:01:01,12.58,0.0,10,12580,卖盘
1191,14:01:28,12.58,0.0,10,12580,卖盘
1192,14:02:58,12.59,0.01,5,6295,买盘
1193,14:03:16,12.59,0.0,2,2518,买盘
1194,14:03:46,12.59,0.0,4,5036,卖盘
1195,14:04:04,12.58,-0.01,8,10069,卖盘
1196,14:04:36,12.58,0.0,8,10064,卖盘
1197,14:05:37,12.6,0.02,8,10080,买盘
1198,14:05:46,12.58,-0.02,5,6290,卖盘
1199,14:05:55,12.6,0.02,1,1260,买盘
1200,14:06:01,12.58,-0.02,18,22644,卖盘
1201,14:06:07,12.6,0.02,144,181414,买盘
1202,14:06:25,12.6,0.0,10,12600,卖盘
1203,14:06:31,12.6,0.0,2,2520,卖盘
1204,14:06:37,12.6,0.0,10,12600,卖盘
1205,14:06:42,12.6,0.0,1,1260,卖盘
1206,14:07:22,12.6,0.0,10,12600,买盘
1207,14:08:10,12.61,0.01,91,114723,买盘
1208,14:08:22,12.62,0.01,5,6310,买盘
1209,14:08:30,12.61,-0.01,14,17654,卖盘
1210,14:08:40,12.61,0.0,7,8827,卖盘
1211,14:09:04,12.61,0.0,3,3783,买盘
1212,14:09:37,12.6,-0.01,2,2520,买盘
1213,14:10:10,12.6,0.0,3,3780,卖盘
1214,14:10:28,12.6,0.0,2,2520,卖盘
1215,14:10:30,12.6,0.0,2,2520,卖盘
1216,14:10:34,12.6,0.0,20,25200,买盘
1217,14:10:37,12.6,0.0,5,6300,买盘
1218,14:10:49,12.59,-0.01,1,1259,卖盘
1219,14:10:58,12.6,0.01,59,74340,买盘
1220,14:11:28,12.59,-0.01,90,113310,卖盘
1221,14:11:57,12.59,0.0,4,5036,买盘
1222,14:12:01,12.59,0.0,40,50360,买盘
1223,14:12:19,12.59,0.0,15,18885,卖盘
1224,14:12:49,12.59,0.0,10,12590,卖盘
1225,14:12:52,12.6,0.01,10,12600,买盘
1226,14:12:55,12.6,0.0,10,12600,卖盘
1227,14:13:10,12.6,0.0,1,1260,卖盘
1228,14:13:31,12.59,-0.01,100,125987,卖盘
1229,14:14:28,12.61,0.02,24,30264,买盘
1230,14:15:10,12.6,-0.01,30,37800,买盘
1231,14:15:22,12.6,0.0,1,1260,卖盘
1232,14:16:13,12.6,0.0,10,12600,卖盘
1233,14:16:31,12.61,0.01,5,6305,买盘
1234,14:16:42,12.6,-0.01,10,12600,卖盘
1235,14:16:51,12.61,0.01,2,2522,买盘
1236,14:16:54,12.6,-0.01,22,27707,卖盘
1237,14:17:15,12.6,0.0,10,12600,卖盘
1238,14:17:31,12.6,0.0,11,13873,卖盘
1239,14:17:52,12.59,-0.01,2,2518,卖盘
1240,14:18:22,12.59,0.0,2,2518,卖盘
1241,14:18:28,12.59,0.0,10,12590,卖盘
1242,14:18:40,12.59,0.0,3,3777,卖盘
1243,14:18:49,12.59,0.0,2,2518,卖盘
1244,14:18:55,12.59,0.0,2,2518,卖盘
1245,14:19:31,12.59,0.0,5,6295,卖盘
1246,14:20:10,12.59,0.0,1,1259,卖盘
1247,14:20:16,12.59,0.0,10,12590,卖盘
1248,14:20:25,12.59,0.0,5,6295,卖盘
1249,14:20:46,12.6,0.01,49,61740,买盘
1250,14:20:49,12.59,-0.01,10,12590,卖盘
1251,14:20:52,12.59,0.0,19,23921,卖盘
1252,14:21:34,12.58,-0.01,10,12580,卖盘
1253,14:21:52,12.58,0.0,10,12580,卖盘
1254,14:21:55,12.58,0.0,30,37740,卖盘
1255,14:22:04,12.58,0.0,30,37740,卖盘
1256,14:22:13,12.58,0.0,118,148444,卖盘
1257,14:22:16,12.58,0.0,8,10064,卖盘
1258,14:22:30,12.57,-0.01,10,12570,卖盘
1259,14:22:49,12.57,0.0,70,87990,卖盘
1260,14:22:58,12.57,0.0,33,41481,卖盘
1261,14:23:13,12.56,-0.01,4,5024,卖盘
1262,14:23:30,12.56,0.0,6,7536,卖盘
1263,14:23:52,12.56,0.0,28,35168,卖盘
1264,14:24:09,12.55,-0.01,100,125543,卖盘
1265,14:24:25,12.55,0.0,17,21335,卖盘
1266,14:24:46,12.54,-0.01,23,28842,卖盘
1267,14:25:07,12.53,-0.01,20,25060,卖盘
1268,14:25:13,12.54,0.01,2,2508,买盘
1269,14:25:16,12.53,-0.01,12,15044,卖盘
1270,14:25:33,12.52,-0.01,20,25046,卖盘
1271,14:25:39,12.51,-0.01,200,250246,卖盘
1272,14:27:22,12.52,0.01,2,2504,卖盘
1273,14:27:34,12.54,0.02,36,45144,买盘
1274,14:28:07,12.55,0.01,4,5020,买盘
1275,14:28:22,12.55,0.0,15,18825,买盘
1276,14:28:28,12.55,0.0,30,37650,买盘
1277,14:28:31,12.54,-0.01,4,5016,卖盘
1278,14:28:40,12.54,0.0,4,5016,卖盘
1279,14:28:42,12.54,0.0,1,1254,卖盘
1280,14:28:49,12.54,0.0,1,1254,卖盘
1281,14:29:01,12.54,0.0,5,6270,卖盘
1282,14:29:07,12.54,0.0,27,33858,卖盘
1283,14:29:43,12.53,-0.01,12,15036,卖盘
1284,14:29:49,12.53,0.0,13,16289,卖盘
1285,14:30:04,12.52,-0.01,10,12520,卖盘
1286,14:30:13,12.53,0.01,10,12530,买盘
1287,14:30:19,12.52,-0.01,20,25040,卖盘
1288,14:30:22,12.53,0.01,3,3759,买盘
1289,14:30:28,12.53,0.0,17,21301,卖盘
1290,14:30:31,12.53,0.0,22,27566,买盘
1291,14:30:34,12.52,-0.01,10,12520,卖盘
1292,14:30:43,12.53,0.01,10,12530,买盘
1293,14:30:58,12.52,-0.01,93,116436,卖盘
1294,14:31:10,12.52,0.0,2,2504,买盘
1295,14:31:13,12.52,0.0,9,11268,买盘
1296,14:31:25,12.51,-0.01,11,13771,卖盘
1297,14:31:39,12.52,0.01,4,5008,卖盘
1298,14:31:46,12.51,-0.01,439,549800,卖盘
1299,14:32:07,12.52,0.01,6,7512,卖盘
1300,14:32:34,12.53,0.01,10,12530,卖盘
1301,14:32:43,12.54,0.01,2,2508,买盘
1302,14:32:52,12.53,-0.01,7,8771,卖盘
1303,14:33:04,12.53,0.0,5,6265,卖盘
1304,14:33:07,12.54,0.01,10,12540,买盘
1305,14:33:24,12.54,0.0,3,3762,买盘
1306,14:33:37,12.53,-0.01,75,93975,卖盘
1307,14:33:40,12.54,0.01,15,18810,买盘
1308,14:33:46,12.54,0.0,14,17552,买盘
1309,14:33:55,12.53,-0.01,100,125300,卖盘
1310,14:34:25,12.53,0.0,3,3759,买盘
1311,14:34:37,12.53,0.0,50,62607,买盘
1312,14:34:40,12.53,0.0,10,12530,卖盘
1313,14:34:46,12.52,-0.01,13,16279,卖盘
1314,14:34:49,12.53,0.01,2,2506,中性盘
1315,14:34:58,12.53,0.0,3,3759,卖盘
1316,14:35:01,12.53,0.0,5,6265,卖盘
1317,14:35:04,12.52,-0.01,15,18785,卖盘
1318,14:35:22,12.53,0.01,30,37590,买盘
1319,14:35:37,12.52,-0.01,1,1252,卖盘
1320,14:35:52,12.52,0.0,12,15024,卖盘
1321,14:35:58,12.51,-0.01,10,12510,卖盘
1322,14:36:07,12.51,0.0,25,31275,卖盘
1323,14:36:10,12.51,0.0,9,11259,卖盘
1324,14:36:16,12.52,0.01,8,10016,买盘
1325,14:36:19,12.51,-0.01,80,100084,卖盘
1326,14:36:28,12.51,0.0,5,6255,卖盘
1327,14:36:31,12.51,0.0,20,25020,卖盘
1328,14:36:37,12.52,0.01,12,15019,买盘
1329,14:36:55,12.51,-0.01,1,1251,卖盘
1330,14:37:01,12.51,0.0,5,6255,卖盘
1331,14:37:31,12.51,0.0,5,6255,卖盘
1332,14:37:37,12.51,0.0,10,12510,卖盘
1333,14:37:43,12.51,0.0,51,63801,卖盘
1334,14:37:49,12.51,0.0,5,6255,卖盘
1335,14:37:52,12.51,0.0,5,6255,卖盘
1336,14:38:01,12.51,0.0,20,25020,卖盘
1337,14:38:22,12.51,0.0,50,62550,卖盘
1338,14:38:31,12.51,0.0,13,16263,卖盘
1339,14:38:46,12.51,0.0,8,10008,卖盘
1340,14:39:00,12.51,0.0,64,80064,卖盘
1341,14:39:13,12.51,0.0,14,17514,卖盘
1342,14:39:18,12.51,0.0,7,8757,卖盘
1343,14:39:22,12.51,0.0,12,15012,买盘
1344,14:39:25,12.51,0.0,5,6255,卖盘
1345,14:39:36,12.52,0.01,2,2504,买盘
1346,14:39:46,12.51,-0.01,2,2502,卖盘
1347,14:39:58,12.51,0.0,8,10008,卖盘
1348,14:40:13,12.51,0.0,5,6255,卖盘
1349,14:40:15,12.51,0.0,14,17514,卖盘
1350,14:40:31,12.51,0.0,10,12510,买盘
1351,14:40:37,12.5,-0.01,20,25000,卖盘
1352,14:40:40,12.5,0.0,65,81250,卖盘
1353,14:40:46,12.5,0.0,5,6250,卖盘
1354,14:41:01,12.5,0.0,73,91229,买盘
1355,14:41:10,12.5,0.0,2,2500,卖盘
1356,14:41:13,12.5,0.0,10,12500,卖盘
1357,14:41:16,12.49,-0.01,35,43747,卖盘
1358,14:41:22,12.5,0.01,1,1250,卖盘
1359,14:41:34,12.5,0.0,20,25000,买盘
1360,14:41:49,12.5,0.0,118,147500,卖盘
1361,14:41:58,12.5,0.0,8,10000,买盘
1362,14:42:10,12.5,0.0,5,6250,买盘
1363,14:42:34,12.5,0.0,14,17490,买盘
1364,14:42:43,12.5,0.0,5,6250,买盘
1365,14:42:58,12.48,-0.02,259,323342,卖盘
1366,14:43:01,12.48,0.0,5,6240,买盘
1367,14:43:04,12.48,0.0,20,24960,买盘
1368,14:43:15,12.46,-0.02,20,24937,卖盘
1369,14:43:19,12.47,0.01,2,2494,买盘
1370,14:43:28,12.47,0.0,20,24940,卖盘
1371,14:43:31,12.47,0.0,10,12470,卖盘
1372,14:43:55,12.47,0.0,19,23693,卖盘
1373,14:44:10,12.46,-0.01,10,12460,卖盘
1374,14:44:13,12.46,0.0,1,1246,卖盘
1375,14:44:15,12.46,0.0,39,48594,卖盘
1376,14:44:37,12.45,-0.01,9,11205,卖盘
1377,14:44:40,12.45,0.0,30,37350,卖盘
1378,14:44:43,12.46,0.01,10,12460,买盘
1379,14:44:52,12.45,-0.01,15,18675,卖盘
1380,14:44:55,12.46,0.01,54,67265,买盘
1381,14:44:57,12.45,-0.01,2,2490,中性盘
1382,14:45:04,12.46,0.01,25,31127,买盘
1383,14:45:13,12.46,0.0,1,1246,买盘
1384,14:45:16,12.46,0.0,1,1246,买盘
1385,14:45:19,12.46,0.0,1,1246,买盘
1386,14:45:21,12.46,0.0,1,1246,买盘
1387,14:45:25,12.46,0.0,2,2492,买盘
1388,14:45:28,12.46,0.0,1,1246,买盘
1389,14:45:31,12.46,0.0,5,6230,买盘
1390,14:45:37,12.47,0.01,1,1247,买盘
1391,14:45:43,12.46,-0.01,11,13706,卖盘
1392,14:45:49,12.46,0.0,16,19936,买盘
1393,14:45:58,12.45,-0.01,18,22410,卖盘
1394,14:46:01,12.46,0.01,28,34888,买盘
1395,14:46:04,12.46,0.0,6,7476,卖盘
1396,14:46:16,12.47,0.01,10,12470,买盘
1397,14:46:19,12.47,0.0,18,22446,买盘
1398,14:46:25,12.47,0.0,30,37410,卖盘
1399,14:46:31,12.48,0.01,60,74880,买盘
1400,14:46:34,12.47,-0.01,30,37425,卖盘
1401,14:46:45,12.49,0.02,16,19984,买盘
1402,14:46:49,12.48,-0.01,30,37440,卖盘
1403,14:46:52,12.47,-0.01,30,37438,卖盘
1404,14:46:55,12.49,0.02,1,1249,买盘
1405,14:47:01,12.49,0.0,5,6245,买盘
1406,14:47:10,12.47,-0.02,112,139668,卖盘
1407,14:47:34,12.47,0.0,56,69832,卖盘
1408,14:47:37,12.47,0.0,11,13717,卖盘
1409,14:47:40,12.47,0.0,4,4988,卖盘
1410,14:47:46,12.48,0.01,67,83560,买盘
1411,14:47:55,12.48,0.0,10,12480,卖盘
1412,14:48:16,12.48,0.0,7,8736,卖盘
1413,14:48:34,12.48,0.0,5,6240,买盘
1414,14:48:42,12.47,-0.01,3,3741,卖盘
1415,14:48:49,12.48,0.01,6,7488,买盘
1416,14:48:52,12.47,-0.01,1,1247,卖盘
1417,14:49:22,12.48,0.01,62,77324,买盘
1418,14:49:58,12.47,-0.01,4,4988,卖盘
1419,14:50:01,12.47,0.0,2,2494,卖盘
1420,14:50:04,12.48,0.01,1,1248,买盘
1421,14:50:07,12.47,-0.01,1,1247,卖盘
1422,14:50:10,12.48,0.01,3,3742,买盘
1423,14:50:13,12.48,0.0,2,2496,卖盘
1424,14:50:25,12.48,0.0,13,16224,卖盘
1425,14:50:31,12.48,0.0,35,43654,买盘
1426,14:50:37,12.48,0.0,8,9984,卖盘
1427,14:50:43,12.48,0.0,20,24960,买盘
1428,14:50:49,12.47,-0.01,10,12470,卖盘
1429,14:50:55,12.48,0.01,11,13728,买盘
1430,14:51:04,12.48,0.0,2,2496,买盘
1431,14:51:07,12.48,0.0,8,9984,买盘
1432,14:51:10,12.48,0.0,24,29950,买盘
1433,14:51:28,12.48,0.0,30,37440,卖盘
1434,14:51:37,12.49,0.01,18,22482,买盘
1435,14:51:40,12.48,-0.01,4,4995,卖盘
1436,14:51:43,12.49,0.01,18,22482,买盘
1437,14:51:46,12.48,-0.01,16,19968,卖盘
1438,14:51:58,12.48,0.0,8,9979,买盘
1439,14:52:07,12.47,-0.01,21,26188,卖盘
1440,14:52:13,12.47,0.0,50,62350,卖盘
1441,14:52:37,12.48,0.01,15,18720,买盘
1442,14:52:40,12.48,0.0,24,29952,买盘
1443,14:52:49,12.47,-0.01,15,18705,卖盘
1444,14:52:55,12.47,0.0,75,93525,卖盘
1445,14:53:04,12.47,0.0,30,37410,卖盘
1446,14:53:10,12.47,0.0,20,24940,卖盘
1447,14:53:22,12.47,0.0,9,11223,卖盘
1448,14:53:28,12.47,0.0,48,59856,卖盘
1449,14:53:31,12.47,0.0,15,18705,卖盘
1450,14:53:34,12.47,0.0,93,115971,卖盘
1451,14:53:37,12.47,0.0,22,27446,卖盘
1452,14:53:43,12.47,0.0,56,69832,买盘
1453,14:53:49,12.46,-0.01,12,14954,卖盘
1454,14:54:01,12.47,0.01,132,164572,买盘
1455,14:54:04,12.46,-0.01,55,68550,卖盘
1456,14:54:13,12.47,0.01,36,44892,买盘
1457,14:54:22,12.46,-0.01,1,1246,卖盘
1458,14:54:25,12.47,0.01,44,54868,买盘
1459,14:54:40,12.47,0.0,10,12470,卖盘
1460,14:54:43,12.47,0.0,10,12470,卖盘
1461,14:54:49,12.47,0.0,10,12470,卖盘
1462,14:54:52,12.47,0.0,85,105995,卖盘
1463,14:54:55,12.47,0.0,5,6235,买盘
1464,14:54:58,12.48,0.01,82,102312,买盘
1465,14:55:01,12.47,-0.01,4,4988,买盘
1466,14:55:07,12.46,-0.01,9,11214,卖盘
1467,14:55:10,12.46,0.0,4,4984,卖盘
1468,14:55:13,12.46,0.0,4,4984,卖盘
1469,14:55:16,12.46,0.0,13,16198,卖盘
1470,14:55:22,12.46,0.0,55,68530,卖盘
1471,14:55:31,12.46,0.0,14,17444,卖盘
1472,14:55:37,12.46,0.0,22,27412,卖盘
1473,14:55:40,12.47,0.01,6,7482,买盘
1474,14:55:43,12.46,-0.01,13,16198,卖盘
1475,14:55:49,12.46,0.0,32,39872,卖盘
1476,14:55:52,12.46,0.0,11,13706,卖盘
1477,14:55:55,12.47,0.01,50,62350,买盘
1478,14:55:58,12.46,-0.01,10,12460,卖盘
1479,14:56:04,12.46,0.0,40,49840,卖盘
1480,14:56:07,12.47,0.01,9,11219,中性盘
1481,14:56:10,12.47,0.0,7,8729,卖盘
1482,14:56:13,12.47,0.0,8,9976,卖盘
1483,14:56:16,12.46,-0.01,7,8722,卖盘
1484,14:56:19,12.46,0.0,6,7476,卖盘
1485,14:56:25,12.46,0.0,15,18692,卖盘
1486,14:56:28,12.47,0.01,141,175827,买盘
1487,14:56:34,12.47,0.0,13,16211,卖盘
1488,14:56:40,12.47,0.0,46,57399,卖盘
1489,14:56:43,12.47,0.0,4,4988,卖盘
1490,14:56:46,12.47,0.0,18,22455,卖盘
1491,14:56:49,12.47,0.0,4,4988,卖盘
1492,14:56:52,12.47,0.0,2,2494,卖盘
1493,14:56:55,12.48,0.01,54,67380,买盘
1494,14:57:00,12.47,-0.01,20,24940,卖盘
1495,15:00:04,12.47,0.0,511,637217,卖盘
