,time,price,change,volume,amount,type
0,09:25:05,12.01,-0.14,100,120100,买盘
1,09:30:07,12.07,0.06,79,95037,买盘
2,09:30:13,12.0,-0.07,39,46908,卖盘
3,09:30:19,12.0,0.0,11,13200,买盘
4,09:30:25,12.01,0.01,2,2402,买盘
5,09:30:28,12.01,0.0,1,1201,买盘
6,09:30:31,12.01,0.0,17,20417,买盘
7,09:30:37,11.98,-0.03,86,103179,卖盘
8,09:30:40,11.98,0.0,1,1198,买盘
9,09:30:43,11.98,0.0,4,4792,买盘
10,09:30:46,11.98,0.0,3,3594,买盘
11,09:30:49,11.98,0.0,2,2396,买盘
12,09:30:52,11.98,0.0,6,7188,买盘
13,09:30:55,11.98,0.0,3,3594,买盘
14,09:30:58,11.93,-0.05,43,51370,卖盘
15,09:31:01,11.95,0.02,3,3585,买盘
16,09:31:04,11.95,0.0,6,7170,买盘
17,09:31:07,11.95,0.0,9,10755,买盘
18,09:31:10,11.9,-0.05,108,128643,卖盘
19,09:31:19,11.93,0.03,12,14316,卖盘
20,09:31:22,11.9,-0.03,148,176149,卖盘
21,09:31:25,11.94,0.04,10,11940,卖盘
22,09:31:46,11.98,0.04,28,33544,买盘
23,09:31:52,11.98,0.0,1,1198,卖盘
24,09:31:58,11.98,0.0,1,1198,卖盘
25,09:32:01,11.98,0.0,10,11980,卖盘
26,09:32:28,11.99,0.01,18,21582,卖盘
27,09:32:40,12.0,0.01,1,1200,卖盘
28,09:32:43,12.01,0.01,1,1201,买盘
29,09:32:52,12.0,-0.01,10,12000,卖盘
30,09:32:55,12.0,0.0,8,9600,买盘
31,09:33:01,11.99,-0.01,4,4796,卖盘
32,09:33:13,12.0,0.01,30,35973,买盘
33,09:33:19,11.98,-0.02,30,35944,卖盘
34,09:33:25,11.98,0.0,16,19168,买盘
35,09:33:28,11.97,-0.01,10,11970,卖盘
36,09:33:31,11.98,0.01,3,3594,买盘
37,09:33:34,11.98,0.0,1,1198,买盘
38,09:33:55,11.98,0.0,10,11980,卖盘
39,09:34:04,11.99,0.01,9,10789,中性盘
40,09:34:07,11.99,0.0,10,11990,卖盘
41,09:34:10,12.0,0.01,5,6000,买盘
42,09:34:13,11.99,-0.01,1,1199,卖盘
43,09:34:22,12.0,0.01,13,15600,买盘
44,09:34:28,12.0,0.0,20,24000,买盘
45,09:34:37,12.0,0.0,1,1200,买盘
46,09:34:43,12.0,0.0,5,6000,卖盘
47,09:35:31,12.0,0.0,11,13200,卖盘
48,09:35:46,12.02,0.02,4,4808,买盘
49,09:36:10,12.02,0.0,1,1202,卖盘
50,09:36:13,12.03,0.01,3,3609,买盘
51,09:36:16,12.04,0.01,5,6020,买盘
52,09:36:19,12.03,-0.01,20,24060,卖盘
53,09:36:28,12.04,0.01,20,24080,买盘
54,09:37:07,12.03,-0.01,11,13233,卖盘
55,09:37:13,12.03,0.0,14,16842,买盘
56,09:37:19,12.0,-0.03,56,67236,卖盘
57,09:37:58,12.02,0.02,30,36060,买盘
58,09:38:10,12.03,0.01,83,99767,买盘
59,09:38:13,12.01,-0.02,66,79294,卖盘
60,09:38:28,12.01,0.0,45,54045,买盘
61,09:38:37,12.01,0.0,6,7206,买盘
62,09:38:40,12.0,-0.01,49,58800,卖盘
63,09:38:49,12.0,0.0,12,14400,卖盘
64,09:38:52,12.0,0.0,20,24000,卖盘
65,09:38:58,11.97,-0.03,53,63504,卖盘
66,09:39:10,12.0,0.03,60,71994,买盘
67,09:39:13,11.96,-0.04,67,80294,卖盘
68,09:39:16,11.97,0.01,5,5982,买盘
69,09:39:31,11.95,-0.02,13,15535,卖盘
70,09:39:52,11.95,0.0,50,59753,卖盘
71,09:39:58,11.95,0.0,5,5975,买盘
72,09:40:04,11.93,-0.02,13,15514,卖盘
73,09:40:19,11.95,0.02,3,3585,买盘
74,09:40:31,11.94,-0.01,3,3582,卖盘
75,09:40:34,11.94,0.0,5,5970,买盘
76,09:40:37,11.94,0.0,5,5970,买盘
77,09:40:40,11.94,0.0,1,1194,买盘
78,09:40:46,11.91,-0.03,150,178774,卖盘
79,09:41:13,11.95,0.04,3,3585,买盘
80,09:41:52,11.93,-0.02,10,11930,卖盘
81,09:42:10,11.93,0.0,1,1193,卖盘
82,09:42:13,11.93,0.0,5,5965,卖盘
83,09:42:19,11.94,0.01,9,10742,买盘
84,09:42:28,11.94,0.0,5,5970,买盘
85,09:43:31,11.95,0.01,10,11950,卖盘
86,09:43:37,11.98,0.03,30,35930,买盘
87,09:43:58,11.98,0.0,5,5990,买盘
88,09:44:28,11.96,-0.02,5,5980,卖盘
89,09:44:34,11.99,0.03,21,25179,买盘
90,09:45:37,11.99,0.0,1,1199,卖盘
91,09:45:46,11.99,0.0,32,38368,卖盘
92,09:46:04,12.0,0.01,36,43200,买盘
93,09:46:10,11.99,-0.01,33,39567,卖盘
94,09:46:13,11.99,0.0,15,17985,卖盘
95,09:46:28,12.0,0.01,43,51600,买盘
96,09:46:46,12.0,0.0,3,3600,卖盘
97,09:46:58,12.01,0.01,83,99683,买盘
98,09:47:28,12.01,0.0,6,7204,买盘
99,09:47:46,12.01,0.0,1,1201,买盘
100,09:48:04,12.0,-0.01,14,16800,卖盘
101,09:48:16,12.0,0.0,15,18000,买盘
102,09:48:22,12.0,0.0,5,6000,买盘
103,09:48:37,11.99,-0.01,20,23980,卖盘
104,09:48:43,12.0,0.01,4,4800,买盘
105,09:48:46,12.0,0.0,20,24000,卖盘
106,09:48:52,12.0,0.0,7,8400,卖盘
107,09:48:55,12.0,0.0,20,24000,买盘
108,09:49:31,12.0,0.0,5,6000,买盘
109,09:49:40,12.0,0.0,10,12000,买盘
110,09:50:04,11.99,-0.01,20,23980,卖盘
111,09:50:25,11.99,0.0,7,8393,卖盘
112,09:50:31,11.99,0.0,3,3597,买盘
113,09:50:34,12.0,0.01,1,1200,买盘
114,09:51:16,12.01,0.01,2,2402,买盘
115,09:51:31,12.02,0.01,3,3606,买盘
116,09:51:46,12.03,0.01,11,13233,买盘
117,09:51:49,12.0,-0.03,49,58875,卖盘
118,09:52:24,12.01,0.01,5,6005,卖盘
119,09:52:28,12.01,0.0,3,3603,买盘
120,09:52:40,12.0,-0.01,5,6000,卖盘
121,09:52:43,12.0,0.0,3,3600,卖盘
122,09:52:52,12.01,0.01,18,21618,买盘
123,09:52:55,12.0,-0.01,3,3602,卖盘
124,09:54:10,12.0,0.0,1,1200,卖盘
125,09:54:49,12.03,0.03,37,44511,买盘
126,09:55:58,12.03,0.0,3,3609,卖盘
127,09:56:30,12.04,0.01,7,8428,买盘
128,09:57:07,12.04,0.0,3,3612,买盘
129,09:57:25,12.04,0.0,2,2408,卖盘
130,09:57:43,12.05,0.01,25,30125,买盘
131,09:57:46,12.01,-0.04,49,59022,卖盘
132,09:57:48,12.04,0.03,3,3612,中性盘
133,09:57:52,12.04,0.0,1,1204,买盘
134,09:58:10,12.02,-0.02,2,2404,卖盘
135,09:58:28,12.01,-0.01,9,10812,卖盘
136,09:59:21,12.0,-0.01,51,61200,卖盘
137,09:59:34,12.0,0.0,6,7200,卖盘
138,10:00:07,12.0,0.0,46,55200,卖盘
139,10:00:16,12.0,0.0,10,12000,买盘
140,10:00:34,12.0,0.0,3,3600,买盘
141,10:01:31,12.0,0.0,5,6000,卖盘
142,10:01:34,12.01,0.01,18,21618,买盘
143,10:01:37,12.0,-0.01,2,2400,卖盘
144,10:02:21,12.01,0.01,24,28824,买盘
145,10:02:25,12.0,-0.01,14,16800,卖盘
146,10:02:40,12.02,0.02,50,60082,买盘
147,10:03:04,12.02,0.0,18,21636,买盘
148,10:03:25,12.02,0.0,16,19232,卖盘
149,10:03:52,12.01,-0.01,22,26422,卖盘
150,10:04:01,12.01,0.0,20,24020,买盘
151,10:04:16,12.0,-0.01,30,36000,卖盘
152,10:04:22,12.0,0.0,82,98400,卖盘
153,10:05:00,12.0,0.0,22,26400,卖盘
154,10:06:25,12.01,0.01,5,6005,买盘
155,10:06:30,12.0,-0.01,5,6000,卖盘
156,10:06:34,12.0,0.0,10,12000,卖盘
157,10:06:40,12.0,0.0,5,6000,卖盘
158,10:06:45,12.0,0.0,13,15600,买盘
159,10:06:49,12.0,0.0,1,1200,卖盘
160,10:06:58,12.01,0.01,31,37231,买盘
161,10:07:01,12.0,-0.01,18,21603,卖盘
162,10:07:19,12.0,0.0,20,24000,卖盘
163,10:08:04,12.0,0.0,8,9600,卖盘
164,10:08:46,12.0,0.0,22,26410,卖盘
165,10:09:13,12.03,0.03,7,8421,买盘
166,10:09:19,12.0,-0.03,186,223275,卖盘
167,10:09:58,12.0,0.0,2,2400,卖盘
168,10:10:31,12.0,0.0,42,50400,卖盘
169,10:10:46,11.99,-0.01,70,83930,卖盘
170,10:10:49,11.98,-0.01,49,58739,卖盘
171,10:10:58,11.98,0.0,2,2396,卖盘
172,10:11:01,11.98,0.0,2,2396,卖盘
173,10:11:04,11.98,0.0,4,4792,卖盘
174,10:11:07,11.98,0.0,74,88652,卖盘
175,10:11:10,11.98,0.0,10,11980,卖盘
176,10:11:13,11.98,0.0,33,39534,卖盘
177,10:11:19,11.96,-0.02,3,3588,卖盘
178,10:11:22,11.96,0.0,9,10771,卖盘
179,10:11:25,11.96,0.0,6,7176,卖盘
180,10:11:37,11.95,-0.01,15,17937,卖盘
181,10:11:40,11.95,0.0,1,1195,卖盘
182,10:11:46,11.95,0.0,13,15535,卖盘
183,10:11:55,11.92,-0.03,70,83540,卖盘
184,10:12:31,11.94,0.02,3,3582,买盘
185,10:12:52,11.94,0.0,10,11940,卖盘
186,10:12:55,11.94,0.0,8,9552,卖盘
187,10:13:01,11.94,0.0,22,26268,卖盘
188,10:13:07,11.93,-0.01,3,3579,卖盘
189,10:13:19,11.93,0.0,15,17895,卖盘
190,10:13:22,11.93,0.0,25,29840,卖盘
191,10:13:25,11.93,0.0,8,9550,卖盘
192,10:13:28,11.94,0.01,3,3582,买盘
193,10:13:46,11.94,0.0,2,2388,卖盘
194,10:13:52,11.95,0.01,18,21510,买盘
195,10:13:58,11.94,-0.01,12,14335,卖盘
196,10:14:13,11.95,0.01,1,1195,卖盘
197,10:14:16,11.95,0.0,1,1195,卖盘
198,10:14:19,11.95,0.0,2,2390,卖盘
199,10:14:28,11.95,0.0,6,7170,卖盘
200,10:14:34,11.95,0.0,1,1195,卖盘
201,10:14:40,11.95,0.0,10,11950,卖盘
202,10:14:49,11.96,0.01,1,1196,买盘
203,10:14:55,11.96,0.0,2,2392,买盘
204,10:14:58,11.94,-0.02,37,44178,卖盘
205,10:15:04,11.94,0.0,5,5970,卖盘
206,10:15:07,11.94,0.0,5,5970,卖盘
207,10:15:13,11.94,0.0,4,4776,卖盘
208,10:15:16,11.94,0.0,4,4776,卖盘
209,10:15:19,11.94,0.0,3,3582,卖盘
210,10:15:22,11.94,0.0,1,1194,中性盘
211,10:15:52,11.96,0.02,13,15548,买盘
212,10:16:01,11.96,0.0,5,5980,买盘
213,10:16:18,11.96,0.0,20,23920,买盘
214,10:16:34,11.97,0.01,9,10773,买盘
215,10:16:46,11.98,0.01,8,9577,买盘
216,10:17:00,11.98,0.0,9,10787,卖盘
217,10:17:04,11.98,0.0,2,2396,卖盘
218,10:17:10,11.98,0.0,1,1198,卖盘
219,10:17:12,11.98,0.0,1,1198,卖盘
220,10:17:16,11.98,0.0,3,3594,卖盘
221,10:17:22,11.98,0.0,2,2396,卖盘
222,10:17:34,12.0,0.02,20,24000,买盘
223,10:17:37,12.0,0.0,29,34800,买盘
224,10:17:52,12.02,0.02,9,10813,买盘
225,10:17:58,12.02,0.0,1,1202,卖盘
226,10:18:55,12.0,-0.02,18,21600,卖盘
227,10:19:10,12.0,0.0,5,6000,买盘
228,10:19:31,12.0,0.0,28,33600,买盘
229,10:19:52,12.01,0.01,7,8407,卖盘
230,10:19:55,12.01,0.0,32,38432,卖盘
231,10:20:13,12.01,0.0,4,4804,买盘
232,10:20:52,12.0,-0.01,18,21605,卖盘
233,10:20:57,12.0,0.0,112,134450,卖盘
234,10:21:52,12.0,0.0,7,8400,买盘
235,10:21:57,12.02,0.02,42,50410,买盘
236,10:22:04,12.02,0.0,12,14424,买盘
237,10:22:19,12.04,0.02,104,125142,买盘
238,10:22:24,12.04,0.0,32,38528,买盘
239,10:22:37,12.05,0.01,9,10845,买盘
240,10:22:40,12.06,0.01,38,45799,买盘
241,10:22:43,12.06,0.0,29,34974,买盘
242,10:22:46,12.06,0.0,36,43416,买盘
243,10:23:04,12.09,0.03,10,12090,买盘
244,10:23:07,12.1,0.01,50,60470,买盘
245,10:23:13,12.08,-0.02,97,117340,卖盘
246,10:23:15,12.1,0.02,7,8470,买盘
247,10:23:19,12.14,0.04,11,13342,买盘
248,10:23:40,12.16,0.02,1,1216,买盘
249,10:23:54,12.15,-0.01,2,2430,买盘
250,10:24:01,12.16,0.01,40,48619,买盘
251,10:24:04,12.16,0.0,13,15808,买盘
252,10:24:10,12.15,-0.01,10,12157,卖盘
253,10:24:19,12.14,-0.01,5,6070,卖盘
254,10:24:22,12.15,0.01,132,160380,买盘
255,10:24:25,12.13,-0.02,50,60668,卖盘
256,10:24:31,12.1,-0.03,13,15730,卖盘
257,10:24:34,12.12,0.02,43,52101,买盘
258,10:24:37,12.14,0.02,100,121158,买盘
259,10:24:40,12.11,-0.03,9,10899,卖盘
260,10:24:57,12.11,0.0,1,1211,买盘
261,10:25:16,12.14,0.03,10,12140,买盘
262,10:25:27,12.14,0.0,4,4856,买盘
263,10:25:34,12.14,0.0,28,33992,买盘
264,10:25:40,12.14,0.0,18,21852,卖盘
265,10:26:01,12.15,0.01,52,63180,买盘
266,10:26:04,12.14,-0.01,18,21852,卖盘
267,10:26:10,12.15,0.01,10,12146,买盘
268,10:26:16,12.15,0.0,30,36450,买盘
269,10:26:24,12.15,0.0,23,27945,买盘
270,10:26:40,12.15,0.0,2,2430,卖盘
271,10:26:43,12.15,0.0,10,12150,卖盘
272,10:26:52,12.15,0.0,10,12150,卖盘
273,10:27:04,12.15,0.0,5,6075,卖盘
274,10:27:13,12.15,0.0,34,41310,买盘
275,10:27:28,12.14,-0.01,13,15782,卖盘
276,10:27:34,12.14,0.0,3,3642,卖盘
277,10:27:37,12.14,0.0,25,30350,买盘
278,10:27:43,12.14,0.0,12,14568,卖盘
279,10:27:51,12.14,0.0,45,54630,买盘
280,10:28:01,12.14,0.0,20,24280,卖盘
281,10:28:13,12.14,0.0,5,6070,卖盘
282,10:28:22,12.15,0.01,2,2430,买盘
283,10:28:28,12.14,-0.01,18,21852,卖盘
284,10:28:31,12.16,0.02,316,383983,买盘
285,10:28:37,12.18,0.02,9,10956,买盘
286,10:28:40,12.18,0.0,4,4872,买盘
287,10:28:43,12.19,0.01,4,4875,买盘
288,10:28:46,12.19,0.0,4,4876,买盘
289,10:28:49,12.19,0.0,8,9752,买盘
290,10:28:52,12.18,-0.01,11,13399,中性盘
291,10:28:55,12.18,0.0,10,12180,中性盘
292,10:28:58,12.19,0.01,12,14623,买盘
293,10:29:01,12.19,0.0,10,12190,卖盘
294,10:29:04,12.19,0.0,6,7315,卖盘
295,10:29:07,12.21,0.02,84,102512,买盘
296,10:29:10,12.21,0.0,32,39034,买盘
297,10:29:13,12.21,0.0,60,73260,买盘
298,10:29:18,12.2,-0.01,11,13420,卖盘
299,10:29:22,12.21,0.01,46,56157,买盘
300,10:29:28,12.22,0.01,3,3666,卖盘
301,10:29:31,12.22,0.0,13,15886,卖盘
302,10:29:37,12.21,-0.01,36,43956,卖盘
303,10:29:46,12.19,-0.02,21,25599,卖盘
304,10:29:55,12.18,-0.01,4,4872,卖盘
305,10:30:13,12.19,0.01,37,45103,买盘
306,10:30:25,12.19,0.0,9,10969,买盘
307,10:30:28,12.19,0.0,47,57256,买盘
308,10:30:31,12.19,0.0,39,47541,买盘
309,10:30:43,12.17,-0.02,5,6085,卖盘
310,10:30:46,12.17,0.0,1,1217,卖盘
311,10:30:52,12.17,0.0,1,1217,卖盘
312,10:30:54,12.17,0.0,15,18255,卖盘
313,10:31:07,12.17,0.0,5,6085,卖盘
314,10:31:10,12.18,0.01,3,3654,买盘
315,10:31:16,12.17,-0.01,23,27991,卖盘
316,10:31:19,12.17,0.0,4,4868,买盘
317,10:31:25,12.17,0.0,93,113181,买盘
318,10:31:31,12.18,0.01,6,7308,买盘
319,10:31:34,12.17,-0.01,10,12170,卖盘
320,10:31:37,12.18,0.01,2,2436,买盘
321,10:31:49,12.17,-0.01,120,146041,卖盘
322,10:31:51,12.18,0.01,22,26796,买盘
323,10:32:07,12.18,0.0,10,12180,卖盘
324,10:32:19,12.18,0.0,6,7308,卖盘
325,10:32:22,12.17,-0.01,5,6085,卖盘
326,10:32:30,12.17,0.0,5,6085,卖盘
327,10:32:37,12.17,0.0,21,25557,卖盘
328,10:32:46,12.18,0.01,52,63333,买盘
329,10:32:49,12.16,-0.02,38,46264,卖盘
330,10:33:19,12.15,-0.01,62,75330,卖盘
331,10:33:22,12.15,0.0,12,14580,卖盘
332,10:33:25,12.15,0.0,10,12150,卖盘
333,10:34:07,12.14,-0.01,5,6070,卖盘
334,10:35:22,12.15,0.01,8,9720,卖盘
335,10:35:28,12.16,0.01,18,21888,买盘
336,10:35:49,12.17,0.01,1,1217,买盘
337,10:36:04,12.16,-0.01,10,12160,卖盘
338,10:36:22,12.15,-0.01,5,6075,卖盘
339,10:36:25,12.15,0.0,5,6075,买盘
340,10:36:33,12.15,0.0,3,3645,卖盘
341,10:36:52,12.15,0.0,25,30375,卖盘
342,10:36:55,12.15,0.0,11,13365,卖盘
343,10:36:57,12.16,0.01,3,3648,买盘
344,10:37:04,12.15,-0.01,2,2430,卖盘
345,10:37:10,12.15,0.0,2,2430,卖盘
346,10:37:16,12.15,0.0,5,6075,卖盘
347,10:37:19,12.15,0.0,10,12150,卖盘
348,10:37:22,12.15,0.0,2,2430,卖盘
349,10:37:46,12.14,-0.01,2,2428,卖盘
350,10:38:01,12.13,-0.01,14,16982,卖盘
351,10:38:04,12.14,0.01,23,27922,买盘
352,10:38:10,12.15,0.01,1,1215,买盘
353,10:38:18,12.15,0.0,8,9720,买盘
354,10:38:37,12.15,0.0,13,15806,卖盘
355,10:38:51,12.16,0.01,13,15808,买盘
356,10:39:01,12.17,0.01,20,24340,买盘
357,10:39:04,12.19,0.02,224,272880,买盘
358,10:39:19,12.19,0.0,13,15847,买盘
359,10:39:28,12.19,0.0,20,24380,买盘
360,10:39:37,12.19,0.0,5,6095,买盘
361,10:39:45,12.2,0.01,12,14640,买盘
362,10:39:48,12.2,0.0,1,1220,买盘
363,10:39:58,12.2,0.0,2,2440,买盘
364,10:40:04,12.2,0.0,12,14640,买盘
365,10:40:06,12.2,0.0,5,6100,买盘
366,10:40:28,12.2,0.0,66,80520,买盘
367,10:40:43,12.2,0.0,2,2440,卖盘
368,10:40:46,12.21,0.01,87,106227,买盘
369,10:40:52,12.21,0.0,70,85441,买盘
370,10:41:04,12.21,0.0,30,36630,卖盘
371,10:41:07,12.21,0.0,10,12210,卖盘
372,10:41:10,12.21,0.0,5,6105,买盘
373,10:41:25,12.2,-0.01,16,19520,卖盘
374,10:41:28,12.21,0.01,14,17094,买盘
375,10:41:37,12.2,-0.01,59,72011,卖盘
376,10:41:40,12.21,0.01,5,6105,中性盘
377,10:41:49,12.21,0.0,21,25641,买盘
378,10:41:52,12.2,-0.01,3,3660,卖盘
379,10:42:01,12.21,0.01,8,9768,买盘
380,10:42:07,12.21,0.0,20,24420,卖盘
381,10:42:10,12.2,-0.01,10,12202,卖盘
382,10:42:15,12.21,0.01,4,4884,买盘
383,10:42:22,12.2,-0.01,15,18300,卖盘
384,10:42:46,12.2,0.0,125,152500,卖盘
385,10:42:49,12.21,0.01,7,8543,买盘
386,10:43:04,12.21,0.0,40,48817,买盘
387,10:43:16,12.21,0.0,60,73260,卖盘
388,10:43:40,12.19,-0.02,6,7315,卖盘
389,10:44:01,12.2,0.01,5,6100,卖盘
390,10:44:16,12.2,0.0,20,24400,卖盘
391,10:44:28,12.21,0.01,10,12210,买盘
392,10:44:46,12.21,0.0,40,48840,买盘
393,10:44:55,12.21,0.0,6,7326,买盘
394,10:45:07,12.21,0.0,20,24420,买盘
395,10:45:10,12.2,-0.01,10,12200,卖盘
396,10:45:13,12.2,0.0,58,70760,卖盘
397,10:45:19,12.2,0.0,2,2440,买盘
398,10:45:22,12.21,0.01,29,35409,买盘
399,10:45:28,12.21,0.0,9,10989,卖盘
400,10:45:49,12.21,0.0,18,21986,卖盘
401,10:45:58,12.22,0.01,50,61094,买盘
402,10:46:31,12.22,0.0,10,12220,买盘
403,10:46:46,12.22,0.0,11,13442,买盘
404,10:46:58,12.22,0.0,1,1222,买盘
405,10:47:04,12.21,-0.01,28,34188,卖盘
406,10:47:25,12.25,0.04,469,573536,买盘
407,10:47:46,12.25,0.0,15,18385,卖盘
408,10:47:49,12.26,0.01,135,165379,买盘
409,10:48:04,12.25,-0.01,25,30525,买盘
410,10:48:19,12.21,-0.04,3,3663,卖盘
411,10:48:55,12.24,0.03,9,11016,卖盘
412,10:48:58,12.25,0.01,50,61245,买盘
413,10:49:13,12.24,-0.01,5,6120,中性盘
414,10:49:22,12.25,0.01,3,3675,买盘
415,10:49:55,12.23,-0.02,48,58704,卖盘
416,10:49:58,12.23,0.0,1,1223,买盘
417,10:50:04,12.24,0.01,2,2447,买盘
418,10:50:07,12.25,0.01,7,8575,买盘
419,10:50:10,12.25,0.0,8,9800,买盘
420,10:50:13,12.25,0.0,5,6125,买盘
421,10:50:24,12.25,0.0,3,3675,买盘
422,10:50:37,12.25,0.0,19,23275,买盘
423,10:50:43,12.25,0.0,10,12250,卖盘
424,10:50:48,12.26,0.01,10,12260,买盘
425,10:50:52,12.26,0.0,9,11034,买盘
426,10:50:58,12.27,0.01,51,62575,买盘
427,10:51:04,12.28,0.01,60,73680,买盘
428,10:51:10,12.3,0.02,179,220107,买盘
429,10:51:18,12.31,0.01,5,6155,买盘
430,10:51:25,12.31,0.0,5,6155,买盘
431,10:51:28,12.34,0.03,40,49320,买盘
432,10:51:31,12.31,-0.03,18,22158,卖盘
433,10:51:34,12.3,-0.01,10,12300,卖盘
434,10:51:37,12.33,0.03,38,46818,买盘
435,10:51:39,12.33,0.0,20,24660,卖盘
436,10:51:43,12.33,0.0,8,9871,卖盘
437,10:51:45,12.33,0.0,5,6165,卖盘
438,10:51:49,12.33,0.0,30,36990,卖盘
439,10:51:54,12.33,0.0,41,50511,买盘
440,10:52:01,12.33,0.0,2,2466,买盘
441,10:52:04,12.31,-0.02,28,34480,卖盘
442,10:52:10,12.32,0.01,2,2464,中性盘
443,10:52:16,12.31,-0.01,10,12310,卖盘
444,10:52:19,12.32,0.01,13,16013,买盘
445,10:52:22,12.31,-0.01,17,20927,卖盘
446,10:52:36,12.3,-0.01,15,18450,卖盘
447,10:52:39,12.31,0.01,35,43070,买盘
448,10:52:43,12.3,-0.01,6,7380,卖盘
449,10:52:46,12.31,0.01,63,77492,买盘
450,10:53:16,12.3,-0.01,9,11070,买盘
451,10:53:25,12.3,0.0,12,14760,买盘
452,10:53:36,12.31,0.01,204,251090,买盘
453,10:53:46,12.31,0.0,5,6155,卖盘
454,10:53:52,12.32,0.01,27,33264,买盘
455,10:53:58,12.31,-0.01,386,475166,卖盘
456,10:54:01,12.31,0.0,1,1231,买盘
457,10:54:22,12.29,-0.02,6,7374,卖盘
458,10:54:25,12.29,0.0,5,6145,卖盘
459,10:54:37,12.29,0.0,3,3687,卖盘
460,10:54:43,12.28,-0.01,15,18420,卖盘
461,10:54:49,12.28,0.0,10,12280,卖盘
462,10:55:04,12.29,0.01,12,14748,买盘
463,10:55:10,12.28,-0.01,63,77403,卖盘
464,10:55:46,12.29,0.01,2,2458,卖盘
465,10:55:52,12.29,0.0,20,24580,卖盘
466,10:55:57,12.29,0.0,18,22122,卖盘
467,10:56:09,12.29,0.0,10,12290,买盘
468,10:56:30,12.29,0.0,10,12290,买盘
469,10:56:51,12.29,0.0,11,13519,买盘
470,10:57:04,12.28,-0.01,5,6140,卖盘
471,10:57:13,12.28,0.0,71,87194,卖盘
472,10:57:57,12.27,-0.01,43,52770,卖盘
473,10:58:39,12.28,0.01,2,2456,卖盘
474,10:58:43,12.28,0.0,5,6140,买盘
475,10:59:07,12.28,0.0,5,6140,买盘
476,10:59:22,12.28,0.0,15,18420,卖盘
477,10:59:43,12.28,0.0,8,9824,买盘
478,10:59:55,12.29,0.01,33,40550,买盘
479,11:00:12,12.29,0.0,17,20893,买盘
480,11:00:31,12.3,0.01,20,24600,买盘
481,11:01:10,12.3,0.0,8,9840,买盘
482,11:01:22,12.29,-0.01,1,1229,卖盘
483,11:01:31,12.29,0.0,1,1229,卖盘
484,11:01:49,12.29,0.0,5,6145,卖盘
485,11:01:54,12.29,0.0,5,6145,买盘
486,11:02:06,12.27,-0.02,5,6143,卖盘
487,11:02:21,12.27,0.0,30,36810,卖盘
488,11:02:49,12.27,0.0,10,12270,卖盘
489,11:02:51,12.27,0.0,40,49080,卖盘
490,11:02:58,12.27,0.0,1,1227,卖盘
491,11:03:04,12.27,0.0,4,4908,卖盘
492,11:03:25,12.25,-0.02,9,11025,卖盘
493,11:04:10,12.24,-0.01,10,12240,卖盘
494,11:04:31,12.24,0.0,10,12240,卖盘
495,11:05:04,12.24,0.0,12,14688,买盘
496,11:05:12,12.23,-0.01,2,2446,卖盘
497,11:07:39,12.24,0.01,10,12240,买盘
498,11:07:46,12.24,0.0,1,1224,买盘
499,11:07:48,12.24,0.0,21,25704,买盘
500,11:08:01,12.22,-0.02,126,154046,卖盘
501,11:08:15,12.21,-0.01,5,6105,卖盘
502,11:08:33,12.21,0.0,2,2442,卖盘
503,11:08:42,12.2,-0.01,20,24410,卖盘
504,11:08:48,12.2,0.0,1,1220,卖盘
505,11:08:52,12.2,0.0,7,8540,卖盘
506,11:09:24,12.19,-0.01,1,1219,卖盘
507,11:10:04,12.19,0.0,10,12190,卖盘
508,11:10:07,12.2,0.01,1,1220,买盘
509,11:10:10,12.2,0.0,2,2440,买盘
510,11:10:34,12.21,0.01,1,1221,买盘
511,11:10:42,12.21,0.0,13,15873,买盘
512,11:11:09,12.21,0.0,20,24420,卖盘
513,11:12:04,12.22,0.01,9,10998,买盘
514,11:12:16,12.22,0.0,7,8554,卖盘
515,11:13:43,12.22,0.0,3,3666,卖盘
516,11:13:46,12.22,0.0,5,6110,卖盘
517,11:13:49,12.22,0.0,3,3666,卖盘
518,11:13:51,12.21,-0.01,7,8549,卖盘
519,11:13:55,12.21,0.0,11,13431,卖盘
520,11:13:58,12.21,0.0,4,4884,卖盘
521,11:14:01,12.21,0.0,2,2442,卖盘
522,11:14:04,12.21,0.0,4,4884,卖盘
523,11:14:07,12.21,0.0,6,7326,卖盘
524,11:14:10,12.21,0.0,4,4884,卖盘
525,11:14:13,12.21,0.0,2,2442,卖盘
526,11:14:16,12.21,0.0,2,2442,卖盘
527,11:14:19,12.21,0.0,2,2442,卖盘
528,11:14:22,12.21,0.0,3,3663,卖盘
529,11:14:25,12.21,0.0,3,3663,卖盘
530,11:14:40,12.2,-0.01,31,37820,卖盘
531,11:14:58,12.2,0.0,4,4880,卖盘
532,11:15:55,12.18,-0.02,39,47516,卖盘
533,11:16:13,12.17,-0.01,32,38944,卖盘
534,11:16:55,12.18,0.01,1,1218,买盘
535,11:17:43,12.17,-0.01,30,36515,卖盘
536,11:18:24,12.18,0.01,11,13398,卖盘
537,11:19:04,12.19,0.01,10,12190,买盘
538,11:19:40,12.19,0.0,28,34132,买盘
539,11:19:52,12.2,0.01,6,7320,买盘
540,11:20:16,12.21,0.01,5,6105,买盘
541,11:20:46,12.2,-0.01,13,15860,卖盘
542,11:21:18,12.2,0.0,27,32940,买盘
543,11:21:45,12.2,0.0,20,24400,卖盘
544,11:22:00,12.21,0.01,6,7326,买盘
545,11:22:16,12.2,-0.01,30,36626,卖盘
546,11:24:06,12.2,0.0,8,9760,卖盘
547,11:25:07,12.2,0.0,8,9760,卖盘
548,11:25:10,12.18,-0.02,18,21926,卖盘
549,11:27:40,12.19,0.01,15,18285,卖盘
550,11:28:10,12.19,0.0,58,70702,买盘
551,13:00:04,12.18,-0.01,14,17052,卖盘
552,13:00:07,12.17,-0.01,11,13387,卖盘
553,13:01:46,12.17,0.0,14,17038,卖盘
554,13:01:55,12.17,0.0,5,6085,卖盘
555,13:04:30,12.17,0.0,25,30425,卖盘
556,13:05:04,12.16,-0.01,1,1216,卖盘
557,13:05:46,12.16,0.0,8,9728,卖盘
558,13:06:45,12.15,-0.01,4,4860,卖盘
559,13:06:54,12.15,0.0,40,48600,卖盘
560,13:07:27,12.15,0.0,20,24300,买盘
561,13:07:58,12.13,-0.02,9,10917,卖盘
562,13:08:15,12.15,0.02,4,4860,买盘
563,13:08:51,12.15,0.0,4,4860,买盘
564,13:09:31,12.15,0.0,3,3645,卖盘
565,13:09:40,12.16,0.01,12,14592,买盘
566,13:10:04,12.16,0.0,7,8512,卖盘
567,13:10:13,12.16,0.0,7,8512,卖盘
568,13:10:51,12.16,0.0,14,17024,卖盘
569,13:11:40,12.15,-0.01,7,8505,卖盘
570,13:11:45,12.15,0.0,3,3645,卖盘
571,13:12:42,12.14,-0.01,13,15782,买盘
572,13:12:45,12.13,-0.01,14,16982,卖盘
573,13:13:21,12.13,0.0,16,19408,卖盘
574,13:13:30,12.13,0.0,16,19408,卖盘
575,13:13:46,12.12,-0.01,111,134578,卖盘
576,13:13:51,12.11,-0.01,8,9688,卖盘
577,13:13:57,12.1,-0.01,1,1210,卖盘
578,13:14:01,12.1,0.0,14,16940,卖盘
579,13:14:04,12.1,0.0,1,1210,卖盘
580,13:14:07,12.1,0.0,28,33880,卖盘
581,13:14:13,12.11,0.01,21,25431,买盘
582,13:14:39,12.1,-0.01,14,16940,卖盘
583,13:14:43,12.11,0.01,8,9688,买盘
584,13:14:46,12.11,0.0,4,4844,卖盘
585,13:14:49,12.11,0.0,12,14532,买盘
586,13:14:54,12.11,0.0,12,14532,卖盘
587,13:15:07,12.12,0.01,20,24240,买盘
588,13:15:10,12.12,0.0,50,60600,买盘
589,13:15:30,12.12,0.0,42,50904,买盘
590,13:15:51,12.12,0.0,8,9696,卖盘
591,13:16:16,12.12,0.0,8,9696,买盘
592,13:16:19,12.11,-0.01,17,20587,卖盘
593,13:16:40,12.11,0.0,11,13321,卖盘
594,13:16:43,12.11,0.0,9,10899,卖盘
595,13:16:49,12.12,0.01,3,3636,买盘
596,13:17:07,12.12,0.0,3,3636,卖盘
597,13:17:19,12.12,0.0,14,16968,卖盘
598,13:17:27,12.12,0.0,1,1212,卖盘
599,13:18:01,12.12,0.0,14,16968,卖盘
600,13:18:43,12.11,-0.01,8,9688,卖盘
601,13:19:19,12.1,-0.01,30,36318,卖盘
602,13:19:28,12.1,0.0,10,12100,卖盘
603,13:19:43,12.11,0.01,1,1211,卖盘
604,13:20:01,12.11,0.0,4,4844,卖盘
605,13:20:31,12.1,-0.01,20,24200,卖盘
606,13:20:45,12.1,0.0,42,50848,卖盘
607,13:20:52,12.1,0.0,2,2420,买盘
608,13:21:07,12.09,-0.01,10,12090,卖盘
609,13:21:10,12.1,0.01,4,4840,买盘
610,13:21:27,12.11,0.01,1,1211,买盘
611,13:26:21,12.12,0.01,20,24240,卖盘
612,13:27:31,12.12,0.0,20,24240,卖盘
613,13:27:37,12.12,0.0,5,6060,卖盘
614,13:27:42,12.12,0.0,5,6060,卖盘
615,13:28:09,12.11,-0.01,11,13321,卖盘
616,13:28:25,12.11,0.0,5,6055,卖盘
617,13:28:28,12.11,0.0,15,18165,卖盘
618,13:28:36,12.1,-0.01,50,60500,卖盘
619,13:28:45,12.1,0.0,5,6050,卖盘
620,13:28:54,12.1,0.0,5,6050,卖盘
621,13:29:25,12.13,0.03,10,12130,买盘
622,13:31:09,12.1,-0.03,11,13310,卖盘
623,13:31:34,12.1,0.0,1,1210,买盘
624,13:31:58,12.1,0.0,9,10890,卖盘
625,13:32:16,12.1,0.0,30,36300,卖盘
626,13:32:22,12.1,0.0,1,1210,卖盘
627,13:32:28,12.1,0.0,1,1210,卖盘
628,13:32:31,12.09,-0.01,6,7257,卖盘
629,13:32:34,12.09,0.0,17,20553,卖盘
630,13:32:37,12.09,0.0,18,21762,卖盘
631,13:32:40,12.08,-0.01,28,33848,卖盘
632,13:32:43,12.08,0.0,9,10872,卖盘
633,13:32:46,12.08,0.0,7,8456,卖盘
634,13:32:49,12.08,0.0,20,24160,卖盘
635,13:32:52,12.07,-0.01,8,9656,卖盘
636,13:32:55,12.07,0.0,6,7242,卖盘
637,13:32:58,12.07,0.0,6,7242,卖盘
638,13:33:07,12.07,0.0,4,4828,卖盘
639,13:33:10,12.06,-0.01,63,75986,卖盘
640,13:33:40,12.06,0.0,50,60300,买盘
641,13:33:43,12.05,-0.01,9,10845,卖盘
642,13:33:49,12.05,0.0,10,12050,卖盘
643,13:34:16,12.06,0.01,4,4824,买盘
644,13:34:19,12.06,0.0,2,2412,买盘
645,13:35:28,12.08,0.02,61,73688,买盘
646,13:36:24,12.07,-0.01,24,28968,卖盘
647,13:37:10,12.06,-0.01,2,2412,卖盘
648,13:37:13,12.07,0.01,1,1207,买盘
649,13:37:37,12.06,-0.01,53,63918,卖盘
650,13:38:22,12.05,-0.01,26,31330,卖盘
651,13:39:01,12.02,-0.03,20,24057,卖盘
652,13:39:04,12.04,0.02,7,8428,中性盘
653,13:39:12,12.04,0.0,1,1204,买盘
654,13:39:37,12.04,0.0,2,2408,买盘
655,13:39:46,12.02,-0.02,11,13222,卖盘
656,13:40:34,12.03,0.01,7,8421,卖盘
657,13:40:40,12.03,0.0,3,3609,卖盘
658,13:41:19,12.02,-0.01,58,69766,卖盘
659,13:41:52,12.05,0.03,30,36150,买盘
660,13:42:33,12.06,0.01,5,6030,买盘
661,13:42:46,12.06,0.0,10,12060,买盘
662,13:42:55,12.06,0.0,10,12060,买盘
663,13:43:06,12.06,0.0,25,30150,买盘
664,13:43:33,12.06,0.0,9,10854,卖盘
665,13:43:37,12.07,0.01,7,8443,买盘
666,13:43:40,12.07,0.0,1,1207,卖盘
667,13:44:05,12.09,0.02,11,13299,买盘
668,13:44:09,12.09,0.0,59,71199,买盘
669,13:44:34,12.09,0.0,6,7254,买盘
670,13:45:46,12.06,-0.03,4,4824,卖盘
671,13:46:33,12.07,0.01,1,1207,卖盘
672,13:47:01,12.09,0.02,16,19344,买盘
673,13:47:31,12.09,0.0,1,1209,卖盘
674,13:47:34,12.1,0.01,22,26620,买盘
675,13:47:36,12.09,-0.01,2,2419,卖盘
676,13:47:42,12.09,0.0,1,1209,卖盘
677,13:47:46,12.1,0.01,4,4840,卖盘
678,13:49:36,12.1,0.0,20,24200,买盘
679,13:49:42,12.1,0.0,4,4840,买盘
680,13:49:49,12.11,0.01,6,7266,买盘
681,13:50:10,12.1,-0.01,4,4840,卖盘
682,13:50:40,12.11,0.01,5,6055,买盘
683,13:50:46,12.1,-0.01,10,12100,卖盘
684,13:50:52,12.1,0.0,1,1210,卖盘
685,13:50:58,12.1,0.0,10,12100,卖盘
686,13:51:04,12.1,0.0,1,1210,卖盘
687,13:51:10,12.1,0.0,2,2420,卖盘
688,13:51:16,12.1,0.0,1,1210,卖盘
689,13:51:22,12.11,0.01,5,6054,买盘
690,13:51:27,12.1,-0.01,1,1210,卖盘
691,13:51:30,12.1,0.0,1,1210,卖盘
692,13:52:04,12.08,-0.02,13,15704,卖盘
693,13:52:19,12.06,-0.02,1,1206,卖盘
694,13:52:52,12.06,0.0,50,60300,卖盘
695,13:53:04,12.06,0.0,36,43416,卖盘
696,13:54:37,12.07,0.01,5,6035,买盘
697,13:54:52,12.08,0.01,1,1208,买盘
698,13:54:55,12.08,0.0,3,3624,买盘
699,13:55:25,12.07,-0.01,10,12070,卖盘
700,13:55:52,12.08,0.01,21,25368,买盘
701,13:57:34,12.1,0.02,3,3630,买盘
702,13:58:04,12.08,-0.02,2,2416,卖盘
703,13:58:10,12.08,0.0,50,60400,卖盘
704,13:58:16,12.08,0.0,1,1208,卖盘
705,13:58:22,12.08,0.0,1,1208,卖盘
706,13:58:28,12.08,0.0,1,1208,卖盘
707,13:58:31,12.08,0.0,10,12080,卖盘
708,13:58:36,12.08,0.0,1,1208,卖盘
709,13:58:43,12.08,0.0,1,1208,卖盘
710,13:58:49,12.08,0.0,1,1208,卖盘
711,13:58:54,12.08,0.0,1,1208,卖盘
712,14:00:34,12.1,0.02,10,12100,买盘
713,14:01:49,12.1,0.0,5,6050,买盘
714,14:02:13,12.08,-0.02,7,8456,卖盘
715,14:03:31,12.08,0.0,3,3624,买盘
716,14:05:31,12.08,0.0,30,36240,卖盘
717,14:06:04,12.08,0.0,10,12080,买盘
718,14:06:31,12.08,0.0,2,2416,买盘
719,14:06:46,12.08,0.0,26,31402,买盘
720,14:06:55,12.08,0.0,38,45904,买盘
721,14:07:13,12.08,0.0,43,51944,买盘
722,14:07:37,12.1,0.02,19,22990,买盘
723,14:07:55,12.1,0.0,7,8470,买盘
724,14:07:58,12.11,0.01,46,55706,买盘
725,14:08:19,12.12,0.01,5,6060,买盘
726,14:08:46,12.12,0.0,14,16968,买盘
727,14:08:49,12.12,0.0,33,39996,卖盘
728,14:08:52,12.12,0.0,67,81204,买盘
729,14:08:55,12.13,0.01,11,13343,买盘
730,14:08:58,12.14,0.01,5,6070,买盘
731,14:09:07,12.14,0.0,6,7284,买盘
732,14:09:13,12.14,0.0,1,1214,买盘
733,14:09:16,12.14,0.0,6,7284,买盘
734,14:09:28,12.14,0.0,2,2428,买盘
735,14:09:58,12.14,0.0,1,1214,买盘
736,14:10:19,12.14,0.0,15,18210,买盘
737,14:11:13,12.14,0.0,10,12140,卖盘
738,14:11:22,12.14,0.0,5,6070,卖盘
739,14:11:46,12.2,0.06,101,122954,买盘
740,14:11:49,12.14,-0.06,43,52202,卖盘
741,14:11:51,12.15,0.01,27,32805,中性盘
742,14:11:55,12.15,0.0,16,19440,买盘
743,14:12:12,12.14,-0.01,22,26708,买盘
744,14:12:28,12.14,0.0,18,21852,买盘
745,14:12:52,12.13,-0.01,16,19408,卖盘
746,14:13:09,12.13,0.0,52,63076,买盘
747,14:13:25,12.12,-0.01,22,26676,卖盘
748,14:13:34,12.12,0.0,21,25452,卖盘
749,14:13:49,12.13,0.01,5,6065,卖盘
750,14:14:13,12.13,0.0,2,2426,买盘
751,14:14:36,12.13,0.0,24,29112,买盘
752,14:15:10,12.13,0.0,8,9704,卖盘
753,14:15:40,12.13,0.0,2,2426,买盘
754,14:16:09,12.12,-0.01,22,26664,卖盘
755,14:16:31,12.13,0.01,3,3639,买盘
756,14:16:34,12.12,-0.01,16,19392,卖盘
757,14:17:01,12.12,0.0,3,3636,买盘
758,14:17:13,12.12,0.0,32,39160,买盘
759,14:18:31,12.12,0.0,8,9696,卖盘
760,14:18:34,12.13,0.01,2,2426,买盘
761,14:20:51,12.14,0.01,14,16996,卖盘
762,14:21:25,12.14,0.0,3,3642,买盘
763,14:22:51,12.15,0.01,24,29160,买盘
764,14:23:18,12.15,0.0,10,12150,卖盘
765,14:23:43,12.15,0.0,20,24300,买盘
766,14:24:46,12.15,0.0,4,4860,买盘
767,14:25:07,12.15,0.0,18,21870,买盘
768,14:25:19,12.16,0.01,8,9728,买盘
769,14:25:46,12.18,0.02,50,60900,买盘
770,14:26:15,12.18,0.0,1,1218,买盘
771,14:26:40,12.18,0.0,22,26796,卖盘
772,14:27:09,12.17,-0.01,2,2434,卖盘
773,14:27:19,12.18,0.01,28,34074,买盘
774,14:27:46,12.17,-0.01,5,6085,买盘
775,14:27:49,12.16,-0.01,8,9728,卖盘
776,14:28:57,12.16,0.0,4,4864,买盘
777,14:32:13,12.16,0.0,16,19456,卖盘
778,14:33:10,12.15,-0.01,2,2430,卖盘
779,14:33:13,12.16,0.01,3,3648,买盘
780,14:33:16,12.15,-0.01,1,1215,卖盘
781,14:33:19,12.14,-0.01,1,1214,卖盘
782,14:33:22,12.15,0.01,1,1215,卖盘
783,14:33:25,12.15,0.0,19,23085,卖盘
784,14:33:28,12.15,0.0,27,32805,卖盘
785,14:33:31,12.15,0.0,19,23085,卖盘
786,14:33:34,12.15,0.0,17,20655,卖盘
787,14:33:36,12.15,0.0,15,18225,卖盘
788,14:33:40,12.15,0.0,22,26730,卖盘
789,14:33:43,12.15,0.0,10,12150,卖盘
790,14:33:46,12.15,0.0,20,24300,卖盘
791,14:33:49,12.13,-0.02,11,13344,卖盘
792,14:33:52,12.13,0.0,15,18195,卖盘
793,14:33:55,12.12,-0.01,15,18189,卖盘
794,14:33:58,12.15,0.03,57,69234,买盘
795,14:34:13,12.12,-0.03,8,9696,卖盘
796,14:34:16,12.12,0.0,10,12120,卖盘
797,14:35:36,12.13,0.01,5,6065,卖盘
798,14:35:55,12.13,0.0,1,1213,买盘
799,14:36:01,12.13,0.0,9,10917,买盘
800,14:36:04,12.12,-0.01,22,26664,卖盘
801,14:36:15,12.11,-0.01,2,2422,卖盘
802,14:37:07,12.12,0.01,2,2424,卖盘
803,14:37:10,12.12,0.0,17,20604,买盘
804,14:37:46,12.13,0.01,1,1213,买盘
805,14:37:49,12.13,0.0,12,14556,卖盘
806,14:38:13,12.13,0.0,5,6067,卖盘
807,14:38:27,12.13,0.0,6,7278,卖盘
808,14:38:31,12.13,0.0,4,4852,买盘
809,14:39:04,12.13,0.0,40,48520,卖盘
810,14:39:39,12.13,0.0,26,31538,卖盘
811,14:39:43,12.12,-0.01,8,9696,卖盘
812,14:39:46,12.13,0.01,7,8491,买盘
813,14:39:52,12.13,0.0,1,1213,卖盘
814,14:40:28,12.13,0.0,1,1213,卖盘
815,14:41:19,12.13,0.0,1,983,买盘
816,14:41:31,12.12,-0.01,10,12122,卖盘
817,14:42:19,12.12,0.0,20,24240,卖盘
818,14:42:25,12.12,0.0,1,1212,卖盘
819,14:42:34,12.11,-0.01,11,13324,卖盘
820,14:43:12,12.1,-0.01,43,52033,卖盘
821,14:43:52,12.1,0.0,35,42142,卖盘
822,14:44:46,12.1,0.0,13,15960,买盘
823,14:45:30,12.15,0.05,45,54656,买盘
824,14:45:33,12.1,-0.05,23,27865,卖盘
825,14:48:21,12.12,0.02,11,13332,卖盘
826,14:48:24,12.12,0.0,1,1212,买盘
827,14:48:46,12.12,0.0,5,6060,买盘
828,14:49:01,12.15,0.03,50,60726,买盘
829,14:49:22,12.16,0.01,57,69284,买盘
830,14:49:49,12.15,-0.01,8,9720,买盘
831,14:49:58,12.16,0.01,28,34042,买盘
832,14:50:07,12.12,-0.04,35,42450,卖盘
833,14:50:25,12.12,0.0,8,9696,卖盘
834,14:51:01,12.12,0.0,2,2424,买盘
835,14:51:07,12.11,-0.01,29,35121,卖盘
836,14:51:10,12.11,0.0,4,4844,买盘
837,14:51:13,12.12,0.01,3,3636,卖盘
838,14:51:22,12.12,0.0,8,9696,卖盘
839,14:51:43,12.1,-0.02,12,14520,卖盘
840,14:51:46,12.11,0.01,10,12110,买盘
841,14:51:58,12.11,0.0,35,42385,买盘
842,14:52:01,12.11,0.0,13,15743,卖盘
843,14:52:19,12.11,0.0,8,9688,卖盘
844,14:52:28,12.11,0.0,1,1211,买盘
845,14:52:31,12.11,0.0,5,6055,买盘
846,14:52:46,12.1,-0.01,9,10890,卖盘
847,14:52:52,12.09,-0.01,3,3628,卖盘
848,14:53:04,12.09,0.0,14,16926,买盘
849,14:53:07,12.1,0.01,11,13310,买盘
850,14:53:25,12.09,-0.01,12,14508,卖盘
851,14:53:40,12.09,0.0,20,24180,买盘
852,14:53:52,12.09,0.0,8,9669,买盘
853,14:54:07,12.09,0.0,2,2418,买盘
854,14:54:13,12.08,-0.01,32,38656,卖盘
855,14:54:28,12.08,0.0,5,6040,买盘
856,14:54:31,12.08,0.0,10,12080,买盘
857,14:54:34,12.08,0.0,1,1208,买盘
858,14:54:37,12.08,0.0,11,13288,卖盘
859,14:54:43,12.08,0.0,5,6040,买盘
860,14:54:49,12.08,0.0,14,16912,中性盘
861,14:54:58,12.08,0.0,13,15704,卖盘
862,14:55:04,12.08,0.0,33,39864,买盘
863,14:55:10,12.12,0.04,10,12120,买盘
864,14:55:16,12.13,0.01,18,21834,买盘
865,14:55:19,12.13,0.0,3,3639,买盘
866,14:56:04,12.13,0.0,41,49719,买盘
867,14:56:07,12.1,-0.03,15,18150,中性盘
868,14:56:19,12.09,-0.01,69,83453,卖盘
869,14:56:22,12.09,0.0,9,10881,买盘
870,14:56:25,12.09,0.0,2,2418,买盘
871,14:56:28,12.07,-0.02,116,139962,卖盘
872,14:56:31,12.09,0.02,19,22971,买盘
873,14:56:58,12.09,0.0,3,3627,买盘
874,15:00:05,12.07,-0.02,176,212432,卖盘
