,time,price,change,volume,amount,type
0,09:25:04,33.3,0.15,24,79920,卖盘
1,09:30:04,33.25,-0.05,84,279306,卖盘
2,09:30:07,33.25,0.0,1,3325,买盘
3,09:30:13,33.24,-0.01,4,13296,买盘
4,09:30:18,33.16,-0.08,1,3316,买盘
5,09:30:22,33.22,0.06,10,33241,卖盘
6,09:30:25,33.2,-0.02,3,9960,卖盘
7,09:30:27,33.2,0.0,3,9960,卖盘
8,09:30:42,33.26,0.0,10,33260,卖盘
9,09:30:49,33.26,0.0,1,67,买盘
10,09:30:54,33.26,0.0,3,6719,卖盘
11,09:31:04,33.2,-0.06,2,6640,卖盘
12,09:31:07,33.2,0.0,5,16597,买盘
13,09:31:10,33.2,0.0,8,26560,买盘
14,09:31:19,33.25,0.05,1,3325,卖盘
15,09:31:21,33.21,-0.04,5,16617,卖盘
16,09:31:34,33.2,-0.01,20,66404,卖盘
17,09:31:48,33.2,0.0,40,132800,卖盘
18,09:31:52,33.2,0.0,13,43157,买盘
19,09:31:55,33.23,0.03,2,6646,卖盘
20,09:32:01,33.18,-0.05,10,33180,卖盘
21,09:32:07,33.2,0.02,8,26560,卖盘
22,09:32:18,33.17,-0.03,6,19867,买盘
23,09:32:30,33.18,0.01,1,3318,买盘
24,09:32:33,33.18,0.0,32,106134,买盘
25,09:32:36,33.18,0.0,5,16590,买盘
26,09:32:46,33.15,-0.03,19,63027,卖盘
27,09:32:48,33.15,0.0,6,19891,卖盘
28,09:32:52,33.15,0.0,5,16575,买盘
29,09:32:58,33.15,0.0,1,3315,买盘
30,09:33:01,33.15,0.0,4,13259,买盘
31,09:33:04,33.15,0.0,6,19890,买盘
32,09:33:07,33.15,0.0,10,33150,买盘
33,09:33:10,33.15,0.0,1,3315,买盘
34,09:33:13,33.15,0.0,2,6630,买盘
35,09:33:16,33.14,-0.01,12,39769,卖盘
36,09:33:19,33.15,0.01,1,3315,买盘
37,09:33:22,33.15,0.0,2,6630,买盘
38,09:33:25,33.14,-0.01,5,16571,卖盘
39,09:33:31,33.15,0.01,5,16575,买盘
40,09:33:34,33.15,0.0,25,82875,买盘
41,09:33:48,33.15,0.0,1,3315,买盘
42,09:33:55,33.1,-0.05,20,66205,卖盘
43,09:33:58,33.1,0.0,11,36410,买盘
44,09:34:01,33.1,0.0,66,218460,买盘
45,09:34:04,33.1,0.0,8,26480,买盘
46,09:34:12,33.1,0.0,103,340976,卖盘
47,09:34:16,33.1,0.0,1,3310,买盘
48,09:34:21,33.09,-0.01,2,6618,卖盘
49,09:34:25,33.09,0.0,6,19856,卖盘
50,09:34:28,33.09,0.0,2,6618,买盘
51,09:34:34,33.09,0.0,5,16545,买盘
52,09:34:39,33.08,-0.01,1,3308,卖盘
53,09:34:42,33.09,0.01,1,3309,买盘
54,09:34:45,33.09,0.0,8,26472,卖盘
55,09:34:52,33.09,0.0,3,9927,买盘
56,09:34:55,33.09,0.0,16,52944,买盘
57,09:34:57,33.08,-0.01,1,3308,卖盘
58,09:35:01,33.09,0.01,5,16545,买盘
59,09:35:04,33.09,0.0,3,9927,买盘
60,09:35:13,33.09,0.0,1,3309,买盘
61,09:35:19,33.08,-0.01,11,36388,卖盘
62,09:35:24,33.09,0.01,4,13236,买盘
63,09:35:37,33.1,0.01,1,3310,买盘
64,09:35:39,33.1,0.0,7,23170,买盘
65,09:35:42,33.09,-0.01,1,3309,卖盘
66,09:35:52,33.1,0.01,5,16550,买盘
67,09:35:55,33.09,-0.01,1,3309,卖盘
68,09:36:13,33.1,0.01,22,72820,买盘
69,09:36:15,33.1,0.0,7,23170,买盘
70,09:36:19,33.1,0.0,1,3310,买盘
71,09:36:22,33.1,0.0,4,13240,买盘
72,09:36:25,33.09,-0.01,14,46330,卖盘
73,09:36:28,33.09,0.0,10,33090,卖盘
74,09:36:31,33.09,0.0,2,6618,买盘
75,09:36:34,33.09,0.0,1,3309,买盘
76,09:36:37,33.07,-0.02,25,82711,卖盘
77,09:36:40,33.08,0.01,3,9924,中性盘
78,09:36:43,33.08,0.0,1,3308,买盘
79,09:36:46,33.06,-0.02,15,49615,卖盘
80,09:36:48,33.08,0.02,20,66176,买盘
81,09:36:52,33.07,-0.01,7,23149,买盘
82,09:36:55,33.07,0.0,1,3307,买盘
83,09:36:58,33.07,0.0,18,59524,买盘
84,09:37:01,33.1,0.03,136,450160,买盘
85,09:37:16,33.18,0.08,3,9954,买盘
86,09:37:31,33.18,0.0,2,6636,买盘
87,09:37:40,33.18,0.0,1,3318,买盘
88,09:38:04,33.18,0.0,5,16590,买盘
89,09:38:06,33.19,0.01,14,46466,买盘
90,09:38:09,33.19,0.0,6,19914,买盘
91,09:38:12,33.2,0.01,3,9960,买盘
92,09:38:16,33.22,0.02,8,26576,买盘
93,09:38:19,33.22,0.0,3,9964,买盘
94,09:38:22,33.22,0.0,8,26576,买盘
95,09:38:25,33.22,0.0,2,6644,买盘
96,09:38:27,33.22,0.0,5,16616,卖盘
97,09:38:31,33.22,0.0,4,13288,买盘
98,09:38:33,33.24,0.02,1,3324,买盘
99,09:38:37,33.25,0.01,1,3325,买盘
100,09:38:40,33.25,0.0,6,19941,买盘
101,09:38:43,33.29,0.04,2,6658,买盘
102,09:38:46,33.29,0.0,5,16644,买盘
103,09:38:49,33.29,0.0,1,3329,买盘
104,09:38:55,33.29,0.0,4,13316,买盘
105,09:39:03,33.29,0.0,4,13315,买盘
106,09:39:07,33.28,-0.01,4,13312,中性盘
107,09:39:10,33.28,0.0,3,9984,买盘
108,09:39:13,33.29,0.01,4,13314,买盘
109,09:39:16,33.29,0.0,2,6655,买盘
110,09:39:19,33.3,0.01,6,19973,买盘
111,09:39:22,33.37,0.07,50,164884,买盘
112,09:39:24,33.38,0.01,15,50070,买盘
113,09:39:28,33.38,0.0,2,6676,卖盘
114,09:39:31,33.41,0.03,15,49999,买盘
115,09:39:34,33.41,0.0,4,13364,卖盘
116,09:39:39,33.41,0.0,8,26728,买盘
117,09:39:52,33.41,0.0,1,3341,卖盘
118,09:39:55,33.41,0.0,3,10023,买盘
119,09:40:04,33.4,-0.01,20,66800,中性盘
120,09:40:09,33.33,-0.07,1,3333,中性盘
121,09:40:15,33.39,0.06,6,20033,买盘
122,09:40:37,33.31,-0.08,5,16658,卖盘
123,09:40:46,33.38,0.07,10,33375,买盘
124,09:41:10,33.35,-0.03,4,13339,买盘
125,09:41:13,33.3,-0.05,2,6661,卖盘
126,09:41:31,33.34,0.04,1,3334,买盘
127,09:41:33,33.35,0.01,1,3335,买盘
128,09:41:37,33.35,0.0,1,3335,买盘
129,09:41:40,33.35,0.0,11,36685,买盘
130,09:41:46,33.37,0.02,2,6674,买盘
131,09:41:49,33.37,0.0,7,23339,买盘
132,09:41:52,33.33,-0.04,8,26692,卖盘
133,09:41:54,33.38,0.05,5,16688,买盘
134,09:41:58,33.38,0.0,12,40050,买盘
135,09:42:01,33.38,0.0,6,20028,买盘
136,09:42:04,33.38,0.0,9,30042,买盘
137,09:42:07,33.38,0.0,9,30041,买盘
138,09:42:09,33.38,0.0,22,73435,买盘
139,09:42:12,33.37,-0.01,12,40052,中性盘
140,09:42:16,33.37,0.0,13,43381,买盘
141,09:42:19,33.37,0.0,4,13348,中性盘
142,09:42:22,33.37,0.0,12,40053,买盘
143,09:42:25,33.4,0.03,5,16695,买盘
144,09:42:28,33.41,0.01,18,60126,买盘
145,09:42:31,33.43,0.02,3,10029,买盘
146,09:42:34,33.42,-0.01,1,3342,买盘
147,09:42:37,33.43,0.01,1,3343,买盘
148,09:42:58,33.4,-0.03,1,3340,卖盘
149,09:43:01,33.4,0.0,2,6680,卖盘
150,09:43:04,33.39,-0.01,28,93509,卖盘
151,09:43:09,33.35,-0.04,1,3335,卖盘
152,09:43:16,33.39,0.04,1,3339,买盘
153,09:43:19,33.34,-0.05,1,3334,卖盘
154,09:43:25,33.34,0.0,3,10002,卖盘
155,09:43:37,33.34,0.0,6,20004,卖盘
156,09:43:46,33.34,0.0,1,3334,卖盘
157,09:43:52,33.33,-0.01,10,33337,卖盘
158,09:43:58,33.33,0.0,12,39996,卖盘
159,09:44:01,33.33,0.0,3,9999,卖盘
160,09:44:04,33.31,-0.02,2,6662,卖盘
161,09:44:07,33.28,-0.03,104,346172,卖盘
162,09:44:12,33.28,0.0,1,3328,卖盘
163,09:44:19,33.29,0.01,5,16645,买盘
164,09:44:22,33.29,0.0,10,33290,买盘
165,09:44:25,33.29,0.0,40,133160,卖盘
166,09:44:28,33.29,0.0,10,33290,卖盘
167,09:44:31,33.29,0.0,1,3329,卖盘
168,09:44:37,33.29,0.0,1,3329,卖盘
169,09:44:40,33.29,0.0,1,3329,卖盘
170,09:44:42,33.29,0.0,3,9987,卖盘
171,09:44:45,33.3,0.01,9,29970,买盘
172,09:44:48,33.29,-0.01,5,16645,卖盘
173,09:44:55,33.28,-0.01,14,46605,卖盘
174,09:44:58,33.29,0.01,3,9987,买盘
175,09:45:03,33.28,-0.01,2,6656,卖盘
176,09:45:07,33.29,0.01,6,19973,买盘
177,09:45:10,33.28,-0.01,6,19968,卖盘
178,09:45:12,33.28,0.0,5,16640,卖盘
179,09:45:15,33.28,0.0,24,79872,卖盘
180,09:45:19,33.29,0.01,3,9987,买盘
181,09:45:25,33.28,-0.01,1,3328,卖盘
182,09:45:28,33.29,0.01,13,43277,买盘
183,09:45:31,33.28,-0.01,6,19968,卖盘
184,09:45:33,33.28,0.0,1,3328,卖盘
185,09:45:37,33.29,0.01,17,56593,买盘
186,09:45:40,33.29,0.0,1,3329,买盘
187,09:45:46,33.29,0.0,5,16645,买盘
188,09:45:49,33.28,-0.01,5,16640,卖盘
189,09:46:04,33.28,0.0,4,13312,卖盘
190,09:46:12,33.28,0.0,30,99840,卖盘
191,09:46:21,33.28,0.0,5,16640,卖盘
192,09:46:25,33.28,0.0,49,163072,卖盘
193,09:46:28,33.28,0.0,82,272896,卖盘
194,09:46:46,33.28,0.0,1,3328,卖盘
195,09:46:55,33.28,0.0,11,36608,卖盘
196,09:47:19,33.25,-0.03,2,6650,卖盘
197,09:47:22,33.26,0.01,20,66515,买盘
198,09:47:34,33.26,0.0,2,6652,买盘
199,09:47:40,33.25,-0.01,1,3325,卖盘
200,09:47:43,33.25,0.0,1,3325,卖盘
201,09:47:46,33.24,-0.01,10,33240,卖盘
202,09:47:54,33.24,0.0,1,3324,卖盘
203,09:47:57,33.24,0.0,1,3324,卖盘
204,09:48:04,33.24,0.0,3,9972,卖盘
205,09:48:16,33.24,0.0,1,3324,买盘
206,09:48:22,33.22,-0.02,14,46516,卖盘
207,09:48:25,33.21,-0.01,7,23247,买盘
208,09:48:31,33.2,-0.01,1,3320,买盘
209,09:48:36,33.24,0.04,1,3324,买盘
210,09:48:43,33.2,-0.04,15,49803,卖盘
211,09:48:52,33.24,0.04,3,9970,买盘
212,09:49:04,33.2,-0.04,1,3320,卖盘
213,09:49:07,33.2,0.0,1,3320,买盘
214,09:49:10,33.2,0.0,1,3320,买盘
215,09:49:13,33.2,0.0,1,3320,买盘
216,09:49:15,33.2,0.0,1,3320,买盘
217,09:49:18,33.2,0.0,2,6640,买盘
218,09:49:21,33.2,0.0,1,3320,买盘
219,09:49:28,33.2,0.0,1,3320,买盘
220,09:49:31,33.19,-0.01,1,3319,卖盘
221,09:49:58,33.19,0.0,1,3319,卖盘
222,09:50:00,33.2,0.01,2,6640,买盘
223,09:50:22,33.17,-0.03,25,82947,卖盘
224,09:50:34,33.2,0.03,4,13280,买盘
225,09:50:37,33.2,0.0,4,13280,买盘
226,09:50:39,33.2,0.0,1,3320,买盘
227,09:50:42,33.19,-0.01,1,3319,买盘
228,09:50:46,33.2,0.01,2,6640,买盘
229,09:51:01,33.2,0.0,1,3320,卖盘
230,09:51:04,33.2,0.0,3,9960,卖盘
231,09:52:01,33.2,0.0,3,9961,卖盘
232,09:52:04,33.2,0.0,14,46517,卖盘
233,09:52:10,33.2,0.0,1,3320,卖盘
234,09:52:22,33.19,-0.01,1,3319,卖盘
235,09:52:34,33.2,0.01,9,29880,买盘
236,09:52:40,33.2,0.0,6,19936,卖盘
237,09:53:05,33.2,0.0,3,9960,卖盘
238,09:53:06,33.2,0.0,5,16603,卖盘
239,09:53:12,33.24,0.04,1,3324,买盘
240,09:53:25,33.23,-0.01,1,3323,买盘
241,09:53:37,33.2,-0.03,5,16600,卖盘
242,09:53:51,33.2,0.0,6,19920,卖盘
243,09:54:04,33.2,0.0,4,13280,卖盘
244,09:54:25,33.26,0.06,9,29921,买盘
245,09:54:55,33.22,-0.04,3,9966,卖盘
246,09:55:01,33.21,-0.01,1,3321,卖盘
247,09:55:04,33.21,0.0,1,3321,卖盘
248,09:55:07,33.21,0.0,1,3321,买盘
249,09:55:18,33.2,-0.01,1,3320,卖盘
250,09:55:25,33.22,0.02,10,33205,买盘
251,09:55:34,33.2,-0.02,17,56440,卖盘
252,09:55:36,33.25,0.05,34,112898,买盘
253,09:55:46,33.22,-0.03,6,19931,买盘
254,09:56:01,33.23,0.01,4,13292,买盘
255,09:56:04,33.23,0.0,1,3323,买盘
256,09:56:15,33.23,0.0,4,13292,买盘
257,09:56:19,33.24,0.01,6,19941,买盘
258,09:56:22,33.24,0.0,2,6647,买盘
259,09:56:25,33.22,-0.02,3,9966,卖盘
260,09:56:28,33.24,0.02,1,3324,买盘
261,09:56:43,33.23,-0.01,1,3323,中性盘
262,09:56:46,33.24,0.01,23,76452,买盘
263,09:56:49,33.26,0.02,30,99753,买盘
264,09:56:52,33.26,0.0,27,89802,买盘
265,09:56:55,33.29,0.03,35,116488,买盘
266,09:56:58,33.3,0.01,30,99880,买盘
267,09:57:01,33.3,0.0,32,106550,买盘
268,09:57:04,33.3,0.0,54,182051,买盘
269,09:57:07,33.38,0.08,11,36717,买盘
270,09:57:10,33.39,0.01,8,26712,买盘
271,09:57:13,33.4,0.01,23,76817,买盘
272,09:57:16,33.4,0.0,1,3340,中性盘
273,09:57:25,33.41,0.01,1,3341,买盘
274,09:57:28,33.45,0.04,13,43461,买盘
275,09:57:30,33.43,-0.02,1,3343,中性盘
276,09:57:34,33.43,0.0,5,16715,卖盘
277,09:57:40,33.43,0.0,3,10029,中性盘
278,09:57:49,33.42,-0.01,3,10026,卖盘
279,09:58:01,33.42,0.0,27,90234,买盘
280,09:58:04,33.45,0.03,17,56847,买盘
281,09:58:06,33.42,-0.03,1,3342,卖盘
282,09:58:15,33.43,0.01,1,3343,买盘
283,09:58:19,33.43,0.0,3,10028,买盘
284,09:58:25,33.43,0.0,12,40106,中性盘
285,09:58:27,33.42,-0.01,50,167179,卖盘
286,09:58:34,33.42,0.0,2,6684,卖盘
287,09:58:37,33.45,0.03,13,43481,买盘
288,09:58:49,33.41,-0.04,2,6682,卖盘
289,09:58:55,33.42,0.01,2,6684,买盘
290,09:59:04,33.4,-0.02,12,40089,卖盘
291,09:59:07,33.44,0.04,12,40111,买盘
292,09:59:10,33.4,-0.04,5,16709,卖盘
293,09:59:12,33.4,0.0,3,10020,卖盘
294,09:59:40,33.38,-0.02,1,3338,卖盘
295,09:59:43,33.4,0.02,12,40076,买盘
296,10:00:00,33.4,0.0,17,56779,买盘
297,10:00:04,33.38,-0.02,4,13352,卖盘
298,10:00:07,33.4,0.02,12,40063,买盘
299,10:00:31,33.39,-0.01,2,6678,买盘
300,10:00:34,33.41,0.02,9,30065,买盘
301,10:01:00,33.36,-0.05,1,3336,卖盘
302,10:01:04,33.36,0.0,4,13344,买盘
303,10:01:07,33.39,0.03,1,3339,买盘
304,10:01:09,33.4,0.01,1,3340,买盘
305,10:01:19,33.4,0.0,1,3340,卖盘
306,10:01:45,33.38,-0.02,1,3338,卖盘
307,10:01:49,33.38,0.0,1,3338,买盘
308,10:02:07,33.38,0.0,3,10014,买盘
309,10:02:37,33.4,0.02,18,60119,买盘
310,10:02:51,33.39,-0.01,7,23373,买盘
311,10:02:55,33.41,0.02,3,10021,买盘
312,10:02:58,33.39,-0.02,1,3339,卖盘
313,10:03:04,33.39,0.0,8,26712,卖盘
314,10:03:07,33.41,0.02,2,6682,买盘
315,10:03:28,33.41,0.0,3,10023,买盘
316,10:04:01,33.39,-0.02,1,3339,卖盘
317,10:04:04,33.38,-0.01,3,10014,卖盘
318,10:04:24,33.36,-0.02,2,6672,卖盘
319,10:04:33,33.39,0.03,2,6678,买盘
320,10:04:37,33.39,0.0,1,3339,卖盘
321,10:04:40,33.39,0.0,4,13356,卖盘
322,10:04:52,33.36,-0.03,4,13344,卖盘
323,10:05:04,33.36,0.0,2,6672,卖盘
324,10:05:07,33.36,0.0,1,3336,卖盘
325,10:05:22,33.35,-0.01,1,3335,卖盘
326,10:05:39,33.35,0.0,1,3335,卖盘
327,10:05:42,33.35,0.0,1,3335,卖盘
328,10:05:58,33.36,0.01,3,10007,买盘
329,10:06:07,33.36,0.0,2,6672,买盘
330,10:06:16,33.36,0.0,3,10008,买盘
331,10:06:19,33.36,0.0,10,33360,买盘
332,10:06:21,33.39,0.03,16,53424,买盘
333,10:06:25,33.41,0.02,19,63479,买盘
334,10:06:27,33.41,0.0,19,63479,买盘
335,10:06:31,33.42,0.01,5,16710,买盘
336,10:06:34,33.43,0.01,7,23400,买盘
337,10:06:36,33.45,0.02,14,46818,买盘
338,10:06:40,33.45,0.0,8,26760,买盘
339,10:06:42,33.45,0.0,3,10035,买盘
340,10:06:46,33.45,0.0,66,220770,买盘
341,10:06:52,33.5,0.05,18,60294,买盘
342,10:06:57,33.55,0.05,22,73765,买盘
343,10:07:04,33.57,0.02,18,60410,买盘
344,10:07:10,33.55,-0.02,2,6710,买盘
345,10:07:13,33.57,0.02,1,3357,买盘
346,10:07:16,33.57,0.0,6,20142,卖盘
347,10:07:18,33.55,-0.02,6,20130,买盘
348,10:07:25,33.55,0.0,49,164333,买盘
349,10:07:34,33.53,-0.02,2,6706,买盘
350,10:07:43,33.53,0.0,18,60354,卖盘
351,10:07:46,33.53,0.0,14,46942,卖盘
352,10:07:58,33.5,-0.03,8,26813,卖盘
353,10:08:40,33.48,-0.02,3,10043,买盘
354,10:09:04,33.45,-0.03,3,10035,卖盘
355,10:09:07,33.49,0.04,3,10045,买盘
356,10:09:54,33.45,-0.04,3,10035,卖盘
357,10:09:58,33.45,0.0,3,10035,卖盘
358,10:10:16,33.45,0.0,1,3345,卖盘
359,10:10:21,33.45,0.0,1,3345,卖盘
360,10:10:25,33.45,0.0,1,3345,卖盘
361,10:10:40,33.45,0.0,5,16725,卖盘
362,10:10:43,33.45,0.0,3,10035,买盘
363,10:10:52,33.45,0.0,9,30105,买盘
364,10:10:55,33.47,0.02,3,10039,买盘
365,10:11:06,33.49,0.02,2,6698,买盘
366,10:11:33,33.47,-0.02,1,3347,卖盘
367,10:11:43,33.47,0.0,7,23429,卖盘
368,10:12:04,33.45,-0.02,16,53520,卖盘
369,10:12:10,33.43,-0.02,8,26744,卖盘
370,10:12:13,33.42,-0.01,6,20052,卖盘
371,10:12:16,33.41,-0.01,1,3341,卖盘
372,10:12:25,33.45,0.04,3,10034,买盘
373,10:12:48,33.41,-0.04,1,3341,卖盘
374,10:12:58,33.42,0.01,5,16710,卖盘
375,10:13:01,33.44,0.02,3,10031,买盘
376,10:13:16,33.45,0.01,4,13379,买盘
377,10:13:21,33.45,0.0,1,3345,卖盘
378,10:13:31,33.45,0.0,3,10035,卖盘
379,10:13:39,33.45,0.0,1,3345,卖盘
380,10:13:46,33.45,0.0,12,40140,卖盘
381,10:13:52,33.45,0.0,7,23415,卖盘
382,10:13:57,33.41,-0.04,15,50122,卖盘
383,10:14:01,33.45,0.04,3,10035,买盘
384,10:14:58,33.41,-0.04,10,33410,卖盘
385,10:15:01,33.41,0.0,1,3341,卖盘
386,10:15:07,33.41,0.0,1,3341,卖盘
387,10:15:19,33.41,0.0,7,23387,卖盘
388,10:15:22,33.41,0.0,1,3341,卖盘
389,10:15:34,33.42,0.01,3,10026,买盘
390,10:15:39,33.4,-0.02,10,33401,卖盘
391,10:16:04,33.41,0.01,2,6682,买盘
392,10:16:06,33.42,0.01,1,3342,卖盘
393,10:16:25,33.45,0.03,3,10035,买盘
394,10:16:34,33.45,0.0,1,3345,买盘
395,10:16:52,33.4,-0.05,24,80184,卖盘
396,10:16:54,33.44,0.04,10,33412,买盘
397,10:17:40,33.43,-0.01,2,6685,买盘
398,10:17:52,33.41,-0.02,3,10023,卖盘
399,10:18:01,33.42,0.01,1,3342,中性盘
400,10:18:04,33.41,-0.01,1,3341,卖盘
401,10:18:40,33.41,0.0,1,3341,卖盘
402,10:18:58,33.41,0.0,1,3341,卖盘
403,10:19:22,33.41,0.0,1,3341,卖盘
404,10:19:25,33.45,0.04,18,60175,买盘
405,10:19:31,33.42,-0.03,3,10026,买盘
406,10:19:34,33.45,0.03,3,10035,买盘
407,10:19:37,33.45,0.0,2,6690,卖盘
408,10:19:42,33.44,-0.01,3,10032,买盘
409,10:19:51,33.43,-0.01,1,3343,中性盘
410,10:19:58,33.44,0.01,21,70224,买盘
411,10:20:04,33.44,0.0,4,13376,买盘
412,10:20:07,33.44,0.0,3,10032,买盘
413,10:20:10,33.44,0.0,3,10032,买盘
414,10:20:12,33.44,0.0,14,46806,买盘
415,10:20:28,33.4,-0.04,19,63480,卖盘
416,10:20:31,33.4,0.0,2,6680,买盘
417,10:20:37,33.43,0.03,30,100203,买盘
418,10:20:52,33.38,-0.05,52,173627,卖盘
419,10:21:01,33.38,0.0,5,16690,卖盘
420,10:22:10,33.33,-0.05,13,43367,卖盘
421,10:22:22,33.33,0.0,2,6665,买盘
422,10:22:31,33.31,-0.02,2,6662,卖盘
423,10:22:33,33.33,0.02,50,166608,买盘
424,10:22:46,33.33,0.0,3,9997,买盘
425,10:22:49,33.32,-0.01,1,3332,中性盘
426,10:22:51,33.33,0.01,19,63327,买盘
427,10:22:55,33.33,0.0,2,6666,买盘
428,10:22:58,33.33,0.0,40,133320,买盘
429,10:23:01,33.33,0.0,16,53328,买盘
430,10:23:04,33.33,0.0,5,16665,卖盘
431,10:23:40,33.42,0.09,69,230547,买盘
432,10:23:46,33.42,0.0,17,56814,卖盘
433,10:23:55,33.43,0.01,4,13372,买盘
434,10:24:13,33.42,-0.01,7,23394,卖盘
435,10:24:22,33.43,0.01,1,3343,买盘
436,10:24:25,33.44,0.01,12,40128,买盘
437,10:24:46,33.42,-0.02,7,23394,卖盘
438,10:25:51,33.4,-0.02,14,46760,买盘
439,10:27:10,33.4,0.0,3,10019,买盘
440,10:27:13,33.39,-0.01,1,3339,买盘
441,10:27:46,33.4,0.01,10,33400,买盘
442,10:27:54,33.35,-0.05,10,33350,卖盘
443,10:28:13,33.35,0.0,2,6670,卖盘
444,10:28:27,33.35,0.0,16,53360,卖盘
445,10:28:57,33.39,0.04,7,23373,买盘
446,10:29:45,33.38,-0.01,6,20028,中性盘
447,10:29:49,33.38,0.0,3,10014,买盘
448,10:31:19,33.36,-0.02,1,3336,卖盘
449,10:31:58,33.36,0.0,6,20016,卖盘
450,10:32:07,33.33,-0.03,31,103375,卖盘
451,10:32:46,33.33,0.0,15,49995,卖盘
452,10:33:18,33.33,0.0,1,3333,卖盘
453,10:33:28,33.34,0.01,10,33340,卖盘
454,10:33:34,33.35,0.01,4,13340,买盘
455,10:33:52,33.35,0.0,1,3335,买盘
456,10:34:01,33.35,0.0,5,16675,卖盘
457,10:34:06,33.36,0.01,1,3336,买盘
458,10:34:30,33.35,-0.01,43,143405,卖盘
459,10:34:33,33.34,-0.01,4,13336,卖盘
460,10:34:37,33.33,-0.01,7,23331,卖盘
461,10:34:40,33.32,-0.01,17,56644,卖盘
462,10:34:43,33.32,0.0,1,3332,卖盘
463,10:35:16,33.32,0.0,14,46648,卖盘
464,10:35:58,33.32,0.0,3,9996,买盘
465,10:36:07,33.3,-0.02,10,33303,卖盘
466,10:36:34,33.29,-0.01,37,123208,卖盘
467,10:36:49,33.2,-0.09,38,126231,卖盘
468,10:36:58,33.2,0.0,29,96280,卖盘
469,10:37:01,33.18,-0.02,4,13272,卖盘
470,10:37:07,33.18,0.0,8,26544,买盘
471,10:37:10,33.19,0.01,3,9957,买盘
472,10:37:16,33.27,0.08,25,83007,买盘
473,10:37:22,33.27,0.0,12,39924,买盘
474,10:37:24,33.33,0.06,11,36663,买盘
475,10:37:37,33.33,0.0,4,13332,买盘
476,10:37:39,33.3,-0.03,15,49950,买盘
477,10:37:43,33.3,0.0,11,36630,买盘
478,10:37:46,33.35,0.05,4,13336,买盘
479,10:37:55,33.35,0.0,2,6670,买盘
480,10:37:57,33.35,0.0,5,16673,买盘
481,10:38:21,33.31,-0.04,3,9993,买盘
482,10:38:24,33.31,0.0,2,6662,买盘
483,10:38:31,33.31,0.0,4,13324,买盘
484,10:39:31,33.28,-0.03,8,26631,卖盘
485,10:39:34,33.28,0.0,1,3328,买盘
486,10:39:54,33.29,0.01,3,9986,买盘
487,10:41:06,33.23,-0.06,56,186093,卖盘
488,10:41:10,33.23,0.0,8,26584,买盘
489,10:41:13,33.23,0.0,3,9969,买盘
490,10:41:55,33.25,0.02,1,3325,买盘
491,10:42:10,33.23,-0.02,3,9969,卖盘
492,10:42:55,33.27,0.04,4,13308,买盘
493,10:42:58,33.23,-0.04,2,6646,卖盘
494,10:43:13,33.23,0.0,1,3323,卖盘
495,10:43:19,33.23,0.0,3,9969,卖盘
496,10:43:22,33.23,0.0,6,19938,买盘
497,10:45:40,33.25,0.02,4,13300,卖盘
498,10:45:52,33.26,0.01,4,13302,买盘
499,10:46:10,33.24,-0.02,1,3324,卖盘
500,10:46:37,33.24,0.0,17,56508,卖盘
501,10:46:54,33.24,0.0,10,33240,卖盘
502,10:46:57,33.24,0.0,1,3324,卖盘
503,10:47:04,33.24,0.0,3,9972,买盘
504,10:47:39,33.24,0.0,30,99720,买盘
505,10:47:43,33.24,0.0,3,9972,买盘
506,10:48:39,33.27,0.03,25,83164,买盘
507,10:49:34,33.29,0.02,8,26632,买盘
508,10:49:37,33.29,0.0,1,3329,中性盘
509,10:49:57,33.3,0.01,3,9990,买盘
510,10:50:07,33.29,-0.01,3,9987,卖盘
511,10:50:40,33.3,0.01,4,13320,买盘
512,10:50:46,33.3,0.0,25,83250,卖盘
513,10:50:58,33.31,0.01,3,9993,卖盘
514,10:51:10,33.3,-0.01,6,19980,卖盘
515,10:51:19,33.3,0.0,3,9990,卖盘
516,10:51:57,33.3,0.0,45,149850,卖盘
517,10:52:01,33.3,0.0,15,49950,卖盘
518,10:52:04,33.29,-0.01,10,33290,卖盘
519,10:52:07,33.29,0.0,1,3329,卖盘
520,10:52:10,33.29,0.0,5,16645,卖盘
521,10:52:25,33.24,-0.05,35,116445,卖盘
522,10:52:52,33.24,0.0,10,33240,卖盘
523,10:53:04,33.24,0.0,14,46536,卖盘
524,10:53:13,33.23,-0.01,5,16615,卖盘
525,10:53:43,33.24,0.01,1,3324,买盘
526,10:53:52,33.23,-0.01,1,3323,卖盘
527,10:53:55,33.23,0.0,6,19938,卖盘
528,10:54:01,33.24,0.01,6,19940,买盘
529,10:54:13,33.22,-0.02,1,3322,卖盘
530,10:54:16,33.24,0.02,4,13296,买盘
531,10:54:39,33.24,0.0,3,9972,买盘
532,10:54:46,33.24,0.0,4,13296,买盘
533,10:54:52,33.24,0.0,2,6648,买盘
534,10:54:57,33.24,0.0,1,3324,买盘
535,10:55:13,33.23,-0.01,1,3323,卖盘
536,10:55:15,33.23,0.0,8,26584,卖盘
537,10:55:19,33.23,0.0,1,3323,卖盘
538,10:55:25,33.23,0.0,1,3323,卖盘
539,10:55:40,33.22,-0.01,10,33223,卖盘
540,10:56:07,33.22,0.0,6,19932,卖盘
541,10:56:46,33.22,0.0,2,6644,卖盘
542,10:56:52,33.21,-0.01,22,73071,卖盘
543,10:57:16,33.21,0.0,19,63099,卖盘
544,10:57:27,33.21,0.0,2,6642,卖盘
545,10:57:33,33.21,0.0,1,3321,卖盘
546,10:57:43,33.23,0.02,2,6646,买盘
547,10:59:01,33.2,-0.03,5,16600,卖盘
548,10:59:34,33.22,0.02,26,86369,买盘
549,10:59:37,33.2,-0.02,8,26570,卖盘
550,11:00:01,33.2,0.0,2,6640,卖盘
551,11:00:19,33.18,-0.02,19,63060,卖盘
552,11:00:31,33.19,0.01,1,3319,买盘
553,11:00:36,33.19,0.0,13,43147,买盘
554,11:00:43,33.19,0.0,1,3319,买盘
555,11:00:46,33.19,0.0,1,3319,买盘
556,11:00:49,33.18,-0.01,36,119448,卖盘
557,11:01:13,33.16,-0.02,6,19896,卖盘
558,11:01:37,33.16,0.0,12,39792,卖盘
559,11:02:15,33.13,-0.03,100,331459,卖盘
560,11:02:19,33.18,0.05,27,89577,买盘
561,11:02:22,33.18,0.0,2,6636,卖盘
562,11:02:25,33.18,0.0,5,16590,卖盘
563,11:02:28,33.18,0.0,6,19908,卖盘
564,11:02:40,33.13,-0.05,2,6627,卖盘
565,11:02:46,33.05,-0.08,50,165463,卖盘
566,11:03:31,33.18,0.13,1,3318,买盘
567,11:04:01,33.17,-0.01,5,16585,买盘
568,11:04:19,33.17,0.0,5,16585,买盘
569,11:04:31,33.19,0.02,6,19910,买盘
570,11:04:55,33.19,0.0,5,16595,卖盘
571,11:05:10,33.2,0.01,8,26560,买盘
572,11:05:22,33.23,0.03,40,132920,买盘
573,11:05:28,33.24,0.01,3,9972,买盘
574,11:05:43,33.24,0.0,66,219384,买盘
575,11:05:46,33.25,0.01,2,6650,买盘
576,11:05:49,33.25,0.0,11,36575,买盘
577,11:05:52,33.25,0.0,5,16625,买盘
578,11:05:54,33.25,0.0,2,6650,买盘
579,11:08:24,33.3,0.05,7,23310,买盘
580,11:09:07,33.29,-0.01,23,76565,买盘
581,11:09:10,33.3,0.01,3,9990,买盘
582,11:09:18,33.29,-0.01,8,26632,卖盘
583,11:09:24,33.25,-0.04,200,665011,卖盘
584,11:09:37,33.25,0.0,2,6650,卖盘
585,11:09:45,33.27,0.02,1,3327,买盘
586,11:10:00,33.25,-0.02,4,13300,卖盘
587,11:10:19,33.25,0.0,3,9975,卖盘
588,11:10:58,33.25,0.0,3,9975,买盘
589,11:11:00,33.25,0.0,2,6650,买盘
590,11:11:04,33.25,0.0,1,3325,买盘
591,11:11:36,33.25,0.0,3,9975,买盘
592,11:12:34,33.24,-0.01,4,13296,卖盘
593,11:13:55,33.25,0.01,3,9975,买盘
594,11:14:09,33.25,0.0,2,6650,买盘
595,11:14:52,33.29,0.04,7,23303,买盘
596,11:15:27,33.3,0.01,1,3330,买盘
597,11:15:49,33.3,0.0,4,13320,买盘
598,11:16:21,33.31,0.01,3,9993,买盘
599,11:16:39,33.31,0.0,2,6662,买盘
600,11:17:22,33.31,0.0,1,3331,买盘
601,11:17:25,33.31,0.0,18,59948,买盘
602,11:17:30,33.31,0.0,5,16655,买盘
603,11:17:36,33.31,0.0,2,6662,买盘
604,11:17:49,33.31,0.0,1,3331,买盘
605,11:17:52,33.3,-0.01,5,16650,卖盘
606,11:18:21,33.25,-0.05,52,172962,卖盘
607,11:18:24,33.3,0.05,3,9990,中性盘
608,11:18:27,33.3,0.0,2,6660,卖盘
609,11:18:57,33.3,0.0,1,3330,买盘
610,11:19:00,33.25,-0.05,1,3325,卖盘
611,11:19:36,33.27,0.02,3,9981,买盘
612,11:20:19,33.29,0.02,1,3329,买盘
613,11:20:28,33.29,0.0,5,16645,买盘
614,11:20:31,33.31,0.02,4,13324,买盘
615,11:21:15,33.31,0.0,2,6662,买盘
616,11:21:42,33.31,0.0,1,3331,买盘
617,11:21:51,33.3,-0.01,2,6660,卖盘
618,11:21:55,33.33,0.03,46,153249,买盘
619,11:21:57,33.34,0.01,4,13336,买盘
620,11:22:04,33.34,0.0,2,6668,买盘
621,11:22:07,33.33,-0.01,3,10000,卖盘
622,11:22:22,33.34,0.01,8,26672,买盘
623,11:22:43,33.34,0.0,1,3334,买盘
624,11:22:58,33.33,-0.01,6,19998,卖盘
625,11:23:16,33.33,0.0,5,16665,卖盘
626,11:23:40,33.34,0.01,4,13336,买盘
627,11:23:51,33.34,0.0,1,3334,买盘
628,11:24:21,33.33,-0.01,1,3333,卖盘
629,11:24:34,33.34,0.01,1,3334,买盘
630,11:24:58,33.33,-0.01,41,136653,卖盘
631,11:25:07,33.3,-0.03,3,9990,卖盘
632,11:25:37,33.3,0.0,1,3330,卖盘
633,11:26:06,33.33,0.03,5,16265,买盘
634,11:26:10,33.34,0.01,2,6668,买盘
635,11:26:21,33.34,0.0,1,3334,买盘
636,11:26:37,33.3,-0.04,13,43302,卖盘
637,11:26:46,33.34,0.04,6,20004,买盘
638,11:27:07,33.34,0.0,2,6668,买盘
639,11:27:19,33.34,0.0,1,3334,买盘
640,11:28:16,33.29,-0.05,6,19982,卖盘
641,11:28:24,33.29,0.0,7,23303,卖盘
642,11:28:42,33.33,0.04,1,3333,买盘
643,11:28:46,33.33,0.0,1,3333,卖盘
644,11:28:52,33.29,-0.04,1,3329,卖盘
645,13:00:05,33.3,0.01,19,63683,中性盘
646,13:00:07,33.3,0.0,4,13320,买盘
647,13:00:15,33.34,0.04,18,59970,买盘
648,13:01:13,33.34,0.0,1,3334,买盘
649,13:01:51,33.34,0.0,1,3334,买盘
650,13:01:58,33.34,0.0,1,3334,买盘
651,13:02:18,33.34,0.0,1,3334,买盘
652,13:04:45,33.34,0.0,1,3334,买盘
653,13:04:55,33.34,0.0,6,20004,买盘
654,13:05:18,33.34,0.0,1,3334,买盘
655,13:06:00,33.33,-0.01,1,3333,买盘
656,13:06:06,33.33,0.0,4,13332,买盘
657,13:06:27,33.28,-0.05,3,9984,卖盘
658,13:06:30,33.34,0.06,18,60007,买盘
659,13:07:42,33.34,0.0,4,13336,买盘
660,13:07:54,33.35,0.01,18,60028,买盘
661,13:08:13,33.35,0.0,1,3335,买盘
662,13:08:19,33.32,-0.03,1,3332,卖盘
663,13:08:27,33.35,0.03,7,23345,买盘
664,13:08:42,33.32,-0.03,1,3332,卖盘
665,13:09:24,33.32,0.0,3,9996,卖盘
666,13:09:27,33.34,0.02,1,3334,买盘
667,13:10:13,33.35,0.01,18,60014,买盘
668,13:10:57,33.35,0.0,5,16675,买盘
669,13:11:19,33.35,0.0,1,3335,买盘
670,13:11:24,33.35,0.0,1,3335,买盘
671,13:12:01,33.35,0.0,1,3335,买盘
672,13:12:27,33.34,-0.01,1,3334,中性盘
673,13:12:48,33.34,0.0,3,10002,卖盘
674,13:12:51,33.33,-0.01,12,39996,卖盘
675,13:12:55,33.31,-0.02,4,13324,卖盘
676,13:12:57,33.28,-0.03,2,6656,卖盘
677,13:13:04,33.28,0.0,1,3328,卖盘
678,13:13:07,33.28,0.0,1,3328,卖盘
679,13:13:10,33.28,0.0,1,3328,卖盘
680,13:13:13,33.3,0.02,1,3330,买盘
681,13:14:25,33.3,0.0,1,3330,买盘
682,13:15:19,33.22,-0.08,8,26618,卖盘
683,13:16:22,33.3,0.08,1,3330,买盘
684,13:16:45,33.3,0.0,1,3330,买盘
685,13:17:36,33.3,0.0,1,3330,买盘
686,13:18:04,33.3,0.0,1,3330,买盘
687,13:18:13,33.25,-0.05,2,6651,卖盘
688,13:18:15,33.25,0.0,1,3325,卖盘
689,13:18:18,33.25,0.0,1,3325,卖盘
690,13:18:37,33.3,0.05,3,9990,买盘
691,13:19:30,33.29,-0.01,9,29961,买盘
692,13:20:07,33.29,0.0,3,9987,买盘
693,13:20:27,33.3,0.01,1,3330,买盘
694,13:20:46,33.3,0.0,5,16650,买盘
695,13:20:52,33.3,0.0,4,13320,买盘
696,13:21:40,33.3,0.0,1,3330,买盘
697,13:21:48,33.3,0.0,1,3330,买盘
698,13:22:25,33.3,0.0,1,3330,买盘
699,13:22:31,33.29,-0.01,1,3329,卖盘
700,13:23:24,33.29,0.0,7,23303,卖盘
701,13:24:01,33.29,0.0,6,19974,买盘
702,13:24:54,33.29,0.0,1,3329,买盘
703,13:25:13,33.29,0.0,1,3329,买盘
704,13:26:22,33.29,0.0,1,3329,买盘
705,13:26:31,33.27,-0.02,1,3327,卖盘
706,13:26:43,33.29,0.02,3,9987,买盘
707,13:27:19,33.3,0.01,2,6660,买盘
708,13:27:24,33.29,-0.01,3,9987,买盘
709,13:27:55,33.28,-0.01,1,3328,买盘
710,13:28:43,33.29,0.01,3,9987,买盘
711,13:28:57,33.29,0.0,4,13316,买盘
712,13:29:46,33.29,0.0,16,53264,买盘
713,13:29:51,33.3,0.01,7,23310,买盘
714,13:29:58,33.3,0.0,1,3330,买盘
715,13:30:07,33.3,0.0,2,6660,买盘
716,13:30:40,33.29,-0.01,5,16645,卖盘
717,13:30:42,33.29,0.0,18,59922,卖盘
718,13:31:10,33.29,0.0,2,6658,买盘
719,13:31:13,33.29,0.0,3,9987,买盘
720,13:31:46,33.26,-0.03,50,166309,卖盘
721,13:32:00,33.28,0.02,1,3328,买盘
722,13:32:09,33.23,-0.05,51,169568,卖盘
723,13:32:31,33.27,0.04,1,3327,买盘
724,13:32:54,33.27,0.0,5,16635,买盘
725,13:33:30,33.27,0.0,4,13308,买盘
726,13:33:40,33.27,0.0,1,3327,买盘
727,13:33:43,33.25,-0.02,10,33250,卖盘
728,13:33:46,33.28,0.03,1,3328,买盘
729,13:33:54,33.25,-0.03,4,13300,卖盘
730,13:34:28,33.25,0.0,1,3325,卖盘
731,13:34:42,33.25,0.0,4,13311,卖盘
732,13:34:49,33.25,0.0,4,13300,卖盘
733,13:36:01,33.25,0.0,1,3325,卖盘
734,13:36:04,33.25,0.0,1,3325,卖盘
735,13:36:06,33.29,0.04,2,6654,买盘
736,13:36:22,33.25,-0.04,6,19950,卖盘
737,13:36:24,33.24,-0.01,1,3324,卖盘
738,13:36:27,33.23,-0.01,3,9970,卖盘
739,13:36:30,33.23,0.0,4,13292,卖盘
740,13:36:34,33.22,-0.01,4,13288,卖盘
741,13:36:37,33.22,0.0,6,19932,卖盘
742,13:36:39,33.21,-0.01,7,23247,卖盘
743,13:36:42,33.21,0.0,3,9963,卖盘
744,13:36:45,33.21,0.0,3,9963,卖盘
745,13:36:49,33.21,0.0,2,6642,卖盘
746,13:36:51,33.2,-0.01,3,9960,卖盘
747,13:36:55,33.2,0.0,1,3320,卖盘
748,13:37:25,33.19,-0.01,1,3319,卖盘
749,13:37:42,33.15,-0.04,18,59703,卖盘
750,13:38:18,33.21,0.06,1,3321,买盘
751,13:38:21,33.16,-0.05,6,19896,卖盘
752,13:38:40,33.21,0.05,2,6642,买盘
753,13:38:43,33.21,0.0,1,3321,买盘
754,13:38:46,33.25,0.04,1,3325,买盘
755,13:39:30,33.19,-0.06,50,166014,卖盘
756,13:40:10,33.19,0.0,1,3319,卖盘
757,13:40:58,33.24,0.05,1,3324,买盘
758,13:41:00,33.19,-0.05,10,33190,卖盘
759,13:41:15,33.19,0.0,15,49773,买盘
760,13:41:18,33.16,-0.03,20,66339,卖盘
761,13:41:52,33.24,0.08,1,3324,中性盘
762,13:41:58,33.24,0.0,5,16620,中性盘
763,13:42:00,33.19,-0.05,1,3319,卖盘
764,13:43:13,33.16,-0.03,50,165879,卖盘
765,13:43:22,33.26,0.1,35,116061,买盘
766,13:44:19,33.25,-0.01,1,3325,买盘
767,13:45:28,33.23,-0.02,1,3323,中性盘
768,13:46:09,33.15,-0.08,7,23205,卖盘
769,13:46:34,33.22,0.07,1,3322,买盘
770,13:48:07,33.22,0.0,1,3322,买盘
771,13:48:10,33.22,0.0,6,19932,买盘
772,13:48:12,33.16,-0.06,6,19896,卖盘
773,13:48:16,33.16,0.0,2,6632,买盘
774,13:48:19,33.22,0.06,7,23254,买盘
775,13:48:21,33.22,0.0,8,26576,买盘
776,13:48:34,33.2,-0.02,1,3320,卖盘
777,13:48:40,33.22,0.02,1,3322,买盘
778,13:48:49,33.2,-0.02,1,3320,卖盘
779,13:49:09,33.22,0.02,1,3322,买盘
780,13:49:28,33.2,-0.02,11,36520,卖盘
781,13:49:33,33.2,0.0,10,33200,买盘
782,13:50:28,33.2,0.0,1,3320,买盘
783,13:51:01,33.2,0.0,1,3320,买盘
784,13:51:04,33.22,0.02,6,19926,买盘
785,13:51:07,33.22,0.0,2,6644,买盘
786,13:51:12,33.18,-0.04,63,209104,卖盘
787,13:51:15,33.18,0.0,12,39816,买盘
788,13:51:22,33.23,0.05,5,16615,买盘
789,13:51:33,33.24,0.01,16,53179,买盘
790,13:52:04,33.24,0.0,2,6648,买盘
791,13:52:16,33.21,-0.03,4,13284,卖盘
792,13:52:19,33.23,0.02,6,19928,买盘
793,13:52:52,33.24,0.01,1,3324,买盘
794,13:53:31,33.24,0.0,5,16620,买盘
795,13:53:45,33.25,0.01,1,3325,买盘
796,13:53:52,33.24,-0.01,8,26592,卖盘
797,13:54:13,33.24,0.0,1,3324,买盘
798,13:54:16,33.23,-0.01,1,3323,买盘
799,13:55:27,33.23,0.0,1,3323,买盘
800,13:55:58,33.24,0.01,1,3324,买盘
801,13:56:18,33.24,0.0,1,3324,买盘
802,13:56:33,33.23,-0.01,6,19938,卖盘
803,13:57:39,33.23,0.0,1,3323,买盘
804,13:58:19,33.23,0.0,1,3323,买盘
805,13:58:54,33.23,0.0,8,26584,买盘
806,13:59:58,33.23,0.0,1,3323,卖盘
807,14:00:00,33.23,0.0,1,3323,买盘
808,14:00:18,33.22,-0.01,5,16610,卖盘
809,14:01:10,33.23,0.01,1,3323,买盘
810,14:01:36,33.22,-0.01,7,23254,卖盘
811,14:02:12,33.23,0.01,1,3323,买盘
812,14:02:24,33.23,0.0,1,3323,买盘
813,14:02:31,33.22,-0.01,2,6644,卖盘
814,14:02:42,33.22,0.0,2,6644,买盘
815,14:02:55,33.21,-0.01,2,6642,卖盘
816,14:03:34,33.2,-0.01,17,56444,卖盘
817,14:03:55,33.19,-0.01,3,9957,卖盘
818,14:04:43,33.2,0.01,1,3320,买盘
819,14:04:49,33.2,0.0,1,3320,买盘
820,14:05:10,33.19,-0.01,10,33190,卖盘
821,14:05:45,33.19,0.0,4,13276,卖盘
822,14:05:49,33.19,0.0,1,3319,卖盘
823,14:05:51,33.19,0.0,1,3319,卖盘
824,14:05:55,33.18,-0.01,40,132724,卖盘
825,14:05:58,33.18,0.0,15,49770,卖盘
826,14:06:01,33.17,-0.01,6,19902,卖盘
827,14:06:04,33.17,0.0,8,26536,卖盘
828,14:06:07,33.18,0.01,5,16586,买盘
829,14:06:09,33.17,-0.01,1,3317,卖盘
830,14:06:12,33.17,0.0,1,3317,卖盘
831,14:08:19,33.17,0.0,6,19901,买盘
832,14:08:22,33.17,0.0,9,29853,买盘
833,14:08:36,33.18,0.01,1,3318,买盘
834,14:08:40,33.18,0.0,1,3318,买盘
835,14:08:42,33.18,0.0,7,23226,买盘
836,14:08:46,33.18,0.0,8,26544,买盘
837,14:09:06,33.23,0.05,2,6646,买盘
838,14:09:10,33.23,0.0,1,3323,买盘
839,14:09:16,33.23,0.0,7,23261,买盘
840,14:09:22,33.23,0.0,3,9969,买盘
841,14:09:25,33.23,0.0,8,26584,买盘
842,14:09:40,33.23,0.0,10,33230,买盘
843,14:09:46,33.24,0.01,4,13296,买盘
844,14:09:55,33.24,0.0,2,6648,买盘
845,14:10:04,33.24,0.0,1,3324,买盘
846,14:10:07,33.23,-0.01,2,6646,卖盘
847,14:10:46,33.24,0.01,10,33240,买盘
848,14:11:10,33.26,0.02,13,43221,买盘
849,14:11:13,33.26,0.0,15,49890,买盘
850,14:11:16,33.26,0.0,6,19956,买盘
851,14:11:19,33.2,-0.06,28,93049,卖盘
852,14:11:22,33.2,0.0,15,49800,买盘
853,14:11:25,33.19,-0.01,1,3319,卖盘
854,14:11:30,33.19,0.0,8,26552,买盘
855,14:11:49,33.19,0.0,1,3319,买盘
856,14:12:16,33.19,0.0,1,3319,买盘
857,14:12:34,33.19,0.0,12,39828,买盘
858,14:12:37,33.2,0.01,41,136120,买盘
859,14:12:40,33.2,0.0,66,219120,买盘
860,14:12:43,33.26,0.06,4,13301,买盘
861,14:12:46,33.26,0.0,8,26608,买盘
862,14:12:49,33.26,0.0,1,3326,买盘
863,14:12:51,33.26,0.0,6,19956,买盘
864,14:12:55,33.26,0.0,11,36586,买盘
865,14:12:58,33.26,0.0,6,19951,买盘
866,14:13:07,33.26,0.0,10,33260,买盘
867,14:13:13,33.26,0.0,11,36586,买盘
868,14:13:16,33.26,0.0,11,36586,买盘
869,14:13:28,33.27,0.01,10,33270,买盘
870,14:13:46,33.28,0.01,1,3328,买盘
871,14:13:49,33.28,0.0,6,19968,买盘
872,14:13:58,33.28,0.0,5,16640,买盘
873,14:14:25,33.28,0.0,1,3328,买盘
874,14:14:30,33.28,0.0,6,19968,买盘
875,14:14:36,33.27,-0.01,7,23289,卖盘
876,14:14:43,33.27,0.0,10,33270,买盘
877,14:14:52,33.27,0.0,1,3327,买盘
878,14:16:43,33.27,0.0,1,3327,买盘
879,14:16:49,33.27,0.0,1,3327,买盘
880,14:17:43,33.2,-0.07,93,308945,卖盘
881,14:17:45,33.2,0.0,5,16600,买盘
882,14:17:48,33.2,0.0,6,19920,买盘
883,14:18:01,33.2,0.0,3,9960,买盘
884,14:18:04,33.2,0.0,1,3320,买盘
885,14:18:28,33.25,0.05,15,49875,买盘
886,14:18:55,33.25,0.0,3,9974,买盘
887,14:19:07,33.2,-0.05,18,59760,卖盘
888,14:19:10,33.2,0.0,1,3320,买盘
889,14:19:15,33.24,0.04,1,3324,买盘
890,14:19:31,33.2,-0.04,1,3320,买盘
891,14:19:46,33.2,0.0,11,36520,买盘
892,14:20:18,33.2,0.0,1,3320,买盘
893,14:20:22,33.2,0.0,1,3320,买盘
894,14:20:43,33.2,0.0,1,3320,买盘
895,14:21:28,33.2,0.0,6,19920,买盘
896,14:21:40,33.2,0.0,1,3320,买盘
897,14:22:01,33.2,0.0,10,33200,买盘
898,14:22:04,33.2,0.0,15,49800,买盘
899,14:22:07,33.2,0.0,2,6640,买盘
900,14:22:22,33.18,-0.02,1,3318,卖盘
901,14:22:37,33.18,0.0,9,29862,卖盘
902,14:22:46,33.17,-0.01,4,13268,卖盘
903,14:23:48,33.18,0.01,1,3318,买盘
904,14:24:21,33.2,0.02,1,3320,买盘
905,14:24:28,33.2,0.0,1,3320,买盘
906,14:24:31,33.19,-0.01,3,9957,卖盘
907,14:24:37,33.18,-0.01,15,49770,卖盘
908,14:24:45,33.19,0.01,17,56423,买盘
909,14:25:13,33.2,0.01,1,3320,买盘
910,14:25:19,33.19,-0.01,10,33190,卖盘
911,14:25:28,33.19,0.0,2,6638,卖盘
912,14:25:46,33.19,0.0,1,3319,卖盘
913,14:26:01,33.17,-0.02,2,6634,卖盘
914,14:26:21,33.19,0.02,1,3319,买盘
915,14:27:16,33.19,0.0,2,6638,买盘
916,14:27:25,33.2,0.01,4,13280,买盘
917,14:27:37,33.2,0.0,30,99600,买盘
918,14:27:40,33.19,-0.01,10,33199,卖盘
919,14:27:49,33.2,0.01,24,79680,买盘
920,14:28:04,33.25,0.05,1,3325,买盘
921,14:28:16,33.27,0.02,43,143007,买盘
922,14:28:18,33.27,0.0,2,6654,买盘
923,14:28:25,33.28,0.01,1,3328,买盘
924,14:28:31,33.29,0.01,5,16641,买盘
925,14:28:34,33.29,0.0,7,23303,买盘
926,14:28:37,33.29,0.0,2,6658,买盘
927,14:28:46,33.3,0.01,5,16650,买盘
928,14:29:04,33.32,0.02,2,6664,买盘
929,14:29:13,33.32,0.0,1,3332,买盘
930,14:29:16,33.32,0.0,5,16660,买盘
931,14:29:37,33.33,0.01,2,6664,买盘
932,14:29:46,33.33,0.0,1,3333,买盘
933,14:29:52,33.31,-0.02,1,3331,卖盘
934,14:29:55,33.34,0.03,1,3334,买盘
935,14:30:04,33.34,0.0,1,3334,买盘
936,14:30:07,33.34,0.0,10,33340,买盘
937,14:30:46,33.3,-0.04,18,59948,卖盘
938,14:31:00,33.29,-0.01,6,19974,卖盘
939,14:31:07,33.29,0.0,4,13316,买盘
940,14:31:09,33.26,-0.03,39,129714,卖盘
941,14:32:03,33.28,0.02,2,6656,买盘
942,14:32:22,33.28,0.0,1,3328,买盘
943,14:32:28,33.29,0.01,1,3329,买盘
944,14:33:19,33.28,-0.01,1,3328,买盘
945,14:33:25,33.28,0.0,1,3328,买盘
946,14:33:46,33.26,-0.02,1,3326,卖盘
947,14:33:55,33.26,0.0,4,13304,卖盘
948,14:34:07,33.26,0.0,17,56542,卖盘
949,14:35:06,33.23,-0.03,1,3323,买盘
950,14:35:40,33.22,-0.01,3,9966,买盘
951,14:35:43,33.23,0.01,1,3323,买盘
952,14:36:13,33.24,0.01,1,3324,买盘
953,14:37:13,33.22,-0.02,15,49830,卖盘
954,14:37:24,33.22,0.0,2,6644,买盘
955,14:37:31,33.21,-0.01,5,16605,卖盘
956,14:37:43,33.2,-0.01,10,33200,卖盘
957,14:37:52,33.21,0.01,6,19926,买盘
958,14:37:55,33.21,0.0,5,16605,买盘
959,14:38:09,33.21,0.0,15,49805,买盘
960,14:38:22,33.22,0.01,5,16609,买盘
961,14:38:25,33.21,-0.01,2,6642,卖盘
962,14:38:28,33.22,0.01,3,9966,买盘
963,14:38:31,33.22,0.0,1,3322,买盘
964,14:38:34,33.22,0.0,16,53152,买盘
965,14:38:37,33.22,0.0,1,3322,卖盘
966,14:38:46,33.22,0.0,3,9966,卖盘
967,14:39:04,33.22,0.0,1,3322,卖盘
968,14:39:18,33.22,0.0,2,6644,买盘
969,14:39:22,33.23,0.01,1,3323,买盘
970,14:39:49,33.22,-0.01,3,9966,卖盘
971,14:39:57,33.23,0.01,10,33230,买盘
972,14:40:09,33.22,-0.01,10,33220,卖盘
973,14:40:13,33.24,0.02,36,119648,买盘
974,14:40:19,33.24,0.0,3,9972,卖盘
975,14:40:25,33.25,0.01,10,33250,买盘
976,14:40:52,33.25,0.0,4,13300,买盘
977,14:40:55,33.25,0.0,1,3325,买盘
978,14:41:13,33.23,-0.02,9,29907,卖盘
979,14:41:25,33.23,0.0,1,3323,卖盘
980,14:41:31,33.23,0.0,1,3323,卖盘
981,14:41:40,33.23,0.0,2,6646,卖盘
982,14:41:49,33.22,-0.01,10,33220,卖盘
983,14:41:58,33.22,0.0,1,3322,卖盘
984,14:42:06,33.22,0.0,1,3322,中性盘
985,14:42:25,33.23,0.01,14,46522,买盘
986,14:42:43,33.22,-0.01,21,69762,卖盘
987,14:42:46,33.22,0.0,9,29898,买盘
988,14:43:04,33.22,0.0,9,29898,买盘
989,14:43:10,33.22,0.0,1,3322,买盘
990,14:43:16,33.22,0.0,13,43186,买盘
991,14:43:22,33.23,0.01,5,16615,买盘
992,14:43:30,33.22,-0.01,5,16610,卖盘
993,14:43:36,33.23,0.01,1,3323,买盘
994,14:43:51,33.23,0.0,20,66460,买盘
995,14:43:55,33.23,0.0,1,3323,买盘
996,14:44:04,33.22,-0.01,12,39864,卖盘
997,14:44:07,33.23,0.01,2,6646,买盘
998,14:44:10,33.22,-0.01,40,132883,卖盘
999,14:44:16,33.24,0.02,1,3324,买盘
1000,14:44:19,33.22,-0.02,1,3322,卖盘
1001,14:44:25,33.23,0.01,4,13292,买盘
1002,14:44:34,33.23,0.0,1,3323,买盘
1003,14:45:03,33.23,0.0,1,3323,买盘
1004,14:45:21,33.22,-0.01,10,33220,卖盘
1005,14:45:24,33.22,0.0,1,3322,卖盘
1006,14:45:30,33.23,0.01,2,6646,买盘
1007,14:45:34,33.22,-0.01,1,3322,卖盘
1008,14:45:57,33.2,-0.02,15,49800,卖盘
1009,14:46:04,33.23,0.03,5,16615,买盘
1010,14:46:13,33.23,0.0,3,9969,买盘
1011,14:46:28,33.23,0.0,29,96364,买盘
1012,14:46:31,33.23,0.0,7,23261,卖盘
1013,14:46:37,33.23,0.0,14,46522,卖盘
1014,14:46:39,33.23,0.0,1,3323,买盘
1015,14:46:58,33.24,0.01,1,3324,买盘
1016,14:48:13,33.22,-0.02,1,3322,卖盘
1017,14:48:21,33.23,0.01,2,6646,买盘
1018,14:48:30,33.22,-0.01,10,33220,卖盘
1019,14:48:36,33.23,0.01,4,13292,买盘
1020,14:48:57,33.22,-0.01,15,49830,卖盘
1021,14:49:07,33.22,0.0,2,6611,卖盘
1022,14:49:19,33.22,0.0,2,6644,买盘
1023,14:49:37,33.21,-0.01,1,3321,卖盘
1024,14:49:52,33.2,-0.01,40,132800,卖盘
1025,14:50:04,33.19,-0.01,7,23240,卖盘
1026,14:50:07,33.22,0.03,1,3322,买盘
1027,14:50:12,33.23,0.01,2,6646,买盘
1028,14:50:22,33.19,-0.04,50,165962,卖盘
1029,14:50:25,33.23,0.04,29,96367,买盘
1030,14:50:55,33.22,-0.01,4,13288,卖盘
1031,14:51:07,33.21,-0.01,5,16605,卖盘
1032,14:51:22,33.21,0.0,5,16605,卖盘
1033,14:51:37,33.2,-0.01,7,23240,卖盘
1034,14:51:40,33.2,0.0,2,6640,卖盘
1035,14:51:46,33.2,0.0,3,9960,买盘
1036,14:51:49,33.18,-0.02,18,59735,卖盘
1037,14:52:07,33.18,0.0,40,132720,卖盘
1038,14:52:16,33.19,0.01,2,6638,买盘
1039,14:52:18,33.18,-0.01,5,16557,卖盘
1040,14:52:22,33.17,-0.01,2,6634,卖盘
1041,14:52:28,33.18,0.01,1,3318,买盘
1042,14:52:37,33.17,-0.01,6,19902,卖盘
1043,14:52:40,33.17,0.0,26,86242,卖盘
1044,14:52:43,33.17,0.0,6,19902,买盘
1045,14:52:46,33.17,0.0,1,3317,买盘
1046,14:53:04,33.17,0.0,179,593510,买盘
1047,14:53:06,33.16,-0.01,36,119379,卖盘
1048,14:53:22,33.15,-0.01,8,26523,卖盘
1049,14:53:37,33.12,-0.03,52,172224,卖盘
1050,14:54:10,33.1,-0.02,80,264806,卖盘
1051,14:54:22,33.03,-0.07,105,347115,卖盘
1052,14:54:25,33.1,0.07,1,3310,中性盘
1053,14:54:31,33.1,0.0,3,9930,卖盘
1054,14:54:42,33.0,-0.1,75,247646,卖盘
1055,14:54:46,33.0,0.0,62,204600,卖盘
1056,14:54:55,33.02,0.02,2,6604,卖盘
1057,14:55:01,33.02,0.0,3,9906,卖盘
1058,14:55:04,33.12,0.1,2,6623,买盘
1059,14:55:07,33.11,-0.01,4,13244,中性盘
1060,14:55:16,33.1,-0.01,1,3310,买盘
1061,14:55:21,33.03,-0.07,3,9909,卖盘
1062,14:55:25,33.04,0.01,23,75992,中性盘
1063,14:55:37,33.1,0.06,26,85922,买盘
1064,14:55:40,33.1,0.0,2,6620,卖盘
1065,14:55:43,33.04,-0.06,5,16520,卖盘
1066,14:55:48,33.15,0.11,22,72930,买盘
1067,14:55:55,33.15,0.0,5,16575,卖盘
1068,14:55:58,33.16,0.01,4,13262,买盘
1069,14:56:01,33.15,-0.01,6,19890,卖盘
1070,14:56:04,33.15,0.0,2,6630,卖盘
1071,14:56:06,33.15,0.0,2,6630,卖盘
1072,14:56:10,33.15,0.0,1,3315,卖盘
1073,14:56:25,33.16,0.01,15,49740,买盘
1074,14:56:28,33.15,-0.01,1,3315,卖盘
1075,14:56:33,33.16,0.01,2,6632,买盘
1076,14:56:40,33.16,0.0,21,69636,买盘
1077,14:56:49,33.16,0.0,12,39792,买盘
1078,14:56:51,33.16,0.0,4,13264,买盘
1079,15:00:04,33.17,0.01,42,139314,卖盘
