,time,price,change,volume,amount,type
0,09:25:04,4.72,-0.04,324,152928,卖盘
1,09:30:04,4.7,-0.02,207,97334,卖盘
2,09:30:07,4.72,0.02,164,77302,买盘
3,09:30:09,4.7,-0.02,1,470,买盘
4,09:30:12,4.72,0.02,16,7524,买盘
5,09:30:16,4.7,-0.02,38,17868,卖盘
6,09:30:18,4.76,0.06,72,34192,买盘
7,09:30:22,4.76,0.0,165,78404,买盘
8,09:30:25,4.76,0.0,27,12852,卖盘
9,09:30:37,4.75,-0.01,2,949,买盘
10,09:30:39,4.75,0.0,119,56521,买盘
11,09:30:52,4.75,0.0,16,7600,买盘
12,09:31:01,4.76,0.01,54,25672,买盘
13,09:31:04,4.76,0.0,4,1904,买盘
14,09:31:06,4.77,0.01,80,38102,买盘
15,09:31:09,4.74,-0.03,36,17082,卖盘
16,09:31:16,4.75,0.01,2,950,卖盘
17,09:31:19,4.76,0.01,62,29512,买盘
18,09:31:22,4.77,0.01,7,3335,买盘
19,09:31:24,4.76,-0.01,50,23800,卖盘
20,09:31:27,4.76,0.0,63,29988,卖盘
21,09:31:31,4.75,-0.01,17,8075,卖盘
22,09:31:34,4.75,0.0,62,29484,卖盘
23,09:31:37,4.75,0.0,14,6650,卖盘
24,09:31:40,4.75,0.0,14,6650,卖盘
25,09:31:42,4.75,0.0,39,18525,卖盘
26,09:31:45,4.75,0.0,121,57475,卖盘
27,09:31:48,4.74,-0.01,1,474,卖盘
28,09:32:04,4.75,0.01,4,1900,买盘
29,09:32:10,4.75,0.0,50,23750,买盘
30,09:32:13,4.75,0.0,5,2375,买盘
31,09:32:21,4.75,0.0,1,475,买盘
32,09:32:25,4.75,0.0,10,4750,买盘
33,09:32:27,4.75,0.0,6,2850,买盘
34,09:32:30,4.75,0.0,26,12350,买盘
35,09:32:34,4.75,0.0,4,1900,买盘
36,09:32:37,4.74,-0.01,29,13774,卖盘
37,09:32:43,4.75,0.01,10,4750,买盘
38,09:32:49,4.75,0.0,12,5700,买盘
39,09:32:51,4.74,-0.01,40,18960,卖盘
40,09:32:57,4.75,0.01,2,950,买盘
41,09:33:05,4.75,0.0,4,1900,买盘
42,09:33:13,4.76,0.01,55,26129,买盘
43,09:33:16,4.75,-0.01,5,2375,卖盘
44,09:33:33,4.76,0.01,4,1904,买盘
45,09:33:37,4.76,0.0,20,9520,买盘
46,09:33:45,4.76,0.0,1,476,买盘
47,09:33:52,4.75,-0.01,50,23750,卖盘
48,09:33:57,4.75,0.0,3,1425,卖盘
49,09:34:04,4.75,0.0,6,2855,卖盘
50,09:34:06,4.76,0.01,50,23800,买盘
51,09:34:09,4.75,-0.01,3,1425,卖盘
52,09:34:13,4.75,0.0,100,47500,卖盘
53,09:34:16,4.75,0.0,6,2850,卖盘
54,09:34:21,4.75,0.0,1,475,卖盘
55,09:34:24,4.75,0.0,1,475,卖盘
56,09:34:31,4.75,0.0,5,2484,卖盘
57,09:34:34,4.76,0.01,4,1904,买盘
58,09:34:36,4.75,-0.01,51,24187,卖盘
59,09:34:40,4.75,0.0,3,1425,卖盘
60,09:34:46,4.75,0.0,22,10450,卖盘
61,09:34:49,4.75,0.0,38,18050,卖盘
62,09:34:52,4.75,0.0,16,7600,买盘
63,09:34:55,4.75,0.0,29,13704,卖盘
64,09:35:00,4.74,-0.01,24,11396,卖盘
65,09:35:04,4.75,0.01,5,2375,买盘
66,09:35:06,4.74,-0.01,2,948,卖盘
67,09:35:25,4.75,0.01,1,475,买盘
68,09:35:30,4.75,0.0,9,4275,买盘
69,09:35:33,4.75,0.0,1,475,买盘
70,09:35:36,4.74,-0.01,1,474,卖盘
71,09:35:46,4.74,0.0,131,62094,卖盘
72,09:35:49,4.74,0.0,10,4740,卖盘
73,09:35:51,4.74,0.0,9,4266,卖盘
74,09:35:55,4.74,0.0,1,474,买盘
75,09:36:04,4.74,0.0,1,474,买盘
76,09:36:12,4.73,-0.01,65,30745,卖盘
77,09:36:22,4.73,0.0,10,4730,卖盘
78,09:36:28,4.73,0.0,7,3310,买盘
79,09:36:33,4.73,0.0,5,2365,买盘
80,09:36:43,4.73,0.0,10,4730,买盘
81,09:36:51,4.72,-0.01,92,43424,卖盘
82,09:36:57,4.73,0.01,34,16082,买盘
83,09:37:04,4.73,0.0,10,4730,卖盘
84,09:37:21,4.74,0.01,3,1422,买盘
85,09:37:24,4.74,0.0,1,474,买盘
86,09:37:27,4.73,-0.01,2,947,卖盘
87,09:37:31,4.74,0.01,4,1896,买盘
88,09:37:37,4.74,0.0,70,33180,买盘
89,09:37:39,4.72,-0.02,30,14177,卖盘
90,09:37:43,4.74,0.02,10,4740,买盘
91,09:37:46,4.72,-0.02,5,2362,卖盘
92,09:37:49,4.74,0.02,31,14666,买盘
93,09:37:51,4.75,0.01,6,2841,买盘
94,09:37:55,4.74,-0.01,45,21270,中性盘
95,09:37:58,4.74,0.0,15,7110,买盘
96,09:38:00,4.74,0.0,7,3318,买盘
97,09:38:04,4.72,-0.02,7,3306,卖盘
98,09:38:06,4.74,0.02,3,1422,买盘
99,09:38:09,4.73,-0.01,4,1896,中性盘
100,09:38:12,4.75,0.02,6,2850,买盘
101,09:38:16,4.73,-0.02,73,34681,卖盘
102,09:38:22,4.74,0.01,12,5694,中性盘
103,09:38:25,4.74,0.0,29,13746,卖盘
104,09:38:27,4.73,-0.01,4,1895,卖盘
105,09:38:42,4.74,0.01,23,10905,卖盘
106,09:38:46,4.74,0.0,99,46968,卖盘
107,09:38:49,4.74,0.0,23,10902,卖盘
108,09:38:52,4.71,-0.03,62,29277,卖盘
109,09:39:04,4.74,0.03,4,1896,买盘
110,09:39:15,4.71,-0.03,11,5181,卖盘
111,09:39:25,4.73,0.02,4,1892,买盘
112,09:39:40,4.73,0.0,6,2838,买盘
113,09:39:55,4.72,-0.01,7,3304,卖盘
114,09:39:58,4.72,0.0,52,24494,买盘
115,09:40:00,4.72,0.0,11,5192,买盘
116,09:40:04,4.72,0.0,51,24072,卖盘
117,09:40:07,4.71,-0.01,45,21195,卖盘
118,09:40:10,4.72,0.01,12,5664,买盘
119,09:40:18,4.73,0.01,5,2365,买盘
120,09:40:21,4.72,-0.01,10,4722,卖盘
121,09:40:28,4.73,0.01,4,1892,买盘
122,09:40:31,4.72,-0.01,7,3304,卖盘
123,09:40:33,4.73,0.01,45,21285,买盘
124,09:40:39,4.73,0.0,25,11825,买盘
125,09:40:43,4.74,0.01,22,10409,买盘
126,09:40:48,4.74,0.0,6,2844,买盘
127,09:40:51,4.74,0.0,19,9006,买盘
128,09:40:54,4.74,0.0,3,1422,买盘
129,09:40:57,4.74,0.0,41,19434,买盘
130,09:41:04,4.73,-0.01,76,35949,卖盘
131,09:41:16,4.72,-0.01,21,9912,卖盘
132,09:41:18,4.73,0.01,189,89397,买盘
133,09:41:22,4.72,-0.01,28,13219,卖盘
134,09:41:25,4.73,0.01,24,11351,买盘
135,09:41:39,4.72,-0.01,25,11800,卖盘
136,09:41:48,4.72,0.0,44,20768,买盘
137,09:41:51,4.71,-0.01,105,49476,卖盘
138,09:42:04,4.72,0.01,21,9912,买盘
139,09:42:07,4.72,0.0,43,20296,买盘
140,09:42:12,4.71,-0.01,19,8949,卖盘
141,09:42:25,4.71,0.0,19,8949,卖盘
142,09:42:33,4.72,0.01,18,8496,买盘
143,09:42:39,4.72,0.0,5,2360,买盘
144,09:42:45,4.72,0.0,26,12272,买盘
145,09:42:48,4.72,0.0,2,944,买盘
146,09:42:51,4.72,0.0,25,11800,买盘
147,09:42:55,4.72,0.0,4,1888,买盘
148,09:42:58,4.72,0.0,53,25016,买盘
149,09:43:00,4.72,0.0,24,11328,买盘
150,09:43:03,4.72,0.0,122,57543,买盘
151,09:43:06,4.73,0.01,2,946,买盘
152,09:43:25,4.73,0.0,10,4730,买盘
153,09:43:45,4.72,-0.01,24,11328,卖盘
154,09:43:54,4.72,0.0,22,10384,卖盘
155,09:44:16,4.72,0.0,10,4720,卖盘
156,09:44:24,4.73,0.01,25,11825,买盘
157,09:44:54,4.73,0.0,6,2838,买盘
158,09:45:04,4.72,-0.01,5,2360,卖盘
159,09:45:22,4.73,0.01,1,473,买盘
160,09:45:24,4.73,0.0,6,2838,买盘
161,09:45:42,4.72,-0.01,106,50032,卖盘
162,09:45:48,4.72,0.0,33,15576,买盘
163,09:45:51,4.72,0.0,49,23128,买盘
164,09:45:58,4.72,0.0,2,944,卖盘
165,09:46:04,4.73,0.01,2,946,买盘
166,09:46:06,4.73,0.0,2,946,买盘
167,09:46:13,4.73,0.0,17,8041,买盘
168,09:46:19,4.73,0.0,19,8987,买盘
169,09:46:22,4.73,0.0,31,14663,买盘
170,09:46:25,4.73,0.0,23,10879,买盘
171,09:46:27,4.73,0.0,3,1419,买盘
172,09:46:30,4.74,0.01,11,5206,买盘
173,09:46:34,4.74,0.0,6,2841,买盘
174,09:46:39,4.74,0.0,7,3318,买盘
175,09:47:04,4.74,0.0,1,474,买盘
176,09:47:13,4.74,0.0,8,3792,买盘
177,09:47:19,4.74,0.0,9,4266,卖盘
178,09:47:22,4.74,0.0,7,3318,卖盘
179,09:47:24,4.74,0.0,30,14220,卖盘
180,09:47:27,4.74,0.0,29,13746,卖盘
181,09:47:30,4.74,0.0,4,1896,卖盘
182,09:47:34,4.74,0.0,12,5688,卖盘
183,09:47:36,4.74,0.0,1,474,卖盘
184,09:47:51,4.74,0.0,1,474,买盘
185,09:48:04,4.73,-0.01,6,2838,卖盘
186,09:48:16,4.73,0.0,36,17028,卖盘
187,09:48:24,4.73,0.0,57,26961,卖盘
188,09:48:28,4.72,-0.01,42,19824,卖盘
189,09:48:31,4.72,0.0,31,14650,卖盘
190,09:48:36,4.72,0.0,25,11800,卖盘
191,09:48:39,4.72,0.0,31,14632,卖盘
192,09:48:51,4.72,0.0,3,1416,卖盘
193,09:48:54,4.72,0.0,59,27848,卖盘
194,09:48:57,4.71,-0.01,35,16485,卖盘
195,09:49:04,4.71,0.0,3,1413,卖盘
196,09:49:10,4.72,0.01,14,6608,买盘
197,09:49:13,4.72,0.0,18,8492,买盘
198,09:49:16,4.72,0.0,15,7080,买盘
199,09:49:19,4.72,0.0,58,27376,买盘
200,09:49:21,4.72,0.0,58,27338,卖盘
201,09:49:27,4.72,0.0,3,1416,卖盘
202,09:49:33,4.72,0.0,3,1416,卖盘
203,09:49:37,4.72,0.0,4,1888,卖盘
204,09:49:39,4.72,0.0,3,1416,卖盘
205,09:49:54,4.72,0.0,19,8968,卖盘
206,09:49:57,4.72,0.0,3,1416,卖盘
207,09:50:03,4.72,0.0,3,1416,卖盘
208,09:50:19,4.72,0.0,3,1416,卖盘
209,09:50:22,4.72,0.0,3,1416,卖盘
210,09:50:25,4.72,0.0,3,1416,卖盘
211,09:50:27,4.73,0.01,1,473,买盘
212,09:50:31,4.72,-0.01,15,7080,卖盘
213,09:50:43,4.72,0.0,103,48616,卖盘
214,09:50:46,4.71,-0.01,89,41988,卖盘
215,09:50:51,4.72,0.01,60,28320,买盘
216,09:50:57,4.71,-0.01,64,30144,卖盘
217,09:51:07,4.71,0.0,3,1413,卖盘
218,09:51:09,4.71,0.0,3,1413,卖盘
219,09:51:16,4.71,0.0,205,96555,卖盘
220,09:51:18,4.71,0.0,117,54995,买盘
221,09:51:22,4.71,0.0,52,24492,买盘
222,09:51:25,4.71,0.0,14,6594,买盘
223,09:51:27,4.71,0.0,14,6594,买盘
224,09:51:33,4.71,0.0,5,2355,卖盘
225,09:51:39,4.71,0.0,53,24963,卖盘
226,09:51:42,4.71,0.0,25,11784,买盘
227,09:51:46,4.71,0.0,3,1413,卖盘
228,09:51:55,4.71,0.0,3,1413,卖盘
229,09:52:00,4.71,0.0,10,4710,卖盘
230,09:52:04,4.7,-0.01,38,17867,卖盘
231,09:52:06,4.71,0.01,14,6594,买盘
232,09:52:16,4.7,-0.01,1,470,卖盘
233,09:52:24,4.7,0.0,1,470,卖盘
234,09:52:30,4.71,0.01,9,4236,买盘
235,09:52:33,4.71,0.0,5,2355,买盘
236,09:52:37,4.7,-0.01,39,18366,卖盘
237,09:52:39,4.71,0.01,43,20218,买盘
238,09:52:42,4.7,-0.01,3,1410,卖盘
239,09:52:48,4.7,0.0,3,1410,卖盘
240,09:52:54,4.7,0.0,3,1410,卖盘
241,09:52:57,4.7,0.0,45,21150,卖盘
242,09:53:07,4.7,0.0,32,15040,卖盘
243,09:53:12,4.71,0.01,30,14130,买盘
244,09:53:15,4.7,-0.01,23,10810,卖盘
245,09:53:18,4.71,0.01,13,6123,买盘
246,09:53:22,4.7,-0.01,35,16450,卖盘
247,09:53:33,4.7,0.0,28,13160,卖盘
248,09:53:37,4.7,0.0,6,2820,卖盘
249,09:53:43,4.71,0.01,47,22137,买盘
250,09:53:45,4.7,-0.01,26,12220,卖盘
251,09:53:49,4.7,0.0,39,18330,卖盘
252,09:53:52,4.7,0.0,794,373180,卖盘
253,09:53:57,4.71,0.01,61,28683,买盘
254,09:54:00,4.69,-0.02,227,106463,卖盘
255,09:54:04,4.7,0.01,310,145482,买盘
256,09:54:09,4.7,0.0,291,136770,买盘
257,09:54:12,4.7,0.0,7,3290,卖盘
258,09:54:16,4.7,0.0,11,5170,卖盘
259,09:54:24,4.7,0.0,5,2350,买盘
260,09:54:27,4.69,-0.01,2,939,卖盘
261,09:54:33,4.69,0.0,39,18291,卖盘
262,09:54:40,4.69,0.0,16,7504,卖盘
263,09:54:49,4.69,0.0,3,1407,卖盘
264,09:54:51,4.69,0.0,26,12203,卖盘
265,09:54:55,4.69,0.0,1,469,买盘
266,09:54:58,4.69,0.0,1,469,买盘
267,09:55:00,4.69,0.0,13,6096,买盘
268,09:55:04,4.69,0.0,1,469,买盘
269,09:55:07,4.69,0.0,5,2345,买盘
270,09:55:10,4.68,-0.01,143,66925,卖盘
271,09:55:16,4.69,0.01,4,1876,买盘
272,09:55:48,4.69,0.0,3,1407,买盘
273,09:55:52,4.69,0.0,17,7973,买盘
274,09:55:55,4.69,0.0,6,2814,买盘
275,09:55:58,4.69,0.0,14,6566,买盘
276,09:56:01,4.69,0.0,2,938,买盘
277,09:56:04,4.69,0.0,12,5628,买盘
278,09:56:06,4.69,0.0,20,9380,买盘
279,09:56:16,4.69,0.0,48,22512,卖盘
280,09:56:19,4.69,0.0,3,1407,卖盘
281,09:56:21,4.69,0.0,7,3283,卖盘
282,09:56:24,4.69,0.0,12,5628,买盘
283,09:56:33,4.69,0.0,121,56749,买盘
284,09:56:36,4.68,-0.01,37,17316,卖盘
285,09:56:42,4.68,0.0,3,1404,卖盘
286,09:56:46,4.69,0.01,7,3280,买盘
287,09:56:48,4.68,-0.01,72,33736,卖盘
288,09:56:52,4.69,0.01,61,28571,买盘
289,09:56:54,4.68,-0.01,103,48283,卖盘
290,09:56:57,4.68,0.0,51,23868,卖盘
291,09:57:04,4.68,0.0,1,468,卖盘
292,09:57:07,4.68,0.0,3,1404,卖盘
293,09:57:15,4.68,0.0,3,1404,卖盘
294,09:57:19,4.69,0.01,25,11725,买盘
295,09:57:22,4.68,-0.01,88,41184,卖盘
296,09:57:25,4.68,0.0,55,25740,卖盘
297,09:57:27,4.69,0.01,70,32803,买盘
298,09:57:31,4.69,0.0,21,9849,买盘
299,09:57:33,4.68,-0.01,7,3276,卖盘
300,09:57:37,4.69,0.01,3,1407,买盘
301,09:57:40,4.68,-0.01,84,39312,卖盘
302,09:57:42,4.67,-0.01,65,30356,卖盘
303,09:57:48,4.67,0.0,3,1401,卖盘
304,09:57:52,4.67,0.0,63,29465,卖盘
305,09:57:54,4.67,0.0,50,23350,卖盘
306,09:57:58,4.67,0.0,55,25685,卖盘
307,09:58:01,4.67,0.0,3,1401,卖盘
308,09:58:07,4.68,0.01,10,4680,买盘
309,09:58:18,4.68,0.0,19,8892,买盘
310,09:58:22,4.68,0.0,2,936,买盘
311,09:58:24,4.68,0.0,1,468,买盘
312,09:58:27,4.65,-0.03,1700,791825,卖盘
313,09:58:31,4.62,-0.03,538,249542,卖盘
314,09:58:34,4.65,0.03,2,930,买盘
315,09:58:37,4.62,-0.03,74,34243,卖盘
316,09:58:40,4.61,-0.01,200,92269,卖盘
317,09:58:43,4.65,0.04,8,3720,买盘
318,09:58:46,4.65,0.0,43,19884,买盘
319,09:58:49,4.62,-0.03,12,5547,卖盘
320,09:58:52,4.65,0.03,7,3255,买盘
321,09:58:54,4.65,0.0,2,930,中性盘
322,09:58:58,4.65,0.0,8,3720,买盘
323,09:59:00,4.64,-0.01,2,928,中性盘
324,09:59:04,4.65,0.01,3,1395,卖盘
325,09:59:09,4.65,0.0,3,1395,卖盘
326,09:59:13,4.65,0.0,3,1395,卖盘
327,09:59:19,4.64,-0.01,330,153149,卖盘
328,09:59:21,4.64,0.0,190,88160,买盘
329,09:59:24,4.63,-0.01,525,243369,卖盘
330,09:59:28,4.67,0.04,34,15878,买盘
331,09:59:34,4.64,-0.03,3,1392,卖盘
332,09:59:37,4.64,0.0,130,60285,卖盘
333,09:59:42,4.63,-0.01,303,140309,卖盘
334,09:59:46,4.63,0.0,85,39355,卖盘
335,09:59:49,4.64,0.01,6,2784,买盘
336,09:59:51,4.63,-0.01,3,1389,卖盘
337,09:59:54,4.63,0.0,50,23144,买盘
338,09:59:57,4.62,-0.01,15,6930,卖盘
339,10:00:07,4.62,0.0,146,67452,卖盘
340,10:00:09,4.63,0.01,42,19409,买盘
341,10:00:12,4.62,-0.01,3,1386,卖盘
342,10:00:15,4.63,0.01,45,20835,买盘
343,10:00:18,4.62,-0.01,46,21256,卖盘
344,10:00:22,4.62,0.0,392,181231,卖盘
345,10:00:28,4.63,0.01,33,15276,中性盘
346,10:00:31,4.63,0.0,6,2778,卖盘
347,10:00:33,4.62,-0.01,207,95636,卖盘
348,10:00:36,4.61,-0.01,78,36039,卖盘
349,10:00:39,4.62,0.01,50,23100,卖盘
350,10:00:42,4.62,0.0,3,1386,卖盘
351,10:00:46,4.63,0.01,17,7871,买盘
352,10:00:48,4.63,0.0,289,133529,买盘
353,10:00:52,4.63,0.0,124,57409,买盘
354,10:00:54,4.63,0.0,3,1389,买盘
355,10:00:58,4.63,0.0,17,7871,卖盘
356,10:01:06,4.63,0.0,1,463,买盘
357,10:01:10,4.63,0.0,8,3704,买盘
358,10:01:12,4.62,-0.01,237,109496,卖盘
359,10:01:15,4.62,0.0,160,73920,买盘
360,10:01:18,4.62,0.0,66,30492,买盘
361,10:01:21,4.62,0.0,203,93758,买盘
362,10:01:24,4.64,0.02,308,142469,买盘
363,10:01:30,4.62,-0.02,11,5082,卖盘
364,10:01:33,4.64,0.02,5,2320,买盘
365,10:01:36,4.64,0.0,20,9280,买盘
366,10:01:39,4.65,0.01,3,1395,买盘
367,10:01:45,4.65,0.0,1,465,买盘
368,10:01:52,4.64,-0.01,3,1392,卖盘
369,10:01:55,4.64,0.0,20,9282,卖盘
370,10:01:57,4.64,0.0,46,21350,卖盘
371,10:02:00,4.64,0.0,63,29232,买盘
372,10:02:12,4.64,0.0,103,47792,卖盘
373,10:02:15,4.65,0.01,202,93596,买盘
374,10:02:19,4.65,0.0,300,139500,买盘
375,10:02:36,4.64,-0.01,11,5094,买盘
376,10:02:43,4.64,0.0,5,2320,卖盘
377,10:02:45,4.64,0.0,1,464,买盘
378,10:02:51,4.64,0.0,3,1392,买盘
379,10:02:54,4.64,0.0,2,928,买盘
380,10:02:58,4.64,0.0,2,928,买盘
381,10:03:00,4.63,-0.01,197,91213,卖盘
382,10:03:15,4.63,0.0,3,1389,卖盘
383,10:03:19,4.63,0.0,3,1389,卖盘
384,10:03:25,4.64,0.01,68,31503,买盘
385,10:03:42,4.64,0.0,50,23200,买盘
386,10:03:45,4.63,-0.01,153,70841,卖盘
387,10:04:00,4.63,0.0,9,4167,卖盘
388,10:04:04,4.63,0.0,3,1389,卖盘
389,10:04:12,4.63,0.0,3,1389,卖盘
390,10:04:21,4.64,0.01,6,2784,买盘
391,10:04:25,4.63,-0.01,10,4630,卖盘
392,10:04:30,4.63,0.0,3,1389,卖盘
393,10:04:34,4.61,-0.02,1062,490173,卖盘
394,10:04:36,4.6,-0.01,314,144443,卖盘
395,10:04:40,4.61,0.01,22,10142,买盘
396,10:04:43,4.6,-0.01,31,14283,卖盘
397,10:04:51,4.6,0.0,60,27601,卖盘
398,10:04:58,4.61,0.01,3,1383,卖盘
399,10:05:01,4.62,0.01,3,1386,买盘
400,10:05:06,4.61,-0.01,309,142556,卖盘
401,10:05:12,4.61,0.0,86,39646,卖盘
402,10:05:18,4.63,0.02,100,46247,买盘
403,10:05:21,4.61,-0.02,63,29048,卖盘
404,10:05:24,4.62,0.01,11,5082,买盘
405,10:05:27,4.62,0.0,4,1848,卖盘
406,10:05:31,4.63,0.01,14,6482,买盘
407,10:05:34,4.62,-0.01,20,9240,卖盘
408,10:05:36,4.62,0.0,82,37884,卖盘
409,10:05:39,4.61,-0.01,69,31817,卖盘
410,10:05:49,4.61,0.0,13,6003,卖盘
411,10:05:52,4.61,0.0,7,3227,卖盘
412,10:05:55,4.62,0.01,2,924,买盘
413,10:05:57,4.62,0.0,109,50358,买盘
414,10:06:00,4.61,-0.01,125,57686,卖盘
415,10:06:04,4.61,0.0,696,321276,卖盘
416,10:06:07,4.6,-0.01,146,67160,卖盘
417,10:06:12,4.59,-0.01,299,137534,卖盘
418,10:06:15,4.59,0.0,163,74887,卖盘
419,10:06:18,4.59,0.0,159,72985,卖盘
420,10:06:21,4.59,0.0,8,3672,卖盘
421,10:06:24,4.59,0.0,84,38556,卖盘
422,10:06:30,4.58,-0.01,130,59540,卖盘
423,10:06:33,4.57,-0.01,68,31111,卖盘
424,10:06:36,4.57,0.0,9,4119,卖盘
425,10:06:42,4.58,0.01,3,1374,买盘
426,10:06:45,4.59,0.01,93,42604,买盘
427,10:06:48,4.58,-0.01,105,48105,卖盘
428,10:06:51,4.58,0.0,3,1374,卖盘
429,10:06:54,4.58,0.0,23,10534,卖盘
430,10:06:57,4.58,0.0,34,15572,卖盘
431,10:07:06,4.59,0.01,20,9180,卖盘
432,10:07:10,4.59,0.0,3,1377,卖盘
433,10:07:12,4.6,0.01,2,920,中性盘
434,10:07:16,4.6,0.0,4,1840,买盘
435,10:07:18,4.6,0.0,12,5520,买盘
436,10:07:22,4.6,0.0,16,7360,买盘
437,10:07:24,4.6,0.0,500,230000,买盘
438,10:07:27,4.6,0.0,80,36800,买盘
439,10:07:30,4.6,0.0,148,67979,买盘
440,10:07:33,4.6,0.0,17,7820,买盘
441,10:07:36,4.6,0.0,20,9200,买盘
442,10:07:40,4.61,0.01,306,141060,买盘
443,10:07:42,4.61,0.0,279,128619,买盘
444,10:07:45,4.61,0.0,1338,616553,买盘
445,10:07:48,4.61,0.0,92,42458,买盘
446,10:07:51,4.62,0.01,68,31416,买盘
447,10:07:54,4.62,0.0,37,17091,买盘
448,10:08:00,4.62,0.0,55,25360,买盘
449,10:08:04,4.61,-0.01,30,13850,卖盘
450,10:08:06,4.61,0.0,12,5532,卖盘
451,10:08:09,4.61,0.0,62,28582,卖盘
452,10:08:12,4.62,0.01,99,45702,买盘
453,10:08:15,4.62,0.0,906,418572,买盘
454,10:08:18,4.62,0.0,181,83622,卖盘
455,10:08:21,4.62,0.0,23,10626,卖盘
456,10:08:24,4.62,0.0,99,45738,卖盘
457,10:08:27,4.62,0.0,30,13860,卖盘
458,10:08:30,4.63,0.01,5,2315,买盘
459,10:08:33,4.62,-0.01,3,1386,卖盘
460,10:08:39,4.62,0.0,8,3696,卖盘
461,10:08:42,4.62,0.0,7,3234,卖盘
462,10:08:46,4.62,0.0,80,36960,卖盘
463,10:08:48,4.62,0.0,71,32802,卖盘
464,10:08:51,4.63,0.01,50,23130,买盘
465,10:08:54,4.62,-0.01,3,1386,卖盘
466,10:08:57,4.62,0.0,16,7405,卖盘
467,10:09:00,4.62,0.0,3,1386,卖盘
468,10:09:04,4.62,0.0,125,57750,卖盘
469,10:09:06,4.6,-0.02,84,38727,卖盘
470,10:09:24,4.61,0.01,9,4143,中性盘
471,10:09:45,4.61,0.0,197,90817,卖盘
472,10:09:48,4.6,-0.01,61,28060,卖盘
473,10:09:54,4.6,0.0,28,12880,卖盘
474,10:09:57,4.6,0.0,6,2760,卖盘
475,10:10:00,4.61,0.01,5,2305,买盘
476,10:10:06,4.6,-0.01,3,1380,卖盘
477,10:10:09,4.6,0.0,32,14720,卖盘
478,10:10:12,4.61,0.01,2,922,买盘
479,10:10:24,4.6,-0.01,6,2760,卖盘
480,10:10:28,4.61,0.01,8,3688,买盘
481,10:10:30,4.61,0.0,13,5993,买盘
482,10:10:33,4.61,0.0,45,20745,买盘
483,10:10:36,4.61,0.0,7,3227,买盘
484,10:10:39,4.61,0.0,161,74133,买盘
485,10:10:42,4.61,0.0,24,11064,卖盘
486,10:10:46,4.6,-0.01,58,26680,卖盘
487,10:10:55,4.62,0.02,260,120120,买盘
488,10:10:57,4.62,0.0,26,12012,卖盘
489,10:11:06,4.62,0.0,3,1386,卖盘
490,10:11:09,4.62,0.0,86,39732,卖盘
491,10:11:12,4.62,0.0,29,13398,卖盘
492,10:11:21,4.62,0.0,341,157542,卖盘
493,10:11:30,4.62,0.0,3,1386,卖盘
494,10:11:33,4.63,0.01,52,24076,买盘
495,10:11:36,4.63,0.0,17,7871,买盘
496,10:11:40,4.63,0.0,103,47589,买盘
497,10:11:45,4.62,-0.01,20,9240,卖盘
498,10:11:49,4.63,0.01,9,4166,买盘
499,10:11:51,4.62,-0.01,3,1386,卖盘
500,10:11:55,4.62,0.0,194,89628,卖盘
501,10:12:04,4.6,-0.02,136,62691,卖盘
502,10:12:09,4.61,0.01,29,13369,买盘
503,10:12:12,4.61,0.0,96,44256,买盘
504,10:12:15,4.61,0.0,78,35958,买盘
505,10:12:18,4.61,0.0,39,17979,买盘
506,10:12:21,4.61,0.0,137,63291,中性盘
507,10:12:24,4.61,0.0,6,2766,卖盘
508,10:12:27,4.62,0.01,1,462,买盘
509,10:12:31,4.62,0.0,1,462,买盘
510,10:12:33,4.62,0.0,1,462,买盘
511,10:12:36,4.62,0.0,1,462,买盘
512,10:12:42,4.62,0.0,64,29565,买盘
513,10:12:51,4.62,0.0,3,1386,买盘
514,10:12:54,4.62,0.0,215,99330,买盘
515,10:13:09,4.62,0.0,50,23100,买盘
516,10:13:12,4.62,0.0,38,17556,买盘
517,10:13:28,4.62,0.0,20,9240,买盘
518,10:13:33,4.62,0.0,49,22638,买盘
519,10:13:42,4.62,0.0,25,11572,卖盘
520,10:13:48,4.63,0.01,10,4630,买盘
521,10:13:57,4.63,0.0,50,23150,买盘
522,10:14:00,4.63,0.0,1,463,买盘
523,10:14:04,4.63,0.0,2,926,买盘
524,10:14:06,4.63,0.0,10,4630,买盘
525,10:14:09,4.63,0.0,20,9260,买盘
526,10:14:12,4.63,0.0,10,4630,买盘
527,10:14:15,4.63,0.0,15,6945,买盘
528,10:14:21,4.63,0.0,42,19446,买盘
529,10:14:30,4.63,0.0,35,16205,买盘
530,10:14:34,4.63,0.0,4,1852,卖盘
531,10:14:36,4.63,0.0,10,4630,卖盘
532,10:14:39,4.63,0.0,3,1389,卖盘
533,10:14:42,4.63,0.0,4,1852,卖盘
534,10:15:04,4.64,0.01,270,124906,买盘
535,10:15:07,4.63,-0.01,95,43898,中性盘
536,10:15:12,4.63,0.0,6,2778,买盘
537,10:15:18,4.61,-0.02,49,22589,卖盘
538,10:15:27,4.62,0.01,4,1848,卖盘
539,10:15:33,4.63,0.01,10,4630,买盘
540,10:15:45,4.62,-0.01,36,16632,买盘
541,10:16:00,4.62,0.0,24,11109,卖盘
542,10:16:04,4.62,0.0,3,1386,卖盘
543,10:16:15,4.63,0.01,70,32410,买盘
544,10:16:18,4.63,0.0,1,463,买盘
545,10:16:27,4.63,0.0,5,2315,买盘
546,10:16:30,4.63,0.0,13,6019,卖盘
547,10:16:33,4.63,0.0,1,463,买盘
548,10:16:36,4.64,0.01,20,9268,买盘
549,10:16:42,4.63,-0.01,3,1389,中性盘
550,10:16:54,4.63,0.0,3,1389,卖盘
551,10:17:00,4.63,0.0,3,1389,卖盘
552,10:17:09,4.64,0.01,31,14384,买盘
553,10:17:12,4.64,0.0,14,6496,卖盘
554,10:17:16,4.64,0.0,3,1392,卖盘
555,10:17:24,4.64,0.0,3,1392,卖盘
556,10:17:36,4.65,0.01,2,930,买盘
557,10:17:51,4.64,-0.01,6,2784,卖盘
558,10:17:54,4.65,0.01,84,39026,买盘
559,10:17:57,4.65,0.0,183,85095,买盘
560,10:18:00,4.64,-0.01,3,1392,卖盘
561,10:18:12,4.64,0.0,87,40368,卖盘
562,10:18:15,4.64,0.0,9,4176,买盘
563,10:18:27,4.64,0.0,10,4640,买盘
564,10:18:33,4.63,-0.01,41,18983,卖盘
565,10:18:36,4.63,0.0,1,463,买盘
566,10:18:42,4.63,0.0,5,2315,买盘
567,10:18:48,4.63,0.0,20,9260,买盘
568,10:18:51,4.63,0.0,89,41207,买盘
569,10:18:54,4.63,0.0,18,8334,买盘
570,10:18:58,4.64,0.01,62,28734,买盘
571,10:19:00,4.64,0.0,49,22736,买盘
572,10:19:15,4.64,0.0,50,23200,买盘
573,10:19:18,4.63,-0.01,3,1389,卖盘
574,10:19:21,4.63,0.0,3,1389,卖盘
575,10:19:36,4.63,0.0,43,19909,卖盘
576,10:19:39,4.63,0.0,3,1389,卖盘
577,10:19:49,4.63,0.0,30,13890,卖盘
578,10:20:03,4.63,0.0,28,12964,买盘
579,10:20:09,4.63,0.0,51,23613,买盘
580,10:20:13,4.62,-0.01,44,20332,卖盘
581,10:20:18,4.62,0.0,65,30034,卖盘
582,10:20:21,4.63,0.01,7,3241,买盘
583,10:20:28,4.63,0.0,40,18520,卖盘
584,10:20:33,4.63,0.0,3,1389,卖盘
585,10:20:36,4.63,0.0,3,1389,买盘
586,10:20:48,4.64,0.01,3,1392,买盘
587,10:20:52,4.64,0.0,2,928,买盘
588,10:20:55,4.63,-0.01,5,2317,卖盘
589,10:20:57,4.64,0.01,3,1392,买盘
590,10:21:00,4.64,0.0,3,1392,买盘
591,10:21:04,4.64,0.0,37,17168,买盘
592,10:21:06,4.64,0.0,1,464,买盘
593,10:21:10,4.64,0.0,29,13456,买盘
594,10:21:13,4.64,0.0,6,2784,卖盘
595,10:21:27,4.65,0.01,9,4185,买盘
596,10:21:33,4.65,0.0,80,37200,买盘
597,10:21:42,4.65,0.0,5,2325,买盘
598,10:21:45,4.66,0.01,7,3260,买盘
599,10:21:51,4.65,-0.01,3,1395,买盘
600,10:22:06,4.65,0.0,7,3255,卖盘
601,10:22:09,4.65,0.0,5,2325,卖盘
602,10:22:13,4.65,0.0,26,12090,卖盘
603,10:22:16,4.65,0.0,3,1395,卖盘
604,10:22:21,4.65,0.0,6,2790,卖盘
605,10:22:30,4.64,-0.01,14,6502,卖盘
606,10:22:39,4.64,0.0,7,3248,卖盘
607,10:22:42,4.64,0.0,5,2320,卖盘
608,10:22:51,4.64,0.0,3,1392,卖盘
609,10:23:00,4.64,0.0,14,6496,卖盘
610,10:23:06,4.64,0.0,3,1392,卖盘
611,10:23:21,4.64,0.0,88,40832,卖盘
612,10:23:24,4.63,-0.01,85,39382,卖盘
613,10:23:27,4.64,0.01,3,1392,买盘
614,10:23:30,4.65,0.01,29,13485,买盘
615,10:23:36,4.63,-0.02,3,1389,卖盘
616,10:23:46,4.63,0.0,15,6954,卖盘
617,10:24:04,4.63,0.0,3,1389,卖盘
618,10:24:21,4.63,0.0,10,4630,卖盘
619,10:24:24,4.63,0.0,3,1389,卖盘
620,10:24:30,4.63,0.0,3,1389,卖盘
621,10:24:48,4.63,0.0,11,5093,卖盘
622,10:24:54,4.63,0.0,13,6019,卖盘
623,10:25:04,4.63,0.0,3,1389,卖盘
624,10:25:06,4.63,0.0,3,1389,卖盘
625,10:25:15,4.64,0.01,2,928,买盘
626,10:25:46,4.64,0.0,75,34800,买盘
627,10:25:51,4.64,0.0,8,3712,买盘
628,10:25:54,4.64,0.0,17,7888,买盘
629,10:25:57,4.64,0.0,56,25984,买盘
630,10:26:00,4.64,0.0,2,928,买盘
631,10:26:04,4.64,0.0,2,928,买盘
632,10:26:12,4.64,0.0,3,1392,卖盘
633,10:26:15,4.64,0.0,3,1392,卖盘
634,10:26:18,4.64,0.0,3,1392,卖盘
635,10:26:51,4.64,0.0,3,1392,卖盘
636,10:26:54,4.64,0.0,3,1392,卖盘
637,10:27:30,4.64,0.0,6,2784,卖盘
638,10:27:33,4.64,0.0,3,1392,卖盘
639,10:27:42,4.64,0.0,17,7888,卖盘
640,10:28:03,4.64,0.0,3,1392,卖盘
641,10:28:15,4.64,0.0,3,1392,卖盘
642,10:28:18,4.64,0.0,21,9744,卖盘
643,10:28:27,4.65,0.01,72,33480,买盘
644,10:28:31,4.65,0.0,21,9765,买盘
645,10:28:33,4.64,-0.01,1,464,卖盘
646,10:28:39,4.64,0.0,53,24592,卖盘
647,10:28:52,4.64,0.0,3,1392,卖盘
648,10:28:54,4.64,0.0,3,1392,卖盘
649,10:28:57,4.65,0.01,18,8370,买盘
650,10:29:04,4.65,0.0,10,4650,买盘
651,10:29:15,4.64,-0.01,3,1392,卖盘
652,10:29:18,4.64,0.0,150,69707,卖盘
653,10:29:27,4.64,0.0,50,23200,卖盘
654,10:29:31,4.64,0.0,3,1392,卖盘
655,10:29:37,4.64,0.0,19,8816,卖盘
656,10:29:54,4.64,0.0,23,10669,买盘
657,10:29:57,4.63,-0.01,3,1389,卖盘
658,10:30:00,4.63,0.0,37,17161,卖盘
659,10:30:06,4.63,0.0,290,134270,卖盘
660,10:30:09,4.62,-0.01,114,52668,卖盘
661,10:30:15,4.62,0.0,40,18480,卖盘
662,10:30:21,4.62,0.0,33,15246,卖盘
663,10:30:24,4.62,0.0,5,2310,卖盘
664,10:30:30,4.62,0.0,3,1386,卖盘
665,10:30:36,4.62,0.0,112,51744,卖盘
666,10:30:39,4.61,-0.01,68,31390,卖盘
667,10:30:45,4.62,0.01,8,3696,买盘
668,10:30:48,4.62,0.0,2,924,买盘
669,10:30:54,4.61,-0.01,198,91299,卖盘
670,10:31:01,4.61,0.0,74,34114,卖盘
671,10:31:04,4.61,0.0,1,461,卖盘
672,10:31:12,4.61,0.0,3,1383,卖盘
673,10:31:33,4.62,0.01,15,6930,买盘
674,10:31:36,4.61,-0.01,3,1383,卖盘
675,10:31:51,4.61,0.0,6,2766,卖盘
676,10:32:04,4.62,0.01,48,22176,买盘
677,10:32:06,4.62,0.0,2,924,卖盘
678,10:32:18,4.62,0.0,3,1386,买盘
679,10:32:21,4.62,0.0,6,2772,买盘
680,10:32:24,4.62,0.0,3,1386,卖盘
681,10:32:30,4.62,0.0,3,1386,卖盘
682,10:32:36,4.62,0.0,10,4620,卖盘
683,10:32:42,4.62,0.0,5,2310,卖盘
684,10:32:45,4.62,0.0,1,462,卖盘
685,10:32:57,4.62,0.0,148,68376,卖盘
686,10:33:00,4.62,0.0,50,23100,买盘
687,10:33:09,4.61,-0.01,3,1383,卖盘
688,10:33:12,4.62,0.01,20,9237,买盘
689,10:33:21,4.61,-0.01,3,1383,卖盘
690,10:33:27,4.62,0.01,394,182028,买盘
691,10:33:33,4.62,0.0,109,50358,买盘
692,10:33:36,4.62,0.0,1,462,买盘
693,10:33:39,4.62,0.0,52,24024,买盘
694,10:33:43,4.62,0.0,1,462,买盘
695,10:33:48,4.62,0.0,2,924,卖盘
696,10:33:51,4.62,0.0,1,462,买盘
697,10:33:54,4.62,0.0,1,462,买盘
698,10:33:57,4.62,0.0,1,462,买盘
699,10:34:00,4.62,0.0,3,1386,买盘
700,10:34:18,4.63,0.01,8,3704,买盘
701,10:34:36,4.63,0.0,177,81941,买盘
702,10:34:39,4.62,-0.01,1,462,卖盘
703,10:34:48,4.63,0.01,2,926,买盘
704,10:34:51,4.63,0.0,12,5556,买盘
705,10:34:54,4.63,0.0,17,7871,买盘
706,10:34:57,4.63,0.0,2,926,卖盘
707,10:35:00,4.63,0.0,1,463,买盘
708,10:35:09,4.63,0.0,3,1389,中性盘
709,10:35:12,4.62,-0.01,11,5082,卖盘
710,10:35:18,4.63,0.01,3,1389,中性盘
711,10:35:27,4.64,0.01,3,1392,买盘
712,10:35:33,4.64,0.0,32,14848,买盘
713,10:35:39,4.62,-0.02,524,242209,卖盘
714,10:35:43,4.62,0.0,83,38346,卖盘
715,10:35:49,4.64,0.02,18,8346,买盘
716,10:35:51,4.61,-0.03,217,100244,卖盘
717,10:35:57,4.62,0.01,74,34188,卖盘
718,10:36:00,4.62,0.0,3,1386,卖盘
719,10:36:12,4.63,0.01,25,11575,买盘
720,10:36:15,4.63,0.0,38,17594,买盘
721,10:36:18,4.63,0.0,1,463,买盘
722,10:36:22,4.64,0.01,96,44544,买盘
723,10:36:27,4.63,-0.01,3,1389,卖盘
724,10:36:36,4.64,0.01,3,1392,买盘
725,10:36:39,4.63,-0.01,4,1852,卖盘
726,10:36:45,4.64,0.01,7,3248,卖盘
727,10:36:51,4.64,0.0,190,88160,买盘
728,10:36:54,4.64,0.0,19,8816,卖盘
729,10:37:04,4.65,0.01,46,21390,买盘
730,10:37:09,4.65,0.0,22,10230,买盘
731,10:37:13,4.64,-0.01,4,1856,卖盘
732,10:37:15,4.65,0.01,122,56730,买盘
733,10:37:18,4.65,0.0,51,23715,卖盘
734,10:37:24,4.65,0.0,1,465,卖盘
735,10:37:27,4.65,0.0,45,20925,卖盘
736,10:37:30,4.65,0.0,43,19995,卖盘
737,10:37:36,4.65,0.0,10,4650,买盘
738,10:37:43,4.65,0.0,42,19526,买盘
739,10:37:57,4.65,0.0,50,23250,买盘
740,10:38:09,4.64,-0.01,10,4640,卖盘
741,10:38:15,4.64,0.0,10,4640,卖盘
742,10:38:30,4.64,0.0,3,1392,卖盘
743,10:38:42,4.64,0.0,7,3248,卖盘
744,10:38:51,4.64,0.0,161,74704,卖盘
745,10:38:54,4.64,0.0,3,1392,卖盘
746,10:39:09,4.64,0.0,10,4640,卖盘
747,10:39:16,4.64,0.0,30,13920,卖盘
748,10:39:24,4.64,0.0,3,1392,卖盘
749,10:39:36,4.65,0.01,50,23250,买盘
750,10:39:39,4.64,-0.01,4,1856,卖盘
751,10:39:51,4.64,0.0,6,2784,卖盘
752,10:40:18,4.65,0.01,21,9765,买盘
753,10:40:21,4.64,-0.01,6,2784,卖盘
754,10:40:27,4.64,0.0,3,1392,卖盘
755,10:40:30,4.65,0.01,8,3720,买盘
756,10:40:33,4.65,0.0,100,46500,买盘
757,10:40:39,4.65,0.0,18,8370,买盘
758,10:40:42,4.64,-0.01,27,12528,卖盘
759,10:40:58,4.64,0.0,3,1392,卖盘
760,10:41:04,4.65,0.01,55,25575,买盘
761,10:41:09,4.65,0.0,3,1395,卖盘
762,10:41:24,4.66,0.01,10,4660,买盘
763,10:41:30,4.66,0.0,50,23300,买盘
764,10:41:39,4.66,0.0,50,23300,买盘
765,10:41:42,4.66,0.0,86,40076,买盘
766,10:41:48,4.66,0.0,26,12116,买盘
767,10:41:51,4.67,0.01,101,47161,买盘
768,10:41:54,4.66,-0.01,18,8388,卖盘
769,10:41:57,4.66,0.0,91,42325,买盘
770,10:42:09,4.66,0.0,95,44270,买盘
771,10:42:12,4.66,0.0,58,27028,买盘
772,10:42:15,4.66,0.0,10,4660,卖盘
773,10:42:21,4.66,0.0,60,27960,买盘
774,10:42:27,4.65,-0.01,28,13020,卖盘
775,10:42:36,4.65,0.0,3,1395,卖盘
776,10:42:48,4.66,0.01,50,23300,买盘
777,10:42:58,4.65,-0.01,29,13498,卖盘
778,10:43:06,4.66,0.01,16,7453,买盘
779,10:43:15,4.66,0.0,50,23300,买盘
780,10:43:33,4.66,0.0,1,466,买盘
781,10:43:42,4.66,0.0,100,46600,买盘
782,10:43:45,4.66,0.0,35,16310,买盘
783,10:44:15,4.66,0.0,3,1398,买盘
784,10:44:18,4.66,0.0,65,30290,买盘
785,10:44:21,4.66,0.0,29,13514,卖盘
786,10:44:24,4.66,0.0,6,2796,卖盘
787,10:44:34,4.66,0.0,10,4660,买盘
788,10:44:39,4.66,0.0,82,38212,买盘
789,10:44:42,4.66,0.0,18,8388,卖盘
790,10:44:45,4.66,0.0,6,2796,买盘
791,10:45:00,4.66,0.0,5,2330,买盘
792,10:45:21,4.65,-0.01,1,465,卖盘
793,10:45:30,4.65,0.0,12,5580,卖盘
794,10:45:42,4.65,0.0,3,1395,卖盘
795,10:45:45,4.65,0.0,3,1395,卖盘
796,10:45:57,4.65,0.0,8,3720,卖盘
797,10:46:00,4.65,0.0,106,49390,卖盘
798,10:46:04,4.65,0.0,8,3720,卖盘
799,10:46:24,4.65,0.0,424,197160,卖盘
800,10:46:27,4.64,-0.01,33,15312,卖盘
801,10:46:33,4.64,0.0,3,1392,卖盘
802,10:46:36,4.64,0.0,116,53824,卖盘
803,10:46:39,4.64,0.0,34,15776,卖盘
804,10:46:49,4.64,0.0,56,25984,卖盘
805,10:46:51,4.63,-0.01,3,1389,卖盘
806,10:47:03,4.64,0.01,47,21808,买盘
807,10:47:09,4.64,0.0,40,18560,卖盘
808,10:47:27,4.65,0.01,24,11157,买盘
809,10:47:30,4.64,-0.01,3,1392,卖盘
810,10:47:36,4.64,0.0,84,38976,卖盘
811,10:47:42,4.64,0.0,3,1392,买盘
812,10:47:51,4.64,0.0,6,2784,卖盘
813,10:48:00,4.64,0.0,67,31088,卖盘
814,10:48:09,4.64,0.0,54,25056,卖盘
815,10:48:16,4.64,0.0,3,1392,卖盘
816,10:48:28,4.64,0.0,3,1392,卖盘
817,10:48:39,4.64,0.0,43,19952,卖盘
818,10:49:00,4.65,0.01,1,465,买盘
819,10:49:06,4.64,-0.01,58,26912,卖盘
820,10:49:15,4.65,0.01,29,13485,买盘
821,10:49:18,4.65,0.0,6,2790,卖盘
822,10:49:27,4.65,0.0,20,9300,买盘
823,10:49:55,4.65,0.0,3,1395,卖盘
824,10:49:57,4.65,0.0,3,1395,卖盘
825,10:50:12,4.65,0.0,117,54405,卖盘
826,10:50:21,4.66,0.01,100,46600,买盘
827,10:50:27,4.66,0.0,6,2796,买盘
828,10:50:42,4.66,0.0,3,1398,卖盘
829,10:50:45,4.66,0.0,3,1398,卖盘
830,10:50:51,4.66,0.0,3,1398,卖盘
831,10:51:06,4.66,0.0,3,1398,卖盘
832,10:51:18,4.67,0.01,20,9340,买盘
833,10:51:27,4.66,-0.01,3,1398,卖盘
834,10:51:40,4.67,0.01,17,7939,买盘
835,10:51:42,4.66,-0.01,3,1398,卖盘
836,10:51:48,4.66,0.0,2,932,卖盘
837,10:52:04,4.66,0.0,3,1398,卖盘
838,10:52:15,4.66,0.0,3,1398,卖盘
839,10:52:24,4.67,0.01,2,934,买盘
840,10:52:27,4.67,0.0,50,23350,买盘
841,10:52:33,4.66,-0.01,3,1398,卖盘
842,10:52:36,4.67,0.01,1,467,买盘
843,10:52:45,4.67,0.0,18,8406,买盘
844,10:52:48,4.67,0.0,50,23350,买盘
845,10:52:51,4.67,0.0,4,1865,买盘
846,10:52:54,4.67,0.0,1,467,买盘
847,10:53:00,4.66,-0.01,3,1398,卖盘
848,10:53:27,4.66,0.0,3,1398,卖盘
849,10:53:39,4.66,0.0,3,1398,卖盘
850,10:53:48,4.66,0.0,3,1398,卖盘
851,10:53:51,4.66,0.0,295,137470,卖盘
852,10:53:54,4.66,0.0,141,65706,卖盘
853,10:54:09,4.67,0.01,3,1401,买盘
854,10:54:15,4.66,-0.01,3,1398,卖盘
855,10:54:33,4.67,0.01,63,29378,买盘
856,10:54:37,4.67,0.0,8,3736,买盘
857,10:54:39,4.66,-0.01,3,1398,卖盘
858,10:55:04,4.67,0.01,4,1865,买盘
859,10:55:12,4.67,0.0,433,202211,买盘
860,10:55:24,4.67,0.0,3,1401,卖盘
861,10:55:27,4.68,0.01,201,94068,买盘
862,10:55:30,4.68,0.0,1,468,买盘
863,10:55:51,4.68,0.0,1,468,买盘
864,10:56:33,4.68,0.0,11,5148,买盘
865,10:56:51,4.67,-0.01,50,23350,卖盘
866,10:56:57,4.67,0.0,3,1401,卖盘
867,10:57:00,4.67,0.0,1,467,卖盘
868,10:57:04,4.67,0.0,9,4203,卖盘
869,10:57:15,4.67,0.0,11,5141,卖盘
870,10:57:18,4.67,0.0,33,15411,卖盘
871,10:57:24,4.67,0.0,16,7472,卖盘
872,10:57:30,4.67,0.0,10,4670,卖盘
873,10:57:36,4.67,0.0,25,11675,卖盘
874,10:58:12,4.67,0.0,3,1401,卖盘
875,10:58:15,4.67,0.0,3,1401,卖盘
876,10:58:18,4.67,0.0,10,4670,卖盘
877,10:58:33,4.67,0.0,93,43431,卖盘
878,10:58:39,4.67,0.0,1,467,卖盘
879,10:58:45,4.67,0.0,3,1401,卖盘
880,10:58:51,4.67,0.0,33,15411,卖盘
881,10:58:54,4.67,0.0,3,1401,卖盘
882,10:59:00,4.67,0.0,3,1401,卖盘
883,10:59:09,4.67,0.0,10,4670,卖盘
884,10:59:16,4.68,0.01,20,9360,买盘
885,10:59:27,4.68,0.0,100,46800,买盘
886,10:59:30,4.68,0.0,1,468,买盘
887,10:59:33,4.68,0.0,2,936,买盘
888,10:59:42,4.69,0.01,1,469,买盘
889,10:59:46,4.69,0.0,68,31892,买盘
890,10:59:48,4.69,0.0,1,469,买盘
891,11:00:18,4.69,0.0,120,56280,买盘
892,11:00:27,4.69,0.0,4,1876,卖盘
893,11:00:30,4.69,0.0,50,23450,卖盘
894,11:00:37,4.69,0.0,3,1407,卖盘
895,11:00:39,4.69,0.0,20,9380,卖盘
896,11:00:42,4.69,0.0,13,6097,卖盘
897,11:00:45,4.69,0.0,7,3283,卖盘
898,11:00:48,4.69,0.0,13,6097,卖盘
899,11:01:27,4.68,-0.01,21,9829,卖盘
900,11:01:45,4.68,0.0,1,468,卖盘
901,11:01:51,4.68,0.0,3,1404,卖盘
902,11:02:09,4.68,0.0,4,1872,卖盘
903,11:02:24,4.68,0.0,3,1404,卖盘
904,11:02:30,4.68,0.0,3,1404,卖盘
905,11:02:33,4.68,0.0,3,1404,卖盘
906,11:02:36,4.68,0.0,20,9360,卖盘
907,11:02:45,4.68,0.0,3,1404,卖盘
908,11:03:12,4.68,0.0,3,1404,卖盘
909,11:03:36,4.68,0.0,3,1404,卖盘
910,11:03:57,4.68,0.0,3,1404,卖盘
911,11:04:12,4.68,0.0,8,3744,卖盘
912,11:04:33,4.69,0.01,23,10781,买盘
913,11:04:55,4.68,-0.01,1,468,卖盘
914,11:05:06,4.69,0.01,43,20167,买盘
915,11:05:18,4.69,0.0,17,7973,买盘
916,11:05:24,4.69,0.0,9,4221,买盘
917,11:05:31,4.69,0.0,9,4221,买盘
918,11:05:33,4.7,0.01,178,83497,买盘
919,11:05:42,4.69,-0.01,6,2814,中性盘
920,11:06:00,4.69,0.0,10,4690,卖盘
921,11:06:06,4.69,0.0,40,18760,卖盘
922,11:06:18,4.69,0.0,100,46900,卖盘
923,11:06:21,4.69,0.0,129,60501,卖盘
924,11:06:58,4.68,-0.01,1,468,卖盘
925,11:07:12,4.69,0.01,10,4690,买盘
926,11:08:15,4.69,0.0,6,2814,买盘
927,11:08:18,4.68,-0.01,5,2340,卖盘
928,11:08:39,4.68,0.0,1,468,卖盘
929,11:08:43,4.68,0.0,27,12636,卖盘
930,11:08:45,4.68,0.0,1,468,卖盘
931,11:08:51,4.68,0.0,31,14508,卖盘
932,11:08:57,4.67,-0.01,327,153033,卖盘
933,11:09:01,4.67,0.0,12,5604,卖盘
934,11:09:04,4.67,0.0,66,30822,卖盘
935,11:09:06,4.67,0.0,7,3269,卖盘
936,11:09:12,4.67,0.0,56,26152,卖盘
937,11:09:15,4.67,0.0,75,35025,卖盘
938,11:09:18,4.67,0.0,1,467,卖盘
939,11:10:21,4.66,-0.01,2,932,卖盘
940,11:10:33,4.67,0.01,28,13076,买盘
941,11:10:42,4.68,0.01,10,4680,买盘
942,11:10:54,4.67,-0.01,3,1401,买盘
943,11:11:06,4.67,0.0,3,1401,买盘
944,11:11:18,4.68,0.01,14,6548,买盘
945,11:11:57,4.66,-0.02,1,466,卖盘
946,11:12:09,4.66,0.0,5,2330,卖盘
947,11:12:12,4.66,0.0,3,1398,卖盘
948,11:12:15,4.66,0.0,4,1864,卖盘
949,11:12:24,4.67,0.01,1,467,买盘
950,11:12:36,4.68,0.01,27,12636,买盘
951,11:13:39,4.67,-0.01,1,467,卖盘
952,11:13:42,4.68,0.01,1,468,买盘
953,11:13:57,4.68,0.0,3,1404,买盘
954,11:15:12,4.67,-0.01,10,4670,卖盘
955,11:15:25,4.67,0.0,2,934,卖盘
956,11:15:31,4.68,0.01,7,3276,买盘
957,11:15:36,4.67,-0.01,26,12142,卖盘
958,11:15:42,4.67,0.0,5,2335,买盘
959,11:15:57,4.66,-0.01,2,932,卖盘
960,11:16:06,4.67,0.01,55,25685,买盘
961,11:16:45,4.67,0.0,14,6538,卖盘
962,11:16:48,4.67,0.0,2,934,卖盘
963,11:17:00,4.67,0.0,2,934,卖盘
964,11:17:04,4.67,0.0,41,19147,卖盘
965,11:17:06,4.67,0.0,79,36893,卖盘
966,11:17:27,4.67,0.0,8,3736,买盘
967,11:17:57,4.67,0.0,100,46700,买盘
968,11:18:00,4.67,0.0,1,467,买盘
969,11:18:15,4.66,-0.01,1,466,卖盘
970,11:18:42,4.66,0.0,2,932,卖盘
971,11:20:18,4.66,0.0,1,466,卖盘
972,11:21:46,4.66,0.0,1,466,卖盘
973,11:21:49,4.67,0.01,1,467,买盘
974,11:22:00,4.67,0.0,17,7939,买盘
975,11:22:03,4.66,-0.01,1,466,卖盘
976,11:22:12,4.67,0.01,3,1401,买盘
977,11:23:33,4.66,-0.01,2,932,卖盘
978,11:23:39,4.67,0.01,17,7939,买盘
979,11:23:45,4.67,0.0,1,467,卖盘
980,11:23:48,4.67,0.0,10,4670,买盘
981,11:24:22,4.67,0.0,44,20548,中性盘
982,11:24:36,4.66,-0.01,16,7456,卖盘
983,11:24:54,4.67,0.01,68,31756,买盘
984,11:24:58,4.67,0.0,13,6071,买盘
985,11:25:03,4.67,0.0,90,42030,买盘
986,11:25:15,4.67,0.0,1,467,卖盘
987,11:25:18,4.68,0.01,12,5616,买盘
988,11:25:27,4.68,0.0,1,468,买盘
989,11:25:36,4.68,0.0,11,5148,买盘
990,11:27:00,4.67,-0.01,1,467,卖盘
991,11:27:19,4.68,0.01,6,2808,买盘
992,11:27:36,4.68,0.0,38,17784,买盘
993,11:28:13,4.68,0.0,23,10764,买盘
994,11:28:42,4.67,-0.01,2,934,卖盘
995,11:28:45,4.68,0.01,1,468,买盘
996,11:29:00,4.67,-0.01,1,467,卖盘
997,11:29:54,4.68,0.01,6,2808,买盘
998,13:00:04,4.68,0.0,205,95940,买盘
999,13:00:06,4.68,0.0,3,1404,卖盘
1000,13:00:21,4.68,0.0,1,468,卖盘
1001,13:00:24,4.68,0.0,2,936,卖盘
1002,13:00:33,4.68,0.0,84,39393,卖盘
1003,13:01:06,4.69,0.01,39,18291,买盘
1004,13:01:09,4.68,-0.01,92,43136,卖盘
1005,13:01:16,4.68,0.0,2,936,卖盘
1006,13:01:42,4.68,0.0,4,1872,卖盘
1007,13:01:48,4.68,0.0,2,936,卖盘
1008,13:01:57,4.68,0.0,14,6552,卖盘
1009,13:02:06,4.68,0.0,4,1872,卖盘
1010,13:02:12,4.68,0.0,3,1404,卖盘
1011,13:02:30,4.68,0.0,5,2340,卖盘
1012,13:02:36,4.68,0.0,2,936,卖盘
1013,13:02:54,4.68,0.0,4,1872,卖盘
1014,13:03:03,4.69,0.01,5,2345,买盘
1015,13:03:09,4.69,0.0,5,2345,卖盘
1016,13:03:24,4.69,0.0,25,11725,买盘
1017,13:03:28,4.69,0.0,2,938,卖盘
1018,13:03:36,4.69,0.0,32,15008,卖盘
1019,13:03:39,4.69,0.0,55,25795,卖盘
1020,13:04:03,4.68,-0.01,3,1404,卖盘
1021,13:04:06,4.68,0.0,4,1872,卖盘
1022,13:04:30,4.68,0.0,4,1872,卖盘
1023,13:04:54,4.68,0.0,5,2340,卖盘
1024,13:05:18,4.68,0.0,5,2340,卖盘
1025,13:05:27,4.69,0.01,2,938,买盘
1026,13:05:39,4.68,-0.01,20,9360,卖盘
1027,13:05:42,4.68,0.0,4,1872,卖盘
1028,13:05:51,4.68,0.0,2,936,卖盘
1029,13:06:04,4.68,0.0,4,1872,卖盘
1030,13:06:27,4.68,0.0,7,3276,卖盘
1031,13:06:54,4.68,0.0,4,1872,卖盘
1032,13:07:00,4.68,0.0,3,1404,卖盘
1033,13:07:15,4.68,0.0,5,2340,卖盘
1034,13:07:39,4.68,0.0,4,1872,卖盘
1035,13:08:04,4.68,0.0,4,1872,卖盘
1036,13:08:06,4.68,0.0,2,936,卖盘
1037,13:08:30,4.68,0.0,470,219960,卖盘
1038,13:08:33,4.67,-0.01,26,12142,卖盘
1039,13:08:39,4.67,0.0,1,467,卖盘
1040,13:08:42,4.67,0.0,2,934,卖盘
1041,13:08:54,4.67,0.0,20,9340,卖盘
1042,13:08:57,4.67,0.0,3,1401,卖盘
1043,13:09:03,4.68,0.01,2,936,买盘
1044,13:09:09,4.67,-0.01,20,9340,卖盘
1045,13:09:18,4.67,0.0,51,23817,卖盘
1046,13:09:34,4.67,0.0,1,467,卖盘
1047,13:09:36,4.67,0.0,2,934,卖盘
1048,13:10:24,4.67,0.0,1,467,卖盘
1049,13:10:27,4.67,0.0,2,934,卖盘
1050,13:10:54,4.68,0.01,4,1872,买盘
1051,13:11:42,4.67,-0.01,9,4203,卖盘
1052,13:11:45,4.67,0.0,5,2335,卖盘
1053,13:12:00,4.67,0.0,2,934,卖盘
1054,13:12:04,4.67,0.0,2,934,卖盘
1055,13:12:12,4.68,0.01,17,7956,买盘
1056,13:12:48,4.68,0.0,82,38376,买盘
1057,13:12:55,4.67,-0.01,2,934,卖盘
1058,13:13:03,4.68,0.01,7,3276,买盘
1059,13:13:06,4.68,0.0,10,4680,买盘
1060,13:13:15,4.68,0.0,69,32292,买盘
1061,13:13:18,4.67,-0.01,1,467,卖盘
1062,13:13:21,4.67,0.0,3,1401,卖盘
1063,13:13:39,4.67,0.0,1,467,卖盘
1064,13:13:42,4.67,0.0,1,467,卖盘
1065,13:13:57,4.67,0.0,8,3736,卖盘
1066,13:14:04,4.67,0.0,2,934,卖盘
1067,13:14:51,4.68,0.01,79,36972,买盘
1068,13:15:00,4.67,-0.01,88,41096,卖盘
1069,13:15:24,4.67,0.0,1,467,卖盘
1070,13:15:54,4.68,0.01,68,31824,买盘
1071,13:15:57,4.68,0.0,71,33228,买盘
1072,13:16:00,4.68,0.0,37,17316,买盘
1073,13:16:03,4.68,0.0,82,38376,买盘
1074,13:16:06,4.68,0.0,139,65052,买盘
1075,13:16:10,4.68,0.0,5,2340,买盘
1076,13:16:21,4.68,0.0,1,468,卖盘
1077,13:16:39,4.69,0.01,3,1407,买盘
1078,13:16:57,4.69,0.0,100,46900,买盘
1079,13:17:04,4.68,-0.01,2,936,卖盘
1080,13:17:18,4.7,0.02,75,35232,买盘
1081,13:17:43,4.68,-0.02,54,25272,卖盘
1082,13:18:04,4.69,0.01,11,5159,买盘
1083,13:18:24,4.69,0.0,3,1407,买盘
1084,13:18:27,4.7,0.01,76,35687,买盘
1085,13:18:39,4.69,-0.01,5,2345,卖盘
1086,13:18:51,4.69,0.0,9,4221,买盘
1087,13:18:54,4.7,0.01,1,470,买盘
1088,13:19:18,4.69,-0.01,1,469,卖盘
1089,13:19:22,4.7,0.01,7,3290,买盘
1090,13:19:39,4.7,0.0,22,10340,买盘
1091,13:20:12,4.7,0.0,72,33840,买盘
1092,13:20:24,4.69,-0.01,1,469,卖盘
1093,13:21:00,4.7,0.01,72,33840,买盘
1094,13:21:06,4.69,-0.01,69,32361,卖盘
1095,13:21:30,4.69,0.0,40,18760,卖盘
1096,13:21:33,4.68,-0.01,29,13606,卖盘
1097,13:21:39,4.7,0.02,7,3290,买盘
1098,13:21:42,4.7,0.0,31,14554,买盘
1099,13:21:45,4.69,-0.01,7,3283,卖盘
1100,13:22:00,4.7,0.01,74,34780,买盘
1101,13:22:04,4.69,-0.01,5,2345,卖盘
1102,13:22:06,4.69,0.0,13,6097,卖盘
1103,13:22:24,4.68,-0.01,7,3278,卖盘
1104,13:22:30,4.7,0.02,73,34304,买盘
1105,13:23:12,4.68,-0.02,7,3280,卖盘
1106,13:23:36,4.68,0.0,5,2342,卖盘
1107,13:23:45,4.7,0.02,9,4230,买盘
1108,13:23:49,4.7,0.0,5,2350,买盘
1109,13:23:51,4.7,0.0,9,4230,买盘
1110,13:23:58,4.7,0.0,72,33840,买盘
1111,13:24:00,4.7,0.0,12,5640,买盘
1112,13:24:03,4.7,0.0,4,1880,买盘
1113,13:24:06,4.7,0.0,9,4230,买盘
1114,13:24:09,4.7,0.0,18,8460,买盘
1115,13:24:12,4.71,0.01,9,4235,买盘
1116,13:24:15,4.71,0.0,9,4239,买盘
1117,13:24:33,4.71,0.0,7,3297,买盘
1118,13:24:36,4.69,-0.02,5,2345,卖盘
1119,13:25:00,4.71,0.02,79,37198,买盘
1120,13:25:03,4.69,-0.02,5,2345,卖盘
1121,13:25:07,4.7,0.01,18,8460,买盘
1122,13:25:16,4.7,0.0,25,11750,卖盘
1123,13:25:18,4.7,0.0,10,4700,卖盘
1124,13:25:21,4.7,0.0,1,470,卖盘
1125,13:25:27,4.7,0.0,6,2820,卖盘
1126,13:25:31,4.7,0.0,6,2820,卖盘
1127,13:25:48,4.69,-0.01,5,2345,卖盘
1128,13:25:57,4.69,0.0,6,2817,卖盘
1129,13:26:04,4.7,0.01,83,39010,买盘
1130,13:26:16,4.69,-0.01,5,2345,卖盘
1131,13:26:18,4.71,0.02,68,31970,买盘
1132,13:26:30,4.69,-0.02,14,6566,卖盘
1133,13:26:57,4.7,0.01,8,3760,买盘
1134,13:27:04,4.69,-0.01,5,2345,卖盘
1135,13:27:06,4.69,0.0,2,938,卖盘
1136,13:27:27,4.69,0.0,5,2345,卖盘
1137,13:27:45,4.69,0.0,20,9380,卖盘
1138,13:27:55,4.69,0.0,5,2345,卖盘
1139,13:28:09,4.7,0.01,124,58280,买盘
1140,13:28:18,4.71,0.01,80,37651,买盘
1141,13:28:24,4.7,-0.01,7,3290,买盘
1142,13:28:27,4.7,0.0,3,1410,卖盘
1143,13:28:43,4.69,-0.01,2,938,卖盘
1144,13:29:06,4.69,0.0,4,1876,卖盘
1145,13:29:09,4.7,0.01,71,33370,买盘
1146,13:29:31,4.69,-0.01,5,2345,卖盘
1147,13:29:51,4.7,0.01,75,35250,买盘
1148,13:29:57,4.69,-0.01,5,2345,卖盘
1149,13:30:09,4.69,0.0,1,469,卖盘
1150,13:30:21,4.7,0.01,87,40885,买盘
1151,13:30:27,4.69,-0.01,2,938,卖盘
1152,13:30:48,4.69,0.0,5,2345,卖盘
1153,13:30:54,4.7,0.01,7,3290,买盘
1154,13:31:12,4.69,-0.01,28,13132,卖盘
1155,13:31:15,4.69,0.0,5,2345,卖盘
1156,13:31:18,4.69,0.0,5,2345,卖盘
1157,13:31:24,4.7,0.01,3,1410,买盘
1158,13:31:27,4.69,-0.01,1,469,卖盘
1159,13:31:39,4.69,0.0,5,2345,卖盘
1160,13:31:57,4.7,0.01,10,4700,买盘
1161,13:32:06,4.69,-0.01,6,2814,卖盘
1162,13:32:27,4.7,0.01,78,36660,买盘
1163,13:32:30,4.69,-0.01,5,2345,卖盘
1164,13:32:55,4.69,0.0,5,2345,卖盘
1165,13:32:58,4.7,0.01,71,33370,买盘
1166,13:33:09,4.7,0.0,2,940,买盘
1167,13:33:15,4.69,-0.01,50,23450,卖盘
1168,13:33:18,4.69,0.0,5,2345,卖盘
1169,13:33:21,4.69,0.0,5,2345,卖盘
1170,13:33:27,4.69,0.0,50,23450,卖盘
1171,13:33:42,4.68,-0.01,10,4684,卖盘
1172,13:33:55,4.69,0.01,3,1407,买盘
1173,13:33:57,4.68,-0.01,7,3276,卖盘
1174,13:34:06,4.68,0.0,5,2340,卖盘
1175,13:34:12,4.69,0.01,10,4690,买盘
1176,13:34:15,4.69,0.0,3,1407,买盘
1177,13:34:21,4.69,0.0,69,32361,买盘
1178,13:34:37,4.68,-0.01,1,468,卖盘
1179,13:34:39,4.7,0.02,77,36181,买盘
1180,13:34:51,4.69,-0.01,9,4221,卖盘
1181,13:35:03,4.69,0.0,7,3283,买盘
1182,13:35:18,4.69,0.0,5,2345,买盘
1183,13:35:21,4.69,0.0,16,7504,卖盘
1184,13:35:24,4.69,0.0,2,938,卖盘
1185,13:35:27,4.7,0.01,7,3290,买盘
1186,13:35:30,4.7,0.0,5,2350,买盘
1187,13:35:36,4.69,-0.01,1,469,卖盘
1188,13:35:45,4.69,0.0,5,2345,卖盘
1189,13:35:51,4.69,0.0,98,45962,卖盘
1190,13:35:54,4.69,0.0,39,18291,卖盘
1191,13:36:00,4.68,-0.01,7,3278,卖盘
1192,13:36:04,4.69,0.01,6,2813,中性盘
1193,13:36:09,4.69,0.0,5,2345,卖盘
1194,13:36:15,4.69,0.0,122,57300,卖盘
1195,13:36:18,4.7,0.01,20,9400,买盘
1196,13:36:33,4.69,-0.01,5,2345,卖盘
1197,13:36:39,4.7,0.01,83,39010,买盘
1198,13:36:45,4.71,0.01,69,32456,买盘
1199,13:37:21,4.69,-0.02,5,2345,卖盘
1200,13:37:27,4.69,0.0,1,469,卖盘
1201,13:37:45,4.69,0.0,5,2345,卖盘
1202,13:38:09,4.69,0.0,10,4690,卖盘
1203,13:38:12,4.69,0.0,5,2345,卖盘
1204,13:38:24,4.7,0.01,83,39010,买盘
1205,13:38:33,4.71,0.01,68,31989,买盘
1206,13:38:39,4.71,0.0,1,471,买盘
1207,13:38:57,4.71,0.0,2,942,买盘
1208,13:39:04,4.71,0.0,1,471,买盘
1209,13:39:12,4.71,0.0,9,4239,买盘
1210,13:39:15,4.71,0.0,17,8006,买盘
1211,13:39:18,4.71,0.0,9,4239,买盘
1212,13:39:21,4.69,-0.02,6,2814,卖盘
1213,13:39:25,4.69,0.0,5,2345,卖盘
1214,13:39:27,4.71,0.02,3,1413,买盘
1215,13:39:45,4.71,0.0,7,3297,买盘
1216,13:39:48,4.7,-0.01,7,3286,中性盘
1217,13:39:51,4.7,0.0,20,9400,买盘
1218,13:39:54,4.7,0.0,16,7520,买盘
1219,13:39:57,4.7,0.0,4,1880,卖盘
1220,13:40:06,4.71,0.01,70,32970,买盘
1221,13:40:12,4.7,-0.01,302,141940,卖盘
1222,13:40:18,4.69,-0.01,2,938,卖盘
1223,13:40:27,4.7,0.01,14,6580,买盘
1224,13:40:31,4.7,0.0,37,17390,卖盘
1225,13:40:33,4.7,0.0,16,7520,卖盘
1226,13:40:39,4.7,0.0,50,23500,卖盘
1227,13:40:42,4.71,0.01,8,3763,买盘
1228,13:40:48,4.71,0.0,76,35796,买盘
1229,13:40:58,4.7,-0.01,208,97760,卖盘
1230,13:41:06,4.69,-0.01,6,2814,卖盘
1231,13:41:21,4.7,0.01,5,2350,买盘
1232,13:41:24,4.7,0.0,10,4700,买盘
1233,13:41:27,4.7,0.0,5,2350,买盘
1234,13:41:30,4.69,-0.01,5,2345,卖盘
1235,13:42:00,4.69,0.0,5,2345,卖盘
1236,13:42:09,4.69,0.0,1,469,卖盘
1237,13:42:24,4.7,0.01,73,34310,买盘
1238,13:42:51,4.69,-0.01,5,2345,卖盘
1239,13:43:04,4.69,0.0,215,100835,卖盘
1240,13:43:06,4.69,0.0,98,46035,卖盘
1241,13:43:27,4.69,0.0,10,4695,卖盘
1242,13:43:43,4.69,0.0,1,469,卖盘
1243,13:43:45,4.7,0.01,20,9400,买盘
1244,13:43:54,4.69,-0.01,5,2345,卖盘
1245,13:44:04,4.69,0.0,43,20167,卖盘
1246,13:44:15,4.7,0.01,109,51205,买盘
1247,13:44:18,4.7,0.0,7,3290,买盘
1248,13:44:21,4.69,-0.01,7,3285,卖盘
1249,13:44:24,4.69,0.0,13,6097,卖盘
1250,13:44:27,4.69,0.0,51,23919,卖盘
1251,13:44:34,4.69,0.0,10,4690,中性盘
1252,13:44:39,4.69,0.0,10,4690,中性盘
1253,13:44:48,4.68,-0.01,5,2340,卖盘
1254,13:44:51,4.69,0.01,4,1876,买盘
1255,13:44:54,4.7,0.01,67,31460,买盘
1256,13:45:24,4.69,-0.01,10,4690,卖盘
1257,13:45:27,4.7,0.01,82,38540,买盘
1258,13:45:36,4.69,-0.01,5,2345,卖盘
1259,13:46:00,4.69,0.0,5,2345,卖盘
1260,13:46:12,4.69,0.0,10,4690,卖盘
1261,13:46:15,4.69,0.0,18,8442,买盘
1262,13:46:18,4.68,-0.01,5,2340,卖盘
1263,13:46:24,4.68,0.0,5,2340,卖盘
1264,13:46:36,4.69,0.01,2,938,中性盘
1265,13:46:45,4.69,0.0,9,4221,卖盘
1266,13:46:48,4.7,0.01,78,36660,买盘
1267,13:46:51,4.69,-0.01,5,2345,卖盘
1268,13:46:54,4.69,0.0,5,2345,卖盘
1269,13:47:00,4.7,0.01,76,35715,买盘
1270,13:47:09,4.69,-0.01,1,469,卖盘
1271,13:47:22,4.7,0.01,2,940,买盘
1272,13:47:24,4.69,-0.01,4,1876,卖盘
1273,13:47:48,4.68,-0.01,62,29076,卖盘
1274,13:47:51,4.69,0.01,3,1407,买盘
1275,13:48:04,4.68,-0.01,7,3276,卖盘
1276,13:48:12,4.68,0.0,5,2340,卖盘
1277,13:48:15,4.68,0.0,12,5616,卖盘
1278,13:48:21,4.69,0.01,76,35644,买盘
1279,13:48:42,4.68,-0.01,6,2808,卖盘
1280,13:48:51,4.69,0.01,75,35175,买盘
1281,13:48:57,4.68,-0.01,1,468,卖盘
1282,13:49:06,4.68,0.0,5,2340,卖盘
1283,13:49:33,4.68,0.0,5,2340,卖盘
1284,13:49:48,4.69,0.01,18,8442,买盘
1285,13:50:03,4.69,0.0,18,8437,买盘
1286,13:50:12,4.71,0.02,74,34795,买盘
1287,13:50:18,4.71,0.0,16,7535,买盘
1288,13:50:39,4.69,-0.02,12,5628,卖盘
1289,13:50:45,4.71,0.02,46,21654,买盘
1290,13:50:48,4.71,0.0,16,7536,买盘
1291,13:50:54,4.72,0.01,77,36271,买盘
1292,13:51:04,4.71,-0.01,8,3765,买盘
1293,13:51:12,4.72,0.01,38,17912,买盘
1294,13:51:15,4.72,0.0,49,23126,买盘
1295,13:51:33,4.72,0.0,38,17930,买盘
1296,13:52:21,4.72,0.0,75,35396,买盘
1297,13:52:30,4.7,-0.02,37,17390,卖盘
1298,13:52:33,4.72,0.02,5,2360,买盘
1299,13:52:51,4.72,0.0,76,35863,买盘
1300,13:52:55,4.7,-0.02,8,3760,卖盘
1301,13:53:06,4.72,0.02,15,7080,买盘
1302,13:53:15,4.7,-0.02,11,5170,卖盘
1303,13:53:27,4.71,0.01,51,24021,买盘
1304,13:53:30,4.71,0.0,20,9420,卖盘
1305,13:53:42,4.71,0.0,114,53694,卖盘
1306,13:54:06,4.7,-0.01,3,1410,卖盘
1307,13:54:18,4.71,0.01,80,37680,买盘
1308,13:54:21,4.7,-0.01,3,1410,卖盘
1309,13:54:39,4.71,0.01,22,10362,买盘
1310,13:54:48,4.71,0.0,71,33441,买盘
1311,13:55:09,4.71,0.0,5,2355,买盘
1312,13:55:15,4.71,0.0,7,3297,买盘
1313,13:55:21,4.71,0.0,33,15543,买盘
1314,13:55:54,4.7,-0.01,40,18800,卖盘
1315,13:55:57,4.72,0.02,70,33001,买盘
1316,13:56:06,4.7,-0.02,1,470,卖盘
1317,13:56:09,4.72,0.02,76,35871,买盘
1318,13:56:33,4.7,-0.02,57,26883,卖盘
1319,13:56:48,4.71,0.01,8,3765,买盘
1320,13:56:54,4.71,0.0,27,12717,买盘
1321,13:57:06,4.7,-0.01,9,4230,卖盘
1322,13:57:18,4.71,0.01,20,9420,买盘
1323,13:57:30,4.71,0.0,15,7065,买盘
1324,13:57:39,4.71,0.0,25,11775,买盘
1325,13:57:42,4.72,0.01,29,13679,买盘
1326,13:57:45,4.72,0.0,82,38694,买盘
1327,13:58:06,4.72,0.0,69,32568,买盘
1328,13:58:33,4.71,-0.01,19,8949,卖盘
1329,13:58:45,4.71,0.0,19,8949,买盘
1330,13:58:48,4.71,0.0,244,115274,买盘
1331,13:59:15,4.73,0.02,321,151539,买盘
1332,13:59:36,4.73,0.0,13,6149,买盘
1333,14:00:03,4.72,-0.01,3,1416,买盘
1334,14:00:06,4.72,0.0,10,4720,买盘
1335,14:00:19,4.73,0.01,90,42498,买盘
1336,14:00:46,4.72,-0.01,11,5192,买盘
1337,14:01:06,4.7,-0.02,2,940,卖盘
1338,14:01:09,4.72,0.02,14,6608,买盘
1339,14:01:15,4.7,-0.02,28,13160,卖盘
1340,14:01:18,4.7,0.0,5,2350,卖盘
1341,14:01:24,4.72,0.02,10,4720,买盘
1342,14:01:30,4.72,0.0,72,33974,买盘
1343,14:01:33,4.72,0.0,4,1888,买盘
1344,14:01:36,4.72,0.0,4,1888,买盘
1345,14:01:42,4.72,0.0,4,1888,买盘
1346,14:01:48,4.72,0.0,10,4720,买盘
1347,14:01:54,4.72,0.0,3,1416,买盘
1348,14:01:57,4.72,0.0,88,41536,买盘
1349,14:02:04,4.72,0.0,10,4720,买盘
1350,14:02:21,4.72,0.0,10,4720,买盘
1351,14:02:25,4.72,0.0,19,8968,买盘
1352,14:02:27,4.72,0.0,12,5664,买盘
1353,14:02:30,4.72,0.0,13,6136,买盘
1354,14:02:39,4.72,0.0,10,4720,买盘
1355,14:02:48,4.72,0.0,7,3304,买盘
1356,14:02:51,4.71,-0.01,64,30144,卖盘
1357,14:02:57,4.71,0.0,12,5652,卖盘
1358,14:03:15,4.72,0.01,8,3776,买盘
1359,14:03:27,4.72,0.0,29,13688,买盘
1360,14:03:30,4.73,0.01,74,34998,买盘
1361,14:03:42,4.73,0.0,76,35938,买盘
1362,14:03:57,4.73,0.0,10,4730,买盘
1363,14:04:12,4.73,0.0,1,473,买盘
1364,14:04:21,4.73,0.0,11,5203,买盘
1365,14:04:34,4.73,0.0,18,8514,买盘
1366,14:04:36,4.73,0.0,35,16555,买盘
1367,14:05:00,4.73,0.0,11,5203,买盘
1368,14:05:12,4.73,0.0,26,12298,买盘
1369,14:05:15,4.73,0.0,10,4730,买盘
1370,14:05:18,4.73,0.0,83,39259,买盘
1371,14:05:21,4.72,-0.01,12,5664,卖盘
1372,14:05:24,4.72,0.0,133,62776,卖盘
1373,14:05:27,4.71,-0.01,3,1413,卖盘
1374,14:05:33,4.71,0.0,168,79128,卖盘
1375,14:05:40,4.71,0.0,4,1885,卖盘
1376,14:05:42,4.72,0.01,68,32096,买盘
1377,14:05:51,4.71,-0.01,60,28260,卖盘
1378,14:05:54,4.71,0.0,25,11775,卖盘
1379,14:06:09,4.7,-0.01,2,940,卖盘
1380,14:06:21,4.7,0.0,1,470,卖盘
1381,14:06:25,4.71,0.01,45,21195,买盘
1382,14:06:30,4.7,-0.01,9,4230,卖盘
1383,14:06:33,4.7,0.0,2,940,卖盘
1384,14:06:42,4.7,0.0,1,470,卖盘
1385,14:06:48,4.7,0.0,7,3290,卖盘
1386,14:06:51,4.71,0.01,82,38622,买盘
1387,14:07:13,4.71,0.0,6,2826,买盘
1388,14:07:15,4.72,0.01,80,37732,买盘
1389,14:07:18,4.7,-0.02,7,3290,卖盘
1390,14:07:34,4.72,0.02,71,33500,买盘
1391,14:07:48,4.71,-0.01,5,2355,买盘
1392,14:07:52,4.71,0.0,2,942,卖盘
1393,14:07:55,4.71,0.0,2,942,卖盘
1394,14:07:58,4.71,0.0,85,40035,卖盘
1395,14:08:09,4.72,0.01,3,1416,买盘
1396,14:08:12,4.71,-0.01,2,942,卖盘
1397,14:08:25,4.71,0.0,4,1884,卖盘
1398,14:08:36,4.71,0.0,5,2355,卖盘
1399,14:08:45,4.71,0.0,1,471,卖盘
1400,14:08:54,4.71,0.0,2,942,卖盘
1401,14:09:04,4.71,0.0,3,1413,卖盘
1402,14:09:09,4.72,0.01,1,472,买盘
1403,14:09:21,4.72,0.0,120,56640,买盘
1404,14:09:24,4.71,-0.01,1,471,卖盘
1405,14:09:27,4.71,0.0,71,33510,卖盘
1406,14:09:30,4.71,0.0,2,942,卖盘
1407,14:09:36,4.72,0.01,71,33512,买盘
1408,14:09:42,4.72,0.0,10,4720,买盘
1409,14:09:45,4.72,0.0,11,5192,买盘
1410,14:09:57,4.72,0.0,14,6608,买盘
1411,14:10:00,4.71,-0.01,11,5191,卖盘
1412,14:10:09,4.71,0.0,1,471,卖盘
1413,14:10:15,4.71,0.0,22,10372,卖盘
1414,14:10:30,4.72,0.01,19,8959,买盘
1415,14:10:33,4.71,-0.01,12,5652,卖盘
1416,14:10:42,4.71,0.0,1,471,卖盘
1417,14:10:48,4.72,0.01,10,4720,买盘
1418,14:10:51,4.71,-0.01,1,471,卖盘
1419,14:10:57,4.71,0.0,11,5181,卖盘
1420,14:11:06,4.71,0.0,365,171915,卖盘
1421,14:11:18,4.7,-0.01,1,470,卖盘
1422,14:11:25,4.7,0.0,89,41911,卖盘
1423,14:11:33,4.7,0.0,73,34380,卖盘
1424,14:11:39,4.7,0.0,5,2350,卖盘
1425,14:11:45,4.71,0.01,37,17425,买盘
1426,14:11:49,4.71,0.0,73,34383,卖盘
1427,14:11:52,4.7,-0.01,44,20680,卖盘
1428,14:11:57,4.7,0.0,100,47000,卖盘
1429,14:12:00,4.7,0.0,25,11750,卖盘
1430,14:12:04,4.7,0.0,12,5640,买盘
1431,14:12:12,4.7,0.0,3,1410,卖盘
1432,14:12:16,4.7,0.0,1,470,卖盘
1433,14:12:24,4.7,0.0,7,3290,卖盘
1434,14:12:27,4.71,0.01,4,1884,买盘
1435,14:12:39,4.7,-0.01,22,10340,卖盘
1436,14:12:42,4.7,0.0,12,5640,买盘
1437,14:12:46,4.71,0.01,20,9386,买盘
1438,14:12:51,4.7,-0.01,11,5170,卖盘
1439,14:12:54,4.7,0.0,11,5170,买盘
1440,14:13:00,4.7,0.0,20,9400,卖盘
1441,14:13:03,4.7,0.0,7,3290,卖盘
1442,14:13:06,4.7,0.0,14,6580,卖盘
1443,14:13:12,4.7,0.0,1,470,卖盘
1444,14:13:21,4.7,0.0,2,940,卖盘
1445,14:13:27,4.71,0.01,78,36738,买盘
1446,14:13:30,4.7,-0.01,10,4700,卖盘
1447,14:13:42,4.71,0.01,34,15984,买盘
1448,14:13:45,4.7,-0.01,3,1410,卖盘
1449,14:13:48,4.71,0.01,78,36737,买盘
1450,14:13:51,4.7,-0.01,5,2350,卖盘
1451,14:13:54,4.71,0.01,3,1413,买盘
1452,14:14:04,4.7,-0.01,1,470,买盘
1453,14:14:06,4.71,0.01,97,45685,买盘
1454,14:14:09,4.7,-0.01,4,1880,卖盘
1455,14:14:18,4.7,0.0,2,940,卖盘
1456,14:14:27,4.7,0.0,1,470,卖盘
1457,14:14:30,4.7,0.0,1,470,卖盘
1458,14:14:33,4.71,0.01,6,2826,买盘
1459,14:14:36,4.71,0.0,8,3768,买盘
1460,14:14:42,4.7,-0.01,5,2350,卖盘
1461,14:14:46,4.71,0.01,8,3768,买盘
1462,14:14:54,4.7,-0.01,2,940,卖盘
1463,14:15:03,4.71,0.01,6,2826,买盘
1464,14:15:06,4.7,-0.01,1,470,卖盘
1465,14:15:09,4.7,0.0,6,2820,卖盘
1466,14:15:16,4.7,0.0,13,6110,卖盘
1467,14:15:19,4.71,0.01,95,44745,买盘
1468,14:15:21,4.7,-0.01,10,4700,卖盘
1469,14:15:24,4.71,0.01,81,38151,买盘
1470,14:15:27,4.71,0.0,4,1884,买盘
1471,14:15:30,4.71,0.0,4,1884,买盘
1472,14:15:33,4.71,0.0,7,3296,买盘
1473,14:15:36,4.71,0.0,4,1884,买盘
1474,14:15:45,4.71,0.0,70,32970,买盘
1475,14:15:48,4.71,0.0,4,1884,买盘
1476,14:15:51,4.71,0.0,3,1413,买盘
1477,14:16:15,4.7,-0.01,56,26320,卖盘
1478,14:16:18,4.7,0.0,25,11750,卖盘
1479,14:16:24,4.7,0.0,9,4230,卖盘
1480,14:16:27,4.71,0.01,95,44745,买盘
1481,14:16:30,4.7,-0.01,44,20680,卖盘
1482,14:16:33,4.71,0.01,4,1884,买盘
1483,14:16:45,4.71,0.0,4,1884,买盘
1484,14:16:51,4.71,0.0,4,1884,买盘
1485,14:16:57,4.71,0.0,3,1413,买盘
1486,14:17:15,4.7,-0.01,13,6114,卖盘
1487,14:17:27,4.7,0.0,9,4230,卖盘
1488,14:17:33,4.71,0.01,95,44745,买盘
1489,14:17:36,4.71,0.0,93,43794,买盘
1490,14:17:45,4.71,0.0,4,1884,买盘
1491,14:18:03,4.71,0.0,4,1884,买盘
1492,14:18:12,4.71,0.0,27,12693,买盘
1493,14:18:15,4.71,0.0,36,16923,买盘
1494,14:18:21,4.71,0.0,4,1884,买盘
1495,14:18:24,4.71,0.0,70,32970,买盘
1496,14:18:27,4.71,0.0,4,1884,买盘
1497,14:18:30,4.71,0.0,17,7997,买盘
1498,14:18:36,4.71,0.0,122,57438,买盘
1499,14:18:42,4.71,0.0,13,6123,买盘
1500,14:18:45,4.7,-0.01,30,14100,卖盘
1501,14:18:54,4.71,0.01,4,1884,买盘
1502,14:18:58,4.71,0.0,4,1884,买盘
1503,14:19:04,4.7,-0.01,24,11280,卖盘
1504,14:19:12,4.7,0.0,8,3760,卖盘
1505,14:19:21,4.7,0.0,8,3760,卖盘
1506,14:19:30,4.7,0.0,34,15980,卖盘
1507,14:19:33,4.7,0.0,29,13630,卖盘
1508,14:19:39,4.71,0.01,94,44274,买盘
1509,14:19:42,4.71,0.0,8,3768,卖盘
1510,14:19:46,4.71,0.0,75,35325,卖盘
1511,14:19:58,4.71,0.0,4,1884,买盘
1512,14:20:04,4.7,-0.01,31,14570,卖盘
1513,14:20:15,4.71,0.01,71,33439,买盘
1514,14:20:18,4.7,-0.01,8,3760,卖盘
1515,14:20:21,4.69,-0.01,37,17373,卖盘
1516,14:20:30,4.7,0.01,11,5170,中性盘
1517,14:20:33,4.7,0.0,2,940,卖盘
1518,14:20:45,4.7,0.0,31,14570,买盘
1519,14:20:51,4.7,0.0,33,15510,卖盘
1520,14:21:04,4.7,0.0,62,29140,卖盘
1521,14:21:06,4.69,-0.01,33,15477,卖盘
1522,14:21:15,4.7,0.01,11,5170,卖盘
1523,14:21:21,4.68,-0.02,24,11253,卖盘
1524,14:21:30,4.71,0.03,78,36728,买盘
1525,14:21:42,4.69,-0.02,24,11256,卖盘
1526,14:21:45,4.69,0.0,11,5159,卖盘
1527,14:21:48,4.7,0.01,20,9400,买盘
1528,14:21:51,4.71,0.01,82,38782,买盘
1529,14:21:54,4.7,-0.01,45,21151,买盘
1530,14:21:57,4.71,0.01,13,6123,中性盘
1531,14:22:21,4.7,-0.01,7,3290,卖盘
1532,14:22:24,4.7,0.0,23,10810,卖盘
1533,14:22:33,4.69,-0.01,7,3283,卖盘
1534,14:22:40,4.72,0.03,73,34424,买盘
1535,14:22:54,4.7,-0.02,108,50855,卖盘
1536,14:23:03,4.69,-0.01,23,10799,卖盘
1537,14:23:15,4.69,0.0,60,28140,卖盘
1538,14:23:27,4.69,0.0,92,43276,卖盘
1539,14:23:39,4.68,-0.01,490,229453,卖盘
1540,14:23:51,4.68,0.0,11,5148,卖盘
1541,14:23:54,4.69,0.01,4,1876,买盘
1542,14:23:57,4.69,0.0,43,20167,买盘
1543,14:24:04,4.69,0.0,10,4690,卖盘
1544,14:24:12,4.69,0.0,7,3283,卖盘
1545,14:24:15,4.69,0.0,9,4221,卖盘
1546,14:24:24,4.7,0.01,11,5163,买盘
1547,14:24:27,4.69,-0.01,9,4221,卖盘
1548,14:24:30,4.71,0.02,69,32479,买盘
1549,14:24:34,4.7,-0.01,26,12210,卖盘
1550,14:24:36,4.69,-0.01,9,4221,卖盘
1551,14:24:42,4.71,0.02,4,1884,买盘
1552,14:24:48,4.69,-0.02,15,7047,卖盘
1553,14:24:54,4.71,0.02,3,1413,买盘
1554,14:25:00,4.71,0.0,103,48494,买盘
1555,14:25:04,4.69,-0.02,1,469,卖盘
1556,14:25:10,4.71,0.02,2,942,买盘
1557,14:25:12,4.7,-0.01,10,4700,卖盘
1558,14:25:25,4.7,0.0,5,2350,卖盘
1559,14:25:27,4.7,0.0,5,2350,买盘
1560,14:25:30,4.71,0.01,78,36738,买盘
1561,14:25:33,4.69,-0.02,33,15490,卖盘
1562,14:25:36,4.7,0.01,6,2820,买盘
1563,14:25:48,4.7,0.0,18,8460,买盘
1564,14:26:00,4.7,0.0,3,1410,买盘
1565,14:26:04,4.7,0.0,48,22560,买盘
1566,14:26:06,4.7,0.0,12,5640,卖盘
1567,14:26:09,4.69,-0.01,9,4221,卖盘
1568,14:26:27,4.69,0.0,8,3752,卖盘
1569,14:26:33,4.69,0.0,7,3283,卖盘
1570,14:26:36,4.69,0.0,8,3752,卖盘
1571,14:26:39,4.69,0.0,115,54049,卖盘
1572,14:26:48,4.69,0.0,9,4221,卖盘
1573,14:26:54,4.71,0.02,500,235484,买盘
1574,14:26:57,4.69,-0.02,8,3752,卖盘
1575,14:27:04,4.71,0.02,500,235500,买盘
1576,14:27:09,4.7,-0.01,20,9390,买盘
1577,14:27:12,4.71,0.01,500,235500,买盘
1578,14:27:18,4.7,-0.01,8,3760,卖盘
1579,14:27:21,4.71,0.01,444,209124,买盘
1580,14:27:24,4.72,0.01,4,1888,买盘
1581,14:27:27,4.71,-0.01,9,4239,卖盘
1582,14:27:33,4.71,0.0,20,9420,卖盘
1583,14:27:36,4.71,0.0,49,23079,卖盘
1584,14:27:39,4.71,0.0,9,4239,卖盘
1585,14:27:51,4.72,0.01,508,239768,买盘
1586,14:28:00,4.71,-0.01,515,243065,卖盘
1587,14:28:03,4.72,0.01,375,177000,买盘
1588,14:28:06,4.72,0.0,41,19352,买盘
1589,14:28:09,4.72,0.0,6,2832,买盘
1590,14:28:15,4.72,0.0,167,78824,买盘
1591,14:28:27,4.74,0.02,500,236819,买盘
1592,14:28:33,4.72,-0.02,9,4248,卖盘
1593,14:28:40,4.75,0.03,76,36055,买盘
1594,14:28:45,4.73,-0.02,10,4730,卖盘
1595,14:28:57,4.73,0.0,509,241545,卖盘
1596,14:29:00,4.75,0.02,100,47500,买盘
1597,14:29:09,4.74,-0.01,3,1422,卖盘
1598,14:29:12,4.74,0.0,36,17099,卖盘
1599,14:29:15,4.74,0.0,13,6162,卖盘
1600,14:29:39,4.73,-0.01,35,16555,卖盘
1601,14:29:42,4.73,0.0,1,473,卖盘
1602,14:29:45,4.73,0.0,1,473,卖盘
1603,14:29:48,4.73,0.0,11,5203,卖盘
1604,14:29:51,4.73,0.0,14,6622,卖盘
1605,14:30:09,4.74,0.01,78,36929,买盘
1606,14:30:19,4.73,0.0,9,4257,卖盘
1607,14:30:30,4.73,0.0,11,4966,买盘
1608,14:30:54,4.73,0.0,73,34529,买盘
1609,14:30:57,4.73,0.0,3,1419,买盘
1610,14:31:00,4.73,0.0,13,6149,买盘
1611,14:31:06,4.72,-0.01,10,4720,卖盘
1612,14:31:18,4.72,0.0,11,5192,卖盘
1613,14:31:21,4.73,0.01,14,6622,买盘
1614,14:31:39,4.72,-0.01,5,2360,卖盘
1615,14:31:48,4.72,0.0,173,81729,卖盘
1616,14:31:54,4.72,0.0,11,5192,卖盘
1617,14:32:06,4.72,0.0,20,9440,卖盘
1618,14:32:09,4.72,0.0,36,16992,卖盘
1619,14:32:12,4.72,0.0,33,15576,卖盘
1620,14:32:22,4.73,0.01,25,11806,买盘
1621,14:33:04,4.72,-0.01,78,36816,买盘
1622,14:33:15,4.71,-0.01,6,2826,卖盘
1623,14:33:33,4.71,0.0,31,14601,卖盘
1624,14:33:45,4.71,0.0,9,4239,卖盘
1625,14:33:48,4.72,0.01,71,33512,买盘
1626,14:34:01,4.71,-0.01,49,23079,卖盘
1627,14:34:09,4.71,0.0,9,4239,卖盘
1628,14:34:15,4.71,0.0,6,2826,卖盘
1629,14:34:21,4.71,0.0,9,4239,卖盘
1630,14:34:30,4.71,0.0,241,113511,卖盘
1631,14:34:36,4.72,0.01,80,37713,买盘
1632,14:34:54,4.7,-0.02,20,9400,卖盘
1633,14:35:06,4.7,0.0,9,4230,卖盘
1634,14:35:09,4.71,0.01,125,58875,买盘
1635,14:35:12,4.7,-0.01,11,5174,卖盘
1636,14:35:15,4.7,0.0,6,2820,卖盘
1637,14:35:21,4.71,0.01,3,1413,买盘
1638,14:35:24,4.71,0.0,8,3768,买盘
1639,14:35:48,4.71,0.0,83,39093,买盘
1640,14:35:54,4.7,-0.01,10,4700,卖盘
1641,14:36:06,4.7,0.0,9,4230,卖盘
1642,14:36:15,4.71,0.01,68,32028,买盘
1643,14:36:18,4.7,-0.01,65,30604,卖盘
1644,14:36:21,4.71,0.01,4,1884,买盘
1645,14:36:24,4.71,0.0,3,1413,买盘
1646,14:36:27,4.7,-0.01,8,3760,卖盘
1647,14:36:40,4.7,0.0,10,4700,卖盘
1648,14:36:45,4.7,0.0,126,59220,卖盘
1649,14:36:48,4.7,0.0,12,5640,卖盘
1650,14:36:51,4.7,0.0,8,3760,卖盘
1651,14:37:03,4.7,0.0,10,4700,卖盘
1652,14:37:06,4.7,0.0,1,470,卖盘
1653,14:37:15,4.7,0.0,10,4700,卖盘
1654,14:37:27,4.7,0.0,10,4700,卖盘
1655,14:37:33,4.7,0.0,6,2820,卖盘
1656,14:37:39,4.7,0.0,9,4230,卖盘
1657,14:37:45,4.7,0.0,2,940,卖盘
1658,14:37:51,4.7,0.0,11,5170,卖盘
1659,14:37:55,4.72,0.02,161,75869,买盘
1660,14:37:58,4.7,-0.02,17,7990,卖盘
1661,14:38:03,4.71,0.01,10,4710,买盘
1662,14:38:09,4.72,0.01,139,65571,买盘
1663,14:38:15,4.71,-0.01,10,4710,中性盘
1664,14:38:22,4.71,0.0,4,1884,卖盘
1665,14:38:24,4.7,-0.01,18,8480,卖盘
1666,14:38:31,4.71,0.01,52,24492,买盘
1667,14:38:33,4.7,-0.01,22,10357,卖盘
1668,14:38:36,4.71,0.01,1,471,中性盘
1669,14:38:39,4.71,0.0,10,4710,买盘
1670,14:38:45,4.71,0.0,3,1413,买盘
1671,14:38:51,4.7,-0.01,7,3290,卖盘
1672,14:39:00,4.71,0.01,10,4710,买盘
1673,14:39:03,4.7,-0.01,30,14100,卖盘
1674,14:39:06,4.7,0.0,10,4700,卖盘
1675,14:39:10,4.7,0.0,37,17390,卖盘
1676,14:39:15,4.7,0.0,85,39950,卖盘
1677,14:39:21,4.69,-0.01,6,2814,卖盘
1678,14:39:30,4.69,0.0,10,4690,卖盘
1679,14:39:42,4.69,0.0,31,14539,卖盘
1680,14:39:54,4.69,0.0,10,4690,卖盘
1681,14:40:06,4.69,0.0,9,4221,卖盘
1682,14:40:09,4.7,0.01,143,67210,买盘
1683,14:40:13,4.69,-0.01,53,24901,卖盘
1684,14:40:16,4.7,0.01,10,4700,买盘
1685,14:40:19,4.69,-0.01,6,2814,卖盘
1686,14:40:27,4.71,0.02,160,75241,买盘
1687,14:40:30,4.69,-0.02,10,4690,卖盘
1688,14:40:42,4.69,0.0,9,4221,卖盘
1689,14:40:54,4.69,0.0,10,4690,卖盘
1690,14:41:09,4.69,0.0,11,5159,卖盘
1691,14:41:12,4.7,0.01,28,13160,买盘
1692,14:41:21,4.69,-0.01,10,4690,卖盘
1693,14:41:33,4.69,0.0,10,4690,卖盘
1694,14:41:40,4.69,0.0,3,1407,卖盘
1695,14:41:45,4.69,0.0,11,5159,卖盘
1696,14:41:48,4.69,0.0,5,2345,卖盘
1697,14:41:54,4.71,0.02,140,65861,买盘
1698,14:41:57,4.69,-0.02,11,5159,卖盘
1699,14:42:00,4.7,0.01,10,4700,买盘
1700,14:42:04,4.7,0.0,11,5170,买盘
1701,14:42:06,4.7,0.0,12,5640,买盘
1702,14:42:10,4.7,0.0,30,14100,买盘
1703,14:42:13,4.72,0.02,152,71736,买盘
1704,14:42:30,4.72,0.0,15,7080,买盘
1705,14:42:33,4.7,-0.02,13,6110,卖盘
1706,14:42:36,4.7,0.0,22,10340,买盘
1707,14:42:45,4.7,0.0,27,12699,卖盘
1708,14:42:57,4.7,0.0,20,9400,卖盘
1709,14:43:04,4.72,0.02,53,25016,买盘
1710,14:43:06,4.71,-0.01,19,8949,卖盘
1711,14:43:09,4.7,-0.01,11,5170,卖盘
1712,14:43:21,4.7,0.0,53,24952,卖盘
1713,14:43:27,4.71,0.01,2,942,买盘
1714,14:43:37,4.7,-0.01,10,4700,卖盘
1715,14:43:45,4.7,0.0,172,81087,卖盘
1716,14:43:57,4.7,0.0,9,4230,卖盘
1717,14:44:06,4.71,0.01,15,7065,买盘
1718,14:44:09,4.71,0.0,32,15089,中性盘
1719,14:44:33,4.72,0.01,141,66541,买盘
1720,14:45:04,4.71,-0.01,2,942,买盘
1721,14:45:12,4.71,0.0,13,6123,买盘
1722,14:45:16,4.71,0.0,15,7065,中性盘
1723,14:45:27,4.71,0.0,10,4710,卖盘
1724,14:45:30,4.7,-0.01,7,3290,卖盘
1725,14:45:33,4.7,0.0,7,3290,卖盘
1726,14:45:42,4.71,0.01,5,2355,中性盘
1727,14:45:45,4.7,-0.01,9,4230,卖盘
1728,14:46:06,4.71,0.01,109,51437,卖盘
1729,14:46:48,4.71,0.0,7,3297,卖盘
1730,14:46:51,4.72,0.01,4,1888,买盘
1731,14:46:57,4.71,-0.01,26,12246,卖盘
1732,14:47:00,4.71,0.0,2,942,卖盘
1733,14:47:09,4.72,0.01,2,944,买盘
1734,14:47:15,4.71,-0.01,3,1413,卖盘
1735,14:47:24,4.71,0.0,72,33912,卖盘
1736,14:47:33,4.72,0.01,50,23600,买盘
1737,14:47:45,4.71,-0.01,10,4714,卖盘
1738,14:48:00,4.71,0.0,7,3297,卖盘
1739,14:48:03,4.72,0.01,7,3304,买盘
1740,14:48:09,4.71,-0.01,16,7536,卖盘
1741,14:48:15,4.71,0.0,4,1884,卖盘
1742,14:48:21,4.71,0.0,8,3768,卖盘
1743,14:48:33,4.71,0.0,5,2355,卖盘
1744,14:48:36,4.72,0.01,4,1888,买盘
1745,14:48:42,4.72,0.0,50,23600,买盘
1746,14:48:45,4.7,-0.02,15,7054,卖盘
1747,14:48:51,4.71,0.01,7,3297,卖盘
1748,14:48:57,4.71,0.0,1,471,卖盘
1749,14:49:00,4.71,0.0,25,11775,卖盘
1750,14:49:16,4.72,0.01,46,21706,买盘
1751,14:49:18,4.7,-0.02,7,3290,卖盘
1752,14:49:27,4.72,0.02,4,1888,买盘
1753,14:49:30,4.72,0.0,5,2360,买盘
1754,14:49:33,4.71,-0.01,1,471,卖盘
1755,14:49:46,4.71,0.0,4,1884,卖盘
1756,14:50:00,4.71,0.0,19,8949,卖盘
1757,14:50:04,4.72,0.01,1,472,买盘
1758,14:50:07,4.72,0.0,3,1416,买盘
1759,14:50:09,4.71,-0.01,29,13659,卖盘
1760,14:50:12,4.72,0.01,61,28792,买盘
1761,14:50:15,4.72,0.0,148,69853,买盘
1762,14:50:24,4.73,0.01,10,4730,买盘
1763,14:50:27,4.72,-0.01,15,7080,买盘
1764,14:50:30,4.72,0.0,216,101844,买盘
1765,14:50:36,4.71,-0.01,19,8949,卖盘
1766,14:50:39,4.72,0.01,77,36344,买盘
1767,14:51:00,4.73,0.01,88,41624,买盘
1768,14:51:06,4.72,-0.01,6,2832,中性盘
1769,14:51:09,4.71,-0.01,7,3297,卖盘
1770,14:51:12,4.73,0.02,3,1419,买盘
1771,14:51:33,4.71,-0.02,27,12717,卖盘
1772,14:51:36,4.72,0.01,3,1416,中性盘
1773,14:51:42,4.72,0.0,3,1416,买盘
1774,14:51:51,4.72,0.0,77,36337,买盘
1775,14:52:12,4.72,0.0,5,2356,买盘
1776,14:52:27,4.72,0.0,8,3776,买盘
1777,14:52:33,4.72,0.0,67,31624,买盘
1778,14:52:36,4.71,-0.01,20,9420,卖盘
1779,14:52:51,4.71,0.0,269,126699,卖盘
1780,14:53:21,4.71,0.0,2,942,卖盘
1781,14:53:27,4.71,0.0,160,75360,卖盘
1782,14:53:39,4.71,0.0,44,20724,买盘
1783,14:53:55,4.71,0.0,18,8478,卖盘
1784,14:53:57,4.7,-0.01,54,25420,卖盘
1785,14:54:06,4.7,0.0,12,5640,卖盘
1786,14:54:10,4.7,0.0,12,5640,卖盘
1787,14:54:33,4.72,0.02,90,42440,买盘
1788,14:54:45,4.7,-0.02,39,18390,卖盘
1789,14:54:48,4.7,0.0,7,3290,卖盘
1790,14:54:57,4.7,0.0,8,3760,卖盘
1791,14:55:00,4.7,0.0,7,3290,卖盘
1792,14:55:12,4.71,0.01,45,21195,卖盘
1793,14:55:15,4.71,0.0,7,3297,卖盘
1794,14:55:24,4.72,0.01,220,103840,买盘
1795,14:55:28,4.72,0.0,13,6136,卖盘
1796,14:55:40,4.73,0.01,10,4728,买盘
1797,14:55:45,4.72,-0.01,60,28320,卖盘
1798,14:55:55,4.72,0.0,21,9912,卖盘
1799,14:56:07,4.72,0.0,7,3304,卖盘
1800,14:56:16,4.72,0.0,17,8024,卖盘
1801,14:56:21,4.72,0.0,8,3776,买盘
1802,14:56:24,4.72,0.0,50,23600,买盘
1803,14:56:27,4.73,0.01,150,70925,买盘
1804,14:56:48,4.72,-0.01,56,26432,卖盘
1805,14:56:51,4.73,0.01,14,6622,买盘
1806,14:56:55,4.73,0.0,100,47300,买盘
1807,14:56:57,4.73,0.0,107,50611,买盘
1808,14:57:00,4.72,-0.01,140,66080,卖盘
1809,15:00:04,4.75,0.03,3770,1790750,卖盘
