,time,price,change,volume,amount,type
0,09:25:04,8.95,-0.01,45,40275,买盘
1,09:30:04,8.95,0.0,22,19690,卖盘
2,09:30:07,8.99,0.04,23,20665,买盘
3,09:30:19,8.99,0.0,1,899,买盘
4,09:30:37,8.99,0.0,2,1798,买盘
5,09:30:52,8.99,0.0,1,899,买盘
6,09:32:01,8.98,-0.01,1,898,买盘
7,09:32:07,8.95,-0.03,1,895,卖盘
8,09:32:34,8.98,0.03,1,898,买盘
9,09:32:37,8.98,0.0,2,1796,买盘
10,09:33:04,8.98,0.0,1,898,买盘
11,09:33:25,8.97,-0.01,1,897,买盘
12,09:33:30,8.97,0.0,1,897,买盘
13,09:33:33,8.97,0.0,1,897,买盘
14,09:33:37,8.97,0.0,1,897,买盘
15,09:34:04,8.96,-0.01,2,1792,买盘
16,09:34:10,8.96,0.0,2,1792,买盘
17,09:34:16,8.96,0.0,1,896,买盘
18,09:34:18,8.96,0.0,1,896,买盘
19,09:34:28,8.96,0.0,1,896,买盘
20,09:34:31,8.96,0.0,2,1792,买盘
21,09:34:34,8.96,0.0,1,896,买盘
22,09:34:46,8.96,0.0,12,10752,买盘
23,09:34:49,8.95,-0.01,30,26850,卖盘
24,09:34:52,8.95,0.0,4,3580,卖盘
25,09:35:04,8.95,0.0,1,895,买盘
26,09:35:10,8.94,-0.01,4,3576,卖盘
27,09:35:19,8.94,0.0,1,894,卖盘
28,09:35:28,8.95,0.01,1,895,买盘
29,09:35:31,8.95,0.0,56,50075,买盘
30,09:35:37,8.94,-0.01,1,894,买盘
31,09:35:40,8.93,-0.01,1,893,卖盘
32,09:35:43,8.92,-0.01,13,11602,卖盘
33,09:35:49,8.92,0.0,51,45492,卖盘
34,09:35:58,8.91,-0.01,30,26730,卖盘
35,09:36:03,8.94,0.03,1,894,买盘
36,09:36:13,8.9,-0.04,4,3560,卖盘
37,09:36:25,8.9,0.0,12,10680,卖盘
38,09:36:27,8.94,0.04,2,1788,买盘
39,09:36:37,8.88,-0.06,3,2664,卖盘
40,09:36:39,8.94,0.06,2,1788,买盘
41,09:36:55,8.88,-0.06,5,4440,卖盘
42,09:37:10,8.94,0.06,2,1788,买盘
43,09:37:13,8.93,-0.01,2,1786,卖盘
44,09:37:16,8.93,0.0,5,4465,卖盘
45,09:37:19,8.89,-0.04,5,4445,卖盘
46,09:37:31,8.94,0.05,1,894,买盘
47,09:37:34,8.89,-0.05,2,2071,卖盘
48,09:37:40,8.94,0.05,1,894,买盘
49,09:37:58,8.89,-0.05,2,1778,卖盘
50,09:38:07,8.94,0.05,1,894,买盘
51,09:38:10,8.89,-0.05,10,8890,卖盘
52,09:38:12,8.94,0.05,1,894,买盘
53,09:38:34,8.94,0.0,15,13402,买盘
54,09:38:43,8.9,-0.04,10,8900,卖盘
55,09:38:58,8.93,0.03,1,893,卖盘
56,09:39:01,8.9,-0.03,1,890,卖盘
57,09:39:04,8.93,0.03,3,2679,买盘
58,09:39:10,8.93,0.0,1,893,买盘
59,09:39:13,8.9,-0.03,10,8900,卖盘
60,09:39:43,8.93,0.03,1,893,买盘
61,09:40:09,8.93,0.0,2,1786,买盘
62,09:40:19,8.9,-0.03,2,1780,卖盘
63,09:40:34,8.93,0.03,1,893,买盘
64,09:40:37,8.9,-0.03,10,8900,卖盘
65,09:40:43,8.93,0.03,1,893,买盘
66,09:40:46,8.9,-0.03,11,9790,卖盘
67,09:40:55,8.9,0.0,20,17800,卖盘
68,09:41:13,8.93,0.03,2,1786,买盘
69,09:41:37,8.93,0.0,3,2673,买盘
70,09:41:40,8.93,0.0,1,893,买盘
71,09:41:46,8.93,0.0,1,893,买盘
72,09:41:49,8.93,0.0,1,893,买盘
73,09:41:51,8.93,0.0,1,893,买盘
74,09:42:07,8.93,0.0,1,893,买盘
75,09:42:10,8.93,0.0,1,893,买盘
76,09:42:13,8.93,0.0,5,4465,买盘
77,09:42:21,8.91,-0.02,10,8910,卖盘
78,09:42:31,8.94,0.03,1,894,买盘
79,09:42:34,8.94,0.0,1,894,买盘
80,09:43:04,8.94,0.0,1,894,买盘
81,09:43:13,8.94,0.0,22,19668,买盘
82,09:43:16,8.94,0.0,1,894,买盘
83,09:43:34,8.94,0.0,5,4470,买盘
84,09:43:37,8.94,0.0,1,894,买盘
85,09:43:39,8.94,0.0,1,894,买盘
86,09:44:10,8.94,0.0,3,2682,买盘
87,09:44:31,8.92,-0.02,15,13380,卖盘
88,09:44:34,8.92,0.0,1,892,买盘
89,09:44:42,8.92,0.0,1,892,买盘
90,09:45:10,8.92,0.0,1,892,买盘
91,09:45:13,8.92,0.0,1,892,买盘
92,09:45:19,8.92,0.0,10,8920,买盘
93,09:45:27,8.92,0.0,31,27652,买盘
94,09:45:37,8.92,0.0,1,892,买盘
95,09:45:46,8.92,0.0,1,892,买盘
96,09:46:09,8.92,0.0,21,18732,买盘
97,09:46:12,8.92,0.0,1,892,买盘
98,09:46:40,8.92,0.0,1,892,买盘
99,09:46:43,8.92,0.0,1,892,买盘
100,09:47:13,8.92,0.0,2,1784,买盘
101,09:47:31,8.92,0.0,1,892,买盘
102,09:47:34,8.92,0.0,15,13380,买盘
103,09:47:37,8.91,-0.01,151,134542,卖盘
104,09:47:52,8.9,-0.01,7,6230,卖盘
105,09:48:06,8.91,0.01,1,891,买盘
106,09:48:10,8.91,0.0,1,891,买盘
107,09:48:22,8.91,0.0,2,1782,买盘
108,09:48:25,8.91,0.0,121,107711,买盘
109,09:48:43,8.92,0.01,1,892,买盘
110,09:48:46,8.9,-0.02,33,29390,卖盘
111,09:49:13,8.92,0.02,2,1784,买盘
112,09:49:16,8.92,0.0,38,33896,买盘
113,09:49:37,8.92,0.0,4,3570,卖盘
114,09:49:40,8.92,0.0,1,892,买盘
115,09:49:52,8.92,0.0,5,4460,买盘
116,09:50:13,8.92,0.0,49,43708,买盘
117,09:50:34,8.94,0.02,1,894,买盘
118,09:50:37,8.94,0.0,1,894,买盘
119,09:51:00,8.95,0.01,2,1790,买盘
120,09:51:28,8.94,-0.01,1,894,买盘
121,09:51:34,8.94,0.0,1,894,买盘
122,09:52:01,8.94,0.0,1,894,买盘
123,09:52:04,8.94,0.0,1,894,买盘
124,09:52:10,8.94,0.0,6,5364,买盘
125,09:52:31,8.95,0.01,1,895,买盘
126,09:52:55,8.95,0.0,1,895,买盘
127,09:52:58,8.94,-0.01,6,5364,卖盘
128,09:53:01,8.94,0.0,2,1788,买盘
129,09:53:22,8.93,-0.01,2,1786,卖盘
130,09:53:28,8.93,0.0,3,2679,卖盘
131,09:53:31,8.93,0.0,1,893,买盘
132,09:53:46,8.92,-0.01,11,9812,卖盘
133,09:53:54,8.93,0.01,1,893,买盘
134,09:54:01,8.93,0.0,3,2679,买盘
135,09:54:21,8.93,0.0,1,893,买盘
136,09:54:46,8.92,-0.01,1,892,卖盘
137,09:54:49,8.92,0.0,5,4460,买盘
138,09:54:55,8.92,0.0,1,892,买盘
139,09:54:58,8.92,0.0,2,1784,买盘
140,09:55:06,8.92,0.0,9,8028,买盘
141,09:55:13,8.92,0.0,2,1784,卖盘
142,09:55:18,8.92,0.0,13,11596,买盘
143,09:55:22,8.92,0.0,17,15164,买盘
144,09:55:31,8.93,0.01,1,893,买盘
145,09:55:40,8.93,0.0,16,14288,买盘
146,09:56:30,8.93,0.0,2,1786,卖盘
147,09:56:49,8.92,-0.01,11,9812,卖盘
148,09:57:25,8.93,0.01,11,9823,买盘
149,09:57:54,8.93,0.0,7,6251,卖盘
150,09:57:57,8.93,0.0,32,28576,卖盘
151,09:58:28,8.92,-0.01,2,1784,卖盘
152,09:58:52,8.93,0.01,4,3572,买盘
153,10:00:01,8.93,0.0,1,893,买盘
154,10:00:19,8.92,-0.01,42,37464,卖盘
155,10:00:34,8.92,0.0,6,5352,卖盘
156,10:00:49,8.93,0.01,18,16074,买盘
157,10:02:34,8.94,0.01,10,8940,买盘
158,10:02:43,8.94,0.0,18,16092,买盘
159,10:03:01,8.95,0.01,7,6265,买盘
160,10:04:52,8.94,-0.01,5,4470,卖盘
161,10:05:01,8.94,0.0,28,25032,卖盘
162,10:05:22,8.94,0.0,5,4470,卖盘
163,10:05:46,8.94,0.0,3,2682,卖盘
164,10:06:10,8.94,0.0,19,16986,卖盘
165,10:06:46,8.93,-0.01,5,4465,卖盘
166,10:07:01,8.92,-0.01,4,3568,卖盘
167,10:07:28,8.93,0.01,4,3572,买盘
168,10:08:21,8.92,-0.01,10,8920,卖盘
169,10:08:55,8.93,0.01,10,8930,中性盘
170,10:09:31,8.93,0.0,30,26790,买盘
171,10:10:10,8.93,0.0,20,17860,卖盘
172,10:10:16,8.93,0.0,8,7144,卖盘
173,10:10:19,8.93,0.0,2,1786,卖盘
174,10:10:43,8.92,-0.01,10,8920,卖盘
175,10:10:45,8.92,0.0,30,26760,卖盘
176,10:10:49,8.92,0.0,4,3568,卖盘
177,10:13:33,8.92,0.0,9,8028,卖盘
178,10:13:37,8.91,-0.01,10,8910,卖盘
179,10:14:07,8.91,0.0,6,5346,卖盘
180,10:15:13,8.92,0.01,4,3568,买盘
181,10:15:22,8.91,-0.01,25,22275,卖盘
182,10:16:01,8.92,0.01,4,3568,买盘
183,10:16:03,8.92,0.0,9,8028,买盘
184,10:16:40,8.92,0.0,5,4460,卖盘
185,10:17:01,8.92,0.0,5,4460,卖盘
186,10:17:39,8.92,0.0,1,892,卖盘
187,10:17:43,8.91,-0.01,1,891,卖盘
188,10:18:07,8.92,0.01,1,892,买盘
189,10:18:10,8.91,-0.01,10,8910,卖盘
190,10:19:49,8.91,0.0,10,8910,卖盘
191,10:20:07,8.91,0.0,20,17820,卖盘
192,10:20:25,8.91,0.0,54,48114,卖盘
193,10:20:28,8.9,-0.01,3,2670,卖盘
194,10:20:52,8.9,0.0,20,17800,卖盘
195,10:21:04,8.91,0.01,10,8910,买盘
196,10:21:31,8.91,0.0,1,891,买盘
197,10:21:43,8.91,0.0,10,8910,买盘
198,10:22:16,8.9,-0.01,20,17800,卖盘
199,10:22:24,8.91,0.01,4,3564,买盘
200,10:23:54,8.9,-0.01,4,3560,卖盘
201,10:24:31,8.91,0.01,34,30294,买盘
202,10:26:52,8.92,0.01,10,8920,买盘
203,10:28:24,8.92,0.0,10,8920,买盘
204,10:28:28,8.92,0.0,10,8920,买盘
205,10:29:28,8.91,-0.01,30,26730,卖盘
206,10:30:13,8.89,-0.02,48,42744,卖盘
207,10:30:16,8.89,0.0,1,889,卖盘
208,10:30:19,8.89,0.0,71,63119,卖盘
209,10:33:19,8.9,0.01,10,8900,卖盘
210,10:33:52,8.9,0.0,2,1780,卖盘
211,10:34:16,8.9,0.0,16,14240,卖盘
212,10:34:30,8.9,0.0,19,16910,卖盘
213,10:34:46,8.9,0.0,45,40050,买盘
214,10:36:04,8.9,0.0,15,13350,卖盘
215,10:36:10,8.91,0.01,10,8910,买盘
216,10:36:58,8.9,-0.01,11,9790,卖盘
217,10:37:10,8.9,0.0,9,8010,卖盘
218,10:37:40,8.9,0.0,1,890,买盘
219,10:37:51,8.89,-0.01,50,44450,卖盘
220,10:38:01,8.89,0.0,2,1778,卖盘
221,10:38:06,8.89,0.0,20,17780,卖盘
222,10:38:22,8.89,0.0,20,17780,卖盘
223,10:38:37,8.89,0.0,7,6223,卖盘
224,10:38:42,8.89,0.0,7,6223,买盘
225,10:40:28,8.89,0.0,40,35560,卖盘
226,10:40:52,8.89,0.0,6,5334,卖盘
227,10:42:15,8.89,0.0,10,8890,卖盘
228,10:42:46,8.89,0.0,10,8890,卖盘
229,10:43:43,8.89,0.0,10,8890,卖盘
230,10:45:25,8.89,0.0,37,32893,卖盘
231,10:45:28,8.88,-0.01,4,3552,卖盘
232,10:45:36,8.89,0.01,20,17780,买盘
233,10:45:58,8.88,-0.01,1,888,卖盘
234,10:46:25,8.88,0.0,104,92352,卖盘
235,10:46:28,8.87,-0.01,3,2661,卖盘
236,10:46:31,8.87,0.0,13,11531,卖盘
237,10:46:49,8.88,0.01,22,19516,买盘
238,10:46:51,8.88,0.0,8,7104,买盘
239,10:46:55,8.88,0.0,2,1776,买盘
240,10:48:04,8.88,0.0,11,9768,卖盘
241,10:48:37,8.89,0.01,19,16891,买盘
242,10:50:43,8.89,0.0,5,4445,卖盘
243,10:51:01,8.9,0.01,7,6230,买盘
244,10:51:07,8.89,-0.01,1,889,卖盘
245,10:52:04,8.89,0.0,5,4445,卖盘
246,10:52:49,8.89,0.0,6,5334,卖盘
247,10:53:30,8.9,0.01,10,8900,买盘
248,10:57:55,8.89,-0.01,4,3556,卖盘
249,10:58:55,8.88,-0.01,82,72861,卖盘
250,10:58:58,8.87,-0.01,3,2661,卖盘
251,10:59:01,8.87,0.0,1,887,卖盘
252,10:59:13,8.88,0.01,20,17760,买盘
253,10:59:46,8.88,0.0,5,4440,买盘
254,11:01:30,8.88,0.0,20,17760,卖盘
255,11:01:34,8.88,0.0,1,888,卖盘
256,11:01:37,8.87,-0.01,6,5322,卖盘
257,11:02:46,8.88,0.01,7,6216,买盘
258,11:03:52,8.88,0.0,4,3552,买盘
259,11:04:52,8.87,-0.01,5,4435,卖盘
260,11:05:01,8.88,0.01,10,8880,买盘
261,11:05:52,8.87,-0.01,10,8870,卖盘
262,11:07:01,8.87,0.0,12,10644,卖盘
263,11:07:10,8.87,0.0,47,41689,卖盘
264,11:07:13,8.87,0.0,3,2661,卖盘
265,11:07:16,8.87,0.0,3,2661,卖盘
266,11:07:19,8.87,0.0,3,2661,卖盘
267,11:07:22,8.87,0.0,2,1774,卖盘
268,11:07:25,8.87,0.0,1,887,卖盘
269,11:07:36,8.88,0.01,31,27520,买盘
270,11:08:31,8.86,-0.02,10,8860,卖盘
271,11:10:28,8.87,0.01,5,4435,买盘
272,11:10:31,8.86,-0.01,29,25694,卖盘
273,11:10:37,8.86,0.0,7,6202,卖盘
274,11:11:58,8.87,0.01,5,4435,买盘
275,11:12:37,8.87,0.0,2,1774,买盘
276,11:13:04,8.87,0.0,20,17740,买盘
277,11:13:21,8.87,0.0,9,7983,买盘
278,11:14:31,8.87,0.0,1,887,买盘
279,11:14:42,8.87,0.0,29,25723,卖盘
280,11:16:49,8.86,-0.01,16,14176,卖盘
281,11:17:13,8.86,0.0,38,33668,卖盘
282,11:17:19,8.85,-0.01,60,53100,卖盘
283,11:17:33,8.86,0.01,10,8858,买盘
284,11:18:01,8.86,0.0,30,26560,买盘
285,11:18:31,8.86,0.0,8,7088,买盘
286,11:19:09,8.86,0.0,2,1772,卖盘
287,11:20:16,8.86,0.0,2,1772,买盘
288,11:21:07,8.85,-0.01,42,37170,卖盘
289,11:21:10,8.84,-0.01,3,2652,卖盘
290,11:21:40,8.84,0.0,11,9724,卖盘
291,11:21:43,8.85,0.01,10,8850,买盘
292,11:22:06,8.85,0.0,101,89385,买盘
293,11:22:25,8.85,0.0,2,1770,买盘
294,11:22:27,8.85,0.0,3,2655,买盘
295,11:22:45,8.86,0.01,1,886,买盘
296,11:22:49,8.86,0.0,1,886,买盘
297,11:22:52,8.86,0.0,1,886,买盘
298,11:22:55,8.86,0.0,4,3544,买盘
299,11:23:52,8.87,0.01,2,1774,买盘
300,11:25:25,8.87,0.0,21,18627,买盘
301,11:26:45,8.88,0.01,2,1776,买盘
302,11:26:49,8.87,-0.01,9,7983,卖盘
303,11:27:16,8.87,0.0,7,6209,卖盘
304,11:29:09,8.88,0.01,1,888,买盘
305,13:00:04,8.85,-0.03,46,40832,卖盘
306,13:03:10,8.86,0.01,1,886,卖盘
307,13:04:24,8.86,0.0,1,886,卖盘
308,13:05:54,8.86,0.0,1,886,卖盘
309,13:06:13,8.85,-0.01,60,53100,卖盘
310,13:06:39,8.84,-0.01,40,35360,卖盘
311,13:07:19,8.84,0.0,27,23878,卖盘
312,13:07:40,8.83,-0.01,14,12362,卖盘
313,13:07:46,8.83,0.0,10,8830,卖盘
314,13:08:10,8.85,0.02,9,7965,卖盘
315,13:09:43,8.85,0.0,1,885,卖盘
316,13:10:31,8.82,-0.03,29,25578,卖盘
317,13:10:34,8.82,0.0,7,6174,卖盘
318,13:14:40,8.84,0.02,14,12376,卖盘
319,13:15:07,8.83,-0.01,9,7947,卖盘
320,13:15:40,8.84,0.01,4,3536,买盘
321,13:15:51,8.84,0.0,29,25636,买盘
322,13:15:57,8.84,0.0,5,4420,买盘
323,13:16:55,8.84,0.0,7,6188,买盘
324,13:18:31,8.84,0.0,13,11492,卖盘
325,13:19:19,8.83,-0.01,60,52980,卖盘
326,13:20:07,8.83,0.0,6,5298,卖盘
327,13:21:10,8.83,0.0,1,883,卖盘
328,13:21:49,8.83,0.0,40,35320,卖盘
329,13:22:10,8.83,0.0,5,4415,卖盘
330,13:22:34,8.83,0.0,1,883,卖盘
331,13:22:36,8.82,-0.01,1,882,卖盘
332,13:22:46,8.84,0.02,24,21216,买盘
333,13:22:52,8.84,0.0,5,4420,卖盘
334,13:27:37,8.84,0.0,4,3536,买盘
335,13:27:46,8.84,0.0,24,21216,买盘
336,13:28:22,8.84,0.0,3,2652,卖盘
337,13:28:31,8.84,0.0,40,35360,卖盘
338,13:30:19,8.84,0.0,5,4420,卖盘
339,13:30:31,8.84,0.0,3,2652,卖盘
340,13:30:52,8.84,0.0,2,1768,卖盘
341,13:32:46,8.84,0.0,5,4420,卖盘
342,13:32:55,8.84,0.0,4,3536,卖盘
343,13:34:10,8.84,0.0,31,27404,卖盘
344,13:34:13,8.83,-0.01,2,1766,卖盘
345,13:34:52,8.83,0.0,10,8830,卖盘
346,13:35:34,8.84,0.01,5,4420,买盘
347,13:36:22,8.83,-0.01,10,8830,卖盘
348,13:37:25,8.84,0.01,6,5304,买盘
349,13:39:22,8.84,0.0,1,884,卖盘
350,13:39:25,8.84,0.0,10,8840,卖盘
351,13:40:37,8.85,0.01,20,17700,买盘
352,13:41:01,8.85,0.0,20,17700,买盘
353,13:41:18,8.85,0.0,15,13275,买盘
354,13:41:40,8.85,0.0,13,11505,买盘
355,13:42:07,8.84,-0.01,50,44207,卖盘
356,13:42:10,8.84,0.0,10,8840,买盘
357,13:42:31,8.84,0.0,8,7072,买盘
358,13:42:37,8.83,-0.01,52,45916,卖盘
359,13:43:21,8.84,0.01,12,10608,买盘
360,13:43:54,8.84,0.0,9,7956,买盘
361,13:44:01,8.83,-0.01,27,23841,卖盘
362,13:44:07,8.84,0.01,43,37973,买盘
363,13:46:04,8.84,0.0,100,88400,买盘
364,13:46:06,8.84,0.0,2,1768,买盘
365,13:46:10,8.84,0.0,5,4420,买盘
366,13:46:13,8.84,0.0,100,88400,买盘
367,13:46:52,8.84,0.0,6,5304,买盘
368,13:47:01,8.84,0.0,7,6188,买盘
369,13:52:39,8.85,0.01,2,1770,买盘
370,13:55:21,8.85,0.0,5,4425,卖盘
371,13:57:19,8.84,-0.01,10,8840,卖盘
372,13:57:27,8.84,0.0,8,7072,卖盘
373,13:57:40,8.84,0.0,10,8840,卖盘
374,13:59:42,8.84,0.0,8,7072,卖盘
375,13:59:46,8.83,-0.01,30,26490,卖盘
376,14:00:19,8.84,0.01,8,7071,买盘
377,14:00:37,8.83,-0.01,32,28256,卖盘
378,14:02:28,8.83,0.0,4,3532,卖盘
379,14:03:19,8.82,-0.01,10,8820,卖盘
380,14:07:34,8.83,0.01,17,15011,买盘
381,14:08:31,8.83,0.0,20,17660,卖盘
382,14:11:31,8.83,0.0,18,15894,卖盘
383,14:11:37,8.84,0.01,14,12376,买盘
384,14:12:31,8.85,0.01,51,45133,买盘
385,14:13:16,8.85,0.0,39,34515,买盘
386,14:13:34,8.85,0.0,42,37170,买盘
387,14:14:10,8.85,0.0,5,4425,买盘
388,14:18:10,8.85,0.0,20,17700,买盘
389,14:21:03,8.85,0.0,7,6195,买盘
390,14:23:30,8.83,-0.02,10,8830,卖盘
391,14:24:37,8.83,0.0,10,8830,卖盘
392,14:25:31,8.83,0.0,15,13245,卖盘
393,14:25:42,8.83,0.0,2,1766,卖盘
394,14:26:34,8.81,-0.02,218,192114,卖盘
395,14:26:40,8.81,0.0,1,881,买盘
396,14:26:52,8.81,0.0,20,17620,买盘
397,14:27:16,8.8,-0.01,74,65120,卖盘
398,14:27:24,8.8,0.0,36,31680,卖盘
399,14:27:42,8.81,0.01,20,17620,买盘
400,14:27:46,8.81,0.0,4,3524,买盘
401,14:27:57,8.81,0.0,3,2643,买盘
402,14:29:21,8.8,-0.01,200,176040,卖盘
403,14:30:54,8.82,0.02,2,1764,卖盘
404,14:31:13,8.81,-0.01,1,881,卖盘
405,14:32:07,8.81,0.0,10,8810,卖盘
406,14:32:18,8.81,0.0,9,7929,买盘
407,14:32:36,8.81,0.0,9,7929,买盘
408,14:33:27,8.8,-0.01,73,64259,卖盘
409,14:35:13,8.81,0.01,40,35240,卖盘
410,14:35:16,8.81,0.0,10,8810,卖盘
411,14:36:05,8.81,0.0,17,14977,买盘
412,14:36:22,8.81,0.0,17,14977,买盘
413,14:36:37,8.81,0.0,14,12334,卖盘
414,14:36:49,8.82,0.01,12,10584,买盘
415,14:37:01,8.83,0.01,20,17660,买盘
416,14:37:05,8.83,0.0,4,3532,买盘
417,14:37:36,8.85,0.02,36,31860,买盘
418,14:37:52,8.85,0.0,39,34515,买盘
419,14:38:01,8.85,0.0,27,23895,买盘
420,14:38:16,8.85,0.0,20,17700,卖盘
421,14:39:40,8.85,0.0,2,1770,卖盘
422,14:42:04,8.85,0.0,65,57525,卖盘
423,14:42:07,8.85,0.0,8,7080,买盘
424,14:42:19,8.84,-0.01,5,4420,卖盘
425,14:42:46,8.84,0.0,10,8840,卖盘
426,14:42:58,8.82,-0.02,78,68862,卖盘
427,14:43:13,8.82,0.0,39,34398,卖盘
428,14:44:13,8.82,0.0,18,15876,卖盘
429,14:44:25,8.82,0.0,5,4410,买盘
430,14:45:13,8.81,-0.01,15,13215,卖盘
431,14:45:16,8.81,0.0,8,7048,卖盘
432,14:45:28,8.81,0.0,1,881,买盘
433,14:45:31,8.8,-0.01,5,4400,卖盘
434,14:45:46,8.81,0.01,4,3524,买盘
435,14:45:49,8.81,0.0,6,5286,卖盘
436,14:46:00,8.8,-0.01,38,33440,卖盘
437,14:46:04,8.8,0.0,10,8800,卖盘
438,14:46:16,8.81,0.01,3,2643,买盘
439,14:46:18,8.8,-0.01,11,9680,卖盘
440,14:46:57,8.8,0.0,10,8800,卖盘
441,14:47:22,8.79,-0.01,40,35160,卖盘
442,14:47:27,8.79,0.0,2,1758,卖盘
443,14:47:33,8.78,-0.01,72,63246,卖盘
444,14:47:43,8.79,0.01,6,5274,买盘
445,14:48:01,8.8,0.01,2,1760,卖盘
446,14:48:15,8.8,0.0,40,35200,卖盘
447,14:48:34,8.8,0.0,5,4400,卖盘
448,14:48:55,8.8,0.0,1,880,卖盘
449,14:49:07,8.8,0.0,4,3520,卖盘
450,14:49:13,8.8,0.0,10,8800,卖盘
451,14:49:18,8.8,0.0,10,8800,卖盘
452,14:49:25,8.79,-0.01,10,8790,卖盘
453,14:49:52,8.8,0.01,5,4400,买盘
454,14:49:55,8.79,-0.01,5,4395,卖盘
455,14:49:58,8.79,0.0,51,44829,卖盘
456,14:50:19,8.79,0.0,65,57135,卖盘
457,14:50:25,8.78,-0.01,3,2634,卖盘
458,14:50:34,8.78,0.0,11,9658,卖盘
459,14:50:40,8.78,0.0,1,878,卖盘
460,14:50:43,8.79,0.01,6,5274,买盘
461,14:50:55,8.78,-0.01,6,5268,卖盘
462,14:51:28,8.78,0.0,4,3512,卖盘
463,14:51:37,8.79,0.01,3,2637,买盘
464,14:51:46,8.79,0.0,10,8790,买盘
465,14:51:52,8.79,0.0,3,2637,买盘
466,14:52:22,8.79,0.0,21,18459,买盘
467,14:52:49,8.79,0.0,1,879,卖盘
468,14:52:52,8.79,0.0,10,8790,卖盘
469,14:53:04,8.79,0.0,20,17580,卖盘
470,14:53:13,8.79,0.0,6,5274,卖盘
471,14:53:19,8.79,0.0,25,21975,卖盘
472,14:53:37,8.8,0.01,14,12320,买盘
473,14:53:54,8.8,0.0,6,5280,卖盘
474,14:54:07,8.8,0.0,5,4400,买盘
475,14:54:25,8.79,-0.01,33,29011,卖盘
476,14:54:28,8.79,0.0,7,6153,卖盘
477,14:54:34,8.8,0.01,4,3520,买盘
478,14:54:37,8.79,-0.01,4,3516,卖盘
479,14:54:46,8.79,0.0,7,6153,卖盘
480,14:55:04,8.82,0.03,2,1764,买盘
481,14:55:07,8.79,-0.03,20,17580,卖盘
482,14:55:13,8.79,0.0,70,61530,卖盘
483,14:55:22,8.79,0.0,3,2637,卖盘
484,14:55:34,8.81,0.02,9,7929,买盘
485,14:55:37,8.81,0.0,8,7048,买盘
486,14:55:54,8.79,-0.02,12,10548,卖盘
487,14:56:04,8.79,0.0,2,1758,卖盘
488,14:56:24,8.79,0.0,24,21096,卖盘
489,14:56:28,8.79,0.0,20,17580,买盘
490,14:56:46,8.81,0.02,10,8810,买盘
491,15:00:04,8.79,-0.02,134,117786,卖盘
