,time,price,change,volume,amount,type
0,09:25:04,20.74,-0.03,131,271694,买盘
1,09:30:05,20.77,0.03,51,105837,买盘
2,09:30:08,20.77,0.0,213,442562,买盘
3,09:30:10,20.85,0.08,153,318001,买盘
4,09:30:13,20.71,-0.14,92,190981,卖盘
5,09:30:16,20.74,0.03,10,20751,卖盘
6,09:30:19,20.7,-0.04,19,39341,卖盘
7,09:30:22,20.74,0.04,34,70516,买盘
8,09:30:25,20.85,0.11,4,8340,买盘
9,09:30:28,20.77,-0.08,10,20824,卖盘
10,09:30:34,20.85,0.08,2,4163,买盘
11,09:30:37,20.85,0.0,3,6255,买盘
12,09:30:40,20.85,0.0,10,20845,买盘
13,09:30:43,20.84,-0.01,4,8339,中性盘
14,09:30:52,20.84,0.0,21,43764,中性盘
15,09:30:55,20.84,0.0,24,49932,买盘
16,09:30:58,20.84,0.0,16,33312,买盘
17,09:31:05,20.85,0.01,34,70867,买盘
18,09:31:07,20.84,-0.01,1,2084,中性盘
19,09:31:10,20.84,0.0,14,29176,卖盘
20,09:31:13,20.84,0.0,3,6251,买盘
21,09:31:16,20.84,0.0,3,6252,买盘
22,09:31:19,20.84,0.0,4,8336,买盘
23,09:31:22,20.84,0.0,6,12504,买盘
24,09:31:25,20.8,-0.04,19,39528,卖盘
25,09:31:28,20.84,0.04,95,197780,买盘
26,09:31:31,20.8,-0.04,60,124868,卖盘
27,09:31:34,20.8,0.0,1,2080,买盘
28,09:31:37,20.78,-0.02,1,2078,卖盘
29,09:31:40,20.8,0.02,67,139378,买盘
30,09:31:43,20.8,0.0,15,31172,买盘
31,09:31:46,20.8,0.0,2,4160,买盘
32,09:31:49,20.8,0.0,20,41586,买盘
33,09:31:52,20.79,-0.01,15,31192,卖盘
34,09:31:58,20.83,0.04,18,37478,买盘
35,09:32:04,20.8,-0.03,9,18723,买盘
36,09:32:07,20.79,-0.01,30,62370,卖盘
37,09:32:13,20.8,0.01,1,2080,买盘
38,09:32:16,20.8,0.0,1,2080,买盘
39,09:32:19,20.83,0.03,5,10415,买盘
40,09:32:22,20.8,-0.03,20,41600,卖盘
41,09:32:25,20.83,0.03,20,41660,买盘
42,09:32:28,20.8,-0.03,20,41600,卖盘
43,09:32:31,20.8,0.0,75,156132,卖盘
44,09:32:34,20.82,0.02,4,8328,中性盘
45,09:32:37,20.84,0.02,14,29155,买盘
46,09:32:40,20.83,-0.01,9,18749,卖盘
47,09:32:43,20.85,0.02,1,2085,买盘
48,09:32:46,20.84,-0.01,1,2084,卖盘
49,09:32:49,20.86,0.02,26,54218,买盘
50,09:32:52,20.85,-0.01,1,2085,卖盘
51,09:32:55,20.87,0.02,34,70901,买盘
52,09:33:01,20.88,0.01,7,14612,买盘
53,09:33:04,20.9,0.02,23,48058,买盘
54,09:33:07,20.88,-0.02,1,2088,卖盘
55,09:33:10,20.9,0.02,3,6270,买盘
56,09:33:13,20.91,0.01,11,23001,买盘
57,09:33:16,20.89,-0.02,12,25072,卖盘
58,09:33:22,20.91,0.02,14,29274,买盘
59,09:33:28,20.94,0.03,3,6282,卖盘
60,09:33:31,20.98,0.04,38,79673,买盘
61,09:33:34,20.98,0.0,2,4196,买盘
62,09:33:37,21.0,0.02,65,136452,买盘
63,09:33:40,20.98,-0.02,38,79678,中性盘
64,09:33:43,21.0,0.02,5,10500,买盘
65,09:33:46,21.15,0.15,28,60135,卖盘
66,09:33:49,21.02,-0.13,7,14779,卖盘
67,09:33:55,21.0,-0.02,56,117742,卖盘
68,09:33:58,21.15,0.15,14,29536,买盘
69,09:34:01,21.16,0.01,78,164900,买盘
70,09:34:04,21.18,0.02,25,52869,买盘
71,09:34:07,21.15,-0.03,14,29601,中性盘
72,09:34:10,21.18,0.03,50,105701,买盘
73,09:34:13,21.2,0.02,168,355966,买盘
74,09:34:16,21.2,0.0,26,55120,卖盘
75,09:34:19,21.2,0.0,28,59360,卖盘
76,09:34:22,21.2,0.0,199,421891,卖盘
77,09:34:25,21.21,0.01,102,216284,买盘
78,09:34:28,21.2,-0.01,154,326538,卖盘
79,09:34:31,21.2,0.0,78,165523,买盘
80,09:34:34,21.2,0.0,90,190983,买盘
81,09:34:37,21.19,-0.01,22,46635,中性盘
82,09:34:40,21.19,0.0,23,48735,买盘
83,09:34:43,21.2,0.01,82,173780,买盘
84,09:34:49,21.18,-0.02,7,14826,买盘
85,09:34:52,21.16,-0.02,16,33878,卖盘
86,09:34:55,21.16,0.0,6,12696,卖盘
87,09:34:58,21.18,0.02,145,307072,买盘
88,09:35:01,21.18,0.0,30,63528,买盘
89,09:35:04,21.18,0.0,46,97372,买盘
90,09:35:07,21.2,0.02,22,46602,买盘
91,09:35:10,21.2,0.0,18,38144,买盘
92,09:35:13,21.18,-0.02,26,55068,卖盘
93,09:35:16,21.2,0.02,83,174801,买盘
94,09:35:19,21.2,0.0,31,65720,买盘
95,09:35:22,21.2,0.0,45,95400,卖盘
96,09:35:25,21.21,0.01,32,67876,买盘
97,09:35:28,21.21,0.0,21,44541,卖盘
98,09:35:31,21.21,0.0,64,135998,卖盘
99,09:35:34,21.3,0.09,74,157432,买盘
100,09:35:37,21.29,-0.01,39,82966,卖盘
101,09:35:40,21.5,0.21,65,139060,买盘
102,09:35:43,21.22,-0.28,17,36410,卖盘
103,09:35:46,21.35,0.13,6,12812,卖盘
104,09:35:49,21.3,-0.05,271,585756,中性盘
105,09:35:52,21.6,0.3,8,17130,买盘
106,09:35:55,21.36,-0.24,22,47302,卖盘
107,09:35:58,21.5,0.14,46,98816,买盘
108,09:36:01,21.5,0.0,3,6450,买盘
109,09:36:04,21.53,0.03,17,36592,买盘
110,09:36:07,21.49,-0.04,172,370194,卖盘
111,09:36:10,21.78,0.29,21,45387,买盘
112,09:36:13,21.7,-0.08,23,50004,买盘
113,09:36:16,21.77,0.07,94,204408,买盘
114,09:36:19,21.55,-0.22,40,86295,卖盘
115,09:36:22,21.64,0.09,49,105845,买盘
116,09:36:25,21.66,0.02,183,397332,买盘
117,09:36:28,21.76,0.1,44,95447,买盘
118,09:36:31,21.64,-0.12,125,270764,中性盘
119,09:36:34,21.64,0.0,70,151838,卖盘
120,09:36:37,21.64,0.0,47,101715,卖盘
121,09:36:40,21.64,0.0,44,95420,卖盘
122,09:36:43,21.72,0.08,29,62902,买盘
123,09:36:46,21.71,-0.01,129,279340,卖盘
124,09:36:49,21.64,-0.07,72,155880,中性盘
125,09:36:52,21.64,0.0,83,179578,买盘
126,09:36:55,21.64,0.0,6,13004,卖盘
127,09:36:58,21.69,0.05,120,260338,买盘
128,09:37:01,21.69,0.0,9,19526,中性盘
129,09:37:05,21.65,-0.04,17,36840,卖盘
130,09:37:07,21.64,-0.01,209,453379,卖盘
131,09:37:10,21.67,0.03,39,84504,中性盘
132,09:37:13,21.65,-0.02,149,323058,中性盘
133,09:37:16,21.64,-0.01,57,123399,卖盘
134,09:37:19,21.64,0.0,58,125456,卖盘
135,09:37:22,21.64,0.0,166,359534,买盘
136,09:37:25,21.6,-0.04,21,45326,中性盘
137,09:37:28,21.64,0.04,14,30236,买盘
138,09:37:31,21.57,-0.07,2,4314,卖盘
139,09:37:34,21.6,0.03,131,283067,买盘
140,09:37:37,21.64,0.04,112,241978,买盘
141,09:37:40,21.56,-0.08,196,423991,卖盘
142,09:37:43,21.64,0.08,239,517469,中性盘
143,09:37:46,21.75,0.11,290,629902,买盘
144,09:37:49,21.64,-0.11,74,160148,中性盘
145,09:37:52,21.64,0.0,23,49719,买盘
146,09:37:55,21.7,0.06,133,288073,买盘
147,09:37:58,21.64,-0.06,47,101589,卖盘
148,09:38:01,21.64,0.0,47,101792,卖盘
149,09:38:04,21.64,0.0,66,142979,卖盘
150,09:38:07,21.64,0.0,21,45482,卖盘
151,09:38:10,21.77,0.13,223,486132,买盘
152,09:38:13,21.79,0.02,65,141608,买盘
153,09:38:16,21.78,-0.01,145,315021,中性盘
154,09:38:19,21.76,-0.02,33,71652,买盘
155,09:38:22,21.8,0.04,71,154499,买盘
156,09:38:25,21.83,0.03,179,390205,买盘
157,09:38:28,21.8,-0.03,58,126436,买盘
158,09:38:31,21.83,0.03,38,82894,买盘
159,09:38:34,21.98,0.15,210,458475,买盘
160,09:38:37,22.0,0.02,186,408887,买盘
161,09:38:40,22.18,0.18,190,418287,买盘
162,09:38:43,22.22,0.04,210,465686,买盘
163,09:38:46,22.3,0.08,56,124308,买盘
164,09:38:49,22.5,0.2,130,290843,买盘
165,09:38:52,22.22,-0.28,103,230272,卖盘
166,09:38:55,22.85,0.63,1752,3997188,买盘
167,09:38:58,22.85,0.0,167,381595,卖盘
168,09:39:01,22.85,0.0,159,363315,卖盘
169,09:39:05,22.85,0.0,96,219360,卖盘
170,09:39:07,22.85,0.0,183,418155,卖盘
171,09:39:10,22.85,0.0,213,486705,卖盘
172,09:39:13,22.85,0.0,156,356460,卖盘
173,09:39:16,22.85,0.0,122,278770,卖盘
174,09:39:19,22.85,0.0,325,742625,卖盘
175,09:39:22,22.85,0.0,298,680930,卖盘
176,09:39:25,22.85,0.0,167,381595,卖盘
177,09:39:28,22.85,0.0,262,598670,卖盘
178,09:39:31,22.85,0.0,384,877440,卖盘
179,09:39:34,22.85,0.0,33,75405,卖盘
180,09:39:37,22.85,0.0,64,146240,卖盘
181,09:39:40,22.85,0.0,91,207935,卖盘
182,09:39:43,22.85,0.0,249,568965,卖盘
183,09:39:46,22.85,0.0,57,130245,卖盘
184,09:39:49,22.85,0.0,62,141670,卖盘
185,09:39:52,22.85,0.0,127,290195,卖盘
186,09:39:55,22.85,0.0,134,306190,卖盘
187,09:39:58,22.85,0.0,18,41130,卖盘
188,09:40:01,22.85,0.0,45,102825,卖盘
189,09:40:04,22.85,0.0,37,84545,卖盘
190,09:40:07,22.85,0.0,49,111965,卖盘
191,09:40:10,22.85,0.0,48,109680,卖盘
192,09:40:13,22.85,0.0,62,140528,卖盘
193,09:40:16,22.85,0.0,25,57125,卖盘
194,09:40:19,22.85,0.0,21,47985,卖盘
195,09:40:22,22.85,0.0,25,57125,卖盘
196,09:40:25,22.85,0.0,8,18280,卖盘
197,09:40:28,22.85,0.0,84,191940,卖盘
198,09:40:31,22.85,0.0,24,54840,卖盘
199,09:40:34,22.85,0.0,3,6855,卖盘
200,09:40:37,22.85,0.0,36,83402,卖盘
201,09:40:40,22.85,0.0,3,6855,卖盘
202,09:40:43,22.85,0.0,5,11425,卖盘
203,09:40:49,22.85,0.0,3,6855,卖盘
204,09:40:52,22.85,0.0,11,25135,卖盘
205,09:40:55,22.85,0.0,20,45700,卖盘
206,09:40:58,22.85,0.0,23,52555,卖盘
207,09:41:04,22.85,0.0,8,18280,卖盘
208,09:41:07,22.85,0.0,17,38845,卖盘
209,09:41:10,22.85,0.0,21,47985,卖盘
210,09:41:13,22.85,0.0,25,57125,卖盘
211,09:41:16,22.85,0.0,1,2285,卖盘
212,09:41:19,22.85,0.0,9,20565,卖盘
213,09:41:22,22.85,0.0,23,52555,卖盘
214,09:41:25,22.85,0.0,42,95970,卖盘
215,09:41:28,22.85,0.0,4,9140,卖盘
216,09:41:31,22.85,0.0,10,22850,卖盘
217,09:41:34,22.85,0.0,145,331325,卖盘
218,09:41:37,22.85,0.0,5,11425,卖盘
219,09:41:40,22.85,0.0,28,63980,卖盘
220,09:41:43,22.85,0.0,9,20565,卖盘
221,09:41:46,22.85,0.0,100,228500,卖盘
222,09:41:49,22.85,0.0,1,2285,卖盘
223,09:41:52,22.85,0.0,4,9140,卖盘
224,09:41:55,22.85,0.0,72,164520,卖盘
225,09:41:58,22.85,0.0,17,38845,卖盘
226,09:42:01,22.85,0.0,18,41130,卖盘
227,09:42:04,22.85,0.0,94,214790,卖盘
228,09:42:13,22.85,0.0,28,63980,卖盘
229,09:42:16,22.85,0.0,1,2285,卖盘
230,09:42:19,22.85,0.0,72,164520,卖盘
231,09:42:22,22.85,0.0,5,11425,卖盘
232,09:42:25,22.85,0.0,6,13710,卖盘
233,09:42:28,22.85,0.0,5,11425,卖盘
234,09:42:31,22.85,0.0,20,45700,卖盘
235,09:42:34,22.85,0.0,14,31990,卖盘
236,09:42:40,22.85,0.0,295,674075,卖盘
237,09:42:43,22.85,0.0,10,22850,卖盘
238,09:42:49,22.85,0.0,10,22850,卖盘
239,09:42:52,22.85,0.0,5,11425,卖盘
240,09:42:55,22.85,0.0,14,31990,卖盘
241,09:43:01,22.85,0.0,3,6855,卖盘
242,09:43:07,22.85,0.0,2,4570,卖盘
243,09:43:10,22.85,0.0,6,13710,卖盘
244,09:43:13,22.85,0.0,21,47985,卖盘
245,09:43:19,22.85,0.0,478,1092230,卖盘
246,09:43:25,22.85,0.0,21,47985,卖盘
247,09:43:28,22.85,0.0,17,38845,卖盘
248,09:43:31,22.85,0.0,2,4570,卖盘
249,09:43:34,22.85,0.0,2,4570,卖盘
250,09:43:37,22.85,0.0,10,22850,卖盘
251,09:43:40,22.85,0.0,50,114250,卖盘
252,09:43:43,22.85,0.0,82,187370,卖盘
253,09:43:46,22.85,0.0,9,20565,卖盘
254,09:43:52,22.85,0.0,45,102825,卖盘
255,09:43:55,22.85,0.0,488,1115080,卖盘
256,09:44:04,22.85,0.0,6,13710,卖盘
257,09:44:10,22.85,0.0,5,11425,卖盘
258,09:44:13,22.85,0.0,1,2285,卖盘
259,09:44:19,22.85,0.0,10,22850,卖盘
260,09:44:22,22.85,0.0,6,13710,卖盘
261,09:44:28,22.85,0.0,19,43415,卖盘
262,09:44:34,22.85,0.0,5,11425,卖盘
263,09:44:37,22.85,0.0,10,22850,卖盘
264,09:44:40,22.85,0.0,10,22850,卖盘
265,09:44:43,22.85,0.0,10,22850,卖盘
266,09:44:46,22.85,0.0,10,22850,卖盘
267,09:44:58,22.85,0.0,8,18280,卖盘
268,09:45:04,22.85,0.0,5,11425,卖盘
269,09:45:25,22.85,0.0,3,6855,卖盘
270,09:45:31,22.85,0.0,23,52555,卖盘
271,09:45:34,22.85,0.0,15,34275,卖盘
272,09:45:43,22.85,0.0,1,2285,卖盘
273,09:45:49,22.85,0.0,10,22850,卖盘
274,09:45:55,22.85,0.0,44,100540,卖盘
275,09:46:04,22.85,0.0,5,11425,卖盘
276,09:46:25,22.85,0.0,5,11425,卖盘
277,09:46:40,22.85,0.0,1,2285,卖盘
278,09:46:49,22.85,0.0,36,82260,卖盘
279,09:46:52,22.85,0.0,5,11425,卖盘
280,09:46:58,22.85,0.0,16,36560,卖盘
281,09:47:07,22.85,0.0,19,43415,卖盘
282,09:47:13,22.85,0.0,3,6855,卖盘
283,09:47:19,22.85,0.0,2,4570,卖盘
284,09:47:34,22.85,0.0,2,4570,卖盘
285,09:47:52,22.85,0.0,3,6855,卖盘
286,09:48:01,22.85,0.0,4,9140,卖盘
287,09:48:05,22.85,0.0,1,2285,卖盘
288,09:48:07,22.85,0.0,6,13710,卖盘
289,09:48:10,22.85,0.0,10,22850,卖盘
290,09:48:37,22.85,0.0,13,29705,卖盘
291,09:48:43,22.85,0.0,4,9140,卖盘
292,09:48:55,22.85,0.0,1,2285,卖盘
293,09:49:04,22.85,0.0,5,11425,卖盘
294,09:49:10,22.85,0.0,5,11425,卖盘
295,09:49:13,22.85,0.0,6,13710,卖盘
296,09:49:25,22.85,0.0,6,13710,卖盘
297,09:49:31,22.85,0.0,1,2285,卖盘
298,09:49:40,22.85,0.0,3,6855,卖盘
299,09:49:49,22.85,0.0,2,4570,卖盘
300,09:49:52,22.85,0.0,10,22850,卖盘
301,09:50:04,22.85,0.0,34,77690,卖盘
302,09:50:10,22.85,0.0,1,2285,卖盘
303,09:50:34,22.85,0.0,10,22850,卖盘
304,09:50:40,22.85,0.0,1,2285,卖盘
305,09:50:43,22.85,0.0,3,6855,卖盘
306,09:50:46,22.85,0.0,9,20565,卖盘
307,09:50:58,22.85,0.0,2,4570,卖盘
308,09:51:01,22.85,0.0,2,4570,卖盘
309,09:51:19,22.85,0.0,2,4570,卖盘
310,09:51:28,22.85,0.0,1,2285,卖盘
311,09:51:40,22.85,0.0,21,47985,卖盘
312,09:52:10,22.85,0.0,3,6855,卖盘
313,09:52:13,22.85,0.0,19,43415,卖盘
314,09:52:19,22.85,0.0,1,2285,卖盘
315,09:52:22,22.85,0.0,1,2285,卖盘
316,09:52:37,22.85,0.0,28,63980,卖盘
317,09:52:55,22.85,0.0,2,4570,卖盘
318,09:53:40,22.85,0.0,30,68550,卖盘
319,09:53:43,22.85,0.0,3,6855,卖盘
320,09:53:55,22.85,0.0,22,50270,卖盘
321,09:54:07,22.85,0.0,20,45700,卖盘
322,09:54:13,22.85,0.0,8,18280,卖盘
323,09:54:37,22.85,0.0,4,9140,卖盘
324,09:54:49,22.85,0.0,1,2285,卖盘
325,09:55:13,22.85,0.0,3,6855,卖盘
326,09:55:46,22.85,0.0,15,34275,卖盘
327,09:56:16,22.85,0.0,4,9140,卖盘
328,09:56:22,22.85,0.0,160,365600,卖盘
329,09:56:37,22.85,0.0,4,9140,卖盘
330,09:56:58,22.85,0.0,1,2285,卖盘
331,09:57:10,22.85,0.0,12,27420,卖盘
332,09:57:40,22.85,0.0,100,228500,卖盘
333,09:57:55,22.85,0.0,7,15995,卖盘
334,09:57:58,22.85,0.0,5,11425,卖盘
335,09:58:10,22.85,0.0,3,6855,卖盘
336,09:58:13,22.85,0.0,15,34275,卖盘
337,09:58:22,22.85,0.0,10,22850,卖盘
338,09:58:46,22.85,0.0,4,9140,卖盘
339,09:58:49,22.85,0.0,125,284482,卖盘
340,09:58:55,22.85,0.0,1,2285,卖盘
341,09:58:58,22.85,0.0,20,45700,卖盘
342,09:59:07,22.85,0.0,30,68550,卖盘
343,09:59:22,22.85,0.0,1,2285,卖盘
344,09:59:37,22.85,0.0,1,2285,卖盘
345,09:59:40,22.85,0.0,13,29705,卖盘
346,09:59:43,22.85,0.0,4,9140,卖盘
347,09:59:58,22.85,0.0,15,34275,卖盘
348,10:00:01,22.85,0.0,480,1096800,卖盘
349,10:00:22,22.85,0.0,6,13710,卖盘
350,10:00:25,22.85,0.0,4,9140,卖盘
351,10:00:34,22.85,0.0,46,105110,卖盘
352,10:00:58,22.85,0.0,10,22850,卖盘
353,10:01:01,22.85,0.0,10,22850,卖盘
354,10:01:04,22.85,0.0,10,22850,卖盘
355,10:01:07,22.85,0.0,3,6855,卖盘
356,10:01:22,22.85,0.0,50,114250,卖盘
357,10:01:25,22.85,0.0,5,11425,卖盘
358,10:01:28,22.85,0.0,5,11425,卖盘
359,10:01:37,22.85,0.0,3,6855,卖盘
360,10:02:10,22.85,0.0,1,2285,卖盘
361,10:02:13,22.85,0.0,2,4570,卖盘
362,10:02:25,22.85,0.0,5,11425,卖盘
363,10:02:34,22.85,0.0,1,2285,卖盘
364,10:02:49,22.85,0.0,5,11425,卖盘
365,10:02:52,22.85,0.0,3,6855,卖盘
366,10:03:04,22.85,0.0,10,22850,卖盘
367,10:03:22,22.85,0.0,5,11425,卖盘
368,10:03:25,22.85,0.0,80,182800,卖盘
369,10:03:34,22.85,0.0,82,187370,卖盘
370,10:03:37,22.85,0.0,17,38845,卖盘
371,10:03:43,22.85,0.0,3,6855,卖盘
372,10:04:13,22.85,0.0,19,43415,卖盘
373,10:04:16,22.85,0.0,1,2285,卖盘
374,10:04:19,22.85,0.0,4,9140,卖盘
375,10:04:34,22.85,0.0,5,11425,卖盘
376,10:04:37,22.85,0.0,1,2285,卖盘
377,10:04:43,22.85,0.0,4,9140,卖盘
378,10:04:55,22.85,0.0,2,4570,卖盘
379,10:05:01,22.85,0.0,1,2285,卖盘
380,10:05:07,22.85,0.0,3,6855,卖盘
381,10:05:22,22.85,0.0,7,15995,卖盘
382,10:05:34,22.85,0.0,1,2285,卖盘
383,10:05:37,22.85,0.0,4,9140,卖盘
384,10:06:04,22.85,0.0,1,2285,卖盘
385,10:06:13,22.85,0.0,11,25135,卖盘
386,10:06:28,22.85,0.0,9,20565,卖盘
387,10:06:31,22.85,0.0,5,11425,卖盘
388,10:06:37,22.85,0.0,46,105110,卖盘
389,10:06:52,22.85,0.0,10,22850,卖盘
390,10:06:55,22.85,0.0,5,11425,卖盘
391,10:07:10,22.85,0.0,3,6855,卖盘
392,10:07:31,22.85,0.0,2,4570,卖盘
393,10:08:10,22.85,0.0,10,22850,卖盘
394,10:08:25,22.85,0.0,10,22850,卖盘
395,10:09:25,22.85,0.0,7,15995,卖盘
396,10:09:28,22.85,0.0,5,11425,卖盘
397,10:09:52,22.85,0.0,20,45700,卖盘
398,10:09:55,22.85,0.0,13,29705,卖盘
399,10:10:34,22.85,0.0,8,18280,卖盘
400,10:10:37,22.85,0.0,1,2285,卖盘
401,10:10:40,22.85,0.0,5,11425,卖盘
402,10:10:52,22.85,0.0,15,35418,卖盘
403,10:11:19,22.85,0.0,11,25135,卖盘
404,10:11:25,22.85,0.0,5,11425,卖盘
405,10:11:28,22.85,0.0,4,9140,卖盘
406,10:11:40,22.85,0.0,1,2285,卖盘
407,10:12:49,22.85,0.0,3,6855,卖盘
408,10:12:58,22.85,0.0,2,4570,卖盘
409,10:13:37,22.85,0.0,2,4570,卖盘
410,10:13:40,22.85,0.0,5,11425,卖盘
411,10:14:16,22.85,0.0,1,2285,卖盘
412,10:14:25,22.85,0.0,2,4570,卖盘
413,10:14:34,22.85,0.0,21,47985,卖盘
414,10:14:40,22.85,0.0,7,15995,卖盘
415,10:15:25,22.85,0.0,1,2285,卖盘
416,10:15:28,22.85,0.0,1,2285,卖盘
417,10:15:37,22.85,0.0,15,34275,卖盘
418,10:15:49,22.85,0.0,10,22850,卖盘
419,10:16:28,22.85,0.0,20,45700,卖盘
420,10:16:36,22.85,0.0,1,2285,卖盘
421,10:17:13,22.85,0.0,3,6855,卖盘
422,10:17:31,22.85,0.0,12,27420,卖盘
423,10:17:49,22.85,0.0,3,6855,卖盘
424,10:17:52,22.85,0.0,2,4570,卖盘
425,10:18:39,22.85,0.0,15,34275,卖盘
426,10:18:58,22.85,0.0,4,9140,卖盘
427,10:19:19,22.85,0.0,2,4570,卖盘
428,10:19:37,22.85,0.0,9,20565,卖盘
429,10:19:46,22.85,0.0,5,11425,卖盘
430,10:19:49,22.85,0.0,4,9140,卖盘
431,10:20:10,22.85,0.0,2,4570,卖盘
432,10:20:13,22.85,0.0,25,57125,卖盘
433,10:20:16,22.85,0.0,2,4570,卖盘
434,10:20:25,22.85,0.0,1,2285,卖盘
435,10:20:27,22.85,0.0,8,18280,卖盘
436,10:20:33,22.85,0.0,10,22850,卖盘
437,10:20:43,22.85,0.0,1,2285,卖盘
438,10:21:07,22.85,0.0,150,342750,卖盘
439,10:21:19,22.85,0.0,22,50270,卖盘
440,10:22:13,22.85,0.0,22,50270,卖盘
441,10:22:31,22.85,0.0,2,4570,卖盘
442,10:22:33,22.85,0.0,12,27420,卖盘
443,10:22:49,22.85,0.0,12,27420,卖盘
444,10:22:54,22.85,0.0,3,6855,卖盘
445,10:23:34,22.85,0.0,3,6855,卖盘
446,10:23:40,22.85,0.0,1,2285,卖盘
447,10:24:25,22.85,0.0,5,11425,卖盘
448,10:24:31,22.85,0.0,1,2285,卖盘
449,10:24:58,22.85,0.0,2,4570,卖盘
450,10:25:01,22.85,0.0,1,2285,卖盘
451,10:25:07,22.85,0.0,6,13710,卖盘
452,10:25:10,22.85,0.0,2,4570,卖盘
453,10:25:22,22.85,0.0,1,2285,卖盘
454,10:25:43,22.85,0.0,15,34275,卖盘
455,10:25:52,22.85,0.0,1,2285,卖盘
456,10:26:18,22.85,0.0,24,54840,卖盘
457,10:26:40,22.85,0.0,4,9140,卖盘
458,10:26:52,22.85,0.0,1,2285,卖盘
459,10:26:55,22.85,0.0,9,20565,卖盘
460,10:28:25,22.85,0.0,50,114250,卖盘
461,10:28:49,22.85,0.0,24,54840,卖盘
462,10:29:19,22.85,0.0,30,68550,卖盘
463,10:29:33,22.85,0.0,3,6855,卖盘
464,10:29:58,22.85,0.0,3,6855,卖盘
465,10:30:27,22.85,0.0,20,45700,卖盘
466,10:31:04,22.85,0.0,4,9140,卖盘
467,10:31:07,22.85,0.0,1,2285,卖盘
468,10:31:34,22.85,0.0,2,4570,卖盘
469,10:32:22,22.85,0.0,44,100540,卖盘
470,10:33:13,22.85,0.0,11,25135,卖盘
471,10:33:24,22.85,0.0,2,4570,卖盘
472,10:34:21,22.85,0.0,2,4570,卖盘
473,10:34:30,22.85,0.0,2,4570,卖盘
474,10:34:58,22.85,0.0,2,4570,卖盘
475,10:37:13,22.85,0.0,20,45700,卖盘
476,10:37:34,22.85,0.0,14,31990,卖盘
477,10:39:43,22.85,0.0,4,9140,卖盘
478,10:40:22,22.85,0.0,3,6855,卖盘
479,10:40:55,22.85,0.0,2,4570,卖盘
480,10:41:25,22.85,0.0,16,36560,卖盘
481,10:41:52,22.85,0.0,1,2285,卖盘
482,10:42:27,22.85,0.0,158,359888,卖盘
483,10:42:46,22.85,0.0,15,34275,卖盘
484,10:42:54,22.85,0.0,10,22850,卖盘
485,10:43:10,22.85,0.0,1,2285,卖盘
486,10:43:28,22.85,0.0,30,68550,卖盘
487,10:43:48,22.85,0.0,1,2285,卖盘
488,10:43:55,22.85,0.0,9,20565,卖盘
489,10:45:13,22.85,0.0,5,11425,卖盘
490,10:46:15,22.85,0.0,2,4570,卖盘
491,10:46:27,22.85,0.0,3,6855,卖盘
492,10:46:43,22.85,0.0,1,2285,卖盘
493,10:47:13,22.85,0.0,50,114250,卖盘
494,10:47:40,22.85,0.0,14,31990,卖盘
495,10:48:00,22.85,0.0,9,20565,卖盘
496,10:48:19,22.85,0.0,15,34275,卖盘
497,10:48:39,22.85,0.0,3,6855,卖盘
498,10:50:25,22.85,0.0,33,75405,卖盘
499,10:51:22,22.85,0.0,201,459285,卖盘
500,10:51:58,22.85,0.0,2,4570,卖盘
501,10:52:16,22.85,0.0,5,11425,卖盘
502,10:52:39,22.85,0.0,4,9140,卖盘
503,10:52:48,22.85,0.0,15,34275,卖盘
504,10:53:01,22.85,0.0,5,11425,卖盘
505,10:53:12,22.85,0.0,66,151952,卖盘
506,10:53:43,22.85,0.0,10,22850,卖盘
507,10:54:10,22.85,0.0,15,34275,卖盘
508,10:54:12,22.85,0.0,1,2285,卖盘
509,10:54:15,22.85,0.0,21,47985,卖盘
510,10:54:58,22.85,0.0,1,2285,卖盘
511,10:55:19,22.85,0.0,20,45700,卖盘
512,10:55:31,22.85,0.0,7,15995,卖盘
513,10:55:37,22.85,0.0,1,2285,卖盘
514,10:55:49,22.85,0.0,2,4570,卖盘
515,10:57:07,22.85,0.0,3,6855,卖盘
516,10:58:01,22.85,0.0,1,2285,卖盘
517,10:59:42,22.85,0.0,10,22850,卖盘
518,11:01:40,22.85,0.0,3,6855,卖盘
519,11:01:57,22.85,0.0,6,13710,卖盘
520,11:03:45,22.85,0.0,10,22850,卖盘
521,11:05:10,22.85,0.0,54,123390,卖盘
522,11:05:39,22.85,0.0,2,4570,卖盘
523,11:06:42,22.85,0.0,1,2285,卖盘
524,11:09:16,22.85,0.0,10,22850,卖盘
525,11:10:10,22.85,0.0,10,22850,卖盘
526,11:11:43,22.85,0.0,9,20565,卖盘
527,11:11:52,22.85,0.0,8,18280,卖盘
528,11:11:58,22.85,0.0,6,13710,卖盘
529,11:12:40,22.85,0.0,2,4570,卖盘
530,11:13:07,22.85,0.0,10,22850,卖盘
531,11:13:25,22.85,0.0,1,2285,卖盘
532,11:14:01,22.85,0.0,21,47985,卖盘
533,11:14:04,22.85,0.0,4,9140,卖盘
534,11:14:09,22.85,0.0,3,6855,卖盘
535,11:14:28,22.85,0.0,10,22850,卖盘
536,11:14:58,22.85,0.0,7,15995,卖盘
537,11:15:22,22.85,0.0,10,22850,卖盘
538,11:16:22,22.85,0.0,4,9140,卖盘
539,11:16:25,22.85,0.0,6,13710,卖盘
540,11:16:52,22.85,0.0,10,22850,卖盘
541,11:17:25,22.85,0.0,10,22850,卖盘
542,11:17:55,22.85,0.0,5,11425,卖盘
543,11:18:54,22.85,0.0,1,2285,卖盘
544,11:20:37,22.85,0.0,6,13710,卖盘
545,11:21:25,22.85,0.0,1,2285,卖盘
546,11:22:16,22.85,0.0,11,25135,卖盘
547,11:23:09,22.85,0.0,5,11425,卖盘
548,11:23:12,22.85,0.0,2,4570,卖盘
549,11:25:07,22.85,0.0,4,9140,卖盘
550,11:27:28,22.85,0.0,8,18280,卖盘
551,11:27:31,22.85,0.0,4,9140,卖盘
552,11:28:45,22.85,0.0,13,28562,卖盘
553,13:00:04,22.85,0.0,6,13710,卖盘
554,13:00:07,22.85,0.0,35,79975,卖盘
555,13:00:12,22.85,0.0,20,45700,卖盘
556,13:05:09,22.85,0.0,15,34275,卖盘
557,13:05:34,22.85,0.0,12,27420,卖盘
558,13:06:09,22.85,0.0,19,43415,卖盘
559,13:06:16,22.85,0.0,50,114250,卖盘
560,13:07:36,22.85,0.0,5,11425,卖盘
561,13:09:39,22.85,0.0,2,4570,卖盘
562,13:10:01,22.85,0.0,2,4570,卖盘
563,13:11:01,22.85,0.0,8,18280,卖盘
564,13:14:22,22.85,0.0,5,11425,卖盘
565,13:16:19,22.85,0.0,4,9140,卖盘
566,13:16:27,22.85,0.0,9,20565,卖盘
567,13:17:19,22.85,0.0,25,57125,卖盘
568,13:19:48,22.85,0.0,6,13710,卖盘
569,13:22:10,22.85,0.0,2,4570,卖盘
570,13:22:16,22.85,0.0,5,11425,卖盘
571,13:23:16,22.85,0.0,3,6855,卖盘
572,13:24:04,22.85,0.0,20,45700,卖盘
573,13:25:24,22.85,0.0,1,2285,卖盘
574,13:25:43,22.85,0.0,3,6855,卖盘
575,13:25:51,22.85,0.0,11,25135,卖盘
576,13:26:07,22.85,0.0,10,22850,卖盘
577,13:26:33,22.85,0.0,4,9140,卖盘
578,13:27:37,22.85,0.0,3,6855,卖盘
579,13:28:04,22.85,0.0,1,2285,卖盘
580,13:28:09,22.85,0.0,5,11425,卖盘
581,13:29:51,22.85,0.0,6,13710,卖盘
582,13:31:46,22.85,0.0,12,27420,卖盘
583,13:33:42,22.85,0.0,1,2285,卖盘
584,13:33:49,22.85,0.0,11,25135,卖盘
585,13:34:01,22.85,0.0,16,36560,卖盘
586,13:35:22,22.85,0.0,5,11425,卖盘
587,13:35:30,22.85,0.0,2,4570,卖盘
588,13:36:30,22.85,0.0,5,11425,卖盘
589,13:37:49,22.85,0.0,10,22850,卖盘
590,13:37:54,22.85,0.0,3,6855,卖盘
591,13:38:07,22.85,0.0,6,13710,卖盘
592,13:38:40,22.85,0.0,4,9140,卖盘
593,13:39:25,22.85,0.0,1,2285,卖盘
594,13:39:28,22.85,0.0,50,114250,卖盘
595,13:39:40,22.85,0.0,50,114250,卖盘
596,13:39:52,22.85,0.0,50,114250,卖盘
597,13:41:33,22.85,0.0,1,2285,卖盘
598,13:41:36,22.85,0.0,1,2285,卖盘
599,13:42:28,22.85,0.0,10,22850,卖盘
600,13:43:01,22.85,0.0,9,20565,卖盘
601,13:43:06,22.85,0.0,15,34275,卖盘
602,13:43:10,22.85,0.0,1,2285,卖盘
603,13:43:43,22.85,0.0,5,11425,卖盘
604,13:43:55,22.85,0.0,2,4570,卖盘
605,13:44:01,22.85,0.0,2,4570,卖盘
606,13:46:13,22.85,0.0,1,2285,卖盘
607,13:46:19,22.85,0.0,20,45700,卖盘
608,13:46:31,22.85,0.0,5,11425,卖盘
609,13:46:37,22.85,0.0,4,9140,卖盘
610,13:47:49,22.85,0.0,1,2285,卖盘
611,13:48:10,22.85,0.0,1,2285,卖盘
612,13:48:43,22.85,0.0,3,6855,卖盘
613,13:48:49,22.85,0.0,10,22850,卖盘
614,13:49:04,22.85,0.0,3,6855,卖盘
615,13:49:34,22.85,0.0,1,2285,卖盘
616,13:50:31,22.85,0.0,10,22850,卖盘
617,13:50:46,22.85,0.0,1,2285,卖盘
618,13:52:40,22.85,0.0,4,9140,卖盘
619,13:53:16,22.85,0.0,2,4570,卖盘
620,13:56:21,22.85,0.0,2,4570,卖盘
621,13:57:48,22.85,0.0,2,4570,卖盘
622,13:58:28,22.85,0.0,21,47985,卖盘
623,13:59:48,22.85,0.0,11,25135,卖盘
624,14:03:46,22.85,0.0,50,114250,卖盘
625,14:03:55,22.85,0.0,50,114250,卖盘
626,14:04:15,22.85,0.0,10,22850,卖盘
627,14:06:25,22.85,0.0,226,516410,卖盘
628,14:07:07,22.85,0.0,5,11425,卖盘
629,14:07:12,22.85,0.0,10,22850,卖盘
630,14:07:16,22.85,0.0,3,6855,卖盘
631,14:07:31,22.85,0.0,6,13710,卖盘
632,14:07:46,22.85,0.0,10,22850,卖盘
633,14:08:22,22.85,0.0,6,13710,卖盘
634,14:09:28,22.85,0.0,10,22850,卖盘
635,14:09:31,22.85,0.0,5,11425,卖盘
636,14:09:39,22.85,0.0,20,45700,卖盘
637,14:09:55,22.85,0.0,2,4570,卖盘
638,14:10:13,22.85,0.0,56,127960,卖盘
639,14:10:15,22.85,0.0,4,9140,卖盘
640,14:10:25,22.85,0.0,2,4570,卖盘
641,14:11:10,22.85,0.0,2,4570,卖盘
642,14:12:34,22.85,0.0,5,11425,卖盘
643,14:14:51,22.85,0.0,22,50270,卖盘
644,14:15:19,22.85,0.0,1,2285,卖盘
645,14:15:52,22.85,0.0,2,4570,卖盘
646,14:15:55,22.85,0.0,1,2285,卖盘
647,14:16:13,22.85,0.0,47,107395,卖盘
648,14:16:34,22.85,0.0,3,6855,卖盘
649,14:17:10,22.85,0.0,1,2285,卖盘
650,14:17:48,22.85,0.0,6,13710,卖盘
651,14:18:13,22.85,0.0,10,22850,卖盘
652,14:18:30,22.85,0.0,3,6855,卖盘
653,14:18:34,22.85,0.0,1,2285,卖盘
654,14:19:07,22.85,0.0,2,4570,卖盘
655,14:19:28,22.85,0.0,5,11425,卖盘
656,14:19:58,22.85,0.0,21,47985,卖盘
657,14:20:46,22.85,0.0,10,22850,卖盘
658,14:21:34,22.85,0.0,1,2285,卖盘
659,14:21:49,22.85,0.0,44,100540,卖盘
660,14:21:52,22.85,0.0,1,2285,卖盘
661,14:22:04,22.85,0.0,10,22850,卖盘
662,14:23:28,22.85,0.0,2,4570,卖盘
663,14:26:46,22.85,0.0,1,2285,卖盘
664,14:27:34,22.85,0.0,1,2285,卖盘
665,14:27:48,22.85,0.0,2,4570,卖盘
666,14:31:22,22.85,0.0,2,4570,卖盘
667,14:32:34,22.85,0.0,8,19422,卖盘
668,14:32:37,22.85,0.0,8,18280,卖盘
669,14:32:55,22.85,0.0,3,6855,卖盘
670,14:33:28,22.85,0.0,60,137100,卖盘
671,14:33:52,22.85,0.0,1,2285,卖盘
672,14:37:28,22.85,0.0,220,502700,卖盘
673,14:37:31,22.85,0.0,1,2285,卖盘
674,14:37:43,22.85,0.0,9,20565,卖盘
675,14:37:49,22.85,0.0,101,230785,卖盘
676,14:39:40,22.85,0.0,5,11425,卖盘
677,14:40:46,22.85,0.0,9,20565,卖盘
678,14:41:01,22.85,0.0,5,11425,卖盘
679,14:41:45,22.85,0.0,10,22850,卖盘
680,14:42:01,22.85,0.0,1,2285,卖盘
681,14:42:10,22.85,0.0,1,2285,卖盘
682,14:42:31,22.85,0.0,5,11425,卖盘
683,14:43:04,22.85,0.0,6,13710,卖盘
684,14:43:33,22.85,0.0,10,22850,卖盘
685,14:43:52,22.85,0.0,130,297050,卖盘
686,14:43:55,22.85,0.0,1,2285,卖盘
687,14:44:04,22.85,0.0,21,47985,卖盘
688,14:44:07,22.85,0.0,10,22850,卖盘
689,14:44:25,22.85,0.0,2,4570,卖盘
690,14:44:58,22.85,0.0,5,11425,卖盘
691,14:45:04,22.85,0.0,5,11425,卖盘
692,14:45:40,22.85,0.0,3,6855,卖盘
693,14:47:07,22.85,0.0,12,27420,卖盘
694,14:47:43,22.85,0.0,10,22850,卖盘
695,14:48:10,22.85,0.0,2,4570,卖盘
696,14:48:13,22.85,0.0,15,34275,卖盘
697,14:48:40,22.85,0.0,5,11425,卖盘
698,14:48:52,22.85,0.0,1,2285,卖盘
699,14:49:16,22.85,0.0,2,4570,卖盘
700,14:49:37,22.85,0.0,7,15995,卖盘
701,14:50:19,22.85,0.0,8,18280,卖盘
702,14:50:55,22.85,0.0,2,4570,卖盘
703,14:51:22,22.85,0.0,2,4570,卖盘
704,14:51:37,22.85,0.0,1,2285,卖盘
705,14:52:07,22.85,0.0,4,9140,卖盘
706,14:52:19,22.85,0.0,10,22850,卖盘
707,14:53:01,22.85,0.0,30,68550,卖盘
708,14:53:37,22.85,0.0,3,6855,卖盘
709,14:54:13,22.85,0.0,20,45700,卖盘
710,14:54:40,22.85,0.0,8,18280,卖盘
711,14:54:52,22.85,0.0,10,22850,卖盘
712,14:54:58,22.85,0.0,1,2285,卖盘
713,14:55:04,22.85,0.0,2,4570,卖盘
714,14:55:13,22.85,0.0,20,45700,卖盘
715,14:55:19,22.85,0.0,3,6855,卖盘
716,14:55:46,22.85,0.0,2,4570,卖盘
717,14:55:58,22.85,0.0,1,2285,卖盘
718,14:56:25,22.85,0.0,3,6855,卖盘
719,14:56:40,22.85,0.0,7,15995,卖盘
720,14:56:49,22.85,0.0,47,107395,卖盘
721,15:00:04,22.85,0.0,85,194225,卖盘
