,time,price,change,volume,amount,type
0,09:25:05,20.34,-0.08,34,69156,买盘
1,09:30:07,20.41,0.07,6,12246,买盘
2,09:30:10,20.39,-0.02,2,4078,卖盘
3,09:30:19,20.5,0.11,21,43050,买盘
4,09:30:22,20.47,-0.03,1,2047,中性盘
5,09:30:25,20.47,0.0,1,2047,买盘
6,09:30:28,20.41,-0.06,5,10205,卖盘
7,09:30:40,20.43,0.02,10,20430,中性盘
8,09:30:49,20.47,0.04,1,2047,买盘
9,09:30:55,20.43,-0.04,29,59247,卖盘
10,09:31:05,20.43,0.0,1,2043,买盘
11,09:31:13,20.44,0.01,1,2044,卖盘
12,09:31:19,20.47,0.03,18,36846,买盘
13,09:31:22,20.5,0.03,35,71741,买盘
14,09:31:37,20.5,0.0,2,4100,卖盘
15,09:31:40,20.5,0.0,4,8200,卖盘
16,09:31:43,20.51,0.01,36,73806,买盘
17,09:31:46,20.51,0.0,1,2051,买盘
18,09:31:49,20.5,-0.01,106,217524,卖盘
19,09:31:52,20.5,0.0,18,36900,买盘
20,09:31:55,20.55,0.05,3,6165,卖盘
21,09:31:58,20.55,0.0,1,2055,卖盘
22,09:32:01,20.55,0.0,1,2055,卖盘
23,09:32:04,20.56,0.01,5,10280,买盘
24,09:32:13,20.55,-0.01,3,6165,中性盘
25,09:32:19,20.51,-0.04,5,10258,卖盘
26,09:32:22,20.51,0.0,4,8204,买盘
27,09:32:31,20.5,-0.01,10,20500,卖盘
28,09:32:37,20.5,0.0,1,2050,买盘
29,09:32:40,20.5,0.0,1,2050,买盘
30,09:32:43,20.5,0.0,2,4100,买盘
31,09:32:46,20.5,0.0,1,2050,买盘
32,09:32:58,20.49,-0.01,11,22540,卖盘
33,09:33:22,20.49,0.0,2,4098,买盘
34,09:33:34,20.44,-0.05,9,18411,卖盘
35,09:33:40,20.51,0.07,1,2051,买盘
36,09:33:43,20.51,0.0,2,4102,买盘
37,09:33:49,20.45,-0.06,17,34779,卖盘
38,09:34:13,20.51,0.06,2,4102,买盘
39,09:34:19,20.5,-0.01,1,2050,中性盘
40,09:34:46,20.5,0.0,4,8200,买盘
41,09:34:49,20.5,0.0,1,2050,买盘
42,09:35:10,20.49,-0.01,7,14333,买盘
43,09:35:13,20.5,0.01,27,55303,买盘
44,09:35:22,20.5,0.0,6,12300,买盘
45,09:35:34,20.5,0.0,23,47171,卖盘
46,09:35:46,20.53,0.03,1,2053,中性盘
47,09:35:49,20.5,-0.03,1,2050,卖盘
48,09:35:55,20.54,0.04,42,86256,买盘
49,09:35:58,20.54,0.0,50,102700,卖盘
50,09:36:01,20.54,0.0,5,10270,卖盘
51,09:36:07,20.54,0.0,21,43134,卖盘
52,09:36:10,20.54,0.0,3,6162,买盘
53,09:36:13,20.49,-0.05,30,61491,卖盘
54,09:36:34,20.48,-0.01,59,120890,卖盘
55,09:36:40,20.49,0.01,5,10245,买盘
56,09:36:46,20.49,0.0,2,4098,买盘
57,09:36:49,20.49,0.0,7,14343,买盘
58,09:36:52,20.49,0.0,5,10245,买盘
59,09:36:55,20.48,-0.01,101,206856,卖盘
60,09:37:10,20.53,0.05,1,2053,买盘
61,09:37:13,20.48,-0.05,1,2048,卖盘
62,09:37:19,20.53,0.05,1,2053,买盘
63,09:37:22,20.53,0.0,1,2053,买盘
64,09:37:40,20.5,-0.03,3,6150,卖盘
65,09:37:49,20.53,0.03,2,4106,买盘
66,09:37:58,20.53,0.0,12,24631,买盘
67,09:38:10,20.51,-0.02,7,14359,卖盘
68,09:38:13,20.51,0.0,1,2051,买盘
69,09:38:22,20.5,-0.01,1,2050,卖盘
70,09:38:28,20.51,0.01,6,12301,买盘
71,09:38:43,20.49,-0.02,3,6147,卖盘
72,09:38:49,20.49,0.0,8,16392,卖盘
73,09:38:52,20.49,0.0,1,2049,买盘
74,09:39:01,20.48,-0.01,5,10240,卖盘
75,09:39:13,20.47,-0.01,6,12282,卖盘
76,09:39:19,20.47,0.0,2,4094,中性盘
77,09:39:28,20.45,-0.02,3,6135,卖盘
78,09:39:37,20.44,-0.01,23,47015,卖盘
79,09:39:40,20.44,0.0,1,2044,买盘
80,09:39:43,20.45,0.01,11,22489,买盘
81,09:39:49,20.42,-0.03,4,8176,卖盘
82,09:40:10,20.42,0.0,1,2042,卖盘
83,09:40:16,20.42,0.0,1,2042,买盘
84,09:40:22,20.42,0.0,17,34714,买盘
85,09:40:37,20.45,0.03,2,4090,买盘
86,09:40:40,20.45,0.0,14,28629,买盘
87,09:40:52,20.49,0.04,2,4098,买盘
88,09:40:55,20.49,0.0,3,6147,买盘
89,09:41:10,20.49,0.0,1,2049,买盘
90,09:41:13,20.47,-0.02,12,24584,卖盘
91,09:41:16,20.47,0.0,10,20473,卖盘
92,09:41:19,20.5,0.03,1,2050,买盘
93,09:41:28,20.49,-0.01,10,20486,买盘
94,09:41:31,20.49,0.0,1,2049,买盘
95,09:41:34,20.47,-0.02,2,4094,卖盘
96,09:41:40,20.49,0.02,10,20490,买盘
97,09:41:43,20.47,-0.02,1,2047,卖盘
98,09:41:49,20.49,0.02,3,6143,买盘
99,09:41:52,20.49,0.0,2,4098,买盘
100,09:42:04,20.49,0.0,10,20490,买盘
101,09:42:10,20.49,0.0,1,2049,买盘
102,09:42:13,20.48,-0.01,15,30720,卖盘
103,09:42:16,20.48,0.0,1,2048,买盘
104,09:42:28,20.47,-0.01,3,6141,卖盘
105,09:42:31,20.47,0.0,5,10235,买盘
106,09:42:37,20.48,0.01,5,10238,买盘
107,09:42:49,20.49,0.01,9,18434,买盘
108,09:43:13,20.46,-0.03,5,10232,卖盘
109,09:43:16,20.48,0.02,1,2048,买盘
110,09:43:19,20.48,0.0,1,2048,买盘
111,09:43:22,20.48,0.0,2,4096,买盘
112,09:43:25,20.48,0.0,2,4096,买盘
113,09:43:31,20.49,0.01,17,34819,买盘
114,09:43:37,20.49,0.0,4,8196,买盘
115,09:43:40,20.48,-0.01,3,6144,卖盘
116,09:43:43,20.49,0.01,18,36881,买盘
117,09:43:46,20.49,0.0,5,10245,买盘
118,09:43:49,20.5,0.01,4,8200,买盘
119,09:43:52,20.5,0.0,13,26648,买盘
120,09:43:55,20.5,0.0,4,8200,买盘
121,09:44:01,20.52,0.02,5,10256,买盘
122,09:44:04,20.53,0.01,14,28729,买盘
123,09:44:07,20.53,0.0,5,10259,买盘
124,09:44:10,20.53,0.0,6,12318,买盘
125,09:44:13,20.53,0.0,4,8212,买盘
126,09:44:16,20.52,-0.01,27,55421,卖盘
127,09:44:19,20.53,0.01,14,28742,买盘
128,09:44:25,20.53,0.0,1,2053,买盘
129,09:44:28,20.53,0.0,2,4106,买盘
130,09:44:31,20.53,0.0,2,4106,买盘
131,09:44:34,20.53,0.0,10,20530,买盘
132,09:44:40,20.53,0.0,24,49272,卖盘
133,09:44:43,20.55,0.02,36,73954,买盘
134,09:44:55,20.55,0.0,6,12330,买盘
135,09:45:01,20.54,-0.01,7,14378,卖盘
136,09:45:07,20.55,0.01,24,49297,买盘
137,09:45:19,20.55,0.0,4,8220,买盘
138,09:45:22,20.56,0.01,62,128454,买盘
139,09:45:49,20.6,0.04,4,8240,买盘
140,09:46:10,20.59,-0.01,2,4118,买盘
141,09:46:13,20.59,0.0,1,2059,买盘
142,09:46:16,20.59,0.0,7,14401,买盘
143,09:46:19,20.59,0.0,6,12354,买盘
144,09:46:28,20.59,0.0,19,39121,卖盘
145,09:46:43,20.59,0.0,7,14413,买盘
146,09:46:46,20.57,-0.02,5,10285,卖盘
147,09:46:49,20.57,0.0,5,10285,卖盘
148,09:46:58,20.58,0.01,32,65850,买盘
149,09:47:10,20.53,-0.05,3,6159,卖盘
150,09:47:19,20.58,0.05,1,2058,买盘
151,09:47:22,20.53,-0.05,21,43118,卖盘
152,09:47:43,20.56,0.03,2,4112,买盘
153,09:47:49,20.56,0.0,1,2056,买盘
154,09:48:04,20.53,-0.03,10,20530,卖盘
155,09:48:13,20.56,0.03,1,2056,买盘
156,09:48:19,20.56,0.0,2,4112,买盘
157,09:48:22,20.56,0.0,5,10280,买盘
158,09:48:46,20.56,0.0,11,22616,买盘
159,09:48:52,20.56,0.0,1,2056,买盘
160,09:48:58,20.54,-0.02,3,6162,卖盘
161,09:49:01,20.56,0.02,8,16448,买盘
162,09:49:04,20.57,0.01,2,4114,买盘
163,09:49:13,20.56,-0.01,5,10280,卖盘
164,09:49:22,20.56,0.0,11,22616,买盘
165,09:49:28,20.56,0.0,5,10280,买盘
166,09:49:43,20.54,-0.02,1,2054,买盘
167,09:49:46,20.54,0.0,1,2054,买盘
168,09:49:52,20.54,0.0,24,49276,买盘
169,09:49:58,20.54,0.0,2,4108,买盘
170,09:50:04,20.53,-0.01,5,10265,卖盘
171,09:50:16,20.54,0.01,2,4108,买盘
172,09:50:22,20.53,-0.01,3,6159,卖盘
173,09:50:40,20.56,0.03,21,43116,买盘
174,09:50:49,20.56,0.0,1,2056,买盘
175,09:50:52,20.56,0.0,1,2056,买盘
176,09:51:01,20.51,-0.05,8,16408,卖盘
177,09:51:07,20.51,0.0,2,4102,买盘
178,09:51:13,20.56,0.05,1,2056,买盘
179,09:51:25,20.56,0.0,1,2056,买盘
180,09:51:34,20.51,-0.05,10,20510,卖盘
181,09:51:37,20.56,0.05,7,14392,买盘
182,09:51:40,20.51,-0.05,12,24612,卖盘
183,09:51:43,20.51,0.0,3,6153,买盘
184,09:51:46,20.51,0.0,1,2051,买盘
185,09:51:52,20.5,-0.01,3,6150,卖盘
186,09:52:01,20.51,0.01,3,6153,买盘
187,09:52:10,20.51,0.0,1,2051,买盘
188,09:52:16,20.5,-0.01,5,10250,卖盘
189,09:52:19,20.51,0.01,1,2051,买盘
190,09:52:31,20.49,-0.02,18,36889,卖盘
191,09:52:43,20.51,0.02,1,2051,买盘
192,09:52:46,20.51,0.0,2,4102,买盘
193,09:52:55,20.51,0.0,10,20510,买盘
194,09:53:01,20.51,0.0,1,2051,买盘
195,09:53:07,20.51,0.0,9,18459,买盘
196,09:53:10,20.51,0.0,2,4102,买盘
197,09:53:13,20.51,0.0,4,8204,买盘
198,09:53:40,20.52,0.01,5,10260,卖盘
199,09:53:43,20.55,0.03,2,4110,买盘
200,09:53:46,20.52,-0.03,3,6156,卖盘
201,09:53:52,20.51,-0.01,2,4103,卖盘
202,09:54:10,20.52,0.01,3,6156,买盘
203,09:54:46,20.55,0.03,1,2055,买盘
204,09:54:49,20.55,0.0,1,2055,买盘
205,09:55:04,20.54,-0.01,9,18486,买盘
206,09:55:13,20.55,0.01,1,2055,买盘
207,09:55:19,20.55,0.0,1,2055,买盘
208,09:55:28,20.54,-0.01,12,24648,卖盘
209,09:55:31,20.53,-0.01,2,4106,卖盘
210,09:55:46,20.53,0.0,5,10265,卖盘
211,09:55:49,20.54,0.01,3,6162,买盘
212,09:56:10,20.54,0.0,1,2054,买盘
213,09:56:13,20.54,0.0,1,2054,买盘
214,09:56:37,20.54,0.0,6,12324,买盘
215,09:56:46,20.55,0.01,2,4110,买盘
216,09:56:58,20.54,-0.01,2,4108,卖盘
217,09:57:13,20.55,0.01,19,39033,买盘
218,09:57:31,20.55,0.0,1,2055,中性盘
219,09:57:37,20.52,-0.03,5,10263,卖盘
220,09:57:40,20.54,0.02,4,8216,中性盘
221,09:57:43,20.55,0.01,3,6164,买盘
222,09:57:55,20.52,-0.03,2,4104,卖盘
223,09:58:13,20.53,0.01,5,10265,卖盘
224,09:58:25,20.53,0.0,2,4106,买盘
225,09:58:55,20.53,0.0,3,6159,买盘
226,09:59:22,20.54,0.01,54,110916,买盘
227,09:59:25,20.53,-0.01,2,4106,卖盘
228,09:59:46,20.52,-0.01,1,2052,卖盘
229,09:59:52,20.52,0.0,1,2052,买盘
230,10:00:19,20.51,-0.01,10,20510,卖盘
231,10:00:37,20.51,0.0,3,6153,买盘
232,10:00:40,20.51,0.0,1,2051,买盘
233,10:00:43,20.51,0.0,1,2051,买盘
234,10:00:46,20.51,0.0,17,34867,买盘
235,10:00:49,20.51,0.0,12,24612,买盘
236,10:00:52,20.51,0.0,11,22561,买盘
237,10:00:55,20.51,0.0,7,14357,买盘
238,10:00:58,20.53,0.02,16,32823,买盘
239,10:01:01,20.53,0.0,8,16416,买盘
240,10:01:04,20.53,0.0,13,26689,买盘
241,10:01:07,20.53,0.0,12,24636,买盘
242,10:01:10,20.53,0.0,13,26689,买盘
243,10:01:19,20.53,0.0,8,16428,卖盘
244,10:01:22,20.55,0.02,10,20550,买盘
245,10:01:37,20.55,0.0,34,69870,买盘
246,10:01:55,20.56,0.01,10,20560,买盘
247,10:02:04,20.56,0.0,2,4112,买盘
248,10:02:10,20.56,0.0,12,24672,买盘
249,10:02:13,20.56,0.0,1,2056,买盘
250,10:02:25,20.56,0.0,27,55533,卖盘
251,10:02:34,20.58,0.02,42,86418,买盘
252,10:02:40,20.6,0.02,17,35005,买盘
253,10:02:46,20.61,0.01,39,80346,买盘
254,10:02:55,20.61,0.0,30,61830,买盘
255,10:03:10,20.65,0.04,3,6195,买盘
256,10:03:13,20.65,0.0,4,8260,卖盘
257,10:03:16,20.65,0.0,7,14455,买盘
258,10:03:22,20.65,0.0,10,20650,卖盘
259,10:03:28,20.66,0.01,39,80564,买盘
260,10:03:34,20.66,0.0,2,4132,买盘
261,10:03:37,20.65,-0.01,1,2065,卖盘
262,10:03:40,20.66,0.01,2,4132,买盘
263,10:03:43,20.66,0.0,8,16528,买盘
264,10:03:49,20.65,-0.01,80,165208,卖盘
265,10:04:07,20.67,0.02,10,20670,买盘
266,10:04:10,20.65,-0.02,63,130125,卖盘
267,10:04:22,20.65,0.0,2,4130,买盘
268,10:04:28,20.62,-0.03,2,4124,卖盘
269,10:04:43,20.62,0.0,3,6186,买盘
270,10:04:58,20.61,-0.01,13,26793,卖盘
271,10:05:22,20.61,0.0,3,6183,买盘
272,10:05:28,20.61,0.0,5,10305,买盘
273,10:05:43,20.61,0.0,48,98928,买盘
274,10:05:52,20.62,0.01,1,2062,中性盘
275,10:05:58,20.64,0.02,9,18576,买盘
276,10:06:01,20.66,0.02,70,144590,买盘
277,10:06:07,20.66,0.0,8,16528,买盘
278,10:06:10,20.66,0.0,5,10330,卖盘
279,10:06:16,20.67,0.01,20,41340,买盘
280,10:06:25,20.69,0.02,6,12409,买盘
281,10:06:28,20.69,0.0,2,4138,买盘
282,10:06:31,20.68,-0.01,2,4136,卖盘
283,10:06:34,20.69,0.01,7,14483,买盘
284,10:06:37,20.7,0.01,5,10350,买盘
285,10:06:43,20.69,-0.01,26,53815,卖盘
286,10:06:46,20.7,0.01,22,45540,买盘
287,10:06:49,20.68,-0.02,24,49662,卖盘
288,10:06:58,20.7,0.02,3,6210,买盘
289,10:07:01,20.67,-0.03,23,47597,卖盘
290,10:07:04,20.7,0.03,10,20700,买盘
291,10:07:10,20.68,-0.02,19,39292,买盘
292,10:07:13,20.68,0.0,11,22748,买盘
293,10:07:22,20.7,0.02,11,22770,买盘
294,10:07:28,20.67,-0.03,20,41350,卖盘
295,10:07:31,20.67,0.0,11,22737,卖盘
296,10:07:46,20.66,-0.01,5,10330,卖盘
297,10:08:01,20.67,0.01,29,59918,买盘
298,10:08:07,20.65,-0.02,5,10325,卖盘
299,10:08:13,20.65,0.0,5,10325,买盘
300,10:08:40,20.65,0.0,10,20650,卖盘
301,10:08:49,20.66,0.01,5,10330,买盘
302,10:08:52,20.65,-0.01,1,2065,卖盘
303,10:09:04,20.65,0.0,11,22715,卖盘
304,10:09:07,20.64,-0.01,4,8258,卖盘
305,10:09:49,20.65,0.01,10,20642,买盘
306,10:09:52,20.65,0.0,3,6195,买盘
307,10:10:13,20.62,-0.03,1,2062,卖盘
308,10:10:43,20.62,0.0,10,20620,卖盘
309,10:11:07,20.62,0.0,5,10310,卖盘
310,10:11:31,20.62,0.0,3,6186,卖盘
311,10:12:13,20.62,0.0,3,6186,卖盘
312,10:13:37,20.64,0.02,3,6192,买盘
313,10:14:07,20.64,0.0,10,20640,买盘
314,10:14:13,20.63,-0.01,3,6189,卖盘
315,10:14:31,20.62,-0.01,3,6186,买盘
316,10:14:58,20.61,-0.01,5,10305,卖盘
317,10:15:00,20.61,0.0,9,18549,卖盘
318,10:17:04,20.57,-0.04,1,2057,卖盘
319,10:17:46,20.56,-0.01,10,20565,卖盘
320,10:17:55,20.56,0.0,1,2056,卖盘
321,10:18:00,20.56,0.0,5,10280,卖盘
322,10:18:22,20.56,0.0,9,18504,卖盘
323,10:18:27,20.55,-0.01,17,34935,卖盘
324,10:18:34,20.55,0.0,23,47276,卖盘
325,10:18:37,20.55,0.0,24,49320,买盘
326,10:18:55,20.58,0.03,1,2058,买盘
327,10:19:46,20.58,0.0,20,41153,买盘
328,10:20:34,20.56,-0.02,18,37008,卖盘
329,10:23:01,20.56,0.0,6,12336,卖盘
330,10:23:07,20.56,0.0,2,4112,卖盘
331,10:23:13,20.56,0.0,2,4112,卖盘
332,10:23:19,20.56,0.0,5,10280,卖盘
333,10:23:25,20.56,0.0,1,2056,卖盘
334,10:23:45,20.54,-0.02,12,24648,卖盘
335,10:23:55,20.54,0.0,2,4108,卖盘
336,10:23:58,20.54,0.0,7,14378,卖盘
337,10:24:07,20.54,0.0,1,2054,买盘
338,10:24:42,20.54,0.0,2,4108,买盘
339,10:24:58,20.54,0.0,3,6162,买盘
340,10:25:19,20.56,0.02,5,10280,买盘
341,10:25:42,20.54,-0.02,5,10270,卖盘
342,10:25:55,20.56,0.02,2,4110,买盘
343,10:26:49,20.54,-0.02,1,2054,卖盘
344,10:27:04,20.54,0.0,13,26702,卖盘
345,10:27:19,20.54,0.0,1,2054,卖盘
346,10:27:33,20.54,0.0,10,20540,卖盘
347,10:27:49,20.56,0.02,1,2056,买盘
348,10:27:52,20.56,0.0,22,45222,买盘
349,10:27:57,20.56,0.0,1,2056,买盘
350,10:28:13,20.56,0.0,12,24682,卖盘
351,10:28:19,20.56,0.0,1,2056,买盘
352,10:28:22,20.58,0.02,1,2058,买盘
353,10:28:37,20.57,-0.01,10,20570,买盘
354,10:28:40,20.58,0.01,10,20579,买盘
355,10:28:51,20.58,0.0,4,8232,买盘
356,10:29:12,20.58,0.0,15,30870,买盘
357,10:29:15,20.58,0.0,11,22638,卖盘
358,10:30:04,20.6,0.02,7,14420,买盘
359,10:30:16,20.61,0.01,7,14427,买盘
360,10:30:31,20.6,-0.01,22,45320,卖盘
361,10:30:52,20.59,-0.01,4,8236,卖盘
362,10:30:58,20.6,0.01,10,20600,买盘
363,10:31:10,20.59,-0.01,4,8236,卖盘
364,10:31:46,20.58,-0.01,10,20580,卖盘
365,10:31:49,20.58,0.0,4,8232,卖盘
366,10:32:52,20.58,0.0,3,6172,买盘
367,10:33:16,20.58,0.0,51,104958,买盘
368,10:33:21,20.58,0.0,27,55566,卖盘
369,10:33:37,20.58,0.0,2,4116,卖盘
370,10:33:58,20.58,0.0,1,2058,买盘
371,10:36:18,20.58,0.0,2,4116,卖盘
372,10:36:28,20.57,-0.01,2,4114,卖盘
373,10:36:48,20.56,-0.01,12,24680,卖盘
374,10:37:55,20.56,0.0,1,2056,卖盘
375,10:37:58,20.54,-0.02,12,24652,卖盘
376,10:38:07,20.54,0.0,1,2054,卖盘
377,10:38:22,20.54,0.0,6,12324,卖盘
378,10:38:34,20.54,0.0,19,39026,卖盘
379,10:38:55,20.54,0.0,5,10270,卖盘
380,10:39:09,20.54,0.0,4,8216,卖盘
381,10:39:24,20.54,0.0,8,16432,买盘
382,10:39:33,20.53,-0.01,20,41060,卖盘
383,10:40:07,20.53,0.0,10,20530,卖盘
384,10:40:13,20.52,-0.01,30,61564,卖盘
385,10:41:06,20.51,-0.01,23,47179,卖盘
386,10:41:10,20.52,0.01,12,24624,买盘
387,10:41:16,20.52,0.0,1,2052,买盘
388,10:41:22,20.53,0.01,18,36944,买盘
389,10:41:28,20.54,0.01,1,2054,买盘
390,10:41:34,20.56,0.02,7,14390,买盘
391,10:41:43,20.54,-0.02,25,51391,卖盘
392,10:41:58,20.61,0.07,61,125711,买盘
393,10:42:25,20.6,-0.01,22,45320,买盘
394,10:42:52,20.59,-0.01,4,8236,卖盘
395,10:42:55,20.6,0.01,44,90624,买盘
396,10:43:37,20.61,0.01,10,20610,买盘
397,10:43:43,20.61,0.0,4,8244,买盘
398,10:44:04,20.6,-0.01,1,2060,卖盘
399,10:44:19,20.63,0.03,1,2063,买盘
400,10:44:28,20.6,-0.03,9,18540,买盘
401,10:44:34,20.6,0.0,10,20600,买盘
402,10:44:40,20.6,0.0,9,18540,买盘
403,10:45:01,20.6,0.0,2,4120,买盘
404,10:45:19,20.59,-0.01,1,2059,卖盘
405,10:45:31,20.6,0.01,4,8240,买盘
406,10:46:16,20.59,-0.01,6,12354,卖盘
407,10:46:37,20.59,0.0,1,2059,买盘
408,10:46:40,20.59,0.0,50,102950,买盘
409,10:47:19,20.6,0.01,30,61787,买盘
410,10:47:33,20.6,0.0,3,6180,买盘
411,10:48:49,20.6,0.0,3,6180,买盘
412,10:48:52,20.59,-0.01,2,4118,卖盘
413,10:49:42,20.59,0.0,5,10295,买盘
414,10:50:25,20.59,0.0,1,2059,买盘
415,10:50:42,20.6,0.01,2,4120,买盘
416,10:52:21,20.62,0.02,11,22682,买盘
417,10:52:34,20.61,-0.01,1,2061,卖盘
418,10:53:36,20.6,-0.01,9,18540,卖盘
419,10:53:40,20.61,0.01,5,10305,买盘
420,10:53:43,20.6,-0.01,1,2060,卖盘
421,10:53:55,20.61,0.01,1,2061,买盘
422,10:54:25,20.63,0.02,4,8252,买盘
423,10:55:01,20.61,-0.02,16,32976,卖盘
424,10:55:04,20.61,0.0,4,8244,买盘
425,10:55:10,20.6,-0.01,1,2060,卖盘
426,10:55:27,20.6,0.0,5,10300,买盘
427,10:56:34,20.59,-0.01,10,20592,卖盘
428,10:57:16,20.59,0.0,2,4118,卖盘
429,10:57:24,20.53,-0.06,90,184927,卖盘
430,10:58:43,20.54,0.01,24,49296,卖盘
431,10:58:48,20.54,0.0,5,10270,买盘
432,10:59:01,20.54,0.0,8,16432,买盘
433,10:59:07,20.54,0.0,5,10270,买盘
434,11:00:58,20.59,0.05,37,76183,买盘
435,11:01:21,20.59,0.0,1,2059,卖盘
436,11:01:40,20.59,0.0,60,123540,卖盘
437,11:01:46,20.6,0.01,5,10300,买盘
438,11:02:43,20.6,0.0,24,49440,买盘
439,11:02:45,20.6,0.0,5,10300,卖盘
440,11:03:09,20.6,0.0,10,20600,卖盘
441,11:03:12,20.62,0.02,10,20620,买盘
442,11:04:01,20.62,0.0,11,22681,买盘
443,11:05:34,20.61,-0.01,1,2061,卖盘
444,11:05:48,20.6,-0.01,4,8240,卖盘
445,11:06:01,20.6,0.0,2,4120,卖盘
446,11:06:04,20.6,0.0,17,35020,卖盘
447,11:06:06,20.56,-0.04,54,111024,卖盘
448,11:06:28,20.56,0.0,1,2056,买盘
449,11:06:34,20.56,0.0,11,22616,买盘
450,11:06:52,20.57,0.01,20,41140,卖盘
451,11:07:12,20.6,0.03,16,32960,买盘
452,11:07:16,20.6,0.0,2,4120,卖盘
453,11:07:24,20.6,0.0,31,63860,卖盘
454,11:07:37,20.6,0.0,10,20600,卖盘
455,11:08:24,20.6,0.0,10,20590,买盘
456,11:08:40,20.6,0.0,10,20600,卖盘
457,11:08:46,20.61,0.01,1,2061,买盘
458,11:08:55,20.6,-0.01,43,88580,卖盘
459,11:09:07,20.6,0.0,40,82400,卖盘
460,11:09:42,20.58,-0.02,1,2058,卖盘
461,11:10:25,20.57,-0.01,20,41140,卖盘
462,11:10:43,20.57,0.0,30,61710,卖盘
463,11:10:54,20.6,0.03,90,185372,买盘
464,11:11:25,20.61,0.01,5,10305,买盘
465,11:11:34,20.61,0.0,4,8241,买盘
466,11:11:46,20.6,-0.01,10,20600,卖盘
467,11:12:33,20.61,0.01,9,18549,买盘
468,11:12:37,20.6,-0.01,12,24720,卖盘
469,11:12:46,20.62,0.02,38,78302,买盘
470,11:12:55,20.62,0.0,31,63922,买盘
471,11:12:57,20.62,0.0,1,2062,买盘
472,11:13:07,20.64,0.02,119,245521,买盘
473,11:13:13,20.6,-0.04,20,41240,卖盘
474,11:13:21,20.66,0.06,6,12396,买盘
475,11:13:34,20.66,0.0,31,64046,买盘
476,11:13:37,20.66,0.0,2,4132,买盘
477,11:13:40,20.68,0.02,76,157117,买盘
478,11:13:52,20.66,-0.02,11,22729,卖盘
479,11:13:54,20.68,0.02,99,204727,买盘
480,11:13:57,20.69,0.01,1,2069,买盘
481,11:14:01,20.68,-0.01,2,4136,卖盘
482,11:14:07,20.68,0.0,3,6204,卖盘
483,11:14:09,20.68,0.0,11,22758,卖盘
484,11:14:13,20.62,-0.06,30,61952,卖盘
485,11:14:16,20.68,0.06,10,20680,买盘
486,11:14:33,20.62,-0.06,40,82491,卖盘
487,11:14:46,20.67,0.05,5,10335,中性盘
488,11:15:07,20.62,-0.05,50,103115,卖盘
489,11:15:13,20.67,0.05,11,22737,买盘
490,11:15:33,20.61,-0.06,58,119675,卖盘
491,11:15:52,20.6,-0.01,47,96830,卖盘
492,11:16:06,20.6,0.0,2,4120,买盘
493,11:16:13,20.6,0.0,1,2060,买盘
494,11:16:34,20.6,0.0,20,41204,卖盘
495,11:16:51,20.6,0.0,1,1030,卖盘
496,11:17:10,20.66,0.06,15,30990,买盘
497,11:18:43,20.6,-0.06,10,20600,卖盘
498,11:19:12,20.65,0.05,17,35100,买盘
499,11:20:16,20.6,-0.05,6,13390,卖盘
500,11:20:39,20.59,-0.01,23,47357,卖盘
501,11:20:52,20.59,0.0,5,10295,买盘
502,11:20:55,20.57,-0.02,100,205714,卖盘
503,11:21:24,20.55,-0.02,20,41104,卖盘
504,11:21:45,20.55,0.0,10,20555,卖盘
505,11:22:01,20.56,0.01,1,2056,买盘
506,11:22:36,20.54,-0.02,11,21578,卖盘
507,11:23:09,20.54,0.0,1,2054,卖盘
508,11:23:28,20.53,-0.01,20,41076,卖盘
509,11:24:52,20.59,0.06,1,2059,买盘
510,11:24:55,20.51,-0.08,139,285653,卖盘
511,11:24:57,20.54,0.03,5,10270,卖盘
512,11:25:43,20.56,0.02,101,207656,卖盘
513,11:25:57,20.56,0.0,10,20560,买盘
514,11:26:34,20.51,-0.05,24,49224,卖盘
515,11:26:36,20.56,0.05,5,10280,买盘
516,11:27:04,20.52,-0.04,1,2052,卖盘
517,11:27:30,20.52,0.0,3,6156,卖盘
518,11:27:49,20.51,-0.01,17,34867,卖盘
519,11:27:52,20.51,0.0,5,10255,卖盘
520,11:28:01,20.51,0.0,15,31790,卖盘
521,11:28:31,20.5,-0.01,10,20500,卖盘
522,11:28:39,20.5,0.0,19,38950,卖盘
523,11:28:49,20.5,0.0,15,30750,卖盘
524,11:28:57,20.5,0.0,2,4100,买盘
525,11:29:10,20.5,0.0,5,10250,卖盘
526,11:29:19,20.5,0.0,3,6150,卖盘
527,11:29:25,20.5,0.0,2,4100,买盘
528,11:29:42,20.47,-0.03,5,10235,卖盘
529,11:29:46,20.51,0.04,21,43062,买盘
530,11:30:04,20.51,0.0,2,4102,买盘
531,13:00:05,20.47,-0.04,12,24565,卖盘
532,13:00:07,20.51,0.04,15,30767,中性盘
533,13:00:19,20.51,0.0,2,4102,卖盘
534,13:00:22,20.51,0.0,1,2051,卖盘
535,13:00:25,20.51,0.0,5,10255,卖盘
536,13:00:31,20.51,0.0,2,4102,卖盘
537,13:00:34,20.51,0.0,1,2051,卖盘
538,13:00:37,20.5,-0.01,2,4100,卖盘
539,13:00:40,20.5,0.0,1,2050,中性盘
540,13:01:24,20.5,0.0,2,4100,买盘
541,13:02:54,20.55,0.05,24,49320,买盘
542,13:03:31,20.55,0.0,22,45210,卖盘
543,13:03:37,20.55,0.0,4,8220,买盘
544,13:03:49,20.55,0.0,8,16440,买盘
545,13:04:07,20.55,0.0,21,43155,卖盘
546,13:04:13,20.55,0.0,7,14385,卖盘
547,13:04:48,20.55,0.0,4,8220,买盘
548,13:04:51,20.55,0.0,15,30825,买盘
549,13:04:58,20.56,0.01,3,5140,买盘
550,13:05:04,20.55,-0.01,50,102750,买盘
551,13:05:07,20.55,0.0,3,6165,卖盘
552,13:05:30,20.55,0.0,5,10275,卖盘
553,13:05:42,20.58,0.03,2,4116,买盘
554,13:05:46,20.58,0.0,2,4116,卖盘
555,13:06:30,20.58,0.0,1,2058,卖盘
556,13:06:33,20.6,0.02,42,86513,买盘
557,13:06:46,20.61,0.01,10,20610,买盘
558,13:06:57,20.62,0.01,6,12372,买盘
559,13:07:00,20.63,0.01,5,10315,买盘
560,13:07:04,20.62,-0.01,5,10310,卖盘
561,13:07:22,20.61,-0.01,3,6183,卖盘
562,13:07:40,20.61,0.0,5,10305,卖盘
563,13:07:46,20.62,0.01,2,4124,买盘
564,13:07:48,20.61,-0.01,3,6183,卖盘
565,13:07:52,20.61,0.0,25,51525,卖盘
566,13:08:01,20.61,0.0,3,6183,卖盘
567,13:08:25,20.61,0.0,41,84501,卖盘
568,13:08:46,20.58,-0.03,3,6174,卖盘
569,13:10:58,20.58,0.0,6,12348,买盘
570,13:11:01,20.55,-0.03,15,30836,卖盘
571,13:11:34,20.55,0.0,10,20550,买盘
572,13:12:27,20.51,-0.04,28,57455,卖盘
573,13:13:10,20.54,0.03,13,26702,买盘
574,13:13:16,20.54,0.0,1,2054,买盘
575,13:13:22,20.54,0.0,10,20540,买盘
576,13:14:01,20.5,-0.04,50,102565,卖盘
577,13:14:28,20.57,0.07,6,12336,买盘
578,13:14:31,20.49,-0.08,1,2049,卖盘
579,13:14:34,20.49,0.0,4,8196,卖盘
580,13:14:45,20.57,0.08,1,2057,买盘
581,13:17:01,20.52,-0.05,5,10261,卖盘
582,13:17:46,20.52,0.0,11,22572,卖盘
583,13:17:51,20.52,0.0,3,6156,买盘
584,13:17:54,20.52,0.0,2,4104,买盘
585,13:18:07,20.52,0.0,4,8208,买盘
586,13:18:09,20.55,0.03,5,10275,卖盘
587,13:18:22,20.55,0.0,3,6166,卖盘
588,13:18:40,20.55,0.0,5,10275,卖盘
589,13:19:37,20.55,0.0,1,2055,卖盘
590,13:20:01,20.51,-0.04,3,6153,卖盘
591,13:20:46,20.55,0.04,1,2055,买盘
592,13:20:57,20.55,0.0,2,4110,买盘
593,13:23:39,20.53,-0.02,2,4106,卖盘
594,13:24:46,20.56,0.03,94,193247,买盘
595,13:25:10,20.59,0.03,9,18531,买盘
596,13:25:30,20.59,0.0,24,49416,卖盘
597,13:25:34,20.6,0.01,27,55620,买盘
598,13:25:37,20.6,0.0,2,4120,卖盘
599,13:25:48,20.61,0.01,8,16488,买盘
600,13:25:51,20.6,-0.01,3,6180,卖盘
601,13:26:04,20.6,0.0,11,22659,买盘
602,13:26:06,20.59,-0.01,5,10295,卖盘
603,13:26:19,20.59,0.0,4,8236,卖盘
604,13:26:55,20.53,-0.06,5,10265,卖盘
605,13:27:19,20.58,0.05,8,16460,买盘
606,13:27:31,20.58,0.0,59,121442,卖盘
607,13:27:55,20.59,0.01,1,2059,卖盘
608,13:28:43,20.55,-0.04,5,10276,卖盘
609,13:28:46,20.56,0.01,1,2056,卖盘
610,13:28:55,20.54,-0.02,15,30828,卖盘
611,13:29:06,20.54,0.0,3,6162,卖盘
612,13:29:09,20.54,0.0,3,6162,卖盘
613,13:29:22,20.54,0.0,5,10270,卖盘
614,13:29:31,20.54,0.0,15,30811,卖盘
615,13:29:46,20.53,-0.01,41,84173,卖盘
616,13:29:51,20.53,0.0,9,18477,卖盘
617,13:30:25,20.52,-0.01,1,2052,卖盘
618,13:31:13,20.5,-0.02,5,10250,卖盘
619,13:31:31,20.5,0.0,5,10250,卖盘
620,13:31:37,20.5,0.0,2,4100,买盘
621,13:31:52,20.49,-0.01,56,114744,卖盘
622,13:31:55,20.49,0.0,3,6147,卖盘
623,13:32:01,20.49,0.0,10,20490,卖盘
624,13:32:22,20.49,0.0,2,4098,卖盘
625,13:32:25,20.49,0.0,16,32784,卖盘
626,13:32:28,20.49,0.0,6,12294,卖盘
627,13:32:39,20.5,0.01,16,32787,买盘
628,13:32:52,20.5,0.0,17,34850,卖盘
629,13:32:58,20.5,0.0,3,6150,买盘
630,13:33:58,20.51,0.01,1,2051,买盘
631,13:34:04,20.51,0.0,11,22561,买盘
632,13:34:10,20.52,0.01,8,16416,买盘
633,13:34:16,20.53,0.01,2,4106,买盘
634,13:34:28,20.52,-0.01,8,16418,卖盘
635,13:35:04,20.53,0.01,6,12318,买盘
636,13:35:52,20.57,0.04,2,4114,买盘
637,13:36:28,20.57,0.0,3,6171,买盘
638,13:36:58,20.57,0.0,12,24684,买盘
639,13:37:09,20.58,0.01,63,129654,买盘
640,13:37:30,20.58,0.0,16,32943,卖盘
641,13:37:54,20.59,0.01,12,24708,买盘
642,13:37:57,20.59,0.0,24,49416,买盘
643,13:38:01,20.59,0.0,5,10295,卖盘
644,13:38:09,20.59,0.0,1,2059,卖盘
645,13:38:12,20.6,0.01,22,45302,买盘
646,13:38:25,20.59,-0.01,5,10295,卖盘
647,13:38:46,20.59,0.0,1,2059,卖盘
648,13:38:49,20.6,0.01,100,205991,买盘
649,13:38:55,20.6,0.0,3,6180,买盘
650,13:39:01,20.6,0.0,22,45320,买盘
651,13:39:04,20.6,0.0,6,12360,买盘
652,13:39:10,20.63,0.03,10,20622,买盘
653,13:39:13,20.62,-0.01,8,16500,卖盘
654,13:39:16,20.62,0.0,2,4124,买盘
655,13:39:25,20.62,0.0,2,4124,买盘
656,13:39:34,20.62,0.0,6,12372,买盘
657,13:39:40,20.63,0.01,10,20628,买盘
658,13:39:49,20.61,-0.02,1,2061,卖盘
659,13:39:52,20.61,0.0,5,10305,卖盘
660,13:39:55,20.61,0.0,7,14427,买盘
661,13:39:58,20.63,0.02,47,96956,买盘
662,13:41:01,20.65,0.02,15,30972,买盘
663,13:41:19,20.66,0.01,50,103278,买盘
664,13:41:36,20.67,0.01,13,26867,买盘
665,13:41:49,20.68,0.01,1,2068,买盘
666,13:41:55,20.67,-0.01,7,14469,卖盘
667,13:42:07,20.67,0.0,10,20670,买盘
668,13:42:15,20.66,-0.01,4,8264,卖盘
669,13:42:28,20.63,-0.03,1,2063,卖盘
670,13:42:43,20.63,0.0,2,4126,卖盘
671,13:43:07,20.63,0.0,11,22693,买盘
672,13:43:34,20.65,0.02,36,74340,买盘
673,13:43:43,20.63,-0.02,20,41260,卖盘
674,13:43:46,20.65,0.02,66,136193,买盘
675,13:44:09,20.65,0.0,20,41300,卖盘
676,13:44:13,20.66,0.01,2,4132,买盘
677,13:44:16,20.65,-0.01,1,2065,卖盘
678,13:44:28,20.63,-0.02,13,26819,卖盘
679,13:44:42,20.63,0.0,5,10315,卖盘
680,13:44:46,20.65,0.02,10,20650,买盘
681,13:45:04,20.65,0.0,1,2065,卖盘
682,13:45:31,20.63,-0.02,4,8252,卖盘
683,13:45:37,20.6,-0.03,7,14421,卖盘
684,13:45:49,20.65,0.05,89,183718,买盘
685,13:47:13,20.64,-0.01,5,10320,买盘
686,13:47:19,20.64,0.0,1,2064,买盘
687,13:47:27,20.65,0.01,70,144550,买盘
688,13:47:33,20.64,-0.01,4,8256,中性盘
689,13:47:40,20.64,0.0,2,4128,买盘
690,13:47:58,20.63,-0.01,1,2063,卖盘
691,13:48:09,20.63,0.0,5,10315,卖盘
692,13:48:12,20.63,0.0,5,10315,卖盘
693,13:48:22,20.65,0.02,53,110468,买盘
694,13:48:36,20.65,0.0,5,10325,卖盘
695,13:48:57,20.65,0.0,10,20650,卖盘
696,13:49:22,20.65,0.0,10,20650,卖盘
697,13:49:31,20.66,0.01,3,6198,买盘
698,13:49:34,20.65,-0.01,8,16520,卖盘
699,13:49:43,20.66,0.01,12,24792,买盘
700,13:49:49,20.66,0.0,27,55762,买盘
701,13:50:00,20.66,0.0,1,2066,卖盘
702,13:50:06,20.67,0.01,11,22737,买盘
703,13:50:09,20.67,0.0,15,31000,买盘
704,13:50:13,20.67,0.0,1,2067,买盘
705,13:50:16,20.67,0.0,22,45474,买盘
706,13:50:19,20.67,0.0,8,16536,买盘
707,13:50:24,20.68,0.01,3,6204,买盘
708,13:50:31,20.69,0.01,74,153041,买盘
709,13:50:34,20.68,-0.01,5,10340,卖盘
710,13:50:37,20.69,0.01,4,8276,买盘
711,13:50:40,20.69,0.0,6,12414,买盘
712,13:50:43,20.69,0.0,28,57932,买盘
713,13:50:46,20.69,0.0,2,4138,买盘
714,13:50:49,20.69,0.0,5,10345,买盘
715,13:50:52,20.69,0.0,21,43449,买盘
716,13:50:58,20.7,0.01,64,132477,买盘
717,13:51:07,20.72,0.02,21,43492,买盘
718,13:51:10,20.72,0.0,1,2072,买盘
719,13:51:13,20.72,0.0,10,20720,买盘
720,13:51:16,20.73,0.01,25,51807,买盘
721,13:51:19,20.73,0.0,13,26949,买盘
722,13:51:25,20.74,0.01,5,10370,买盘
723,13:51:28,20.74,0.0,11,22809,买盘
724,13:51:34,20.75,0.01,10,20750,买盘
725,13:51:40,20.74,-0.01,38,78879,卖盘
726,13:51:43,20.77,0.03,10,20749,买盘
727,13:51:46,20.75,-0.02,8,16606,中性盘
728,13:51:55,20.75,0.0,4,8300,卖盘
729,13:52:04,20.77,0.02,10,20766,买盘
730,13:52:07,20.77,0.0,8,16616,卖盘
731,13:52:10,20.76,-0.01,3,6228,卖盘
732,13:52:13,20.76,0.0,10,20760,卖盘
733,13:52:19,20.78,0.02,22,45691,买盘
734,13:52:22,20.78,0.0,4,8312,买盘
735,13:52:28,20.76,-0.02,6,12456,卖盘
736,13:52:37,20.76,0.0,43,89377,卖盘
737,13:52:40,20.78,0.02,10,20780,中性盘
738,13:52:55,20.78,0.0,30,62339,买盘
739,13:52:58,20.76,-0.02,9,18684,卖盘
740,13:53:07,20.77,0.01,9,18693,买盘
741,13:53:10,20.77,0.0,1,2077,卖盘
742,13:53:16,20.76,-0.01,33,68536,卖盘
743,13:53:19,20.78,0.02,3,6234,买盘
744,13:53:37,20.76,-0.02,32,66462,卖盘
745,13:53:40,20.77,0.01,92,191098,买盘
746,13:53:43,20.77,0.0,3,6231,卖盘
747,13:53:46,20.77,0.0,30,62310,卖盘
748,13:53:49,20.77,0.0,30,62310,卖盘
749,13:53:58,20.77,0.0,15,31155,卖盘
750,13:54:01,20.78,0.01,20,41560,买盘
751,13:54:04,20.77,-0.01,1,2077,卖盘
752,13:54:07,20.77,0.0,23,47771,卖盘
753,13:54:10,20.77,0.0,17,35321,卖盘
754,13:54:13,20.77,0.0,4,8308,卖盘
755,13:54:19,20.77,0.0,1,2077,卖盘
756,13:54:22,20.76,-0.01,2,4152,卖盘
757,13:54:25,20.76,0.0,19,39444,卖盘
758,13:54:34,20.75,-0.01,5,10375,卖盘
759,13:54:37,20.76,0.01,115,238660,买盘
760,13:54:55,20.72,-0.04,1,2072,卖盘
761,13:55:01,20.78,0.06,200,415481,买盘
762,13:55:04,20.72,-0.06,1,2072,卖盘
763,13:55:10,20.72,0.0,1,2072,买盘
764,13:55:12,20.72,0.0,4,8288,买盘
765,13:55:22,20.73,0.01,2,4146,中性盘
766,13:55:52,20.74,0.01,5,10374,卖盘
767,13:55:55,20.79,0.05,60,124673,买盘
768,13:56:01,20.79,0.0,3,6237,买盘
769,13:56:10,20.8,0.01,83,172580,买盘
770,13:56:22,20.81,0.01,24,49944,买盘
771,13:56:25,20.81,0.0,16,33296,买盘
772,13:56:49,20.81,0.0,162,337518,卖盘
773,13:56:58,20.81,0.0,33,68676,卖盘
774,13:57:07,20.85,0.04,12,24999,买盘
775,13:57:10,20.81,-0.04,3,6243,卖盘
776,13:57:13,20.84,0.03,10,20830,买盘
777,13:57:16,20.85,0.01,15,31257,买盘
778,13:57:19,20.83,-0.02,2,4166,卖盘
779,13:57:25,20.84,0.01,2,4168,买盘
780,13:57:34,20.85,0.01,54,112568,买盘
781,13:57:40,20.85,0.0,10,20850,买盘
782,13:57:43,20.85,0.0,1,2085,买盘
783,13:57:52,20.84,-0.01,3,6252,卖盘
784,13:58:01,20.86,0.02,202,421290,买盘
785,13:58:04,20.86,0.0,5,10430,卖盘
786,13:58:13,20.85,-0.01,10,20850,买盘
787,13:58:19,20.84,-0.01,5,10420,卖盘
788,13:58:22,20.84,0.0,1,2084,卖盘
789,13:58:37,20.81,-0.03,54,112374,卖盘
790,13:58:49,20.8,-0.01,21,43680,卖盘
791,13:58:52,20.8,0.0,128,266456,卖盘
792,13:59:01,20.75,-0.05,3,6225,卖盘
793,13:59:04,20.75,0.0,5,10375,卖盘
794,13:59:16,20.75,0.0,3,6225,卖盘
795,13:59:22,20.76,0.01,1,2076,买盘
796,13:59:28,20.76,0.0,3,6228,买盘
797,13:59:31,20.76,0.0,2,4152,买盘
798,13:59:40,20.76,0.0,4,8304,卖盘
799,13:59:43,20.75,-0.01,11,22832,卖盘
800,13:59:46,20.8,0.05,21,43680,买盘
801,14:00:30,20.76,-0.04,1,2076,卖盘
802,14:00:40,20.77,0.01,6,12462,卖盘
803,14:00:55,20.77,0.0,4,8308,卖盘
804,14:01:13,20.76,-0.01,1,2076,卖盘
805,14:01:22,20.77,0.01,4,8308,买盘
806,14:02:01,20.79,0.02,32,66591,买盘
807,14:02:13,20.8,0.01,1,2080,买盘
808,14:02:16,20.8,0.0,2,4160,买盘
809,14:02:40,20.8,0.0,10,20800,买盘
810,14:02:46,20.8,0.0,5,10400,买盘
811,14:03:07,20.79,-0.01,11,22874,中性盘
812,14:03:22,20.79,0.0,118,244282,买盘
813,14:03:25,20.8,0.01,15,31200,卖盘
814,14:03:28,20.8,0.0,2,4161,卖盘
815,14:03:31,20.8,0.0,3,6240,卖盘
816,14:03:40,20.81,0.01,2,4162,买盘
817,14:03:52,20.82,0.01,36,74939,买盘
818,14:04:04,20.81,-0.01,5,10405,卖盘
819,14:04:06,20.82,0.01,1,2082,买盘
820,14:04:16,20.81,-0.01,2,4162,卖盘
821,14:04:22,20.81,0.0,1,2081,买盘
822,14:04:30,20.8,-0.01,130,270400,卖盘
823,14:04:33,20.8,0.0,30,62400,卖盘
824,14:04:40,20.8,0.0,10,20800,卖盘
825,14:04:43,20.8,0.0,12,24960,卖盘
826,14:04:46,20.8,0.0,19,40560,卖盘
827,14:04:52,20.8,0.0,13,27040,买盘
828,14:04:55,20.8,0.0,11,22880,买盘
829,14:05:04,20.78,-0.02,5,10390,卖盘
830,14:05:22,20.78,0.0,5,10390,卖盘
831,14:05:31,20.78,0.0,1,2078,卖盘
832,14:05:49,20.78,0.0,6,12468,买盘
833,14:05:55,20.75,-0.03,14,28012,卖盘
834,14:05:57,20.78,0.03,4,8312,买盘
835,14:06:34,20.76,-0.02,4,8304,卖盘
836,14:06:37,20.76,0.0,3,6228,卖盘
837,14:06:52,20.76,0.0,4,8304,卖盘
838,14:07:01,20.75,-0.01,7,14525,卖盘
839,14:07:04,20.75,0.0,5,11412,卖盘
840,14:07:16,20.74,-0.01,3,6222,卖盘
841,14:07:28,20.73,-0.01,10,20730,卖盘
842,14:07:49,20.73,0.0,20,41460,卖盘
843,14:07:58,20.73,0.0,23,47679,买盘
844,14:08:01,20.73,0.0,10,20730,买盘
845,14:08:07,20.72,-0.01,2,4144,卖盘
846,14:08:25,20.72,0.0,5,10360,卖盘
847,14:08:49,20.73,0.01,30,62190,买盘
848,14:08:54,20.73,0.0,6,12438,买盘
849,14:09:01,20.73,0.0,5,10365,买盘
850,14:09:04,20.73,0.0,3,6219,买盘
851,14:09:07,20.76,0.03,28,58106,买盘
852,14:09:09,20.73,-0.03,3,6219,卖盘
853,14:09:28,20.74,0.01,2,4148,卖盘
854,14:09:31,20.73,-0.01,11,22807,卖盘
855,14:10:33,20.74,0.01,6,12444,买盘
856,14:10:52,20.74,0.0,5,10370,卖盘
857,14:10:55,20.74,0.0,2,4148,卖盘
858,14:11:00,20.74,0.0,2,4148,卖盘
859,14:11:06,20.74,0.0,3,6222,买盘
860,14:11:30,20.76,0.02,45,92358,买盘
861,14:11:57,20.78,0.02,61,126758,买盘
862,14:12:06,20.78,0.0,2,4156,卖盘
863,14:12:10,20.78,0.0,10,20780,卖盘
864,14:12:28,20.78,0.0,4,8312,卖盘
865,14:12:43,20.78,0.0,23,47794,卖盘
866,14:13:28,20.76,-0.02,74,154662,卖盘
867,14:13:36,20.75,-0.01,1,2075,卖盘
868,14:13:51,20.73,-0.02,2,4146,卖盘
869,14:13:58,20.73,0.0,13,26949,买盘
870,14:14:19,20.73,0.0,11,22803,买盘
871,14:14:21,20.73,0.0,24,49752,买盘
872,14:14:39,20.72,-0.01,49,101569,卖盘
873,14:14:46,20.72,0.0,1,2072,买盘
874,14:14:58,20.72,0.0,1,2072,卖盘
875,14:15:04,20.72,0.0,1,2072,卖盘
876,14:15:31,20.73,0.01,5,10365,买盘
877,14:15:34,20.72,-0.01,24,49736,卖盘
878,14:16:01,20.71,-0.01,4,8284,卖盘
879,14:16:09,20.71,0.0,5,10355,卖盘
880,14:16:28,20.71,0.0,3,6213,卖盘
881,14:16:40,20.71,0.0,2,4142,卖盘
882,14:16:43,20.71,0.0,7,14497,卖盘
883,14:16:51,20.71,0.0,28,57988,卖盘
884,14:17:13,20.71,0.0,11,22781,买盘
885,14:17:16,20.7,-0.01,30,62109,卖盘
886,14:17:22,20.71,0.01,20,41420,卖盘
887,14:17:31,20.72,0.01,5,10360,买盘
888,14:17:34,20.71,-0.01,6,12426,卖盘
889,14:17:48,20.72,0.01,16,33152,买盘
890,14:18:10,20.71,-0.01,3,6213,卖盘
891,14:18:13,20.71,0.0,5,10355,买盘
892,14:19:22,20.71,0.0,3,6213,买盘
893,14:19:37,20.7,-0.01,1,2070,卖盘
894,14:19:42,20.7,0.0,2,4140,卖盘
895,14:19:52,20.7,0.0,22,45540,卖盘
896,14:20:01,20.7,0.0,12,24840,卖盘
897,14:20:04,20.71,0.01,5,10355,买盘
898,14:20:06,20.7,-0.01,10,20700,卖盘
899,14:20:16,20.7,0.0,5,10350,买盘
900,14:20:21,20.7,0.0,5,10350,买盘
901,14:20:25,20.71,0.01,4,8284,买盘
902,14:20:49,20.71,0.0,3,6213,买盘
903,14:21:01,20.71,0.0,20,41420,买盘
904,14:21:13,20.7,-0.01,4,8280,卖盘
905,14:21:16,20.71,0.01,2,4142,买盘
906,14:21:19,20.71,0.0,1,2071,买盘
907,14:21:46,20.71,0.0,3,6213,买盘
908,14:21:49,20.71,0.0,13,26923,买盘
909,14:21:57,20.7,-0.01,7,14490,卖盘
910,14:22:00,20.71,0.01,13,26920,买盘
911,14:22:09,20.71,0.0,3,6213,卖盘
912,14:22:12,20.72,0.01,26,53872,买盘
913,14:22:31,20.72,0.0,10,20720,买盘
914,14:23:46,20.72,0.0,6,12432,买盘
915,14:23:49,20.71,-0.01,1,2071,卖盘
916,14:23:52,20.72,0.01,7,14504,买盘
917,14:24:04,20.72,0.0,1,2072,卖盘
918,14:24:10,20.75,0.03,9,18675,买盘
919,14:24:13,20.75,0.0,11,22825,买盘
920,14:24:34,20.75,0.0,1,2075,卖盘
921,14:24:37,20.75,0.0,8,16600,卖盘
922,14:24:39,20.75,0.0,4,8306,卖盘
923,14:25:04,20.78,0.03,20,41531,买盘
924,14:25:24,20.78,0.0,50,103862,买盘
925,14:26:13,20.7,-0.08,75,155365,卖盘
926,14:26:28,20.7,0.0,64,132480,买盘
927,14:27:42,20.7,0.0,3,6210,卖盘
928,14:28:01,20.7,0.0,6,12420,卖盘
929,14:28:19,20.74,0.04,1,2074,买盘
930,14:28:31,20.77,0.03,10,20765,买盘
931,14:28:55,20.77,0.0,19,39463,卖盘
932,14:29:01,20.77,0.0,4,8308,卖盘
933,14:29:04,20.77,0.0,2,3116,卖盘
934,14:29:22,20.77,0.0,25,52968,卖盘
935,14:29:40,20.75,-0.02,4,8300,买盘
936,14:29:49,20.77,0.02,2,4154,买盘
937,14:30:10,20.77,0.0,5,10385,买盘
938,14:30:31,20.77,0.0,15,31131,买盘
939,14:30:49,20.78,0.01,10,20772,买盘
940,14:31:52,20.78,0.0,82,170396,买盘
941,14:32:10,20.78,0.0,10,20780,卖盘
942,14:32:12,20.79,0.01,32,66528,买盘
943,14:32:33,20.79,0.0,4,8316,买盘
944,14:32:37,20.79,0.0,7,14553,买盘
945,14:32:40,20.79,0.0,4,8316,买盘
946,14:32:58,20.8,0.01,1,2080,买盘
947,14:33:01,20.79,-0.01,5,10395,卖盘
948,14:33:04,20.8,0.01,1,2080,买盘
949,14:33:19,20.79,-0.01,3,6237,卖盘
950,14:33:22,20.8,0.01,3,6240,买盘
951,14:33:25,20.79,-0.01,1,2079,卖盘
952,14:33:28,20.79,0.0,9,18711,买盘
953,14:33:37,20.79,0.0,4,8316,买盘
954,14:33:43,20.78,-0.01,10,20781,卖盘
955,14:33:55,20.79,0.01,4,8316,卖盘
956,14:34:04,20.79,0.0,8,16632,买盘
957,14:34:07,20.78,-0.01,30,62390,卖盘
958,14:34:40,20.78,0.0,17,35326,卖盘
959,14:35:04,20.75,-0.03,1,2075,卖盘
960,14:35:10,20.75,0.0,8,15562,卖盘
961,14:36:01,20.76,0.01,3,6228,卖盘
962,14:36:07,20.76,0.0,1,2076,卖盘
963,14:36:46,20.76,0.0,20,41520,买盘
964,14:36:49,20.75,-0.01,4,8300,卖盘
965,14:37:07,20.76,0.01,7,14532,买盘
966,14:37:19,20.76,0.0,5,10380,卖盘
967,14:37:37,20.75,-0.01,17,36312,卖盘
968,14:38:00,20.74,-0.01,3,6222,卖盘
969,14:38:06,20.74,0.0,2,4148,卖盘
970,14:38:34,20.74,0.0,1,2074,买盘
971,14:38:49,20.73,-0.01,2,4146,卖盘
972,14:38:58,20.7,-0.03,68,139808,卖盘
973,14:39:16,20.7,0.0,1,2070,卖盘
974,14:39:22,20.7,0.0,1,2070,卖盘
975,14:39:34,20.67,-0.03,20,41364,卖盘
976,14:40:10,20.71,0.04,2,4142,买盘
977,14:40:16,20.69,-0.02,1,2069,卖盘
978,14:41:00,20.69,0.0,4,8276,卖盘
979,14:41:10,20.7,0.01,10,20700,卖盘
980,14:41:13,20.71,0.01,15,31065,买盘
981,14:41:15,20.71,0.0,4,8284,买盘
982,14:41:18,20.71,0.0,9,18639,卖盘
983,14:41:31,20.71,0.0,1,2071,买盘
984,14:41:37,20.71,0.0,4,8284,买盘
985,14:41:39,20.7,-0.01,9,18630,卖盘
986,14:41:49,20.71,0.01,22,45562,买盘
987,14:41:55,20.71,0.0,1,2071,卖盘
988,14:41:58,20.71,0.0,8,16568,卖盘
989,14:42:01,20.71,0.0,1,2071,买盘
990,14:42:49,20.71,0.0,16,33136,买盘
991,14:43:25,20.72,0.01,20,41440,买盘
992,14:44:12,20.74,0.02,5,10370,买盘
993,14:44:16,20.73,-0.01,2,4146,卖盘
994,14:44:19,20.74,0.01,2,4147,买盘
995,14:44:43,20.75,0.01,12,24900,买盘
996,14:44:46,20.75,0.0,2,4150,买盘
997,14:44:49,20.75,0.0,24,49800,买盘
998,14:44:52,20.74,-0.01,78,161787,卖盘
999,14:44:58,20.75,0.01,1,2075,买盘
1000,14:45:04,20.75,0.0,1,2075,买盘
1001,14:45:10,20.75,0.0,4,8300,买盘
1002,14:45:15,20.72,-0.03,2,4144,卖盘
1003,14:45:55,20.72,0.0,13,26936,卖盘
1004,14:46:16,20.72,0.0,20,41440,卖盘
1005,14:46:22,20.74,0.02,10,20740,买盘
1006,14:46:25,20.72,-0.02,112,232064,卖盘
1007,14:46:40,20.71,-0.01,8,16568,卖盘
1008,14:46:58,20.72,0.01,25,51800,买盘
1009,14:47:04,20.72,0.0,4,8288,买盘
1010,14:47:10,20.71,-0.01,5,10355,卖盘
1011,14:47:39,20.72,0.01,11,22783,买盘
1012,14:48:19,20.71,-0.01,1,2071,卖盘
1013,14:48:22,20.7,-0.01,26,53840,卖盘
1014,14:48:46,20.72,0.02,6,12432,买盘
1015,14:48:58,20.72,0.0,24,49718,买盘
1016,14:49:13,20.72,0.0,6,12432,买盘
1017,14:49:15,20.72,0.0,22,45584,买盘
1018,14:49:21,20.72,0.0,3,6216,买盘
1019,14:49:25,20.72,0.0,19,39368,买盘
1020,14:49:28,20.72,0.0,5,10360,买盘
1021,14:49:34,20.71,-0.01,9,18639,卖盘
1022,14:49:40,20.71,0.0,1,2071,买盘
1023,14:49:46,20.71,0.0,4,8284,中性盘
1024,14:49:55,20.7,-0.01,36,74528,卖盘
1025,14:50:04,20.72,0.02,14,29008,买盘
1026,14:50:16,20.72,0.0,1,2072,买盘
1027,14:50:25,20.72,0.0,4,8288,买盘
1028,14:50:43,20.72,0.0,5,10360,买盘
1029,14:50:52,20.71,-0.01,1,2071,卖盘
1030,14:50:58,20.72,0.01,31,64232,买盘
1031,14:51:04,20.72,0.0,3,6216,买盘
1032,14:51:07,20.72,0.0,17,35224,买盘
1033,14:51:13,20.72,0.0,17,35224,买盘
1034,14:51:19,20.73,0.01,1,2073,卖盘
1035,14:51:28,20.73,0.0,10,20730,卖盘
1036,14:51:40,20.74,0.01,2,4148,买盘
1037,14:51:43,20.72,-0.02,13,26941,卖盘
1038,14:51:46,20.71,-0.01,20,41420,卖盘
1039,14:51:49,20.74,0.03,4,8290,买盘
1040,14:52:01,20.74,0.0,20,41477,买盘
1041,14:52:22,20.72,-0.02,5,10360,卖盘
1042,14:52:37,20.72,0.0,10,20720,卖盘
1043,14:52:43,20.72,0.0,2,4144,买盘
1044,14:52:58,20.72,0.0,30,62186,卖盘
1045,14:53:07,20.73,0.01,1,2073,买盘
1046,14:53:31,20.73,0.0,15,31095,买盘
1047,14:53:40,20.74,0.01,23,47684,买盘
1048,14:53:43,20.73,-0.01,5,10365,卖盘
1049,14:53:49,20.73,0.0,16,33168,卖盘
1050,14:54:04,20.73,0.0,1,2073,买盘
1051,14:54:10,20.73,0.0,11,22793,买盘
1052,14:54:16,20.73,0.0,3,6219,买盘
1053,14:54:31,20.73,0.0,10,20730,买盘
1054,14:54:43,20.73,0.0,12,24876,买盘
1055,14:54:46,20.72,-0.01,3,6216,卖盘
1056,14:54:49,20.73,0.01,18,37314,买盘
1057,14:54:52,20.73,0.0,3,6219,卖盘
1058,14:54:58,20.73,0.0,5,10365,卖盘
1059,14:55:04,20.74,0.01,5,10370,买盘
1060,14:55:10,20.73,-0.01,37,76701,卖盘
1061,14:55:19,20.73,0.0,75,155543,卖盘
1062,14:55:25,20.74,0.01,14,29027,买盘
1063,14:55:31,20.74,0.0,10,20740,买盘
1064,14:55:34,20.74,0.0,5,10370,买盘
1065,14:55:37,20.73,-0.01,22,45606,卖盘
1066,14:55:43,20.74,0.01,13,26957,买盘
1067,14:55:46,20.74,0.0,1,2074,买盘
1068,14:56:04,20.74,0.0,5,10370,买盘
1069,14:56:10,20.74,0.0,11,21777,卖盘
1070,14:56:13,20.73,-0.01,121,251024,卖盘
1071,14:56:22,20.73,0.0,8,17620,买盘
1072,14:56:25,20.74,0.01,2,3111,卖盘
1073,14:56:40,20.73,-0.01,5,10365,卖盘
1074,14:56:49,20.73,0.0,3,6219,卖盘
1075,14:56:52,20.74,0.01,20,41480,买盘
1076,14:56:55,20.73,-0.01,10,20730,卖盘
1077,14:56:58,20.74,0.01,5,10370,买盘
1078,14:57:01,20.74,0.0,4,8296,买盘
1079,15:00:04,20.77,0.03,374,776798,卖盘
