,time,price,change,volume,amount,type
0,09:25:04,2.79,0.0,343,95697,卖盘
1,09:30:04,2.79,0.0,443,123819,卖盘
2,09:30:07,2.79,0.0,218,60822,卖盘
3,09:30:27,2.79,0.0,18,5022,买盘
4,09:30:34,2.79,0.0,40,11160,买盘
5,09:30:40,2.79,0.0,23,6417,买盘
6,09:31:06,2.79,0.0,4,1116,买盘
7,09:31:10,2.79,0.0,20,5580,买盘
8,09:31:33,2.79,0.0,1,279,买盘
9,09:31:37,2.79,0.0,10,2790,买盘
10,09:31:40,2.79,0.0,3,837,买盘
11,09:31:49,2.78,-0.01,5,1390,卖盘
12,09:31:52,2.79,0.01,5,1395,买盘
13,09:32:04,2.78,-0.01,60,16680,卖盘
14,09:32:12,2.78,0.0,100,27800,卖盘
15,09:32:19,2.78,0.0,29,8062,卖盘
16,09:32:22,2.79,0.01,199,55521,买盘
17,09:32:28,2.79,0.0,274,76446,买盘
18,09:32:31,2.79,0.0,38,10602,买盘
19,09:32:34,2.79,0.0,55,15345,买盘
20,09:32:37,2.79,0.0,106,29574,卖盘
21,09:32:43,2.8,0.01,24,6720,买盘
22,09:32:46,2.79,-0.01,21,5859,卖盘
23,09:32:52,2.8,0.01,13,3640,买盘
24,09:33:01,2.8,0.0,77,21560,买盘
25,09:33:04,2.8,0.0,100,28000,买盘
26,09:33:18,2.8,0.0,36,10080,买盘
27,09:33:22,2.8,0.0,69,19320,买盘
28,09:33:31,2.8,0.0,15,4200,买盘
29,09:33:34,2.8,0.0,10,2800,买盘
30,09:33:37,2.8,0.0,25,7000,买盘
31,09:33:39,2.8,0.0,56,15680,买盘
32,09:33:43,2.8,0.0,6,1680,买盘
33,09:33:46,2.8,0.0,205,57400,买盘
34,09:33:49,2.8,0.0,106,29680,买盘
35,09:33:52,2.8,0.0,5,1400,买盘
36,09:33:54,2.8,0.0,53,14840,买盘
37,09:33:57,2.8,0.0,1,280,买盘
38,09:34:01,2.8,0.0,1,280,买盘
39,09:34:04,2.8,0.0,25,7000,买盘
40,09:34:10,2.8,0.0,44,12320,买盘
41,09:34:28,2.8,0.0,165,46200,卖盘
42,09:34:34,2.81,0.01,120,33617,买盘
43,09:34:49,2.8,-0.01,10,2800,卖盘
44,09:34:52,2.81,0.01,10,2810,买盘
45,09:35:00,2.8,-0.01,205,57405,卖盘
46,09:35:09,2.8,0.0,151,42280,卖盘
47,09:35:13,2.8,0.0,41,11480,买盘
48,09:35:19,2.8,0.0,97,27160,卖盘
49,09:35:22,2.8,0.0,15,4200,买盘
50,09:35:27,2.8,0.0,15,4200,买盘
51,09:35:40,2.8,0.0,917,256760,买盘
52,09:35:51,2.8,0.0,12,3360,买盘
53,09:36:01,2.8,0.0,6,1680,买盘
54,09:36:04,2.8,0.0,18,5040,买盘
55,09:36:10,2.79,-0.01,1,279,卖盘
56,09:36:13,2.8,0.01,53,14840,买盘
57,09:36:22,2.8,0.0,7,1960,买盘
58,09:36:24,2.79,-0.01,602,167958,卖盘
59,09:36:40,2.8,0.01,2,560,买盘
60,09:36:52,2.79,-0.01,71,19809,卖盘
61,09:37:07,2.79,0.0,130,36370,卖盘
62,09:37:22,2.79,0.0,8,2232,卖盘
63,09:37:28,2.79,0.0,120,33480,卖盘
64,09:37:34,2.8,0.01,8,2240,买盘
65,09:37:45,2.79,-0.01,52,14508,卖盘
66,09:37:52,2.79,0.0,10,2790,卖盘
67,09:38:19,2.79,0.0,150,41850,卖盘
68,09:38:25,2.79,0.0,75,20925,卖盘
69,09:38:31,2.79,0.0,189,52731,卖盘
70,09:38:42,2.79,0.0,7,1953,买盘
71,09:38:49,2.79,0.0,23,6417,买盘
72,09:38:52,2.79,0.0,25,6975,买盘
73,09:38:54,2.78,-0.01,5,1390,卖盘
74,09:38:57,2.79,0.01,287,80073,买盘
75,09:39:04,2.78,-0.01,84,23352,卖盘
76,09:39:22,2.79,0.01,10,2790,买盘
77,09:39:25,2.78,-0.01,18,5004,卖盘
78,09:39:34,2.78,0.0,26,7228,卖盘
79,09:39:39,2.78,0.0,10,2780,卖盘
80,09:39:43,2.79,0.01,275,76725,买盘
81,09:39:46,2.78,-0.01,802,222956,卖盘
82,09:39:57,2.79,0.01,20,5580,买盘
83,09:40:15,2.78,-0.01,70,19460,卖盘
84,09:40:19,2.78,0.0,231,64218,卖盘
85,09:40:22,2.78,0.0,51,14178,卖盘
86,09:40:31,2.78,0.0,500,139000,卖盘
87,09:40:34,2.78,0.0,20,5575,卖盘
88,09:40:36,2.78,0.0,30,8340,卖盘
89,09:40:43,2.78,0.0,37,10286,卖盘
90,09:40:46,2.78,0.0,15,4170,买盘
91,09:41:04,2.78,0.0,100,27800,买盘
92,09:41:06,2.78,0.0,2,556,买盘
93,09:41:10,2.78,0.0,6,1668,买盘
94,09:41:13,2.78,0.0,202,56156,买盘
95,09:41:16,2.78,0.0,12,3336,买盘
96,09:41:22,2.78,0.0,50,13900,买盘
97,09:41:24,2.78,0.0,57,15846,买盘
98,09:41:34,2.78,0.0,100,27800,买盘
99,09:41:37,2.78,0.0,21,5838,买盘
100,09:41:40,2.78,0.0,73,20294,买盘
101,09:41:49,2.78,0.0,50,13900,买盘
102,09:42:16,2.78,0.0,5,1390,买盘
103,09:42:22,2.78,0.0,87,24186,买盘
104,09:42:40,2.78,0.0,121,33638,买盘
105,09:42:49,2.78,0.0,68,18904,买盘
106,09:42:55,2.78,0.0,7,1946,卖盘
107,09:43:05,2.78,0.0,100,27800,买盘
108,09:43:25,2.78,0.0,36,10008,买盘
109,09:43:37,2.78,0.0,50,13900,买盘
110,09:43:43,2.78,0.0,107,29746,买盘
111,09:43:52,2.78,0.0,2,556,买盘
112,09:43:54,2.77,-0.01,15,4165,卖盘
113,09:44:19,2.78,0.01,60,16680,买盘
114,09:44:25,2.78,0.0,238,66164,买盘
115,09:44:27,2.78,0.0,30,8340,买盘
116,09:44:31,2.78,0.0,20,5560,买盘
117,09:44:34,2.78,0.0,6,1668,买盘
118,09:44:36,2.78,0.0,10,2780,买盘
119,09:44:39,2.77,-0.01,715,198055,卖盘
120,09:44:52,2.78,0.01,3,834,买盘
121,09:45:01,2.78,0.0,11,3058,买盘
122,09:45:04,2.78,0.0,7,1946,买盘
123,09:45:06,2.78,0.0,61,16958,买盘
124,09:45:21,2.77,-0.01,1,277,卖盘
125,09:45:31,2.78,0.01,26,7228,买盘
126,09:45:37,2.78,0.0,10,2780,买盘
127,09:45:49,2.78,0.0,4,1112,买盘
128,09:45:55,2.78,0.0,5,1390,买盘
129,09:45:58,2.78,0.0,20,5560,买盘
130,09:46:01,2.78,0.0,50,13900,买盘
131,09:46:04,2.78,0.0,10,2780,买盘
132,09:46:07,2.78,0.0,1,278,买盘
133,09:46:13,2.78,0.0,130,36140,买盘
134,09:46:19,2.78,0.0,1,278,买盘
135,09:46:25,2.78,0.0,258,71724,买盘
136,09:46:27,2.78,0.0,40,11120,买盘
137,09:46:30,2.78,0.0,160,44480,买盘
138,09:46:34,2.78,0.0,10,2780,卖盘
139,09:46:48,2.78,0.0,271,75338,卖盘
140,09:46:58,2.79,0.01,10,2790,买盘
141,09:47:06,2.78,-0.01,1,278,卖盘
142,09:47:22,2.79,0.01,121,33759,买盘
143,09:47:28,2.78,-0.01,69,19182,卖盘
144,09:48:10,2.78,0.0,40,11120,卖盘
145,09:48:28,2.78,0.0,44,12232,卖盘
146,09:48:45,2.78,0.0,298,82844,卖盘
147,09:48:48,2.78,0.0,584,162352,卖盘
148,09:49:00,2.78,0.0,7,1946,买盘
149,09:49:04,2.77,-0.01,7,1939,卖盘
150,09:49:07,2.77,0.0,1352,374504,卖盘
151,09:49:10,2.78,0.01,72,20016,买盘
152,09:49:28,2.77,-0.01,938,259826,卖盘
153,09:49:43,2.77,0.0,96,26592,卖盘
154,09:49:49,2.77,0.0,91,25207,卖盘
155,09:50:01,2.77,0.0,51,14127,买盘
156,09:50:07,2.76,-0.01,861,237636,卖盘
157,09:50:25,2.76,0.0,19,5244,买盘
158,09:50:27,2.75,-0.01,953,262075,卖盘
159,09:50:40,2.75,0.0,181,49775,卖盘
160,09:50:43,2.75,0.0,17,4675,卖盘
161,09:50:49,2.75,0.0,262,72050,卖盘
162,09:50:52,2.75,0.0,18,4950,买盘
163,09:50:55,2.75,0.0,70,19250,买盘
164,09:51:01,2.75,0.0,9,2475,买盘
165,09:51:04,2.75,0.0,172,47300,买盘
166,09:51:07,2.75,0.0,474,129895,买盘
167,09:51:16,2.75,0.0,25,6875,卖盘
168,09:51:19,2.75,0.0,30,8250,卖盘
169,09:51:25,2.75,0.0,25,6875,卖盘
170,09:51:28,2.75,0.0,187,51425,卖盘
171,09:51:31,2.75,0.0,38,10450,买盘
172,09:51:43,2.75,0.0,5,1375,买盘
173,09:51:48,2.74,-0.01,518,141932,卖盘
174,09:51:57,2.75,0.01,5,1375,买盘
175,09:52:10,2.75,0.0,535,146638,卖盘
176,09:52:19,2.76,0.01,80,22004,买盘
177,09:52:25,2.74,-0.02,220,60370,卖盘
178,09:52:28,2.74,0.0,347,95078,卖盘
179,09:52:30,2.74,0.0,7,1918,买盘
180,09:52:37,2.74,0.0,275,75350,买盘
181,09:52:49,2.74,0.0,684,187416,卖盘
182,09:52:51,2.74,0.0,11,3014,买盘
183,09:52:55,2.76,0.02,8,2208,买盘
184,09:53:04,2.76,0.0,15,4140,买盘
185,09:53:10,2.74,-0.02,1054,288830,卖盘
186,09:53:13,2.74,0.0,20,5480,买盘
187,09:53:15,2.76,0.02,64,17564,买盘
188,09:53:28,2.74,-0.02,578,158402,卖盘
189,09:53:31,2.74,0.0,372,101928,买盘
190,09:53:39,2.75,0.01,29,7975,卖盘
191,09:53:46,2.75,0.0,5,1375,卖盘
192,09:54:00,2.75,0.0,9,2475,卖盘
193,09:54:07,2.75,0.0,16,4400,买盘
194,09:54:10,2.76,0.01,5,1380,买盘
195,09:54:16,2.75,-0.01,40,11010,卖盘
196,09:54:36,2.76,0.01,1,276,买盘
197,09:54:46,2.76,0.0,5,1380,买盘
198,09:54:49,2.75,-0.01,1,275,卖盘
199,09:55:06,2.75,0.0,76,20900,卖盘
200,09:55:10,2.76,0.01,1,276,买盘
201,09:55:22,2.76,0.0,4,1104,买盘
202,09:55:25,2.76,0.0,10,2760,买盘
203,09:55:43,2.76,0.0,2,552,买盘
204,09:55:49,2.76,0.0,2,552,买盘
205,09:55:54,2.76,0.0,18,4968,买盘
206,09:56:01,2.75,-0.01,10,2750,卖盘
207,09:56:07,2.76,0.01,50,13800,买盘
208,09:56:16,2.76,0.0,158,43608,买盘
209,09:56:28,2.76,0.0,380,104880,买盘
210,09:56:34,2.76,0.0,32,8832,买盘
211,09:56:37,2.76,0.0,4,1104,买盘
212,09:56:49,2.76,0.0,10,2760,买盘
213,09:56:57,2.76,0.0,463,127788,买盘
214,09:57:06,2.76,0.0,47,12972,卖盘
215,09:57:34,2.76,0.0,100,27600,卖盘
216,09:57:42,2.77,0.01,126,34777,买盘
217,09:57:46,2.76,-0.01,100,27600,卖盘
218,09:58:06,2.76,0.0,8,2208,卖盘
219,09:58:09,2.76,0.0,5,1380,卖盘
220,09:58:12,2.76,0.0,30,8280,卖盘
221,09:58:16,2.76,0.0,10,2760,卖盘
222,09:58:19,2.76,0.0,21,5802,卖盘
223,09:58:25,2.77,0.01,2,554,买盘
224,09:58:27,2.77,0.0,305,84485,买盘
225,09:58:34,2.77,0.0,2,554,买盘
226,09:58:49,2.76,-0.01,84,23184,卖盘
227,09:59:22,2.76,0.0,2,552,卖盘
228,09:59:42,2.77,0.01,6,1662,买盘
229,10:01:04,2.76,-0.01,10,2760,卖盘
230,10:01:16,2.77,0.01,10,2770,买盘
231,10:01:19,2.77,0.0,10,2770,买盘
232,10:01:24,2.76,-0.01,30,8280,卖盘
233,10:01:27,2.77,0.01,100,27700,买盘
234,10:01:46,2.76,-0.01,8,2208,卖盘
235,10:02:01,2.77,0.01,30,8310,买盘
236,10:02:19,2.77,0.0,28,7756,买盘
237,10:02:22,2.77,0.0,159,44043,买盘
238,10:02:25,2.77,0.0,21,5817,买盘
239,10:02:28,2.77,0.0,259,71743,买盘
240,10:03:06,2.78,0.01,4,1112,买盘
241,10:03:10,2.78,0.0,500,139000,买盘
242,10:03:22,2.77,-0.01,66,18282,卖盘
243,10:03:34,2.78,0.01,174,48372,买盘
244,10:03:52,2.79,0.01,1,279,买盘
245,10:04:04,2.78,-0.01,4,1112,卖盘
246,10:04:13,2.78,0.0,108,30024,卖盘
247,10:04:22,2.78,0.0,91,25303,卖盘
248,10:04:28,2.78,0.0,17,4726,买盘
249,10:04:31,2.78,0.0,40,11120,买盘
250,10:04:33,2.78,0.0,1,278,买盘
251,10:04:37,2.78,0.0,50,13900,买盘
252,10:05:01,2.78,0.0,38,10564,买盘
253,10:05:10,2.77,-0.01,20,5540,卖盘
254,10:05:15,2.78,0.01,10,2780,买盘
255,10:05:34,2.78,0.0,659,183202,买盘
256,10:05:46,2.78,0.0,9,2502,卖盘
257,10:06:12,2.78,0.0,380,105640,卖盘
258,10:06:16,2.79,0.01,18,5022,买盘
259,10:06:40,2.79,0.0,50,13950,买盘
260,10:06:43,2.78,-0.01,10,2780,卖盘
261,10:07:04,2.78,0.0,50,13900,卖盘
262,10:07:31,2.79,0.01,60,16740,买盘
263,10:07:46,2.78,-0.01,4,1112,卖盘
264,10:07:52,2.79,0.01,58,16148,买盘
265,10:07:55,2.79,0.0,3,837,买盘
266,10:08:04,2.79,0.0,351,97929,买盘
267,10:08:40,2.78,-0.01,10,2780,卖盘
268,10:08:46,2.78,0.0,256,71168,卖盘
269,10:08:58,2.78,0.0,11,3058,卖盘
270,10:09:01,2.79,0.01,90,25040,买盘
271,10:09:16,2.79,0.0,100,27900,买盘
272,10:09:28,2.79,0.0,9,2511,买盘
273,10:09:36,2.79,0.0,50,13950,买盘
274,10:10:13,2.79,0.0,3,837,买盘
275,10:10:16,2.79,0.0,6,1674,买盘
276,10:10:19,2.79,0.0,1,279,买盘
277,10:10:25,2.79,0.0,20,5580,买盘
278,10:10:36,2.79,0.0,200,55800,买盘
279,10:10:52,2.79,0.0,457,127243,买盘
280,10:10:55,2.79,0.0,75,20925,买盘
281,10:11:04,2.79,0.0,116,32364,买盘
282,10:12:04,2.79,0.0,50,13950,卖盘
283,10:12:06,2.8,0.01,50,14000,买盘
284,10:12:28,2.8,0.0,18,5040,买盘
285,10:13:10,2.79,-0.01,200,55800,卖盘
286,10:13:13,2.8,0.01,36,10080,买盘
287,10:13:34,2.79,-0.01,30,8370,卖盘
288,10:13:49,2.8,0.01,30,8400,买盘
289,10:13:52,2.8,0.0,74,20720,买盘
290,10:14:28,2.8,0.0,48,13440,买盘
291,10:14:57,2.8,0.0,2,560,买盘
292,10:17:19,2.79,-0.01,19,5301,卖盘
293,10:17:42,2.79,0.0,20,5580,卖盘
294,10:18:51,2.8,0.01,20,5600,买盘
295,10:18:54,2.8,0.0,36,10080,买盘
296,10:19:01,2.8,0.0,105,29400,买盘
297,10:19:09,2.8,0.0,40,11200,买盘
298,10:19:12,2.8,0.0,10,2800,买盘
299,10:19:22,2.8,0.0,9,2520,买盘
300,10:20:12,2.8,0.0,47,13160,买盘
301,10:20:16,2.8,0.0,84,23520,买盘
302,10:21:04,2.8,0.0,1,280,买盘
303,10:21:06,2.8,0.0,2,560,买盘
304,10:21:21,2.79,-0.01,71,19809,卖盘
305,10:22:34,2.79,0.0,20,5580,卖盘
306,10:22:40,2.79,0.0,2690,750510,卖盘
307,10:23:25,2.78,-0.01,10,2780,卖盘
308,10:23:45,2.79,0.01,65,18135,买盘
309,10:24:10,2.78,-0.01,640,177920,卖盘
310,10:24:28,2.79,0.01,28,7812,买盘
311,10:24:40,2.78,-0.01,200,55600,卖盘
312,10:24:54,2.78,0.0,103,28634,卖盘
313,10:25:27,2.79,0.01,5,1395,买盘
314,10:25:46,2.78,-0.01,29,8062,卖盘
315,10:27:18,2.79,0.01,100,27900,买盘
316,10:28:15,2.79,0.0,100,27900,买盘
317,10:28:51,2.78,-0.01,22,6116,卖盘
318,10:28:55,2.79,0.01,31,8649,买盘
319,10:29:04,2.78,-0.01,84,23352,卖盘
320,10:30:42,2.78,0.0,21,5838,卖盘
321,10:30:57,2.79,0.01,5,1395,买盘
322,10:31:27,2.79,0.0,43,11997,买盘
323,10:31:34,2.79,0.0,15,4185,买盘
324,10:31:52,2.78,-0.01,1,278,卖盘
325,10:32:04,2.78,0.0,12,3336,卖盘
326,10:32:10,2.78,0.0,200,55600,卖盘
327,10:33:46,2.79,0.01,46,12834,买盘
328,10:34:28,2.79,0.0,50,13950,买盘
329,10:34:42,2.78,-0.01,490,136220,卖盘
330,10:35:48,2.78,0.0,2,556,卖盘
331,10:36:12,2.78,0.0,38,10564,卖盘
332,10:37:04,2.78,0.0,250,69500,卖盘
333,10:37:09,2.78,0.0,100,27800,卖盘
334,10:37:12,2.78,0.0,3,834,卖盘
335,10:37:24,2.78,0.0,100,27800,卖盘
336,10:37:54,2.78,0.0,279,77562,卖盘
337,10:38:24,2.77,-0.01,11,3047,卖盘
338,10:38:27,2.78,0.01,8,2224,买盘
339,10:38:31,2.78,0.0,3,834,买盘
340,10:38:33,2.78,0.0,3,834,买盘
341,10:39:06,2.78,0.0,91,25298,买盘
342,10:39:12,2.78,0.0,2,556,买盘
343,10:39:22,2.78,0.0,1,278,买盘
344,10:39:58,2.77,-0.01,286,79222,卖盘
345,10:40:06,2.78,0.01,10,2780,买盘
346,10:40:42,2.78,0.0,2,556,买盘
347,10:41:06,2.78,0.0,6,1668,买盘
348,10:41:16,2.78,0.0,28,7784,买盘
349,10:41:22,2.78,0.0,66,18348,买盘
350,10:41:25,2.78,0.0,17,4726,买盘
351,10:41:28,2.78,0.0,91,25298,买盘
352,10:41:30,2.78,0.0,11,3058,买盘
353,10:41:37,2.78,0.0,19,5282,买盘
354,10:41:40,2.78,0.0,12,3336,买盘
355,10:41:43,2.78,0.0,100,27800,买盘
356,10:41:49,2.78,0.0,11,3058,买盘
357,10:41:58,2.78,0.0,20,5560,买盘
358,10:42:01,2.78,0.0,287,79786,买盘
359,10:42:04,2.79,0.01,202,56358,买盘
360,10:44:15,2.79,0.0,11,3069,买盘
361,10:44:27,2.78,-0.01,530,147340,卖盘
362,10:44:30,2.79,0.01,1,279,买盘
363,10:44:34,2.79,0.0,220,61380,买盘
364,10:44:37,2.79,0.0,200,55800,买盘
365,10:44:42,2.79,0.0,7,1953,买盘
366,10:45:13,2.78,-0.01,2,556,卖盘
367,10:46:21,2.78,0.0,50,13940,卖盘
368,10:46:39,2.78,0.0,40,11120,卖盘
369,10:47:16,2.78,0.0,9,2502,卖盘
370,10:47:33,2.79,0.01,220,61380,买盘
371,10:47:58,2.79,0.0,313,87327,买盘
372,10:48:12,2.79,0.0,5,1395,买盘
373,10:48:30,2.79,0.0,1,279,买盘
374,10:49:06,2.79,0.0,69,19251,买盘
375,10:49:09,2.79,0.0,20,5580,买盘
376,10:49:21,2.79,0.0,5,1395,买盘
377,10:49:36,2.79,0.0,51,14229,买盘
378,10:50:09,2.79,0.0,10,2790,买盘
379,10:50:46,2.79,0.0,1,279,买盘
380,10:51:06,2.79,0.0,476,132804,买盘
381,10:51:10,2.79,0.0,79,22041,买盘
382,10:51:27,2.79,0.0,154,42966,买盘
383,10:53:10,2.8,0.01,1,280,买盘
384,10:53:12,2.79,-0.01,479,133641,卖盘
385,10:53:18,2.8,0.01,9,2520,买盘
386,10:53:21,2.8,0.0,1,280,买盘
387,10:53:34,2.8,0.0,21,5880,买盘
388,10:54:55,2.79,-0.01,164,45756,卖盘
389,10:55:06,2.8,0.01,13,3640,买盘
390,10:55:48,2.79,-0.01,338,94302,卖盘
391,10:55:57,2.79,0.0,5,1395,买盘
392,10:56:00,2.79,0.0,45,12555,买盘
393,10:56:03,2.79,0.0,3,837,买盘
394,10:56:10,2.79,0.0,2,558,买盘
395,10:56:12,2.79,0.0,5,1395,买盘
396,10:56:51,2.79,0.0,200,55800,买盘
397,10:57:00,2.79,0.0,44,12276,买盘
398,10:57:09,2.79,0.0,11,3069,买盘
399,10:57:33,2.79,0.0,1,279,买盘
400,10:57:58,2.79,0.0,5,1395,买盘
401,10:58:55,2.78,-0.01,383,106474,卖盘
402,10:59:06,2.79,0.01,12,3348,买盘
403,10:59:18,2.79,0.0,5,1395,买盘
404,10:59:30,2.79,0.0,10,2790,买盘
405,11:00:07,2.79,0.0,8,2232,买盘
406,11:01:01,2.79,0.0,44,12276,买盘
407,11:01:15,2.79,0.0,73,20367,买盘
408,11:01:24,2.79,0.0,164,45756,买盘
409,11:01:33,2.79,0.0,210,58590,买盘
410,11:01:39,2.78,-0.01,15,4170,卖盘
411,11:01:42,2.79,0.01,60,16740,买盘
412,11:01:55,2.79,0.0,10,2790,买盘
413,11:02:27,2.79,0.0,35,9765,买盘
414,11:03:45,2.79,0.0,30,8370,买盘
415,11:03:48,2.79,0.0,7,1953,买盘
416,11:03:51,2.79,0.0,30,8370,买盘
417,11:04:51,2.79,0.0,50,13950,买盘
418,11:05:00,2.79,0.0,10,2790,买盘
419,11:07:42,2.78,-0.01,11,3058,卖盘
420,11:08:33,2.78,0.0,99,27522,卖盘
421,11:08:42,2.79,0.01,1,279,买盘
422,11:09:01,2.78,-0.01,925,258065,卖盘
423,11:09:04,2.78,0.0,28,7784,卖盘
424,11:10:12,2.79,0.01,100,27900,买盘
425,11:12:51,2.78,-0.01,1,278,卖盘
426,11:13:09,2.78,0.0,1,278,卖盘
427,11:14:39,2.78,0.0,42,11676,卖盘
428,11:15:30,2.78,0.0,70,19460,卖盘
429,11:15:55,2.78,0.0,30,8340,卖盘
430,11:16:27,2.78,0.0,565,157070,卖盘
431,11:16:51,2.78,0.0,150,41700,买盘
432,11:17:19,2.78,0.0,5,1390,买盘
433,11:17:21,2.78,0.0,109,30302,买盘
434,11:17:33,2.78,0.0,9,2502,买盘
435,11:17:51,2.78,0.0,15,4170,买盘
436,11:17:54,2.78,0.0,6,1668,买盘
437,11:18:42,2.78,0.0,10,2780,买盘
438,11:18:45,2.78,0.0,26,7228,买盘
439,11:18:48,2.78,0.0,1,278,买盘
440,11:19:09,2.78,0.0,3,834,买盘
441,11:19:33,2.78,0.0,7,1946,买盘
442,11:20:21,2.78,0.0,20,5560,买盘
443,11:20:30,2.78,0.0,50,13900,买盘
444,11:20:36,2.78,0.0,10,2780,买盘
445,11:21:10,2.77,-0.01,20,5540,卖盘
446,11:21:54,2.78,0.01,5,1390,买盘
447,11:22:42,2.78,0.0,26,7228,买盘
448,11:23:51,2.78,0.0,35,9730,买盘
449,11:25:00,2.78,0.0,10,2780,买盘
450,11:27:16,2.78,0.0,50,13900,买盘
451,11:27:30,2.77,-0.01,380,105260,卖盘
452,11:27:39,2.78,0.01,2,556,买盘
453,11:27:51,2.77,-0.01,20,5540,卖盘
454,11:29:01,2.78,0.01,1,278,买盘
455,13:00:05,2.77,-0.01,366,101429,卖盘
456,13:00:07,2.78,0.01,5,1390,买盘
457,13:01:33,2.77,-0.01,40,11080,卖盘
458,13:01:39,2.77,0.0,179,49583,卖盘
459,13:01:51,2.77,0.0,394,109138,卖盘
460,13:02:12,2.77,0.0,7,1939,买盘
461,13:02:18,2.77,0.0,66,18282,买盘
462,13:02:24,2.77,0.0,24,6648,卖盘
463,13:03:39,2.77,0.0,48,13296,卖盘
464,13:03:57,2.77,0.0,2,554,卖盘
465,13:04:09,2.78,0.01,10,2780,买盘
466,13:04:42,2.77,-0.01,3,831,卖盘
467,13:05:00,2.78,0.01,2,556,买盘
468,13:05:06,2.78,0.0,21,5838,买盘
469,13:06:51,2.77,-0.01,10,2770,卖盘
470,13:07:06,2.77,0.0,40,11080,卖盘
471,13:07:16,2.77,0.0,201,55677,卖盘
472,13:07:27,2.77,0.0,1,277,卖盘
473,13:07:30,2.77,0.0,50,13850,卖盘
474,13:07:45,2.78,0.01,55,15290,买盘
475,13:07:48,2.77,-0.01,127,35305,卖盘
476,13:08:00,2.77,0.0,1,277,卖盘
477,13:08:37,2.77,0.0,50,13850,卖盘
478,13:09:10,2.78,0.01,12,3336,买盘
479,13:09:12,2.77,-0.01,22,6094,卖盘
480,13:09:18,2.78,0.01,3,834,买盘
481,13:10:00,2.77,-0.01,18,4986,卖盘
482,13:10:21,2.78,0.01,37,10286,买盘
483,13:11:39,2.78,0.0,1,278,买盘
484,13:11:42,2.78,0.0,6,1668,买盘
485,13:11:57,2.77,-0.01,53,14681,卖盘
486,13:12:15,2.77,0.0,41,11357,卖盘
487,13:13:04,2.77,0.0,20,5540,买盘
488,13:13:09,2.77,0.0,30,8310,买盘
489,13:13:15,2.77,0.0,9,2493,买盘
490,13:13:37,2.78,0.01,1,278,买盘
491,13:13:46,2.78,0.0,10,2780,买盘
492,13:13:48,2.77,-0.01,1,277,卖盘
493,13:14:31,2.77,0.0,8,2216,卖盘
494,13:15:45,2.78,0.01,10,2780,买盘
495,13:16:00,2.77,-0.01,5,1385,卖盘
496,13:16:36,2.78,0.01,10,2780,买盘
497,13:16:42,2.77,-0.01,16,4432,卖盘
498,13:17:09,2.77,0.0,107,29639,卖盘
499,13:17:15,2.77,0.0,200,55400,卖盘
500,13:17:48,2.77,0.0,74,20498,卖盘
501,13:18:12,2.77,0.0,130,36010,卖盘
502,13:18:21,2.77,0.0,28,7756,买盘
503,13:18:48,2.77,0.0,50,13850,买盘
504,13:19:04,2.77,0.0,2,554,买盘
505,13:19:15,2.77,0.0,11,3047,买盘
506,13:20:54,2.77,0.0,20,5540,卖盘
507,13:21:33,2.78,0.01,30,8340,买盘
508,13:23:27,2.77,-0.01,165,45705,卖盘
509,13:24:06,2.77,0.0,25,6909,买盘
510,13:24:36,2.77,0.0,30,8310,买盘
511,13:25:27,2.77,0.0,3,831,买盘
512,13:26:09,2.77,0.0,100,27700,买盘
513,13:26:43,2.77,0.0,10,2770,买盘
514,13:26:54,2.77,0.0,12,3324,买盘
515,13:27:15,2.77,0.0,30,8310,买盘
516,13:28:09,2.77,0.0,2,554,买盘
517,13:28:39,2.77,0.0,46,12742,买盘
518,13:28:48,2.76,-0.01,13,3588,卖盘
519,13:29:12,2.76,0.0,100,27600,卖盘
520,13:29:46,2.76,0.0,61,16836,卖盘
521,13:29:55,2.76,0.0,36,9936,卖盘
522,13:30:04,2.76,0.0,112,30912,卖盘
523,13:30:07,2.76,0.0,6,1656,卖盘
524,13:30:42,2.77,0.01,1,277,买盘
525,13:30:54,2.77,0.0,2,554,买盘
526,13:31:07,2.76,-0.01,18,4968,卖盘
527,13:31:16,2.76,0.0,9,2484,卖盘
528,13:31:40,2.76,0.0,15,4140,卖盘
529,13:32:27,2.76,0.0,18,4968,卖盘
530,13:33:00,2.76,0.0,100,27600,卖盘
531,13:33:18,2.76,0.0,100,27600,卖盘
532,13:33:21,2.76,0.0,20,5520,卖盘
533,13:33:45,2.76,0.0,258,71208,卖盘
534,13:33:57,2.76,0.0,20,5520,卖盘
535,13:34:33,2.76,0.0,50,13800,卖盘
536,13:34:39,2.77,0.01,97,26869,买盘
537,13:35:16,2.76,-0.01,17,4692,卖盘
538,13:35:40,2.77,0.01,30,8310,买盘
539,13:35:58,2.77,0.0,574,158998,买盘
540,13:36:10,2.77,0.0,30,8310,买盘
541,13:36:51,2.77,0.0,8,2216,买盘
542,13:36:54,2.77,0.0,19,5263,买盘
543,13:37:00,2.77,0.0,5,1385,买盘
544,13:37:21,2.77,0.0,23,6371,买盘
545,13:37:39,2.77,0.0,20,5540,买盘
546,13:38:01,2.77,0.0,18,4978,买盘
547,13:38:21,2.77,0.0,17,4709,买盘
548,13:38:57,2.77,0.0,48,13296,买盘
549,13:39:09,2.77,0.0,1000,277000,买盘
550,13:39:16,2.77,0.0,65,17949,买盘
551,13:40:13,2.78,0.01,400,111200,买盘
552,13:40:19,2.77,-0.01,10,2770,卖盘
553,13:40:58,2.78,0.01,8,2224,买盘
554,13:41:09,2.78,0.0,104,28912,买盘
555,13:41:40,2.78,0.0,1,278,买盘
556,13:41:43,2.78,0.0,10,2780,买盘
557,13:41:45,2.78,0.0,313,87014,买盘
558,13:42:48,2.78,0.0,5,1390,卖盘
559,13:43:09,2.78,0.0,60,16680,卖盘
560,13:43:24,2.78,0.0,31,8618,卖盘
561,13:44:13,2.79,0.01,46,12832,买盘
562,13:44:22,2.78,-0.01,100,27800,卖盘
563,13:44:27,2.78,0.0,20,5560,卖盘
564,13:44:30,2.78,0.0,169,46982,卖盘
565,13:44:39,2.78,0.0,10,2780,卖盘
566,13:44:57,2.78,0.0,80,22240,卖盘
567,13:45:01,2.78,0.0,100,27800,卖盘
568,13:46:00,2.78,0.0,3,834,卖盘
569,13:46:09,2.78,0.0,37,10286,卖盘
570,13:46:34,2.79,0.01,1,279,买盘
571,13:47:30,2.78,-0.01,3,834,卖盘
572,13:48:15,2.78,0.0,54,15012,卖盘
573,13:48:24,2.78,0.0,10,2780,卖盘
574,13:48:48,2.78,0.0,97,26966,卖盘
575,13:49:24,2.78,0.0,5,1390,买盘
576,13:49:42,2.78,0.0,5,1390,买盘
577,13:50:09,2.78,0.0,284,78952,买盘
578,13:50:18,2.78,0.0,17,4726,买盘
579,13:50:46,2.78,0.0,11,3058,买盘
580,13:50:52,2.78,0.0,1,278,买盘
581,13:51:01,2.78,0.0,40,11120,买盘
582,13:51:22,2.78,0.0,110,30580,买盘
583,13:51:25,2.78,0.0,18,5004,买盘
584,13:52:07,2.79,0.01,61,17019,买盘
585,13:52:18,2.78,-0.01,30,8340,卖盘
586,13:52:42,2.79,0.01,1,279,买盘
587,13:53:01,2.79,0.0,10,2790,买盘
588,13:53:13,2.78,-0.01,10,2780,卖盘
589,13:53:22,2.79,0.01,2000,558000,买盘
590,13:53:37,2.79,0.0,3,837,买盘
591,13:53:40,2.79,0.0,7,1953,买盘
592,13:53:43,2.79,0.0,10,2790,买盘
593,13:54:07,2.79,0.0,22,6138,买盘
594,13:54:19,2.79,0.0,15,4185,卖盘
595,13:54:21,2.79,0.0,15,4185,买盘
596,13:54:34,2.78,-0.01,242,67512,卖盘
597,13:54:52,2.79,0.01,12,3348,买盘
598,13:55:42,2.79,0.0,124,34596,卖盘
599,13:55:55,2.8,0.01,3,840,买盘
600,13:57:24,2.8,0.0,29,8120,买盘
601,13:59:10,2.79,-0.01,50,13950,卖盘
602,13:59:15,2.8,0.01,1,280,买盘
603,13:59:51,2.79,-0.01,10,2790,卖盘
604,14:00:00,2.8,0.01,90,25200,买盘
605,14:00:07,2.79,-0.01,106,29574,卖盘
606,14:00:12,2.79,0.0,50,13950,卖盘
607,14:00:24,2.8,0.01,18,5040,买盘
608,14:01:12,2.79,-0.01,15,4185,卖盘
609,14:01:18,2.79,0.0,46,12834,卖盘
610,14:01:24,2.79,0.0,1,279,卖盘
611,14:01:40,2.79,0.0,15,4185,卖盘
612,14:01:45,2.79,0.0,30,8370,卖盘
613,14:01:55,2.79,0.0,249,69471,卖盘
614,14:02:10,2.79,0.0,14,3906,卖盘
615,14:02:39,2.79,0.0,1307,364653,卖盘
616,14:02:51,2.79,0.0,10,2790,卖盘
617,14:03:07,2.79,0.0,20,5580,卖盘
618,14:03:28,2.79,0.0,39,10881,卖盘
619,14:03:40,2.79,0.0,50,13950,卖盘
620,14:04:10,2.8,0.01,19,5320,买盘
621,14:04:36,2.79,-0.01,77,21483,卖盘
622,14:04:57,2.79,0.0,20,5580,卖盘
623,14:05:39,2.79,0.0,250,69750,卖盘
624,14:05:49,2.79,0.0,346,96534,卖盘
625,14:05:54,2.79,0.0,50,13950,卖盘
626,14:06:10,2.79,0.0,200,55800,卖盘
627,14:06:15,2.79,0.0,40,11160,卖盘
628,14:06:43,2.79,0.0,356,99324,卖盘
629,14:07:01,2.79,0.0,92,25668,买盘
630,14:07:07,2.79,0.0,100,27900,卖盘
631,14:07:10,2.79,0.0,17,4743,卖盘
632,14:07:24,2.79,0.0,44,12276,买盘
633,14:07:28,2.79,0.0,30,8370,卖盘
634,14:07:42,2.8,0.01,10,2800,买盘
635,14:07:46,2.79,-0.01,95,26505,卖盘
636,14:07:51,2.79,0.0,132,36828,卖盘
637,14:08:01,2.79,0.0,71,19809,买盘
638,14:08:09,2.79,0.0,10,2790,卖盘
639,14:08:19,2.79,0.0,1,279,卖盘
640,14:08:21,2.79,0.0,138,38502,卖盘
641,14:08:46,2.79,0.0,310,86490,卖盘
642,14:08:54,2.79,0.0,30,8370,卖盘
643,14:08:57,2.79,0.0,51,14229,卖盘
644,14:09:30,2.79,0.0,136,37944,买盘
645,14:09:48,2.79,0.0,18,5022,卖盘
646,14:09:51,2.79,0.0,37,10323,卖盘
647,14:09:54,2.79,0.0,10,2790,卖盘
648,14:10:15,2.79,0.0,123,34317,买盘
649,14:10:21,2.79,0.0,236,65844,买盘
650,14:10:28,2.79,0.0,50,13950,卖盘
651,14:10:33,2.79,0.0,15,4185,卖盘
652,14:11:03,2.79,0.0,135,37665,买盘
653,14:11:06,2.79,0.0,10,2790,卖盘
654,14:11:18,2.79,0.0,21,5859,卖盘
655,14:11:40,2.79,0.0,185,51615,卖盘
656,14:11:51,2.79,0.0,1,279,买盘
657,14:12:39,2.79,0.0,14,3906,买盘
658,14:13:12,2.79,0.0,87,24273,买盘
659,14:13:21,2.79,0.0,1,279,卖盘
660,14:13:36,2.79,0.0,160,44640,卖盘
661,14:14:12,2.79,0.0,2,558,买盘
662,14:14:21,2.79,0.0,3,837,买盘
663,14:14:39,2.78,-0.01,25,6950,卖盘
664,14:17:13,2.78,0.0,14,3892,卖盘
665,14:17:39,2.78,0.0,1,278,卖盘
666,14:18:04,2.78,0.0,70,19460,卖盘
667,14:19:12,2.79,0.01,5,1395,买盘
668,14:19:30,2.78,-0.01,50,13900,卖盘
669,14:20:33,2.79,0.01,1,279,买盘
670,14:20:54,2.78,-0.01,3,834,卖盘
671,14:21:09,2.78,0.0,40,11120,卖盘
672,14:22:30,2.79,0.01,2,558,买盘
673,14:22:45,2.78,-0.01,1500,417000,卖盘
674,14:22:57,2.79,0.01,30,8370,买盘
675,14:23:00,2.78,-0.01,23,6394,卖盘
676,14:23:27,2.78,0.0,35,9730,卖盘
677,14:24:31,2.78,0.0,160,44480,卖盘
678,14:24:42,2.78,0.0,23,6394,卖盘
679,14:24:48,2.78,0.0,1,278,卖盘
680,14:25:00,2.78,0.0,1,278,卖盘
681,14:25:21,2.78,0.0,100,27800,卖盘
682,14:26:04,2.79,0.01,33,9207,买盘
683,14:26:09,2.78,-0.01,1059,294402,卖盘
684,14:26:12,2.78,0.0,89,24742,买盘
685,14:26:22,2.78,0.0,1,278,买盘
686,14:26:37,2.78,0.0,99,27522,买盘
687,14:26:39,2.78,0.0,16,4448,买盘
688,14:27:39,2.78,0.0,323,89794,买盘
689,14:27:45,2.77,-0.01,5,1385,卖盘
690,14:27:58,2.77,0.0,10,2770,卖盘
691,14:28:00,2.78,0.01,2,556,买盘
692,14:28:12,2.78,0.0,10,2780,买盘
693,14:28:18,2.78,0.0,179,49762,买盘
694,14:28:21,2.78,0.0,15,4170,买盘
695,14:28:24,2.78,0.0,1029,286062,买盘
696,14:28:28,2.78,0.0,120,33360,买盘
697,14:28:31,2.78,0.0,66,18348,买盘
698,14:28:34,2.78,0.0,163,45314,买盘
699,14:28:37,2.78,0.0,54,15012,买盘
700,14:28:39,2.78,0.0,56,15568,买盘
701,14:28:42,2.78,0.0,48,13344,买盘
702,14:28:46,2.78,0.0,45,12510,买盘
703,14:28:48,2.78,0.0,200,55600,买盘
704,14:28:52,2.78,0.0,135,37530,买盘
705,14:28:55,2.78,0.0,26,7228,买盘
706,14:28:57,2.78,0.0,24,6672,买盘
707,14:29:00,2.78,0.0,33,9174,买盘
708,14:29:04,2.78,0.0,91,25298,买盘
709,14:29:07,2.78,0.0,137,38086,买盘
710,14:29:09,2.78,0.0,30,8340,买盘
711,14:29:13,2.78,0.0,79,21962,买盘
712,14:29:15,2.78,0.0,6,1668,买盘
713,14:29:18,2.78,0.0,53,14734,买盘
714,14:29:21,2.78,0.0,3,834,买盘
715,14:29:24,2.78,0.0,75,20850,买盘
716,14:29:27,2.78,0.0,4,1112,买盘
717,14:30:42,2.79,0.01,20,5580,买盘
718,14:31:09,2.79,0.0,50,13950,买盘
719,14:31:37,2.79,0.0,50,13950,买盘
720,14:31:39,2.79,0.0,5,1395,买盘
721,14:31:46,2.79,0.0,20,5580,买盘
722,14:32:04,2.79,0.0,100,27900,买盘
723,14:32:12,2.79,0.0,50,13950,买盘
724,14:33:06,2.79,0.0,72,20088,买盘
725,14:33:16,2.79,0.0,123,34317,买盘
726,14:33:30,2.8,0.01,1,280,买盘
727,14:33:58,2.8,0.0,51,14240,买盘
728,14:34:18,2.8,0.0,100,28000,买盘
729,14:34:37,2.8,0.0,71,19834,买盘
730,14:35:12,2.79,-0.01,100,27900,卖盘
731,14:35:24,2.8,0.01,57,15960,买盘
732,14:35:28,2.79,-0.01,50,13950,卖盘
733,14:35:37,2.79,0.0,8,2232,卖盘
734,14:35:39,2.79,0.0,19,5301,卖盘
735,14:36:00,2.8,0.01,6,1680,买盘
736,14:36:04,2.79,-0.01,106,29574,卖盘
737,14:36:15,2.8,0.01,1,280,买盘
738,14:37:10,2.79,-0.01,40,11160,卖盘
739,14:37:22,2.8,0.01,5,1400,买盘
740,14:37:36,2.79,-0.01,101,28179,卖盘
741,14:37:42,2.79,0.0,7,1953,卖盘
742,14:37:48,2.79,0.0,30,8370,卖盘
743,14:38:07,2.79,0.0,10,2790,卖盘
744,14:38:18,2.79,0.0,162,45198,卖盘
745,14:38:21,2.8,0.01,545,152391,买盘
746,14:39:24,2.79,-0.01,18,5022,卖盘
747,14:39:39,2.8,0.01,130,36400,买盘
748,14:39:55,2.8,0.0,30,8400,买盘
749,14:40:39,2.8,0.0,10,2800,买盘
750,14:40:43,2.8,0.0,12,3360,买盘
751,14:40:48,2.8,0.0,10,2800,买盘
752,14:41:04,2.8,0.0,20,5600,买盘
753,14:41:22,2.79,-0.01,80,22320,卖盘
754,14:41:28,2.79,0.0,2,558,卖盘
755,14:41:51,2.79,0.0,101,28179,卖盘
756,14:41:55,2.79,0.0,12,3348,买盘
757,14:42:04,2.79,0.0,45,12555,卖盘
758,14:42:15,2.79,0.0,23,6417,卖盘
759,14:42:36,2.79,0.0,1,279,卖盘
760,14:42:46,2.79,0.0,41,11439,卖盘
761,14:43:04,2.79,0.0,61,17019,卖盘
762,14:43:06,2.79,0.0,13,3627,卖盘
763,14:43:21,2.79,0.0,37,10323,买盘
764,14:43:33,2.79,0.0,6,1674,卖盘
765,14:43:40,2.79,0.0,17,4743,卖盘
766,14:43:58,2.79,0.0,10,2790,卖盘
767,14:44:46,2.79,0.0,146,40734,卖盘
768,14:45:28,2.79,0.0,4,1116,买盘
769,14:45:31,2.79,0.0,10,2790,买盘
770,14:45:58,2.79,0.0,4,1116,买盘
771,14:46:01,2.79,0.0,50,13950,买盘
772,14:46:19,2.78,-0.01,9,2502,卖盘
773,14:46:25,2.78,0.0,100,27800,卖盘
774,14:46:40,2.79,0.01,10,2790,买盘
775,14:46:43,2.78,-0.01,1,278,卖盘
776,14:46:49,2.78,0.0,100,27800,卖盘
777,14:47:04,2.79,0.01,25,6970,买盘
778,14:47:13,2.78,-0.01,140,38920,卖盘
779,14:47:19,2.79,0.01,4,1116,买盘
780,14:47:21,2.79,0.0,10,2790,买盘
781,14:48:07,2.79,0.0,100,27900,买盘
782,14:48:37,2.79,0.0,63,17577,买盘
783,14:48:49,2.78,-0.01,2,556,卖盘
784,14:48:58,2.78,0.0,3,834,卖盘
785,14:49:19,2.78,0.0,16,4448,卖盘
786,14:49:46,2.78,0.0,11,3058,卖盘
787,14:50:19,2.78,0.0,3,834,卖盘
788,14:50:33,2.79,0.01,5,1395,买盘
789,14:50:36,2.79,0.0,26,7254,买盘
790,14:50:52,2.79,0.0,2,558,买盘
791,14:50:58,2.79,0.0,10,2790,买盘
792,14:51:01,2.78,-0.01,38,10564,卖盘
793,14:51:06,2.79,0.01,676,188604,买盘
794,14:51:13,2.79,0.0,228,63612,买盘
795,14:51:27,2.79,0.0,31,8649,买盘
796,14:51:37,2.79,0.0,192,53568,买盘
797,14:51:43,2.79,0.0,243,67797,买盘
798,14:51:49,2.79,0.0,10,2790,买盘
799,14:52:04,2.79,0.0,5,1395,买盘
800,14:52:07,2.79,0.0,62,17298,买盘
801,14:52:19,2.78,-0.01,1,278,卖盘
802,14:52:25,2.79,0.01,10,2790,买盘
803,14:52:34,2.79,0.0,22,6138,买盘
804,14:52:49,2.79,0.0,10,2790,买盘
805,14:53:01,2.78,-0.01,104,28952,卖盘
806,14:53:07,2.79,0.01,20,5580,买盘
807,14:53:10,2.79,0.0,127,35433,买盘
808,14:53:16,2.79,0.0,142,39618,买盘
809,14:53:21,2.79,0.0,556,155124,买盘
810,14:53:33,2.79,0.0,20,5580,买盘
811,14:53:37,2.78,-0.01,20,5560,卖盘
812,14:53:43,2.79,0.01,100,27900,买盘
813,14:53:52,2.79,0.0,54,15066,买盘
814,14:53:55,2.78,-0.01,4,1112,卖盘
815,14:53:58,2.78,0.0,150,41700,卖盘
816,14:54:06,2.78,0.0,200,55600,卖盘
817,14:54:09,2.79,0.01,21,5859,买盘
818,14:54:40,2.79,0.0,18,5022,买盘
819,14:54:43,2.79,0.0,73,20367,买盘
820,14:54:46,2.79,0.0,3,837,买盘
821,14:54:49,2.79,0.0,6,1674,买盘
822,14:54:55,2.79,0.0,10,2790,买盘
823,14:55:10,2.79,0.0,61,17019,买盘
824,14:55:27,2.78,-0.01,18,5004,卖盘
825,14:55:33,2.78,0.0,10,2780,卖盘
826,14:55:36,2.78,0.0,178,49484,卖盘
827,14:55:58,2.79,0.01,34,9486,买盘
828,14:56:01,2.78,-0.01,540,150640,卖盘
829,14:56:10,2.79,0.01,185,51615,买盘
830,14:56:30,2.78,-0.01,5,1390,卖盘
831,14:56:34,2.79,0.01,5,1395,买盘
832,14:56:43,2.79,0.0,35,9765,买盘
833,14:56:51,2.79,0.0,41,11439,买盘
834,14:56:55,2.78,-0.01,2,556,卖盘
835,14:56:58,2.79,0.01,2,558,买盘
836,14:57:01,2.79,0.0,37,10323,买盘
837,15:00:04,2.79,0.0,807,225153,卖盘
