,time,price,change,volume,amount,type
0,09:25:04,6.28,-0.02,50,31400,卖盘
1,09:30:07,6.25,-0.03,6,3750,卖盘
2,09:30:10,6.25,0.0,4,2500,卖盘
3,09:30:19,6.25,0.0,1,625,卖盘
4,09:30:25,6.25,0.0,1,625,卖盘
5,09:30:31,6.25,0.0,1,625,卖盘
6,09:30:40,6.25,0.0,61,38125,卖盘
7,09:31:01,6.21,-0.04,8,4968,卖盘
8,09:31:07,6.21,0.0,2,1242,卖盘
9,09:31:19,6.21,0.0,1,621,卖盘
10,09:31:25,6.22,0.01,417,259374,买盘
11,09:31:31,6.25,0.03,30,18716,买盘
12,09:31:43,6.24,-0.01,2,1246,买盘
13,09:31:46,6.22,-0.02,20,12440,卖盘
14,09:31:52,6.22,0.0,6,3732,卖盘
15,09:32:04,6.24,0.02,1,624,买盘
16,09:32:07,6.23,-0.01,14,8726,卖盘
17,09:32:25,6.23,0.0,10,6230,卖盘
18,09:32:31,6.23,0.0,1,623,卖盘
19,09:32:39,6.25,0.02,1,625,买盘
20,09:32:43,6.24,-0.01,80,49920,卖盘
21,09:32:49,6.25,0.01,1,625,买盘
22,09:32:52,6.24,-0.01,49,30595,卖盘
23,09:32:55,6.23,-0.01,2,1246,卖盘
24,09:33:00,6.24,0.01,42,26206,买盘
25,09:33:22,6.24,0.0,10,6240,买盘
26,09:33:34,6.23,-0.01,10,6230,卖盘
27,09:33:43,6.23,0.0,36,22428,卖盘
28,09:33:49,6.23,0.0,132,82236,卖盘
29,09:33:52,6.23,0.0,5,3115,卖盘
30,09:33:58,6.23,0.0,11,6853,卖盘
31,09:34:04,6.21,-0.02,60,37389,卖盘
32,09:34:22,6.21,0.0,4,2484,卖盘
33,09:34:34,6.22,0.01,3,1866,卖盘
34,09:34:52,6.22,0.0,127,78994,卖盘
35,09:34:58,6.22,0.0,3,1866,买盘
36,09:35:05,6.22,0.0,2,1244,买盘
37,09:35:10,6.22,0.0,21,13058,买盘
38,09:35:13,6.22,0.0,3,1866,买盘
39,09:35:18,6.22,0.0,4,2487,买盘
40,09:35:25,6.22,0.0,15,9322,买盘
41,09:35:34,6.22,0.0,1,622,卖盘
42,09:35:37,6.21,-0.01,67,41621,卖盘
43,09:35:40,6.22,0.01,18,11196,中性盘
44,09:35:58,6.23,0.01,12,7476,买盘
45,09:36:04,6.22,-0.01,1,622,卖盘
46,09:36:16,6.23,0.01,1,623,买盘
47,09:36:34,6.22,-0.01,1,622,卖盘
48,09:36:43,6.22,0.0,5,3110,卖盘
49,09:36:52,6.23,0.01,5,3115,买盘
50,09:37:07,6.22,-0.01,2,1244,卖盘
51,09:37:10,6.22,0.0,11,6842,卖盘
52,09:37:22,6.23,0.01,27,16821,买盘
53,09:37:28,6.23,0.0,15,9345,卖盘
54,09:37:37,6.22,-0.01,2,1244,卖盘
55,09:37:39,6.22,0.0,230,143060,卖盘
56,09:37:43,6.22,0.0,7,4354,买盘
57,09:37:55,6.21,-0.01,3,1863,卖盘
58,09:38:01,6.22,0.01,4,2488,买盘
59,09:38:13,6.21,-0.01,100,62100,卖盘
60,09:38:28,6.22,0.01,2,1244,买盘
61,09:38:36,6.22,0.0,5,3110,买盘
62,09:38:40,6.21,-0.01,8,4968,卖盘
63,09:38:49,6.22,0.01,20,12440,买盘
64,09:38:51,6.21,-0.01,8,4968,卖盘
65,09:39:19,6.21,0.0,140,86940,卖盘
66,09:39:28,6.21,0.0,13,8073,卖盘
67,09:39:40,6.22,0.01,80,49760,买盘
68,09:39:43,6.21,-0.01,10,6210,卖盘
69,09:39:51,6.21,0.0,3,1863,卖盘
70,09:40:01,6.21,0.0,7,4347,卖盘
71,09:40:13,6.21,0.0,10,6210,卖盘
72,09:40:22,6.21,0.0,31,19281,卖盘
73,09:40:57,6.22,0.01,2,1244,买盘
74,09:41:22,6.22,0.0,1,622,卖盘
75,09:41:28,6.23,0.01,1,623,买盘
76,09:41:39,6.22,-0.01,1,622,卖盘
77,09:41:58,6.22,0.0,1,622,卖盘
78,09:42:01,6.22,0.0,2,1244,卖盘
79,09:42:04,6.22,0.0,3,1866,卖盘
80,09:42:10,6.22,0.0,2,1244,卖盘
81,09:42:22,6.22,0.0,5,3110,卖盘
82,09:42:25,6.22,0.0,1,622,卖盘
83,09:42:37,6.22,0.0,82,51004,卖盘
84,09:42:43,6.22,0.0,1,622,买盘
85,09:42:52,6.21,-0.01,2,1242,卖盘
86,09:42:55,6.22,0.01,46,28612,买盘
87,09:43:07,6.22,0.0,1,622,买盘
88,09:43:19,6.22,0.0,11,6842,买盘
89,09:43:21,6.22,0.0,2,1244,卖盘
90,09:43:37,6.22,0.0,2,1244,卖盘
91,09:43:58,6.22,0.0,12,7464,卖盘
92,09:44:19,6.23,0.01,2,1246,买盘
93,09:44:25,6.23,0.0,1,623,卖盘
94,09:44:28,6.23,0.0,1,623,卖盘
95,09:44:31,6.23,0.0,2,1246,卖盘
96,09:44:40,6.23,0.0,3,1869,卖盘
97,09:44:48,6.24,0.01,20,12480,买盘
98,09:44:55,6.24,0.0,15,9360,买盘
99,09:44:58,6.23,-0.01,10,6230,卖盘
100,09:45:22,6.23,0.0,1,623,卖盘
101,09:45:34,6.23,0.0,10,6230,卖盘
102,09:46:10,6.23,0.0,281,175063,卖盘
103,09:47:10,6.22,-0.01,2,1244,卖盘
104,09:47:22,6.22,0.0,3,1866,卖盘
105,09:47:25,6.22,0.0,118,73396,卖盘
106,09:47:43,6.21,-0.01,101,62721,卖盘
107,09:47:49,6.21,0.0,1,621,卖盘
108,09:47:58,6.22,0.01,16,9950,买盘
109,09:48:09,6.21,-0.01,4,2484,卖盘
110,09:48:12,6.22,0.01,10,6220,买盘
111,09:48:16,6.22,0.0,8,4976,买盘
112,09:48:28,6.21,-0.01,2,1242,卖盘
113,09:48:46,6.21,0.0,2,1242,卖盘
114,09:48:52,6.21,0.0,134,83214,卖盘
115,09:48:57,6.21,0.0,3,1863,卖盘
116,09:49:13,6.22,0.01,145,90190,买盘
117,09:49:25,6.21,-0.01,2,1242,卖盘
118,09:49:28,6.22,0.01,1,622,买盘
119,09:49:34,6.22,0.0,3,1864,中性盘
120,09:49:37,6.22,0.0,2,1244,中性盘
121,09:49:46,6.22,0.0,3,1866,卖盘
122,09:50:16,6.22,0.0,1,622,买盘
123,09:50:21,6.22,0.0,2,1244,卖盘
124,09:50:34,6.22,0.0,3,1866,卖盘
125,09:50:37,6.22,0.0,13,8086,卖盘
126,09:51:10,6.22,0.0,3,1866,卖盘
127,09:51:22,6.22,0.0,4,2488,卖盘
128,09:51:34,6.23,0.01,83,51709,买盘
129,09:51:40,6.23,0.0,3,1870,卖盘
130,09:51:46,6.24,0.01,1,624,买盘
131,09:51:51,6.24,0.0,1,624,买盘
132,09:51:58,6.23,-0.01,2,1247,卖盘
133,09:52:10,6.23,0.0,1,623,卖盘
134,09:52:15,6.23,0.0,2,1246,卖盘
135,09:52:28,6.23,0.0,4,2492,卖盘
136,09:52:31,6.24,0.01,9,5616,买盘
137,09:52:40,6.24,0.0,1,624,卖盘
138,09:52:46,6.24,0.0,1,624,卖盘
139,09:52:58,6.24,0.0,1,624,卖盘
140,09:53:04,6.25,0.01,90,56250,买盘
141,09:53:09,6.25,0.0,6,3750,卖盘
142,09:53:13,6.25,0.0,24,15000,卖盘
143,09:53:31,6.24,-0.01,20,12480,卖盘
144,09:54:01,6.24,0.0,2,1248,卖盘
145,09:54:19,6.24,0.0,12,7488,卖盘
146,09:54:22,6.24,0.0,2,1248,卖盘
147,09:54:34,6.24,0.0,4,2496,卖盘
148,09:54:37,6.24,0.0,3,1872,卖盘
149,09:54:40,6.24,0.0,1,624,卖盘
150,09:54:43,6.24,0.0,1,624,卖盘
151,09:54:46,6.24,0.0,2,1248,卖盘
152,09:54:55,6.25,0.01,1,625,买盘
153,09:55:10,6.24,-0.01,3,1872,卖盘
154,09:55:16,6.24,0.0,36,22464,卖盘
155,09:55:22,6.23,-0.01,3,1869,卖盘
156,09:55:34,6.23,0.0,2,1246,卖盘
157,09:55:37,6.23,0.0,2,1246,卖盘
158,09:55:49,6.23,0.0,2,1246,卖盘
159,09:55:58,6.23,0.0,2,1246,卖盘
160,09:56:10,6.23,0.0,4,2492,卖盘
161,09:56:25,6.23,0.0,2,1246,卖盘
162,09:56:46,6.23,0.0,2,1246,卖盘
163,09:56:58,6.23,0.0,3,1869,卖盘
164,09:57:07,6.24,0.01,40,24960,买盘
165,09:57:12,6.24,0.0,1,624,卖盘
166,09:57:22,6.24,0.0,23,14352,卖盘
167,09:57:34,6.24,0.0,52,32498,卖盘
168,09:57:46,6.24,0.0,1,624,卖盘
169,09:58:01,6.24,0.0,2,1248,卖盘
170,09:58:22,6.24,0.0,3,1872,卖盘
171,09:58:34,6.25,0.01,34,21247,买盘
172,09:58:46,6.25,0.0,1,625,卖盘
173,09:58:55,6.26,0.01,25,15650,买盘
174,09:59:10,6.27,0.01,29,18181,买盘
175,09:59:22,6.27,0.0,3,1881,卖盘
176,09:59:28,6.32,0.05,24,15129,买盘
177,09:59:34,6.32,0.0,79,49928,卖盘
178,09:59:40,6.32,0.0,30,18960,卖盘
179,09:59:43,6.27,-0.05,170,107427,卖盘
180,09:59:52,6.28,0.01,7,4396,中性盘
181,09:59:55,6.28,0.0,12,7536,买盘
182,09:59:58,6.29,0.01,26,16336,买盘
183,10:00:01,6.29,0.0,5,3145,卖盘
184,10:00:13,6.28,-0.01,21,13188,买盘
185,10:00:16,6.27,-0.01,7,4389,卖盘
186,10:00:19,6.28,0.01,5,3140,买盘
187,10:00:22,6.28,0.0,3,1884,卖盘
188,10:00:31,6.28,0.0,45,28260,卖盘
189,10:00:37,6.28,0.0,4,2512,卖盘
190,10:00:43,6.28,0.0,80,50240,卖盘
191,10:00:48,6.28,0.0,1,628,卖盘
192,10:01:37,6.28,0.0,2,1256,卖盘
193,10:01:43,6.28,0.0,20,12560,卖盘
194,10:01:55,6.28,0.0,26,16328,卖盘
195,10:01:57,6.29,0.01,20,12580,买盘
196,10:02:40,6.29,0.0,12,7548,买盘
197,10:02:43,6.29,0.0,38,23902,卖盘
198,10:03:13,6.28,-0.01,5,3140,卖盘
199,10:03:18,6.28,0.0,10,6280,卖盘
200,10:03:31,6.28,0.0,20,12560,卖盘
201,10:03:46,6.28,0.0,35,21980,卖盘
202,10:04:25,6.28,0.0,9,5652,卖盘
203,10:04:34,6.28,0.0,8,5024,买盘
204,10:05:22,6.27,-0.01,12,7524,卖盘
205,10:05:46,6.27,0.0,20,12540,卖盘
206,10:05:48,6.28,0.01,1,628,买盘
207,10:06:34,6.27,-0.01,20,12540,卖盘
208,10:06:40,6.27,0.0,70,43890,卖盘
209,10:06:43,6.27,0.0,68,42636,卖盘
210,10:06:45,6.27,0.0,353,221331,卖盘
211,10:06:52,6.27,0.0,24,15048,卖盘
212,10:06:55,6.27,0.0,6,3762,卖盘
213,10:06:58,6.27,0.0,57,35739,卖盘
214,10:07:04,6.27,0.0,24,15048,卖盘
215,10:07:07,6.27,0.0,7,4389,卖盘
216,10:07:37,6.26,-0.01,2,1252,卖盘
217,10:07:40,6.26,0.0,48,30048,卖盘
218,10:08:07,6.25,-0.01,200,125000,卖盘
219,10:08:16,6.25,0.0,77,48125,卖盘
220,10:08:40,6.24,-0.01,322,200928,卖盘
221,10:08:51,6.24,0.0,98,61152,卖盘
222,10:09:31,6.25,0.01,3,1875,买盘
223,10:09:37,6.24,-0.01,2,1248,卖盘
224,10:09:43,6.24,0.0,6,3744,卖盘
225,10:09:46,6.24,0.0,13,8112,买盘
226,10:09:49,6.23,-0.01,1,623,卖盘
227,10:10:31,6.23,0.0,46,28658,卖盘
228,10:10:34,6.23,0.0,31,19313,卖盘
229,10:11:07,6.24,0.01,100,62400,买盘
230,10:11:22,6.23,-0.01,3,1869,卖盘
231,10:11:33,6.25,0.02,195,122073,买盘
232,10:11:58,6.26,0.01,13,8138,买盘
233,10:12:46,6.26,0.0,77,48202,买盘
234,10:13:37,6.26,0.0,1,626,卖盘
235,10:13:55,6.26,0.0,3,1878,卖盘
236,10:14:43,6.26,0.0,24,15024,卖盘
237,10:16:13,6.24,-0.02,100,62400,卖盘
238,10:16:27,6.24,0.0,6,3744,卖盘
239,10:17:00,6.23,-0.01,1,623,卖盘
240,10:17:16,6.25,0.02,1,625,买盘
241,10:17:22,6.24,-0.01,18,11232,中性盘
242,10:17:34,6.25,0.01,20,12498,买盘
243,10:17:48,6.25,0.0,1,625,卖盘
244,10:18:37,6.26,0.01,37,23162,买盘
245,10:18:46,6.26,0.0,5,3130,卖盘
246,10:19:52,6.25,-0.01,4,2500,卖盘
247,10:20:13,6.25,0.0,2,1250,卖盘
248,10:21:01,6.25,0.0,2,1250,卖盘
249,10:21:31,6.26,0.01,2,1252,买盘
250,10:21:39,6.26,0.0,50,31300,买盘
251,10:21:49,6.25,-0.01,1,625,卖盘
252,10:21:58,6.26,0.01,8,5008,买盘
253,10:22:07,6.26,0.0,45,28170,买盘
254,10:22:25,6.27,0.01,202,126654,买盘
255,10:22:37,6.27,0.0,1,627,卖盘
256,10:23:25,6.27,0.0,2,1254,卖盘
257,10:23:52,6.28,0.01,8,5024,买盘
258,10:24:07,6.29,0.01,28,17612,买盘
259,10:24:13,6.28,-0.01,1,628,卖盘
260,10:25:01,6.28,0.0,2,1256,卖盘
261,10:25:04,6.28,0.0,35,21980,卖盘
262,10:25:12,6.28,0.0,1,628,卖盘
263,10:25:19,6.28,0.0,3,1884,卖盘
264,10:25:49,6.27,-0.01,2,1254,卖盘
265,10:26:19,6.27,0.0,1,627,卖盘
266,10:26:22,6.27,0.0,12,7524,卖盘
267,10:26:36,6.26,-0.01,1,626,卖盘
268,10:27:10,6.26,0.0,1,626,卖盘
269,10:27:13,6.23,-0.03,98,61058,卖盘
270,10:27:22,6.25,0.02,3,1874,买盘
271,10:27:25,6.23,-0.02,2,1246,卖盘
272,10:27:40,6.24,0.01,3,1872,买盘
273,10:27:46,6.23,-0.01,3,1869,卖盘
274,10:27:52,6.23,0.0,100,62300,卖盘
275,10:28:13,6.23,0.0,2,1246,卖盘
276,10:28:18,6.23,0.0,7,4361,卖盘
277,10:28:28,6.23,0.0,3,1869,买盘
278,10:28:40,6.23,0.0,15,9345,买盘
279,10:28:46,6.22,-0.01,4,2488,卖盘
280,10:28:58,6.23,0.01,3,1869,买盘
281,10:29:01,6.22,-0.01,1,622,卖盘
282,10:29:10,6.23,0.01,24,14952,买盘
283,10:29:36,6.23,0.0,26,16198,中性盘
284,10:29:40,6.22,-0.01,68,42296,卖盘
285,10:29:49,6.22,0.0,1,622,卖盘
286,10:30:10,6.22,0.0,1,622,卖盘
287,10:30:22,6.22,0.0,5,3110,卖盘
288,10:30:28,6.21,-0.01,2,1242,卖盘
289,10:30:37,6.22,0.01,3,1866,买盘
290,10:30:40,6.22,0.0,1,622,卖盘
291,10:31:10,6.22,0.0,1,622,卖盘
292,10:31:16,6.22,0.0,10,6220,卖盘
293,10:31:28,6.23,0.01,13,8096,买盘
294,10:32:10,6.23,0.0,1,623,卖盘
295,10:32:49,6.23,0.0,3,1869,卖盘
296,10:33:09,6.23,0.0,1,623,卖盘
297,10:33:28,6.24,0.01,3,1872,买盘
298,10:34:01,6.24,0.0,8,4992,买盘
299,10:34:10,6.23,-0.01,2,1246,卖盘
300,10:34:25,6.23,0.0,52,32396,卖盘
301,10:35:31,6.23,0.0,4,2492,卖盘
302,10:36:31,6.23,0.0,1,623,卖盘
303,10:36:37,6.23,0.0,1,623,卖盘
304,10:36:51,6.23,0.0,3,1869,卖盘
305,10:36:55,6.23,0.0,5,3115,卖盘
306,10:36:58,6.23,0.0,17,10591,卖盘
307,10:37:01,6.23,0.0,18,11214,卖盘
308,10:37:04,6.23,0.0,23,14329,卖盘
309,10:37:25,6.22,-0.01,4,2488,卖盘
310,10:37:31,6.22,0.0,2,1244,卖盘
311,10:37:34,6.22,0.0,1,622,卖盘
312,10:37:40,6.22,0.0,8,4976,卖盘
313,10:37:49,6.23,0.01,18,11214,买盘
314,10:37:52,6.23,0.0,3,1869,卖盘
315,10:37:55,6.23,0.0,2,1246,卖盘
316,10:37:58,6.23,0.0,1,623,卖盘
317,10:38:12,6.23,0.0,4,2492,卖盘
318,10:38:28,6.23,0.0,23,14329,卖盘
319,10:39:10,6.23,0.0,2,1246,卖盘
320,10:39:13,6.23,0.0,1,623,卖盘
321,10:39:19,6.23,0.0,1,623,卖盘
322,10:39:28,6.23,0.0,1,623,卖盘
323,10:39:34,6.23,0.0,3,1869,卖盘
324,10:40:39,6.23,0.0,1,623,卖盘
325,10:40:52,6.23,0.0,183,114009,卖盘
326,10:41:54,6.23,0.0,24,14952,买盘
327,10:41:57,6.23,0.0,4,2492,卖盘
328,10:42:01,6.23,0.0,1,623,卖盘
329,10:42:16,6.23,0.0,2,1246,卖盘
330,10:42:55,6.23,0.0,2,1246,卖盘
331,10:42:57,6.23,0.0,1,623,卖盘
332,10:43:19,6.23,0.0,1,623,卖盘
333,10:43:22,6.23,0.0,1,623,卖盘
334,10:43:36,6.23,0.0,3,1869,卖盘
335,10:44:10,6.23,0.0,8,4984,卖盘
336,10:44:16,6.23,0.0,3,1869,卖盘
337,10:44:40,6.23,0.0,2,1246,卖盘
338,10:44:43,6.23,0.0,1,623,卖盘
339,10:44:52,6.23,0.0,9,5607,卖盘
340,10:44:58,6.23,0.0,3,1869,卖盘
341,10:45:01,6.23,0.0,94,58562,卖盘
342,10:45:04,6.23,0.0,23,14329,卖盘
343,10:45:07,6.22,-0.01,175,108924,卖盘
344,10:45:10,6.22,0.0,20,12440,卖盘
345,10:45:16,6.22,0.0,34,21148,卖盘
346,10:45:19,6.22,0.0,12,7464,卖盘
347,10:45:22,6.22,0.0,28,17416,卖盘
348,10:45:25,6.22,0.0,9,5822,卖盘
349,10:45:28,6.22,0.0,70,43540,卖盘
350,10:45:33,6.22,0.0,31,19282,卖盘
351,10:45:37,6.22,0.0,32,19904,卖盘
352,10:45:43,6.22,0.0,70,43316,卖盘
353,10:45:52,6.21,-0.01,4,2484,卖盘
354,10:46:07,6.21,0.0,9,5589,卖盘
355,10:46:19,6.21,0.0,4,2484,卖盘
356,10:46:28,6.21,0.0,1,621,卖盘
357,10:47:09,6.22,0.01,2,1244,买盘
358,10:47:24,6.21,-0.01,1,621,卖盘
359,10:47:34,6.21,0.0,1,621,卖盘
360,10:47:40,6.21,0.0,3,1863,卖盘
361,10:47:51,6.21,0.0,22,13662,卖盘
362,10:48:46,6.21,0.0,1,621,卖盘
363,10:48:54,6.21,0.0,2,1242,卖盘
364,10:49:00,6.21,0.0,3,1863,卖盘
365,10:49:31,6.21,0.0,10,6210,卖盘
366,10:49:55,6.2,-0.01,449,278639,卖盘
367,10:50:22,6.2,0.0,3,1860,卖盘
368,10:50:58,6.2,0.0,29,17980,卖盘
369,10:51:01,6.2,0.0,52,32048,卖盘
370,10:51:04,6.2,0.0,11,6820,卖盘
371,10:51:13,6.2,0.0,5,3100,卖盘
372,10:51:30,6.2,0.0,10,6200,卖盘
373,10:51:43,6.2,0.0,4,2480,卖盘
374,10:52:18,6.2,0.0,1,620,卖盘
375,10:52:43,6.2,0.0,10,6200,卖盘
376,10:53:04,6.21,0.01,1,621,买盘
377,10:53:07,6.2,-0.01,4,2481,卖盘
378,10:54:22,6.2,0.0,68,42160,卖盘
379,10:54:27,6.2,0.0,2,1240,卖盘
380,10:54:55,6.2,0.0,2,1240,卖盘
381,10:55:48,6.2,0.0,4,2480,卖盘
382,10:56:58,6.21,0.01,2,1242,买盘
383,10:57:10,6.21,0.0,5,3102,买盘
384,10:58:31,6.21,0.0,2,1242,卖盘
385,10:59:52,6.21,0.0,4,2484,卖盘
386,10:59:58,6.21,0.0,8,4968,卖盘
387,11:00:18,6.21,0.0,1,621,卖盘
388,11:00:52,6.21,0.0,2,1242,卖盘
389,11:00:55,6.21,0.0,2,1242,卖盘
390,11:00:58,6.2,-0.01,9,5586,卖盘
391,11:01:13,6.2,0.0,4,2480,卖盘
392,11:01:42,6.2,0.0,1,620,卖盘
393,11:01:46,6.2,0.0,1,620,卖盘
394,11:02:25,6.2,0.0,1,620,卖盘
395,11:02:33,6.21,0.01,18,11178,卖盘
396,11:02:37,6.21,0.0,1,621,卖盘
397,11:03:52,6.2,-0.01,1,620,卖盘
398,11:03:55,6.2,0.0,4,2480,卖盘
399,11:04:19,6.2,0.0,10,6200,卖盘
400,11:04:24,6.21,0.01,14,8694,买盘
401,11:04:34,6.21,0.0,4,2484,卖盘
402,11:04:51,6.21,0.0,1,621,卖盘
403,11:05:16,6.21,0.0,2,1242,卖盘
404,11:05:19,6.21,0.0,1,621,卖盘
405,11:06:37,6.21,0.0,4,2484,卖盘
406,11:06:42,6.22,0.01,5,3110,买盘
407,11:06:55,6.21,-0.01,2,1242,卖盘
408,11:07:01,6.22,0.01,3,1866,买盘
409,11:07:10,6.22,0.0,8,4976,卖盘
410,11:07:58,6.22,0.0,4,2488,卖盘
411,11:08:10,6.23,0.01,8,4984,买盘
412,11:08:16,6.23,0.0,12,7476,卖盘
413,11:09:13,6.23,0.0,11,6853,卖盘
414,11:09:19,6.23,0.0,4,2492,卖盘
415,11:10:40,6.23,0.0,4,2492,卖盘
416,11:10:43,6.23,0.0,1,623,卖盘
417,11:11:52,6.23,0.0,16,9968,卖盘
418,11:11:55,6.23,0.0,5,3115,卖盘
419,11:12:00,6.23,0.0,6,3738,卖盘
420,11:12:45,6.21,-0.02,1,621,卖盘
421,11:13:22,6.21,0.0,6,3726,卖盘
422,11:13:25,6.22,0.01,4,2485,买盘
423,11:13:46,6.22,0.0,8,4975,买盘
424,11:13:55,6.23,0.01,1,623,买盘
425,11:14:04,6.24,0.01,90,56160,买盘
426,11:14:07,6.24,0.0,1,624,卖盘
427,11:14:37,6.24,0.0,1,624,卖盘
428,11:14:43,6.24,0.0,5,3120,卖盘
429,11:14:46,6.24,0.0,3,1872,卖盘
430,11:15:25,6.23,-0.01,1,623,卖盘
431,11:15:43,6.24,0.01,1,624,买盘
432,11:15:45,6.24,0.0,1,624,卖盘
433,11:16:06,6.24,0.0,1,624,卖盘
434,11:16:31,6.24,0.0,20,12480,卖盘
435,11:16:37,6.24,0.0,1,624,卖盘
436,11:17:28,6.23,-0.01,3,1869,卖盘
437,11:17:34,6.23,0.0,2,1246,卖盘
438,11:18:09,6.23,0.0,6,3738,卖盘
439,11:18:45,6.23,0.0,1,623,卖盘
440,11:18:48,6.23,0.0,3,1869,卖盘
441,11:18:54,6.23,0.0,3,1869,卖盘
442,11:18:58,6.24,0.01,1,624,买盘
443,11:19:10,6.24,0.0,2,1248,买盘
444,11:20:09,6.23,-0.01,3,1869,卖盘
445,11:20:21,6.24,0.01,1,624,买盘
446,11:21:30,6.23,-0.01,4,2492,卖盘
447,11:21:40,6.23,0.0,2,1246,卖盘
448,11:21:43,6.24,0.01,1,624,买盘
449,11:22:30,6.23,-0.01,2,1246,卖盘
450,11:22:37,6.23,0.0,6,3738,卖盘
451,11:22:52,6.23,0.0,4,2492,卖盘
452,11:23:00,6.23,0.0,2,1246,卖盘
453,11:23:42,6.23,0.0,5,3115,卖盘
454,11:24:12,6.23,0.0,3,1869,卖盘
455,11:24:22,6.23,0.0,1,623,卖盘
456,11:25:07,6.23,0.0,15,9345,卖盘
457,11:25:16,6.23,0.0,1,623,卖盘
458,11:25:28,6.23,0.0,3,1869,卖盘
459,11:25:34,6.23,0.0,4,2492,卖盘
460,11:25:43,6.23,0.0,3,1869,卖盘
461,11:25:48,6.24,0.01,1,624,买盘
462,11:26:33,6.23,-0.01,22,13706,卖盘
463,11:26:37,6.23,0.0,8,4984,卖盘
464,11:26:43,6.23,0.0,3,1869,卖盘
465,11:26:54,6.23,0.0,5,3115,卖盘
466,11:27:04,6.23,0.0,2,1246,卖盘
467,11:27:07,6.23,0.0,31,19313,卖盘
468,11:27:10,6.23,0.0,26,16199,卖盘
469,11:27:18,6.23,0.0,1,623,卖盘
470,11:27:24,6.23,0.0,39,24297,卖盘
471,11:27:28,6.23,0.0,7,4361,卖盘
472,11:28:16,6.22,-0.01,3,1866,卖盘
473,11:28:25,6.22,0.0,10,6220,卖盘
474,11:28:52,6.22,0.0,3,1866,卖盘
475,11:28:58,6.23,0.01,1,623,买盘
476,11:29:16,6.22,-0.01,6,3956,卖盘
477,11:29:22,6.22,0.0,8,4977,卖盘
478,11:29:30,6.22,0.0,1,622,卖盘
479,11:29:37,6.22,0.0,2,1244,卖盘
480,11:29:42,6.22,0.0,1,622,卖盘
481,11:29:52,6.22,0.0,3,1866,卖盘
482,11:30:01,6.22,0.0,1,622,卖盘
483,11:30:04,6.22,0.0,2,1244,卖盘
484,13:00:07,6.22,0.0,1,622,卖盘
485,13:00:22,6.22,0.0,95,59090,卖盘
486,13:00:25,6.22,0.0,37,23014,卖盘
487,13:00:52,6.22,0.0,3,1866,卖盘
488,13:00:55,6.22,0.0,2,1244,卖盘
489,13:01:00,6.22,0.0,3,1866,卖盘
490,13:01:09,6.22,0.0,3,1866,卖盘
491,13:01:18,6.22,0.0,3,1866,卖盘
492,13:01:21,6.22,0.0,3,1866,卖盘
493,13:01:30,6.22,0.0,7,4354,卖盘
494,13:01:37,6.22,0.0,3,1866,卖盘
495,13:01:46,6.22,0.0,2,1244,卖盘
496,13:01:55,6.22,0.0,2,1244,卖盘
497,13:02:07,6.22,0.0,3,1866,卖盘
498,13:02:13,6.22,0.0,4,2488,卖盘
499,13:02:27,6.22,0.0,4,2488,卖盘
500,13:02:36,6.22,0.0,1,398,买盘
501,13:02:51,6.21,-0.01,4,2484,卖盘
502,13:03:22,6.21,0.0,4,2708,卖盘
503,13:04:12,6.21,0.0,3,1863,卖盘
504,13:04:48,6.21,0.0,1,621,卖盘
505,13:05:33,6.21,0.0,4,2484,卖盘
506,13:06:55,6.21,0.0,5,3105,卖盘
507,13:07:00,6.21,0.0,10,6210,卖盘
508,13:07:06,6.22,0.01,4,2488,买盘
509,13:07:16,6.22,0.0,30,18660,卖盘
510,13:08:16,6.21,-0.01,4,2484,卖盘
511,13:09:19,6.21,0.0,1,621,卖盘
512,13:09:36,6.21,0.0,3,1863,卖盘
513,13:09:49,6.21,0.0,5,3105,卖盘
514,13:09:57,6.21,0.0,9,5589,卖盘
515,13:10:07,6.21,0.0,1,621,卖盘
516,13:10:49,6.21,0.0,2,1242,卖盘
517,13:10:57,6.21,0.0,3,1863,卖盘
518,13:11:25,6.21,0.0,4,2484,卖盘
519,13:11:40,6.21,0.0,5,3105,卖盘
520,13:11:54,6.21,0.0,5,3105,卖盘
521,13:12:07,6.21,0.0,5,3105,卖盘
522,13:12:18,6.21,0.0,5,3105,卖盘
523,13:12:21,6.21,0.0,5,3105,卖盘
524,13:12:31,6.21,0.0,2,1242,卖盘
525,13:12:33,6.21,0.0,20,12420,卖盘
526,13:12:40,6.21,0.0,1,621,卖盘
527,13:12:46,6.21,0.0,2,1242,卖盘
528,13:12:55,6.21,0.0,5,3105,卖盘
529,13:13:09,6.21,0.0,1,621,卖盘
530,13:13:39,6.21,0.0,4,2484,卖盘
531,13:13:48,6.22,0.01,3,1866,买盘
532,13:15:01,6.21,-0.01,3,1863,卖盘
533,13:15:27,6.22,0.01,1,622,买盘
534,13:15:33,6.22,0.0,1,622,卖盘
535,13:16:22,6.21,-0.01,3,1863,卖盘
536,13:16:42,6.21,0.0,5,3105,卖盘
537,13:17:43,6.21,0.0,5,3106,卖盘
538,13:17:49,6.22,0.01,1,622,买盘
539,13:17:52,6.22,0.0,1,622,中性盘
540,13:18:13,6.22,0.0,1,622,买盘
541,13:19:04,6.21,-0.01,2,1242,卖盘
542,13:19:31,6.21,0.0,3,1863,卖盘
543,13:20:25,6.21,0.0,4,2484,卖盘
544,13:21:46,6.21,0.0,3,1863,卖盘
545,13:22:34,6.21,0.0,1,621,卖盘
546,13:23:06,6.21,0.0,5,3105,卖盘
547,13:23:33,6.21,0.0,1,621,卖盘
548,13:24:07,6.22,0.01,3,1866,买盘
549,13:24:31,6.21,-0.01,3,1863,卖盘
550,13:24:37,6.21,0.0,1,621,卖盘
551,13:24:55,6.21,0.0,2,1242,卖盘
552,13:25:01,6.21,0.0,1,621,卖盘
553,13:25:49,6.21,0.0,1,621,卖盘
554,13:25:52,6.21,0.0,3,1863,卖盘
555,13:26:01,6.22,0.01,5,3110,买盘
556,13:26:07,6.22,0.0,2,1244,卖盘
557,13:27:04,6.22,0.0,24,14928,卖盘
558,13:27:13,6.21,-0.01,1,621,卖盘
559,13:27:18,6.21,0.0,1,621,卖盘
560,13:28:33,6.21,0.0,5,3105,卖盘
561,13:28:54,6.21,0.0,1,621,卖盘
562,13:29:54,6.21,0.0,3,1863,卖盘
563,13:30:28,6.21,0.0,1,621,卖盘
564,13:30:39,6.21,0.0,101,62497,卖盘
565,13:30:55,6.2,-0.01,2,1240,卖盘
566,13:31:16,6.2,0.0,3,1860,卖盘
567,13:31:25,6.2,0.0,1,620,卖盘
568,13:32:09,6.2,0.0,87,53940,卖盘
569,13:32:31,6.2,0.0,2,1240,卖盘
570,13:32:37,6.2,0.0,4,2480,卖盘
571,13:33:07,6.2,0.0,1,620,卖盘
572,13:33:21,6.2,0.0,2,1240,卖盘
573,13:33:46,6.21,0.01,3,1863,买盘
574,13:33:52,6.21,0.0,7,4347,卖盘
575,13:33:55,6.2,-0.01,3,1860,卖盘
576,13:33:58,6.2,0.0,1,620,卖盘
577,13:34:01,6.2,0.0,11,6820,卖盘
578,13:34:07,6.2,0.0,3,1860,卖盘
579,13:34:19,6.2,0.0,1,620,卖盘
580,13:34:25,6.2,0.0,80,49600,卖盘
581,13:34:34,6.2,0.0,2,1240,卖盘
582,13:34:37,6.2,0.0,4,2480,卖盘
583,13:35:07,6.2,0.0,1,620,卖盘
584,13:35:16,6.2,0.0,1,620,卖盘
585,13:35:19,6.2,0.0,4,2480,卖盘
586,13:35:22,6.2,0.0,1,620,卖盘
587,13:35:25,6.2,0.0,1,620,卖盘
588,13:35:28,6.2,0.0,5,3100,卖盘
589,13:35:34,6.2,0.0,4,2480,卖盘
590,13:35:37,6.2,0.0,78,48552,卖盘
591,13:35:43,6.19,-0.01,1,619,卖盘
592,13:35:45,6.19,0.0,5,3095,卖盘
593,13:35:48,6.19,0.0,4,2476,卖盘
594,13:35:52,6.19,0.0,1,619,卖盘
595,13:35:58,6.19,0.0,6,3714,卖盘
596,13:36:01,6.19,0.0,3,1857,卖盘
597,13:36:04,6.19,0.0,4,2476,卖盘
598,13:36:07,6.19,0.0,11,6809,卖盘
599,13:36:09,6.19,0.0,5,3095,卖盘
600,13:36:19,6.19,0.0,10,6190,买盘
601,13:36:31,6.18,-0.01,1,618,卖盘
602,13:36:40,6.18,0.0,6,3708,卖盘
603,13:36:55,6.18,0.0,2,1236,卖盘
604,13:36:57,6.18,0.0,2,1236,卖盘
605,13:37:37,6.18,0.0,6,3708,卖盘
606,13:37:43,6.18,0.0,50,30900,卖盘
607,13:37:46,6.18,0.0,1,618,卖盘
608,13:37:51,6.18,0.0,2,1236,卖盘
609,13:37:55,6.18,0.0,1,618,卖盘
610,13:38:01,6.18,0.0,3,1854,卖盘
611,13:38:31,6.17,-0.01,492,303701,卖盘
612,13:38:33,6.18,0.01,32,19768,买盘
613,13:38:48,6.17,-0.01,1,617,买盘
614,13:39:13,6.18,0.01,1,618,买盘
615,13:39:22,6.16,-0.02,3,1848,卖盘
616,13:39:49,6.16,0.0,3,1848,卖盘
617,13:39:52,6.17,0.01,1,617,中性盘
618,13:39:58,6.17,0.0,1,617,卖盘
619,13:40:01,6.17,0.0,27,16679,卖盘
620,13:40:04,6.17,0.0,2,1234,卖盘
621,13:40:06,6.17,0.0,1,617,卖盘
622,13:40:10,6.17,0.0,1,617,卖盘
623,13:40:43,6.17,0.0,2,1234,卖盘
624,13:40:45,6.17,0.0,10,6170,卖盘
625,13:41:19,6.18,0.01,5,3090,买盘
626,13:41:22,6.18,0.0,10,6180,买盘
627,13:41:27,6.18,0.0,43,26574,买盘
628,13:41:58,6.19,0.01,1,619,买盘
629,13:42:04,6.18,-0.01,5,3090,卖盘
630,13:42:28,6.18,0.0,1,618,卖盘
631,13:42:34,6.18,0.0,50,30900,卖盘
632,13:42:55,6.18,0.0,1,618,卖盘
633,13:43:25,6.18,0.0,3,1854,卖盘
634,13:43:37,6.18,0.0,21,12978,卖盘
635,13:44:01,6.18,0.0,1,618,卖盘
636,13:44:46,6.18,0.0,1,618,卖盘
637,13:44:48,6.18,0.0,3,1854,卖盘
638,13:45:18,6.18,0.0,1,618,卖盘
639,13:45:27,6.18,0.0,1,618,卖盘
640,13:45:46,6.18,0.0,1,618,卖盘
641,13:45:52,6.17,-0.01,2,1235,卖盘
642,13:45:57,6.17,0.0,4,2468,卖盘
643,13:46:10,6.17,0.0,3,1851,卖盘
644,13:46:28,6.17,0.0,31,19127,卖盘
645,13:46:37,6.17,0.0,1,617,卖盘
646,13:47:13,6.17,0.0,3,1851,卖盘
647,13:47:16,6.17,0.0,1,617,卖盘
648,13:47:31,6.17,0.0,47,28999,卖盘
649,13:47:33,6.17,0.0,10,6170,买盘
650,13:47:43,6.16,-0.01,2,1232,卖盘
651,13:47:52,6.16,0.0,6,3696,卖盘
652,13:48:31,6.16,0.0,100,61600,卖盘
653,13:48:40,6.16,0.0,3,1848,卖盘
654,13:48:43,6.16,0.0,223,137368,卖盘
655,13:48:49,6.16,0.0,1,616,卖盘
656,13:48:52,6.16,0.0,3,1848,卖盘
657,13:48:55,6.16,0.0,80,49280,卖盘
658,13:49:01,6.17,0.01,50,30850,买盘
659,13:49:04,6.16,-0.01,2,1232,卖盘
660,13:49:10,6.16,0.0,2,1232,卖盘
661,13:49:45,6.16,0.0,108,66530,卖盘
662,13:50:07,6.15,-0.01,2,1230,卖盘
663,13:50:13,6.16,0.01,23,14165,买盘
664,13:50:15,6.15,-0.01,1,615,卖盘
665,13:51:09,6.16,0.01,73,44968,买盘
666,13:51:16,6.16,0.0,69,42504,买盘
667,13:51:22,6.16,0.0,4,2464,买盘
668,13:51:25,6.16,0.0,3,1848,买盘
669,13:51:28,6.16,0.0,2,1232,买盘
670,13:51:30,6.16,0.0,20,12320,买盘
671,13:51:33,6.15,-0.01,3,1846,卖盘
672,13:51:37,6.16,0.01,3,1848,买盘
673,13:51:43,6.16,0.0,1,616,卖盘
674,13:51:52,6.16,0.0,1,616,卖盘
675,13:51:57,6.17,0.01,1,617,买盘
676,13:52:10,6.16,-0.01,1,616,卖盘
677,13:52:42,6.16,0.0,1,616,卖盘
678,13:52:55,6.16,0.0,1,616,卖盘
679,13:53:10,6.16,0.0,1,616,卖盘
680,13:53:34,6.17,0.01,4,2468,买盘
681,13:53:37,6.17,0.0,1,617,卖盘
682,13:53:43,6.17,0.0,9,5553,卖盘
683,13:54:01,6.17,0.0,1,617,卖盘
684,13:54:07,6.17,0.0,1,617,卖盘
685,13:54:10,6.17,0.0,3,1851,卖盘
686,13:54:16,6.17,0.0,3,1851,卖盘
687,13:54:31,6.18,0.01,55,33990,买盘
688,13:54:54,6.17,-0.01,2,1234,卖盘
689,13:55:01,6.17,0.0,1,617,卖盘
690,13:55:07,6.17,0.0,1,617,卖盘
691,13:55:13,6.17,0.0,1,617,卖盘
692,13:55:16,6.17,0.0,51,31467,卖盘
693,13:55:22,6.17,0.0,1,617,卖盘
694,13:55:27,6.17,0.0,23,14191,卖盘
695,13:55:36,6.16,-0.01,1,616,卖盘
696,13:55:43,6.17,0.01,19,11723,买盘
697,13:55:52,6.17,0.0,1,617,卖盘
698,13:56:54,6.17,0.0,1,617,卖盘
699,13:56:57,6.17,0.0,2,1234,卖盘
700,13:57:28,6.18,0.01,46,28428,买盘
701,13:58:07,6.17,-0.01,1,617,卖盘
702,13:58:18,6.17,0.0,3,1851,卖盘
703,13:58:34,6.17,0.0,172,106124,卖盘
704,13:58:43,6.17,0.0,5,3085,卖盘
705,13:58:52,6.17,0.0,1,617,卖盘
706,13:59:00,6.17,0.0,2,1234,卖盘
707,13:59:07,6.17,0.0,9,5553,卖盘
708,13:59:40,6.17,0.0,3,1851,卖盘
709,14:00:10,6.17,0.0,1,617,卖盘
710,14:00:28,6.17,0.0,1,617,卖盘
711,14:00:46,6.17,0.0,1,617,卖盘
712,14:01:01,6.17,0.0,3,1851,卖盘
713,14:01:22,6.17,0.0,2,1234,卖盘
714,14:01:28,6.17,0.0,1,617,卖盘
715,14:01:37,6.17,0.0,1,617,卖盘
716,14:01:58,6.17,0.0,1,617,卖盘
717,14:02:04,6.17,0.0,2,1234,卖盘
718,14:02:07,6.17,0.0,1,617,卖盘
719,14:02:16,6.18,0.01,28,17304,买盘
720,14:02:22,6.17,-0.01,6,3702,卖盘
721,14:02:28,6.17,0.0,2,1234,卖盘
722,14:02:37,6.17,0.0,1,617,卖盘
723,14:02:40,6.17,0.0,2,1234,卖盘
724,14:03:01,6.16,-0.01,31,19125,卖盘
725,14:03:22,6.17,0.01,55,33935,买盘
726,14:03:28,6.16,-0.01,2,1232,卖盘
727,14:03:40,6.17,0.01,2,1234,买盘
728,14:03:42,6.16,-0.01,3,1849,卖盘
729,14:03:52,6.16,0.0,2,1232,卖盘
730,14:04:18,6.16,0.0,222,136772,卖盘
731,14:04:46,6.16,0.0,2,1232,卖盘
732,14:05:04,6.16,0.0,33,20328,卖盘
733,14:05:07,6.16,0.0,1,616,卖盘
734,14:05:13,6.16,0.0,2,1232,卖盘
735,14:05:16,6.16,0.0,1,616,卖盘
736,14:05:31,6.16,0.0,2,1232,卖盘
737,14:05:58,6.16,0.0,2,1232,卖盘
738,14:06:04,6.16,0.0,30,18480,卖盘
739,14:06:06,6.16,0.0,67,41272,卖盘
740,14:06:10,6.16,0.0,15,9240,卖盘
741,14:06:16,6.16,0.0,7,4312,卖盘
742,14:06:19,6.16,0.0,20,12320,卖盘
743,14:06:25,6.16,0.0,2,1232,卖盘
744,14:06:28,6.16,0.0,3,1848,卖盘
745,14:06:31,6.16,0.0,11,6776,卖盘
746,14:06:37,6.16,0.0,1,616,卖盘
747,14:06:40,6.16,0.0,1,616,卖盘
748,14:06:48,6.17,0.01,10,6170,买盘
749,14:06:55,6.16,-0.01,2,1232,卖盘
750,14:06:58,6.16,0.0,3,1848,卖盘
751,14:07:01,6.16,0.0,1,616,卖盘
752,14:07:07,6.15,-0.01,13,8007,卖盘
753,14:07:16,6.15,0.0,2,1230,卖盘
754,14:07:34,6.15,0.0,1,615,卖盘
755,14:07:40,6.15,0.0,181,111315,卖盘
756,14:07:49,6.14,-0.01,8,4912,卖盘
757,14:07:52,6.14,0.0,26,15964,卖盘
758,14:07:58,6.14,0.0,7,4298,卖盘
759,14:08:04,6.14,0.0,1,614,卖盘
760,14:08:07,6.14,0.0,4,2456,卖盘
761,14:08:13,6.15,0.01,15,9225,买盘
762,14:08:31,6.14,-0.01,4,2456,卖盘
763,14:08:34,6.15,0.01,10,6150,买盘
764,14:08:37,6.15,0.0,40,24600,买盘
765,14:08:40,6.14,-0.01,1,614,卖盘
766,14:08:43,6.14,0.0,20,12280,卖盘
767,14:08:45,6.14,0.0,2,1228,卖盘
768,14:08:55,6.15,0.01,11,6764,买盘
769,14:09:01,6.14,-0.01,2,1228,卖盘
770,14:09:04,6.15,0.01,2,1229,买盘
771,14:09:06,6.14,-0.01,20,12281,卖盘
772,14:09:10,6.14,0.0,3,1842,卖盘
773,14:09:16,6.14,0.0,139,85346,卖盘
774,14:09:24,6.13,-0.01,2,1226,卖盘
775,14:09:40,6.14,0.01,30,18420,买盘
776,14:09:46,6.13,-0.01,3,1840,卖盘
777,14:09:52,6.14,0.01,16,9824,买盘
778,14:09:55,6.14,0.0,16,9824,买盘
779,14:10:01,6.14,0.0,1,614,卖盘
780,14:10:07,6.14,0.0,1,614,卖盘
781,14:10:31,6.14,0.0,5,3070,卖盘
782,14:10:46,6.14,0.0,1,614,卖盘
783,14:11:21,6.14,0.0,75,46050,卖盘
784,14:11:37,6.15,0.01,34,20910,买盘
785,14:11:40,6.13,-0.02,6,3679,卖盘
786,14:11:52,6.13,0.0,4,2452,卖盘
787,14:12:04,6.14,0.01,6,3683,买盘
788,14:12:06,6.14,0.0,1,614,中性盘
789,14:12:19,6.14,0.0,2,1228,中性盘
790,14:12:55,6.14,0.0,2,1228,卖盘
791,14:13:01,6.14,0.0,3,1842,卖盘
792,14:13:13,6.14,0.0,3,1842,卖盘
793,14:13:22,6.14,0.0,2,1228,卖盘
794,14:13:46,6.14,0.0,6,3684,卖盘
795,14:13:51,6.14,0.0,2,1228,卖盘
796,14:14:01,6.14,0.0,1,614,卖盘
797,14:14:07,6.14,0.0,7,4298,卖盘
798,14:14:10,6.14,0.0,4,2456,卖盘
799,14:14:16,6.14,0.0,2,1228,卖盘
800,14:14:19,6.14,0.0,1,614,卖盘
801,14:14:22,6.14,0.0,15,9210,卖盘
802,14:14:43,6.14,0.0,2,1228,卖盘
803,14:14:55,6.14,0.0,6,3684,卖盘
804,14:14:58,6.14,0.0,2,1228,卖盘
805,14:15:01,6.14,0.0,1,614,卖盘
806,14:15:04,6.14,0.0,2,1228,卖盘
807,14:15:25,6.14,0.0,1,614,卖盘
808,14:15:31,6.14,0.0,2,1228,卖盘
809,14:15:34,6.13,-0.01,47,28849,卖盘
810,14:15:40,6.14,0.01,12,7368,买盘
811,14:15:49,6.14,0.0,2,1228,卖盘
812,14:15:55,6.14,0.0,1,614,卖盘
813,14:15:58,6.14,0.0,2,1228,卖盘
814,14:16:10,6.15,0.01,2,1230,买盘
815,14:16:22,6.14,-0.01,2,1228,卖盘
816,14:16:52,6.14,0.0,2,1228,卖盘
817,14:17:01,6.14,0.0,46,28244,卖盘
818,14:17:06,6.14,0.0,1,614,卖盘
819,14:17:13,6.14,0.0,2,1228,卖盘
820,14:17:16,6.14,0.0,3,1842,卖盘
821,14:17:19,6.14,0.0,75,46050,卖盘
822,14:17:22,6.13,-0.01,36,22103,卖盘
823,14:17:31,6.13,0.0,23,14099,卖盘
824,14:17:40,6.13,0.0,101,61913,卖盘
825,14:17:43,6.13,0.0,2,1226,卖盘
826,14:17:52,6.13,0.0,3,1839,卖盘
827,14:18:07,6.13,0.0,2,1226,卖盘
828,14:18:34,6.13,0.0,2,1226,卖盘
829,14:18:37,6.13,0.0,3,1839,卖盘
830,14:18:40,6.13,0.0,7,4291,卖盘
831,14:18:46,6.13,0.0,1,613,卖盘
832,14:18:48,6.14,0.01,1,614,买盘
833,14:18:55,6.13,-0.01,2,1226,卖盘
834,14:18:58,6.13,0.0,2,1226,卖盘
835,14:19:15,6.13,0.0,1,613,卖盘
836,14:19:22,6.13,0.0,2,1226,卖盘
837,14:19:46,6.13,0.0,3,1839,卖盘
838,14:20:07,6.13,0.0,1,613,卖盘
839,14:20:10,6.13,0.0,2,1226,卖盘
840,14:20:16,6.13,0.0,1,613,卖盘
841,14:20:19,6.13,0.0,2,1226,卖盘
842,14:20:43,6.14,0.01,22,13508,买盘
843,14:20:46,6.13,-0.01,2,1226,卖盘
844,14:20:58,6.13,0.0,50,30650,卖盘
845,14:21:07,6.13,0.0,2,1226,卖盘
846,14:21:18,6.13,0.0,2,1226,卖盘
847,14:21:28,6.13,0.0,2,1226,卖盘
848,14:21:54,6.13,0.0,2,1226,卖盘
849,14:22:25,6.13,0.0,2,1226,卖盘
850,14:22:28,6.13,0.0,40,24520,卖盘
851,14:22:34,6.13,0.0,34,20842,卖盘
852,14:22:40,6.13,0.0,18,11034,卖盘
853,14:22:49,6.12,-0.01,2,1224,卖盘
854,14:22:58,6.13,0.01,5,3065,买盘
855,14:23:10,6.12,-0.01,2,1224,卖盘
856,14:23:13,6.13,0.01,23,14099,买盘
857,14:23:24,6.12,-0.01,55,33710,卖盘
858,14:23:34,6.13,0.01,1,613,买盘
859,14:23:37,6.13,0.0,17,10419,买盘
860,14:23:40,6.12,-0.01,37,22680,卖盘
861,14:24:01,6.12,0.0,2,1224,卖盘
862,14:24:19,6.13,0.01,1,613,买盘
863,14:24:24,6.13,0.0,1,613,买盘
864,14:24:52,6.13,0.0,1,613,卖盘
865,14:24:55,6.13,0.0,2,1226,卖盘
866,14:25:21,6.13,0.0,3,1839,卖盘
867,14:25:31,6.13,0.0,100,61300,卖盘
868,14:26:13,6.14,0.01,200,122800,买盘
869,14:26:16,6.14,0.0,8,4912,买盘
870,14:26:18,6.14,0.0,90,55260,买盘
871,14:26:21,6.14,0.0,2,1228,卖盘
872,14:26:31,6.14,0.0,1,614,买盘
873,14:26:43,6.13,-0.01,3,1839,卖盘
874,14:26:46,6.14,0.01,1,614,买盘
875,14:26:49,6.14,0.0,3,1842,卖盘
876,14:27:19,6.14,0.0,1,614,卖盘
877,14:27:28,6.15,0.01,50,30750,买盘
878,14:27:48,6.14,-0.01,1,614,卖盘
879,14:28:04,6.14,0.0,1,614,卖盘
880,14:28:07,6.14,0.0,8,4912,卖盘
881,14:28:31,6.14,0.0,27,16578,买盘
882,14:28:40,6.14,0.0,1,614,买盘
883,14:28:42,6.14,0.0,37,22718,买盘
884,14:28:46,6.14,0.0,4,2456,卖盘
885,14:29:01,6.14,0.0,1,614,卖盘
886,14:29:06,6.14,0.0,12,7368,卖盘
887,14:29:25,6.14,0.0,3,2217,卖盘
888,14:29:34,6.14,0.0,2,1228,卖盘
889,14:29:40,6.15,0.01,22,13518,买盘
890,14:29:58,6.14,-0.01,2,1228,卖盘
891,14:30:12,6.14,0.0,2,1228,卖盘
892,14:30:21,6.14,0.0,12,7368,卖盘
893,14:30:31,6.14,0.0,34,20876,卖盘
894,14:30:52,6.14,0.0,2,1228,卖盘
895,14:30:55,6.14,0.0,2,1228,卖盘
896,14:31:19,6.14,0.0,2,1228,卖盘
897,14:31:43,6.14,0.0,2,1228,卖盘
898,14:31:49,6.14,0.0,29,17806,卖盘
899,14:31:58,6.14,0.0,1,614,卖盘
900,14:32:06,6.14,0.0,2,1228,卖盘
901,14:32:34,6.14,0.0,2,1228,卖盘
902,14:32:58,6.14,0.0,2,1228,卖盘
903,14:33:15,6.14,0.0,1,614,卖盘
904,14:33:19,6.15,0.01,1,615,买盘
905,14:33:22,6.14,-0.01,2,1228,卖盘
906,14:33:48,6.14,0.0,2,1228,卖盘
907,14:34:04,6.14,0.0,20,12280,卖盘
908,14:34:07,6.14,0.0,3,1842,卖盘
909,14:34:12,6.14,0.0,2,1228,卖盘
910,14:34:25,6.14,0.0,20,12280,卖盘
911,14:34:37,6.14,0.0,2,1228,卖盘
912,14:34:43,6.15,0.01,10,6150,买盘
913,14:35:01,6.14,-0.01,8,4912,卖盘
914,14:35:04,6.14,0.0,3,1842,卖盘
915,14:35:07,6.14,0.0,2,1228,卖盘
916,14:35:33,6.14,0.0,2,1228,卖盘
917,14:35:40,6.14,0.0,25,15350,卖盘
918,14:35:43,6.14,0.0,48,29472,卖盘
919,14:35:46,6.14,0.0,17,10438,卖盘
920,14:35:49,6.14,0.0,12,7368,卖盘
921,14:35:52,6.14,0.0,29,17806,卖盘
922,14:35:58,6.14,0.0,7,4298,卖盘
923,14:36:22,6.14,0.0,2,1228,卖盘
924,14:36:48,6.14,0.0,2,1228,卖盘
925,14:36:52,6.14,0.0,3,1842,卖盘
926,14:36:54,6.14,0.0,2,1228,卖盘
927,14:37:13,6.14,0.0,2,1228,卖盘
928,14:37:37,6.14,0.0,2,1228,卖盘
929,14:38:04,6.14,0.0,2,1228,卖盘
930,14:38:09,6.14,0.0,9,5526,卖盘
931,14:38:34,6.14,0.0,3,1842,卖盘
932,14:38:40,6.14,0.0,2,1228,卖盘
933,14:38:46,6.14,0.0,2,1228,卖盘
934,14:38:52,6.14,0.0,2,1228,卖盘
935,14:38:55,6.14,0.0,1,614,卖盘
936,14:39:01,6.14,0.0,2,1228,卖盘
937,14:39:04,6.14,0.0,66,40149,卖盘
938,14:39:13,6.13,-0.01,2,1226,卖盘
939,14:39:19,6.13,0.0,2,1226,卖盘
940,14:39:34,6.13,0.0,20,12260,卖盘
941,14:39:37,6.13,0.0,5,3065,卖盘
942,14:39:40,6.13,0.0,2,1226,卖盘
943,14:39:43,6.13,0.0,2,1226,卖盘
944,14:39:52,6.13,0.0,100,61300,卖盘
945,14:39:58,6.13,0.0,3,1839,卖盘
946,14:40:07,6.13,0.0,100,61300,卖盘
947,14:40:13,6.13,0.0,1,613,卖盘
948,14:40:16,6.13,0.0,3,1839,卖盘
949,14:40:28,6.13,0.0,4,2452,卖盘
950,14:40:37,6.13,0.0,1,613,卖盘
951,14:41:25,6.13,0.0,7,4291,卖盘
952,14:41:55,6.13,0.0,43,26359,卖盘
953,14:42:10,6.13,0.0,1,613,卖盘
954,14:42:16,6.13,0.0,30,18390,卖盘
955,14:42:55,6.12,-0.01,2,1224,卖盘
956,14:43:10,6.13,0.01,10,6130,买盘
957,14:43:13,6.13,0.0,4,2452,买盘
958,14:43:16,6.13,0.0,50,30650,卖盘
959,14:43:19,6.13,0.0,2,1226,卖盘
960,14:43:28,6.13,0.0,1,613,卖盘
961,14:43:52,6.13,0.0,32,19616,卖盘
962,14:44:04,6.13,0.0,4,2452,卖盘
963,14:45:01,6.12,-0.01,104,63702,卖盘
964,14:45:10,6.14,0.02,10,6140,买盘
965,14:45:46,6.12,-0.02,4,2448,卖盘
966,14:46:54,6.12,0.0,124,75888,卖盘
967,14:47:04,6.12,0.0,1,612,卖盘
968,14:47:33,6.12,0.0,166,101794,卖盘
969,14:47:46,6.12,0.0,31,18972,卖盘
970,14:47:55,6.15,0.03,105,64545,买盘
971,14:48:22,6.14,-0.01,3,1842,买盘
972,14:48:31,6.14,0.0,3,1842,买盘
973,14:48:52,6.14,0.0,187,114818,买盘
974,14:49:04,6.13,-0.01,1,613,买盘
975,14:49:25,6.13,0.0,1,613,卖盘
976,14:50:19,6.13,0.0,5,3065,卖盘
977,14:50:37,6.12,-0.01,50,30600,卖盘
978,14:50:49,6.13,0.01,35,21455,买盘
979,14:50:52,6.12,-0.01,7,4284,卖盘
980,14:51:04,6.12,0.0,16,9792,卖盘
981,14:51:10,6.13,0.01,1,613,买盘
982,14:51:13,6.15,0.02,269,165435,买盘
983,14:53:13,6.12,-0.01,10,6121,买盘
984,14:53:37,6.12,0.0,3,1836,卖盘
985,14:53:55,6.13,0.01,11,6743,买盘
986,14:54:07,6.14,0.01,3,1842,买盘
987,14:54:10,6.14,0.0,10,6140,中性盘
988,14:54:16,6.15,0.01,44,27060,买盘
989,14:54:49,6.15,0.0,1,615,卖盘
990,14:55:22,6.15,0.0,20,12300,买盘
991,14:55:46,6.15,0.0,90,55207,买盘
992,14:56:07,6.15,0.0,99,60885,买盘
993,14:56:28,6.13,-0.02,3,1839,卖盘
994,14:56:37,6.13,0.0,4,2452,卖盘
995,15:00:04,6.15,0.02,17,10640,卖盘
