,time,price,change,volume,amount,type
0,09:25:04,2.72,-0.05,1072,291584,卖盘
1,09:30:04,2.73,0.01,488,133253,卖盘
2,09:30:07,2.74,0.01,14,3836,买盘
3,09:30:09,2.74,0.0,9,2466,买盘
4,09:30:12,2.74,0.0,2,548,买盘
5,09:30:16,2.74,0.0,3,822,买盘
6,09:30:18,2.74,0.0,24,6576,买盘
7,09:30:22,2.75,0.01,24,6577,买盘
8,09:30:25,2.75,0.0,2,550,买盘
9,09:30:34,2.75,0.0,1,275,买盘
10,09:30:37,2.74,-0.01,4,1096,卖盘
11,09:30:40,2.75,0.01,1,275,买盘
12,09:30:46,2.75,0.0,1,275,买盘
13,09:30:49,2.74,-0.01,41,11234,卖盘
14,09:30:52,2.74,0.0,1,274,买盘
15,09:30:55,2.74,0.0,1,274,买盘
16,09:30:58,2.74,0.0,1,274,买盘
17,09:31:04,2.73,-0.01,6,1639,卖盘
18,09:31:06,2.73,0.0,257,70161,卖盘
19,09:31:10,2.76,0.03,723,199297,买盘
20,09:31:24,2.76,0.0,1,276,买盘
21,09:31:28,2.74,-0.02,64,17536,卖盘
22,09:31:31,2.75,0.01,1,275,卖盘
23,09:31:34,2.76,0.01,3,827,买盘
24,09:31:40,2.75,-0.01,1,275,买盘
25,09:31:51,2.75,0.0,2,550,买盘
26,09:31:58,2.75,0.0,1,275,买盘
27,09:32:04,2.75,0.0,1,275,买盘
28,09:32:06,2.75,0.0,1,275,买盘
29,09:32:09,2.75,0.0,1,275,买盘
30,09:32:13,2.75,0.0,1,275,买盘
31,09:32:16,2.74,-0.01,123,33703,卖盘
32,09:32:19,2.75,0.01,2,550,买盘
33,09:32:22,2.75,0.0,168,46200,买盘
34,09:32:25,2.75,0.0,1,275,买盘
35,09:32:27,2.75,0.0,1,275,买盘
36,09:32:31,2.75,0.0,1,275,买盘
37,09:32:33,2.74,-0.01,57,15619,卖盘
38,09:32:37,2.74,0.0,105,28772,卖盘
39,09:32:40,2.75,0.01,2,550,买盘
40,09:32:43,2.75,0.0,1,275,买盘
41,09:32:46,2.75,0.0,2,550,买盘
42,09:32:49,2.75,0.0,1,275,买盘
43,09:32:51,2.75,0.0,1,275,买盘
44,09:32:55,2.75,0.0,1,275,买盘
45,09:32:58,2.75,0.0,1,275,买盘
46,09:33:01,2.75,0.0,2,550,买盘
47,09:33:04,2.75,0.0,2,550,买盘
48,09:33:07,2.75,0.0,1,275,买盘
49,09:33:09,2.75,0.0,1,275,买盘
50,09:33:12,2.75,0.0,1,275,买盘
51,09:33:16,2.75,0.0,2,550,买盘
52,09:33:19,2.75,0.0,9,2475,买盘
53,09:33:22,2.75,0.0,11,3025,买盘
54,09:33:25,2.75,0.0,1,275,买盘
55,09:33:28,2.75,0.0,2,550,买盘
56,09:33:31,2.75,0.0,1,275,买盘
57,09:33:34,2.74,-0.01,29,7947,卖盘
58,09:33:36,2.75,0.01,2,550,买盘
59,09:33:39,2.75,0.0,2,550,买盘
60,09:33:43,2.75,0.0,1,275,买盘
61,09:33:46,2.74,-0.01,89,24387,卖盘
62,09:33:49,2.75,0.01,2,550,买盘
63,09:33:52,2.75,0.0,1,275,买盘
64,09:33:55,2.75,0.0,1,275,买盘
65,09:33:58,2.75,0.0,2,550,买盘
66,09:34:01,2.75,0.0,1,275,买盘
67,09:34:04,2.75,0.0,1,275,买盘
68,09:34:07,2.74,-0.01,7,1919,卖盘
69,09:34:10,2.75,0.01,1,275,买盘
70,09:34:13,2.75,0.0,3,825,买盘
71,09:34:16,2.76,0.01,3501,965835,买盘
72,09:34:19,2.74,-0.02,18,4933,卖盘
73,09:34:22,2.75,0.01,3006,834871,卖盘
74,09:34:25,2.79,0.04,2,557,买盘
75,09:34:49,2.79,0.0,1000,278450,买盘
76,09:34:55,2.79,0.0,2,558,买盘
77,09:35:01,2.79,0.0,30,8370,买盘
78,09:35:04,2.78,-0.01,1,278,卖盘
79,09:35:06,2.78,0.0,14,3892,卖盘
80,09:35:10,2.77,-0.01,109,30372,卖盘
81,09:35:13,2.78,0.01,2,556,买盘
82,09:35:18,2.78,0.0,3,834,买盘
83,09:35:22,2.77,-0.01,1,277,卖盘
84,09:35:25,2.77,0.0,6,1662,卖盘
85,09:35:28,2.77,0.0,37,10249,卖盘
86,09:35:31,2.77,0.0,16,4432,买盘
87,09:35:34,2.77,0.0,71,19667,买盘
88,09:35:36,2.77,0.0,1,277,买盘
89,09:35:40,2.8,0.03,3071,856006,买盘
90,09:35:55,2.82,0.02,2000,561822,买盘
91,09:36:06,2.79,-0.03,74,20646,买盘
92,09:36:13,2.8,0.01,85,23800,买盘
93,09:36:16,2.81,0.01,63,17618,买盘
94,09:36:19,2.8,-0.01,206,57779,买盘
95,09:36:22,2.8,0.0,41,11480,买盘
96,09:36:25,2.79,-0.01,11,3070,卖盘
97,09:36:27,2.79,0.0,315,88043,卖盘
98,09:36:31,2.79,0.0,2356,660331,卖盘
99,09:36:34,2.79,0.0,149,41571,买盘
100,09:36:36,2.79,0.0,2,558,买盘
101,09:36:39,2.79,0.0,1,279,买盘
102,09:36:43,2.79,0.0,73,20367,买盘
103,09:36:46,2.79,0.0,57,15903,买盘
104,09:36:49,2.79,0.0,181,50499,买盘
105,09:36:52,2.79,0.0,134,37386,买盘
106,09:36:54,2.8,0.01,1,280,买盘
107,09:36:58,2.8,0.0,1,280,买盘
108,09:37:01,2.8,0.0,1,280,买盘
109,09:37:04,2.81,0.01,1180,331791,买盘
110,09:37:07,2.8,-0.01,85,23800,中性盘
111,09:37:10,2.81,0.01,14,3934,买盘
112,09:37:12,2.81,0.0,33,9273,卖盘
113,09:37:19,2.81,0.0,2,562,买盘
114,09:37:22,2.81,0.0,610,171409,买盘
115,09:37:24,2.81,0.0,409,114900,买盘
116,09:37:27,2.81,0.0,44,12364,买盘
117,09:37:31,2.8,-0.01,100,28000,卖盘
118,09:37:34,2.8,0.0,22,6160,卖盘
119,09:37:37,2.8,0.0,49,13720,卖盘
120,09:37:39,2.81,0.01,183,51242,买盘
121,09:37:43,2.8,-0.01,240,67200,卖盘
122,09:37:46,2.8,0.0,242,67636,卖盘
123,09:37:49,2.8,0.0,290,81190,买盘
124,09:37:52,2.81,0.01,200,56112,买盘
125,09:38:07,2.82,0.01,2000,562134,买盘
126,09:38:09,2.8,-0.02,2,560,中性盘
127,09:38:25,2.8,0.0,2007,565873,卖盘
128,09:38:28,2.81,0.01,3,843,买盘
129,09:38:31,2.8,-0.01,10,2800,卖盘
130,09:38:39,2.8,0.0,50,14000,卖盘
131,09:38:42,2.8,0.0,1,280,卖盘
132,09:38:46,2.81,0.01,31,8710,买盘
133,09:38:49,2.81,0.0,359,100857,买盘
134,09:38:52,2.83,0.02,2790,788969,买盘
135,09:38:55,2.83,0.0,128,36224,卖盘
136,09:38:58,2.83,0.0,90,25450,卖盘
137,09:39:00,2.81,-0.02,203,57079,卖盘
138,09:39:05,2.81,0.0,1,281,卖盘
139,09:39:06,2.82,0.01,23,6487,中性盘
140,09:39:10,2.81,-0.01,7,1967,卖盘
141,09:39:13,2.83,0.02,101,28525,买盘
142,09:39:16,2.82,-0.01,10,2820,中性盘
143,09:39:19,2.82,0.0,82,23063,买盘
144,09:39:22,2.81,-0.01,147,41595,卖盘
145,09:39:27,2.81,0.0,12,3372,卖盘
146,09:39:34,2.81,0.0,34,9554,卖盘
147,09:39:37,2.81,0.0,6,1686,买盘
148,09:39:40,2.81,0.0,795,223395,买盘
149,09:39:46,2.81,0.0,8,2248,卖盘
150,09:39:49,2.81,0.0,15,4215,买盘
151,09:39:52,2.81,0.0,16,4496,买盘
152,09:39:55,2.81,0.0,4,1124,买盘
153,09:39:58,2.81,0.0,10,2810,买盘
154,09:40:01,2.82,0.01,20,5640,买盘
155,09:40:04,2.81,-0.01,10,2810,买盘
156,09:40:07,2.81,0.0,335,94468,卖盘
157,09:40:12,2.81,0.0,5,1405,买盘
158,09:40:18,2.81,0.0,145,40745,买盘
159,09:40:22,2.81,0.0,115,32315,卖盘
160,09:40:25,2.81,0.0,30,8430,卖盘
161,09:40:28,2.81,0.0,370,104275,卖盘
162,09:40:31,2.82,0.01,24,6768,买盘
163,09:40:40,2.82,0.0,76,21432,买盘
164,09:40:46,2.81,-0.01,4,1124,卖盘
165,09:40:49,2.82,0.01,35,9870,买盘
166,09:40:58,2.81,-0.01,5084,1438857,卖盘
167,09:41:01,2.82,0.01,100,28200,卖盘
168,09:41:03,2.82,0.0,30,8460,卖盘
169,09:41:07,2.82,0.0,40,11280,卖盘
170,09:41:10,2.82,0.0,88,24816,买盘
171,09:41:13,2.82,0.0,100,28200,卖盘
172,09:41:15,2.82,0.0,5,1410,卖盘
173,09:41:19,2.87,0.05,5210,1487289,买盘
174,09:41:22,2.87,0.0,311,89257,卖盘
175,09:41:25,2.87,0.0,341,97867,卖盘
176,09:41:28,2.88,0.01,407,117056,买盘
177,09:41:31,2.87,-0.01,46,13182,卖盘
178,09:41:37,2.87,0.0,65,18655,买盘
179,09:41:43,2.86,-0.01,15,4290,买盘
180,09:41:45,2.86,0.0,507,145002,买盘
181,09:41:49,2.87,0.01,69,19744,买盘
182,09:41:51,2.85,-0.02,3393,973538,卖盘
183,09:41:55,2.86,0.01,97,27742,买盘
184,09:41:58,2.85,-0.01,36,10290,卖盘
185,09:42:01,2.86,0.01,29,8293,买盘
186,09:42:04,2.86,0.0,121,34595,买盘
187,09:42:07,2.86,0.0,841,239786,买盘
188,09:42:10,2.85,-0.01,56,16010,卖盘
189,09:42:13,2.86,0.01,283,80815,买盘
190,09:42:16,2.86,0.0,32,9152,买盘
191,09:42:19,2.87,0.01,1189,340058,买盘
192,09:42:21,2.86,-0.01,215,61595,卖盘
193,09:42:25,2.85,-0.01,277,79209,卖盘
194,09:42:27,2.85,0.0,187,53462,卖盘
195,09:42:31,2.86,0.01,30,8580,买盘
196,09:42:34,2.86,0.0,149,42614,买盘
197,09:42:37,2.86,0.0,123,35179,卖盘
198,09:42:39,2.86,0.0,68,19448,卖盘
199,09:42:43,2.86,0.0,356,101847,卖盘
200,09:42:46,2.86,0.0,268,76451,买盘
201,09:42:52,2.86,0.0,76,21670,买盘
202,09:42:55,2.85,-0.01,226,64581,卖盘
203,09:42:58,2.85,0.0,94,26864,卖盘
204,09:43:01,2.85,0.0,163,46488,卖盘
205,09:43:04,2.85,0.0,48,13680,买盘
206,09:43:06,2.85,0.0,77,21935,买盘
207,09:43:09,2.85,0.0,31,8835,买盘
208,09:43:12,2.84,-0.01,5,1420,卖盘
209,09:43:16,2.84,0.0,2015,575142,卖盘
210,09:43:19,2.85,0.01,75,21375,中性盘
211,09:43:21,2.85,0.0,2524,723061,卖盘
212,09:43:25,2.87,0.02,1984,568496,买盘
213,09:43:27,2.85,-0.02,11,3125,中性盘
214,09:43:31,2.85,0.0,86,24510,买盘
215,09:43:34,2.86,0.01,16,4563,买盘
216,09:43:37,2.87,0.01,237,68002,买盘
217,09:43:40,2.87,0.0,677,194299,卖盘
218,09:43:43,2.87,0.0,1806,520005,卖盘
219,09:43:46,2.85,-0.02,44,12541,卖盘
220,09:43:48,2.87,0.02,174,49934,买盘
221,09:43:51,2.87,0.0,90,25828,买盘
222,09:43:58,2.87,0.0,65,18630,买盘
223,09:44:01,2.86,-0.01,275,78905,卖盘
224,09:44:04,2.87,0.01,27,7749,买盘
225,09:44:07,2.86,-0.01,130,37203,卖盘
226,09:44:09,2.87,0.01,258,74038,买盘
227,09:44:12,2.87,0.0,6,1717,买盘
228,09:44:15,2.87,0.0,431,123294,买盘
229,09:44:19,2.87,0.0,2016,576786,买盘
230,09:44:21,2.87,0.0,614,176218,买盘
231,09:44:25,2.87,0.0,284,81508,买盘
232,09:44:28,2.86,-0.01,161,46097,卖盘
233,09:44:31,2.86,0.0,140,40040,买盘
234,09:44:37,2.86,0.0,122,34892,买盘
235,09:44:40,2.86,0.0,10,2860,买盘
236,09:44:43,2.86,0.0,290,83042,买盘
237,09:44:45,2.86,0.0,43,12298,卖盘
238,09:44:49,2.86,0.0,3,858,卖盘
239,09:44:52,2.86,0.0,75,21450,卖盘
240,09:44:55,2.86,0.0,17,4862,卖盘
241,09:44:57,2.86,0.0,169,48343,卖盘
242,09:45:00,2.86,0.0,110,31461,卖盘
243,09:45:04,2.87,0.01,119,34039,买盘
244,09:45:10,2.87,0.0,338,96928,买盘
245,09:45:13,2.87,0.0,126,36072,买盘
246,09:45:16,2.87,0.0,11,3157,买盘
247,09:45:19,2.86,-0.01,83,23738,卖盘
248,09:45:22,2.86,0.0,165,47205,卖盘
249,09:45:25,2.87,0.01,51,14637,买盘
250,09:45:27,2.87,0.0,147,42139,买盘
251,09:45:30,2.86,-0.01,375,107250,买盘
252,09:45:33,2.86,0.0,56,16016,买盘
253,09:45:37,2.85,-0.01,213,61004,卖盘
254,09:45:49,2.86,0.01,10,2860,买盘
255,09:45:52,2.86,0.0,362,103282,买盘
256,09:45:55,2.85,-0.01,30,8550,卖盘
257,09:45:58,2.85,0.0,305,86925,卖盘
258,09:46:01,2.85,0.0,38,10830,卖盘
259,09:46:04,2.85,0.0,586,167010,卖盘
260,09:46:07,2.85,0.0,469,133665,卖盘
261,09:46:09,2.85,0.0,374,106590,卖盘
262,09:46:16,2.84,-0.01,62,17665,卖盘
263,09:46:25,2.85,0.01,257,72999,买盘
264,09:46:27,2.85,0.0,33,9381,买盘
265,09:46:30,2.85,0.0,642,182634,买盘
266,09:46:33,2.85,0.0,28,7980,买盘
267,09:46:37,2.84,-0.01,1727,490468,卖盘
268,09:46:43,2.84,0.0,24,6816,卖盘
269,09:46:49,2.84,0.0,115,32665,卖盘
270,09:46:51,2.84,0.0,120,34080,卖盘
271,09:47:04,2.84,0.0,182,51688,买盘
272,09:47:07,2.84,0.0,10,2840,买盘
273,09:47:10,2.84,0.0,180,51120,买盘
274,09:47:12,2.84,0.0,3,852,买盘
275,09:47:15,2.85,0.01,194,55298,买盘
276,09:47:19,2.83,-0.02,218,61762,卖盘
277,09:47:30,2.83,0.0,218,61694,卖盘
278,09:47:33,2.83,0.0,40,11320,卖盘
279,09:47:49,2.84,0.01,70,19830,买盘
280,09:47:57,2.84,0.0,10,2840,买盘
281,09:48:04,2.83,-0.01,204,57795,卖盘
282,09:48:06,2.84,0.01,50,14200,买盘
283,09:48:10,2.83,-0.01,310,87730,卖盘
284,09:48:13,2.83,0.0,127,35948,卖盘
285,09:48:19,2.84,0.01,66,18738,买盘
286,09:48:22,2.83,-0.01,15,4255,卖盘
287,09:48:28,2.84,0.01,14,3976,买盘
288,09:48:30,2.84,0.0,74,21016,买盘
289,09:48:34,2.83,-0.01,121,34244,卖盘
290,09:48:37,2.84,0.01,5,1420,买盘
291,09:48:49,2.84,0.0,100,28400,买盘
292,09:48:52,2.84,0.0,100,28400,买盘
293,09:48:55,2.84,0.0,1,284,买盘
294,09:48:57,2.84,0.0,9,2556,买盘
295,09:49:00,2.84,0.0,60,17040,买盘
296,09:49:06,2.84,0.0,36,10198,买盘
297,09:49:13,2.84,0.0,5,1420,买盘
298,09:49:15,2.84,0.0,7,1988,买盘
299,09:49:19,2.84,0.0,5,1420,买盘
300,09:49:28,2.83,-0.01,180,50940,卖盘
301,09:49:31,2.84,0.01,299,84916,买盘
302,09:49:33,2.83,-0.01,5,1416,卖盘
303,09:49:37,2.84,0.01,50,14200,中性盘
304,09:49:40,2.84,0.0,7,1988,卖盘
305,09:49:43,2.84,0.0,2,568,买盘
306,09:49:52,2.84,0.0,535,151940,买盘
307,09:49:55,2.84,0.0,5,1420,买盘
308,09:49:57,2.84,0.0,4,1136,买盘
309,09:50:03,2.84,0.0,88,24992,买盘
310,09:50:06,2.84,0.0,37,10508,买盘
311,09:50:09,2.84,0.0,265,75260,买盘
312,09:50:13,2.84,0.0,87,24708,买盘
313,09:50:16,2.84,0.0,19,5396,买盘
314,09:50:19,2.83,-0.01,50,14173,卖盘
315,09:50:22,2.84,0.01,21,5964,中性盘
316,09:50:28,2.84,0.0,5,1420,卖盘
317,09:50:34,2.84,0.0,334,94856,卖盘
318,09:50:46,2.84,0.0,231,65604,买盘
319,09:50:49,2.84,0.0,98,27832,买盘
320,09:50:55,2.84,0.0,20,5680,买盘
321,09:51:01,2.83,-0.01,10,2830,卖盘
322,09:51:18,2.83,0.0,300,84900,卖盘
323,09:51:25,2.84,0.01,700,198800,买盘
324,09:51:37,2.83,-0.01,135,38205,卖盘
325,09:51:49,2.84,0.01,1,284,买盘
326,09:51:52,2.84,0.0,78,22152,买盘
327,09:51:54,2.83,-0.01,6,1698,卖盘
328,09:52:00,2.84,0.01,108,30672,买盘
329,09:52:04,2.83,-0.01,546,155020,卖盘
330,09:52:21,2.84,0.01,30,8520,买盘
331,09:52:27,2.84,0.0,34,9631,买盘
332,09:52:30,2.84,0.0,12,3408,买盘
333,09:52:33,2.84,0.0,345,97980,买盘
334,09:52:36,2.83,-0.01,125,35380,卖盘
335,09:52:40,2.84,0.01,3,852,买盘
336,09:52:42,2.84,0.0,65,18460,买盘
337,09:52:51,2.84,0.0,1,284,买盘
338,09:52:54,2.83,-0.01,10,2830,卖盘
339,09:52:58,2.84,0.01,28,7952,买盘
340,09:53:01,2.83,-0.01,60,16980,卖盘
341,09:53:04,2.83,0.0,920,260218,卖盘
342,09:53:10,2.83,0.0,50,14150,买盘
343,09:53:16,2.83,0.0,70,19810,买盘
344,09:53:19,2.82,-0.01,402,113561,卖盘
345,09:53:25,2.82,0.0,50,14110,卖盘
346,09:53:28,2.82,0.0,87,24534,卖盘
347,09:53:33,2.83,0.01,5,1415,买盘
348,09:53:48,2.82,-0.01,10,2820,卖盘
349,09:54:01,2.82,0.0,60,16920,卖盘
350,09:54:04,2.83,0.01,1,283,买盘
351,09:54:10,2.82,-0.01,175,49350,卖盘
352,09:54:13,2.83,0.01,69,19527,买盘
353,09:54:16,2.81,-0.02,1120,315190,卖盘
354,09:54:19,2.83,0.02,66,18678,买盘
355,09:54:25,2.83,0.0,143,40469,买盘
356,09:54:37,2.82,-0.01,7,1974,买盘
357,09:54:40,2.82,0.0,5,1410,买盘
358,09:54:43,2.82,0.0,1,282,买盘
359,09:54:49,2.82,0.0,10,2820,买盘
360,09:55:01,2.82,0.0,58,16339,买盘
361,09:55:04,2.82,0.0,6,1692,买盘
362,09:55:06,2.81,-0.01,18,5066,卖盘
363,09:55:25,2.82,0.01,22,6204,买盘
364,09:55:34,2.81,-0.01,23,6463,卖盘
365,09:55:43,2.82,0.01,70,19740,买盘
366,09:55:48,2.81,-0.01,155,43555,卖盘
367,09:55:51,2.81,0.0,760,213560,卖盘
368,09:56:01,2.82,0.01,103,29046,买盘
369,09:56:07,2.81,-0.01,53,14893,卖盘
370,09:56:16,2.82,0.01,45,12690,买盘
371,09:56:19,2.82,0.0,180,50740,买盘
372,09:56:21,2.82,0.0,100,28200,买盘
373,09:56:31,2.81,-0.01,30,8430,卖盘
374,09:56:34,2.82,0.01,200,56400,买盘
375,09:56:36,2.82,0.0,57,16024,买盘
376,09:56:40,2.82,0.0,11,3102,买盘
377,09:56:43,2.82,0.0,4,1128,买盘
378,09:56:49,2.82,0.0,14,3948,买盘
379,09:56:52,2.82,0.0,181,51042,买盘
380,09:56:57,2.81,-0.01,400,112400,卖盘
381,09:57:01,2.82,0.01,13,3666,买盘
382,09:57:04,2.82,0.0,9,2538,买盘
383,09:57:10,2.82,0.0,80,22560,买盘
384,09:57:16,2.82,0.0,1,282,买盘
385,09:57:21,2.82,0.0,12,3384,买盘
386,09:57:27,2.81,-0.01,10,2810,卖盘
387,09:57:33,2.82,0.01,10,2820,买盘
388,09:57:39,2.82,0.0,89,25098,买盘
389,09:57:43,2.82,0.0,2,564,买盘
390,09:57:46,2.81,-0.01,1,281,卖盘
391,09:57:48,2.82,0.01,32,9024,买盘
392,09:58:04,2.82,0.0,204,57528,买盘
393,09:58:19,2.82,0.0,20,5640,买盘
394,09:58:31,2.82,0.0,327,92214,买盘
395,09:58:36,2.81,-0.01,396,111489,卖盘
396,09:58:43,2.81,0.0,110,31000,卖盘
397,09:58:49,2.82,0.01,79,22348,卖盘
398,09:58:52,2.82,0.0,4,1128,卖盘
399,09:58:55,2.82,0.0,61,17202,买盘
400,09:58:57,2.82,0.0,3,846,买盘
401,09:59:00,2.81,-0.01,20,5620,卖盘
402,09:59:16,2.81,0.0,5,1405,卖盘
403,09:59:34,2.81,0.0,511,143591,卖盘
404,09:59:43,2.81,0.0,90,25290,卖盘
405,09:59:46,2.81,0.0,65,18265,卖盘
406,09:59:48,2.81,0.0,276,77416,卖盘
407,10:00:06,2.81,0.0,56,15736,买盘
408,10:00:10,2.81,0.0,9,2529,买盘
409,10:00:13,2.81,0.0,22,6182,买盘
410,10:00:19,2.81,0.0,100,28095,买盘
411,10:00:22,2.81,0.0,8,2248,买盘
412,10:00:25,2.81,0.0,87,24447,买盘
413,10:00:28,2.8,-0.01,2,560,卖盘
414,10:00:31,2.81,0.01,1,281,买盘
415,10:00:46,2.81,0.0,22,6182,买盘
416,10:00:49,2.81,0.0,46,12911,买盘
417,10:00:52,2.81,0.0,5,1405,买盘
418,10:00:54,2.81,0.0,34,9554,买盘
419,10:01:00,2.8,-0.01,75,21000,卖盘
420,10:01:10,2.8,0.0,29,8145,卖盘
421,10:01:16,2.8,0.0,25,7000,卖盘
422,10:01:19,2.81,0.01,70,19670,买盘
423,10:01:22,2.8,-0.01,4,1120,卖盘
424,10:01:31,2.8,0.0,20,5600,卖盘
425,10:01:34,2.81,0.01,91,25571,买盘
426,10:01:40,2.81,0.0,84,23604,买盘
427,10:01:51,2.81,0.0,137,38497,买盘
428,10:01:57,2.81,0.0,93,26113,买盘
429,10:02:07,2.82,0.01,16,4512,买盘
430,10:02:10,2.81,-0.01,164,46084,卖盘
431,10:02:13,2.81,0.0,2,562,买盘
432,10:02:19,2.81,0.0,1,281,买盘
433,10:02:21,2.81,0.0,47,13207,买盘
434,10:02:40,2.81,0.0,2,562,卖盘
435,10:02:46,2.81,0.0,15,4215,卖盘
436,10:02:52,2.81,0.0,129,36262,卖盘
437,10:03:01,2.81,0.0,60,16860,买盘
438,10:03:09,2.81,0.0,20,5620,买盘
439,10:03:12,2.81,0.0,20,5620,买盘
440,10:03:19,2.81,0.0,100,28100,买盘
441,10:03:22,2.81,0.0,30,8430,买盘
442,10:03:28,2.8,-0.01,10,2800,卖盘
443,10:03:34,2.81,0.01,10,2810,买盘
444,10:03:46,2.8,-0.01,51,14290,卖盘
445,10:03:49,2.81,0.01,40,11240,买盘
446,10:03:54,2.81,0.0,1,281,买盘
447,10:04:01,2.81,0.0,57,16017,买盘
448,10:04:09,2.81,0.0,10,2810,卖盘
449,10:04:19,2.81,0.0,56,15736,卖盘
450,10:04:22,2.81,0.0,67,18827,卖盘
451,10:04:25,2.81,0.0,1,281,买盘
452,10:04:39,2.81,0.0,30,8430,买盘
453,10:04:43,2.8,-0.01,159,44520,卖盘
454,10:04:46,2.8,0.0,8,2240,卖盘
455,10:05:10,2.8,0.0,13,3640,卖盘
456,10:05:13,2.81,0.01,30,8420,买盘
457,10:05:19,2.81,0.0,9,2529,买盘
458,10:05:30,2.81,0.0,46,12926,买盘
459,10:05:34,2.8,-0.01,243,68040,卖盘
460,10:05:52,2.81,0.01,410,115210,买盘
461,10:06:12,2.81,0.0,72,20232,买盘
462,10:06:30,2.8,-0.01,226,63466,卖盘
463,10:06:55,2.81,0.01,26,7306,卖盘
464,10:06:58,2.81,0.0,10,2810,卖盘
465,10:07:07,2.81,0.0,10,2810,卖盘
466,10:07:12,2.82,0.01,18,5076,买盘
467,10:07:16,2.8,-0.02,344,96507,卖盘
468,10:07:33,2.82,0.02,9,2538,买盘
469,10:07:49,2.82,0.0,3,846,买盘
470,10:07:57,2.82,0.0,150,42300,买盘
471,10:08:04,2.82,0.0,10,2820,买盘
472,10:08:09,2.81,-0.01,148,41588,卖盘
473,10:08:37,2.82,0.01,18,5076,买盘
474,10:08:39,2.81,-0.01,10,2810,卖盘
475,10:08:48,2.82,0.01,32,9024,买盘
476,10:08:55,2.81,-0.01,80,22480,卖盘
477,10:09:01,2.81,0.0,100,28100,卖盘
478,10:09:04,2.81,0.0,255,71660,卖盘
479,10:09:28,2.82,0.01,40,11280,买盘
480,10:09:30,2.82,0.0,50,14100,买盘
481,10:09:40,2.81,-0.01,17,4777,卖盘
482,10:09:58,2.82,0.01,5,1410,买盘
483,10:10:07,2.82,0.0,10,2820,买盘
484,10:10:18,2.82,0.0,16,4512,买盘
485,10:10:22,2.82,0.0,10,2820,买盘
486,10:10:28,2.81,-0.01,38,10678,卖盘
487,10:10:34,2.82,0.01,2,564,买盘
488,10:10:39,2.82,0.0,80,22560,买盘
489,10:10:45,2.82,0.0,20,5640,买盘
490,10:10:48,2.82,0.0,110,31020,买盘
491,10:11:06,2.81,-0.01,30,8430,卖盘
492,10:11:09,2.82,0.01,10,2820,买盘
493,10:11:13,2.82,0.0,262,73884,买盘
494,10:11:15,2.82,0.0,31,8742,卖盘
495,10:11:18,2.82,0.0,60,16920,卖盘
496,10:11:21,2.82,0.0,47,13254,卖盘
497,10:11:40,2.82,0.0,12,3384,买盘
498,10:11:54,2.82,0.0,1,282,买盘
499,10:12:33,2.81,-0.01,404,113524,卖盘
500,10:12:54,2.81,0.0,518,145698,卖盘
501,10:13:04,2.81,0.0,636,178576,卖盘
502,10:13:16,2.81,0.0,20,5620,买盘
503,10:13:18,2.81,0.0,7,1967,买盘
504,10:13:31,2.81,0.0,100,28100,买盘
505,10:13:33,2.81,0.0,5,1405,买盘
506,10:13:37,2.81,0.0,100,28100,买盘
507,10:13:54,2.81,0.0,100,28100,买盘
508,10:13:57,2.81,0.0,190,53530,买盘
509,10:14:15,2.81,0.0,30,8430,卖盘
510,10:14:24,2.81,0.0,180,50442,卖盘
511,10:14:51,2.81,0.0,140,39270,买盘
512,10:14:57,2.81,0.0,10,2810,买盘
513,10:15:06,2.81,0.0,33,9273,买盘
514,10:15:09,2.81,0.0,15,4215,买盘
515,10:15:18,2.81,0.0,19,5339,买盘
516,10:15:28,2.81,0.0,35,9835,买盘
517,10:15:31,2.8,-0.01,10,2800,卖盘
518,10:15:33,2.81,0.01,4,1124,买盘
519,10:16:46,2.81,0.0,310,87110,买盘
520,10:16:54,2.81,0.0,19,5339,买盘
521,10:17:04,2.81,0.0,70,19670,买盘
522,10:17:45,2.81,0.0,10,2810,买盘
523,10:17:49,2.81,0.0,14,3934,买盘
524,10:17:55,2.81,0.0,56,15736,买盘
525,10:17:57,2.81,0.0,5,1405,买盘
526,10:18:22,2.81,0.0,45,12645,买盘
527,10:19:33,2.81,0.0,4,1124,买盘
528,10:20:13,2.8,-0.01,6,1680,卖盘
529,10:20:21,2.8,0.0,53,14840,卖盘
530,10:20:24,2.8,0.0,6,1680,卖盘
531,10:20:36,2.8,0.0,6,1680,卖盘
532,10:20:45,2.8,0.0,273,76440,卖盘
533,10:21:07,2.8,0.0,5,1400,卖盘
534,10:21:16,2.81,0.01,40,11240,买盘
535,10:21:22,2.8,-0.01,6,1680,卖盘
536,10:21:36,2.81,0.01,1,281,买盘
537,10:21:39,2.8,-0.01,6,1680,卖盘
538,10:22:36,2.8,0.0,6,1680,卖盘
539,10:22:39,2.8,0.0,9,2520,卖盘
540,10:22:45,2.8,0.0,1500,420000,卖盘
541,10:23:06,2.8,0.0,304,85120,卖盘
542,10:23:09,2.8,0.0,100,28000,卖盘
543,10:23:18,2.8,0.0,55,15400,卖盘
544,10:23:21,2.8,0.0,60,16800,卖盘
545,10:23:25,2.8,0.0,70,19600,卖盘
546,10:23:45,2.8,0.0,8,2240,卖盘
547,10:23:51,2.8,0.0,20,5600,买盘
548,10:24:16,2.8,0.0,10,2800,买盘
549,10:24:18,2.8,0.0,22,6160,买盘
550,10:24:21,2.8,0.0,20,5600,买盘
551,10:24:24,2.8,0.0,78,21840,买盘
552,10:24:28,2.8,0.0,41,11480,买盘
553,10:24:31,2.8,0.0,6,1680,卖盘
554,10:24:42,2.8,0.0,29,8120,卖盘
555,10:24:45,2.8,0.0,18,5040,卖盘
556,10:25:19,2.8,0.0,2,560,卖盘
557,10:25:30,2.81,0.01,50,14050,买盘
558,10:25:40,2.81,0.0,27,7587,买盘
559,10:25:48,2.8,-0.01,50,14000,卖盘
560,10:25:51,2.81,0.01,7,1967,买盘
561,10:26:06,2.81,0.0,12,3372,买盘
562,10:26:21,2.81,0.0,1,281,买盘
563,10:26:33,2.81,0.0,1,281,买盘
564,10:27:40,2.81,0.0,2,562,买盘
565,10:27:49,2.81,0.0,35,9835,买盘
566,10:28:12,2.81,0.0,9,2529,买盘
567,10:28:21,2.81,0.0,20,5620,买盘
568,10:28:24,2.8,-0.01,25,7000,卖盘
569,10:28:33,2.81,0.01,2,562,买盘
570,10:28:45,2.81,0.0,70,19670,买盘
571,10:28:48,2.81,0.0,5,1405,买盘
572,10:28:51,2.81,0.0,23,6463,买盘
573,10:28:58,2.81,0.0,144,40464,买盘
574,10:29:06,2.81,0.0,2,562,买盘
575,10:29:55,2.81,0.0,12,3372,买盘
576,10:29:58,2.81,0.0,50,14050,买盘
577,10:30:10,2.81,0.0,100,28100,买盘
578,10:30:15,2.81,0.0,20,5620,买盘
579,10:30:24,2.81,0.0,2,562,买盘
580,10:30:30,2.81,0.0,4,1124,买盘
581,10:30:45,2.81,0.0,115,32315,买盘
582,10:31:00,2.81,0.0,10,2810,买盘
583,10:31:10,2.81,0.0,26,7446,买盘
584,10:31:48,2.81,0.0,6,1686,卖盘
585,10:32:04,2.8,-0.01,146,40978,卖盘
586,10:32:36,2.81,0.01,4,1124,买盘
587,10:32:39,2.81,0.0,21,5901,买盘
588,10:33:04,2.81,0.0,60,16860,卖盘
589,10:33:22,2.81,0.0,71,19951,卖盘
590,10:33:31,2.82,0.01,3,846,买盘
591,10:33:36,2.82,0.0,1,282,买盘
592,10:33:51,2.81,-0.01,7,1967,卖盘
593,10:34:18,2.81,0.0,38,10678,卖盘
594,10:34:21,2.81,0.0,22,6182,买盘
595,10:34:34,2.82,0.01,14,3948,买盘
596,10:35:04,2.82,0.0,6,1692,买盘
597,10:35:18,2.82,0.0,11,3102,买盘
598,10:35:34,2.82,0.0,10,2820,买盘
599,10:35:39,2.81,-0.01,9,2529,卖盘
600,10:36:19,2.81,0.0,6,1686,卖盘
601,10:36:34,2.81,0.0,59,16579,卖盘
602,10:36:55,2.81,0.0,25,7025,卖盘
603,10:37:04,2.81,0.0,4,1124,卖盘
604,10:37:07,2.82,0.01,383,108006,买盘
605,10:37:19,2.82,0.0,1,282,买盘
606,10:37:45,2.82,0.0,50,14100,买盘
607,10:37:51,2.82,0.0,12,3384,买盘
608,10:38:28,2.82,0.0,368,103708,买盘
609,10:38:33,2.82,0.0,19,5358,买盘
610,10:38:55,2.82,0.0,1,282,买盘
611,10:39:01,2.82,0.0,50,14100,买盘
612,10:39:04,2.82,0.0,13,3666,买盘
613,10:39:06,2.82,0.0,23,6486,买盘
614,10:39:15,2.81,-0.01,10,2810,卖盘
615,10:39:36,2.81,0.0,1,281,卖盘
616,10:39:57,2.81,0.0,12,3372,卖盘
617,10:40:18,2.82,0.01,30,8460,买盘
618,10:40:24,2.82,0.0,1,282,买盘
619,10:41:36,2.82,0.0,21,5922,买盘
620,10:41:54,2.81,-0.01,10,2810,卖盘
621,10:42:01,2.82,0.01,10,2820,买盘
622,10:42:06,2.82,0.0,10,2820,买盘
623,10:42:12,2.82,0.0,14,3948,买盘
624,10:42:30,2.82,0.0,10,2820,买盘
625,10:42:33,2.82,0.0,36,10152,买盘
626,10:42:42,2.82,0.0,1,282,买盘
627,10:43:00,2.82,0.0,1,282,买盘
628,10:43:06,2.81,-0.01,78,21918,卖盘
629,10:43:24,2.82,0.01,86,24252,买盘
630,10:43:57,2.82,0.0,303,85446,买盘
631,10:44:01,2.82,0.0,1,282,卖盘
632,10:44:04,2.82,0.0,1,282,卖盘
633,10:44:06,2.82,0.0,75,21150,卖盘
634,10:44:18,2.82,0.0,15,4230,买盘
635,10:44:27,2.82,0.0,10,2820,卖盘
636,10:44:49,2.83,0.01,1,283,买盘
637,10:45:12,2.82,-0.01,5,1410,卖盘
638,10:45:15,2.82,0.0,300,84600,卖盘
639,10:45:30,2.83,0.01,10,2830,买盘
640,10:45:36,2.83,0.0,2,566,买盘
641,10:45:48,2.82,-0.01,15,4235,卖盘
642,10:46:15,2.82,0.0,160,45120,卖盘
643,10:46:24,2.83,0.01,100,28300,买盘
644,10:46:33,2.83,0.0,20,5660,买盘
645,10:46:39,2.83,0.0,5,1415,买盘
646,10:46:45,2.82,-0.01,11,3103,卖盘
647,10:46:54,2.83,0.01,22,6226,买盘
648,10:47:12,2.82,-0.01,6,1692,卖盘
649,10:47:21,2.83,0.01,7,1981,买盘
650,10:47:33,2.82,-0.01,20,5640,卖盘
651,10:47:39,2.82,0.0,233,65706,卖盘
652,10:48:06,2.82,0.0,3,846,买盘
653,10:48:24,2.82,0.0,11,3102,买盘
654,10:49:06,2.81,-0.01,5,1405,卖盘
655,10:49:09,2.82,0.01,65,18330,买盘
656,10:49:30,2.82,0.0,3,846,买盘
657,10:50:12,2.82,0.0,3,846,买盘
658,10:50:24,2.82,0.0,6,1692,买盘
659,10:50:51,2.82,0.0,2,564,买盘
660,10:51:06,2.82,0.0,1,282,买盘
661,10:51:13,2.82,0.0,8,2256,买盘
662,10:51:33,2.82,0.0,100,28200,买盘
663,10:52:10,2.81,-0.01,4,1124,卖盘
664,10:52:12,2.81,0.0,11,3091,卖盘
665,10:52:18,2.81,0.0,50,14050,卖盘
666,10:52:33,2.82,0.01,9,2538,买盘
667,10:52:54,2.81,-0.01,65,18265,卖盘
668,10:53:04,2.82,0.01,1,282,买盘
669,10:53:54,2.81,-0.01,6,1686,卖盘
670,10:54:12,2.82,0.01,10,2820,买盘
671,10:54:27,2.82,0.0,1,282,买盘
672,10:54:42,2.81,-0.01,4,1124,卖盘
673,10:55:28,2.81,0.0,10,2810,卖盘
674,10:57:00,2.81,0.0,1,281,卖盘
675,10:57:12,2.82,0.01,29,8178,买盘
676,10:57:15,2.81,-0.01,155,43655,卖盘
677,10:57:21,2.82,0.01,24,6768,买盘
678,10:57:36,2.81,-0.01,1,281,卖盘
679,10:58:30,2.81,0.0,1,281,卖盘
680,10:58:40,2.82,0.01,1,282,买盘
681,10:58:57,2.82,0.0,89,25097,买盘
682,10:59:30,2.82,0.0,25,7050,买盘
683,10:59:39,2.82,0.0,8,2256,买盘
684,10:59:42,2.82,0.0,86,24252,买盘
685,11:00:36,2.82,0.0,179,50478,买盘
686,11:00:45,2.82,0.0,10,2820,买盘
687,11:01:00,2.82,0.0,58,16356,买盘
688,11:01:30,2.81,-0.01,80,22480,卖盘
689,11:02:00,2.81,0.0,63,17703,卖盘
690,11:02:04,2.82,0.01,5,1410,买盘
691,11:02:09,2.81,-0.01,80,22480,卖盘
692,11:02:12,2.82,0.01,1,282,买盘
693,11:02:30,2.82,0.0,20,5640,买盘
694,11:02:33,2.82,0.0,15,4230,买盘
695,11:02:36,2.82,0.0,10,2820,买盘
696,11:02:42,2.82,0.0,53,14946,买盘
697,11:03:00,2.82,0.0,54,15228,买盘
698,11:03:03,2.81,-0.01,1,281,卖盘
699,11:03:24,2.82,0.01,38,10716,买盘
700,11:03:36,2.82,0.0,160,45120,买盘
701,11:03:48,2.81,-0.01,20,5620,卖盘
702,11:04:09,2.81,0.0,1,281,卖盘
703,11:04:15,2.82,0.01,52,14664,买盘
704,11:04:18,2.82,0.0,33,9306,买盘
705,11:04:42,2.83,0.01,1,283,买盘
706,11:04:57,2.82,-0.01,1,282,卖盘
707,11:05:21,2.83,0.01,50,14150,买盘
708,11:05:39,2.83,0.0,3,849,买盘
709,11:05:48,2.82,-0.01,159,44838,卖盘
710,11:06:04,2.82,0.0,15,4230,卖盘
711,11:06:06,2.83,0.01,300,84900,买盘
712,11:06:12,2.82,-0.01,88,24816,卖盘
713,11:06:24,2.82,0.0,79,22278,卖盘
714,11:06:42,2.83,0.01,16,4528,买盘
715,11:06:45,2.82,-0.01,10,2820,卖盘
716,11:06:54,2.82,0.0,44,12408,卖盘
717,11:07:06,2.82,0.0,4,1128,买盘
718,11:07:09,2.82,0.0,10,2820,买盘
719,11:07:12,2.82,0.0,5,1410,买盘
720,11:07:15,2.82,0.0,35,9870,卖盘
721,11:07:48,2.82,0.0,1,282,买盘
722,11:08:00,2.82,0.0,62,17484,买盘
723,11:08:27,2.82,0.0,1,282,买盘
724,11:09:00,2.82,0.0,5,1410,买盘
725,11:09:21,2.83,0.01,10,2830,买盘
726,11:09:39,2.82,-0.01,19,5358,卖盘
727,11:09:49,2.82,0.0,14,3948,卖盘
728,11:09:58,2.82,0.0,2,564,卖盘
729,11:10:12,2.81,-0.01,400,112400,卖盘
730,11:10:31,2.8,-0.01,2508,703016,卖盘
731,11:10:43,2.8,0.0,18,5040,买盘
732,11:10:49,2.8,0.0,10,2800,买盘
733,11:11:06,2.8,0.0,15,4200,买盘
734,11:11:19,2.8,0.0,4,1120,卖盘
735,11:11:22,2.8,0.0,10,2800,卖盘
736,11:11:24,2.8,0.0,3,840,卖盘
737,11:11:30,2.8,0.0,32,8960,买盘
738,11:11:33,2.8,0.0,300,84000,买盘
739,11:11:39,2.79,-0.01,22,6138,卖盘
740,11:11:48,2.79,0.0,99,27621,卖盘
741,11:12:09,2.8,0.01,36,10080,买盘
742,11:12:42,2.8,0.0,10,2800,买盘
743,11:13:10,2.8,0.0,200,56000,买盘
744,11:13:15,2.8,0.0,1,280,卖盘
745,11:13:33,2.81,0.01,30,8430,买盘
746,11:13:54,2.8,-0.01,4,1120,卖盘
747,11:14:18,2.8,0.0,4,1120,卖盘
748,11:15:16,2.8,0.0,4,1120,卖盘
749,11:15:30,2.8,0.0,50,14000,卖盘
750,11:16:01,2.8,0.0,20,5600,卖盘
751,11:16:04,2.8,0.0,3,840,卖盘
752,11:16:09,2.8,0.0,6,1680,卖盘
753,11:16:21,2.8,0.0,50,14000,卖盘
754,11:16:30,2.8,0.0,15,4200,卖盘
755,11:16:46,2.8,0.0,35,9800,买盘
756,11:16:48,2.8,0.0,6,1680,卖盘
757,11:16:54,2.81,0.01,1,281,买盘
758,11:17:09,2.8,-0.01,4,1120,卖盘
759,11:18:24,2.8,0.0,2,560,卖盘
760,11:18:39,2.81,0.01,52,14612,买盘
761,11:18:42,2.8,-0.01,6,1680,卖盘
762,11:19:00,2.8,0.0,7,1960,卖盘
763,11:19:09,2.81,0.01,23,6463,买盘
764,11:19:46,2.81,0.0,1,281,买盘
765,11:22:16,2.81,0.0,6,1686,买盘
766,11:23:06,2.81,0.0,10,2810,买盘
767,11:23:42,2.81,0.0,83,23323,买盘
768,11:24:09,2.81,0.0,2,562,买盘
769,11:24:12,2.8,-0.01,30,8400,卖盘
770,11:24:18,2.81,0.01,30,8430,买盘
771,11:24:48,2.81,0.0,13,3653,买盘
772,11:25:33,2.81,0.0,1,281,买盘
773,11:26:06,2.81,0.0,8,2248,买盘
774,11:26:30,2.81,0.0,10,2810,买盘
775,11:26:45,2.81,0.0,5,1405,买盘
776,11:27:12,2.8,-0.01,10,2800,卖盘
777,11:27:16,2.8,0.0,24,6720,卖盘
778,11:28:36,2.81,0.01,72,20232,买盘
779,13:00:04,2.81,0.0,555,155955,买盘
780,13:00:12,2.81,0.0,10,2810,买盘
781,13:00:33,2.8,-0.01,45,12600,卖盘
782,13:00:57,2.81,0.01,324,91044,买盘
783,13:01:24,2.82,0.01,10,2820,买盘
784,13:03:09,2.81,-0.01,10,2810,卖盘
785,13:03:42,2.81,0.0,60,16860,卖盘
786,13:04:07,2.81,0.0,13,3653,卖盘
787,13:05:09,2.81,0.0,2,562,卖盘
788,13:05:12,2.81,0.0,10,2810,卖盘
789,13:05:51,2.81,0.0,5,1405,卖盘
790,13:05:57,2.81,0.0,24,6744,卖盘
791,13:06:00,2.81,0.0,50,14050,卖盘
792,13:06:33,2.81,0.0,18,5058,卖盘
793,13:07:39,2.81,0.0,83,23323,卖盘
794,13:08:42,2.81,0.0,90,25290,卖盘
795,13:08:57,2.81,0.0,26,7306,卖盘
796,13:09:42,2.8,-0.01,158,44240,卖盘
797,13:10:21,2.8,0.0,2,560,卖盘
798,13:10:45,2.8,0.0,10,2800,卖盘
799,13:10:48,2.8,0.0,326,91280,卖盘
800,13:12:33,2.81,0.01,10,2810,买盘
801,13:14:30,2.81,0.0,19,5339,买盘
802,13:15:00,2.8,-0.01,20,5600,卖盘
803,13:15:12,2.81,0.01,30,8430,买盘
804,13:16:39,2.8,-0.01,30,8400,卖盘
805,13:17:12,2.8,0.0,50,14000,卖盘
806,13:17:15,2.8,0.0,114,31920,卖盘
807,13:17:39,2.8,0.0,254,71120,卖盘
808,13:19:30,2.8,0.0,10,2800,卖盘
809,13:19:57,2.8,0.0,70,19600,卖盘
810,13:20:27,2.81,0.01,1,281,买盘
811,13:20:57,2.81,0.0,9,2529,买盘
812,13:21:43,2.8,-0.01,90,25200,卖盘
813,13:23:18,2.81,0.01,16,4496,买盘
814,13:23:22,2.81,0.0,10,2810,买盘
815,13:24:07,2.81,0.0,100,28100,买盘
816,13:24:21,2.8,-0.01,1,280,卖盘
817,13:24:33,2.8,0.0,17,4760,卖盘
818,13:26:39,2.8,0.0,67,18715,卖盘
819,13:27:00,2.8,0.0,20,5600,卖盘
820,13:27:03,2.81,0.01,2,562,买盘
821,13:27:27,2.81,0.0,20,5620,买盘
822,13:27:36,2.81,0.0,3,843,买盘
823,13:28:04,2.8,-0.01,1,280,卖盘
824,13:28:12,2.81,0.01,20,5620,买盘
825,13:29:06,2.8,-0.01,10,2800,卖盘
826,13:29:45,2.8,0.0,10,2800,卖盘
827,13:29:48,2.8,0.0,5,1400,卖盘
828,13:30:00,2.8,0.0,100,28000,卖盘
829,13:30:30,2.81,0.01,12,3372,买盘
830,13:30:51,2.81,0.0,23,6463,买盘
831,13:30:58,2.81,0.0,80,22480,买盘
832,13:31:39,2.8,-0.01,3,840,卖盘
833,13:31:42,2.8,0.0,1,280,卖盘
834,13:31:45,2.81,0.01,1,281,买盘
835,13:32:15,2.8,-0.01,100,28000,卖盘
836,13:32:42,2.8,0.0,333,93240,卖盘
837,13:32:46,2.81,0.01,2,562,买盘
838,13:32:54,2.81,0.0,5,1405,买盘
839,13:33:07,2.8,-0.01,7,2005,卖盘
840,13:33:09,2.8,0.0,7,1915,买盘
841,13:33:12,2.8,0.0,12,3360,卖盘
842,13:33:33,2.8,0.0,33,9285,卖盘
843,13:33:36,2.8,0.0,10,2800,买盘
844,13:33:52,2.79,-0.01,1,279,卖盘
845,13:33:54,2.8,0.01,41,11480,买盘
846,13:35:10,2.8,0.0,63,17640,买盘
847,13:35:16,2.8,0.0,1,280,买盘
848,13:35:34,2.8,0.0,4,1120,买盘
849,13:36:36,2.79,-0.01,144,40176,卖盘
850,13:36:45,2.8,0.01,3,840,买盘
851,13:37:06,2.79,-0.01,147,41013,卖盘
852,13:37:13,2.79,0.0,20,5580,卖盘
853,13:37:15,2.79,0.0,50,13950,卖盘
854,13:39:27,2.8,0.01,4,1120,买盘
855,13:39:33,2.8,0.0,8,2240,买盘
856,13:40:27,2.79,-0.01,1,279,卖盘
857,13:41:27,2.79,0.0,5,1395,卖盘
858,13:41:33,2.8,0.01,5,1400,买盘
859,13:42:09,2.8,0.0,125,34970,买盘
860,13:42:27,2.8,0.0,6,1680,买盘
861,13:42:48,2.79,-0.01,32,8928,卖盘
862,13:43:54,2.8,0.01,8,2240,买盘
863,13:43:57,2.8,0.0,50,14000,买盘
864,13:44:49,2.8,0.0,16,4480,买盘
865,13:46:28,2.79,-0.01,5,1395,卖盘
866,13:46:33,2.79,0.0,10,2790,卖盘
867,13:47:19,2.79,0.0,5,1395,卖盘
868,13:47:21,2.79,0.0,40,11160,卖盘
869,13:47:36,2.79,0.0,80,22320,卖盘
870,13:47:58,2.79,0.0,1,279,卖盘
871,13:48:00,2.79,0.0,30,8370,卖盘
872,13:48:04,2.79,0.0,100,27900,卖盘
873,13:48:52,2.8,0.01,46,12880,买盘
874,13:49:33,2.79,-0.01,4,1116,卖盘
875,13:50:27,2.79,0.0,100,27900,卖盘
876,13:50:36,2.79,0.0,5,1395,卖盘
877,13:51:01,2.79,0.0,8,2232,卖盘
878,13:51:34,2.79,0.0,20,5580,卖盘
879,13:52:00,2.79,0.0,40,11160,卖盘
880,13:52:49,2.79,0.0,10,2790,卖盘
881,13:53:06,2.8,0.01,120,33600,买盘
882,13:53:15,2.8,0.0,47,13160,买盘
883,13:53:27,2.8,0.0,1923,538395,买盘
884,13:53:54,2.81,0.01,34,9554,买盘
885,13:54:12,2.8,-0.01,400,112000,卖盘
886,13:54:19,2.8,0.0,2,560,卖盘
887,13:55:04,2.81,0.01,80,22480,买盘
888,13:56:30,2.8,-0.01,100,28000,卖盘
889,13:56:34,2.8,0.0,355,99445,卖盘
890,13:56:51,2.8,0.0,66,18480,卖盘
891,13:57:25,2.8,0.0,9,2520,买盘
892,13:57:54,2.8,0.0,2,560,买盘
893,13:59:00,2.8,0.0,96,26880,卖盘
894,13:59:36,2.8,0.0,4,1120,买盘
895,14:00:28,2.8,0.0,164,45920,卖盘
896,14:00:30,2.8,0.0,36,10080,买盘
897,14:00:51,2.8,0.0,123,34440,卖盘
898,14:01:33,2.8,0.0,10,2800,卖盘
899,14:01:57,2.8,0.0,36,10080,买盘
900,14:02:18,2.79,-0.01,1000,279000,卖盘
901,14:02:33,2.8,0.01,104,29120,买盘
902,14:02:37,2.79,-0.01,500,139500,卖盘
903,14:02:49,2.8,0.01,26,7280,买盘
904,14:03:24,2.8,0.0,289,80920,买盘
905,14:03:27,2.8,0.0,20,5600,卖盘
906,14:03:37,2.8,0.0,53,14840,卖盘
907,14:03:49,2.8,0.0,97,27160,卖盘
908,14:03:54,2.8,0.0,203,56840,卖盘
909,14:03:57,2.8,0.0,330,92400,卖盘
910,14:04:00,2.8,0.0,20,5600,卖盘
911,14:04:07,2.8,0.0,90,25200,卖盘
912,14:04:33,2.8,0.0,43,12040,卖盘
913,14:04:39,2.8,0.0,217,60760,卖盘
914,14:04:52,2.79,-0.01,300,83700,卖盘
915,14:05:00,2.79,0.0,300,83700,卖盘
916,14:05:12,2.79,0.0,700,195300,卖盘
917,14:05:21,2.8,0.01,30,8400,买盘
918,14:05:24,2.79,-0.01,82,22878,卖盘
919,14:05:39,2.79,0.0,8,2232,买盘
920,14:06:24,2.8,0.01,553,154840,买盘
921,14:06:30,2.79,-0.01,33,9207,卖盘
922,14:06:55,2.8,0.01,22,6160,买盘
923,14:07:19,2.79,-0.01,2,558,卖盘
924,14:08:06,2.8,0.01,10,2800,买盘
925,14:08:16,2.8,0.0,7,1960,买盘
926,14:08:51,2.8,0.0,30,8400,买盘
927,14:09:28,2.79,-0.01,91,25389,卖盘
928,14:10:36,2.79,0.0,25,6975,卖盘
929,14:10:46,2.8,0.01,1,280,买盘
930,14:11:03,2.8,0.0,1,280,买盘
931,14:11:39,2.79,-0.01,10,2790,卖盘
932,14:12:33,2.8,0.01,1,280,买盘
933,14:12:39,2.79,-0.01,10,2790,卖盘
934,14:13:15,2.79,0.0,17,4743,卖盘
935,14:14:09,2.79,0.0,5,1395,卖盘
936,14:14:13,2.79,0.0,18,5022,卖盘
937,14:14:27,2.79,0.0,150,41850,卖盘
938,14:14:31,2.79,0.0,249,69471,卖盘
939,14:14:36,2.79,0.0,400,111600,卖盘
940,14:14:48,2.8,0.01,30,8400,买盘
941,14:15:12,2.79,-0.01,49,13671,卖盘
942,14:15:21,2.79,0.0,79,22041,买盘
943,14:15:24,2.78,-0.01,10,2780,卖盘
944,14:15:30,2.79,0.01,10,2790,买盘
945,14:15:36,2.79,0.0,9,2511,买盘
946,14:15:42,2.78,-0.01,87,24186,卖盘
947,14:15:52,2.79,0.01,19,5301,买盘
948,14:16:30,2.79,0.0,62,17298,买盘
949,14:16:33,2.79,0.0,11,3069,买盘
950,14:16:51,2.79,0.0,5,1395,买盘
951,14:17:09,2.79,0.0,93,25947,买盘
952,14:17:18,2.79,0.0,123,34317,卖盘
953,14:17:33,2.79,0.0,75,20925,买盘
954,14:18:04,2.79,0.0,1,279,买盘
955,14:18:07,2.79,0.0,1,279,买盘
956,14:18:10,2.79,0.0,31,8649,卖盘
957,14:18:24,2.78,-0.01,16,4448,卖盘
958,14:19:16,2.78,0.0,15,4170,卖盘
959,14:19:52,2.78,0.0,100,27800,卖盘
960,14:20:04,2.78,0.0,30,8340,卖盘
961,14:20:15,2.78,0.0,32,8896,卖盘
962,14:20:34,2.78,0.0,30,8340,卖盘
963,14:20:37,2.79,0.01,26,7254,买盘
964,14:20:45,2.79,0.0,23,6417,买盘
965,14:20:49,2.79,0.0,30,8370,买盘
966,14:21:13,2.79,0.0,5,1395,买盘
967,14:21:28,2.79,0.0,97,27063,买盘
968,14:21:36,2.79,0.0,52,14508,买盘
969,14:21:45,2.79,0.0,58,16176,买盘
970,14:22:15,2.8,0.01,100,28000,买盘
971,14:22:24,2.79,-0.01,30,8370,卖盘
972,14:22:39,2.78,-0.01,5,1390,卖盘
973,14:22:52,2.79,0.01,66,18414,买盘
974,14:22:58,2.79,0.0,87,24273,卖盘
975,14:23:30,2.8,0.01,1,280,买盘
976,14:23:43,2.8,0.0,26,7280,买盘
977,14:23:49,2.8,0.0,60,16800,买盘
978,14:23:57,2.79,-0.01,52,14508,卖盘
979,14:24:04,2.8,0.01,50,14000,买盘
980,14:24:18,2.8,0.0,243,68040,买盘
981,14:24:24,2.8,0.0,1,280,买盘
982,14:25:33,2.8,0.0,37,10360,买盘
983,14:25:36,2.79,-0.01,30,8370,卖盘
984,14:25:45,2.8,0.01,28,7840,买盘
985,14:25:57,2.8,0.0,7,1956,买盘
986,14:26:09,2.8,0.0,100,28000,买盘
987,14:26:12,2.8,0.0,7,1960,买盘
988,14:26:19,2.8,0.0,12,3360,买盘
989,14:27:06,2.8,0.0,8,2240,买盘
990,14:27:18,2.8,0.0,201,56080,买盘
991,14:27:24,2.79,-0.01,30,8370,卖盘
992,14:27:51,2.79,0.0,22,6138,卖盘
993,14:27:54,2.8,0.01,500,140000,买盘
994,14:28:19,2.8,0.0,3,840,买盘
995,14:28:30,2.79,-0.01,30,8370,卖盘
996,14:28:54,2.79,0.0,10,2790,卖盘
997,14:29:48,2.8,0.01,81,22680,买盘
998,14:30:09,2.8,0.0,7,1960,买盘
999,14:30:28,2.8,0.0,2,560,买盘
1000,14:30:45,2.8,0.0,3,840,买盘
1001,14:30:54,2.8,0.0,34,9520,买盘
1002,14:30:57,2.8,0.0,220,61600,买盘
1003,14:31:07,2.8,0.0,22,6160,买盘
1004,14:31:18,2.8,0.0,33,9240,买盘
1005,14:31:42,2.8,0.0,100,28000,买盘
1006,14:31:45,2.8,0.0,70,19600,买盘
1007,14:31:54,2.8,0.0,10,2800,买盘
1008,14:31:57,2.8,0.0,25,7000,买盘
1009,14:32:06,2.8,0.0,150,42000,买盘
1010,14:32:09,2.8,0.0,127,35560,买盘
1011,14:32:15,2.8,0.0,273,76440,卖盘
1012,14:32:22,2.8,0.0,27,7560,买盘
1013,14:32:28,2.8,0.0,95,26600,卖盘
1014,14:32:36,2.8,0.0,14,3920,买盘
1015,14:33:19,2.81,0.01,1,281,买盘
1016,14:33:37,2.8,-0.01,390,109200,卖盘
1017,14:34:12,2.8,0.0,100,28000,买盘
1018,14:34:21,2.8,0.0,10,2800,买盘
1019,14:34:39,2.8,0.0,3,840,买盘
1020,14:35:22,2.8,0.0,30,8400,卖盘
1021,14:35:36,2.81,0.01,60,16860,买盘
1022,14:35:39,2.81,0.0,100,28100,买盘
1023,14:35:54,2.81,0.0,35,9835,买盘
1024,14:35:57,2.8,-0.01,23,6440,卖盘
1025,14:36:04,2.8,0.0,50,14000,卖盘
1026,14:36:09,2.8,0.0,50,14000,卖盘
1027,14:36:18,2.8,0.0,67,18760,卖盘
1028,14:36:34,2.8,0.0,20,5600,买盘
1029,14:36:36,2.8,0.0,39,10920,买盘
1030,14:36:57,2.79,-0.01,20,5580,卖盘
1031,14:37:06,2.79,0.0,33,9207,卖盘
1032,14:37:09,2.8,0.01,1,280,买盘
1033,14:37:30,2.8,0.0,28,7840,买盘
1034,14:37:51,2.8,0.0,10,2800,买盘
1035,14:38:09,2.8,0.0,39,10920,买盘
1036,14:38:42,2.8,0.0,18,5040,买盘
1037,14:38:48,2.8,0.0,51,14280,买盘
1038,14:38:57,2.79,-0.01,22,6138,卖盘
1039,14:39:42,2.79,0.0,5,1395,卖盘
1040,14:39:48,2.8,0.01,30,8400,买盘
1041,14:40:00,2.79,-0.01,100,27900,卖盘
1042,14:40:03,2.8,0.01,9,2520,买盘
1043,14:40:19,2.8,0.0,1,280,买盘
1044,14:40:48,2.8,0.0,753,210840,买盘
1045,14:40:58,2.8,0.0,30,8400,买盘
1046,14:41:01,2.79,-0.01,10,2790,卖盘
1047,14:41:16,2.79,0.0,189,52909,卖盘
1048,14:42:09,2.8,0.01,330,92400,买盘
1049,14:42:21,2.8,0.0,80,22400,买盘
1050,14:42:30,2.8,0.0,4,1120,买盘
1051,14:42:42,2.8,0.0,72,20160,买盘
1052,14:42:51,2.8,0.0,43,12040,买盘
1053,14:43:33,2.79,-0.01,300,83700,卖盘
1054,14:43:48,2.79,0.0,100,27935,卖盘
1055,14:44:30,2.8,0.01,29,8120,买盘
1056,14:46:07,2.8,0.0,1,280,买盘
1057,14:46:13,2.8,0.0,50,14000,买盘
1058,14:46:37,2.79,-0.01,10,2790,卖盘
1059,14:46:40,2.8,0.01,30,8400,买盘
1060,14:46:52,2.8,0.0,6,1680,买盘
1061,14:47:01,2.8,0.0,10,2800,买盘
1062,14:47:18,2.8,0.0,86,24080,买盘
1063,14:47:28,2.8,0.0,40,11200,买盘
1064,14:47:40,2.8,0.0,20,5600,买盘
1065,14:47:43,2.8,0.0,10,2800,买盘
1066,14:47:52,2.8,0.0,300,84000,买盘
1067,14:48:10,2.8,0.0,59,16520,买盘
1068,14:48:19,2.8,0.0,54,15120,买盘
1069,14:48:22,2.8,0.0,1,280,买盘
1070,14:48:34,2.8,0.0,25,7000,买盘
1071,14:48:39,2.8,0.0,50,14000,买盘
1072,14:48:49,2.8,0.0,88,24640,买盘
1073,14:49:00,2.8,0.0,50,14000,卖盘
1074,14:49:30,2.81,0.01,20,5620,买盘
1075,14:49:36,2.8,-0.01,60,16800,卖盘
1076,14:50:16,2.81,0.01,1,281,买盘
1077,14:50:25,2.81,0.0,20,5620,买盘
1078,14:50:39,2.81,0.0,1,281,买盘
1079,14:50:42,2.81,0.0,1,281,买盘
1080,14:51:04,2.81,0.0,22,6165,买盘
1081,14:51:12,2.81,0.0,10,2810,买盘
1082,14:51:24,2.81,0.0,155,43555,买盘
1083,14:51:31,2.81,0.0,29,8149,买盘
1084,14:52:16,2.81,0.0,22,6162,买盘
1085,14:52:18,2.81,0.0,9,2529,买盘
1086,14:52:21,2.81,0.0,1,281,买盘
1087,14:52:25,2.81,0.0,20,5620,买盘
1088,14:52:31,2.81,0.0,93,26133,买盘
1089,14:52:40,2.81,0.0,14,3934,买盘
1090,14:52:52,2.8,-0.01,3,840,卖盘
1091,14:53:01,2.8,0.0,6,1680,卖盘
1092,14:53:04,2.8,0.0,89,24920,卖盘
1093,14:53:27,2.8,0.0,10,2800,卖盘
1094,14:53:34,2.81,0.01,10,2810,买盘
1095,14:53:36,2.81,0.0,49,13769,买盘
1096,14:53:48,2.8,-0.01,7,1960,卖盘
1097,14:53:52,2.81,0.01,17,4777,买盘
1098,14:54:13,2.81,0.0,10,2810,买盘
1099,14:54:22,2.81,0.0,100,28100,买盘
1100,14:54:28,2.81,0.0,5,1405,买盘
1101,14:54:30,2.81,0.0,49,13769,买盘
1102,14:54:43,2.81,0.0,76,21356,买盘
1103,14:54:46,2.81,0.0,618,173658,买盘
1104,14:54:49,2.81,0.0,384,107904,买盘
1105,14:54:51,2.81,0.0,2,562,买盘
1106,14:55:04,2.81,0.0,23,6445,买盘
1107,14:55:07,2.81,0.0,4,1124,买盘
1108,14:55:13,2.81,0.0,150,42150,买盘
1109,14:55:15,2.81,0.0,601,168881,买盘
1110,14:55:18,2.81,0.0,75,21108,买盘
1111,14:55:28,2.81,0.0,80,22480,卖盘
1112,14:55:36,2.82,0.01,4,1128,买盘
1113,14:55:39,2.81,-0.01,30,8430,卖盘
1114,14:55:45,2.81,0.0,19,5339,卖盘
1115,14:55:52,2.81,0.0,50,14050,卖盘
1116,14:56:10,2.82,0.01,15,4230,买盘
1117,14:56:12,2.82,0.0,20,5640,买盘
1118,14:56:19,2.81,-0.01,43,12083,卖盘
1119,14:56:31,2.81,0.0,60,16860,卖盘
1120,14:56:45,2.81,0.0,100,28100,卖盘
1121,14:56:49,2.82,0.01,120,33740,买盘
1122,14:56:55,2.82,0.0,103,28946,买盘
1123,14:57:00,2.82,0.0,19,5358,买盘
1124,15:00:04,2.82,0.0,1122,316404,卖盘
