,time,price,change,volume,amount,type
0,09:25:05,28.75,-0.14,123,353625,买盘
1,09:30:04,28.73,-0.02,18,51745,卖盘
2,09:30:07,28.75,0.02,115,330531,买盘
3,09:30:09,28.74,-0.01,8,22992,中性盘
4,09:30:13,28.75,0.01,119,342089,买盘
5,09:30:16,28.79,0.04,30,86286,买盘
6,09:30:19,28.79,0.0,9,25898,买盘
7,09:30:22,28.7,-0.09,326,936179,卖盘
8,09:30:25,28.76,0.06,19,54644,买盘
9,09:30:27,28.78,0.02,28,80558,买盘
10,09:30:31,28.7,-0.08,13,37310,卖盘
11,09:30:34,28.75,0.05,17,48875,买盘
12,09:30:37,28.71,-0.04,20,57492,中性盘
13,09:30:40,28.71,0.0,17,48871,卖盘
14,09:30:42,28.7,-0.01,44,126267,卖盘
15,09:30:46,28.75,0.05,80,229734,买盘
16,09:30:52,28.68,-0.07,38,109139,卖盘
17,09:30:55,28.68,0.0,2,5736,卖盘
18,09:30:58,28.68,0.0,2,5736,卖盘
19,09:31:01,28.75,0.07,50,143569,买盘
20,09:31:04,28.68,-0.07,75,215115,卖盘
21,09:31:06,28.68,0.0,11,31566,卖盘
22,09:31:10,28.68,0.0,10,28680,卖盘
23,09:31:13,28.68,0.0,2,5736,卖盘
24,09:31:15,28.68,0.0,56,160616,卖盘
25,09:31:19,28.7,0.02,5,14342,买盘
26,09:31:21,28.68,-0.02,113,324106,卖盘
27,09:31:24,28.68,0.0,5,14340,买盘
28,09:31:28,28.68,0.0,14,40150,买盘
29,09:31:34,28.68,0.0,15,43006,买盘
30,09:31:39,28.67,-0.01,29,83144,买盘
31,09:31:42,28.66,-0.01,77,220382,中性盘
32,09:31:46,28.62,-0.04,5,14310,中性盘
33,09:31:49,28.68,0.06,146,418553,买盘
34,09:31:52,28.53,-0.15,84,240507,卖盘
35,09:31:55,28.53,0.0,53,151209,买盘
36,09:31:58,28.53,0.0,14,39942,买盘
37,09:32:00,28.5,-0.03,155,443268,卖盘
38,09:32:04,28.52,0.02,34,96999,中性盘
39,09:32:07,28.53,0.01,74,211126,买盘
40,09:32:13,28.53,0.0,58,166138,卖盘
41,09:32:15,28.65,0.12,6,17175,买盘
42,09:32:18,28.58,-0.07,4,11451,卖盘
43,09:32:25,28.58,0.0,24,68593,卖盘
44,09:32:28,28.59,0.01,16,45744,中性盘
45,09:32:30,28.66,0.07,2,5732,中性盘
46,09:32:34,28.69,0.03,103,295216,买盘
47,09:32:36,28.69,0.0,40,114636,买盘
48,09:32:40,28.68,-0.01,23,65975,中性盘
49,09:32:43,28.72,0.04,84,240986,买盘
50,09:32:49,28.72,0.0,104,298678,买盘
51,09:32:55,28.72,0.0,7,20104,买盘
52,09:32:58,28.72,0.0,24,68920,买盘
53,09:33:01,28.72,0.0,99,284323,买盘
54,09:33:04,28.72,0.0,2,5744,卖盘
55,09:33:06,28.72,0.0,5,14360,卖盘
56,09:33:10,28.74,0.02,102,293088,买盘
57,09:33:13,28.74,0.0,2,5748,卖盘
58,09:33:15,28.76,0.02,25,71874,买盘
59,09:33:18,28.78,0.02,5,14389,买盘
60,09:33:22,28.8,0.02,3,8638,买盘
61,09:33:25,28.8,0.0,16,46080,买盘
62,09:33:27,28.8,0.0,6,17280,买盘
63,09:33:30,28.85,0.05,3,8655,买盘
64,09:33:34,28.87,0.02,3,8659,买盘
65,09:33:37,28.86,-0.01,15,43284,中性盘
66,09:33:40,28.86,0.0,2,5772,卖盘
67,09:33:42,28.87,0.01,200,580087,买盘
68,09:33:46,28.89,0.02,30,86626,买盘
69,09:33:48,28.87,-0.02,4,11552,卖盘
70,09:33:52,28.89,0.02,6,17331,买盘
71,09:33:55,28.89,0.0,33,95337,买盘
72,09:33:58,28.88,-0.01,2,5776,中性盘
73,09:34:01,28.89,0.01,179,516816,买盘
74,09:34:03,28.89,0.0,21,60669,买盘
75,09:34:06,28.89,0.0,103,297544,买盘
76,09:34:10,28.89,0.0,57,164664,买盘
77,09:34:13,28.89,0.0,40,115560,买盘
78,09:34:16,28.89,0.0,78,225256,买盘
79,09:34:19,28.89,0.0,11,31779,卖盘
80,09:34:21,28.91,0.02,5,14454,买盘
81,09:34:24,28.89,-0.02,8,23117,卖盘
82,09:34:27,28.92,0.03,48,138730,买盘
83,09:34:31,28.89,-0.03,16,46238,卖盘
84,09:34:34,28.89,0.0,71,205131,卖盘
85,09:34:37,28.92,0.03,20,57811,买盘
86,09:34:40,28.89,-0.03,42,121340,卖盘
87,09:34:42,28.89,0.0,10,28890,买盘
88,09:34:46,28.88,-0.01,12,34637,买盘
89,09:34:49,28.85,-0.03,48,138490,卖盘
90,09:34:52,28.82,-0.03,7,20191,卖盘
91,09:34:54,28.8,-0.02,16,46080,买盘
92,09:34:58,28.78,-0.02,58,164288,卖盘
93,09:35:00,28.75,-0.03,23,66161,卖盘
94,09:35:04,28.75,0.0,36,103585,卖盘
95,09:35:06,28.74,-0.01,3,8622,卖盘
96,09:35:10,28.77,0.03,51,146687,买盘
97,09:35:13,28.74,-0.03,9,25867,卖盘
98,09:35:15,28.74,0.0,19,54623,卖盘
99,09:35:19,28.74,0.0,14,40236,卖盘
100,09:35:22,28.74,0.0,6,17234,买盘
101,09:35:24,28.7,-0.04,14,40182,卖盘
102,09:35:27,28.7,0.0,2,5740,买盘
103,09:35:30,28.73,0.03,46,132042,买盘
104,09:35:34,28.72,-0.01,47,135045,卖盘
105,09:35:37,28.75,0.03,1,2875,买盘
106,09:35:40,28.72,-0.03,20,57455,卖盘
107,09:35:42,28.68,-0.04,43,123440,卖盘
108,09:35:49,28.69,0.01,83,238099,买盘
109,09:35:52,28.67,-0.02,4,11468,卖盘
110,09:35:55,28.75,0.08,21,60307,买盘
111,09:35:58,28.75,0.0,14,40250,卖盘
112,09:36:01,28.65,-0.1,60,172181,卖盘
113,09:36:04,28.67,0.02,15,43005,卖盘
114,09:36:13,28.67,0.0,16,45896,卖盘
115,09:36:16,28.68,0.01,6,17216,中性盘
116,09:36:19,28.68,0.0,16,45890,卖盘
117,09:36:22,28.69,0.01,13,37298,中性盘
118,09:36:24,28.69,0.0,27,77490,卖盘
119,09:36:27,28.68,-0.01,23,65969,卖盘
120,09:36:31,28.69,0.01,9,25822,买盘
121,09:36:33,28.7,0.01,8,22953,买盘
122,09:36:36,28.75,0.05,3,8619,买盘
123,09:36:40,28.7,-0.05,10,28726,卖盘
124,09:36:42,28.77,0.07,16,46012,买盘
125,09:36:49,28.82,0.05,126,362638,买盘
126,09:36:52,28.77,-0.05,54,155387,卖盘
127,09:36:54,28.74,-0.03,60,172520,卖盘
128,09:36:57,28.77,0.03,1,2877,中性盘
129,09:37:00,28.82,0.05,4,11519,买盘
130,09:37:06,28.77,-0.05,13,37461,卖盘
131,09:37:13,28.82,0.05,4,11527,买盘
132,09:37:16,28.8,-0.02,4,11520,中性盘
133,09:37:18,28.81,0.01,34,97980,买盘
134,09:37:21,28.8,-0.01,19,54720,卖盘
135,09:37:25,28.75,-0.05,9,25883,卖盘
136,09:37:28,28.8,0.05,12,34560,买盘
137,09:37:31,28.75,-0.05,6,17275,卖盘
138,09:37:33,28.79,0.04,2,5758,中性盘
139,09:37:36,28.8,0.01,34,97906,买盘
140,09:37:40,28.75,-0.05,37,106407,卖盘
141,09:37:42,28.75,0.0,91,261625,卖盘
142,09:37:46,28.76,0.01,39,112133,买盘
143,09:37:49,28.79,0.03,5,14394,买盘
144,09:37:52,28.7,-0.09,78,224089,卖盘
145,09:37:54,28.74,0.04,33,94714,买盘
146,09:37:57,28.7,-0.04,6,17234,中性盘
147,09:38:04,28.69,-0.01,31,88966,卖盘
148,09:38:10,28.7,0.01,2,5740,卖盘
149,09:38:13,28.7,0.0,7,20100,卖盘
150,09:38:16,28.71,0.01,2,5742,卖盘
151,09:38:19,28.71,0.0,17,48807,中性盘
152,09:38:25,28.69,-0.02,52,149263,卖盘
153,09:38:27,28.68,-0.01,15,43023,卖盘
154,09:38:30,28.69,0.01,20,57380,买盘
155,09:38:34,28.69,0.0,19,54500,买盘
156,09:38:37,28.67,-0.02,2,5734,卖盘
157,09:38:40,28.69,0.02,8,22952,买盘
158,09:38:43,28.67,-0.02,7,20069,卖盘
159,09:38:46,28.67,0.0,6,17202,卖盘
160,09:38:48,28.67,0.0,29,83143,卖盘
161,09:38:51,28.69,0.02,4,11476,买盘
162,09:38:54,28.65,-0.04,56,160542,卖盘
163,09:38:57,28.76,0.11,74,212466,买盘
164,09:39:01,28.76,0.0,6,17256,卖盘
165,09:39:04,28.67,-0.09,60,172380,卖盘
166,09:39:07,28.69,0.02,13,37297,卖盘
167,09:39:09,28.69,0.0,101,290941,卖盘
168,09:39:19,28.7,0.01,2,5740,卖盘
169,09:39:22,28.7,0.0,6,17217,中性盘
170,09:39:25,28.72,0.02,22,63144,买盘
171,09:39:28,28.7,-0.02,18,51660,卖盘
172,09:39:34,28.72,0.02,56,160736,买盘
173,09:39:36,28.75,0.03,64,183754,买盘
174,09:39:43,28.73,-0.02,12,34496,卖盘
175,09:39:49,28.69,-0.04,92,263957,卖盘
176,09:39:52,28.7,0.01,15,43042,买盘
177,09:39:54,28.72,0.02,7,20100,买盘
178,09:40:00,28.7,-0.02,5,14350,卖盘
179,09:40:07,28.71,0.01,31,88990,中性盘
180,09:40:10,28.69,-0.02,50,143505,卖盘
181,09:40:13,28.69,0.0,14,40186,卖盘
182,09:40:16,28.71,0.02,4,11484,中性盘
183,09:40:21,28.71,0.0,6,17221,买盘
184,09:40:24,28.68,-0.03,11,31557,卖盘
185,09:40:28,28.75,0.07,27,77600,买盘
186,09:40:31,28.71,-0.04,8,22958,买盘
187,09:40:37,28.71,0.0,8,22966,买盘
188,09:40:40,28.71,0.0,2,5742,卖盘
189,09:40:46,28.81,0.1,111,319356,买盘
190,09:40:49,28.8,-0.01,29,83520,卖盘
191,09:40:52,28.8,0.0,21,60480,卖盘
192,09:41:04,28.8,0.0,8,23040,买盘
193,09:41:07,28.79,-0.01,14,40306,中性盘
194,09:41:09,28.79,0.0,1,2879,中性盘
195,09:41:19,28.76,-0.03,18,51768,卖盘
196,09:41:22,28.76,0.0,1,2876,买盘
197,09:41:25,28.76,0.0,16,46016,买盘
198,09:41:28,28.75,-0.01,29,83375,卖盘
199,09:41:31,28.76,0.01,34,97784,买盘
200,09:41:34,28.75,-0.01,28,80567,卖盘
201,09:41:46,28.76,0.01,12,34512,卖盘
202,09:41:49,28.77,0.01,7,20139,中性盘
203,09:41:52,28.8,0.03,16,46080,买盘
204,09:41:57,28.76,-0.04,53,152470,卖盘
205,09:42:01,28.8,0.04,21,60448,买盘
206,09:42:07,28.8,0.0,9,25925,卖盘
207,09:42:09,28.81,0.01,2,5762,买盘
208,09:42:12,28.81,0.0,3,8643,买盘
209,09:42:15,28.81,0.0,8,24633,买盘
210,09:42:19,28.82,0.01,31,89318,买盘
211,09:42:22,28.86,0.04,1,2886,买盘
212,09:42:25,28.86,0.0,5,14429,买盘
213,09:42:27,28.82,-0.04,1,2882,卖盘
214,09:42:34,28.86,0.04,1,2886,买盘
215,09:42:37,28.86,0.0,6,17316,买盘
216,09:42:43,28.88,0.02,10,28877,买盘
217,09:42:46,28.88,0.0,30,86640,买盘
218,09:42:49,28.86,-0.02,34,98188,卖盘
219,09:42:52,28.88,0.02,60,173280,买盘
220,09:42:54,28.88,0.0,11,31768,买盘
221,09:42:57,28.88,0.0,25,72198,买盘
222,09:43:01,28.88,0.0,10,28880,买盘
223,09:43:04,28.88,0.0,12,34655,买盘
224,09:43:06,28.89,0.01,44,127079,买盘
225,09:43:13,28.88,-0.01,55,158845,卖盘
226,09:43:15,28.89,0.01,74,213764,买盘
227,09:43:19,28.89,0.0,131,378443,买盘
228,09:43:22,28.88,-0.01,5,14440,中性盘
229,09:43:25,28.88,0.0,3,8664,卖盘
230,09:43:28,28.88,0.0,18,51987,卖盘
231,09:43:34,28.88,0.0,1,2888,买盘
232,09:43:36,28.88,0.0,38,109744,买盘
233,09:43:39,28.88,0.0,3,8664,卖盘
234,09:43:43,28.89,0.01,2,5778,买盘
235,09:43:46,28.9,0.01,613,1771026,买盘
236,09:43:49,28.9,0.0,452,1306280,买盘
237,09:43:52,28.95,0.05,18,52059,买盘
238,09:43:55,28.97,0.02,19,55023,买盘
239,09:44:00,28.99,0.02,8,23190,买盘
240,09:44:04,29.0,0.01,49,142061,买盘
241,09:44:06,29.0,0.0,6,17400,买盘
242,09:44:09,29.0,0.0,35,101500,买盘
243,09:44:12,29.01,0.01,2,5802,卖盘
244,09:44:16,29.03,0.02,2,5806,买盘
245,09:44:19,29.03,0.0,13,37726,卖盘
246,09:44:22,29.08,0.05,2,5816,买盘
247,09:44:25,29.08,0.0,5,14529,买盘
248,09:44:28,29.09,0.01,23,66902,买盘
249,09:44:30,29.09,0.0,45,130919,卖盘
250,09:44:33,29.08,-0.01,107,311308,卖盘
251,09:44:36,29.08,0.0,44,127958,卖盘
252,09:44:40,29.04,-0.04,24,69778,卖盘
253,09:44:43,29.09,0.05,97,282044,买盘
254,09:44:46,29.08,-0.01,70,203446,卖盘
255,09:44:49,29.08,0.0,8,23252,卖盘
256,09:44:52,29.08,0.0,84,244118,买盘
257,09:44:54,29.08,0.0,11,31988,买盘
258,09:44:57,29.09,0.01,29,84361,买盘
259,09:45:01,29.09,0.0,5,14545,卖盘
260,09:45:03,29.09,0.0,13,37808,买盘
261,09:45:07,29.08,-0.01,2,5817,卖盘
262,09:45:10,29.09,0.01,11,31990,买盘
263,09:45:13,29.1,0.01,39,113445,买盘
264,09:45:16,29.09,-0.01,28,81444,卖盘
265,09:45:19,29.19,0.1,113,329451,买盘
266,09:45:22,29.04,-0.15,73,212437,卖盘
267,09:45:25,29.08,0.04,23,66852,买盘
268,09:45:27,29.08,0.0,24,69733,买盘
269,09:45:30,29.08,0.0,3,8724,买盘
270,09:45:33,29.08,0.0,30,87222,买盘
271,09:45:37,29.01,-0.07,25,72554,卖盘
272,09:45:40,29.01,0.0,5,14505,买盘
273,09:45:43,29.01,0.0,21,60921,买盘
274,09:45:48,28.98,-0.03,118,342190,卖盘
275,09:45:52,28.98,0.0,15,43470,买盘
276,09:45:55,28.98,0.0,26,75348,买盘
277,09:45:58,28.98,0.0,17,49174,买盘
278,09:46:01,28.98,0.0,30,86750,买盘
279,09:46:04,28.98,0.0,12,34776,买盘
280,09:46:07,28.97,-0.01,7,20285,中性盘
281,09:46:09,28.98,0.01,59,170922,买盘
282,09:46:13,28.98,0.0,19,55050,买盘
283,09:46:16,28.98,0.0,2,5796,卖盘
284,09:46:22,28.98,0.0,41,118619,买盘
285,09:46:25,28.95,-0.03,1,2895,卖盘
286,09:46:28,28.95,0.0,24,69512,卖盘
287,09:46:30,28.95,0.0,3,8685,买盘
288,09:46:34,28.98,0.03,59,170799,买盘
289,09:46:40,28.99,0.01,2,5798,买盘
290,09:46:43,28.98,-0.01,11,31878,卖盘
291,09:46:46,28.97,-0.01,4,11588,买盘
292,09:46:49,28.97,0.0,50,144850,买盘
293,09:46:54,28.97,0.0,1,2897,买盘
294,09:47:01,28.98,0.01,30,86920,买盘
295,09:47:04,28.96,-0.02,10,28960,卖盘
296,09:47:06,28.99,0.03,48,139084,买盘
297,09:47:13,28.99,0.0,33,95621,买盘
298,09:47:15,28.99,0.0,71,205820,买盘
299,09:47:19,28.97,-0.02,57,165287,卖盘
300,09:47:21,28.97,0.0,6,17382,卖盘
301,09:47:25,28.99,0.02,12,34786,中性盘
302,09:47:28,28.98,-0.01,2,5796,卖盘
303,09:47:31,28.99,0.01,19,55081,买盘
304,09:47:34,29.0,0.01,7,20300,买盘
305,09:47:37,28.99,-0.01,27,78294,卖盘
306,09:47:40,28.99,0.0,3,8697,买盘
307,09:47:42,28.98,-0.01,3,8696,卖盘
308,09:47:45,28.98,0.0,73,211554,卖盘
309,09:47:48,28.98,0.0,1,2898,买盘
310,09:47:52,28.98,0.0,1,2898,买盘
311,09:47:55,28.96,-0.02,25,72418,卖盘
312,09:47:58,28.98,0.02,76,220162,买盘
313,09:48:01,28.95,-0.03,32,92671,卖盘
314,09:48:04,28.95,0.0,13,37635,卖盘
315,09:48:06,28.96,0.01,33,95519,中性盘
316,09:48:10,28.97,0.01,22,63678,买盘
317,09:48:13,28.97,0.0,28,80992,买盘
318,09:48:15,28.91,-0.06,21,60695,卖盘
319,09:48:18,28.91,0.0,23,66507,买盘
320,09:48:22,28.9,-0.01,61,176334,卖盘
321,09:48:25,28.9,0.0,42,121351,卖盘
322,09:48:28,28.88,-0.02,10,28880,卖盘
323,09:48:30,28.86,-0.02,30,86692,卖盘
324,09:48:33,28.94,0.08,30,86738,买盘
325,09:48:37,28.94,0.0,55,159170,卖盘
326,09:48:40,28.94,0.0,28,81032,卖盘
327,09:48:43,28.94,0.0,84,243096,卖盘
328,09:48:45,28.83,-0.11,13,37527,卖盘
329,09:48:48,28.83,0.0,13,37514,卖盘
330,09:48:51,28.82,-0.01,44,126861,卖盘
331,09:48:55,28.83,0.01,9,25947,中性盘
332,09:48:58,28.81,-0.02,112,322741,卖盘
333,09:49:01,28.86,0.05,2,5772,卖盘
334,09:49:04,28.81,-0.05,48,138288,卖盘
335,09:49:07,28.82,0.01,15,41611,买盘
336,09:49:09,28.8,-0.02,23,66155,中性盘
337,09:49:12,28.8,0.0,47,135360,买盘
338,09:49:15,28.75,-0.05,43,123680,卖盘
339,09:49:19,28.75,0.0,13,37430,卖盘
340,09:49:22,28.75,0.0,21,60375,卖盘
341,09:49:25,28.75,0.0,22,63250,卖盘
342,09:49:28,28.7,-0.05,13,37310,卖盘
343,09:49:31,28.71,0.01,1,2871,买盘
344,09:49:34,28.69,-0.02,15,43040,卖盘
345,09:49:37,28.67,-0.02,7,20078,卖盘
346,09:49:39,28.69,0.02,61,174937,买盘
347,09:49:42,28.69,0.0,57,163630,卖盘
348,09:49:45,28.69,0.0,69,197884,买盘
349,09:49:49,28.7,0.01,8,22954,买盘
350,09:49:52,28.69,-0.01,15,43035,卖盘
351,09:49:55,28.7,0.01,18,51660,买盘
352,09:49:58,28.71,0.01,36,103356,中性盘
353,09:50:01,28.69,-0.02,34,97584,卖盘
354,09:50:03,28.7,0.01,16,45907,中性盘
355,09:50:06,28.74,0.04,1,2874,买盘
356,09:50:09,28.7,-0.04,19,54530,卖盘
357,09:50:16,28.7,0.0,14,40182,卖盘
358,09:50:19,28.74,0.04,1,2874,买盘
359,09:50:22,28.71,-0.03,17,48794,中性盘
360,09:50:25,28.74,0.03,3,8622,买盘
361,09:50:27,28.74,0.0,24,68937,买盘
362,09:50:31,28.74,0.0,15,43110,买盘
363,09:50:34,28.79,0.05,23,66148,买盘
364,09:50:40,28.79,0.0,19,54631,买盘
365,09:50:42,28.75,-0.04,1,4460,卖盘
366,09:50:46,28.74,-0.01,14,40245,卖盘
367,09:50:51,28.75,0.01,13,37375,卖盘
368,09:50:55,28.75,0.0,10,28775,卖盘
369,09:50:58,28.75,0.0,26,74800,卖盘
370,09:51:03,28.74,-0.01,22,63233,卖盘
371,09:51:07,28.74,0.0,16,45998,卖盘
372,09:51:10,28.75,0.01,41,117843,买盘
373,09:51:13,28.75,0.0,14,40247,买盘
374,09:51:15,28.74,-0.01,13,37372,卖盘
375,09:51:18,28.74,0.0,20,57480,卖盘
376,09:51:22,28.7,-0.04,117,334371,卖盘
377,09:51:25,28.7,0.0,14,40180,买盘
378,09:51:28,28.68,-0.02,68,195051,卖盘
379,09:51:31,28.68,0.0,19,54492,卖盘
380,09:51:34,28.67,-0.01,37,106085,卖盘
381,09:51:36,28.65,-0.02,96,275142,卖盘
382,09:51:39,28.66,0.01,62,177615,买盘
383,09:51:42,28.6,-0.06,204,583715,卖盘
384,09:51:46,28.6,0.0,278,795080,卖盘
385,09:51:49,28.6,0.0,114,326145,卖盘
386,09:51:52,28.54,-0.06,192,548912,卖盘
387,09:51:55,28.57,0.03,18,51422,买盘
388,09:51:58,28.6,0.03,53,151447,买盘
389,09:52:01,28.53,-0.07,81,231059,卖盘
390,09:52:04,28.51,-0.02,31,88411,卖盘
391,09:52:07,28.6,0.09,34,97087,买盘
392,09:52:09,28.6,0.0,10,28600,买盘
393,09:52:13,28.53,-0.07,1,2853,卖盘
394,09:52:15,28.54,0.01,41,117017,中性盘
395,09:52:19,28.57,0.03,10,28552,买盘
396,09:52:21,28.54,-0.03,65,185568,卖盘
397,09:52:24,28.54,0.0,17,48524,卖盘
398,09:52:28,28.54,0.0,30,85597,卖盘
399,09:52:31,28.56,0.02,11,31416,买盘
400,09:52:34,28.56,0.0,2,5712,买盘
401,09:52:37,28.53,-0.03,46,131286,卖盘
402,09:52:40,28.54,0.01,2,5710,卖盘
403,09:52:43,28.58,0.04,1,2858,买盘
404,09:52:49,28.6,0.02,11,31438,买盘
405,09:52:51,28.56,-0.04,1,2856,卖盘
406,09:52:54,28.58,0.02,14,39991,买盘
407,09:52:57,28.58,0.0,42,119908,买盘
408,09:53:00,28.57,-0.01,21,60010,中性盘
409,09:53:04,28.6,0.03,22,62913,买盘
410,09:53:12,28.59,-0.01,19,54339,卖盘
411,09:53:16,28.6,0.01,5,14300,卖盘
412,09:53:18,28.63,0.03,2,5726,买盘
413,09:53:28,28.7,0.07,30,86013,买盘
414,09:53:31,28.66,-0.04,1,2866,中性盘
415,09:53:33,28.66,0.0,1,2866,卖盘
416,09:53:36,28.66,0.0,10,28660,卖盘
417,09:53:39,28.69,0.03,9,25800,买盘
418,09:53:42,28.69,0.0,10,28690,买盘
419,09:53:46,28.67,-0.02,20,57360,卖盘
420,09:53:49,28.7,0.03,88,254132,买盘
421,09:53:58,28.74,0.04,1,2874,买盘
422,09:54:04,28.74,0.0,30,86220,买盘
423,09:54:09,28.74,0.0,12,34485,买盘
424,09:54:12,28.72,-0.02,14,40208,卖盘
425,09:54:19,28.74,0.02,19,54602,买盘
426,09:54:22,28.74,0.0,1,2874,卖盘
427,09:54:25,28.75,0.01,3,8625,买盘
428,09:54:28,28.74,-0.01,12,34493,卖盘
429,09:54:34,28.74,0.0,1,2874,卖盘
430,09:54:42,28.75,0.01,15,43173,买盘
431,09:54:45,28.74,-0.01,53,152324,卖盘
432,09:54:52,28.74,0.0,10,28740,卖盘
433,09:54:58,28.74,0.0,9,25866,卖盘
434,09:55:01,28.74,0.0,1,2874,卖盘
435,09:55:04,28.75,0.01,104,298948,买盘
436,09:55:07,28.74,-0.01,4,11496,买盘
437,09:55:09,28.74,0.0,9,25866,中性盘
438,09:55:16,28.73,-0.01,4,11492,卖盘
439,09:55:18,28.72,-0.01,41,117822,卖盘
440,09:55:22,28.73,0.01,24,68952,买盘
441,09:55:25,28.73,0.0,22,63198,卖盘
442,09:55:28,28.7,-0.03,454,1302497,卖盘
443,09:55:31,28.73,0.03,1,2873,买盘
444,09:55:34,28.7,-0.03,34,97586,卖盘
445,09:55:36,28.72,0.02,5,14360,中性盘
446,09:55:43,28.7,-0.02,172,492579,卖盘
447,09:55:49,28.69,-0.01,35,100405,卖盘
448,09:55:58,28.67,-0.02,1,2867,卖盘
449,09:56:01,28.67,0.0,6,17204,卖盘
450,09:56:04,28.67,0.0,1,2867,卖盘
451,09:56:06,28.67,0.0,8,22936,卖盘
452,09:56:10,28.67,0.0,15,43007,卖盘
453,09:56:13,28.67,0.0,28,80276,卖盘
454,09:56:19,28.69,0.02,17,48773,买盘
455,09:56:24,28.69,0.0,14,40166,买盘
456,09:56:30,28.69,0.0,18,51639,买盘
457,09:56:43,28.7,0.01,7,20090,卖盘
458,09:56:46,28.7,0.0,19,54530,卖盘
459,09:56:48,28.7,0.0,9,25830,买盘
460,09:56:54,28.7,0.0,2,5740,买盘
461,09:56:57,28.7,0.0,3,8610,卖盘
462,09:57:01,28.7,0.0,4,11482,卖盘
463,09:57:04,28.7,0.0,2,5740,买盘
464,09:57:10,28.72,0.02,10,28716,买盘
465,09:57:13,28.73,0.01,18,51697,买盘
466,09:57:15,28.75,0.02,1,2875,买盘
467,09:57:22,28.73,-0.02,10,28730,卖盘
468,09:57:25,28.73,0.0,1,2873,卖盘
469,09:57:27,28.72,-0.01,7,20109,卖盘
470,09:57:30,28.72,0.0,21,60312,卖盘
471,09:57:34,28.75,0.03,6,17250,买盘
472,09:57:37,28.79,0.04,32,91936,中性盘
473,09:57:40,28.75,-0.04,34,97750,卖盘
474,09:57:42,28.75,0.0,9,25875,卖盘
475,09:57:45,28.72,-0.03,65,186848,卖盘
476,09:57:48,28.72,0.0,35,100520,卖盘
477,09:57:52,28.7,-0.02,7,20090,卖盘
478,09:57:55,28.7,0.0,55,157850,买盘
479,09:57:58,28.69,-0.01,38,109024,卖盘
480,09:58:01,28.69,0.0,14,40166,买盘
481,09:58:04,28.68,-0.01,6,17208,卖盘
482,09:58:06,28.68,0.0,3,8604,卖盘
483,09:58:09,28.68,0.0,7,20076,卖盘
484,09:58:13,28.67,-0.01,80,229390,卖盘
485,09:58:19,28.68,0.01,4,11471,买盘
486,09:58:22,28.68,0.0,1,2868,买盘
487,09:58:25,28.68,0.0,15,43010,买盘
488,09:58:30,28.67,-0.01,19,54473,卖盘
489,09:58:33,28.67,0.0,1,2867,卖盘
490,09:58:39,28.7,0.03,184,527952,买盘
491,09:58:43,28.7,0.0,1,2870,卖盘
492,09:58:46,28.72,0.02,1,2872,买盘
493,09:58:49,28.7,-0.02,7,20093,卖盘
494,09:58:51,28.75,0.05,103,295836,买盘
495,09:58:55,28.7,-0.05,109,312915,卖盘
496,09:58:57,28.71,0.01,127,364500,买盘
497,09:59:00,28.72,0.01,8,22976,买盘
498,09:59:07,28.8,0.08,1,2880,买盘
499,09:59:10,28.72,-0.08,6,17240,卖盘
500,09:59:13,28.7,-0.02,199,571204,卖盘
501,09:59:15,28.7,0.0,5,14350,卖盘
502,09:59:21,28.72,0.02,5,14360,卖盘
503,09:59:28,28.78,0.06,1,2878,买盘
504,09:59:31,28.77,-0.01,7,20109,中性盘
505,09:59:34,28.7,-0.07,155,444978,卖盘
506,09:59:49,28.7,0.0,3,8610,买盘
507,09:59:52,28.7,0.0,2,5740,买盘
508,09:59:55,28.7,0.0,30,86100,买盘
509,09:59:58,28.7,0.0,5,14350,买盘
510,10:00:04,28.68,-0.02,6,17208,卖盘
511,10:00:06,28.68,0.0,10,28680,卖盘
512,10:00:13,28.68,0.0,1,2868,买盘
513,10:00:16,28.68,0.0,1,2868,买盘
514,10:00:25,28.68,0.0,13,37282,买盘
515,10:00:31,28.68,0.0,6,17206,买盘
516,10:00:34,28.68,0.0,4,11472,买盘
517,10:00:37,28.68,0.0,5,14336,买盘
518,10:00:39,28.67,-0.01,31,88878,卖盘
519,10:00:43,28.67,0.0,21,60207,卖盘
520,10:00:45,28.66,-0.01,22,63052,卖盘
521,10:00:48,28.67,0.01,2,5734,买盘
522,10:00:52,28.67,0.0,6,17202,买盘
523,10:00:55,28.68,0.01,20,57345,买盘
524,10:00:57,28.67,-0.01,12,34410,中性盘
525,10:01:01,28.68,0.01,31,88898,买盘
526,10:01:04,28.66,-0.02,24,68793,卖盘
527,10:01:06,28.7,0.04,8,22956,买盘
528,10:01:16,28.67,-0.03,2,5735,卖盘
529,10:01:19,28.7,0.03,4,11480,买盘
530,10:01:22,28.68,-0.02,7,20082,中性盘
531,10:01:25,28.7,0.02,14,40180,买盘
532,10:01:27,28.7,0.0,13,37310,买盘
533,10:01:31,28.67,-0.03,25,71679,卖盘
534,10:01:34,28.72,0.05,62,179022,买盘
535,10:01:40,28.75,0.03,51,146490,买盘
536,10:01:43,28.75,0.0,1,2875,买盘
537,10:01:45,28.75,0.0,2,5750,买盘
538,10:01:51,28.74,-0.01,26,74770,卖盘
539,10:01:54,28.78,0.04,50,143888,买盘
540,10:02:04,28.8,0.02,26,74830,买盘
541,10:02:10,28.8,0.0,3,8640,买盘
542,10:02:18,28.78,-0.02,86,247554,卖盘
543,10:02:27,28.85,0.07,1,2885,买盘
544,10:02:30,28.85,0.0,14,40390,买盘
545,10:02:37,28.88,0.03,1,2888,买盘
546,10:02:40,28.88,0.0,10,28880,买盘
547,10:02:46,28.88,0.0,3,8664,买盘
548,10:02:49,28.85,-0.03,3,8661,卖盘
549,10:02:58,28.88,0.03,2,5774,买盘
550,10:03:01,28.88,0.0,1,2888,买盘
551,10:03:04,28.88,0.0,2,5776,买盘
552,10:03:06,28.86,-0.02,6,17322,卖盘
553,10:03:13,28.88,0.02,4,11552,卖盘
554,10:03:19,28.9,0.02,19,54897,买盘
555,10:03:22,28.88,-0.02,2,5776,卖盘
556,10:03:25,28.89,0.01,9,25999,买盘
557,10:03:30,28.89,0.0,1,2889,买盘
558,10:03:33,28.88,-0.01,1,2888,买盘
559,10:03:40,28.87,-0.01,10,28874,卖盘
560,10:03:43,28.88,0.01,2,5777,卖盘
561,10:03:45,29.0,0.12,100,289581,买盘
562,10:03:51,28.88,-0.12,6,17332,卖盘
563,10:03:58,28.96,0.08,4,11582,买盘
564,10:04:04,28.94,-0.02,1,2894,买盘
565,10:04:06,28.95,0.01,4,11578,买盘
566,10:04:10,28.95,0.0,8,23160,买盘
567,10:04:19,28.94,-0.01,6,17364,卖盘
568,10:04:25,28.93,-0.01,1,2893,买盘
569,10:04:27,28.93,0.0,4,11572,买盘
570,10:04:40,28.9,-0.03,6,17342,卖盘
571,10:04:43,28.9,0.0,25,72250,卖盘
572,10:04:45,28.9,0.0,15,43350,卖盘
573,10:04:48,28.9,0.0,8,23122,买盘
574,10:04:57,28.89,-0.01,37,106893,卖盘
575,10:05:00,28.89,0.0,4,11556,买盘
576,10:05:06,28.88,-0.01,34,98204,卖盘
577,10:05:10,28.88,0.0,16,46209,卖盘
578,10:05:13,28.89,0.01,1,2889,买盘
579,10:05:16,28.87,-0.02,10,28875,卖盘
580,10:05:22,28.88,0.01,2,5776,买盘
581,10:05:25,28.88,0.0,2,5776,买盘
582,10:05:28,28.88,0.0,21,60631,买盘
583,10:05:31,28.88,0.0,1,2888,买盘
584,10:05:33,28.87,-0.01,18,51966,卖盘
585,10:05:36,28.86,-0.01,21,60606,卖盘
586,10:05:40,28.85,-0.01,10,28850,卖盘
587,10:05:43,28.85,0.0,18,51922,买盘
588,10:05:46,28.85,0.0,9,25965,卖盘
589,10:05:52,28.85,0.0,4,11540,买盘
590,10:05:55,28.85,0.0,1,2885,买盘
591,10:05:57,28.83,-0.02,5,14417,中性盘
592,10:06:00,28.84,0.01,7,20171,买盘
593,10:06:15,28.83,-0.01,5,14415,买盘
594,10:06:18,28.8,-0.03,3,8643,卖盘
595,10:06:25,28.83,0.03,4,11532,买盘
596,10:06:30,28.83,0.0,4,11532,买盘
597,10:06:34,28.8,-0.03,1,2880,卖盘
598,10:06:39,28.8,0.0,2,5760,买盘
599,10:06:42,28.78,-0.02,1,2878,卖盘
600,10:06:55,28.78,0.0,14,40289,买盘
601,10:06:58,28.78,0.0,20,57560,买盘
602,10:07:01,28.79,0.01,1,2879,买盘
603,10:07:04,28.79,0.0,1,2879,买盘
604,10:07:07,28.79,0.0,2,5758,买盘
605,10:07:09,28.79,0.0,16,46064,买盘
606,10:07:12,28.79,0.0,8,23032,卖盘
607,10:07:19,28.8,0.01,4,11520,买盘
608,10:07:22,28.8,0.0,2,5760,买盘
609,10:07:25,28.8,0.0,9,25915,买盘
610,10:07:27,28.8,0.0,11,31680,买盘
611,10:07:34,28.8,0.0,2,5760,中性盘
612,10:07:36,28.83,0.03,4,11532,买盘
613,10:07:40,28.8,-0.03,20,57600,卖盘
614,10:07:43,28.83,0.03,3,8649,买盘
615,10:07:46,28.84,0.01,1,2884,买盘
616,10:07:49,28.84,0.0,1,2884,买盘
617,10:07:58,28.81,-0.03,16,46110,卖盘
618,10:08:01,28.85,0.04,86,248105,买盘
619,10:08:04,28.85,0.0,2,5770,买盘
620,10:08:06,28.85,0.0,1,2885,买盘
621,10:08:10,28.85,0.0,1,2885,买盘
622,10:08:16,28.85,0.0,18,51930,买盘
623,10:08:19,28.85,0.0,12,34620,买盘
624,10:08:27,28.86,0.01,1,2886,买盘
625,10:08:31,28.86,0.0,6,17316,买盘
626,10:08:34,28.86,0.0,4,11544,买盘
627,10:08:40,28.86,0.0,4,11544,买盘
628,10:08:43,28.86,0.0,5,14430,买盘
629,10:08:48,28.86,0.0,3,8658,买盘
630,10:08:51,28.86,0.0,8,23088,买盘
631,10:08:54,28.86,0.0,1,2886,买盘
632,10:08:58,28.85,-0.01,5,14429,卖盘
633,10:09:09,28.86,0.01,1,2886,买盘
634,10:09:12,28.87,0.01,5,14433,买盘
635,10:09:16,28.86,-0.01,4,11545,卖盘
636,10:09:28,28.87,0.01,4,11548,买盘
637,10:09:34,28.87,0.0,8,23093,买盘
638,10:09:37,28.87,0.0,5,14436,中性盘
639,10:09:40,28.86,-0.01,1,2886,卖盘
640,10:09:43,28.86,0.0,11,31746,卖盘
641,10:09:45,28.86,0.0,12,34632,卖盘
642,10:09:48,28.87,0.01,1,2887,买盘
643,10:09:52,28.86,-0.01,2,5772,卖盘
644,10:09:55,28.86,0.0,1,2886,卖盘
645,10:09:58,28.87,0.01,3,8659,买盘
646,10:10:10,28.86,-0.01,4,11544,买盘
647,10:10:19,28.85,-0.01,11,31735,卖盘
648,10:10:22,28.85,0.0,5,14426,中性盘
649,10:10:31,28.81,-0.04,6,17286,卖盘
650,10:10:37,28.8,-0.01,2,5760,卖盘
651,10:10:40,28.81,0.01,11,31681,买盘
652,10:10:43,28.81,0.0,10,28814,买盘
653,10:10:46,28.8,-0.01,2,5761,卖盘
654,10:10:49,28.83,0.03,5,14409,买盘
655,10:10:52,28.79,-0.04,1,2879,卖盘
656,10:10:54,28.78,-0.01,21,60439,卖盘
657,10:10:57,28.78,0.0,15,43170,卖盘
658,10:11:04,28.77,-0.01,4,11509,卖盘
659,10:11:07,28.75,-0.02,64,184121,卖盘
660,10:11:09,28.75,0.0,16,46008,卖盘
661,10:11:12,28.75,0.0,30,86250,卖盘
662,10:11:16,28.67,-0.08,34,97512,卖盘
663,10:11:21,28.68,0.01,9,25812,买盘
664,10:11:25,28.63,-0.05,84,240738,卖盘
665,10:11:27,28.65,0.02,11,31499,买盘
666,10:11:30,28.61,-0.04,22,62970,卖盘
667,10:11:33,28.63,0.02,4,11452,中性盘
668,10:11:37,28.62,-0.01,4,11448,买盘
669,10:11:40,28.61,-0.01,1,2861,卖盘
670,10:11:45,28.62,0.01,59,168812,买盘
671,10:11:48,28.63,0.01,1,2863,买盘
672,10:11:52,28.62,-0.01,23,65837,卖盘
673,10:11:55,28.63,0.01,36,103062,中性盘
674,10:11:58,28.64,0.01,16,45834,中性盘
675,10:12:01,28.63,-0.01,17,48685,卖盘
676,10:12:04,28.62,-0.01,51,146003,卖盘
677,10:12:06,28.65,0.03,7,20072,中性盘
678,10:12:13,28.65,0.0,5,14334,卖盘
679,10:12:16,28.63,-0.02,74,212032,卖盘
680,10:12:19,28.63,0.0,15,42945,买盘
681,10:12:22,28.63,0.0,7,20079,卖盘
682,10:12:25,28.63,0.0,26,74480,卖盘
683,10:12:33,28.75,0.12,4,11500,买盘
684,10:12:39,28.63,-0.12,21,60125,卖盘
685,10:12:46,28.74,0.11,1,2874,买盘
686,10:12:52,28.68,-0.06,18,51626,卖盘
687,10:12:54,28.68,0.0,1,2868,卖盘
688,10:13:00,28.75,0.07,7,20120,买盘
689,10:13:07,28.75,0.0,1,2875,买盘
690,10:13:12,28.74,-0.01,4,11496,卖盘
691,10:13:19,28.7,-0.04,4,11480,买盘
692,10:13:22,28.7,0.0,13,37310,买盘
693,10:13:31,28.71,0.01,5,14359,卖盘
694,10:13:33,28.75,0.04,14,40250,买盘
695,10:13:36,28.75,0.0,42,120710,买盘
696,10:13:39,28.74,-0.01,7,20118,中性盘
697,10:13:46,28.75,0.01,5,14372,买盘
698,10:13:49,28.71,-0.04,40,114847,卖盘
699,10:13:52,28.71,0.0,7,20097,买盘
700,10:13:55,28.74,0.03,29,83325,买盘
701,10:13:58,28.7,-0.04,1,2870,卖盘
702,10:14:04,28.71,0.01,3,8613,买盘
703,10:14:06,28.7,-0.01,4,11482,卖盘
704,10:14:10,28.71,0.01,20,57409,买盘
705,10:14:12,28.74,0.03,8,22977,买盘
706,10:14:19,28.7,-0.04,67,192415,卖盘
707,10:14:21,28.74,0.04,1,2874,卖盘
708,10:14:25,28.74,0.0,8,22992,买盘
709,10:14:28,28.74,0.0,5,14370,买盘
710,10:14:31,28.7,-0.04,4,11480,卖盘
711,10:14:34,28.74,0.04,1,2874,买盘
712,10:14:48,28.74,0.0,33,94842,买盘
713,10:14:58,28.74,0.0,2,5748,卖盘
714,10:15:01,28.76,0.02,20,57502,买盘
715,10:15:04,28.76,0.0,2,5752,卖盘
716,10:15:07,28.75,-0.01,9,25875,买盘
717,10:15:10,28.73,-0.02,17,48854,卖盘
718,10:15:16,28.73,0.0,2,5746,买盘
719,10:15:22,28.73,0.0,60,172380,买盘
720,10:15:25,28.74,0.01,16,45970,买盘
721,10:15:34,28.72,-0.02,2,5746,卖盘
722,10:15:40,28.78,0.06,4,11512,买盘
723,10:15:43,28.78,0.0,1,2878,买盘
724,10:15:52,28.79,0.01,1,2879,买盘
725,10:15:55,28.79,0.0,2,5758,买盘
726,10:16:01,28.79,0.0,1,2879,卖盘
727,10:16:04,28.8,0.01,1,2880,买盘
728,10:16:07,28.8,0.0,2,5760,买盘
729,10:16:09,28.8,0.0,4,11520,买盘
730,10:16:12,28.8,0.0,8,23040,买盘
731,10:16:15,28.79,-0.01,2,5758,卖盘
732,10:16:18,28.79,0.0,2,5758,卖盘
733,10:16:25,28.8,0.01,5,14398,买盘
734,10:16:27,28.8,0.0,10,28778,买盘
735,10:16:33,28.8,0.0,2,5760,卖盘
736,10:16:36,28.8,0.0,8,23040,卖盘
737,10:16:46,28.8,0.0,29,83633,卖盘
738,10:16:48,28.86,0.06,1,2886,买盘
739,10:16:51,28.8,-0.06,12,34560,卖盘
740,10:17:04,28.74,-0.06,4,11496,买盘
741,10:17:10,28.74,0.0,8,22992,买盘
742,10:17:12,28.74,0.0,18,51732,买盘
743,10:17:22,28.74,0.0,24,68976,买盘
744,10:17:28,28.74,0.0,6,17244,买盘
745,10:17:34,28.74,0.0,8,22992,买盘
746,10:17:42,28.74,0.0,6,17244,卖盘
747,10:17:51,28.74,0.0,4,11496,买盘
748,10:17:55,28.8,0.06,6,17250,买盘
749,10:17:58,28.73,-0.07,11,31605,卖盘
750,10:18:06,28.8,0.07,54,155078,买盘
751,10:18:16,28.8,0.0,12,34555,买盘
752,10:18:22,28.8,0.0,5,14399,买盘
753,10:18:24,28.79,-0.01,10,28790,中性盘
754,10:18:31,28.8,0.01,6,17280,买盘
755,10:18:33,28.71,-0.09,2,5742,卖盘
756,10:18:37,28.79,0.08,3,8637,中性盘
757,10:18:40,28.8,0.01,1,2880,买盘
758,10:18:43,28.71,-0.09,8,22968,卖盘
759,10:18:46,28.8,0.09,12,34560,买盘
760,10:18:52,28.8,0.0,1,2880,买盘
761,10:18:58,28.8,0.0,4,11520,买盘
762,10:19:01,28.8,0.0,2,5760,买盘
763,10:19:04,28.8,0.0,7,20160,买盘
764,10:19:06,28.72,-0.08,3,8616,卖盘
765,10:19:10,28.8,0.08,7,20158,买盘
766,10:19:12,28.79,-0.01,4,11516,中性盘
767,10:19:15,28.8,0.01,7,20158,买盘
768,10:19:25,28.8,0.0,1,2880,买盘
769,10:19:34,28.79,-0.01,8,23036,卖盘
770,10:19:40,28.79,0.0,7,20153,买盘
771,10:19:46,28.79,0.0,1,2879,买盘
772,10:19:49,28.73,-0.06,4,11492,卖盘
773,10:20:00,28.74,0.01,21,60354,卖盘
774,10:20:04,28.73,-0.01,4,11492,中性盘
775,10:20:07,28.72,-0.01,6,17233,卖盘
776,10:20:13,28.72,0.0,1,2872,卖盘
777,10:20:16,28.72,0.0,1,2872,买盘
778,10:20:19,28.71,-0.01,5,14358,卖盘
779,10:20:21,28.71,0.0,3,8613,卖盘
780,10:20:25,28.73,0.02,50,143635,买盘
781,10:20:27,28.7,-0.03,174,499404,卖盘
782,10:20:31,28.7,0.0,5,14350,买盘
783,10:20:33,28.7,0.0,17,48779,买盘
784,10:20:37,28.68,-0.02,1,2868,卖盘
785,10:20:43,28.69,0.01,4,11476,中性盘
786,10:20:52,28.69,0.0,223,638376,买盘
787,10:21:07,28.69,0.0,8,22950,买盘
788,10:21:10,28.69,0.0,2,5738,买盘
789,10:21:15,28.69,0.0,1,2869,买盘
790,10:21:19,28.65,-0.04,2,5730,卖盘
791,10:21:25,28.69,0.04,1,2869,买盘
792,10:21:33,28.7,0.01,6,17219,买盘
793,10:21:36,28.65,-0.05,57,163358,卖盘
794,10:21:40,28.65,0.0,1,2865,买盘
795,10:21:43,28.65,0.0,20,57300,买盘
796,10:21:46,28.65,0.0,3,8595,买盘
797,10:21:49,28.65,0.0,26,74490,买盘
798,10:21:51,28.65,0.0,5,14325,买盘
799,10:21:54,28.65,0.0,5,14325,买盘
800,10:21:57,28.69,0.04,3,8601,买盘
801,10:22:04,28.65,-0.04,16,45840,卖盘
802,10:22:06,28.65,0.0,8,22920,买盘
803,10:22:13,28.71,0.06,165,473538,买盘
804,10:22:16,28.7,-0.01,23,66029,卖盘
805,10:22:18,28.72,0.02,1,2872,买盘
806,10:22:21,28.72,0.0,4,11488,买盘
807,10:22:25,28.72,0.0,28,80419,卖盘
808,10:22:27,28.74,0.02,60,172394,买盘
809,10:22:34,28.77,0.03,52,149469,买盘
810,10:22:43,28.77,0.0,2,5754,买盘
811,10:22:45,28.76,-0.01,16,46030,卖盘
812,10:22:48,28.76,0.0,10,28768,卖盘
813,10:22:52,28.8,0.04,64,184302,买盘
814,10:23:04,28.85,0.05,13,37455,买盘
815,10:23:10,28.85,0.0,8,23080,卖盘
816,10:23:13,28.86,0.01,7,20196,买盘
817,10:23:16,28.88,0.02,50,144367,买盘
818,10:23:19,28.86,-0.02,4,11544,卖盘
819,10:23:24,28.88,0.02,8,23096,买盘
820,10:23:48,28.86,-0.02,5,14430,买盘
821,10:23:52,28.86,0.0,3,8657,买盘
822,10:23:55,28.88,0.02,100,288620,买盘
823,10:23:57,28.88,0.0,1,2888,买盘
824,10:24:01,28.82,-0.06,4,11536,卖盘
825,10:24:04,28.8,-0.02,8,23040,买盘
826,10:24:09,28.8,0.0,4,11520,买盘
827,10:24:15,28.8,0.0,30,86400,买盘
828,10:24:22,28.8,0.0,15,43217,买盘
829,10:24:28,28.8,0.0,10,28800,卖盘
830,10:24:31,28.85,0.05,20,57620,中性盘
831,10:24:34,28.8,-0.05,19,54722,卖盘
832,10:24:37,28.82,0.02,4,11522,买盘
833,10:24:43,28.82,0.0,16,46112,卖盘
834,10:24:54,28.8,-0.02,4,11520,买盘
835,10:25:04,28.8,0.0,5,14400,买盘
836,10:25:10,28.8,0.0,25,72000,买盘
837,10:25:16,28.85,0.05,1,2885,买盘
838,10:25:22,28.85,0.0,4,11540,买盘
839,10:25:24,28.84,-0.01,7,20188,买盘
840,10:25:28,28.8,-0.04,12,34560,卖盘
841,10:25:30,28.85,0.05,70,201950,买盘
842,10:25:40,28.87,0.02,1,2887,买盘
843,10:25:43,28.85,-0.02,3,8655,卖盘
844,10:25:49,28.89,0.04,89,257078,买盘
845,10:25:52,28.91,0.02,501,1447891,买盘
846,10:25:54,28.93,0.02,56,161996,买盘
847,10:25:58,28.91,-0.02,5,14455,卖盘
848,10:26:01,28.93,0.02,4,11566,买盘
849,10:26:04,28.93,0.0,24,69432,买盘
850,10:26:10,28.93,0.0,5,14465,卖盘
851,10:26:16,28.93,0.0,13,37609,卖盘
852,10:26:19,28.94,0.01,6,17364,买盘
853,10:26:21,28.95,0.01,2,5789,买盘
854,10:26:27,28.94,-0.01,10,28942,卖盘
855,10:26:31,28.95,0.01,5,14475,买盘
856,10:26:34,28.95,0.0,56,162110,买盘
857,10:26:37,28.95,0.0,1,2895,卖盘
858,10:26:40,28.96,0.01,79,228724,买盘
859,10:26:43,28.98,0.02,28,81139,买盘
860,10:26:46,28.98,0.0,1,2898,买盘
861,10:26:49,28.95,-0.03,130,376435,卖盘
862,10:26:54,28.98,0.03,39,113022,买盘
863,10:26:57,28.98,0.0,5,14490,卖盘
864,10:27:00,28.98,0.0,1,2898,卖盘
865,10:27:04,28.96,-0.02,37,107224,卖盘
866,10:27:06,28.98,0.02,5,14486,买盘
867,10:27:10,28.98,0.0,5,14490,买盘
868,10:27:16,28.98,0.0,14,40560,买盘
869,10:27:18,28.99,0.01,234,678228,买盘
870,10:27:21,28.99,0.0,6,17394,卖盘
871,10:27:24,28.95,-0.04,3,8690,卖盘
872,10:27:28,28.98,0.03,7,20281,中性盘
873,10:27:31,28.99,0.01,177,513049,买盘
874,10:27:34,28.9,-0.09,44,127321,卖盘
875,10:27:37,28.9,0.0,6,17340,买盘
876,10:27:45,28.91,0.01,97,281060,卖盘
877,10:27:48,28.98,0.07,34,98532,买盘
878,10:27:51,28.9,-0.08,34,98298,卖盘
879,10:27:54,28.91,0.01,6,16767,中性盘
880,10:27:58,28.91,0.0,3,8673,买盘
881,10:28:01,28.97,0.06,10,28970,买盘
882,10:28:04,28.91,-0.06,7,20237,卖盘
883,10:28:06,28.95,0.04,34,98522,中性盘
884,10:28:10,28.95,0.0,8,23168,卖盘
885,10:28:13,28.95,0.0,1,2895,买盘
886,10:28:16,28.95,0.0,4,11576,买盘
887,10:28:19,28.95,0.0,15,43425,买盘
888,10:28:22,28.97,0.02,8,23170,买盘
889,10:28:28,28.97,0.0,3,8691,卖盘
890,10:28:31,28.97,0.0,47,136172,卖盘
891,10:28:33,28.97,0.0,6,17382,买盘
892,10:28:40,28.97,0.0,28,81116,买盘
893,10:28:43,28.97,0.0,5,14485,买盘
894,10:28:46,28.97,0.0,8,23162,买盘
895,10:28:49,28.96,-0.01,8,23172,中性盘
896,10:28:52,28.97,0.01,25,72424,买盘
897,10:28:58,28.97,0.0,44,127468,买盘
898,10:29:01,28.97,0.0,12,34764,买盘
899,10:29:03,28.91,-0.06,42,121441,卖盘
900,10:29:07,28.95,0.04,25,72343,买盘
901,10:29:10,28.97,0.02,18,52144,买盘
902,10:29:13,28.97,0.0,25,72415,买盘
903,10:29:15,28.91,-0.06,1,2891,卖盘
904,10:29:18,28.95,0.04,1,2895,中性盘
905,10:29:25,28.95,0.0,4,11580,买盘
906,10:29:28,28.9,-0.05,8,23125,卖盘
907,10:29:31,28.96,0.06,10,28956,买盘
908,10:29:39,28.97,0.01,35,101375,买盘
909,10:29:42,28.96,-0.01,4,11584,卖盘
910,10:29:49,28.98,0.02,51,147792,买盘
911,10:29:52,28.96,-0.02,1,2896,卖盘
912,10:29:58,28.97,0.01,4,11588,买盘
913,10:30:01,28.97,0.0,2,5794,买盘
914,10:30:04,28.98,0.01,41,118789,买盘
915,10:30:06,28.96,-0.02,6,17376,卖盘
916,10:30:10,28.96,0.0,1,2896,卖盘
917,10:30:13,28.96,0.0,11,31856,卖盘
918,10:30:16,28.95,-0.01,9,26055,卖盘
919,10:30:18,28.9,-0.05,12,34722,卖盘
920,10:30:22,28.97,0.07,56,162208,买盘
921,10:30:25,28.95,-0.02,6,17371,中性盘
922,10:30:31,28.95,0.0,3,8685,买盘
923,10:30:40,28.95,0.0,88,254754,买盘
924,10:30:43,28.95,0.0,4,11580,卖盘
925,10:30:46,28.96,0.01,2,5791,买盘
926,10:30:49,28.96,0.0,19,54978,买盘
927,10:30:52,28.95,-0.01,4,11609,卖盘
928,10:30:54,28.91,-0.04,18,52120,卖盘
929,10:30:57,28.96,0.05,68,196891,买盘
930,10:31:04,28.97,0.01,9,26073,买盘
931,10:31:07,28.97,0.0,5,14485,卖盘
932,10:31:13,28.97,0.0,57,165157,卖盘
933,10:31:18,28.97,0.0,2,5794,买盘
934,10:31:21,28.98,0.01,64,185440,买盘
935,10:31:31,28.99,0.01,301,872415,买盘
936,10:31:34,28.97,-0.02,2,5794,中性盘
937,10:31:40,28.99,0.02,51,147817,买盘
938,10:31:46,28.99,0.0,42,121735,买盘
939,10:31:48,29.0,0.01,124,359571,买盘
940,10:31:51,28.99,-0.01,4,11596,中性盘
941,10:31:54,29.0,0.01,146,423399,买盘
942,10:31:57,29.0,0.0,98,284202,买盘
943,10:32:01,29.01,0.01,4,11604,买盘
944,10:32:04,29.05,0.04,53,153914,买盘
945,10:32:07,29.07,0.02,115,334123,买盘
946,10:32:10,29.09,0.02,120,349049,买盘
947,10:32:13,29.1,0.01,160,465585,买盘
948,10:32:16,29.11,0.01,416,1210723,买盘
949,10:32:19,29.15,0.04,27,78642,买盘
950,10:32:22,29.15,0.0,35,102017,买盘
951,10:32:25,29.15,0.0,14,40810,买盘
952,10:32:27,29.16,0.01,80,233269,买盘
953,10:32:34,29.13,-0.03,36,104939,卖盘
954,10:32:36,29.17,0.04,111,323605,买盘
955,10:32:40,29.15,-0.02,125,364442,买盘
956,10:32:43,29.14,-0.01,45,131135,中性盘
957,10:32:46,29.14,0.0,10,29140,买盘
958,10:32:49,29.13,-0.01,72,209766,卖盘
959,10:32:51,29.15,0.02,540,1575278,买盘
960,10:32:55,29.13,-0.02,63,183618,中性盘
961,10:32:58,29.13,0.0,72,209735,买盘
962,10:33:00,29.15,0.02,9,26225,买盘
963,10:33:04,29.15,0.0,16,46638,买盘
964,10:33:07,29.15,0.0,2,5830,买盘
965,10:33:10,29.14,-0.01,18,52446,中性盘
966,10:33:12,29.13,-0.01,34,99100,卖盘
967,10:33:16,29.15,0.02,91,265207,买盘
968,10:33:19,29.13,-0.02,276,803654,卖盘
969,10:33:24,29.12,-0.01,17,49503,买盘
970,10:33:27,29.09,-0.03,61,177666,卖盘
971,10:33:31,29.1,0.01,70,203753,买盘
972,10:33:33,29.1,0.0,10,29124,卖盘
973,10:33:39,29.14,0.04,89,259296,买盘
974,10:33:42,29.1,-0.04,121,352593,卖盘
975,10:33:45,29.1,0.0,3,8730,卖盘
976,10:33:48,29.13,0.03,15,43695,卖盘
977,10:33:52,29.11,-0.02,240,699423,卖盘
978,10:33:54,29.1,-0.01,50,145582,卖盘
979,10:33:57,29.1,0.0,267,777968,卖盘
980,10:34:01,29.13,0.03,1,2913,买盘
981,10:34:04,29.14,0.01,40,116530,买盘
982,10:34:10,29.13,-0.01,19,55300,买盘
983,10:34:13,29.1,-0.03,202,589039,中性盘
984,10:34:16,29.13,0.03,6,17478,买盘
985,10:34:19,29.1,-0.03,11,32013,卖盘
986,10:34:22,29.15,0.05,48,139868,买盘
987,10:34:25,29.11,-0.04,30,87376,卖盘
988,10:34:27,29.13,0.02,24,69890,买盘
989,10:34:30,29.1,-0.03,8,23286,卖盘
990,10:34:34,29.11,0.01,30,87330,买盘
991,10:34:36,29.11,0.0,72,209592,买盘
992,10:34:40,29.11,0.0,179,521069,买盘
993,10:34:43,29.11,0.0,211,614277,买盘
994,10:34:46,29.11,0.0,28,81555,卖盘
995,10:34:49,29.11,0.0,24,69941,卖盘
996,10:34:52,29.18,0.07,65,189494,买盘
997,10:34:55,29.2,0.02,144,420259,买盘
998,10:34:57,29.19,-0.01,39,113879,卖盘
999,10:35:01,29.21,0.02,64,186906,买盘
1000,10:35:03,29.2,-0.01,110,321614,中性盘
1001,10:35:07,29.25,0.05,94,274922,买盘
1002,10:35:10,29.19,-0.06,75,219064,卖盘
1003,10:35:13,29.24,0.05,36,105292,中性盘
1004,10:35:16,29.25,0.01,42,122643,买盘
1005,10:35:19,29.25,0.0,38,111180,卖盘
1006,10:35:22,29.25,0.0,35,102377,卖盘
1007,10:35:24,29.24,-0.01,219,640813,卖盘
1008,10:35:28,29.24,0.0,109,318704,买盘
1009,10:35:31,29.24,0.0,61,178346,买盘
1010,10:35:34,29.23,-0.01,32,93532,中性盘
1011,10:35:36,29.24,0.01,203,593337,买盘
1012,10:35:39,29.25,0.01,35,102360,买盘
1013,10:35:43,29.22,-0.03,12,35064,买盘
1014,10:35:46,29.21,-0.01,50,146002,中性盘
1015,10:35:49,29.2,-0.01,21,61339,中性盘
1016,10:35:52,29.22,0.02,24,70100,买盘
1017,10:35:54,29.2,-0.02,2,5840,中性盘
1018,10:35:58,29.21,0.01,78,227890,买盘
1019,10:36:01,29.2,-0.01,13,37946,中性盘
1020,10:36:04,29.18,-0.02,7,20426,卖盘
1021,10:36:10,29.18,0.0,31,90488,卖盘
1022,10:36:13,29.18,0.0,2,5836,买盘
1023,10:36:16,29.16,-0.02,18,52490,卖盘
1024,10:36:19,29.18,0.02,4,11670,买盘
1025,10:36:25,29.16,-0.02,65,189507,卖盘
1026,10:36:28,29.16,0.0,9,26244,买盘
1027,10:36:31,29.16,0.0,19,55418,卖盘
1028,10:36:33,29.16,0.0,3,8748,卖盘
1029,10:36:37,29.16,0.0,23,67068,卖盘
1030,10:36:39,29.15,-0.01,3,8746,卖盘
1031,10:36:43,29.18,0.03,29,84596,买盘
1032,10:36:46,29.15,-0.03,38,110773,卖盘
1033,10:36:49,29.18,0.03,91,265538,买盘
1034,10:36:52,29.18,0.0,4,11672,卖盘
1035,10:36:55,29.16,-0.02,65,189639,卖盘
1036,10:36:57,29.18,0.02,15,43760,中性盘
1037,10:37:00,29.19,0.01,6,17514,买盘
1038,10:37:03,29.16,-0.03,50,145918,卖盘
1039,10:37:16,29.17,0.01,23,67091,买盘
1040,10:37:19,29.16,-0.01,5,14580,卖盘
1041,10:37:21,29.17,0.01,11,32079,买盘
1042,10:37:27,29.17,0.0,5,14585,卖盘
1043,10:37:31,29.18,0.01,5,14588,买盘
1044,10:37:34,29.18,0.0,41,119628,买盘
1045,10:37:37,29.17,-0.01,4,11668,中性盘
1046,10:37:43,29.19,0.02,64,186755,买盘
1047,10:37:45,29.15,-0.04,2,5830,卖盘
1048,10:37:48,29.15,0.0,5,14575,卖盘
1049,10:37:51,29.18,0.03,4,11669,买盘
1050,10:38:00,29.18,0.0,34,99212,买盘
1051,10:38:07,29.19,0.01,29,84643,买盘
1052,10:38:10,29.19,0.0,57,166354,卖盘
1053,10:38:16,29.18,-0.01,10,29180,卖盘
1054,10:38:18,29.19,0.01,49,143027,买盘
1055,10:38:21,29.19,0.0,32,93438,卖盘
1056,10:38:24,29.2,0.01,1,2920,买盘
1057,10:38:27,29.19,-0.01,39,113861,卖盘
1058,10:38:31,29.19,0.0,26,75914,卖盘
1059,10:38:34,29.2,0.01,41,119699,买盘
1060,10:38:37,29.2,0.0,47,137284,卖盘
1061,10:38:40,29.22,0.02,7,20454,买盘
1062,10:38:43,29.22,0.0,105,306910,卖盘
1063,10:38:46,29.31,0.09,862,2523200,买盘
1064,10:38:48,29.33,0.02,34,99676,买盘
1065,10:38:51,29.31,-0.02,51,149511,卖盘
1066,10:38:55,29.35,0.04,26,76277,买盘
1067,10:38:57,29.36,0.01,41,120343,买盘
1068,10:39:01,29.36,0.0,20,58720,买盘
1069,10:39:04,29.37,0.01,59,173254,买盘
1070,10:39:07,29.38,0.01,5,14690,买盘
1071,10:39:10,29.36,-0.02,17,49937,卖盘
1072,10:39:12,29.37,0.01,131,384756,卖盘
1073,10:39:15,29.38,0.01,95,279110,买盘
1074,10:39:18,29.38,0.0,32,94046,卖盘
1075,10:39:21,29.37,-0.01,261,766720,卖盘
1076,10:39:24,29.36,-0.01,185,543494,卖盘
1077,10:39:28,29.38,0.02,25,73448,中性盘
1078,10:39:31,29.38,0.0,25,73428,买盘
1079,10:39:34,29.37,-0.01,136,399401,卖盘
1080,10:39:37,29.38,0.01,91,267214,买盘
1081,10:39:42,29.36,-0.02,17,49912,买盘
1082,10:39:45,29.36,0.0,67,196418,买盘
1083,10:39:52,29.35,-0.01,33,96848,买盘
1084,10:39:54,29.35,0.0,22,64558,买盘
1085,10:39:57,29.34,-0.01,97,284537,中性盘
1086,10:40:01,29.3,-0.04,32,93784,卖盘
1087,10:40:04,29.33,0.03,50,146646,买盘
1088,10:40:07,29.3,-0.03,136,398760,卖盘
1089,10:40:09,29.3,0.0,3,8790,卖盘
1090,10:40:13,29.3,0.0,24,70320,卖盘
1091,10:40:16,29.3,0.0,325,952276,卖盘
1092,10:40:19,29.3,0.0,50,146545,卖盘
1093,10:40:22,29.33,0.03,237,694500,买盘
1094,10:40:25,29.33,0.0,96,281409,买盘
1095,10:40:28,29.3,-0.03,32,93790,卖盘
1096,10:40:31,29.3,0.0,2,5860,买盘
1097,10:40:34,29.3,0.0,12,35160,买盘
1098,10:40:36,29.3,0.0,7,20510,买盘
1099,10:40:39,29.26,-0.04,11,32166,买盘
1100,10:40:43,29.3,0.04,26,76148,买盘
1101,10:40:46,29.26,-0.04,2,5852,买盘
1102,10:40:49,29.3,0.04,79,231466,买盘
1103,10:40:52,29.3,0.0,67,196310,卖盘
1104,10:40:55,29.3,0.0,14,41020,卖盘
1105,10:40:58,29.3,0.0,31,90850,卖盘
1106,10:41:01,29.3,0.0,14,41029,卖盘
1107,10:41:04,29.32,0.02,49,143668,买盘
1108,10:41:07,29.32,0.0,10,29320,卖盘
1109,10:41:09,29.33,0.01,129,378248,买盘
1110,10:41:13,29.33,0.0,18,52794,卖盘
1111,10:41:18,29.35,0.02,66,193679,买盘
1112,10:41:22,29.3,-0.05,173,507321,卖盘
1113,10:41:24,29.3,0.0,45,131850,买盘
1114,10:41:28,29.3,0.0,61,178730,买盘
1115,10:41:31,29.3,0.0,52,152354,买盘
1116,10:41:34,29.3,0.0,23,67387,买盘
1117,10:41:37,29.26,-0.04,5,14630,卖盘
1118,10:41:43,29.26,0.0,1,2926,买盘
1119,10:41:45,29.26,0.0,3,8778,买盘
1120,10:41:49,29.26,0.0,3,8778,卖盘
1121,10:41:51,29.26,0.0,17,49742,卖盘
1122,10:41:54,29.27,0.01,32,93664,买盘
1123,10:41:57,29.26,-0.01,6,17557,卖盘
1124,10:42:01,29.26,0.0,19,55598,卖盘
1125,10:42:04,29.27,0.01,2,5854,卖盘
1126,10:42:07,29.3,0.03,100,292970,买盘
1127,10:42:10,29.29,-0.01,21,61509,中性盘
1128,10:42:13,29.3,0.01,41,120107,买盘
1129,10:42:15,29.28,-0.02,3,8784,卖盘
1130,10:42:19,29.28,0.0,97,284184,中性盘
1131,10:42:22,29.3,0.02,14,41010,买盘
1132,10:42:25,29.3,0.0,33,96687,买盘
1133,10:42:28,29.29,-0.01,20,58589,卖盘
1134,10:42:30,29.27,-0.02,509,1490590,卖盘
1135,10:42:34,29.28,0.01,1,2928,中性盘
1136,10:42:40,29.3,0.02,26,76157,买盘
1137,10:42:42,29.29,-0.01,2,5858,中性盘
1138,10:42:45,29.3,0.01,14,41018,买盘
1139,10:42:49,29.3,0.0,4,11720,买盘
1140,10:42:51,29.29,-0.01,5,14645,卖盘
1141,10:42:57,29.3,0.01,20,58600,买盘
1142,10:43:03,29.3,0.0,3,8790,卖盘
1143,10:43:06,29.3,0.0,5,14650,卖盘
1144,10:43:09,29.32,0.02,7,20516,买盘
1145,10:43:13,29.3,-0.02,20,58600,卖盘
1146,10:43:15,29.32,0.02,31,90896,买盘
1147,10:43:18,29.3,-0.02,30,87938,卖盘
1148,10:43:22,29.33,0.03,129,378257,买盘
1149,10:43:24,29.33,0.0,21,61593,卖盘
1150,10:43:27,29.32,-0.01,118,346084,卖盘
1151,10:43:31,29.34,0.02,46,134954,买盘
1152,10:43:34,29.34,0.0,1,2934,卖盘
1153,10:43:37,29.34,0.0,2,5868,卖盘
1154,10:43:40,29.34,0.0,6,17605,卖盘
1155,10:43:42,29.34,0.0,71,208319,卖盘
1156,10:43:45,29.34,0.0,22,64548,卖盘
1157,10:43:48,29.34,0.0,54,158436,买盘
1158,10:43:52,29.33,-0.01,13,38131,卖盘
1159,10:43:58,29.33,0.0,40,117304,卖盘
1160,10:44:00,29.27,-0.06,45,131809,卖盘
1161,10:44:04,29.33,0.06,16,46928,买盘
1162,10:44:07,29.27,-0.06,51,149385,卖盘
1163,10:44:12,29.27,0.0,75,219540,卖盘
1164,10:44:18,29.28,0.01,11,32210,中性盘
1165,10:44:22,29.27,-0.01,82,240120,卖盘
1166,10:44:25,29.3,0.03,10,29115,买盘
1167,10:44:28,29.3,0.0,13,38266,卖盘
1168,10:44:34,29.3,0.0,3,8787,卖盘
1169,10:44:43,29.27,-0.03,15,43920,卖盘
1170,10:44:46,29.29,0.02,1,2929,中性盘
1171,10:44:54,29.27,-0.02,6,17562,卖盘
1172,10:44:57,29.29,0.02,22,64438,买盘
1173,10:45:01,29.27,-0.02,7,20489,卖盘
1174,10:45:04,29.27,0.0,16,46832,卖盘
1175,10:45:07,29.27,0.0,51,149277,买盘
1176,10:45:13,29.27,0.0,26,76102,买盘
1177,10:45:16,29.26,-0.01,2,5852,卖盘
1178,10:45:22,29.23,-0.03,20,58475,卖盘
1179,10:45:25,29.24,0.01,2,5850,中性盘
1180,10:45:28,29.24,0.0,10,29240,卖盘
1181,10:45:31,29.23,-0.01,52,152033,卖盘
1182,10:45:34,29.23,0.0,145,423564,买盘
1183,10:45:43,29.21,-0.02,2,5842,卖盘
1184,10:45:46,29.21,0.0,69,201549,卖盘
1185,10:45:49,29.17,-0.04,175,510991,卖盘
1186,10:45:52,29.21,0.04,3,8763,买盘
1187,10:46:00,29.17,-0.04,33,96269,卖盘
1188,10:46:04,29.21,0.04,19,55486,买盘
1189,10:46:06,29.18,-0.03,5,14590,卖盘
1190,10:46:09,29.17,-0.01,5,14585,卖盘
1191,10:46:12,29.18,0.01,1,2918,中性盘
1192,10:46:15,29.18,0.0,5,14590,卖盘
1193,10:46:21,29.18,0.0,29,84672,卖盘
1194,10:46:24,29.18,0.0,2,5836,卖盘
1195,10:46:31,29.18,0.0,75,218940,买盘
1196,10:46:34,29.17,-0.01,5,14585,卖盘
1197,10:46:37,29.18,0.01,68,198461,买盘
1198,10:46:40,29.18,0.0,2,5836,卖盘
1199,10:46:43,29.18,0.0,4,11672,卖盘
1200,10:46:46,29.18,0.0,4,11672,卖盘
1201,10:46:49,29.18,0.0,103,300738,卖盘
1202,10:46:51,29.18,0.0,34,99212,卖盘
1203,10:46:55,29.19,0.01,12,35028,中性盘
1204,10:46:58,29.19,0.0,2,5838,买盘
1205,10:47:01,29.18,-0.01,2,5836,卖盘
1206,10:47:04,29.19,0.01,2,5838,买盘
1207,10:47:07,29.18,-0.01,1,2918,卖盘
1208,10:47:16,29.18,0.0,8,23344,卖盘
1209,10:47:19,29.18,0.0,25,72950,卖盘
1210,10:47:22,29.18,0.0,2,5836,卖盘
1211,10:47:25,29.19,0.01,5,14595,买盘
1212,10:47:27,29.18,-0.01,4,11672,卖盘
1213,10:47:31,29.18,0.0,16,46703,卖盘
1214,10:47:33,29.18,0.0,15,43772,卖盘
1215,10:47:36,29.19,0.01,11,32109,买盘
1216,10:47:39,29.19,0.0,52,151838,卖盘
1217,10:47:42,29.18,-0.01,20,58374,卖盘
1218,10:47:58,29.18,0.0,8,23344,卖盘
1219,10:48:04,29.19,0.01,7,20433,买盘
1220,10:48:06,29.18,-0.01,20,58362,卖盘
1221,10:48:09,29.18,0.0,8,23350,卖盘
1222,10:48:12,29.18,0.0,52,151736,卖盘
1223,10:48:16,29.21,0.03,70,204435,买盘
1224,10:48:19,29.19,-0.02,17,49624,卖盘
1225,10:48:28,29.19,0.0,2,5838,卖盘
1226,10:48:37,29.19,0.0,16,46714,卖盘
1227,10:48:40,29.23,0.04,10,29225,买盘
1228,10:48:49,29.16,-0.07,113,329797,卖盘
1229,10:48:55,29.19,0.03,23,67137,买盘
1230,10:48:58,29.19,0.0,59,172215,买盘
1231,10:49:00,29.19,0.0,2,5838,卖盘
1232,10:49:03,29.19,0.0,7,20433,卖盘
1233,10:49:06,29.19,0.0,5,14595,卖盘
1234,10:49:10,29.2,0.01,2,5840,买盘
1235,10:49:13,29.2,0.0,30,87600,买盘
1236,10:49:16,29.19,-0.01,28,81744,卖盘
1237,10:49:19,29.19,0.0,5,14595,卖盘
1238,10:49:22,29.22,0.03,10,29206,买盘
1239,10:49:31,29.23,0.01,10,29222,买盘
1240,10:49:37,29.22,-0.01,1,2922,中性盘
1241,10:49:40,29.23,0.01,4,11692,买盘
1242,10:49:43,29.24,0.01,20,58456,买盘
1243,10:49:46,29.24,0.0,11,32144,买盘
1244,10:49:49,29.25,0.01,42,122815,买盘
1245,10:49:52,29.24,-0.01,4,11696,中性盘
1246,10:49:54,29.24,0.0,11,32164,买盘
1247,10:49:57,29.26,0.02,29,84845,买盘
1248,10:50:01,29.26,0.0,1,2926,买盘
1249,10:50:04,29.27,0.01,100,292693,买盘
1250,10:50:06,29.27,0.0,29,84837,买盘
1251,10:50:10,29.24,-0.03,21,61420,卖盘
1252,10:50:13,29.24,0.0,15,43888,卖盘
1253,10:50:16,29.27,0.03,15,43892,买盘
1254,10:50:19,29.27,0.0,56,163912,买盘
1255,10:50:24,29.27,0.0,30,87810,买盘
1256,10:50:27,29.27,0.0,12,35124,买盘
1257,10:50:31,29.27,0.0,19,55613,买盘
1258,10:50:40,29.27,0.0,1,2927,买盘
1259,10:50:43,29.27,0.0,12,35124,买盘
1260,10:50:46,29.27,0.0,27,79029,买盘
1261,10:50:52,29.26,-0.01,239,699354,卖盘
1262,10:51:01,29.26,0.0,4,11704,买盘
1263,10:51:04,29.26,0.0,25,73149,买盘
1264,10:51:07,29.25,-0.01,25,73125,买盘
1265,10:51:15,29.25,0.0,11,32175,买盘
1266,10:51:18,29.24,-0.01,2,5849,卖盘
1267,10:51:21,29.24,0.0,32,93587,卖盘
1268,10:51:25,29.24,0.0,15,43860,买盘
1269,10:51:31,29.24,0.0,1,2924,买盘
1270,10:51:34,29.21,-0.03,50,146050,卖盘
1271,10:51:36,29.24,0.03,13,38012,买盘
1272,10:51:39,29.21,-0.03,1,2921,卖盘
1273,10:51:43,29.24,0.03,2,5848,买盘
1274,10:51:49,29.21,-0.03,5,14605,卖盘
1275,10:51:51,29.21,0.0,1,2921,买盘
1276,10:51:54,29.25,0.04,15,43848,买盘
1277,10:51:57,29.21,-0.04,2,5842,买盘
1278,10:52:04,29.19,-0.02,258,753232,卖盘
1279,10:52:07,29.19,0.0,30,87570,买盘
1280,10:52:09,29.19,0.0,10,29189,买盘
1281,10:52:12,29.19,0.0,5,14595,买盘
1282,10:52:22,29.19,0.0,3,8757,卖盘
1283,10:52:24,29.2,0.01,8,23357,买盘
1284,10:52:27,29.2,0.0,33,96332,买盘
1285,10:52:31,29.2,0.0,5,14604,卖盘
1286,10:52:33,29.2,0.0,10,29200,卖盘
1287,10:52:37,29.23,0.03,10,29224,买盘
1288,10:52:46,29.23,0.0,16,46768,买盘
1289,10:52:49,29.23,0.0,1,2923,卖盘
1290,10:53:01,29.24,0.01,42,122791,买盘
1291,10:53:04,29.23,-0.01,1,2923,中性盘
1292,10:53:06,29.23,0.0,13,37999,卖盘
1293,10:53:10,29.2,-0.03,21,61334,卖盘
1294,10:53:16,29.2,0.0,10,29200,买盘
1295,10:53:19,29.2,0.0,16,46720,买盘
1296,10:53:25,29.2,0.0,1,2920,买盘
1297,10:53:33,29.17,-0.03,23,67094,卖盘
1298,10:53:36,29.17,0.0,13,37921,买盘
1299,10:53:40,29.16,-0.01,2,5832,卖盘
1300,10:53:43,29.16,0.0,13,37920,卖盘
1301,10:53:46,29.15,-0.01,35,102031,卖盘
1302,10:53:49,29.15,0.0,1,2915,卖盘
1303,10:53:52,29.15,0.0,2,5830,卖盘
1304,10:53:54,29.15,0.0,19,55400,卖盘
1305,10:54:01,29.11,-0.04,7,20396,卖盘
1306,10:54:04,29.03,-0.08,9,26164,卖盘
1307,10:54:09,29.15,0.12,21,61177,买盘
1308,10:54:12,29.1,-0.05,1,2910,卖盘
1309,10:54:22,29.12,0.02,6,17472,买盘
1310,10:54:28,29.1,-0.02,19,55326,卖盘
1311,10:54:31,29.12,0.02,5,14552,买盘
1312,10:54:40,29.11,-0.01,2,5822,买盘
1313,10:54:46,29.11,0.0,15,43665,买盘
1314,10:54:55,29.07,-0.04,11,31977,卖盘
1315,10:55:00,29.1,0.03,21,61080,买盘
1316,10:55:04,29.11,0.01,5,14552,买盘
1317,10:55:06,29.12,0.01,54,157144,买盘
1318,10:55:13,29.12,0.0,1,2912,买盘
1319,10:55:16,29.12,0.0,1,2912,买盘
1320,10:55:19,29.07,-0.05,20,58190,卖盘
1321,10:55:27,29.13,0.06,1,2913,买盘
1322,10:55:30,29.12,-0.01,4,11648,卖盘
1323,10:55:37,29.13,0.01,16,46608,买盘
1324,10:55:40,29.06,-0.07,71,206459,卖盘
1325,10:55:46,29.06,0.0,20,58120,买盘
1326,10:55:49,29.12,0.06,10,29120,买盘
1327,10:55:52,29.13,0.01,100,291286,买盘
1328,10:55:57,29.06,-0.07,10,29066,卖盘
1329,10:56:10,29.13,0.07,3,8739,买盘
1330,10:56:12,29.13,0.0,13,37869,卖盘
1331,10:56:21,29.1,-0.03,1,2910,买盘
1332,10:56:28,29.1,0.0,5,14550,买盘
1333,10:56:43,29.14,0.04,10,29128,买盘
1334,10:56:51,29.14,0.0,51,148614,卖盘
1335,10:56:57,29.14,0.0,9,26226,卖盘
1336,10:57:00,29.15,0.01,24,69949,买盘
1337,10:57:18,29.14,-0.01,15,43700,买盘
1338,10:57:21,29.14,0.0,13,37882,买盘
1339,10:57:24,29.13,-0.01,1,2913,卖盘
1340,10:57:30,29.13,0.0,1,2913,中性盘
1341,10:57:33,29.14,0.01,17,49537,买盘
1342,10:57:36,29.11,-0.03,1,2911,卖盘
1343,10:57:49,29.14,0.03,6,17484,买盘
1344,10:57:51,29.14,0.0,15,43710,买盘
1345,10:57:54,29.14,0.0,1,2914,卖盘
1346,10:57:57,29.1,-0.04,4,11644,卖盘
1347,10:58:01,29.1,0.0,2,5820,卖盘
1348,10:58:04,29.14,0.04,1,2914,买盘
1349,10:58:10,29.14,0.0,13,37880,买盘
1350,10:58:13,29.14,0.0,13,37874,买盘
1351,10:58:18,29.14,0.0,1,2914,买盘
1352,10:58:24,29.14,0.0,17,49531,买盘
1353,10:58:30,29.12,-0.02,6,17470,买盘
1354,10:58:34,29.1,-0.02,28,81481,卖盘
1355,10:58:39,29.1,0.0,10,29100,买盘
1356,10:58:43,29.1,0.0,13,37830,买盘
1357,10:58:45,29.09,-0.01,6,17454,卖盘
1358,10:58:48,29.09,0.0,2,5818,卖盘
1359,10:58:54,29.1,0.01,100,291000,买盘
1360,10:58:57,29.09,-0.01,10,29090,卖盘
1361,10:59:01,29.1,0.01,15,43650,买盘
1362,10:59:07,29.1,0.0,14,40740,买盘
1363,10:59:15,29.1,0.0,15,43650,买盘
1364,10:59:19,29.1,0.0,1,2910,卖盘
1365,10:59:30,29.11,0.01,14,40754,卖盘
1366,10:59:34,29.13,0.02,14,40782,买盘
1367,10:59:37,29.11,-0.02,20,58220,卖盘
1368,10:59:40,29.11,0.0,1,2911,买盘
1369,10:59:49,29.11,0.0,61,177571,买盘
1370,10:59:52,29.11,0.0,27,78597,买盘
1371,10:59:57,29.11,0.0,10,29110,买盘
1372,11:00:00,29.11,0.0,3,8733,买盘
1373,11:00:04,29.11,0.0,5,14555,卖盘
1374,11:00:07,29.13,0.02,2,5826,买盘
1375,11:00:09,29.13,0.0,14,40782,买盘
1376,11:00:12,29.13,0.0,18,52434,买盘
1377,11:00:16,29.13,0.0,13,37869,买盘
1378,11:00:22,29.12,-0.01,2,5824,买盘
1379,11:00:24,29.13,0.01,16,46608,买盘
1380,11:00:30,29.13,0.0,10,29130,买盘
1381,11:00:36,29.13,0.0,3,8739,买盘
1382,11:00:39,29.11,-0.02,14,40776,卖盘
1383,11:00:43,29.13,0.02,11,32043,买盘
1384,11:00:46,29.11,-0.02,46,133918,卖盘
1385,11:00:55,29.11,0.0,20,58220,买盘
1386,11:00:57,29.11,0.0,1,2911,买盘
1387,11:01:00,29.11,0.0,19,55309,买盘
1388,11:01:07,29.11,0.0,16,46576,买盘
1389,11:01:16,29.13,0.02,7,20391,买盘
1390,11:01:33,29.14,0.01,24,69936,买盘
1391,11:01:37,29.13,-0.01,20,58270,卖盘
1392,11:01:40,29.14,0.01,1,2914,买盘
1393,11:01:46,29.13,-0.01,14,40782,卖盘
1394,11:01:49,29.13,0.0,4,11652,买盘
1395,11:01:52,29.13,0.0,18,52434,买盘
1396,11:01:55,29.15,0.02,123,358412,买盘
1397,11:02:00,29.15,0.0,5,14575,买盘
1398,11:02:06,29.15,0.0,26,75771,买盘
1399,11:02:16,29.16,0.01,17,49570,买盘
1400,11:02:18,29.14,-0.02,95,276987,卖盘
1401,11:02:21,29.17,0.03,1,2917,买盘
1402,11:02:24,29.18,0.01,12,35006,买盘
1403,11:02:27,29.18,0.0,3,8754,买盘
1404,11:02:39,29.17,-0.01,7,20419,卖盘
1405,11:02:43,29.17,0.0,40,116693,卖盘
1406,11:02:45,29.17,0.0,33,96261,买盘
1407,11:02:48,29.15,-0.02,4,11660,卖盘
1408,11:02:57,29.15,0.0,51,148685,卖盘
1409,11:03:00,29.17,0.02,41,119537,买盘
1410,11:03:09,29.15,-0.02,3,8745,买盘
1411,11:03:16,29.15,0.0,12,34980,买盘
1412,11:03:19,29.12,-0.03,32,93218,卖盘
1413,11:03:25,29.12,0.0,1,2912,卖盘
1414,11:03:34,29.12,0.0,14,40768,买盘
1415,11:03:37,29.12,0.0,5,14560,买盘
1416,11:03:49,29.16,0.04,12,34992,买盘
1417,11:03:58,29.16,0.0,3,8748,买盘
1418,11:04:00,29.16,0.0,3,8748,卖盘
1419,11:04:07,29.15,-0.01,32,93326,卖盘
1420,11:04:12,29.15,0.0,2,5830,买盘
1421,11:04:24,29.12,-0.03,80,232973,卖盘
1422,11:04:27,29.12,0.0,1,2912,买盘
1423,11:04:31,29.1,-0.02,48,139691,卖盘
1424,11:04:34,29.11,0.01,6,17466,买盘
1425,11:04:39,29.11,0.0,17,49487,买盘
1426,11:04:42,29.1,-0.01,136,395792,卖盘
1427,11:04:49,29.11,0.01,5,14555,买盘
1428,11:04:57,29.1,-0.01,18,52397,卖盘
1429,11:05:00,29.1,0.0,15,43650,卖盘
1430,11:05:04,29.1,0.0,2,5820,卖盘
1431,11:05:15,29.1,0.0,16,46560,买盘
1432,11:05:27,29.11,0.01,1,2911,买盘
1433,11:05:31,29.11,0.0,28,81494,买盘
1434,11:05:49,29.1,-0.01,66,192110,卖盘
1435,11:05:51,29.1,0.0,1,2910,买盘
1436,11:05:54,29.12,0.02,3,8732,买盘
1437,11:06:00,29.1,-0.02,2,5820,买盘
1438,11:06:07,29.11,0.01,5,14555,买盘
1439,11:06:09,29.11,0.0,10,29110,卖盘
1440,11:06:15,29.12,0.01,9,26208,买盘
1441,11:06:18,29.12,0.0,3,8736,买盘
1442,11:06:21,29.12,0.0,18,52416,买盘
1443,11:06:24,29.11,-0.01,3,8733,卖盘
1444,11:06:27,29.1,-0.01,6,17460,卖盘
1445,11:06:39,29.11,0.01,14,40754,买盘
1446,11:06:46,29.1,-0.01,10,29100,卖盘
1447,11:06:49,29.1,0.0,1,2910,卖盘
1448,11:06:57,29.11,0.01,17,49487,买盘
1449,11:07:07,29.11,0.0,18,52398,买盘
1450,11:07:13,29.11,0.0,14,40754,买盘
1451,11:07:22,29.1,-0.01,16,46560,卖盘
1452,11:07:30,29.1,0.0,16,46560,买盘
1453,11:07:36,29.1,0.0,1,2910,买盘
1454,11:07:48,29.1,0.0,24,69835,买盘
1455,11:07:52,29.1,0.0,47,136770,买盘
1456,11:08:04,29.11,0.01,16,46576,买盘
1457,11:08:06,29.11,0.0,10,29110,买盘
1458,11:08:15,29.11,0.0,20,58220,买盘
1459,11:08:18,29.11,0.0,1,2911,买盘
1460,11:08:22,29.11,0.0,2,5822,买盘
1461,11:08:28,29.11,0.0,5,14555,卖盘
1462,11:08:31,29.11,0.0,1,2911,卖盘
1463,11:08:40,29.1,-0.01,81,235722,卖盘
1464,11:08:42,29.1,0.0,5,14550,买盘
1465,11:08:45,29.1,0.0,5,14550,买盘
1466,11:08:48,29.1,0.0,1,2910,买盘
1467,11:08:54,29.09,-0.01,3,8727,卖盘
1468,11:08:58,29.1,0.01,88,256080,买盘
1469,11:09:00,29.09,-0.01,6,17454,卖盘
1470,11:09:10,29.09,0.0,10,29090,卖盘
1471,11:09:12,29.09,0.0,38,110542,卖盘
1472,11:09:16,29.08,-0.01,2,5816,卖盘
1473,11:09:24,29.07,-0.01,50,145362,卖盘
1474,11:09:27,29.07,0.0,10,29070,卖盘
1475,11:09:31,29.09,0.02,14,40703,买盘
1476,11:09:34,29.06,-0.03,141,409746,卖盘
1477,11:09:40,29.05,-0.01,3,8715,卖盘
1478,11:09:43,29.05,0.0,5,14525,卖盘
1479,11:09:45,29.05,0.0,12,34860,卖盘
1480,11:09:49,29.01,-0.04,173,502088,卖盘
1481,11:09:58,29.0,-0.01,175,507574,卖盘
1482,11:10:01,29.0,0.0,41,118896,卖盘
1483,11:10:03,29.0,0.0,23,66700,买盘
1484,11:10:06,29.0,0.0,20,58000,买盘
1485,11:10:13,28.97,-0.03,3,8692,卖盘
1486,11:10:16,28.96,-0.01,45,130393,卖盘
1487,11:10:22,28.95,-0.01,14,40501,买盘
1488,11:10:24,29.0,0.05,4,11600,买盘
1489,11:10:28,28.99,-0.01,2,5798,卖盘
1490,11:10:39,28.98,-0.01,20,57960,买盘
1491,11:10:42,28.99,0.01,5,14491,买盘
1492,11:10:54,28.99,0.0,30,86970,买盘
1493,11:10:58,28.99,0.0,10,28990,买盘
1494,11:11:04,28.99,0.0,50,144950,买盘
1495,11:11:06,28.99,0.0,1,2899,买盘
1496,11:11:09,28.99,0.0,5,14495,买盘
1497,11:11:12,28.99,0.0,103,298598,买盘
1498,11:11:15,28.99,0.0,6,17394,卖盘
1499,11:11:21,28.99,0.0,16,46384,卖盘
1500,11:11:30,28.98,-0.01,24,69573,卖盘
1501,11:11:36,28.99,0.01,2,5798,买盘
1502,11:11:40,28.99,0.0,5,14495,买盘
1503,11:11:42,28.99,0.0,10,28990,买盘
1504,11:11:46,28.99,0.0,17,49283,买盘
1505,11:11:54,28.99,0.0,15,43485,买盘
1506,11:11:58,28.99,0.0,3,8697,买盘
1507,11:12:01,28.99,0.0,34,98566,买盘
1508,11:12:03,28.99,0.0,14,40586,买盘
1509,11:12:09,28.99,0.0,20,57980,买盘
1510,11:12:13,28.99,0.0,100,289900,买盘
1511,11:12:16,28.99,0.0,51,147849,买盘
1512,11:12:19,28.99,0.0,3,8697,卖盘
1513,11:12:25,29.0,0.01,15,43500,买盘
1514,11:12:31,28.99,-0.01,132,382668,卖盘
1515,11:12:34,28.99,0.0,1,2899,买盘
1516,11:12:36,28.99,0.0,23,66677,买盘
1517,11:12:39,28.98,-0.01,1,2898,卖盘
1518,11:12:48,28.98,0.0,1,2898,卖盘
1519,11:12:54,28.99,0.01,14,40586,买盘
1520,11:13:13,28.99,0.0,16,46384,买盘
1521,11:13:16,28.99,0.0,40,115960,买盘
1522,11:13:28,29.0,0.01,17,49300,买盘
1523,11:13:33,28.99,-0.01,28,81172,卖盘
1524,11:13:36,28.99,0.0,2,5798,卖盘
1525,11:13:39,28.99,0.0,107,310293,卖盘
1526,11:13:42,28.99,0.0,7,20293,卖盘
1527,11:13:45,28.99,0.0,23,66692,卖盘
1528,11:13:51,28.99,0.0,10,28990,卖盘
1529,11:13:55,29.0,0.01,6,17396,买盘
1530,11:13:58,28.99,-0.01,7,20293,卖盘
1531,11:14:01,29.0,0.01,119,344959,买盘
1532,11:14:04,29.0,0.0,17,49300,买盘
1533,11:14:07,28.99,-0.01,10,28981,卖盘
1534,11:14:09,28.98,-0.01,24,69554,卖盘
1535,11:14:13,28.98,0.0,10,28980,卖盘
1536,11:14:16,28.98,0.0,1,2898,卖盘
1537,11:14:19,28.99,0.01,27,78260,买盘
1538,11:14:22,28.99,0.0,2,5798,买盘
1539,11:14:31,28.98,-0.01,25,72458,卖盘
1540,11:14:33,28.99,0.01,4,11596,买盘
1541,11:14:36,28.98,-0.01,61,176797,卖盘
1542,11:14:43,28.98,0.0,5,14490,卖盘
1543,11:14:45,28.98,0.0,1,2898,卖盘
1544,11:14:48,29.0,0.02,222,643768,买盘
1545,11:14:51,29.0,0.0,31,89900,卖盘
1546,11:14:55,29.01,0.01,31,89931,买盘
1547,11:14:58,29.0,-0.01,5,14500,卖盘
1548,11:15:09,29.01,0.01,64,185664,买盘
1549,11:15:13,29.01,0.0,2,5802,卖盘
1550,11:15:16,29.01,0.0,20,58033,卖盘
1551,11:15:25,29.01,0.0,2,5801,买盘
1552,11:15:28,29.01,0.0,15,43514,买盘
1553,11:15:36,29.0,-0.01,2,5800,买盘
1554,11:15:45,29.0,0.0,19,55100,买盘
1555,11:15:48,28.99,-0.01,15,43485,卖盘
1556,11:15:57,28.98,-0.01,5,14490,卖盘
1557,11:16:00,28.98,0.0,7,20286,买盘
1558,11:16:04,28.98,0.0,1,2898,买盘
1559,11:16:10,28.95,-0.03,18,52110,卖盘
1560,11:16:12,28.98,0.03,108,312738,买盘
1561,11:16:18,28.98,0.0,3,8694,卖盘
1562,11:16:25,28.98,0.0,25,72450,卖盘
1563,11:16:34,28.99,0.01,13,37681,买盘
1564,11:16:43,28.98,-0.01,42,121716,卖盘
1565,11:16:49,28.98,0.0,5,14490,卖盘
1566,11:16:51,28.99,0.01,21,60872,买盘
1567,11:16:54,28.99,0.0,1,2899,买盘
1568,11:17:13,28.98,-0.01,8,23188,卖盘
1569,11:17:16,28.98,0.0,2,5796,卖盘
1570,11:17:21,28.99,0.01,114,330486,买盘
1571,11:17:48,28.99,0.0,10,28990,买盘
1572,11:17:55,28.99,0.0,2,5798,买盘
1573,11:18:07,28.99,0.0,1,2899,买盘
1574,11:18:13,28.99,0.0,1,2899,买盘
1575,11:18:18,28.98,-0.01,35,101430,卖盘
1576,11:18:25,28.98,0.0,8,23182,买盘
1577,11:18:30,28.97,-0.01,7,20279,买盘
1578,11:18:43,28.94,-0.03,25,72364,卖盘
1579,11:18:51,28.94,0.0,2,5788,卖盘
1580,11:18:55,28.91,-0.03,13,37598,卖盘
1581,11:19:04,28.96,0.05,10,28951,买盘
1582,11:19:16,28.94,-0.02,1,2894,卖盘
1583,11:19:21,28.96,0.02,55,159240,买盘
1584,11:19:24,28.96,0.0,50,144800,卖盘
1585,11:19:40,28.93,-0.03,10,28930,卖盘
1586,11:19:52,28.94,0.01,73,211262,买盘
1587,11:19:54,28.94,0.0,32,92608,买盘
1588,11:19:57,28.94,0.0,4,11576,卖盘
1589,11:20:09,28.94,0.0,2,5788,卖盘
1590,11:20:12,28.94,0.0,106,306764,卖盘
1591,11:20:24,28.94,0.0,3,8682,买盘
1592,11:20:30,28.93,-0.01,1,2893,卖盘
1593,11:20:48,28.93,0.0,66,190999,卖盘
1594,11:20:54,28.93,0.0,10,28930,卖盘
1595,11:21:04,28.93,0.0,3,8679,买盘
1596,11:21:12,28.93,0.0,2,5786,卖盘
1597,11:21:16,28.93,0.0,114,329802,卖盘
1598,11:21:18,28.92,-0.01,5,14460,卖盘
1599,11:22:00,28.92,0.0,120,347040,卖盘
1600,11:22:04,28.91,-0.01,13,37583,卖盘
1601,11:22:09,28.92,0.01,25,73407,买盘
1602,11:22:12,28.91,-0.01,1,2891,卖盘
1603,11:22:19,28.92,0.01,2,5783,买盘
1604,11:22:22,28.92,0.0,1,2892,买盘
1605,11:22:28,28.91,-0.01,2,5782,卖盘
1606,11:22:31,28.92,0.01,15,43380,买盘
1607,11:22:33,28.92,0.0,2,5784,买盘
1608,11:22:36,28.92,0.0,5,14460,买盘
1609,11:22:39,28.92,0.0,5,14460,买盘
1610,11:22:43,28.91,-0.01,5,14455,卖盘
1611,11:22:46,28.91,0.0,5,14455,卖盘
1612,11:22:49,28.91,0.0,10,28910,卖盘
1613,11:22:55,28.92,0.01,2,5784,买盘
1614,11:22:58,28.91,-0.01,50,143423,卖盘
1615,11:23:13,28.9,-0.01,4,11560,卖盘
1616,11:23:19,28.9,0.0,10,28900,卖盘
1617,11:23:22,28.9,0.0,70,202300,卖盘
1618,11:23:36,28.9,0.0,12,34680,卖盘
1619,11:23:43,28.9,0.0,4,11560,卖盘
1620,11:23:48,28.9,0.0,3,8670,卖盘
1621,11:23:51,28.9,0.0,9,26010,卖盘
1622,11:23:55,28.91,0.01,9,26019,买盘
1623,11:23:57,28.91,0.0,46,132986,买盘
1624,11:24:00,28.91,0.0,6,17346,买盘
1625,11:24:06,28.91,0.0,117,338247,买盘
1626,11:24:13,28.9,-0.01,60,174569,卖盘
1627,11:24:27,28.92,0.02,14,40484,买盘
1628,11:24:31,28.92,0.0,105,303660,买盘
1629,11:24:34,28.92,0.0,5,14460,买盘
1630,11:24:37,28.92,0.0,3,8676,买盘
1631,11:24:43,28.92,0.0,24,69399,买盘
1632,11:24:52,28.92,0.0,26,75192,买盘
1633,11:24:55,28.92,0.0,10,28920,买盘
1634,11:24:57,28.92,0.0,5,14460,买盘
1635,11:25:04,28.93,0.01,41,118605,买盘
1636,11:25:18,28.91,-0.02,200,578241,卖盘
1637,11:25:30,28.91,0.0,5,14455,买盘
1638,11:25:33,28.91,0.0,10,28910,买盘
1639,11:25:42,28.9,-0.01,2,5780,卖盘
1640,11:25:46,28.9,0.0,1,2890,卖盘
1641,11:25:55,28.9,0.0,2,5780,卖盘
1642,11:25:58,28.9,0.0,27,78030,卖盘
1643,11:26:09,28.94,0.04,101,292199,买盘
1644,11:26:18,28.91,-0.03,2,5782,买盘
1645,11:26:21,28.89,-0.02,173,499983,卖盘
1646,11:26:30,28.89,0.0,4,11556,买盘
1647,11:26:46,28.89,0.0,8,23112,卖盘
1648,11:26:54,28.88,-0.01,33,95317,卖盘
1649,11:26:57,28.89,0.01,1,2889,中性盘
1650,11:27:00,28.89,0.0,1,2889,买盘
1651,11:27:13,28.89,0.0,13,37557,卖盘
1652,11:27:24,28.88,-0.01,79,228198,卖盘
1653,11:27:33,28.88,0.0,1,2888,买盘
1654,11:27:43,28.88,0.0,5,14440,买盘
1655,11:27:57,28.88,0.0,99,285900,买盘
1656,11:28:00,28.88,0.0,30,86640,买盘
1657,11:28:07,28.88,0.0,21,60648,卖盘
1658,11:28:09,28.88,0.0,9,25992,卖盘
1659,11:28:12,28.89,0.01,2,5778,买盘
1660,11:28:24,28.94,0.05,17,49179,买盘
1661,11:28:37,29.03,0.09,37,107328,买盘
1662,11:28:52,29.02,-0.01,3,8706,买盘
1663,11:29:04,29.0,-0.02,5,14500,中性盘
1664,11:29:06,29.04,0.04,67,194459,买盘
1665,11:29:13,28.96,-0.08,6,17376,卖盘
1666,11:29:21,28.91,-0.05,1,2891,买盘
1667,11:29:28,28.91,0.0,1,2891,买盘
1668,11:29:54,29.04,0.13,58,168322,买盘
1669,13:00:04,28.98,-0.06,3,8694,中性盘
1670,13:00:07,28.96,-0.02,37,107185,卖盘
1671,13:00:12,28.96,0.0,9,26064,买盘
1672,13:00:15,28.93,-0.03,1,2893,卖盘
1673,13:00:48,28.94,0.01,9,26046,卖盘
1674,13:00:51,28.93,-0.01,10,28931,卖盘
1675,13:01:00,28.92,-0.01,3,8676,卖盘
1676,13:01:24,28.92,0.0,18,52056,卖盘
1677,13:01:30,28.93,0.01,5,14461,买盘
1678,13:01:42,28.91,-0.02,3,8673,卖盘
1679,13:02:00,28.91,0.0,3,8673,卖盘
1680,13:02:03,28.91,0.0,6,17346,卖盘
1681,13:02:09,28.9,-0.01,13,37582,卖盘
1682,13:02:24,28.91,0.01,10,28910,买盘
1683,13:02:36,28.9,-0.01,3,8670,卖盘
1684,13:02:39,28.91,0.01,3,8673,买盘
1685,13:02:57,28.91,0.0,10,28910,买盘
1686,13:03:00,28.9,-0.01,3,8670,卖盘
1687,13:03:12,28.9,0.0,1,2890,卖盘
1688,13:03:19,28.9,0.0,11,31800,卖盘
1689,13:03:30,28.9,0.0,31,89590,卖盘
1690,13:03:39,28.9,0.0,15,43350,买盘
1691,13:03:54,28.9,0.0,10,28900,买盘
1692,13:04:00,28.89,-0.01,3,8667,卖盘
1693,13:04:19,28.89,0.0,1,2889,卖盘
1694,13:04:27,28.89,0.0,11,31779,卖盘
1695,13:04:30,28.89,0.0,1,2889,卖盘
1696,13:04:45,28.9,0.01,64,184902,买盘
1697,13:04:57,28.89,-0.01,2,5778,卖盘
1698,13:05:00,28.89,0.0,2,5778,卖盘
1699,13:05:15,28.9,0.01,3,8670,买盘
1700,13:05:27,28.88,-0.02,10,28880,卖盘
1701,13:05:57,28.9,0.02,2,5780,买盘
1702,13:06:01,28.89,-0.01,3,8667,卖盘
1703,13:06:51,28.89,0.0,26,75136,卖盘
1704,13:07:00,28.89,0.0,8,23112,卖盘
1705,13:07:09,28.9,0.01,2,5780,买盘
1706,13:07:22,28.9,0.0,10,28900,买盘
1707,13:07:37,28.9,0.0,11,31786,买盘
1708,13:07:42,28.9,0.0,6,17340,买盘
1709,13:07:45,28.89,-0.01,8,23112,卖盘
1710,13:08:01,28.89,0.0,3,8667,卖盘
1711,13:08:07,28.9,0.01,3,8670,买盘
1712,13:08:12,28.9,0.0,19,54910,买盘
1713,13:08:18,28.89,-0.01,1,2889,卖盘
1714,13:08:22,28.89,0.0,1,2889,卖盘
1715,13:08:24,28.9,0.01,7,20230,买盘
1716,13:08:28,28.89,-0.01,82,236898,卖盘
1717,13:08:39,28.9,0.01,1,2890,买盘
1718,13:08:42,28.89,-0.01,7000,20223000,卖盘
1719,13:08:46,28.9,0.01,1,2890,买盘
1720,13:08:49,28.9,0.0,10,28900,买盘
1721,13:08:52,28.89,-0.01,75,216675,卖盘
1722,13:08:57,28.9,0.01,151,436381,买盘
1723,13:09:00,28.9,0.0,1,2890,卖盘
1724,13:09:04,28.9,0.0,3,8670,卖盘
1725,13:09:09,28.93,0.03,2,5786,买盘
1726,13:09:21,28.92,-0.01,11,31822,卖盘
1727,13:09:30,28.93,0.01,25,72317,买盘
1728,13:09:45,28.95,0.02,12,34720,买盘
1729,13:10:00,28.95,0.0,2,5790,卖盘
1730,13:10:07,28.96,0.01,13,37641,买盘
1731,13:10:16,28.96,0.0,12,34743,买盘
1732,13:10:19,28.92,-0.04,50,144610,卖盘
1733,13:10:30,28.92,0.0,10,28920,买盘
1734,13:10:36,28.92,0.0,1,2892,买盘
1735,13:10:39,28.92,0.0,9,26028,买盘
1736,13:10:43,28.91,-0.01,1,2891,卖盘
1737,13:10:45,28.91,0.0,17,49147,买盘
1738,13:10:54,28.91,0.0,1,2891,买盘
1739,13:10:57,28.89,-0.02,30,86682,卖盘
1740,13:11:07,28.91,0.02,2,5782,买盘
1741,13:11:10,28.89,-0.02,7,20223,卖盘
1742,13:11:15,28.89,0.0,1,2889,卖盘
1743,13:11:22,28.89,0.0,20,57780,卖盘
1744,13:11:40,28.89,0.0,12,34668,卖盘
1745,13:11:52,28.89,0.0,9,26001,卖盘
1746,13:11:57,28.89,0.0,3,8667,卖盘
1747,13:12:01,28.89,0.0,41,118449,卖盘
1748,13:12:04,28.91,0.02,3,8673,买盘
1749,13:12:09,28.89,-0.02,25,72225,卖盘
1750,13:12:15,28.91,0.02,4,11562,买盘
1751,13:12:27,28.91,0.0,5,14455,买盘
1752,13:12:34,28.91,0.0,6,17344,买盘
1753,13:12:51,28.89,-0.02,10,28890,卖盘
1754,13:13:01,28.89,0.0,30,86672,卖盘
1755,13:13:10,28.89,0.0,10,28890,买盘
1756,13:13:12,28.89,0.0,30,86670,买盘
1757,13:13:30,28.88,-0.01,2,5776,卖盘
1758,13:13:33,28.89,0.01,30,86670,买盘
1759,13:13:48,28.88,-0.01,91,262808,卖盘
1760,13:13:51,28.88,0.0,30,86640,买盘
1761,13:13:54,28.88,0.0,1,2888,买盘
1762,13:13:57,28.87,-0.01,5,14435,卖盘
1763,13:14:01,28.87,0.0,3,8661,卖盘
1764,13:14:09,28.87,0.0,2,5774,卖盘
1765,13:14:18,28.88,0.01,10,28880,买盘
1766,13:14:21,28.87,-0.01,14,40418,卖盘
1767,13:14:28,28.87,0.0,12,34644,卖盘
1768,13:14:36,28.87,0.0,4,11548,卖盘
1769,13:14:46,28.87,0.0,2,5774,卖盘
1770,13:15:07,28.87,0.0,3,8661,卖盘
1771,13:15:10,28.87,0.0,19,54853,卖盘
1772,13:15:15,28.87,0.0,6,17322,卖盘
1773,13:15:25,28.87,0.0,8,23096,买盘
1774,13:15:28,28.86,-0.01,5,14430,卖盘
1775,13:15:37,28.87,0.01,5,14438,卖盘
1776,13:15:39,28.87,0.0,4,11548,卖盘
1777,13:15:42,28.87,0.0,14,40418,卖盘
1778,13:15:45,28.87,0.0,11,31757,买盘
1779,13:15:48,28.86,-0.01,7,20202,卖盘
1780,13:15:51,28.86,0.0,7,20208,卖盘
1781,13:15:58,28.87,0.01,4,11548,买盘
1782,13:16:01,28.86,-0.01,3,8658,卖盘
1783,13:16:04,28.86,0.0,19,54834,卖盘
1784,13:16:12,28.86,0.0,8,23090,卖盘
1785,13:16:25,28.86,0.0,1,2886,卖盘
1786,13:16:28,28.87,0.01,1,2887,买盘
1787,13:16:31,28.87,0.0,11,31747,买盘
1788,13:16:37,28.87,0.0,3,8660,买盘
1789,13:16:49,28.86,-0.01,16,46176,卖盘
1790,13:16:55,28.88,0.02,2,5776,买盘
1791,13:17:00,28.85,-0.03,65,187571,卖盘
1792,13:17:03,28.86,0.01,3,8658,买盘
1793,13:17:10,28.86,0.0,3,8658,买盘
1794,13:17:16,28.8,-0.06,130,374611,卖盘
1795,13:17:34,28.79,-0.01,7,20158,卖盘
1796,13:17:49,28.79,0.0,10,28790,卖盘
1797,13:17:52,28.79,0.0,4,11516,卖盘
1798,13:18:01,28.8,0.01,3,8640,卖盘
1799,13:18:04,28.8,0.0,5,14400,卖盘
1800,13:18:10,28.79,-0.01,11,31675,卖盘
1801,13:18:28,28.8,0.01,4,11520,卖盘
1802,13:18:31,28.8,0.0,17,48961,卖盘
1803,13:18:34,28.8,0.0,9,25920,买盘
1804,13:18:40,28.79,-0.01,5,14396,卖盘
1805,13:18:45,28.81,0.02,3,8643,买盘
1806,13:18:54,28.8,-0.01,4,11520,卖盘
1807,13:19:01,28.8,0.0,7,20164,卖盘
1808,13:19:04,28.8,0.0,96,276430,卖盘
1809,13:19:07,28.81,0.01,12,34570,买盘
1810,13:19:13,28.81,0.0,13,37453,买盘
1811,13:19:24,28.81,0.0,4,11524,买盘
1812,13:19:31,28.81,0.0,52,149812,买盘
1813,13:19:33,28.81,0.0,2,5762,买盘
1814,13:19:37,28.81,0.0,7,20167,买盘
1815,13:19:43,28.81,0.0,3,8643,卖盘
1816,13:19:52,28.81,0.0,18,51858,卖盘
1817,13:19:55,28.81,0.0,5,14405,买盘
1818,13:20:01,28.81,0.0,1,2881,买盘
1819,13:20:06,28.81,0.0,4,11524,买盘
1820,13:20:12,28.81,0.0,2,5762,买盘
1821,13:20:15,28.81,0.0,3,8643,买盘
1822,13:20:18,28.81,0.0,18,51844,买盘
1823,13:20:22,28.81,0.0,45,129605,买盘
1824,13:20:34,28.82,0.01,1,2882,买盘
1825,13:20:37,28.81,-0.01,17,48980,卖盘
1826,13:20:42,28.81,0.0,4,11524,买盘
1827,13:20:45,28.83,0.02,1,2883,买盘
1828,13:20:48,28.83,0.0,7,20181,买盘
1829,13:20:52,28.84,0.01,5,14416,买盘
1830,13:21:01,28.84,0.0,1,2884,买盘
1831,13:21:04,28.88,0.04,2,5773,买盘
1832,13:21:07,28.89,0.01,2,5777,买盘
1833,13:21:13,28.85,-0.04,3,8655,买盘
1834,13:21:27,28.89,0.04,4,11556,买盘
1835,13:21:31,28.89,0.0,38,109782,买盘
1836,13:21:34,28.89,0.0,12,34668,买盘
1837,13:21:40,28.89,0.0,4,11556,买盘
1838,13:21:46,28.89,0.0,5,14445,买盘
1839,13:21:54,28.89,0.0,4,11556,买盘
1840,13:22:04,28.89,0.0,14,40446,买盘
1841,13:22:07,28.89,0.0,12,34668,买盘
1842,13:22:13,28.9,0.01,24,69339,买盘
1843,13:22:18,28.89,-0.01,4,11556,买盘
1844,13:22:21,28.89,0.0,1,2889,买盘
1845,13:22:24,28.89,0.0,2,5778,买盘
1846,13:22:33,28.89,0.0,4,11556,买盘
1847,13:22:36,28.89,0.0,4,11556,买盘
1848,13:22:39,28.9,0.01,55,158929,买盘
1849,13:22:45,28.9,0.0,17,49130,卖盘
1850,13:22:48,28.9,0.0,20,57800,卖盘
1851,13:22:58,28.91,0.01,4,11564,买盘
1852,13:23:10,28.91,0.0,2,5782,买盘
1853,13:23:12,28.91,0.0,4,11564,买盘
1854,13:23:16,28.91,0.0,14,40474,买盘
1855,13:23:19,28.91,0.0,21,60711,买盘
1856,13:23:22,28.91,0.0,8,23128,买盘
1857,13:23:25,28.91,0.0,19,54929,卖盘
1858,13:23:28,28.91,0.0,10,28910,买盘
1859,13:23:31,28.91,0.0,544,1572697,买盘
1860,13:23:34,28.91,0.0,24,69384,卖盘
1861,13:23:40,28.9,-0.01,12,34680,买盘
1862,13:23:54,28.94,0.04,5,14470,买盘
1863,13:24:07,28.94,0.0,4,11576,买盘
1864,13:24:16,28.94,0.0,8,23145,买盘
1865,13:24:21,28.94,0.0,1,2894,买盘
1866,13:24:33,28.94,0.0,4,11576,买盘
1867,13:24:46,28.95,0.01,4,11580,买盘
1868,13:24:58,28.95,0.0,1,2895,买盘
1869,13:25:01,28.95,0.0,2,5790,买盘
1870,13:25:13,28.96,0.01,4,11584,买盘
1871,13:25:22,28.95,-0.01,1,2895,卖盘
1872,13:25:24,28.95,0.0,53,153502,卖盘
1873,13:25:27,28.96,0.01,2,5792,卖盘
1874,13:25:30,28.95,-0.01,13,37635,买盘
1875,13:25:37,28.95,0.0,4,11580,买盘
1876,13:25:48,28.96,0.01,1,2896,买盘
1877,13:26:18,28.94,-0.02,51,147618,卖盘
1878,13:26:25,28.95,0.01,11,31838,买盘
1879,13:26:28,28.94,-0.01,5,14470,中性盘
1880,13:26:40,28.93,-0.01,2,5786,卖盘
1881,13:26:46,28.95,0.02,4,11579,买盘
1882,13:26:49,28.93,-0.02,2,5786,卖盘
1883,13:26:52,28.89,-0.04,4,11560,卖盘
1884,13:26:55,28.95,0.06,5,14475,买盘
1885,13:27:01,28.89,-0.06,3,8667,卖盘
1886,13:27:07,28.93,0.04,3,8679,买盘
1887,13:27:16,28.93,0.0,4,11572,买盘
1888,13:27:34,28.93,0.0,4,11569,买盘
1889,13:27:39,28.89,-0.04,4,11556,卖盘
1890,13:27:49,28.89,0.0,7,20223,买盘
1891,13:28:00,28.89,0.0,6,17331,买盘
1892,13:28:10,28.88,-0.01,1,2888,买盘
1893,13:28:13,28.86,-0.02,17,49062,卖盘
1894,13:28:16,28.85,-0.01,4,11542,卖盘
1895,13:28:31,28.84,-0.01,7,20188,卖盘
1896,13:28:39,28.85,0.01,4,11540,买盘
1897,13:28:54,28.81,-0.04,39,112359,卖盘
1898,13:28:57,28.81,0.0,2,5762,买盘
1899,13:29:00,28.81,0.0,4,11524,买盘
1900,13:29:06,28.81,0.0,12,34572,买盘
1901,13:29:09,28.82,0.01,10,28820,卖盘
1902,13:29:19,28.81,-0.01,6,17287,卖盘
1903,13:29:22,28.81,0.0,1,2881,买盘
1904,13:29:30,28.81,0.0,1,2881,买盘
1905,13:29:36,28.81,0.0,1,2881,买盘
1906,13:29:45,28.81,0.0,3,8643,买盘
1907,13:30:21,28.84,0.03,1,2884,买盘
1908,13:30:40,28.84,0.0,5,14420,买盘
1909,13:30:49,28.83,-0.01,10,28830,买盘
1910,13:30:55,28.84,0.01,10,28835,买盘
1911,13:31:00,28.83,-0.01,3,8649,卖盘
1912,13:31:06,28.84,0.01,3,8652,买盘
1913,13:31:12,28.83,-0.01,3,8649,卖盘
1914,13:31:22,28.83,0.0,5,14415,卖盘
1915,13:31:25,28.83,0.0,3,8649,卖盘
1916,13:31:28,28.83,0.0,13,37479,卖盘
1917,13:31:31,28.83,0.0,1,2883,卖盘
1918,13:31:34,28.84,0.01,3,8652,买盘
1919,13:31:42,28.83,-0.01,17,49011,卖盘
1920,13:31:48,28.83,0.0,1,2883,买盘
1921,13:31:58,28.83,0.0,5,14415,买盘
1922,13:32:01,28.82,-0.01,2,5764,卖盘
1923,13:32:04,28.82,0.0,40,115280,卖盘
1924,13:32:07,28.81,-0.01,13,37453,卖盘
1925,13:32:09,28.81,0.0,3,8643,卖盘
1926,13:32:13,28.8,-0.01,21,60499,卖盘
1927,13:32:16,28.8,0.0,19,54720,卖盘
1928,13:32:19,28.8,0.0,46,132480,卖盘
1929,13:32:22,28.78,-0.02,67,192880,卖盘
1930,13:32:24,28.78,0.0,7,20146,卖盘
1931,13:32:27,28.77,-0.01,7,20140,卖盘
1932,13:32:31,28.75,-0.02,44,126540,卖盘
1933,13:32:39,28.74,-0.01,17,48836,中性盘
1934,13:32:43,28.75,0.01,5,14367,买盘
1935,13:32:46,28.71,-0.04,20,57420,卖盘
1936,13:32:48,28.71,0.0,8,22968,卖盘
1937,13:32:52,28.7,-0.01,40,114816,卖盘
1938,13:32:54,28.7,0.0,5,14350,卖盘
1939,13:32:58,28.71,0.01,10,28710,买盘
1940,13:33:01,28.7,-0.01,15,43050,卖盘
1941,13:33:04,28.7,0.0,28,80362,卖盘
1942,13:33:09,28.69,-0.01,2,5738,卖盘
1943,13:33:12,28.7,0.01,9,25830,买盘
1944,13:33:15,28.7,0.0,20,57383,买盘
1945,13:33:19,28.7,0.0,11,31570,买盘
1946,13:33:22,28.69,-0.01,115,329935,卖盘
1947,13:33:27,28.69,0.0,5,14346,卖盘
1948,13:33:30,28.69,0.0,2,5738,买盘
1949,13:33:34,28.69,0.0,1,2869,买盘
1950,13:33:37,28.67,-0.02,10,28670,卖盘
1951,13:33:40,28.68,0.01,2,5736,买盘
1952,13:33:49,28.67,-0.01,3,8601,卖盘
1953,13:33:51,28.68,0.01,10,28680,买盘
1954,13:33:57,28.68,0.0,15,43020,买盘
1955,13:34:00,28.67,-0.01,3,8601,卖盘
1956,13:34:04,28.68,0.01,1,2868,买盘
1957,13:34:10,28.68,0.0,4,11472,买盘
1958,13:34:12,28.67,-0.01,27,77416,卖盘
1959,13:34:15,28.68,0.01,22,63096,买盘
1960,13:34:18,28.68,0.0,7,20076,卖盘
1961,13:34:25,28.68,0.0,5,14340,卖盘
1962,13:34:27,28.68,0.0,9,25820,卖盘
1963,13:34:31,28.69,0.01,8,22947,买盘
1964,13:34:36,28.69,0.0,1,2869,卖盘
1965,13:34:40,28.69,0.0,14,40172,卖盘
1966,13:34:43,28.68,-0.01,102,292649,卖盘
1967,13:34:51,28.69,0.01,15,43035,买盘
1968,13:34:55,28.68,-0.01,53,152054,卖盘
1969,13:35:00,28.69,0.01,82,235258,买盘
1970,13:35:04,28.71,0.02,29,83215,买盘
1971,13:35:06,28.69,-0.02,6,17214,中性盘
1972,13:35:09,28.69,0.0,4,11476,卖盘
1973,13:35:12,28.7,0.01,14,40180,卖盘
1974,13:35:15,28.69,-0.01,4,11476,卖盘
1975,13:35:24,28.69,0.0,3,8607,卖盘
1976,13:35:27,28.7,0.01,5,14350,买盘
1977,13:35:30,28.69,-0.01,1,2869,卖盘
1978,13:35:34,28.7,0.01,12,34440,买盘
1979,13:35:40,28.7,0.0,6,17220,卖盘
1980,13:35:52,28.75,0.05,7,20104,买盘
1981,13:35:58,28.71,-0.04,6,17231,卖盘
1982,13:36:00,28.74,0.03,4,11496,买盘
1983,13:36:04,28.75,0.01,20,57487,买盘
1984,13:36:10,28.72,-0.03,28,80431,卖盘
1985,13:36:13,28.75,0.03,4,11500,买盘
1986,13:36:16,28.71,-0.04,14,40209,卖盘
1987,13:36:18,28.75,0.04,23,66111,买盘
1988,13:36:22,28.8,0.05,3889,11200199,买盘
1989,13:36:24,28.73,-0.07,3,8620,卖盘
1990,13:36:28,28.75,0.02,4,11496,买盘
1991,13:36:34,28.75,0.0,46,132131,买盘
1992,13:36:37,28.75,0.0,1,2875,买盘
1993,13:36:40,28.75,0.0,11,31625,买盘
1994,13:36:42,28.8,0.05,20,57600,买盘
1995,13:36:49,28.78,-0.02,1,2878,卖盘
1996,13:36:51,28.76,-0.02,1,2876,买盘
1997,13:36:55,28.76,0.0,16,46016,买盘
1998,13:36:58,28.76,0.0,9,25884,买盘
1999,13:37:01,28.76,0.0,1,2876,买盘
2000,13:37:04,28.76,0.0,1,2876,买盘
2001,13:37:10,28.76,0.0,5,14380,买盘
2002,13:37:13,28.76,0.0,8,23008,买盘
2003,13:37:16,28.76,0.0,11,31636,卖盘
2004,13:37:21,28.76,0.0,6,17256,买盘
2005,13:37:24,28.78,0.02,9,25896,买盘
2006,13:37:30,28.78,0.0,1,2878,买盘
2007,13:37:40,28.78,0.0,10,28780,卖盘
2008,13:37:46,28.8,0.02,1,2880,买盘
2009,13:37:49,28.8,0.0,21,60480,买盘
2010,13:37:52,28.79,-0.01,11,31679,中性盘
2011,13:37:54,28.8,0.01,21,60469,买盘
2012,13:38:01,28.8,0.0,2,5760,买盘
2013,13:38:03,28.8,0.0,2,5760,买盘
2014,13:38:09,28.8,0.0,2,5760,买盘
2015,13:38:22,28.8,0.0,1,2880,买盘
2016,13:38:25,28.8,0.0,6,17280,买盘
2017,13:38:31,28.8,0.0,2,5760,买盘
2018,13:38:37,28.79,-0.01,2,5758,卖盘
2019,13:38:46,28.8,0.01,24,69120,买盘
2020,13:38:48,28.79,-0.01,3,8637,卖盘
2021,13:38:55,28.8,0.01,3,8640,买盘
2022,13:38:58,28.8,0.0,4,11520,买盘
2023,13:39:01,28.8,0.0,5,14400,买盘
2024,13:39:04,28.8,0.0,8,23040,买盘
2025,13:39:07,28.79,-0.01,10,28790,卖盘
2026,13:39:12,28.79,0.0,49,141071,卖盘
2027,13:39:18,28.78,-0.01,4,11513,卖盘
2028,13:39:22,28.79,0.01,8,23032,买盘
2029,13:39:24,28.78,-0.01,1,2878,卖盘
2030,13:39:28,28.78,0.0,2,5756,卖盘
2031,13:39:34,28.78,0.0,2,5756,卖盘
2032,13:39:37,28.79,0.01,3,8637,买盘
2033,13:39:42,28.79,0.0,2,5758,买盘
2034,13:39:55,28.78,-0.01,5,14390,卖盘
2035,13:40:01,28.79,0.01,12,34546,买盘
2036,13:40:04,28.78,-0.01,15,43170,卖盘
2037,13:40:09,28.79,0.01,4,11514,买盘
2038,13:40:13,28.78,-0.01,331,952619,卖盘
2039,13:40:15,28.78,0.0,24,69072,卖盘
2040,13:40:18,28.79,0.01,6,17274,买盘
2041,13:40:21,28.78,-0.01,1,2878,卖盘
2042,13:40:25,28.78,0.0,100,287800,卖盘
2043,13:40:27,28.78,0.0,17,48926,卖盘
2044,13:40:31,28.78,0.0,6,17268,买盘
2045,13:40:37,28.78,0.0,2,5756,买盘
2046,13:40:46,28.76,-0.02,4,11504,卖盘
2047,13:40:58,28.77,0.01,2,5753,买盘
2048,13:41:01,28.76,-0.01,24,69024,卖盘
2049,13:41:04,28.77,0.01,9,25885,买盘
2050,13:41:10,28.75,-0.02,3,8625,卖盘
2051,13:41:13,28.77,0.02,21,60405,买盘
2052,13:41:19,28.75,-0.02,7,20125,卖盘
2053,13:41:22,28.75,0.0,1,2875,买盘
2054,13:41:24,28.77,0.02,20,57528,买盘
2055,13:41:31,28.74,-0.03,18,51737,卖盘
2056,13:41:43,28.75,0.01,5,14375,买盘
2057,13:41:45,28.75,0.0,19,54625,买盘
2058,13:41:48,28.75,0.0,1,2875,卖盘
2059,13:41:55,28.74,-0.01,1,2874,卖盘
2060,13:41:58,28.75,0.01,18,51750,买盘
2061,13:42:01,28.8,0.05,2,5757,买盘
2062,13:42:04,28.8,0.0,1,2880,买盘
2063,13:42:07,28.8,0.0,20,57567,买盘
2064,13:42:10,28.8,0.0,2,5760,卖盘
2065,13:42:13,28.8,0.0,2,5760,卖盘
2066,13:42:16,28.8,0.0,6,17280,卖盘
2067,13:42:24,28.8,0.0,2,5760,买盘
2068,13:42:31,28.83,0.03,20,57624,买盘
2069,13:42:36,28.81,-0.02,5,14405,中性盘
2070,13:42:45,28.83,0.02,1,2883,买盘
2071,13:42:48,28.82,-0.01,6,17291,中性盘
2072,13:42:55,28.84,0.02,100,288382,买盘
2073,13:42:57,28.84,0.0,17,49028,买盘
2074,13:43:00,28.81,-0.03,1,2881,买盘
2075,13:43:04,28.84,0.03,15,43245,买盘
2076,13:43:09,28.84,0.0,28,80747,买盘
2077,13:43:12,28.84,0.0,21,60564,买盘
2078,13:43:15,28.84,0.0,1,2884,买盘
2079,13:43:18,28.83,-0.01,1,2883,买盘
2080,13:43:21,28.83,0.0,19,54777,买盘
2081,13:43:24,28.84,0.01,8,23069,买盘
2082,13:43:33,28.83,-0.01,16,46141,卖盘
2083,13:43:37,28.84,0.01,18,51912,买盘
2084,13:43:51,28.85,0.01,5,14425,买盘
2085,13:44:00,28.99,0.14,48,138806,买盘
2086,13:44:07,28.95,-0.04,2,5790,卖盘
2087,13:44:09,28.98,0.03,13,37674,买盘
2088,13:44:13,28.85,-0.13,18,51970,卖盘
2089,13:44:16,28.98,0.13,5,14490,买盘
2090,13:44:19,28.98,0.0,4,11592,买盘
2091,13:44:25,28.97,-0.01,9,26073,买盘
2092,13:44:33,28.97,0.0,7,20279,买盘
2093,13:44:43,28.98,0.01,4,11592,买盘
2094,13:44:46,28.98,0.0,55,159440,卖盘
2095,13:44:52,28.98,0.0,4,11591,买盘
2096,13:44:57,28.98,0.0,26,75348,买盘
2097,13:45:01,28.97,-0.01,30,86917,卖盘
2098,13:45:04,28.98,0.01,3,8694,中性盘
2099,13:45:13,28.98,0.0,3,8694,卖盘
2100,13:45:16,28.98,0.0,2,5796,卖盘
2101,13:45:28,28.97,-0.01,67,194108,卖盘
2102,13:45:33,28.97,0.0,15,43455,买盘
2103,13:45:40,28.96,-0.01,1,2896,买盘
2104,13:45:43,28.96,0.0,9,26064,买盘
2105,13:45:46,28.96,0.0,61,176631,买盘
2106,13:45:49,28.96,0.0,1,2896,卖盘
2107,13:45:55,28.96,0.0,4,11584,卖盘
2108,13:46:00,28.96,0.0,15,43449,卖盘
2109,13:46:03,28.96,0.0,1,2896,卖盘
2110,13:46:10,28.96,0.0,1,2896,卖盘
2111,13:46:19,28.97,0.01,17,49238,买盘
2112,13:46:21,28.97,0.0,1,2897,买盘
2113,13:46:24,28.97,0.0,50,144841,买盘
2114,13:46:27,28.95,-0.02,1,2895,卖盘
2115,13:46:30,28.95,0.0,1,2895,卖盘
2116,13:46:40,28.97,0.02,1,2897,买盘
2117,13:46:48,28.96,-0.01,9,26064,买盘
2118,13:46:55,28.96,0.0,2,5792,买盘
2119,13:46:57,28.95,-0.01,5,14478,卖盘
2120,13:47:00,28.95,0.0,2,5790,卖盘
2121,13:47:04,28.95,0.0,40,115809,卖盘
2122,13:47:06,28.95,0.0,6,17370,买盘
2123,13:47:19,28.91,-0.04,11,31801,卖盘
2124,13:47:33,28.9,-0.01,59,170524,卖盘
2125,13:47:39,28.9,0.0,17,49130,卖盘
2126,13:47:42,28.9,0.0,21,60706,卖盘
2127,13:47:49,28.91,0.01,39,112749,买盘
2128,13:47:57,28.95,0.04,9,26048,买盘
2129,13:48:00,28.94,-0.01,2,5788,中性盘
2130,13:48:04,28.95,0.01,1,2895,买盘
2131,13:48:06,28.95,0.0,16,46320,买盘
2132,13:48:10,28.95,0.0,2,5790,卖盘
2133,13:48:22,28.95,0.0,3,8685,卖盘
2134,13:48:25,28.95,0.0,4,11580,买盘
2135,13:48:33,28.95,0.0,14,40530,买盘
2136,13:48:36,28.97,0.02,28,81074,买盘
2137,13:48:39,28.97,0.0,3,8691,买盘
2138,13:48:43,28.97,0.0,7,20276,买盘
2139,13:48:45,28.96,-0.01,2,5792,买盘
2140,13:48:48,28.96,0.0,1,2896,买盘
2141,13:48:52,28.96,0.0,5,14480,买盘
2142,13:48:54,28.96,0.0,4,11584,买盘
2143,13:49:00,29.0,0.04,132,382708,买盘
2144,13:49:04,29.0,0.0,107,310300,买盘
2145,13:49:07,29.0,0.0,10,29000,卖盘
2146,13:49:10,29.04,0.04,36,104519,买盘
2147,13:49:12,29.01,-0.03,27,78360,卖盘
2148,13:49:16,29.02,0.01,2,5804,买盘
2149,13:49:18,29.04,0.02,30,87120,买盘
2150,13:49:22,29.04,0.0,1,2904,买盘
2151,13:49:27,29.02,-0.02,5,14510,卖盘
2152,13:49:30,29.04,0.02,7,20328,买盘
2153,13:49:33,29.04,0.0,4,11616,买盘
2154,13:49:36,29.04,0.0,2,5808,买盘
2155,13:49:39,29.05,0.01,17,49385,买盘
2156,13:49:42,29.05,0.0,18,52275,买盘
2157,13:49:48,29.05,0.0,12,34853,买盘
2158,13:49:54,29.04,-0.01,7,20333,卖盘
2159,13:49:58,29.05,0.01,11,31955,买盘
2160,13:50:01,29.05,0.0,23,66815,买盘
2161,13:50:04,29.09,0.04,88,255756,买盘
2162,13:50:07,29.05,-0.04,5,14525,中性盘
2163,13:50:10,29.05,0.0,2,5810,卖盘
2164,13:50:19,29.07,0.02,5,14535,中性盘
2165,13:50:25,29.07,0.0,5,14529,买盘
2166,13:50:28,29.07,0.0,6,17440,买盘
2167,13:50:34,29.07,0.0,15,43603,买盘
2168,13:50:37,29.06,-0.01,15,43590,中性盘
2169,13:50:43,29.06,0.0,15,43580,买盘
2170,13:50:46,29.06,0.0,2,5812,买盘
2171,13:50:49,29.04,-0.02,1,2904,卖盘
2172,13:50:58,29.04,0.0,6,17424,卖盘
2173,13:51:13,29.03,-0.01,10,29030,买盘
2174,13:51:16,29.02,-0.01,2,5804,卖盘
2175,13:51:18,29.03,0.01,1,2903,买盘
2176,13:51:27,29.03,0.0,10,29030,买盘
2177,13:51:33,29.02,-0.01,2,5804,卖盘
2178,13:51:36,29.03,0.01,24,69672,买盘
2179,13:51:43,29.02,-0.01,39,113200,卖盘
2180,13:52:01,29.01,-0.01,2,5802,卖盘
2181,13:52:06,29.01,0.0,1,2901,卖盘
2182,13:52:10,29.02,0.01,2,5803,买盘
2183,13:52:13,29.01,-0.01,18,52218,卖盘
2184,13:52:18,29.01,0.0,14,40614,卖盘
2185,13:52:21,29.02,0.01,12,34814,买盘
2186,13:52:24,29.0,-0.02,9,26100,卖盘
2187,13:52:34,29.0,0.0,5,14503,卖盘
2188,13:52:36,29.0,0.0,12,34800,卖盘
2189,13:52:39,29.0,0.0,5,14501,卖盘
2190,13:52:42,29.0,0.0,1,2900,卖盘
2191,13:52:48,29.0,0.0,3,8700,卖盘
2192,13:52:52,29.0,0.0,3,8700,卖盘
2193,13:52:58,29.0,0.0,12,34800,卖盘
2194,13:53:01,29.0,0.0,5,14500,卖盘
2195,13:53:04,29.0,0.0,13,37700,卖盘
2196,13:53:10,28.99,-0.01,1,2899,买盘
2197,13:53:15,29.0,0.01,41,118892,买盘
2198,13:53:30,28.98,-0.02,3,8694,买盘
2199,13:53:42,28.97,-0.01,17,49249,卖盘
2200,13:54:01,28.97,0.0,3,8691,卖盘
2201,13:54:12,28.97,0.0,5,14485,买盘
2202,13:54:15,28.97,0.0,1,2897,卖盘
2203,13:54:18,28.93,-0.04,17,49232,卖盘
2204,13:54:28,28.93,0.0,1,2893,卖盘
2205,13:54:31,28.96,0.03,2,5792,买盘
2206,13:54:34,28.92,-0.04,32,92544,卖盘
2207,13:54:40,28.92,0.0,1,2892,买盘
2208,13:54:51,28.92,0.0,61,176412,买盘
2209,13:54:54,28.89,-0.03,3,8667,卖盘
2210,13:55:00,28.89,0.0,12,34674,卖盘
2211,13:55:09,28.89,0.0,2,5778,卖盘
2212,13:55:12,28.9,0.01,2,5780,中性盘
2213,13:55:27,28.9,0.0,1,2890,买盘
2214,13:55:31,28.89,-0.01,14,40456,卖盘
2215,13:55:34,28.89,0.0,18,52003,卖盘
2216,13:55:45,28.9,0.01,12,34680,买盘
2217,13:55:52,28.9,0.0,13,37570,卖盘
2218,13:55:55,28.92,0.02,1,2892,买盘
2219,13:56:01,28.9,-0.02,2,5780,卖盘
2220,13:56:04,28.92,0.02,7,20244,买盘
2221,13:56:25,28.92,0.0,18,52040,买盘
2222,13:56:34,28.9,-0.02,3,8672,卖盘
2223,13:56:36,28.9,0.0,13,37594,卖盘
2224,13:56:39,28.91,0.01,1,2891,中性盘
2225,13:56:49,28.9,-0.01,20,57806,卖盘
2226,13:56:52,28.9,0.0,1,2890,买盘
2227,13:57:00,28.89,-0.01,2,5778,卖盘
2228,13:57:03,28.9,0.01,36,104040,买盘
2229,13:57:07,28.9,0.0,14,40460,卖盘
2230,13:57:09,28.9,0.0,1,2890,买盘
2231,13:57:13,28.9,0.0,8,23120,买盘
2232,13:57:40,28.91,0.01,3,8671,中性盘
2233,13:57:45,28.9,-0.01,4,11560,卖盘
2234,13:57:48,28.9,0.0,7,20230,卖盘
2235,13:57:52,28.9,0.0,8,23120,卖盘
2236,13:57:57,28.9,0.0,1,2890,卖盘
2237,13:58:00,28.9,0.0,2,5780,卖盘
2238,13:58:07,28.89,-0.01,12,34668,卖盘
2239,13:58:13,28.9,0.01,1,2890,买盘
2240,13:58:19,28.9,0.0,3,8670,买盘
2241,13:58:33,28.89,-0.01,3,8667,卖盘
2242,13:58:51,28.89,0.0,13,37557,卖盘
2243,13:59:01,28.89,0.0,2,5778,卖盘
2244,13:59:04,28.9,0.01,1,2890,买盘
2245,13:59:15,28.88,-0.02,1,2888,卖盘
2246,13:59:21,28.86,-0.02,22,63499,卖盘
2247,13:59:31,28.87,0.01,11,31757,买盘
2248,13:59:36,28.87,0.0,9,25983,卖盘
2249,13:59:39,28.87,0.0,2,5774,买盘
2250,13:59:42,28.88,0.01,10,28903,买盘
2251,13:59:46,28.86,-0.02,1,2886,卖盘
2252,13:59:48,28.87,0.01,7,20209,买盘
2253,13:59:58,28.87,0.0,5,14435,买盘
2254,14:00:01,28.9,0.03,4,11560,卖盘
2255,14:00:06,28.9,0.0,2,5780,卖盘
2256,14:00:12,28.9,0.0,3,8670,卖盘
2257,14:00:28,28.9,0.0,2,5780,卖盘
2258,14:00:31,28.91,0.01,1,2891,买盘
2259,14:00:34,28.91,0.0,15,43365,买盘
2260,14:00:40,28.9,-0.01,5,14450,卖盘
2261,14:00:52,28.91,0.01,11,31801,买盘
2262,14:00:55,28.92,0.01,5,14459,买盘
2263,14:01:04,28.9,-0.02,11,31800,卖盘
2264,14:01:07,28.92,0.02,26,75186,买盘
2265,14:01:10,28.92,0.0,2,5784,卖盘
2266,14:01:25,28.92,0.0,3,8676,卖盘
2267,14:01:28,28.98,0.06,10,28980,买盘
2268,14:01:31,28.92,-0.06,1,2892,卖盘
2269,14:01:48,28.96,0.04,2,5792,买盘
2270,14:01:55,28.96,0.0,10,28960,买盘
2271,14:01:57,28.92,-0.04,2,5784,卖盘
2272,14:02:07,28.92,0.0,12,34704,卖盘
2273,14:02:12,28.92,0.0,1,2892,卖盘
2274,14:02:57,28.94,0.02,2,5788,买盘
2275,14:03:01,28.93,-0.01,2,5786,卖盘
2276,14:03:06,28.93,0.0,22,63652,卖盘
2277,14:03:21,28.94,0.01,6,17363,买盘
2278,14:03:25,28.94,0.0,19,54986,买盘
2279,14:03:28,28.94,0.0,8,23152,卖盘
2280,14:03:34,28.94,0.0,2,5788,卖盘
2281,14:03:42,28.95,0.01,23,66585,买盘
2282,14:03:55,28.97,0.02,18,52145,买盘
2283,14:04:04,28.98,0.01,2,5796,买盘
2284,14:04:06,28.97,-0.01,14,40558,卖盘
2285,14:04:09,28.97,0.0,2,5794,卖盘
2286,14:04:19,28.97,0.0,21,60837,卖盘
2287,14:04:25,28.98,0.01,21,60854,买盘
2288,14:04:28,28.98,0.0,2,5796,卖盘
2289,14:04:31,28.98,0.0,7,20286,卖盘
2290,14:04:37,28.98,0.0,2,5796,卖盘
2291,14:04:40,28.98,0.0,3,8694,中性盘
2292,14:04:43,28.98,0.0,6,17390,卖盘
2293,14:04:48,28.99,0.01,23,66677,买盘
2294,14:04:55,28.98,-0.01,16,46374,卖盘
2295,14:05:01,28.98,0.0,7,20286,卖盘
2296,14:05:04,28.98,0.0,1,2898,买盘
2297,14:05:13,28.98,0.0,10,28980,买盘
2298,14:05:19,28.99,0.01,40,115944,买盘
2299,14:05:25,28.96,-0.03,3,8688,卖盘
2300,14:05:28,28.96,0.0,1,2896,卖盘
2301,14:05:36,28.96,0.0,1,2896,卖盘
2302,14:05:49,28.96,0.0,3,8688,卖盘
2303,14:05:55,28.97,0.01,2,5794,买盘
2304,14:05:57,28.97,0.0,10,28970,买盘
2305,14:06:00,28.99,0.02,27,78229,买盘
2306,14:06:04,29.0,0.01,8,23195,买盘
2307,14:06:06,28.99,-0.01,3,8697,卖盘
2308,14:06:13,28.98,-0.01,2,5796,买盘
2309,14:06:18,29.0,0.02,30,86988,买盘
2310,14:06:28,28.99,-0.01,2,5798,卖盘
2311,14:06:33,29.0,0.01,1,2900,买盘
2312,14:06:55,28.99,-0.01,5,14495,卖盘
2313,14:07:00,28.99,0.0,1,2899,卖盘
2314,14:07:04,29.0,0.01,11,31900,买盘
2315,14:07:07,28.98,-0.02,12,34787,卖盘
2316,14:07:10,29.0,0.02,238,690186,买盘
2317,14:07:13,29.01,0.01,1,2901,买盘
2318,14:07:18,29.01,0.0,10,29010,卖盘
2319,14:07:22,29.03,0.02,5,14515,买盘
2320,14:07:25,29.03,0.0,10,29030,买盘
2321,14:07:28,29.03,0.0,2,5806,买盘
2322,14:07:31,29.0,-0.03,280,812009,卖盘
2323,14:07:34,29.01,0.01,1,2901,中性盘
2324,14:07:37,29.02,0.01,30,87041,买盘
2325,14:07:40,29.03,0.01,22,63865,买盘
2326,14:07:43,29.0,-0.03,169,490137,卖盘
2327,14:07:48,29.0,0.0,37,107300,买盘
2328,14:07:51,28.99,-0.01,1,2899,卖盘
2329,14:07:58,29.0,0.01,118,342200,买盘
2330,14:08:06,29.0,0.0,17,49300,买盘
2331,14:08:09,29.0,0.0,2,5800,卖盘
2332,14:08:12,29.03,0.03,7,20321,买盘
2333,14:08:28,29.02,-0.01,10,29018,买盘
2334,14:08:34,29.01,-0.01,9,26109,中性盘
2335,14:08:36,29.01,0.0,2,5802,买盘
2336,14:08:39,29.02,0.01,4,11605,买盘
2337,14:08:42,29.02,0.0,1,2902,卖盘
2338,14:08:52,29.03,0.01,1,2903,买盘
2339,14:08:55,29.03,0.0,3,8709,买盘
2340,14:08:58,29.03,0.0,4,11612,买盘
2341,14:09:01,29.0,-0.03,74,214674,卖盘
2342,14:09:03,29.0,0.0,4,11600,买盘
2343,14:09:06,29.0,0.0,11,31900,买盘
2344,14:09:10,29.0,0.0,10,29000,买盘
2345,14:09:16,29.0,0.0,21,60899,买盘
2346,14:09:22,29.0,0.0,19,55114,卖盘
2347,14:09:34,29.0,0.0,2,5800,卖盘
2348,14:09:40,29.01,0.01,1,2901,买盘
2349,14:09:46,29.0,-0.01,15,43502,卖盘
2350,14:09:58,29.01,0.01,2,5802,买盘
2351,14:10:06,29.0,-0.01,10,29007,卖盘
2352,14:10:12,29.01,0.01,7,20307,买盘
2353,14:10:16,29.01,0.0,21,60907,买盘
2354,14:10:19,28.99,-0.02,57,165262,卖盘
2355,14:10:25,29.02,0.03,2,5804,买盘
2356,14:10:40,29.01,-0.01,2,5802,买盘
2357,14:10:42,29.0,-0.01,2,5800,买盘
2358,14:10:45,28.99,-0.01,5,14498,卖盘
2359,14:10:49,29.0,0.01,5,14500,买盘
2360,14:10:55,28.99,-0.01,2,5798,卖盘
2361,14:10:58,28.99,0.0,2,5798,卖盘
2362,14:11:04,28.99,0.0,9,26091,卖盘
2363,14:11:07,28.99,0.0,15,43485,卖盘
2364,14:11:09,28.99,0.0,1,2899,卖盘
2365,14:11:15,29.0,0.01,10,28994,买盘
2366,14:11:19,29.0,0.0,10,29000,买盘
2367,14:11:27,28.98,-0.02,2,5797,卖盘
2368,14:11:30,28.97,-0.01,5,14486,卖盘
2369,14:11:39,29.0,0.03,26,75379,买盘
2370,14:11:57,28.96,-0.04,6,17376,卖盘
2371,14:12:06,28.96,0.0,4,11584,中性盘
2372,14:12:18,28.95,-0.01,6,17375,卖盘
2373,14:12:28,28.95,0.0,9,26055,卖盘
2374,14:12:33,28.95,0.0,13,37635,买盘
2375,14:12:40,28.95,0.0,2,5790,买盘
2376,14:12:51,28.94,-0.01,25,72350,卖盘
2377,14:12:54,28.95,0.01,1,2895,买盘
2378,14:12:57,28.94,-0.01,4,11576,卖盘
2379,14:13:03,28.94,0.0,11,31825,买盘
2380,14:13:06,28.94,0.0,6,17364,买盘
2381,14:13:09,28.93,-0.01,64,185196,卖盘
2382,14:13:16,28.93,0.0,2,5786,卖盘
2383,14:13:22,28.93,0.0,2,5786,卖盘
2384,14:13:33,28.92,-0.01,3,8676,卖盘
2385,14:13:39,28.92,0.0,5,14460,卖盘
2386,14:13:46,28.93,0.01,17,49164,买盘
2387,14:14:01,28.91,-0.02,8,23128,卖盘
2388,14:14:22,28.91,0.0,1,2891,卖盘
2389,14:14:25,28.92,0.01,30,86760,买盘
2390,14:14:28,28.91,-0.01,7,20242,卖盘
2391,14:14:31,28.92,0.01,1,2892,买盘
2392,14:14:36,28.91,-0.01,1,2891,卖盘
2393,14:14:39,28.91,0.0,6,17350,卖盘
2394,14:14:48,28.92,0.01,5,14456,买盘
2395,14:14:54,28.91,-0.01,2,5782,卖盘
2396,14:15:04,28.92,0.01,10,28920,买盘
2397,14:15:10,28.92,0.0,2,5784,买盘
2398,14:15:13,28.92,0.0,5,14460,买盘
2399,14:15:15,28.91,-0.01,23,66509,卖盘
2400,14:15:21,28.99,0.08,10,28990,中性盘
2401,14:15:27,28.91,-0.08,19,54934,卖盘
2402,14:15:30,28.91,0.0,10,28910,卖盘
2403,14:15:37,28.91,0.0,2,5782,买盘
2404,14:15:40,28.9,-0.01,1,2890,卖盘
2405,14:15:43,28.91,0.01,3,8673,买盘
2406,14:15:48,28.91,0.0,61,176351,买盘
2407,14:15:58,28.9,-0.01,1,2890,卖盘
2408,14:16:01,28.9,0.0,42,121380,卖盘
2409,14:16:16,28.9,0.0,1,2890,买盘
2410,14:16:21,28.89,-0.01,5,14445,中性盘
2411,14:16:24,28.89,0.0,11,31777,买盘
2412,14:16:27,28.89,0.0,12,34668,买盘
2413,14:16:31,28.89,0.0,1,2889,买盘
2414,14:16:37,28.88,-0.01,5,14440,卖盘
2415,14:16:43,28.88,0.0,6,17328,卖盘
2416,14:16:49,28.87,-0.01,7,20209,卖盘
2417,14:16:52,28.87,0.0,8,23096,买盘
2418,14:17:00,28.87,0.0,27,77947,买盘
2419,14:17:04,28.86,-0.01,13,37518,卖盘
2420,14:17:10,28.86,0.0,4,11544,买盘
2421,14:17:16,28.85,-0.01,12,34621,卖盘
2422,14:17:18,28.87,0.02,1,2887,买盘
2423,14:17:27,28.86,-0.01,3,8658,卖盘
2424,14:17:33,28.86,0.0,4,11544,卖盘
2425,14:17:39,28.86,0.0,49,141414,卖盘
2426,14:17:52,28.86,0.0,5,14434,卖盘
2427,14:18:00,28.87,0.01,30,86610,买盘
2428,14:18:18,28.89,0.02,4,11556,买盘
2429,14:18:24,28.89,0.0,1,2889,买盘
2430,14:18:27,28.88,-0.01,2,5776,中性盘
2431,14:18:31,28.87,-0.01,2,5774,卖盘
2432,14:18:34,28.87,0.0,4,11548,卖盘
2433,14:18:37,28.87,0.0,8,23096,卖盘
2434,14:18:40,28.87,0.0,3,8661,卖盘
2435,14:18:43,28.86,-0.01,27,77935,卖盘
2436,14:18:49,28.87,0.01,19,54838,买盘
2437,14:18:52,28.86,-0.01,3,8658,卖盘
2438,14:18:54,28.86,0.0,6,17316,卖盘
2439,14:18:57,28.86,0.0,2,5772,卖盘
2440,14:19:00,28.86,0.0,20,57721,卖盘
2441,14:19:04,28.85,-0.01,32,92350,卖盘
2442,14:19:06,28.85,0.0,103,297055,买盘
2443,14:19:09,28.84,-0.01,20,57680,卖盘
2444,14:19:19,28.83,-0.01,14,40370,卖盘
2445,14:19:21,28.82,-0.01,7,20180,卖盘
2446,14:19:25,28.8,-0.02,87,250604,卖盘
2447,14:19:30,28.81,0.01,11,31684,买盘
2448,14:19:33,28.8,-0.01,2,5760,中性盘
2449,14:19:36,28.8,0.0,2,5760,卖盘
2450,14:19:42,28.8,0.0,2,5760,卖盘
2451,14:19:46,28.8,0.0,5,14398,买盘
2452,14:19:49,28.78,-0.02,2,5756,卖盘
2453,14:19:52,28.77,-0.01,2,5754,买盘
2454,14:19:54,28.75,-0.02,10,28755,卖盘
2455,14:19:57,28.7,-0.05,112,321686,卖盘
2456,14:20:01,28.76,0.06,2,5752,中性盘
2457,14:20:04,28.76,0.0,4,11504,卖盘
2458,14:20:06,28.76,0.0,25,71900,卖盘
2459,14:20:09,28.77,0.01,11,31639,买盘
2460,14:20:12,28.76,-0.01,16,45956,中性盘
2461,14:20:16,28.77,0.01,1,2877,中性盘
2462,14:20:22,28.77,0.0,14,40278,买盘
2463,14:20:25,28.71,-0.06,3,8613,卖盘
2464,14:20:34,28.71,0.0,40,114850,卖盘
2465,14:20:37,28.71,0.0,6,17226,卖盘
2466,14:20:40,28.74,0.03,6,17244,买盘
2467,14:20:43,28.71,-0.03,13,37323,卖盘
2468,14:20:46,28.73,0.02,2,5746,买盘
2469,14:20:51,28.73,0.0,1,2873,卖盘
2470,14:20:54,28.72,-0.01,5,14362,卖盘
2471,14:20:58,28.75,0.03,40,114979,买盘
2472,14:21:01,28.74,-0.01,14,40234,中性盘
2473,14:21:06,28.75,0.01,1,2875,买盘
2474,14:21:10,28.75,0.0,1,2875,卖盘
2475,14:21:13,28.78,0.03,102,293133,买盘
2476,14:21:21,28.78,0.0,1,2878,卖盘
2477,14:21:36,28.79,0.01,2,5758,买盘
2478,14:21:39,28.79,0.0,7,20153,买盘
2479,14:21:42,28.79,0.0,19,54701,买盘
2480,14:21:46,28.8,0.01,5,14400,买盘
2481,14:21:49,28.81,0.01,4,11521,买盘
2482,14:21:54,28.79,-0.02,3,8638,卖盘
2483,14:22:00,28.8,0.01,1,2880,卖盘
2484,14:22:12,28.81,0.01,5,14405,买盘
2485,14:22:16,28.8,-0.01,22,63360,卖盘
2486,14:22:22,28.8,0.0,8,23040,买盘
2487,14:22:24,28.8,0.0,1,2880,买盘
2488,14:22:27,28.79,-0.01,52,149758,卖盘
2489,14:22:31,28.79,0.0,1,2879,卖盘
2490,14:22:39,28.8,0.01,2,5760,买盘
2491,14:22:43,28.8,0.0,8,23040,买盘
2492,14:22:46,28.79,-0.01,1,2879,卖盘
2493,14:22:48,28.79,0.0,96,276477,卖盘
2494,14:22:51,28.8,0.01,5,14400,买盘
2495,14:23:01,28.8,0.0,2,5760,卖盘
2496,14:23:06,28.8,0.0,2,5760,卖盘
2497,14:23:12,28.81,0.01,1,2881,买盘
2498,14:23:16,28.8,-0.01,1,2880,卖盘
2499,14:23:31,28.8,0.0,2,5760,卖盘
2500,14:23:37,28.81,0.01,10,28810,买盘
2501,14:23:48,28.81,0.0,55,158640,买盘
2502,14:23:57,28.81,0.0,13,37453,买盘
2503,14:24:04,28.81,0.0,3,8643,买盘
2504,14:24:09,28.81,0.0,2,5762,卖盘
2505,14:24:15,28.81,0.0,1,2881,卖盘
2506,14:24:18,28.81,0.0,1,2881,卖盘
2507,14:24:22,28.84,0.03,19,54774,买盘
2508,14:24:25,28.84,0.0,25,72076,买盘
2509,14:24:28,28.87,0.03,35,100981,买盘
2510,14:24:31,28.91,0.04,32,92343,买盘
2511,14:24:33,28.82,-0.09,2,5764,卖盘
2512,14:24:51,28.91,0.09,5,14455,买盘
2513,14:24:57,28.91,0.0,7,20237,买盘
2514,14:25:01,28.91,0.0,6,17346,买盘
2515,14:25:10,28.8,-0.11,150,432376,卖盘
2516,14:25:15,28.89,0.09,3,8669,卖盘
2517,14:25:19,28.89,0.0,1,2889,卖盘
2518,14:25:28,28.9,0.01,30,86650,买盘
2519,14:25:30,28.9,0.0,8,23112,买盘
2520,14:25:46,28.84,-0.06,1,2884,卖盘
2521,14:25:51,28.84,0.0,1,2884,卖盘
2522,14:25:54,28.85,0.01,2,5770,买盘
2523,14:25:58,28.8,-0.05,144,414522,卖盘
2524,14:26:00,28.8,0.0,2,5760,买盘
2525,14:26:04,28.8,0.0,70,201599,买盘
2526,14:26:09,28.8,0.0,225,648000,买盘
2527,14:26:12,28.8,0.0,20,57830,买盘
2528,14:26:15,28.81,0.01,2,5762,卖盘
2529,14:26:21,28.81,0.0,7,20167,卖盘
2530,14:26:24,28.8,-0.01,2,5761,卖盘
2531,14:26:28,28.81,0.01,51,147064,中性盘
2532,14:26:34,28.8,-0.01,17,48970,卖盘
2533,14:26:36,28.8,0.0,8,23044,卖盘
2534,14:26:42,28.81,0.01,2,5762,卖盘
2535,14:26:45,28.81,0.0,2,5762,卖盘
2536,14:26:49,28.81,0.0,7,20167,中性盘
2537,14:27:01,28.82,0.01,12,34582,买盘
2538,14:27:12,28.82,0.0,6,17292,买盘
2539,14:27:16,28.82,0.0,9,25938,买盘
2540,14:27:19,28.82,0.0,3,8646,买盘
2541,14:27:22,28.85,0.03,61,175852,买盘
2542,14:27:33,28.88,0.03,10,28868,买盘
2543,14:27:36,28.86,-0.02,4,11544,中性盘
2544,14:27:40,28.86,0.0,1,2886,买盘
2545,14:27:46,28.78,-0.08,303,872585,卖盘
2546,14:27:49,28.88,0.1,5,14432,买盘
2547,14:27:52,28.79,-0.09,13,37427,中性盘
2548,14:27:54,28.86,0.07,9,25974,卖盘
2549,14:27:57,28.86,0.0,2,5772,卖盘
2550,14:28:01,28.86,0.0,54,155844,卖盘
2551,14:28:04,28.88,0.02,11,31768,买盘
2552,14:28:07,28.88,0.0,8,23104,卖盘
2553,14:28:10,28.88,0.0,7,20216,卖盘
2554,14:28:13,28.88,0.0,2,5776,卖盘
2555,14:28:18,28.88,0.0,23,66424,卖盘
2556,14:28:22,28.88,0.0,24,69312,买盘
2557,14:28:28,28.88,0.0,2,5776,卖盘
2558,14:28:31,28.88,0.0,13,37544,卖盘
2559,14:28:37,28.88,0.0,8,23098,买盘
2560,14:28:40,28.88,0.0,4,11552,买盘
2561,14:28:43,28.88,0.0,14,40432,买盘
2562,14:28:52,28.86,-0.02,80,230880,卖盘
2563,14:28:57,28.86,0.0,10,28860,卖盘
2564,14:29:00,28.86,0.0,1,2886,卖盘
2565,14:29:04,28.86,0.0,1,2886,卖盘
2566,14:29:13,28.86,0.0,11,31746,卖盘
2567,14:29:16,28.86,0.0,10,28861,卖盘
2568,14:29:19,28.86,0.0,1,2886,买盘
2569,14:29:22,28.85,-0.01,9,25965,买盘
2570,14:29:27,28.85,0.0,1,2885,买盘
2571,14:29:30,28.8,-0.05,17,49023,卖盘
2572,14:29:33,28.8,0.0,20,57600,卖盘
2573,14:29:40,28.8,0.0,5,14399,买盘
2574,14:29:46,28.8,0.0,5,14396,买盘
2575,14:29:52,28.78,-0.02,9,25916,卖盘
2576,14:29:58,28.78,0.0,2,5756,卖盘
2577,14:30:00,28.79,0.01,13,37427,买盘
2578,14:30:10,28.8,0.01,34,98033,卖盘
2579,14:30:16,28.84,0.04,41,118153,买盘
2580,14:30:22,28.8,-0.04,14,40320,卖盘
2581,14:30:28,28.79,-0.01,3,8642,卖盘
2582,14:30:33,28.8,0.01,30,86400,卖盘
2583,14:30:39,28.8,0.0,15,43200,卖盘
2584,14:30:42,28.79,-0.01,54,155473,卖盘
2585,14:30:51,28.79,0.0,5,14395,买盘
2586,14:30:55,28.78,-0.01,20,57560,卖盘
2587,14:31:01,28.76,-0.02,2,5752,卖盘
2588,14:31:04,28.78,0.02,1,2878,买盘
2589,14:31:10,28.76,-0.02,12,34512,卖盘
2590,14:31:13,28.77,0.01,2,5754,买盘
2591,14:31:16,28.76,-0.01,3,8628,卖盘
2592,14:31:25,28.76,0.0,12,34512,卖盘
2593,14:31:28,28.77,0.01,8,23016,买盘
2594,14:31:30,28.75,-0.02,19,54628,卖盘
2595,14:31:39,28.76,0.01,8,23008,买盘
2596,14:31:42,28.76,0.0,70,201320,买盘
2597,14:31:46,28.76,0.0,32,92032,卖盘
2598,14:31:49,28.76,0.0,4,11504,卖盘
2599,14:31:58,28.77,0.01,10,28770,买盘
2600,14:32:00,28.76,-0.01,30,86280,卖盘
2601,14:32:06,28.76,0.0,1,2876,买盘
2602,14:32:10,28.75,-0.01,1,2875,卖盘
2603,14:32:13,28.76,0.01,1,2876,买盘
2604,14:32:19,28.75,-0.01,1,2875,卖盘
2605,14:32:28,28.75,0.0,4,11500,卖盘
2606,14:32:31,28.75,0.0,4,11500,卖盘
2607,14:32:33,28.76,0.01,3,8626,买盘
2608,14:32:39,28.76,0.0,35,100659,买盘
2609,14:32:46,28.75,-0.01,6,17250,卖盘
2610,14:32:49,28.75,0.0,3,8625,卖盘
2611,14:32:54,28.75,0.0,21,60381,卖盘
2612,14:32:57,28.75,0.0,7,20125,卖盘
2613,14:33:00,28.75,0.0,2,5750,卖盘
2614,14:33:10,28.75,0.0,20,57491,买盘
2615,14:33:13,28.74,-0.01,7,20118,卖盘
2616,14:33:16,28.73,-0.01,43,123547,卖盘
2617,14:33:19,28.73,0.0,6,17238,卖盘
2618,14:33:22,28.73,0.0,27,77571,卖盘
2619,14:33:25,28.72,-0.01,129,370691,卖盘
2620,14:33:27,28.72,0.0,2,5744,卖盘
2621,14:33:30,28.72,0.0,1,2872,卖盘
2622,14:33:33,28.72,0.0,15,43080,卖盘
2623,14:33:36,28.72,0.0,18,51696,卖盘
2624,14:33:40,28.73,0.01,2,5745,买盘
2625,14:33:43,28.71,-0.02,31,89016,卖盘
2626,14:33:46,28.72,0.01,6,17228,买盘
2627,14:33:49,28.72,0.0,5,14360,买盘
2628,14:33:52,28.71,-0.01,1,2871,卖盘
2629,14:33:55,28.71,0.0,5,14355,卖盘
2630,14:33:58,28.72,0.01,10,28720,买盘
2631,14:34:00,28.73,0.01,35,100534,买盘
2632,14:34:04,28.71,-0.02,13,37323,卖盘
2633,14:34:07,28.72,0.01,5,14360,买盘
2634,14:34:10,28.71,-0.01,28,80392,卖盘
2635,14:34:13,28.71,0.0,6,17226,卖盘
2636,14:34:16,28.72,0.01,1,2872,买盘
2637,14:34:19,28.71,-0.01,37,106227,卖盘
2638,14:34:24,28.71,0.0,42,120639,卖盘
2639,14:34:31,28.71,0.0,15,43078,卖盘
2640,14:34:33,28.72,0.01,2,5744,买盘
2641,14:34:36,28.71,-0.01,5,14355,卖盘
2642,14:34:39,28.72,0.01,5,14360,买盘
2643,14:34:42,28.72,0.0,24,68928,买盘
2644,14:34:45,28.72,0.0,25,71800,卖盘
2645,14:34:48,28.72,0.0,3,8616,买盘
2646,14:34:52,28.72,0.0,1,2872,卖盘
2647,14:34:58,28.72,0.0,7,20104,卖盘
2648,14:35:07,28.72,0.0,17,48824,卖盘
2649,14:35:12,28.72,0.0,4,11488,卖盘
2650,14:35:19,28.72,0.0,1,2872,买盘
2651,14:35:22,28.72,0.0,1,2872,买盘
2652,14:35:28,28.72,0.0,1,2872,买盘
2653,14:35:31,28.71,-0.01,69,198099,卖盘
2654,14:35:33,28.71,0.0,44,126367,卖盘
2655,14:35:36,28.72,0.01,3,8615,中性盘
2656,14:35:40,28.72,0.0,17,48824,买盘
2657,14:35:45,28.7,-0.02,21,60288,卖盘
2658,14:35:51,28.72,0.02,8,22976,中性盘
2659,14:35:55,28.71,-0.01,12,34452,卖盘
2660,14:36:01,28.71,0.0,2,5742,卖盘
2661,14:36:04,28.72,0.01,7,20104,买盘
2662,14:36:10,28.71,-0.01,32,91872,卖盘
2663,14:36:15,28.72,0.01,3,8616,买盘
2664,14:36:18,28.71,-0.01,10,28710,卖盘
2665,14:36:21,28.72,0.01,7,20104,买盘
2666,14:36:28,28.72,0.0,7,20104,买盘
2667,14:36:31,28.71,-0.01,1,2871,卖盘
2668,14:36:34,28.72,0.01,11,31592,买盘
2669,14:36:37,28.71,-0.01,13,37326,卖盘
2670,14:36:43,28.72,0.01,41,117752,买盘
2671,14:36:45,28.72,0.0,16,45952,卖盘
2672,14:36:49,28.72,0.0,1,2872,买盘
2673,14:36:54,28.72,0.0,15,43080,买盘
2674,14:37:00,28.72,0.0,19,54565,买盘
2675,14:37:04,28.72,0.0,7,20104,买盘
2676,14:37:07,28.72,0.0,11,31592,卖盘
2677,14:37:10,28.72,0.0,11,31597,卖盘
2678,14:37:15,28.73,0.01,5,14365,买盘
2679,14:37:19,28.73,0.0,2,5746,买盘
2680,14:37:22,28.73,0.0,14,40222,卖盘
2681,14:37:28,28.75,0.02,3,8625,买盘
2682,14:37:30,28.76,0.01,15,43137,买盘
2683,14:37:40,28.73,-0.03,1,2873,卖盘
2684,14:37:46,28.75,0.02,4,11500,买盘
2685,14:37:49,28.75,0.0,2,5750,买盘
2686,14:37:54,28.75,0.0,4,11500,买盘
2687,14:38:03,28.78,0.03,11,31652,买盘
2688,14:38:07,28.76,-0.02,9,25888,卖盘
2689,14:38:10,28.76,0.0,2,5752,卖盘
2690,14:38:16,28.78,0.02,3,8634,买盘
2691,14:38:22,28.79,0.01,51,146818,买盘
2692,14:38:34,28.78,-0.01,3,8634,卖盘
2693,14:38:40,28.79,0.01,10,28790,买盘
2694,14:38:42,28.79,0.0,6,17271,买盘
2695,14:38:46,28.78,-0.01,25,71960,卖盘
2696,14:38:54,28.8,0.02,2,5760,买盘
2697,14:39:10,28.8,0.0,40,115200,买盘
2698,14:39:16,28.79,-0.01,26,74863,卖盘
2699,14:39:19,28.81,0.02,42,121002,买盘
2700,14:39:22,28.81,0.0,5,14405,买盘
2701,14:39:30,28.81,0.0,13,37429,买盘
2702,14:39:33,28.81,0.0,4,11524,买盘
2703,14:39:36,28.81,0.0,36,103716,卖盘
2704,14:39:39,28.81,0.0,17,48977,卖盘
2705,14:39:58,28.81,0.0,10,28810,卖盘
2706,14:40:03,28.82,0.01,4,11525,买盘
2707,14:40:06,28.81,-0.01,6,17289,卖盘
2708,14:40:10,28.81,0.0,20,57621,卖盘
2709,14:40:13,28.81,0.0,16,46096,卖盘
2710,14:40:22,28.81,0.0,1,2881,买盘
2711,14:40:25,28.8,-0.01,1,2880,买盘
2712,14:40:28,28.79,-0.01,1,2879,卖盘
2713,14:40:36,28.8,0.01,12,34560,买盘
2714,14:40:40,28.79,-0.01,2,5758,卖盘
2715,14:40:46,28.79,0.0,35,100765,卖盘
2716,14:40:55,28.8,0.01,10,28800,买盘
2717,14:40:58,28.8,0.0,23,66240,买盘
2718,14:41:00,28.8,0.0,4,11518,买盘
2719,14:41:04,28.79,-0.01,10,28790,卖盘
2720,14:41:07,28.79,0.0,4,11516,卖盘
2721,14:41:10,28.8,0.01,10,28800,买盘
2722,14:41:16,28.79,-0.01,23,66229,卖盘
2723,14:41:19,28.79,0.0,8,23032,买盘
2724,14:41:28,28.78,-0.01,33,94974,卖盘
2725,14:41:40,28.79,0.01,72,207288,买盘
2726,14:41:43,28.79,0.0,2,5758,卖盘
2727,14:41:46,28.78,-0.01,173,497920,卖盘
2728,14:41:51,28.79,0.01,3,8637,买盘
2729,14:41:58,28.78,-0.01,7,20146,卖盘
2730,14:42:01,28.79,0.01,5,14393,买盘
2731,14:42:04,28.78,-0.01,25,71950,卖盘
2732,14:42:10,28.77,-0.01,4,11508,卖盘
2733,14:42:13,28.78,0.01,5,14390,买盘
2734,14:42:15,28.76,-0.02,103,296246,卖盘
2735,14:42:30,28.77,0.01,10,28770,买盘
2736,14:42:33,28.76,-0.01,30,86280,卖盘
2737,14:42:37,28.76,0.0,3,8628,卖盘
2738,14:42:49,28.75,-0.01,5,14375,卖盘
2739,14:42:55,28.75,0.0,1,2875,卖盘
2740,14:42:58,28.75,0.0,13,37375,卖盘
2741,14:43:10,28.74,-0.01,7,20118,卖盘
2742,14:43:12,28.75,0.01,9,25867,买盘
2743,14:43:15,28.73,-0.02,1,2873,卖盘
2744,14:43:19,28.75,0.02,25,71852,买盘
2745,14:43:22,28.73,-0.02,2,5746,卖盘
2746,14:43:25,28.71,-0.02,149,427872,卖盘
2747,14:43:28,28.71,0.0,10,28710,卖盘
2748,14:43:34,28.75,0.04,21,60353,买盘
2749,14:43:37,28.75,0.0,1,2875,买盘
2750,14:43:40,28.74,-0.01,6,17244,卖盘
2751,14:43:51,28.74,0.0,5,14370,卖盘
2752,14:44:00,28.72,-0.02,3,8616,卖盘
2753,14:44:04,28.74,0.02,2,5748,买盘
2754,14:44:07,28.71,-0.03,50,143574,卖盘
2755,14:44:12,28.73,0.02,4,11492,买盘
2756,14:44:15,28.73,0.0,16,45968,买盘
2757,14:44:21,28.73,0.0,5,14365,买盘
2758,14:44:37,28.74,0.01,39,112086,买盘
2759,14:44:43,28.73,-0.01,23,66079,卖盘
2760,14:44:46,28.74,0.01,16,45984,买盘
2761,14:44:49,28.73,-0.01,45,129329,中性盘
2762,14:44:55,28.72,-0.01,2,5744,卖盘
2763,14:44:58,28.73,0.01,2,5746,买盘
2764,14:45:01,28.73,0.0,4,11492,买盘
2765,14:45:07,28.73,0.0,19,54570,买盘
2766,14:45:10,28.73,0.0,2,5746,卖盘
2767,14:45:13,28.73,0.0,8,22984,卖盘
2768,14:45:18,28.74,0.01,14,40236,买盘
2769,14:45:22,28.73,-0.01,2,5746,卖盘
2770,14:45:27,28.73,0.0,24,68956,卖盘
2771,14:45:30,28.74,0.01,4,11496,买盘
2772,14:45:33,28.74,0.0,5,14370,卖盘
2773,14:45:43,28.74,0.0,2,5748,卖盘
2774,14:45:45,28.75,0.01,1,2875,买盘
2775,14:45:49,28.75,0.0,1,2875,买盘
2776,14:45:52,28.75,0.0,1,2875,买盘
2777,14:46:01,28.74,-0.01,5,14370,卖盘
2778,14:46:06,28.74,0.0,1,2874,买盘
2779,14:46:10,28.73,-0.01,28,80444,卖盘
2780,14:46:13,28.74,0.01,32,91968,买盘
2781,14:46:16,28.73,-0.01,1,2873,卖盘
2782,14:46:22,28.73,0.0,1,2873,卖盘
2783,14:46:25,28.73,0.0,21,60334,卖盘
2784,14:46:30,28.73,0.0,11,31603,卖盘
2785,14:46:33,28.73,0.0,30,86219,买盘
2786,14:47:00,28.75,0.02,20,57500,买盘
2787,14:47:03,28.73,-0.02,23,66088,卖盘
2788,14:47:10,28.73,0.0,3,8619,卖盘
2789,14:47:19,28.73,0.0,2,5746,买盘
2790,14:47:25,28.74,0.01,10,28737,买盘
2791,14:47:27,28.72,-0.02,83,238377,卖盘
2792,14:47:37,28.72,0.0,9,25848,卖盘
2793,14:47:49,28.71,-0.01,5,14355,卖盘
