,time,price,change,volume,amount,type
0,09:25:04,28.45,0.17,220,625900,买盘
1,09:30:04,28.3,-0.15,358,1019279,卖盘
2,09:30:07,28.48,0.18,144,409925,买盘
3,09:30:10,28.45,-0.03,74,210542,卖盘
4,09:30:13,28.45,0.0,1,2845,卖盘
5,09:30:15,28.45,0.0,2,5690,卖盘
6,09:30:19,28.48,0.03,2,5696,中性盘
7,09:30:22,28.48,0.0,7,19936,卖盘
8,09:30:25,28.5,0.02,69,196633,买盘
9,09:30:28,28.5,0.0,49,139650,卖盘
10,09:30:31,28.5,0.0,100,285000,卖盘
11,09:30:34,28.49,-0.01,51,145349,卖盘
12,09:30:37,28.48,-0.01,9,25632,卖盘
13,09:30:40,28.45,-0.03,119,338938,卖盘
14,09:30:42,28.43,-0.02,178,506772,卖盘
15,09:30:46,28.43,0.0,17,48331,买盘
16,09:30:49,28.48,0.05,441,1254974,买盘
17,09:30:52,28.38,-0.1,1,2838,中性盘
18,09:30:55,28.43,0.05,45,127735,买盘
19,09:31:01,28.48,0.05,150,427008,买盘
20,09:31:04,28.43,-0.05,114,324316,卖盘
21,09:31:06,28.45,0.02,34,96642,买盘
22,09:31:09,28.45,0.0,5,14219,买盘
23,09:31:13,28.46,0.01,243,691336,买盘
24,09:31:16,28.4,-0.06,169,480380,卖盘
25,09:31:19,28.4,0.0,10,28400,买盘
26,09:31:22,28.4,0.0,49,139160,买盘
27,09:31:24,28.4,0.0,35,99400,买盘
28,09:31:28,28.4,0.0,1,2840,买盘
29,09:31:31,28.45,0.05,86,244349,买盘
30,09:31:37,28.4,-0.05,32,90880,卖盘
31,09:31:40,28.37,-0.03,93,264179,卖盘
32,09:31:43,28.42,0.05,1,2842,卖盘
33,09:31:46,28.42,0.0,11,31262,卖盘
34,09:31:49,28.42,0.0,54,153521,卖盘
35,09:31:52,28.42,0.0,19,54008,卖盘
36,09:31:58,28.41,-0.01,7,19887,卖盘
37,09:32:01,28.4,-0.01,5,14200,卖盘
38,09:32:10,28.37,-0.03,63,178768,卖盘
39,09:32:13,28.4,0.03,43,122113,买盘
40,09:32:16,28.39,-0.01,6,17038,卖盘
41,09:32:19,28.39,0.0,5,14195,卖盘
42,09:32:22,28.4,0.01,11,31238,买盘
43,09:32:24,28.4,0.0,42,119239,买盘
44,09:32:28,28.4,0.0,11,31237,买盘
45,09:32:34,28.39,-0.01,1,2839,买盘
46,09:32:37,28.39,0.0,19,53933,买盘
47,09:32:40,28.36,-0.03,14,39712,卖盘
48,09:32:42,28.38,0.02,14,39737,中性盘
49,09:32:46,28.37,-0.01,12,34044,买盘
50,09:32:49,28.36,-0.01,73,207089,卖盘
51,09:32:52,28.37,0.01,34,96430,买盘
52,09:32:55,28.37,0.0,22,62413,买盘
53,09:32:58,28.36,-0.01,4,11346,卖盘
54,09:33:01,28.37,0.01,27,76599,买盘
55,09:33:05,28.37,0.0,23,65251,买盘
56,09:33:07,28.37,0.0,69,195753,买盘
57,09:33:10,28.37,0.0,6,17022,卖盘
58,09:33:13,28.37,0.0,18,51080,卖盘
59,09:33:16,28.38,0.01,41,116381,卖盘
60,09:33:19,28.38,0.0,32,90823,卖盘
61,09:33:22,28.38,0.0,11,31221,卖盘
62,09:33:24,28.38,0.0,167,473946,买盘
63,09:33:28,28.38,0.0,31,87978,买盘
64,09:33:31,28.38,0.0,54,153242,买盘
65,09:33:34,28.38,0.0,124,351908,买盘
66,09:33:36,28.38,0.0,87,246856,买盘
67,09:33:40,28.38,0.0,38,107844,买盘
68,09:33:43,28.38,0.0,39,110672,买盘
69,09:33:45,28.37,-0.01,2,5674,买盘
70,09:33:48,28.37,0.0,4,11348,买盘
71,09:33:52,28.36,-0.01,1,2836,卖盘
72,09:33:55,28.38,0.02,20,56748,买盘
73,09:33:57,28.36,-0.02,6,17016,卖盘
74,09:34:00,28.36,0.0,12,34032,卖盘
75,09:34:04,28.36,0.0,8,22688,买盘
76,09:34:07,28.36,0.0,18,51048,买盘
77,09:34:13,28.36,0.0,29,82244,买盘
78,09:34:16,28.3,-0.06,35,99164,卖盘
79,09:34:19,28.36,0.06,25,70898,买盘
80,09:34:22,28.36,0.0,21,59556,卖盘
81,09:34:25,28.36,0.0,2,5672,卖盘
82,09:34:28,28.35,-0.01,19,53880,卖盘
83,09:34:31,28.35,0.0,1,2835,买盘
84,09:34:34,28.3,-0.05,2,5660,卖盘
85,09:34:37,28.28,-0.02,51,144266,卖盘
86,09:34:39,28.35,0.07,2,5669,买盘
87,09:34:43,28.28,-0.07,4,11318,卖盘
88,09:34:46,28.28,0.0,14,39592,卖盘
89,09:34:49,28.28,0.0,14,39592,卖盘
90,09:34:52,28.3,0.02,22,62214,买盘
91,09:34:54,28.28,-0.02,2,5656,买盘
92,09:34:57,28.26,-0.02,7,19794,中性盘
93,09:35:06,28.3,0.04,7,19810,买盘
94,09:35:16,28.26,-0.04,26,73525,卖盘
95,09:35:19,28.31,0.05,14,39597,买盘
96,09:35:25,28.29,-0.02,3,8489,中性盘
97,09:35:28,28.28,-0.01,15,42433,卖盘
98,09:35:31,28.29,0.01,1,2829,卖盘
99,09:35:34,28.29,0.0,10,28294,卖盘
100,09:35:37,28.3,0.01,7,19807,买盘
101,09:35:40,28.28,-0.02,6,16973,卖盘
102,09:35:43,28.28,0.0,3,8484,买盘
103,09:35:46,28.28,0.0,2,5656,买盘
104,09:35:49,28.29,0.01,6,16969,买盘
105,09:35:55,28.28,-0.01,14,39572,买盘
106,09:36:01,28.28,0.0,18,50901,买盘
107,09:36:04,28.28,0.0,2,5656,卖盘
108,09:36:07,28.28,0.0,9,25452,卖盘
109,09:36:10,28.29,0.01,3,8487,买盘
110,09:36:13,28.29,0.0,15,42422,买盘
111,09:36:19,28.3,0.01,2,5660,买盘
112,09:36:22,28.29,-0.01,9,25468,卖盘
113,09:36:24,28.29,0.0,11,31120,卖盘
114,09:36:28,28.3,0.01,28,79238,买盘
115,09:36:31,28.3,0.0,19,53770,买盘
116,09:36:34,28.31,0.01,8,22648,卖盘
117,09:36:37,28.31,0.0,8,22652,卖盘
118,09:36:40,28.34,0.03,48,135966,买盘
119,09:36:43,28.34,0.0,1,2834,卖盘
120,09:36:46,28.35,0.01,155,439425,买盘
121,09:36:49,28.36,0.01,16,45376,买盘
122,09:36:52,28.38,0.02,37,104991,买盘
123,09:36:55,28.4,0.02,106,300831,买盘
124,09:36:57,28.4,0.0,125,355000,买盘
125,09:37:01,28.43,0.03,226,641936,买盘
126,09:37:04,28.43,0.0,8,22744,买盘
127,09:37:06,28.43,0.0,183,520269,买盘
128,09:37:10,28.44,0.01,25,71095,买盘
129,09:37:13,28.45,0.01,48,136559,买盘
130,09:37:16,28.46,0.01,30,85380,买盘
131,09:37:19,28.47,0.01,13,37009,买盘
132,09:37:22,28.49,0.02,23,65526,买盘
133,09:37:25,28.48,-0.01,10,28480,卖盘
134,09:37:27,28.5,0.02,30,85500,买盘
135,09:37:31,28.53,0.03,2,5706,买盘
136,09:37:34,28.5,-0.03,10,28500,卖盘
137,09:37:37,28.55,0.05,19,54206,买盘
138,09:37:39,28.53,-0.02,18,51372,中性盘
139,09:37:42,28.55,0.02,1,2855,买盘
140,09:37:46,28.52,-0.03,33,94167,卖盘
141,09:37:49,28.52,0.0,28,79837,买盘
142,09:37:52,28.55,0.03,62,176919,买盘
143,09:37:55,28.55,0.0,2,5710,卖盘
144,09:37:58,28.55,0.0,65,185580,卖盘
145,09:38:00,28.5,-0.05,41,116972,卖盘
146,09:38:05,28.5,0.0,16,45600,买盘
147,09:38:06,28.5,0.0,11,31350,买盘
148,09:38:09,28.5,0.0,5,14250,买盘
149,09:38:13,28.5,0.0,98,279619,买盘
150,09:38:16,28.5,0.0,2,5700,中性盘
151,09:38:19,28.49,-0.01,18,51282,中性盘
152,09:38:22,28.49,0.0,7,19943,买盘
153,09:38:25,28.48,-0.01,33,93984,卖盘
154,09:38:27,28.47,-0.01,75,213685,卖盘
155,09:38:31,28.47,0.0,7,19935,卖盘
156,09:38:34,28.48,0.01,50,142420,买盘
157,09:38:37,28.49,0.01,12,34176,买盘
158,09:38:40,28.49,0.0,6,17099,卖盘
159,09:38:43,28.5,0.01,55,156731,买盘
160,09:38:46,28.49,-0.01,49,139589,中性盘
161,09:38:49,28.46,-0.03,56,159506,卖盘
162,09:38:52,28.49,0.03,87,247854,买盘
163,09:38:58,28.49,0.0,10,28490,买盘
164,09:39:00,28.45,-0.04,34,96821,中性盘
165,09:39:04,28.49,0.04,1,2849,买盘
166,09:39:06,28.44,-0.05,152,433145,卖盘
167,09:39:19,28.52,0.08,2,5704,买盘
168,09:39:22,28.53,0.01,98,279319,买盘
169,09:39:24,28.56,0.03,376,1073253,买盘
170,09:39:28,28.51,-0.05,8,22810,中性盘
171,09:39:34,28.51,0.0,6,17103,买盘
172,09:39:37,28.55,0.04,10,28526,买盘
173,09:39:40,28.52,-0.03,11,31354,买盘
174,09:39:43,28.52,0.0,5,14260,买盘
175,09:39:46,28.52,0.0,15,42793,买盘
176,09:39:52,28.55,0.03,25,71313,买盘
177,09:39:55,28.55,0.0,2,5710,卖盘
178,09:39:58,28.55,0.0,7,19977,中性盘
179,09:40:04,28.56,0.01,53,151354,买盘
180,09:40:07,28.55,-0.01,37,105640,卖盘
181,09:40:09,28.55,0.0,10,28555,卖盘
182,09:40:12,28.56,0.01,1,2856,买盘
183,09:40:16,28.5,-0.06,83,236743,卖盘
184,09:40:18,28.5,0.0,25,71250,买盘
185,09:40:22,28.5,0.0,39,111150,买盘
186,09:40:25,28.55,0.05,409,1167581,买盘
187,09:40:28,28.55,0.0,2,5710,买盘
188,09:40:30,28.56,0.01,78,222814,买盘
189,09:40:34,28.56,0.0,2,5712,卖盘
190,09:40:36,28.6,0.04,168,480643,买盘
191,09:40:40,28.6,0.0,1,2860,卖盘
192,09:40:43,28.65,0.05,2,5730,买盘
193,09:40:46,28.66,0.01,72,206298,买盘
194,09:40:48,28.68,0.02,20,57315,买盘
195,09:40:52,28.65,-0.03,25,71625,卖盘
196,09:40:54,28.68,0.03,19,54464,买盘
197,09:40:58,28.66,-0.02,23,65958,卖盘
198,09:41:01,28.68,0.02,98,281135,买盘
199,09:41:04,28.68,0.0,121,346795,买盘
200,09:41:06,28.65,-0.03,41,117479,卖盘
201,09:41:09,28.65,0.0,41,117505,卖盘
202,09:41:13,28.66,0.01,82,234949,买盘
203,09:41:16,28.66,0.0,43,123219,买盘
204,09:41:19,28.69,0.03,152,435888,买盘
205,09:41:22,28.65,-0.04,23,65903,卖盘
206,09:41:25,28.66,0.01,10,28653,买盘
207,09:41:28,28.6,-0.06,25,71594,卖盘
208,09:41:31,28.65,0.05,10,28648,中性盘
209,09:41:36,28.65,0.0,37,106005,买盘
210,09:41:43,28.63,-0.02,47,134547,中性盘
211,09:41:46,28.61,-0.02,8,22896,卖盘
212,09:41:49,28.61,0.0,19,54365,卖盘
213,09:41:52,28.61,0.0,13,37193,卖盘
214,09:41:55,28.61,0.0,26,74406,卖盘
215,09:41:58,28.62,0.01,9,25750,买盘
216,09:42:01,28.6,-0.02,70,200216,卖盘
217,09:42:04,28.6,0.0,23,65780,卖盘
218,09:42:06,28.6,0.0,3,8580,买盘
219,09:42:10,28.59,-0.01,7,20013,卖盘
220,09:42:16,28.56,-0.03,2,5712,卖盘
221,09:42:25,28.56,0.0,15,42839,买盘
222,09:42:27,28.56,0.0,10,28560,买盘
223,09:42:37,28.55,-0.01,72,205625,卖盘
224,09:42:39,28.55,0.0,5,14275,卖盘
225,09:42:42,28.55,0.0,15,42834,卖盘
226,09:42:45,28.54,-0.01,10,28540,中性盘
227,09:42:49,28.56,0.02,44,125621,买盘
228,09:42:52,28.55,-0.01,26,74232,卖盘
229,09:42:55,28.54,-0.01,12,34259,卖盘
230,09:42:58,28.55,0.01,4,11420,买盘
231,09:43:00,28.55,0.0,15,42825,买盘
232,09:43:04,28.56,0.01,7,19992,买盘
233,09:43:07,28.55,-0.01,58,165592,卖盘
234,09:43:10,28.58,0.03,18,51429,买盘
235,09:43:13,28.59,0.01,4,11434,买盘
236,09:43:16,28.56,-0.03,10,28564,卖盘
237,09:43:18,28.56,0.0,6,17131,买盘
238,09:43:22,28.56,0.0,19,54264,买盘
239,09:43:25,28.59,0.03,34,97204,买盘
240,09:43:28,28.59,0.0,40,114360,买盘
241,09:43:31,28.59,0.0,9,25731,买盘
242,09:43:37,28.6,0.01,89,254532,买盘
243,09:43:39,28.61,0.01,76,217383,买盘
244,09:43:43,28.61,0.0,88,251758,买盘
245,09:43:46,28.64,0.03,29,83018,买盘
246,09:43:49,28.63,-0.01,124,355200,卖盘
247,09:43:52,28.65,0.02,79,226396,买盘
248,09:43:55,28.65,0.0,59,169091,卖盘
249,09:43:58,28.69,0.04,86,246578,买盘
250,09:44:01,28.69,0.0,143,410234,买盘
251,09:44:04,28.7,0.01,41,117639,买盘
252,09:44:06,28.7,0.0,115,330048,买盘
253,09:44:10,28.7,0.0,55,157850,买盘
254,09:44:13,28.71,0.01,15,43060,买盘
255,09:44:16,28.7,-0.01,15,43054,卖盘
256,09:44:19,28.73,0.03,3,8619,买盘
257,09:44:21,28.71,-0.02,24,68909,卖盘
258,09:44:24,28.71,0.0,55,157905,买盘
259,09:44:28,28.7,-0.01,73,209575,卖盘
260,09:44:31,28.65,-0.05,99,283780,卖盘
261,09:44:34,28.65,0.0,8,22920,买盘
262,09:44:37,28.64,-0.01,19,54416,卖盘
263,09:44:40,28.64,0.0,13,37232,买盘
264,09:44:46,28.64,0.0,15,42958,买盘
265,09:44:49,28.62,-0.02,17,48674,中性盘
266,09:44:55,28.64,0.02,36,103104,买盘
267,09:44:58,28.6,-0.04,53,151623,卖盘
268,09:45:01,28.6,0.0,10,28600,买盘
269,09:45:04,28.6,0.0,12,34320,买盘
270,09:45:06,28.59,-0.01,2,5719,卖盘
271,09:45:10,28.6,0.01,5,14300,买盘
272,09:45:13,28.6,0.0,6,17160,买盘
273,09:45:16,28.6,0.0,32,91520,卖盘
274,09:45:18,28.63,0.03,12,34346,买盘
275,09:45:22,28.6,-0.03,17,48630,卖盘
276,09:45:25,28.61,0.01,211,603208,中性盘
277,09:45:28,28.58,-0.03,36,102982,中性盘
278,09:45:34,28.59,0.01,10,28590,买盘
279,09:45:40,28.58,-0.01,4,11432,卖盘
280,09:45:46,28.62,0.04,55,157364,买盘
281,09:45:49,28.58,-0.04,12,34292,卖盘
282,09:45:55,28.58,0.0,8,22864,买盘
283,09:45:58,28.58,0.0,1,2858,中性盘
284,09:46:04,28.6,0.02,6,17160,买盘
285,09:46:07,28.58,-0.02,44,125760,卖盘
286,09:46:10,28.58,0.0,19,54319,卖盘
287,09:46:13,28.59,0.01,1,2859,中性盘
288,09:46:15,28.58,-0.01,17,48597,卖盘
289,09:46:19,28.59,0.01,38,108642,卖盘
290,09:46:25,28.59,0.0,30,85795,卖盘
291,09:46:31,28.59,0.0,20,57180,卖盘
292,09:46:34,28.59,0.0,16,45756,卖盘
293,09:46:36,28.6,0.01,25,71500,买盘
294,09:46:42,28.6,0.0,18,51480,买盘
295,09:46:48,28.6,0.0,27,77220,买盘
296,09:46:52,28.58,-0.02,100,285854,卖盘
297,09:46:55,28.6,0.02,6,17161,卖盘
298,09:46:58,28.58,-0.02,29,82904,卖盘
299,09:47:01,28.62,0.04,9,25758,买盘
300,09:47:04,28.62,0.0,2,5724,卖盘
301,09:47:07,28.58,-0.04,84,240232,卖盘
302,09:47:10,28.58,0.0,18,51444,卖盘
303,09:47:16,28.55,-0.03,42,119978,卖盘
304,09:47:21,28.62,0.07,14,40004,买盘
305,09:47:25,28.6,-0.02,1,2860,中性盘
306,09:47:28,28.58,-0.02,10,28580,中性盘
307,09:47:31,28.6,0.02,4,11436,买盘
308,09:47:39,28.6,0.0,4,11440,买盘
309,09:47:49,28.59,-0.01,7,20018,卖盘
310,09:47:52,28.59,0.0,5,14295,卖盘
311,09:47:55,28.59,0.0,14,40026,买盘
312,09:47:57,28.58,-0.01,5,14290,卖盘
313,09:48:04,28.55,-0.03,64,182875,卖盘
314,09:48:07,28.58,0.03,103,294366,买盘
315,09:48:10,28.55,-0.03,16,45680,卖盘
316,09:48:13,28.53,-0.02,64,182706,卖盘
317,09:48:16,28.58,0.05,12,34278,买盘
318,09:48:19,28.58,0.0,10,28565,买盘
319,09:48:22,28.52,-0.06,7,19964,卖盘
320,09:48:27,28.51,-0.01,24,68507,卖盘
321,09:48:31,28.51,0.0,42,119702,中性盘
322,09:48:34,28.5,-0.01,1,2850,中性盘
323,09:48:43,28.48,-0.02,15,42720,卖盘
324,09:48:46,28.49,0.01,32,91076,买盘
325,09:48:52,28.48,-0.01,4,11390,买盘
326,09:48:58,28.48,0.0,6,17088,买盘
327,09:49:00,28.45,-0.03,22,62628,卖盘
328,09:49:04,28.48,0.03,12,34176,买盘
329,09:49:06,28.47,-0.01,8,22776,中性盘
330,09:49:10,28.45,-0.02,31,88195,卖盘
331,09:49:16,28.45,0.0,4,11380,买盘
332,09:49:19,28.41,-0.04,3,8527,卖盘
333,09:49:22,28.45,0.04,58,164920,买盘
334,09:49:24,28.4,-0.05,3,8525,中性盘
335,09:49:28,28.4,0.0,6,17040,买盘
336,09:49:31,28.45,0.05,2,5690,买盘
337,09:49:34,28.46,0.01,19,54073,买盘
338,09:49:36,28.46,0.0,1,2846,卖盘
339,09:49:39,28.45,-0.01,5,14241,卖盘
340,09:49:42,28.47,0.02,11,31323,中性盘
341,09:49:46,28.41,-0.06,55,156313,卖盘
342,09:49:48,28.41,0.0,62,176142,买盘
343,09:49:52,28.46,0.05,2,5692,中性盘
344,09:49:55,28.48,0.02,3,8544,买盘
345,09:49:58,28.41,-0.07,10,28422,卖盘
346,09:50:00,28.46,0.05,2,5692,中性盘
347,09:50:04,28.46,0.0,16,45536,买盘
348,09:50:06,28.42,-0.04,42,119419,卖盘
349,09:50:10,28.46,0.04,19,54086,中性盘
350,09:50:12,28.41,-0.05,102,289831,卖盘
351,09:50:18,28.42,0.01,16,45584,卖盘
352,09:50:22,28.48,0.06,9,25632,买盘
353,09:50:25,28.47,-0.01,16,45547,中性盘
354,09:50:28,28.46,-0.01,13,36998,买盘
355,09:50:34,28.5,0.04,10,28498,买盘
356,09:50:37,28.45,-0.05,2,5690,中性盘
357,09:50:46,28.48,0.03,9,25638,卖盘
358,09:50:49,28.47,-0.01,24,68328,买盘
359,09:50:55,28.47,0.0,4,11388,买盘
360,09:50:57,28.42,-0.05,100,284217,卖盘
361,09:51:00,28.47,0.05,4,11386,买盘
362,09:51:04,28.47,0.0,6,17082,卖盘
363,09:51:13,28.43,-0.04,3,8529,买盘
364,09:51:16,28.43,0.0,11,31273,买盘
365,09:51:19,28.43,0.0,52,147836,买盘
366,09:51:21,28.42,-0.01,22,62526,卖盘
367,09:51:25,28.43,0.01,5,14215,买盘
368,09:51:31,28.43,0.0,2,5686,中性盘
369,09:51:39,28.42,-0.01,51,144942,卖盘
370,09:51:43,28.43,0.01,5,14212,买盘
371,09:51:46,28.42,-0.01,55,156357,卖盘
372,09:51:49,28.42,0.0,5,14212,卖盘
373,09:51:52,28.43,0.01,3,8529,买盘
374,09:52:01,28.43,0.0,26,73918,买盘
375,09:52:04,28.43,0.0,50,142150,买盘
376,09:52:07,28.43,0.0,8,22744,买盘
377,09:52:10,28.43,0.0,1,2843,买盘
378,09:52:12,28.41,-0.02,212,602555,卖盘
379,09:52:25,28.44,0.03,1,2844,卖盘
380,09:52:28,28.43,-0.01,152,432154,卖盘
381,09:52:39,28.44,0.01,1,2844,买盘
382,09:52:43,28.43,-0.01,7,19902,卖盘
383,09:52:46,28.44,0.01,15,42659,买盘
384,09:52:48,28.43,-0.01,8,22744,卖盘
385,09:52:51,28.43,0.0,3,8529,卖盘
386,09:52:54,28.43,0.0,2,5686,卖盘
387,09:52:58,28.43,0.0,27,76761,卖盘
388,09:53:04,28.44,0.01,64,181964,买盘
389,09:53:07,28.43,-0.01,64,181952,卖盘
390,09:53:10,28.43,0.0,1,2843,买盘
391,09:53:12,28.42,-0.01,31,88130,卖盘
392,09:53:25,28.42,0.0,8,22736,买盘
393,09:53:28,28.43,0.01,5,14215,买盘
394,09:53:34,28.43,0.0,12,34116,买盘
395,09:53:36,28.42,-0.01,50,142102,卖盘
396,09:53:40,28.41,-0.01,35,99444,卖盘
397,09:53:42,28.42,0.01,3,8526,中性盘
398,09:53:46,28.44,0.02,37,105228,买盘
399,09:53:52,28.44,0.0,10,28432,买盘
400,09:53:55,28.41,-0.03,3,8524,卖盘
401,09:53:57,28.44,0.03,3,8532,买盘
402,09:54:07,28.42,-0.02,1,2842,卖盘
403,09:54:16,28.44,0.02,13,36972,买盘
404,09:54:37,28.44,0.0,1,2844,买盘
405,09:54:43,28.43,-0.01,5,14215,中性盘
406,09:54:49,28.42,-0.01,37,105213,卖盘
407,09:54:52,28.42,0.0,29,82420,卖盘
408,09:54:55,28.42,0.0,7,19894,卖盘
409,09:54:58,28.44,0.02,4,11376,买盘
410,09:55:01,28.44,0.0,11,31281,买盘
411,09:55:16,28.41,-0.03,70,198874,卖盘
412,09:55:19,28.44,0.03,15,42658,买盘
413,09:55:22,28.43,-0.01,2,5686,卖盘
414,09:55:25,28.41,-0.02,32,90940,卖盘
415,09:55:28,28.4,-0.01,81,230146,卖盘
416,09:55:37,28.39,-0.01,7,19873,中性盘
417,09:55:39,28.39,0.0,2,5678,卖盘
418,09:55:43,28.38,-0.01,27,76650,卖盘
419,09:55:46,28.35,-0.03,19,53868,卖盘
420,09:55:49,28.38,0.03,4,11352,买盘
421,09:56:04,28.36,-0.02,1,2836,卖盘
422,09:56:07,28.36,0.0,3,8508,卖盘
423,09:56:10,28.38,0.02,12,34042,买盘
424,09:56:16,28.36,-0.02,12,34032,卖盘
425,09:56:19,28.38,0.02,19,53921,买盘
426,09:56:22,28.39,0.01,23,65236,买盘
427,09:56:25,28.36,-0.03,15,42547,卖盘
428,09:56:27,28.4,0.04,16,45416,买盘
429,09:56:31,28.37,-0.03,20,56776,卖盘
430,09:56:33,28.43,0.06,42,119289,买盘
431,09:56:37,28.44,0.01,17,48308,买盘
432,09:56:43,28.4,-0.04,2,5680,卖盘
433,09:56:48,28.44,0.04,33,93852,买盘
434,09:56:51,28.46,0.02,1,2846,买盘
435,09:57:01,28.44,-0.02,7,19915,卖盘
436,09:57:10,28.45,0.01,8,22766,卖盘
437,09:57:13,28.46,0.01,9,25614,中性盘
438,09:57:19,28.45,-0.01,14,39856,卖盘
439,09:57:22,28.47,0.02,5,14235,买盘
440,09:57:25,28.45,-0.02,11,31303,卖盘
441,09:57:28,28.45,0.0,4,11386,卖盘
442,09:57:31,28.44,-0.01,19,54056,卖盘
443,09:57:33,28.44,0.0,1,2844,买盘
444,09:57:37,28.44,0.0,1,2844,买盘
445,09:57:43,28.4,-0.04,125,355114,卖盘
446,09:57:45,28.44,0.04,68,193292,买盘
447,09:57:51,28.4,-0.04,35,99488,买盘
448,09:57:55,28.37,-0.03,8,22705,卖盘
449,09:57:58,28.37,0.0,1,2837,买盘
450,09:58:01,28.39,0.02,8,22712,买盘
451,09:58:04,28.4,0.01,3,8520,买盘
452,09:58:09,28.35,-0.05,116,328989,卖盘
453,09:58:13,28.35,0.0,34,96390,买盘
454,09:58:16,28.4,0.05,54,153110,买盘
455,09:58:18,28.34,-0.06,1,2834,卖盘
456,09:58:21,28.35,0.01,52,147410,买盘
457,09:58:24,28.35,0.0,5,14175,买盘
458,09:58:27,28.36,0.01,100,283573,买盘
459,09:58:31,28.34,-0.02,5,14170,卖盘
460,09:58:33,28.35,0.01,10,28350,买盘
461,09:58:37,28.35,0.0,10,28350,买盘
462,09:58:39,28.34,-0.01,11,31184,卖盘
463,09:58:43,28.34,0.0,17,48178,卖盘
464,09:58:46,28.33,-0.01,7,19833,卖盘
465,09:58:52,28.3,-0.03,353,999132,卖盘
466,09:58:55,28.3,0.0,5,14150,买盘
467,09:58:58,28.3,0.0,63,178496,买盘
468,09:59:01,28.28,-0.02,5,14140,卖盘
469,09:59:04,28.3,0.02,4,11320,买盘
470,09:59:13,28.28,-0.02,74,209307,卖盘
471,09:59:15,28.28,0.0,5,14140,买盘
472,09:59:19,28.3,0.02,28,79218,买盘
473,09:59:22,28.28,-0.02,7,19796,买盘
474,09:59:25,28.28,0.0,5,14140,买盘
475,09:59:28,28.4,0.12,6,17016,买盘
476,09:59:31,28.27,-0.13,17,48069,卖盘
477,09:59:33,28.28,0.01,11,31100,买盘
478,09:59:37,28.28,0.0,8,22624,买盘
479,09:59:39,28.28,0.0,12,33932,买盘
480,09:59:49,28.28,0.0,2,5655,买盘
481,09:59:51,28.27,-0.01,2,5654,卖盘
482,09:59:55,28.28,0.01,5,14140,买盘
483,09:59:57,28.28,0.0,3,8483,买盘
484,10:00:00,28.28,0.0,61,172508,买盘
485,10:00:04,28.27,-0.01,7,19789,卖盘
486,10:00:07,28.28,0.01,5,14140,买盘
487,10:00:09,28.28,0.0,20,56544,买盘
488,10:00:12,28.27,-0.01,1,2827,卖盘
489,10:00:19,28.28,0.01,11,31104,买盘
490,10:00:22,28.27,-0.01,10,28270,卖盘
491,10:00:25,28.28,0.01,27,76423,买盘
492,10:00:27,28.27,-0.01,3,8481,卖盘
493,10:00:30,28.28,0.01,7,19795,买盘
494,10:00:34,28.28,0.0,7,19785,买盘
495,10:00:37,28.28,0.0,6,16968,买盘
496,10:00:40,28.28,0.0,1,2828,买盘
497,10:00:43,28.27,-0.01,10,28270,卖盘
498,10:00:46,28.27,0.0,2,5654,卖盘
499,10:00:52,28.28,0.01,19,53732,买盘
500,10:00:54,28.27,-0.01,14,39588,卖盘
501,10:00:57,28.27,0.0,12,33935,卖盘
502,10:01:01,28.26,-0.01,49,138482,卖盘
503,10:01:07,28.24,-0.02,163,460471,卖盘
504,10:01:10,28.23,-0.01,4,11294,卖盘
505,10:01:13,28.25,0.02,27,76229,买盘
506,10:01:16,28.23,-0.02,3,8469,中性盘
507,10:01:18,28.21,-0.02,12,33868,卖盘
508,10:01:22,28.23,0.02,3,8469,卖盘
509,10:01:25,28.22,-0.01,17,48006,卖盘
510,10:01:28,28.21,-0.01,5,14105,卖盘
511,10:01:31,28.22,0.01,8,22576,中性盘
512,10:01:34,28.21,-0.01,16,45147,卖盘
513,10:01:36,28.19,-0.02,34,95878,卖盘
514,10:01:42,28.21,0.02,25,70525,中性盘
515,10:01:46,28.21,0.0,25,70525,卖盘
516,10:01:49,28.21,0.0,1,2821,卖盘
517,10:01:51,28.2,-0.01,8,22564,卖盘
518,10:01:55,28.21,0.01,7,19743,买盘
519,10:02:00,28.19,-0.02,26,73313,卖盘
520,10:02:10,28.19,0.0,30,84570,买盘
521,10:02:13,28.18,-0.01,12,33817,卖盘
522,10:02:16,28.19,0.01,3,8457,买盘
523,10:02:19,28.2,0.01,7,19737,买盘
524,10:02:22,28.2,0.0,6,16920,买盘
525,10:02:25,28.19,-0.01,16,45104,卖盘
526,10:02:28,28.19,0.0,37,104354,卖盘
527,10:02:31,28.19,0.0,9,25371,买盘
528,10:02:34,28.19,0.0,15,42293,卖盘
529,10:02:37,28.2,0.01,14,39480,中性盘
530,10:02:40,28.19,-0.01,8,22558,卖盘
531,10:02:43,28.19,0.0,4,11276,卖盘
532,10:02:45,28.19,0.0,30,84570,卖盘
533,10:02:55,28.2,0.01,20,56400,卖盘
534,10:02:58,28.2,0.0,32,90284,卖盘
535,10:03:01,28.2,0.0,66,186058,买盘
536,10:03:07,28.2,0.0,12,33846,卖盘
537,10:03:10,28.2,0.0,1,2820,买盘
538,10:03:13,28.2,0.0,4,11280,买盘
539,10:03:15,28.21,0.01,7,19745,买盘
540,10:03:28,28.23,0.02,13,36699,买盘
541,10:03:31,28.21,-0.02,8,22568,卖盘
542,10:03:34,28.21,0.0,1,2821,买盘
543,10:03:37,28.21,0.0,11,31022,买盘
544,10:03:39,28.2,-0.01,3,8461,卖盘
545,10:03:42,28.21,0.01,8,22568,买盘
546,10:03:46,28.21,0.0,1,2821,卖盘
547,10:03:49,28.23,0.02,100,282300,买盘
548,10:03:52,28.23,0.0,18,50814,买盘
549,10:03:55,28.23,0.0,4,11292,卖盘
550,10:03:58,28.23,0.0,2,5646,卖盘
551,10:04:01,28.21,-0.02,45,126997,卖盘
552,10:04:04,28.21,0.0,1,2821,买盘
553,10:04:06,28.21,0.0,13,36673,买盘
554,10:04:10,28.21,0.0,6,16926,买盘
555,10:04:22,28.21,0.0,5,14109,卖盘
556,10:04:31,28.25,0.04,13,36703,买盘
557,10:04:34,28.21,-0.04,12,33852,卖盘
558,10:04:52,28.25,0.04,3,8475,买盘
559,10:04:58,28.23,-0.02,41,115743,卖盘
560,10:05:01,28.21,-0.02,35,98736,卖盘
561,10:05:04,28.21,0.0,6,16926,买盘
562,10:05:10,28.2,-0.01,50,141000,卖盘
563,10:05:16,28.21,0.01,21,59241,买盘
564,10:05:19,28.21,0.0,1,2821,买盘
565,10:05:28,28.22,0.01,53,149616,卖盘
566,10:05:31,28.22,0.0,2,5644,卖盘
567,10:05:34,28.22,0.0,16,45166,卖盘
568,10:05:36,28.21,-0.01,10,28215,卖盘
569,10:05:49,28.21,0.0,5,14105,卖盘
570,10:05:52,28.25,0.04,38,107300,买盘
571,10:05:55,28.25,0.0,10,28250,卖盘
572,10:06:01,28.21,-0.04,17,47965,卖盘
573,10:06:07,28.27,0.06,75,211755,买盘
574,10:06:19,28.27,0.0,20,56538,买盘
575,10:06:28,28.28,0.01,11,31107,买盘
576,10:06:31,28.28,0.0,31,87668,买盘
577,10:06:33,28.3,0.02,23,65052,买盘
578,10:06:36,28.28,-0.02,16,45248,买盘
579,10:06:39,28.28,0.0,110,311192,买盘
580,10:06:43,28.28,0.0,3,8484,买盘
581,10:06:49,28.37,0.09,50,141679,买盘
582,10:06:55,28.28,-0.09,2,5656,买盘
583,10:06:57,28.28,0.0,1,2828,买盘
584,10:07:01,28.25,-0.03,27,76282,卖盘
585,10:07:04,28.25,0.0,36,101700,买盘
586,10:07:07,28.28,0.03,37,104636,买盘
587,10:07:13,28.28,0.0,4,11312,买盘
588,10:07:16,28.28,0.0,53,149884,买盘
589,10:07:18,28.28,0.0,7,19796,买盘
590,10:07:22,28.28,0.0,20,56560,买盘
591,10:07:25,28.28,0.0,75,212100,买盘
592,10:07:28,28.28,0.0,2,5656,买盘
593,10:07:31,28.28,0.0,10,28280,买盘
594,10:07:33,28.28,0.0,62,175417,买盘
595,10:07:37,28.28,0.0,6,16968,买盘
596,10:07:40,28.28,0.0,11,31108,买盘
597,10:07:43,28.28,0.0,14,39592,买盘
598,10:07:45,28.28,0.0,19,53727,买盘
599,10:07:48,28.28,0.0,18,50904,买盘
600,10:07:52,28.28,0.0,11,31108,买盘
601,10:07:55,28.28,0.0,10,28280,买盘
602,10:07:58,28.28,0.0,19,53727,买盘
603,10:08:01,28.26,-0.02,36,101759,卖盘
604,10:08:06,28.28,0.02,187,528754,买盘
605,10:08:13,28.26,-0.02,2,5652,卖盘
606,10:08:25,28.26,0.0,42,118692,卖盘
607,10:08:31,28.26,0.0,5,14130,买盘
608,10:08:33,28.26,0.0,6,16951,买盘
609,10:08:36,28.26,0.0,18,50867,买盘
610,10:08:40,28.25,-0.01,8,22600,卖盘
611,10:08:46,28.26,0.01,91,257166,买盘
612,10:08:52,28.26,0.0,20,56520,卖盘
613,10:08:58,28.28,0.02,10,28280,买盘
614,10:09:01,28.26,-0.02,73,206298,卖盘
615,10:09:04,28.28,0.02,1,2828,买盘
616,10:09:10,28.28,0.0,10,28280,买盘
617,10:09:13,28.28,0.0,2,5656,买盘
618,10:09:16,28.28,0.0,3,8484,买盘
619,10:09:18,28.34,0.06,50,141464,买盘
620,10:09:22,28.28,-0.06,5,14138,买盘
621,10:09:25,28.28,0.0,25,70700,买盘
622,10:09:28,28.28,0.0,30,84840,买盘
623,10:09:31,28.27,-0.01,9,25445,卖盘
624,10:09:33,28.28,0.01,31,87668,买盘
625,10:09:36,28.28,0.0,21,59388,买盘
626,10:09:39,28.28,0.0,39,110285,买盘
627,10:09:42,28.28,0.0,10,28280,买盘
628,10:09:46,28.28,0.0,8,22624,买盘
629,10:09:49,28.27,-0.01,25,70678,卖盘
630,10:09:52,28.27,0.0,4,11308,买盘
631,10:09:54,28.27,0.0,21,59367,买盘
632,10:09:58,28.27,0.0,2,5654,买盘
633,10:10:00,28.27,0.0,68,192174,买盘
634,10:10:10,28.27,0.0,3,8481,买盘
635,10:10:13,28.26,-0.01,6,16961,卖盘
636,10:10:16,28.27,0.01,1,2827,买盘
637,10:10:19,28.27,0.0,16,45232,买盘
638,10:10:25,28.28,0.01,56,158365,买盘
639,10:10:28,28.27,-0.01,7,19789,卖盘
640,10:10:31,28.28,0.01,1,2828,买盘
641,10:10:37,28.27,-0.01,2,5654,卖盘
642,10:10:40,28.28,0.01,16,45245,买盘
643,10:10:43,28.26,-0.02,34,96092,卖盘
644,10:10:46,28.26,0.0,4,11304,卖盘
645,10:10:49,28.26,0.0,1,2826,买盘
646,10:10:52,28.27,0.01,13,36729,买盘
647,10:10:55,28.25,-0.02,19,53675,卖盘
648,10:10:57,28.25,0.0,17,48025,卖盘
649,10:11:01,28.24,-0.01,3,8472,卖盘
650,10:11:04,28.22,-0.02,65,183445,卖盘
651,10:11:07,28.24,0.02,52,146818,买盘
652,10:11:09,28.22,-0.02,83,234226,卖盘
653,10:11:12,28.22,0.0,121,341439,卖盘
654,10:11:19,28.22,0.0,157,443018,买盘
655,10:11:21,28.22,0.0,96,270906,卖盘
656,10:11:31,28.21,-0.01,7,19747,卖盘
657,10:11:33,28.22,0.01,11,31042,买盘
658,10:11:36,28.22,0.0,12,33864,买盘
659,10:11:40,28.24,0.02,1,2824,买盘
660,10:11:42,28.24,0.0,13,36712,买盘
661,10:11:46,28.21,-0.03,344,970464,卖盘
662,10:11:49,28.21,0.0,18,50768,买盘
663,10:11:52,28.21,0.0,23,64883,买盘
664,10:11:55,28.21,0.0,27,76157,买盘
665,10:11:58,28.21,0.0,9,25388,买盘
666,10:12:01,28.21,0.0,163,459716,买盘
667,10:12:04,28.21,0.0,2,5642,卖盘
668,10:12:12,28.22,0.01,34,95948,买盘
669,10:12:16,28.24,0.02,21,59304,买盘
670,10:12:19,28.23,-0.01,2,5646,卖盘
671,10:12:22,28.24,0.01,8,22592,买盘
672,10:12:25,28.25,0.01,8,22595,买盘
673,10:12:27,28.25,0.0,10,28250,买盘
674,10:12:31,28.25,0.0,2,5650,买盘
675,10:12:34,28.27,0.02,13,36728,买盘
676,10:12:37,28.25,-0.02,20,56509,卖盘
677,10:12:40,28.27,0.02,2,5654,买盘
678,10:12:43,28.28,0.01,13,36764,买盘
679,10:12:46,28.28,0.0,39,110292,买盘
680,10:12:49,28.27,-0.01,29,82005,卖盘
681,10:12:52,28.28,0.01,60,169714,买盘
682,10:12:55,28.28,0.0,81,229068,买盘
683,10:12:58,28.28,0.0,9,25452,买盘
684,10:13:01,28.28,0.0,82,231790,买盘
685,10:13:04,28.27,-0.01,16,45232,卖盘
686,10:13:07,28.28,0.01,21,59374,买盘
687,10:13:10,28.28,0.0,39,110292,买盘
688,10:13:13,28.27,-0.01,6,16962,中性盘
689,10:13:19,28.28,0.01,11,31107,买盘
690,10:13:21,28.26,-0.02,1,2826,卖盘
691,10:13:25,28.26,0.0,3,8478,买盘
692,10:13:28,28.25,-0.01,9,25425,卖盘
693,10:13:31,28.25,0.0,9,25425,卖盘
694,10:13:37,28.25,0.0,26,73449,买盘
695,10:13:40,28.25,0.0,12,33900,卖盘
696,10:13:43,28.25,0.0,15,42375,卖盘
697,10:13:46,28.25,0.0,14,39589,卖盘
698,10:13:49,28.25,0.0,16,45200,卖盘
699,10:13:51,28.25,0.0,19,53667,卖盘
700,10:13:58,28.22,-0.03,22,62102,卖盘
701,10:14:01,28.2,-0.02,33,93102,卖盘
702,10:14:04,28.2,0.0,16,45120,卖盘
703,10:14:07,28.2,0.0,6,16917,中性盘
704,10:14:10,28.19,-0.01,23,64837,卖盘
705,10:14:15,28.18,-0.01,1,2818,卖盘
706,10:14:19,28.18,0.0,1,2818,卖盘
707,10:14:22,28.19,0.01,5,14095,买盘
708,10:14:25,28.19,0.0,7,19733,卖盘
709,10:14:34,28.2,0.01,1,2820,卖盘
710,10:14:37,28.19,-0.01,20,56381,卖盘
711,10:14:45,28.19,0.0,50,140950,卖盘
712,10:14:49,28.19,0.0,76,214244,买盘
713,10:15:01,28.22,0.03,70,197336,买盘
714,10:15:04,28.2,-0.02,1,2820,买盘
715,10:15:10,28.2,0.0,3,8460,买盘
716,10:15:15,28.2,0.0,12,33840,买盘
717,10:15:25,28.22,0.02,1,2822,买盘
718,10:15:30,28.22,0.0,11,31042,买盘
719,10:15:34,28.22,0.0,30,84660,买盘
720,10:15:37,28.22,0.0,4,11288,买盘
721,10:15:40,28.22,0.0,21,59262,买盘
722,10:15:42,28.22,0.0,6,16932,卖盘
723,10:15:45,28.22,0.0,17,47974,卖盘
724,10:15:48,28.25,0.03,13,36725,买盘
725,10:15:58,28.25,0.0,6,16950,买盘
726,10:16:01,28.22,-0.03,57,160856,卖盘
727,10:16:07,28.25,0.03,8,22583,买盘
728,10:16:22,28.23,-0.02,6,16938,卖盘
729,10:16:31,28.23,0.0,3,8469,买盘
730,10:16:34,28.23,0.0,6,16938,买盘
731,10:16:36,28.23,0.0,9,25407,买盘
732,10:16:48,28.25,0.02,14,39548,买盘
733,10:16:52,28.25,0.0,4,11300,买盘
734,10:17:01,28.22,-0.03,62,175026,卖盘
735,10:17:07,28.25,0.03,2,5650,买盘
736,10:17:12,28.25,0.0,6,16950,买盘
737,10:17:22,28.23,-0.02,12,33876,卖盘
738,10:17:25,28.23,0.0,1,2823,买盘
739,10:17:31,28.23,0.0,1,2823,买盘
740,10:17:37,28.28,0.05,62,175114,买盘
741,10:17:49,28.28,0.0,3,8484,买盘
742,10:17:52,28.28,0.0,9,25452,买盘
743,10:17:55,28.28,0.0,13,36764,买盘
744,10:18:01,28.22,-0.06,63,177806,卖盘
745,10:18:09,28.28,0.06,4,11312,买盘
746,10:18:28,28.28,0.0,5,14140,买盘
747,10:18:39,28.28,0.0,1,2828,买盘
748,10:18:49,28.28,0.0,10,28280,买盘
749,10:18:52,28.25,-0.03,14,39589,卖盘
750,10:18:55,28.28,0.03,5,14140,买盘
751,10:18:58,28.25,-0.03,7,19775,卖盘
752,10:19:01,28.23,-0.02,45,127035,卖盘
753,10:19:04,28.23,0.0,2,5646,买盘
754,10:19:10,28.22,-0.01,8,22577,卖盘
755,10:19:13,28.22,0.0,4,11288,买盘
756,10:19:16,28.23,0.01,13,36693,买盘
757,10:19:25,28.23,0.0,1,2823,买盘
758,10:19:27,28.23,0.0,4,11292,买盘
759,10:19:33,28.23,0.0,2,5646,买盘
760,10:19:52,28.25,0.02,2,5650,买盘
761,10:19:54,28.28,0.03,11,31102,买盘
762,10:19:57,28.28,0.0,5,14137,买盘
763,10:20:01,28.28,0.0,64,180787,买盘
764,10:20:07,28.28,0.0,3,8484,买盘
765,10:20:10,28.28,0.0,1,2828,买盘
766,10:20:16,28.28,0.0,10,28279,买盘
767,10:20:19,28.28,0.0,3,8484,买盘
768,10:20:21,28.24,-0.04,2,5648,卖盘
769,10:20:45,28.28,0.04,20,56560,买盘
770,10:20:52,28.28,0.0,12,33936,买盘
771,10:20:55,28.28,0.0,13,36764,买盘
772,10:20:58,28.25,-0.03,5,14125,卖盘
773,10:21:01,28.26,0.01,63,177945,买盘
774,10:21:10,28.23,-0.03,4,11292,卖盘
775,10:21:15,28.28,0.05,10,28280,买盘
776,10:21:19,28.28,0.0,4,11310,买盘
777,10:21:34,28.26,-0.02,3,8478,买盘
778,10:21:37,28.23,-0.03,40,112920,卖盘
779,10:21:39,28.26,0.03,22,62172,买盘
780,10:21:42,28.26,0.0,2,5652,卖盘
781,10:21:46,28.22,-0.04,49,138466,卖盘
782,10:21:52,28.2,-0.02,43,121316,卖盘
783,10:21:55,28.27,0.07,13,36751,买盘
784,10:22:00,28.2,-0.07,62,174840,卖盘
785,10:22:16,28.2,0.0,12,33841,卖盘
786,10:22:19,28.27,0.07,13,36751,买盘
787,10:22:43,28.22,-0.05,9,25398,卖盘
788,10:22:58,28.27,0.05,9,25443,买盘
789,10:23:01,28.21,-0.06,44,124132,卖盘
790,10:23:07,28.21,0.0,4,11284,买盘
791,10:23:12,28.2,-0.01,25,70500,卖盘
792,10:23:18,28.19,-0.01,180,507377,卖盘
793,10:23:25,28.17,-0.02,75,211275,卖盘
794,10:23:28,28.16,-0.01,37,104192,卖盘
795,10:23:34,28.16,0.0,85,239289,买盘
796,10:23:40,28.13,-0.03,44,123778,卖盘
797,10:23:43,28.15,0.02,21,59115,中性盘
798,10:23:45,28.14,-0.01,11,30944,买盘
799,10:23:49,28.14,0.0,2,5628,买盘
800,10:23:52,28.14,0.0,5,14070,买盘
801,10:23:55,28.13,-0.01,12,33756,卖盘
802,10:23:58,28.13,0.0,5,14065,卖盘
803,10:24:01,28.13,0.0,29,81553,买盘
804,10:24:07,28.14,0.01,28,78745,买盘
805,10:24:13,28.13,-0.01,15,42175,卖盘
806,10:24:19,28.14,0.01,27,75967,买盘
807,10:24:25,28.17,0.03,7,19715,买盘
808,10:24:28,28.14,-0.03,2,5628,卖盘
809,10:24:31,28.17,0.03,1,2817,买盘
810,10:24:34,28.14,-0.03,28,78798,卖盘
811,10:24:40,28.14,0.0,32,90046,买盘
812,10:24:51,28.14,0.0,5,14070,买盘
813,10:24:54,28.14,0.0,12,33768,买盘
814,10:24:58,28.13,-0.01,1,2813,卖盘
815,10:25:00,28.14,0.01,1,2814,买盘
816,10:25:18,28.19,0.05,13,36625,买盘
817,10:25:22,28.19,0.0,13,36647,买盘
818,10:25:28,28.14,-0.05,52,146349,卖盘
819,10:25:31,28.19,0.05,4,11276,买盘
820,10:25:34,28.14,-0.05,4,11256,卖盘
821,10:25:36,28.13,-0.01,5,14065,卖盘
822,10:25:39,28.14,0.01,1,2814,买盘
823,10:25:43,28.14,0.0,10,28140,买盘
824,10:25:45,28.14,0.0,5,14070,买盘
825,10:26:01,28.14,0.0,15,42210,卖盘
826,10:26:16,28.15,0.01,11,30965,买盘
827,10:26:21,28.28,0.13,13,36756,买盘
828,10:26:30,28.16,-0.12,10,28160,卖盘
829,10:26:34,28.16,0.0,26,73216,卖盘
830,10:26:40,28.16,0.0,1,2816,中性盘
831,10:26:43,28.16,0.0,3,8448,卖盘
832,10:26:49,28.14,-0.02,124,349043,卖盘
833,10:26:51,28.16,0.02,7,19712,卖盘
834,10:27:00,28.17,0.01,5,14085,卖盘
835,10:27:09,28.16,-0.01,13,36616,卖盘
836,10:27:15,28.15,-0.01,23,64747,卖盘
837,10:27:21,28.16,0.01,8,22528,买盘
838,10:27:25,28.18,0.02,77,216715,买盘
839,10:27:37,28.17,-0.01,17,47938,卖盘
840,10:27:46,28.24,0.07,1,2824,买盘
841,10:28:04,28.24,0.0,25,70460,买盘
842,10:28:07,28.24,0.0,1,2824,买盘
843,10:28:10,28.17,-0.07,2,5634,卖盘
844,10:28:18,28.17,0.0,15,42255,卖盘
845,10:28:24,28.24,0.07,12,33882,买盘
846,10:28:27,28.17,-0.07,9,25409,卖盘
847,10:28:31,28.17,0.0,16,45072,卖盘
848,10:28:34,28.26,0.09,1,2826,买盘
849,10:28:37,28.26,0.0,1,2826,买盘
850,10:28:43,28.17,-0.09,20,56350,卖盘
851,10:28:49,28.26,0.09,6,16956,买盘
852,10:28:52,28.18,-0.08,2,5636,卖盘
853,10:28:58,28.17,-0.01,19,53523,卖盘
854,10:29:01,28.18,0.01,1,2818,买盘
855,10:29:13,28.22,0.04,2,5644,买盘
856,10:29:19,28.15,-0.07,24,67585,卖盘
857,10:29:31,28.25,0.1,42,118372,买盘
858,10:29:33,28.21,-0.04,6,16926,买盘
859,10:29:37,28.21,0.0,3,8463,买盘
860,10:29:49,28.14,-0.07,43,121076,卖盘
861,10:29:51,28.21,0.07,2,5642,买盘
862,10:30:04,28.14,-0.07,37,104122,卖盘
863,10:30:16,28.14,0.0,78,219558,卖盘
864,10:30:27,28.21,0.07,13,36673,买盘
865,10:30:31,28.13,-0.08,63,177282,卖盘
866,10:30:39,28.14,0.01,1,2814,卖盘
867,10:30:49,28.11,-0.03,58,163123,卖盘
868,10:30:52,28.21,0.1,3,8463,买盘
869,10:30:55,28.21,0.0,5,14105,买盘
870,10:31:01,28.1,-0.11,51,143343,卖盘
871,10:31:04,28.14,0.04,3,8442,买盘
872,10:31:07,28.1,-0.04,10,28104,卖盘
873,10:31:10,28.1,0.0,11,30910,买盘
874,10:31:12,28.18,0.08,8,22516,买盘
875,10:31:15,28.18,0.0,86,241749,买盘
876,10:31:22,28.18,0.0,1,2818,买盘
877,10:31:28,28.08,-0.1,104,292102,卖盘
878,10:31:30,28.18,0.1,13,36634,买盘
879,10:31:34,28.18,0.0,7,19708,买盘
880,10:31:40,28.11,-0.07,5,14057,卖盘
881,10:31:43,28.18,0.07,1,2818,买盘
882,10:31:49,28.18,0.0,1,2818,买盘
883,10:31:51,28.05,-0.13,99,278128,卖盘
884,10:31:57,28.12,0.07,3,8436,中性盘
885,10:32:04,28.03,-0.09,104,291599,卖盘
886,10:32:09,28.07,0.04,3,8421,中性盘
887,10:32:12,28.06,-0.01,7,19642,买盘
888,10:32:16,28.0,-0.06,200,560431,卖盘
889,10:32:19,28.06,0.06,2,5612,中性盘
890,10:32:25,28.06,0.0,16,44899,卖盘
891,10:32:28,28.06,0.0,4,11224,卖盘
892,10:32:30,28.16,0.1,13,36600,买盘
893,10:32:37,28.0,-0.16,226,633302,卖盘
894,10:32:46,28.08,0.08,8,22459,中性盘
895,10:32:49,28.08,0.0,2,5616,卖盘
896,10:32:55,28.02,-0.06,195,546174,卖盘
897,10:33:01,28.02,0.0,4,11208,卖盘
898,10:33:04,28.02,0.0,4,11208,卖盘
899,10:33:07,28.01,-0.01,2,5603,卖盘
900,10:33:13,27.91,-0.1,419,1170390,卖盘
901,10:33:16,27.91,0.0,37,103267,买盘
902,10:33:19,27.91,0.0,93,259563,买盘
903,10:33:22,27.92,0.01,1,2792,中性盘
904,10:33:28,28.2,0.28,40,112696,买盘
905,10:33:34,28.14,-0.06,13,36526,买盘
906,10:33:37,27.9,-0.24,297,829233,卖盘
907,10:33:40,27.9,0.0,12,33480,买盘
908,10:33:43,27.9,0.0,87,242730,买盘
909,10:33:46,27.9,0.0,215,599850,买盘
910,10:33:49,27.9,0.0,62,172980,买盘
911,10:33:55,28.0,0.1,1,2800,买盘
912,10:33:57,28.0,0.0,2,5600,买盘
913,10:34:01,28.0,0.0,1,2800,买盘
914,10:34:04,28.0,0.0,7,19600,买盘
915,10:34:07,28.0,0.0,18,50400,卖盘
916,10:34:10,27.94,-0.06,32,89547,卖盘
917,10:34:15,28.0,0.06,2,5600,买盘
918,10:34:18,27.95,-0.05,2,5590,卖盘
919,10:34:24,27.96,0.01,2,5592,卖盘
920,10:34:28,27.95,-0.01,28,78262,卖盘
921,10:34:31,27.95,0.0,5,13975,买盘
922,10:34:33,27.94,-0.01,76,212344,卖盘
923,10:34:37,27.95,0.01,23,64269,买盘
924,10:34:40,27.95,0.0,62,173290,卖盘
925,10:34:49,27.96,0.01,5,13980,卖盘
926,10:35:01,27.95,-0.01,96,268358,卖盘
927,10:35:04,27.96,0.01,2,5592,中性盘
928,10:35:07,27.96,0.0,8,22368,买盘
929,10:35:10,27.95,-0.01,52,145353,卖盘
930,10:35:13,27.95,0.0,94,262735,卖盘
931,10:35:15,27.96,0.01,66,184541,卖盘
932,10:35:22,28.0,0.04,112,313186,买盘
933,10:35:25,28.0,0.0,1,2800,买盘
934,10:35:31,27.97,-0.03,164,459720,卖盘
935,10:35:34,27.96,-0.01,5,13982,卖盘
936,10:35:37,28.06,0.1,27,75554,买盘
937,10:35:43,28.0,-0.06,2,5600,卖盘
938,10:35:46,28.0,0.0,95,266069,买盘
939,10:35:52,28.0,0.0,8,22401,卖盘
940,10:35:55,28.0,0.0,3,8400,买盘
941,10:35:58,27.99,-0.01,2,5599,卖盘
942,10:36:00,28.05,0.06,50,140201,买盘
943,10:36:04,28.0,-0.05,31,86800,卖盘
944,10:36:07,28.0,0.0,3,8400,卖盘
945,10:36:09,28.0,0.0,26,72785,买盘
946,10:36:12,27.97,-0.03,71,198734,卖盘
947,10:36:16,28.04,0.07,24,67211,买盘
948,10:36:19,28.03,-0.01,17,47611,买盘
949,10:36:22,27.99,-0.04,5,13995,买盘
950,10:36:25,27.98,-0.01,4,11193,卖盘
951,10:36:28,28.0,0.02,12,33600,中性盘
952,10:36:36,28.03,0.03,35,98102,买盘
953,10:36:43,28.03,0.0,2,5606,买盘
954,10:36:49,28.03,0.0,7,19621,买盘
955,10:36:52,28.03,0.0,3,8409,卖盘
956,10:36:57,28.03,0.0,16,44852,卖盘
957,10:37:04,28.05,0.02,2,5610,买盘
958,10:37:10,28.05,0.0,2,5610,卖盘
959,10:37:16,28.05,0.0,9,25245,卖盘
960,10:37:25,28.13,0.08,3,8439,买盘
961,10:37:28,28.05,-0.08,3,8415,卖盘
962,10:37:34,28.05,0.0,9,25245,卖盘
963,10:37:37,28.15,0.1,58,163172,买盘
964,10:37:40,28.13,-0.02,9,25317,中性盘
965,10:37:46,28.13,0.0,11,30943,卖盘
966,10:37:48,28.06,-0.07,8,22476,卖盘
967,10:37:51,28.13,0.07,12,33749,买盘
968,10:38:06,28.13,0.0,4,11252,买盘
969,10:38:12,28.13,0.0,4,11251,买盘
970,10:38:19,28.07,-0.06,9,25263,卖盘
971,10:38:31,28.07,0.0,1,2807,中性盘
972,10:38:40,28.12,0.05,59,165838,买盘
973,10:38:43,28.12,0.0,11,30932,买盘
974,10:38:49,28.08,-0.04,4,11240,卖盘
975,10:38:54,28.13,0.05,26,73138,买盘
976,10:38:58,28.15,0.02,2,5630,买盘
977,10:39:00,28.14,-0.01,2,5628,卖盘
978,10:39:04,28.14,0.0,2,5628,卖盘
979,10:39:10,28.14,0.0,11,30955,卖盘
980,10:39:13,28.13,-0.01,2,5627,卖盘
981,10:39:16,28.15,0.02,1,2815,买盘
982,10:39:19,28.15,0.0,2,5630,买盘
983,10:39:22,28.15,0.0,51,143565,买盘
984,10:39:25,28.15,0.0,1,2815,买盘
985,10:39:31,28.15,0.0,2,5630,卖盘
986,10:39:37,28.16,0.01,1,2816,买盘
987,10:39:40,28.15,-0.01,47,132305,卖盘
988,10:39:43,28.15,0.0,1,2815,买盘
989,10:39:46,28.16,0.01,3,8446,买盘
990,10:39:58,28.16,0.0,12,33791,买盘
991,10:40:04,28.18,0.02,1,2818,买盘
992,10:40:07,28.13,-0.05,18,50659,卖盘
993,10:40:09,28.13,0.0,1,2813,卖盘
994,10:40:21,28.07,-0.06,21,58997,卖盘
995,10:40:28,28.17,0.1,7,19719,买盘
996,10:40:34,28.17,0.0,1,2817,卖盘
997,10:40:37,28.18,0.01,11,30998,买盘
998,10:40:39,28.17,-0.01,1,2817,卖盘
999,10:40:43,28.18,0.01,11,30993,买盘
1000,10:40:46,28.2,0.02,13,36660,买盘
1001,10:40:49,28.2,0.0,2,5640,买盘
1002,10:40:55,28.2,0.0,3,8460,买盘
1003,10:40:58,28.21,0.01,8,22564,买盘
1004,10:41:01,28.27,0.06,7,19784,买盘
1005,10:41:09,28.26,-0.01,1,2826,买盘
1006,10:41:13,28.27,0.01,12,33924,买盘
1007,10:41:28,28.26,-0.01,9,25431,买盘
1008,10:41:37,28.26,0.0,10,28260,买盘
1009,10:41:40,28.25,-0.01,5,14125,卖盘
1010,10:41:46,28.25,0.0,13,36725,买盘
1011,10:41:52,28.25,0.0,6,16950,买盘
1012,10:41:54,28.26,0.01,14,39552,买盘
1013,10:41:58,28.17,-0.09,5,14101,卖盘
1014,10:42:10,28.25,0.08,5,14125,买盘
1015,10:42:19,28.25,0.0,5,14124,买盘
1016,10:42:34,28.17,-0.08,10,28177,卖盘
1017,10:42:39,28.25,0.08,48,135600,买盘
1018,10:42:46,28.25,0.0,13,36725,买盘
1019,10:42:49,28.25,0.0,8,22600,买盘
1020,10:43:07,28.23,-0.02,1,2823,买盘
1021,10:43:10,28.25,0.02,10,28242,买盘
1022,10:43:15,28.17,-0.08,24,67624,卖盘
1023,10:43:34,28.18,0.01,15,42257,中性盘
1024,10:43:43,28.18,0.0,1,2818,卖盘
1025,10:43:49,28.21,0.03,8,22568,买盘
1026,10:43:52,28.22,0.01,8,22570,买盘
1027,10:43:55,28.13,-0.09,77,216804,卖盘
1028,10:43:57,28.13,0.0,7,19691,买盘
1029,10:44:01,28.13,0.0,5,14065,买盘
1030,10:44:04,28.12,-0.01,3,8436,卖盘
1031,10:44:07,28.22,0.1,80,225058,买盘
1032,10:44:13,28.22,0.0,2,5644,卖盘
1033,10:44:18,28.22,0.0,3,8466,买盘
1034,10:44:30,28.21,-0.01,1,2821,买盘
1035,10:44:33,28.14,-0.07,1,2814,卖盘
1036,10:44:43,28.21,0.07,5,14102,买盘
1037,10:44:49,28.21,0.0,5,14105,卖盘
1038,10:44:52,28.22,0.01,13,36678,买盘
1039,10:45:10,28.2,-0.02,2,5640,买盘
1040,10:45:13,28.15,-0.05,21,59115,卖盘
1041,10:45:16,28.21,0.06,3,8462,买盘
1042,10:45:40,28.2,-0.01,12,33827,买盘
1043,10:45:46,28.22,0.02,16,45141,买盘
1044,10:45:52,28.22,0.0,5,14102,买盘
1045,10:45:55,28.22,0.0,8,22580,卖盘
1046,10:45:58,28.2,-0.02,3,8460,买盘
1047,10:46:01,28.25,0.05,19,53628,买盘
1048,10:46:04,28.22,-0.03,1,2822,中性盘
1049,10:46:07,28.25,0.03,4,11291,买盘
1050,10:46:13,28.22,-0.03,6,16932,买盘
1051,10:46:22,28.22,0.0,2,5644,卖盘
1052,10:46:25,28.23,0.01,1,2823,买盘
1053,10:46:31,28.22,-0.01,4,11288,卖盘
1054,10:46:34,28.22,0.0,5,14110,卖盘
1055,10:46:37,28.22,0.0,1,2822,卖盘
1056,10:46:48,28.21,-0.01,1,2821,卖盘
1057,10:46:51,28.21,0.0,3,8462,中性盘
1058,10:46:55,28.22,0.01,9,25390,买盘
1059,10:46:58,28.22,0.0,1,2822,买盘
1060,10:47:04,28.21,-0.01,3,8463,卖盘
1061,10:47:07,28.21,0.0,1,2821,买盘
1062,10:47:10,28.22,0.01,15,44190,买盘
1063,10:47:15,28.22,0.0,5,14110,卖盘
1064,10:47:19,28.22,0.0,1,959,买盘
1065,10:47:22,28.17,-0.05,4,11268,卖盘
1066,10:47:25,28.17,0.0,13,36621,卖盘
1067,10:47:27,28.16,-0.01,2,5632,卖盘
1068,10:47:33,28.15,-0.01,4,11260,卖盘
1069,10:47:37,28.15,0.0,8,22520,卖盘
1070,10:47:40,28.14,-0.01,7,19701,卖盘
1071,10:47:43,28.15,0.01,6,16888,买盘
1072,10:47:46,28.14,-0.01,5,14070,卖盘
1073,10:47:49,28.14,0.0,8,22512,卖盘
1074,10:47:51,28.21,0.07,13,36629,买盘
1075,10:47:54,28.21,0.0,3,8463,买盘
1076,10:48:10,28.13,-0.08,1,2813,卖盘
1077,10:48:31,28.13,0.0,3,8439,卖盘
1078,10:48:49,28.14,0.01,1,2814,卖盘
1079,10:48:54,28.18,0.04,9,25359,买盘
1080,10:49:01,28.14,-0.04,2,5628,卖盘
1081,10:49:04,28.18,0.04,2,5636,买盘
1082,10:49:06,28.18,0.0,6,16905,买盘
1083,10:49:09,28.14,-0.04,10,28140,卖盘
1084,10:49:12,28.14,0.0,5,14070,卖盘
1085,10:49:34,28.16,0.02,3,8448,中性盘
1086,10:49:52,28.16,0.0,3,8448,买盘
1087,10:49:55,28.16,0.0,1,2816,中性盘
1088,10:49:57,28.17,0.01,5,14085,买盘
1089,10:50:00,28.15,-0.02,15,42225,卖盘
1090,10:50:07,28.16,0.01,1,2816,买盘
1091,10:50:10,28.17,0.01,4,11266,买盘
1092,10:50:19,28.17,0.0,3,8451,卖盘
1093,10:50:21,28.17,0.0,5,14085,卖盘
1094,10:50:24,28.17,0.0,5,14085,卖盘
1095,10:50:28,28.15,-0.02,6,16896,卖盘
1096,10:50:48,28.17,0.02,13,36618,买盘
1097,10:51:04,28.17,0.0,3,8451,卖盘
1098,10:51:12,28.18,0.01,1,2818,买盘
1099,10:51:18,28.17,-0.01,3,8451,卖盘
1100,10:51:25,28.17,0.0,2,5634,卖盘
1101,10:51:33,28.17,0.0,1,2817,卖盘
1102,10:51:46,28.16,-0.01,4,11264,卖盘
1103,10:51:49,28.16,0.0,4,11264,卖盘
1104,10:52:01,28.14,-0.02,343,965213,卖盘
1105,10:52:07,28.14,0.0,10,28147,卖盘
1106,10:52:22,28.14,0.0,3,8442,卖盘
1107,10:52:34,28.14,0.0,2,5628,卖盘
1108,10:52:36,28.14,0.0,3,8442,卖盘
1109,10:52:39,28.15,0.01,3,8444,买盘
1110,10:52:45,28.13,-0.02,1,2813,卖盘
1111,10:52:49,28.15,0.02,7,19693,买盘
1112,10:52:51,28.15,0.0,4,11260,卖盘
1113,10:52:54,28.15,0.0,1,2815,卖盘
1114,10:53:07,28.13,-0.02,2,5626,中性盘
1115,10:53:16,28.14,0.01,3,8441,买盘
1116,10:53:21,28.12,-0.02,5,14060,卖盘
1117,10:53:28,28.14,0.02,2,5626,买盘
1118,10:53:31,28.1,-0.04,9,25290,卖盘
1119,10:53:37,28.1,0.0,22,61820,买盘
1120,10:53:39,28.09,-0.01,11,30899,卖盘
1121,10:53:46,28.09,0.0,6,16854,买盘
1122,10:53:52,28.09,0.0,3,8427,卖盘
1123,10:53:58,28.1,0.01,1,2810,买盘
1124,10:54:04,28.09,-0.01,6,16854,卖盘
1125,10:54:06,28.09,0.0,3,8427,卖盘
1126,10:54:10,28.09,0.0,3,8429,卖盘
1127,10:54:21,28.09,0.0,12,33705,买盘
1128,10:54:25,28.09,0.0,7,19663,买盘
1129,10:54:28,28.08,-0.01,16,44931,卖盘
1130,10:54:37,28.07,-0.01,3,8421,卖盘
1131,10:54:40,28.08,0.01,1,2808,买盘
1132,10:54:45,28.06,-0.02,17,47734,卖盘
1133,10:54:48,28.08,0.02,2,5616,买盘
1134,10:54:51,28.07,-0.01,2,5614,中性盘
1135,10:54:54,28.08,0.01,10,28079,买盘
1136,10:54:58,28.08,0.0,12,33696,买盘
1137,10:55:07,28.08,0.0,4,11229,买盘
1138,10:55:13,28.08,0.0,1,2808,买盘
1139,10:55:15,28.07,-0.01,1,2807,卖盘
1140,10:55:22,28.07,0.0,2,5614,买盘
1141,10:55:25,28.06,-0.01,13,36478,卖盘
1142,10:55:28,28.07,0.01,1,2807,买盘
1143,10:55:31,28.06,-0.01,13,36478,卖盘
1144,10:55:34,28.05,-0.01,21,58905,卖盘
1145,10:55:37,28.07,0.02,5,14031,买盘
1146,10:55:52,28.1,0.03,32,89854,买盘
1147,10:55:58,28.05,-0.05,42,117815,卖盘
1148,10:56:06,28.06,0.01,18,50505,买盘
1149,10:56:09,28.06,0.0,2,5612,买盘
1150,10:56:13,28.05,-0.01,101,283534,卖盘
1151,10:56:19,28.1,0.05,2,5620,买盘
1152,10:56:33,28.1,0.0,17,47761,买盘
1153,10:56:49,28.1,0.0,2,5620,卖盘
1154,10:56:54,28.1,0.0,2,5620,卖盘
1155,10:56:57,28.1,0.0,2,5622,卖盘
1156,10:57:00,28.1,0.0,2,5620,买盘
1157,10:57:04,28.11,0.01,5,14055,卖盘
1158,10:57:06,28.11,0.0,3,8433,卖盘
1159,10:57:12,28.11,0.0,1,2811,卖盘
1160,10:57:16,28.12,0.01,5,14056,买盘
1161,10:57:19,28.12,0.0,4,11248,买盘
1162,10:57:22,28.11,-0.01,10,28110,卖盘
1163,10:57:28,28.09,-0.02,2,5619,卖盘
1164,10:57:31,28.07,-0.02,10,28070,卖盘
1165,10:57:33,28.09,0.02,6,16845,中性盘
1166,10:57:37,28.05,-0.04,90,252270,卖盘
1167,10:57:46,28.03,-0.02,20,56060,卖盘
1168,10:57:49,28.03,0.0,3,8409,卖盘
1169,10:57:51,28.03,0.0,21,58863,卖盘
1170,10:57:55,28.03,0.0,13,36439,卖盘
1171,10:57:57,28.04,0.01,1,2804,买盘
1172,10:58:01,28.04,0.0,2,5608,买盘
1173,10:58:04,28.0,-0.04,122,341661,卖盘
1174,10:58:07,28.03,0.03,2,5606,买盘
1175,10:58:09,28.03,0.0,2,5606,买盘
1176,10:58:15,28.04,0.01,15,42059,买盘
1177,10:58:18,28.05,0.01,9,25245,卖盘
1178,10:58:21,28.05,0.0,6,16831,卖盘
1179,10:58:25,28.05,0.0,1,2805,卖盘
1180,10:58:28,28.05,0.0,191,535755,卖盘
1181,10:58:31,28.0,-0.05,4,11204,卖盘
1182,10:58:34,28.0,0.0,94,263260,卖盘
1183,10:58:37,28.04,0.04,44,123204,买盘
1184,10:58:40,28.04,0.0,2,5608,买盘
1185,10:58:43,28.11,0.07,11,30889,买盘
1186,10:58:46,28.11,0.0,4,11244,买盘
1187,10:59:04,28.05,-0.06,1,2805,卖盘
1188,10:59:10,28.04,-0.01,7,19628,买盘
1189,10:59:13,28.04,0.0,6,16819,买盘
1190,10:59:16,28.1,0.06,15,42117,买盘
1191,10:59:19,28.04,-0.06,10,28040,卖盘
1192,10:59:22,28.06,0.02,4,11218,中性盘
1193,10:59:25,28.1,0.04,1,2810,买盘
1194,10:59:28,28.1,0.0,1,2810,买盘
1195,10:59:36,28.09,-0.01,1,2809,中性盘
1196,10:59:46,28.06,-0.03,12,33672,卖盘
1197,10:59:49,28.06,0.0,4,11233,卖盘
1198,10:59:55,28.08,0.02,1,2808,买盘
1199,10:59:58,28.08,0.0,2,5616,买盘
1200,11:00:01,28.1,0.02,1,2810,买盘
1201,11:00:04,28.11,0.01,20,56202,买盘
1202,11:00:06,28.11,0.0,15,42134,买盘
1203,11:00:10,28.11,0.0,23,64552,买盘
1204,11:00:13,28.11,0.0,6,16866,买盘
1205,11:00:16,28.17,0.06,9,25326,买盘
1206,11:00:19,28.18,0.01,2,5635,买盘
1207,11:00:22,28.15,-0.03,3,8445,卖盘
1208,11:00:25,28.18,0.03,3,8450,买盘
1209,11:00:31,28.19,0.01,3,8457,买盘
1210,11:00:34,28.2,0.01,1,2820,买盘
1211,11:00:37,28.2,0.0,4,11277,买盘
1212,11:00:40,28.21,0.01,3,8462,买盘
1213,11:00:43,28.19,-0.02,6,16914,卖盘
1214,11:00:46,28.19,0.0,1,2819,卖盘
1215,11:00:49,28.17,-0.02,19,53523,买盘
1216,11:01:07,28.19,0.02,5,14092,买盘
1217,11:01:10,28.2,0.01,2,5639,买盘
1218,11:01:13,28.21,0.01,3,8461,买盘
1219,11:01:16,28.24,0.03,10,28230,买盘
1220,11:01:19,28.21,-0.03,1,2821,卖盘
1221,11:01:22,28.21,0.0,1,2821,卖盘
1222,11:01:24,28.21,0.0,2,5642,买盘
1223,11:01:28,28.22,0.01,1,2822,买盘
1224,11:01:34,28.22,0.0,1,2822,买盘
1225,11:01:37,28.22,0.0,4,11285,买盘
1226,11:01:40,28.22,0.0,1,2822,买盘
1227,11:01:43,28.19,-0.03,18,50784,卖盘
1228,11:01:52,28.19,0.0,6,16911,买盘
1229,11:02:04,28.19,0.0,20,56380,买盘
1230,11:02:07,28.24,0.05,18,50798,买盘
1231,11:02:13,28.19,-0.05,43,121220,卖盘
1232,11:02:34,28.22,0.03,5,14106,买盘
1233,11:02:37,28.22,0.0,3,8468,卖盘
1234,11:02:45,28.23,0.01,1,2823,买盘
1235,11:02:48,28.24,0.01,3,8471,买盘
1236,11:02:52,28.22,-0.02,3,8466,卖盘
1237,11:02:58,28.24,0.02,3,8472,买盘
1238,11:03:06,28.23,-0.01,23,64929,卖盘
1239,11:03:10,28.22,-0.01,9,25399,卖盘
1240,11:03:19,28.24,0.02,20,56458,买盘
1241,11:03:27,28.21,-0.03,1,2821,买盘
1242,11:03:37,28.21,0.0,4,11281,买盘
1243,11:03:46,28.22,0.01,2,5643,买盘
1244,11:03:51,28.2,-0.02,3,8461,卖盘
1245,11:04:07,28.21,0.01,1,2821,卖盘
1246,11:04:10,28.22,0.01,7,19752,买盘
1247,11:04:22,28.2,-0.02,6,16923,卖盘
1248,11:04:28,28.2,0.0,10,28202,卖盘
1249,11:04:37,28.21,0.01,1,2821,中性盘
1250,11:04:45,28.21,0.0,1,2821,买盘
1251,11:04:49,28.21,0.0,1,2821,买盘
1252,11:04:51,28.2,-0.01,3,8460,卖盘
1253,11:05:06,28.2,0.0,3,8460,卖盘
1254,11:05:10,28.2,0.0,5,14100,卖盘
1255,11:05:12,28.2,0.0,15,42300,卖盘
1256,11:05:16,28.19,-0.01,5,14095,卖盘
1257,11:05:22,28.19,0.0,28,78932,卖盘
1258,11:05:25,28.18,-0.01,7,19726,卖盘
1259,11:05:28,28.17,-0.01,11,30991,卖盘
1260,11:05:31,28.17,0.0,3,8451,买盘
1261,11:05:37,28.16,-0.01,1,2816,中性盘
1262,11:05:43,28.12,-0.04,5,14060,卖盘
1263,11:05:46,28.16,0.04,2,5632,买盘
1264,11:05:57,28.13,-0.03,5,14065,卖盘
1265,11:06:01,28.15,0.02,3,8445,买盘
1266,11:06:06,28.13,-0.02,1,2813,卖盘
1267,11:06:12,28.12,-0.01,6,16873,卖盘
1268,11:06:16,28.13,0.01,1,2813,买盘
1269,11:06:19,28.13,0.0,14,39372,买盘
1270,11:06:21,28.13,0.0,6,16875,买盘
1271,11:06:28,28.14,0.01,2,5628,买盘
1272,11:06:31,28.13,-0.01,2,5626,卖盘
1273,11:06:33,28.14,0.01,1,2814,买盘
1274,11:06:37,28.13,-0.01,13,36573,卖盘
1275,11:06:42,28.13,0.0,6,16879,卖盘
1276,11:06:48,28.15,0.02,2,5630,买盘
1277,11:06:52,28.18,0.03,10,28171,买盘
1278,11:06:54,28.2,0.02,53,149409,买盘
1279,11:07:01,28.2,0.0,7,19740,买盘
1280,11:07:04,28.16,-0.04,10,28160,中性盘
1281,11:07:13,28.17,0.01,6,16895,中性盘
1282,11:07:16,28.17,0.0,1,2817,买盘
1283,11:07:31,28.16,-0.01,1,2816,买盘
1284,11:07:33,28.16,0.0,3,8448,买盘
1285,11:07:37,28.16,0.0,4,11261,买盘
1286,11:07:40,28.16,0.0,5,14080,中性盘
1287,11:07:42,28.16,0.0,5,14080,卖盘
1288,11:07:45,28.17,0.01,1,2817,买盘
1289,11:07:52,28.17,0.0,3,8451,卖盘
1290,11:08:04,28.19,0.02,1,2819,买盘
1291,11:08:06,28.18,-0.01,3,8454,中性盘
1292,11:08:10,28.18,0.0,4,11275,卖盘
1293,11:08:13,28.18,0.0,1,2818,卖盘
1294,11:08:16,28.18,0.0,1,2818,买盘
1295,11:08:18,28.19,0.01,5,14094,买盘
1296,11:08:21,28.19,0.0,5,14089,买盘
1297,11:08:28,28.19,0.0,4,11276,买盘
1298,11:08:37,28.2,0.01,4,11277,买盘
1299,11:08:40,28.2,0.0,10,28200,买盘
1300,11:08:43,28.2,0.0,5,14100,买盘
1301,11:08:45,28.2,0.0,1,2820,卖盘
1302,11:08:52,28.2,0.0,6,16920,卖盘
1303,11:08:55,28.22,0.02,5,14107,买盘
1304,11:08:58,28.2,-0.02,7,19752,卖盘
1305,11:09:06,28.2,0.0,25,70500,卖盘
1306,11:09:13,28.21,0.01,123,346767,买盘
1307,11:09:25,28.2,-0.01,2,5640,买盘
1308,11:09:30,28.19,-0.01,4,11276,卖盘
1309,11:09:37,28.2,0.01,9,25375,买盘
1310,11:09:45,28.19,-0.01,8,22552,卖盘
1311,11:09:48,28.19,0.0,2,5638,卖盘
1312,11:09:52,28.19,0.0,22,62018,卖盘
1313,11:09:57,28.18,-0.01,19,53542,卖盘
1314,11:10:00,28.16,-0.02,12,33801,卖盘
1315,11:10:04,28.16,0.0,4,11264,卖盘
1316,11:10:06,28.15,-0.01,21,59115,卖盘
1317,11:10:09,28.14,-0.01,19,53466,卖盘
1318,11:10:13,28.14,0.0,15,42210,卖盘
1319,11:10:15,28.1,-0.04,40,112416,卖盘
1320,11:10:25,28.1,0.0,20,56200,买盘
1321,11:10:31,28.1,0.0,2,5620,买盘
1322,11:10:34,28.1,0.0,2,5620,买盘
1323,11:10:37,28.1,0.0,4,11237,买盘
1324,11:10:40,28.1,0.0,2,5620,买盘
1325,11:10:48,28.1,0.0,2,5620,买盘
1326,11:10:51,28.09,-0.01,3,8427,卖盘
1327,11:11:06,28.09,0.0,3,8427,卖盘
1328,11:11:18,28.1,0.01,29,81490,买盘
1329,11:11:21,28.09,-0.01,3,8427,卖盘
1330,11:11:25,28.1,0.01,4,11240,买盘
1331,11:11:36,28.12,0.02,1,2812,中性盘
1332,11:11:46,28.1,-0.02,18,50580,卖盘
1333,11:11:49,28.1,0.0,9,25290,买盘
1334,11:11:52,28.09,-0.01,6,16854,卖盘
1335,11:11:55,28.11,0.02,2,5621,买盘
1336,11:11:58,28.0,-0.11,599,1678373,卖盘
1337,11:12:01,28.0,0.0,1,2800,买盘
1338,11:12:04,28.0,0.0,81,226800,买盘
1339,11:12:06,28.0,0.0,72,201597,买盘
1340,11:12:12,28.0,0.0,155,434000,卖盘
1341,11:12:15,28.0,0.0,8,22400,买盘
1342,11:12:19,28.0,0.0,1,2800,买盘
1343,11:12:22,27.99,-0.01,23,64382,卖盘
1344,11:12:25,27.99,0.0,56,156795,卖盘
1345,11:12:28,28.0,0.01,2,5600,中性盘
1346,11:12:31,28.0,0.0,1,2800,卖盘
1347,11:12:33,28.0,0.0,1,2800,卖盘
1348,11:12:37,28.03,0.03,1,2803,中性盘
1349,11:12:43,28.1,0.07,13,36511,买盘
1350,11:12:46,28.1,0.0,31,87110,卖盘
1351,11:13:12,28.09,-0.01,9,25271,买盘
1352,11:13:25,28.03,-0.06,4,11210,中性盘
1353,11:13:28,28.08,0.05,3,8424,买盘
1354,11:13:36,28.08,0.0,14,39241,中性盘
1355,11:13:42,28.08,0.0,4,11232,买盘
1356,11:13:52,28.08,0.0,3,8424,卖盘
1357,11:13:54,28.02,-0.06,7,19650,卖盘
1358,11:14:07,28.08,0.06,2,5616,卖盘
1359,11:14:13,28.08,0.0,8,22464,买盘
1360,11:14:36,28.07,-0.01,1,2807,中性盘
1361,11:14:43,28.07,0.0,2,5614,买盘
1362,11:14:52,28.07,0.0,3,8421,卖盘
1363,11:14:54,28.07,0.0,6,16846,卖盘
1364,11:15:00,28.08,0.01,20,56160,买盘
1365,11:15:04,28.08,0.0,1,2808,卖盘
1366,11:15:06,28.07,-0.01,3,8421,卖盘
1367,11:15:10,28.07,0.0,3,8421,卖盘
1368,11:15:12,28.07,0.0,3,8421,卖盘
1369,11:15:22,28.09,0.02,4,11233,买盘
1370,11:15:24,28.09,0.0,2,5618,买盘
1371,11:15:36,28.08,-0.01,1,2808,中性盘
1372,11:15:39,28.06,-0.02,10,28069,卖盘
1373,11:15:42,28.06,0.0,8,22448,买盘
1374,11:15:46,28.06,0.0,2,5612,买盘
1375,11:15:51,28.05,-0.01,5,14025,卖盘
1376,11:16:06,28.05,0.0,3,8415,卖盘
1377,11:16:18,28.06,0.01,3,8418,买盘
1378,11:16:21,28.05,-0.01,3,8415,卖盘
1379,11:16:25,28.06,0.01,15,42085,买盘
1380,11:16:36,28.07,0.01,25,70152,中性盘
1381,11:16:42,28.07,0.0,1,2807,买盘
1382,11:16:45,28.08,0.01,1,2808,买盘
1383,11:16:51,28.07,-0.01,4,11228,卖盘
1384,11:17:00,28.07,0.0,4,11228,卖盘
1385,11:17:04,28.07,0.0,1,2807,买盘
1386,11:17:06,28.06,-0.01,4,11224,卖盘
1387,11:17:09,28.07,0.01,3,8421,买盘
1388,11:17:12,28.07,0.0,10,28061,买盘
1389,11:17:15,28.06,-0.01,5,14030,卖盘
1390,11:17:18,28.06,0.0,3,8421,卖盘
1391,11:17:21,28.06,0.0,3,8420,卖盘
1392,11:17:25,28.09,0.03,12,33697,买盘
1393,11:17:28,28.11,0.02,34,95534,买盘
1394,11:17:31,28.2,0.09,35,98598,买盘
1395,11:17:37,28.2,0.0,16,45115,买盘
1396,11:17:40,28.21,0.01,8,22564,买盘
1397,11:17:49,28.21,0.0,4,11284,买盘
1398,11:17:52,28.2,-0.01,3,8460,卖盘
1399,11:17:55,28.2,0.0,9,25380,卖盘
1400,11:18:01,28.2,0.0,4,11280,买盘
1401,11:18:04,28.22,0.02,34,95907,买盘
1402,11:18:06,28.22,0.0,3,8466,卖盘
1403,11:18:10,28.22,0.0,59,166498,卖盘
1404,11:18:13,28.22,0.0,24,67728,卖盘
1405,11:18:16,28.22,0.0,8,22576,买盘
1406,11:18:22,28.21,-0.01,3,8463,中性盘
1407,11:18:36,28.21,0.0,41,115706,中性盘
1408,11:18:39,28.15,-0.06,2,5630,卖盘
1409,11:18:43,28.22,0.07,8,22574,买盘
1410,11:19:10,28.19,-0.03,6,16911,买盘
1411,11:19:15,28.16,-0.03,26,73282,卖盘
1412,11:19:19,28.16,0.0,1,2816,买盘
1413,11:19:31,28.15,-0.01,2,5630,卖盘
1414,11:19:36,28.16,0.01,4,11261,买盘
1415,11:19:42,28.16,0.0,26,73216,买盘
1416,11:20:06,28.17,0.01,3,8451,卖盘
1417,11:20:12,28.18,0.01,3,8454,买盘
1418,11:20:16,28.15,-0.03,106,298479,卖盘
1419,11:20:31,28.13,-0.02,2,5626,买盘
1420,11:20:34,28.15,0.02,54,151959,买盘
1421,11:20:37,28.13,-0.02,7,19691,中性盘
1422,11:20:43,28.14,0.01,3,8442,买盘
1423,11:20:46,28.15,0.01,2,5630,买盘
1424,11:20:51,28.14,-0.01,3,8442,卖盘
1425,11:21:01,28.14,0.0,2,5628,卖盘
1426,11:21:06,28.13,-0.01,3,8439,卖盘
1427,11:21:10,28.13,0.0,3,8439,卖盘
1428,11:21:13,28.14,0.01,8,22506,买盘
1429,11:21:16,28.11,-0.03,9,25305,卖盘
1430,11:21:22,28.1,-0.01,2,5621,卖盘
1431,11:21:25,28.1,0.0,5,14053,卖盘
1432,11:21:33,28.1,0.0,1,2810,卖盘
1433,11:21:36,28.1,0.0,3,8430,卖盘
1434,11:21:40,28.1,0.0,2,5619,买盘
1435,11:21:43,28.1,0.0,3,8430,买盘
1436,11:21:48,28.1,0.0,3,8430,卖盘
1437,11:21:54,28.07,-0.03,53,148810,卖盘
1438,11:22:00,28.07,0.0,10,28070,买盘
1439,11:22:07,28.06,-0.01,1,2806,卖盘
1440,11:22:10,28.07,0.01,8,22454,买盘
1441,11:22:16,28.06,-0.01,3,8418,卖盘
1442,11:22:19,28.07,0.01,8,22456,买盘
1443,11:22:22,28.07,0.0,4,11225,买盘
1444,11:22:28,28.07,0.0,176,494032,买盘
1445,11:22:34,28.07,0.0,12,33684,买盘
1446,11:22:36,28.07,0.0,5,14043,卖盘
1447,11:22:42,28.07,0.0,2,5614,卖盘
1448,11:22:51,28.1,0.03,3,8430,卖盘
1449,11:23:00,28.1,0.0,10,28100,卖盘
1450,11:23:04,28.11,0.01,1,2811,买盘
1451,11:23:07,28.11,0.0,3,8433,卖盘
1452,11:23:09,28.11,0.0,3,8433,卖盘
1453,11:23:13,28.11,0.0,3,8433,卖盘
1454,11:23:15,28.12,0.01,5,14056,买盘
1455,11:23:22,28.13,0.01,10,28118,买盘
1456,11:23:25,28.1,-0.03,11,30937,卖盘
1457,11:23:27,28.15,0.05,74,208290,买盘
1458,11:23:31,28.15,0.0,9,25335,卖盘
1459,11:23:34,28.15,0.0,10,28150,卖盘
1460,11:23:36,28.17,0.02,3,8449,中性盘
1461,11:23:39,28.15,-0.02,1,2815,卖盘
1462,11:23:48,28.15,0.0,2,5630,卖盘
1463,11:23:51,28.17,0.02,3,8451,买盘
1464,11:24:04,28.17,0.0,5,14084,买盘
1465,11:24:06,28.15,-0.02,3,8445,卖盘
1466,11:24:24,28.16,0.01,6,16896,买盘
1467,11:24:36,28.17,0.01,4,11265,买盘
1468,11:24:39,28.15,-0.02,6,16894,卖盘
1469,11:24:54,28.15,0.0,5,14072,买盘
1470,11:25:07,28.17,0.02,5,14081,买盘
1471,11:25:09,28.17,0.0,5,14085,卖盘
1472,11:25:16,28.18,0.01,1,2818,买盘
1473,11:25:21,28.17,-0.01,3,8451,卖盘
1474,11:25:28,28.18,0.01,13,36634,买盘
1475,11:25:37,28.18,0.0,4,11269,买盘
1476,11:25:45,28.18,0.0,2,5636,买盘
1477,11:25:49,28.06,-0.12,104,292109,卖盘
1478,11:26:16,28.08,0.02,11,31646,卖盘
1479,11:26:31,28.15,0.07,1,2815,买盘
1480,11:26:34,28.15,0.0,1,2815,买盘
1481,11:26:37,28.14,-0.01,1,2814,中性盘
1482,11:26:42,28.14,0.0,6,16864,买盘
1483,11:26:54,28.14,0.0,3,8442,买盘
1484,11:27:04,28.15,0.01,1,2815,买盘
1485,11:27:06,28.15,0.0,4,11260,卖盘
1486,11:27:13,28.15,0.0,9,25335,卖盘
1487,11:27:22,28.15,0.0,3,8445,卖盘
1488,11:27:25,28.14,-0.01,10,28143,卖盘
1489,11:27:28,28.15,0.01,2,5630,卖盘
1490,11:27:36,28.13,-0.02,1,2813,中性盘
1491,11:27:46,28.11,-0.02,2,5622,卖盘
1492,11:27:52,28.1,-0.01,2,5621,卖盘
1493,11:27:54,28.14,0.04,12,33760,买盘
1494,11:28:09,28.1,-0.04,7,19670,卖盘
1495,11:28:13,28.11,0.01,2,5622,中性盘
1496,11:28:36,28.12,0.01,1,2812,中性盘
1497,11:28:51,28.11,-0.01,3,8433,卖盘
1498,11:29:06,28.11,0.0,3,8433,卖盘
1499,11:29:12,28.11,0.0,4,11244,卖盘
1500,11:29:21,28.12,0.01,6,16869,买盘
1501,11:29:24,28.11,-0.01,2,5622,卖盘
1502,11:29:27,28.11,0.0,2,5622,卖盘
1503,11:29:36,28.11,0.0,3,8433,卖盘
1504,11:29:54,28.05,-0.06,90,251926,卖盘
1505,13:00:04,28.04,-0.01,6,16824,卖盘
1506,13:00:07,28.04,0.0,343,961572,买盘
1507,13:00:10,28.04,0.0,7,19629,买盘
1508,13:00:13,28.04,0.0,12,33648,买盘
1509,13:00:15,28.04,0.0,5,14020,买盘
1510,13:00:19,28.04,0.0,4,11216,买盘
1511,13:00:24,28.03,-0.01,3,8409,卖盘
1512,13:00:27,28.05,0.02,29,81337,买盘
1513,13:00:30,28.03,-0.02,32,89701,卖盘
1514,13:00:45,28.03,0.0,5,14015,卖盘
1515,13:00:54,28.03,0.0,3,8409,卖盘
1516,13:01:06,28.03,0.0,4,11213,卖盘
1517,13:01:09,28.04,0.01,2,5608,买盘
1518,13:01:12,28.03,-0.01,4,11213,卖盘
1519,13:01:21,28.05,0.02,9,25245,买盘
1520,13:01:24,28.04,-0.01,2,5608,买盘
1521,13:01:27,28.04,0.0,1,2804,买盘
1522,13:01:30,28.04,0.0,1,2804,卖盘
1523,13:01:33,28.04,0.0,4,11216,卖盘
1524,13:01:36,28.04,0.0,10,28037,卖盘
1525,13:01:51,28.04,0.0,14,39256,卖盘
1526,13:01:54,28.04,0.0,3,8412,卖盘
1527,13:02:00,28.04,0.0,32,89758,卖盘
1528,13:02:06,28.04,0.0,4,11217,卖盘
1529,13:02:09,28.05,0.01,3,8415,买盘
1530,13:02:15,28.05,0.0,113,317722,买盘
1531,13:02:21,28.05,0.0,3,8415,卖盘
1532,13:02:36,28.1,0.05,1,2810,买盘
1533,13:02:39,28.07,-0.03,7,19653,卖盘
1534,13:02:45,28.09,0.02,3,8427,买盘
1535,13:02:48,28.08,-0.01,7,19656,卖盘
1536,13:03:06,28.08,0.0,3,8425,卖盘
1537,13:03:09,28.08,0.0,3,8424,买盘
1538,13:03:18,28.07,-0.01,5,14035,卖盘
1539,13:03:33,28.07,0.0,1,2807,买盘
1540,13:03:36,28.06,-0.01,3,8418,卖盘
1541,13:03:39,28.07,0.01,5,14035,买盘
1542,13:03:51,28.06,-0.01,3,8418,卖盘
1543,13:04:06,28.06,0.0,3,8418,卖盘
1544,13:04:21,28.06,0.0,3,8418,卖盘
1545,13:04:25,28.1,0.04,17,47733,买盘
1546,13:04:30,28.11,0.01,1,2811,买盘
1547,13:04:57,28.07,-0.04,2,5614,卖盘
1548,13:05:09,28.08,0.01,2,5616,中性盘
1549,13:05:24,28.08,0.0,5,14037,买盘
1550,13:05:27,28.07,-0.01,1,2807,卖盘
1551,13:05:40,28.07,0.0,3,8421,卖盘
1552,13:05:45,28.11,0.04,12,33708,买盘
1553,13:05:48,28.06,-0.05,17,47729,卖盘
1554,13:05:51,28.06,0.0,1,2806,卖盘
1555,13:06:04,28.06,0.0,1,2806,卖盘
1556,13:06:16,28.08,0.02,1,2808,买盘
1557,13:06:18,28.08,0.0,2,5616,买盘
1558,13:06:27,28.08,0.0,5,14037,买盘
1559,13:06:45,28.06,-0.02,13,36478,卖盘
1560,13:06:54,28.06,0.0,3,8418,卖盘
1561,13:07:06,28.07,0.01,1,2807,买盘
1562,13:07:09,28.07,0.0,5,14032,买盘
1563,13:07:12,28.08,0.01,1,2808,买盘
1564,13:07:15,28.06,-0.02,32,89804,卖盘
1565,13:07:18,28.06,0.0,10,28060,卖盘
1566,13:07:24,28.07,0.01,2,5614,卖盘
1567,13:07:28,28.07,0.0,1,2807,买盘
1568,13:07:30,28.07,0.0,1,2807,买盘
1569,13:07:33,28.08,0.01,2,5615,买盘
1570,13:07:45,28.06,-0.02,1,2806,买盘
1571,13:07:52,28.09,0.03,12,33693,买盘
1572,13:07:55,28.05,-0.04,3,8415,卖盘
1573,13:08:04,28.09,0.04,1,2809,买盘
1574,13:08:06,28.09,0.0,1,2809,卖盘
1575,13:08:10,28.06,-0.03,2,5615,卖盘
1576,13:08:12,28.1,0.04,10,28093,买盘
1577,13:08:30,28.08,-0.02,14,39312,卖盘
1578,13:08:39,28.08,0.0,4,11232,卖盘
1579,13:08:45,28.09,0.01,4,11230,买盘
1580,13:08:51,28.05,-0.04,68,190768,卖盘
1581,13:09:09,28.07,0.02,9,27256,卖盘
1582,13:09:24,28.07,0.0,3,8421,卖盘
1583,13:09:31,28.09,0.02,9,25277,买盘
1584,13:09:39,28.09,0.0,3,8427,卖盘
1585,13:09:43,28.09,0.0,1,2809,卖盘
1586,13:09:51,28.1,0.01,5,14050,买盘
1587,13:09:54,28.09,-0.01,3,8427,卖盘
1588,13:09:58,28.09,0.0,9,25281,卖盘
1589,13:10:06,28.11,0.02,1,2811,买盘
1590,13:10:09,28.1,-0.01,5,14047,买盘
1591,13:10:18,28.1,0.0,3,8430,卖盘
1592,13:10:21,28.1,0.0,14,39352,卖盘
1593,13:10:24,28.11,0.01,8,22487,买盘
1594,13:10:30,28.12,0.01,2,5624,买盘
1595,13:10:33,28.12,0.0,2,5624,买盘
1596,13:10:39,28.11,-0.01,3,8433,卖盘
1597,13:10:43,28.12,0.01,3,8436,买盘
1598,13:10:46,28.12,0.0,8,22496,买盘
1599,13:10:52,28.12,0.0,6,16872,买盘
1600,13:10:54,28.12,0.0,3,8436,卖盘
1601,13:11:09,28.13,0.01,3,8439,中性盘
1602,13:11:18,28.14,0.01,2,5628,买盘
1603,13:11:21,28.13,-0.01,48,135028,卖盘
1604,13:11:24,28.13,0.0,57,160341,卖盘
1605,13:11:30,28.12,-0.01,2,5624,卖盘
1606,13:11:36,28.12,0.0,8,22496,卖盘
1607,13:11:43,28.13,0.01,76,213754,买盘
1608,13:11:45,28.13,0.0,3,8439,卖盘
1609,13:11:51,28.13,0.0,3,8439,卖盘
1610,13:12:00,28.13,0.0,15,42195,卖盘
1611,13:12:07,28.13,0.0,3,8439,卖盘
1612,13:12:18,28.14,0.01,1,2814,买盘
1613,13:12:24,28.14,0.0,3,8442,卖盘
1614,13:12:30,28.14,0.0,1,2814,卖盘
1615,13:12:36,28.13,-0.01,25,70325,卖盘
1616,13:12:42,28.15,0.02,7,19699,买盘
1617,13:12:48,28.14,-0.01,14,39374,买盘
1618,13:12:51,28.12,-0.02,3,8436,卖盘
1619,13:12:57,28.11,-0.01,8,22495,卖盘
1620,13:13:01,28.11,0.0,1,2811,卖盘
1621,13:13:04,28.14,0.03,8,22504,买盘
1622,13:13:07,28.14,0.0,4,11256,买盘
1623,13:13:09,28.11,-0.03,3,8433,卖盘
1624,13:13:21,28.11,0.0,8,22492,卖盘
1625,13:13:25,28.12,0.01,1,2812,中性盘
1626,13:13:34,28.12,0.0,2,5624,买盘
1627,13:13:37,28.12,0.0,2,5624,卖盘
1628,13:13:39,28.11,-0.01,3,8433,卖盘
1629,13:13:42,28.12,0.01,2,5624,卖盘
1630,13:13:48,28.11,-0.01,23,64662,卖盘
1631,13:14:04,28.11,0.0,50,140550,卖盘
1632,13:14:07,28.1,-0.01,61,171461,卖盘
1633,13:14:12,28.1,0.0,28,78656,买盘
1634,13:14:24,28.1,0.0,33,92727,买盘
1635,13:14:36,28.11,0.01,60,168660,买盘
1636,13:14:40,28.11,0.0,3,8433,卖盘
1637,13:14:45,28.11,0.0,12,33732,卖盘
1638,13:14:51,28.12,0.01,4,11248,买盘
1639,13:14:54,28.11,-0.01,3,8433,卖盘
1640,13:15:00,28.12,0.01,3,8436,买盘
1641,13:15:10,28.12,0.0,4,11251,卖盘
1642,13:15:15,28.13,0.01,4,11250,买盘
1643,13:15:21,28.13,0.0,2,5626,买盘
1644,13:15:25,28.13,0.0,10,28127,买盘
1645,13:15:30,28.14,0.01,3,8442,买盘
1646,13:15:48,28.14,0.0,1,2814,买盘
1647,13:15:54,28.13,-0.01,1,2813,卖盘
1648,13:15:58,28.14,0.01,8,22510,买盘
1649,13:16:06,28.13,-0.01,3,8439,买盘
1650,13:16:10,28.13,0.0,6,16875,买盘
1651,13:16:21,28.13,0.0,1,2813,买盘
1652,13:16:24,28.13,0.0,7,19688,买盘
1653,13:16:31,28.13,0.0,1,2813,买盘
1654,13:16:34,28.12,-0.01,6,16872,卖盘
1655,13:16:36,28.12,0.0,9,25308,卖盘
1656,13:16:39,28.12,0.0,3,8436,卖盘
1657,13:16:45,28.12,0.0,1,2812,卖盘
1658,13:16:51,28.12,0.0,12,33748,卖盘
1659,13:16:54,28.12,0.0,3,8436,卖盘
1660,13:16:57,28.12,0.0,21,59052,卖盘
1661,13:17:04,28.11,-0.01,1,2811,卖盘
1662,13:17:07,28.11,0.0,3,8433,卖盘
1663,13:17:09,28.11,0.0,3,8433,卖盘
1664,13:17:18,28.12,0.01,4,11248,买盘
1665,13:17:25,28.11,-0.01,3,8433,卖盘
1666,13:17:40,28.11,0.0,3,8433,卖盘
1667,13:17:45,28.11,0.0,37,104016,卖盘
1668,13:17:48,28.11,0.0,33,92733,买盘
1669,13:17:52,28.11,0.0,1,2811,买盘
1670,13:17:54,28.1,-0.01,3,8430,卖盘
1671,13:18:09,28.1,0.0,3,8430,卖盘
1672,13:18:15,28.1,0.0,4,11240,卖盘
1673,13:18:21,28.11,0.01,4,11244,买盘
1674,13:18:25,28.11,0.0,12,33729,买盘
1675,13:18:28,28.1,-0.01,13,36535,卖盘
1676,13:18:33,28.11,0.01,17,47787,买盘
1677,13:18:36,28.1,-0.01,5,14054,卖盘
1678,13:18:39,28.1,0.0,3,8430,卖盘
1679,13:18:45,28.11,0.01,4,11244,买盘
1680,13:18:49,28.11,0.0,2,5622,买盘
1681,13:18:51,28.1,-0.01,23,64630,卖盘
1682,13:18:54,28.11,0.01,30,84315,买盘
1683,13:18:57,28.1,-0.01,7,19670,中性盘
1684,13:19:00,28.1,0.0,1,2810,买盘
1685,13:19:04,28.1,0.0,6,16860,买盘
1686,13:19:06,28.11,0.01,8,22481,买盘
1687,13:19:09,28.1,-0.01,5,14047,买盘
1688,13:19:12,28.1,0.0,4,11240,买盘
1689,13:19:24,28.11,0.01,4,11241,买盘
1690,13:19:31,28.11,0.0,4,11244,买盘
1691,13:19:33,28.1,-0.01,1,2810,卖盘
1692,13:19:39,28.1,0.0,3,8430,卖盘
1693,13:19:43,28.11,0.01,12,33732,买盘
1694,13:19:54,28.11,0.0,2,5622,卖盘
1695,13:20:01,28.12,0.01,8,22495,买盘
1696,13:20:04,28.1,-0.02,16,44960,卖盘
1697,13:20:24,28.09,-0.01,3,8427,卖盘
1698,13:20:27,28.1,0.01,24,67434,买盘
1699,13:20:54,28.11,0.01,10,28104,买盘
1700,13:20:57,28.1,-0.01,23,64630,卖盘
1701,13:21:06,28.1,0.0,12,33721,卖盘
1702,13:21:10,28.11,0.01,3,8433,买盘
1703,13:21:16,28.11,0.0,7,19672,买盘
1704,13:21:19,28.09,-0.02,44,123596,卖盘
1705,13:21:25,28.11,0.02,4,11244,中性盘
1706,13:21:28,28.1,-0.01,2,5620,卖盘
1707,13:21:31,28.1,0.0,9,25290,卖盘
1708,13:21:36,28.1,0.0,11,30911,卖盘
1709,13:21:39,28.1,0.0,144,404660,卖盘
1710,13:21:49,28.12,0.02,18,50613,买盘
1711,13:22:10,28.07,-0.05,1,2807,卖盘
1712,13:22:13,28.1,0.03,7,19667,买盘
1713,13:22:16,28.1,0.0,5,14050,买盘
1714,13:22:22,28.1,0.0,5,14050,买盘
1715,13:22:31,28.1,0.0,7,19667,买盘
1716,13:22:36,28.1,0.0,1,2810,买盘
1717,13:22:42,28.08,-0.02,4,11232,卖盘
1718,13:22:45,28.08,0.0,4,11232,买盘
1719,13:22:55,28.08,0.0,5,14037,买盘
1720,13:23:09,28.07,-0.01,1,2807,卖盘
1721,13:23:12,28.07,0.0,2,5614,买盘
1722,13:23:16,28.07,0.0,5,14035,买盘
1723,13:23:18,28.07,0.0,4,11228,买盘
1724,13:23:21,28.07,0.0,3,8421,买盘
1725,13:23:24,28.06,-0.01,3,8420,卖盘
1726,13:23:39,28.07,0.01,3,8421,卖盘
1727,13:23:45,28.08,0.01,6,16848,买盘
1728,13:23:49,28.06,-0.02,27,75780,卖盘
1729,13:23:54,28.08,0.02,4,11229,买盘
1730,13:24:00,28.08,0.0,2,5616,买盘
1731,13:24:07,28.06,-0.02,1,2806,卖盘
1732,13:24:10,28.08,0.02,3,8424,买盘
1733,13:24:12,28.08,0.0,100,280797,买盘
1734,13:24:18,28.06,-0.02,51,143106,卖盘
1735,13:24:24,28.05,-0.01,3,8415,卖盘
1736,13:24:33,28.05,0.0,20,56100,卖盘
1737,13:24:37,28.08,0.03,106,297348,买盘
1738,13:24:45,28.06,-0.02,1,2806,卖盘
1739,13:24:48,28.05,-0.01,1,2805,卖盘
1740,13:24:54,28.06,0.01,5,14027,买盘
1741,13:24:57,28.06,0.0,1,2806,买盘
1742,13:25:07,28.06,0.0,3,8418,买盘
1743,13:25:10,28.05,-0.01,3,8415,卖盘
1744,13:25:24,28.05,0.0,3,8415,卖盘
1745,13:25:34,28.05,0.0,6,16830,卖盘
1746,13:25:39,28.04,-0.01,2,5608,卖盘
1747,13:25:45,28.01,-0.03,42,117667,卖盘
1748,13:25:54,28.01,0.0,3,8403,卖盘
1749,13:25:58,28.02,0.01,43,120486,买盘
1750,13:26:01,28.02,0.0,20,56040,卖盘
1751,13:26:07,28.03,0.01,1,2803,买盘
1752,13:26:10,28.02,-0.01,3,8406,卖盘
1753,13:26:12,28.03,0.01,3,8409,买盘
1754,13:26:24,28.03,0.0,3,8409,卖盘
1755,13:26:30,28.04,0.01,2,5607,买盘
1756,13:26:39,28.06,0.02,14,39281,买盘
1757,13:26:54,28.05,-0.01,1,2805,卖盘
1758,13:26:57,28.05,0.0,2,5610,买盘
1759,13:27:04,28.06,0.01,4,11224,买盘
1760,13:27:06,28.06,0.0,10,28060,买盘
1761,13:27:09,28.06,0.0,3,8418,卖盘
1762,13:27:13,28.09,0.03,10,28082,买盘
1763,13:27:19,28.1,0.01,2,5620,买盘
1764,13:27:21,28.1,0.0,1,2810,买盘
1765,13:27:27,28.1,0.0,10,28088,买盘
1766,13:27:33,28.1,0.0,1,2810,卖盘
1767,13:27:46,28.1,0.0,1,2810,卖盘
1768,13:27:49,28.11,0.01,2,5622,买盘
1769,13:27:54,28.1,-0.01,4,11242,卖盘
1770,13:28:04,28.1,0.0,1,2810,买盘
1771,13:28:10,28.1,0.0,4,11240,买盘
1772,13:28:19,28.09,-0.01,3,8427,买盘
1773,13:28:36,28.09,0.0,5,14045,卖盘
1774,13:28:48,28.07,-0.02,5,14035,卖盘
1775,13:28:55,28.08,0.01,1,2808,中性盘
1776,13:29:07,28.07,-0.01,1,2807,卖盘
1777,13:29:10,28.07,0.0,5,14039,卖盘
1778,13:29:24,28.08,0.01,1,2808,中性盘
1779,13:29:28,28.08,0.0,2,5616,买盘
1780,13:29:39,28.08,0.0,3,8424,卖盘
1781,13:29:42,28.09,0.01,5,14045,买盘
1782,13:29:51,28.08,-0.01,7,19659,卖盘
1783,13:29:54,28.08,0.0,6,16848,买盘
1784,13:29:57,28.1,0.02,8,22469,买盘
1785,13:30:10,28.1,0.0,3,8430,买盘
1786,13:30:13,28.07,-0.03,3,8421,卖盘
1787,13:30:31,28.0,-0.07,200,560379,卖盘
1788,13:30:42,28.0,0.0,7,19604,卖盘
1789,13:30:45,28.0,0.0,1,2800,卖盘
1790,13:30:48,28.01,0.01,2,5601,中性盘
1791,13:30:55,28.02,0.01,202,565383,买盘
1792,13:30:57,28.0,-0.02,3,8400,买盘
1793,13:31:04,27.98,-0.02,32,89536,卖盘
1794,13:31:10,27.97,-0.01,3,8393,卖盘
1795,13:31:13,27.97,0.0,10,27970,卖盘
1796,13:31:16,27.97,0.0,10,27970,卖盘
1797,13:31:19,27.97,0.0,5,13989,卖盘
1798,13:31:21,27.97,0.0,14,39158,卖盘
1799,13:31:25,27.98,0.01,4,11189,买盘
1800,13:31:28,27.97,-0.01,87,243339,卖盘
1801,13:31:31,27.97,0.0,10,27970,买盘
1802,13:31:36,27.97,0.0,10,27970,买盘
1803,13:31:39,27.99,0.02,100,279765,买盘
1804,13:31:42,28.0,0.01,72,201600,卖盘
1805,13:31:46,28.0,0.0,5,14000,卖盘
1806,13:31:49,28.0,0.0,21,58812,卖盘
1807,13:31:54,28.01,0.01,5,14005,卖盘
1808,13:32:07,28.01,0.0,4,11204,卖盘
1809,13:32:09,28.01,0.0,3,8403,卖盘
1810,13:32:12,28.02,0.01,2,5604,买盘
1811,13:32:25,28.01,-0.01,3,8403,卖盘
1812,13:32:34,28.01,0.0,9,25209,卖盘
1813,13:32:39,28.01,0.0,4,11201,买盘
1814,13:32:42,28.01,0.0,11,30811,买盘
1815,13:32:45,28.07,0.06,25,70094,买盘
1816,13:32:49,28.07,0.0,2,5614,买盘
1817,13:32:52,28.02,-0.05,2,5604,中性盘
1818,13:32:58,28.08,0.06,5,14037,买盘
1819,13:33:01,28.08,0.0,1,2808,买盘
1820,13:33:04,28.09,0.01,1,2809,买盘
1821,13:33:07,28.12,0.03,6,16866,买盘
1822,13:33:09,28.08,-0.04,2,5617,卖盘
1823,13:33:15,28.08,0.0,1,2808,买盘
1824,13:33:34,28.11,0.03,3,8433,买盘
1825,13:33:46,28.09,-0.02,3,8427,卖盘
1826,13:33:48,28.1,0.01,1,2810,买盘
1827,13:33:51,28.09,-0.01,3,8427,卖盘
1828,13:33:54,28.09,0.0,3,8427,卖盘
1829,13:33:58,28.05,-0.04,6,16835,卖盘
1830,13:34:18,28.08,0.03,2,5615,买盘
1831,13:34:25,28.03,-0.05,16,44848,卖盘
1832,13:34:51,28.06,0.03,2,5612,买盘
1833,13:35:04,28.03,-0.03,89,249469,卖盘
1834,13:35:09,28.03,0.0,3,8409,买盘
1835,13:35:16,28.02,-0.01,2,5604,卖盘
1836,13:35:18,28.02,0.0,2,5604,买盘
1837,13:35:25,28.02,0.0,1,2802,卖盘
1838,13:35:27,28.01,-0.01,2,5602,卖盘
1839,13:35:33,28.01,0.0,2,5602,卖盘
1840,13:35:40,28.01,0.0,3,8403,卖盘
1841,13:35:43,28.02,0.01,2,5604,买盘
1842,13:35:49,28.01,-0.01,4,11208,卖盘
1843,13:35:52,28.01,0.0,1,2801,卖盘
1844,13:35:58,28.01,0.0,3,8403,卖盘
1845,13:36:07,28.01,0.0,2,5602,买盘
1846,13:36:09,28.0,-0.01,3,8400,卖盘
1847,13:36:13,27.99,-0.01,77,215560,卖盘
1848,13:36:19,28.0,0.01,5,13998,买盘
1849,13:36:25,27.99,-0.01,8,22392,卖盘
1850,13:36:31,27.98,-0.01,22,61556,卖盘
1851,13:36:34,28.0,0.02,11,30798,买盘
1852,13:36:37,28.01,0.01,92,257449,买盘
1853,13:36:40,27.99,-0.02,20,55993,卖盘
1854,13:36:51,28.01,0.02,6,16810,买盘
1855,13:36:54,27.99,-0.02,4,11198,卖盘
1856,13:36:58,27.99,0.0,92,257508,卖盘
1857,13:37:01,28.0,0.01,18,50385,买盘
1858,13:37:04,28.0,0.0,14,39201,卖盘
1859,13:37:07,28.0,0.0,4,11200,卖盘
1860,13:37:18,28.0,0.0,3,8400,卖盘
1861,13:37:21,28.02,0.02,3,8406,买盘
1862,13:37:24,28.02,0.0,3,8406,卖盘
1863,13:37:27,28.0,-0.02,19,53232,卖盘
1864,13:37:49,28.02,0.02,2,5604,买盘
1865,13:37:58,28.02,0.0,5,14007,买盘
1866,13:38:01,28.0,-0.02,9,25210,卖盘
1867,13:38:25,28.0,0.0,5,14002,卖盘
1868,13:38:31,28.0,0.0,29,81200,卖盘
1869,13:38:34,28.0,0.0,50,140000,买盘
1870,13:38:49,27.99,-0.01,2,5598,买盘
1871,13:38:52,27.98,-0.01,10,27980,卖盘
1872,13:38:54,27.98,0.0,5,13993,卖盘
1873,13:39:00,27.99,0.01,2,5598,卖盘
1874,13:39:03,27.99,0.0,6,16796,卖盘
1875,13:39:06,27.98,-0.01,7,19591,卖盘
1876,13:39:16,27.98,0.0,6,16788,卖盘
1877,13:39:22,27.99,0.01,1,2799,买盘
1878,13:39:25,27.98,-0.01,3,8394,卖盘
1879,13:39:28,27.99,0.01,2,5598,买盘
1880,13:39:31,28.0,0.01,122,341486,买盘
1881,13:39:42,28.0,0.0,50,139997,买盘
1882,13:39:48,28.0,0.0,4,11200,买盘
1883,13:39:57,28.0,0.0,5,13997,买盘
1884,13:40:09,28.0,0.0,19,53197,买盘
1885,13:40:12,28.0,0.0,6,16800,买盘
1886,13:40:16,27.99,-0.01,17,47598,卖盘
1887,13:40:18,27.99,0.0,3,8397,买盘
1888,13:40:24,27.98,-0.01,3,8394,卖盘
1889,13:40:27,27.98,0.0,34,95132,卖盘
1890,13:40:31,27.98,0.0,3,8394,买盘
1891,13:40:33,27.98,0.0,1,2798,买盘
1892,13:40:37,27.98,0.0,1,2798,买盘
1893,13:40:40,27.97,-0.01,3,8391,卖盘
1894,13:40:43,27.97,0.0,7,19579,卖盘
1895,13:40:46,27.99,0.02,5,13995,买盘
1896,13:40:49,27.97,-0.02,3,8391,卖盘
1897,13:41:04,27.97,0.0,3,8391,卖盘
1898,13:41:06,27.97,0.0,76,212572,卖盘
1899,13:41:15,27.96,-0.01,6,16776,卖盘
1900,13:41:19,27.96,0.0,10,27960,卖盘
1901,13:41:21,27.97,0.01,15,41947,买盘
1902,13:41:25,27.97,0.0,12,33554,买盘
1903,13:41:28,27.97,0.0,14,39158,买盘
1904,13:41:31,27.97,0.0,1,2797,买盘
1905,13:41:34,27.97,0.0,4,11188,买盘
1906,13:41:37,27.97,0.0,12,33564,买盘
1907,13:41:40,27.96,-0.01,4,11185,卖盘
1908,13:41:42,27.96,0.0,30,83907,卖盘
1909,13:41:46,27.97,0.01,2,5594,买盘
1910,13:41:49,27.97,0.0,8,22376,卖盘
1911,13:41:52,27.97,0.0,2,5594,卖盘
1912,13:41:55,27.97,0.0,3,8391,卖盘
1913,13:41:58,27.98,0.01,2,5596,买盘
1914,13:42:01,27.98,0.0,10,27980,买盘
1915,13:42:09,27.98,0.0,11,30778,卖盘
1916,13:42:12,27.99,0.01,2,5598,买盘
1917,13:42:19,27.99,0.0,4,11196,买盘
1918,13:42:25,27.98,-0.01,3,8394,卖盘
1919,13:42:28,27.99,0.01,3,8397,买盘
1920,13:42:40,27.98,-0.01,3,8394,卖盘
1921,13:42:42,27.98,0.0,7,19586,卖盘
1922,13:42:48,27.98,0.0,8,22384,卖盘
1923,13:42:52,27.99,0.01,101,282699,买盘
1924,13:42:55,27.98,-0.01,3,8394,卖盘
1925,13:43:00,27.98,0.0,7,19586,卖盘
1926,13:43:05,27.99,0.01,50,139950,买盘
1927,13:43:06,27.95,-0.04,200,559191,卖盘
1928,13:43:09,27.99,0.04,12,33577,买盘
1929,13:43:12,27.98,-0.01,9,25189,卖盘
1930,13:43:21,27.98,0.0,52,145508,卖盘
1931,13:43:27,27.98,0.0,1,2798,买盘
1932,13:43:31,27.96,-0.02,14,39146,卖盘
1933,13:43:36,27.95,-0.01,4,11180,卖盘
1934,13:43:39,27.95,0.0,19,53105,买盘
1935,13:43:42,27.95,0.0,2,5590,买盘
1936,13:43:48,27.95,0.0,8,22360,买盘
1937,13:43:54,27.94,-0.01,3,8382,卖盘
1938,13:43:57,27.95,0.01,1,2795,买盘
1939,13:44:01,27.95,0.0,24,67080,买盘
1940,13:44:04,27.95,0.0,13,36335,卖盘
1941,13:44:09,27.95,0.0,13,36341,卖盘
1942,13:44:25,27.96,0.01,3,8388,卖盘
1943,13:44:27,27.96,0.0,5,13980,卖盘
1944,13:44:36,27.98,0.02,12,33572,买盘
1945,13:44:39,27.98,0.0,3,8394,卖盘
1946,13:44:46,27.95,-0.03,200,559124,卖盘
1947,13:44:51,27.99,0.04,2,5598,买盘
1948,13:45:04,27.99,0.0,10,27985,买盘
1949,13:45:07,27.99,0.0,1,2799,买盘
1950,13:45:10,27.97,-0.02,9,25178,卖盘
1951,13:45:22,27.96,-0.01,3,8388,中性盘
1952,13:45:24,27.96,0.0,4,11184,买盘
1953,13:45:30,27.96,0.0,4,11184,买盘
1954,13:45:33,27.96,0.0,12,33544,买盘
1955,13:45:36,27.96,0.0,3,8388,买盘
1956,13:45:39,27.96,0.0,14,39141,买盘
1957,13:45:42,27.96,0.0,4,11184,买盘
1958,13:45:46,27.96,0.0,22,61500,买盘
1959,13:45:48,27.96,0.0,3,8388,买盘
1960,13:45:55,27.95,-0.01,5,13977,卖盘
1961,13:45:58,27.95,0.0,1,2795,卖盘
1962,13:46:01,27.96,0.01,5,13980,买盘
1963,13:46:04,27.96,0.0,13,36348,买盘
1964,13:46:07,27.96,0.0,1,2796,卖盘
1965,13:46:13,27.96,0.0,1,2796,卖盘
1966,13:46:21,27.97,0.01,3,8391,买盘
1967,13:46:25,27.96,-0.01,3,8390,卖盘
1968,13:46:34,27.96,0.0,115,321593,卖盘
1969,13:46:36,27.95,-0.01,9,25155,卖盘
1970,13:46:40,27.95,0.0,3,8385,卖盘
1971,13:46:46,27.95,0.0,24,67101,卖盘
1972,13:46:48,27.96,0.01,74,206904,买盘
1973,13:46:55,27.96,0.0,2,5592,卖盘
1974,13:47:10,27.97,0.01,9,25170,买盘
1975,13:47:13,27.97,0.0,1,2797,卖盘
1976,13:47:15,27.97,0.0,13,36361,卖盘
1977,13:47:21,27.98,0.01,4,11192,买盘
1978,13:47:25,27.98,0.0,3,8394,卖盘
1979,13:47:27,27.97,-0.01,62,173425,卖盘
1980,13:47:36,27.98,0.01,1,2798,卖盘
1981,13:47:39,27.99,0.01,5,13997,中性盘
1982,13:47:43,28.0,0.01,43,120400,买盘
1983,13:47:45,27.99,-0.01,10,27997,卖盘
1984,13:47:55,28.01,0.02,4,11204,买盘
1985,13:48:10,28.01,0.0,20,56021,卖盘
1986,13:48:16,28.01,0.0,2,5602,买盘
1987,13:48:24,28.0,-0.01,3,8400,卖盘
1988,13:48:27,28.01,0.01,4,11204,买盘
1989,13:48:31,28.0,-0.01,3,8400,卖盘
1990,13:48:33,28.01,0.01,5,14005,买盘
1991,13:48:55,27.99,-0.02,3,8397,卖盘
1992,13:49:00,27.99,0.0,9,25191,卖盘
1993,13:49:10,27.98,-0.01,3,8394,卖盘
1994,13:49:13,28.0,0.02,15,41987,买盘
1995,13:49:22,27.98,-0.02,13,36374,卖盘
1996,13:49:28,27.98,0.0,2,5596,卖盘
1997,13:49:34,27.97,-0.01,84,234948,卖盘
1998,13:49:37,27.96,-0.01,9,25164,卖盘
1999,13:49:40,27.96,0.0,3,8388,卖盘
2000,13:49:42,27.96,0.0,9,25164,卖盘
2001,13:49:45,27.96,0.0,1,2796,卖盘
2002,13:49:52,27.96,0.0,92,257256,卖盘
2003,13:49:55,27.96,0.0,49,137004,卖盘
2004,13:50:01,27.96,0.0,60,167761,卖盘
2005,13:50:07,27.96,0.0,11,30763,卖盘
2006,13:50:10,27.96,0.0,128,357888,卖盘
2007,13:50:13,27.96,0.0,34,95064,卖盘
2008,13:50:16,27.96,0.0,9,25164,卖盘
2009,13:50:18,27.96,0.0,51,142553,买盘
2010,13:50:25,27.95,-0.01,15,41927,卖盘
2011,13:50:28,27.95,0.0,10,27950,卖盘
2012,13:50:31,27.96,0.01,17,47522,买盘
2013,13:50:34,27.94,-0.02,74,206817,卖盘
2014,13:50:40,27.94,0.0,16,44706,卖盘
2015,13:50:43,27.93,-0.01,18,50291,卖盘
2016,13:50:46,27.94,0.01,2,5588,买盘
2017,13:50:52,27.93,-0.01,48,134066,卖盘
2018,13:50:54,27.93,0.0,37,103360,卖盘
2019,13:50:57,27.94,0.01,3,8382,买盘
2020,13:51:01,27.93,-0.01,16,44712,卖盘
2021,13:51:04,27.93,0.0,210,586530,卖盘
2022,13:51:07,27.9,-0.03,655,1828306,卖盘
2023,13:51:13,27.89,-0.01,38,105985,卖盘
2024,13:51:16,27.89,0.0,51,142241,卖盘
2025,13:51:22,27.89,0.0,78,217542,卖盘
2026,13:51:25,27.89,0.0,30,83660,卖盘
2027,13:51:39,27.89,0.0,33,92037,买盘
2028,13:51:42,27.89,0.0,18,50202,卖盘
2029,13:51:46,27.88,-0.01,50,139400,卖盘
2030,13:51:49,27.89,0.01,7,19523,买盘
2031,13:51:54,27.88,-0.01,17,47410,卖盘
2032,13:51:57,27.9,0.02,2,5579,买盘
2033,13:52:04,27.88,-0.02,47,131058,卖盘
2034,13:52:09,27.9,0.02,50,139496,买盘
2035,13:52:13,27.89,-0.01,21,58549,买盘
2036,13:52:16,27.88,-0.01,193,538096,卖盘
2037,13:52:19,27.88,0.0,168,468384,买盘
2038,13:52:22,27.89,0.01,20,55780,卖盘
2039,13:52:25,27.89,0.0,4,11156,买盘
2040,13:52:30,27.88,-0.01,7,19516,卖盘
2041,13:52:37,27.89,0.01,3,8366,买盘
2042,13:52:46,27.89,0.0,5,13945,卖盘
2043,13:52:49,27.9,0.01,21,58590,买盘
2044,13:52:52,27.89,-0.01,12,33468,卖盘
2045,13:52:55,27.89,0.0,9,25101,卖盘
2046,13:52:58,27.9,0.01,80,223078,买盘
2047,13:53:01,27.9,0.0,7,19530,买盘
2048,13:53:04,27.9,0.0,3,8370,买盘
2049,13:53:06,27.9,0.0,50,139500,买盘
2050,13:53:10,27.9,0.0,7,19527,买盘
2051,13:53:13,27.9,0.0,29,80910,买盘
2052,13:53:16,27.9,0.0,1,2790,买盘
2053,13:53:18,27.88,-0.02,4,11152,卖盘
2054,13:53:21,27.89,0.01,23,64124,买盘
2055,13:53:25,27.88,-0.01,3,8364,中性盘
2056,13:53:28,27.88,0.0,3,8364,卖盘
2057,13:53:30,27.87,-0.01,20,55740,卖盘
2058,13:53:37,27.88,0.01,1,2788,买盘
2059,13:53:39,27.88,0.0,33,91982,买盘
2060,13:53:42,27.87,-0.01,18,50168,卖盘
2061,13:53:49,27.88,0.01,10,27887,卖盘
2062,13:53:52,27.89,0.01,14,39046,买盘
2063,13:53:54,27.89,0.0,21,58559,买盘
2064,13:54:01,27.9,0.01,22,61375,买盘
2065,13:54:04,27.9,0.0,31,86490,买盘
2066,13:54:07,27.9,0.0,11,30690,买盘
2067,13:54:10,27.9,0.0,22,61384,买盘
2068,13:54:15,27.93,0.03,1,2793,买盘
2069,13:54:22,27.93,0.0,1,2793,买盘
2070,13:54:25,27.93,0.0,8,22346,卖盘
2071,13:54:28,27.94,0.01,3,8382,买盘
2072,13:54:37,27.97,0.03,1,2797,买盘
2073,13:54:40,27.97,0.0,2,5594,买盘
2074,13:54:43,27.95,-0.02,1,2795,卖盘
2075,13:54:46,27.96,0.01,3,8388,买盘
2076,13:54:54,27.95,-0.01,4,11181,卖盘
2077,13:54:57,27.96,0.01,1,2796,买盘
2078,13:55:00,27.97,0.01,34,95097,买盘
2079,13:55:06,27.97,0.0,22,61534,卖盘
2080,13:55:09,27.95,-0.02,65,181803,卖盘
2081,13:55:16,27.97,0.02,2,5594,买盘
2082,13:55:18,27.97,0.0,1,2797,买盘
2083,13:55:25,27.97,0.0,30,83830,买盘
2084,13:55:27,27.95,-0.02,1,2795,中性盘
2085,13:55:31,27.93,-0.02,2,5586,卖盘
2086,13:55:34,27.95,0.02,1,2795,买盘
2087,13:55:37,27.95,0.0,3,8385,买盘
2088,13:55:40,27.94,-0.01,2,5588,卖盘
2089,13:55:43,27.95,0.01,11,30744,买盘
2090,13:55:46,27.97,0.02,16,44728,买盘
2091,13:55:48,27.95,-0.02,3,8385,卖盘
2092,13:55:55,27.95,0.0,3,8389,卖盘
2093,13:55:58,27.95,0.0,38,106210,卖盘
2094,13:56:01,27.95,0.0,2,5590,买盘
2095,13:56:06,27.95,0.0,50,139750,买盘
2096,13:56:09,27.95,0.0,27,75465,买盘
2097,13:56:13,27.95,0.0,4,11180,卖盘
2098,13:56:16,27.96,0.01,1,2796,买盘
2099,13:56:19,27.95,-0.01,5,13975,卖盘
2100,13:56:22,27.96,0.01,5,13980,买盘
2101,13:56:25,27.97,0.01,6,16774,买盘
2102,13:56:27,27.97,0.0,9,25173,买盘
2103,13:56:40,27.95,-0.02,107,299089,卖盘
2104,13:56:43,27.97,0.02,1,2797,买盘
2105,13:56:49,27.96,-0.01,2,5592,买盘
2106,13:56:52,27.96,0.0,15,41938,买盘
2107,13:56:55,27.95,-0.01,7,19569,卖盘
2108,13:56:57,28.0,0.05,700,1959527,买盘
2109,13:57:01,28.0,0.0,20,55924,买盘
2110,13:57:04,27.96,-0.04,1,2796,中性盘
2111,13:57:09,27.99,0.03,3,8397,中性盘
2112,13:57:15,27.96,-0.03,5,13980,卖盘
2113,13:57:25,27.99,0.03,1,2799,买盘
2114,13:57:31,27.96,-0.03,34,95064,卖盘
2115,13:57:37,27.98,0.02,5,13990,买盘
2116,13:57:39,27.97,-0.01,5,13985,卖盘
2117,13:57:42,27.97,0.0,20,54724,卖盘
2118,13:57:49,27.97,0.0,3,8391,买盘
2119,13:57:55,27.98,0.01,11,30778,买盘
2120,13:57:58,27.98,0.0,26,72748,卖盘
2121,13:58:10,27.98,0.0,26,72748,卖盘
2122,13:58:25,27.96,-0.02,3,8388,卖盘
2123,13:58:28,27.96,0.0,17,48734,卖盘
2124,13:58:31,27.96,0.0,2,5592,买盘
2125,13:58:34,27.96,0.0,14,39144,买盘
2126,13:58:40,27.95,-0.01,3,8385,卖盘
2127,13:58:43,27.96,0.01,1,2796,中性盘
2128,13:58:48,27.97,0.01,5,13981,买盘
2129,13:58:54,27.95,-0.02,13,36335,卖盘
2130,13:59:00,27.96,0.01,2,5592,买盘
2131,13:59:10,27.95,-0.01,3,8385,卖盘
2132,13:59:13,27.93,-0.02,27,75435,卖盘
2133,13:59:15,27.96,0.03,1,2796,买盘
2134,13:59:28,27.95,-0.01,2,5590,卖盘
2135,13:59:34,27.97,0.02,8,22371,买盘
2136,13:59:39,27.96,-0.01,2,5592,买盘
2137,13:59:55,27.95,-0.01,4,11181,中性盘
2138,14:00:09,27.95,0.0,2,5590,卖盘
2139,14:00:19,27.93,-0.02,53,148035,卖盘
2140,14:00:22,27.9,-0.03,215,598005,卖盘
2141,14:00:25,27.93,0.03,1,2793,买盘
2142,14:00:28,27.92,-0.01,3,8376,买盘
2143,14:00:39,27.92,0.0,9,25129,卖盘
2144,14:00:42,27.92,0.0,4,11168,买盘
2145,14:00:46,27.92,0.0,8,22336,买盘
2146,14:00:49,27.92,0.0,1,2792,买盘
2147,14:00:55,27.92,0.0,4,11168,买盘
2148,14:01:01,27.92,0.0,8,22336,卖盘
2149,14:01:04,27.92,0.0,6,16753,卖盘
2150,14:01:07,27.92,0.0,1,2792,卖盘
2151,14:01:10,27.92,0.0,7,19544,卖盘
2152,14:01:13,27.93,0.01,10,27930,买盘
2153,14:01:24,27.93,0.0,5,13962,买盘
2154,14:01:37,27.93,0.0,5,13965,买盘
2155,14:01:40,27.98,0.05,54,151009,买盘
2156,14:01:46,27.91,-0.07,27,75364,卖盘
2157,14:01:52,27.92,0.01,3,8376,买盘
2158,14:01:54,27.91,-0.01,5,13966,卖盘
2159,14:02:01,27.96,0.05,7,19572,买盘
2160,14:02:07,27.91,-0.05,17,47451,卖盘
2161,14:02:10,27.91,0.0,21,58614,卖盘
2162,14:02:13,27.92,0.01,4,11165,中性盘
2163,14:02:19,27.93,0.01,1,2793,卖盘
2164,14:02:31,27.94,0.01,4,11173,买盘
2165,14:02:54,27.92,-0.02,1,2792,卖盘
2166,14:02:58,27.93,0.01,6,16755,买盘
2167,14:03:00,27.93,0.0,2,5586,卖盘
2168,14:03:04,27.92,-0.01,1,2792,卖盘
2169,14:03:10,27.95,0.03,18,50276,买盘
2170,14:03:12,27.91,-0.04,56,156296,卖盘
2171,14:03:18,27.91,0.0,3,8373,买盘
2172,14:03:21,27.91,0.0,34,94894,买盘
2173,14:03:27,27.92,0.01,3,8376,卖盘
2174,14:03:31,27.94,0.02,1,2794,中性盘
2175,14:03:34,27.92,-0.02,17,47464,卖盘
2176,14:03:37,27.92,0.0,6,16752,买盘
2177,14:03:43,27.91,-0.01,3,8373,卖盘
2178,14:03:46,27.92,0.01,2,5584,买盘
2179,14:03:48,27.92,0.0,1,2792,买盘
2180,14:03:58,27.91,-0.01,10,27912,卖盘
2181,14:04:01,27.92,0.01,23,64216,买盘
2182,14:04:04,27.9,-0.02,34,94888,卖盘
2183,14:04:13,27.91,0.01,5,13955,买盘
2184,14:04:16,27.91,0.0,5,13957,买盘
2185,14:04:19,27.9,-0.01,3,8371,卖盘
2186,14:04:22,27.9,0.0,3,8370,卖盘
2187,14:04:31,27.9,0.0,1,2790,卖盘
2188,14:04:37,27.9,0.0,5,13950,卖盘
2189,14:04:40,27.9,0.0,84,235950,卖盘
2190,14:04:43,27.9,0.0,4,11160,卖盘
2191,14:04:46,27.91,0.01,2,5582,买盘
2192,14:04:57,27.9,-0.01,3,8370,卖盘
2193,14:05:00,27.9,0.0,6,16741,卖盘
2194,14:05:04,27.9,0.0,11,30690,卖盘
2195,14:05:07,27.91,0.01,12,33482,买盘
2196,14:05:10,27.9,-0.01,10,27902,卖盘
2197,14:05:12,27.9,0.0,3,8370,卖盘
2198,14:05:15,27.9,0.0,47,131607,卖盘
2199,14:05:19,27.9,0.0,11,30690,买盘
2200,14:05:25,27.88,-0.02,76,211922,卖盘
2201,14:05:28,27.88,0.0,58,161704,卖盘
2202,14:05:31,27.88,0.0,40,111520,卖盘
2203,14:05:37,27.88,0.0,2,5576,卖盘
2204,14:05:40,27.87,-0.01,220,613306,卖盘
2205,14:05:45,27.87,0.0,5,13935,卖盘
2206,14:05:49,27.86,-0.01,7,19503,卖盘
2207,14:05:52,27.85,-0.01,33,91930,卖盘
2208,14:05:55,27.87,0.02,24,66866,买盘
2209,14:05:58,27.85,-0.02,65,181025,卖盘
2210,14:06:01,27.85,0.0,127,353462,卖盘
2211,14:06:07,27.81,-0.04,51,141875,卖盘
2212,14:06:10,27.81,0.0,4,11124,卖盘
2213,14:06:13,27.82,0.01,3,8346,中性盘
2214,14:06:16,27.85,0.03,2,5569,买盘
2215,14:06:19,27.81,-0.04,43,119602,卖盘
2216,14:06:22,27.82,0.01,1,2782,买盘
2217,14:06:25,27.81,-0.01,32,89004,卖盘
2218,14:06:28,27.81,0.0,102,283662,卖盘
2219,14:06:31,27.82,0.01,27,75092,买盘
2220,14:06:34,27.82,0.0,17,47283,买盘
2221,14:06:37,27.81,-0.01,10,27810,卖盘
2222,14:06:40,27.81,0.0,6,16688,卖盘
2223,14:06:43,27.82,0.01,29,80675,买盘
2224,14:06:46,27.82,0.0,31,86242,卖盘
2225,14:06:51,27.85,0.03,1,2785,买盘
2226,14:06:55,27.87,0.02,10,27851,买盘
2227,14:06:58,27.84,-0.03,1,2784,中性盘
2228,14:07:07,27.84,0.0,26,72360,买盘
2229,14:07:09,27.85,0.01,3,8355,中性盘
2230,14:07:16,27.83,-0.02,9,25062,卖盘
2231,14:07:21,27.86,0.03,7,19502,买盘
2232,14:07:25,27.85,-0.01,3,8355,卖盘
2233,14:07:31,27.86,0.01,4,11143,买盘
2234,14:07:34,27.85,-0.01,45,125330,卖盘
2235,14:07:40,27.86,0.01,7,19506,卖盘
2236,14:07:48,27.86,0.0,3,8358,卖盘
2237,14:07:51,27.87,0.01,1,2787,买盘
2238,14:07:54,27.86,-0.01,17,47376,卖盘
2239,14:07:57,27.89,0.03,146,407012,买盘
2240,14:08:01,27.9,0.01,26,72540,卖盘
2241,14:08:10,27.9,0.0,1,2790,卖盘
2242,14:08:13,27.9,0.0,5,13953,卖盘
2243,14:08:22,27.9,0.0,2,5580,卖盘
2244,14:08:37,27.9,0.0,13,36273,卖盘
2245,14:08:40,27.9,0.0,3,8370,卖盘
2246,14:08:43,27.91,0.01,2,5582,买盘
2247,14:08:49,27.92,0.01,7,19544,买盘
2248,14:08:54,27.92,0.0,20,55840,买盘
2249,14:09:04,27.92,0.0,14,39115,卖盘
2250,14:09:13,27.92,0.0,13,36305,卖盘
2251,14:09:18,27.92,0.0,5,13960,买盘
2252,14:09:22,27.92,0.0,11,30706,买盘
2253,14:09:28,27.92,0.0,7,19541,买盘
2254,14:09:31,27.9,-0.02,1,2790,卖盘
2255,14:09:34,27.88,-0.02,20,55790,卖盘
2256,14:09:37,27.88,0.0,10,27880,买盘
2257,14:09:39,27.9,0.02,10,27900,买盘
2258,14:09:43,27.88,-0.02,25,69700,卖盘
2259,14:09:54,27.88,0.0,2,5576,卖盘
2260,14:10:01,27.88,0.0,14,39032,卖盘
2261,14:10:04,27.9,0.02,14,39055,买盘
2262,14:10:12,27.89,-0.01,17,47429,卖盘
2263,14:10:22,27.91,0.02,5,13955,买盘
2264,14:10:27,27.9,-0.01,48,133968,卖盘
2265,14:10:33,27.93,0.03,1,2793,卖盘
2266,14:10:39,27.91,-0.02,2,5582,卖盘
2267,14:10:42,27.91,0.0,3,8373,卖盘
2268,14:10:46,27.9,-0.01,10,27902,卖盘
2269,14:10:49,27.92,0.02,20,55814,买盘
2270,14:10:52,27.9,-0.02,1,2790,卖盘
2271,14:10:55,27.9,0.0,2,5580,卖盘
2272,14:10:58,27.91,0.01,61,170251,买盘
2273,14:11:01,27.91,0.0,40,111640,买盘
2274,14:11:04,27.89,-0.02,27,75305,卖盘
2275,14:11:09,27.91,0.02,8,22325,买盘
2276,14:11:12,27.89,-0.02,22,61370,卖盘
2277,14:11:19,27.91,0.02,3,8373,买盘
2278,14:11:22,27.89,-0.02,6,16734,卖盘
2279,14:11:25,27.89,0.0,1,2789,买盘
2280,14:11:28,27.9,0.01,3,8370,卖盘
2281,14:11:37,27.9,0.0,4,11160,卖盘
2282,14:11:40,27.89,-0.01,30,83683,卖盘
2283,14:11:49,27.89,0.0,5,13947,卖盘
2284,14:11:52,27.89,0.0,2,5578,卖盘
2285,14:11:54,27.89,0.0,5,13945,卖盘
2286,14:11:57,27.89,0.0,6,16734,卖盘
2287,14:12:01,27.89,0.0,1,2789,中性盘
2288,14:12:07,27.9,0.01,16,44639,买盘
2289,14:12:09,27.91,0.01,1,2791,买盘
2290,14:12:12,27.92,0.01,4,11165,买盘
2291,14:12:15,27.92,0.0,3,8376,买盘
2292,14:12:22,27.92,0.0,8,22364,卖盘
2293,14:12:25,27.97,0.05,1,2797,买盘
2294,14:12:28,27.93,-0.04,1,2793,卖盘
2295,14:12:31,27.97,0.04,26,72715,买盘
2296,14:12:34,27.98,0.01,16,44765,买盘
2297,14:12:40,27.93,-0.05,9,25141,卖盘
2298,14:12:51,27.97,0.04,4,11188,买盘
2299,14:12:55,27.97,0.0,4,11188,中性盘
2300,14:12:57,27.97,0.0,11,30764,买盘
2301,14:13:01,27.97,0.0,19,53143,买盘
2302,14:13:04,27.97,0.0,5,13985,买盘
2303,14:13:07,27.97,0.0,5,13985,买盘
2304,14:13:10,27.97,0.0,1,2797,买盘
2305,14:13:13,27.96,-0.01,3,8388,卖盘
2306,14:13:18,27.97,0.01,35,97894,买盘
2307,14:13:25,27.98,0.01,64,179047,买盘
2308,14:13:28,27.98,0.0,3,8394,卖盘
2309,14:13:31,27.99,0.01,14,39186,买盘
2310,14:13:34,28.0,0.01,148,414354,买盘
2311,14:13:37,28.0,0.0,11,30800,买盘
2312,14:13:40,27.99,-0.01,6,16799,卖盘
2313,14:13:46,28.0,0.01,27,75597,买盘
2314,14:13:48,28.02,0.02,37,103658,买盘
2315,14:13:51,27.99,-0.03,6,16794,卖盘
2316,14:13:54,28.01,0.02,35,97981,买盘
2317,14:13:57,27.9,-0.11,200,558665,卖盘
2318,14:14:01,28.01,0.11,27,75627,买盘
2319,14:14:04,28.01,0.0,8,22408,买盘
2320,14:14:06,28.01,0.0,4,11204,卖盘
2321,14:14:10,28.01,0.0,8,22408,卖盘
2322,14:14:13,28.01,0.0,5,13996,买盘
2323,14:14:16,28.01,0.0,21,58805,买盘
2324,14:14:22,28.01,0.0,1,2801,买盘
2325,14:14:25,27.99,-0.02,4,11197,卖盘
2326,14:14:31,28.0,0.01,4,11199,买盘
2327,14:14:39,28.01,0.01,6,16802,买盘
2328,14:14:43,28.02,0.01,23,64432,买盘
2329,14:14:52,28.0,-0.02,4,11200,卖盘
2330,14:14:55,28.01,0.01,7,19607,买盘
2331,14:14:57,28.01,0.0,8,22408,卖盘
2332,14:15:09,28.02,0.01,43,120486,买盘
2333,14:15:12,28.01,-0.01,4,11204,卖盘
2334,14:15:15,28.01,0.0,8,22411,卖盘
2335,14:15:25,28.02,0.01,18,50436,买盘
2336,14:15:28,28.02,0.0,3,8406,卖盘
2337,14:15:30,28.0,-0.02,147,411730,卖盘
2338,14:15:37,28.02,0.02,10,28020,买盘
2339,14:15:42,27.94,-0.08,74,207165,卖盘
2340,14:15:46,27.91,-0.03,10,27937,卖盘
2341,14:16:09,27.95,0.04,9,25155,卖盘
2342,14:16:12,27.95,0.0,2,5590,买盘
2343,14:16:19,27.95,0.0,7,19565,买盘
2344,14:16:28,27.94,-0.01,2,5588,卖盘
2345,14:16:30,27.94,0.0,1,2794,买盘
2346,14:16:36,27.95,0.01,5,13975,买盘
2347,14:16:43,27.95,0.0,7,19565,买盘
2348,14:16:49,27.93,-0.02,1,2793,卖盘
2349,14:16:52,27.94,0.01,3,8382,买盘
2350,14:16:57,27.93,-0.01,3,8379,卖盘
2351,14:17:01,27.91,-0.02,76,212204,卖盘
2352,14:17:13,27.94,0.03,1,2794,卖盘
2353,14:17:19,27.91,-0.03,4,11173,卖盘
2354,14:17:28,27.98,0.07,47,131431,买盘
2355,14:17:30,27.98,0.0,38,106324,卖盘
2356,14:17:36,27.91,-0.07,9,25119,卖盘
2357,14:17:40,27.95,0.04,1,2795,中性盘
2358,14:17:43,27.92,-0.03,2,5584,卖盘
2359,14:17:48,27.91,-0.01,7,19540,卖盘
2360,14:17:55,27.92,0.01,2,5584,买盘
2361,14:18:13,27.91,-0.01,3,8373,卖盘
2362,14:18:19,27.92,0.01,3,8376,买盘
2363,14:18:22,27.92,0.0,17,47454,买盘
2364,14:18:25,27.92,0.0,29,80968,买盘
2365,14:18:28,27.9,-0.02,29,80932,卖盘
2366,14:18:31,27.92,0.02,2,5584,买盘
2367,14:18:33,27.91,-0.01,2,5582,中性盘
2368,14:18:37,27.91,0.0,3,8373,买盘
2369,14:18:43,27.91,0.0,7,19537,买盘
2370,14:18:51,27.91,0.0,8,22335,卖盘
2371,14:18:55,27.9,-0.01,7,19532,卖盘
2372,14:18:58,27.92,0.02,50,139597,买盘
2373,14:19:01,27.92,0.0,12,33504,卖盘
2374,14:19:07,27.96,0.04,49,137004,买盘
2375,14:19:12,27.97,0.01,6,16779,买盘
2376,14:19:25,27.96,-0.01,14,39146,卖盘
2377,14:19:28,27.96,0.0,3,8389,卖盘
2378,14:19:31,27.96,0.0,1,2796,卖盘
2379,14:19:40,27.98,0.02,1,2798,买盘
2380,14:19:42,27.96,-0.02,110,307564,卖盘
2381,14:19:57,27.96,0.0,8,22368,卖盘
2382,14:20:00,27.96,0.0,3,8388,卖盘
2383,14:20:22,27.96,0.0,5,13977,买盘
2384,14:20:25,27.96,0.0,1,2796,卖盘
2385,14:20:27,27.94,-0.02,1,2794,中性盘
2386,14:20:34,27.95,0.01,3,8383,买盘
2387,14:20:37,27.96,0.01,1,2796,卖盘
2388,14:20:43,27.96,0.0,2,5592,卖盘
2389,14:20:48,27.96,0.0,1,2796,买盘
2390,14:20:54,27.95,-0.01,1,2795,卖盘
2391,14:20:58,27.96,0.01,7,19568,买盘
2392,14:21:01,27.93,-0.03,9,25145,卖盘
2393,14:21:04,27.95,0.02,1,2795,卖盘
2394,14:21:06,27.95,0.0,3,8385,买盘
2395,14:21:18,27.95,0.0,6,16767,买盘
2396,14:21:34,27.95,0.0,20,55900,买盘
2397,14:21:40,27.95,0.0,30,83850,买盘
2398,14:21:43,27.95,0.0,12,33540,卖盘
2399,14:21:49,27.96,0.01,8,22361,买盘
2400,14:21:52,27.95,-0.01,9,25155,卖盘
2401,14:21:57,27.95,0.0,33,92235,卖盘
2402,14:22:07,27.98,0.03,23,64331,买盘
2403,14:22:13,27.96,-0.02,3,8388,卖盘
2404,14:22:15,27.98,0.02,5,13990,买盘
2405,14:22:25,27.98,0.0,60,167855,买盘
2406,14:22:28,27.96,-0.02,4,11186,卖盘
2407,14:22:34,27.97,0.01,1,2797,买盘
2408,14:22:37,27.96,-0.01,10,27960,卖盘
2409,14:22:40,27.97,0.01,5,13985,买盘
2410,14:22:43,27.97,0.0,6,16779,买盘
2411,14:22:46,27.96,-0.01,134,374664,卖盘
2412,14:22:52,27.95,-0.01,13,36335,卖盘
2413,14:22:57,27.95,0.0,9,25155,卖盘
2414,14:23:04,27.95,0.0,4,11180,买盘
2415,14:23:07,27.92,-0.03,17,47464,卖盘
2416,14:23:10,27.94,0.02,11,30714,买盘
2417,14:23:12,27.94,0.0,8,22352,买盘
2418,14:23:16,27.94,0.0,2,5588,买盘
2419,14:23:42,27.92,-0.02,3,8376,卖盘
2420,14:23:49,27.92,0.0,4,11168,卖盘
2421,14:23:58,27.91,-0.01,3,8373,卖盘
2422,14:24:01,27.91,0.0,15,41865,卖盘
2423,14:24:06,27.92,0.01,8,22332,买盘
2424,14:24:10,27.92,0.0,2,5584,买盘
2425,14:24:13,27.91,-0.01,2,5582,卖盘
2426,14:24:15,27.92,0.01,48,134015,买盘
2427,14:24:19,27.92,0.0,5,13960,买盘
2428,14:24:28,27.91,-0.01,25,69763,卖盘
2429,14:24:34,27.91,0.0,4,11164,买盘
2430,14:24:40,27.91,0.0,2,5582,买盘
2431,14:24:43,27.91,0.0,26,72563,买盘
2432,14:24:46,27.92,0.01,6,16747,买盘
2433,14:24:49,27.92,0.0,96,267865,买盘
2434,14:24:51,27.91,-0.01,1,2791,卖盘
2435,14:24:54,27.92,0.01,7,19544,买盘
2436,14:24:58,27.91,-0.01,3,8373,卖盘
2437,14:25:07,27.92,0.01,8,22336,买盘
2438,14:25:12,27.92,0.0,23,64236,卖盘
2439,14:25:19,27.93,0.01,28,78194,买盘
2440,14:25:22,27.95,0.02,17,47491,买盘
2441,14:25:28,27.92,-0.03,5,13960,卖盘
2442,14:25:31,27.93,0.01,19,53049,买盘
2443,14:25:34,27.93,0.0,4,11172,卖盘
2444,14:25:49,27.9,-0.03,3,8370,卖盘
2445,14:25:58,27.93,0.03,1,2793,中性盘
2446,14:26:04,27.9,-0.03,13,36270,卖盘
2447,14:26:09,27.93,0.03,23,64179,买盘
2448,14:26:12,27.93,0.0,2,5586,卖盘
2449,14:26:16,27.95,0.02,27,75441,买盘
2450,14:26:40,27.94,-0.01,6,16759,买盘
2451,14:26:43,27.93,-0.01,3,8379,卖盘
2452,14:26:45,27.93,0.0,1,2793,卖盘
2453,14:26:52,27.93,0.0,1,2793,卖盘
2454,14:26:55,27.93,0.0,2,5586,卖盘
2455,14:27:01,27.93,0.0,1,2793,买盘
2456,14:27:04,27.92,-0.01,5,13960,卖盘
2457,14:27:10,27.93,0.01,9,25137,买盘
2458,14:27:12,27.92,-0.01,14,39088,卖盘
2459,14:27:16,27.92,0.0,16,44672,卖盘
2460,14:27:19,27.92,0.0,4,11168,买盘
2461,14:27:22,27.92,0.0,1,2792,买盘
2462,14:27:27,27.92,0.0,6,16749,买盘
2463,14:27:33,27.9,-0.02,2,5580,卖盘
2464,14:27:40,27.92,0.02,27,75379,买盘
2465,14:27:42,27.9,-0.02,49,136714,卖盘
2466,14:27:51,27.9,0.0,17,47440,卖盘
2467,14:27:54,27.9,0.0,38,106020,卖盘
2468,14:28:01,27.9,0.0,8,22320,买盘
2469,14:28:07,27.9,0.0,10,27900,买盘
2470,14:28:12,27.93,0.03,92,256805,买盘
2471,14:28:16,27.9,-0.03,31,86460,买盘
2472,14:28:25,27.91,0.01,1,2791,中性盘
2473,14:28:34,27.91,0.0,1,2791,卖盘
2474,14:28:40,27.91,0.0,1,2791,买盘
2475,14:28:43,27.9,-0.01,7,19534,卖盘
2476,14:28:46,27.91,0.01,15,41865,买盘
2477,14:28:49,27.91,0.0,5,13955,卖盘
2478,14:28:52,27.9,-0.01,43,119999,卖盘
2479,14:29:07,27.91,0.01,1,2791,买盘
2480,14:29:09,27.91,0.0,3,8373,买盘
2481,14:29:12,27.9,-0.01,12,33480,卖盘
2482,14:29:16,27.91,0.01,1,2791,买盘
2483,14:29:21,27.9,-0.01,73,203671,卖盘
2484,14:29:25,27.9,0.0,1,2790,卖盘
2485,14:29:28,27.9,0.0,3,8370,卖盘
2486,14:29:31,27.9,0.0,78,217620,卖盘
2487,14:29:33,27.9,0.0,24,66960,买盘
2488,14:29:48,27.88,-0.02,5,13940,卖盘
2489,14:29:58,27.89,0.01,4,11153,买盘
2490,14:30:01,27.88,-0.01,3,8364,卖盘
2491,14:30:06,27.9,0.02,23,64166,买盘
2492,14:30:12,27.89,-0.01,10,27890,卖盘
2493,14:30:16,27.91,0.02,39,108808,买盘
2494,14:30:18,27.91,0.0,1,2791,卖盘
2495,14:30:28,27.91,0.0,3,8373,卖盘
2496,14:30:30,27.91,0.0,1,2791,卖盘
2497,14:30:33,27.92,0.01,7,19544,买盘
2498,14:30:36,27.92,0.0,22,61424,买盘
2499,14:30:40,27.94,0.02,1,2794,买盘
2500,14:30:43,27.92,-0.02,3,8376,卖盘
2501,14:30:52,27.92,0.0,13,36296,卖盘
2502,14:30:55,27.94,0.02,3,8382,买盘
2503,14:30:58,27.92,-0.02,1,2792,卖盘
2504,14:31:04,27.93,0.01,1,2793,买盘
2505,14:31:10,27.93,0.0,3,8379,买盘
2506,14:31:13,27.93,0.0,8,22354,卖盘
2507,14:31:19,27.93,0.0,4,11172,卖盘
2508,14:31:22,27.93,0.0,11,30723,买盘
2509,14:31:25,27.95,0.02,1,2795,买盘
2510,14:31:28,27.93,-0.02,10,27930,卖盘
2511,14:31:31,27.93,0.0,6,16758,买盘
2512,14:31:36,27.92,-0.01,4,11168,卖盘
2513,14:31:40,27.93,0.01,2,5586,买盘
2514,14:31:43,27.92,-0.01,6,16755,卖盘
2515,14:31:46,27.92,0.0,4,11168,卖盘
2516,14:31:49,27.92,0.0,22,61368,买盘
2517,14:31:51,27.89,-0.03,6,16746,卖盘
2518,14:31:55,27.88,-0.01,30,83666,卖盘
2519,14:32:00,27.88,0.0,94,262072,卖盘
2520,14:32:13,27.88,0.0,18,50184,卖盘
2521,14:32:16,27.88,0.0,1,2788,买盘
2522,14:32:19,27.88,0.0,3,8364,买盘
2523,14:32:25,27.87,-0.01,2,5574,卖盘
2524,14:32:28,27.87,0.0,86,239743,卖盘
2525,14:32:34,27.88,0.01,4,11152,买盘
2526,14:32:36,27.86,-0.02,32,89155,卖盘
2527,14:32:39,27.85,-0.01,39,108642,卖盘
2528,14:32:43,27.87,0.02,1,2787,买盘
2529,14:32:55,27.86,-0.01,1,2786,买盘
2530,14:32:58,27.86,0.0,4,11141,买盘
2531,14:33:00,27.86,0.0,1,2786,买盘
2532,14:33:10,27.86,0.0,1,2786,买盘
2533,14:33:13,27.85,-0.01,5,13925,卖盘
2534,14:33:16,27.86,0.01,70,195020,买盘
2535,14:33:19,27.86,0.0,21,58506,卖盘
2536,14:33:28,27.86,0.0,3,8358,卖盘
2537,14:33:30,27.85,-0.01,1,2785,卖盘
2538,14:33:34,27.86,0.01,2,5572,买盘
2539,14:33:40,27.85,-0.01,2,5570,卖盘
2540,14:33:43,27.85,0.0,3,8355,卖盘
2541,14:33:45,27.86,0.01,1,2786,买盘
2542,14:33:52,27.85,-0.01,18,50130,卖盘
2543,14:33:55,27.86,0.01,1,2786,买盘
2544,14:33:58,27.85,-0.01,17,47345,卖盘
2545,14:34:01,27.85,0.0,2,5570,买盘
2546,14:34:13,27.84,-0.01,3,8352,卖盘
2547,14:34:15,27.85,0.01,7,19495,买盘
2548,14:34:21,27.84,-0.01,6,16704,卖盘
2549,14:34:25,27.85,0.01,8,22280,买盘
2550,14:34:28,27.84,-0.01,3,8352,卖盘
2551,14:34:31,27.85,0.01,51,141968,买盘
2552,14:34:37,27.85,0.0,8,22280,买盘
2553,14:34:40,27.85,0.0,7,19495,卖盘
2554,14:34:42,27.85,0.0,2,5570,卖盘
2555,14:34:52,27.84,-0.01,404,1123563,卖盘
2556,14:34:55,27.86,0.02,4,11139,买盘
2557,14:35:04,27.81,-0.05,7,19467,卖盘
2558,14:35:07,27.84,0.03,5,13920,买盘
2559,14:35:10,27.8,-0.04,10,27803,卖盘
2560,14:35:13,27.85,0.05,33,91875,买盘
2561,14:35:15,27.84,-0.01,10,27851,卖盘
2562,14:35:21,27.81,-0.03,15,41720,卖盘
2563,14:35:31,27.82,0.01,6,16692,卖盘
2564,14:35:34,27.84,0.02,35,97366,买盘
2565,14:35:43,27.81,-0.03,7,19468,卖盘
2566,14:35:45,27.8,-0.01,331,920229,卖盘
2567,14:35:49,27.8,0.0,33,91757,卖盘
2568,14:35:55,27.79,-0.01,26,72297,卖盘
2569,14:35:57,27.8,0.01,8,22250,中性盘
2570,14:36:00,27.8,0.0,3,8340,卖盘
2571,14:36:04,27.79,-0.01,1,2779,卖盘
2572,14:36:07,27.82,0.03,6,16689,买盘
2573,14:36:10,27.8,-0.02,7,19460,卖盘
2574,14:36:13,27.8,0.0,14,38910,买盘
2575,14:36:15,27.8,0.0,9,25020,买盘
2576,14:36:18,27.8,0.0,5,13900,买盘
2577,14:36:22,27.79,-0.01,34,94487,卖盘
2578,14:36:28,27.8,0.01,17,47257,买盘
2579,14:36:30,27.8,0.0,248,689422,买盘
2580,14:36:34,27.77,-0.03,341,947115,卖盘
2581,14:36:36,27.77,0.0,1,2777,买盘
2582,14:36:43,27.76,-0.01,32,88841,卖盘
2583,14:36:52,27.75,-0.01,4,11103,卖盘
2584,14:36:54,27.76,0.01,4,11104,买盘
2585,14:36:57,27.75,-0.01,13,36084,卖盘
2586,14:37:07,27.76,0.01,5,13880,卖盘
2587,14:37:09,27.76,0.0,29,80504,卖盘
2588,14:37:12,27.76,0.0,41,113816,卖盘
2589,14:37:19,27.77,0.01,2,5554,买盘
2590,14:37:22,27.76,-0.01,6,16656,卖盘
2591,14:37:25,27.77,0.01,3,8331,买盘
2592,14:37:28,27.76,-0.01,4,11105,卖盘
2593,14:37:31,27.77,0.01,5,13885,买盘
2594,14:37:34,27.77,0.0,92,255484,买盘
2595,14:37:40,27.79,0.02,46,127798,买盘
2596,14:37:43,27.79,0.0,8,22232,买盘
2597,14:37:55,27.8,0.01,42,116760,买盘
2598,14:37:58,27.79,-0.01,3,8337,卖盘
2599,14:38:01,27.8,0.01,23,63940,买盘
2600,14:38:04,27.79,-0.01,41,113939,卖盘
2601,14:38:07,27.8,0.01,5,13900,买盘
2602,14:38:12,27.79,-0.01,20,55583,卖盘
2603,14:38:19,27.8,0.01,20,55600,买盘
2604,14:38:22,27.79,-0.01,11,30569,卖盘
2605,14:38:24,27.79,0.0,2,5558,卖盘
2606,14:38:28,27.8,0.01,61,169577,买盘
2607,14:38:37,27.78,-0.02,15,41670,卖盘
2608,14:38:40,27.79,0.01,5,13895,买盘
2609,14:38:43,27.8,0.01,20,55592,买盘
2610,14:38:54,27.78,-0.02,6,16668,卖盘
2611,14:38:58,27.78,0.0,9,25002,卖盘
2612,14:39:01,27.8,0.02,8,22237,买盘
2613,14:39:04,27.8,0.0,146,405560,买盘
2614,14:39:10,27.8,0.0,5,13900,买盘
2615,14:39:19,27.78,-0.02,3,8334,卖盘
2616,14:39:28,27.78,0.0,5,13890,卖盘
2617,14:39:34,27.77,-0.01,21,58327,卖盘
2618,14:39:37,27.79,0.02,12,33348,买盘
2619,14:39:42,27.78,-0.01,9,25010,卖盘
2620,14:39:46,27.79,0.01,2,5558,卖盘
2621,14:39:49,27.79,0.0,32,88957,卖盘
2622,14:39:52,27.79,0.0,14,38906,买盘
2623,14:39:55,27.79,0.0,4,11116,买盘
2624,14:39:57,27.78,-0.01,3,8334,卖盘
2625,14:40:10,27.78,0.0,14,38892,卖盘
2626,14:40:13,27.78,0.0,3,8334,卖盘
2627,14:40:19,27.79,0.01,8,22232,买盘
2628,14:40:22,27.78,-0.01,34,94453,卖盘
2629,14:40:25,27.78,0.0,4,11112,卖盘
2630,14:40:31,27.77,-0.01,15,41660,卖盘
2631,14:40:34,27.78,0.01,23,63878,买盘
2632,14:40:36,27.79,0.01,3,8335,买盘
2633,14:40:40,27.78,-0.01,1,2778,买盘
2634,14:40:42,27.77,-0.01,20,55544,卖盘
2635,14:40:45,27.75,-0.02,100,277581,卖盘
2636,14:40:49,27.78,0.03,1,2778,买盘
2637,14:40:55,27.78,0.0,19,52779,买盘
2638,14:40:58,27.75,-0.03,8,22200,卖盘
2639,14:41:01,27.75,0.0,15,41625,卖盘
2640,14:41:04,27.74,-0.01,14,38842,卖盘
2641,14:41:07,27.75,0.01,3,8325,中性盘
2642,14:41:10,27.75,0.0,3,8325,卖盘
2643,14:41:13,27.76,0.01,19,52727,买盘
2644,14:41:19,27.75,-0.01,3,8325,买盘
2645,14:41:22,27.75,0.0,8,22200,买盘
2646,14:41:28,27.74,-0.01,12,33288,卖盘
2647,14:41:31,27.75,0.01,18,49946,买盘
2648,14:41:34,27.75,0.0,8,22196,买盘
2649,14:41:37,27.75,0.0,31,86025,买盘
2650,14:41:39,27.74,-0.01,93,257983,卖盘
2651,14:41:43,27.73,-0.01,16,44387,卖盘
2652,14:41:45,27.75,0.02,17,47170,买盘
2653,14:41:49,27.75,0.0,1,2775,卖盘
2654,14:41:51,27.77,0.02,18,49983,买盘
2655,14:41:55,27.74,-0.03,13,36066,卖盘
2656,14:41:58,27.76,0.02,5,13874,中性盘
2657,14:42:04,27.75,-0.01,9,24975,买盘
2658,14:42:07,27.75,0.0,31,86025,买盘
2659,14:42:10,27.76,0.01,10,27752,买盘
2660,14:42:13,27.77,0.01,43,119366,买盘
2661,14:42:19,27.76,-0.01,14,38864,卖盘
2662,14:42:22,27.76,0.0,2,5552,卖盘
2663,14:42:25,27.77,0.01,9,24993,买盘
2664,14:42:28,27.76,-0.01,8,22208,卖盘
2665,14:42:34,27.77,0.01,50,138850,买盘
2666,14:42:37,27.77,0.0,17,47196,买盘
2667,14:42:40,27.76,-0.01,92,255670,卖盘
2668,14:42:43,27.79,0.03,3,8337,中性盘
2669,14:42:46,27.79,0.0,10,27790,卖盘
2670,14:42:49,27.79,0.0,10,27790,卖盘
2671,14:42:52,27.8,0.01,8,22237,买盘
2672,14:42:54,27.76,-0.04,70,194394,卖盘
2673,14:42:58,27.8,0.04,17,47255,买盘
2674,14:43:04,27.8,0.0,5,13900,买盘
2675,14:43:06,27.77,-0.03,24,66690,卖盘
2676,14:43:09,27.76,-0.01,19,52748,卖盘
2677,14:43:12,27.76,0.0,8,22220,卖盘
2678,14:43:15,27.77,0.01,10,27766,买盘
2679,14:43:25,27.77,0.0,20,55539,买盘
2680,14:43:28,27.76,-0.01,3,8328,卖盘
2681,14:43:31,27.77,0.01,89,247153,买盘
2682,14:43:34,27.76,-0.01,125,347062,卖盘
2683,14:43:40,27.76,0.0,46,127696,卖盘
2684,14:43:46,27.8,0.04,21,58333,买盘
2685,14:43:52,27.77,-0.03,6,16668,卖盘
2686,14:43:54,27.8,0.03,2,5559,买盘
2687,14:44:00,27.78,-0.02,3,8334,买盘
2688,14:44:04,27.8,0.02,3,8337,买盘
2689,14:44:07,27.8,0.0,3,8339,买盘
2690,14:44:10,27.76,-0.04,46,127729,卖盘
2691,14:44:13,27.78,0.02,2,5556,买盘
2692,14:44:16,27.76,-0.02,12,33332,卖盘
2693,14:44:19,27.76,0.0,10,27760,卖盘
2694,14:44:21,27.79,0.03,1,2779,买盘
2695,14:44:25,27.77,-0.02,4,11108,卖盘
2696,14:44:28,27.79,0.02,20,55558,买盘
2697,14:44:30,27.81,0.02,129,358609,买盘
2698,14:44:37,27.79,-0.02,14,38912,卖盘
2699,14:44:39,27.8,0.01,3,8340,卖盘
2700,14:44:42,27.8,0.0,10,27800,买盘
2701,14:44:52,27.81,0.01,2,5561,买盘
2702,14:45:07,27.82,0.01,3,8346,买盘
2703,14:45:12,27.83,0.01,6,16698,买盘
2704,14:45:15,27.85,0.02,5,13924,买盘
2705,14:45:19,27.83,-0.02,4,11132,卖盘
2706,14:45:28,27.82,-0.01,34,94597,卖盘
2707,14:45:31,27.85,0.03,5,13922,买盘
2708,14:45:34,27.81,-0.04,13,36156,卖盘
2709,14:45:37,27.8,-0.01,3,8340,卖盘
2710,14:45:43,27.8,0.0,3,8340,卖盘
2711,14:45:52,27.8,0.0,32,88989,卖盘
2712,14:45:54,27.8,0.0,4,11120,卖盘
2713,14:45:58,27.81,0.01,1,2781,卖盘
2714,14:46:01,27.8,-0.01,22,61160,卖盘
2715,14:46:04,27.8,0.0,10,27800,买盘
2716,14:46:13,27.8,0.0,12,33360,卖盘
2717,14:46:16,27.8,0.0,82,227960,卖盘
2718,14:46:18,27.8,0.0,8,22240,买盘
2719,14:46:27,27.8,0.0,63,175137,买盘
2720,14:46:31,27.79,-0.01,62,172325,卖盘
2721,14:46:34,27.79,0.0,7,19453,买盘
2722,14:46:37,27.79,0.0,8,22232,买盘
2723,14:46:40,27.8,0.01,128,355617,买盘
2724,14:46:43,27.8,0.0,3,8340,卖盘
2725,14:46:52,27.8,0.0,6,16680,卖盘
2726,14:46:55,27.8,0.0,1,2780,买盘
2727,14:46:58,27.8,0.0,9,25017,买盘
2728,14:47:00,27.8,0.0,1,2780,卖盘
2729,14:47:09,27.8,0.0,3,8340,卖盘
2730,14:47:13,27.8,0.0,3,8340,卖盘
2731,14:47:16,27.81,0.01,12,33372,买盘
2732,14:47:25,27.82,0.01,2,5564,买盘
2733,14:47:28,27.81,-0.01,3,8343,卖盘
2734,14:47:31,27.81,0.0,1,2781,卖盘
2735,14:47:34,27.82,0.01,12,33384,买盘
2736,14:47:37,27.81,-0.01,35,97343,卖盘
2737,14:47:40,27.82,0.01,3,8346,买盘
2738,14:47:43,27.81,-0.01,3,8343,卖盘
2739,14:47:46,27.86,0.05,107,297907,买盘
2740,14:48:04,27.85,-0.01,1,2785,买盘
2741,14:48:07,27.86,0.01,4,11142,买盘
2742,14:48:10,27.86,0.0,3,8358,买盘
2743,14:48:13,27.85,-0.01,3,8355,卖盘
2744,14:48:16,27.86,0.01,1,2786,买盘
2745,14:48:19,27.86,0.0,2,5572,买盘
2746,14:48:22,27.85,-0.01,1,2785,卖盘
2747,14:48:25,27.85,0.0,33,91925,卖盘
2748,14:48:27,27.85,0.0,14,39001,卖盘
2749,14:48:33,27.85,0.0,5,13925,卖盘
2750,14:48:37,27.86,0.01,10,27860,买盘
2751,14:48:43,27.85,-0.01,7,19495,买盘
2752,14:48:52,27.85,0.0,19,52887,买盘
2753,14:48:58,27.84,-0.01,2,5567,中性盘
2754,14:49:01,27.85,0.01,7,19493,买盘
2755,14:49:07,27.85,0.0,6,16707,买盘
2756,14:49:10,27.84,-0.01,2,5569,卖盘
2757,14:49:13,27.84,0.0,25,69620,卖盘
2758,14:49:16,27.85,0.01,12,33420,买盘
2759,14:49:19,27.84,-0.01,2,5568,卖盘
2760,14:49:22,27.85,0.01,9,25064,买盘
2761,14:49:27,27.84,-0.01,16,44555,卖盘
2762,14:49:36,27.87,0.03,13,36231,买盘
2763,14:49:43,27.86,-0.01,3,8358,中性盘
2764,14:49:49,27.87,0.01,5,13933,买盘
2765,14:49:55,27.87,0.0,50,139305,买盘
2766,14:49:57,27.87,0.0,3,8361,卖盘
2767,14:50:07,27.87,0.0,20,55740,买盘
2768,14:50:10,27.87,0.0,2,5575,卖盘
2769,14:50:25,27.88,0.01,1,2788,买盘
2770,14:50:28,27.87,-0.01,3,8361,卖盘
2771,14:50:30,27.9,0.03,13,36267,买盘
2772,14:50:34,27.89,-0.01,7,19523,卖盘
2773,14:50:37,27.89,0.0,3,8367,买盘
2774,14:50:40,27.89,0.0,19,52987,买盘
2775,14:50:42,27.88,-0.01,5,13942,中性盘
2776,14:50:45,27.89,0.01,9,25101,买盘
2777,14:50:49,27.89,0.0,2,5578,买盘
2778,14:50:51,27.89,0.0,4,11156,买盘
2779,14:50:54,27.89,0.0,3,8367,买盘
2780,14:50:58,27.88,-0.01,4,11152,卖盘
2781,14:51:01,27.9,0.02,11,30684,买盘
2782,14:51:04,27.88,-0.02,7,19516,卖盘
2783,14:51:07,27.89,0.01,8,22317,中性盘
2784,14:51:10,27.9,0.01,2,5580,买盘
2785,14:51:13,27.9,0.0,15,41848,买盘
2786,14:51:22,27.91,0.01,8,22323,买盘
2787,14:51:25,27.95,0.04,33,92227,买盘
2788,14:51:27,27.91,-0.04,4,11164,卖盘
2789,14:51:31,27.91,0.0,7,19537,卖盘
2790,14:51:33,27.96,0.05,83,231992,买盘
2791,14:51:37,27.94,-0.02,5,13970,买盘
2792,14:51:40,28.0,0.06,172,480992,买盘
2793,14:51:43,27.94,-0.06,4,11176,中性盘
2794,14:51:46,27.94,0.0,2,5588,卖盘
2795,14:51:49,28.0,0.06,41,114739,买盘
2796,14:51:55,28.0,0.0,4,11200,买盘
2797,14:51:58,27.96,-0.04,1,2796,卖盘
2798,14:52:00,27.99,0.03,19,53169,买盘
2799,14:52:04,28.0,0.01,9,25200,买盘
2800,14:52:06,28.0,0.0,38,106400,买盘
2801,14:52:09,28.01,0.01,3,8403,买盘
2802,14:52:13,28.0,-0.01,7,19605,卖盘
