,time,price,change,volume,amount,type
0,09:25:05,26.47,-0.27,2,5294,卖盘
1,09:30:07,26.75,0.28,39,104409,卖盘
2,09:30:10,26.75,0.0,9,24075,买盘
3,09:30:16,26.75,0.0,3,8024,买盘
4,09:30:19,26.75,0.0,3,8025,买盘
5,09:30:22,26.75,0.0,4,10699,买盘
6,09:30:28,26.77,0.02,1,2677,卖盘
7,09:30:31,26.75,-0.02,5,13375,卖盘
8,09:30:46,26.75,0.0,3,8025,卖盘
9,09:31:10,26.76,0.01,2,5352,卖盘
10,09:31:46,26.79,0.03,4,10718,卖盘
11,09:31:55,26.76,-0.03,6,16056,卖盘
12,09:31:58,26.76,0.0,11,29437,卖盘
13,09:32:04,26.76,0.0,45,120420,卖盘
14,09:32:10,26.75,-0.01,1,2675,卖盘
15,09:32:22,26.76,0.01,15,40127,买盘
16,09:32:46,26.74,-0.02,8,21388,买盘
17,09:33:13,26.73,-0.01,10,26728,买盘
18,09:33:28,26.73,0.0,14,37422,买盘
19,09:33:37,26.73,0.0,12,32074,买盘
20,09:33:40,26.76,0.03,3,8023,买盘
21,09:33:43,26.87,0.11,5,13429,买盘
22,09:33:49,26.73,-0.14,87,232653,卖盘
23,09:33:52,26.84,0.11,3,8052,中性盘
24,09:33:55,26.88,0.04,5,13440,买盘
25,09:33:58,26.9,0.02,12,32246,买盘
26,09:34:01,26.85,-0.05,20,53700,中性盘
27,09:34:04,26.85,0.0,3,8055,买盘
28,09:34:07,26.9,0.05,4,10759,买盘
29,09:34:10,26.85,-0.05,2,5370,卖盘
30,09:34:13,26.98,0.13,36,97022,买盘
31,09:34:28,27.0,0.02,25,67467,买盘
32,09:34:31,27.03,0.03,2,5406,卖盘
33,09:34:34,27.02,-0.01,13,35129,卖盘
34,09:34:37,27.02,0.0,2,5404,卖盘
35,09:34:46,26.98,-0.04,5,13489,买盘
36,09:34:58,26.99,0.01,11,29651,买盘
37,09:35:01,26.99,0.0,5,13495,卖盘
38,09:35:04,26.99,0.0,17,45883,卖盘
39,09:35:07,26.99,0.0,23,62077,卖盘
40,09:35:10,26.99,0.0,9,24292,卖盘
41,09:35:13,26.99,0.0,16,43184,买盘
42,09:35:16,26.97,-0.02,3,8093,卖盘
43,09:35:19,26.99,0.02,72,194257,买盘
44,09:35:25,26.99,0.0,12,32377,买盘
45,09:35:28,26.99,0.0,7,18895,卖盘
46,09:35:31,27.0,0.01,5,13500,买盘
47,09:35:34,26.99,-0.01,14,37786,卖盘
48,09:35:37,26.99,0.0,44,118828,卖盘
49,09:35:43,27.03,0.04,12,32405,买盘
50,09:35:46,27.0,-0.03,2,5400,卖盘
51,09:35:52,27.05,0.05,13,35123,买盘
52,09:35:58,27.03,-0.02,15,40546,卖盘
53,09:36:04,27.04,0.01,14,37848,中性盘
54,09:36:07,27.05,0.01,8,21640,买盘
55,09:36:10,27.05,0.0,34,91970,卖盘
56,09:36:13,27.05,0.0,1,2705,卖盘
57,09:36:16,27.05,0.0,28,75735,卖盘
58,09:36:19,27.05,0.0,21,56807,卖盘
59,09:36:22,27.05,0.0,11,29755,卖盘
60,09:36:25,27.05,0.0,8,21638,买盘
61,09:36:31,27.05,0.0,10,27048,买盘
62,09:36:46,27.0,-0.05,3,8101,卖盘
63,09:36:58,27.0,0.0,8,21600,买盘
64,09:37:01,26.87,-0.13,10,26878,卖盘
65,09:37:04,26.95,0.08,5,13475,中性盘
66,09:37:06,27.0,0.05,33,89091,买盘
67,09:37:10,27.0,0.0,7,18900,卖盘
68,09:37:13,26.99,-0.01,5,13495,买盘
69,09:37:25,26.98,-0.01,3,8094,买盘
70,09:37:28,26.96,-0.02,5,13480,卖盘
71,09:37:37,26.96,0.0,20,53920,卖盘
72,09:37:43,26.96,0.0,2,5392,卖盘
73,09:37:52,26.88,-0.08,5,13450,卖盘
74,09:38:04,26.98,0.1,6,16186,买盘
75,09:38:07,26.98,0.0,8,21584,卖盘
76,09:38:16,26.98,0.0,1,2698,卖盘
77,09:38:19,26.98,0.0,3,8094,卖盘
78,09:38:25,26.98,0.0,21,56658,卖盘
79,09:38:31,26.98,0.0,2,5396,卖盘
80,09:38:34,27.03,0.05,17,45948,买盘
81,09:38:43,27.01,-0.02,8,21608,买盘
82,09:38:49,27.01,0.0,2,5402,买盘
83,09:38:52,27.01,0.0,7,18907,卖盘
84,09:39:13,27.0,-0.01,2,5400,买盘
85,09:39:16,27.0,0.0,1,2700,买盘
86,09:39:37,27.0,0.0,16,43200,买盘
87,09:39:49,27.0,0.0,8,21600,卖盘
88,09:39:52,27.03,0.03,1,2703,买盘
89,09:39:58,27.04,0.01,4,10816,买盘
90,09:40:04,27.03,-0.01,1,2703,卖盘
91,09:40:13,27.08,0.05,69,186661,买盘
92,09:40:16,27.15,0.07,33,89471,买盘
93,09:40:19,27.11,-0.04,3,8133,卖盘
94,09:40:22,27.15,0.04,3,8145,买盘
95,09:40:25,27.18,0.03,83,225594,买盘
96,09:40:28,27.18,0.0,20,54351,买盘
97,09:40:31,27.18,0.0,33,89696,买盘
98,09:40:34,27.11,-0.07,10,27137,卖盘
99,09:40:37,27.19,0.08,2,5438,买盘
100,09:40:43,27.19,0.0,3,8157,买盘
101,09:40:49,27.19,0.0,2,5438,卖盘
102,09:40:52,27.19,0.0,28,76132,卖盘
103,09:40:55,27.2,0.01,17,46240,买盘
104,09:40:58,27.19,-0.01,39,106061,卖盘
105,09:41:04,27.18,-0.01,22,59796,卖盘
106,09:41:28,27.07,-0.11,6,16252,卖盘
107,09:41:43,27.1,0.03,1,2710,中性盘
108,09:41:46,27.1,0.0,5,13550,卖盘
109,09:41:52,27.12,0.02,12,32544,买盘
110,09:41:55,27.1,-0.02,7,18973,卖盘
111,09:41:58,27.1,0.0,1,2710,买盘
112,09:42:07,27.12,0.02,2,5424,卖盘
113,09:42:16,27.12,0.0,1,2712,买盘
114,09:42:19,27.09,-0.03,10,27090,卖盘
115,09:42:22,27.12,0.03,3,8136,买盘
116,09:42:25,27.12,0.0,2,6778,买盘
117,09:42:28,27.12,0.0,9,24408,买盘
118,09:42:31,27.12,0.0,3,8136,买盘
119,09:42:34,27.12,0.0,1,2712,买盘
120,09:42:37,27.12,0.0,5,13557,买盘
121,09:42:40,27.12,0.0,9,24408,买盘
122,09:42:52,27.13,0.01,2,5426,卖盘
123,09:42:58,27.13,0.0,2,5426,卖盘
124,09:43:07,27.13,0.0,3,8139,买盘
125,09:43:22,27.13,0.0,34,92210,买盘
126,09:43:28,27.13,0.0,5,13565,卖盘
127,09:43:37,27.13,0.0,29,77320,卖盘
128,09:43:40,27.14,0.01,3,8142,买盘
129,09:43:43,27.14,0.0,5,13570,卖盘
130,09:43:58,27.15,0.01,13,35283,买盘
131,09:44:01,27.14,-0.01,1,2714,卖盘
132,09:44:04,27.14,0.0,2,5428,买盘
133,09:44:16,27.13,-0.01,5,13565,卖盘
134,09:44:22,27.13,0.0,10,28486,卖盘
135,09:44:40,27.1,-0.03,1,2710,卖盘
136,09:44:46,27.1,0.0,3,8130,买盘
137,09:44:49,27.1,0.0,1,2710,买盘
138,09:44:55,27.09,-0.01,2,5418,卖盘
139,09:45:04,27.09,0.0,3,6772,卖盘
140,09:45:10,27.09,0.0,1,2709,买盘
141,09:45:19,27.09,0.0,14,37906,买盘
142,09:45:34,27.09,0.0,5,13545,买盘
143,09:45:37,27.15,0.06,46,124739,买盘
144,09:45:43,27.18,0.03,83,225468,买盘
145,09:45:58,27.16,-0.02,21,57057,卖盘
146,09:46:01,27.18,0.02,14,38046,买盘
147,09:46:04,27.18,0.0,1,2718,买盘
148,09:46:07,27.16,-0.02,5,13580,卖盘
149,09:46:10,27.18,0.02,17,46197,买盘
150,09:46:16,27.16,-0.02,5,13580,买盘
151,09:46:28,27.19,0.03,194,528628,买盘
152,09:46:31,27.18,-0.01,8,20390,卖盘
153,09:46:37,27.17,-0.01,10,28528,买盘
154,09:46:49,27.1,-0.07,10,27151,卖盘
155,09:46:55,27.1,0.0,25,67750,买盘
156,09:46:58,27.1,0.0,8,21680,买盘
157,09:47:01,27.1,0.0,2,5420,买盘
158,09:47:04,27.1,0.0,6,16260,买盘
159,09:47:07,27.1,0.0,1,2710,买盘
160,09:47:10,27.1,0.0,1,2710,买盘
161,09:47:13,27.1,0.0,11,29810,买盘
162,09:47:16,27.1,0.0,1,2710,买盘
163,09:47:19,27.1,0.0,10,27094,买盘
164,09:47:22,27.1,0.0,2,5420,卖盘
165,09:47:34,27.1,0.0,6,16260,卖盘
166,09:47:43,27.05,-0.05,60,162343,卖盘
167,09:48:16,27.08,0.03,4,10832,卖盘
168,09:48:19,27.08,0.0,6,16248,买盘
169,09:48:28,27.1,0.02,3,8126,买盘
170,09:48:37,27.1,0.0,4,10840,买盘
171,09:48:43,27.1,0.0,1,2710,卖盘
172,09:49:04,27.09,-0.01,2,5418,中性盘
173,09:49:07,27.09,0.0,7,18963,买盘
174,09:49:10,27.07,-0.02,20,54143,卖盘
175,09:49:19,27.08,0.01,7,18956,买盘
176,09:49:22,27.08,0.0,11,29788,买盘
177,09:49:25,27.09,0.01,15,40621,买盘
178,09:49:34,27.09,0.0,10,27090,买盘
179,09:49:37,27.08,-0.01,1,2708,卖盘
180,09:49:49,27.07,-0.01,12,32490,卖盘
181,09:49:58,27.08,0.01,1,2708,买盘
182,09:50:04,27.09,0.01,2,5418,买盘
183,09:50:19,27.09,0.0,5,13545,买盘
184,09:50:22,27.09,0.0,12,32508,买盘
185,09:50:25,27.09,0.0,3,8127,买盘
186,09:50:28,27.09,0.0,5,12190,买盘
187,09:50:37,27.1,0.01,29,78590,买盘
188,09:50:46,27.1,0.0,36,97560,买盘
189,09:50:49,27.1,0.0,17,46070,买盘
190,09:50:52,27.1,0.0,16,43360,买盘
191,09:50:55,27.11,0.01,32,86738,买盘
192,09:51:01,27.11,0.0,27,73197,买盘
193,09:51:04,27.1,-0.01,36,97575,卖盘
194,09:51:06,27.11,0.01,17,46087,买盘
195,09:51:10,27.11,0.0,23,62353,买盘
196,09:51:16,27.13,0.02,25,67825,买盘
197,09:51:19,27.14,0.01,3,8142,买盘
198,09:51:22,27.15,0.01,5,13574,买盘
199,09:51:25,27.17,0.02,2,5434,买盘
200,09:51:31,27.17,0.0,3,8151,买盘
201,09:51:34,27.18,0.01,28,76088,买盘
202,09:51:43,27.2,0.02,14,38070,买盘
203,09:51:46,27.2,0.0,3,8160,卖盘
204,09:51:52,27.2,0.0,52,141608,卖盘
205,09:51:58,27.26,0.06,17,46306,买盘
206,09:52:04,27.25,-0.01,24,65406,卖盘
207,09:52:07,27.25,0.0,27,73596,卖盘
208,09:52:10,27.26,0.01,20,54520,买盘
209,09:52:13,27.26,0.0,6,16356,买盘
210,09:52:16,27.28,0.02,12,32726,买盘
211,09:52:25,27.28,0.0,25,68200,买盘
212,09:52:28,27.28,0.0,4,10910,买盘
213,09:52:34,27.31,0.03,211,575951,买盘
214,09:52:40,27.33,0.02,1,2733,买盘
215,09:52:58,27.33,0.0,210,574953,买盘
216,09:53:01,27.35,0.02,2,5470,卖盘
217,09:53:04,27.35,0.0,4,10940,卖盘
218,09:53:07,27.39,0.04,6,16413,买盘
219,09:53:10,27.39,0.0,5,13695,买盘
220,09:53:13,27.43,0.04,65,178063,买盘
221,09:53:16,27.43,0.0,1,2743,卖盘
222,09:53:22,27.43,0.0,23,63089,卖盘
223,09:53:25,27.45,0.02,25,68625,买盘
224,09:53:28,27.43,-0.02,13,35677,卖盘
225,09:53:31,27.47,0.04,20,54915,买盘
226,09:53:37,27.47,0.0,22,60430,买盘
227,09:53:40,27.5,0.03,219,602167,买盘
228,09:53:43,27.47,-0.03,14,38458,卖盘
229,09:53:49,27.47,0.0,4,10992,卖盘
230,09:53:52,27.47,0.0,74,203425,卖盘
231,09:53:55,27.47,0.0,32,87994,卖盘
232,09:53:58,27.5,0.03,9,24750,买盘
233,09:54:01,27.49,-0.01,5,13745,卖盘
234,09:54:04,27.5,0.01,3,8250,买盘
235,09:54:07,27.49,-0.01,65,178738,卖盘
236,09:54:10,27.49,0.0,54,148464,卖盘
237,09:54:13,27.49,0.0,34,93426,买盘
238,09:54:16,27.49,0.0,10,27490,买盘
239,09:54:19,27.49,0.0,2,5498,买盘
240,09:54:22,27.47,-0.02,32,87908,卖盘
241,09:54:25,27.49,0.02,113,310429,买盘
242,09:54:31,27.45,-0.04,17,46665,卖盘
243,09:54:34,27.43,-0.02,57,156383,卖盘
244,09:54:40,27.43,0.0,13,35659,卖盘
245,09:54:43,27.45,0.02,1,2745,买盘
246,09:54:46,27.45,0.0,6,16470,卖盘
247,09:54:49,27.45,0.0,25,68625,卖盘
248,09:54:52,27.45,0.0,30,82401,卖盘
249,09:54:55,27.44,-0.01,62,170076,买盘
250,09:54:58,27.44,0.0,6,16464,买盘
251,09:55:01,27.43,-0.01,2,5486,卖盘
252,09:55:04,27.44,0.01,1,2744,买盘
253,09:55:07,27.43,-0.01,19,52117,卖盘
254,09:55:10,27.43,0.0,2,5487,卖盘
255,09:55:13,27.43,0.0,14,38403,卖盘
256,09:55:16,27.44,0.01,7,19208,买盘
257,09:55:28,27.43,-0.01,5,13715,卖盘
258,09:55:31,27.43,0.0,3,8229,卖盘
259,09:55:34,27.43,0.0,16,43888,卖盘
260,09:55:37,27.44,0.01,21,57617,买盘
261,09:55:43,27.43,-0.01,2,5486,买盘
262,09:55:49,27.43,0.0,1,2743,买盘
263,09:55:58,27.38,-0.05,2,5476,卖盘
264,09:56:04,27.43,0.05,6,16456,买盘
265,09:56:19,27.38,-0.05,2,5477,卖盘
266,09:56:25,27.43,0.05,8,21939,买盘
267,09:56:31,27.43,0.0,3,8229,买盘
268,09:56:34,27.43,0.0,2,5486,买盘
269,09:56:37,27.44,0.01,39,106981,买盘
270,09:56:46,27.45,0.01,63,172877,买盘
271,09:56:49,27.45,0.0,4,10980,卖盘
272,09:56:52,27.43,-0.02,20,54874,卖盘
273,09:57:01,27.46,0.03,1,2746,买盘
274,09:57:07,27.47,0.01,14,38458,买盘
275,09:57:10,27.52,0.05,81,222716,买盘
276,09:57:13,27.52,0.0,17,46784,买盘
277,09:57:16,27.53,0.01,2,5506,中性盘
278,09:57:19,27.55,0.02,16,44080,买盘
279,09:57:22,27.6,0.05,101,278570,买盘
280,09:57:25,27.6,0.0,49,135228,买盘
281,09:57:31,27.66,0.06,19,52542,买盘
282,09:57:40,27.6,-0.06,44,121512,卖盘
283,09:57:43,27.66,0.06,11,30430,中性盘
284,09:57:46,27.66,0.0,6,16596,卖盘
285,09:57:49,27.66,0.0,2,5532,卖盘
286,09:57:52,27.7,0.04,19,52626,买盘
287,09:57:55,27.7,0.0,1,2770,卖盘
288,09:57:58,27.66,-0.04,36,99636,卖盘
289,09:58:01,27.66,0.0,62,171533,卖盘
290,09:58:04,27.64,-0.02,45,124444,卖盘
291,09:58:07,27.7,0.06,45,124546,买盘
292,09:58:10,27.7,0.0,72,199360,买盘
293,09:58:13,27.62,-0.08,2,5524,卖盘
294,09:58:19,27.66,0.04,17,47065,卖盘
295,09:58:22,27.62,-0.04,35,96918,卖盘
296,09:58:28,27.62,0.0,4,11048,买盘
297,09:58:34,27.6,-0.02,8,22080,卖盘
298,09:58:37,27.62,0.02,11,30378,买盘
299,09:58:40,27.62,0.0,91,251342,卖盘
300,09:58:43,27.6,-0.02,115,318016,卖盘
301,09:58:46,27.62,0.02,7,19334,卖盘
302,09:58:49,27.62,0.0,7,19338,卖盘
303,09:58:52,27.6,-0.02,10,27600,买盘
304,09:58:55,27.6,0.0,9,24840,买盘
305,09:58:58,27.61,0.01,2,5522,买盘
306,09:59:01,27.6,-0.01,15,41400,卖盘
307,09:59:04,27.61,0.01,9,24841,买盘
308,09:59:07,27.61,0.0,3,8283,买盘
309,09:59:10,27.6,-0.01,15,41406,卖盘
310,09:59:13,27.62,0.02,15,41418,买盘
311,09:59:16,27.61,-0.01,2,5522,中性盘
312,09:59:19,27.6,-0.01,12,33120,卖盘
313,09:59:22,27.6,0.0,4,11040,买盘
314,09:59:31,27.59,-0.01,6,16555,卖盘
315,09:59:37,27.59,0.0,1,2759,卖盘
316,09:59:43,27.6,0.01,10,27600,买盘
317,09:59:46,27.59,-0.01,1,2759,卖盘
318,09:59:49,27.6,0.01,5,13800,买盘
319,09:59:58,27.57,-0.03,4,11034,卖盘
320,10:00:10,27.57,0.0,5,13785,卖盘
321,10:00:13,27.59,0.02,3,8277,买盘
322,10:00:19,27.58,-0.01,10,27580,买盘
323,10:00:22,27.57,-0.01,20,55140,卖盘
324,10:00:31,27.57,0.0,1,2757,卖盘
325,10:00:34,27.57,0.0,20,55142,卖盘
326,10:00:37,27.58,0.01,3,8274,中性盘
327,10:00:40,27.59,0.01,18,49653,买盘
328,10:00:43,27.57,-0.02,5,13785,卖盘
329,10:00:46,27.56,-0.01,3,8268,买盘
330,10:00:52,27.56,0.0,1,2756,买盘
331,10:00:55,27.57,0.01,1,2757,卖盘
332,10:01:07,27.56,-0.01,22,60633,卖盘
333,10:01:10,27.57,0.01,8,22051,买盘
334,10:01:13,27.57,0.0,9,24813,卖盘
335,10:01:16,27.57,0.0,9,24815,卖盘
336,10:01:19,27.57,0.0,10,27570,卖盘
337,10:01:22,27.56,-0.01,11,30317,卖盘
338,10:01:25,27.56,0.0,3,8269,卖盘
339,10:01:34,27.56,0.0,43,118471,买盘
340,10:01:37,27.57,0.01,19,52373,买盘
341,10:01:43,27.56,-0.01,3,8270,卖盘
342,10:01:46,27.55,-0.01,4,11020,中性盘
343,10:01:55,27.51,-0.04,2,5502,买盘
344,10:02:01,27.51,0.0,1,2751,买盘
345,10:02:22,27.52,0.01,3,8256,卖盘
346,10:02:25,27.52,0.0,16,44032,卖盘
347,10:02:31,27.51,-0.01,2,5502,卖盘
348,10:02:40,27.52,0.01,5,13760,买盘
349,10:02:43,27.52,0.0,11,30272,买盘
350,10:02:46,27.52,0.0,40,110063,卖盘
351,10:03:01,27.55,0.03,22,60610,买盘
352,10:03:10,27.56,0.01,24,66091,买盘
353,10:03:16,27.56,0.0,12,33067,买盘
354,10:03:19,27.56,0.0,1,2756,卖盘
355,10:03:25,27.56,0.0,21,57876,卖盘
356,10:03:40,27.56,0.0,5,13780,卖盘
357,10:03:43,27.58,0.02,34,93772,买盘
358,10:03:49,27.56,-0.02,3,8269,卖盘
359,10:03:55,27.56,0.0,10,27560,卖盘
360,10:03:58,27.58,0.02,6,16548,买盘
361,10:04:04,27.56,-0.02,7,19292,中性盘
362,10:04:07,27.56,0.0,1,2756,买盘
363,10:04:10,27.58,0.02,4,11028,买盘
364,10:04:13,27.52,-0.06,8,22016,卖盘
365,10:04:22,27.56,0.04,5,13780,买盘
366,10:04:28,27.53,-0.03,10,27530,卖盘
367,10:04:37,27.53,0.0,3,8259,买盘
368,10:04:40,27.51,-0.02,8,22014,卖盘
369,10:04:58,27.51,0.0,4,11004,卖盘
370,10:05:00,27.53,0.02,16,44047,买盘
371,10:05:04,27.51,-0.02,5,13755,卖盘
372,10:05:07,27.5,-0.01,59,162251,卖盘
373,10:05:10,27.5,0.0,11,30250,买盘
374,10:05:16,27.5,0.0,3,8250,买盘
375,10:05:22,27.5,0.0,21,57750,买盘
376,10:05:28,27.5,0.0,65,178750,卖盘
377,10:05:40,27.48,-0.02,5,13740,卖盘
378,10:05:43,27.48,0.0,7,19236,卖盘
379,10:05:46,27.5,0.02,9,24750,买盘
380,10:05:52,27.51,0.01,11,30260,买盘
381,10:05:55,27.48,-0.03,12,32998,卖盘
382,10:05:58,27.51,0.03,2,5502,买盘
383,10:06:04,27.52,0.01,11,30271,买盘
384,10:06:10,27.53,0.01,57,156921,买盘
385,10:06:13,27.53,0.0,16,44048,买盘
386,10:06:16,27.53,0.0,90,247609,买盘
387,10:06:22,27.5,-0.03,40,110009,卖盘
388,10:06:28,27.53,0.03,15,41295,买盘
389,10:06:34,27.53,0.0,94,258782,买盘
390,10:06:40,27.54,0.01,3,8262,中性盘
391,10:06:43,27.53,-0.01,18,49576,卖盘
392,10:06:58,27.56,0.03,5,13780,买盘
393,10:07:13,27.56,0.0,6,16536,卖盘
394,10:07:19,27.56,0.0,2,5514,卖盘
395,10:07:22,27.56,0.0,4,11024,卖盘
396,10:07:25,27.56,0.0,37,101972,买盘
397,10:07:31,27.58,0.02,7,19306,买盘
398,10:07:46,27.56,-0.02,1,2756,卖盘
399,10:07:49,27.58,0.02,4,11032,买盘
400,10:08:04,27.58,0.0,4,11032,买盘
401,10:08:07,27.6,0.02,105,289758,买盘
402,10:08:10,27.58,-0.02,3,8274,卖盘
403,10:08:16,27.58,0.0,13,35854,卖盘
404,10:08:19,27.58,0.0,7,19314,卖盘
405,10:08:22,27.61,0.03,5,13802,买盘
406,10:08:28,27.6,-0.01,3,8280,卖盘
407,10:08:31,27.6,0.0,5,13800,买盘
408,10:08:34,27.61,0.01,10,27602,买盘
409,10:08:37,27.6,-0.01,1,2760,卖盘
410,10:08:43,27.61,0.01,11,30361,买盘
411,10:08:49,27.61,0.0,16,44165,买盘
412,10:08:52,27.6,-0.01,5,13801,卖盘
413,10:08:58,27.61,0.01,7,19327,买盘
414,10:09:01,27.61,0.0,3,8283,卖盘
415,10:09:07,27.58,-0.03,74,204253,卖盘
416,10:09:25,27.56,-0.02,19,52364,卖盘
417,10:09:40,27.55,-0.01,2,5510,卖盘
418,10:09:43,27.55,0.0,11,30297,买盘
419,10:09:52,27.56,0.01,14,38584,买盘
420,10:09:58,27.55,-0.01,6,16530,卖盘
421,10:10:04,27.56,0.01,10,27560,买盘
422,10:10:10,27.55,-0.01,6,16533,卖盘
423,10:10:13,27.56,0.01,6,16533,买盘
424,10:10:16,27.56,0.0,3,8268,买盘
425,10:10:19,27.55,-0.01,1,2755,买盘
426,10:10:22,27.56,0.01,10,27551,买盘
427,10:10:28,27.56,0.0,3,8268,买盘
428,10:10:31,27.57,0.01,2,5514,买盘
429,10:10:34,27.54,-0.03,34,93660,卖盘
430,10:10:37,27.54,0.0,4,11016,买盘
431,10:10:40,27.54,0.0,2,5508,买盘
432,10:10:43,27.56,0.02,3,8268,卖盘
433,10:10:52,27.58,0.02,39,107554,买盘
434,10:10:58,27.58,0.0,51,140658,买盘
435,10:11:04,27.58,0.0,3,8274,买盘
436,10:11:06,27.58,0.0,6,16548,买盘
437,10:11:10,27.58,0.0,2,5516,买盘
438,10:11:13,27.58,0.0,1,2758,买盘
439,10:11:16,27.57,-0.01,4,11028,卖盘
440,10:11:19,27.58,0.01,39,107562,买盘
441,10:11:31,27.61,0.03,1,2761,买盘
442,10:11:37,27.61,0.0,32,88350,买盘
443,10:11:40,27.61,0.0,6,16566,买盘
444,10:11:46,27.61,0.0,13,35892,买盘
445,10:11:52,27.61,0.0,10,27610,卖盘
446,10:11:55,27.61,0.0,17,48318,卖盘
447,10:11:58,27.63,0.02,6,16578,买盘
448,10:12:07,27.65,0.02,57,157605,买盘
449,10:12:10,27.65,0.0,27,74655,卖盘
450,10:12:22,27.66,0.01,1,2766,买盘
451,10:12:25,27.66,0.0,8,22128,买盘
452,10:12:31,27.66,0.0,10,27657,买盘
453,10:12:34,27.67,0.01,8,22136,买盘
454,10:12:37,27.66,-0.01,8,22128,卖盘
455,10:12:43,27.68,0.02,34,94110,买盘
456,10:12:46,27.7,0.02,35,96918,买盘
457,10:12:49,27.68,-0.02,14,38752,卖盘
458,10:12:52,27.7,0.02,56,155120,买盘
459,10:12:58,27.7,0.0,11,30467,买盘
460,10:13:01,27.7,0.0,4,11080,卖盘
461,10:13:04,27.7,0.0,13,36020,卖盘
462,10:13:07,27.7,0.0,24,66478,卖盘
463,10:13:16,27.69,-0.01,1,2769,卖盘
464,10:13:19,27.68,-0.01,6,16611,卖盘
465,10:13:22,27.68,0.0,17,47056,卖盘
466,10:13:24,27.68,0.0,10,27680,卖盘
467,10:13:28,27.68,0.0,30,83050,卖盘
468,10:13:31,27.67,-0.01,1,2767,卖盘
469,10:13:34,27.65,-0.02,89,246155,卖盘
470,10:13:37,27.65,0.0,8,22120,买盘
471,10:13:40,27.68,0.03,201,555927,买盘
472,10:13:49,27.65,-0.03,6,16590,卖盘
473,10:13:55,27.65,0.0,8,22120,卖盘
474,10:13:58,27.68,0.03,50,138330,买盘
475,10:14:07,27.68,0.0,2,5536,买盘
476,10:14:10,27.68,0.0,16,44282,买盘
477,10:14:13,27.63,-0.05,5,13815,卖盘
478,10:14:19,27.68,0.05,1,2768,买盘
479,10:14:46,27.66,-0.02,5,13830,买盘
480,10:14:52,27.67,0.01,20,55340,买盘
481,10:14:55,27.64,-0.03,8,22123,卖盘
482,10:15:04,27.67,0.03,4,11067,买盘
483,10:15:07,27.64,-0.03,2,5528,卖盘
484,10:15:16,27.64,0.0,4,11059,卖盘
485,10:15:19,27.65,0.01,4,11060,买盘
486,10:15:40,27.66,0.01,5,13830,买盘
487,10:15:43,27.68,0.02,66,182680,买盘
488,10:15:49,27.69,0.01,2,5538,买盘
489,10:15:55,27.69,0.0,7,19383,买盘
490,10:15:58,27.69,0.0,12,33223,买盘
491,10:16:01,27.69,0.0,4,11076,买盘
492,10:16:04,27.7,0.01,25,69250,买盘
493,10:16:07,27.69,-0.01,6,16614,卖盘
494,10:16:10,27.71,0.02,52,144052,买盘
495,10:16:13,27.71,0.0,2,5542,买盘
496,10:16:16,27.69,-0.02,5,13848,卖盘
497,10:16:25,27.7,0.01,10,27700,卖盘
498,10:16:28,27.7,0.0,3,8310,卖盘
499,10:16:31,27.72,0.02,10,27716,买盘
500,10:16:46,27.7,-0.02,10,27701,卖盘
501,10:16:52,27.72,0.02,45,124728,买盘
502,10:16:55,27.72,0.0,16,44352,买盘
503,10:16:58,27.7,-0.02,5,13850,卖盘
504,10:17:01,27.72,0.02,6,16632,买盘
505,10:17:07,27.7,-0.02,46,127482,卖盘
506,10:17:10,27.7,0.0,5,13850,买盘
507,10:17:19,27.7,0.0,9,24930,买盘
508,10:17:22,27.71,0.01,7,19397,卖盘
509,10:17:25,27.69,-0.02,6,16622,卖盘
510,10:17:28,27.69,0.0,27,74763,卖盘
511,10:17:42,27.67,-0.02,2,5534,卖盘
512,10:17:55,27.67,0.0,1,2767,卖盘
513,10:17:58,27.67,0.0,4,11068,卖盘
514,10:18:00,27.66,-0.01,26,71916,卖盘
515,10:18:07,27.66,0.0,1,2766,卖盘
516,10:18:09,27.66,0.0,8,22128,卖盘
517,10:18:13,27.66,0.0,10,27660,卖盘
518,10:18:16,27.66,0.0,3,8298,卖盘
519,10:18:25,27.65,-0.01,1,2765,卖盘
520,10:18:31,27.67,0.02,38,105115,买盘
521,10:18:33,27.67,0.0,6,16602,卖盘
522,10:18:36,27.67,0.0,5,13835,卖盘
523,10:18:43,27.64,-0.03,4,11062,卖盘
524,10:18:51,27.64,0.0,20,55280,买盘
525,10:18:55,27.64,0.0,5,13820,买盘
526,10:18:58,27.63,-0.01,9,24867,卖盘
527,10:19:13,27.62,-0.01,16,44205,卖盘
528,10:19:15,27.6,-0.02,6,16560,卖盘
529,10:19:18,27.63,0.03,6,16574,买盘
530,10:19:25,27.62,-0.01,1,2762,买盘
531,10:19:31,27.63,0.01,10,27630,买盘
532,10:19:34,27.62,-0.01,5,13810,买盘
533,10:19:40,27.63,0.01,13,35919,买盘
534,10:19:46,27.62,-0.01,4,11049,卖盘
535,10:19:49,27.62,0.0,6,16572,卖盘
536,10:19:54,27.63,0.01,2,5526,买盘
537,10:19:58,27.62,-0.01,4,11048,卖盘
538,10:20:04,27.63,0.01,3,8289,买盘
539,10:20:07,27.62,-0.01,6,16572,卖盘
540,10:20:13,27.62,0.0,5,13810,买盘
541,10:20:22,27.62,0.0,1,2762,买盘
542,10:20:25,27.63,0.01,7,19336,买盘
543,10:20:28,27.63,0.0,4,11052,卖盘
544,10:20:34,27.63,0.0,5,13815,卖盘
545,10:20:40,27.64,0.01,1,2764,买盘
546,10:20:46,27.63,-0.01,4,11052,卖盘
547,10:20:58,27.64,0.01,64,176862,买盘
548,10:21:22,27.65,0.01,21,58065,买盘
549,10:21:30,27.65,0.0,20,55303,卖盘
550,10:21:34,27.65,0.0,1,2765,卖盘
551,10:21:37,27.65,0.0,4,11060,卖盘
552,10:21:40,27.67,0.02,10,27670,买盘
553,10:21:48,27.67,0.0,8,22130,买盘
554,10:21:55,27.65,-0.02,10,27650,卖盘
555,10:21:58,27.67,0.02,10,27670,买盘
556,10:22:04,27.67,0.0,1,2767,买盘
557,10:22:07,27.67,0.0,1,2767,买盘
558,10:22:09,27.67,0.0,3,8301,买盘
559,10:22:25,27.65,-0.02,30,82950,卖盘
560,10:22:37,27.65,0.0,17,47015,卖盘
561,10:22:39,27.65,0.0,1,2765,卖盘
562,10:22:58,27.65,0.0,13,35945,买盘
563,10:23:01,27.64,-0.01,9,24883,卖盘
564,10:23:04,27.67,0.03,56,154932,买盘
565,10:23:07,27.64,-0.03,1,2764,中性盘
566,10:23:19,27.64,0.0,4,11056,买盘
567,10:23:22,27.64,0.0,8,22112,卖盘
568,10:23:28,27.64,0.0,5,13820,中性盘
569,10:23:37,27.6,-0.04,42,115940,卖盘
570,10:24:01,27.6,0.0,2,5520,卖盘
571,10:24:04,27.6,0.0,11,30363,卖盘
572,10:24:10,27.6,0.0,22,60720,卖盘
573,10:24:16,27.6,0.0,23,63494,卖盘
574,10:24:22,27.6,0.0,34,93986,卖盘
575,10:24:31,27.6,0.0,23,63512,卖盘
576,10:24:46,27.6,0.0,80,221323,卖盘
577,10:24:49,27.6,0.0,3,8280,卖盘
578,10:25:04,27.6,0.0,11,30360,卖盘
579,10:25:07,27.64,0.04,1,2764,买盘
580,10:25:25,27.64,0.0,5,13820,买盘
581,10:25:28,27.6,-0.04,3,8280,卖盘
582,10:25:31,27.64,0.04,3,8292,买盘
583,10:25:49,27.67,0.03,11,30436,买盘
584,10:26:04,27.67,0.0,18,49806,买盘
585,10:26:07,27.67,0.0,1,2767,中性盘
586,10:26:12,27.68,0.01,3,8304,买盘
587,10:26:19,27.67,-0.01,1,2767,卖盘
588,10:26:22,27.68,0.01,25,69200,买盘
589,10:26:25,27.68,0.0,3,8304,卖盘
590,10:26:28,27.69,0.01,17,47073,买盘
591,10:26:31,27.7,0.01,121,335155,买盘
592,10:26:36,27.73,0.03,109,302141,买盘
593,10:26:46,27.74,0.01,30,83220,买盘
594,10:26:49,27.73,-0.01,51,141589,卖盘
595,10:26:57,27.79,0.06,4,11116,买盘
596,10:27:01,27.76,-0.03,9,24984,卖盘
597,10:27:04,27.8,0.04,169,469791,买盘
598,10:27:07,27.85,0.05,62,172334,买盘
599,10:27:10,27.79,-0.06,11,30587,卖盘
600,10:27:13,27.85,0.06,3,8355,买盘
601,10:27:18,27.85,0.0,5,13925,买盘
602,10:27:22,27.85,0.0,22,61270,买盘
603,10:27:25,27.85,0.0,1,2785,买盘
604,10:27:28,27.87,0.02,67,186627,买盘
605,10:27:31,27.85,-0.02,26,72410,卖盘
606,10:27:37,27.87,0.02,14,38998,买盘
607,10:27:40,27.86,-0.01,4,11144,卖盘
608,10:27:42,27.84,-0.02,22,61269,卖盘
609,10:27:45,27.86,0.02,50,139115,买盘
610,10:27:49,27.86,0.0,22,61292,买盘
611,10:27:52,27.87,0.01,24,66888,买盘
612,10:27:55,27.84,-0.03,40,111394,卖盘
613,10:27:58,27.87,0.03,41,114268,买盘
614,10:28:01,27.87,0.0,22,61304,买盘
615,10:28:04,27.86,-0.01,6,16716,买盘
616,10:28:07,27.88,0.02,59,164393,买盘
617,10:28:10,27.84,-0.04,12,33429,卖盘
618,10:28:12,27.86,0.02,12,33432,买盘
619,10:28:16,27.85,-0.01,4,11140,中性盘
620,10:28:19,27.86,0.01,2,5572,买盘
621,10:28:22,27.85,-0.01,21,58510,卖盘
622,10:28:27,27.85,0.0,5,13925,买盘
623,10:28:31,27.86,0.01,7,19501,买盘
624,10:28:33,27.8,-0.06,110,305894,卖盘
625,10:28:46,27.8,0.0,17,47260,卖盘
626,10:28:48,27.83,0.03,1,2783,买盘
627,10:28:55,27.8,-0.03,60,166800,卖盘
628,10:28:58,27.8,0.0,14,38920,卖盘
629,10:29:01,27.79,-0.01,7,19459,卖盘
630,10:29:06,27.82,0.03,23,63946,买盘
631,10:29:12,27.8,-0.02,1,2780,卖盘
632,10:29:21,27.8,0.0,33,91784,卖盘
633,10:29:46,27.8,0.0,12,33360,卖盘
634,10:29:49,27.8,0.0,9,25020,买盘
635,10:29:55,27.81,0.01,7,19467,卖盘
636,10:30:07,27.81,0.0,11,30591,卖盘
637,10:30:10,27.81,0.0,1,2781,卖盘
638,10:30:19,27.81,0.0,12,33372,卖盘
639,10:30:22,27.82,0.01,3,8344,买盘
640,10:30:25,27.81,-0.01,7,19467,卖盘
641,10:30:31,27.81,0.0,12,33364,买盘
642,10:30:42,27.81,0.0,18,50044,买盘
643,10:30:49,27.81,0.0,2,5562,买盘
644,10:30:55,27.77,-0.04,13,36104,卖盘
645,10:30:58,27.81,0.04,11,30563,买盘
646,10:31:06,27.81,0.0,1,2781,买盘
647,10:31:10,27.81,0.0,2,5562,买盘
648,10:31:25,27.77,-0.04,4,11108,卖盘
649,10:31:27,27.77,0.0,11,30547,买盘
650,10:31:34,27.79,0.02,10,27780,买盘
651,10:31:37,27.79,0.0,9,25011,卖盘
652,10:31:40,27.8,0.01,10,27800,买盘
653,10:31:43,27.79,-0.01,5,13895,卖盘
654,10:31:46,27.79,0.0,7,19453,卖盘
655,10:31:49,27.79,0.0,1,2779,买盘
656,10:31:52,27.8,0.01,31,86171,买盘
657,10:32:01,27.78,-0.02,5,13890,卖盘
658,10:32:10,27.78,0.0,4,11112,卖盘
659,10:32:13,27.78,0.0,2,5556,卖盘
660,10:32:16,27.79,0.01,86,238983,买盘
661,10:32:30,27.8,0.01,4,11118,买盘
662,10:32:37,27.79,-0.01,4,11116,卖盘
663,10:32:40,27.79,0.0,15,41685,卖盘
664,10:32:43,27.79,0.0,14,38916,卖盘
665,10:32:46,27.79,0.0,1,2779,买盘
666,10:33:01,27.79,0.0,4,11115,买盘
667,10:33:04,27.77,-0.02,4,11108,卖盘
668,10:33:07,27.77,0.0,1,2777,买盘
669,10:33:15,27.77,0.0,5,13885,买盘
670,10:33:25,27.72,-0.05,2,5544,卖盘
671,10:33:40,27.71,-0.01,20,55441,卖盘
672,10:34:01,27.7,-0.01,6,16620,卖盘
673,10:34:04,27.7,0.0,15,41550,卖盘
674,10:34:13,27.7,0.0,10,27700,卖盘
675,10:34:22,27.7,0.0,38,105290,卖盘
676,10:34:24,27.7,0.0,2,5540,卖盘
677,10:34:28,27.7,0.0,1,2770,卖盘
678,10:34:31,27.71,0.01,18,49878,买盘
679,10:34:37,27.7,-0.01,7,19390,买盘
680,10:34:43,27.71,0.01,11,30481,卖盘
681,10:34:46,27.65,-0.06,30,83093,卖盘
682,10:34:48,27.65,0.0,5,13825,买盘
683,10:35:13,27.6,-0.05,49,135302,卖盘
684,10:35:19,27.7,0.1,20,55210,买盘
685,10:35:31,27.7,0.0,72,199440,买盘
686,10:35:40,27.7,0.0,11,30470,买盘
687,10:35:52,27.7,0.0,5,13850,卖盘
688,10:35:58,27.63,-0.07,4,11052,卖盘
689,10:36:25,27.63,0.0,2,5526,卖盘
690,10:36:37,27.63,0.0,11,30393,卖盘
691,10:36:49,27.62,-0.01,1,2762,卖盘
692,10:36:55,27.62,0.0,1,2762,卖盘
693,10:37:01,27.63,0.01,1,2763,买盘
694,10:37:04,27.62,-0.01,1,2762,卖盘
695,10:37:06,27.63,0.01,1,2763,买盘
696,10:37:16,27.69,0.06,2,5532,买盘
697,10:37:43,27.64,-0.05,5,13820,卖盘
698,10:37:49,27.64,0.0,10,27640,卖盘
699,10:37:55,27.66,0.02,5,13830,买盘
700,10:38:06,27.66,0.0,1,2766,买盘
701,10:38:10,27.66,0.0,1,2766,买盘
702,10:38:16,27.66,0.0,1,2766,买盘
703,10:38:19,27.66,0.0,3,8298,卖盘
704,10:38:22,27.69,0.03,50,138445,买盘
705,10:38:31,27.69,0.0,5,13845,买盘
706,10:38:36,27.68,-0.01,42,116253,卖盘
707,10:38:39,27.7,0.02,42,116340,买盘
708,10:38:42,27.7,0.0,1,2770,卖盘
709,10:38:46,27.7,0.0,7,19390,卖盘
710,10:38:49,27.7,0.0,20,55400,卖盘
711,10:38:52,27.71,0.01,17,47107,买盘
712,10:38:55,27.7,-0.01,3,8310,卖盘
713,10:38:58,27.7,0.0,2,5540,卖盘
714,10:39:01,27.7,0.0,3,8310,卖盘
715,10:39:04,27.71,0.01,4,11084,买盘
716,10:39:09,27.71,0.0,11,30481,买盘
717,10:39:22,27.71,0.0,9,24939,卖盘
718,10:39:25,27.71,0.0,5,13855,买盘
719,10:39:34,27.7,-0.01,6,16620,卖盘
720,10:39:40,27.7,0.0,11,30470,卖盘
721,10:39:45,27.69,-0.01,5,13845,卖盘
722,10:39:48,27.69,0.0,1,2769,买盘
723,10:39:51,27.66,-0.03,31,85758,卖盘
724,10:40:07,27.66,0.0,1,2766,卖盘
725,10:40:13,27.69,0.03,6,16611,买盘
726,10:40:16,27.63,-0.06,8,22134,卖盘
727,10:40:22,27.63,0.0,42,116046,买盘
728,10:40:34,27.6,-0.03,100,276038,卖盘
729,10:40:43,27.63,0.03,5,13815,买盘
730,10:40:46,27.63,0.0,26,71838,买盘
731,10:40:49,27.74,0.11,31,85954,买盘
732,10:40:55,27.63,-0.11,4,11055,卖盘
733,10:40:58,27.63,0.0,10,27630,卖盘
734,10:41:04,27.63,0.0,5,13816,卖盘
735,10:41:22,27.63,0.0,1,2763,卖盘
736,10:41:34,27.64,0.01,1,2764,中性盘
737,10:42:21,27.66,0.02,5,13830,卖盘
738,10:42:24,27.65,-0.01,4,11060,卖盘
739,10:42:28,27.66,0.01,6,16596,买盘
740,10:42:30,27.65,-0.01,2,5530,卖盘
741,10:42:34,27.62,-0.03,51,140920,卖盘
742,10:42:36,27.62,0.0,8,22096,买盘
743,10:42:42,27.62,0.0,4,11048,买盘
744,10:42:46,27.69,0.07,12,33171,买盘
745,10:42:49,27.62,-0.07,4,11049,卖盘
746,10:42:55,27.61,-0.01,3,8283,卖盘
747,10:43:01,27.62,0.01,10,27620,卖盘
748,10:43:06,27.69,0.07,1,2769,买盘
749,10:43:10,27.62,-0.07,1,2762,卖盘
750,10:43:25,27.68,0.06,3,8304,买盘
751,10:43:43,27.68,0.0,70,193753,买盘
752,10:43:49,27.63,-0.05,3,6908,卖盘
753,10:44:01,27.63,0.0,10,27634,卖盘
754,10:44:04,27.64,0.01,4,11056,卖盘
755,10:44:18,27.64,0.0,9,24884,卖盘
756,10:44:28,27.63,-0.01,64,178218,卖盘
757,10:44:40,27.62,-0.01,5,13810,卖盘
758,10:44:42,27.63,0.01,2,5526,买盘
759,10:44:46,27.62,-0.01,2,5524,卖盘
760,10:44:55,27.62,0.0,3,8286,卖盘
761,10:45:01,27.62,0.0,51,140862,买盘
762,10:45:07,27.62,0.0,11,30370,买盘
763,10:45:10,27.62,0.0,8,22096,买盘
764,10:45:16,27.64,0.02,34,93964,买盘
765,10:45:28,27.64,0.0,7,19348,卖盘
766,10:45:33,27.69,0.05,2,5538,买盘
767,10:45:46,27.64,-0.05,3,8292,卖盘
768,10:46:04,27.68,0.04,5,13840,买盘
769,10:46:12,27.68,0.0,2,5536,买盘
770,10:46:18,27.66,-0.02,1,2766,卖盘
771,10:46:24,27.68,0.02,3,8304,买盘
772,10:46:27,27.68,0.0,5,13840,买盘
773,10:46:31,27.66,-0.02,17,47025,卖盘
774,10:46:34,27.66,0.0,1,2766,买盘
775,10:46:40,27.66,0.0,1,2766,买盘
776,10:46:43,27.65,-0.01,2,5531,卖盘
777,10:46:46,27.66,0.01,4,11064,买盘
778,10:46:52,27.66,0.0,6,16596,买盘
779,10:46:58,27.66,0.0,2,5532,买盘
780,10:47:04,27.66,0.0,53,146598,买盘
781,10:47:10,27.66,0.0,5,13830,卖盘
782,10:47:13,27.7,0.04,1,2770,买盘
783,10:47:16,27.7,0.0,1,2770,买盘
784,10:47:19,27.7,0.0,1,2770,买盘
785,10:47:22,27.7,0.0,1,2770,买盘
786,10:47:25,27.7,0.0,1,2770,买盘
787,10:47:27,27.7,0.0,2,5540,买盘
788,10:47:30,27.7,0.0,1,2770,买盘
789,10:47:34,27.68,-0.02,5,13840,卖盘
790,10:47:37,27.7,0.02,3,8310,买盘
791,10:47:43,27.7,0.0,125,346150,买盘
792,10:47:49,27.7,0.0,2,5540,卖盘
793,10:48:00,27.7,0.0,11,30476,卖盘
794,10:48:34,27.72,0.02,4,11088,买盘
795,10:48:40,27.71,-0.01,5,13855,卖盘
796,10:48:52,27.7,-0.01,3,8310,卖盘
797,10:48:55,27.73,0.03,6,16628,买盘
798,10:48:58,27.71,-0.02,2,5542,卖盘
799,10:49:01,27.71,0.0,5,13855,卖盘
800,10:49:09,27.71,0.0,4,11084,卖盘
801,10:49:16,27.71,0.0,4,11084,卖盘
802,10:49:28,27.71,0.0,23,63733,买盘
803,10:49:31,27.66,-0.05,50,138458,卖盘
804,10:49:34,27.73,0.07,1,2773,买盘
805,10:49:39,27.71,-0.02,1,2771,卖盘
806,10:49:48,27.73,0.02,10,27730,买盘
807,10:49:55,27.71,-0.02,3,8313,卖盘
808,10:49:58,27.73,0.02,12,33262,买盘
809,10:50:04,27.73,0.0,3,8319,卖盘
810,10:50:13,27.73,0.0,15,41595,卖盘
811,10:50:21,27.73,0.0,1,2773,卖盘
812,10:50:31,27.74,0.01,10,27736,买盘
813,10:50:48,27.73,-0.01,6,16638,买盘
814,10:51:01,27.74,0.01,37,102612,买盘
815,10:51:04,27.73,-0.01,27,74871,买盘
816,10:51:07,27.73,0.0,6,16639,卖盘
817,10:51:09,27.74,0.01,2,5548,买盘
818,10:51:19,27.73,-0.01,10,27738,卖盘
819,10:51:24,27.73,0.0,25,69326,卖盘
820,10:51:40,27.73,0.0,4,11092,卖盘
821,10:51:55,27.7,-0.03,5,13850,卖盘
822,10:52:07,27.7,0.0,4,11080,买盘
823,10:52:13,27.7,0.0,1,2770,买盘
824,10:52:16,27.69,-0.01,19,52601,买盘
825,10:52:36,27.7,0.01,9,24930,买盘
826,10:52:49,27.69,-0.01,2,5538,卖盘
827,10:53:04,27.68,-0.01,10,27680,卖盘
828,10:53:06,27.68,0.0,13,35984,买盘
829,10:53:19,27.68,0.0,2,5536,卖盘
830,10:53:22,27.69,0.01,13,35997,买盘
831,10:53:27,27.69,0.0,1,2769,卖盘
832,10:53:40,27.69,0.0,9,24921,卖盘
833,10:53:46,27.7,0.01,1,2770,买盘
834,10:53:52,27.7,0.0,22,60940,买盘
835,10:53:57,27.71,0.01,13,36039,卖盘
836,10:54:01,27.7,-0.01,10,27703,卖盘
837,10:54:40,27.72,0.02,1,2772,卖盘
838,10:55:01,27.73,0.01,1,2773,买盘
839,10:55:07,27.73,0.0,2,5546,买盘
840,10:55:10,27.73,0.0,5,13865,买盘
841,10:55:13,27.72,-0.01,2,5544,卖盘
842,10:55:15,27.75,0.03,56,155341,买盘
843,10:55:28,27.76,0.01,2,5552,买盘
844,10:55:31,27.76,0.0,8,22208,买盘
845,10:55:42,27.8,0.04,115,319539,买盘
846,10:55:55,27.8,0.0,11,30570,买盘
847,10:56:01,27.79,-0.01,6,16675,卖盘
848,10:56:04,27.8,0.01,44,122319,买盘
849,10:56:07,27.8,0.0,91,252980,买盘
850,10:56:12,27.8,0.0,15,41700,买盘
851,10:56:19,27.8,0.0,10,27800,买盘
852,10:56:21,27.8,0.0,4,11120,买盘
853,10:56:24,27.81,0.01,62,172363,买盘
854,10:56:27,27.81,0.0,29,80649,买盘
855,10:56:30,27.8,-0.01,61,169581,卖盘
856,10:56:33,27.83,0.03,17,47295,买盘
857,10:56:40,27.83,0.0,26,72352,买盘
858,10:56:46,27.81,-0.02,3,8343,卖盘
859,10:56:49,27.83,0.02,20,55639,买盘
860,10:57:04,27.82,-0.01,4,11128,买盘
861,10:57:07,27.8,-0.02,11,30587,卖盘
862,10:57:13,27.82,0.02,3,8346,买盘
863,10:57:19,27.82,0.0,2,5564,卖盘
864,10:57:22,27.82,0.0,2,5564,买盘
865,10:57:37,27.8,-0.02,10,27800,卖盘
866,10:57:43,27.81,0.01,10,27810,买盘
867,10:57:49,27.8,-0.01,22,61160,卖盘
868,10:57:52,27.8,0.0,1,2780,卖盘
869,10:57:54,27.81,0.01,10,27801,买盘
870,10:58:06,27.8,-0.01,2,5560,买盘
871,10:58:10,27.79,-0.01,2,5558,卖盘
872,10:58:45,27.77,-0.02,12,33324,卖盘
873,10:59:01,27.77,0.0,2,5554,买盘
874,10:59:07,27.77,0.0,2,5554,买盘
875,10:59:13,27.77,0.0,1,2777,买盘
876,10:59:19,27.76,-0.01,1,2776,卖盘
877,10:59:36,27.79,0.03,40,111118,买盘
878,10:59:40,27.76,-0.03,5,13880,卖盘
879,10:59:46,27.76,0.0,3,8328,卖盘
880,10:59:58,27.77,0.01,8,22216,卖盘
881,11:00:01,27.76,-0.01,15,41650,卖盘
882,11:00:04,27.79,0.03,27,75015,买盘
883,11:00:10,27.77,-0.02,1,2777,中性盘
884,11:00:16,27.78,0.01,7,19445,买盘
885,11:00:19,27.8,0.02,83,230719,买盘
886,11:00:21,27.8,0.0,3,8340,买盘
887,11:00:25,27.79,-0.01,10,27790,卖盘
888,11:00:28,27.8,0.01,3,8340,买盘
889,11:00:42,27.8,0.0,3,8340,卖盘
890,11:00:55,27.8,0.0,4,11120,卖盘
891,11:00:58,27.8,0.0,10,27800,卖盘
892,11:01:00,27.81,0.01,23,63963,买盘
893,11:01:12,27.83,0.02,44,122435,买盘
894,11:01:22,27.82,-0.01,18,50106,卖盘
895,11:01:25,27.84,0.02,2,5568,买盘
896,11:01:34,27.84,0.0,5,13920,买盘
897,11:01:37,27.84,0.0,3,8352,买盘
898,11:01:39,27.85,0.01,3,8355,买盘
899,11:01:43,27.84,-0.01,3,8352,卖盘
900,11:01:46,27.85,0.01,56,155955,买盘
901,11:01:52,27.86,0.01,8,22288,买盘
902,11:01:58,27.86,0.0,3,8358,买盘
903,11:02:00,27.87,0.01,22,61295,买盘
904,11:02:04,27.88,0.01,188,524110,买盘
905,11:02:06,27.88,0.0,41,114308,买盘
906,11:02:10,27.88,0.0,19,52975,买盘
907,11:02:13,27.86,-0.02,37,103158,买盘
908,11:02:22,27.9,0.04,4,11160,买盘
909,11:02:25,27.88,-0.02,1,2788,卖盘
910,11:02:28,27.9,0.02,2,5580,买盘
911,11:02:31,27.88,-0.02,1,2788,卖盘
912,11:02:37,27.88,0.0,71,198084,卖盘
913,11:02:43,27.9,0.02,1,2790,卖盘
914,11:02:46,27.92,0.02,1,2792,买盘
915,11:02:49,27.92,0.0,21,58632,买盘
916,11:02:52,27.91,-0.01,16,44655,中性盘
917,11:02:57,27.9,-0.01,18,50235,卖盘
918,11:03:07,27.91,0.01,4,11164,买盘
919,11:03:10,27.86,-0.05,18,50150,卖盘
920,11:03:15,27.86,0.0,1,2786,买盘
921,11:03:27,27.86,0.0,28,78008,买盘
922,11:03:34,27.86,0.0,39,108654,卖盘
923,11:03:51,27.86,0.0,20,55717,买盘
924,11:04:01,27.84,-0.02,1,2784,卖盘
925,11:04:07,27.84,0.0,3,8352,买盘
926,11:04:10,27.84,0.0,4,11136,买盘
927,11:04:12,27.84,0.0,1,2784,买盘
928,11:04:18,27.83,-0.01,3,8352,卖盘
929,11:04:22,27.86,0.03,3,8358,买盘
930,11:04:25,27.86,0.0,6,16716,买盘
931,11:04:31,27.86,0.0,5,13930,买盘
932,11:04:37,27.88,0.02,6,16723,买盘
933,11:04:43,27.86,-0.02,9,25082,卖盘
934,11:04:58,27.87,0.01,5,13935,卖盘
935,11:05:04,27.87,0.0,13,36231,买盘
936,11:05:06,27.87,0.0,1,2787,买盘
937,11:05:16,27.86,-0.01,3,8358,卖盘
938,11:05:19,27.88,0.02,5,13938,买盘
939,11:05:22,27.87,-0.01,2,5574,卖盘
940,11:05:25,27.87,0.0,7,19509,卖盘
941,11:05:27,27.88,0.01,2,5576,买盘
942,11:05:31,27.88,0.0,5,13940,买盘
943,11:05:46,27.87,-0.01,3,8361,卖盘
944,11:05:49,27.88,0.01,4,11149,买盘
945,11:05:58,27.86,-0.02,8,22288,卖盘
946,11:06:04,27.88,0.02,36,100368,买盘
947,11:06:07,27.88,0.0,20,55760,卖盘
948,11:06:19,27.89,0.01,3,8367,买盘
949,11:06:22,27.89,0.0,38,105982,买盘
950,11:06:30,27.9,0.01,19,53010,买盘
951,11:06:34,27.89,-0.01,2,5579,卖盘
952,11:06:37,27.9,0.01,18,50213,买盘
953,11:06:40,27.9,0.0,28,78120,买盘
954,11:06:46,27.9,0.0,10,27900,买盘
955,11:06:49,27.91,0.01,12,33491,买盘
956,11:06:52,27.9,-0.01,10,27900,卖盘
957,11:06:54,27.9,0.0,3,8370,卖盘
958,11:06:57,27.91,0.01,8,22328,买盘
959,11:07:00,27.91,0.0,10,27910,买盘
960,11:07:04,27.91,0.0,7,19537,买盘
961,11:07:07,27.91,0.0,3,8373,买盘
962,11:07:13,27.91,0.0,46,128386,买盘
963,11:07:19,27.91,0.0,1,2791,卖盘
964,11:07:22,27.92,0.01,26,72592,买盘
965,11:07:25,27.88,-0.04,105,292918,卖盘
966,11:07:54,27.89,0.01,1,2789,卖盘
967,11:08:19,27.89,0.0,12,33468,买盘
968,11:08:36,27.89,0.0,3,8367,卖盘
969,11:08:49,27.89,0.0,10,27890,卖盘
970,11:08:52,27.89,0.0,4,11156,卖盘
971,11:08:55,27.89,0.0,2,5578,卖盘
972,11:09:01,27.89,0.0,4,11156,卖盘
973,11:09:04,27.89,0.0,3,8367,卖盘
974,11:09:10,27.89,0.0,1,2789,买盘
975,11:09:12,27.89,0.0,34,94826,卖盘
976,11:09:16,27.89,0.0,10,27890,买盘
977,11:09:19,27.89,0.0,1,2789,买盘
978,11:09:37,27.88,-0.01,118,329143,卖盘
979,11:09:51,27.89,0.01,2,5578,买盘
980,11:09:58,27.89,0.0,1,2789,买盘
981,11:10:06,27.88,-0.01,1,2788,卖盘
982,11:10:28,27.88,0.0,4,11152,卖盘
983,11:10:52,27.8,-0.08,100,278016,卖盘
984,11:10:57,27.88,0.08,5,13938,买盘
985,11:11:15,27.87,-0.01,2,5574,买盘
986,11:11:25,27.75,-0.12,59,163783,卖盘
987,11:11:28,27.75,0.0,1,2775,买盘
988,11:11:31,27.75,0.0,12,33300,买盘
989,11:11:34,27.75,0.0,21,58275,买盘
990,11:11:36,27.72,-0.03,3,8317,卖盘
991,11:11:39,27.75,0.03,1,2775,买盘
992,11:11:43,27.75,0.0,1,2775,买盘
993,11:11:46,27.75,0.0,3,8325,买盘
994,11:11:49,27.75,0.0,9,24975,买盘
995,11:11:52,27.72,-0.03,8,22184,卖盘
996,11:11:55,27.72,0.0,13,36054,卖盘
997,11:11:57,27.75,0.03,1,2775,买盘
998,11:12:01,27.75,0.0,1,2775,买盘
999,11:12:04,27.75,0.0,1,2775,买盘
1000,11:12:06,27.75,0.0,1,2775,中性盘
1001,11:12:16,27.7,-0.05,117,324131,卖盘
1002,11:12:37,27.7,0.0,13,35998,买盘
1003,11:12:39,27.68,-0.02,5,13840,卖盘
1004,11:12:43,27.68,0.0,1,2768,买盘
1005,11:12:52,27.68,0.0,20,55360,买盘
1006,11:12:57,27.65,-0.03,34,94079,卖盘
1007,11:13:07,27.65,0.0,46,127188,买盘
1008,11:13:21,27.65,0.0,12,33190,卖盘
1009,11:13:25,27.7,0.05,5,13849,买盘
1010,11:13:28,27.7,0.0,2,5540,买盘
1011,11:13:36,27.66,-0.04,2,5532,卖盘
1012,11:13:52,27.66,0.0,17,47022,卖盘
1013,11:13:57,27.66,0.0,5,13830,卖盘
1014,11:14:07,27.66,0.0,4,11064,卖盘
1015,11:14:22,27.67,0.01,5,13835,卖盘
1016,11:14:24,27.7,0.03,5,13850,买盘
1017,11:14:37,27.67,-0.03,2,5534,卖盘
1018,11:14:52,27.67,0.0,8,22136,卖盘
1019,11:15:00,27.68,0.01,3,8304,买盘
1020,11:15:07,27.68,0.0,12,33216,卖盘
1021,11:15:18,27.68,0.0,1,2768,卖盘
1022,11:15:21,27.68,0.0,7,19376,卖盘
1023,11:15:25,27.68,0.0,23,62861,卖盘
1024,11:15:34,27.68,0.0,42,116256,卖盘
1025,11:15:40,27.68,0.0,13,36787,卖盘
1026,11:15:43,27.67,-0.01,30,83011,卖盘
1027,11:15:55,27.66,-0.01,7,19362,卖盘
1028,11:16:01,27.6,-0.06,50,138120,卖盘
1029,11:16:07,27.66,0.06,1,2766,卖盘
1030,11:16:13,27.6,-0.06,1,2760,卖盘
1031,11:16:22,27.6,0.0,9,24840,卖盘
1032,11:16:37,27.61,0.01,2,5522,卖盘
1033,11:16:46,27.61,0.0,4,11044,买盘
1034,11:16:52,27.61,0.0,2,5522,卖盘
1035,11:16:54,27.6,-0.01,10,27609,卖盘
1036,11:17:07,27.61,0.01,4,11045,卖盘
1037,11:17:10,27.61,0.0,3,8283,卖盘
1038,11:17:13,27.61,0.0,3,8283,买盘
1039,11:17:28,27.68,0.07,3,8304,买盘
1040,11:17:55,27.64,-0.04,32,88459,卖盘
1041,11:18:13,27.68,0.04,6,16608,买盘
1042,11:18:15,27.68,0.0,1,2768,买盘
1043,11:18:22,27.68,0.0,4,11072,买盘
1044,11:18:31,27.68,0.0,21,58128,买盘
1045,11:18:51,27.68,0.0,6,16608,买盘
1046,11:19:45,27.68,0.0,2,4733,买盘
1047,11:20:18,27.71,0.03,2,5542,卖盘
1048,11:20:22,27.7,-0.01,2,5540,卖盘
1049,11:20:24,27.7,0.0,3,8312,卖盘
1050,11:21:01,27.69,-0.01,3,8307,卖盘
1051,11:21:04,27.74,0.05,3,8322,买盘
1052,11:21:42,27.74,0.0,3,8322,买盘
1053,11:23:16,27.69,-0.05,1,2769,卖盘
1054,11:23:40,27.69,0.0,6,16614,卖盘
1055,11:23:55,27.74,0.05,63,174728,买盘
1056,11:24:04,27.69,-0.05,2,5538,卖盘
1057,11:24:31,27.74,0.05,4,11096,买盘
1058,11:25:31,27.73,-0.01,5,13865,卖盘
1059,11:25:33,27.74,0.01,1,2774,买盘
1060,11:25:39,27.74,0.0,9,24966,卖盘
1061,11:25:46,27.73,-0.01,1,2773,卖盘
1062,11:26:07,27.75,0.02,19,52724,买盘
1063,11:26:12,27.75,0.0,20,55500,卖盘
1064,11:26:19,27.76,0.01,1,2776,买盘
1065,11:26:45,27.76,0.0,2,5552,买盘
1066,11:26:51,27.75,-0.01,7,19430,卖盘
1067,11:26:55,27.76,0.01,6,16656,卖盘
1068,11:27:01,27.76,0.0,1,2776,卖盘
1069,11:27:04,27.75,-0.01,4,11100,卖盘
1070,11:27:21,27.78,0.03,1,2778,买盘
1071,11:27:42,27.75,-0.03,53,147084,卖盘
1072,11:27:45,27.78,0.03,9,24997,买盘
1073,11:27:58,27.75,-0.03,6,16650,卖盘
1074,11:28:27,27.75,0.0,4,11100,买盘
1075,11:29:13,27.76,0.01,5,13880,卖盘
1076,13:00:05,27.78,0.02,9,25000,买盘
1077,13:00:07,27.78,0.0,39,108349,买盘
1078,13:00:18,27.8,0.02,1,2780,买盘
1079,13:00:33,27.8,0.0,9,25020,买盘
1080,13:00:57,27.79,-0.01,2,5558,卖盘
1081,13:01:00,27.8,0.01,2,5560,买盘
1082,13:01:36,27.79,-0.01,14,38917,卖盘
1083,13:01:51,27.8,0.01,2,5560,买盘
1084,13:02:01,27.81,0.01,2,5562,买盘
1085,13:02:25,27.81,0.0,3,8343,买盘
1086,13:02:30,27.81,0.0,1,2781,买盘
1087,13:02:34,27.8,-0.01,8,22240,卖盘
1088,13:03:00,27.79,-0.01,2,5558,卖盘
1089,13:03:09,27.8,0.01,6,16679,买盘
1090,13:04:10,27.79,-0.01,1,2779,买盘
1091,13:04:21,27.78,-0.01,24,66672,卖盘
1092,13:04:40,27.77,-0.01,10,27770,卖盘
1093,13:04:48,27.77,0.0,1,2777,卖盘
1094,13:04:57,27.77,0.0,4,11108,买盘
1095,13:05:01,27.76,-0.01,5,13880,卖盘
1096,13:05:13,27.77,0.01,7,19439,买盘
1097,13:05:19,27.76,-0.01,15,41640,卖盘
1098,13:05:37,27.76,0.0,7,19432,卖盘
1099,13:06:12,27.76,0.0,25,69400,买盘
1100,13:06:28,27.76,0.0,9,24984,买盘
1101,13:06:42,27.75,-0.01,5,13875,卖盘
1102,13:06:46,27.76,0.01,1,2776,买盘
1103,13:07:15,27.76,0.0,1,2776,买盘
1104,13:07:22,27.76,0.0,13,36088,买盘
1105,13:07:24,27.76,0.0,30,83280,卖盘
1106,13:07:37,27.77,0.01,12,33324,卖盘
1107,13:07:40,27.77,0.0,3,8331,买盘
1108,13:07:48,27.77,0.0,4,11108,买盘
1109,13:08:06,27.76,-0.01,10,27760,卖盘
1110,13:08:15,27.7,-0.06,71,196758,卖盘
1111,13:08:21,27.7,0.0,8,22160,买盘
1112,13:08:33,27.7,0.0,3,8310,买盘
1113,13:08:37,27.7,0.0,1,2770,买盘
1114,13:08:40,27.7,0.0,9,24930,买盘
1115,13:08:43,27.69,-0.01,3,8307,卖盘
1116,13:08:46,27.7,0.01,8,22160,买盘
1117,13:09:00,27.72,0.02,2,5545,卖盘
1118,13:09:07,27.72,0.0,4,11090,卖盘
1119,13:09:13,27.72,0.0,9,24948,买盘
1120,13:09:18,27.72,0.0,2,5544,买盘
1121,13:09:43,27.74,0.02,1,2774,买盘
1122,13:09:49,27.74,0.0,2,5548,买盘
1123,13:09:54,27.75,0.01,1,2775,买盘
1124,13:09:57,27.76,0.01,5,13876,买盘
1125,13:10:13,27.76,0.0,9,24984,买盘
1126,13:10:24,27.78,0.02,6,16666,买盘
1127,13:10:34,27.78,0.0,2,5556,买盘
1128,13:10:37,27.79,0.01,1,2779,买盘
1129,13:10:39,27.79,0.0,11,30569,买盘
1130,13:11:00,27.8,0.01,6,16680,买盘
1131,13:11:13,27.8,0.0,5,13900,买盘
1132,13:11:19,27.8,0.0,50,139000,买盘
1133,13:11:21,27.8,0.0,13,36135,买盘
1134,13:11:28,27.8,0.0,25,69500,买盘
1135,13:11:36,27.81,0.01,5,13905,买盘
1136,13:11:43,27.82,0.01,12,33376,买盘
1137,13:11:52,27.83,0.01,10,27830,买盘
1138,13:11:57,27.84,0.01,6,16704,中性盘
1139,13:12:00,27.93,0.09,500,1395028,买盘
1140,13:12:07,27.93,0.0,6,16758,买盘
1141,13:12:10,27.93,0.0,17,47481,买盘
1142,13:12:13,27.95,0.02,10,27948,买盘
1143,13:12:16,27.95,0.0,11,30735,买盘
1144,13:12:18,27.95,0.0,15,41925,买盘
1145,13:12:22,27.96,0.01,7,19570,买盘
1146,13:12:24,27.95,-0.01,1,2795,卖盘
1147,13:12:27,27.96,0.01,2,5591,买盘
1148,13:12:31,27.96,0.0,6,16776,买盘
1149,13:12:34,27.96,0.0,4,11184,买盘
1150,13:12:37,27.98,0.02,95,265646,买盘
1151,13:12:40,27.96,-0.02,64,178944,卖盘
1152,13:12:43,27.96,0.0,4,11184,买盘
1153,13:12:46,27.96,0.0,3,8388,买盘
1154,13:12:48,28.0,0.04,500,1399378,买盘
1155,13:12:51,27.95,-0.05,6,16775,卖盘
1156,13:12:54,27.98,0.03,1,2798,中性盘
1157,13:12:58,27.97,-0.01,7,19594,卖盘
1158,13:13:01,28.0,0.03,28,78400,买盘
1159,13:13:04,28.0,0.0,6,16797,买盘
1160,13:13:07,28.0,0.0,1,2800,买盘
1161,13:13:09,27.99,-0.01,28,78370,买盘
1162,13:13:15,28.0,0.01,217,607573,买盘
1163,13:13:18,28.0,0.0,10,28000,买盘
1164,13:13:22,28.0,0.0,46,128794,买盘
1165,13:13:25,27.99,-0.01,18,50400,卖盘
1166,13:13:28,27.99,0.0,3,8397,买盘
1167,13:13:30,28.01,0.02,20,56020,买盘
1168,13:13:34,28.0,-0.01,10,28000,卖盘
1169,13:13:37,28.01,0.01,12,33609,买盘
1170,13:13:40,28.0,-0.01,52,145642,卖盘
1171,13:13:43,28.0,0.0,7,19600,卖盘
1172,13:13:46,28.0,0.0,59,165200,买盘
1173,13:13:48,28.0,0.0,2,5600,买盘
1174,13:13:52,28.0,0.0,13,36400,买盘
1175,13:13:58,27.99,-0.01,2,5599,卖盘
1176,13:14:00,28.0,0.01,5,13998,买盘
1177,13:14:06,27.99,-0.01,10,27990,卖盘
1178,13:14:10,28.0,0.01,11,30799,买盘
1179,13:14:13,27.99,-0.01,5,13995,卖盘
1180,13:14:16,28.0,0.01,20,55995,买盘
1181,13:14:19,28.01,0.01,1,2801,买盘
1182,13:14:21,28.01,0.0,25,70025,买盘
1183,13:14:24,28.01,0.0,31,86831,卖盘
1184,13:14:28,28.0,-0.01,39,109236,卖盘
1185,13:14:31,28.0,0.0,36,100800,买盘
1186,13:14:37,28.0,0.0,8,22400,买盘
1187,13:14:43,28.01,0.01,8,22408,买盘
1188,13:14:45,28.0,-0.01,2,5600,卖盘
1189,13:14:52,28.01,0.01,5,14005,买盘
1190,13:14:55,28.0,-0.01,10,28000,卖盘
1191,13:14:58,27.99,-0.01,20,55984,卖盘
1192,13:15:00,28.0,0.01,2,5601,中性盘
1193,13:15:04,28.0,0.0,2,5600,买盘
1194,13:15:07,28.0,0.0,3,8400,卖盘
1195,13:15:13,28.0,0.0,1,2800,买盘
1196,13:15:15,27.99,-0.01,15,41994,卖盘
1197,13:15:18,28.01,0.02,63,176429,买盘
1198,13:15:21,28.01,0.0,1,2801,卖盘
1199,13:15:24,28.0,-0.01,10,28000,中性盘
1200,13:15:33,28.0,0.0,10,28000,买盘
1201,13:15:39,28.0,0.0,15,42000,买盘
1202,13:15:46,28.0,0.0,7,19599,买盘
1203,13:15:51,28.0,0.0,1,2800,卖盘
1204,13:15:54,28.0,0.0,5,14000,卖盘
1205,13:16:00,28.0,0.0,2,5600,卖盘
1206,13:16:10,27.99,-0.01,8,22392,卖盘
1207,13:16:16,27.99,0.0,1,2799,卖盘
1208,13:16:21,27.99,0.0,2,5598,卖盘
1209,13:16:27,27.99,0.0,10,27990,卖盘
1210,13:16:30,27.99,0.0,6,16794,卖盘
1211,13:16:36,27.98,-0.01,2,5596,卖盘
1212,13:16:54,27.96,-0.02,5,13980,卖盘
1213,13:17:01,27.93,-0.03,32,89418,卖盘
1214,13:17:16,27.9,-0.03,4,11163,卖盘
1215,13:17:22,27.9,0.0,3,8370,买盘
1216,13:17:28,27.98,0.08,32,89459,买盘
1217,13:17:30,27.98,0.0,5,13990,卖盘
1218,13:17:42,27.99,0.01,74,207106,买盘
1219,13:17:46,27.99,0.0,5,13995,买盘
1220,13:17:49,27.93,-0.06,16,44724,卖盘
1221,13:18:10,27.94,0.01,4,11176,卖盘
1222,13:18:19,27.98,0.04,6,16788,买盘
1223,13:18:37,27.97,-0.01,1,2797,买盘
1224,13:18:45,27.97,0.0,5,13985,买盘
1225,13:18:54,27.98,0.01,30,83940,买盘
1226,13:19:06,27.98,0.0,1,2798,买盘
1227,13:19:10,27.97,-0.01,6,16782,卖盘
1228,13:19:16,27.97,0.0,6,16782,买盘
1229,13:19:19,27.97,0.0,1,2797,买盘
1230,13:19:21,27.97,0.0,1,2797,买盘
1231,13:19:31,27.97,0.0,13,36344,卖盘
1232,13:20:07,27.95,-0.02,12,33540,卖盘
1233,13:20:43,27.94,-0.01,3,8382,卖盘
1234,13:20:55,27.93,-0.01,1,2793,卖盘
1235,13:21:00,27.93,0.0,7,19551,卖盘
1236,13:21:07,27.93,0.0,2,5586,买盘
1237,13:21:24,27.9,-0.03,20,55830,卖盘
1238,13:21:40,27.9,0.0,10,27900,卖盘
1239,13:21:45,27.9,0.0,3,8370,卖盘
1240,13:21:52,27.9,0.0,4,11160,买盘
1241,13:21:55,27.9,0.0,3,8370,买盘
1242,13:22:09,27.9,0.0,5,13950,卖盘
1243,13:22:34,27.9,0.0,6,16740,买盘
1244,13:22:39,27.9,0.0,3,8370,买盘
1245,13:22:43,27.9,0.0,1,2790,买盘
1246,13:22:46,27.9,0.0,1,2790,买盘
1247,13:22:48,27.9,0.0,18,50220,买盘
1248,13:22:52,27.9,0.0,1,2790,买盘
1249,13:22:55,27.91,0.01,1,2791,中性盘
1250,13:23:09,27.9,-0.01,2,5580,卖盘
1251,13:23:16,27.9,0.0,3,8370,买盘
1252,13:23:21,27.9,0.0,3,8370,买盘
1253,13:23:27,27.93,0.03,4,11172,买盘
1254,13:24:04,27.93,0.0,10,27930,买盘
1255,13:24:06,27.91,-0.02,10,27926,卖盘
1256,13:24:27,27.94,0.03,2,5588,买盘
1257,13:24:39,27.94,0.0,3,8382,买盘
1258,13:24:49,27.94,0.0,2,5588,买盘
1259,13:25:00,27.94,0.0,3,8382,卖盘
1260,13:25:12,27.95,0.01,10,27950,买盘
1261,13:25:16,27.95,0.0,1,2795,买盘
1262,13:25:19,27.94,-0.01,6,16764,卖盘
1263,13:25:21,27.94,0.0,4,11176,买盘
1264,13:25:48,27.91,-0.03,1,2791,卖盘
1265,13:26:21,27.92,0.01,1,2792,卖盘
1266,13:26:33,27.92,0.0,1,2792,买盘
1267,13:26:43,27.91,-0.01,1,2791,卖盘
1268,13:26:52,27.92,0.01,3,8376,买盘
1269,13:27:00,27.92,0.0,3,8376,买盘
1270,13:27:19,27.91,-0.01,1,2791,卖盘
1271,13:27:36,27.91,0.0,5,13955,卖盘
1272,13:27:40,27.92,0.01,5,13960,买盘
1273,13:27:45,27.91,-0.01,7,19537,卖盘
1274,13:27:55,27.9,-0.01,10,27900,卖盘
1275,13:28:04,27.91,0.01,10,27910,买盘
1276,13:28:07,27.9,-0.01,10,27900,卖盘
1277,13:28:13,27.9,0.0,9,25110,卖盘
1278,13:28:21,27.9,0.0,25,69755,卖盘
1279,13:28:25,27.91,0.01,16,44646,买盘
1280,13:28:31,27.9,-0.01,20,55800,卖盘
1281,13:28:34,27.9,0.0,8,22320,卖盘
1282,13:28:45,27.89,-0.01,10,27890,卖盘
1283,13:28:51,27.89,0.0,4,11156,卖盘
1284,13:28:57,27.89,0.0,3,8367,买盘
1285,13:29:12,27.88,-0.01,16,44608,卖盘
1286,13:29:34,27.88,0.0,2,5576,买盘
1287,13:29:36,27.87,-0.01,15,41805,卖盘
1288,13:29:42,27.86,-0.01,10,27860,卖盘
1289,13:29:48,27.87,0.01,8,22296,买盘
1290,13:29:52,27.87,0.0,10,27870,卖盘
1291,13:29:54,27.88,0.01,1,2788,买盘
1292,13:30:13,27.87,-0.01,12,33444,卖盘
1293,13:30:16,27.87,0.0,3,8361,卖盘
1294,13:30:52,27.87,0.0,2,5574,卖盘
1295,13:31:07,27.88,0.01,9,25092,买盘
1296,13:31:10,27.87,-0.01,9,25083,卖盘
1297,13:31:18,27.87,0.0,5,13935,卖盘
1298,13:32:15,27.87,0.0,3,8361,卖盘
1299,13:32:22,27.88,0.01,13,36242,买盘
1300,13:32:28,27.86,-0.02,2,5572,卖盘
1301,13:32:40,27.87,0.01,3,8361,卖盘
1302,13:32:52,27.86,-0.01,5,13930,卖盘
1303,13:32:57,27.86,0.0,10,27860,买盘
1304,13:33:07,27.86,0.0,1,2786,买盘
1305,13:33:16,27.85,-0.01,71,197735,卖盘
1306,13:34:10,27.84,-0.01,2,5568,买盘
1307,13:34:13,27.84,0.0,1,2784,买盘
1308,13:34:19,27.82,-0.02,4,11128,卖盘
1309,13:34:31,27.82,0.0,6,16692,买盘
1310,13:34:40,27.84,0.02,48,133631,买盘
1311,13:34:43,27.84,0.0,4,11136,卖盘
1312,13:34:46,27.82,-0.02,23,64002,卖盘
1313,13:35:00,27.81,-0.01,3,8343,卖盘
1314,13:35:04,27.81,0.0,1,2781,卖盘
1315,13:35:10,27.8,-0.01,30,83404,卖盘
1316,13:35:13,27.81,0.01,5,13905,卖盘
1317,13:35:22,27.75,-0.06,18,49955,卖盘
1318,13:35:28,27.75,0.0,1,2775,买盘
1319,13:35:37,27.74,-0.01,1,2774,卖盘
1320,13:35:46,27.7,-0.04,28,77587,卖盘
1321,13:35:52,27.7,0.0,3,8310,买盘
1322,13:35:57,27.7,0.0,2,5540,买盘
1323,13:36:00,27.68,-0.02,6,16609,卖盘
1324,13:36:04,27.7,0.02,25,69223,买盘
1325,13:36:16,27.7,0.0,21,58170,卖盘
1326,13:36:31,27.71,0.01,3,8313,卖盘
1327,13:36:42,27.73,0.02,30,83190,买盘
1328,13:36:46,27.71,-0.02,2,5542,卖盘
1329,13:36:55,27.7,-0.01,11,30476,卖盘
1330,13:36:58,27.68,-0.02,82,227059,卖盘
1331,13:37:01,27.72,0.04,36,99792,卖盘
1332,13:37:13,27.7,-0.02,4,11080,买盘
1333,13:37:19,27.7,0.0,10,27700,买盘
1334,13:37:22,27.7,0.0,20,55400,买盘
1335,13:37:31,27.68,-0.02,11,30448,卖盘
1336,13:37:34,27.7,0.02,38,105260,买盘
1337,13:37:37,27.7,0.0,1,2770,卖盘
1338,13:37:45,27.7,0.0,45,124668,卖盘
1339,13:37:52,27.7,0.0,61,168970,卖盘
1340,13:37:55,27.7,0.0,5,13850,买盘
1341,13:38:01,27.68,-0.02,6,16608,卖盘
1342,13:38:10,27.68,0.0,4,11072,卖盘
1343,13:38:16,27.68,0.0,3,9107,卖盘
1344,13:38:21,27.7,0.02,18,49843,买盘
1345,13:38:27,27.62,-0.08,79,218473,卖盘
1346,13:38:34,27.68,0.06,2,5536,买盘
1347,13:38:43,27.68,0.0,4,11072,买盘
1348,13:38:46,27.66,-0.02,14,37345,卖盘
1349,13:38:49,27.68,0.02,17,48406,买盘
1350,13:39:01,27.65,-0.03,18,49770,卖盘
1351,13:39:04,27.7,0.05,18,49801,买盘
1352,13:39:15,27.66,-0.04,3,8298,卖盘
1353,13:39:25,27.67,0.01,3,8301,卖盘
1354,13:39:36,27.67,0.0,3,8301,卖盘
1355,13:39:40,27.67,0.0,3,8301,卖盘
1356,13:40:10,27.7,0.03,18,49860,买盘
1357,13:40:13,27.67,-0.03,48,133946,卖盘
1358,13:41:01,27.71,0.04,1,2771,卖盘
1359,13:41:09,27.73,0.02,16,44368,买盘
1360,13:41:12,27.7,-0.03,7,19392,卖盘
1361,13:41:15,27.71,0.01,1,2771,卖盘
1362,13:41:21,27.74,0.03,6,16632,买盘
1363,13:41:28,27.7,-0.04,1,2770,卖盘
1364,13:42:40,27.72,0.02,3,8316,卖盘
1365,13:42:48,27.72,0.0,7,19404,卖盘
1366,13:43:07,27.74,0.02,1,2774,买盘
1367,13:43:24,27.74,0.0,28,77672,买盘
1368,13:44:10,27.72,-0.02,2,5544,卖盘
1369,13:44:25,27.72,0.0,5,13860,卖盘
1370,13:44:28,27.73,0.01,1,2773,买盘
1371,13:44:33,27.72,-0.01,15,41585,卖盘
1372,13:44:52,27.71,-0.01,10,27710,卖盘
1373,13:45:04,27.71,0.0,4,11084,卖盘
1374,13:45:27,27.7,-0.01,5,13850,卖盘
1375,13:45:34,27.71,0.01,1,2771,买盘
1376,13:45:45,27.7,-0.01,10,27700,卖盘
1377,13:45:49,27.7,0.0,29,80330,卖盘
1378,13:46:10,27.68,-0.02,1,1384,卖盘
1379,13:46:30,27.68,0.0,5,15224,卖盘
1380,13:46:37,27.68,0.0,3,6920,买盘
1381,13:46:43,27.68,0.0,1,2768,中性盘
1382,13:46:48,27.67,-0.01,6,16602,卖盘
1383,13:46:55,27.67,0.0,6,15495,卖盘
1384,13:47:01,27.67,0.0,1,2767,买盘
1385,13:47:25,27.67,0.0,3,8301,买盘
1386,13:47:28,27.67,0.0,11,30437,买盘
1387,13:47:31,27.67,0.0,19,53679,买盘
1388,13:47:37,27.68,0.01,27,74736,买盘
1389,13:47:58,27.7,0.02,7,19390,买盘
1390,13:48:10,27.71,0.01,3,8313,买盘
1391,13:48:13,27.7,-0.01,6,16623,卖盘
1392,13:48:16,27.7,0.0,1,2770,买盘
1393,13:48:18,27.7,0.0,1,2770,买盘
1394,13:48:36,27.7,0.0,1,2770,卖盘
1395,13:48:52,27.69,-0.01,20,55389,卖盘
1396,13:48:55,27.69,0.0,12,33229,卖盘
1397,13:48:58,27.69,0.0,1,2769,买盘
1398,13:49:04,27.69,0.0,14,38766,买盘
1399,13:49:09,27.69,0.0,19,52611,买盘
1400,13:50:13,27.67,-0.02,11,30447,卖盘
1401,13:50:52,27.68,0.01,2,5536,卖盘
1402,13:51:21,27.68,0.0,2,5536,卖盘
1403,13:51:40,27.69,0.01,26,71994,买盘
1404,13:52:04,27.69,0.0,6,16614,买盘
1405,13:52:13,27.69,0.0,5,13845,买盘
1406,13:52:18,27.69,0.0,31,85792,买盘
1407,13:52:27,27.68,-0.01,5,13840,卖盘
1408,13:52:31,27.69,0.01,1,2769,买盘
1409,13:52:36,27.69,0.0,5,13845,买盘
1410,13:52:48,27.67,-0.02,2,5534,卖盘
1411,13:52:58,27.67,0.0,50,138354,卖盘
1412,13:53:18,27.69,0.02,1,2769,买盘
1413,13:53:43,27.69,0.0,9,24921,买盘
1414,13:53:45,27.69,0.0,2,5538,买盘
1415,13:54:01,27.69,0.0,5,13845,卖盘
1416,13:54:04,27.69,0.0,39,108002,卖盘
1417,13:54:12,27.66,-0.03,16,44264,卖盘
1418,13:54:28,27.66,0.0,2,5532,买盘
1419,13:54:31,27.66,0.0,8,22128,买盘
1420,13:54:34,27.66,0.0,6,16596,买盘
1421,13:54:36,27.65,-0.01,7,19355,卖盘
1422,13:54:39,27.66,0.01,5,13827,买盘
1423,13:55:01,27.66,0.0,1,2766,买盘
1424,13:55:04,27.65,-0.01,10,27650,卖盘
1425,13:55:09,27.65,0.0,6,16592,卖盘
1426,13:55:18,27.66,0.01,2,5532,买盘
1427,13:55:48,27.66,0.0,1,2766,买盘
1428,13:56:07,27.66,0.0,2,5532,买盘
1429,13:56:16,27.66,0.0,10,27660,买盘
1430,13:56:25,27.66,0.0,3,8298,买盘
1431,13:56:33,27.66,0.0,3,8298,卖盘
1432,13:57:07,27.65,-0.01,40,110621,卖盘
1433,13:57:12,27.65,0.0,10,27650,买盘
1434,13:57:19,27.65,0.0,4,11060,买盘
1435,13:57:22,27.65,0.0,14,38710,买盘
1436,13:57:49,27.64,-0.01,2,5528,卖盘
1437,13:57:55,27.64,0.0,5,13820,卖盘
1438,13:58:13,27.65,0.01,4,11060,买盘
1439,13:58:22,27.65,0.0,5,13825,买盘
1440,13:58:42,27.65,0.0,4,11060,买盘
1441,13:58:45,27.64,-0.01,2,5528,卖盘
1442,13:59:10,27.64,0.0,5,13820,卖盘
1443,13:59:22,27.64,0.0,4,11056,卖盘
1444,13:59:25,27.63,-0.01,6,16578,卖盘
1445,13:59:27,27.63,0.0,1,2763,买盘
1446,13:59:39,27.62,-0.01,3,8286,卖盘
1447,14:00:10,27.64,0.02,2,5528,买盘
1448,14:00:16,27.64,0.0,2,5528,买盘
1449,14:00:28,27.63,-0.01,5,13815,卖盘
1450,14:00:36,27.64,0.01,1,2764,买盘
1451,14:00:42,27.64,0.0,5,13820,买盘
1452,14:00:46,27.64,0.0,12,33168,卖盘
1453,14:00:49,27.63,-0.01,20,55273,卖盘
1454,14:01:07,27.65,0.02,18,49770,买盘
1455,14:01:10,27.65,0.0,50,138250,买盘
1456,14:01:18,27.65,0.0,1,2765,买盘
1457,14:01:34,27.65,0.0,2,5530,卖盘
1458,14:01:40,27.66,0.01,18,49783,买盘
1459,14:01:58,27.69,0.03,12,33228,买盘
1460,14:02:06,27.7,0.01,2,5540,买盘
1461,14:02:13,27.7,0.0,2,5540,买盘
1462,14:02:19,27.7,0.0,1,2770,买盘
1463,14:02:30,27.7,0.0,2,5540,买盘
1464,14:02:48,27.72,0.02,1,2772,买盘
1465,14:02:52,27.73,0.01,2,5546,买盘
1466,14:03:01,27.73,0.0,1,2773,卖盘
1467,14:03:04,27.73,0.0,1,2773,卖盘
1468,14:03:16,27.73,0.0,3,8319,买盘
1469,14:04:22,27.72,-0.01,5,13860,卖盘
1470,14:04:34,27.73,0.01,8,22184,买盘
1471,14:04:55,27.73,0.0,2,5546,卖盘
1472,14:05:16,27.73,0.0,11,30503,买盘
1473,14:05:28,27.73,0.0,7,19411,买盘
1474,14:05:34,27.72,-0.01,5,13860,卖盘
1475,14:06:07,27.72,0.0,9,24948,卖盘
1476,14:06:15,27.73,0.01,4,11092,买盘
1477,14:06:39,27.73,0.0,10,27730,买盘
1478,14:07:06,27.72,-0.01,1,4158,卖盘
1479,14:07:09,27.73,0.01,2,5546,买盘
1480,14:07:28,27.72,-0.01,51,139986,卖盘
1481,14:07:48,27.7,-0.02,12,33240,卖盘
1482,14:08:27,27.7,0.0,2,5540,买盘
1483,14:09:07,27.71,0.01,7,19397,买盘
1484,14:09:31,27.71,0.0,3,8313,卖盘
1485,14:09:33,27.71,0.0,2,5542,买盘
1486,14:09:40,27.72,0.01,13,36032,买盘
1487,14:10:01,27.72,0.0,2,5544,买盘
1488,14:10:04,27.72,0.0,8,22176,买盘
1489,14:10:07,27.72,0.0,5,13860,买盘
1490,14:10:12,27.72,0.0,16,44352,买盘
1491,14:10:19,27.72,0.0,2,5544,买盘
1492,14:10:25,27.72,0.0,1,2772,买盘
1493,14:10:28,27.72,0.0,1,2772,买盘
1494,14:10:31,27.72,0.0,9,24948,买盘
1495,14:10:34,27.72,0.0,2,5544,买盘
1496,14:10:43,27.71,-0.01,6,16626,卖盘
1497,14:11:06,27.71,0.0,5,13855,卖盘
1498,14:11:37,27.71,0.0,15,41565,卖盘
1499,14:11:43,27.71,0.0,2,5542,买盘
1500,14:11:51,27.71,0.0,1,2771,卖盘
1501,14:12:28,27.7,-0.01,5,13851,卖盘
1502,14:12:36,27.71,0.01,4,11084,买盘
1503,14:12:46,27.7,-0.01,23,63710,卖盘
1504,14:12:48,27.71,0.01,26,72046,买盘
1505,14:13:00,27.71,0.0,15,41565,卖盘
1506,14:14:07,27.71,0.0,11,30481,卖盘
1507,14:14:18,27.72,0.01,4,12474,买盘
1508,14:14:25,27.72,0.0,1,2772,卖盘
1509,14:14:33,27.73,0.01,10,27730,买盘
1510,14:15:04,27.72,-0.01,12,31888,卖盘
1511,14:15:19,27.73,0.01,14,38822,买盘
1512,14:15:43,27.73,0.0,3,8319,卖盘
1513,14:16:22,27.74,0.01,35,97090,买盘
1514,14:16:46,27.75,0.01,1,2775,买盘
1515,14:16:52,27.75,0.0,4,11100,买盘
1516,14:17:00,27.8,0.05,104,288965,买盘
1517,14:17:07,27.77,-0.03,1,2777,卖盘
1518,14:17:34,27.8,0.03,20,55585,买盘
1519,14:17:46,27.8,0.0,27,75060,买盘
1520,14:18:10,27.8,0.0,62,172360,买盘
1521,14:18:16,27.82,0.02,98,272557,买盘
1522,14:18:21,27.85,0.03,9,25065,买盘
1523,14:18:30,27.85,0.0,1,2785,卖盘
1524,14:18:34,27.85,0.0,1,2785,卖盘
1525,14:18:37,27.85,0.0,5,13925,买盘
1526,14:18:39,27.87,0.02,5,13934,买盘
1527,14:18:55,27.86,-0.01,7,19502,卖盘
1528,14:19:04,27.85,-0.01,3,8355,买盘
1529,14:19:06,27.81,-0.04,3,8344,卖盘
1530,14:19:15,27.81,0.0,9,25029,买盘
1531,14:19:19,27.81,0.0,2,5562,买盘
1532,14:19:22,27.81,0.0,3,8343,买盘
1533,14:19:34,27.85,0.04,6,16690,买盘
1534,14:19:42,27.81,-0.04,1,2781,卖盘
1535,14:19:46,27.85,0.04,18,50114,买盘
1536,14:19:49,27.86,0.01,17,47362,买盘
1537,14:19:51,27.86,0.0,5,13930,卖盘
1538,14:20:01,27.86,0.0,59,164405,卖盘
1539,14:20:04,27.86,0.0,17,47362,买盘
1540,14:20:10,27.85,-0.01,1,2785,卖盘
1541,14:20:16,27.86,0.01,2,5572,买盘
1542,14:20:19,27.86,0.0,10,27860,卖盘
1543,14:20:22,27.87,0.01,3,8359,买盘
1544,14:20:37,27.85,-0.02,6,16710,卖盘
1545,14:21:06,27.82,-0.03,5,13916,卖盘
1546,14:21:09,27.85,0.03,5,13925,买盘
1547,14:21:19,27.85,0.0,8,22280,买盘
1548,14:21:34,27.85,0.0,6,16710,买盘
1549,14:21:58,27.82,-0.03,20,55644,卖盘
1550,14:22:04,27.83,0.01,21,58443,买盘
1551,14:22:06,27.82,-0.01,3,8346,卖盘
1552,14:22:13,27.79,-0.03,1,2779,卖盘
1553,14:22:31,27.79,0.0,2,5558,卖盘
1554,14:22:34,27.79,0.0,11,30569,买盘
1555,14:22:37,27.79,0.0,11,30569,买盘
1556,14:23:04,27.79,0.0,6,16662,买盘
1557,14:23:19,27.77,-0.02,3,8332,卖盘
1558,14:23:34,27.83,0.06,31,86272,买盘
1559,14:23:43,27.83,0.0,2,5566,卖盘
1560,14:23:46,27.84,0.01,1,2784,买盘
1561,14:23:52,27.85,0.01,50,139231,买盘
1562,14:24:04,27.85,0.0,19,52915,买盘
1563,14:24:07,27.85,0.0,50,139220,买盘
1564,14:24:12,27.86,0.01,41,114195,买盘
1565,14:24:21,27.86,0.0,5,13930,卖盘
1566,14:24:31,27.86,0.0,7,19502,卖盘
1567,14:24:57,27.86,0.0,4,11144,买盘
1568,14:25:07,27.86,0.0,21,58506,买盘
1569,14:25:13,27.86,0.0,3,8358,买盘
1570,14:25:22,27.86,0.0,3,8358,卖盘
1571,14:25:25,27.87,0.01,5,13935,买盘
1572,14:25:31,27.87,0.0,4,11148,买盘
1573,14:25:37,27.86,-0.01,2,5572,卖盘
1574,14:25:58,27.87,0.01,7,19509,买盘
1575,14:26:04,27.86,-0.01,6,16719,卖盘
1576,14:26:10,27.87,0.01,28,78036,买盘
1577,14:26:15,27.87,0.0,1,2787,卖盘
1578,14:26:22,27.88,0.01,5,13940,买盘
1579,14:26:25,27.88,0.0,10,27880,买盘
1580,14:26:33,27.88,0.0,10,27880,买盘
1581,14:26:36,27.87,-0.01,1,2787,卖盘
1582,14:26:49,27.88,0.01,39,108695,买盘
1583,14:26:55,27.88,0.0,6,16728,买盘
1584,14:27:01,27.87,-0.01,5,13935,中性盘
1585,14:27:10,27.88,0.01,14,39032,买盘
1586,14:27:13,27.88,0.0,23,64124,买盘
1587,14:27:19,27.87,-0.01,15,41810,卖盘
1588,14:27:24,27.88,0.01,3,8364,买盘
1589,14:27:27,27.88,0.0,4,11152,买盘
1590,14:27:30,27.88,0.0,4,11152,买盘
1591,14:27:40,27.88,0.0,2,5576,卖盘
1592,14:28:04,27.87,-0.01,15,41805,卖盘
1593,14:28:13,27.87,0.0,15,41805,买盘
1594,14:28:45,27.87,0.0,6,16722,卖盘
1595,14:28:49,27.87,0.0,1,2787,买盘
1596,14:29:00,27.87,0.0,18,50166,买盘
1597,14:29:04,27.86,-0.01,9,26467,卖盘
1598,14:29:13,27.86,0.0,24,66864,卖盘
1599,14:29:16,27.86,0.0,41,114247,卖盘
1600,14:29:21,27.86,0.0,54,149051,卖盘
1601,14:29:40,27.86,0.0,3,8358,买盘
1602,14:29:55,27.8,-0.06,5,13900,卖盘
1603,14:30:04,27.86,0.06,30,83576,买盘
1604,14:30:16,27.82,-0.04,33,91783,中性盘
1605,14:30:34,27.85,0.03,1,2785,买盘
1606,14:30:55,27.81,-0.04,10,27810,卖盘
1607,14:31:07,27.81,0.0,4,11124,卖盘
1608,14:31:12,27.81,0.0,1,2781,卖盘
1609,14:31:19,27.81,0.0,9,25029,买盘
1610,14:31:52,27.85,0.04,1,2785,买盘
1611,14:32:10,27.82,-0.03,29,80717,卖盘
1612,14:32:16,27.83,0.01,2,5566,卖盘
1613,14:32:18,27.84,0.01,1,2784,买盘
1614,14:32:40,27.85,0.01,126,350890,买盘
1615,14:33:06,27.83,-0.02,2,5566,卖盘
1616,14:33:10,27.83,0.0,16,44529,卖盘
1617,14:33:13,27.84,0.01,1,2784,买盘
1618,14:33:16,27.84,0.0,3,8352,买盘
1619,14:33:33,27.85,0.01,10,27850,买盘
1620,14:33:40,27.86,0.01,62,174121,买盘
1621,14:33:46,27.86,0.0,7,19502,卖盘
1622,14:33:54,27.87,0.01,10,27870,买盘
1623,14:34:04,27.86,-0.01,1,2786,卖盘
1624,14:34:19,27.86,0.0,1,2786,卖盘
1625,14:34:21,27.87,0.01,21,58527,买盘
1626,14:34:34,27.86,-0.01,2,5572,卖盘
1627,14:34:37,27.87,0.01,25,69660,买盘
1628,14:34:46,27.86,-0.01,4,11144,卖盘
1629,14:34:48,27.86,0.0,25,68257,卖盘
1630,14:35:07,27.85,-0.01,2,5570,卖盘
1631,14:35:12,27.85,0.0,7,19501,卖盘
1632,14:35:24,27.86,0.01,21,58506,买盘
1633,14:35:28,27.85,-0.01,9,25065,卖盘
1634,14:35:42,27.85,0.0,3,8355,卖盘
1635,14:35:49,27.85,0.0,20,55700,卖盘
1636,14:35:55,27.86,0.01,2,6965,卖盘
1637,14:36:04,27.85,-0.01,6,16712,卖盘
1638,14:36:16,27.85,0.0,1,2785,卖盘
1639,14:36:25,27.86,0.01,21,58506,中性盘
1640,14:36:28,27.86,0.0,10,27860,买盘
1641,14:36:31,27.85,-0.01,2,5570,卖盘
1642,14:36:37,27.85,0.0,15,41775,卖盘
1643,14:36:40,27.85,0.0,8,22280,卖盘
1644,14:36:43,27.85,0.0,27,75195,卖盘
1645,14:36:58,27.85,0.0,11,30635,卖盘
1646,14:37:01,27.85,0.0,2,5570,卖盘
1647,14:37:04,27.85,0.0,22,61272,卖盘
1648,14:37:09,27.85,0.0,13,34812,卖盘
1649,14:37:19,27.84,-0.01,5,13920,卖盘
1650,14:37:28,27.85,0.01,21,58485,买盘
1651,14:37:49,27.85,0.0,12,33413,买盘
1652,14:37:51,27.84,-0.01,15,41760,卖盘
1653,14:38:04,27.85,0.01,1,2785,买盘
1654,14:38:07,27.84,-0.01,3,8352,卖盘
1655,14:38:24,27.84,0.0,8,22272,卖盘
1656,14:38:28,27.84,0.0,17,47328,卖盘
1657,14:38:31,27.85,0.01,21,58482,买盘
1658,14:38:43,27.85,0.0,26,72388,买盘
1659,14:38:55,27.83,-0.02,10,27830,卖盘
1660,14:39:06,27.83,0.0,2,5566,卖盘
1661,14:39:13,27.84,0.01,6,16704,买盘
1662,14:39:25,27.83,-0.01,41,114136,卖盘
1663,14:39:31,27.84,0.01,4,12528,卖盘
1664,14:39:46,27.85,0.01,20,55700,买盘
1665,14:39:48,27.85,0.0,40,111400,买盘
1666,14:39:55,27.85,0.0,16,44560,买盘
1667,14:40:01,27.84,-0.01,170,473588,卖盘
1668,14:40:13,27.85,0.01,3,8355,买盘
1669,14:40:21,27.85,0.0,2,5570,买盘
1670,14:40:28,27.85,0.0,1,2785,卖盘
1671,14:40:48,27.84,-0.01,1,2784,卖盘
1672,14:40:54,27.85,0.01,4,11140,买盘
1673,14:41:04,27.84,-0.01,5,13920,卖盘
1674,14:41:07,27.84,0.0,26,72384,卖盘
1675,14:41:10,27.85,0.01,4,11140,买盘
1676,14:41:13,27.85,0.0,1,2785,卖盘
1677,14:41:16,27.85,0.0,4,11140,卖盘
1678,14:41:19,27.85,0.0,15,41775,卖盘
1679,14:41:37,27.84,-0.01,19,51504,卖盘
1680,14:41:52,27.84,0.0,5,15312,买盘
1681,14:41:55,27.85,0.01,10,27850,买盘
1682,14:42:00,27.85,0.0,11,30634,买盘
1683,14:42:04,27.84,-0.01,10,27840,卖盘
1684,14:42:07,27.85,0.01,4,11140,买盘
1685,14:42:19,27.85,0.0,6,16710,买盘
1686,14:42:31,27.86,0.01,19,52916,买盘
1687,14:42:37,27.85,-0.01,2,5570,卖盘
1688,14:42:40,27.85,0.0,10,27850,卖盘
1689,14:42:43,27.87,0.02,194,540624,买盘
1690,14:42:46,27.87,0.0,1,2787,卖盘
1691,14:42:55,27.88,0.01,12,33456,买盘
1692,14:42:58,27.88,0.0,1,2788,买盘
1693,14:43:01,27.88,0.0,23,64119,买盘
1694,14:43:06,27.88,0.0,26,72488,买盘
1695,14:43:16,27.89,0.01,85,237027,买盘
1696,14:43:22,27.9,0.01,25,69743,买盘
1697,14:43:25,27.89,-0.01,1,2789,中性盘
1698,14:43:28,27.88,-0.01,13,36244,卖盘
1699,14:43:31,27.89,0.01,1,2789,买盘
1700,14:43:34,27.91,0.02,75,209231,买盘
1701,14:43:37,27.9,-0.01,10,27900,卖盘
1702,14:43:40,27.91,0.01,6,16746,买盘
1703,14:43:43,27.91,0.0,1,2791,卖盘
1704,14:43:52,27.92,0.01,8,22336,买盘
1705,14:43:58,27.92,0.0,1,2792,买盘
1706,14:44:01,27.92,0.0,2,5584,买盘
1707,14:44:04,27.92,0.0,2,5584,买盘
1708,14:44:10,27.92,0.0,2,5584,卖盘
1709,14:44:13,27.92,0.0,1,2792,卖盘
1710,14:44:16,27.92,0.0,10,27920,卖盘
1711,14:44:22,27.92,0.0,18,50256,卖盘
1712,14:44:25,27.94,0.02,3,8381,买盘
1713,14:44:28,27.94,0.0,3,8382,买盘
1714,14:44:37,27.94,0.0,94,262510,买盘
1715,14:44:43,27.94,0.0,10,27944,买盘
1716,14:44:49,27.95,0.01,7,19563,买盘
1717,14:44:52,27.94,-0.01,8,22357,卖盘
1718,14:45:01,27.95,0.01,1,2795,买盘
1719,14:45:04,27.95,0.0,16,44720,买盘
1720,14:45:07,27.94,-0.01,25,69850,卖盘
1721,14:45:10,27.94,0.0,5,13970,卖盘
1722,14:45:13,27.94,0.0,29,81026,买盘
1723,14:45:19,27.94,0.0,2,5588,买盘
1724,14:45:25,27.94,0.0,6,16764,买盘
1725,14:45:31,27.94,0.0,10,27940,卖盘
1726,14:45:40,27.94,0.0,31,86614,卖盘
1727,14:45:58,27.96,0.02,93,259954,买盘
1728,14:46:01,27.96,0.0,12,33552,卖盘
1729,14:46:04,27.96,0.0,8,22368,卖盘
1730,14:46:22,27.94,-0.02,3,8382,买盘
1731,14:46:34,27.94,0.0,4,11176,买盘
1732,14:46:40,27.92,-0.02,4,11168,卖盘
1733,14:46:52,27.91,-0.01,1,2791,卖盘
1734,14:46:58,27.91,0.0,8,22326,买盘
1735,14:47:13,27.92,0.01,20,55818,买盘
1736,14:47:16,27.89,-0.03,16,44644,卖盘
1737,14:47:19,27.89,0.0,2,5578,卖盘
1738,14:47:31,27.89,0.0,10,27890,卖盘
1739,14:47:46,27.89,0.0,22,61365,卖盘
1740,14:47:58,27.89,0.0,10,27890,买盘
1741,14:48:01,27.88,-0.01,19,52972,卖盘
1742,14:48:04,27.88,0.0,10,27880,买盘
1743,14:48:07,27.88,0.0,6,16728,买盘
1744,14:48:16,27.88,0.0,19,52972,卖盘
1745,14:48:19,27.89,0.01,37,103171,买盘
1746,14:48:25,27.88,-0.01,3,8364,卖盘
1747,14:48:34,27.89,0.01,7,19523,买盘
1748,14:48:40,27.89,0.0,2,5578,买盘
1749,14:48:43,27.88,-0.01,10,27880,卖盘
1750,14:48:46,27.89,0.01,1,2789,买盘
1751,14:48:49,27.88,-0.01,6,16728,卖盘
1752,14:48:52,27.89,0.01,5,13945,买盘
1753,14:48:55,27.88,-0.01,5,13944,卖盘
1754,14:49:16,27.9,0.02,10,27900,买盘
1755,14:49:22,27.9,0.0,1,2790,买盘
1756,14:49:25,27.89,-0.01,11,30684,卖盘
1757,14:49:55,27.9,0.01,1,2790,卖盘
1758,14:49:58,27.94,0.04,65,181513,买盘
1759,14:50:01,27.91,-0.03,5,13955,卖盘
1760,14:50:07,27.94,0.03,9,25146,买盘
1761,14:50:19,27.94,0.0,12,33528,买盘
1762,14:50:25,27.94,0.0,4,11176,买盘
1763,14:50:28,27.94,0.0,24,67056,买盘
1764,14:50:34,27.92,-0.02,9,25138,卖盘
1765,14:50:46,27.91,-0.01,24,67005,卖盘
1766,14:50:52,27.94,0.03,83,231899,买盘
1767,14:50:55,27.94,0.0,9,25146,卖盘
1768,14:50:58,27.91,-0.03,9,25143,卖盘
1769,14:51:04,27.95,0.04,43,120128,买盘
1770,14:51:07,27.92,-0.03,40,111710,卖盘
1771,14:51:10,27.92,0.0,28,78176,卖盘
1772,14:51:13,27.95,0.03,58,162070,买盘
1773,14:51:16,27.95,0.0,19,53105,买盘
1774,14:51:34,27.95,0.0,5,13972,买盘
1775,14:51:43,27.94,-0.01,5,13970,卖盘
1776,14:51:46,27.95,0.01,6,16770,买盘
1777,14:51:55,27.94,-0.01,24,67077,卖盘
1778,14:52:01,27.94,0.0,4,11176,买盘
1779,14:52:04,27.94,0.0,36,100584,买盘
1780,14:52:07,27.94,0.0,68,190042,买盘
1781,14:52:13,27.94,0.0,5,13970,卖盘
1782,14:52:16,27.95,0.01,25,69855,买盘
1783,14:52:19,27.95,0.0,2,5590,卖盘
1784,14:52:22,27.95,0.0,55,153725,卖盘
1785,14:52:25,27.95,0.0,5,13975,卖盘
1786,14:52:28,27.95,0.0,5,13975,卖盘
1787,14:52:31,27.95,0.0,1,2795,买盘
1788,14:52:34,27.94,-0.01,35,97798,卖盘
1789,14:52:37,27.94,0.0,10,27940,买盘
1790,14:52:40,27.94,0.0,2,5588,买盘
1791,14:52:43,27.94,0.0,1,2794,买盘
1792,14:52:46,27.94,0.0,16,44704,买盘
1793,14:53:04,27.95,0.01,5,13975,买盘
1794,14:53:07,27.94,-0.01,12,33530,卖盘
1795,14:53:10,27.94,0.0,2,5588,买盘
1796,14:53:19,27.94,0.0,3,8382,卖盘
1797,14:53:22,27.94,0.0,13,36320,卖盘
1798,14:53:31,27.93,-0.01,47,131271,卖盘
1799,14:53:34,27.93,0.0,20,55860,卖盘
1800,14:53:37,27.93,0.0,9,25137,卖盘
1801,14:53:40,27.94,0.01,90,251460,买盘
1802,14:53:43,27.94,0.0,2,5588,卖盘
1803,14:53:46,27.93,-0.01,26,72628,卖盘
1804,14:53:49,27.93,0.0,25,69860,卖盘
1805,14:53:52,27.94,0.01,3,8382,买盘
1806,14:53:58,27.94,0.0,13,36322,买盘
1807,14:54:01,27.93,-0.01,4,11172,卖盘
1808,14:54:04,27.94,0.01,3,8382,买盘
1809,14:54:10,27.93,-0.01,151,421985,卖盘
1810,14:54:13,27.93,0.0,10,27930,卖盘
1811,14:54:16,27.94,0.01,10,27940,买盘
1812,14:54:19,27.93,-0.01,14,39102,卖盘
1813,14:54:22,27.93,0.0,3,8380,卖盘
1814,14:54:25,27.94,0.01,2,5588,买盘
1815,14:54:28,27.93,-0.01,4,11172,卖盘
1816,14:54:31,27.93,0.0,7,19556,卖盘
1817,14:54:34,27.94,0.01,20,55872,买盘
1818,14:54:52,27.93,-0.01,5,13965,买盘
1819,14:55:01,27.93,0.0,20,55860,买盘
1820,14:55:04,27.92,-0.01,6,16752,卖盘
1821,14:55:10,27.93,0.01,14,39102,买盘
1822,14:55:19,27.93,0.0,10,27930,买盘
1823,14:55:22,27.93,0.0,5,13965,买盘
1824,14:55:25,27.92,-0.01,5,13960,卖盘
1825,14:55:28,27.93,0.01,10,27930,买盘
1826,14:55:34,27.93,0.0,2,5586,买盘
1827,14:55:37,27.92,-0.01,40,111680,卖盘
1828,14:55:40,27.93,0.01,12,33516,买盘
1829,14:55:49,27.93,0.0,14,39102,买盘
1830,14:55:52,27.93,0.0,7,19551,买盘
1831,14:55:58,27.92,-0.01,10,27920,卖盘
1832,14:56:07,27.92,0.0,9,25128,卖盘
1833,14:56:10,27.92,0.0,50,139600,卖盘
1834,14:56:13,27.92,0.0,16,44686,卖盘
1835,14:56:16,27.92,0.0,2,5584,卖盘
1836,14:56:22,27.92,0.0,5,13960,买盘
1837,14:56:25,27.92,0.0,5,13960,买盘
1838,14:56:34,27.92,0.0,3,8376,买盘
1839,14:56:37,27.92,0.0,17,46068,买盘
1840,14:56:40,27.93,0.01,33,92169,买盘
1841,14:56:46,27.91,-0.02,14,39080,卖盘
1842,14:56:49,27.91,0.0,1,4186,卖盘
1843,14:56:52,27.91,0.0,1,2791,买盘
1844,14:56:55,27.92,0.01,9,25128,卖盘
1845,14:56:58,27.92,0.0,28,78156,买盘
1846,14:57:00,27.9,-0.02,34,94874,卖盘
1847,15:00:05,27.92,0.02,432,1206144,买盘
