,time,price,change,volume,amount,type
0,09:25:04,3.74,0.0,36,13464,卖盘
1,09:30:04,3.77,0.03,120,45240,买盘
2,09:30:06,3.76,-0.01,10,3760,买盘
3,09:30:10,3.76,0.0,18,6768,买盘
4,09:30:13,3.76,0.0,3,1128,买盘
5,09:30:19,3.76,0.0,58,21759,买盘
6,09:30:34,3.75,-0.01,1,375,卖盘
7,09:30:46,3.75,0.0,50,18750,卖盘
8,09:30:54,3.76,0.01,3,1128,买盘
9,09:31:10,3.76,0.0,12,4512,买盘
10,09:31:13,3.76,0.0,27,10152,买盘
11,09:31:46,3.75,-0.01,49,18375,卖盘
12,09:31:49,3.76,0.01,20,7520,买盘
13,09:32:04,3.76,0.0,53,19928,买盘
14,09:32:13,3.76,0.0,1,376,买盘
15,09:32:40,3.76,0.0,3,1128,买盘
16,09:32:48,3.75,-0.01,41,15375,卖盘
17,09:32:51,3.75,0.0,1,375,卖盘
18,09:33:16,3.75,0.0,49,18375,卖盘
19,09:34:49,3.75,0.0,49,18375,卖盘
20,09:34:57,3.75,0.0,20,7500,卖盘
21,09:35:04,3.75,0.0,102,38250,卖盘
22,09:35:49,3.76,0.01,143,53768,买盘
23,09:36:00,3.76,0.0,26,9776,卖盘
24,09:36:12,3.75,-0.01,4,1500,卖盘
25,09:36:18,3.75,0.0,50,18750,卖盘
26,09:36:36,3.75,0.0,100,37500,卖盘
27,09:36:48,3.76,0.01,9,3384,买盘
28,09:36:54,3.77,0.01,3,1131,买盘
29,09:37:51,3.76,-0.01,11,4136,卖盘
30,09:38:00,3.76,0.0,39,14664,买盘
31,09:38:45,3.77,0.01,40,15080,买盘
32,09:38:52,3.76,-0.01,1,376,卖盘
33,09:39:19,3.76,0.0,49,18424,卖盘
34,09:39:21,3.76,0.0,16,6016,卖盘
35,09:40:01,3.76,0.0,1,376,卖盘
36,09:40:04,3.76,0.0,10,3760,卖盘
37,09:40:15,3.76,0.0,50,18800,卖盘
38,09:40:21,3.76,0.0,50,18800,卖盘
39,09:40:36,3.76,0.0,32,12032,卖盘
40,09:40:48,3.75,-0.01,49,18375,卖盘
41,09:41:12,3.75,0.0,145,54375,卖盘
42,09:42:15,3.75,0.0,50,18750,卖盘
43,09:42:57,3.76,0.01,3,1128,买盘
44,09:43:04,3.75,-0.01,50,18750,卖盘
45,09:43:51,3.75,0.0,49,18375,卖盘
46,09:44:51,3.75,0.0,1,375,卖盘
47,09:45:04,3.75,0.0,6,2250,卖盘
48,09:45:16,3.75,0.0,49,18375,卖盘
49,09:46:49,3.75,0.0,49,18375,卖盘
50,09:47:01,3.75,0.0,1,375,卖盘
51,09:47:06,3.76,0.01,1,376,买盘
52,09:47:49,3.76,0.0,20,7520,买盘
53,09:48:00,3.76,0.0,8,3008,买盘
54,09:48:21,3.75,-0.01,49,18375,卖盘
55,09:48:24,3.76,0.01,10,3760,买盘
56,09:48:34,3.76,0.0,356,133856,买盘
57,09:48:46,3.76,0.0,50,18800,卖盘
58,09:48:48,3.76,0.0,6,2256,卖盘
59,09:48:57,3.76,0.0,3,1128,买盘
60,09:49:19,3.75,-0.01,1,375,卖盘
61,09:49:24,3.75,0.0,5,1875,卖盘
62,09:49:36,3.76,0.01,22,8272,买盘
63,09:49:49,3.76,0.0,8,3008,卖盘
64,09:50:12,3.75,-0.01,1,375,卖盘
65,09:50:51,3.75,0.0,1,375,卖盘
66,09:51:19,3.75,0.0,50,18750,卖盘
67,09:52:00,3.75,0.0,1,375,卖盘
68,09:52:45,3.75,0.0,49,18375,卖盘
69,09:53:43,3.76,0.01,1,376,买盘
70,09:54:18,3.75,-0.01,49,18375,卖盘
71,09:54:21,3.76,0.01,3,1128,买盘
72,09:54:34,3.75,-0.01,1,375,卖盘
73,09:54:48,3.75,0.0,25,9375,卖盘
74,09:54:57,3.76,0.01,3,1128,买盘
75,09:55:43,3.76,0.0,26,9776,买盘
76,09:55:48,3.75,-0.01,49,18375,卖盘
77,09:57:06,3.75,0.0,1,375,卖盘
78,09:57:21,3.75,0.0,49,18375,卖盘
79,09:57:40,3.76,0.01,1,376,买盘
80,09:57:45,3.76,0.0,51,19176,买盘
81,09:59:06,3.76,0.0,1,376,卖盘
82,09:59:33,3.77,0.01,1,377,买盘
83,10:00:15,3.76,-0.01,27,10152,卖盘
84,10:00:21,3.76,0.0,22,8272,买盘
85,10:00:48,3.76,0.0,21,7896,卖盘
86,10:00:57,3.76,0.0,3,1128,买盘
87,10:01:36,3.75,-0.01,1,375,卖盘
88,10:01:45,3.75,0.0,41,15375,卖盘
89,10:03:36,3.76,0.01,10,3760,买盘
90,10:03:57,3.75,-0.01,1,375,卖盘
91,10:04:42,3.75,0.0,1,375,卖盘
92,10:05:24,3.75,0.0,2,750,卖盘
93,10:06:27,3.75,0.0,1,375,卖盘
94,10:06:57,3.76,0.01,3,1128,买盘
95,10:07:27,3.75,-0.01,2,750,卖盘
96,10:07:54,3.76,0.01,1,376,买盘
97,10:08:21,3.75,-0.01,1,375,卖盘
98,10:09:21,3.75,0.0,1,375,卖盘
99,10:10:22,3.75,0.0,1,375,卖盘
100,10:10:57,3.76,0.01,101,37975,买盘
101,10:11:21,3.75,-0.01,1,375,卖盘
102,10:11:54,3.76,0.01,100,37600,买盘
103,10:12:21,3.75,-0.01,1,375,卖盘
104,10:12:24,3.76,0.01,50,18800,买盘
105,10:12:57,3.76,0.0,3,1128,买盘
106,10:13:00,3.75,-0.01,17,6375,卖盘
107,10:13:21,3.75,0.0,1,375,卖盘
108,10:14:21,3.75,0.0,1,375,卖盘
109,10:14:48,3.76,0.01,30,11280,买盘
110,10:15:22,3.75,-0.01,1,375,卖盘
111,10:15:57,3.76,0.01,1,376,买盘
112,10:16:00,3.76,0.0,23,8628,买盘
113,10:16:22,3.75,-0.01,1,375,卖盘
114,10:17:21,3.75,0.0,1,375,卖盘
115,10:18:21,3.75,0.0,1,375,卖盘
116,10:18:58,3.76,0.01,3,1128,买盘
117,10:19:21,3.75,-0.01,1,375,卖盘
118,10:19:51,3.76,0.01,146,54896,买盘
119,10:20:21,3.75,-0.01,1,375,卖盘
120,10:20:30,3.76,0.01,3,1128,买盘
121,10:20:36,3.76,0.0,15,5640,买盘
122,10:21:21,3.75,-0.01,1,375,卖盘
123,10:22:22,3.75,0.0,1,375,卖盘
124,10:23:21,3.75,0.0,1,375,卖盘
125,10:24:15,3.75,0.0,1,375,卖盘
126,10:24:21,3.75,0.0,1,375,卖盘
127,10:24:27,3.75,0.0,1,375,卖盘
128,10:24:30,3.75,0.0,7,2625,卖盘
129,10:24:42,3.76,0.01,1,376,买盘
130,10:24:45,3.75,-0.01,2,750,卖盘
131,10:24:57,3.75,0.0,4,1503,卖盘
132,10:25:06,3.75,0.0,1,375,卖盘
133,10:25:15,3.75,0.0,1,375,卖盘
134,10:25:21,3.75,0.0,1,375,卖盘
135,10:26:55,3.76,0.01,80,30080,买盘
136,10:27:06,3.75,-0.01,15,5625,卖盘
137,10:27:30,3.76,0.01,1,376,买盘
138,10:30:00,3.76,0.0,122,45872,买盘
139,10:30:18,3.76,0.0,1,376,买盘
140,10:30:57,3.76,0.0,3,1128,买盘
141,10:31:40,3.76,0.0,10,3760,买盘
142,10:31:57,3.75,-0.01,2,750,卖盘
143,10:32:42,3.76,0.01,5,1880,买盘
144,10:33:18,3.76,0.0,1,376,买盘
145,10:34:09,3.75,-0.01,56,21000,卖盘
146,10:34:12,3.75,0.0,20,7501,卖盘
147,10:35:46,3.75,0.0,76,28500,卖盘
148,10:36:09,3.75,0.0,116,43500,卖盘
149,10:36:21,3.76,0.01,1,376,买盘
150,10:36:51,3.76,0.0,3,1128,买盘
151,10:37:18,3.75,-0.01,35,13125,卖盘
152,10:37:39,3.76,0.01,3,1128,买盘
153,10:37:48,3.75,-0.01,5,1875,卖盘
154,10:38:30,3.74,-0.01,1,374,卖盘
155,10:39:06,3.74,0.0,1,374,卖盘
156,10:41:22,3.74,0.0,56,20944,卖盘
157,10:41:24,3.74,0.0,19,7106,卖盘
158,10:42:36,3.75,0.01,1,375,买盘
159,10:42:46,3.74,-0.01,1,374,卖盘
160,10:42:51,3.75,0.01,3,1125,买盘
161,10:43:19,3.75,0.0,8,3000,买盘
162,10:43:24,3.75,0.0,10,3750,买盘
163,10:44:48,3.74,-0.01,42,15708,卖盘
164,10:45:36,3.75,0.01,1,375,买盘
165,10:47:27,3.74,-0.01,2,748,卖盘
166,10:47:57,3.74,0.0,2,748,卖盘
167,10:48:27,3.74,0.0,2,748,卖盘
168,10:48:36,3.75,0.01,1,375,买盘
169,10:48:51,3.75,0.0,3,1125,买盘
170,10:48:57,3.74,-0.01,2,748,卖盘
171,10:49:27,3.74,0.0,1,374,卖盘
172,10:49:30,3.74,0.0,1,374,卖盘
173,10:49:57,3.74,0.0,3,1122,卖盘
174,10:50:30,3.74,0.0,1,374,卖盘
175,10:50:57,3.74,0.0,3,1122,卖盘
176,10:51:27,3.74,0.0,1,374,卖盘
177,10:51:46,3.75,0.01,1,375,买盘
178,10:51:57,3.74,-0.01,3,1122,卖盘
179,10:52:18,3.74,0.0,30,11220,卖盘
180,10:52:27,3.74,0.0,1,374,卖盘
181,10:52:57,3.74,0.0,3,1122,卖盘
182,10:53:27,3.74,0.0,2,748,卖盘
183,10:53:57,3.74,0.0,2,748,卖盘
184,10:54:06,3.74,0.0,1,374,卖盘
185,10:54:27,3.74,0.0,1,374,卖盘
186,10:54:30,3.74,0.0,1,374,卖盘
187,10:54:51,3.75,0.01,3,1125,买盘
188,10:54:57,3.74,-0.01,2,748,卖盘
189,10:55:04,3.75,0.01,1,375,买盘
190,10:55:27,3.74,-0.01,2,748,卖盘
191,10:56:00,3.74,0.0,2,748,卖盘
192,10:56:31,3.74,0.0,2,748,卖盘
193,10:57:00,3.74,0.0,2,748,卖盘
194,10:57:30,3.74,0.0,2,748,卖盘
195,10:57:51,3.75,0.01,1,375,买盘
196,10:58:00,3.74,-0.01,2,748,卖盘
197,10:58:30,3.74,0.0,3,1122,卖盘
198,10:59:00,3.74,0.0,1,374,卖盘
199,10:59:21,3.75,0.01,3,1125,买盘
200,10:59:30,3.74,-0.01,3,1122,卖盘
201,10:59:42,3.74,0.0,1,374,卖盘
202,11:00:00,3.74,0.0,1,374,卖盘
203,11:00:30,3.74,0.0,3,1122,卖盘
204,11:00:51,3.75,0.01,3,1125,买盘
205,11:00:54,3.75,0.0,1,375,买盘
206,11:01:00,3.74,-0.01,1,374,卖盘
207,11:01:30,3.74,0.0,3,1122,卖盘
208,11:02:00,3.74,0.0,2,748,卖盘
209,11:02:10,3.75,0.01,20,7500,买盘
210,11:02:33,3.74,-0.01,2,748,卖盘
211,11:03:03,3.74,0.0,2,748,卖盘
212,11:03:33,3.74,0.0,1,374,卖盘
213,11:03:48,3.75,0.01,35,13125,买盘
214,11:04:00,3.74,-0.01,3,1123,卖盘
215,11:04:03,3.74,0.0,1,374,卖盘
216,11:04:06,3.75,0.01,40,15000,买盘
217,11:04:33,3.75,0.0,2,750,卖盘
218,11:05:03,3.75,0.0,2,750,卖盘
219,11:05:33,3.75,0.0,2,750,卖盘
220,11:06:04,3.75,0.0,2,750,卖盘
221,11:06:15,3.75,0.0,2,750,卖盘
222,11:06:21,3.76,0.01,1,376,买盘
223,11:06:33,3.75,-0.01,2,750,卖盘
224,11:06:51,3.76,0.01,3,1128,买盘
225,11:06:58,3.76,0.0,1,376,买盘
226,11:07:04,3.75,-0.01,2,750,卖盘
227,11:07:34,3.75,0.0,2,750,卖盘
228,11:08:04,3.75,0.0,3,1125,卖盘
229,11:08:36,3.75,0.0,1,375,卖盘
230,11:09:06,3.76,0.01,18,6765,买盘
231,11:10:04,3.76,0.0,1,376,买盘
232,11:11:54,3.75,-0.01,1,375,卖盘
233,11:12:52,3.76,0.01,3,1128,买盘
234,11:13:06,3.76,0.0,1,376,买盘
235,11:13:36,3.76,0.0,55,20680,买盘
236,11:14:00,3.75,-0.01,2,750,卖盘
237,11:16:12,3.76,0.01,1,376,买盘
238,11:16:36,3.75,-0.01,130,48750,卖盘
239,11:18:51,3.76,0.01,3,1128,买盘
240,11:18:57,3.76,0.0,1,376,买盘
241,11:19:12,3.76,0.0,1,376,买盘
242,11:20:36,3.76,0.0,8,3008,买盘
243,11:21:01,3.76,0.0,3,1128,买盘
244,11:22:24,3.76,0.0,1,376,买盘
245,11:24:42,3.76,0.0,20,7520,买盘
246,11:24:51,3.76,0.0,3,1128,买盘
247,11:25:04,3.76,0.0,19,7144,买盘
248,11:25:24,3.76,0.0,1,376,买盘
249,11:26:00,3.75,-0.01,373,139875,卖盘
250,11:27:09,3.74,-0.01,19,7106,卖盘
251,11:27:27,3.75,0.01,4,1500,买盘
252,11:27:30,3.75,0.0,12,4500,买盘
253,11:27:33,3.75,0.0,8,3000,买盘
254,11:27:37,3.75,0.0,8,3000,买盘
255,11:27:39,3.75,0.0,8,3000,买盘
256,11:27:42,3.75,0.0,29,10875,买盘
257,11:27:45,3.75,0.0,5,1875,买盘
258,11:27:48,3.75,0.0,4,1500,买盘
259,11:27:51,3.75,0.0,3,1125,买盘
260,11:27:54,3.75,0.0,4,1500,买盘
261,11:27:57,3.75,0.0,3,1125,买盘
262,11:28:00,3.75,0.0,3,1125,买盘
263,11:28:03,3.75,0.0,3,1125,买盘
264,11:28:27,3.75,0.0,2,750,买盘
265,11:28:33,3.75,0.0,1,375,买盘
266,11:28:36,3.75,0.0,1,375,买盘
267,11:28:39,3.75,0.0,1,375,买盘
268,11:28:42,3.75,0.0,1,375,买盘
269,11:28:45,3.75,0.0,1,375,买盘
270,11:28:48,3.75,0.0,1,375,买盘
271,11:28:51,3.75,0.0,1,375,买盘
272,11:28:54,3.75,0.0,1,375,买盘
273,11:28:57,3.75,0.0,1,375,买盘
274,11:29:00,3.75,0.0,1,375,买盘
275,11:29:04,3.75,0.0,1,375,买盘
276,11:29:06,3.75,0.0,1,375,买盘
277,11:29:09,3.75,0.0,1,375,买盘
278,11:29:12,3.75,0.0,1,375,买盘
279,11:29:15,3.75,0.0,1,375,买盘
280,11:29:18,3.75,0.0,1,375,买盘
281,11:29:21,3.75,0.0,1,375,买盘
282,11:29:24,3.75,0.0,1,375,买盘
283,11:29:27,3.75,0.0,1,375,买盘
284,11:29:30,3.75,0.0,1,375,买盘
285,11:29:33,3.75,0.0,1,375,买盘
286,11:29:36,3.75,0.0,1,375,买盘
287,11:29:39,3.75,0.0,1,375,买盘
288,11:29:42,3.75,0.0,1,375,买盘
289,11:29:45,3.75,0.0,1,375,买盘
290,11:29:48,3.75,0.0,1,375,买盘
291,11:29:51,3.75,0.0,1,375,买盘
292,11:29:54,3.75,0.0,1,375,买盘
293,11:29:57,3.75,0.0,1,375,买盘
294,11:30:01,3.75,0.0,1,375,买盘
295,13:00:04,3.74,-0.01,14,5243,卖盘
296,13:00:09,3.75,0.01,2,750,买盘
297,13:00:39,3.75,0.0,4,1500,买盘
298,13:00:51,3.76,0.01,3,1128,买盘
299,13:01:30,3.76,0.0,1,376,买盘
300,13:02:51,3.75,-0.01,3,1125,卖盘
301,13:03:27,3.76,0.01,20,7520,买盘
302,13:03:54,3.76,0.0,1,376,买盘
303,13:04:27,3.76,0.0,1,376,买盘
304,13:06:00,3.75,-0.01,1,375,卖盘
305,13:06:36,3.76,0.01,3,1128,买盘
306,13:06:51,3.76,0.0,6,2256,买盘
307,13:07:12,3.75,-0.01,110,41250,卖盘
308,13:07:18,3.75,0.0,34,12750,买盘
309,13:07:33,3.75,0.0,29,10875,买盘
310,13:07:42,3.76,0.01,7,2632,买盘
311,13:08:33,3.75,-0.01,20,7500,卖盘
312,13:09:21,3.76,0.01,3,1128,买盘
313,13:09:57,3.76,0.0,3,1128,买盘
314,13:10:36,3.76,0.0,1,376,买盘
315,13:10:54,3.76,0.0,1,376,买盘
316,13:12:21,3.75,-0.01,6,2250,卖盘
317,13:12:51,3.75,0.0,3,1125,买盘
318,13:14:12,3.75,0.0,1,375,买盘
319,13:14:15,3.75,0.0,1,375,买盘
320,13:14:18,3.75,0.0,1,375,买盘
321,13:14:21,3.75,0.0,1,375,买盘
322,13:14:24,3.75,0.0,1,375,买盘
323,13:14:27,3.75,0.0,1,375,买盘
324,13:14:30,3.75,0.0,1,375,买盘
325,13:14:33,3.75,0.0,1,375,买盘
326,13:14:36,3.75,0.0,2,750,买盘
327,13:14:39,3.75,0.0,1,375,买盘
328,13:14:42,3.75,0.0,1,375,买盘
329,13:14:45,3.75,0.0,1,375,买盘
330,13:14:49,3.75,0.0,1,375,买盘
331,13:14:51,3.75,0.0,1,375,买盘
332,13:14:54,3.75,0.0,1,375,买盘
333,13:14:57,3.75,0.0,37,13875,买盘
334,13:15:18,3.76,0.01,1,376,买盘
335,13:15:45,3.75,-0.01,1,375,卖盘
336,13:16:39,3.75,0.0,82,30750,卖盘
337,13:16:45,3.75,0.0,1,375,买盘
338,13:18:51,3.75,0.0,3,1125,买盘
339,13:19:09,3.75,0.0,29,10875,买盘
340,13:19:48,3.75,0.0,1,375,买盘
341,13:20:48,3.75,0.0,105,39375,买盘
342,13:20:54,3.75,0.0,27,10125,买盘
343,13:21:15,3.75,0.0,52,19500,买盘
344,13:21:21,3.75,0.0,49,18375,买盘
345,13:22:43,3.74,-0.01,1,374,卖盘
346,13:22:51,3.75,0.01,1,375,买盘
347,13:23:03,3.75,0.0,23,8625,买盘
348,13:23:06,3.75,0.0,15,5625,买盘
349,13:23:12,3.75,0.0,87,32625,买盘
350,13:24:18,3.75,0.0,248,93000,买盘
351,13:24:42,3.74,-0.01,2,748,卖盘
352,13:24:48,3.75,0.01,289,108375,买盘
353,13:24:51,3.75,0.0,3,1125,买盘
354,13:24:54,3.75,0.0,14,5250,买盘
355,13:24:57,3.75,0.0,29,10875,买盘
356,13:25:06,3.75,0.0,73,27375,买盘
357,13:25:52,3.75,0.0,1,375,卖盘
358,13:25:55,3.76,0.01,1,376,买盘
359,13:27:30,3.76,0.0,1,376,买盘
360,13:27:39,3.76,0.0,15,5640,买盘
361,13:28:09,3.75,-0.01,5,1875,卖盘
362,13:28:48,3.75,0.0,39,14625,卖盘
363,13:28:57,3.76,0.01,1,376,买盘
364,13:30:49,3.75,-0.01,4,1500,卖盘
365,13:30:51,3.76,0.01,3,1128,买盘
366,13:31:00,3.76,0.0,3,1128,买盘
367,13:32:09,3.76,0.0,12,4512,买盘
368,13:32:33,3.75,-0.01,50,18750,卖盘
369,13:32:57,3.75,0.0,2,750,卖盘
370,13:33:18,3.75,0.0,3,1125,卖盘
371,13:35:27,3.75,0.0,1,375,卖盘
372,13:36:51,3.76,0.01,3,1128,买盘
373,13:37:06,3.75,-0.01,50,18750,卖盘
374,13:37:36,3.75,0.0,1,375,卖盘
375,13:38:12,3.76,0.01,1,376,买盘
376,13:39:16,3.76,0.0,1,376,买盘
377,13:39:22,3.75,-0.01,73,27375,卖盘
378,13:39:51,3.75,0.0,15,5625,卖盘
379,13:42:33,3.75,0.0,5,1875,卖盘
380,13:42:51,3.76,0.01,3,1128,买盘
381,13:44:06,3.75,-0.01,30,11250,卖盘
382,13:44:15,3.76,0.01,1,376,买盘
383,13:45:48,3.75,-0.01,1,375,卖盘
384,13:46:12,3.75,0.0,81,30375,卖盘
385,13:46:51,3.74,-0.01,1,374,卖盘
386,13:48:30,3.75,0.01,2,750,买盘
387,13:48:33,3.75,0.0,30,11250,卖盘
388,13:48:51,3.75,0.0,3,1125,买盘
389,13:50:21,3.75,0.0,1,375,买盘
390,13:50:27,3.74,-0.01,1,374,卖盘
391,13:51:30,3.75,0.01,66,24750,买盘
392,13:51:33,3.75,0.0,1,375,卖盘
393,13:52:42,3.76,0.01,3,1128,买盘
394,13:53:27,3.76,0.0,1,376,买盘
395,13:54:51,3.76,0.0,3,1128,买盘
396,13:55:48,3.75,-0.01,9,3375,卖盘
397,13:55:57,3.75,0.0,1,375,买盘
398,13:56:33,3.75,0.0,1,375,买盘
399,13:57:06,3.74,-0.01,5,1870,卖盘
400,13:59:36,3.75,0.01,1,375,买盘
401,14:00:18,3.74,-0.01,106,39644,卖盘
402,14:00:51,3.75,0.01,6,2250,买盘
403,14:01:00,3.74,-0.01,2,748,卖盘
404,14:01:24,3.74,0.0,1,374,卖盘
405,14:01:48,3.75,0.01,1,375,买盘
406,14:02:36,3.75,0.0,1,375,买盘
407,14:05:39,3.75,0.0,1,375,买盘
408,14:06:13,3.75,0.0,29,10875,买盘
409,14:06:51,3.75,0.0,6,2250,买盘
410,14:08:06,3.74,-0.01,1,374,卖盘
411,14:08:12,3.74,0.0,1,374,卖盘
412,14:08:48,3.75,0.01,2,749,买盘
413,14:09:06,3.75,0.0,153,57375,买盘
414,14:11:49,3.75,0.0,1,375,买盘
415,14:11:58,3.75,0.0,1,375,买盘
416,14:12:33,3.75,0.0,1,375,买盘
417,14:12:45,3.74,-0.01,1500,561000,卖盘
418,14:12:51,3.75,0.01,3,1125,买盘
419,14:12:57,3.74,-0.01,1,374,卖盘
420,14:13:18,3.75,0.01,25,9375,买盘
421,14:13:24,3.75,0.0,12,4500,买盘
422,14:14:21,3.75,0.0,3,1125,买盘
423,14:15:48,3.74,-0.01,30,11220,卖盘
424,14:16:00,3.74,0.0,8,2992,卖盘
425,14:16:06,3.74,0.0,355,132770,卖盘
426,14:17:01,3.74,0.0,3,1122,买盘
427,14:17:12,3.74,0.0,47,17578,买盘
428,14:17:36,3.74,0.0,6,2244,买盘
429,14:18:27,3.75,0.01,10,3750,买盘
430,14:18:51,3.75,0.0,3,1125,买盘
431,14:21:04,3.75,0.0,1,375,买盘
432,14:21:06,3.74,-0.01,44,16456,卖盘
433,14:21:09,3.74,0.0,13,4862,卖盘
434,14:21:57,3.74,0.0,30,11220,卖盘
435,14:22:42,3.75,0.01,730,273750,买盘
436,14:23:45,3.75,0.0,1,375,卖盘
437,14:23:51,3.76,0.01,76,28576,买盘
438,14:24:51,3.76,0.0,3,1128,买盘
439,14:24:54,3.75,-0.01,150,56250,卖盘
440,14:25:21,3.76,0.01,55,20680,买盘
441,14:25:42,3.75,-0.01,10,3750,卖盘
442,14:25:58,3.75,0.0,30,11250,卖盘
443,14:26:09,3.76,0.01,20,7520,买盘
444,14:26:36,3.75,-0.01,1,375,买盘
445,14:27:00,3.75,0.0,57,21375,卖盘
446,14:27:15,3.75,0.0,359,134625,买盘
447,14:27:28,3.75,0.0,287,107625,买盘
448,14:27:42,3.75,0.0,97,36375,买盘
449,14:27:51,3.74,-0.01,1000,374059,卖盘
450,14:28:27,3.76,0.02,20,7520,买盘
451,14:29:12,3.75,-0.01,198,74250,买盘
452,14:29:27,3.75,0.0,980,367500,买盘
453,14:29:30,3.75,0.0,92,34500,买盘
454,14:29:39,3.75,0.0,8,3000,卖盘
455,14:29:48,3.75,0.0,2,750,买盘
456,14:30:06,3.75,0.0,1,375,买盘
457,14:30:16,3.75,0.0,11,4125,买盘
458,14:30:51,3.75,0.0,3,1125,买盘
459,14:32:30,3.75,0.0,10,3750,买盘
460,14:32:57,3.75,0.0,1,375,买盘
461,14:33:06,3.75,0.0,3,1125,买盘
462,14:33:09,3.75,0.0,1,375,买盘
463,14:33:24,3.74,-0.01,1,374,卖盘
464,14:33:33,3.74,0.0,20,7480,卖盘
465,14:35:03,3.74,0.0,11,4114,卖盘
466,14:35:33,3.74,0.0,21,7854,卖盘
467,14:36:16,3.75,0.01,1,375,买盘
468,14:36:51,3.74,-0.01,629,235246,卖盘
469,14:37:15,3.74,0.0,5,1870,买盘
470,14:37:21,3.74,0.0,9,3366,买盘
471,14:38:39,3.74,0.0,20,7480,买盘
472,14:38:52,3.73,-0.01,1,373,卖盘
473,14:39:21,3.74,0.01,12,4488,买盘
474,14:39:33,3.74,0.0,100,37400,买盘
475,14:39:39,3.74,0.0,42,15708,买盘
476,14:40:49,3.74,0.0,84,31416,买盘
477,14:41:18,3.74,0.0,155,57970,买盘
478,14:41:28,3.74,0.0,8,2992,买盘
479,14:41:43,3.74,0.0,10,3740,买盘
480,14:42:22,3.74,0.0,1,374,买盘
481,14:42:37,3.74,0.0,10,3740,买盘
482,14:42:51,3.74,0.0,3,1122,买盘
483,14:43:48,3.74,0.0,93,34782,买盘
484,14:44:58,3.74,0.0,10,3740,买盘
485,14:45:24,3.74,0.0,1,374,买盘
486,14:45:45,3.74,0.0,50,18700,买盘
487,14:46:33,3.73,-0.01,1,373,卖盘
488,14:48:13,3.73,0.0,1,373,卖盘
489,14:48:30,3.74,0.01,1,374,买盘
490,14:48:51,3.74,0.0,3,1122,买盘
491,14:49:36,3.74,0.0,1,374,买盘
492,14:49:54,3.73,-0.01,10,3730,卖盘
493,14:50:45,3.73,0.0,10,3730,卖盘
494,14:51:06,3.73,0.0,10,3730,卖盘
495,14:51:30,3.74,0.01,1,374,买盘
496,14:52:01,3.74,0.0,67,25058,买盘
497,14:52:04,3.73,-0.01,19,7087,卖盘
498,14:52:16,3.74,0.01,100,37400,买盘
499,14:52:58,3.74,0.0,60,22390,买盘
500,14:53:19,3.74,0.0,30,11220,买盘
501,14:53:34,3.74,0.0,10,3740,买盘
502,14:53:45,3.73,-0.01,7,2611,卖盘
503,14:54:28,3.74,0.01,517,193358,买盘
504,14:54:39,3.75,0.01,1,375,买盘
505,14:54:49,3.75,0.0,4,1500,买盘
506,14:54:51,3.75,0.0,3,1125,买盘
507,14:56:21,3.75,0.0,50,18750,买盘
508,14:56:28,3.75,0.0,10,3750,买盘
509,14:56:45,3.74,-0.01,4,1496,卖盘
510,14:56:55,3.74,0.0,25,9350,卖盘
511,15:00:04,3.75,0.01,140,52500,卖盘
