,time,price,change,volume,amount,type
0,09:25:05,10.14,-0.05,49,49686,买盘
1,09:30:04,10.08,-0.06,20,20203,卖盘
2,09:30:07,10.1,0.02,57,57661,中性盘
3,09:30:12,10.11,0.01,14,14184,中性盘
4,09:30:19,10.14,0.03,7,7098,买盘
5,09:30:31,10.14,0.0,88,89232,卖盘
6,09:30:37,10.14,0.0,4,4056,买盘
7,09:30:49,10.14,0.0,40,40560,买盘
8,09:30:52,10.15,0.01,7,7099,买盘
9,09:30:58,10.15,0.0,20,20300,买盘
10,09:31:04,10.11,-0.04,83,84040,卖盘
11,09:31:06,10.1,-0.01,5,5050,卖盘
12,09:31:13,10.11,0.01,30,30330,买盘
13,09:31:16,10.11,0.0,1,1011,买盘
14,09:31:19,10.11,0.0,3,3033,买盘
15,09:31:22,10.11,0.0,2,2022,买盘
16,09:31:43,10.11,0.0,22,22242,买盘
17,09:31:46,10.11,0.0,42,42462,买盘
18,09:32:07,10.11,0.0,61,61695,卖盘
19,09:32:19,10.14,0.03,4,4056,买盘
20,09:32:25,10.11,-0.03,10,10110,卖盘
21,09:32:43,10.11,0.0,31,31352,卖盘
22,09:32:49,10.11,0.0,20,20230,卖盘
23,09:32:58,10.14,0.03,2,2028,买盘
24,09:33:01,10.18,0.04,66,66962,买盘
25,09:33:10,10.18,0.0,5,5090,卖盘
26,09:33:31,10.18,0.0,14,14252,卖盘
27,09:33:37,10.18,0.0,1,1018,卖盘
28,09:33:40,10.18,0.0,3,3054,卖盘
29,09:33:43,10.18,0.0,3,3054,卖盘
30,09:33:46,10.19,0.01,8,8149,买盘
31,09:33:49,10.18,-0.01,1,1018,卖盘
32,09:33:52,10.18,0.0,25,25455,卖盘
33,09:33:54,10.2,0.02,5,5100,买盘
34,09:34:01,10.22,0.02,8,8176,买盘
35,09:34:04,10.2,-0.02,16,16320,卖盘
36,09:34:12,10.2,0.0,4,4080,卖盘
37,09:34:19,10.2,0.0,3,3060,买盘
38,09:34:22,10.19,-0.01,1,1019,卖盘
39,09:34:25,10.19,0.0,10,10190,买盘
40,09:34:48,10.19,0.0,2,2038,买盘
41,09:34:54,10.19,0.0,13,13247,卖盘
42,09:35:25,10.2,0.01,2,2040,买盘
43,09:35:28,10.19,-0.01,33,33657,卖盘
44,09:35:34,10.19,0.0,26,26494,卖盘
45,09:35:43,10.21,0.02,2,2042,买盘
46,09:36:04,10.21,0.0,2,2042,买盘
47,09:36:10,10.2,-0.01,1,1020,卖盘
48,09:36:16,10.21,0.01,36,36756,买盘
49,09:36:31,10.22,0.01,5,5110,买盘
50,09:36:34,10.22,0.0,43,43946,买盘
51,09:36:40,10.21,-0.01,18,18385,卖盘
52,09:36:52,10.23,0.02,9,9207,买盘
53,09:37:12,10.23,0.0,18,18414,买盘
54,09:37:25,10.21,-0.02,7,7152,卖盘
55,09:37:27,10.23,0.02,11,11253,买盘
56,09:37:42,10.23,0.0,20,20460,买盘
57,09:37:46,10.23,0.0,10,10230,卖盘
58,09:37:49,10.23,0.0,1,1023,卖盘
59,09:38:09,10.23,0.0,21,21483,买盘
60,09:38:22,10.23,0.0,1,1023,卖盘
61,09:38:37,10.21,-0.02,63,64323,卖盘
62,09:38:43,10.22,0.01,16,16352,买盘
63,09:38:51,10.21,-0.01,17,17357,卖盘
64,09:39:07,10.2,-0.01,1,1020,卖盘
65,09:39:25,10.2,0.0,4,4080,卖盘
66,09:39:31,10.2,0.0,15,15301,卖盘
67,09:39:34,10.2,0.0,49,49981,卖盘
68,09:39:46,10.2,0.0,1,1020,买盘
69,09:39:49,10.2,0.0,1,1020,买盘
70,09:39:52,10.2,0.0,1,1020,买盘
71,09:39:55,10.2,0.0,1,1020,买盘
72,09:39:57,10.2,0.0,3,3060,买盘
73,09:40:01,10.2,0.0,1,1020,买盘
74,09:40:04,10.2,0.0,1,1020,买盘
75,09:40:07,10.2,0.0,1,1020,买盘
76,09:40:10,10.2,0.0,3,3060,买盘
77,09:40:16,10.21,0.01,1,1021,买盘
78,09:41:00,10.2,-0.01,10,10200,卖盘
79,09:41:04,10.21,0.01,2,2042,买盘
80,09:41:06,10.2,-0.01,10,10200,卖盘
81,09:41:21,10.2,0.0,3,3060,卖盘
82,09:41:28,10.21,0.01,5,5101,买盘
83,09:41:49,10.18,-0.03,30,30567,卖盘
84,09:42:06,10.15,-0.03,46,46793,卖盘
85,09:42:13,10.15,0.0,3,3045,买盘
86,09:42:16,10.15,0.0,9,9135,买盘
87,09:42:19,10.15,0.0,4,4060,买盘
88,09:42:22,10.15,0.0,8,8120,买盘
89,09:42:25,10.18,0.03,1,1018,买盘
90,09:42:27,10.18,0.0,2,2036,买盘
91,09:42:34,10.2,0.02,1,1020,买盘
92,09:42:46,10.17,-0.03,5,5085,买盘
93,09:42:49,10.17,0.0,2,2034,买盘
94,09:42:52,10.16,-0.01,4,4066,卖盘
95,09:42:54,10.17,0.01,2,2034,买盘
96,09:43:25,10.17,0.0,1,1017,卖盘
97,09:43:31,10.17,0.0,3,3057,卖盘
98,09:43:36,10.17,0.0,1,1017,买盘
99,09:43:40,10.17,0.0,1,1017,买盘
100,09:43:43,10.17,0.0,1,1017,买盘
101,09:43:45,10.17,0.0,3,3051,买盘
102,09:43:49,10.17,0.0,2,2034,买盘
103,09:44:01,10.17,0.0,2,2034,卖盘
104,09:44:19,10.17,0.0,2,2034,买盘
105,09:45:19,10.19,0.02,2,2038,买盘
106,09:45:28,10.19,0.0,2,2038,买盘
107,09:45:37,10.17,-0.02,39,39663,卖盘
108,09:46:30,10.17,0.0,10,10170,卖盘
109,09:46:40,10.17,0.0,14,14238,买盘
110,09:46:52,10.17,0.0,15,15255,买盘
111,09:46:58,10.16,-0.01,10,10160,卖盘
112,09:47:01,10.17,0.01,3,3051,买盘
113,09:47:19,10.17,0.0,2,2034,卖盘
114,09:47:31,10.17,0.0,25,25425,卖盘
115,09:48:28,10.16,-0.01,37,37592,卖盘
116,09:48:58,10.16,0.0,1,1016,买盘
117,09:49:00,10.16,0.0,1,1016,卖盘
118,09:49:04,10.16,0.0,2,2032,买盘
119,09:49:28,10.16,0.0,2,2032,买盘
120,09:49:34,10.17,0.01,4,4068,买盘
121,09:49:58,10.17,0.0,15,15255,买盘
122,09:51:06,10.17,0.0,30,30510,卖盘
123,09:51:09,10.18,0.01,1,1018,买盘
124,09:51:13,10.17,-0.01,2,2034,卖盘
125,09:51:16,10.17,0.0,11,11187,卖盘
126,09:51:30,10.18,0.01,10,10180,买盘
127,09:51:40,10.18,0.0,9,9162,买盘
128,09:52:18,10.19,0.01,2,2038,买盘
129,09:52:22,10.18,-0.01,5,5090,卖盘
130,09:52:25,10.18,0.0,4,4072,卖盘
131,09:52:52,10.19,0.01,10,10190,买盘
132,09:53:10,10.18,-0.01,20,20360,卖盘
133,09:53:13,10.19,0.01,60,61140,买盘
134,09:53:36,10.2,0.01,33,33660,买盘
135,09:54:12,10.19,-0.01,7,7133,卖盘
136,09:54:25,10.2,0.01,15,15291,买盘
137,09:55:04,10.2,0.0,34,34680,买盘
138,09:55:10,10.2,0.0,10,10200,买盘
139,09:55:25,10.2,0.0,29,29580,买盘
140,09:55:28,10.2,0.0,8,8160,买盘
141,09:55:30,10.2,0.0,3,3060,买盘
142,09:55:40,10.2,0.0,30,30600,买盘
143,09:55:55,10.19,-0.01,3,3057,卖盘
144,09:56:22,10.2,0.01,2,2040,买盘
145,09:56:49,10.21,0.01,4,4084,买盘
146,09:56:58,10.21,0.0,20,20420,买盘
147,09:57:01,10.21,0.0,1,1021,买盘
148,09:57:10,10.2,-0.01,11,11230,卖盘
149,09:57:25,10.21,0.01,5,5105,买盘
150,09:57:27,10.21,0.0,19,19399,买盘
151,09:57:40,10.23,0.02,5,5115,买盘
152,09:57:55,10.24,0.01,10,10240,买盘
153,09:58:30,10.23,-0.01,10,10230,买盘
154,09:58:46,10.24,0.01,50,51170,买盘
155,09:58:51,10.24,0.0,1,1024,买盘
156,09:59:01,10.21,-0.03,20,20420,卖盘
157,09:59:22,10.2,-0.01,42,42840,卖盘
158,09:59:58,10.21,0.01,5,5105,卖盘
159,10:01:07,10.23,0.02,3,3067,买盘
160,10:01:34,10.2,-0.03,18,18360,卖盘
161,10:02:39,10.2,0.0,20,20400,卖盘
162,10:02:46,10.2,0.0,14,14280,卖盘
163,10:03:13,10.2,0.0,1,1020,买盘
164,10:04:01,10.2,0.0,14,14280,买盘
165,10:05:01,10.22,0.02,2,2044,买盘
166,10:05:13,10.22,0.0,1,1022,买盘
167,10:05:19,10.23,0.01,47,48037,买盘
168,10:05:49,10.23,0.0,20,20460,买盘
169,10:06:04,10.23,0.0,8,8184,买盘
170,10:06:22,10.24,0.01,20,20480,买盘
171,10:06:33,10.24,0.0,2,2048,卖盘
172,10:06:37,10.25,0.01,40,41000,买盘
173,10:07:03,10.25,0.0,15,15375,买盘
174,10:07:09,10.25,0.0,10,10250,卖盘
175,10:07:13,10.25,0.0,6,6150,卖盘
176,10:07:21,10.25,0.0,18,18450,买盘
177,10:08:07,10.25,0.0,76,77900,买盘
178,10:08:10,10.24,-0.01,5,5120,卖盘
179,10:08:24,10.24,0.0,13,13312,卖盘
180,10:08:36,10.23,-0.01,15,15345,卖盘
181,10:08:49,10.23,0.0,77,78771,卖盘
182,10:08:55,10.22,-0.01,1,1022,卖盘
183,10:09:33,10.22,0.0,5,5110,买盘
184,10:10:34,10.23,0.01,3,3069,买盘
185,10:10:37,10.23,0.0,6,6138,买盘
186,10:10:40,10.21,-0.02,30,30640,卖盘
187,10:10:58,10.23,0.02,5,5115,买盘
188,10:11:13,10.24,0.01,177,181130,买盘
189,10:11:39,10.24,0.0,3,3072,买盘
190,10:11:52,10.24,0.0,57,58368,买盘
191,10:12:04,10.24,0.0,29,29696,卖盘
192,10:12:07,10.24,0.0,20,20480,买盘
193,10:12:19,10.24,0.0,67,68608,买盘
194,10:12:28,10.23,-0.01,4,4092,买盘
195,10:12:34,10.23,0.0,30,30690,买盘
196,10:12:36,10.23,0.0,23,23529,买盘
197,10:12:52,10.23,0.0,29,29667,买盘
198,10:13:04,10.24,0.01,1,1024,买盘
199,10:13:07,10.23,-0.01,30,30690,卖盘
200,10:14:04,10.24,0.01,2,2048,买盘
201,10:14:19,10.24,0.0,44,45056,买盘
202,10:14:25,10.24,0.0,19,19456,买盘
203,10:14:40,10.24,0.0,3,3072,买盘
204,10:14:49,10.24,0.0,1,1024,买盘
205,10:15:09,10.24,0.0,14,14336,买盘
206,10:15:31,10.24,0.0,3,3072,买盘
207,10:15:52,10.24,0.0,27,27648,买盘
208,10:16:04,10.24,0.0,8,8192,卖盘
209,10:16:06,10.24,0.0,2,2048,买盘
210,10:16:15,10.23,-0.01,10,10230,卖盘
211,10:16:18,10.24,0.01,9,9216,买盘
212,10:16:25,10.23,-0.01,30,30691,卖盘
213,10:16:37,10.24,0.01,20,20480,卖盘
214,10:16:54,10.24,0.0,8,8192,卖盘
215,10:17:06,10.24,0.0,10,10240,卖盘
216,10:17:10,10.24,0.0,5,5120,卖盘
217,10:17:12,10.24,0.0,29,29696,卖盘
218,10:17:36,10.22,-0.02,21,21467,卖盘
219,10:18:10,10.22,0.0,18,18396,买盘
220,10:18:16,10.21,-0.01,11,11241,卖盘
221,10:18:21,10.22,0.01,1,1022,买盘
222,10:20:12,10.24,0.02,20,20480,买盘
223,10:20:34,10.24,0.0,1,1024,买盘
224,10:21:12,10.23,-0.01,2,2046,买盘
225,10:22:10,10.23,0.0,4,4092,买盘
226,10:23:07,10.23,0.0,20,20460,卖盘
227,10:23:33,10.23,0.0,49,50127,买盘
228,10:23:51,10.22,-0.01,25,25550,卖盘
229,10:24:09,10.23,0.01,1,1023,买盘
230,10:24:15,10.22,-0.01,19,19418,卖盘
231,10:24:22,10.22,0.0,14,14314,卖盘
232,10:24:49,10.21,-0.01,70,71470,卖盘
233,10:24:52,10.21,0.0,30,30630,卖盘
234,10:25:40,10.21,0.0,9,9189,卖盘
235,10:26:40,10.2,-0.01,28,28560,卖盘
236,10:26:57,10.2,0.0,2,2040,买盘
237,10:27:31,10.2,0.0,6,6120,卖盘
238,10:27:52,10.2,0.0,16,16321,卖盘
239,10:27:58,10.2,0.0,10,10200,卖盘
240,10:28:46,10.2,0.0,17,17340,卖盘
241,10:28:54,10.2,0.0,1,1020,买盘
242,10:29:12,10.2,0.0,2,2040,买盘
243,10:29:22,10.2,0.0,1,1020,买盘
244,10:29:24,10.2,0.0,10,10200,买盘
245,10:29:28,10.2,0.0,21,21420,买盘
246,10:29:54,10.2,0.0,3,3060,卖盘
247,10:30:19,10.21,0.01,1,1021,买盘
248,10:30:22,10.21,0.0,1,1021,买盘
249,10:30:28,10.21,0.0,2,2042,买盘
250,10:30:43,10.21,0.0,15,15315,买盘
251,10:30:54,10.21,0.0,1,1021,买盘
252,10:31:01,10.21,0.0,11,11231,买盘
253,10:31:04,10.21,0.0,100,102100,卖盘
254,10:31:40,10.22,0.01,9,9198,买盘
255,10:34:16,10.2,-0.02,60,61238,卖盘
256,10:34:40,10.2,0.0,9,9180,卖盘
257,10:34:57,10.19,-0.01,28,28532,卖盘
258,10:36:01,10.19,0.0,20,20380,卖盘
259,10:36:31,10.2,0.01,4,4080,卖盘
260,10:36:42,10.19,-0.01,40,40760,卖盘
261,10:38:04,10.19,0.0,50,50950,卖盘
262,10:38:52,10.19,0.0,4,4076,卖盘
263,10:40:54,10.19,0.0,15,15285,卖盘
264,10:41:31,10.18,-0.01,14,14252,卖盘
265,10:41:34,10.18,0.0,11,11198,卖盘
266,10:42:01,10.18,0.0,3,3054,买盘
267,10:42:40,10.17,-0.01,80,81360,卖盘
268,10:42:46,10.18,0.01,6,6108,买盘
269,10:43:22,10.18,0.0,10,10180,卖盘
270,10:43:31,10.17,-0.01,3,3053,卖盘
271,10:43:37,10.17,0.0,7,7119,买盘
272,10:43:45,10.15,-0.02,20,20321,卖盘
273,10:44:16,10.16,0.01,12,12192,卖盘
274,10:44:28,10.18,0.02,4,4072,买盘
275,10:45:01,10.18,0.0,20,20360,卖盘
276,10:45:10,10.18,0.0,5,5090,卖盘
277,10:45:12,10.18,0.0,3,3054,卖盘
278,10:46:06,10.18,0.0,21,21378,卖盘
279,10:46:22,10.16,-0.02,1,1016,卖盘
280,10:48:06,10.17,0.01,7,7119,买盘
281,10:48:25,10.16,-0.01,40,40673,卖盘
282,10:50:16,10.17,0.01,5,5085,卖盘
283,10:50:54,10.18,0.01,20,20342,买盘
284,10:54:07,10.19,0.01,20,20380,买盘
285,10:54:28,10.17,-0.02,1,1017,卖盘
286,10:54:45,10.19,0.02,10,10190,买盘
287,10:55:34,10.19,0.0,10,10190,买盘
288,10:56:30,10.19,0.0,1,1019,买盘
289,10:56:39,10.18,-0.01,19,19342,卖盘
290,10:57:43,10.17,-0.01,60,61020,卖盘
291,10:58:10,10.18,0.01,1,1018,买盘
292,10:59:58,10.18,0.0,6,6108,卖盘
293,11:00:01,10.19,0.01,3,3057,买盘
294,11:01:25,10.2,0.01,154,157019,买盘
295,11:01:31,10.18,-0.02,53,53956,卖盘
296,11:01:36,10.18,0.0,3,3054,买盘
297,11:01:39,10.18,0.0,15,15270,买盘
298,11:02:06,10.2,0.02,260,265200,买盘
299,11:02:49,10.2,0.0,1,1020,买盘
300,11:02:58,10.2,0.0,2,2040,买盘
301,11:03:27,10.2,0.0,15,15300,买盘
302,11:03:55,10.21,0.01,1,1021,买盘
303,11:04:06,10.22,0.01,1,1022,买盘
304,11:04:13,10.21,-0.01,5,5105,卖盘
305,11:04:18,10.21,0.0,14,14294,买盘
306,11:05:51,10.21,0.0,10,10210,买盘
307,11:06:40,10.21,0.0,300,306300,买盘
308,11:06:46,10.21,0.0,2,2042,买盘
309,11:06:57,10.21,0.0,4,4084,买盘
310,11:07:27,10.22,0.01,10,10220,买盘
311,11:08:36,10.21,-0.01,43,43903,卖盘
312,11:08:54,10.19,-0.02,48,48917,卖盘
313,11:10:25,10.21,0.02,1,1021,买盘
314,11:11:10,10.21,0.0,21,21441,买盘
315,11:11:49,10.21,0.0,10,10210,卖盘
316,11:12:00,10.21,0.0,5,5105,卖盘
317,11:12:06,10.2,-0.01,22,22440,卖盘
318,11:12:19,10.2,0.0,2,2040,卖盘
319,11:12:28,10.2,0.0,40,40800,卖盘
320,11:12:52,10.2,0.0,14,14280,买盘
321,11:13:39,10.21,0.01,10,10210,买盘
322,11:15:13,10.2,-0.01,1,1020,买盘
323,11:15:42,10.2,0.0,3,3060,买盘
324,11:16:22,10.21,0.01,1,1021,买盘
325,11:16:30,10.2,-0.01,5,5100,卖盘
326,11:19:19,10.2,0.0,11,11220,卖盘
327,11:19:25,10.2,0.0,4,4080,卖盘
328,11:20:30,10.2,0.0,9,9180,买盘
329,11:20:37,10.19,-0.01,53,54007,卖盘
330,11:20:46,10.19,0.0,14,14266,卖盘
331,11:20:58,10.19,0.0,12,12228,卖盘
332,11:22:10,10.16,-0.03,100,101687,卖盘
333,11:23:22,10.16,0.0,24,24384,卖盘
334,11:24:10,10.17,0.01,6,6102,卖盘
335,11:24:28,10.18,0.01,28,28504,买盘
336,11:24:30,10.17,-0.01,5,5087,卖盘
337,11:24:33,10.17,0.0,2,2034,卖盘
338,11:24:36,10.16,-0.01,2,2032,卖盘
339,11:25:10,10.19,0.03,50,50950,买盘
340,11:25:16,10.16,-0.03,30,30480,卖盘
341,11:27:55,10.19,0.03,10,10190,买盘
342,11:28:13,10.2,0.01,6,6120,买盘
343,13:00:04,10.18,-0.02,10,10181,卖盘
344,13:00:07,10.21,0.03,53,54082,买盘
345,13:04:57,10.2,-0.01,2,2040,买盘
346,13:05:16,10.2,0.0,5,5100,买盘
347,13:05:31,10.2,0.0,1,1020,买盘
348,13:07:15,10.2,0.0,2,2040,买盘
349,13:07:52,10.2,0.0,1,1020,买盘
350,13:08:09,10.2,0.0,1,1020,买盘
351,13:11:31,10.2,0.0,1,1020,买盘
352,13:12:21,10.21,0.01,5,5105,买盘
353,13:13:55,10.22,0.01,150,153247,买盘
354,13:15:58,10.22,0.0,1,1022,买盘
355,13:17:22,10.22,0.0,11,11242,买盘
356,13:19:25,10.18,-0.04,76,77396,卖盘
357,13:20:31,10.18,0.0,20,20361,卖盘
358,13:20:55,10.18,0.0,1,1018,卖盘
359,13:21:10,10.16,-0.02,6,6096,卖盘
360,13:22:06,10.17,0.01,29,29493,卖盘
361,13:23:33,10.18,0.01,14,14252,买盘
362,13:23:48,10.18,0.0,6,6108,卖盘
363,13:23:57,10.18,0.0,5,5090,卖盘
364,13:24:49,10.15,-0.03,192,195036,卖盘
365,13:24:54,10.15,0.0,28,28420,买盘
366,13:24:57,10.15,0.0,28,28420,买盘
367,13:25:00,10.15,0.0,40,40600,买盘
368,13:25:04,10.15,0.0,18,18270,买盘
369,13:25:52,10.15,0.0,35,35558,卖盘
370,13:26:21,10.16,0.01,10,10160,卖盘
371,13:26:27,10.16,0.0,2,2032,买盘
372,13:26:31,10.16,0.0,2,2032,买盘
373,13:26:33,10.16,0.0,2,2032,买盘
374,13:26:37,10.16,0.0,3,3048,买盘
375,13:26:40,10.16,0.0,2,2032,买盘
376,13:26:42,10.16,0.0,4,4064,买盘
377,13:26:45,10.16,0.0,2,2032,买盘
378,13:26:48,10.16,0.0,11,11176,买盘
379,13:26:52,10.16,0.0,2,2032,买盘
380,13:27:22,10.19,0.03,1,1019,买盘
381,13:27:55,10.18,-0.01,7,7126,卖盘
382,13:28:10,10.16,-0.02,59,59944,卖盘
383,13:28:40,10.15,-0.01,91,92365,卖盘
384,13:29:04,10.15,0.0,23,23345,卖盘
385,13:29:24,10.16,0.01,1,1016,买盘
386,13:29:28,10.13,-0.03,101,102422,卖盘
387,13:29:31,10.14,0.01,39,39548,卖盘
388,13:30:01,10.13,-0.01,150,152096,卖盘
389,13:31:39,10.14,0.01,13,13182,卖盘
390,13:32:09,10.14,0.0,5,5070,卖盘
391,13:32:28,10.17,0.03,9,9153,买盘
392,13:33:25,10.17,0.0,3,3051,买盘
393,13:33:43,10.17,0.0,109,110853,卖盘
394,13:33:54,10.14,-0.03,55,55770,卖盘
395,13:34:01,10.14,0.0,5,5070,买盘
396,13:36:40,10.15,0.01,3,3045,卖盘
397,13:36:55,10.14,-0.01,8,8112,卖盘
398,13:37:13,10.14,0.0,2,2028,卖盘
399,13:37:25,10.12,-0.02,289,292533,卖盘
400,13:37:39,10.12,0.0,13,13156,卖盘
401,13:40:00,10.13,0.01,17,17221,卖盘
402,13:40:04,10.13,0.0,1,1013,买盘
403,13:40:15,10.13,0.0,4,4052,买盘
404,13:41:15,10.13,0.0,5,5065,卖盘
405,13:41:24,10.13,0.0,53,53689,卖盘
406,13:41:46,10.13,0.0,56,56744,卖盘
407,13:41:58,10.13,0.0,10,10130,卖盘
408,13:43:13,10.13,0.0,42,42558,卖盘
409,13:43:34,10.13,0.0,1,1013,买盘
410,13:44:37,10.12,-0.01,10,10120,卖盘
411,13:44:45,10.13,0.01,4,4052,买盘
412,13:45:01,10.13,0.0,7,7091,买盘
413,13:45:13,10.13,0.0,20,20260,买盘
414,13:45:37,10.12,-0.01,5,5060,卖盘
415,13:46:58,10.12,0.0,10,10120,卖盘
416,13:47:36,10.12,0.0,10,10120,卖盘
417,13:48:15,10.13,0.01,10,10130,买盘
418,13:48:37,10.13,0.0,4,4052,买盘
419,13:49:55,10.13,0.0,1,1013,卖盘
420,13:51:31,10.14,0.01,30,30420,卖盘
421,13:51:40,10.14,0.0,1,1014,买盘
422,13:52:09,10.13,-0.01,8,8104,卖盘
423,13:52:24,10.13,0.0,3,3039,卖盘
424,13:52:45,10.12,-0.01,14,14168,卖盘
425,13:53:58,10.12,0.0,30,30360,卖盘
426,13:54:01,10.12,0.0,25,25300,卖盘
427,13:54:18,10.12,0.0,5,5060,买盘
428,13:55:21,10.14,0.02,15,15210,卖盘
429,13:55:51,10.14,0.0,1,1014,买盘
430,13:56:49,10.13,-0.01,9,9117,卖盘
431,13:57:25,10.14,0.01,17,17238,买盘
432,13:58:30,10.14,0.0,3,3042,买盘
433,13:59:04,10.14,0.0,1,1014,买盘
434,14:01:04,10.14,0.0,11,11154,买盘
435,14:01:27,10.14,0.0,4,4056,卖盘
436,14:01:58,10.14,0.0,2,2028,买盘
437,14:02:12,10.13,-0.01,10,10130,卖盘
438,14:03:46,10.13,0.0,20,20260,卖盘
439,14:05:24,10.14,0.01,24,24336,买盘
440,14:05:27,10.14,0.0,20,20280,买盘
441,14:05:54,10.15,0.01,10,10150,买盘
442,14:06:43,10.15,0.0,10,10150,买盘
443,14:07:06,10.15,0.0,53,53795,买盘
444,14:07:39,10.15,0.0,21,21315,买盘
445,14:08:22,10.16,0.01,8,8128,买盘
446,14:08:45,10.16,0.0,4,4064,卖盘
447,14:09:27,10.16,0.0,10,10160,卖盘
448,14:11:48,10.17,0.01,5,5085,买盘
449,14:12:36,10.16,-0.01,7,7112,卖盘
450,14:13:27,10.14,-0.02,5,5070,卖盘
451,14:13:48,10.16,0.02,3,3048,买盘
452,14:17:15,10.13,-0.03,45,45589,卖盘
453,14:17:43,10.13,0.0,69,69897,卖盘
454,14:18:31,10.15,0.02,5,5075,买盘
455,14:20:40,10.16,0.01,4,4064,买盘
456,14:21:40,10.16,0.0,3,3047,买盘
457,14:22:00,10.16,0.0,3,3048,买盘
458,14:25:51,10.16,0.0,12,12192,买盘
459,14:25:54,10.13,-0.03,10,10130,卖盘
460,14:26:19,10.16,0.03,20,20320,买盘
461,14:26:48,10.16,0.0,4,4064,买盘
462,14:28:31,10.16,0.0,56,56896,买盘
463,14:28:48,10.17,0.01,34,34578,买盘
464,14:29:40,10.16,-0.01,6,6096,卖盘
465,14:30:22,10.17,0.01,15,15255,卖盘
466,14:30:43,10.18,0.01,1,1018,买盘
467,14:30:45,10.18,0.0,19,19342,买盘
468,14:31:01,10.18,0.0,10,10180,卖盘
469,14:31:04,10.18,0.0,5,5090,卖盘
470,14:31:09,10.19,0.01,5,5095,买盘
471,14:31:37,10.18,-0.01,71,72278,卖盘
472,14:31:52,10.18,0.0,41,41738,买盘
473,14:32:42,10.19,0.01,15,15285,买盘
474,14:33:30,10.19,0.0,10,10190,买盘
475,14:33:39,10.19,0.0,5,5095,买盘
476,14:33:42,10.19,0.0,22,22418,买盘
477,14:34:16,10.19,0.0,3,3057,卖盘
478,14:34:24,10.17,-0.02,39,39694,卖盘
479,14:34:58,10.17,0.0,6,6102,卖盘
480,14:35:04,10.17,0.0,29,29493,买盘
481,14:36:07,10.16,-0.01,111,112789,卖盘
482,14:37:03,10.16,0.0,2,2032,卖盘
483,14:39:10,10.17,0.01,24,24408,卖盘
484,14:39:51,10.17,0.0,7,7119,卖盘
485,14:40:31,10.17,0.0,5,5085,买盘
486,14:40:43,10.17,0.0,13,13221,买盘
487,14:41:04,10.17,0.0,37,37629,卖盘
488,14:41:13,10.18,0.01,17,17306,买盘
489,14:42:43,10.16,-0.02,47,47762,卖盘
490,14:43:09,10.16,0.0,8,8128,买盘
491,14:43:15,10.16,0.0,5,5080,买盘
492,14:43:37,10.14,-0.02,137,139337,卖盘
493,14:44:19,10.16,0.02,4,4064,卖盘
494,14:44:37,10.15,-0.01,70,71093,卖盘
495,14:44:40,10.17,0.02,32,32544,买盘
496,14:45:07,10.18,0.01,12,12216,买盘
497,14:45:13,10.18,0.0,58,59044,买盘
498,14:45:16,10.17,-0.01,130,132240,卖盘
499,14:45:48,10.19,0.02,53,54007,买盘
500,14:45:54,10.19,0.0,5,5095,买盘
501,14:45:57,10.18,-0.01,88,89584,卖盘
502,14:46:10,10.18,0.0,10,10180,买盘
503,14:46:13,10.18,0.0,2,2036,买盘
504,14:46:37,10.17,-0.01,46,46790,卖盘
505,14:46:51,10.17,0.0,10,10170,买盘
506,14:47:40,10.19,0.02,5,5095,买盘
507,14:48:25,10.17,-0.02,68,69273,卖盘
508,14:48:28,10.21,0.04,143,145825,买盘
509,14:48:42,10.18,-0.03,10,10180,卖盘
510,14:49:06,10.18,0.0,8,8144,卖盘
511,14:49:25,10.18,0.0,101,102818,买盘
512,14:49:39,10.18,0.0,97,98746,卖盘
513,14:49:52,10.19,0.01,20,20380,买盘
514,14:49:55,10.19,0.0,6,6114,买盘
515,14:50:01,10.19,0.0,5,5095,买盘
516,14:50:40,10.19,0.0,6,6114,买盘
517,14:51:12,10.22,0.03,53,54105,买盘
518,14:51:25,10.22,0.0,1,1022,买盘
519,14:51:54,10.22,0.0,20,20440,买盘
520,14:52:01,10.22,0.0,1,1022,买盘
521,14:52:12,10.22,0.0,75,76650,买盘
522,14:52:51,10.2,-0.02,45,45900,卖盘
523,14:52:58,10.2,0.0,3,3060,卖盘
524,14:53:01,10.2,0.0,3,3060,卖盘
525,14:53:10,10.2,0.0,3,3060,卖盘
526,14:53:31,10.2,0.0,25,25500,卖盘
527,14:53:34,10.2,0.0,4,4080,卖盘
528,14:53:37,10.2,0.0,5,5100,卖盘
529,14:53:49,10.2,0.0,1,1020,卖盘
530,14:54:01,10.2,0.0,2,2040,买盘
531,14:54:46,10.2,0.0,1,1020,卖盘
532,14:54:55,10.2,0.0,4,4080,买盘
533,14:54:58,10.2,0.0,24,24480,卖盘
534,14:55:04,10.2,0.0,15,15300,卖盘
535,14:55:40,10.19,-0.01,1,1019,卖盘
536,14:55:46,10.19,0.0,18,18342,卖盘
537,14:55:55,10.18,-0.01,4,4072,卖盘
538,14:56:16,10.18,0.0,32,32602,卖盘
539,14:56:34,10.19,0.01,40,40725,中性盘
540,14:56:52,10.18,-0.01,31,31558,卖盘
541,14:56:57,10.18,0.0,2,2036,买盘
542,14:57:00,10.2,0.02,19,19355,买盘
543,15:00:04,10.19,-0.01,244,248636,卖盘
