,time,price,change,volume,amount,type
0,09:25:04,25.0,0.3,1099,2748000,卖盘
1,09:30:04,25.16,0.16,168,420726,买盘
2,09:30:08,25.13,-0.03,825,2071732,中性盘
3,09:30:10,25.15,0.02,149,374018,买盘
4,09:30:13,25.1,-0.05,49,123144,卖盘
5,09:30:16,25.1,0.0,142,357094,卖盘
6,09:30:18,25.1,0.0,26,65340,卖盘
7,09:30:22,25.13,0.03,84,210959,中性盘
8,09:30:25,25.15,0.02,37,93060,中性盘
9,09:30:28,25.15,0.0,179,449634,买盘
10,09:30:31,25.1,-0.05,122,306523,买盘
11,09:30:34,25.09,-0.01,36,90324,买盘
12,09:30:37,25.1,0.01,223,559145,买盘
13,09:30:40,25.1,0.0,323,809338,买盘
14,09:30:43,25.1,0.0,94,235849,买盘
15,09:30:46,25.09,-0.01,47,117873,买盘
16,09:30:49,25.07,-0.02,128,320894,中性盘
17,09:30:52,25.05,-0.02,22,55132,卖盘
18,09:30:55,25.03,-0.02,242,605386,卖盘
19,09:30:58,25.03,0.0,2,5006,买盘
20,09:31:01,25.0,-0.03,141,352622,卖盘
21,09:31:05,24.99,-0.01,354,884442,卖盘
22,09:31:07,25.0,0.01,60,149983,买盘
23,09:31:10,24.95,-0.05,137,342257,卖盘
24,09:31:13,24.95,0.0,40,99899,卖盘
25,09:31:16,24.96,0.01,20,49906,买盘
26,09:31:18,24.98,0.02,248,618849,买盘
27,09:31:22,24.91,-0.07,112,279221,卖盘
28,09:31:24,24.82,-0.09,131,326254,卖盘
29,09:31:28,24.8,-0.02,204,507798,卖盘
30,09:31:31,24.8,0.0,31,77090,卖盘
31,09:31:34,24.94,0.14,296,737902,买盘
32,09:31:37,24.91,-0.03,44,109543,卖盘
33,09:31:40,24.91,0.0,36,89464,买盘
34,09:31:42,24.91,0.0,24,59784,卖盘
35,09:31:46,24.91,0.0,8,19928,卖盘
36,09:31:49,24.9,-0.01,76,189408,卖盘
37,09:31:52,24.94,0.04,44,109624,买盘
38,09:31:55,24.92,-0.02,94,234259,卖盘
39,09:31:58,24.94,0.02,37,92278,中性盘
40,09:32:01,24.9,-0.04,225,561040,卖盘
41,09:32:04,24.9,0.0,37,92130,买盘
42,09:32:07,24.98,0.08,89,222218,买盘
43,09:32:10,24.95,-0.03,37,92315,卖盘
44,09:32:13,24.9,-0.05,39,97118,卖盘
45,09:32:16,24.92,0.02,12,29890,中性盘
46,09:32:19,24.93,0.01,34,84789,买盘
47,09:32:22,24.94,0.01,9,22446,买盘
48,09:32:25,24.9,-0.04,30,74715,卖盘
49,09:32:28,24.9,0.0,68,169471,卖盘
50,09:32:31,24.9,0.0,6,14940,卖盘
51,09:32:34,24.91,0.01,9,22416,中性盘
52,09:32:37,24.92,0.01,72,179368,买盘
53,09:32:40,24.91,-0.01,20,49822,卖盘
54,09:32:43,24.92,0.01,77,191805,买盘
55,09:32:46,24.93,0.01,91,226575,买盘
56,09:32:49,24.95,0.02,10,24940,买盘
57,09:32:52,24.92,-0.03,50,124620,卖盘
58,09:32:55,24.91,-0.01,50,124546,中性盘
59,09:32:58,24.95,0.04,86,214437,买盘
60,09:33:01,24.92,-0.03,12,29909,中性盘
61,09:33:04,24.92,0.0,20,49840,卖盘
62,09:33:07,24.92,0.0,39,97278,卖盘
63,09:33:09,24.93,0.01,13,32417,中性盘
64,09:33:12,24.93,0.0,13,32418,卖盘
65,09:33:16,24.95,0.02,26,64825,买盘
66,09:33:19,24.93,-0.02,10,24930,卖盘
67,09:33:22,24.94,0.01,35,87281,中性盘
68,09:33:24,24.95,0.01,22,54876,买盘
69,09:33:28,24.95,0.0,9,22449,买盘
70,09:33:31,24.94,-0.01,6,14960,中性盘
71,09:33:34,24.93,-0.01,132,329229,卖盘
72,09:33:37,24.95,0.02,49,122227,买盘
73,09:33:40,24.95,0.0,4,9980,卖盘
74,09:33:43,24.95,0.0,16,39920,卖盘
75,09:33:46,24.96,0.01,38,94818,买盘
76,09:33:49,24.97,0.01,52,129819,买盘
77,09:33:52,24.95,-0.02,16,39926,卖盘
78,09:33:55,24.98,0.03,29,72407,买盘
79,09:33:58,24.95,-0.03,33,82347,卖盘
80,09:34:01,24.99,0.04,130,324718,买盘
81,09:34:04,24.97,-0.02,19,47479,卖盘
82,09:34:07,24.99,0.02,36,89951,买盘
83,09:34:10,24.98,-0.01,20,49970,卖盘
84,09:34:13,24.98,0.0,6,14988,卖盘
85,09:34:16,24.99,0.01,130,324902,卖盘
86,09:34:19,24.99,0.0,38,94938,卖盘
87,09:34:22,25.0,0.01,65,162495,买盘
88,09:34:25,25.0,0.0,15,37491,买盘
89,09:34:28,24.99,-0.01,33,82471,卖盘
90,09:34:30,24.99,0.0,18,44982,卖盘
91,09:34:34,25.0,0.01,84,209964,买盘
92,09:34:37,25.0,0.0,24,59980,买盘
93,09:34:39,25.0,0.0,127,317485,买盘
94,09:34:42,25.0,0.0,18,44997,买盘
95,09:34:46,24.99,-0.01,65,162455,卖盘
96,09:34:49,25.0,0.01,197,492342,买盘
97,09:34:52,25.0,0.0,77,192498,买盘
98,09:34:55,25.0,0.0,188,470491,买盘
99,09:34:58,25.01,0.01,18,45017,买盘
100,09:35:01,25.02,0.01,23,57547,买盘
101,09:35:04,25.05,0.03,6,15022,买盘
102,09:35:07,25.05,0.0,30,75122,买盘
103,09:35:10,25.06,0.01,65,162832,买盘
104,09:35:12,25.06,0.0,27,67665,卖盘
105,09:35:16,25.03,-0.03,80,200406,卖盘
106,09:35:19,25.07,0.04,57,142675,买盘
107,09:35:22,25.08,0.01,83,207960,买盘
108,09:35:24,25.07,-0.01,9,22569,中性盘
109,09:35:28,25.07,0.0,14,35062,买盘
110,09:35:31,25.07,0.0,1,2507,买盘
111,09:35:34,25.04,-0.03,83,207959,中性盘
112,09:35:36,25.05,0.01,82,205313,买盘
113,09:35:40,25.06,0.01,5,12530,买盘
114,09:35:43,25.05,-0.01,42,105243,卖盘
115,09:35:46,25.04,-0.01,57,142811,卖盘
116,09:35:49,25.06,0.02,109,273071,买盘
117,09:35:52,25.07,0.01,29,72679,买盘
118,09:35:55,25.07,0.0,48,120330,买盘
119,09:35:58,25.07,0.0,119,298313,买盘
120,09:36:01,25.07,0.0,49,122837,买盘
121,09:36:04,25.07,0.0,38,95266,卖盘
122,09:36:07,25.09,0.02,77,193249,买盘
123,09:36:09,25.09,0.0,8,20072,卖盘
124,09:36:13,25.12,0.03,40,100418,买盘
125,09:36:16,25.13,0.01,13,32664,买盘
126,09:36:19,25.15,0.02,20,50263,买盘
127,09:36:22,25.15,0.0,28,70342,买盘
128,09:36:25,25.12,-0.03,129,324086,卖盘
129,09:36:28,25.12,0.0,84,211008,买盘
130,09:36:31,25.11,-0.01,48,120551,卖盘
131,09:36:34,25.12,0.01,226,567631,买盘
132,09:36:37,25.12,0.0,47,118044,买盘
133,09:36:40,25.12,0.0,150,376724,买盘
134,09:36:43,25.08,-0.04,88,220707,卖盘
135,09:36:46,25.07,-0.01,10,25079,卖盘
136,09:36:49,25.08,0.01,13,32604,买盘
137,09:36:52,25.06,-0.02,75,188080,卖盘
138,09:36:55,25.06,0.0,56,140336,卖盘
139,09:36:58,25.08,0.02,52,130329,买盘
140,09:37:01,25.05,-0.03,18,45100,卖盘
141,09:37:04,25.05,0.0,18,45090,买盘
142,09:37:07,25.05,0.0,12,30055,买盘
143,09:37:10,25.05,0.0,181,453386,买盘
144,09:37:13,25.03,-0.02,7,17521,中性盘
145,09:37:16,25.03,0.0,94,235195,买盘
146,09:37:19,25.04,0.01,21,52584,买盘
147,09:37:22,25.01,-0.03,29,72577,卖盘
148,09:37:25,25.03,0.02,101,252850,买盘
149,09:37:27,25.04,0.01,82,205308,买盘
150,09:37:31,25.03,-0.01,11,27543,卖盘
151,09:37:34,25.02,-0.01,15,37543,卖盘
152,09:37:37,25.03,0.01,2,5006,买盘
153,09:37:39,25.03,0.0,33,82598,买盘
154,09:37:42,25.01,-0.02,77,192675,卖盘
155,09:37:46,25.01,0.0,23,57523,买盘
156,09:37:49,25.01,0.0,3,7503,买盘
157,09:37:52,25.01,0.0,22,55009,买盘
158,09:37:55,25.0,-0.01,102,255096,卖盘
159,09:37:57,25.01,0.01,24,60023,买盘
160,09:38:01,25.01,0.0,7,17507,卖盘
161,09:38:04,25.02,0.01,42,105071,买盘
162,09:38:07,25.01,-0.01,51,127517,卖盘
163,09:38:10,25.02,0.01,48,120075,买盘
164,09:38:13,25.02,0.0,9,22523,卖盘
165,09:38:16,25.0,-0.02,109,272628,卖盘
166,09:38:18,25.03,0.03,1,2503,中性盘
167,09:38:22,25.03,0.0,1,2503,买盘
168,09:38:28,25.03,0.0,20,50060,卖盘
169,09:38:31,25.03,0.0,35,87605,卖盘
170,09:38:33,25.04,0.01,19,47568,买盘
171,09:38:37,25.04,0.0,39,97656,卖盘
172,09:38:43,25.05,0.01,15,37575,买盘
173,09:38:46,25.05,0.0,143,358205,买盘
174,09:38:49,25.05,0.0,10,25045,买盘
175,09:38:52,25.05,0.0,40,100200,买盘
176,09:38:55,25.1,0.05,49,122872,买盘
177,09:38:57,25.07,-0.03,10,25070,卖盘
178,09:39:04,25.11,0.04,80,200801,买盘
179,09:39:07,25.11,0.0,12,30129,买盘
180,09:39:10,25.1,-0.01,88,220880,卖盘
181,09:39:13,25.09,-0.01,143,359036,中性盘
182,09:39:16,25.13,0.04,68,170884,买盘
183,09:39:19,25.13,0.0,19,47733,买盘
184,09:39:22,25.15,0.02,51,128225,买盘
185,09:39:25,25.15,0.0,7,17601,买盘
186,09:39:28,25.14,-0.01,18,45263,中性盘
187,09:39:31,25.13,-0.01,180,452644,卖盘
188,09:39:34,25.13,0.0,8,20113,卖盘
189,09:39:37,25.16,0.03,90,226445,买盘
190,09:39:40,25.16,0.0,28,70440,买盘
191,09:39:43,25.19,0.03,94,236639,买盘
192,09:39:46,25.16,-0.03,79,198792,卖盘
193,09:39:49,25.17,0.01,18,45295,买盘
194,09:39:52,25.17,0.0,80,201309,买盘
195,09:39:55,25.19,0.02,46,115826,买盘
196,09:39:58,25.17,-0.02,29,73070,中性盘
197,09:40:01,25.2,0.03,96,241710,买盘
198,09:40:04,25.19,-0.01,32,80628,卖盘
199,09:40:07,25.19,0.0,101,254419,卖盘
200,09:40:10,25.2,0.01,78,196597,买盘
201,09:40:13,25.19,-0.01,31,78116,卖盘
202,09:40:16,25.21,0.02,269,677726,买盘
203,09:40:18,25.17,-0.04,63,158701,卖盘
204,09:40:22,25.19,0.02,81,204070,买盘
205,09:40:25,25.16,-0.03,124,312201,卖盘
206,09:40:28,25.17,0.01,34,85558,中性盘
207,09:40:31,25.1,-0.07,324,814666,卖盘
208,09:40:34,25.1,0.0,22,55220,买盘
209,09:40:36,25.1,0.0,116,290205,买盘
210,09:40:40,25.1,0.0,17,42658,买盘
211,09:40:43,25.08,-0.02,20,50093,买盘
212,09:40:46,25.08,0.0,5,12530,买盘
213,09:40:49,25.01,-0.07,8,20008,卖盘
214,09:40:51,25.04,0.03,15,37599,中性盘
215,09:40:55,25.01,-0.03,17,42517,卖盘
216,09:40:58,25.01,0.0,65,162563,买盘
217,09:41:01,25.02,0.01,34,85049,买盘
218,09:41:04,24.99,-0.03,69,172489,卖盘
219,09:41:07,24.99,0.0,46,114993,卖盘
220,09:41:10,25.0,0.01,121,302390,买盘
221,09:41:13,24.98,-0.02,19,47462,卖盘
222,09:41:15,25.0,0.02,23,57466,买盘
223,09:41:19,25.0,0.0,11,27492,买盘
224,09:41:22,24.98,-0.02,11,27496,中性盘
225,09:41:28,25.01,0.03,67,167567,卖盘
226,09:41:31,25.01,0.0,12,30017,卖盘
227,09:41:33,24.99,-0.02,9,22501,卖盘
228,09:41:37,25.01,0.02,44,110044,买盘
229,09:41:40,25.01,0.0,17,42509,买盘
230,09:41:43,24.98,-0.03,97,242560,卖盘
231,09:41:46,24.99,0.01,10,24990,中性盘
232,09:41:49,25.0,0.01,14,35000,买盘
233,09:41:52,25.0,0.0,26,65000,买盘
234,09:41:55,24.98,-0.02,11,27482,卖盘
235,09:41:58,24.98,0.0,35,87440,卖盘
236,09:42:01,25.0,0.02,6,15000,买盘
237,09:42:04,25.01,0.01,94,234997,买盘
238,09:42:07,25.01,0.0,12,30012,卖盘
239,09:42:10,25.0,-0.01,85,212493,卖盘
240,09:42:13,25.0,0.0,23,57515,中性盘
241,09:42:16,25.01,0.01,3,7503,买盘
242,09:42:19,25.0,-0.01,29,72500,卖盘
243,09:42:22,25.0,0.0,44,110071,卖盘
244,09:42:24,25.0,0.0,17,42488,买盘
245,09:42:27,25.0,0.0,47,117492,买盘
246,09:42:31,25.0,0.0,9,22500,卖盘
247,09:42:34,25.0,0.0,18,44978,买盘
248,09:42:37,24.99,-0.01,2,4998,买盘
249,09:42:40,24.99,0.0,13,32487,买盘
250,09:42:43,25.0,0.01,30,74951,买盘
251,09:42:46,24.98,-0.02,46,114923,卖盘
252,09:42:49,25.01,0.03,132,330042,买盘
253,09:42:52,25.0,-0.01,34,85003,卖盘
254,09:42:55,25.0,0.0,15,37500,卖盘
255,09:43:01,25.0,0.0,71,177604,卖盘
256,09:43:04,25.0,0.0,20,50010,卖盘
257,09:43:06,25.02,0.02,10,25020,中性盘
258,09:43:09,25.03,0.01,1,2503,买盘
259,09:43:12,25.02,-0.01,3,7507,卖盘
260,09:43:16,25.03,0.01,12,30036,买盘
261,09:43:19,25.0,-0.03,152,380099,卖盘
262,09:43:21,25.04,0.04,6,15023,买盘
263,09:43:25,25.05,0.01,25,62618,买盘
264,09:43:28,25.05,0.0,3,7515,买盘
265,09:43:31,25.01,-0.04,2,5002,卖盘
266,09:43:34,25.05,0.04,3,7515,买盘
267,09:43:37,25.06,0.01,41,102728,买盘
268,09:43:40,25.07,0.01,39,97739,买盘
269,09:43:43,25.03,-0.04,58,145312,卖盘
270,09:43:46,25.07,0.04,14,35098,买盘
271,09:43:49,25.07,0.0,44,110303,买盘
272,09:43:51,25.11,0.04,13,32632,买盘
273,09:43:55,25.1,-0.01,14,35149,卖盘
274,09:43:58,25.1,0.0,66,165655,买盘
275,09:44:01,25.09,-0.01,17,42669,卖盘
276,09:44:04,25.1,0.01,14,35140,买盘
277,09:44:07,25.09,-0.01,9,22582,卖盘
278,09:44:10,25.1,0.01,97,243443,买盘
279,09:44:12,25.09,-0.01,6,15054,中性盘
280,09:44:16,25.1,0.01,5,12547,买盘
281,09:44:19,25.1,0.0,136,341237,买盘
282,09:44:21,25.1,0.0,10,25109,卖盘
283,09:44:25,25.1,0.0,104,261040,卖盘
284,09:44:28,25.1,0.0,17,42670,卖盘
285,09:44:31,25.1,0.0,21,52725,卖盘
286,09:44:34,25.15,0.05,10,25148,买盘
287,09:44:37,25.09,-0.06,14,35132,卖盘
288,09:44:40,25.09,0.0,53,132977,买盘
289,09:44:43,25.13,0.04,58,145651,买盘
290,09:44:46,25.08,-0.05,21,52668,卖盘
291,09:44:49,25.09,0.01,4,10038,中性盘
292,09:44:52,25.09,0.0,2,5018,卖盘
293,09:44:55,25.1,0.01,27,67745,买盘
294,09:44:58,25.09,-0.01,23,57689,中性盘
295,09:45:01,25.08,-0.01,53,132924,买盘
296,09:45:04,25.08,0.0,5,12540,买盘
297,09:45:07,25.08,0.0,74,185588,买盘
298,09:45:10,25.09,0.01,20,50180,卖盘
299,09:45:13,25.09,0.0,52,130421,卖盘
300,09:45:16,25.09,0.0,10,25090,卖盘
301,09:45:19,25.09,0.0,52,130465,买盘
302,09:45:22,25.1,0.01,18,45179,买盘
303,09:45:28,25.08,-0.02,9,22573,卖盘
304,09:45:31,25.08,0.0,10,25083,卖盘
305,09:45:33,25.09,0.01,48,120405,买盘
306,09:45:37,25.08,-0.01,14,35113,卖盘
307,09:45:40,25.08,0.0,1,2508,卖盘
308,09:45:43,25.09,0.01,22,55198,卖盘
309,09:45:46,25.08,-0.01,15,37625,卖盘
310,09:45:55,25.08,0.0,17,42636,卖盘
311,09:45:58,25.08,0.0,51,127954,卖盘
312,09:46:01,25.08,0.0,15,37620,卖盘
313,09:46:04,25.09,0.01,35,87788,买盘
314,09:46:09,25.08,-0.01,15,37618,买盘
315,09:46:13,25.09,0.01,1,2509,买盘
316,09:46:16,25.09,0.0,5,12545,买盘
317,09:46:18,25.05,-0.04,50,125280,卖盘
318,09:46:22,25.08,0.03,1,2508,卖盘
319,09:46:25,25.08,0.0,12,30103,中性盘
320,09:46:30,25.09,0.01,7,17559,买盘
321,09:46:34,25.06,-0.03,4,10024,卖盘
322,09:46:46,25.05,-0.01,1,2505,卖盘
323,09:46:58,25.03,-0.02,6,15018,卖盘
324,09:47:01,25.05,0.02,10,25046,买盘
325,09:47:04,25.03,-0.02,12,30056,卖盘
326,09:47:07,25.0,-0.03,45,112631,卖盘
327,09:47:13,25.03,0.03,4,10012,卖盘
328,09:47:16,25.04,0.01,17,42568,买盘
329,09:47:19,25.05,0.01,36,90180,买盘
330,09:47:22,25.05,0.0,35,87671,买盘
331,09:47:25,25.05,0.0,35,87684,买盘
332,09:47:28,25.1,0.05,27,67720,买盘
333,09:47:31,25.07,-0.03,39,97875,卖盘
334,09:47:34,25.13,0.06,145,364098,买盘
335,09:47:37,25.16,0.03,140,352097,买盘
336,09:47:40,25.19,0.03,34,85612,买盘
337,09:47:43,25.19,0.0,7,17633,买盘
338,09:47:46,25.16,-0.03,5,12580,中性盘
339,09:47:49,25.19,0.03,25,62933,买盘
340,09:47:52,25.19,0.0,48,120857,买盘
341,09:47:54,25.2,0.01,57,143637,买盘
342,09:47:57,25.19,-0.01,19,47853,买盘
343,09:48:00,25.21,0.02,58,146168,买盘
344,09:48:04,25.16,-0.05,7,17621,卖盘
345,09:48:06,25.21,0.05,15,37808,买盘
346,09:48:10,25.19,-0.02,47,118438,卖盘
347,09:48:19,25.19,0.0,76,191513,卖盘
348,09:48:22,25.2,0.01,34,85677,买盘
349,09:48:25,25.16,-0.04,6,15112,卖盘
350,09:48:28,25.19,0.03,10,25190,买盘
351,09:48:31,25.16,-0.03,7,17630,卖盘
352,09:48:34,25.19,0.03,12,30222,买盘
353,09:48:37,25.19,0.0,10,25190,买盘
354,09:48:40,25.16,-0.03,5,12580,中性盘
355,09:48:43,25.17,0.01,12,30189,中性盘
356,09:48:46,25.18,0.01,14,35252,买盘
357,09:48:49,25.16,-0.02,14,35225,卖盘
358,09:48:51,25.16,0.0,3,7548,卖盘
359,09:48:55,25.16,0.0,28,70448,卖盘
360,09:48:57,25.13,-0.03,20,50276,卖盘
361,09:49:00,25.17,0.04,44,110724,买盘
362,09:49:04,25.18,0.01,6,15093,买盘
363,09:49:06,25.16,-0.02,2,5032,买盘
364,09:49:10,25.17,0.01,14,35218,买盘
365,09:49:16,25.16,-0.01,5,12580,中性盘
366,09:49:19,25.12,-0.04,39,98023,卖盘
367,09:49:28,25.15,0.03,12,30180,买盘
368,09:49:31,25.15,0.0,4,10060,买盘
369,09:49:34,25.12,-0.03,11,27636,卖盘
370,09:49:40,25.15,0.03,4,10060,买盘
371,09:49:43,25.12,-0.03,12,30146,卖盘
372,09:49:46,25.12,0.0,11,27632,买盘
373,09:49:49,25.16,0.04,15,37717,买盘
374,09:49:55,25.15,-0.01,11,27665,卖盘
375,09:49:57,25.13,-0.02,3,7539,卖盘
376,09:50:00,25.13,0.0,14,35187,卖盘
377,09:50:04,25.13,0.0,21,52802,卖盘
378,09:50:07,25.14,0.01,7,17597,卖盘
379,09:50:10,25.13,-0.01,9,22617,卖盘
380,09:50:13,25.12,-0.01,6,15075,卖盘
381,09:50:16,25.14,0.02,18,45240,买盘
382,09:50:19,25.16,0.02,22,55343,买盘
383,09:50:25,25.14,-0.02,38,95554,卖盘
384,09:50:28,25.15,0.01,25,62877,中性盘
385,09:50:31,25.17,0.02,21,52824,买盘
386,09:50:36,25.15,-0.02,3,7545,中性盘
387,09:50:40,25.16,0.01,9,22644,买盘
388,09:50:45,25.15,-0.01,10,25150,卖盘
389,09:50:49,25.15,0.0,5,12575,买盘
390,09:50:52,25.12,-0.03,25,62814,卖盘
391,09:50:58,25.12,0.0,8,20096,买盘
392,09:51:01,25.12,0.0,2,5024,买盘
393,09:51:04,25.09,-0.03,71,178227,卖盘
394,09:51:06,25.11,0.02,3,7529,买盘
395,09:51:10,25.11,0.0,1,2511,买盘
396,09:51:13,25.08,-0.03,19,47682,卖盘
397,09:51:16,25.12,0.04,29,72834,买盘
398,09:51:19,25.11,-0.01,33,82863,买盘
399,09:51:22,25.11,0.0,6,15066,卖盘
400,09:51:25,25.11,0.0,26,65238,买盘
401,09:51:28,25.09,-0.02,12,30113,卖盘
402,09:51:30,25.09,0.0,7,17563,卖盘
403,09:51:33,25.09,0.0,10,25090,卖盘
404,09:51:37,25.1,0.01,19,47688,买盘
405,09:51:43,25.1,0.0,32,80320,卖盘
406,09:51:46,25.09,-0.01,19,47686,卖盘
407,09:51:49,25.09,0.0,22,55198,买盘
408,09:51:52,25.11,0.02,37,92871,买盘
409,09:51:54,25.09,-0.02,1,2509,中性盘
410,09:52:04,25.09,0.0,4,10036,卖盘
411,09:52:10,25.08,-0.01,36,90288,卖盘
412,09:52:21,25.07,-0.01,5,12535,卖盘
413,09:52:25,25.08,0.01,86,215661,买盘
414,09:52:28,25.05,-0.03,57,142837,卖盘
415,09:52:34,25.0,-0.05,100,250068,卖盘
416,09:52:36,25.0,0.0,4,10000,卖盘
417,09:52:43,25.05,0.05,5,12525,买盘
418,09:52:46,25.0,-0.05,102,255000,卖盘
419,09:52:49,25.0,0.0,9,22515,卖盘
420,09:52:52,25.0,0.0,120,300053,卖盘
421,09:52:54,25.0,0.0,23,57510,卖盘
422,09:52:58,25.0,0.0,1,2500,买盘
423,09:53:01,25.0,0.0,4,10000,买盘
424,09:53:04,24.99,-0.01,11,27489,卖盘
425,09:53:07,24.98,-0.01,25,62467,卖盘
426,09:53:13,25.0,0.02,10,24994,买盘
427,09:53:16,24.98,-0.02,3,7494,卖盘
428,09:53:19,24.98,0.0,52,129914,卖盘
429,09:53:22,24.99,0.01,32,79968,中性盘
430,09:53:25,24.98,-0.01,53,132405,卖盘
431,09:53:28,24.98,0.0,45,112434,卖盘
432,09:53:31,24.98,0.0,6,14989,卖盘
433,09:53:34,24.98,0.0,26,64950,卖盘
434,09:53:40,24.98,0.0,52,129904,卖盘
435,09:53:46,25.0,0.02,14,34974,买盘
436,09:53:48,24.98,-0.02,9,22482,卖盘
437,09:53:55,24.97,-0.01,11,27467,卖盘
438,09:53:58,24.97,0.0,1,2497,买盘
439,09:54:00,24.97,0.0,1,2497,买盘
440,09:54:04,24.96,-0.01,24,59921,卖盘
441,09:54:06,24.97,0.01,2,4994,买盘
442,09:54:10,24.96,-0.01,22,54912,卖盘
443,09:54:13,24.95,-0.01,9,22457,卖盘
444,09:54:16,24.97,0.02,12,29962,买盘
445,09:54:22,24.95,-0.02,11,27445,卖盘
446,09:54:25,24.95,0.0,20,49893,卖盘
447,09:54:28,24.95,0.0,21,52395,买盘
448,09:54:31,24.95,0.0,20,49890,买盘
449,09:54:34,24.94,-0.01,18,44897,卖盘
450,09:54:37,24.92,-0.02,183,456236,卖盘
451,09:54:40,24.93,0.01,1,2493,中性盘
452,09:54:43,24.9,-0.03,62,154400,卖盘
453,09:54:46,24.9,0.0,5,12450,买盘
454,09:54:49,24.88,-0.02,20,49766,卖盘
455,09:54:55,24.86,-0.02,10,24860,卖盘
456,09:54:58,24.86,0.0,1,2486,卖盘
457,09:55:01,24.85,-0.01,20,49700,卖盘
458,09:55:04,24.84,-0.01,41,101885,卖盘
459,09:55:06,24.83,-0.01,84,208742,卖盘
460,09:55:10,24.85,0.02,10,24850,买盘
461,09:55:13,24.82,-0.03,48,119163,卖盘
462,09:55:15,24.82,0.0,10,24820,卖盘
463,09:55:18,24.84,0.02,35,86922,买盘
464,09:55:22,24.81,-0.03,40,99267,卖盘
465,09:55:25,24.83,0.02,28,69511,买盘
466,09:55:28,24.8,-0.03,50,124040,卖盘
467,09:55:31,24.81,0.01,1,2481,中性盘
468,09:55:34,24.81,0.0,13,32253,买盘
469,09:55:37,24.82,0.01,25,62021,买盘
470,09:55:40,24.78,-0.04,30,74400,卖盘
471,09:55:43,24.78,0.0,13,32214,买盘
472,09:55:46,24.8,0.02,25,61986,买盘
473,09:55:48,24.85,0.05,250,620767,买盘
474,09:55:51,24.85,0.0,10,24850,卖盘
475,09:55:55,24.86,0.01,10,24856,买盘
476,09:55:58,24.85,-0.01,45,111826,卖盘
477,09:56:01,24.85,0.0,12,29820,买盘
478,09:56:04,24.82,-0.03,2,4964,卖盘
479,09:56:07,24.85,0.03,32,79520,买盘
480,09:56:10,24.85,0.0,111,275249,买盘
481,09:56:13,24.85,0.0,9,22365,买盘
482,09:56:16,24.85,0.0,6,14910,买盘
483,09:56:19,24.85,0.0,3,7455,卖盘
484,09:56:22,24.85,0.0,39,96899,卖盘
485,09:56:25,24.85,0.0,23,57173,卖盘
486,09:56:31,24.88,0.03,27,67174,买盘
487,09:56:34,24.88,0.0,43,106910,买盘
488,09:56:36,24.85,-0.03,94,233615,卖盘
489,09:56:40,24.85,0.0,5,12425,买盘
490,09:56:43,24.85,0.0,4,9940,买盘
491,09:56:46,24.83,-0.02,78,193703,卖盘
492,09:56:49,24.85,0.02,8,19870,买盘
493,09:56:52,24.85,0.0,42,104308,卖盘
494,09:56:55,24.85,0.0,5,12425,卖盘
495,09:56:58,24.86,0.01,16,39773,买盘
496,09:57:01,24.85,-0.01,50,124256,卖盘
497,09:57:04,24.88,0.03,2,4976,卖盘
498,09:57:06,24.9,0.02,10,24897,买盘
499,09:57:10,24.86,-0.04,21,52202,卖盘
500,09:57:13,24.86,0.0,6,14916,买盘
501,09:57:16,24.89,0.03,23,57181,买盘
502,09:57:24,24.89,0.0,1,2489,买盘
503,09:57:28,24.89,0.0,12,29868,买盘
504,09:57:31,24.88,-0.01,11,27368,中性盘
505,09:57:34,24.89,0.01,16,39798,买盘
506,09:57:36,24.9,0.01,130,323663,买盘
507,09:57:40,24.9,0.0,7,17425,买盘
508,09:57:43,24.89,-0.01,15,37335,卖盘
509,09:57:46,24.9,0.01,58,144420,买盘
510,09:57:49,24.9,0.0,262,652380,买盘
511,09:57:55,24.9,0.0,4,9960,买盘
512,09:57:58,24.9,0.0,29,72210,买盘
513,09:58:01,24.91,0.01,6,14941,买盘
514,09:58:04,24.91,0.0,4,9964,卖盘
515,09:58:07,24.97,0.06,16,39922,买盘
516,09:58:09,24.91,-0.06,5,12455,卖盘
517,09:58:13,24.98,0.07,12,29954,买盘
518,09:58:19,24.91,-0.07,24,59788,卖盘
519,09:58:22,24.97,0.06,12,29939,买盘
520,09:58:28,24.91,-0.06,23,57304,卖盘
521,09:58:31,24.97,0.06,18,44928,买盘
522,09:58:34,24.97,0.0,40,99784,买盘
523,09:58:37,24.91,-0.06,30,74730,卖盘
524,09:58:46,24.91,0.0,15,37367,卖盘
525,09:58:49,24.93,0.02,32,79751,买盘
526,09:58:55,24.91,-0.02,13,32383,卖盘
527,09:58:58,24.91,0.0,30,74730,卖盘
528,09:59:00,24.9,-0.01,32,79688,卖盘
529,09:59:04,24.9,0.0,5,12450,卖盘
530,09:59:10,24.9,0.0,32,79680,卖盘
531,09:59:13,24.89,-0.01,42,104572,卖盘
532,09:59:16,24.9,0.01,1,2490,买盘
533,09:59:22,24.89,-0.01,10,24892,卖盘
534,09:59:34,24.88,-0.01,24,59712,卖盘
535,09:59:37,24.88,0.0,17,42289,买盘
536,09:59:40,24.87,-0.01,20,49740,卖盘
537,09:59:43,24.87,0.0,9,22383,卖盘
538,09:59:46,24.87,0.0,7,17410,卖盘
539,09:59:49,24.87,0.0,21,52227,卖盘
540,09:59:55,24.87,0.0,16,39781,买盘
541,10:00:00,24.86,-0.01,11,27346,卖盘
542,10:00:04,24.86,0.0,47,116848,卖盘
543,10:00:07,24.87,0.01,4,9948,中性盘
544,10:00:10,24.86,-0.01,79,196405,卖盘
545,10:00:13,24.85,-0.01,80,198800,卖盘
546,10:00:16,24.86,0.01,9,22374,买盘
547,10:00:19,24.83,-0.03,179,444755,卖盘
548,10:00:22,24.83,0.0,1,2483,买盘
549,10:00:25,24.83,0.0,1,2483,买盘
550,10:00:28,24.82,-0.01,12,29789,卖盘
551,10:00:31,24.82,0.0,47,116667,卖盘
552,10:00:34,24.82,0.0,16,39712,卖盘
553,10:00:36,24.82,0.0,7,17374,卖盘
554,10:00:40,24.81,-0.01,12,29772,买盘
555,10:00:43,24.81,0.0,7,17364,买盘
556,10:00:46,24.81,0.0,20,49620,买盘
557,10:00:49,24.78,-0.03,149,369288,卖盘
558,10:00:55,24.82,0.04,10,24812,买盘
559,10:01:01,24.77,-0.05,26,64402,卖盘
560,10:01:04,24.77,0.0,13,32201,买盘
561,10:01:10,24.77,0.0,15,37148,买盘
562,10:01:13,24.75,-0.02,30,74271,卖盘
563,10:01:16,24.73,-0.02,102,252384,卖盘
564,10:01:19,24.73,0.0,11,27206,卖盘
565,10:01:22,24.76,0.03,54,133620,买盘
566,10:01:24,24.73,-0.03,132,326384,卖盘
567,10:01:27,24.75,0.02,38,93937,中性盘
568,10:01:30,24.73,-0.02,16,39567,买盘
569,10:01:34,24.72,-0.01,6,14831,买盘
570,10:01:37,24.73,0.01,10,24725,买盘
571,10:01:40,24.73,0.0,46,113679,买盘
572,10:01:43,24.72,-0.01,33,81568,卖盘
573,10:01:46,24.71,-0.01,37,91453,买盘
574,10:01:49,24.71,0.0,36,88996,卖盘
575,10:01:52,24.73,0.02,2,4946,卖盘
576,10:01:55,24.71,-0.02,21,51916,卖盘
577,10:01:57,24.75,0.04,49,121275,买盘
578,10:02:01,24.73,-0.02,2,4948,卖盘
579,10:02:04,24.73,0.0,58,143482,卖盘
580,10:02:07,24.71,-0.02,18,44508,卖盘
581,10:02:13,24.73,0.02,10,24736,中性盘
582,10:02:16,24.75,0.02,37,91523,买盘
583,10:02:19,24.72,-0.03,62,153295,卖盘
584,10:02:22,24.72,0.0,30,74166,卖盘
585,10:02:28,24.72,0.0,24,59338,卖盘
586,10:02:31,24.76,0.04,23,56904,买盘
587,10:02:37,24.73,-0.03,22,54414,卖盘
588,10:02:40,24.76,0.03,14,34655,买盘
589,10:02:42,24.76,0.0,1,2476,卖盘
590,10:02:46,24.76,0.0,1,2476,卖盘
591,10:02:49,24.77,0.01,62,153518,买盘
592,10:02:52,24.77,0.0,1,2477,卖盘
593,10:02:55,24.78,0.01,1,2478,卖盘
594,10:02:58,24.8,0.02,27,66960,买盘
595,10:03:01,24.81,0.01,6,14886,买盘
596,10:03:04,24.8,-0.01,23,57043,卖盘
597,10:03:06,24.81,0.01,3,7443,买盘
598,10:03:19,24.82,0.01,5,12410,买盘
599,10:03:22,24.83,0.01,7,17377,买盘
600,10:03:28,24.83,0.0,258,640125,买盘
601,10:03:31,24.81,-0.02,8,19851,中性盘
602,10:03:34,24.81,0.0,16,39696,买盘
603,10:03:37,24.81,0.0,41,101700,买盘
604,10:03:40,24.81,0.0,36,89286,买盘
605,10:03:42,24.8,-0.01,190,471239,卖盘
606,10:03:46,24.8,0.0,20,49594,买盘
607,10:03:49,24.78,-0.02,19,47082,卖盘
608,10:03:52,24.78,0.0,6,14868,卖盘
609,10:03:54,24.8,0.02,111,275045,买盘
610,10:03:58,24.78,-0.02,4,9912,买盘
611,10:04:07,24.76,-0.02,1,2476,卖盘
612,10:04:09,24.75,-0.01,5,12375,卖盘
613,10:04:12,24.76,0.01,33,81708,买盘
614,10:04:15,24.76,0.0,13,32208,卖盘
615,10:04:19,24.76,0.0,94,232744,卖盘
616,10:04:22,24.8,0.04,60,148710,买盘
617,10:04:34,24.8,0.0,30,74400,卖盘
618,10:04:37,24.8,0.0,42,104160,卖盘
619,10:04:39,24.8,0.0,3,7444,中性盘
620,10:04:43,24.8,0.0,2,4960,卖盘
621,10:04:58,24.84,0.04,2,4967,买盘
622,10:05:01,24.8,-0.04,15,37208,卖盘
623,10:05:07,24.8,0.0,10,24800,买盘
624,10:05:10,24.8,0.0,5,12400,买盘
625,10:05:12,24.75,-0.05,305,755473,卖盘
626,10:05:22,24.8,0.05,212,526307,卖盘
627,10:05:25,24.8,0.0,28,69440,卖盘
628,10:05:28,24.75,-0.05,132,326700,卖盘
629,10:05:31,24.75,0.0,2,4950,买盘
630,10:05:34,24.8,0.05,120,297270,买盘
631,10:05:43,24.75,-0.05,17,42075,卖盘
632,10:05:46,24.75,0.0,25,61875,卖盘
633,10:05:49,24.8,0.05,24,59512,买盘
634,10:05:52,24.75,-0.05,35,86666,卖盘
635,10:06:01,24.75,0.0,2,4950,卖盘
636,10:06:07,24.8,0.05,56,138868,买盘
637,10:06:10,24.78,-0.02,60,148768,卖盘
638,10:06:16,24.78,0.0,9,22302,卖盘
639,10:06:19,24.79,0.01,6,14874,买盘
640,10:06:22,24.79,0.0,40,99160,买盘
641,10:06:25,24.8,0.01,9,22319,买盘
642,10:06:28,24.81,0.01,13,32253,买盘
643,10:06:31,24.82,0.01,21,52102,买盘
644,10:06:34,24.82,0.0,2,4964,买盘
645,10:06:37,24.82,0.0,30,74440,买盘
646,10:06:43,24.82,0.0,8,19857,卖盘
647,10:06:49,24.84,0.02,14,34776,买盘
648,10:06:52,24.85,0.01,26,64610,买盘
649,10:06:54,24.86,0.01,4,9944,买盘
650,10:06:58,24.88,0.02,119,295895,买盘
651,10:07:01,24.9,0.02,10,24899,买盘
652,10:07:07,24.91,0.01,3,7473,买盘
653,10:07:09,24.9,-0.01,1,2490,卖盘
654,10:07:12,24.9,0.0,5,12450,卖盘
655,10:07:16,24.91,0.01,7,17437,买盘
656,10:07:19,24.91,0.0,3,7473,买盘
657,10:07:22,24.91,0.0,1,2491,买盘
658,10:07:25,24.91,0.0,4,9964,买盘
659,10:07:31,24.91,0.0,6,14946,卖盘
660,10:07:37,24.91,0.0,3,7473,卖盘
661,10:07:39,24.92,0.01,6,14952,买盘
662,10:07:46,24.92,0.0,28,69772,买盘
663,10:07:52,24.92,0.0,26,64817,卖盘
664,10:07:55,24.92,0.0,8,19938,卖盘
665,10:07:58,24.92,0.0,25,62300,卖盘
666,10:08:01,24.93,0.01,93,231801,买盘
667,10:08:04,24.92,-0.01,8,19941,卖盘
668,10:08:07,24.93,0.01,50,124648,买盘
669,10:08:19,24.92,-0.01,24,59828,卖盘
670,10:08:22,24.94,0.02,34,84796,买盘
671,10:08:25,24.92,-0.02,60,149566,卖盘
672,10:08:30,24.93,0.01,22,54844,中性盘
673,10:08:36,24.92,-0.01,28,69776,卖盘
674,10:08:39,24.92,0.0,23,57316,卖盘
675,10:08:43,24.92,0.0,26,64792,买盘
676,10:08:46,24.92,0.0,30,74750,买盘
677,10:08:49,24.91,-0.01,33,82213,卖盘
678,10:08:52,24.91,0.0,2,4982,卖盘
679,10:08:55,24.91,0.0,22,54802,卖盘
680,10:08:58,24.9,-0.01,97,241552,卖盘
681,10:09:04,24.9,0.0,4,9960,卖盘
682,10:09:06,24.91,0.01,4,9964,买盘
683,10:09:10,24.9,-0.01,5,12450,卖盘
684,10:09:16,24.9,0.0,10,24900,买盘
685,10:09:18,24.9,0.0,16,39840,买盘
686,10:09:22,24.88,-0.02,143,355784,卖盘
687,10:09:28,24.86,-0.02,1,2486,卖盘
688,10:09:46,24.84,-0.02,22,54662,卖盘
689,10:09:49,24.86,0.02,30,74530,买盘
690,10:10:01,24.85,-0.01,3,7455,买盘
691,10:10:07,24.84,-0.01,1,2484,卖盘
692,10:10:10,24.85,0.01,2,4969,买盘
693,10:10:12,24.85,0.0,5,12425,卖盘
694,10:10:15,24.85,0.0,1,2485,卖盘
695,10:10:19,24.85,0.0,1,2485,卖盘
696,10:10:22,24.86,0.01,3,7456,买盘
697,10:10:28,24.85,-0.01,1,2485,卖盘
698,10:10:31,24.85,0.0,22,54670,卖盘
699,10:10:34,24.85,0.0,2,4970,买盘
700,10:10:43,24.85,0.0,5,12425,买盘
701,10:10:49,24.85,0.0,82,203540,买盘
702,10:11:13,24.84,-0.01,2,4968,买盘
703,10:11:16,24.83,-0.01,2,4966,卖盘
704,10:11:19,24.84,0.01,1,2484,买盘
705,10:11:24,24.83,-0.01,7,17384,卖盘
706,10:11:31,24.84,0.01,1,2484,买盘
707,10:11:33,24.84,0.0,6,14904,买盘
708,10:11:37,24.83,-0.01,4,9932,卖盘
709,10:11:40,24.83,0.0,21,52143,卖盘
710,10:11:42,24.84,0.01,4,9936,买盘
711,10:11:46,24.83,-0.01,1,2483,卖盘
712,10:11:49,24.83,0.0,5,12415,卖盘
713,10:11:54,24.83,0.0,6,14898,卖盘
714,10:12:10,24.81,-0.02,4,9926,卖盘
715,10:12:13,24.84,0.03,4,9936,买盘
716,10:12:16,24.81,-0.03,10,24810,卖盘
717,10:12:31,24.81,0.0,3,7443,卖盘
718,10:12:43,24.85,0.04,99,245964,买盘
719,10:13:04,24.86,0.01,2,4972,买盘
720,10:13:06,24.85,-0.01,3,7455,卖盘
721,10:13:22,24.82,-0.03,1,2482,卖盘
722,10:13:37,24.82,0.0,30,74436,买盘
723,10:13:43,24.85,0.03,4,9940,买盘
724,10:13:55,24.84,-0.01,5,12420,卖盘
725,10:13:57,24.85,0.01,14,34790,买盘
726,10:14:06,24.85,0.0,14,34790,卖盘
727,10:14:10,24.86,0.01,23,57165,买盘
728,10:14:13,24.86,0.0,20,49720,卖盘
729,10:14:40,24.82,-0.04,70,173933,卖盘
730,10:14:43,24.84,0.02,1,2484,中性盘
731,10:14:58,24.82,-0.02,28,69496,卖盘
732,10:15:07,24.82,0.0,4,9928,卖盘
733,10:15:13,24.82,0.0,18,44676,卖盘
734,10:15:16,24.82,0.0,60,148920,卖盘
735,10:15:22,24.81,-0.01,7,17371,卖盘
736,10:15:25,24.81,0.0,4,9924,卖盘
737,10:15:28,24.8,-0.01,14,34727,卖盘
738,10:15:31,24.8,0.0,5,12400,卖盘
739,10:15:34,24.79,-0.01,55,136370,卖盘
740,10:15:37,24.79,0.0,30,74370,卖盘
741,10:15:39,24.79,0.0,18,44622,卖盘
742,10:15:43,24.75,-0.04,37,91651,卖盘
743,10:15:55,24.75,0.0,7,17325,卖盘
744,10:16:01,24.8,0.05,13,32200,买盘
745,10:16:22,24.77,-0.03,3,7433,卖盘
746,10:16:25,24.77,0.0,3,7431,卖盘
747,10:16:31,24.79,0.02,2,4957,买盘
748,10:16:43,24.79,0.0,2,4958,买盘
749,10:16:49,24.79,0.0,6,14874,买盘
750,10:16:52,24.78,-0.01,1,2478,卖盘
751,10:17:01,24.78,0.0,54,133841,卖盘
752,10:17:04,24.79,0.01,2,4958,买盘
753,10:17:10,24.79,0.0,1,2479,买盘
754,10:17:13,24.75,-0.04,88,217847,卖盘
755,10:17:15,24.79,0.04,4,9916,买盘
756,10:17:31,24.75,-0.04,187,462841,卖盘
757,10:17:36,24.78,0.03,5,12388,买盘
758,10:17:39,24.79,0.01,21,52054,买盘
759,10:17:49,24.79,0.0,5,12395,卖盘
760,10:17:52,24.79,0.0,2,4958,卖盘
761,10:17:55,24.79,0.0,3,7437,卖盘
762,10:17:58,24.79,0.0,4,9916,卖盘
763,10:18:01,24.8,0.01,7,17360,买盘
764,10:18:04,24.8,0.0,60,148783,买盘
765,10:18:09,24.79,-0.01,10,24790,卖盘
766,10:18:12,24.81,0.02,102,252976,买盘
767,10:18:19,24.81,0.0,4,9924,卖盘
768,10:18:28,24.82,0.01,12,29784,买盘
769,10:18:36,24.82,0.0,2,4964,卖盘
770,10:18:43,24.82,0.0,4,9928,卖盘
771,10:18:46,24.84,0.02,5,12420,买盘
772,10:18:49,24.82,-0.02,2,4964,卖盘
773,10:18:52,24.84,0.02,5,12420,买盘
774,10:18:55,24.84,0.0,1,2484,卖盘
775,10:18:58,24.84,0.0,1,2484,卖盘
776,10:19:01,24.87,0.03,5,12426,买盘
777,10:19:04,24.87,0.0,2,4974,卖盘
778,10:19:07,24.89,0.02,13,32351,买盘
779,10:19:10,24.89,0.0,1,2489,卖盘
780,10:19:13,24.9,0.01,7,17428,买盘
781,10:19:15,24.89,-0.01,2,4978,卖盘
782,10:19:19,24.89,0.0,2,4978,卖盘
783,10:19:22,24.92,0.03,4,9960,买盘
784,10:19:24,24.93,0.01,11,27419,买盘
785,10:19:37,24.9,-0.03,8,19920,买盘
786,10:19:40,24.9,0.0,1,2490,买盘
787,10:19:42,24.92,0.02,6,14943,买盘
788,10:19:52,24.91,-0.01,3,7471,买盘
789,10:19:54,24.9,-0.01,2,4980,卖盘
790,10:19:58,24.9,0.0,4,9960,卖盘
791,10:20:01,24.9,0.0,3,7471,卖盘
792,10:20:04,24.9,0.0,2,4980,卖盘
793,10:20:07,24.9,0.0,4,9960,卖盘
794,10:20:13,24.84,-0.06,1,2484,卖盘
795,10:20:15,24.84,0.0,1,2484,卖盘
796,10:20:19,24.84,0.0,5,12420,卖盘
797,10:20:27,24.84,0.0,13,32292,买盘
798,10:20:40,24.84,0.0,1,2484,卖盘
799,10:20:51,24.84,0.0,21,52164,卖盘
800,10:20:55,24.84,0.0,21,52168,卖盘
801,10:20:58,24.84,0.0,5,12420,卖盘
802,10:21:01,24.84,0.0,1,2484,卖盘
803,10:21:25,24.84,0.0,1,2484,卖盘
804,10:21:28,24.84,0.0,5,12420,卖盘
805,10:21:30,24.83,-0.01,11,27318,卖盘
806,10:21:34,24.83,0.0,2,4966,卖盘
807,10:21:36,24.83,0.0,10,24830,卖盘
808,10:21:40,24.83,0.0,15,37257,卖盘
809,10:21:43,24.83,0.0,41,101803,卖盘
810,10:21:49,24.82,-0.01,3,7446,卖盘
811,10:21:52,24.82,0.0,13,32285,卖盘
812,10:21:57,24.82,0.0,5,12410,卖盘
813,10:22:00,24.82,0.0,7,17374,卖盘
814,10:22:04,24.82,0.0,6,14892,买盘
815,10:22:10,24.82,0.0,1,2482,买盘
816,10:22:16,24.81,-0.01,1,2481,卖盘
817,10:22:19,24.83,0.02,90,223418,买盘
818,10:22:22,24.83,0.0,1,2483,卖盘
819,10:22:31,24.83,0.0,20,49660,卖盘
820,10:22:46,24.8,-0.03,3,7440,卖盘
821,10:22:49,24.84,0.04,5,12417,买盘
822,10:22:52,24.85,0.01,28,69577,买盘
823,10:23:04,24.87,0.02,4,9948,买盘
824,10:23:12,24.85,-0.02,5,12425,卖盘
825,10:23:18,24.85,0.0,7,17395,卖盘
826,10:23:25,24.93,0.08,104,258824,买盘
827,10:23:28,24.82,-0.11,5,12410,卖盘
828,10:23:54,24.83,0.01,10,24834,卖盘
829,10:24:06,24.85,0.02,5,12425,买盘
830,10:24:13,24.86,0.01,10,24882,卖盘
831,10:24:19,24.92,0.06,6,14952,买盘
832,10:24:31,24.86,-0.06,6,14921,卖盘
833,10:24:40,24.91,0.05,7,17437,买盘
834,10:24:46,24.91,0.0,1,2491,买盘
835,10:24:52,24.91,0.0,3,7473,买盘
836,10:25:01,24.91,0.0,9,22419,买盘
837,10:25:07,24.92,0.01,27,67274,买盘
838,10:25:13,24.93,0.01,30,74790,买盘
839,10:25:16,24.94,0.01,10,24940,买盘
840,10:25:22,24.92,-0.02,10,24921,卖盘
841,10:25:25,24.94,0.02,1,2494,买盘
842,10:25:43,24.95,0.01,11,27438,买盘
843,10:25:46,24.95,0.0,23,57385,买盘
844,10:25:57,24.96,0.01,5,12480,买盘
845,10:26:07,24.96,0.0,7,17472,买盘
846,10:26:10,24.96,0.0,6,14976,卖盘
847,10:26:16,24.97,0.01,24,59918,买盘
848,10:26:18,24.97,0.0,26,64922,卖盘
849,10:26:24,24.96,-0.01,22,54912,买盘
850,10:26:34,24.99,0.03,62,154895,买盘
851,10:26:40,24.97,-0.02,16,39952,卖盘
852,10:26:46,24.97,0.0,1,2497,卖盘
853,10:26:49,24.96,-0.01,32,79875,卖盘
854,10:26:52,24.96,0.0,4,9984,买盘
855,10:26:58,24.96,0.0,4,9984,买盘
856,10:27:01,24.97,0.01,69,172230,买盘
857,10:27:04,24.95,-0.02,31,77345,卖盘
858,10:27:06,24.95,0.0,16,39920,买盘
859,10:27:10,24.95,0.0,2,4990,买盘
860,10:27:15,24.95,0.0,3,7481,买盘
861,10:27:28,24.93,-0.02,3,7479,卖盘
862,10:27:40,24.93,0.0,41,102184,买盘
863,10:27:52,24.95,0.02,67,167077,买盘
864,10:27:55,24.95,0.0,1,2495,卖盘
865,10:27:58,24.95,0.0,2,4990,卖盘
866,10:28:06,24.95,0.0,18,44934,卖盘
867,10:28:19,24.97,0.02,14,34958,买盘
868,10:28:27,24.96,-0.01,1,2496,中性盘
869,10:28:45,24.96,0.0,2,4993,卖盘
870,10:28:49,24.97,0.01,6,14982,买盘
871,10:28:51,24.97,0.0,12,29964,卖盘
872,10:28:58,24.97,0.0,5,12485,卖盘
873,10:29:04,24.99,0.02,67,167384,买盘
874,10:29:19,24.98,-0.01,9,22482,卖盘
875,10:29:22,24.99,0.01,36,89953,买盘
876,10:29:25,24.99,0.0,11,27489,买盘
877,10:29:28,24.97,-0.02,25,62425,卖盘
878,10:29:30,24.99,0.02,4,9996,买盘
879,10:29:33,24.98,-0.01,32,79967,卖盘
880,10:29:36,24.99,0.01,3,7497,买盘
881,10:29:43,24.99,0.0,14,34986,买盘
882,10:29:46,24.99,0.0,23,57474,买盘
883,10:29:49,24.99,0.0,12,29988,买盘
884,10:29:52,24.98,-0.01,5,12490,卖盘
885,10:29:55,24.99,0.01,21,52469,买盘
886,10:30:07,25.0,0.01,90,224978,买盘
887,10:30:22,24.95,-0.05,233,582152,卖盘
888,10:30:52,24.95,0.0,20,49904,卖盘
889,10:31:01,24.95,0.0,12,29940,卖盘
890,10:31:10,24.95,0.0,57,142235,卖盘
891,10:31:13,24.95,0.0,14,34930,卖盘
892,10:31:16,24.95,0.0,7,17465,卖盘
893,10:31:19,24.95,0.0,8,19960,卖盘
894,10:31:34,24.95,0.0,21,52397,卖盘
895,10:31:49,24.95,0.0,5,12475,卖盘
896,10:31:52,24.95,0.0,13,32435,卖盘
897,10:31:55,24.97,0.02,20,49923,买盘
898,10:32:16,24.95,-0.02,3,7485,卖盘
899,10:32:25,24.96,0.01,27,67385,买盘
900,10:32:31,24.96,0.0,13,32448,卖盘
901,10:32:36,24.96,0.0,24,59904,卖盘
902,10:32:46,24.96,0.0,24,59892,买盘
903,10:32:48,24.93,-0.03,3,7479,卖盘
904,10:33:07,24.89,-0.04,2,4978,卖盘
905,10:33:15,24.89,0.0,8,19912,卖盘
906,10:33:27,24.88,-0.01,38,94564,卖盘
907,10:33:40,24.8,-0.08,124,307691,卖盘
908,10:33:43,24.86,0.06,10,24859,买盘
909,10:33:52,24.86,0.0,1,2486,买盘
910,10:33:57,24.81,-0.05,10,24810,卖盘
911,10:34:04,24.81,0.0,1,2481,卖盘
912,10:34:07,24.86,0.05,12,29832,买盘
913,10:34:13,24.86,0.0,4,9944,买盘
914,10:34:15,24.82,-0.04,10,24820,卖盘
915,10:34:24,24.81,-0.01,27,66987,卖盘
916,10:34:28,24.82,0.01,2,4964,买盘
917,10:34:30,24.81,-0.01,5,12405,卖盘
918,10:34:34,24.82,0.01,6,14892,买盘
919,10:34:36,24.82,0.0,8,19856,买盘
920,10:34:43,24.81,-0.01,67,166290,卖盘
921,10:34:45,24.81,0.0,52,129012,买盘
922,10:34:48,24.82,0.01,4,9928,买盘
923,10:34:55,24.77,-0.05,195,483394,卖盘
924,10:35:00,24.82,0.05,2,4964,买盘
925,10:35:16,24.78,-0.04,5,12392,卖盘
926,10:35:22,24.81,0.03,3,7443,买盘
927,10:35:28,24.81,0.0,7,17367,买盘
928,10:35:40,24.82,0.01,5,12410,买盘
929,10:35:58,24.86,0.04,5,12430,买盘
930,10:36:01,24.86,0.0,8,19888,买盘
931,10:36:04,24.77,-0.09,156,386964,卖盘
932,10:36:07,24.86,0.09,30,74580,买盘
933,10:36:13,24.8,-0.06,30,74474,卖盘
934,10:36:16,24.88,0.08,140,347936,买盘
935,10:36:19,24.84,-0.04,6,14904,中性盘
936,10:36:37,24.84,0.0,6,14904,买盘
937,10:36:49,24.84,0.0,12,29844,卖盘
938,10:36:54,24.88,0.04,20,49760,买盘
939,10:37:01,24.84,-0.04,5,12420,卖盘
940,10:37:07,24.84,0.0,5,12420,卖盘
941,10:37:10,24.84,0.0,4,9936,卖盘
942,10:37:16,24.84,0.0,1,2484,买盘
943,10:37:31,24.82,-0.02,32,79434,卖盘
944,10:37:34,24.83,0.01,7,17381,买盘
945,10:37:42,24.82,-0.01,11,27302,卖盘
946,10:37:45,24.84,0.02,49,121680,买盘
947,10:38:28,24.85,0.01,2,4970,卖盘
948,10:38:34,24.85,0.0,6,14910,卖盘
949,10:38:36,24.85,0.0,135,335177,买盘
950,10:38:55,24.88,0.03,19,47254,买盘
951,10:38:58,24.81,-0.07,38,94278,卖盘
952,10:39:07,24.82,0.01,3,7446,卖盘
953,10:39:12,24.81,-0.01,67,166235,卖盘
954,10:39:36,24.82,0.01,14,34748,卖盘
955,10:39:46,24.82,0.0,8,19856,卖盘
956,10:40:01,24.82,0.0,21,52122,卖盘
957,10:40:07,24.82,0.0,16,39712,卖盘
958,10:40:15,24.83,0.01,3,7449,卖盘
959,10:40:25,24.83,0.0,11,27313,卖盘
960,10:40:28,24.83,0.0,1,2483,卖盘
961,10:40:30,24.82,-0.01,29,72005,卖盘
962,10:40:34,24.83,0.01,1,2483,买盘
963,10:40:37,24.83,0.0,2,4966,买盘
964,10:40:39,24.85,0.02,10,24832,买盘
965,10:40:52,24.85,0.0,4,9940,买盘
966,10:40:57,24.85,0.0,12,29820,买盘
967,10:41:07,24.84,-0.01,1,2484,卖盘
968,10:41:13,24.85,0.01,12,29820,买盘
969,10:41:16,24.85,0.0,12,29820,买盘
970,10:41:18,24.84,-0.01,1,2484,卖盘
971,10:41:22,24.85,0.01,32,79520,买盘
972,10:41:34,24.85,0.0,1,2485,卖盘
973,10:41:36,24.85,0.0,5,12425,卖盘
974,10:41:39,24.85,0.0,4,9940,卖盘
975,10:41:43,24.85,0.0,161,399825,卖盘
976,10:41:46,24.85,0.0,3,7455,卖盘
977,10:41:51,24.82,-0.03,1,2482,卖盘
978,10:41:57,24.85,0.03,8,19880,买盘
979,10:42:16,24.83,-0.02,11,27325,卖盘
980,10:42:18,24.83,0.0,1,2483,买盘
981,10:42:24,24.76,-0.07,532,1319046,卖盘
982,10:42:33,24.82,0.06,1,2482,买盘
983,10:42:46,24.73,-0.09,390,965175,卖盘
984,10:42:52,24.74,0.01,4,9896,中性盘
985,10:42:57,24.74,0.0,113,279353,买盘
986,10:43:01,24.71,-0.03,55,135913,卖盘
987,10:43:04,24.7,-0.01,80,197678,卖盘
988,10:43:07,24.71,0.01,5,12355,中性盘
989,10:43:10,24.7,-0.01,91,224770,卖盘
990,10:43:13,24.68,-0.02,28,69110,卖盘
991,10:43:16,24.68,0.0,2,4936,卖盘
992,10:43:18,24.7,0.02,55,135804,买盘
993,10:43:22,24.66,-0.04,10,24660,卖盘
994,10:43:25,24.68,0.02,15,36994,买盘
995,10:43:28,24.68,0.0,19,46892,买盘
996,10:43:31,24.66,-0.02,5,12330,卖盘
997,10:43:34,24.66,0.0,5,12330,卖盘
998,10:43:36,24.66,0.0,63,155367,买盘
999,10:43:39,24.66,0.0,10,24660,卖盘
1000,10:43:43,24.65,-0.01,42,103564,卖盘
1001,10:43:46,24.66,0.01,6,14798,中性盘
1002,10:43:48,24.66,0.0,5,12330,卖盘
1003,10:43:51,24.68,0.02,10,24672,买盘
1004,10:43:55,24.7,0.02,56,138262,买盘
1005,10:43:58,24.66,-0.04,65,160285,卖盘
1006,10:44:04,24.7,0.04,6,14820,买盘
1007,10:44:07,24.7,0.0,5,12350,买盘
1008,10:44:10,24.7,0.0,5,12350,买盘
1009,10:44:13,24.7,0.0,60,148190,买盘
1010,10:44:15,24.68,-0.02,9,22216,卖盘
1011,10:44:18,24.69,0.01,50,123454,卖盘
1012,10:44:22,24.69,0.0,20,49380,买盘
1013,10:44:24,24.7,0.01,3,7410,买盘
1014,10:44:31,24.7,0.0,7,17290,买盘
1015,10:44:36,24.69,-0.01,51,125950,卖盘
1016,10:44:40,24.7,0.01,6,14820,卖盘
1017,10:44:43,24.7,0.0,2,4940,卖盘
1018,10:44:46,24.7,0.0,1,2470,卖盘
1019,10:44:49,24.72,0.02,16,39546,中性盘
1020,10:44:52,24.7,-0.02,16,39532,卖盘
1021,10:44:54,24.7,0.0,14,34580,卖盘
1022,10:44:58,24.7,0.0,9,22230,卖盘
1023,10:45:01,24.7,0.0,30,74100,买盘
1024,10:45:04,24.68,-0.02,19,46900,卖盘
1025,10:45:07,24.72,0.04,6,14832,买盘
1026,10:45:10,24.7,-0.02,3,7411,卖盘
1027,10:45:13,24.71,0.01,34,84013,买盘
1028,10:45:16,24.72,0.01,10,24693,买盘
1029,10:45:25,24.69,-0.03,14,34570,卖盘
1030,10:45:30,24.72,0.03,27,66726,买盘
1031,10:45:34,24.69,-0.03,1,2469,卖盘
1032,10:45:36,24.7,0.01,4,9882,中性盘
1033,10:45:40,24.69,-0.01,4,9876,卖盘
1034,10:45:43,24.68,-0.01,37,91340,卖盘
1035,10:45:46,24.68,0.0,33,81444,卖盘
1036,10:45:49,24.66,-0.02,50,123346,卖盘
1037,10:45:52,24.65,-0.01,440,1084749,卖盘
1038,10:45:54,24.62,-0.03,20,49248,卖盘
1039,10:45:57,24.62,0.0,12,29542,买盘
1040,10:46:01,24.6,-0.02,154,378869,卖盘
1041,10:46:04,24.6,0.0,40,98400,买盘
1042,10:46:07,24.6,0.0,2,4920,买盘
1043,10:46:10,24.6,0.0,8,19668,买盘
1044,10:46:13,24.55,-0.05,10,24555,卖盘
1045,10:46:15,24.55,0.0,22,54015,卖盘
1046,10:46:18,24.55,0.0,8,19640,买盘
1047,10:46:22,24.51,-0.04,33,80888,卖盘
1048,10:46:24,24.53,0.02,2,4906,中性盘
1049,10:46:27,24.56,0.03,150,368184,买盘
1050,10:46:30,24.56,0.0,31,76136,卖盘
1051,10:46:34,24.5,-0.06,209,512299,卖盘
1052,10:46:36,24.53,0.03,35,85891,卖盘
1053,10:46:39,24.57,0.04,36,88488,中性盘
1054,10:46:43,24.59,0.02,8,19672,买盘
1055,10:46:45,24.59,0.0,2,4918,买盘
1056,10:46:48,24.57,-0.02,56,137674,卖盘
1057,10:46:51,24.57,0.0,13,31933,买盘
1058,10:46:55,24.57,0.0,2,4914,买盘
1059,10:46:58,24.56,-0.01,4,9822,中性盘
1060,10:47:00,24.55,-0.01,35,85993,卖盘
1061,10:47:03,24.57,0.02,5,12285,买盘
1062,10:47:06,24.55,-0.02,24,58920,卖盘
1063,10:47:10,24.55,0.0,7,17193,卖盘
1064,10:47:13,24.55,0.0,14,34370,卖盘
1065,10:47:16,24.55,0.0,11,27005,买盘
1066,10:47:19,24.55,0.0,26,63870,中性盘
1067,10:47:22,24.52,-0.03,101,247747,卖盘
1068,10:47:24,24.53,0.01,57,139825,中性盘
1069,10:47:27,24.53,0.0,12,29436,买盘
1070,10:47:30,24.53,0.0,301,737609,买盘
1071,10:47:34,24.52,-0.01,3,7356,中性盘
1072,10:47:37,24.52,0.0,14,34338,中性盘
1073,10:47:40,24.52,0.0,27,66192,买盘
1074,10:47:43,24.5,-0.02,39,95568,卖盘
1075,10:47:45,24.52,0.02,3,7356,买盘
1076,10:47:48,24.52,0.0,5,12260,卖盘
1077,10:47:55,24.53,0.01,5,12265,买盘
1078,10:47:57,24.53,0.0,40,98070,买盘
1079,10:48:00,24.52,-0.01,15,36785,卖盘
1080,10:48:09,24.52,0.0,20,49057,卖盘
1081,10:48:13,24.57,0.05,6,14742,买盘
1082,10:48:16,24.55,-0.02,10,24550,中性盘
1083,10:48:19,24.55,0.0,5,12275,卖盘
1084,10:48:27,24.6,0.05,1,2460,卖盘
1085,10:48:34,24.58,-0.02,1,2458,买盘
1086,10:48:39,24.57,-0.01,8,19659,卖盘
1087,10:48:52,24.59,0.02,5,12295,卖盘
1088,10:48:58,24.66,0.07,9,22194,买盘
1089,10:49:07,24.66,0.0,64,157624,买盘
1090,10:49:09,24.66,0.0,22,54252,卖盘
1091,10:49:12,24.6,-0.06,1,2460,买盘
1092,10:49:15,24.59,-0.01,1,2459,卖盘
1093,10:49:18,24.65,0.06,27,66470,买盘
1094,10:49:24,24.66,0.01,1,2466,买盘
1095,10:49:28,24.6,-0.06,5,12300,卖盘
1096,10:49:31,24.66,0.06,10,24659,买盘
1097,10:49:33,24.6,-0.06,53,130541,卖盘
1098,10:49:36,24.6,0.0,10,24600,买盘
1099,10:49:43,24.6,0.0,50,122982,买盘
1100,10:49:46,24.6,0.0,8,19680,买盘
1101,10:49:49,24.6,0.0,6,14760,买盘
1102,10:49:52,24.59,-0.01,4,9837,卖盘
1103,10:49:55,24.59,0.0,2,4918,卖盘
1104,10:50:06,24.58,-0.01,17,41786,卖盘
1105,10:50:16,24.59,0.01,11,27049,买盘
1106,10:50:22,24.59,0.0,1,2459,卖盘
1107,10:50:25,24.6,0.01,1,2460,买盘
1108,10:50:36,24.59,-0.01,8,19678,卖盘
1109,10:50:42,24.6,0.01,2,4920,买盘
1110,10:50:45,24.6,0.0,50,123000,卖盘
1111,10:50:58,24.6,0.0,36,88560,卖盘
1112,10:51:00,24.6,0.0,20,49200,买盘
1113,10:51:10,24.6,0.0,32,78690,买盘
1114,10:51:13,24.6,0.0,10,24600,买盘
1115,10:51:24,24.59,-0.01,50,122978,卖盘
1116,10:51:39,24.59,0.0,10,24590,卖盘
1117,10:51:46,24.59,0.0,8,19672,卖盘
1118,10:51:48,24.59,0.0,15,36887,卖盘
1119,10:51:52,24.59,0.0,10,24590,卖盘
1120,10:51:58,24.59,0.0,14,34421,买盘
1121,10:52:00,24.59,0.0,1,2459,卖盘
1122,10:52:06,24.59,0.0,3,7377,买盘
1123,10:52:10,24.58,-0.01,5,12290,卖盘
1124,10:52:18,24.58,0.0,14,34412,卖盘
1125,10:52:22,24.58,0.0,16,39328,买盘
1126,10:52:25,24.58,0.0,5,12290,卖盘
1127,10:52:28,24.52,-0.06,84,206271,卖盘
1128,10:52:36,24.57,0.05,1,2457,买盘
1129,10:52:39,24.52,-0.05,13,31876,卖盘
1130,10:52:42,24.51,-0.01,2,4902,卖盘
1131,10:52:46,24.56,0.05,13,31884,买盘
1132,10:52:48,24.5,-0.06,108,264663,卖盘
1133,10:52:54,24.5,0.0,21,51473,卖盘
1134,10:52:57,24.5,0.0,8,19600,买盘
1135,10:53:01,24.45,-0.05,98,239715,卖盘
1136,10:53:04,24.43,-0.02,2,4886,买盘
1137,10:53:07,24.43,0.0,43,104988,买盘
1138,10:53:10,24.41,-0.02,17,41503,卖盘
1139,10:53:12,24.42,0.01,41,100119,买盘
1140,10:53:16,24.43,0.01,19,46383,买盘
1141,10:53:19,24.43,0.0,12,29310,买盘
1142,10:53:22,24.43,0.0,6,14644,买盘
1143,10:53:24,24.43,0.0,21,51298,买盘
1144,10:53:28,24.43,0.0,26,63518,卖盘
1145,10:53:30,24.43,0.0,42,102606,卖盘
1146,10:53:34,24.43,0.0,70,171221,卖盘
1147,10:53:39,24.44,0.01,2,4889,卖盘
1148,10:53:43,24.43,-0.01,135,329895,卖盘
1149,10:53:46,24.44,0.01,5,12221,中性盘
1150,10:53:49,24.44,0.0,12,29331,卖盘
1151,10:53:55,24.45,0.01,2,4890,中性盘
1152,10:53:57,24.46,0.01,5,12230,卖盘
1153,10:54:07,24.49,0.03,20,48980,买盘
1154,10:54:12,24.45,-0.04,50,122271,卖盘
1155,10:54:19,24.46,0.01,13,31829,卖盘
1156,10:54:22,24.46,0.0,6,14676,买盘
1157,10:54:25,24.46,0.0,40,97840,买盘
1158,10:54:27,24.46,0.0,2,4892,买盘
1159,10:54:31,24.46,0.0,2,4892,买盘
1160,10:54:34,24.46,0.0,5,12230,买盘
1161,10:54:37,24.46,0.0,5,12230,买盘
1162,10:54:40,24.45,-0.01,2,4890,卖盘
1163,10:54:45,24.43,-0.02,50,122210,卖盘
1164,10:54:49,24.45,0.02,9,22008,卖盘
1165,10:54:55,24.45,0.0,5,12225,买盘
1166,10:54:58,24.42,-0.03,50,122140,卖盘
1167,10:55:01,24.48,0.06,68,166409,买盘
1168,10:55:06,24.47,-0.01,11,26921,卖盘
1169,10:55:09,24.47,0.0,5,12235,卖盘
1170,10:55:13,24.5,0.03,8,19576,买盘
1171,10:55:15,24.49,-0.01,1,2449,卖盘
1172,10:55:22,24.48,-0.01,4,9792,买盘
1173,10:55:28,24.48,0.0,9,22032,买盘
1174,10:55:34,24.45,-0.03,51,124793,卖盘
1175,10:55:39,24.48,0.03,1,2448,买盘
1176,10:55:45,24.45,-0.03,58,141810,卖盘
1177,10:55:49,24.48,0.03,11,26928,买盘
1178,10:55:52,24.48,0.0,5,12240,买盘
1179,10:55:55,24.48,0.0,38,93024,买盘
1180,10:55:58,24.49,0.01,24,58771,买盘
1181,10:56:07,24.45,-0.04,55,134511,卖盘
1182,10:56:18,24.45,0.0,2,4890,买盘
1183,10:56:21,24.43,-0.02,19,46429,卖盘
1184,10:56:27,24.45,0.02,2,4890,买盘
1185,10:56:34,24.48,0.03,50,122320,买盘
1186,10:56:37,24.46,-0.02,1,2446,卖盘
1187,10:56:40,24.49,0.03,25,61204,买盘
1188,10:56:43,24.49,0.0,14,34286,卖盘
1189,10:56:46,24.5,0.01,15,36740,买盘
1190,10:56:49,24.5,0.0,80,196000,买盘
1191,10:56:52,24.51,0.01,12,29405,买盘
1192,10:57:01,24.54,0.03,5,12270,买盘
1193,10:57:07,24.51,-0.03,52,127463,卖盘
1194,10:57:13,24.55,0.04,11,27005,买盘
1195,10:57:25,24.58,0.03,7,17200,买盘
1196,10:57:28,24.54,-0.04,37,90817,卖盘
1197,10:57:31,24.55,0.01,31,76086,买盘
1198,10:57:37,24.54,-0.01,14,34356,买盘
1199,10:57:40,24.55,0.01,37,90802,买盘
1200,10:57:43,24.5,-0.05,74,181363,卖盘
1201,10:57:51,24.5,0.0,3,7350,买盘
1202,10:57:55,24.48,-0.02,10,24480,卖盘
1203,10:57:57,24.48,0.0,1,2448,买盘
1204,10:58:01,24.48,0.0,9,22032,买盘
1205,10:58:16,24.51,0.03,1,2451,卖盘
1206,10:58:19,24.52,0.01,1,2452,买盘
1207,10:58:25,24.52,0.0,3,7356,买盘
1208,10:58:27,24.52,0.0,5,12260,买盘
1209,10:58:30,24.48,-0.04,31,75909,卖盘
1210,10:58:33,24.48,0.0,1,2448,买盘
1211,10:58:36,24.52,0.04,7,17152,买盘
1212,10:58:49,24.51,-0.01,7,17157,买盘
1213,10:58:52,24.51,0.0,2,4902,买盘
1214,10:58:55,24.48,-0.03,60,146881,卖盘
1215,10:58:57,24.51,0.03,1,2451,买盘
1216,10:59:06,24.51,0.0,2,4902,买盘
1217,10:59:10,24.51,0.0,2,4902,买盘
1218,10:59:16,24.51,0.0,2,4902,买盘
1219,10:59:30,24.51,0.0,9,22059,买盘
1220,10:59:42,24.51,0.0,3,7353,卖盘
1221,10:59:48,24.51,0.0,11,26961,买盘
1222,10:59:55,24.51,0.0,64,156695,买盘
1223,11:00:04,24.48,-0.03,19,46524,卖盘
1224,11:00:10,24.42,-0.06,150,366714,卖盘
1225,11:00:13,24.49,0.07,3,7347,中性盘
1226,11:00:19,24.47,-0.02,5,12235,卖盘
1227,11:00:34,24.47,0.0,20,48930,买盘
1228,11:00:40,24.43,-0.04,24,58640,卖盘
1229,11:00:45,24.47,0.04,5,12235,买盘
1230,11:01:00,24.43,-0.04,31,75733,卖盘
1231,11:01:10,24.46,0.03,1,2446,买盘
1232,11:01:12,24.46,0.0,21,51347,买盘
1233,11:01:15,24.43,-0.03,6,14658,卖盘
1234,11:01:18,24.43,0.0,1,2443,卖盘
1235,11:01:30,24.45,0.02,5,12225,买盘
1236,11:01:33,24.44,-0.01,10,24440,卖盘
1237,11:01:43,24.44,0.0,3,7332,卖盘
1238,11:01:46,24.46,0.02,50,122297,买盘
1239,11:01:49,24.41,-0.05,230,561587,卖盘
1240,11:01:51,24.41,0.0,59,144019,买盘
1241,11:02:04,24.41,0.0,8,19528,买盘
1242,11:02:07,24.4,-0.01,289,705230,卖盘
1243,11:02:10,24.4,0.0,15,36600,买盘
1244,11:02:12,24.4,0.0,6,14640,买盘
1245,11:02:15,24.38,-0.02,42,102419,卖盘
1246,11:02:18,24.4,0.02,61,148704,买盘
1247,11:02:30,24.38,-0.02,5,12190,卖盘
1248,11:02:39,24.37,-0.01,12,29244,卖盘
1249,11:02:43,24.4,0.03,31,75610,买盘
1250,11:02:46,24.37,-0.03,5,12185,卖盘
1251,11:02:57,24.37,0.0,36,87738,卖盘
1252,11:03:04,24.4,0.03,4,9760,买盘
1253,11:03:06,24.38,-0.02,10,24380,卖盘
1254,11:03:09,24.4,0.02,35,85388,买盘
1255,11:03:13,24.38,-0.02,4,9752,中性盘
1256,11:03:16,24.4,0.02,32,78078,买盘
1257,11:03:21,24.37,-0.03,4,9751,卖盘
1258,11:03:27,24.4,0.03,71,173215,买盘
1259,11:03:30,24.4,0.0,39,95160,买盘
1260,11:03:33,24.4,0.0,14,34160,卖盘
1261,11:03:43,24.42,0.02,1,2442,卖盘
1262,11:03:54,24.44,0.02,6,14664,卖盘
1263,11:04:01,24.44,0.0,1,2444,卖盘
1264,11:04:07,24.48,0.04,1,2448,买盘
1265,11:04:09,24.48,0.0,5,12240,买盘
1266,11:04:12,24.48,0.0,1,2448,买盘
1267,11:04:15,24.48,0.0,1,2448,买盘
1268,11:04:28,24.48,0.0,6,14688,买盘
1269,11:04:31,24.46,-0.02,5,12236,卖盘
1270,11:04:34,24.49,0.03,63,154254,买盘
1271,11:04:42,24.5,0.01,12,29400,买盘
1272,11:04:46,24.49,-0.01,1,2449,卖盘
1273,11:04:49,24.5,0.01,7,17150,买盘
1274,11:04:58,24.5,0.0,10,24500,卖盘
1275,11:05:07,24.51,0.01,8,19608,买盘
1276,11:05:10,24.5,-0.01,10,24500,卖盘
1277,11:05:13,24.5,0.0,33,80850,卖盘
1278,11:05:15,24.51,0.01,12,29405,买盘
1279,11:05:21,24.5,-0.01,4,9800,买盘
1280,11:05:24,24.5,0.0,5,12250,买盘
1281,11:05:28,24.5,0.0,117,286209,买盘
1282,11:05:39,24.51,0.01,39,95548,买盘
1283,11:05:42,24.5,-0.01,1,2450,买盘
1284,11:06:01,24.5,0.0,12,29400,卖盘
1285,11:06:07,24.5,0.0,5,12250,买盘
1286,11:06:10,24.5,0.0,8,19600,买盘
1287,11:06:16,24.4,-0.1,131,319940,卖盘
1288,11:06:31,24.4,0.0,38,92720,买盘
1289,11:06:34,24.4,0.0,1,2440,买盘
1290,11:06:37,24.4,0.0,2,4880,买盘
1291,11:06:39,24.4,0.0,4,9760,买盘
1292,11:06:42,24.4,0.0,7,17080,买盘
1293,11:06:46,24.4,0.0,10,24400,买盘
1294,11:06:49,24.4,0.0,7,17080,买盘
1295,11:07:15,24.41,0.01,1,2441,卖盘
1296,11:07:21,24.41,0.0,7,17135,卖盘
1297,11:07:46,24.41,0.0,17,41497,卖盘
1298,11:07:54,24.41,0.0,46,112286,卖盘
1299,11:08:21,24.42,0.01,1,2442,卖盘
1300,11:08:40,24.46,0.04,6,14676,买盘
1301,11:08:43,24.47,0.01,12,29355,买盘
1302,11:08:46,24.43,-0.04,5,12215,卖盘
1303,11:09:04,24.45,0.02,2,4890,中性盘
1304,11:09:07,24.47,0.02,4,9788,买盘
1305,11:09:18,24.45,-0.02,6,14670,卖盘
1306,11:09:25,24.45,0.0,17,41595,卖盘
1307,11:09:27,24.45,0.0,1,2445,买盘
1308,11:09:36,24.44,-0.01,67,163798,卖盘
1309,11:09:40,24.44,0.0,10,24440,买盘
1310,11:09:43,24.43,-0.01,3,7329,卖盘
1311,11:09:49,24.42,-0.01,50,122117,卖盘
1312,11:09:52,24.42,0.0,1,2442,卖盘
1313,11:09:54,24.42,0.0,19,46388,买盘
1314,11:10:01,24.42,0.0,7,17094,买盘
1315,11:10:06,24.4,-0.02,49,119598,卖盘
1316,11:10:09,24.39,-0.01,81,197607,卖盘
1317,11:10:16,24.39,0.0,12,29268,卖盘
1318,11:10:19,24.39,0.0,9,21951,卖盘
1319,11:10:28,24.39,0.0,6,14634,卖盘
1320,11:10:30,24.41,0.02,1,2441,买盘
1321,11:10:34,24.39,-0.02,10,24390,卖盘
1322,11:10:37,24.41,0.02,1,2441,买盘
1323,11:10:40,24.41,0.0,22,53675,买盘
1324,11:10:43,24.37,-0.04,47,114607,卖盘
1325,11:10:49,24.37,0.0,2,4874,买盘
1326,11:10:52,24.36,-0.01,34,82824,卖盘
1327,11:10:55,24.36,0.0,20,48720,买盘
1328,11:11:01,24.35,-0.01,27,65745,卖盘
1329,11:11:04,24.36,0.01,28,68184,买盘
1330,11:11:06,24.36,0.0,181,440522,买盘
1331,11:11:13,24.34,-0.02,54,131495,卖盘
1332,11:11:16,24.33,-0.01,7,17030,买盘
1333,11:11:19,24.32,-0.01,76,184832,卖盘
1334,11:11:22,24.3,-0.02,96,233455,卖盘
1335,11:11:25,24.3,0.0,161,391260,卖盘
1336,11:11:28,24.3,0.0,16,38880,卖盘
1337,11:11:31,24.3,0.0,20,48600,买盘
1338,11:11:34,24.29,-0.01,34,82594,卖盘
1339,11:11:37,24.3,0.01,18,43729,买盘
1340,11:11:40,24.3,0.0,24,58320,卖盘
1341,11:11:42,24.3,0.0,26,63180,卖盘
1342,11:11:46,24.3,0.0,9,21870,卖盘
1343,11:11:49,24.3,0.0,12,29160,卖盘
1344,11:11:52,24.3,0.0,19,46169,买盘
1345,11:11:55,24.3,0.0,70,170014,卖盘
1346,11:11:58,24.3,0.0,11,26750,卖盘
1347,11:12:01,24.3,0.0,23,55875,买盘
1348,11:12:04,24.3,0.0,19,46170,买盘
1349,11:12:10,24.29,-0.01,33,80168,卖盘
1350,11:12:13,24.3,0.01,1,2430,卖盘
1351,11:12:16,24.29,-0.01,16,38870,卖盘
1352,11:12:19,24.29,0.0,8,19432,卖盘
1353,11:12:22,24.28,-0.01,80,194285,卖盘
1354,11:12:25,24.29,0.01,20,48580,中性盘
1355,11:12:27,24.29,0.0,14,34006,卖盘
1356,11:12:34,24.3,0.01,4,9718,买盘
1357,11:12:43,24.3,0.0,20,48600,卖盘
1358,11:12:49,24.33,0.03,3,7296,买盘
1359,11:12:52,24.3,-0.03,11,26730,卖盘
1360,11:12:58,24.3,0.0,4,9729,卖盘
1361,11:13:01,24.33,0.03,37,89985,买盘
1362,11:13:04,24.33,0.0,10,24330,买盘
1363,11:13:13,24.31,-0.02,4,9724,卖盘
1364,11:13:19,24.29,-0.02,151,366947,卖盘
1365,11:13:22,24.33,0.04,5,12165,买盘
1366,11:13:34,24.31,-0.02,4,9726,卖盘
1367,11:13:40,24.32,0.01,7,17024,买盘
1368,11:13:42,24.3,-0.02,5,12150,卖盘
1369,11:13:49,24.32,0.02,25,60800,买盘
1370,11:13:57,24.29,-0.03,21,51026,卖盘
1371,11:14:01,24.31,0.02,11,26741,买盘
1372,11:14:09,24.31,0.0,5,12155,买盘
1373,11:14:12,24.31,0.0,9,21879,买盘
1374,11:14:15,24.31,0.0,5,12155,卖盘
1375,11:14:18,24.32,0.01,12,29184,买盘
1376,11:14:34,24.33,0.01,10,24330,买盘
1377,11:14:36,24.33,0.0,15,36485,买盘
1378,11:14:40,24.26,-0.07,335,813470,卖盘
1379,11:14:43,24.33,0.07,23,55896,买盘
1380,11:14:48,24.33,0.0,14,34062,卖盘
1381,11:14:54,24.33,0.0,1,2433,买盘
1382,11:14:58,24.33,0.0,6,14598,买盘
1383,11:15:07,24.3,-0.03,2,4860,卖盘
1384,11:15:10,24.3,0.0,8,19440,卖盘
1385,11:15:16,24.3,0.0,73,177304,买盘
1386,11:15:22,24.28,-0.02,5,12140,买盘
1387,11:15:27,24.25,-0.03,41,99458,卖盘
1388,11:15:31,24.25,0.0,5,12125,买盘
1389,11:15:33,24.25,0.0,1,2425,买盘
1390,11:15:46,24.24,-0.01,100,242357,卖盘
1391,11:15:49,24.23,-0.01,14,33930,中性盘
1392,11:15:52,24.23,0.0,6,14538,买盘
1393,11:15:55,24.25,0.02,68,164836,买盘
1394,11:16:01,24.21,-0.04,39,94456,卖盘
1395,11:16:04,24.21,0.0,77,186417,卖盘
1396,11:16:06,24.21,0.0,2,4842,买盘
1397,11:16:09,24.21,0.0,1,2421,买盘
1398,11:16:12,24.2,-0.01,17,41143,卖盘
1399,11:16:15,24.21,0.01,1,2421,买盘
1400,11:16:18,24.18,-0.03,100,241927,卖盘
1401,11:16:22,24.21,0.03,26,62939,买盘
1402,11:16:25,24.22,0.01,96,232492,买盘
1403,11:16:27,24.22,0.0,10,24220,卖盘
1404,11:16:31,24.22,0.0,20,48442,卖盘
1405,11:16:34,24.25,0.03,7,16975,买盘
1406,11:16:49,24.27,0.02,10,24270,中性盘
1407,11:16:52,24.27,0.0,2,4854,卖盘
1408,11:16:57,24.27,0.0,2,4854,卖盘
1409,11:17:01,24.32,0.05,26,63226,买盘
1410,11:17:04,24.26,-0.06,80,194210,卖盘
1411,11:17:16,24.35,0.09,2,4870,买盘
1412,11:17:18,24.35,0.0,87,211845,买盘
1413,11:17:28,24.31,-0.04,2,4862,卖盘
1414,11:17:34,24.35,0.04,19,46265,买盘
1415,11:17:40,24.3,-0.05,30,72935,卖盘
1416,11:17:43,24.38,0.08,24,58460,买盘
1417,11:18:04,24.35,-0.03,11,26785,卖盘
1418,11:18:07,24.35,0.0,2,4870,买盘
1419,11:18:13,24.35,0.0,5,12175,买盘
1420,11:18:16,24.35,0.0,5,12175,买盘
1421,11:18:19,24.35,0.0,77,187495,买盘
1422,11:18:22,24.35,0.0,7,17045,卖盘
1423,11:18:36,24.35,0.0,2,4870,卖盘
1424,11:19:04,24.34,-0.01,5,12170,卖盘
1425,11:19:13,24.34,0.0,1,2434,买盘
1426,11:19:15,24.35,0.01,2,4870,买盘
1427,11:19:28,24.35,0.0,5,12175,买盘
1428,11:19:31,24.35,0.0,1,2435,买盘
1429,11:19:34,24.35,0.0,1,2435,买盘
1430,11:19:37,24.36,0.01,6,14611,买盘
1431,11:19:40,24.36,0.0,1,2436,买盘
1432,11:19:43,24.36,0.0,7,17052,买盘
1433,11:19:46,24.4,0.04,1,2440,买盘
1434,11:19:48,24.4,0.0,1,2440,买盘
1435,11:19:52,24.4,0.0,12,29280,买盘
1436,11:19:57,24.43,0.03,2,4886,卖盘
1437,11:20:00,24.44,0.01,6,14664,买盘
1438,11:20:04,24.44,0.0,4,9776,卖盘
1439,11:20:13,24.48,0.04,10,24480,买盘
1440,11:20:19,24.47,-0.01,4,9788,卖盘
1441,11:20:27,24.48,0.01,16,39160,买盘
1442,11:20:40,24.49,0.01,22,53877,买盘
1443,11:20:46,24.48,-0.01,5,12240,卖盘
1444,11:20:52,24.44,-0.04,41,100319,卖盘
1445,11:21:01,24.49,0.05,2,4898,买盘
1446,11:21:34,24.46,-0.03,1,2446,卖盘
1447,11:21:49,24.44,-0.02,34,83106,卖盘
1448,11:21:55,24.44,0.0,14,34212,买盘
1449,11:21:58,24.42,-0.02,8,19536,卖盘
1450,11:22:04,24.42,0.0,1,2442,买盘
1451,11:22:25,24.4,-0.02,5,12200,卖盘
1452,11:22:28,24.4,0.0,30,73200,买盘
1453,11:22:34,24.4,0.0,5,12200,买盘
1454,11:22:40,24.38,-0.02,3,7318,卖盘
1455,11:22:49,24.4,0.02,1,2440,买盘
1456,11:22:52,24.42,0.02,30,73220,买盘
1457,11:23:22,24.4,-0.02,12,29280,卖盘
1458,11:23:37,24.38,-0.02,2,4876,卖盘
1459,11:24:10,24.37,-0.01,3,7312,卖盘
1460,11:24:39,24.36,-0.01,2,4872,卖盘
1461,11:24:51,24.33,-0.03,30,73000,卖盘
1462,11:24:55,24.34,0.01,2,4868,买盘
1463,11:24:58,24.36,0.02,10,24360,买盘
1464,11:25:04,24.34,-0.02,2,4868,卖盘
1465,11:25:10,24.35,0.01,1,2435,买盘
1466,11:25:16,24.35,0.0,12,29220,卖盘
1467,11:25:18,24.36,0.01,23,56028,买盘
1468,11:25:27,24.37,0.01,3,7311,买盘
1469,11:25:48,24.37,0.0,47,114548,卖盘
1470,11:25:51,24.4,0.03,5,12200,买盘
1471,11:26:13,24.4,0.0,3,7320,买盘
1472,11:26:22,24.4,0.0,1,2440,买盘
1473,11:26:27,24.4,0.0,5,12200,买盘
1474,11:26:34,24.4,0.0,13,31720,买盘
1475,11:26:37,24.4,0.0,1,2440,买盘
1476,11:26:54,24.4,0.0,4,9760,买盘
1477,11:27:12,24.38,-0.02,27,65826,卖盘
1478,11:27:16,24.38,0.0,1,2438,买盘
1479,11:27:22,24.38,0.0,12,29256,买盘
1480,11:27:33,24.38,0.0,4,9752,买盘
1481,11:27:39,24.37,-0.01,25,60925,卖盘
1482,11:27:49,24.37,0.0,7,17059,卖盘
1483,11:27:52,24.38,0.01,10,24372,买盘
1484,11:27:55,24.38,0.0,5,12190,买盘
1485,11:27:58,24.36,-0.02,10,24360,卖盘
1486,11:28:04,24.36,0.0,9,21924,卖盘
1487,11:28:13,24.36,0.0,5,12180,卖盘
1488,11:28:21,24.36,0.0,12,29232,卖盘
1489,11:28:31,24.38,0.02,27,65810,买盘
1490,11:28:36,24.35,-0.03,6,14610,卖盘
1491,11:28:39,24.38,0.03,7,17058,买盘
1492,11:28:45,24.4,0.02,37,90208,买盘
1493,11:28:51,24.4,0.0,1,2440,卖盘
1494,11:28:54,24.4,0.0,6,14640,卖盘
1495,11:29:06,24.42,0.02,1,2442,买盘
1496,11:29:12,24.42,0.0,1,2442,买盘
1497,11:29:18,24.42,0.0,6,14652,卖盘
1498,11:29:21,24.42,0.0,1,2442,卖盘
1499,11:29:36,24.42,0.0,5,12210,卖盘
1500,11:29:42,24.42,0.0,6,14652,卖盘
1501,11:29:48,24.44,0.02,1,2444,买盘
1502,11:30:04,24.48,0.04,13,31824,买盘
1503,13:00:04,24.48,0.0,54,132179,买盘
1504,13:00:07,24.48,0.0,31,75903,卖盘
1505,13:00:30,24.48,0.0,30,73440,卖盘
1506,13:00:45,24.46,-0.02,5,12230,卖盘
1507,13:00:48,24.45,-0.01,1,2445,卖盘
1508,13:01:12,24.44,-0.01,2,4888,卖盘
1509,13:01:33,24.43,-0.01,14,34202,卖盘
1510,13:01:42,24.43,0.0,1,2443,买盘
1511,13:01:52,24.42,-0.01,7,17094,卖盘
1512,13:01:58,24.42,0.0,3,7326,买盘
1513,13:02:10,24.41,-0.01,4,9764,卖盘
1514,13:02:12,24.4,-0.01,21,51244,卖盘
1515,13:02:21,24.4,0.0,50,122000,卖盘
1516,13:02:24,24.35,-0.05,26,63347,卖盘
1517,13:02:31,24.32,-0.03,10,24341,卖盘
1518,13:02:58,24.32,0.0,2,4864,卖盘
1519,13:03:01,24.26,-0.06,45,109287,卖盘
1520,13:03:04,24.23,-0.03,54,131023,卖盘
1521,13:03:10,24.23,0.0,7,16961,买盘
1522,13:03:16,24.23,0.0,5,12115,买盘
1523,13:03:19,24.23,0.0,42,101766,买盘
1524,13:03:22,24.2,-0.03,141,341310,卖盘
1525,13:03:39,24.2,0.0,4,9680,中性盘
1526,13:03:42,24.2,0.0,7,16940,卖盘
1527,13:04:04,24.2,0.0,89,215445,卖盘
1528,13:04:07,24.32,0.12,3,7296,买盘
1529,13:04:21,24.22,-0.1,42,101754,卖盘
1530,13:04:27,24.22,0.0,1,2422,买盘
1531,13:04:31,24.22,0.0,6,14532,买盘
1532,13:04:34,24.2,-0.02,83,200918,卖盘
1533,13:04:37,24.2,0.0,12,29040,买盘
1534,13:04:40,24.2,0.0,1,2420,买盘
1535,13:04:42,24.2,0.0,78,188760,买盘
1536,13:04:46,24.19,-0.01,20,48382,卖盘
1537,13:04:48,24.2,0.01,57,137940,买盘
1538,13:04:51,24.2,0.0,13,31460,买盘
1539,13:04:54,24.2,0.0,4,9680,买盘
1540,13:05:04,24.2,0.0,33,79860,卖盘
1541,13:05:15,24.2,0.0,23,55672,卖盘
1542,13:05:39,24.2,0.0,64,154958,卖盘
1543,13:05:45,24.28,0.08,1,2428,买盘
1544,13:06:13,24.27,-0.01,2,4854,买盘
1545,13:06:22,24.27,0.0,1,2427,买盘
1546,13:06:34,24.27,0.0,5,12135,买盘
1547,13:06:48,24.23,-0.04,19,46037,卖盘
1548,13:07:07,24.21,-0.02,20,48430,卖盘
1549,13:07:13,24.23,0.02,3,7269,买盘
1550,13:07:19,24.21,-0.02,17,41157,卖盘
1551,13:07:25,24.23,0.02,35,84737,买盘
1552,13:07:28,24.2,-0.03,4,9682,卖盘
1553,13:07:36,24.27,0.07,12,29124,买盘
1554,13:07:39,24.2,-0.07,64,154895,卖盘
1555,13:07:45,24.26,0.06,1,2426,中性盘
1556,13:08:34,24.24,-0.02,2,4848,卖盘
1557,13:08:49,24.27,0.03,1,2427,买盘
1558,13:08:57,24.27,0.0,4,9707,买盘
1559,13:09:06,24.24,-0.03,13,31520,卖盘
1560,13:09:16,24.27,0.03,13,31551,买盘
1561,13:09:21,24.29,0.02,12,29138,买盘
1562,13:09:24,24.25,-0.04,1,2425,卖盘
1563,13:09:39,24.25,0.0,2,4850,卖盘
1564,13:09:43,24.25,0.0,2,4850,买盘
1565,13:09:45,24.25,0.0,8,19400,买盘
1566,13:09:54,24.24,-0.01,59,143030,卖盘
1567,13:10:01,24.24,0.0,10,24240,买盘
1568,13:10:06,24.24,0.0,30,72720,买盘
1569,13:10:12,24.24,0.0,5,12120,买盘
1570,13:10:16,24.24,0.0,5,12120,买盘
1571,13:10:19,24.23,-0.01,7,16961,卖盘
1572,13:10:30,24.22,-0.01,13,31489,卖盘
1573,13:10:40,24.22,0.0,11,26652,卖盘
1574,13:11:01,24.23,0.01,2,4846,卖盘
1575,13:11:10,24.24,0.01,5,12120,买盘
1576,13:11:13,24.24,0.0,6,14544,买盘
1577,13:11:18,24.23,-0.01,1,2423,卖盘
1578,13:11:21,24.24,0.01,24,58176,买盘
1579,13:11:24,24.24,0.0,9,21816,买盘
1580,13:11:28,24.24,0.0,2,4848,买盘
1581,13:11:39,24.29,0.05,4,9715,买盘
1582,13:12:07,24.28,-0.01,3,7284,买盘
1583,13:12:12,24.29,0.01,7,17001,买盘
1584,13:12:25,24.29,0.0,9,21856,买盘
1585,13:12:31,24.29,0.0,1,2429,买盘
1586,13:12:36,24.29,0.0,10,24290,买盘
1587,13:12:43,24.28,-0.01,18,43704,卖盘
1588,13:12:45,24.29,0.01,4,9714,买盘
1589,13:12:57,24.3,0.01,2,4860,买盘
1590,13:13:06,24.3,0.0,1,2430,买盘
1591,13:13:12,24.3,0.0,1,2430,买盘
1592,13:13:28,24.32,0.02,9,21888,买盘
1593,13:13:36,24.32,0.0,8,19456,买盘
1594,13:13:39,24.32,0.0,2,4864,卖盘
1595,13:14:04,24.37,0.05,2,4874,买盘
1596,13:14:06,24.39,0.02,6,14629,买盘
1597,13:14:22,24.39,0.0,2,4878,买盘
1598,13:14:25,24.39,0.0,1,2439,买盘
1599,13:14:27,24.42,0.03,20,48809,买盘
1600,13:14:39,24.35,-0.07,3,7309,卖盘
1601,13:14:48,24.35,0.0,9,21915,买盘
1602,13:15:24,24.35,0.0,10,24350,卖盘
1603,13:15:30,24.35,0.0,10,24350,买盘
1604,13:15:36,24.35,0.0,4,9740,买盘
1605,13:15:40,24.34,-0.01,24,58416,卖盘
1606,13:15:45,24.34,0.0,4,9736,卖盘
1607,13:15:48,24.35,0.01,1,2435,买盘
1608,13:16:16,24.34,-0.01,42,102268,卖盘
1609,13:16:40,24.33,-0.01,29,70558,卖盘
1610,13:17:10,24.33,0.0,8,19464,卖盘
1611,13:17:19,24.32,-0.01,1,2432,卖盘
1612,13:17:21,24.32,0.0,20,48640,卖盘
1613,13:17:34,24.33,0.01,1,2433,买盘
1614,13:17:55,24.31,-0.02,5,12155,卖盘
1615,13:18:01,24.31,0.0,1,2431,买盘
1616,13:18:04,24.31,0.0,1,2431,买盘
1617,13:18:16,24.3,-0.01,4,9720,卖盘
1618,13:18:19,24.31,0.01,4,9723,买盘
1619,13:18:21,24.3,-0.01,10,24300,卖盘
1620,13:18:54,24.27,-0.03,1,2427,卖盘
1621,13:19:01,24.27,0.0,2,4854,卖盘
1622,13:19:07,24.27,0.0,3,7281,买盘
1623,13:19:18,24.24,-0.03,34,82449,卖盘
1624,13:19:21,24.26,0.02,1,2426,买盘
1625,13:19:27,24.26,0.0,1,2426,买盘
1626,13:19:30,24.26,0.0,1,2426,买盘
1627,13:19:39,24.27,0.01,1,2427,买盘
1628,13:19:48,24.27,0.0,2,4854,买盘
1629,13:20:00,24.27,0.0,1,2427,买盘
1630,13:20:04,24.27,0.0,14,33965,买盘
1631,13:20:33,24.27,0.0,9,21843,卖盘
1632,13:20:42,24.27,0.0,1,2427,卖盘
1633,13:20:54,24.27,0.0,9,21843,买盘
1634,13:20:57,24.25,-0.02,13,31525,卖盘
1635,13:21:28,24.26,0.01,13,31538,卖盘
1636,13:21:34,24.26,0.0,5,12130,卖盘
1637,13:21:43,24.26,0.0,4,9704,买盘
1638,13:21:52,24.26,0.0,1,2426,买盘
1639,13:21:57,24.26,0.0,37,89762,买盘
1640,13:22:00,24.26,0.0,1,2426,卖盘
1641,13:22:13,24.27,0.01,96,232988,买盘
1642,13:22:16,24.27,0.0,1,2427,卖盘
1643,13:22:30,24.29,0.02,9,21861,买盘
1644,13:22:34,24.29,0.0,8,19432,买盘
1645,13:22:40,24.29,0.0,9,21861,买盘
1646,13:22:45,24.3,0.01,10,24300,买盘
1647,13:22:49,24.29,-0.01,4,9716,卖盘
1648,13:22:51,24.3,0.01,9,21870,买盘
1649,13:23:04,24.31,0.01,10,24310,买盘
1650,13:23:06,24.31,0.0,2,4862,买盘
1651,13:23:22,24.34,0.03,4,9736,买盘
1652,13:23:28,24.34,0.0,1,2434,买盘
1653,13:23:34,24.34,0.0,1,2434,买盘
1654,13:23:42,24.34,0.0,1,2434,买盘
1655,13:23:51,24.39,0.05,5,12195,买盘
1656,13:23:55,24.39,0.0,8,19512,买盘
1657,13:24:01,24.39,0.0,3,7317,买盘
1658,13:24:04,24.39,0.0,1,2439,买盘
1659,13:24:18,24.39,0.0,3,7317,买盘
1660,13:24:36,24.39,0.0,2,4878,买盘
1661,13:24:42,24.41,0.02,4,9758,买盘
1662,13:24:45,24.37,-0.04,1,2437,卖盘
1663,13:25:01,24.41,0.04,17,41484,买盘
1664,13:25:04,24.39,-0.02,3,7317,卖盘
1665,13:25:28,24.37,-0.02,20,48740,卖盘
1666,13:25:43,24.39,0.02,6,14634,买盘
1667,13:26:07,24.39,0.0,23,56110,卖盘
1668,13:26:22,24.37,-0.02,20,48750,卖盘
1669,13:26:24,24.39,0.02,2,4878,买盘
1670,13:26:37,24.4,0.01,3,7320,买盘
1671,13:26:45,24.4,0.0,5,12200,买盘
1672,13:26:49,24.39,-0.01,32,78048,卖盘
1673,13:26:51,24.39,0.0,6,14634,卖盘
1674,13:26:54,24.39,0.0,10,24390,买盘
1675,13:27:01,24.38,-0.01,5,12190,卖盘
1676,13:27:06,24.38,0.0,7,17066,卖盘
1677,13:27:10,24.37,-0.01,104,253479,卖盘
1678,13:27:16,24.39,0.02,5,12195,买盘
1679,13:27:24,24.37,-0.02,50,121850,卖盘
1680,13:27:33,24.37,0.0,10,24370,卖盘
1681,13:27:39,24.37,0.0,20,48740,卖盘
1682,13:27:43,24.37,0.0,30,73110,卖盘
1683,13:27:48,24.37,0.0,2,4874,卖盘
1684,13:27:51,24.37,0.0,2,4874,卖盘
1685,13:28:04,24.38,0.01,2,4876,买盘
1686,13:28:07,24.37,-0.01,6,14622,卖盘
1687,13:28:34,24.37,0.0,10,24370,买盘
1688,13:28:36,24.37,0.0,4,9748,买盘
1689,13:28:46,24.37,0.0,10,24370,卖盘
1690,13:29:19,24.34,-0.03,1,2434,卖盘
1691,13:29:49,24.3,-0.04,47,114282,卖盘
1692,13:29:51,24.3,0.0,20,48600,买盘
1693,13:30:04,24.29,-0.01,13,31577,卖盘
1694,13:30:13,24.28,-0.01,3,7284,卖盘
1695,13:30:16,24.28,0.0,5,12140,卖盘
1696,13:30:18,24.28,0.0,5,12140,卖盘
1697,13:30:21,24.28,0.0,6,14568,卖盘
1698,13:30:28,24.28,0.0,1,2428,买盘
1699,13:30:34,24.28,0.0,2,4856,买盘
1700,13:30:42,24.28,0.0,10,24280,买盘
1701,13:30:52,24.28,0.0,3,7284,买盘
1702,13:30:54,24.27,-0.01,28,67956,卖盘
1703,13:30:58,24.28,0.01,4,9712,买盘
1704,13:31:06,24.28,0.0,2,4856,买盘
1705,13:31:09,24.26,-0.02,10,24260,卖盘
1706,13:31:13,24.26,0.0,18,43668,卖盘
1707,13:31:18,24.28,0.02,26,63128,买盘
1708,13:31:25,24.28,0.0,3,7284,卖盘
1709,13:31:30,24.27,-0.01,5,12135,卖盘
1710,13:31:43,24.29,0.02,1,2429,买盘
1711,13:31:49,24.29,0.0,43,104413,买盘
1712,13:32:01,24.29,0.0,4,9716,卖盘
1713,13:32:10,24.28,-0.01,1,2428,卖盘
1714,13:32:13,24.29,0.01,4,9714,买盘
1715,13:32:22,24.29,0.0,39,94718,买盘
1716,13:32:28,24.27,-0.02,10,24270,卖盘
1717,13:32:31,24.29,0.02,4,9716,卖盘
1718,13:32:34,24.29,0.0,4,9716,卖盘
1719,13:32:37,24.3,0.01,20,48600,买盘
1720,13:32:43,24.29,-0.01,1,2429,卖盘
1721,13:33:01,24.27,-0.02,2,4854,卖盘
1722,13:33:04,24.27,0.0,3,7281,卖盘
1723,13:33:10,24.27,0.0,9,21843,卖盘
1724,13:33:28,24.26,-0.01,95,230473,卖盘
1725,13:33:30,24.26,0.0,5,12130,买盘
1726,13:33:55,24.26,0.0,2,4852,卖盘
1727,13:34:13,24.28,0.02,6,14568,买盘
1728,13:34:24,24.28,0.0,2,4856,卖盘
1729,13:34:31,24.29,0.01,2,4858,买盘
1730,13:34:34,24.28,-0.01,7,16996,卖盘
1731,13:34:37,24.29,0.01,14,34006,买盘
1732,13:34:43,24.28,-0.01,10,24280,卖盘
1733,13:34:55,24.28,0.0,5,12140,卖盘
1734,13:35:19,24.27,-0.01,12,29125,卖盘
1735,13:35:25,24.28,0.01,5,12140,买盘
1736,13:35:27,24.28,0.0,1,2428,卖盘
1737,13:35:30,24.27,-0.01,6,14562,卖盘
1738,13:35:34,24.26,-0.01,17,41242,卖盘
1739,13:35:37,24.27,0.01,4,9708,买盘
1740,13:36:09,24.27,0.0,10,24270,卖盘
1741,13:36:19,24.28,0.01,2,4856,买盘
1742,13:36:21,24.27,-0.01,9,21851,卖盘
1743,13:36:27,24.27,0.0,2,4854,卖盘
1744,13:36:37,24.28,0.01,2,4856,中性盘
1745,13:36:43,24.27,-0.01,8,19416,卖盘
1746,13:36:48,24.28,0.01,1,2428,买盘
1747,13:37:01,24.27,-0.01,13,31551,卖盘
1748,13:37:04,24.28,0.01,1,2428,买盘
1749,13:37:15,24.26,-0.02,32,77660,卖盘
1750,13:37:22,24.26,0.0,4,9704,卖盘
1751,13:37:37,24.27,0.01,32,77664,卖盘
1752,13:37:51,24.29,0.02,1,2428,卖盘
1753,13:38:07,24.28,-0.01,9,21852,买盘
1754,13:38:13,24.28,0.0,7,16996,卖盘
1755,13:38:43,24.27,-0.01,4,9708,卖盘
1756,13:38:48,24.28,0.01,24,58272,买盘
1757,13:38:51,24.27,-0.01,5,12135,卖盘
1758,13:38:55,24.27,0.0,20,48540,卖盘
1759,13:38:58,24.26,-0.01,4,9706,卖盘
1760,13:39:10,24.28,0.02,21,50988,买盘
1761,13:39:31,24.28,0.0,8,19424,买盘
1762,13:40:00,24.28,0.0,23,55844,卖盘
1763,13:40:10,24.28,0.0,1,2428,买盘
1764,13:40:16,24.28,0.0,1,2428,买盘
1765,13:40:33,24.28,0.0,11,26708,买盘
1766,13:40:43,24.28,0.0,7,16996,买盘
1767,13:40:54,24.27,-0.01,54,131071,卖盘
1768,13:41:07,24.26,-0.01,9,21840,卖盘
1769,13:41:16,24.27,0.01,15,36405,买盘
1770,13:41:19,24.26,-0.01,32,77632,卖盘
1771,13:41:25,24.26,0.0,4,9706,卖盘
1772,13:41:31,24.27,0.01,1,2427,买盘
1773,13:41:49,24.27,0.0,9,23299,卖盘
1774,13:41:52,24.28,0.01,2,4856,买盘
1775,13:42:01,24.28,0.0,1,2428,买盘
1776,13:42:04,24.26,-0.02,46,111615,卖盘
1777,13:42:15,24.26,0.0,2,4852,买盘
1778,13:42:19,24.26,0.0,2,4852,买盘
1779,13:42:25,24.28,0.02,5,12138,买盘
1780,13:42:49,24.26,-0.02,5,12130,卖盘
1781,13:43:01,24.28,0.02,21,50952,买盘
1782,13:43:06,24.26,-0.02,27,65512,卖盘
1783,13:43:15,24.28,0.02,8,19424,买盘
1784,13:43:21,24.26,-0.02,30,72780,卖盘
1785,13:43:30,24.26,0.0,46,111596,卖盘
1786,13:43:33,24.26,0.0,10,24260,买盘
1787,13:43:43,24.26,0.0,5,12130,买盘
1788,13:43:45,24.25,-0.01,76,184300,卖盘
1789,13:43:55,24.24,-0.01,10,24240,卖盘
1790,13:43:57,24.25,0.01,11,26675,买盘
1791,13:44:01,24.24,-0.01,110,266640,卖盘
1792,13:44:12,24.24,0.0,15,36360,卖盘
1793,13:44:24,24.24,0.0,30,72720,买盘
1794,13:44:27,24.24,0.0,3,7272,卖盘
1795,13:44:36,24.25,0.01,38,92150,买盘
1796,13:44:39,24.24,-0.01,1,2424,卖盘
1797,13:44:51,24.25,0.01,1,2425,买盘
1798,13:45:01,24.25,0.0,4,9700,卖盘
1799,13:45:04,24.25,0.0,12,29100,卖盘
1800,13:45:07,24.26,0.01,4,9704,买盘
1801,13:45:13,24.25,-0.01,3,7275,卖盘
1802,13:45:16,24.26,0.01,4,9704,买盘
1803,13:45:24,24.27,0.01,2,4854,买盘
1804,13:45:30,24.27,0.0,1,2427,买盘
1805,13:45:37,24.27,0.0,2,4854,买盘
1806,13:45:46,24.27,0.0,2,4854,卖盘
1807,13:45:49,24.26,-0.01,10,24268,卖盘
1808,13:46:07,24.25,-0.01,4,9700,卖盘
1809,13:46:10,24.25,0.0,5,12125,卖盘
1810,13:46:15,24.23,-0.02,28,67874,卖盘
1811,13:46:19,24.26,0.03,2,4852,买盘
1812,13:46:30,24.25,-0.01,5,12125,买盘
1813,13:46:37,24.26,0.01,136,329517,买盘
1814,13:46:54,24.25,-0.01,3,7275,买盘
1815,13:46:57,24.26,0.01,4,9704,买盘
1816,13:47:04,24.22,-0.04,2,4844,卖盘
1817,13:47:10,24.23,0.01,3,7269,卖盘
1818,13:47:16,24.23,0.0,10,24230,卖盘
1819,13:47:19,24.23,0.0,10,24230,卖盘
1820,13:47:25,24.23,0.0,10,24230,卖盘
1821,13:47:34,24.23,0.0,11,26653,卖盘
1822,13:47:43,24.2,-0.03,496,1200680,卖盘
1823,13:47:49,24.2,0.0,5,12100,买盘
1824,13:47:52,24.19,-0.01,21,50799,卖盘
1825,13:47:55,24.2,0.01,60,145091,买盘
1826,13:47:58,24.2,0.0,29,70180,买盘
1827,13:48:01,24.18,-0.02,16,38688,卖盘
1828,13:48:04,24.18,0.0,2,4836,卖盘
1829,13:48:07,24.17,-0.01,30,72517,卖盘
1830,13:48:09,24.17,0.0,44,106358,卖盘
1831,13:48:18,24.17,0.0,1,2417,买盘
1832,13:48:21,24.17,0.0,17,41077,买盘
1833,13:48:25,24.17,0.0,9,21749,买盘
1834,13:48:28,24.15,-0.02,39,94186,卖盘
1835,13:48:31,24.16,0.01,7,16912,买盘
1836,13:48:37,24.17,0.01,6,14502,卖盘
1837,13:48:43,24.19,0.02,1,2419,买盘
1838,13:48:52,24.19,0.0,9,21771,卖盘
1839,13:48:58,24.19,0.0,4,9676,买盘
1840,13:49:01,24.19,0.0,35,84640,买盘
1841,13:49:04,24.18,-0.01,1,2418,买盘
1842,13:49:07,24.18,0.0,3,7254,买盘
1843,13:49:10,24.17,-0.01,21,50757,卖盘
1844,13:49:16,24.18,0.01,15,36270,买盘
1845,13:49:19,24.17,-0.01,26,62867,卖盘
1846,13:49:21,24.17,0.0,1,2417,卖盘
1847,13:49:25,24.18,0.01,6,14508,买盘
1848,13:49:28,24.17,-0.01,19,45928,卖盘
1849,13:49:31,24.17,0.0,7,16924,卖盘
1850,13:49:34,24.19,0.02,28,67667,买盘
1851,13:49:43,24.19,0.0,2,4838,卖盘
1852,13:49:54,24.23,0.04,4,9690,买盘
1853,13:50:19,24.23,0.0,5,12115,买盘
1854,13:50:39,24.23,0.0,10,24230,卖盘
1855,13:50:52,24.26,0.03,1,2426,买盘
1856,13:51:01,24.23,-0.03,9,21807,卖盘
1857,13:51:10,24.23,0.0,1,2423,卖盘
1858,13:51:16,24.2,-0.03,29,70209,卖盘
1859,13:51:18,24.2,0.0,25,60500,买盘
1860,13:51:40,24.22,0.02,2,4844,卖盘
1861,13:51:51,24.21,-0.01,10,24213,卖盘
1862,13:52:09,24.22,0.01,2,4844,卖盘
1863,13:52:16,24.22,0.0,1,2422,卖盘
1864,13:52:19,24.22,0.0,6,14547,卖盘
1865,13:52:22,24.22,0.0,9,21798,买盘
1866,13:52:31,24.25,0.03,6,14550,买盘
1867,13:52:43,24.27,0.02,4,9704,买盘
1868,13:53:04,24.28,0.01,30,72840,买盘
1869,13:53:10,24.3,0.02,28,68002,买盘
1870,13:53:18,24.3,0.0,11,26730,买盘
1871,13:53:31,24.33,0.03,5,12165,买盘
1872,13:53:34,24.33,0.0,5,12165,中性盘
1873,13:53:43,24.3,-0.03,4,9720,卖盘
1874,13:54:10,24.34,0.04,1,2434,买盘
1875,13:54:16,24.34,0.0,3,7302,买盘
1876,13:54:22,24.34,0.0,1,2434,买盘
1877,13:54:25,24.34,0.0,10,24340,买盘
1878,13:54:28,24.34,0.0,4,9736,买盘
1879,13:54:43,24.32,-0.02,6,14592,卖盘
1880,13:54:52,24.33,0.01,3,7299,买盘
1881,13:55:01,24.33,0.0,2,4866,买盘
1882,13:55:10,24.33,0.0,4,9732,卖盘
1883,13:55:19,24.34,0.01,5,12170,买盘
1884,13:55:22,24.33,-0.01,18,43794,卖盘
1885,13:55:28,24.33,0.0,2,4866,卖盘
1886,13:55:31,24.34,0.01,3,7301,买盘
1887,13:55:39,24.33,-0.01,5,12165,买盘
1888,13:55:58,24.32,-0.01,5,12160,卖盘
1889,13:56:10,24.31,-0.01,2,4862,卖盘
1890,13:56:15,24.31,0.0,5,12155,卖盘
1891,13:56:18,24.31,0.0,3,7293,卖盘
1892,13:56:24,24.31,0.0,2,4862,卖盘
1893,13:56:40,24.31,0.0,2,4862,卖盘
1894,13:56:46,24.31,0.0,9,21879,卖盘
1895,13:56:49,24.28,-0.03,35,85022,卖盘
1896,13:56:52,24.28,0.0,22,53416,买盘
1897,13:56:55,24.28,0.0,3,7284,买盘
1898,13:57:22,24.28,0.0,45,109260,买盘
1899,13:58:18,24.3,0.02,1,2430,买盘
1900,13:58:43,24.3,0.0,9,21870,买盘
1901,13:58:45,24.3,0.0,2,4860,买盘
1902,13:59:01,24.31,0.01,5,12155,买盘
1903,13:59:13,24.3,-0.01,14,34020,卖盘
1904,13:59:15,24.3,0.0,2,4860,买盘
1905,13:59:24,24.31,0.01,5,12155,买盘
1906,13:59:31,24.3,-0.01,1,2430,卖盘
1907,13:59:39,24.3,0.0,3,7290,卖盘
1908,13:59:42,24.3,0.0,13,31594,卖盘
1909,13:59:48,24.3,0.0,3,7290,卖盘
1910,13:59:55,24.3,0.0,1,2430,卖盘
1911,14:00:12,24.29,-0.01,3,7287,卖盘
1912,14:00:15,24.3,0.01,4,9720,买盘
1913,14:00:25,24.3,0.0,2,4860,卖盘
1914,14:00:37,24.3,0.0,5,12150,卖盘
1915,14:01:06,24.3,0.0,1,2430,卖盘
1916,14:01:15,24.3,0.0,9,21870,卖盘
1917,14:01:25,24.3,0.0,10,24300,卖盘
1918,14:01:31,24.3,0.0,30,72910,卖盘
1919,14:01:34,24.3,0.0,6,14580,卖盘
1920,14:01:36,24.3,0.0,23,55890,卖盘
1921,14:01:40,24.29,-0.01,31,75299,卖盘
1922,14:01:46,24.28,-0.01,30,72840,卖盘
1923,14:01:52,24.29,0.01,3,7287,买盘
1924,14:02:01,24.29,0.0,2,4858,卖盘
1925,14:02:04,24.28,-0.01,44,106832,卖盘
1926,14:02:07,24.29,0.01,1,2429,买盘
1927,14:02:10,24.28,-0.01,8,19424,卖盘
1928,14:02:15,24.28,0.0,22,53427,卖盘
1929,14:02:18,24.28,0.0,42,101976,卖盘
1930,14:02:21,24.28,0.0,5,12140,卖盘
1931,14:02:25,24.28,0.0,42,101976,卖盘
1932,14:02:37,24.27,-0.01,3,7281,卖盘
1933,14:02:40,24.27,0.0,10,24270,卖盘
1934,14:02:46,24.27,0.0,1,2427,卖盘
1935,14:02:55,24.26,-0.01,21,50953,卖盘
1936,14:03:04,24.26,0.0,1,2426,卖盘
1937,14:03:13,24.26,0.0,2,4852,卖盘
1938,14:03:21,24.28,0.02,20,48534,买盘
1939,14:03:30,24.25,-0.03,1,2425,卖盘
1940,14:04:10,24.25,0.0,4,9700,卖盘
1941,14:04:22,24.25,0.0,15,36385,卖盘
1942,14:04:42,24.25,0.0,1,2425,卖盘
1943,14:04:49,24.25,0.0,2,4850,卖盘
1944,14:05:01,24.25,0.0,10,24250,买盘
1945,14:05:10,24.25,0.0,20,48500,买盘
1946,14:05:13,24.26,0.01,5,12127,买盘
1947,14:05:16,24.26,0.0,2,4852,卖盘
1948,14:05:28,24.25,-0.01,42,101873,卖盘
1949,14:05:34,24.26,0.01,10,24260,中性盘
1950,14:06:04,24.26,0.0,30,72780,买盘
1951,14:06:07,24.26,0.0,2,4852,买盘
1952,14:06:21,24.26,0.0,10,24260,买盘
1953,14:06:27,24.25,-0.01,11,26675,卖盘
1954,14:06:39,24.26,0.01,19,46094,买盘
1955,14:06:46,24.25,-0.01,4,9700,卖盘
1956,14:06:55,24.26,0.01,10,24260,买盘
1957,14:06:58,24.26,0.0,1,2426,买盘
1958,14:07:09,24.26,0.0,10,24260,买盘
1959,14:07:19,24.26,0.0,10,24260,买盘
1960,14:07:31,24.25,-0.01,14,33960,卖盘
1961,14:07:46,24.25,0.0,10,24250,卖盘
1962,14:07:55,24.25,0.0,3,7275,卖盘
1963,14:07:58,24.24,-0.01,14,33948,卖盘
1964,14:08:19,24.25,0.01,2,4850,卖盘
1965,14:08:22,24.28,0.03,25,60685,买盘
1966,14:08:43,24.26,-0.02,4,9704,卖盘
1967,14:09:06,24.28,0.02,3,7284,买盘
1968,14:09:10,24.27,-0.01,5,12135,中性盘
1969,14:09:15,24.27,0.0,6,14562,买盘
1970,14:09:18,24.27,0.0,3,7281,买盘
1971,14:09:22,24.27,0.0,4,9708,买盘
1972,14:09:31,24.27,0.0,7,16989,买盘
1973,14:09:42,24.25,-0.02,30,72773,卖盘
1974,14:09:46,24.26,0.01,1,2426,中性盘
1975,14:10:01,24.27,0.01,5,12135,买盘
1976,14:10:10,24.26,-0.01,5,12130,卖盘
1977,14:10:15,24.26,0.0,2,4852,买盘
1978,14:10:18,24.26,0.0,1,2426,买盘
1979,14:10:43,24.27,0.01,11,26697,买盘
1980,14:10:46,24.26,-0.01,12,29112,卖盘
1981,14:10:49,24.27,0.01,15,36405,买盘
1982,14:10:52,24.3,0.03,50,121434,买盘
1983,14:11:04,24.28,-0.02,1,2428,买盘
1984,14:11:10,24.28,0.0,4,9712,买盘
1985,14:11:12,24.28,0.0,8,19424,买盘
1986,14:11:16,24.28,0.0,4,9712,买盘
1987,14:11:18,24.28,0.0,16,38845,买盘
1988,14:11:25,24.28,0.0,2,4856,卖盘
1989,14:11:31,24.3,0.02,39,94770,买盘
1990,14:11:34,24.3,0.0,2,4860,买盘
1991,14:11:37,24.3,0.0,4,9720,买盘
1992,14:11:46,24.3,0.0,10,24300,买盘
1993,14:11:52,24.3,0.0,42,102055,买盘
1994,14:11:55,24.3,0.0,11,26730,买盘
1995,14:12:01,24.3,0.0,5,12150,买盘
1996,14:12:13,24.3,0.0,6,14580,卖盘
1997,14:12:15,24.31,0.01,4,9724,买盘
1998,14:12:43,24.32,0.01,1,2432,买盘
1999,14:12:49,24.33,0.01,5,12165,买盘
2000,14:13:01,24.32,-0.01,10,24320,买盘
2001,14:13:10,24.32,0.0,8,19456,买盘
2002,14:13:13,24.32,0.0,2,4864,买盘
2003,14:13:19,24.32,0.0,6,14592,卖盘
2004,14:13:24,24.32,0.0,3,7296,卖盘
2005,14:13:28,24.33,0.01,2,4866,买盘
2006,14:13:34,24.4,0.07,30,73178,买盘
2007,14:13:40,24.36,-0.04,1,2436,中性盘
2008,14:13:52,24.37,0.01,8,19496,卖盘
2009,14:14:04,24.37,0.0,24,58488,买盘
2010,14:14:10,24.33,-0.04,8,19464,卖盘
2011,14:14:22,24.33,0.0,2,4866,买盘
2012,14:14:25,24.32,-0.01,1,2432,卖盘
2013,14:14:31,24.37,0.05,1,2437,买盘
2014,14:14:55,24.33,-0.04,1,2433,卖盘
2015,14:15:04,24.33,0.0,1,2433,卖盘
2016,14:15:13,24.33,0.0,2,4866,卖盘
2017,14:15:25,24.33,0.0,6,14593,买盘
2018,14:15:36,24.32,-0.01,5,12164,卖盘
2019,14:16:01,24.32,0.0,3,7296,卖盘
2020,14:16:25,24.32,0.0,3,7296,卖盘
2021,14:16:31,24.31,-0.01,10,24315,卖盘
2022,14:16:49,24.37,0.06,20,48740,买盘
2023,14:17:10,24.32,-0.05,1,2432,卖盘
2024,14:17:16,24.31,-0.01,2,4862,卖盘
2025,14:17:19,24.36,0.05,2,4868,买盘
2026,14:17:31,24.36,0.0,2,4872,卖盘
2027,14:17:37,24.36,0.0,3,7308,卖盘
2028,14:17:43,24.36,0.0,1,2436,卖盘
2029,14:18:04,24.31,-0.05,9,21879,卖盘
2030,14:18:07,24.31,0.0,5,12155,卖盘
2031,14:18:13,24.31,0.0,2,4862,卖盘
2032,14:18:21,24.31,0.0,3,7293,买盘
2033,14:18:25,24.3,-0.01,5,12156,卖盘
2034,14:18:34,24.3,0.0,12,29160,卖盘
2035,14:18:46,24.28,-0.02,20,48565,卖盘
2036,14:18:58,24.3,0.02,3,7286,买盘
2037,14:19:01,24.27,-0.03,20,48544,卖盘
2038,14:19:06,24.28,0.01,1,2428,卖盘
2039,14:19:09,24.28,0.0,2,4856,卖盘
2040,14:19:24,24.28,0.0,20,48560,卖盘
2041,14:19:28,24.28,0.0,3,7284,卖盘
2042,14:19:31,24.28,0.0,11,26708,买盘
2043,14:19:39,24.28,0.0,3,7284,买盘
2044,14:19:49,24.28,0.0,10,24280,卖盘
2045,14:19:52,24.29,0.01,14,34006,买盘
2046,14:19:55,24.26,-0.03,29,70388,卖盘
2047,14:20:16,24.26,0.0,5,12130,卖盘
2048,14:20:25,24.26,0.0,19,46096,卖盘
2049,14:20:40,24.27,0.01,7,16989,卖盘
2050,14:20:42,24.27,0.0,3,7281,买盘
2051,14:20:51,24.27,0.0,10,24279,卖盘
2052,14:20:58,24.3,0.03,10,24300,买盘
2053,14:21:13,24.3,0.0,2,4860,买盘
2054,14:21:16,24.3,0.0,5,12150,买盘
2055,14:21:21,24.31,0.01,1,2431,卖盘
2056,14:21:31,24.32,0.01,5,12160,买盘
2057,14:21:49,24.31,-0.01,2,4862,卖盘
2058,14:21:58,24.33,0.02,15,36485,买盘
2059,14:22:13,24.33,0.0,20,48660,买盘
2060,14:22:15,24.33,0.0,10,24330,买盘
2061,14:22:19,24.33,0.0,21,51093,买盘
2062,14:22:22,24.35,0.02,145,353006,买盘
2063,14:22:33,24.38,0.03,44,107260,买盘
2064,14:22:37,24.38,0.0,5,12190,买盘
2065,14:22:46,24.38,0.0,20,48760,买盘
2066,14:22:49,24.38,0.0,38,92637,买盘
2067,14:22:52,24.35,-0.03,6,14611,卖盘
2068,14:22:55,24.38,0.03,4,9752,买盘
2069,14:22:58,24.38,0.0,1,2438,买盘
2070,14:23:00,24.38,0.0,14,34132,买盘
2071,14:23:13,24.4,0.02,25,60998,买盘
2072,14:23:22,24.4,0.0,9,21960,买盘
2073,14:23:31,24.4,0.0,6,14640,买盘
2074,14:23:37,24.4,0.0,1,2440,买盘
2075,14:23:43,24.39,-0.01,3,7317,卖盘
2076,14:23:49,24.4,0.01,2,4880,买盘
2077,14:23:52,24.39,-0.01,3,7317,卖盘
2078,14:23:55,24.39,0.0,14,34162,卖盘
2079,14:24:07,24.39,0.0,18,43902,卖盘
2080,14:24:21,24.39,0.0,1,2439,买盘
2081,14:24:28,24.39,0.0,53,129267,买盘
2082,14:24:42,24.39,0.0,10,24390,卖盘
2083,14:24:49,24.4,0.01,20,48781,买盘
2084,14:24:55,24.4,0.0,5,12200,买盘
2085,14:25:00,24.39,-0.01,2,4878,卖盘
2086,14:25:13,24.4,0.01,6,14640,买盘
2087,14:25:19,24.39,-0.01,3,7317,卖盘
2088,14:25:30,24.39,0.0,4,9759,卖盘
2089,14:25:36,24.39,0.0,9,21951,卖盘
2090,14:25:42,24.39,0.0,17,41463,卖盘
2091,14:25:51,24.39,0.0,5,12195,卖盘
2092,14:25:58,24.39,0.0,20,48796,卖盘
2093,14:26:01,24.39,0.0,5,12195,卖盘
2094,14:26:04,24.4,0.01,2,4880,买盘
2095,14:26:12,24.4,0.0,5,12200,买盘
2096,14:26:19,24.39,-0.01,3,7317,卖盘
2097,14:26:25,24.4,0.01,7,16592,买盘
2098,14:26:43,24.4,0.0,2,4880,卖盘
2099,14:26:49,24.4,0.0,10,24400,卖盘
2100,14:26:55,24.4,0.0,13,32213,卖盘
2101,14:27:07,24.39,-0.01,5,12195,卖盘
2102,14:27:15,24.39,0.0,3,7317,卖盘
2103,14:27:18,24.39,0.0,1,2439,买盘
2104,14:27:25,24.38,-0.01,41,99958,卖盘
2105,14:27:28,24.38,0.0,1,2438,买盘
2106,14:27:30,24.38,0.0,5,12190,买盘
2107,14:27:34,24.38,0.0,10,24380,买盘
2108,14:27:40,24.36,-0.02,2,4872,卖盘
2109,14:27:46,24.35,-0.01,6,14611,卖盘
2110,14:28:00,24.35,0.0,7,17045,卖盘
2111,14:28:04,24.34,-0.01,5,12170,买盘
2112,14:28:07,24.34,0.0,1,2434,买盘
2113,14:28:33,24.33,-0.01,11,26763,卖盘
2114,14:29:04,24.3,-0.03,1,2430,卖盘
2115,14:29:13,24.33,0.03,6,14598,买盘
2116,14:29:22,24.33,0.0,2,4866,卖盘
2117,14:29:31,24.33,0.0,5,12165,卖盘
2118,14:29:34,24.34,0.01,29,70586,买盘
2119,14:29:46,24.36,0.02,8,19488,买盘
2120,14:30:10,24.36,0.0,2,4872,买盘
2121,14:30:12,24.36,0.0,10,24360,买盘
2122,14:30:28,24.38,0.02,26,63386,买盘
2123,14:30:31,24.38,0.0,5,12190,卖盘
2124,14:30:40,24.4,0.02,30,73174,买盘
2125,14:30:46,24.38,-0.02,5,12190,卖盘
2126,14:30:55,24.4,0.02,1,2440,买盘
2127,14:30:58,24.4,0.0,2,4880,买盘
2128,14:31:04,24.4,0.0,23,55632,买盘
2129,14:31:09,24.42,0.02,7,17091,买盘
2130,14:31:24,24.43,0.01,10,24430,买盘
2131,14:31:27,24.43,0.0,2,4886,买盘
2132,14:31:31,24.43,0.0,7,17101,买盘
2133,14:31:37,24.45,0.02,64,156467,买盘
2134,14:31:46,24.48,0.03,2,4896,买盘
2135,14:31:55,24.5,0.02,23,56332,买盘
2136,14:31:57,24.48,-0.02,3,7344,卖盘
2137,14:32:01,24.48,0.0,3,7344,卖盘
2138,14:32:07,24.48,0.0,7,17146,卖盘
2139,14:32:12,24.5,0.02,5,12250,买盘
2140,14:32:16,24.5,0.0,20,48984,买盘
2141,14:32:25,24.5,0.0,22,53898,买盘
2142,14:32:28,24.5,0.0,5,12250,买盘
2143,14:32:31,24.5,0.0,3,7350,买盘
2144,14:32:37,24.5,0.0,18,44110,卖盘
2145,14:32:43,24.5,0.0,1,2450,卖盘
2146,14:32:46,24.5,0.0,39,95555,卖盘
2147,14:32:48,24.5,0.0,1,2450,卖盘
2148,14:32:52,24.5,0.0,20,49000,买盘
2149,14:32:55,24.5,0.0,2,4900,买盘
2150,14:33:10,24.49,-0.01,4,9796,卖盘
2151,14:33:16,24.5,0.01,10,24500,买盘
2152,14:33:19,24.49,-0.01,4,9796,卖盘
2153,14:33:21,24.49,0.0,4,9796,买盘
2154,14:33:28,24.49,0.0,9,22041,买盘
2155,14:33:34,24.48,-0.01,7,17136,卖盘
2156,14:33:42,24.48,0.0,1,2448,买盘
2157,14:33:46,24.44,-0.04,30,73361,卖盘
2158,14:33:52,24.44,0.0,2,4889,卖盘
2159,14:34:01,24.44,0.0,8,19552,买盘
2160,14:34:10,24.44,0.0,15,36655,买盘
2161,14:34:13,24.43,-0.01,20,48865,卖盘
2162,14:34:31,24.45,0.02,10,24450,卖盘
2163,14:34:43,24.48,0.03,12,29376,买盘
2164,14:35:04,24.47,-0.01,4,9788,买盘
2165,14:35:10,24.46,-0.01,1,2446,卖盘
2166,14:35:16,24.46,0.0,165,403590,卖盘
2167,14:35:31,24.45,-0.01,7,17115,卖盘
2168,14:35:33,24.45,0.0,4,9780,买盘
2169,14:35:43,24.43,-0.02,1,2443,卖盘
2170,14:35:46,24.43,0.0,11,26875,卖盘
2171,14:35:49,24.43,0.0,16,39112,卖盘
2172,14:35:55,24.43,0.0,5,12215,买盘
2173,14:36:00,24.42,-0.01,10,24420,卖盘
2174,14:36:04,24.43,0.01,1,2443,买盘
2175,14:36:10,24.42,-0.01,1,2442,卖盘
2176,14:36:25,24.4,-0.02,61,148865,卖盘
2177,14:36:28,24.42,0.02,6,14652,买盘
2178,14:36:34,24.4,-0.02,8,19520,卖盘
2179,14:36:36,24.4,0.0,1,2440,卖盘
2180,14:36:51,24.4,0.0,2,4880,卖盘
2181,14:36:55,24.41,0.01,3,7323,买盘
2182,14:37:10,24.4,-0.01,8,19520,卖盘
2183,14:37:16,24.4,0.0,6,14640,卖盘
2184,14:37:18,24.4,0.0,2,4880,卖盘
2185,14:37:24,24.4,0.0,3,7320,卖盘
2186,14:37:31,24.4,0.0,3,7320,卖盘
2187,14:37:33,24.4,0.0,18,43925,卖盘
2188,14:37:37,24.4,0.0,1,2440,卖盘
2189,14:37:55,24.39,-0.01,16,39034,卖盘
2190,14:37:57,24.39,0.0,5,12195,卖盘
2191,14:38:18,24.39,0.0,5,12195,买盘
2192,14:38:21,24.39,0.0,3,7317,卖盘
2193,14:38:25,24.38,-0.01,17,41460,卖盘
2194,14:38:46,24.37,-0.01,18,43866,卖盘
2195,14:38:55,24.37,0.0,19,46303,买盘
2196,14:38:57,24.38,0.01,5,12190,买盘
2197,14:39:01,24.36,-0.02,26,63340,卖盘
2198,14:39:07,24.36,0.0,20,48720,买盘
2199,14:39:21,24.35,-0.01,5,12175,卖盘
2200,14:39:28,24.36,0.01,44,107157,买盘
2201,14:39:31,24.36,0.0,1,2436,卖盘
2202,14:39:34,24.36,0.0,4,9744,卖盘
2203,14:39:40,24.36,0.0,5,12180,卖盘
2204,14:39:45,24.35,-0.01,7,17050,卖盘
2205,14:39:55,24.36,0.01,6,14616,买盘
2206,14:39:58,24.4,0.04,42,102454,买盘
2207,14:40:19,24.42,0.02,11,26862,买盘
2208,14:40:22,24.42,0.0,2,4884,卖盘
2209,14:40:24,24.42,0.0,3,7326,卖盘
2210,14:40:40,24.43,0.01,10,24430,买盘
2211,14:40:46,24.43,0.0,2,4886,卖盘
2212,14:40:52,24.44,0.01,7,17105,买盘
2213,14:40:54,24.45,0.01,204,498633,买盘
2214,14:41:10,24.43,-0.02,27,65985,卖盘
2215,14:41:16,24.43,0.0,14,34203,卖盘
2216,14:41:24,24.42,-0.01,1,2442,卖盘
2217,14:41:31,24.44,0.02,10,24431,买盘
2218,14:41:34,24.43,-0.01,1,2443,买盘
2219,14:41:36,24.42,-0.01,6,14655,卖盘
2220,14:41:49,24.42,0.0,13,31748,买盘
2221,14:41:52,24.42,0.0,17,41514,卖盘
2222,14:41:58,24.42,0.0,7,17094,卖盘
2223,14:42:01,24.42,0.0,2,4884,卖盘
2224,14:42:04,24.41,-0.01,8,19532,卖盘
2225,14:42:16,24.4,-0.01,13,31723,卖盘
2226,14:42:19,24.4,0.0,1,2440,卖盘
2227,14:42:28,24.4,0.0,3,7320,卖盘
2228,14:42:31,24.4,0.0,6,14640,买盘
2229,14:42:37,24.4,0.0,2,4880,买盘
2230,14:42:54,24.4,0.0,7,17080,买盘
2231,14:43:01,24.37,-0.03,1,2437,卖盘
2232,14:43:22,24.37,0.0,3,7311,卖盘
2233,14:43:25,24.4,0.03,90,219545,买盘
2234,14:43:31,24.4,0.0,2,4880,卖盘
2235,14:43:33,24.4,0.0,20,48800,卖盘
2236,14:43:58,24.37,-0.03,6,14637,卖盘
2237,14:44:16,24.37,0.0,38,92606,卖盘
2238,14:44:25,24.37,0.0,4,9748,卖盘
2239,14:44:31,24.36,-0.01,20,48721,卖盘
2240,14:44:36,24.38,0.02,5,12190,买盘
2241,14:44:43,24.38,0.0,1,2438,卖盘
2242,14:45:04,24.39,0.01,5,12195,买盘
2243,14:45:19,24.39,0.0,6,14634,买盘
2244,14:45:25,24.4,0.01,8,19520,买盘
2245,14:45:31,24.39,-0.01,5,12195,卖盘
2246,14:45:37,24.4,0.01,4,9760,买盘
2247,14:45:46,24.36,-0.04,62,151083,卖盘
2248,14:45:49,24.36,0.0,10,24360,买盘
2249,14:45:55,24.36,0.0,4,9744,买盘
2250,14:46:04,24.34,-0.02,196,477159,卖盘
2251,14:46:10,24.33,-0.01,6,14598,卖盘
2252,14:46:13,24.31,-0.02,71,172756,卖盘
2253,14:46:16,24.36,0.05,21,51132,买盘
2254,14:46:33,24.36,0.0,4,9744,买盘
2255,14:46:40,24.34,-0.02,24,58416,中性盘
2256,14:46:46,24.33,-0.01,6,14600,卖盘
2257,14:46:48,24.33,0.0,5,12165,卖盘
2258,14:46:52,24.34,0.01,20,48680,买盘
2259,14:47:01,24.34,0.0,34,82725,买盘
2260,14:47:04,24.34,0.0,20,48680,买盘
2261,14:47:07,24.34,0.0,15,36510,买盘
2262,14:47:13,24.34,0.0,70,170318,买盘
2263,14:47:16,24.34,0.0,1,2434,买盘
2264,14:47:22,24.34,0.0,10,24340,买盘
2265,14:47:25,24.33,-0.01,25,60825,卖盘
2266,14:47:31,24.33,0.0,3,7299,买盘
2267,14:47:33,24.33,0.0,5,12165,买盘
2268,14:47:37,24.32,-0.01,8,19456,卖盘
2269,14:47:40,24.33,0.01,1,2433,买盘
2270,14:47:46,24.33,0.0,15,36495,卖盘
2271,14:47:49,24.34,0.01,50,121601,买盘
2272,14:47:55,24.32,-0.02,5,12160,卖盘
2273,14:47:58,24.32,0.0,6,14592,卖盘
2274,14:48:01,24.33,0.01,1,2433,买盘
2275,14:48:07,24.32,-0.01,3,7296,卖盘
2276,14:48:10,24.34,0.02,43,104623,买盘
2277,14:48:12,24.33,-0.01,4,9732,卖盘
2278,14:48:18,24.33,0.0,26,63270,买盘
2279,14:48:28,24.32,-0.01,21,51080,卖盘
2280,14:48:34,24.32,0.0,12,29188,卖盘
2281,14:48:37,24.34,0.02,6,14604,买盘
2282,14:48:39,24.34,0.0,9,21906,买盘
2283,14:48:49,24.36,0.02,16,38973,买盘
2284,14:49:04,24.38,0.02,10,24380,买盘
2285,14:49:06,24.38,0.0,15,36570,买盘
2286,14:49:13,24.38,0.0,6,14628,卖盘
2287,14:49:19,24.39,0.01,13,31699,买盘
2288,14:49:22,24.39,0.0,5,12195,买盘
2289,14:49:31,24.39,0.0,1,2439,卖盘
2290,14:49:43,24.4,0.01,19,46360,买盘
2291,14:49:49,24.4,0.0,16,39040,买盘
2292,14:49:52,24.4,0.0,18,43017,买盘
2293,14:49:58,24.4,0.0,5,12200,卖盘
2294,14:50:01,24.41,0.01,5,12205,买盘
2295,14:50:06,24.42,0.01,28,68368,买盘
2296,14:50:19,24.41,-0.01,14,34174,买盘
2297,14:50:22,24.41,0.0,1,2441,买盘
2298,14:50:25,24.4,-0.01,9,21964,卖盘
2299,14:50:34,24.4,0.0,9,21960,卖盘
2300,14:50:46,24.4,0.0,10,24400,买盘
2301,14:50:49,24.4,0.0,4,9760,卖盘
2302,14:50:55,24.39,-0.01,20,48786,卖盘
2303,14:51:01,24.41,0.02,16,39056,买盘
2304,14:51:04,24.4,-0.01,18,43920,卖盘
2305,14:51:16,24.4,0.0,5,12200,买盘
2306,14:51:19,24.39,-0.01,6,14634,卖盘
2307,14:51:21,24.39,0.0,5,12195,卖盘
2308,14:51:25,24.38,-0.01,96,234102,卖盘
2309,14:51:27,24.4,0.02,48,117060,买盘
2310,14:51:34,24.4,0.0,1,2440,买盘
2311,14:51:40,24.39,-0.01,2,4878,卖盘
2312,14:51:43,24.4,0.01,23,56118,买盘
2313,14:51:46,24.4,0.0,10,24400,买盘
2314,14:51:49,24.4,0.0,1,2440,买盘
2315,14:51:55,24.39,-0.01,9,21951,卖盘
2316,14:52:04,24.4,0.01,3,7320,买盘
2317,14:52:07,24.39,-0.01,1,2439,卖盘
2318,14:52:16,24.4,0.01,70,170778,买盘
2319,14:52:18,24.4,0.0,9,21950,卖盘
2320,14:52:24,24.38,-0.02,21,51216,卖盘
2321,14:52:27,24.41,0.03,14,34174,买盘
2322,14:52:34,24.4,-0.01,6,14644,卖盘
2323,14:52:39,24.38,-0.02,16,39041,卖盘
2324,14:52:46,24.41,0.03,3,7323,买盘
2325,14:52:52,24.41,0.0,27,65856,买盘
2326,14:52:58,24.35,-0.06,13,31687,卖盘
2327,14:53:01,24.38,0.03,7,17068,中性盘
2328,14:53:04,24.38,0.0,2,4876,买盘
2329,14:53:06,24.4,0.02,5,12194,买盘
2330,14:53:10,24.41,0.01,1,2441,买盘
2331,14:53:13,24.4,-0.01,5,12200,卖盘
2332,14:53:19,24.4,0.0,5,12200,卖盘
2333,14:53:25,24.4,0.0,6,14641,卖盘
2334,14:53:30,24.4,0.0,7,17080,买盘
2335,14:53:40,24.36,-0.04,20,48732,卖盘
2336,14:53:48,24.38,0.02,5,12190,买盘
2337,14:53:58,24.38,0.0,1,2438,买盘
2338,14:54:01,24.38,0.0,29,70683,买盘
2339,14:54:04,24.37,-0.01,9,21933,卖盘
2340,14:54:10,24.37,0.0,1,2437,买盘
2341,14:54:13,24.36,-0.01,20,48720,卖盘
2342,14:54:16,24.38,0.02,26,63358,买盘
2343,14:54:19,24.37,-0.01,6,14622,中性盘
2344,14:54:28,24.37,0.0,19,46303,卖盘
2345,14:54:31,24.37,0.0,5,12185,卖盘
2346,14:54:37,24.37,0.0,4,9748,卖盘
2347,14:54:40,24.37,0.0,35,85290,买盘
2348,14:54:43,24.37,0.0,6,14617,买盘
2349,14:54:46,24.35,-0.02,155,377470,卖盘
2350,14:54:49,24.35,0.0,69,168015,买盘
2351,14:54:52,24.35,0.0,3,7305,买盘
2352,14:54:55,24.35,0.0,1,2435,买盘
2353,14:55:01,24.34,-0.01,17,41380,卖盘
2354,14:55:04,24.34,0.0,4,9736,买盘
2355,14:55:07,24.33,-0.01,15,36495,卖盘
2356,14:55:09,24.33,0.0,4,9732,买盘
2357,14:55:13,24.33,0.0,3,7299,买盘
2358,14:55:15,24.33,0.0,7,17031,买盘
2359,14:55:19,24.32,-0.01,9,21888,卖盘
2360,14:55:22,24.32,0.0,23,55944,买盘
2361,14:55:28,24.31,-0.01,11,26741,卖盘
2362,14:55:31,24.32,0.01,36,87547,买盘
2363,14:55:34,24.33,0.01,35,85114,买盘
2364,14:55:36,24.32,-0.01,15,36475,中性盘
2365,14:55:39,24.32,0.0,11,26752,卖盘
2366,14:55:46,24.32,0.0,2,4864,卖盘
2367,14:55:48,24.32,0.0,14,34038,买盘
2368,14:55:52,24.32,0.0,39,94845,买盘
2369,14:55:55,24.32,0.0,36,87552,卖盘
2370,14:55:58,24.31,-0.01,4,9726,卖盘
2371,14:56:04,24.32,0.01,3,7294,买盘
2372,14:56:10,24.33,0.01,36,87572,买盘
2373,14:56:12,24.33,0.0,37,90021,买盘
2374,14:56:16,24.33,0.0,36,87587,买盘
2375,14:56:19,24.32,-0.01,27,65694,卖盘
2376,14:56:22,24.32,0.0,20,48640,卖盘
2377,14:56:28,24.31,-0.01,14,34043,卖盘
2378,14:56:31,24.32,0.01,38,92416,买盘
2379,14:56:34,24.32,0.0,3,7296,买盘
2380,14:56:37,24.32,0.0,16,38903,买盘
2381,14:56:39,24.35,0.03,47,114394,买盘
2382,14:56:43,24.4,0.05,5,12200,卖盘
2383,14:56:49,24.4,0.0,7,17080,卖盘
2384,14:56:51,24.4,0.0,2,4880,卖盘
2385,14:56:55,24.4,0.0,5,12200,卖盘
2386,14:56:58,24.4,0.0,26,63440,卖盘
2387,14:57:01,24.41,0.01,6,14645,买盘
2388,14:57:04,24.4,-0.01,12,29280,卖盘
2389,15:00:04,24.4,0.0,728,1776320,卖盘
