,time,price,change,volume,amount,type
0,09:25:04,3.83,0.1,12243,4689069,卖盘
1,09:30:04,3.85,0.02,11620,4461834,买盘
2,09:30:07,3.84,-0.01,14092,5410035,卖盘
3,09:30:10,3.83,-0.01,3398,1302374,卖盘
4,09:30:13,3.85,0.02,2017,774033,买盘
5,09:30:16,3.85,0.0,542,208452,买盘
6,09:30:19,3.83,-0.02,575,220673,卖盘
7,09:30:22,3.84,0.01,4278,1636162,中性盘
8,09:30:25,3.83,-0.01,416,159815,中性盘
9,09:30:28,3.85,0.02,624,239212,买盘
10,09:30:31,3.83,-0.02,576,221189,卖盘
11,09:30:34,3.83,0.0,255,97657,买盘
12,09:30:37,3.82,-0.01,158,60346,中性盘
13,09:30:40,3.82,0.0,408,155716,买盘
14,09:30:43,3.82,0.0,1126,429972,买盘
15,09:30:46,3.81,-0.01,776,296118,卖盘
16,09:30:49,3.82,0.01,473,180489,买盘
17,09:30:52,3.82,0.0,1790,682505,买盘
18,09:30:55,3.82,0.0,647,246537,买盘
19,09:30:58,3.81,-0.01,1889,720159,卖盘
20,09:31:01,3.81,0.0,485,184828,卖盘
21,09:31:04,3.81,0.0,2002,763411,卖盘
22,09:31:07,3.82,0.01,1965,749138,买盘
23,09:31:10,3.82,0.0,1192,455344,卖盘
24,09:31:13,3.82,0.0,1506,575292,卖盘
25,09:31:16,3.82,0.0,556,212407,卖盘
26,09:31:19,3.82,0.0,876,335032,卖盘
27,09:31:22,3.82,0.0,1788,682380,卖盘
28,09:31:25,3.83,0.01,898,343431,买盘
29,09:31:28,3.82,-0.01,175,66884,卖盘
30,09:31:31,3.81,-0.01,439,167560,卖盘
31,09:31:34,3.82,0.01,1472,560916,买盘
32,09:31:37,3.81,-0.01,904,345253,卖盘
33,09:31:40,3.82,0.01,952,363589,买盘
34,09:31:43,3.81,-0.01,832,317651,卖盘
35,09:31:46,3.8,-0.01,702,267439,卖盘
36,09:31:49,3.82,0.02,624,238024,买盘
37,09:31:52,3.81,-0.01,1505,572923,买盘
38,09:31:55,3.8,-0.01,735,279835,卖盘
39,09:31:58,3.8,0.0,3233,1228900,卖盘
40,09:32:01,3.8,0.0,279,106020,卖盘
41,09:32:04,3.8,0.0,32,12160,买盘
42,09:32:07,3.79,-0.01,522,197783,卖盘
43,09:32:10,3.79,0.0,922,349031,买盘
44,09:32:13,3.79,0.0,83,31457,买盘
45,09:32:16,3.78,-0.01,649,245233,卖盘
46,09:32:19,3.77,-0.01,195,73615,卖盘
47,09:32:22,3.78,0.01,14,5279,买盘
48,09:32:25,3.76,-0.02,871,327988,卖盘
49,09:32:28,3.76,0.0,404,151924,卖盘
50,09:32:31,3.76,0.0,220,82804,卖盘
51,09:32:34,3.75,-0.01,542,203260,卖盘
52,09:32:37,3.75,0.0,320,120123,卖盘
53,09:32:40,3.75,0.0,898,336790,卖盘
54,09:32:43,3.75,0.0,486,182300,卖盘
55,09:32:46,3.75,0.0,2079,780004,卖盘
56,09:32:49,3.76,0.01,2195,824275,买盘
57,09:32:52,3.75,-0.01,669,251025,卖盘
58,09:32:55,3.75,0.0,317,118913,买盘
59,09:32:58,3.75,0.0,384,143893,买盘
60,09:33:01,3.75,0.0,92,34490,买盘
61,09:33:04,3.75,0.0,941,352400,买盘
62,09:33:07,3.74,-0.01,220,82390,买盘
63,09:33:10,3.74,0.0,797,298258,买盘
64,09:33:13,3.74,0.0,880,328613,买盘
65,09:33:16,3.74,0.0,1119,418539,买盘
66,09:33:19,3.74,0.0,82,30668,卖盘
67,09:33:22,3.75,0.01,539,201776,买盘
68,09:33:25,3.75,0.0,176,65890,买盘
69,09:33:28,3.73,-0.02,845,316163,卖盘
70,09:33:31,3.75,0.02,1000,374541,买盘
71,09:33:34,3.76,0.01,342,128168,买盘
72,09:33:37,3.75,-0.01,69,25875,卖盘
73,09:33:40,3.75,0.0,553,207229,卖盘
74,09:33:43,3.75,0.0,83,31125,买盘
75,09:33:46,3.75,0.0,544,204027,买盘
76,09:33:49,3.76,0.01,100,37538,买盘
77,09:33:52,3.75,-0.01,130,48750,卖盘
78,09:33:55,3.75,0.0,258,96927,卖盘
79,09:33:58,3.76,0.01,1197,448955,买盘
80,09:34:01,3.76,0.0,436,163843,买盘
81,09:34:04,3.76,0.0,359,134958,买盘
82,09:34:07,3.76,0.0,258,96901,买盘
83,09:34:10,3.76,0.0,95,35720,买盘
84,09:34:13,3.76,0.0,165,62030,买盘
85,09:34:16,3.76,0.0,175,65706,中性盘
86,09:34:19,3.75,-0.01,316,118786,卖盘
87,09:34:22,3.77,0.02,436,163948,买盘
88,09:34:25,3.76,-0.01,228,85737,卖盘
89,09:34:28,3.76,0.0,666,250465,卖盘
90,09:34:31,3.76,0.0,258,97008,卖盘
91,09:34:34,3.76,0.0,386,145093,卖盘
92,09:34:37,3.76,0.0,54,20304,买盘
93,09:34:40,3.76,0.0,97,36472,买盘
94,09:34:43,3.76,0.0,185,69560,买盘
95,09:34:46,3.76,0.0,509,191264,买盘
96,09:34:49,3.76,0.0,318,119568,买盘
97,09:34:52,3.76,0.0,411,154426,买盘
98,09:34:55,3.76,0.0,73,27445,买盘
99,09:34:58,3.75,-0.01,162,60892,卖盘
100,09:35:01,3.75,0.0,411,154512,卖盘
101,09:35:04,3.76,0.01,503,189102,买盘
102,09:35:07,3.75,-0.01,24,9000,卖盘
103,09:35:10,3.76,0.01,627,235719,买盘
104,09:35:13,3.76,0.0,100,37600,卖盘
105,09:35:16,3.76,0.0,184,69184,卖盘
106,09:35:19,3.76,0.0,155,58280,卖盘
107,09:35:22,3.77,0.01,180,67853,买盘
108,09:35:25,3.77,0.0,129,48549,买盘
109,09:35:28,3.77,0.0,310,116610,买盘
110,09:35:31,3.76,-0.01,79,29714,卖盘
111,09:35:34,3.77,0.01,469,176561,买盘
112,09:35:37,3.77,0.0,344,129373,买盘
113,09:35:40,3.77,0.0,385,145062,买盘
114,09:35:43,3.77,0.0,421,158669,买盘
115,09:35:46,3.76,-0.01,554,208745,卖盘
116,09:35:49,3.78,0.02,88,33164,买盘
117,09:35:52,3.77,-0.01,50,18850,卖盘
118,09:35:55,3.77,0.0,45,16985,卖盘
119,09:35:58,3.77,0.0,222,83695,卖盘
120,09:36:01,3.77,0.0,412,155413,卖盘
121,09:36:05,3.77,0.0,657,247792,卖盘
122,09:36:07,3.78,0.01,152,57409,买盘
123,09:36:10,3.78,0.0,463,174814,买盘
124,09:36:13,3.77,-0.01,20,7540,卖盘
125,09:36:16,3.78,0.01,1676,633404,买盘
126,09:36:19,3.78,0.0,21,7938,卖盘
127,09:36:22,3.78,0.0,1744,659104,卖盘
128,09:36:25,3.78,0.0,48,18182,卖盘
129,09:36:28,3.78,0.0,1028,388938,卖盘
130,09:36:31,3.79,0.01,1624,612793,买盘
131,09:36:34,3.8,0.01,2331,884746,买盘
132,09:36:37,3.8,0.0,547,207860,卖盘
133,09:36:40,3.82,0.02,5639,2152768,买盘
134,09:36:43,3.82,0.0,299,114218,卖盘
135,09:36:46,3.82,0.0,80,30570,卖盘
136,09:36:49,3.82,0.0,30,11480,卖盘
137,09:36:52,3.83,0.01,137,52468,买盘
138,09:36:55,3.83,0.0,549,210597,卖盘
139,09:36:58,3.83,0.0,412,157832,卖盘
140,09:37:01,3.84,0.01,312,119742,买盘
141,09:37:04,3.83,-0.01,166,63578,卖盘
142,09:37:07,3.83,0.0,131,50152,买盘
143,09:37:10,3.83,0.0,317,121411,买盘
144,09:37:13,3.82,-0.01,512,196296,卖盘
145,09:37:16,3.83,0.01,2192,837936,买盘
146,09:37:19,3.82,-0.01,754,288529,卖盘
147,09:37:22,3.82,0.0,2774,1060249,卖盘
148,09:37:25,3.81,-0.01,457,174391,卖盘
149,09:37:28,3.81,0.0,691,264107,卖盘
150,09:37:31,3.82,0.01,614,234847,买盘
151,09:37:34,3.81,-0.01,157,59721,中性盘
152,09:37:37,3.81,0.0,101,38471,买盘
153,09:37:40,3.81,0.0,637,242595,买盘
154,09:37:43,3.81,0.0,1067,407433,卖盘
155,09:37:46,3.81,0.0,533,203057,卖盘
156,09:37:49,3.81,0.0,104,39574,买盘
157,09:37:52,3.8,-0.01,379,144354,卖盘
158,09:37:55,3.81,0.01,419,159352,买盘
159,09:37:58,3.8,-0.01,680,258700,卖盘
160,09:38:01,3.8,0.0,358,136040,卖盘
161,09:38:04,3.8,0.0,372,141360,卖盘
162,09:38:07,3.8,0.0,731,278084,卖盘
163,09:38:10,3.8,0.0,443,168589,卖盘
164,09:38:13,3.8,0.0,148,56240,买盘
165,09:38:16,3.8,0.0,5,1900,买盘
166,09:38:19,3.8,0.0,16,6080,买盘
167,09:38:22,3.8,0.0,108,41040,买盘
168,09:38:25,3.79,-0.01,81,30759,卖盘
169,09:38:28,3.8,0.01,1534,582900,买盘
170,09:38:31,3.8,0.0,594,225322,买盘
171,09:38:34,3.8,0.0,314,119320,买盘
172,09:38:37,3.8,0.0,50,19000,卖盘
173,09:38:40,3.8,0.0,507,192458,卖盘
174,09:38:43,3.8,0.0,119,45199,卖盘
175,09:38:46,3.8,0.0,909,344764,卖盘
176,09:38:49,3.8,0.0,156,59280,买盘
177,09:38:52,3.79,-0.01,91,34514,卖盘
178,09:38:55,3.8,0.01,218,82873,买盘
179,09:38:58,3.8,0.0,160,60860,卖盘
180,09:39:01,3.8,0.0,184,69920,卖盘
181,09:39:04,3.8,0.0,486,184780,卖盘
182,09:39:07,3.81,0.01,556,211439,买盘
183,09:39:10,3.8,-0.01,159,60420,卖盘
184,09:39:13,3.8,0.0,227,86477,卖盘
185,09:39:16,3.81,0.01,550,209480,买盘
186,09:39:19,3.81,0.0,24,9136,卖盘
187,09:39:22,3.8,-0.01,66,25091,卖盘
188,09:39:25,3.81,0.01,272,103637,买盘
189,09:39:28,3.8,-0.01,25,9517,卖盘
190,09:39:31,3.81,0.01,70,26670,买盘
191,09:39:34,3.8,-0.01,23,8752,卖盘
192,09:39:37,3.81,0.01,225,85725,买盘
193,09:39:40,3.81,0.0,5,1905,买盘
194,09:39:43,3.81,0.0,259,98470,买盘
195,09:39:46,3.81,0.0,484,184404,买盘
196,09:39:49,3.81,0.0,106,40386,买盘
197,09:39:52,3.81,0.0,69,26289,卖盘
198,09:39:55,3.81,0.0,350,133450,卖盘
199,09:39:58,3.82,0.01,517,197395,买盘
200,09:40:01,3.81,-0.01,111,42291,卖盘
201,09:40:04,3.82,0.01,40,15275,买盘
202,09:40:07,3.81,-0.01,731,278515,卖盘
203,09:40:10,3.82,0.01,185,70490,买盘
204,09:40:13,3.81,-0.01,129,49168,卖盘
205,09:40:16,3.81,0.0,259,98679,卖盘
206,09:40:19,3.81,0.0,118,44958,买盘
207,09:40:22,3.81,0.0,773,294343,买盘
208,09:40:25,3.8,-0.01,912,347587,卖盘
209,09:40:28,3.81,0.01,124,47244,买盘
210,09:40:34,3.81,0.0,126,48006,买盘
211,09:40:37,3.8,-0.01,347,132042,卖盘
212,09:40:40,3.8,0.0,1044,396785,卖盘
213,09:40:43,3.81,0.01,138,52577,买盘
214,09:40:46,3.81,0.0,124,47121,买盘
215,09:40:49,3.79,-0.02,323,122640,卖盘
216,09:40:52,3.8,0.01,627,238260,买盘
217,09:40:55,3.8,0.0,128,48640,买盘
218,09:40:58,3.79,-0.01,39,14800,卖盘
219,09:41:01,3.79,0.0,344,130376,卖盘
220,09:41:04,3.79,0.0,66,25050,卖盘
221,09:41:07,3.79,0.0,20,7580,卖盘
222,09:41:10,3.8,0.01,128,48615,买盘
223,09:41:13,3.8,0.0,414,157320,买盘
224,09:41:16,3.79,-0.01,56,21240,卖盘
225,09:41:19,3.8,0.01,13,4940,买盘
226,09:41:22,3.79,-0.01,140,53160,卖盘
227,09:41:25,3.79,0.0,104,39487,卖盘
228,09:41:28,3.8,0.01,44,16707,买盘
229,09:41:31,3.8,0.0,393,149296,买盘
230,09:41:34,3.79,-0.01,192,72797,卖盘
231,09:41:37,3.79,0.0,109,41311,卖盘
232,09:41:40,3.8,0.01,316,119879,买盘
233,09:41:43,3.8,0.0,121,45912,买盘
234,09:41:46,3.8,0.0,236,89449,买盘
235,09:41:49,3.79,-0.01,156,59161,卖盘
236,09:41:52,3.79,0.0,230,87200,卖盘
237,09:41:55,3.8,0.01,210,79600,买盘
238,09:41:58,3.79,-0.01,66,25026,卖盘
239,09:42:01,3.8,0.01,190,72031,买盘
240,09:42:04,3.8,0.0,244,92536,买盘
241,09:42:07,3.79,-0.01,457,173323,卖盘
242,09:42:10,3.78,-0.01,259,98287,卖盘
243,09:42:13,3.79,0.01,121,45859,买盘
244,09:42:16,3.79,0.0,80,30320,买盘
245,09:42:19,3.79,0.0,8,3032,买盘
246,09:42:22,3.79,0.0,605,229290,买盘
247,09:42:25,3.79,0.0,147,55626,买盘
248,09:42:28,3.78,-0.01,147,55573,卖盘
249,09:42:31,3.79,0.01,234,88686,买盘
250,09:42:34,3.78,-0.01,308,116524,卖盘
251,09:42:37,3.79,0.01,316,119757,买盘
252,09:42:40,3.79,0.0,178,67331,买盘
253,09:42:43,3.79,0.0,273,103344,买盘
254,09:42:46,3.79,0.0,75,28370,买盘
255,09:42:49,3.78,-0.01,177,66978,卖盘
256,09:42:52,3.78,0.0,3730,1418000,卖盘
257,09:42:55,3.79,0.01,16,6064,卖盘
258,09:42:58,3.79,0.0,10,3790,卖盘
259,09:43:01,3.79,0.0,24,9099,卖盘
260,09:43:05,3.79,0.0,172,65193,卖盘
261,09:43:07,3.79,0.0,120,45580,卖盘
262,09:43:10,3.79,0.0,111,42117,卖盘
263,09:43:13,3.79,0.0,125,47395,卖盘
264,09:43:16,3.8,0.01,1501,569363,买盘
265,09:43:19,3.8,0.0,30,11400,卖盘
266,09:43:22,3.79,-0.01,2143,810801,卖盘
267,09:43:25,3.78,-0.01,32,12123,卖盘
268,09:43:28,3.78,0.0,198,74872,卖盘
269,09:43:31,3.79,0.01,40,15130,买盘
270,09:43:34,3.78,-0.01,120,45360,中性盘
271,09:43:40,3.77,-0.01,122,46104,卖盘
272,09:43:43,3.78,0.01,39,14762,中性盘
273,09:43:46,3.77,-0.01,238,89752,卖盘
274,09:43:49,3.77,0.0,71,26822,卖盘
275,09:43:52,3.79,0.02,200,75700,买盘
276,09:43:55,3.77,-0.02,46,17360,卖盘
277,09:43:58,3.78,0.01,130,49040,买盘
278,09:44:01,3.78,0.0,210,79270,买盘
279,09:44:04,3.77,-0.01,968,364947,卖盘
280,09:44:07,3.79,0.02,635,240050,买盘
281,09:44:10,3.78,-0.01,174,65685,卖盘
282,09:44:13,3.77,-0.01,246,92836,卖盘
283,09:44:16,3.77,0.0,128,48256,卖盘
284,09:44:19,3.77,0.0,19,7163,卖盘
285,09:44:22,3.78,0.01,3,1132,买盘
286,09:44:25,3.77,-0.01,263,99151,卖盘
287,09:44:28,3.77,0.0,10,3770,买盘
288,09:44:31,3.77,0.0,128,48256,买盘
289,09:44:34,3.77,0.0,129,48633,买盘
290,09:44:37,3.78,0.01,40,15093,买盘
291,09:44:40,3.77,-0.01,155,58385,卖盘
292,09:44:43,3.77,0.0,1320,496875,买盘
293,09:44:46,3.77,0.0,162,61074,买盘
294,09:44:52,3.77,0.0,760,286060,卖盘
295,09:44:55,3.77,0.0,14,5278,卖盘
296,09:44:58,3.8,0.03,3325,1259804,买盘
297,09:45:01,3.77,-0.03,77,29029,中性盘
298,09:45:07,3.77,0.0,208,78413,买盘
299,09:45:10,3.77,0.0,88,33157,买盘
300,09:45:13,3.77,0.0,924,347948,买盘
301,09:45:16,3.78,0.01,231,87077,买盘
302,09:45:19,3.77,-0.01,369,139169,中性盘
303,09:45:22,3.78,0.01,73,27563,买盘
304,09:45:25,3.78,0.0,100,37790,买盘
305,09:45:28,3.78,0.0,366,138045,买盘
306,09:45:31,3.78,0.0,234,88340,买盘
307,09:45:34,3.77,-0.01,198,74646,卖盘
308,09:45:37,3.78,0.01,278,105048,买盘
309,09:45:40,3.78,0.0,8,3024,卖盘
310,09:45:43,3.77,-0.01,7,2639,卖盘
311,09:45:46,3.78,0.01,6,2268,买盘
312,09:45:49,3.78,0.0,4,1512,买盘
313,09:45:52,3.78,0.0,87,32865,买盘
314,09:45:55,3.77,-0.01,40,15087,卖盘
315,09:45:58,3.78,0.01,602,227003,买盘
316,09:46:01,3.78,0.0,34,12852,买盘
317,09:46:05,3.78,0.0,24,9072,卖盘
318,09:46:10,3.78,0.0,134,50652,卖盘
319,09:46:13,3.79,0.01,63,23874,买盘
320,09:46:19,3.78,-0.01,106,40124,卖盘
321,09:46:28,3.78,0.0,202,76360,卖盘
322,09:46:31,3.79,0.01,6,2274,买盘
323,09:46:34,3.78,-0.01,100,37800,卖盘
324,09:46:37,3.79,0.01,5,1895,买盘
325,09:46:40,3.79,0.0,380,143875,买盘
326,09:46:43,3.78,-0.01,5,1890,卖盘
327,09:46:46,3.78,0.0,65,24570,卖盘
328,09:46:52,3.78,0.0,100,37800,卖盘
329,09:46:55,3.78,0.0,147,55596,卖盘
330,09:46:58,3.79,0.01,139,52679,买盘
331,09:47:01,3.78,-0.01,90,34020,卖盘
332,09:47:04,3.78,0.0,85,32130,卖盘
333,09:47:07,3.79,0.01,373,141287,买盘
334,09:47:10,3.79,0.0,433,164107,买盘
335,09:47:13,3.79,0.0,47,17813,卖盘
336,09:47:16,3.8,0.01,118,44728,买盘
337,09:47:19,3.79,-0.01,18,6822,卖盘
338,09:47:22,3.79,0.0,95,36005,卖盘
339,09:47:25,3.79,0.0,80,30339,卖盘
340,09:47:28,3.8,0.01,66,25060,买盘
341,09:47:31,3.79,-0.01,217,82413,卖盘
342,09:47:34,3.79,0.0,18,6832,卖盘
343,09:47:37,3.79,0.0,85,32250,卖盘
344,09:47:40,3.8,0.01,10,3800,买盘
345,09:47:43,3.8,0.0,37,14060,买盘
346,09:47:46,3.8,0.0,982,373160,买盘
347,09:47:52,3.8,0.0,50,19000,卖盘
348,09:47:58,3.8,0.0,503,191140,卖盘
349,09:48:01,3.81,0.01,372,141732,买盘
350,09:48:04,3.81,0.0,165,62865,买盘
351,09:48:07,3.81,0.0,489,185959,买盘
352,09:48:10,3.8,-0.01,24,9120,卖盘
353,09:48:13,3.81,0.01,195,74295,买盘
354,09:48:16,3.81,0.0,61,23230,买盘
355,09:48:19,3.81,0.0,146,55620,买盘
356,09:48:22,3.81,0.0,5,1905,买盘
357,09:48:25,3.81,0.0,79,30096,买盘
358,09:48:28,3.8,-0.01,78,29688,卖盘
359,09:48:31,3.8,0.0,39,14820,卖盘
360,09:48:34,3.81,0.01,194,73744,买盘
361,09:48:37,3.81,0.0,12,4572,买盘
362,09:48:40,3.81,0.0,1198,456397,买盘
363,09:48:43,3.81,0.0,102,38862,买盘
364,09:48:46,3.81,0.0,19,7239,卖盘
365,09:48:49,3.81,0.0,85,32385,卖盘
366,09:48:52,3.81,0.0,228,86868,卖盘
367,09:48:55,3.81,0.0,10,3810,买盘
368,09:48:58,3.8,-0.01,150,57000,卖盘
369,09:49:01,3.81,0.01,175,66511,买盘
370,09:49:04,3.82,0.01,575,219022,买盘
371,09:49:07,3.81,-0.01,229,87284,卖盘
372,09:49:10,3.81,0.0,70,26675,卖盘
373,09:49:13,3.82,0.01,222,84592,买盘
374,09:49:16,3.81,-0.01,1885,720028,卖盘
375,09:49:19,3.81,0.0,190,72400,卖盘
376,09:49:22,3.81,0.0,52,19844,卖盘
377,09:49:25,3.81,0.0,75,28636,卖盘
378,09:49:28,3.82,0.01,221,84420,买盘
379,09:49:31,3.82,0.0,30,11460,卖盘
380,09:49:34,3.82,0.0,184,70448,卖盘
381,09:49:37,3.83,0.01,20,7650,买盘
382,09:49:40,3.82,-0.01,656,250851,卖盘
383,09:49:43,3.82,0.0,373,142789,卖盘
384,09:49:46,3.83,0.01,255,97665,买盘
385,09:49:49,3.85,0.02,9954,3827694,买盘
386,09:49:52,3.83,-0.02,125,47948,中性盘
387,09:49:55,3.86,0.03,3111,1199565,买盘
388,09:49:58,3.86,0.0,427,164872,卖盘
389,09:50:01,3.86,0.0,410,158615,卖盘
390,09:50:04,3.87,0.01,1161,449307,买盘
391,09:50:07,3.87,0.0,1411,545907,买盘
392,09:50:10,3.88,0.01,527,204273,买盘
393,09:50:13,3.89,0.01,2531,982332,买盘
394,09:50:16,3.87,-0.02,1889,735532,卖盘
395,09:50:19,3.88,0.01,593,230080,中性盘
396,09:50:22,3.89,0.01,373,144818,买盘
397,09:50:25,3.89,0.0,485,189060,买盘
398,09:50:28,3.9,0.01,1105,430517,买盘
399,09:50:31,3.91,0.01,720,280387,买盘
400,09:50:34,3.9,-0.01,1232,483101,卖盘
401,09:50:37,3.93,0.03,471,184226,中性盘
402,09:50:40,3.93,0.0,105,41246,买盘
403,09:50:43,3.9,-0.03,2430,949056,卖盘
404,09:50:46,3.9,0.0,722,281580,买盘
405,09:50:49,3.9,0.0,1005,391932,买盘
406,09:50:52,3.9,0.0,1341,522970,买盘
407,09:50:55,3.91,0.01,490,191716,买盘
408,09:50:58,3.9,-0.01,769,300395,卖盘
409,09:51:01,3.91,0.01,256,99951,买盘
410,09:51:04,3.91,0.0,568,221840,买盘
411,09:51:07,3.91,0.0,648,253538,买盘
412,09:51:10,3.93,0.02,721,282803,买盘
413,09:51:13,3.91,-0.02,280,109561,卖盘
414,09:51:16,3.93,0.02,1084,424864,买盘
415,09:51:19,3.93,0.0,766,300007,买盘
416,09:51:22,3.92,-0.01,1338,523663,中性盘
417,09:51:25,3.9,-0.02,7110,2775615,卖盘
418,09:51:28,3.91,0.01,557,217327,买盘
419,09:51:31,3.91,0.0,854,334118,买盘
420,09:51:34,3.9,-0.01,444,173694,卖盘
421,09:51:37,3.91,0.01,457,178132,买盘
422,09:51:40,3.91,0.0,444,173543,买盘
423,09:51:43,3.9,-0.01,486,189647,卖盘
424,09:51:46,3.9,0.0,113,44105,卖盘
425,09:51:49,3.9,0.0,408,159435,卖盘
426,09:51:52,3.91,0.01,1216,474572,买盘
427,09:51:55,3.9,-0.01,90,35100,买盘
428,09:51:58,3.9,0.0,545,212675,买盘
429,09:52:01,3.91,0.01,759,296602,买盘
430,09:52:04,3.9,-0.01,333,130046,卖盘
431,09:52:07,3.9,0.0,424,165495,卖盘
432,09:52:10,3.91,0.01,396,154589,买盘
433,09:52:13,3.91,0.0,796,310536,买盘
434,09:52:16,3.91,0.0,112,43754,买盘
435,09:52:19,3.9,-0.01,324,126402,卖盘
436,09:52:22,3.9,0.0,627,244585,卖盘
437,09:52:25,3.91,0.01,1146,447601,买盘
438,09:52:28,3.9,-0.01,182,70980,卖盘
439,09:52:31,3.9,0.0,31,12090,买盘
440,09:52:34,3.9,0.0,804,313929,买盘
441,09:52:37,3.91,0.01,106,41343,买盘
442,09:52:40,3.91,0.0,156,60870,买盘
443,09:52:43,3.91,0.0,287,111980,买盘
444,09:52:46,3.9,-0.01,2050,799879,卖盘
445,09:52:49,3.91,0.01,753,294243,买盘
446,09:52:52,3.9,-0.01,153,59794,卖盘
447,09:52:55,3.91,0.01,768,300343,买盘
448,09:52:58,3.91,0.0,750,293260,卖盘
449,09:53:01,3.91,0.0,609,238039,卖盘
450,09:53:04,3.91,0.0,1471,575126,买盘
451,09:53:07,3.9,-0.01,133,52003,卖盘
452,09:53:10,3.9,0.0,866,338083,卖盘
453,09:53:13,3.9,0.0,159,62010,买盘
454,09:53:16,3.9,0.0,661,257790,买盘
455,09:53:19,3.9,0.0,286,111540,买盘
456,09:53:22,3.9,0.0,321,125161,买盘
457,09:53:25,3.9,0.0,1375,536103,买盘
458,09:53:28,3.89,-0.01,1523,592524,卖盘
459,09:53:31,3.89,0.0,27,10503,买盘
460,09:53:34,3.89,0.0,10,3890,买盘
461,09:53:37,3.89,0.0,65,25285,买盘
462,09:53:40,3.89,0.0,194,75321,买盘
463,09:53:43,3.88,-0.01,344,133711,卖盘
464,09:53:46,3.88,0.0,792,307794,卖盘
465,09:53:49,3.88,0.0,159,61791,卖盘
466,09:53:52,3.89,0.01,130,50635,买盘
467,09:53:55,3.89,0.0,151,58739,卖盘
468,09:53:58,3.89,0.0,75,29175,卖盘
469,09:54:01,3.89,0.0,149,57961,卖盘
470,09:54:04,3.89,0.0,162,62978,卖盘
471,09:54:07,3.89,0.0,334,129923,买盘
472,09:54:10,3.89,0.0,97,37733,买盘
473,09:54:13,3.89,0.0,65,25285,买盘
474,09:54:16,3.88,-0.01,118,45899,卖盘
475,09:54:19,3.89,0.01,178,69212,买盘
476,09:54:22,3.88,-0.01,27,10476,卖盘
477,09:54:25,3.88,0.0,4356,1687955,卖盘
478,09:54:28,3.88,0.0,97,37636,买盘
479,09:54:31,3.88,0.0,251,97283,买盘
480,09:54:34,3.88,0.0,18,6984,买盘
481,09:54:37,3.87,-0.01,1721,666027,买盘
482,09:54:40,3.86,-0.01,441,170346,卖盘
483,09:54:43,3.85,-0.01,812,312837,卖盘
484,09:54:46,3.86,0.01,1279,494418,买盘
485,09:54:49,3.85,-0.01,9,3465,买盘
486,09:54:52,3.84,-0.01,64,24580,卖盘
487,09:54:55,3.84,0.0,120,46180,卖盘
488,09:54:58,3.84,0.0,120,46086,卖盘
489,09:55:01,3.85,0.01,96,36960,买盘
490,09:55:04,3.85,0.0,123,47258,买盘
491,09:55:07,3.86,0.01,234,90080,买盘
492,09:55:10,3.85,-0.01,57,21940,中性盘
493,09:55:13,3.86,0.01,284,109604,买盘
494,09:55:19,3.86,0.0,4,1544,卖盘
495,09:55:21,3.87,0.01,451,174436,买盘
496,09:55:25,3.87,0.0,225,87069,买盘
497,09:55:28,3.87,0.0,831,320997,买盘
498,09:55:31,3.87,0.0,1461,564111,买盘
499,09:55:34,3.88,0.01,2424,938294,买盘
500,09:55:37,3.87,-0.01,54,20898,卖盘
501,09:55:40,3.86,-0.01,998,385582,卖盘
502,09:55:43,3.87,0.01,209,80721,买盘
503,09:55:46,3.88,0.01,19,7555,买盘
504,09:55:49,3.87,-0.01,1016,393195,卖盘
505,09:55:52,3.88,0.01,514,199422,买盘
506,09:55:55,3.87,-0.01,3,1161,卖盘
507,09:55:58,3.88,0.01,30,11640,买盘
508,09:56:01,3.88,0.0,70,27120,买盘
509,09:56:04,3.88,0.0,77,29876,买盘
510,09:56:07,3.88,0.0,15,5820,买盘
511,09:56:10,3.88,0.0,384,148903,买盘
512,09:56:13,3.88,0.0,290,112499,买盘
513,09:56:16,3.88,0.0,655,254140,买盘
514,09:56:19,3.87,-0.01,236,91465,卖盘
515,09:56:22,3.87,0.0,1398,541026,卖盘
516,09:56:25,3.87,0.0,56,21692,卖盘
517,09:56:28,3.87,0.0,160,61893,买盘
518,09:56:31,3.87,0.0,100,38700,买盘
519,09:56:34,3.87,0.0,73,28251,买盘
520,09:56:37,3.87,0.0,165,63855,买盘
521,09:56:40,3.87,0.0,22,8514,买盘
522,09:56:42,3.87,0.0,176,68112,买盘
523,09:56:46,3.87,0.0,187,72547,买盘
524,09:56:49,3.87,0.0,226,87276,卖盘
525,09:56:52,3.87,0.0,25,9675,买盘
526,09:56:55,3.87,0.0,3,1161,买盘
527,09:56:58,3.87,0.0,152,58689,买盘
528,09:57:01,3.87,0.0,11,4257,买盘
529,09:57:04,3.87,0.0,119,45997,买盘
530,09:57:07,3.87,0.0,102,39474,买盘
531,09:57:10,3.87,0.0,16,6192,买盘
532,09:57:13,3.87,0.0,100,38699,买盘
533,09:57:16,3.87,0.0,7,2709,买盘
534,09:57:19,3.87,0.0,64,24754,买盘
535,09:57:22,3.87,0.0,257,99409,买盘
536,09:57:25,3.87,0.0,307,118514,买盘
537,09:57:28,3.88,0.01,259,100619,买盘
538,09:57:31,3.87,-0.01,65,25155,卖盘
539,09:57:34,3.87,0.0,27,10475,卖盘
540,09:57:37,3.87,0.0,72,27864,卖盘
541,09:57:40,3.87,0.0,220,85149,卖盘
542,09:57:46,3.87,0.0,127,49197,卖盘
543,09:57:49,3.87,0.0,7,2709,卖盘
544,09:57:52,3.87,0.0,94,36448,卖盘
545,09:57:55,3.87,0.0,652,252324,卖盘
546,09:57:58,3.88,0.01,10,3875,买盘
547,09:58:01,3.88,0.0,11,4268,买盘
548,09:58:04,3.88,0.0,50,19400,买盘
549,09:58:07,3.87,-0.01,290,112280,卖盘
550,09:58:10,3.88,0.01,157,60809,买盘
551,09:58:13,3.88,0.0,58,22491,买盘
552,09:58:16,3.87,-0.01,107,41223,卖盘
553,09:58:19,3.87,0.0,47,18375,买盘
554,09:58:22,3.87,0.0,142,54768,卖盘
555,09:58:28,3.88,0.01,44,17220,买盘
556,09:58:31,3.88,0.0,58,22476,买盘
557,09:58:34,3.87,-0.01,56,21672,卖盘
558,09:58:37,3.87,0.0,50,19350,卖盘
559,09:58:40,3.87,0.0,5,1935,卖盘
560,09:58:43,3.88,0.01,100,38800,买盘
561,09:58:49,3.87,-0.01,88,34069,卖盘
562,09:58:52,3.88,0.01,750,290750,买盘
563,09:58:55,3.88,0.0,10,3880,买盘
564,09:58:58,3.87,-0.01,135,52299,卖盘
565,09:59:01,3.87,0.0,1,387,卖盘
566,09:59:04,3.88,0.01,311,120668,买盘
567,09:59:07,3.87,-0.01,10,3870,卖盘
568,09:59:10,3.88,0.01,28,10839,买盘
569,09:59:13,3.87,-0.01,580,225030,卖盘
570,09:59:16,3.88,0.01,46,17838,买盘
571,09:59:19,3.88,0.0,63,24401,买盘
572,09:59:22,3.88,0.0,83,32204,买盘
573,09:59:25,3.88,0.0,173,67051,买盘
574,09:59:28,3.88,0.0,105,40729,买盘
575,09:59:34,3.87,-0.01,80,31010,卖盘
576,09:59:37,3.87,0.0,139,53852,卖盘
577,09:59:43,3.87,0.0,10,3870,卖盘
578,09:59:46,3.87,0.0,50,19350,卖盘
579,09:59:49,3.87,0.0,32,12386,卖盘
580,09:59:52,3.88,0.01,26,10063,买盘
581,09:59:55,3.88,0.0,28,10864,买盘
582,09:59:58,3.88,0.0,15,5810,买盘
583,10:00:01,3.88,0.0,22,8536,买盘
584,10:00:04,3.88,0.0,2,776,买盘
585,10:00:07,3.88,0.0,205,79387,买盘
586,10:00:10,3.87,-0.01,3074,1192612,卖盘
587,10:00:13,3.88,0.01,20,7760,买盘
588,10:00:16,3.88,0.0,363,140844,买盘
589,10:00:19,3.88,0.0,680,263693,买盘
590,10:00:22,3.88,0.0,265,102810,买盘
591,10:00:25,3.88,0.0,234,90569,买盘
592,10:00:28,3.87,-0.01,642,248996,卖盘
593,10:00:31,3.88,0.01,141,54708,买盘
594,10:00:37,3.88,0.0,50,19390,买盘
595,10:00:40,3.88,0.0,512,198656,买盘
596,10:00:43,3.88,0.0,72,27936,卖盘
597,10:00:46,3.88,0.0,51,19788,卖盘
598,10:00:49,3.88,0.0,11,4268,买盘
599,10:00:55,3.88,0.0,128,49664,买盘
600,10:00:58,3.88,0.0,38,14744,中性盘
601,10:01:01,3.88,0.0,21,8148,卖盘
602,10:01:07,3.88,0.0,51,19788,卖盘
603,10:01:10,3.89,0.01,39,15138,买盘
604,10:01:16,3.88,-0.01,31,12029,卖盘
605,10:01:19,3.89,0.01,10,3890,买盘
606,10:01:22,3.88,-0.01,2,776,卖盘
607,10:01:25,3.88,0.0,3,1164,卖盘
608,10:01:28,3.88,0.0,32,12416,卖盘
609,10:01:31,3.89,0.01,65,25235,买盘
610,10:01:34,3.88,-0.01,15,5820,卖盘
611,10:01:37,3.88,0.0,731,283628,卖盘
612,10:01:40,3.89,0.01,10,3890,买盘
613,10:01:43,3.89,0.0,157,61020,买盘
614,10:01:46,3.88,-0.01,16,6213,卖盘
615,10:01:49,3.89,0.01,32,12448,买盘
616,10:01:52,3.89,0.0,20,7780,买盘
617,10:01:55,3.89,0.0,12,4668,买盘
618,10:01:58,3.89,0.0,20,7780,买盘
619,10:02:01,3.88,-0.01,379,147317,卖盘
620,10:02:04,3.89,0.01,50,19450,买盘
621,10:02:07,3.88,-0.01,10,3880,卖盘
622,10:02:10,3.89,0.01,162,62985,买盘
623,10:02:13,3.88,-0.01,143,55623,卖盘
624,10:02:16,3.89,0.01,269,104490,买盘
625,10:02:19,3.88,-0.01,13,5047,卖盘
626,10:02:22,3.88,0.0,559,216892,卖盘
627,10:02:25,3.88,0.0,5,1940,卖盘
628,10:02:28,3.88,0.0,167,64848,卖盘
629,10:02:31,3.88,0.0,545,211460,卖盘
630,10:02:34,3.89,0.01,313,121427,买盘
631,10:02:37,3.88,-0.01,1,388,卖盘
632,10:02:40,3.88,0.0,13,5044,买盘
633,10:02:46,3.88,0.0,10,3880,买盘
634,10:02:49,3.88,0.0,126,48888,买盘
635,10:02:52,3.87,-0.01,8,3096,卖盘
636,10:02:55,3.88,0.01,100,38800,买盘
637,10:02:58,3.88,0.0,66,25608,买盘
638,10:03:01,3.88,0.0,107,41482,买盘
639,10:03:04,3.87,-0.01,46,17842,卖盘
640,10:03:07,3.88,0.01,22,8536,买盘
641,10:03:10,3.87,-0.01,771,298889,卖盘
642,10:03:13,3.88,0.01,13,5044,买盘
643,10:03:16,3.88,0.0,14,5432,买盘
644,10:03:19,3.88,0.0,14,5430,买盘
645,10:03:22,3.87,-0.01,22,8514,卖盘
646,10:03:25,3.87,0.0,324,125660,卖盘
647,10:03:28,3.87,0.0,1,387,卖盘
648,10:03:31,3.87,0.0,164,63618,卖盘
649,10:03:34,3.87,0.0,16,6192,卖盘
650,10:03:37,3.88,0.01,15,5815,买盘
651,10:03:40,3.88,0.0,10,3880,买盘
652,10:03:43,3.87,-0.01,253,98005,卖盘
653,10:03:46,3.87,0.0,4,1548,卖盘
654,10:03:49,3.87,0.0,16,6192,卖盘
655,10:03:52,3.87,0.0,30,11627,卖盘
656,10:03:55,3.88,0.01,156,60392,买盘
657,10:03:58,3.88,0.0,30,11640,买盘
658,10:04:01,3.87,-0.01,273,105796,卖盘
659,10:04:04,3.87,0.0,150,58050,卖盘
660,10:04:07,3.88,0.01,57,22116,买盘
661,10:04:10,3.87,-0.01,50,19350,卖盘
662,10:04:13,3.87,0.0,57,22059,卖盘
663,10:04:16,3.87,0.0,66,25568,卖盘
664,10:04:19,3.88,0.01,35,13575,买盘
665,10:04:22,3.88,0.0,151,58488,买盘
666,10:04:25,3.88,0.0,84,32562,买盘
667,10:04:28,3.87,-0.01,91,35288,卖盘
668,10:04:31,3.88,0.01,279,108065,买盘
669,10:04:37,3.87,-0.01,30,11620,卖盘
670,10:04:40,3.88,0.01,20,7760,买盘
671,10:04:43,3.88,0.0,206,79928,买盘
672,10:04:46,3.88,0.0,370,143460,买盘
673,10:04:49,3.88,0.0,3,1164,买盘
674,10:04:52,3.88,0.0,766,297208,买盘
675,10:04:55,3.88,0.0,868,336764,买盘
676,10:04:58,3.88,0.0,338,131144,卖盘
677,10:05:01,3.88,0.0,94,36472,卖盘
678,10:05:05,3.88,0.0,246,95560,卖盘
679,10:05:07,3.89,0.01,627,243329,买盘
680,10:05:10,3.88,-0.01,3,1164,卖盘
681,10:05:13,3.88,0.0,540,210020,卖盘
682,10:05:16,3.89,0.01,316,122918,买盘
683,10:05:19,3.88,-0.01,27,10476,卖盘
684,10:05:22,3.89,0.01,3,1166,买盘
685,10:05:25,3.89,0.0,931,362096,买盘
686,10:05:28,3.89,0.0,1074,417779,买盘
687,10:05:31,3.89,0.0,42,16338,卖盘
688,10:05:37,3.89,0.0,119,46291,卖盘
689,10:05:39,3.89,0.0,249,97088,卖盘
690,10:05:43,3.9,0.01,335,130537,买盘
691,10:05:46,3.9,0.0,74,28860,买盘
692,10:05:49,3.9,0.0,745,290530,买盘
693,10:05:52,3.89,-0.01,407,158713,卖盘
694,10:05:55,3.9,0.01,62,24155,买盘
695,10:05:58,3.9,0.0,1367,533080,买盘
696,10:06:01,3.9,0.0,404,157560,买盘
697,10:06:04,3.9,0.0,283,110360,买盘
698,10:06:07,3.9,0.0,551,214890,买盘
699,10:06:10,3.9,0.0,494,192658,买盘
700,10:06:13,3.91,0.01,100,39100,买盘
701,10:06:16,3.9,-0.01,118,46068,卖盘
702,10:06:19,3.91,0.01,511,199800,买盘
703,10:06:22,3.9,-0.01,127,49557,卖盘
704,10:06:25,3.91,0.01,14,5474,买盘
705,10:06:28,3.91,0.0,357,139587,买盘
706,10:06:31,3.9,-0.01,306,119581,卖盘
707,10:06:34,3.91,0.01,216,84456,买盘
708,10:06:37,3.91,0.0,100,39100,卖盘
709,10:06:40,3.92,0.01,78,30561,买盘
710,10:06:43,3.92,0.0,59,23123,买盘
711,10:06:46,3.92,0.0,564,220878,买盘
712,10:06:49,3.92,0.0,103,40375,买盘
713,10:06:52,3.92,0.0,150,58694,买盘
714,10:06:55,3.92,0.0,269,105433,买盘
715,10:06:58,3.92,0.0,194,76018,买盘
716,10:07:01,3.92,0.0,297,116374,买盘
717,10:07:04,3.91,-0.01,605,237107,卖盘
718,10:07:07,3.92,0.01,277,108559,买盘
719,10:07:10,3.92,0.0,538,210881,买盘
720,10:07:13,3.92,0.0,84,32928,买盘
721,10:07:16,3.92,0.0,362,141886,买盘
722,10:07:19,3.92,0.0,6,2352,买盘
723,10:07:22,3.92,0.0,2220,869256,买盘
724,10:07:25,3.92,0.0,1386,542456,买盘
725,10:07:28,3.91,-0.01,43,16813,买盘
726,10:07:31,3.92,0.01,907,355273,买盘
727,10:07:34,3.92,0.0,113,44309,卖盘
728,10:07:37,3.92,0.0,23,9016,卖盘
729,10:07:40,3.92,0.0,98,38436,卖盘
730,10:07:43,3.92,0.0,101,39592,卖盘
731,10:07:46,3.92,0.0,866,340095,卖盘
732,10:07:49,3.92,0.0,357,139756,买盘
733,10:07:52,3.92,0.0,232,90961,卖盘
734,10:07:55,3.92,0.0,88,34504,卖盘
735,10:07:58,3.92,0.0,261,102550,卖盘
736,10:08:01,3.91,-0.01,2,782,卖盘
737,10:08:04,3.91,0.0,657,256912,卖盘
738,10:08:06,3.92,0.01,798,312796,买盘
739,10:08:10,3.91,-0.01,110,43020,卖盘
740,10:08:13,3.91,0.0,293,114583,卖盘
741,10:08:16,3.91,0.0,11,4301,买盘
742,10:08:19,3.91,0.0,18,7038,买盘
743,10:08:22,3.91,0.0,45,17595,买盘
744,10:08:25,3.91,0.0,60,23460,买盘
745,10:08:28,3.91,0.0,322,125782,买盘
746,10:08:31,3.91,0.0,444,173210,买盘
747,10:08:34,3.9,-0.01,103,40243,卖盘
748,10:08:37,3.9,0.0,16,6240,卖盘
749,10:08:40,3.9,0.0,108,42120,卖盘
750,10:08:43,3.91,0.01,45,17563,买盘
751,10:08:46,3.9,-0.01,738,287820,卖盘
752,10:08:49,3.91,0.01,9,3516,买盘
753,10:08:52,3.9,-0.01,575,224277,卖盘
754,10:08:55,3.9,0.0,10,3900,买盘
755,10:08:58,3.9,0.0,445,173155,买盘
756,10:09:01,3.9,0.0,128,49920,买盘
757,10:09:04,3.9,0.0,580,225727,买盘
758,10:09:07,3.89,-0.01,18,7002,卖盘
759,10:09:10,3.89,0.0,600,233425,卖盘
760,10:09:13,3.89,0.0,118,45902,买盘
761,10:09:25,3.88,-0.01,27,10496,卖盘
762,10:09:31,3.88,0.0,225,87300,卖盘
763,10:09:34,3.88,0.0,49,19013,卖盘
764,10:09:37,3.88,0.0,100,38800,卖盘
765,10:09:40,3.88,0.0,5,1943,卖盘
766,10:09:43,3.88,0.0,416,161408,卖盘
767,10:09:46,3.88,0.0,2,776,买盘
768,10:09:49,3.88,0.0,360,139370,买盘
769,10:09:52,3.89,0.01,300,116633,买盘
770,10:09:55,3.87,-0.02,38,14706,卖盘
771,10:09:58,3.88,0.01,207,80316,买盘
772,10:10:01,3.88,0.0,924,358512,买盘
773,10:10:04,3.88,0.0,16,6208,卖盘
774,10:10:07,3.88,0.0,11,4268,卖盘
775,10:10:10,3.88,0.0,162,62821,卖盘
776,10:10:13,3.88,0.0,49,19012,卖盘
777,10:10:16,3.88,0.0,75,29152,卖盘
778,10:10:19,3.88,0.0,184,71493,卖盘
779,10:10:22,3.88,0.0,135,52380,买盘
780,10:10:25,3.88,0.0,25,9700,买盘
781,10:10:28,3.88,0.0,88,34144,买盘
782,10:10:31,3.88,0.0,80,31040,卖盘
783,10:10:34,3.88,0.0,165,64050,卖盘
784,10:10:37,3.88,0.0,68,26384,买盘
785,10:10:40,3.88,0.0,73,28295,买盘
786,10:10:46,3.88,0.0,58,22504,买盘
787,10:10:48,3.87,-0.01,35,13545,卖盘
788,10:10:52,3.87,0.0,13,5039,卖盘
789,10:10:55,3.87,0.0,30,11630,卖盘
790,10:10:58,3.87,0.0,31,12004,卖盘
791,10:11:04,3.88,0.01,10,3880,买盘
792,10:11:07,3.88,0.0,150,58200,买盘
793,10:11:10,3.88,0.0,100,38800,买盘
794,10:11:13,3.88,0.0,25,9696,买盘
795,10:11:16,3.88,0.0,219,84757,买盘
796,10:11:22,3.88,0.0,187,72419,买盘
797,10:11:25,3.88,0.0,3,1164,买盘
798,10:11:28,3.87,-0.01,17,6579,卖盘
799,10:11:31,3.87,0.0,405,156755,卖盘
800,10:11:34,3.87,0.0,111,43022,卖盘
801,10:11:37,3.87,0.0,114,44118,卖盘
802,10:11:40,3.87,0.0,10,3870,卖盘
803,10:11:43,3.87,0.0,54,20898,卖盘
804,10:11:46,3.87,0.0,30,11639,卖盘
805,10:11:49,3.87,0.0,22,8514,卖盘
806,10:11:51,3.88,0.01,36,13964,买盘
807,10:11:55,3.87,-0.01,1138,440406,卖盘
808,10:11:58,3.88,0.01,10,3880,买盘
809,10:12:01,3.88,0.0,201,77888,买盘
810,10:12:04,3.87,-0.01,83,32121,卖盘
811,10:12:07,3.87,0.0,53,20524,卖盘
812,10:12:10,3.88,0.01,272,105536,买盘
813,10:12:13,3.87,-0.01,9,3483,卖盘
814,10:12:16,3.87,0.0,2,774,卖盘
815,10:12:19,3.87,0.0,32,12384,卖盘
816,10:12:22,3.88,0.01,289,112092,买盘
817,10:12:25,3.87,-0.01,134,51858,卖盘
818,10:12:27,3.87,0.0,50,19350,卖盘
819,10:12:31,3.87,0.0,51,19737,卖盘
820,10:12:34,3.88,0.01,255,98795,买盘
821,10:12:37,3.88,0.0,477,184754,买盘
822,10:12:40,3.87,-0.01,13,5031,卖盘
823,10:12:43,3.87,0.0,467,180769,卖盘
824,10:12:46,3.88,0.01,5,1940,买盘
825,10:12:49,3.87,-0.01,70,27141,卖盘
826,10:12:52,3.88,0.01,64,24818,买盘
827,10:12:55,3.87,-0.01,797,308439,卖盘
828,10:13:04,3.87,0.0,73,28251,卖盘
829,10:13:07,3.87,0.0,165,63855,卖盘
830,10:13:10,3.87,0.0,156,60373,卖盘
831,10:13:13,3.87,0.0,1024,396388,卖盘
832,10:13:16,3.87,0.0,73,28251,卖盘
833,10:13:19,3.87,0.0,63,24384,卖盘
834,10:13:22,3.88,0.01,174,67498,买盘
835,10:13:25,3.87,-0.01,125,48440,卖盘
836,10:13:31,3.87,0.0,100,38700,卖盘
837,10:13:34,3.88,0.01,303,117416,买盘
838,10:13:37,3.87,-0.01,16,6192,卖盘
839,10:13:39,3.87,0.0,136,52632,卖盘
840,10:13:43,3.87,0.0,4,1548,卖盘
841,10:13:46,3.87,0.0,89,34443,卖盘
842,10:13:49,3.88,0.01,250,96850,买盘
843,10:13:52,3.88,0.0,20,7760,买盘
844,10:13:55,3.88,0.0,2,776,买盘
845,10:14:01,3.88,0.0,219,84782,买盘
846,10:14:04,3.87,-0.01,44,17059,卖盘
847,10:14:10,3.87,0.0,132,51084,卖盘
848,10:14:13,3.88,0.01,36,13968,买盘
849,10:14:19,3.87,-0.01,183,70954,卖盘
850,10:14:22,3.87,0.0,28,10844,卖盘
851,10:14:25,3.88,0.01,55,21325,买盘
852,10:14:31,3.87,-0.01,2,774,卖盘
853,10:14:40,3.87,0.0,23,8901,卖盘
854,10:14:43,3.88,0.01,41,15908,买盘
855,10:14:49,3.88,0.0,1334,516808,买盘
856,10:14:52,3.87,-0.01,12,4647,卖盘
857,10:14:55,3.88,0.01,82,31764,买盘
858,10:14:58,3.87,-0.01,81,31347,卖盘
859,10:15:01,3.88,0.01,83,32204,买盘
860,10:15:04,3.88,0.0,5,1940,买盘
861,10:15:07,3.88,0.0,6,2328,买盘
862,10:15:10,3.87,-0.01,10,3870,卖盘
863,10:15:13,3.88,0.01,8,3104,买盘
864,10:15:16,3.87,-0.01,31,11997,卖盘
865,10:15:19,3.87,0.0,164,63512,卖盘
866,10:15:22,3.88,0.01,100,38800,买盘
867,10:15:25,3.88,0.0,120,46550,买盘
868,10:15:28,3.88,0.0,220,85360,买盘
869,10:15:31,3.88,0.0,252,97585,买盘
870,10:15:34,3.88,0.0,232,90016,买盘
871,10:15:37,3.88,0.0,285,110580,买盘
872,10:15:40,3.88,0.0,55,21340,买盘
873,10:15:43,3.88,0.0,786,304968,买盘
874,10:15:46,3.88,0.0,237,91956,买盘
875,10:15:49,3.88,0.0,108,41904,买盘
876,10:15:52,3.87,-0.01,24,9308,卖盘
877,10:15:55,3.88,0.01,30,11454,买盘
878,10:15:58,3.88,0.0,20,7760,卖盘
879,10:16:04,3.88,0.0,8,3104,卖盘
880,10:16:07,3.88,0.0,65,25220,卖盘
881,10:16:13,3.88,0.0,17,6596,卖盘
882,10:16:19,3.88,0.0,80,31070,卖盘
883,10:16:22,3.88,0.0,122,47414,卖盘
884,10:16:25,3.88,0.0,230,89240,卖盘
885,10:16:34,3.89,0.01,80,31120,买盘
886,10:16:40,3.88,-0.01,461,178868,卖盘
887,10:16:43,3.89,0.01,25,9725,买盘
888,10:16:46,3.88,-0.01,200,77600,卖盘
889,10:16:52,3.88,0.0,20,7760,卖盘
890,10:16:55,3.89,0.01,22,8538,买盘
891,10:16:58,3.88,-0.01,1222,474322,卖盘
892,10:17:01,3.88,0.0,1,388,买盘
893,10:17:07,3.88,0.0,48,18612,买盘
894,10:17:10,3.88,0.0,225,87300,买盘
895,10:17:13,3.88,0.0,55,21340,买盘
896,10:17:16,3.88,0.0,612,237456,买盘
897,10:17:19,3.88,0.0,19,7372,买盘
898,10:17:22,3.87,-0.01,40,15490,卖盘
899,10:17:28,3.88,0.01,5,1940,买盘
900,10:17:34,3.87,-0.01,7,2709,卖盘
901,10:17:37,3.88,0.01,30,11640,买盘
902,10:17:40,3.87,-0.01,19,7361,卖盘
903,10:17:43,3.88,0.01,79,30652,买盘
904,10:17:46,3.88,0.0,1,388,买盘
905,10:17:55,3.87,-0.01,235,91045,卖盘
906,10:17:58,3.88,0.01,10,3880,买盘
907,10:18:04,3.88,0.0,30,11640,买盘
908,10:18:10,3.88,0.0,111,43068,买盘
909,10:18:13,3.87,-0.01,55,21285,卖盘
910,10:18:16,3.88,0.01,30,11640,买盘
911,10:18:19,3.88,0.0,15,5820,买盘
912,10:18:25,3.87,-0.01,50,19350,卖盘
913,10:18:28,3.87,0.0,23,8923,卖盘
914,10:18:31,3.87,0.0,23,8901,卖盘
915,10:18:37,3.88,0.01,16,6208,买盘
916,10:18:40,3.87,-0.01,12,4644,卖盘
917,10:18:43,3.88,0.01,120,46460,买盘
918,10:18:52,3.87,-0.01,41,15867,卖盘
919,10:18:55,3.87,0.0,100,38700,卖盘
920,10:18:58,3.88,0.01,527,204467,买盘
921,10:19:01,3.88,0.0,210,81480,买盘
922,10:19:04,3.87,-0.01,20,7740,卖盘
923,10:19:07,3.87,0.0,1111,429957,卖盘
924,10:19:10,3.87,0.0,186,71982,卖盘
925,10:19:13,3.87,0.0,12,4645,卖盘
926,10:19:16,3.87,0.0,15,5805,卖盘
927,10:19:22,3.87,0.0,262,101394,卖盘
928,10:19:25,3.87,0.0,5,1935,卖盘
929,10:19:28,3.87,0.0,11,4257,卖盘
930,10:19:30,3.88,0.01,23,8913,买盘
931,10:19:37,3.87,-0.01,542,209754,卖盘
932,10:19:40,3.87,0.0,40,15480,卖盘
933,10:19:43,3.87,0.0,22,8514,卖盘
934,10:19:46,3.87,0.0,51,19737,卖盘
935,10:19:49,3.87,0.0,82,31734,卖盘
936,10:19:52,3.87,0.0,332,128298,卖盘
937,10:19:55,3.87,0.0,50,19350,买盘
938,10:19:58,3.87,0.0,4,1548,买盘
939,10:20:01,3.86,-0.01,10,3860,卖盘
940,10:20:07,3.86,0.0,205,79130,卖盘
941,10:20:10,3.87,0.01,75,29025,买盘
942,10:20:13,3.86,-0.01,51,19686,卖盘
943,10:20:16,3.87,0.01,10,3870,买盘
944,10:20:21,3.86,-0.01,81,31266,卖盘
945,10:20:31,3.86,0.0,409,157874,卖盘
946,10:20:34,3.87,0.01,600,232200,买盘
947,10:20:40,3.87,0.0,10,3870,买盘
948,10:20:43,3.86,-0.01,114,44004,卖盘
949,10:20:46,3.86,0.0,33,12738,卖盘
950,10:20:48,3.86,0.0,11,4247,卖盘
951,10:20:52,3.86,0.0,10,3860,卖盘
952,10:20:54,3.87,0.01,27,10449,买盘
953,10:20:58,3.86,-0.01,237,91494,卖盘
954,10:21:01,3.86,0.0,391,150926,卖盘
955,10:21:05,3.86,0.0,8,3088,卖盘
956,10:21:07,3.87,0.01,1614,623218,买盘
957,10:21:09,3.87,0.0,207,79922,买盘
958,10:21:13,3.86,-0.01,21,8106,卖盘
959,10:21:16,3.86,0.0,13,5018,卖盘
960,10:21:19,3.86,0.0,79,30533,卖盘
961,10:21:22,3.86,0.0,86,33201,卖盘
962,10:21:25,3.86,0.0,100,38600,卖盘
963,10:21:28,3.86,0.0,52,20072,卖盘
964,10:21:34,3.86,0.0,331,127776,卖盘
965,10:21:37,3.87,0.01,54,20858,买盘
966,10:21:40,3.86,-0.01,28,10808,卖盘
967,10:21:46,3.86,0.0,77,29722,卖盘
968,10:21:49,3.86,0.0,53,20458,卖盘
969,10:21:52,3.86,0.0,80,30880,卖盘
970,10:21:55,3.86,0.0,100,38600,卖盘
971,10:22:01,3.86,0.0,20,7720,卖盘
972,10:22:07,3.86,0.0,26,10036,卖盘
973,10:22:10,3.87,0.01,26,10062,买盘
974,10:22:13,3.86,-0.01,60,23160,卖盘
975,10:22:16,3.86,0.0,80,30880,卖盘
976,10:22:19,3.87,0.01,10,3870,买盘
977,10:22:25,3.86,-0.01,118,45549,卖盘
978,10:22:28,3.87,0.01,190,73460,买盘
979,10:22:31,3.86,-0.01,93,35986,卖盘
980,10:22:34,3.87,0.01,5,1935,买盘
981,10:22:37,3.86,-0.01,15,5790,卖盘
982,10:22:39,3.86,0.0,523,201879,卖盘
983,10:22:42,3.87,0.01,20,7740,买盘
984,10:22:46,3.86,-0.01,115,44440,卖盘
985,10:22:49,3.86,0.0,31,11966,卖盘
986,10:22:52,3.86,0.0,180,69279,卖盘
987,10:22:54,3.86,0.0,112,43232,买盘
988,10:22:58,3.86,0.0,2130,824122,买盘
989,10:23:01,3.86,0.0,184,71024,买盘
990,10:23:10,3.86,0.0,5,1930,卖盘
991,10:23:22,3.87,0.01,3,1161,买盘
992,10:23:24,3.86,-0.01,10,3860,卖盘
993,10:23:28,3.87,0.01,10,3865,买盘
994,10:23:31,3.87,0.0,110,42550,买盘
995,10:23:34,3.86,-0.01,31,11966,卖盘
996,10:23:37,3.87,0.01,26,10058,买盘
997,10:23:40,3.86,-0.01,168,64848,卖盘
998,10:23:46,3.87,0.01,101,39087,买盘
999,10:23:52,3.87,0.0,100,38700,买盘
1000,10:23:55,3.86,-0.01,48,18528,卖盘
1001,10:23:58,3.86,0.0,136,52496,卖盘
1002,10:24:00,3.87,0.01,10,3870,买盘
1003,10:24:04,3.86,-0.01,68,26248,卖盘
1004,10:24:07,3.87,0.01,5,1935,买盘
1005,10:24:09,3.87,0.0,124,47988,买盘
1006,10:24:13,3.86,-0.01,16,6176,卖盘
1007,10:24:16,3.87,0.01,50,19350,买盘
1008,10:24:19,3.87,0.0,3,1161,买盘
1009,10:24:28,3.86,-0.01,30,11580,卖盘
1010,10:24:40,3.87,0.01,35,13525,买盘
1011,10:24:42,3.86,-0.01,100,38600,卖盘
1012,10:24:46,3.86,0.0,16,6176,卖盘
1013,10:24:55,3.87,0.01,1,387,买盘
1014,10:24:58,3.86,-0.01,32,12352,卖盘
1015,10:25:01,3.86,0.0,10,3860,卖盘
1016,10:25:04,3.86,0.0,37,14282,卖盘
1017,10:25:07,3.86,0.0,27,10422,卖盘
1018,10:25:13,3.87,0.01,20,7740,买盘
1019,10:25:22,3.87,0.0,54,20898,买盘
1020,10:25:25,3.86,-0.01,230,88780,卖盘
1021,10:25:34,3.86,0.0,151,58436,卖盘
1022,10:25:39,3.86,0.0,151,58386,卖盘
1023,10:25:42,3.87,0.01,25,9675,买盘
1024,10:25:45,3.86,-0.01,11,4246,卖盘
1025,10:25:48,3.86,0.0,20,7720,卖盘
1026,10:26:01,3.86,0.0,12,4632,卖盘
1027,10:26:04,3.86,0.0,1,386,卖盘
1028,10:26:07,3.86,0.0,95,36679,卖盘
1029,10:26:10,3.86,0.0,18,6948,卖盘
1030,10:26:13,3.86,0.0,20,7720,卖盘
1031,10:26:16,3.86,0.0,42,16212,卖盘
1032,10:26:25,3.86,0.0,200,77200,卖盘
1033,10:26:28,3.86,0.0,9,3474,卖盘
1034,10:26:31,3.87,0.01,11,4257,买盘
1035,10:26:34,3.86,-0.01,7,2702,卖盘
1036,10:26:40,3.86,0.0,100,38600,卖盘
1037,10:26:46,3.86,0.0,50,19300,卖盘
1038,10:26:51,3.87,0.01,51,19726,买盘
1039,10:26:55,3.87,0.0,40,15480,买盘
1040,10:26:58,3.87,0.0,20,7740,买盘
1041,10:27:04,3.87,0.0,51,19737,买盘
1042,10:27:07,3.86,-0.01,540,208930,卖盘
1043,10:27:10,3.87,0.01,23,8881,买盘
1044,10:27:16,3.87,0.0,9,3483,买盘
1045,10:27:21,3.86,-0.01,5,1930,卖盘
1046,10:27:25,3.87,0.01,91,35217,买盘
1047,10:27:28,3.87,0.0,46,17802,买盘
1048,10:27:31,3.86,-0.01,56,21616,卖盘
1049,10:27:34,3.86,0.0,204,78928,卖盘
1050,10:27:40,3.87,0.01,763,295274,买盘
1051,10:27:46,3.87,0.0,110,42570,卖盘
1052,10:27:52,3.87,0.0,8,3096,卖盘
1053,10:27:55,3.87,0.0,6,2322,卖盘
1054,10:27:58,3.88,0.01,30,11640,买盘
1055,10:28:01,3.88,0.0,100,38800,买盘
1056,10:28:04,3.87,-0.01,45,17415,卖盘
1057,10:28:07,3.88,0.01,243,94141,买盘
1058,10:28:10,3.87,-0.01,20,7740,卖盘
1059,10:28:13,3.88,0.01,41,15908,买盘
1060,10:28:16,3.87,-0.01,2,774,卖盘
1061,10:28:19,3.88,0.01,75,29100,买盘
1062,10:28:22,3.87,-0.01,105,40635,卖盘
1063,10:28:25,3.88,0.01,8,3104,买盘
1064,10:28:28,3.88,0.0,2,776,买盘
1065,10:28:31,3.87,-0.01,3,1161,卖盘
1066,10:28:34,3.87,0.0,5,1935,卖盘
1067,10:28:37,3.88,0.01,39,15132,买盘
1068,10:28:40,3.88,0.0,2,776,买盘
1069,10:28:46,3.88,0.0,1,388,买盘
1070,10:28:49,3.87,-0.01,1015,392564,卖盘
1071,10:28:52,3.87,0.0,179,69273,买盘
1072,10:28:55,3.87,0.0,10,3870,买盘
1073,10:29:04,3.87,0.0,49,18963,买盘
1074,10:29:06,3.88,0.01,12,4654,买盘
1075,10:29:10,3.87,-0.01,10,3870,卖盘
1076,10:29:13,3.87,0.0,6,2322,卖盘
1077,10:29:16,3.87,0.0,52,20126,卖盘
1078,10:29:19,3.88,0.01,263,101831,买盘
1079,10:29:22,3.87,-0.01,10,3870,卖盘
1080,10:29:25,3.88,0.01,100,38800,买盘
1081,10:29:31,3.88,0.0,15,5810,买盘
1082,10:29:34,3.88,0.0,48,18624,买盘
1083,10:29:37,3.87,-0.01,71,27477,卖盘
1084,10:29:40,3.88,0.01,50,19400,买盘
1085,10:29:43,3.87,-0.01,143,55341,卖盘
1086,10:29:46,3.88,0.01,196,76045,买盘
1087,10:29:54,3.88,0.0,415,160993,买盘
1088,10:29:57,3.88,0.0,78,30250,买盘
1089,10:30:04,3.88,0.0,862,334456,买盘
1090,10:30:07,3.88,0.0,15,5820,买盘
1091,10:30:10,3.87,-0.01,58,22489,卖盘
1092,10:30:12,3.88,0.01,404,156752,买盘
1093,10:30:16,3.88,0.0,20,7746,买盘
1094,10:30:18,3.88,0.0,133,51604,买盘
1095,10:30:21,3.88,0.0,229,88812,买盘
1096,10:30:25,3.88,0.0,425,164900,买盘
1097,10:30:34,3.88,0.0,58,22504,卖盘
1098,10:30:37,3.89,0.01,73,28354,买盘
1099,10:30:40,3.89,0.0,24,9336,买盘
1100,10:30:43,3.88,-0.01,10,3880,卖盘
1101,10:30:46,3.89,0.01,162,62912,买盘
1102,10:30:49,3.88,-0.01,155,60175,卖盘
1103,10:30:52,3.89,0.01,168,65352,买盘
1104,10:30:58,3.89,0.0,15,5835,买盘
1105,10:31:01,3.89,0.0,145,56305,买盘
1106,10:31:05,3.89,0.0,31,12059,买盘
1107,10:31:07,3.89,0.0,1043,405727,买盘
1108,10:31:13,3.89,0.0,1,389,买盘
1109,10:31:16,3.89,0.0,48,18672,买盘
1110,10:31:19,3.89,0.0,2,778,买盘
1111,10:31:22,3.89,0.0,240,93320,买盘
1112,10:31:25,3.89,0.0,171,66519,买盘
1113,10:31:28,3.89,0.0,311,120979,买盘
1114,10:31:31,3.89,0.0,79,30731,买盘
1115,10:31:34,3.89,0.0,12,4668,卖盘
1116,10:31:37,3.89,0.0,20,7789,卖盘
1117,10:31:40,3.9,0.01,17,6630,买盘
1118,10:31:51,3.9,0.0,12,4680,买盘
1119,10:31:54,3.9,0.0,1821,710190,买盘
1120,10:31:58,3.9,0.0,312,121680,买盘
1121,10:32:01,3.89,-0.01,14,5450,卖盘
1122,10:32:04,3.9,0.01,12,4675,买盘
1123,10:32:07,3.91,0.01,5,1955,买盘
1124,10:32:10,3.91,0.0,60,23460,买盘
1125,10:32:15,3.91,0.0,159,62158,买盘
1126,10:32:19,3.91,0.0,50,19550,买盘
1127,10:32:25,3.91,0.0,139,54349,买盘
1128,10:32:28,3.9,-0.01,437,170812,卖盘
1129,10:32:31,3.91,0.01,600,234600,买盘
1130,10:32:34,3.91,0.0,1,391,买盘
1131,10:32:37,3.91,0.0,1066,416806,买盘
1132,10:32:43,3.91,0.0,283,110653,卖盘
1133,10:32:46,3.92,0.01,199,77834,买盘
1134,10:32:48,3.91,-0.01,85,33286,卖盘
1135,10:32:52,3.91,0.0,45,17595,卖盘
1136,10:32:55,3.91,0.0,20,7820,卖盘
1137,10:32:58,3.91,0.0,169,66186,卖盘
1138,10:33:01,3.92,0.01,276,108192,买盘
1139,10:33:04,3.91,-0.01,82,32062,卖盘
1140,10:33:07,3.92,0.01,2113,828292,买盘
1141,10:33:10,3.92,0.0,90,35280,买盘
1142,10:33:12,3.91,-0.01,352,137689,卖盘
1143,10:33:16,3.91,0.0,12,4692,卖盘
1144,10:33:19,3.92,0.01,10,3920,买盘
1145,10:33:22,3.92,0.0,732,287171,买盘
1146,10:33:25,3.92,0.0,25,9800,买盘
1147,10:33:28,3.92,0.0,51,19992,买盘
1148,10:33:31,3.92,0.0,367,143864,买盘
1149,10:33:34,3.92,0.0,116,45472,买盘
1150,10:33:37,3.92,0.0,68,26656,买盘
1151,10:33:40,3.92,0.0,556,217942,买盘
1152,10:33:43,3.92,0.0,462,181104,买盘
1153,10:33:46,3.92,0.0,555,217560,卖盘
1154,10:33:48,3.92,0.0,302,118518,卖盘
1155,10:33:51,3.92,0.0,40,15680,买盘
1156,10:33:55,3.93,0.01,744,292087,买盘
1157,10:33:58,3.92,-0.01,21,8232,卖盘
1158,10:34:01,3.93,0.01,3,1179,买盘
1159,10:34:04,3.92,-0.01,57,22346,卖盘
1160,10:34:07,3.92,0.0,40,15714,卖盘
1161,10:34:10,3.93,0.01,147,57724,买盘
1162,10:34:13,3.92,-0.01,113,44322,卖盘
1163,10:34:16,3.92,0.0,268,105284,卖盘
1164,10:34:19,3.93,0.01,131,51366,买盘
1165,10:34:21,3.92,-0.01,111,43512,卖盘
1166,10:34:25,3.92,0.0,225,88200,卖盘
1167,10:34:27,3.93,0.01,163,63907,买盘
1168,10:34:31,3.93,0.0,116,45528,买盘
1169,10:34:34,3.92,-0.01,2,784,买盘
1170,10:34:37,3.92,0.0,80,31360,买盘
1171,10:34:43,3.91,-0.01,212,83098,卖盘
1172,10:34:46,3.91,0.0,235,91900,卖盘
1173,10:34:49,3.92,0.01,200,78400,买盘
1174,10:34:52,3.91,-0.01,1,391,卖盘
1175,10:34:54,3.91,0.0,50,19550,卖盘
1176,10:34:57,3.92,0.01,9,3523,买盘
1177,10:35:00,3.92,0.0,321,125832,买盘
1178,10:35:04,3.91,-0.01,88,34466,卖盘
1179,10:35:06,3.91,0.0,13,5083,卖盘
1180,10:35:10,3.91,0.0,150,58750,卖盘
1181,10:35:13,3.91,0.0,233,91216,卖盘
1182,10:35:16,3.91,0.0,14,5474,卖盘
1183,10:35:19,3.91,0.0,33,12903,卖盘
1184,10:35:22,3.91,0.0,175,68425,买盘
1185,10:35:25,3.91,0.0,67,26197,买盘
1186,10:35:28,3.91,0.0,100,39100,买盘
1187,10:35:31,3.9,-0.01,487,190000,卖盘
1188,10:35:37,3.91,0.01,143,55813,买盘
1189,10:35:40,3.9,-0.01,186,72671,卖盘
1190,10:35:46,3.91,0.01,247,96450,买盘
1191,10:35:49,3.9,-0.01,104,40652,卖盘
1192,10:35:52,3.91,0.01,20,7820,买盘
1193,10:35:58,3.9,-0.01,10,3900,卖盘
1194,10:36:01,3.91,0.01,100,39100,买盘
1195,10:36:04,3.9,-0.01,49,19110,卖盘
1196,10:36:07,3.9,0.0,123,47970,卖盘
1197,10:36:10,3.9,0.0,360,140400,卖盘
1198,10:36:13,3.91,0.01,30,11730,买盘
1199,10:36:16,3.91,0.0,12,4692,买盘
1200,10:36:18,3.9,-0.01,7,2730,卖盘
1201,10:36:21,3.91,0.01,25,9765,买盘
1202,10:36:24,3.91,0.0,153,59823,买盘
1203,10:36:31,3.9,-0.01,160,62430,卖盘
1204,10:36:34,3.91,0.01,401,156456,买盘
1205,10:36:37,3.9,-0.01,105,40950,卖盘
1206,10:36:40,3.9,0.0,53,20712,卖盘
1207,10:36:43,3.9,0.0,27,10530,卖盘
1208,10:36:46,3.9,0.0,150,58500,卖盘
1209,10:36:49,3.9,0.0,148,57718,卖盘
1210,10:36:52,3.91,0.01,91,35519,买盘
1211,10:37:04,3.9,-0.01,32,12480,买盘
1212,10:37:07,3.9,0.0,50,19500,买盘
1213,10:37:09,3.9,0.0,131,51090,买盘
1214,10:37:13,3.9,0.0,3,1170,买盘
1215,10:37:16,3.9,0.0,45,17550,买盘
1216,10:37:19,3.9,0.0,30,11700,买盘
1217,10:37:22,3.89,-0.01,1,389,卖盘
1218,10:37:25,3.9,0.01,1,390,买盘
1219,10:37:28,3.89,-0.01,100,38900,卖盘
1220,10:37:31,3.89,0.0,20,7780,卖盘
1221,10:37:33,3.89,0.0,33,12837,卖盘
1222,10:37:37,3.89,0.0,30,11670,卖盘
1223,10:37:40,3.89,0.0,45,17505,卖盘
1224,10:37:43,3.89,0.0,75,29175,卖盘
1225,10:37:46,3.89,0.0,10,3890,卖盘
1226,10:37:49,3.89,0.0,8,3112,卖盘
1227,10:37:55,3.89,0.0,32,12448,卖盘
1228,10:37:58,3.89,0.0,83,32287,卖盘
1229,10:38:01,3.89,0.0,246,95694,卖盘
1230,10:38:04,3.89,0.0,1055,411395,卖盘
1231,10:38:06,3.89,0.0,9,3501,卖盘
1232,10:38:10,3.89,0.0,13,5057,卖盘
1233,10:38:13,3.89,0.0,367,142883,卖盘
1234,10:38:19,3.89,0.0,6,2334,卖盘
1235,10:38:22,3.88,-0.01,134,52075,卖盘
1236,10:38:25,3.9,0.02,39,15210,买盘
1237,10:38:28,3.89,-0.01,8,3112,卖盘
1238,10:38:31,3.89,0.0,42,16338,买盘
1239,10:38:34,3.89,0.0,11,4279,卖盘
1240,10:38:37,3.9,0.01,191,74293,买盘
1241,10:38:40,3.9,0.0,30,11700,买盘
1242,10:38:43,3.89,-0.01,12,4668,卖盘
1243,10:38:45,3.88,-0.01,27,10494,卖盘
1244,10:38:48,3.9,0.02,10,3895,买盘
1245,10:38:51,3.89,-0.01,9,3501,中性盘
1246,10:38:55,3.89,0.0,7,2723,卖盘
1247,10:39:01,3.89,0.0,25,9725,卖盘
1248,10:39:04,3.89,0.0,57,22173,卖盘
1249,10:39:07,3.9,0.01,75,29190,买盘
1250,10:39:13,3.9,0.0,50,19470,买盘
1251,10:39:16,3.9,0.0,504,196556,买盘
1252,10:39:22,3.88,-0.02,120,46646,卖盘
1253,10:39:25,3.9,0.02,234,91209,买盘
1254,10:39:31,3.89,-0.01,80,31120,买盘
1255,10:39:34,3.9,0.01,77,29993,买盘
1256,10:39:37,3.88,-0.02,11,4268,卖盘
1257,10:39:40,3.89,0.01,36,14004,买盘
1258,10:39:43,3.89,0.0,19,7391,买盘
1259,10:39:46,3.89,0.0,8,3112,买盘
1260,10:39:49,3.89,0.0,40,15560,买盘
1261,10:39:52,3.89,0.0,24,9336,买盘
1262,10:39:55,3.88,-0.01,77,29876,卖盘
1263,10:39:58,3.89,0.01,212,82300,买盘
1264,10:40:00,3.89,0.0,30,11670,买盘
1265,10:40:05,3.88,-0.01,1,388,卖盘
1266,10:40:07,3.89,0.01,10,3890,买盘
1267,10:40:19,3.89,0.0,25,9723,买盘
1268,10:40:22,3.89,0.0,432,167837,买盘
1269,10:40:28,3.89,0.0,3,1167,买盘
1270,10:40:30,3.88,-0.01,150,58200,卖盘
1271,10:40:37,3.89,0.01,30,11670,买盘
1272,10:40:40,3.88,-0.01,200,77600,卖盘
1273,10:40:52,3.88,0.0,102,39576,卖盘
1274,10:40:54,3.88,0.0,13,5044,卖盘
1275,10:41:01,3.88,0.0,101,39189,卖盘
1276,10:41:04,3.89,0.01,5,1945,买盘
1277,10:41:10,3.89,0.0,31,12039,买盘
1278,10:41:13,3.89,0.0,124,48212,买盘
1279,10:41:22,3.89,0.0,53,20617,买盘
1280,10:41:25,3.89,0.0,5,1945,卖盘
1281,10:41:28,3.89,0.0,13,5057,卖盘
1282,10:41:31,3.89,0.0,10,3890,卖盘
1283,10:41:37,3.89,0.0,28,10892,卖盘
1284,10:41:42,3.89,0.0,57,22173,卖盘
1285,10:41:46,3.9,0.01,2,780,买盘
1286,10:41:49,3.89,-0.01,42,16348,卖盘
1287,10:41:52,3.89,0.0,24,9336,卖盘
1288,10:41:55,3.89,0.0,61,23729,卖盘
1289,10:41:58,3.89,0.0,9,3501,卖盘
1290,10:42:01,3.89,0.0,20,7780,卖盘
1291,10:42:04,3.89,0.0,500,194500,卖盘
1292,10:42:07,3.89,0.0,55,21395,卖盘
1293,10:42:10,3.89,0.0,100,38900,卖盘
1294,10:42:13,3.89,0.0,19,7391,卖盘
1295,10:42:16,3.9,0.01,11,4290,买盘
1296,10:42:19,3.89,-0.01,132,51348,卖盘
1297,10:42:25,3.89,0.0,183,71187,卖盘
1298,10:42:28,3.89,0.0,15,5840,卖盘
1299,10:42:31,3.89,0.0,65,25285,卖盘
1300,10:42:34,3.89,0.0,24,9336,卖盘
1301,10:42:40,3.89,0.0,321,124869,卖盘
1302,10:42:43,3.89,0.0,50,19450,卖盘
1303,10:42:49,3.9,0.01,81,31537,买盘
1304,10:42:51,3.9,0.0,800,312000,买盘
1305,10:42:55,3.89,-0.01,30,11670,卖盘
1306,10:42:58,3.9,0.01,10,3900,买盘
1307,10:43:01,3.9,0.0,800,312000,买盘
1308,10:43:06,3.9,0.0,775,302210,买盘
1309,10:43:09,3.9,0.0,320,124800,卖盘
1310,10:43:13,3.9,0.0,70,27300,卖盘
1311,10:43:16,3.9,0.0,35,13650,卖盘
1312,10:43:19,3.9,0.0,91,35490,卖盘
1313,10:43:22,3.9,0.0,18,7020,卖盘
1314,10:43:25,3.9,0.0,46,17940,卖盘
1315,10:43:28,3.91,0.01,38,14853,买盘
1316,10:43:31,3.91,0.0,37,14467,买盘
1317,10:43:34,3.9,-0.01,104,40560,卖盘
1318,10:43:43,3.9,0.0,30,11700,卖盘
1319,10:43:49,3.9,0.0,40,15600,卖盘
1320,10:43:52,3.91,0.01,666,259812,买盘
1321,10:44:01,3.9,-0.01,95,37060,卖盘
1322,10:44:04,3.91,0.01,12,4690,买盘
1323,10:44:07,3.9,-0.01,298,116220,卖盘
1324,10:44:10,3.9,0.0,10,3900,卖盘
1325,10:44:13,3.9,0.0,269,104910,卖盘
1326,10:44:16,3.91,0.01,500,195054,买盘
1327,10:44:25,3.9,-0.01,17,6630,卖盘
1328,10:44:28,3.9,0.0,11,4290,卖盘
1329,10:44:31,3.9,0.0,42,16380,卖盘
1330,10:44:34,3.9,0.0,77,30035,卖盘
1331,10:44:37,3.9,0.0,5,1950,卖盘
1332,10:44:40,3.9,0.0,20,7800,买盘
1333,10:44:43,3.9,0.0,5,1950,买盘
1334,10:44:46,3.9,0.0,93,36270,买盘
1335,10:44:51,3.9,0.0,228,88920,买盘
1336,10:44:58,3.9,0.0,135,52650,买盘
1337,10:45:01,3.9,0.0,175,68250,买盘
1338,10:45:10,3.9,0.0,90,35072,买盘
1339,10:45:13,3.9,0.0,1,390,买盘
1340,10:45:16,3.89,-0.01,83,32367,卖盘
1341,10:45:19,3.9,0.01,35,13650,买盘
1342,10:45:21,3.9,0.0,4,1560,买盘
1343,10:45:25,3.9,0.0,1583,617370,买盘
1344,10:45:28,3.9,0.0,21,8190,卖盘
1345,10:45:30,3.9,0.0,102,39780,卖盘
1346,10:45:34,3.91,0.01,28,10930,买盘
1347,10:45:40,3.9,-0.01,20,7800,卖盘
1348,10:45:43,3.9,0.0,137,53543,卖盘
1349,10:45:46,3.9,0.0,158,61726,卖盘
1350,10:45:49,3.9,0.0,1,390,卖盘
1351,10:45:51,3.91,0.01,37,14467,买盘
1352,10:45:55,3.91,0.0,29,11339,买盘
1353,10:45:58,3.9,-0.01,45,17550,卖盘
1354,10:46:01,3.9,0.0,215,83870,卖盘
1355,10:46:04,3.9,0.0,1,390,卖盘
1356,10:46:07,3.9,0.0,2,780,卖盘
1357,10:46:10,3.91,0.01,1,391,买盘
1358,10:46:13,3.9,-0.01,2,780,卖盘
1359,10:46:16,3.9,0.0,12,4680,卖盘
1360,10:46:19,3.9,0.0,212,82680,卖盘
1361,10:46:21,3.9,0.0,28,10920,卖盘
1362,10:46:24,3.9,0.0,125,48750,卖盘
1363,10:46:31,3.9,0.0,65,25350,买盘
1364,10:46:34,3.9,0.0,10,3900,买盘
1365,10:46:37,3.9,0.0,53,20670,买盘
1366,10:46:40,3.9,0.0,9,3510,买盘
1367,10:46:43,3.9,0.0,10,3900,买盘
1368,10:46:55,3.9,0.0,10,3900,买盘
1369,10:46:58,3.89,-0.01,55,21395,卖盘
1370,10:47:09,3.9,0.01,62,24180,买盘
1371,10:47:18,3.89,-0.01,17,6613,卖盘
1372,10:47:21,3.89,0.0,18,7002,卖盘
1373,10:47:34,3.9,0.01,5,1950,买盘
1374,10:47:37,3.9,0.0,61,23779,买盘
1375,10:47:40,3.89,-0.01,10,3890,卖盘
1376,10:47:42,3.9,0.01,201,78389,买盘
1377,10:47:46,3.89,-0.01,84,32676,卖盘
1378,10:47:52,3.89,0.0,17,6613,卖盘
1379,10:47:55,3.9,0.01,95,37050,买盘
1380,10:47:58,3.89,-0.01,191,74299,卖盘
1381,10:48:01,3.89,0.0,18,7002,卖盘
1382,10:48:04,3.9,0.01,10,3900,买盘
1383,10:48:13,3.9,0.0,124,48360,买盘
1384,10:48:25,3.9,0.0,1,390,买盘
1385,10:48:28,3.9,0.0,50,19500,买盘
1386,10:48:34,3.9,0.0,43,16770,买盘
1387,10:48:37,3.89,-0.01,97,37738,卖盘
1388,10:48:39,3.9,0.01,830,323700,买盘
1389,10:48:43,3.9,0.0,145,56547,买盘
1390,10:48:46,3.91,0.01,99,38707,买盘
1391,10:48:49,3.9,-0.01,41,15990,卖盘
1392,10:48:52,3.9,0.0,30,11700,卖盘
1393,10:48:58,3.9,0.0,64,24984,卖盘
1394,10:49:01,3.91,0.01,47,18369,买盘
1395,10:49:04,3.9,-0.01,102,39780,卖盘
1396,10:49:07,3.9,0.0,10,3900,卖盘
1397,10:49:09,3.9,0.0,10,3900,卖盘
1398,10:49:16,3.9,0.0,20,7800,卖盘
1399,10:49:19,3.91,0.01,600,234600,买盘
1400,10:49:22,3.9,-0.01,2,780,卖盘
1401,10:49:25,3.91,0.01,100,39100,买盘
1402,10:49:28,3.9,-0.01,10,3900,卖盘
1403,10:49:30,3.9,0.0,212,82680,卖盘
1404,10:49:42,3.9,0.0,10,3900,卖盘
1405,10:49:46,3.9,0.0,8,3120,卖盘
1406,10:49:48,3.9,0.0,4,1560,卖盘
1407,10:49:52,3.9,0.0,50,19510,卖盘
1408,10:49:55,3.9,0.0,220,85800,卖盘
1409,10:49:58,3.9,0.0,50,19500,卖盘
1410,10:50:01,3.9,0.0,110,43000,卖盘
1411,10:50:04,3.9,0.0,41,15990,卖盘
1412,10:50:13,3.9,0.0,2,780,卖盘
1413,10:50:16,3.91,0.01,560,218615,买盘
1414,10:50:25,3.9,-0.01,100,39000,卖盘
1415,10:50:31,3.9,0.0,20,7800,卖盘
1416,10:50:37,3.9,0.0,381,148590,卖盘
1417,10:50:42,3.9,0.0,21,8190,卖盘
1418,10:50:46,3.9,0.0,15,5850,卖盘
1419,10:50:55,3.91,0.01,168,65620,买盘
1420,10:50:58,3.9,-0.01,20,7800,卖盘
1421,10:51:01,3.91,0.01,11,4301,买盘
1422,10:51:04,3.91,0.0,17,6647,买盘
1423,10:51:18,3.9,-0.01,32,12480,卖盘
1424,10:51:25,3.91,0.01,2,782,买盘
1425,10:51:28,3.91,0.0,10,3910,买盘
1426,10:51:30,3.91,0.0,1040,406640,买盘
1427,10:51:37,3.9,-0.01,40,15620,卖盘
1428,10:51:40,3.91,0.01,46,17986,买盘
1429,10:51:42,3.91,0.0,926,362051,买盘
1430,10:51:46,3.91,0.0,122,47702,买盘
1431,10:51:49,3.92,0.01,1421,555855,买盘
1432,10:51:52,3.91,-0.01,150,58650,卖盘
1433,10:52:01,3.91,0.0,20,7820,卖盘
1434,10:52:04,3.91,0.0,126,49362,卖盘
1435,10:52:07,3.91,0.0,91,35617,卖盘
1436,10:52:10,3.91,0.0,166,65069,卖盘
1437,10:52:13,3.92,0.01,152,59584,买盘
1438,10:52:16,3.91,-0.01,13,5083,卖盘
1439,10:52:21,3.92,0.01,68,26651,买盘
1440,10:52:25,3.92,0.0,41,16072,买盘
1441,10:52:28,3.91,-0.01,16,6262,卖盘
1442,10:52:31,3.92,0.01,14,5488,买盘
1443,10:52:37,3.92,0.0,154,60368,买盘
1444,10:52:40,3.92,0.0,331,129732,买盘
1445,10:52:43,3.91,-0.01,20,7820,卖盘
1446,10:52:46,3.92,0.01,52,20384,买盘
1447,10:52:49,3.91,-0.01,439,172078,卖盘
1448,10:52:52,3.92,0.01,1,392,买盘
1449,10:52:55,3.92,0.0,26,10192,买盘
1450,10:52:58,3.92,0.0,1099,430808,买盘
1451,10:53:01,3.92,0.0,283,110926,买盘
1452,10:53:06,3.92,0.0,944,370048,买盘
1453,10:53:10,3.93,0.01,1,393,买盘
1454,10:53:13,3.93,0.0,169,66417,买盘
1455,10:53:16,3.92,-0.01,102,39984,卖盘
1456,10:53:19,3.93,0.01,300,117900,买盘
1457,10:53:22,3.93,0.0,25,9825,买盘
1458,10:53:25,3.92,-0.01,10,3920,卖盘
1459,10:53:27,3.93,0.01,9909,3904891,买盘
1460,10:53:30,3.93,0.0,72,28296,中性盘
1461,10:53:33,3.95,0.02,1922,759190,买盘
1462,10:53:37,3.96,0.01,44,17420,买盘
1463,10:53:40,3.96,0.0,122,48308,买盘
1464,10:53:43,3.96,0.0,1434,567844,买盘
1465,10:53:46,3.97,0.01,531,210802,买盘
1466,10:53:49,3.96,-0.01,1087,431451,卖盘
1467,10:53:52,3.98,0.02,492,195671,买盘
1468,10:53:55,3.97,-0.01,478,190114,卖盘
1469,10:53:58,3.98,0.01,679,270242,买盘
1470,10:54:01,3.98,0.0,567,225656,买盘
1471,10:54:04,3.98,0.0,1357,540056,买盘
1472,10:54:07,3.98,0.0,1314,522970,买盘
1473,10:54:09,3.98,0.0,536,213178,买盘
1474,10:54:13,3.98,0.0,570,226881,买盘
1475,10:54:16,3.98,0.0,100,39876,卖盘
1476,10:54:19,3.98,0.0,648,258464,卖盘
1477,10:54:22,3.98,0.0,412,164336,卖盘
1478,10:54:25,3.99,0.01,333,132767,买盘
1479,10:54:28,3.99,0.0,1402,558151,买盘
1480,10:54:30,3.99,0.0,696,277199,买盘
1481,10:54:34,3.99,0.0,94,37440,买盘
1482,10:54:36,3.98,-0.01,942,375541,卖盘
1483,10:54:39,3.99,0.01,802,319896,买盘
1484,10:54:42,3.98,-0.01,875,348965,卖盘
1485,10:54:46,3.98,0.0,454,180786,卖盘
1486,10:54:48,3.98,0.0,5475,2184130,买盘
1487,10:54:51,3.98,0.0,309,123143,买盘
1488,10:54:54,3.98,0.0,134,53375,买盘
1489,10:54:58,3.98,0.0,183,72834,买盘
1490,10:55:01,3.98,0.0,194,77192,买盘
1491,10:55:04,3.98,0.0,435,173420,卖盘
1492,10:55:07,3.98,0.0,164,65272,卖盘
1493,10:55:10,3.99,0.01,378,150472,买盘
1494,10:55:13,3.99,0.0,104,41441,买盘
1495,10:55:16,3.98,-0.01,241,96094,卖盘
1496,10:55:19,3.99,0.01,914,364645,买盘
1497,10:55:22,3.99,0.0,473,188677,买盘
1498,10:55:25,3.99,0.0,436,174076,卖盘
1499,10:55:28,3.99,0.0,254,101438,卖盘
1500,10:55:31,3.99,0.0,208,83065,卖盘
1501,10:55:34,3.99,0.0,211,84213,卖盘
1502,10:55:37,4.0,0.01,2329,929059,买盘
1503,10:55:39,4.0,0.0,1937,774700,买盘
1504,10:55:43,3.99,-0.01,392,156529,卖盘
1505,10:55:46,4.0,0.01,231,92358,买盘
1506,10:55:49,4.0,0.0,947,378623,买盘
1507,10:55:52,4.0,0.0,174,69598,买盘
1508,10:55:55,3.99,-0.01,920,367234,卖盘
1509,10:55:58,4.0,0.01,500,199884,买盘
1510,10:56:00,4.0,0.0,308,123200,买盘
1511,10:56:04,4.0,0.0,168,67199,买盘
1512,10:56:07,4.0,0.0,191,76400,买盘
1513,10:56:10,4.0,0.0,419,167530,买盘
1514,10:56:13,4.0,0.0,927,370602,买盘
1515,10:56:15,4.0,0.0,129,51600,买盘
1516,10:56:18,4.0,0.0,394,157592,买盘
1517,10:56:21,4.0,0.0,477,190729,买盘
1518,10:56:24,4.0,0.0,341,136345,买盘
1519,10:56:27,4.01,0.01,90,36016,买盘
1520,10:56:30,4.0,-0.01,47,18802,卖盘
1521,10:56:34,4.0,0.0,163,65204,卖盘
1522,10:56:37,4.01,0.01,1504,603100,买盘
1523,10:56:40,4.01,0.0,5,2005,卖盘
1524,10:56:43,4.01,0.0,14,5624,卖盘
1525,10:56:46,4.02,0.01,1478,594156,买盘
1526,10:56:49,4.01,-0.01,239,95902,卖盘
1527,10:56:52,4.02,0.01,739,297027,买盘
1528,10:56:55,4.02,0.0,238,95676,买盘
1529,10:56:58,4.02,0.0,114,45864,卖盘
1530,10:57:00,4.02,0.0,1538,619461,卖盘
1531,10:57:04,4.03,0.01,717,288652,买盘
1532,10:57:07,4.03,0.0,599,241247,买盘
1533,10:57:10,4.03,0.0,5663,2282690,买盘
1534,10:57:13,4.03,0.0,316,127539,卖盘
1535,10:57:16,4.02,-0.01,1242,500387,卖盘
1536,10:57:19,4.04,0.02,1137,459229,买盘
1537,10:57:22,4.04,0.0,80,32293,买盘
1538,10:57:25,4.04,0.0,576,232330,买盘
1539,10:57:28,4.04,0.0,587,236617,买盘
1540,10:57:30,4.04,0.0,1867,753697,买盘
1541,10:57:33,4.04,0.0,114,46056,卖盘
1542,10:57:36,4.04,0.0,244,98192,买盘
1543,10:57:40,4.04,0.0,357,143948,买盘
1544,10:57:43,4.04,0.0,423,170635,买盘
1545,10:57:46,4.04,0.0,420,169640,买盘
1546,10:57:49,4.04,0.0,273,110252,买盘
1547,10:57:52,4.04,0.0,3054,1232838,买盘
1548,10:57:54,4.03,-0.01,147,59270,中性盘
1549,10:57:58,4.03,0.0,862,346884,卖盘
1550,10:58:01,4.03,0.0,36,14498,买盘
1551,10:58:04,4.03,0.0,455,183365,买盘
1552,10:58:06,4.03,0.0,177,71266,买盘
1553,10:58:10,4.03,0.0,773,310820,买盘
1554,10:58:13,4.03,0.0,291,117242,买盘
1555,10:58:16,4.03,0.0,139,55929,买盘
1556,10:58:19,4.02,-0.01,40,16090,卖盘
1557,10:58:22,4.02,0.0,287,115413,卖盘
1558,10:58:25,4.02,0.0,520,209139,卖盘
1559,10:58:28,4.02,0.0,227,91318,卖盘
1560,10:58:31,4.01,-0.01,375,150383,卖盘
1561,10:58:34,4.01,0.0,455,182455,买盘
1562,10:58:37,4.01,0.0,194,77741,买盘
1563,10:58:40,4.0,-0.01,114,45628,卖盘
1564,10:58:43,4.0,0.0,1245,498054,卖盘
1565,10:58:46,4.0,0.0,115,46015,卖盘
1566,10:58:49,4.0,0.0,1902,760800,卖盘
1567,10:58:52,4.0,0.0,380,151946,买盘
1568,10:59:01,3.99,-0.01,163,65163,卖盘
1569,10:59:04,4.0,0.01,100,40000,买盘
1570,10:59:07,4.0,0.0,29,11599,买盘
1571,10:59:09,4.0,0.0,139,55561,买盘
1572,10:59:13,3.99,-0.01,24,9576,卖盘
1573,10:59:15,3.99,0.0,845,337890,卖盘
1574,10:59:19,3.99,0.0,152,60728,卖盘
1575,10:59:21,3.99,0.0,809,323289,卖盘
1576,10:59:25,3.99,0.0,694,277006,卖盘
1577,10:59:28,4.0,0.01,708,282959,买盘
1578,10:59:31,3.99,-0.01,111,44289,卖盘
1579,10:59:34,3.99,0.0,40,15960,买盘
1580,10:59:37,3.99,0.0,65,25935,买盘
1581,10:59:40,3.99,0.0,106,42244,买盘
1582,10:59:43,3.99,0.0,59,23541,买盘
1583,10:59:46,3.99,0.0,19,7581,买盘
1584,10:59:48,3.99,0.0,313,124887,买盘
1585,10:59:51,3.99,0.0,304,121283,买盘
1586,10:59:55,3.99,0.0,60,23960,买盘
1587,10:59:58,3.99,0.0,315,125685,卖盘
1588,11:00:00,3.99,0.0,63,25137,卖盘
1589,11:00:07,3.99,0.0,176,70238,卖盘
1590,11:00:10,3.99,0.0,25,9975,卖盘
1591,11:00:13,3.99,0.0,13,5188,卖盘
1592,11:00:16,4.0,0.01,584,233600,买盘
1593,11:00:25,4.0,0.0,20,8000,买盘
1594,11:00:28,4.0,0.0,80,32000,买盘
1595,11:00:31,4.0,0.0,161,64390,买盘
1596,11:00:34,3.99,-0.01,43,17175,卖盘
1597,11:00:46,4.0,0.01,279,111373,买盘
1598,11:00:49,4.0,0.0,2,800,买盘
1599,11:00:52,3.99,-0.01,67,26783,卖盘
1600,11:00:55,3.99,0.0,134,53466,卖盘
1601,11:00:57,4.0,0.01,32,12789,买盘
1602,11:01:01,3.99,-0.01,85,33939,卖盘
1603,11:01:04,4.0,0.01,1,400,买盘
1604,11:01:07,3.99,-0.01,52,20750,卖盘
1605,11:01:09,3.99,0.0,104,41500,卖盘
1606,11:01:12,4.0,0.01,505,202000,买盘
1607,11:01:18,3.99,-0.01,85,33915,卖盘
1608,11:01:25,4.0,0.01,11,4399,买盘
1609,11:01:27,3.99,-0.01,137,54789,卖盘
1610,11:01:31,4.0,0.01,598,238860,买盘
1611,11:01:34,4.0,0.0,78,31165,买盘
1612,11:01:40,4.0,0.0,40,16000,买盘
1613,11:01:43,4.0,0.0,1,400,买盘
1614,11:01:46,3.99,-0.01,20,7980,卖盘
1615,11:01:48,4.0,0.01,60,23990,买盘
1616,11:01:52,3.99,-0.01,860,343223,卖盘
1617,11:01:54,3.99,0.0,130,51870,买盘
1618,11:01:58,3.99,0.0,15,5985,买盘
1619,11:02:01,3.99,0.0,2,798,买盘
1620,11:02:07,3.99,0.0,143,56947,买盘
1621,11:02:10,3.99,0.0,71,28279,买盘
1622,11:02:13,3.98,-0.01,110,43880,卖盘
1623,11:02:19,3.98,0.0,60,23880,卖盘
1624,11:02:22,3.98,0.0,209,83282,卖盘
1625,11:02:25,3.98,0.0,62,24676,卖盘
1626,11:02:28,3.99,0.01,328,130802,买盘
1627,11:02:34,3.98,-0.01,26,10357,卖盘
1628,11:02:37,3.99,0.01,500,199200,买盘
1629,11:02:40,3.98,-0.01,8,3184,卖盘
1630,11:02:43,3.98,0.0,355,141353,卖盘
1631,11:02:46,3.99,0.01,20,7980,买盘
1632,11:02:49,3.98,-0.01,15,5980,卖盘
1633,11:02:52,3.99,0.01,9,3583,买盘
1634,11:02:54,3.98,-0.01,209,83232,卖盘
1635,11:02:57,3.99,0.01,100,39900,买盘
1636,11:03:00,3.98,-0.01,483,192234,卖盘
1637,11:03:04,3.99,0.01,23,9170,买盘
1638,11:03:06,3.99,0.0,234,93152,买盘
1639,11:03:10,3.99,0.0,30,11970,买盘
1640,11:03:12,3.98,-0.01,156,62088,卖盘
1641,11:03:19,3.98,0.0,170,67760,卖盘
1642,11:03:22,3.98,0.0,18,7164,买盘
1643,11:03:25,3.99,0.01,78,31045,买盘
1644,11:03:28,3.98,-0.01,129,51342,卖盘
1645,11:03:33,3.98,0.0,10,3980,卖盘
1646,11:03:37,3.98,0.0,42,16738,卖盘
1647,11:03:40,3.98,0.0,168,66864,卖盘
1648,11:03:43,3.98,0.0,14,5572,买盘
1649,11:03:46,3.98,0.0,24,9552,买盘
1650,11:03:49,3.98,0.0,126,50148,买盘
1651,11:03:52,3.98,0.0,55,21890,卖盘
1652,11:03:55,3.98,0.0,20,7960,卖盘
1653,11:04:03,3.98,0.0,30,11940,卖盘
1654,11:04:13,3.98,0.0,11,4388,卖盘
1655,11:04:16,3.99,0.01,10,3990,买盘
1656,11:04:19,3.98,-0.01,1,398,卖盘
1657,11:04:22,3.98,0.0,204,81192,卖盘
1658,11:04:25,3.99,0.01,60,23940,买盘
1659,11:04:30,3.99,0.0,5,1995,买盘
1660,11:04:34,3.99,0.0,1,399,买盘
1661,11:04:40,3.98,-0.01,5,1990,卖盘
1662,11:04:43,3.98,0.0,21,8358,卖盘
1663,11:04:46,3.98,0.0,240,95720,卖盘
1664,11:04:49,3.98,0.0,21,8359,卖盘
1665,11:04:52,3.98,0.0,802,319196,卖盘
1666,11:04:55,3.98,0.0,110,43880,卖盘
1667,11:05:00,3.98,0.0,19,7562,卖盘
1668,11:05:04,3.98,0.0,40,15920,卖盘
1669,11:05:06,3.98,0.0,24,9566,卖盘
1670,11:05:10,3.99,0.01,16,6384,买盘
1671,11:05:16,3.98,-0.01,140,55850,卖盘
1672,11:05:19,3.98,0.0,50,19900,卖盘
1673,11:05:22,3.99,0.01,60,23940,买盘
1674,11:05:28,3.98,-0.01,105,41790,卖盘
1675,11:05:31,3.98,0.0,10,3980,卖盘
1676,11:05:34,3.98,0.0,68,27077,卖盘
1677,11:05:40,3.98,0.0,36,14338,卖盘
1678,11:05:42,3.98,0.0,51,20338,卖盘
1679,11:05:46,3.99,0.01,30,11970,买盘
1680,11:05:48,3.98,-0.01,10,3980,卖盘
1681,11:05:52,3.98,0.0,362,144359,卖盘
1682,11:05:55,3.98,0.0,100,39800,卖盘
1683,11:05:58,3.99,0.01,228,90972,买盘
1684,11:06:01,3.99,0.0,3,1197,买盘
1685,11:06:04,3.99,0.0,100,39900,买盘
1686,11:06:07,3.99,0.0,181,72044,买盘
1687,11:06:10,3.99,0.0,2,798,买盘
1688,11:06:13,3.99,0.0,453,180579,买盘
1689,11:06:21,3.99,0.0,375,149625,卖盘
1690,11:06:24,3.99,0.0,10,3990,卖盘
1691,11:06:27,3.99,0.0,60,23970,卖盘
1692,11:06:31,3.99,0.0,1,399,中性盘
1693,11:06:34,3.98,-0.01,20,7960,卖盘
1694,11:06:40,3.99,0.01,311,124089,买盘
1695,11:06:43,3.99,0.0,13,5187,买盘
1696,11:06:46,3.99,0.0,35,13965,买盘
1697,11:06:49,3.99,0.0,273,108927,买盘
1698,11:06:52,3.99,0.0,11,4384,买盘
1699,11:06:55,3.99,0.0,31,12369,买盘
1700,11:06:58,3.99,0.0,40,15950,买盘
1701,11:07:00,3.98,-0.01,27,10746,卖盘
1702,11:07:04,3.99,0.01,249,99351,买盘
1703,11:07:07,3.99,0.0,40,15960,卖盘
1704,11:07:16,3.99,0.0,40,15960,卖盘
1705,11:07:22,3.99,0.0,130,51870,卖盘
1706,11:07:25,3.99,0.0,1,399,卖盘
1707,11:07:28,3.99,0.0,22,8778,卖盘
1708,11:07:31,3.99,0.0,10,3990,卖盘
1709,11:07:43,4.0,0.01,13,5193,买盘
1710,11:07:49,3.99,-0.01,20,7980,卖盘
1711,11:07:55,4.0,0.01,13,5196,买盘
1712,11:08:01,4.0,0.0,73,29130,买盘
1713,11:08:04,4.0,0.0,263,105200,买盘
1714,11:08:09,3.99,-0.01,60,23940,卖盘
1715,11:08:13,4.0,0.01,34,13584,买盘
1716,11:08:16,3.99,-0.01,178,71043,卖盘
1717,11:08:19,3.99,0.0,10,3990,买盘
1718,11:08:22,3.99,0.0,165,65820,买盘
1719,11:08:28,3.99,0.0,9,3591,买盘
1720,11:08:31,3.99,0.0,11,4389,买盘
1721,11:08:34,3.98,-0.01,36,14328,卖盘
1722,11:08:40,3.99,0.01,6,2394,买盘
1723,11:08:45,3.99,0.0,5,1995,买盘
1724,11:08:49,3.98,-0.01,109,43489,卖盘
1725,11:08:55,3.98,0.0,49,19522,卖盘
1726,11:08:58,3.98,0.0,44,17516,卖盘
1727,11:09:01,3.98,0.0,49,19547,卖盘
1728,11:09:04,3.98,0.0,82,32636,卖盘
1729,11:09:07,3.99,0.01,13,5187,买盘
1730,11:09:10,3.98,-0.01,74,29452,卖盘
1731,11:09:15,3.98,0.0,10,3980,卖盘
1732,11:09:18,3.99,0.01,5,1995,买盘
1733,11:09:22,3.98,-0.01,95,37810,卖盘
1734,11:09:28,3.98,0.0,46,18310,卖盘
1735,11:09:31,3.98,0.0,31,12338,卖盘
1736,11:09:34,3.99,0.01,36,14348,买盘
1737,11:09:37,3.98,-0.01,157,62486,卖盘
1738,11:09:43,3.98,0.0,20,7960,卖盘
1739,11:09:48,3.98,0.0,250,99500,卖盘
1740,11:09:51,3.99,0.01,5,1995,买盘
1741,11:09:55,3.98,-0.01,6,2388,卖盘
1742,11:10:01,3.98,0.0,5,1990,卖盘
1743,11:10:04,3.98,0.0,335,133330,卖盘
1744,11:10:12,3.98,0.0,40,15920,卖盘
1745,11:10:18,3.98,0.0,1,398,卖盘
1746,11:10:22,3.98,0.0,50,19900,卖盘
1747,11:10:27,3.98,0.0,17,6766,卖盘
1748,11:10:31,3.99,0.01,108,42992,买盘
1749,11:10:42,3.98,-0.01,1,398,卖盘
1750,11:10:46,3.99,0.01,5,1995,买盘
1751,11:10:49,3.98,-0.01,35,13945,卖盘
1752,11:10:52,3.98,0.0,50,19900,卖盘
1753,11:10:55,3.99,0.01,6,2394,买盘
1754,11:11:01,3.99,0.0,68,27125,买盘
1755,11:11:07,3.98,-0.01,13,5174,卖盘
1756,11:11:16,3.98,0.0,80,31840,卖盘
1757,11:11:18,3.98,0.0,1,398,卖盘
1758,11:11:22,3.98,0.0,5,1990,卖盘
1759,11:11:25,3.99,0.01,7,2793,买盘
1760,11:11:28,3.98,-0.01,50,19900,卖盘
1761,11:11:31,3.99,0.01,2,797,买盘
1762,11:11:33,3.98,-0.01,10,3980,卖盘
1763,11:11:37,3.98,0.0,144,57312,卖盘
1764,11:11:40,3.99,0.01,2,798,买盘
1765,11:11:55,3.99,0.0,1,399,买盘
1766,11:12:13,3.99,0.0,31,12369,买盘
1767,11:12:22,3.99,0.0,2,798,买盘
1768,11:12:28,3.99,0.0,23,9159,买盘
1769,11:12:31,3.98,-0.01,30,11960,卖盘
1770,11:12:34,3.98,0.0,29,11542,卖盘
1771,11:12:36,3.98,0.0,10,3980,卖盘
1772,11:12:43,3.98,0.0,10,3980,卖盘
1773,11:12:46,3.98,0.0,377,150405,卖盘
1774,11:12:49,3.98,0.0,25,9950,卖盘
1775,11:12:52,3.98,0.0,191,76018,卖盘
1776,11:12:58,3.98,0.0,53,21094,卖盘
1777,11:13:01,3.98,0.0,80,31840,卖盘
1778,11:13:06,3.98,0.0,58,23084,卖盘
1779,11:13:10,3.98,0.0,200,79600,卖盘
1780,11:13:13,3.98,0.0,51,20298,卖盘
1781,11:13:16,3.99,0.01,2,798,买盘
1782,11:13:22,3.98,-0.01,20,7960,卖盘
1783,11:13:28,3.99,0.01,100,39900,买盘
1784,11:13:34,3.98,-0.01,5,1990,卖盘
1785,11:13:46,3.98,0.0,15,5970,卖盘
1786,11:13:52,3.98,0.0,5,1990,卖盘
1787,11:13:55,3.98,0.0,41,16318,卖盘
1788,11:13:58,3.99,0.01,68,27132,买盘
1789,11:14:04,3.98,-0.01,17,6766,卖盘
1790,11:14:06,3.99,0.01,62,24738,买盘
1791,11:14:09,3.98,-0.01,51,20298,卖盘
1792,11:14:19,3.98,0.0,13,5174,卖盘
1793,11:14:25,3.98,0.0,14,5582,卖盘
1794,11:14:30,3.98,0.0,100,39800,卖盘
1795,11:14:40,3.98,0.0,44,17512,卖盘
1796,11:14:43,3.98,0.0,103,41094,卖盘
1797,11:14:49,3.98,0.0,36,14358,卖盘
1798,11:14:52,3.98,0.0,3,1194,卖盘
1799,11:14:58,3.99,0.01,2,798,买盘
1800,11:15:00,3.99,0.0,1,399,买盘
1801,11:15:04,3.98,-0.01,12,4776,卖盘
1802,11:15:06,3.98,0.0,6,2388,卖盘
1803,11:15:09,3.99,0.01,10,3990,买盘
1804,11:15:15,3.99,0.0,22,8775,买盘
1805,11:15:22,3.98,-0.01,181,72041,卖盘
1806,11:15:34,3.99,0.01,255,101505,买盘
1807,11:15:37,3.98,-0.01,1,398,卖盘
1808,11:15:40,3.99,0.01,3,1197,买盘
1809,11:15:43,3.98,-0.01,12,4776,卖盘
1810,11:15:46,3.98,0.0,30,11940,卖盘
1811,11:15:51,3.99,0.01,2,798,买盘
1812,11:16:04,3.98,-0.01,30,11940,卖盘
1813,11:16:07,3.99,0.01,5,1995,买盘
1814,11:16:10,3.98,-0.01,35,13930,卖盘
1815,11:16:13,3.98,0.0,6,2388,卖盘
1816,11:16:16,3.99,0.01,38,15162,买盘
1817,11:16:22,3.98,-0.01,3,1194,卖盘
1818,11:16:25,3.99,0.01,60,23930,买盘
1819,11:16:28,3.99,0.0,50,19950,买盘
1820,11:16:34,3.98,-0.01,90,35820,卖盘
1821,11:16:37,3.98,0.0,36,14344,卖盘
1822,11:16:43,3.98,0.0,9,3582,卖盘
1823,11:16:49,3.99,0.01,20,7980,买盘
1824,11:16:55,3.98,-0.01,64,25472,卖盘
1825,11:17:07,3.99,0.01,32,12763,买盘
1826,11:17:10,3.99,0.0,56,22344,买盘
1827,11:17:19,3.99,0.0,10,3990,买盘
1828,11:17:25,3.99,0.0,13,5187,买盘
1829,11:17:28,3.99,0.0,30,11970,买盘
1830,11:17:36,3.98,-0.01,40,15920,卖盘
1831,11:17:39,3.99,0.01,30,11970,买盘
1832,11:17:42,3.99,0.0,194,77406,买盘
1833,11:17:55,3.98,-0.01,21,8372,卖盘
1834,11:17:58,3.99,0.01,66,26334,买盘
1835,11:18:01,3.99,0.0,33,13167,买盘
1836,11:18:07,3.99,0.0,167,66633,买盘
1837,11:18:13,3.99,0.0,50,19950,买盘
1838,11:18:19,3.99,0.0,900,359100,买盘
1839,11:18:28,3.99,0.0,26,10374,卖盘
1840,11:18:31,3.99,0.0,100,39900,卖盘
1841,11:18:34,3.99,0.0,70,27930,卖盘
1842,11:18:40,3.99,0.0,8,3192,卖盘
1843,11:18:46,4.0,0.01,28,11199,买盘
1844,11:18:57,4.0,0.0,17,6800,买盘
1845,11:19:01,4.0,0.0,45,17995,买盘
1846,11:19:04,3.99,-0.01,276,110124,卖盘
1847,11:19:07,4.0,0.01,5,2000,买盘
1848,11:19:10,4.0,0.0,346,138400,买盘
1849,11:19:16,4.0,0.0,20,8000,买盘
1850,11:19:19,4.0,0.0,3,1200,买盘
1851,11:19:22,3.99,-0.01,103,41197,卖盘
1852,11:19:42,4.0,0.01,200,80000,买盘
1853,11:19:49,4.0,0.0,10,3995,买盘
1854,11:19:51,3.99,-0.01,150,59850,卖盘
1855,11:19:55,4.0,0.01,20,8000,买盘
1856,11:19:58,4.0,0.0,7,2800,买盘
1857,11:20:04,4.0,0.0,1,400,买盘
1858,11:20:06,4.0,0.0,152,60650,买盘
1859,11:20:10,3.99,-0.01,45,17977,卖盘
1860,11:20:13,4.0,0.01,5,2000,买盘
1861,11:20:19,3.99,-0.01,10,3990,卖盘
1862,11:20:21,4.0,0.01,4,1600,买盘
1863,11:20:25,4.0,0.0,18,7200,买盘
1864,11:20:28,4.0,0.0,10,4000,买盘
1865,11:20:31,4.0,0.0,1,400,买盘
1866,11:20:37,4.0,0.0,51,20400,买盘
1867,11:20:40,4.0,0.0,18,7190,买盘
1868,11:20:54,4.0,0.0,35,14000,买盘
1869,11:20:57,4.0,0.0,84,33600,买盘
1870,11:21:04,3.99,-0.01,20,7980,卖盘
1871,11:21:10,4.0,0.01,6,2400,买盘
1872,11:21:12,4.0,0.0,11,4400,买盘
1873,11:21:16,4.0,0.0,131,52369,买盘
1874,11:21:19,4.0,0.0,115,46000,买盘
1875,11:21:22,4.0,0.0,8,3200,买盘
1876,11:21:34,4.0,0.0,20,8000,买盘
1877,11:21:36,4.0,0.0,1,400,买盘
1878,11:21:40,3.99,-0.01,28,11172,卖盘
1879,11:21:42,4.0,0.01,81,32385,买盘
1880,11:21:46,3.99,-0.01,3,1197,卖盘
1881,11:21:49,4.0,0.01,5,2000,买盘
1882,11:21:52,3.99,-0.01,250,99750,卖盘
1883,11:21:55,3.99,0.0,30,11970,卖盘
1884,11:21:58,3.99,0.0,11,4389,卖盘
1885,11:22:01,3.99,0.0,20,7980,卖盘
1886,11:22:06,3.99,0.0,108,43092,卖盘
1887,11:22:10,4.0,0.01,63,25200,买盘
1888,11:22:13,3.99,-0.01,100,39900,卖盘
1889,11:22:16,4.0,0.01,224,89396,买盘
1890,11:22:19,3.99,-0.01,47,18774,卖盘
1891,11:22:22,4.0,0.01,100,40000,买盘
1892,11:22:28,4.0,0.0,200,80000,买盘
1893,11:22:31,3.99,-0.01,31,12370,卖盘
1894,11:22:34,3.99,0.0,50,19950,卖盘
1895,11:22:40,4.0,0.01,25,10000,买盘
1896,11:22:46,3.99,-0.01,333,132867,卖盘
1897,11:22:52,4.0,0.01,1,400,买盘
1898,11:22:57,3.99,-0.01,10,3990,卖盘
1899,11:23:10,4.0,0.01,13,5190,买盘
1900,11:23:16,4.0,0.0,13,5200,买盘
1901,11:23:22,3.99,-0.01,12,4791,卖盘
1902,11:23:24,4.0,0.01,265,105910,买盘
1903,11:23:31,4.0,0.0,35,14000,买盘
1904,11:23:37,4.01,0.01,6010,2407458,买盘
1905,11:23:43,3.99,-0.02,55,21945,卖盘
1906,11:23:49,4.01,0.02,599,240099,买盘
1907,11:23:51,3.99,-0.02,2,798,卖盘
1908,11:23:54,4.01,0.02,200,80199,买盘
1909,11:23:58,4.0,-0.01,72,28800,卖盘
1910,11:24:01,4.01,0.01,376,150702,买盘
1911,11:24:12,4.01,0.0,2,802,买盘
1912,11:24:15,4.01,0.0,152,60932,买盘
1913,11:24:19,4.01,0.0,9,3609,买盘
1914,11:24:22,4.0,-0.01,51,20410,卖盘
1915,11:24:24,4.01,0.01,26,10420,买盘
1916,11:24:28,4.01,0.0,716,286730,买盘
1917,11:24:31,4.01,0.0,30,12030,买盘
1918,11:24:34,4.01,0.0,358,143466,买盘
1919,11:24:37,4.02,0.01,45,18090,买盘
1920,11:24:43,4.01,-0.01,20,8020,卖盘
1921,11:24:46,4.02,0.01,11,4418,买盘
1922,11:24:55,4.02,0.0,109,43776,买盘
1923,11:25:01,4.01,-0.01,200,80200,卖盘
1924,11:25:04,4.02,0.01,1074,431748,买盘
1925,11:25:07,4.01,-0.01,266,106927,卖盘
1926,11:25:10,4.01,0.0,17,6817,卖盘
1927,11:25:13,4.02,0.01,2,804,买盘
1928,11:25:16,4.02,0.0,100,40200,买盘
1929,11:25:18,4.02,0.0,9,3618,买盘
1930,11:25:22,4.02,0.0,458,184114,买盘
1931,11:25:25,4.02,0.0,80,32150,买盘
1932,11:25:31,4.02,0.0,23,9246,买盘
1933,11:25:37,4.02,0.0,10,4020,买盘
1934,11:25:39,4.02,0.0,101,40598,买盘
1935,11:25:52,4.02,0.0,79,31724,买盘
1936,11:25:57,4.02,0.0,424,170448,买盘
1937,11:26:01,4.02,0.0,1,402,买盘
1938,11:26:04,4.02,0.0,18,7236,买盘
1939,11:26:07,4.02,0.0,430,172860,买盘
1940,11:26:10,4.02,0.0,155,62310,买盘
1941,11:26:13,4.02,0.0,101,40602,买盘
1942,11:26:16,4.03,0.01,106,42653,买盘
1943,11:26:19,4.02,-0.01,20,8040,卖盘
1944,11:26:22,4.03,0.01,15,6035,买盘
1945,11:26:31,4.03,0.0,12,4836,买盘
1946,11:26:33,4.03,0.0,1,403,买盘
1947,11:26:37,4.03,0.0,344,138632,买盘
1948,11:26:40,4.03,0.0,95,38271,买盘
1949,11:26:43,4.02,-0.01,90,36230,卖盘
1950,11:26:46,4.03,0.01,501,201903,买盘
1951,11:26:49,4.03,0.0,325,130975,买盘
1952,11:26:52,4.03,0.0,348,140194,买盘
1953,11:26:55,4.03,0.0,113,45539,买盘
1954,11:26:58,4.03,0.0,313,126128,买盘
1955,11:27:01,4.02,-0.01,1,402,卖盘
1956,11:27:04,4.03,0.01,290,116870,买盘
1957,11:27:07,4.02,-0.01,35,14095,卖盘
1958,11:27:10,4.02,0.0,129,51984,卖盘
1959,11:27:13,4.03,0.01,73,29390,买盘
1960,11:27:16,4.03,0.0,20,8060,买盘
1961,11:27:19,4.03,0.0,500,201460,买盘
1962,11:27:22,4.03,0.0,1,403,买盘
1963,11:27:25,4.02,-0.01,3,1206,卖盘
1964,11:27:28,4.03,0.01,42,16926,买盘
1965,11:27:31,4.03,0.0,1,403,买盘
1966,11:27:33,4.02,-0.01,100,40200,卖盘
1967,11:27:36,4.03,0.01,366,147498,买盘
1968,11:27:40,4.03,0.0,48,19326,买盘
1969,11:27:43,4.03,0.0,8,3224,买盘
1970,11:27:46,4.03,0.0,300,120900,买盘
1971,11:27:49,4.03,0.0,30,12090,买盘
1972,11:27:52,4.02,-0.01,10,4020,卖盘
1973,11:27:55,4.02,0.0,84,33824,卖盘
1974,11:27:57,4.03,0.01,63,25389,买盘
1975,11:28:01,4.02,-0.01,5,2010,卖盘
1976,11:28:07,4.02,0.0,10,4020,卖盘
1977,11:28:10,4.02,0.0,41,16513,卖盘
1978,11:28:16,4.02,0.0,50,20100,卖盘
1979,11:28:18,4.03,0.01,101,40604,买盘
1980,11:28:22,4.03,0.0,191,76862,买盘
1981,11:28:24,4.02,-0.01,255,102510,卖盘
1982,11:28:31,4.02,0.0,308,123816,卖盘
1983,11:28:33,4.02,0.0,544,218672,卖盘
1984,11:28:37,4.02,0.0,800,321600,买盘
1985,11:28:49,4.02,0.0,5,2010,买盘
1986,11:28:52,4.02,0.0,5,2010,买盘
1987,11:28:55,4.02,0.0,28,11256,买盘
1988,11:28:57,4.01,-0.01,10,4010,卖盘
1989,11:29:01,4.02,0.01,20,8040,买盘
1990,11:29:06,4.01,-0.01,10,4010,卖盘
1991,11:29:12,4.01,0.0,63,25276,卖盘
1992,11:29:16,4.02,0.01,88,35308,买盘
1993,11:29:19,4.02,0.0,385,154744,买盘
1994,11:29:22,4.01,-0.01,20,8020,卖盘
1995,11:29:27,4.01,0.0,294,117944,卖盘
1996,11:29:30,4.02,0.01,5,2010,买盘
1997,11:29:34,4.02,0.0,114,45716,买盘
1998,11:29:36,4.02,0.0,19,7638,买盘
1999,11:29:39,4.01,-0.01,156,62556,卖盘
2000,11:29:43,4.02,0.01,2,804,买盘
2001,11:29:46,4.01,-0.01,247,99047,卖盘
2002,11:29:52,4.01,0.0,1,401,买盘
2003,11:29:55,4.01,0.0,57,22857,买盘
2004,11:29:58,4.01,0.0,60,24060,买盘
2005,11:30:01,4.01,0.0,250,100250,买盘
2006,11:30:03,4.0,-0.01,1,400,卖盘
2007,13:00:04,4.01,0.01,520,208460,买盘
2008,13:00:07,4.02,0.01,1660,666578,买盘
2009,13:00:10,4.01,-0.01,353,141462,卖盘
2010,13:00:12,4.0,-0.01,582,233457,卖盘
2011,13:00:16,4.0,0.0,1,400,卖盘
2012,13:00:18,4.01,0.01,95,38005,买盘
2013,13:00:24,4.0,-0.01,59,23609,卖盘
2014,13:00:27,4.01,0.01,10,4010,买盘
2015,13:00:34,4.02,0.01,12,4813,买盘
2016,13:00:46,4.02,0.0,21,8442,买盘
2017,13:00:49,4.02,0.0,30,12060,买盘
2018,13:00:54,4.02,0.0,5,2010,买盘
2019,13:00:58,4.02,0.0,60,24070,买盘
2020,13:01:01,4.02,0.0,1,402,买盘
2021,13:01:04,4.01,-0.01,76,30476,卖盘
2022,13:01:07,4.02,0.01,129,51858,买盘
2023,13:01:16,4.01,-0.01,50,20050,卖盘
2024,13:01:19,4.01,0.0,104,41704,卖盘
2025,13:01:22,4.02,0.01,20,8040,买盘
2026,13:01:25,4.02,0.0,30,12060,买盘
2027,13:01:27,4.01,-0.01,56,22462,卖盘
2028,13:01:34,4.01,0.0,1378,552578,卖盘
2029,13:01:37,4.01,0.0,1267,508303,买盘
2030,13:01:43,4.02,0.01,83,33312,买盘
2031,13:01:49,4.01,-0.01,120,48063,买盘
2032,13:01:52,4.0,-0.01,25,10000,卖盘
2033,13:01:54,4.01,0.01,58,23258,买盘
2034,13:01:58,4.02,0.01,519,207740,买盘
2035,13:02:01,4.01,-0.01,60,24119,卖盘
2036,13:02:04,4.01,0.0,69,27669,卖盘
2037,13:02:07,4.01,0.0,159,63759,卖盘
2038,13:02:10,4.01,0.0,3,1203,买盘
2039,13:02:13,4.01,0.0,63,25263,买盘
2040,13:02:16,4.01,0.0,1,401,买盘
2041,13:02:19,4.01,0.0,1,401,买盘
2042,13:02:22,4.0,-0.01,50,20010,卖盘
2043,13:02:24,4.01,0.01,8,3208,买盘
2044,13:02:27,4.0,-0.01,50,20000,卖盘
2045,13:02:31,4.0,0.0,10,4000,卖盘
2046,13:02:37,4.0,0.0,141,56401,卖盘
2047,13:02:42,4.0,0.0,22,8800,卖盘
2048,13:02:49,4.0,0.0,100,40000,卖盘
2049,13:02:52,4.01,0.01,135,54030,买盘
2050,13:02:55,4.0,-0.01,34,13600,卖盘
2051,13:03:01,4.0,0.0,30,12000,卖盘
2052,13:03:10,4.0,0.0,120,48000,卖盘
2053,13:03:12,4.0,0.0,4,1600,卖盘
2054,13:03:16,4.0,0.0,465,186000,卖盘
2055,13:03:42,4.0,0.0,43,17200,买盘
2056,13:03:49,3.99,-0.01,30,11970,卖盘
2057,13:03:52,4.0,0.01,20,8000,买盘
2058,13:03:55,3.99,-0.01,25,9975,卖盘
2059,13:04:01,3.99,0.0,5,1995,卖盘
2060,13:04:13,4.0,0.01,20,8000,买盘
2061,13:04:16,4.0,0.0,150,59900,买盘
2062,13:04:19,3.99,-0.01,7,2793,卖盘
2063,13:04:21,3.99,0.0,69,27531,卖盘
2064,13:04:31,4.0,0.01,282,112592,买盘
2065,13:04:34,3.99,-0.01,32,12770,卖盘
2066,13:04:39,3.99,0.0,22,8778,卖盘
2067,13:04:43,4.0,0.01,21,8386,买盘
2068,13:04:49,3.99,-0.01,134,53466,卖盘
2069,13:04:52,3.99,0.0,33,13167,卖盘
2070,13:04:54,3.99,0.0,41,16374,卖盘
2071,13:04:58,3.99,0.0,105,41895,卖盘
2072,13:05:01,3.99,0.0,23,9177,卖盘
2073,13:05:04,3.99,0.0,18,7182,卖盘
2074,13:05:07,3.99,0.0,15,5985,卖盘
2075,13:05:12,3.99,0.0,44,17556,卖盘
2076,13:05:16,4.0,0.01,65,25995,买盘
2077,13:05:21,3.99,-0.01,30,11970,卖盘
2078,13:05:25,3.99,0.0,100,39900,卖盘
2079,13:05:28,4.0,0.01,30,12000,买盘
2080,13:05:31,3.99,-0.01,10,3990,卖盘
2081,13:05:34,4.0,0.01,10,4000,买盘
2082,13:05:40,4.0,0.0,42,16770,买盘
2083,13:05:43,3.99,-0.01,130,51950,卖盘
2084,13:05:46,3.99,0.0,80,31920,卖盘
2085,13:05:49,4.0,0.01,180,72000,买盘
2086,13:05:51,4.0,0.0,35,14000,买盘
2087,13:06:16,3.99,-0.01,31,12399,卖盘
2088,13:06:25,3.99,0.0,422,168514,卖盘
2089,13:06:28,3.99,0.0,3,1197,卖盘
2090,13:06:30,4.0,0.01,280,112000,买盘
2091,13:06:36,4.0,0.0,20,8000,买盘
2092,13:06:39,3.99,-0.01,37,14763,卖盘
2093,13:06:42,3.99,0.0,3,1197,卖盘
2094,13:06:49,3.99,0.0,24,9576,卖盘
2095,13:06:55,3.99,0.0,100,39900,卖盘
2096,13:07:01,3.99,0.0,70,27995,卖盘
2097,13:07:04,3.99,0.0,13,5187,卖盘
2098,13:07:10,3.99,0.0,1,399,卖盘
2099,13:07:13,3.99,0.0,20,7980,卖盘
2100,13:07:15,3.99,0.0,44,17556,卖盘
2101,13:07:19,3.99,0.0,128,51072,卖盘
2102,13:07:22,4.0,0.01,79,31600,买盘
2103,13:07:25,3.99,-0.01,4,1596,卖盘
2104,13:07:31,3.99,0.0,56,22344,卖盘
2105,13:07:34,3.99,0.0,185,73815,卖盘
2106,13:07:37,3.99,0.0,173,69027,卖盘
2107,13:07:40,3.99,0.0,1,399,卖盘
2108,13:07:45,3.99,0.0,16,6384,卖盘
2109,13:07:49,3.99,0.0,15,5985,卖盘
2110,13:07:55,3.99,0.0,53,21197,卖盘
2111,13:08:04,3.99,0.0,40,15990,卖盘
2112,13:08:10,3.99,0.0,100,39900,卖盘
2113,13:08:13,4.0,0.01,35,14000,买盘
2114,13:08:19,3.99,-0.01,78,31128,卖盘
2115,13:08:25,4.0,0.01,12,4800,买盘
2116,13:08:28,3.99,-0.01,18,7182,卖盘
2117,13:08:36,4.0,0.01,828,331200,买盘
2118,13:08:42,3.99,-0.01,30,11970,卖盘
2119,13:08:46,4.0,0.01,10,4000,买盘
2120,13:09:00,3.99,-0.01,9,3591,卖盘
2121,13:09:04,4.0,0.01,26,10400,买盘
2122,13:09:13,3.99,-0.01,6,2394,卖盘
2123,13:09:16,3.99,0.0,3,1197,卖盘
2124,13:09:25,4.0,0.01,131,52400,买盘
2125,13:09:28,4.0,0.0,99,39600,买盘
2126,13:09:34,4.0,0.0,10,3998,买盘
2127,13:09:46,4.0,0.0,35,14000,买盘
2128,13:09:52,3.99,-0.01,200,79800,卖盘
2129,13:09:54,4.0,0.01,2,800,买盘
2130,13:09:58,4.0,0.0,1,400,买盘
2131,13:10:07,3.99,-0.01,86,34380,卖盘
2132,13:10:12,4.0,0.01,3,1200,买盘
2133,13:10:19,4.0,0.0,1,400,买盘
2134,13:10:33,4.0,0.0,27,10797,买盘
2135,13:10:37,3.99,-0.01,10,3990,卖盘
2136,13:10:40,4.0,0.01,68,27200,买盘
2137,13:10:42,3.99,-0.01,294,117306,卖盘
2138,13:10:49,3.99,0.0,60,23940,卖盘
2139,13:10:54,3.99,0.0,10,3990,卖盘
2140,13:10:57,4.0,0.01,18,7200,买盘
2141,13:11:07,4.0,0.0,4,1600,买盘
2142,13:11:10,4.0,0.0,150,59950,买盘
2143,13:11:12,3.99,-0.01,40,15960,卖盘
2144,13:11:16,3.99,0.0,193,77027,卖盘
2145,13:11:22,3.99,0.0,51,20349,卖盘
2146,13:11:24,3.99,0.0,76,30324,卖盘
2147,13:11:27,3.99,0.0,20,7980,卖盘
2148,13:11:30,3.99,0.0,58,23142,卖盘
2149,13:11:34,3.99,0.0,36,14364,卖盘
2150,13:11:40,3.99,0.0,39,15561,卖盘
2151,13:11:43,3.99,0.0,84,33516,卖盘
2152,13:11:46,3.99,0.0,21,8379,卖盘
2153,13:11:49,3.99,0.0,363,144837,卖盘
2154,13:12:04,3.98,-0.01,108,43044,卖盘
2155,13:12:07,3.98,0.0,35,13955,卖盘
2156,13:12:13,3.99,0.01,5,1995,买盘
2157,13:12:16,3.99,0.0,1,399,买盘
2158,13:12:18,3.98,-0.01,56,22288,卖盘
2159,13:12:21,3.98,0.0,14,5572,卖盘
2160,13:12:28,3.98,0.0,201,79998,卖盘
2161,13:12:31,3.98,0.0,169,67272,卖盘
2162,13:12:34,3.98,0.0,2049,815502,卖盘
2163,13:12:37,3.99,0.01,53,21144,买盘
2164,13:12:39,3.98,-0.01,31,12338,卖盘
2165,13:12:43,3.98,0.0,160,63730,卖盘
2166,13:12:45,3.98,0.0,35,13930,卖盘
2167,13:12:48,3.98,0.0,30,11940,卖盘
2168,13:12:52,3.98,0.0,10,3980,买盘
2169,13:12:55,3.98,0.0,1,398,买盘
2170,13:12:58,3.97,-0.01,21,8337,卖盘
2171,13:13:04,3.98,0.01,260,103458,买盘
2172,13:13:07,3.97,-0.01,128,50816,卖盘
2173,13:13:13,3.98,0.01,10,3980,买盘
2174,13:13:16,3.97,-0.01,158,62726,卖盘
2175,13:13:22,3.97,0.0,96,38112,卖盘
2176,13:13:25,3.97,0.0,42,16674,卖盘
2177,13:13:28,3.97,0.0,66,26202,卖盘
2178,13:13:31,3.97,0.0,77,30569,卖盘
2179,13:13:34,3.97,0.0,57,22629,卖盘
2180,13:13:36,3.97,0.0,49,19453,卖盘
2181,13:13:39,3.97,0.0,3,1191,卖盘
2182,13:13:43,3.97,0.0,104,41378,卖盘
2183,13:13:49,3.97,0.0,560,222320,卖盘
2184,13:13:52,3.97,0.0,58,23026,卖盘
2185,13:13:55,3.97,0.0,55,21885,卖盘
2186,13:14:01,3.97,0.0,197,78259,卖盘
2187,13:14:04,3.97,0.0,128,50816,卖盘
2188,13:14:06,3.97,0.0,54,21438,卖盘
2189,13:14:09,3.97,0.0,86,34182,卖盘
2190,13:14:16,3.98,0.01,32,12736,买盘
2191,13:14:19,3.97,-0.01,10,3970,卖盘
2192,13:14:22,3.97,0.0,79,31363,卖盘
2193,13:14:25,3.97,0.0,1,397,卖盘
2194,13:14:31,3.98,0.01,41,16308,买盘
2195,13:14:33,3.97,-0.01,25,9945,卖盘
2196,13:14:36,3.97,0.0,80,31760,卖盘
2197,13:14:40,3.98,0.01,70,27805,买盘
2198,13:14:49,3.97,-0.01,5,1985,卖盘
2199,13:14:55,3.97,0.0,59,23423,卖盘
2200,13:15:01,3.98,0.01,25,9930,买盘
2201,13:15:04,3.97,-0.01,50,19850,卖盘
2202,13:15:07,3.98,0.01,120,47740,买盘
2203,13:15:09,3.98,0.0,23,9154,买盘
2204,13:15:13,3.97,-0.01,19,7543,卖盘
2205,13:15:15,3.98,0.01,128,50924,买盘
2206,13:15:21,3.97,-0.01,37,14689,卖盘
2207,13:15:28,3.97,0.0,7,2779,卖盘
2208,13:15:30,3.98,0.01,61,24228,买盘
2209,13:15:37,3.97,-0.01,108,42884,卖盘
2210,13:15:40,3.97,0.0,15,5955,卖盘
2211,13:15:43,3.97,0.0,36,14292,卖盘
2212,13:15:45,3.97,0.0,4,1588,卖盘
2213,13:15:49,3.97,0.0,56,22238,卖盘
2214,13:15:55,3.97,0.0,66,26202,卖盘
2215,13:15:58,3.97,0.0,82,32561,卖盘
2216,13:16:01,3.97,0.0,100,39700,卖盘
2217,13:16:04,3.97,0.0,5,1985,卖盘
2218,13:16:07,3.97,0.0,28,11116,卖盘
2219,13:16:10,3.97,0.0,10,3970,卖盘
2220,13:16:19,3.98,0.01,68,27064,买盘
2221,13:16:22,3.97,-0.01,21,8337,卖盘
2222,13:16:28,3.97,0.0,28,11116,卖盘
2223,13:16:31,3.98,0.01,75,29850,买盘
2224,13:16:34,3.98,0.0,30,11940,买盘
2225,13:16:37,3.97,-0.01,143,56814,卖盘
2226,13:16:43,3.97,0.0,21,8337,卖盘
2227,13:16:52,3.97,0.0,765,303705,卖盘
2228,13:16:55,3.97,0.0,8,3176,买盘
2229,13:16:58,3.97,0.0,4,1588,卖盘
2230,13:17:01,3.97,0.0,42,16674,卖盘
2231,13:17:07,3.98,0.01,16,6360,买盘
2232,13:17:19,3.97,-0.01,50,19850,买盘
2233,13:17:24,3.97,0.0,30,11910,买盘
2234,13:17:31,3.97,0.0,100,39700,买盘
2235,13:17:40,3.97,0.0,17,6749,买盘
2236,13:17:46,3.97,0.0,28,11111,买盘
2237,13:17:49,3.96,-0.01,809,320364,卖盘
2238,13:17:55,3.97,0.01,14,5558,买盘
2239,13:18:01,3.96,-0.01,1017,402732,卖盘
2240,13:18:04,3.96,0.0,26,10296,卖盘
2241,13:18:07,3.97,0.01,4,1588,买盘
2242,13:18:10,3.97,0.0,104,41188,买盘
2243,13:18:13,3.96,-0.01,1756,696132,卖盘
2244,13:18:22,3.96,0.0,160,63370,卖盘
2245,13:18:25,3.96,0.0,41,16236,卖盘
2246,13:18:28,3.96,0.0,1,396,卖盘
2247,13:18:31,3.96,0.0,150,59400,卖盘
2248,13:18:37,3.96,0.0,476,188496,卖盘
2249,13:18:40,3.96,0.0,310,122760,卖盘
2250,13:18:43,3.96,0.0,191,75636,卖盘
2251,13:18:45,3.96,0.0,2,792,买盘
2252,13:18:51,3.95,-0.01,60,23710,卖盘
2253,13:18:57,3.96,0.01,20,7920,买盘
2254,13:19:01,3.95,-0.01,1,395,卖盘
2255,13:19:04,3.96,0.01,20,7916,买盘
2256,13:19:09,3.95,-0.01,25,9875,卖盘
2257,13:19:13,3.96,0.01,630,249350,买盘
2258,13:19:16,3.95,-0.01,212,83740,卖盘
2259,13:19:19,3.96,0.01,40,15840,买盘
2260,13:19:22,3.95,-0.01,2,790,卖盘
2261,13:19:25,3.95,0.0,138,54549,卖盘
2262,13:19:28,3.96,0.01,11,4356,买盘
2263,13:19:30,3.95,-0.01,8,3160,卖盘
2264,13:19:34,3.95,0.0,20,7900,卖盘
2265,13:19:36,3.95,0.0,45,17775,卖盘
2266,13:19:40,3.95,0.0,50,19750,卖盘
2267,13:19:43,3.95,0.0,158,62410,卖盘
2268,13:19:46,3.95,0.0,330,130450,卖盘
2269,13:19:49,3.96,0.01,100,39600,买盘
2270,13:19:52,3.95,-0.01,33,13035,卖盘
2271,13:19:55,3.95,0.0,3,1185,卖盘
2272,13:19:58,3.95,0.0,100,39500,卖盘
2273,13:20:10,3.95,0.0,9,3557,卖盘
2274,13:20:13,3.96,0.01,30,11880,买盘
2275,13:20:19,3.95,-0.01,40,15800,卖盘
2276,13:20:22,3.95,0.0,91,35945,卖盘
2277,13:20:25,3.96,0.01,68,26928,买盘
2278,13:20:28,3.95,-0.01,309,122095,卖盘
2279,13:20:31,3.95,0.0,12,4750,卖盘
2280,13:20:34,3.95,0.0,67,26465,卖盘
2281,13:20:37,3.95,0.0,29,11464,卖盘
2282,13:20:46,3.95,0.0,26,10270,卖盘
2283,13:20:49,3.95,0.0,50,19750,卖盘
2284,13:20:52,3.96,0.01,7,2767,买盘
2285,13:21:01,3.96,0.0,81,32046,买盘
2286,13:21:07,3.96,0.0,1,396,买盘
2287,13:21:10,3.96,0.0,52,20592,买盘
2288,13:21:22,3.96,0.0,200,79100,买盘
2289,13:21:25,3.96,0.0,30,11880,买盘
2290,13:21:28,3.95,-0.01,21,8295,卖盘
2291,13:21:31,3.96,0.01,20,7920,买盘
2292,13:21:37,3.96,0.0,35,13860,买盘
2293,13:21:43,3.95,-0.01,4,1580,卖盘
2294,13:21:48,3.95,0.0,80,31612,卖盘
2295,13:21:51,3.96,0.01,70,27720,买盘
2296,13:21:58,3.96,0.0,105,41580,买盘
2297,13:22:01,3.95,-0.01,73,28835,卖盘
2298,13:22:04,3.96,0.01,2,792,买盘
2299,13:22:07,3.96,0.0,20,7920,买盘
2300,13:22:10,3.96,0.0,50,19800,买盘
2301,13:22:16,3.96,0.0,109,43164,买盘
2302,13:22:18,3.96,0.0,305,120780,买盘
2303,13:22:24,3.96,0.0,5,1980,买盘
2304,13:22:28,3.95,-0.01,33,13038,卖盘
2305,13:22:31,3.95,0.0,167,66027,卖盘
2306,13:22:33,3.96,0.01,11,4356,买盘
2307,13:22:37,3.96,0.0,100,39600,买盘
2308,13:22:40,3.96,0.0,41,16236,买盘
2309,13:22:43,3.95,-0.01,10,3950,卖盘
2310,13:22:46,3.96,0.01,69,27324,买盘
2311,13:22:55,3.96,0.0,40,15840,买盘
2312,13:22:58,3.96,0.0,55,21780,买盘
2313,13:23:01,3.96,0.0,73,28908,买盘
2314,13:23:04,3.96,0.0,177,70092,卖盘
2315,13:23:07,3.96,0.0,8,3168,买盘
2316,13:23:10,3.95,-0.01,20,7900,卖盘
2317,13:23:13,3.95,0.0,19,7505,卖盘
2318,13:23:16,3.96,0.01,23,9108,买盘
2319,13:23:18,3.95,-0.01,103,40799,卖盘
2320,13:23:22,3.95,0.0,55,21725,卖盘
2321,13:23:31,3.96,0.01,1,396,卖盘
2322,13:23:34,3.96,0.0,82,32472,卖盘
2323,13:23:40,3.96,0.0,19,7524,买盘
2324,13:23:43,3.96,0.0,5,1980,买盘
2325,13:23:46,3.96,0.0,38,15048,买盘
2326,13:23:55,3.95,-0.01,5,1975,卖盘
2327,13:23:58,3.95,0.0,47,18566,卖盘
2328,13:24:03,3.96,0.01,155,61367,买盘
2329,13:24:07,3.95,-0.01,190,75100,卖盘
2330,13:24:13,3.96,0.01,3,1188,买盘
2331,13:24:19,3.95,-0.01,10,3950,卖盘
2332,13:24:31,3.95,0.0,39,15407,卖盘
2333,13:24:34,3.95,0.0,15,5925,卖盘
2334,13:24:37,3.95,0.0,61,24095,卖盘
2335,13:24:40,3.95,0.0,100,39500,卖盘
2336,13:24:43,3.94,-0.01,2039,804275,卖盘
2337,13:24:48,3.95,0.01,164,64679,买盘
2338,13:24:58,3.94,-0.01,10,3940,买盘
2339,13:25:04,3.93,-0.01,110,43230,卖盘
2340,13:25:07,3.94,0.01,127,50037,买盘
2341,13:25:10,3.94,0.0,22,8668,卖盘
2342,13:25:13,3.94,0.0,30,11820,卖盘
2343,13:25:19,3.94,0.0,5,1970,卖盘
2344,13:25:22,3.94,0.0,194,76446,卖盘
2345,13:25:24,3.94,0.0,9,3546,买盘
2346,13:25:27,3.94,0.0,20,7880,买盘
2347,13:25:34,3.94,0.0,60,23640,买盘
2348,13:25:37,3.94,0.0,64,25208,买盘
2349,13:25:40,3.94,0.0,55,21670,买盘
2350,13:25:46,3.93,-0.01,227,89321,卖盘
2351,13:25:49,3.94,0.01,80,31520,买盘
2352,13:25:52,3.94,0.0,220,86680,买盘
2353,13:25:54,3.94,0.0,1,394,卖盘
2354,13:26:01,3.94,0.0,167,65798,卖盘
2355,13:26:04,3.94,0.0,132,52008,卖盘
2356,13:26:07,3.94,0.0,246,96924,卖盘
2357,13:26:10,3.95,0.01,32,12630,买盘
2358,13:26:13,3.93,-0.02,101,39724,卖盘
2359,13:26:19,3.94,0.01,10,3940,买盘
2360,13:26:22,3.94,0.0,57,22458,买盘
2361,13:26:31,3.94,0.0,30,11820,卖盘
2362,13:26:34,3.94,0.0,3,1182,卖盘
2363,13:26:37,3.94,0.0,50,19700,卖盘
2364,13:26:39,3.94,0.0,22,8668,卖盘
2365,13:26:42,3.94,0.0,10,3940,买盘
2366,13:26:46,3.94,0.0,51,20094,买盘
2367,13:26:48,3.94,0.0,110,43340,卖盘
2368,13:26:52,3.94,0.0,312,123054,卖盘
2369,13:26:55,3.94,0.0,10,3940,卖盘
2370,13:26:58,3.94,0.0,116,45751,卖盘
2371,13:27:01,3.94,0.0,254,100076,买盘
2372,13:27:07,3.94,0.0,15,5910,买盘
2373,13:27:09,3.94,0.0,30,11820,买盘
2374,13:27:18,3.94,0.0,128,50432,买盘
2375,13:27:22,3.94,0.0,10,3940,卖盘
2376,13:27:24,3.94,0.0,64,25216,卖盘
2377,13:27:34,3.94,0.0,131,51614,卖盘
2378,13:27:43,3.94,0.0,87,34278,卖盘
2379,13:27:45,3.94,0.0,140,55160,卖盘
2380,13:27:49,3.95,0.01,99,39019,买盘
2381,13:27:52,3.94,-0.01,10,3940,中性盘
2382,13:27:55,3.94,0.0,26,10254,卖盘
2383,13:28:10,3.95,0.01,2,790,买盘
2384,13:28:16,3.94,-0.01,81,31985,卖盘
2385,13:28:19,3.95,0.01,192,75830,买盘
2386,13:28:24,3.94,-0.01,15,5920,卖盘
2387,13:28:30,3.95,0.01,21,8295,买盘
2388,13:28:34,3.95,0.0,10,3950,买盘
2389,13:28:40,3.95,0.0,201,79395,买盘
2390,13:28:43,3.95,0.0,89,35155,买盘
2391,13:28:45,3.95,0.0,235,92825,买盘
2392,13:28:49,3.95,0.0,29,11455,买盘
2393,13:28:52,3.95,0.0,87,34349,买盘
2394,13:28:58,3.95,0.0,76,30036,卖盘
2395,13:29:04,3.94,-0.01,84,33165,卖盘
2396,13:29:10,3.95,0.01,68,26860,买盘
2397,13:29:16,3.95,0.0,277,109415,买盘
2398,13:29:24,3.95,0.0,37,14599,买盘
2399,13:29:37,3.95,0.0,40,15800,卖盘
2400,13:29:45,3.96,0.01,276,109296,买盘
2401,13:29:48,3.95,-0.01,12,4740,卖盘
2402,13:29:51,3.96,0.01,9,3561,买盘
2403,13:29:58,3.96,0.0,20,7920,买盘
2404,13:30:01,3.95,-0.01,2,790,卖盘
2405,13:30:13,3.96,0.01,12,4752,买盘
2406,13:30:16,3.95,-0.01,45,17775,卖盘
2407,13:30:19,3.96,0.01,7,2770,买盘
2408,13:30:28,3.96,0.0,9,3564,买盘
2409,13:30:31,3.96,0.0,20,7920,买盘
2410,13:30:40,3.96,0.0,40,15840,买盘
2411,13:30:52,3.95,-0.01,35,13845,卖盘
2412,13:31:01,3.96,0.01,29,11474,买盘
2413,13:31:07,3.96,0.0,10,3960,买盘
2414,13:31:13,3.96,0.0,20,7920,买盘
2415,13:31:16,3.96,0.0,21,8316,买盘
2416,13:31:22,3.96,0.0,176,69696,买盘
2417,13:31:25,3.96,0.0,50,19800,买盘
2418,13:31:34,3.96,0.0,596,236016,买盘
2419,13:31:39,3.97,0.01,31,12307,买盘
2420,13:31:52,3.97,0.0,15,5955,买盘
2421,13:31:58,3.97,0.0,6,2382,买盘
2422,13:32:01,3.97,0.0,54,21438,买盘
2423,13:32:06,3.96,-0.01,100,39600,卖盘
2424,13:32:10,3.97,0.01,26,10322,买盘
2425,13:32:13,3.96,-0.01,126,49922,卖盘
2426,13:32:16,3.96,0.0,20,7920,卖盘
2427,13:32:25,3.97,0.01,307,121463,买盘
2428,13:32:31,3.97,0.0,56,22226,买盘
2429,13:32:36,3.97,0.0,822,326334,买盘
2430,13:32:42,3.96,-0.01,49,19404,卖盘
2431,13:32:55,3.96,0.0,56,22176,买盘
2432,13:33:04,3.96,0.0,50,19800,卖盘
2433,13:33:07,3.96,0.0,139,55044,卖盘
2434,13:33:10,3.96,0.0,31,12274,买盘
2435,13:33:19,3.96,0.0,61,24156,买盘
2436,13:33:31,3.96,0.0,18,7128,买盘
2437,13:33:34,3.95,-0.01,49,19355,卖盘
2438,13:33:37,3.96,0.01,8,3168,买盘
2439,13:33:39,3.95,-0.01,32,12640,卖盘
2440,13:33:46,3.95,0.0,114,45035,卖盘
2441,13:33:48,3.95,0.0,1,395,卖盘
2442,13:33:55,3.95,0.0,63,24935,卖盘
2443,13:34:04,3.95,0.0,20,7900,卖盘
2444,13:34:19,3.95,0.0,39,15405,卖盘
2445,13:34:22,3.95,0.0,15,5925,卖盘
2446,13:34:25,3.95,0.0,36,14220,卖盘
2447,13:34:34,3.95,0.0,21,8315,卖盘
2448,13:34:49,3.95,0.0,31,12245,卖盘
2449,13:34:52,3.96,0.01,20,7920,买盘
2450,13:35:01,3.96,0.0,65,25740,买盘
2451,13:35:04,3.96,0.0,50,19800,买盘
2452,13:35:07,3.95,-0.01,10,3950,卖盘
2453,13:35:13,3.96,0.01,110,43560,买盘
2454,13:35:15,3.95,-0.01,1616,638336,卖盘
2455,13:35:19,3.95,0.0,597,235815,买盘
2456,13:35:22,3.95,0.0,258,101905,买盘
2457,13:35:25,3.95,0.0,37,14615,买盘
2458,13:35:34,3.94,-0.01,40,15760,卖盘
2459,13:35:42,3.94,0.0,1535,604790,卖盘
2460,13:35:49,3.95,0.01,202,79590,买盘
2461,13:35:52,3.94,-0.01,234,92196,卖盘
2462,13:35:58,3.94,0.0,3,1182,买盘
2463,13:36:07,3.93,-0.01,102,40147,卖盘
2464,13:36:10,3.94,0.01,384,151296,买盘
2465,13:36:12,3.93,-0.01,48,18865,卖盘
2466,13:36:19,3.94,0.01,30,11800,买盘
2467,13:36:28,3.94,0.0,10,3940,买盘
2468,13:36:31,3.94,0.0,810,318830,买盘
2469,13:36:33,3.94,0.0,131,51514,买盘
2470,13:36:37,3.94,0.0,10,3940,买盘
2471,13:36:40,3.94,0.0,5,1970,买盘
2472,13:36:46,3.94,0.0,520,204380,买盘
2473,13:36:49,3.93,-0.01,45,17685,卖盘
2474,13:36:52,3.94,0.01,50,19700,买盘
2475,13:36:54,3.93,-0.01,7,2751,卖盘
2476,13:36:58,3.93,0.0,60,23590,卖盘
2477,13:37:01,3.93,0.0,56,22014,卖盘
2478,13:37:04,3.94,0.01,5,1970,买盘
2479,13:37:10,3.93,-0.01,17,6681,卖盘
2480,13:37:16,3.93,0.0,20,7860,卖盘
2481,13:37:19,3.94,0.01,200,78800,买盘
2482,13:37:25,3.94,0.0,100,39400,买盘
2483,13:37:31,3.94,0.0,10,3940,买盘
2484,13:37:37,3.94,0.0,543,213933,买盘
2485,13:37:43,3.93,-0.01,2363,929165,卖盘
2486,13:37:46,3.93,0.0,76,29868,买盘
2487,13:37:52,3.93,0.0,1,393,买盘
2488,13:37:55,3.93,0.0,73,28679,买盘
2489,13:37:57,3.93,0.0,562,220866,买盘
2490,13:38:00,3.92,-0.01,100,39200,卖盘
2491,13:38:04,3.93,0.01,206,80958,买盘
2492,13:38:07,3.93,0.0,50,19640,买盘
2493,13:38:10,3.93,0.0,21,8253,买盘
2494,13:38:13,3.93,0.0,1,393,买盘
2495,13:38:15,3.93,0.0,178,69954,买盘
2496,13:38:25,3.93,0.0,21,8253,卖盘
2497,13:38:28,3.93,0.0,234,91962,卖盘
2498,13:38:31,3.93,0.0,1,393,买盘
2499,13:38:34,3.93,0.0,40,15720,买盘
2500,13:38:40,3.92,-0.01,157,61688,卖盘
2501,13:38:43,3.93,0.01,101,39693,买盘
2502,13:38:45,3.92,-0.01,83,32536,卖盘
2503,13:38:49,3.92,0.0,2027,794584,卖盘
2504,13:38:52,3.92,0.0,24,9408,买盘
2505,13:39:01,3.92,0.0,50,19600,买盘
2506,13:39:10,3.92,0.0,89,34878,买盘
2507,13:39:12,3.92,0.0,202,79184,买盘
2508,13:39:19,3.91,-0.01,259,101274,卖盘
2509,13:39:21,3.92,0.01,10,3920,买盘
2510,13:39:25,3.91,-0.01,81,31721,卖盘
2511,13:39:27,3.92,0.01,10,3920,买盘
2512,13:39:31,3.92,0.0,2235,874320,买盘
2513,13:39:34,3.91,-0.01,80,31330,卖盘
2514,13:39:43,3.91,0.0,150,58650,卖盘
2515,13:39:46,3.91,0.0,333,130203,卖盘
2516,13:39:55,3.91,0.0,18,7038,买盘
2517,13:39:58,3.91,0.0,942,368258,买盘
2518,13:40:01,3.91,0.0,85,33230,买盘
2519,13:40:04,3.9,-0.01,3439,1341213,卖盘
2520,13:40:06,3.9,0.0,189,73710,买盘
2521,13:40:09,3.9,0.0,39,15210,买盘
2522,13:40:13,3.9,0.0,30,11700,买盘
2523,13:40:16,3.9,0.0,100,38920,买盘
2524,13:40:19,3.89,-0.01,682,265298,卖盘
2525,13:40:22,3.89,0.0,736,286305,卖盘
2526,13:40:25,3.89,0.0,85,33060,买盘
2527,13:40:28,3.89,0.0,10,3890,买盘
2528,13:40:31,3.89,0.0,57,22173,买盘
2529,13:40:33,3.89,0.0,76,29564,买盘
2530,13:40:36,3.89,0.0,165,64040,买盘
2531,13:40:40,3.89,0.0,110,42683,买盘
2532,13:40:43,3.89,0.0,41,15938,买盘
2533,13:40:46,3.89,0.0,87,33806,买盘
2534,13:40:49,3.89,0.0,25,9725,买盘
2535,13:40:52,3.88,-0.01,100,38800,卖盘
2536,13:40:55,3.88,0.0,683,265064,卖盘
2537,13:40:58,3.89,0.01,978,379802,买盘
2538,13:41:01,3.88,-0.01,1480,574240,卖盘
2539,13:41:04,3.88,0.0,104,40352,买盘
2540,13:41:07,3.88,0.0,202,78376,买盘
2541,13:41:10,3.88,0.0,130,50440,买盘
2542,13:41:13,3.88,0.0,707,274316,买盘
2543,13:41:16,3.88,0.0,44,17072,卖盘
2544,13:41:19,3.88,0.0,72,27934,买盘
2545,13:41:22,3.88,0.0,60,23280,卖盘
2546,13:41:25,3.88,0.0,167,64796,卖盘
2547,13:41:31,3.88,0.0,129,50052,卖盘
2548,13:41:33,3.88,0.0,855,331770,卖盘
2549,13:41:37,3.89,0.01,22,8558,买盘
2550,13:41:39,3.88,-0.01,105,40830,卖盘
2551,13:41:43,3.88,0.0,3,1164,卖盘
2552,13:41:45,3.88,0.0,25,9700,卖盘
2553,13:41:49,3.88,0.0,19,7382,卖盘
2554,13:41:52,3.88,0.0,9,3492,卖盘
2555,13:41:55,3.89,0.01,88,34232,买盘
2556,13:41:58,3.88,-0.01,193,74984,卖盘
2557,13:42:01,3.89,0.01,255,99145,买盘
2558,13:42:04,3.89,0.0,80,31120,买盘
2559,13:42:07,3.89,0.0,195,75855,买盘
2560,13:42:10,3.89,0.0,245,95100,买盘
2561,13:42:13,3.89,0.0,110,42790,买盘
2562,13:42:15,3.89,0.0,151,58739,买盘
2563,13:42:19,3.88,-0.01,65,25277,卖盘
2564,13:42:22,3.89,0.01,333,129537,买盘
2565,13:42:25,3.89,0.0,450,175035,买盘
2566,13:42:28,3.89,0.0,115,44735,买盘
2567,13:42:31,3.89,0.0,272,105805,买盘
2568,13:42:43,3.89,0.0,800,311200,卖盘
2569,13:42:46,3.89,0.0,58,22619,卖盘
2570,13:42:49,3.89,0.0,10,3890,卖盘
2571,13:42:52,3.89,0.0,37,14420,卖盘
2572,13:42:55,3.89,0.0,60,23340,卖盘
2573,13:42:58,3.9,0.01,42,16339,买盘
2574,13:43:04,3.89,-0.01,50,19450,卖盘
2575,13:43:07,3.9,0.01,20,7800,买盘
2576,13:43:09,3.9,0.0,11,4290,买盘
2577,13:43:13,3.89,-0.01,107,41723,卖盘
2578,13:43:16,3.9,0.01,2,780,买盘
2579,13:43:18,3.9,0.0,13,5060,买盘
2580,13:43:22,3.9,0.0,108,42022,买盘
2581,13:43:25,3.9,0.0,297,115782,买盘
2582,13:43:27,3.9,0.0,40,15590,买盘
2583,13:43:31,3.9,0.0,1234,481160,买盘
2584,13:43:34,3.9,0.0,458,178620,卖盘
2585,13:43:37,3.89,-0.01,540,210100,卖盘
2586,13:43:43,3.9,0.01,150,58400,买盘
2587,13:43:49,3.9,0.0,176,68640,买盘
2588,13:43:52,3.9,0.0,130,50700,卖盘
2589,13:43:55,3.9,0.0,17,6630,卖盘
2590,13:44:04,3.9,0.0,13,5078,卖盘
2591,13:44:07,3.91,0.01,35,13655,买盘
2592,13:44:10,3.9,-0.01,13,5070,卖盘
2593,13:44:16,3.91,0.01,4,1564,买盘
2594,13:44:19,3.91,0.0,1,391,买盘
2595,13:44:21,3.9,-0.01,255,99700,卖盘
2596,13:44:24,3.91,0.01,50,19550,买盘
2597,13:44:28,3.91,0.0,7,2737,买盘
2598,13:44:31,3.9,-0.01,10,3900,卖盘
2599,13:44:37,3.91,0.01,77,30107,买盘
2600,13:44:39,3.9,-0.01,63,24571,卖盘
2601,13:44:46,3.91,0.01,21,8211,买盘
2602,13:44:49,3.9,-0.01,13,5070,卖盘
2603,13:44:51,3.91,0.01,5,1955,买盘
2604,13:44:58,3.91,0.0,39,15249,买盘
2605,13:45:07,3.9,-0.01,9,3510,卖盘
2606,13:45:09,3.91,0.01,467,182230,买盘
2607,13:45:13,3.91,0.0,1,391,买盘
2608,13:45:16,3.9,-0.01,61,23803,卖盘
2609,13:45:22,3.91,0.01,78,30423,买盘
2610,13:45:25,3.91,0.0,300,117300,买盘
2611,13:45:28,3.9,-0.01,5,1950,卖盘
2612,13:45:31,3.91,0.01,148,57868,买盘
2613,13:45:34,3.91,0.0,15,5865,买盘
2614,13:45:36,3.9,-0.01,9,3510,卖盘
2615,13:45:40,3.91,0.01,1,391,买盘
2616,13:45:43,3.91,0.0,80,31280,买盘
2617,13:45:46,3.9,-0.01,30,11700,卖盘
2618,13:45:49,3.91,0.01,96,37481,买盘
2619,13:45:55,3.91,0.0,6,2346,买盘
2620,13:45:58,3.91,0.0,101,39490,买盘
2621,13:46:04,3.91,0.0,6,2346,买盘
2622,13:46:07,3.9,-0.01,30,11700,卖盘
2623,13:46:10,3.91,0.01,60,23460,买盘
2624,13:46:16,3.91,0.0,50,19550,买盘
2625,13:46:25,3.9,-0.01,115,44955,卖盘
2626,13:46:28,3.91,0.01,30,11730,买盘
2627,13:46:31,3.9,-0.01,113,44083,卖盘
2628,13:46:34,3.9,0.0,135,52660,卖盘
2629,13:46:37,3.91,0.01,10,3910,买盘
2630,13:46:40,3.9,-0.01,4,1560,卖盘
2631,13:46:46,3.9,0.0,100,39000,卖盘
2632,13:46:49,3.9,0.0,1105,430950,卖盘
2633,13:46:51,3.9,0.0,27,10530,卖盘
2634,13:46:55,3.9,0.0,12,4680,卖盘
2635,13:47:16,3.9,0.0,5,1950,买盘
2636,13:47:19,3.9,0.0,10,3900,买盘
2637,13:47:22,3.9,0.0,30,11700,买盘
2638,13:47:25,3.9,0.0,11,4290,买盘
2639,13:47:28,3.9,0.0,112,43598,买盘
2640,13:47:31,3.9,0.0,105,40950,买盘
2641,13:47:37,3.89,-0.01,103,40067,卖盘
2642,13:47:40,3.89,0.0,88,34232,卖盘
2643,13:47:43,3.9,0.01,60,23400,买盘
2644,13:47:46,3.9,0.0,53,20670,买盘
2645,13:47:49,3.9,0.0,105,40945,买盘
2646,13:47:52,3.89,-0.01,9,3501,卖盘
2647,13:47:54,3.9,0.01,3,1170,买盘
2648,13:47:57,3.9,0.0,30,11700,买盘
2649,13:48:10,3.9,0.0,10,3900,买盘
2650,13:48:13,3.9,0.0,12,4680,买盘
2651,13:48:16,3.89,-0.01,11,4289,卖盘
2652,13:48:30,3.89,0.0,2,778,卖盘
2653,13:48:36,3.9,0.01,105,40900,买盘
2654,13:48:40,3.9,0.0,22,8580,买盘
2655,13:48:43,3.9,0.0,20,7790,买盘
2656,13:48:46,3.9,0.0,40,15600,买盘
2657,13:48:49,3.89,-0.01,100,38900,卖盘
2658,13:48:52,3.89,0.0,100,38900,卖盘
2659,13:48:55,3.89,0.0,3,1167,卖盘
2660,13:48:58,3.89,0.0,1005,390945,卖盘
2661,13:49:01,3.89,0.0,12,4668,卖盘
2662,13:49:04,3.9,0.01,204,79560,买盘
2663,13:49:07,3.89,-0.01,11,4279,卖盘
2664,13:49:09,3.89,0.0,214,83246,卖盘
2665,13:49:13,3.89,0.0,590,229510,卖盘
2666,13:49:16,3.89,0.0,1153,448517,买盘
2667,13:49:19,3.9,0.01,2,780,买盘
2668,13:49:22,3.89,-0.01,60,23340,卖盘
2669,13:49:28,3.89,0.0,120,46680,卖盘
2670,13:49:31,3.89,0.0,5,1945,卖盘
2671,13:49:37,3.9,0.01,127,49460,买盘
2672,13:49:39,3.89,-0.01,109,42401,卖盘
2673,13:49:42,3.89,0.0,20,7780,买盘
2674,13:49:46,3.89,0.0,75,29175,买盘
2675,13:49:49,3.88,-0.01,10,3880,卖盘
2676,13:49:52,3.89,0.01,119,46291,买盘
2677,13:49:54,3.89,0.0,100,38900,买盘
2678,13:49:57,3.88,-0.01,30,11640,卖盘
2679,13:50:00,3.89,0.01,66,25674,买盘
2680,13:50:06,3.89,0.0,32,12448,卖盘
2681,13:50:10,3.89,0.0,48,18672,卖盘
2682,13:50:13,3.89,0.0,93,36177,卖盘
2683,13:50:16,3.89,0.0,127,49403,卖盘
2684,13:50:18,3.89,0.0,623,242887,买盘
2685,13:50:22,3.9,0.01,20,7800,买盘
2686,13:50:24,3.89,-0.01,56,21834,卖盘
2687,13:50:28,3.89,0.0,160,62240,卖盘
2688,13:50:43,3.89,0.0,3,1167,卖盘
2689,13:50:49,3.9,0.01,10,3900,买盘
2690,13:50:54,3.89,-0.01,58,22562,卖盘
2691,13:50:58,3.9,0.01,9,3510,买盘
2692,13:51:04,3.89,-0.01,10,3890,卖盘
2693,13:51:13,3.89,0.0,120,46700,卖盘
2694,13:51:16,3.89,0.0,5,1945,卖盘
2695,13:51:24,3.89,0.0,39,15181,卖盘
2696,13:51:30,3.9,0.01,423,164895,买盘
2697,13:51:34,3.9,0.0,9,3510,买盘
2698,13:51:37,3.9,0.0,50,19490,买盘
2699,13:51:40,3.9,0.0,207,80730,买盘
2700,13:51:43,3.9,0.0,299,116610,买盘
2701,13:51:48,3.89,-0.01,10,3890,卖盘
2702,13:51:52,3.9,0.01,168,65520,买盘
2703,13:51:54,3.9,0.0,287,111930,买盘
2704,13:51:57,3.9,0.0,60,23400,买盘
2705,13:52:00,3.9,0.0,8,3120,买盘
2706,13:52:04,3.9,0.0,331,128840,买盘
2707,13:52:07,3.89,-0.01,77,30028,卖盘
2708,13:52:09,3.9,0.01,176,68694,中性盘
2709,13:52:13,3.9,0.0,3,1170,买盘
2710,13:52:16,3.9,0.0,2,780,卖盘
2711,13:52:19,3.91,0.01,77,30069,买盘
2712,13:52:21,3.9,-0.01,348,135420,卖盘
2713,13:52:25,3.91,0.01,45,17585,买盘
2714,13:52:31,3.9,-0.01,4,1560,买盘
2715,13:52:34,3.9,0.0,93,36340,卖盘
2716,13:52:36,3.91,0.01,118,46107,买盘
2717,13:52:43,3.9,-0.01,429,167310,买盘
2718,13:52:46,3.91,0.01,1,391,买盘
2719,13:52:52,3.91,0.0,6,2346,买盘
2720,13:52:54,3.9,-0.01,10,3900,卖盘
2721,13:53:04,3.91,0.01,3,1173,买盘
2722,13:53:15,3.91,0.0,5,1955,买盘
2723,13:53:21,3.91,0.0,18,7038,买盘
2724,13:53:24,3.91,0.0,1,391,买盘
2725,13:53:27,3.91,0.0,30,11730,买盘
2726,13:53:34,3.9,-0.01,563,219833,卖盘
2727,13:53:46,3.91,0.01,9,3519,买盘
2728,13:53:58,3.91,0.0,134,52364,买盘
2729,13:54:07,3.9,-0.01,10,3900,卖盘
2730,13:54:10,3.91,0.01,10,3910,买盘
2731,13:54:16,3.91,0.0,30,11730,买盘
2732,13:54:21,3.91,0.0,200,78200,买盘
2733,13:54:28,3.91,0.0,10,3910,买盘
2734,13:54:31,3.91,0.0,15,5865,买盘
2735,13:54:34,3.91,0.0,290,113390,买盘
2736,13:54:37,3.91,0.0,30,11730,买盘
2737,13:54:40,3.91,0.0,27,10557,买盘
2738,13:54:43,3.91,0.0,85,33235,买盘
2739,13:54:46,3.91,0.0,294,114954,买盘
2740,13:54:48,3.9,-0.01,415,161905,卖盘
2741,13:54:52,3.91,0.01,10,3910,中性盘
2742,13:54:55,3.91,0.0,162,63342,卖盘
2743,13:55:01,3.91,0.0,20,7820,买盘
2744,13:55:04,3.91,0.0,18,7038,买盘
2745,13:55:07,3.91,0.0,11,4301,买盘
2746,13:55:15,3.91,0.0,110,43010,买盘
2747,13:55:22,3.91,0.0,8,3128,买盘
2748,13:55:27,3.9,-0.01,40,15630,卖盘
2749,13:55:34,3.91,0.01,6,2346,买盘
2750,13:55:40,3.9,-0.01,50,19500,卖盘
2751,13:55:42,3.9,0.0,1429,557310,卖盘
2752,13:55:46,3.9,0.0,16,6240,买盘
2753,13:55:49,3.9,0.0,10,3900,买盘
2754,13:55:52,3.9,0.0,34,13260,买盘
2755,13:56:07,3.9,0.0,10,3900,买盘
2756,13:56:16,3.9,0.0,319,124410,买盘
2757,13:56:19,3.9,0.0,22,8580,买盘
2758,13:56:28,3.89,-0.01,104,40556,卖盘
2759,13:56:34,3.9,0.01,14,5460,买盘
2760,13:56:36,3.9,0.0,19,7405,买盘
2761,13:56:42,3.9,0.0,77,30030,买盘
2762,13:56:46,3.89,-0.01,1,389,卖盘
2763,13:56:52,3.9,0.01,123,47882,买盘
2764,13:56:58,3.9,0.0,10,3900,买盘
2765,13:57:04,3.89,-0.01,1745,678805,卖盘
2766,13:57:07,3.89,0.0,813,316277,卖盘
2767,13:57:10,3.89,0.0,52,20197,买盘
2768,13:57:16,3.89,0.0,134,52126,买盘
2769,13:57:19,3.89,0.0,64,24896,卖盘
2770,13:57:24,3.89,0.0,41,15949,卖盘
2771,13:57:28,3.89,0.0,142,55238,卖盘
2772,13:57:30,3.89,0.0,71,27598,买盘
2773,13:57:34,3.89,0.0,93,36177,买盘
2774,13:57:37,3.89,0.0,35,13615,卖盘
2775,13:57:43,3.89,0.0,66,25674,卖盘
2776,13:57:46,3.89,0.0,33,12867,卖盘
2777,13:57:49,3.89,0.0,150,58350,卖盘
2778,13:57:55,3.89,0.0,172,66908,卖盘
2779,13:58:01,3.89,0.0,56,21784,卖盘
2780,13:58:04,3.89,0.0,10,3890,卖盘
2781,13:58:07,3.89,0.0,40,15560,卖盘
2782,13:58:10,3.89,0.0,518,201502,卖盘
2783,13:58:13,3.89,0.0,12,4668,买盘
2784,13:58:21,3.89,0.0,65,25285,买盘
2785,13:58:25,3.89,0.0,30,11670,买盘
2786,13:58:28,3.88,-0.01,51,19819,卖盘
2787,13:58:31,3.89,0.01,20,7780,买盘
2788,13:58:34,3.89,0.0,51,19839,买盘
2789,13:58:40,3.89,0.0,23,8947,买盘
2790,13:58:45,3.88,-0.01,35,13580,卖盘
2791,13:58:49,3.89,0.01,50,19450,买盘
2792,13:58:52,3.89,0.0,62,24118,买盘
2793,13:58:55,3.89,0.0,120,46680,买盘
2794,13:58:58,3.89,0.0,30,11670,买盘
2795,13:59:01,3.89,0.0,220,85580,买盘
2796,13:59:04,3.89,0.0,180,70020,买盘
2797,13:59:06,3.89,0.0,19,7391,买盘
2798,13:59:10,3.89,0.0,107,41623,买盘
2799,13:59:15,3.89,0.0,110,42790,买盘
2800,13:59:22,3.89,0.0,100,38900,买盘
2801,13:59:25,3.89,0.0,163,63407,买盘
2802,13:59:28,3.89,0.0,50,19450,买盘
2803,13:59:31,3.89,0.0,13,5057,买盘
2804,13:59:34,3.89,0.0,76,29564,卖盘
2805,13:59:37,3.89,0.0,7,2723,卖盘
2806,13:59:40,3.89,0.0,195,75855,卖盘
2807,13:59:43,3.89,0.0,30,11670,买盘
2808,13:59:48,3.89,0.0,27,10503,买盘
2809,13:59:55,3.89,0.0,28,10892,买盘
2810,13:59:58,3.89,0.0,60,23340,买盘
2811,14:00:04,3.88,-0.01,20,7760,卖盘
2812,14:00:07,3.88,0.0,23,8929,卖盘
2813,14:00:10,3.89,0.01,17,6613,买盘
2814,14:00:13,3.88,-0.01,20,7760,卖盘
2815,14:00:16,3.89,0.01,90,35010,买盘
2816,14:00:22,3.89,0.0,100,38900,卖盘
2817,14:00:24,3.89,0.0,2,778,卖盘
2818,14:00:30,3.89,0.0,152,59128,卖盘
2819,14:00:34,3.89,0.0,50,19450,买盘
2820,14:00:39,3.89,0.0,30,11670,卖盘
2821,14:00:42,3.88,-0.01,100,38820,卖盘
2822,14:00:46,3.89,0.01,4,1556,中性盘
2823,14:01:07,3.9,0.01,5,1950,买盘
2824,14:01:18,3.89,-0.01,2,778,卖盘
2825,14:01:22,3.9,0.01,5,1950,买盘
2826,14:01:24,3.9,0.0,100,39000,买盘
2827,14:01:27,3.89,-0.01,20,7780,卖盘
