,time,price,change,volume,amount,type
0,09:25:04,5.95,0.11,450,267798,买盘
1,09:30:00,5.95,0.0,5,2975,卖盘
2,09:30:05,5.97,0.02,234,139367,中性盘
3,09:30:07,5.96,-0.01,110,65599,卖盘
4,09:30:09,5.99,0.03,95,56780,买盘
5,09:30:16,5.98,-0.01,27,16146,卖盘
6,09:30:18,5.99,0.01,56,33508,买盘
7,09:30:21,5.97,-0.02,3,1791,卖盘
8,09:30:24,5.97,0.0,2,1194,买盘
9,09:30:27,5.99,0.02,195,116711,买盘
10,09:30:33,5.97,-0.02,20,11940,卖盘
11,09:30:36,5.99,0.02,33,19703,买盘
12,09:30:39,5.99,0.0,4,2396,卖盘
13,09:30:42,6.0,0.01,53,31800,买盘
14,09:30:45,5.99,-0.01,25,14975,卖盘
15,09:30:49,6.0,0.01,6,3600,买盘
16,09:30:52,5.98,-0.02,29,17362,卖盘
17,09:30:54,5.98,0.0,1,598,买盘
18,09:31:01,5.96,-0.02,230,137128,卖盘
19,09:31:06,5.96,0.0,1,596,买盘
20,09:31:16,5.96,0.0,8,4768,买盘
21,09:31:18,5.95,-0.01,22,13090,卖盘
22,09:31:22,5.96,0.01,4,2384,买盘
23,09:31:24,5.96,0.0,7,4172,买盘
24,09:31:31,5.95,-0.01,23,13686,卖盘
25,09:31:36,5.96,0.01,28,16688,买盘
26,09:31:42,5.96,0.0,1,596,买盘
27,09:31:48,5.96,0.0,18,10728,买盘
28,09:31:52,5.96,0.0,55,32745,买盘
29,09:31:55,5.94,-0.02,265,157418,卖盘
30,09:31:57,5.94,0.0,11,6534,卖盘
31,09:32:00,5.94,0.0,56,33264,卖盘
32,09:32:04,5.94,0.0,22,13068,卖盘
33,09:32:16,5.94,0.0,10,5940,卖盘
34,09:32:21,5.95,0.01,8,4760,买盘
35,09:32:24,5.94,-0.01,13,7722,卖盘
36,09:32:31,5.94,0.0,17,10099,卖盘
37,09:32:34,5.94,0.0,1,594,买盘
38,09:32:36,5.94,0.0,5,2970,买盘
39,09:32:39,5.94,0.0,1,594,买盘
40,09:32:49,5.95,0.01,1,595,买盘
41,09:32:51,5.94,-0.01,15,8910,卖盘
42,09:32:54,5.94,0.0,23,13662,买盘
43,09:32:57,5.94,0.0,13,7722,买盘
44,09:33:00,5.94,0.0,3,1782,买盘
45,09:33:05,5.93,-0.01,46,27279,卖盘
46,09:33:12,5.94,0.01,3,1782,卖盘
47,09:33:15,5.94,0.0,15,8910,买盘
48,09:33:21,5.95,0.01,2,1190,买盘
49,09:33:42,5.95,0.0,1,595,买盘
50,09:33:45,5.95,0.0,1,595,买盘
51,09:33:48,5.95,0.0,1,595,买盘
52,09:33:52,5.95,0.0,11,6593,买盘
53,09:33:54,5.97,0.02,126,75160,买盘
54,09:34:00,5.97,0.0,1,597,买盘
55,09:34:04,5.97,0.0,2,1194,买盘
56,09:34:06,5.97,0.0,71,42387,买盘
57,09:34:09,5.97,0.0,7,4181,卖盘
58,09:34:18,5.98,0.01,26,15548,买盘
59,09:34:21,5.97,-0.01,66,39402,卖盘
60,09:34:28,5.97,0.0,12,7164,买盘
61,09:34:42,5.97,0.0,9,5373,买盘
62,09:34:48,5.96,-0.01,4,2384,卖盘
63,09:34:51,5.96,0.0,6,3576,买盘
64,09:34:57,5.96,0.0,50,29800,买盘
65,09:35:04,5.95,-0.01,7,4165,卖盘
66,09:35:09,5.95,0.0,50,29750,卖盘
67,09:35:13,5.96,0.01,1,596,买盘
68,09:35:24,5.96,0.0,2,1192,买盘
69,09:35:33,5.95,-0.01,7,4165,卖盘
70,09:35:45,5.96,0.01,5,2980,买盘
71,09:36:03,5.96,0.0,8,4761,买盘
72,09:36:09,5.95,-0.01,21,12496,卖盘
73,09:36:22,5.96,0.01,6,3576,买盘
74,09:36:24,5.96,0.0,1,596,买盘
75,09:36:33,5.95,-0.01,7,4165,卖盘
76,09:36:39,5.94,-0.01,27,15992,卖盘
77,09:37:00,5.94,0.0,3,1830,买盘
78,09:37:04,5.93,-0.01,7,4153,卖盘
79,09:37:24,5.93,0.0,35,20755,卖盘
80,09:37:33,5.94,0.01,9,5339,买盘
81,09:37:36,5.93,-0.01,6,3558,卖盘
82,09:37:39,5.93,0.0,1,593,卖盘
83,09:37:51,5.93,0.0,9,5290,卖盘
84,09:38:04,5.93,0.0,8,4737,买盘
85,09:38:16,5.94,0.01,57,33858,卖盘
86,09:38:21,5.93,-0.01,4,2372,买盘
87,09:38:24,5.93,0.0,1,593,买盘
88,09:38:33,5.93,0.0,7,4151,卖盘
89,09:38:39,5.94,0.01,20,11880,买盘
90,09:38:46,5.93,-0.01,228,135405,卖盘
91,09:38:51,5.93,0.0,1,593,买盘
92,09:38:57,5.93,0.0,1,593,买盘
93,09:39:04,5.92,-0.01,7,4144,卖盘
94,09:39:12,5.92,0.0,42,24864,卖盘
95,09:39:18,5.92,0.0,63,37290,买盘
96,09:39:33,5.92,0.0,1,592,卖盘
97,09:39:48,5.92,0.0,60,35520,买盘
98,09:40:04,5.91,-0.01,7,4137,卖盘
99,09:40:06,5.91,0.0,33,19503,卖盘
100,09:40:09,5.91,0.0,6,3546,卖盘
101,09:40:24,5.91,0.0,1,591,买盘
102,09:40:27,5.91,0.0,31,18321,买盘
103,09:40:33,5.9,-0.01,7,4131,卖盘
104,09:41:04,5.91,0.01,7,4137,卖盘
105,09:41:06,5.92,0.01,1,592,买盘
106,09:41:09,5.91,-0.01,54,31914,卖盘
107,09:41:33,5.92,0.01,8,4722,买盘
108,09:41:39,5.9,-0.02,92,54280,卖盘
109,09:41:42,5.9,0.0,17,10030,买盘
110,09:41:46,5.9,0.0,4,2360,买盘
111,09:41:51,5.9,0.0,6,3540,买盘
112,09:41:54,5.9,0.0,5,2950,买盘
113,09:42:04,5.89,-0.01,7,4123,卖盘
114,09:42:28,5.9,0.01,216,127440,买盘
115,09:42:30,5.91,0.01,3,1773,买盘
116,09:42:33,5.89,-0.02,7,4123,卖盘
117,09:43:03,5.9,0.01,7,4130,卖盘
118,09:43:09,5.9,0.0,22,12980,卖盘
119,09:43:33,5.91,0.01,95,56138,买盘
120,09:43:36,5.91,0.0,12,7092,买盘
121,09:43:39,5.92,0.01,1,592,买盘
122,09:43:45,5.92,0.0,20,11840,买盘
123,09:44:04,5.9,-0.02,7,4130,卖盘
124,09:44:24,5.91,0.01,1,591,卖盘
125,09:44:27,5.91,0.0,1,591,卖盘
126,09:44:33,5.9,-0.01,7,4130,卖盘
127,09:45:03,5.92,0.02,8,4722,买盘
128,09:45:22,5.91,-0.01,20,11820,买盘
129,09:45:27,5.91,0.0,13,7683,买盘
130,09:45:34,5.9,-0.01,7,4130,卖盘
131,09:45:39,5.9,0.0,64,37760,卖盘
132,09:45:58,5.9,0.0,1,590,买盘
133,09:46:00,5.9,0.0,2,1180,买盘
134,09:46:04,5.89,-0.01,7,4123,卖盘
135,09:46:06,5.9,0.01,1,590,买盘
136,09:46:19,5.9,0.0,1,590,买盘
137,09:46:22,5.9,0.0,10,5900,买盘
138,09:46:24,5.9,0.0,40,23600,买盘
139,09:46:34,5.89,-0.01,7,4123,卖盘
140,09:46:48,5.91,0.02,8,4728,买盘
141,09:46:51,5.91,0.0,1,591,买盘
142,09:47:04,5.91,0.0,45,26581,买盘
143,09:47:34,5.91,0.0,1,591,卖盘
144,09:47:36,5.92,0.01,27,15978,买盘
145,09:47:42,5.91,-0.01,2,1182,卖盘
146,09:48:04,5.91,0.0,7,4137,卖盘
147,09:48:33,5.91,0.0,7,4137,卖盘
148,09:49:04,5.92,0.01,9,5321,买盘
149,09:49:33,5.91,-0.01,7,4137,卖盘
150,09:49:36,5.92,0.01,34,20128,买盘
151,09:49:57,5.92,0.0,13,7696,买盘
152,09:50:00,5.92,0.0,65,38480,买盘
153,09:50:03,5.92,0.0,9,5321,买盘
154,09:50:07,5.91,-0.01,33,19510,卖盘
155,09:50:31,5.91,0.0,1,591,卖盘
156,09:50:34,5.91,0.0,8,4728,卖盘
157,09:50:51,5.91,0.0,1,591,卖盘
158,09:51:04,5.93,0.02,8,4730,买盘
159,09:51:18,5.93,0.0,1,593,买盘
160,09:51:33,5.95,0.02,484,287368,买盘
161,09:51:36,5.95,0.0,22,13090,卖盘
162,09:51:39,5.91,-0.04,106,62662,卖盘
163,09:51:54,5.94,0.03,55,32670,买盘
164,09:52:04,5.92,-0.02,3,1776,卖盘
165,09:52:06,5.96,0.04,246,146318,买盘
166,09:52:09,5.96,0.0,254,151384,卖盘
167,09:52:33,5.95,-0.01,21,12474,买盘
168,09:52:40,5.95,0.0,74,44030,买盘
169,09:52:51,5.95,0.0,40,23800,买盘
170,09:53:04,5.95,0.0,6,3570,卖盘
171,09:53:10,5.96,0.01,151,90077,买盘
172,09:53:18,5.96,0.0,60,35760,卖盘
173,09:53:25,5.96,0.0,1,596,买盘
174,09:53:33,5.95,-0.01,6,3570,卖盘
175,09:53:39,5.96,0.01,47,28012,买盘
176,09:53:45,5.96,0.0,88,52448,卖盘
177,09:54:04,5.96,0.0,6,3576,卖盘
178,09:54:06,5.97,0.01,60,35820,买盘
179,09:54:09,5.97,0.0,15,8955,买盘
180,09:54:16,5.97,0.0,63,37611,买盘
181,09:54:31,5.97,0.0,85,50745,卖盘
182,09:54:33,5.99,0.02,226,135217,买盘
183,09:54:36,5.97,-0.02,41,24477,卖盘
184,09:54:39,5.99,0.02,10,5990,买盘
185,09:54:45,5.97,-0.02,1,597,卖盘
186,09:55:00,5.99,0.02,35,20965,买盘
187,09:55:04,5.97,-0.02,35,20895,卖盘
188,09:55:12,5.97,0.0,10,5970,买盘
189,09:55:24,5.97,0.0,18,10746,买盘
190,09:55:27,5.96,-0.01,12,7152,卖盘
191,09:55:33,5.96,0.0,116,69136,买盘
192,09:55:42,5.96,0.0,73,43507,买盘
193,09:55:45,5.97,0.01,1,597,买盘
194,09:56:00,5.96,-0.01,2,1192,卖盘
195,09:56:06,5.96,0.0,15,8940,卖盘
196,09:56:24,5.96,0.0,21,12516,卖盘
197,09:56:27,5.96,0.0,10,5960,买盘
198,09:56:30,5.96,0.0,8,4768,卖盘
199,09:56:33,5.96,0.0,2,1193,卖盘
200,09:56:36,5.96,0.0,3,1788,买盘
201,09:56:42,5.96,0.0,6,3576,买盘
202,09:56:51,5.96,0.0,6,3576,卖盘
203,09:57:04,5.96,0.0,18,10728,卖盘
204,09:57:09,5.96,0.0,10,5960,买盘
205,09:57:15,5.96,0.0,11,6556,买盘
206,09:57:30,5.96,0.0,1,596,买盘
207,09:57:36,5.95,-0.01,2,1190,卖盘
208,09:57:39,5.95,0.0,5,2975,卖盘
209,09:57:45,5.95,0.0,294,174930,卖盘
210,09:58:46,5.95,0.0,1,595,买盘
211,09:58:51,5.95,0.0,28,16660,买盘
212,09:59:39,5.94,-0.01,2,1188,卖盘
213,09:59:48,5.93,-0.01,13,7709,卖盘
214,10:00:04,5.94,0.01,1,594,买盘
215,10:00:45,5.93,-0.01,7,4151,卖盘
216,10:00:57,5.93,0.0,31,18383,买盘
217,10:01:00,5.94,0.01,2,1188,买盘
218,10:01:06,5.94,0.0,1,594,买盘
219,10:01:12,5.94,0.0,29,17226,买盘
220,10:01:48,5.93,-0.01,58,34434,卖盘
221,10:01:52,5.93,0.0,11,6523,卖盘
222,10:01:54,5.93,0.0,9,5337,买盘
223,10:02:16,5.9,-0.03,150,88635,卖盘
224,10:02:39,5.94,0.04,110,65142,买盘
225,10:02:46,5.93,-0.01,6,3558,中性盘
226,10:03:09,5.94,0.01,11,6534,买盘
227,10:03:12,5.94,0.0,10,5940,卖盘
228,10:03:33,5.97,0.03,223,132951,买盘
229,10:03:36,5.97,0.0,128,76416,卖盘
230,10:03:43,5.97,0.0,115,68655,卖盘
231,10:03:48,5.97,0.0,10,5970,卖盘
232,10:03:54,5.97,0.0,20,11940,卖盘
233,10:03:57,5.97,0.0,4,2388,卖盘
234,10:04:00,5.97,0.0,9,5373,买盘
235,10:04:33,5.97,0.0,1,597,买盘
236,10:04:57,5.96,-0.01,63,37548,卖盘
237,10:05:12,5.96,0.0,3,1788,买盘
238,10:05:36,5.96,0.0,17,10132,买盘
239,10:05:54,5.97,0.01,315,188055,买盘
240,10:06:04,5.98,0.01,1,598,买盘
241,10:06:06,5.98,0.0,101,60398,买盘
242,10:06:09,5.98,0.0,512,306826,买盘
243,10:06:12,6.0,0.02,50,30000,买盘
244,10:06:15,5.99,-0.01,51,30549,中性盘
245,10:06:19,6.0,0.01,271,162580,买盘
246,10:06:22,6.0,0.0,6,3600,买盘
247,10:06:24,6.02,0.02,212,127573,买盘
248,10:06:27,6.04,0.02,132,79514,买盘
249,10:06:30,6.08,0.04,176,106657,买盘
250,10:06:42,6.05,-0.03,36,21780,买盘
251,10:06:45,6.1,0.05,190,115326,买盘
252,10:06:54,6.09,-0.01,199,121033,买盘
253,10:06:57,6.09,0.0,43,26076,买盘
254,10:07:00,6.07,-0.02,26,15748,中性盘
255,10:07:04,6.07,0.0,8,4856,买盘
256,10:07:06,6.07,0.0,3,1821,买盘
257,10:07:09,6.07,0.0,3,1821,买盘
258,10:07:12,6.07,0.0,12,7284,买盘
259,10:07:19,6.06,-0.01,1,606,卖盘
260,10:07:21,6.05,-0.01,133,80543,卖盘
261,10:07:24,6.05,0.0,548,331540,卖盘
262,10:07:30,6.05,0.0,95,57475,卖盘
263,10:07:33,6.05,0.0,80,48400,卖盘
264,10:07:36,6.05,0.0,13,7865,买盘
265,10:07:48,6.05,0.0,67,40535,买盘
266,10:07:54,6.05,0.0,2,1210,卖盘
267,10:07:57,6.05,0.0,5,3025,买盘
268,10:08:00,6.05,0.0,1,605,买盘
269,10:08:04,6.04,-0.01,3,1813,卖盘
270,10:08:06,6.04,0.0,8,4832,买盘
271,10:08:09,6.04,0.0,3,1812,中性盘
272,10:08:16,6.04,0.0,5,3020,卖盘
273,10:08:21,6.04,0.0,9,5436,卖盘
274,10:08:36,6.04,0.0,78,47112,卖盘
275,10:08:46,6.04,0.0,13,7852,卖盘
276,10:08:57,6.03,-0.01,20,12060,卖盘
277,10:09:04,6.03,0.0,1,603,卖盘
278,10:09:06,6.04,0.01,6,3624,买盘
279,10:09:33,6.03,-0.01,39,23517,卖盘
280,10:09:42,6.03,0.0,54,32562,买盘
281,10:09:48,6.03,0.0,35,21105,买盘
282,10:09:54,6.03,0.0,1,603,卖盘
283,10:10:06,6.03,0.0,1,603,买盘
284,10:10:24,6.02,-0.01,16,9632,卖盘
285,10:10:27,6.02,0.0,10,6020,卖盘
286,10:10:30,6.02,0.0,37,22274,卖盘
287,10:10:39,6.02,0.0,20,12021,买盘
288,10:10:51,6.02,0.0,16,9630,买盘
289,10:10:58,6.02,0.0,47,28294,买盘
290,10:11:09,6.02,0.0,20,12040,卖盘
291,10:11:18,6.02,0.0,1,602,卖盘
292,10:11:21,6.02,0.0,4,2408,买盘
293,10:11:39,6.02,0.0,95,57190,买盘
294,10:11:52,6.03,0.01,20,12060,买盘
295,10:12:06,6.04,0.01,79,47716,买盘
296,10:12:12,6.05,0.01,61,36905,买盘
297,10:12:21,6.05,0.0,60,36300,买盘
298,10:12:27,6.05,0.0,50,30250,买盘
299,10:12:30,6.05,0.0,1,605,买盘
300,10:12:48,6.04,-0.01,8,4832,卖盘
301,10:12:51,6.05,0.01,11,6655,买盘
302,10:12:54,6.04,-0.01,26,15725,卖盘
303,10:13:01,6.04,0.0,28,16912,买盘
304,10:13:06,6.06,0.02,140,84824,买盘
305,10:13:13,6.06,0.0,39,23634,卖盘
306,10:13:15,6.06,0.0,209,126854,卖盘
307,10:13:21,6.07,0.01,8,4856,买盘
308,10:13:39,6.08,0.01,9,5472,买盘
309,10:13:42,6.07,-0.01,154,93478,卖盘
310,10:13:54,6.06,-0.01,10,6060,卖盘
311,10:13:57,6.08,0.02,200,121544,买盘
312,10:14:00,6.06,-0.02,100,60600,卖盘
313,10:14:12,6.06,0.0,112,67872,卖盘
314,10:14:22,6.05,-0.01,30,18150,卖盘
315,10:14:27,6.05,0.0,200,121000,买盘
316,10:14:54,6.04,-0.01,12,7248,卖盘
317,10:15:00,6.05,0.01,2,1210,买盘
318,10:15:24,6.05,0.0,194,117370,买盘
319,10:15:36,6.05,0.0,11,6656,卖盘
320,10:15:39,6.05,0.0,3,1815,卖盘
321,10:15:42,6.05,0.0,6,3630,卖盘
322,10:15:45,6.05,0.0,115,69575,卖盘
323,10:15:48,6.06,0.01,5,3030,买盘
324,10:16:09,6.05,-0.01,30,18150,卖盘
325,10:16:30,6.06,0.01,106,64236,买盘
326,10:16:33,6.06,0.0,5,3030,卖盘
327,10:16:39,6.06,0.0,50,30300,卖盘
328,10:16:46,6.06,0.0,17,10302,卖盘
329,10:17:33,6.05,-0.01,22,13328,卖盘
330,10:17:52,6.05,0.0,8,4840,卖盘
331,10:18:06,6.05,0.0,1,605,买盘
332,10:18:51,6.04,-0.01,17,10268,卖盘
333,10:18:57,6.06,0.02,47,28465,买盘
334,10:19:04,6.06,0.0,1,606,买盘
335,10:19:45,6.06,0.0,135,81810,买盘
336,10:19:49,6.06,0.0,1,606,卖盘
337,10:19:51,6.06,0.0,325,196950,卖盘
338,10:19:57,6.06,0.0,3,1816,买盘
339,10:20:09,6.05,-0.01,25,15132,卖盘
340,10:20:27,6.05,0.0,1,605,买盘
341,10:20:54,6.04,-0.01,13,7852,卖盘
342,10:21:04,6.04,0.0,12,7248,卖盘
343,10:21:06,6.04,0.0,2,1208,买盘
344,10:21:10,6.04,0.0,1,604,买盘
345,10:21:13,6.04,0.0,3,1812,买盘
346,10:21:15,6.04,0.0,1,604,买盘
347,10:21:18,6.04,0.0,1,604,买盘
348,10:21:21,6.04,0.0,1,604,买盘
349,10:21:24,6.04,0.0,7,4228,买盘
350,10:21:27,6.04,0.0,5,3020,买盘
351,10:21:30,6.04,0.0,4,2416,买盘
352,10:21:33,6.04,0.0,2,1208,买盘
353,10:21:37,6.04,0.0,2,1208,买盘
354,10:21:39,6.04,0.0,1,604,买盘
355,10:21:42,6.04,0.0,1,604,买盘
356,10:21:45,6.04,0.0,1,604,买盘
357,10:21:48,6.04,0.0,1,604,买盘
358,10:21:51,6.03,-0.01,132,79597,卖盘
359,10:22:04,6.03,0.0,3,1809,买盘
360,10:22:06,6.03,0.0,14,8442,买盘
361,10:22:09,6.03,0.0,6,3618,买盘
362,10:22:12,6.03,0.0,6,3618,买盘
363,10:22:15,6.03,0.0,12,7236,买盘
364,10:22:18,6.03,0.0,4,2412,买盘
365,10:22:21,6.03,0.0,3,1809,买盘
366,10:22:27,6.03,0.0,14,8442,买盘
367,10:22:51,6.03,0.0,1,603,买盘
368,10:23:04,6.03,0.0,1,603,买盘
369,10:23:06,6.02,-0.01,11,6623,卖盘
370,10:23:27,6.03,0.01,60,36180,买盘
371,10:24:04,6.03,0.0,1,603,买盘
372,10:24:28,6.02,-0.01,3,1806,卖盘
373,10:24:33,6.05,0.03,84,50804,买盘
374,10:24:48,6.05,0.0,1,605,买盘
375,10:24:57,6.06,0.01,126,76354,买盘
376,10:26:04,6.06,0.0,84,50904,买盘
377,10:26:42,6.06,0.0,85,51510,买盘
378,10:26:57,6.05,-0.01,8,4840,卖盘
379,10:27:33,6.04,-0.01,20,12080,卖盘
380,10:27:48,6.04,0.0,34,20536,卖盘
381,10:28:24,6.05,0.01,142,85910,买盘
382,10:28:33,6.04,-0.01,6,3624,卖盘
383,10:28:45,6.04,0.0,5,3020,卖盘
384,10:29:00,6.04,0.0,12,7248,买盘
385,10:29:21,6.04,0.0,1,604,卖盘
386,10:29:54,6.04,0.0,1,604,买盘
387,10:31:06,6.03,-0.01,2,1206,卖盘
388,10:31:54,6.02,-0.01,12,7233,卖盘
389,10:32:09,6.02,0.0,12,7224,卖盘
390,10:32:18,6.02,0.0,11,6622,卖盘
391,10:32:30,6.02,0.0,11,6622,卖盘
392,10:32:42,6.02,0.0,12,7233,卖盘
393,10:32:51,6.02,0.0,10,6021,卖盘
394,10:33:04,6.02,0.0,11,6622,卖盘
395,10:33:16,6.02,0.0,11,6622,卖盘
396,10:33:24,6.02,0.0,11,6622,卖盘
397,10:33:33,6.02,0.0,12,7224,卖盘
398,10:33:48,6.02,0.0,10,6021,卖盘
399,10:34:00,6.02,0.0,10,6020,卖盘
400,10:34:13,6.02,0.0,11,6622,买盘
401,10:34:21,6.02,0.0,10,6020,中性盘
402,10:34:30,6.04,0.02,12,7228,买盘
403,10:34:46,6.02,-0.02,11,6623,卖盘
404,10:34:51,6.02,0.0,10,6020,卖盘
405,10:35:04,6.04,0.02,4,2416,买盘
406,10:35:06,6.02,-0.02,10,6020,卖盘
407,10:35:12,6.02,0.0,11,6622,卖盘
408,10:35:18,6.04,0.02,1,604,买盘
409,10:35:24,6.03,-0.01,11,6633,卖盘
410,10:35:39,6.02,-0.01,11,6623,卖盘
411,10:35:51,6.02,0.0,12,7226,卖盘
412,10:35:54,6.04,0.02,1,604,买盘
413,10:35:57,6.04,0.0,1,604,买盘
414,10:36:00,6.05,0.01,1,605,买盘
415,10:36:04,6.03,-0.02,10,6030,中性盘
416,10:36:10,6.03,0.0,12,7236,卖盘
417,10:36:15,6.04,0.01,20,12080,买盘
418,10:36:21,6.05,0.01,11,6636,买盘
419,10:36:30,6.05,0.0,89,53845,买盘
420,10:36:33,6.05,0.0,291,176055,买盘
421,10:36:36,6.06,0.01,13,7868,买盘
422,10:36:39,6.06,0.0,27,16362,买盘
423,10:36:45,6.05,-0.01,11,6655,卖盘
424,10:36:57,6.05,0.0,10,6050,卖盘
425,10:37:09,6.05,0.0,10,6059,卖盘
426,10:37:13,6.06,0.01,2,1213,中性盘
427,10:37:18,6.05,-0.01,11,6655,卖盘
428,10:37:27,6.05,0.0,134,81088,卖盘
429,10:37:36,6.05,0.0,94,56870,买盘
430,10:37:42,6.05,0.0,1,605,买盘
431,10:37:45,6.07,0.02,67,40651,买盘
432,10:37:48,6.07,0.0,9,5463,买盘
433,10:37:54,6.05,-0.02,11,6655,中性盘
434,10:38:04,6.05,0.0,10,6050,卖盘
435,10:38:06,6.07,0.02,10,6070,买盘
436,10:38:09,6.05,-0.02,11,6655,卖盘
437,10:38:21,6.05,0.0,12,7261,卖盘
438,10:38:30,6.07,0.02,197,119579,买盘
439,10:38:33,6.09,0.02,423,257367,买盘
440,10:38:36,6.1,0.01,50,30485,买盘
441,10:38:40,6.1,0.0,389,237290,买盘
442,10:38:42,6.1,0.0,88,53760,卖盘
443,10:38:48,6.1,0.0,213,130458,卖盘
444,10:39:04,6.1,0.0,4,2440,卖盘
445,10:39:06,6.1,0.0,69,42090,买盘
446,10:39:18,6.08,-0.02,111,67588,卖盘
447,10:39:27,6.08,0.0,11,6688,卖盘
448,10:39:36,6.1,0.02,158,96380,买盘
449,10:39:42,6.1,0.0,111,67810,卖盘
450,10:39:45,6.13,0.03,36,22056,买盘
451,10:39:55,6.1,-0.03,23,14042,卖盘
452,10:40:00,6.1,0.0,203,123830,卖盘
453,10:40:03,6.09,-0.01,181,110433,卖盘
454,10:40:12,6.09,0.0,23,14007,卖盘
455,10:40:15,6.08,-0.01,11,6688,卖盘
456,10:40:27,6.08,0.0,11,6688,卖盘
457,10:40:30,6.09,0.01,27,16443,买盘
458,10:40:36,6.08,-0.01,12,7299,卖盘
459,10:40:45,6.08,0.0,226,137408,卖盘
460,10:40:51,6.07,-0.01,9,5463,卖盘
461,10:40:54,6.07,0.0,35,21275,卖盘
462,10:41:09,6.08,0.01,9,5472,中性盘
463,10:41:18,6.07,-0.01,9,5463,卖盘
464,10:41:51,6.07,0.0,2,1214,卖盘
465,10:42:15,6.08,0.01,36,21888,卖盘
466,10:42:42,6.08,0.0,3,1824,买盘
467,10:42:51,6.08,0.0,1,608,买盘
468,10:43:04,6.08,0.0,1,608,买盘
469,10:43:27,6.07,-0.01,20,12148,卖盘
470,10:44:24,6.08,0.01,3,1824,买盘
471,10:44:33,6.1,0.02,219,133490,买盘
472,10:44:42,6.08,-0.02,24,14592,卖盘
473,10:45:00,6.08,0.0,2,1216,买盘
474,10:45:03,6.08,0.0,74,44992,买盘
475,10:45:12,6.1,0.02,2,1220,买盘
476,10:45:18,6.1,0.0,42,25620,买盘
477,10:45:27,6.09,-0.01,9,5481,卖盘
478,10:45:33,6.09,0.0,5,3045,买盘
479,10:45:36,6.09,0.0,5,3045,买盘
480,10:45:42,6.08,-0.01,10,6080,卖盘
481,10:45:46,6.09,0.01,11,6699,买盘
482,10:45:48,6.08,-0.01,10,6080,卖盘
483,10:45:51,6.09,0.01,5,3045,买盘
484,10:46:04,6.08,-0.01,15,9124,卖盘
485,10:46:12,6.09,0.01,21,12771,买盘
486,10:46:24,6.07,-0.02,11,6677,卖盘
487,10:46:36,6.07,0.0,111,67377,卖盘
488,10:46:42,6.07,0.0,259,157213,卖盘
489,10:46:45,6.06,-0.01,12,7272,卖盘
490,10:46:57,6.07,0.01,1,607,买盘
491,10:47:00,6.06,-0.01,18,10908,卖盘
492,10:47:06,6.06,0.0,12,7272,卖盘
493,10:47:18,6.06,0.0,10,6060,卖盘
494,10:47:21,6.07,0.01,40,24280,买盘
495,10:47:27,6.07,0.0,12,7284,卖盘
496,10:47:42,6.06,-0.01,17,10307,卖盘
497,10:47:57,6.07,0.01,1,607,买盘
498,10:48:00,6.07,0.0,1,607,买盘
499,10:48:04,6.07,0.0,2,1214,买盘
500,10:48:06,6.06,-0.01,12,7273,卖盘
501,10:48:09,6.07,0.01,1,607,买盘
502,10:48:13,6.06,-0.01,11,6667,卖盘
503,10:48:21,6.06,0.0,11,6666,卖盘
504,10:48:48,6.06,0.0,10,6060,卖盘
505,10:49:00,6.06,0.0,10,6060,卖盘
506,10:49:12,6.06,0.0,12,7272,卖盘
507,10:49:33,6.06,0.0,13,7879,卖盘
508,10:49:42,6.07,0.01,1,607,买盘
509,10:49:45,6.06,-0.01,12,7273,卖盘
510,10:49:54,6.06,0.0,9,5454,卖盘
511,10:50:15,6.07,0.01,4,2428,买盘
512,10:50:18,6.07,0.0,13,7879,买盘
513,10:50:30,6.06,-0.01,10,6060,卖盘
514,10:50:52,6.06,0.0,11,6666,卖盘
515,10:51:01,6.06,0.0,32,19392,卖盘
516,10:51:09,6.06,0.0,11,6666,卖盘
517,10:51:24,6.06,0.0,8,4848,卖盘
518,10:51:27,6.06,0.0,3,1818,买盘
519,10:51:33,6.06,0.0,11,6666,卖盘
520,10:51:48,6.06,0.0,14,8484,卖盘
521,10:51:57,6.06,0.0,5,3030,卖盘
522,10:52:00,6.06,0.0,1,606,买盘
523,10:52:04,6.05,-0.01,14,8472,卖盘
524,10:52:06,6.06,0.01,1,606,买盘
525,10:52:09,6.06,0.0,1,606,买盘
526,10:52:19,6.06,0.0,1,606,卖盘
527,10:52:21,6.06,0.0,1,606,买盘
528,10:52:24,6.06,0.0,1,606,买盘
529,10:52:27,6.05,-0.01,12,7261,卖盘
530,10:52:30,6.06,0.01,1,606,买盘
531,10:52:33,6.06,0.0,6,3636,买盘
532,10:52:39,6.06,0.0,11,6666,卖盘
533,10:52:54,6.06,0.0,10,6060,卖盘
534,10:53:04,6.06,0.0,10,6060,卖盘
535,10:53:12,6.06,0.0,10,6060,卖盘
536,10:53:24,6.06,0.0,10,6060,卖盘
537,10:53:30,6.06,0.0,10,6069,卖盘
538,10:53:46,6.06,0.0,10,6060,卖盘
539,10:53:51,6.06,0.0,3,1818,卖盘
540,10:53:54,6.06,0.0,15,9099,卖盘
541,10:54:09,6.06,0.0,10,6061,卖盘
542,10:54:15,6.06,0.0,11,6666,卖盘
543,10:54:33,6.06,0.0,12,7272,卖盘
544,10:54:36,6.06,0.0,11,6666,卖盘
545,10:54:39,6.08,0.02,1,608,买盘
546,10:54:51,6.08,0.0,11,6668,买盘
547,10:54:54,6.08,0.0,2,1216,买盘
548,10:54:57,6.08,0.0,1,608,买盘
549,10:55:00,6.06,-0.02,4,2424,中性盘
550,10:55:03,6.06,0.0,8,4848,买盘
551,10:55:09,6.08,0.02,5,3040,买盘
552,10:55:12,6.06,-0.02,12,7276,卖盘
553,10:55:25,6.06,0.0,10,6060,买盘
554,10:55:27,6.08,0.02,10,6080,买盘
555,10:55:33,6.06,-0.02,2,1212,卖盘
556,10:55:57,6.08,0.02,33,20064,买盘
557,10:56:04,6.08,0.0,16,9728,卖盘
558,10:56:09,6.08,0.0,34,20672,买盘
559,10:56:18,6.08,0.0,50,30400,买盘
560,10:56:22,6.08,0.0,5,3040,中性盘
561,10:56:25,6.08,0.0,1,608,买盘
562,10:56:28,6.08,0.0,1,608,买盘
563,10:56:31,6.06,-0.02,53,32124,卖盘
564,10:56:33,6.08,0.02,1,608,买盘
565,10:57:03,6.08,0.0,1,608,买盘
566,10:57:30,6.08,0.0,1,608,买盘
567,10:57:57,6.05,-0.03,500,302562,卖盘
568,10:58:21,6.06,0.01,1,606,卖盘
569,10:58:42,6.06,0.0,8,4848,卖盘
570,10:59:04,6.06,0.0,1,606,买盘
571,10:59:06,6.06,0.0,5,3030,买盘
572,10:59:09,6.06,0.0,16,9696,买盘
573,10:59:12,6.05,-0.01,51,30874,卖盘
574,10:59:15,6.05,0.0,18,10890,买盘
575,10:59:18,6.06,0.01,12,7272,买盘
576,10:59:21,6.06,0.0,3,1818,买盘
577,10:59:24,6.06,0.0,2,1212,买盘
578,10:59:54,6.06,0.0,43,26058,买盘
579,10:59:57,6.06,0.0,81,49086,买盘
580,11:00:33,6.07,0.01,18,10926,买盘
581,11:01:42,6.05,-0.02,5,3029,卖盘
582,11:01:51,6.03,-0.02,10,6032,卖盘
583,11:02:01,6.05,0.02,7,4235,买盘
584,11:02:09,6.05,0.0,13,7865,卖盘
585,11:02:18,6.03,-0.02,11,6633,卖盘
586,11:02:27,6.03,0.0,12,7245,卖盘
587,11:02:36,6.03,0.0,10,6030,卖盘
588,11:02:45,6.03,0.0,12,7239,卖盘
589,11:03:03,6.03,0.0,9,5427,卖盘
590,11:03:15,6.03,0.0,12,7236,卖盘
591,11:03:24,6.03,0.0,10,6030,卖盘
592,11:03:39,6.03,0.0,11,6633,卖盘
593,11:03:45,6.03,0.0,11,6633,卖盘
594,11:03:54,6.03,0.0,12,7236,卖盘
595,11:04:06,6.03,0.0,10,6030,卖盘
596,11:04:15,6.03,0.0,12,7236,卖盘
597,11:04:27,6.03,0.0,10,6030,卖盘
598,11:04:36,6.04,0.01,12,7248,卖盘
599,11:04:51,6.03,-0.01,11,6633,卖盘
600,11:05:06,6.03,0.0,12,7236,卖盘
601,11:05:15,6.03,0.0,11,6633,卖盘
602,11:05:27,6.03,0.0,11,6633,卖盘
603,11:05:33,6.03,0.0,13,7841,卖盘
604,11:05:42,6.03,0.0,11,6633,卖盘
605,11:05:54,6.05,0.02,16,9670,买盘
606,11:06:06,6.04,-0.01,11,6644,卖盘
607,11:06:09,6.08,0.04,500,303442,买盘
608,11:06:18,6.06,-0.02,10,6060,卖盘
609,11:06:27,6.06,0.0,2,1213,卖盘
610,11:06:42,6.04,-0.02,11,6653,卖盘
611,11:06:55,6.04,0.0,11,6647,卖盘
612,11:07:12,6.04,0.0,11,6644,卖盘
613,11:07:21,6.04,0.0,11,6644,卖盘
614,11:07:33,6.1,0.06,500,304432,买盘
615,11:07:51,6.08,-0.02,21,12748,买盘
616,11:07:54,6.11,0.03,10,6110,买盘
617,11:07:57,6.07,-0.04,12,7284,卖盘
618,11:08:12,6.07,0.0,2,1214,卖盘
619,11:08:21,6.05,-0.02,11,6655,卖盘
620,11:08:30,6.05,0.0,12,7260,卖盘
621,11:08:45,6.05,0.0,10,6050,卖盘
622,11:08:51,6.05,0.0,11,6655,卖盘
623,11:09:04,6.06,0.01,17,10302,买盘
624,11:09:07,6.04,-0.02,10,6046,卖盘
625,11:09:12,6.04,0.0,11,6644,卖盘
626,11:09:27,6.04,0.0,12,7248,卖盘
627,11:09:33,6.04,0.0,11,6644,卖盘
628,11:09:48,6.04,0.0,11,6644,卖盘
629,11:10:00,6.04,0.0,11,6644,卖盘
630,11:10:12,6.04,0.0,12,7248,卖盘
631,11:10:18,6.04,0.0,10,6040,卖盘
632,11:10:36,6.05,0.01,10,6050,卖盘
633,11:10:42,6.04,-0.01,10,6041,卖盘
634,11:10:45,6.06,0.02,1,606,买盘
635,11:10:54,6.04,-0.02,11,6653,卖盘
636,11:11:04,6.04,0.0,8,4832,卖盘
637,11:14:12,6.05,0.01,19,11495,买盘
638,11:14:33,6.07,0.02,48,29135,买盘
639,11:15:33,6.05,-0.02,10,6050,卖盘
640,11:15:36,6.05,0.0,1,605,买盘
641,11:15:51,6.06,0.01,10,6060,卖盘
642,11:15:54,6.06,0.0,12,7272,卖盘
643,11:16:07,6.06,0.0,9,5454,卖盘
644,11:16:12,6.06,0.0,3,1819,卖盘
645,11:16:24,6.04,-0.02,11,6644,卖盘
646,11:16:30,6.04,0.0,11,6644,卖盘
647,11:16:37,6.04,0.0,20,12080,卖盘
648,11:16:45,6.04,0.0,10,6040,卖盘
649,11:16:51,6.05,0.01,11,6655,买盘
650,11:17:00,6.05,0.0,10,6050,卖盘
651,11:17:15,6.04,-0.01,12,7253,卖盘
652,11:17:24,6.04,0.0,10,6040,卖盘
653,11:17:36,6.04,0.0,10,6040,卖盘
654,11:17:49,6.04,0.0,11,6644,卖盘
655,11:18:03,6.04,0.0,9,5436,卖盘
656,11:18:06,6.04,0.0,16,9664,卖盘
657,11:18:15,6.04,0.0,10,6040,卖盘
658,11:18:30,6.04,0.0,1,604,买盘
659,11:18:33,6.03,-0.01,11,6633,卖盘
660,11:18:42,6.03,0.0,11,6633,卖盘
661,11:18:57,6.03,0.0,10,6030,卖盘
662,11:19:06,6.03,0.0,11,6633,卖盘
663,11:19:12,6.03,0.0,11,6633,卖盘
664,11:19:27,6.04,0.01,1,604,中性盘
665,11:19:42,6.03,-0.01,10,6030,卖盘
666,11:19:45,6.03,0.0,10,6030,卖盘
667,11:20:01,6.03,0.0,5,3015,卖盘
668,11:20:04,6.03,0.0,12,7236,卖盘
669,11:20:18,6.03,0.0,10,6030,卖盘
670,11:20:33,6.03,0.0,10,6030,卖盘
671,11:20:49,6.03,0.0,11,6633,卖盘
672,11:20:57,6.03,0.0,11,6633,卖盘
673,11:21:06,6.03,0.0,10,6030,卖盘
674,11:21:09,6.04,0.01,1,604,买盘
675,11:21:15,6.03,-0.01,10,6030,卖盘
676,11:21:21,6.05,0.02,1,605,卖盘
677,11:21:24,6.04,-0.01,11,6644,卖盘
678,11:21:36,6.04,0.0,10,6040,卖盘
679,11:21:54,6.04,0.0,11,6644,卖盘
680,11:22:03,6.04,0.0,11,6644,卖盘
681,11:22:15,6.04,0.0,7,4228,卖盘
682,11:22:18,6.03,-0.01,11,6633,卖盘
683,11:22:36,6.03,0.0,11,6633,卖盘
684,11:22:45,6.03,0.0,12,7236,卖盘
685,11:23:00,6.04,0.01,11,6644,卖盘
686,11:23:09,6.06,0.02,21,12702,买盘
687,11:23:24,6.04,-0.02,12,7257,卖盘
688,11:23:33,6.04,0.0,11,6644,卖盘
689,11:23:42,6.04,0.0,9,5436,卖盘
690,11:23:52,6.03,-0.01,23,13900,卖盘
691,11:24:06,6.06,0.03,1,606,买盘
692,11:24:15,6.03,-0.03,12,7236,卖盘
693,11:24:27,6.03,0.0,11,6633,卖盘
694,11:24:30,6.04,0.01,11,6644,买盘
695,11:24:39,6.04,0.0,10,6040,卖盘
696,11:24:45,6.04,0.0,10,6040,卖盘
697,11:24:48,6.06,0.02,36,21811,买盘
698,11:24:55,6.05,-0.01,10,6050,卖盘
699,11:24:57,6.06,0.01,11,6666,买盘
700,11:25:03,6.06,0.0,14,8484,买盘
701,11:25:06,6.05,-0.01,10,6050,卖盘
702,11:25:12,6.08,0.03,391,237424,买盘
703,11:25:16,6.08,0.0,9,5472,卖盘
704,11:25:27,6.05,-0.03,10,6050,卖盘
705,11:25:48,6.05,0.0,3,1816,卖盘
706,11:27:12,6.06,0.01,1,606,卖盘
707,11:27:27,6.06,0.0,27,16362,买盘
708,11:28:19,6.06,0.0,5,3030,买盘
709,11:28:39,6.05,-0.01,10,6050,卖盘
710,11:29:33,6.05,0.0,10,6050,卖盘
711,13:00:04,6.06,0.01,53,32073,买盘
712,13:00:15,6.06,0.0,13,7878,买盘
713,13:00:21,6.06,0.0,11,6666,卖盘
714,13:00:36,6.07,0.01,100,60700,买盘
715,13:00:51,6.07,0.0,12,7284,卖盘
716,13:00:57,6.09,0.02,5,3045,买盘
717,13:01:03,6.08,-0.01,10,6080,中性盘
718,13:01:15,6.07,-0.01,25,15205,卖盘
719,13:01:21,6.07,0.0,10,6070,卖盘
720,13:01:30,6.07,0.0,12,7284,卖盘
721,13:01:51,6.07,0.0,11,6677,卖盘
722,13:02:04,6.07,0.0,12,7284,卖盘
723,13:02:15,6.08,0.01,46,27957,买盘
724,13:02:33,6.07,-0.01,9,5463,卖盘
725,13:02:45,6.07,0.0,10,6070,卖盘
726,13:02:51,6.08,0.01,7,4256,买盘
727,13:02:54,6.07,-0.01,12,7284,卖盘
728,13:03:00,6.07,0.0,11,6677,卖盘
729,13:03:09,6.07,0.0,38,23066,卖盘
730,13:03:12,6.06,-0.01,10,6063,卖盘
731,13:03:30,6.06,0.0,10,6060,卖盘
732,13:03:36,6.06,0.0,11,6666,卖盘
733,13:03:42,6.06,0.0,48,29130,卖盘
734,13:03:49,6.06,0.0,11,6666,卖盘
735,13:04:06,6.06,0.0,12,7272,卖盘
736,13:04:18,6.06,0.0,8,4848,卖盘
737,13:04:24,6.05,-0.01,22,13336,卖盘
738,13:04:48,6.04,-0.01,10,6041,卖盘
739,13:05:00,6.04,0.0,11,6644,卖盘
740,13:05:12,6.04,0.0,11,6649,卖盘
741,13:05:36,6.05,0.01,11,6655,卖盘
742,13:05:48,6.04,-0.01,10,6040,卖盘
743,13:05:54,6.04,0.0,5,3020,卖盘
744,13:05:57,6.04,0.0,5,3020,买盘
745,13:06:24,6.04,0.0,1,604,卖盘
746,13:06:27,6.04,0.0,11,6644,买盘
747,13:06:36,6.04,0.0,10,6040,卖盘
748,13:06:42,6.04,0.0,25,15140,卖盘
749,13:06:48,6.08,0.04,30,18240,买盘
750,13:06:57,6.08,0.0,5,3040,买盘
751,13:07:04,6.06,-0.02,12,7272,卖盘
752,13:07:12,6.06,0.0,12,7272,卖盘
753,13:07:18,6.06,0.0,20,12120,卖盘
754,13:07:24,6.08,0.02,27,16396,买盘
755,13:07:36,6.06,-0.02,4,2424,卖盘
756,13:07:45,6.05,-0.01,10,6050,卖盘
757,13:08:00,6.06,0.01,1,606,买盘
758,13:08:04,6.04,-0.02,11,6647,卖盘
759,13:08:09,6.04,0.0,11,6644,卖盘
760,13:08:45,6.05,0.01,12,7260,卖盘
761,13:08:54,6.05,0.0,10,6050,卖盘
762,13:09:04,6.05,0.0,11,6655,卖盘
763,13:09:12,6.05,0.0,10,6050,卖盘
764,13:09:33,6.05,0.0,11,6655,卖盘
765,13:09:42,6.04,-0.01,11,6654,卖盘
766,13:09:51,6.04,0.0,12,7248,卖盘
767,13:10:09,6.04,0.0,11,6644,卖盘
768,13:10:18,6.04,0.0,1,604,卖盘
769,13:10:27,6.03,-0.01,11,6633,卖盘
770,13:10:39,6.04,0.01,1,604,买盘
771,13:10:42,6.03,-0.01,10,6030,卖盘
772,13:10:51,6.04,0.01,16,9678,中性盘
773,13:10:57,6.04,0.0,13,7852,卖盘
774,13:11:18,6.05,0.01,2,1210,买盘
775,13:11:24,6.04,-0.01,13,7852,卖盘
776,13:11:36,6.04,0.0,11,6644,卖盘
777,13:11:45,6.04,0.0,9,5436,卖盘
778,13:11:57,6.05,0.01,1,605,卖盘
779,13:12:16,6.05,0.0,1,605,买盘
780,13:12:21,6.05,0.0,1,605,买盘
781,13:12:27,6.05,0.0,12,7260,买盘
782,13:13:03,6.05,0.0,2,1210,卖盘
783,13:13:51,6.06,0.01,1,606,卖盘
784,13:14:12,6.07,0.01,7,4249,买盘
785,13:15:39,6.07,0.0,3,1821,买盘
786,13:15:42,6.07,0.0,1,607,买盘
787,13:15:57,6.07,0.0,2,1214,买盘
788,13:16:03,6.08,0.01,85,51598,买盘
789,13:16:09,6.08,0.0,1,608,买盘
790,13:16:27,6.08,0.0,5,3040,买盘
791,13:18:00,6.08,0.0,6,3648,买盘
792,13:18:36,6.08,0.0,12,7274,买盘
793,13:18:45,6.08,0.0,10,6080,买盘
794,13:18:57,6.06,-0.02,10,6060,卖盘
795,13:19:04,6.06,0.0,1,606,卖盘
796,13:19:07,6.06,0.0,11,6666,买盘
797,13:19:15,6.05,-0.01,100,60500,卖盘
798,13:19:24,6.06,0.01,1,606,卖盘
799,13:19:30,6.06,0.0,9,5454,买盘
800,13:19:39,6.06,0.0,10,6060,中性盘
801,13:19:42,6.06,0.0,98,59562,中性盘
802,13:20:04,6.06,0.0,11,6666,卖盘
803,13:20:18,6.06,0.0,11,6666,卖盘
804,13:20:33,6.06,0.0,11,6666,卖盘
805,13:20:36,6.05,-0.01,11,6660,卖盘
806,13:20:42,6.06,0.01,1,606,买盘
807,13:20:58,6.05,-0.01,10,6050,卖盘
808,13:21:09,6.05,0.0,11,6655,卖盘
809,13:21:27,6.05,0.0,4,2420,卖盘
810,13:21:33,6.05,0.0,7,4235,买盘
811,13:21:45,6.07,0.02,10,6070,买盘
812,13:21:48,6.05,-0.02,10,6055,卖盘
813,13:21:57,6.07,0.02,10,6070,买盘
814,13:22:04,6.08,0.01,86,52208,买盘
815,13:22:06,6.05,-0.03,10,6050,卖盘
816,13:22:16,6.06,0.01,10,6060,卖盘
817,13:22:24,6.06,0.0,12,7272,卖盘
818,13:22:33,6.06,0.0,1,606,卖盘
819,13:22:45,6.06,0.0,11,6666,卖盘
820,13:22:57,6.06,0.0,11,6666,卖盘
821,13:23:15,6.08,0.02,13,7892,买盘
822,13:23:18,6.08,0.0,195,118560,买盘
823,13:23:21,6.08,0.0,11,6688,卖盘
824,13:23:33,6.08,0.0,10,6080,卖盘
825,13:23:49,6.08,0.0,5,3040,卖盘
826,13:23:54,6.08,0.0,10,6080,卖盘
827,13:24:12,6.08,0.0,12,7296,卖盘
828,13:24:15,6.08,0.0,16,9728,卖盘
829,13:24:21,6.08,0.0,34,20704,卖盘
830,13:24:27,6.08,0.0,11,6688,卖盘
831,13:24:33,6.08,0.0,4,2432,卖盘
832,13:24:51,6.08,0.0,11,6688,卖盘
833,13:25:00,6.08,0.0,11,6688,卖盘
834,13:25:09,6.08,0.0,12,7296,卖盘
835,13:25:21,6.09,0.01,50,30450,买盘
836,13:25:24,6.08,-0.01,10,6080,卖盘
837,13:25:37,6.08,0.0,3,1824,卖盘
838,13:25:40,6.08,0.0,5,3040,卖盘
839,13:25:42,6.08,0.0,11,6688,卖盘
840,13:25:57,6.07,-0.01,13,7891,卖盘
841,13:26:36,6.07,0.0,11,6677,卖盘
842,13:26:39,6.07,0.0,12,7284,卖盘
843,13:27:18,6.07,0.0,12,7284,卖盘
844,13:27:33,6.07,0.0,10,6070,卖盘
845,13:27:42,6.07,0.0,3,1821,卖盘
846,13:27:45,6.07,0.0,7,4249,买盘
847,13:27:49,6.07,0.0,24,14568,买盘
848,13:27:52,6.07,0.0,1,607,买盘
849,13:27:55,6.07,0.0,15,9105,买盘
850,13:28:12,6.06,-0.01,12,7272,中性盘
851,13:28:30,6.06,0.0,8,4848,中性盘
852,13:28:33,6.08,0.02,4,2428,买盘
853,13:28:39,6.08,0.0,45,27360,买盘
854,13:29:04,6.06,-0.02,11,6667,卖盘
855,13:29:09,6.08,0.02,41,24928,买盘
856,13:29:15,6.08,0.0,2,1215,买盘
857,13:29:24,6.07,-0.01,11,6677,卖盘
858,13:29:31,6.07,0.0,2,1214,卖盘
859,13:29:39,6.07,0.0,31,18817,买盘
860,13:30:01,6.06,-0.01,12,7272,卖盘
861,13:30:21,6.08,0.02,48,29184,买盘
862,13:30:42,6.06,-0.02,11,6667,卖盘
863,13:30:54,6.06,0.0,2,1212,卖盘
864,13:30:57,6.06,0.0,8,4848,买盘
865,13:31:12,6.06,0.0,12,7272,卖盘
866,13:31:18,6.06,0.0,12,7272,卖盘
867,13:32:00,6.06,0.0,11,6666,卖盘
868,13:32:15,6.08,0.02,8,4864,买盘
869,13:32:24,6.06,-0.02,12,7273,卖盘
870,13:32:30,6.06,0.0,11,6666,卖盘
871,13:32:58,6.06,0.0,204,123624,卖盘
872,13:33:13,6.05,-0.01,10,6050,卖盘
873,13:33:36,6.04,-0.01,12,7259,卖盘
874,13:33:54,6.04,0.0,12,7248,卖盘
875,13:34:00,6.06,0.02,7,4242,买盘
876,13:34:12,6.04,-0.02,12,7252,卖盘
877,13:34:15,6.06,0.02,74,44844,买盘
878,13:34:21,6.06,0.0,26,15756,买盘
879,13:34:42,6.08,0.02,30,18240,买盘
880,13:34:45,6.06,-0.02,11,6666,卖盘
881,13:34:57,6.06,0.0,3,1818,卖盘
882,13:35:06,6.06,0.0,41,24846,卖盘
883,13:35:40,6.06,0.0,16,9696,买盘
884,13:35:54,6.06,0.0,1,606,买盘
885,13:36:00,6.08,0.02,20,12136,买盘
886,13:37:06,6.06,-0.02,1,606,买盘
887,13:37:45,6.06,0.0,7,4242,买盘
888,13:38:27,6.05,-0.01,43,26015,卖盘
889,13:38:30,6.05,0.0,123,74415,买盘
890,13:38:42,6.05,0.0,10,6050,买盘
891,13:38:45,6.05,0.0,7,4235,买盘
892,13:38:51,6.05,0.0,7,4235,买盘
893,13:38:57,6.05,0.0,5,3025,买盘
894,13:39:04,6.05,0.0,5,3025,买盘
895,13:39:18,6.05,0.0,1,605,卖盘
896,13:39:21,6.05,0.0,16,9680,买盘
897,13:39:36,6.06,0.01,8,4848,买盘
898,13:39:39,6.06,0.0,26,15756,买盘
899,13:39:45,6.06,0.0,1,606,买盘
900,13:39:51,6.06,0.0,21,12726,买盘
901,13:39:57,6.06,0.0,133,80598,买盘
902,13:40:39,6.06,0.0,80,48480,卖盘
903,13:41:06,6.06,0.0,1,606,卖盘
904,13:41:27,6.07,0.01,1,607,卖盘
905,13:41:30,6.08,0.01,7,4256,买盘
906,13:41:51,6.08,0.0,2,1216,买盘
907,13:41:54,6.08,0.0,4,2432,买盘
908,13:42:00,6.08,0.0,34,20672,买盘
909,13:42:03,6.08,0.0,7,4256,买盘
910,13:42:06,6.07,-0.01,90,54630,卖盘
911,13:42:13,6.08,0.01,59,35872,买盘
912,13:42:24,6.08,0.0,43,26144,买盘
913,13:43:15,6.09,0.01,7,4263,买盘
914,13:43:27,6.09,0.0,1,609,买盘
915,13:43:33,6.09,0.0,32,19488,买盘
916,13:43:36,6.09,0.0,112,68208,买盘
917,13:43:48,6.09,0.0,4,2436,买盘
918,13:43:51,6.09,0.0,30,18270,买盘
919,13:44:04,6.09,0.0,1,609,买盘
920,13:44:30,6.09,0.0,35,21315,买盘
921,13:44:57,6.09,0.0,25,15225,买盘
922,13:45:00,6.09,0.0,11,6699,买盘
923,13:45:04,6.09,0.0,1,609,买盘
924,13:45:15,6.09,0.0,8,4872,买盘
925,13:45:30,6.09,0.0,2,1218,买盘
926,13:45:33,6.09,0.0,17,10353,买盘
927,13:45:48,6.09,0.0,5,3045,买盘
928,13:45:51,6.09,0.0,1,609,买盘
929,13:45:54,6.09,0.0,1,609,买盘
930,13:46:12,6.08,-0.01,4,2432,卖盘
931,13:46:15,6.08,0.0,8,4864,买盘
932,13:46:18,6.07,-0.01,2,1214,卖盘
933,13:46:36,6.07,0.0,120,72840,卖盘
934,13:46:45,6.07,0.0,10,6070,卖盘
935,13:47:00,6.07,0.0,7,4249,买盘
936,13:47:42,6.07,0.0,1,607,买盘
937,13:47:57,6.06,-0.01,10,6060,卖盘
938,13:48:13,6.06,0.0,2,1212,买盘
939,13:48:51,6.06,0.0,8,4848,买盘
940,13:48:54,6.06,0.0,1,606,买盘
941,13:49:06,6.06,0.0,7,4242,买盘
942,13:50:03,6.06,0.0,50,30300,买盘
943,13:50:18,6.06,0.0,12,7272,买盘
944,13:50:21,6.06,0.0,10,6060,卖盘
945,13:50:36,6.06,0.0,9,5454,买盘
946,13:50:39,6.06,0.0,1,606,买盘
947,13:50:42,6.06,0.0,7,4242,买盘
948,13:50:45,6.06,0.0,7,4242,买盘
949,13:51:06,6.06,0.0,30,18180,买盘
950,13:52:04,6.06,0.0,1,606,买盘
951,13:52:30,6.06,0.0,23,13923,买盘
952,13:53:00,6.06,0.0,2,1212,买盘
953,13:53:12,6.06,0.0,2,1212,买盘
954,13:53:30,6.06,0.0,1,606,买盘
955,13:54:21,6.05,-0.01,1,605,卖盘
956,13:54:30,6.06,0.01,34,20604,买盘
957,13:55:15,6.06,0.0,1,606,买盘
958,13:55:21,6.05,-0.01,5,3025,卖盘
959,13:55:36,6.06,0.01,1,606,买盘
960,13:55:40,6.06,0.0,1,606,买盘
961,13:56:06,6.05,-0.01,1,605,卖盘
962,13:56:15,6.06,0.01,7,4242,买盘
963,13:56:18,6.06,0.0,68,41208,买盘
964,13:56:24,6.06,0.0,6,3636,卖盘
965,13:56:30,6.06,0.0,1,606,卖盘
966,13:56:54,6.07,0.01,18,10926,买盘
967,13:56:57,6.06,-0.01,27,16362,卖盘
968,13:57:06,6.06,0.0,1,606,买盘
969,13:57:45,6.06,0.0,17,10302,买盘
970,13:58:00,6.06,0.0,2,1212,买盘
971,13:58:18,6.06,0.0,1,606,买盘
972,13:58:21,6.06,0.0,8,4848,买盘
973,13:59:04,6.06,0.0,1,606,买盘
974,13:59:15,6.06,0.0,9,5454,买盘
975,14:00:04,6.05,-0.01,8,4840,卖盘
976,14:00:19,6.06,0.01,1,606,买盘
977,14:00:24,6.06,0.0,1,606,买盘
978,14:00:36,6.06,0.0,2,1212,买盘
979,14:00:51,6.06,0.0,1,606,买盘
980,14:00:57,6.06,0.0,1,606,买盘
981,14:01:15,6.05,-0.01,12,7260,卖盘
982,14:01:18,6.05,0.0,2,1210,卖盘
983,14:01:51,6.06,0.01,50,30300,买盘
984,14:02:43,6.06,0.0,2,1211,买盘
985,14:02:54,6.06,0.0,1,606,买盘
986,14:03:33,6.06,0.0,50,30300,买盘
987,14:03:36,6.06,0.0,1,606,买盘
988,14:04:42,6.06,0.0,1,606,买盘
989,14:04:48,6.05,-0.01,20,12119,卖盘
990,14:05:12,6.06,0.01,50,30300,买盘
991,14:05:24,6.06,0.0,2,1212,买盘
992,14:05:45,6.06,0.0,14,8484,买盘
993,14:06:15,6.06,0.0,1,606,买盘
994,14:06:18,6.06,0.0,56,33936,买盘
995,14:06:27,6.06,0.0,1,606,买盘
996,14:07:55,6.06,0.0,2,1212,买盘
997,14:08:04,6.06,0.0,17,10302,买盘
998,14:08:06,6.05,-0.01,7,4235,卖盘
999,14:08:15,6.06,0.01,1,606,买盘
1000,14:08:18,6.06,0.0,37,22392,买盘
1001,14:08:21,6.05,-0.01,200,121000,卖盘
1002,14:08:24,6.05,0.0,4,2420,卖盘
1003,14:08:27,6.05,0.0,6,3630,卖盘
1004,14:08:36,6.04,-0.01,1,604,卖盘
1005,14:08:45,6.04,0.0,15,9060,卖盘
1006,14:08:48,6.04,0.0,63,38052,卖盘
1007,14:08:51,6.04,0.0,1,604,买盘
1008,14:09:09,6.04,0.0,6,3624,买盘
1009,14:09:27,6.04,0.0,50,30200,卖盘
1010,14:09:33,6.04,0.0,19,11476,卖盘
1011,14:09:45,6.03,-0.01,203,122409,卖盘
1012,14:09:57,6.03,0.0,2,1206,买盘
1013,14:10:18,6.03,0.0,1,603,买盘
1014,14:10:21,6.03,0.0,4,2412,买盘
1015,14:10:30,6.03,0.0,1,603,卖盘
1016,14:11:12,6.02,-0.01,8,4816,卖盘
1017,14:11:52,6.02,0.0,80,48160,卖盘
1018,14:12:00,6.02,0.0,15,9034,卖盘
1019,14:12:45,6.03,0.01,2,1206,买盘
1020,14:13:09,6.02,-0.01,40,24080,卖盘
1021,14:15:12,6.03,0.01,2,1206,买盘
1022,14:15:57,6.03,0.0,7,4221,买盘
1023,14:16:06,6.02,-0.01,18,10836,卖盘
1024,14:16:09,6.02,0.0,50,30100,买盘
1025,14:16:13,6.02,0.0,1,602,买盘
1026,14:16:15,6.01,-0.01,11,6611,卖盘
1027,14:16:33,6.02,0.01,1,602,买盘
1028,14:16:39,6.01,-0.01,80,48080,卖盘
1029,14:16:48,6.01,0.0,36,21636,卖盘
1030,14:17:10,6.01,0.0,50,30050,买盘
1031,14:17:16,6.01,0.0,91,54607,买盘
1032,14:18:27,6.01,0.0,18,10818,买盘
1033,14:18:48,6.01,0.0,89,53489,买盘
1034,14:19:12,6.02,0.01,3,1806,卖盘
1035,14:19:30,6.03,0.01,5,3015,买盘
1036,14:19:51,6.03,0.0,34,20502,买盘
1037,14:20:06,6.02,-0.01,16,9632,卖盘
1038,14:20:12,6.03,0.01,1,603,买盘
1039,14:22:06,6.03,0.0,1,603,买盘
1040,14:22:12,6.03,0.0,10,6030,买盘
1041,14:22:30,6.03,0.0,2,1206,买盘
1042,14:23:18,6.02,-0.01,78,46956,卖盘
1043,14:23:21,6.02,0.0,62,37324,卖盘
1044,14:24:06,6.01,-0.01,9,5409,卖盘
1045,14:24:18,6.02,0.01,20,12040,买盘
1046,14:24:39,6.02,0.0,25,15050,买盘
1047,14:25:42,6.03,0.01,12,7236,买盘
1048,14:27:21,6.03,0.0,115,69345,买盘
1049,14:27:24,6.04,0.01,3,1812,买盘
1050,14:27:30,6.04,0.0,1,604,买盘
1051,14:27:42,6.04,0.0,1,604,买盘
1052,14:27:45,6.04,0.0,100,60400,买盘
1053,14:27:49,6.04,0.0,1,604,买盘
1054,14:27:54,6.04,0.0,13,7852,买盘
1055,14:27:57,6.04,0.0,9,5436,买盘
1056,14:28:06,6.05,0.01,1,605,买盘
1057,14:28:18,6.05,0.0,20,12100,买盘
1058,14:28:30,6.05,0.0,100,60500,买盘
1059,14:29:04,6.04,-0.01,15,9060,卖盘
1060,14:29:36,6.05,0.01,1,605,买盘
1061,14:29:45,6.03,-0.02,69,41607,卖盘
1062,14:29:54,6.04,0.01,2,1208,买盘
1063,14:30:48,6.03,-0.01,60,36180,卖盘
1064,14:31:24,6.04,0.01,12,7248,买盘
1065,14:31:54,6.02,-0.02,10,6026,卖盘
1066,14:32:12,6.03,0.01,2,1206,买盘
1067,14:32:39,6.02,-0.01,49,29498,卖盘
1068,14:33:24,6.01,-0.01,10,6010,卖盘
1069,14:33:57,6.02,0.01,21,12642,买盘
1070,14:34:12,6.02,0.0,79,47558,卖盘
1071,14:35:00,6.01,-0.01,5,3005,卖盘
1072,14:35:24,6.01,0.0,10,6010,卖盘
1073,14:36:30,6.02,0.01,11,6622,买盘
1074,14:37:06,6.01,-0.01,10,6010,卖盘
1075,14:37:33,6.02,0.01,27,16254,买盘
1076,14:38:01,6.01,-0.01,84,50484,卖盘
1077,14:38:36,6.01,0.0,10,6010,卖盘
1078,14:39:36,6.01,0.0,19,11419,卖盘
1079,14:39:45,6.01,0.0,1,601,买盘
1080,14:39:48,6.01,0.0,14,8414,卖盘
1081,14:40:03,6.0,-0.01,101,60601,卖盘
1082,14:40:06,6.01,0.01,15,9005,买盘
1083,14:40:33,6.0,-0.01,43,25800,卖盘
1084,14:40:45,6.0,0.0,7,4200,买盘
1085,14:41:06,6.0,0.0,5,3000,买盘
1086,14:41:09,5.98,-0.02,130,77800,卖盘
1087,14:41:27,5.99,0.01,34,20366,卖盘
1088,14:41:30,6.0,0.01,13,7800,买盘
1089,14:41:37,5.98,-0.02,10,5984,卖盘
1090,14:41:57,5.99,0.01,29,17371,卖盘
1091,14:42:12,6.0,0.01,8,4799,买盘
1092,14:42:33,5.97,-0.03,119,71062,卖盘
1093,14:42:40,5.99,0.02,4,2396,买盘
1094,14:43:06,5.97,-0.02,10,5970,卖盘
1095,14:43:09,5.99,0.02,11,6589,买盘
1096,14:43:42,5.99,0.0,37,22163,买盘
1097,14:44:34,5.97,-0.02,10,5970,卖盘
1098,14:44:48,5.96,-0.01,84,50085,卖盘
1099,14:44:51,5.98,0.02,34,20332,买盘
1100,14:45:36,5.99,0.01,11,6589,买盘
1101,14:46:03,5.97,-0.02,10,5970,卖盘
1102,14:46:09,5.99,0.02,37,22163,买盘
1103,14:46:51,6.0,0.01,22,13200,卖盘
1104,14:47:18,6.01,0.01,4,2404,买盘
1105,14:47:21,5.98,-0.03,8,4784,卖盘
1106,14:47:30,5.99,0.01,9,5391,卖盘
1107,14:47:36,6.01,0.02,8,4808,买盘
1108,14:47:48,6.01,0.0,3,1803,买盘
1109,14:47:51,6.01,0.0,44,26444,买盘
1110,14:49:03,6.0,-0.01,6,3600,中性盘
1111,14:49:24,6.0,0.0,35,21000,买盘
1112,14:49:49,6.0,0.0,4,2400,买盘
1113,14:50:06,5.99,-0.01,55,32962,卖盘
1114,14:50:09,5.99,0.0,31,18569,买盘
1115,14:50:57,5.99,0.0,15,8985,买盘
1116,14:51:36,5.98,-0.01,16,9568,卖盘
1117,14:51:45,5.99,0.01,4,2396,买盘
1118,14:51:57,5.98,-0.01,24,14352,卖盘
1119,14:52:04,5.97,-0.01,12,7164,卖盘
1120,14:52:30,5.98,0.01,26,15548,买盘
1121,14:52:48,5.98,0.0,69,41258,买盘
1122,14:53:18,6.0,0.02,50,30000,买盘
1123,14:54:39,5.99,-0.01,35,20965,买盘
1124,14:54:51,5.99,0.0,16,9584,买盘
1125,14:55:09,5.98,-0.01,41,24518,卖盘
1126,14:55:12,5.97,-0.01,46,27462,卖盘
1127,14:55:15,5.97,0.0,7,4179,卖盘
1128,14:55:18,5.97,0.0,1,597,卖盘
1129,14:55:21,5.96,-0.01,52,31025,卖盘
1130,14:55:24,5.95,-0.01,5,2975,卖盘
1131,14:55:34,5.94,-0.01,108,64208,卖盘
1132,14:55:36,5.94,0.0,1,594,买盘
1133,14:55:40,5.94,0.0,37,21978,买盘
1134,14:55:45,5.93,-0.01,54,32022,卖盘
1135,14:55:48,5.94,0.01,127,75352,买盘
1136,14:56:07,5.99,0.05,9,5391,买盘
1137,14:56:28,5.98,-0.01,2,1196,买盘
1138,14:56:37,5.98,0.0,2,1196,买盘
1139,14:56:39,5.96,-0.02,55,32782,卖盘
1140,14:56:42,5.99,0.03,1,599,买盘
1141,14:56:45,5.99,0.0,1,599,买盘
1142,15:00:04,5.98,-0.01,460,275080,卖盘
