,time,price,change,volume,amount,type
0,09:25:04,3.23,0.0,2184,705690,卖盘
1,09:30:01,3.23,0.0,50,16150,卖盘
2,09:30:04,3.26,0.03,2239,726239,买盘
3,09:30:06,3.25,-0.01,322,104572,卖盘
4,09:30:15,3.26,0.01,135,44010,买盘
5,09:30:19,3.25,-0.01,227,73977,卖盘
6,09:30:22,3.27,0.02,810,263307,买盘
7,09:30:25,3.25,-0.02,428,139933,卖盘
8,09:30:28,3.27,0.02,30,9810,买盘
9,09:30:30,3.26,-0.01,115,37490,买盘
10,09:30:33,3.26,0.0,52,16952,买盘
11,09:30:37,3.26,0.0,375,122250,买盘
12,09:30:40,3.26,0.0,2,652,买盘
13,09:30:46,3.25,-0.01,212,69007,卖盘
14,09:30:48,3.26,0.01,347,113122,买盘
15,09:30:55,3.26,0.0,16,5216,买盘
16,09:30:57,3.26,0.0,361,117687,买盘
17,09:31:04,3.26,0.0,197,64222,卖盘
18,09:31:06,3.26,0.0,71,23146,卖盘
19,09:31:09,3.26,0.0,38,12388,卖盘
20,09:31:12,3.26,0.0,140,45640,买盘
21,09:31:24,3.26,0.0,45,14640,买盘
22,09:31:27,3.25,-0.01,787,255775,卖盘
23,09:31:30,3.25,0.0,15,4875,买盘
24,09:31:33,3.25,0.0,2417,783143,买盘
25,09:31:37,3.24,-0.01,10,3240,买盘
26,09:31:40,3.24,0.0,42,13608,买盘
27,09:31:42,3.23,-0.01,541,175534,卖盘
28,09:31:48,3.23,0.0,30,9690,卖盘
29,09:31:51,3.24,0.01,49,15876,买盘
30,09:31:54,3.24,0.0,127,41148,买盘
31,09:31:58,3.24,0.0,181,58644,买盘
32,09:32:03,3.24,0.0,125,40500,卖盘
33,09:32:07,3.24,0.0,50,16200,买盘
34,09:32:10,3.24,0.0,20,6480,买盘
35,09:32:12,3.24,0.0,34,11016,买盘
36,09:32:16,3.23,-0.01,86,27778,卖盘
37,09:32:18,3.24,0.01,80,25920,买盘
38,09:32:21,3.24,0.0,52,16848,买盘
39,09:32:25,3.24,0.0,60,19440,买盘
40,09:32:27,3.24,0.0,165,53460,卖盘
41,09:32:34,3.24,0.0,1,324,卖盘
42,09:32:40,3.24,0.0,150,48600,卖盘
43,09:32:42,3.24,0.0,50,16200,卖盘
44,09:32:45,3.24,0.0,100,32400,卖盘
45,09:32:48,3.24,0.0,146,47304,卖盘
46,09:32:52,3.25,0.01,164,53156,买盘
47,09:32:54,3.24,-0.01,43,13932,卖盘
48,09:32:57,3.24,0.0,50,16200,卖盘
49,09:33:00,3.24,0.0,63,20412,卖盘
50,09:33:06,3.25,0.01,140,45500,买盘
51,09:33:09,3.24,-0.01,560,181440,卖盘
52,09:33:12,3.24,0.0,20,6480,买盘
53,09:33:18,3.23,-0.01,15,4845,卖盘
54,09:33:22,3.24,0.01,50,16200,买盘
55,09:33:24,3.23,-0.01,15,4845,卖盘
56,09:33:31,3.23,0.0,29,9367,卖盘
57,09:33:33,3.24,0.01,122,39527,买盘
58,09:33:40,3.24,0.0,679,219996,买盘
59,09:33:43,3.24,0.0,3,972,买盘
60,09:33:45,3.24,0.0,10,3240,买盘
61,09:33:49,3.24,0.0,210,68021,买盘
62,09:33:52,3.24,0.0,153,49572,买盘
63,09:33:54,3.24,0.0,123,39852,买盘
64,09:34:04,3.23,-0.01,41,13243,卖盘
65,09:34:07,3.24,0.01,10,3240,买盘
66,09:34:15,3.24,0.0,50,16196,买盘
67,09:34:21,3.23,-0.01,172,55556,卖盘
68,09:34:24,3.23,0.0,101,32723,卖盘
69,09:34:31,3.24,0.01,50,16200,买盘
70,09:34:34,3.24,0.0,5,1620,买盘
71,09:34:39,3.23,-0.01,30,9690,卖盘
72,09:34:42,3.24,0.01,30,9720,买盘
73,09:34:45,3.24,0.0,51,16524,买盘
74,09:35:00,3.24,0.0,10,3240,买盘
75,09:35:09,3.24,0.0,75,24284,买盘
76,09:35:13,3.24,0.0,11,3564,买盘
77,09:35:16,3.24,0.0,3,972,买盘
78,09:35:18,3.24,0.0,37,11964,买盘
79,09:35:21,3.24,0.0,20,6480,买盘
80,09:35:24,3.24,0.0,204,66096,买盘
81,09:35:27,3.24,0.0,20,6480,买盘
82,09:35:40,3.23,-0.01,353,114019,卖盘
83,09:35:42,3.24,0.01,56,18144,买盘
84,09:35:58,3.23,-0.01,1,323,卖盘
85,09:36:01,3.23,0.0,2,646,卖盘
86,09:36:04,3.23,0.0,193,62339,卖盘
87,09:36:09,3.23,0.0,1,323,卖盘
88,09:36:13,3.23,0.0,32,10336,卖盘
89,09:36:15,3.23,0.0,10,3230,卖盘
90,09:36:19,3.23,0.0,51,16473,卖盘
91,09:36:21,3.23,0.0,40,12920,卖盘
92,09:36:25,3.23,0.0,41,13243,卖盘
93,09:36:42,3.23,0.0,196,63408,卖盘
94,09:36:49,3.23,0.0,40,12920,卖盘
95,09:37:00,3.24,0.01,50,16200,买盘
96,09:37:04,3.23,-0.01,2,646,卖盘
97,09:37:09,3.23,0.0,1,323,卖盘
98,09:37:12,3.23,0.0,40,12920,卖盘
99,09:37:16,3.24,0.01,67,21708,买盘
100,09:37:18,3.24,0.0,304,98492,买盘
101,09:37:27,3.24,0.0,43,13932,买盘
102,09:37:30,3.24,0.0,56,18144,买盘
103,09:37:45,3.24,0.0,10,3240,买盘
104,09:37:48,3.24,0.0,8,2592,买盘
105,09:37:51,3.24,0.0,22,7128,买盘
106,09:37:54,3.23,-0.01,230,74320,卖盘
107,09:38:00,3.24,0.01,5,1620,买盘
108,09:38:06,3.23,-0.01,82,26486,卖盘
109,09:38:15,3.23,0.0,113,36499,卖盘
110,09:38:21,3.23,0.0,10,3230,卖盘
111,09:38:30,3.23,0.0,55,17765,卖盘
112,09:38:36,3.23,0.0,58,18734,卖盘
113,09:38:39,3.23,0.0,2,646,卖盘
114,09:38:42,3.23,0.0,5,1615,卖盘
115,09:38:45,3.23,0.0,210,67830,卖盘
116,09:38:49,3.23,0.0,243,78509,卖盘
117,09:38:51,3.23,0.0,1674,540444,卖盘
118,09:39:12,3.22,-0.01,100,32200,卖盘
119,09:39:18,3.22,0.0,154,49639,卖盘
120,09:39:24,3.23,0.01,45,14535,买盘
121,09:39:30,3.22,-0.01,140,45080,卖盘
122,09:39:33,3.22,0.0,29,9338,卖盘
123,09:39:36,3.23,0.01,20,6460,买盘
124,09:39:48,3.23,0.0,70,22580,买盘
125,09:39:54,3.22,-0.01,215,69260,卖盘
126,09:39:57,3.23,0.01,49,15827,买盘
127,09:40:00,3.23,0.0,15,4845,买盘
128,09:40:10,3.22,-0.01,32,10304,卖盘
129,09:40:30,3.22,0.0,39,12558,卖盘
130,09:40:33,3.22,0.0,100,32200,卖盘
131,09:40:36,3.23,0.01,6,1938,买盘
132,09:40:39,3.22,-0.01,55,17710,卖盘
133,09:40:55,3.22,0.0,146,47012,卖盘
134,09:41:00,3.23,0.01,2,646,买盘
135,09:41:15,3.22,-0.01,20,6440,卖盘
136,09:41:21,3.23,0.01,5,1615,买盘
137,09:41:30,3.23,0.0,56,18088,买盘
138,09:41:36,3.23,0.0,30,9690,买盘
139,09:41:39,3.23,0.0,36,11628,买盘
140,09:41:51,3.23,0.0,200,64600,买盘
141,09:41:54,3.23,0.0,10,3230,买盘
142,09:42:00,3.23,0.0,28,9044,买盘
143,09:42:04,3.23,0.0,142,45866,买盘
144,09:42:06,3.22,-0.01,40,12880,卖盘
145,09:42:13,3.22,0.0,196,63112,卖盘
146,09:42:18,3.23,0.01,5,1615,买盘
147,09:42:24,3.23,0.0,50,16150,买盘
148,09:42:31,3.23,0.0,197,63631,买盘
149,09:42:36,3.23,0.0,130,41990,买盘
150,09:42:39,3.23,0.0,50,16150,买盘
151,09:42:46,3.23,0.0,300,96900,买盘
152,09:42:51,3.22,-0.01,2,644,卖盘
153,09:42:54,3.22,0.0,268,86308,卖盘
154,09:42:57,3.22,0.0,169,54573,卖盘
155,09:43:06,3.22,0.0,1,322,卖盘
156,09:43:12,3.23,0.01,310,99840,买盘
157,09:43:24,3.23,0.0,25,8075,买盘
158,09:43:27,3.22,-0.01,41,13202,卖盘
159,09:43:31,3.23,0.01,2,646,买盘
160,09:43:54,3.22,-0.01,250,80500,卖盘
161,09:43:57,3.22,0.0,54,17388,卖盘
162,09:44:04,3.22,0.0,750,241500,卖盘
163,09:44:06,3.22,0.0,2,644,卖盘
164,09:44:10,3.22,0.0,298,95956,卖盘
165,09:44:12,3.22,0.0,882,284004,卖盘
166,09:44:18,3.23,0.01,6,1935,买盘
167,09:44:39,3.22,-0.01,35,11270,买盘
168,09:44:42,3.22,0.0,1,322,卖盘
169,09:44:48,3.22,0.0,54,17388,买盘
170,09:44:57,3.22,0.0,57,18354,买盘
171,09:45:00,3.22,0.0,10,3220,卖盘
172,09:45:04,3.22,0.0,25,8050,卖盘
173,09:45:21,3.22,0.0,7,2254,卖盘
174,09:45:24,3.22,0.0,30,9660,卖盘
175,09:45:27,3.22,0.0,36,11592,卖盘
176,09:46:04,3.22,0.0,42,13565,卖盘
177,09:46:09,3.22,0.0,1,322,卖盘
178,09:46:16,3.22,0.0,11,3542,卖盘
179,09:46:24,3.22,0.0,5,1610,卖盘
180,09:46:27,3.22,0.0,10,3220,卖盘
181,09:46:30,3.22,0.0,63,20286,卖盘
182,09:46:40,3.22,0.0,2,644,卖盘
183,09:47:00,3.22,0.0,9,2898,卖盘
184,09:47:04,3.22,0.0,28,9016,卖盘
185,09:47:12,3.22,0.0,9,2898,卖盘
186,09:47:18,3.22,0.0,14,4508,卖盘
187,09:47:36,3.22,0.0,925,297850,卖盘
188,09:47:39,3.22,0.0,42,13524,买盘
189,09:47:42,3.22,0.0,8,2576,卖盘
190,09:47:48,3.22,0.0,20,6440,买盘
191,09:47:51,3.22,0.0,7,2254,买盘
192,09:47:57,3.22,0.0,40,12880,买盘
193,09:48:00,3.22,0.0,150,48300,买盘
194,09:48:03,3.22,0.0,2,644,买盘
195,09:48:06,3.22,0.0,2,644,买盘
196,09:48:09,3.22,0.0,2,644,买盘
197,09:48:12,3.21,-0.01,47,15089,卖盘
198,09:48:18,3.21,0.0,50,16050,卖盘
199,09:48:24,3.22,0.01,120,38640,买盘
200,09:48:27,3.21,-0.01,10,3210,卖盘
201,09:48:36,3.21,0.0,51,16421,卖盘
202,09:48:39,3.21,0.0,60,19260,卖盘
203,09:48:42,3.21,0.0,4,1284,卖盘
204,09:48:48,3.22,0.01,8,2576,买盘
205,09:48:52,3.22,0.0,16,5152,买盘
206,09:48:54,3.21,-0.01,40,12841,卖盘
207,09:48:57,3.21,0.0,871,279591,卖盘
208,09:49:00,3.21,0.0,113,36273,卖盘
209,09:49:04,3.22,0.01,6,1932,买盘
210,09:49:06,3.21,-0.01,3,963,卖盘
211,09:49:09,3.21,0.0,3,963,卖盘
212,09:49:16,3.22,0.01,100,32200,买盘
213,09:49:18,3.22,0.0,10,3220,买盘
214,09:49:36,3.22,0.0,16,5152,买盘
215,09:49:40,3.21,-0.01,1,321,卖盘
216,09:49:45,3.22,0.01,33,10626,买盘
217,09:49:48,3.22,0.0,10,3220,买盘
218,09:49:54,3.22,0.0,5,1610,买盘
219,09:50:01,3.22,0.0,119,38318,买盘
220,09:50:12,3.22,0.0,197,63434,卖盘
221,09:50:15,3.22,0.0,180,57960,卖盘
222,09:50:18,3.22,0.0,1,322,卖盘
223,09:50:24,3.23,0.01,25,8075,买盘
224,09:50:33,3.23,0.0,411,132753,买盘
225,09:50:51,3.23,0.0,73,23579,买盘
226,09:51:00,3.23,0.0,10,3230,买盘
227,09:51:18,3.22,-0.01,5,1610,卖盘
228,09:51:24,3.23,0.01,34,10982,买盘
229,09:51:36,3.23,0.0,95,30685,买盘
230,09:51:39,3.23,0.0,92,29716,买盘
231,09:51:42,3.22,-0.01,99,31878,卖盘
232,09:51:57,3.22,0.0,29,9338,卖盘
233,09:52:00,3.22,0.0,29,9338,卖盘
234,09:52:03,3.23,0.01,6,1938,买盘
235,09:52:09,3.23,0.0,3,969,买盘
236,09:52:12,3.23,0.0,80,25840,买盘
237,09:52:15,3.22,-0.01,22,7084,卖盘
238,09:52:18,3.22,0.0,1,322,卖盘
239,09:52:21,3.23,0.01,12,3876,买盘
240,09:52:30,3.22,-0.01,30,9660,卖盘
241,09:52:57,3.22,0.0,28,9019,卖盘
242,09:53:04,3.23,0.01,89,28735,买盘
243,09:53:09,3.22,-0.01,20,6440,卖盘
244,09:53:15,3.22,0.0,2,644,卖盘
245,09:53:33,3.22,0.0,79,25438,卖盘
246,09:53:51,3.23,0.01,1,323,买盘
247,09:54:00,3.22,-0.01,134,43148,卖盘
248,09:54:06,3.23,0.01,342,110466,买盘
249,09:54:13,3.22,-0.01,207,66821,卖盘
250,09:54:18,3.23,0.01,1,323,买盘
251,09:54:21,3.22,-0.01,13,4186,卖盘
252,09:54:37,3.23,0.01,27,8721,买盘
253,09:54:40,3.23,0.0,49,15809,买盘
254,09:54:45,3.22,-0.01,2,644,卖盘
255,09:55:00,3.23,0.01,650,209950,买盘
256,09:55:15,3.23,0.0,29,9367,买盘
257,09:55:28,3.23,0.0,10,3230,买盘
258,09:55:33,3.23,0.0,482,155686,买盘
259,09:55:36,3.23,0.0,81,26163,卖盘
260,09:56:00,3.23,0.0,15,4845,卖盘
261,09:56:06,3.23,0.0,29,9367,卖盘
262,09:56:21,3.24,0.01,3,972,买盘
263,09:56:33,3.23,-0.01,19,6137,卖盘
264,09:56:45,3.23,0.0,25,8075,卖盘
265,09:57:06,3.23,0.0,23,7429,卖盘
266,09:57:09,3.24,0.01,13,4212,买盘
267,09:57:12,3.24,0.0,104,33696,买盘
268,09:57:21,3.24,0.0,11,3564,买盘
269,09:57:24,3.24,0.0,78,25272,买盘
270,09:57:30,3.23,-0.01,24,7752,卖盘
271,09:57:33,3.24,0.01,20,6480,买盘
272,09:57:39,3.24,0.0,171,55404,买盘
273,09:57:48,3.24,0.0,119,38556,买盘
274,09:58:00,3.24,0.0,187,60588,买盘
275,09:58:04,3.24,0.0,20,6480,买盘
276,09:58:09,3.24,0.0,58,18792,买盘
277,09:58:18,3.24,0.0,38,12312,买盘
278,09:58:33,3.24,0.0,55,17820,买盘
279,09:58:36,3.24,0.0,10,3240,买盘
280,09:58:48,3.24,0.0,50,16200,买盘
281,09:58:51,3.24,0.0,266,86184,买盘
282,09:59:00,3.24,0.0,122,39528,买盘
283,09:59:03,3.24,0.0,10,3240,买盘
284,09:59:15,3.24,0.0,1,324,买盘
285,09:59:57,3.24,0.0,2,648,买盘
286,10:00:00,3.23,-0.01,5,1615,卖盘
287,10:00:03,3.23,0.0,50,16150,卖盘
288,10:00:13,3.24,0.01,15,4860,买盘
289,10:00:18,3.23,-0.01,100,32300,卖盘
290,10:00:21,3.24,0.01,8,2592,买盘
291,10:00:30,3.23,-0.01,10,3230,卖盘
292,10:00:39,3.23,0.0,5,1615,卖盘
293,10:00:54,3.23,0.0,16,5168,卖盘
294,10:01:12,3.24,0.01,28,9072,买盘
295,10:01:15,3.23,-0.01,70,22610,卖盘
296,10:01:27,3.24,0.01,39,12635,买盘
297,10:01:36,3.24,0.0,10,3240,买盘
298,10:01:45,3.24,0.0,62,20088,买盘
299,10:01:57,3.23,-0.01,16,5168,卖盘
300,10:02:15,3.24,0.01,1,324,买盘
301,10:02:48,3.23,-0.01,32,10336,卖盘
302,10:03:09,3.23,0.0,87,28101,卖盘
303,10:03:24,3.24,0.01,12,3888,买盘
304,10:03:34,3.23,-0.01,56,18088,卖盘
305,10:03:36,3.24,0.01,13,4212,买盘
306,10:03:57,3.24,0.0,30,9720,买盘
307,10:04:15,3.23,-0.01,10,3230,卖盘
308,10:04:33,3.23,0.0,33,10659,卖盘
309,10:04:54,3.24,0.01,18,5832,买盘
310,10:05:15,3.24,0.0,2,648,买盘
311,10:05:45,3.24,0.0,15,4860,买盘
312,10:05:51,3.24,0.0,50,16200,买盘
313,10:06:00,3.24,0.0,61,19764,买盘
314,10:06:15,3.24,0.0,49,15876,买盘
315,10:06:21,3.23,-0.01,13,4199,卖盘
316,10:06:36,3.23,0.0,159,51357,卖盘
317,10:06:42,3.23,0.0,156,50388,卖盘
318,10:06:49,3.24,0.01,1,324,买盘
319,10:06:57,3.24,0.0,150,48600,买盘
320,10:07:12,3.24,0.0,21,6803,买盘
321,10:07:31,3.24,0.0,200,64800,买盘
322,10:07:42,3.24,0.0,6,1940,买盘
323,10:08:00,3.24,0.0,270,87480,买盘
324,10:08:04,3.24,0.0,138,44712,买盘
325,10:08:06,3.24,0.0,3,972,买盘
326,10:08:12,3.24,0.0,20,6480,买盘
327,10:08:39,3.24,0.0,30,9720,买盘
328,10:08:45,3.23,-0.01,2,646,卖盘
329,10:08:48,3.24,0.01,20,6480,买盘
330,10:08:51,3.23,-0.01,1,323,卖盘
331,10:09:04,3.23,0.0,1,323,卖盘
332,10:09:18,3.23,0.0,20,6460,卖盘
333,10:09:25,3.23,0.0,60,19380,卖盘
334,10:09:54,3.23,0.0,20,6460,卖盘
335,10:10:06,3.24,0.01,2,648,买盘
336,10:10:30,3.23,-0.01,2,646,卖盘
337,10:10:45,3.24,0.01,2,648,买盘
338,10:11:06,3.23,-0.01,42,13566,卖盘
339,10:11:18,3.23,0.0,17,5491,卖盘
340,10:11:21,3.23,0.0,316,102068,卖盘
341,10:11:24,3.23,0.0,100,32300,卖盘
342,10:11:27,3.23,0.0,2,646,卖盘
343,10:11:33,3.23,0.0,20,6460,卖盘
344,10:11:39,3.23,0.0,25,8075,卖盘
345,10:12:06,3.23,0.0,1055,340765,卖盘
346,10:12:09,3.23,0.0,28,9044,买盘
347,10:12:15,3.23,0.0,78,25194,买盘
348,10:12:25,3.23,0.0,50,16150,买盘
349,10:12:42,3.22,-0.01,5,1610,卖盘
350,10:12:54,3.23,0.01,13,4193,买盘
351,10:12:57,3.23,0.0,1,323,买盘
352,10:13:45,3.23,0.0,2,646,买盘
353,10:14:10,3.22,-0.01,538,173769,卖盘
354,10:14:12,3.23,0.01,82,26486,买盘
355,10:14:15,3.23,0.0,1,323,卖盘
356,10:14:27,3.23,0.0,17,5491,卖盘
357,10:14:33,3.23,0.0,267,86241,卖盘
358,10:14:42,3.23,0.0,91,29393,买盘
359,10:14:45,3.22,-0.01,58,18676,卖盘
360,10:14:49,3.23,0.01,2,646,买盘
361,10:14:54,3.23,0.0,61,19703,买盘
362,10:15:03,3.22,-0.01,12,3864,卖盘
363,10:15:09,3.22,0.0,157,50691,卖盘
364,10:15:13,3.23,0.01,1,323,买盘
365,10:15:15,3.23,0.0,13,4199,卖盘
366,10:15:27,3.23,0.0,30,9690,买盘
367,10:15:30,3.23,0.0,10,3230,卖盘
368,10:15:33,3.23,0.0,300,96900,买盘
369,10:15:48,3.23,0.0,2,646,卖盘
370,10:16:00,3.23,0.0,2,646,卖盘
371,10:16:04,3.23,0.0,2,646,卖盘
372,10:16:06,3.23,0.0,4,1292,卖盘
373,10:16:09,3.23,0.0,20,6460,卖盘
374,10:16:27,3.23,0.0,30,9690,买盘
375,10:16:39,3.22,-0.01,5,1610,卖盘
376,10:16:45,3.23,0.01,18,5814,买盘
377,10:17:03,3.22,-0.01,17,5474,卖盘
378,10:17:06,3.23,0.01,12,3876,买盘
379,10:17:09,3.23,0.0,9,2907,买盘
380,10:18:09,3.22,-0.01,1,322,卖盘
381,10:18:24,3.22,0.0,13,4186,卖盘
382,10:18:33,3.23,0.01,26,8398,买盘
383,10:18:45,3.22,-0.01,1,322,卖盘
384,10:18:54,3.22,0.0,10,3220,卖盘
385,10:19:06,3.23,0.01,78,25194,买盘
386,10:19:13,3.23,0.0,100,32300,买盘
387,10:19:18,3.23,0.0,62,20026,买盘
388,10:19:24,3.23,0.0,5,1615,买盘
389,10:19:27,3.22,-0.01,200,64400,卖盘
390,10:19:30,3.23,0.01,50,16150,买盘
391,10:19:36,3.22,-0.01,50,16100,卖盘
392,10:20:03,3.22,0.0,1,322,卖盘
393,10:20:24,3.22,0.0,41,13202,卖盘
394,10:20:54,3.22,0.0,90,28980,卖盘
395,10:20:57,3.22,0.0,34,10948,卖盘
396,10:21:15,3.23,0.01,10,3230,买盘
397,10:22:15,3.22,-0.01,397,127834,卖盘
398,10:22:36,3.22,0.0,3,966,卖盘
399,10:22:45,3.22,0.0,45,14490,卖盘
400,10:22:55,3.22,0.0,1,322,卖盘
401,10:22:57,3.22,0.0,3,966,卖盘
402,10:23:06,3.23,0.01,10,3230,买盘
403,10:23:27,3.23,0.0,63,20349,买盘
404,10:24:15,3.23,0.0,77,24871,买盘
405,10:24:24,3.22,-0.01,30,9660,卖盘
406,10:24:36,3.23,0.01,2,646,买盘
407,10:24:48,3.23,0.0,108,34884,买盘
408,10:24:57,3.22,-0.01,2,644,卖盘
409,10:25:33,3.22,0.0,2,644,卖盘
410,10:26:39,3.23,0.01,50,16150,买盘
411,10:26:46,3.22,-0.01,6,1932,卖盘
412,10:27:03,3.22,0.0,12,3864,卖盘
413,10:27:48,3.22,0.0,42,13524,卖盘
414,10:28:04,3.22,0.0,8,2576,卖盘
415,10:28:33,3.22,0.0,1,322,卖盘
416,10:28:36,3.22,0.0,13,4186,卖盘
417,10:28:54,3.22,0.0,17,5474,卖盘
418,10:29:18,3.22,0.0,36,11592,卖盘
419,10:29:39,3.22,0.0,6,1932,卖盘
420,10:29:45,3.22,0.0,2,644,卖盘
421,10:30:03,3.22,0.0,5,1610,卖盘
422,10:30:06,3.22,0.0,8,2576,卖盘
423,10:30:36,3.23,0.01,20,6460,买盘
424,10:30:45,3.23,0.0,11,3553,买盘
425,10:30:57,3.23,0.0,88,28424,买盘
426,10:31:18,3.23,0.0,50,16150,买盘
427,10:31:24,3.23,0.0,200,64600,买盘
428,10:31:30,3.23,0.0,3,969,买盘
429,10:31:54,3.23,0.0,50,16150,买盘
430,10:32:06,3.23,0.0,20,6460,买盘
431,10:32:18,3.23,0.0,309,99807,买盘
432,10:32:57,3.22,-0.01,1,322,卖盘
433,10:33:04,3.23,0.01,3,969,买盘
434,10:33:18,3.23,0.0,196,63308,买盘
435,10:33:36,3.22,-0.01,912,293664,卖盘
436,10:34:18,3.22,0.0,51,16471,卖盘
437,10:34:57,3.22,0.0,1,322,卖盘
438,10:35:18,3.23,0.01,1,323,买盘
439,10:35:39,3.22,-0.01,621,199962,卖盘
440,10:36:48,3.22,0.0,38,12236,卖盘
441,10:37:18,3.23,0.01,28,9044,买盘
442,10:37:21,3.22,-0.01,1,322,卖盘
443,10:37:30,3.23,0.01,1,323,买盘
444,10:37:33,3.22,-0.01,204,65688,卖盘
445,10:37:36,3.23,0.01,15,4845,买盘
446,10:37:58,3.23,0.0,19,6128,买盘
447,10:38:00,3.23,0.0,13,4199,买盘
448,10:38:04,3.23,0.0,5,1615,买盘
449,10:38:12,3.23,0.0,90,29070,买盘
450,10:38:31,3.22,-0.01,2,644,卖盘
451,10:38:36,3.22,0.0,30,9660,卖盘
452,10:38:48,3.22,0.0,6,1932,卖盘
453,10:38:58,3.22,0.0,720,231840,卖盘
454,10:39:00,3.22,0.0,2,644,卖盘
455,10:39:09,3.22,0.0,28,9016,卖盘
456,10:39:15,3.22,0.0,43,13846,卖盘
457,10:39:18,3.22,0.0,41,13202,卖盘
458,10:39:45,3.22,0.0,182,58604,卖盘
459,10:39:51,3.22,0.0,109,35098,卖盘
460,10:39:57,3.23,0.01,285,91807,买盘
461,10:40:06,3.22,-0.01,6,1932,卖盘
462,10:40:24,3.22,0.0,39,12558,卖盘
463,10:40:30,3.22,0.0,400,128800,卖盘
464,10:40:33,3.22,0.0,1,322,卖盘
465,10:40:57,3.22,0.0,51,16422,卖盘
466,10:41:06,3.22,0.0,22,7084,卖盘
467,10:41:12,3.22,0.0,23,7406,卖盘
468,10:41:21,3.22,0.0,8,2576,卖盘
469,10:41:30,3.22,0.0,75,24150,卖盘
470,10:41:42,3.22,0.0,88,28336,卖盘
471,10:41:48,3.22,0.0,120,38640,卖盘
472,10:42:18,3.22,0.0,50,16100,卖盘
473,10:42:27,3.22,0.0,13,4186,卖盘
474,10:43:19,3.22,0.0,50,16100,买盘
475,10:43:33,3.22,0.0,50,16100,买盘
476,10:43:42,3.21,-0.01,16,5136,卖盘
477,10:43:45,3.21,0.0,2,642,卖盘
478,10:44:12,3.21,0.0,4,1284,卖盘
479,10:44:15,3.21,0.0,82,26322,卖盘
480,10:44:30,3.21,0.0,31,9951,卖盘
481,10:44:48,3.21,0.0,482,154722,卖盘
482,10:45:30,3.21,0.0,258,82818,卖盘
483,10:45:36,3.21,0.0,6,1926,卖盘
484,10:46:00,3.21,0.0,375,120375,卖盘
485,10:46:03,3.21,0.0,50,16050,卖盘
486,10:46:06,3.21,0.0,69,22149,卖盘
487,10:46:12,3.21,0.0,213,68373,卖盘
488,10:46:19,3.21,0.0,60,19260,卖盘
489,10:46:36,3.22,0.01,25,8050,买盘
490,10:46:39,3.21,-0.01,60,19260,卖盘
491,10:46:57,3.21,0.0,81,26001,卖盘
492,10:47:06,3.21,0.0,214,68694,卖盘
493,10:47:30,3.21,0.0,60,19260,卖盘
494,10:47:39,3.21,0.0,18,5778,卖盘
495,10:47:42,3.21,0.0,3,963,卖盘
496,10:47:51,3.21,0.0,30,9630,卖盘
497,10:47:54,3.21,0.0,26,8346,卖盘
498,10:48:33,3.21,0.0,1,321,卖盘
499,10:48:55,3.21,0.0,6,1926,卖盘
500,10:49:07,3.21,0.0,1,321,卖盘
501,10:49:28,3.22,0.01,110,35320,买盘
502,10:49:33,3.22,0.0,9,2898,买盘
503,10:50:04,3.21,-0.01,13,4173,卖盘
504,10:50:30,3.21,0.0,2,642,卖盘
505,10:50:36,3.21,0.0,51,16371,卖盘
506,10:50:42,3.21,0.0,5,1605,卖盘
507,10:50:45,3.21,0.0,1,321,卖盘
508,10:50:57,3.21,0.0,30,9630,卖盘
509,10:51:12,3.21,0.0,10,3210,卖盘
510,10:51:21,3.21,0.0,1,321,卖盘
511,10:51:48,3.21,0.0,60,19260,卖盘
512,10:52:06,3.21,0.0,3,963,卖盘
513,10:52:12,3.21,0.0,25,8025,卖盘
514,10:52:51,3.21,0.0,33,10593,卖盘
515,10:53:18,3.21,0.0,5,1605,卖盘
516,10:53:30,3.21,0.0,30,9630,卖盘
517,10:53:36,3.21,0.0,11,3531,卖盘
518,10:54:15,3.21,0.0,194,62274,卖盘
519,10:54:18,3.21,0.0,1,321,卖盘
520,10:54:30,3.21,0.0,28,8988,卖盘
521,10:54:39,3.21,0.0,30,9630,卖盘
522,10:54:42,3.22,0.01,90,28980,买盘
523,10:54:45,3.21,-0.01,100,32100,卖盘
524,10:55:21,3.21,0.0,600,192600,卖盘
525,10:55:34,3.21,0.0,203,65163,卖盘
526,10:55:39,3.21,0.0,57,18297,卖盘
527,10:55:51,3.21,0.0,30,9630,卖盘
528,10:55:54,3.21,0.0,120,38520,卖盘
529,10:56:39,3.21,0.0,21,6741,卖盘
530,10:56:48,3.21,0.0,73,23433,卖盘
531,10:57:19,3.21,0.0,28,8988,买盘
532,10:57:21,3.21,0.0,42,13482,买盘
533,10:57:36,3.21,0.0,121,38841,卖盘
534,10:57:39,3.21,0.0,7,2247,卖盘
535,10:57:51,3.21,0.0,1,321,卖盘
536,10:58:00,3.21,0.0,1,321,卖盘
537,10:58:15,3.21,0.0,20,6420,卖盘
538,10:58:39,3.21,0.0,13,4173,卖盘
539,10:58:48,3.21,0.0,56,17976,卖盘
540,10:59:21,3.21,0.0,143,45903,卖盘
541,10:59:51,3.21,0.0,23,7383,卖盘
542,10:59:54,3.22,0.01,162,52164,买盘
543,11:01:16,3.21,-0.01,40,12840,卖盘
544,11:01:33,3.21,0.0,135,43335,卖盘
545,11:01:39,3.21,0.0,3,963,卖盘
546,11:01:42,3.22,0.01,15,4830,买盘
547,11:01:45,3.21,-0.01,150,48150,卖盘
548,11:02:00,3.21,0.0,106,34026,卖盘
549,11:02:18,3.21,0.0,50,16050,买盘
550,11:02:21,3.21,0.0,19,6099,买盘
551,11:02:24,3.21,0.0,1,321,卖盘
552,11:02:27,3.21,0.0,40,12840,卖盘
553,11:02:30,3.21,0.0,40,12840,买盘
554,11:02:57,3.21,0.0,214,68694,卖盘
555,11:03:00,3.21,0.0,3,963,买盘
556,11:03:09,3.2,-0.01,12,3840,卖盘
557,11:04:09,3.21,0.01,71,22791,买盘
558,11:04:27,3.2,-0.01,96,30720,卖盘
559,11:04:57,3.2,0.0,51,16320,卖盘
560,11:05:36,3.21,0.01,30,9630,买盘
561,11:06:04,3.2,-0.01,23,7360,卖盘
562,11:06:06,3.2,0.0,12,3840,卖盘
563,11:06:54,3.21,0.01,80,25680,买盘
564,11:07:18,3.2,-0.01,10,3200,卖盘
565,11:07:45,3.2,0.0,12,3840,卖盘
566,11:08:04,3.21,0.01,10,3210,买盘
567,11:08:24,3.2,-0.01,2,800,卖盘
568,11:08:30,3.21,0.01,1,321,买盘
569,11:08:51,3.21,0.0,10,3210,买盘
570,11:09:09,3.21,0.0,116,37236,买盘
571,11:09:18,3.21,0.0,6,1926,买盘
572,11:09:21,3.21,0.0,295,94695,买盘
573,11:09:27,3.21,0.0,13,4173,买盘
574,11:10:00,3.21,0.0,37,11877,卖盘
575,11:10:27,3.21,0.0,8,2568,买盘
576,11:10:39,3.21,0.0,2,642,卖盘
577,11:10:48,3.2,-0.01,1,320,卖盘
578,11:11:12,3.2,0.0,1,320,卖盘
579,11:11:48,3.2,0.0,100,32000,卖盘
580,11:12:06,3.2,0.0,9,2880,卖盘
581,11:12:15,3.2,0.0,22,7040,卖盘
582,11:12:18,3.2,0.0,22,7040,卖盘
583,11:12:42,3.21,0.01,130,41730,买盘
584,11:13:12,3.21,0.0,62,19902,买盘
585,11:13:18,3.21,0.0,10,3210,买盘
586,11:13:30,3.21,0.0,27,8506,买盘
587,11:13:54,3.21,0.0,13,4334,卖盘
588,11:14:15,3.2,-0.01,70,22420,卖盘
589,11:14:18,3.2,0.0,10,3200,卖盘
590,11:14:33,3.21,0.01,46,14766,买盘
591,11:14:54,3.21,0.0,1,321,买盘
592,11:15:00,3.21,0.0,56,17976,买盘
593,11:15:03,3.21,0.0,24,7544,买盘
594,11:15:06,3.21,0.0,1,321,卖盘
595,11:15:42,3.22,0.01,1,322,买盘
596,11:16:15,3.21,-0.01,11,3531,卖盘
597,11:16:45,3.22,0.01,221,71162,买盘
598,11:17:04,3.21,-0.01,17,5457,卖盘
599,11:17:12,3.22,0.01,93,29946,买盘
600,11:18:54,3.22,0.0,1,322,买盘
601,11:20:00,3.21,-0.01,1,321,卖盘
602,11:20:30,3.22,0.01,2,644,买盘
603,11:21:33,3.21,-0.01,2,642,卖盘
604,11:22:21,3.21,0.0,2,642,卖盘
605,11:23:09,3.21,0.0,12,3852,卖盘
606,11:23:15,3.21,0.0,7,2247,卖盘
607,11:23:51,3.22,0.01,11,3542,买盘
608,11:23:54,3.21,-0.01,100,32100,卖盘
609,11:24:24,3.21,0.0,195,62595,卖盘
610,11:25:33,3.21,0.0,9,2889,卖盘
611,11:25:45,3.21,0.0,1,321,卖盘
612,11:25:57,3.21,0.0,77,24717,卖盘
613,11:27:00,3.21,0.0,10,3210,卖盘
614,11:27:12,3.21,0.0,40,12840,卖盘
615,11:27:51,3.21,0.0,40,12840,卖盘
616,11:29:15,3.21,0.0,100,32100,卖盘
617,11:29:27,3.21,0.0,4,1284,卖盘
618,11:29:36,3.22,0.01,2,644,买盘
619,11:30:01,3.21,-0.01,3,963,卖盘
620,13:00:04,3.21,0.0,452,145107,卖盘
621,13:00:06,3.22,0.01,23,7405,买盘
622,13:00:15,3.21,-0.01,1,321,卖盘
623,13:00:51,3.22,0.01,7,2254,买盘
624,13:00:57,3.21,-0.01,61,19581,卖盘
625,13:01:21,3.21,0.0,3,963,卖盘
626,13:02:03,3.21,0.0,29,9309,卖盘
627,13:02:45,3.22,0.01,41,13202,买盘
628,13:02:57,3.21,-0.01,1,321,卖盘
629,13:03:15,3.21,0.0,20,6420,卖盘
630,13:03:42,3.21,0.0,247,79448,卖盘
631,13:03:51,3.21,0.0,51,16371,买盘
632,13:03:54,3.21,0.0,295,94695,买盘
633,13:04:24,3.2,-0.01,20,6400,卖盘
634,13:04:30,3.2,0.0,13,4160,卖盘
635,13:04:36,3.2,0.0,19,6080,卖盘
636,13:04:48,3.2,0.0,30,9600,卖盘
637,13:04:57,3.2,0.0,2,640,卖盘
638,13:05:00,3.2,0.0,3,960,卖盘
639,13:05:12,3.2,0.0,121,38720,卖盘
640,13:05:33,3.2,0.0,47,15040,卖盘
641,13:06:27,3.2,0.0,4,1280,卖盘
642,13:07:15,3.21,0.01,1,321,买盘
643,13:07:21,3.2,-0.01,888,284160,卖盘
644,13:07:27,3.2,0.0,44,14080,卖盘
645,13:07:30,3.2,0.0,100,32000,卖盘
646,13:07:39,3.2,0.0,50,16000,卖盘
647,13:08:06,3.2,0.0,30,9600,卖盘
648,13:08:19,3.2,0.0,10,3200,卖盘
649,13:08:36,3.2,0.0,1,320,卖盘
650,13:08:48,3.21,0.01,70,22470,买盘
651,13:08:51,3.21,0.0,70,22470,买盘
652,13:09:00,3.2,-0.01,28,8960,卖盘
653,13:09:04,3.2,0.0,37,11840,卖盘
654,13:09:15,3.2,0.0,33,10560,卖盘
655,13:09:36,3.2,0.0,16,5120,卖盘
656,13:09:48,3.2,0.0,1,320,卖盘
657,13:09:54,3.2,0.0,2,640,卖盘
658,13:10:06,3.2,0.0,39,12480,卖盘
659,13:10:30,3.2,0.0,41,13120,卖盘
660,13:10:33,3.2,0.0,3,960,卖盘
661,13:10:36,3.2,0.0,1,320,卖盘
662,13:10:42,3.21,0.01,31,9951,买盘
663,13:10:45,3.2,-0.01,68,21760,卖盘
664,13:11:39,3.21,0.01,2,642,买盘
665,13:11:48,3.2,-0.01,27,8640,卖盘
666,13:11:54,3.2,0.0,3,960,卖盘
667,13:12:06,3.2,0.0,1,320,卖盘
668,13:12:39,3.21,0.01,1000,321000,买盘
669,13:12:45,3.2,-0.01,3,960,卖盘
670,13:12:54,3.2,0.0,19,6080,卖盘
671,13:13:36,3.2,0.0,4,1280,卖盘
672,13:13:54,3.21,0.01,270,86670,买盘
673,13:14:46,3.21,0.0,15,4815,买盘
674,13:14:51,3.21,0.0,99,31618,买盘
675,13:14:57,3.2,-0.01,20,6422,卖盘
676,13:15:30,3.2,0.0,20,6400,卖盘
677,13:15:33,3.2,0.0,3,960,卖盘
678,13:15:45,3.2,0.0,1,320,卖盘
679,13:16:33,3.2,0.0,3,960,卖盘
680,13:17:27,3.21,0.01,3,963,买盘
681,13:17:30,3.2,-0.01,10,3200,卖盘
682,13:17:33,3.2,0.0,23,7360,卖盘
683,13:17:42,3.21,0.01,29,9309,买盘
684,13:17:57,3.21,0.0,42,13482,卖盘
685,13:18:24,3.21,0.0,73,23433,卖盘
686,13:18:48,3.2,-0.01,6,1920,卖盘
687,13:19:06,3.2,0.0,15,4800,卖盘
688,13:19:09,3.21,0.01,10,3210,买盘
689,13:19:21,3.2,-0.01,100,32000,卖盘
690,13:19:24,3.21,0.01,1,321,买盘
691,13:19:36,3.21,0.0,6,1926,买盘
692,13:20:12,3.2,-0.01,14,4480,卖盘
693,13:20:27,3.2,0.0,16,5120,卖盘
694,13:20:42,3.2,0.0,3,960,卖盘
695,13:20:45,3.2,0.0,50,16000,卖盘
696,13:21:12,3.2,0.0,1,320,卖盘
697,13:21:24,3.2,0.0,109,34880,卖盘
698,13:21:51,3.21,0.01,1,321,买盘
699,13:22:18,3.2,-0.01,40,12800,卖盘
700,13:22:27,3.2,0.0,2,640,卖盘
701,13:22:39,3.21,0.01,156,50076,买盘
702,13:22:42,3.21,0.0,70,22470,买盘
703,13:22:45,3.21,0.0,270,86633,买盘
704,13:22:54,3.21,0.0,60,19260,买盘
705,13:23:09,3.2,-0.01,20,6400,卖盘
706,13:23:45,3.2,0.0,13,4160,卖盘
707,13:23:51,3.2,0.0,174,55680,卖盘
708,13:24:57,3.2,0.0,32,10240,卖盘
709,13:25:27,3.21,0.01,10,3210,买盘
710,13:25:33,3.21,0.0,1,321,买盘
711,13:25:51,3.21,0.0,1,321,买盘
712,13:26:00,3.2,-0.01,5,1600,卖盘
713,13:26:22,3.21,0.01,89,28569,买盘
714,13:27:09,3.21,0.0,155,49755,买盘
715,13:27:45,3.21,0.0,8,2568,买盘
716,13:28:27,3.21,0.0,127,40767,买盘
717,13:28:33,3.2,-0.01,1,320,卖盘
718,13:28:36,3.21,0.01,44,14124,买盘
719,13:28:42,3.2,-0.01,30,9600,卖盘
720,13:29:54,3.2,0.0,33,10560,卖盘
721,13:30:00,3.2,0.0,100,32000,卖盘
722,13:30:06,3.2,0.0,30,9600,卖盘
723,13:30:24,3.2,0.0,30,9600,卖盘
724,13:30:27,3.2,0.0,112,35840,卖盘
725,13:30:31,3.2,0.0,6,1920,卖盘
726,13:30:54,3.21,0.01,50,16050,买盘
727,13:31:12,3.21,0.0,60,19260,买盘
728,13:31:18,3.21,0.0,100,32100,买盘
729,13:31:45,3.21,0.0,62,19902,买盘
730,13:32:24,3.2,-0.01,14,4480,卖盘
731,13:33:00,3.21,0.01,1,321,买盘
732,13:33:21,3.21,0.0,95,30495,买盘
733,13:33:33,3.2,-0.01,20,6400,卖盘
734,13:33:42,3.21,0.01,40,12840,买盘
735,13:33:45,3.2,-0.01,17,5440,卖盘
736,13:33:51,3.2,0.0,22,7040,卖盘
737,13:34:27,3.2,0.0,34,10880,卖盘
738,13:35:30,3.2,0.0,80,25600,卖盘
739,13:35:39,3.2,0.0,17,5440,卖盘
740,13:35:58,3.2,0.0,65,20800,卖盘
741,13:36:07,3.2,0.0,200,64000,卖盘
742,13:36:18,3.2,0.0,60,19200,卖盘
743,13:36:24,3.2,0.0,197,63040,卖盘
744,13:37:03,3.2,0.0,40,12800,卖盘
745,13:37:54,3.2,0.0,84,26880,卖盘
746,13:38:21,3.2,0.0,263,84160,卖盘
747,13:38:39,3.2,0.0,29,9280,卖盘
748,13:38:42,3.21,0.01,60,19260,买盘
749,13:38:45,3.2,-0.01,3,960,卖盘
750,13:39:09,3.2,0.0,240,76800,卖盘
751,13:39:27,3.2,0.0,8,2560,卖盘
752,13:39:33,3.2,0.0,22,7040,卖盘
753,13:39:39,3.2,0.0,3,960,卖盘
754,13:39:43,3.2,0.0,22,7040,卖盘
755,13:40:03,3.2,0.0,70,22400,卖盘
756,13:40:33,3.2,0.0,70,22400,卖盘
757,13:40:39,3.21,0.01,2,642,买盘
758,13:40:48,3.2,-0.01,91,29120,卖盘
759,13:41:04,3.21,0.01,99,31709,买盘
760,13:41:06,3.2,-0.01,1,320,卖盘
761,13:41:12,3.21,0.01,51,16371,买盘
762,13:41:15,3.2,-0.01,80,25600,卖盘
763,13:41:33,3.2,0.0,70,22400,卖盘
764,13:41:36,3.2,0.0,738,236160,卖盘
765,13:41:39,3.2,0.0,500,160000,卖盘
766,13:41:45,3.2,0.0,29,9280,卖盘
767,13:41:48,3.2,0.0,39,12480,卖盘
768,13:41:57,3.2,0.0,100,32000,卖盘
769,13:42:04,3.2,0.0,90,28800,卖盘
770,13:42:15,3.2,0.0,13,4160,卖盘
771,13:42:18,3.21,0.01,150,48050,买盘
772,13:42:28,3.2,-0.01,200,64000,卖盘
773,13:42:33,3.2,0.0,70,22400,卖盘
774,13:42:36,3.21,0.01,9,2889,买盘
775,13:42:45,3.2,-0.01,100,32000,卖盘
776,13:43:00,3.2,0.0,131,41920,卖盘
777,13:43:04,3.2,0.0,70,22400,卖盘
778,13:43:15,3.2,0.0,194,62080,卖盘
779,13:43:33,3.19,-0.01,70,22330,卖盘
780,13:43:48,3.2,0.01,30,9600,买盘
781,13:43:51,3.2,0.0,5,1600,买盘
782,13:44:00,3.2,0.0,116,37120,买盘
783,13:44:03,3.19,-0.01,70,22330,卖盘
784,13:44:09,3.2,0.01,125,40000,买盘
785,13:44:24,3.2,0.0,3,960,卖盘
786,13:44:27,3.2,0.0,40,12800,卖盘
787,13:44:30,3.2,0.0,66,21120,卖盘
788,13:45:04,3.19,-0.01,3,957,卖盘
789,13:45:12,3.19,0.0,10,3190,卖盘
790,13:45:18,3.19,0.0,161,51359,卖盘
791,13:45:33,3.19,0.0,70,22330,卖盘
792,13:45:51,3.19,0.0,5,1595,卖盘
793,13:45:57,3.19,0.0,3,957,卖盘
794,13:46:24,3.19,0.0,5,1595,卖盘
795,13:46:27,3.19,0.0,52,16588,卖盘
796,13:46:42,3.19,0.0,2,638,卖盘
797,13:46:57,3.19,0.0,200,63800,卖盘
798,13:47:03,3.2,0.01,1,320,买盘
799,13:47:15,3.2,0.0,3,960,买盘
800,13:47:30,3.19,-0.01,1,319,卖盘
801,13:47:39,3.19,0.0,734,234146,卖盘
802,13:47:51,3.19,0.0,100,31900,卖盘
803,13:47:54,3.2,0.01,100,32000,买盘
804,13:48:12,3.19,-0.01,797,254243,卖盘
805,13:48:21,3.19,0.0,175,55825,买盘
806,13:48:27,3.18,-0.01,51,16267,卖盘
807,13:48:30,3.19,0.01,82,26158,买盘
808,13:48:39,3.19,0.0,12,3828,卖盘
809,13:48:42,3.19,0.0,22,7018,卖盘
810,13:48:45,3.19,0.0,170,54230,卖盘
811,13:48:51,3.2,0.01,2,640,买盘
812,13:48:54,3.19,-0.01,139,44341,卖盘
813,13:49:12,3.19,0.0,200,63800,卖盘
814,13:49:15,3.19,0.0,10,3190,卖盘
815,13:49:21,3.19,0.0,165,52635,卖盘
816,13:49:24,3.19,0.0,3,957,买盘
817,13:49:30,3.19,0.0,38,12122,买盘
818,13:49:36,3.19,0.0,6,1914,卖盘
819,13:49:45,3.19,0.0,47,14993,买盘
820,13:49:48,3.19,0.0,8,2552,卖盘
821,13:49:51,3.19,0.0,20,6380,卖盘
822,13:49:57,3.19,0.0,23,7337,卖盘
823,13:50:06,3.19,0.0,11,3509,买盘
824,13:50:15,3.19,0.0,1,319,买盘
825,13:50:18,3.19,0.0,132,42108,买盘
826,13:50:45,3.19,0.0,33,10527,买盘
827,13:50:51,3.19,0.0,48,15312,买盘
828,13:51:00,3.19,0.0,80,25520,买盘
829,13:51:15,3.19,0.0,29,9251,卖盘
830,13:51:18,3.19,0.0,65,20735,卖盘
831,13:51:21,3.18,-0.01,20,6360,卖盘
832,13:51:51,3.18,0.0,14,4452,卖盘
833,13:52:24,3.18,0.0,117,37206,卖盘
834,13:52:27,3.19,0.01,150,47800,买盘
835,13:52:42,3.19,0.0,157,50083,买盘
836,13:53:04,3.19,0.0,51,16269,买盘
837,13:53:09,3.18,-0.01,15,4770,卖盘
838,13:53:15,3.19,0.01,51,16269,买盘
839,13:53:21,3.18,-0.01,100,31800,卖盘
840,13:53:36,3.18,0.0,41,13058,卖盘
841,13:53:45,3.18,0.0,31,9858,卖盘
842,13:54:06,3.18,0.0,3,954,卖盘
843,13:54:51,3.18,0.0,25,7950,卖盘
844,13:55:21,3.18,0.0,10,3180,卖盘
845,13:55:42,3.18,0.0,22,6996,卖盘
846,13:55:51,3.18,0.0,4,1272,卖盘
847,13:55:54,3.18,0.0,5,1590,卖盘
848,13:56:09,3.18,0.0,16,5088,卖盘
849,13:56:21,3.18,0.0,11,3498,卖盘
850,13:56:24,3.18,0.0,15,4770,卖盘
851,13:56:52,3.18,0.0,1,318,卖盘
852,13:56:54,3.18,0.0,14,4452,卖盘
853,13:57:27,3.18,0.0,2,636,卖盘
854,13:57:30,3.18,0.0,48,15264,卖盘
855,13:57:33,3.18,0.0,304,96672,卖盘
856,13:57:36,3.18,0.0,1,318,卖盘
857,13:57:42,3.18,0.0,138,43884,卖盘
858,13:57:51,3.19,0.01,30,9570,买盘
859,13:58:18,3.18,-0.01,17,5406,卖盘
860,13:58:30,3.18,0.0,1,318,卖盘
861,13:58:36,3.19,0.01,79,25201,买盘
862,13:58:42,3.18,-0.01,6,1908,卖盘
863,13:59:09,3.18,0.0,99,31482,卖盘
864,13:59:15,3.19,0.01,6,1914,买盘
865,13:59:27,3.19,0.0,300,95700,买盘
866,13:59:33,3.18,-0.01,1,318,卖盘
867,13:59:45,3.19,0.01,2,638,买盘
868,14:00:15,3.19,0.0,10,3190,买盘
869,14:00:21,3.19,0.0,117,37323,买盘
870,14:00:24,3.18,-0.01,20,6360,卖盘
871,14:01:09,3.18,0.0,10,3180,卖盘
872,14:01:33,3.18,0.0,11,3498,卖盘
873,14:02:04,3.18,0.0,192,61056,卖盘
874,14:02:19,3.18,0.0,48,15264,卖盘
875,14:02:36,3.19,0.01,10,3190,买盘
876,14:02:39,3.18,-0.01,5,1590,卖盘
877,14:02:43,3.18,0.0,300,95400,卖盘
878,14:03:00,3.18,0.0,93,29574,卖盘
879,14:03:04,3.18,0.0,30,9540,卖盘
880,14:03:09,3.18,0.0,39,12402,卖盘
881,14:03:18,3.18,0.0,112,35616,卖盘
882,14:03:21,3.18,0.0,50,15900,卖盘
883,14:03:51,3.18,0.0,1390,442020,卖盘
884,14:03:57,3.18,0.0,30,9540,卖盘
885,14:04:09,3.18,0.0,5,1590,买盘
886,14:04:12,3.17,-0.01,25,7945,卖盘
887,14:04:18,3.18,0.01,30,9540,买盘
888,14:04:27,3.17,-0.01,5,1585,卖盘
889,14:04:30,3.18,0.01,18,5714,买盘
890,14:04:36,3.18,0.0,20,6360,买盘
891,14:04:51,3.17,-0.01,1095,347210,卖盘
892,14:04:57,3.17,0.0,12,3804,卖盘
893,14:05:03,3.17,0.0,47,14899,卖盘
894,14:05:06,3.17,0.0,118,37406,卖盘
895,14:05:09,3.17,0.0,463,146771,卖盘
896,14:05:15,3.18,0.01,10,3180,买盘
897,14:05:42,3.17,-0.01,100,31700,卖盘
898,14:05:48,3.17,0.0,21,6657,卖盘
899,14:05:51,3.17,0.0,189,59913,卖盘
900,14:06:04,3.17,0.0,8,2536,卖盘
901,14:06:06,3.17,0.0,330,104640,卖盘
902,14:06:12,3.18,0.01,7,2226,买盘
903,14:06:30,3.18,0.0,63,20034,买盘
904,14:06:36,3.18,0.0,15,4770,买盘
905,14:06:39,3.18,0.0,500,159000,买盘
906,14:06:42,3.17,-0.01,206,65352,卖盘
907,14:06:48,3.18,0.01,140,44520,买盘
908,14:06:51,3.18,0.0,92,29256,买盘
909,14:06:54,3.18,0.0,10,3180,买盘
910,14:07:04,3.18,0.0,116,36888,买盘
911,14:07:36,3.19,0.01,6,1914,买盘
912,14:07:40,3.18,-0.01,26,8268,卖盘
913,14:07:57,3.18,0.0,93,29574,卖盘
914,14:08:21,3.19,0.01,50,15950,买盘
915,14:08:27,3.18,-0.01,2,636,卖盘
916,14:08:36,3.19,0.01,84,26796,买盘
917,14:08:42,3.19,0.0,2,638,买盘
918,14:08:57,3.18,-0.01,53,16854,卖盘
919,14:09:06,3.18,0.0,20,6360,卖盘
920,14:09:09,3.19,0.01,20,6380,买盘
921,14:09:12,3.18,-0.01,7,2226,卖盘
922,14:09:27,3.18,0.0,10,3180,卖盘
923,14:09:45,3.18,0.0,55,17490,卖盘
924,14:09:48,3.18,0.0,20,6360,卖盘
925,14:09:51,3.18,0.0,10,3180,卖盘
926,14:09:54,3.18,0.0,1,318,卖盘
927,14:10:15,3.18,0.0,5,1590,卖盘
928,14:10:21,3.18,0.0,112,35616,卖盘
929,14:10:33,3.18,0.0,148,47064,卖盘
930,14:10:51,3.19,0.01,10,3190,买盘
931,14:11:01,3.18,-0.01,20,6360,卖盘
932,14:11:04,3.18,0.0,8,2544,卖盘
933,14:11:06,3.18,0.0,27,8586,买盘
934,14:11:36,3.18,0.0,44,13992,买盘
935,14:12:00,3.17,-0.01,1,317,卖盘
936,14:12:06,3.18,0.01,6,1908,买盘
937,14:12:18,3.17,-0.01,5,1585,卖盘
938,14:12:36,3.18,0.01,1,318,买盘
939,14:13:24,3.18,0.0,30,9540,买盘
940,14:13:33,3.18,0.0,6,1908,买盘
941,14:13:42,3.18,0.0,100,31800,买盘
942,14:14:10,3.18,0.0,1,318,买盘
943,14:14:12,3.17,-0.01,10,3170,卖盘
944,14:14:33,3.17,0.0,10,3170,卖盘
945,14:14:36,3.17,0.0,201,63717,卖盘
946,14:14:46,3.17,0.0,7,2219,卖盘
947,14:14:48,3.17,0.0,2,634,卖盘
948,14:15:06,3.17,0.0,20,6340,卖盘
949,14:15:27,3.17,0.0,3,951,卖盘
950,14:15:30,3.17,0.0,54,17118,卖盘
951,14:15:37,3.17,0.0,20,6340,卖盘
952,14:15:42,3.17,0.0,190,60230,卖盘
953,14:15:57,3.17,0.0,16,5072,卖盘
954,14:16:00,3.18,0.01,50,15900,买盘
955,14:16:06,3.17,-0.01,60,19020,卖盘
956,14:16:10,3.17,0.0,30,9510,卖盘
957,14:16:15,3.18,0.01,20,6360,买盘
958,14:16:27,3.18,0.0,9,2862,买盘
959,14:16:39,3.17,-0.01,190,60230,卖盘
960,14:16:51,3.18,0.01,16,5082,买盘
961,14:16:57,3.17,-0.01,25,7925,卖盘
962,14:17:00,3.18,0.01,726,230868,买盘
963,14:17:04,3.18,0.0,6,1908,买盘
964,14:17:12,3.18,0.0,4,1272,卖盘
965,14:17:46,3.18,0.0,2,636,买盘
966,14:17:49,3.17,-0.01,17,5389,卖盘
967,14:18:00,3.18,0.01,120,38160,买盘
968,14:18:03,3.17,-0.01,93,29481,卖盘
969,14:18:09,3.18,0.01,5,1590,买盘
970,14:18:15,3.18,0.0,18,5724,买盘
971,14:18:21,3.18,0.0,100,31800,买盘
972,14:18:30,3.18,0.0,85,27030,买盘
973,14:18:36,3.18,0.0,61,19398,买盘
974,14:18:39,3.18,0.0,200,63600,买盘
975,14:18:42,3.18,0.0,51,16218,买盘
976,14:18:48,3.18,0.0,30,9540,买盘
977,14:18:55,3.18,0.0,32,10176,买盘
978,14:18:57,3.18,0.0,138,43884,买盘
979,14:19:12,3.18,0.0,90,28620,卖盘
980,14:19:15,3.19,0.01,53,16907,买盘
981,14:19:39,3.19,0.0,8,2552,买盘
982,14:19:54,3.18,-0.01,1,318,卖盘
983,14:20:30,3.19,0.01,5,1595,买盘
984,14:20:42,3.19,0.0,785,250415,买盘
985,14:20:45,3.19,0.0,1,319,卖盘
986,14:20:54,3.19,0.0,2,638,卖盘
987,14:21:06,3.19,0.0,2,638,卖盘
988,14:21:39,3.19,0.0,98,31262,卖盘
989,14:21:51,3.2,0.01,35,11200,买盘
990,14:22:12,3.2,0.0,62,19840,买盘
991,14:22:31,3.19,-0.01,1,319,卖盘
992,14:22:39,3.19,0.0,10,3190,卖盘
993,14:23:00,3.19,0.0,71,22649,卖盘
994,14:23:03,3.2,0.01,50,16000,买盘
995,14:23:36,3.2,0.0,10,3200,买盘
996,14:23:39,3.19,-0.01,80,25520,卖盘
997,14:24:06,3.19,0.0,10,3190,卖盘
998,14:24:33,3.2,0.01,2,640,买盘
999,14:24:51,3.19,-0.01,3,957,卖盘
1000,14:25:24,3.19,0.0,30,9570,卖盘
1001,14:25:27,3.19,0.0,408,130152,卖盘
1002,14:25:36,3.19,0.0,4,1276,卖盘
1003,14:25:45,3.19,0.0,98,31262,卖盘
1004,14:25:54,3.19,0.0,35,11165,卖盘
1005,14:26:15,3.18,-0.01,100,31800,卖盘
1006,14:26:30,3.18,0.0,9,2862,卖盘
1007,14:26:33,3.19,0.01,2,638,买盘
1008,14:27:00,3.18,-0.01,20,6360,卖盘
1009,14:27:12,3.19,0.01,62,19766,买盘
1010,14:27:18,3.19,0.0,2,638,买盘
1011,14:27:21,3.18,-0.01,11,3498,卖盘
1012,14:27:36,3.18,0.0,50,15900,卖盘
1013,14:27:39,3.18,0.0,100,31800,卖盘
1014,14:27:54,3.18,0.0,1,318,卖盘
1015,14:28:09,3.18,0.0,203,64557,卖盘
1016,14:28:12,3.19,0.01,10,3190,买盘
1017,14:28:27,3.18,-0.01,3,954,卖盘
1018,14:28:39,3.18,0.0,150,47700,卖盘
1019,14:29:21,3.18,0.0,22,6996,卖盘
1020,14:29:24,3.18,0.0,15,4770,卖盘
1021,14:29:30,3.18,0.0,269,85542,卖盘
1022,14:29:42,3.18,0.0,8,2544,卖盘
1023,14:29:45,3.18,0.0,30,9540,卖盘
1024,14:29:51,3.18,0.0,45,14342,卖盘
1025,14:30:03,3.18,0.0,156,49608,卖盘
1026,14:30:18,3.18,0.0,50,15900,卖盘
1027,14:30:30,3.18,0.0,137,43566,卖盘
1028,14:30:33,3.17,-0.01,30,9510,卖盘
1029,14:30:36,3.18,0.01,7,2226,买盘
1030,14:30:57,3.17,-0.01,30,9510,卖盘
1031,14:31:06,3.17,0.0,5,1585,卖盘
1032,14:31:09,3.17,0.0,7,2219,卖盘
1033,14:31:27,3.17,0.0,1,317,卖盘
1034,14:31:30,3.17,0.0,45,14265,卖盘
1035,14:31:42,3.17,0.0,23,7291,卖盘
1036,14:31:46,3.17,0.0,10,3170,卖盘
1037,14:31:51,3.17,0.0,93,29481,卖盘
1038,14:31:54,3.18,0.01,103,32754,买盘
1039,14:32:00,3.17,-0.01,10,3170,卖盘
1040,14:32:09,3.17,0.0,15,4755,卖盘
1041,14:32:24,3.17,0.0,74,23458,卖盘
1042,14:32:33,3.17,0.0,34,10778,卖盘
1043,14:32:45,3.17,0.0,283,89727,卖盘
1044,14:32:48,3.17,0.0,1358,430486,卖盘
1045,14:32:51,3.17,0.0,33,10461,卖盘
1046,14:32:54,3.17,0.0,98,31066,卖盘
1047,14:33:00,3.17,0.0,107,33919,卖盘
1048,14:33:03,3.17,0.0,941,298297,卖盘
1049,14:33:12,3.16,-0.01,14,4424,卖盘
1050,14:33:15,3.16,0.0,12,3792,卖盘
1051,14:33:24,3.16,0.0,59,18644,卖盘
1052,14:33:30,3.16,0.0,150,47400,卖盘
1053,14:33:33,3.16,0.0,20,6320,卖盘
1054,14:33:36,3.16,0.0,17,5372,卖盘
1055,14:33:39,3.16,0.0,3,948,卖盘
1056,14:33:42,3.17,0.01,220,69570,买盘
1057,14:33:46,3.16,-0.01,44,13904,卖盘
1058,14:33:48,3.16,0.0,30,9480,卖盘
1059,14:33:51,3.16,0.0,978,309048,卖盘
1060,14:33:57,3.16,0.0,186,58776,买盘
1061,14:34:00,3.16,0.0,116,36656,卖盘
1062,14:34:04,3.16,0.0,105,33180,卖盘
1063,14:34:09,3.15,-0.01,287,90405,卖盘
1064,14:34:12,3.16,0.01,39,12295,买盘
1065,14:34:16,3.15,-0.01,380,119750,卖盘
1066,14:34:18,3.15,0.0,39,12285,卖盘
1067,14:34:21,3.16,0.01,10,3160,买盘
1068,14:34:24,3.16,0.0,24,7584,买盘
1069,14:34:27,3.16,0.0,30,9480,买盘
1070,14:34:30,3.15,-0.01,98,30870,卖盘
1071,14:34:42,3.16,0.01,90,28440,买盘
1072,14:34:54,3.16,0.0,22,6938,买盘
1073,14:34:57,3.16,0.0,24,7570,买盘
1074,14:35:00,3.15,-0.01,487,153725,卖盘
1075,14:35:03,3.16,0.01,269,85004,买盘
1076,14:35:09,3.15,-0.01,81,25546,卖盘
1077,14:35:12,3.15,0.0,50,15750,卖盘
1078,14:35:15,3.15,0.0,40,12635,卖盘
1079,14:35:18,3.16,0.01,31,9786,买盘
1080,14:35:21,3.15,-0.01,150,47350,卖盘
1081,14:35:24,3.16,0.01,130,41080,买盘
1082,14:35:30,3.16,0.0,161,50876,买盘
1083,14:35:36,3.16,0.0,48,15168,买盘
1084,14:35:39,3.16,0.0,85,26860,买盘
1085,14:35:48,3.16,0.0,1,316,卖盘
1086,14:35:51,3.16,0.0,10,3160,卖盘
1087,14:36:06,3.16,0.0,274,86584,卖盘
1088,14:36:09,3.16,0.0,15,4740,卖盘
1089,14:36:18,3.16,0.0,50,15800,卖盘
1090,14:36:21,3.15,-0.01,200,63039,卖盘
1091,14:36:24,3.16,0.01,40,12640,买盘
1092,14:36:30,3.16,0.0,21,6636,买盘
1093,14:36:39,3.15,-0.01,15,4725,卖盘
1094,14:36:43,3.16,0.01,58,18304,买盘
1095,14:36:45,3.15,-0.01,53,16695,卖盘
1096,14:37:06,3.15,0.0,10,3150,卖盘
1097,14:37:09,3.15,0.0,70,22050,卖盘
1098,14:37:12,3.16,0.01,102,32132,买盘
1099,14:37:15,3.15,-0.01,4,1260,卖盘
1100,14:37:18,3.16,0.01,107,33812,买盘
1101,14:37:24,3.15,-0.01,39,12285,卖盘
1102,14:37:30,3.16,0.01,27,8532,买盘
1103,14:37:33,3.16,0.0,100,31600,买盘
1104,14:37:39,3.16,0.0,369,116604,买盘
1105,14:37:42,3.16,0.0,11,3475,买盘
1106,14:37:45,3.16,0.0,30,9480,买盘
1107,14:37:48,3.16,0.0,545,172220,买盘
1108,14:37:51,3.15,-0.01,571,180434,卖盘
1109,14:37:54,3.16,0.01,169,53404,买盘
1110,14:37:57,3.17,0.01,35,11070,买盘
1111,14:38:07,3.16,-0.01,103,32610,卖盘
1112,14:38:12,3.17,0.01,35,11095,买盘
1113,14:38:15,3.17,0.0,10,3170,买盘
1114,14:38:21,3.17,0.0,30,9510,买盘
1115,14:38:30,3.17,0.0,26,8242,买盘
1116,14:38:39,3.17,0.0,33,10461,买盘
1117,14:38:45,3.16,-0.01,140,44250,卖盘
1118,14:39:04,3.17,0.01,30,9510,买盘
1119,14:39:15,3.17,0.0,10,3170,买盘
1120,14:39:21,3.17,0.0,12,3804,买盘
1121,14:39:24,3.17,0.0,3,951,买盘
1122,14:39:30,3.17,0.0,5,1585,买盘
1123,14:39:36,3.17,0.0,20,6340,买盘
1124,14:39:54,3.17,0.0,19,6023,买盘
1125,14:39:57,3.16,-0.01,6,1896,卖盘
1126,14:40:00,3.17,0.01,100,31700,买盘
1127,14:40:04,3.17,0.0,54,17118,买盘
1128,14:40:06,3.17,0.0,50,15850,买盘
1129,14:40:15,3.17,0.0,10,3170,买盘
1130,14:40:18,3.17,0.0,15,4755,买盘
1131,14:40:30,3.16,-0.01,150,47400,卖盘
1132,14:40:33,3.16,0.0,19,6004,卖盘
1133,14:40:36,3.17,0.01,4,1268,买盘
1134,14:40:45,3.16,-0.01,302,95434,卖盘
1135,14:40:48,3.16,0.0,30,9480,卖盘
1136,14:40:51,3.16,0.0,19,6004,卖盘
1137,14:40:54,3.16,0.0,22,6952,卖盘
1138,14:40:57,3.16,0.0,21,6636,卖盘
1139,14:41:00,3.16,0.0,3,948,卖盘
1140,14:41:04,3.16,0.0,13,4108,卖盘
1141,14:41:06,3.16,0.0,52,16432,卖盘
1142,14:41:09,3.16,0.0,226,71416,卖盘
1143,14:41:12,3.16,0.0,26,8216,卖盘
1144,14:41:15,3.16,0.0,465,146940,卖盘
1145,14:41:27,3.16,0.0,40,12640,买盘
1146,14:41:30,3.16,0.0,1,316,买盘
1147,14:41:33,3.16,0.0,49,15484,买盘
1148,14:41:42,3.15,-0.01,1,315,卖盘
1149,14:41:51,3.16,0.01,15,4740,买盘
1150,14:42:01,3.16,0.0,10,3160,买盘
1151,14:42:04,3.15,-0.01,27,8505,卖盘
1152,14:42:06,3.16,0.01,184,58144,买盘
1153,14:42:12,3.15,-0.01,73,22995,卖盘
1154,14:42:15,3.16,0.01,99,31284,买盘
1155,14:42:21,3.16,0.0,9,2844,买盘
1156,14:42:33,3.16,0.0,51,16116,买盘
1157,14:42:58,3.16,0.0,119,37604,买盘
1158,14:43:00,3.16,0.0,27,8532,买盘
1159,14:43:27,3.16,0.0,1,316,卖盘
1160,14:43:30,3.16,0.0,112,35392,卖盘
1161,14:43:33,3.16,0.0,194,61304,卖盘
1162,14:43:36,3.16,0.0,10,3160,卖盘
1163,14:43:39,3.16,0.0,36,11376,卖盘
1164,14:43:42,3.16,0.0,7,2212,卖盘
1165,14:43:45,3.16,0.0,15,4750,卖盘
1166,14:43:48,3.16,0.0,3,948,卖盘
1167,14:43:51,3.16,0.0,5,1580,卖盘
1168,14:43:57,3.16,0.0,1,316,卖盘
1169,14:44:00,3.16,0.0,19,6004,卖盘
1170,14:44:04,3.16,0.0,9,2844,卖盘
1171,14:44:06,3.17,0.01,121,38241,买盘
1172,14:44:09,3.16,-0.01,43,13588,卖盘
1173,14:44:12,3.16,0.0,123,38868,卖盘
1174,14:44:15,3.16,0.0,20,6320,卖盘
1175,14:44:18,3.16,0.0,36,11379,卖盘
1176,14:44:21,3.16,0.0,21,6636,卖盘
1177,14:44:25,3.16,0.0,215,67940,卖盘
1178,14:44:30,3.16,0.0,21,6636,买盘
1179,14:44:33,3.16,0.0,20,6320,卖盘
1180,14:44:36,3.16,0.0,8,2528,卖盘
1181,14:44:39,3.16,0.0,9,2844,卖盘
1182,14:44:42,3.16,0.0,77,24332,卖盘
1183,14:44:45,3.16,0.0,45,14220,卖盘
1184,14:44:52,3.16,0.0,30,9480,买盘
1185,14:44:57,3.16,0.0,3,948,买盘
1186,14:45:15,3.16,0.0,38,12008,买盘
1187,14:45:33,3.15,-0.01,50,15750,卖盘
1188,14:45:57,3.15,0.0,30,9450,卖盘
1189,14:46:06,3.15,0.0,84,26460,卖盘
1190,14:46:09,3.15,0.0,98,30870,卖盘
1191,14:46:12,3.15,0.0,195,61425,卖盘
1192,14:46:15,3.15,0.0,212,66780,卖盘
1193,14:46:18,3.16,0.01,128,40340,买盘
1194,14:46:27,3.16,0.0,64,20224,买盘
1195,14:46:31,3.16,0.0,47,14806,买盘
1196,14:46:39,3.15,-0.01,57,17955,卖盘
1197,14:46:42,3.15,0.0,90,28400,卖盘
1198,14:47:18,3.15,0.0,100,31500,卖盘
1199,14:47:21,3.16,0.01,122,38552,买盘
1200,14:47:27,3.15,-0.01,13,4095,卖盘
1201,14:47:40,3.15,0.0,50,15750,卖盘
1202,14:47:42,3.15,0.0,7,2205,卖盘
1203,14:47:45,3.15,0.0,14,4410,卖盘
1204,14:47:48,3.16,0.01,6,1896,买盘
1205,14:47:54,3.15,-0.01,10,3150,卖盘
1206,14:48:00,3.15,0.0,1200,378000,卖盘
1207,14:48:03,3.15,0.0,320,100800,卖盘
1208,14:48:09,3.15,0.0,9,2835,卖盘
1209,14:48:12,3.15,0.0,99,31185,卖盘
1210,14:48:15,3.15,0.0,80,25200,卖盘
1211,14:48:18,3.15,0.0,1046,329490,卖盘
1212,14:48:21,3.15,0.0,237,74655,卖盘
1213,14:48:24,3.15,0.0,424,133560,卖盘
1214,14:48:27,3.15,0.0,539,169785,卖盘
1215,14:48:37,3.14,-0.01,216,67824,卖盘
1216,14:48:42,3.14,0.0,120,37680,卖盘
1217,14:48:45,3.14,0.0,36,11304,卖盘
1218,14:48:51,3.14,0.0,32,10050,卖盘
1219,14:48:57,3.15,0.01,61,19215,买盘
1220,14:49:07,3.15,0.0,711,223263,买盘
1221,14:49:09,3.15,0.0,112,35178,买盘
1222,14:49:12,3.14,-0.01,99,31086,卖盘
1223,14:49:15,3.14,0.0,3,942,卖盘
1224,14:49:24,3.15,0.01,6,1890,买盘
1225,14:49:31,3.14,-0.01,307,96398,卖盘
1226,14:49:36,3.14,0.0,43,13502,买盘
1227,14:49:42,3.14,0.0,117,36728,买盘
1228,14:49:45,3.14,0.0,72,22608,买盘
1229,14:49:48,3.14,0.0,92,28888,卖盘
1230,14:49:51,3.14,0.0,20,6280,买盘
1231,14:49:54,3.14,0.0,120,37680,买盘
1232,14:49:58,3.13,-0.01,100,31345,卖盘
1233,14:50:00,3.16,0.03,1058,333896,买盘
1234,14:50:06,3.14,-0.02,3,942,卖盘
1235,14:50:09,3.14,0.0,17,5338,卖盘
1236,14:50:15,3.14,0.0,106,33284,卖盘
1237,14:50:30,3.15,0.01,688,216720,买盘
1238,14:50:51,3.15,0.0,15,4725,卖盘
1239,14:50:54,3.15,0.0,29,9135,卖盘
1240,14:50:57,3.15,0.0,8,2520,卖盘
1241,14:51:00,3.16,0.01,54,17040,买盘
1242,14:51:04,3.15,-0.01,81,25515,卖盘
1243,14:51:09,3.15,0.0,7,2205,买盘
1244,14:51:12,3.16,0.01,31,9796,买盘
1245,14:51:24,3.15,-0.01,1,315,卖盘
1246,14:51:33,3.15,0.0,550,173750,卖盘
1247,14:51:45,3.16,0.01,267,84372,买盘
1248,14:51:52,3.15,-0.01,400,126200,卖盘
1249,14:51:58,3.16,0.01,123,38868,买盘
1250,14:52:06,3.16,0.0,27,8532,买盘
1251,14:52:09,3.15,-0.01,50,15750,卖盘
1252,14:52:12,3.16,0.01,104,32864,买盘
1253,14:52:19,3.15,-0.01,40,12600,卖盘
1254,14:52:30,3.15,0.0,20,6300,卖盘
1255,14:52:45,3.15,0.0,8,2520,卖盘
1256,14:52:48,3.16,0.01,20,6320,买盘
1257,14:52:51,3.15,-0.01,15,4725,卖盘
1258,14:53:00,3.16,0.01,42,13272,买盘
1259,14:53:04,3.16,0.0,54,17062,买盘
1260,14:53:06,3.16,0.0,40,12640,买盘
1261,14:53:12,3.15,-0.01,53,16695,卖盘
1262,14:53:16,3.16,0.01,14,4424,买盘
1263,14:53:19,3.15,-0.01,200,63000,卖盘
1264,14:53:22,3.15,0.0,235,74025,卖盘
1265,14:53:27,3.15,0.0,50,15750,卖盘
1266,14:53:30,3.15,0.0,10,3150,卖盘
1267,14:53:39,3.15,0.0,10,3150,卖盘
1268,14:53:42,3.15,0.0,23,7245,卖盘
1269,14:53:45,3.15,0.0,358,112778,卖盘
1270,14:53:48,3.16,0.01,300,94800,买盘
1271,14:53:51,3.15,-0.01,1,315,卖盘
1272,14:53:58,3.15,0.0,186,58590,卖盘
1273,14:54:04,3.16,0.01,10,3160,买盘
1274,14:54:12,3.15,-0.01,30,9450,卖盘
1275,14:54:18,3.15,0.0,117,36855,卖盘
1276,14:54:21,3.15,0.0,190,59850,卖盘
1277,14:54:28,3.15,0.0,10,3150,卖盘
1278,14:54:30,3.15,0.0,19,5985,卖盘
1279,14:54:33,3.15,0.0,80,25200,卖盘
1280,14:54:54,3.14,-0.01,28,8815,卖盘
1281,14:55:00,3.14,0.0,483,152062,卖盘
1282,14:55:06,3.14,0.0,65,20410,卖盘
1283,14:55:12,3.16,0.02,58,18272,买盘
1284,14:55:24,3.15,-0.01,60,18900,买盘
1285,14:55:27,3.14,-0.01,35,10995,卖盘
1286,14:55:30,3.14,0.0,10,3140,卖盘
1287,14:55:33,3.14,0.0,11,3454,卖盘
1288,14:55:39,3.15,0.01,80,25200,买盘
1289,14:55:42,3.15,0.0,115,36225,买盘
1290,14:55:48,3.14,-0.01,307,96405,卖盘
1291,14:56:10,3.15,0.01,41,12915,买盘
1292,14:56:18,3.14,-0.01,30,9420,卖盘
1293,14:56:21,3.15,0.01,5,1575,买盘
1294,14:56:24,3.14,-0.01,27,8478,卖盘
1295,14:56:27,3.14,0.0,24,7536,卖盘
1296,14:56:33,3.14,0.0,149,46836,卖盘
1297,14:56:36,3.15,0.01,408,128520,买盘
1298,14:56:40,3.14,-0.01,20,6280,卖盘
1299,14:56:43,3.15,0.01,1,315,买盘
1300,14:56:49,3.14,-0.01,21,6594,卖盘
1301,14:56:54,3.15,0.01,2,630,买盘
1302,14:56:57,3.14,-0.01,20,6280,卖盘
1303,15:00:04,3.14,0.0,2798,878572,卖盘
