,time,price,change,volume,amount,type
0,09:25:04,4.37,-0.09,184,80408,卖盘
1,09:30:07,4.36,-0.01,518,226111,卖盘
2,09:30:10,4.37,0.01,424,184664,买盘
3,09:30:16,4.37,0.0,72,31464,买盘
4,09:30:22,4.37,0.0,56,24472,卖盘
5,09:30:28,4.37,0.0,180,78660,买盘
6,09:30:34,4.35,-0.02,13,5655,卖盘
7,09:30:43,4.35,0.0,11,4785,卖盘
8,09:30:46,4.36,0.01,23,10006,买盘
9,09:30:49,4.37,0.01,18,7866,买盘
10,09:30:52,4.37,0.0,3,1311,卖盘
11,09:30:55,4.37,0.0,1,437,卖盘
12,09:31:07,4.38,0.01,147,64386,买盘
13,09:31:10,4.37,-0.01,1,437,卖盘
14,09:31:13,4.38,0.01,119,52022,买盘
15,09:31:16,4.38,0.0,4,1752,买盘
16,09:31:19,4.37,-0.01,10,4370,卖盘
17,09:31:22,4.38,0.01,2,876,中性盘
18,09:31:28,4.38,0.0,14,6132,卖盘
19,09:31:34,4.39,0.01,6,2634,买盘
20,09:31:37,4.39,0.0,20,8780,买盘
21,09:31:40,4.39,0.0,49,21511,买盘
22,09:31:43,4.38,-0.01,100,43851,卖盘
23,09:31:46,4.4,0.02,146,64240,买盘
24,09:31:49,4.38,-0.02,53,23237,卖盘
25,09:31:52,4.37,-0.01,3,1311,卖盘
26,09:31:55,4.42,0.05,68,29838,买盘
27,09:32:13,4.42,0.0,15,6630,卖盘
28,09:32:16,4.43,0.01,6,2658,买盘
29,09:32:34,4.39,-0.04,107,46983,卖盘
30,09:32:37,4.41,0.02,1,441,买盘
31,09:32:46,4.4,-0.01,2,880,卖盘
32,09:32:58,4.38,-0.02,1,438,卖盘
33,09:33:04,4.39,0.01,21,9219,买盘
34,09:33:07,4.39,0.0,9,3951,买盘
35,09:33:10,4.38,-0.01,168,73594,卖盘
36,09:33:16,4.38,0.0,21,9198,卖盘
37,09:33:19,4.36,-0.02,200,87316,卖盘
38,09:33:31,4.38,0.02,51,22338,买盘
39,09:33:40,4.35,-0.03,800,348024,卖盘
40,09:33:43,4.36,0.01,1,436,卖盘
41,09:33:46,4.36,0.0,3,1308,卖盘
42,09:33:49,4.34,-0.02,338,146804,卖盘
43,09:34:19,4.34,0.0,400,174209,卖盘
44,09:34:46,4.36,0.02,4,1744,卖盘
45,09:34:49,4.35,-0.01,17,7411,卖盘
46,09:34:52,4.35,0.0,1,435,卖盘
47,09:34:58,4.35,0.0,120,52200,卖盘
48,09:35:16,4.34,-0.01,2,868,卖盘
49,09:35:22,4.35,0.01,11,4785,买盘
50,09:35:31,4.34,-0.01,35,15221,卖盘
51,09:35:34,4.34,0.0,590,256154,卖盘
52,09:35:37,4.35,0.01,19,8261,买盘
53,09:35:40,4.35,0.0,32,13920,买盘
54,09:35:49,4.35,0.0,44,19140,买盘
55,09:35:52,4.35,0.0,1,435,买盘
56,09:35:55,4.35,0.0,10,4350,买盘
57,09:35:58,4.35,0.0,56,24360,买盘
58,09:36:01,4.35,0.0,1,435,卖盘
59,09:36:10,4.35,0.0,2,870,卖盘
60,09:36:16,4.35,0.0,1,435,卖盘
61,09:36:34,4.36,0.01,8,3488,买盘
62,09:36:37,4.36,0.0,1,436,卖盘
63,09:36:40,4.36,0.0,2,872,卖盘
64,09:36:43,4.36,0.0,1,436,卖盘
65,09:36:58,4.35,-0.01,600,261088,卖盘
66,09:37:01,4.35,0.0,3,1305,卖盘
67,09:37:16,4.35,0.0,2,870,卖盘
68,09:37:19,4.35,0.0,1,435,卖盘
69,09:37:28,4.35,0.0,2,870,卖盘
70,09:37:40,4.35,0.0,1,435,卖盘
71,09:37:43,4.35,0.0,2,870,卖盘
72,09:37:49,4.36,0.01,92,40030,买盘
73,09:37:58,4.35,-0.01,37,16095,卖盘
74,09:38:07,4.35,0.0,18,7830,买盘
75,09:38:10,4.35,0.0,1,435,买盘
76,09:38:19,4.35,0.0,96,41759,买盘
77,09:38:31,4.35,0.0,2,870,卖盘
78,09:38:34,4.35,0.0,1,435,卖盘
79,09:38:37,4.35,0.0,1,435,卖盘
80,09:39:04,4.35,0.0,1,435,卖盘
81,09:39:07,4.35,0.0,3,1305,卖盘
82,09:39:10,4.35,0.0,14,6090,卖盘
83,09:39:13,4.35,0.0,98,42630,卖盘
84,09:39:25,4.35,0.0,2,870,买盘
85,09:39:34,4.35,0.0,4,1740,卖盘
86,09:40:10,4.36,0.01,20,8720,买盘
87,09:40:13,4.35,-0.01,1,435,卖盘
88,09:40:16,4.35,0.0,1,435,卖盘
89,09:40:19,4.36,0.01,28,12206,买盘
90,09:40:22,4.36,0.0,6,2616,买盘
91,09:40:28,4.35,-0.01,20,8709,卖盘
92,09:40:46,4.35,0.0,3,1305,卖盘
93,09:40:49,4.35,0.0,1,435,卖盘
94,09:41:04,4.36,0.01,2,872,买盘
95,09:41:13,4.36,0.0,1,436,卖盘
96,09:41:19,4.36,0.0,2,872,卖盘
97,09:41:22,4.36,0.0,1,436,卖盘
98,09:41:31,4.36,0.0,21,9156,卖盘
99,09:41:49,4.37,0.01,52,22722,买盘
100,09:41:52,4.36,-0.01,6,2616,卖盘
101,09:41:55,4.37,0.01,4,1748,买盘
102,09:42:07,4.36,-0.01,4,1744,卖盘
103,09:42:10,4.38,0.02,17,7446,买盘
104,09:42:16,4.37,-0.01,2,873,买盘
105,09:42:19,4.37,0.0,9,3931,买盘
106,09:42:22,4.37,0.0,11,4817,卖盘
107,09:42:34,4.37,0.0,1,437,卖盘
108,09:42:37,4.39,0.02,279,122481,买盘
109,09:42:40,4.39,0.0,111,48729,卖盘
110,09:42:43,4.38,-0.01,1,438,卖盘
111,09:42:49,4.39,0.01,4,1756,买盘
112,09:42:52,4.39,0.0,3,1317,卖盘
113,09:42:55,4.4,0.01,108,47517,买盘
114,09:42:58,4.4,0.0,23,10116,买盘
115,09:43:13,4.39,-0.01,10,4390,卖盘
116,09:43:16,4.39,0.0,3,1317,卖盘
117,09:43:19,4.39,0.0,3,1317,卖盘
118,09:43:22,4.39,0.0,15,6585,卖盘
119,09:43:25,4.39,0.0,34,14926,卖盘
120,09:43:37,4.38,-0.01,5,2190,卖盘
121,09:43:43,4.38,0.0,3,1314,卖盘
122,09:43:49,4.38,0.0,1,438,卖盘
123,09:44:04,4.38,0.0,14,6132,卖盘
124,09:44:19,4.37,-0.01,2,874,卖盘
125,09:44:43,4.37,0.0,1,437,卖盘
126,09:44:46,4.37,0.0,2,874,卖盘
127,09:44:49,4.38,0.01,39,17082,买盘
128,09:44:52,4.38,0.0,1,438,卖盘
129,09:45:04,4.38,0.0,4,1752,卖盘
130,09:45:07,4.38,0.0,20,8760,卖盘
131,09:45:19,4.38,0.0,2,876,卖盘
132,09:45:22,4.38,0.0,2,876,卖盘
133,09:45:49,4.38,0.0,4,1752,卖盘
134,09:46:04,4.38,0.0,14,6144,卖盘
135,09:46:13,4.38,0.0,2,876,卖盘
136,09:46:15,4.38,0.0,1,438,卖盘
137,09:46:46,4.38,0.0,3,1314,卖盘
138,09:46:49,4.38,0.0,1,438,卖盘
139,09:46:55,4.38,0.0,3,1314,卖盘
140,09:47:16,4.38,0.0,4,1752,卖盘
141,09:47:28,4.38,0.0,4,1752,卖盘
142,09:47:46,4.38,0.0,3,1314,卖盘
143,09:47:49,4.38,0.0,10,4380,卖盘
144,09:47:52,4.38,0.0,1,438,卖盘
145,09:48:01,4.38,0.0,12,5256,卖盘
146,09:48:21,4.38,0.0,26,11388,卖盘
147,09:48:25,4.38,0.0,4,1752,买盘
148,09:48:28,4.37,-0.01,1,437,卖盘
149,09:48:31,4.38,0.01,41,17958,买盘
150,09:48:49,4.38,0.0,1,438,卖盘
151,09:48:52,4.38,0.0,3,1314,卖盘
152,09:49:16,4.38,0.0,1,438,卖盘
153,09:49:19,4.38,0.0,3,1314,卖盘
154,09:49:40,4.38,0.0,123,53874,卖盘
155,09:49:49,4.38,0.0,2,876,卖盘
156,09:49:52,4.38,0.0,2,876,卖盘
157,09:49:58,4.38,0.0,35,15330,卖盘
158,09:50:10,4.38,0.0,55,24090,卖盘
159,09:50:16,4.38,0.0,1,438,卖盘
160,09:50:21,4.38,0.0,1,438,卖盘
161,09:50:25,4.38,0.0,10,4380,卖盘
162,09:50:28,4.39,0.01,220,96526,买盘
163,09:50:43,4.38,-0.01,1,438,卖盘
164,09:50:45,4.38,0.0,50,21947,卖盘
165,09:50:52,4.39,0.01,85,37315,买盘
166,09:50:55,4.39,0.0,15,6585,卖盘
167,09:51:13,4.38,-0.01,3,1314,卖盘
168,09:51:19,4.39,0.01,10,4390,卖盘
169,09:51:31,4.38,-0.01,109,47742,卖盘
170,09:51:43,4.38,0.0,1,438,卖盘
171,09:51:46,4.38,0.0,2,876,卖盘
172,09:51:49,4.38,0.0,1,438,卖盘
173,09:52:16,4.38,0.0,2,876,卖盘
174,09:52:31,4.39,0.01,2,878,买盘
175,09:52:34,4.39,0.0,3,1317,卖盘
176,09:52:39,4.39,0.0,1,439,买盘
177,09:52:43,4.39,0.0,1,439,卖盘
178,09:52:49,4.39,0.0,48,21072,卖盘
179,09:53:13,4.38,-0.01,3,1314,卖盘
180,09:53:22,4.38,0.0,1,438,卖盘
181,09:53:49,4.38,0.0,3,1314,卖盘
182,09:53:52,4.38,0.0,133,58254,卖盘
183,09:54:13,4.38,0.0,50,21900,买盘
184,09:54:22,4.38,0.0,15,6570,卖盘
185,09:54:37,4.38,0.0,200,87600,卖盘
186,09:54:46,4.38,0.0,60,26280,卖盘
187,09:54:49,4.38,0.0,3,1314,卖盘
188,09:54:52,4.38,0.0,79,34602,卖盘
189,09:55:13,4.37,-0.01,70,30590,卖盘
190,09:55:19,4.37,0.0,1,437,卖盘
191,09:55:22,4.37,0.0,3,1311,卖盘
192,09:55:46,4.37,0.0,1,437,卖盘
193,09:55:49,4.37,0.0,1,437,卖盘
194,09:55:51,4.37,0.0,2,874,卖盘
195,09:56:04,4.37,0.0,20,8740,卖盘
196,09:56:13,4.37,0.0,50,21850,卖盘
197,09:56:43,4.36,-0.01,3,1308,卖盘
198,09:56:46,4.37,0.01,1,437,买盘
199,09:56:49,4.37,0.0,26,11362,买盘
200,09:58:13,4.37,0.0,12,5244,卖盘
201,09:58:16,4.37,0.0,1,437,卖盘
202,09:58:49,4.37,0.0,91,39767,卖盘
203,09:59:09,4.37,0.0,20,8740,卖盘
204,09:59:31,4.38,0.01,108,47304,买盘
205,10:00:19,4.39,0.01,113,49607,买盘
206,10:00:31,4.4,0.01,2,880,买盘
207,10:00:55,4.39,-0.01,49,21511,卖盘
208,10:00:58,4.39,0.0,7,3073,卖盘
209,10:03:01,4.38,-0.01,3,1314,卖盘
210,10:04:19,4.38,0.0,1,438,卖盘
211,10:04:25,4.39,0.01,2,878,买盘
212,10:04:40,4.39,0.0,30,13170,买盘
213,10:04:55,4.39,0.0,56,24584,买盘
214,10:04:58,4.39,0.0,1,439,卖盘
215,10:05:04,4.39,0.0,1,439,卖盘
216,10:05:13,4.39,0.0,17,7463,卖盘
217,10:05:16,4.39,0.0,25,10975,卖盘
218,10:05:37,4.39,0.0,30,13170,买盘
219,10:06:39,4.4,0.01,100,44000,买盘
220,10:07:24,4.4,0.0,700,308000,买盘
221,10:07:30,4.4,0.0,1,440,买盘
222,10:07:34,4.4,0.0,31,13640,买盘
223,10:08:10,4.4,0.0,50,22000,卖盘
224,10:08:19,4.41,0.01,6,2646,买盘
225,10:08:52,4.4,-0.01,4,1760,卖盘
226,10:09:04,4.41,0.01,10,4410,买盘
227,10:09:18,4.41,0.0,12,5292,买盘
228,10:09:46,4.41,0.0,7,3087,买盘
229,10:09:49,4.41,0.0,102,44982,卖盘
230,10:10:06,4.4,-0.01,123,54120,卖盘
231,10:10:18,4.4,0.0,10,4400,卖盘
232,10:10:27,4.4,0.0,57,25080,卖盘
233,10:10:43,4.4,0.0,3,1320,买盘
234,10:10:46,4.4,0.0,50,22000,买盘
235,10:11:31,4.39,-0.01,3,1317,卖盘
236,10:11:43,4.4,0.01,8,3520,买盘
237,10:13:31,4.39,-0.01,1,439,卖盘
238,10:14:07,4.39,0.0,2,878,卖盘
239,10:14:10,4.4,0.01,30,13200,买盘
240,10:15:01,4.39,-0.01,1,439,卖盘
241,10:15:16,4.39,0.0,5,2195,卖盘
242,10:15:25,4.39,0.0,18,7902,卖盘
243,10:15:49,4.4,0.01,251,110440,买盘
244,10:15:52,4.39,-0.01,250,109750,卖盘
245,10:16:49,4.39,0.0,7,3073,卖盘
246,10:17:31,4.38,-0.01,16,7008,卖盘
247,10:18:46,4.38,0.0,118,51684,卖盘
248,10:19:07,4.38,0.0,1,438,卖盘
249,10:19:25,4.38,0.0,30,13140,卖盘
250,10:20:01,4.39,0.01,128,56192,买盘
251,10:20:06,4.39,0.0,1,439,卖盘
252,10:23:33,4.39,0.0,36,15804,卖盘
253,10:23:37,4.39,0.0,4,1756,买盘
254,10:24:37,4.39,0.0,11,4829,卖盘
255,10:24:46,4.39,0.0,5,2195,买盘
256,10:24:49,4.39,0.0,3,1317,中性盘
257,10:25:22,4.39,0.0,1,439,卖盘
258,10:26:45,4.4,0.01,11,4840,买盘
259,10:27:19,4.39,-0.01,1,439,卖盘
260,10:27:40,4.4,0.01,13,5720,买盘
261,10:27:43,4.4,0.0,77,33880,买盘
262,10:28:04,4.4,0.0,1,440,卖盘
263,10:28:06,4.41,0.01,50,22050,买盘
264,10:28:19,4.41,0.0,55,24255,买盘
265,10:28:25,4.41,0.0,68,29988,卖盘
266,10:28:52,4.42,0.01,20,8840,买盘
267,10:30:25,4.42,0.0,20,8840,买盘
268,10:30:55,4.41,-0.01,40,17640,卖盘
269,10:31:07,4.41,0.0,59,26019,卖盘
270,10:31:37,4.4,-0.01,12,5280,卖盘
271,10:31:51,4.4,0.0,200,88000,卖盘
272,10:32:30,4.41,0.01,50,22050,买盘
273,10:33:04,4.4,-0.01,98,43120,卖盘
274,10:33:33,4.4,0.0,2,880,买盘
275,10:33:40,4.4,0.0,2,880,买盘
276,10:33:46,4.4,0.0,48,21120,买盘
277,10:33:52,4.4,0.0,3,1320,中性盘
278,10:34:16,4.41,0.01,35,15435,买盘
279,10:34:37,4.4,-0.01,5,2200,卖盘
280,10:34:40,4.4,0.0,3,1320,卖盘
281,10:34:58,4.4,0.0,1,440,卖盘
282,10:35:25,4.4,0.0,56,24640,卖盘
283,10:35:28,4.4,0.0,15,6600,卖盘
284,10:35:46,4.41,0.01,5,2205,买盘
285,10:36:12,4.4,-0.01,70,30800,卖盘
286,10:36:58,4.4,0.0,148,65120,卖盘
287,10:37:16,4.41,0.01,20,8815,买盘
288,10:37:58,4.4,-0.01,4,1760,卖盘
289,10:39:07,4.39,-0.01,1,439,卖盘
290,10:39:10,4.39,0.0,96,42144,卖盘
291,10:39:36,4.39,0.0,3,1317,卖盘
292,10:40:12,4.39,0.0,49,21511,卖盘
293,10:40:25,4.39,0.0,148,64972,卖盘
294,10:41:10,4.38,-0.01,53,23264,卖盘
295,10:41:37,4.38,0.0,2,876,卖盘
296,10:41:40,4.38,0.0,4,1753,卖盘
297,10:41:42,4.39,0.01,1,439,买盘
298,10:41:45,4.39,0.0,1,439,买盘
299,10:41:49,4.39,0.0,1,439,买盘
300,10:41:52,4.39,0.0,1,439,买盘
301,10:41:55,4.39,0.0,1,439,买盘
302,10:41:57,4.39,0.0,1,439,买盘
303,10:42:01,4.39,0.0,3,1317,买盘
304,10:42:07,4.39,0.0,1,439,买盘
305,10:42:10,4.39,0.0,42,18438,买盘
306,10:42:15,4.39,0.0,1,439,卖盘
307,10:42:30,4.39,0.0,12,5268,卖盘
308,10:42:36,4.39,0.0,5,2195,买盘
309,10:43:31,4.39,0.0,1,439,买盘
310,10:43:49,4.39,0.0,2,878,买盘
311,10:43:52,4.39,0.0,39,17121,买盘
312,10:43:58,4.39,0.0,1,439,买盘
313,10:44:04,4.39,0.0,1,439,买盘
314,10:44:09,4.39,0.0,1,439,买盘
315,10:44:16,4.39,0.0,1,439,买盘
316,10:44:22,4.39,0.0,1,439,买盘
317,10:45:22,4.38,-0.01,1,438,卖盘
318,10:45:34,4.39,0.01,6,2634,买盘
319,10:47:16,4.38,-0.01,215,94428,卖盘
320,10:47:19,4.38,0.0,3,1314,卖盘
321,10:48:22,4.38,0.0,1,438,卖盘
322,10:48:28,4.38,0.0,68,29784,卖盘
323,10:48:39,4.38,0.0,82,35916,卖盘
324,10:49:43,4.38,0.0,2,876,卖盘
325,10:51:09,4.39,0.01,24,10536,买盘
326,10:51:25,4.39,0.0,19,8341,买盘
327,10:51:40,4.38,-0.01,54,23652,卖盘
328,10:51:43,4.39,0.01,1,439,买盘
329,10:51:55,4.39,0.0,5,2195,买盘
330,10:52:43,4.42,0.03,249,109617,买盘
331,10:52:45,4.39,-0.03,22,9658,卖盘
332,10:53:37,4.41,0.02,112,49392,买盘
333,10:56:19,4.41,0.0,50,22050,买盘
334,10:58:36,4.41,0.0,12,5292,买盘
335,10:58:43,4.41,0.0,9,3969,卖盘
336,10:59:10,4.4,-0.01,11,4848,卖盘
337,11:01:01,4.41,0.01,37,16317,买盘
338,11:02:04,4.41,0.0,1,441,卖盘
339,11:04:04,4.41,0.0,9,3969,卖盘
340,11:04:10,4.41,0.0,1,441,卖盘
341,11:04:43,4.41,0.0,3,1323,卖盘
342,11:05:13,4.42,0.01,50,22100,买盘
343,11:05:16,4.41,-0.01,16,7056,卖盘
344,11:05:52,4.41,0.0,1,441,卖盘
345,11:06:09,4.42,0.01,50,22100,买盘
346,11:06:15,4.42,0.0,49,21658,买盘
347,11:06:31,4.41,-0.01,1,441,卖盘
348,11:06:46,4.41,0.0,201,88641,卖盘
349,11:07:01,4.4,-0.01,3,1320,卖盘
350,11:09:54,4.4,0.0,137,60280,卖盘
351,11:09:58,4.4,0.0,345,151800,买盘
352,11:10:04,4.4,0.0,3,1320,买盘
353,11:10:10,4.4,0.0,3,1320,买盘
354,11:10:13,4.4,0.0,3,1320,买盘
355,11:10:16,4.4,0.0,2,880,买盘
356,11:10:18,4.4,0.0,8,3520,买盘
357,11:11:21,4.41,0.01,10,4410,买盘
358,11:12:51,4.41,0.0,300,132300,买盘
359,11:12:57,4.41,0.0,4,1764,买盘
360,11:15:10,4.4,-0.01,100,44000,卖盘
361,11:15:39,4.41,0.01,7,3087,买盘
362,11:15:49,4.41,0.0,19,8379,买盘
363,11:15:52,4.4,-0.01,183,80520,卖盘
364,11:16:31,4.41,0.01,8,3528,买盘
365,11:17:13,4.41,0.0,200,88200,买盘
366,11:17:27,4.4,-0.01,3,1320,卖盘
367,11:18:10,4.4,0.0,6,2640,卖盘
368,11:18:52,4.4,0.0,75,33000,卖盘
369,11:19:04,4.4,0.0,40,17600,卖盘
370,11:19:13,4.4,0.0,43,18920,买盘
371,11:19:19,4.4,0.0,1,440,买盘
372,11:19:25,4.4,0.0,1,440,买盘
373,11:19:34,4.4,0.0,217,95480,买盘
374,11:19:52,4.4,0.0,13,5720,卖盘
375,11:19:55,4.4,0.0,77,33880,买盘
376,11:20:10,4.41,0.01,1,441,买盘
377,11:20:33,4.41,0.0,1,441,买盘
378,11:20:40,4.41,0.0,82,36162,买盘
379,11:22:10,4.41,0.0,1,441,买盘
380,11:23:40,4.42,0.01,10,4420,买盘
381,11:25:49,4.42,0.0,3,1326,买盘
382,11:25:55,4.42,0.0,9,3978,买盘
383,11:28:01,4.41,-0.01,2,882,卖盘
384,11:28:46,4.42,0.01,249,110058,买盘
385,11:29:01,4.41,-0.01,36,15916,卖盘
386,11:29:13,4.42,0.01,2,884,中性盘
387,11:29:19,4.42,0.0,1,442,买盘
388,11:30:04,4.42,0.0,1,442,买盘
389,13:00:07,4.42,0.0,112,49583,买盘
390,13:00:58,4.42,0.0,4,1768,卖盘
391,13:01:04,4.42,0.0,50,22100,卖盘
392,13:01:12,4.42,0.0,14,6188,卖盘
393,13:01:30,4.41,-0.01,31,13671,卖盘
394,13:04:07,4.42,0.01,1,442,买盘
395,13:04:15,4.41,-0.01,1,441,卖盘
396,13:04:25,4.41,0.0,1,441,卖盘
397,13:04:52,4.41,0.0,4,1764,卖盘
398,13:05:33,4.41,0.0,50,22050,卖盘
399,13:07:16,4.41,0.0,250,110250,卖盘
400,13:08:10,4.4,-0.01,150,66000,卖盘
401,13:08:54,4.4,0.0,1,440,卖盘
402,13:09:25,4.4,0.0,1,440,卖盘
403,13:10:04,4.4,0.0,10,4400,卖盘
404,13:10:22,4.4,0.0,6,2640,卖盘
405,13:11:01,4.4,0.0,4,1760,卖盘
406,13:11:30,4.4,0.0,1,440,卖盘
407,13:12:00,4.4,0.0,318,139920,卖盘
408,13:13:31,4.39,-0.01,1,439,卖盘
409,13:15:46,4.4,0.01,103,45320,买盘
410,13:16:25,4.39,-0.01,294,129066,卖盘
411,13:17:04,4.38,-0.01,4,1752,卖盘
412,13:17:07,4.39,0.01,20,8780,买盘
413,13:18:07,4.38,-0.01,1,438,卖盘
414,13:18:19,4.39,0.01,99,43461,买盘
415,13:18:27,4.39,0.0,29,12731,卖盘
416,13:18:48,4.38,-0.01,408,178446,卖盘
417,13:19:04,4.37,-0.01,428,187036,卖盘
418,13:19:16,4.37,0.0,139,60743,买盘
419,13:19:19,4.37,0.0,166,72542,买盘
420,13:19:31,4.37,0.0,4,1748,卖盘
421,13:19:37,4.36,-0.01,250,109099,卖盘
422,13:19:46,4.37,0.01,1,437,买盘
423,13:19:52,4.37,0.0,3,1311,买盘
424,13:20:00,4.37,0.0,1,437,中性盘
425,13:20:52,4.37,0.0,36,15732,卖盘
426,13:20:54,4.37,0.0,5,2185,卖盘
427,13:21:06,4.38,0.01,3,1314,买盘
428,13:21:27,4.38,0.0,195,85410,买盘
429,13:21:37,4.38,0.0,2,876,买盘
430,13:21:40,4.38,0.0,53,23214,买盘
431,13:21:46,4.38,0.0,3,1314,买盘
432,13:21:58,4.38,0.0,131,57198,买盘
433,13:22:00,4.38,0.0,25,10950,卖盘
434,13:23:22,4.38,0.0,5,2190,卖盘
435,13:23:28,4.38,0.0,6,2628,卖盘
436,13:25:16,4.38,0.0,4,1752,卖盘
437,13:25:51,4.38,0.0,1,438,卖盘
438,13:26:10,4.38,0.0,10,4380,卖盘
439,13:27:16,4.38,0.0,1,438,卖盘
440,13:29:36,4.38,0.0,120,52560,卖盘
441,13:30:40,4.38,0.0,10,4380,卖盘
442,13:30:58,4.38,0.0,7,3066,卖盘
443,13:31:00,4.38,0.0,2,876,卖盘
444,13:31:51,4.38,0.0,1,438,卖盘
445,13:32:04,4.39,0.01,12,5268,买盘
446,13:32:13,4.39,0.0,48,21072,买盘
447,13:32:22,4.39,0.0,1,439,卖盘
448,13:34:46,4.39,0.0,43,18877,卖盘
449,13:35:16,4.38,-0.01,10,4380,卖盘
450,13:35:25,4.39,0.01,10,4390,买盘
451,13:35:31,4.38,-0.01,13,5694,卖盘
452,13:36:49,4.38,0.0,192,84096,卖盘
453,13:36:52,4.38,0.0,1,438,卖盘
454,13:37:13,4.37,-0.01,30,13110,卖盘
455,13:37:24,4.37,0.0,1,437,卖盘
456,13:38:19,4.37,0.0,100,43700,卖盘
457,13:38:37,4.37,0.0,30,13110,卖盘
458,13:38:58,4.36,-0.01,50,21800,卖盘
459,13:39:25,4.36,0.0,14,6114,卖盘
460,13:39:37,4.37,0.01,5,2185,买盘
461,13:39:40,4.37,0.0,3,1311,卖盘
462,13:40:04,4.37,0.0,1,437,卖盘
463,13:41:04,4.37,0.0,1,437,卖盘
464,13:41:22,4.37,0.0,12,5244,卖盘
465,13:42:22,4.38,0.01,50,21900,买盘
466,13:42:58,4.38,0.0,20,8760,买盘
467,13:43:10,4.38,0.0,7,3066,卖盘
468,13:43:36,4.38,0.0,3,1314,卖盘
469,13:44:00,4.37,-0.01,1,437,卖盘
470,13:45:58,4.38,0.01,10,4380,买盘
471,13:46:46,4.37,-0.01,1,437,卖盘
472,13:48:07,4.38,0.01,28,12264,买盘
473,13:48:43,4.38,0.0,5,2190,卖盘
474,13:50:22,4.38,0.0,54,23652,卖盘
475,13:50:28,4.38,0.0,2,876,买盘
476,13:51:04,4.38,0.0,1,438,卖盘
477,13:51:28,4.39,0.01,10,4390,买盘
478,13:51:49,4.38,-0.01,1,438,卖盘
479,13:52:22,4.38,0.0,6,2628,卖盘
480,13:53:42,4.38,0.0,27,11826,卖盘
481,13:53:55,4.37,-0.01,78,34086,卖盘
482,13:54:49,4.37,0.0,2,874,卖盘
483,13:54:51,4.37,0.0,1,437,卖盘
484,13:57:40,4.38,0.01,1,438,买盘
485,13:57:54,4.37,-0.01,1,437,卖盘
486,13:58:24,4.38,0.01,44,19272,买盘
487,13:59:15,4.38,0.0,20,8760,买盘
488,13:59:31,4.38,0.0,45,19710,卖盘
489,13:59:42,4.38,0.0,20,8760,买盘
490,14:00:10,4.37,-0.01,9,3933,卖盘
491,14:00:37,4.37,0.0,249,108813,卖盘
492,14:00:43,4.37,0.0,3,1311,卖盘
493,14:01:01,4.37,0.0,56,24472,卖盘
494,14:01:04,4.37,0.0,9,3933,卖盘
495,14:01:10,4.37,0.0,39,17043,卖盘
496,14:01:25,4.36,-0.01,40,17440,卖盘
497,14:01:54,4.36,0.0,14,6104,卖盘
498,14:02:33,4.37,0.01,4,1748,买盘
499,14:03:43,4.37,0.0,5,2185,买盘
500,14:04:00,4.36,-0.01,3,1308,卖盘
501,14:04:07,4.36,0.0,1,436,卖盘
502,14:04:49,4.36,0.0,2,872,卖盘
503,14:04:51,4.36,0.0,11,4796,卖盘
504,14:05:04,4.36,0.0,1,436,卖盘
505,14:06:19,4.36,0.0,1,436,卖盘
506,14:06:52,4.37,0.01,20,8740,买盘
507,14:06:58,4.37,0.0,50,21850,买盘
508,14:07:13,4.37,0.0,13,5681,买盘
509,14:07:25,4.36,-0.01,46,20056,卖盘
510,14:07:31,4.37,0.01,64,27968,买盘
511,14:07:52,4.38,0.01,15,6570,买盘
512,14:08:13,4.38,0.0,10,4380,买盘
513,14:08:46,4.37,-0.01,1,437,卖盘
514,14:09:58,4.37,0.0,6,2622,卖盘
515,14:10:01,4.38,0.01,22,9636,买盘
516,14:10:25,4.38,0.0,3,1314,卖盘
517,14:11:04,4.38,0.0,20,8760,卖盘
518,14:11:13,4.38,0.0,5,2190,卖盘
519,14:11:49,4.37,-0.01,1,437,卖盘
520,14:12:55,4.38,0.01,28,12264,买盘
521,14:13:13,4.38,0.0,1,438,卖盘
522,14:14:10,4.39,0.01,1,439,买盘
523,14:15:46,4.38,-0.01,1,438,卖盘
524,14:15:58,4.38,0.0,2,876,卖盘
525,14:16:58,4.38,0.0,1,438,卖盘
526,14:17:21,4.39,0.01,5,2195,买盘
527,14:17:34,4.39,0.0,10,4390,买盘
528,14:17:49,4.4,0.01,251,110292,买盘
529,14:18:07,4.4,0.0,2,880,买盘
530,14:18:48,4.39,-0.01,1,439,卖盘
531,14:20:46,4.39,0.0,49,21511,卖盘
532,14:20:55,4.39,0.0,32,14048,买盘
533,14:21:01,4.39,0.0,30,13170,买盘
534,14:21:07,4.39,0.0,1,439,买盘
535,14:21:16,4.39,0.0,38,16682,买盘
536,14:22:46,4.38,-0.01,4,1752,卖盘
537,14:22:49,4.38,0.0,1,438,卖盘
538,14:24:25,4.39,0.01,71,31169,买盘
539,14:24:34,4.39,0.0,1,439,卖盘
540,14:25:52,4.39,0.0,1,439,卖盘
541,14:26:22,4.39,0.0,49,21511,卖盘
542,14:27:28,4.39,0.0,2,878,卖盘
543,14:28:00,4.39,0.0,100,43930,卖盘
544,14:28:10,4.4,0.01,26,11440,买盘
545,14:28:40,4.4,0.0,30,13200,买盘
546,14:31:19,4.39,-0.01,12,5268,卖盘
547,14:31:40,4.39,0.0,1,439,卖盘
548,14:31:52,4.39,0.0,100,43900,卖盘
549,14:32:06,4.39,0.0,15,6585,卖盘
550,14:32:16,4.39,0.0,7,3073,买盘
551,14:32:28,4.38,-0.01,2,876,卖盘
552,14:32:51,4.38,0.0,100,43800,卖盘
553,14:33:13,4.38,0.0,184,80592,卖盘
554,14:33:31,4.37,-0.01,1,437,卖盘
555,14:33:55,4.38,0.01,72,31536,买盘
556,14:34:01,4.38,0.0,51,22338,卖盘
557,14:34:21,4.38,0.0,250,109500,卖盘
558,14:35:01,4.38,0.0,2,876,卖盘
559,14:35:09,4.38,0.0,1,438,卖盘
560,14:36:12,4.39,0.01,8,3512,买盘
561,14:36:34,4.38,-0.01,1,438,卖盘
562,14:36:46,4.38,0.0,52,22776,卖盘
563,14:37:07,4.38,0.0,40,17520,卖盘
564,14:37:10,4.38,0.0,2,876,卖盘
565,14:37:36,4.38,0.0,3,1314,卖盘
566,14:38:33,4.38,0.0,49,21462,卖盘
567,14:39:01,4.38,0.0,1,438,卖盘
568,14:39:16,4.38,0.0,2,876,卖盘
569,14:39:40,4.38,0.0,30,13140,卖盘
570,14:40:07,4.38,0.0,30,13140,卖盘
571,14:40:12,4.39,0.01,14,6146,买盘
572,14:40:19,4.38,-0.01,1,438,卖盘
573,14:40:51,4.38,0.0,3,1314,卖盘
574,14:41:01,4.39,0.01,80,35120,买盘
575,14:41:10,4.39,0.0,128,56192,买盘
576,14:41:13,4.39,0.0,28,12292,买盘
577,14:41:22,4.39,0.0,7,3073,买盘
578,14:41:55,4.39,0.0,64,28096,买盘
579,14:42:16,4.39,0.0,10,4390,卖盘
580,14:43:16,4.39,0.0,7,3073,卖盘
581,14:44:25,4.39,0.0,2,878,卖盘
582,14:44:34,4.39,0.0,30,13170,卖盘
583,14:44:46,4.39,0.0,249,109311,卖盘
584,14:45:07,4.4,0.01,61,26838,买盘
585,14:46:04,4.4,0.0,40,17600,买盘
586,14:46:10,4.39,-0.01,30,13170,卖盘
587,14:46:36,4.39,0.0,3,1317,卖盘
588,14:48:22,4.39,0.0,11,4829,卖盘
589,14:49:37,4.4,0.01,92,40476,买盘
590,14:49:52,4.4,0.0,9,3960,买盘
591,14:50:01,4.39,-0.01,1,439,卖盘
592,14:50:10,4.39,0.0,50,21950,卖盘
593,14:50:19,4.39,0.0,1,439,卖盘
594,14:51:19,4.4,0.01,46,20240,买盘
595,14:51:22,4.4,0.0,130,57200,买盘
596,14:51:34,4.4,0.0,20,8800,买盘
597,14:51:37,4.4,0.0,5,2200,卖盘
598,14:52:16,4.39,-0.01,100,43900,卖盘
599,14:52:19,4.4,0.01,4,1760,买盘
600,14:52:54,4.39,-0.01,33,14487,卖盘
601,14:52:58,4.4,0.01,43,18920,买盘
602,14:53:52,4.4,0.0,14,6160,买盘
603,14:54:10,4.39,-0.01,5,2195,卖盘
604,14:54:16,4.4,0.01,14,6160,买盘
605,14:54:57,4.39,-0.01,150,65850,卖盘
606,14:55:04,4.4,0.01,4,1759,买盘
607,14:55:10,4.39,-0.01,43,18897,卖盘
608,14:55:28,4.39,0.0,70,30730,卖盘
609,14:55:40,4.39,0.0,50,21950,卖盘
610,14:56:04,4.39,0.0,7,3073,卖盘
611,14:56:55,4.39,0.0,3,1317,买盘
612,14:57:01,4.39,0.0,12,5268,卖盘
613,14:57:04,4.39,0.0,5,2195,卖盘
614,15:00:05,4.39,0.0,714,313446,卖盘
