,time,price,change,volume,amount,type
0,09:25:05,7.78,-0.11,20,15560,卖盘
1,09:30:04,7.8,0.02,70,54500,买盘
2,09:30:07,7.78,-0.02,60,46678,卖盘
3,09:30:10,7.78,0.0,5,3890,买盘
4,09:30:13,7.77,-0.01,4,3108,卖盘
5,09:30:19,7.77,0.0,3,2331,卖盘
6,09:30:22,7.77,0.0,4,3108,卖盘
7,09:30:28,7.75,-0.02,23,17845,卖盘
8,09:30:31,7.74,-0.01,34,26328,卖盘
9,09:30:34,7.74,0.0,2,1548,卖盘
10,09:30:49,7.73,-0.01,25,19346,卖盘
11,09:30:58,7.75,0.02,3,2325,卖盘
12,09:31:04,7.74,-0.01,35,27103,卖盘
13,09:31:13,7.77,0.03,18,13986,买盘
14,09:31:16,7.75,-0.02,1,775,卖盘
15,09:31:19,7.75,0.0,1,775,卖盘
16,09:31:25,7.77,0.02,19,14763,买盘
17,09:31:31,7.76,-0.01,18,13984,卖盘
18,09:31:34,7.76,0.0,1,776,卖盘
19,09:31:40,7.77,0.01,30,23287,买盘
20,09:31:46,7.78,0.01,32,24896,买盘
21,09:31:49,7.77,-0.01,14,10889,卖盘
22,09:31:52,7.8,0.03,19,14810,买盘
23,09:31:55,7.78,-0.02,15,11698,卖盘
24,09:31:58,7.78,0.0,57,44374,卖盘
25,09:32:01,7.84,0.06,18,14112,买盘
26,09:32:05,7.83,-0.01,19,14877,中性盘
27,09:32:07,7.78,-0.05,150,116700,卖盘
28,09:32:19,7.83,0.05,1,783,买盘
29,09:32:37,7.83,0.0,27,21141,买盘
30,09:32:43,7.78,-0.05,50,38947,卖盘
31,09:32:46,7.83,0.05,66,51673,买盘
32,09:32:49,7.81,-0.02,2,1562,卖盘
33,09:32:55,7.84,0.03,2,1567,买盘
34,09:33:16,7.79,-0.05,17,13244,卖盘
35,09:33:19,7.82,0.03,5,3910,买盘
36,09:33:25,7.82,0.0,1,782,买盘
37,09:33:43,7.82,0.0,1,782,买盘
38,09:33:49,7.82,0.0,10,7820,买盘
39,09:34:04,7.84,0.02,9,7056,买盘
40,09:34:31,7.84,0.0,4,3136,买盘
41,09:34:34,7.83,-0.01,53,41539,卖盘
42,09:34:40,7.81,-0.02,4,3126,卖盘
43,09:34:43,7.83,0.02,9,7047,买盘
44,09:34:46,7.83,0.0,31,24273,买盘
45,09:34:49,7.82,-0.01,3,2346,卖盘
46,09:34:52,7.81,-0.01,5,3905,卖盘
47,09:34:58,7.81,0.0,3,2343,买盘
48,09:35:04,7.8,-0.01,5,3900,卖盘
49,09:35:10,7.78,-0.02,40,31200,卖盘
50,09:35:22,7.81,0.03,15,11715,买盘
51,09:35:28,7.81,0.0,1,781,买盘
52,09:35:34,7.79,-0.02,1,779,卖盘
53,09:36:10,7.78,-0.01,16,12456,卖盘
54,09:36:13,7.79,0.01,4,3116,买盘
55,09:36:19,7.78,-0.01,8,6224,卖盘
56,09:36:22,7.79,0.01,1,779,买盘
57,09:36:28,7.79,0.0,5,3895,买盘
58,09:36:31,7.79,0.0,5,3895,买盘
59,09:36:37,7.77,-0.02,70,54464,卖盘
60,09:36:43,7.81,0.04,5,3905,买盘
61,09:36:46,7.79,-0.02,15,11685,中性盘
62,09:36:49,7.79,0.0,10,7790,买盘
63,09:36:52,7.78,-0.01,33,25704,卖盘
64,09:36:55,7.81,0.03,393,306149,买盘
65,09:37:22,7.81,0.0,10,7810,买盘
66,09:37:25,7.8,-0.01,1,780,卖盘
67,09:37:34,7.8,0.0,12,9360,买盘
68,09:37:37,7.79,-0.01,2,1558,卖盘
69,09:37:40,7.79,0.0,3,2337,买盘
70,09:37:43,7.79,0.0,3,2337,买盘
71,09:37:46,7.79,0.0,3,2337,买盘
72,09:37:49,7.79,0.0,2,1558,买盘
73,09:37:52,7.79,0.0,2,1558,买盘
74,09:37:55,7.79,0.0,3,2337,买盘
75,09:37:58,7.79,0.0,4,3116,买盘
76,09:38:01,7.79,0.0,1,779,买盘
77,09:38:07,7.8,0.01,8,6240,买盘
78,09:38:10,7.8,0.0,4,3120,买盘
79,09:38:16,7.8,0.0,10,7800,卖盘
80,09:38:19,7.79,-0.01,5,3895,卖盘
81,09:38:31,7.81,0.02,6,4686,买盘
82,09:38:37,7.8,-0.01,9,7020,卖盘
83,09:38:43,7.79,-0.01,3,2337,卖盘
84,09:38:52,7.79,0.0,1,779,卖盘
85,09:38:58,7.79,0.0,1,779,卖盘
86,09:39:01,7.79,0.0,2,1558,卖盘
87,09:39:04,7.79,0.0,1,779,卖盘
88,09:39:07,7.79,0.0,101,78515,卖盘
89,09:39:10,7.79,0.0,1,779,卖盘
90,09:39:25,7.77,-0.02,11,8547,卖盘
91,09:39:31,7.79,0.02,25,19475,买盘
92,09:39:37,7.79,0.0,3,2337,卖盘
93,09:39:43,7.79,0.0,11,8572,卖盘
94,09:39:46,7.79,0.0,40,31160,卖盘
95,09:39:52,7.79,0.0,12,9348,卖盘
96,09:40:19,7.77,-0.02,35,27195,卖盘
97,09:40:25,7.77,0.0,13,10101,买盘
98,09:40:28,7.77,0.0,4,3108,买盘
99,09:40:37,7.76,-0.01,20,15525,卖盘
100,09:40:40,7.77,0.01,26,20197,买盘
101,09:40:46,7.76,-0.01,20,15520,卖盘
102,09:40:55,7.76,0.0,39,30264,卖盘
103,09:40:58,7.75,-0.01,1,775,卖盘
104,09:41:04,7.75,0.0,20,15500,卖盘
105,09:41:07,7.76,0.01,75,58199,买盘
106,09:41:13,7.75,-0.01,36,27900,卖盘
107,09:41:22,7.75,0.0,26,20150,买盘
108,09:41:34,7.77,0.02,120,93240,买盘
109,09:41:49,7.76,-0.01,2,1554,卖盘
110,09:42:01,7.79,0.03,1,779,买盘
111,09:42:07,7.77,-0.02,31,24087,卖盘
112,09:42:16,7.77,0.0,19,14763,买盘
113,09:42:22,7.76,-0.01,59,45819,卖盘
114,09:42:25,7.77,0.01,9,6997,中性盘
115,09:42:28,7.77,0.0,73,56721,卖盘
116,09:42:31,7.77,0.0,1,777,买盘
117,09:42:34,7.75,-0.02,46,35652,卖盘
118,09:42:37,7.76,0.01,57,44177,买盘
119,09:42:40,7.76,0.0,16,12416,买盘
120,09:42:46,7.76,0.0,2,1552,买盘
121,09:42:55,7.73,-0.03,100,77433,卖盘
122,09:43:07,7.77,0.04,35,27195,买盘
123,09:43:19,7.74,-0.03,19,14718,卖盘
124,09:43:37,7.76,0.02,15,11664,卖盘
125,09:43:46,7.76,0.0,28,21728,卖盘
126,09:44:40,7.77,0.01,1,777,卖盘
127,09:44:54,7.78,0.01,50,38900,买盘
128,09:45:10,7.76,-0.02,51,39648,卖盘
129,09:45:46,7.79,0.03,1,779,买盘
130,09:46:37,7.8,0.01,5,3900,卖盘
131,09:47:13,7.8,0.0,24,18720,买盘
132,09:47:25,7.8,0.0,10,7800,卖盘
133,09:47:28,7.8,0.0,1,780,卖盘
134,09:47:37,7.82,0.02,12,9384,买盘
135,09:47:55,7.82,0.0,6,4692,买盘
136,09:48:07,7.82,0.0,2,1564,买盘
137,09:48:13,7.8,-0.02,23,17951,卖盘
138,09:48:40,7.8,0.0,19,14820,卖盘
139,09:48:43,7.79,-0.01,19,14801,卖盘
140,09:49:07,7.79,0.0,2,1558,卖盘
141,09:49:10,7.79,0.0,1,779,买盘
142,09:49:25,7.79,0.0,3,2337,买盘
143,09:49:40,7.79,0.0,23,17917,卖盘
144,09:49:49,7.79,0.0,10,7790,卖盘
145,09:49:52,7.8,0.01,3,2340,买盘
146,09:50:07,7.8,0.0,1,780,买盘
147,09:50:42,7.8,0.0,3,2340,买盘
148,09:50:46,7.83,0.03,18,14061,买盘
149,09:51:10,7.8,-0.03,16,12480,卖盘
150,09:51:13,7.8,0.0,1,780,买盘
151,09:51:19,7.8,0.0,2,1560,买盘
152,09:51:43,7.8,0.0,5,3900,买盘
153,09:51:46,7.79,-0.01,1,779,卖盘
154,09:51:49,7.79,0.0,1,779,卖盘
155,09:51:52,7.8,0.01,6,4679,买盘
156,09:51:55,7.79,-0.01,1,779,卖盘
157,09:51:58,7.79,0.0,1,779,卖盘
158,09:52:01,7.79,0.0,1,779,卖盘
159,09:52:04,7.79,0.0,1,779,卖盘
160,09:52:07,7.79,0.0,1,779,卖盘
161,09:52:10,7.8,0.01,2,1559,买盘
162,09:52:13,7.79,-0.01,6,4674,卖盘
163,09:52:16,7.79,0.0,1,779,卖盘
164,09:52:18,7.79,0.0,7,5453,卖盘
165,09:52:22,7.79,0.0,1,779,卖盘
166,09:52:55,7.78,-0.01,1,778,卖盘
167,09:53:07,7.79,0.01,4,3116,买盘
168,09:53:43,7.79,0.0,6,4674,买盘
169,09:53:58,7.8,0.01,11,8580,买盘
170,09:54:01,7.8,0.0,1,780,买盘
171,09:54:04,7.83,0.03,6,4693,买盘
172,09:54:10,7.79,-0.04,23,17917,卖盘
173,09:54:46,7.82,0.03,2,1564,卖盘
174,09:54:48,7.82,0.0,1,782,买盘
175,09:55:04,7.82,0.0,2,1564,买盘
176,09:55:07,7.82,0.0,16,12512,买盘
177,09:55:40,7.82,0.0,2,1564,买盘
178,09:55:43,7.81,-0.01,22,17182,卖盘
179,09:56:13,7.81,0.0,1,781,卖盘
180,09:56:19,7.81,0.0,3,2343,卖盘
181,09:56:25,7.81,0.0,31,24211,卖盘
182,09:56:28,7.81,0.0,25,19525,买盘
183,09:56:51,7.81,0.0,1,781,卖盘
184,09:57:04,7.8,-0.01,27,21060,卖盘
185,09:57:19,7.79,-0.01,3,2337,卖盘
186,09:57:31,7.8,0.01,61,47580,买盘
187,09:57:40,7.8,0.0,4,3120,卖盘
188,09:57:46,7.81,0.01,3,2343,买盘
189,09:57:52,7.8,-0.01,49,38220,卖盘
190,09:58:13,7.79,-0.01,71,55309,卖盘
191,09:58:39,7.79,0.0,23,17917,卖盘
192,09:59:07,7.79,0.0,85,66215,卖盘
193,09:59:25,7.79,0.0,50,38950,买盘
194,09:59:28,7.79,0.0,7,5453,买盘
195,09:59:52,7.8,0.01,6,4680,买盘
196,09:59:55,7.78,-0.02,10,7781,卖盘
197,09:59:58,7.8,0.02,6,4680,买盘
198,10:00:01,7.8,0.0,3,2340,买盘
199,10:00:04,7.81,0.01,6,4686,买盘
200,10:00:07,7.81,0.0,1,781,买盘
201,10:00:09,7.79,-0.02,23,17918,卖盘
202,10:00:13,7.82,0.03,2,1563,买盘
203,10:00:16,7.82,0.0,7,5474,买盘
204,10:00:25,7.82,0.0,4,3128,买盘
205,10:00:52,7.81,-0.01,1,781,买盘
206,10:01:01,7.81,0.0,2,1562,买盘
207,10:01:07,7.81,0.0,7,5467,买盘
208,10:01:09,7.82,0.01,2,1564,买盘
209,10:01:40,7.8,-0.02,23,17941,卖盘
210,10:01:46,7.82,0.02,4,3128,买盘
211,10:02:07,7.82,0.0,1,782,买盘
212,10:02:58,7.81,-0.01,6,4686,卖盘
213,10:03:01,7.81,0.0,6,4686,买盘
214,10:03:10,7.81,0.0,22,17182,卖盘
215,10:03:46,7.81,0.0,10,7810,买盘
216,10:04:04,7.81,0.0,3,2343,买盘
217,10:04:16,7.82,0.01,6,4692,买盘
218,10:04:22,7.81,-0.01,12,9372,卖盘
219,10:04:40,7.81,0.0,3,2343,卖盘
220,10:04:49,7.81,0.0,1,781,买盘
221,10:05:07,7.81,0.0,1,781,买盘
222,10:05:46,7.8,-0.01,50,39000,卖盘
223,10:05:58,7.8,0.0,2,1560,卖盘
224,10:06:16,7.8,0.0,1,780,卖盘
225,10:07:07,7.81,0.01,1,781,买盘
226,10:07:31,7.81,0.0,3,2343,买盘
227,10:07:37,7.8,-0.01,17,13260,卖盘
228,10:07:52,7.8,0.0,20,15600,卖盘
229,10:07:58,7.8,0.0,6,4680,卖盘
230,10:08:19,7.81,0.01,19,14839,买盘
231,10:08:24,7.81,0.0,1,781,买盘
232,10:09:16,7.81,0.0,1,781,卖盘
233,10:09:34,7.81,0.0,7,5467,卖盘
234,10:09:49,7.8,-0.01,21,16381,卖盘
235,10:09:55,7.81,0.01,2,1562,买盘
236,10:10:00,7.81,0.0,2,1562,买盘
237,10:10:04,7.81,0.0,2,1562,买盘
238,10:10:07,7.81,0.0,68,53108,买盘
239,10:10:10,7.82,0.01,5,3910,买盘
240,10:10:13,7.82,0.0,5,3910,买盘
241,10:10:16,7.82,0.0,8,6256,买盘
242,10:10:19,7.82,0.0,8,6256,买盘
243,10:10:22,7.83,0.01,11,8613,买盘
244,10:10:25,7.83,0.0,9,7047,买盘
245,10:10:27,7.83,0.0,10,7830,买盘
246,10:10:31,7.83,0.0,10,7830,买盘
247,10:10:34,7.83,0.0,10,7830,买盘
248,10:10:37,7.83,0.0,10,7830,买盘
249,10:10:40,7.81,-0.02,79,61829,卖盘
250,10:10:43,7.84,0.03,16,12544,买盘
251,10:10:46,7.82,-0.02,7,5484,卖盘
252,10:10:49,7.82,0.0,12,9384,买盘
253,10:10:52,7.85,0.03,16,12560,买盘
254,10:10:58,7.81,-0.04,111,86706,卖盘
255,10:11:07,7.82,0.01,9,7038,卖盘
256,10:11:13,7.79,-0.03,88,68644,卖盘
257,10:11:37,7.79,0.0,20,15591,卖盘
258,10:11:40,7.81,0.02,5,3905,买盘
259,10:11:43,7.79,-0.02,23,17917,卖盘
260,10:11:46,7.79,0.0,1,779,买盘
261,10:11:49,7.78,-0.01,47,36584,卖盘
262,10:11:58,7.77,-0.01,18,13995,卖盘
263,10:12:01,7.77,0.0,38,29526,卖盘
264,10:12:13,7.77,0.0,9,6999,卖盘
265,10:12:16,7.79,0.02,8,6232,买盘
266,10:12:19,7.77,-0.02,13,10101,卖盘
267,10:12:40,7.77,0.0,4,3108,卖盘
268,10:12:46,7.77,0.0,2,1554,买盘
269,10:12:58,7.77,0.0,100,77712,卖盘
270,10:13:01,7.77,0.0,12,9329,卖盘
271,10:13:04,7.77,0.0,7,5439,卖盘
272,10:13:07,7.77,0.0,13,10101,买盘
273,10:13:10,7.77,0.0,11,8537,买盘
274,10:13:13,7.77,0.0,15,11655,买盘
275,10:13:22,7.75,-0.02,9,6975,卖盘
276,10:13:25,7.75,0.0,62,48050,买盘
277,10:13:28,7.77,0.02,22,17094,买盘
278,10:13:31,7.76,-0.01,2,1552,中性盘
279,10:13:43,7.77,0.01,18,13986,买盘
280,10:13:49,7.77,0.0,3,2331,买盘
281,10:13:55,7.77,0.0,47,36519,买盘
282,10:13:58,7.77,0.0,10,7770,卖盘
283,10:14:34,7.79,0.02,7,5453,卖盘
284,10:14:43,7.8,0.01,9,7020,卖盘
285,10:14:46,7.8,0.0,9,7020,买盘
286,10:15:07,7.8,0.0,1,780,买盘
287,10:15:10,7.79,-0.01,5,3895,卖盘
288,10:15:22,7.79,0.0,6,4672,买盘
289,10:15:25,7.78,-0.01,2,1556,买盘
290,10:15:46,7.79,0.01,3,2337,卖盘
291,10:16:22,7.79,0.0,28,21812,卖盘
292,10:17:07,7.79,0.0,1,779,买盘
293,10:17:28,7.78,-0.01,1,778,卖盘
294,10:17:39,7.77,-0.01,60,46650,卖盘
295,10:17:42,7.78,0.01,5,3890,买盘
296,10:18:07,7.78,0.0,1,778,买盘
297,10:18:22,7.77,-0.01,10,7770,卖盘
298,10:18:25,7.77,0.0,28,21756,买盘
299,10:18:28,7.77,0.0,7,5439,卖盘
300,10:18:37,7.77,0.0,2,1554,卖盘
301,10:18:45,7.76,-0.01,65,50465,卖盘
302,10:18:52,7.77,0.01,5,3885,买盘
303,10:18:58,7.75,-0.02,80,62054,卖盘
304,10:19:01,7.76,0.01,5,3880,买盘
305,10:19:06,7.76,0.0,33,25608,买盘
306,10:19:22,7.77,0.01,21,16301,买盘
307,10:19:28,7.77,0.0,50,38850,买盘
308,10:19:57,7.76,-0.01,18,13968,卖盘
309,10:20:10,7.75,-0.01,100,77501,卖盘
310,10:20:16,7.77,0.02,1,777,买盘
311,10:20:22,7.75,-0.02,6,4650,卖盘
312,10:20:25,7.75,0.0,40,31000,卖盘
313,10:20:28,7.75,0.0,2,1550,卖盘
314,10:20:54,7.74,-0.01,30,23220,卖盘
315,10:21:15,7.75,0.01,3,2325,买盘
316,10:21:19,7.74,-0.01,7,5418,卖盘
317,10:21:28,7.74,0.0,33,25542,卖盘
318,10:21:43,7.74,0.0,23,17802,买盘
319,10:21:46,7.73,-0.01,40,30920,卖盘
320,10:21:49,7.73,0.0,65,50245,卖盘
321,10:21:55,7.73,0.0,11,8503,买盘
322,10:22:01,7.73,0.0,4,3092,买盘
323,10:22:04,7.73,0.0,20,15460,卖盘
324,10:22:19,7.74,0.01,40,30960,买盘
325,10:23:13,7.76,0.02,100,77600,买盘
326,10:23:16,7.76,0.0,7,5432,买盘
327,10:23:33,7.76,0.0,10,7760,卖盘
328,10:23:37,7.76,0.0,30,23280,卖盘
329,10:24:01,7.76,0.0,8,6209,卖盘
330,10:24:04,7.78,0.02,1,778,买盘
331,10:24:34,7.77,-0.01,1,777,卖盘
332,10:24:39,7.78,0.01,12,9329,买盘
333,10:24:49,7.76,-0.02,1,776,卖盘
334,10:25:16,7.77,0.01,3,2331,卖盘
335,10:25:40,7.76,-0.01,8,6208,卖盘
336,10:26:07,7.77,0.01,1,777,卖盘
337,10:26:40,7.77,0.0,10,7770,买盘
338,10:27:06,7.77,0.0,1,777,买盘
339,10:27:12,7.76,-0.01,78,60528,卖盘
340,10:27:37,7.76,0.0,72,55872,卖盘
341,10:27:58,7.75,-0.01,50,38750,卖盘
342,10:28:07,7.75,0.0,43,33350,卖盘
343,10:28:10,7.75,0.0,47,36425,买盘
344,10:28:13,7.75,0.0,11,8525,买盘
345,10:28:34,7.75,0.0,36,27900,买盘
346,10:28:46,7.76,0.01,1,776,买盘
347,10:28:49,7.75,-0.01,6,4650,卖盘
348,10:29:04,7.75,0.0,23,17825,卖盘
349,10:29:07,7.75,0.0,1,775,买盘
350,10:29:10,7.75,0.0,1,775,买盘
351,10:29:13,7.76,0.01,45,34920,买盘
352,10:29:36,7.75,-0.01,9,6982,卖盘
353,10:30:10,7.76,0.01,7,5432,卖盘
354,10:30:31,7.76,0.0,7,5432,卖盘
355,10:30:40,7.77,0.01,6,4662,买盘
356,10:30:46,7.77,0.0,6,4662,买盘
357,10:30:51,7.77,0.0,5,3885,买盘
358,10:30:55,7.77,0.0,6,4662,买盘
359,10:31:01,7.77,0.0,6,4662,买盘
360,10:31:04,7.76,-0.01,13,10088,卖盘
361,10:31:07,7.77,0.01,7,5439,买盘
362,10:31:10,7.77,0.0,6,4662,买盘
363,10:31:13,7.77,0.0,2,1554,买盘
364,10:31:25,7.78,0.01,6,4668,买盘
365,10:31:31,7.78,0.0,11,8558,买盘
366,10:31:33,7.78,0.0,1,778,买盘
367,10:31:36,7.78,0.0,12,9336,买盘
368,10:31:39,7.78,0.0,12,9336,买盘
369,10:31:43,7.78,0.0,12,9336,买盘
370,10:31:46,7.78,0.0,13,10114,买盘
371,10:31:49,7.78,0.0,8,6224,买盘
372,10:31:52,7.78,0.0,13,10114,买盘
373,10:31:54,7.78,0.0,15,11670,买盘
374,10:31:57,7.78,0.0,9,7002,买盘
375,10:32:01,7.78,0.0,5,3890,买盘
376,10:32:04,7.78,0.0,13,10124,卖盘
377,10:32:07,7.79,0.01,10,7790,买盘
378,10:32:10,7.79,0.0,5,3895,买盘
379,10:32:16,7.79,0.0,9,7011,买盘
380,10:32:21,7.79,0.0,6,4674,买盘
381,10:32:49,7.78,-0.01,12,9336,卖盘
382,10:33:01,7.77,-0.01,5,3885,卖盘
383,10:33:07,7.77,0.0,2,1554,买盘
384,10:33:25,7.77,0.0,3,2331,买盘
385,10:33:36,7.78,0.01,8,6224,买盘
386,10:33:40,7.78,0.0,1,778,卖盘
387,10:34:07,7.78,0.0,1,778,中性盘
388,10:34:13,7.77,-0.01,4,3108,卖盘
389,10:34:19,7.77,0.0,2,1554,买盘
390,10:34:40,7.77,0.0,2,1554,买盘
391,10:34:46,7.77,0.0,3,2331,买盘
392,10:34:49,7.77,0.0,3,2331,买盘
393,10:34:52,7.77,0.0,3,2331,买盘
394,10:34:55,7.77,0.0,3,2331,买盘
395,10:34:58,7.77,0.0,4,3108,买盘
396,10:35:04,7.77,0.0,33,25645,卖盘
397,10:35:07,7.77,0.0,1,777,买盘
398,10:35:28,7.76,-0.01,48,37248,卖盘
399,10:35:31,7.76,0.0,1,776,买盘
400,10:36:07,7.76,0.0,1,776,买盘
401,10:36:46,7.76,0.0,3,2328,买盘
402,10:37:07,7.76,0.0,1,776,买盘
403,10:37:10,7.75,-0.01,47,36425,卖盘
404,10:37:34,7.75,0.0,10,7750,买盘
405,10:37:45,7.75,0.0,1,775,买盘
406,10:38:07,7.75,0.0,1,775,买盘
407,10:38:34,7.76,0.01,36,27918,买盘
408,10:38:46,7.76,0.0,2,1552,买盘
409,10:39:06,7.76,0.0,1,776,买盘
410,10:39:13,7.76,0.0,6,4656,买盘
411,10:40:06,7.76,0.0,1,776,买盘
412,10:40:51,7.76,0.0,10,7760,买盘
413,10:40:55,7.75,-0.01,10,7750,卖盘
414,10:41:12,7.74,-0.01,139,107679,卖盘
415,10:41:21,7.76,0.02,87,67512,买盘
416,10:41:25,7.73,-0.03,92,71234,卖盘
417,10:42:01,7.73,0.0,40,30936,卖盘
418,10:42:16,7.74,0.01,1,774,卖盘
419,10:42:25,7.74,0.0,24,18576,买盘
420,10:42:31,7.75,0.01,6,4650,买盘
421,10:42:40,7.75,0.0,70,54250,卖盘
422,10:42:45,7.75,0.0,4,3100,卖盘
423,10:43:55,7.76,0.01,1,776,买盘
424,10:44:07,7.76,0.0,1,776,买盘
425,10:44:13,7.76,0.0,20,15520,买盘
426,10:46:13,7.77,0.01,1,777,买盘
427,10:47:07,7.77,0.0,1,777,买盘
428,10:47:22,7.77,0.0,1,777,买盘
429,10:47:28,7.76,-0.01,15,11640,卖盘
430,10:47:46,7.76,0.0,87,67512,卖盘
431,10:48:01,7.76,0.0,13,10088,买盘
432,10:49:27,7.76,0.0,7,5432,卖盘
433,10:49:58,7.77,0.01,4,3108,买盘
434,10:50:04,7.77,0.0,16,12432,买盘
435,10:50:07,7.77,0.0,4,3108,买盘
436,10:50:10,7.77,0.0,8,6216,买盘
437,10:50:13,7.77,0.0,32,24864,买盘
438,10:50:18,7.78,0.01,10,7780,买盘
439,10:50:21,7.78,0.0,6,4668,买盘
440,10:50:25,7.78,0.0,8,6224,买盘
441,10:50:27,7.78,0.0,10,7780,买盘
442,10:50:31,7.78,0.0,11,8558,买盘
443,10:50:34,7.78,0.0,13,10114,买盘
444,10:50:37,7.78,0.0,10,7780,买盘
445,10:50:40,7.78,0.0,2,1556,买盘
446,10:50:43,7.79,0.01,8,6232,买盘
447,10:50:46,7.79,0.0,10,7790,买盘
448,10:50:49,7.8,0.01,9,7020,买盘
449,10:50:51,7.8,0.0,2,1560,买盘
450,10:50:57,7.8,0.0,18,14040,买盘
451,10:51:07,7.8,0.0,4,3120,买盘
452,10:51:10,7.8,0.0,1,780,买盘
453,10:51:13,7.8,0.0,1,780,买盘
454,10:52:07,7.8,0.0,2,1560,买盘
455,10:52:28,7.8,0.0,12,9360,买盘
456,10:52:34,7.8,0.0,1,780,买盘
457,10:52:39,7.8,0.0,1,780,买盘
458,10:52:46,7.79,-0.01,35,27266,卖盘
459,10:52:49,7.8,0.01,1,780,买盘
460,10:53:07,7.8,0.0,1,780,买盘
461,10:53:13,7.8,0.0,8,6240,买盘
462,10:53:43,7.8,0.0,2,1560,卖盘
463,10:53:51,7.81,0.01,1,781,买盘
464,10:54:04,7.81,0.0,1,781,买盘
465,10:54:07,7.81,0.0,1,781,买盘
466,10:54:10,7.79,-0.02,15,11693,卖盘
467,10:54:15,7.78,-0.01,4,3113,卖盘
468,10:54:19,7.78,0.0,1,778,买盘
469,10:54:22,7.78,0.0,1,778,买盘
470,10:54:25,7.78,0.0,1,778,买盘
471,10:54:28,7.79,0.01,1,779,买盘
472,10:54:31,7.79,0.0,1,779,买盘
473,10:54:34,7.79,0.0,1,779,买盘
474,10:54:36,7.79,0.0,1,779,买盘
475,10:54:39,7.79,0.0,1,779,买盘
476,10:54:43,7.79,0.0,1,779,买盘
477,10:54:46,7.79,0.0,1,779,买盘
478,10:54:49,7.79,0.0,1,779,买盘
479,10:54:52,7.79,0.0,1,779,买盘
480,10:54:55,7.79,0.0,4,3116,买盘
481,10:54:58,7.79,0.0,1,779,买盘
482,10:55:01,7.79,0.0,1,779,买盘
483,10:55:04,7.79,0.0,1,779,买盘
484,10:55:06,7.79,0.0,5,3895,买盘
485,10:55:10,7.79,0.0,1,779,买盘
486,10:55:16,7.79,0.0,1,779,买盘
487,10:55:43,7.79,0.0,1,779,卖盘
488,10:55:49,7.79,0.0,1,779,买盘
489,10:55:52,7.79,0.0,1,779,买盘
490,10:55:54,7.79,0.0,1,779,买盘
491,10:55:58,7.79,0.0,1,779,买盘
492,10:56:00,7.79,0.0,1,779,买盘
493,10:56:04,7.79,0.0,1,779,买盘
494,10:56:07,7.79,0.0,2,1558,买盘
495,10:56:09,7.79,0.0,1,779,买盘
496,10:57:04,7.78,-0.01,4,3112,卖盘
497,10:57:07,7.78,0.0,2,1556,买盘
498,10:57:13,7.78,0.0,1,778,买盘
499,10:57:16,7.76,-0.02,7,5436,卖盘
500,10:57:18,7.78,0.02,1,778,买盘
501,10:57:24,7.78,0.0,1,778,买盘
502,10:57:27,7.78,0.0,1,778,买盘
503,10:57:31,7.78,0.0,1,778,买盘
504,10:58:07,7.78,0.0,1,778,买盘
505,10:58:12,7.78,0.0,1,778,买盘
506,10:58:16,7.78,0.0,1,778,买盘
507,10:58:18,7.78,0.0,1,778,买盘
508,10:58:22,7.78,0.0,1,778,买盘
509,10:58:24,7.78,0.0,1,778,买盘
510,10:58:27,7.78,0.0,1,778,买盘
511,10:58:31,7.78,0.0,1,778,买盘
512,10:59:07,7.79,0.01,1,779,买盘
513,10:59:39,7.78,-0.01,2,1556,卖盘
514,11:01:10,7.78,0.0,7,5446,卖盘
515,11:02:30,7.78,0.0,108,84024,卖盘
516,11:03:13,7.78,0.0,55,42790,卖盘
517,11:03:19,7.78,0.0,4,3112,卖盘
518,11:03:25,7.78,0.0,2,1556,卖盘
519,11:03:34,7.78,0.0,10,7780,卖盘
520,11:04:04,7.78,0.0,10,7780,卖盘
521,11:04:07,7.79,0.01,1,779,买盘
522,11:04:12,7.78,-0.01,20,15560,卖盘
523,11:04:31,7.78,0.0,9,7002,卖盘
524,11:04:43,7.78,0.0,15,11670,买盘
525,11:05:01,7.79,0.01,13,10127,买盘
526,11:05:04,7.79,0.0,6,4674,卖盘
527,11:05:24,7.79,0.0,2,1558,卖盘
528,11:05:33,7.79,0.0,10,7790,卖盘
529,11:05:37,7.79,0.0,5,3895,卖盘
530,11:05:39,7.79,0.0,10,7790,卖盘
531,11:05:48,7.78,-0.01,9,7002,卖盘
532,11:05:51,7.78,0.0,14,10892,卖盘
533,11:06:00,7.77,-0.01,3,2331,卖盘
534,11:06:09,7.77,0.0,1,777,买盘
535,11:06:12,7.77,0.0,1,777,买盘
536,11:06:15,7.77,0.0,1,777,买盘
537,11:06:18,7.77,0.0,1,777,买盘
538,11:06:21,7.77,0.0,6,4662,买盘
539,11:06:46,7.78,0.01,1,778,卖盘
540,11:07:04,7.78,0.0,7,5446,买盘
541,11:07:28,7.78,0.0,2,1556,买盘
542,11:08:18,7.78,0.0,3,2334,卖盘
543,11:09:40,7.78,0.0,15,11670,卖盘
544,11:09:46,7.78,0.0,10,7780,卖盘
545,11:09:49,7.77,-0.01,15,11658,卖盘
546,11:10:36,7.78,0.01,5,3890,买盘
547,11:10:58,7.78,0.0,1,778,卖盘
548,11:11:12,7.78,0.0,1,778,买盘
549,11:12:37,7.77,-0.01,5,3885,卖盘
550,11:12:51,7.77,0.0,7,5439,卖盘
551,11:13:27,7.77,0.0,44,34188,卖盘
552,11:13:33,7.77,0.0,5,3885,卖盘
553,11:13:40,7.77,0.0,14,10878,卖盘
554,11:13:43,7.77,0.0,7,5439,买盘
555,11:13:46,7.76,-0.01,1,776,卖盘
556,11:13:48,7.76,0.0,1,776,卖盘
557,11:13:52,7.76,0.0,1,776,卖盘
558,11:14:01,7.76,0.0,1,776,卖盘
559,11:14:06,7.76,0.0,6,4656,卖盘
560,11:14:09,7.76,0.0,1,776,卖盘
561,11:14:25,7.75,-0.01,14,10850,卖盘
562,11:14:49,7.74,-0.01,125,96777,卖盘
563,11:14:55,7.74,0.0,12,9288,买盘
564,11:14:57,7.73,-0.01,79,61067,卖盘
565,11:15:36,7.74,0.01,32,24756,买盘
566,11:15:40,7.74,0.0,10,7740,买盘
567,11:15:43,7.74,0.0,12,9288,买盘
568,11:15:46,7.74,0.0,5,3870,买盘
569,11:15:49,7.76,0.02,11,8536,买盘
570,11:15:52,7.77,0.01,5,3885,买盘
571,11:16:04,7.74,-0.03,15,11610,卖盘
572,11:16:46,7.75,0.01,7,5431,卖盘
573,11:16:54,7.75,0.0,2,1550,卖盘
574,11:17:01,7.73,-0.02,69,53343,卖盘
575,11:17:07,7.73,0.0,2,1546,买盘
576,11:17:31,7.73,0.0,120,92760,卖盘
577,11:17:40,7.74,0.01,1,774,卖盘
578,11:17:58,7.75,0.01,4,3098,买盘
579,11:18:04,7.73,-0.02,14,10837,卖盘
580,11:18:10,7.73,0.0,8,6184,买盘
581,11:18:16,7.73,0.0,18,13914,卖盘
582,11:18:19,7.73,0.0,56,43288,买盘
583,11:18:24,7.73,0.0,12,9276,买盘
584,11:18:30,7.73,0.0,10,7730,买盘
585,11:18:37,7.73,0.0,9,6957,买盘
586,11:18:40,7.73,0.0,9,6957,买盘
587,11:18:43,7.73,0.0,12,9276,买盘
588,11:18:46,7.73,0.0,14,10822,买盘
589,11:18:49,7.73,0.0,6,4638,买盘
590,11:18:55,7.73,0.0,11,8503,买盘
591,11:18:58,7.73,0.0,36,27828,买盘
592,11:19:07,7.73,0.0,138,106674,买盘
593,11:19:09,7.73,0.0,3,2319,买盘
594,11:19:12,7.73,0.0,10,7730,买盘
595,11:19:36,7.77,0.04,20,15540,买盘
596,11:20:12,7.73,-0.04,52,40198,卖盘
597,11:20:27,7.73,0.0,1,773,买盘
598,11:20:30,7.73,0.0,4,3092,买盘
599,11:20:34,7.72,-0.01,6,4632,卖盘
600,11:20:49,7.72,0.0,124,95767,卖盘
601,11:20:54,7.72,0.0,8,6176,买盘
602,11:20:58,7.72,0.0,4,3088,卖盘
603,11:21:04,7.72,0.0,3,2316,买盘
604,11:22:06,7.77,0.05,14,10878,买盘
605,11:23:39,7.75,-0.02,1,775,卖盘
606,11:23:57,7.75,0.0,1,775,买盘
607,11:24:04,7.75,0.0,1,775,买盘
608,11:24:09,7.75,0.0,1,775,买盘
609,11:24:16,7.75,0.0,1,775,买盘
610,11:25:13,7.75,0.0,1,775,买盘
611,11:25:36,7.75,0.0,16,12400,卖盘
612,11:25:42,7.75,0.0,1,775,卖盘
613,11:25:48,7.75,0.0,1,775,卖盘
614,11:25:55,7.75,0.0,2,1550,卖盘
615,11:26:04,7.74,-0.01,2,1549,卖盘
616,11:27:10,7.74,0.0,8,6192,卖盘
617,11:27:40,7.74,0.0,1,774,买盘
618,11:27:49,7.72,-0.02,109,84255,卖盘
619,11:27:51,7.72,0.0,23,17756,买盘
620,11:28:24,7.74,0.02,30,23221,卖盘
621,11:29:28,7.75,0.01,4,3100,卖盘
622,13:00:07,7.75,0.0,25,19361,买盘
623,13:00:36,7.75,0.0,10,7750,买盘
624,13:01:21,7.75,0.0,19,14725,买盘
625,13:01:24,7.75,0.0,1,775,买盘
626,13:02:13,7.75,0.0,7,5425,卖盘
627,13:02:33,7.73,-0.02,83,64183,卖盘
628,13:03:04,7.73,0.0,5,3865,卖盘
629,13:03:22,7.72,-0.01,42,32424,卖盘
630,13:03:57,7.71,-0.01,7,5397,卖盘
631,13:04:04,7.72,0.01,38,29336,买盘
632,13:04:07,7.72,0.0,1,772,买盘
633,13:04:12,7.72,0.0,7,5404,买盘
634,13:04:15,7.72,0.0,61,47092,买盘
635,13:04:19,7.73,0.01,7,5411,买盘
636,13:05:00,7.74,0.01,1,774,中性盘
637,13:05:30,7.72,-0.02,67,51731,卖盘
638,13:06:07,7.73,0.01,1,773,卖盘
639,13:06:25,7.71,-0.02,50,38566,卖盘
640,13:06:42,7.71,0.0,11,8481,卖盘
641,13:07:21,7.71,0.0,73,56283,卖盘
642,13:07:25,7.73,0.02,1,773,买盘
643,13:07:34,7.73,0.0,8,6184,买盘
644,13:07:42,7.7,-0.03,183,141149,卖盘
645,13:07:58,7.75,0.05,2,1550,买盘
646,13:09:48,7.74,-0.01,1,774,买盘
647,13:10:07,7.74,0.0,1,774,买盘
648,13:10:13,7.75,0.01,4,3097,买盘
649,13:10:16,7.75,0.0,1,775,买盘
650,13:10:19,7.75,0.0,1,775,买盘
651,13:10:22,7.75,0.0,1,775,买盘
652,13:12:07,7.74,-0.01,3,2322,买盘
653,13:13:34,7.74,0.0,1,774,买盘
654,13:13:39,7.73,-0.01,1,773,卖盘
655,13:13:45,7.74,0.01,1,774,买盘
656,13:14:24,7.74,0.0,18,13932,买盘
657,13:14:43,7.74,0.0,2,1548,买盘
658,13:15:25,7.73,-0.01,5,3865,卖盘
659,13:15:45,7.73,0.0,19,14687,卖盘
660,13:16:30,7.73,0.0,17,13141,买盘
661,13:16:37,7.72,-0.01,15,11580,卖盘
662,13:16:43,7.73,0.01,10,7723,买盘
663,13:17:25,7.72,-0.01,4,3088,卖盘
664,13:18:07,7.73,0.01,2,1546,买盘
665,13:18:28,7.7,-0.03,200,154113,卖盘
666,13:18:54,7.7,0.0,5,3851,卖盘
667,13:19:13,7.71,0.01,4,3084,卖盘
668,13:20:06,7.72,0.01,3,2316,买盘
669,13:20:12,7.72,0.0,1,772,买盘
670,13:20:37,7.72,0.0,1,772,买盘
671,13:20:45,7.74,0.02,12,9288,买盘
672,13:20:58,7.73,-0.01,1,773,卖盘
673,13:21:01,7.74,0.01,18,13932,买盘
674,13:21:04,7.73,-0.01,12,9276,卖盘
675,13:21:07,7.74,0.01,2,1548,中性盘
676,13:21:10,7.73,-0.01,8,6188,卖盘
677,13:21:13,7.72,-0.01,5,3864,卖盘
678,13:21:28,7.74,0.02,2,1548,买盘
679,13:21:37,7.74,0.0,2,1548,买盘
680,13:22:13,7.74,0.0,2,1548,买盘
681,13:22:36,7.74,0.0,1,774,买盘
682,13:23:01,7.73,-0.01,3,2319,卖盘
683,13:23:12,7.72,-0.01,1,772,卖盘
684,13:24:55,7.73,0.01,4,3092,卖盘
685,13:25:37,7.73,0.0,6,4638,卖盘
686,13:26:04,7.73,0.0,6,4638,卖盘
687,13:26:46,7.71,-0.02,43,33171,卖盘
688,13:27:18,7.71,0.0,160,123360,买盘
689,13:27:25,7.71,0.0,2,1542,买盘
690,13:28:00,7.71,0.0,9,6939,卖盘
691,13:28:39,7.72,0.01,3,2316,卖盘
692,13:28:42,7.72,0.0,1,772,买盘
693,13:29:00,7.72,0.0,5,3860,卖盘
694,13:29:09,7.73,0.01,43,33239,买盘
695,13:29:27,7.73,0.0,6,4638,买盘
696,13:29:42,7.72,-0.01,5,3864,卖盘
697,13:29:49,7.72,0.0,1,772,买盘
698,13:30:07,7.72,0.0,5,3860,买盘
699,13:30:13,7.72,0.0,29,22388,买盘
700,13:30:19,7.74,0.02,3,2322,买盘
701,13:30:24,7.74,0.0,3,2322,买盘
702,13:30:27,7.74,0.0,13,10062,买盘
703,13:30:30,7.74,0.0,9,6959,买盘
704,13:30:43,7.72,-0.02,3,2316,卖盘
705,13:31:25,7.72,0.0,1,772,卖盘
706,13:31:55,7.73,0.01,1,773,卖盘
707,13:32:04,7.73,0.0,1,773,卖盘
708,13:32:25,7.72,-0.01,4,3088,卖盘
709,13:32:28,7.72,0.0,8,6176,卖盘
710,13:32:34,7.72,0.0,9,6948,卖盘
711,13:32:37,7.7,-0.02,89,68605,卖盘
712,13:32:55,7.7,0.0,29,22330,卖盘
713,13:32:58,7.71,0.01,6,4626,买盘
714,13:33:07,7.71,0.0,56,43176,卖盘
715,13:33:13,7.7,-0.01,27,20815,卖盘
716,13:33:19,7.7,0.0,38,29260,买盘
717,13:33:46,7.7,0.0,50,38500,卖盘
718,13:34:16,7.69,-0.01,4,3076,卖盘
719,13:34:24,7.69,0.0,3,2307,卖盘
720,13:34:30,7.69,0.0,10,7690,卖盘
721,13:34:49,7.69,0.0,2,1538,卖盘
722,13:34:58,7.66,-0.03,391,299772,卖盘
723,13:35:04,7.66,0.0,34,26044,买盘
724,13:35:07,7.65,-0.01,2,1530,卖盘
725,13:35:10,7.66,0.01,1,766,买盘
726,13:35:13,7.66,0.0,1,766,买盘
727,13:35:16,7.65,-0.01,20,15301,卖盘
728,13:35:19,7.66,0.01,54,41364,买盘
729,13:35:22,7.66,0.0,34,26044,买盘
730,13:35:25,7.66,0.0,35,26840,买盘
731,13:35:37,7.66,0.0,30,22986,卖盘
732,13:35:43,7.67,0.01,5,3835,卖盘
733,13:35:58,7.69,0.02,5,3845,买盘
734,13:36:10,7.69,0.0,4,3076,卖盘
735,13:36:43,7.69,0.0,23,17687,卖盘
736,13:37:25,7.69,0.0,1,769,卖盘
737,13:37:31,7.69,0.0,53,40757,卖盘
738,13:37:34,7.69,0.0,28,21532,买盘
739,13:37:54,7.68,-0.01,4,3072,卖盘
740,13:38:10,7.69,0.01,11,8459,买盘
741,13:38:31,7.69,0.0,8,6152,买盘
742,13:38:43,7.69,0.0,23,17687,卖盘
743,13:38:52,7.69,0.0,51,39165,买盘
744,13:38:55,7.69,0.0,5,3845,买盘
745,13:39:18,7.68,-0.01,5,3840,卖盘
746,13:39:22,7.68,0.0,1,768,卖盘
747,13:39:33,7.68,0.0,1,768,卖盘
748,13:39:55,7.68,0.0,4,3072,卖盘
749,13:40:04,7.67,-0.01,30,23012,卖盘
750,13:40:24,7.67,0.0,71,54460,卖盘
751,13:40:58,7.69,0.02,1,769,买盘
752,13:41:13,7.68,-0.01,9,6912,卖盘
753,13:41:16,7.68,0.0,15,11520,买盘
754,13:41:19,7.67,-0.01,22,16894,卖盘
755,13:41:40,7.67,0.0,4,3068,卖盘
756,13:41:43,7.69,0.02,121,93049,买盘
757,13:41:58,7.68,-0.01,2,1536,卖盘
758,13:42:07,7.69,0.01,25,19225,买盘
759,13:42:34,7.69,0.0,10,7690,买盘
760,13:42:36,7.68,-0.01,3,2304,卖盘
761,13:42:42,7.68,0.0,1,768,中性盘
762,13:42:49,7.69,0.01,50,38446,买盘
763,13:43:10,7.68,-0.01,19,14592,卖盘
764,13:43:13,7.69,0.01,46,35354,买盘
765,13:43:22,7.68,-0.01,3,2304,中性盘
766,13:43:30,7.68,0.0,4,3072,买盘
767,13:43:34,7.68,0.0,1,768,卖盘
768,13:43:40,7.68,0.0,4,3072,卖盘
769,13:43:49,7.71,0.03,38,29294,买盘
770,13:44:10,7.71,0.0,21,16191,买盘
771,13:44:16,7.72,0.01,4,3088,买盘
772,13:44:19,7.72,0.0,11,8492,买盘
773,13:44:43,7.71,-0.01,40,30840,卖盘
774,13:44:46,7.72,0.01,2,1544,买盘
775,13:44:49,7.72,0.0,8,6176,卖盘
776,13:44:52,7.72,0.0,50,38600,卖盘
777,13:45:06,7.71,-0.01,82,63263,卖盘
778,13:45:13,7.7,-0.01,1,770,卖盘
779,13:45:25,7.68,-0.02,4,3072,卖盘
780,13:45:40,7.71,0.03,11,8475,买盘
781,13:46:25,7.69,-0.02,1,769,卖盘
782,13:46:58,7.7,0.01,6,4619,买盘
783,13:47:00,7.7,0.0,1,770,卖盘
784,13:47:06,7.69,-0.01,9,6921,卖盘
785,13:47:15,7.69,0.0,4,3076,卖盘
786,13:48:28,7.69,0.0,17,13073,卖盘
787,13:48:34,7.69,0.0,13,9997,买盘
788,13:48:49,7.7,0.01,22,16940,买盘
789,13:49:07,7.7,0.0,49,37730,买盘
790,13:49:10,7.69,-0.01,5,3846,卖盘
791,13:49:25,7.7,0.01,183,140910,卖盘
792,13:49:28,7.7,0.0,1,770,买盘
793,13:49:31,7.7,0.0,34,26180,买盘
794,13:49:37,7.7,0.0,5,3850,买盘
795,13:49:49,7.69,-0.01,28,21532,卖盘
796,13:49:51,7.7,0.01,30,23100,买盘
797,13:49:55,7.7,0.0,51,39270,买盘
798,13:50:07,7.69,-0.01,2,1538,卖盘
799,13:50:16,7.7,0.01,70,53900,买盘
800,13:50:22,7.7,0.0,20,15400,买盘
801,13:50:24,7.69,-0.01,2,1539,卖盘
802,13:50:31,7.7,0.01,25,19250,买盘
803,13:50:34,7.7,0.0,10,7700,买盘
804,13:50:37,7.7,0.0,20,15400,买盘
805,13:50:40,7.7,0.0,6,4620,买盘
806,13:51:01,7.69,-0.01,4,3076,卖盘
807,13:51:07,7.7,0.01,188,144760,买盘
808,13:51:52,7.7,0.0,153,118118,买盘
809,13:51:55,7.7,0.0,28,21560,卖盘
810,13:51:58,7.7,0.0,7,5390,卖盘
811,13:52:31,7.7,0.0,6,4620,卖盘
812,13:52:55,7.71,0.01,3,2313,卖盘
813,13:53:10,7.71,0.0,1,771,卖盘
814,13:53:28,7.72,0.01,5,3860,买盘
815,13:53:46,7.72,0.0,150,115800,卖盘
816,13:54:04,7.72,0.0,80,61760,卖盘
817,13:54:15,7.72,0.0,15,11580,卖盘
818,13:54:19,7.72,0.0,24,18528,卖盘
819,13:54:21,7.72,0.0,1,772,卖盘
820,13:54:24,7.72,0.0,12,9264,卖盘
821,13:54:34,7.72,0.0,2,1545,卖盘
822,13:54:40,7.72,0.0,40,30880,卖盘
823,13:54:45,7.72,0.0,4,3088,卖盘
824,13:54:55,7.72,0.0,69,53268,卖盘
825,13:55:01,7.73,0.01,3,2319,买盘
826,13:55:04,7.72,-0.01,12,9264,卖盘
827,13:55:13,7.73,0.01,42,32466,买盘
828,13:55:22,7.73,0.0,44,34012,买盘
829,13:55:30,7.73,0.0,5,3865,卖盘
830,13:56:09,7.73,0.0,38,29374,卖盘
831,13:56:16,7.74,0.01,20,15478,买盘
832,13:56:19,7.73,-0.01,1,773,中性盘
833,13:56:39,7.72,-0.01,4,3088,卖盘
834,13:56:46,7.73,0.01,2,1546,买盘
835,13:57:33,7.73,0.0,27,20871,买盘
836,13:57:55,7.73,0.0,3,2319,卖盘
837,13:58:28,7.73,0.0,1,773,买盘
838,13:58:31,7.72,-0.01,4,3088,卖盘
839,13:58:34,7.72,0.0,1,772,卖盘
840,13:58:58,7.72,0.0,170,131240,卖盘
841,13:59:18,7.7,-0.02,5,3850,卖盘
842,13:59:37,7.71,0.01,5,3855,买盘
843,14:00:40,7.72,0.01,14,10808,买盘
844,14:01:04,7.75,0.03,149,115305,买盘
845,14:01:12,7.75,0.0,2,1550,买盘
846,14:01:25,7.74,-0.01,1,774,卖盘
847,14:01:43,7.74,0.0,3,2322,卖盘
848,14:01:46,7.74,0.0,1,774,买盘
849,14:01:49,7.73,-0.01,12,9276,卖盘
850,14:01:57,7.73,0.0,1,773,卖盘
851,14:02:01,7.73,0.0,5,3865,卖盘
852,14:02:07,7.73,0.0,10,7730,卖盘
853,14:02:10,7.73,0.0,11,8503,卖盘
854,14:02:15,7.74,0.01,53,41003,买盘
855,14:02:21,7.74,0.0,29,22446,卖盘
856,14:02:30,7.74,0.0,20,15480,卖盘
857,14:02:37,7.74,0.0,7,5418,卖盘
858,14:02:43,7.74,0.0,51,39474,卖盘
859,14:02:49,7.74,0.0,1,774,卖盘
860,14:02:51,7.74,0.0,71,54954,卖盘
861,14:05:07,7.72,-0.02,1,772,卖盘
862,14:05:25,7.72,0.0,1,772,卖盘
863,14:06:01,7.72,0.0,6,4633,卖盘
864,14:06:15,7.73,0.01,14,10822,买盘
865,14:06:37,7.74,0.01,1,774,买盘
866,14:07:22,7.73,-0.01,31,23963,卖盘
867,14:08:13,7.74,0.01,32,24756,买盘
868,14:08:31,7.74,0.0,13,10062,买盘
869,14:08:40,7.75,0.01,4,3100,买盘
870,14:08:43,7.75,0.0,4,3100,买盘
871,14:08:46,7.75,0.0,7,5425,买盘
872,14:08:52,7.74,-0.01,32,24768,卖盘
873,14:08:58,7.75,0.01,26,20132,买盘
874,14:09:22,7.75,0.0,1,775,卖盘
875,14:09:31,7.76,0.01,5,3880,买盘
876,14:09:34,7.75,-0.01,1,775,卖盘
877,14:09:49,7.75,0.0,30,23257,卖盘
878,14:09:52,7.75,0.0,1,775,买盘
879,14:09:57,7.75,0.0,6,4650,买盘
880,14:10:09,7.75,0.0,5,3875,卖盘
881,14:10:19,7.75,0.0,3,2325,买盘
882,14:10:30,7.76,0.01,13,10088,买盘
883,14:10:37,7.76,0.0,14,10864,卖盘
884,14:10:49,7.76,0.0,9,6984,买盘
885,14:10:58,7.75,-0.01,22,17051,卖盘
886,14:11:01,7.75,0.0,1,775,买盘
887,14:11:06,7.75,0.0,16,12400,买盘
888,14:11:12,7.75,0.0,1,775,卖盘
889,14:11:15,7.75,0.0,1,775,买盘
890,14:12:10,7.76,0.01,13,10088,买盘
891,14:12:13,7.76,0.0,2,1552,买盘
892,14:13:09,7.75,-0.01,9,6975,卖盘
893,14:13:33,7.75,0.0,1,775,卖盘
894,14:13:46,7.75,0.0,3,2325,卖盘
895,14:15:30,7.75,0.0,40,31000,卖盘
896,14:16:04,7.75,0.0,10,7750,买盘
897,14:16:09,7.74,-0.01,5,3870,卖盘
898,14:16:13,7.75,0.01,1,775,买盘
899,14:16:22,7.75,0.0,1,775,买盘
900,14:16:24,7.74,-0.01,1,774,卖盘
901,14:16:46,7.75,0.01,10,7750,买盘
902,14:17:01,7.75,0.0,54,41850,买盘
903,14:17:06,7.75,0.0,8,6200,卖盘
904,14:18:31,7.75,0.0,10,7750,卖盘
905,14:18:40,7.75,0.0,15,11625,卖盘
906,14:18:43,7.75,0.0,23,17825,卖盘
907,14:18:46,7.75,0.0,3,2325,卖盘
908,14:19:40,7.75,0.0,6,4650,买盘
909,14:19:43,7.75,0.0,5,3875,卖盘
910,14:19:57,7.75,0.0,39,30225,卖盘
911,14:20:06,7.74,-0.01,2,1548,卖盘
912,14:20:24,7.74,0.0,1,774,卖盘
913,14:22:13,7.75,0.01,1,775,买盘
914,14:22:24,7.75,0.0,40,31000,买盘
915,14:22:48,7.75,0.0,23,17825,卖盘
916,14:22:55,7.74,-0.01,44,34056,卖盘
917,14:23:28,7.74,0.0,42,32508,买盘
918,14:24:07,7.75,0.01,4,3100,买盘
919,14:24:22,7.74,-0.01,1,774,卖盘
920,14:24:40,7.75,0.01,22,17050,买盘
921,14:24:52,7.75,0.0,6,4650,卖盘
922,14:26:33,7.75,0.0,12,9300,卖盘
923,14:26:40,7.75,0.0,165,128031,卖盘
924,14:26:43,7.75,0.0,6,4650,卖盘
925,14:26:46,7.75,0.0,2,1550,买盘
926,14:26:49,7.75,0.0,7,5425,买盘
927,14:27:25,7.76,0.01,4,3104,卖盘
928,14:27:55,7.75,-0.01,20,15500,卖盘
929,14:28:13,7.76,0.01,3,2328,买盘
930,14:28:19,7.76,0.0,3,2328,买盘
931,14:28:25,7.76,0.0,3,2328,买盘
932,14:28:31,7.76,0.0,3,2328,买盘
933,14:28:34,7.74,-0.02,1,774,卖盘
934,14:28:37,7.74,0.0,32,24774,卖盘
935,14:28:40,7.74,0.0,21,16254,买盘
936,14:28:43,7.74,0.0,6,4644,买盘
937,14:28:54,7.74,0.0,1,774,买盘
938,14:28:57,7.73,-0.01,1,773,卖盘
939,14:29:19,7.74,0.01,100,77400,买盘
940,14:29:22,7.74,0.0,4,3096,买盘
941,14:29:30,7.76,0.02,1,776,买盘
942,14:29:43,7.76,0.0,1,776,买盘
943,14:31:46,7.75,-0.01,24,18600,卖盘
944,14:33:10,7.75,0.0,56,43400,买盘
945,14:33:13,7.75,0.0,103,79825,卖盘
946,14:33:18,7.76,0.01,30,23274,买盘
947,14:33:37,7.74,-0.02,33,25542,卖盘
948,14:33:55,7.74,0.0,20,15490,卖盘
949,14:34:16,7.74,0.0,78,60372,卖盘
950,14:35:13,7.75,0.01,10,7750,买盘
951,14:35:46,7.74,-0.01,10,7740,卖盘
952,14:35:51,7.74,0.0,1,774,卖盘
953,14:35:58,7.74,0.0,1,774,买盘
954,14:36:13,7.74,0.0,1,774,卖盘
955,14:37:07,7.74,0.0,6,4644,卖盘
956,14:37:37,7.74,0.0,1,774,卖盘
957,14:37:40,7.75,0.01,10,7750,买盘
958,14:38:07,7.75,0.0,28,21680,中性盘
959,14:38:10,7.75,0.0,7,5425,卖盘
960,14:38:27,7.76,0.01,20,15520,买盘
961,14:38:34,7.75,-0.01,19,14725,卖盘
962,14:39:00,7.76,0.01,5,3880,买盘
963,14:39:10,7.76,0.0,15,11640,卖盘
964,14:39:28,7.76,0.0,80,62080,买盘
965,14:39:39,7.76,0.0,1,776,买盘
966,14:39:49,7.76,0.0,4,3104,买盘
967,14:39:57,7.76,0.0,36,27936,卖盘
968,14:40:04,7.76,0.0,1,776,买盘
969,14:40:06,7.77,0.01,68,52833,买盘
970,14:40:09,7.77,0.0,9,6993,买盘
971,14:40:12,7.77,0.0,4,3108,买盘
972,14:40:21,7.77,0.0,10,7770,买盘
973,14:40:46,7.77,0.0,9,6993,买盘
974,14:40:57,7.77,0.0,18,13986,卖盘
975,14:41:01,7.78,0.01,10,7780,买盘
976,14:41:10,7.78,0.0,10,7780,买盘
977,14:41:22,7.78,0.0,57,44299,买盘
978,14:41:24,7.78,0.0,77,59906,买盘
979,14:41:27,7.77,-0.01,38,29547,卖盘
980,14:41:31,7.77,0.0,117,90909,卖盘
981,14:41:43,7.77,0.0,65,50566,卖盘
982,14:41:48,7.77,0.0,1,777,卖盘
983,14:42:40,7.78,0.01,15,11670,买盘
984,14:42:58,7.77,-0.01,50,38850,卖盘
985,14:43:01,7.77,0.0,1,777,买盘
986,14:43:19,7.77,0.0,15,11655,买盘
987,14:44:13,7.77,0.0,13,10101,买盘
988,14:44:40,7.77,0.0,60,46620,卖盘
989,14:44:46,7.77,0.0,1,777,买盘
990,14:44:55,7.75,-0.02,28,21700,卖盘
991,14:45:46,7.77,0.02,5,3885,买盘
992,14:46:22,7.73,-0.04,61,47237,卖盘
993,14:47:31,7.76,0.03,6,4656,卖盘
994,14:48:01,7.75,-0.01,40,31000,卖盘
995,14:48:18,7.74,-0.01,34,26316,卖盘
996,14:48:25,7.73,-0.01,96,74232,卖盘
997,14:48:46,7.75,0.02,10,7750,中性盘
998,14:48:54,7.72,-0.03,16,12353,卖盘
999,14:49:07,7.73,0.01,23,17779,卖盘
1000,14:49:18,7.71,-0.02,88,67848,卖盘
1001,14:50:01,7.71,0.0,39,30069,卖盘
1002,14:50:04,7.7,-0.01,126,97020,卖盘
1003,14:50:07,7.71,0.01,12,9252,买盘
1004,14:50:10,7.71,0.0,2,1542,买盘
1005,14:50:13,7.71,0.0,1,771,买盘
1006,14:50:16,7.71,0.0,5,3855,买盘
1007,14:50:19,7.75,0.04,3,2325,买盘
1008,14:50:34,7.71,-0.04,24,18504,卖盘
1009,14:51:10,7.72,0.01,1,772,卖盘
1010,14:51:13,7.72,0.0,5,3860,卖盘
1011,14:51:19,7.72,0.0,6,4632,中性盘
1012,14:51:22,7.72,0.0,5,3860,中性盘
1013,14:51:28,7.72,0.0,31,23932,卖盘
1014,14:51:34,7.72,0.0,1,772,卖盘
1015,14:51:51,7.72,0.0,22,16984,卖盘
1016,14:51:58,7.72,0.0,3,2316,买盘
1017,14:52:04,7.71,-0.01,2,1542,卖盘
1018,14:52:06,7.71,0.0,20,15420,买盘
1019,14:52:28,7.71,0.0,10,7710,买盘
1020,14:52:31,7.71,0.0,1,771,买盘
1021,14:52:34,7.71,0.0,35,26985,买盘
1022,14:52:46,7.71,0.0,7,5397,买盘
1023,14:52:49,7.7,-0.01,13,10010,卖盘
1024,14:53:01,7.71,0.01,1,771,买盘
1025,14:53:09,7.7,-0.01,48,36992,卖盘
1026,14:53:13,7.71,0.01,2,1542,买盘
1027,14:53:19,7.71,0.0,7,5397,卖盘
1028,14:53:46,7.72,0.01,3,2316,卖盘
1029,14:53:49,7.71,-0.01,6,4641,卖盘
1030,14:53:52,7.7,-0.01,6,4620,卖盘
1031,14:54:31,7.74,0.04,1,774,买盘
1032,14:54:43,7.74,0.0,1,774,买盘
1033,14:54:49,7.71,-0.03,1,1103,卖盘
1034,14:55:31,7.73,0.02,6,4638,买盘
1035,14:55:37,7.74,0.01,1,774,买盘
1036,14:55:43,7.74,0.0,1,774,买盘
1037,14:55:46,7.73,-0.01,1,773,卖盘
1038,14:55:49,7.74,0.01,2,1548,买盘
1039,14:55:51,7.74,0.0,1,774,买盘
1040,14:55:55,7.74,0.0,1,774,买盘
1041,14:56:19,7.74,0.0,5,3870,买盘
1042,14:56:34,7.74,0.0,10,7740,买盘
1043,14:56:37,7.73,-0.01,10,7730,卖盘
1044,14:56:43,7.73,0.0,4,3093,卖盘
1045,14:56:46,7.74,0.01,6,4644,买盘
1046,14:56:49,7.74,0.0,1,774,买盘
1047,15:00:05,7.74,0.0,219,169506,卖盘
