,time,price,change,volume,amount,type
0,09:25:05,7.95,0.17,362,287790,卖盘
1,09:30:04,7.95,0.0,22,17490,买盘
2,09:30:07,7.95,0.0,138,109614,买盘
3,09:30:10,7.97,0.02,133,105679,买盘
4,09:30:13,7.96,-0.01,12,9562,卖盘
5,09:30:16,7.97,0.01,20,15940,买盘
6,09:30:19,7.98,0.01,24,19151,买盘
7,09:30:22,7.99,0.01,16,12771,买盘
8,09:30:31,7.99,0.0,17,13583,买盘
9,09:30:37,7.98,-0.01,36,28745,卖盘
10,09:30:40,8.03,0.05,5,4015,买盘
11,09:30:46,8.02,-0.01,10,8020,买盘
12,09:30:49,8.02,0.0,45,36090,买盘
13,09:30:52,8.0,-0.02,10,8000,卖盘
14,09:31:01,8.01,0.01,2,1602,买盘
15,09:31:07,7.99,-0.02,29,23538,卖盘
16,09:31:13,8.0,0.01,2,1600,买盘
17,09:31:16,7.99,-0.01,4,3196,卖盘
18,09:31:19,7.98,-0.01,31,24775,卖盘
19,09:31:22,7.98,0.0,3,2394,卖盘
20,09:31:25,7.98,0.0,3,2394,卖盘
21,09:31:28,7.99,0.01,13,10387,买盘
22,09:31:31,7.98,-0.01,4,3192,卖盘
23,09:31:34,7.98,0.0,4,3192,卖盘
24,09:31:37,7.99,0.01,78,62307,买盘
25,09:31:40,7.99,0.0,4,3196,卖盘
26,09:31:43,7.99,0.0,11,8789,卖盘
27,09:31:49,7.99,0.0,26,20774,卖盘
28,09:31:52,7.99,0.0,15,11985,卖盘
29,09:31:55,7.99,0.0,20,15980,卖盘
30,09:32:01,7.99,0.0,8,6392,卖盘
31,09:32:04,8.0,0.01,1,800,买盘
32,09:32:07,8.0,0.0,2,1600,买盘
33,09:32:13,7.99,-0.01,4,3196,卖盘
34,09:32:16,7.99,0.0,33,26367,卖盘
35,09:32:19,8.0,0.01,31,24794,买盘
36,09:32:22,7.99,-0.01,39,31161,卖盘
37,09:32:25,7.99,0.0,72,57528,卖盘
38,09:32:28,7.99,0.0,48,38352,卖盘
39,09:32:31,7.99,0.0,12,9593,卖盘
40,09:32:34,7.99,0.0,22,17578,卖盘
41,09:32:40,7.98,-0.01,4,3192,卖盘
42,09:32:43,7.98,0.0,67,53131,卖盘
43,09:32:52,7.97,-0.01,27,21492,买盘
44,09:33:04,7.97,0.0,5,3985,卖盘
45,09:33:07,7.97,0.0,4,3188,买盘
46,09:33:10,7.95,-0.02,25,19875,卖盘
47,09:33:22,7.95,0.0,1,795,卖盘
48,09:33:34,7.95,0.0,1,795,卖盘
49,09:33:37,7.95,0.0,7,5565,卖盘
50,09:33:40,7.95,0.0,20,15900,卖盘
51,09:33:46,7.95,0.0,1,795,卖盘
52,09:33:49,7.95,0.0,18,14342,卖盘
53,09:33:55,7.95,0.0,1,795,卖盘
54,09:33:58,7.95,0.0,2,1590,卖盘
55,09:34:01,7.95,0.0,2,1590,卖盘
56,09:34:16,7.96,0.01,2,1591,买盘
57,09:34:19,7.92,-0.04,200,158814,卖盘
58,09:34:22,7.95,0.03,1,795,中性盘
59,09:34:31,7.92,-0.03,100,79200,卖盘
60,09:34:34,7.92,0.0,7,5544,卖盘
61,09:34:43,7.92,0.0,18,14256,买盘
62,09:34:46,7.92,0.0,1,792,卖盘
63,09:34:49,7.93,0.01,15,11895,买盘
64,09:34:52,7.93,0.0,3,2379,买盘
65,09:34:55,7.92,-0.01,11,8712,卖盘
66,09:35:01,7.93,0.01,95,75335,买盘
67,09:35:04,7.93,0.0,19,15067,买盘
68,09:35:16,7.95,0.02,34,27030,买盘
69,09:35:58,7.96,0.01,1,796,买盘
70,09:36:01,7.95,-0.01,5,3975,买盘
71,09:36:19,7.97,0.02,16,12752,买盘
72,09:37:01,7.97,0.0,1,797,买盘
73,09:37:10,7.97,0.0,1,797,买盘
74,09:37:37,7.97,0.0,9,7173,买盘
75,09:37:49,7.92,-0.05,132,104638,卖盘
76,09:37:55,7.92,0.0,3,2376,买盘
77,09:37:58,7.92,0.0,1,792,买盘
78,09:38:01,7.92,0.0,3,2376,买盘
79,09:38:04,7.92,0.0,29,22968,买盘
80,09:38:07,7.92,0.0,3,2376,买盘
81,09:38:10,7.92,0.0,5,3960,买盘
82,09:38:13,7.91,-0.01,42,33239,卖盘
83,09:38:16,7.92,0.01,17,13464,买盘
84,09:38:19,7.92,0.0,8,6336,买盘
85,09:38:22,7.95,0.03,26,20595,买盘
86,09:38:37,7.95,0.0,1,795,买盘
87,09:38:40,7.95,0.0,1,795,买盘
88,09:38:46,7.96,0.01,1,796,买盘
89,09:38:49,7.96,0.0,1,796,买盘
90,09:38:52,7.96,0.0,1,796,买盘
91,09:38:55,7.96,0.0,3,2388,买盘
92,09:38:58,7.96,0.0,2,1592,买盘
93,09:39:01,7.96,0.0,1,796,买盘
94,09:39:04,7.96,0.0,1,796,买盘
95,09:39:07,7.96,0.0,1,796,买盘
96,09:39:10,7.96,0.0,2,1592,买盘
97,09:39:13,7.96,0.0,3,2388,买盘
98,09:39:16,7.96,0.0,2,1592,买盘
99,09:39:25,7.97,0.01,29,23113,买盘
100,09:39:34,7.97,0.0,1,797,买盘
101,09:39:37,7.97,0.0,2,1594,中性盘
102,09:39:40,7.96,-0.01,24,19104,卖盘
103,09:39:58,7.97,0.01,15,11955,买盘
104,09:40:04,7.97,0.0,10,7970,买盘
105,09:40:22,7.98,0.01,28,22344,买盘
106,09:40:31,7.98,0.0,10,7980,买盘
107,09:40:37,7.98,0.0,8,6384,买盘
108,09:40:43,7.97,-0.01,6,4782,卖盘
109,09:40:46,7.98,0.01,25,19935,买盘
110,09:40:58,7.97,-0.01,2,1594,卖盘
111,09:41:07,7.97,0.0,24,19128,卖盘
112,09:41:10,7.97,0.0,66,52602,卖盘
113,09:41:22,7.98,0.01,29,23142,买盘
114,09:41:28,7.98,0.0,11,8778,卖盘
115,09:41:34,7.96,-0.02,200,159326,卖盘
116,09:41:43,7.97,0.01,24,19128,买盘
117,09:41:46,7.97,0.0,1,797,买盘
118,09:41:55,7.96,-0.01,73,58108,卖盘
119,09:42:10,7.94,-0.02,6,4764,卖盘
120,09:42:25,7.94,0.0,1,794,卖盘
121,09:42:28,7.94,0.0,1,794,卖盘
122,09:42:31,7.94,0.0,1,794,卖盘
123,09:42:34,7.94,0.0,1,794,卖盘
124,09:42:37,7.94,0.0,10,7940,卖盘
125,09:43:04,7.93,-0.01,1,793,买盘
126,09:43:07,7.93,0.0,1,793,买盘
127,09:43:10,7.93,0.0,1,793,买盘
128,09:43:13,7.93,0.0,1,793,买盘
129,09:43:16,7.93,0.0,1,793,买盘
130,09:43:19,7.93,0.0,1,793,买盘
131,09:43:22,7.93,0.0,1,793,买盘
132,09:43:28,7.93,0.0,1,793,卖盘
133,09:43:34,7.91,-0.02,5,3955,卖盘
134,09:43:40,7.93,0.02,56,44358,买盘
135,09:43:46,7.93,0.0,5,3965,买盘
136,09:43:49,7.91,-0.02,2,1582,卖盘
137,09:43:52,7.91,0.0,32,25312,卖盘
138,09:43:55,7.9,-0.01,52,41080,卖盘
139,09:43:58,7.9,0.0,2,1580,买盘
140,09:44:01,7.9,0.0,1,790,买盘
141,09:44:04,7.9,0.0,1,790,买盘
142,09:44:07,7.89,-0.01,7,5525,卖盘
143,09:44:10,7.9,0.01,27,21310,买盘
144,09:44:16,7.9,0.0,7,5530,买盘
145,09:44:19,7.88,-0.02,35,27594,卖盘
146,09:44:22,7.88,0.0,9,7092,买盘
147,09:44:31,7.91,0.03,30,23706,买盘
148,09:44:37,7.91,0.0,2,1582,买盘
149,09:44:46,7.91,0.0,40,31640,买盘
150,09:44:52,7.92,0.01,1,792,中性盘
151,09:45:04,7.93,0.01,11,8713,买盘
152,09:45:07,7.92,-0.01,10,7929,卖盘
153,09:45:10,7.93,0.01,3,2377,买盘
154,09:45:13,7.93,0.0,87,68991,买盘
155,09:45:37,7.95,0.02,20,15900,买盘
156,09:45:52,7.96,0.01,2,1592,买盘
157,09:46:13,7.95,-0.01,16,12720,卖盘
158,09:46:22,7.95,0.0,16,12720,卖盘
159,09:46:31,7.94,-0.01,10,7940,买盘
160,09:46:55,7.94,0.0,22,17468,卖盘
161,09:47:01,7.95,0.01,1,795,买盘
162,09:47:07,7.95,0.0,1,795,买盘
163,09:47:10,7.94,-0.01,27,21438,卖盘
164,09:47:13,7.94,0.0,10,7940,卖盘
165,09:47:28,7.94,0.0,40,31760,卖盘
166,09:48:40,7.94,0.0,24,19056,卖盘
167,09:49:19,7.95,0.01,1,795,买盘
168,09:49:22,7.95,0.0,1,795,买盘
169,09:49:28,7.94,-0.01,20,15880,卖盘
170,09:49:49,7.95,0.01,19,15105,买盘
171,09:49:58,7.94,-0.01,1,794,卖盘
172,09:50:04,7.95,0.01,79,62805,买盘
173,09:50:07,7.94,-0.01,30,23829,卖盘
174,09:50:10,7.94,0.0,10,7940,卖盘
175,09:50:46,7.96,0.02,29,23084,买盘
176,09:50:55,7.96,0.0,50,39800,买盘
177,09:51:07,7.96,0.0,47,37412,买盘
178,09:51:22,7.97,0.01,35,27895,买盘
179,09:51:37,7.98,0.01,5,3990,买盘
180,09:51:40,7.97,-0.01,3,2391,卖盘
181,09:51:43,7.98,0.01,41,32697,买盘
182,09:51:46,7.98,0.0,5,3990,买盘
183,09:51:49,7.98,0.0,1,798,买盘
184,09:51:58,7.96,-0.02,6,4776,卖盘
185,09:52:01,7.98,0.02,1,798,买盘
186,09:52:10,7.98,0.0,1,798,买盘
187,09:52:13,7.98,0.0,125,99747,买盘
188,09:52:19,7.98,0.0,1,798,中性盘
189,09:52:25,7.99,0.01,41,32759,买盘
190,09:52:28,7.99,0.0,29,23171,买盘
191,09:52:31,8.0,0.01,252,201725,买盘
192,09:52:34,8.0,0.0,41,32800,买盘
193,09:52:37,8.0,0.0,53,42385,买盘
194,09:52:40,8.02,0.02,232,185711,买盘
195,09:52:43,8.0,-0.02,67,53698,卖盘
196,09:52:46,8.03,0.03,4,3211,买盘
197,09:53:04,8.03,0.0,9,7227,买盘
198,09:53:07,8.01,-0.02,24,19229,卖盘
199,09:53:19,8.03,0.02,11,8833,买盘
200,09:53:22,8.02,-0.01,2,1604,买盘
201,09:53:31,8.01,-0.01,17,13617,卖盘
202,09:53:34,8.01,0.0,20,16020,卖盘
203,09:53:37,7.99,-0.02,7,5593,卖盘
204,09:53:55,8.01,0.02,10,8003,买盘
205,09:54:04,8.01,0.0,59,47259,买盘
206,09:54:19,8.01,0.0,37,29637,卖盘
207,09:54:28,7.99,-0.02,7,5593,卖盘
208,09:54:31,8.01,0.02,1,801,买盘
209,09:54:37,8.01,0.0,2,1602,买盘
210,09:54:43,7.99,-0.02,490,391510,卖盘
211,09:54:49,7.99,0.0,41,32747,买盘
212,09:55:04,7.99,0.0,3,2397,买盘
213,09:55:07,7.99,0.0,16,12784,买盘
214,09:55:16,7.99,0.0,1,799,买盘
215,09:55:19,7.98,-0.01,25,19950,卖盘
216,09:55:46,8.01,0.03,3,2397,买盘
217,09:56:10,7.99,-0.02,24,19176,卖盘
218,09:56:34,8.0,0.01,5,4000,买盘
219,09:56:46,8.01,0.01,1,801,买盘
220,09:57:13,8.0,-0.01,5,4000,买盘
221,09:57:37,7.99,-0.01,22,17578,卖盘
222,09:57:40,7.99,0.0,2,1598,买盘
223,09:58:13,7.99,0.0,30,23970,卖盘
224,09:58:16,8.01,0.02,63,50405,买盘
225,09:58:22,8.0,-0.01,3,2400,卖盘
226,09:58:25,8.01,0.01,1,801,买盘
227,09:58:55,8.0,-0.01,20,16000,卖盘
228,09:58:58,8.01,0.01,50,40050,买盘
229,09:59:10,8.0,-0.01,25,20000,卖盘
230,09:59:22,8.0,0.0,3,2400,卖盘
231,09:59:31,8.0,0.0,1,800,买盘
232,09:59:40,8.0,0.0,16,12800,买盘
233,09:59:49,8.0,0.0,15,12000,卖盘
234,10:00:01,8.0,0.0,20,16000,卖盘
235,10:00:07,8.01,0.01,9,7209,买盘
236,10:00:40,8.0,-0.01,24,19200,卖盘
237,10:01:10,8.0,0.0,1,800,卖盘
238,10:01:58,8.0,0.0,5,4000,卖盘
239,10:02:01,8.01,0.01,3,2403,买盘
240,10:02:10,8.0,-0.01,26,20802,卖盘
241,10:02:13,8.0,0.0,1,800,卖盘
242,10:02:16,8.01,0.01,2,1602,买盘
243,10:02:34,8.01,0.0,3,2403,买盘
244,10:02:37,8.01,0.0,20,16020,买盘
245,10:02:40,8.01,0.0,11,8811,买盘
246,10:02:43,8.01,0.0,3,2403,买盘
247,10:02:46,8.01,0.0,4,3204,买盘
248,10:02:52,8.01,0.0,3,2403,买盘
249,10:03:10,8.0,-0.01,10,8005,卖盘
250,10:03:40,8.01,0.01,1,801,买盘
251,10:03:43,8.0,-0.01,38,30413,卖盘
252,10:03:46,8.01,0.01,1,801,买盘
253,10:03:49,8.01,0.0,5,4005,买盘
254,10:03:52,8.01,0.0,4,3204,买盘
255,10:04:04,8.01,0.0,39,31239,买盘
256,10:04:16,8.02,0.01,10,8020,买盘
257,10:04:19,8.02,0.0,4,3208,买盘
258,10:04:22,8.03,0.01,155,124314,买盘
259,10:04:28,8.03,0.0,33,26499,买盘
260,10:04:31,8.03,0.0,5,4015,买盘
261,10:04:43,8.04,0.01,9,7236,买盘
262,10:04:52,8.04,0.0,1,804,买盘
263,10:05:07,8.04,0.0,2,1609,卖盘
264,10:05:10,8.04,0.0,24,19296,卖盘
265,10:05:13,8.05,0.01,52,41860,买盘
266,10:05:16,8.05,0.0,37,29785,卖盘
267,10:05:22,8.04,-0.01,35,28150,卖盘
268,10:05:25,8.04,0.0,2,1608,卖盘
269,10:05:31,8.06,0.02,2,1612,买盘
270,10:05:46,8.04,-0.02,21,16885,卖盘
271,10:06:07,8.05,0.01,5,4025,买盘
272,10:06:13,8.05,0.0,17,13685,买盘
273,10:06:16,8.05,0.0,5,4025,买盘
274,10:06:19,8.05,0.0,4,3220,买盘
275,10:06:22,8.05,0.0,1,805,买盘
276,10:06:25,8.05,0.0,18,14490,买盘
277,10:06:34,8.06,0.01,5,4030,买盘
278,10:06:37,8.05,-0.01,17,13685,卖盘
279,10:06:43,8.05,0.0,1,805,买盘
280,10:06:58,8.04,-0.01,80,64320,卖盘
281,10:07:01,8.05,0.01,39,31395,买盘
282,10:07:04,8.05,0.0,30,24150,买盘
283,10:07:07,8.04,-0.01,39,31357,卖盘
284,10:07:43,8.04,0.0,1,804,买盘
285,10:07:46,8.04,0.0,1,804,买盘
286,10:07:55,8.04,0.0,5,4020,买盘
287,10:08:01,8.03,-0.01,10,8030,卖盘
288,10:08:04,8.04,0.01,20,16080,买盘
289,10:08:10,8.04,0.0,25,20100,卖盘
290,10:08:16,8.03,-0.01,300,240942,卖盘
291,10:08:28,8.05,0.02,1,805,买盘
292,10:08:43,8.04,-0.01,1,804,买盘
293,10:09:01,8.03,-0.01,24,19272,卖盘
294,10:09:04,8.03,0.0,21,16863,卖盘
295,10:09:07,8.04,0.01,1,804,中性盘
296,10:09:34,8.02,-0.02,20,16048,卖盘
297,10:09:37,8.02,0.0,8,6416,卖盘
298,10:09:40,8.02,0.0,15,12030,卖盘
299,10:09:43,8.02,0.0,6,4812,卖盘
300,10:09:46,8.02,0.0,11,8822,卖盘
301,10:09:55,8.02,0.0,5,4010,买盘
302,10:10:07,8.01,-0.01,1,801,卖盘
303,10:10:28,8.02,0.01,1,802,买盘
304,10:10:43,8.02,0.0,1,802,买盘
305,10:10:58,8.02,0.0,13,10426,买盘
306,10:11:01,8.02,0.0,25,20050,卖盘
307,10:11:04,8.03,0.01,14,11242,买盘
308,10:11:07,8.02,-0.01,2,1605,卖盘
309,10:11:37,8.02,0.0,20,16040,卖盘
310,10:11:46,8.04,0.02,1,804,买盘
311,10:11:52,8.02,-0.02,19,15238,卖盘
312,10:12:13,8.02,0.0,15,12030,卖盘
313,10:12:28,8.03,0.01,1,803,买盘
314,10:12:43,8.02,-0.01,5,4011,卖盘
315,10:13:01,8.03,0.01,4,3212,买盘
316,10:13:07,8.03,0.0,1,803,买盘
317,10:13:13,8.03,0.0,13,10439,买盘
318,10:13:16,8.03,0.0,9,7227,买盘
319,10:13:40,8.03,0.0,5,4015,卖盘
320,10:13:46,8.04,0.01,1,804,买盘
321,10:13:58,8.04,0.0,4,3216,买盘
322,10:14:04,8.04,0.0,5,4020,买盘
323,10:14:10,8.04,0.0,16,12864,买盘
324,10:14:13,8.05,0.01,2,1610,买盘
325,10:14:19,8.05,0.0,19,15295,买盘
326,10:14:28,8.05,0.0,1,805,买盘
327,10:14:37,8.05,0.0,2,1610,买盘
328,10:14:40,8.05,0.0,6,4830,买盘
329,10:14:43,8.05,0.0,1,805,买盘
330,10:14:49,8.05,0.0,7,5635,买盘
331,10:14:52,8.05,0.0,4,3220,买盘
332,10:14:58,8.05,0.0,5,4025,买盘
333,10:15:01,8.05,0.0,5,4025,买盘
334,10:15:07,8.05,0.0,1,805,买盘
335,10:15:10,8.05,0.0,14,11270,买盘
336,10:15:16,8.06,0.01,4,3224,买盘
337,10:15:25,8.06,0.0,5,4030,买盘
338,10:15:43,8.06,0.0,1,806,买盘
339,10:15:49,8.06,0.0,1,806,买盘
340,10:16:04,8.05,-0.01,11,8855,卖盘
341,10:16:13,8.05,0.0,10,8050,买盘
342,10:16:28,8.05,0.0,1,805,买盘
343,10:16:34,8.06,0.01,40,32201,买盘
344,10:16:37,8.05,-0.01,4,3220,中性盘
345,10:16:43,8.06,0.01,1,806,买盘
346,10:16:52,8.06,0.0,17,13702,买盘
347,10:16:55,8.06,0.0,6,4836,卖盘
348,10:17:07,8.06,0.0,2,1612,买盘
349,10:17:13,8.07,0.01,5,4035,买盘
350,10:17:22,8.07,0.0,4,3228,买盘
351,10:17:25,8.07,0.0,1,807,买盘
352,10:17:37,8.06,-0.01,20,16120,卖盘
353,10:17:43,8.06,0.0,21,16927,卖盘
354,10:17:45,8.06,0.0,20,16120,卖盘
355,10:17:52,8.07,0.01,51,41157,买盘
356,10:17:58,8.07,0.0,3,2421,买盘
357,10:18:04,8.07,0.0,1,807,买盘
358,10:18:18,8.06,-0.01,110,88673,卖盘
359,10:18:46,8.06,0.0,6,4836,卖盘
360,10:18:49,8.06,0.0,28,22568,卖盘
361,10:19:01,8.05,-0.01,27,21735,卖盘
362,10:19:07,8.05,0.0,1,805,卖盘
363,10:19:09,8.05,0.0,8,6440,卖盘
364,10:19:34,8.05,0.0,3,2415,卖盘
365,10:19:52,8.05,0.0,16,12880,卖盘
366,10:20:34,8.04,-0.01,50,40200,卖盘
367,10:20:52,8.05,0.01,80,64399,买盘
368,10:20:55,8.05,0.0,6,4830,卖盘
369,10:21:07,8.05,0.0,1,805,卖盘
370,10:21:25,8.05,0.0,43,34615,卖盘
371,10:22:16,8.05,0.0,9,7245,卖盘
372,10:22:19,8.05,0.0,69,55545,卖盘
373,10:22:43,8.05,0.0,4,3217,买盘
374,10:23:07,8.05,0.0,10,8050,买盘
375,10:23:16,8.05,0.0,73,58765,买盘
376,10:23:55,8.05,0.0,77,61985,卖盘
377,10:24:01,8.05,0.0,30,24150,卖盘
378,10:24:10,8.05,0.0,3,2415,卖盘
379,10:24:16,8.06,0.01,92,74152,买盘
380,10:24:25,8.05,-0.01,7,5635,卖盘
381,10:24:34,8.06,0.01,95,76570,买盘
382,10:24:37,8.06,0.0,35,28210,买盘
383,10:24:51,8.06,0.0,30,24180,卖盘
384,10:25:07,8.06,0.0,1,806,卖盘
385,10:25:46,8.07,0.01,97,78279,买盘
386,10:25:55,8.07,0.0,3,2421,卖盘
387,10:26:16,8.06,-0.01,228,183768,卖盘
388,10:26:31,8.05,-0.01,50,40250,卖盘
389,10:26:46,8.06,0.01,25,20150,买盘
390,10:27:07,8.06,0.0,1,806,卖盘
391,10:27:37,8.06,0.0,31,24986,卖盘
392,10:28:01,8.06,0.0,29,23364,买盘
393,10:29:46,8.05,-0.01,20,16100,卖盘
394,10:29:55,8.06,0.01,2,1612,买盘
395,10:29:57,8.05,-0.01,2,1610,卖盘
396,10:30:04,8.06,0.01,5,4030,买盘
397,10:30:16,8.06,0.0,5,4030,买盘
398,10:30:19,8.05,-0.01,2,1610,卖盘
399,10:30:22,8.06,0.01,20,16120,买盘
400,10:30:25,8.06,0.0,20,16120,买盘
401,10:30:28,8.06,0.0,1,806,买盘
402,10:30:40,8.06,0.0,18,14508,买盘
403,10:30:43,8.06,0.0,28,22568,买盘
404,10:30:58,8.06,0.0,11,8866,买盘
405,10:31:00,8.06,0.0,10,8060,买盘
406,10:31:10,8.06,0.0,2,1612,买盘
407,10:32:22,8.06,0.0,3,2418,买盘
408,10:32:34,8.06,0.0,2,1612,买盘
409,10:32:55,8.06,0.0,8,6448,买盘
410,10:34:19,8.06,0.0,21,16926,买盘
411,10:34:22,8.05,-0.01,20,16100,卖盘
412,10:34:40,8.05,0.0,2,1610,卖盘
413,10:34:52,8.05,0.0,50,40250,卖盘
414,10:35:07,8.05,0.0,1,805,卖盘
415,10:35:19,8.06,0.01,1,806,买盘
416,10:35:43,8.06,0.0,47,37882,买盘
417,10:35:46,8.06,0.0,5,4030,买盘
418,10:35:48,8.05,-0.01,6,4830,卖盘
419,10:35:52,8.06,0.01,4,3224,买盘
420,10:35:55,8.05,-0.01,7,5640,卖盘
421,10:36:01,8.06,0.01,2,1612,买盘
422,10:36:13,8.05,-0.01,6,4830,卖盘
423,10:36:40,8.06,0.01,12,9672,买盘
424,10:36:49,8.05,-0.01,20,16100,卖盘
425,10:36:55,8.05,0.0,21,16905,卖盘
426,10:37:01,8.05,0.0,100,80500,卖盘
427,10:37:07,8.05,0.0,1,805,卖盘
428,10:37:13,8.05,0.0,1,805,卖盘
429,10:37:15,8.05,0.0,100,80500,卖盘
430,10:37:18,8.05,0.0,23,18515,卖盘
431,10:37:25,8.05,0.0,14,11270,卖盘
432,10:37:46,8.05,0.0,96,77280,卖盘
433,10:38:52,8.04,-0.01,36,28944,卖盘
434,10:39:07,8.04,0.0,1,804,卖盘
435,10:39:21,8.02,-0.02,20,16040,卖盘
436,10:39:34,8.01,-0.01,10,8010,卖盘
437,10:40:04,8.01,0.0,2,1602,卖盘
438,10:40:06,8.01,0.0,1,801,卖盘
439,10:40:19,8.01,0.0,1,801,卖盘
440,10:40:31,8.02,0.01,7,5614,买盘
441,10:40:52,8.01,-0.01,24,19226,卖盘
442,10:40:58,8.02,0.01,3,2406,买盘
443,10:41:07,8.02,0.0,1,802,卖盘
444,10:42:28,8.02,0.0,2,1604,卖盘
445,10:42:37,8.02,0.0,6,4812,卖盘
446,10:42:42,8.02,0.0,1,802,买盘
447,10:42:46,8.02,0.0,12,9624,买盘
448,10:42:52,8.02,0.0,1,802,买盘
449,10:42:57,8.01,-0.01,33,26433,卖盘
450,10:43:04,8.01,0.0,1,801,卖盘
451,10:43:07,8.01,0.0,1,801,卖盘
452,10:43:52,8.01,0.0,10,8010,卖盘
453,10:44:07,8.02,0.01,5,4010,买盘
454,10:44:34,8.02,0.0,165,132308,买盘
455,10:45:01,8.03,0.01,5,4015,买盘
456,10:45:19,8.03,0.0,11,8833,买盘
457,10:46:01,8.04,0.01,45,36180,卖盘
458,10:46:37,8.04,0.0,50,40200,买盘
459,10:46:43,8.04,0.0,1,804,买盘
460,10:47:39,8.03,-0.01,3,2409,卖盘
461,10:48:07,8.03,0.0,1,803,卖盘
462,10:48:27,8.03,0.0,30,24090,卖盘
463,10:48:31,8.03,0.0,16,12848,卖盘
464,10:49:06,8.03,0.0,1,803,卖盘
465,10:49:19,8.03,0.0,46,36938,卖盘
466,10:49:25,8.05,0.02,51,41005,买盘
467,10:49:28,8.03,-0.02,28,22484,卖盘
468,10:50:01,8.03,0.0,1,803,买盘
469,10:50:25,8.03,0.0,2,1606,买盘
470,10:50:58,8.05,0.02,5,4025,买盘
471,10:51:37,8.05,0.0,23,18515,买盘
472,10:51:46,8.05,0.0,35,28175,买盘
473,10:52:34,8.05,0.0,1,805,卖盘
474,10:52:40,8.03,-0.02,5,4015,卖盘
475,10:52:45,8.03,0.0,4,3212,卖盘
476,10:52:52,8.03,0.0,3,2409,卖盘
477,10:52:55,8.03,0.0,3,2409,卖盘
478,10:52:58,8.04,0.01,4,3213,中性盘
479,10:53:01,8.03,-0.01,3,2409,卖盘
480,10:53:04,8.08,0.05,354,285701,买盘
481,10:53:06,8.04,-0.04,3,2412,卖盘
482,10:53:09,8.04,0.0,5,4020,卖盘
483,10:53:40,8.06,0.02,6,4836,卖盘
484,10:54:09,8.06,0.0,1,806,卖盘
485,10:54:16,8.06,0.0,18,14508,买盘
486,10:54:45,8.05,-0.01,6,4830,买盘
487,10:55:06,8.05,0.0,1,805,卖盘
488,10:55:27,8.06,0.01,14,11284,买盘
489,10:55:34,8.08,0.02,14,11309,买盘
490,10:55:40,8.08,0.0,13,10504,买盘
491,10:56:28,8.08,0.0,10,8080,卖盘
492,10:56:30,8.08,0.0,1,808,卖盘
493,10:56:46,8.08,0.0,1,808,买盘
494,10:56:49,8.08,0.0,4,3232,买盘
495,10:56:58,8.08,0.0,6,4848,买盘
496,10:57:01,8.08,0.0,5,4040,买盘
497,10:57:25,8.07,-0.01,4,3228,买盘
498,10:57:34,8.07,0.0,5,4035,买盘
499,10:57:57,8.06,-0.01,6,4836,卖盘
500,10:58:04,8.06,0.0,16,12896,买盘
501,10:58:12,8.07,0.01,4,3228,买盘
502,10:58:37,8.07,0.0,5,4035,买盘
503,10:58:42,8.07,0.0,1,807,买盘
504,10:58:45,8.07,0.0,6,4842,买盘
505,10:58:49,8.07,0.0,1,807,买盘
506,10:58:51,8.07,0.0,5,4035,买盘
507,10:58:55,8.07,0.0,9,7263,买盘
508,10:58:58,8.07,0.0,5,4035,买盘
509,10:59:01,8.07,0.0,7,5649,买盘
510,10:59:07,8.06,-0.01,5,4034,卖盘
511,10:59:10,8.07,0.01,20,16140,买盘
512,10:59:21,8.06,-0.01,10,8060,卖盘
513,10:59:49,8.05,-0.01,6,4830,卖盘
514,11:00:01,8.05,0.0,1,805,卖盘
515,11:00:04,8.06,0.01,1,806,买盘
516,11:00:06,8.05,-0.01,25,20125,卖盘
517,11:00:28,8.05,0.0,16,12880,卖盘
518,11:01:10,8.04,-0.01,13,10452,卖盘
519,11:01:30,8.05,0.01,6,4830,中性盘
520,11:01:34,8.05,0.0,4,3220,买盘
521,11:02:46,8.06,0.01,9,7254,买盘
522,11:02:52,8.06,0.0,2,1612,买盘
523,11:02:58,8.06,0.0,5,4030,买盘
524,11:03:34,8.07,0.01,11,8877,买盘
525,11:04:04,8.07,0.0,7,5649,买盘
526,11:04:07,8.07,0.0,5,4035,卖盘
527,11:04:55,8.07,0.0,2,1614,买盘
528,11:05:22,8.08,0.01,24,19392,买盘
529,11:06:27,8.09,0.01,20,16180,买盘
530,11:06:58,8.09,0.0,60,48540,买盘
531,11:07:04,8.09,0.0,1,809,买盘
532,11:07:13,8.08,-0.01,20,16160,卖盘
533,11:08:12,8.08,0.0,9,7272,卖盘
534,11:08:16,8.08,0.0,9,7272,卖盘
535,11:08:19,8.08,0.0,8,6464,卖盘
536,11:08:25,8.08,0.0,20,16160,卖盘
537,11:08:28,8.08,0.0,20,16160,卖盘
538,11:08:34,8.08,0.0,37,29896,卖盘
539,11:09:18,8.07,-0.01,2,1614,卖盘
540,11:09:46,8.07,0.0,1,807,卖盘
541,11:09:58,8.06,-0.01,1,806,卖盘
542,11:10:19,8.05,-0.01,1,805,卖盘
543,11:11:43,8.05,0.0,6,4830,卖盘
544,11:11:46,8.04,-0.01,70,56346,卖盘
545,11:11:49,8.06,0.02,32,25792,买盘
546,11:14:37,8.06,0.0,3,2418,卖盘
547,11:15:01,8.07,0.01,15,12105,买盘
548,11:16:22,8.07,0.0,11,8877,卖盘
549,11:16:43,8.07,0.0,1,807,卖盘
550,11:17:10,8.07,0.0,1,807,卖盘
551,11:17:22,8.06,-0.01,71,57236,卖盘
552,11:18:01,8.05,-0.01,5,4025,中性盘
553,11:18:12,8.06,0.01,1,806,买盘
554,11:18:22,8.06,0.0,12,9672,买盘
555,11:18:31,8.06,0.0,31,24986,买盘
556,11:19:06,8.06,0.0,92,74152,买盘
557,11:19:49,8.09,0.03,5,4045,买盘
558,11:19:58,8.08,-0.01,4,3232,买盘
559,11:20:55,8.08,0.0,2,1616,买盘
560,11:21:49,8.08,0.0,39,31512,中性盘
561,11:23:06,8.08,0.0,37,29896,买盘
562,11:23:46,8.08,0.0,25,20200,买盘
563,11:25:12,8.08,0.0,5,4040,买盘
564,11:25:19,8.08,0.0,5,4040,买盘
565,11:25:21,8.08,0.0,20,16160,买盘
566,11:25:27,8.07,-0.01,6,4847,卖盘
567,11:25:34,8.08,0.01,6,4848,买盘
568,11:26:52,8.08,0.0,67,54136,买盘
569,11:27:13,8.09,0.01,20,16180,买盘
570,11:27:22,8.09,0.0,15,12135,买盘
571,11:27:39,8.08,-0.01,10,8080,卖盘
572,11:29:31,8.08,0.0,11,8888,卖盘
573,13:00:07,8.09,0.01,47,38023,买盘
574,13:00:10,8.08,-0.01,22,17796,卖盘
575,13:00:37,8.09,0.01,10,8090,买盘
576,13:00:52,8.08,-0.01,3,2424,卖盘
577,13:01:04,8.09,0.01,8,6472,买盘
578,13:01:07,8.08,-0.01,40,32322,卖盘
579,13:01:22,8.09,0.01,2,1618,买盘
580,13:01:28,8.09,0.0,1,809,买盘
581,13:02:04,8.08,-0.01,1,808,卖盘
582,13:03:04,8.08,0.0,1,808,卖盘
583,13:03:10,8.08,0.0,28,22624,卖盘
584,13:04:07,8.08,0.0,36,29088,卖盘
585,13:04:28,8.07,-0.01,17,13719,卖盘
586,13:04:52,8.08,0.01,5,4040,买盘
587,13:04:57,8.08,0.0,5,4040,买盘
588,13:05:42,8.08,0.0,50,40400,卖盘
589,13:06:18,8.09,0.01,37,29933,买盘
590,13:06:24,8.08,-0.01,36,29088,卖盘
591,13:08:28,8.08,0.0,1,808,买盘
592,13:08:42,8.08,0.0,1,808,买盘
593,13:09:28,8.07,-0.01,50,40350,卖盘
594,13:10:12,8.07,0.0,50,40350,卖盘
595,13:10:28,8.07,0.0,5,4035,卖盘
596,13:10:34,8.08,0.01,20,16160,买盘
597,13:10:37,8.05,-0.03,80,64466,卖盘
598,13:10:43,8.05,0.0,1,805,买盘
599,13:10:52,8.05,0.0,37,29785,买盘
600,13:11:31,8.05,0.0,18,14490,买盘
601,13:13:37,8.06,0.01,20,16120,卖盘
602,13:13:43,8.06,0.0,11,8866,卖盘
603,13:14:04,8.05,-0.01,1,805,卖盘
604,13:14:10,8.05,0.0,13,10465,卖盘
605,13:15:04,8.04,-0.01,50,40205,卖盘
606,13:15:25,8.05,0.01,5,4025,中性盘
607,13:15:31,8.04,-0.01,6,4824,卖盘
608,13:16:01,8.04,0.0,1,804,卖盘
609,13:16:31,8.04,0.0,14,11256,卖盘
610,13:17:22,8.04,0.0,1,804,买盘
611,13:18:22,8.05,0.01,30,24150,买盘
612,13:19:04,8.04,-0.01,22,17688,卖盘
613,13:20:34,8.04,0.0,1,804,卖盘
614,13:20:37,8.05,0.01,20,16100,买盘
615,13:21:04,8.06,0.01,5,4030,买盘
616,13:22:07,8.06,0.0,5,4030,买盘
617,13:22:13,8.06,0.0,11,8866,买盘
618,13:24:10,8.06,0.0,15,12090,卖盘
619,13:24:31,8.05,-0.01,17,13685,卖盘
620,13:25:22,8.04,-0.01,3,2412,卖盘
621,13:26:12,8.04,0.0,2,1608,买盘
622,13:26:18,8.04,0.0,2,1608,买盘
623,13:26:31,8.04,0.0,3,2412,买盘
624,13:26:46,8.04,0.0,4,3216,卖盘
625,13:27:04,8.04,0.0,2,1608,买盘
626,13:27:28,8.04,0.0,19,15276,买盘
627,13:27:40,8.04,0.0,15,12060,买盘
628,13:28:07,8.06,0.02,5,4028,买盘
629,13:28:46,8.05,-0.01,5,4025,买盘
630,13:29:55,8.05,0.0,10,8050,卖盘
631,13:30:10,8.06,0.01,2,1612,买盘
632,13:30:19,8.06,0.0,26,20956,买盘
633,13:31:33,8.06,0.0,40,32240,卖盘
634,13:32:01,8.06,0.0,3,2418,卖盘
635,13:33:04,8.05,-0.01,6,4830,卖盘
636,13:33:28,8.05,0.0,5,4025,卖盘
637,13:33:34,8.06,0.01,1,806,买盘
638,13:33:46,8.05,-0.01,6,4830,卖盘
639,13:33:52,8.06,0.01,1,806,买盘
640,13:34:16,8.06,0.0,1,806,买盘
641,13:34:22,8.06,0.0,1,806,买盘
642,13:34:25,8.06,0.0,1,806,买盘
643,13:35:46,8.05,-0.01,6,4830,卖盘
644,13:35:49,8.05,0.0,1,805,卖盘
645,13:36:40,8.05,0.0,1,805,卖盘
646,13:37:06,8.05,0.0,1,805,卖盘
647,13:37:09,8.05,0.0,3,2415,卖盘
648,13:37:37,8.05,0.0,6,4830,卖盘
649,13:38:22,8.06,0.01,1,806,买盘
650,13:38:46,8.05,-0.01,2,1610,卖盘
651,13:39:34,8.04,-0.01,6,4824,卖盘
652,13:39:43,8.05,0.01,1,805,买盘
653,13:41:34,8.04,-0.01,13,10452,卖盘
654,13:42:55,8.05,0.01,3,2415,买盘
655,13:43:15,8.04,-0.01,6,4824,卖盘
656,13:43:34,8.04,0.0,2,1608,卖盘
657,13:43:43,8.05,0.01,1,805,买盘
658,13:44:10,8.04,-0.01,18,14472,卖盘
659,13:44:27,8.05,0.01,17,13685,买盘
660,13:45:16,8.04,-0.01,5,4020,卖盘
661,13:46:00,8.05,0.01,1,805,买盘
662,13:46:52,8.05,0.0,1,805,买盘
663,13:47:07,8.04,-0.01,6,4824,卖盘
664,13:47:30,8.05,0.01,1,805,买盘
665,13:47:45,8.04,-0.01,86,69144,卖盘
666,13:48:01,8.03,-0.01,1,803,卖盘
667,13:48:13,8.05,0.02,1,805,买盘
668,13:49:01,8.04,-0.01,1,804,卖盘
669,13:49:16,8.03,-0.01,5,4015,卖盘
670,13:49:40,8.03,0.0,3,2409,卖盘
671,13:49:45,8.04,0.01,4,3216,买盘
672,13:50:13,8.05,0.01,2,1610,买盘
673,13:50:27,8.05,0.0,7,5635,买盘
674,13:51:04,8.04,-0.01,6,4824,卖盘
675,13:52:24,8.05,0.01,1,805,买盘
676,13:52:37,8.05,0.0,5,4025,买盘
677,13:52:49,8.03,-0.02,48,38552,卖盘
678,13:53:01,8.04,0.01,22,17688,买盘
679,13:53:25,8.06,0.02,50,40300,买盘
680,13:53:55,8.03,-0.03,2,1607,卖盘
681,13:54:48,8.03,0.0,6,4818,卖盘
682,13:56:10,8.05,0.02,1,805,买盘
683,13:56:34,8.03,-0.02,1,803,卖盘
684,13:56:37,8.03,0.0,6,4818,卖盘
685,13:57:25,8.03,0.0,1,803,卖盘
686,13:57:46,8.03,0.0,3,2409,卖盘
687,13:57:58,8.05,0.02,2,1608,买盘
688,13:58:04,8.03,-0.02,5,4015,买盘
689,13:58:34,8.03,0.0,6,4818,卖盘
690,13:59:04,8.04,0.01,26,20904,买盘
691,13:59:19,8.03,-0.01,1,803,卖盘
692,14:00:39,8.04,0.01,14,11256,买盘
693,14:01:22,8.05,0.01,1,805,买盘
694,14:05:46,8.04,-0.01,5,4020,卖盘
695,14:05:55,8.05,0.01,1,805,买盘
696,14:06:25,8.04,-0.01,2,1608,卖盘
697,14:06:28,8.05,0.01,1,805,买盘
698,14:06:46,8.04,-0.01,20,16080,卖盘
699,14:07:10,8.08,0.04,274,221208,买盘
700,14:08:16,8.08,0.0,10,8080,买盘
701,14:08:46,8.07,-0.01,2,1614,买盘
702,14:09:13,8.07,0.0,3,2421,买盘
703,14:09:21,8.06,-0.01,5,4030,卖盘
704,14:09:28,8.06,0.0,10,8060,买盘
705,14:10:28,8.07,0.01,2,1614,买盘
706,14:10:37,8.06,-0.01,1,806,卖盘
707,14:11:19,8.07,0.01,1,807,买盘
708,14:11:40,8.08,0.01,191,154287,买盘
709,14:11:46,8.09,0.01,5,4045,买盘
710,14:12:07,8.09,0.0,10,8090,买盘
711,14:12:25,8.09,0.0,50,40450,买盘
712,14:12:40,8.08,-0.01,4,3232,卖盘
713,14:12:48,8.09,0.01,3,2427,买盘
714,14:13:09,8.09,0.0,49,39641,买盘
715,14:13:28,8.09,0.0,34,27506,卖盘
716,14:13:31,8.09,0.0,16,12944,买盘
717,14:13:43,8.09,0.0,1,809,买盘
718,14:13:49,8.09,0.0,53,42877,买盘
719,14:13:52,8.08,-0.01,7,5656,卖盘
720,14:13:54,8.08,0.0,15,12120,卖盘
721,14:14:07,8.09,0.01,75,60675,买盘
722,14:14:49,8.08,-0.01,20,16160,卖盘
723,14:14:55,8.08,0.0,17,13736,卖盘
724,14:15:01,8.08,0.0,40,32320,卖盘
725,14:15:10,8.09,0.01,98,79260,买盘
726,14:15:22,8.08,-0.01,55,44440,卖盘
727,14:15:28,8.08,0.0,2,1616,买盘
728,14:15:55,8.07,-0.01,7,5649,买盘
729,14:16:07,8.08,0.01,43,34744,买盘
730,14:16:10,8.09,0.01,223,180407,买盘
731,14:16:28,8.11,0.02,200,162092,买盘
732,14:16:49,8.13,0.02,166,134822,买盘
733,14:16:58,8.14,0.01,20,16280,买盘
734,14:17:01,8.13,-0.01,2,1626,卖盘
735,14:17:07,8.13,0.0,10,8130,卖盘
736,14:17:10,8.14,0.01,25,20350,买盘
737,14:17:13,8.13,-0.01,77,62652,卖盘
738,14:17:18,8.14,0.01,20,16280,买盘
739,14:17:22,8.14,0.0,2,1628,买盘
740,14:17:24,8.14,0.0,30,24420,买盘
741,14:17:55,8.1,-0.04,2,1620,卖盘
742,14:18:01,8.1,0.0,1,810,卖盘
743,14:18:06,8.1,0.0,1,810,卖盘
744,14:18:09,8.11,0.01,6,4865,买盘
745,14:18:16,8.11,0.0,4,3244,卖盘
746,14:18:19,8.11,0.0,9,7299,卖盘
747,14:18:21,8.11,0.0,6,4866,卖盘
748,14:18:25,8.11,0.0,8,6488,卖盘
749,14:18:28,8.11,0.0,9,7299,卖盘
750,14:18:31,8.11,0.0,54,43794,卖盘
751,14:18:34,8.1,-0.01,9,7290,卖盘
752,14:18:37,8.1,0.0,2,1620,卖盘
753,14:18:39,8.1,0.0,3,2430,卖盘
754,14:18:43,8.1,0.0,3,2430,卖盘
755,14:18:46,8.1,0.0,3,2430,卖盘
756,14:18:49,8.1,0.0,3,2430,卖盘
757,14:18:52,8.1,0.0,70,56700,卖盘
758,14:19:07,8.1,0.0,76,61560,买盘
759,14:19:49,8.1,0.0,1,810,买盘
760,14:20:13,8.1,0.0,15,12150,买盘
761,14:20:34,8.1,0.0,6,4860,卖盘
762,14:21:10,8.11,0.01,34,27574,买盘
763,14:21:19,8.11,0.0,3,2433,卖盘
764,14:21:31,8.11,0.0,1,811,卖盘
765,14:21:37,8.11,0.0,1,811,卖盘
766,14:21:43,8.11,0.0,36,29196,卖盘
767,14:22:04,8.1,-0.01,2,1620,卖盘
768,14:22:13,8.11,0.01,29,23514,买盘
769,14:22:19,8.11,0.0,47,38117,卖盘
770,14:23:13,8.11,0.0,76,61636,买盘
771,14:23:34,8.1,-0.01,1,810,卖盘
772,14:24:04,8.09,-0.01,4,3236,卖盘
773,14:24:10,8.09,0.0,6,4854,买盘
774,14:24:12,8.1,0.01,20,16190,买盘
775,14:24:27,8.1,0.0,55,44550,卖盘
776,14:24:46,8.1,0.0,1,810,买盘
777,14:25:10,8.1,0.0,46,37260,买盘
778,14:25:19,8.1,0.0,3,2430,卖盘
779,14:25:22,8.1,0.0,13,10530,卖盘
780,14:25:24,8.1,0.0,4,3240,卖盘
781,14:25:46,8.1,0.0,10,8100,卖盘
782,14:26:13,8.1,0.0,66,53460,买盘
783,14:26:16,8.1,0.0,10,8100,卖盘
784,14:26:40,8.1,0.0,75,60750,买盘
785,14:26:46,8.09,-0.01,1,809,卖盘
786,14:27:13,8.09,0.0,19,15371,买盘
787,14:27:57,8.09,0.0,48,38832,卖盘
788,14:28:13,8.1,0.01,75,60750,买盘
789,14:29:13,8.1,0.0,76,61560,买盘
790,14:29:19,8.1,0.0,2,1620,买盘
791,14:29:27,8.1,0.0,1,810,买盘
792,14:30:16,8.1,0.0,76,61560,买盘
793,14:30:28,8.09,-0.01,14,11326,卖盘
794,14:31:16,8.09,0.0,46,37214,买盘
795,14:32:07,8.1,0.01,3,2430,买盘
796,14:32:16,8.1,0.0,76,61560,买盘
797,14:32:22,8.1,0.0,51,41310,买盘
798,14:32:25,8.1,0.0,1,810,卖盘
799,14:32:31,8.1,0.0,1,810,卖盘
800,14:32:42,8.1,0.0,23,18630,卖盘
801,14:32:49,8.1,0.0,1,810,买盘
802,14:32:51,8.1,0.0,11,8910,买盘
803,14:32:58,8.1,0.0,7,5670,卖盘
804,14:33:06,8.11,0.01,100,81100,买盘
805,14:33:19,8.11,0.0,5,4055,买盘
806,14:33:31,8.11,0.0,65,52715,卖盘
807,14:33:58,8.1,-0.01,33,26730,卖盘
808,14:34:25,8.1,0.0,5,4050,买盘
809,14:34:43,8.09,-0.01,10,8090,卖盘
810,14:34:46,8.09,0.0,2,1618,买盘
811,14:34:49,8.08,-0.01,68,54964,卖盘
812,14:35:24,8.1,0.02,8,6480,买盘
813,14:36:07,8.1,0.0,13,10530,买盘
814,14:36:10,8.1,0.0,49,39690,卖盘
815,14:36:43,8.08,-0.02,66,53328,卖盘
816,14:36:46,8.08,0.0,1,808,卖盘
817,14:36:49,8.08,0.0,3,2424,卖盘
818,14:36:52,8.08,0.0,19,15352,卖盘
819,14:37:01,8.08,0.0,1,808,买盘
820,14:37:46,8.08,0.0,1,808,买盘
821,14:38:04,8.07,-0.01,39,31504,卖盘
822,14:38:28,8.08,0.01,4,3232,卖盘
823,14:38:31,8.08,0.0,5,4040,卖盘
824,14:38:52,8.09,0.01,35,28315,买盘
825,14:38:58,8.09,0.0,27,21843,卖盘
826,14:39:00,8.09,0.0,51,41259,卖盘
827,14:39:04,8.09,0.0,3,2427,卖盘
828,14:39:07,8.09,0.0,1,809,卖盘
829,14:39:10,8.09,0.0,4,3236,卖盘
830,14:39:13,8.09,0.0,3,2427,卖盘
831,14:39:18,8.09,0.0,4,3236,卖盘
832,14:39:34,8.09,0.0,15,12135,卖盘
833,14:39:49,8.09,0.0,11,8899,卖盘
834,14:40:07,8.09,0.0,5,4045,卖盘
835,14:40:31,8.09,0.0,6,4854,卖盘
836,14:40:37,8.09,0.0,37,29933,卖盘
837,14:40:55,8.1,0.01,15,12145,买盘
838,14:40:58,8.08,-0.02,3,2424,卖盘
839,14:41:25,8.07,-0.01,7,5649,卖盘
840,14:41:51,8.07,0.0,18,14526,卖盘
841,14:41:58,8.07,0.0,20,16140,买盘
842,14:42:25,8.07,0.0,1,807,买盘
843,14:42:33,8.07,0.0,10,8070,买盘
844,14:43:55,8.07,0.0,16,12906,买盘
845,14:44:07,8.06,-0.01,20,16120,卖盘
846,14:44:25,8.06,0.0,71,57226,卖盘
847,14:44:31,8.06,0.0,3,2418,卖盘
848,14:45:16,8.07,0.01,4,3228,买盘
849,14:45:22,8.07,0.0,1,807,买盘
850,14:45:25,8.07,0.0,31,25017,买盘
851,14:45:27,8.07,0.0,39,31473,买盘
852,14:45:43,8.09,0.02,7,5663,买盘
853,14:45:49,8.09,0.0,7,5663,卖盘
854,14:46:25,8.09,0.0,1,809,卖盘
855,14:46:31,8.1,0.01,61,49410,买盘
856,14:46:34,8.09,-0.01,59,47731,卖盘
857,14:46:37,8.08,-0.01,1,808,卖盘
858,14:46:43,8.09,0.01,2,1618,买盘
859,14:47:07,8.09,0.0,45,36405,买盘
860,14:47:19,8.08,-0.01,35,28280,卖盘
861,14:47:24,8.08,0.0,1,808,买盘
862,14:47:34,8.08,0.0,32,25856,买盘
863,14:48:19,8.08,0.0,10,8080,卖盘
864,14:48:22,8.08,0.0,30,24240,卖盘
865,14:48:37,8.09,0.01,62,50158,买盘
866,14:48:40,8.09,0.0,33,26697,买盘
867,14:48:43,8.09,0.0,28,22652,买盘
868,14:49:40,8.09,0.0,10,8090,卖盘
869,14:49:46,8.09,0.0,5,4045,买盘
870,14:49:52,8.09,0.0,1,809,买盘
871,14:49:58,8.08,-0.01,20,16160,卖盘
872,14:50:16,8.08,0.0,1,808,买盘
873,14:50:25,8.08,0.0,7,5656,买盘
874,14:51:13,8.08,0.0,80,64640,买盘
875,14:51:19,8.08,0.0,32,25856,买盘
876,14:51:25,8.09,0.01,5,4045,买盘
877,14:51:28,8.08,-0.01,3,2426,中性盘
878,14:51:31,8.09,0.01,10,8090,买盘
879,14:53:01,8.09,0.0,4,3236,买盘
880,14:53:22,8.09,0.0,5,4045,卖盘
881,14:53:31,8.09,0.0,1,809,卖盘
882,14:53:37,8.08,-0.01,2,1616,卖盘
883,14:53:52,8.08,0.0,6,4848,卖盘
884,14:53:55,8.07,-0.01,1,807,卖盘
885,14:54:16,8.07,0.0,26,20982,卖盘
886,14:54:43,8.08,0.01,4,3232,买盘
887,14:55:01,8.09,0.01,1,809,买盘
888,14:55:04,8.09,0.0,1,914,买盘
889,14:55:07,8.08,-0.01,4,3232,卖盘
890,14:55:19,8.09,0.01,17,13753,买盘
891,14:55:25,8.13,0.04,401,325581,买盘
892,14:55:28,8.13,0.0,8,6504,卖盘
893,14:55:31,8.14,0.01,111,90354,买盘
894,14:55:34,8.14,0.0,18,14652,买盘
895,14:55:37,8.13,-0.01,206,167481,卖盘
896,14:55:40,8.14,0.01,20,16280,买盘
897,14:55:58,8.13,-0.01,12,9756,卖盘
898,14:56:13,8.13,0.0,5,4065,买盘
899,14:56:22,8.13,0.0,92,74793,买盘
900,14:56:28,8.13,0.0,2,1626,卖盘
901,14:56:31,8.14,0.01,12,9768,买盘
902,14:56:34,8.13,-0.01,5,4065,卖盘
903,14:56:40,8.13,0.0,21,17073,卖盘
904,14:56:43,8.13,0.0,20,16260,卖盘
905,14:56:46,8.13,0.0,14,11382,卖盘
906,14:56:49,8.13,0.0,4,3252,卖盘
907,14:56:52,8.13,0.0,3,2439,卖盘
908,14:56:55,8.13,0.0,13,10569,卖盘
909,14:56:58,8.13,0.0,3,2439,卖盘
910,14:57:01,8.13,0.0,42,34146,卖盘
911,15:00:04,8.12,-0.01,107,86884,卖盘
