,time,price,change,volume,amount,type
0,09:25:04,25.32,-0.02,8,20256,卖盘
1,09:30:04,25.34,0.02,1,2534,买盘
2,09:30:07,25.34,0.0,15,38011,卖盘
3,09:30:25,25.38,0.04,1,2538,买盘
4,09:30:34,25.38,0.0,4,10152,买盘
5,09:30:40,25.39,0.01,4,10156,买盘
6,09:30:46,25.45,0.06,2,5090,买盘
7,09:30:52,25.45,0.0,8,20360,买盘
8,09:30:58,25.47,0.02,1,2547,买盘
9,09:31:01,25.47,0.0,6,15282,买盘
10,09:31:04,25.6,0.13,13,33187,买盘
11,09:31:13,25.6,0.0,1,2560,买盘
12,09:31:16,25.6,0.0,50,127436,买盘
13,09:31:19,25.49,-0.11,9,22941,卖盘
14,09:31:25,25.58,0.09,10,25580,买盘
15,09:31:31,25.69,0.11,3,7707,买盘
16,09:31:34,25.69,0.0,6,15414,买盘
17,09:31:40,25.69,0.0,5,12845,买盘
18,09:31:46,25.69,0.0,22,56507,买盘
19,09:31:49,25.69,0.0,28,71932,买盘
20,09:31:52,25.69,0.0,8,20552,买盘
21,09:31:55,25.67,-0.02,1,2567,买盘
22,09:32:01,25.68,0.01,11,28251,中性盘
23,09:32:07,25.68,0.0,1,2568,卖盘
24,09:32:10,25.7,0.02,19,48829,买盘
25,09:32:13,25.7,0.0,5,12850,卖盘
26,09:32:16,25.74,0.04,14,36037,买盘
27,09:32:19,25.74,0.0,14,36036,买盘
28,09:32:22,25.75,0.01,2,5150,买盘
29,09:32:25,25.75,0.0,8,20600,买盘
30,09:32:28,25.75,0.0,5,12875,卖盘
31,09:32:31,25.8,0.05,2,5160,买盘
32,09:32:34,25.8,0.0,13,33540,买盘
33,09:32:37,25.83,0.03,2,5166,买盘
34,09:32:40,25.84,0.01,3,7750,买盘
35,09:32:43,25.84,0.0,1,2584,买盘
36,09:32:46,25.84,0.0,58,149550,买盘
37,09:32:49,25.84,0.0,1,2584,买盘
38,09:32:52,25.88,0.04,6,15528,买盘
39,09:32:55,25.88,0.0,1,2588,买盘
40,09:33:01,25.85,-0.03,27,69853,卖盘
41,09:33:05,25.88,0.03,14,36239,中性盘
42,09:33:07,25.89,0.01,36,93215,中性盘
43,09:33:10,25.89,0.0,10,25890,卖盘
44,09:33:13,25.85,-0.04,32,82790,卖盘
45,09:33:16,25.88,0.03,6,15516,中性盘
46,09:33:19,25.88,0.0,24,62061,买盘
47,09:33:22,25.88,0.0,18,46547,买盘
48,09:33:25,25.87,-0.01,9,23276,中性盘
49,09:33:28,25.88,0.01,7,18111,买盘
50,09:33:31,25.86,-0.02,16,41390,卖盘
51,09:33:34,25.87,0.01,2,5174,卖盘
52,09:33:37,25.87,0.0,8,20696,卖盘
53,09:33:40,25.86,-0.01,22,56893,卖盘
54,09:33:43,25.86,0.0,10,25860,卖盘
55,09:33:46,25.84,-0.02,10,25854,卖盘
56,09:33:52,25.85,0.01,7,18083,中性盘
57,09:33:58,25.85,0.0,8,20680,买盘
58,09:34:01,25.85,0.0,4,10340,买盘
59,09:34:10,25.83,-0.02,2,5166,卖盘
60,09:34:13,25.83,0.0,7,18081,卖盘
61,09:34:16,25.83,0.0,16,41308,卖盘
62,09:34:19,25.8,-0.03,9,23225,卖盘
63,09:34:22,25.81,0.01,6,15481,买盘
64,09:34:25,25.78,-0.03,1,2578,卖盘
65,09:34:40,25.75,-0.03,4,10303,卖盘
66,09:34:43,25.75,0.0,1,2575,卖盘
67,09:34:52,25.76,0.01,17,43792,卖盘
68,09:34:55,25.75,-0.01,10,25750,卖盘
69,09:34:58,25.78,0.03,11,28358,买盘
70,09:35:05,25.76,-0.02,26,67018,卖盘
71,09:35:07,25.78,0.02,1,2578,买盘
72,09:35:10,25.81,0.03,4,10324,买盘
73,09:35:13,25.78,-0.03,8,20624,卖盘
74,09:35:16,25.81,0.03,2,5159,买盘
75,09:35:19,25.78,-0.03,13,33532,卖盘
76,09:35:28,25.82,0.04,7,18075,中性盘
77,09:35:31,25.85,0.03,55,142109,买盘
78,09:35:34,25.85,0.0,12,31005,买盘
79,09:35:37,25.85,0.0,4,10340,买盘
80,09:35:40,25.86,0.01,11,28444,买盘
81,09:35:46,25.84,-0.02,22,56884,卖盘
82,09:35:49,25.86,0.02,10,25860,买盘
83,09:35:52,25.86,0.0,14,36204,买盘
84,09:35:55,25.86,0.0,4,10343,买盘
85,09:35:58,25.9,0.04,43,111275,买盘
86,09:36:01,25.88,-0.02,11,28478,中性盘
87,09:36:04,25.93,0.05,5,12943,买盘
88,09:36:07,25.93,0.0,2,5186,买盘
89,09:36:13,25.93,0.0,2,5187,卖盘
90,09:36:16,25.87,-0.06,40,103557,卖盘
91,09:36:22,25.87,0.0,2,5174,买盘
92,09:36:25,25.87,0.0,19,49141,买盘
93,09:36:28,25.85,-0.02,13,33616,卖盘
94,09:36:31,25.85,0.0,6,15510,买盘
95,09:36:34,25.86,0.01,1,2586,买盘
96,09:36:37,25.85,-0.01,3,7755,卖盘
97,09:36:40,25.85,0.0,63,162904,卖盘
98,09:36:43,25.85,0.0,5,12925,卖盘
99,09:36:46,25.85,0.0,33,85313,买盘
100,09:36:49,25.85,0.0,3,7755,卖盘
101,09:36:52,25.85,0.0,20,51700,买盘
102,09:36:55,25.85,0.0,4,10340,买盘
103,09:36:58,25.85,0.0,5,12925,买盘
104,09:37:01,25.84,-0.01,14,36176,卖盘
105,09:37:04,25.84,0.0,15,38762,卖盘
106,09:37:07,25.85,0.01,7,18092,买盘
107,09:37:10,25.81,-0.04,1,2581,卖盘
108,09:37:13,25.81,0.0,1,2581,卖盘
109,09:37:16,25.82,0.01,1,2582,中性盘
110,09:37:19,25.82,0.0,3,7746,卖盘
111,09:37:22,25.82,0.0,5,12910,卖盘
112,09:37:25,25.83,0.01,20,51660,买盘
113,09:37:28,25.81,-0.02,25,64537,卖盘
114,09:37:31,25.81,0.0,14,36141,卖盘
115,09:37:34,25.82,0.01,5,12910,买盘
116,09:37:37,25.82,0.0,1,2582,买盘
117,09:37:40,25.81,-0.01,11,28391,卖盘
118,09:37:43,25.81,0.0,21,54201,卖盘
119,09:37:46,25.77,-0.04,23,59337,卖盘
120,09:37:55,25.8,0.03,1,2580,买盘
121,09:38:01,25.77,-0.03,5,12885,卖盘
122,09:38:04,25.78,0.01,17,43813,中性盘
123,09:38:10,25.78,0.0,11,28358,卖盘
124,09:38:13,25.79,0.01,1,2579,买盘
125,09:38:19,25.79,0.0,14,36096,买盘
126,09:38:31,25.79,0.0,16,41270,卖盘
127,09:38:34,25.8,0.01,1,2580,买盘
128,09:38:40,25.8,0.0,27,69660,卖盘
129,09:38:43,25.8,0.0,1,2580,卖盘
130,09:38:46,25.8,0.0,7,18060,买盘
131,09:38:49,25.79,-0.01,2,5158,卖盘
132,09:38:52,25.79,0.0,1,2579,卖盘
133,09:38:55,25.79,0.0,19,49001,卖盘
134,09:38:58,25.8,0.01,16,41278,买盘
135,09:39:01,25.79,-0.01,14,36104,卖盘
136,09:39:04,25.77,-0.02,1,2577,卖盘
137,09:39:10,25.77,0.0,1,2577,卖盘
138,09:39:13,25.78,0.01,6,15468,买盘
139,09:39:19,25.79,0.01,1,2579,买盘
140,09:39:25,25.77,-0.02,2,5154,卖盘
141,09:39:34,25.77,0.0,5,12888,卖盘
142,09:39:40,25.78,0.01,19,48954,中性盘
143,09:39:43,25.78,0.0,6,15468,买盘
144,09:40:01,25.78,0.0,5,12890,买盘
145,09:40:04,25.77,-0.01,2,5154,卖盘
146,09:40:07,25.77,0.0,1,2577,买盘
147,09:40:10,25.77,0.0,1,2577,买盘
148,09:40:13,25.69,-0.08,12,30890,卖盘
149,09:40:16,25.77,0.08,6,15462,买盘
150,09:40:19,25.75,-0.02,2,5151,卖盘
151,09:40:25,25.73,-0.02,2,5146,中性盘
152,09:40:28,25.75,0.02,1,2575,买盘
153,09:40:34,25.75,0.0,2,5150,买盘
154,09:40:43,25.75,0.0,2,5150,卖盘
155,09:40:46,25.72,-0.03,34,87568,卖盘
156,09:41:04,25.75,0.03,6,15452,卖盘
157,09:41:10,25.73,-0.02,8,20584,买盘
158,09:41:13,25.68,-0.05,16,41129,卖盘
159,09:41:25,25.75,0.07,4,10300,买盘
160,09:41:31,25.73,-0.02,4,10292,卖盘
161,09:41:55,25.73,0.0,5,12865,卖盘
162,09:41:58,25.75,0.02,2,5150,买盘
163,09:42:07,25.75,0.0,1,2575,买盘
164,09:42:10,25.73,-0.02,5,12865,卖盘
165,09:42:13,25.68,-0.05,11,28269,卖盘
166,09:42:16,25.68,0.0,2,5136,买盘
167,09:42:25,25.72,0.04,2,5144,买盘
168,09:42:37,25.77,0.05,1,2577,买盘
169,09:42:46,25.77,0.0,7,18039,卖盘
170,09:42:49,25.77,0.0,2,5154,买盘
171,09:42:55,25.78,0.01,5,12890,买盘
172,09:43:01,25.77,-0.01,16,41238,中性盘
173,09:43:04,25.75,-0.02,2,5150,买盘
174,09:43:10,25.72,-0.03,15,38580,卖盘
175,09:43:13,25.72,0.0,5,12860,买盘
176,09:43:16,25.69,-0.03,13,33421,卖盘
177,09:43:22,25.72,0.03,3,7716,卖盘
178,09:43:31,25.75,0.03,2,5150,买盘
179,09:43:34,25.75,0.0,1,2575,买盘
180,09:43:46,25.75,0.0,15,38625,买盘
181,09:43:52,25.77,0.02,7,18039,买盘
182,09:43:55,25.79,0.02,10,25781,买盘
183,09:43:58,25.79,0.0,2,5158,买盘
184,09:44:01,25.76,-0.03,32,82480,卖盘
185,09:44:07,25.79,0.03,11,28369,买盘
186,09:44:13,25.8,0.01,10,25793,买盘
187,09:44:16,25.77,-0.03,12,30933,卖盘
188,09:44:25,25.82,0.05,98,253002,买盘
189,09:44:28,25.85,0.03,3,7755,买盘
190,09:44:31,25.82,-0.03,5,12916,卖盘
191,09:44:40,25.85,0.03,6,15510,买盘
192,09:44:49,25.85,0.0,16,41360,买盘
193,09:44:52,25.85,0.0,10,25850,卖盘
194,09:44:55,25.86,0.01,8,20688,买盘
195,09:45:07,25.88,0.02,10,25880,买盘
196,09:45:10,25.87,-0.01,5,12938,卖盘
197,09:45:13,25.88,0.01,5,12940,买盘
198,09:45:16,25.87,-0.01,12,31055,卖盘
199,09:45:19,25.87,0.0,9,23287,卖盘
200,09:45:22,25.86,-0.01,10,25860,卖盘
201,09:45:25,25.86,0.0,6,15516,卖盘
202,09:45:28,25.86,0.0,6,15516,卖盘
203,09:45:31,25.87,0.01,5,12935,买盘
204,09:45:34,25.86,-0.01,10,25867,卖盘
205,09:45:37,25.85,-0.01,12,31034,卖盘
206,09:45:46,25.85,0.0,2,5170,买盘
207,09:45:49,25.83,-0.02,4,10332,卖盘
208,09:46:01,25.82,-0.01,2,5164,卖盘
209,09:46:04,25.83,0.01,4,10332,买盘
210,09:46:07,25.83,0.0,2,5166,买盘
211,09:46:10,25.83,0.0,2,5166,卖盘
212,09:46:16,25.78,-0.05,5,12892,卖盘
213,09:46:31,25.78,0.0,8,20624,买盘
214,09:46:34,25.77,-0.01,1,2577,卖盘
215,09:46:43,25.77,0.0,8,20616,卖盘
216,09:46:46,25.77,0.0,1,2577,买盘
217,09:46:52,25.77,0.0,3,7731,买盘
218,09:46:55,25.76,-0.01,3,7728,卖盘
219,09:47:04,25.76,0.0,2,5152,买盘
220,09:47:16,25.74,-0.02,9,23166,卖盘
221,09:47:28,25.76,0.02,37,95312,买盘
222,09:47:31,25.72,-0.04,8,20594,卖盘
223,09:47:37,25.78,0.06,9,23202,买盘
224,09:48:01,25.82,0.04,5,12910,买盘
225,09:48:04,25.82,0.0,2,5164,卖盘
226,09:48:16,25.79,-0.03,13,33542,卖盘
227,09:48:28,25.85,0.06,2,5170,买盘
228,09:48:52,25.85,0.0,2,5170,买盘
229,09:49:16,25.8,-0.05,10,25823,卖盘
230,09:49:22,25.85,0.05,20,51700,买盘
231,09:49:25,25.8,-0.05,15,38715,卖盘
232,09:49:55,25.85,0.05,3,7755,买盘
233,09:49:58,25.82,-0.03,10,25826,卖盘
234,09:50:01,25.84,0.02,1,2584,中性盘
235,09:50:07,25.84,0.0,9,23256,买盘
236,09:50:19,25.83,-0.01,13,33584,卖盘
237,09:50:22,25.85,0.02,11,28435,买盘
238,09:50:25,25.85,0.0,4,10340,买盘
239,09:50:28,25.86,0.01,10,25855,买盘
240,09:50:31,25.86,0.0,7,18099,买盘
241,09:50:34,25.86,0.0,2,5172,买盘
242,09:50:37,25.86,0.0,9,23274,买盘
243,09:50:40,25.86,0.0,4,10344,买盘
244,09:50:43,25.87,0.01,1,2587,买盘
245,09:50:46,25.87,0.0,17,43979,买盘
246,09:50:49,25.86,-0.01,26,67242,卖盘
247,09:50:52,25.87,0.01,1,2587,买盘
248,09:50:58,25.88,0.01,10,25880,买盘
249,09:51:01,25.89,0.01,6,15534,买盘
250,09:51:07,25.9,0.01,4,10360,买盘
251,09:51:10,25.9,0.0,15,38850,买盘
252,09:51:16,25.89,-0.01,45,116587,卖盘
253,09:51:19,25.89,0.0,24,62197,卖盘
254,09:51:22,25.95,0.06,8,20760,买盘
255,09:51:28,25.94,-0.01,4,10376,卖盘
256,09:51:31,25.94,0.0,3,7782,买盘
257,09:51:40,25.94,0.0,15,38910,买盘
258,09:51:43,25.95,0.01,16,41505,买盘
259,09:51:49,25.95,0.0,21,54495,买盘
260,09:51:52,25.94,-0.01,26,67444,卖盘
261,09:51:58,25.95,0.01,9,23347,买盘
262,09:52:04,25.95,0.0,14,36330,卖盘
263,09:52:07,25.97,0.02,21,54521,买盘
264,09:52:10,25.95,-0.02,36,93420,卖盘
265,09:52:13,25.97,0.02,63,163585,买盘
266,09:52:16,25.95,-0.02,18,46727,卖盘
267,09:52:28,25.93,-0.02,4,10372,卖盘
268,09:52:31,25.95,0.02,19,49305,买盘
269,09:52:34,25.95,0.0,33,85635,买盘
270,09:52:37,25.93,-0.02,2,5186,卖盘
271,09:52:40,25.93,0.0,1,2593,买盘
272,09:52:46,25.93,0.0,7,18151,买盘
273,09:53:10,25.93,0.0,25,64825,买盘
274,09:53:16,25.95,0.02,59,152851,买盘
275,09:53:19,25.88,-0.07,5,12944,卖盘
276,09:53:34,25.9,0.02,27,69920,买盘
277,09:53:37,25.9,0.0,4,10360,买盘
278,09:54:01,25.89,-0.01,1,2589,卖盘
279,09:54:19,25.88,-0.01,12,31058,卖盘
280,09:54:22,25.88,0.0,1,2588,卖盘
281,09:54:34,25.88,0.0,2,5176,卖盘
282,09:54:37,25.87,-0.01,2,5174,卖盘
283,09:54:49,25.86,-0.01,1,2586,卖盘
284,09:55:07,25.86,0.0,3,7758,卖盘
285,09:55:16,25.88,0.02,2,5176,买盘
286,09:55:19,25.82,-0.06,5,12916,卖盘
287,09:55:31,25.82,0.0,8,20656,买盘
288,09:55:55,25.85,0.03,5,12925,卖盘
289,09:56:01,25.83,-0.02,5,12915,买盘
290,09:56:10,25.88,0.05,2,5176,买盘
291,09:56:16,25.85,-0.03,1,2585,卖盘
292,09:56:19,25.89,0.04,7,18123,买盘
293,09:56:22,25.82,-0.07,12,31017,卖盘
294,09:56:37,25.88,0.06,16,41408,买盘
295,09:56:40,25.86,-0.02,40,103440,买盘
296,09:56:43,25.88,0.02,6,15528,买盘
297,09:56:46,25.88,0.0,6,15528,买盘
298,09:56:48,25.88,0.0,1,2588,卖盘
299,09:56:52,25.89,0.01,1,2589,买盘
300,09:56:54,25.89,0.0,1,2589,买盘
301,09:57:01,25.88,-0.01,12,31056,卖盘
302,09:57:07,25.88,0.0,2,5176,买盘
303,09:57:10,25.88,0.0,6,15528,买盘
304,09:57:16,25.89,0.01,1,2589,买盘
305,09:57:22,25.87,-0.02,12,31046,卖盘
306,09:57:27,25.89,0.02,7,18122,买盘
307,09:57:37,25.87,-0.02,5,12935,卖盘
308,09:57:46,25.85,-0.02,14,36190,卖盘
309,09:57:52,25.87,0.02,5,12931,买盘
310,09:57:55,25.84,-0.03,3,7752,卖盘
311,09:57:58,25.83,-0.01,4,10332,卖盘
312,09:58:25,25.82,-0.01,12,30986,卖盘
313,09:58:27,25.84,0.02,9,23256,买盘
314,09:58:34,25.83,-0.01,3,7749,卖盘
315,09:58:40,25.84,0.01,23,59402,买盘
316,09:58:55,25.86,0.02,3,7758,买盘
317,09:59:04,25.84,-0.02,31,80132,卖盘
318,09:59:28,25.84,0.0,13,33592,卖盘
319,09:59:31,25.84,0.0,4,10336,卖盘
320,09:59:52,25.87,0.03,1,2587,买盘
321,10:00:13,25.84,-0.03,27,69768,卖盘
322,10:00:16,25.84,0.0,37,95608,买盘
323,10:00:25,25.8,-0.04,13,33546,卖盘
324,10:00:27,25.84,0.04,1,2584,买盘
325,10:00:40,25.8,-0.04,3,7740,卖盘
326,10:01:07,25.79,-0.01,1,2579,卖盘
327,10:01:16,25.79,0.0,22,56738,卖盘
328,10:01:19,25.79,0.0,2,5158,卖盘
329,10:01:22,25.78,-0.01,2,5156,卖盘
330,10:01:28,25.77,-0.01,10,25778,卖盘
331,10:02:19,25.77,0.0,9,23193,卖盘
332,10:02:28,25.75,-0.02,15,38635,卖盘
333,10:02:42,25.75,0.0,5,12875,卖盘
334,10:02:58,25.77,0.02,4,10308,买盘
335,10:03:12,25.76,-0.01,2,5152,买盘
336,10:03:18,25.76,0.0,2,5152,买盘
337,10:03:34,25.75,-0.01,14,36057,卖盘
338,10:03:55,25.77,0.02,2,5152,买盘
339,10:04:13,25.77,0.0,1,2577,买盘
340,10:04:31,25.77,0.0,1,2577,买盘
341,10:04:34,25.71,-0.06,13,33446,卖盘
342,10:04:52,25.77,0.06,6,15462,买盘
343,10:04:55,25.77,0.0,10,25770,买盘
344,10:05:34,25.79,0.02,12,30948,卖盘
345,10:05:46,25.8,0.01,11,28380,买盘
346,10:06:13,25.8,0.0,12,30950,买盘
347,10:06:19,25.8,0.0,2,5160,买盘
348,10:06:25,25.8,0.0,2,5160,买盘
349,10:06:30,25.8,0.0,1,2580,买盘
350,10:06:34,25.77,-0.03,14,36102,卖盘
351,10:06:37,25.8,0.03,1,2580,买盘
352,10:06:55,25.8,0.0,4,10320,买盘
353,10:07:34,25.7,-0.1,10,25708,卖盘
354,10:08:19,25.71,0.01,3,7713,卖盘
355,10:08:34,25.7,-0.01,11,28279,卖盘
356,10:08:40,25.71,0.01,30,77115,中性盘
357,10:09:01,25.79,0.08,3,7737,买盘
358,10:09:04,25.72,-0.07,10,25731,卖盘
359,10:09:07,25.79,0.07,5,12895,买盘
360,10:09:34,25.75,-0.04,5,12875,买盘
361,10:09:37,25.74,-0.01,18,46340,卖盘
362,10:10:01,25.75,0.01,53,136525,卖盘
363,10:10:22,25.75,0.0,6,15450,买盘
364,10:10:28,25.74,-0.01,8,20592,卖盘
365,10:10:31,25.74,0.0,1,2574,买盘
366,10:10:34,25.74,0.0,12,30872,买盘
367,10:10:43,25.74,0.0,2,5148,卖盘
368,10:10:46,25.74,0.0,21,54014,买盘
369,10:11:16,25.74,0.0,3,7722,买盘
370,10:11:37,25.72,-0.02,11,28300,卖盘
371,10:12:22,25.74,0.02,31,79797,卖盘
372,10:12:28,25.74,0.0,4,10296,买盘
373,10:12:34,25.73,-0.01,13,33458,卖盘
374,10:12:37,25.75,0.02,1,2575,中性盘
375,10:12:40,25.75,0.0,1,2575,卖盘
376,10:12:43,25.71,-0.04,16,41154,卖盘
377,10:13:16,25.79,0.08,2,5158,买盘
378,10:13:34,25.71,-0.08,12,30869,卖盘
379,10:14:37,25.71,0.0,12,30855,卖盘
380,10:14:43,25.72,0.01,10,25720,买盘
381,10:14:52,25.78,0.06,1,2578,买盘
382,10:15:07,25.72,-0.06,13,33442,卖盘
383,10:15:22,25.78,0.06,1,2578,买盘
384,10:15:28,25.78,0.0,2,5156,卖盘
385,10:15:55,25.79,0.01,1,2579,买盘
386,10:16:05,25.72,-0.07,9,23190,卖盘
387,10:16:07,25.71,-0.01,11,28290,卖盘
388,10:16:12,25.71,0.0,2,5142,买盘
389,10:16:22,25.79,0.08,4,10316,买盘
390,10:17:04,25.79,0.0,2,5157,买盘
391,10:17:06,25.7,-0.09,11,28273,卖盘
392,10:17:52,25.75,0.05,1,2575,买盘
393,10:18:04,25.75,0.0,1,2575,买盘
394,10:18:07,25.72,-0.03,11,28296,卖盘
395,10:18:22,25.76,0.04,1,2576,卖盘
396,10:18:31,25.76,0.0,1,2576,卖盘
397,10:18:48,25.79,0.03,2,5158,买盘
398,10:19:06,25.72,-0.07,13,33471,卖盘
399,10:19:22,25.79,0.07,1,2579,买盘
400,10:19:58,25.79,0.0,12,30947,买盘
401,10:20:10,25.72,-0.07,10,25720,卖盘
402,10:20:16,25.72,0.0,2,5144,卖盘
403,10:21:10,25.72,0.0,13,33448,卖盘
404,10:21:22,25.78,0.06,1,2578,买盘
405,10:21:57,25.76,-0.02,6,15456,买盘
406,10:22:01,25.78,0.02,29,74762,买盘
407,10:22:07,25.79,0.01,3,7737,买盘
408,10:22:10,25.78,-0.01,10,25780,卖盘
409,10:22:13,25.79,0.01,22,56738,买盘
410,10:22:22,25.79,0.0,4,10316,买盘
411,10:22:28,25.79,0.0,7,18053,买盘
412,10:22:34,25.79,0.0,1,2579,买盘
413,10:22:36,25.79,0.0,1,2579,买盘
414,10:22:55,25.79,0.0,5,12895,买盘
415,10:23:01,25.78,-0.01,82,211398,卖盘
416,10:23:04,25.79,0.01,34,87686,买盘
417,10:23:09,25.78,-0.01,12,30936,卖盘
418,10:23:22,25.79,0.01,1,2579,买盘
419,10:23:34,25.76,-0.03,30,77288,卖盘
420,10:24:09,25.73,-0.03,11,28323,卖盘
421,10:24:25,25.78,0.05,5,12890,买盘
422,10:24:31,25.73,-0.05,1,2573,卖盘
423,10:24:37,25.79,0.06,2,5158,买盘
424,10:24:42,25.72,-0.07,20,51456,卖盘
425,10:24:45,25.79,0.07,2,5158,买盘
426,10:24:58,25.79,0.0,5,12895,卖盘
427,10:25:10,25.72,-0.07,14,36028,卖盘
428,10:25:25,25.79,0.07,5,12895,买盘
429,10:25:55,25.8,0.01,1,2580,买盘
430,10:25:58,25.8,0.0,4,10320,卖盘
431,10:26:01,25.71,-0.09,5,12858,卖盘
432,10:26:10,25.68,-0.03,11,28262,卖盘
433,10:26:22,25.85,0.17,3,7753,买盘
434,10:27:09,25.71,-0.14,10,25713,卖盘
435,10:27:16,25.7,-0.01,23,59116,卖盘
436,10:28:07,25.74,0.04,10,25740,买盘
437,10:28:10,25.72,-0.02,12,30883,卖盘
438,10:28:57,25.78,0.06,2,5156,买盘
439,10:29:07,25.73,-0.05,3,7719,卖盘
440,10:29:10,25.73,0.0,11,28303,卖盘
441,10:30:10,25.73,0.0,11,28303,卖盘
442,10:30:46,25.74,0.01,11,28314,卖盘
443,10:31:31,25.75,0.01,2,5150,卖盘
444,10:31:34,25.75,0.0,9,23175,卖盘
445,10:31:43,25.74,-0.01,11,28315,卖盘
446,10:31:55,25.73,-0.01,33,84925,卖盘
447,10:32:01,25.72,-0.01,1,2572,卖盘
448,10:32:16,25.71,-0.01,18,46281,卖盘
449,10:32:34,25.71,0.0,6,15426,买盘
450,10:32:40,25.71,0.0,1,2571,买盘
451,10:32:42,25.7,-0.01,43,110514,卖盘
452,10:32:52,25.72,0.02,1,2572,卖盘
453,10:33:10,25.73,0.01,3,7719,买盘
454,10:33:25,25.72,-0.01,4,10288,卖盘
455,10:33:27,25.73,0.01,11,28294,买盘
456,10:33:34,25.73,0.0,4,10292,买盘
457,10:33:43,25.73,0.0,11,28303,买盘
458,10:33:46,25.71,-0.02,13,33432,卖盘
459,10:33:49,25.73,0.02,9,23157,买盘
460,10:34:43,25.73,0.0,13,33452,卖盘
461,10:35:07,25.73,0.0,30,77190,卖盘
462,10:35:46,25.7,-0.03,10,25716,卖盘
463,10:36:27,25.71,0.01,5,12858,卖盘
464,10:36:43,25.71,0.0,1,2571,卖盘
465,10:36:46,25.7,-0.01,12,30840,卖盘
466,10:37:16,25.7,0.0,4,10280,卖盘
467,10:37:25,25.71,0.01,5,12855,买盘
468,10:37:49,25.7,-0.01,11,28270,卖盘
469,10:38:25,25.7,0.0,1,2570,中性盘
470,10:38:43,25.69,-0.01,11,28259,卖盘
471,10:39:07,25.69,0.0,3,7707,卖盘
472,10:39:15,25.69,0.0,2,5138,卖盘
473,10:39:22,25.69,0.0,2,5138,卖盘
474,10:39:36,25.68,-0.01,5,12840,卖盘
475,10:39:42,25.66,-0.02,13,33364,卖盘
476,10:39:48,25.66,0.0,2,5132,卖盘
477,10:40:46,25.63,-0.03,11,28216,卖盘
478,10:41:04,25.66,0.03,2,5132,卖盘
479,10:41:09,25.66,0.0,3,7698,买盘
480,10:41:16,25.66,0.0,1,2566,买盘
481,10:41:22,25.66,0.0,4,10264,买盘
482,10:41:25,25.66,0.0,1,2566,买盘
483,10:41:31,25.68,0.02,10,25680,买盘
484,10:41:34,25.7,0.02,1,2570,买盘
485,10:41:40,25.7,0.0,1,2570,买盘
486,10:41:46,25.66,-0.04,12,30813,卖盘
487,10:42:22,25.76,0.1,1,2576,买盘
488,10:42:28,25.7,-0.06,7,18005,卖盘
489,10:42:46,25.7,0.0,1,2570,卖盘
490,10:42:48,25.66,-0.04,10,25664,卖盘
491,10:42:55,25.7,0.04,1,2570,买盘
492,10:43:25,25.7,0.0,4,10280,买盘
493,10:43:46,25.66,-0.04,12,30797,卖盘
494,10:43:55,25.75,0.09,2,5150,买盘
495,10:44:04,25.65,-0.1,58,148832,卖盘
496,10:44:19,25.64,-0.01,1,2564,买盘
497,10:44:22,25.6,-0.04,48,122947,卖盘
498,10:44:25,25.6,0.0,3,7680,买盘
499,10:44:34,25.54,-0.06,4,10216,买盘
500,10:44:43,25.52,-0.02,19,48504,卖盘
501,10:44:46,25.51,-0.01,32,81632,卖盘
502,10:44:49,25.52,0.01,9,22966,买盘
503,10:44:55,25.52,0.0,4,10208,买盘
504,10:44:58,25.52,0.0,4,10208,买盘
505,10:45:01,25.52,0.0,3,7656,买盘
506,10:45:04,25.5,-0.02,9,22958,卖盘
507,10:45:07,25.5,0.0,34,86700,买盘
508,10:45:16,25.5,0.0,117,299625,买盘
509,10:45:25,25.6,0.1,1,2560,买盘
510,10:45:49,25.5,-0.1,13,33158,卖盘
511,10:45:52,25.6,0.1,5,12800,买盘
512,10:46:28,25.59,-0.01,5,12795,买盘
513,10:46:31,25.56,-0.03,2,5112,卖盘
514,10:46:46,25.54,-0.02,11,28106,卖盘
515,10:47:01,25.59,0.05,1,2559,买盘
516,10:47:04,25.59,0.0,11,28149,买盘
517,10:47:07,25.59,0.0,3,7677,买盘
518,10:47:16,25.6,0.01,3,7680,买盘
519,10:47:46,25.56,-0.04,14,35809,卖盘
520,10:47:55,25.6,0.04,21,53760,买盘
521,10:48:01,25.58,-0.02,21,53748,卖盘
522,10:48:31,25.65,0.07,1,2565,买盘
523,10:48:46,25.55,-0.1,12,30674,卖盘
524,10:49:49,25.57,0.02,10,25579,卖盘
525,10:50:10,25.57,0.0,1,2557,卖盘
526,10:50:13,25.57,0.0,2,5114,买盘
527,10:50:16,25.55,-0.02,5,12781,卖盘
528,10:50:31,25.55,0.0,9,22995,卖盘
529,10:50:37,25.55,0.0,4,10220,买盘
530,10:50:40,25.55,0.0,12,30660,买盘
531,10:50:45,25.55,0.0,10,25550,卖盘
532,10:50:49,25.55,0.0,8,20440,卖盘
533,10:50:55,25.55,0.0,26,66430,买盘
534,10:51:07,25.55,0.0,10,25550,卖盘
535,10:51:30,25.65,0.1,2,5130,买盘
536,10:51:37,25.65,0.0,3,7695,买盘
537,10:51:49,25.54,-0.11,12,30651,卖盘
538,10:52:04,25.65,0.11,2,5119,买盘
539,10:52:34,25.66,0.01,4,10264,买盘
540,10:52:48,25.55,-0.11,11,28105,卖盘
541,10:53:04,25.66,0.11,1,2566,买盘
542,10:53:52,25.55,-0.11,12,30664,卖盘
543,10:54:28,25.55,0.0,5,12775,卖盘
544,10:54:33,25.66,0.11,10,25660,买盘
545,10:54:37,25.66,0.0,2,5132,买盘
546,10:54:52,25.55,-0.11,12,30662,卖盘
547,10:55:04,25.66,0.11,2,5132,买盘
548,10:55:34,25.66,0.0,2,5132,买盘
549,10:55:45,25.57,-0.09,12,30684,卖盘
550,10:56:05,25.66,0.09,6,15396,买盘
551,10:56:46,25.65,-0.01,1,2565,买盘
552,10:56:49,25.58,-0.07,11,28138,卖盘
553,10:57:52,25.55,-0.03,11,28125,卖盘
554,10:58:49,25.64,0.09,13,33332,买盘
555,10:58:55,25.55,-0.09,18,46059,卖盘
556,10:59:33,25.65,0.1,3,7695,买盘
557,10:59:46,25.54,-0.11,12,30657,卖盘
558,10:59:58,25.56,0.02,1,2556,卖盘
559,11:00:10,25.56,0.0,2,5112,卖盘
560,11:00:31,25.56,0.0,29,74124,卖盘
561,11:00:49,25.53,-0.03,11,28085,卖盘
562,11:01:04,25.56,0.03,5,12780,买盘
563,11:01:48,25.53,-0.03,9,22985,卖盘
564,11:01:51,25.56,0.03,1,2556,买盘
565,11:02:48,25.53,-0.03,10,25536,卖盘
566,11:03:04,25.5,-0.03,23,58676,卖盘
567,11:03:36,25.56,0.06,1,2556,卖盘
568,11:03:40,25.61,0.05,1,2561,买盘
569,11:03:45,25.5,-0.11,6,15312,中性盘
570,11:03:49,25.49,-0.01,9,22943,卖盘
571,11:04:45,25.51,0.02,2,5102,卖盘
572,11:04:51,25.48,-0.03,11,28051,卖盘
573,11:05:37,25.61,0.13,4,10244,买盘
574,11:05:43,25.61,0.0,3,7683,买盘
575,11:05:49,25.61,0.0,7,17927,卖盘
576,11:05:51,25.51,-0.1,12,30632,卖盘
577,11:05:55,25.51,0.0,3,7653,买盘
578,11:05:58,25.51,0.0,1,2551,买盘
579,11:06:28,25.51,0.0,1,2551,卖盘
580,11:06:48,25.51,0.0,71,181764,卖盘
581,11:07:52,25.52,0.01,11,28072,卖盘
582,11:07:55,25.52,0.0,2,5104,卖盘
583,11:08:52,25.53,0.01,12,30636,卖盘
584,11:09:37,25.6,0.07,28,71680,中性盘
585,11:09:46,25.54,-0.06,11,28094,卖盘
586,11:09:51,25.54,0.0,2,5108,卖盘
587,11:10:04,25.6,0.06,2,5120,买盘
588,11:10:07,25.6,0.0,3,7680,买盘
589,11:10:10,25.61,0.01,35,89635,卖盘
590,11:10:12,25.53,-0.08,66,168955,卖盘
591,11:10:15,25.61,0.08,1,2561,中性盘
592,11:10:37,25.63,0.02,1,2563,买盘
593,11:10:49,25.52,-0.11,11,28078,卖盘
594,11:11:07,25.63,0.11,3,7689,买盘
595,11:11:31,25.55,-0.08,2,5110,卖盘
596,11:11:37,25.55,0.0,1,2555,买盘
597,11:11:43,25.55,0.0,1,2555,买盘
598,11:11:46,25.55,0.0,5,12775,买盘
599,11:11:52,25.55,0.0,22,56192,买盘
600,11:12:03,25.55,0.0,4,10220,买盘
601,11:12:16,25.55,0.0,16,40877,买盘
602,11:12:37,25.63,0.08,2,5126,买盘
603,11:12:51,25.53,-0.1,11,28093,卖盘
604,11:13:28,25.63,0.1,3,7689,买盘
605,11:13:49,25.64,0.01,2,5128,买盘
606,11:13:52,25.63,-0.01,12,30756,卖盘
607,11:13:55,25.64,0.01,1,2564,买盘
608,11:14:37,25.63,-0.01,4,10252,卖盘
609,11:14:49,25.53,-0.1,11,28145,卖盘
610,11:15:48,25.53,0.0,11,28091,卖盘
611,11:16:28,25.5,-0.03,68,173490,卖盘
612,11:16:51,25.52,0.02,12,30627,卖盘
613,11:17:28,25.63,0.11,2,5126,买盘
614,11:17:55,25.56,-0.07,10,25560,卖盘
615,11:18:54,25.56,0.0,9,23007,卖盘
616,11:19:52,25.55,-0.01,12,30671,卖盘
617,11:20:36,25.55,0.0,20,51100,卖盘
618,11:21:15,25.5,-0.05,10,25510,卖盘
619,11:21:36,25.5,0.0,4,10206,卖盘
620,11:21:58,25.5,0.0,8,20400,卖盘
621,11:22:13,25.5,0.0,1,2550,买盘
622,11:22:16,25.47,-0.03,10,25477,卖盘
623,11:22:19,25.44,-0.03,66,167930,卖盘
624,11:22:25,25.44,0.0,3,7632,买盘
625,11:22:36,25.5,0.06,1,2550,买盘
626,11:23:15,25.45,-0.05,6,15276,卖盘
627,11:23:58,25.44,-0.01,6,15264,卖盘
628,11:24:01,25.44,0.0,1,2544,买盘
629,11:24:12,25.44,0.0,4,10176,买盘
630,11:24:16,25.42,-0.02,12,30506,卖盘
631,11:24:25,25.44,0.02,8,20352,买盘
632,11:24:30,25.42,-0.02,1,2542,卖盘
633,11:24:43,25.42,0.0,22,55942,卖盘
634,11:24:45,25.49,0.07,18,45826,买盘
635,11:25:04,25.55,0.06,2,5110,买盘
636,11:25:15,25.5,-0.05,11,28050,卖盘
637,11:26:16,25.5,0.0,11,28050,卖盘
638,11:27:07,25.51,0.01,12,30612,卖盘
639,11:27:15,25.5,-0.01,13,33150,卖盘
640,11:27:43,25.51,0.01,2,5102,买盘
641,11:27:46,25.51,0.0,2,5102,买盘
642,11:28:16,25.5,-0.01,8,20400,卖盘
643,11:28:31,25.49,-0.01,10,25498,卖盘
644,11:28:52,25.49,0.0,2,5098,买盘
645,11:29:01,25.49,0.0,1,2549,买盘
646,11:29:13,25.46,-0.03,6,15277,卖盘
647,11:29:19,25.43,-0.03,12,30519,卖盘
648,11:30:01,25.43,0.0,5,12717,卖盘
649,13:00:07,25.43,0.0,3,7629,卖盘
650,13:00:19,25.42,-0.01,11,27968,卖盘
651,13:00:22,25.54,0.12,4,10216,买盘
652,13:01:15,25.46,-0.08,2,5094,卖盘
653,13:01:18,25.44,-0.02,11,27989,卖盘
654,13:01:40,25.55,0.11,2,5110,买盘
655,13:01:55,25.55,0.0,2,5110,买盘
656,13:02:07,25.46,-0.09,6,15276,卖盘
657,13:02:18,25.42,-0.04,6,15262,卖盘
658,13:02:25,25.42,0.0,5,12710,买盘
659,13:02:30,25.55,0.13,2,5110,买盘
660,13:02:40,25.55,0.0,1,2555,买盘
661,13:03:19,25.5,-0.05,1,2550,卖盘
662,13:03:22,25.45,-0.05,11,28001,卖盘
663,13:03:58,25.5,0.05,3,7650,买盘
664,13:04:12,25.54,0.04,1,2554,中性盘
665,13:04:19,25.45,-0.09,10,25462,卖盘
666,13:05:18,25.43,-0.02,11,27995,卖盘
667,13:06:04,25.46,0.03,3,7638,卖盘
668,13:06:19,25.41,-0.05,11,27959,卖盘
669,13:07:00,25.41,0.0,12,30503,卖盘
670,13:07:04,25.43,0.02,1,2543,买盘
671,13:07:06,25.43,0.0,3,7629,买盘
672,13:07:10,25.43,0.0,1,2543,买盘
673,13:07:13,25.43,0.0,2,5086,买盘
674,13:07:21,25.4,-0.03,12,30486,卖盘
675,13:07:27,25.43,0.03,2,5086,买盘
676,13:07:46,25.43,0.0,5,12715,买盘
677,13:08:19,25.4,-0.03,12,30490,卖盘
678,13:09:19,25.4,0.0,11,27955,卖盘
679,13:10:04,25.48,0.08,3,7644,买盘
680,13:10:06,25.4,-0.08,2,5088,卖盘
681,13:10:10,25.4,0.0,1,2540,卖盘
682,13:10:13,25.4,0.0,1,2540,卖盘
683,13:10:16,25.4,0.0,2,5080,卖盘
684,13:10:25,25.4,0.0,10,25400,卖盘
685,13:10:28,25.51,0.11,2,5102,买盘
686,13:11:13,25.48,-0.03,3,7644,中性盘
687,13:11:21,25.4,-0.08,9,22865,卖盘
688,13:11:54,25.49,0.09,1,2549,买盘
689,13:12:09,25.49,0.0,1,2549,买盘
690,13:12:12,25.49,0.0,5,12745,买盘
691,13:12:16,25.41,-0.08,3,7624,卖盘
692,13:12:22,25.4,-0.01,9,22862,卖盘
693,13:12:28,25.38,-0.02,2,5076,卖盘
694,13:12:36,25.51,0.13,1,2551,买盘
695,13:12:42,25.51,0.0,5,12755,买盘
696,13:12:49,25.4,-0.11,2,5080,中性盘
697,13:13:19,25.36,-0.04,12,30452,卖盘
698,13:13:22,25.45,0.09,4,10180,买盘
699,13:14:19,25.37,-0.08,9,22839,卖盘
700,13:14:31,25.45,0.08,4,10180,买盘
701,13:14:52,25.45,0.0,1,2545,买盘
702,13:15:04,25.42,-0.03,4,10168,中性盘
703,13:15:06,25.41,-0.01,13,33476,卖盘
704,13:15:21,25.4,-0.01,11,27943,卖盘
705,13:16:06,25.44,0.04,2,5088,买盘
706,13:16:19,25.44,0.0,2,5088,买盘
707,13:16:28,25.4,-0.04,12,30488,卖盘
708,13:16:55,25.4,0.0,22,55448,卖盘
709,13:16:58,25.4,0.0,2,5080,买盘
710,13:17:21,25.39,-0.01,10,25390,卖盘
711,13:17:28,25.39,0.0,2,5078,卖盘
712,13:17:37,25.44,0.05,6,15264,买盘
713,13:17:46,25.45,0.01,1,2545,买盘
714,13:17:52,25.4,-0.05,6,15260,卖盘
715,13:18:13,25.46,0.06,2,5092,卖盘
716,13:18:25,25.4,-0.06,12,30503,卖盘
717,13:19:10,25.5,0.1,1,2550,买盘
718,13:19:16,25.42,-0.08,3,7626,卖盘
719,13:19:19,25.41,-0.01,5,12709,卖盘
720,13:19:21,25.41,0.0,12,30492,卖盘
721,13:19:34,25.49,0.08,3,7647,买盘
722,13:19:37,25.41,-0.08,1,2541,卖盘
723,13:19:40,25.41,0.0,4,10164,买盘
724,13:19:46,25.4,-0.01,4,10160,卖盘
725,13:19:49,25.4,0.0,7,17780,卖盘
726,13:19:52,25.4,0.0,1,2540,买盘
727,13:19:55,25.41,0.01,3,7623,买盘
728,13:20:04,25.4,-0.01,7,17780,卖盘
729,13:20:06,25.41,0.01,10,25410,买盘
730,13:20:13,25.41,0.0,2,5082,买盘
731,13:20:18,25.41,0.0,1,2541,买盘
732,13:20:22,25.41,0.0,9,22869,卖盘
733,13:20:30,25.38,-0.03,5,12702,卖盘
734,13:21:13,25.38,0.0,10,25388,卖盘
735,13:21:22,25.41,0.03,2,5082,买盘
736,13:22:13,25.38,-0.03,12,30466,卖盘
737,13:22:22,25.41,0.03,3,7623,买盘
738,13:22:24,25.5,0.09,2,5100,买盘
739,13:23:16,25.38,-0.12,10,25393,卖盘
740,13:23:27,25.49,0.11,1,2549,买盘
741,13:24:18,25.39,-0.1,9,22862,卖盘
742,13:24:46,25.43,0.04,3,7629,卖盘
743,13:25:13,25.4,-0.03,11,27940,卖盘
744,13:25:37,25.48,0.08,1,2548,买盘
745,13:26:18,25.4,-0.08,10,25407,卖盘
746,13:27:18,25.4,0.0,11,27946,卖盘
747,13:27:40,25.4,0.0,4,10165,卖盘
748,13:27:43,25.41,0.01,2,5082,中性盘
749,13:27:52,25.49,0.08,5,12719,买盘
750,13:28:10,25.4,-0.09,2,5080,卖盘
751,13:28:16,25.4,0.0,6,13970,买盘
752,13:28:19,25.39,-0.01,14,35554,卖盘
753,13:28:37,25.41,0.02,1,2541,卖盘
754,13:29:12,25.37,-0.04,9,22843,卖盘
755,13:29:40,25.37,0.0,2,6342,卖盘
756,13:29:46,25.37,0.0,8,19028,买盘
757,13:29:57,25.41,0.04,1,2541,买盘
758,13:30:04,25.37,-0.04,1,2537,卖盘
759,13:30:21,25.37,0.0,9,22833,卖盘
760,13:31:16,25.36,-0.01,13,32976,卖盘
761,13:31:22,25.36,0.0,1,2536,卖盘
762,13:32:06,25.4,0.04,2,5078,买盘
763,13:32:54,25.36,-0.04,14,35512,卖盘
764,13:33:52,25.36,0.0,9,22824,卖盘
765,13:33:55,25.36,0.0,9,22824,卖盘
766,13:34:01,25.36,0.0,20,50722,卖盘
767,13:34:21,25.38,0.02,1,2538,买盘
768,13:34:28,25.36,-0.02,2,5074,卖盘
769,13:34:43,25.36,0.0,5,12680,卖盘
770,13:34:52,25.36,0.0,5,12680,卖盘
771,13:34:54,25.36,0.0,9,22824,买盘
772,13:34:57,25.39,0.03,4,10156,买盘
773,13:35:01,25.36,-0.03,9,22824,卖盘
774,13:35:16,25.36,0.0,1,2536,卖盘
775,13:35:31,25.37,0.01,17,43129,卖盘
776,13:35:37,25.36,-0.01,3,7614,卖盘
777,13:35:48,25.36,0.0,1,2536,卖盘
778,13:35:55,25.35,-0.01,8,20280,买盘
779,13:36:07,25.35,0.0,13,32955,卖盘
780,13:36:28,25.36,0.01,2,5072,卖盘
781,13:36:58,25.35,-0.01,10,25350,卖盘
782,13:37:07,25.35,0.0,4,10140,卖盘
783,13:37:49,25.35,0.0,8,20280,卖盘
784,13:38:04,25.35,0.0,10,25350,卖盘
785,13:38:10,25.35,0.0,8,20280,卖盘
786,13:38:37,25.36,0.01,2,5072,买盘
787,13:38:54,25.35,-0.01,11,27885,卖盘
788,13:39:16,25.36,0.01,2,5072,买盘
789,13:39:22,25.36,0.0,1,2536,买盘
790,13:39:37,25.35,-0.01,12,30420,卖盘
791,13:39:55,25.35,0.0,7,17745,卖盘
792,13:40:06,25.35,0.0,7,17745,卖盘
793,13:40:13,25.36,0.01,2,5072,买盘
794,13:40:28,25.35,-0.01,24,60840,卖盘
795,13:40:45,25.35,0.0,1,2535,卖盘
796,13:40:49,25.35,0.0,7,17745,卖盘
797,13:40:52,25.35,0.0,4,10140,卖盘
798,13:40:55,25.34,-0.01,11,27882,卖盘
799,13:40:58,25.33,-0.01,1,2534,买盘
800,13:41:18,25.33,0.0,2,5066,卖盘
801,13:41:37,25.33,0.0,4,10132,卖盘
802,13:41:58,25.32,-0.01,11,27854,卖盘
803,13:42:28,25.32,0.0,5,12664,卖盘
804,13:42:57,25.34,0.02,1,2534,买盘
805,13:43:22,25.32,-0.02,11,27856,卖盘
806,13:43:37,25.34,0.02,10,25340,买盘
807,13:43:43,25.34,0.0,1,2534,买盘
808,13:44:16,25.32,-0.02,23,58268,卖盘
809,13:44:28,25.32,0.0,4,10128,卖盘
810,13:44:34,25.32,0.0,1,2532,卖盘
811,13:44:37,25.32,0.0,1,2532,卖盘
812,13:45:01,25.31,-0.01,9,22786,卖盘
813,13:45:07,25.34,0.03,2,5068,买盘
814,13:45:13,25.31,-0.03,20,50621,卖盘
815,13:45:19,25.31,0.0,4,10124,卖盘
816,13:45:31,25.31,0.0,21,53151,卖盘
817,13:45:37,25.31,0.0,2,6328,卖盘
818,13:45:40,25.31,0.0,3,6326,买盘
819,13:45:46,25.3,-0.01,1,2530,买盘
820,13:45:55,25.3,0.0,4,10120,卖盘
821,13:46:13,25.31,0.01,1,2531,中性盘
822,13:46:16,25.3,-0.01,15,37950,卖盘
823,13:46:19,25.3,0.0,3,7590,卖盘
824,13:46:25,25.3,0.0,28,70856,卖盘
825,13:46:40,25.3,0.0,5,12650,卖盘
826,13:46:49,25.3,0.0,52,131560,卖盘
827,13:46:58,25.3,0.0,6,15180,卖盘
828,13:47:01,25.3,0.0,20,50600,卖盘
829,13:47:04,25.3,0.0,1,2530,卖盘
830,13:47:07,25.3,0.0,1,2530,卖盘
831,13:47:10,25.3,0.0,9,22770,卖盘
832,13:47:13,25.31,0.01,1,2531,买盘
833,13:47:16,25.3,-0.01,6,15180,卖盘
834,13:47:22,25.3,0.0,3,7590,卖盘
835,13:47:25,25.31,0.01,1,2531,买盘
836,13:48:16,25.3,-0.01,10,25300,卖盘
837,13:48:19,25.3,0.0,5,12650,卖盘
838,13:48:22,25.31,0.01,2,5062,买盘
839,13:48:43,25.31,0.0,41,103771,买盘
840,13:48:49,25.3,-0.01,10,25300,卖盘
841,13:48:58,25.31,0.01,1,2531,买盘
842,13:49:04,25.31,0.0,12,30372,买盘
843,13:49:10,25.33,0.02,2,5066,买盘
844,13:49:13,25.33,0.0,10,25330,买盘
845,13:49:16,25.33,0.0,19,48127,买盘
846,13:49:19,25.31,-0.02,32,81015,卖盘
847,13:49:22,25.31,0.0,4,10124,卖盘
848,13:49:25,25.31,0.0,11,27841,卖盘
849,13:49:28,25.31,0.0,1,2531,买盘
850,13:49:31,25.31,0.0,1,2531,买盘
851,13:50:01,25.35,0.04,5,12675,买盘
852,13:50:10,25.32,-0.03,11,27859,卖盘
853,13:50:40,25.35,0.03,1,2535,买盘
854,13:50:55,25.35,0.0,5,12675,买盘
855,13:51:04,25.34,-0.01,3,7602,卖盘
856,13:51:09,25.32,-0.02,10,25323,卖盘
857,13:51:12,25.31,-0.01,3,7593,卖盘
858,13:51:16,25.31,0.0,11,27841,卖盘
859,13:51:19,25.32,0.01,12,30384,买盘
860,13:51:22,25.3,-0.02,13,32901,卖盘
861,13:51:30,25.32,0.02,4,10128,买盘
862,13:51:37,25.32,0.0,2,5064,买盘
863,13:52:10,25.3,-0.02,11,27832,卖盘
864,13:53:10,25.3,0.0,9,22778,卖盘
865,13:53:19,25.34,0.04,12,30408,买盘
866,13:53:46,25.34,0.0,3,7602,买盘
867,13:53:51,25.35,0.01,1,2535,买盘
868,13:53:58,25.34,-0.01,17,43078,中性盘
869,13:54:07,25.31,-0.03,10,25328,卖盘
870,13:54:18,25.34,0.03,1,2534,买盘
871,13:54:31,25.35,0.01,1,2535,买盘
872,13:54:54,25.34,-0.01,7,17738,买盘
873,13:55:10,25.33,-0.01,8,20265,卖盘
874,13:55:16,25.33,0.0,12,30397,卖盘
875,13:55:33,25.32,-0.01,67,169689,卖盘
876,13:55:57,25.33,0.01,2,5066,买盘
877,13:56:07,25.33,0.0,1,2533,买盘
878,13:56:10,25.32,-0.01,9,22788,卖盘
879,13:56:13,25.33,0.01,1,2533,买盘
880,13:56:16,25.33,0.0,8,20259,买盘
881,13:57:07,25.33,0.0,8,20264,买盘
882,13:57:13,25.33,0.0,11,27863,中性盘
883,13:58:10,25.33,0.0,9,22797,卖盘
884,13:58:16,25.41,0.08,12,30487,买盘
885,13:58:34,25.4,-0.01,1,2540,买盘
886,13:58:52,25.4,0.0,1,2540,买盘
887,13:59:04,25.4,0.0,1,2540,买盘
888,13:59:16,25.33,-0.07,9,22802,卖盘
889,14:00:13,25.33,0.0,8,20276,卖盘
890,14:00:19,25.39,0.06,11,27921,买盘
891,14:00:34,25.39,0.0,1,2539,买盘
892,14:00:43,25.33,-0.06,2,5066,卖盘
893,14:00:58,25.37,0.04,5,12685,买盘
894,14:01:04,25.37,0.0,1,2537,买盘
895,14:01:19,25.33,-0.04,8,20264,卖盘
896,14:01:25,25.37,0.04,10,25370,买盘
897,14:02:04,25.39,0.02,1,2539,买盘
898,14:02:19,25.36,-0.03,7,17758,卖盘
899,14:02:25,25.36,0.0,3,7608,买盘
900,14:02:46,25.38,0.02,1,2538,买盘
901,14:02:58,25.38,0.0,3,7614,买盘
902,14:03:04,25.37,-0.01,4,10150,卖盘
903,14:03:16,25.36,-0.01,1,2536,卖盘
904,14:03:19,25.33,-0.03,9,22810,卖盘
905,14:03:22,25.37,0.04,10,25370,买盘
906,14:03:28,25.37,0.0,1,2537,买盘
907,14:03:34,25.37,0.0,1,2537,买盘
908,14:03:58,25.37,0.0,2,5074,卖盘
909,14:04:10,25.33,-0.04,9,22800,卖盘
910,14:04:16,25.4,0.07,10,25394,买盘
911,14:04:25,25.34,-0.06,1,2534,卖盘
912,14:04:28,25.4,0.06,4,10159,买盘
913,14:04:52,25.35,-0.05,5,12675,卖盘
914,14:04:58,25.35,0.0,2,5070,卖盘
915,14:05:04,25.34,-0.01,4,10140,卖盘
916,14:05:10,25.35,0.01,1,2535,中性盘
917,14:05:19,25.33,-0.02,12,30396,卖盘
918,14:05:25,25.38,0.05,14,35531,买盘
919,14:05:43,25.32,-0.06,10,25320,卖盘
920,14:06:04,25.09,-0.23,300,757580,卖盘
921,14:06:10,25.4,0.31,62,157453,买盘
922,14:06:16,25.34,-0.06,10,25340,卖盘
923,14:06:19,25.4,0.06,1,2540,买盘
924,14:06:43,25.33,-0.07,19,48149,卖盘
925,14:06:49,25.39,0.06,4,10151,买盘
926,14:06:58,25.09,-0.3,304,763529,卖盘
927,14:07:01,25.32,0.23,16,40512,中性盘
928,14:07:10,25.26,-0.06,9,22734,卖盘
929,14:07:40,25.26,0.0,66,167125,卖盘
930,14:08:01,25.28,0.02,1,2528,买盘
931,14:08:04,25.35,0.07,4,10133,买盘
932,14:08:10,25.27,-0.08,4,10109,卖盘
933,14:08:16,25.36,0.09,8,20286,买盘
934,14:08:19,25.27,-0.09,8,20218,卖盘
935,14:08:22,25.35,0.08,2,5070,买盘
936,14:08:58,25.27,-0.08,5,12635,卖盘
937,14:09:07,25.27,0.0,15,37905,卖盘
938,14:09:10,25.27,0.0,7,17689,买盘
939,14:09:13,25.27,0.0,10,25270,买盘
940,14:09:19,25.25,-0.02,11,27784,卖盘
941,14:09:25,25.27,0.02,10,25270,买盘
942,14:09:46,25.25,-0.02,3,7575,卖盘
943,14:09:58,25.27,0.02,6,15162,买盘
944,14:10:01,25.25,-0.02,1,2525,卖盘
945,14:10:13,25.16,-0.09,9,22654,卖盘
946,14:10:16,25.16,0.0,1,2516,卖盘
947,14:10:22,25.3,0.14,10,25289,买盘
948,14:10:43,25.25,-0.05,3,7575,卖盘
949,14:11:13,25.22,-0.03,9,22704,卖盘
950,14:11:46,25.22,0.0,2,5044,卖盘
951,14:11:58,25.18,-0.04,10,25190,卖盘
952,14:12:04,25.29,0.11,11,27819,买盘
953,14:12:13,25.29,0.0,7,17703,买盘
954,14:12:16,25.2,-0.09,17,42920,卖盘
955,14:12:19,25.2,0.0,3,7560,买盘
956,14:12:28,25.29,0.09,13,32877,买盘
957,14:12:34,25.34,0.05,12,30392,买盘
958,14:12:37,25.3,-0.04,2,5060,中性盘
959,14:12:43,25.2,-0.1,26,65781,卖盘
960,14:13:04,25.34,0.14,1,2534,中性盘
961,14:13:13,25.31,-0.03,1,2531,卖盘
962,14:13:19,25.35,0.04,11,27878,买盘
963,14:13:43,25.35,0.0,15,38025,买盘
964,14:13:58,25.35,0.0,4,10140,卖盘
965,14:14:07,25.35,0.0,10,25350,卖盘
966,14:14:10,25.35,0.0,2,5070,买盘
967,14:14:22,25.35,0.0,1,2535,买盘
968,14:14:28,25.34,-0.01,14,35476,卖盘
969,14:14:37,25.35,0.01,5,12675,买盘
970,14:14:43,25.35,0.0,5,12675,卖盘
971,14:15:04,25.32,-0.03,5,12660,卖盘
972,14:15:10,25.3,-0.02,10,25300,卖盘
973,14:15:16,25.3,0.0,10,25300,卖盘
974,14:15:25,25.3,0.0,2,5060,卖盘
975,14:15:31,25.2,-0.1,2,5040,卖盘
976,14:15:58,25.2,0.0,10,25200,卖盘
977,14:16:01,25.2,0.0,20,50401,卖盘
978,14:16:19,25.2,0.0,3,7560,卖盘
979,14:16:52,25.2,0.0,9,22686,卖盘
980,14:17:34,25.29,0.09,11,27819,买盘
981,14:17:40,25.2,-0.09,50,126077,卖盘
982,14:17:49,25.21,0.01,11,27731,买盘
983,14:19:10,25.21,0.0,10,25219,卖盘
984,14:19:34,25.21,0.0,10,25211,卖盘
985,14:19:43,25.22,0.01,10,25220,卖盘
986,14:19:46,25.22,0.0,8,20176,买盘
987,14:20:22,25.29,0.07,3,7587,买盘
988,14:20:28,25.21,-0.08,10,25221,卖盘
989,14:20:52,25.2,-0.01,26,65535,卖盘
990,14:21:31,25.21,0.01,20,50420,买盘
991,14:21:34,25.21,0.0,2,5042,买盘
992,14:21:37,25.21,0.0,61,153781,买盘
993,14:21:39,25.21,0.0,3,7563,买盘
994,14:21:49,25.28,0.07,1,2528,买盘
995,14:22:16,25.29,0.01,10,25290,买盘
996,14:22:37,25.29,0.0,10,25290,卖盘
997,14:22:40,25.3,0.01,1,2530,买盘
998,14:23:21,25.31,0.01,7,17717,卖盘
999,14:23:27,25.34,0.03,13,32918,买盘
1000,14:24:04,25.36,0.02,6,15216,买盘
1001,14:24:16,25.36,0.0,10,25360,卖盘
1002,14:24:19,25.37,0.01,1,2537,卖盘
1003,14:24:28,25.35,-0.02,8,20280,卖盘
1004,14:24:31,25.39,0.04,1,2539,买盘
1005,14:25:04,25.39,0.0,1,2539,买盘
1006,14:25:16,25.36,-0.03,13,32968,卖盘
1007,14:25:31,25.37,0.01,1,2537,卖盘
1008,14:25:37,25.37,0.0,1,2537,卖盘
1009,14:25:46,25.37,0.0,8,20296,卖盘
1010,14:25:49,25.37,0.0,9,22833,卖盘
1011,14:25:58,25.35,-0.02,4,10140,卖盘
1012,14:26:00,25.37,0.02,10,25370,买盘
1013,14:26:10,25.39,0.02,1,2539,买盘
1014,14:26:18,25.39,0.0,1,2539,买盘
1015,14:26:43,25.36,-0.03,3,7608,卖盘
1016,14:26:46,25.38,0.02,20,50760,买盘
1017,14:26:58,25.38,0.0,11,27918,卖盘
1018,14:27:01,25.38,0.0,4,10152,卖盘
1019,14:27:04,25.38,0.0,4,10153,卖盘
1020,14:27:07,25.39,0.01,1,2539,买盘
1021,14:27:37,25.39,0.0,6,15234,买盘
1022,14:28:18,25.39,0.0,1,2539,卖盘
1023,14:28:21,25.38,-0.01,10,25383,卖盘
1024,14:28:34,25.4,0.02,1,2540,买盘
1025,14:28:37,25.39,-0.01,2,5078,卖盘
1026,14:28:49,25.4,0.01,1,2540,买盘
1027,14:28:55,25.39,-0.01,19,48241,卖盘
1028,14:28:58,25.25,-0.14,91,230558,卖盘
1029,14:29:04,25.25,0.0,39,98475,买盘
1030,14:29:31,25.26,0.01,10,25267,卖盘
1031,14:29:40,25.37,0.11,5,12685,买盘
1032,14:30:04,25.29,-0.08,10,25299,卖盘
1033,14:30:22,25.37,0.08,1,2537,买盘
1034,14:30:28,25.28,-0.09,8,20224,卖盘
1035,14:31:01,25.25,-0.03,9,22727,卖盘
1036,14:31:25,25.25,0.0,4,10100,卖盘
1037,14:32:31,25.31,0.06,25,63321,卖盘
1038,14:32:34,25.38,0.07,6,15219,买盘
1039,14:32:46,25.38,0.0,11,27918,买盘
1040,14:32:49,25.31,-0.07,6,15194,卖盘
1041,14:32:52,25.3,-0.01,8,20240,卖盘
1042,14:32:55,25.31,0.01,34,86054,买盘
1043,14:33:07,25.31,0.0,5,12655,卖盘
1044,14:33:22,25.3,-0.01,9,22772,卖盘
1045,14:33:37,25.32,0.02,4,10128,卖盘
1046,14:33:43,25.36,0.04,2,5072,买盘
1047,14:33:45,25.36,0.0,1,2536,买盘
1048,14:33:49,25.36,0.0,1,2536,买盘
1049,14:34:01,25.32,-0.04,2,5064,卖盘
1050,14:34:07,25.38,0.06,148,375512,买盘
1051,14:34:28,25.31,-0.07,41,103796,卖盘
1052,14:34:40,25.3,-0.01,9,22814,卖盘
1053,14:34:55,25.3,0.0,4,10134,卖盘
1054,14:35:10,25.31,0.01,2,5062,卖盘
1055,14:35:16,25.4,0.09,30,76182,买盘
1056,14:35:31,25.3,-0.1,9,22771,卖盘
1057,14:35:33,25.3,0.0,6,15181,卖盘
1058,14:35:52,25.27,-0.03,5,12649,卖盘
1059,14:35:55,25.27,0.0,1,2527,买盘
1060,14:37:00,25.31,0.04,12,30372,卖盘
1061,14:37:25,25.31,0.0,5,12655,卖盘
1062,14:37:46,25.31,0.0,2,5062,卖盘
1063,14:37:52,25.31,0.0,8,20248,卖盘
1064,14:38:01,25.31,0.0,1,2531,卖盘
1065,14:38:07,25.37,0.06,23,58351,买盘
1066,14:38:13,25.38,0.01,2,5076,买盘
1067,14:38:16,25.38,0.0,4,10152,卖盘
1068,14:38:19,25.38,0.0,4,10152,卖盘
1069,14:38:25,25.38,0.0,5,12690,卖盘
1070,14:38:28,25.38,0.0,2,5076,卖盘
1071,14:38:31,25.4,0.02,20,50795,买盘
1072,14:39:04,25.38,-0.02,1,2538,卖盘
1073,14:39:10,25.38,0.0,18,45684,卖盘
1074,14:39:16,25.38,0.0,4,10152,卖盘
1075,14:40:37,25.3,-0.08,23,58190,卖盘
1076,14:40:46,25.3,0.0,2,5060,卖盘
1077,14:41:07,25.25,-0.05,21,53065,卖盘
1078,14:41:10,25.3,0.05,41,103540,买盘
1079,14:41:25,25.18,-0.12,69,174000,卖盘
1080,14:41:55,25.18,0.0,23,57984,卖盘
1081,14:43:58,25.33,0.15,3,7599,买盘
1082,14:44:01,25.33,0.0,2,5066,买盘
1083,14:44:31,25.27,-0.06,2,5054,卖盘
1084,14:44:43,25.27,0.0,2,5054,卖盘
1085,14:44:58,25.33,0.06,25,63300,买盘
1086,14:45:04,25.34,0.01,1,2534,买盘
1087,14:45:16,25.33,-0.01,9,22797,卖盘
1088,14:45:19,25.33,0.0,1,2533,卖盘
1089,14:45:25,25.33,0.0,10,25306,卖盘
1090,14:46:01,25.27,-0.06,5,12635,卖盘
1091,14:46:19,25.27,0.0,1,2527,卖盘
1092,14:47:01,25.33,0.06,1,2533,买盘
1093,14:47:10,25.2,-0.13,50,126023,卖盘
1094,14:47:43,25.21,0.01,7,17647,卖盘
1095,14:48:01,25.27,0.06,10,25270,买盘
1096,14:48:10,25.21,-0.06,5,12605,卖盘
1097,14:48:28,25.21,0.0,2,5042,卖盘
1098,14:48:46,25.21,0.0,36,90756,卖盘
1099,14:48:49,25.21,0.0,1,2521,卖盘
1100,14:48:55,25.2,-0.01,3,7560,卖盘
1101,14:49:04,25.2,0.0,4,10080,卖盘
1102,14:49:07,25.21,0.01,23,57977,买盘
1103,14:49:10,25.21,0.0,10,25210,买盘
1104,14:49:13,25.21,0.0,6,15126,买盘
1105,14:49:16,25.18,-0.03,46,115843,卖盘
1106,14:49:25,25.18,0.0,24,60432,买盘
1107,14:49:49,25.18,0.0,2,5036,买盘
1108,14:49:52,25.18,0.0,5,12590,买盘
1109,14:49:55,25.16,-0.02,10,25160,卖盘
1110,14:49:58,25.15,-0.01,47,118219,卖盘
1111,14:50:01,25.26,0.11,92,231948,买盘
1112,14:50:13,25.26,0.0,5,12632,卖盘
1113,14:50:19,25.28,0.02,4,10112,买盘
1114,14:50:25,25.26,-0.02,6,15156,卖盘
1115,14:50:58,25.16,-0.1,2,5032,卖盘
1116,14:51:19,25.16,0.0,1,2516,买盘
1117,14:51:22,25.16,0.0,1,2516,买盘
1118,14:52:19,25.15,-0.01,40,100644,卖盘
1119,14:52:25,25.24,0.09,1,2524,买盘
1120,14:52:28,25.24,0.0,1,2524,买盘
1121,14:52:43,25.15,-0.09,1,2515,卖盘
1122,14:53:01,25.1,-0.05,94,236092,卖盘
1123,14:53:16,25.13,0.03,11,27654,卖盘
1124,14:53:22,25.22,0.09,6,15127,买盘
1125,14:53:31,25.13,-0.09,7,17591,卖盘
1126,14:53:43,25.09,-0.04,37,92901,卖盘
1127,14:53:46,25.22,0.13,24,60517,买盘
1128,14:53:58,25.22,0.0,1,2522,卖盘
1129,14:54:13,25.22,0.0,7,17660,卖盘
1130,14:54:16,25.23,0.01,1,2523,买盘
1131,14:54:19,25.23,0.0,1,2523,买盘
1132,14:54:25,25.24,0.01,10,25239,买盘
1133,14:54:31,25.25,0.01,2,5050,买盘
1134,14:54:34,25.24,-0.01,14,35336,卖盘
1135,14:54:37,25.24,0.0,8,20192,卖盘
1136,14:54:52,25.25,0.01,28,70688,买盘
1137,14:54:58,25.25,0.0,1,2525,卖盘
1138,14:55:04,25.2,-0.05,3,7566,卖盘
1139,14:55:19,25.1,-0.1,3,7530,卖盘
1140,14:55:31,25.1,0.0,15,37650,卖盘
1141,14:55:37,25.2,0.1,2,5040,买盘
1142,14:55:43,25.2,0.0,4,10080,买盘
1143,14:55:46,25.1,-0.1,1,2510,卖盘
1144,14:56:04,25.2,0.1,5,12600,买盘
1145,14:56:07,25.2,0.0,1,2520,买盘
1146,14:56:28,25.12,-0.08,1,2512,卖盘
1147,14:56:40,25.2,0.08,4,10080,买盘
1148,14:56:52,25.2,0.0,1,2520,买盘
1149,14:56:58,25.2,0.0,1,2520,买盘
1150,14:57:00,25.2,0.0,1,2520,买盘
1151,15:00:04,25.11,-0.09,96,241056,买盘
