,time,price,change,volume,amount,type
0,09:25:05,2.92,0.01,70,20440,卖盘
1,09:30:04,2.91,-0.01,326,95420,卖盘
2,09:30:07,2.93,0.02,100,29300,买盘
3,09:30:10,2.92,-0.01,5,1460,卖盘
4,09:30:22,2.93,0.01,50,14650,买盘
5,09:30:27,2.92,-0.01,157,45844,卖盘
6,09:30:46,2.91,-0.01,59,17169,卖盘
7,09:31:04,2.92,0.01,10,2920,买盘
8,09:31:16,2.91,-0.01,128,37248,卖盘
9,09:31:19,2.91,0.0,60,17460,卖盘
10,09:31:30,2.92,0.01,9,2628,买盘
11,09:31:43,2.92,0.0,40,11680,买盘
12,09:32:19,2.92,0.0,374,109208,买盘
13,09:32:37,2.92,0.0,150,43800,卖盘
14,09:32:40,2.93,0.01,500,146500,买盘
15,09:32:43,2.92,-0.01,20,5840,卖盘
16,09:32:46,2.93,0.01,5,1465,买盘
17,09:33:10,2.93,0.0,200,58600,买盘
18,09:33:16,2.92,-0.01,100,29200,卖盘
19,09:33:19,2.93,0.01,117,34281,买盘
20,09:33:22,2.93,0.0,50,14650,卖盘
21,09:33:24,2.93,0.0,1,293,买盘
22,09:33:34,2.93,0.0,30,8790,买盘
23,09:33:37,2.93,0.0,19,5567,买盘
24,09:33:46,2.93,0.0,1,293,卖盘
25,09:33:51,2.94,0.01,169,49519,买盘
26,09:33:58,2.93,-0.01,4,1172,卖盘
27,09:34:01,2.93,0.0,50,14650,卖盘
28,09:34:04,2.93,0.0,1,293,卖盘
29,09:34:07,2.93,0.0,46,13478,卖盘
30,09:34:09,2.93,0.0,52,15286,卖盘
31,09:34:13,2.93,0.0,38,11134,卖盘
32,09:34:16,2.93,0.0,10,2930,卖盘
33,09:34:19,2.93,0.0,29,8497,卖盘
34,09:34:22,2.94,0.01,60,17595,买盘
35,09:34:28,2.93,-0.01,67,19631,卖盘
36,09:34:37,2.93,0.0,5,1465,买盘
37,09:34:49,2.93,0.0,29,8497,买盘
38,09:35:19,2.92,-0.01,30,8760,卖盘
39,09:35:33,2.93,0.01,100,29300,买盘
40,09:35:40,2.92,-0.01,100,29200,卖盘
41,09:36:00,2.92,0.0,100,29200,卖盘
42,09:36:04,2.93,0.01,245,71785,买盘
43,09:37:22,2.93,0.0,30,8790,买盘
44,09:37:31,2.93,0.0,1,293,买盘
45,09:37:48,2.93,0.0,100,29300,买盘
46,09:38:07,2.92,-0.01,33,9636,卖盘
47,09:38:12,2.93,0.01,100,29300,买盘
48,09:38:16,2.92,-0.01,3,876,卖盘
49,09:38:27,2.93,0.01,330,96690,买盘
50,09:38:43,2.93,0.0,336,98448,买盘
51,09:38:45,2.93,0.0,9,2637,买盘
52,09:38:49,2.93,0.0,6,1758,买盘
53,09:38:55,2.93,0.0,7,2051,买盘
54,09:39:00,2.93,0.0,4,1172,买盘
55,09:39:30,2.93,0.0,50,14650,买盘
56,09:39:57,2.92,-0.01,100,29200,卖盘
57,09:40:00,2.93,0.01,200,58600,买盘
58,09:40:22,2.92,-0.01,1000,292000,卖盘
59,09:40:24,2.92,0.0,30,8760,卖盘
60,09:40:28,2.92,0.0,2,584,卖盘
61,09:40:31,2.92,0.0,69,20148,卖盘
62,09:40:46,2.92,0.0,23,6716,买盘
63,09:40:49,2.92,0.0,21,6132,买盘
64,09:40:58,2.91,-0.01,9,2619,卖盘
65,09:41:16,2.92,0.01,200,58400,买盘
66,09:41:22,2.92,0.0,2,584,买盘
67,09:41:25,2.92,0.0,26,7592,卖盘
68,09:41:31,2.92,0.0,18,5256,买盘
69,09:41:46,2.92,0.0,30,8760,卖盘
70,09:41:58,2.92,0.0,10,2920,卖盘
71,09:42:01,2.92,0.0,7,2044,卖盘
72,09:42:06,2.92,0.0,8,2336,买盘
73,09:42:19,2.92,0.0,82,23944,买盘
74,09:42:43,2.92,0.0,11,3212,卖盘
75,09:42:46,2.92,0.0,40,11680,卖盘
76,09:42:54,2.93,0.01,4,1172,买盘
77,09:43:28,2.92,-0.01,2,584,卖盘
78,09:43:31,2.93,0.01,30,8790,买盘
79,09:44:19,2.93,0.0,2,586,买盘
80,09:45:07,2.93,0.0,3,879,买盘
81,09:45:19,2.93,0.0,7,2051,买盘
82,09:45:22,2.93,0.0,300,87900,买盘
83,09:45:28,2.93,0.0,837,245241,买盘
84,09:45:34,2.93,0.0,12,3516,买盘
85,09:45:37,2.93,0.0,156,45708,买盘
86,09:45:43,2.93,0.0,24,7032,买盘
87,09:45:49,2.93,0.0,405,118665,买盘
88,09:45:55,2.93,0.0,50,14650,卖盘
89,09:46:04,2.93,0.0,144,42192,卖盘
90,09:46:06,2.94,0.01,312,91726,买盘
91,09:46:18,2.94,0.0,3,882,买盘
92,09:46:34,2.94,0.0,17,4998,买盘
93,09:47:04,2.94,0.0,6,1764,买盘
94,09:47:28,2.94,0.0,80,23520,买盘
95,09:47:46,2.93,-0.01,81,23733,卖盘
96,09:47:49,2.94,0.01,10,2940,买盘
97,09:48:06,2.94,0.0,4,1176,买盘
98,09:48:13,2.93,-0.01,45,13185,卖盘
99,09:48:19,2.94,0.01,2,588,买盘
100,09:49:07,2.94,0.0,3,882,买盘
101,09:49:13,2.94,0.0,13,3822,买盘
102,09:49:28,2.94,0.0,8,2352,买盘
103,09:49:40,2.94,0.0,31,9114,买盘
104,09:49:49,2.94,0.0,24,7056,买盘
105,09:50:00,2.94,0.0,1,294,买盘
106,09:50:07,2.94,0.0,3,882,买盘
107,09:50:16,2.94,0.0,30,8820,买盘
108,09:51:22,2.94,0.0,7,2058,买盘
109,09:51:28,2.94,0.0,100,29400,买盘
110,09:51:52,2.94,0.0,60,17640,买盘
111,09:51:55,2.94,0.0,100,29400,买盘
112,09:51:58,2.93,-0.01,30,8790,卖盘
113,09:53:54,2.93,0.0,335,98155,卖盘
114,09:54:07,2.94,0.01,20,5864,买盘
115,09:54:10,2.93,-0.01,150,43950,卖盘
116,09:54:46,2.94,0.01,30,8820,买盘
117,09:54:52,2.93,-0.01,82,24026,卖盘
118,09:55:01,2.94,0.01,110,32240,买盘
119,09:55:37,2.94,0.0,5,1470,买盘
120,09:56:01,2.94,0.0,244,71498,买盘
121,09:56:07,2.94,0.0,289,84966,买盘
122,09:56:09,2.93,-0.01,3,879,卖盘
123,09:56:16,2.94,0.01,4,1176,买盘
124,09:56:28,2.94,0.0,60,17640,买盘
125,09:56:52,2.93,-0.01,290,84970,卖盘
126,09:57:19,2.94,0.01,65,19110,买盘
127,09:57:25,2.93,-0.01,33,9669,卖盘
128,09:57:31,2.93,0.0,100,29300,卖盘
129,09:58:10,2.93,0.0,1,293,卖盘
130,09:58:13,2.93,0.0,10,2930,卖盘
131,09:58:22,2.93,0.0,38,11134,卖盘
132,09:58:31,2.94,0.01,20,5880,买盘
133,09:58:34,2.93,-0.01,137,40141,卖盘
134,09:59:06,2.93,0.0,21,6153,卖盘
135,09:59:09,2.93,0.0,200,58600,卖盘
136,09:59:33,2.93,0.0,1,293,卖盘
137,09:59:40,2.94,0.01,699,205506,买盘
138,10:00:01,2.93,-0.01,34,9962,卖盘
139,10:00:16,2.93,0.0,181,53033,卖盘
140,10:00:31,2.93,0.0,10,2930,卖盘
141,10:00:49,2.93,0.0,8,2344,卖盘
142,10:00:51,2.93,0.0,64,18752,卖盘
143,10:01:07,2.93,0.0,5,1465,卖盘
144,10:01:22,2.93,0.0,50,14650,卖盘
145,10:01:34,2.94,0.01,7,2058,买盘
146,10:01:40,2.93,-0.01,100,29300,卖盘
147,10:01:45,2.93,0.0,12,3516,卖盘
148,10:01:52,2.93,0.0,50,14650,卖盘
149,10:02:07,2.93,0.0,240,70320,卖盘
150,10:02:13,2.93,0.0,4,1172,卖盘
151,10:02:16,2.93,0.0,49,14357,卖盘
152,10:02:22,2.93,0.0,2,586,卖盘
153,10:02:25,2.93,0.0,6,1758,卖盘
154,10:02:52,2.92,-0.01,22,6436,卖盘
155,10:03:15,2.93,0.01,214,62702,买盘
156,10:03:25,2.93,0.0,171,50103,买盘
157,10:03:37,2.93,0.0,60,17580,卖盘
158,10:03:49,2.93,0.0,10,2930,卖盘
159,10:03:57,2.93,0.0,32,9376,卖盘
160,10:04:04,2.93,0.0,95,27835,买盘
161,10:04:10,2.93,0.0,2,586,买盘
162,10:04:28,2.93,0.0,97,28421,卖盘
163,10:04:33,2.93,0.0,60,17580,卖盘
164,10:04:52,2.93,0.0,28,8204,卖盘
165,10:04:55,2.93,0.0,49,14357,卖盘
166,10:05:31,2.93,0.0,20,5860,卖盘
167,10:05:33,2.93,0.0,62,18166,卖盘
168,10:05:40,2.93,0.0,32,9376,买盘
169,10:05:46,2.93,0.0,100,29300,卖盘
170,10:06:16,2.93,0.0,35,10255,卖盘
171,10:06:25,2.93,0.0,100,29300,卖盘
172,10:07:01,2.93,0.0,100,29300,卖盘
173,10:07:16,2.93,0.0,126,36918,卖盘
174,10:07:18,2.93,0.0,1,293,买盘
175,10:07:27,2.93,0.0,100,29300,买盘
176,10:07:31,2.93,0.0,139,40727,买盘
177,10:07:55,2.93,0.0,30,8790,卖盘
178,10:08:10,2.93,0.0,30,8790,卖盘
179,10:08:58,2.93,0.0,1,293,卖盘
180,10:09:13,2.94,0.01,100,29400,买盘
181,10:09:33,2.93,-0.01,58,16994,卖盘
182,10:10:01,2.93,0.0,15,4395,卖盘
183,10:10:07,2.93,0.0,11,3223,买盘
184,10:10:13,2.93,0.0,51,14943,买盘
185,10:10:15,2.93,0.0,1,293,买盘
186,10:10:19,2.93,0.0,1,293,买盘
187,10:10:22,2.93,0.0,1,293,买盘
188,10:10:25,2.93,0.0,1,293,买盘
189,10:10:49,2.93,0.0,50,14650,买盘
190,10:11:25,2.92,-0.01,30,8760,卖盘
191,10:11:31,2.93,0.01,36,10548,买盘
192,10:12:01,2.92,-0.01,10,2920,卖盘
193,10:12:16,2.92,0.0,14,4088,卖盘
194,10:12:28,2.93,0.01,100,29300,买盘
195,10:12:37,2.92,-0.01,171,49932,卖盘
196,10:12:43,2.92,0.0,10,2920,卖盘
197,10:14:34,2.92,0.0,1,292,卖盘
198,10:14:43,2.92,0.0,73,21316,卖盘
199,10:14:49,2.93,0.01,24,7032,买盘
200,10:15:49,2.92,-0.01,68,19856,卖盘
201,10:15:58,2.92,0.0,8,2336,卖盘
202,10:16:37,2.92,0.0,54,15768,卖盘
203,10:17:16,2.92,0.0,300,87600,卖盘
204,10:17:52,2.92,0.0,9,2628,卖盘
205,10:18:22,2.93,0.01,500,146500,买盘
206,10:18:28,2.93,0.0,134,39262,买盘
207,10:18:42,2.93,0.0,5,1465,买盘
208,10:18:46,2.93,0.0,10,2930,买盘
209,10:19:10,2.93,0.0,226,66218,买盘
210,10:19:19,2.93,0.0,71,20803,买盘
211,10:19:28,2.93,0.0,103,30179,买盘
212,10:19:34,2.93,0.0,31,9083,买盘
213,10:20:33,2.93,0.0,5,1465,买盘
214,10:20:40,2.92,-0.01,183,53539,卖盘
215,10:20:45,2.93,0.01,18,5274,买盘
216,10:22:04,2.93,0.0,70,20510,买盘
217,10:22:10,2.93,0.0,31,9083,买盘
218,10:22:12,2.93,0.0,64,18752,买盘
219,10:22:19,2.93,0.0,50,14650,买盘
220,10:22:27,2.93,0.0,105,30765,买盘
221,10:22:31,2.93,0.0,15,4395,买盘
222,10:22:52,2.93,0.0,314,92002,买盘
223,10:23:00,2.93,0.0,225,65925,卖盘
224,10:23:07,2.93,0.0,3,879,买盘
225,10:24:09,2.93,0.0,26,7618,买盘
226,10:25:25,2.93,0.0,3,879,买盘
227,10:25:55,2.93,0.0,100,29300,买盘
228,10:26:21,2.92,-0.01,10,2920,卖盘
229,10:27:52,2.92,0.0,50,14600,卖盘
230,10:28:19,2.93,0.01,100,29300,买盘
231,10:28:52,2.93,0.0,130,38090,买盘
232,10:28:58,2.93,0.0,19,5567,买盘
233,10:29:16,2.93,0.0,2,586,买盘
234,10:29:34,2.93,0.0,2,586,买盘
235,10:31:21,2.92,-0.01,10,2920,卖盘
236,10:31:46,2.92,0.0,116,33872,卖盘
237,10:31:52,2.92,0.0,20,5840,卖盘
238,10:34:19,2.92,0.0,48,14016,卖盘
239,10:35:49,2.92,0.0,35,10220,卖盘
240,10:36:12,2.93,0.01,14,4102,买盘
241,10:36:22,2.92,-0.01,39,11388,卖盘
242,10:37:49,2.92,0.0,2,584,卖盘
243,10:38:04,2.93,0.01,100,29300,买盘
244,10:38:28,2.93,0.0,29,8497,买盘
245,10:38:52,2.93,0.0,2,586,买盘
246,10:39:21,2.93,0.0,14,4102,买盘
247,10:39:24,2.93,0.0,5,1465,买盘
248,10:40:10,2.93,0.0,150,43950,买盘
249,10:40:34,2.92,-0.01,61,17812,卖盘
250,10:40:40,2.93,0.01,18,5274,买盘
251,10:40:49,2.92,-0.01,20,5840,卖盘
252,10:41:27,2.93,0.01,496,145328,买盘
253,10:41:40,2.92,-0.01,8,2336,卖盘
254,10:41:43,2.92,0.0,3,876,卖盘
255,10:43:22,2.93,0.01,10,2930,买盘
256,10:43:40,2.93,0.0,105,30765,买盘
257,10:43:58,2.92,-0.01,30,8760,卖盘
258,10:44:15,2.93,0.01,50,14650,买盘
259,10:45:01,2.93,0.0,930,272490,买盘
260,10:45:07,2.93,0.0,122,35666,买盘
261,10:45:25,2.92,-0.01,203,59476,卖盘
262,10:45:31,2.93,0.01,144,42192,买盘
263,10:45:34,2.93,0.0,350,102550,买盘
264,10:45:37,2.93,0.0,249,72957,买盘
265,10:45:40,2.93,0.0,221,64753,买盘
266,10:45:51,2.93,0.0,130,38090,卖盘
267,10:45:58,2.93,0.0,70,20510,买盘
268,10:46:01,2.94,0.01,300,88200,买盘
269,10:46:07,2.93,-0.01,100,29300,卖盘
270,10:46:33,2.93,0.0,12,3516,卖盘
271,10:47:25,2.94,0.01,26,7644,买盘
272,10:48:16,2.94,0.0,30,8820,买盘
273,10:49:49,2.94,0.0,62,18228,买盘
274,10:49:55,2.93,-0.01,105,30770,卖盘
275,10:50:25,2.94,0.01,2,588,买盘
276,10:51:04,2.93,-0.01,50,14650,卖盘
277,10:51:46,2.94,0.01,99,29106,买盘
278,10:52:19,2.93,-0.01,150,43950,卖盘
279,10:52:45,2.93,0.0,20,5860,卖盘
280,10:52:55,2.93,0.0,300,87900,卖盘
281,10:53:15,2.93,0.0,60,17580,卖盘
282,10:54:46,2.93,0.0,50,14650,卖盘
283,10:54:55,2.94,0.01,29,8526,买盘
284,10:55:45,2.93,-0.01,10,2930,卖盘
285,10:58:24,2.93,0.0,1500,439500,卖盘
286,10:58:55,2.93,0.0,165,48345,卖盘
287,10:59:39,2.93,0.0,50,14650,买盘
288,10:59:54,2.93,0.0,70,20510,买盘
289,11:00:46,2.93,0.0,6,1758,买盘
290,11:01:22,2.92,-0.01,30,8760,卖盘
291,11:02:19,2.93,0.01,19,5567,买盘
292,11:03:57,2.92,-0.01,200,58400,卖盘
293,11:04:36,2.93,0.01,100,29300,买盘
294,11:05:16,2.92,-0.01,10,2920,卖盘
295,11:06:07,2.93,0.01,50,14650,买盘
296,11:08:06,2.93,0.0,5,1465,买盘
297,11:08:43,2.93,0.0,50,14650,买盘
298,11:09:28,2.92,-0.01,100,29200,卖盘
299,11:10:22,2.93,0.01,30,8790,买盘
300,11:11:09,2.93,0.0,95,27835,买盘
301,11:11:40,2.92,-0.01,15,4380,卖盘
302,11:12:24,2.93,0.01,66,19338,买盘
303,11:12:36,2.93,0.0,15,4395,买盘
304,11:12:45,2.93,0.0,400,117200,买盘
305,11:13:06,2.93,0.0,3,879,买盘
306,11:13:16,2.92,-0.01,22,6424,卖盘
307,11:13:39,2.93,0.01,335,98155,买盘
308,11:14:34,2.93,0.0,100,29300,买盘
309,11:15:04,2.93,0.0,82,24026,买盘
310,11:15:25,2.93,0.0,20,5860,买盘
311,11:15:33,2.92,-0.01,45,13140,卖盘
312,11:16:42,2.93,0.01,1,293,买盘
313,11:19:04,2.92,-0.01,5,1460,卖盘
314,11:19:16,2.92,0.0,26,7592,卖盘
315,11:19:43,2.92,0.0,100,29200,卖盘
316,11:20:18,2.93,0.01,50,14650,买盘
317,11:20:28,2.92,-0.01,1,292,卖盘
318,11:21:04,2.93,0.01,214,62702,买盘
319,11:21:28,2.93,0.0,1,293,买盘
320,11:22:19,2.93,0.0,35,10255,买盘
321,11:22:24,2.93,0.0,42,12306,买盘
322,11:23:58,2.92,-0.01,135,39420,卖盘
323,11:25:18,2.92,0.0,2,584,卖盘
324,11:27:04,2.92,0.0,100,29200,卖盘
325,11:27:46,2.93,0.01,135,39555,买盘
326,11:28:28,2.93,0.0,20,5860,买盘
327,11:28:36,2.93,0.0,10,2930,买盘
328,11:28:57,2.93,0.0,89,26077,买盘
329,11:29:04,2.92,-0.01,98,28623,卖盘
330,11:29:13,2.93,0.01,46,13478,买盘
331,11:29:33,2.92,-0.01,20,5840,卖盘
332,13:00:04,2.92,0.0,167,48764,卖盘
333,13:00:07,2.92,0.0,103,30177,卖盘
334,13:00:25,2.93,0.01,14,4102,买盘
335,13:01:52,2.93,0.0,5,1465,买盘
336,13:02:00,2.93,0.0,10,2930,买盘
337,13:02:54,2.93,0.0,10,2930,买盘
338,13:06:54,2.93,0.0,155,45415,买盘
339,13:07:36,2.93,0.0,10,2930,买盘
340,13:09:16,2.93,0.0,21,6153,买盘
341,13:09:46,2.92,-0.01,13,3796,卖盘
342,13:13:19,2.93,0.01,5,1465,买盘
343,13:18:18,2.93,0.0,109,31937,买盘
344,13:18:27,2.93,0.0,5,1465,买盘
345,13:18:48,2.93,0.0,76,22268,买盘
346,13:19:15,2.93,0.0,10,2930,买盘
347,13:19:19,2.93,0.0,39,11427,买盘
348,13:19:51,2.93,0.0,48,14064,买盘
349,13:20:00,2.92,-0.01,6,1752,卖盘
350,13:20:25,2.93,0.01,3,879,买盘
351,13:20:39,2.93,0.0,76,22268,买盘
352,13:20:42,2.92,-0.01,30,8760,卖盘
353,13:21:04,2.93,0.01,55,16115,买盘
354,13:21:42,2.92,-0.01,6,1752,卖盘
355,13:21:45,2.93,0.01,30,8790,买盘
356,13:22:24,2.93,0.0,203,59479,买盘
357,13:22:52,2.93,0.0,26,7618,买盘
358,13:23:04,2.93,0.0,222,65046,买盘
359,13:23:09,2.93,0.0,45,13185,买盘
360,13:23:16,2.93,0.0,67,19631,买盘
361,13:23:22,2.93,0.0,51,14943,买盘
362,13:23:37,2.93,0.0,20,5860,买盘
363,13:23:58,2.93,0.0,89,26077,买盘
364,13:24:01,2.93,0.0,13,3809,买盘
365,13:24:04,2.92,-0.01,23,6716,卖盘
366,13:24:15,2.93,0.01,122,35746,买盘
367,13:24:22,2.93,0.0,264,77352,买盘
368,13:24:24,2.93,0.0,526,154118,买盘
369,13:24:27,2.93,0.0,64,18752,买盘
370,13:25:13,2.93,0.0,19,5567,卖盘
371,13:25:52,2.93,0.0,1,293,卖盘
372,13:26:04,2.93,0.0,394,115442,卖盘
373,13:26:24,2.94,0.01,3,882,买盘
374,13:27:04,2.94,0.0,10,2940,买盘
375,13:27:37,2.93,-0.01,50,14650,卖盘
376,13:27:55,2.93,0.0,20,5860,卖盘
377,13:28:12,2.93,0.0,15,4395,卖盘
378,13:28:25,2.94,0.01,3,882,买盘
379,13:28:43,2.94,0.0,1,294,买盘
380,13:30:10,2.93,-0.01,170,49810,卖盘
381,13:30:19,2.94,0.01,3,882,买盘
382,13:30:31,2.93,-0.01,77,22561,卖盘
383,13:30:49,2.93,0.0,135,39555,卖盘
384,13:31:39,2.93,0.0,100,29300,卖盘
385,13:34:31,2.93,0.0,10,2930,卖盘
386,13:34:45,2.93,0.0,438,128334,卖盘
387,13:34:52,2.93,0.0,62,18166,卖盘
388,13:34:58,2.94,0.01,5,1468,买盘
389,13:35:09,2.93,-0.01,31,9083,卖盘
390,13:35:36,2.93,0.0,500,146500,卖盘
391,13:35:42,2.93,0.0,2,586,卖盘
392,13:36:01,2.94,0.01,110,32330,买盘
393,13:36:16,2.94,0.0,100,29400,买盘
394,13:36:22,2.93,-0.01,4,1172,卖盘
395,13:36:43,2.93,0.0,576,168768,卖盘
396,13:36:57,2.93,0.0,225,65925,买盘
397,13:37:16,2.93,0.0,10,2930,卖盘
398,13:37:27,2.93,0.0,60,17580,卖盘
399,13:37:31,2.93,0.0,13,3809,卖盘
400,13:37:46,2.94,0.01,501,147207,买盘
401,13:38:06,2.93,-0.01,1,293,卖盘
402,13:38:34,2.94,0.01,20,5880,买盘
403,13:39:28,2.93,-0.01,1,293,卖盘
404,13:40:04,2.93,0.0,2,586,卖盘
405,13:41:37,2.93,0.0,12,3516,卖盘
406,13:41:40,2.93,0.0,44,12892,卖盘
407,13:42:19,2.94,0.01,3,882,买盘
408,13:42:54,2.93,-0.01,32,9376,卖盘
409,13:42:57,2.93,0.0,4,1172,卖盘
410,13:43:00,2.93,0.0,20,5860,卖盘
411,13:44:19,2.94,0.01,3,882,买盘
412,13:45:19,2.93,-0.01,50,14650,卖盘
413,13:45:22,2.94,0.01,1,294,买盘
414,13:46:25,2.94,0.0,3,882,买盘
415,13:46:34,2.94,0.0,7,2058,买盘
416,13:46:37,2.94,0.0,190,55860,买盘
417,13:47:39,2.93,-0.01,100,29300,卖盘
418,13:47:51,2.94,0.01,2,588,买盘
419,13:48:00,2.93,-0.01,20,5860,卖盘
420,13:48:25,2.93,0.0,167,48934,卖盘
421,13:48:57,2.93,0.0,24,7032,卖盘
422,13:49:06,2.93,0.0,30,8790,卖盘
423,13:50:16,2.94,0.01,4,1176,买盘
424,13:50:19,2.94,0.0,200,58800,买盘
425,13:52:34,2.93,-0.01,4,1172,卖盘
426,13:53:04,2.94,0.01,3,882,买盘
427,13:53:18,2.93,-0.01,50,14650,卖盘
428,13:53:43,2.93,0.0,20,5860,卖盘
429,13:54:10,2.94,0.01,21,6174,买盘
430,13:54:27,2.93,-0.01,7,2051,卖盘
431,13:54:34,2.94,0.01,21,6174,买盘
432,13:54:58,2.94,0.0,3,882,买盘
433,13:56:12,2.93,-0.01,100,29300,卖盘
434,13:56:58,2.94,0.01,3,882,买盘
435,13:57:04,2.93,-0.01,130,38090,卖盘
436,13:57:07,2.93,0.0,34,9962,卖盘
437,13:57:55,2.93,0.0,127,37211,卖盘
438,13:58:28,2.93,0.0,100,29300,卖盘
439,13:58:48,2.93,0.0,203,59479,卖盘
440,13:58:57,2.94,0.01,12,3519,买盘
441,13:59:15,2.93,-0.01,5,1465,卖盘
442,13:59:25,2.93,0.0,15,4395,卖盘
443,13:59:45,2.93,0.0,47,13771,卖盘
444,13:59:48,2.93,0.0,200,58600,卖盘
445,13:59:52,2.93,0.0,50,14650,卖盘
446,13:59:55,2.93,0.0,1,293,卖盘
447,13:59:58,2.93,0.0,13,3809,卖盘
448,14:00:01,2.93,0.0,46,13478,卖盘
449,14:00:04,2.93,0.0,1007,295051,卖盘
450,14:00:10,2.93,0.0,39,11427,卖盘
451,14:00:12,2.93,0.0,9,2637,卖盘
452,14:00:22,2.93,0.0,118,34574,卖盘
453,14:00:25,2.93,0.0,136,39848,卖盘
454,14:00:30,2.93,0.0,3,879,买盘
455,14:01:37,2.92,-0.01,10,2920,卖盘
456,14:01:46,2.92,0.0,168,49056,卖盘
457,14:02:09,2.92,0.0,170,49640,卖盘
458,14:02:28,2.92,0.0,5,1460,卖盘
459,14:02:43,2.92,0.0,1,292,卖盘
460,14:02:55,2.92,0.0,371,108332,卖盘
461,14:03:19,2.92,0.0,18,5256,卖盘
462,14:03:40,2.93,0.01,3,879,买盘
463,14:04:04,2.92,-0.01,50,14600,卖盘
464,14:05:28,2.92,0.0,10,2920,卖盘
465,14:05:43,2.93,0.01,3,879,买盘
466,14:05:46,2.92,-0.01,5,1460,卖盘
467,14:05:49,2.93,0.01,93,27249,买盘
468,14:05:55,2.93,0.0,117,34281,买盘
469,14:05:58,2.93,0.0,103,30179,买盘
470,14:06:00,2.93,0.0,200,58600,买盘
471,14:06:04,2.93,0.0,35,10255,买盘
472,14:06:19,2.93,0.0,27,7911,买盘
473,14:06:28,2.93,0.0,139,40727,买盘
474,14:06:31,2.93,0.0,40,11720,买盘
475,14:06:37,2.93,0.0,300,87900,买盘
476,14:06:46,2.93,0.0,10,2930,买盘
477,14:06:49,2.93,0.0,85,24905,买盘
478,14:06:52,2.93,0.0,58,16994,买盘
479,14:06:55,2.93,0.0,76,22268,买盘
480,14:06:57,2.93,0.0,159,46587,买盘
481,14:07:00,2.93,0.0,88,25784,买盘
482,14:07:28,2.94,0.01,2,588,买盘
483,14:07:58,2.93,-0.01,83,24319,卖盘
484,14:08:31,2.93,0.0,93,27249,卖盘
485,14:08:55,2.93,0.0,250,73250,卖盘
486,14:09:28,2.93,0.0,64,18752,卖盘
487,14:10:12,2.93,0.0,50,14744,卖盘
488,14:10:36,2.93,0.0,100,29300,卖盘
489,14:11:33,2.94,0.01,4,1176,买盘
490,14:13:28,2.93,-0.01,1,293,卖盘
491,14:13:54,2.94,0.01,22,6468,买盘
492,14:14:12,2.94,0.0,4,1176,买盘
493,14:14:57,2.94,0.0,56,16464,买盘
494,14:15:28,2.93,-0.01,3,879,卖盘
495,14:15:36,2.93,0.0,2,586,卖盘
496,14:15:55,2.94,0.01,10,2940,买盘
497,14:16:04,2.93,-0.01,51,14943,卖盘
498,14:16:13,2.93,0.0,1,293,卖盘
499,14:16:19,2.93,0.0,7,2051,卖盘
500,14:16:37,2.93,0.0,502,147086,卖盘
501,14:16:46,2.93,0.0,2,586,卖盘
502,14:16:58,2.93,0.0,62,18166,卖盘
503,14:17:01,2.94,0.01,2,588,买盘
504,14:17:04,2.93,-0.01,1,293,卖盘
505,14:17:13,2.93,0.0,3,879,卖盘
506,14:17:19,2.93,0.0,2,586,卖盘
507,14:17:42,2.93,0.0,52,15236,卖盘
508,14:17:49,2.93,0.0,2,586,卖盘
509,14:17:55,2.93,0.0,2,586,卖盘
510,14:18:07,2.94,0.01,316,92904,买盘
511,14:18:19,2.93,-0.01,2,586,卖盘
512,14:18:21,2.94,0.01,40,11760,买盘
513,14:18:28,2.93,-0.01,2,586,卖盘
514,14:18:37,2.94,0.01,48,14112,买盘
515,14:18:49,2.94,0.0,3,882,买盘
516,14:18:57,2.94,0.0,1,294,买盘
517,14:19:09,2.93,-0.01,2,586,卖盘
518,14:19:19,2.94,0.01,38,11172,买盘
519,14:19:22,2.93,-0.01,2,586,卖盘
520,14:19:39,2.93,0.0,20,5860,卖盘
521,14:19:43,2.94,0.01,6,1764,买盘
522,14:19:46,2.94,0.0,17,4998,买盘
523,14:19:54,2.93,-0.01,61,17873,卖盘
524,14:19:57,2.94,0.01,20,5880,买盘
525,14:20:00,2.93,-0.01,3,879,卖盘
526,14:20:10,2.93,0.0,3,879,卖盘
527,14:20:19,2.93,0.0,15,4395,卖盘
528,14:20:22,2.94,0.01,83,24402,买盘
529,14:20:25,2.93,-0.01,5,1467,卖盘
530,14:20:46,2.94,0.01,63,18522,买盘
531,14:20:55,2.94,0.0,4,1176,买盘
532,14:21:01,2.93,-0.01,3,879,卖盘
533,14:21:52,2.93,0.0,4,1172,卖盘
534,14:22:04,2.93,0.0,3,879,卖盘
535,14:22:13,2.94,0.01,51,14993,买盘
536,14:22:22,2.93,-0.01,3,879,卖盘
537,14:22:28,2.93,0.0,2,586,卖盘
538,14:22:37,2.93,0.0,2,586,卖盘
539,14:22:42,2.94,0.01,71,20874,买盘
540,14:22:46,2.93,-0.01,21,6172,卖盘
541,14:22:49,2.94,0.01,132,38808,买盘
542,14:22:51,2.94,0.0,56,16464,买盘
543,14:22:55,2.94,0.0,5,1470,买盘
544,14:22:58,2.94,0.0,10,2940,买盘
545,14:23:28,2.94,0.0,3,882,买盘
546,14:23:31,2.93,-0.01,20,5860,卖盘
547,14:24:13,2.93,0.0,10,2930,卖盘
548,14:24:58,2.94,0.01,4,1176,买盘
549,14:25:22,2.93,-0.01,50,14650,卖盘
550,14:25:40,2.93,0.0,80,23440,卖盘
551,14:26:07,2.94,0.01,1,294,买盘
552,14:26:25,2.94,0.0,2,588,买盘
553,14:26:34,2.93,-0.01,6,1758,卖盘
554,14:26:37,2.94,0.01,15,4410,买盘
555,14:26:52,2.93,-0.01,20,5860,卖盘
556,14:26:55,2.94,0.01,35,10290,买盘
557,14:26:58,2.94,0.0,49,14406,买盘
558,14:27:01,2.94,0.0,592,174048,买盘
559,14:27:04,2.94,0.0,174,51156,买盘
560,14:27:10,2.94,0.0,570,167580,买盘
561,14:27:19,2.94,0.0,5863,1723722,买盘
562,14:27:28,2.95,0.01,1,295,买盘
563,14:27:34,2.94,-0.01,136,40045,卖盘
564,14:27:40,2.95,0.01,158,46610,买盘
565,14:27:46,2.95,0.0,173,51035,买盘
566,14:27:48,2.95,0.0,78,23010,买盘
567,14:27:52,2.95,0.0,412,121540,买盘
568,14:27:55,2.95,0.0,261,76995,买盘
569,14:28:01,2.95,0.0,530,156350,买盘
570,14:28:04,2.95,0.0,314,92630,买盘
571,14:28:07,2.95,0.0,153,45135,买盘
572,14:28:10,2.95,0.0,75,22125,买盘
573,14:28:19,2.95,0.0,101,29795,买盘
574,14:28:22,2.95,0.0,434,128030,买盘
575,14:28:28,2.95,0.0,40,11800,买盘
576,14:28:37,2.95,0.0,198,58410,买盘
577,14:28:39,2.95,0.0,150,44250,买盘
578,14:28:46,2.95,0.0,69,20325,买盘
579,14:28:49,2.95,0.0,59,17405,买盘
580,14:28:51,2.95,0.0,47,13865,买盘
581,14:28:55,2.95,0.0,291,85845,买盘
582,14:28:58,2.95,0.0,28,8260,买盘
583,14:29:00,2.95,0.0,18,5310,买盘
584,14:29:10,2.94,-0.01,178,52332,卖盘
585,14:29:12,2.95,0.01,10,2950,买盘
586,14:29:22,2.94,-0.01,100,29400,卖盘
587,14:29:25,2.95,0.01,10,2950,买盘
588,14:29:37,2.94,-0.01,300,88200,卖盘
589,14:29:40,2.94,0.0,7,2058,卖盘
590,14:29:58,2.95,0.01,103,30385,买盘
591,14:30:07,2.94,-0.01,180,52920,卖盘
592,14:30:10,2.94,0.0,122,35868,卖盘
593,14:30:16,2.94,0.0,88,25872,卖盘
594,14:30:19,2.94,0.0,212,62328,买盘
595,14:30:22,2.94,0.0,90,26460,卖盘
596,14:30:34,2.94,0.0,3,882,卖盘
597,14:30:45,2.95,0.01,24,7080,买盘
598,14:30:55,2.95,0.0,10,2950,买盘
599,14:31:04,2.95,0.0,17,5015,买盘
600,14:31:10,2.95,0.0,72,21240,买盘
601,14:31:36,2.94,-0.01,6,1764,卖盘
602,14:31:43,2.94,0.0,6,1764,卖盘
603,14:31:58,2.94,0.0,385,113190,卖盘
604,14:32:01,2.94,0.0,20,5880,卖盘
605,14:32:28,2.95,0.01,53,15635,买盘
606,14:32:39,2.95,0.0,45,13270,买盘
607,14:32:45,2.95,0.0,50,14750,买盘
608,14:33:07,2.95,0.0,188,55460,买盘
609,14:33:09,2.95,0.0,40,11800,买盘
610,14:33:12,2.95,0.0,27,7965,买盘
611,14:33:16,2.95,0.0,100,29500,买盘
612,14:33:33,2.94,-0.01,4,1176,卖盘
613,14:33:40,2.95,0.01,492,145140,买盘
614,14:34:07,2.95,0.0,186,54820,买盘
615,14:34:09,2.94,-0.01,169,49686,卖盘
616,14:34:13,2.95,0.01,7,2065,买盘
617,14:34:24,2.95,0.0,488,143960,买盘
618,14:34:37,2.95,0.0,1118,329810,买盘
619,14:34:49,2.95,0.0,3,885,买盘
620,14:34:58,2.95,0.0,78,23010,买盘
621,14:35:04,2.95,0.0,10,2950,买盘
622,14:35:06,2.95,0.0,19,5605,买盘
623,14:35:10,2.95,0.0,17,5015,买盘
624,14:35:19,2.95,0.0,300,88500,买盘
625,14:35:22,2.95,0.0,10,2950,买盘
626,14:35:46,2.95,0.0,4,1180,买盘
627,14:36:01,2.95,0.0,19,5605,买盘
628,14:36:04,2.95,0.0,12,3540,买盘
629,14:36:09,2.94,-0.01,8,2352,卖盘
630,14:36:12,2.94,0.0,3,882,卖盘
631,14:36:30,2.94,0.0,82,24108,卖盘
632,14:36:40,2.95,0.01,10,2950,买盘
633,14:36:52,2.95,0.0,30,8850,买盘
634,14:36:55,2.95,0.0,10,2950,买盘
635,14:37:01,2.94,-0.01,10,2940,卖盘
636,14:37:09,2.94,0.0,30,8820,卖盘
637,14:37:19,2.94,0.0,50,14700,卖盘
638,14:37:31,2.94,0.0,188,55272,卖盘
639,14:37:37,2.94,0.0,8,2352,卖盘
640,14:38:13,2.95,0.01,30,8850,买盘
641,14:38:52,2.95,0.0,45,13240,买盘
642,14:38:55,2.95,0.0,17,5015,买盘
643,14:38:58,2.94,-0.01,8,2352,卖盘
644,14:39:12,2.94,0.0,3,882,卖盘
645,14:40:31,2.94,0.0,50,14700,卖盘
646,14:40:55,2.95,0.01,40,11800,买盘
647,14:40:57,2.94,-0.01,162,47628,卖盘
648,14:41:04,2.94,0.0,7,2058,卖盘
649,14:41:58,2.94,0.0,10,2940,卖盘
650,14:42:10,2.94,0.0,30,8820,卖盘
651,14:42:22,2.95,0.01,31,9145,买盘
652,14:42:28,2.94,-0.01,30,8820,卖盘
653,14:42:31,2.95,0.01,1,295,买盘
654,14:42:34,2.94,-0.01,30,8820,卖盘
655,14:42:37,2.95,0.01,133,39235,买盘
656,14:42:43,2.95,0.0,262,77290,买盘
657,14:42:49,2.95,0.0,99,29205,买盘
658,14:42:52,2.95,0.0,30,8850,买盘
659,14:42:54,2.95,0.0,88,25960,买盘
660,14:43:01,2.95,0.0,366,107970,买盘
661,14:43:04,2.95,0.0,82,24190,买盘
662,14:43:07,2.95,0.0,255,75225,买盘
663,14:43:13,2.95,0.0,9,2655,买盘
664,14:43:22,2.95,0.0,117,34515,买盘
665,14:43:33,2.95,0.0,15,4425,买盘
666,14:43:36,2.95,0.0,24,7080,买盘
667,14:43:40,2.95,0.0,58,17110,买盘
668,14:43:43,2.95,0.0,1,295,买盘
669,14:43:46,2.95,0.0,35,10325,买盘
670,14:44:10,2.95,0.0,5,1475,买盘
671,14:44:25,2.95,0.0,105,30975,买盘
672,14:44:31,2.95,0.0,32,9440,买盘
673,14:44:34,2.95,0.0,1,295,买盘
674,14:44:40,2.95,0.0,150,44250,买盘
675,14:44:43,2.95,0.0,183,53985,买盘
676,14:44:55,2.94,-0.01,100,29400,卖盘
677,14:45:10,2.95,0.01,2,590,买盘
678,14:45:25,2.95,0.0,100,29500,买盘
679,14:45:31,2.95,0.0,20,5900,买盘
680,14:45:36,2.95,0.0,170,50150,买盘
681,14:45:40,2.95,0.0,39,11505,买盘
682,14:45:46,2.95,0.0,199,58705,买盘
683,14:45:55,2.95,0.0,200,59000,买盘
684,14:46:13,2.95,0.0,260,76700,买盘
685,14:46:18,2.95,0.0,231,68145,买盘
686,14:46:22,2.94,-0.01,200,58800,卖盘
687,14:46:37,2.95,0.01,39,11505,买盘
688,14:46:40,2.95,0.0,163,48085,买盘
689,14:46:42,2.94,-0.01,34,9996,卖盘
690,14:46:46,2.95,0.01,500,147500,买盘
691,14:46:55,2.95,0.0,205,60470,买盘
692,14:46:57,2.95,0.0,110,32450,买盘
693,14:47:01,2.95,0.0,215,63425,买盘
694,14:47:04,2.95,0.0,414,122130,买盘
695,14:47:07,2.95,0.0,28,8393,买盘
696,14:47:19,2.95,0.0,80,23600,卖盘
697,14:47:31,2.95,0.0,187,55032,卖盘
698,14:47:34,2.95,0.0,50,14750,买盘
699,14:47:37,2.95,0.0,64,18880,买盘
700,14:47:40,2.95,0.0,16,4720,买盘
701,14:47:49,2.95,0.0,10,2950,买盘
702,14:47:51,2.95,0.0,10,2950,买盘
703,14:47:55,2.95,0.0,119,35105,买盘
704,14:47:58,2.95,0.0,20,6033,买盘
705,14:48:04,2.95,0.0,100,29500,卖盘
706,14:48:09,2.96,0.01,105,31075,买盘
707,14:48:13,2.95,-0.01,99,29208,卖盘
708,14:48:16,2.96,0.01,50,14800,买盘
709,14:48:25,2.95,-0.01,20,5900,卖盘
710,14:48:28,2.95,0.0,30,8850,卖盘
711,14:48:37,2.95,0.0,236,69620,卖盘
712,14:48:40,2.95,0.0,56,16570,卖盘
713,14:48:49,2.96,0.01,26,7696,买盘
714,14:49:01,2.96,0.0,300,88600,买盘
715,14:49:13,2.95,-0.01,11,3245,卖盘
716,14:49:16,2.96,0.01,3,888,买盘
717,14:49:18,2.96,0.0,60,17760,买盘
718,14:49:22,2.95,-0.01,100,29500,卖盘
719,14:49:37,2.95,0.0,10,2950,卖盘
720,14:49:43,2.95,0.0,53,15652,卖盘
721,14:49:45,2.96,0.01,20,5920,买盘
722,14:49:52,2.95,-0.01,22,6490,卖盘
723,14:49:55,2.95,0.0,20,5900,卖盘
724,14:50:01,2.95,0.0,3,885,卖盘
725,14:50:07,2.95,0.0,13,3845,卖盘
726,14:50:10,2.96,0.01,8,2368,买盘
727,14:50:13,2.96,0.0,36,10656,买盘
728,14:50:25,2.96,0.0,40,11840,买盘
729,14:50:31,2.95,-0.01,158,46748,卖盘
730,14:50:34,2.96,0.01,17,5032,买盘
731,14:50:37,2.96,0.0,90,26581,买盘
732,14:50:40,2.96,0.0,3,888,买盘
733,14:50:46,2.95,-0.01,25,7375,卖盘
734,14:50:54,2.96,0.01,100,29600,买盘
735,14:51:07,2.96,0.0,11,3256,买盘
736,14:51:10,2.96,0.0,154,45584,买盘
737,14:51:13,2.96,0.0,2,592,买盘
738,14:51:25,2.96,0.0,10,2960,买盘
739,14:51:33,2.96,0.0,331,97976,买盘
740,14:51:36,2.96,0.0,65,19240,买盘
741,14:51:40,2.96,0.0,1,296,买盘
742,14:51:43,2.96,0.0,11,3256,买盘
743,14:51:46,2.95,-0.01,55,16250,卖盘
744,14:51:49,2.96,0.01,30,8880,买盘
745,14:51:55,2.96,0.0,46,13616,买盘
746,14:51:58,2.96,0.0,10,2960,买盘
747,14:52:07,2.96,0.0,9,2664,买盘
748,14:52:16,2.95,-0.01,9,2655,卖盘
749,14:52:31,2.95,0.0,55,16275,卖盘
750,14:52:37,2.96,0.01,32,9462,买盘
751,14:52:43,2.95,-0.01,287,84665,卖盘
752,14:52:51,2.96,0.01,16,4736,买盘
753,14:52:55,2.95,-0.01,70,20650,卖盘
754,14:52:58,2.96,0.01,100,29600,买盘
755,14:53:01,2.95,-0.01,45,13275,卖盘
756,14:53:10,2.95,0.0,52,15340,卖盘
757,14:53:13,2.95,0.0,1744,514447,卖盘
758,14:53:19,2.95,0.0,39,11505,买盘
759,14:53:28,2.95,0.0,154,45430,买盘
760,14:53:31,2.95,0.0,100,29500,买盘
761,14:53:34,2.95,0.0,154,45430,买盘
762,14:53:40,2.95,0.0,59,17405,买盘
763,14:53:55,2.95,0.0,100,29500,买盘
764,14:53:58,2.95,0.0,30,8850,买盘
765,14:54:04,2.95,0.0,242,71390,买盘
766,14:54:25,2.95,0.0,60,17700,买盘
767,14:54:28,2.95,0.0,9,2655,买盘
768,14:54:34,2.94,-0.01,29,8526,卖盘
769,14:54:37,2.95,0.01,780,230100,买盘
770,14:54:43,2.95,0.0,10,2950,买盘
771,14:55:01,2.95,0.0,38,11210,买盘
772,14:55:04,2.95,0.0,189,55755,买盘
773,14:55:28,2.95,0.0,7,2065,买盘
774,14:55:36,2.95,0.0,277,81715,买盘
775,14:55:43,2.95,0.0,50,14750,买盘
776,14:55:49,2.95,0.0,21,6195,买盘
777,14:55:55,2.95,0.0,58,17110,买盘
778,14:56:04,2.95,0.0,370,109150,买盘
779,14:56:13,2.95,0.0,177,52215,买盘
780,14:56:22,2.95,0.0,116,34220,买盘
781,14:56:25,2.95,0.0,615,181425,买盘
782,14:56:31,2.95,0.0,199,58705,买盘
783,14:56:34,2.95,0.0,237,69915,买盘
784,14:56:40,2.95,0.0,353,104135,买盘
785,14:56:43,2.95,0.0,567,167265,买盘
786,14:56:45,2.95,0.0,100,29500,买盘
787,14:56:49,2.95,0.0,90,26550,买盘
788,14:56:55,2.95,0.0,65,19308,买盘
789,14:56:58,2.96,0.01,34,10064,买盘
790,15:00:05,2.96,0.0,2452,725792,卖盘
