,time,price,change,volume,amount,type
0,09:25:04,6.84,-0.08,659,450756,卖盘
1,09:30:04,6.8,-0.04,321,218472,卖盘
2,09:30:07,6.8,0.0,117,79555,买盘
3,09:30:10,6.79,-0.01,32,21743,卖盘
4,09:30:12,6.78,-0.01,12,8162,卖盘
5,09:30:15,6.8,0.02,26,17679,买盘
6,09:30:18,6.79,-0.01,140,94921,中性盘
7,09:30:21,6.8,0.01,31,21080,买盘
8,09:30:28,6.8,0.0,107,72585,买盘
9,09:30:31,6.79,-0.01,31,21052,卖盘
10,09:30:39,6.79,0.0,4,2716,卖盘
11,09:30:43,6.79,0.0,160,108650,卖盘
12,09:30:45,6.79,0.0,16,10864,买盘
13,09:30:52,6.78,-0.01,310,210209,卖盘
14,09:30:54,6.78,0.0,140,94920,买盘
15,09:31:04,6.77,-0.01,19,12872,卖盘
16,09:31:06,6.77,0.0,26,17603,卖盘
17,09:31:09,6.78,0.01,73,49435,买盘
18,09:31:13,6.77,-0.01,6,4062,买盘
19,09:31:15,6.77,0.0,7,4739,卖盘
20,09:31:18,6.77,0.0,10,6770,买盘
21,09:31:22,6.76,-0.01,48,32470,卖盘
22,09:31:24,6.77,0.01,46,31142,买盘
23,09:31:28,6.76,-0.01,151,102134,卖盘
24,09:31:30,6.76,0.0,22,14872,买盘
25,09:31:33,6.76,0.0,39,26364,买盘
26,09:31:36,6.76,0.0,72,48639,买盘
27,09:31:40,6.76,0.0,10,6760,买盘
28,09:31:43,6.76,0.0,215,145189,买盘
29,09:31:46,6.76,0.0,50,33800,买盘
30,09:31:49,6.75,-0.01,67,45226,卖盘
31,09:31:51,6.76,0.01,58,39208,买盘
32,09:31:54,6.73,-0.03,669,450871,卖盘
33,09:31:57,6.73,0.0,76,51148,买盘
34,09:32:01,6.73,0.0,114,76722,买盘
35,09:32:04,6.75,0.02,113,76193,买盘
36,09:32:07,6.72,-0.03,106,71280,卖盘
37,09:32:09,6.76,0.04,28,18913,买盘
38,09:32:15,6.73,-0.03,60,40390,卖盘
39,09:32:18,6.74,0.01,25,16850,买盘
40,09:32:22,6.74,0.0,1,674,买盘
41,09:32:25,6.73,-0.01,79,53196,卖盘
42,09:32:27,6.74,0.01,73,49202,买盘
43,09:32:34,6.74,0.0,9,6066,卖盘
44,09:32:36,6.75,0.01,23,15525,买盘
45,09:32:45,6.75,0.0,14,9463,卖盘
46,09:32:48,6.76,0.01,9,6084,买盘
47,09:32:52,6.76,0.0,39,26364,买盘
48,09:32:55,6.76,0.0,182,123032,买盘
49,09:32:57,6.76,0.0,31,20956,买盘
50,09:33:00,6.76,0.0,80,54074,买盘
51,09:33:03,6.76,0.0,12,8114,卖盘
52,09:33:06,6.77,0.01,41,27757,买盘
53,09:33:10,6.77,0.0,12,8124,买盘
54,09:33:12,6.77,0.0,1,677,买盘
55,09:33:16,6.77,0.0,28,18950,买盘
56,09:33:19,6.78,0.01,28,18984,买盘
57,09:33:21,6.78,0.0,9,6102,买盘
58,09:33:24,6.78,0.0,50,33900,买盘
59,09:33:27,6.77,-0.01,9,6096,卖盘
60,09:33:30,6.78,0.01,41,27798,买盘
61,09:33:33,6.78,0.0,5,3390,买盘
62,09:33:37,6.78,0.0,39,26442,买盘
63,09:33:40,6.77,-0.01,5,3388,卖盘
64,09:33:42,6.78,0.01,75,50850,买盘
65,09:33:45,6.78,0.0,16,10848,买盘
66,09:33:48,6.78,0.0,41,27798,买盘
67,09:33:51,6.79,0.01,1,679,买盘
68,09:33:54,6.78,-0.01,82,55596,卖盘
69,09:33:58,6.77,-0.01,22,14894,卖盘
70,09:34:00,6.78,0.01,36,24380,买盘
71,09:34:04,6.78,0.0,53,35934,买盘
72,09:34:09,6.77,-0.01,134,90752,卖盘
73,09:34:12,6.78,0.01,58,39300,买盘
74,09:34:16,6.77,-0.01,70,47390,卖盘
75,09:34:19,6.76,-0.01,226,152906,卖盘
76,09:34:22,6.77,0.01,11,7447,中性盘
77,09:34:28,6.77,0.0,10,6770,买盘
78,09:34:31,6.76,-0.01,15,10140,卖盘
79,09:34:33,6.76,0.0,5,3381,卖盘
80,09:34:36,6.78,0.02,32,21684,买盘
81,09:34:40,6.76,-0.02,10,6760,卖盘
82,09:34:43,6.77,0.01,1,677,买盘
83,09:34:52,6.77,0.0,38,25689,买盘
84,09:34:55,6.76,-0.01,1,676,卖盘
85,09:34:57,6.76,0.0,3,2028,卖盘
86,09:35:01,6.77,0.01,8,5416,买盘
87,09:35:04,6.76,-0.01,19,12845,卖盘
88,09:35:06,6.77,0.01,99,66983,买盘
89,09:35:09,6.77,0.0,105,71085,买盘
90,09:35:12,6.77,0.0,250,169493,买盘
91,09:35:15,6.77,0.0,10,6770,卖盘
92,09:35:18,6.77,0.0,18,12186,卖盘
93,09:35:21,6.78,0.01,1,678,买盘
94,09:35:25,6.78,0.0,15,10170,买盘
95,09:35:27,6.77,-0.01,381,258147,卖盘
96,09:35:30,6.78,0.01,12,8130,买盘
97,09:35:34,6.78,0.0,12,8135,买盘
98,09:35:36,6.78,0.0,50,33900,买盘
99,09:35:39,6.77,-0.01,137,92749,卖盘
100,09:35:42,6.77,0.0,18,12186,买盘
101,09:35:45,6.77,0.0,11,7446,买盘
102,09:35:49,6.76,-0.01,42,28424,卖盘
103,09:35:52,6.78,0.02,17,11510,买盘
104,09:36:04,6.77,-0.01,19,12863,卖盘
105,09:36:06,6.77,0.0,52,35255,卖盘
106,09:36:09,6.77,0.0,2,1355,卖盘
107,09:36:13,6.78,0.01,10,6780,买盘
108,09:36:16,6.77,-0.01,108,73124,卖盘
109,09:36:18,6.78,0.01,11,7457,买盘
110,09:36:21,6.78,0.0,1,678,买盘
111,09:36:24,6.77,-0.01,2,1355,卖盘
112,09:36:36,6.78,0.01,5,3390,买盘
113,09:36:49,6.78,0.0,41,27797,买盘
114,09:36:51,6.78,0.0,1,678,买盘
115,09:36:54,6.78,0.0,5,3390,买盘
116,09:36:57,6.77,-0.01,232,157064,卖盘
117,09:37:01,6.77,0.0,21,14217,卖盘
118,09:37:04,6.77,0.0,54,36558,卖盘
119,09:37:10,6.78,0.01,220,149083,买盘
120,09:37:12,6.77,-0.01,16,10842,买盘
121,09:37:21,6.78,0.01,1,678,买盘
122,09:37:24,6.77,-0.01,11,7447,卖盘
123,09:37:30,6.78,0.01,2,1356,买盘
124,09:37:40,6.77,-0.01,1,677,卖盘
125,09:37:43,6.77,0.0,4,2708,卖盘
126,09:37:48,6.77,0.0,10,6770,卖盘
127,09:37:51,6.77,0.0,8,5416,卖盘
128,09:37:57,6.77,0.0,2,1354,卖盘
129,09:38:04,6.77,0.0,7,4739,卖盘
130,09:38:12,6.78,0.01,1,678,买盘
131,09:38:15,6.78,0.0,50,33899,买盘
132,09:38:18,6.77,-0.01,1,677,卖盘
133,09:38:21,6.78,0.01,2,1356,买盘
134,09:38:30,6.77,-0.01,1,677,卖盘
135,09:38:36,6.77,0.0,1,677,卖盘
136,09:38:40,6.77,0.0,96,65031,卖盘
137,09:38:46,6.78,0.01,228,154807,买盘
138,09:38:48,6.78,0.0,10,6780,卖盘
139,09:38:51,6.79,0.01,50,33941,买盘
140,09:38:54,6.79,0.0,53,35987,买盘
141,09:39:00,6.79,0.01,39,26481,买盘
142,09:39:03,6.79,0.0,8,5452,买盘
143,09:39:06,6.79,0.0,1,679,卖盘
144,09:39:09,6.79,0.0,12,8148,卖盘
145,09:39:13,6.8,0.01,3,2038,买盘
146,09:39:15,6.79,-0.01,5,3395,卖盘
147,09:39:21,6.79,0.0,15,10185,买盘
148,09:39:25,6.79,0.0,10,6790,买盘
149,09:39:30,6.79,0.0,5,3395,买盘
150,09:39:33,6.79,0.0,5,3395,买盘
151,09:39:42,6.79,0.0,31,21049,买盘
152,09:39:45,6.79,0.0,1,679,买盘
153,09:39:48,6.79,0.0,32,21728,买盘
154,09:39:51,6.79,0.0,3,2037,卖盘
155,09:39:55,6.8,0.01,40,27200,买盘
156,09:40:00,6.81,0.01,12,8163,买盘
157,09:40:03,6.81,0.0,15,10215,买盘
158,09:40:06,6.81,0.0,40,27240,买盘
159,09:40:10,6.8,-0.01,61,41492,卖盘
160,09:40:12,6.8,0.0,24,16320,买盘
161,09:40:15,6.8,0.0,126,85680,买盘
162,09:40:18,6.81,0.01,68,46277,买盘
163,09:40:25,6.81,0.0,3,2043,买盘
164,09:40:36,6.81,0.0,7,4764,买盘
165,09:40:40,6.8,-0.01,106,72103,卖盘
166,09:40:43,6.81,0.01,74,50377,买盘
167,09:40:45,6.81,0.0,28,19068,买盘
168,09:40:52,6.81,0.0,21,14286,买盘
169,09:40:54,6.8,-0.01,100,68000,卖盘
170,09:40:57,6.81,0.01,29,19749,买盘
171,09:41:00,6.8,-0.01,15,10200,卖盘
172,09:41:04,6.81,0.01,6,4086,买盘
173,09:41:06,6.81,0.0,1,681,买盘
174,09:41:09,6.81,0.0,50,34050,买盘
175,09:41:13,6.81,0.0,2,1362,买盘
176,09:41:18,6.81,0.0,10,6810,买盘
177,09:41:21,6.81,0.0,8,5448,买盘
178,09:41:24,6.82,0.01,1,682,买盘
179,09:41:36,6.82,0.0,46,31372,买盘
180,09:41:45,6.82,0.0,73,49786,买盘
181,09:41:48,6.82,0.0,15,10230,卖盘
182,09:41:51,6.82,0.0,19,12958,卖盘
183,09:41:54,6.82,0.0,1,682,买盘
184,09:41:57,6.82,0.0,10,6820,买盘
185,09:42:09,6.81,-0.01,123,83786,卖盘
186,09:42:12,6.82,0.01,6,4092,买盘
187,09:42:18,6.81,-0.01,37,25197,卖盘
188,09:42:21,6.81,0.0,90,61298,卖盘
189,09:42:24,6.81,0.0,24,16331,买盘
190,09:42:31,6.8,-0.01,2,1360,卖盘
191,09:42:36,6.8,0.0,10,6800,卖盘
192,09:42:39,6.8,0.0,7,4760,卖盘
193,09:42:42,6.8,0.0,86,58480,卖盘
194,09:42:45,6.8,0.0,9,6120,卖盘
195,09:42:48,6.8,0.0,1,680,买盘
196,09:42:55,6.8,0.0,1,680,买盘
197,09:43:04,6.8,0.0,28,19040,买盘
198,09:43:06,6.8,0.0,8,5440,买盘
199,09:43:09,6.79,-0.01,26,17654,卖盘
200,09:43:12,6.8,0.01,1,680,买盘
201,09:43:21,6.8,0.0,3,2040,买盘
202,09:43:28,6.79,-0.01,66,44814,卖盘
203,09:43:31,6.79,0.0,4,2716,买盘
204,09:43:36,6.79,0.0,12,8148,卖盘
205,09:43:51,6.8,0.01,1,680,买盘
206,09:43:54,6.8,0.0,3,2040,买盘
207,09:43:58,6.79,-0.01,10,6790,卖盘
208,09:44:01,6.8,0.01,9,6120,买盘
209,09:44:04,6.8,0.0,10,6800,买盘
210,09:44:06,6.8,0.0,2,1360,买盘
211,09:44:09,6.8,0.0,24,16310,买盘
212,09:44:13,6.8,0.0,2,1360,买盘
213,09:44:22,6.8,0.0,24,16319,买盘
214,09:44:24,6.8,0.0,3,2040,买盘
215,09:44:27,6.8,0.0,31,21080,买盘
216,09:44:34,6.8,0.0,27,18360,买盘
217,09:44:39,6.8,0.0,10,6800,买盘
218,09:44:42,6.8,0.0,3,2040,买盘
219,09:44:45,6.8,0.0,3,2040,买盘
220,09:44:49,6.8,0.0,11,7480,买盘
221,09:44:51,6.8,0.0,32,21760,买盘
222,09:45:00,6.8,0.0,30,20400,买盘
223,09:45:03,6.8,0.0,11,7480,买盘
224,09:45:10,6.8,0.0,6,4080,卖盘
225,09:45:12,6.8,0.0,3,2040,买盘
226,09:45:15,6.8,0.0,3,2040,买盘
227,09:45:21,6.8,0.0,2,1360,买盘
228,09:45:24,6.8,0.0,11,7480,买盘
229,09:45:27,6.8,0.0,16,10880,买盘
230,09:45:30,6.8,0.0,14,9520,买盘
231,09:45:33,6.79,-0.01,6,4074,卖盘
232,09:45:36,6.8,0.01,1,680,中性盘
233,09:45:42,6.81,0.01,4,2722,买盘
234,09:45:54,6.81,0.0,8,5448,买盘
235,09:45:57,6.8,-0.01,5,3400,卖盘
236,09:46:00,6.81,0.01,28,19068,买盘
237,09:46:04,6.81,0.0,83,56523,买盘
238,09:46:09,6.8,-0.01,8,5441,卖盘
239,09:46:12,6.82,0.02,74,50468,买盘
240,09:46:15,6.82,0.0,22,15004,买盘
241,09:46:19,6.81,-0.01,2,1362,卖盘
242,09:46:22,6.81,0.0,4,2724,卖盘
243,09:46:27,6.81,0.0,13,8853,买盘
244,09:46:33,6.81,0.0,33,22473,买盘
245,09:46:36,6.81,0.0,28,19068,卖盘
246,09:46:45,6.81,0.0,38,25878,买盘
247,09:46:48,6.8,-0.01,50,34000,卖盘
248,09:46:51,6.81,0.01,18,12258,买盘
249,09:46:54,6.81,0.0,10,6810,买盘
250,09:46:57,6.81,0.0,10,6810,买盘
251,09:47:00,6.81,0.0,10,6810,买盘
252,09:47:04,6.81,0.0,1,681,买盘
253,09:47:09,6.81,0.0,1,681,中性盘
254,09:47:12,6.81,0.0,1,681,买盘
255,09:47:15,6.8,-0.01,305,207400,卖盘
256,09:47:18,6.8,0.0,15,10200,卖盘
257,09:47:24,6.81,0.01,7,4764,买盘
258,09:47:27,6.8,-0.01,102,69360,卖盘
259,09:47:30,6.8,0.0,10,6800,买盘
260,09:47:33,6.8,0.0,124,84320,买盘
261,09:47:36,6.79,-0.01,229,155499,卖盘
262,09:47:39,6.81,0.02,24,16306,买盘
263,09:47:51,6.81,0.0,2,1362,买盘
264,09:48:03,6.81,0.0,2,1362,买盘
265,09:48:12,6.81,0.0,21,14301,买盘
266,09:48:15,6.81,0.0,6,4086,买盘
267,09:48:24,6.81,0.0,2,1362,买盘
268,09:48:42,6.81,0.0,1,681,买盘
269,09:48:46,6.81,0.0,39,26559,买盘
270,09:48:49,6.81,0.0,3,2043,买盘
271,09:48:52,6.81,0.0,86,58566,卖盘
272,09:49:03,6.81,0.0,41,27909,买盘
273,09:49:12,6.81,0.0,1,681,买盘
274,09:49:21,6.81,0.0,10,6810,买盘
275,09:49:27,6.81,0.0,63,42903,买盘
276,09:49:37,6.8,-0.01,201,136735,卖盘
277,09:49:39,6.8,0.0,20,13600,买盘
278,09:49:45,6.79,-0.01,2,1358,卖盘
279,09:49:54,6.8,0.01,4,2720,买盘
280,09:50:04,6.8,0.0,7,4760,买盘
281,09:50:06,6.8,0.0,1,680,买盘
282,09:50:09,6.8,0.0,50,34000,买盘
283,09:50:12,6.8,0.0,2,1360,买盘
284,09:50:15,6.79,-0.01,5,3395,卖盘
285,09:50:21,6.8,0.01,1,680,买盘
286,09:50:33,6.79,-0.01,30,20398,卖盘
287,09:50:45,6.79,0.0,6,4074,卖盘
288,09:50:51,6.8,0.01,4,2720,买盘
289,09:50:54,6.79,-0.01,10,6790,卖盘
290,09:51:00,6.8,0.01,33,22427,买盘
291,09:51:04,6.8,0.0,2,1360,买盘
292,09:51:12,6.8,0.0,14,9517,买盘
293,09:51:19,6.8,0.0,2,1360,买盘
294,09:51:27,6.8,0.0,3,2040,买盘
295,09:51:31,6.79,-0.01,22,14955,卖盘
296,09:51:33,6.8,0.01,2,1360,买盘
297,09:51:42,6.8,0.0,22,14960,买盘
298,09:51:45,6.8,0.0,7,4760,买盘
299,09:51:48,6.8,0.0,2,1360,买盘
300,09:51:51,6.8,0.0,285,193800,买盘
301,09:51:54,6.8,0.0,67,45560,买盘
302,09:51:58,6.8,0.0,44,29920,买盘
303,09:52:01,6.8,0.0,15,10200,买盘
304,09:52:04,6.8,0.0,38,25896,卖盘
305,09:52:07,6.82,0.02,36,24530,买盘
306,09:52:12,6.82,0.0,1,682,买盘
307,09:52:15,6.8,-0.02,2,1360,买盘
308,09:52:19,6.8,0.0,2,1360,买盘
309,09:52:24,6.8,0.0,2,1360,买盘
310,09:52:27,6.8,0.0,9,6120,买盘
311,09:52:30,6.8,0.0,2,1360,卖盘
312,09:52:46,6.8,0.0,48,32640,卖盘
313,09:52:49,6.8,0.0,98,66611,买盘
314,09:52:51,6.8,0.0,8,5440,买盘
315,09:53:00,6.8,0.0,20,13600,买盘
316,09:53:03,6.8,0.0,2,1360,买盘
317,09:53:06,6.8,0.0,6,4080,买盘
318,09:53:12,6.8,0.0,1,680,买盘
319,09:53:15,6.79,-0.01,1,679,卖盘
320,09:53:21,6.79,0.0,437,296739,卖盘
321,09:53:24,6.79,0.0,7,4753,买盘
322,09:53:33,6.79,0.0,3,2037,买盘
323,09:53:36,6.78,-0.01,39,26480,卖盘
324,09:53:54,6.78,0.0,7,4752,卖盘
325,09:54:03,6.79,0.01,2,1358,买盘
326,09:54:06,6.79,0.0,4,2716,买盘
327,09:54:09,6.79,0.0,46,31234,卖盘
328,09:54:12,6.79,0.0,1,679,买盘
329,09:54:15,6.79,0.0,5,3395,买盘
330,09:54:18,6.8,0.01,13,8835,买盘
331,09:54:27,6.78,-0.02,1,678,卖盘
332,09:54:33,6.79,0.01,1,679,买盘
333,09:54:45,6.79,0.0,19,12901,卖盘
334,09:54:51,6.79,0.0,3,2037,买盘
335,09:54:54,6.79,0.0,1,679,卖盘
336,09:55:03,6.8,0.01,32,21755,买盘
337,09:55:06,6.78,-0.02,93,63057,卖盘
338,09:55:09,6.78,0.0,1,678,卖盘
339,09:55:13,6.8,0.02,1,680,买盘
340,09:55:24,6.79,-0.01,29,19694,卖盘
341,09:55:36,6.79,0.0,1,679,卖盘
342,09:55:42,6.8,0.01,14,9510,买盘
343,09:55:51,6.8,0.0,3,2040,买盘
344,09:55:57,6.79,-0.01,41,27879,卖盘
345,09:56:03,6.79,0.0,2,1358,卖盘
346,09:56:13,6.79,0.0,1,679,卖盘
347,09:56:21,6.8,0.01,1,680,买盘
348,09:56:24,6.8,0.0,17,11560,买盘
349,09:56:33,6.8,0.0,28,19040,买盘
350,09:56:51,6.79,-0.01,30,20370,卖盘
351,09:57:04,6.79,0.0,1,679,卖盘
352,09:57:12,6.8,0.01,1,680,买盘
353,09:57:15,6.8,0.0,4,2720,买盘
354,09:57:36,6.8,0.0,7,4760,买盘
355,09:57:43,6.79,-0.01,1,679,卖盘
356,09:57:48,6.79,0.0,70,47550,卖盘
357,09:58:00,6.8,0.01,27,18360,买盘
358,09:58:06,6.79,-0.01,10,6790,卖盘
359,09:58:13,6.8,0.01,3,2040,买盘
360,09:58:15,6.8,0.0,7,4760,买盘
361,09:58:21,6.8,0.0,83,56396,买盘
362,09:58:24,6.8,0.0,1,680,买盘
363,09:58:36,6.8,0.0,15,10200,买盘
364,09:58:40,6.8,0.0,10,6800,买盘
365,09:58:45,6.8,0.0,1,680,买盘
366,09:58:48,6.8,0.0,32,21760,买盘
367,09:58:55,6.8,0.0,10,6800,买盘
368,09:58:57,6.8,0.0,300,204000,买盘
369,09:59:00,6.8,0.0,90,61200,买盘
370,09:59:03,6.79,-0.01,12,8158,卖盘
371,09:59:06,6.8,0.01,58,39440,买盘
372,09:59:09,6.8,0.0,2,1360,买盘
373,09:59:12,6.8,0.0,34,23120,买盘
374,09:59:15,6.8,0.0,124,84320,买盘
375,09:59:24,6.81,0.01,24,16344,买盘
376,09:59:27,6.81,0.0,16,10896,买盘
377,09:59:33,6.81,0.0,19,12935,买盘
378,09:59:36,6.81,0.0,13,8853,卖盘
379,09:59:42,6.81,0.0,9,6129,买盘
380,10:00:09,6.81,0.0,59,40179,买盘
381,10:00:12,6.81,0.0,8,5448,买盘
382,10:00:15,6.81,0.0,11,7491,买盘
383,10:00:18,6.82,0.01,41,27941,买盘
384,10:00:42,6.82,0.0,6,4092,买盘
385,10:00:45,6.81,-0.01,1,681,卖盘
386,10:00:48,6.81,0.0,10,6810,卖盘
387,10:01:00,6.82,0.01,43,29310,买盘
388,10:01:04,6.82,0.0,59,40229,买盘
389,10:01:09,6.82,0.0,4,2728,买盘
390,10:01:12,6.82,0.0,6,4087,买盘
391,10:01:15,6.79,-0.03,619,420881,卖盘
392,10:01:18,6.79,0.0,34,23086,买盘
393,10:01:21,6.79,0.0,3,2037,买盘
394,10:01:24,6.79,0.0,3,2037,买盘
395,10:01:28,6.79,0.0,3,2037,买盘
396,10:01:31,6.79,0.0,3,2037,买盘
397,10:01:33,6.79,0.0,46,31234,买盘
398,10:01:36,6.82,0.03,5,3410,买盘
399,10:01:48,6.8,-0.02,1,680,卖盘
400,10:01:52,6.8,0.0,1,680,卖盘
401,10:02:00,6.8,0.0,30,20400,卖盘
402,10:02:04,6.8,0.0,23,15640,卖盘
403,10:02:06,6.8,0.0,1,680,卖盘
404,10:02:09,6.81,0.01,3,2043,买盘
405,10:02:12,6.81,0.0,7,4767,卖盘
406,10:02:33,6.81,0.0,28,19068,买盘
407,10:02:39,6.81,0.0,7,4767,买盘
408,10:02:45,6.81,0.0,10,6810,买盘
409,10:02:57,6.8,-0.01,20,13600,卖盘
410,10:03:04,6.8,0.0,2,1360,卖盘
411,10:03:09,6.81,0.01,4,2724,买盘
412,10:03:12,6.8,-0.01,16,10881,卖盘
413,10:03:30,6.8,0.0,1,680,卖盘
414,10:03:33,6.8,0.0,1,680,卖盘
415,10:03:39,6.81,0.01,1,681,买盘
416,10:03:57,6.8,-0.01,59,40166,卖盘
417,10:04:00,6.81,0.01,68,46308,买盘
418,10:04:03,6.81,0.0,31,21105,买盘
419,10:04:07,6.81,0.0,43,29283,买盘
420,10:04:09,6.81,0.0,20,13620,买盘
421,10:04:12,6.81,0.0,36,24516,买盘
422,10:04:15,6.81,0.0,16,10896,买盘
423,10:04:21,6.81,0.0,88,59928,买盘
424,10:04:25,6.81,0.0,85,57885,买盘
425,10:04:30,6.81,0.0,1,681,卖盘
426,10:04:33,6.82,0.01,13,8860,买盘
427,10:04:40,6.81,-0.01,5,3408,卖盘
428,10:04:45,6.82,0.01,1,682,买盘
429,10:04:48,6.82,0.0,10,6820,买盘
430,10:04:57,6.81,-0.01,2,1362,卖盘
431,10:05:00,6.81,0.0,20,13620,卖盘
432,10:05:04,6.81,0.0,77,52437,卖盘
433,10:05:07,6.81,0.0,5,3405,买盘
434,10:05:12,6.8,-0.01,2,1361,卖盘
435,10:05:15,6.8,0.0,552,375360,卖盘
436,10:05:18,6.81,0.01,241,164109,买盘
437,10:05:33,6.81,0.0,27,18387,买盘
438,10:05:36,6.81,0.0,9,6129,买盘
439,10:05:39,6.81,0.0,18,12258,买盘
440,10:05:42,6.81,0.0,1,681,买盘
441,10:05:55,6.81,0.0,18,12258,买盘
442,10:06:06,6.8,-0.01,132,89760,卖盘
443,10:06:09,6.8,0.0,5,3400,买盘
444,10:06:12,6.8,0.0,1,680,买盘
445,10:06:21,6.8,0.0,40,27200,买盘
446,10:06:30,6.8,0.0,5,3400,买盘
447,10:06:33,6.8,0.0,14,9520,买盘
448,10:06:45,6.79,-0.01,49,33301,卖盘
449,10:07:00,6.8,0.01,4,2720,买盘
450,10:07:04,6.8,0.0,1,680,中性盘
451,10:07:12,6.81,0.01,1,681,买盘
452,10:07:33,6.81,0.0,4,2724,买盘
453,10:07:42,6.81,0.0,10,6810,买盘
454,10:07:54,6.8,-0.01,10,6800,卖盘
455,10:08:00,6.81,0.01,86,58486,买盘
456,10:08:04,6.8,-0.01,7,4760,卖盘
457,10:08:06,6.8,0.0,22,14960,卖盘
458,10:08:12,6.81,0.01,1,681,买盘
459,10:08:27,6.8,-0.01,50,34000,卖盘
460,10:08:33,6.81,0.01,92,62589,买盘
461,10:08:51,6.8,-0.01,80,54400,卖盘
462,10:09:00,6.8,0.0,9,6120,买盘
463,10:09:03,6.79,-0.01,2,1358,卖盘
464,10:09:06,6.8,0.01,8,5440,买盘
465,10:09:09,6.8,0.0,26,17680,买盘
466,10:09:18,6.8,0.0,19,12920,卖盘
467,10:09:45,6.8,0.0,90,61200,卖盘
468,10:09:48,6.81,0.01,9,6129,买盘
469,10:09:57,6.8,-0.01,8,5440,卖盘
470,10:10:03,6.81,0.01,27,18387,买盘
471,10:10:12,6.81,0.0,3,2042,买盘
472,10:10:18,6.81,0.0,50,34050,买盘
473,10:10:27,6.8,-0.01,6,4080,卖盘
474,10:10:49,6.81,0.01,30,20430,买盘
475,10:10:57,6.8,-0.01,22,14960,卖盘
476,10:11:00,6.8,0.0,41,27880,卖盘
477,10:11:09,6.8,0.0,120,81600,卖盘
478,10:11:33,6.81,0.01,28,19068,买盘
479,10:11:39,6.8,-0.01,300,204000,卖盘
480,10:11:45,6.81,0.01,20,13620,买盘
481,10:11:58,6.8,-0.01,5,3400,卖盘
482,10:12:13,6.81,0.01,1,681,买盘
483,10:12:36,6.8,-0.01,27,18360,卖盘
484,10:12:57,6.8,0.0,58,39440,卖盘
485,10:13:12,6.81,0.01,1,681,买盘
486,10:13:24,6.81,0.0,50,34050,买盘
487,10:13:27,6.81,0.0,6,4086,买盘
488,10:13:30,6.81,0.0,7,4766,买盘
489,10:13:33,6.81,0.0,66,44946,买盘
490,10:13:45,6.81,0.0,200,136200,买盘
491,10:13:48,6.81,0.0,1,681,买盘
492,10:13:51,6.81,0.0,54,36774,买盘
493,10:13:55,6.81,0.0,14,9534,买盘
494,10:13:58,6.82,0.01,434,295817,买盘
495,10:14:12,6.83,0.01,1,683,买盘
496,10:14:21,6.82,-0.01,20,13640,卖盘
497,10:14:27,6.82,0.0,4,2728,卖盘
498,10:14:31,6.82,0.0,71,48422,卖盘
499,10:15:06,6.83,0.01,283,193176,买盘
500,10:15:09,6.82,-0.01,13,8866,卖盘
501,10:15:13,6.83,0.01,102,69628,买盘
502,10:15:16,6.83,0.0,200,136600,卖盘
503,10:15:24,6.83,0.0,1,683,买盘
504,10:15:27,6.83,0.0,7,4781,卖盘
505,10:15:33,6.83,0.0,25,17075,卖盘
506,10:15:37,6.84,0.01,186,127207,买盘
507,10:15:42,6.85,0.01,310,212340,买盘
508,10:15:45,6.85,0.0,72,49320,买盘
509,10:15:51,6.85,0.0,15,10275,卖盘
510,10:15:57,6.86,0.01,59,40474,买盘
511,10:16:00,6.86,0.0,59,40474,买盘
512,10:16:06,6.88,0.02,228,156817,买盘
513,10:16:16,6.89,0.01,69,47541,买盘
514,10:16:21,6.89,0.0,5,3445,买盘
515,10:16:25,6.89,0.0,205,141168,买盘
516,10:16:27,6.89,0.0,102,70278,卖盘
517,10:16:30,6.89,0.0,73,50297,卖盘
518,10:16:33,6.89,0.0,452,311748,卖盘
519,10:16:36,6.89,0.0,128,88312,卖盘
520,10:16:39,6.89,0.0,30,20670,卖盘
521,10:16:42,6.9,0.01,202,139254,买盘
522,10:16:46,6.9,0.0,126,86918,买盘
523,10:16:49,6.9,0.0,51,35190,卖盘
524,10:16:52,6.91,0.01,45,31081,买盘
525,10:16:54,6.91,0.0,32,22110,买盘
526,10:16:57,6.91,0.0,12,8290,买盘
527,10:17:00,6.91,0.0,211,145801,买盘
528,10:17:04,6.92,0.01,20,13840,买盘
529,10:17:06,6.91,-0.01,77,53238,卖盘
530,10:17:09,6.92,0.01,151,104442,买盘
531,10:17:12,6.91,-0.01,14,9683,卖盘
532,10:17:16,6.92,0.01,15,10380,买盘
533,10:17:24,6.92,0.0,24,16608,买盘
534,10:17:27,6.92,0.0,126,87191,买盘
535,10:17:30,6.92,0.0,78,53968,买盘
536,10:17:33,6.92,0.0,35,24220,买盘
537,10:17:36,6.92,0.0,25,17320,卖盘
538,10:17:39,6.92,0.0,23,15916,卖盘
539,10:17:42,6.92,0.0,22,15224,卖盘
540,10:17:48,6.92,0.0,48,33231,卖盘
541,10:17:51,6.93,0.01,15,10395,买盘
542,10:17:54,6.92,-0.01,65,44980,卖盘
543,10:17:57,6.93,0.01,80,55440,买盘
544,10:18:01,6.92,-0.01,124,85808,卖盘
545,10:18:04,6.93,0.01,24,16622,买盘
546,10:18:12,6.92,-0.01,6,4152,买盘
547,10:18:15,6.92,0.0,28,19376,买盘
548,10:18:21,6.92,0.0,78,54034,卖盘
549,10:18:24,6.93,0.01,113,78225,买盘
550,10:18:27,6.92,-0.01,48,33216,中性盘
551,10:18:33,6.92,0.0,98,67815,买盘
552,10:18:36,6.91,-0.01,61,42162,卖盘
553,10:18:40,6.92,0.01,120,83020,买盘
554,10:18:42,6.92,0.0,10,6920,买盘
555,10:18:45,6.91,-0.01,30,20730,卖盘
556,10:18:48,6.92,0.01,21,14527,买盘
557,10:18:52,6.92,0.0,92,63664,买盘
558,10:18:54,6.91,-0.01,16,11067,卖盘
559,10:18:58,6.92,0.01,144,99623,买盘
560,10:19:07,6.92,0.0,123,85096,买盘
561,10:19:09,6.92,0.0,3,2076,买盘
562,10:19:12,6.92,0.0,150,103800,买盘
563,10:19:15,6.92,0.0,98,67878,买盘
564,10:19:21,6.92,0.0,20,13840,卖盘
565,10:19:24,6.93,0.01,28,18759,买盘
566,10:19:30,6.92,-0.01,50,34600,卖盘
567,10:19:33,6.93,0.01,13,9009,买盘
568,10:19:39,6.92,-0.01,5,3460,卖盘
569,10:19:43,6.92,0.0,127,88006,卖盘
570,10:19:46,6.92,0.0,20,13846,卖盘
571,10:19:48,6.93,0.01,173,119889,买盘
572,10:19:51,6.92,-0.01,40,27680,卖盘
573,10:19:55,6.92,0.0,70,48490,卖盘
574,10:19:57,6.93,0.01,26,17996,买盘
575,10:20:00,6.93,0.0,37,25641,买盘
576,10:20:04,6.93,0.0,33,22869,买盘
577,10:20:06,6.93,0.0,59,40887,卖盘
578,10:20:09,6.93,0.0,3,2079,卖盘
579,10:20:12,6.94,0.01,432,299970,买盘
580,10:20:15,6.93,-0.01,127,88226,卖盘
581,10:20:18,6.96,0.03,371,257876,买盘
582,10:20:21,6.97,0.01,330,229844,买盘
583,10:20:24,6.99,0.02,287,200336,买盘
584,10:20:27,6.99,0.0,52,36346,买盘
585,10:20:30,6.98,-0.01,528,369122,卖盘
586,10:20:33,7.0,0.02,78,54584,买盘
587,10:20:36,7.04,0.04,536,376416,买盘
588,10:20:39,7.04,0.0,93,65472,卖盘
589,10:20:42,7.05,0.01,352,248007,买盘
590,10:20:45,7.05,0.0,251,177036,买盘
591,10:20:48,7.06,0.01,304,214590,买盘
592,10:20:51,7.05,-0.01,79,55716,卖盘
593,10:20:54,7.05,0.0,397,279973,卖盘
594,10:20:57,7.04,-0.01,177,124670,卖盘
595,10:21:00,7.0,-0.04,67,47149,卖盘
596,10:21:03,7.0,0.0,54,37896,卖盘
597,10:21:06,7.04,0.04,328,230717,买盘
598,10:21:10,7.03,-0.01,52,36516,买盘
599,10:21:13,7.02,-0.01,22,15445,中性盘
600,10:21:15,7.03,0.01,105,73764,买盘
601,10:21:18,7.01,-0.02,45,31571,卖盘
602,10:21:21,7.02,0.01,245,172103,买盘
603,10:21:24,7.01,-0.01,177,124100,卖盘
604,10:21:27,7.02,0.01,124,86995,买盘
605,10:21:30,7.02,0.0,210,147500,卖盘
606,10:21:33,7.03,0.01,98,68885,买盘
607,10:21:37,7.02,-0.01,641,449965,卖盘
608,10:21:39,7.03,0.01,39,27388,买盘
609,10:21:42,7.05,0.02,1341,944097,买盘
610,10:21:45,7.05,0.0,456,320907,买盘
611,10:21:48,7.02,-0.03,117,82291,卖盘
612,10:21:51,7.05,0.03,274,193158,买盘
613,10:21:54,7.05,0.0,285,200875,买盘
614,10:21:57,7.06,0.01,149,105109,买盘
615,10:22:00,7.04,-0.02,79,55616,卖盘
616,10:22:04,7.04,0.0,152,106908,买盘
617,10:22:07,7.04,0.0,177,124556,买盘
618,10:22:09,7.04,0.0,33,23232,买盘
619,10:22:12,7.03,-0.01,21,14774,卖盘
620,10:22:15,7.03,0.0,50,35195,卖盘
621,10:22:18,7.03,0.0,216,151946,卖盘
622,10:22:21,7.04,0.01,126,88671,买盘
623,10:22:24,7.04,0.0,61,42934,买盘
624,10:22:27,7.04,0.0,74,52042,买盘
625,10:22:30,7.03,-0.01,394,277087,卖盘
626,10:22:33,7.03,0.0,65,45695,买盘
627,10:22:36,7.03,0.0,93,65411,卖盘
628,10:22:40,7.03,0.0,135,94905,买盘
629,10:22:43,7.04,0.01,369,259616,买盘
630,10:22:45,7.02,-0.02,71,49863,卖盘
631,10:22:48,7.03,0.01,10,7030,买盘
632,10:22:51,7.03,0.0,21,14753,买盘
633,10:22:54,7.03,0.0,10,7030,买盘
634,10:22:57,7.02,-0.01,26,18257,卖盘
635,10:23:00,7.02,0.0,71,49842,卖盘
636,10:23:04,7.02,0.0,20,14050,卖盘
637,10:23:06,7.02,0.0,87,61116,卖盘
638,10:23:09,7.02,0.0,579,406458,卖盘
639,10:23:13,7.01,-0.01,67,47011,卖盘
640,10:23:16,7.02,0.01,67,46979,买盘
641,10:23:18,7.01,-0.01,201,141101,卖盘
642,10:23:21,7.02,0.01,73,51246,买盘
643,10:23:24,7.01,-0.01,71,49828,卖盘
644,10:23:27,7.01,0.0,15,10515,卖盘
645,10:23:30,7.01,0.0,1,701,卖盘
646,10:23:36,7.01,0.0,80,56110,卖盘
647,10:23:39,7.01,0.0,20,14020,卖盘
648,10:23:42,7.01,0.0,179,125591,卖盘
649,10:23:46,7.02,0.01,8,5616,买盘
650,10:23:48,7.01,-0.01,86,60286,卖盘
651,10:23:51,7.01,0.0,7,4907,卖盘
652,10:23:55,7.02,0.01,207,145314,买盘
653,10:23:58,7.01,-0.01,54,37886,卖盘
654,10:24:00,7.02,0.01,28,19656,买盘
655,10:24:03,7.02,0.0,32,22464,买盘
656,10:24:06,7.02,0.0,35,24570,买盘
657,10:24:09,7.01,-0.01,13,9113,卖盘
658,10:24:12,7.02,0.01,196,137592,买盘
659,10:24:19,7.02,0.0,14,9828,买盘
660,10:24:21,7.02,0.0,10,7020,买盘
661,10:24:24,7.02,0.0,103,72268,买盘
662,10:24:27,7.03,0.01,126,88552,买盘
663,10:24:30,7.02,-0.01,505,355010,卖盘
664,10:24:33,7.02,0.0,44,30888,卖盘
665,10:24:37,7.03,0.01,189,132841,买盘
666,10:24:39,7.03,0.0,197,138386,买盘
667,10:24:42,7.03,0.0,48,33744,买盘
668,10:24:45,7.03,0.0,5,3515,卖盘
669,10:24:48,7.03,0.0,35,24605,卖盘
670,10:24:52,7.04,0.01,53,37271,买盘
671,10:24:55,7.04,0.0,227,159802,买盘
672,10:24:57,7.03,-0.01,68,47814,卖盘
673,10:25:00,7.02,-0.01,10,7020,卖盘
674,10:25:06,7.03,0.01,34,23873,买盘
675,10:25:09,7.03,0.0,75,52723,买盘
676,10:25:12,7.03,0.0,228,160284,买盘
677,10:25:15,7.03,0.0,165,115884,买盘
678,10:25:18,7.02,-0.01,105,73810,卖盘
679,10:25:21,7.01,-0.01,25,17539,卖盘
680,10:25:24,7.03,0.02,8,5624,买盘
681,10:25:27,7.01,-0.02,161,112953,卖盘
682,10:25:30,7.01,0.0,5,3505,卖盘
683,10:25:36,7.01,0.0,8,5608,卖盘
684,10:25:42,7.02,0.01,10,7020,卖盘
685,10:25:45,7.01,-0.01,50,35090,卖盘
686,10:25:48,7.02,0.01,3,2106,买盘
687,10:25:51,7.02,0.0,216,151549,买盘
688,10:25:54,7.02,0.0,10,7020,买盘
689,10:25:58,7.02,0.0,2,1404,买盘
690,10:26:01,7.02,0.0,79,55458,买盘
691,10:26:03,7.02,0.0,106,74412,买盘
692,10:26:06,7.02,0.0,26,18252,买盘
693,10:26:09,7.02,0.0,38,26676,买盘
694,10:26:12,7.01,-0.01,85,59666,卖盘
695,10:26:16,7.02,0.01,76,53352,卖盘
696,10:26:19,7.03,0.01,100,70300,买盘
697,10:26:21,7.03,0.0,31,21793,买盘
698,10:26:24,7.02,-0.01,41,28782,卖盘
699,10:26:27,7.03,0.01,79,55465,买盘
700,10:26:31,7.03,0.0,8,5624,买盘
701,10:26:36,7.02,-0.01,74,51982,卖盘
702,10:26:42,7.02,0.0,88,61776,买盘
703,10:26:48,7.01,-0.01,48,33695,卖盘
704,10:26:51,7.02,0.01,14,9828,买盘
705,10:26:54,7.02,0.0,98,68722,买盘
706,10:26:57,7.02,0.0,21,14742,买盘
707,10:27:09,7.03,0.01,158,110989,买盘
708,10:27:12,7.02,-0.01,43,30186,卖盘
709,10:27:21,7.02,0.0,80,56160,卖盘
710,10:27:30,7.02,0.0,5,3510,卖盘
711,10:27:33,7.03,0.01,228,160282,买盘
712,10:27:36,7.02,-0.01,17,11934,卖盘
713,10:27:39,7.02,0.0,236,165719,卖盘
714,10:27:43,7.03,0.01,50,35140,买盘
715,10:27:46,7.03,0.0,254,178562,买盘
716,10:27:48,7.03,0.0,98,68894,卖盘
717,10:27:54,7.03,0.0,24,16872,买盘
718,10:27:57,7.03,0.0,46,32363,卖盘
719,10:28:00,7.03,0.0,98,68936,卖盘
720,10:28:04,7.03,0.0,513,361139,卖盘
721,10:28:06,7.04,0.01,42,29568,买盘
722,10:28:09,7.03,-0.01,22,15478,卖盘
723,10:28:12,7.05,0.02,172,121116,买盘
724,10:28:15,7.04,-0.01,10,7040,卖盘
725,10:28:18,7.04,0.0,24,16896,卖盘
726,10:28:25,7.05,0.01,29,20445,买盘
727,10:28:27,7.04,-0.01,6,4226,卖盘
728,10:28:30,7.05,0.01,87,61334,买盘
729,10:28:36,7.05,0.0,94,66260,买盘
730,10:28:39,7.05,0.0,21,14805,买盘
731,10:28:46,7.05,0.0,74,52170,买盘
732,10:28:49,7.05,0.0,142,100110,买盘
733,10:28:51,7.05,0.0,244,172020,买盘
734,10:28:54,7.05,0.0,256,180480,买盘
735,10:28:57,7.05,0.0,249,175509,买盘
736,10:29:00,7.06,0.01,175,123550,买盘
737,10:29:04,7.07,0.01,234,165133,买盘
738,10:29:06,7.07,0.0,48,33934,买盘
739,10:29:09,7.06,-0.01,69,48776,卖盘
740,10:29:13,7.06,0.0,275,194250,卖盘
741,10:29:15,7.06,0.0,303,213918,买盘
742,10:29:19,7.05,-0.01,74,52239,卖盘
743,10:29:21,7.06,0.01,64,45214,买盘
744,10:29:24,7.06,0.0,51,35966,买盘
745,10:29:27,7.06,0.0,30,21180,买盘
746,10:29:30,7.06,0.0,49,34576,买盘
747,10:29:33,7.05,-0.01,42,29632,卖盘
748,10:29:36,7.05,0.0,45,31725,卖盘
749,10:29:40,7.05,0.0,398,280617,卖盘
750,10:29:43,7.04,-0.01,167,117655,卖盘
751,10:29:45,7.04,0.0,6,4225,卖盘
752,10:29:48,7.04,0.0,50,35200,买盘
753,10:29:54,7.03,-0.01,115,80845,卖盘
754,10:29:57,7.02,-0.01,74,51977,卖盘
755,10:30:00,7.02,0.0,47,32994,卖盘
756,10:30:04,7.02,0.0,132,92734,卖盘
757,10:30:09,7.03,0.01,4,2811,买盘
758,10:30:12,7.03,0.0,1,703,买盘
759,10:30:15,7.02,-0.01,9,6318,买盘
760,10:30:18,7.02,0.0,23,16146,买盘
761,10:30:21,7.02,0.0,47,32994,卖盘
762,10:30:27,7.02,0.0,92,64671,卖盘
763,10:30:30,7.03,0.01,30,21079,买盘
764,10:30:36,7.04,0.01,4,2816,买盘
765,10:30:42,7.04,0.0,30,21120,买盘
766,10:30:51,7.04,0.0,98,68992,买盘
767,10:30:54,7.04,0.0,10,7040,卖盘
768,10:30:57,7.04,0.0,82,57728,卖盘
769,10:31:01,7.04,0.0,250,176051,卖盘
770,10:31:06,7.04,0.0,74,52105,卖盘
771,10:31:09,7.04,0.0,49,34496,卖盘
772,10:31:12,7.03,-0.01,21,14763,卖盘
773,10:31:18,7.04,0.01,12,8437,买盘
774,10:31:21,7.03,-0.01,80,56255,卖盘
775,10:31:25,7.04,0.01,40,28160,买盘
776,10:31:28,7.03,-0.01,1,703,卖盘
777,10:31:30,7.03,0.0,33,23199,卖盘
778,10:31:36,7.04,0.01,75,52800,买盘
779,10:31:42,7.04,0.0,165,115996,买盘
780,10:31:48,7.03,-0.01,20,14060,买盘
781,10:31:51,7.04,0.01,36,25333,买盘
782,10:31:57,7.03,-0.01,216,152030,卖盘
783,10:32:01,7.03,0.0,37,26038,卖盘
784,10:32:04,7.03,0.0,85,59775,卖盘
785,10:32:06,7.04,0.01,17,11958,买盘
786,10:32:12,7.04,0.0,11,7744,买盘
787,10:32:15,7.03,-0.01,140,98420,卖盘
788,10:32:21,7.03,0.0,88,61939,卖盘
789,10:32:27,7.03,0.0,73,51319,卖盘
790,10:32:30,7.03,0.0,71,49913,卖盘
791,10:32:39,7.03,0.0,66,46392,买盘
792,10:32:49,7.03,0.0,53,37259,卖盘
793,10:32:51,7.04,0.01,120,84433,买盘
794,10:32:54,7.03,-0.01,5,3515,卖盘
795,10:32:57,7.03,0.0,5,3515,买盘
796,10:33:00,7.04,0.01,318,223730,买盘
797,10:33:04,7.04,0.0,135,95040,卖盘
798,10:33:06,7.04,0.0,139,97856,卖盘
799,10:33:09,7.04,0.0,68,47872,卖盘
800,10:33:12,7.04,0.0,1,704,买盘
801,10:33:15,7.05,0.01,40,28177,买盘
802,10:33:21,7.04,-0.01,103,72512,买盘
803,10:33:24,7.04,0.0,2,1408,卖盘
804,10:33:27,7.04,0.0,95,66910,卖盘
805,10:33:30,7.05,0.01,316,222779,买盘
806,10:33:36,7.05,0.0,8,5640,买盘
807,10:33:40,7.05,0.0,39,27495,买盘
808,10:33:42,7.05,0.0,32,22560,买盘
809,10:33:45,7.05,0.0,5,3525,买盘
810,10:33:48,7.05,0.0,285,200925,买盘
811,10:33:51,7.05,0.0,28,19734,买盘
812,10:33:54,7.05,0.0,147,103614,卖盘
813,10:33:57,7.05,0.0,15,10570,买盘
814,10:34:00,7.05,0.0,9,6345,买盘
815,10:34:03,7.05,0.0,3,2115,买盘
816,10:34:06,7.05,0.0,50,35250,买盘
817,10:34:09,7.04,-0.01,15,10570,卖盘
818,10:34:12,7.05,0.01,110,77550,买盘
819,10:34:15,7.05,0.0,10,7050,买盘
820,10:34:19,7.05,0.0,34,23950,买盘
821,10:34:24,7.05,0.0,31,21855,买盘
822,10:34:27,7.05,0.0,80,56400,买盘
823,10:34:39,7.04,-0.01,16,11270,卖盘
824,10:34:42,7.04,0.0,30,21140,卖盘
825,10:34:45,7.04,0.0,10,7040,卖盘
826,10:34:48,7.04,0.0,10,7040,卖盘
827,10:34:54,7.04,0.0,108,76135,卖盘
828,10:34:57,7.05,0.01,535,377129,买盘
829,10:35:00,7.04,-0.01,58,40843,卖盘
830,10:35:03,7.04,0.0,66,46464,买盘
831,10:35:09,7.04,0.0,44,30976,卖盘
832,10:35:12,7.06,0.02,263,185591,买盘
833,10:35:16,7.05,-0.01,32,22543,中性盘
834,10:35:18,7.05,0.0,189,133433,卖盘
835,10:35:21,7.06,0.01,518,365690,买盘
836,10:35:24,7.06,0.0,246,173676,买盘
837,10:35:27,7.06,0.0,36,25416,买盘
838,10:35:30,7.06,0.0,120,84814,卖盘
839,10:35:33,7.07,0.01,908,642425,买盘
840,10:35:36,7.08,0.01,184,130038,买盘
841,10:35:46,7.06,-0.02,336,237328,卖盘
842,10:35:49,7.06,0.0,541,381946,买盘
843,10:35:52,7.06,0.0,225,158850,买盘
844,10:35:55,7.07,0.01,9,6363,买盘
845,10:36:00,7.07,0.0,125,88375,买盘
846,10:36:06,7.07,0.0,25,17675,卖盘
847,10:36:09,7.07,0.0,114,80702,卖盘
848,10:36:12,7.07,0.0,23,16271,卖盘
849,10:36:15,7.07,0.0,141,99693,卖盘
850,10:36:18,7.07,0.0,47,33254,卖盘
851,10:36:21,7.08,0.01,163,115386,买盘
852,10:36:25,7.08,0.0,33,23364,买盘
853,10:36:27,7.08,0.0,320,226536,买盘
854,10:36:33,7.06,-0.02,568,401988,卖盘
855,10:36:36,7.07,0.01,30,21195,买盘
856,10:36:39,7.07,0.0,10,7070,买盘
857,10:36:42,7.07,0.0,33,23331,买盘
858,10:36:45,7.08,0.01,39,27580,买盘
859,10:36:54,7.06,-0.02,11,7772,卖盘
860,10:36:57,7.07,0.01,54,38178,卖盘
861,10:37:00,7.08,0.01,32,22644,买盘
862,10:37:06,7.07,-0.01,1,707,卖盘
863,10:37:12,7.08,0.01,1,708,买盘
864,10:37:15,7.07,-0.01,39,27573,卖盘
865,10:37:18,7.08,0.01,400,283061,买盘
866,10:37:24,7.07,-0.01,100,70700,买盘
867,10:37:27,7.08,0.01,73,51663,买盘
868,10:37:33,7.06,-0.02,179,126374,卖盘
869,10:37:39,7.07,0.01,67,47369,买盘
870,10:37:42,7.07,0.0,9,6363,卖盘
871,10:37:45,7.07,0.0,33,23331,买盘
872,10:37:48,7.07,0.0,96,67829,买盘
873,10:37:51,7.05,-0.02,500,352800,卖盘
874,10:37:57,7.06,0.01,10,7060,买盘
875,10:38:04,7.05,-0.01,9,6345,卖盘
876,10:38:12,7.05,0.0,15,10575,卖盘
877,10:38:18,7.05,0.0,34,23970,卖盘
878,10:38:21,7.05,0.0,1,705,卖盘
879,10:38:24,7.05,0.0,25,17626,卖盘
880,10:38:27,7.05,0.0,133,93765,卖盘
881,10:38:33,7.04,-0.01,20,14080,卖盘
882,10:38:36,7.05,0.01,4,2820,买盘
883,10:38:42,7.05,0.0,10,7050,买盘
884,10:38:45,7.05,0.0,117,82465,买盘
885,10:38:48,7.04,-0.01,13,9152,卖盘
886,10:38:52,7.05,0.01,23,16215,买盘
887,10:38:57,7.05,0.0,20,14100,买盘
888,10:39:00,7.04,-0.01,19,13376,卖盘
889,10:39:04,7.05,0.01,112,78950,买盘
890,10:39:06,7.05,0.0,17,11985,卖盘
891,10:39:09,7.05,0.0,13,9165,卖盘
892,10:39:12,7.05,0.0,11,7756,卖盘
893,10:39:15,7.05,0.0,14,9870,卖盘
894,10:39:18,7.05,0.0,73,51465,卖盘
895,10:39:21,7.05,0.0,33,23266,卖盘
896,10:39:24,7.05,0.0,114,80370,卖盘
897,10:39:27,7.05,0.0,11,7755,卖盘
898,10:39:30,7.06,0.01,72,50761,买盘
899,10:39:36,7.05,-0.01,45,31725,卖盘
900,10:39:39,7.05,0.0,3,2115,卖盘
901,10:39:46,7.05,0.0,1,705,买盘
902,10:39:54,7.05,0.0,188,132535,买盘
903,10:39:57,7.05,0.0,240,169200,卖盘
904,10:40:00,7.05,0.0,10,7050,卖盘
905,10:40:04,7.05,0.0,12,8460,卖盘
906,10:40:06,7.04,-0.01,105,73980,卖盘
907,10:40:15,7.04,0.0,4,2816,卖盘
908,10:40:18,7.04,0.0,30,21120,卖盘
909,10:40:27,7.04,0.0,2,1408,卖盘
910,10:40:30,7.04,0.0,6,4225,卖盘
911,10:40:33,7.04,0.0,5,3520,卖盘
912,10:40:40,7.05,0.01,12,8460,买盘
913,10:40:48,7.05,0.0,6,4230,买盘
914,10:40:51,7.04,-0.01,40,28160,卖盘
915,10:41:06,7.05,0.01,50,35250,买盘
916,10:41:12,7.05,0.0,11,7755,买盘
917,10:41:18,7.04,-0.01,6,4224,卖盘
918,10:41:30,7.05,0.01,84,59220,买盘
919,10:41:36,7.05,0.0,323,227715,买盘
920,10:41:39,7.05,0.0,31,21855,卖盘
921,10:41:42,7.05,0.0,32,22560,卖盘
922,10:41:45,7.04,-0.01,146,102898,卖盘
923,10:41:48,7.06,0.02,16,11286,买盘
924,10:41:51,7.05,-0.01,8,5640,买盘
925,10:41:54,7.05,0.0,5,3525,买盘
926,10:41:57,7.05,0.0,30,21150,卖盘
927,10:42:00,7.06,0.01,535,377675,买盘
928,10:42:03,7.05,-0.01,39,27495,卖盘
929,10:42:09,7.06,0.01,50,35300,买盘
930,10:42:15,7.05,-0.01,19,13395,卖盘
931,10:42:21,7.05,0.0,100,70500,卖盘
932,10:42:27,7.05,0.0,5,3525,卖盘
933,10:42:33,7.05,0.0,20,14100,卖盘
934,10:42:36,7.06,0.01,51,35956,买盘
935,10:42:54,7.06,0.0,39,27534,买盘
936,10:43:04,7.06,0.0,7,4942,买盘
937,10:43:06,7.06,0.0,63,44478,买盘
938,10:43:09,7.05,-0.01,50,35250,卖盘
939,10:43:12,7.06,0.01,1,706,买盘
940,10:43:18,7.06,0.0,10,7060,买盘
941,10:43:21,7.05,-0.01,61,43005,卖盘
942,10:43:24,7.05,0.0,569,401145,卖盘
943,10:43:33,7.04,-0.01,261,183996,卖盘
944,10:43:39,7.04,0.0,2,1408,卖盘
945,10:43:49,7.05,0.01,118,83190,买盘
946,10:43:54,7.05,0.0,16,11280,买盘
947,10:43:57,7.04,-0.01,60,42250,卖盘
948,10:44:09,7.04,0.0,10,7040,卖盘
949,10:44:18,7.05,0.01,40,28180,买盘
950,10:44:27,7.05,0.0,35,24675,买盘
951,10:44:36,7.05,0.0,102,71910,买盘
952,10:44:40,7.04,-0.01,17,11968,卖盘
953,10:44:42,7.04,0.0,2,1408,卖盘
954,10:44:48,7.04,0.0,140,98660,卖盘
955,10:44:51,7.05,0.01,50,35250,买盘
956,10:44:54,7.05,0.0,50,35250,买盘
957,10:44:57,7.05,0.0,49,34545,买盘
958,10:45:00,7.05,0.0,46,32430,买盘
959,10:45:06,7.05,0.0,52,36660,卖盘
960,10:45:12,7.05,0.0,10,7051,卖盘
961,10:45:15,7.05,0.0,2,1410,卖盘
962,10:45:21,7.05,0.0,6,4230,卖盘
963,10:45:27,7.05,0.0,12,8460,卖盘
964,10:45:30,7.05,0.0,2,1410,卖盘
965,10:45:36,7.06,0.01,635,448298,买盘
966,10:45:42,7.05,-0.01,99,69885,卖盘
967,10:45:45,7.05,0.0,2,1410,卖盘
968,10:45:48,7.05,0.0,48,33850,卖盘
969,10:45:51,7.05,0.0,8,5640,卖盘
970,10:45:54,7.05,0.0,3,2115,卖盘
971,10:45:57,7.05,0.0,50,35250,卖盘
972,10:46:00,7.05,0.0,20,14100,卖盘
973,10:46:03,7.06,0.01,10,7060,买盘
974,10:46:06,7.05,-0.01,5,3525,卖盘
975,10:46:10,7.06,0.01,40,28240,买盘
976,10:46:18,7.06,0.0,149,105174,买盘
977,10:46:21,7.05,-0.01,10,7050,卖盘
978,10:46:24,7.05,0.0,3,2115,卖盘
979,10:46:28,7.05,0.0,50,35250,卖盘
980,10:46:30,7.05,0.0,4,2820,卖盘
981,10:46:36,7.06,0.01,15,10590,买盘
982,10:46:42,7.05,-0.01,69,48645,卖盘
983,10:46:45,7.04,-0.01,21,14784,卖盘
984,10:46:55,7.04,0.0,20,14080,卖盘
985,10:47:09,7.04,0.0,30,21120,卖盘
986,10:47:13,7.05,0.01,1,705,买盘
987,10:47:16,7.05,0.0,8,5640,买盘
988,10:47:24,7.04,-0.01,26,18304,卖盘
989,10:47:27,7.04,0.0,18,12672,卖盘
990,10:47:31,7.04,0.0,15,10560,卖盘
991,10:47:33,7.04,0.0,10,7040,卖盘
992,10:47:39,7.04,0.0,20,14080,卖盘
993,10:47:49,7.05,0.01,35,24670,买盘
994,10:47:52,7.04,-0.01,351,247104,卖盘
995,10:47:54,7.04,0.0,30,21120,卖盘
996,10:47:58,7.04,0.0,127,89408,卖盘
997,10:48:00,7.04,0.0,153,107712,卖盘
998,10:48:03,7.04,0.0,43,30272,卖盘
999,10:48:06,7.03,-0.01,113,79567,卖盘
1000,10:48:22,7.04,0.01,5,3520,买盘
1001,10:48:36,7.03,-0.01,50,35150,卖盘
1002,10:48:45,7.03,0.0,27,18981,卖盘
1003,10:48:48,7.03,0.0,33,23199,卖盘
1004,10:48:51,7.03,0.0,55,38668,卖盘
1005,10:48:54,7.04,0.01,1,704,买盘
1006,10:48:57,7.03,-0.01,20,14060,卖盘
1007,10:49:00,7.03,0.0,64,44992,卖盘
1008,10:49:04,7.04,0.01,119,83762,买盘
1009,10:49:12,7.04,0.0,1,704,买盘
1010,10:49:15,7.02,-0.02,10,7025,卖盘
1011,10:49:18,7.04,0.02,13,9152,买盘
1012,10:49:21,7.02,-0.02,20,14047,卖盘
1013,10:49:25,7.04,0.02,5,3520,买盘
1014,10:49:33,7.04,0.0,7,4928,买盘
1015,10:49:36,7.04,0.0,2,1408,买盘
1016,10:49:39,7.03,-0.01,1,703,卖盘
1017,10:49:42,7.04,0.01,63,44302,买盘
1018,10:49:45,7.03,-0.01,18,12654,卖盘
1019,10:49:48,7.03,0.0,121,85063,买盘
1020,10:49:51,7.03,0.0,3,2109,卖盘
1021,10:50:09,7.03,0.0,20,14060,卖盘
1022,10:50:24,7.03,0.0,129,90687,卖盘
1023,10:50:36,7.03,0.0,40,28115,买盘
1024,10:50:42,7.03,0.0,1,703,买盘
1025,10:50:48,7.03,0.0,35,24605,买盘
1026,10:50:51,7.02,-0.01,70,49170,卖盘
1027,10:50:57,7.03,0.01,30,21090,卖盘
1028,10:51:00,7.04,0.01,16,11264,买盘
1029,10:51:13,7.04,0.0,1,704,买盘
1030,10:51:21,7.04,0.0,194,136566,买盘
1031,10:51:24,7.04,0.0,5,3520,卖盘
1032,10:51:27,7.04,0.0,2,1408,卖盘
1033,10:51:30,7.04,0.0,346,243584,卖盘
1034,10:51:33,7.04,0.0,35,24640,买盘
1035,10:51:42,7.03,-0.01,15,10545,卖盘
1036,10:51:51,7.03,0.0,15,10545,卖盘
1037,10:51:54,7.03,0.0,10,7030,卖盘
1038,10:52:12,7.03,0.0,6,4218,卖盘
1039,10:52:24,7.03,0.0,10,7030,卖盘
1040,10:52:45,7.03,0.0,40,28120,卖盘
1041,10:52:51,7.03,0.0,10,7030,卖盘
1042,10:53:04,7.04,0.01,16,11264,买盘
1043,10:53:15,7.04,0.0,25,17585,买盘
1044,10:53:18,7.03,-0.01,4,2812,卖盘
1045,10:53:21,7.03,0.0,50,35150,卖盘
1046,10:53:30,7.04,0.01,50,35200,买盘
1047,10:53:33,7.03,-0.01,9,6327,卖盘
1048,10:53:39,7.03,0.0,5,3515,卖盘
1049,10:53:45,7.04,0.01,120,84480,买盘
1050,10:53:51,7.04,0.0,45,31680,买盘
1051,10:53:54,7.04,0.0,10,7040,卖盘
1052,10:54:00,7.05,0.01,28,19740,买盘
1053,10:54:03,7.04,-0.01,2,1408,卖盘
1054,10:54:12,7.05,0.01,1,705,买盘
1055,10:54:27,7.05,0.0,404,284820,买盘
1056,10:54:39,7.05,0.0,51,35960,卖盘
1057,10:54:48,7.06,0.01,150,105895,买盘
1058,10:54:57,7.06,0.0,28,19768,买盘
1059,10:55:06,7.06,0.0,329,232274,买盘
1060,10:55:09,7.05,-0.01,26,18330,卖盘
1061,10:55:12,7.06,0.01,5,3530,买盘
1062,10:55:15,7.06,0.0,100,70600,买盘
1063,10:55:18,7.05,-0.01,8,5640,卖盘
1064,10:55:45,7.06,0.01,96,67776,买盘
1065,10:56:00,7.06,0.0,5,3530,买盘
1066,10:56:04,7.05,-0.01,200,141000,卖盘
1067,10:56:06,7.05,0.0,1,705,卖盘
1068,10:56:09,7.05,0.0,21,14805,卖盘
1069,10:56:13,7.05,0.0,40,28201,卖盘
1070,10:56:15,7.05,0.0,5,3525,买盘
1071,10:56:25,7.05,0.0,7,4935,买盘
1072,10:56:27,7.05,0.0,10,7050,卖盘
1073,10:56:30,7.05,0.0,126,88953,卖盘
1074,10:56:33,7.05,0.0,2,1410,卖盘
1075,10:56:36,7.05,0.0,1,705,卖盘
1076,10:56:39,7.06,0.01,8,5645,买盘
1077,10:56:42,7.05,-0.01,1,705,卖盘
1078,10:56:45,7.05,0.0,1,705,卖盘
1079,10:56:51,7.06,0.01,50,35300,买盘
1080,10:56:55,7.05,-0.01,29,20445,卖盘
1081,10:56:58,7.05,0.0,10,7050,卖盘
1082,10:57:04,7.05,0.0,18,12690,卖盘
1083,10:57:10,7.05,0.0,5,3525,买盘
1084,10:57:24,7.05,0.0,5,3525,买盘
1085,10:57:42,7.04,-0.01,20,14080,卖盘
1086,10:57:51,7.04,0.0,7,4928,卖盘
1087,10:57:54,7.04,0.0,16,11264,卖盘
1088,10:57:57,7.04,0.0,10,7040,卖盘
1089,10:58:04,7.04,0.0,15,10560,卖盘
1090,10:58:06,7.05,0.01,84,59146,买盘
1091,10:58:10,7.04,-0.01,8,5632,卖盘
1092,10:58:12,7.05,0.01,1,705,买盘
1093,10:58:15,7.04,-0.01,97,68288,卖盘
1094,10:58:24,7.04,0.0,21,14784,买盘
1095,10:58:30,7.05,0.01,200,140918,买盘
1096,10:58:45,7.05,0.0,20,14100,买盘
1097,10:58:48,7.05,0.0,10,7050,买盘
1098,10:58:57,7.05,0.0,28,19740,买盘
1099,10:59:00,7.04,-0.01,10,7040,卖盘
1100,10:59:03,7.04,0.0,1,704,卖盘
1101,10:59:21,7.04,0.0,5,3520,卖盘
1102,10:59:27,7.04,0.0,12,8448,卖盘
1103,10:59:36,7.04,0.0,10,7040,卖盘
1104,10:59:39,7.04,0.0,272,191621,卖盘
1105,10:59:42,7.04,0.0,1,704,卖盘
1106,10:59:45,7.04,0.0,2,1408,卖盘
1107,11:00:13,7.05,0.01,2,1410,买盘
1108,11:00:24,7.05,0.0,30,21150,买盘
1109,11:00:30,7.05,0.0,50,35250,买盘
1110,11:00:36,7.04,-0.01,50,35210,卖盘
1111,11:00:48,7.05,0.01,6,4230,买盘
1112,11:00:54,7.04,-0.01,1,704,卖盘
1113,11:01:18,7.04,0.0,19,13376,卖盘
1114,11:01:21,7.04,0.0,110,77440,卖盘
1115,11:01:24,7.05,0.01,28,19740,买盘
1116,11:01:28,7.04,-0.01,83,58440,卖盘
1117,11:01:51,7.04,0.0,70,49290,卖盘
1118,11:01:58,7.04,0.0,77,54208,卖盘
1119,11:02:01,7.04,0.0,23,16192,卖盘
1120,11:02:12,7.05,0.01,1,705,买盘
1121,11:02:18,7.05,0.0,450,317250,买盘
1122,11:02:51,7.05,0.0,6,4230,买盘
1123,11:03:00,7.05,0.0,11,7755,买盘
1124,11:03:12,7.05,0.0,200,141000,买盘
1125,11:03:18,7.04,-0.01,20,14080,卖盘
1126,11:03:27,7.04,0.0,50,35200,卖盘
1127,11:03:30,7.05,0.01,20,14100,买盘
1128,11:03:36,7.04,-0.01,22,15488,卖盘
1129,11:03:42,7.04,0.0,1,704,卖盘
1130,11:03:51,7.05,0.01,55,38775,买盘
1131,11:04:06,7.05,0.0,20,14100,买盘
1132,11:04:12,7.05,0.0,1,705,买盘
1133,11:04:15,7.05,0.0,20,14081,买盘
1134,11:04:18,7.05,0.0,25,17625,买盘
1135,11:04:27,7.04,-0.01,39,27492,卖盘
1136,11:04:48,7.04,0.0,10,7040,卖盘
1137,11:04:52,7.05,0.01,22,15510,买盘
1138,11:04:57,7.04,-0.01,41,28864,卖盘
1139,11:05:00,7.04,0.0,18,12672,卖盘
1140,11:05:06,7.05,0.01,6,4230,买盘
1141,11:05:24,7.05,0.0,5,3525,买盘
1142,11:05:27,7.05,0.0,28,19740,买盘
1143,11:05:30,7.04,-0.01,123,86592,卖盘
1144,11:05:42,7.06,0.02,1480,1044543,买盘
1145,11:05:45,7.05,-0.01,5,3525,中性盘
1146,11:05:55,7.05,0.0,18,12690,卖盘
1147,11:06:09,7.05,0.0,6,4230,卖盘
1148,11:06:12,7.06,0.01,71,50126,买盘
1149,11:06:15,7.05,-0.01,40,28220,卖盘
1150,11:06:21,7.05,0.0,4,2820,卖盘
1151,11:06:27,7.06,0.01,20,14120,买盘
1152,11:06:34,7.06,0.0,40,28240,买盘
1153,11:06:40,7.06,0.0,14,10392,买盘
1154,11:06:42,7.06,0.0,7,4942,卖盘
1155,11:06:46,7.06,0.0,18,12708,卖盘
1156,11:06:48,7.06,0.0,29,20489,卖盘
1157,11:06:51,7.07,0.01,46,32506,买盘
1158,11:06:54,7.06,-0.01,19,13421,卖盘
1159,11:06:57,7.06,0.0,14,9884,卖盘
1160,11:07:00,7.06,0.0,128,89865,卖盘
1161,11:07:03,7.05,-0.01,8,5640,卖盘
1162,11:07:06,7.06,0.01,29,20455,中性盘
1163,11:07:10,7.05,-0.01,13,9165,卖盘
1164,11:07:12,7.06,0.01,20,14103,买盘
1165,11:07:15,7.06,0.0,19,13414,买盘
1166,11:07:18,7.05,-0.01,4,2820,卖盘
1167,11:07:21,7.06,0.01,12,8465,买盘
1168,11:07:24,7.05,-0.01,13,9165,卖盘
1169,11:07:27,7.05,0.0,14,9870,卖盘
1170,11:07:30,7.05,0.0,15,10575,卖盘
1171,11:07:33,7.05,0.0,31,21855,卖盘
1172,11:07:36,7.05,0.0,28,19740,卖盘
1173,11:07:39,7.05,0.0,84,59220,卖盘
1174,11:07:42,7.05,0.0,13,9165,卖盘
1175,11:07:45,7.05,0.0,10,7050,卖盘
1176,11:07:48,7.06,0.01,17,11995,买盘
1177,11:07:51,7.06,0.0,75,52945,买盘
1178,11:07:54,7.05,-0.01,2,1410,卖盘
1179,11:07:57,7.05,0.0,4,2820,卖盘
1180,11:08:00,7.05,0.0,3,2115,卖盘
1181,11:08:03,7.05,0.0,3,2115,卖盘
1182,11:08:06,7.05,0.0,2,1410,卖盘
1183,11:08:09,7.05,0.0,4,2820,卖盘
1184,11:08:13,7.05,0.0,5,3526,卖盘
1185,11:08:15,7.05,0.0,25,17625,卖盘
1186,11:08:18,7.05,0.0,4,2820,卖盘
1187,11:08:24,7.05,0.0,1,705,卖盘
1188,11:08:27,7.06,0.01,1,706,买盘
1189,11:08:36,7.05,-0.01,20,14100,卖盘
1190,11:08:48,7.06,0.01,20,14120,买盘
1191,11:08:52,7.05,-0.01,13,9165,卖盘
1192,11:08:54,7.05,0.0,73,51465,卖盘
1193,11:08:57,7.05,0.0,10,7050,买盘
1194,11:09:04,7.05,0.0,30,21150,买盘
1195,11:09:39,7.04,-0.01,21,14784,卖盘
1196,11:10:12,7.05,0.01,1,705,买盘
1197,11:10:15,7.05,0.0,3,2115,买盘
1198,11:10:18,7.05,0.0,1,705,买盘
1199,11:10:39,7.04,-0.01,5,3520,卖盘
1200,11:10:45,7.05,0.01,28,19740,买盘
1201,11:10:54,7.05,0.0,219,154395,买盘
1202,11:11:00,7.04,-0.01,10,7040,卖盘
1203,11:11:06,7.05,0.01,50,35250,买盘
1204,11:11:21,7.04,-0.01,17,11968,卖盘
1205,11:11:45,7.05,0.01,64,45120,买盘
1206,11:11:48,7.04,-0.01,5,3520,卖盘
1207,11:11:55,7.05,0.01,30,21150,买盘
1208,11:11:57,7.04,-0.01,5,3520,卖盘
1209,11:12:06,7.04,0.0,10,7040,卖盘
1210,11:12:09,7.04,0.0,72,50688,卖盘
1211,11:12:13,7.05,0.01,1,705,买盘
1212,11:13:04,7.05,0.0,6,4230,买盘
1213,11:13:24,7.05,0.0,5,3525,买盘
1214,11:13:27,7.04,-0.01,50,35200,卖盘
1215,11:13:30,7.05,0.01,48,33820,买盘
1216,11:13:33,7.04,-0.01,2,1408,卖盘
1217,11:13:36,7.04,0.0,19,13376,卖盘
1218,11:13:40,7.04,0.0,141,99264,卖盘
1219,11:14:00,7.04,0.0,10,7040,买盘
1220,11:14:09,7.03,-0.01,82,57646,卖盘
1221,11:14:12,7.04,0.01,1,704,买盘
1222,11:14:18,7.04,0.0,150,105600,买盘
1223,11:14:51,7.04,0.0,20,14080,买盘
1224,11:15:06,7.04,0.0,35,24640,买盘
1225,11:15:10,7.03,-0.01,24,16872,卖盘
1226,11:15:15,7.04,0.01,20,14080,买盘
1227,11:15:27,7.04,0.0,28,19712,买盘
1228,11:15:33,7.05,0.01,51,35953,买盘
1229,11:15:36,7.05,0.0,14,9863,买盘
1230,11:15:39,7.04,-0.01,22,15488,卖盘
1231,11:15:45,7.05,0.01,7,4935,买盘
1232,11:15:51,7.04,-0.01,11,7750,卖盘
1233,11:15:57,7.05,0.01,11,7754,买盘
1234,11:16:04,7.05,0.0,10,7050,买盘
1235,11:16:12,7.05,0.0,6,4230,买盘
1236,11:16:36,7.05,0.0,10,7050,买盘
1237,11:17:00,7.04,-0.01,10,7040,卖盘
1238,11:17:15,7.04,0.0,106,74624,卖盘
1239,11:17:21,7.04,0.0,3,2112,卖盘
1240,11:17:24,7.04,0.0,4,2816,卖盘
1241,11:17:39,7.04,0.0,8,5632,卖盘
1242,11:17:51,7.03,-0.01,18,12654,卖盘
1243,11:17:54,7.04,0.01,3,2112,买盘
1244,11:18:12,7.04,0.0,1,704,买盘
1245,11:18:30,7.04,0.0,100,70400,买盘
1246,11:18:39,7.03,-0.01,3,2109,卖盘
1247,11:18:54,7.03,0.0,274,192622,卖盘
1248,11:18:57,7.03,0.0,6,4218,卖盘
1249,11:19:00,7.03,0.0,2,1406,卖盘
1250,11:19:03,7.03,0.0,5,3515,卖盘
1251,11:19:06,7.03,0.0,197,138591,卖盘
1252,11:19:12,7.03,0.0,41,28823,买盘
1253,11:19:18,7.03,0.0,10,7030,卖盘
1254,11:19:21,7.03,0.0,10,7030,卖盘
1255,11:19:27,7.03,0.0,1,703,卖盘
1256,11:19:30,7.03,0.0,3,2109,卖盘
1257,11:19:33,7.03,0.0,35,24605,卖盘
1258,11:19:55,7.03,0.0,10,7030,买盘
1259,11:19:57,7.03,0.0,50,35150,买盘
1260,11:20:13,7.02,-0.01,106,74418,卖盘
1261,11:20:18,7.03,0.01,10,7030,买盘
1262,11:20:21,7.03,0.0,46,32338,买盘
1263,11:20:24,7.03,0.0,10,7030,买盘
1264,11:20:27,7.03,0.0,4,2812,买盘
1265,11:20:30,7.03,0.0,17,11951,买盘
1266,11:20:33,7.03,0.0,2,1603,买盘
1267,11:20:40,7.04,0.01,35,24640,买盘
1268,11:20:57,7.03,-0.01,5,3515,卖盘
1269,11:21:09,7.03,0.0,5,3515,卖盘
1270,11:21:21,7.04,0.01,12,8448,买盘
1271,11:21:33,7.04,0.0,315,221760,买盘
1272,11:21:36,7.04,0.0,101,71104,卖盘
1273,11:21:39,7.04,0.0,12,8448,卖盘
1274,11:21:42,7.04,0.0,4,2816,卖盘
1275,11:21:45,7.04,0.0,5,3520,卖盘
1276,11:21:48,7.04,0.0,10,7040,卖盘
1277,11:21:51,7.04,0.0,7,4928,卖盘
1278,11:21:54,7.04,0.0,10,7040,卖盘
1279,11:21:57,7.04,0.0,13,9152,卖盘
1280,11:22:00,7.04,0.0,8,5632,卖盘
1281,11:22:04,7.04,0.0,6,4224,卖盘
1282,11:22:06,7.04,0.0,25,17600,卖盘
1283,11:22:09,7.04,0.0,7,4928,卖盘
1284,11:22:12,7.04,0.0,9,6336,卖盘
1285,11:22:15,7.04,0.0,9,6336,卖盘
1286,11:22:18,7.04,0.0,8,5632,卖盘
1287,11:22:21,7.04,0.0,2,1408,卖盘
1288,11:22:24,7.04,0.0,27,19008,卖盘
1289,11:22:27,7.04,0.0,2,1408,卖盘
1290,11:22:30,7.04,0.0,15,10560,卖盘
1291,11:22:33,7.04,0.0,29,20416,卖盘
1292,11:22:36,7.04,0.0,27,19008,卖盘
1293,11:22:39,7.04,0.0,19,13376,卖盘
1294,11:22:42,7.04,0.0,16,11264,卖盘
1295,11:22:45,7.04,0.0,11,7744,卖盘
1296,11:22:48,7.04,0.0,10,7040,卖盘
1297,11:22:51,7.04,0.0,9,6336,卖盘
1298,11:22:54,7.04,0.0,13,9152,卖盘
1299,11:22:57,7.04,0.0,7,4928,卖盘
1300,11:23:00,7.04,0.0,47,33088,卖盘
1301,11:23:04,7.04,0.0,1,704,卖盘
1302,11:23:06,7.04,0.0,1,704,卖盘
1303,11:23:12,7.04,0.0,5,3521,卖盘
1304,11:23:15,7.04,0.0,5,3520,卖盘
1305,11:23:24,7.04,0.0,2,1408,卖盘
1306,11:23:27,7.04,0.0,8,5632,卖盘
1307,11:23:30,7.04,0.0,24,16896,卖盘
1308,11:23:33,7.04,0.0,14,9856,卖盘
1309,11:23:36,7.04,0.0,4,2816,卖盘
1310,11:23:42,7.04,0.0,1,704,卖盘
1311,11:23:46,7.04,0.0,1,704,卖盘
1312,11:23:48,7.04,0.0,2,1408,卖盘
1313,11:24:00,7.04,0.0,7,4928,卖盘
1314,11:24:06,7.04,0.0,35,24640,卖盘
1315,11:24:12,7.05,0.01,1,705,买盘
1316,11:24:24,7.04,-0.01,11,7744,卖盘
1317,11:24:27,7.05,0.01,13,9169,买盘
1318,11:24:30,7.04,-0.01,12,8448,卖盘
1319,11:24:36,7.04,0.0,2,1408,卖盘
1320,11:24:39,7.04,0.0,14,9861,卖盘
1321,11:24:42,7.04,0.0,2,1408,卖盘
1322,11:24:45,7.04,0.0,6,4224,卖盘
1323,11:24:48,7.04,0.0,4,2816,卖盘
1324,11:24:54,7.05,0.01,72,50760,买盘
1325,11:25:09,7.04,-0.01,1,704,卖盘
1326,11:25:12,7.05,0.01,6,4230,买盘
1327,11:25:21,7.04,-0.01,31,21824,卖盘
1328,11:25:34,7.04,0.0,2,1408,卖盘
1329,11:25:57,7.04,0.0,56,39424,卖盘
1330,11:26:12,7.05,0.01,44,31020,买盘
1331,11:26:27,7.04,-0.01,2,1408,卖盘
1332,11:26:30,7.04,0.0,3,2112,卖盘
1333,11:26:36,7.04,0.0,2,1408,卖盘
1334,11:26:39,7.04,0.0,3,2112,卖盘
1335,11:26:42,7.04,0.0,2,1408,卖盘
1336,11:26:45,7.04,0.0,3,2112,卖盘
1337,11:26:48,7.04,0.0,7,4928,卖盘
1338,11:26:52,7.04,0.0,12,8448,卖盘
1339,11:26:54,7.05,0.01,16,11274,买盘
1340,11:26:57,7.04,-0.01,5,3520,卖盘
1341,11:27:00,7.04,0.0,6,4224,卖盘
1342,11:27:07,7.04,0.0,2,1408,卖盘
1343,11:27:12,7.05,0.01,2,1409,买盘
1344,11:27:21,7.04,-0.01,31,21824,卖盘
1345,11:27:24,7.04,0.0,20,14080,卖盘
1346,11:27:27,7.04,0.0,79,55616,卖盘
1347,11:28:06,7.04,0.0,30,21120,卖盘
1348,11:28:12,7.05,0.01,1,705,买盘
1349,11:28:24,7.05,0.0,42,29610,买盘
1350,11:28:27,7.05,0.0,20,14100,买盘
1351,11:28:33,7.05,0.0,34,23970,买盘
1352,11:28:54,7.05,0.0,100,70500,买盘
1353,11:29:00,7.05,0.0,6,4230,买盘
1354,11:29:04,7.05,0.0,6,4230,买盘
1355,11:29:18,7.05,0.0,28,19740,买盘
1356,11:29:51,7.05,0.0,6,4230,买盘
1357,11:30:01,7.05,0.0,24,16920,买盘
1358,13:00:04,7.05,0.0,969,683003,买盘
1359,13:00:06,7.06,0.01,29,20455,买盘
1360,13:00:09,7.05,-0.01,10,7050,卖盘
1361,13:00:12,7.06,0.01,2,1412,买盘
1362,13:00:15,7.05,-0.01,3,2115,卖盘
1363,13:00:18,7.05,0.0,5,3525,卖盘
1364,13:00:22,7.05,0.0,3,2115,卖盘
1365,13:00:24,7.05,0.0,3,2115,卖盘
1366,13:00:27,7.05,0.0,5,3525,卖盘
1367,13:00:30,7.05,0.0,12,8460,卖盘
1368,13:00:33,7.05,0.0,2,1410,卖盘
1369,13:00:36,7.05,0.0,6,4230,卖盘
1370,13:00:39,7.05,0.0,2,1410,卖盘
1371,13:00:42,7.04,-0.01,10,7047,卖盘
1372,13:00:45,7.04,0.0,15,10560,卖盘
1373,13:00:48,7.04,0.0,9,6336,卖盘
1374,13:00:51,7.04,0.0,4,2816,卖盘
1375,13:00:55,7.04,0.0,13,9152,卖盘
1376,13:00:57,7.04,0.0,12,8448,卖盘
1377,13:01:00,7.04,0.0,10,7040,卖盘
1378,13:01:04,7.04,0.0,20,14080,卖盘
1379,13:01:06,7.04,0.0,16,11264,卖盘
1380,13:01:09,7.04,0.0,13,9152,卖盘
1381,13:01:12,7.04,0.0,39,27456,卖盘
1382,13:01:15,7.04,0.0,27,18811,卖盘
1383,13:01:18,7.04,0.0,3,2112,卖盘
1384,13:01:21,7.04,0.0,2,1408,卖盘
1385,13:01:24,7.04,0.0,2,1408,卖盘
1386,13:01:27,7.04,0.0,13,9152,卖盘
1387,13:01:30,7.04,0.0,2,1408,卖盘
1388,13:01:33,7.04,0.0,3,2112,卖盘
1389,13:01:37,7.04,0.0,38,26935,卖盘
1390,13:01:43,7.05,0.01,30,21146,买盘
1391,13:01:46,7.04,-0.01,4,2816,卖盘
1392,13:01:48,7.04,0.0,3,2112,卖盘
1393,13:01:51,7.04,0.0,5,3520,卖盘
1394,13:02:06,7.05,0.01,17,11985,买盘
1395,13:02:10,7.05,0.0,25,17616,买盘
1396,13:02:18,7.04,-0.01,152,107008,卖盘
1397,13:02:21,7.04,0.0,20,14080,卖盘
1398,13:02:27,7.04,0.0,36,25354,卖盘
1399,13:02:57,7.04,0.0,33,23232,卖盘
1400,13:03:12,7.04,0.0,19,13377,卖盘
1401,13:03:30,7.04,0.0,20,14080,卖盘
1402,13:03:45,7.04,0.0,21,14784,卖盘
1403,13:03:51,7.04,0.0,100,70400,卖盘
1404,13:03:54,7.04,0.0,1,704,卖盘
1405,13:04:00,7.04,0.0,39,27456,卖盘
1406,13:04:15,7.04,0.0,10,7040,买盘
1407,13:04:25,7.04,0.0,5,3520,卖盘
1408,13:04:42,7.04,0.0,21,14784,卖盘
1409,13:04:51,7.05,0.01,1,705,买盘
1410,13:04:54,7.04,-0.01,23,16192,卖盘
1411,13:05:21,7.04,0.0,64,45056,卖盘
1412,13:05:24,7.05,0.01,120,84600,买盘
1413,13:05:36,7.05,0.0,10,7050,买盘
1414,13:05:45,7.04,-0.01,25,17600,卖盘
1415,13:06:00,7.04,0.0,76,53504,卖盘
1416,13:06:03,7.05,0.01,9,6344,买盘
1417,13:06:09,7.04,-0.01,5,3520,卖盘
1418,13:06:12,7.05,0.01,1,705,买盘
1419,13:06:15,7.04,-0.01,3,2112,卖盘
1420,13:06:30,7.03,-0.01,20,14060,卖盘
1421,13:06:33,7.04,0.01,33,23232,买盘
1422,13:06:39,7.04,0.0,31,21824,买盘
1423,13:06:51,7.04,0.0,50,35200,卖盘
1424,13:06:54,7.04,0.0,15,10560,卖盘
1425,13:07:06,7.04,0.0,4,2816,卖盘
1426,13:07:18,7.04,0.0,2,1408,买盘
1427,13:07:24,7.04,0.0,7,4928,买盘
1428,13:07:27,7.03,-0.01,22,15466,卖盘
1429,13:07:36,7.03,0.0,10,7030,卖盘
1430,13:07:42,7.03,0.0,3,2109,卖盘
1431,13:07:54,7.04,0.01,5,3520,买盘
1432,13:08:04,7.03,-0.01,11,7733,卖盘
1433,13:08:36,7.04,0.01,40,28140,买盘
1434,13:08:42,7.04,0.0,100,70400,买盘
1435,13:08:48,7.03,-0.01,200,140600,卖盘
1436,13:09:03,7.03,0.0,18,12654,卖盘
1437,13:09:33,7.03,0.0,25,17575,卖盘
1438,13:09:36,7.03,0.0,102,71706,卖盘
1439,13:10:00,7.04,0.01,14,9856,买盘
1440,13:10:09,7.04,0.0,11,7744,买盘
1441,13:10:12,7.03,-0.01,126,88382,卖盘
1442,13:10:27,7.03,0.0,16,11248,买盘
1443,13:10:36,7.02,-0.01,20,14040,卖盘
1444,13:11:00,7.02,0.0,42,29494,卖盘
1445,13:11:09,7.02,0.0,1,702,卖盘
1446,13:11:24,7.02,0.0,10,7020,卖盘
1447,13:11:27,7.02,0.0,2,1404,卖盘
1448,13:11:30,7.02,0.0,33,23166,卖盘
1449,13:11:33,7.03,0.01,90,63270,买盘
1450,13:11:36,7.03,0.0,31,21793,买盘
1451,13:11:39,7.02,-0.01,10,7020,卖盘
1452,13:11:51,7.02,0.0,50,35100,卖盘
1453,13:12:06,7.02,0.0,20,14040,卖盘
1454,13:12:12,7.02,0.0,11,7723,卖盘
1455,13:12:15,7.02,0.0,5,3510,卖盘
1456,13:12:19,7.02,0.0,20,14040,卖盘
1457,13:12:21,7.03,0.01,10,7030,买盘
1458,13:12:24,7.02,-0.01,11,7722,卖盘
1459,13:12:27,7.02,0.0,202,141804,卖盘
1460,13:12:33,7.02,0.0,15,10530,卖盘
1461,13:12:36,7.01,-0.01,47,32993,卖盘
1462,13:12:48,7.01,0.0,10,7010,卖盘
1463,13:13:06,7.01,0.0,24,16824,卖盘
1464,13:13:12,7.01,0.0,25,17525,卖盘
1465,13:13:15,7.01,0.0,110,77210,卖盘
1466,13:13:18,7.01,0.0,20,14020,卖盘
1467,13:13:21,7.01,0.0,4,2804,卖盘
1468,13:13:27,7.01,0.0,40,28040,卖盘
1469,13:13:45,7.01,0.0,164,114964,卖盘
1470,13:13:48,7.01,0.0,1,701,卖盘
1471,13:13:51,7.01,0.0,85,59585,卖盘
1472,13:13:54,7.01,0.0,11,7711,卖盘
1473,13:13:57,7.01,0.0,16,11216,卖盘
1474,13:14:09,7.02,0.01,7,4914,买盘
1475,13:14:12,7.02,0.0,1,702,买盘
1476,13:14:24,7.02,0.0,10,7020,买盘
1477,13:14:33,7.02,0.0,9,6318,买盘
1478,13:14:42,7.0,-0.02,1953,1367777,卖盘
1479,13:14:45,7.02,0.02,5,3510,买盘
1480,13:14:48,7.0,-0.02,19,13300,卖盘
1481,13:14:55,7.0,0.0,1,700,卖盘
1482,13:15:04,7.0,0.0,3,2100,卖盘
1483,13:15:06,7.0,0.0,39,27300,卖盘
1484,13:15:13,7.0,0.0,30,21000,卖盘
1485,13:15:15,7.0,0.0,6,4200,卖盘
1486,13:15:21,7.01,0.01,57,39949,买盘
1487,13:15:24,7.0,-0.01,1,700,卖盘
1488,13:15:27,7.0,0.0,5,3500,卖盘
1489,13:15:30,7.0,0.0,20,14000,卖盘
1490,13:15:37,7.0,0.0,36,25200,卖盘
1491,13:15:45,7.0,0.0,24,16800,卖盘
1492,13:15:48,7.0,0.0,20,14000,卖盘
1493,13:15:51,7.0,0.0,51,35750,卖盘
1494,13:15:57,7.0,0.0,6,4200,卖盘
1495,13:16:00,7.01,0.01,8,5608,买盘
1496,13:16:13,7.01,0.0,1,701,买盘
1497,13:16:21,7.01,0.0,15,10515,买盘
1498,13:16:31,7.01,0.0,10,7010,买盘
1499,13:16:33,7.01,0.0,9,6309,买盘
1500,13:16:39,7.01,0.0,10,7010,买盘
1501,13:16:48,7.01,0.0,60,42060,买盘
1502,13:16:51,7.0,-0.01,20,14000,卖盘
1503,13:16:57,7.0,0.0,35,24500,卖盘
1504,13:17:37,7.01,0.01,49,34349,买盘
1505,13:18:04,7.01,0.0,1,701,买盘
1506,13:18:09,7.01,0.0,52,36452,买盘
1507,13:18:12,7.01,0.0,1,701,买盘
1508,13:18:15,7.0,-0.01,3,2100,卖盘
1509,13:18:24,7.0,0.0,17,11900,卖盘
1510,13:18:36,7.01,0.01,10,7010,买盘
1511,13:18:39,7.0,-0.01,20,14000,卖盘
1512,13:18:42,7.0,0.0,30,21000,卖盘
1513,13:19:09,7.0,0.0,54,37800,卖盘
1514,13:19:12,7.01,0.01,1,701,买盘
1515,13:19:16,7.0,-0.01,20,14000,卖盘
1516,13:19:19,7.0,0.0,15,10510,卖盘
1517,13:19:24,7.01,0.01,18,12618,买盘
1518,13:19:45,7.0,-0.01,20,14000,卖盘
1519,13:19:48,7.0,0.0,18,12600,卖盘
1520,13:19:57,7.0,0.0,67,46900,卖盘
1521,13:20:00,7.0,0.0,644,450817,卖盘
1522,13:20:04,7.01,0.01,39,27305,买盘
1523,13:20:06,7.0,-0.01,53,37100,卖盘
1524,13:20:12,7.0,0.0,162,113400,卖盘
1525,13:20:15,7.0,0.0,50,35000,卖盘
1526,13:20:18,7.0,0.0,3,2100,买盘
1527,13:20:21,7.0,0.0,10,7000,买盘
1528,13:20:24,6.99,-0.01,116,81084,卖盘
1529,13:20:39,6.99,0.0,10,6990,卖盘
1530,13:21:06,6.99,0.0,6,4194,卖盘
1531,13:21:15,6.99,0.0,14,9786,卖盘
1532,13:21:33,6.99,0.0,20,13980,卖盘
1533,13:22:12,7.0,0.01,1,700,买盘
1534,13:22:15,7.0,0.0,44,30800,买盘
1535,13:22:18,6.99,-0.01,50,34950,卖盘
1536,13:22:24,6.99,0.0,70,48930,卖盘
1537,13:22:33,7.0,0.01,100,70000,买盘
1538,13:22:51,7.0,0.0,5,3500,买盘
1539,13:23:12,7.0,0.0,15,10500,买盘
1540,13:23:27,7.0,0.0,9,6300,买盘
1541,13:24:54,7.0,0.0,123,86100,买盘
1542,13:24:57,6.99,-0.01,150,104850,卖盘
1543,13:25:06,6.99,0.0,93,65007,卖盘
1544,13:25:12,6.99,0.0,1,699,买盘
1545,13:25:21,6.98,-0.01,152,106096,卖盘
1546,13:25:33,6.99,0.01,100,69900,买盘
1547,13:25:48,6.98,-0.01,3,2094,卖盘
1548,13:25:51,7.0,0.02,135,94274,买盘
1549,13:26:09,6.98,-0.02,100,69800,卖盘
1550,13:26:12,6.99,0.01,1,699,买盘
1551,13:26:15,6.98,-0.01,10,6980,卖盘
1552,13:26:19,6.98,0.0,3,2094,卖盘
1553,13:26:22,6.98,0.0,5,3490,卖盘
1554,13:26:30,6.98,0.0,86,60028,卖盘
1555,13:26:33,6.98,0.0,13,9074,买盘
1556,13:26:42,6.98,0.0,1,698,买盘
1557,13:26:45,6.98,0.0,7,4886,卖盘
1558,13:26:57,6.97,-0.01,69,48113,卖盘
1559,13:27:27,6.97,0.0,8,5576,卖盘
1560,13:27:30,6.98,0.01,20,13960,买盘
1561,13:27:36,6.97,-0.01,131,91307,卖盘
1562,13:27:46,6.97,0.0,46,32062,卖盘
1563,13:27:49,6.97,0.0,4,2788,买盘
1564,13:27:51,6.98,0.01,10,6980,买盘
1565,13:27:54,6.97,-0.01,10,6970,卖盘
1566,13:27:57,6.97,0.0,1,697,买盘
1567,13:28:00,6.97,0.0,13,9061,买盘
1568,13:28:06,6.97,0.0,21,14637,买盘
1569,13:28:09,6.97,0.0,5,3485,卖盘
1570,13:28:12,6.98,0.01,1,698,买盘
1571,13:28:21,6.98,0.0,110,76687,买盘
1572,13:28:24,6.97,-0.01,2,1394,卖盘
1573,13:28:30,6.98,0.01,10,6980,买盘
1574,13:28:36,6.98,0.0,10,6980,买盘
1575,13:28:48,6.98,0.0,20,13960,买盘
1576,13:28:54,6.98,0.0,10,6980,买盘
1577,13:28:57,6.98,0.0,8,5584,买盘
1578,13:29:09,6.98,0.0,30,20940,卖盘
1579,13:29:21,6.98,0.0,13,9074,卖盘
1580,13:29:33,6.98,0.0,17,11866,买盘
1581,13:29:45,6.98,0.0,8,5584,买盘
1582,13:29:48,6.98,0.0,11,7678,买盘
1583,13:29:51,6.97,-0.01,17,11858,卖盘
1584,13:30:12,6.99,0.02,1,699,买盘
1585,13:30:48,6.99,0.0,30,20970,买盘
1586,13:30:51,6.99,0.0,10,6990,买盘
1587,13:31:06,6.99,0.0,5,3495,买盘
1588,13:31:12,6.99,0.0,1,699,买盘
1589,13:31:15,6.99,0.0,5,3495,买盘
1590,13:31:27,6.99,0.0,100,69900,买盘
1591,13:31:39,6.99,0.0,1,699,买盘
1592,13:32:01,6.98,-0.01,30,20940,卖盘
1593,13:32:18,6.98,0.0,7,4886,卖盘
1594,13:33:12,6.99,0.01,1,699,买盘
1595,13:33:40,6.98,-0.01,19,13262,卖盘
1596,13:34:12,6.99,0.01,1,699,买盘
1597,13:34:48,6.98,-0.01,29,20242,卖盘
1598,13:35:39,6.98,0.0,30,20940,卖盘
1599,13:35:42,6.98,0.0,5,3490,卖盘
1600,13:35:48,6.99,0.01,100,69900,买盘
1601,13:36:00,6.98,-0.01,6,4188,卖盘
1602,13:36:04,6.99,0.01,19,13281,买盘
1603,13:36:09,6.99,0.0,100,69900,买盘
1604,13:36:12,6.99,0.0,1,699,买盘
1605,13:36:15,6.98,-0.01,100,69800,卖盘
1606,13:36:21,6.98,0.0,1,698,卖盘
1607,13:36:42,6.98,0.0,25,17450,卖盘
1608,13:36:54,6.98,0.0,67,46766,卖盘
1609,13:37:09,6.98,0.0,31,21638,买盘
1610,13:37:12,6.98,0.0,32,22336,卖盘
1611,13:37:27,6.98,0.0,48,33504,买盘
1612,13:37:33,6.97,-0.01,100,69700,卖盘
1613,13:37:45,6.97,0.0,15,10455,卖盘
1614,13:37:51,6.97,0.0,100,69700,卖盘
1615,13:37:57,6.97,0.0,207,144279,卖盘
1616,13:38:00,6.97,0.0,55,38335,买盘
1617,13:38:06,6.97,0.0,169,117793,卖盘
1618,13:38:09,6.98,0.01,145,101209,买盘
1619,13:38:12,6.98,0.0,12,8376,卖盘
1620,13:38:15,6.97,-0.01,152,106089,卖盘
1621,13:38:30,6.98,0.01,5,3490,买盘
1622,13:38:39,6.97,-0.01,5,3485,卖盘
1623,13:38:52,6.97,0.0,24,16728,卖盘
1624,13:38:54,6.97,0.0,20,13940,卖盘
1625,13:39:00,6.97,0.0,10,6970,卖盘
1626,13:39:06,6.95,-0.02,310,215686,卖盘
1627,13:39:15,6.98,0.03,57,39748,买盘
1628,13:39:48,6.97,-0.01,5,3485,买盘
1629,13:40:10,6.97,0.0,3,2091,买盘
1630,13:40:12,6.97,0.0,9,6273,买盘
1631,13:40:15,6.96,-0.01,22,15312,卖盘
1632,13:40:33,6.97,0.01,10,6970,买盘
1633,13:40:52,6.97,0.0,26,18116,买盘
1634,13:40:54,6.97,0.0,18,12546,买盘
1635,13:41:00,6.97,0.0,48,33456,买盘
1636,13:41:09,6.97,0.0,28,19516,卖盘
1637,13:41:12,6.98,0.01,1,698,买盘
1638,13:41:30,6.98,0.0,10,6980,买盘
1639,13:41:42,6.97,-0.01,5,3485,卖盘
1640,13:41:48,6.97,0.0,8,5576,卖盘
1641,13:41:51,6.98,0.01,8,5584,买盘
1642,13:41:54,6.97,-0.01,6,4182,卖盘
1643,13:42:00,6.97,0.0,2,1394,买盘
1644,13:42:12,6.98,0.01,1,698,买盘
1645,13:42:36,6.98,0.0,10,6980,买盘
1646,13:43:03,6.98,0.0,63,43974,买盘
1647,13:43:09,6.97,-0.01,23,16031,卖盘
1648,13:43:12,6.98,0.01,5,3490,买盘
1649,13:43:33,6.98,0.0,3,2094,买盘
1650,13:44:00,6.97,-0.01,2,1394,卖盘
1651,13:44:04,6.97,0.0,2,1394,卖盘
1652,13:44:12,6.98,0.01,1,698,买盘
1653,13:44:18,6.98,0.0,25,17450,买盘
1654,13:44:42,6.97,-0.01,15,10455,卖盘
1655,13:44:45,6.98,0.01,15,10470,买盘
1656,13:44:51,6.97,-0.01,10,6970,卖盘
1657,13:45:01,6.98,0.01,87,60726,买盘
1658,13:45:33,6.97,-0.01,30,20910,卖盘
1659,13:45:39,6.97,0.0,6,4182,卖盘
1660,13:46:09,6.97,0.0,1,697,卖盘
1661,13:46:12,6.98,0.01,1,698,买盘
1662,13:46:15,6.97,-0.01,100,69700,卖盘
1663,13:46:21,6.98,0.01,4,2792,买盘
1664,13:46:24,6.97,-0.01,9,6273,卖盘
1665,13:46:27,6.97,0.0,4,2788,卖盘
1666,13:46:31,6.97,0.0,2,1394,卖盘
1667,13:46:34,6.97,0.0,11,7667,卖盘
1668,13:46:57,6.97,0.0,30,20910,买盘
1669,13:47:03,6.97,0.0,1,697,买盘
1670,13:47:12,6.97,0.0,39,27157,买盘
1671,13:47:18,6.98,0.01,20,13960,买盘
1672,13:47:21,6.98,0.0,12,8376,买盘
1673,13:47:30,6.98,0.0,20,13960,买盘
1674,13:47:36,6.97,-0.01,88,61336,卖盘
1675,13:47:39,6.97,0.0,21,14637,买盘
1676,13:47:42,6.97,0.0,19,13243,买盘
1677,13:47:46,6.98,0.01,32,22336,买盘
1678,13:47:54,6.98,0.0,16,11168,买盘
1679,13:48:04,6.98,0.0,4,2792,买盘
1680,13:48:09,6.98,0.0,2,1396,买盘
1681,13:48:21,6.98,0.0,30,20940,买盘
1682,13:48:33,6.97,-0.01,33,23001,卖盘
1683,13:48:39,6.98,0.01,17,11866,买盘
1684,13:48:48,6.98,0.0,4,2792,买盘
1685,13:48:51,6.98,0.0,1,698,买盘
1686,13:48:54,6.98,0.0,1,698,买盘
1687,13:48:57,6.98,0.0,1,698,买盘
1688,13:49:06,6.97,-0.01,23,16031,卖盘
1689,13:49:12,6.98,0.01,1,698,买盘
1690,13:49:21,6.98,0.0,2,1396,买盘
1691,13:49:24,6.98,0.0,6,4188,买盘
1692,13:49:36,6.98,0.0,1,698,买盘
1693,13:49:45,6.98,0.0,1,698,买盘
1694,13:49:55,6.98,0.0,73,50954,买盘
1695,13:49:57,6.97,-0.01,15,10455,卖盘
1696,13:50:00,6.98,0.01,16,11168,买盘
1697,13:50:03,6.98,0.0,7,4886,买盘
1698,13:50:07,6.98,0.0,2,1396,买盘
1699,13:50:10,6.98,0.0,16,11158,买盘
1700,13:50:15,6.98,0.0,2,1396,买盘
1701,13:50:18,6.98,0.0,2,1396,买盘
1702,13:50:25,6.98,0.0,6,4188,买盘
1703,13:50:27,6.97,-0.01,14,9758,卖盘
1704,13:50:33,6.98,0.01,4,2792,买盘
1705,13:50:42,6.98,0.0,3,2094,买盘
1706,13:50:45,6.98,0.0,19,13262,买盘
1707,13:50:57,6.98,0.0,6,4188,买盘
1708,13:51:04,6.98,0.0,11,7678,买盘
1709,13:51:06,6.98,0.0,1,698,买盘
1710,13:51:12,6.98,0.0,4,2792,买盘
1711,13:51:16,6.98,0.0,1,698,买盘
1712,13:51:30,6.98,0.0,1,698,买盘
1713,13:51:54,6.98,0.0,44,30712,买盘
1714,13:52:00,6.98,0.0,13,9074,买盘
1715,13:52:09,6.98,0.0,4,2792,买盘
1716,13:52:15,6.98,0.0,31,21917,买盘
1717,13:52:19,6.99,0.01,1,699,买盘
1718,13:52:24,6.99,0.0,10,6990,买盘
1719,13:52:33,6.99,0.0,3,2097,买盘
1720,13:52:45,6.98,-0.01,1,698,卖盘
1721,13:52:48,6.99,0.01,1,699,买盘
1722,13:52:54,6.99,0.0,119,83181,买盘
1723,13:53:12,6.99,0.0,1,699,买盘
1724,13:53:18,6.99,0.0,27,18873,买盘
1725,13:53:27,6.98,-0.01,10,6980,卖盘
1726,13:53:36,6.99,0.01,38,26562,买盘
1727,13:53:39,6.99,0.0,2,1398,买盘
1728,13:53:42,6.99,0.0,1,699,买盘
1729,13:53:45,6.98,-0.01,21,14669,卖盘
1730,13:53:48,6.99,0.01,12,8388,买盘
1731,13:53:51,6.99,0.0,4,2796,买盘
1732,13:53:54,6.99,0.0,8,5592,买盘
1733,13:53:57,6.99,0.0,3,2097,买盘
1734,13:54:04,6.99,0.0,24,16776,买盘
1735,13:54:12,6.99,0.0,8,5592,买盘
1736,13:54:21,6.99,0.0,19,13281,买盘
1737,13:54:24,6.99,0.0,15,10485,买盘
1738,13:54:27,6.99,0.0,14,9776,买盘
1739,13:54:30,6.99,0.0,5,3495,买盘
1740,13:54:36,6.99,0.0,9,6291,买盘
1741,13:54:39,6.99,0.0,50,34950,买盘
1742,13:54:42,6.99,0.0,1,699,买盘
1743,13:54:45,6.99,0.0,28,19572,买盘
1744,13:54:51,7.0,0.01,15,10500,买盘
1745,13:55:01,6.99,-0.01,33,23071,卖盘
1746,13:55:12,6.99,0.0,1,699,买盘
1747,13:55:15,6.99,0.0,8,5592,买盘
1748,13:55:18,6.99,0.0,2,1398,买盘
1749,13:55:24,6.99,0.0,3,2097,买盘
1750,13:55:30,6.99,0.0,1,699,买盘
1751,13:55:33,6.99,0.0,1,699,买盘
1752,13:55:36,6.98,-0.01,1,698,卖盘
1753,13:55:51,6.99,0.01,20,13980,买盘
1754,13:56:04,6.99,0.0,15,10475,买盘
1755,13:56:06,6.99,0.0,21,14679,买盘
1756,13:56:12,6.99,0.0,5,3495,买盘
1757,13:56:18,6.99,0.0,2,1398,买盘
1758,13:56:21,6.99,0.0,5,3495,买盘
1759,13:56:24,6.98,-0.01,20,13960,卖盘
1760,13:56:27,6.99,0.01,1,699,买盘
1761,13:56:30,6.99,0.0,2,1398,买盘
1762,13:56:36,6.99,0.0,6,4194,买盘
1763,13:56:45,6.99,0.0,2,1398,买盘
1764,13:57:00,6.99,0.0,1,699,买盘
1765,13:57:36,6.98,-0.01,3,2094,卖盘
1766,13:57:39,6.99,0.01,54,37746,买盘
1767,13:57:42,6.99,0.0,101,70599,买盘
1768,13:57:48,6.99,0.0,46,32154,买盘
1769,13:57:57,6.99,0.0,14,9786,买盘
1770,13:58:06,6.99,0.0,4,2796,买盘
1771,13:58:12,6.99,0.0,3,2097,买盘
1772,13:58:21,6.99,0.0,1,699,买盘
1773,13:58:24,6.99,0.0,2,1398,买盘
1774,13:58:27,6.99,0.0,1,699,买盘
1775,13:58:31,6.98,-0.01,10,6980,卖盘
1776,13:58:45,6.99,0.01,3,2097,买盘
1777,13:58:51,6.99,0.0,1,699,买盘
1778,13:59:45,6.99,0.0,34,23766,买盘
1779,13:59:55,6.98,-0.01,10,6980,卖盘
1780,13:59:58,6.99,0.01,10,6990,买盘
1781,14:00:04,6.99,0.0,5,3495,买盘
1782,14:00:06,6.99,0.0,2,1398,买盘
1783,14:00:09,6.98,-0.01,2,1396,卖盘
1784,14:00:12,6.99,0.01,59,41184,买盘
1785,14:00:21,6.99,0.0,5,3495,买盘
1786,14:00:24,6.98,-0.01,80,55840,卖盘
1787,14:00:30,6.99,0.01,15,10485,买盘
1788,14:00:36,6.99,0.0,6,4194,买盘
1789,14:00:39,6.99,0.0,18,12582,买盘
1790,14:00:45,6.99,0.0,5,3495,买盘
1791,14:00:55,6.98,-0.01,29,20250,卖盘
1792,14:01:01,6.98,0.0,115,80270,卖盘
1793,14:01:10,6.98,0.0,9,6282,买盘
1794,14:01:16,6.98,0.0,87,60726,买盘
1795,14:01:27,6.98,0.0,29,20242,买盘
1796,14:01:39,6.98,0.0,2,1396,买盘
1797,14:01:42,6.97,-0.01,91,63433,卖盘
1798,14:01:48,6.97,0.0,107,74579,卖盘
1799,14:01:51,6.98,0.01,20,13946,买盘
1800,14:01:57,6.98,0.0,53,36980,买盘
1801,14:02:06,6.98,0.0,16,11168,买盘
1802,14:02:12,6.96,-0.02,24,16706,卖盘
1803,14:02:18,6.96,0.0,260,180960,卖盘
1804,14:02:21,6.97,0.01,12,8364,买盘
1805,14:02:30,6.96,-0.01,135,94042,卖盘
1806,14:02:33,6.96,0.0,1,696,卖盘
1807,14:02:45,6.97,0.01,40,27880,买盘
1808,14:02:54,6.97,0.0,12,8364,买盘
1809,14:03:09,6.97,0.0,4,2788,买盘
1810,14:03:15,6.97,0.0,2,1394,买盘
1811,14:03:21,6.96,-0.01,93,64816,卖盘
1812,14:03:24,6.96,0.0,10,6960,卖盘
1813,14:03:30,6.95,-0.01,22,15297,卖盘
1814,14:03:33,6.97,0.02,30,20906,买盘
1815,14:03:37,6.95,-0.02,127,88265,卖盘
1816,14:03:40,6.97,0.02,15,10455,买盘
1817,14:03:43,6.97,0.0,39,27183,买盘
1818,14:03:48,6.97,0.0,17,11849,买盘
1819,14:03:57,6.96,-0.01,5,3480,买盘
1820,14:04:04,6.96,0.0,5,3480,买盘
1821,14:04:06,6.96,0.0,1,696,买盘
1822,14:04:09,6.95,-0.01,30,20850,卖盘
1823,14:04:12,6.96,0.01,2,1392,买盘
1824,14:04:16,6.96,0.0,1,696,买盘
1825,14:04:21,6.96,0.0,10,6960,买盘
1826,14:04:24,6.96,0.0,8,5568,买盘
1827,14:04:27,6.96,0.0,9,6264,买盘
1828,14:04:30,6.96,0.0,5,3480,买盘
1829,14:04:33,6.96,0.0,7,4872,买盘
1830,14:04:36,6.96,0.0,3,2088,买盘
1831,14:04:39,6.96,0.0,1,696,买盘
1832,14:04:42,6.95,-0.01,18,12510,卖盘
1833,14:04:45,6.96,0.01,3,2088,买盘
1834,14:04:51,6.95,-0.01,20,13900,卖盘
1835,14:04:54,6.96,0.01,7,4872,买盘
1836,14:05:01,6.96,0.0,8,5568,买盘
1837,14:05:09,6.96,0.0,80,55603,买盘
1838,14:05:18,6.96,0.0,23,16008,买盘
1839,14:05:22,6.95,-0.01,20,13900,卖盘
1840,14:05:25,6.96,0.01,7,4872,买盘
1841,14:05:30,6.96,0.0,20,13920,买盘
1842,14:05:33,6.96,0.0,9,6264,买盘
1843,14:05:42,6.96,0.0,8,5568,买盘
1844,14:05:45,6.96,0.0,35,24360,买盘
1845,14:05:48,6.96,0.0,1,696,买盘
1846,14:05:51,6.96,0.0,2,1392,买盘
1847,14:05:54,6.96,0.0,2,1392,买盘
1848,14:06:00,6.96,0.0,18,12528,卖盘
1849,14:06:06,6.97,0.01,6,4182,买盘
1850,14:06:12,6.97,0.0,12,8364,买盘
1851,14:06:21,6.97,0.0,3,2091,买盘
1852,14:06:24,6.96,-0.01,9,6271,卖盘
1853,14:06:31,6.97,0.01,3,2091,买盘
1854,14:06:33,6.97,0.0,25,17425,买盘
1855,14:06:36,6.97,0.0,1,697,买盘
1856,14:06:39,6.97,0.0,1,697,买盘
1857,14:06:45,6.97,0.0,6,4182,买盘
1858,14:06:48,6.97,0.0,7,4879,买盘
1859,14:06:51,6.97,0.0,267,186099,买盘
1860,14:06:57,6.97,0.0,2,1394,卖盘
1861,14:07:00,6.98,0.01,82,57236,买盘
1862,14:07:09,6.98,0.0,25,17450,买盘
1863,14:07:12,6.98,0.0,1,698,买盘
1864,14:07:18,6.98,0.0,9,6282,买盘
1865,14:07:24,6.98,0.0,245,171010,买盘
1866,14:07:30,6.98,0.0,87,60726,买盘
1867,14:07:33,6.98,0.0,74,51652,买盘
1868,14:07:39,6.98,0.0,53,36994,买盘
1869,14:07:43,6.98,0.0,64,44672,买盘
1870,14:07:46,6.98,0.0,30,20940,卖盘
1871,14:07:48,6.99,0.01,66,46134,买盘
1872,14:07:57,6.99,0.0,19,13281,买盘
1873,14:08:06,6.99,0.0,6,4194,买盘
1874,14:08:21,6.99,0.0,2,1398,买盘
1875,14:08:30,6.99,0.0,1,699,买盘
1876,14:08:34,6.99,0.0,20,13980,买盘
1877,14:08:45,6.99,0.0,6,4194,买盘
1878,14:08:54,6.99,0.0,2,1398,买盘
1879,14:09:04,6.98,-0.01,15,10470,卖盘
1880,14:09:06,6.98,0.0,2,1396,卖盘
1881,14:09:12,6.99,0.01,1,699,买盘
1882,14:09:19,6.99,0.0,6,4194,买盘
1883,14:09:21,6.98,-0.01,10,6980,卖盘
1884,14:09:24,6.99,0.01,2,1398,买盘
1885,14:09:34,6.99,0.0,3,2097,买盘
1886,14:09:39,6.99,0.0,40,27960,买盘
1887,14:09:42,6.99,0.0,1,699,买盘
1888,14:09:48,6.99,0.0,12,8388,买盘
1889,14:09:58,6.98,-0.01,5,3491,卖盘
1890,14:10:04,6.98,0.0,21,14658,卖盘
1891,14:10:06,6.99,0.01,4,2796,买盘
1892,14:10:12,6.99,0.0,1,699,买盘
1893,14:10:15,6.99,0.0,8,5592,买盘
1894,14:10:21,6.99,0.0,3,2097,买盘
1895,14:10:24,6.99,0.0,98,68320,买盘
1896,14:10:30,7.0,0.01,30,21000,买盘
1897,14:10:33,6.99,-0.01,100,69900,卖盘
1898,14:10:39,6.99,0.0,31,21678,卖盘
1899,14:10:45,7.0,0.01,29,20300,买盘
1900,14:10:48,7.0,0.0,10,7000,买盘
1901,14:10:54,7.0,0.0,9,6300,买盘
1902,14:11:03,7.0,0.0,3,2100,买盘
1903,14:11:09,7.0,0.0,54,37800,买盘
1904,14:11:12,6.99,-0.01,57,39890,卖盘
1905,14:11:18,7.0,0.01,16,11200,买盘
1906,14:11:27,7.0,0.0,17,11900,买盘
1907,14:11:34,7.0,0.0,10,7000,买盘
1908,14:11:42,7.0,0.0,2,1400,买盘
1909,14:11:57,7.0,0.0,2,1400,买盘
1910,14:12:04,6.99,-0.01,5,3495,卖盘
1911,14:12:09,6.99,0.0,10,6990,卖盘
1912,14:12:12,7.0,0.01,8,5593,买盘
1913,14:12:15,6.99,-0.01,21,14680,卖盘
1914,14:12:18,6.99,0.0,7,4893,卖盘
1915,14:12:24,7.0,0.01,14,9800,买盘
1916,14:12:27,6.99,-0.01,10,6990,卖盘
1917,14:12:30,7.0,0.01,4,2800,买盘
1918,14:12:34,6.99,-0.01,40,27960,卖盘
1919,14:12:39,7.0,0.01,4,2800,买盘
1920,14:12:45,7.0,0.0,14,9800,买盘
1921,14:12:49,6.98,-0.02,185,129294,卖盘
1922,14:12:54,7.0,0.02,59,41300,买盘
1923,14:13:00,6.99,-0.01,6,4194,卖盘
1924,14:13:03,7.0,0.01,18,12600,买盘
1925,14:13:06,6.99,-0.01,39,27261,卖盘
1926,14:13:12,6.98,-0.01,21,14659,卖盘
1927,14:13:18,6.98,0.0,33,23034,卖盘
1928,14:13:21,6.98,0.0,25,17450,卖盘
1929,14:13:27,6.99,0.01,4,2796,买盘
1930,14:13:33,6.99,0.0,12,8388,买盘
1931,14:13:45,7.0,0.01,10,6991,买盘
1932,14:13:57,6.99,-0.01,5,3495,买盘
1933,14:14:00,6.99,0.0,10,6990,买盘
1934,14:14:12,6.99,0.0,1,699,买盘
1935,14:14:48,6.99,0.0,28,19572,买盘
1936,14:15:07,6.99,0.0,5,3495,卖盘
1937,14:15:13,6.99,0.0,1,699,买盘
1938,14:15:21,6.99,0.0,1,699,买盘
1939,14:16:21,6.99,0.0,2,1398,买盘
1940,14:16:25,6.99,0.0,10,6990,买盘
1941,14:16:27,6.99,0.0,1,699,买盘
1942,14:16:42,6.98,-0.01,21,14658,卖盘
1943,14:17:12,6.98,0.0,26,18149,卖盘
1944,14:17:15,6.98,0.0,20,13960,卖盘
1945,14:17:36,6.99,0.01,10,6990,买盘
1946,14:17:51,6.99,0.0,27,18851,买盘
1947,14:18:00,6.99,0.0,21,14679,买盘
1948,14:18:03,6.99,0.0,8,5592,买盘
1949,14:18:15,6.99,0.0,26,18174,买盘
1950,14:18:39,6.99,0.0,45,31455,买盘
1951,14:18:45,6.99,0.0,47,32843,买盘
1952,14:19:06,6.99,0.0,10,6990,买盘
1953,14:19:12,6.99,0.0,1,699,买盘
1954,14:19:24,6.98,-0.01,26,18148,卖盘
1955,14:19:33,6.99,0.01,17,11883,买盘
1956,14:19:36,6.99,0.0,16,11184,买盘
1957,14:19:42,6.98,-0.01,5,3490,卖盘
1958,14:19:45,6.99,0.01,8,5592,买盘
1959,14:19:51,6.99,0.0,23,16077,买盘
1960,14:19:57,6.99,0.0,23,16077,买盘
1961,14:20:12,6.98,-0.01,6,4189,卖盘
1962,14:20:15,6.99,0.01,96,67251,买盘
1963,14:20:33,6.99,0.0,3,2097,卖盘
1964,14:20:54,6.99,0.0,5,3495,卖盘
1965,14:21:06,7.0,0.01,15,10500,买盘
1966,14:21:12,7.0,0.0,1,700,买盘
1967,14:21:30,7.0,0.0,205,143500,买盘
1968,14:21:36,7.0,0.0,23,16100,买盘
1969,14:21:42,7.0,0.0,76,53200,买盘
1970,14:21:45,7.0,0.0,4,2800,买盘
1971,14:21:54,7.0,0.0,2,1400,买盘
1972,14:21:57,7.0,0.0,7,4898,买盘
1973,14:22:57,6.99,-0.01,5,3495,卖盘
1974,14:23:00,6.99,0.0,6,4194,卖盘
1975,14:23:10,6.99,0.0,65,45435,卖盘
1976,14:23:13,7.0,0.01,1,700,买盘
1977,14:23:18,7.0,0.0,23,16100,买盘
1978,14:23:24,6.99,-0.01,5,3495,卖盘
1979,14:23:39,6.99,0.0,13,9087,卖盘
1980,14:23:48,7.0,0.01,330,231000,买盘
1981,14:24:09,6.99,-0.01,24,16776,卖盘
1982,14:24:12,7.0,0.01,1,700,买盘
1983,14:24:34,7.0,0.0,20,14000,买盘
1984,14:24:42,6.99,-0.01,38,26580,卖盘
1985,14:24:57,7.0,0.01,37,25886,买盘
1986,14:25:09,6.99,-0.01,10,6990,卖盘
1987,14:25:12,6.99,0.0,10,6990,卖盘
1988,14:25:21,7.0,0.01,68,47535,买盘
1989,14:26:09,7.0,0.0,100,70000,买盘
1990,14:26:15,6.99,-0.01,27,18873,卖盘
1991,14:26:22,6.99,0.0,10,6990,卖盘
1992,14:26:36,7.0,0.01,23,16100,买盘
1993,14:26:39,6.99,-0.01,20,13980,卖盘
1994,14:26:42,7.0,0.01,1,700,买盘
1995,14:27:04,7.0,0.0,13,9100,买盘
1996,14:27:12,7.0,0.0,11,7700,买盘
1997,14:27:15,6.99,-0.01,50,34950,卖盘
1998,14:27:18,6.99,0.0,14,9786,卖盘
1999,14:27:42,6.99,0.0,435,303918,卖盘
2000,14:27:51,6.99,0.0,5,3495,买盘
2001,14:27:54,6.99,0.0,3,2097,买盘
2002,14:28:12,6.99,0.0,6,4194,买盘
2003,14:28:15,6.99,0.0,23,16077,买盘
2004,14:28:40,6.99,0.0,33,23067,买盘
2005,14:29:06,6.99,0.0,30,20970,买盘
2006,14:29:12,6.99,0.0,1,699,买盘
2007,14:29:46,6.98,-0.01,14,9772,卖盘
2008,14:29:54,6.98,0.0,19,13277,卖盘
2009,14:29:57,6.99,0.01,26,18174,买盘
2010,14:30:00,6.98,-0.01,8,5584,卖盘
2011,14:30:04,6.99,0.01,17,11883,买盘
2012,14:30:06,6.99,0.0,15,10485,买盘
2013,14:30:09,6.98,-0.01,9,6282,卖盘
2014,14:30:12,6.99,0.01,1,699,买盘
2015,14:30:21,6.98,-0.01,20,13960,卖盘
2016,14:31:06,6.99,0.01,18,12582,买盘
2017,14:31:09,6.99,0.0,1,699,买盘
2018,14:31:24,6.98,-0.01,4,2792,卖盘
2019,14:31:36,6.99,0.01,23,16077,买盘
2020,14:31:48,6.99,0.0,104,72696,买盘
2021,14:31:57,6.99,0.0,16,11169,买盘
2022,14:32:12,6.99,0.0,1,699,买盘
2023,14:32:15,6.99,0.0,3,2097,买盘
2024,14:32:18,6.99,0.0,69,48231,买盘
2025,14:32:22,6.98,-0.01,2,1396,卖盘
2026,14:32:30,6.98,0.0,9,6287,卖盘
2027,14:32:45,6.98,0.0,81,56538,卖盘
2028,14:32:51,6.98,0.0,50,34900,卖盘
2029,14:32:57,6.98,0.0,50,34900,卖盘
2030,14:33:09,6.98,0.0,10,6980,卖盘
2031,14:33:12,6.99,0.01,1,699,买盘
2032,14:33:18,6.99,0.0,23,16077,买盘
2033,14:33:42,6.99,0.0,18,12582,买盘
2034,14:33:57,6.98,-0.01,28,19544,卖盘
2035,14:34:12,6.99,0.01,1,699,买盘
2036,14:34:24,6.99,0.0,64,44736,买盘
2037,14:34:51,6.99,0.0,41,28659,买盘
2038,14:34:57,6.99,0.0,24,16776,买盘
2039,14:35:09,6.99,0.0,25,17622,买盘
2040,14:35:21,6.99,0.0,9,6291,卖盘
2041,14:35:24,6.98,-0.01,284,198389,卖盘
2042,14:35:33,6.98,0.0,3,2094,卖盘
2043,14:36:04,6.99,0.01,2,1398,买盘
2044,14:36:06,6.98,-0.01,1,698,卖盘
2045,14:36:12,6.99,0.01,1,699,买盘
2046,14:36:15,6.99,0.0,10,6990,买盘
2047,14:36:18,6.98,-0.01,532,371189,卖盘
2048,14:36:27,6.98,0.0,20,14107,买盘
2049,14:36:36,6.99,0.01,23,16077,买盘
2050,14:37:15,6.98,-0.01,30,20940,卖盘
2051,14:37:21,6.98,0.0,17,11719,卖盘
2052,14:37:24,6.98,0.0,14,9919,买盘
2053,14:38:00,6.99,0.01,7,4893,买盘
2054,14:38:12,6.98,-0.01,114,79573,卖盘
2055,14:38:18,6.99,0.01,23,16077,买盘
2056,14:38:33,6.98,-0.01,10,6980,卖盘
2057,14:38:46,6.99,0.01,19,13281,买盘
2058,14:38:52,6.98,-0.01,10,6980,卖盘
2059,14:38:55,6.99,0.01,35,24465,买盘
2060,14:39:12,6.99,0.0,1,699,买盘
2061,14:39:15,6.99,0.0,50,34950,买盘
2062,14:39:21,6.98,-0.01,1,698,卖盘
2063,14:39:33,6.98,0.0,10,6980,卖盘
2064,14:39:45,6.99,0.01,19,13281,买盘
2065,14:39:48,6.99,0.0,2,1398,买盘
2066,14:39:57,6.99,0.0,33,23067,买盘
2067,14:40:09,6.99,0.0,19,13281,买盘
2068,14:40:12,6.98,-0.01,29,20245,卖盘
2069,14:40:15,6.99,0.01,50,34950,买盘
2070,14:40:27,6.99,0.0,2,1398,买盘
2071,14:40:39,6.99,0.0,15,10485,买盘
2072,14:40:48,6.99,0.0,18,12582,买盘
2073,14:41:12,6.99,0.0,11,7689,买盘
2074,14:41:21,6.98,-0.01,1,698,卖盘
2075,14:41:31,6.99,0.01,22,15378,买盘
2076,14:41:36,6.99,0.0,23,16077,买盘
2077,14:41:42,6.98,-0.01,38,26524,卖盘
2078,14:41:51,6.99,0.01,15,10485,买盘
2079,14:41:57,6.98,-0.01,20,13960,卖盘
2080,14:42:07,6.99,0.01,10,6990,买盘
2081,14:42:12,6.99,0.0,4,2796,买盘
2082,14:42:27,6.99,0.0,10,6990,买盘
2083,14:42:36,6.99,0.0,4,2796,买盘
2084,14:43:16,6.99,0.0,8,5592,买盘
2085,14:43:21,6.98,-0.01,24,16775,卖盘
2086,14:43:24,6.99,0.01,10,6990,买盘
2087,14:43:42,6.99,0.0,5,3495,买盘
2088,14:43:49,6.99,0.0,1,699,买盘
2089,14:43:51,6.99,0.0,272,190128,买盘
2090,14:43:54,6.99,0.0,2,1398,卖盘
2091,14:43:57,6.99,0.0,10,6990,卖盘
2092,14:44:09,7.0,0.01,10,6997,买盘
2093,14:44:12,7.0,0.0,1,700,买盘
2094,14:44:15,6.99,-0.01,19,13281,卖盘
2095,14:44:24,6.99,0.0,10,6990,卖盘
2096,14:44:30,6.99,0.0,50,34950,卖盘
2097,14:44:45,6.99,0.0,21,14679,卖盘
2098,14:44:51,6.99,0.0,10,6990,卖盘
2099,14:44:57,7.0,0.01,28,19595,买盘
2100,14:45:00,6.99,-0.01,14,9786,卖盘
2101,14:45:09,6.99,0.0,4,2796,卖盘
2102,14:45:12,7.0,0.01,1,700,买盘
2103,14:45:21,6.99,-0.01,1,699,卖盘
2104,14:45:24,6.99,0.0,40,27960,卖盘
2105,14:45:27,7.0,0.01,10,7000,买盘
2106,14:45:39,6.99,-0.01,20,13980,卖盘
2107,14:45:48,7.0,0.01,10,7000,买盘
2108,14:46:01,6.99,-0.01,10,6990,卖盘
2109,14:46:12,7.0,0.01,71,49700,买盘
2110,14:46:27,6.99,-0.01,54,37790,卖盘
2111,14:46:39,7.0,0.01,1870,1309133,买盘
2112,14:46:48,7.01,0.01,24,16824,买盘
2113,14:46:52,7.0,-0.01,24,16800,卖盘
2114,14:47:09,7.0,0.0,11,7700,卖盘
2115,14:47:12,7.01,0.01,45,31545,买盘
2116,14:47:21,7.0,-0.01,15,10514,卖盘
2117,14:47:36,7.0,0.0,18,12600,卖盘
2118,14:47:39,7.0,0.0,55,38500,卖盘
2119,14:47:46,7.0,0.0,5,3500,买盘
2120,14:47:54,7.0,0.0,1,700,卖盘
2121,14:48:03,7.0,0.0,43,30100,卖盘
2122,14:48:07,7.0,0.0,27,18900,卖盘
2123,14:48:12,7.0,0.0,71,49700,买盘
2124,14:48:15,7.0,0.0,16,11200,买盘
2125,14:48:19,7.0,0.0,276,193200,买盘
2126,14:48:24,7.0,0.0,10,7000,卖盘
2127,14:48:36,7.0,0.0,15,10500,卖盘
2128,14:48:42,7.0,0.0,20,14000,卖盘
2129,14:48:45,7.01,0.01,3,2103,买盘
2130,14:48:48,7.01,0.0,27,18915,买盘
2131,14:48:51,7.0,-0.01,100,70000,卖盘
2132,14:48:55,7.0,0.0,4,2800,卖盘
2133,14:48:57,7.01,0.01,4,2804,买盘
2134,14:49:01,7.0,-0.01,6,4200,卖盘
2135,14:49:18,7.0,0.0,9,6300,卖盘
2136,14:49:21,7.0,0.0,1,700,卖盘
2137,14:49:24,7.01,0.01,1,701,买盘
2138,14:49:27,7.0,-0.01,40,28000,卖盘
2139,14:49:31,7.0,0.0,30,21000,卖盘
2140,14:49:40,7.0,0.0,10,7000,卖盘
2141,14:49:45,7.0,0.0,32,22400,卖盘
2142,14:49:54,7.01,0.01,35,24535,买盘
2143,14:49:57,7.01,0.0,23,16123,买盘
2144,14:50:09,7.01,0.0,16,11215,买盘
2145,14:50:12,7.0,-0.01,101,70701,卖盘
2146,14:50:15,7.01,0.01,21,14721,买盘
2147,14:50:18,7.0,-0.01,10,7000,卖盘
2148,14:50:24,7.01,0.01,30,21030,买盘
2149,14:50:30,7.01,0.0,1,701,买盘
2150,14:50:33,7.01,0.0,1,701,买盘
2151,14:50:39,7.0,-0.01,5,3500,卖盘
2152,14:50:57,7.01,0.01,50,35050,买盘
2153,14:51:00,7.01,0.0,10,7010,买盘
2154,14:51:06,7.0,-0.01,189,132359,卖盘
2155,14:51:12,7.01,0.01,1,701,买盘
2156,14:51:15,7.01,0.0,14,9814,买盘
2157,14:51:24,7.01,0.0,101,70801,买盘
2158,14:51:42,7.01,0.0,1,701,买盘
2159,14:51:45,7.0,-0.01,5,3503,卖盘
2160,14:51:51,7.0,0.0,4,2800,卖盘
2161,14:51:54,7.0,0.0,149,104300,卖盘
2162,14:52:00,7.0,0.0,40,28000,卖盘
2163,14:52:04,7.0,0.0,3,2100,卖盘
2164,14:52:06,7.0,0.0,149,104358,卖盘
2165,14:52:09,7.0,0.0,25,17500,卖盘
2166,14:52:12,7.0,0.0,51,35701,卖盘
2167,14:52:19,7.0,0.0,4,2800,卖盘
2168,14:52:27,7.0,0.0,37,25900,卖盘
2169,14:52:30,7.0,0.0,257,179900,卖盘
2170,14:52:45,7.0,0.0,59,41304,卖盘
2171,14:52:48,7.0,0.0,35,24500,卖盘
2172,14:52:51,7.0,0.0,19,13300,卖盘
2173,14:52:54,7.01,0.01,1,701,买盘
2174,14:52:57,7.0,-0.01,18,12600,卖盘
2175,14:53:01,7.0,0.0,100,70000,买盘
2176,14:53:04,6.99,-0.01,2,1398,卖盘
2177,14:53:06,7.0,0.01,60,41999,买盘
2178,14:53:12,7.0,0.0,1,700,买盘
2179,14:53:25,7.0,0.0,8,5600,买盘
2180,14:53:33,7.0,0.0,3,2100,买盘
2181,14:53:42,7.0,0.0,15,10500,买盘
2182,14:53:45,7.0,0.0,322,225400,买盘
2183,14:53:54,7.0,0.0,141,98700,买盘
2184,14:54:01,7.0,0.0,70,49000,买盘
2185,14:54:06,7.01,0.01,58,40605,买盘
2186,14:54:09,7.0,-0.01,41,28700,中性盘
2187,14:54:12,7.0,0.0,12,8400,买盘
2188,14:54:15,7.0,0.0,10,7000,卖盘
2189,14:54:27,7.0,0.0,23,16100,卖盘
2190,14:54:33,7.01,0.01,171,119866,买盘
2191,14:54:37,7.0,-0.01,15,10500,卖盘
2192,14:54:42,7.0,0.0,23,16100,卖盘
2193,14:54:45,7.01,0.01,14,9814,买盘
2194,14:55:06,7.01,0.0,59,41359,买盘
2195,14:55:12,7.01,0.0,1,701,买盘
2196,14:55:18,7.01,0.0,7,4907,买盘
2197,14:55:21,7.01,0.0,30,21030,买盘
2198,14:55:24,7.0,-0.01,139,97300,卖盘
2199,14:55:27,7.0,0.0,354,247801,卖盘
2200,14:55:33,7.0,0.0,139,97300,买盘
2201,14:55:36,7.01,0.01,8,5608,买盘
2202,14:55:39,7.0,-0.01,6,4200,卖盘
2203,14:55:42,7.01,0.01,25,17525,买盘
2204,14:55:48,7.0,-0.01,26,18200,卖盘
2205,14:55:51,7.0,0.0,64,44800,卖盘
2206,14:55:54,7.0,0.0,15,10500,卖盘
2207,14:55:57,7.0,0.0,1,700,买盘
2208,14:56:00,7.0,0.0,9,6300,卖盘
2209,14:56:06,7.0,0.0,23,16100,买盘
2210,14:56:12,7.0,0.0,1,700,买盘
2211,14:56:27,7.0,0.0,83,58100,买盘
2212,14:56:33,6.99,-0.01,8,5592,卖盘
2213,14:56:36,7.0,0.01,80,56000,买盘
2214,14:56:39,7.01,0.01,134,93857,买盘
2215,14:56:46,7.0,-0.01,10,7000,买盘
2216,15:00:04,7.0,0.0,828,579600,卖盘
