,time,price,change,volume,amount,type
0,09:25:04,14.66,0.02,11,16126,卖盘
1,09:30:04,14.72,0.06,20,29409,买盘
2,09:30:07,14.7,-0.02,78,114649,中性盘
3,09:30:10,14.68,-0.02,104,152430,卖盘
4,09:30:13,14.71,0.03,7,10287,买盘
5,09:30:15,14.71,0.0,11,16155,卖盘
6,09:30:18,14.67,-0.04,1,1467,中性盘
7,09:30:25,14.68,0.01,3,4404,中性盘
8,09:30:27,14.66,-0.02,18,26407,卖盘
9,09:30:31,14.66,0.0,16,23456,买盘
10,09:30:34,14.66,0.0,26,38116,买盘
11,09:30:37,14.62,-0.04,8,11706,卖盘
12,09:30:39,14.65,0.03,1,1465,买盘
13,09:30:42,14.65,0.0,7,10255,卖盘
14,09:30:49,14.64,-0.01,10,14644,卖盘
15,09:30:51,14.65,0.01,4,5857,买盘
16,09:30:54,14.67,0.02,8,11730,买盘
17,09:30:57,14.67,0.0,2,2934,卖盘
18,09:31:00,14.65,-0.02,1,1465,卖盘
19,09:31:04,14.65,0.0,1,1465,卖盘
20,09:31:07,14.64,-0.01,2,2928,中性盘
21,09:31:10,14.62,-0.02,5,7310,卖盘
22,09:31:13,14.64,0.02,11,16088,买盘
23,09:31:16,14.64,0.0,2,2928,卖盘
24,09:31:21,14.61,-0.03,3,4383,卖盘
25,09:31:25,14.63,0.02,58,84840,买盘
26,09:31:28,14.62,-0.01,1,1462,卖盘
27,09:31:31,14.62,0.0,14,20468,卖盘
28,09:31:36,14.62,0.0,5,7310,买盘
29,09:31:43,14.61,-0.01,23,33616,卖盘
30,09:31:46,14.61,0.0,6,8771,卖盘
31,09:31:48,14.63,0.02,5,7315,买盘
32,09:31:55,14.62,-0.01,11,16082,卖盘
33,09:31:58,14.62,0.0,1,1462,卖盘
34,09:32:01,14.62,0.0,4,5848,卖盘
35,09:32:04,14.63,0.01,9,13162,买盘
36,09:32:07,14.62,-0.01,52,76024,卖盘
37,09:32:09,14.61,-0.01,8,11688,卖盘
38,09:32:13,14.61,0.0,5,7305,卖盘
39,09:32:15,14.56,-0.05,74,107947,卖盘
40,09:32:18,14.61,0.05,28,40833,买盘
41,09:32:27,14.55,-0.06,8,11648,卖盘
42,09:32:30,14.56,0.01,10,14560,买盘
43,09:32:33,14.58,0.02,24,34973,买盘
44,09:32:40,14.57,-0.01,16,23312,卖盘
45,09:32:43,14.55,-0.02,1,1455,卖盘
46,09:32:46,14.55,0.0,55,80144,卖盘
47,09:32:48,14.58,0.03,13,18931,买盘
48,09:32:55,14.58,0.0,5,7290,卖盘
49,09:32:58,14.57,-0.01,7,10199,买盘
50,09:33:01,14.55,-0.02,10,14563,卖盘
51,09:33:04,14.57,0.02,17,24765,买盘
52,09:33:06,14.55,-0.02,7,10189,卖盘
53,09:33:10,14.53,-0.02,25,36373,卖盘
54,09:33:13,14.55,0.02,3,4365,中性盘
55,09:33:16,14.57,0.02,11,16044,中性盘
56,09:33:19,14.57,0.0,1,1457,卖盘
57,09:33:22,14.57,0.0,14,20408,卖盘
58,09:33:25,14.57,0.0,3,4371,卖盘
59,09:33:28,14.57,0.0,1,1457,买盘
60,09:33:31,14.55,-0.02,11,16018,卖盘
61,09:33:34,14.55,0.0,10,14556,卖盘
62,09:33:36,14.57,0.02,29,42211,买盘
63,09:33:43,14.57,0.0,16,23312,买盘
64,09:33:46,14.57,0.0,3,4371,卖盘
65,09:33:55,14.57,0.0,4,5828,中性盘
66,09:33:58,14.57,0.0,1,1457,卖盘
67,09:34:01,14.57,0.0,2,2915,卖盘
68,09:34:04,14.57,0.0,14,20398,卖盘
69,09:34:06,14.57,0.0,35,51020,卖盘
70,09:34:16,14.57,0.0,3,4371,买盘
71,09:34:19,14.56,-0.01,3,4368,卖盘
72,09:34:21,14.56,0.0,53,77168,卖盘
73,09:34:25,14.56,0.0,4,5824,卖盘
74,09:34:28,14.56,0.0,17,24766,卖盘
75,09:34:31,14.56,0.0,8,11648,卖盘
76,09:34:33,14.56,0.0,12,17470,买盘
77,09:34:36,14.55,-0.01,7,10185,卖盘
78,09:34:39,14.55,0.0,50,72770,卖盘
79,09:34:42,14.55,0.0,62,90210,卖盘
80,09:34:45,14.55,0.0,51,74205,买盘
81,09:34:49,14.54,-0.01,2,2908,卖盘
82,09:34:52,14.55,0.01,27,39278,买盘
83,09:34:55,14.54,-0.01,20,29080,卖盘
84,09:34:57,14.55,0.01,5,7274,中性盘
85,09:35:01,14.54,-0.01,3,4363,卖盘
86,09:35:04,14.55,0.01,29,42195,买盘
87,09:35:07,14.54,-0.01,73,106158,卖盘
88,09:35:10,14.54,0.0,13,18902,卖盘
89,09:35:13,14.55,0.01,7,10188,卖盘
90,09:35:16,14.55,0.0,5,7275,卖盘
91,09:35:19,14.55,0.0,1,1455,卖盘
92,09:35:24,14.55,0.0,2,2910,卖盘
93,09:35:31,14.55,0.0,5,7277,卖盘
94,09:35:34,14.55,0.0,16,23280,卖盘
95,09:35:37,14.56,0.01,8,11644,买盘
96,09:35:42,14.55,-0.01,10,14558,卖盘
97,09:35:46,14.55,0.0,11,16013,卖盘
98,09:35:48,14.56,0.01,21,30576,买盘
99,09:35:55,14.56,0.0,1,1456,卖盘
100,09:35:58,14.56,0.0,5,7280,卖盘
101,09:36:01,14.56,0.0,12,17472,卖盘
102,09:36:04,14.57,0.01,33,48080,买盘
103,09:36:07,14.57,0.0,21,30597,卖盘
104,09:36:15,14.57,0.0,1,1457,卖盘
105,09:36:19,14.57,0.0,3,4371,卖盘
106,09:36:22,14.57,0.0,15,21870,卖盘
107,09:36:25,14.6,0.03,3,4380,买盘
108,09:36:28,14.57,-0.03,6,8742,卖盘
109,09:36:30,14.6,0.03,8,11668,买盘
110,09:36:34,14.57,-0.03,10,14570,卖盘
111,09:36:37,14.6,0.03,29,42331,买盘
112,09:36:40,14.57,-0.03,3,4371,卖盘
113,09:36:48,14.58,0.01,2,2916,买盘
114,09:36:52,14.58,0.0,8,11662,买盘
115,09:36:58,14.58,0.0,23,33534,卖盘
116,09:37:01,14.6,0.02,13,18981,买盘
117,09:37:04,14.6,0.0,3,4380,卖盘
118,09:37:13,14.6,0.0,5,7302,卖盘
119,09:37:18,14.61,0.01,15,21915,买盘
120,09:37:21,14.6,-0.01,3,4380,卖盘
121,09:37:24,14.62,0.02,10,14606,买盘
122,09:37:31,14.62,0.0,17,24854,买盘
123,09:37:34,14.6,-0.02,36,52595,卖盘
124,09:37:37,14.62,0.02,33,48225,买盘
125,09:37:43,14.62,0.0,4,5848,买盘
126,09:37:45,14.61,-0.01,3,4383,卖盘
127,09:37:55,14.63,0.02,17,24871,买盘
128,09:37:58,14.62,-0.01,4,5848,卖盘
129,09:38:09,14.62,0.0,2,2924,卖盘
130,09:38:16,14.63,0.01,5,7315,买盘
131,09:38:19,14.62,-0.01,6,8772,卖盘
132,09:38:22,14.63,0.01,48,70204,买盘
133,09:38:25,14.62,-0.01,9,13158,卖盘
134,09:38:27,14.61,-0.01,5,7310,卖盘
135,09:38:31,14.63,0.02,10,14630,买盘
136,09:38:33,14.64,0.01,7,10245,买盘
137,09:38:43,14.63,-0.01,4,5852,卖盘
138,09:38:46,14.64,0.01,9,13176,买盘
139,09:38:49,14.63,-0.01,46,67305,卖盘
140,09:38:51,14.63,0.0,6,8778,卖盘
141,09:38:55,14.63,0.0,8,11704,卖盘
142,09:38:58,14.63,0.0,11,16093,卖盘
143,09:39:03,14.64,0.01,3,4392,卖盘
144,09:39:07,14.66,0.02,10,14647,买盘
145,09:39:16,14.64,-0.02,7,10253,卖盘
146,09:39:19,14.65,0.01,4,5860,买盘
147,09:39:22,14.64,-0.01,8,11712,卖盘
148,09:39:24,14.64,0.0,5,7320,卖盘
149,09:39:28,14.64,0.0,5,7317,买盘
150,09:39:31,14.63,-0.01,1,1463,卖盘
151,09:39:34,14.64,0.01,9,13176,买盘
152,09:39:37,14.63,-0.01,3,4389,卖盘
153,09:39:39,14.63,0.0,7,10246,卖盘
154,09:39:43,14.64,0.01,6,8782,买盘
155,09:39:46,14.63,-0.01,47,68819,卖盘
156,09:39:48,14.64,0.01,11,16104,买盘
157,09:39:52,14.64,0.0,3,4392,卖盘
158,09:39:55,14.64,0.0,3,4392,卖盘
159,09:39:58,14.63,-0.01,5,7317,卖盘
160,09:40:01,14.65,0.02,17,24900,买盘
161,09:40:04,14.65,0.0,11,16115,卖盘
162,09:40:09,14.66,0.01,20,29320,买盘
163,09:40:19,14.67,0.01,5,7334,买盘
164,09:40:22,14.67,0.0,11,16139,卖盘
165,09:40:24,14.67,0.0,5,7335,卖盘
166,09:40:33,14.67,0.0,5,7339,卖盘
167,09:40:37,14.7,0.03,9,13227,买盘
168,09:40:40,14.69,-0.01,6,8814,中性盘
169,09:40:43,14.67,-0.02,3,4401,卖盘
170,09:40:48,14.67,0.0,4,5870,卖盘
171,09:40:51,14.67,0.0,15,22013,卖盘
172,09:40:55,14.68,0.01,4,5869,中性盘
173,09:41:01,14.68,0.0,1,1468,卖盘
174,09:41:04,14.68,0.0,6,8808,卖盘
175,09:41:07,14.67,-0.01,3,4401,卖盘
176,09:41:13,14.67,0.0,28,41126,卖盘
177,09:41:16,14.67,0.0,6,8802,卖盘
178,09:41:22,14.69,0.02,10,14690,买盘
179,09:41:25,14.68,-0.01,56,82154,中性盘
180,09:41:28,14.66,-0.02,31,45482,卖盘
181,09:41:31,14.66,0.0,15,21990,卖盘
182,09:41:33,14.65,-0.01,8,11720,卖盘
183,09:41:37,14.65,0.0,6,8790,卖盘
184,09:41:40,14.65,0.0,17,24913,卖盘
185,09:41:46,14.65,0.0,2,2930,卖盘
186,09:41:49,14.65,0.0,34,49810,卖盘
187,09:41:52,14.65,0.0,6,8790,卖盘
188,09:41:54,14.65,0.0,2,2930,买盘
189,09:41:58,14.63,-0.02,9,13173,卖盘
190,09:42:01,14.63,0.0,3,4389,卖盘
191,09:42:04,14.63,0.0,1,1463,卖盘
192,09:42:07,14.63,0.0,42,61446,卖盘
193,09:42:09,14.63,0.0,8,11704,卖盘
194,09:42:12,14.63,0.0,9,13167,卖盘
195,09:42:16,14.64,0.01,4,5856,买盘
196,09:42:22,14.63,-0.01,3,4389,卖盘
197,09:42:25,14.64,0.01,50,73200,买盘
198,09:42:28,14.64,0.0,3,4392,买盘
199,09:42:31,14.64,0.0,38,55632,买盘
200,09:42:34,14.63,-0.01,37,54139,卖盘
201,09:42:39,14.63,0.0,7,10244,卖盘
202,09:42:43,14.65,0.02,9,13185,买盘
203,09:42:46,14.63,-0.02,6,8778,卖盘
204,09:42:49,14.63,0.0,13,19019,卖盘
205,09:42:54,14.63,0.0,8,11709,卖盘
206,09:43:06,14.63,0.0,24,35112,卖盘
207,09:43:09,14.63,0.0,7,10241,卖盘
208,09:43:13,14.63,0.0,3,4389,卖盘
209,09:43:16,14.63,0.0,8,11704,卖盘
210,09:43:19,14.63,0.0,10,14630,卖盘
211,09:43:22,14.62,-0.01,25,36565,卖盘
212,09:43:27,14.62,0.0,3,4386,卖盘
213,09:43:30,14.62,0.0,3,4386,卖盘
214,09:43:33,14.62,0.0,1,1462,卖盘
215,09:43:39,14.63,0.01,10,14625,买盘
216,09:43:43,14.62,-0.01,33,48255,卖盘
217,09:43:49,14.62,0.0,11,16082,买盘
218,09:43:52,14.61,-0.01,3,4383,卖盘
219,09:43:55,14.61,0.0,3,4383,卖盘
220,09:44:01,14.61,0.0,3,4383,卖盘
221,09:44:10,14.61,0.0,32,46752,卖盘
222,09:44:12,14.6,-0.01,11,16068,卖盘
223,09:44:16,14.6,0.0,1,1460,卖盘
224,09:44:19,14.61,0.01,5,7302,买盘
225,09:44:22,14.6,-0.01,10,14600,卖盘
226,09:44:25,14.6,0.0,31,45260,卖盘
227,09:44:31,14.59,-0.01,10,14590,卖盘
228,09:44:34,14.6,0.01,24,35040,买盘
229,09:44:37,14.6,0.0,3,4380,卖盘
230,09:44:40,14.6,0.0,29,42340,卖盘
231,09:44:45,14.6,0.0,59,86140,卖盘
232,09:44:48,14.59,-0.01,5,7295,卖盘
233,09:44:52,14.6,0.01,33,48167,买盘
234,09:44:55,14.59,-0.01,5,7295,卖盘
235,09:44:58,14.58,-0.01,3,4374,卖盘
236,09:45:01,14.59,0.01,4,5836,卖盘
237,09:45:03,14.59,0.0,17,24803,卖盘
238,09:45:07,14.58,-0.01,40,58367,卖盘
239,09:45:10,14.57,-0.01,80,116581,卖盘
240,09:45:12,14.58,0.01,15,21870,卖盘
241,09:45:15,14.58,0.0,22,32070,买盘
242,09:45:19,14.58,0.0,15,21870,卖盘
243,09:45:22,14.58,0.0,9,13122,卖盘
244,09:45:25,14.58,0.0,3,4374,卖盘
245,09:45:28,14.58,0.0,20,29160,卖盘
246,09:45:31,14.57,-0.01,19,27683,卖盘
247,09:45:33,14.58,0.01,30,43740,买盘
248,09:45:37,14.58,0.0,1,1458,买盘
249,09:45:43,14.58,0.0,3,4374,卖盘
250,09:45:46,14.59,0.01,28,40832,买盘
251,09:45:49,14.58,-0.01,7,10206,卖盘
252,09:45:52,14.57,-0.01,8,11661,卖盘
253,09:45:58,14.57,0.0,8,11656,卖盘
254,09:46:01,14.57,0.0,4,5828,卖盘
255,09:46:04,14.57,0.0,3,4371,卖盘
256,09:46:06,14.58,0.01,55,80149,买盘
257,09:46:10,14.57,-0.01,3,4371,卖盘
258,09:46:12,14.57,0.0,53,77221,卖盘
259,09:46:16,14.57,0.0,8,11656,卖盘
260,09:46:19,14.57,0.0,44,64114,卖盘
261,09:46:21,14.57,0.0,9,13111,买盘
262,09:46:25,14.56,-0.01,31,45139,卖盘
263,09:46:28,14.56,0.0,54,78624,卖盘
264,09:46:31,14.56,0.0,1,1456,卖盘
265,09:46:34,14.56,0.0,5,7280,卖盘
266,09:46:37,14.56,0.0,19,27664,卖盘
267,09:46:40,14.56,0.0,6,8736,卖盘
268,09:46:46,14.56,0.0,17,24758,卖盘
269,09:46:49,14.56,0.0,30,43689,卖盘
270,09:46:52,14.57,0.01,8,11656,买盘
271,09:46:57,14.56,-0.01,7,10192,卖盘
272,09:47:01,14.56,0.0,80,116480,卖盘
273,09:47:06,14.55,-0.01,13,18927,卖盘
274,09:47:09,14.55,0.0,168,244445,卖盘
275,09:47:13,14.55,0.0,8,11640,卖盘
276,09:47:16,14.55,0.0,5,7275,卖盘
277,09:47:19,14.56,0.01,35,50940,买盘
278,09:47:22,14.55,-0.01,12,17466,卖盘
279,09:47:31,14.55,0.0,11,16005,卖盘
280,09:47:37,14.55,0.0,8,11640,卖盘
281,09:47:40,14.55,0.0,7,10187,卖盘
282,09:47:43,14.55,0.0,4,5820,卖盘
283,09:47:46,14.55,0.0,41,59656,卖盘
284,09:47:52,14.56,0.01,18,26208,买盘
285,09:47:54,14.56,0.0,4,5821,买盘
286,09:48:01,14.55,-0.01,24,34925,卖盘
287,09:48:04,14.55,0.0,3,4365,卖盘
288,09:48:07,14.54,-0.01,563,819082,卖盘
289,09:48:10,14.51,-0.03,287,416881,卖盘
290,09:48:13,14.51,0.0,88,127692,卖盘
291,09:48:16,14.51,0.0,183,265435,卖盘
292,09:48:18,14.51,0.0,30,43504,买盘
293,09:48:22,14.5,-0.01,52,75400,卖盘
294,09:48:25,14.5,0.0,123,178351,卖盘
295,09:48:27,14.5,0.0,13,18846,买盘
296,09:48:31,14.49,-0.01,9,13041,卖盘
297,09:48:34,14.47,-0.02,37,53573,卖盘
298,09:48:36,14.47,0.0,6,8682,卖盘
299,09:48:40,14.48,0.01,18,26061,中性盘
300,09:48:43,14.47,-0.01,25,36192,卖盘
301,09:48:46,14.47,0.0,22,31834,卖盘
302,09:48:49,14.45,-0.02,4,5781,卖盘
303,09:48:51,14.47,0.02,159,229796,买盘
304,09:48:54,14.47,0.0,9,13022,买盘
305,09:48:58,14.42,-0.05,62,89574,卖盘
306,09:49:01,14.46,0.04,27,39032,买盘
307,09:49:04,14.46,0.0,46,66495,卖盘
308,09:49:07,14.47,0.01,8,11572,买盘
309,09:49:10,14.47,0.0,5,7235,卖盘
310,09:49:13,14.46,-0.01,14,20245,卖盘
311,09:49:15,14.46,0.0,8,11568,卖盘
312,09:49:18,14.46,0.0,55,79624,卖盘
313,09:49:21,14.49,0.03,9,13017,买盘
314,09:49:25,14.46,-0.03,17,24608,卖盘
315,09:49:28,14.5,0.04,9,13045,买盘
316,09:49:31,14.49,-0.01,20,28980,买盘
317,09:49:34,14.46,-0.03,28,40509,卖盘
318,09:49:37,14.46,0.0,37,53503,卖盘
319,09:49:39,14.46,0.0,13,18807,卖盘
320,09:49:42,14.45,-0.01,15,21675,卖盘
321,09:49:45,14.45,0.0,5,7226,卖盘
322,09:49:49,14.45,0.0,67,96801,卖盘
323,09:49:52,14.45,0.0,19,27455,买盘
324,09:49:55,14.46,0.01,42,60705,买盘
325,09:49:58,14.46,0.0,6,8676,卖盘
326,09:50:04,14.46,0.0,20,28950,卖盘
327,09:50:06,14.46,0.0,49,70898,卖盘
328,09:50:09,14.46,0.0,5,7230,卖盘
329,09:50:13,14.48,0.02,30,43440,买盘
330,09:50:16,14.46,-0.02,13,18798,卖盘
331,09:50:19,14.46,0.0,10,14460,卖盘
332,09:50:22,14.48,0.02,3,4344,买盘
333,09:50:25,14.46,-0.02,1,1446,卖盘
334,09:50:27,14.48,0.02,19,27512,买盘
335,09:50:34,14.48,0.0,11,15927,买盘
336,09:50:37,14.49,0.01,39,56481,买盘
337,09:50:39,14.48,-0.01,33,47800,卖盘
338,09:50:42,14.5,0.02,11,15950,买盘
339,09:50:46,14.48,-0.02,16,23168,卖盘
340,09:50:49,14.48,0.0,6,8688,卖盘
341,09:50:51,14.49,0.01,2,2898,买盘
342,09:50:54,14.51,0.02,57,82659,买盘
343,09:50:58,14.51,0.0,11,15958,买盘
344,09:51:01,14.49,-0.02,2,2898,卖盘
345,09:51:04,14.49,0.0,6,8694,卖盘
346,09:51:06,14.5,0.01,9,13050,买盘
347,09:51:09,14.47,-0.03,24,34767,卖盘
348,09:51:12,14.49,0.02,4,5796,卖盘
349,09:51:22,14.46,-0.03,67,96930,卖盘
350,09:51:31,14.45,-0.01,34,49148,卖盘
351,09:51:34,14.44,-0.01,52,75137,卖盘
352,09:51:37,14.44,0.0,16,23104,卖盘
353,09:51:39,14.44,0.0,16,23112,卖盘
354,09:51:42,14.44,0.0,3,4332,卖盘
355,09:51:45,14.44,0.0,10,14440,卖盘
356,09:51:48,14.44,0.0,24,34671,卖盘
357,09:51:51,14.44,0.0,117,168948,卖盘
358,09:51:55,14.44,0.0,5,7220,买盘
359,09:51:58,14.44,0.0,23,33209,买盘
360,09:52:01,14.45,0.01,21,30335,买盘
361,09:52:04,14.45,0.0,32,46195,买盘
362,09:52:06,14.43,-0.02,314,453120,卖盘
363,09:52:10,14.43,0.0,47,67831,卖盘
364,09:52:13,14.43,0.0,68,98124,卖盘
365,09:52:16,14.42,-0.01,269,388095,卖盘
366,09:52:19,14.42,0.0,25,36036,买盘
367,09:52:22,14.41,-0.01,46,66264,卖盘
368,09:52:24,14.4,-0.01,93,133922,卖盘
369,09:52:27,14.4,0.0,222,319680,卖盘
370,09:52:31,14.38,-0.02,68,97909,卖盘
371,09:52:34,14.38,0.0,109,156758,卖盘
372,09:52:37,14.37,-0.01,14,20118,卖盘
373,09:52:40,14.37,0.0,19,27297,买盘
374,09:52:43,14.35,-0.02,25,35875,卖盘
375,09:52:46,14.37,0.02,105,150565,买盘
376,09:52:49,14.35,-0.02,4,5737,买盘
377,09:52:52,14.34,-0.01,65,93162,买盘
378,09:52:54,14.35,0.01,61,87441,买盘
379,09:53:01,14.36,0.01,72,103205,买盘
380,09:53:05,14.36,0.0,17,24396,买盘
381,09:53:06,14.35,-0.01,40,57395,卖盘
382,09:53:09,14.36,0.01,166,238285,买盘
383,09:53:12,14.35,-0.01,16,22968,卖盘
384,09:53:16,14.36,0.01,6,8619,卖盘
385,09:53:19,14.36,0.0,3,4308,卖盘
386,09:53:22,14.36,0.0,6,8616,卖盘
387,09:53:25,14.39,0.03,43,61786,买盘
388,09:53:28,14.36,-0.03,20,28735,卖盘
389,09:53:34,14.38,0.02,29,41722,卖盘
390,09:53:37,14.36,-0.02,24,34476,卖盘
391,09:53:43,14.39,0.03,8,11499,买盘
392,09:53:46,14.36,-0.03,100,143653,卖盘
393,09:53:49,14.38,0.02,24,34474,买盘
394,09:53:51,14.36,-0.02,25,35895,买盘
395,09:53:54,14.36,0.0,36,51695,买盘
396,09:53:57,14.4,0.04,12,17274,买盘
397,09:54:01,14.38,-0.02,3,4314,卖盘
398,09:54:04,14.31,-0.07,382,547592,卖盘
399,09:54:06,14.32,0.01,4,5729,卖盘
400,09:54:10,14.35,0.03,2,2870,卖盘
401,09:54:13,14.35,0.0,33,47355,卖盘
402,09:54:15,14.35,0.0,75,107748,卖盘
403,09:54:19,14.35,0.0,3,4305,卖盘
404,09:54:22,14.36,0.01,2,2872,买盘
405,09:54:25,14.38,0.02,93,133405,买盘
406,09:54:27,14.33,-0.05,26,37301,中性盘
407,09:54:30,14.33,0.0,47,67439,卖盘
408,09:54:34,14.33,0.0,14,20062,卖盘
409,09:54:37,14.34,0.01,9,12906,买盘
410,09:54:43,14.33,-0.01,20,28669,卖盘
411,09:54:45,14.34,0.01,20,28664,中性盘
412,09:54:49,14.34,0.0,12,17208,卖盘
413,09:54:51,14.33,-0.01,23,32974,卖盘
414,09:54:58,14.34,0.01,63,90245,买盘
415,09:55:01,14.33,-0.01,15,21503,卖盘
416,09:55:04,14.33,0.0,15,21495,卖盘
417,09:55:07,14.32,-0.01,29,41556,卖盘
418,09:55:10,14.3,-0.02,369,527828,卖盘
419,09:55:13,14.32,0.02,25,35799,买盘
420,09:55:15,14.33,0.01,28,40116,买盘
421,09:55:18,14.32,-0.01,16,22913,卖盘
422,09:55:22,14.33,0.01,2,2865,买盘
423,09:55:25,14.32,-0.01,32,45827,卖盘
424,09:55:31,14.32,0.0,9,12888,买盘
425,09:55:34,14.3,-0.02,122,174540,卖盘
426,09:55:36,14.3,0.0,41,58627,买盘
427,09:55:40,14.3,0.0,18,25740,买盘
428,09:55:43,14.3,0.0,92,131449,买盘
429,09:55:46,14.29,-0.01,28,40029,中性盘
430,09:55:49,14.32,0.03,291,416171,买盘
431,09:55:52,14.32,0.0,8,11456,卖盘
432,09:55:54,14.32,0.0,10,14320,卖盘
433,09:55:57,14.3,-0.02,96,137456,卖盘
434,09:56:01,14.32,0.02,50,71520,买盘
435,09:56:04,14.3,-0.02,32,45780,中性盘
436,09:56:07,14.32,0.02,9,12888,买盘
437,09:56:09,14.32,0.0,17,24338,买盘
438,09:56:13,14.31,-0.01,76,108871,卖盘
439,09:56:15,14.27,-0.04,240,343261,卖盘
440,09:56:19,14.32,0.05,9,12888,中性盘
441,09:56:22,14.28,-0.04,3,4288,卖盘
442,09:56:28,14.32,0.04,4,5728,买盘
443,09:56:31,14.32,0.0,12,17201,卖盘
444,09:56:34,14.32,0.0,31,44392,卖盘
445,09:56:37,14.32,0.0,81,115992,买盘
446,09:56:40,14.32,0.0,53,75896,买盘
447,09:56:43,14.3,-0.02,153,218925,卖盘
448,09:56:46,14.32,0.02,41,58720,买盘
449,09:56:49,14.33,0.01,45,64452,买盘
450,09:56:55,14.33,0.0,3,4299,卖盘
451,09:56:58,14.34,0.01,9,12906,买盘
452,09:57:01,14.34,0.0,37,53058,买盘
453,09:57:04,14.34,0.0,34,48756,买盘
454,09:57:07,14.35,0.01,159,228013,买盘
455,09:57:10,14.35,0.0,103,147805,买盘
456,09:57:13,14.34,-0.01,43,61705,卖盘
457,09:57:16,14.35,0.01,6,8611,中性盘
458,09:57:22,14.37,0.02,5,7185,买盘
459,09:57:25,14.37,0.0,1,1437,买盘
460,09:57:27,14.37,0.0,24,34486,买盘
461,09:57:30,14.35,-0.02,60,86138,卖盘
462,09:57:34,14.38,0.03,9,12942,买盘
463,09:57:40,14.37,-0.01,8,11496,卖盘
464,09:57:43,14.38,0.01,9,12935,买盘
465,09:57:46,14.38,0.0,22,31628,买盘
466,09:57:48,14.38,0.0,3,4314,卖盘
467,09:57:55,14.38,0.0,40,57520,卖盘
468,09:57:58,14.39,0.01,1,1439,买盘
469,09:58:01,14.38,-0.01,11,15827,卖盘
470,09:58:04,14.38,0.0,16,23021,卖盘
471,09:58:06,14.38,0.0,95,136610,卖盘
472,09:58:09,14.38,0.0,17,24446,卖盘
473,09:58:13,14.38,0.0,37,53131,买盘
474,09:58:15,14.35,-0.03,17,24395,卖盘
475,09:58:19,14.38,0.03,6,8628,买盘
476,09:58:21,14.35,-0.03,6,8610,卖盘
477,09:58:34,14.35,0.0,6,8610,卖盘
478,09:58:37,14.4,0.05,58,83456,买盘
479,09:58:39,14.35,-0.05,30,43050,卖盘
480,09:58:43,14.39,0.04,9,12945,买盘
481,09:58:46,14.36,-0.03,10,14360,卖盘
482,09:58:49,14.4,0.04,8,11512,买盘
483,09:58:52,14.36,-0.04,8,11490,卖盘
484,09:58:55,14.38,0.02,5,7190,卖盘
485,09:59:01,14.4,0.02,12,17274,买盘
486,09:59:04,14.4,0.0,17,24456,买盘
487,09:59:07,14.38,-0.02,4,5746,中性盘
488,09:59:10,14.4,0.02,8,11496,买盘
489,09:59:12,14.4,0.0,14,20160,买盘
490,09:59:15,14.38,-0.02,5,7190,买盘
491,09:59:18,14.38,0.0,3,4314,卖盘
492,09:59:25,14.4,0.02,7,10072,买盘
493,09:59:28,14.38,-0.02,2,2876,卖盘
494,09:59:31,14.38,0.0,26,37388,卖盘
495,09:59:34,14.38,0.0,3,4314,卖盘
496,09:59:37,14.4,0.02,22,31680,买盘
497,09:59:40,14.38,-0.02,3,4314,卖盘
498,09:59:43,14.38,0.0,12,17256,卖盘
499,09:59:46,14.39,0.01,8,11509,买盘
500,09:59:48,14.4,0.01,14,20150,买盘
501,09:59:51,14.38,-0.02,8,11498,买盘
502,09:59:55,14.38,0.0,2,2876,买盘
503,10:00:00,14.38,0.0,12,17253,买盘
504,10:00:04,14.38,0.0,8,11504,买盘
505,10:00:10,14.38,0.0,34,48892,买盘
506,10:00:13,14.38,0.0,5,7190,卖盘
507,10:00:22,14.39,0.01,5,7195,买盘
508,10:00:25,14.39,0.0,5,7195,卖盘
509,10:00:28,14.39,0.0,1,1439,买盘
510,10:00:31,14.39,0.0,1,1439,中性盘
511,10:00:34,14.38,-0.01,8,11504,卖盘
512,10:00:36,14.4,0.02,30,43176,买盘
513,10:00:39,14.4,0.0,15,21594,买盘
514,10:00:46,14.4,0.0,63,90717,买盘
515,10:00:49,14.4,0.0,31,44628,买盘
516,10:00:52,14.41,0.01,9,12962,买盘
517,10:00:55,14.41,0.0,8,11528,买盘
518,10:00:57,14.4,-0.01,8,11517,买盘
519,10:01:04,14.39,-0.01,3,4317,卖盘
520,10:01:07,14.39,0.0,23,33117,卖盘
521,10:01:16,14.4,0.01,17,24480,买盘
522,10:01:19,14.39,-0.01,5,7197,卖盘
523,10:01:21,14.39,0.0,16,23035,卖盘
524,10:01:25,14.42,0.03,765,1103015,买盘
525,10:01:27,14.44,0.02,3,4332,买盘
526,10:01:30,14.42,-0.02,6,8652,卖盘
527,10:01:37,14.44,0.02,24,34633,买盘
528,10:01:40,14.42,-0.02,6,8657,卖盘
529,10:01:45,14.45,0.03,13,18781,买盘
530,10:01:52,14.43,-0.02,3,4329,卖盘
531,10:01:55,14.44,0.01,15,21660,买盘
532,10:01:58,14.44,0.0,9,12996,买盘
533,10:02:01,14.43,-0.01,4,5772,卖盘
534,10:02:04,14.43,0.0,10,14430,卖盘
535,10:02:07,14.44,0.01,5,7219,买盘
536,10:02:10,14.43,-0.01,29,41860,卖盘
537,10:02:13,14.43,0.0,12,17324,买盘
538,10:02:19,14.43,0.0,5,7219,卖盘
539,10:02:22,14.43,0.0,1,1587,买盘
540,10:02:25,14.44,0.01,3,4332,中性盘
541,10:02:34,14.44,0.0,2,2888,买盘
542,10:02:37,14.44,0.0,6,8661,买盘
543,10:02:40,14.44,0.0,30,43320,买盘
544,10:02:43,14.44,0.0,8,11552,买盘
545,10:02:46,14.43,-0.01,3,4329,卖盘
546,10:02:51,14.44,0.01,18,25992,买盘
547,10:02:54,14.43,-0.01,14,20211,卖盘
548,10:02:58,14.43,0.0,3,4329,卖盘
549,10:03:01,14.43,0.0,16,22944,卖盘
550,10:03:04,14.43,0.0,5,7215,买盘
551,10:03:10,14.42,-0.01,19,27414,卖盘
552,10:03:15,14.43,0.01,2,2886,买盘
553,10:03:19,14.42,-0.01,3,4326,卖盘
554,10:03:25,14.42,0.0,25,36050,卖盘
555,10:03:28,14.41,-0.01,3,4325,卖盘
556,10:03:31,14.41,0.0,1,1441,卖盘
557,10:03:34,14.4,-0.01,5,7200,买盘
558,10:03:37,14.4,0.0,3,4320,买盘
559,10:03:43,14.4,0.0,40,57598,买盘
560,10:03:46,14.42,0.02,9,12976,买盘
561,10:03:52,14.4,-0.02,21,30259,卖盘
562,10:03:54,14.42,0.02,8,11536,买盘
563,10:04:01,14.4,-0.02,19,27360,卖盘
564,10:04:04,14.42,0.02,27,38900,买盘
565,10:04:09,14.4,-0.02,57,82116,卖盘
566,10:04:12,14.4,0.0,64,92160,买盘
567,10:04:16,14.4,0.0,24,34557,买盘
568,10:04:19,14.4,0.0,28,40320,买盘
569,10:04:28,14.4,0.0,3,4320,卖盘
570,10:04:31,14.41,0.01,15,21615,买盘
571,10:04:37,14.41,0.0,7,10090,卖盘
572,10:04:42,14.41,0.0,3,4323,卖盘
573,10:04:46,14.41,0.0,11,15851,买盘
574,10:04:49,14.4,-0.01,31,44649,卖盘
575,10:04:52,14.41,0.01,8,11528,买盘
576,10:04:58,14.4,-0.01,88,126739,卖盘
577,10:05:01,14.39,-0.01,2,2878,卖盘
578,10:05:04,14.39,0.0,7,10073,卖盘
579,10:05:07,14.39,0.0,2,2878,卖盘
580,10:05:09,14.39,0.0,23,33094,买盘
581,10:05:16,14.39,0.0,10,14390,买盘
582,10:05:22,14.38,-0.01,7,10066,卖盘
583,10:05:25,14.38,0.0,23,33074,卖盘
584,10:05:34,14.38,0.0,3,4314,卖盘
585,10:05:36,14.38,0.0,4,5752,卖盘
586,10:05:45,14.38,0.0,3,4314,卖盘
587,10:05:49,14.38,0.0,2,2876,卖盘
588,10:05:51,14.35,-0.03,243,348905,卖盘
589,10:05:55,14.38,0.03,21,30202,买盘
590,10:06:01,14.38,0.0,41,58958,卖盘
591,10:06:07,14.36,-0.02,4,5744,卖盘
592,10:06:12,14.38,0.02,8,11504,买盘
593,10:06:16,14.37,-0.01,5,7188,中性盘
594,10:06:21,14.38,0.01,2,2875,买盘
595,10:06:25,14.39,0.01,42,60399,买盘
596,10:06:27,14.39,0.0,27,38833,买盘
597,10:06:34,14.4,0.01,22,31666,买盘
598,10:06:36,14.4,0.0,12,17284,买盘
599,10:06:40,14.38,-0.02,3,4315,卖盘
600,10:06:42,14.39,0.01,2,2878,卖盘
601,10:06:49,14.4,0.01,4,5760,卖盘
602,10:06:52,14.42,0.02,57,82162,买盘
603,10:06:55,14.43,0.01,8,11544,买盘
604,10:06:57,14.42,-0.01,6,8656,卖盘
605,10:07:01,14.43,0.01,12,17313,买盘
606,10:07:04,14.42,-0.01,3,4326,卖盘
607,10:07:07,14.43,0.01,1,1443,买盘
608,10:07:13,14.42,-0.01,8,11536,卖盘
609,10:07:16,14.43,0.01,19,27561,买盘
610,10:07:18,14.44,0.01,2,2888,买盘
611,10:07:21,14.43,-0.01,3,4329,卖盘
612,10:07:28,14.42,-0.01,3,4329,卖盘
613,10:07:31,14.44,0.02,20,28880,买盘
614,10:07:34,14.42,-0.02,14,20198,卖盘
615,10:07:37,14.45,0.03,3,4334,买盘
616,10:07:43,14.44,-0.01,5,7220,卖盘
617,10:07:46,14.43,-0.01,30,43290,卖盘
618,10:07:48,14.43,0.0,9,12987,买盘
619,10:07:54,14.44,0.01,18,26000,买盘
620,10:07:58,14.45,0.01,8,11560,买盘
621,10:08:01,14.44,-0.01,3,4332,卖盘
622,10:08:04,14.44,0.0,40,57786,卖盘
623,10:08:07,14.44,0.0,4,5776,卖盘
624,10:08:09,14.45,0.01,4,5780,买盘
625,10:08:12,14.45,0.0,4,5780,买盘
626,10:08:16,14.47,0.02,1,1447,中性盘
627,10:08:19,14.47,0.0,3,4341,卖盘
628,10:08:22,14.47,0.0,5,7235,卖盘
629,10:08:25,14.49,0.02,7,10137,买盘
630,10:08:27,14.48,-0.01,7,10136,中性盘
631,10:08:31,14.45,-0.03,8,11577,卖盘
632,10:08:33,14.5,0.05,17,24639,买盘
633,10:08:37,14.49,-0.01,1,1449,中性盘
634,10:08:40,14.47,-0.02,3,4345,卖盘
635,10:08:52,14.47,0.0,3,4341,卖盘
636,10:08:55,14.47,0.0,5,7235,卖盘
637,10:08:58,14.49,0.02,9,13031,买盘
638,10:09:01,14.46,-0.03,13,18824,卖盘
639,10:09:04,14.46,0.0,10,14460,卖盘
640,10:09:13,14.47,0.01,4,5788,卖盘
641,10:09:19,14.49,0.02,8,11592,买盘
642,10:09:25,14.47,-0.02,3,4341,卖盘
643,10:09:27,14.47,0.0,1,1447,卖盘
644,10:09:31,14.47,0.0,3,4341,卖盘
645,10:09:34,14.47,0.0,10,14471,卖盘
646,10:09:37,14.49,0.02,91,131724,买盘
647,10:09:42,14.45,-0.04,76,109863,卖盘
648,10:09:46,14.45,0.0,3,4335,卖盘
649,10:09:48,14.48,0.03,26,37573,买盘
650,10:09:51,14.48,0.0,32,46335,买盘
651,10:09:58,14.49,0.01,13,18806,买盘
652,10:10:07,14.46,-0.03,13,18800,卖盘
653,10:10:12,14.47,0.01,21,30377,买盘
654,10:10:19,14.45,-0.02,3,4335,卖盘
655,10:10:27,14.46,0.01,2,2892,买盘
656,10:10:31,14.46,0.0,7,10122,卖盘
657,10:10:37,14.47,0.01,3,4341,买盘
658,10:10:40,14.45,-0.02,7,10119,卖盘
659,10:10:43,14.49,0.04,51,73833,买盘
660,10:10:52,14.43,-0.06,3,4329,卖盘
661,10:10:55,14.48,0.05,11,15934,中性盘
662,10:11:01,14.43,-0.05,2,2886,卖盘
663,10:11:04,14.43,0.0,12,17361,卖盘
664,10:11:06,14.46,0.03,5,7231,中性盘
665,10:11:16,14.48,0.02,12,17372,买盘
666,10:11:19,14.48,0.0,1,1448,买盘
667,10:11:24,14.48,0.0,45,65160,买盘
668,10:11:27,14.48,0.0,24,34754,卖盘
669,10:11:30,14.48,0.0,3,4344,卖盘
670,10:11:33,14.48,0.0,19,27512,卖盘
671,10:11:37,14.49,0.01,6,8691,买盘
672,10:11:40,14.49,0.0,50,72450,买盘
673,10:11:46,14.49,0.0,13,18837,买盘
674,10:11:49,14.48,-0.01,3,4344,卖盘
675,10:11:58,14.48,0.0,3,4344,卖盘
676,10:12:00,14.48,0.0,32,46336,卖盘
677,10:12:10,14.48,0.0,33,47784,卖盘
678,10:12:13,14.48,0.0,36,52128,卖盘
679,10:12:21,14.46,-0.02,2,2892,卖盘
680,10:12:30,14.45,-0.01,4,5782,卖盘
681,10:12:37,14.48,0.03,3,4344,买盘
682,10:12:39,14.48,0.0,1,1448,买盘
683,10:12:43,14.45,-0.03,53,76768,卖盘
684,10:12:48,14.45,0.0,3,4335,卖盘
685,10:12:54,14.45,0.0,3,4335,卖盘
686,10:13:01,14.48,0.03,3,4344,买盘
687,10:13:04,14.45,-0.03,3,4335,卖盘
688,10:13:12,14.48,0.03,1,1448,买盘
689,10:13:16,14.46,-0.02,2,2892,卖盘
690,10:13:19,14.46,0.0,2,2892,卖盘
691,10:13:21,14.46,0.0,20,28920,卖盘
692,10:13:27,14.46,0.0,3,4338,卖盘
693,10:13:37,14.47,0.01,6,8678,中性盘
694,10:13:39,14.47,0.0,1,1447,买盘
695,10:13:43,14.48,0.01,57,82512,买盘
696,10:13:49,14.46,-0.02,6,8676,卖盘
697,10:13:52,14.46,0.0,9,13014,卖盘
698,10:13:55,14.46,0.0,14,20244,卖盘
699,10:13:57,14.46,0.0,24,34704,卖盘
700,10:14:01,14.45,-0.01,3,4335,卖盘
701,10:14:04,14.45,0.0,26,37570,卖盘
702,10:14:07,14.45,0.0,128,184960,卖盘
703,10:14:10,14.45,0.0,78,112716,卖盘
704,10:14:13,14.45,0.0,70,101150,卖盘
705,10:14:15,14.43,-0.02,2,2886,卖盘
706,10:14:18,14.43,0.0,1,1443,卖盘
707,10:14:22,14.42,-0.01,14,20044,卖盘
708,10:14:25,14.41,-0.01,5,7205,卖盘
709,10:14:34,14.4,-0.01,3,4320,卖盘
710,10:14:36,14.42,0.02,4,5766,买盘
711,10:14:40,14.4,-0.02,28,40325,卖盘
712,10:14:43,14.4,0.0,22,31718,卖盘
713,10:14:46,14.44,0.04,34,49213,买盘
714,10:14:49,14.44,0.0,9,12996,卖盘
715,10:14:52,14.44,0.0,1,1444,卖盘
716,10:14:55,14.41,-0.03,4,5767,卖盘
717,10:15:01,14.43,0.02,1,1443,中性盘
718,10:15:07,14.42,-0.01,3,4326,卖盘
719,10:15:10,14.44,0.02,1,1444,买盘
720,10:15:15,14.42,-0.02,3,4326,卖盘
721,10:15:25,14.42,0.0,2,2884,卖盘
722,10:15:28,14.42,0.0,5,7214,卖盘
723,10:15:37,14.44,0.02,4,5776,买盘
724,10:15:39,14.42,-0.02,3,4326,卖盘
725,10:15:49,14.42,0.0,62,89551,卖盘
726,10:16:01,14.42,0.0,3,4326,卖盘
727,10:16:04,14.42,0.0,11,15862,卖盘
728,10:16:06,14.42,0.0,7,10094,卖盘
729,10:16:12,14.42,0.0,3,4326,卖盘
730,10:16:22,14.45,0.03,4,5780,买盘
731,10:16:34,14.46,0.01,4,5781,买盘
732,10:16:37,14.46,0.0,3,4338,买盘
733,10:16:40,14.46,0.0,1,1446,买盘
734,10:16:46,14.45,-0.01,3,4335,卖盘
735,10:16:48,14.47,0.02,50,72302,买盘
736,10:16:58,14.45,-0.02,3,4336,卖盘
737,10:17:01,14.47,0.02,25,36175,买盘
738,10:17:07,14.45,-0.02,8,11560,卖盘
739,10:17:12,14.45,0.0,4,5780,卖盘
740,10:17:19,14.46,0.01,3,4338,卖盘
741,10:17:30,14.45,-0.01,3,4337,卖盘
742,10:17:37,14.46,0.01,5,7228,买盘
743,10:17:40,14.43,-0.03,4,5776,卖盘
744,10:17:52,14.47,0.04,49,70835,买盘
745,10:18:04,14.47,0.0,3,4341,卖盘
746,10:18:06,14.43,-0.04,8,11569,卖盘
747,10:18:13,14.47,0.04,3,4341,卖盘
748,10:18:16,14.48,0.01,6,8688,买盘
749,10:18:22,14.46,-0.02,5,7230,买盘
750,10:18:25,14.43,-0.03,3,4329,卖盘
751,10:18:37,14.45,0.02,7,10111,中性盘
752,10:18:40,14.44,-0.01,3,4332,卖盘
753,10:18:46,14.44,0.0,3,4332,卖盘
754,10:18:54,14.47,0.03,44,63600,买盘
755,10:18:58,14.47,0.0,4,5788,卖盘
756,10:19:01,14.47,0.0,5,7235,卖盘
757,10:19:07,14.44,-0.03,3,4332,卖盘
758,10:19:09,14.44,0.0,3,4332,卖盘
759,10:19:18,14.45,0.01,3,4335,卖盘
760,10:19:31,14.44,-0.01,2,2888,卖盘
761,10:19:37,14.46,0.02,4,5782,买盘
762,10:19:40,14.44,-0.02,20,28916,卖盘
763,10:19:42,14.44,0.0,3,4332,卖盘
764,10:19:46,14.44,0.0,4,5776,卖盘
765,10:19:48,14.46,0.02,3,4338,买盘
766,10:19:51,14.44,-0.02,5,7223,卖盘
767,10:19:55,14.48,0.04,50,72322,买盘
768,10:20:04,14.48,0.0,7,10128,买盘
769,10:20:07,14.44,-0.04,3,4332,卖盘
770,10:20:12,14.45,0.01,1,1445,买盘
771,10:20:16,14.45,0.0,3,4336,卖盘
772,10:20:25,14.46,0.01,3,4338,卖盘
773,10:20:37,14.48,0.02,7,10124,买盘
774,10:20:40,14.45,-0.03,50,72391,卖盘
775,10:20:45,14.48,0.03,3,4344,买盘
776,10:20:49,14.45,-0.03,3,4335,卖盘
777,10:20:55,14.48,0.03,2,2896,买盘
778,10:20:58,14.45,-0.03,56,81119,卖盘
779,10:21:04,14.45,0.0,1,1445,卖盘
780,10:21:06,14.45,0.0,10,14452,卖盘
781,10:21:10,14.45,0.0,6,8670,卖盘
782,10:21:16,14.45,0.0,3,4335,卖盘
783,10:21:21,14.46,0.01,3,4338,卖盘
784,10:21:30,14.46,0.0,3,4338,卖盘
785,10:21:33,14.46,0.0,6,8676,卖盘
786,10:21:36,14.49,0.03,4,5793,买盘
787,10:21:40,14.5,0.01,47,68127,买盘
788,10:21:42,14.45,-0.05,3,4335,卖盘
789,10:21:55,14.45,0.0,3,4335,卖盘
790,10:22:01,14.5,0.05,50,72483,买盘
791,10:22:04,14.45,-0.05,3,4335,卖盘
792,10:22:10,14.45,0.0,3,4335,卖盘
793,10:22:15,14.45,0.0,3,4335,卖盘
794,10:22:28,14.46,0.01,3,4338,卖盘
795,10:22:31,14.46,0.0,1,1446,卖盘
796,10:22:36,14.49,0.03,6,8685,买盘
797,10:22:40,14.5,0.01,51,73909,买盘
798,10:22:49,14.46,-0.04,3,4338,卖盘
799,10:22:55,14.49,0.03,3,4347,买盘
800,10:23:01,14.5,0.01,52,75344,买盘
801,10:23:07,14.47,-0.03,28,40516,卖盘
802,10:23:10,14.47,0.0,13,18825,卖盘
803,10:23:21,14.49,0.02,9,13035,买盘
804,10:23:34,14.47,-0.02,3,4341,卖盘
805,10:23:37,14.48,0.01,3,4344,中性盘
806,10:23:40,14.47,-0.01,3,4341,卖盘
807,10:23:42,14.5,0.03,47,68123,买盘
808,10:23:46,14.47,-0.03,3,4341,卖盘
809,10:23:55,14.47,0.0,2,2894,卖盘
810,10:23:58,14.47,0.0,3,4341,卖盘
811,10:24:04,14.47,0.0,51,73895,卖盘
812,10:24:07,14.47,0.0,7,10129,卖盘
813,10:24:18,14.47,0.0,2,2894,卖盘
814,10:24:28,14.47,0.0,3,4341,卖盘
815,10:24:31,14.47,0.0,28,40516,卖盘
816,10:24:37,14.47,0.0,7,10135,卖盘
817,10:24:39,14.47,0.0,3,4341,卖盘
818,10:24:43,14.49,0.02,47,68082,买盘
819,10:24:52,14.47,-0.02,3,4341,卖盘
820,10:25:01,14.47,0.0,2,2894,卖盘
821,10:25:07,14.47,0.0,54,78189,卖盘
822,10:25:12,14.47,0.0,3,4341,卖盘
823,10:25:24,14.47,0.0,3,4341,卖盘
824,10:25:33,14.47,0.0,30,43410,卖盘
825,10:25:37,14.48,0.01,5,7238,买盘
826,10:25:39,14.47,-0.01,3,4342,卖盘
827,10:25:42,14.49,0.02,47,68077,买盘
828,10:25:46,14.47,-0.02,3,4341,卖盘
829,10:25:58,14.47,0.0,2,2894,卖盘
830,10:26:07,14.47,0.0,53,76842,卖盘
831,10:26:10,14.47,0.0,3,4341,卖盘
832,10:26:13,14.47,0.0,15,21705,卖盘
833,10:26:15,14.47,0.0,5,7235,买盘
834,10:26:18,14.47,0.0,3,4341,卖盘
835,10:26:28,14.48,0.01,10,14480,买盘
836,10:26:30,14.48,0.0,3,4344,卖盘
837,10:26:34,14.51,0.03,10,14510,买盘
838,10:26:37,14.51,0.0,3,4353,买盘
839,10:26:40,14.48,-0.03,7,10136,卖盘
840,10:26:46,14.53,0.05,13,19030,买盘
841,10:26:48,14.53,0.0,3,4359,卖盘
842,10:26:51,14.53,0.0,26,37778,卖盘
843,10:26:55,14.53,0.0,6,8573,卖盘
844,10:27:04,14.51,-0.02,3,4353,中性盘
845,10:27:07,14.51,0.0,1,1451,卖盘
846,10:27:10,14.51,0.0,53,77005,卖盘
847,10:27:13,14.5,-0.01,45,65250,中性盘
848,10:27:15,14.53,0.03,5,7262,买盘
849,10:27:19,14.53,0.0,4,5812,买盘
850,10:27:25,14.5,-0.03,3,4350,卖盘
851,10:27:37,14.51,0.01,6,8703,买盘
852,10:27:40,14.5,-0.01,29,42050,卖盘
853,10:27:46,14.5,0.0,49,71127,卖盘
854,10:27:48,14.53,0.03,3,4355,买盘
855,10:27:58,14.51,-0.02,3,4353,卖盘
856,10:28:01,14.51,0.0,2,2902,卖盘
857,10:28:10,14.51,0.0,6,8706,卖盘
858,10:28:19,14.51,0.0,17,24667,卖盘
859,10:28:22,14.5,-0.01,3,4350,卖盘
860,10:28:27,14.51,0.01,5,7255,买盘
861,10:28:30,14.51,0.0,3,4353,卖盘
862,10:28:37,14.53,0.02,3,4359,买盘
863,10:28:40,14.51,-0.02,14,20314,卖盘
864,10:28:43,14.51,0.0,4,5804,卖盘
865,10:28:46,14.53,0.02,49,71173,买盘
866,10:28:52,14.51,-0.02,2,2902,卖盘
867,10:29:01,14.5,-0.01,57,82677,卖盘
868,10:29:03,14.5,0.0,4,5800,卖盘
869,10:29:10,14.5,0.0,3,4350,卖盘
870,10:29:16,14.5,0.0,3,4350,卖盘
871,10:29:19,14.5,0.0,9,13050,卖盘
872,10:29:22,14.47,-0.03,7,10141,卖盘
873,10:29:25,14.47,0.0,3,4341,卖盘
874,10:29:37,14.5,0.03,10,14479,买盘
875,10:29:43,14.48,-0.02,2,2896,中性盘
876,10:29:49,14.48,0.0,49,71023,卖盘
877,10:30:01,14.48,0.0,3,4344,卖盘
878,10:30:10,14.47,-0.01,15,21717,卖盘
879,10:30:12,14.48,0.01,10,14480,买盘
880,10:30:22,14.47,-0.01,3,4341,卖盘
881,10:30:28,14.47,0.0,4,5788,卖盘
882,10:30:34,14.47,0.0,3,4341,卖盘
883,10:30:37,14.48,0.01,3,4344,买盘
884,10:30:40,14.47,-0.01,8,11576,卖盘
885,10:30:42,14.47,0.0,3,4341,卖盘
886,10:30:48,14.48,0.01,47,68056,买盘
887,10:30:54,14.47,-0.01,3,4341,卖盘
888,10:31:01,14.48,0.01,2,2896,买盘
889,10:31:07,14.47,-0.01,3,4341,卖盘
890,10:31:10,14.47,0.0,3,4341,卖盘
891,10:31:13,14.47,0.0,3,4341,卖盘
892,10:31:19,14.46,-0.01,3,4339,卖盘
893,10:31:22,14.47,0.01,2,2894,卖盘
894,10:31:28,14.46,-0.01,3,4338,卖盘
895,10:31:36,14.47,0.01,43,62181,买盘
896,10:31:40,14.46,-0.01,6,8676,卖盘
897,10:31:49,14.46,0.0,50,72347,卖盘
898,10:31:52,14.46,0.0,45,65070,卖盘
899,10:32:01,14.45,-0.01,3,4335,卖盘
900,10:32:04,14.45,0.0,1,1445,卖盘
901,10:32:07,14.45,0.0,1,1445,卖盘
902,10:32:10,14.45,0.0,9,13005,卖盘
903,10:32:12,14.45,0.0,2,2890,卖盘
904,10:32:22,14.45,0.0,3,4335,卖盘
905,10:32:24,14.45,0.0,28,40460,卖盘
906,10:32:34,14.44,-0.01,9,12996,卖盘
907,10:32:37,14.45,0.01,3,4335,买盘
908,10:32:39,14.44,-0.01,5,7220,卖盘
909,10:32:46,14.43,-0.01,3,4329,卖盘
910,10:32:52,14.44,0.01,47,67868,买盘
911,10:32:55,14.43,-0.01,3,4329,卖盘
912,10:33:04,14.43,0.0,53,76479,卖盘
913,10:33:06,14.42,-0.01,3,4326,卖盘
914,10:33:09,14.42,0.0,9,12978,卖盘
915,10:33:12,14.42,0.0,2,2884,卖盘
916,10:33:18,14.42,0.0,3,4326,卖盘
917,10:33:22,14.42,0.0,7,10096,卖盘
918,10:33:28,14.42,0.0,8,11536,卖盘
919,10:33:34,14.43,0.01,5,7215,买盘
920,10:33:36,14.43,0.0,3,4329,买盘
921,10:33:40,14.42,-0.01,6,8652,卖盘
922,10:33:42,14.43,0.01,6,8658,买盘
923,10:33:46,14.42,-0.01,2,2884,卖盘
924,10:33:52,14.43,0.01,50,72147,买盘
925,10:33:55,14.43,0.0,11,15873,买盘
926,10:34:01,14.42,-0.01,3,4326,卖盘
927,10:34:04,14.43,0.01,5,7215,买盘
928,10:34:06,14.42,-0.01,13,18746,卖盘
929,10:34:09,14.42,0.0,2,2884,卖盘
930,10:34:12,14.42,0.0,3,4326,卖盘
931,10:34:24,14.42,0.0,8,11536,卖盘
932,10:34:30,14.42,0.0,4,5768,卖盘
933,10:34:33,14.42,0.0,3,4326,卖盘
934,10:34:37,14.43,0.01,3,4329,买盘
935,10:34:40,14.43,0.0,1,1443,买盘
936,10:34:43,14.42,-0.01,2,2884,卖盘
937,10:34:46,14.42,0.0,5,7212,卖盘
938,10:34:51,14.43,0.01,47,67821,买盘
939,10:34:58,14.42,-0.01,6,8652,卖盘
940,10:35:04,14.42,0.0,4,5768,买盘
941,10:35:07,14.41,-0.01,6,8649,卖盘
942,10:35:10,14.41,0.0,32,46112,卖盘
943,10:35:18,14.41,0.0,3,4323,卖盘
944,10:35:25,14.41,0.0,50,72050,卖盘
945,10:35:28,14.41,0.0,2,2882,买盘
946,10:35:31,14.4,-0.01,3,4320,卖盘
947,10:35:36,14.41,0.01,3,4323,买盘
948,10:35:40,14.4,-0.01,8,11520,卖盘
949,10:35:49,14.41,0.01,5,7205,买盘
950,10:35:52,14.4,-0.01,3,4320,卖盘
951,10:35:54,14.41,0.01,47,67727,买盘
952,10:36:01,14.41,0.0,3,4323,买盘
953,10:36:04,14.4,-0.01,3,4320,卖盘
954,10:36:07,14.41,0.01,1,1441,买盘
955,10:36:15,14.4,-0.01,3,4320,卖盘
956,10:36:19,14.4,0.0,90,129600,卖盘
957,10:36:22,14.41,0.01,2,2882,买盘
958,10:36:25,14.4,-0.01,3,4320,卖盘
959,10:36:28,14.4,0.0,5,7200,卖盘
960,10:36:36,14.41,0.01,8,11523,买盘
961,10:36:45,14.41,0.0,10,14410,买盘
962,10:36:49,14.4,-0.01,21,30237,卖盘
963,10:36:52,14.4,0.0,10,14400,买盘
964,10:36:55,14.42,0.02,47,67756,买盘
965,10:36:58,14.39,-0.03,2,2879,卖盘
966,10:37:07,14.4,0.01,1,1440,卖盘
967,10:37:10,14.41,0.01,5,7198,买盘
968,10:37:16,14.44,0.03,9,12977,买盘
969,10:37:22,14.4,-0.04,3,4320,卖盘
970,10:37:31,14.4,0.0,3,4320,卖盘
971,10:37:37,14.44,0.04,9,12996,买盘
972,10:37:39,14.48,0.04,61,88125,买盘
973,10:37:43,14.41,-0.07,3,4323,卖盘
974,10:37:49,14.48,0.07,1,1448,买盘
975,10:37:52,14.48,0.0,6,8688,买盘
976,10:37:55,14.49,0.01,48,69524,买盘
977,10:37:57,14.51,0.02,55,79785,买盘
978,10:38:04,14.43,-0.08,12,17396,卖盘
979,10:38:10,14.43,0.0,2,2886,卖盘
980,10:38:15,14.43,0.0,3,4329,卖盘
981,10:38:27,14.44,0.01,3,4332,卖盘
982,10:38:36,14.48,0.04,3,4344,中性盘
983,10:38:40,14.51,0.03,7,10150,买盘
984,10:38:43,14.53,0.02,14,20342,买盘
985,10:38:48,14.48,-0.05,3,4344,卖盘
986,10:38:58,14.52,0.04,47,68242,买盘
987,10:39:01,14.53,0.01,16,23219,买盘
988,10:39:04,14.52,-0.01,2,2904,中性盘
989,10:39:09,14.49,-0.03,5,7245,卖盘
990,10:39:12,14.52,0.03,1,1452,买盘
991,10:39:15,14.54,0.02,16,23250,买盘
992,10:39:21,14.52,-0.02,4,5808,卖盘
993,10:39:24,14.52,0.0,4,5808,卖盘
994,10:39:28,14.52,0.0,14,20328,卖盘
995,10:39:34,14.49,-0.03,3,4347,卖盘
996,10:39:40,14.5,0.01,5,7256,中性盘
997,10:39:43,14.49,-0.01,3,4347,卖盘
998,10:39:54,14.49,0.0,3,4347,卖盘
999,10:40:00,14.49,0.0,14,20338,卖盘
1000,10:40:04,14.49,0.0,1,1449,卖盘
1001,10:40:07,14.49,0.0,5,7245,卖盘
1002,10:40:16,14.49,0.0,3,4347,卖盘
1003,10:40:28,14.49,0.0,3,4347,卖盘
1004,10:40:40,14.49,0.0,7,10149,卖盘
1005,10:40:43,14.49,0.0,1,1449,买盘
1006,10:40:49,14.48,-0.01,4,5793,卖盘
1007,10:41:00,14.48,0.0,17,24650,卖盘
1008,10:41:13,14.48,0.0,3,4344,卖盘
1009,10:41:16,14.48,0.0,16,23168,卖盘
1010,10:41:22,14.48,0.0,3,4344,卖盘
1011,10:41:28,14.48,0.0,2,2896,卖盘
1012,10:41:33,14.44,-0.04,3,4333,卖盘
1013,10:41:37,14.48,0.04,3,4344,买盘
1014,10:41:40,14.51,0.03,3,4347,买盘
1015,10:41:46,14.44,-0.07,3,4332,卖盘
1016,10:41:51,14.51,0.07,5,7255,买盘
1017,10:41:57,14.44,-0.07,3,4332,卖盘
1018,10:42:00,14.51,0.07,13,18863,买盘
1019,10:42:04,14.45,-0.06,2,2890,卖盘
1020,10:42:07,14.44,-0.01,3,4333,卖盘
1021,10:42:19,14.45,0.01,3,4335,卖盘
1022,10:42:25,14.45,0.0,2,2890,卖盘
1023,10:42:31,14.45,0.0,3,4335,卖盘
1024,10:42:40,14.45,0.0,6,8685,卖盘
1025,10:42:51,14.45,0.0,5,7225,卖盘
1026,10:42:55,14.49,0.04,5,7245,买盘
1027,10:43:00,14.5,0.01,14,20290,买盘
1028,10:43:03,14.45,-0.05,6,8667,中性盘
1029,10:43:13,14.45,0.0,2,2890,卖盘
1030,10:43:22,14.45,0.0,1,1445,卖盘
1031,10:43:25,14.45,0.0,5,7222,中性盘
1032,10:43:36,14.45,0.0,3,4335,卖盘
1033,10:43:40,14.49,0.04,3,4347,买盘
1034,10:43:46,14.45,-0.04,5,7225,卖盘
1035,10:43:57,14.45,0.0,6,8670,卖盘
1036,10:44:01,14.49,0.04,13,18837,买盘
1037,10:44:10,14.45,-0.04,2,2890,卖盘
1038,10:44:19,14.44,-0.01,53,76548,卖盘
1039,10:44:25,14.44,0.0,2,2888,卖盘
1040,10:44:31,14.46,0.02,3,4338,中性盘
1041,10:44:40,14.46,0.0,5,7236,卖盘
1042,10:44:43,14.46,0.0,3,4338,卖盘
1043,10:44:52,14.46,0.0,5,7230,卖盘
1044,10:44:55,14.46,0.0,40,57840,卖盘
1045,10:45:01,14.44,-0.02,15,21716,卖盘
1046,10:45:04,14.43,-0.01,8,11556,卖盘
1047,10:45:16,14.44,0.01,3,4332,卖盘
1048,10:45:25,14.43,-0.01,5,7219,卖盘
1049,10:45:36,14.43,0.0,53,76479,卖盘
1050,10:45:40,14.47,0.04,3,4341,买盘
1051,10:45:49,14.42,-0.05,3,4326,卖盘
1052,10:45:52,14.47,0.05,5,7235,买盘
1053,10:45:54,14.42,-0.05,2,2884,卖盘
1054,10:45:58,14.42,0.0,3,4326,卖盘
1055,10:46:01,14.45,0.03,13,18785,买盘
1056,10:46:10,14.42,-0.03,21,30339,卖盘
1057,10:46:15,14.42,0.0,79,113979,卖盘
1058,10:46:22,14.42,0.0,3,4326,卖盘
1059,10:46:24,14.42,0.0,2,2884,卖盘
1060,10:46:31,14.41,-0.01,3,4325,卖盘
1061,10:46:37,14.4,-0.01,310,446478,卖盘
1062,10:46:40,14.43,0.03,3,4329,买盘
1063,10:46:43,14.4,-0.03,3,4320,卖盘
1064,10:46:48,14.39,-0.01,3,4318,卖盘
1065,10:46:54,14.39,0.0,6,8634,卖盘
1066,10:47:00,14.41,0.02,15,21623,买盘
1067,10:47:04,14.39,-0.02,3,4317,卖盘
1068,10:47:07,14.41,0.02,8,11518,买盘
1069,10:47:16,14.39,-0.02,3,4317,卖盘
1070,10:47:18,14.39,0.0,96,138144,卖盘
1071,10:47:25,14.41,0.02,64,92216,买盘
1072,10:47:28,14.41,0.0,4,5764,卖盘
1073,10:47:30,14.41,0.0,9,12969,卖盘
1074,10:47:37,14.38,-0.03,3,4316,卖盘
1075,10:47:39,14.41,0.03,3,4323,买盘
1076,10:47:49,14.4,-0.01,4,5757,卖盘
1077,10:47:52,14.39,-0.01,3,4318,卖盘
1078,10:47:54,14.4,0.01,1,1440,买盘
1079,10:48:01,14.41,0.01,15,21611,买盘
1080,10:48:04,14.39,-0.02,51,73395,卖盘
1081,10:48:10,14.39,0.0,3,4317,卖盘
1082,10:48:12,14.35,-0.04,300,430933,卖盘
1083,10:48:22,14.35,0.0,3,4305,卖盘
1084,10:48:25,14.36,0.01,2,2872,中性盘
1085,10:48:28,14.36,0.0,8,11488,卖盘
1086,10:48:33,14.36,0.0,3,4308,卖盘
1087,10:48:36,14.36,0.0,52,74682,卖盘
1088,10:48:39,14.41,0.05,3,4323,买盘
1089,10:48:42,14.37,-0.04,3,4311,卖盘
1090,10:48:46,14.36,-0.01,100,143601,卖盘
1091,10:48:54,14.36,0.0,5,7180,卖盘
1092,10:48:57,14.36,0.0,2,2872,卖盘
1093,10:49:01,14.4,0.04,14,20120,买盘
1094,10:49:04,14.36,-0.04,7,10052,卖盘
1095,10:49:07,14.35,-0.01,3,4305,卖盘
1096,10:49:10,14.36,0.01,11,15796,买盘
1097,10:49:15,14.36,0.0,1,1436,中性盘
1098,10:49:18,14.36,0.0,9,12921,买盘
1099,10:49:24,14.36,0.0,26,37333,买盘
1100,10:49:28,14.35,-0.01,3,4306,卖盘
1101,10:49:31,14.39,0.04,48,68916,买盘
1102,10:49:34,14.39,0.0,26,37346,买盘
1103,10:49:40,14.36,-0.03,6,8625,卖盘
1104,10:49:43,14.39,0.03,16,23024,买盘
1105,10:49:51,14.39,0.0,3,4317,卖盘
1106,10:49:55,14.39,0.0,23,33097,卖盘
1107,10:50:00,14.36,-0.03,16,23015,卖盘
1108,10:50:10,14.39,0.03,10,14389,买盘
1109,10:50:13,14.37,-0.02,3,4311,卖盘
1110,10:50:25,14.37,0.0,5,7185,卖盘
1111,10:50:27,14.39,0.02,2,2878,买盘
1112,10:50:33,14.38,-0.01,3,4314,卖盘
1113,10:50:36,14.39,0.01,13,18707,买盘
1114,10:50:40,14.4,0.01,3,4320,买盘
1115,10:50:46,14.39,-0.01,3,4317,卖盘
1116,10:50:49,14.4,0.01,14,20160,买盘
1117,10:50:52,14.39,-0.01,7,10078,卖盘
1118,10:50:58,14.39,0.0,3,4317,卖盘
1119,10:51:01,14.39,0.0,22,31672,卖盘
1120,10:51:04,14.39,0.0,1,1439,卖盘
1121,10:51:06,14.39,0.0,3,4317,卖盘
1122,10:51:10,14.4,0.01,5,7200,买盘
1123,10:51:16,14.39,-0.01,24,34536,卖盘
1124,10:51:19,14.39,0.0,4,5756,买盘
1125,10:51:21,14.39,0.0,3,4317,卖盘
1126,10:51:24,14.39,0.0,2,2878,卖盘
1127,10:51:31,14.39,0.0,2,2878,卖盘
1128,10:51:37,14.4,0.01,41,59040,买盘
1129,10:51:40,14.4,0.0,8,11523,卖盘
1130,10:51:49,14.41,0.01,10,14410,买盘
1131,10:51:51,14.4,-0.01,4,5761,卖盘
1132,10:51:54,14.41,0.01,5,7203,买盘
1133,10:52:01,14.41,0.0,13,18733,买盘
1134,10:52:04,14.4,-0.01,4,5760,卖盘
1135,10:52:13,14.4,0.0,2,2880,卖盘
1136,10:52:25,14.41,0.01,24,34579,买盘
1137,10:52:36,14.41,0.0,3,4323,卖盘
1138,10:52:39,14.4,-0.01,34,48986,卖盘
1139,10:52:46,14.4,0.0,4,5760,卖盘
1140,10:52:49,14.42,0.02,2,2884,买盘
1141,10:52:55,14.4,-0.02,2,2880,卖盘
1142,10:52:58,14.4,0.0,6,8640,卖盘
1143,10:53:01,14.43,0.03,14,20199,买盘
1144,10:53:10,14.4,-0.03,3,4320,卖盘
1145,10:53:19,14.4,0.0,3,4320,卖盘
1146,10:53:22,14.45,0.05,34,49126,买盘
1147,10:53:25,14.45,0.0,22,31790,卖盘
1148,10:53:30,14.4,-0.05,6,8640,卖盘
1149,10:53:37,14.4,0.0,4,5760,卖盘
1150,10:53:39,14.45,0.05,3,4335,买盘
1151,10:53:43,14.47,0.02,10,14419,买盘
1152,10:53:52,14.42,-0.05,4,5773,卖盘
1153,10:53:55,14.42,0.0,2,2884,卖盘
1154,10:54:01,14.47,0.05,14,20252,买盘
1155,10:54:04,14.42,-0.05,2,2884,卖盘
1156,10:54:16,14.47,0.05,12,17349,买盘
1157,10:54:22,14.47,0.0,50,72350,买盘
1158,10:54:25,14.42,-0.05,5,7210,卖盘
1159,10:54:37,14.41,-0.01,3,4323,卖盘
1160,10:54:39,14.4,-0.01,48,69162,卖盘
1161,10:54:46,14.46,0.06,9,13010,买盘
1162,10:54:49,14.43,-0.03,3,4329,卖盘
1163,10:54:51,14.46,0.03,1,1446,买盘
1164,10:54:54,14.43,-0.03,2,2886,卖盘
1165,10:54:57,14.43,0.0,3,4329,卖盘
1166,10:55:01,14.46,0.03,20,28920,买盘
1167,10:55:09,14.43,-0.03,3,4329,卖盘
1168,10:55:22,14.44,0.01,4,5778,卖盘
1169,10:55:25,14.48,0.04,16,23146,买盘
1170,10:55:27,14.48,0.0,7,10136,卖盘
1171,10:55:33,14.48,0.0,3,4344,卖盘
1172,10:55:36,14.5,0.02,27,39140,买盘
1173,10:55:39,14.48,-0.02,7,10142,卖盘
1174,10:55:42,14.44,-0.04,3,4332,卖盘
1175,10:55:45,14.48,0.04,2,2896,买盘
1176,10:55:49,14.48,0.0,23,33304,买盘
1177,10:55:54,14.5,0.02,41,59390,买盘
1178,10:55:57,14.44,-0.06,2,2888,卖盘
1179,10:56:01,14.5,0.06,14,20300,买盘
1180,10:56:07,14.44,-0.06,3,4332,卖盘
1181,10:56:09,14.44,0.0,6,8664,卖盘
1182,10:56:15,14.44,0.0,6,8679,卖盘
1183,10:56:25,14.44,0.0,2,2888,卖盘
1184,10:56:28,14.51,0.07,27,39175,买盘
1185,10:56:31,14.51,0.0,25,36275,卖盘
1186,10:56:36,14.44,-0.07,103,149749,卖盘
1187,10:56:39,14.52,0.08,6,8688,中性盘
1188,10:56:43,14.43,-0.09,44,63530,卖盘
1189,10:56:49,14.44,0.01,6,8664,买盘
1190,10:56:55,14.44,0.0,4,5790,卖盘
1191,10:57:01,14.51,0.07,6,8685,买盘
1192,10:57:13,14.45,-0.06,3,4335,卖盘
1193,10:57:22,14.45,0.0,3,4341,卖盘
1194,10:57:25,14.45,0.0,2,2890,卖盘
1195,10:57:27,14.52,0.07,50,72553,买盘
1196,10:57:33,14.45,-0.07,6,8670,卖盘
1197,10:57:40,14.52,0.07,3,4356,买盘
1198,10:57:45,14.45,-0.07,3,4335,卖盘
1199,10:57:52,14.5,0.05,1,1450,卖盘
1200,10:57:55,14.45,-0.05,4,5785,卖盘
1201,10:58:00,14.5,0.05,2,2900,买盘
1202,10:58:06,14.44,-0.06,103,148758,卖盘
1203,10:58:19,14.46,0.02,4,5784,卖盘
1204,10:58:22,14.46,0.0,60,86760,卖盘
1205,10:58:25,14.46,0.0,2,2892,卖盘
1206,10:58:28,14.46,0.0,2,2892,卖盘
1207,10:58:31,14.5,0.04,50,72482,买盘
1208,10:58:34,14.46,-0.04,7,10122,卖盘
1209,10:58:39,14.44,-0.02,7,10112,卖盘
1210,10:58:52,14.44,0.0,3,4332,卖盘
1211,10:58:55,14.44,0.0,2,2888,卖盘
1212,10:59:01,14.44,0.0,3,4332,卖盘
1213,10:59:04,14.44,0.0,5,7220,卖盘
1214,10:59:13,14.44,0.0,6,8664,卖盘
1215,10:59:25,14.44,0.0,5,7220,卖盘
1216,10:59:34,14.44,0.0,54,78027,卖盘
1217,10:59:39,14.44,0.0,17,24551,卖盘
1218,10:59:46,14.44,0.0,3,4332,卖盘
1219,10:59:54,14.44,0.0,8,11552,卖盘
1220,10:59:58,14.43,-0.01,3,4329,卖盘
1221,11:00:07,14.43,0.0,3,4329,卖盘
1222,11:00:10,14.43,0.0,3,4329,卖盘
1223,11:00:16,14.43,0.0,4,5772,卖盘
1224,11:00:19,14.41,-0.02,2,2882,卖盘
1225,11:00:25,14.41,0.0,2,2882,卖盘
1226,11:00:31,14.41,0.0,4,5764,卖盘
1227,11:00:33,14.45,0.04,74,106850,买盘
1228,11:00:40,14.45,0.0,6,8673,卖盘
1229,11:00:46,14.41,-0.04,22,31742,卖盘
1230,11:00:49,14.41,0.0,11,15851,买盘
1231,11:00:52,14.44,0.03,3,4332,卖盘
1232,11:00:55,14.48,0.04,11,15928,买盘
1233,11:01:01,14.5,0.02,1,1450,买盘
1234,11:01:04,14.45,-0.05,3,4335,卖盘
1235,11:01:09,14.5,0.05,100,145000,买盘
1236,11:01:16,14.45,-0.05,7,10115,卖盘
1237,11:01:25,14.45,0.0,3,4335,卖盘
1238,11:01:28,14.45,0.0,2,2890,卖盘
1239,11:01:37,14.52,0.07,60,87185,买盘
1240,11:01:40,14.52,0.0,44,63891,卖盘
1241,11:01:43,14.52,0.0,2,2904,卖盘
1242,11:01:48,14.44,-0.08,5,7220,卖盘
1243,11:01:55,14.44,0.0,2,2888,卖盘
1244,11:01:57,14.42,-0.02,5,7218,卖盘
1245,11:02:09,14.43,0.01,3,4329,卖盘
1246,11:02:15,14.45,0.02,5,7225,卖盘
1247,11:02:22,14.43,-0.02,3,4333,卖盘
1248,11:02:28,14.43,0.0,2,2886,卖盘
1249,11:02:31,14.43,0.0,3,4329,卖盘
1250,11:02:40,14.51,0.08,16,23193,买盘
1251,11:02:43,14.52,0.01,41,59487,买盘
1252,11:02:48,14.45,-0.07,3,4913,卖盘
1253,11:02:55,14.45,0.0,5,7225,卖盘
1254,11:03:03,14.46,0.01,2,2892,卖盘
1255,11:03:15,14.46,0.0,3,4338,卖盘
1256,11:03:28,14.46,0.0,6,8676,卖盘
1257,11:03:37,14.46,0.0,3,4338,卖盘
1258,11:03:39,14.52,0.06,44,63840,买盘
1259,11:03:42,14.52,0.0,6,8712,卖盘
1260,11:03:46,14.53,0.01,3,4359,买盘
1261,11:03:48,14.52,-0.01,2,2904,卖盘
1262,11:03:55,14.55,0.03,64,93107,买盘
1263,11:03:58,14.54,-0.01,6,8728,卖盘
1264,11:04:01,14.55,0.01,6,8727,买盘
1265,11:04:07,14.54,-0.01,1,1454,卖盘
1266,11:04:09,14.54,0.0,3,4362,卖盘
1267,11:04:13,14.54,0.0,3,4362,卖盘
1268,11:04:19,14.54,0.0,7,10178,买盘
1269,11:04:22,14.52,-0.02,4,5808,卖盘
1270,11:04:27,14.52,0.0,2,2904,卖盘
1271,11:04:31,14.52,0.0,1,1452,卖盘
1272,11:04:34,14.54,0.02,44,63945,买盘
1273,11:04:40,14.55,0.01,16,23280,买盘
1274,11:04:43,14.57,0.02,20,29126,买盘
1275,11:04:49,14.57,0.0,19,27683,卖盘
1276,11:04:52,14.6,0.03,110,160457,买盘
1277,11:04:55,14.6,0.0,24,35033,买盘
1278,11:04:58,14.57,-0.03,2,2914,卖盘
1279,11:05:01,14.6,0.03,3,4380,买盘
1280,11:05:07,14.6,0.0,8,11671,买盘
1281,11:05:10,14.64,0.04,100,146235,买盘
1282,11:05:16,14.6,-0.04,6,8772,中性盘
1283,11:05:28,14.59,-0.01,9,13139,卖盘
1284,11:05:31,14.66,0.07,100,146421,买盘
1285,11:05:37,14.61,-0.05,3,4383,买盘
1286,11:05:40,14.61,0.0,13,18981,买盘
1287,11:05:46,14.65,0.04,23,33685,买盘
1288,11:05:49,14.65,0.0,5,7325,卖盘
1289,11:05:52,14.65,0.0,45,65846,卖盘
1290,11:05:54,14.66,0.01,20,29320,买盘
1291,11:05:58,14.6,-0.06,2,2920,卖盘
1292,11:06:00,14.6,0.0,3,4380,卖盘
1293,11:06:09,14.63,0.03,40,58520,买盘
1294,11:06:12,14.6,-0.03,2,2920,卖盘
1295,11:06:21,14.6,0.0,3,4380,卖盘
1296,11:06:25,14.63,0.03,1,1463,买盘
1297,11:06:28,14.6,-0.03,2,2920,卖盘
1298,11:06:31,14.64,0.04,22,32208,买盘
1299,11:06:34,14.58,-0.06,23,33573,卖盘
1300,11:06:37,14.59,0.01,57,83075,买盘
1301,11:06:43,14.63,0.04,9,13167,买盘
1302,11:06:46,14.65,0.02,52,76127,买盘
1303,11:06:49,14.64,-0.01,1,1464,买盘
1304,11:06:51,14.63,-0.01,4,5855,卖盘
1305,11:06:55,14.6,-0.03,6,8769,卖盘
1306,11:06:58,14.6,0.0,2,2920,卖盘
1307,11:07:01,14.63,0.03,3,4389,买盘
1308,11:07:07,14.6,-0.03,3,4380,卖盘
1309,11:07:18,14.6,0.0,2,2920,卖盘
1310,11:07:27,14.6,0.0,6,8760,卖盘
1311,11:07:39,14.56,-0.04,6,8754,卖盘
1312,11:07:49,14.62,0.06,34,49670,买盘
1313,11:07:51,14.62,0.0,19,27778,卖盘
1314,11:07:57,14.56,-0.06,6,8736,卖盘
1315,11:08:01,14.54,-0.02,3,4366,卖盘
1316,11:08:04,14.54,0.0,4,5816,卖盘
1317,11:08:13,14.55,0.01,3,4365,卖盘
1318,11:08:24,14.56,0.01,2,2912,卖盘
1319,11:08:27,14.56,0.0,2,2912,卖盘
1320,11:08:36,14.55,-0.01,3,4367,卖盘
1321,11:08:39,14.61,0.06,3,4383,中性盘
1322,11:08:46,14.54,-0.07,3,4363,卖盘
1323,11:08:51,14.62,0.08,50,73079,买盘
1324,11:08:57,14.56,-0.06,3,4368,卖盘
1325,11:09:00,14.61,0.05,7,10217,买盘
1326,11:09:09,14.57,-0.04,2,2914,卖盘
1327,11:09:18,14.57,0.0,4,5828,卖盘
1328,11:09:28,14.57,0.0,2,2914,卖盘
1329,11:09:31,14.57,0.0,3,4371,卖盘
1330,11:09:37,14.6,0.03,2,2920,买盘
1331,11:09:39,14.6,0.0,3,4380,买盘
1332,11:09:43,14.57,-0.03,3,4371,卖盘
1333,11:09:48,14.59,0.02,3,4377,买盘
1334,11:09:51,14.6,0.01,53,77358,买盘
1335,11:09:55,14.59,-0.01,12,17516,中性盘
1336,11:09:58,14.59,0.0,2,2918,卖盘
1337,11:10:00,14.6,0.01,10,14600,买盘
1338,11:10:04,14.6,0.0,37,54052,买盘
1339,11:10:07,14.61,0.01,6,8766,买盘
1340,11:10:09,14.61,0.0,2,2922,买盘
1341,11:10:13,14.6,-0.01,10,14600,卖盘
1342,11:10:16,14.6,0.0,3,4380,卖盘
1343,11:10:19,14.6,0.0,2,2920,卖盘
1344,11:10:24,14.59,-0.01,14,20450,卖盘
1345,11:10:31,14.59,0.0,1,1459,卖盘
1346,11:10:36,14.59,0.0,14,20448,卖盘
1347,11:10:40,14.6,0.01,3,4380,买盘
1348,11:10:49,14.59,-0.01,3,4377,卖盘
1349,11:10:55,14.63,0.04,50,73115,买盘
1350,11:10:58,14.59,-0.04,4,5836,卖盘
1351,11:11:09,14.61,0.02,4,5847,卖盘
1352,11:11:13,14.64,0.03,16,23411,买盘
1353,11:11:22,14.62,-0.02,3,4386,卖盘
1354,11:11:28,14.62,0.0,2,2924,卖盘
1355,11:11:31,14.61,-0.01,3,4383,卖盘
1356,11:11:39,14.63,0.02,3,4389,买盘
1357,11:11:42,14.62,-0.01,3,4386,卖盘
1358,11:11:49,14.63,0.01,41,59943,买盘
1359,11:11:55,14.59,-0.04,4,5836,卖盘
1360,11:11:58,14.59,0.0,2,2918,卖盘
1361,11:12:04,14.6,0.01,2,2920,中性盘
1362,11:12:07,14.6,0.0,6,8760,卖盘
1363,11:12:16,14.6,0.0,3,4380,卖盘
1364,11:12:27,14.6,0.0,3,4380,卖盘
1365,11:12:30,14.6,0.0,2,2920,卖盘
1366,11:12:37,14.6,0.0,3,4380,卖盘
1367,11:12:40,14.62,0.02,3,4386,买盘
1368,11:12:49,14.62,0.0,17,24848,买盘
1369,11:12:51,14.62,0.0,2,2924,买盘
1370,11:12:55,14.64,0.02,30,43887,买盘
1371,11:13:01,14.6,-0.04,5,7300,卖盘
1372,11:13:10,14.61,0.01,3,4383,卖盘
1373,11:13:13,14.61,0.0,4,5844,卖盘
1374,11:13:22,14.61,0.0,6,8766,卖盘
1375,11:13:28,14.61,0.0,28,40948,卖盘
1376,11:13:33,14.6,-0.01,2,2920,卖盘
1377,11:13:40,14.61,0.01,3,4383,买盘
1378,11:13:43,14.6,-0.01,3,4380,卖盘
1379,11:13:51,14.61,0.01,4,5844,买盘
1380,11:13:55,14.6,-0.01,3,4380,卖盘
1381,11:13:57,14.6,0.0,2,2920,卖盘
1382,11:14:01,14.65,0.05,105,153571,买盘
1383,11:14:06,14.6,-0.05,3,4380,卖盘
1384,11:14:09,14.65,0.05,3,4395,买盘
1385,11:14:16,14.6,-0.05,3,4380,卖盘
1386,11:14:28,14.6,0.0,5,7303,卖盘
1387,11:14:37,14.68,0.08,100,146612,买盘
1388,11:14:40,14.6,-0.08,5,7312,卖盘
1389,11:14:43,14.6,0.0,3,4380,卖盘
1390,11:14:52,14.6,0.0,3,4380,卖盘
1391,11:14:58,14.6,0.0,2,2920,卖盘
1392,11:15:01,14.6,0.0,5,7308,卖盘
1393,11:15:06,14.64,0.04,40,58540,买盘
1394,11:15:09,14.64,0.0,11,16104,买盘
1395,11:15:13,14.64,0.0,3,4392,卖盘
1396,11:15:19,14.65,0.01,6,8790,买盘
1397,11:15:25,14.64,-0.01,2,2928,卖盘
1398,11:15:27,14.65,0.01,1,1465,买盘
1399,11:15:30,14.64,-0.01,2,2928,卖盘
1400,11:15:33,14.64,0.0,3,4392,卖盘
1401,11:15:40,14.68,0.04,3,4402,买盘
1402,11:15:46,14.65,-0.03,3,4395,卖盘
1403,11:15:52,14.67,0.02,5,7332,买盘
1404,11:15:57,14.66,-0.01,5,7330,卖盘
1405,11:16:01,14.66,0.0,2,2932,卖盘
1406,11:16:04,14.67,0.01,11,16136,买盘
1407,11:16:06,14.66,-0.01,3,4398,卖盘
1408,11:16:10,14.67,0.01,41,60147,买盘
1409,11:16:13,14.68,0.01,22,32296,买盘
1410,11:16:19,14.68,0.0,3,4404,卖盘
1411,11:16:21,14.69,0.01,18,26442,买盘
1412,11:16:24,14.69,0.0,25,36705,买盘
1413,11:16:30,14.68,-0.01,4,5872,卖盘
1414,11:16:34,14.69,0.01,11,16159,买盘
1415,11:16:39,14.68,-0.01,11,16156,卖盘
1416,11:16:43,14.68,0.0,10,14680,卖盘
1417,11:16:46,14.69,0.01,2,2938,买盘
1418,11:16:52,14.68,-0.01,8,11744,卖盘
1419,11:16:55,14.69,0.01,6,8814,买盘
1420,11:16:58,14.68,-0.01,8,11747,卖盘
1421,11:17:00,14.69,0.01,10,14685,买盘
1422,11:17:04,14.68,-0.01,3,4404,卖盘
1423,11:17:06,14.68,0.0,1,1468,卖盘
1424,11:17:09,14.68,0.0,4,5872,卖盘
1425,11:17:13,14.68,0.0,156,229214,卖盘
1426,11:17:19,14.69,0.01,10,14690,中性盘
1427,11:17:22,14.68,-0.01,21,30828,卖盘
1428,11:17:25,14.67,-0.01,33,48466,卖盘
1429,11:17:30,14.67,0.0,2,2934,卖盘
1430,11:17:34,14.67,0.0,2,2934,卖盘
1431,11:17:36,14.68,0.01,9,13209,买盘
1432,11:17:39,14.69,0.01,3,4407,买盘
1433,11:17:45,14.67,-0.02,78,114532,卖盘
1434,11:17:58,14.67,0.0,75,110164,卖盘
1435,11:18:00,14.67,0.0,2,2934,卖盘
1436,11:18:07,14.67,0.0,20,29340,卖盘
1437,11:18:10,14.67,0.0,3,4401,卖盘
1438,11:18:13,14.67,0.0,1,1467,卖盘
1439,11:18:18,14.67,0.0,3,4401,卖盘
1440,11:18:30,14.67,0.0,8,11736,卖盘
1441,11:18:36,14.67,0.0,2,2934,卖盘
1442,11:18:39,14.68,0.01,6,8805,买盘
1443,11:18:42,14.7,0.02,230,337891,买盘
1444,11:18:51,14.7,0.0,4,5880,卖盘
1445,11:18:54,14.7,0.0,25,36750,卖盘
1446,11:18:57,14.7,0.0,12,17650,卖盘
1447,11:19:00,14.7,0.0,15,22050,卖盘
1448,11:19:04,14.7,0.0,3,4410,卖盘
1449,11:19:06,14.7,0.0,50,73500,卖盘
1450,11:19:09,14.7,0.0,10,14700,卖盘
1451,11:19:13,14.71,0.01,6,8826,买盘
1452,11:19:15,14.7,-0.01,3,4410,卖盘
1453,11:19:18,14.71,0.01,5,7355,买盘
1454,11:19:24,14.7,-0.01,3,4410,卖盘
1455,11:19:27,14.7,0.0,14,20580,卖盘
1456,11:19:30,14.7,0.0,2,2940,卖盘
1457,11:19:33,14.7,0.0,52,76440,卖盘
1458,11:19:36,14.7,0.0,21,30870,卖盘
1459,11:19:40,14.71,0.01,5,7353,买盘
1460,11:19:45,14.7,-0.01,47,69090,卖盘
1461,11:19:48,14.68,-0.02,3,4404,卖盘
1462,11:19:51,14.7,0.02,4,5880,买盘
1463,11:19:57,14.67,-0.03,4,5871,卖盘
1464,11:20:07,14.67,0.0,4,5868,买盘
1465,11:20:09,14.66,-0.01,3,4398,卖盘
1466,11:20:13,14.67,0.01,10,14670,买盘
1467,11:20:19,14.69,0.02,4,5874,买盘
1468,11:20:22,14.69,0.0,6,8808,买盘
1469,11:20:28,14.67,-0.02,2,2934,卖盘
1470,11:20:31,14.69,0.02,9,13221,买盘
1471,11:20:34,14.67,-0.02,24,35248,卖盘
1472,11:20:40,14.67,0.0,38,55807,卖盘
1473,11:20:43,14.67,0.0,3,4401,卖盘
1474,11:20:54,14.67,0.0,3,4401,卖盘
1475,11:20:57,14.69,0.02,21,31437,买盘
1476,11:21:00,14.67,-0.02,15,21431,卖盘
1477,11:21:07,14.66,-0.01,3,4398,卖盘
1478,11:21:15,14.65,-0.01,3,4396,卖盘
1479,11:21:19,14.65,0.0,5,7325,卖盘
1480,11:21:27,14.65,0.0,5,7322,买盘
1481,11:21:30,14.65,0.0,15,21973,买盘
1482,11:21:34,14.65,0.0,9,13185,卖盘
1483,11:21:37,14.65,0.0,3,4395,卖盘
1484,11:21:40,14.66,0.01,8,11724,买盘
1485,11:21:42,14.66,0.0,43,63000,买盘
1486,11:21:48,14.65,-0.01,4,5861,卖盘
1487,11:21:51,14.66,0.01,16,23456,买盘
1488,11:22:01,14.64,-0.02,5,7322,卖盘
1489,11:22:13,14.65,0.01,3,4395,卖盘
1490,11:22:16,14.65,0.0,7,10255,卖盘
1491,11:22:22,14.64,-0.01,3,4392,卖盘
1492,11:22:28,14.64,0.0,11,16104,卖盘
1493,11:22:33,14.61,-0.03,4,5844,卖盘
1494,11:22:39,14.64,0.03,3,4392,买盘
1495,11:22:45,14.61,-0.03,3,4383,卖盘
1496,11:22:55,14.61,0.0,8,11688,卖盘
1497,11:23:01,14.61,0.0,1,1461,卖盘
1498,11:23:04,14.64,0.03,40,58510,买盘
1499,11:23:06,14.61,-0.03,8,11688,卖盘
1500,11:23:18,14.61,0.0,3,4383,卖盘
1501,11:23:28,14.64,0.03,27,39518,买盘
1502,11:23:31,14.64,0.0,2,2928,卖盘
1503,11:23:40,14.65,0.01,6,8788,买盘
1504,11:23:51,14.64,-0.01,3,4392,卖盘
1505,11:24:01,14.64,0.0,5,7320,卖盘
1506,11:24:12,14.64,0.0,3,4392,卖盘
1507,11:24:25,14.64,0.0,3,4392,卖盘
1508,11:24:31,14.64,0.0,2,2928,卖盘
1509,11:24:34,14.64,0.0,3,4392,卖盘
1510,11:24:36,14.65,0.01,1,1465,买盘
1511,11:24:40,14.65,0.0,3,4395,买盘
1512,11:24:46,14.64,-0.01,3,4392,卖盘
1513,11:24:58,14.64,0.0,2,2928,卖盘
1514,11:25:01,14.64,0.0,2,2928,卖盘
1515,11:25:07,14.64,0.0,23,33672,卖盘
1516,11:25:18,14.63,-0.01,3,4389,卖盘
1517,11:25:31,14.63,0.0,5,7315,卖盘
1518,11:25:37,14.65,0.02,2,2930,买盘
1519,11:25:40,14.62,-0.03,6,8783,卖盘
1520,11:25:52,14.62,0.0,3,4386,卖盘
1521,11:26:01,14.61,-0.01,9,13151,卖盘
1522,11:26:04,14.65,0.04,41,60053,买盘
1523,11:26:06,14.65,0.0,9,13185,买盘
1524,11:26:13,14.62,-0.03,3,4386,卖盘
1525,11:26:24,14.62,0.0,3,4386,卖盘
1526,11:26:31,14.62,0.0,2,2924,卖盘
1527,11:26:33,14.65,0.03,10,14650,买盘
1528,11:26:37,14.62,-0.03,3,4386,卖盘
1529,11:26:39,14.65,0.03,3,4395,买盘
1530,11:26:48,14.62,-0.03,3,4386,卖盘
1531,11:26:55,14.62,0.0,12,17544,卖盘
1532,11:26:57,14.62,0.0,3,4386,卖盘
1533,11:27:00,14.67,0.05,51,74746,买盘
1534,11:27:09,14.62,-0.05,3,4386,卖盘
1535,11:27:22,14.62,0.0,4,5848,卖盘
1536,11:27:31,14.65,0.03,2,2930,卖盘
1537,11:27:34,14.65,0.0,2,2930,卖盘
1538,11:27:37,14.67,0.02,7,10269,买盘
1539,11:27:40,14.67,0.0,3,4401,买盘
1540,11:27:42,14.65,-0.02,3,4395,卖盘
1541,11:27:45,14.65,0.0,10,14650,卖盘
1542,11:27:55,14.65,0.0,3,4395,卖盘
1543,11:27:57,14.67,0.02,29,43130,买盘
1544,11:28:04,14.65,-0.02,52,76328,买盘
1545,11:28:09,14.62,-0.03,3,4391,卖盘
1546,11:28:16,14.62,0.0,2,2924,卖盘
1547,11:28:18,14.66,0.04,5,7330,中性盘
1548,11:28:27,14.66,0.0,52,76223,买盘
1549,11:28:37,14.66,0.0,3,4398,卖盘
1550,11:28:39,14.68,0.02,3,4404,买盘
1551,11:28:49,14.66,-0.02,3,4398,卖盘
1552,11:28:55,14.66,0.0,4,5864,卖盘
1553,11:28:58,14.66,0.0,4,5864,卖盘
1554,11:29:00,14.68,0.02,52,76330,买盘
1555,11:29:06,14.66,-0.02,14,20524,卖盘
1556,11:29:09,14.66,0.0,2,2932,卖盘
1557,11:29:16,14.66,0.0,14,20524,卖盘
1558,11:29:21,14.66,0.0,3,4398,卖盘
1559,11:29:30,14.67,0.01,18,26406,买盘
1560,11:29:33,14.63,-0.04,6,8793,卖盘
1561,11:29:39,14.67,0.04,3,4401,买盘
1562,11:29:42,14.63,-0.04,3,4389,卖盘
1563,11:29:48,14.7,0.07,135,198394,买盘
1564,11:29:51,14.7,0.0,9,13230,卖盘
1565,11:29:55,14.7,0.0,3,4410,卖盘
1566,11:30:01,14.71,0.01,48,70608,买盘
1567,13:00:01,14.7,-0.01,3,4410,卖盘
1568,13:00:05,14.7,0.0,220,323494,买盘
1569,13:00:07,14.71,0.01,58,85312,买盘
1570,13:00:13,14.71,0.0,43,63253,买盘
1571,13:00:15,14.71,0.0,15,22076,中性盘
1572,13:00:19,14.73,0.02,10,14729,买盘
1573,13:00:27,14.71,-0.02,3,4413,卖盘
1574,13:00:39,14.73,0.02,5,7359,买盘
1575,13:00:42,14.73,0.0,7,10311,买盘
1576,13:00:45,14.71,-0.02,4,5884,卖盘
1577,13:00:48,14.71,0.0,3,4413,卖盘
1578,13:00:57,14.73,0.02,8,11784,买盘
1579,13:01:00,14.71,-0.02,5,7355,卖盘
1580,13:01:09,14.73,0.02,8,10987,买盘
1581,13:01:13,14.71,-0.02,18,27281,卖盘
1582,13:01:15,14.71,0.0,49,72079,买盘
1583,13:01:21,14.69,-0.02,3,4408,卖盘
1584,13:01:30,14.7,0.01,1,1470,卖盘
1585,13:01:33,14.71,0.01,18,26471,买盘
1586,13:01:39,14.71,0.0,3,4413,买盘
1587,13:01:45,14.69,-0.02,5,7345,卖盘
1588,13:01:54,14.69,0.0,3,4407,卖盘
1589,13:02:01,14.69,0.0,22,32318,卖盘
1590,13:02:07,14.69,0.0,3,4407,卖盘
1591,13:02:15,14.72,0.03,48,70617,买盘
1592,13:02:18,14.69,-0.03,3,4407,卖盘
1593,13:02:27,14.69,0.0,3,4407,卖盘
1594,13:02:39,14.72,0.03,6,8826,买盘
1595,13:02:52,14.72,0.0,8,11768,买盘
1596,13:03:01,14.69,-0.03,3,4407,卖盘
1597,13:03:04,14.69,0.0,3,4407,卖盘
1598,13:03:09,14.7,0.01,5,7350,买盘
1599,13:03:12,14.69,-0.01,3,4407,卖盘
1600,13:03:16,14.72,0.03,50,72759,买盘
1601,13:03:18,14.72,0.0,2,3739,卖盘
1602,13:03:25,14.69,-0.03,3,4407,卖盘
1603,13:03:36,14.69,0.0,4,5876,卖盘
1604,13:03:39,14.72,0.03,3,4416,买盘
1605,13:03:42,14.69,-0.03,20,29380,卖盘
1606,13:03:45,14.69,0.0,3,4407,卖盘
1607,13:03:48,14.69,0.0,8,11752,卖盘
1608,13:03:57,14.66,-0.03,3,4400,卖盘
1609,13:04:09,14.66,0.0,3,4398,卖盘
1610,13:04:15,14.69,0.03,52,76379,买盘
1611,13:04:19,14.66,-0.03,4,5865,卖盘
1612,13:04:28,14.69,0.03,4,5876,买盘
1613,13:04:31,14.66,-0.03,2,2933,卖盘
1614,13:04:39,14.69,0.03,3,4407,买盘
1615,13:04:42,14.66,-0.03,3,4399,卖盘
1616,13:04:52,14.66,0.0,3,4398,卖盘
1617,13:04:57,14.69,0.03,4,5876,买盘
1618,13:05:05,14.67,-0.02,13,19071,卖盘
1619,13:05:15,14.7,0.03,59,86709,买盘
1620,13:05:24,14.67,-0.03,3,4403,卖盘
1621,13:05:36,14.66,-0.01,3,4400,卖盘
1622,13:05:39,14.68,0.02,3,4404,中性盘
1623,13:05:45,14.66,-0.02,5,7330,卖盘
1624,13:05:48,14.66,0.0,3,4398,卖盘
1625,13:05:57,14.66,0.0,3,4398,卖盘
1626,13:06:09,14.66,0.0,3,4398,卖盘
1627,13:06:16,14.7,0.04,51,74889,买盘
1628,13:06:21,14.66,-0.04,3,4398,卖盘
1629,13:06:30,14.66,0.0,3,4398,卖盘
1630,13:06:36,14.66,0.0,1,1466,卖盘
1631,13:06:39,14.7,0.04,3,4410,买盘
1632,13:06:42,14.66,-0.04,3,4398,卖盘
1633,13:06:54,14.66,0.0,3,4398,卖盘
1634,13:07:03,14.66,0.0,2,2932,卖盘
1635,13:07:15,14.66,0.0,52,76417,卖盘
1636,13:07:27,14.66,0.0,3,4398,卖盘
1637,13:07:36,14.66,0.0,3,4398,卖盘
1638,13:07:39,14.68,0.02,3,4404,中性盘
1639,13:07:42,14.68,0.0,5,7340,买盘
1640,13:07:48,14.66,-0.02,3,4398,卖盘
1641,13:08:01,14.67,0.01,3,4401,卖盘
1642,13:08:10,14.67,0.0,3,4401,卖盘
1643,13:08:16,14.69,0.02,48,70482,买盘
1644,13:08:19,14.69,0.0,11,16159,买盘
1645,13:08:21,14.69,0.0,3,4407,中性盘
1646,13:08:24,14.7,0.01,19,27930,买盘
1647,13:08:27,14.69,-0.01,29,42619,卖盘
1648,13:08:33,14.69,0.0,3,4409,卖盘
1649,13:08:39,14.71,0.02,3,4413,买盘
1650,13:08:42,14.67,-0.04,2,2934,卖盘
1651,13:08:51,14.7,0.03,3,4410,买盘
1652,13:08:55,14.67,-0.03,3,4401,卖盘
1653,13:09:06,14.67,0.0,3,4401,卖盘
1654,13:09:15,14.72,0.05,50,73573,买盘
1655,13:09:18,14.67,-0.05,3,4401,卖盘
1656,13:09:27,14.67,0.0,2,2934,卖盘
1657,13:09:36,14.67,0.0,1,1467,卖盘
1658,13:09:39,14.67,0.0,9,13212,卖盘
1659,13:09:51,14.67,0.0,3,4401,卖盘
1660,13:09:57,14.7,0.03,64,94080,买盘
1661,13:10:00,14.68,-0.02,7,10276,卖盘
1662,13:10:12,14.68,0.0,13,19103,卖盘
1663,13:10:15,14.71,0.03,49,72046,买盘
1664,13:10:25,14.68,-0.03,3,4404,卖盘
1665,13:10:33,14.67,-0.01,3,4402,卖盘
1666,13:10:36,14.69,0.02,3,4407,卖盘
1667,13:10:39,14.71,0.02,3,4413,买盘
1668,13:10:45,14.67,-0.04,4,5868,卖盘
1669,13:10:48,14.67,0.0,19,27873,买盘
1670,13:10:52,14.71,0.04,3,4413,买盘
1671,13:10:54,14.71,0.0,28,41187,买盘
1672,13:10:57,14.71,0.0,12,17643,买盘
1673,13:11:07,14.67,-0.04,25,36697,卖盘
1674,13:11:09,14.68,0.01,8,11744,买盘
1675,13:11:15,14.71,0.03,48,70608,买盘
1676,13:11:18,14.69,-0.02,3,4407,中性盘
1677,13:11:24,14.71,0.02,1,1471,买盘
1678,13:11:27,14.71,0.0,9,13239,买盘
1679,13:11:30,14.69,-0.02,2,2938,卖盘
1680,13:11:33,14.72,0.03,3,4414,买盘
1681,13:11:36,14.71,-0.01,5,7355,买盘
1682,13:11:39,14.7,-0.01,6,8826,中性盘
1683,13:11:48,14.71,0.01,127,186844,卖盘
1684,13:11:51,14.73,0.02,5,7357,卖盘
1685,13:12:04,14.7,-0.03,3,4410,卖盘
1686,13:12:13,14.7,0.0,2,2940,卖盘
1687,13:12:16,14.7,0.0,73,107457,卖盘
1688,13:12:22,14.7,0.0,76,111720,买盘
1689,13:12:24,14.71,0.01,3,4413,卖盘
1690,13:12:27,14.71,0.0,5,7355,卖盘
1691,13:12:34,14.69,-0.02,7,10283,卖盘
1692,13:12:37,14.68,-0.01,3,4404,卖盘
1693,13:12:40,14.69,0.01,11,16159,买盘
1694,13:12:43,14.69,0.0,15,22035,买盘
1695,13:12:46,14.69,0.0,13,19107,中性盘
1696,13:12:48,14.69,0.0,125,183725,卖盘
1697,13:12:55,14.69,0.0,7,10283,买盘
1698,13:12:57,14.68,-0.01,6,8811,卖盘
1699,13:13:10,14.68,0.0,3,4404,卖盘
1700,13:13:13,14.69,0.01,30,44047,买盘
1701,13:13:16,14.69,0.0,97,142601,卖盘
1702,13:13:19,14.68,-0.01,3,4404,卖盘
1703,13:13:25,14.69,0.01,12,17628,买盘
1704,13:13:31,14.69,0.0,3,4407,卖盘
1705,13:13:40,14.7,0.01,3,4410,买盘
1706,13:13:42,14.7,0.0,8,11755,买盘
1707,13:13:51,14.68,-0.02,2,2936,卖盘
1708,13:14:04,14.68,0.0,3,4404,卖盘
1709,13:14:07,14.68,0.0,16,23488,卖盘
1710,13:14:10,14.68,0.0,5,7340,买盘
1711,13:14:13,14.68,0.0,4,5872,买盘
1712,13:14:16,14.68,0.0,7,10276,卖盘
1713,13:14:18,14.7,0.02,49,72018,买盘
1714,13:14:21,14.7,0.0,28,41154,买盘
1715,13:14:25,14.68,-0.02,3,4404,卖盘
1716,13:14:27,14.69,0.01,17,24973,买盘
1717,13:14:30,14.69,0.0,2,2938,买盘
1718,13:14:33,14.69,0.0,1,1469,买盘
1719,13:14:36,14.68,-0.01,13,19086,卖盘
1720,13:14:39,14.7,0.02,3,4410,买盘
1721,13:14:45,14.7,0.0,30,44100,买盘
1722,13:14:48,14.69,-0.01,3,4407,卖盘
1723,13:14:57,14.69,0.0,3,4407,卖盘
1724,13:15:06,14.7,0.01,56,82320,买盘
1725,13:15:10,14.69,-0.01,3,4407,卖盘
1726,13:15:13,14.7,0.01,57,83790,买盘
1727,13:15:15,14.7,0.0,16,23520,买盘
1728,13:15:19,14.71,0.01,1,1471,买盘
1729,13:15:21,14.72,0.01,15,22077,买盘
1730,13:15:24,14.72,0.0,3,4416,买盘
1731,13:15:27,14.72,0.0,2,2944,买盘
1732,13:15:34,14.71,-0.01,3,4413,卖盘
1733,13:15:40,14.72,0.01,3,4416,买盘
1734,13:15:43,14.71,-0.01,8,11773,卖盘
1735,13:15:49,14.71,0.0,2,2942,卖盘
1736,13:15:51,14.71,0.0,39,57369,卖盘
1737,13:15:54,14.7,-0.01,15,22057,卖盘
1738,13:16:04,14.73,0.03,21,30933,买盘
1739,13:16:06,14.74,0.01,15,21301,买盘
1740,13:16:09,14.73,-0.01,36,53028,卖盘
1741,13:16:12,14.73,0.0,10,14730,卖盘
1742,13:16:15,14.73,0.0,13,19149,卖盘
1743,13:16:18,14.73,0.0,16,23568,卖盘
1744,13:16:27,14.73,0.0,3,4419,卖盘
1745,13:16:33,14.73,0.0,2,2946,卖盘
1746,13:16:39,14.73,0.0,56,83286,卖盘
1747,13:16:48,14.69,-0.04,25,36747,卖盘
1748,13:17:00,14.69,0.0,2,2938,卖盘
1749,13:17:06,14.72,0.03,6,8832,买盘
1750,13:17:12,14.69,-0.03,3,4407,卖盘
1751,13:17:22,14.69,0.0,3,4407,卖盘
1752,13:17:27,14.69,0.0,7,10283,卖盘
1753,13:17:30,14.7,0.01,60,88200,买盘
1754,13:17:33,14.69,-0.01,112,164598,卖盘
1755,13:17:36,14.7,0.01,10,14700,买盘
1756,13:17:39,14.7,0.0,5,7348,买盘
1757,13:17:42,14.7,0.0,1,1470,买盘
1758,13:17:45,14.69,-0.01,3,4407,卖盘
1759,13:17:51,14.69,0.0,8,11752,卖盘
1760,13:17:54,14.68,-0.01,3,4406,卖盘
1761,13:18:04,14.69,0.01,1,1469,买盘
1762,13:18:06,14.68,-0.01,9,13223,卖盘
1763,13:18:18,14.68,0.0,3,4404,卖盘
1764,13:18:27,14.68,0.0,6,8808,卖盘
1765,13:18:37,14.69,0.01,5,7345,买盘
1766,13:18:40,14.69,0.0,6,8811,买盘
1767,13:18:48,14.69,0.0,25,36725,买盘
1768,13:18:51,14.69,0.0,3,4407,卖盘
1769,13:19:00,14.69,0.0,3,4407,卖盘
1770,13:19:04,14.7,0.01,10,14700,买盘
1771,13:19:06,14.7,0.0,7,10290,买盘
1772,13:19:12,14.69,-0.01,3,4407,卖盘
1773,13:19:24,14.7,0.01,31,45567,买盘
1774,13:19:33,14.69,-0.01,3,4407,卖盘
1775,13:19:40,14.7,0.01,7,10286,买盘
1776,13:19:45,14.68,-0.02,3,4405,卖盘
1777,13:19:51,14.69,0.01,1,1469,买盘
1778,13:19:54,14.7,0.01,19,27930,买盘
1779,13:19:57,14.7,0.0,16,23516,买盘
1780,13:20:04,14.7,0.0,8,11760,买盘
1781,13:20:07,14.69,-0.01,20,29397,卖盘
1782,13:20:10,14.7,0.01,105,154350,买盘
1783,13:20:13,14.71,0.01,48,69782,买盘
1784,13:20:16,14.72,0.01,28,41214,买盘
1785,13:20:19,14.72,0.0,41,60390,卖盘
1786,13:20:22,14.73,0.01,23,33879,买盘
1787,13:20:24,14.74,0.01,8,11792,买盘
1788,13:20:27,14.73,-0.01,55,81042,卖盘
1789,13:20:30,14.73,0.0,5,7363,买盘
1790,13:20:34,14.73,0.0,4,5892,买盘
1791,13:20:39,14.7,-0.03,11,16195,卖盘
1792,13:20:46,14.73,0.03,11,16203,买盘
1793,13:20:52,14.73,0.0,7,10308,买盘
1794,13:21:01,14.72,-0.01,4,5888,卖盘
1795,13:21:04,14.72,0.0,3,4416,卖盘
1796,13:21:07,14.73,0.01,6,8838,买盘
1797,13:21:10,14.73,0.0,4,5892,买盘
1798,13:21:13,14.72,-0.01,3,4416,卖盘
1799,13:21:18,14.72,0.0,1,1472,卖盘
1800,13:21:25,14.72,0.0,3,4416,卖盘
1801,13:21:28,14.73,0.01,2,2946,买盘
1802,13:21:37,14.72,-0.01,3,4416,卖盘
1803,13:21:40,14.73,0.01,3,4419,买盘
1804,13:21:46,14.72,-0.01,3,4416,卖盘
1805,13:21:58,14.72,0.0,3,4416,卖盘
1806,13:22:01,14.72,0.0,10,14720,卖盘
1807,13:22:04,14.72,0.0,10,14726,卖盘
1808,13:22:06,14.72,0.0,11,16199,卖盘
1809,13:22:10,14.72,0.0,3,4416,卖盘
1810,13:22:15,14.72,0.0,4,5889,卖盘
1811,13:22:19,14.72,0.0,3,4416,卖盘
1812,13:22:21,14.72,0.0,3,4416,卖盘
1813,13:22:25,14.73,0.01,44,64812,买盘
1814,13:22:27,14.73,0.0,20,29460,买盘
1815,13:22:31,14.72,-0.01,3,4416,卖盘
1816,13:22:39,14.73,0.01,44,64812,买盘
1817,13:22:42,14.72,-0.01,5,7361,卖盘
1818,13:22:46,14.73,0.01,11,16203,买盘
1819,13:22:48,14.72,-0.01,4,5889,卖盘
1820,13:22:52,14.73,0.01,1,1473,买盘
1821,13:22:55,14.72,-0.01,2,2944,卖盘
1822,13:23:04,14.72,0.0,3,4416,卖盘
1823,13:23:10,14.73,0.01,30,44190,买盘
1824,13:23:16,14.72,-0.01,3,4416,卖盘
1825,13:23:22,14.73,0.01,4,5450,买盘
1826,13:23:28,14.73,0.0,3,4419,卖盘
1827,13:23:37,14.72,-0.01,32,47575,卖盘
1828,13:23:39,14.73,0.01,3,4419,买盘
1829,13:23:42,14.73,0.0,37,54501,买盘
1830,13:23:46,14.73,0.0,1,1473,买盘
1831,13:23:48,14.72,-0.01,3,4417,卖盘
1832,13:23:51,14.73,0.01,1,1473,买盘
1833,13:23:54,14.73,0.0,1,1473,买盘
1834,13:23:57,14.73,0.0,1,1473,买盘
1835,13:24:01,14.73,0.0,14,20618,买盘
1836,13:24:04,14.74,0.01,11,16211,买盘
1837,13:24:06,14.72,-0.02,78,114816,卖盘
1838,13:24:09,14.72,0.0,2,2944,卖盘
1839,13:24:12,14.72,0.0,11,16192,卖盘
1840,13:24:18,14.72,0.0,10,14720,买盘
1841,13:24:22,14.72,0.0,9,13245,买盘
1842,13:24:24,14.72,0.0,10,14719,买盘
1843,13:24:28,14.72,0.0,15,22080,买盘
1844,13:24:30,14.72,0.0,4,5888,买盘
1845,13:24:33,14.72,0.0,14,20605,买盘
1846,13:24:36,14.72,0.0,2,2944,买盘
1847,13:24:39,14.72,0.0,7,10304,买盘
1848,13:24:43,14.72,0.0,10,14720,买盘
1849,13:24:46,14.73,0.01,7,10308,买盘
1850,13:24:49,14.73,0.0,18,26514,买盘
1851,13:24:51,14.74,0.01,12,17682,买盘
1852,13:24:54,14.72,-0.02,12,17682,卖盘
1853,13:24:58,14.74,0.02,18,26524,买盘
1854,13:25:00,14.74,0.0,82,120867,买盘
1855,13:25:04,14.74,0.0,59,86966,买盘
1856,13:25:07,14.75,0.01,375,552545,买盘
1857,13:25:09,14.78,0.03,230,339432,买盘
1858,13:25:13,14.8,0.02,123,181989,买盘
1859,13:25:16,14.79,-0.01,112,165751,卖盘
1860,13:25:19,14.8,0.01,39,57720,买盘
1861,13:25:22,14.81,0.01,8,12442,买盘
1862,13:25:25,14.82,0.01,7,10374,买盘
1863,13:25:28,14.81,-0.01,52,77115,卖盘
1864,13:25:31,14.84,0.03,16,23743,中性盘
1865,13:25:33,14.85,0.01,260,385935,买盘
1866,13:25:36,14.83,-0.02,27,40041,中性盘
1867,13:25:39,14.82,-0.01,8,11859,卖盘
1868,13:25:42,14.84,0.02,64,94945,买盘
1869,13:25:46,14.84,0.0,11,16324,卖盘
1870,13:25:48,14.85,0.01,243,360765,买盘
1871,13:25:51,14.85,0.0,1,1485,卖盘
1872,13:25:55,14.86,0.01,37,54982,买盘
1873,13:25:58,14.86,0.0,8,11888,买盘
1874,13:26:01,14.85,-0.01,56,83160,卖盘
1875,13:26:04,14.84,-0.01,25,37110,卖盘
1876,13:26:07,14.85,0.01,2,2970,中性盘
1877,13:26:09,14.84,-0.01,30,44528,卖盘
1878,13:26:12,14.84,0.0,12,17805,买盘
1879,13:26:22,14.82,-0.02,6,8895,卖盘
1880,13:26:25,14.83,0.01,41,60774,买盘
1881,13:26:31,14.81,-0.02,33,48890,卖盘
1882,13:26:34,14.81,0.0,8,11848,卖盘
1883,13:26:37,14.85,0.04,124,183932,买盘
1884,13:26:43,14.85,0.0,9,13365,买盘
1885,13:26:46,14.84,-0.01,16,23744,卖盘
1886,13:26:48,14.84,0.0,17,25235,卖盘
1887,13:26:55,14.84,0.0,5,7420,卖盘
1888,13:27:01,14.84,0.0,3,4452,卖盘
1889,13:27:06,14.84,0.0,38,56392,卖盘
1890,13:27:16,14.84,0.0,102,151368,卖盘
1891,13:27:19,14.84,0.0,224,332416,卖盘
1892,13:27:22,14.81,-0.03,113,167745,卖盘
1893,13:27:28,14.81,0.0,3,4443,卖盘
1894,13:27:33,14.84,0.03,43,63752,买盘
1895,13:27:40,14.81,-0.03,70,103904,卖盘
1896,13:27:42,14.85,0.04,55,81650,买盘
1897,13:27:45,14.85,0.0,105,155707,买盘
1898,13:27:52,14.87,0.02,43,63893,买盘
1899,13:27:55,14.87,0.0,3,4461,买盘
1900,13:27:58,14.81,-0.06,14,20734,卖盘
1901,13:28:01,14.82,0.01,403,599748,中性盘
1902,13:28:13,14.83,0.01,28,41524,卖盘
1903,13:28:18,14.88,0.05,10,14880,买盘
1904,13:28:22,14.85,-0.03,10,14850,卖盘
1905,13:28:25,14.86,0.01,9,13371,中性盘
1906,13:28:33,14.88,0.02,20,29760,买盘
1907,13:28:36,14.9,0.02,132,196622,买盘
1908,13:28:39,14.93,0.03,75,111916,买盘
1909,13:28:46,14.9,-0.03,2,2980,卖盘
1910,13:28:52,14.93,0.03,34,50675,买盘
1911,13:28:54,14.93,0.0,10,14930,卖盘
1912,13:28:57,14.9,-0.03,7,10442,卖盘
1913,13:29:00,14.9,0.0,18,26860,卖盘
1914,13:29:04,14.93,0.03,21,31353,买盘
1915,13:29:07,14.94,0.01,85,126890,买盘
1916,13:29:09,14.9,-0.04,62,92380,卖盘
1917,13:29:16,14.9,0.0,1,1490,卖盘
1918,13:29:19,14.9,0.0,12,17903,卖盘
1919,13:29:25,14.92,0.02,87,129756,买盘
1920,13:29:28,14.9,-0.02,2,2980,中性盘
1921,13:29:31,14.88,-0.02,3,4464,卖盘
1922,13:29:34,14.88,0.0,8,11912,卖盘
1923,13:29:36,14.9,0.02,4,5960,买盘
1924,13:29:43,14.88,-0.02,4,5952,卖盘
1925,13:29:46,14.9,0.02,84,125160,买盘
1926,13:29:48,14.88,-0.02,10,14880,卖盘
1927,13:29:54,14.9,0.02,132,196676,买盘
1928,13:29:58,14.9,0.0,4,5960,买盘
1929,13:30:04,14.89,-0.01,6,8937,中性盘
1930,13:30:07,14.89,0.0,9,13401,卖盘
1931,13:30:09,14.89,0.0,9,13400,买盘
1932,13:30:13,14.91,0.02,132,196705,买盘
1933,13:30:16,14.87,-0.04,47,69998,卖盘
1934,13:30:19,14.89,0.02,7,10418,买盘
1935,13:30:25,14.87,-0.02,3,4461,卖盘
1936,13:30:37,14.86,-0.01,5,7433,卖盘
1937,13:30:39,14.88,0.02,26,38670,买盘
1938,13:30:42,14.86,-0.02,46,68356,卖盘
1939,13:30:45,14.88,0.02,32,47607,买盘
1940,13:30:49,14.89,0.01,36,53604,卖盘
1941,13:30:52,14.86,-0.03,5,7436,卖盘
1942,13:30:55,14.91,0.05,35,52159,买盘
1943,13:30:58,14.86,-0.05,43,64098,卖盘
1944,13:31:04,14.88,0.02,5,7440,买盘
1945,13:31:10,14.86,-0.02,3,4458,卖盘
1946,13:31:19,14.86,0.0,2,2972,卖盘
1947,13:31:22,14.86,0.0,3,4458,卖盘
1948,13:31:30,14.86,0.0,3,4458,卖盘
1949,13:31:43,14.82,-0.04,47,69830,卖盘
1950,13:31:49,14.88,0.06,68,101156,买盘
1951,13:31:51,14.86,-0.02,6,8916,买盘
1952,13:31:54,14.88,0.02,6,8910,买盘
1953,13:31:57,14.83,-0.05,9,13347,卖盘
1954,13:32:04,14.83,0.0,3,4449,卖盘
1955,13:32:09,14.86,0.03,3,4458,买盘
1956,13:32:15,14.83,-0.03,3,4449,卖盘
1957,13:32:28,14.84,0.01,2,2968,卖盘
1958,13:32:36,14.85,0.01,3,4455,卖盘
1959,13:32:46,14.86,0.01,40,59440,买盘
1960,13:32:48,14.88,0.02,72,107072,买盘
1961,13:32:54,14.88,0.0,12,17856,买盘
1962,13:33:00,14.85,-0.03,3,4455,卖盘
1963,13:33:04,14.86,0.01,2,2972,买盘
1964,13:33:06,14.88,0.02,43,63972,买盘
1965,13:33:10,14.88,0.0,4,5954,卖盘
1966,13:33:21,14.88,0.0,2,2976,卖盘
1967,13:33:24,14.88,0.0,10,14880,卖盘
1968,13:33:30,14.88,0.0,20,29772,卖盘
1969,13:33:34,14.88,0.0,16,23808,卖盘
1970,13:33:40,14.89,0.01,8,11912,买盘
1971,13:33:43,14.89,0.0,45,67045,卖盘
1972,13:33:49,14.89,0.0,5,7445,卖盘
1973,13:33:52,14.9,0.01,70,104298,买盘
1974,13:33:54,14.9,0.0,6,8937,买盘
1975,13:34:01,14.89,-0.01,24,35736,卖盘
1976,13:34:04,14.9,0.01,2,2979,买盘
1977,13:34:07,14.88,-0.02,2,2976,卖盘
1978,13:34:10,14.88,0.0,6,8928,卖盘
1979,13:34:15,14.88,0.0,3,4464,卖盘
1980,13:34:18,14.9,0.02,38,56620,买盘
1981,13:34:27,14.88,-0.02,3,4464,卖盘
1982,13:34:31,14.88,0.0,123,183066,卖盘
1983,13:34:33,14.88,0.0,3,4464,卖盘
1984,13:34:36,14.88,0.0,1,1488,卖盘
1985,13:34:39,14.88,0.0,4,5952,卖盘
1986,13:34:42,14.88,0.0,116,172608,卖盘
1987,13:34:46,14.88,0.0,14,20832,卖盘
1988,13:34:49,14.86,-0.02,5,7430,卖盘
1989,13:34:52,14.88,0.02,72,107124,买盘
1990,13:34:55,14.88,0.0,20,29725,买盘
1991,13:35:04,14.84,-0.04,3,4452,卖盘
1992,13:35:12,14.84,0.0,3,4452,卖盘
1993,13:35:25,14.84,0.0,3,4452,卖盘
1994,13:35:28,14.84,0.0,1,1484,卖盘
1995,13:35:34,14.83,-0.01,3,4449,卖盘
1996,13:35:46,14.83,0.0,3,4449,卖盘
1997,13:35:49,14.83,0.0,23,34109,卖盘
1998,13:35:55,14.86,0.03,62,92090,买盘
1999,13:35:58,14.86,0.0,9,13374,卖盘
2000,13:36:01,14.83,-0.03,14,20765,卖盘
2001,13:36:04,14.83,0.0,3,4449,卖盘
2002,13:36:09,14.83,0.0,2,2966,卖盘
2003,13:36:19,14.83,0.0,3,4449,卖盘
2004,13:36:30,14.83,0.0,3,4449,卖盘
2005,13:36:39,14.82,-0.01,13,19273,卖盘
2006,13:36:51,14.82,0.0,3,4446,卖盘
2007,13:36:55,14.85,0.03,3,4455,买盘
2008,13:36:57,14.87,0.02,69,102582,买盘
2009,13:37:04,14.82,-0.05,23,34092,卖盘
2010,13:37:16,14.83,0.01,3,4449,卖盘
2011,13:37:21,14.87,0.04,53,78786,买盘
2012,13:37:25,14.87,0.0,45,66915,卖盘
2013,13:37:31,14.87,0.0,3,4461,卖盘
2014,13:37:37,14.84,-0.03,3,4452,中性盘
2015,13:37:42,14.87,0.03,5,7435,买盘
2016,13:37:45,14.87,0.0,10,14870,买盘
2017,13:37:48,14.84,-0.03,3,4452,卖盘
2018,13:37:55,14.87,0.03,3,4461,买盘
2019,13:37:58,14.89,0.02,71,105624,买盘
2020,13:38:04,14.85,-0.04,1,1485,卖盘
2021,13:38:09,14.85,0.0,3,4455,卖盘
2022,13:38:21,14.89,0.04,36,53451,买盘
2023,13:38:25,14.84,-0.05,3,4452,卖盘
2024,13:38:31,14.84,0.0,3,4452,卖盘
2025,13:38:43,14.84,0.0,2,2968,卖盘
2026,13:38:46,14.84,0.0,41,60844,卖盘
2027,13:38:52,14.84,0.0,3,4452,卖盘
2028,13:38:54,14.87,0.03,3,4461,中性盘
2029,13:39:00,14.89,0.02,68,101207,买盘
2030,13:39:04,14.84,-0.05,4,5936,卖盘
2031,13:39:13,14.84,0.0,7,10388,卖盘
2032,13:39:16,14.88,0.04,18,26767,买盘
2033,13:39:27,14.84,-0.04,3,4452,卖盘
2034,13:39:37,14.84,0.0,3,4452,卖盘
2035,13:39:48,14.84,0.0,3,4452,卖盘
2036,13:39:51,14.86,0.02,2,2972,买盘
2037,13:39:54,14.86,0.0,3,4458,中性盘
2038,13:40:01,14.84,-0.02,3,4452,卖盘
2039,13:40:10,14.84,0.0,3,4452,卖盘
2040,13:40:13,14.84,0.0,32,47488,卖盘
2041,13:40:22,14.84,0.0,3,4452,卖盘
2042,13:40:25,14.87,0.03,53,78770,买盘
2043,13:40:28,14.85,-0.02,1,1485,中性盘
2044,13:40:34,14.84,-0.01,3,4452,卖盘
2045,13:40:39,14.85,0.01,3,4455,买盘
2046,13:40:43,14.84,-0.01,3,4452,卖盘
2047,13:40:51,14.84,0.0,13,19292,卖盘
2048,13:40:54,14.85,0.01,6,8907,买盘
2049,13:40:57,14.84,-0.01,14,20776,卖盘
2050,13:41:07,14.84,0.0,3,4452,卖盘
2051,13:41:12,14.84,0.0,5,7420,卖盘
2052,13:41:18,14.83,-0.01,3,4449,卖盘
2053,13:41:21,14.84,0.01,9,13356,买盘
2054,13:41:25,14.86,0.02,24,35649,买盘
2055,13:41:27,14.86,0.0,4,5944,卖盘
2056,13:41:31,14.86,0.0,1,1486,卖盘
2057,13:41:34,14.87,0.01,19,28253,买盘
2058,13:41:40,14.83,-0.04,3,4449,卖盘
2059,13:41:43,14.84,0.01,38,56392,买盘
2060,13:41:46,14.87,0.03,52,77272,买盘
2061,13:41:49,14.84,-0.03,3,4452,卖盘
2062,13:41:54,14.87,0.03,3,4461,买盘
2063,13:42:00,14.84,-0.03,3,4452,卖盘
2064,13:42:13,14.84,0.0,3,4452,卖盘
2065,13:42:25,14.84,0.0,3,4452,卖盘
2066,13:42:28,14.87,0.03,48,71350,买盘
2067,13:42:31,14.85,-0.02,3,4455,卖盘
2068,13:42:34,14.84,-0.01,3,4452,卖盘
2069,13:42:40,14.85,0.01,1,1485,买盘
2070,13:42:46,14.84,-0.01,8,11872,卖盘
2071,13:42:49,14.84,0.0,5,7420,卖盘
2072,13:42:55,14.84,0.0,5,7423,卖盘
2073,13:43:07,14.85,0.01,12,17817,买盘
2074,13:43:16,14.84,-0.01,10,14848,卖盘
2075,13:43:18,14.83,-0.01,31,46001,卖盘
2076,13:43:25,14.84,0.01,1,1484,买盘
2077,13:43:27,14.84,0.0,3,4452,卖盘
2078,13:43:31,14.85,0.01,61,90585,买盘
2079,13:43:36,14.84,-0.01,5,7423,卖盘
2080,13:43:40,14.83,-0.01,3,4449,卖盘
2081,13:43:52,14.83,0.0,2,2966,卖盘
2082,13:43:55,14.84,0.01,3,4452,买盘
2083,13:44:01,14.83,-0.01,3,4449,卖盘
2084,13:44:12,14.83,0.0,13,19289,卖盘
2085,13:44:16,14.83,0.0,4,5932,卖盘
2086,13:44:19,14.83,0.0,34,50422,卖盘
2087,13:44:24,14.83,0.0,3,4449,卖盘
2088,13:44:27,14.83,0.0,126,186864,卖盘
2089,13:44:31,14.85,0.02,48,71277,买盘
2090,13:44:34,14.83,-0.02,3,4449,卖盘
2091,13:44:39,14.83,0.0,32,47456,卖盘
2092,13:44:45,14.83,0.0,9,13347,卖盘
2093,13:44:48,14.83,0.0,20,29660,卖盘
2094,13:44:52,14.83,0.0,31,45973,卖盘
2095,13:44:55,14.83,0.0,3,4449,买盘
2096,13:44:57,14.81,-0.02,33,48903,卖盘
2097,13:45:01,14.8,-0.01,54,79969,卖盘
2098,13:45:07,14.8,0.0,53,78536,卖盘
2099,13:45:18,14.8,0.0,13,19240,卖盘
2100,13:45:22,14.8,0.0,26,38480,卖盘
2101,13:45:31,14.79,-0.01,3,4437,卖盘
2102,13:45:33,14.82,0.03,48,71068,买盘
2103,13:45:43,14.8,-0.02,2,2960,卖盘
2104,13:45:46,14.8,0.0,35,51800,卖盘
2105,13:45:49,14.8,0.0,6,8880,卖盘
2106,13:45:52,14.8,0.0,3,4440,卖盘
2107,13:45:55,14.81,0.01,3,4443,买盘
2108,13:45:58,14.8,-0.01,2,2960,卖盘
2109,13:46:04,14.79,-0.01,13,19238,卖盘
2110,13:46:16,14.79,0.0,3,4437,卖盘
2111,13:46:25,14.79,0.0,43,63644,卖盘
2112,13:46:36,14.79,0.0,50,74105,卖盘
2113,13:46:46,14.79,0.0,3,4437,卖盘
2114,13:46:55,14.81,0.02,3,4443,买盘
2115,13:46:57,14.79,-0.02,3,4437,卖盘
2116,13:47:04,14.79,0.0,5,7395,卖盘
2117,13:47:10,14.79,0.0,3,4437,卖盘
2118,13:47:16,14.8,0.01,1,1480,中性盘
2119,13:47:19,14.79,-0.01,3,4437,卖盘
2120,13:47:22,14.79,0.0,2,2958,卖盘
2121,13:47:30,14.79,0.0,3,4437,卖盘
2122,13:47:36,14.81,0.02,49,72565,买盘
2123,13:47:43,14.79,-0.02,3,4437,卖盘
2124,13:47:46,14.79,0.0,3,4437,卖盘
2125,13:47:49,14.8,0.01,2,2960,买盘
2126,13:47:55,14.81,0.01,6,8882,买盘
2127,13:48:04,14.8,-0.01,5,7400,买盘
2128,13:48:07,14.79,-0.01,103,152343,卖盘
2129,13:48:10,14.81,0.02,13,19247,买盘
2130,13:48:16,14.79,-0.02,2,2958,卖盘
2131,13:48:25,14.79,0.0,3,4437,卖盘
2132,13:48:27,14.79,0.0,3,4437,卖盘
2133,13:48:34,14.79,0.0,3,4437,卖盘
2134,13:48:37,14.79,0.0,7,10353,卖盘
2135,13:48:40,14.81,0.02,48,71082,买盘
2136,13:48:45,14.77,-0.04,5,7385,卖盘
2137,13:48:49,14.77,0.0,18,26586,买盘
2138,13:48:55,14.8,0.03,3,4440,买盘
2139,13:48:58,14.79,-0.01,5,7395,买盘
2140,13:49:01,14.78,-0.01,4,5912,卖盘
2141,13:49:04,14.79,0.01,2,2958,买盘
2142,13:49:07,14.8,0.01,1,1480,买盘
2143,13:49:12,14.79,-0.01,3,4437,卖盘
2144,13:49:16,14.8,0.01,3,4440,买盘
2145,13:49:19,14.8,0.0,3,4440,买盘
2146,13:49:22,14.79,-0.01,3,4439,卖盘
2147,13:49:28,14.79,0.0,61,90219,卖盘
2148,13:49:33,14.78,-0.01,3,4434,卖盘
2149,13:49:39,14.79,0.01,5,7395,买盘
2150,13:49:42,14.78,-0.01,51,75515,卖盘
2151,13:49:54,14.79,0.01,6,8871,买盘
2152,13:49:58,14.79,0.0,1,1479,买盘
2153,13:50:01,14.79,0.0,1,1479,买盘
2154,13:50:04,14.79,0.0,2,2958,买盘
2155,13:50:06,14.78,-0.01,3,4434,卖盘
2156,13:50:10,14.77,-0.01,140,206855,卖盘
2157,13:50:16,14.77,0.0,4,5908,卖盘
2158,13:50:19,14.81,0.04,21,31079,买盘
2159,13:50:28,14.77,-0.04,3,4431,卖盘
2160,13:50:36,14.77,0.0,3,4431,卖盘
2161,13:50:39,14.77,0.0,3,4431,卖盘
2162,13:50:46,14.81,0.04,48,71088,买盘
2163,13:50:51,14.77,-0.04,3,4431,卖盘
2164,13:50:54,14.81,0.04,3,4443,买盘
2165,13:50:57,14.76,-0.05,48,70882,卖盘
2166,13:51:01,14.76,0.0,5,7380,买盘
2167,13:51:04,14.8,0.04,4,5920,中性盘
2168,13:51:07,14.8,0.0,2,2960,买盘
2169,13:51:10,14.77,-0.03,5,7385,卖盘
2170,13:51:12,14.77,0.0,3,4431,卖盘
2171,13:51:22,14.81,0.04,20,29603,买盘
2172,13:51:25,14.77,-0.04,3,4431,卖盘
2173,13:51:33,14.78,0.01,12,17756,卖盘
2174,13:51:46,14.81,0.03,50,74011,买盘
2175,13:51:54,14.81,0.0,3,4443,买盘
2176,13:51:57,14.8,-0.01,3,4440,卖盘
2177,13:52:00,14.81,0.01,38,56278,买盘
2178,13:52:04,14.81,0.0,2,2962,买盘
2179,13:52:06,14.8,-0.01,3,4440,卖盘
2180,13:52:09,14.81,0.01,40,59240,买盘
2181,13:52:16,14.8,-0.01,20,29600,卖盘
2182,13:52:19,14.78,-0.02,3,4434,中性盘
2183,13:52:25,14.8,0.02,20,29600,买盘
2184,13:52:27,14.8,0.0,4,5920,买盘
2185,13:52:31,14.82,0.02,21,31098,买盘
2186,13:52:36,14.82,0.0,3,4446,卖盘
2187,13:52:39,14.82,0.0,3,4446,卖盘
2188,13:52:48,14.82,0.0,51,75678,卖盘
2189,13:52:52,14.78,-0.04,3,4434,中性盘
2190,13:52:54,14.82,0.04,3,4446,买盘
2191,13:53:01,14.84,0.02,32,47409,买盘
2192,13:53:04,14.84,0.0,19,28196,卖盘
2193,13:53:06,14.78,-0.06,3,4434,卖盘
2194,13:53:10,14.78,0.0,19,28086,卖盘
2195,13:53:12,14.79,0.01,3,4437,卖盘
2196,13:53:19,14.81,0.02,13,19253,买盘
2197,13:53:24,14.78,-0.03,3,4436,卖盘
2198,13:53:37,14.81,0.03,23,34054,买盘
2199,13:53:39,14.78,-0.03,51,75416,卖盘
2200,13:53:49,14.78,0.0,2,2956,卖盘
2201,13:53:55,14.82,0.04,51,75582,买盘
2202,13:53:58,14.79,-0.03,3,4437,中性盘
2203,13:54:07,14.84,0.05,34,50895,买盘
2204,13:54:10,14.84,0.0,3,4452,卖盘
2205,13:54:16,14.78,-0.06,51,75502,卖盘
2206,13:54:22,14.85,0.07,43,63826,买盘
2207,13:54:27,14.85,0.0,2,2970,买盘
2208,13:54:31,14.82,-0.03,3,4446,卖盘
2209,13:54:39,14.85,0.03,22,32661,买盘
2210,13:54:42,14.82,-0.03,6,8898,卖盘
2211,13:54:46,14.82,0.0,1,1482,卖盘
2212,13:54:48,14.82,0.0,2,2964,买盘
2213,13:54:51,14.82,0.0,51,75678,卖盘
2214,13:54:55,14.85,0.03,3,4453,买盘
2215,13:54:57,14.85,0.0,40,59400,买盘
2216,13:55:04,14.82,-0.03,53,78699,卖盘
2217,13:55:09,14.82,0.0,16,23712,卖盘
2218,13:55:12,14.82,0.0,9,13338,买盘
2219,13:55:15,14.81,-0.01,3,4443,卖盘
2220,13:55:18,14.82,0.01,23,34086,买盘
2221,13:55:21,14.8,-0.02,56,82903,卖盘
2222,13:55:27,14.82,0.02,3,4446,卖盘
2223,13:55:36,14.8,-0.02,7,10370,卖盘
2224,13:55:48,14.85,0.05,23,34134,买盘
2225,13:55:54,14.85,0.0,2,2970,买盘
2226,13:55:58,14.8,-0.05,51,75726,卖盘
2227,13:56:01,14.84,0.04,1,1484,中性盘
2228,13:56:07,14.86,0.02,52,77258,买盘
2229,13:56:10,14.8,-0.06,2,2960,卖盘
2230,13:56:21,14.8,0.0,3,4440,卖盘
2231,13:56:33,14.8,0.0,3,4440,卖盘
2232,13:56:42,14.79,-0.01,3,4437,卖盘
2233,13:56:51,14.8,0.01,20,29600,买盘
2234,13:56:54,14.84,0.04,17,25169,买盘
2235,13:57:01,14.85,0.01,51,75694,买盘
2236,13:57:06,14.82,-0.03,3,4446,卖盘
2237,13:57:16,14.82,0.0,3,4446,卖盘
2238,13:57:28,14.79,-0.03,3,4437,卖盘
2239,13:57:30,14.78,-0.01,29,42424,卖盘
2240,13:57:33,14.78,0.0,21,31481,买盘
2241,13:57:39,14.8,0.02,4,5920,卖盘
2242,13:57:48,14.77,-0.03,3,4431,卖盘
2243,13:57:55,14.8,0.03,3,4440,买盘
2244,13:57:57,14.8,0.0,48,71040,买盘
2245,13:58:00,14.8,0.0,53,78431,买盘
2246,13:58:12,14.82,0.02,13,19266,卖盘
2247,13:58:19,14.85,0.03,32,47489,买盘
2248,13:58:21,14.82,-0.03,2,2964,卖盘
2249,13:58:30,14.82,0.0,3,4446,卖盘
2250,13:58:34,14.82,0.0,3,4446,卖盘
2251,13:58:46,14.82,0.0,3,4446,卖盘
2252,13:58:54,14.84,0.02,6,8898,买盘
2253,13:59:00,14.85,0.01,100,148497,买盘
2254,13:59:07,14.85,0.0,24,35628,买盘
2255,13:59:13,14.8,-0.05,171,253362,卖盘
2256,13:59:15,14.85,0.05,3,4455,中性盘
2257,13:59:19,14.8,-0.05,2,2960,卖盘
2258,13:59:28,14.85,0.05,15,22263,买盘
2259,13:59:34,14.84,-0.01,5,7420,中性盘
2260,13:59:40,14.81,-0.03,3,4443,卖盘
2261,13:59:51,14.81,0.0,3,4443,卖盘
2262,13:59:55,14.83,0.02,3,4449,买盘
2263,14:00:00,14.85,0.02,51,75715,买盘
2264,14:00:04,14.83,-0.02,6,8892,买盘
2265,14:00:07,14.82,-0.01,5,7410,买盘
2266,14:00:10,14.82,0.0,3,4446,卖盘
2267,14:00:12,14.83,0.01,5,7417,中性盘
2268,14:00:15,14.85,0.02,3,4453,买盘
2269,14:00:18,14.85,0.0,2,2970,买盘
2270,14:00:25,14.83,-0.02,6,8898,卖盘
2271,14:00:30,14.82,-0.01,103,152653,卖盘
2272,14:00:33,14.86,0.04,94,139683,买盘
2273,14:00:37,14.85,-0.01,12,17818,卖盘
2274,14:00:46,14.81,-0.04,5,7414,卖盘
2275,14:00:58,14.83,0.02,5,7421,卖盘
2276,14:01:00,14.87,0.04,52,77296,买盘
2277,14:01:10,14.83,-0.04,3,4449,卖盘
2278,14:01:13,14.83,0.0,5,7415,卖盘
2279,14:01:18,14.83,0.0,3,4449,卖盘
2280,14:01:25,14.84,0.01,6,8904,买盘
2281,14:01:31,14.83,-0.01,4,5932,卖盘
2282,14:01:43,14.83,0.0,3,4449,卖盘
2283,14:01:51,14.83,0.0,2,2966,卖盘
2284,14:01:58,14.83,0.0,4,5935,卖盘
2285,14:02:01,14.86,0.03,28,41573,买盘
2286,14:02:04,14.86,0.0,10,14860,卖盘
2287,14:02:09,14.86,0.0,15,22290,卖盘
2288,14:02:15,14.83,-0.03,3,4449,卖盘
2289,14:02:24,14.83,0.0,3,4449,卖盘
2290,14:02:31,14.86,0.03,1,1486,买盘
2291,14:02:36,14.83,-0.03,13,19303,卖盘
2292,14:02:42,14.86,0.03,6,8916,买盘
2293,14:02:45,14.86,0.0,3,4458,卖盘
2294,14:02:48,14.83,-0.03,3,4455,卖盘
2295,14:02:51,14.83,0.0,1,1483,卖盘
2296,14:02:55,14.87,0.04,3,4461,买盘
2297,14:02:58,14.83,-0.04,3,4449,卖盘
2298,14:03:00,14.87,0.04,51,75837,买盘
2299,14:03:10,14.82,-0.05,7,10395,卖盘
2300,14:03:21,14.82,0.0,3,4446,卖盘
2301,14:03:31,14.82,0.0,3,4446,卖盘
2302,14:03:42,14.82,0.0,3,4446,卖盘
2303,14:03:54,14.82,0.0,3,4446,卖盘
2304,14:03:58,14.86,0.04,3,4458,买盘
2305,14:04:00,14.86,0.0,52,77222,买盘
2306,14:04:04,14.82,-0.04,2,2964,卖盘
2307,14:04:12,14.82,0.0,2,2964,卖盘
2308,14:04:16,14.81,-0.01,6,8890,卖盘
2309,14:04:19,14.83,0.02,14,20762,买盘
2310,14:04:27,14.81,-0.02,3,4443,卖盘
2311,14:04:36,14.81,0.0,3,4444,卖盘
2312,14:04:43,14.82,0.01,3,4446,卖盘
2313,14:04:49,14.82,0.0,3,4446,卖盘
2314,14:04:55,14.83,0.01,1,1483,卖盘
2315,14:04:57,14.83,0.0,4,5935,卖盘
2316,14:05:01,14.84,0.01,54,80120,买盘
2317,14:05:07,14.83,-0.01,1,1483,买盘
2318,14:05:10,14.81,-0.02,8,11860,卖盘
2319,14:05:21,14.81,0.0,2,2964,卖盘
2320,14:05:34,14.81,0.0,3,4443,卖盘
2321,14:05:42,14.81,0.0,3,4443,卖盘
2322,14:05:55,14.81,0.0,3,4443,卖盘
2323,14:05:58,14.84,0.03,5,7420,买盘
2324,14:06:01,14.85,0.01,51,75714,买盘
2325,14:06:07,14.81,-0.04,3,4443,卖盘
2326,14:06:15,14.81,0.0,3,4443,卖盘
2327,14:06:28,14.81,0.0,3,4443,卖盘
2328,14:06:34,14.81,0.0,5,7405,卖盘
2329,14:06:40,14.81,0.0,3,4443,卖盘
2330,14:06:49,14.81,0.0,1,1481,卖盘
2331,14:06:52,14.81,0.0,3,4443,卖盘
2332,14:06:58,14.83,0.02,3,4449,买盘
2333,14:07:00,14.81,-0.02,55,81559,卖盘
2334,14:07:09,14.81,0.0,5,7405,卖盘
2335,14:07:12,14.8,-0.01,8,11840,卖盘
2336,14:07:15,14.8,0.0,14,20720,卖盘
2337,14:07:22,14.8,0.0,30,44400,卖盘
2338,14:07:25,14.8,0.0,3,4440,卖盘
2339,14:07:34,14.8,0.0,4,5920,卖盘
2340,14:07:36,14.8,0.0,9,13320,卖盘
2341,14:07:45,14.78,-0.02,3,4434,卖盘
2342,14:07:58,14.8,0.02,6,8875,买盘
2343,14:08:01,14.81,0.01,51,75508,买盘
2344,14:08:07,14.78,-0.03,3,4434,卖盘
2345,14:08:10,14.78,0.0,8,11824,卖盘
2346,14:08:13,14.81,0.03,6,8881,买盘
2347,14:08:16,14.82,0.01,3,4446,卖盘
2348,14:08:19,14.82,0.0,2,2964,卖盘
2349,14:08:28,14.82,0.0,2,2964,卖盘
2350,14:08:31,14.82,0.0,25,37050,卖盘
2351,14:08:40,14.78,-0.04,26,38520,卖盘
2352,14:08:52,14.79,0.01,3,4437,卖盘
2353,14:08:57,14.81,0.02,3,4443,买盘
2354,14:09:00,14.79,-0.02,55,81492,卖盘
2355,14:09:04,14.82,0.03,4,5928,买盘
2356,14:09:06,14.81,-0.01,4,5924,买盘
2357,14:09:10,14.83,0.02,76,112681,买盘
2358,14:09:13,14.81,-0.02,3,4443,中性盘
2359,14:09:16,14.83,0.02,5,7415,买盘
2360,14:09:19,14.83,0.0,13,19269,买盘
2361,14:09:22,14.83,0.0,6,8897,买盘
2362,14:09:25,14.82,-0.01,8,11862,卖盘
2363,14:09:37,14.82,0.0,3,4446,卖盘
2364,14:09:43,14.83,0.01,4,5929,买盘
2365,14:09:46,14.81,-0.02,4,5928,卖盘
2366,14:09:51,14.83,0.02,10,14830,买盘
2367,14:09:55,14.83,0.0,1,1483,买盘
2368,14:09:58,14.81,-0.02,6,8889,卖盘
2369,14:10:04,14.81,0.0,5,7405,卖盘
2370,14:10:10,14.79,-0.02,70,103806,卖盘
2371,14:10:19,14.79,0.0,3,4437,卖盘
2372,14:10:31,14.79,0.0,3,4439,卖盘
2373,14:10:34,14.79,0.0,7,10353,卖盘
2374,14:10:37,14.79,0.0,15,22185,卖盘
2375,14:10:43,14.79,0.0,3,4439,卖盘
2376,14:10:52,14.79,0.0,3,4437,卖盘
2377,14:10:57,14.83,0.04,3,4449,买盘
2378,14:11:04,14.79,-0.04,3,4437,卖盘
2379,14:11:07,14.83,0.04,66,97873,买盘
2380,14:11:16,14.79,-0.04,2,2958,卖盘
2381,14:11:25,14.79,0.0,3,4437,卖盘
2382,14:11:37,14.83,0.04,8,11846,买盘
2383,14:11:49,14.81,-0.02,3,4443,卖盘
2384,14:11:57,14.8,-0.01,6,8890,卖盘
2385,14:12:06,14.82,0.02,1,1482,买盘
2386,14:12:10,14.83,0.01,68,100829,买盘
2387,14:12:22,14.81,-0.02,3,4443,卖盘
2388,14:12:31,14.82,0.01,4,5928,中性盘
2389,14:12:37,14.83,0.01,3,4449,买盘
2390,14:12:43,14.82,-0.01,3,4446,卖盘
2391,14:12:46,14.83,0.01,5,7415,买盘
2392,14:12:49,14.83,0.0,24,35592,买盘
2393,14:12:55,14.84,0.01,5,7418,买盘
2394,14:12:58,14.84,0.0,3,4452,买盘
2395,14:13:01,14.84,0.0,54,80136,买盘
2396,14:13:04,14.84,0.0,9,13356,买盘
2397,14:13:07,14.85,0.01,1,1485,买盘
2398,14:13:10,14.85,0.0,75,111375,买盘
2399,14:13:13,14.85,0.0,50,74250,买盘
2400,14:13:16,14.84,-0.01,10,14847,卖盘
2401,14:13:18,14.85,0.01,5,7425,买盘
2402,14:13:21,14.85,0.0,24,35643,卖盘
2403,14:13:25,14.86,0.01,2,2972,买盘
2404,14:13:28,14.85,-0.01,3,4455,卖盘
2405,14:13:31,14.86,0.01,14,20804,买盘
2406,14:13:34,14.85,-0.01,81,120340,卖盘
2407,14:13:37,14.87,0.02,1,1487,买盘
2408,14:13:40,14.87,0.0,6,8916,买盘
2409,14:13:46,14.87,0.0,41,60967,买盘
2410,14:13:49,14.85,-0.02,3,4455,卖盘
2411,14:13:58,14.87,0.02,47,69889,买盘
2412,14:14:01,14.85,-0.02,3,4455,卖盘
2413,14:14:10,14.85,0.0,69,102595,卖盘
2414,14:14:19,14.87,0.02,3,4461,卖盘
2415,14:14:21,14.87,0.0,11,16357,卖盘
2416,14:14:25,14.87,0.0,7,10409,卖盘
2417,14:14:33,14.87,0.0,3,4461,卖盘
2418,14:14:40,14.87,0.0,50,74390,卖盘
2419,14:14:45,14.87,0.0,8,11890,中性盘
2420,14:14:52,14.87,0.0,1,1487,买盘
2421,14:14:55,14.83,-0.04,3,4451,卖盘
2422,14:14:58,14.87,0.04,3,4461,买盘
2423,14:15:07,14.88,0.01,69,102601,买盘
2424,14:15:16,14.83,-0.05,3,4449,中性盘
2425,14:15:28,14.84,0.01,3,4452,卖盘
2426,14:15:34,14.84,0.0,6,8904,卖盘
2427,14:15:36,14.84,0.0,1,1484,买盘
2428,14:15:40,14.82,-0.02,2,2964,卖盘
2429,14:15:51,14.82,0.0,3,4446,卖盘
2430,14:15:58,14.84,0.02,3,4452,买盘
2431,14:16:01,14.82,-0.02,3,4446,卖盘
2432,14:16:09,14.85,0.03,60,89065,买盘
2433,14:16:12,14.85,0.0,3,4455,卖盘
2434,14:16:21,14.85,0.0,7,10403,卖盘
2435,14:16:25,14.87,0.02,10,14870,买盘
2436,14:16:34,14.85,-0.02,3,4455,卖盘
2437,14:16:39,14.87,0.02,1,1487,买盘
2438,14:16:46,14.84,-0.03,3,4452,卖盘
2439,14:16:55,14.83,-0.01,3,4450,卖盘
2440,14:16:58,14.85,0.02,2,2970,买盘
2441,14:17:05,14.84,-0.01,5,7420,卖盘
2442,14:17:06,14.84,0.0,7,10388,卖盘
2443,14:17:09,14.87,0.03,24,35676,买盘
2444,14:17:12,14.87,0.0,1,1487,卖盘
2445,14:17:19,14.84,-0.03,3,4452,卖盘
2446,14:17:22,14.88,0.04,41,61008,买盘
2447,14:17:28,14.84,-0.04,3,4452,卖盘
2448,14:17:40,14.84,0.0,3,4452,卖盘
2449,14:17:52,14.84,0.0,3,4452,卖盘
2450,14:17:57,14.87,0.03,3,4461,买盘
2451,14:18:01,14.84,-0.03,3,4452,卖盘
2452,14:18:07,14.88,0.04,66,98140,买盘
2453,14:18:13,14.85,-0.03,3,4455,中性盘
2454,14:18:19,14.86,0.01,4,5944,买盘
2455,14:18:25,14.85,-0.01,3,4455,卖盘
2456,14:18:34,14.85,0.0,5,7427,卖盘
2457,14:18:45,14.85,0.0,6,8913,卖盘
2458,14:18:49,14.87,0.02,6,8918,买盘
2459,14:18:58,14.86,-0.01,6,8919,卖盘
2460,14:19:04,14.86,0.0,4,5944,卖盘
2461,14:19:07,14.86,0.0,1,1486,买盘
2462,14:19:09,14.85,-0.01,69,102647,卖盘
2463,14:19:19,14.85,0.0,3,4455,卖盘
2464,14:19:22,14.86,0.01,4,5944,买盘
2465,14:19:28,14.9,0.04,523,779034,买盘
2466,14:19:31,14.86,-0.04,2,2972,中性盘
2467,14:19:36,14.86,0.0,8,11890,卖盘
2468,14:19:39,14.86,0.0,4,5944,卖盘
2469,14:19:43,14.85,-0.01,3,4457,卖盘
2470,14:19:46,14.88,0.03,7,10416,买盘
2471,14:19:55,14.86,-0.02,7,10402,卖盘
2472,14:19:58,14.9,0.04,3,4469,卖盘
2473,14:20:04,14.86,-0.04,3,4458,卖盘
2474,14:20:07,14.9,0.04,66,98335,买盘
2475,14:20:10,14.86,-0.04,4,5944,卖盘
2476,14:20:13,14.9,0.04,5,7450,买盘
2477,14:20:16,14.9,0.0,11,16378,买盘
2478,14:20:24,14.86,-0.04,22,32748,卖盘
2479,14:20:28,14.9,0.04,1,1490,买盘
2480,14:20:31,14.9,0.0,40,59600,买盘
2481,14:20:37,14.86,-0.04,3,4458,卖盘
2482,14:20:40,14.9,0.04,43,64058,买盘
2483,14:20:49,14.86,-0.04,103,153438,卖盘
2484,14:20:54,14.89,0.03,9,13393,买盘
2485,14:20:57,14.87,-0.02,6,8928,卖盘
2486,14:21:07,14.9,0.03,66,98316,买盘
2487,14:21:10,14.87,-0.03,18,26766,卖盘
2488,14:21:12,14.9,0.03,2,2980,买盘
2489,14:21:16,14.9,0.0,7,10430,买盘
2490,14:21:22,14.87,-0.03,2,2974,卖盘
2491,14:21:25,14.86,-0.01,53,78771,卖盘
2492,14:21:30,14.85,-0.01,3,4455,卖盘
2493,14:21:40,14.86,0.01,8,11885,买盘
2494,14:21:43,14.85,-0.01,5,7425,卖盘
2495,14:21:55,14.85,0.0,7,10395,卖盘
2496,14:21:57,14.86,0.01,3,4458,买盘
2497,14:22:04,14.85,-0.01,7,10395,卖盘
2498,14:22:10,14.85,0.0,3,4455,卖盘
2499,14:22:16,14.85,0.0,3,4455,卖盘
2500,14:22:24,14.85,0.0,4,5940,卖盘
2501,14:22:28,14.85,0.0,3,4455,卖盘
2502,14:22:30,14.85,0.0,9,13365,卖盘
2503,14:22:34,14.85,0.0,10,14850,卖盘
2504,14:22:37,14.85,0.0,10,14850,卖盘
2505,14:22:39,14.85,0.0,3,4455,卖盘
2506,14:22:43,14.85,0.0,82,121770,卖盘
2507,14:22:45,14.84,-0.01,10,14855,卖盘
2508,14:22:48,14.84,0.0,3,4452,卖盘
2509,14:22:51,14.84,0.0,2,2968,卖盘
2510,14:22:54,14.84,0.0,1,1484,卖盘
2511,14:22:58,14.84,0.0,3,4452,买盘
2512,14:23:00,14.83,-0.01,2,2966,卖盘
2513,14:23:04,14.83,0.0,14,20762,卖盘
2514,14:23:09,14.83,0.0,6,8898,卖盘
2515,14:23:22,14.83,0.0,3,4449,卖盘
2516,14:23:24,14.83,0.0,5,7415,卖盘
2517,14:23:34,14.83,0.0,3,4449,卖盘
2518,14:23:40,14.83,0.0,5,7415,卖盘
2519,14:23:43,14.82,-0.01,3,4446,卖盘
2520,14:23:46,14.83,0.01,1,1483,买盘
2521,14:23:55,14.82,-0.01,7,10374,卖盘
2522,14:23:58,14.83,0.01,3,4449,买盘
2523,14:24:04,14.82,-0.01,5,7410,卖盘
2524,14:24:07,14.82,0.0,3,4446,卖盘
2525,14:24:09,14.82,0.0,3,4446,卖盘
2526,14:24:16,14.82,0.0,3,4446,卖盘
2527,14:24:24,14.82,0.0,5,7410,卖盘
2528,14:24:28,14.82,0.0,21,31124,卖盘
2529,14:24:31,14.82,0.0,3,4446,卖盘
2530,14:24:37,14.82,0.0,4,5928,卖盘
2531,14:24:39,14.82,0.0,5,7410,卖盘
2532,14:24:52,14.82,0.0,9,12597,卖盘
2533,14:24:55,14.83,0.01,6,8894,买盘
2534,14:24:58,14.82,-0.01,6,9636,卖盘
2535,14:25:04,14.82,0.0,5,7410,卖盘
2536,14:25:09,14.82,0.0,4,5928,卖盘
2537,14:25:19,14.82,0.0,2,2964,卖盘
2538,14:25:25,14.82,0.0,15,22240,卖盘
2539,14:25:39,14.82,0.0,5,7410,卖盘
2540,14:25:55,14.82,0.0,4,5928,卖盘
2541,14:25:58,14.83,0.01,3,4449,买盘
2542,14:26:04,14.82,-0.01,5,7410,卖盘
2543,14:26:10,14.82,0.0,5,7410,卖盘
2544,14:26:21,14.82,0.0,4,5928,卖盘
2545,14:26:24,14.82,0.0,24,35568,卖盘
2546,14:26:27,14.82,0.0,1,1482,卖盘
2547,14:26:37,14.82,0.0,4,5928,卖盘
2548,14:26:40,14.82,0.0,3,4446,卖盘
2549,14:26:42,14.82,0.0,2,2964,卖盘
2550,14:26:55,14.82,0.0,3,4446,卖盘
2551,14:26:58,14.83,0.01,3,4449,买盘
2552,14:27:04,14.82,-0.01,5,7410,卖盘
2553,14:27:10,14.82,0.0,4,5928,卖盘
2554,14:27:16,14.82,0.0,5,7410,卖盘
2555,14:27:25,14.82,0.0,10,14825,卖盘
2556,14:27:40,14.82,0.0,2,2964,卖盘
2557,14:27:55,14.82,0.0,5,7410,卖盘
2558,14:27:57,14.82,0.0,24,35571,卖盘
2559,14:28:10,14.81,-0.01,5,7405,卖盘
2560,14:28:25,14.81,0.0,12,17772,卖盘
2561,14:28:37,14.82,0.01,9,13338,买盘
2562,14:28:40,14.81,-0.01,3,4443,卖盘
2563,14:28:46,14.82,0.01,34,50388,买盘
2564,14:28:49,14.82,0.0,8,11856,卖盘
2565,14:28:55,14.82,0.0,3,4446,卖盘
2566,14:29:04,14.82,0.0,4,5928,卖盘
2567,14:29:10,14.83,0.01,41,60800,买盘
2568,14:29:25,14.86,0.03,165,245112,买盘
2569,14:29:27,14.86,0.0,7,10402,买盘
2570,14:29:40,14.82,-0.04,3,4446,卖盘
2571,14:29:49,14.86,0.04,15,22282,买盘
2572,14:29:51,14.86,0.0,6,8916,买盘
2573,14:29:55,14.83,-0.03,7,10381,买盘
2574,14:30:09,14.83,0.0,5,7415,卖盘
2575,14:30:13,14.83,0.0,12,17796,卖盘
2576,14:30:24,14.83,0.0,5,7415,卖盘
2577,14:30:34,14.85,0.02,5,7421,买盘
2578,14:30:39,14.85,0.0,4,5940,卖盘
2579,14:30:55,14.86,0.01,134,199121,买盘
2580,14:31:00,14.86,0.0,3,4458,买盘
2581,14:31:09,14.83,-0.03,4,5932,卖盘
2582,14:31:16,14.86,0.03,1,1486,买盘
2583,14:31:18,14.83,-0.03,4,5941,卖盘
2584,14:31:25,14.83,0.0,4,5932,卖盘
2585,14:31:40,14.84,0.01,6,8904,卖盘
2586,14:31:43,14.84,0.0,19,28208,卖盘
2587,14:31:46,14.84,0.0,66,97813,买盘
2588,14:31:49,14.81,-0.03,2,2962,卖盘
2589,14:31:55,14.81,0.0,5,7405,卖盘
2590,14:32:00,14.81,0.0,1,1481,卖盘
2591,14:32:10,14.81,0.0,5,7405,卖盘
2592,14:32:25,14.81,0.0,5,7405,卖盘
2593,14:32:34,14.83,0.02,4,5932,买盘
2594,14:32:40,14.81,-0.02,4,5924,卖盘
2595,14:32:55,14.81,0.0,4,5924,卖盘
2596,14:33:06,14.81,0.0,7,10367,卖盘
2597,14:33:09,14.81,0.0,3,4443,卖盘
2598,14:33:25,14.81,0.0,4,5924,卖盘
2599,14:33:34,14.8,-0.01,256,379039,卖盘
2600,14:33:40,14.8,0.0,3,4440,卖盘
2601,14:33:49,14.8,0.0,6,8880,卖盘
2602,14:33:51,14.8,0.0,11,16280,卖盘
2603,14:33:55,14.8,0.0,5,7400,中性盘
2604,14:33:57,14.8,0.0,14,20726,卖盘
2605,14:34:01,14.8,0.0,9,13320,卖盘
2606,14:34:10,14.78,-0.02,5,7390,卖盘
2607,14:34:25,14.78,0.0,3,4434,卖盘
2608,14:34:36,14.76,-0.02,5,7382,卖盘
2609,14:34:40,14.77,0.01,4,5908,卖盘
2610,14:34:42,14.77,0.0,6,8862,买盘
2611,14:34:55,14.76,-0.01,17,25092,卖盘
2612,14:34:57,14.76,0.0,1,1476,卖盘
2613,14:35:10,14.76,0.0,3,4428,卖盘
2614,14:35:24,14.76,0.0,4,5904,卖盘
2615,14:35:39,14.76,0.0,3,4428,卖盘
2616,14:35:46,14.77,0.01,3,4431,买盘
2617,14:35:52,14.77,0.0,5,7385,买盘
2618,14:35:55,14.77,0.0,24,35448,买盘
2619,14:35:58,14.77,0.0,4,5908,卖盘
2620,14:36:07,14.78,0.01,1,1478,买盘
2621,14:36:09,14.77,-0.01,10,14770,卖盘
2622,14:36:18,14.77,0.0,9,13293,卖盘
2623,14:36:24,14.76,-0.01,4,5904,卖盘
2624,14:36:39,14.76,0.0,4,5904,卖盘
2625,14:36:49,14.76,0.0,43,63468,卖盘
2626,14:36:55,14.75,-0.01,8,11805,卖盘
2627,14:37:04,14.76,0.01,19,28044,买盘
2628,14:37:09,14.75,-0.01,33,48675,卖盘
2629,14:37:16,14.75,0.0,12,17707,卖盘
2630,14:37:19,14.76,0.01,9,13284,买盘
2631,14:37:24,14.75,-0.01,3,4425,卖盘
2632,14:37:27,14.76,0.01,4,5904,买盘
2633,14:37:31,14.76,0.0,7,10332,买盘
2634,14:37:34,14.75,-0.01,44,64906,卖盘
2635,14:37:40,14.75,0.0,7,10325,卖盘
2636,14:37:43,14.76,0.01,4,5904,买盘
2637,14:37:46,14.77,0.01,4,5905,买盘
2638,14:37:55,14.76,-0.01,4,5904,中性盘
2639,14:37:57,14.77,0.01,50,73850,买盘
2640,14:38:01,14.77,0.0,13,19201,买盘
2641,14:38:04,14.77,0.0,3,4431,买盘
2642,14:38:07,14.77,0.0,4,5911,卖盘
2643,14:38:09,14.77,0.0,4,5908,卖盘
2644,14:38:12,14.78,0.01,4,5912,买盘
2645,14:38:15,14.78,0.0,4,5912,买盘
2646,14:38:22,14.77,-0.01,63,93104,卖盘
2647,14:38:25,14.77,0.0,8,11821,卖盘
2648,14:38:28,14.78,0.01,2,2956,买盘
2649,14:38:31,14.78,0.0,6,8868,买盘
2650,14:38:34,14.78,0.0,12,17736,买盘
2651,14:38:37,14.8,0.02,24,35484,买盘
2652,14:38:40,14.78,-0.02,3,4434,卖盘
2653,14:38:43,14.8,0.02,5,7400,买盘
2654,14:38:49,14.8,0.0,5,7400,买盘
2655,14:38:55,14.78,-0.02,3,4434,卖盘
2656,14:39:01,14.8,0.02,52,76960,买盘
2657,14:39:10,14.8,0.0,13,19240,卖盘
2658,14:39:13,14.8,0.0,13,19240,买盘
2659,14:39:22,14.81,0.01,10,14807,买盘
2660,14:39:25,14.8,-0.01,12,17765,买盘
2661,14:39:28,14.81,0.01,1,1481,买盘
2662,14:39:39,14.81,0.0,33,48873,买盘
2663,14:39:43,14.82,0.01,4,5928,买盘
2664,14:39:46,14.82,0.0,2,2964,中性盘
2665,14:39:51,14.82,0.0,5,7410,卖盘
2666,14:39:55,14.82,0.0,4,5928,卖盘
2667,14:39:57,14.83,0.01,3,4449,买盘
2668,14:40:00,14.81,-0.02,10,14819,卖盘
2669,14:40:09,14.81,0.0,5,7405,卖盘
2670,14:40:13,14.81,0.0,1,1481,卖盘
2671,14:40:25,14.81,0.0,11,16291,卖盘
2672,14:40:39,14.81,0.0,3,4443,卖盘
2673,14:40:55,14.81,0.0,3,4443,卖盘
2674,14:41:10,14.81,0.0,6,8887,卖盘
2675,14:41:25,14.81,0.0,5,7405,卖盘
2676,14:41:31,14.82,0.01,2,2964,买盘
2677,14:41:37,14.81,-0.01,47,69608,卖盘
2678,14:41:40,14.81,0.0,53,78488,买盘
2679,14:41:45,14.81,0.0,21,31091,买盘
2680,14:41:55,14.79,-0.02,4,5916,卖盘
2681,14:42:10,14.79,0.0,3,4437,卖盘
2682,14:42:21,14.8,0.01,2,2960,买盘
2683,14:42:25,14.79,-0.01,4,5917,卖盘
2684,14:42:37,14.79,0.0,33,48807,卖盘
2685,14:42:40,14.79,0.0,1,1479,卖盘
2686,14:42:43,14.79,0.0,5,7395,卖盘
2687,14:42:58,14.79,0.0,5,7395,卖盘
2688,14:43:01,14.8,0.01,1,1480,买盘
2689,14:43:13,14.79,-0.01,3,4437,卖盘
2690,14:43:19,14.8,0.01,18,26640,买盘
2691,14:43:25,14.79,-0.01,110,162734,卖盘
2692,14:43:28,14.79,0.0,3,4437,卖盘
2693,14:43:36,14.8,0.01,5,7400,卖盘
2694,14:43:39,14.8,0.0,1,1480,卖盘
2695,14:43:43,14.8,0.0,5,7400,卖盘
2696,14:43:49,14.8,0.0,2,2960,卖盘
2697,14:43:55,14.8,0.0,3,4440,买盘
2698,14:43:58,14.8,0.0,3,4440,卖盘
2699,14:44:04,14.8,0.0,9,13320,卖盘
2700,14:44:07,14.81,0.01,15,22215,买盘
2701,14:44:12,14.8,-0.01,5,7400,卖盘
2702,14:44:21,14.8,0.0,9,13328,卖盘
2703,14:44:28,14.8,0.0,12,17757,买盘
2704,14:44:31,14.81,0.01,1,1481,买盘
2705,14:44:34,14.8,-0.01,2,2960,卖盘
2706,14:44:40,14.8,0.0,1,1480,买盘
2707,14:44:42,14.8,0.0,5,7397,买盘
2708,14:44:46,14.81,0.01,3,4441,买盘
2709,14:44:58,14.8,-0.01,5,7400,卖盘
2710,14:45:01,14.81,0.01,7,10367,买盘
2711,14:45:06,14.8,-0.01,12,17762,卖盘
2712,14:45:10,14.82,0.02,34,50355,买盘
2713,14:45:13,14.8,-0.02,5,7400,卖盘
2714,14:45:21,14.82,0.02,20,29640,买盘
2715,14:45:27,14.81,-0.01,5,7405,卖盘
2716,14:45:30,14.82,0.01,4,5928,买盘
2717,14:45:34,14.82,0.0,2,2964,买盘
2718,14:45:43,14.81,-0.01,3,4443,卖盘
2719,14:45:57,14.81,0.0,4,5924,卖盘
2720,14:46:01,14.82,0.01,1,1482,买盘
2721,14:46:04,14.83,0.01,6,8450,买盘
2722,14:46:07,14.82,-0.01,7,10375,卖盘
2723,14:46:13,14.84,0.02,23,34101,买盘
2724,14:46:16,14.82,-0.02,3,4446,卖盘
2725,14:46:19,14.83,0.01,1,1483,卖盘
2726,14:46:25,14.83,0.0,1,1483,卖盘
2727,14:46:28,14.83,0.0,50,74166,卖盘
2728,14:46:31,14.83,0.0,7,10391,卖盘
2729,14:46:42,14.83,0.0,3,4449,卖盘
2730,14:46:45,14.85,0.02,5,7425,买盘
2731,14:46:58,14.83,-0.02,5,7415,卖盘
2732,14:47:13,14.83,0.0,3,4449,卖盘
2733,14:47:15,14.83,0.0,3,4449,卖盘
2734,14:47:22,14.84,0.01,3,4452,买盘
2735,14:47:28,14.83,-0.01,4,5932,卖盘
2736,14:47:31,14.83,0.0,2,2966,卖盘
2737,14:47:37,14.84,0.01,2,2968,买盘
2738,14:47:40,14.83,-0.01,4,5932,卖盘
2739,14:47:49,14.83,0.0,4,5932,卖盘
2740,14:47:54,14.83,0.0,18,26694,卖盘
2741,14:47:58,14.83,0.0,21,31143,卖盘
2742,14:48:13,14.82,-0.01,3,4446,卖盘
2743,14:48:16,14.82,0.0,1,1482,卖盘
2744,14:48:27,14.82,0.0,107,158574,卖盘
2745,14:48:30,14.82,0.0,12,17775,买盘
2746,14:48:40,14.81,-0.01,1,1481,卖盘
2747,14:48:43,14.82,0.01,17,25194,买盘
2748,14:48:46,14.82,0.0,2,2964,买盘
2749,14:48:57,14.82,0.0,8,11856,买盘
2750,14:49:01,14.81,-0.01,11,16292,卖盘
2751,14:49:04,14.81,0.0,4,5924,卖盘
2752,14:49:10,14.82,0.01,19,28158,买盘
2753,14:49:12,14.81,-0.01,10,14810,卖盘
2754,14:49:22,14.81,0.0,10,14810,卖盘
2755,14:49:24,14.81,0.0,3,4443,卖盘
2756,14:49:34,14.81,0.0,8,12588,卖盘
2757,14:49:37,14.81,0.0,12,17772,卖盘
2758,14:49:42,14.81,0.0,5,7405,卖盘
2759,14:49:45,14.81,0.0,5,7405,卖盘
2760,14:49:49,14.81,0.0,2,2962,卖盘
2761,14:49:58,14.81,0.0,24,35544,卖盘
2762,14:50:01,14.82,0.01,10,14820,买盘
2763,14:50:04,14.81,-0.01,2,2962,卖盘
2764,14:50:07,14.82,0.01,14,20748,买盘
2765,14:50:12,14.82,0.0,22,32583,买盘
2766,14:50:15,14.81,-0.01,5,7405,卖盘
2767,14:50:18,14.82,0.01,49,72613,买盘
2768,14:50:22,14.82,0.0,8,11854,买盘
2769,14:50:25,14.81,-0.01,40,58500,卖盘
2770,14:50:28,14.81,0.0,1,1481,买盘
2771,14:50:34,14.81,0.0,42,62202,买盘
2772,14:50:42,14.81,0.0,1,1481,买盘
2773,14:50:45,14.8,-0.01,6,8880,卖盘
2774,14:50:55,14.8,0.0,3,4440,卖盘
2775,14:51:04,14.8,0.0,2,2960,卖盘
2776,14:51:07,14.8,0.0,21,31080,卖盘
2777,14:51:10,14.79,-0.01,1,1479,卖盘
2778,14:51:15,14.79,0.0,7,10353,卖盘
2779,14:51:22,14.82,0.03,212,314002,买盘
2780,14:51:28,14.79,-0.03,2,2958,卖盘
2781,14:51:31,14.82,0.03,10,14820,买盘
2782,14:51:49,14.8,-0.02,18,26640,卖盘
2783,14:52:07,14.8,0.0,36,53280,卖盘
2784,14:52:18,14.79,-0.01,8,11832,卖盘
2785,14:52:28,14.8,0.01,3,4440,买盘
2786,14:52:31,14.79,-0.01,1,1479,卖盘
2787,14:52:37,14.8,0.01,5,7400,买盘
2788,14:52:43,14.8,0.0,12,17760,买盘
2789,14:52:46,14.8,0.0,2,2960,卖盘
2790,14:52:52,14.8,0.0,8,11840,卖盘
2791,14:53:01,14.8,0.0,56,82880,卖盘
2792,14:53:04,14.79,-0.01,10,14793,卖盘
2793,14:53:06,14.8,0.01,30,44400,买盘
2794,14:53:09,14.79,-0.01,3,4437,卖盘
2795,14:53:19,14.79,0.0,1,1479,卖盘
2796,14:53:25,14.8,0.01,7,10360,买盘
2797,14:53:31,14.8,0.0,15,22195,买盘
2798,14:53:37,14.8,0.0,44,65120,买盘
2799,14:53:39,14.8,0.0,10,14800,卖盘
2800,14:53:43,14.8,0.0,25,37000,卖盘
2801,14:53:45,14.8,0.0,10,14800,卖盘
2802,14:53:49,14.8,0.0,13,19240,卖盘
2803,14:53:52,14.8,0.0,2,2960,卖盘
2804,14:53:55,14.8,0.0,18,26640,卖盘
2805,14:54:01,14.79,-0.01,3,4437,卖盘
2806,14:54:07,14.79,0.0,47,69513,卖盘
2807,14:54:13,14.8,0.01,21,31079,买盘
2808,14:54:19,14.79,-0.01,4,5916,卖盘
2809,14:54:28,14.8,0.01,48,71034,买盘
2810,14:54:31,14.79,-0.01,4,5916,卖盘
2811,14:54:34,14.79,0.0,34,50294,卖盘
2812,14:54:37,14.79,0.0,8,11832,卖盘
2813,14:54:42,14.8,0.01,4,5920,买盘
2814,14:54:58,14.79,-0.01,24,35496,卖盘
2815,14:55:04,14.78,-0.01,18,26604,卖盘
2816,14:55:16,14.78,0.0,59,87202,卖盘
2817,14:55:18,14.78,0.0,18,26604,买盘
2818,14:55:25,14.78,0.0,10,14780,买盘
2819,14:55:28,14.78,0.0,105,155104,买盘
2820,14:55:34,14.78,0.0,1,1478,买盘
2821,14:55:37,14.78,0.0,11,16258,买盘
2822,14:55:40,14.78,0.0,15,22170,卖盘
2823,14:55:43,14.79,0.01,17,25143,买盘
2824,14:55:48,14.78,-0.01,38,56164,卖盘
2825,14:55:52,14.78,0.0,10,14780,买盘
2826,14:55:58,14.78,0.0,44,65032,买盘
2827,14:56:01,14.78,0.0,4,5912,卖盘
2828,14:56:04,14.79,0.01,10,14790,买盘
2829,14:56:09,14.78,-0.01,26,38452,卖盘
2830,14:56:13,14.78,0.0,5,7390,卖盘
2831,14:56:25,14.79,0.01,19,28101,买盘
2832,14:56:28,14.78,-0.01,5,7390,卖盘
2833,14:56:30,14.78,0.0,46,67988,卖盘
2834,14:56:33,14.78,0.0,10,14779,买盘
2835,14:56:37,14.77,-0.01,2,2954,卖盘
