,time,price,change,volume,amount,type
0,09:25:05,17.6,0.4,462,813120,买盘
1,09:30:04,17.6,0.0,34,59750,买盘
2,09:30:07,17.7,0.1,236,417190,买盘
3,09:30:10,17.7,0.0,198,350176,卖盘
4,09:30:13,17.7,0.0,32,56640,卖盘
5,09:30:16,17.66,-0.04,46,81412,卖盘
6,09:30:19,17.66,0.0,82,144892,卖盘
7,09:30:22,17.7,0.04,7,12390,买盘
8,09:30:26,17.66,-0.04,15,26492,卖盘
9,09:30:28,17.72,0.06,116,205420,买盘
10,09:30:31,17.72,0.0,13,23036,卖盘
11,09:30:34,17.72,0.0,5,8860,卖盘
12,09:30:37,17.7,-0.02,19,33630,卖盘
13,09:30:40,17.74,0.04,44,78042,买盘
14,09:30:43,17.74,0.0,39,69082,买盘
15,09:30:46,17.7,-0.04,41,72595,卖盘
16,09:30:49,17.74,0.04,21,37208,买盘
17,09:30:52,17.74,0.0,26,46110,买盘
18,09:30:55,17.75,0.01,18,31943,买盘
19,09:30:58,17.72,-0.03,11,19500,卖盘
20,09:31:01,17.71,-0.01,10,17711,卖盘
21,09:31:04,17.74,0.03,8,14192,买盘
22,09:31:07,17.73,-0.01,30,53141,中性盘
23,09:31:10,17.72,-0.01,44,77932,中性盘
24,09:31:13,17.71,-0.01,42,74386,卖盘
25,09:31:16,17.71,0.0,69,122213,卖盘
26,09:31:19,17.72,0.01,32,56682,买盘
27,09:31:22,17.7,-0.02,51,90295,卖盘
28,09:31:25,17.71,0.01,212,375507,买盘
29,09:31:28,17.71,0.0,23,40749,买盘
30,09:31:31,17.71,0.0,5,8855,买盘
31,09:31:34,17.71,0.0,242,428347,买盘
32,09:31:37,17.7,-0.01,38,67277,卖盘
33,09:31:40,17.7,0.0,21,37170,卖盘
34,09:31:43,17.7,0.0,21,37175,买盘
35,09:31:46,17.7,0.0,8,14160,买盘
36,09:31:49,17.69,-0.01,10,17693,卖盘
37,09:31:52,17.69,0.0,3,5307,卖盘
38,09:31:58,17.66,-0.03,88,155582,卖盘
39,09:32:01,17.69,0.03,18,31840,买盘
40,09:32:04,17.69,0.0,30,53070,买盘
41,09:32:07,17.68,-0.01,27,47722,买盘
42,09:32:10,17.69,0.01,165,291756,买盘
43,09:32:13,17.66,-0.03,9,15894,卖盘
44,09:32:16,17.66,0.0,2,3532,卖盘
45,09:32:19,17.68,0.02,92,162408,买盘
46,09:32:22,17.68,0.0,45,79512,买盘
47,09:32:25,17.69,0.01,85,150206,买盘
48,09:32:28,17.64,-0.05,8,14112,卖盘
49,09:32:31,17.64,0.0,14,24710,卖盘
50,09:32:34,17.65,0.01,17,29995,中性盘
51,09:32:40,17.64,-0.01,22,38829,卖盘
52,09:32:46,17.65,0.01,16,28240,买盘
53,09:32:52,17.64,-0.01,35,61774,卖盘
54,09:32:55,17.65,0.01,4,7060,中性盘
55,09:32:58,17.64,-0.01,97,171273,卖盘
56,09:33:01,17.65,0.01,27,47647,中性盘
57,09:33:04,17.66,0.01,12,21192,卖盘
58,09:33:07,17.65,-0.01,1,1765,买盘
59,09:33:10,17.65,0.0,6,10589,买盘
60,09:33:13,17.65,0.0,55,97073,买盘
61,09:33:16,17.64,-0.01,11,19404,卖盘
62,09:33:19,17.65,0.01,182,321181,买盘
63,09:33:22,17.65,0.0,22,38830,卖盘
64,09:33:25,17.65,0.0,46,81190,卖盘
65,09:33:28,17.66,0.01,25,44150,买盘
66,09:33:31,17.65,-0.01,11,19422,卖盘
67,09:33:34,17.65,0.0,61,107680,卖盘
68,09:33:37,17.65,0.0,10,17653,卖盘
69,09:33:43,17.65,0.0,3,5296,卖盘
70,09:33:46,17.68,0.03,10,17680,买盘
71,09:33:49,17.65,-0.03,36,63546,卖盘
72,09:33:52,17.65,0.0,22,38830,卖盘
73,09:33:58,17.66,0.01,53,93700,卖盘
74,09:34:01,17.65,-0.01,59,104147,卖盘
75,09:34:04,17.68,0.03,32,56510,中性盘
76,09:34:07,17.65,-0.03,14,24718,卖盘
77,09:34:10,17.66,0.01,4,7064,买盘
78,09:34:16,17.65,-0.01,50,88266,卖盘
79,09:34:19,17.65,0.0,17,30005,卖盘
80,09:34:22,17.66,0.01,29,51217,中性盘
81,09:34:25,17.66,0.0,6,10596,买盘
82,09:34:28,17.65,-0.01,155,273783,卖盘
83,09:34:32,17.65,0.0,53,93545,卖盘
84,09:34:34,17.65,0.0,300,529500,卖盘
85,09:34:40,17.67,0.02,13,22971,买盘
86,09:34:43,17.65,-0.02,43,75898,卖盘
87,09:34:49,17.64,-0.01,14,24707,卖盘
88,09:34:55,17.64,0.0,7,12347,买盘
89,09:35:01,17.65,0.01,14,24689,买盘
90,09:35:04,17.63,-0.02,52,91676,卖盘
91,09:35:13,17.63,0.0,11,19393,卖盘
92,09:35:16,17.64,0.01,8,14105,买盘
93,09:35:19,17.65,0.01,103,181715,买盘
94,09:35:22,17.61,-0.04,229,403385,卖盘
95,09:35:28,17.61,0.0,2,3522,卖盘
96,09:35:37,17.61,0.0,13,22899,卖盘
97,09:35:40,17.61,0.0,31,54593,卖盘
98,09:35:43,17.63,0.02,28,49364,买盘
99,09:35:46,17.61,-0.02,21,36981,卖盘
100,09:35:49,17.61,0.0,122,214764,卖盘
101,09:35:52,17.6,-0.01,10,17600,卖盘
102,09:35:55,17.63,0.03,52,91607,买盘
103,09:36:01,17.61,-0.02,10,17610,卖盘
104,09:36:05,17.61,0.0,12,21132,卖盘
105,09:36:07,17.61,0.0,11,19391,卖盘
106,09:36:13,17.61,0.0,1,1761,买盘
107,09:36:16,17.61,0.0,25,44007,买盘
108,09:36:19,17.63,0.02,12,21136,买盘
109,09:36:22,17.61,-0.02,16,28170,中性盘
110,09:36:25,17.6,-0.01,60,105635,卖盘
111,09:36:28,17.63,0.03,50,88150,买盘
112,09:36:31,17.6,-0.03,1,1760,卖盘
113,09:36:34,17.61,0.01,7,12327,卖盘
114,09:36:37,17.61,0.0,8,14088,卖盘
115,09:36:43,17.61,0.0,7,12327,卖盘
116,09:36:49,17.61,0.0,10,17610,买盘
117,09:36:52,17.6,-0.01,1,1760,卖盘
118,09:36:58,17.61,0.01,1,1761,买盘
119,09:37:04,17.61,0.0,8,14088,买盘
120,09:37:07,17.61,0.0,11,19371,买盘
121,09:37:10,17.61,0.0,12,21132,买盘
122,09:37:16,17.6,-0.01,20,35210,卖盘
123,09:37:19,17.61,0.01,39,68660,买盘
124,09:37:22,17.6,-0.01,6,10564,卖盘
125,09:37:25,17.61,0.01,50,88050,买盘
126,09:37:31,17.61,0.0,9,15850,卖盘
127,09:37:37,17.61,0.0,12,21132,卖盘
128,09:37:40,17.6,-0.01,9,15843,卖盘
129,09:37:43,17.61,0.01,9,15849,买盘
130,09:37:52,17.61,0.0,127,223647,买盘
131,09:37:55,17.6,-0.01,2,3520,卖盘
132,09:37:58,17.61,0.01,21,36971,买盘
133,09:38:01,17.6,-0.01,39,68657,卖盘
134,09:38:04,17.61,0.01,4,7044,买盘
135,09:38:07,17.6,-0.01,25,44000,卖盘
136,09:38:10,17.61,0.01,52,91572,买盘
137,09:38:13,17.61,0.0,6,10566,买盘
138,09:38:16,17.62,0.01,5,8810,买盘
139,09:38:19,17.62,0.0,17,29954,买盘
140,09:38:22,17.62,0.0,10,17620,买盘
141,09:38:25,17.61,-0.01,10,17617,卖盘
142,09:38:28,17.62,0.01,40,70470,买盘
143,09:38:31,17.63,0.01,13,22919,买盘
144,09:38:34,17.64,0.01,42,74047,买盘
145,09:38:37,17.65,0.01,20,35291,买盘
146,09:38:40,17.62,-0.03,18,31716,卖盘
147,09:38:43,17.62,0.0,23,40526,卖盘
148,09:38:46,17.65,0.03,34,59952,买盘
149,09:38:49,17.68,0.03,109,192475,买盘
150,09:38:52,17.68,0.0,7,12376,卖盘
151,09:38:58,17.68,0.0,1,1768,卖盘
152,09:39:01,17.65,-0.03,2,3530,卖盘
153,09:39:07,17.69,0.04,42,74289,买盘
154,09:39:10,17.65,-0.04,10,17659,卖盘
155,09:39:13,17.68,0.03,1,1768,中性盘
156,09:39:16,17.65,-0.03,15,26475,卖盘
157,09:39:25,17.68,0.03,6,10608,中性盘
158,09:39:34,17.69,0.01,103,182207,买盘
159,09:39:37,17.68,-0.01,6,10612,卖盘
160,09:39:40,17.68,0.0,21,37128,买盘
161,09:39:43,17.68,0.0,16,28304,卖盘
162,09:39:46,17.7,0.02,2,3540,买盘
163,09:39:49,17.7,0.0,13,23000,买盘
164,09:39:52,17.69,-0.01,78,137935,卖盘
165,09:39:55,17.69,0.0,10,17690,卖盘
166,09:39:58,17.7,0.01,112,198055,买盘
167,09:40:07,17.7,0.0,19,33630,买盘
168,09:40:10,17.7,0.0,9,15930,买盘
169,09:40:13,17.7,0.0,66,116861,买盘
170,09:40:16,17.7,0.0,23,40710,卖盘
171,09:40:19,17.7,0.0,9,15932,卖盘
172,09:40:22,17.7,0.0,46,81420,卖盘
173,09:40:25,17.71,0.01,2,3542,买盘
174,09:40:28,17.73,0.02,236,418362,买盘
175,09:40:31,17.7,-0.03,50,88500,卖盘
176,09:40:34,17.7,0.0,49,86770,卖盘
177,09:40:37,17.7,0.0,23,40694,买盘
178,09:40:40,17.7,0.0,47,83190,买盘
179,09:40:43,17.7,0.0,8,14160,买盘
180,09:40:49,17.72,0.02,65,115035,买盘
181,09:40:52,17.7,-0.02,2,3540,卖盘
182,09:40:58,17.71,0.01,33,58443,卖盘
183,09:41:04,17.72,0.01,24,42518,买盘
184,09:41:07,17.72,0.0,2,3544,中性盘
185,09:41:10,17.71,-0.01,52,92123,卖盘
186,09:41:13,17.73,0.02,408,722582,买盘
187,09:41:16,17.73,0.0,23,40776,买盘
188,09:41:19,17.72,-0.01,2,3544,卖盘
189,09:41:22,17.72,0.0,3,5318,卖盘
190,09:41:25,17.71,-0.01,14,24800,卖盘
191,09:41:34,17.71,0.0,10,17716,卖盘
192,09:41:37,17.71,0.0,15,26575,卖盘
193,09:41:40,17.71,0.0,15,26565,卖盘
194,09:41:43,17.71,0.0,5,8855,卖盘
195,09:41:46,17.7,-0.01,8,14160,卖盘
196,09:41:49,17.7,0.0,6,10620,卖盘
197,09:41:52,17.71,0.01,2,3542,买盘
198,09:41:55,17.72,0.01,202,357832,买盘
199,09:42:01,17.72,0.0,13,23036,卖盘
200,09:42:07,17.73,0.01,27,47851,买盘
201,09:42:10,17.73,0.0,153,271148,买盘
202,09:42:13,17.73,0.0,91,161342,买盘
203,09:42:16,17.73,0.0,17,30141,卖盘
204,09:42:19,17.73,0.0,15,26595,卖盘
205,09:42:22,17.73,0.0,29,51417,卖盘
206,09:42:28,17.74,0.01,55,97515,买盘
207,09:42:34,17.74,0.0,40,70953,买盘
208,09:42:37,17.71,-0.03,20,35433,卖盘
209,09:42:43,17.71,0.0,13,23033,卖盘
210,09:42:46,17.73,0.02,14,24822,买盘
211,09:42:58,17.73,0.0,13,23049,卖盘
212,09:43:01,17.72,-0.01,5,8860,卖盘
213,09:43:04,17.74,0.02,30,53206,买盘
214,09:43:07,17.73,-0.01,4,7092,卖盘
215,09:43:16,17.73,0.0,11,19497,买盘
216,09:43:19,17.73,0.0,4,7092,买盘
217,09:43:28,17.72,-0.01,1,1772,买盘
218,09:43:31,17.7,-0.02,24,42480,卖盘
219,09:43:34,17.7,0.0,12,21240,买盘
220,09:43:37,17.7,0.0,8,14160,买盘
221,09:43:46,17.69,-0.01,20,35380,卖盘
222,09:43:49,17.7,0.01,23,40710,买盘
223,09:43:55,17.69,-0.01,15,26535,卖盘
224,09:44:04,17.69,0.0,22,38918,卖盘
225,09:44:07,17.7,0.01,1,1770,买盘
226,09:44:10,17.69,-0.01,115,203371,卖盘
227,09:44:13,17.69,0.0,14,24766,买盘
228,09:44:16,17.68,-0.01,29,51284,卖盘
229,09:44:19,17.68,0.0,3,5304,买盘
230,09:44:28,17.66,-0.02,12,21199,卖盘
231,09:44:31,17.67,0.01,2,3534,买盘
232,09:44:37,17.66,-0.01,15,26490,卖盘
233,09:44:40,17.67,0.01,9,15896,买盘
234,09:44:43,17.66,-0.01,2,3532,卖盘
235,09:44:46,17.65,-0.01,19,33540,卖盘
236,09:44:52,17.64,-0.01,2,3528,卖盘
237,09:44:55,17.65,0.01,12,21180,买盘
238,09:45:01,17.65,0.0,16,28233,买盘
239,09:45:07,17.64,-0.01,9,15876,卖盘
240,09:45:13,17.63,-0.01,45,79342,卖盘
241,09:45:19,17.65,0.02,45,79420,买盘
242,09:45:22,17.65,0.0,15,26464,买盘
243,09:45:28,17.63,-0.02,35,61705,卖盘
244,09:45:34,17.63,0.0,7,12341,买盘
245,09:45:37,17.62,-0.01,6,10572,卖盘
246,09:45:40,17.63,0.01,4,7052,买盘
247,09:45:49,17.63,0.0,20,35260,卖盘
248,09:45:52,17.63,0.0,21,37023,卖盘
249,09:45:55,17.63,0.0,1,1763,卖盘
250,09:46:01,17.63,0.0,5,8815,卖盘
251,09:46:05,17.63,0.0,6,10578,卖盘
252,09:46:07,17.64,0.01,1,1764,买盘
253,09:46:10,17.63,-0.01,38,67009,卖盘
254,09:46:13,17.64,0.01,8,14112,买盘
255,09:46:25,17.64,0.0,90,158639,买盘
256,09:46:28,17.64,0.0,10,17640,卖盘
257,09:46:31,17.64,0.0,6,10584,卖盘
258,09:46:34,17.65,0.01,53,93529,买盘
259,09:46:46,17.66,0.01,63,111258,买盘
260,09:46:55,17.66,0.0,3,5298,卖盘
261,09:46:58,17.66,0.0,5,8830,卖盘
262,09:47:04,17.66,0.0,24,42384,买盘
263,09:47:10,17.66,0.0,10,17660,卖盘
264,09:47:16,17.67,0.01,16,28270,买盘
265,09:47:25,17.68,0.01,11,19448,买盘
266,09:47:31,17.67,-0.01,12,21204,卖盘
267,09:47:34,17.67,0.0,16,28272,买盘
268,09:47:37,17.67,0.0,10,17670,买盘
269,09:47:49,17.66,-0.01,61,107767,卖盘
270,09:47:52,17.67,0.01,37,65379,买盘
271,09:47:55,17.66,-0.01,6,10597,卖盘
272,09:48:01,17.66,0.0,5,8830,买盘
273,09:48:04,17.64,-0.02,40,70598,卖盘
274,09:48:07,17.65,0.01,4,7060,卖盘
275,09:48:19,17.65,0.0,16,28250,卖盘
276,09:48:28,17.66,0.01,1,1766,卖盘
277,09:48:34,17.66,0.0,27,47702,卖盘
278,09:48:40,17.65,-0.01,65,114725,卖盘
279,09:48:46,17.66,0.01,7,12362,买盘
280,09:48:49,17.66,0.0,2,3532,卖盘
281,09:48:55,17.66,0.0,3,5298,卖盘
282,09:48:58,17.67,0.01,26,45939,买盘
283,09:49:01,17.67,0.0,4,7068,卖盘
284,09:49:04,17.68,0.01,44,77752,买盘
285,09:49:07,17.67,-0.01,10,17670,卖盘
286,09:49:16,17.67,0.0,42,74214,卖盘
287,09:49:19,17.67,0.0,2,3534,买盘
288,09:49:22,17.65,-0.02,20,35319,卖盘
289,09:49:40,17.65,0.0,12,21180,卖盘
290,09:49:43,17.67,0.02,57,100716,买盘
291,09:49:46,17.65,-0.02,13,22945,卖盘
292,09:49:58,17.65,0.0,35,61775,卖盘
293,09:50:10,17.64,-0.01,5,8820,卖盘
294,09:50:13,17.64,0.0,18,31764,卖盘
295,09:50:19,17.64,0.0,35,61740,卖盘
296,09:50:22,17.64,0.0,4,7056,卖盘
297,09:50:25,17.65,0.01,43,75865,买盘
298,09:50:28,17.65,0.0,3,5295,买盘
299,09:50:34,17.64,-0.01,1,1764,卖盘
300,09:50:37,17.64,0.0,6,10584,买盘
301,09:50:49,17.63,-0.01,12,21156,卖盘
302,09:51:01,17.64,0.01,5,8820,买盘
303,09:51:07,17.62,-0.02,15,26430,卖盘
304,09:51:25,17.62,0.0,2,3524,卖盘
305,09:51:31,17.61,-0.01,32,56372,卖盘
306,09:51:37,17.62,0.01,5,8810,买盘
307,09:51:40,17.62,0.0,18,31716,买盘
308,09:51:43,17.61,-0.01,1,1761,卖盘
309,09:51:46,17.61,0.0,23,40503,卖盘
310,09:51:49,17.63,0.02,52,91669,买盘
311,09:51:52,17.61,-0.02,18,31715,卖盘
312,09:52:04,17.62,0.01,20,35240,卖盘
313,09:52:07,17.66,0.04,232,409448,买盘
314,09:52:10,17.66,0.0,1,1766,卖盘
315,09:52:13,17.67,0.01,57,100670,买盘
316,09:52:25,17.67,0.0,9,15903,卖盘
317,09:52:28,17.68,0.01,10,17680,买盘
318,09:52:31,17.69,0.01,39,68947,买盘
319,09:52:37,17.67,-0.02,55,97218,卖盘
320,09:52:40,17.67,0.0,6,10602,买盘
321,09:52:46,17.67,0.0,17,30039,买盘
322,09:52:55,17.67,0.0,13,22971,买盘
323,09:52:58,17.67,0.0,6,10602,买盘
324,09:53:04,17.67,0.0,3,5301,买盘
325,09:53:07,17.67,0.0,2,3534,买盘
326,09:53:10,17.67,0.0,2,3534,买盘
327,09:53:16,17.66,-0.01,28,49474,卖盘
328,09:53:19,17.67,0.01,11,19437,买盘
329,09:53:22,17.67,0.0,5,8835,买盘
330,09:53:34,17.67,0.0,20,35340,买盘
331,09:53:43,17.66,-0.01,45,79510,卖盘
332,09:53:46,17.67,0.01,3,5301,买盘
333,09:54:01,17.67,0.0,5,8835,卖盘
334,09:54:04,17.69,0.02,13,22997,买盘
335,09:54:07,17.67,-0.02,7,12369,卖盘
336,09:54:25,17.67,0.0,4,7071,卖盘
337,09:54:28,17.68,0.01,8,14144,买盘
338,09:54:34,17.68,0.0,8,14144,卖盘
339,09:54:58,17.67,-0.01,36,63628,卖盘
340,09:55:19,17.67,0.0,10,17670,卖盘
341,09:55:25,17.67,0.0,7,12369,卖盘
342,09:55:31,17.67,0.0,6,10602,买盘
343,09:55:46,17.67,0.0,11,19437,买盘
344,09:55:52,17.67,0.0,20,35340,买盘
345,09:55:55,17.66,-0.01,100,176606,卖盘
346,09:56:13,17.66,0.0,94,166093,卖盘
347,09:56:34,17.66,0.0,3,5298,买盘
348,09:56:37,17.65,-0.01,10,17650,卖盘
349,09:56:43,17.66,0.01,2,3532,买盘
350,09:56:46,17.66,0.0,9,15894,买盘
351,09:56:52,17.66,0.0,1,1766,卖盘
352,09:56:58,17.66,0.0,33,58278,卖盘
353,09:57:16,17.68,0.02,101,178568,买盘
354,09:57:25,17.66,-0.02,10,17670,卖盘
355,09:57:37,17.68,0.02,20,35360,买盘
356,09:57:40,17.66,-0.02,20,35320,卖盘
357,09:57:43,17.68,0.02,11,19448,买盘
358,09:57:52,17.68,0.0,1,1768,买盘
359,09:58:01,17.66,-0.02,2,3532,卖盘
360,09:58:10,17.67,0.01,2,3534,买盘
361,09:58:13,17.68,0.01,11,19441,买盘
362,09:58:16,17.68,0.0,5,8840,买盘
363,09:58:19,17.68,0.0,28,49504,买盘
364,09:58:37,17.68,0.0,5,8840,买盘
365,09:58:40,17.67,-0.01,28,49476,卖盘
366,09:58:46,17.67,0.0,11,19437,买盘
367,09:58:49,17.66,-0.01,16,28270,卖盘
368,09:58:52,17.66,0.0,6,10596,卖盘
369,09:58:55,17.68,0.02,40,70719,买盘
370,09:58:58,17.67,-0.01,3,5301,买盘
371,09:59:01,17.68,0.01,20,35360,买盘
372,09:59:07,17.68,0.0,1,1768,买盘
373,09:59:16,17.67,-0.01,17,30040,卖盘
374,09:59:19,17.67,0.0,23,40641,买盘
375,09:59:22,17.7,0.03,185,327378,买盘
376,09:59:28,17.66,-0.04,10,17668,卖盘
377,09:59:37,17.73,0.07,30,53172,买盘
378,09:59:40,17.71,-0.02,3,5313,卖盘
379,09:59:49,17.73,0.02,38,67374,买盘
380,09:59:52,17.75,0.02,290,514715,买盘
381,09:59:55,17.75,0.0,40,71103,卖盘
382,10:00:04,17.79,0.04,113,200997,买盘
383,10:00:10,17.8,0.01,45,80098,买盘
384,10:00:16,17.8,0.0,12,21360,买盘
385,10:00:19,17.8,0.0,41,73042,卖盘
386,10:00:22,17.8,0.0,72,128160,卖盘
387,10:00:28,17.82,0.02,6,10692,买盘
388,10:00:31,17.82,0.0,1,1782,买盘
389,10:00:34,17.83,0.01,14,24958,买盘
390,10:00:37,17.85,0.02,6,10704,买盘
391,10:00:43,17.85,0.0,6,10708,买盘
392,10:00:46,17.85,0.0,8,14280,买盘
393,10:00:52,17.86,0.01,10,17860,买盘
394,10:00:55,17.9,0.04,44,78696,买盘
395,10:00:58,17.88,-0.02,1,1788,中性盘
396,10:01:01,17.9,0.02,2,3580,买盘
397,10:01:04,17.92,0.02,22,39392,买盘
398,10:01:07,17.9,-0.02,7,12532,卖盘
399,10:01:10,17.91,0.01,8,14328,买盘
400,10:01:13,17.92,0.01,16,28672,买盘
401,10:01:16,17.92,0.0,7,12544,买盘
402,10:01:19,17.91,-0.01,56,100342,卖盘
403,10:01:22,17.91,0.0,85,152241,卖盘
404,10:01:25,17.97,0.06,57,102248,买盘
405,10:01:28,17.98,0.01,50,89622,买盘
406,10:01:31,17.92,-0.06,20,35840,卖盘
407,10:01:34,17.95,0.03,28,50224,买盘
408,10:01:37,17.95,0.0,2,3590,买盘
409,10:01:43,17.95,0.0,14,25124,买盘
410,10:01:46,17.95,0.0,25,44893,买盘
411,10:01:49,17.95,0.0,7,12570,卖盘
412,10:01:52,17.95,0.0,18,32310,卖盘
413,10:01:55,17.95,0.0,28,50260,卖盘
414,10:01:58,17.95,0.0,22,39524,卖盘
415,10:02:01,17.96,0.01,34,61041,中性盘
416,10:02:04,17.96,0.0,19,34121,卖盘
417,10:02:07,17.97,0.01,14,25155,买盘
418,10:02:10,17.95,-0.02,76,136483,卖盘
419,10:02:13,17.92,-0.03,75,134422,卖盘
420,10:02:16,17.95,0.03,27,48472,买盘
421,10:02:19,17.96,0.01,6,10774,买盘
422,10:02:28,17.93,-0.03,30,53774,买盘
423,10:02:31,17.92,-0.01,13,23296,卖盘
424,10:02:34,17.92,0.0,12,21505,卖盘
425,10:02:37,17.92,0.0,7,12544,买盘
426,10:02:43,17.92,0.0,9,16128,买盘
427,10:02:46,17.9,-0.02,30,53707,卖盘
428,10:02:49,17.9,0.0,11,19699,卖盘
429,10:02:52,17.91,0.01,9,16119,买盘
430,10:02:55,17.9,-0.01,2,3580,卖盘
431,10:02:58,17.91,0.01,11,19693,买盘
432,10:03:01,17.88,-0.03,9,16092,卖盘
433,10:03:07,17.9,0.02,3,5370,买盘
434,10:03:10,17.9,0.0,7,12526,买盘
435,10:03:13,17.89,-0.01,10,17890,卖盘
436,10:03:19,17.89,0.0,1,1789,卖盘
437,10:03:22,17.89,0.0,34,60826,买盘
438,10:03:25,17.89,0.0,20,35770,买盘
439,10:03:31,17.88,-0.01,1,1788,卖盘
440,10:03:43,17.88,0.0,15,26820,买盘
441,10:03:46,17.86,-0.02,15,26790,卖盘
442,10:03:49,17.86,0.0,40,71440,买盘
443,10:03:52,17.86,0.0,3,5358,买盘
444,10:03:55,17.88,0.02,25,44675,买盘
445,10:03:58,17.88,0.0,9,16092,卖盘
446,10:04:01,17.86,-0.02,25,44664,卖盘
447,10:04:16,17.86,0.0,5,8930,卖盘
448,10:04:19,17.87,0.01,21,37527,买盘
449,10:04:22,17.88,0.01,20,35750,买盘
450,10:04:25,17.87,-0.01,2,3574,卖盘
451,10:04:34,17.88,0.01,7,12516,买盘
452,10:04:37,17.88,0.0,5,8940,买盘
453,10:04:46,17.88,0.0,14,25032,卖盘
454,10:04:52,17.87,-0.01,32,57228,卖盘
455,10:04:58,17.88,0.01,6,10725,买盘
456,10:05:01,17.88,0.0,1,1788,卖盘
457,10:05:04,17.88,0.0,10,17880,卖盘
458,10:05:10,17.88,0.0,10,17880,卖盘
459,10:05:16,17.89,0.01,3,5367,买盘
460,10:05:19,17.9,0.01,24,42960,买盘
461,10:05:28,17.9,0.0,10,17900,买盘
462,10:05:31,17.9,0.0,3,5370,买盘
463,10:05:37,17.9,0.0,38,68020,买盘
464,10:05:40,17.9,0.0,20,35800,买盘
465,10:05:43,17.9,0.0,20,35800,卖盘
466,10:05:46,17.9,0.0,1,1790,卖盘
467,10:05:55,17.93,0.03,90,161302,买盘
468,10:06:01,17.91,-0.02,5,8955,卖盘
469,10:06:10,17.95,0.04,178,319424,买盘
470,10:06:13,17.97,0.02,147,264189,买盘
471,10:06:16,17.98,0.01,40,71920,买盘
472,10:06:25,17.98,0.0,17,30561,买盘
473,10:06:31,17.99,0.01,7,12593,买盘
474,10:06:34,17.99,0.0,74,133126,买盘
475,10:06:37,18.0,0.01,90,162000,买盘
476,10:06:40,18.02,0.02,36,64823,买盘
477,10:06:43,18.02,0.0,51,91932,卖盘
478,10:06:46,18.02,0.0,5,9010,卖盘
479,10:06:49,18.01,-0.01,57,102683,卖盘
480,10:06:52,18.06,0.05,35,63205,买盘
481,10:06:55,18.05,-0.01,8,14440,中性盘
482,10:06:58,18.06,0.01,36,65016,买盘
483,10:07:01,18.08,0.02,20,36130,买盘
484,10:07:04,18.08,0.0,7,12656,买盘
485,10:07:07,18.09,0.01,6,10854,买盘
486,10:07:13,18.08,-0.01,12,21701,卖盘
487,10:07:16,18.09,0.01,111,200760,买盘
488,10:07:19,18.07,-0.02,24,43392,卖盘
489,10:07:22,18.07,0.0,13,23494,卖盘
490,10:07:25,18.08,0.01,32,57854,买盘
491,10:07:28,18.08,0.0,13,23498,买盘
492,10:07:31,18.07,-0.01,11,19877,中性盘
493,10:07:34,18.08,0.01,122,220509,买盘
494,10:07:37,18.06,-0.02,20,36124,卖盘
495,10:07:40,18.06,0.0,28,50580,卖盘
496,10:07:43,18.08,0.02,64,115718,买盘
497,10:07:46,18.06,-0.02,66,119306,卖盘
498,10:07:49,18.06,0.0,21,37926,卖盘
499,10:07:52,18.09,0.03,52,94001,买盘
500,10:07:55,18.07,-0.02,10,18070,卖盘
501,10:07:58,18.09,0.02,31,56065,买盘
502,10:08:04,18.07,-0.02,27,48789,卖盘
503,10:08:07,18.08,0.01,12,21696,买盘
504,10:08:10,18.08,0.0,25,45178,买盘
505,10:08:13,18.08,0.0,6,10847,买盘
506,10:08:16,18.07,-0.01,8,14456,卖盘
507,10:08:19,18.07,0.0,73,131942,卖盘
508,10:08:22,18.06,-0.01,13,23488,卖盘
509,10:08:28,18.06,0.0,10,18060,卖盘
510,10:08:31,18.06,0.0,13,23478,卖盘
511,10:08:34,18.06,0.0,24,43344,卖盘
512,10:08:37,18.05,-0.01,29,52345,卖盘
513,10:08:40,18.06,0.01,10,18060,买盘
514,10:08:43,18.01,-0.05,5,9005,卖盘
515,10:08:46,18.06,0.05,10,18057,买盘
516,10:08:52,18.0,-0.06,5,9002,卖盘
517,10:09:01,18.0,0.0,14,25208,卖盘
518,10:09:04,18.0,0.0,6,10800,卖盘
519,10:09:07,18.0,0.0,5,9000,卖盘
520,10:09:10,18.01,0.01,11,19802,买盘
521,10:09:25,18.0,-0.01,37,66643,买盘
522,10:09:28,17.99,-0.01,7,12595,卖盘
523,10:09:31,18.0,0.01,25,45000,卖盘
524,10:09:34,18.04,0.04,10,18036,买盘
525,10:09:40,18.0,-0.04,14,25200,卖盘
526,10:09:46,18.0,0.0,15,27000,卖盘
527,10:09:49,18.0,0.0,6,10800,买盘
528,10:09:58,18.0,0.0,11,19800,买盘
529,10:10:01,18.0,0.0,7,12598,买盘
530,10:10:04,17.99,-0.01,10,17993,卖盘
531,10:10:07,17.99,0.0,1,1799,卖盘
532,10:10:13,17.99,0.0,2,3598,卖盘
533,10:10:16,18.0,0.01,2,3600,中性盘
534,10:10:19,18.01,0.01,35,63058,买盘
535,10:10:25,18.0,-0.01,9,16203,卖盘
536,10:10:31,18.0,0.0,8,14401,卖盘
537,10:10:34,18.0,0.0,9,16200,卖盘
538,10:10:37,18.0,0.0,5,9000,卖盘
539,10:10:40,17.99,-0.01,10,17990,卖盘
540,10:10:43,18.0,0.01,30,54000,买盘
541,10:10:46,18.0,0.0,8,14400,卖盘
542,10:10:49,17.99,-0.01,33,59367,卖盘
543,10:10:52,18.0,0.01,25,45000,买盘
544,10:10:55,18.0,0.0,5,9000,卖盘
545,10:11:01,18.0,0.0,7,12600,买盘
546,10:11:10,17.99,-0.01,10,17990,卖盘
547,10:11:13,17.99,0.0,13,23387,卖盘
548,10:11:16,17.99,0.0,4,7196,卖盘
549,10:11:25,17.98,-0.01,5,8990,卖盘
550,10:11:34,17.92,-0.06,100,179493,卖盘
551,10:11:49,17.92,0.0,29,51968,卖盘
552,10:12:04,17.92,0.0,16,28671,买盘
553,10:12:10,17.92,0.0,22,39404,买盘
554,10:12:16,17.9,-0.02,5,8950,卖盘
555,10:12:19,17.9,0.0,6,10740,卖盘
556,10:12:28,17.9,0.0,10,17900,卖盘
557,10:12:34,17.9,0.0,2,3580,卖盘
558,10:12:40,17.9,0.0,7,12530,卖盘
559,10:12:43,17.87,-0.03,30,53627,卖盘
560,10:12:52,17.89,0.02,1,1789,中性盘
561,10:12:55,17.9,0.01,3,5370,买盘
562,10:13:07,17.88,-0.02,23,41124,卖盘
563,10:13:10,17.88,0.0,7,12516,卖盘
564,10:13:34,17.91,0.03,53,94923,买盘
565,10:13:49,17.92,0.01,50,89600,买盘
566,10:13:52,17.91,-0.01,4,7164,卖盘
567,10:13:55,17.91,0.0,3,5373,卖盘
568,10:13:58,17.92,0.01,26,46592,买盘
569,10:14:10,17.92,0.0,50,89600,卖盘
570,10:14:16,17.92,0.0,5,8962,卖盘
571,10:14:19,17.92,0.0,26,46592,卖盘
572,10:14:22,17.92,0.0,3,5376,卖盘
573,10:14:31,17.92,0.0,1,1792,买盘
574,10:14:34,17.92,0.0,22,39422,买盘
575,10:14:37,17.92,0.0,2,3584,买盘
576,10:14:40,17.91,-0.01,22,39412,卖盘
577,10:14:46,17.92,0.01,8,14336,买盘
578,10:15:04,17.94,0.02,1,1794,买盘
579,10:15:07,17.94,0.0,19,34086,买盘
580,10:15:22,17.95,0.01,10,17950,买盘
581,10:15:25,17.95,0.0,22,39490,买盘
582,10:15:28,17.94,-0.01,15,26915,卖盘
583,10:15:31,17.95,0.01,11,19745,买盘
584,10:15:43,17.97,0.02,7,12579,买盘
585,10:15:46,17.97,0.0,1,1797,买盘
586,10:15:52,17.98,0.01,22,39554,买盘
587,10:15:55,17.98,0.0,10,17980,卖盘
588,10:15:58,17.98,0.0,10,17980,卖盘
589,10:16:04,17.99,0.01,6,10794,买盘
590,10:16:16,17.99,0.0,33,59367,卖盘
591,10:16:19,18.0,0.01,1,1800,买盘
592,10:16:22,17.99,-0.01,72,129585,卖盘
593,10:16:31,17.99,0.0,20,35980,卖盘
594,10:16:55,17.99,0.0,24,43176,卖盘
595,10:16:58,18.0,0.01,5,8996,买盘
596,10:17:04,17.99,-0.01,4,7196,买盘
597,10:17:16,17.97,-0.02,17,30557,卖盘
598,10:17:25,17.97,0.0,10,17970,卖盘
599,10:17:28,17.9,-0.07,145,259873,卖盘
600,10:17:49,17.88,-0.02,5,8940,卖盘
601,10:17:52,17.88,0.0,3,5364,卖盘
602,10:17:55,17.9,0.02,1,1790,买盘
603,10:18:07,17.88,-0.02,47,84036,卖盘
604,10:18:28,17.88,0.0,4,7152,卖盘
605,10:18:31,17.9,0.02,1,1790,买盘
606,10:18:34,17.94,0.04,17,30498,买盘
607,10:18:40,17.9,-0.04,7,12530,卖盘
608,10:18:49,17.88,-0.02,4,7152,卖盘
609,10:19:04,17.85,-0.03,20,35722,卖盘
610,10:19:16,17.9,0.05,22,39378,买盘
611,10:19:19,17.86,-0.04,2,3572,卖盘
612,10:19:22,17.86,0.0,6,10716,卖盘
613,10:19:43,17.86,0.0,116,207176,卖盘
614,10:19:55,17.86,0.0,2,3572,卖盘
615,10:19:58,17.86,0.0,10,17860,卖盘
616,10:20:07,17.88,0.02,8,14304,买盘
617,10:20:37,17.88,0.0,4,7152,买盘
618,10:20:49,17.89,0.01,60,107340,买盘
619,10:21:04,17.89,0.0,23,41147,买盘
620,10:21:07,17.89,0.0,25,44725,买盘
621,10:21:13,17.89,0.0,5,8945,买盘
622,10:21:16,17.89,0.0,8,14312,买盘
623,10:21:19,17.88,-0.01,10,17880,卖盘
624,10:21:46,17.88,0.0,1,1788,卖盘
625,10:22:16,17.88,0.0,3,5364,卖盘
626,10:22:19,17.9,0.02,38,68020,买盘
627,10:22:34,17.88,-0.02,36,64368,卖盘
628,10:22:40,17.88,0.0,6,10728,买盘
629,10:22:46,17.88,0.0,5,8940,买盘
630,10:23:01,17.88,0.0,10,17880,买盘
631,10:23:07,17.88,0.0,10,17880,买盘
632,10:23:25,17.88,0.0,1,1788,买盘
633,10:23:28,17.88,0.0,15,26820,买盘
634,10:23:49,17.88,0.0,23,41124,买盘
635,10:23:58,17.87,-0.01,4,7148,卖盘
636,10:24:04,17.87,0.0,2,3574,卖盘
637,10:24:16,17.86,-0.01,60,107164,卖盘
638,10:24:40,17.86,0.0,7,12502,卖盘
639,10:24:52,17.85,-0.01,30,53575,卖盘
640,10:25:01,17.87,0.02,1,1787,买盘
641,10:25:04,17.85,-0.02,30,53550,卖盘
642,10:25:19,17.85,0.0,1,1785,卖盘
643,10:25:22,17.87,0.02,16,28592,买盘
644,10:25:28,17.87,0.0,7,12509,卖盘
645,10:25:34,17.85,-0.02,3,5357,卖盘
646,10:25:43,17.87,0.02,2,3574,中性盘
647,10:25:46,17.88,0.01,3,5364,买盘
648,10:25:55,17.87,-0.01,3,5361,卖盘
649,10:25:58,17.87,0.0,4,7148,买盘
650,10:26:31,17.87,0.0,3,5361,买盘
651,10:26:52,17.88,0.01,3,5364,买盘
652,10:26:55,17.87,-0.01,28,50036,卖盘
653,10:27:01,17.87,0.0,26,46462,卖盘
654,10:27:04,17.88,0.01,10,17880,买盘
655,10:27:07,17.88,0.0,5,8940,买盘
656,10:27:25,17.88,0.0,4,7152,卖盘
657,10:27:34,17.89,0.01,20,35780,买盘
658,10:27:43,17.89,0.0,5,8945,买盘
659,10:27:49,17.89,0.0,7,12523,买盘
660,10:28:01,17.89,0.0,5,8945,卖盘
661,10:28:07,17.9,0.01,2,3580,买盘
662,10:28:16,17.89,-0.01,19,33991,卖盘
663,10:28:25,17.9,0.01,3,5370,买盘
664,10:28:34,17.89,-0.01,21,37569,卖盘
665,10:28:46,17.9,0.01,3,5370,买盘
666,10:28:49,17.89,-0.01,2,3578,卖盘
667,10:29:07,17.9,0.01,5,8950,买盘
668,10:29:28,17.9,0.0,4,7160,买盘
669,10:29:37,17.9,0.0,20,35800,买盘
670,10:29:49,17.9,0.0,146,261310,买盘
671,10:30:16,17.94,0.04,3,5382,买盘
672,10:30:22,17.94,0.0,8,14348,买盘
673,10:30:31,17.95,0.01,4,7180,买盘
674,10:30:52,17.95,0.0,7,12565,买盘
675,10:31:07,17.95,0.0,15,26925,买盘
676,10:31:16,17.95,0.0,4,7180,买盘
677,10:31:25,17.94,-0.01,5,8970,卖盘
678,10:31:46,17.94,0.0,6,10764,卖盘
679,10:31:55,17.94,0.0,10,17940,卖盘
680,10:32:07,17.94,0.0,5,8970,卖盘
681,10:32:16,17.94,0.0,1,1794,卖盘
682,10:32:31,17.9,-0.04,11,19690,卖盘
683,10:32:55,17.91,0.01,10,17905,买盘
684,10:33:04,17.91,0.0,10,17910,卖盘
685,10:33:43,17.94,0.03,10,17935,买盘
686,10:33:46,17.92,-0.02,5,8960,卖盘
687,10:33:49,17.92,0.0,5,8960,卖盘
688,10:33:58,17.93,0.01,5,8965,买盘
689,10:34:01,17.93,0.0,4,7172,买盘
690,10:34:13,17.92,-0.01,3,5376,卖盘
691,10:34:16,17.92,0.0,6,10752,卖盘
692,10:34:31,17.93,0.01,1,1793,买盘
693,10:34:52,17.93,0.0,11,19723,买盘
694,10:34:55,17.93,0.0,5,8965,买盘
695,10:35:01,17.93,0.0,62,111166,买盘
696,10:35:10,17.93,0.0,11,19723,卖盘
697,10:35:28,17.92,-0.01,4,7168,卖盘
698,10:35:37,17.92,0.0,6,10752,卖盘
699,10:36:06,17.93,0.01,13,23309,买盘
700,10:36:10,17.93,0.0,16,28688,卖盘
701,10:36:25,17.93,0.0,1,1793,卖盘
702,10:36:31,17.94,0.01,15,26907,买盘
703,10:36:46,17.93,-0.01,14,25102,买盘
704,10:36:49,17.92,-0.01,10,17920,卖盘
705,10:37:01,17.93,0.01,19,34076,中性盘
706,10:37:04,17.93,0.0,3,5379,卖盘
707,10:37:07,17.92,-0.01,24,43008,卖盘
708,10:37:43,17.91,-0.01,50,89550,卖盘
709,10:37:52,17.91,0.0,25,44790,卖盘
710,10:38:01,17.92,0.01,6,10752,买盘
711,10:38:10,17.92,0.0,1,1792,买盘
712,10:38:31,17.91,-0.01,15,26865,卖盘
713,10:38:43,17.91,0.0,29,51939,卖盘
714,10:38:55,17.91,0.0,5,8955,卖盘
715,10:39:04,17.91,0.0,5,8955,卖盘
716,10:39:10,17.91,0.0,1,1791,卖盘
717,10:39:28,17.91,0.0,1,1791,买盘
718,10:39:31,17.9,-0.01,10,17900,卖盘
719,10:39:55,17.9,0.0,22,39380,卖盘
720,10:40:01,17.9,0.0,15,26850,买盘
721,10:40:07,17.9,0.0,1,1790,买盘
722,10:40:22,17.89,-0.01,11,19679,卖盘
723,10:40:28,17.89,0.0,7,12523,卖盘
724,10:40:34,17.89,0.0,22,39358,卖盘
725,10:40:40,17.89,0.0,39,69771,卖盘
726,10:40:49,17.89,0.0,5,8945,卖盘
727,10:40:52,17.89,0.0,17,30413,卖盘
728,10:41:04,17.89,0.0,4,7156,卖盘
729,10:41:13,17.88,-0.01,10,17880,卖盘
730,10:41:16,17.89,0.01,1,1789,买盘
731,10:41:19,17.89,0.0,6,10729,买盘
732,10:41:22,17.88,-0.01,9,16092,卖盘
733,10:41:28,17.89,0.01,2,3578,买盘
734,10:41:31,17.89,0.0,10,17890,卖盘
735,10:41:37,17.88,-0.01,25,44700,卖盘
736,10:41:52,17.89,0.01,5,8945,买盘
737,10:41:55,17.88,-0.01,11,19668,卖盘
738,10:42:10,17.89,0.01,1,1789,买盘
739,10:42:25,17.89,0.0,4,7156,买盘
740,10:42:40,17.89,0.0,2,3578,买盘
741,10:42:43,17.87,-0.02,15,26805,卖盘
742,10:42:58,17.89,0.02,15,26829,买盘
743,10:43:13,17.87,-0.02,113,201931,卖盘
744,10:43:19,17.87,0.0,2,3574,买盘
745,10:43:28,17.86,-0.01,8,14288,卖盘
746,10:43:31,17.86,0.0,3,5358,买盘
747,10:43:34,17.85,-0.01,4,7140,卖盘
748,10:43:37,17.85,0.0,11,19635,卖盘
749,10:43:49,17.84,-0.01,1,1784,卖盘
750,10:43:52,17.86,0.02,3,5356,买盘
751,10:44:04,17.85,-0.01,12,21420,卖盘
752,10:44:22,17.85,0.0,86,153510,买盘
753,10:44:31,17.84,-0.01,40,71386,卖盘
754,10:44:34,17.84,0.0,1,1784,卖盘
755,10:44:43,17.85,0.01,13,23205,买盘
756,10:44:55,17.85,0.0,2,3570,卖盘
757,10:44:58,17.86,0.01,2,3572,买盘
758,10:45:13,17.86,0.0,19,33934,买盘
759,10:45:33,17.86,0.0,4,7144,卖盘
760,10:45:40,17.87,0.01,10,17870,买盘
761,10:45:55,17.86,-0.01,20,35720,卖盘
762,10:45:58,17.87,0.01,15,26805,买盘
763,10:46:49,17.86,-0.01,15,26790,卖盘
764,10:47:13,17.86,0.0,1,1786,卖盘
765,10:47:19,17.87,0.01,12,21444,买盘
766,10:47:22,17.86,-0.01,6,10716,卖盘
767,10:47:25,17.86,0.0,10,17860,卖盘
768,10:47:43,17.86,0.0,5,8930,卖盘
769,10:47:52,17.86,0.0,3,5358,卖盘
770,10:48:10,17.86,0.0,5,8930,卖盘
771,10:48:16,17.87,0.01,2,3574,买盘
772,10:48:19,17.86,-0.01,2,3572,卖盘
773,10:48:52,17.87,0.01,3,5361,买盘
774,10:48:55,17.87,0.0,2,3574,买盘
775,10:49:01,17.86,-0.01,1,1786,卖盘
776,10:49:16,17.86,0.0,5,8930,卖盘
777,10:49:22,17.86,0.0,1,1786,卖盘
778,10:49:31,17.86,0.0,4,7144,卖盘
779,10:49:46,17.86,0.0,10,17860,卖盘
780,10:49:48,17.86,0.0,9,16074,卖盘
781,10:49:52,17.85,-0.01,2,3570,卖盘
782,10:50:01,17.86,0.01,2,3572,买盘
783,10:50:37,17.85,-0.01,13,23213,卖盘
784,10:50:43,17.85,0.0,5,8925,卖盘
785,10:50:55,17.86,0.01,12,21432,买盘
786,10:50:58,17.86,0.0,3,5358,买盘
787,10:51:01,17.85,-0.01,1,1785,卖盘
788,10:51:07,17.85,0.0,1,1785,卖盘
789,10:51:10,17.86,0.01,2,3572,买盘
790,10:51:13,17.85,-0.01,15,26775,卖盘
791,10:51:16,17.86,0.01,8,14288,买盘
792,10:51:31,17.86,0.0,1,1786,卖盘
793,10:51:37,17.87,0.01,3,5361,买盘
794,10:51:40,17.86,-0.01,1,3340,卖盘
795,10:51:43,17.87,0.01,1,1787,买盘
796,10:52:04,17.86,-0.01,1,1786,卖盘
797,10:52:28,17.87,0.01,3,5361,买盘
798,10:52:37,17.87,0.0,10,17870,买盘
799,10:52:40,17.86,-0.01,2,3572,卖盘
800,10:52:43,17.86,0.0,9,16080,卖盘
801,10:52:46,17.87,0.01,2,3574,买盘
802,10:52:49,17.87,0.0,1,1787,买盘
803,10:52:55,17.87,0.0,18,32166,买盘
804,10:53:07,17.86,-0.01,5,8930,卖盘
805,10:53:13,17.87,0.01,6,10721,买盘
806,10:53:28,17.87,0.0,16,28592,买盘
807,10:53:31,17.86,-0.01,6,10716,卖盘
808,10:53:34,17.86,0.0,3,5358,卖盘
809,10:53:40,17.86,0.0,6,10716,卖盘
810,10:53:43,17.86,0.0,21,37506,卖盘
811,10:53:55,17.86,0.0,3,3804,卖盘
812,10:54:04,17.85,-0.01,5,8925,卖盘
813,10:54:15,17.85,0.0,64,114240,卖盘
814,10:54:25,17.85,0.0,3,5355,买盘
815,10:54:34,17.85,0.0,2,3570,买盘
816,10:54:37,17.85,0.0,12,21420,买盘
817,10:54:45,17.84,-0.01,8,14272,卖盘
818,10:54:52,17.84,0.0,3,5352,卖盘
819,10:54:58,17.85,0.01,25,44625,买盘
820,10:55:13,17.84,-0.01,5,8920,卖盘
821,10:55:16,17.84,0.0,14,24976,卖盘
822,10:55:31,17.84,0.0,1,1784,卖盘
823,10:55:43,17.84,0.0,1,1784,卖盘
824,10:55:52,17.84,0.0,7,12488,卖盘
825,10:56:04,17.83,-0.01,2,3566,卖盘
826,10:56:07,17.84,0.01,16,28544,买盘
827,10:56:15,17.83,-0.01,5,8916,卖盘
828,10:56:46,17.84,0.01,4,7136,买盘
829,10:56:52,17.83,-0.01,2,3566,卖盘
830,10:56:58,17.84,0.01,7,12488,买盘
831,10:57:07,17.83,-0.01,11,19613,卖盘
832,10:57:13,17.83,0.0,30,53490,卖盘
833,10:57:22,17.84,0.01,5,8920,买盘
834,10:57:34,17.83,-0.01,79,140857,卖盘
835,10:57:36,17.84,0.01,28,49931,买盘
836,10:57:40,17.84,0.0,2,3568,卖盘
837,10:57:43,17.83,-0.01,25,44575,买盘
838,10:57:55,17.82,-0.01,1,1782,卖盘
839,10:58:00,17.82,0.0,2,3564,卖盘
840,10:58:31,17.82,0.0,8,14256,卖盘
841,10:58:34,17.82,0.0,3,5346,卖盘
842,10:58:39,17.83,0.01,8,14264,买盘
843,10:59:16,17.83,0.0,29,51707,买盘
844,10:59:28,17.84,0.01,4,7136,买盘
845,10:59:37,17.85,0.01,18,32126,买盘
846,10:59:58,17.86,0.01,58,103588,买盘
847,11:00:04,17.85,-0.01,2,3570,卖盘
848,11:00:07,17.86,0.01,60,108663,买盘
849,11:00:10,17.86,0.0,2,2018,卖盘
850,11:00:22,17.85,-0.01,3,6908,买盘
851,11:00:55,17.87,0.02,31,55397,买盘
852,11:01:04,17.85,-0.02,20,35700,卖盘
853,11:01:10,17.87,0.02,1,1787,买盘
854,11:01:19,17.85,-0.02,7,12495,卖盘
855,11:01:30,17.87,0.02,7,12505,买盘
856,11:03:19,17.87,0.0,7,12509,买盘
857,11:03:22,17.87,0.0,6,10722,买盘
858,11:03:27,17.86,-0.01,63,112518,卖盘
859,11:03:36,17.86,0.0,3,5358,卖盘
860,11:04:01,17.86,0.0,50,89300,卖盘
861,11:04:06,17.87,0.01,20,35740,买盘
862,11:04:13,17.86,-0.01,15,26800,卖盘
863,11:04:49,17.87,0.01,10,17870,买盘
864,11:04:55,17.86,-0.01,1,1786,卖盘
865,11:05:16,17.87,0.01,5,8935,买盘
866,11:05:34,17.87,0.0,25,44675,买盘
867,11:05:43,17.87,0.0,56,100072,买盘
868,11:06:01,17.87,0.0,6,10722,卖盘
869,11:06:04,17.88,0.01,6,10728,买盘
870,11:06:22,17.88,0.0,10,17880,买盘
871,11:06:27,17.88,0.0,10,17880,买盘
872,11:06:31,17.88,0.0,17,30396,买盘
873,11:07:01,17.93,0.05,57,102136,买盘
874,11:07:40,17.93,0.0,3,5379,买盘
875,11:07:43,17.93,0.0,8,14344,买盘
876,11:07:46,17.94,0.01,20,35874,买盘
877,11:08:04,17.93,-0.01,10,17930,买盘
878,11:08:22,17.93,0.0,33,59169,卖盘
879,11:08:49,17.89,-0.04,8,14312,卖盘
880,11:09:04,17.89,0.0,2,3578,买盘
881,11:09:34,17.88,-0.01,1,1788,卖盘
882,11:09:40,17.88,0.0,1,1788,卖盘
883,11:09:43,17.88,0.0,1,1788,卖盘
884,11:09:55,17.88,0.0,9,16092,卖盘
885,11:10:09,17.89,0.01,2,3578,买盘
886,11:10:16,17.88,-0.01,10,17881,卖盘
887,11:10:21,17.89,0.01,32,57248,买盘
888,11:10:28,17.89,0.0,1,1789,买盘
889,11:10:34,17.88,-0.01,19,33972,卖盘
890,11:10:46,17.87,-0.01,10,17870,卖盘
891,11:10:54,17.87,0.0,5,8935,卖盘
892,11:11:21,17.88,0.01,5,8940,买盘
893,11:11:42,17.88,0.0,52,92944,买盘
894,11:11:58,17.87,-0.01,1,1787,卖盘
895,11:12:19,17.86,-0.01,4,7144,卖盘
896,11:12:25,17.87,0.01,2,3574,买盘
897,11:13:37,17.87,0.0,6,10722,买盘
898,11:13:39,17.87,0.0,5,8935,买盘
899,11:13:43,17.87,0.0,1,1787,买盘
900,11:13:58,17.86,-0.01,8,14288,卖盘
901,11:14:22,17.86,0.0,30,53580,卖盘
902,11:14:33,17.87,0.01,4,7148,买盘
903,11:14:42,17.86,-0.01,1,1786,卖盘
904,11:15:31,17.86,0.0,10,17860,卖盘
905,11:16:16,17.86,0.0,5,8930,买盘
906,11:16:22,17.86,0.0,2,3572,买盘
907,11:16:58,17.86,0.0,1,1786,买盘
908,11:17:18,17.86,0.0,14,25004,买盘
909,11:18:10,17.86,0.0,10,17860,买盘
910,11:19:13,17.86,0.0,4,7144,卖盘
911,11:19:16,17.86,0.0,2,3572,卖盘
912,11:19:21,17.87,0.01,2,3574,买盘
913,11:19:36,17.86,-0.01,20,35720,卖盘
914,11:20:04,17.86,0.0,4,7144,卖盘
915,11:20:09,17.85,-0.01,10,17857,卖盘
916,11:20:24,17.85,0.0,25,44625,卖盘
917,11:20:30,17.85,0.0,5,8925,卖盘
918,11:20:40,17.85,0.0,25,44625,卖盘
919,11:20:58,17.85,0.0,3,5355,卖盘
920,11:21:04,17.86,0.01,5,8930,买盘
921,11:21:07,17.85,-0.01,71,126735,卖盘
922,11:22:01,17.85,0.0,44,78540,卖盘
923,11:22:10,17.85,0.0,5,8925,卖盘
924,11:22:31,17.85,0.0,2,3570,卖盘
925,11:22:37,17.85,0.0,2,3570,卖盘
926,11:23:00,17.85,0.0,1,1785,卖盘
927,11:23:06,17.86,0.01,10,17860,买盘
928,11:24:18,17.86,0.0,22,39292,买盘
929,11:24:24,17.85,-0.01,3,5355,卖盘
930,11:24:31,17.86,0.01,3,5358,买盘
931,11:24:48,17.85,-0.01,5,8925,卖盘
932,11:25:04,17.86,0.01,10,17860,买盘
933,11:25:10,17.86,0.0,2,3572,买盘
934,11:25:16,17.86,0.0,6,10716,买盘
935,11:25:22,17.86,0.0,30,53580,买盘
936,11:26:07,17.86,0.0,29,51794,卖盘
937,11:26:13,17.87,0.01,12,21444,买盘
938,11:26:52,17.87,0.0,18,32166,卖盘
939,11:27:01,17.87,0.0,30,53610,买盘
940,11:27:07,17.87,0.0,18,32166,买盘
941,11:27:31,17.88,0.01,30,53640,买盘
942,11:27:39,17.88,0.0,4,7152,买盘
943,11:28:13,17.89,0.01,1,1789,买盘
944,11:28:31,17.89,0.0,5,8945,买盘
945,11:28:49,17.89,0.0,20,35780,买盘
946,11:28:52,17.89,0.0,3,5367,买盘
947,11:29:04,17.89,0.0,14,25046,买盘
948,11:29:25,17.89,0.0,4,7156,买盘
949,11:29:31,17.89,0.0,3,5367,买盘
950,13:00:04,17.91,0.02,401,719708,买盘
951,13:00:07,17.99,0.08,70,125822,买盘
952,13:00:10,18.05,0.06,650,1170493,买盘
953,13:00:19,18.06,0.01,28,50566,买盘
954,13:00:22,18.06,0.0,32,57792,买盘
955,13:00:24,18.07,0.01,41,74076,买盘
956,13:00:27,18.07,0.0,20,36140,买盘
957,13:00:31,18.07,0.0,32,57824,买盘
958,13:00:34,18.07,0.0,20,36140,买盘
959,13:00:37,18.07,0.0,36,65052,买盘
960,13:00:42,18.08,0.01,3,5424,买盘
961,13:00:45,18.08,0.0,5,9040,买盘
962,13:00:52,18.08,0.0,10,18080,买盘
963,13:00:58,18.08,0.0,16,28939,卖盘
964,13:01:01,18.08,0.0,27,48811,买盘
965,13:01:04,18.08,0.0,3,5424,卖盘
966,13:01:07,18.1,0.02,101,182753,买盘
967,13:01:10,18.07,-0.03,6,10842,卖盘
968,13:01:16,18.09,0.02,16,28945,卖盘
969,13:01:25,18.09,0.0,11,19899,卖盘
970,13:01:28,18.1,0.01,5,9050,买盘
971,13:01:31,18.09,-0.01,13,23527,卖盘
972,13:01:37,18.1,0.01,2,3620,买盘
973,13:01:40,18.1,0.0,22,39814,买盘
974,13:01:43,18.1,0.0,15,27148,买盘
975,13:01:49,18.1,0.0,55,99549,买盘
976,13:01:55,18.07,-0.03,2,3614,卖盘
977,13:01:58,18.07,0.0,10,18070,买盘
978,13:02:01,18.07,0.0,5,9035,买盘
979,13:02:04,18.07,0.0,1,1807,买盘
980,13:02:07,18.03,-0.04,6,10834,卖盘
981,13:02:10,18.02,-0.01,31,55870,卖盘
982,13:02:13,18.02,0.0,32,57664,买盘
983,13:02:22,18.02,0.0,3,5406,买盘
984,13:02:25,18.02,0.0,11,19822,买盘
985,13:02:27,18.01,-0.01,5,9005,卖盘
986,13:02:31,18.02,0.01,32,57664,买盘
987,13:02:43,18.03,0.01,1,1803,买盘
988,13:02:46,18.03,0.0,7,12621,卖盘
989,13:02:57,18.03,0.0,3,5409,卖盘
990,13:03:01,18.07,0.04,12,21684,买盘
991,13:03:12,18.08,0.01,10,18080,买盘
992,13:03:16,18.09,0.01,14,25317,买盘
993,13:03:19,18.08,-0.01,8,14464,卖盘
994,13:03:22,18.08,0.0,2,3616,卖盘
995,13:03:25,18.09,0.01,10,18090,买盘
996,13:03:31,18.09,0.0,1,1809,买盘
997,13:03:36,18.09,0.0,54,97686,买盘
998,13:03:40,18.08,-0.01,89,160912,卖盘
999,13:03:42,18.1,0.02,51,92285,买盘
1000,13:03:46,18.08,-0.02,4,7232,中性盘
1001,13:03:49,18.08,0.0,10,18080,买盘
1002,13:03:52,18.08,0.0,14,25312,卖盘
1003,13:03:55,18.12,0.04,20,36230,买盘
1004,13:03:58,18.12,0.0,1,1812,卖盘
1005,13:04:01,18.13,0.01,25,45310,买盘
1006,13:04:04,18.13,0.0,71,128669,买盘
1007,13:04:07,18.15,0.02,14,25402,买盘
1008,13:04:09,18.15,0.0,16,29040,买盘
1009,13:04:13,18.16,0.01,26,47199,买盘
1010,13:04:19,18.18,0.02,30,54517,买盘
1011,13:04:22,18.16,-0.02,8,14528,卖盘
1012,13:04:25,18.16,0.0,18,32688,卖盘
1013,13:04:28,18.17,0.01,12,21806,中性盘
1014,13:04:31,18.16,-0.01,11,19978,卖盘
1015,13:04:33,18.17,0.01,32,58127,买盘
1016,13:04:36,18.17,0.0,3,5451,买盘
1017,13:04:40,18.16,-0.01,3,5448,中性盘
1018,13:04:42,18.17,0.01,33,59951,买盘
1019,13:04:49,18.17,0.0,47,85399,卖盘
1020,13:04:55,18.17,0.0,3,5451,卖盘
1021,13:04:57,18.18,0.01,76,138141,买盘
1022,13:05:01,18.16,-0.02,36,65376,卖盘
1023,13:05:04,18.16,0.0,18,32688,买盘
1024,13:05:07,18.18,0.02,25,45432,买盘
1025,13:05:10,18.18,0.0,2,3636,卖盘
1026,13:05:12,18.19,0.01,21,38198,买盘
1027,13:05:16,18.18,-0.01,13,23634,卖盘
1028,13:05:18,18.18,0.0,8,14544,卖盘
1029,13:05:21,18.18,0.0,61,110898,卖盘
1030,13:05:25,18.16,-0.02,112,203652,卖盘
1031,13:05:28,18.19,0.03,32,58222,买盘
1032,13:05:34,18.17,-0.02,6,10902,买盘
1033,13:05:37,18.17,0.0,25,45425,买盘
1034,13:05:42,18.17,0.0,7,12719,卖盘
1035,13:05:46,18.17,0.0,5,9085,卖盘
1036,13:05:49,18.18,0.01,13,23629,买盘
1037,13:05:51,18.17,-0.01,20,36340,卖盘
1038,13:05:54,18.16,-0.01,40,72678,卖盘
1039,13:06:00,18.16,0.0,2,3632,买盘
1040,13:06:04,18.16,0.0,2,3632,买盘
1041,13:06:07,18.16,0.0,1,1816,买盘
1042,13:06:10,18.15,-0.01,4,7260,卖盘
1043,13:06:12,18.15,0.0,20,36300,买盘
1044,13:06:15,18.15,0.0,10,18150,买盘
1045,13:06:22,18.15,0.0,15,27220,买盘
1046,13:06:27,18.14,-0.01,6,10889,卖盘
1047,13:06:30,18.15,0.01,50,90748,买盘
1048,13:06:33,18.15,0.0,18,32670,买盘
1049,13:06:37,18.15,0.0,10,18150,卖盘
1050,13:06:46,18.15,0.0,18,32670,卖盘
1051,13:06:51,18.15,0.0,2,3630,卖盘
1052,13:06:58,18.15,0.0,3,5445,卖盘
1053,13:07:04,18.14,-0.01,4,7256,买盘
1054,13:07:15,18.1,-0.04,1,1810,卖盘
1055,13:07:28,18.1,0.0,106,191860,卖盘
1056,13:07:34,18.1,0.0,10,18100,买盘
1057,13:07:39,18.1,0.0,13,23530,买盘
1058,13:07:42,18.09,-0.01,1,1809,卖盘
1059,13:07:45,18.09,0.0,8,14472,卖盘
1060,13:07:52,18.09,0.0,5,9047,卖盘
1061,13:07:58,18.09,0.0,18,32562,买盘
1062,13:08:13,18.08,-0.01,2,3616,卖盘
1063,13:08:15,18.09,0.01,2,3618,买盘
1064,13:08:19,18.09,0.0,10,18090,买盘
1065,13:08:25,18.08,-0.01,4,7232,卖盘
1066,13:08:28,18.08,0.0,2,3616,卖盘
1067,13:08:31,18.08,0.0,21,37968,卖盘
1068,13:08:43,18.08,0.0,3,5418,买盘
1069,13:08:46,18.09,0.01,50,90401,买盘
1070,13:09:04,18.09,0.0,10,18090,买盘
1071,13:09:10,18.09,0.0,6,10854,卖盘
1072,13:09:16,18.1,0.01,2,3620,买盘
1073,13:09:19,18.1,0.0,8,14480,卖盘
1074,13:09:28,18.15,0.05,55,99772,买盘
1075,13:09:31,18.1,-0.05,2,3620,卖盘
1076,13:09:34,18.1,0.0,2,3620,卖盘
1077,13:09:46,18.15,0.05,72,130557,买盘
1078,13:09:49,18.15,0.0,15,27225,卖盘
1079,13:09:58,18.15,0.0,10,18150,卖盘
1080,13:10:04,18.16,0.01,10,18160,买盘
1081,13:10:07,18.16,0.0,3,5448,卖盘
1082,13:10:09,18.17,0.01,5,9085,买盘
1083,13:10:16,18.17,0.0,25,45425,买盘
1084,13:10:19,18.18,0.01,43,78156,买盘
1085,13:10:25,18.2,0.02,243,441897,买盘
1086,13:10:28,18.22,0.02,140,254963,买盘
1087,13:10:37,18.23,0.01,35,63797,买盘
1088,13:10:40,18.25,0.02,5,9125,买盘
1089,13:10:43,18.26,0.01,11,20083,买盘
1090,13:10:46,18.27,0.01,41,74898,买盘
1091,13:10:49,18.3,0.03,147,268719,买盘
1092,13:10:55,18.32,0.02,91,166566,买盘
1093,13:10:57,18.32,0.0,10,18320,卖盘
1094,13:11:01,18.32,0.0,23,42168,卖盘
1095,13:11:04,18.32,0.0,12,21984,卖盘
1096,13:11:07,18.31,-0.01,75,137395,卖盘
1097,13:11:10,18.36,0.05,56,102736,买盘
1098,13:11:13,18.33,-0.03,289,530995,卖盘
1099,13:11:16,18.36,0.03,5,9180,中性盘
1100,13:11:19,18.4,0.04,39,71689,买盘
1101,13:11:22,18.35,-0.05,6,11010,中性盘
1102,13:11:25,18.35,0.0,6,11010,买盘
1103,13:11:28,18.38,0.03,11,20224,卖盘
1104,13:11:31,18.35,-0.03,11,20188,中性盘
1105,13:11:34,18.38,0.03,5,9190,买盘
1106,13:11:37,18.4,0.02,50,91954,买盘
1107,13:11:40,18.38,-0.02,27,49563,买盘
1108,13:11:43,18.38,0.0,10,18380,卖盘
1109,13:11:46,18.4,0.02,38,69789,买盘
1110,13:11:49,18.35,-0.05,5,9175,卖盘
1111,13:11:52,18.4,0.05,45,82780,买盘
1112,13:11:55,18.4,0.0,67,123258,买盘
1113,13:11:58,18.4,0.0,31,57066,卖盘
1114,13:12:01,18.4,0.0,13,23920,卖盘
1115,13:12:04,18.4,0.0,9,16560,卖盘
1116,13:12:07,18.39,-0.01,56,102992,卖盘
1117,13:12:10,18.41,0.02,13,23941,中性盘
1118,13:12:16,18.39,-0.02,9,16551,卖盘
1119,13:12:19,18.37,-0.02,29,53292,卖盘
1120,13:12:21,18.37,0.0,8,14696,买盘
1121,13:12:25,18.37,0.0,1,1837,买盘
1122,13:12:28,18.37,0.0,19,34903,买盘
1123,13:12:31,18.34,-0.03,15,27513,卖盘
1124,13:12:34,18.34,0.0,20,36680,卖盘
1125,13:12:37,18.33,-0.01,3,5499,卖盘
1126,13:12:40,18.35,0.02,63,115605,买盘
1127,13:12:43,18.3,-0.05,51,93462,卖盘
1128,13:12:52,18.28,-0.02,1,1828,卖盘
1129,13:12:58,18.25,-0.03,6,10950,卖盘
1130,13:13:04,18.3,0.05,120,219506,买盘
1131,13:13:07,18.32,0.02,3,5492,买盘
1132,13:13:10,18.3,-0.02,2,3660,卖盘
1133,13:13:16,18.32,0.02,1,1832,买盘
1134,13:13:19,18.32,0.0,4,7328,买盘
1135,13:13:22,18.32,0.0,17,31142,买盘
1136,13:13:25,18.32,0.0,12,21984,卖盘
1137,13:13:28,18.3,-0.02,110,201524,卖盘
1138,13:13:31,18.33,0.03,60,109980,买盘
1139,13:13:34,18.32,-0.01,1,1832,卖盘
1140,13:13:37,18.33,0.01,54,98982,买盘
1141,13:13:40,18.33,0.0,10,18330,卖盘
1142,13:13:43,18.33,0.0,98,179634,卖盘
1143,13:13:46,18.4,0.07,316,580814,买盘
1144,13:13:49,18.4,0.0,102,187680,买盘
1145,13:13:52,18.4,0.0,22,40480,卖盘
1146,13:13:55,18.42,0.02,95,174897,买盘
1147,13:13:58,18.4,-0.02,1,1840,卖盘
1148,13:14:01,18.4,0.0,30,55200,卖盘
1149,13:14:04,18.4,0.0,2,3680,买盘
1150,13:14:07,18.4,0.0,8,14720,买盘
1151,13:14:10,18.39,-0.01,14,25755,中性盘
1152,13:14:13,18.37,-0.02,5,9185,中性盘
1153,13:14:16,18.37,0.0,10,18370,买盘
1154,13:14:19,18.35,-0.02,46,84484,卖盘
1155,13:14:22,18.35,0.0,22,40384,卖盘
1156,13:14:25,18.34,-0.01,31,56878,卖盘
1157,13:14:31,18.34,0.0,176,322969,卖盘
1158,13:14:34,18.34,0.0,12,22008,买盘
1159,13:14:37,18.34,0.0,5,9170,买盘
1160,13:14:40,18.32,-0.02,8,14659,卖盘
1161,13:14:46,18.3,-0.02,81,148390,卖盘
1162,13:14:49,18.29,-0.01,82,150056,卖盘
1163,13:14:55,18.28,-0.01,4,7312,卖盘
1164,13:14:58,18.28,0.0,1,1828,卖盘
1165,13:15:01,18.28,0.0,3,5484,买盘
1166,13:15:04,18.25,-0.03,10,18274,卖盘
1167,13:15:07,18.22,-0.03,1,1822,卖盘
1168,13:15:19,18.23,0.01,11,20052,买盘
1169,13:15:22,18.22,-0.01,4,7288,卖盘
1170,13:15:25,18.22,0.0,4,7288,卖盘
1171,13:15:28,18.22,0.0,17,30974,买盘
1172,13:15:34,18.22,0.0,20,36436,买盘
1173,13:15:37,18.22,0.0,16,29146,买盘
1174,13:15:40,18.22,0.0,38,69205,买盘
1175,13:15:42,18.21,-0.01,13,23673,卖盘
1176,13:15:46,18.21,0.0,7,12747,卖盘
1177,13:15:49,18.21,0.0,8,14575,卖盘
1178,13:15:55,18.2,-0.01,34,61887,卖盘
1179,13:15:58,18.2,0.0,1,1820,买盘
1180,13:16:13,18.2,0.0,4,7280,买盘
1181,13:16:16,18.2,0.0,24,43680,买盘
1182,13:16:19,18.17,-0.03,12,21804,卖盘
1183,13:16:37,18.17,0.0,1,1817,买盘
1184,13:16:40,18.17,0.0,22,39974,买盘
1185,13:17:01,18.19,0.02,2,3638,买盘
1186,13:17:07,18.17,-0.02,5,9087,卖盘
1187,13:17:10,18.19,0.02,12,21828,买盘
1188,13:17:19,18.18,-0.01,4,7272,买盘
1189,13:17:31,18.19,0.01,10,18190,买盘
1190,13:17:43,18.19,0.0,5,9095,买盘
1191,13:17:46,18.19,0.0,2,3638,买盘
1192,13:17:49,18.19,0.0,5,9095,卖盘
1193,13:17:55,18.2,0.01,50,91000,买盘
1194,13:17:58,18.19,-0.01,40,72749,卖盘
1195,13:18:01,18.2,0.01,2,3640,买盘
1196,13:18:04,18.2,0.0,17,30920,买盘
1197,13:18:10,18.19,-0.01,4,7276,卖盘
1198,13:18:12,18.18,-0.01,8,14551,卖盘
1199,13:18:15,18.2,0.02,5,9098,买盘
1200,13:18:25,18.18,-0.02,5,9090,卖盘
1201,13:18:28,18.2,0.02,52,94568,买盘
1202,13:18:31,18.2,0.0,3,5458,买盘
1203,13:18:34,18.18,-0.02,53,96354,卖盘
1204,13:18:37,18.2,0.02,60,109200,买盘
1205,13:19:01,18.2,0.0,50,90996,买盘
1206,13:19:04,18.2,0.0,3,5460,买盘
1207,13:19:07,18.2,0.0,10,18200,买盘
1208,13:19:10,18.18,-0.02,2,3636,卖盘
1209,13:19:19,18.21,0.03,37,67347,买盘
1210,13:19:33,18.21,0.0,2,3642,中性盘
1211,13:19:43,18.22,0.01,10,18220,买盘
1212,13:19:46,18.2,-0.02,2,3640,卖盘
1213,13:19:57,18.2,0.0,31,56423,卖盘
1214,13:20:10,18.22,0.02,3,5466,买盘
1215,13:20:13,18.21,-0.01,7,12747,买盘
1216,13:20:16,18.2,-0.01,23,41865,卖盘
1217,13:20:18,18.2,0.0,56,101920,卖盘
1218,13:20:25,18.2,0.0,1,1820,买盘
1219,13:20:28,18.2,0.0,9,16380,买盘
1220,13:20:31,18.19,-0.01,32,58208,卖盘
1221,13:20:34,18.19,0.0,8,14552,买盘
1222,13:20:40,18.18,-0.01,15,27274,卖盘
1223,13:20:46,18.18,0.0,45,81810,卖盘
1224,13:20:48,18.18,0.0,2,3636,卖盘
1225,13:20:52,18.18,0.0,4,7272,卖盘
1226,13:20:54,18.18,0.0,38,69084,卖盘
1227,13:20:58,18.18,0.0,6,10908,卖盘
1228,13:21:01,18.18,0.0,2,3636,买盘
1229,13:21:04,18.17,-0.01,5,9085,卖盘
1230,13:21:24,18.16,-0.01,20,36330,卖盘
1231,13:21:37,18.15,-0.01,37,67187,卖盘
1232,13:21:46,18.15,0.0,10,18150,买盘
1233,13:21:54,18.15,0.0,4,7260,买盘
1234,13:21:58,18.15,0.0,12,21770,买盘
1235,13:22:24,18.17,0.02,44,79918,买盘
1236,13:22:28,18.17,0.0,20,36340,卖盘
1237,13:22:31,18.17,0.0,3,5451,卖盘
1238,13:22:34,18.18,0.01,10,18180,买盘
1239,13:22:40,18.17,-0.01,2,3634,卖盘
1240,13:22:52,18.17,0.0,4,7268,买盘
1241,13:22:54,18.16,-0.01,10,18160,卖盘
1242,13:23:00,18.17,0.01,2,3634,买盘
1243,13:23:06,18.16,-0.01,30,54480,卖盘
1244,13:23:19,18.16,0.0,16,29046,买盘
1245,13:23:40,18.16,0.0,16,29056,买盘
1246,13:23:43,18.16,0.0,8,14528,卖盘
1247,13:23:52,18.15,-0.01,12,21780,卖盘
1248,13:24:04,18.15,0.0,12,21780,卖盘
1249,13:24:07,18.16,0.01,8,14528,买盘
1250,13:24:13,18.16,0.0,1,1816,买盘
1251,13:24:16,18.15,-0.01,62,112530,卖盘
1252,13:24:19,18.16,0.01,91,165256,买盘
1253,13:24:25,18.16,0.0,5,9080,卖盘
1254,13:24:31,18.16,0.0,11,19976,卖盘
1255,13:24:40,18.17,0.01,85,154296,买盘
1256,13:24:49,18.15,-0.02,5,9082,卖盘
1257,13:25:07,18.15,0.0,36,65340,卖盘
1258,13:25:13,18.16,0.01,20,36304,买盘
1259,13:25:19,18.15,-0.01,12,21781,卖盘
1260,13:25:21,18.15,0.0,18,32670,卖盘
1261,13:25:37,18.13,-0.02,6,10878,卖盘
1262,13:25:43,18.13,0.0,3,5439,卖盘
1263,13:26:04,18.12,-0.01,96,174023,卖盘
1264,13:26:07,18.13,0.01,5,9065,中性盘
1265,13:26:12,18.12,-0.01,1,1812,卖盘
1266,13:26:18,18.11,-0.01,97,175673,卖盘
1267,13:26:22,18.11,0.0,10,18110,买盘
1268,13:26:31,18.1,-0.01,43,77830,卖盘
1269,13:26:34,18.1,0.0,57,103177,卖盘
1270,13:26:40,18.1,0.0,1,1810,卖盘
1271,13:26:43,18.09,-0.01,30,54293,卖盘
1272,13:26:46,18.09,0.0,1,1809,买盘
1273,13:26:54,18.08,-0.01,3,5424,卖盘
1274,13:26:58,18.09,0.01,76,137434,买盘
1275,13:27:00,18.09,0.0,9,16281,卖盘
1276,13:27:07,18.09,0.0,13,23517,卖盘
1277,13:27:10,18.06,-0.03,11,19866,卖盘
1278,13:27:21,18.06,0.0,20,36120,买盘
1279,13:27:25,18.06,0.0,10,18060,买盘
1280,13:27:28,18.05,-0.01,48,86647,卖盘
1281,13:27:43,18.05,0.0,3,5415,卖盘
1282,13:27:48,18.06,0.01,3,5418,买盘
1283,13:27:51,18.05,-0.01,10,18050,卖盘
1284,13:27:55,18.05,0.0,3,5415,卖盘
1285,13:27:58,18.06,0.01,11,19861,买盘
1286,13:28:01,18.05,-0.01,2,3610,卖盘
1287,13:28:04,18.06,0.01,9,16254,买盘
1288,13:28:10,18.06,0.0,53,95718,买盘
1289,13:28:13,18.06,0.0,64,115584,买盘
1290,13:28:19,18.06,0.0,10,18060,卖盘
1291,13:28:25,18.08,0.02,1,1808,买盘
1292,13:28:31,18.06,-0.02,52,93962,卖盘
1293,13:28:48,18.1,0.04,17,30772,卖盘
1294,13:28:54,18.1,0.0,2,3620,卖盘
1295,13:29:04,18.1,0.0,5,9052,卖盘
1296,13:29:16,18.12,0.02,4,7248,买盘
1297,13:29:19,18.12,0.0,1,1812,买盘
1298,13:29:27,18.13,0.01,8,14504,买盘
1299,13:29:37,18.13,0.0,10,18130,卖盘
1300,13:29:46,18.15,0.02,2,3630,买盘
1301,13:29:52,18.15,0.0,5,9075,买盘
1302,13:29:57,18.15,0.0,6,10890,买盘
1303,13:30:00,18.15,0.0,12,21780,买盘
1304,13:30:04,18.15,0.0,10,18150,买盘
1305,13:30:07,18.14,-0.01,105,190545,卖盘
1306,13:30:13,18.14,0.0,1,1814,买盘
1307,13:30:19,18.14,0.0,5,9070,买盘
1308,13:30:25,18.13,-0.01,5,9065,卖盘
1309,13:30:34,18.13,0.0,3,5439,卖盘
1310,13:30:52,18.13,0.0,26,47148,卖盘
1311,13:31:09,18.13,0.0,10,18130,卖盘
1312,13:31:13,18.13,0.0,11,19943,卖盘
1313,13:31:28,18.13,0.0,7,12691,卖盘
1314,13:31:31,18.13,0.0,5,9065,卖盘
1315,13:31:37,18.13,0.0,6,10878,卖盘
1316,13:31:46,18.14,0.01,78,141478,买盘
1317,13:32:25,18.15,0.01,11,19965,买盘
1318,13:32:37,18.15,0.0,5,9075,买盘
1319,13:32:39,18.15,0.0,4,7260,买盘
1320,13:32:43,18.14,-0.01,10,18140,卖盘
1321,13:32:51,18.14,0.0,12,21768,卖盘
1322,13:33:07,18.14,0.0,1,1814,买盘
1323,13:33:09,18.14,0.0,1,1814,买盘
1324,13:33:16,18.13,-0.01,1,1813,卖盘
1325,13:33:25,18.11,-0.02,5,9055,卖盘
1326,13:33:34,18.13,0.02,10,18130,买盘
1327,13:33:42,18.13,0.0,5,9065,买盘
1328,13:33:49,18.12,-0.01,5,9060,卖盘
1329,13:33:54,18.13,0.01,7,12691,买盘
1330,13:34:16,18.13,0.0,8,14504,卖盘
1331,13:34:46,18.12,-0.01,8,14496,卖盘
1332,13:34:54,18.12,0.0,5,9060,卖盘
1333,13:35:01,18.11,-0.01,7,12681,卖盘
1334,13:35:13,18.11,0.0,2,3622,卖盘
1335,13:35:16,18.12,0.01,22,39864,买盘
1336,13:35:31,18.12,0.0,2,3624,买盘
1337,13:35:39,18.12,0.0,13,23556,买盘
1338,13:35:45,18.12,0.0,3,5436,买盘
1339,13:35:52,18.13,0.01,100,181246,买盘
1340,13:36:24,18.13,0.0,6,10878,买盘
1341,13:36:37,18.12,-0.01,10,18120,卖盘
1342,13:36:43,18.13,0.01,5,9065,买盘
1343,13:36:52,18.13,0.0,5,9065,买盘
1344,13:37:13,18.12,-0.01,4,7248,卖盘
1345,13:37:19,18.13,0.01,7,12691,买盘
1346,13:37:25,18.12,-0.01,8,14496,卖盘
1347,13:37:48,18.11,-0.01,23,41653,卖盘
1348,13:37:51,18.11,0.0,1,1811,卖盘
1349,13:37:55,18.12,0.01,1,1812,买盘
1350,13:38:12,18.11,-0.01,81,146691,卖盘
1351,13:38:31,18.1,-0.01,1,1810,卖盘
1352,13:38:34,18.1,0.0,30,54327,卖盘
1353,13:38:37,18.1,0.0,15,27150,卖盘
1354,13:39:01,18.09,-0.01,5,9045,卖盘
1355,13:39:16,18.1,0.01,36,65160,买盘
1356,13:39:21,18.08,-0.02,11,19888,卖盘
1357,13:39:31,18.1,0.02,26,47037,买盘
1358,13:39:34,18.08,-0.02,1,1808,中性盘
1359,13:39:40,18.08,0.0,7,12661,卖盘
1360,13:39:51,18.07,-0.01,12,21691,卖盘
1361,13:39:55,18.08,0.01,1,1808,买盘
1362,13:39:58,18.07,-0.01,6,10842,卖盘
1363,13:40:10,18.07,0.0,3,5421,卖盘
1364,13:40:16,18.08,0.01,5,9040,买盘
1365,13:40:22,18.07,-0.01,5,9035,卖盘
1366,13:40:28,18.08,0.01,5,9040,买盘
1367,13:40:34,18.07,-0.01,46,83124,卖盘
1368,13:40:37,18.07,0.0,7,12649,买盘
1369,13:40:40,18.08,0.01,20,36145,买盘
1370,13:40:55,18.06,-0.02,97,175252,卖盘
1371,13:41:07,18.07,0.01,6,10842,卖盘
1372,13:41:22,18.07,0.0,1,1807,卖盘
1373,13:41:25,18.08,0.01,5,9040,买盘
1374,13:41:34,18.08,0.0,2,3616,买盘
1375,13:41:37,18.08,0.0,2,3616,买盘
1376,13:41:40,18.08,0.0,1,1808,买盘
1377,13:42:13,18.08,0.0,5,9042,卖盘
1378,13:42:28,18.09,0.01,2,3618,买盘
1379,13:42:55,18.09,0.0,9,16281,卖盘
1380,13:43:34,18.08,-0.01,1,1808,卖盘
1381,13:43:36,18.08,0.0,3,5424,卖盘
1382,13:44:27,18.08,0.0,14,25312,卖盘
1383,13:44:34,18.08,0.0,14,25312,买盘
1384,13:44:43,18.08,0.0,16,28928,买盘
1385,13:45:04,18.08,0.0,1,1808,买盘
1386,13:45:07,18.08,0.0,1,1808,买盘
1387,13:45:19,18.07,-0.01,3,5421,卖盘
1388,13:45:58,18.07,0.0,1,1807,卖盘
1389,13:46:01,18.08,0.01,7,12656,买盘
1390,13:46:25,18.07,-0.01,1,1807,卖盘
1391,13:46:28,18.08,0.01,3,5424,买盘
1392,13:46:55,18.07,-0.01,8,14456,卖盘
1393,13:47:00,18.08,0.01,14,25312,买盘
1394,13:47:13,18.08,0.0,100,180800,买盘
1395,13:47:19,18.08,0.0,10,18080,买盘
1396,13:47:24,18.08,0.0,13,23504,买盘
1397,13:47:33,18.08,0.0,10,18080,买盘
1398,13:47:58,18.08,0.0,13,23504,买盘
1399,13:48:10,18.08,0.0,2,3616,买盘
1400,13:48:40,18.08,0.0,42,75973,卖盘
1401,13:48:48,18.09,0.01,30,54270,买盘
1402,13:48:54,18.09,0.0,5,9045,买盘
1403,13:48:58,18.09,0.0,34,61506,买盘
1404,13:49:01,18.09,0.0,2,3618,买盘
1405,13:49:37,18.1,0.01,2,3620,买盘
1406,13:49:43,18.1,0.0,1,1810,买盘
1407,13:49:58,18.1,0.0,4,7240,买盘
1408,13:50:07,18.1,0.0,28,50680,买盘
1409,13:50:16,18.12,0.02,173,313444,买盘
1410,13:50:40,18.12,0.0,4,7248,买盘
1411,13:50:46,18.12,0.0,19,34428,买盘
1412,13:50:49,18.12,0.0,6,10872,买盘
1413,13:51:07,18.12,0.0,5,9060,卖盘
1414,13:51:25,18.13,0.01,3,5439,买盘
1415,13:51:27,18.12,-0.01,10,18120,卖盘
1416,13:51:49,18.12,0.0,4,7248,卖盘
1417,13:51:52,18.12,0.0,2,3624,卖盘
1418,13:51:57,18.12,0.0,2,3624,卖盘
1419,13:52:07,18.12,0.0,2,3624,卖盘
1420,13:52:49,18.13,0.01,3,5438,买盘
1421,13:52:52,18.12,-0.01,1,1812,卖盘
1422,13:53:01,18.13,0.01,25,45325,买盘
1423,13:53:10,18.12,-0.01,34,61608,卖盘
1424,13:53:25,18.12,0.0,5,9060,卖盘
1425,13:53:39,18.12,0.0,5,9060,卖盘
1426,13:54:10,18.12,0.0,3,5436,买盘
1427,13:54:13,18.12,0.0,1,1812,买盘
1428,13:54:31,18.11,-0.01,8,14488,卖盘
1429,13:54:46,18.1,-0.01,2,3620,卖盘
1430,13:54:55,18.1,0.0,10,18100,卖盘
1431,13:55:04,18.1,0.0,8,14480,卖盘
1432,13:55:15,18.1,0.0,22,39820,卖盘
1433,13:55:21,18.1,0.0,20,36200,卖盘
1434,13:55:25,18.1,0.0,6,10860,卖盘
1435,13:55:40,18.1,0.0,10,18100,买盘
1436,13:55:52,18.09,-0.01,1,1809,卖盘
1437,13:55:55,18.09,0.0,1,1809,卖盘
1438,13:56:10,18.09,0.0,6,10854,卖盘
1439,13:56:13,18.09,0.0,7,12663,卖盘
1440,13:56:16,18.08,-0.01,20,36160,卖盘
1441,13:56:42,18.09,0.01,19,34371,买盘
1442,13:57:04,18.1,0.01,23,41630,买盘
1443,13:57:10,18.09,-0.01,1,1809,卖盘
1444,13:57:16,18.1,0.01,8,14477,买盘
1445,13:57:19,18.09,-0.01,9,16281,卖盘
1446,13:57:25,18.09,0.0,3,5427,卖盘
1447,13:57:34,18.1,0.01,6,10860,买盘
1448,13:57:55,18.1,0.0,5,9050,买盘
1449,13:58:04,18.09,-0.01,13,23517,卖盘
1450,13:58:19,18.09,0.0,19,34371,卖盘
1451,13:58:37,18.09,0.0,10,18090,买盘
1452,13:58:39,18.09,0.0,2,3618,买盘
1453,13:58:49,18.09,0.0,1,1809,买盘
1454,13:59:10,18.09,0.0,6,10854,卖盘
1455,13:59:19,18.1,0.01,12,21714,买盘
1456,13:59:43,18.11,0.01,2,3622,买盘
1457,13:59:46,18.1,-0.01,1,1810,卖盘
1458,14:00:13,18.12,0.02,10,18120,买盘
1459,14:00:34,18.12,0.0,22,39847,买盘
1460,14:01:12,18.12,0.0,5,9060,买盘
1461,14:01:37,18.12,0.0,10,18120,买盘
1462,14:01:46,18.12,0.0,4,7248,买盘
1463,14:02:49,18.12,0.0,10,18120,买盘
1464,14:03:01,18.11,-0.01,9,16299,卖盘
1465,14:03:28,18.11,0.0,16,28976,买盘
1466,14:03:49,18.11,0.0,18,32602,卖盘
1467,14:04:04,18.1,-0.01,1,1810,卖盘
1468,14:04:16,18.1,0.0,10,18100,卖盘
1469,14:04:19,18.1,0.0,28,50680,卖盘
1470,14:04:31,18.09,-0.01,1,1809,卖盘
1471,14:04:40,18.09,0.0,5,9045,卖盘
1472,14:04:46,18.09,0.0,15,27135,卖盘
1473,14:05:13,18.09,0.0,2,3618,买盘
1474,14:05:16,18.09,0.0,8,14472,卖盘
1475,14:05:22,18.1,0.01,33,59719,买盘
1476,14:05:49,18.08,-0.02,20,36160,卖盘
1477,14:06:07,18.1,0.02,5,9050,买盘
1478,14:06:19,18.1,0.0,20,36200,买盘
1479,14:06:55,18.08,-0.02,1,1808,卖盘
1480,14:07:42,18.1,0.02,3,5430,买盘
1481,14:08:19,18.1,0.0,34,61532,买盘
1482,14:08:42,18.1,0.0,10,18100,买盘
1483,14:08:46,18.1,0.0,3,5430,买盘
1484,14:08:51,18.09,-0.01,2,3619,卖盘
1485,14:09:16,18.11,0.02,21,38026,买盘
1486,14:09:28,18.11,0.0,55,99605,卖盘
1487,14:09:31,18.13,0.02,10,18122,买盘
1488,14:09:43,18.11,-0.02,11,19921,卖盘
1489,14:09:49,18.13,0.02,20,36260,买盘
1490,14:10:01,18.11,-0.02,1,1811,卖盘
1491,14:10:31,18.13,0.02,10,18130,买盘
1492,14:10:37,18.12,-0.01,1,1812,卖盘
1493,14:10:43,18.12,0.0,8,14496,卖盘
1494,14:10:49,18.13,0.01,1,1813,买盘
1495,14:11:22,18.12,-0.01,13,23556,卖盘
1496,14:11:40,18.12,0.0,5,9060,买盘
1497,14:11:49,18.12,0.0,1,1812,卖盘
1498,14:12:13,18.11,-0.01,10,18110,卖盘
1499,14:12:49,18.12,0.01,11,19932,买盘
1500,14:12:55,18.11,-0.01,13,23543,卖盘
1501,14:13:10,18.12,0.01,10,18120,买盘
1502,14:13:13,18.11,-0.01,8,14488,卖盘
1503,14:13:40,18.12,0.01,1,1812,买盘
1504,14:14:37,18.11,-0.01,3,5433,卖盘
1505,14:14:49,18.12,0.01,18,32616,买盘
1506,14:15:27,18.11,-0.01,5,9055,卖盘
1507,14:15:36,18.12,0.01,10,18120,买盘
1508,14:15:49,18.11,-0.01,12,21732,卖盘
1509,14:15:51,18.12,0.01,50,90600,买盘
1510,14:16:25,18.11,-0.01,1,1811,卖盘
1511,14:16:31,18.11,0.0,10,18110,卖盘
1512,14:16:36,18.11,0.0,32,57952,卖盘
1513,14:17:07,18.11,0.0,83,150313,卖盘
1514,14:17:24,18.1,-0.01,47,85070,卖盘
1515,14:17:31,18.1,0.0,5,9050,卖盘
1516,14:17:37,18.1,0.0,3,5430,卖盘
1517,14:17:42,18.1,0.0,2,3620,卖盘
1518,14:17:46,18.1,0.0,5,9050,买盘
1519,14:17:49,18.1,0.0,1,1810,卖盘
1520,14:17:52,18.1,0.0,4,7240,卖盘
1521,14:18:07,18.09,-0.01,10,18090,卖盘
1522,14:18:19,18.1,0.01,1,1810,买盘
1523,14:18:25,18.09,-0.01,10,18090,卖盘
1524,14:18:46,18.09,0.0,29,52461,卖盘
1525,14:18:52,18.08,-0.01,58,104864,卖盘
1526,14:18:58,18.08,0.0,32,57856,卖盘
1527,14:19:07,18.08,0.0,9,16272,卖盘
1528,14:19:19,18.08,0.0,25,45200,卖盘
1529,14:19:40,18.08,0.0,1,1808,卖盘
1530,14:19:46,18.07,-0.01,11,19877,卖盘
1531,14:19:57,18.08,0.01,19,34352,买盘
1532,14:20:04,18.08,0.0,36,65082,买盘
1533,14:20:07,18.07,-0.01,65,117505,卖盘
1534,14:20:19,18.07,0.0,10,18070,卖盘
1535,14:20:31,18.07,0.0,34,61438,卖盘
1536,14:20:49,18.08,0.01,2,3616,卖盘
1537,14:20:55,18.07,-0.01,29,52403,卖盘
1538,14:21:04,18.07,0.0,11,19877,卖盘
1539,14:21:07,18.07,0.0,2,3614,买盘
1540,14:21:28,18.06,-0.01,2,3612,卖盘
1541,14:21:49,18.07,0.01,64,115588,买盘
1542,14:21:58,18.06,-0.01,17,30702,卖盘
1543,14:22:01,18.06,0.0,30,54180,卖盘
1544,14:22:04,18.06,0.0,5,9030,卖盘
1545,14:22:07,18.06,0.0,25,45150,卖盘
1546,14:22:10,18.06,0.0,6,10836,中性盘
1547,14:22:13,18.06,0.0,1,1806,买盘
1548,14:22:16,18.05,-0.01,100,180500,卖盘
1549,14:22:19,18.06,0.01,5,9030,买盘
1550,14:22:22,18.06,0.0,5,9030,买盘
1551,14:22:25,18.05,-0.01,5,9025,卖盘
1552,14:22:28,18.05,0.0,10,18050,卖盘
1553,14:22:40,18.05,0.0,18,32490,卖盘
1554,14:22:52,18.05,0.0,5,9025,卖盘
1555,14:22:54,18.05,0.0,6,10830,卖盘
1556,14:22:58,18.05,0.0,5,9025,买盘
1557,14:23:01,18.05,0.0,1,1805,卖盘
1558,14:23:07,18.05,0.0,4,7220,卖盘
1559,14:23:22,18.05,0.0,12,21660,卖盘
1560,14:23:25,18.04,-0.01,29,52316,卖盘
1561,14:23:28,18.05,0.01,39,70395,买盘
1562,14:23:45,18.05,0.0,8,14438,买盘
1563,14:23:55,18.05,0.0,5,9025,买盘
1564,14:23:58,18.04,-0.01,6,10824,卖盘
1565,14:24:07,18.04,0.0,3,5412,卖盘
1566,14:24:13,18.04,0.0,3,5412,卖盘
1567,14:24:16,18.04,0.0,9,16236,卖盘
1568,14:24:25,18.04,0.0,2,3608,卖盘
1569,14:24:28,18.04,0.0,3,5412,卖盘
1570,14:24:31,18.04,0.0,2,3608,卖盘
1571,14:24:37,18.04,0.0,6,10824,卖盘
1572,14:24:55,18.05,0.01,5,9025,买盘
1573,14:24:58,18.04,-0.01,1,1804,卖盘
1574,14:25:07,18.04,0.0,32,57728,卖盘
1575,14:25:34,18.04,0.0,10,18040,卖盘
1576,14:25:58,18.04,0.0,59,106436,卖盘
1577,14:26:01,18.05,0.01,57,102869,买盘
1578,14:26:04,18.05,0.0,4,7220,卖盘
1579,14:26:13,18.06,0.01,25,45145,买盘
1580,14:26:43,18.05,-0.01,5,9025,卖盘
1581,14:27:01,18.05,0.0,2,3610,卖盘
1582,14:27:04,18.05,0.0,7,12635,卖盘
1583,14:27:10,18.06,0.01,33,59598,买盘
1584,14:27:16,18.05,-0.01,15,27075,卖盘
1585,14:27:22,18.05,0.0,5,9025,买盘
1586,14:27:37,18.05,0.0,4,7220,买盘
1587,14:27:40,18.04,-0.01,3,5412,卖盘
1588,14:27:43,18.04,0.0,2,3608,卖盘
1589,14:27:49,18.04,0.0,20,36080,卖盘
1590,14:27:55,18.04,0.0,23,41492,卖盘
1591,14:28:04,18.04,0.0,5,9020,买盘
1592,14:28:07,18.04,0.0,36,64944,买盘
1593,14:28:13,18.04,0.0,10,18040,卖盘
1594,14:28:22,18.04,0.0,3,5412,卖盘
1595,14:28:37,18.04,0.0,1,1804,卖盘
1596,14:28:40,18.04,0.0,4,7216,买盘
1597,14:28:43,18.04,0.0,1,1804,卖盘
1598,14:28:55,18.03,-0.01,15,27045,卖盘
1599,14:28:58,18.03,0.0,3,5409,卖盘
1600,14:29:19,18.03,0.0,3,5409,卖盘
1601,14:29:22,18.04,0.01,7,12628,买盘
1602,14:29:25,18.03,-0.01,29,52287,卖盘
1603,14:29:28,18.03,0.0,5,9015,卖盘
1604,14:29:31,18.03,0.0,20,36060,卖盘
1605,14:29:40,18.03,0.0,10,18030,卖盘
1606,14:29:43,18.03,0.0,1,1803,卖盘
1607,14:29:46,18.03,0.0,35,63105,卖盘
1608,14:29:49,18.03,0.0,2,3606,卖盘
1609,14:29:52,18.03,0.0,21,37863,卖盘
1610,14:30:04,18.03,0.0,14,25242,卖盘
1611,14:30:13,18.04,0.01,3,5412,买盘
1612,14:30:16,18.03,-0.01,27,48681,卖盘
1613,14:30:19,18.03,0.0,3,5409,买盘
1614,14:30:22,18.03,0.0,2,3606,卖盘
1615,14:30:31,18.03,0.0,4,7212,买盘
1616,14:31:04,18.04,0.01,2,3608,买盘
1617,14:31:13,18.03,-0.01,10,18030,卖盘
1618,14:31:22,18.04,0.01,7,12628,买盘
1619,14:31:25,18.04,0.0,1,1804,卖盘
1620,14:31:34,18.04,0.0,10,18040,买盘
1621,14:31:40,18.03,-0.01,26,46878,卖盘
1622,14:31:43,18.04,0.01,18,32468,买盘
1623,14:31:46,18.03,-0.01,30,54090,中性盘
1624,14:31:55,18.02,-0.01,5,9010,卖盘
1625,14:31:58,18.03,0.01,1,1803,买盘
1626,14:32:04,18.02,-0.01,3,5407,卖盘
1627,14:32:07,18.02,0.0,2,3604,卖盘
1628,14:32:52,18.02,0.0,9,16218,卖盘
1629,14:33:07,18.02,0.0,116,209032,卖盘
1630,14:33:13,18.03,0.01,20,36060,买盘
1631,14:33:22,18.03,0.0,3,5409,卖盘
1632,14:33:31,18.03,0.0,36,64908,卖盘
1633,14:33:46,18.02,-0.01,9,16218,卖盘
1634,14:34:19,18.02,0.0,1,1802,卖盘
1635,14:34:31,18.02,0.0,13,23426,卖盘
1636,14:34:40,18.02,0.0,22,39644,卖盘
1637,14:34:43,18.02,0.0,5,9010,卖盘
1638,14:34:46,18.03,0.01,18,32454,买盘
1639,14:34:49,18.03,0.0,10,18030,卖盘
1640,14:35:13,18.03,0.0,13,23439,卖盘
1641,14:35:19,18.01,-0.02,29,52253,卖盘
1642,14:35:22,18.03,0.02,5,9015,买盘
1643,14:35:25,18.04,0.01,26,46901,买盘
1644,14:35:31,18.04,0.0,5,9020,卖盘
1645,14:35:34,18.05,0.01,27,48735,买盘
1646,14:36:01,18.03,-0.02,10,18030,卖盘
1647,14:36:10,18.03,0.0,12,21636,卖盘
1648,14:36:16,18.02,-0.01,9,16218,卖盘
1649,14:36:19,18.01,-0.01,5,9005,卖盘
1650,14:36:34,18.01,0.0,8,14408,卖盘
1651,14:36:37,18.02,0.01,15,27025,买盘
1652,14:36:40,18.01,-0.01,29,52229,卖盘
1653,14:36:46,18.0,-0.01,13,23400,卖盘
1654,14:36:49,18.0,0.0,34,61200,卖盘
1655,14:36:55,17.99,-0.01,48,86394,卖盘
1656,14:37:04,17.98,-0.01,3,5394,卖盘
1657,14:37:10,17.98,0.0,15,26970,卖盘
1658,14:37:13,17.98,0.0,16,28768,卖盘
1659,14:37:19,17.98,0.0,5,8990,卖盘
1660,14:37:28,17.98,0.0,43,77314,卖盘
1661,14:37:31,17.98,0.0,2,3596,卖盘
1662,14:37:34,17.95,-0.03,19,34123,卖盘
1663,14:37:40,17.95,0.0,10,17950,卖盘
1664,14:37:43,17.95,0.0,3,5385,卖盘
1665,14:37:49,17.95,0.0,1,1795,卖盘
1666,14:37:58,17.93,-0.02,4,7172,卖盘
1667,14:38:01,17.93,0.0,5,8965,买盘
1668,14:38:13,17.93,0.0,9,16136,买盘
1669,14:38:19,17.92,-0.01,8,14336,卖盘
1670,14:38:31,17.91,-0.01,25,44795,卖盘
1671,14:38:34,17.92,0.01,23,41196,买盘
1672,14:38:40,17.91,-0.01,12,21502,卖盘
1673,14:38:43,17.92,0.01,5,8959,买盘
1674,14:38:46,17.92,0.0,10,17920,买盘
1675,14:38:52,17.92,0.0,31,55522,买盘
1676,14:38:55,17.91,-0.01,5,8955,卖盘
1677,14:39:01,17.91,0.0,2,3582,卖盘
1678,14:39:07,17.92,0.01,16,28658,买盘
1679,14:39:13,17.91,-0.01,74,132555,卖盘
1680,14:39:16,17.91,0.0,4,7164,卖盘
1681,14:39:19,17.91,0.0,5,8955,卖盘
1682,14:39:25,17.91,0.0,2,3582,卖盘
1683,14:39:28,17.91,0.0,21,37611,卖盘
1684,14:39:46,17.91,0.0,8,14328,卖盘
1685,14:39:55,17.91,0.0,17,30449,卖盘
1686,14:39:58,17.98,0.07,44,79077,买盘
1687,14:40:25,17.91,-0.07,22,39412,卖盘
1688,14:40:31,17.93,0.02,3,5379,买盘
1689,14:40:58,17.92,-0.01,9,16128,卖盘
1690,14:41:07,17.91,-0.01,1,1791,卖盘
1691,14:41:10,17.92,0.01,2,3584,买盘
1692,14:41:16,17.91,-0.01,50,89550,卖盘
1693,14:41:19,17.92,0.01,4,7168,买盘
1694,14:41:22,17.92,0.0,1,1792,买盘
1695,14:41:31,17.91,-0.01,15,26865,卖盘
1696,14:41:34,17.91,0.0,1,1791,买盘
1697,14:41:37,17.91,0.0,29,51939,买盘
1698,14:41:43,17.91,0.0,1,1791,买盘
1699,14:41:49,17.9,-0.01,1,1790,卖盘
1700,14:41:52,17.9,0.0,100,179000,卖盘
1701,14:42:04,17.9,0.0,4,7160,卖盘
1702,14:42:07,17.9,0.0,1,1790,卖盘
1703,14:42:16,17.9,0.0,14,25060,卖盘
1704,14:42:22,17.91,0.01,43,76987,买盘
1705,14:42:31,17.9,-0.01,45,80564,卖盘
1706,14:42:40,17.91,0.01,7,12537,中性盘
1707,14:42:43,17.9,-0.01,20,35801,卖盘
1708,14:42:52,17.91,0.01,6,10746,买盘
1709,14:42:58,17.9,-0.01,48,85952,卖盘
1710,14:43:01,17.9,0.0,7,12530,买盘
1711,14:43:04,17.9,0.0,1,1790,卖盘
1712,14:43:07,17.9,0.0,30,53700,卖盘
1713,14:43:13,17.9,0.0,4,7160,买盘
1714,14:43:22,17.9,0.0,11,19682,买盘
1715,14:43:28,17.9,0.0,1,1790,买盘
1716,14:43:37,17.9,0.0,2,3580,买盘
1717,14:43:40,17.9,0.0,12,21480,买盘
1718,14:43:43,17.89,-0.01,6,10734,卖盘
1719,14:43:55,17.89,0.0,11,19679,卖盘
1720,14:43:58,17.89,0.0,1,1789,卖盘
1721,14:44:22,17.89,0.0,1,1789,卖盘
1722,14:44:28,17.89,0.0,15,26835,卖盘
1723,14:44:37,17.9,0.01,16,28640,买盘
1724,14:44:40,17.9,0.0,14,25050,买盘
1725,14:44:49,17.9,0.0,18,32220,买盘
1726,14:44:58,17.9,0.0,50,89500,买盘
1727,14:45:01,17.9,0.0,6,10743,卖盘
1728,14:45:19,17.91,0.01,6,10746,卖盘
1729,14:45:22,17.91,0.0,10,17910,中性盘
1730,14:45:25,17.9,-0.01,6,10740,卖盘
1731,14:45:49,17.9,0.0,19,34019,卖盘
1732,14:45:52,17.9,0.0,7,12536,卖盘
1733,14:45:55,17.9,0.0,13,23270,卖盘
1734,14:46:01,17.91,0.01,11,19701,买盘
1735,14:46:13,17.92,0.01,7,12544,买盘
1736,14:46:16,17.93,0.01,6,10758,买盘
1737,14:46:22,17.92,-0.01,36,64538,卖盘
1738,14:46:31,17.95,0.03,20,35900,买盘
1739,14:46:40,17.95,0.0,72,129180,买盘
1740,14:47:04,17.97,0.02,2,3594,买盘
1741,14:47:13,17.95,-0.02,6,10770,卖盘
1742,14:47:16,17.97,0.02,35,62879,买盘
1743,14:47:25,17.95,-0.02,29,52055,卖盘
1744,14:47:28,17.95,0.0,6,10770,买盘
1745,14:47:40,17.95,0.0,1,1795,买盘
1746,14:47:55,17.95,0.0,12,21532,买盘
1747,14:48:04,17.94,-0.01,5,8972,卖盘
1748,14:48:13,17.97,0.03,25,44925,买盘
1749,14:48:22,17.97,0.0,5,8985,卖盘
1750,14:48:40,17.97,0.0,4,7188,买盘
1751,14:49:13,17.94,-0.03,30,53820,卖盘
1752,14:49:25,17.94,0.0,10,17940,卖盘
1753,14:49:34,17.94,0.0,1,1794,卖盘
1754,14:49:37,17.94,0.0,11,19734,卖盘
1755,14:49:40,17.94,0.0,2,3588,卖盘
1756,14:49:46,17.95,0.01,19,34094,买盘
1757,14:49:49,17.95,0.0,9,16155,卖盘
1758,14:50:01,17.95,0.0,6,10770,卖盘
1759,14:50:07,17.95,0.0,3,5385,卖盘
1760,14:50:13,17.95,0.0,29,52065,卖盘
1761,14:50:19,17.95,0.0,3,5385,卖盘
1762,14:50:22,17.96,0.01,73,131044,买盘
1763,14:50:28,17.95,-0.01,48,86160,卖盘
1764,14:50:37,17.96,0.01,6,10776,买盘
1765,14:50:43,17.96,0.0,64,114881,买盘
1766,14:50:46,17.95,-0.01,56,100520,卖盘
1767,14:50:55,17.95,0.0,1,1795,买盘
1768,14:50:58,17.95,0.0,5,8975,买盘
1769,14:51:01,17.94,-0.01,2,3588,卖盘
1770,14:51:07,17.94,0.0,79,141787,卖盘
1771,14:51:16,17.93,-0.01,5,8968,卖盘
1772,14:51:22,17.93,0.0,13,23309,卖盘
1773,14:51:25,17.94,0.01,211,378513,买盘
1774,14:51:28,17.94,0.0,9,16146,卖盘
1775,14:51:31,17.94,0.0,10,17940,卖盘
1776,14:51:34,17.94,0.0,2,3588,卖盘
1777,14:51:40,17.94,0.0,50,89700,卖盘
1778,14:51:52,17.94,0.0,1,1794,卖盘
1779,14:51:55,17.94,0.0,6,10764,卖盘
1780,14:52:04,17.94,0.0,16,28704,买盘
1781,14:52:16,17.93,-0.01,14,25102,卖盘
1782,14:52:25,17.93,0.0,17,30481,买盘
1783,14:52:28,17.92,-0.01,10,17920,卖盘
1784,14:52:37,17.91,-0.01,53,94938,卖盘
1785,14:52:40,17.91,0.0,95,170145,卖盘
1786,14:52:49,17.91,0.0,21,37611,买盘
1787,14:52:52,17.9,-0.01,85,152191,卖盘
1788,14:52:55,17.9,0.0,4,7160,卖盘
1789,14:52:58,17.9,0.0,21,37590,卖盘
1790,14:53:04,17.89,-0.01,3,5367,卖盘
1791,14:53:07,17.89,0.0,6,10734,卖盘
1792,14:53:13,17.9,0.01,12,21480,买盘
1793,14:53:16,17.89,-0.01,19,33993,卖盘
1794,14:53:19,17.88,-0.01,7,12516,卖盘
1795,14:53:25,17.89,0.01,1,1789,买盘
1796,14:53:28,17.88,-0.01,33,59004,卖盘
1797,14:53:31,17.89,0.01,50,89447,买盘
1798,14:53:40,17.87,-0.02,10,17870,卖盘
1799,14:53:43,17.89,0.02,20,35776,买盘
1800,14:53:46,17.88,-0.01,5,8940,卖盘
1801,14:53:49,17.88,0.0,24,42912,卖盘
1802,14:53:52,17.89,0.01,10,17890,买盘
1803,14:53:55,17.87,-0.02,25,44683,卖盘
1804,14:53:58,17.87,0.0,15,26805,卖盘
1805,14:54:01,17.89,0.02,3,5367,买盘
1806,14:54:04,17.89,0.0,10,17890,买盘
1807,14:54:07,17.89,0.0,6,10734,卖盘
1808,14:54:10,17.89,0.0,2,3578,卖盘
1809,14:54:13,17.88,-0.01,25,44723,卖盘
1810,14:54:19,17.89,0.01,3,5367,卖盘
1811,14:54:22,17.89,0.0,7,12528,卖盘
1812,14:54:28,17.9,0.01,24,42951,买盘
1813,14:54:31,17.88,-0.02,4,7154,卖盘
1814,14:54:34,17.88,0.0,45,80460,卖盘
1815,14:54:37,17.87,-0.01,11,19657,卖盘
1816,14:54:40,17.88,0.01,7,12516,买盘
1817,14:54:49,17.88,0.0,3,5364,买盘
1818,14:54:52,17.87,-0.01,3,5362,卖盘
1819,14:54:55,17.88,0.01,10,17880,买盘
1820,14:54:58,17.88,0.0,7,12516,买盘
1821,14:55:07,17.87,-0.01,32,57196,卖盘
1822,14:55:10,17.89,0.02,66,117966,买盘
1823,14:55:16,17.88,-0.01,3,5364,卖盘
1824,14:55:19,17.86,-0.02,10,17860,卖盘
1825,14:55:22,17.87,0.01,5,8935,买盘
1826,14:55:25,17.86,-0.01,31,55366,卖盘
1827,14:55:31,17.86,0.0,1,1786,买盘
1828,14:55:37,17.86,0.0,10,17860,买盘
1829,14:55:40,17.86,0.0,12,21432,买盘
1830,14:55:43,17.86,0.0,25,44650,买盘
1831,14:55:46,17.85,-0.01,26,46410,卖盘
1832,14:55:49,17.86,0.01,23,41078,买盘
1833,14:55:52,17.86,0.0,1,1786,买盘
1834,14:55:58,17.86,0.0,7,12496,买盘
1835,14:56:01,17.85,-0.01,12,21427,卖盘
1836,14:56:04,17.86,0.01,50,89300,买盘
1837,14:56:07,17.85,-0.01,27,48200,卖盘
1838,14:56:10,17.86,0.01,13,23207,买盘
1839,14:56:13,17.86,0.0,3,5358,买盘
1840,14:56:16,17.85,-0.01,6,10710,卖盘
1841,14:56:19,17.85,0.0,6,10712,卖盘
1842,14:56:22,17.85,0.0,12,21420,卖盘
1843,14:56:25,17.85,0.0,17,30345,买盘
1844,14:56:28,17.85,0.0,6,10710,买盘
1845,14:56:34,17.86,0.01,12,21432,买盘
1846,14:56:40,17.85,-0.01,41,73185,卖盘
1847,14:56:43,17.85,0.0,19,33915,买盘
1848,14:56:46,17.85,0.0,307,548050,买盘
1849,14:56:49,17.85,0.0,31,55335,卖盘
1850,14:56:52,17.86,0.01,43,76793,买盘
1851,14:56:55,17.85,-0.01,10,17850,中性盘
1852,14:56:58,17.85,0.0,3,5355,卖盘
1853,14:57:01,17.85,0.0,14,24990,卖盘
1854,14:57:04,17.86,0.01,34,60718,买盘
1855,15:00:04,17.88,0.02,700,1251600,卖盘
