,time,price,change,volume,amount,type
0,09:25:04,16.95,0.14,11,18645,买盘
1,09:30:04,16.97,0.02,20,33940,买盘
2,09:30:07,17.0,0.03,10,16999,买盘
3,09:30:13,17.0,0.0,11,18700,卖盘
4,09:30:25,17.01,0.01,14,23814,卖盘
5,09:30:31,17.05,0.04,4,6820,买盘
6,09:30:34,17.01,-0.04,13,22145,卖盘
7,09:30:37,17.05,0.04,73,124405,买盘
8,09:30:40,17.01,-0.04,7,11915,中性盘
9,09:30:46,17.01,0.0,10,17010,买盘
10,09:30:49,17.01,0.0,5,8505,买盘
11,09:30:52,17.01,0.0,1,1701,卖盘
12,09:30:58,17.01,0.0,9,15309,卖盘
13,09:31:01,17.03,0.02,10,17030,买盘
14,09:31:07,17.03,0.0,66,112358,买盘
15,09:31:13,17.04,0.01,41,69856,买盘
16,09:31:16,17.04,0.0,8,13626,买盘
17,09:31:19,17.04,0.0,14,23856,买盘
18,09:31:22,17.05,0.01,3,5114,买盘
19,09:31:25,17.04,-0.01,7,11928,卖盘
20,09:31:28,17.04,0.0,6,10224,卖盘
21,09:31:31,17.05,0.01,33,56265,买盘
22,09:31:34,17.05,0.0,9,15345,买盘
23,09:31:37,17.04,-0.01,3,5113,卖盘
24,09:31:40,17.06,0.02,18,30673,买盘
25,09:31:43,17.05,-0.01,14,23880,中性盘
26,09:31:46,17.04,-0.01,12,20434,买盘
27,09:31:49,17.04,0.0,3,5112,买盘
28,09:31:52,17.03,-0.01,1,1703,卖盘
29,09:31:55,17.02,-0.01,7,11916,卖盘
30,09:32:01,17.02,0.0,18,30626,买盘
31,09:32:05,17.01,-0.01,10,17010,卖盘
32,09:32:07,17.02,0.01,5,8510,买盘
33,09:32:10,17.01,-0.01,12,20416,卖盘
34,09:32:13,17.02,0.01,1,1702,买盘
35,09:32:22,17.01,-0.01,32,54462,卖盘
36,09:32:25,17.01,0.0,13,22113,卖盘
37,09:32:28,17.03,0.02,23,39164,买盘
38,09:32:34,17.02,-0.01,2,3403,买盘
39,09:32:37,17.02,0.0,2,3404,买盘
40,09:32:46,17.01,-0.01,125,212642,卖盘
41,09:32:52,17.02,0.01,2,3404,卖盘
42,09:32:55,17.02,0.0,1,1702,卖盘
43,09:32:58,17.03,0.01,15,25545,买盘
44,09:33:04,17.03,0.0,2,3406,买盘
45,09:33:07,17.03,0.0,1,1703,买盘
46,09:33:13,17.03,0.0,16,27248,买盘
47,09:33:16,17.03,0.0,1,1703,买盘
48,09:33:19,17.03,0.0,15,25545,买盘
49,09:33:22,17.03,0.0,25,42555,买盘
50,09:33:25,17.03,0.0,10,17030,买盘
51,09:33:28,17.03,0.0,20,34060,买盘
52,09:33:58,17.02,-0.01,6,10212,卖盘
53,09:34:04,17.02,0.0,20,34040,卖盘
54,09:34:16,17.02,0.0,5,8510,卖盘
55,09:34:19,17.03,0.01,1,1703,买盘
56,09:34:28,17.03,0.0,1,1703,买盘
57,09:34:31,17.03,0.0,8,13624,买盘
58,09:34:37,17.03,0.0,10,17030,卖盘
59,09:34:43,17.03,0.0,79,134537,卖盘
60,09:34:55,17.02,-0.01,23,39146,卖盘
61,09:35:04,17.02,0.0,3,5106,卖盘
62,09:35:07,17.02,0.0,10,17020,卖盘
63,09:35:10,17.02,0.0,42,71494,卖盘
64,09:35:13,17.02,0.0,1,1702,买盘
65,09:35:25,17.01,-0.01,25,42545,卖盘
66,09:35:28,17.0,-0.01,84,142815,卖盘
67,09:35:37,17.0,0.0,41,69700,卖盘
68,09:35:40,17.01,0.01,6,10206,买盘
69,09:35:43,17.0,-0.01,10,17000,卖盘
70,09:35:52,17.0,0.0,1,1700,买盘
71,09:35:55,16.99,-0.01,10,16993,卖盘
72,09:35:58,17.0,0.01,14,23800,买盘
73,09:36:01,16.99,-0.01,5,8495,卖盘
74,09:36:04,17.03,0.04,96,163375,买盘
75,09:36:10,17.03,0.0,1,1703,卖盘
76,09:36:13,17.03,0.0,2,3406,卖盘
77,09:36:16,17.03,0.0,4,6812,卖盘
78,09:36:25,17.03,0.0,7,11921,卖盘
79,09:36:37,17.03,0.0,12,20436,买盘
80,09:36:40,17.02,-0.01,3,5106,卖盘
81,09:36:43,17.03,0.01,17,28943,买盘
82,09:36:49,17.02,-0.01,1,1702,中性盘
83,09:36:52,17.01,-0.01,1,1701,中性盘
84,09:37:01,17.0,-0.01,19,32300,卖盘
85,09:37:07,17.0,0.0,4,6800,买盘
86,09:37:10,17.0,0.0,3,5100,买盘
87,09:37:13,16.98,-0.02,16,27178,卖盘
88,09:37:16,16.98,0.0,10,16980,卖盘
89,09:37:28,16.97,-0.01,14,23758,卖盘
90,09:37:37,16.96,-0.01,3,5088,卖盘
91,09:37:52,16.96,0.0,20,33920,卖盘
92,09:37:55,17.0,0.04,35,59461,买盘
93,09:38:04,17.0,0.0,6,10200,买盘
94,09:38:13,17.0,0.0,15,25500,买盘
95,09:38:31,17.0,0.0,6,10200,买盘
96,09:38:37,17.0,0.0,2,3400,买盘
97,09:38:40,17.0,0.0,107,181900,买盘
98,09:38:46,17.02,0.02,5,8510,买盘
99,09:38:52,17.0,-0.02,10,17003,卖盘
100,09:38:55,17.02,0.02,36,61272,买盘
101,09:39:04,17.02,0.0,20,34050,卖盘
102,09:39:07,17.03,0.01,14,23842,买盘
103,09:39:10,17.03,0.0,9,15327,买盘
104,09:39:13,17.02,-0.01,36,61278,卖盘
105,09:39:16,17.02,0.0,1,1702,买盘
106,09:39:19,17.02,0.0,2,3404,买盘
107,09:39:25,17.02,0.0,5,8510,买盘
108,09:39:28,17.02,0.0,1,1702,卖盘
109,09:39:31,17.05,0.03,48,81836,买盘
110,09:39:40,17.04,-0.01,5,8520,买盘
111,09:40:04,17.05,0.01,1,1705,买盘
112,09:40:07,17.05,0.0,15,25575,买盘
113,09:40:19,17.05,0.0,1,1705,买盘
114,09:40:37,17.05,0.0,2,3410,买盘
115,09:40:40,17.05,0.0,1,1705,买盘
116,09:40:46,17.06,0.01,14,23884,买盘
117,09:40:52,17.05,-0.01,2,3410,卖盘
118,09:40:55,17.06,0.01,1,1706,买盘
119,09:40:58,17.05,-0.01,3,5115,卖盘
120,09:41:01,17.05,0.0,7,11935,买盘
121,09:41:07,17.06,0.01,3,5118,买盘
122,09:41:13,17.05,-0.01,3,5115,买盘
123,09:41:19,17.06,0.01,9,15351,买盘
124,09:41:28,17.06,0.0,8,13648,买盘
125,09:41:37,17.05,-0.01,15,25587,卖盘
126,09:41:46,17.06,0.01,18,30701,买盘
127,09:41:52,17.05,-0.01,10,17059,卖盘
128,09:42:01,17.05,0.0,4,6820,买盘
129,09:42:07,17.05,0.0,29,49445,买盘
130,09:42:13,17.04,-0.01,46,78391,卖盘
131,09:42:19,17.05,0.01,8,13640,卖盘
132,09:42:22,17.05,0.0,5,8525,卖盘
133,09:42:25,17.05,0.0,24,40920,卖盘
134,09:42:37,17.05,0.0,10,17050,卖盘
135,09:42:40,17.05,0.0,3,5115,卖盘
136,09:42:43,17.05,0.0,1,1705,买盘
137,09:42:46,17.05,0.0,1,1705,买盘
138,09:42:49,17.05,0.0,2,3410,买盘
139,09:42:52,17.04,-0.01,9,15338,卖盘
140,09:42:55,17.05,0.01,5,8525,中性盘
141,09:43:01,17.04,-0.01,10,17040,卖盘
142,09:43:13,17.04,0.0,8,13632,卖盘
143,09:43:16,17.04,0.0,1,1704,卖盘
144,09:43:46,17.04,0.0,10,17040,卖盘
145,09:43:58,17.04,0.0,10,17040,卖盘
146,09:44:04,17.05,0.01,17,28985,买盘
147,09:44:07,17.04,-0.01,17,28971,卖盘
148,09:44:16,17.04,0.0,40,68177,卖盘
149,09:44:19,17.06,0.02,1,1706,买盘
150,09:44:31,17.07,0.01,35,59733,买盘
151,09:44:34,17.05,-0.02,4,6822,卖盘
152,09:44:37,17.05,0.0,1,1705,买盘
153,09:44:49,17.04,-0.01,10,17040,卖盘
154,09:45:10,17.05,0.01,1,1705,买盘
155,09:45:19,17.04,-0.01,11,18744,卖盘
156,09:45:22,17.04,0.0,3,5112,卖盘
157,09:45:25,17.04,0.0,10,17040,卖盘
158,09:45:34,17.04,0.0,2,3408,卖盘
159,09:45:40,17.05,0.01,14,23870,买盘
160,09:46:01,17.06,0.01,1,1706,买盘
161,09:46:22,17.05,-0.01,4,6820,卖盘
162,09:46:25,17.05,0.0,5,8529,卖盘
163,09:46:43,17.05,0.0,2,3410,卖盘
164,09:46:46,17.06,0.01,35,59710,买盘
165,09:46:49,17.06,0.0,1,1706,买盘
166,09:46:52,17.05,-0.01,2,3410,卖盘
167,09:46:55,17.07,0.02,53,90388,买盘
168,09:47:04,17.05,-0.02,20,34100,卖盘
169,09:47:19,17.05,0.0,37,63097,卖盘
170,09:47:28,17.07,0.02,35,59724,买盘
171,09:47:40,17.08,0.01,124,211745,买盘
172,09:47:43,17.08,0.0,25,42700,卖盘
173,09:47:46,17.08,0.0,22,37578,卖盘
174,09:47:49,17.09,0.01,100,170900,买盘
175,09:47:52,17.09,0.0,5,8545,买盘
176,09:47:58,17.1,0.01,1,1710,买盘
177,09:48:01,17.1,0.0,32,54720,买盘
178,09:48:04,17.1,0.0,12,20512,买盘
179,09:48:10,17.1,0.0,13,22218,买盘
180,09:48:16,17.1,0.0,21,35907,买盘
181,09:48:19,17.1,0.0,11,18805,买盘
182,09:48:31,17.09,-0.01,4,6836,买盘
183,09:48:43,17.09,0.0,1,1709,买盘
184,09:48:49,17.08,-0.01,4,6832,卖盘
185,09:48:52,17.08,0.0,1,1708,买盘
186,09:48:58,17.06,-0.02,3,5118,卖盘
187,09:49:01,17.09,0.03,29,49536,买盘
188,09:49:04,17.06,-0.03,3,5119,卖盘
189,09:49:10,17.07,0.01,1,1707,卖盘
190,09:49:19,17.08,0.01,5,8536,买盘
191,09:49:37,17.07,-0.01,21,35847,卖盘
192,09:49:40,17.07,0.0,8,13656,卖盘
193,09:49:43,17.08,0.01,10,17080,买盘
194,09:49:49,17.06,-0.02,19,32419,卖盘
195,09:50:01,17.08,0.02,3,5124,买盘
196,09:50:16,17.07,-0.01,1,1707,买盘
197,09:50:19,17.08,0.01,19,32452,买盘
198,09:50:25,17.08,0.0,1,1708,买盘
199,09:50:28,17.09,0.01,11,18791,买盘
200,09:50:31,17.09,0.0,21,35889,买盘
201,09:50:34,17.1,0.01,41,70092,买盘
202,09:50:37,17.1,0.0,21,35910,买盘
203,09:50:40,17.1,0.0,65,111150,买盘
204,09:50:43,17.1,0.0,86,147060,买盘
205,09:50:46,17.11,0.01,10,17110,买盘
206,09:50:52,17.14,0.03,1,1714,买盘
207,09:51:01,17.11,-0.03,37,63369,卖盘
208,09:51:04,17.11,0.0,13,22243,买盘
209,09:51:07,17.11,0.0,7,11977,买盘
210,09:51:10,17.15,0.04,1,1715,买盘
211,09:51:13,17.15,0.0,1,1715,买盘
212,09:51:19,17.14,-0.01,10,17140,卖盘
213,09:51:22,17.14,0.0,2,3428,卖盘
214,09:51:25,17.14,0.0,2,3428,买盘
215,09:51:28,17.15,0.01,20,34297,买盘
216,09:51:31,17.15,0.0,1,1715,买盘
217,09:51:43,17.14,-0.01,10,17140,买盘
218,09:52:19,17.13,-0.01,1,1713,买盘
219,09:52:31,17.13,0.0,20,34260,买盘
220,09:52:46,17.13,0.0,15,25695,买盘
221,09:52:52,17.13,0.0,1,1713,买盘
222,09:52:55,17.11,-0.02,5,8555,卖盘
223,09:53:04,17.11,0.0,2,3422,卖盘
224,09:53:07,17.11,0.0,5,8555,卖盘
225,09:53:25,17.11,0.0,5,8555,卖盘
226,09:53:34,17.11,0.0,47,80417,卖盘
227,09:53:55,17.1,-0.01,3,5130,卖盘
228,09:54:04,17.1,0.0,2,3420,买盘
229,09:54:10,17.09,-0.01,11,18799,卖盘
230,09:54:31,17.08,-0.01,16,27328,卖盘
231,09:54:37,17.08,0.0,2,3416,买盘
232,09:54:40,17.08,0.0,3,5124,买盘
233,09:54:43,17.07,-0.01,2,3414,卖盘
234,09:54:52,17.08,0.01,4,6832,买盘
235,09:55:10,17.08,0.0,2,3416,买盘
236,09:55:16,17.08,0.0,2,3416,买盘
237,09:55:25,17.08,0.0,1,1708,买盘
238,09:55:43,17.08,0.0,2,3416,买盘
239,09:55:49,17.08,0.0,4,6832,买盘
240,09:56:01,17.07,-0.01,12,20484,卖盘
241,09:56:10,17.08,0.01,3,5124,买盘
242,09:56:28,17.08,0.0,4,6832,买盘
243,09:56:37,17.08,0.0,1,1708,买盘
244,09:57:10,17.08,0.0,2,3416,买盘
245,09:57:22,17.07,-0.01,3,5121,卖盘
246,09:57:25,17.07,0.0,7,11949,卖盘
247,09:57:40,17.08,0.01,2,3416,买盘
248,09:57:52,17.07,-0.01,20,34140,卖盘
249,09:57:55,17.07,0.0,7,11949,卖盘
250,09:58:10,17.08,0.01,2,3416,买盘
251,09:58:13,17.07,-0.01,7,11949,卖盘
252,09:58:34,17.07,0.0,3,5121,卖盘
253,09:58:37,17.08,0.01,2,3416,买盘
254,09:58:55,17.08,0.0,1,1708,买盘
255,09:59:01,17.08,0.0,20,34155,买盘
256,09:59:07,17.08,0.0,30,51240,买盘
257,09:59:28,17.1,0.02,8,13680,买盘
258,09:59:31,17.1,0.0,48,82000,买盘
259,09:59:34,17.08,-0.02,75,128100,卖盘
260,09:59:37,17.1,0.02,2,3420,买盘
261,10:00:01,17.1,0.0,2,3420,买盘
262,10:00:04,17.1,0.0,4,6840,买盘
263,10:00:13,17.09,-0.01,5,8545,卖盘
264,10:00:16,17.09,0.0,10,17090,卖盘
265,10:00:31,17.09,0.0,1,1709,买盘
266,10:00:37,17.08,-0.01,19,32467,卖盘
267,10:00:40,17.09,0.01,43,73487,中性盘
268,10:00:43,17.09,0.0,11,18799,卖盘
269,10:00:49,17.1,0.01,17,29070,买盘
270,10:00:58,17.1,0.0,2,3420,买盘
271,10:01:04,17.11,0.01,3,5131,买盘
272,10:01:19,17.13,0.02,49,83924,买盘
273,10:01:28,17.14,0.01,2,3428,买盘
274,10:01:37,17.13,-0.01,20,34260,卖盘
275,10:01:46,17.13,0.0,16,27419,卖盘
276,10:01:49,17.14,0.01,1,1714,买盘
277,10:01:58,17.14,0.0,2,3428,买盘
278,10:02:04,17.13,-0.01,2,3426,卖盘
279,10:02:28,17.13,0.0,2,3426,买盘
280,10:02:49,17.12,-0.01,1,1712,买盘
281,10:02:55,17.13,0.01,2,3426,买盘
282,10:02:58,17.13,0.0,1,1713,买盘
283,10:03:01,17.1,-0.03,8,13686,卖盘
284,10:03:16,17.1,0.0,2,3420,买盘
285,10:03:31,17.1,0.0,2,3420,买盘
286,10:03:49,17.1,0.0,16,27360,买盘
287,10:03:58,17.1,0.0,2,3420,买盘
288,10:04:01,17.09,-0.01,5,8545,卖盘
289,10:04:13,17.09,0.0,12,20508,买盘
290,10:04:25,17.08,-0.01,26,44408,卖盘
291,10:04:28,17.08,0.0,2,3416,买盘
292,10:04:37,17.09,0.01,11,18797,买盘
293,10:04:58,17.09,0.0,1,1709,买盘
294,10:05:04,17.09,0.0,5,8545,买盘
295,10:05:25,17.11,0.02,4,6844,买盘
296,10:05:28,17.09,-0.02,1,1709,卖盘
297,10:05:58,17.11,0.02,3,5133,买盘
298,10:06:34,17.09,-0.02,1,1709,卖盘
299,10:06:40,17.08,-0.01,7,11960,卖盘
300,10:07:25,17.1,0.02,1,1710,卖盘
301,10:07:48,17.09,-0.01,9,15381,卖盘
302,10:07:55,17.09,0.0,1,1709,卖盘
303,10:08:07,17.09,0.0,3,5127,卖盘
304,10:08:19,17.09,0.0,7,11963,卖盘
305,10:08:28,17.09,0.0,1,1709,卖盘
306,10:08:57,17.09,0.0,2,3418,卖盘
307,10:09:07,17.09,0.0,1,1709,卖盘
308,10:09:37,17.09,0.0,5,8545,卖盘
309,10:09:46,17.09,0.0,2,3418,买盘
310,10:10:37,17.08,-0.01,5,8540,卖盘
311,10:10:49,17.08,0.0,13,22204,卖盘
312,10:11:31,17.08,0.0,11,18788,卖盘
313,10:11:40,17.08,0.0,10,17080,卖盘
314,10:12:00,17.08,0.0,19,32452,卖盘
315,10:12:19,17.08,0.0,4,6832,买盘
316,10:12:28,17.09,0.01,1,1709,买盘
317,10:12:31,17.09,0.0,8,13672,买盘
318,10:12:37,17.09,0.0,7,11963,买盘
319,10:12:58,17.09,0.0,1,1709,买盘
320,10:13:04,17.09,0.0,2,3418,买盘
321,10:13:28,17.08,-0.01,4,6832,卖盘
322,10:13:31,17.08,0.0,2,3416,买盘
323,10:13:58,17.08,0.0,2,3416,买盘
324,10:14:04,17.08,0.0,1,1708,买盘
325,10:14:07,17.08,0.0,1,1708,买盘
326,10:14:13,17.09,0.01,2,3418,买盘
327,10:14:19,17.07,-0.02,23,39261,卖盘
328,10:14:25,17.07,0.0,16,27312,卖盘
329,10:14:31,17.07,0.0,1,1707,买盘
330,10:14:34,17.07,0.0,2,3414,买盘
331,10:14:52,17.06,-0.01,100,170600,卖盘
332,10:14:57,17.07,0.01,1,1707,买盘
333,10:15:00,17.07,0.0,3,5121,买盘
334,10:15:04,17.06,-0.01,10,17060,卖盘
335,10:15:07,17.06,0.0,10,17060,卖盘
336,10:15:22,17.06,0.0,20,34120,买盘
337,10:15:28,17.06,0.0,1,1706,买盘
338,10:15:31,17.06,0.0,1,1706,买盘
339,10:15:33,17.06,0.0,1,1706,买盘
340,10:15:37,17.05,-0.01,11,18755,卖盘
341,10:15:43,17.05,0.0,2,3410,卖盘
342,10:15:58,17.06,0.01,1,1706,买盘
343,10:16:01,17.04,-0.02,56,95439,卖盘
344,10:16:13,17.04,0.0,24,40913,卖盘
345,10:16:28,17.06,0.02,1,1706,买盘
346,10:16:31,17.06,0.0,2,3412,买盘
347,10:16:34,17.06,0.0,9,15354,买盘
348,10:16:57,17.05,-0.01,2,3410,卖盘
349,10:17:01,17.05,0.0,1,1705,买盘
350,10:17:04,17.05,0.0,1,1705,买盘
351,10:17:07,17.05,0.0,1,1705,买盘
352,10:17:10,17.04,-0.01,2,3408,卖盘
353,10:17:16,17.04,0.0,42,71568,卖盘
354,10:17:19,17.04,0.0,11,18744,卖盘
355,10:17:25,17.04,0.0,8,13632,卖盘
356,10:17:27,17.04,0.0,2,3409,卖盘
357,10:17:31,17.05,0.01,2,3410,买盘
358,10:17:34,17.04,-0.01,2,3409,卖盘
359,10:17:37,17.04,0.0,1,1704,卖盘
360,10:17:55,17.04,0.0,3,5112,卖盘
361,10:17:58,17.04,0.0,1,1704,卖盘
362,10:18:01,17.05,0.01,1,1705,买盘
363,10:18:04,17.05,0.0,2,3410,买盘
364,10:18:07,17.05,0.0,15,25575,买盘
365,10:18:19,17.05,0.0,27,46035,买盘
366,10:18:22,17.04,-0.01,42,71568,卖盘
367,10:18:25,17.05,0.01,2,3410,买盘
368,10:18:34,17.06,0.01,29,49455,买盘
369,10:18:37,17.06,0.0,1,1706,买盘
370,10:18:40,17.06,0.0,1,1706,买盘
371,10:19:01,17.06,0.0,1,1706,买盘
372,10:19:04,17.06,0.0,1,1706,买盘
373,10:19:10,17.06,0.0,1,1706,买盘
374,10:19:22,17.04,-0.02,2,3409,卖盘
375,10:19:28,17.06,0.02,1,1706,买盘
376,10:19:31,17.05,-0.01,2,3411,中性盘
377,10:19:40,17.04,-0.01,2,3408,卖盘
378,10:19:43,17.03,-0.01,21,35781,卖盘
379,10:20:01,17.05,0.02,4,6818,买盘
380,10:20:28,17.05,0.0,3,5111,买盘
381,10:20:31,17.05,0.0,2,3410,买盘
382,10:20:34,17.03,-0.02,24,40874,卖盘
383,10:20:55,17.02,-0.01,13,22129,卖盘
384,10:20:58,17.03,0.01,1,1703,买盘
385,10:21:01,17.03,0.0,1,1703,买盘
386,10:21:06,17.02,-0.01,1,1702,卖盘
387,10:21:12,17.02,0.0,4,6808,卖盘
388,10:21:25,17.01,-0.01,64,108864,卖盘
389,10:21:31,17.02,0.01,2,3404,买盘
390,10:21:33,17.02,0.0,1,1702,买盘
391,10:21:58,17.02,0.0,2,3404,买盘
392,10:22:01,17.02,0.0,1,1702,买盘
393,10:22:13,17.02,0.0,1,1702,买盘
394,10:22:31,17.02,0.0,3,5106,买盘
395,10:22:58,17.01,-0.01,7,11908,卖盘
396,10:23:01,17.02,0.01,3,5106,买盘
397,10:23:16,17.01,-0.01,25,42525,卖盘
398,10:23:28,17.01,0.0,1,1701,买盘
399,10:23:31,17.0,-0.01,45,76501,卖盘
400,10:23:34,17.0,0.0,3,5100,卖盘
401,10:23:45,17.0,0.0,16,27200,卖盘
402,10:23:48,17.0,0.0,15,25500,卖盘
403,10:23:52,17.0,0.0,1,1700,卖盘
404,10:23:58,17.01,0.01,52,88402,买盘
405,10:24:01,17.01,0.0,2,3402,买盘
406,10:24:07,17.0,-0.01,8,13600,卖盘
407,10:24:10,17.0,0.0,31,52705,卖盘
408,10:24:13,17.0,0.0,30,51000,卖盘
409,10:24:19,16.99,-0.01,1,1699,卖盘
410,10:24:28,17.0,0.01,2,3400,买盘
411,10:24:30,17.0,0.0,1,1700,买盘
412,10:24:45,17.0,0.0,19,32284,买盘
413,10:24:57,17.0,0.0,1,1700,买盘
414,10:25:01,17.0,0.0,2,3400,买盘
415,10:25:19,16.99,-0.01,2,3398,卖盘
416,10:25:22,16.99,0.0,1,1699,卖盘
417,10:25:28,17.0,0.01,3,5100,买盘
418,10:25:31,17.0,0.0,2,3400,买盘
419,10:25:40,17.0,0.0,3,5100,买盘
420,10:25:43,16.99,-0.01,64,108783,卖盘
421,10:25:46,16.99,0.0,9,15291,买盘
422,10:25:49,16.99,0.0,5,8495,买盘
423,10:25:58,16.99,0.0,1,1699,买盘
424,10:26:01,16.99,0.0,1,1699,买盘
425,10:26:04,16.99,0.0,19,32281,买盘
426,10:26:25,16.99,0.0,6,10194,卖盘
427,10:26:28,16.99,0.0,1,1699,卖盘
428,10:26:30,16.99,0.0,3,5097,买盘
429,10:26:37,16.99,0.0,8,13592,买盘
430,10:26:55,17.0,0.01,10,17000,买盘
431,10:26:58,17.01,0.01,2,3402,买盘
432,10:27:01,17.01,0.0,1,1701,买盘
433,10:27:07,17.0,-0.01,3,5100,卖盘
434,10:27:13,17.01,0.01,1,1701,买盘
435,10:27:25,17.0,-0.01,3,5100,卖盘
436,10:27:28,17.01,0.01,2,3402,买盘
437,10:27:30,17.01,0.0,2,3402,买盘
438,10:28:01,17.01,0.0,3,5103,买盘
439,10:28:07,17.01,0.0,25,42525,买盘
440,10:28:13,17.0,-0.01,4,6800,卖盘
441,10:28:27,17.0,0.0,1,1700,买盘
442,10:28:31,17.01,0.01,2,3402,买盘
443,10:28:55,16.99,-0.02,7,11893,卖盘
444,10:28:57,16.99,0.0,2,3398,买盘
445,10:29:00,16.99,0.0,2,3398,买盘
446,10:29:13,17.0,0.01,14,23796,买盘
447,10:29:27,17.01,0.01,1,1701,买盘
448,10:29:30,16.99,-0.02,6,10198,卖盘
449,10:29:52,16.99,0.0,6,10191,买盘
450,10:29:57,17.0,0.01,3,5100,买盘
451,10:30:01,17.0,0.0,1,1700,买盘
452,10:30:28,17.0,0.0,16,27200,买盘
453,10:30:31,17.0,0.0,2,3400,买盘
454,10:30:34,16.99,-0.01,7,11893,卖盘
455,10:30:37,17.0,0.01,10,16999,买盘
456,10:30:52,17.0,0.0,30,51000,买盘
457,10:30:58,17.0,0.0,1,1700,买盘
458,10:31:01,17.0,0.0,5,8500,买盘
459,10:31:34,17.0,0.0,20,34000,买盘
460,10:31:37,17.0,0.0,2,3400,买盘
461,10:31:43,17.0,0.0,15,25500,买盘
462,10:31:46,17.0,0.0,10,17000,买盘
463,10:32:01,17.0,0.0,1,1700,买盘
464,10:32:10,17.0,0.0,47,79900,买盘
465,10:32:19,17.0,0.0,9,15300,卖盘
466,10:32:37,17.01,0.01,26,44226,买盘
467,10:32:58,17.01,0.0,1,1701,买盘
468,10:33:31,17.01,0.0,5,8505,买盘
469,10:33:52,17.01,0.0,5,8505,买盘
470,10:34:16,17.01,0.0,4,6804,买盘
471,10:34:21,17.0,-0.01,4,6800,卖盘
472,10:34:27,17.01,0.01,17,28917,买盘
473,10:35:16,17.01,0.0,20,34020,买盘
474,10:35:18,17.0,-0.01,7,11900,卖盘
475,10:35:49,17.01,0.01,3,5103,买盘
476,10:36:43,17.0,-0.01,30,51000,卖盘
477,10:37:13,17.0,0.0,5,8500,买盘
478,10:37:57,16.98,-0.02,10,16980,卖盘
479,10:39:51,16.99,0.01,21,35679,买盘
480,10:40:06,17.0,0.01,7,11900,买盘
481,10:40:18,17.0,0.0,5,8500,买盘
482,10:40:27,17.0,0.0,6,10200,买盘
483,10:41:43,17.0,0.0,89,151300,买盘
484,10:41:49,17.0,0.0,1,1700,买盘
485,10:41:55,17.0,0.0,1,1700,买盘
486,10:43:18,17.0,0.0,1,1700,买盘
487,10:45:01,17.0,0.0,1,1700,买盘
488,10:45:03,16.99,-0.01,30,50970,卖盘
489,10:45:10,16.99,0.0,4,6796,卖盘
490,10:45:13,16.99,0.0,1,1699,买盘
491,10:45:19,16.98,-0.01,10,16980,卖盘
492,10:45:24,16.98,0.0,15,25470,卖盘
493,10:45:36,16.98,0.0,2,3396,卖盘
494,10:46:45,16.99,0.01,11,18689,买盘
495,10:47:25,16.99,0.0,2,3398,卖盘
496,10:47:28,16.99,0.0,2,3398,卖盘
497,10:47:34,16.99,0.0,2,3398,卖盘
498,10:47:40,16.99,0.0,1,1699,卖盘
499,10:47:43,16.99,0.0,16,27184,卖盘
500,10:47:49,16.98,-0.01,14,23772,卖盘
501,10:47:52,16.99,0.01,10,16982,买盘
502,10:47:55,16.98,-0.01,3,5094,卖盘
503,10:48:01,16.98,0.0,6,10188,卖盘
504,10:48:07,16.97,-0.01,1,1697,卖盘
505,10:48:25,16.98,0.01,3,5094,买盘
506,10:48:46,16.97,-0.01,9,15273,卖盘
507,10:48:54,16.97,0.0,2,3394,买盘
508,10:49:22,16.95,-0.02,60,101750,卖盘
509,10:49:55,16.95,0.0,3,5085,买盘
510,10:50:25,16.97,0.02,2,3394,买盘
511,10:50:52,16.97,0.0,2,3394,买盘
512,10:51:18,16.95,-0.02,5,8475,卖盘
513,10:51:22,16.97,0.02,3,5091,买盘
514,10:51:54,16.96,-0.01,2,3392,买盘
515,10:52:25,16.96,0.0,2,3392,买盘
516,10:52:46,16.95,-0.01,2,3390,卖盘
517,10:52:55,16.95,0.0,3,5085,买盘
518,10:53:01,16.95,0.0,1,1695,买盘
519,10:53:04,16.95,0.0,1,1695,买盘
520,10:53:07,16.95,0.0,2,3390,买盘
521,10:53:10,16.95,0.0,10,16950,卖盘
522,10:53:25,16.96,0.01,2,3392,买盘
523,10:53:31,16.96,0.0,2,3392,买盘
524,10:53:37,16.96,0.0,1,1696,买盘
525,10:53:48,16.96,0.0,10,16960,买盘
526,10:53:55,16.96,0.0,4,6782,买盘
527,10:53:58,16.96,0.0,3,5088,买盘
528,10:54:00,16.95,-0.01,9,15255,卖盘
529,10:54:21,16.96,0.01,38,64413,买盘
530,10:54:37,16.96,0.0,16,27136,买盘
531,10:54:46,16.96,0.0,7,11872,买盘
532,10:54:55,16.97,0.01,2,3394,买盘
533,10:55:25,16.97,0.0,2,3394,买盘
534,10:55:37,16.97,0.0,1,1697,买盘
535,10:56:10,16.97,0.0,2,3394,买盘
536,10:57:03,16.97,0.0,3,5091,买盘
537,10:57:28,16.97,0.0,5,8485,买盘
538,10:57:36,16.95,-0.02,60,101710,卖盘
539,10:58:37,16.95,0.0,10,16950,买盘
540,10:58:40,16.95,0.0,2,3390,买盘
541,10:58:48,16.95,0.0,2,3390,卖盘
542,10:59:37,16.97,0.02,1,1697,买盘
543,10:59:54,16.97,0.0,9,15273,买盘
544,11:00:04,16.97,0.0,2,3394,买盘
545,11:00:19,16.97,0.0,9,15273,买盘
546,11:00:22,16.97,0.0,3,5091,买盘
547,11:00:28,16.97,0.0,1,1697,买盘
548,11:01:07,16.96,-0.01,3,5088,卖盘
549,11:01:54,16.96,0.0,8,13568,卖盘
550,11:03:07,16.95,-0.01,62,105090,卖盘
551,11:03:31,16.94,-0.01,10,16940,卖盘
552,11:03:37,16.95,0.01,15,25425,买盘
553,11:03:42,16.94,-0.01,15,25410,卖盘
554,11:03:52,16.94,0.0,5,8470,买盘
555,11:04:24,16.94,0.0,20,33880,卖盘
556,11:04:52,16.95,0.01,10,16950,买盘
557,11:05:34,16.95,0.0,5,8475,买盘
558,11:05:37,16.95,0.0,1,1695,买盘
559,11:06:04,16.95,0.0,2,3390,买盘
560,11:06:24,16.95,0.0,9,15255,买盘
561,11:06:42,16.95,0.0,8,13560,买盘
562,11:06:51,16.94,-0.01,1,1694,卖盘
563,11:06:58,16.95,0.01,7,11865,买盘
564,11:07:34,16.95,0.0,1,1695,卖盘
565,11:08:22,16.95,0.0,5,8475,卖盘
566,11:08:43,16.95,0.0,5,8475,卖盘
567,11:08:49,16.96,0.01,1,1696,买盘
568,11:09:09,16.96,0.0,1,1696,买盘
569,11:09:12,16.96,0.0,5,8480,买盘
570,11:09:22,16.96,0.0,3,5088,买盘
571,11:10:01,16.97,0.01,3,5090,买盘
572,11:10:27,16.97,0.0,4,6788,买盘
573,11:11:01,16.97,0.0,2,3394,买盘
574,11:11:21,16.97,0.0,20,33927,买盘
575,11:11:24,16.96,-0.01,1,1696,卖盘
576,11:11:28,16.97,0.01,3,5091,买盘
577,11:11:55,16.95,-0.02,5,8475,卖盘
578,11:11:57,16.97,0.02,4,6788,买盘
579,11:12:27,16.97,0.0,1,1697,买盘
580,11:13:25,16.97,0.0,13,22061,买盘
581,11:13:31,16.98,0.01,12,20376,买盘
582,11:13:33,16.95,-0.03,62,105183,卖盘
583,11:13:36,16.95,0.0,2,3390,买盘
584,11:13:40,16.95,0.0,17,28815,买盘
585,11:13:43,16.91,-0.04,99,167692,卖盘
586,11:13:55,16.99,0.08,9,15291,买盘
587,11:14:00,16.99,0.0,20,33980,卖盘
588,11:14:06,16.99,0.0,1,1699,中性盘
589,11:15:01,16.93,-0.06,10,16930,卖盘
590,11:15:07,17.0,0.07,1,1700,买盘
591,11:15:28,16.98,-0.02,1,1698,买盘
592,11:15:31,16.98,0.0,1,1698,买盘
593,11:15:34,16.98,0.0,2,3396,买盘
594,11:15:37,16.99,0.01,1,1699,买盘
595,11:15:40,16.99,0.0,1,1699,买盘
596,11:15:43,16.99,0.0,6,10194,买盘
597,11:15:46,16.99,0.0,8,13592,卖盘
598,11:15:49,17.0,0.01,35,59500,买盘
599,11:15:58,17.0,0.0,9,15300,买盘
600,11:16:01,17.0,0.0,11,18700,买盘
601,11:16:04,17.0,0.0,32,54400,买盘
602,11:16:07,17.0,0.0,37,62900,买盘
603,11:16:13,17.0,0.0,12,20400,买盘
604,11:16:19,17.0,0.0,20,34000,卖盘
605,11:16:46,17.01,0.01,20,34020,买盘
606,11:16:49,17.01,0.0,1,1701,买盘
607,11:17:10,17.01,0.0,1,1701,买盘
608,11:17:37,17.01,0.0,1,1701,买盘
609,11:17:40,17.01,0.0,3,5103,买盘
610,11:17:51,17.01,0.0,2,3402,买盘
611,11:18:16,17.01,0.0,26,44226,买盘
612,11:18:22,17.01,0.0,3,5103,买盘
613,11:18:40,17.02,0.01,1,1702,买盘
614,11:18:52,17.02,0.0,10,17020,买盘
615,11:19:10,17.03,0.01,1,1703,买盘
616,11:19:13,17.02,-0.01,2,3404,卖盘
617,11:19:39,17.03,0.01,1,1703,买盘
618,11:20:01,17.02,-0.01,6,10212,卖盘
619,11:20:04,17.03,0.01,6,10218,买盘
620,11:20:07,17.03,0.0,14,23842,买盘
621,11:20:10,17.03,0.0,15,25545,买盘
622,11:20:16,17.04,0.01,3,5112,买盘
623,11:20:19,17.04,0.0,1,1704,买盘
624,11:20:22,17.04,0.0,3,5112,买盘
625,11:20:24,17.04,0.0,3,5112,买盘
626,11:20:28,17.04,0.0,11,18744,买盘
627,11:20:34,17.05,0.01,116,197755,买盘
628,11:20:37,17.05,0.0,31,52855,买盘
629,11:20:40,17.06,0.01,21,35826,买盘
630,11:20:58,17.1,0.04,5,8550,买盘
631,11:21:04,17.1,0.0,10,17100,买盘
632,11:21:10,17.11,0.01,41,70124,买盘
633,11:21:22,17.11,0.0,1,1711,买盘
634,11:21:25,17.1,-0.01,5,8550,买盘
635,11:21:48,17.09,-0.01,12,20508,卖盘
636,11:22:00,17.08,-0.01,5,8542,卖盘
637,11:22:10,17.09,0.01,1,1709,买盘
638,11:22:21,17.1,0.01,1,1710,买盘
639,11:22:40,17.09,-0.01,1,1709,买盘
640,11:23:09,17.08,-0.01,1,1708,买盘
641,11:23:16,17.08,0.0,2,3416,买盘
642,11:23:22,17.08,0.0,1,1708,买盘
643,11:23:46,17.07,-0.01,1,1707,卖盘
644,11:23:58,17.06,-0.01,2,3412,卖盘
645,11:24:09,17.06,0.0,1,1706,买盘
646,11:24:22,17.06,0.0,1,1706,买盘
647,11:24:42,17.06,0.0,1,1706,买盘
648,11:24:55,17.05,-0.01,6,10230,卖盘
649,11:25:13,17.05,0.0,5,8525,卖盘
650,11:25:24,17.05,0.0,1,1705,买盘
651,11:25:40,17.05,0.0,1,1705,买盘
652,11:25:49,17.05,0.0,3,5115,买盘
653,11:26:09,17.05,0.0,1,1705,买盘
654,11:26:40,17.06,0.01,1,1706,买盘
655,11:26:52,17.06,0.0,1,1706,买盘
656,11:26:58,17.08,0.02,30,51194,买盘
657,11:27:09,17.08,0.0,2,3416,买盘
658,11:27:43,17.07,-0.01,1,1707,买盘
659,11:27:49,17.05,-0.02,5,8525,卖盘
660,11:27:52,17.07,0.02,1,1707,买盘
661,11:28:04,17.06,-0.01,77,131264,中性盘
662,11:28:13,17.07,0.01,1,1707,买盘
663,11:28:16,17.07,0.0,7,11949,买盘
664,11:28:27,17.04,-0.03,6,10224,卖盘
665,11:28:52,17.04,0.0,1,1704,买盘
666,11:28:55,17.04,0.0,8,13632,买盘
667,11:29:13,17.06,0.02,1,1706,买盘
668,11:29:43,17.06,0.0,1,1706,买盘
669,11:29:54,17.06,0.0,1,1706,买盘
670,11:29:57,17.05,-0.01,4,6820,卖盘
671,13:00:07,17.06,0.01,16,27281,买盘
672,13:00:54,17.08,0.02,1,1708,买盘
673,13:00:57,17.08,0.0,18,30744,买盘
674,13:01:12,17.09,0.01,3,5127,买盘
675,13:01:30,17.08,-0.01,12,20506,卖盘
676,13:01:42,17.09,0.01,1,1709,买盘
677,13:01:55,17.08,-0.01,3,5124,卖盘
678,13:02:24,17.08,0.0,1,1708,买盘
679,13:02:43,17.08,0.0,1,1708,买盘
680,13:02:48,17.07,-0.01,1,1707,卖盘
681,13:03:01,17.08,0.01,10,17074,买盘
682,13:03:09,17.08,0.0,6,10248,卖盘
683,13:03:13,17.08,0.0,4,6833,卖盘
684,13:03:24,17.09,0.01,1,1709,买盘
685,13:03:31,17.08,-0.01,6,10248,卖盘
686,13:03:42,17.07,-0.01,2,3415,卖盘
687,13:03:58,17.06,-0.01,15,25590,卖盘
688,13:04:24,17.08,0.02,1,1708,买盘
689,13:04:40,17.09,0.01,60,102539,买盘
690,13:04:42,17.09,0.0,1,1709,买盘
691,13:04:57,17.09,0.0,1,1709,买盘
692,13:05:00,17.09,0.0,3,5127,买盘
693,13:05:12,17.09,0.0,1,1709,买盘
694,13:05:24,17.09,0.0,1,1709,买盘
695,13:05:31,17.09,0.0,19,32471,买盘
696,13:06:15,17.08,-0.01,2,3416,买盘
697,13:06:18,17.07,-0.01,9,15364,卖盘
698,13:06:24,17.09,0.02,1,1709,买盘
699,13:06:37,17.08,-0.01,2,3416,卖盘
700,13:06:42,17.08,0.0,1,1708,买盘
701,13:06:51,17.07,-0.01,10,17070,卖盘
702,13:07:16,17.07,0.0,1,1707,买盘
703,13:07:25,17.07,0.0,1,1707,买盘
704,13:07:57,17.06,-0.01,21,35826,卖盘
705,13:08:01,17.06,0.0,4,6824,卖盘
706,13:08:04,17.06,0.0,1,1706,买盘
707,13:08:12,17.06,0.0,1,1706,买盘
708,13:08:31,17.06,0.0,1,1706,买盘
709,13:08:33,17.05,-0.01,13,22165,卖盘
710,13:08:45,17.07,0.02,1,1707,买盘
711,13:08:54,17.07,0.0,8,13656,买盘
712,13:08:58,17.07,0.0,1,1707,买盘
713,13:09:21,17.06,-0.01,1,1706,卖盘
714,13:09:45,17.07,0.01,1,1707,买盘
715,13:09:54,17.07,0.0,1,1707,买盘
716,13:10:15,17.07,0.0,1,1707,买盘
717,13:10:36,17.07,0.0,11,18776,买盘
718,13:10:40,17.06,-0.01,7,11942,卖盘
719,13:10:54,17.07,0.01,1,1707,买盘
720,13:11:00,17.06,-0.01,2,3412,卖盘
721,13:11:25,17.06,0.0,9,15354,卖盘
722,13:11:43,17.05,-0.01,2,3410,卖盘
723,13:11:49,17.06,0.01,20,34120,买盘
724,13:11:55,17.06,0.0,1,1706,买盘
725,13:12:39,17.05,-0.01,1,1705,卖盘
726,13:12:57,17.06,0.01,1,1706,买盘
727,13:13:36,17.06,0.0,10,17060,买盘
728,13:13:43,17.06,0.0,1,1706,买盘
729,13:14:06,17.05,-0.01,3,5115,卖盘
730,13:14:22,17.07,0.02,5,8535,买盘
731,13:14:25,17.06,-0.01,9,15354,卖盘
732,13:14:27,17.07,0.01,9,15363,买盘
733,13:14:33,17.06,-0.01,14,23884,卖盘
734,13:14:37,17.06,0.0,30,51180,买盘
735,13:15:24,17.05,-0.01,121,206307,卖盘
736,13:15:27,17.05,0.0,1,1705,买盘
737,13:15:58,17.05,0.0,1,1705,买盘
738,13:16:07,17.07,0.02,30,51192,买盘
739,13:16:09,17.03,-0.04,18,30654,卖盘
740,13:16:28,17.05,0.02,1,1705,买盘
741,13:16:31,17.05,0.0,36,61380,买盘
742,13:16:33,17.05,0.0,2,3410,卖盘
743,13:17:16,17.05,0.0,5,8525,卖盘
744,13:17:27,17.07,0.02,1,1707,买盘
745,13:17:43,17.07,0.0,13,22191,买盘
746,13:17:54,17.07,0.0,1,1707,卖盘
747,13:18:01,17.07,0.0,5,8535,卖盘
748,13:18:04,17.11,0.04,162,276808,买盘
749,13:18:28,17.12,0.01,1,1712,买盘
750,13:18:31,17.12,0.0,44,75318,买盘
751,13:18:36,17.12,0.0,32,54784,买盘
752,13:18:45,17.1,-0.02,40,68425,卖盘
753,13:18:48,17.1,0.0,4,6840,买盘
754,13:19:31,17.01,-0.09,65,110740,卖盘
755,13:19:37,17.01,0.0,10,17010,买盘
756,13:19:39,17.01,0.0,15,25515,买盘
757,13:19:43,17.01,0.0,4,6804,买盘
758,13:19:55,17.08,0.07,1,1708,买盘
759,13:20:07,17.08,0.0,1,1708,买盘
760,13:20:22,17.09,0.01,5,8545,中性盘
761,13:20:28,17.08,-0.01,5,8540,中性盘
762,13:20:37,17.09,0.01,3,5127,买盘
763,13:20:52,17.08,-0.01,2,3416,卖盘
764,13:20:55,17.09,0.01,20,34180,买盘
765,13:21:06,17.09,0.0,2,3418,买盘
766,13:21:25,17.08,-0.01,5,8540,卖盘
767,13:21:28,17.08,0.0,30,51240,卖盘
768,13:21:34,17.08,0.0,10,17080,买盘
769,13:22:01,17.05,-0.03,75,127875,卖盘
770,13:22:25,17.05,0.0,10,17050,买盘
771,13:22:52,17.04,-0.01,1,1704,卖盘
772,13:23:04,17.04,0.0,4,6816,买盘
773,13:23:19,17.07,0.03,11,18777,买盘
774,13:23:25,17.08,0.01,2,3415,买盘
775,13:23:28,17.07,-0.01,1,1707,卖盘
776,13:23:31,17.07,0.0,1,1707,买盘
777,13:23:33,17.05,-0.02,61,104010,卖盘
778,13:23:49,17.09,0.04,1,1709,买盘
779,13:24:15,17.09,0.0,30,51230,买盘
780,13:24:18,17.09,0.0,2,3418,买盘
781,13:24:42,17.09,0.0,4,6836,买盘
782,13:26:21,17.09,0.0,4,6835,买盘
783,13:26:24,17.09,0.0,1,1709,买盘
784,13:26:31,17.09,0.0,11,18799,买盘
785,13:26:46,17.09,0.0,6,10254,买盘
786,13:26:57,17.09,0.0,17,29053,买盘
787,13:27:07,17.08,-0.01,12,20497,卖盘
788,13:27:13,17.08,0.0,25,42700,买盘
789,13:27:34,17.08,0.0,2,3416,买盘
790,13:27:36,17.08,0.0,2,3416,买盘
791,13:27:39,17.08,0.0,10,17080,买盘
792,13:27:52,17.08,0.0,23,39284,买盘
793,13:27:58,17.08,0.0,5,8540,卖盘
794,13:28:01,17.08,0.0,4,6832,卖盘
795,13:28:06,17.08,0.0,1,1708,买盘
796,13:28:24,17.09,0.01,21,35889,买盘
797,13:28:31,17.09,0.0,4,6836,买盘
798,13:28:42,17.08,-0.01,9,15372,卖盘
799,13:29:03,17.09,0.01,7,11963,买盘
800,13:29:16,17.1,0.01,5,8550,买盘
801,13:29:46,17.1,0.0,10,17100,买盘
802,13:30:06,17.1,0.0,10,17100,买盘
803,13:30:13,17.1,0.0,79,135090,买盘
804,13:30:16,17.09,-0.01,13,22217,卖盘
805,13:30:25,17.09,0.0,7,11963,买盘
806,13:30:40,17.09,0.0,4,6836,卖盘
807,13:30:58,17.09,0.0,4,6836,卖盘
808,13:31:01,17.09,0.0,1,1709,买盘
809,13:31:48,17.07,-0.02,1,1707,卖盘
810,13:32:13,17.08,0.01,2,3416,买盘
811,13:33:00,17.08,0.0,3,5124,买盘
812,13:33:07,17.07,-0.01,24,40968,卖盘
813,13:33:49,17.07,0.0,5,8535,卖盘
814,13:34:06,17.07,0.0,50,85350,卖盘
815,13:34:10,17.07,0.0,1,1707,卖盘
816,13:34:16,17.07,0.0,1,1707,买盘
817,13:34:48,17.07,0.0,1,1707,买盘
818,13:35:54,17.07,0.0,3,5121,买盘
819,13:35:58,17.07,0.0,8,13656,买盘
820,13:36:22,17.07,0.0,12,20484,卖盘
821,13:36:40,17.07,0.0,30,51210,卖盘
822,13:36:49,17.08,0.01,2,3416,买盘
823,13:37:09,17.07,-0.01,6,10242,卖盘
824,13:37:18,17.07,0.0,1,1707,买盘
825,13:37:42,17.07,0.0,1,1707,买盘
826,13:37:54,17.06,-0.01,7,11942,卖盘
827,13:38:49,17.06,0.0,6,10236,买盘
828,13:39:51,17.05,-0.01,3,5115,卖盘
829,13:40:51,17.05,0.0,38,64790,卖盘
830,13:40:55,17.05,0.0,32,54560,买盘
831,13:40:58,17.06,0.01,14,23873,买盘
832,13:41:04,17.06,0.0,7,11942,买盘
833,13:41:10,17.06,0.0,11,18768,卖盘
834,13:41:16,17.06,0.0,1,1706,买盘
835,13:41:18,17.06,0.0,8,13648,卖盘
836,13:41:31,17.05,-0.01,19,32406,卖盘
837,13:41:37,17.05,0.0,2,3410,买盘
838,13:41:43,17.05,0.0,9,15345,买盘
839,13:41:46,17.05,0.0,14,23870,买盘
840,13:42:01,17.06,0.01,2,3412,买盘
841,13:42:09,17.08,0.02,8,13664,买盘
842,13:42:19,17.08,0.0,2,3416,卖盘
843,13:42:25,17.08,0.0,3,5124,买盘
844,13:42:37,17.08,0.0,5,8540,卖盘
845,13:42:46,17.1,0.02,50,85493,买盘
846,13:42:52,17.1,0.0,6,10260,买盘
847,13:42:58,17.1,0.0,21,35910,卖盘
848,13:43:09,17.1,0.0,2,3420,卖盘
849,13:43:16,17.1,0.0,11,18810,买盘
850,13:43:19,17.1,0.0,8,13680,买盘
851,13:43:36,17.1,0.0,2,3420,买盘
852,13:43:39,17.1,0.0,8,13680,买盘
853,13:43:43,17.1,0.0,26,44460,买盘
854,13:43:46,17.09,-0.01,70,119640,卖盘
855,13:43:48,17.09,0.0,2,3418,买盘
856,13:43:58,17.08,-0.01,10,17085,卖盘
857,13:44:19,17.08,0.0,18,30744,卖盘
858,13:44:27,17.1,0.02,72,123099,买盘
859,13:44:39,17.09,-0.01,12,20508,卖盘
860,13:44:46,17.1,0.01,20,34182,买盘
861,13:45:00,17.1,0.0,10,17100,买盘
862,13:45:13,17.11,0.01,16,27376,买盘
863,13:45:16,17.11,0.0,5,8555,买盘
864,13:45:19,17.11,0.0,19,32509,买盘
865,13:45:37,17.11,0.0,4,6844,买盘
866,13:45:39,17.11,0.0,7,11977,买盘
867,13:46:09,17.11,0.0,1,1711,买盘
868,13:46:13,17.11,0.0,1,1711,买盘
869,13:46:34,17.1,-0.01,3,5130,卖盘
870,13:46:37,17.11,0.01,4,6844,买盘
871,13:46:46,17.11,0.0,2,3422,卖盘
872,13:47:01,17.11,0.0,56,95846,卖盘
873,13:47:18,17.1,-0.01,6,10260,卖盘
874,13:47:25,17.1,0.0,10,17100,卖盘
875,13:47:30,17.1,0.0,7,11970,卖盘
876,13:47:33,17.11,0.01,59,100949,买盘
877,13:47:40,17.1,-0.01,20,34200,卖盘
878,13:47:49,17.1,0.0,20,34200,卖盘
879,13:47:52,17.1,0.0,3,5130,卖盘
880,13:48:49,17.09,-0.01,5,8545,卖盘
881,13:49:01,17.09,0.0,2,3418,卖盘
882,13:49:06,17.1,0.01,1,1710,买盘
883,13:49:13,17.1,0.0,46,78650,买盘
884,13:49:31,17.1,0.0,27,46170,卖盘
885,13:49:42,17.09,-0.01,1,1709,卖盘
886,13:50:10,17.09,0.0,14,23926,卖盘
887,13:50:49,17.08,-0.01,1,1708,卖盘
888,13:50:55,17.09,0.01,24,41016,买盘
889,13:50:58,17.09,0.0,4,6836,卖盘
890,13:51:01,17.09,0.0,4,6836,买盘
891,13:51:13,17.09,0.0,2,3418,买盘
892,13:51:33,17.09,0.0,1,1709,卖盘
893,13:51:37,17.09,0.0,8,13672,卖盘
894,13:51:49,17.09,0.0,5,8545,卖盘
895,13:52:13,17.09,0.0,2,3418,卖盘
896,13:52:18,17.09,0.0,27,46143,卖盘
897,13:52:43,17.08,-0.01,17,29036,卖盘
898,13:52:58,17.08,0.0,31,52949,卖盘
899,13:53:04,17.08,0.0,14,23912,买盘
900,13:53:07,17.08,0.0,2,3416,买盘
901,13:53:52,17.06,-0.02,6,10236,卖盘
902,13:54:00,17.06,0.0,1,1706,卖盘
903,13:54:07,17.06,0.0,48,81888,卖盘
904,13:54:27,17.05,-0.01,11,18755,卖盘
905,13:54:37,17.05,0.0,23,39215,买盘
906,13:54:55,17.04,-0.01,10,17040,卖盘
907,13:55:34,17.04,0.0,31,52824,卖盘
908,13:56:01,17.02,-0.02,18,30636,卖盘
909,13:56:07,17.02,0.0,1,1702,卖盘
910,13:56:10,17.02,0.0,9,15318,卖盘
911,13:56:13,17.02,0.0,2,3404,卖盘
912,13:56:24,17.0,-0.02,6,10200,卖盘
913,13:56:33,17.0,0.0,10,17000,卖盘
914,13:56:43,17.0,0.0,27,45900,卖盘
915,13:56:46,17.0,0.0,43,73100,卖盘
916,13:56:52,17.02,0.02,8,13616,买盘
917,13:56:58,17.02,0.0,1,1702,买盘
918,13:57:07,17.0,-0.02,6,10200,卖盘
919,13:57:19,17.0,0.0,45,76500,卖盘
920,13:57:25,17.0,0.0,1,1700,买盘
921,13:57:28,17.0,0.0,1,1700,买盘
922,13:57:39,17.0,0.0,15,25500,买盘
923,13:57:46,17.0,0.0,4,6800,买盘
924,13:57:52,17.0,0.0,8,13600,买盘
925,13:57:58,17.01,0.01,3,5103,买盘
926,13:58:01,17.01,0.0,5,8505,卖盘
927,13:58:04,17.02,0.01,4,6808,买盘
928,13:58:06,17.03,0.01,17,28951,买盘
929,13:58:12,17.04,0.01,10,17040,买盘
930,13:58:19,17.05,0.01,4,6820,买盘
931,13:58:22,17.05,0.0,6,10230,买盘
932,13:58:27,17.05,0.0,7,11935,买盘
933,13:59:25,17.05,0.0,11,18755,卖盘
934,13:59:31,17.05,0.0,19,32395,卖盘
935,13:59:40,17.05,0.0,1,1705,买盘
936,13:59:54,17.05,0.0,1,1705,卖盘
937,14:00:01,17.05,0.0,1,1705,卖盘
938,14:00:10,17.05,0.0,3,5115,卖盘
939,14:00:25,17.04,-0.01,10,17040,卖盘
940,14:00:31,17.04,0.0,7,11928,卖盘
941,14:00:40,17.03,-0.01,14,23842,卖盘
942,14:00:49,17.02,-0.01,5,8510,卖盘
943,14:00:58,17.02,0.0,10,17020,卖盘
944,14:01:01,17.03,0.01,15,25545,买盘
945,14:01:22,17.02,-0.01,4,6808,卖盘
946,14:01:31,17.02,0.0,11,18722,卖盘
947,14:01:49,17.02,0.0,3,5106,卖盘
948,14:01:58,17.02,0.0,1,1702,卖盘
949,14:02:00,17.02,0.0,4,6808,卖盘
950,14:02:07,17.02,0.0,2,3404,卖盘
951,14:02:13,17.02,0.0,1,1702,卖盘
952,14:02:37,17.0,-0.02,3,5100,卖盘
953,14:02:46,17.01,0.01,1,1701,买盘
954,14:02:58,17.0,-0.01,2,3400,卖盘
955,14:03:01,17.02,0.02,9,15318,买盘
956,14:03:10,17.02,0.0,5,8510,买盘
957,14:03:16,17.02,0.0,2,3403,买盘
958,14:03:19,17.02,0.0,1,1702,买盘
959,14:03:22,17.02,0.0,13,22126,买盘
960,14:03:27,17.03,0.01,2,3406,买盘
961,14:03:30,17.03,0.0,1,1703,买盘
962,14:03:36,17.03,0.0,1,1703,买盘
963,14:03:39,17.02,-0.01,1,1702,卖盘
964,14:04:01,17.03,0.01,15,25545,买盘
965,14:04:07,17.03,0.0,9,15327,买盘
966,14:04:09,17.02,-0.01,2,3404,卖盘
967,14:04:13,17.03,0.01,3,5108,买盘
968,14:04:18,17.03,0.0,1,1703,卖盘
969,14:04:43,17.04,0.01,13,22152,卖盘
970,14:05:05,17.04,0.0,12,20448,买盘
971,14:05:06,17.03,-0.01,10,17035,卖盘
972,14:05:42,17.05,0.02,1,1705,买盘
973,14:06:22,16.99,-0.06,36,61241,卖盘
974,14:07:22,17.02,0.03,5,8510,卖盘
975,14:07:31,17.02,0.0,5,8510,卖盘
976,14:07:42,17.01,-0.01,5,8505,中性盘
977,14:07:55,17.01,0.0,8,13608,卖盘
978,14:08:01,17.01,0.0,5,8505,买盘
979,14:08:06,17.01,0.0,4,6804,买盘
980,14:08:09,17.01,0.0,2,3402,买盘
981,14:08:25,17.01,0.0,2,3402,买盘
982,14:08:54,17.01,0.0,5,8505,买盘
983,14:09:28,16.98,-0.03,28,47583,卖盘
984,14:10:31,17.0,0.02,1,1700,买盘
985,14:10:45,17.0,0.0,17,28900,买盘
986,14:10:58,17.02,0.02,1,1702,买盘
987,14:11:10,17.02,0.0,3,5106,卖盘
988,14:11:34,17.03,0.01,2,3406,买盘
989,14:11:37,17.03,0.0,13,22139,买盘
990,14:11:46,17.04,0.01,2,3408,买盘
991,14:11:52,17.04,0.0,38,64752,买盘
992,14:11:55,17.04,0.0,13,22152,买盘
993,14:12:04,17.05,0.01,6,10230,买盘
994,14:12:07,17.05,0.0,11,18755,买盘
995,14:12:12,17.05,0.0,17,28985,买盘
996,14:12:15,17.05,0.0,36,61364,买盘
997,14:12:43,17.06,0.01,17,29002,买盘
998,14:12:49,17.06,0.0,2,3412,买盘
999,14:12:58,17.06,0.0,1,1706,买盘
1000,14:13:06,17.07,0.01,15,25605,买盘
1001,14:13:19,17.08,0.01,5,8540,买盘
1002,14:13:22,17.08,0.0,18,30744,买盘
1003,14:13:25,17.08,0.0,17,29036,买盘
1004,14:13:28,17.07,-0.01,8,13663,卖盘
1005,14:13:48,17.08,0.01,11,18788,买盘
1006,14:13:51,17.07,-0.01,8,13656,卖盘
1007,14:14:10,17.08,0.01,16,27328,买盘
1008,14:14:13,17.07,-0.01,6,10242,卖盘
1009,14:14:22,17.08,0.01,9,15372,买盘
1010,14:14:25,17.07,-0.01,1,1707,卖盘
1011,14:14:31,17.07,0.0,20,34140,卖盘
1012,14:14:45,17.08,0.01,1,1708,买盘
1013,14:14:48,17.08,0.0,15,25620,买盘
1014,14:14:58,17.08,0.0,4,6832,买盘
1015,14:15:01,17.08,0.0,1,1708,卖盘
1016,14:15:27,17.09,0.01,11,18799,买盘
1017,14:15:31,17.08,-0.01,46,78478,卖盘
1018,14:15:52,17.08,0.0,31,52948,卖盘
1019,14:15:55,17.07,-0.01,9,15363,买盘
1020,14:15:58,17.08,0.01,7,11956,卖盘
1021,14:16:10,17.08,0.0,3,5124,卖盘
1022,14:16:28,17.07,-0.01,7,11949,卖盘
1023,14:16:52,17.07,0.0,1,1707,卖盘
1024,14:17:01,17.08,0.01,4,6832,买盘
1025,14:17:43,17.09,0.01,37,63233,买盘
1026,14:17:49,17.08,-0.01,12,20496,卖盘
1027,14:18:04,17.08,0.0,1,1708,卖盘
1028,14:18:33,17.08,0.0,19,32452,买盘
1029,14:18:43,17.08,0.0,29,49532,买盘
1030,14:18:54,17.08,0.0,2,3416,卖盘
1031,14:19:01,17.08,0.0,10,17080,卖盘
1032,14:19:04,17.08,0.0,4,6832,买盘
1033,14:19:06,17.08,0.0,8,13664,卖盘
1034,14:19:09,17.07,-0.01,7,11952,卖盘
1035,14:19:22,17.07,0.0,3,5121,买盘
1036,14:19:30,17.08,0.01,26,44408,买盘
1037,14:19:40,17.07,-0.01,2,3414,卖盘
1038,14:19:46,17.07,0.0,12,20484,买盘
1039,14:19:54,17.09,0.02,31,52979,买盘
1040,14:20:04,17.08,-0.01,10,17080,买盘
1041,14:20:07,17.08,0.0,23,39284,买盘
1042,14:20:16,17.03,-0.05,13,22167,卖盘
1043,14:20:27,17.09,0.06,5,8545,卖盘
1044,14:20:30,17.09,0.0,10,17090,卖盘
1045,14:20:34,17.09,0.0,24,41037,卖盘
1046,14:20:49,17.08,-0.01,1,1708,买盘
1047,14:20:58,17.06,-0.02,4,6827,卖盘
1048,14:21:28,17.05,-0.01,1,1705,卖盘
1049,14:21:34,17.05,0.0,9,15345,买盘
1050,14:22:10,17.06,0.01,1,1706,卖盘
1051,14:23:40,17.07,0.01,11,18777,卖盘
1052,14:23:48,17.07,0.0,1,1707,买盘
1053,14:23:51,17.07,0.0,8,13656,买盘
1054,14:24:19,17.07,0.0,3,5121,卖盘
1055,14:24:25,17.07,0.0,11,18777,卖盘
1056,14:24:27,17.06,-0.01,7,11942,卖盘
1057,14:24:46,17.05,-0.01,2,3410,卖盘
1058,14:25:37,17.03,-0.02,4,6812,卖盘
1059,14:25:48,17.02,-0.01,36,61272,卖盘
1060,14:25:52,17.02,0.0,14,23828,卖盘
1061,14:26:13,17.0,-0.02,2,3400,卖盘
1062,14:26:40,17.01,0.01,9,15309,卖盘
1063,14:26:45,17.02,0.01,1,1702,买盘
1064,14:27:01,17.0,-0.02,24,40823,卖盘
1065,14:27:04,17.0,0.0,26,44200,买盘
1066,14:27:10,17.01,0.01,1,1701,买盘
1067,14:27:16,17.01,0.0,12,20422,卖盘
1068,14:27:18,17.02,0.01,48,81696,买盘
1069,14:27:21,17.02,0.0,21,35742,买盘
1070,14:27:25,17.03,0.01,22,37466,买盘
1071,14:27:31,17.03,0.0,4,6812,买盘
1072,14:27:49,17.06,0.03,6,10236,买盘
1073,14:27:55,17.05,-0.01,21,35824,卖盘
1074,14:28:16,17.05,0.0,8,13640,买盘
1075,14:28:19,17.05,0.0,1,1705,卖盘
1076,14:28:25,17.05,0.0,9,15345,卖盘
1077,14:28:37,17.05,0.0,16,27280,买盘
1078,14:28:43,17.05,0.0,6,10230,卖盘
1079,14:29:16,17.04,-0.01,10,17049,卖盘
1080,14:29:31,17.03,-0.01,6,10218,卖盘
1081,14:29:34,17.04,0.01,24,40896,买盘
1082,14:29:40,17.0,-0.04,45,76512,卖盘
1083,14:29:45,17.05,0.05,6,10205,买盘
1084,14:29:49,17.05,0.0,36,61380,买盘
1085,14:29:55,17.04,-0.01,7,11928,中性盘
1086,14:30:07,17.02,-0.02,7,11914,卖盘
1087,14:30:10,17.02,0.0,2,3404,卖盘
1088,14:30:13,17.05,0.03,2,3410,卖盘
1089,14:30:19,17.06,0.01,16,27296,买盘
1090,14:30:25,17.06,0.0,19,32414,买盘
1091,14:30:31,17.06,0.0,4,6824,买盘
1092,14:31:10,17.06,0.0,2,3412,买盘
1093,14:31:13,17.05,-0.01,3,5115,卖盘
1094,14:31:33,17.04,-0.01,1,1704,卖盘
1095,14:31:48,17.04,0.0,2,3408,卖盘
1096,14:32:00,17.04,0.0,7,11928,卖盘
1097,14:32:09,17.04,0.0,1,1704,卖盘
1098,14:32:52,17.03,-0.01,6,10218,卖盘
1099,14:33:22,17.03,0.0,19,32357,卖盘
1100,14:33:37,17.04,0.01,6,10224,卖盘
1101,14:33:40,17.04,0.0,41,69996,卖盘
1102,14:34:42,17.06,0.02,6,10236,卖盘
1103,14:34:45,17.08,0.02,10,17072,买盘
1104,14:34:58,17.03,-0.05,79,134568,卖盘
1105,14:35:10,17.08,0.05,26,44408,买盘
1106,14:35:18,17.09,0.01,1,1709,买盘
1107,14:35:22,17.09,0.0,28,47852,买盘
1108,14:35:37,17.09,0.0,8,13672,买盘
1109,14:35:43,17.09,0.0,5,8545,买盘
1110,14:36:01,17.08,-0.01,5,8540,卖盘
1111,14:36:07,17.09,0.01,15,25635,买盘
1112,14:36:19,17.09,0.0,28,47852,买盘
1113,14:36:27,17.09,0.0,10,17090,买盘
1114,14:36:37,17.1,0.01,3,5130,买盘
1115,14:36:40,17.09,-0.01,1,1709,卖盘
1116,14:36:46,17.1,0.01,2,3420,买盘
1117,14:36:51,17.1,0.0,10,17100,买盘
1118,14:37:10,17.1,0.0,18,30780,买盘
1119,14:37:16,17.1,0.0,1,1710,买盘
1120,14:37:31,17.1,0.0,5,8550,买盘
1121,14:37:37,17.1,0.0,1,1710,买盘
1122,14:37:43,17.09,-0.01,7,11963,卖盘
1123,14:38:01,17.09,0.0,3,5127,卖盘
1124,14:38:16,17.09,0.0,10,17090,卖盘
1125,14:38:22,17.09,0.0,10,17090,卖盘
1126,14:38:27,17.09,0.0,6,10254,卖盘
1127,14:38:31,17.1,0.01,6,10260,买盘
1128,14:38:40,17.1,0.0,6,10260,买盘
1129,14:38:43,17.1,0.0,7,11970,买盘
1130,14:38:49,17.1,0.0,4,6840,买盘
1131,14:38:55,17.09,-0.01,14,23926,卖盘
1132,14:38:58,17.1,0.01,7,11970,买盘
1133,14:39:04,17.1,0.0,20,34200,买盘
1134,14:39:07,17.09,-0.01,12,20508,卖盘
1135,14:39:13,17.09,0.0,10,17090,买盘
1136,14:39:25,17.09,0.0,9,15381,买盘
1137,14:39:28,17.09,0.0,8,13672,买盘
1138,14:39:33,17.09,0.0,16,27339,买盘
1139,14:39:42,17.1,0.01,69,117990,买盘
1140,14:39:49,17.1,0.0,47,80370,买盘
1141,14:39:52,17.1,0.0,18,30780,买盘
1142,14:39:58,17.1,0.0,32,54720,买盘
1143,14:40:01,17.09,-0.01,43,73523,卖盘
1144,14:40:04,17.1,0.01,19,32490,买盘
1145,14:40:07,17.09,-0.01,11,18800,卖盘
1146,14:40:10,17.1,0.01,25,42750,买盘
1147,14:40:15,17.1,0.0,33,56430,买盘
1148,14:40:19,17.1,0.0,19,32490,买盘
1149,14:40:25,17.1,0.0,5,8550,卖盘
1150,14:40:28,17.1,0.0,1,1710,卖盘
1151,14:40:40,17.11,0.01,11,18821,买盘
1152,14:40:43,17.1,-0.01,10,17100,卖盘
1153,14:40:46,17.1,0.0,48,82110,卖盘
1154,14:40:55,17.12,0.02,52,89014,买盘
1155,14:40:58,17.1,-0.02,11,18810,卖盘
1156,14:41:01,17.11,0.01,1,1711,买盘
1157,14:41:04,17.1,-0.01,63,107868,卖盘
1158,14:41:07,17.1,0.0,17,29070,买盘
1159,14:41:10,17.11,0.01,5,8555,卖盘
1160,14:41:13,17.13,0.02,11,18843,买盘
1161,14:41:19,17.13,0.0,9,15417,买盘
1162,14:41:22,17.13,0.0,9,15422,卖盘
1163,14:41:25,17.13,0.0,10,17130,卖盘
1164,14:41:30,17.13,0.0,4,6852,卖盘
1165,14:41:49,17.13,0.0,30,51390,卖盘
1166,14:41:52,17.13,0.0,1,1713,卖盘
1167,14:41:55,17.13,0.0,10,17130,卖盘
1168,14:41:57,17.14,0.01,4,6853,买盘
1169,14:42:10,17.14,0.0,46,78826,买盘
1170,14:42:28,17.14,0.0,10,17140,买盘
1171,14:42:34,17.14,0.0,3,5142,买盘
1172,14:42:37,17.14,0.0,6,10284,买盘
1173,14:42:40,17.14,0.0,9,15426,买盘
1174,14:42:49,17.14,0.0,5,8570,买盘
1175,14:43:01,17.13,-0.01,5,8565,卖盘
1176,14:43:10,17.13,0.0,3,5139,卖盘
1177,14:43:13,17.13,0.0,30,51390,卖盘
1178,14:43:19,17.13,0.0,3,5139,卖盘
1179,14:43:22,17.13,0.0,9,15417,买盘
1180,14:43:25,17.13,0.0,23,39399,买盘
1181,14:43:28,17.13,0.0,2,3426,卖盘
1182,14:43:40,17.13,0.0,8,13704,卖盘
1183,14:43:43,17.13,0.0,6,10278,卖盘
1184,14:43:48,17.13,0.0,10,17130,卖盘
1185,14:43:52,17.13,0.0,6,10278,卖盘
1186,14:43:58,17.14,0.01,43,73688,买盘
1187,14:44:13,17.13,-0.01,12,20556,卖盘
1188,14:44:16,17.13,0.0,2,3427,卖盘
1189,14:44:22,17.14,0.01,10,17132,买盘
1190,14:44:25,17.15,0.01,35,59995,买盘
1191,14:44:31,17.15,0.0,20,34300,买盘
1192,14:44:36,17.15,0.0,1,1715,买盘
1193,14:44:54,17.15,0.0,3,5145,买盘
1194,14:45:04,17.15,0.0,7,12005,买盘
1195,14:45:07,17.14,-0.01,52,89128,卖盘
1196,14:45:13,17.14,0.0,1,1714,买盘
1197,14:45:16,17.13,-0.01,30,51390,卖盘
1198,14:45:22,17.13,0.0,27,46251,卖盘
1199,14:45:28,17.14,0.01,68,116509,买盘
1200,14:45:31,17.12,-0.02,15,25680,卖盘
1201,14:45:34,17.12,0.0,8,13706,卖盘
1202,14:45:43,17.12,0.0,5,8560,卖盘
1203,14:45:46,17.12,0.0,6,10272,卖盘
1204,14:45:55,17.14,0.02,16,27424,买盘
1205,14:45:58,17.12,-0.02,13,22256,卖盘
1206,14:46:01,17.14,0.02,35,59982,买盘
1207,14:46:07,17.13,-0.01,6,10278,买盘
1208,14:46:22,17.13,0.0,9,15417,买盘
1209,14:46:25,17.13,0.0,1,1713,卖盘
1210,14:46:28,17.14,0.01,1,1714,买盘
1211,14:46:31,17.13,-0.01,4,6852,卖盘
1212,14:46:43,17.12,-0.01,2,3424,卖盘
1213,14:46:49,17.13,0.01,5,8565,买盘
1214,14:46:55,17.13,0.0,5,8565,买盘
1215,14:46:58,17.12,-0.01,10,17120,卖盘
1216,14:47:01,17.13,0.01,21,35973,买盘
1217,14:47:04,17.13,0.0,5,8565,卖盘
1218,14:47:07,17.14,0.01,1,1714,买盘
1219,14:47:22,17.14,0.0,80,137120,买盘
1220,14:47:28,17.14,0.0,32,54823,买盘
1221,14:47:58,17.13,-0.01,3,5140,卖盘
1222,14:48:01,17.14,0.01,40,68560,买盘
1223,14:48:10,17.14,0.0,1,1714,买盘
1224,14:48:22,17.14,0.0,6,10284,买盘
1225,14:48:25,17.14,0.0,10,17140,买盘
1226,14:48:34,17.14,0.0,50,85700,买盘
1227,14:48:49,17.14,0.0,65,111410,买盘
1228,14:48:55,17.13,-0.01,13,22272,卖盘
1229,14:49:04,17.14,0.01,13,22282,买盘
1230,14:49:10,17.14,0.0,3,5140,买盘
1231,14:49:19,17.14,0.0,7,11995,买盘
1232,14:49:22,17.14,0.0,15,25710,买盘
1233,14:49:28,17.14,0.0,70,119980,买盘
1234,14:49:43,17.15,0.01,20,34300,买盘
1235,14:49:46,17.15,0.0,3,5145,买盘
1236,14:49:49,17.14,-0.01,46,78844,卖盘
1237,14:49:55,17.15,0.01,50,85706,买盘
1238,14:50:04,17.14,-0.01,1,1714,买盘
1239,14:50:10,17.15,0.01,68,116556,买盘
1240,14:50:13,17.15,0.0,2,3430,买盘
1241,14:50:19,17.14,-0.01,2,3428,卖盘
1242,14:50:28,17.14,0.0,1,1714,买盘
1243,14:50:37,17.14,0.0,1,1714,买盘
1244,14:50:46,17.14,0.0,1,1714,买盘
1245,14:50:55,17.14,0.0,16,27424,买盘
1246,14:51:22,17.14,0.0,72,123408,买盘
1247,14:51:25,17.13,-0.01,6,10280,卖盘
1248,14:51:40,17.14,0.01,17,29138,卖盘
1249,14:51:43,17.14,0.0,4,6856,买盘
1250,14:51:49,17.14,0.0,10,17140,卖盘
1251,14:52:01,17.13,-0.01,27,46268,卖盘
1252,14:52:10,17.14,0.01,18,30850,买盘
1253,14:52:13,17.15,0.01,22,37710,买盘
1254,14:52:16,17.15,0.0,84,144048,买盘
1255,14:52:19,17.15,0.0,20,34290,买盘
1256,14:52:25,17.14,-0.01,1,1714,卖盘
1257,14:52:28,17.15,0.01,167,286405,买盘
1258,14:52:37,17.15,0.0,5,8575,中性盘
1259,14:52:43,17.16,0.01,4,6861,买盘
1260,14:52:49,17.14,-0.02,20,34308,卖盘
1261,14:52:52,17.16,0.02,4,6864,买盘
1262,14:52:55,17.16,0.0,18,30888,买盘
1263,14:53:01,17.15,-0.01,11,18866,卖盘
1264,14:53:04,17.16,0.01,16,27456,买盘
1265,14:53:07,17.16,0.0,21,36036,买盘
1266,14:53:13,17.15,-0.01,3,5145,卖盘
1267,14:53:22,17.15,0.0,8,13720,卖盘
1268,14:53:25,17.15,0.0,11,18866,卖盘
1269,14:53:34,17.15,0.0,15,25725,卖盘
1270,14:53:43,17.15,0.0,10,17150,买盘
1271,14:53:52,17.16,0.01,10,17155,买盘
1272,14:53:55,17.15,-0.01,3,5145,中性盘
1273,14:53:58,17.12,-0.03,123,210797,卖盘
1274,14:54:01,17.16,0.04,8,13728,买盘
1275,14:54:04,17.16,0.0,92,157862,买盘
1276,14:54:07,17.16,0.0,2,3432,卖盘
1277,14:54:10,17.16,0.0,1,1716,卖盘
1278,14:54:19,17.16,0.0,1,1716,卖盘
1279,14:54:25,17.16,0.0,33,56636,卖盘
1280,14:54:28,17.16,0.0,33,56651,卖盘
1281,14:54:34,17.16,0.0,1,1716,买盘
1282,14:54:37,17.16,0.0,55,94398,买盘
1283,14:54:43,17.16,0.0,20,34320,卖盘
1284,14:54:46,17.16,0.0,2,3432,卖盘
1285,14:54:49,17.16,0.0,13,22308,卖盘
1286,14:54:52,17.16,0.0,11,18876,卖盘
1287,14:54:58,17.16,0.0,1,1716,买盘
1288,14:55:07,17.16,0.0,17,29172,买盘
1289,14:55:13,17.15,-0.01,10,17150,卖盘
1290,14:55:19,17.16,0.01,5,8580,买盘
1291,14:55:22,17.15,-0.01,7,12005,卖盘
1292,14:55:25,17.14,-0.01,5,8570,中性盘
1293,14:55:28,17.15,0.01,36,61740,买盘
1294,14:55:43,17.15,0.0,7,12005,卖盘
1295,14:55:55,17.15,0.0,8,13720,卖盘
1296,14:56:10,17.15,0.0,7,12005,卖盘
1297,14:56:22,17.16,0.01,8,13728,买盘
1298,14:56:28,17.16,0.0,9,15444,买盘
1299,14:56:34,17.15,-0.01,13,22295,卖盘
1300,14:56:37,17.14,-0.01,13,22282,卖盘
1301,14:56:40,17.15,0.01,30,51450,买盘
1302,14:56:46,17.15,0.0,5,8575,卖盘
1303,14:56:52,17.15,0.0,6,10290,卖盘
1304,14:57:01,17.15,0.0,6,10295,卖盘
1305,14:57:04,17.16,0.01,33,56628,买盘
1306,15:00:04,17.16,0.0,306,525096,卖盘
