,time,price,change,volume,amount,type
0,09:25:04,15.42,0.12,21,32382,卖盘
1,09:30:04,15.56,0.14,19,29552,买盘
2,09:30:13,15.5,-0.06,3,4650,卖盘
3,09:30:39,15.44,-0.06,1,1544,卖盘
4,09:30:49,15.42,-0.02,1,1542,卖盘
5,09:30:52,15.42,0.0,7,10794,卖盘
6,09:30:55,15.42,0.0,2,3084,卖盘
7,09:31:10,15.49,0.07,5,7745,中性盘
8,09:31:55,15.5,0.01,4,6195,买盘
9,09:31:57,15.45,-0.05,2,3090,卖盘
10,09:32:01,15.46,0.01,3,4636,中性盘
11,09:32:07,15.46,0.0,1,1546,卖盘
12,09:32:10,15.45,-0.01,29,44823,卖盘
13,09:32:16,15.5,0.05,6,9295,买盘
14,09:32:21,15.49,-0.01,9,13941,买盘
15,09:33:00,15.44,-0.05,10,15440,买盘
16,09:33:15,15.44,0.0,10,15440,买盘
17,09:33:37,15.44,0.0,7,10808,买盘
18,09:33:43,15.45,0.01,2,3089,买盘
19,09:34:22,15.45,0.0,5,7725,卖盘
20,09:34:45,15.45,0.0,20,30900,卖盘
21,09:34:49,15.46,0.01,8,12368,买盘
22,09:35:16,15.48,0.02,3,4644,买盘
23,09:35:18,15.46,-0.02,10,15460,卖盘
24,09:35:22,15.46,0.0,1,1546,卖盘
25,09:35:52,15.49,0.03,5,7741,买盘
26,09:36:01,15.49,0.0,3,4647,买盘
27,09:36:06,15.49,0.0,1,1549,卖盘
28,09:36:58,15.46,-0.03,30,46380,卖盘
29,09:37:16,15.46,0.0,26,40196,卖盘
30,09:37:19,15.45,-0.01,13,20085,卖盘
31,09:37:51,15.45,0.0,10,15450,卖盘
32,09:37:55,15.45,0.0,1,1545,卖盘
33,09:38:01,15.45,0.0,16,24720,卖盘
34,09:38:43,15.44,-0.01,3,4632,卖盘
35,09:38:52,15.43,-0.01,1,1543,卖盘
36,09:39:28,15.44,0.01,4,6176,卖盘
37,09:40:09,15.48,0.04,10,15463,买盘
38,09:40:25,15.48,0.0,31,47814,买盘
39,09:44:31,15.39,-0.09,1,1539,卖盘
40,09:45:55,15.45,0.06,19,29355,买盘
41,09:46:34,15.39,-0.06,28,43155,卖盘
42,09:50:34,15.43,0.04,1,1543,中性盘
43,09:53:19,15.42,-0.01,19,29307,卖盘
44,09:54:30,15.42,0.0,14,21588,买盘
45,09:54:54,15.42,0.0,11,16962,卖盘
46,09:55:13,15.42,0.0,10,15420,卖盘
47,09:56:22,15.42,0.0,4,6168,卖盘
48,09:57:52,15.42,0.0,5,7710,卖盘
49,09:58:10,15.44,0.02,7,10808,买盘
50,09:58:49,15.44,0.0,2,3088,买盘
51,09:59:58,15.46,0.02,10,15460,买盘
52,10:00:25,15.46,0.0,20,30920,买盘
53,10:01:46,15.42,-0.04,87,134176,卖盘
54,10:03:09,15.39,-0.03,20,30788,卖盘
55,10:03:13,15.42,0.03,8,12336,买盘
56,10:05:34,15.39,-0.03,10,15390,卖盘
57,10:05:45,15.39,0.0,1,1539,卖盘
58,10:07:27,15.42,0.03,105,161910,买盘
59,10:07:46,15.42,0.0,65,100230,卖盘
60,10:08:28,15.39,-0.03,10,15390,卖盘
61,10:08:34,15.41,0.02,3,4623,买盘
62,10:08:46,15.39,-0.02,30,46170,卖盘
63,10:09:10,15.39,0.0,10,15390,卖盘
64,10:10:55,15.41,0.02,10,15410,买盘
65,10:10:58,15.41,0.0,2,3082,买盘
66,10:11:00,15.41,0.0,1,1541,买盘
67,10:11:04,15.39,-0.02,21,32321,卖盘
68,10:12:22,15.39,0.0,5,7695,卖盘
69,10:12:49,15.4,0.01,3,4620,卖盘
70,10:13:07,15.4,0.0,7,10780,买盘
71,10:13:34,15.41,0.01,8,12328,买盘
72,10:14:40,15.39,-0.02,19,29241,卖盘
73,10:16:36,15.39,0.0,1,1539,买盘
74,10:17:16,15.39,0.0,24,36936,卖盘
75,10:19:13,15.38,-0.01,20,30760,卖盘
76,10:19:34,15.38,0.0,2,3076,卖盘
77,10:19:55,15.4,0.02,5,7700,买盘
78,10:20:31,15.4,0.0,3,4620,卖盘
79,10:21:28,15.38,-0.02,46,70748,卖盘
80,10:27:01,15.39,0.01,4,6156,卖盘
81,10:36:37,15.38,-0.01,14,21532,卖盘
82,10:37:34,15.38,0.0,4,6152,买盘
83,10:37:36,15.38,0.0,1,1538,买盘
84,10:37:40,15.38,0.0,2,3076,买盘
85,10:37:42,15.38,0.0,1,1538,买盘
86,10:37:46,15.39,0.01,1,1539,买盘
87,10:37:49,15.39,0.0,1,1539,买盘
88,10:37:52,15.39,0.0,1,1539,买盘
89,10:38:52,15.4,0.01,12,18480,买盘
90,10:44:12,15.37,-0.03,30,46133,卖盘
91,10:44:25,15.37,0.0,14,21518,卖盘
92,10:44:57,15.37,0.0,6,9222,买盘
93,10:45:00,15.37,0.0,2,3074,卖盘
94,10:45:04,15.37,0.0,1,1537,卖盘
95,10:45:52,15.4,0.03,10,15400,买盘
96,10:49:31,15.37,-0.03,2,3074,卖盘
97,10:49:51,15.36,-0.01,10,15360,卖盘
98,10:50:04,15.35,-0.01,78,119752,卖盘
99,10:50:09,15.35,0.0,1,1535,卖盘
100,10:54:34,15.35,0.0,13,19955,卖盘
101,10:56:36,15.33,-0.02,1,1533,卖盘
102,10:57:43,15.33,0.0,1,1533,卖盘
103,10:58:39,15.33,0.0,1,1533,卖盘
104,10:59:07,15.33,0.0,1,1533,卖盘
105,10:59:58,15.33,0.0,15,22995,卖盘
106,11:00:28,15.32,-0.01,1,1532,卖盘
107,11:01:19,15.32,0.0,2,3064,卖盘
108,11:02:30,15.32,0.0,1,1532,卖盘
109,11:02:36,15.32,0.0,1,1532,卖盘
110,11:03:19,15.32,0.0,5,7662,卖盘
111,11:03:52,15.32,0.0,1,1532,卖盘
112,11:04:58,15.32,0.0,1,1532,卖盘
113,11:06:22,15.32,0.0,1,1532,卖盘
114,11:07:16,15.33,0.01,10,15330,卖盘
115,11:07:39,15.33,0.0,1,1533,买盘
116,11:08:36,15.33,0.0,1,1533,卖盘
117,11:09:00,15.35,0.02,9,13815,买盘
118,11:09:43,15.35,0.0,1,1535,卖盘
119,11:10:09,15.35,0.0,44,67540,卖盘
120,11:11:09,15.33,-0.02,1,1533,卖盘
121,11:12:10,15.33,0.0,1,1533,卖盘
122,11:13:27,15.33,0.0,2,3066,卖盘
123,11:14:45,15.33,0.0,1,1533,卖盘
124,11:15:27,15.33,0.0,5,7665,卖盘
125,11:15:36,15.33,0.0,2,3066,买盘
126,11:15:54,15.32,-0.01,1,1532,卖盘
127,11:16:15,15.33,0.01,1,1533,买盘
128,11:16:58,15.33,0.0,1,1533,卖盘
129,11:18:15,15.34,0.01,1,1534,卖盘
130,11:18:22,15.33,-0.01,1,1533,卖盘
131,11:19:27,15.35,0.02,1,1535,卖盘
132,11:20:39,15.35,0.0,1,1535,卖盘
133,11:21:51,15.38,0.03,7,10766,买盘
134,11:21:54,15.35,-0.03,1,1535,卖盘
135,11:22:55,15.35,0.0,1,1535,卖盘
136,11:24:21,15.35,0.0,1,1535,卖盘
137,11:25:33,15.36,0.01,2,3072,卖盘
138,11:25:45,15.31,-0.05,61,93445,卖盘
139,11:26:19,15.31,0.0,3,4593,买盘
140,11:26:21,15.31,0.0,2,3062,买盘
141,11:26:24,15.31,0.0,1,1531,买盘
142,11:26:27,15.31,0.0,1,1531,买盘
143,11:26:30,15.3,-0.01,2,3061,卖盘
144,11:26:33,15.31,0.01,1,1531,买盘
145,11:26:36,15.31,0.0,2,3062,买盘
146,11:26:39,15.31,0.0,1,1531,买盘
147,11:27:03,15.31,0.0,5,7655,买盘
148,11:27:54,15.3,-0.01,1,1530,卖盘
149,11:29:04,15.3,0.0,1,1530,卖盘
150,13:00:07,15.31,0.01,1,1531,买盘
151,13:00:12,15.3,-0.01,1,1530,卖盘
152,13:01:30,15.29,-0.01,1,1529,卖盘
153,13:01:57,15.3,0.01,2,3060,卖盘
154,13:02:27,15.26,-0.04,28,42782,卖盘
155,13:02:30,15.26,0.0,3,4578,卖盘
156,13:02:48,15.25,-0.01,1,1525,卖盘
157,13:03:54,15.25,0.0,1,1525,卖盘
158,13:05:09,15.25,0.0,1,1525,卖盘
159,13:06:24,15.25,0.0,1,1525,卖盘
160,13:07:25,15.25,0.0,2,3050,卖盘
161,13:08:19,14.0,-1.25,500,739881,卖盘
162,13:08:22,15.08,1.08,89,134212,中性盘
163,13:08:27,15.06,-0.02,5,7530,中性盘
164,13:08:42,15.08,0.02,125,189284,买盘
165,13:08:48,14.81,-0.27,1,1481,中性盘
166,13:09:04,14.88,0.07,5,7440,卖盘
167,13:09:16,15.03,0.15,1,1503,卖盘
168,13:09:46,15.01,-0.02,1,1501,中性盘
169,13:10:21,15.29,0.28,7,10703,买盘
170,13:10:55,15.07,-0.22,1,1507,卖盘
171,13:12:19,15.09,0.02,1,1509,卖盘
172,13:12:27,15.25,0.16,1,1525,买盘
173,13:13:34,15.13,-0.12,1,1513,卖盘
174,13:13:39,15.13,0.0,7,10591,卖盘
175,13:14:12,15.24,0.11,30,45720,买盘
176,13:14:28,15.12,-0.12,4,6048,卖盘
177,13:14:36,15.12,0.0,1,1512,卖盘
178,13:15:28,15.21,0.09,3,4563,买盘
179,13:15:42,15.15,-0.06,1,1515,卖盘
180,13:16:06,15.15,0.0,5,7575,卖盘
181,13:16:12,15.19,0.04,1,1519,买盘
182,13:16:24,15.16,-0.03,5,7580,卖盘
183,13:17:04,15.19,0.03,4,6076,买盘
184,13:17:13,15.15,-0.04,1,1515,卖盘
185,13:17:33,15.16,0.01,9,13644,卖盘
186,13:17:39,15.16,0.0,2,3032,卖盘
187,13:17:51,15.15,-0.01,3,4545,卖盘
188,13:18:10,15.13,-0.02,1,1513,卖盘
189,13:18:36,15.13,0.0,6,9078,卖盘
190,13:18:48,15.16,0.03,10,15148,买盘
191,13:19:18,15.13,-0.03,2,3026,卖盘
192,13:20:45,15.13,0.0,1,1513,卖盘
193,13:21:58,15.13,0.0,1,1513,卖盘
194,13:23:01,15.13,0.0,1,1513,卖盘
195,13:24:13,15.16,0.03,9,13644,买盘
196,13:24:24,15.16,0.0,1,1516,卖盘
197,13:25:19,15.14,-0.02,1,1514,卖盘
198,13:26:42,15.14,0.0,1,1514,卖盘
199,13:27:18,15.14,0.0,11,16654,卖盘
200,13:27:36,15.17,0.03,12,18194,买盘
201,13:27:43,15.14,-0.03,7,10598,卖盘
202,13:27:55,15.13,-0.01,1,1513,卖盘
203,13:27:58,15.13,0.0,1,1513,卖盘
204,13:28:01,15.13,0.0,1,1513,卖盘
205,13:28:33,15.12,-0.01,4,6050,卖盘
206,13:29:07,15.11,-0.01,1,1511,卖盘
207,13:29:51,15.13,0.02,1,1513,中性盘
208,13:29:57,15.11,-0.02,4,6044,卖盘
209,13:30:16,15.11,0.0,1,1511,卖盘
210,13:31:22,15.11,0.0,2,3022,卖盘
211,13:32:12,15.14,0.03,3,4542,买盘
212,13:32:28,15.15,0.01,2,3030,买盘
213,13:32:36,15.15,0.0,5,7575,买盘
214,13:32:43,15.14,-0.01,1,1514,卖盘
215,13:33:49,15.14,0.0,1,1514,卖盘
216,13:34:36,15.14,0.0,2,3028,卖盘
217,13:34:40,15.14,0.0,1,1514,卖盘
218,13:35:18,15.12,-0.02,1,1512,卖盘
219,13:35:31,15.12,0.0,2,3024,卖盘
220,13:36:16,15.12,0.0,12,18144,卖盘
221,13:36:34,15.12,0.0,1,1512,卖盘
222,13:37:28,15.14,0.02,5,7570,买盘
223,13:37:34,15.12,-0.02,4,6048,卖盘
224,13:38:04,15.13,0.01,11,16643,卖盘
225,13:38:37,15.12,-0.01,1,1512,卖盘
226,13:39:49,15.12,0.0,1,1512,卖盘
227,13:40:34,15.12,0.0,1,1512,卖盘
228,13:40:37,15.12,0.0,1,1512,买盘
229,13:41:04,15.12,0.0,3,4536,买盘
230,13:41:09,15.11,-0.01,1,1511,卖盘
231,13:41:55,15.14,0.03,5,7570,买盘
232,13:42:01,15.15,0.01,25,37875,买盘
233,13:42:04,15.15,0.0,1,1515,买盘
234,13:42:07,15.15,0.0,1,1515,买盘
235,13:42:34,15.14,-0.01,1,1514,卖盘
236,13:42:46,15.15,0.01,2,3030,买盘
237,13:42:55,15.15,0.0,10,15150,买盘
238,13:43:31,15.14,-0.01,2,3028,卖盘
239,13:43:34,15.15,0.01,5,7575,买盘
240,13:43:43,15.15,0.0,5,7575,买盘
241,13:44:46,15.13,-0.02,1,1513,卖盘
242,13:45:13,15.15,0.02,14,21210,买盘
243,13:45:51,15.15,0.0,10,15150,买盘
244,13:46:10,15.15,0.0,1,1515,卖盘
245,13:46:34,15.18,0.03,4,6069,买盘
246,13:46:55,15.15,-0.03,1,1515,卖盘
247,13:46:58,15.15,0.0,1,1515,卖盘
248,13:47:00,15.15,0.0,2,3030,卖盘
249,13:47:04,15.15,0.0,2,3030,卖盘
250,13:47:06,15.15,0.0,1,1515,卖盘
251,13:47:09,15.15,0.0,1,1515,卖盘
252,13:47:13,15.15,0.0,1,1515,卖盘
253,13:48:06,15.13,-0.02,1,1513,卖盘
254,13:49:30,15.13,0.0,1,1513,卖盘
255,13:50:58,15.13,0.0,1,1513,卖盘
256,13:51:19,15.17,0.04,1,1517,买盘
257,13:51:58,15.13,-0.04,1,1513,卖盘
258,13:52:07,15.13,0.0,14,21182,卖盘
259,13:52:09,15.11,-0.02,10,15118,卖盘
260,13:52:12,15.11,0.0,4,6044,卖盘
261,13:52:15,15.11,0.0,5,7555,卖盘
262,13:52:18,15.11,0.0,7,10577,卖盘
263,13:53:04,15.11,0.0,3,4533,卖盘
264,13:53:07,15.11,0.0,1,1511,卖盘
265,13:54:28,15.11,0.0,1,1511,卖盘
266,13:55:34,15.11,0.0,2,3022,卖盘
267,13:56:58,15.11,0.0,1,1511,卖盘
268,13:57:54,15.08,-0.03,33,49819,卖盘
269,13:58:01,15.06,-0.02,1,1506,卖盘
270,13:58:37,15.06,0.0,1,1506,卖盘
271,13:59:10,15.04,-0.02,1,1504,卖盘
272,14:00:04,15.05,0.01,2,3010,卖盘
273,14:00:19,15.04,-0.01,9,13536,卖盘
274,14:00:36,15.02,-0.02,1,1502,卖盘
275,14:00:40,15.12,0.1,1,1512,买盘
276,14:01:25,15.05,-0.07,10,15052,卖盘
277,14:01:46,15.05,0.0,1,1505,卖盘
278,14:01:48,15.0,-0.05,116,174049,卖盘
279,14:01:58,14.99,-0.01,5,7495,卖盘
280,14:02:19,15.06,0.07,10,15060,卖盘
281,14:02:36,14.94,-0.12,2,2988,卖盘
282,14:02:40,14.94,0.0,1,1494,买盘
283,14:02:46,14.94,0.0,13,19422,买盘
284,14:02:49,14.94,0.0,1,1494,买盘
285,14:02:55,14.94,0.0,4,5975,买盘
286,14:03:10,14.94,0.0,30,44820,买盘
287,14:03:13,14.94,0.0,1,1494,买盘
288,14:03:15,14.94,0.0,8,11952,买盘
289,14:03:18,14.94,0.0,1,1494,买盘
290,14:03:21,14.94,0.0,14,20916,买盘
291,14:03:24,14.94,0.0,2,2988,买盘
292,14:03:28,14.94,0.0,12,17928,买盘
293,14:03:31,14.94,0.0,2,2988,买盘
294,14:03:34,14.94,0.0,1,1494,买盘
295,14:03:37,14.94,0.0,1,1494,买盘
296,14:03:40,14.94,0.0,1,1494,买盘
297,14:03:43,14.94,0.0,21,31374,买盘
298,14:03:46,14.94,0.0,18,26892,买盘
299,14:05:12,14.95,0.01,1,1495,卖盘
300,14:06:10,15.01,0.06,1,1501,买盘
301,14:06:25,15.01,0.0,1,1501,卖盘
302,14:06:58,15.04,0.03,5,7520,买盘
303,14:07:07,15.04,0.0,17,25568,卖盘
304,14:07:10,15.04,0.0,1,1504,卖盘
305,14:07:12,15.04,0.0,1,1504,卖盘
306,14:07:16,15.04,0.0,1,1504,卖盘
307,14:07:40,15.02,-0.02,2,3004,卖盘
308,14:08:22,15.02,0.0,10,15020,卖盘
309,14:08:37,15.02,0.0,1,1502,卖盘
310,14:09:42,15.03,0.01,1,1503,卖盘
311,14:09:45,15.03,0.0,1,1503,卖盘
312,14:09:48,15.03,0.0,1,1503,卖盘
313,14:09:51,15.03,0.0,1,1503,卖盘
314,14:09:55,15.03,0.0,1,1503,卖盘
315,14:09:58,15.03,0.0,1,1503,卖盘
316,14:10:01,15.03,0.0,1,1503,卖盘
317,14:10:04,15.03,0.0,1,1503,卖盘
318,14:10:07,15.01,-0.02,1,1501,卖盘
319,14:10:10,15.03,0.02,2,3004,买盘
320,14:10:13,15.03,0.0,1,1503,卖盘
321,14:10:16,15.01,-0.02,1,1501,卖盘
322,14:10:19,15.01,0.0,1,1501,卖盘
323,14:10:21,15.01,0.0,1,1501,卖盘
324,14:10:25,15.01,0.0,5,7505,卖盘
325,14:10:28,15.01,0.0,2,3002,买盘
326,14:10:34,15.03,0.02,1,1503,卖盘
327,14:11:18,15.01,-0.02,1,1501,卖盘
328,14:12:21,15.01,0.0,1,1501,卖盘
329,14:12:25,15.01,0.0,1,1501,卖盘
330,14:12:28,15.01,0.0,1,1501,卖盘
331,14:12:31,15.01,0.0,1,1501,卖盘
332,14:12:36,15.01,0.0,1,1501,卖盘
333,14:13:22,14.99,-0.02,1,1499,卖盘
334,14:13:52,14.98,-0.01,50,74901,卖盘
335,14:15:04,14.98,0.0,1,1498,卖盘
336,14:15:52,14.98,0.0,17,25466,卖盘
337,14:16:58,14.98,0.0,2,2996,卖盘
338,14:17:04,14.98,0.0,1,1498,卖盘
339,14:18:16,14.98,0.0,4,5992,卖盘
340,14:18:19,14.98,0.0,2,2996,买盘
341,14:18:25,14.96,-0.02,1,1496,卖盘
342,14:18:40,14.98,0.02,14,20972,买盘
343,14:19:19,15.05,0.07,4,6020,买盘
344,14:19:43,15.0,-0.05,1,1500,卖盘
345,14:20:40,14.98,-0.02,1,1498,卖盘
346,14:21:22,15.0,0.02,1,1500,买盘
347,14:21:49,15.0,0.0,1,1500,卖盘
348,14:23:07,15.01,0.01,1,1501,卖盘
349,14:23:09,15.01,0.0,1,1501,卖盘
350,14:23:12,15.0,-0.01,1,1500,卖盘
351,14:24:18,15.0,0.0,57,85500,卖盘
352,14:24:22,14.98,-0.02,5,7490,卖盘
353,14:24:25,14.98,0.0,3,4494,卖盘
354,14:24:28,14.98,0.0,2,2996,卖盘
355,14:24:31,14.98,0.0,4,5992,卖盘
356,14:24:34,14.98,0.0,1,1498,卖盘
357,14:24:46,15.0,0.02,10,15000,买盘
358,14:25:22,15.0,0.0,50,75000,买盘
359,14:25:31,15.0,0.0,20,29980,买盘
360,14:25:49,15.0,0.0,1,1500,卖盘
361,14:26:55,15.0,0.0,6,9000,卖盘
362,14:27:12,15.0,0.0,1,1500,买盘
363,14:27:34,15.0,0.0,33,49500,买盘
364,14:28:13,15.0,0.0,2,3000,卖盘
365,14:29:19,15.05,0.05,1,1505,买盘
366,14:31:09,15.01,-0.04,11,16511,卖盘
367,14:31:25,15.01,0.0,10,15010,卖盘
368,14:31:34,15.01,0.0,8,12008,卖盘
369,14:31:42,15.01,0.0,6,9006,卖盘
370,14:31:58,15.0,-0.01,3,4500,卖盘
371,14:32:40,14.98,-0.02,20,29960,卖盘
372,14:32:45,15.02,0.04,5,7510,买盘
373,14:33:25,15.02,0.0,3,4506,中性盘
374,14:34:01,14.98,-0.04,6,8988,卖盘
375,14:34:13,15.0,0.02,8,12000,中性盘
376,14:34:16,15.0,0.0,32,48000,卖盘
377,14:35:13,15.0,0.0,10,15000,卖盘
378,14:35:22,15.0,0.0,11,16500,卖盘
379,14:35:25,15.0,0.0,11,16500,卖盘
380,14:35:28,15.0,0.0,1,1500,卖盘
381,14:35:48,15.0,0.0,2,3000,卖盘
382,14:35:58,15.0,0.0,1,1500,卖盘
383,14:36:07,15.0,0.0,24,36000,卖盘
384,14:36:30,14.98,-0.02,5,7490,卖盘
385,14:37:09,14.97,-0.01,9,13473,卖盘
386,14:37:25,14.98,0.01,2,2996,买盘
387,14:37:46,15.0,0.02,11,16500,买盘
388,14:38:24,15.0,0.0,5,7500,卖盘
389,14:38:33,15.0,0.0,3,4500,卖盘
390,14:38:58,15.02,0.02,3,4506,买盘
391,14:39:04,15.03,0.01,19,28557,买盘
392,14:39:10,15.03,0.0,1,1503,卖盘
393,14:39:31,15.03,0.0,1,1503,卖盘
394,14:40:43,15.04,0.01,4,6016,买盘
395,14:41:51,15.04,0.0,10,15040,买盘
396,14:43:01,15.03,-0.01,10,15030,卖盘
397,14:43:19,15.03,0.0,7,10521,卖盘
398,14:45:07,15.03,0.0,4,6012,卖盘
399,14:46:10,15.03,0.0,10,15030,卖盘
400,14:46:25,15.03,0.0,27,40581,卖盘
401,14:46:49,15.0,-0.03,49,73500,卖盘
402,14:47:15,15.0,0.0,20,30000,卖盘
403,14:47:24,15.0,0.0,9,13500,卖盘
404,14:49:22,15.0,0.0,11,16500,卖盘
405,14:49:40,15.0,0.0,1,1500,买盘
406,14:50:10,14.98,-0.02,16,23982,卖盘
407,14:50:19,15.0,0.02,5,7492,买盘
408,14:50:33,14.98,-0.02,12,17976,卖盘
409,14:51:04,15.0,0.02,4,6000,买盘
410,14:51:52,14.98,-0.02,18,26964,卖盘
411,14:51:55,14.9,-0.08,38,56764,卖盘
412,14:51:57,14.89,-0.01,3,4467,卖盘
413,14:52:34,14.83,-0.06,10,14830,卖盘
414,14:52:57,14.89,0.06,16,23824,买盘
415,14:53:09,14.92,0.03,9,13428,买盘
416,14:53:52,14.94,0.02,10,14940,买盘
417,14:55:34,14.93,-0.01,16,23888,买盘
418,14:55:43,14.93,0.0,2,2986,卖盘
419,14:55:46,14.94,0.01,1,1494,买盘
420,14:56:12,14.94,0.0,5,7470,买盘
421,14:56:30,14.92,-0.02,3,4476,买盘
422,14:56:40,14.91,-0.01,5,7455,卖盘
423,14:57:00,14.91,0.0,9,13419,买盘
424,15:00:04,14.91,0.0,103,153573,卖盘
