,time,price,change,volume,amount,type
0,09:25:04,3.55,0.01,203,72065,卖盘
1,09:30:04,3.55,0.0,105,37275,买盘
2,09:30:06,3.55,0.0,1,355,卖盘
3,09:30:16,3.56,0.01,1,356,买盘
4,09:30:33,3.55,-0.01,9,3195,卖盘
5,09:30:45,3.55,0.0,3,1065,卖盘
6,09:30:51,3.56,0.01,10,3560,买盘
7,09:31:04,3.56,0.0,160,56960,买盘
8,09:31:06,3.56,0.0,20,7120,卖盘
9,09:31:22,3.57,0.01,52,18564,买盘
10,09:31:39,3.56,-0.01,6,2136,卖盘
11,09:31:42,3.56,0.0,10,3560,卖盘
12,09:31:45,3.56,0.0,8,2849,卖盘
13,09:31:51,3.56,0.0,2,712,卖盘
14,09:31:54,3.56,0.0,356,126736,卖盘
15,09:32:00,3.55,-0.01,8,2840,卖盘
16,09:32:04,3.55,0.0,2,710,卖盘
17,09:32:09,3.56,0.01,56,19936,买盘
18,09:33:21,3.56,0.0,230,81850,买盘
19,09:33:24,3.55,-0.01,2,710,卖盘
20,09:33:27,3.56,0.01,39,13875,买盘
21,09:33:33,3.56,0.0,21,7456,买盘
22,09:33:45,3.55,-0.01,1,355,卖盘
23,09:33:57,3.55,0.0,1,355,卖盘
24,09:34:39,3.55,0.0,1,355,卖盘
25,09:34:51,3.56,0.01,1,356,买盘
26,09:34:57,3.55,-0.01,1,355,卖盘
27,09:35:27,3.55,0.0,1,355,卖盘
28,09:36:27,3.55,0.0,1,355,卖盘
29,09:36:39,3.56,0.01,5,1780,买盘
30,09:37:00,3.56,0.0,2,712,买盘
31,09:37:03,3.56,0.0,52,18512,买盘
32,09:37:19,3.56,0.0,200,71200,买盘
33,09:37:27,3.55,-0.01,1,355,卖盘
34,09:37:40,3.56,0.01,20,7120,买盘
35,09:37:48,3.56,0.0,20,7120,买盘
36,09:37:51,3.56,0.0,1,356,买盘
37,09:37:57,3.55,-0.01,54,19170,卖盘
38,09:38:00,3.55,0.0,1,355,卖盘
39,09:38:31,3.55,0.0,1,355,卖盘
40,09:38:45,3.55,0.0,10,3550,卖盘
41,09:38:49,3.56,0.01,250,88950,买盘
42,09:39:00,3.55,-0.01,1,355,卖盘
43,09:39:06,3.56,0.01,30,10680,买盘
44,09:39:30,3.55,-0.01,2,710,卖盘
45,09:39:33,3.55,0.0,6,2130,卖盘
46,09:39:39,3.55,0.0,47,16685,卖盘
47,09:39:48,3.55,0.0,1,355,卖盘
48,09:39:51,3.55,0.0,2,710,卖盘
49,09:39:54,3.55,0.0,13,4615,卖盘
50,09:39:57,3.55,0.0,19,6745,卖盘
51,09:40:00,3.55,0.0,56,19880,卖盘
52,09:40:06,3.55,0.0,32,11360,卖盘
53,09:40:12,3.55,0.0,125,44375,卖盘
54,09:40:28,3.55,0.0,200,71000,卖盘
55,09:40:30,3.55,0.0,47,16685,卖盘
56,09:40:33,3.55,0.0,376,133480,卖盘
57,09:40:36,3.54,-0.01,120,42480,卖盘
58,09:40:45,3.55,0.01,150,53221,买盘
59,09:41:00,3.53,-0.02,1,353,卖盘
60,09:41:39,3.54,0.01,52,18408,卖盘
61,09:41:55,3.54,0.0,32,11328,卖盘
62,09:42:04,3.54,0.0,1,354,卖盘
63,09:42:30,3.54,0.0,1,354,卖盘
64,09:42:36,3.55,0.01,45,15975,买盘
65,09:43:00,3.54,-0.01,1,354,卖盘
66,09:43:06,3.54,0.0,115,40710,卖盘
67,09:43:15,3.54,0.0,2,708,卖盘
68,09:43:30,3.55,0.01,5,1775,买盘
69,09:43:48,3.55,0.0,1,355,买盘
70,09:44:01,3.54,-0.01,42,14868,卖盘
71,09:44:04,3.55,0.01,127,45085,买盘
72,09:44:30,3.54,-0.01,1,354,卖盘
73,09:44:36,3.54,0.0,103,36562,卖盘
74,09:45:15,3.55,0.01,3,1065,买盘
75,09:45:18,3.55,0.0,1,355,买盘
76,09:45:30,3.54,-0.01,1,354,卖盘
77,09:46:27,3.55,0.01,35,12425,买盘
78,09:46:30,3.54,-0.01,1,354,卖盘
79,09:46:43,3.55,0.01,366,129930,买盘
80,09:46:48,3.55,0.0,63,22365,买盘
81,09:46:51,3.55,0.0,107,38244,买盘
82,09:46:54,3.55,0.0,10,3550,卖盘
83,09:47:00,3.55,0.0,1,355,卖盘
84,09:48:00,3.55,0.0,1,355,卖盘
85,09:48:06,3.56,0.01,250,89000,买盘
86,09:48:18,3.56,0.0,266,94696,买盘
87,09:48:33,3.55,-0.01,1,355,卖盘
88,09:49:00,3.55,0.0,3,1065,卖盘
89,09:49:18,3.55,0.0,4,1420,卖盘
90,09:49:33,3.55,0.0,24,8542,卖盘
91,09:49:43,3.55,0.0,1,355,卖盘
92,09:49:51,3.55,0.0,3,1065,卖盘
93,09:49:57,3.55,0.0,22,7810,卖盘
94,09:50:04,3.55,0.0,1,355,卖盘
95,09:50:06,3.55,0.0,32,11360,卖盘
96,09:50:12,3.55,0.0,9,3195,卖盘
97,09:50:36,3.56,0.01,100,35600,买盘
98,09:51:03,3.56,0.0,58,20647,买盘
99,09:51:06,3.56,0.0,30,10680,买盘
100,09:51:12,3.56,0.0,100,35600,买盘
101,09:51:18,3.56,0.0,10,3560,买盘
102,09:51:21,3.56,0.0,1,356,买盘
103,09:51:30,3.55,-0.01,1,355,卖盘
104,09:51:36,3.56,0.01,50,17800,买盘
105,09:51:39,3.56,0.0,50,17800,买盘
106,09:52:18,3.56,0.0,5,1780,买盘
107,09:52:33,3.55,-0.01,1,355,卖盘
108,09:52:36,3.56,0.01,83,29548,买盘
109,09:52:45,3.56,0.0,11,3916,卖盘
110,09:53:00,3.56,0.0,3,1068,买盘
111,09:53:04,3.56,0.0,1,356,买盘
112,09:53:06,3.56,0.0,3,1068,买盘
113,09:53:12,3.56,0.0,5,1780,买盘
114,09:53:18,3.56,0.0,9,3204,买盘
115,09:53:24,3.56,0.0,2,712,卖盘
116,09:53:31,3.56,0.0,30,10680,卖盘
117,09:53:33,3.56,0.0,1,356,卖盘
118,09:53:51,3.56,0.0,71,25276,卖盘
119,09:53:54,3.56,0.0,1,356,卖盘
120,09:53:57,3.56,0.0,19,6764,卖盘
121,09:54:04,3.56,0.0,1,356,卖盘
122,09:54:06,3.56,0.0,1,356,卖盘
123,09:54:09,3.56,0.0,3,1068,卖盘
124,09:54:15,3.57,0.01,1,357,买盘
125,09:54:18,3.56,-0.01,1,356,卖盘
126,09:54:24,3.56,0.0,52,18512,卖盘
127,09:54:27,3.56,0.0,11,3916,买盘
128,09:54:45,3.56,0.0,1,356,卖盘
129,09:54:54,3.56,0.0,1,356,卖盘
130,09:55:04,3.56,0.0,1,356,卖盘
131,09:55:12,3.56,0.0,2,712,卖盘
132,09:55:27,3.56,0.0,1,356,卖盘
133,09:55:30,3.56,0.0,1,356,卖盘
134,09:55:33,3.56,0.0,1,356,卖盘
135,09:55:42,3.56,0.0,2,712,卖盘
136,09:56:33,3.56,0.0,1,356,卖盘
137,09:57:04,3.56,0.0,1,356,卖盘
138,09:57:24,3.57,0.01,1,357,买盘
139,09:57:57,3.57,0.0,10,3570,买盘
140,09:58:04,3.56,-0.01,1,356,卖盘
141,09:58:21,3.57,0.01,22,7854,买盘
142,09:58:24,3.57,0.0,40,14280,买盘
143,09:58:39,3.56,-0.01,3,1068,卖盘
144,10:00:04,3.57,0.01,490,174930,买盘
145,10:00:15,3.57,0.0,1,357,买盘
146,10:00:30,3.56,-0.01,1,356,卖盘
147,10:00:39,3.57,0.01,7,2499,买盘
148,10:01:04,3.57,0.0,78,27846,买盘
149,10:01:25,3.57,0.0,100,35700,买盘
150,10:01:36,3.57,0.0,16,5712,买盘
151,10:01:48,3.57,0.0,10,3570,买盘
152,10:01:52,3.57,0.0,10,3570,买盘
153,10:02:21,3.56,-0.01,20,7120,卖盘
154,10:03:33,3.56,0.0,25,8900,卖盘
155,10:03:57,3.57,0.01,366,130662,买盘
156,10:04:00,3.57,0.0,2,714,买盘
157,10:04:42,3.56,-0.01,4,1424,卖盘
158,10:05:12,3.57,0.01,83,29631,买盘
159,10:05:52,3.57,0.0,10,3570,买盘
160,10:06:21,3.56,-0.01,604,215074,卖盘
161,10:06:24,3.56,0.0,10,3560,卖盘
162,10:06:34,3.56,0.0,47,16732,卖盘
163,10:06:36,3.56,0.0,2,712,卖盘
164,10:06:39,3.56,0.0,21,7476,卖盘
165,10:06:42,3.56,0.0,1,356,卖盘
166,10:06:45,3.56,0.0,3,1068,卖盘
167,10:06:51,3.56,0.0,20,7120,卖盘
168,10:06:54,3.56,0.0,4,1424,卖盘
169,10:07:33,3.56,0.0,1,356,卖盘
170,10:07:45,3.57,0.01,50,17850,买盘
171,10:08:06,3.56,-0.01,1,356,卖盘
172,10:08:21,3.57,0.01,1,357,买盘
173,10:08:33,3.56,-0.01,26,9256,卖盘
174,10:09:04,3.56,0.0,1,356,卖盘
175,10:09:33,3.56,0.0,1,356,卖盘
176,10:10:07,3.56,0.0,1,356,卖盘
177,10:10:09,3.56,0.0,36,12816,卖盘
178,10:10:33,3.56,0.0,1,356,卖盘
179,10:10:57,3.56,0.0,9,3204,卖盘
180,10:11:06,3.56,0.0,1,356,卖盘
181,10:11:24,3.56,0.0,15,5340,卖盘
182,10:12:06,3.56,0.0,1,356,卖盘
183,10:12:27,3.56,0.0,2,712,卖盘
184,10:12:57,3.56,0.0,2,712,卖盘
185,10:13:00,3.57,0.01,406,144942,买盘
186,10:13:36,3.56,-0.01,2,712,卖盘
187,10:14:06,3.56,0.0,2,712,卖盘
188,10:14:24,3.57,0.01,22,7854,买盘
189,10:14:36,3.56,-0.01,1,356,卖盘
190,10:14:39,3.56,0.0,1,356,卖盘
191,10:15:09,3.56,0.0,2,712,卖盘
192,10:15:12,3.56,0.0,319,113564,卖盘
193,10:15:33,3.56,0.0,3,1068,卖盘
194,10:15:39,3.56,0.0,2,712,卖盘
195,10:16:09,3.56,0.0,2,712,卖盘
196,10:16:24,3.56,0.0,7,2494,卖盘
197,10:16:39,3.56,0.0,3,1068,卖盘
198,10:17:06,3.56,0.0,14,4984,卖盘
199,10:17:10,3.56,0.0,2,712,卖盘
200,10:17:24,3.56,0.0,52,18512,卖盘
201,10:17:30,3.56,0.0,435,154810,卖盘
202,10:17:39,3.55,-0.01,1,355,卖盘
203,10:18:09,3.55,0.0,2,710,卖盘
204,10:18:21,3.56,0.01,28,9968,买盘
205,10:18:33,3.55,-0.01,2,710,卖盘
206,10:18:39,3.55,0.0,2,710,卖盘
207,10:19:09,3.55,0.0,2,710,卖盘
208,10:19:15,3.56,0.01,30,10680,买盘
209,10:19:21,3.56,0.0,18,6458,买盘
210,10:19:40,3.56,0.0,1,356,卖盘
211,10:19:42,3.56,0.0,1,306,买盘
212,10:19:57,3.56,0.0,10,3560,买盘
213,10:20:09,3.56,0.0,1,356,卖盘
214,10:20:12,3.56,0.0,1,356,卖盘
215,10:20:39,3.56,0.0,1,356,卖盘
216,10:20:42,3.56,0.0,1,356,卖盘
217,10:20:45,3.56,0.0,1,356,卖盘
218,10:21:09,3.57,0.01,8,2804,买盘
219,10:21:24,3.57,0.0,119,42483,买盘
220,10:21:37,3.56,-0.01,2,712,卖盘
221,10:21:39,3.56,0.0,1,356,卖盘
222,10:21:42,3.56,0.0,1,356,卖盘
223,10:21:48,3.55,-0.01,500,177905,卖盘
224,10:22:06,3.55,0.0,2,710,卖盘
225,10:22:12,3.55,0.0,2,710,卖盘
226,10:22:30,3.55,0.0,2,710,卖盘
227,10:22:42,3.55,0.0,3,1065,卖盘
228,10:22:45,3.55,0.0,20,7100,卖盘
229,10:23:12,3.55,0.0,2,710,卖盘
230,10:23:42,3.55,0.0,2,710,卖盘
231,10:24:12,3.55,0.0,2,710,卖盘
232,10:24:39,3.55,0.0,103,36565,卖盘
233,10:24:42,3.55,0.0,2,710,卖盘
234,10:25:12,3.55,0.0,2,710,卖盘
235,10:25:43,3.55,0.0,2,710,卖盘
236,10:26:12,3.55,0.0,1,355,卖盘
237,10:26:42,3.55,0.0,2,710,卖盘
238,10:27:12,3.55,0.0,2,710,卖盘
239,10:27:24,3.55,0.0,2,710,卖盘
240,10:27:27,3.56,0.01,12,4272,买盘
241,10:27:39,3.55,-0.01,1,355,卖盘
242,10:27:42,3.55,0.0,2,710,卖盘
243,10:28:12,3.55,0.0,480,170400,卖盘
244,10:28:24,3.56,0.01,3,1068,买盘
245,10:28:42,3.55,-0.01,42,14910,卖盘
246,10:29:13,3.55,0.0,3,1065,卖盘
247,10:29:21,3.56,0.01,1,356,买盘
248,10:29:39,3.55,-0.01,3,1065,卖盘
249,10:29:43,3.55,0.0,2,710,卖盘
250,10:29:48,3.56,0.01,313,111428,买盘
251,10:29:51,3.56,0.0,10,3560,买盘
252,10:29:57,3.56,0.0,33,11748,买盘
253,10:30:12,3.55,-0.01,2,710,卖盘
254,10:30:42,3.55,0.0,2,710,卖盘
255,10:30:46,3.55,0.0,32,11360,卖盘
256,10:31:15,3.55,0.0,2,710,卖盘
257,10:31:45,3.55,0.0,2,710,卖盘
258,10:31:57,3.55,0.0,15,5325,卖盘
259,10:32:15,3.55,0.0,2,710,卖盘
260,10:32:45,3.55,0.0,1,355,卖盘
261,10:33:15,3.55,0.0,1,355,卖盘
262,10:33:45,3.55,0.0,1,355,卖盘
263,10:34:15,3.55,0.0,1,355,卖盘
264,10:34:45,3.55,0.0,1,355,卖盘
265,10:34:48,3.55,0.0,20,7100,卖盘
266,10:35:00,3.56,0.01,7,2492,买盘
267,10:35:16,3.55,-0.01,2,710,卖盘
268,10:35:48,3.55,0.0,2,710,卖盘
269,10:35:57,3.56,0.01,1,356,买盘
270,10:36:04,3.55,-0.01,1,355,卖盘
271,10:36:36,3.55,0.0,98,34790,卖盘
272,10:36:58,3.56,0.01,1,356,买盘
273,10:37:04,3.55,-0.01,1,355,卖盘
274,10:37:57,3.56,0.01,1,356,买盘
275,10:38:04,3.55,-0.01,1,355,卖盘
276,10:38:18,3.55,0.0,3,1065,卖盘
277,10:38:55,3.55,0.0,3,1065,卖盘
278,10:38:57,3.56,0.01,1,356,买盘
279,10:39:04,3.55,-0.01,10,3550,卖盘
280,10:39:09,3.56,0.01,5,1780,买盘
281,10:39:36,3.56,0.0,30,10680,买盘
282,10:39:40,3.55,-0.01,1,355,卖盘
283,10:39:48,3.55,0.0,57,20235,卖盘
284,10:39:57,3.56,0.01,1,356,买盘
285,10:40:04,3.55,-0.01,3,1065,卖盘
286,10:41:06,3.55,0.0,8,2840,卖盘
287,10:41:58,3.56,0.01,2,712,买盘
288,10:42:21,3.55,-0.01,2,710,卖盘
289,10:42:24,3.55,0.0,3,1065,卖盘
290,10:42:42,3.55,0.0,2,710,卖盘
291,10:42:46,3.55,0.0,12,4260,卖盘
292,10:42:57,3.56,0.01,1,356,买盘
293,10:43:52,3.56,0.0,10,3560,买盘
294,10:43:57,3.56,0.0,1,356,买盘
295,10:44:48,3.55,-0.01,1,355,卖盘
296,10:45:09,3.55,0.0,2,710,卖盘
297,10:45:22,3.55,0.0,1,355,卖盘
298,10:45:55,3.55,0.0,2,710,卖盘
299,10:45:57,3.56,0.01,2,712,买盘
300,10:46:21,3.55,-0.01,1,355,卖盘
301,10:46:42,3.55,0.0,143,50765,卖盘
302,10:46:45,3.55,0.0,9,3195,卖盘
303,10:46:51,3.55,0.0,1,355,卖盘
304,10:46:54,3.55,0.0,10,3550,卖盘
305,10:46:57,3.56,0.01,1,356,买盘
306,10:47:30,3.55,-0.01,2,710,卖盘
307,10:47:33,3.55,0.0,7,2485,卖盘
308,10:47:52,3.55,0.0,1,355,卖盘
309,10:48:21,3.55,0.0,1,355,卖盘
310,10:48:39,3.56,0.01,200,71200,买盘
311,10:48:57,3.56,0.0,1,356,买盘
312,10:49:21,3.55,-0.01,1,355,卖盘
313,10:49:24,3.55,0.0,2,710,卖盘
314,10:49:42,3.55,0.0,30,10650,卖盘
315,10:49:51,3.55,0.0,1,355,卖盘
316,10:50:24,3.56,0.01,45,16020,买盘
317,10:50:51,3.55,-0.01,1,355,卖盘
318,10:50:57,3.56,0.01,1,356,买盘
319,10:51:21,3.55,-0.01,1,355,卖盘
320,10:51:51,3.55,0.0,1,355,卖盘
321,10:52:13,3.55,0.0,5,1775,卖盘
322,10:52:15,3.56,0.01,10,3560,买盘
323,10:52:18,3.55,-0.01,3,1065,卖盘
324,10:52:42,3.55,0.0,30,10650,卖盘
325,10:52:54,3.55,0.0,1,355,卖盘
326,10:53:24,3.55,0.0,1,355,卖盘
327,10:53:48,3.56,0.01,280,99680,买盘
328,10:53:51,3.55,-0.01,21,7455,卖盘
329,10:54:24,3.55,0.0,1,355,卖盘
330,10:54:54,3.55,0.0,1,355,卖盘
331,10:55:00,3.56,0.01,10,3560,买盘
332,10:55:16,3.56,0.0,10,3560,买盘
333,10:55:36,3.56,0.0,80,28480,买盘
334,10:55:54,3.56,0.0,11,3915,买盘
335,10:55:57,3.56,0.0,1,356,买盘
336,10:56:24,3.55,-0.01,1,355,卖盘
337,10:56:57,3.56,0.01,1,356,买盘
338,10:57:24,3.55,-0.01,1,355,卖盘
339,10:57:54,3.55,0.0,1,355,卖盘
340,10:57:57,3.56,0.01,9,3204,买盘
341,10:58:55,3.55,-0.01,1,355,卖盘
342,10:59:06,3.55,0.0,2,710,卖盘
343,10:59:27,3.55,0.0,1,355,卖盘
344,10:59:57,3.56,0.01,1,356,买盘
345,11:00:00,3.56,0.0,10,3560,买盘
346,11:00:27,3.55,-0.01,1,355,卖盘
347,11:00:36,3.55,0.0,2,710,卖盘
348,11:00:57,3.55,0.0,2,711,卖盘
349,11:01:54,3.55,0.0,3,1065,卖盘
350,11:01:57,3.56,0.01,7,2491,买盘
351,11:02:09,3.56,0.0,50,17800,买盘
352,11:02:18,3.55,-0.01,6,2130,卖盘
353,11:02:24,3.55,0.0,1,355,卖盘
354,11:02:27,3.55,0.0,1,355,卖盘
355,11:02:57,3.56,0.01,1,356,买盘
356,11:03:18,3.55,-0.01,3,1065,卖盘
357,11:03:27,3.55,0.0,1,355,卖盘
358,11:03:57,3.55,0.0,2,711,卖盘
359,11:04:27,3.55,0.0,1,355,卖盘
360,11:04:57,3.56,0.01,2,712,买盘
361,11:05:27,3.55,-0.01,1,355,卖盘
362,11:06:00,3.55,0.0,1,355,卖盘
363,11:06:15,3.55,0.0,8,2840,卖盘
364,11:06:45,3.56,0.01,200,71200,买盘
365,11:06:57,3.56,0.0,1,356,买盘
366,11:07:00,3.55,-0.01,1,355,卖盘
367,11:07:12,3.56,0.01,33,11748,买盘
368,11:07:31,3.55,-0.01,1,355,卖盘
369,11:07:48,3.55,0.0,63,22365,卖盘
370,11:07:54,3.55,0.0,3,1065,卖盘
371,11:07:57,3.56,0.01,1,356,买盘
372,11:08:27,3.55,-0.01,200,71000,卖盘
373,11:08:30,3.55,0.0,1,355,卖盘
374,11:08:57,3.56,0.01,1,356,买盘
375,11:09:00,3.55,-0.01,1,355,卖盘
376,11:09:57,3.56,0.01,1,356,买盘
377,11:10:00,3.55,-0.01,1,355,卖盘
378,11:10:30,3.55,0.0,1,355,卖盘
379,11:10:57,3.56,0.01,1,356,买盘
380,11:11:33,3.55,-0.01,1,355,卖盘
381,11:11:54,3.55,0.0,9,3195,卖盘
382,11:12:04,3.55,0.0,131,46505,卖盘
383,11:12:57,3.56,0.01,2,712,买盘
384,11:13:04,3.55,-0.01,1,355,卖盘
385,11:13:33,3.56,0.01,8,2847,买盘
386,11:13:57,3.55,-0.01,403,143066,卖盘
387,11:14:00,3.55,0.0,9,3195,卖盘
388,11:14:33,3.55,0.0,1,355,卖盘
389,11:15:04,3.55,0.0,1,355,卖盘
390,11:15:18,3.55,0.0,8,2840,卖盘
391,11:15:30,3.55,0.0,6,2130,卖盘
392,11:15:39,3.55,0.0,23,8165,卖盘
393,11:15:45,3.55,0.0,2,710,卖盘
394,11:15:48,3.55,0.0,6,2130,卖盘
395,11:15:51,3.55,0.0,44,15620,卖盘
396,11:15:54,3.55,0.0,65,23075,卖盘
397,11:16:04,3.55,0.0,59,20945,卖盘
398,11:16:06,3.55,0.0,3,806,卖盘
399,11:16:33,3.54,-0.01,1,354,卖盘
400,11:17:03,3.54,0.0,1,354,卖盘
401,11:18:03,3.54,0.0,1,354,卖盘
402,11:18:24,3.55,0.01,66,23427,买盘
403,11:18:34,3.54,-0.01,1,354,卖盘
404,11:19:21,3.55,0.01,100,35500,买盘
405,11:19:33,3.54,-0.01,1,354,卖盘
406,11:20:03,3.54,0.0,1,354,卖盘
407,11:21:04,3.54,0.0,1,354,卖盘
408,11:21:33,3.54,0.0,1,354,卖盘
409,11:22:27,3.55,0.01,12,4260,买盘
410,11:22:36,3.54,-0.01,1,354,卖盘
411,11:23:06,3.54,0.0,1,354,卖盘
412,11:24:06,3.54,0.0,1,354,卖盘
413,11:24:36,3.54,0.0,1,354,卖盘
414,11:25:36,3.54,0.0,1,354,卖盘
415,11:26:06,3.54,0.0,1,354,卖盘
416,11:26:33,3.54,0.0,97,34338,卖盘
417,11:26:57,3.55,0.01,1,355,买盘
418,11:27:06,3.54,-0.01,1,354,卖盘
419,11:27:09,3.55,0.01,1,355,买盘
420,11:27:12,3.54,-0.01,116,41064,卖盘
421,11:27:36,3.54,0.0,1,354,卖盘
422,11:27:57,3.55,0.01,1,355,买盘
423,11:28:36,3.54,-0.01,1,354,卖盘
424,11:28:42,3.55,0.01,30,10650,买盘
425,11:28:51,3.54,-0.01,2,708,卖盘
426,11:28:54,3.55,0.01,5,1775,买盘
427,11:28:57,3.55,0.0,2,710,买盘
428,11:29:07,3.54,-0.01,1,354,卖盘
429,11:29:36,3.54,0.0,1,354,卖盘
430,13:00:04,3.54,0.0,102,36157,卖盘
431,13:00:36,3.54,0.0,1,354,卖盘
432,13:00:57,3.55,0.01,1,355,买盘
433,13:01:06,3.54,-0.01,1,354,卖盘
434,13:01:24,3.54,0.0,2,708,卖盘
435,13:01:33,3.55,0.01,30,10650,买盘
436,13:01:57,3.55,0.0,10,3550,买盘
437,13:02:06,3.54,-0.01,1,354,卖盘
438,13:02:12,3.55,0.01,99,35404,买盘
439,13:02:21,3.55,0.0,1,355,卖盘
440,13:02:36,3.56,0.01,5,1780,买盘
441,13:02:39,3.55,-0.01,1,355,卖盘
442,13:02:57,3.56,0.01,1,356,买盘
443,13:03:00,3.55,-0.01,6,2130,卖盘
444,13:03:39,3.55,0.0,1,355,卖盘
445,13:03:57,3.56,0.01,1,356,买盘
446,13:04:09,3.55,-0.01,1,355,卖盘
447,13:04:27,3.55,0.0,350,123991,卖盘
448,13:04:57,3.55,0.0,1,355,买盘
449,13:05:27,3.55,0.0,329,116795,买盘
450,13:05:36,3.55,0.0,10,3550,买盘
451,13:05:57,3.54,-0.01,37,13100,卖盘
452,13:06:00,3.54,0.0,19,6736,卖盘
453,13:06:09,3.54,0.0,3,1062,卖盘
454,13:06:16,3.55,0.01,45,16234,买盘
455,13:06:21,3.55,0.0,133,46956,卖盘
456,13:06:24,3.54,-0.01,3,1062,卖盘
457,13:07:06,3.55,0.01,20,7100,买盘
458,13:07:57,3.55,0.0,1,355,买盘
459,13:08:00,3.54,-0.01,9,3186,卖盘
460,13:08:04,3.55,0.01,10,3550,买盘
461,13:08:09,3.54,-0.01,248,87792,卖盘
462,13:08:18,3.54,0.0,5,1770,卖盘
463,13:08:21,3.54,0.0,9,3186,卖盘
464,13:08:48,3.54,0.0,2,708,卖盘
465,13:08:57,3.55,0.01,1,355,买盘
466,13:09:57,3.55,0.0,1,355,买盘
467,13:10:00,3.54,-0.01,3,1062,卖盘
468,13:10:06,3.55,0.01,10,3550,买盘
469,13:10:57,3.55,0.0,1,355,买盘
470,13:11:03,3.55,0.0,6,2130,买盘
471,13:11:09,3.55,0.0,48,17040,买盘
472,13:11:57,3.55,0.0,1,355,买盘
473,13:12:00,3.55,0.0,10,3550,买盘
474,13:12:06,3.54,-0.01,1,354,卖盘
475,13:12:21,3.55,0.01,100,35500,买盘
476,13:12:27,3.54,-0.01,1,354,卖盘
477,13:13:07,3.54,0.0,2,708,卖盘
478,13:13:30,3.55,0.01,9,3195,买盘
479,13:13:57,3.55,0.0,10,3550,买盘
480,13:14:57,3.55,0.0,1,355,买盘
481,13:15:15,3.54,-0.01,1,354,卖盘
482,13:15:57,3.55,0.01,1,355,买盘
483,13:16:06,3.55,0.0,9,3195,买盘
484,13:16:21,3.55,0.0,2,710,买盘
485,13:17:57,3.55,0.0,12,4260,买盘
486,13:18:27,3.55,0.0,500,177500,买盘
487,13:18:45,3.55,0.0,4,1679,买盘
488,13:18:57,3.56,0.01,1,356,买盘
489,13:19:42,3.56,0.0,20,7120,买盘
490,13:19:54,3.56,0.0,10,3560,买盘
491,13:20:45,3.55,-0.01,1,355,卖盘
492,13:20:57,3.56,0.01,1,356,买盘
493,13:21:15,3.56,0.0,2,712,买盘
494,13:21:27,3.55,-0.01,1,355,卖盘
495,13:21:57,3.56,0.01,2,712,买盘
496,13:22:57,3.56,0.0,1,356,买盘
497,13:23:00,3.55,-0.01,31,11035,卖盘
498,13:23:12,3.55,0.0,58,20590,卖盘
499,13:23:27,3.55,0.0,1,355,卖盘
500,13:23:48,3.56,0.01,10,3560,买盘
501,13:23:55,3.56,0.0,10,3560,买盘
502,13:23:57,3.55,-0.01,2,710,卖盘
503,13:24:27,3.55,0.0,1,355,卖盘
504,13:24:42,3.55,0.0,5,1775,卖盘
505,13:24:57,3.56,0.01,1,356,买盘
506,13:25:24,3.55,-0.01,1,355,卖盘
507,13:25:52,3.55,0.0,9,3195,卖盘
508,13:25:55,3.55,0.0,2,710,卖盘
509,13:25:58,3.56,0.01,2,712,买盘
510,13:26:18,3.55,-0.01,200,71000,卖盘
511,13:26:39,3.55,0.0,70,24850,卖盘
512,13:27:39,3.55,0.0,18,6390,卖盘
513,13:27:57,3.56,0.01,1,356,买盘
514,13:29:12,3.55,-0.01,3,1065,卖盘
515,13:30:15,3.55,0.0,1,355,卖盘
516,13:30:42,3.55,0.0,32,11360,卖盘
517,13:30:48,3.55,0.0,16,5680,卖盘
518,13:30:57,3.56,0.01,90,32040,买盘
519,13:31:27,3.55,-0.01,3,1065,卖盘
520,13:31:42,3.55,0.0,1,355,卖盘
521,13:31:45,3.55,0.0,1,355,卖盘
522,13:32:27,3.55,0.0,2,710,卖盘
523,13:33:18,3.55,0.0,4,1420,卖盘
524,13:35:24,3.55,0.0,1,355,卖盘
525,13:35:57,3.55,0.0,98,34790,卖盘
526,13:36:48,3.55,0.0,1,355,卖盘
527,13:39:27,3.55,0.0,262,93010,卖盘
528,13:39:30,3.55,0.0,2,710,卖盘
529,13:39:45,3.55,0.0,1,355,卖盘
530,13:40:30,3.55,0.0,3,1065,卖盘
531,13:40:33,3.55,0.0,1,355,卖盘
532,13:40:39,3.55,0.0,39,13845,卖盘
533,13:40:51,3.55,0.0,138,48731,卖盘
534,13:41:42,3.54,-0.01,1,354,卖盘
535,13:42:21,3.55,0.01,4,1420,买盘
536,13:42:48,3.55,0.0,20,7100,买盘
537,13:43:25,3.54,-0.01,1,354,卖盘
538,13:44:42,3.54,0.0,3,1062,卖盘
539,13:46:54,3.55,0.01,50,17750,买盘
540,13:47:06,3.55,0.0,50,17750,买盘
541,13:47:54,3.55,0.0,10,3550,买盘
542,13:48:09,3.55,0.0,4,1679,买盘
543,13:48:21,3.55,0.0,1,355,卖盘
544,13:49:45,3.55,0.0,21,7196,卖盘
545,13:49:54,3.55,0.0,10,3550,买盘
546,13:51:21,3.54,-0.01,36,12744,卖盘
547,13:51:57,3.55,0.01,1,355,买盘
548,13:52:57,3.55,0.0,2,710,买盘
549,13:53:57,3.55,0.0,11,3905,买盘
550,13:54:06,3.54,-0.01,1,354,卖盘
551,13:54:18,3.54,0.0,8,2832,卖盘
552,13:55:28,3.55,0.01,20,7100,买盘
553,13:55:57,3.55,0.0,1,355,买盘
554,13:56:00,3.54,-0.01,12,4257,卖盘
555,13:56:39,3.54,0.0,1,354,卖盘
556,13:56:58,3.55,0.01,2,710,买盘
557,13:57:00,3.55,0.0,500,177500,买盘
558,13:58:06,3.55,0.0,10,3550,买盘
559,13:58:12,3.54,-0.01,61,21594,卖盘
560,13:59:54,3.54,0.0,2,708,卖盘
561,13:59:57,3.54,0.0,2,709,卖盘
562,14:00:09,3.54,0.0,1,354,卖盘
563,14:00:57,3.55,0.01,2,710,买盘
564,14:01:00,3.54,-0.01,5,1770,卖盘
565,14:01:03,3.54,0.0,20,7080,卖盘
566,14:01:45,3.54,0.0,13,4602,卖盘
567,14:01:57,3.54,0.0,30,10620,卖盘
568,14:02:09,3.54,0.0,31,10974,卖盘
569,14:02:12,3.54,0.0,2,708,卖盘
570,14:02:39,3.54,0.0,6,2124,卖盘
571,14:02:45,3.54,0.0,7,2478,卖盘
572,14:02:57,3.54,0.0,3,1063,卖盘
573,14:03:21,3.54,0.0,1,354,卖盘
574,14:03:57,3.54,0.0,140,49561,卖盘
575,14:04:39,3.54,0.0,2,708,卖盘
576,14:04:57,3.55,0.01,1,355,买盘
577,14:05:04,3.54,-0.01,20,7080,卖盘
578,14:05:06,3.55,0.01,38,13490,买盘
579,14:05:45,3.54,-0.01,87,30798,卖盘
580,14:05:57,3.55,0.01,1,355,买盘
581,14:06:06,3.55,0.0,10,3550,买盘
582,14:06:33,3.54,-0.01,100,35400,卖盘
583,14:06:42,3.54,0.0,3,1062,卖盘
584,14:06:57,3.54,0.0,231,81775,卖盘
585,14:07:24,3.55,0.01,104,36896,买盘
586,14:07:27,3.55,0.0,50,17750,买盘
587,14:07:42,3.55,0.0,527,187085,买盘
588,14:07:45,3.55,0.0,2,710,买盘
589,14:07:57,3.55,0.0,66,23689,买盘
590,14:08:06,3.55,0.0,4,1420,卖盘
591,14:08:09,3.55,0.0,2,710,卖盘
592,14:08:21,3.55,0.0,22,7810,卖盘
593,14:08:33,3.55,0.0,2,710,卖盘
594,14:08:57,3.55,0.0,1,355,卖盘
595,14:09:21,3.55,0.0,1,355,卖盘
596,14:09:33,3.55,0.0,1,355,卖盘
597,14:09:54,3.55,0.0,1,355,卖盘
598,14:09:57,3.56,0.01,1,356,买盘
599,14:10:16,3.55,-0.01,5,1775,卖盘
600,14:10:24,3.55,0.0,180,63900,卖盘
601,14:10:48,3.55,0.0,1,355,卖盘
602,14:10:54,3.55,0.0,5,1775,卖盘
603,14:10:57,3.55,0.0,2,711,卖盘
604,14:11:00,3.55,0.0,2,710,卖盘
605,14:11:06,3.55,0.0,5,1775,卖盘
606,14:11:09,3.55,0.0,14,4970,卖盘
607,14:11:16,3.55,0.0,48,17040,卖盘
608,14:11:27,3.55,0.0,2,710,卖盘
609,14:11:30,3.55,0.0,7,2485,卖盘
610,14:11:57,3.55,0.0,3,1066,卖盘
611,14:12:27,3.55,0.0,1,355,卖盘
612,14:12:48,3.55,0.0,1,355,卖盘
613,14:12:57,3.56,0.01,1,356,买盘
614,14:13:28,3.55,-0.01,1,355,卖盘
615,14:13:33,3.55,0.0,27,9585,卖盘
616,14:13:48,3.55,0.0,1,355,卖盘
617,14:13:51,3.55,0.0,100,35500,卖盘
618,14:13:57,3.56,0.01,1,356,买盘
619,14:14:06,3.55,-0.01,26,9230,卖盘
620,14:14:12,3.55,0.0,10,3550,卖盘
621,14:14:15,3.56,0.01,6,2136,买盘
622,14:14:21,3.55,-0.01,1,355,卖盘
623,14:14:24,3.55,0.0,1,355,卖盘
624,14:14:51,3.55,0.0,1,355,卖盘
625,14:14:54,3.55,0.0,1,355,卖盘
626,14:15:03,3.55,0.0,3,1065,卖盘
627,14:15:18,3.55,0.0,1,355,卖盘
628,14:15:57,3.56,0.01,2,712,买盘
629,14:16:58,3.56,0.0,1,356,买盘
630,14:18:00,3.56,0.0,10,3560,买盘
631,14:18:15,3.55,-0.01,2,710,卖盘
632,14:19:30,3.55,0.0,69,24495,卖盘
633,14:20:06,3.55,0.0,2,710,卖盘
634,14:20:27,3.55,0.0,8,2840,卖盘
635,14:20:30,3.55,0.0,1,355,卖盘
636,14:20:36,3.55,0.0,1,355,卖盘
637,14:20:51,3.55,0.0,1,355,卖盘
638,14:21:21,3.55,0.0,1,355,卖盘
639,14:21:24,3.55,0.0,1,355,卖盘
640,14:21:36,3.55,0.0,20,7100,卖盘
641,14:22:18,3.55,0.0,1,355,卖盘
642,14:22:42,3.55,0.0,3,1065,卖盘
643,14:23:06,3.56,0.01,38,13528,买盘
644,14:24:09,3.56,0.0,10,3560,买盘
645,14:24:31,3.56,0.0,1,356,买盘
646,14:25:30,3.56,0.0,1,356,买盘
647,14:25:52,3.56,0.0,9,3204,买盘
648,14:25:54,3.56,0.0,10,3560,买盘
649,14:25:58,3.56,0.0,2,712,买盘
650,14:26:30,3.56,0.0,2,712,买盘
651,14:26:36,3.55,-0.01,100,35500,卖盘
652,14:26:39,3.55,0.0,34,12070,卖盘
653,14:26:48,3.56,0.01,755,268780,买盘
654,14:26:55,3.56,0.0,120,42720,买盘
655,14:27:04,3.57,0.01,69,24633,买盘
656,14:27:21,3.57,0.0,135,48195,买盘
657,14:27:30,3.57,0.0,1,357,买盘
658,14:28:04,3.57,0.0,10,3570,买盘
659,14:28:09,3.56,-0.01,38,13528,卖盘
660,14:28:24,3.56,0.0,10,3560,卖盘
661,14:28:27,3.57,0.01,80,28560,买盘
662,14:28:45,3.57,0.0,1,357,买盘
663,14:29:30,3.57,0.0,5,1781,买盘
664,14:29:57,3.57,0.0,10,3570,买盘
665,14:30:15,3.56,-0.01,2,712,卖盘
666,14:31:00,3.56,0.0,524,186544,卖盘
667,14:31:30,3.56,0.0,100,35600,买盘
668,14:31:54,3.56,0.0,10,3560,买盘
669,14:33:27,3.56,0.0,70,24920,买盘
670,14:33:40,3.56,0.0,100,35600,买盘
671,14:34:12,3.56,0.0,10,3560,买盘
672,14:36:00,3.56,0.0,9,3204,买盘
673,14:36:24,3.56,0.0,10,3560,买盘
674,14:37:54,3.56,0.0,10,3560,买盘
675,14:39:54,3.56,0.0,1,356,买盘
676,14:40:07,3.56,0.0,10,3560,买盘
677,14:40:49,3.55,-0.01,2,710,卖盘
678,14:42:04,3.55,0.0,5,1775,卖盘
679,14:42:18,3.55,0.0,3,1065,卖盘
680,14:42:37,3.56,0.01,300,106800,买盘
681,14:42:57,3.56,0.0,400,142400,买盘
682,14:43:06,3.56,0.0,25,8900,买盘
683,14:43:09,3.56,0.0,200,71200,买盘
684,14:43:15,3.56,0.0,207,73692,买盘
685,14:43:48,3.56,0.0,906,322536,卖盘
686,14:44:07,3.56,0.0,1,356,买盘
687,14:44:15,3.56,0.0,94,33464,买盘
688,14:44:18,3.56,0.0,2,712,卖盘
689,14:44:21,3.56,0.0,26,9256,卖盘
690,14:44:24,3.56,0.0,1,356,卖盘
691,14:44:40,3.56,0.0,9,3204,卖盘
692,14:44:51,3.56,0.0,16,5696,卖盘
693,14:44:58,3.56,0.0,91,32396,卖盘
694,14:45:27,3.56,0.0,1,356,卖盘
695,14:45:30,3.56,0.0,1,356,卖盘
696,14:45:39,3.57,0.01,361,128877,买盘
697,14:46:42,3.56,-0.01,60,21360,卖盘
698,14:47:45,3.57,0.01,439,156723,买盘
699,14:47:51,3.56,-0.01,452,160912,卖盘
700,14:48:04,3.56,0.0,50,17800,买盘
701,14:48:06,3.56,0.0,116,41296,买盘
702,14:48:13,3.56,0.0,51,18156,买盘
703,14:48:39,3.56,0.0,231,82236,买盘
704,14:48:48,3.56,0.0,46,16376,卖盘
705,14:48:51,3.56,0.0,4,1424,卖盘
706,14:48:54,3.56,0.0,14,4984,卖盘
707,14:49:18,3.56,0.0,5,1780,卖盘
708,14:49:42,3.57,0.01,50,17850,买盘
709,14:50:18,3.57,0.0,6,2142,买盘
710,14:50:42,3.56,-0.01,3,1068,卖盘
711,14:51:06,3.56,0.0,2,712,卖盘
712,14:51:15,3.56,0.0,30,10680,卖盘
713,14:51:18,3.56,0.0,2,712,卖盘
714,14:51:30,3.57,0.01,60,21420,买盘
715,14:52:06,3.57,0.0,88,31416,买盘
716,14:52:28,3.56,-0.01,1,356,卖盘
717,14:52:36,3.56,0.0,2,712,卖盘
718,14:52:48,3.56,0.0,5,1780,卖盘
719,14:55:04,3.57,0.01,52,18564,买盘
720,14:55:39,3.57,0.0,50,17850,买盘
721,14:55:51,3.56,-0.01,20,7120,卖盘
722,14:56:06,3.57,0.01,47,16779,买盘
723,14:56:18,3.57,0.0,2,714,买盘
724,14:56:21,3.57,0.0,10,3570,买盘
725,14:56:48,3.57,0.0,10,3570,买盘
726,14:56:54,3.56,-0.01,12,4272,卖盘
727,14:56:57,3.56,0.0,15,5340,卖盘
728,14:57:00,3.56,0.0,3,1068,卖盘
729,15:00:04,3.56,0.0,146,51976,卖盘
