,time,price,change,volume,amount,type
0,09:25:05,17.28,0.0,16,27648,卖盘
1,09:30:04,17.24,-0.04,103,177674,卖盘
2,09:30:22,17.24,0.0,7,12068,买盘
3,09:30:39,17.23,-0.01,6,10338,买盘
4,09:30:49,17.21,-0.02,97,166943,卖盘
5,09:30:58,17.2,-0.01,45,77434,卖盘
6,09:31:04,17.2,0.0,38,65360,卖盘
7,09:31:16,17.19,-0.01,86,147888,卖盘
8,09:31:22,17.17,-0.02,50,85883,卖盘
9,09:31:28,17.17,0.0,6,10302,买盘
10,09:31:43,17.13,-0.04,66,113192,卖盘
11,09:31:49,17.2,0.07,7,12040,卖盘
12,09:31:52,17.2,0.0,48,82563,卖盘
13,09:31:54,17.2,0.0,4,6880,卖盘
14,09:31:58,17.21,0.01,1,1721,卖盘
15,09:32:04,17.2,-0.01,10,17200,卖盘
16,09:32:09,17.21,0.01,4,6884,卖盘
17,09:33:09,17.28,0.07,5,8630,买盘
18,09:33:52,17.21,-0.07,2,3442,卖盘
19,09:34:15,17.24,0.03,2,3448,买盘
20,09:34:18,17.24,0.0,2,3448,买盘
21,09:34:22,17.24,0.0,1,1724,买盘
22,09:34:25,17.27,0.03,3,5180,卖盘
23,09:35:49,17.2,-0.07,31,53397,卖盘
24,09:36:25,17.2,0.0,18,30960,卖盘
25,09:36:28,17.2,0.0,4,6880,卖盘
26,09:36:34,17.24,0.04,1,1724,卖盘
27,09:36:37,17.24,0.0,1,1724,卖盘
28,09:36:46,17.25,0.01,1,1725,买盘
29,09:36:49,17.24,-0.01,3,5172,卖盘
30,09:36:58,17.24,0.0,1,1724,卖盘
31,09:37:07,17.2,-0.04,9,15480,卖盘
32,09:37:55,17.21,0.01,3,5163,卖盘
33,09:38:22,17.24,0.03,2,3448,买盘
34,09:38:28,17.24,0.0,4,6896,买盘
35,09:38:42,17.24,0.0,1,1724,买盘
36,09:39:06,17.24,0.0,1,1724,买盘
37,09:39:09,17.24,0.0,3,5172,买盘
38,09:39:40,17.24,0.0,6,10344,买盘
39,09:40:10,17.23,-0.01,9,15507,中性盘
40,09:40:28,17.23,0.0,8,13784,卖盘
41,09:40:43,17.23,0.0,2,3446,买盘
42,09:41:00,17.23,0.0,3,5169,买盘
43,09:41:04,17.22,-0.01,19,32725,卖盘
44,09:41:07,17.23,0.01,5,8613,买盘
45,09:41:10,17.23,0.0,1,1723,买盘
46,09:41:12,17.22,-0.01,5,8610,卖盘
47,09:41:15,17.22,0.0,7,12054,买盘
48,09:41:19,17.22,0.0,4,6888,买盘
49,09:41:22,17.22,0.0,12,20664,买盘
50,09:41:28,17.22,0.0,1,1722,买盘
51,09:41:34,17.22,0.0,27,46494,买盘
52,09:41:36,17.22,0.0,4,6888,买盘
53,09:41:39,17.22,0.0,4,6888,买盘
54,09:41:43,17.22,0.0,6,10332,买盘
55,09:41:46,17.22,0.0,2,3444,买盘
56,09:41:49,17.22,0.0,3,5166,买盘
57,09:41:52,17.22,0.0,2,3444,买盘
58,09:42:25,17.22,0.0,2,3444,买盘
59,09:42:31,17.22,0.0,2,3444,买盘
60,09:42:34,17.23,0.01,1,1723,买盘
61,09:42:37,17.22,-0.01,10,17220,卖盘
62,09:42:55,17.24,0.02,1,1724,买盘
63,09:43:01,17.24,0.0,1,1724,买盘
64,09:43:04,17.24,0.0,11,18964,买盘
65,09:44:12,17.25,0.01,2,3450,买盘
66,09:44:28,17.25,0.0,4,6900,买盘
67,09:45:04,17.25,0.0,3,5175,买盘
68,09:47:01,17.24,-0.01,1,1724,卖盘
69,09:47:34,17.24,0.0,5,8620,卖盘
70,09:47:46,17.24,0.0,14,24136,卖盘
71,09:48:22,17.24,0.0,4,6896,卖盘
72,09:48:31,17.22,-0.02,9,15498,卖盘
73,09:48:49,17.22,0.0,1,1722,买盘
74,09:48:52,17.22,0.0,2,3444,卖盘
75,09:49:00,17.25,0.03,31,53457,买盘
76,09:49:07,17.26,0.01,71,122482,买盘
77,09:49:10,17.26,0.0,5,8630,卖盘
78,09:49:13,17.29,0.03,100,172824,买盘
79,09:49:25,17.29,0.0,1,1729,买盘
80,09:49:31,17.3,0.01,50,86477,买盘
81,09:50:01,17.3,0.0,2,3460,买盘
82,09:51:34,17.28,-0.02,14,24192,卖盘
83,09:51:40,17.27,-0.01,1,1727,卖盘
84,09:51:55,17.27,0.0,4,6908,卖盘
85,09:52:04,17.26,-0.01,6,10356,卖盘
86,09:52:09,17.26,0.0,3,5178,买盘
87,09:52:13,17.26,0.0,2,3452,买盘
88,09:52:22,17.26,0.0,1,1726,买盘
89,09:52:28,17.28,0.02,32,56817,买盘
90,09:52:30,17.28,0.0,5,8640,卖盘
91,09:52:39,17.29,0.01,1,1729,买盘
92,09:52:49,17.29,0.0,1,1729,买盘
93,09:52:52,17.28,-0.01,14,22637,卖盘
94,09:53:13,17.27,-0.01,1,1727,买盘
95,09:53:22,17.25,-0.02,1,1725,卖盘
96,09:53:34,17.27,0.02,50,86325,买盘
97,09:53:46,17.27,0.0,1,1727,买盘
98,09:53:54,17.25,-0.02,1,1725,卖盘
99,09:53:58,17.27,0.02,6,10362,买盘
100,09:54:34,17.27,0.0,1,1727,卖盘
101,09:54:37,17.27,0.0,34,58718,卖盘
102,09:55:00,17.25,-0.02,1,1725,卖盘
103,09:55:16,17.26,0.01,1,1726,中性盘
104,09:55:36,17.25,-0.01,6,10350,卖盘
105,09:55:55,17.28,0.03,32,56821,买盘
106,09:56:36,17.28,0.0,9,15552,卖盘
107,09:56:42,17.28,0.0,1,1728,卖盘
108,09:57:07,17.29,0.01,4,6916,买盘
109,09:57:19,17.29,0.0,3,5187,买盘
110,09:58:19,17.28,-0.01,1,1728,卖盘
111,09:59:16,17.29,0.01,1,1729,买盘
112,09:59:19,17.29,0.0,1,1729,买盘
113,09:59:25,17.29,0.0,6,10374,买盘
114,09:59:31,17.29,0.0,5,8645,买盘
115,09:59:37,17.29,0.0,1,1729,买盘
116,09:59:46,17.29,0.0,5,8645,买盘
117,10:00:00,17.29,0.0,1,1729,卖盘
118,10:00:04,17.29,0.0,11,19019,卖盘
119,10:00:43,17.29,0.0,2,3458,买盘
120,10:01:01,17.29,0.0,4,6916,买盘
121,10:01:06,17.29,0.0,10,17290,买盘
122,10:01:40,17.3,0.01,4,6919,买盘
123,10:02:01,17.3,0.0,2,3460,买盘
124,10:02:06,17.3,0.0,1,1730,买盘
125,10:02:09,17.3,0.0,6,10380,买盘
126,10:02:13,17.3,0.0,5,8650,买盘
127,10:02:16,17.3,0.0,12,20760,买盘
128,10:02:19,17.3,0.0,6,10380,买盘
129,10:02:37,17.3,0.0,19,32870,买盘
130,10:03:22,17.29,-0.01,1,1729,卖盘
131,10:03:31,17.29,0.0,27,46683,卖盘
132,10:04:10,17.28,-0.01,42,71021,卖盘
133,10:05:01,17.27,-0.01,1,1727,卖盘
134,10:05:10,17.27,0.0,50,86350,卖盘
135,10:05:19,17.27,0.0,5,8635,卖盘
136,10:06:27,17.29,0.02,2,3458,买盘
137,10:06:58,17.3,0.01,50,86491,买盘
138,10:07:19,17.3,0.0,25,43244,买盘
139,10:07:22,17.3,0.0,1,1730,卖盘
140,10:07:25,17.3,0.0,6,10380,卖盘
141,10:07:57,17.31,0.01,33,57123,买盘
142,10:08:18,17.34,0.03,67,116158,买盘
143,10:08:25,17.31,-0.03,49,84906,卖盘
144,10:08:30,17.35,0.04,2,3466,买盘
145,10:08:39,17.3,-0.05,4,6920,卖盘
146,10:08:43,17.35,0.05,3,5205,买盘
147,10:09:25,17.35,0.0,1,1735,买盘
148,10:09:58,17.35,0.0,1,1735,买盘
149,10:10:09,17.35,0.0,2,3470,买盘
150,10:10:19,17.35,0.0,5,8675,买盘
151,10:10:31,17.35,0.0,2,3470,买盘
152,10:10:34,17.34,-0.01,30,52020,中性盘
153,10:10:37,17.34,0.0,2,3468,买盘
154,10:10:46,17.33,-0.01,1,1733,卖盘
155,10:11:06,17.33,0.0,4,6932,卖盘
156,10:12:04,17.32,-0.01,1,1732,卖盘
157,10:13:04,17.31,-0.01,5,8655,卖盘
158,10:14:22,17.31,0.0,3,5193,卖盘
159,10:15:55,17.3,-0.01,6,10380,卖盘
160,10:16:10,17.27,-0.03,29,50107,卖盘
161,10:16:13,17.27,0.0,1,1727,买盘
162,10:16:16,17.27,0.0,1,1727,买盘
163,10:16:19,17.27,0.0,1,1727,买盘
164,10:16:22,17.27,0.0,1,1727,买盘
165,10:16:24,17.27,0.0,7,12089,买盘
166,10:16:40,17.3,0.03,3,5190,买盘
167,10:17:06,17.28,-0.02,1,1728,卖盘
168,10:17:24,17.26,-0.02,25,43156,卖盘
169,10:17:58,17.3,0.04,1,1730,买盘
170,10:20:18,17.3,0.0,2,3460,买盘
171,10:20:39,17.3,0.0,4,6920,买盘
172,10:22:01,17.27,-0.03,10,17270,卖盘
173,10:22:55,17.27,0.0,3,5181,卖盘
174,10:23:01,17.3,0.03,5,8650,买盘
175,10:24:15,17.27,-0.03,3,5181,卖盘
176,10:24:52,17.3,0.03,1,1730,买盘
177,10:27:22,17.28,-0.02,2,3456,卖盘
178,10:27:37,17.3,0.02,3,5190,买盘
179,10:27:39,17.3,0.0,1,1730,买盘
180,10:27:51,17.28,-0.02,9,15552,卖盘
181,10:29:09,17.27,-0.01,3,5181,卖盘
182,10:29:16,17.27,0.0,5,8635,卖盘
183,10:29:36,17.27,0.0,5,8635,买盘
184,10:30:09,17.28,0.01,1,1728,买盘
185,10:30:19,17.26,-0.02,15,25892,卖盘
186,10:30:25,17.28,0.02,1,1728,买盘
187,10:31:07,17.28,0.0,1,1728,买盘
188,10:31:37,17.27,-0.01,3,5181,卖盘
189,10:31:40,17.28,0.01,22,38016,买盘
190,10:31:46,17.28,0.0,20,34560,买盘
191,10:32:42,17.28,0.0,1,1728,买盘
192,10:32:46,17.28,0.0,12,20736,买盘
193,10:32:49,17.3,0.02,11,19010,买盘
194,10:33:33,17.3,0.0,20,34600,买盘
195,10:34:04,17.27,-0.03,5,8635,卖盘
196,10:34:24,17.25,-0.02,40,69021,卖盘
197,10:34:27,17.25,0.0,5,8625,卖盘
198,10:35:42,17.24,-0.01,10,17241,卖盘
199,10:35:51,17.23,-0.01,33,56870,卖盘
200,10:35:55,17.23,0.0,1,1723,买盘
201,10:35:57,17.23,0.0,1,1723,买盘
202,10:36:00,17.23,0.0,1,1723,买盘
203,10:36:04,17.23,0.0,1,1723,买盘
204,10:36:06,17.23,0.0,1,1723,买盘
205,10:36:15,17.22,-0.01,25,43050,卖盘
206,10:37:58,17.22,0.0,5,8611,卖盘
207,10:38:18,17.26,0.04,26,44796,买盘
208,10:38:22,17.21,-0.05,30,51636,卖盘
209,10:38:25,17.21,0.0,10,17210,卖盘
210,10:38:34,17.21,0.0,10,17210,卖盘
211,10:38:37,17.21,0.0,22,37869,卖盘
212,10:38:52,17.21,0.0,10,17210,卖盘
213,10:39:25,17.26,0.05,10,17260,买盘
214,10:39:28,17.21,-0.05,5,8605,卖盘
215,10:39:34,17.21,0.0,12,20652,卖盘
216,10:41:58,17.26,0.05,1,1726,买盘
217,10:42:04,17.26,0.0,1,1726,买盘
218,10:42:10,17.23,-0.03,46,79283,卖盘
219,10:42:13,17.26,0.03,9,15522,买盘
220,10:42:28,17.26,0.0,6,10356,买盘
221,10:42:46,17.28,0.02,7,12084,买盘
222,10:43:57,17.28,0.0,10,17280,卖盘
223,10:44:04,17.27,-0.01,26,44915,卖盘
224,10:44:34,17.29,0.02,4,6916,买盘
225,10:44:55,17.29,0.0,5,8645,买盘
226,10:47:21,17.29,0.0,4,6916,买盘
227,10:49:27,17.29,0.0,2,3458,买盘
228,10:51:39,17.28,-0.01,10,17280,卖盘
229,10:51:52,17.29,0.01,21,36286,买盘
230,10:52:16,17.26,-0.03,20,34538,卖盘
231,10:52:21,17.26,0.0,10,17260,卖盘
232,10:54:28,17.25,-0.01,20,34510,卖盘
233,10:55:07,17.28,0.03,1,1728,买盘
234,10:55:16,17.24,-0.04,20,34499,卖盘
235,10:55:40,17.24,0.0,2,3448,卖盘
236,10:56:39,17.26,0.02,1,1726,买盘
237,10:56:46,17.26,0.0,1,1726,买盘
238,10:58:06,17.28,0.02,1,1728,买盘
239,10:59:31,17.27,-0.01,5,8635,卖盘
240,10:59:36,17.24,-0.03,20,34505,卖盘
241,10:59:40,17.24,0.0,10,17240,卖盘
242,11:00:01,17.22,-0.02,10,17230,卖盘
243,11:00:07,17.21,-0.01,20,34436,卖盘
244,11:03:04,17.23,0.02,2,3446,买盘
245,11:03:58,17.28,0.05,1,1728,买盘
246,11:04:51,17.23,-0.05,25,43075,卖盘
247,11:05:18,17.23,0.0,2,3446,卖盘
248,11:05:25,17.28,0.05,1,1728,买盘
249,11:05:31,17.24,-0.04,1,1724,卖盘
250,11:05:34,17.23,-0.01,1,1723,卖盘
251,11:05:37,17.23,0.0,1,1723,卖盘
252,11:05:40,17.23,0.0,1,1723,卖盘
253,11:05:43,17.23,0.0,1,1723,卖盘
254,11:05:46,17.23,0.0,1,1723,卖盘
255,11:05:58,17.25,0.02,1,1725,中性盘
256,11:06:01,17.23,-0.02,1,1723,卖盘
257,11:06:04,17.23,0.0,3,5169,卖盘
258,11:06:06,17.23,0.0,3,5169,卖盘
259,11:06:28,17.23,0.0,1,1723,卖盘
260,11:06:31,17.23,0.0,1,1723,卖盘
261,11:06:34,17.23,0.0,1,1723,卖盘
262,11:06:37,17.23,0.0,1,1723,卖盘
263,11:06:40,17.23,0.0,4,6892,卖盘
264,11:07:19,17.21,-0.02,30,51630,卖盘
265,11:07:43,17.23,0.02,1,1723,买盘
266,11:07:48,17.21,-0.02,2,3442,卖盘
267,11:07:51,17.23,0.02,22,37906,买盘
268,11:08:01,17.28,0.05,1,1728,买盘
269,11:10:40,17.28,0.0,10,17280,买盘
270,11:12:07,17.26,-0.02,3,5178,卖盘
271,11:13:49,17.24,-0.02,10,17240,卖盘
272,11:19:37,17.25,0.01,2,3450,卖盘
273,11:19:40,17.25,0.0,2,3450,卖盘
274,11:19:42,17.25,0.0,3,5175,卖盘
275,11:19:46,17.25,0.0,1,1725,卖盘
276,11:19:48,17.25,0.0,1,1725,卖盘
277,11:19:51,17.25,0.0,2,3450,卖盘
278,11:19:55,17.25,0.0,2,3450,卖盘
279,11:19:58,17.25,0.0,3,5175,卖盘
280,11:20:01,17.24,-0.01,6,10346,卖盘
281,11:20:04,17.24,0.0,7,12068,卖盘
282,11:20:06,17.24,0.0,4,6896,卖盘
283,11:20:10,17.24,0.0,6,10344,卖盘
284,11:20:13,17.24,0.0,6,10344,卖盘
285,11:20:16,17.24,0.0,5,8620,卖盘
286,11:20:19,17.24,0.0,7,12068,卖盘
287,11:20:22,17.24,0.0,4,6896,卖盘
288,11:20:24,17.24,0.0,3,5172,卖盘
289,11:20:28,17.24,0.0,3,5172,卖盘
290,11:20:31,17.24,0.0,10,17240,卖盘
291,11:20:34,17.24,0.0,3,5172,卖盘
292,11:20:37,17.24,0.0,6,10344,卖盘
293,11:20:40,17.24,0.0,8,13792,卖盘
294,11:20:43,17.24,0.0,2,3448,卖盘
295,11:21:28,17.24,0.0,2,3448,卖盘
296,11:21:34,17.24,0.0,1,1724,卖盘
297,11:21:58,17.24,0.01,6,10339,买盘
298,11:22:06,17.24,0.0,1,1724,买盘
299,11:22:25,17.23,-0.01,1,1723,卖盘
300,11:22:58,17.24,0.01,1,1724,买盘
301,11:23:01,17.24,0.0,1,1724,买盘
302,11:23:16,17.24,0.0,2,3448,卖盘
303,11:23:43,17.24,0.0,1,1724,买盘
304,11:23:46,17.24,0.0,1,1724,买盘
305,11:23:49,17.24,0.0,1,1724,买盘
306,11:24:01,17.26,0.02,1,1726,买盘
307,11:26:37,17.23,-0.03,11,18953,卖盘
308,11:26:55,17.23,0.0,8,13784,卖盘
309,11:28:00,17.27,0.04,1,1727,买盘
310,13:00:04,17.24,-0.03,13,22421,卖盘
311,13:00:06,17.24,0.0,1,1724,卖盘
312,13:00:48,17.27,0.03,1,1727,买盘
313,13:01:34,17.23,-0.04,100,172301,卖盘
314,13:01:45,17.27,0.04,3,5181,买盘
315,13:02:15,17.27,0.0,4,6908,买盘
316,13:02:37,17.27,0.0,2,3454,买盘
317,13:06:37,17.27,0.0,1,1727,买盘
318,13:06:43,17.25,-0.02,8,13802,卖盘
319,13:06:46,17.25,0.0,4,6900,买盘
320,13:08:15,17.26,0.01,1,1726,买盘
321,13:08:25,17.27,0.01,2,3454,买盘
322,13:08:39,17.26,-0.01,16,27616,卖盘
323,13:08:51,17.27,0.01,2,3454,买盘
324,13:09:43,17.26,-0.01,32,55232,卖盘
325,13:10:04,17.27,0.01,3,5181,买盘
326,13:10:31,17.27,0.0,3,5181,买盘
327,13:14:06,17.27,0.0,4,6908,买盘
328,13:17:07,17.26,-0.01,13,22438,卖盘
329,13:17:49,17.26,0.0,4,6904,买盘
330,13:17:58,17.26,0.0,3,5178,买盘
331,13:18:27,17.27,0.01,5,8635,买盘
332,13:20:37,17.23,-0.04,2,3446,卖盘
333,13:21:55,17.27,0.04,4,6908,买盘
334,13:22:04,17.27,0.0,1,1727,买盘
335,13:22:06,17.27,0.0,1,1727,买盘
336,13:22:25,17.27,0.0,1,1727,买盘
337,13:22:36,17.25,-0.02,2,3452,卖盘
338,13:22:40,17.27,0.02,1,1727,买盘
339,13:22:43,17.27,0.0,1,1727,买盘
340,13:22:46,17.27,0.0,2,3454,买盘
341,13:22:49,17.27,0.0,6,10362,买盘
342,13:22:52,17.27,0.0,2,3454,买盘
343,13:23:10,17.27,0.0,2,3454,买盘
344,13:23:16,17.27,0.0,1,1727,买盘
345,13:23:19,17.27,0.0,1,1727,买盘
346,13:23:22,17.27,0.0,2,3454,买盘
347,13:23:30,17.27,0.0,2,3454,买盘
348,13:23:33,17.27,0.0,3,5181,买盘
349,13:23:39,17.27,0.0,2,3454,买盘
350,13:23:43,17.27,0.0,3,5181,买盘
351,13:23:46,17.27,0.0,3,5181,买盘
352,13:23:49,17.27,0.0,5,8635,买盘
353,13:23:52,17.29,0.02,10,17280,买盘
354,13:23:55,17.29,0.0,8,13832,买盘
355,13:24:25,17.29,0.0,3,5187,买盘
356,13:24:28,17.29,0.0,3,5187,买盘
357,13:24:51,17.29,0.0,7,12103,买盘
358,13:24:55,17.29,0.0,4,6916,买盘
359,13:25:04,17.29,0.0,4,6916,买盘
360,13:25:07,17.29,0.0,12,20748,买盘
361,13:25:10,17.29,0.0,3,5187,卖盘
362,13:25:48,17.29,0.0,4,6916,买盘
363,13:25:58,17.29,0.0,2,3458,买盘
364,13:26:01,17.29,0.0,1,1729,买盘
365,13:26:04,17.3,0.01,2,3460,买盘
366,13:26:16,17.3,0.0,11,19030,买盘
367,13:26:36,17.29,-0.01,20,34580,卖盘
368,13:26:39,17.29,0.0,3,5187,买盘
369,13:26:43,17.29,0.0,10,17290,买盘
370,13:26:48,17.29,0.0,13,22477,买盘
371,13:26:51,17.29,0.0,16,27664,买盘
372,13:26:58,17.29,0.0,10,17290,买盘
373,13:27:00,17.29,0.0,4,6916,买盘
374,13:27:15,17.29,0.0,3,5187,买盘
375,13:27:22,17.29,0.0,11,19019,买盘
376,13:27:28,17.28,-0.01,3,5186,卖盘
377,13:28:22,17.29,0.01,8,13832,卖盘
378,13:28:31,17.29,0.0,4,6916,买盘
379,13:28:36,17.29,0.0,4,6916,买盘
380,13:28:42,17.29,0.0,22,38038,买盘
381,13:29:04,17.29,0.0,7,12103,买盘
382,13:29:19,17.29,0.0,7,12103,买盘
383,13:29:22,17.29,0.0,6,10374,买盘
384,13:29:25,17.29,0.0,6,10374,买盘
385,13:29:28,17.29,0.0,7,12103,买盘
386,13:29:33,17.29,0.0,22,38038,买盘
387,13:30:12,17.29,0.0,1,1729,卖盘
388,13:30:31,17.29,0.0,17,29393,卖盘
389,13:30:36,17.29,0.0,35,60515,卖盘
390,13:30:54,17.3,0.01,1,1730,买盘
391,13:31:03,17.3,0.0,6,10380,买盘
392,13:31:34,17.29,-0.01,1,1729,卖盘
393,13:31:43,17.29,0.0,1,1729,卖盘
394,13:31:45,17.29,0.0,74,127946,卖盘
395,13:31:49,17.29,0.0,7,12103,买盘
396,13:31:54,17.28,-0.01,8,13829,卖盘
397,13:32:12,17.29,0.01,25,43225,买盘
398,13:32:19,17.28,-0.01,1,1728,卖盘
399,13:32:28,17.28,0.0,8,13824,买盘
400,13:32:52,17.26,-0.02,5,8630,卖盘
401,13:33:06,17.26,0.0,7,12082,买盘
402,13:33:21,17.25,-0.01,1,1725,卖盘
403,13:33:31,17.25,0.0,1,1725,买盘
404,13:33:48,17.25,0.0,1,1725,买盘
405,13:33:54,17.24,-0.01,6,10344,卖盘
406,13:33:57,17.24,0.0,1,1724,买盘
407,13:34:07,17.24,0.0,2,3448,买盘
408,13:34:09,17.24,0.0,8,13792,买盘
409,13:37:04,17.26,0.02,1,1726,卖盘
410,13:37:19,17.26,0.0,1,1726,卖盘
411,13:38:07,17.26,0.0,2,3452,卖盘
412,13:39:30,17.27,0.01,3,5181,卖盘
413,13:41:12,17.27,0.0,1,1727,卖盘
414,13:41:21,17.27,0.0,1,1727,卖盘
415,13:41:28,17.27,0.0,1,1727,卖盘
416,13:41:37,17.28,0.01,2,3456,买盘
417,13:42:03,17.28,0.0,10,17280,买盘
418,13:42:21,17.29,0.01,1,1729,买盘
419,13:42:33,17.29,0.0,21,36309,买盘
420,13:43:33,17.29,0.0,17,29393,买盘
421,13:43:49,17.29,0.0,22,38038,买盘
422,13:44:25,17.29,0.0,6,10374,买盘
423,13:45:10,17.28,-0.01,1,1728,卖盘
424,13:45:16,17.28,0.0,4,6912,卖盘
425,13:46:33,17.28,0.0,1,1728,卖盘
426,13:46:49,17.28,0.0,2,3456,卖盘
427,13:46:55,17.27,-0.01,2,3454,卖盘
428,13:46:57,17.27,0.0,1,1727,买盘
429,13:47:19,17.26,-0.01,9,15534,卖盘
430,13:47:22,17.26,0.0,3,5178,买盘
431,13:47:49,17.24,-0.02,3,5172,卖盘
432,13:48:10,17.28,0.04,5,8640,买盘
433,13:49:01,17.29,0.01,8,13832,买盘
434,13:50:51,17.28,-0.01,1,1728,买盘
435,13:51:24,17.24,-0.04,5,8620,卖盘
436,13:52:04,17.26,0.02,1,1726,卖盘
437,13:52:18,17.26,0.0,1,1726,卖盘
438,13:53:09,17.24,-0.02,71,122404,卖盘
439,13:53:12,17.24,0.0,3,5172,买盘
440,13:53:27,17.24,0.0,2,3448,买盘
441,13:53:52,17.24,0.0,2,3448,买盘
442,13:54:06,17.23,-0.01,8,13784,卖盘
443,13:54:10,17.24,0.01,1,1724,买盘
444,13:54:30,17.23,-0.01,2,3446,卖盘
445,13:55:00,17.24,0.01,1,1724,买盘
446,13:55:25,17.24,0.0,2,3448,买盘
447,13:55:43,17.24,0.0,2,3448,买盘
448,13:55:57,17.24,0.0,1,1724,买盘
449,13:56:13,17.23,-0.01,1,1723,卖盘
450,13:56:22,17.23,0.0,5,8615,卖盘
451,13:56:28,17.24,0.01,2,3448,买盘
452,13:57:01,17.24,0.0,1,1724,买盘
453,13:58:48,17.24,0.0,1,1724,买盘
454,13:58:51,17.23,-0.01,30,51690,卖盘
455,13:59:03,17.24,0.01,1,1724,买盘
456,14:00:03,17.24,0.0,1,1724,买盘
457,14:01:54,17.23,-0.01,3,5169,卖盘
458,14:02:37,17.23,0.0,34,58582,卖盘
459,14:03:00,17.24,0.01,1,1724,买盘
460,14:03:06,17.24,0.0,6,10344,买盘
461,14:03:16,17.24,0.0,6,10344,买盘
462,14:04:57,17.28,0.04,1,1728,买盘
463,14:07:04,17.26,-0.02,1,1726,卖盘
464,14:07:19,17.26,0.0,1,1726,卖盘
465,14:07:58,17.26,0.0,23,39698,卖盘
466,14:08:30,17.28,0.02,1,1728,买盘
467,14:10:58,17.26,-0.02,2,3452,卖盘
468,14:11:13,17.25,-0.01,1,1725,卖盘
469,14:12:42,17.26,0.01,1,1726,买盘
470,14:14:13,17.26,0.0,10,17260,买盘
471,14:15:37,17.25,-0.01,12,20700,卖盘
472,14:16:58,17.26,0.01,1,1726,买盘
473,14:17:01,17.28,0.02,19,32796,买盘
474,14:18:18,17.28,0.0,10,17280,买盘
475,14:18:37,17.26,-0.02,2,3452,卖盘
476,14:18:58,17.28,0.02,63,108824,买盘
477,14:20:13,17.27,-0.01,1,1727,买盘
478,14:21:16,17.27,0.0,1,1727,买盘
479,14:21:22,17.25,-0.02,28,48300,卖盘
480,14:22:04,17.25,0.0,1,1725,卖盘
481,14:22:57,17.27,0.02,1,1727,买盘
482,14:25:34,17.27,0.0,1,1727,买盘
483,14:25:52,17.27,0.0,41,70807,买盘
484,14:26:01,17.27,0.0,15,25905,买盘
485,14:26:07,17.27,0.0,10,17270,买盘
486,14:26:55,17.27,0.0,14,24178,买盘
487,14:27:01,17.28,0.01,23,39728,买盘
488,14:27:13,17.28,0.0,3,5184,买盘
489,14:27:16,17.28,0.0,29,50112,买盘
490,14:27:19,17.28,0.0,23,39744,买盘
491,14:28:01,17.28,0.0,4,6912,买盘
492,14:28:54,17.27,-0.01,3,5181,卖盘
493,14:29:07,17.27,0.0,31,53538,卖盘
494,14:29:34,17.27,0.0,1,1727,卖盘
495,14:29:40,17.28,0.01,1,1728,买盘
496,14:30:31,17.28,0.0,31,53568,买盘
497,14:30:40,17.28,0.0,3,5184,买盘
498,14:30:49,17.27,-0.01,8,14680,卖盘
499,14:30:57,17.28,0.01,10,17280,买盘
500,14:31:04,17.28,0.0,1,1728,买盘
501,14:31:28,17.27,-0.01,38,64762,卖盘
502,14:31:31,17.27,0.0,1,2590,买盘
503,14:34:34,17.27,0.0,2,2590,卖盘
504,14:34:37,17.27,0.0,25,43175,买盘
505,14:34:49,17.27,0.0,11,19860,买盘
506,14:35:33,17.27,0.0,4,6044,卖盘
507,14:36:01,17.27,0.0,4,6908,买盘
508,14:36:27,17.27,0.0,22,38858,买盘
509,14:37:30,17.27,0.0,20,34540,卖盘
510,14:37:33,17.27,0.0,1,1727,卖盘
511,14:37:37,17.28,0.01,2,3456,买盘
512,14:38:31,17.28,0.0,1,1728,买盘
513,14:39:00,17.27,-0.01,1,1727,卖盘
514,14:39:13,17.27,0.0,5,7772,卖盘
515,14:39:25,17.26,-0.01,2,3452,卖盘
516,14:40:34,17.26,0.0,6,10356,卖盘
517,14:41:37,17.26,0.0,3,5178,买盘
518,14:43:04,17.25,-0.01,38,65550,卖盘
519,14:43:16,17.25,0.0,31,53475,买盘
520,14:43:19,17.25,0.0,1,1725,买盘
521,14:44:10,17.24,-0.01,19,32756,卖盘
522,14:44:37,17.25,0.01,10,18107,买盘
523,14:45:01,17.25,0.0,5,8625,买盘
524,14:45:42,17.24,-0.01,3,5172,卖盘
525,14:45:48,17.25,0.01,2,3450,买盘
526,14:47:01,17.24,-0.01,10,17240,卖盘
527,14:47:52,17.24,0.0,3,5172,卖盘
528,14:48:04,17.25,0.01,1,1725,买盘
529,14:49:19,17.25,0.0,4,6900,买盘
530,14:49:22,17.24,-0.01,2,2586,卖盘
531,14:49:37,17.24,0.0,3,6034,买盘
532,14:49:58,17.25,0.01,1,1725,买盘
533,14:50:10,17.25,0.0,6,10350,买盘
534,14:50:22,17.25,0.0,4,6900,买盘
535,14:50:58,17.24,-0.01,3,5172,卖盘
536,14:51:57,17.25,0.01,1,1725,买盘
537,14:52:10,17.24,-0.01,9,14654,卖盘
538,14:52:21,17.23,-0.01,1,1723,卖盘
539,14:52:37,17.23,0.0,1,1723,卖盘
540,14:53:00,17.24,0.01,2,3448,买盘
541,14:53:15,17.24,0.0,40,68960,买盘
542,14:53:19,17.24,0.0,2,3448,买盘
543,14:53:30,17.24,0.0,1,1724,买盘
544,14:53:34,17.24,0.0,5,8620,买盘
545,14:53:49,17.23,-0.01,14,24122,卖盘
546,14:54:00,17.24,0.01,1,1724,买盘
547,14:54:25,17.25,0.01,6,10005,买盘
548,14:54:37,17.25,0.0,5,8970,卖盘
549,14:56:13,17.25,0.0,3,4830,买盘
550,14:56:37,17.26,0.01,3,5178,买盘
551,14:56:40,17.26,0.0,2,3452,买盘
552,14:56:57,17.25,-0.01,2,3278,卖盘
553,14:57:00,17.26,0.01,1,1726,买盘
554,15:00:04,17.24,-0.02,16,27584,卖盘
