,time,price,change,volume,amount,type
0,09:25:05,7.8,0.0,37,28860,卖盘
1,09:30:04,7.8,0.0,3,2340,卖盘
2,09:30:07,7.8,0.0,193,150540,卖盘
3,09:30:10,7.8,0.0,35,27300,买盘
4,09:30:22,7.8,0.0,20,15592,买盘
5,09:30:31,7.8,0.0,1,780,买盘
6,09:30:34,7.65,-0.15,36,27777,卖盘
7,09:30:37,7.79,0.14,20,15580,买盘
8,09:30:40,7.77,-0.02,3,2331,卖盘
9,09:30:43,7.77,0.0,1,777,卖盘
10,09:30:49,7.77,0.0,1,777,买盘
11,09:30:52,7.79,0.02,20,15580,买盘
12,09:31:04,7.79,0.0,10,7790,买盘
13,09:31:07,7.8,0.01,20,15597,买盘
14,09:31:10,7.79,-0.01,1,779,买盘
15,09:31:22,7.79,0.0,22,17159,卖盘
16,09:31:34,7.79,0.0,11,8569,买盘
17,09:31:37,7.79,0.0,20,15580,买盘
18,09:31:40,7.79,0.0,1,779,买盘
19,09:31:52,7.79,0.0,20,15580,买盘
20,09:32:04,7.79,0.0,11,8569,买盘
21,09:32:07,7.79,0.0,20,15580,买盘
22,09:32:10,7.79,0.0,2,1558,买盘
23,09:32:22,7.79,0.0,43,33497,买盘
24,09:32:34,7.79,0.0,12,9348,买盘
25,09:32:37,7.8,0.01,21,16362,买盘
26,09:32:43,7.77,-0.03,16,12434,卖盘
27,09:32:52,7.8,0.03,20,15600,买盘
28,09:33:04,7.8,0.0,12,9360,买盘
29,09:33:07,7.8,0.0,20,15600,买盘
30,09:33:10,7.8,0.0,92,71760,买盘
31,09:33:16,7.81,0.01,1,781,买盘
32,09:33:19,7.81,0.0,3,2343,买盘
33,09:33:22,7.81,0.0,21,16401,买盘
34,09:33:25,7.81,0.0,11,8591,买盘
35,09:33:34,7.83,0.02,12,9396,买盘
36,09:33:37,7.83,0.0,21,16443,买盘
37,09:33:43,7.81,-0.02,6,4686,卖盘
38,09:33:52,7.83,0.02,21,16443,买盘
39,09:34:04,7.83,0.0,32,25056,买盘
40,09:34:07,7.82,-0.01,20,15640,买盘
41,09:34:16,7.82,0.0,10,7820,买盘
42,09:34:22,7.82,0.0,21,16422,买盘
43,09:34:25,7.82,0.0,7,5474,买盘
44,09:34:28,7.82,0.0,2,1564,买盘
45,09:34:31,7.81,-0.01,33,25774,卖盘
46,09:34:34,7.81,0.0,1,781,买盘
47,09:34:37,7.82,0.01,24,18750,买盘
48,09:34:43,7.83,0.01,1,783,买盘
49,09:34:49,7.83,0.0,1,783,买盘
50,09:34:52,7.83,0.0,21,16443,买盘
51,09:35:01,7.83,0.0,1,783,买盘
52,09:35:04,7.83,0.0,5,3915,买盘
53,09:35:07,7.84,0.01,20,15680,买盘
54,09:35:13,7.84,0.0,3,2352,买盘
55,09:35:19,7.84,0.0,3,2352,买盘
56,09:35:22,7.84,0.0,32,25088,买盘
57,09:35:28,7.86,0.02,85,66810,买盘
58,09:35:37,7.87,0.01,20,15740,买盘
59,09:35:46,7.86,-0.01,2,1572,卖盘
60,09:35:49,7.87,0.01,1,787,买盘
61,09:35:52,7.87,0.0,22,17314,买盘
62,09:36:04,7.86,-0.01,13,10218,卖盘
63,09:36:07,7.86,0.0,20,15720,买盘
64,09:36:10,7.85,-0.01,9,7065,卖盘
65,09:36:16,7.85,0.0,8,6280,卖盘
66,09:36:22,7.86,0.01,24,18860,买盘
67,09:36:31,7.85,-0.01,20,15700,卖盘
68,09:36:37,7.85,0.0,26,20430,卖盘
69,09:36:40,7.85,0.0,12,9420,卖盘
70,09:36:43,7.85,0.0,11,8635,卖盘
71,09:36:46,7.86,0.01,12,9421,买盘
72,09:36:49,7.85,-0.01,20,15700,卖盘
73,09:36:52,7.85,0.0,24,18860,卖盘
74,09:36:55,7.86,0.01,1,786,买盘
75,09:36:58,7.85,-0.01,53,41606,卖盘
76,09:37:07,7.85,0.0,21,16485,买盘
77,09:37:13,7.8,-0.05,12,9366,卖盘
78,09:37:22,7.82,0.02,26,20391,卖盘
79,09:37:25,7.82,0.0,1,782,买盘
80,09:37:37,7.85,0.03,20,15670,买盘
81,09:37:43,7.82,-0.03,2,1564,买盘
82,09:37:52,7.85,0.03,20,15700,买盘
83,09:38:07,7.86,0.01,21,16498,买盘
84,09:38:22,7.86,0.0,20,15717,买盘
85,09:38:25,7.85,-0.01,1,785,买盘
86,09:38:37,7.84,-0.01,23,18052,卖盘
87,09:38:46,7.82,-0.02,25,19575,卖盘
88,09:38:52,7.86,0.04,20,15715,买盘
89,09:39:07,7.87,0.01,32,25172,买盘
90,09:39:13,7.86,-0.01,9,7074,买盘
91,09:39:16,7.86,0.0,1,786,买盘
92,09:39:19,7.87,0.01,27,21249,买盘
93,09:39:22,7.87,0.0,46,36202,买盘
94,09:39:37,7.88,0.01,29,22813,买盘
95,09:39:49,7.87,-0.01,2,1574,买盘
96,09:39:52,7.88,0.01,20,15753,买盘
97,09:40:07,7.88,0.0,20,15760,买盘
98,09:40:18,7.88,0.0,1,788,买盘
99,09:40:22,7.89,0.01,21,16555,买盘
100,09:40:37,7.88,-0.01,34,26812,中性盘
101,09:40:52,7.89,0.01,20,15762,买盘
102,09:41:07,7.88,-0.01,20,15760,买盘
103,09:41:16,7.88,0.0,1,788,买盘
104,09:41:22,7.88,0.0,20,15760,买盘
105,09:41:31,7.88,0.0,10,7880,买盘
106,09:41:37,7.88,0.0,21,16538,买盘
107,09:41:46,7.88,0.0,1,788,买盘
108,09:41:49,7.87,-0.01,2,1574,中性盘
109,09:41:52,7.88,0.01,21,16535,买盘
110,09:42:01,7.88,0.0,40,31520,买盘
111,09:42:04,7.88,0.0,2,1576,卖盘
112,09:42:07,7.89,0.01,20,15780,买盘
113,09:42:10,7.89,0.0,7,5523,买盘
114,09:42:13,7.89,0.0,11,8688,中性盘
115,09:42:16,7.9,0.01,4,3160,买盘
116,09:42:19,7.9,0.0,20,15800,买盘
117,09:42:22,7.91,0.01,26,20560,买盘
118,09:42:37,7.91,0.0,23,18191,买盘
119,09:42:40,7.9,-0.01,1,790,卖盘
120,09:42:43,7.91,0.01,1,791,买盘
121,09:42:49,7.9,-0.01,3,2372,卖盘
122,09:42:52,7.9,0.0,20,15800,买盘
123,09:42:55,7.9,0.0,4,3160,买盘
124,09:43:01,7.9,0.0,3,2370,卖盘
125,09:43:07,7.89,-0.01,33,26071,卖盘
126,09:43:10,7.91,0.02,2,1582,买盘
127,09:43:13,7.9,-0.01,9,7110,中性盘
128,09:43:19,7.9,0.0,6,4740,买盘
129,09:43:22,7.91,0.01,21,16596,买盘
130,09:43:37,7.91,0.0,20,15820,买盘
131,09:43:40,7.9,-0.01,1,790,卖盘
132,09:43:52,7.91,0.01,22,17396,买盘
133,09:44:07,7.9,-0.01,20,15800,买盘
134,09:44:10,7.91,0.01,54,42688,买盘
135,09:44:22,7.92,0.01,20,15830,买盘
136,09:44:37,7.92,0.0,20,15826,买盘
137,09:44:43,7.92,0.0,38,30094,买盘
138,09:44:46,7.92,0.0,7,6178,卖盘
139,09:44:49,7.92,0.0,1,792,卖盘
140,09:44:52,7.93,0.01,24,19028,买盘
141,09:44:55,7.92,-0.01,24,19008,卖盘
142,09:44:58,7.92,0.0,4,2534,卖盘
143,09:45:01,7.92,0.0,5,3960,买盘
144,09:45:04,7.9,-0.02,13,10271,卖盘
145,09:45:07,7.9,0.0,23,18212,卖盘
146,09:45:16,7.91,0.01,3,2373,买盘
147,09:45:19,7.92,0.01,66,52208,买盘
148,09:45:22,7.92,0.0,22,17450,卖盘
149,09:45:34,7.92,0.0,2,1585,卖盘
150,09:45:36,7.94,0.02,20,15880,买盘
151,09:45:43,7.94,0.0,3,2378,买盘
152,09:45:52,7.94,0.0,20,15880,买盘
153,09:45:55,7.92,-0.02,35,27752,卖盘
154,09:46:01,7.93,0.01,1,793,中性盘
155,09:46:07,7.95,0.02,21,16692,买盘
156,09:46:10,7.92,-0.03,15,11885,卖盘
157,09:46:22,7.92,0.0,20,15840,买盘
158,09:46:28,7.91,-0.01,2,1583,卖盘
159,09:46:37,7.94,0.03,20,15865,买盘
160,09:46:52,7.93,-0.01,20,15860,中性盘
161,09:46:55,7.94,0.01,28,22224,买盘
162,09:47:01,7.92,-0.02,12,9512,卖盘
163,09:47:07,7.93,0.01,20,15860,买盘
164,09:47:10,7.93,0.0,10,7930,买盘
165,09:47:12,7.91,-0.02,20,15826,卖盘
166,09:47:15,7.93,0.02,1,793,买盘
167,09:47:22,7.94,0.01,21,16669,买盘
168,09:47:34,7.92,-0.02,2,1584,买盘
169,09:47:36,7.93,0.01,20,15860,买盘
170,09:47:52,7.93,0.0,21,16641,买盘
171,09:47:58,7.9,-0.03,33,26086,卖盘
172,09:48:04,7.89,-0.01,1,789,卖盘
173,09:48:07,7.93,0.04,20,15850,买盘
174,09:48:10,7.89,-0.04,2,1578,卖盘
175,09:48:12,7.93,0.04,14,11086,买盘
176,09:48:16,7.92,-0.01,1,792,中性盘
177,09:48:22,7.93,0.01,37,29315,买盘
178,09:48:25,7.89,-0.04,5,3945,卖盘
179,09:48:36,7.92,0.03,20,15831,买盘
180,09:48:52,7.92,0.0,20,15840,买盘
181,09:49:04,7.92,0.0,5,3960,买盘
182,09:49:07,7.93,0.01,20,15860,买盘
183,09:49:18,7.93,0.0,1,793,买盘
184,09:49:22,7.93,0.0,20,15860,买盘
185,09:49:37,7.93,0.0,23,18239,买盘
186,09:49:40,7.93,0.0,2,1586,买盘
187,09:49:52,7.93,0.0,20,15860,买盘
188,09:50:04,7.91,-0.02,1,791,卖盘
189,09:50:07,7.93,0.02,20,15857,买盘
190,09:50:13,7.91,-0.02,3,2374,卖盘
191,09:50:22,7.93,0.02,20,15845,买盘
192,09:50:37,7.93,0.0,22,17444,买盘
193,09:50:46,7.92,-0.01,6,4752,卖盘
194,09:50:49,7.93,0.01,2,1586,买盘
195,09:50:52,7.94,0.01,20,15868,买盘
196,09:50:55,7.93,-0.01,2,1586,卖盘
197,09:50:58,7.93,0.0,2,1586,卖盘
198,09:51:07,7.94,0.01,20,15880,买盘
199,09:51:19,7.93,-0.01,2,1586,卖盘
200,09:51:22,7.94,0.01,21,16674,买盘
201,09:51:27,7.93,-0.01,7,5551,卖盘
202,09:51:37,7.94,0.01,20,15880,买盘
203,09:51:40,7.93,-0.01,5,3965,卖盘
204,09:51:51,7.95,0.02,23,18248,买盘
205,09:52:07,7.95,0.0,20,15885,买盘
206,09:52:19,7.94,-0.01,1,794,买盘
207,09:52:22,7.95,0.01,20,15894,买盘
208,09:52:28,7.95,0.0,44,34980,买盘
209,09:52:37,7.96,0.01,20,15903,买盘
210,09:52:52,7.96,0.0,21,16716,买盘
211,09:52:55,7.97,0.01,178,141766,买盘
212,09:53:04,7.97,0.0,18,14359,卖盘
213,09:53:07,7.97,0.0,77,61394,卖盘
214,09:53:13,7.98,0.01,16,12768,买盘
215,09:53:22,7.97,-0.01,22,17554,卖盘
216,09:53:25,7.98,0.01,1,798,买盘
217,09:53:28,7.98,0.0,1,798,买盘
218,09:53:31,7.97,-0.01,26,20722,卖盘
219,09:53:34,7.98,0.01,52,41496,买盘
220,09:53:37,7.98,0.0,20,15960,买盘
221,09:53:40,7.98,0.0,17,13566,买盘
222,09:53:49,7.98,0.0,1,798,买盘
223,09:53:52,7.98,0.0,44,35086,买盘
224,09:54:01,7.98,0.0,20,15960,买盘
225,09:54:07,7.98,0.0,21,16748,买盘
226,09:54:19,7.98,0.0,1,798,买盘
227,09:54:22,7.98,0.0,20,15960,买盘
228,09:54:25,7.98,0.0,11,8778,买盘
229,09:54:37,7.97,-0.01,20,15940,买盘
230,09:54:43,7.97,0.0,48,38256,买盘
231,09:54:46,7.97,0.0,16,12752,卖盘
232,09:54:52,7.98,0.01,20,15960,买盘
233,09:54:55,7.97,-0.01,33,26301,卖盘
234,09:55:07,7.97,0.0,21,16737,买盘
235,09:55:22,7.97,0.0,20,15940,买盘
236,09:55:36,7.97,0.0,20,15940,买盘
237,09:55:39,7.94,-0.03,3,2385,卖盘
238,09:55:51,7.94,0.0,21,16674,买盘
239,09:55:55,7.93,-0.01,10,7930,卖盘
240,09:56:01,7.93,0.0,1,793,买盘
241,09:56:06,7.97,0.04,20,15914,买盘
242,09:56:22,7.97,0.0,21,16735,买盘
243,09:56:36,7.97,0.0,20,15940,买盘
244,09:56:42,7.97,0.0,45,35850,买盘
245,09:56:52,7.97,0.0,20,15940,买盘
246,09:56:57,7.97,0.0,1,797,买盘
247,09:57:04,7.95,-0.02,7,5565,卖盘
248,09:57:07,7.97,0.02,20,15918,买盘
249,09:57:15,7.94,-0.03,10,7940,卖盘
250,09:57:22,7.97,0.03,20,15940,买盘
251,09:57:28,7.94,-0.03,10,7941,卖盘
252,09:57:37,7.97,0.03,21,16737,买盘
253,09:57:52,7.97,0.0,20,15940,买盘
254,09:58:07,7.97,0.0,20,15940,买盘
255,09:58:13,7.97,0.0,5,3985,买盘
256,09:58:22,7.98,0.01,20,15943,买盘
257,09:58:37,7.98,0.0,21,16751,买盘
258,09:58:49,7.98,0.0,12,9576,买盘
259,09:58:52,7.98,0.0,20,15960,买盘
260,09:59:07,7.98,0.0,20,15957,买盘
261,09:59:13,7.98,0.0,81,64633,买盘
262,09:59:22,7.98,0.0,20,15955,买盘
263,09:59:37,7.98,0.0,20,15960,买盘
264,09:59:46,7.98,0.0,1,798,买盘
265,09:59:52,7.98,0.0,23,18354,买盘
266,09:59:58,7.98,0.0,48,38304,买盘
267,10:00:07,7.98,0.0,21,16757,买盘
268,10:00:13,7.98,0.0,7,5586,买盘
269,10:00:40,7.98,0.0,1,798,卖盘
270,10:01:10,7.98,0.0,13,10374,买盘
271,10:01:19,7.98,0.0,25,19950,买盘
272,10:01:24,7.99,0.01,26,20771,买盘
273,10:01:27,7.99,0.0,26,20764,买盘
274,10:01:46,7.99,0.0,1,799,买盘
275,10:01:49,7.97,-0.02,7,5579,卖盘
276,10:02:01,7.96,-0.01,15,11940,卖盘
277,10:02:31,7.94,-0.02,1,794,卖盘
278,10:03:16,7.93,-0.01,1,793,卖盘
279,10:03:31,7.93,0.0,10,7930,卖盘
280,10:03:34,7.94,0.01,1,794,买盘
281,10:03:40,7.94,0.0,1,794,买盘
282,10:03:43,7.94,0.0,1,794,买盘
283,10:03:58,7.94,0.0,11,8734,买盘
284,10:04:25,7.93,-0.01,2,1586,卖盘
285,10:04:37,7.93,0.0,10,7930,卖盘
286,10:04:52,7.94,0.01,250,198500,买盘
287,10:05:10,7.94,0.0,26,20644,买盘
288,10:05:15,7.94,0.0,20,15880,买盘
289,10:05:19,7.94,0.0,26,20644,买盘
290,10:05:25,7.94,0.0,12,9528,买盘
291,10:07:19,7.94,0.0,8,6352,买盘
292,10:08:21,7.93,-0.01,4,3172,卖盘
293,10:08:37,7.93,0.0,11,8723,卖盘
294,10:09:16,7.93,0.0,1,793,卖盘
295,10:09:43,7.94,0.01,182,144508,买盘
296,10:09:52,7.95,0.01,1,795,买盘
297,10:10:43,7.97,0.02,19,15143,买盘
298,10:10:55,7.97,0.0,16,12752,卖盘
299,10:11:49,7.95,-0.02,10,7950,卖盘
300,10:12:16,7.95,0.0,4,3180,买盘
301,10:12:42,7.95,0.0,18,14310,卖盘
302,10:12:51,7.95,0.0,1,795,买盘
303,10:13:09,7.95,0.0,4,3180,买盘
304,10:13:46,7.94,-0.01,5,3970,卖盘
305,10:13:49,7.95,0.01,23,18279,买盘
306,10:13:52,7.95,0.0,1,795,买盘
307,10:14:00,7.94,-0.01,11,8734,卖盘
308,10:14:49,7.93,-0.01,5,3965,卖盘
309,10:14:52,7.93,0.0,20,15860,卖盘
310,10:15:01,7.93,0.0,15,11895,卖盘
311,10:15:19,7.93,0.0,23,18239,买盘
312,10:16:19,7.93,0.0,1,793,买盘
313,10:16:34,7.92,-0.01,85,67378,卖盘
314,10:16:46,7.92,0.0,23,18216,买盘
315,10:17:33,7.92,0.0,2,1584,买盘
316,10:17:49,7.91,-0.01,2,1582,卖盘
317,10:17:52,7.91,0.0,35,27685,卖盘
318,10:18:07,7.91,0.0,2,1582,买盘
319,10:18:13,7.9,-0.01,31,24513,卖盘
320,10:18:27,7.91,0.01,11,8701,买盘
321,10:18:52,7.91,0.0,2,1582,买盘
322,10:18:57,7.91,0.0,37,29267,买盘
323,10:19:00,7.91,0.0,2,1582,买盘
324,10:19:03,7.9,-0.01,97,76630,卖盘
325,10:19:13,7.9,0.0,2,1580,买盘
326,10:19:18,7.9,0.0,2,1580,买盘
327,10:19:21,7.9,0.0,4,3160,买盘
328,10:19:31,7.9,0.0,4,3160,买盘
329,10:19:40,7.89,-0.01,48,37874,卖盘
330,10:19:51,7.89,0.0,22,17358,买盘
331,10:19:57,7.88,-0.01,26,20488,卖盘
332,10:20:07,7.87,-0.01,3,2361,卖盘
333,10:20:46,7.87,0.0,2,1574,买盘
334,10:20:58,7.87,0.0,1,787,买盘
335,10:21:04,7.87,0.0,2,1574,买盘
336,10:21:13,7.87,0.0,25,19675,买盘
337,10:21:19,7.87,0.0,4,3148,买盘
338,10:21:22,7.87,0.0,38,29906,买盘
339,10:21:27,7.87,0.0,2,1574,买盘
340,10:21:39,7.86,-0.01,25,19650,卖盘
341,10:21:46,7.86,0.0,21,16506,买盘
342,10:21:49,7.85,-0.01,202,158570,卖盘
343,10:21:52,7.85,0.0,13,10205,买盘
344,10:21:55,7.85,0.0,43,33755,买盘
345,10:21:58,7.86,0.01,2,1572,买盘
346,10:22:01,7.86,0.0,28,22008,买盘
347,10:22:04,7.86,0.0,13,10218,买盘
348,10:22:13,7.86,0.0,31,24366,买盘
349,10:22:18,7.86,0.0,1,786,买盘
350,10:22:28,7.86,0.0,120,94320,买盘
351,10:22:34,7.85,-0.01,28,21981,卖盘
352,10:22:40,7.85,0.0,11,8635,买盘
353,10:22:42,7.85,0.0,78,61230,买盘
354,10:23:04,7.88,0.03,5,3940,卖盘
355,10:23:42,7.9,0.02,14,11060,买盘
356,10:23:55,7.91,0.01,7,5537,买盘
357,10:24:01,7.91,0.0,3,2373,买盘
358,10:24:13,7.91,0.0,1,791,买盘
359,10:24:15,7.91,0.0,2,1582,买盘
360,10:24:22,7.92,0.01,3,2376,买盘
361,10:24:34,7.92,0.0,2,1584,买盘
362,10:24:52,7.92,0.0,1,792,买盘
363,10:24:58,7.91,-0.01,10,7910,卖盘
364,10:25:04,7.93,0.02,12,9516,买盘
365,10:25:46,7.93,0.0,23,18239,买盘
366,10:26:10,7.91,-0.02,12,9492,卖盘
367,10:27:16,7.91,0.0,8,6328,买盘
368,10:28:18,7.93,0.02,101,80093,买盘
369,10:28:49,7.94,0.01,23,18262,买盘
370,10:28:51,7.94,0.0,26,20644,买盘
371,10:30:16,7.94,0.0,23,18262,买盘
372,10:31:04,7.93,-0.01,14,11102,卖盘
373,10:31:46,7.94,0.01,23,18262,买盘
374,10:32:09,7.94,0.0,50,39700,买盘
375,10:32:25,7.95,0.01,4,3180,买盘
376,10:32:52,7.95,0.0,10,7957,卖盘
377,10:33:16,7.96,0.01,51,40596,卖盘
378,10:33:19,7.97,0.01,23,18331,买盘
379,10:33:27,7.96,-0.01,17,13532,卖盘
380,10:33:40,7.97,0.01,11,8762,买盘
381,10:34:43,7.96,-0.01,22,17512,买盘
382,10:37:45,7.95,-0.01,23,18285,买盘
383,10:37:48,7.93,-0.02,30,23790,卖盘
384,10:39:16,7.93,0.0,4,3172,买盘
385,10:40:45,7.94,0.01,8,6352,买盘
386,10:40:48,7.93,-0.01,29,23012,卖盘
387,10:42:04,7.94,0.01,7,5558,买盘
388,10:42:06,7.94,0.0,10,7940,买盘
389,10:42:10,7.94,0.0,24,19056,买盘
390,10:42:16,7.95,0.01,22,17490,买盘
391,10:43:25,7.94,-0.01,24,19056,卖盘
392,10:43:45,7.94,0.0,19,15086,买盘
393,10:45:03,7.93,-0.01,51,40443,卖盘
394,10:45:15,7.94,0.01,4,3176,买盘
395,10:46:40,7.93,-0.01,4,3172,买盘
396,10:46:45,7.93,0.0,1,793,买盘
397,10:46:49,7.93,0.0,1,793,买盘
398,10:48:40,7.93,0.0,3,2379,买盘
399,10:53:21,7.92,-0.01,9,7128,卖盘
400,10:55:28,7.91,-0.01,58,45878,卖盘
401,10:55:40,7.9,-0.01,50,39500,卖盘
402,10:56:13,7.91,0.01,2,1582,买盘
403,10:56:31,7.91,0.0,2,1582,买盘
404,10:58:04,7.91,0.0,2,1582,买盘
405,10:59:48,7.9,-0.01,19,15010,卖盘
406,10:59:55,7.9,0.0,37,29230,卖盘
407,11:00:31,7.9,0.0,15,11850,卖盘
408,11:00:40,7.9,0.0,100,79000,卖盘
409,11:00:49,7.89,-0.01,12,9468,卖盘
410,11:00:55,7.89,0.0,3,2367,卖盘
411,11:01:10,7.88,-0.01,27,21281,卖盘
412,11:01:13,7.87,-0.01,8,6302,卖盘
413,11:01:19,7.87,0.0,11,8657,卖盘
414,11:03:25,7.89,0.02,2,1578,卖盘
415,11:03:58,7.88,-0.01,10,7880,卖盘
416,11:04:04,7.88,0.0,10,7880,卖盘
417,11:04:10,7.88,0.0,2,1576,卖盘
418,11:05:16,7.88,0.0,10,7880,卖盘
419,11:05:22,7.88,0.0,1,788,卖盘
420,11:05:28,7.88,0.0,7,5516,卖盘
421,11:05:34,7.87,-0.01,23,18101,卖盘
422,11:05:43,7.87,0.0,1,787,卖盘
423,11:05:46,7.87,0.0,2,1575,卖盘
424,11:05:55,7.87,0.0,10,7870,卖盘
425,11:06:22,7.86,-0.01,20,15724,卖盘
426,11:07:46,7.87,0.01,15,11805,卖盘
427,11:07:58,7.87,0.0,27,21249,卖盘
428,11:09:39,7.87,0.0,4,3148,买盘
429,11:10:25,7.86,-0.01,10,7860,卖盘
430,11:10:46,7.87,0.01,1,787,买盘
431,11:11:09,7.87,0.0,2,1574,买盘
432,11:11:34,7.87,0.0,30,23610,买盘
433,11:11:37,7.87,0.0,2,1574,买盘
434,11:11:43,7.87,0.0,34,26758,买盘
435,11:12:07,7.88,0.01,2,1576,买盘
436,11:13:04,7.87,-0.01,40,31499,卖盘
437,11:13:31,7.87,0.0,13,10231,卖盘
438,11:13:40,7.87,0.0,2,1574,卖盘
439,11:15:16,7.86,-0.01,10,7860,卖盘
440,11:16:13,7.86,0.0,2,1572,卖盘
441,11:17:42,7.86,0.0,7,5502,卖盘
442,11:18:46,7.86,0.0,4,3144,卖盘
443,11:19:46,7.86,0.0,1,472,买盘
444,11:20:31,7.85,-0.01,12,9420,卖盘
445,11:20:48,7.83,-0.02,4,3132,卖盘
446,11:21:04,7.8,-0.03,100,78059,卖盘
447,11:21:19,7.79,-0.01,3,2337,卖盘
448,11:21:31,7.8,0.01,16,12480,买盘
449,11:21:40,7.79,-0.01,6,4674,卖盘
450,11:21:43,7.79,0.0,1,779,买盘
451,11:21:46,7.79,0.0,8,6232,买盘
452,11:21:49,7.79,0.0,8,6217,买盘
453,11:21:52,7.79,0.0,30,23370,买盘
454,11:21:58,7.8,0.01,11,8580,买盘
455,11:22:07,7.8,0.0,19,14793,买盘
456,11:22:10,7.8,0.0,2,1560,买盘
457,11:22:19,7.8,0.0,2,1560,买盘
458,11:22:25,7.8,0.0,2,1560,买盘
459,11:22:30,7.8,0.0,194,151320,买盘
460,11:22:34,7.8,0.0,9,7020,买盘
461,11:22:43,7.79,-0.01,6,4676,卖盘
462,11:22:52,7.8,0.01,10,7800,买盘
463,11:22:55,7.8,0.0,3,2340,买盘
464,11:22:58,7.8,0.0,30,23400,买盘
465,11:23:16,7.8,0.0,10,7800,买盘
466,11:23:22,7.8,0.0,2,1560,买盘
467,11:23:33,7.8,0.0,2,1560,买盘
468,11:23:43,7.79,-0.01,34,26516,卖盘
469,11:23:49,7.8,0.01,16,12480,买盘
470,11:23:52,7.8,0.0,2,1560,买盘
471,11:23:55,7.8,0.0,4,3120,买盘
472,11:24:04,7.8,0.0,1,780,买盘
473,11:24:07,7.8,0.0,40,31200,买盘
474,11:24:12,7.79,-0.01,5,3895,卖盘
475,11:24:16,7.8,0.01,30,23400,买盘
476,11:25:13,7.81,0.01,4,3124,卖盘
477,11:26:16,7.81,0.0,5,3905,卖盘
478,11:26:45,7.83,0.02,2,1566,买盘
479,11:27:13,7.81,-0.02,5,3905,卖盘
480,11:27:31,7.81,0.0,4,3124,卖盘
481,11:28:34,7.8,-0.01,13,10140,卖盘
482,11:29:22,7.8,0.0,13,10452,卖盘
483,13:01:57,7.81,0.01,8,6248,卖盘
484,13:03:46,7.81,0.0,1,781,买盘
485,13:04:21,7.8,-0.01,30,23400,卖盘
486,13:05:36,7.8,0.0,10,7800,卖盘
487,13:06:15,7.8,0.0,24,18408,卖盘
488,13:07:04,7.79,-0.01,55,42845,卖盘
489,13:07:40,7.78,-0.01,16,12448,卖盘
490,13:07:46,7.78,0.0,1,778,买盘
491,13:09:19,7.78,0.0,5,3890,卖盘
492,13:09:52,7.8,0.02,15,11700,买盘
493,13:10:25,7.78,-0.02,5,3890,卖盘
494,13:10:52,7.78,0.0,20,15560,卖盘
495,13:11:07,7.78,0.0,3,2334,卖盘
496,13:11:10,7.78,0.0,4,3112,买盘
497,13:11:22,7.78,0.0,6,4668,卖盘
498,13:12:18,7.78,0.0,7,5446,卖盘
499,13:13:22,7.78,0.0,5,3890,卖盘
500,13:13:37,7.79,0.01,1,779,买盘
501,13:14:00,7.79,0.0,10,7790,卖盘
502,13:14:22,7.79,0.0,5,3895,卖盘
503,13:14:52,7.79,0.0,17,13243,卖盘
504,13:15:12,7.78,-0.01,63,49014,卖盘
505,13:15:22,7.77,-0.01,3,2331,卖盘
506,13:15:25,7.77,0.0,5,3885,卖盘
507,13:15:28,7.77,0.0,2,1554,卖盘
508,13:16:22,7.76,-0.01,5,3880,卖盘
509,13:16:28,7.76,0.0,4,3104,卖盘
510,13:16:34,7.76,0.0,13,10088,买盘
511,13:16:37,7.76,0.0,1,776,买盘
512,13:16:39,7.76,0.0,2,1552,买盘
513,13:16:58,7.76,0.0,30,23280,卖盘
514,13:17:04,7.77,0.01,3,2331,买盘
515,13:17:10,7.77,0.0,1,777,买盘
516,13:17:19,7.77,0.0,7,5427,买盘
517,13:18:10,7.77,0.0,1,777,买盘
518,13:18:25,7.77,0.0,5,3885,卖盘
519,13:18:45,7.79,0.02,9,7011,买盘
520,13:19:19,7.79,0.0,5,3895,卖盘
521,13:20:19,7.79,0.0,5,3895,卖盘
522,13:20:40,7.79,0.0,1,779,卖盘
523,13:21:22,7.78,-0.01,5,3890,卖盘
524,13:22:19,7.78,0.0,1,778,卖盘
525,13:22:40,7.79,0.01,9,7011,买盘
526,13:23:01,7.8,0.01,12,9360,买盘
527,13:23:30,7.8,0.0,34,26520,买盘
528,13:24:07,7.8,0.0,14,10920,买盘
529,13:24:09,7.8,0.0,5,3900,买盘
530,13:24:18,7.8,0.0,50,39000,买盘
531,13:24:22,7.8,0.0,1,780,买盘
532,13:24:31,7.8,0.0,5,3900,买盘
533,13:24:34,7.8,0.0,6,4680,买盘
534,13:24:40,7.85,0.05,34,26968,买盘
535,13:25:28,7.85,0.0,11,8635,卖盘
536,13:25:52,7.84,-0.01,1,784,买盘
537,13:25:55,7.84,0.0,9,7056,卖盘
538,13:28:49,7.84,0.0,81,63484,买盘
539,13:29:10,7.86,0.02,40,31420,买盘
540,13:30:33,7.86,0.0,20,15720,卖盘
541,13:30:40,7.86,0.0,51,40086,卖盘
542,13:32:31,7.81,-0.05,30,23435,卖盘
543,13:35:48,7.83,0.02,1,783,买盘
544,13:36:58,7.81,-0.02,1,781,卖盘
545,13:37:04,7.81,0.0,1,781,卖盘
546,13:37:06,7.81,0.0,1,781,卖盘
547,13:37:10,7.81,0.0,1,781,卖盘
548,13:37:13,7.81,0.0,1,781,卖盘
549,13:37:15,7.81,0.0,1,781,卖盘
550,13:37:19,7.81,0.0,1,781,卖盘
551,13:44:39,7.81,0.0,1,781,卖盘
552,13:45:07,7.81,0.0,4,3124,买盘
553,13:46:07,7.81,0.0,7,5467,卖盘
554,13:46:10,7.81,0.0,1,781,卖盘
555,13:46:13,7.81,0.0,1,781,卖盘
556,13:46:16,7.81,0.0,1,781,卖盘
557,13:46:19,7.81,0.0,1,781,卖盘
558,13:46:22,7.81,0.0,1,781,卖盘
559,13:46:25,7.81,0.0,16,12496,卖盘
560,13:46:30,7.8,-0.01,1,780,卖盘
561,13:46:33,7.8,0.0,1,780,卖盘
562,13:46:37,7.8,0.0,1,780,卖盘
563,13:46:40,7.8,0.0,1,780,卖盘
564,13:46:43,7.8,0.0,6,4680,卖盘
565,13:46:46,7.8,0.0,1,780,卖盘
566,13:46:49,7.8,0.0,1,780,卖盘
567,13:46:52,7.8,0.0,1,780,卖盘
568,13:46:55,7.8,0.0,1,780,卖盘
569,13:46:57,7.8,0.0,1,780,卖盘
570,13:47:10,7.79,-0.01,1,779,卖盘
571,13:49:52,7.79,0.0,20,15580,卖盘
572,13:49:55,7.78,-0.01,9,7006,卖盘
573,13:53:45,7.79,0.01,2,1558,买盘
574,13:55:31,7.82,0.03,5,3910,买盘
575,13:56:46,7.81,-0.01,1,781,卖盘
576,13:56:48,7.81,0.0,1,781,卖盘
577,13:56:52,7.81,0.0,4,3124,卖盘
578,13:56:55,7.81,0.0,3,2343,卖盘
579,13:56:58,7.81,0.0,4,3124,卖盘
580,13:57:01,7.81,0.0,7,5467,卖盘
581,13:57:04,7.81,0.0,2,1562,卖盘
582,13:57:06,7.81,0.0,3,2343,卖盘
583,13:57:09,7.81,0.0,35,27335,卖盘
584,13:57:19,7.8,-0.01,1,780,卖盘
585,14:01:37,7.81,0.01,1,781,买盘
586,14:01:40,7.81,0.0,1,781,买盘
587,14:01:52,7.81,0.0,1,781,买盘
588,14:01:55,7.81,0.0,2,1562,买盘
589,14:02:07,7.81,0.0,19,14839,买盘
590,14:02:28,7.82,0.01,10,7820,买盘
591,14:03:06,7.85,0.03,74,58088,买盘
592,14:03:16,7.85,0.0,4,3140,买盘
593,14:04:43,7.85,0.0,22,17270,卖盘
594,14:05:16,7.85,0.0,2,1570,卖盘
595,14:05:31,7.85,0.0,2,1570,卖盘
596,14:05:43,7.85,0.0,18,14130,卖盘
597,14:07:13,7.85,0.0,12,9420,卖盘
598,14:07:19,7.85,0.0,1,785,卖盘
599,14:07:22,7.85,0.0,12,9420,卖盘
600,14:11:46,7.86,0.01,4,3144,买盘
601,14:13:43,7.84,-0.02,18,14112,卖盘
602,14:14:04,7.85,0.01,21,16485,买盘
603,14:14:09,7.84,-0.01,20,15680,卖盘
604,14:16:22,7.84,0.0,2,1567,买盘
605,14:17:10,7.83,-0.01,10,7830,卖盘
606,14:18:46,7.84,0.01,82,64288,买盘
607,14:19:24,7.84,0.0,17,13328,买盘
608,14:19:31,7.84,0.0,19,14896,买盘
609,14:20:01,7.86,0.02,20,15720,买盘
610,14:20:18,7.87,0.01,31,24391,买盘
611,14:20:34,7.88,0.01,20,15760,买盘
612,14:20:43,7.88,0.0,4,3152,买盘
613,14:22:25,7.85,-0.03,2,1570,卖盘
614,14:24:22,7.86,0.01,7,5502,买盘
615,14:25:07,7.86,0.0,6,4716,卖盘
616,14:25:13,7.86,0.0,2,1572,买盘
617,14:25:55,7.87,0.01,21,16526,买盘
618,14:26:10,7.87,0.0,199,156613,卖盘
619,14:26:40,7.88,0.01,56,44128,买盘
620,14:26:46,7.88,0.0,56,44128,卖盘
621,14:26:52,7.89,0.01,70,55230,买盘
622,14:27:10,7.89,0.0,2,1578,卖盘
623,14:27:54,7.89,0.0,5,3945,卖盘
624,14:29:37,7.87,-0.02,1,787,卖盘
625,14:30:13,7.9,0.03,126,99488,买盘
626,14:30:25,7.9,0.0,341,269390,买盘
627,14:30:27,7.9,0.0,210,165900,买盘
628,14:30:34,7.9,0.0,32,25517,买盘
629,14:30:45,7.91,0.01,12,9492,买盘
630,14:30:52,7.9,-0.01,60,47400,卖盘
631,14:34:28,7.9,0.0,61,48190,买盘
632,14:34:31,7.91,0.01,87,68817,买盘
633,14:34:57,7.92,0.01,5,3960,买盘
634,14:35:22,7.92,0.0,5,3960,买盘
635,14:35:37,7.93,0.01,7,5551,买盘
636,14:35:45,7.92,-0.01,33,26136,卖盘
637,14:36:40,7.91,-0.01,10,7910,卖盘
638,14:38:25,7.9,-0.01,14,11060,卖盘
639,14:39:31,7.9,0.0,6,4740,买盘
640,14:40:19,7.9,0.0,10,7900,买盘
641,14:40:37,7.9,0.0,21,16590,卖盘
642,14:40:55,7.88,-0.02,7,5516,卖盘
643,14:41:22,7.88,0.0,2,1576,买盘
644,14:42:07,7.89,0.01,6,4734,买盘
645,14:42:46,7.89,0.0,5,3945,卖盘
646,14:42:52,7.9,0.01,20,15800,买盘
647,14:43:13,7.9,0.0,20,15800,买盘
648,14:43:19,7.9,0.0,1,790,买盘
649,14:43:30,7.89,-0.01,10,7890,卖盘
650,14:43:58,7.9,0.01,6,4740,买盘
651,14:44:42,7.91,0.01,18,14238,买盘
652,14:45:01,7.9,-0.01,8,6320,卖盘
653,14:45:04,7.9,0.0,2,1580,买盘
654,14:45:48,7.91,0.01,18,14238,买盘
655,14:46:34,7.91,0.0,3,2373,买盘
656,14:49:01,7.9,-0.01,18,14220,买盘
657,14:49:34,7.89,-0.01,70,55230,卖盘
658,14:51:01,7.89,0.0,20,15780,买盘
659,14:51:04,7.89,0.0,49,38661,卖盘
660,14:51:10,7.9,0.01,1,790,买盘
661,14:52:37,7.88,-0.02,26,20488,卖盘
662,14:52:49,7.9,0.02,11,8690,买盘
663,14:52:55,7.9,0.0,1,790,卖盘
664,14:53:01,7.9,0.0,1,790,卖盘
665,14:53:07,7.9,0.0,1,790,卖盘
666,14:53:10,7.87,-0.03,32,25202,卖盘
667,14:54:01,7.85,-0.02,68,53380,卖盘
668,14:55:28,7.84,-0.01,12,9408,卖盘
669,14:55:55,7.84,0.0,4,3136,卖盘
670,14:57:00,7.88,0.04,20,15760,买盘
671,15:00:04,7.82,-0.06,36,28152,卖盘
