,time,price,change,volume,amount,type
0,09:25:04,2.38,0.0,71,16898,卖盘
1,09:30:04,2.38,0.0,80,19040,卖盘
2,09:30:06,2.39,0.01,10,2390,买盘
3,09:30:15,2.38,-0.01,30,7140,卖盘
4,09:30:21,2.39,0.01,2,478,买盘
5,09:30:45,2.39,0.0,11,2629,买盘
6,09:30:48,2.39,0.0,21,5018,买盘
7,09:30:51,2.39,0.0,97,23183,买盘
8,09:31:13,2.4,0.01,8,1920,买盘
9,09:31:15,2.4,0.0,79,18960,买盘
10,09:31:21,2.4,0.0,67,16080,买盘
11,09:31:27,2.4,0.0,11,2640,买盘
12,09:31:30,2.4,0.0,7,1680,买盘
13,09:31:45,2.4,0.0,18,4320,买盘
14,09:31:51,2.4,0.0,90,21600,买盘
15,09:32:01,2.4,0.0,10,2400,买盘
16,09:32:16,2.4,0.0,78,18720,买盘
17,09:32:21,2.4,0.0,66,15840,买盘
18,09:32:24,2.4,0.0,2,480,买盘
19,09:32:34,2.4,0.0,20,4800,买盘
20,09:32:45,2.4,0.0,56,13440,买盘
21,09:32:52,2.4,0.0,56,13440,买盘
22,09:32:55,2.4,0.0,139,33360,买盘
23,09:32:57,2.4,0.0,12,2880,买盘
24,09:33:00,2.4,0.0,7,1680,买盘
25,09:33:04,2.4,0.0,50,12000,买盘
26,09:33:06,2.4,0.0,7,1680,买盘
27,09:33:10,2.4,0.0,13,3120,买盘
28,09:33:12,2.4,0.0,4,960,买盘
29,09:33:16,2.4,0.0,12,2880,买盘
30,09:33:19,2.4,0.0,2,480,买盘
31,09:33:21,2.4,0.0,4,960,买盘
32,09:33:24,2.4,0.0,1,240,买盘
33,09:33:27,2.4,0.0,1,240,买盘
34,09:33:30,2.4,0.0,1,240,买盘
35,09:33:33,2.4,0.0,10,2400,买盘
36,09:33:46,2.41,0.01,50,12050,买盘
37,09:33:49,2.4,-0.01,17,4080,卖盘
38,09:33:51,2.4,0.0,27,6480,买盘
39,09:34:16,2.4,0.0,23,5520,买盘
40,09:34:19,2.4,0.0,1,240,买盘
41,09:34:21,2.4,0.0,20,4800,买盘
42,09:34:30,2.4,0.0,15,3600,买盘
43,09:34:39,2.39,-0.01,1,239,卖盘
44,09:34:46,2.4,0.01,15,3600,买盘
45,09:34:51,2.4,0.0,51,12240,买盘
46,09:34:54,2.4,0.0,50,12000,买盘
47,09:35:04,2.39,-0.01,5,1195,卖盘
48,09:35:06,2.4,0.01,1,240,买盘
49,09:35:16,2.4,0.0,36,8640,买盘
50,09:35:21,2.4,0.0,142,33987,买盘
51,09:35:45,2.4,0.0,100,24000,买盘
52,09:35:51,2.4,0.0,100,24000,买盘
53,09:36:15,2.4,0.0,17,4080,买盘
54,09:36:21,2.4,0.0,20,4800,买盘
55,09:36:27,2.4,0.0,50,12000,买盘
56,09:36:45,2.4,0.0,8,1920,买盘
57,09:36:51,2.4,0.0,7,1680,买盘
58,09:37:06,2.39,-0.01,20,4780,卖盘
59,09:37:15,2.4,0.01,11,2640,买盘
60,09:37:21,2.4,0.0,74,17760,买盘
61,09:37:45,2.4,0.0,33,7905,买盘
62,09:37:49,2.39,-0.01,266,63574,卖盘
63,09:37:51,2.4,0.01,100,24000,买盘
64,09:38:09,2.38,-0.02,5,1190,卖盘
65,09:38:21,2.4,0.02,100,24000,买盘
66,09:38:36,2.38,-0.02,1,238,卖盘
67,09:38:39,2.4,0.02,8,1920,买盘
68,09:38:45,2.4,0.0,5,1200,买盘
69,09:38:48,2.38,-0.02,3,714,卖盘
70,09:38:51,2.4,0.02,100,24000,买盘
71,09:38:57,2.38,-0.02,1,238,卖盘
72,09:39:09,2.39,0.01,12,2868,买盘
73,09:39:21,2.39,0.0,6,1434,买盘
74,09:39:30,2.39,0.0,2,478,买盘
75,09:39:33,2.39,0.0,10,2387,买盘
76,09:39:49,2.39,0.0,4,956,买盘
77,09:39:51,2.39,0.0,3,717,买盘
78,09:40:19,2.39,0.0,20,4780,买盘
79,09:40:39,2.39,0.0,2,478,买盘
80,09:43:06,2.38,-0.01,1,238,卖盘
81,09:43:19,2.39,0.01,20,4780,买盘
82,09:43:24,2.39,0.0,2,478,买盘
83,09:43:39,2.39,0.0,2,478,买盘
84,09:43:42,2.38,-0.01,1,238,卖盘
85,09:44:04,2.39,0.01,4,956,买盘
86,09:44:09,2.39,0.0,4,956,买盘
87,09:44:39,2.39,0.0,9,2151,买盘
88,09:45:25,2.39,0.0,1,239,买盘
89,09:45:27,2.39,0.0,1,239,买盘
90,09:45:30,2.38,-0.01,101,24138,卖盘
91,09:45:33,2.39,0.01,3,717,买盘
92,09:45:37,2.39,0.0,1,239,买盘
93,09:45:39,2.39,0.0,1,239,买盘
94,09:45:42,2.39,0.0,2,478,买盘
95,09:45:45,2.4,0.01,101,24198,买盘
96,09:45:54,2.38,-0.02,909,216342,卖盘
97,09:46:00,2.4,0.02,101,24135,买盘
98,09:46:15,2.4,0.0,100,23983,买盘
99,09:46:30,2.4,0.0,100,24000,买盘
100,09:46:36,2.39,-0.01,6,1434,中性盘
101,09:46:45,2.4,0.01,100,24000,买盘
102,09:47:00,2.4,0.0,100,24000,买盘
103,09:47:15,2.4,0.0,100,24000,买盘
104,09:47:18,2.38,-0.02,1000,238000,卖盘
105,09:47:30,2.4,0.02,100,23984,买盘
106,09:47:45,2.4,0.0,100,24000,买盘
107,09:48:25,2.4,0.0,1,240,买盘
108,09:49:03,2.4,0.0,100,23999,买盘
109,09:49:18,2.4,0.0,60,14400,买盘
110,09:50:30,2.38,-0.02,470,111860,卖盘
111,09:50:51,2.38,0.0,530,126211,卖盘
112,09:53:01,2.39,0.01,187,44693,买盘
113,09:53:15,2.4,0.01,21,5040,买盘
114,09:53:54,2.39,-0.01,113,27007,卖盘
115,09:57:46,2.38,-0.01,193,45934,卖盘
116,09:59:15,2.39,0.01,3,717,买盘
117,09:59:27,2.38,-0.01,6,1428,卖盘
118,10:01:27,2.39,0.01,30,7170,买盘
119,10:01:33,2.39,0.0,14,3346,买盘
120,10:02:06,2.38,-0.01,11,2618,卖盘
121,10:02:12,2.39,0.01,8,1912,买盘
122,10:03:24,2.39,0.0,2,478,买盘
123,10:03:27,2.39,0.0,2,478,买盘
124,10:03:30,2.39,0.0,2,478,买盘
125,10:03:33,2.39,0.0,1,239,买盘
126,10:03:36,2.39,0.0,1,239,买盘
127,10:03:39,2.39,0.0,1,239,买盘
128,10:03:42,2.39,0.0,1,239,买盘
129,10:03:46,2.39,0.0,1,239,买盘
130,10:03:48,2.39,0.0,1,239,买盘
131,10:03:51,2.39,0.0,1,239,买盘
132,10:03:54,2.39,0.0,10,2390,买盘
133,10:05:15,2.38,-0.01,56,13328,卖盘
134,10:05:27,2.38,0.0,1,238,卖盘
135,10:05:37,2.39,0.01,112,26768,买盘
136,10:05:40,2.39,0.0,3,717,买盘
137,10:05:45,2.39,0.0,1,239,买盘
138,10:05:48,2.39,0.0,3,717,买盘
139,10:06:00,2.39,0.0,2,478,买盘
140,10:06:03,2.39,0.0,79,18881,买盘
141,10:06:06,2.39,0.0,4,956,买盘
142,10:06:09,2.39,0.0,32,7648,买盘
143,10:07:09,2.4,0.01,2,480,买盘
144,10:07:36,2.4,0.0,91,21840,买盘
145,10:07:42,2.4,0.0,93,22320,买盘
146,10:08:03,2.4,0.0,23,5520,买盘
147,10:08:48,2.4,0.0,20,4800,买盘
148,10:08:55,2.39,-0.01,10,2390,卖盘
149,10:14:57,2.39,0.0,40,9560,卖盘
150,10:15:42,2.39,0.0,1,239,卖盘
151,10:18:45,2.39,0.0,4,956,卖盘
152,10:19:33,2.39,0.0,948,226572,卖盘
153,10:20:27,2.38,-0.01,2000,476000,卖盘
154,10:21:15,2.39,0.01,38,9082,买盘
155,10:21:42,2.38,-0.01,2,476,卖盘
156,10:22:09,2.38,0.0,1,238,卖盘
157,10:22:21,2.38,0.0,10,2380,卖盘
158,10:22:48,2.38,0.0,8,1904,卖盘
159,10:23:25,2.38,0.0,272,64665,卖盘
160,10:23:33,2.38,0.0,1,238,买盘
161,10:23:36,2.38,0.0,1,238,买盘
162,10:23:39,2.38,0.0,1,238,买盘
163,10:23:42,2.38,0.0,2,476,买盘
164,10:23:45,2.38,0.0,2,476,买盘
165,10:23:48,2.38,0.0,2,476,买盘
166,10:23:51,2.38,0.0,2,476,买盘
167,10:23:54,2.38,0.0,2,476,买盘
168,10:23:57,2.38,0.0,2,476,买盘
169,10:24:00,2.38,0.0,2,476,买盘
170,10:24:04,2.38,0.0,2,476,买盘
171,10:24:06,2.38,0.0,2,476,买盘
172,10:24:09,2.38,0.0,5,1190,买盘
173,10:24:12,2.38,0.0,2,476,买盘
174,10:24:15,2.38,0.0,2,476,买盘
175,10:24:18,2.38,0.0,2,476,买盘
176,10:24:21,2.38,0.0,2,476,买盘
177,10:24:54,2.38,0.0,15,3570,买盘
178,10:25:00,2.38,0.0,2,476,买盘
179,10:25:04,2.38,0.0,2,476,买盘
180,10:25:06,2.38,0.0,10,2380,买盘
181,10:25:09,2.37,-0.01,7,1659,卖盘
182,10:25:57,2.37,0.0,2,474,卖盘
183,10:26:00,2.37,0.0,3,711,卖盘
184,10:26:04,2.38,0.01,1,238,买盘
185,10:26:12,2.37,-0.01,12,2844,卖盘
186,10:26:25,2.38,0.01,10,2380,买盘
187,10:27:10,2.38,0.0,24,5783,买盘
188,10:28:18,2.38,0.0,4,952,卖盘
189,10:28:21,2.38,0.0,6,1428,卖盘
190,10:29:00,2.38,0.0,20,4760,卖盘
191,10:31:00,2.38,0.0,8,1904,卖盘
192,10:31:18,2.38,0.0,70,16660,卖盘
193,10:31:36,2.38,0.0,7,1666,卖盘
194,10:31:57,2.4,0.02,1077,257950,买盘
195,10:33:03,2.4,0.0,2,480,买盘
196,10:33:24,2.39,-0.01,5,1195,卖盘
197,10:34:16,2.39,0.0,1,239,卖盘
198,10:34:37,2.39,0.0,7,1673,卖盘
199,10:35:42,2.39,0.0,6,1434,卖盘
200,10:35:54,2.39,0.0,2,478,卖盘
201,10:36:00,2.39,0.0,149,35611,卖盘
202,10:37:24,2.38,-0.01,15,3572,卖盘
203,10:37:27,2.38,0.0,8,1904,卖盘
204,10:39:33,2.38,0.0,2,476,卖盘
205,10:41:39,2.39,0.01,1,239,买盘
206,10:42:04,2.4,0.01,235,56247,买盘
207,10:42:09,2.38,-0.02,6,1428,卖盘
208,10:42:33,2.39,0.01,20,4780,卖盘
209,10:42:48,2.39,0.0,2,478,卖盘
210,10:43:15,2.4,0.01,3,720,买盘
211,10:44:54,2.4,0.0,4,960,买盘
212,10:45:42,2.39,-0.01,6,1434,卖盘
213,10:46:12,2.39,0.0,6,1434,卖盘
214,10:46:42,2.39,0.0,6,1434,卖盘
215,10:47:12,2.39,0.0,4,956,卖盘
216,10:47:16,2.39,0.0,3,717,卖盘
217,10:47:42,2.39,0.0,4,956,卖盘
218,10:47:45,2.39,0.0,3,717,卖盘
219,10:48:12,2.39,0.0,3,717,卖盘
220,10:48:15,2.39,0.0,3,717,卖盘
221,10:48:45,2.39,0.0,6,1434,卖盘
222,10:48:49,2.39,0.0,1,239,卖盘
223,10:50:31,2.39,0.0,2,478,卖盘
224,10:52:12,2.39,0.0,2,478,卖盘
225,10:52:15,2.4,0.01,157,37680,买盘
226,10:52:45,2.39,-0.01,12,2868,卖盘
227,10:53:04,2.4,0.01,55,13200,买盘
228,10:54:00,2.39,-0.01,1,239,卖盘
229,10:54:51,2.4,0.01,14,3360,买盘
230,10:55:04,2.39,-0.01,1,239,卖盘
231,10:55:30,2.39,0.0,1,239,卖盘
232,10:56:00,2.39,0.0,1,239,卖盘
233,10:56:42,2.4,0.01,1,240,买盘
234,10:58:00,2.39,-0.01,2,478,卖盘
235,10:58:39,2.4,0.01,1,240,买盘
236,10:58:42,2.39,-0.01,1,239,卖盘
237,10:59:30,2.39,0.0,1,239,卖盘
238,10:59:48,2.39,0.0,10,2390,卖盘
239,10:59:51,2.39,0.0,57,13623,卖盘
240,10:59:54,2.39,0.0,2,478,卖盘
241,11:00:01,2.39,0.0,3,717,卖盘
242,11:00:04,2.39,0.0,2,478,卖盘
243,11:00:06,2.39,0.0,1,239,卖盘
244,11:00:15,2.39,0.0,1,239,卖盘
245,11:00:51,2.39,0.0,30,7170,卖盘
246,11:00:54,2.39,0.0,1,239,卖盘
247,11:01:00,2.39,0.0,6,1434,卖盘
248,11:01:30,2.39,0.0,6,1434,卖盘
249,11:01:51,2.39,0.0,1,239,卖盘
250,11:02:00,2.39,0.0,6,1434,卖盘
251,11:02:30,2.39,0.0,5,1195,卖盘
252,11:02:33,2.39,0.0,1,239,卖盘
253,11:03:00,2.39,0.0,5,1195,卖盘
254,11:03:03,2.39,0.0,1,239,卖盘
255,11:03:18,2.39,0.0,1,239,卖盘
256,11:03:30,2.39,0.0,5,1195,卖盘
257,11:03:33,2.39,0.0,2,479,卖盘
258,11:04:00,2.39,0.0,5,1195,卖盘
259,11:04:04,2.39,0.0,1,239,卖盘
260,11:04:30,2.39,0.0,3,717,卖盘
261,11:04:33,2.39,0.0,2,478,卖盘
262,11:04:36,2.39,0.0,1,239,卖盘
263,11:04:39,2.4,0.01,1,240,买盘
264,11:05:04,2.39,-0.01,2,478,卖盘
265,11:05:06,2.39,0.0,1,239,卖盘
266,11:05:33,2.39,0.0,160,38240,卖盘
267,11:05:39,2.39,0.0,1,239,中性盘
268,11:06:09,2.39,0.0,1,239,卖盘
269,11:06:12,2.4,0.01,247,59280,买盘
270,11:06:30,2.39,-0.01,1,239,卖盘
271,11:06:42,2.39,0.0,1,239,卖盘
272,11:07:12,2.39,0.0,1,239,卖盘
273,11:07:18,2.39,0.0,1,239,卖盘
274,11:07:42,2.39,0.0,1,239,卖盘
275,11:08:04,2.39,0.0,17,4063,卖盘
276,11:08:06,2.39,0.0,5,1195,卖盘
277,11:08:09,2.39,0.0,3,717,卖盘
278,11:08:15,2.39,0.0,2,478,卖盘
279,11:08:33,2.39,0.0,1,239,卖盘
280,11:08:39,2.39,0.0,3,717,卖盘
281,11:08:45,2.39,0.0,2,478,卖盘
282,11:09:00,2.39,0.0,188,44932,卖盘
283,11:09:04,2.39,0.0,1,239,卖盘
284,11:09:09,2.39,0.0,3,717,卖盘
285,11:09:15,2.39,0.0,2,478,卖盘
286,11:09:36,2.39,0.0,1,239,卖盘
287,11:09:39,2.39,0.0,3,717,卖盘
288,11:09:45,2.39,0.0,2,478,卖盘
289,11:10:06,2.39,0.0,1,239,卖盘
290,11:10:09,2.39,0.0,17,4063,卖盘
291,11:10:36,2.39,0.0,3,717,卖盘
292,11:10:39,2.39,0.0,2,478,卖盘
293,11:11:04,2.38,-0.01,36,8568,卖盘
294,11:11:15,2.39,0.01,80,19120,买盘
295,11:11:18,2.38,-0.01,9,2142,卖盘
296,11:13:45,2.39,0.01,30,7170,买盘
297,11:15:09,2.38,-0.01,21,4998,卖盘
298,11:15:12,2.38,0.0,8,1904,卖盘
299,11:15:18,2.38,0.0,28,6664,卖盘
300,11:15:21,2.38,0.0,4,952,卖盘
301,11:15:24,2.38,0.0,53,12614,卖盘
302,11:15:30,2.38,0.0,1,238,卖盘
303,11:19:18,2.39,0.01,1,239,买盘
304,11:23:06,2.38,-0.01,83,19754,卖盘
305,11:23:12,2.38,0.0,26,6188,卖盘
306,11:23:48,2.38,0.0,5,1190,卖盘
307,11:24:15,2.38,0.0,1500,357000,卖盘
308,11:24:18,2.38,0.0,11,2547,卖盘
309,11:24:28,2.37,-0.01,3,711,卖盘
310,11:25:12,2.37,0.0,4,948,卖盘
311,11:25:15,2.38,0.01,4,1023,买盘
312,11:25:42,2.38,0.0,1,167,买盘
313,11:26:30,2.37,-0.01,4,948,卖盘
314,11:27:09,2.37,0.0,3,711,卖盘
315,11:27:45,2.37,0.0,3,711,卖盘
316,11:28:54,2.38,0.01,3,714,买盘
317,11:29:18,2.37,-0.01,73,17312,卖盘
318,11:29:27,2.37,0.0,7,1659,卖盘
319,13:00:04,2.39,0.02,13,3102,买盘
320,13:00:09,2.38,-0.01,1,238,卖盘
321,13:00:15,2.38,0.0,1,238,卖盘
322,13:00:18,2.38,0.0,1,238,卖盘
323,13:02:00,2.37,-0.01,1,237,卖盘
324,13:02:04,2.38,0.01,1,238,买盘
325,13:02:30,2.38,0.0,5,1190,买盘
326,13:02:39,2.38,0.0,6,1428,买盘
327,13:04:04,2.38,0.0,1,238,买盘
328,13:04:09,2.37,-0.01,230,54510,卖盘
329,13:04:24,2.37,0.0,50,11850,卖盘
330,13:07:06,2.37,0.0,1,237,卖盘
331,13:07:33,2.38,0.01,1,238,买盘
332,13:07:51,2.37,-0.01,97,22989,卖盘
333,13:08:00,2.37,0.0,97,22989,卖盘
334,13:08:48,2.37,0.0,90,21330,卖盘
335,13:09:24,2.37,0.0,40,9480,卖盘
336,13:09:27,2.38,0.01,1,238,买盘
337,13:10:27,2.37,-0.01,97,22989,卖盘
338,13:10:33,2.37,0.0,97,22989,卖盘
339,13:10:42,2.37,0.0,97,22989,卖盘
340,13:11:15,2.38,0.01,172,40936,买盘
341,13:11:21,2.37,-0.01,97,22989,卖盘
342,13:11:24,2.37,0.0,5,1185,卖盘
343,13:11:33,2.38,0.01,1,238,买盘
344,13:12:48,2.38,0.0,1,238,买盘
345,13:12:54,2.38,0.0,50,11900,买盘
346,13:13:06,2.38,0.0,78,18564,卖盘
347,13:13:09,2.38,0.0,1,238,卖盘
348,13:13:13,2.38,0.0,1,238,卖盘
349,13:13:15,2.38,0.0,1,238,卖盘
350,13:13:18,2.38,0.0,1,238,卖盘
351,13:13:21,2.38,0.0,6,1428,卖盘
352,13:13:24,2.38,0.0,1,238,卖盘
353,13:13:27,2.38,0.0,1,238,卖盘
354,13:13:30,2.38,0.0,1,238,卖盘
355,13:13:33,2.38,0.0,1,238,卖盘
356,13:13:36,2.38,0.0,1,238,卖盘
357,13:13:39,2.38,0.0,1,238,卖盘
358,13:13:42,2.38,0.0,1,238,卖盘
359,13:13:46,2.38,0.0,27,6426,卖盘
360,13:16:06,2.37,-0.01,1,237,卖盘
361,13:16:36,2.37,0.0,1,237,卖盘
362,13:16:48,2.39,0.02,2,478,买盘
363,13:17:04,2.37,-0.02,3,711,卖盘
364,13:17:39,2.38,0.01,40,9520,中性盘
365,13:17:57,2.37,-0.01,2,474,卖盘
366,13:18:27,2.37,0.0,1,237,卖盘
367,13:18:33,2.37,0.0,6,1422,卖盘
368,13:19:30,2.37,0.0,25,5943,卖盘
369,13:20:00,2.37,0.0,3,711,卖盘
370,13:20:33,2.37,0.0,8,1897,卖盘
371,13:20:36,2.37,0.0,1,237,卖盘
372,13:20:57,2.37,0.0,1,237,卖盘
373,13:21:12,2.37,0.0,1,237,卖盘
374,13:21:30,2.37,0.0,7,1659,卖盘
375,13:21:33,2.37,0.0,2,474,卖盘
376,13:22:27,2.37,0.0,1,237,卖盘
377,13:22:33,2.37,0.0,6,1422,卖盘
378,13:23:03,2.37,0.0,5,1186,卖盘
379,13:23:33,2.37,0.0,6,1422,卖盘
380,13:24:09,2.37,0.0,1,237,卖盘
381,13:24:27,2.37,0.0,3,711,卖盘
382,13:24:30,2.37,0.0,6,1422,卖盘
383,13:24:33,2.38,0.01,10,2380,买盘
384,13:25:10,2.37,-0.01,3,711,卖盘
385,13:25:16,2.37,0.0,1,237,卖盘
386,13:25:36,2.37,0.0,6,1422,卖盘
387,13:25:57,2.37,0.0,2,474,卖盘
388,13:26:04,2.38,0.01,1,238,买盘
389,13:26:33,2.37,-0.01,23,5451,卖盘
390,13:26:36,2.37,0.0,2,474,卖盘
391,13:27:33,2.37,0.0,7,1659,卖盘
392,13:27:55,2.37,0.0,1,237,卖盘
393,13:28:04,2.37,0.0,1,237,卖盘
394,13:28:12,2.37,0.0,454,107598,卖盘
395,13:28:15,2.37,0.0,11,2607,卖盘
396,13:28:24,2.38,0.01,10,2380,买盘
397,13:28:31,2.38,0.0,34,8092,买盘
398,13:28:33,2.38,0.0,1,238,买盘
399,13:28:39,2.37,-0.01,7,1659,卖盘
400,13:28:42,2.37,0.0,534,126558,卖盘
401,13:28:54,2.37,0.0,2,474,卖盘
402,13:29:12,2.37,0.0,114,27018,卖盘
403,13:29:30,2.37,0.0,7,1659,卖盘
404,13:29:34,2.37,0.0,2,474,卖盘
405,13:29:36,2.38,0.01,2,476,买盘
406,13:29:45,2.37,-0.01,56,13272,卖盘
407,13:29:51,2.37,0.0,340,80580,卖盘
408,13:29:55,2.37,0.0,52,12324,卖盘
409,13:29:57,2.37,0.0,10,2370,卖盘
410,13:30:24,2.37,0.0,60,14220,卖盘
411,13:30:27,2.36,-0.01,12,2832,卖盘
412,13:30:31,2.36,0.0,7,1652,卖盘
413,13:30:57,2.36,0.0,2,472,卖盘
414,13:31:39,2.36,0.0,6,1416,卖盘
415,13:32:06,2.36,0.0,14,3304,卖盘
416,13:32:09,2.36,0.0,7,1652,卖盘
417,13:32:30,2.36,0.0,2,472,卖盘
418,13:32:33,2.36,0.0,6,1416,卖盘
419,13:32:54,2.36,0.0,2,472,卖盘
420,13:33:18,2.36,0.0,16,3776,卖盘
421,13:33:33,2.36,0.0,6,1416,卖盘
422,13:33:48,2.36,0.0,20,4720,卖盘
423,13:33:57,2.36,0.0,3,708,卖盘
424,13:34:03,2.37,0.01,1,237,买盘
425,13:34:12,2.37,0.0,8,1896,买盘
426,13:34:30,2.36,-0.01,2,472,卖盘
427,13:34:36,2.36,0.0,6,1416,卖盘
428,13:34:39,2.37,0.01,20,4740,买盘
429,13:34:48,2.36,-0.01,5,1180,卖盘
430,13:34:54,2.37,0.01,50,11850,买盘
431,13:34:57,2.37,0.0,15,3553,买盘
432,13:35:06,2.37,0.0,43,10191,买盘
433,13:35:27,2.37,0.0,35,8294,买盘
434,13:35:30,2.37,0.0,7,1659,卖盘
435,13:35:33,2.37,0.0,7,1659,卖盘
436,13:35:36,2.37,0.0,3,711,卖盘
437,13:35:40,2.37,0.0,80,18960,买盘
438,13:35:57,2.37,0.0,16,3792,卖盘
439,13:36:36,2.36,-0.01,7,1652,卖盘
440,13:36:48,2.37,0.01,88,20856,买盘
441,13:37:00,2.37,0.0,7,1659,卖盘
442,13:37:18,2.37,0.0,7,1659,卖盘
443,13:37:36,2.37,0.0,7,1659,卖盘
444,13:38:18,2.38,0.01,1,238,买盘
445,13:38:37,2.37,-0.01,7,1659,卖盘
446,13:39:36,2.37,0.0,6,1422,卖盘
447,13:40:36,2.37,0.0,6,1422,卖盘
448,13:40:48,2.38,0.01,1,238,买盘
449,13:40:54,2.37,-0.01,1,237,卖盘
450,13:41:33,2.37,0.0,6,1422,卖盘
451,13:41:54,2.37,0.0,362,85794,卖盘
452,13:42:30,2.37,0.0,6,1422,卖盘
453,13:42:54,2.37,0.0,5,1185,卖盘
454,13:43:33,2.37,0.0,6,1422,卖盘
455,13:43:55,2.37,0.0,3,711,卖盘
456,13:44:12,2.37,0.0,2,474,卖盘
457,13:44:21,2.37,0.0,51,12087,卖盘
458,13:44:27,2.37,0.0,18,4266,卖盘
459,13:44:33,2.37,0.0,8,1897,卖盘
460,13:44:46,2.37,0.0,7,1659,卖盘
461,13:44:49,2.37,0.0,43,10191,卖盘
462,13:44:55,2.37,0.0,5,1185,卖盘
463,13:44:58,2.37,0.0,18,4266,卖盘
464,13:45:01,2.38,0.01,39,9282,买盘
465,13:45:39,2.37,-0.01,7,1659,卖盘
466,13:45:48,2.37,0.0,17,4029,卖盘
467,13:45:54,2.37,0.0,18,4263,买盘
468,13:45:57,2.37,0.0,33,7821,买盘
469,13:46:00,2.36,-0.01,2,472,卖盘
470,13:46:33,2.36,0.0,7,1652,卖盘
471,13:46:36,2.36,0.0,6,1416,卖盘
472,13:47:27,2.37,0.01,114,27018,买盘
473,13:47:36,2.37,0.0,4,948,卖盘
474,13:48:00,2.36,-0.01,20,4720,卖盘
475,13:48:15,2.37,0.01,10,2370,买盘
476,13:48:18,2.37,0.0,1,237,买盘
477,13:48:27,2.36,-0.01,2,472,卖盘
478,13:48:36,2.36,0.0,6,1416,卖盘
479,13:49:12,2.37,0.01,27,6399,买盘
480,13:49:37,2.36,-0.01,30,7080,卖盘
481,13:49:42,2.36,0.0,6,1416,卖盘
482,13:49:51,2.37,0.01,452,107124,买盘
483,13:50:42,2.37,0.0,6,1422,卖盘
484,13:51:39,2.37,0.0,6,1422,卖盘
485,13:52:00,2.38,0.01,420,99960,买盘
486,13:52:21,2.37,-0.01,5,1185,卖盘
487,13:52:33,2.37,0.0,7,1659,卖盘
488,13:53:06,2.38,0.01,120,28560,买盘
489,13:53:33,2.39,0.01,1,239,买盘
490,13:53:39,2.38,-0.01,7,1666,卖盘
491,13:54:25,2.39,0.01,5,1195,买盘
492,13:54:39,2.38,-0.01,7,1666,卖盘
493,13:55:30,2.38,0.0,7,1666,卖盘
494,13:56:00,2.38,0.0,115,27370,卖盘
495,13:56:21,2.38,0.0,395,94010,买盘
496,13:56:39,2.38,0.0,6,1428,卖盘
497,13:56:54,2.39,0.01,806,192634,买盘
498,13:56:57,2.39,0.0,3,717,买盘
499,13:57:00,2.39,0.0,1,239,买盘
500,13:57:06,2.39,0.0,6,1434,买盘
501,13:57:18,2.39,0.0,44,10516,买盘
502,13:57:39,2.39,0.0,6,1434,卖盘
503,13:57:55,2.39,0.0,50,11950,卖盘
504,13:58:30,2.39,0.0,1,239,卖盘
505,13:58:39,2.39,0.0,6,1434,卖盘
506,13:59:42,2.39,0.0,6,1434,卖盘
507,14:00:39,2.39,0.0,7,1673,卖盘
508,14:00:45,2.39,0.0,100,23900,卖盘
509,14:01:09,2.39,0.0,14,3346,卖盘
510,14:01:36,2.39,0.0,7,1673,卖盘
511,14:01:42,2.39,0.0,13,3107,卖盘
512,14:01:54,2.39,0.0,3,717,卖盘
513,14:02:03,2.39,0.0,20,4780,卖盘
514,14:02:13,2.39,0.0,13,3107,卖盘
515,14:02:36,2.39,0.0,7,1673,卖盘
516,14:02:42,2.39,0.0,76,18164,卖盘
517,14:02:54,2.39,0.0,17,4063,买盘
518,14:03:01,2.4,0.01,2,480,买盘
519,14:03:12,2.39,-0.01,13,3107,卖盘
520,14:03:27,2.39,0.0,11,2629,卖盘
521,14:03:39,2.38,-0.01,7,1666,卖盘
522,14:03:54,2.38,0.0,5,1190,卖盘
523,14:04:09,2.39,0.01,4,956,买盘
524,14:04:36,2.38,-0.01,6,1428,卖盘
525,14:04:54,2.38,0.0,5,1190,卖盘
526,14:05:39,2.38,0.0,6,1428,卖盘
527,14:05:48,2.38,0.0,1,238,卖盘
528,14:05:54,2.38,0.0,4,952,卖盘
529,14:06:42,2.38,0.0,6,1428,卖盘
530,14:06:54,2.38,0.0,5,1190,卖盘
531,14:07:04,2.39,0.01,1,239,买盘
532,14:07:24,2.38,-0.01,9,2142,卖盘
533,14:07:33,2.38,0.0,6,1428,卖盘
534,14:08:33,2.38,0.0,6,1428,卖盘
535,14:08:48,2.39,0.01,1,239,买盘
536,14:09:00,2.38,-0.01,2,476,卖盘
537,14:09:18,2.38,0.0,51,12138,卖盘
538,14:09:33,2.38,0.0,7,1666,卖盘
539,14:09:36,2.38,0.0,1,238,卖盘
540,14:09:54,2.38,0.0,3,714,卖盘
541,14:10:19,2.39,0.01,1,239,买盘
542,14:10:30,2.38,-0.01,65,15470,卖盘
543,14:10:39,2.38,0.0,7,1666,卖盘
544,14:10:54,2.38,0.0,4,952,卖盘
545,14:11:00,2.39,0.01,20,4780,买盘
546,14:11:24,2.38,-0.01,3,714,卖盘
547,14:11:33,2.39,0.01,1,239,买盘
548,14:11:36,2.38,-0.01,7,1666,卖盘
549,14:11:54,2.38,0.0,2,476,卖盘
550,14:12:24,2.38,0.0,3,714,卖盘
551,14:12:33,2.38,0.0,6,1428,卖盘
552,14:12:54,2.38,0.0,1,238,卖盘
553,14:13:12,2.38,0.0,2,476,卖盘
554,14:13:24,2.38,0.0,3,714,卖盘
555,14:13:33,2.38,0.0,7,1667,卖盘
556,14:13:54,2.38,0.0,2,476,卖盘
557,14:14:24,2.38,0.0,3,714,卖盘
558,14:14:33,2.38,0.0,6,1428,卖盘
559,14:14:42,2.39,0.01,2,478,买盘
560,14:14:54,2.38,-0.01,1,238,卖盘
561,14:15:09,2.38,0.0,66,15708,卖盘
562,14:15:15,2.38,0.0,35,8330,卖盘
563,14:15:18,2.39,0.01,1,239,买盘
564,14:15:24,2.38,-0.01,1,238,卖盘
565,14:15:27,2.38,0.0,9,2142,卖盘
566,14:15:34,2.38,0.0,6,1428,卖盘
567,14:15:36,2.38,0.0,10,2380,卖盘
568,14:15:42,2.38,0.0,1,238,卖盘
569,14:15:51,2.38,0.0,3,714,卖盘
570,14:16:30,2.38,0.0,2,476,卖盘
571,14:16:33,2.38,0.0,6,1428,卖盘
572,14:17:03,2.39,0.01,1,239,买盘
573,14:17:36,2.38,-0.01,9,2142,卖盘
574,14:18:36,2.38,0.0,7,1666,卖盘
575,14:18:48,2.38,0.0,201,47839,卖盘
576,14:19:36,2.37,-0.01,8,1896,卖盘
577,14:19:42,2.37,0.0,7,1659,卖盘
578,14:19:54,2.38,0.01,80,19040,买盘
579,14:20:09,2.38,0.0,30,7140,买盘
580,14:20:27,2.37,-0.01,67,15879,卖盘
581,14:20:33,2.37,0.0,7,1659,卖盘
582,14:21:36,2.37,0.0,6,1422,卖盘
583,14:22:03,2.38,0.01,1,238,买盘
584,14:22:30,2.37,-0.01,5,1185,卖盘
585,14:22:37,2.37,0.0,6,1422,卖盘
586,14:23:37,2.37,0.0,6,1422,卖盘
587,14:23:42,2.38,0.01,7,1666,买盘
588,14:24:18,2.38,0.0,2,476,买盘
589,14:24:36,2.37,-0.01,6,1422,卖盘
590,14:25:09,2.37,0.0,64,15168,卖盘
591,14:25:30,2.38,0.01,1,238,买盘
592,14:25:33,2.37,-0.01,22,5214,卖盘
593,14:26:33,2.37,0.0,7,1659,卖盘
594,14:27:33,2.38,0.01,1,238,买盘
595,14:27:36,2.37,-0.01,7,1659,卖盘
596,14:28:33,2.37,0.0,7,1659,卖盘
597,14:29:00,2.38,0.01,31,7378,买盘
598,14:29:12,2.38,0.0,5,1190,买盘
599,14:29:15,2.37,-0.01,15,3560,卖盘
600,14:29:18,2.38,0.01,3,714,买盘
601,14:29:21,2.38,0.0,1,238,买盘
602,14:29:24,2.38,0.0,1,238,买盘
603,14:29:27,2.38,0.0,46,10948,买盘
604,14:29:48,2.38,0.0,118,28084,卖盘
605,14:29:51,2.38,0.0,1,238,卖盘
606,14:29:54,2.38,0.0,18,4284,卖盘
607,14:30:03,2.38,0.0,9,2142,卖盘
608,14:30:06,2.37,-0.01,10,2379,卖盘
609,14:30:13,2.38,0.01,1,238,卖盘
610,14:30:33,2.37,-0.01,16,3792,卖盘
611,14:30:54,2.38,0.01,1,238,买盘
612,14:31:04,2.37,-0.01,25,5925,卖盘
613,14:31:57,2.37,0.0,38,9006,卖盘
614,14:33:33,2.38,0.01,1,238,买盘
615,14:33:36,2.38,0.0,3,714,买盘
616,14:33:39,2.38,0.0,10,2380,买盘
617,14:33:42,2.38,0.0,3,714,买盘
618,14:33:45,2.38,0.0,1,238,买盘
619,14:33:48,2.38,0.0,1,238,买盘
620,14:33:51,2.38,0.0,1,238,买盘
621,14:33:54,2.38,0.0,1,238,买盘
622,14:33:57,2.38,0.0,17,4046,买盘
623,14:34:21,2.38,0.0,10,2380,卖盘
624,14:38:24,2.39,0.01,2,478,买盘
625,14:39:27,2.39,0.0,41,9799,买盘
626,14:39:45,2.39,0.0,10,2390,买盘
627,14:40:15,2.39,0.0,1,239,买盘
628,14:40:24,2.38,-0.01,18,4284,卖盘
629,14:40:27,2.39,0.01,1,239,买盘
630,14:41:12,2.39,0.0,3,716,买盘
631,14:41:21,2.38,-0.01,5,1190,卖盘
632,14:41:24,2.38,0.0,60,14280,卖盘
633,14:42:45,2.38,0.0,4,952,卖盘
634,14:43:12,2.38,0.0,5,1190,卖盘
635,14:44:04,2.38,0.0,12,2856,卖盘
636,14:44:15,2.38,0.0,1,238,卖盘
637,14:44:51,2.38,0.0,1,238,卖盘
638,14:45:27,2.38,0.0,27,6426,卖盘
639,14:45:30,2.38,0.0,111,26418,卖盘
640,14:46:09,2.37,-0.01,5,1185,卖盘
641,14:46:12,2.37,0.0,8,1896,卖盘
642,14:46:30,2.37,0.0,2,474,卖盘
643,14:47:06,2.38,0.01,1,238,买盘
644,14:47:45,2.38,0.0,59,14042,买盘
645,14:47:49,2.37,-0.01,1600,379200,卖盘
646,14:48:51,2.38,0.01,5,1190,买盘
647,14:48:55,2.38,0.0,10,2380,买盘
648,14:49:04,2.38,0.0,2,476,买盘
649,14:49:09,2.37,-0.01,1,237,卖盘
650,14:49:25,2.37,0.0,5,1185,卖盘
651,14:50:22,2.37,0.0,4,948,卖盘
652,14:50:42,2.38,0.01,5,1190,买盘
653,14:50:48,2.38,0.0,2,476,买盘
654,14:51:27,2.38,0.0,40,9520,买盘
655,14:51:51,2.37,-0.01,140,33180,卖盘
656,14:52:34,2.38,0.01,2,476,买盘
657,14:53:21,2.37,-0.01,1,237,卖盘
658,14:53:30,2.37,0.0,900,213300,卖盘
659,14:53:39,2.37,0.0,43,10191,卖盘
660,14:53:48,2.38,0.01,1,238,买盘
661,14:54:04,2.38,0.0,42,9996,买盘
662,14:54:30,2.38,0.0,92,21896,买盘
663,14:54:54,2.37,-0.01,6,1422,卖盘
664,14:54:58,2.38,0.01,12,2845,买盘
665,14:55:48,2.38,0.0,200,47600,买盘
666,14:55:54,2.38,0.0,1,238,买盘
667,14:56:18,2.38,0.0,1,238,买盘
668,14:56:24,2.38,0.0,49,11662,买盘
669,14:56:27,2.37,-0.01,8,1896,卖盘
670,15:00:04,2.37,0.0,403,95511,卖盘
