,time,price,change,volume,amount,type
0,09:25:04,10.51,-0.19,708,744108,卖盘
1,09:30:04,10.51,0.0,102,107232,卖盘
2,09:30:07,10.51,0.0,792,832026,卖盘
3,09:30:10,10.5,-0.01,154,161694,卖盘
4,09:30:13,10.48,-0.02,74,77684,卖盘
5,09:30:16,10.48,0.0,132,138596,卖盘
6,09:30:18,10.5,0.02,23,24138,买盘
7,09:30:21,10.5,0.0,20,20978,买盘
8,09:30:24,10.48,-0.02,31,32477,卖盘
9,09:30:28,10.48,0.0,19,19912,买盘
10,09:30:31,10.47,-0.01,12,12565,卖盘
11,09:30:34,10.47,0.0,6,6282,买盘
12,09:30:37,10.46,-0.01,75,78636,卖盘
13,09:30:40,10.47,0.01,17,17798,中性盘
14,09:30:43,10.47,0.0,10,10470,买盘
15,09:30:46,10.47,0.0,14,14658,买盘
16,09:30:48,10.47,0.0,64,67106,卖盘
17,09:30:51,10.5,0.03,29,30450,买盘
18,09:30:55,10.5,0.0,67,70194,买盘
19,09:31:00,10.47,-0.03,60,62840,卖盘
20,09:31:04,10.47,0.0,7,7344,卖盘
21,09:31:07,10.5,0.03,25,26250,买盘
22,09:31:09,10.5,0.0,139,145821,买盘
23,09:31:12,10.5,0.0,64,67200,买盘
24,09:31:16,10.5,0.0,46,48300,买盘
25,09:31:19,10.48,-0.02,55,57640,卖盘
26,09:31:22,10.47,-0.01,51,53478,卖盘
27,09:31:25,10.48,0.01,21,22036,中性盘
28,09:31:28,10.5,0.02,49,51450,买盘
29,09:31:33,10.5,0.0,23,24150,买盘
30,09:31:37,10.48,-0.02,50,52400,卖盘
31,09:31:40,10.5,0.02,45,47170,买盘
32,09:31:46,10.49,-0.01,2,2098,卖盘
33,09:31:48,10.5,0.01,185,194245,买盘
34,09:31:54,10.51,0.01,65,68312,买盘
35,09:31:58,10.51,0.0,206,216506,买盘
36,09:32:01,10.51,0.0,68,71464,买盘
37,09:32:07,10.51,0.0,1,1051,卖盘
38,09:32:10,10.52,0.01,30,31560,买盘
39,09:32:16,10.52,0.0,38,39976,买盘
40,09:32:19,10.52,0.0,26,27346,买盘
41,09:32:22,10.51,-0.01,36,37836,卖盘
42,09:32:25,10.52,0.01,64,67328,买盘
43,09:32:27,10.52,0.0,44,46285,买盘
44,09:32:30,10.5,-0.02,217,228059,卖盘
45,09:32:33,10.52,0.02,124,130424,买盘
46,09:32:37,10.52,0.0,6,6312,买盘
47,09:32:40,10.53,0.01,5,5265,买盘
48,09:32:43,10.52,-0.01,120,126240,卖盘
49,09:32:46,10.52,0.0,36,37869,买盘
50,09:32:48,10.53,0.01,6,6314,买盘
51,09:32:51,10.52,-0.01,3,3156,卖盘
52,09:32:54,10.55,0.03,55,57965,买盘
53,09:32:58,10.52,-0.03,30,31564,卖盘
54,09:33:04,10.53,0.01,4,4212,买盘
55,09:33:07,10.52,-0.01,7,7364,卖盘
56,09:33:09,10.53,0.01,36,37873,买盘
57,09:33:12,10.51,-0.02,6,6309,卖盘
58,09:33:16,10.55,0.04,72,75863,买盘
59,09:33:19,10.55,0.0,5,5275,买盘
60,09:33:25,10.54,-0.01,26,27404,买盘
61,09:33:27,10.54,0.0,85,89589,买盘
62,09:33:31,10.54,0.0,65,68509,买盘
63,09:33:33,10.55,0.01,110,115973,买盘
64,09:33:37,10.55,0.0,57,60135,买盘
65,09:33:39,10.55,0.0,5,5275,买盘
66,09:33:43,10.55,0.0,74,78047,买盘
67,09:33:49,10.55,0.0,50,52750,买盘
68,09:33:51,10.53,-0.02,28,29514,卖盘
69,09:33:54,10.55,0.02,5,5275,买盘
70,09:34:01,10.55,0.0,9,9495,买盘
71,09:34:07,10.51,-0.04,50,52581,卖盘
72,09:34:09,10.55,0.04,5,5275,买盘
73,09:34:13,10.53,-0.02,3,3159,中性盘
74,09:34:16,10.55,0.02,100,105500,买盘
75,09:34:25,10.55,0.0,10,10540,买盘
76,09:34:28,10.53,-0.02,3,3163,卖盘
77,09:34:34,10.52,-0.01,20,21051,卖盘
78,09:34:39,10.55,0.03,8,8440,买盘
79,09:34:42,10.55,0.0,15,15825,买盘
80,09:34:54,10.55,0.0,5,5275,买盘
81,09:35:01,10.53,-0.02,7,8213,卖盘
82,09:35:04,10.55,0.02,1,1055,买盘
83,09:35:09,10.55,0.0,5,5275,买盘
84,09:35:12,10.55,0.0,46,48522,买盘
85,09:35:19,10.55,0.0,6,6330,买盘
86,09:35:21,10.55,0.0,21,22155,买盘
87,09:35:25,10.56,0.01,67,70568,买盘
88,09:35:34,10.53,-0.03,14,13900,卖盘
89,09:35:40,10.53,0.0,6,6318,买盘
90,09:35:43,10.55,0.02,10,10548,卖盘
91,09:35:54,10.53,-0.02,79,83192,卖盘
92,09:35:58,10.54,0.01,3,3162,买盘
93,09:36:00,10.53,-0.01,15,15805,卖盘
94,09:36:04,10.53,0.0,3,3159,卖盘
95,09:36:09,10.51,-0.02,253,266022,卖盘
96,09:36:16,10.5,-0.01,36,37827,卖盘
97,09:36:19,10.5,0.0,167,175350,卖盘
98,09:36:21,10.5,0.0,25,26263,卖盘
99,09:36:25,10.5,0.0,277,290855,卖盘
100,09:36:28,10.48,-0.02,148,155241,卖盘
101,09:36:31,10.48,0.0,108,113159,卖盘
102,09:36:34,10.47,-0.01,25,26187,卖盘
103,09:36:37,10.47,0.0,4,4189,卖盘
104,09:36:39,10.48,0.01,72,75385,买盘
105,09:36:43,10.46,-0.02,20,20934,卖盘
106,09:36:48,10.47,0.01,159,166386,买盘
107,09:36:51,10.46,-0.01,28,29288,卖盘
108,09:36:54,10.46,0.0,100,104615,卖盘
109,09:36:57,10.45,-0.01,275,287620,卖盘
110,09:37:01,10.46,0.01,11,11506,买盘
111,09:37:04,10.45,-0.01,7,7315,卖盘
112,09:37:06,10.45,0.0,28,29260,卖盘
113,09:37:10,10.46,0.01,94,98277,买盘
114,09:37:12,10.46,0.0,255,267279,卖盘
115,09:37:16,10.46,0.0,42,43934,卖盘
116,09:37:19,10.46,0.0,5,5230,卖盘
117,09:37:22,10.46,0.0,43,44981,卖盘
118,09:37:25,10.5,0.04,5,5250,买盘
119,09:37:28,10.5,0.0,15,15750,买盘
120,09:37:30,10.5,0.0,35,36750,卖盘
121,09:37:40,10.49,-0.01,5,5245,中性盘
122,09:37:49,10.48,-0.01,27,28296,中性盘
123,09:37:52,10.47,-0.01,161,168568,卖盘
124,09:37:55,10.47,0.0,168,175951,卖盘
125,09:37:57,10.47,0.0,50,52380,卖盘
126,09:38:01,10.47,0.0,20,20960,卖盘
127,09:38:04,10.47,0.0,15,15706,卖盘
128,09:38:06,10.47,0.0,1,1047,卖盘
129,09:38:10,10.46,-0.01,95,99418,卖盘
130,09:38:12,10.48,0.02,72,75446,买盘
131,09:38:16,10.47,-0.01,35,36674,卖盘
132,09:38:19,10.48,0.01,1,1048,中性盘
133,09:38:25,10.5,0.02,10,10492,买盘
134,09:38:27,10.5,0.0,31,32550,买盘
135,09:38:30,10.51,0.01,30,31455,买盘
136,09:38:34,10.47,-0.04,5,5235,卖盘
137,09:38:37,10.51,0.04,10,10510,买盘
138,09:38:40,10.51,0.0,7,7351,买盘
139,09:38:55,10.5,-0.01,5,5250,买盘
140,09:38:57,10.5,0.0,20,21000,买盘
141,09:39:04,10.48,-0.02,4,4192,卖盘
142,09:39:06,10.47,-0.01,10,10479,卖盘
143,09:39:09,10.48,0.01,5,5240,买盘
144,09:39:13,10.47,-0.01,13,13611,卖盘
145,09:39:19,10.48,0.01,43,45029,买盘
146,09:39:21,10.48,0.0,39,40872,卖盘
147,09:39:24,10.5,0.02,25,26250,买盘
148,09:39:28,10.48,-0.02,4,4192,卖盘
149,09:39:33,10.47,-0.01,37,38739,卖盘
150,09:39:40,10.5,0.03,15,15740,买盘
151,09:39:43,10.48,-0.02,22,23043,卖盘
152,09:39:49,10.49,0.01,35,36715,买盘
153,09:39:54,10.49,0.0,5,5245,买盘
154,09:39:58,10.48,-0.01,9,9437,卖盘
155,09:40:00,10.5,0.02,67,70266,买盘
156,09:40:04,10.47,-0.03,42,43989,卖盘
157,09:40:06,10.5,0.03,90,94473,买盘
158,09:40:10,10.51,0.01,214,224541,买盘
159,09:40:12,10.49,-0.02,80,83729,中性盘
160,09:40:16,10.48,-0.01,29,30418,卖盘
161,09:40:19,10.51,0.03,157,164607,买盘
162,09:40:25,10.49,-0.02,25,26235,卖盘
163,09:40:28,10.48,-0.01,39,40910,卖盘
164,09:40:31,10.48,0.0,1,1048,卖盘
165,09:40:39,10.51,0.03,11,11561,买盘
166,09:40:46,10.51,0.0,5,5255,买盘
167,09:40:49,10.51,0.0,3,3153,买盘
168,09:40:52,10.51,0.0,69,72514,买盘
169,09:40:54,10.51,0.0,5,5255,买盘
170,09:40:57,10.48,-0.03,56,58693,卖盘
171,09:41:01,10.51,0.03,8,8408,买盘
172,09:41:04,10.5,-0.01,25,26202,中性盘
173,09:41:10,10.5,0.0,5,5250,买盘
174,09:41:13,10.5,0.0,1,1050,买盘
175,09:41:15,10.49,-0.01,13,13647,卖盘
176,09:41:19,10.5,0.01,19,19950,买盘
177,09:41:25,10.48,-0.02,26,27275,卖盘
178,09:41:27,10.48,0.0,118,123723,卖盘
179,09:41:34,10.48,0.0,74,77552,卖盘
180,09:41:37,10.48,0.0,10,10480,卖盘
181,09:41:40,10.48,0.0,243,254669,卖盘
182,09:41:46,10.47,-0.01,138,144486,卖盘
183,09:41:49,10.47,0.0,3,3141,卖盘
184,09:41:52,10.48,0.01,63,65972,买盘
185,09:41:55,10.47,-0.01,21,21992,卖盘
186,09:41:58,10.47,0.0,200,209400,卖盘
187,09:42:00,10.47,0.0,44,46068,卖盘
188,09:42:03,10.48,0.01,8,8384,买盘
189,09:42:06,10.46,-0.02,98,102561,卖盘
190,09:42:10,10.48,0.02,25,26200,买盘
191,09:42:13,10.47,-0.01,55,57585,卖盘
192,09:42:16,10.47,0.0,2,2094,买盘
193,09:42:18,10.46,-0.01,59,61730,卖盘
194,09:42:24,10.47,0.01,55,57585,买盘
195,09:42:28,10.47,0.0,57,59679,买盘
196,09:42:34,10.48,0.01,70,73234,买盘
197,09:42:39,10.48,0.0,5,5240,中性盘
198,09:42:43,10.48,0.0,5,5240,买盘
199,09:42:49,10.47,-0.01,30,31410,卖盘
200,09:42:51,10.48,0.01,20,21274,买盘
201,09:42:54,10.49,0.01,5,5245,买盘
202,09:43:04,10.48,-0.01,15,15720,卖盘
203,09:43:09,10.49,0.01,48,50306,买盘
204,09:43:22,10.48,-0.01,5,5240,卖盘
205,09:43:24,10.49,0.01,8,8389,买盘
206,09:43:34,10.48,-0.01,81,84913,卖盘
207,09:43:36,10.48,0.0,1,1048,卖盘
208,09:43:40,10.49,0.01,53,55549,买盘
209,09:43:46,10.49,0.0,21,22029,买盘
210,09:43:51,10.48,-0.01,3,3144,卖盘
211,09:43:55,10.49,0.01,21,22014,买盘
212,09:44:01,10.48,-0.01,59,61832,卖盘
213,09:44:04,10.49,0.01,4,4193,买盘
214,09:44:07,10.48,-0.01,54,56592,卖盘
215,09:44:10,10.48,0.0,20,20965,卖盘
216,09:44:16,10.48,0.0,448,469504,卖盘
217,09:44:18,10.48,0.0,5,5240,中性盘
218,09:44:22,10.47,-0.01,231,241859,卖盘
219,09:44:25,10.48,0.01,6,6288,中性盘
220,09:44:28,10.47,-0.01,3,3141,卖盘
221,09:44:33,10.49,0.02,10,10482,买盘
222,09:44:36,10.47,-0.02,11,11203,卖盘
223,09:44:40,10.47,0.0,5,5235,买盘
224,09:44:46,10.47,0.0,10,10470,买盘
225,09:44:55,10.47,0.0,5,5235,买盘
226,09:44:58,10.46,-0.01,115,120290,卖盘
227,09:45:04,10.46,0.0,83,86818,卖盘
228,09:45:06,10.47,0.01,20,20940,买盘
229,09:45:09,10.46,-0.01,15,15695,卖盘
230,09:45:13,10.46,0.0,3,3138,卖盘
231,09:45:16,10.46,0.0,81,84726,卖盘
232,09:45:19,10.46,0.0,243,254178,卖盘
233,09:45:22,10.46,0.0,68,71070,买盘
234,09:45:25,10.46,0.0,22,23005,买盘
235,09:45:28,10.45,-0.01,362,378295,卖盘
236,09:45:31,10.44,-0.01,3,3132,卖盘
237,09:45:33,10.43,-0.01,174,181610,卖盘
238,09:45:36,10.45,0.02,24,25080,买盘
239,09:45:39,10.42,-0.03,120,125118,卖盘
240,09:45:43,10.42,0.0,128,133376,卖盘
241,09:45:46,10.42,0.0,44,45848,卖盘
242,09:45:49,10.42,0.0,7,7294,卖盘
243,09:45:52,10.42,0.0,113,117737,卖盘
244,09:45:55,10.41,-0.01,83,86458,卖盘
245,09:46:01,10.42,0.01,75,78150,卖盘
246,09:46:04,10.41,-0.01,53,55173,卖盘
247,09:46:07,10.42,0.01,1426,1483412,买盘
248,09:46:10,10.41,-0.01,89,92561,中性盘
249,09:46:12,10.41,0.0,405,420624,卖盘
250,09:46:16,10.38,-0.03,32,33216,卖盘
251,09:46:19,10.35,-0.03,312,323320,卖盘
252,09:46:22,10.38,0.03,66,68466,买盘
253,09:46:25,10.38,0.0,31,32198,买盘
254,09:46:28,10.38,0.0,16,16608,卖盘
255,09:46:31,10.39,0.01,9,9351,买盘
256,09:46:33,10.39,0.0,8,8312,卖盘
257,09:46:40,10.42,0.03,15,15630,买盘
258,09:46:45,10.4,-0.02,2,2080,买盘
259,09:46:48,10.4,0.0,1,1040,卖盘
260,09:46:55,10.42,0.02,5,5210,买盘
261,09:46:58,10.4,-0.02,24,24960,卖盘
262,09:47:01,10.42,0.02,44,45796,买盘
263,09:47:04,10.4,-0.02,31,32240,卖盘
264,09:47:09,10.42,0.02,5,5206,买盘
265,09:47:13,10.43,0.01,70,72957,买盘
266,09:47:16,10.43,0.0,10,10430,买盘
267,09:47:19,10.41,-0.02,10,10415,卖盘
268,09:47:22,10.41,0.0,10,10410,卖盘
269,09:47:25,10.42,0.01,5,5210,买盘
270,09:47:27,10.4,-0.02,15,15600,卖盘
271,09:47:31,10.4,0.0,129,134160,卖盘
272,09:47:34,10.39,-0.01,1,1039,卖盘
273,09:47:37,10.39,0.0,11,11429,卖盘
274,09:47:40,10.4,0.01,31,32240,买盘
275,09:47:46,10.39,-0.01,203,210929,卖盘
276,09:47:49,10.4,0.01,11,11436,买盘
277,09:47:52,10.39,-0.01,3,3117,中性盘
278,09:47:55,10.39,0.0,72,74808,买盘
279,09:48:01,10.39,0.0,118,122909,买盘
280,09:48:07,10.39,0.0,32,33248,卖盘
281,09:48:09,10.4,0.01,5,5200,买盘
282,09:48:12,10.39,-0.01,120,124680,卖盘
283,09:48:16,10.39,0.0,24,24948,卖盘
284,09:48:21,10.39,0.0,11,11429,卖盘
285,09:48:25,10.39,0.0,110,113983,卖盘
286,09:48:37,10.39,0.0,49,50910,买盘
287,09:48:40,10.38,-0.01,232,240821,卖盘
288,09:48:43,10.38,0.0,5,5190,买盘
289,09:48:46,10.38,0.0,5,5190,买盘
290,09:48:49,10.38,0.0,65,67470,买盘
291,09:48:52,10.38,0.0,57,59166,买盘
292,09:48:55,10.39,0.01,41,42573,买盘
293,09:48:58,10.39,0.0,3,3117,买盘
294,09:49:00,10.38,-0.01,95,98610,卖盘
295,09:49:04,10.38,0.0,14,14532,卖盘
296,09:49:09,10.38,0.0,11,11423,卖盘
297,09:49:13,10.39,0.01,32,33248,买盘
298,09:49:16,10.38,-0.01,22,22836,卖盘
299,09:49:19,10.37,-0.01,71,73659,卖盘
300,09:49:21,10.38,0.01,138,143138,买盘
301,09:49:24,10.37,-0.01,26,26967,卖盘
302,09:49:28,10.36,-0.01,126,130612,卖盘
303,09:49:31,10.37,0.01,141,146351,买盘
304,09:49:33,10.37,0.0,52,53924,卖盘
305,09:49:37,10.37,0.0,35,36295,买盘
306,09:49:40,10.36,-0.01,81,83951,卖盘
307,09:49:43,10.37,0.01,25,25925,买盘
308,09:49:46,10.37,0.0,5,5185,买盘
309,09:49:52,10.36,-0.01,65,67340,卖盘
310,09:49:55,10.36,0.0,696,720341,卖盘
311,09:49:58,10.37,0.01,8,8296,买盘
312,09:50:01,10.36,-0.01,23,23828,卖盘
313,09:50:04,10.36,0.0,2,2072,买盘
314,09:50:07,10.36,0.0,20,20720,买盘
315,09:50:10,10.36,0.0,7,7249,买盘
316,09:50:16,10.36,0.0,18,18644,买盘
317,09:50:21,10.32,-0.04,572,590368,卖盘
318,09:50:25,10.32,0.0,115,118680,买盘
319,09:50:28,10.33,0.01,93,96001,买盘
320,09:50:31,10.35,0.02,91,94084,买盘
321,09:50:33,10.32,-0.03,10,10334,卖盘
322,09:50:40,10.32,0.0,71,73472,卖盘
323,09:50:43,10.32,0.0,102,105344,卖盘
324,09:50:49,10.32,0.0,61,63108,卖盘
325,09:50:51,10.32,0.0,66,68112,卖盘
326,09:50:54,10.32,0.0,45,47076,卖盘
327,09:50:57,10.32,0.0,54,55754,卖盘
328,09:51:01,10.32,0.0,52,53574,卖盘
329,09:51:04,10.35,0.03,64,66526,买盘
330,09:51:10,10.34,-0.01,16,16554,卖盘
331,09:51:16,10.32,-0.02,63,65089,卖盘
332,09:51:19,10.35,0.03,3,3105,买盘
333,09:51:22,10.35,0.0,8,8280,卖盘
334,09:51:24,10.35,0.0,10,10353,买盘
335,09:51:27,10.36,0.01,55,56941,买盘
336,09:51:37,10.35,-0.01,5,5175,卖盘
337,09:51:39,10.36,0.01,37,38332,买盘
338,09:51:42,10.36,0.0,2,2072,买盘
339,09:51:45,10.36,0.0,99,102564,买盘
340,09:51:49,10.35,-0.01,56,57995,卖盘
341,09:51:52,10.36,0.01,25,25900,买盘
342,09:51:55,10.35,-0.01,24,24845,卖盘
343,09:51:58,10.36,0.01,16,16565,买盘
344,09:52:00,10.36,0.0,177,183371,买盘
345,09:52:06,10.35,-0.01,10,10350,卖盘
346,09:52:09,10.36,0.01,5,5180,买盘
347,09:52:13,10.35,-0.01,24,24840,卖盘
348,09:52:16,10.35,0.0,216,223760,买盘
349,09:52:19,10.36,0.01,120,124320,买盘
350,09:52:24,10.36,0.0,8,8293,卖盘
351,09:52:28,10.37,0.01,8,8293,买盘
352,09:52:36,10.36,-0.01,5,5180,卖盘
353,09:52:39,10.36,0.0,11,11401,卖盘
354,09:52:46,10.36,0.0,4,4144,卖盘
355,09:52:55,10.36,0.0,61,63206,卖盘
356,09:52:58,10.35,-0.01,196,202863,卖盘
357,09:53:00,10.35,0.0,33,34152,买盘
358,09:53:04,10.36,0.01,100,103523,买盘
359,09:53:06,10.35,-0.01,5,5175,中性盘
360,09:53:09,10.35,0.0,8,8285,卖盘
361,09:53:19,10.35,0.0,29,30015,卖盘
362,09:53:24,10.36,0.01,5,5180,买盘
363,09:53:31,10.36,0.0,95,98420,买盘
364,09:53:34,10.35,-0.01,71,73493,卖盘
365,09:53:37,10.35,0.0,18,18635,卖盘
366,09:53:39,10.37,0.02,5,5185,买盘
367,09:53:43,10.36,-0.01,9,9324,买盘
368,09:53:46,10.36,0.0,19,19684,买盘
369,09:53:51,10.35,-0.01,4,4140,卖盘
370,09:53:54,10.36,0.01,5,5180,买盘
371,09:53:58,10.35,-0.01,80,82800,卖盘
372,09:54:01,10.36,0.01,13,13465,买盘
373,09:54:04,10.36,0.0,32,33152,买盘
374,09:54:09,10.36,0.0,28,29005,买盘
375,09:54:13,10.36,0.0,1,1036,买盘
376,09:54:19,10.36,0.0,8,8288,卖盘
377,09:54:21,10.36,0.0,8,8285,买盘
378,09:54:24,10.37,0.01,190,196250,买盘
379,09:54:28,10.36,-0.01,16,16582,卖盘
380,09:54:31,10.37,0.01,3,3111,中性盘
381,09:54:37,10.37,0.0,22,22809,买盘
382,09:54:40,10.37,0.0,5,5185,买盘
383,09:54:42,10.36,-0.01,162,168505,卖盘
384,09:54:49,10.36,0.0,12,12432,买盘
385,09:54:52,10.36,0.0,49,50764,买盘
386,09:54:55,10.36,0.0,105,108780,买盘
387,09:54:58,10.36,0.0,5,5180,买盘
388,09:55:04,10.36,0.0,4,3471,买盘
389,09:55:07,10.36,0.0,6,6216,卖盘
390,09:55:09,10.37,0.01,5,5185,买盘
391,09:55:13,10.36,-0.01,32,33152,卖盘
392,09:55:19,10.37,0.01,76,78788,买盘
393,09:55:21,10.36,-0.01,100,103600,卖盘
394,09:55:25,10.37,0.01,39,40443,买盘
395,09:55:37,10.37,0.0,37,38369,卖盘
396,09:55:40,10.38,0.01,10,10375,买盘
397,09:55:48,10.38,0.0,7,7266,买盘
398,09:55:52,10.38,0.0,3,3114,买盘
399,09:55:55,10.37,-0.01,91,94372,卖盘
400,09:55:57,10.37,0.0,12,12444,买盘
401,09:56:04,10.38,0.01,116,120359,买盘
402,09:56:07,10.38,0.0,10,10380,买盘
403,09:56:10,10.38,0.0,5,5190,买盘
404,09:56:12,10.38,0.0,5,5190,买盘
405,09:56:21,10.37,-0.01,127,131824,卖盘
406,09:56:25,10.38,0.01,9,9342,买盘
407,09:56:33,10.38,0.0,3,3114,买盘
408,09:56:36,10.37,-0.01,7,7259,卖盘
409,09:56:40,10.39,0.02,63,65378,买盘
410,09:56:46,10.37,-0.02,84,87130,卖盘
411,09:56:55,10.39,0.02,8,8312,买盘
412,09:56:58,10.39,0.0,16,16624,买盘
413,09:57:04,10.39,0.0,10,10390,买盘
414,09:57:09,10.39,0.0,16,16624,买盘
415,09:57:13,10.39,0.0,3,3117,买盘
416,09:57:19,10.39,0.0,14,14546,买盘
417,09:57:24,10.39,0.0,21,21816,买盘
418,09:57:31,10.39,0.0,39,40521,卖盘
419,09:57:40,10.39,0.0,23,23902,卖盘
420,09:57:42,10.4,0.01,117,121610,买盘
421,09:57:54,10.4,0.0,56,58143,买盘
422,09:57:57,10.38,-0.02,10,10380,卖盘
423,09:58:01,10.38,0.0,20,20760,卖盘
424,09:58:04,10.39,0.01,10,10390,买盘
425,09:58:09,10.39,0.0,26,27013,买盘
426,09:58:13,10.39,0.0,78,81042,买盘
427,09:58:16,10.4,0.01,13,13519,买盘
428,09:58:18,10.39,-0.01,3,3117,卖盘
429,09:58:25,10.4,0.01,5,5200,买盘
430,09:58:31,10.39,-0.01,62,64418,卖盘
431,09:58:33,10.39,0.0,23,23897,买盘
432,09:58:40,10.38,-0.01,31,32203,卖盘
433,09:58:46,10.39,0.01,35,36365,买盘
434,09:58:48,10.39,0.0,20,20780,买盘
435,09:58:51,10.39,0.0,20,20780,买盘
436,09:58:55,10.39,0.0,32,33249,买盘
437,09:58:58,10.39,0.0,30,31170,卖盘
438,09:59:09,10.39,0.0,3,3117,卖盘
439,09:59:22,10.4,0.01,8,8320,买盘
440,09:59:34,10.4,0.0,3,3120,买盘
441,09:59:37,10.4,0.0,117,121533,买盘
442,09:59:39,10.38,-0.02,1,1349,卖盘
443,09:59:42,10.39,0.01,2,2078,买盘
444,09:59:45,10.39,0.0,3,3117,买盘
445,09:59:49,10.39,0.0,10,10390,买盘
446,09:59:52,10.39,0.0,10,10390,买盘
447,09:59:58,10.39,0.0,50,51959,买盘
448,10:00:04,10.39,0.0,54,56106,买盘
449,10:00:07,10.38,-0.01,44,45675,卖盘
450,10:00:09,10.4,0.02,11,11440,买盘
451,10:00:16,10.39,-0.01,93,96621,卖盘
452,10:00:22,10.39,0.0,38,39482,卖盘
453,10:00:25,10.38,-0.01,114,118332,卖盘
454,10:00:27,10.39,0.01,7,7272,买盘
455,10:00:30,10.38,-0.01,169,175422,卖盘
456,10:00:33,10.39,0.01,34,35325,买盘
457,10:00:37,10.38,-0.01,32,33216,卖盘
458,10:00:40,10.38,0.0,27,28026,卖盘
459,10:00:43,10.39,0.01,42,43606,买盘
460,10:00:46,10.39,0.0,147,152606,买盘
461,10:00:48,10.38,-0.01,139,144341,卖盘
462,10:00:51,10.39,0.01,55,57145,中性盘
463,10:00:55,10.38,-0.01,20,20779,卖盘
464,10:00:58,10.38,0.0,203,210714,卖盘
465,10:01:04,10.4,0.02,20,20795,买盘
466,10:01:07,10.38,-0.02,20,20760,卖盘
467,10:01:13,10.39,0.01,314,325988,买盘
468,10:01:19,10.38,-0.01,1,1038,卖盘
469,10:01:25,10.39,0.01,102,105878,买盘
470,10:01:31,10.39,0.0,28,29092,买盘
471,10:01:34,10.39,0.0,5,5195,卖盘
472,10:01:49,10.4,0.01,1,1040,买盘
473,10:02:01,10.39,-0.01,8,8312,卖盘
474,10:02:04,10.39,0.0,40,41565,卖盘
475,10:02:13,10.39,0.0,2,2078,卖盘
476,10:02:16,10.39,0.0,3,3117,卖盘
477,10:02:36,10.39,0.0,6,6234,卖盘
478,10:02:39,10.4,0.01,2,2080,买盘
479,10:02:49,10.4,0.0,32,33250,买盘
480,10:03:01,10.39,-0.01,50,51950,卖盘
481,10:03:03,10.39,0.0,5,5195,卖盘
482,10:03:07,10.39,0.0,25,25861,卖盘
483,10:03:16,10.38,-0.01,15,15570,卖盘
484,10:03:21,10.39,0.01,99,102461,买盘
485,10:03:34,10.37,-0.02,9,9333,卖盘
486,10:03:37,10.38,0.01,5,5190,买盘
487,10:03:43,10.37,-0.01,5,5185,卖盘
488,10:03:51,10.38,0.01,74,76740,买盘
489,10:04:01,10.36,-0.02,2,2592,卖盘
490,10:04:10,10.37,0.01,11,11407,买盘
491,10:04:24,10.38,0.01,10,10380,买盘
492,10:04:27,10.37,-0.01,4,4148,卖盘
493,10:04:31,10.37,0.0,20,20740,买盘
494,10:04:34,10.36,-0.01,5,5180,卖盘
495,10:04:37,10.37,0.01,10,10370,买盘
496,10:04:55,10.37,0.0,1,1037,买盘
497,10:04:58,10.36,-0.01,150,155400,卖盘
498,10:05:09,10.37,0.01,27,27999,买盘
499,10:05:15,10.36,-0.01,70,72520,卖盘
500,10:05:19,10.37,0.01,3,3111,买盘
501,10:05:25,10.39,0.02,96,99606,买盘
502,10:05:31,10.39,0.0,25,25975,买盘
503,10:05:34,10.37,-0.02,6,6222,卖盘
504,10:05:37,10.39,0.02,33,34285,买盘
505,10:05:39,10.39,0.0,25,25975,买盘
506,10:05:52,10.38,-0.01,2,2076,买盘
507,10:05:55,10.38,0.0,20,20760,买盘
508,10:06:07,10.39,0.01,8,8306,买盘
509,10:06:13,10.37,-0.02,79,82074,卖盘
510,10:06:16,10.39,0.02,750,779250,买盘
511,10:06:25,10.37,-0.02,106,109922,卖盘
512,10:06:28,10.37,0.0,65,67405,买盘
513,10:06:33,10.38,0.01,7,7266,卖盘
514,10:06:40,10.38,0.0,3,3114,卖盘
515,10:06:46,10.38,0.0,1,1038,买盘
516,10:06:49,10.36,-0.02,15,15553,卖盘
517,10:06:52,10.38,0.02,2,2076,买盘
518,10:06:54,10.37,-0.01,10,10370,中性盘
519,10:06:57,10.39,0.02,10,10390,买盘
520,10:07:19,10.38,-0.01,34,35292,卖盘
521,10:07:40,10.39,0.01,96,99704,买盘
522,10:07:42,10.38,-0.01,5,5190,卖盘
523,10:07:48,10.38,0.0,25,25950,卖盘
524,10:07:58,10.38,0.0,104,107751,卖盘
525,10:08:09,10.38,0.0,1,1038,卖盘
526,10:08:13,10.38,0.0,3,3114,卖盘
527,10:08:19,10.4,0.02,32,33280,买盘
528,10:08:21,10.38,-0.02,39,40482,卖盘
529,10:08:34,10.4,0.02,5,5200,买盘
530,10:08:37,10.39,-0.01,51,53039,卖盘
531,10:08:40,10.39,0.0,20,20780,买盘
532,10:08:52,10.4,0.01,42,43630,买盘
533,10:08:54,10.41,0.01,41,42664,买盘
534,10:09:00,10.38,-0.03,30,31149,卖盘
535,10:09:16,10.4,0.02,32,33280,买盘
536,10:09:21,10.39,-0.01,5,5195,卖盘
537,10:09:37,10.4,0.01,11,11434,买盘
538,10:10:06,10.39,-0.01,1,1039,卖盘
539,10:10:19,10.39,0.0,30,31170,卖盘
540,10:10:22,10.4,0.01,77,80080,买盘
541,10:10:24,10.39,-0.01,9,9351,卖盘
542,10:10:27,10.4,0.01,70,72778,买盘
543,10:10:34,10.4,0.0,8,8320,买盘
544,10:10:40,10.38,-0.02,5,5190,卖盘
545,10:11:10,10.4,0.02,16,16640,买盘
546,10:11:16,10.4,0.0,16,17014,卖盘
547,10:11:18,10.41,0.01,20,20820,买盘
548,10:11:28,10.4,-0.01,38,39146,卖盘
549,10:11:34,10.39,-0.01,4,4156,卖盘
550,10:11:37,10.39,0.0,2,2078,买盘
551,10:11:42,10.39,0.0,12,12468,卖盘
552,10:11:46,10.38,-0.01,3,3114,卖盘
553,10:11:48,10.39,0.01,7,7273,买盘
554,10:11:54,10.39,0.0,20,20780,买盘
555,10:11:57,10.39,0.0,50,51950,买盘
556,10:12:01,10.39,0.0,2,2078,买盘
557,10:12:04,10.38,-0.01,3,3114,卖盘
558,10:12:10,10.39,0.01,10,10390,买盘
559,10:12:19,10.38,-0.01,5,5190,卖盘
560,10:12:21,10.39,0.01,363,376795,买盘
561,10:12:31,10.39,0.0,7,7273,买盘
562,10:12:37,10.39,0.0,5,5195,卖盘
563,10:12:40,10.38,-0.01,20,20762,卖盘
564,10:12:43,10.38,0.0,12,12468,卖盘
565,10:12:45,10.38,0.0,6,6228,卖盘
566,10:12:51,10.4,0.02,10,10400,买盘
567,10:12:54,10.38,-0.02,13,13494,卖盘
568,10:13:04,10.37,-0.01,32,33201,卖盘
569,10:13:06,10.37,0.0,3,3111,卖盘
570,10:13:10,10.38,0.01,3,3114,中性盘
571,10:13:13,10.38,0.0,47,48786,卖盘
572,10:13:16,10.37,-0.01,6,6222,卖盘
573,10:13:21,10.37,0.0,3,3111,卖盘
574,10:13:30,10.37,0.0,1,1037,卖盘
575,10:13:36,10.38,0.01,11,11413,买盘
576,10:13:39,10.37,-0.01,64,66368,卖盘
577,10:13:55,10.38,0.01,20,20760,买盘
578,10:14:06,10.37,-0.01,2,2074,卖盘
579,10:14:28,10.38,0.01,5,5190,买盘
580,10:14:34,10.37,-0.01,198,205627,卖盘
581,10:14:40,10.37,0.0,7,6958,买盘
582,10:14:45,10.38,0.01,1,1038,买盘
583,10:14:51,10.37,-0.01,9,9640,卖盘
584,10:14:55,10.38,0.01,100,103775,买盘
585,10:15:13,10.38,0.0,5,5190,买盘
586,10:15:22,10.38,0.0,5,5190,买盘
587,10:15:24,10.37,-0.01,10,10370,卖盘
588,10:15:31,10.38,0.01,3,3114,买盘
589,10:15:33,10.38,0.0,3,3114,买盘
590,10:15:40,10.37,-0.01,6,6222,卖盘
591,10:15:42,10.38,0.01,11,11418,买盘
592,10:15:45,10.38,0.0,44,45672,买盘
593,10:15:48,10.39,0.01,3,2815,卖盘
594,10:15:55,10.37,-0.02,4,4152,卖盘
595,10:15:58,10.4,0.03,16,16640,买盘
596,10:16:06,10.4,0.0,2,2080,买盘
597,10:16:16,10.39,-0.01,6,6234,买盘
598,10:16:27,10.39,0.0,1,1039,买盘
599,10:16:30,10.39,0.0,9,9351,买盘
600,10:16:36,10.39,0.0,15,15576,买盘
601,10:16:40,10.38,-0.01,12,12467,卖盘
602,10:16:42,10.38,0.0,4,4152,买盘
603,10:16:45,10.4,0.02,17,17679,买盘
604,10:16:48,10.4,0.0,5,5200,买盘
605,10:16:54,10.4,0.0,25,26000,买盘
606,10:16:57,10.39,-0.01,5,5195,卖盘
607,10:17:01,10.4,0.01,1,1040,买盘
608,10:17:04,10.4,0.0,68,70532,买盘
609,10:17:07,10.4,0.0,28,29120,买盘
610,10:17:12,10.4,0.0,29,30160,买盘
611,10:17:15,10.4,0.0,21,21840,买盘
612,10:17:19,10.39,-0.01,6,6234,卖盘
613,10:17:22,10.4,0.01,20,20800,买盘
614,10:17:25,10.4,0.0,57,59266,买盘
615,10:17:31,10.37,-0.03,114,118229,卖盘
616,10:17:36,10.37,0.0,66,68520,卖盘
617,10:17:42,10.37,0.0,1,1037,卖盘
618,10:17:45,10.4,0.03,38,39520,买盘
619,10:17:52,10.37,-0.03,64,66368,卖盘
620,10:18:21,10.37,0.0,6,6222,卖盘
621,10:18:27,10.36,-0.01,6,6221,卖盘
622,10:18:31,10.36,0.0,7,7252,卖盘
623,10:18:33,10.36,0.0,20,20720,卖盘
624,10:18:36,10.36,0.0,100,103600,卖盘
625,10:18:43,10.36,0.0,127,131572,卖盘
626,10:18:46,10.36,0.0,11,11396,卖盘
627,10:18:55,10.37,0.01,20,20740,买盘
628,10:19:01,10.37,0.0,5,5185,买盘
629,10:19:07,10.36,-0.01,10,10360,卖盘
630,10:19:12,10.36,0.0,42,43512,卖盘
631,10:19:16,10.36,0.0,699,724620,卖盘
632,10:19:19,10.36,0.0,30,31080,买盘
633,10:19:22,10.36,0.0,403,417124,买盘
634,10:19:25,10.36,0.0,23,23372,买盘
635,10:19:28,10.34,-0.02,192,198596,卖盘
636,10:19:31,10.35,0.01,5,5175,买盘
637,10:19:33,10.36,0.01,159,164459,买盘
638,10:19:36,10.36,0.0,16,16564,买盘
639,10:19:43,10.35,-0.01,48,49635,中性盘
640,10:19:45,10.36,0.01,20,20720,买盘
641,10:19:49,10.34,-0.02,120,124149,卖盘
642,10:19:54,10.33,-0.01,129,133344,卖盘
643,10:20:04,10.33,0.0,50,51665,卖盘
644,10:20:10,10.33,0.0,48,49599,卖盘
645,10:20:19,10.34,0.01,8,8267,中性盘
646,10:20:22,10.34,0.0,2,2068,买盘
647,10:20:28,10.34,0.0,3,3102,买盘
648,10:20:30,10.34,0.0,2,2068,卖盘
649,10:20:37,10.33,-0.01,177,183296,卖盘
650,10:20:39,10.33,0.0,15,15495,买盘
651,10:20:42,10.34,0.01,208,214250,买盘
652,10:20:49,10.32,-0.02,44,45886,卖盘
653,10:20:52,10.35,0.03,15,15518,买盘
654,10:21:01,10.35,0.0,10,10350,买盘
655,10:21:07,10.35,0.0,16,16549,买盘
656,10:21:13,10.35,0.0,31,32085,买盘
657,10:21:16,10.37,0.02,67,68927,买盘
658,10:21:18,10.34,-0.03,68,70342,卖盘
659,10:21:21,10.35,0.01,25,25875,买盘
660,10:21:24,10.36,0.01,136,140759,买盘
661,10:21:27,10.37,0.01,70,72563,买盘
662,10:21:31,10.37,0.0,102,105594,买盘
663,10:21:37,10.38,0.01,25,25940,买盘
664,10:21:40,10.35,-0.03,85,87835,中性盘
665,10:21:45,10.32,-0.03,91,93980,卖盘
666,10:21:48,10.35,0.03,28,28972,买盘
667,10:21:51,10.38,0.03,8,8304,买盘
668,10:22:06,10.37,-0.01,44,45628,买盘
669,10:22:22,10.33,-0.04,3,3101,卖盘
670,10:22:25,10.34,0.01,10,10340,中性盘
671,10:22:28,10.32,-0.02,76,78502,卖盘
672,10:22:37,10.32,0.0,3,3096,卖盘
673,10:22:40,10.36,0.04,35,36252,买盘
674,10:22:45,10.33,-0.03,46,47475,中性盘
675,10:22:55,10.35,0.02,15,15525,买盘
676,10:22:58,10.33,-0.02,37,38221,卖盘
677,10:23:01,10.33,0.0,35,36155,卖盘
678,10:23:04,10.32,-0.01,51,52632,卖盘
679,10:23:07,10.33,0.01,32,33056,买盘
680,10:23:13,10.35,0.02,71,73290,买盘
681,10:23:19,10.32,-0.03,11,11362,卖盘
682,10:23:22,10.33,0.01,10,10330,买盘
683,10:23:25,10.33,0.0,3,3099,买盘
684,10:23:28,10.33,0.0,17,17561,买盘
685,10:23:31,10.33,0.0,21,21693,买盘
686,10:23:33,10.32,-0.01,47,48504,卖盘
687,10:23:39,10.32,0.0,27,27885,卖盘
688,10:23:43,10.32,0.0,105,108360,卖盘
689,10:23:45,10.33,0.01,59,60866,买盘
690,10:23:52,10.33,0.0,85,87645,买盘
691,10:23:55,10.33,0.0,6,6198,买盘
692,10:23:58,10.32,-0.01,32,33024,买盘
693,10:24:04,10.32,0.0,7,7224,买盘
694,10:24:10,10.32,0.0,2,2064,买盘
695,10:24:12,10.32,0.0,15,15480,买盘
696,10:24:15,10.31,-0.01,20,20620,卖盘
697,10:24:22,10.31,0.0,25,25775,卖盘
698,10:24:25,10.32,0.01,20,20640,买盘
699,10:24:34,10.32,0.0,32,33024,买盘
700,10:24:37,10.32,0.0,90,92880,买盘
701,10:24:39,10.32,0.0,145,149605,买盘
702,10:24:43,10.32,0.0,25,25800,买盘
703,10:24:46,10.32,0.0,40,41280,买盘
704,10:24:49,10.37,0.05,168,173466,买盘
705,10:24:52,10.37,0.0,94,97478,买盘
706,10:25:01,10.37,0.0,14,14518,买盘
707,10:25:31,10.36,-0.01,39,40404,买盘
708,10:25:43,10.32,-0.04,10,10320,卖盘
709,10:25:48,10.33,0.01,3,3099,卖盘
710,10:25:52,10.33,0.0,23,23759,卖盘
711,10:25:54,10.33,0.0,3,3099,卖盘
712,10:25:58,10.32,-0.01,28,28931,卖盘
713,10:26:01,10.32,0.0,59,60888,卖盘
714,10:26:07,10.32,0.0,46,47492,卖盘
715,10:26:09,10.33,0.01,15,15490,买盘
716,10:26:13,10.32,-0.01,5,5160,卖盘
717,10:26:18,10.32,0.0,8,8259,卖盘
718,10:26:24,10.32,0.0,12,12384,卖盘
719,10:26:28,10.33,0.01,18,18582,买盘
720,10:26:34,10.33,0.0,10,10330,买盘
721,10:26:37,10.33,0.0,2,2066,买盘
722,10:26:40,10.33,0.0,1,1033,买盘
723,10:26:43,10.33,0.0,14,14453,买盘
724,10:26:46,10.33,0.0,1,1033,买盘
725,10:26:57,10.33,0.0,10,10330,卖盘
726,10:27:01,10.34,0.01,1,1034,买盘
727,10:27:04,10.33,-0.01,1,1033,卖盘
728,10:27:07,10.34,0.01,2,2067,买盘
729,10:27:10,10.32,-0.02,17,17546,卖盘
730,10:27:13,10.33,0.01,2,2066,卖盘
731,10:27:18,10.34,0.01,3,3102,买盘
732,10:27:22,10.34,0.0,3,3102,买盘
733,10:27:28,10.34,0.0,8,8265,中性盘
734,10:27:37,10.34,0.0,8,8267,买盘
735,10:27:43,10.33,-0.01,3,3099,卖盘
736,10:27:45,10.33,0.0,3,3099,卖盘
737,10:27:48,10.34,0.01,34,35150,买盘
738,10:27:52,10.34,0.0,8,8272,卖盘
739,10:27:57,10.33,-0.01,86,88911,卖盘
740,10:28:01,10.35,0.02,32,33100,买盘
741,10:28:04,10.36,0.01,32,33125,买盘
742,10:28:07,10.33,-0.03,10,10330,卖盘
743,10:28:10,10.37,0.04,99,102397,买盘
744,10:28:12,10.33,-0.04,7,7231,卖盘
745,10:28:16,10.33,0.0,24,24792,卖盘
746,10:28:21,10.33,0.0,5,5165,买盘
747,10:28:24,10.32,-0.01,6,6192,卖盘
748,10:28:37,10.32,0.0,25,25800,卖盘
749,10:28:39,10.32,0.0,24,24768,卖盘
750,10:28:43,10.32,0.0,16,16512,卖盘
751,10:28:49,10.32,0.0,200,206400,卖盘
752,10:28:52,10.32,0.0,9,9288,卖盘
753,10:28:55,10.32,0.0,14,14448,卖盘
754,10:28:57,10.32,0.0,174,179571,卖盘
755,10:29:00,10.33,0.01,3,3099,买盘
756,10:29:04,10.32,-0.01,10,10320,卖盘
757,10:29:07,10.32,0.0,20,20640,卖盘
758,10:29:09,10.32,0.0,6,6192,卖盘
759,10:29:13,10.32,0.0,13,13416,卖盘
760,10:29:16,10.33,0.01,32,33027,买盘
761,10:29:24,10.32,-0.01,16,16512,卖盘
762,10:29:31,10.32,0.0,9,9288,卖盘
763,10:29:33,10.32,0.0,16,16512,买盘
764,10:29:36,10.32,0.0,45,46440,买盘
765,10:29:40,10.31,-0.01,15,15471,卖盘
766,10:29:42,10.32,0.01,5,5159,买盘
767,10:29:45,10.33,0.01,36,37187,买盘
768,10:29:52,10.31,-0.02,11,11341,卖盘
769,10:29:55,10.32,0.01,50,51600,中性盘
770,10:30:04,10.31,-0.01,51,52581,卖盘
771,10:30:06,10.32,0.01,3,3096,买盘
772,10:30:09,10.31,-0.01,50,51550,卖盘
773,10:30:12,10.32,0.01,5,5160,买盘
774,10:30:16,10.32,0.0,31,31992,买盘
775,10:30:28,10.32,0.0,19,19608,卖盘
776,10:30:31,10.32,0.0,1,1032,买盘
777,10:30:36,10.32,0.0,5,5160,卖盘
778,10:30:39,10.32,0.0,14,14448,卖盘
779,10:30:42,10.32,0.0,6,6192,买盘
780,10:30:48,10.32,0.0,41,42280,买盘
781,10:30:52,10.32,0.0,64,66048,买盘
782,10:30:54,10.33,0.01,55,56792,买盘
783,10:30:57,10.32,-0.01,10,10329,中性盘
784,10:31:01,10.31,-0.01,516,532026,卖盘
785,10:31:04,10.33,0.02,10,10330,买盘
786,10:31:22,10.32,-0.01,3,3096,买盘
787,10:31:24,10.32,0.0,9,9288,买盘
788,10:31:31,10.32,0.0,1,1032,买盘
789,10:31:40,10.32,0.0,38,39189,买盘
790,10:31:45,10.32,0.0,15,15480,买盘
791,10:31:54,10.32,0.0,30,30960,买盘
792,10:31:57,10.31,-0.01,20,20620,卖盘
793,10:32:01,10.31,0.0,30,30930,卖盘
794,10:32:07,10.31,0.0,17,17527,卖盘
795,10:32:10,10.31,0.0,45,46395,卖盘
796,10:32:21,10.32,0.01,2,2064,买盘
797,10:32:28,10.31,-0.01,78,80418,卖盘
798,10:32:33,10.31,0.0,201,207111,卖盘
799,10:32:36,10.32,0.01,59,60859,买盘
800,10:32:40,10.31,-0.01,8,8248,卖盘
801,10:32:42,10.31,0.0,14,14434,中性盘
802,10:32:46,10.31,0.0,4,4124,卖盘
803,10:32:49,10.31,0.0,22,22702,卖盘
804,10:32:54,10.31,0.0,8,8248,买盘
805,10:33:01,10.31,0.0,10,10310,买盘
806,10:33:04,10.31,0.0,60,61857,买盘
807,10:33:07,10.3,-0.01,64,65955,卖盘
808,10:33:09,10.3,0.0,11,11340,卖盘
809,10:33:13,10.31,0.01,20,20620,买盘
810,10:33:16,10.31,0.0,9,9279,买盘
811,10:33:19,10.31,0.0,9,9279,买盘
812,10:33:21,10.31,0.0,162,166872,买盘
813,10:33:28,10.31,0.0,55,56757,卖盘
814,10:33:34,10.31,0.0,13,13403,卖盘
815,10:33:37,10.31,0.0,37,38147,买盘
816,10:33:40,10.31,0.0,20,20620,买盘
817,10:33:43,10.3,-0.01,5,5150,卖盘
818,10:33:57,10.3,0.0,100,103000,卖盘
819,10:34:01,10.3,0.0,2,2060,卖盘
820,10:34:04,10.31,0.01,24,24740,买盘
821,10:34:13,10.31,0.0,87,89697,买盘
822,10:34:15,10.31,0.0,6,6186,卖盘
823,10:34:31,10.31,0.0,101,104131,卖盘
824,10:34:33,10.32,0.01,94,97008,买盘
825,10:34:37,10.32,0.0,25,25800,卖盘
826,10:34:48,10.32,0.0,5,5160,卖盘
827,10:34:58,10.32,0.0,3,3096,卖盘
828,10:35:01,10.32,0.0,4,4128,卖盘
829,10:35:06,10.32,0.0,11,11353,卖盘
830,10:35:16,10.32,0.0,10,10320,卖盘
831,10:35:19,10.33,0.01,3,3099,买盘
832,10:35:22,10.33,0.0,14,14462,买盘
833,10:35:25,10.32,-0.01,2,2064,卖盘
834,10:35:28,10.32,0.0,10,10325,卖盘
835,10:35:34,10.33,0.01,10,10330,买盘
836,10:35:40,10.32,-0.01,73,74717,卖盘
837,10:35:43,10.32,0.0,13,13415,买盘
838,10:35:46,10.32,0.0,41,42326,买盘
839,10:35:51,10.33,0.01,31,32004,买盘
840,10:35:54,10.31,-0.02,8,8250,卖盘
841,10:35:58,10.33,0.02,21,21679,买盘
842,10:36:01,10.32,-0.01,28,28896,买盘
843,10:36:07,10.31,-0.01,53,54685,卖盘
844,10:36:13,10.34,0.03,66,68234,买盘
845,10:36:16,10.31,-0.03,15,15470,卖盘
846,10:36:22,10.32,0.01,13,13440,卖盘
847,10:36:33,10.34,0.02,6,6204,买盘
848,10:36:36,10.34,0.0,1,1034,买盘
849,10:36:39,10.33,-0.01,35,36187,中性盘
850,10:36:46,10.32,-0.01,70,72323,卖盘
851,10:36:48,10.32,0.0,3,3096,卖盘
852,10:36:51,10.33,0.01,23,23739,买盘
853,10:36:55,10.33,0.0,10,10330,买盘
854,10:37:10,10.32,-0.01,58,59813,买盘
855,10:37:12,10.31,-0.01,158,162965,卖盘
856,10:37:15,10.33,0.02,59,60941,买盘
857,10:37:18,10.33,0.0,42,43386,买盘
858,10:37:25,10.31,-0.02,15,15477,卖盘
859,10:37:28,10.33,0.02,14,14440,买盘
860,10:37:31,10.31,-0.02,61,62899,卖盘
861,10:37:39,10.33,0.02,20,20660,买盘
862,10:37:42,10.32,-0.01,5,5160,卖盘
863,10:37:52,10.32,0.0,7,7224,卖盘
864,10:37:55,10.32,0.0,4,4128,卖盘
865,10:37:58,10.33,0.01,48,49575,买盘
866,10:38:01,10.33,0.0,3,3099,买盘
867,10:38:07,10.31,-0.02,189,194859,卖盘
868,10:38:09,10.31,0.0,102,105162,买盘
869,10:38:19,10.31,0.0,10,10310,买盘
870,10:38:22,10.3,-0.01,46,47380,卖盘
871,10:38:28,10.3,0.0,29,29870,卖盘
872,10:38:37,10.3,0.0,176,181074,卖盘
873,10:38:42,10.3,0.0,1,1030,卖盘
874,10:38:46,10.3,0.0,13,13397,卖盘
875,10:38:48,10.3,0.0,1,1030,卖盘
876,10:38:52,10.3,0.0,170,175100,卖盘
877,10:38:54,10.31,0.01,10,10310,买盘
878,10:38:57,10.3,-0.01,101,104030,卖盘
879,10:39:12,10.3,0.0,1,1030,卖盘
880,10:39:15,10.3,0.0,16,16480,卖盘
881,10:39:28,10.32,0.02,445,459154,买盘
882,10:39:37,10.3,-0.02,25,25759,卖盘
883,10:39:40,10.3,0.0,1,1030,卖盘
884,10:39:46,10.31,0.01,9,9274,买盘
885,10:39:49,10.3,-0.01,11,11336,卖盘
886,10:39:52,10.3,0.0,50,51500,卖盘
887,10:40:01,10.31,0.01,31,31985,卖盘
888,10:40:04,10.32,0.01,121,124771,买盘
889,10:40:06,10.31,-0.01,46,47459,卖盘
890,10:40:10,10.32,0.01,7,7224,买盘
891,10:40:19,10.32,0.0,1,1032,买盘
892,10:40:28,10.32,0.0,18,18576,买盘
893,10:40:34,10.32,0.0,5,5160,卖盘
894,10:40:37,10.32,0.0,14,14448,卖盘
895,10:40:40,10.32,0.0,5,5160,卖盘
896,10:40:43,10.33,0.01,300,309900,买盘
897,10:41:04,10.32,-0.01,1,1032,卖盘
898,10:41:07,10.33,0.01,29,29957,买盘
899,10:41:10,10.33,0.0,3,3099,卖盘
900,10:41:13,10.33,0.0,5,5165,卖盘
901,10:41:31,10.33,0.0,10,10330,卖盘
902,10:41:33,10.35,0.02,30,31035,买盘
903,10:41:39,10.33,-0.02,23,23778,卖盘
904,10:41:42,10.33,0.0,1,1033,卖盘
905,10:41:49,10.35,0.02,32,33114,买盘
906,10:41:55,10.35,0.0,32,33120,买盘
907,10:41:58,10.35,0.0,3,3105,买盘
908,10:42:01,10.35,0.0,50,51750,买盘
909,10:42:07,10.34,-0.01,6,6204,卖盘
910,10:42:10,10.34,0.0,11,11374,卖盘
911,10:42:16,10.35,0.01,19,19665,买盘
912,10:42:22,10.35,0.0,2,2070,买盘
913,10:42:28,10.34,-0.01,37,38258,卖盘
914,10:42:34,10.34,0.0,1,1034,买盘
915,10:42:39,10.34,0.0,27,27913,买盘
916,10:42:43,10.34,0.0,11,11374,卖盘
917,10:43:12,10.34,0.0,8,8272,卖盘
918,10:43:18,10.35,0.01,17,17585,买盘
919,10:43:33,10.34,-0.01,100,103400,卖盘
920,10:43:39,10.34,0.0,8,8272,卖盘
921,10:43:42,10.34,0.0,4,4550,买盘
922,10:43:49,10.34,0.0,4,3722,卖盘
923,10:43:54,10.33,-0.01,10,10330,卖盘
924,10:43:57,10.34,0.01,2,2068,买盘
925,10:44:00,10.34,0.0,10,10340,买盘
926,10:44:07,10.33,-0.01,8,8264,卖盘
927,10:44:16,10.33,0.0,1,1033,卖盘
928,10:44:19,10.33,0.0,3,3099,卖盘
929,10:44:22,10.34,0.01,40,41756,买盘
930,10:44:28,10.34,0.0,17,17578,卖盘
931,10:44:39,10.35,0.01,5,5175,买盘
932,10:44:43,10.34,-0.01,6,6204,卖盘
933,10:44:46,10.34,0.0,1,1034,卖盘
934,10:44:49,10.35,0.01,7,7245,买盘
935,10:44:52,10.34,-0.01,37,37844,卖盘
936,10:44:58,10.34,0.0,2,2482,买盘
937,10:45:01,10.35,0.01,5,5175,买盘
938,10:45:18,10.34,0.0,30,30296,卖盘
939,10:45:34,10.34,0.0,3,3102,买盘
940,10:45:43,10.33,-0.01,8,8264,卖盘
941,10:45:58,10.33,0.0,15,15495,卖盘
942,10:46:06,10.34,0.01,96,99264,买盘
943,10:46:12,10.33,-0.01,1,1033,卖盘
944,10:46:16,10.34,0.01,7,7238,买盘
945,10:46:19,10.33,-0.01,9,9297,卖盘
946,10:46:21,10.33,0.0,4,4132,卖盘
947,10:46:34,10.34,0.01,7,7236,买盘
948,10:46:36,10.33,-0.01,5,5165,卖盘
949,10:46:48,10.33,0.0,18,18598,卖盘
950,10:46:55,10.34,0.01,3,3102,买盘
951,10:47:01,10.33,-0.01,55,56815,卖盘
952,10:47:04,10.33,0.0,2,2066,卖盘
953,10:47:16,10.33,0.0,30,31000,卖盘
954,10:47:22,10.33,0.0,60,62000,卖盘
955,10:47:40,10.34,0.01,3,3102,买盘
956,10:47:42,10.33,-0.01,7,7231,卖盘
957,10:47:46,10.33,0.0,11,11363,卖盘
958,10:47:48,10.33,0.0,294,303709,卖盘
959,10:48:04,10.32,-0.01,3,3096,卖盘
960,10:48:06,10.32,0.0,73,75336,卖盘
961,10:48:12,10.32,0.0,86,88752,卖盘
962,10:48:37,10.32,0.0,6,6192,买盘
963,10:48:40,10.32,0.0,20,20640,卖盘
964,10:48:43,10.32,0.0,4,4128,卖盘
965,10:48:48,10.32,0.0,13,13416,买盘
966,10:49:04,10.31,-0.01,20,20620,卖盘
967,10:49:06,10.31,0.0,1,1031,卖盘
968,10:49:09,10.32,0.01,3,3096,买盘
969,10:49:12,10.31,-0.01,17,17534,卖盘
970,10:49:19,10.31,0.0,21,21651,卖盘
971,10:49:37,10.31,0.0,1,1031,卖盘
972,10:49:40,10.32,0.01,2,2064,买盘
973,10:49:46,10.31,-0.01,5,5155,卖盘
974,10:50:04,10.31,0.0,7,7217,卖盘
975,10:50:19,10.31,0.0,60,61860,卖盘
976,10:50:21,10.31,0.0,10,10310,卖盘
977,10:50:27,10.31,0.0,18,18558,卖盘
978,10:50:30,10.31,0.0,31,31961,卖盘
979,10:50:33,10.31,0.0,6,6186,卖盘
980,10:50:37,10.31,0.0,51,52581,卖盘
981,10:50:40,10.32,0.01,410,422720,买盘
982,10:50:43,10.31,-0.01,50,51550,卖盘
983,10:50:46,10.31,0.0,5,5155,卖盘
984,10:50:49,10.31,0.0,3,3093,卖盘
985,10:50:51,10.32,0.01,30,30960,买盘
986,10:50:54,10.31,-0.01,90,92790,卖盘
987,10:51:01,10.31,0.0,15,15465,卖盘
988,10:51:04,10.31,0.0,4,4124,卖盘
989,10:51:07,10.31,0.0,9,9279,卖盘
990,10:51:09,10.3,-0.01,139,143302,卖盘
991,10:51:28,10.31,0.01,6,6186,卖盘
992,10:51:34,10.31,0.0,1,1031,卖盘
993,10:51:39,10.31,0.0,6,6186,卖盘
994,10:51:43,10.31,0.0,4,4124,卖盘
995,10:51:46,10.31,0.0,18,18558,买盘
996,10:51:49,10.3,-0.01,22,22662,卖盘
997,10:51:54,10.3,0.0,6,6180,卖盘
998,10:52:04,10.3,0.0,2,2060,卖盘
999,10:52:13,10.31,0.01,7,7217,买盘
1000,10:52:16,10.3,-0.01,36,37080,卖盘
1001,10:52:25,10.3,0.0,1,1030,卖盘
1002,10:52:27,10.3,0.0,95,97850,卖盘
1003,10:52:31,10.31,0.01,3,3093,买盘
1004,10:52:42,10.3,-0.01,25,25770,卖盘
1005,10:52:45,10.3,0.0,12,12360,卖盘
1006,10:52:51,10.3,0.0,22,22670,卖盘
1007,10:52:58,10.31,0.01,2,2062,买盘
1008,10:53:01,10.31,0.0,19,19589,买盘
1009,10:53:04,10.3,-0.01,5,5150,卖盘
1010,10:53:07,10.3,0.0,1,1030,卖盘
1011,10:53:10,10.31,0.01,15,15465,买盘
1012,10:53:13,10.31,0.0,33,34023,买盘
1013,10:53:18,10.3,-0.01,25,25750,卖盘
1014,10:53:21,10.31,0.01,60,61849,买盘
1015,10:53:24,10.3,-0.01,8,8240,卖盘
1016,10:53:28,10.3,0.0,3,3090,卖盘
1017,10:53:40,10.31,0.01,4,4124,买盘
1018,10:53:46,10.3,-0.01,6,6180,卖盘
1019,10:53:48,10.3,0.0,93,95807,卖盘
1020,10:53:51,10.3,0.0,69,71074,卖盘
1021,10:53:55,10.3,0.0,6,6180,卖盘
1022,10:53:58,10.31,0.01,10,10310,买盘
1023,10:54:01,10.3,-0.01,9,9270,卖盘
1024,10:54:07,10.3,0.0,8,8240,卖盘
1025,10:54:09,10.3,0.0,500,515000,卖盘
1026,10:54:13,10.3,0.0,50,51500,卖盘
1027,10:54:15,10.3,0.0,129,132870,卖盘
1028,10:54:18,10.3,0.0,233,240134,卖盘
1029,10:54:21,10.3,0.0,20,20600,买盘
1030,10:54:24,10.29,-0.01,3,3087,卖盘
1031,10:54:27,10.29,0.0,111,114219,卖盘
1032,10:54:30,10.29,0.0,18,18522,卖盘
1033,10:54:36,10.28,-0.01,6,6168,卖盘
1034,10:54:40,10.28,0.0,156,160368,卖盘
1035,10:54:42,10.28,0.0,174,178872,卖盘
1036,10:54:57,10.27,-0.01,75,77025,卖盘
1037,10:55:01,10.27,0.0,72,73994,卖盘
1038,10:55:04,10.26,-0.01,4,4106,卖盘
1039,10:55:09,10.26,0.0,57,58489,卖盘
1040,10:55:13,10.26,0.0,10,10260,卖盘
1041,10:55:16,10.25,-0.01,127,130278,卖盘
1042,10:55:22,10.26,0.01,22,22570,买盘
1043,10:55:25,10.26,0.0,5,5127,买盘
1044,10:55:28,10.25,-0.01,71,72787,卖盘
1045,10:55:31,10.25,0.0,4,4100,买盘
1046,10:55:34,10.25,0.0,5,5125,买盘
1047,10:55:37,10.25,0.0,13,13315,买盘
1048,10:55:39,10.24,-0.01,129,132111,卖盘
1049,10:55:43,10.24,0.0,14,14336,买盘
1050,10:55:45,10.24,0.0,121,123895,买盘
1051,10:55:48,10.25,0.01,24,24600,买盘
1052,10:55:51,10.25,0.0,24,24600,买盘
1053,10:55:54,10.25,0.0,19,19475,买盘
1054,10:55:57,10.26,0.01,219,224547,买盘
1055,10:56:00,10.25,-0.01,55,56411,卖盘
1056,10:56:04,10.25,0.0,101,103525,卖盘
1057,10:56:13,10.25,0.0,199,203975,卖盘
1058,10:56:21,10.25,0.0,26,26650,卖盘
1059,10:56:24,10.25,0.0,13,13325,卖盘
1060,10:56:33,10.27,0.02,29,29775,买盘
1061,10:56:37,10.27,0.0,146,149737,买盘
1062,10:56:42,10.27,0.0,81,83399,卖盘
1063,10:56:46,10.27,0.0,20,20540,买盘
1064,10:56:48,10.27,0.0,5,5135,买盘
1065,10:56:55,10.27,0.0,22,22594,买盘
1066,10:57:04,10.27,0.0,50,51350,卖盘
1067,10:57:10,10.29,0.02,9,9259,买盘
1068,10:57:12,10.29,0.0,1,1029,卖盘
1069,10:57:16,10.28,-0.01,3,3084,买盘
1070,10:57:19,10.28,0.0,33,33924,买盘
1071,10:57:22,10.28,0.0,9,9252,卖盘
1072,10:57:25,10.28,0.0,2,2056,卖盘
1073,10:57:33,10.28,0.0,53,54519,卖盘
1074,10:57:43,10.27,-0.01,7,7190,卖盘
1075,10:57:51,10.28,0.01,43,44185,买盘
1076,10:58:10,10.27,-0.01,6,6162,卖盘
1077,10:58:13,10.27,0.0,4,4108,卖盘
1078,10:58:18,10.28,0.01,7,7196,买盘
1079,10:58:21,10.27,-0.01,7,7189,卖盘
1080,10:58:31,10.27,0.0,14,14378,卖盘
1081,10:58:37,10.27,0.0,42,43140,卖盘
1082,10:58:48,10.26,-0.01,155,159180,卖盘
1083,10:58:55,10.32,0.06,25,25716,买盘
1084,10:59:04,10.28,-0.04,16,16442,中性盘
1085,10:59:16,10.28,0.0,6,6168,卖盘
1086,10:59:21,10.28,0.0,5,5140,卖盘
1087,10:59:28,10.27,-0.01,65,66791,卖盘
1088,10:59:33,10.3,0.03,7,7207,买盘
1089,10:59:43,10.28,-0.02,12,12350,卖盘
1090,10:59:49,10.27,-0.01,7,7189,卖盘
1091,10:59:57,10.28,0.01,5,5140,中性盘
1092,11:00:04,10.27,-0.01,28,28756,卖盘
1093,11:00:07,10.27,0.0,9,9243,卖盘
1094,11:00:10,10.3,0.03,15,15450,买盘
1095,11:00:16,10.27,-0.03,6,6162,卖盘
1096,11:00:19,10.27,0.0,3,3081,卖盘
1097,11:00:22,10.3,0.03,102,104766,买盘
1098,11:00:30,10.3,0.0,32,32960,买盘
1099,11:00:43,10.28,-0.02,6,6168,卖盘
1100,11:00:46,10.28,0.0,6,6168,卖盘
1101,11:00:55,10.28,0.0,13,13364,卖盘
1102,11:01:01,10.28,0.0,50,51400,买盘
1103,11:01:04,10.27,-0.01,11,11302,卖盘
1104,11:01:07,10.28,0.01,1,1028,买盘
1105,11:01:10,10.28,0.0,7,7196,买盘
1106,11:01:15,10.27,-0.01,6,6162,卖盘
1107,11:01:21,10.27,0.0,5,5135,卖盘
1108,11:01:24,10.27,0.0,13,13352,卖盘
1109,11:01:28,10.27,0.0,7,7189,卖盘
1110,11:01:34,10.28,0.01,16,16442,买盘
1111,11:01:37,10.28,0.0,16,16448,买盘
1112,11:01:43,10.27,-0.01,5,5135,卖盘
1113,11:01:49,10.28,0.01,18,18504,买盘
1114,11:01:52,10.27,-0.01,7,7194,卖盘
1115,11:01:55,10.27,0.0,14,14378,卖盘
1116,11:02:01,10.27,0.0,6,6162,卖盘
1117,11:02:06,10.27,0.0,6,6162,卖盘
1118,11:02:13,10.28,0.01,24,24672,买盘
1119,11:02:16,10.27,-0.01,5,5135,卖盘
1120,11:02:22,10.27,0.0,10,10270,卖盘
1121,11:02:25,10.27,0.0,80,82160,卖盘
1122,11:02:30,10.26,-0.01,6,6156,卖盘
1123,11:02:37,10.29,0.03,500,514206,买盘
1124,11:02:39,10.26,-0.03,12,12333,卖盘
1125,11:02:43,10.26,0.0,5,5130,卖盘
1126,11:02:46,10.26,0.0,6,6156,卖盘
1127,11:02:48,10.26,0.0,15,15390,卖盘
1128,11:02:51,10.26,0.0,6,6156,卖盘
1129,11:02:57,10.26,0.0,6,6156,卖盘
1130,11:03:04,10.26,0.0,34,34912,卖盘
1131,11:03:15,10.26,0.0,4,4104,卖盘
1132,11:03:24,10.27,0.01,10,10270,买盘
1133,11:03:27,10.27,0.0,25,25675,买盘
1134,11:03:34,10.26,-0.01,6,6156,卖盘
1135,11:03:37,10.27,0.01,2,2054,买盘
1136,11:03:40,10.26,-0.01,55,56430,卖盘
1137,11:03:43,10.26,0.0,6,6156,卖盘
1138,11:03:45,10.26,0.0,2,2052,卖盘
1139,11:03:48,10.26,0.0,6,6156,卖盘
1140,11:03:55,10.26,0.0,5,5130,卖盘
1141,11:04:01,10.27,0.01,2,2054,买盘
1142,11:04:09,10.27,0.0,7,7189,买盘
1143,11:04:13,10.26,-0.01,13,13344,卖盘
1144,11:04:15,10.26,0.0,4,4104,卖盘
1145,11:04:22,10.27,0.01,11,11297,买盘
1146,11:04:25,10.27,0.0,26,26702,买盘
1147,11:04:30,10.27,0.0,6,6162,卖盘
1148,11:04:37,10.27,0.0,14,14394,卖盘
1149,11:04:40,10.27,0.0,1,1027,卖盘
1150,11:04:43,10.27,0.0,18,18486,卖盘
1151,11:04:45,10.27,0.0,13,13361,卖盘
1152,11:04:51,10.27,0.0,6,6162,卖盘
1153,11:04:57,10.27,0.0,6,6162,卖盘
1154,11:05:00,10.29,0.02,4,4116,买盘
1155,11:05:10,10.27,-0.02,3,3081,卖盘
1156,11:05:12,10.27,0.0,10,10270,卖盘
1157,11:05:15,10.27,0.0,7,7190,卖盘
1158,11:05:19,10.27,0.0,23,23621,卖盘
1159,11:05:25,10.27,0.0,4,4108,卖盘
1160,11:05:28,10.27,0.0,4,4108,买盘
1161,11:05:31,10.27,0.0,3,3081,卖盘
1162,11:05:34,10.27,0.0,6,6162,卖盘
1163,11:05:36,10.26,-0.01,41,42097,卖盘
1164,11:05:43,10.26,0.0,6,6156,卖盘
1165,11:05:46,10.26,0.0,45,46170,卖盘
1166,11:05:49,10.27,0.01,42,43128,买盘
1167,11:05:52,10.27,0.0,62,63674,卖盘
1168,11:05:54,10.26,-0.01,100,102602,卖盘
1169,11:05:58,10.25,-0.01,102,104597,卖盘
1170,11:06:04,10.25,0.0,13,13335,卖盘
1171,11:06:10,10.26,0.01,98,100548,买盘
1172,11:06:12,10.25,-0.01,59,60494,卖盘
1173,11:06:21,10.27,0.02,109,111915,买盘
1174,11:06:27,10.27,0.0,1,1027,卖盘
1175,11:06:30,10.28,0.01,32,32894,买盘
1176,11:06:34,10.26,-0.02,5,5130,卖盘
1177,11:06:37,10.28,0.02,12,12334,买盘
1178,11:06:43,10.27,-0.01,6,6162,卖盘
1179,11:06:46,10.27,0.0,5,5135,卖盘
1180,11:06:51,10.25,-0.02,6,6150,卖盘
1181,11:06:55,10.27,0.02,7,7189,买盘
1182,11:06:58,10.28,0.01,32,32894,买盘
1183,11:07:01,10.25,-0.03,295,302386,卖盘
1184,11:07:04,10.25,0.0,200,205000,买盘
1185,11:07:07,10.25,0.0,7,7175,买盘
1186,11:07:13,10.24,-0.01,6,6144,卖盘
1187,11:07:18,10.24,0.0,7,7168,卖盘
1188,11:07:21,10.24,0.0,20,20480,卖盘
1189,11:07:24,10.25,0.01,29,29701,买盘
1190,11:07:27,10.25,0.0,15,15375,卖盘
1191,11:07:30,10.25,0.0,13,13325,卖盘
1192,11:07:37,10.25,0.0,367,376175,卖盘
1193,11:07:42,10.24,-0.01,6,6144,卖盘
1194,11:07:48,10.24,0.0,12,12294,卖盘
1195,11:07:57,10.24,0.0,36,36864,卖盘
1196,11:08:00,10.24,0.0,31,31773,卖盘
1197,11:08:04,10.24,0.0,6,6144,卖盘
1198,11:08:09,10.25,0.01,15,15365,买盘
1199,11:08:13,10.24,-0.01,135,138240,卖盘
1200,11:08:16,10.25,0.01,4,4098,买盘
1201,11:08:19,10.24,-0.01,31,31760,卖盘
1202,11:08:22,10.24,0.0,30,30720,买盘
1203,11:08:25,10.2,-0.04,1000,1020986,卖盘
1204,11:08:27,10.24,0.04,20,20480,买盘
1205,11:08:30,10.23,-0.01,3,3071,卖盘
1206,11:08:33,10.23,0.0,6,6138,卖盘
1207,11:08:37,10.23,0.0,86,88343,卖盘
1208,11:08:42,10.2,-0.03,500,510014,卖盘
1209,11:08:52,10.21,0.01,5,5105,卖盘
1210,11:08:54,10.21,0.0,9,9189,买盘
1211,11:08:57,10.2,-0.01,20,20411,卖盘
1212,11:09:01,10.2,0.0,222,226134,卖盘
1213,11:09:06,10.2,0.0,99,100980,买盘
1214,11:09:09,10.22,0.02,252,257394,买盘
1215,11:09:15,10.19,-0.03,121,123323,卖盘
1216,11:09:18,10.18,-0.01,500,509241,卖盘
1217,11:09:22,10.2,0.02,1,1020,卖盘
1218,11:09:27,10.2,0.0,21,21420,卖盘
1219,11:09:30,10.2,0.0,30,30600,卖盘
1220,11:09:33,10.2,0.0,60,61200,买盘
1221,11:09:37,10.2,0.0,5,5100,买盘
1222,11:09:40,10.2,0.0,225,229500,买盘
1223,11:09:43,10.2,0.0,723,736077,买盘
1224,11:09:46,10.21,0.01,37,37769,买盘
1225,11:09:48,10.2,-0.01,20,20390,中性盘
1226,11:09:55,10.19,-0.01,208,211922,卖盘
1227,11:09:58,10.19,0.0,12,12230,中性盘
1228,11:10:01,10.18,-0.01,13,13236,卖盘
1229,11:10:03,10.19,0.01,12,12228,买盘
1230,11:10:07,10.19,0.0,507,516633,买盘
1231,11:10:10,10.21,0.02,50,51015,买盘
1232,11:10:13,10.21,0.0,74,75482,买盘
1233,11:10:16,10.18,-0.03,1,1018,卖盘
1234,11:10:19,10.17,-0.01,464,472149,卖盘
1235,11:10:22,10.2,0.03,1,1020,买盘
1236,11:10:25,10.2,0.0,15,15282,买盘
1237,11:10:27,10.2,0.0,12,12233,买盘
1238,11:10:30,10.19,-0.01,2,2038,卖盘
1239,11:10:34,10.19,0.0,1,1019,卖盘
1240,11:10:40,10.2,0.01,25,25488,买盘
1241,11:10:43,10.2,0.0,36,36708,买盘
1242,11:10:46,10.2,0.0,25,25500,买盘
1243,11:10:49,10.18,-0.02,73,74407,卖盘
1244,11:10:52,10.18,0.0,195,198601,卖盘
1245,11:10:54,10.18,0.0,69,70242,买盘
1246,11:10:57,10.18,0.0,37,37666,买盘
1247,11:11:00,10.18,0.0,29,29522,买盘
1248,11:11:04,10.18,0.0,190,193125,买盘
1249,11:11:06,10.18,0.0,6,6108,卖盘
1250,11:11:13,10.18,0.0,3,3054,卖盘
1251,11:11:19,10.17,-0.01,160,162839,卖盘
1252,11:11:25,10.18,0.01,10,10180,中性盘
1253,11:11:33,10.18,0.0,26,26463,卖盘
1254,11:11:40,10.17,-0.01,22,22394,卖盘
1255,11:11:43,10.17,0.0,13,13240,卖盘
1256,11:11:46,10.18,0.01,65,66125,卖盘
1257,11:11:52,10.18,0.0,2,2036,卖盘
1258,11:11:55,10.18,0.0,6,6111,卖盘
1259,11:11:58,10.18,0.0,10,10180,卖盘
1260,11:12:01,10.18,0.0,30,30540,卖盘
1261,11:12:04,10.2,0.02,19,19370,买盘
1262,11:12:06,10.18,-0.02,11,11198,卖盘
1263,11:12:09,10.18,0.0,44,44792,卖盘
1264,11:12:13,10.19,0.01,5,5095,买盘
1265,11:12:16,10.19,0.0,10,10190,买盘
1266,11:12:19,10.19,0.0,31,31589,买盘
1267,11:12:25,10.19,0.0,5,5095,买盘
1268,11:12:28,10.18,-0.01,77,78408,卖盘
1269,11:12:30,10.19,0.01,20,20380,中性盘
1270,11:12:34,10.19,0.0,6,6114,卖盘
1271,11:12:36,10.19,0.0,6,6114,卖盘
1272,11:12:40,10.19,0.0,12,12228,卖盘
1273,11:12:43,10.2,0.01,7,7140,买盘
1274,11:12:46,10.19,-0.01,18,18641,卖盘
1275,11:12:51,10.19,0.0,50,50950,卖盘
1276,11:13:01,10.2,0.01,17,17340,买盘
1277,11:13:04,10.19,-0.01,2,2038,卖盘
1278,11:13:06,10.2,0.01,5,5100,买盘
1279,11:13:09,10.19,-0.01,13,13254,卖盘
1280,11:13:13,10.2,0.01,10,10193,买盘
1281,11:13:19,10.19,-0.01,6,6114,卖盘
1282,11:13:21,10.19,0.0,206,209618,卖盘
1283,11:13:25,10.19,0.0,11,11209,买盘
1284,11:13:27,10.18,-0.01,58,59096,卖盘
1285,11:13:34,10.18,0.0,2,2036,卖盘
1286,11:13:39,10.18,0.0,19,19354,卖盘
1287,11:13:42,10.18,0.0,40,40750,卖盘
1288,11:13:45,10.19,0.01,7,7133,买盘
1289,11:13:48,10.18,-0.01,12,12219,卖盘
1290,11:13:51,10.18,0.0,43,43774,卖盘
1291,11:13:57,10.18,0.0,5,5090,卖盘
1292,11:14:00,10.18,0.0,3,3054,卖盘
1293,11:14:04,10.18,0.0,6,6108,卖盘
1294,11:14:06,10.19,0.01,100,102196,买盘
1295,11:14:12,10.19,0.0,11,11209,卖盘
1296,11:14:18,10.19,0.0,6,6114,卖盘
1297,11:14:22,10.2,0.01,193,196855,买盘
1298,11:14:25,10.2,0.0,6,6120,买盘
1299,11:14:27,10.19,-0.01,6,6114,卖盘
1300,11:14:31,10.2,0.01,12,12238,买盘
1301,11:14:34,10.19,-0.01,5,5095,卖盘
1302,11:14:37,10.2,0.01,209,213180,买盘
1303,11:14:43,10.19,-0.01,376,383149,卖盘
1304,11:14:45,10.19,0.0,6,6114,卖盘
1305,11:14:48,10.2,0.01,2,2040,买盘
1306,11:14:52,10.19,-0.01,11,11209,卖盘
1307,11:14:58,10.2,0.01,280,285325,买盘
1308,11:15:00,10.2,0.0,2,2040,买盘
1309,11:15:04,10.19,-0.01,327,333463,卖盘
1310,11:15:06,10.2,0.01,6,6120,买盘
1311,11:15:16,10.19,-0.01,6,6114,卖盘
1312,11:15:18,10.19,0.0,72,73122,卖盘
1313,11:15:22,10.2,0.01,74,75476,买盘
1314,11:15:25,10.18,-0.02,4,4072,卖盘
1315,11:15:28,10.19,0.01,8,8147,买盘
1316,11:15:33,10.18,-0.01,6,6108,卖盘
1317,11:15:37,10.18,0.0,6,6108,卖盘
1318,11:15:40,10.19,0.01,10,10190,买盘
1319,11:15:43,10.18,-0.01,5,5090,卖盘
1320,11:15:46,10.19,0.01,33,33622,买盘
1321,11:15:49,10.18,-0.01,6,6108,卖盘
1322,11:15:52,10.18,0.0,62,63121,卖盘
1323,11:15:54,10.18,0.0,11,11198,卖盘
1324,11:15:57,10.19,0.01,7,7127,买盘
1325,11:16:01,10.19,0.0,79,80501,买盘
1326,11:16:04,10.18,-0.01,129,131363,卖盘
1327,11:16:07,10.19,0.01,7,7133,买盘
1328,11:16:10,10.18,-0.01,129,131342,卖盘
1329,11:16:13,10.18,0.0,386,392948,卖盘
1330,11:16:22,10.18,0.0,7,7126,买盘
1331,11:16:28,10.17,-0.01,6,6102,卖盘
1332,11:16:30,10.17,0.0,262,266454,卖盘
1333,11:16:33,10.18,0.01,19,19329,买盘
1334,11:16:37,10.18,0.0,32,32549,买盘
1335,11:16:40,10.18,0.0,29,29516,买盘
1336,11:16:43,10.18,0.0,3,3054,买盘
1337,11:16:48,10.18,0.0,17,17290,买盘
1338,11:16:51,10.18,0.0,8,8139,买盘
1339,11:16:54,10.17,-0.01,6,6102,卖盘
1340,11:16:57,10.17,0.0,11,11197,卖盘
1341,11:17:00,10.17,0.0,48,48858,卖盘
1342,11:17:04,10.17,0.0,22,22374,卖盘
1343,11:17:07,10.17,0.0,6,6102,卖盘
1344,11:17:12,10.18,0.01,1,1018,买盘
1345,11:17:16,10.18,0.0,11,11197,买盘
1346,11:17:22,10.17,-0.01,3,3051,卖盘
1347,11:17:24,10.17,0.0,63,64071,卖盘
1348,11:17:31,10.17,0.0,6,6102,卖盘
1349,11:17:37,10.18,0.01,1,1018,买盘
1350,11:17:40,10.18,0.0,23,23408,买盘
1351,11:17:43,10.18,0.0,15,15270,买盘
1352,11:17:46,10.17,-0.01,30,30511,卖盘
1353,11:17:49,10.17,0.0,6,6102,卖盘
1354,11:17:51,10.17,0.0,6,6102,卖盘
1355,11:17:57,10.17,0.0,138,140380,卖盘
1356,11:18:01,10.17,0.0,215,218970,卖盘
1357,11:18:07,10.16,-0.01,22,22354,卖盘
1358,11:18:13,10.17,0.01,25,25425,买盘
1359,11:18:16,10.17,0.0,5,5085,买盘
1360,11:18:18,10.17,0.0,13,13221,买盘
1361,11:18:21,10.16,-0.01,40,40665,卖盘
1362,11:18:25,10.17,0.01,3,3051,买盘
1363,11:18:28,10.16,-0.01,15,15245,卖盘
1364,11:18:31,10.16,0.0,5,5080,卖盘
1365,11:18:34,10.17,0.01,34,34564,买盘
1366,11:18:37,10.16,-0.01,56,56968,卖盘
1367,11:18:39,10.16,0.0,11,11176,卖盘
1368,11:18:43,10.17,0.01,23,23385,买盘
1369,11:18:46,10.19,0.02,87,88598,买盘
1370,11:18:49,10.19,0.0,10,10176,买盘
1371,11:18:52,10.19,0.0,3,3057,买盘
1372,11:18:55,10.19,0.0,114,116124,买盘
1373,11:18:58,10.2,0.01,189,192649,买盘
1374,11:19:00,10.2,0.0,3,3060,买盘
1375,11:19:03,10.17,-0.03,6,6102,卖盘
1376,11:19:07,10.2,0.03,40,40797,买盘
1377,11:19:37,10.17,-0.03,7,7119,卖盘
1378,11:19:39,10.18,0.01,15,15285,中性盘
1379,11:19:49,10.17,-0.01,1,1017,卖盘
1380,11:19:57,10.17,0.0,100,101700,卖盘
1381,11:20:00,10.16,-0.01,150,152532,卖盘
1382,11:20:04,10.17,0.01,39,39663,中性盘
1383,11:20:07,10.17,0.0,7,7119,买盘
1384,11:20:10,10.17,0.0,5,5085,买盘
1385,11:20:13,10.17,0.0,30,30510,买盘
1386,11:20:18,10.17,0.0,4,4068,买盘
1387,11:20:21,10.17,0.0,11,11187,买盘
1388,11:20:28,10.16,-0.01,5,5084,卖盘
1389,11:20:36,10.17,0.01,7,7119,买盘
1390,11:20:39,10.16,-0.01,6,6096,卖盘
1391,11:20:46,10.17,0.01,61,61982,买盘
1392,11:20:49,10.16,-0.01,5,5080,卖盘
1393,11:20:52,10.17,0.01,219,222723,买盘
1394,11:20:54,10.16,-0.01,11,11176,卖盘
1395,11:20:57,10.16,0.0,117,118872,卖盘
1396,11:21:04,10.16,0.0,7,7113,卖盘
1397,11:21:07,10.17,0.01,1,1017,买盘
1398,11:21:09,10.17,0.0,2,2034,买盘
1399,11:21:12,10.16,-0.01,5,5080,卖盘
1400,11:21:18,10.17,0.01,11,11187,买盘
1401,11:21:24,10.16,-0.01,15,15245,卖盘
1402,11:21:28,10.17,0.01,44,44743,买盘
1403,11:21:31,10.17,0.0,9,9145,买盘
1404,11:21:37,10.16,-0.01,47,47955,卖盘
1405,11:21:40,10.17,0.01,9,9149,买盘
1406,11:21:42,10.17,0.0,27,27459,买盘
1407,11:21:45,10.16,-0.01,255,259080,卖盘
1408,11:21:52,10.17,0.01,50,50850,买盘
1409,11:21:55,10.17,0.0,20,20340,买盘
1410,11:22:01,10.17,0.0,7,7119,买盘
1411,11:22:04,10.16,-0.01,30,30480,卖盘
1412,11:22:09,10.19,0.03,17,17303,买盘
1413,11:22:30,10.2,0.01,32,32617,买盘
1414,11:22:34,10.17,-0.03,94,95598,卖盘
1415,11:22:36,10.17,0.0,29,29493,买盘
1416,11:22:39,10.17,0.0,2,2034,买盘
1417,11:22:43,10.17,0.0,7,7113,买盘
1418,11:22:46,10.16,-0.01,38,38640,卖盘
1419,11:22:49,10.17,0.01,5,5085,买盘
1420,11:22:52,10.17,0.0,54,54918,买盘
1421,11:22:55,10.17,0.0,19,19323,买盘
1422,11:22:58,10.17,0.0,16,16272,买盘
1423,11:23:06,10.17,0.0,37,37693,卖盘
1424,11:23:13,10.19,0.02,57,58083,买盘
1425,11:23:16,10.17,-0.02,9,9159,卖盘
1426,11:23:22,10.17,0.0,20,20340,买盘
1427,11:23:28,10.17,0.0,1,1017,买盘
1428,11:23:31,10.17,0.0,110,111870,买盘
1429,11:23:37,10.17,0.0,109,110769,买盘
1430,11:23:42,10.17,0.0,1,1017,买盘
1431,11:23:45,10.16,-0.01,269,273151,卖盘
1432,11:23:48,10.16,0.0,100,101600,买盘
1433,11:23:51,10.15,-0.01,22,22351,卖盘
1434,11:23:55,10.16,0.01,6,6096,买盘
1435,11:23:57,10.16,0.0,52,52832,买盘
1436,11:24:01,10.16,0.0,127,129235,买盘
1437,11:24:04,10.17,0.01,43,43731,买盘
1438,11:24:07,10.2,0.03,64,65222,买盘
1439,11:24:30,10.19,-0.01,11,11209,买盘
1440,11:24:37,10.19,0.0,2,2038,买盘
1441,11:24:40,10.17,-0.02,6,6104,卖盘
1442,11:24:42,10.19,0.02,2,2038,中性盘
1443,11:24:49,10.2,0.01,27,27522,买盘
1444,11:24:54,10.17,-0.03,128,130260,卖盘
1445,11:25:00,10.18,0.01,5,5090,卖盘
1446,11:25:04,10.2,0.02,7,7140,买盘
1447,11:25:10,10.18,-0.02,6,6108,卖盘
1448,11:25:18,10.18,0.0,47,47846,卖盘
1449,11:25:24,10.17,-0.01,7,7119,卖盘
1450,11:25:27,10.18,0.01,5,5090,买盘
1451,11:25:34,10.17,-0.01,6,6102,卖盘
1452,11:25:37,10.18,0.01,59,60062,买盘
1453,11:25:40,10.17,-0.01,5,5085,卖盘
1454,11:25:49,10.18,0.01,13,13234,买盘
1455,11:26:00,10.18,0.0,100,101794,买盘
1456,11:26:09,10.18,0.0,10,10180,买盘
1457,11:26:13,10.18,0.0,10,10180,买盘
1458,11:26:16,10.17,-0.01,6,6102,卖盘
1459,11:26:19,10.17,0.0,89,90513,卖盘
1460,11:26:22,10.17,0.0,20,20340,买盘
1461,11:26:24,10.17,0.0,26,26442,买盘
1462,11:26:27,10.17,0.0,1,1017,买盘
1463,11:26:30,10.17,0.0,263,267211,买盘
1464,11:26:34,10.17,0.0,13,13221,买盘
1465,11:26:37,10.17,0.0,8,8136,买盘
1466,11:26:43,10.13,-0.04,1715,1739756,卖盘
1467,11:26:45,10.15,0.02,15,15225,中性盘
1468,11:26:48,10.13,-0.02,60,60780,卖盘
1469,11:26:51,10.13,0.0,232,234819,卖盘
1470,11:26:55,10.17,0.04,358,363915,买盘
1471,11:26:58,10.17,0.0,110,111870,卖盘
1472,11:27:00,10.17,0.0,9,9153,卖盘
1473,11:27:04,10.17,0.0,7,7119,卖盘
1474,11:27:06,10.17,0.0,95,96615,卖盘
1475,11:27:09,10.17,0.0,1,814,买盘
1476,11:27:13,10.15,-0.02,1,1015,中性盘
1477,11:27:16,10.13,-0.02,3,3039,卖盘
1478,11:27:22,10.15,0.02,6,6090,中性盘
1479,11:27:27,10.15,0.0,7,7105,卖盘
1480,11:27:30,10.14,-0.01,70,71026,卖盘
1481,11:27:48,10.15,0.01,38,38570,卖盘
1482,11:27:51,10.15,0.0,6,6090,卖盘
1483,11:27:58,10.15,0.0,6,6090,卖盘
1484,11:28:00,10.17,0.02,21,21357,买盘
1485,11:28:04,10.15,-0.02,6,6090,卖盘
1486,11:28:06,10.17,0.02,7,7119,买盘
1487,11:28:09,10.15,-0.02,64,64960,卖盘
1488,11:28:12,10.15,0.0,6,6090,卖盘
1489,11:28:24,10.15,0.0,6,6090,卖盘
1490,11:28:28,10.15,0.0,6,6090,卖盘
1491,11:28:30,10.16,0.01,20,20320,买盘
1492,11:28:33,10.16,0.0,6,6096,卖盘
1493,11:28:36,10.17,0.01,405,411880,买盘
1494,11:28:40,10.16,-0.01,6,6096,卖盘
1495,11:28:46,10.16,0.0,6,6096,卖盘
1496,11:28:49,10.16,0.0,110,111760,卖盘
1497,11:28:51,10.16,0.0,129,131064,卖盘
1498,11:28:54,10.17,0.01,202,205256,买盘
1499,11:29:04,10.16,-0.01,5,5080,卖盘
1500,11:29:06,10.18,0.02,165,168135,买盘
1501,11:29:12,10.18,0.0,33,33621,卖盘
1502,11:29:18,10.18,0.0,16,16288,卖盘
1503,11:29:25,10.18,0.0,13,13030,卖盘
1504,11:29:30,10.18,0.0,5,5090,买盘
1505,11:29:34,10.18,0.0,7,7126,买盘
1506,11:29:40,10.17,-0.01,42,42714,卖盘
1507,11:29:49,10.17,0.0,14,14238,买盘
1508,11:29:54,10.16,-0.01,1,1016,卖盘
1509,11:29:57,10.17,0.01,49,49828,买盘
1510,13:00:04,10.14,-0.03,540,548320,卖盘
1511,13:00:07,10.17,0.03,1357,1375853,买盘
1512,13:00:10,10.13,-0.04,41,41560,卖盘
1513,13:00:12,10.13,0.0,500,506500,买盘
1514,13:00:18,10.13,0.0,49,49637,买盘
1515,13:00:21,10.17,0.04,323,328812,买盘
1516,13:00:33,10.18,0.01,7,7126,买盘
1517,13:00:39,10.17,-0.01,100,101700,卖盘
1518,13:00:54,10.17,0.0,250,254250,卖盘
1519,13:01:09,10.18,0.01,20,20360,买盘
1520,13:01:12,10.17,-0.01,402,408519,卖盘
1521,13:01:15,10.17,0.0,15,15255,买盘
1522,13:01:24,10.17,0.0,93,94906,买盘
1523,13:01:30,10.18,0.01,8,8144,买盘
1524,13:01:33,10.18,0.0,144,145778,买盘
1525,13:01:54,10.19,0.01,6,6114,卖盘
1526,13:01:57,10.18,-0.01,500,509225,卖盘
1527,13:02:01,10.2,0.02,19,19380,买盘
1528,13:02:04,10.2,0.0,1146,1169216,买盘
1529,13:02:12,10.2,0.0,6,6120,卖盘
1530,13:02:21,10.2,0.0,6,6120,卖盘
1531,13:02:24,10.21,0.01,505,515605,买盘
1532,13:02:31,10.21,0.0,10,10210,卖盘
1533,13:02:33,10.22,0.01,488,498736,买盘
1534,13:02:43,10.23,0.01,6,6138,买盘
1535,13:02:48,10.22,-0.01,200,204492,卖盘
1536,13:02:52,10.24,0.02,428,438266,买盘
1537,13:02:57,10.22,-0.02,6,6132,卖盘
1538,13:03:04,10.25,0.03,251,257158,买盘
1539,13:03:09,10.24,-0.01,14,14336,卖盘
1540,13:03:12,10.23,-0.01,16,16368,买盘
1541,13:03:18,10.25,0.02,277,283859,买盘
1542,13:03:21,10.19,-0.06,490,499708,卖盘
1543,13:03:24,10.19,0.0,5,5095,买盘
1544,13:03:27,10.26,0.07,220,225840,买盘
1545,13:03:31,10.26,0.0,126,129272,买盘
1546,13:03:33,10.26,0.0,2,2052,卖盘
1547,13:03:37,10.26,0.0,5,5130,卖盘
1548,13:03:42,10.26,0.0,5,5130,卖盘
1549,13:03:48,10.26,0.0,327,335502,卖盘
1550,13:03:51,10.27,0.01,4,4108,买盘
1551,13:03:57,10.25,-0.02,99,101475,买盘
1552,13:04:00,10.25,0.0,3,3075,买盘
1553,13:04:07,10.2,-0.05,200,204456,卖盘
1554,13:04:15,10.24,0.04,10,10240,买盘
1555,13:04:27,10.23,-0.01,2,2046,买盘
1556,13:04:30,10.23,0.0,17,17391,买盘
1557,13:04:40,10.22,-0.01,18,18396,卖盘
1558,13:04:45,10.23,0.01,20,20460,买盘
1559,13:04:48,10.18,-0.05,635,647437,卖盘
1560,13:04:51,10.18,0.0,119,121142,买盘
1561,13:04:54,10.18,0.0,42,42756,买盘
1562,13:04:57,10.18,0.0,94,95692,买盘
1563,13:05:00,10.17,-0.01,44,44786,卖盘
1564,13:05:03,10.17,0.0,20,20347,卖盘
1565,13:05:06,10.18,0.01,72,73500,买盘
1566,13:05:15,10.2,0.02,1,1020,买盘
1567,13:05:18,10.2,0.0,4,4080,买盘
1568,13:05:34,10.2,0.0,30,30600,买盘
1569,13:05:36,10.2,0.0,2,2040,买盘
1570,13:05:39,10.21,0.01,32,32653,买盘
1571,13:05:45,10.18,-0.03,18,18345,卖盘
1572,13:05:54,10.2,0.02,1,1020,中性盘
1573,13:06:04,10.2,0.0,2,2040,卖盘
1574,13:06:09,10.2,0.0,90,91800,卖盘
1575,13:06:12,10.2,0.0,20,20400,买盘
1576,13:06:22,10.19,-0.01,30,30570,卖盘
1577,13:06:30,10.19,0.0,1,1019,卖盘
1578,13:06:36,10.19,0.0,121,123299,卖盘
1579,13:06:45,10.19,0.0,11,11209,卖盘
1580,13:06:48,10.19,0.0,111,113114,卖盘
1581,13:06:54,10.19,0.0,20,20380,买盘
1582,13:06:57,10.18,-0.01,121,123178,卖盘
1583,13:07:01,10.19,0.01,533,542627,买盘
1584,13:07:06,10.19,0.0,100,101900,买盘
1585,13:07:10,10.19,0.0,29,29551,买盘
1586,13:07:15,10.19,0.0,8,8152,买盘
1587,13:07:31,10.18,-0.01,6,6108,卖盘
1588,13:07:33,10.18,0.0,121,123178,卖盘
1589,13:07:36,10.19,0.01,35,35665,买盘
1590,13:07:39,10.19,0.0,75,76425,卖盘
1591,13:07:42,10.19,0.0,21,21399,买盘
1592,13:07:45,10.18,-0.01,92,93686,卖盘
1593,13:07:48,10.19,0.01,10,10190,买盘
1594,13:07:51,10.16,-0.03,510,518830,卖盘
1595,13:07:58,10.16,0.0,8,8134,卖盘
1596,13:08:01,10.17,0.01,24,24448,卖盘
1597,13:08:04,10.17,0.0,5,5085,卖盘
1598,13:08:15,10.18,0.01,10,10179,买盘
1599,13:08:25,10.17,-0.01,10,10170,买盘
1600,13:08:28,10.18,0.01,12,12215,买盘
1601,13:08:33,10.19,0.01,10,10190,买盘
1602,13:08:39,10.19,0.0,32,32608,买盘
1603,13:08:46,10.2,0.01,489,498780,买盘
1604,13:08:49,10.2,0.0,18,18367,卖盘
1605,13:09:04,10.21,0.01,10,10210,买盘
1606,13:09:07,10.2,-0.01,87,88740,卖盘
1607,13:09:18,10.2,0.0,3,3060,买盘
1608,13:09:21,10.2,0.0,6,6120,买盘
1609,13:09:36,10.19,-0.01,17,17330,卖盘
1610,13:09:42,10.19,0.0,25,25475,卖盘
1611,13:09:46,10.21,0.02,371,378701,买盘
1612,13:10:06,10.22,0.01,3,3066,买盘
1613,13:10:13,10.22,0.0,5,5110,买盘
1614,13:10:16,10.22,0.0,39,39858,买盘
1615,13:10:19,10.22,0.0,5,5110,买盘
1616,13:10:22,10.23,0.01,85,86875,买盘
1617,13:10:24,10.23,0.0,9,9207,买盘
1618,13:10:28,10.23,0.0,8,8184,买盘
1619,13:10:30,10.23,0.0,51,52173,买盘
1620,13:10:33,10.23,0.0,35,35805,买盘
1621,13:10:36,10.22,-0.01,34,34804,卖盘
1622,13:10:40,10.26,0.04,32,32832,买盘
1623,13:10:43,10.26,0.0,10,10260,买盘
1624,13:10:52,10.23,-0.03,11,11253,卖盘
1625,13:11:13,10.23,0.0,30,30690,卖盘
1626,13:11:19,10.24,0.01,10,10240,买盘
1627,13:11:22,10.24,0.0,6,6144,买盘
1628,13:11:34,10.24,0.0,2,2048,买盘
1629,13:11:46,10.24,0.0,50,51200,买盘
1630,13:11:49,10.23,-0.01,20,20460,卖盘
1631,13:11:52,10.23,0.0,11,11253,卖盘
1632,13:11:55,10.24,0.01,10,10240,买盘
1633,13:11:57,10.23,-0.01,1,1023,卖盘
1634,13:12:01,10.24,0.01,18,18432,买盘
1635,13:12:04,10.24,0.0,3,3072,卖盘
1636,13:12:13,10.24,0.0,9,9216,买盘
1637,13:12:15,10.24,0.0,188,192512,买盘
1638,13:12:18,10.24,0.0,11,11264,卖盘
1639,13:12:24,10.24,0.0,52,53248,卖盘
1640,13:12:27,10.24,0.0,49,50176,卖盘
1641,13:12:30,10.24,0.0,3,3072,买盘
1642,13:12:33,10.23,-0.01,6,6138,卖盘
1643,13:12:43,10.23,0.0,10,10230,卖盘
1644,13:12:46,10.23,0.0,100,102300,卖盘
1645,13:12:55,10.23,0.0,28,28644,卖盘
1646,13:13:07,10.23,0.0,10,10230,买盘
1647,13:13:16,10.23,0.0,327,333999,买盘
1648,13:13:21,10.22,-0.01,9,9203,卖盘
1649,13:13:30,10.21,-0.01,5,5105,卖盘
1650,13:13:37,10.21,0.0,6,6126,卖盘
1651,13:13:43,10.21,0.0,66,67435,卖盘
1652,13:13:49,10.21,0.0,35,35735,卖盘
1653,13:13:55,10.2,-0.01,7,7140,卖盘
1654,13:13:58,10.2,0.0,3,3060,卖盘
1655,13:14:01,10.2,0.0,5,5100,卖盘
1656,13:14:04,10.2,0.0,92,93840,卖盘
1657,13:14:07,10.17,-0.03,600,610756,卖盘
1658,13:14:25,10.18,0.01,3,3054,买盘
1659,13:14:28,10.2,0.02,5,5100,买盘
1660,13:14:37,10.18,-0.02,5,5090,卖盘
1661,13:14:40,10.18,0.0,20,20360,卖盘
1662,13:14:45,10.18,0.0,24,24446,卖盘
1663,13:14:49,10.18,0.0,6,6108,卖盘
1664,13:14:57,10.18,0.0,20,20366,卖盘
1665,13:15:04,10.18,0.0,6,6108,卖盘
1666,13:15:10,10.18,0.0,6,6108,卖盘
1667,13:15:15,10.18,0.0,6,6108,卖盘
1668,13:15:18,10.17,-0.01,300,305143,卖盘
1669,13:15:25,10.2,0.03,77,78540,买盘
1670,13:15:27,10.2,0.0,38,38760,买盘
1671,13:15:30,10.2,0.0,106,107822,买盘
1672,13:15:33,10.2,0.0,3,3060,买盘
1673,13:15:36,10.2,0.0,3,3060,买盘
1674,13:15:39,10.2,0.0,65,66300,买盘
1675,13:15:45,10.2,0.0,15,15280,买盘
1676,13:15:49,10.21,0.01,21,21430,买盘
1677,13:16:06,10.2,-0.01,10,10200,卖盘
1678,13:16:10,10.22,0.02,505,515463,买盘
1679,13:16:13,10.22,0.0,5,5110,买盘
1680,13:16:16,10.18,-0.04,13,13272,卖盘
1681,13:16:24,10.22,0.04,25,25550,买盘
1682,13:16:30,10.2,-0.02,5,5100,买盘
1683,13:16:45,10.2,0.0,6,6120,卖盘
1684,13:16:52,10.2,0.0,18,18360,卖盘
1685,13:16:58,10.2,0.0,5,5100,卖盘
1686,13:17:10,10.2,0.0,16,16320,卖盘
1687,13:17:16,10.21,0.01,10,10210,买盘
1688,13:17:18,10.2,-0.01,17,17340,卖盘
1689,13:17:21,10.2,0.0,75,76500,卖盘
1690,13:17:28,10.2,0.0,6,6120,卖盘
1691,13:17:34,10.2,0.0,7,7140,卖盘
1692,13:17:40,10.21,0.01,43,43903,买盘
1693,13:17:43,10.21,0.0,8,8167,买盘
1694,13:17:49,10.2,-0.01,9,9182,卖盘
1695,13:17:52,10.2,0.0,11,11220,卖盘
1696,13:17:55,10.2,0.0,6,6120,卖盘
1697,13:18:00,10.2,0.0,2,2040,卖盘
1698,13:18:04,10.2,0.0,7,7140,卖盘
1699,13:18:07,10.2,0.0,6,6120,卖盘
1700,13:18:13,10.2,0.0,15,15294,买盘
1701,13:18:19,10.19,-0.01,6,6114,卖盘
1702,13:18:24,10.19,0.0,7,7133,卖盘
1703,13:18:34,10.19,0.0,6,6114,卖盘
1704,13:18:46,10.19,0.0,17,17323,卖盘
1705,13:18:55,10.19,0.0,10,10190,卖盘
1706,13:19:01,10.19,0.0,5,5095,卖盘
1707,13:19:04,10.19,0.0,45,45860,卖盘
1708,13:19:07,10.2,0.01,21,21419,买盘
1709,13:19:09,10.19,-0.01,42,42802,卖盘
1710,13:19:16,10.2,0.01,17,17340,买盘
1711,13:19:21,10.19,-0.01,5,5095,卖盘
1712,13:19:42,10.19,0.0,6,6114,卖盘
1713,13:19:48,10.2,0.01,36,36703,买盘
1714,13:19:54,10.19,-0.01,6,6114,卖盘
1715,13:19:58,10.19,0.0,15,15285,卖盘
1716,13:20:04,10.19,0.0,25,25475,卖盘
1717,13:20:07,10.19,0.0,6,6114,卖盘
1718,13:20:24,10.2,0.01,25,25500,买盘
1719,13:20:30,10.2,0.0,3,3060,买盘
1720,13:20:43,10.2,0.0,20,20390,买盘
1721,13:20:52,10.2,0.0,7,7140,买盘
1722,13:20:58,10.2,0.0,2,2040,买盘
1723,13:21:00,10.2,0.0,25,25500,买盘
1724,13:21:15,10.19,-0.01,3,3057,卖盘
1725,13:21:25,10.19,0.0,6,6114,卖盘
1726,13:21:30,10.2,0.01,25,25500,买盘
1727,13:21:40,10.19,-0.01,11,11209,卖盘
1728,13:21:43,10.2,0.01,91,92814,买盘
1729,13:21:51,10.2,0.0,5,5100,卖盘
1730,13:21:54,10.21,0.01,6,6126,买盘
1731,13:21:58,10.2,-0.01,1,1020,卖盘
1732,13:22:01,10.2,0.0,7,7140,卖盘
1733,13:22:06,10.2,0.0,10,10209,卖盘
1734,13:22:13,10.2,0.0,6,6120,卖盘
1735,13:22:15,10.2,0.0,47,47947,卖盘
1736,13:22:18,10.2,0.0,6,6120,卖盘
1737,13:22:21,10.2,0.0,2,2040,卖盘
1738,13:22:27,10.2,0.0,7,7140,卖盘
1739,13:22:30,10.2,0.0,5,5100,卖盘
1740,13:22:33,10.2,0.0,1,1020,卖盘
1741,13:22:37,10.21,0.01,13,13267,买盘
1742,13:22:40,10.2,-0.01,20,20400,卖盘
1743,13:22:43,10.2,0.0,11,11220,卖盘
1744,13:22:48,10.21,0.01,78,79586,买盘
1745,13:22:54,10.2,-0.01,6,6120,卖盘
1746,13:23:00,10.2,0.0,191,194820,卖盘
1747,13:23:07,10.18,-0.02,400,407288,卖盘
1748,13:23:13,10.18,0.0,6,6108,卖盘
1749,13:23:15,10.19,0.01,22,22411,买盘
1750,13:23:18,10.19,0.0,5,5095,卖盘
1751,13:23:21,10.19,0.0,7,7133,卖盘
1752,13:23:25,10.19,0.0,5,5095,卖盘
1753,13:23:28,10.19,0.0,12,12228,卖盘
1754,13:23:31,10.19,0.0,6,6114,卖盘
1755,13:23:34,10.19,0.0,20,20380,卖盘
1756,13:23:39,10.19,0.0,5,5095,卖盘
1757,13:23:42,10.19,0.0,182,185465,卖盘
1758,13:23:57,10.18,-0.01,6,6108,卖盘
1759,13:24:00,10.18,0.0,9,9162,卖盘
1760,13:24:07,10.18,0.0,6,6108,卖盘
1761,13:24:13,10.18,0.0,21,21378,卖盘
1762,13:24:19,10.17,-0.01,121,123057,卖盘
1763,13:24:31,10.17,0.0,6,6102,卖盘
1764,13:24:34,10.18,0.01,61,62098,买盘
1765,13:24:40,10.18,0.0,10,10180,买盘
1766,13:24:48,10.18,0.0,10,10180,买盘
1767,13:25:00,10.18,0.0,10,10180,买盘
1768,13:25:06,10.18,0.0,59,60062,买盘
1769,13:25:15,10.18,0.0,7,7126,买盘
1770,13:25:18,10.18,0.0,94,95692,买盘
1771,13:25:28,10.18,0.0,2,2036,卖盘
1772,13:25:37,10.18,0.0,8,8144,卖盘
1773,13:25:40,10.18,0.0,42,42756,买盘
1774,13:25:43,10.17,-0.01,300,305100,卖盘
1775,13:25:46,10.18,0.01,10,10180,买盘
1776,13:25:49,10.18,0.0,14,14252,买盘
1777,13:25:55,10.18,0.0,68,69223,买盘
1778,13:26:04,10.18,0.0,25,25450,买盘
1779,13:26:10,10.17,-0.01,173,175951,卖盘
1780,13:26:12,10.17,0.0,130,132210,买盘
1781,13:26:18,10.17,0.0,16,16266,买盘
1782,13:26:21,10.17,0.0,52,52884,买盘
1783,13:26:24,10.17,0.0,145,147465,买盘
1784,13:26:31,10.18,0.01,50,50900,买盘
1785,13:26:37,10.18,0.0,2,2036,买盘
1786,13:26:46,10.19,0.01,7,7133,买盘
1787,13:26:52,10.17,-0.02,65,66138,卖盘
1788,13:26:57,10.18,0.01,2,2036,中性盘
1789,13:27:00,10.18,0.0,18,18324,卖盘
1790,13:27:13,10.18,0.0,6,6108,卖盘
1791,13:27:27,10.19,0.01,20,20380,买盘
1792,13:27:30,10.18,-0.01,10,10180,卖盘
1793,13:27:33,10.18,0.0,17,17306,卖盘
1794,13:27:40,10.19,0.01,42,42798,买盘
1795,13:27:43,10.18,-0.01,6,6108,卖盘
1796,13:27:49,10.18,0.0,6,6108,卖盘
1797,13:27:58,10.18,0.0,5,5090,卖盘
1798,13:28:00,10.18,0.0,22,22396,卖盘
1799,13:28:06,10.17,-0.01,17,17299,卖盘
1800,13:28:16,10.18,0.01,7,7126,买盘
1801,13:28:25,10.17,-0.01,6,6102,卖盘
1802,13:28:28,10.17,0.0,56,56952,卖盘
1803,13:28:30,10.18,0.01,57,58026,买盘
1804,13:28:34,10.17,-0.01,115,116955,卖盘
1805,13:28:42,10.17,0.0,14,14238,买盘
1806,13:28:46,10.17,0.0,24,24408,买盘
1807,13:28:48,10.17,0.0,1,1017,买盘
1808,13:28:52,10.17,0.0,47,47799,买盘
1809,13:29:03,10.18,0.01,2,2036,买盘
1810,13:29:18,10.18,0.0,5,5090,买盘
1811,13:29:25,10.18,0.0,50,50900,买盘
1812,13:29:40,10.18,0.0,43,43774,买盘
1813,13:29:49,10.18,0.0,22,22396,买盘
1814,13:29:55,10.18,0.0,8,8138,买盘
1815,13:30:01,10.18,0.0,26,26448,买盘
1816,13:30:04,10.17,-0.01,7,7119,卖盘
1817,13:30:12,10.17,0.0,6,6102,卖盘
1818,13:30:22,10.18,0.01,15,15270,买盘
1819,13:30:25,10.18,0.0,5,5090,卖盘
1820,13:30:31,10.18,0.0,6,6108,卖盘
1821,13:30:34,10.18,0.0,10,10180,卖盘
1822,13:30:42,10.19,0.01,32,32608,买盘
1823,13:30:58,10.18,-0.01,9,9162,卖盘
1824,13:31:01,10.18,0.0,10,10180,卖盘
1825,13:31:04,10.18,0.0,110,111980,卖盘
1826,13:31:10,10.18,0.0,6,6108,买盘
1827,13:31:13,10.18,0.0,7,7126,买盘
1828,13:31:19,10.18,0.0,13,13234,买盘
1829,13:31:22,10.18,0.0,3,3054,买盘
1830,13:31:25,10.18,0.0,19,19342,买盘
1831,13:31:28,10.18,0.0,69,70242,买盘
1832,13:31:31,10.18,0.0,100,101800,卖盘
1833,13:31:33,10.18,0.0,6,6108,卖盘
1834,13:31:39,10.18,0.0,22,22711,卖盘
1835,13:31:42,10.18,0.0,77,78081,卖盘
1836,13:31:46,10.18,0.0,100,101800,买盘
1837,13:31:51,10.18,0.0,22,22390,买盘
1838,13:31:54,10.18,0.0,10,10180,买盘
1839,13:32:01,10.18,0.0,5,5090,买盘
1840,13:32:07,10.17,-0.01,5,5085,卖盘
1841,13:32:09,10.18,0.01,5,5395,买盘
1842,13:32:12,10.18,0.0,6,6108,卖盘
1843,13:32:15,10.18,0.0,10,10180,卖盘
1844,13:32:34,10.18,0.0,6,6108,卖盘
1845,13:32:37,10.19,0.01,1,1019,买盘
1846,13:32:40,10.19,0.0,3,3057,买盘
1847,13:32:43,10.19,0.0,7,7133,买盘
1848,13:32:46,10.18,-0.01,6,6108,卖盘
1849,13:32:49,10.19,0.01,59,60077,买盘
1850,13:32:57,10.19,0.0,13,13247,买盘
1851,13:33:00,10.19,0.0,2,2038,买盘
1852,13:33:04,10.18,-0.01,71,72278,卖盘
1853,13:33:10,10.18,0.0,6,6108,卖盘
1854,13:33:16,10.18,0.0,7,7126,卖盘
1855,13:33:31,10.18,0.0,40,40720,卖盘
1856,13:33:45,10.18,0.0,6,6108,卖盘
1857,13:33:49,10.19,0.01,8,8152,买盘
1858,13:33:52,10.18,-0.01,6,6108,卖盘
1859,13:34:00,10.18,0.0,6,6108,卖盘
1860,13:34:06,10.19,0.01,192,195648,买盘
1861,13:34:10,10.19,0.0,6,6114,卖盘
1862,13:34:13,10.18,-0.01,138,140586,卖盘
1863,13:34:16,10.2,0.02,7,7140,买盘
1864,13:34:19,10.17,-0.03,145,147608,卖盘
1865,13:34:25,10.17,0.0,6,6102,卖盘
1866,13:34:27,10.18,0.01,1006,1023108,买盘
1867,13:34:34,10.18,0.0,655,665963,卖盘
1868,13:34:40,10.16,-0.02,603,613398,卖盘
1869,13:35:04,10.16,0.0,280,284612,卖盘
1870,13:35:07,10.19,0.03,84,85596,买盘
1871,13:35:10,10.19,0.0,130,132195,买盘
1872,13:35:13,10.19,0.0,157,159607,买盘
1873,13:35:15,10.15,-0.04,63,63972,卖盘
1874,13:35:18,10.19,0.04,38,38715,买盘
1875,13:35:22,10.17,-0.02,34,34578,卖盘
1876,13:35:24,10.17,0.0,6,6102,卖盘
1877,13:35:27,10.19,0.02,1,1019,买盘
1878,13:35:30,10.18,-0.01,6,6108,卖盘
1879,13:35:36,10.18,0.0,182,185276,卖盘
1880,13:35:39,10.17,-0.01,12,12204,卖盘
1881,13:35:42,10.17,0.0,10,10174,卖盘
1882,13:35:46,10.18,0.01,7,7126,买盘
1883,13:35:49,10.18,0.0,5,5090,买盘
1884,13:35:51,10.18,0.0,16,16281,买盘
1885,13:35:54,10.18,0.0,15,15270,买盘
1886,13:35:57,10.18,0.0,22,22396,买盘
1887,13:36:01,10.18,0.0,302,307125,买盘
1888,13:36:04,10.18,0.0,1,1018,卖盘
1889,13:36:07,10.18,0.0,6,6108,卖盘
1890,13:36:16,10.18,0.0,63,64134,卖盘
1891,13:36:19,10.18,0.0,331,336958,卖盘
1892,13:36:24,10.18,0.0,356,362408,卖盘
1893,13:36:27,10.19,0.01,4,4076,买盘
1894,13:36:30,10.19,0.0,6,6114,卖盘
1895,13:36:33,10.19,0.0,6,6114,卖盘
1896,13:36:36,10.19,0.0,43,43817,买盘
1897,13:36:39,10.18,-0.01,6,6108,卖盘
1898,13:36:42,10.19,0.01,256,260613,买盘
1899,13:36:46,10.19,0.0,49,49931,买盘
1900,13:36:55,10.19,0.0,40,40754,买盘
1901,13:36:58,10.19,0.0,5,5095,买盘
1902,13:37:01,10.19,0.0,48,48912,买盘
1903,13:37:04,10.18,-0.01,6,6108,卖盘
1904,13:37:10,10.19,0.01,26,26488,买盘
1905,13:37:13,10.18,-0.01,278,283004,卖盘
1906,13:37:18,10.19,0.01,2,2038,买盘
1907,13:37:24,10.18,-0.01,173,176114,卖盘
1908,13:37:27,10.18,0.0,266,270988,卖盘
1909,13:37:31,10.19,0.01,8,8152,买盘
1910,13:37:34,10.18,-0.01,6,6108,卖盘
1911,13:37:37,10.19,0.01,34,34646,买盘
1912,13:37:43,10.19,0.0,21,21393,买盘
1913,13:37:49,10.19,0.0,1,1019,买盘
1914,13:37:52,10.19,0.0,26,26494,买盘
1915,13:37:58,10.19,0.0,10,10190,买盘
1916,13:38:06,10.18,-0.01,6,6108,卖盘
1917,13:38:09,10.19,0.01,10,10190,买盘
1918,13:38:12,10.18,-0.01,89,90685,卖盘
1919,13:38:18,10.18,0.0,152,154736,卖盘
1920,13:38:25,10.19,0.01,127,129413,买盘
1921,13:38:27,10.19,0.0,1,1019,卖盘
1922,13:38:37,10.19,0.0,108,110052,卖盘
1923,13:38:46,10.19,0.0,7,7133,买盘
1924,13:38:49,10.19,0.0,16,16304,买盘
1925,13:38:52,10.19,0.0,2,2038,买盘
1926,13:38:55,10.19,0.0,20,20380,买盘
1927,13:38:58,10.19,0.0,34,34646,买盘
1928,13:39:01,10.2,0.01,57,58114,买盘
1929,13:39:09,10.2,0.0,30,30600,买盘
1930,13:39:25,10.19,-0.01,5,5095,卖盘
1931,13:39:34,10.19,0.0,6,6114,卖盘
1932,13:39:43,10.2,0.01,48,48930,买盘
1933,13:39:46,10.2,0.0,34,34675,买盘
1934,13:39:54,10.2,0.0,23,23460,买盘
1935,13:39:57,10.19,-0.01,25,25475,卖盘
1936,13:40:10,10.2,0.01,48,48960,买盘
1937,13:40:18,10.2,0.0,7,7140,买盘
1938,13:40:25,10.2,0.0,186,189702,买盘
1939,13:40:27,10.19,-0.01,8,8153,卖盘
1940,13:40:31,10.2,0.01,150,153000,买盘
1941,13:40:37,10.2,0.0,26,26520,卖盘
1942,13:40:49,10.21,0.01,3,3063,买盘
1943,13:40:55,10.21,0.0,5,5105,买盘
1944,13:41:01,10.21,0.0,1,1021,买盘
1945,13:41:07,10.21,0.0,14,14294,买盘
1946,13:41:10,10.21,0.0,50,51050,买盘
1947,13:41:13,10.21,0.0,45,45945,买盘
1948,13:41:21,10.21,0.0,19,19399,买盘
1949,13:41:24,10.21,0.0,11,11231,买盘
1950,13:41:27,10.2,-0.01,26,26540,卖盘
1951,13:41:34,10.21,0.01,15,15315,买盘
1952,13:41:43,10.22,0.01,7,7154,买盘
1953,13:41:46,10.22,0.0,23,23503,买盘
1954,13:41:57,10.22,0.0,30,30660,买盘
1955,13:42:04,10.22,0.0,30,30660,买盘
1956,13:42:07,10.22,0.0,59,60905,买盘
1957,13:42:10,10.23,0.01,15,15345,买盘
1958,13:42:13,10.22,-0.01,6,6132,卖盘
1959,13:42:19,10.23,0.01,13,13299,买盘
1960,13:42:24,10.22,-0.01,20,19836,卖盘
1961,13:42:28,10.22,0.0,27,27594,买盘
1962,13:42:36,10.22,0.0,50,51100,买盘
1963,13:42:39,10.22,0.0,10,10220,买盘
1964,13:42:42,10.22,0.0,26,27177,买盘
1965,13:42:46,10.23,0.01,51,52173,买盘
1966,13:42:55,10.23,0.0,10,10230,买盘
1967,13:43:01,10.23,0.0,9,9207,买盘
1968,13:43:07,10.23,0.0,3,3069,买盘
1969,13:43:16,10.23,0.0,7,7161,买盘
1970,13:43:24,10.23,0.0,11,11253,买盘
1971,13:43:37,10.23,0.0,6,6138,卖盘
1972,13:43:40,10.23,0.0,25,25575,卖盘
1973,13:43:43,10.22,-0.01,74,75682,卖盘
1974,13:43:46,10.22,0.0,20,20440,卖盘
1975,13:43:48,10.24,0.02,201,205772,买盘
1976,13:43:52,10.24,0.0,6,6144,卖盘
1977,13:43:55,10.24,0.0,45,46080,卖盘
1978,13:44:04,10.23,-0.01,7,7161,卖盘
1979,13:44:10,10.24,0.01,136,139264,买盘
1980,13:44:13,10.24,0.0,65,66560,卖盘
1981,13:44:16,10.24,0.0,1,1024,买盘
1982,13:44:22,10.23,-0.01,196,200518,卖盘
1983,13:44:24,10.23,0.0,10,10230,买盘
1984,13:44:27,10.24,0.01,261,267254,买盘
1985,13:44:31,10.23,-0.01,5,5115,买盘
1986,13:44:37,10.22,-0.01,107,109454,卖盘
1987,13:44:40,10.23,0.01,121,123683,买盘
1988,13:44:43,10.23,0.0,75,76725,买盘
1989,13:44:46,10.23,0.0,121,123783,卖盘
1990,13:44:52,10.23,0.0,3,3069,卖盘
1991,13:45:01,10.23,0.0,23,23529,卖盘
1992,13:45:04,10.23,0.0,100,102300,买盘
1993,13:45:10,10.23,0.0,23,23529,买盘
1994,13:45:15,10.23,0.0,96,98208,买盘
1995,13:45:18,10.23,0.0,6,6138,卖盘
1996,13:45:28,10.23,0.0,6,6138,卖盘
1997,13:45:43,10.23,0.0,12,12276,卖盘
1998,13:45:46,10.24,0.01,200,204800,买盘
1999,13:45:54,10.24,0.0,118,120732,买盘
2000,13:46:07,10.24,0.0,489,500736,卖盘
2001,13:46:12,10.25,0.01,103,105502,买盘
2002,13:46:15,10.25,0.0,7,7175,买盘
2003,13:46:18,10.24,-0.01,19,19456,买盘
2004,13:46:24,10.23,-0.01,495,506446,卖盘
2005,13:46:28,10.23,0.0,5,5115,买盘
2006,13:46:31,10.24,0.01,37,37264,买盘
2007,13:46:33,10.24,0.0,3,3686,卖盘
2008,13:46:46,10.22,-0.02,5,5110,卖盘
2009,13:46:48,10.23,0.01,15,15345,卖盘
2010,13:46:51,10.23,0.0,65,66495,卖盘
2011,13:46:57,10.22,-0.01,32,32704,卖盘
2012,13:47:04,10.23,0.01,1,1023,买盘
2013,13:47:07,10.22,-0.01,121,123662,卖盘
2014,13:47:10,10.23,0.01,201,205423,买盘
2015,13:47:13,10.23,0.0,5,5115,买盘
2016,13:47:16,10.22,-0.01,53,53553,卖盘
2017,13:47:22,10.21,-0.01,7,7148,卖盘
2018,13:47:36,10.22,0.01,100,102200,买盘
2019,13:47:39,10.21,-0.01,6,6126,卖盘
2020,13:47:43,10.22,0.01,13,13286,买盘
2021,13:47:45,10.21,-0.01,22,22479,卖盘
2022,13:47:48,10.21,0.0,100,102100,卖盘
2023,13:47:54,10.21,0.0,6,6126,卖盘
2024,13:48:00,10.21,0.0,6,6126,卖盘
2025,13:48:06,10.21,0.0,2,2042,卖盘
2026,13:48:09,10.21,0.0,50,51050,卖盘
2027,13:48:12,10.2,-0.01,250,255094,卖盘
2028,13:48:21,10.2,0.0,17,17362,卖盘
2029,13:48:28,10.2,0.0,6,6120,卖盘
2030,13:48:46,10.2,0.0,5,5100,卖盘
2031,13:48:51,10.2,0.0,6,6120,卖盘
2032,13:49:00,10.21,0.01,25,25520,买盘
2033,13:49:06,10.2,-0.01,6,6120,卖盘
2034,13:49:10,10.21,0.01,8,8167,买盘
2035,13:49:13,10.2,-0.01,17,17340,卖盘
2036,13:49:24,10.21,0.01,5,5105,买盘
2037,13:49:27,10.21,0.0,25,25525,买盘
2038,13:49:30,10.2,-0.01,6,6120,卖盘
2039,13:49:34,10.21,0.01,5,5105,买盘
2040,13:49:36,10.2,-0.01,10,10205,卖盘
2041,13:50:01,10.2,0.0,160,163200,卖盘
2042,13:50:07,10.2,0.0,19,19380,卖盘
2043,13:50:18,10.19,-0.01,37,37713,卖盘
2044,13:50:21,10.2,0.01,4,4080,买盘
2045,13:50:24,10.19,-0.01,1,1019,卖盘
2046,13:50:27,10.2,0.01,89,90780,买盘
2047,13:50:36,10.21,0.01,25,25525,买盘
2048,13:50:39,10.2,-0.01,20,20400,卖盘
2049,13:50:45,10.2,0.0,63,64267,卖盘
2050,13:50:49,10.21,0.01,186,189862,买盘
2051,13:50:52,10.21,0.0,25,25525,买盘
2052,13:50:55,10.18,-0.03,532,542040,卖盘
2053,13:50:58,10.21,0.03,2,2042,中性盘
2054,13:51:01,10.22,0.01,40,40872,买盘
2055,13:51:04,10.22,0.0,525,534894,买盘
2056,13:51:06,10.23,0.01,32,32736,买盘
2057,13:51:10,10.18,-0.05,500,509026,卖盘
2058,13:51:12,10.21,0.03,6,6126,中性盘
2059,13:51:18,10.18,-0.03,500,509005,卖盘
2060,13:51:21,10.2,0.02,64,65280,买盘
2061,13:51:25,10.2,0.0,13,13260,买盘
2062,13:51:31,10.18,-0.02,145,147931,卖盘
2063,13:51:34,10.18,0.0,4,4072,买盘
2064,13:51:42,10.18,0.0,112,114016,买盘
2065,13:51:45,10.18,0.0,32,32576,买盘
2066,13:51:49,10.18,0.0,114,116052,买盘
2067,13:51:52,10.18,0.0,246,250123,买盘
2068,13:51:55,10.18,0.0,163,165934,卖盘
2069,13:52:07,10.19,0.01,74,75406,买盘
2070,13:52:09,10.19,0.0,330,335950,买盘
2071,13:52:16,10.19,0.0,10,10190,买盘
2072,13:52:19,10.19,0.0,20,20380,买盘
2073,13:52:22,10.19,0.0,2,2038,买盘
2074,13:52:28,10.19,0.0,7,7133,买盘
2075,13:52:31,10.19,0.0,107,109033,买盘
2076,13:52:36,10.19,0.0,92,93748,买盘
2077,13:52:46,10.2,0.01,3,3060,买盘
2078,13:52:57,10.2,0.0,55,56100,买盘
2079,13:53:01,10.2,0.0,96,97845,买盘
2080,13:53:04,10.2,0.0,17,17340,买盘
2081,13:53:07,10.2,0.0,28,28560,买盘
2082,13:53:10,10.2,0.0,18,18360,买盘
2083,13:53:13,10.2,0.0,23,23460,买盘
2084,13:53:19,10.21,0.01,115,117415,买盘
2085,13:53:22,10.23,0.02,158,161634,买盘
2086,13:53:34,10.23,0.0,72,73656,卖盘
2087,13:53:37,10.23,0.0,74,75702,买盘
2088,13:53:40,10.23,0.0,6,6138,买盘
2089,13:53:43,10.23,0.0,7,7161,买盘
2090,13:53:45,10.23,0.0,156,159436,买盘
2091,13:53:48,10.23,0.0,57,58311,买盘
2092,13:53:55,10.23,0.0,3,3069,买盘
2093,13:54:01,10.22,-0.01,62,63377,卖盘
2094,13:54:04,10.23,0.01,78,79793,买盘
2095,13:54:10,10.22,-0.01,39,39858,买盘
2096,13:54:16,10.22,0.0,56,57232,买盘
2097,13:54:18,10.22,0.0,1,1022,买盘
2098,13:54:22,10.22,0.0,20,20440,买盘
2099,13:54:25,10.22,0.0,35,35770,买盘
2100,13:54:28,10.22,0.0,5,5110,买盘
2101,13:54:31,10.22,0.0,20,20440,买盘
2102,13:54:34,10.22,0.0,33,33726,买盘
2103,13:54:37,10.22,0.0,104,106288,买盘
2104,13:54:39,10.21,-0.01,60,61300,卖盘
2105,13:54:45,10.22,0.01,13,13286,买盘
2106,13:55:10,10.23,0.01,3,3069,买盘
2107,13:55:13,10.23,0.0,20,20459,买盘
2108,13:55:16,10.23,0.0,53,54210,买盘
2109,13:55:18,10.23,0.0,7,7161,买盘
2110,13:55:25,10.23,0.0,106,108438,买盘
2111,13:55:28,10.21,-0.02,373,381174,卖盘
2112,13:55:31,10.24,0.03,242,247467,买盘
2113,13:55:34,10.23,-0.01,3,3069,中性盘
2114,13:55:37,10.23,0.0,25,25575,卖盘
2115,13:55:39,10.23,0.0,41,41943,卖盘
2116,13:55:46,10.22,-0.01,37,37837,卖盘
2117,13:55:54,10.23,0.01,100,102300,卖盘
2118,13:55:57,10.23,0.0,50,51150,买盘
2119,13:56:00,10.2,-0.03,500,510252,卖盘
2120,13:56:16,10.22,0.02,6,6132,卖盘
2121,13:56:21,10.22,0.0,1,1022,卖盘
2122,13:56:31,10.22,0.0,8,8176,卖盘
2123,13:56:36,10.23,0.01,94,96089,买盘
2124,13:56:39,10.23,0.0,7,7161,买盘
2125,13:56:52,10.22,-0.01,29,29647,卖盘
2126,13:56:55,10.21,-0.01,110,112410,卖盘
2127,13:56:58,10.22,0.01,3,3066,买盘
2128,13:57:01,10.22,0.0,13,13296,卖盘
2129,13:57:04,10.22,0.0,1,1022,卖盘
2130,13:57:09,10.23,0.01,50,51150,买盘
2131,13:57:22,10.23,0.0,10,10230,买盘
2132,13:57:25,10.22,-0.01,3,3066,卖盘
2133,13:57:33,10.22,0.0,10,10220,卖盘
2134,13:57:40,10.22,0.0,85,86870,卖盘
2135,13:57:57,10.22,0.0,93,95018,卖盘
2136,13:58:01,10.22,0.0,48,49056,买盘
2137,13:58:04,10.21,-0.01,20,20420,卖盘
2138,13:58:07,10.22,0.01,21,21462,买盘
2139,13:58:09,10.22,0.0,7,7154,买盘
2140,13:58:15,10.22,0.0,2,2044,买盘
2141,13:58:19,10.22,0.0,1,1022,买盘
2142,13:58:22,10.22,0.0,3,3066,买盘
2143,13:58:24,10.22,0.0,70,71540,买盘
2144,13:58:27,10.21,-0.01,2,2042,卖盘
2145,13:58:31,10.22,0.01,10,10220,买盘
2146,13:58:37,10.22,0.0,64,65408,买盘
2147,13:58:40,10.23,0.01,32,32728,买盘
2148,13:58:45,10.23,0.0,32,32736,买盘
2149,13:58:48,10.23,0.0,50,51150,买盘
2150,13:59:01,10.23,0.0,10,10230,买盘
2151,13:59:13,10.23,0.0,80,81840,买盘
2152,13:59:19,10.23,0.0,20,20460,买盘
2153,13:59:22,10.23,0.0,64,65469,买盘
2154,13:59:37,10.24,0.01,21,21504,买盘
2155,13:59:40,10.23,-0.01,10,10230,卖盘
2156,13:59:42,10.24,0.01,88,90112,买盘
2157,13:59:46,10.24,0.0,7,7168,买盘
2158,13:59:55,10.23,-0.01,172,175956,卖盘
2159,14:00:00,10.23,0.0,111,113553,买盘
2160,14:00:04,10.22,-0.01,127,130203,卖盘
2161,14:00:09,10.23,0.01,37,37846,买盘
2162,14:00:12,10.23,0.0,32,32736,买盘
2163,14:00:16,10.23,0.0,32,32736,买盘
2164,14:00:19,10.22,-0.01,238,243274,卖盘
2165,14:00:22,10.23,0.01,83,84909,买盘
2166,14:00:30,10.22,-0.01,33,33747,卖盘
2167,14:00:36,10.24,0.02,200,204800,买盘
2168,14:00:40,10.24,0.0,240,245760,卖盘
2169,14:00:46,10.22,-0.02,64,65424,卖盘
2170,14:00:49,10.23,0.01,64,65440,中性盘
2171,14:00:58,10.25,0.02,2,2050,买盘
2172,14:01:01,10.23,-0.02,3,3069,卖盘
2173,14:01:04,10.25,0.02,59,60435,买盘
2174,14:01:07,10.25,0.0,7,7175,买盘
2175,14:01:09,10.25,0.0,57,58425,买盘
2176,14:01:12,10.26,0.01,115,117943,买盘
2177,14:01:16,10.26,0.0,45,46170,买盘
2178,14:01:18,10.26,0.0,5,5130,买盘
2179,14:01:21,10.27,0.01,112,114947,买盘
2180,14:01:24,10.27,0.0,15,15405,买盘
2181,14:01:34,10.26,-0.01,13,13338,卖盘
2182,14:01:40,10.27,0.01,10,10263,买盘
2183,14:01:43,10.27,0.0,45,46215,买盘
2184,14:01:48,10.26,-0.01,30,30780,卖盘
2185,14:01:54,10.27,0.01,32,32864,买盘
2186,14:01:57,10.27,0.0,20,20540,买盘
2187,14:02:01,10.28,0.01,14,14585,买盘
2188,14:02:04,10.26,-0.02,226,231917,卖盘
2189,14:02:09,10.27,0.01,10,10270,卖盘
2190,14:02:13,10.28,0.01,20,20560,买盘
2191,14:02:16,10.27,-0.01,208,213517,卖盘
2192,14:02:18,10.27,0.0,14,14378,买盘
2193,14:02:25,10.27,0.0,40,41080,买盘
2194,14:02:28,10.27,0.0,20,20540,买盘
2195,14:02:31,10.29,0.02,47,48478,买盘
2196,14:02:33,10.28,-0.01,12,12338,卖盘
2197,14:02:36,10.28,0.0,42,43208,卖盘
2198,14:02:40,10.3,0.02,60,61754,买盘
2199,14:02:43,10.3,0.0,274,281802,买盘
2200,14:02:45,10.3,0.0,9,9270,买盘
2201,14:02:49,10.28,-0.02,258,265320,卖盘
2202,14:02:51,10.3,0.02,117,120410,买盘
2203,14:02:55,10.3,0.0,102,105060,买盘
2204,14:02:58,10.32,0.02,38,39186,买盘
2205,14:03:00,10.32,0.0,253,260836,买盘
2206,14:03:04,10.31,-0.01,111,114341,中性盘
2207,14:03:07,10.32,0.01,88,90771,买盘
2208,14:03:10,10.32,0.0,12,12384,买盘
2209,14:03:13,10.3,-0.02,67,69010,卖盘
2210,14:03:16,10.3,0.0,8,8240,买盘
2211,14:03:18,10.3,0.0,53,54590,买盘
2212,14:03:21,10.3,0.0,40,41200,买盘
2213,14:03:24,10.29,-0.01,12,12348,卖盘
2214,14:03:28,10.31,0.02,337,347410,买盘
2215,14:03:34,10.31,0.0,10,10310,卖盘
2216,14:03:40,10.3,-0.01,144,148488,卖盘
2217,14:03:43,10.32,0.02,37,38174,买盘
2218,14:03:46,10.32,0.0,36,37146,买盘
2219,14:03:48,10.3,-0.02,73,75190,卖盘
2220,14:03:52,10.31,0.01,28,28866,买盘
2221,14:03:57,10.3,-0.01,9,9270,卖盘
2222,14:04:00,10.3,0.0,1,1030,买盘
2223,14:04:04,10.3,0.0,10,10300,卖盘
2224,14:04:07,10.31,0.01,7,7217,买盘
2225,14:04:10,10.31,0.0,20,20620,买盘
2226,14:04:16,10.3,-0.01,5,5150,卖盘
2227,14:04:21,10.31,0.01,5,5155,买盘
2228,14:04:28,10.31,0.0,1,1031,买盘
2229,14:04:37,10.31,0.0,20,20620,买盘
2230,14:04:40,10.32,0.01,35,36094,买盘
2231,14:04:46,10.31,-0.01,3,3093,卖盘
2232,14:04:49,10.32,0.01,44,45408,买盘
2233,14:04:52,10.32,0.0,2,2064,卖盘
2234,14:04:57,10.32,0.0,3,3096,卖盘
2235,14:05:00,10.32,0.0,25,25818,卖盘
2236,14:05:06,10.33,0.01,62,64046,买盘
2237,14:05:10,10.33,0.0,200,206600,卖盘
2238,14:05:13,10.33,0.0,100,103300,卖盘
2239,14:05:16,10.33,0.0,82,84706,卖盘
2240,14:05:19,10.33,0.0,27,27891,买盘
2241,14:05:25,10.34,0.01,92,95037,买盘
2242,14:05:28,10.33,-0.01,17,17561,中性盘
2243,14:05:31,10.33,0.0,5,5165,买盘
2244,14:05:33,10.32,-0.01,220,227060,卖盘
2245,14:05:36,10.33,0.01,7,7231,买盘
2246,14:05:40,10.32,-0.01,1,1032,卖盘
2247,14:05:43,10.33,0.01,5,5165,买盘
2248,14:05:46,10.32,-0.01,8,8263,卖盘
2249,14:05:52,10.32,0.0,2,2064,卖盘
2250,14:05:54,10.32,0.0,2,2064,卖盘
2251,14:05:57,10.32,0.0,1,1032,卖盘
2252,14:06:01,10.32,0.0,194,200386,卖盘
2253,14:06:04,10.32,0.0,111,114552,买盘
2254,14:06:07,10.32,0.0,42,43344,买盘
2255,14:06:12,10.32,0.0,31,31992,买盘
2256,14:06:16,10.32,0.0,1,1032,买盘
2257,14:06:22,10.31,-0.01,30,30930,卖盘
2258,14:06:28,10.32,0.01,8,8256,买盘
2259,14:06:31,10.31,-0.01,3,3093,卖盘
2260,14:06:37,10.31,0.0,7,7217,卖盘
2261,14:06:42,10.31,0.0,4,4124,卖盘
2262,14:06:49,10.32,0.01,6,6192,买盘
2263,14:07:04,10.32,0.0,2,2064,买盘
2264,14:07:13,10.32,0.0,7,7224,买盘
2265,14:07:16,10.31,-0.01,1,1031,卖盘
2266,14:07:18,10.32,0.01,10,10320,买盘
2267,14:07:28,10.32,0.0,5,5160,卖盘
2268,14:07:30,10.32,0.0,5,5160,卖盘
2269,14:07:33,10.33,0.01,5,5165,买盘
2270,14:07:40,10.32,-0.01,26,26832,卖盘
2271,14:07:58,10.32,0.0,49,50568,买盘
2272,14:08:00,10.32,0.0,25,25800,买盘
2273,14:08:07,10.32,0.0,8,8256,买盘
2274,14:08:10,10.32,0.0,4,4128,买盘
2275,14:08:16,10.32,0.0,1,1032,买盘
2276,14:08:18,10.32,0.0,19,19608,买盘
2277,14:08:21,10.32,0.0,23,23718,买盘
2278,14:08:25,10.31,-0.01,14,14434,卖盘
2279,14:08:28,10.32,0.01,2,2064,买盘
2280,14:08:31,10.32,0.0,10,10320,买盘
2281,14:08:37,10.32,0.0,7,7224,买盘
2282,14:08:42,10.32,0.0,20,20640,买盘
2283,14:08:51,10.32,0.0,10,10320,买盘
2284,14:09:06,10.31,-0.01,5,5155,卖盘
2285,14:09:09,10.31,0.0,5,5155,卖盘
2286,14:09:27,10.33,0.02,13,13421,买盘
2287,14:09:34,10.31,-0.02,10,10316,卖盘
2288,14:09:42,10.33,0.02,18,18594,买盘
2289,14:09:49,10.32,-0.01,4,4128,卖盘
2290,14:09:54,10.33,0.01,20,20660,买盘
2291,14:09:58,10.34,0.01,50,51693,买盘
2292,14:10:00,10.34,0.0,12,12408,买盘
2293,14:10:04,10.34,0.0,13,13442,买盘
2294,14:10:07,10.35,0.01,20,20700,买盘
2295,14:10:10,10.36,0.01,58,60058,买盘
2296,14:10:13,10.37,0.01,121,125429,买盘
2297,14:10:16,10.38,0.01,74,76761,买盘
2298,14:10:18,10.38,0.0,24,24912,买盘
2299,14:10:22,10.38,0.0,45,46710,买盘
2300,14:10:25,10.37,-0.01,38,39386,买盘
2301,14:10:28,10.38,0.01,37,38389,买盘
2302,14:10:30,10.38,0.0,6,6223,买盘
2303,14:10:34,10.38,0.0,50,51895,买盘
2304,14:10:40,10.39,0.01,485,503843,买盘
2305,14:10:46,10.39,0.0,6,6233,买盘
2306,14:10:49,10.38,-0.01,4,4152,卖盘
2307,14:10:55,10.38,0.0,30,31140,卖盘
2308,14:10:58,10.38,0.0,105,109085,卖盘
2309,14:11:01,10.39,0.01,8,8312,买盘
2310,14:11:04,10.38,-0.01,15,15570,卖盘
2311,14:11:10,10.38,0.0,45,46710,卖盘
2312,14:11:13,10.38,0.0,3,3114,买盘
2313,14:11:16,10.38,0.0,12,12456,买盘
2314,14:11:22,10.38,0.0,1,1038,买盘
2315,14:11:25,10.38,0.0,20,20760,买盘
2316,14:11:28,10.37,-0.01,1,1037,卖盘
2317,14:11:33,10.38,0.01,25,25950,买盘
2318,14:11:36,10.38,0.0,7,7266,买盘
2319,14:11:43,10.36,-0.02,10,10369,卖盘
2320,14:11:51,10.38,0.02,7,7266,买盘
2321,14:12:09,10.36,-0.02,131,135716,卖盘
2322,14:12:15,10.36,0.0,15,15540,买盘
2323,14:12:18,10.36,0.0,74,76611,买盘
2324,14:12:22,10.36,0.0,27,27972,买盘
2325,14:12:28,10.36,0.0,21,21740,买盘
2326,14:12:37,10.35,-0.01,11,11385,卖盘
2327,14:12:39,10.34,-0.01,32,33097,卖盘
2328,14:12:51,10.34,0.0,112,115808,卖盘
2329,14:12:54,10.35,0.01,1,1035,买盘
2330,14:12:57,10.33,-0.02,62,64066,卖盘
2331,14:13:07,10.34,0.01,17,17585,卖盘
2332,14:13:10,10.35,0.01,20,20689,买盘
2333,14:13:13,10.35,0.0,6,6205,买盘
2334,14:13:18,10.34,-0.01,1,1034,卖盘
2335,14:13:30,10.35,0.01,40,41400,买盘
2336,14:13:33,10.34,-0.01,6,6205,卖盘
2337,14:13:40,10.35,0.01,108,111780,买盘
2338,14:13:42,10.34,-0.01,20,20680,卖盘
2339,14:13:54,10.34,0.0,10,10340,卖盘
2340,14:13:57,10.35,0.01,34,35190,买盘
2341,14:14:00,10.35,0.0,10,10350,买盘
2342,14:14:06,10.35,0.0,3,3105,买盘
2343,14:14:10,10.35,0.0,2,2070,买盘
2344,14:14:13,10.3,-0.05,1700,1753335,卖盘
2345,14:14:19,10.35,0.05,20,20700,买盘
2346,14:14:37,10.34,-0.01,5,5170,买盘
2347,14:14:46,10.34,0.0,7,7238,买盘
2348,14:14:49,10.33,-0.01,3,3099,卖盘
2349,14:14:52,10.33,0.0,5,5165,卖盘
2350,14:15:13,10.34,0.01,64,66176,买盘
2351,14:15:15,10.34,0.0,64,66176,买盘
2352,14:15:19,10.34,0.0,64,66176,买盘
2353,14:15:22,10.35,0.01,74,76585,买盘
2354,14:15:24,10.36,0.01,199,206004,买盘
2355,14:15:27,10.36,0.0,162,167832,买盘
2356,14:15:31,10.36,0.0,59,61124,买盘
2357,14:15:34,10.36,0.0,23,23828,买盘
2358,14:15:37,10.36,0.0,17,17612,买盘
2359,14:15:39,10.38,0.02,32,33207,买盘
2360,14:15:42,10.38,0.0,3,3114,买盘
2361,14:15:51,10.38,0.0,10,10380,买盘
2362,14:15:58,10.38,0.0,32,33216,买盘
2363,14:16:06,10.38,0.0,7,7266,买盘
2364,14:16:22,10.38,0.0,5,5190,买盘
2365,14:16:27,10.38,0.0,10,10380,买盘
2366,14:16:30,10.37,-0.01,15,15555,卖盘
2367,14:16:33,10.4,0.03,158,164157,买盘
2368,14:16:43,10.4,0.0,12,12465,买盘
2369,14:16:45,10.4,0.0,9,9360,卖盘
2370,14:16:48,10.37,-0.03,25,25937,卖盘
2371,14:16:55,10.4,0.03,8,8320,卖盘
2372,14:16:58,10.41,0.01,81,83592,买盘
2373,14:17:01,10.41,0.0,10,10410,卖盘
2374,14:17:04,10.41,0.0,10,10410,卖盘
2375,14:17:07,10.42,0.01,7,7294,买盘
2376,14:17:13,10.41,-0.01,26,27795,卖盘
2377,14:17:18,10.41,0.0,10,10410,买盘
2378,14:17:24,10.41,0.0,4,4164,买盘
2379,14:17:31,10.4,-0.01,48,49952,卖盘
2380,14:17:34,10.41,0.01,72,74932,买盘
2381,14:17:37,10.41,0.0,35,36435,买盘
2382,14:17:40,10.41,0.0,59,61399,买盘
2383,14:17:43,10.41,0.0,55,56526,买盘
2384,14:17:46,10.41,0.0,17,18426,卖盘
2385,14:17:52,10.4,-0.01,30,31200,卖盘
2386,14:17:54,10.41,0.01,25,25296,买盘
2387,14:18:01,10.42,0.01,3,3126,买盘
2388,14:18:04,10.41,-0.01,8,8328,卖盘
2389,14:18:07,10.4,-0.01,204,212947,卖盘
2390,14:18:12,10.4,0.0,2,2080,买盘
2391,14:18:24,10.4,0.0,32,33280,买盘
2392,14:18:34,10.38,-0.02,15,15576,卖盘
2393,14:18:37,10.38,0.0,48,49830,卖盘
2394,14:18:39,10.38,0.0,26,27020,卖盘
2395,14:18:42,10.37,-0.01,185,191911,卖盘
2396,14:18:46,10.37,0.0,30,31113,卖盘
2397,14:18:49,10.37,0.0,80,83010,卖盘
2398,14:18:52,10.38,0.01,121,125494,买盘
2399,14:18:55,10.37,-0.01,225,233967,卖盘
2400,14:18:58,10.36,-0.01,124,128510,卖盘
2401,14:19:00,10.36,0.0,130,134680,卖盘
2402,14:19:06,10.39,0.03,7,7273,买盘
2403,14:19:13,10.36,-0.03,139,144004,卖盘
2404,14:19:19,10.35,-0.01,100,103608,卖盘
2405,14:19:22,10.36,0.01,61,63196,买盘
2406,14:19:33,10.36,0.0,11,11396,买盘
2407,14:19:37,10.38,0.02,8,8304,买盘
2408,14:19:52,10.38,0.0,32,33216,买盘
2409,14:19:55,10.35,-0.03,88,91109,卖盘
2410,14:20:00,10.34,-0.01,5,5172,卖盘
2411,14:20:06,10.38,0.04,10,10379,买盘
2412,14:20:19,10.36,-0.02,10,10360,买盘
2413,14:20:31,10.36,0.0,30,31080,买盘
2414,14:20:34,10.33,-0.03,20,20674,卖盘
2415,14:20:40,10.36,0.03,160,165760,买盘
2416,14:20:43,10.36,0.0,5,5180,卖盘
2417,14:20:45,10.33,-0.03,149,154183,卖盘
2418,14:20:49,10.33,0.0,19,19627,买盘
2419,14:20:52,10.32,-0.01,186,191974,卖盘
2420,14:21:07,10.36,0.04,1,1036,卖盘
2421,14:21:21,10.36,0.0,16,16577,卖盘
2422,14:21:24,10.38,0.02,20,20727,买盘
2423,14:21:27,10.36,-0.02,3,3108,卖盘
2424,14:21:31,10.38,0.02,83,86044,买盘
2425,14:21:42,10.36,-0.02,20,20720,卖盘
2426,14:21:46,10.38,0.02,6,6228,买盘
2427,14:21:49,10.35,-0.03,51,52834,卖盘
2428,14:21:52,10.36,0.01,2,2072,中性盘
2429,14:21:55,10.38,0.02,181,187103,买盘
2430,14:22:01,10.36,-0.02,186,192985,卖盘
2431,14:22:10,10.39,0.03,7,7273,买盘
2432,14:22:30,10.38,-0.01,48,49824,卖盘
2433,14:22:34,10.36,-0.02,22,22794,卖盘
2434,14:22:36,10.36,0.0,71,73533,卖盘
2435,14:22:39,10.35,-0.01,20,20700,卖盘
2436,14:22:42,10.35,0.0,35,36225,卖盘
2437,14:22:46,10.36,0.01,110,113851,买盘
2438,14:22:49,10.35,-0.01,32,33127,卖盘
2439,14:22:51,10.38,0.03,265,274820,买盘
2440,14:22:54,10.35,-0.03,454,471246,卖盘
2441,14:22:57,10.34,-0.01,29,30736,卖盘
2442,14:23:01,10.34,0.0,11,11382,卖盘
2443,14:23:04,10.31,-0.03,255,263120,卖盘
2444,14:23:10,10.31,0.0,346,356523,买盘
2445,14:23:13,10.33,0.02,41,42405,卖盘
2446,14:23:37,10.35,0.02,180,185576,买盘
2447,14:23:46,10.36,0.01,9,9324,买盘
2448,14:23:52,10.35,-0.01,50,52482,卖盘
2449,14:23:58,10.35,0.0,82,84700,买盘
2450,14:24:12,10.34,-0.01,18,18612,中性盘
2451,14:24:18,10.34,0.0,5,5170,买盘
2452,14:24:30,10.34,0.0,2,2068,卖盘
2453,14:24:37,10.35,0.01,25,25875,买盘
2454,14:24:42,10.33,-0.02,57,58882,卖盘
2455,14:24:54,10.33,0.0,115,118847,卖盘
2456,14:25:00,10.33,0.0,114,117762,卖盘
2457,14:25:04,10.35,0.02,7,7245,买盘
2458,14:25:13,10.35,0.0,5,5175,买盘
2459,14:25:16,10.35,0.0,9,9315,买盘
2460,14:25:19,10.33,-0.02,12,12406,卖盘
2461,14:25:22,10.34,0.01,9,9305,买盘
2462,14:25:28,10.34,0.0,11,11374,买盘
2463,14:25:31,10.34,0.0,10,10340,中性盘
2464,14:25:36,10.35,0.01,363,375705,买盘
2465,14:25:39,10.34,-0.01,1,1034,卖盘
2466,14:25:43,10.35,0.01,48,48954,买盘
2467,14:26:01,10.36,0.01,16,16576,买盘
2468,14:26:18,10.35,-0.01,55,56925,卖盘
2469,14:26:30,10.35,0.0,1,1035,卖盘
2470,14:26:33,10.35,0.0,113,116955,卖盘
2471,14:26:39,10.36,0.01,7,7252,买盘
2472,14:26:42,10.35,-0.01,50,51750,卖盘
2473,14:26:45,10.35,0.0,10,10350,卖盘
2474,14:27:04,10.33,-0.02,518,536000,卖盘
2475,14:27:07,10.32,-0.01,31,32013,卖盘
2476,14:27:09,10.33,0.01,3,3099,买盘
2477,14:27:15,10.33,0.0,51,52683,买盘
2478,14:27:21,10.32,-0.01,5,5160,卖盘
2479,14:27:39,10.32,0.0,61,62952,卖盘
2480,14:27:43,10.3,-0.02,500,515219,卖盘
2481,14:27:48,10.32,0.02,56,57792,买盘
2482,14:28:01,10.32,0.0,30,30960,卖盘
2483,14:28:10,10.33,0.01,7,7231,买盘
2484,14:28:13,10.33,0.0,32,33056,买盘
2485,14:28:27,10.33,0.0,12,12396,买盘
2486,14:28:30,10.33,0.0,4,4132,买盘
2487,14:28:33,10.33,0.0,21,21693,买盘
2488,14:28:42,10.35,0.02,12,11693,买盘
2489,14:28:46,10.32,-0.03,32,33025,买盘
2490,14:29:24,10.3,-0.02,500,515529,卖盘
2491,14:29:27,10.35,0.05,5,5175,买盘
2492,14:29:33,10.35,0.0,7,7245,买盘
2493,14:29:42,10.34,-0.01,4,4136,买盘
2494,14:30:13,10.32,-0.02,200,206516,卖盘
2495,14:30:25,10.35,0.03,2,2070,买盘
2496,14:30:36,10.35,0.0,476,491269,买盘
2497,14:30:43,10.34,-0.01,1,1034,买盘
2498,14:30:46,10.34,0.0,9,9306,买盘
2499,14:31:06,10.34,0.0,2,2068,买盘
2500,14:31:15,10.35,0.01,8,8276,买盘
2501,14:31:22,10.34,-0.01,2,2069,卖盘
2502,14:31:28,10.35,0.01,14,14883,买盘
2503,14:31:34,10.36,0.01,32,33152,买盘
2504,14:31:37,10.36,0.0,10,10360,买盘
2505,14:31:43,10.35,-0.01,16,16167,卖盘
2506,14:31:46,10.35,0.0,15,15525,买盘
2507,14:31:49,10.35,0.0,25,25875,买盘
2508,14:31:52,10.36,0.01,106,109772,买盘
2509,14:31:55,10.36,0.0,4,4144,买盘
2510,14:31:57,10.36,0.0,3,3108,买盘
2511,14:32:00,10.32,-0.04,185,190974,卖盘
2512,14:32:07,10.32,0.0,4,4128,买盘
2513,14:32:09,10.32,0.0,1,1032,买盘
2514,14:32:12,10.32,0.0,10,10320,买盘
2515,14:32:24,10.3,-0.02,463,477749,卖盘
2516,14:32:30,10.3,0.0,1,1030,买盘
2517,14:32:33,10.3,0.0,143,146569,买盘
2518,14:32:58,10.3,0.0,5,5150,卖盘
2519,14:33:04,10.35,0.05,20,20696,买盘
2520,14:33:07,10.36,0.01,505,521549,买盘
2521,14:33:12,10.36,0.0,5,5180,买盘
2522,14:33:34,10.31,-0.05,36,37126,卖盘
2523,14:33:37,10.36,0.05,17,17608,买盘
2524,14:33:39,10.36,0.0,50,51800,买盘
2525,14:33:52,10.36,0.0,1,1036,买盘
2526,14:34:01,10.36,0.0,13,13468,买盘
2527,14:34:04,10.35,-0.01,1,1035,卖盘
2528,14:34:19,10.35,0.0,3,3105,买盘
2529,14:34:22,10.35,0.0,1,1035,买盘
2530,14:34:31,10.35,0.0,8,8280,买盘
2531,14:34:40,10.35,0.0,10,10350,买盘
2532,14:34:51,10.35,0.0,1,1035,买盘
2533,14:34:54,10.35,0.0,100,103500,买盘
2534,14:35:07,10.35,0.0,14,14490,买盘
2535,14:35:13,10.36,0.01,3,3107,买盘
2536,14:35:22,10.36,0.0,206,212758,买盘
2537,14:35:28,10.37,0.01,731,758404,买盘
2538,14:35:37,10.36,-0.01,42,43512,卖盘
2539,14:35:45,10.33,-0.03,75,77514,卖盘
2540,14:35:48,10.33,0.0,15,15495,卖盘
2541,14:35:51,10.37,0.04,63,65331,买盘
2542,14:35:57,10.38,0.01,11,11413,买盘
2543,14:36:04,10.38,0.0,2,2075,买盘
2544,14:36:06,10.33,-0.05,21,21702,卖盘
2545,14:36:10,10.33,0.0,8,8264,卖盘
2546,14:36:25,10.33,0.0,9,9297,卖盘
2547,14:36:34,10.33,0.0,32,33068,卖盘
2548,14:36:37,10.34,0.01,42,43401,卖盘
2549,14:36:40,10.33,-0.01,32,33076,卖盘
2550,14:36:43,10.32,-0.01,199,205525,卖盘
2551,14:36:46,10.32,0.0,55,56770,卖盘
2552,14:36:49,10.31,-0.01,62,63925,卖盘
2553,14:36:52,10.31,0.0,32,32992,卖盘
2554,14:36:54,10.3,-0.01,394,405935,卖盘
2555,14:36:57,10.32,0.02,47,48497,买盘
2556,14:37:01,10.31,-0.01,37,38115,中性盘
2557,14:37:04,10.31,0.0,25,25775,卖盘
2558,14:37:07,10.3,-0.01,80,82461,卖盘
2559,14:37:09,10.3,0.0,35,36060,卖盘
2560,14:37:13,10.31,0.01,24,24732,买盘
2561,14:37:16,10.31,0.0,1,1031,买盘
2562,14:37:19,10.31,0.0,20,20620,买盘
2563,14:37:22,10.31,0.0,8,8248,买盘
2564,14:37:24,10.31,0.0,1,1031,卖盘
2565,14:37:31,10.33,0.02,16,16510,买盘
2566,14:37:43,10.3,-0.03,500,515069,卖盘
2567,14:37:45,10.33,0.03,5,5165,买盘
2568,14:37:48,10.33,0.0,1,1033,买盘
2569,14:38:13,10.33,0.0,13,13429,买盘
2570,14:38:16,10.31,-0.02,30,30930,卖盘
2571,14:38:21,10.33,0.02,10,10330,买盘
2572,14:38:28,10.33,0.0,2,2066,买盘
2573,14:38:48,10.32,-0.01,20,20640,卖盘
2574,14:38:55,10.32,0.0,30,30960,卖盘
2575,14:38:58,10.33,0.01,15,15487,买盘
2576,14:39:01,10.33,0.0,1,1033,买盘
2577,14:39:06,10.32,-0.01,7,7224,卖盘
2578,14:39:19,10.3,-0.02,201,207257,卖盘
2579,14:39:28,10.32,0.02,9,9288,买盘
2580,14:39:37,10.32,0.0,1,1032,买盘
2581,14:39:40,10.3,-0.02,202,208060,卖盘
2582,14:39:45,10.3,0.0,66,67980,卖盘
2583,14:39:51,10.3,0.0,10,10300,卖盘
2584,14:40:04,10.31,0.01,1,1031,买盘
2585,14:40:07,10.3,-0.01,50,51500,卖盘
2586,14:40:09,10.3,0.0,1,1030,卖盘
2587,14:40:12,10.3,0.0,110,113310,卖盘
2588,14:40:16,10.3,0.0,10,10300,卖盘
2589,14:40:27,10.3,0.0,10,10300,卖盘
2590,14:40:40,10.3,0.0,12,12360,卖盘
2591,14:40:42,10.31,0.01,7,7217,买盘
2592,14:40:46,10.31,0.0,3,3093,买盘
2593,14:40:49,10.32,0.01,1,1032,买盘
2594,14:40:52,10.31,-0.01,5,5155,卖盘
2595,14:40:58,10.32,0.01,29,29928,买盘
2596,14:41:01,10.32,0.0,32,33024,买盘
2597,14:41:04,10.31,-0.01,21,21651,卖盘
2598,14:41:10,10.32,0.01,269,277604,买盘
2599,14:41:19,10.33,0.01,32,33056,买盘
2600,14:41:22,10.32,-0.01,10,10320,卖盘
2601,14:41:24,10.33,0.01,69,71267,买盘
2602,14:41:30,10.33,0.0,25,25825,买盘
2603,14:41:36,10.34,0.01,18,18604,买盘
2604,14:41:40,10.32,-0.02,35,36122,卖盘
2605,14:41:46,10.34,0.02,3,3102,买盘
2606,14:41:48,10.32,-0.02,61,62955,卖盘
2607,14:41:55,10.32,0.0,12,12384,卖盘
2608,14:42:01,10.34,0.02,1,1034,买盘
2609,14:42:04,10.34,0.0,58,59942,买盘
2610,14:42:07,10.32,-0.02,1,1032,卖盘
2611,14:42:09,10.33,0.01,9,9297,中性盘
2612,14:42:15,10.31,-0.02,84,86743,卖盘
2613,14:42:40,10.33,0.02,1,1033,买盘
2614,14:42:45,10.32,-0.01,57,58824,卖盘
2615,14:42:49,10.32,0.0,3,3096,买盘
2616,14:42:54,10.33,0.01,113,116522,买盘
2617,14:42:57,10.33,0.0,199,205567,买盘
2618,14:43:00,10.33,0.0,1,1033,卖盘
2619,14:43:13,10.35,0.02,25,25867,买盘
2620,14:43:15,10.33,-0.02,5,5165,卖盘
2621,14:43:18,10.33,0.0,1,1033,买盘
2622,14:43:36,10.32,-0.01,37,38278,卖盘
2623,14:43:48,10.35,0.03,1,1035,买盘
2624,14:43:55,10.33,-0.02,63,65079,卖盘
2625,14:44:22,10.34,0.01,1,1034,买盘
2626,14:44:25,10.33,-0.01,32,33056,卖盘
2627,14:44:28,10.33,0.0,60,61980,卖盘
2628,14:44:37,10.33,0.0,2,2066,买盘
2629,14:44:40,10.33,0.0,9,9297,买盘
2630,14:44:58,10.33,0.0,55,56764,买盘
2631,14:45:03,10.32,-0.01,248,256037,卖盘
2632,14:45:09,10.33,0.01,43,44419,买盘
2633,14:45:37,10.34,0.01,1,1034,买盘
2634,14:45:40,10.34,0.0,2,2068,买盘
2635,14:45:46,10.33,-0.01,1,1033,卖盘
2636,14:45:51,10.34,0.01,38,39259,买盘
2637,14:45:54,10.34,0.0,10,10340,买盘
2638,14:46:00,10.33,-0.01,4,4132,卖盘
2639,14:46:04,10.33,0.0,32,33095,卖盘
2640,14:46:07,10.33,0.0,4,4132,卖盘
2641,14:46:10,10.35,0.02,1,1035,买盘
2642,14:46:13,10.33,-0.02,1,1033,卖盘
2643,14:46:18,10.35,0.02,119,123165,买盘
2644,14:46:22,10.33,-0.02,5,5165,卖盘
2645,14:46:33,10.35,0.02,3,3105,中性盘
2646,14:46:40,10.36,0.01,35,36257,买盘
2647,14:46:46,10.35,-0.01,1,1035,买盘
2648,14:46:49,10.36,0.01,33,34163,买盘
2649,14:46:52,10.33,-0.03,4,4132,卖盘
2650,14:47:04,10.33,0.0,10,10330,卖盘
2651,14:47:10,10.33,0.0,40,41320,卖盘
2652,14:47:12,10.35,0.02,28,28944,买盘
2653,14:47:18,10.35,0.0,33,34155,买盘
2654,14:47:22,10.35,0.0,32,33120,买盘
2655,14:47:28,10.32,-0.03,50,51620,卖盘
2656,14:47:31,10.33,0.01,3,3099,中性盘
2657,14:47:57,10.35,0.02,32,33111,买盘
2658,14:48:01,10.35,0.0,37,38280,买盘
2659,14:48:04,10.35,0.0,33,34155,买盘
2660,14:48:06,10.35,0.0,64,66240,买盘
2661,14:48:12,10.34,-0.01,32,33088,买盘
2662,14:48:37,10.34,0.0,1,1034,买盘
2663,14:48:42,10.34,0.0,67,69269,买盘
2664,14:48:51,10.33,-0.01,60,61980,卖盘
2665,14:48:54,10.33,0.0,1,1033,买盘
2666,14:49:01,10.33,0.0,50,51650,买盘
2667,14:49:07,10.33,0.0,18,18594,买盘
2668,14:49:10,10.33,0.0,5,5165,卖盘
2669,14:49:13,10.33,0.0,56,57848,买盘
2670,14:49:25,10.32,-0.01,50,51600,卖盘
2671,14:49:31,10.32,0.0,13,13416,卖盘
2672,14:49:34,10.33,0.01,10,10330,买盘
2673,14:49:40,10.32,-0.01,58,59856,卖盘
2674,14:49:49,10.32,0.0,105,108360,买盘
2675,14:50:00,10.32,0.0,108,111456,卖盘
2676,14:50:06,10.33,0.01,2,1921,买盘
2677,14:50:10,10.32,-0.01,44,45552,卖盘
2678,14:50:28,10.32,0.0,194,200019,买盘
2679,14:50:33,10.32,0.0,5,5160,买盘
2680,14:50:39,10.32,0.0,2,2064,买盘
2681,14:50:42,10.32,0.0,4,4551,买盘
2682,14:50:45,10.31,-0.01,45,45981,卖盘
2683,14:50:48,10.31,0.0,5,5578,买盘
2684,14:50:52,10.32,0.01,15,15480,中性盘
2685,14:50:55,10.32,0.0,15,15480,买盘
2686,14:51:16,10.31,-0.01,4,4124,卖盘
2687,14:51:28,10.32,0.01,20,20640,买盘
2688,14:51:34,10.31,-0.01,22,22682,卖盘
2689,14:51:49,10.31,0.0,10,10310,卖盘
2690,14:51:52,10.31,0.0,20,20620,卖盘
2691,14:51:57,10.32,0.01,25,25800,买盘
2692,14:52:00,10.32,0.0,5,5160,买盘
2693,14:52:04,10.32,0.0,2,2064,买盘
2694,14:52:12,10.31,-0.01,34,35054,卖盘
2695,14:52:19,10.32,0.01,40,41280,买盘
2696,14:52:28,10.32,0.0,55,56755,买盘
2697,14:52:31,10.32,0.0,25,25280,买盘
2698,14:52:34,10.31,-0.01,276,284556,卖盘
2699,14:52:40,10.32,0.01,10,10320,买盘
2700,14:52:43,10.31,-0.01,161,166041,卖盘
2701,14:52:48,10.31,0.0,30,30930,卖盘
2702,14:52:52,10.32,0.01,389,401448,买盘
2703,14:52:54,10.32,0.0,90,92880,卖盘
2704,14:53:01,10.32,0.0,1,1032,卖盘
2705,14:53:04,10.32,0.0,10,10320,卖盘
2706,14:53:07,10.32,0.0,200,206400,卖盘
2707,14:53:10,10.32,0.0,20,20640,卖盘
2708,14:53:13,10.33,0.01,58,59914,买盘
2709,14:53:42,10.32,-0.01,21,21672,卖盘
2710,14:53:46,10.33,0.01,75,77432,买盘
2711,14:53:52,10.33,0.0,25,25825,买盘
2712,14:53:58,10.32,-0.01,100,103200,卖盘
2713,14:54:01,10.32,0.0,18,18586,卖盘
2714,14:54:13,10.32,0.0,20,20640,卖盘
2715,14:54:16,10.33,0.01,90,92970,买盘
2716,14:54:22,10.33,0.0,208,214864,卖盘
2717,14:54:28,10.32,-0.01,342,353004,卖盘
2718,14:54:40,10.31,-0.01,19,19589,卖盘
2719,14:54:42,10.31,0.0,128,131995,卖盘
2720,14:54:45,10.32,0.01,5,5160,买盘
2721,14:54:52,10.32,0.0,6,6192,卖盘
2722,14:54:55,10.32,0.0,50,51600,卖盘
2723,14:54:58,10.32,0.0,80,82560,卖盘
2724,14:55:04,10.32,0.0,4,4128,买盘
2725,14:55:07,10.32,0.0,4,4128,买盘
2726,14:55:10,10.31,-0.01,24,24744,卖盘
2727,14:55:15,10.32,0.01,1,1032,买盘
2728,14:55:18,10.32,0.0,75,77400,买盘
2729,14:55:25,10.31,-0.01,81,83511,卖盘
2730,14:55:31,10.32,0.01,10,10320,买盘
2731,14:55:33,10.31,-0.01,1,1031,卖盘
2732,14:55:37,10.32,0.01,18,18576,买盘
2733,14:55:39,10.31,-0.01,20,20620,卖盘
2734,14:55:43,10.32,0.01,60,61920,买盘
2735,14:55:46,10.31,-0.01,197,203107,卖盘
2736,14:55:49,10.32,0.01,145,149640,买盘
2737,14:55:52,10.32,0.0,3,3096,卖盘
2738,14:55:58,10.32,0.0,9,9288,卖盘
2739,14:56:01,10.32,0.0,4,4128,卖盘
2740,14:56:04,10.32,0.0,70,72240,卖盘
2741,14:56:06,10.31,-0.01,57,58767,卖盘
2742,14:56:09,10.31,0.0,8,8251,卖盘
2743,14:56:16,10.32,0.01,15,15480,买盘
2744,14:56:18,10.31,-0.01,124,127844,卖盘
2745,14:56:21,10.31,0.0,1,1031,卖盘
2746,14:56:25,10.32,0.01,524,540248,买盘
2747,14:56:31,10.32,0.0,51,52591,买盘
2748,14:56:33,10.31,-0.01,54,55674,卖盘
2749,14:56:36,10.31,0.0,44,45457,卖盘
2750,14:56:40,10.32,0.01,6,6094,买盘
2751,14:56:42,10.31,-0.01,4,4217,卖盘
2752,14:56:46,10.31,0.0,3,3093,买盘
2753,14:56:49,10.3,-0.01,50,51500,卖盘
2754,14:56:51,10.31,0.01,110,113410,买盘
2755,14:56:54,10.3,-0.01,7,7210,卖盘
2756,14:56:58,10.31,0.01,40,41147,买盘
2757,14:57:00,10.31,0.0,3,3093,卖盘
2758,15:00:04,10.31,0.0,1154,1189568,卖盘
