,time,price,change,volume,amount,type
0,09:25:04,4.74,-0.01,8,3792,卖盘
1,09:30:04,4.74,0.0,50,23700,买盘
2,09:30:09,4.73,-0.01,2,946,买盘
3,09:30:12,4.73,0.0,3,1419,买盘
4,09:30:22,4.74,0.01,11,5214,买盘
5,09:30:49,4.73,-0.01,28,13244,卖盘
6,09:30:52,4.73,0.0,46,21758,买盘
7,09:31:13,4.73,0.0,24,11352,买盘
8,09:31:37,4.72,-0.01,26,12272,卖盘
9,09:32:04,4.72,0.0,50,23600,卖盘
10,09:32:06,4.73,0.01,3,1419,买盘
11,09:33:04,4.73,0.0,7,3311,卖盘
12,09:33:07,4.73,0.0,2,946,买盘
13,09:33:09,4.73,0.0,2,946,买盘
14,09:33:12,4.73,0.0,2,946,买盘
15,09:33:16,4.73,0.0,2,946,买盘
16,09:33:19,4.73,0.0,2,946,买盘
17,09:33:25,4.72,-0.01,64,30538,卖盘
18,09:33:46,4.72,0.0,50,23600,卖盘
19,09:33:55,4.76,0.04,125,59468,买盘
20,09:34:39,4.76,0.0,9,4284,买盘
21,09:34:42,4.76,0.0,9,4284,买盘
22,09:34:46,4.77,0.01,124,59025,买盘
23,09:34:52,4.75,-0.02,55,26175,卖盘
24,09:34:55,4.75,0.0,6,2850,买盘
25,09:35:04,4.75,0.0,18,8550,买盘
26,09:35:13,4.75,0.0,93,44175,买盘
27,09:35:28,4.75,0.0,30,14250,卖盘
28,09:35:31,4.75,0.0,58,27550,买盘
29,09:35:34,4.75,0.0,12,5700,买盘
30,09:36:27,4.75,0.0,9,4275,买盘
31,09:36:34,4.75,0.0,7,3325,卖盘
32,09:36:49,4.76,0.01,2,952,买盘
33,09:36:54,4.76,0.0,1,476,买盘
34,09:37:04,4.76,0.0,10,4760,买盘
35,09:37:37,4.76,0.0,20,9520,买盘
36,09:38:01,4.76,0.0,20,9520,买盘
37,09:38:13,4.75,-0.01,1,475,卖盘
38,09:38:33,4.76,0.01,5,2380,买盘
39,09:38:39,4.75,-0.01,24,11400,卖盘
40,09:39:46,4.75,0.0,20,9500,卖盘
41,09:40:36,4.75,0.0,93,44175,卖盘
42,09:40:40,4.76,0.01,3,1428,买盘
43,09:41:15,4.76,0.0,15,7140,买盘
44,09:41:19,4.75,-0.01,50,23750,卖盘
45,09:41:31,4.76,0.01,7,3332,买盘
46,09:41:40,4.75,-0.01,50,23750,卖盘
47,09:41:43,4.75,0.0,2,950,卖盘
48,09:41:45,4.75,0.0,2,950,卖盘
49,09:41:49,4.76,0.01,28,13326,买盘
50,09:41:51,4.75,-0.01,10,4750,卖盘
51,09:42:07,4.75,0.0,50,23750,买盘
52,09:42:16,4.74,-0.01,3,1422,卖盘
53,09:42:19,4.74,0.0,12,5688,卖盘
54,09:42:52,4.74,0.0,9,4266,卖盘
55,09:42:55,4.74,0.0,18,8532,卖盘
56,09:43:06,4.74,0.0,20,9480,卖盘
57,09:43:48,4.74,0.0,6,2849,卖盘
58,09:43:55,4.74,0.0,20,9480,卖盘
59,09:43:58,4.75,0.01,10,4750,买盘
60,09:45:04,4.74,-0.01,100,47400,卖盘
61,09:46:27,4.74,0.0,19,9006,卖盘
62,09:47:07,4.74,0.0,10,4740,卖盘
63,09:47:40,4.74,0.0,35,16590,卖盘
64,09:47:52,4.75,0.01,5,2375,买盘
65,09:47:57,4.75,0.0,14,6650,买盘
66,09:48:22,4.74,-0.01,86,40764,卖盘
67,09:48:30,4.75,0.01,1,475,买盘
68,09:49:13,4.75,0.0,19,9025,买盘
69,09:50:01,4.74,-0.01,2,948,卖盘
70,09:51:37,4.74,0.0,124,58854,卖盘
71,09:51:57,4.74,0.0,27,12798,卖盘
72,09:52:10,4.75,0.01,10,4750,买盘
73,09:52:21,4.74,-0.01,20,9480,卖盘
74,09:52:25,4.75,0.01,10,4750,买盘
75,09:52:36,4.75,0.0,5,2375,买盘
76,09:52:46,4.74,-0.01,973,461202,卖盘
77,09:53:01,4.74,0.0,230,109020,卖盘
78,09:53:22,4.74,0.0,52,24648,卖盘
79,09:53:33,4.74,0.0,5,2370,买盘
80,09:54:01,4.74,0.0,6,2844,买盘
81,09:54:16,4.73,-0.01,20,9460,卖盘
82,09:54:28,4.73,0.0,1,473,卖盘
83,09:54:58,4.73,0.0,10,4730,卖盘
84,09:55:04,4.74,0.01,39,18486,买盘
85,09:55:25,4.74,0.0,18,8532,卖盘
86,09:55:40,4.74,0.0,18,8532,卖盘
87,09:56:43,4.74,0.0,30,14220,卖盘
88,09:57:33,4.74,0.0,6,2844,卖盘
89,09:57:52,4.74,0.0,4,1896,买盘
90,09:58:19,4.74,0.0,20,9480,卖盘
91,09:58:22,4.75,0.01,1,475,买盘
92,09:58:43,4.74,-0.01,24,11376,卖盘
93,09:58:46,4.75,0.01,3,1425,买盘
94,09:59:04,4.74,-0.01,2,948,卖盘
95,09:59:46,4.73,-0.01,4,1892,卖盘
96,10:00:10,4.73,0.0,75,35475,卖盘
97,10:00:54,4.73,0.0,10,4730,卖盘
98,10:01:16,4.73,0.0,3,1419,卖盘
99,10:02:16,4.73,0.0,20,9460,卖盘
100,10:02:49,4.74,0.01,30,14220,买盘
101,10:03:31,4.74,0.0,4,1896,买盘
102,10:04:12,4.73,-0.01,60,28380,卖盘
103,10:04:16,4.73,0.0,58,27434,卖盘
104,10:04:46,4.73,0.0,10,4730,卖盘
105,10:05:04,4.73,0.0,116,54868,卖盘
106,10:05:19,4.73,0.0,130,61490,卖盘
107,10:05:37,4.73,0.0,100,47300,卖盘
108,10:05:52,4.73,0.0,1,473,卖盘
109,10:05:55,4.73,0.0,36,17028,卖盘
110,10:06:04,4.73,0.0,46,21758,卖盘
111,10:06:16,4.73,0.0,3,1419,买盘
112,10:06:19,4.73,0.0,3,1419,买盘
113,10:06:22,4.73,0.0,3,1419,买盘
114,10:06:25,4.73,0.0,7,3311,买盘
115,10:06:37,4.73,0.0,15,7095,卖盘
116,10:07:19,4.73,0.0,15,7095,卖盘
117,10:07:28,4.73,0.0,19,8987,卖盘
118,10:08:04,4.73,0.0,51,24123,卖盘
119,10:08:19,4.73,0.0,1,473,卖盘
120,10:08:22,4.74,0.01,1,474,买盘
121,10:08:24,4.74,0.0,1,474,买盘
122,10:08:33,4.74,0.0,2,948,买盘
123,10:09:37,4.73,-0.01,105,49665,卖盘
124,10:10:30,4.73,0.0,17,8041,卖盘
125,10:10:36,4.73,0.0,5,2365,卖盘
126,10:10:42,4.73,0.0,523,247379,卖盘
127,10:11:24,4.72,-0.01,17,8024,卖盘
128,10:11:36,4.72,0.0,370,174642,卖盘
129,10:11:58,4.72,0.0,13,6136,卖盘
130,10:12:01,4.72,0.0,83,39176,卖盘
131,10:12:19,4.72,0.0,48,22656,卖盘
132,10:12:30,4.72,0.0,500,236000,卖盘
133,10:12:42,4.72,0.0,91,42952,卖盘
134,10:12:45,4.73,0.01,12,5676,买盘
135,10:13:37,4.72,-0.01,9,4248,卖盘
136,10:14:24,4.72,0.0,130,61360,卖盘
137,10:14:28,4.71,-0.01,300,141384,卖盘
138,10:15:09,4.71,0.0,5,2355,卖盘
139,10:15:25,4.71,0.0,30,14130,卖盘
140,10:16:04,4.72,0.01,130,61260,买盘
141,10:16:12,4.72,0.0,104,49088,买盘
142,10:16:16,4.72,0.0,20,9440,卖盘
143,10:16:27,4.72,0.0,50,23600,卖盘
144,10:16:57,4.72,0.0,16,7552,卖盘
145,10:17:15,4.72,0.0,232,109504,卖盘
146,10:18:12,4.72,0.0,4,1888,卖盘
147,10:18:54,4.72,0.0,138,65136,卖盘
148,10:19:01,4.72,0.0,2,944,买盘
149,10:20:54,4.71,-0.01,14,6594,卖盘
150,10:21:36,4.71,0.0,30,14130,卖盘
151,10:21:49,4.71,0.0,112,52752,卖盘
152,10:22:04,4.71,0.0,6,2826,卖盘
153,10:22:07,4.71,0.0,22,10362,卖盘
154,10:22:30,4.71,0.0,100,47100,卖盘
155,10:22:33,4.71,0.0,11,5181,卖盘
156,10:23:09,4.71,0.0,1,141,买盘
157,10:23:37,4.71,0.0,3,1413,买盘
158,10:23:39,4.71,0.0,2,942,买盘
159,10:23:42,4.71,0.0,3,1413,买盘
160,10:23:45,4.71,0.0,1,471,买盘
161,10:23:48,4.71,0.0,2,942,买盘
162,10:23:51,4.71,0.0,2,942,买盘
163,10:23:54,4.71,0.0,2,942,买盘
164,10:23:57,4.71,0.0,1,471,买盘
165,10:24:00,4.71,0.0,1,471,买盘
166,10:24:21,4.71,0.0,6,3156,买盘
167,10:24:46,4.71,0.0,59,27459,卖盘
168,10:24:48,4.71,0.0,1,471,买盘
169,10:24:51,4.71,0.0,3,1413,买盘
170,10:24:55,4.71,0.0,8,3768,买盘
171,10:24:57,4.71,0.0,7,3297,买盘
172,10:25:01,4.71,0.0,30,14460,买盘
173,10:25:10,4.71,0.0,5,2355,卖盘
174,10:25:22,4.71,0.0,6,2826,卖盘
175,10:26:10,4.71,0.0,14,6594,卖盘
176,10:26:31,4.71,0.0,71,33441,卖盘
177,10:26:48,4.72,0.01,10,4720,买盘
178,10:27:04,4.71,-0.01,3,1413,卖盘
179,10:27:24,4.71,0.0,10,4710,卖盘
180,10:27:36,4.71,0.0,129,60429,卖盘
181,10:27:57,4.71,0.0,1,471,买盘
182,10:28:00,4.71,0.0,70,33300,买盘
183,10:29:55,4.72,0.01,35,16520,买盘
184,10:30:10,4.71,-0.01,5,2355,卖盘
185,10:30:49,4.72,0.01,20,9440,买盘
186,10:32:04,4.71,-0.01,20,9420,卖盘
187,10:32:21,4.71,0.0,1,471,卖盘
188,10:33:00,4.72,0.01,3,1416,买盘
189,10:33:12,4.72,0.0,30,14160,买盘
190,10:33:22,4.72,0.0,50,23600,买盘
191,10:33:24,4.72,0.0,20,9440,买盘
192,10:33:31,4.72,0.0,2,944,买盘
193,10:33:40,4.72,0.0,9,4248,买盘
194,10:33:43,4.72,0.0,12,5664,买盘
195,10:33:45,4.72,0.0,18,8496,买盘
196,10:33:48,4.72,0.0,21,9912,买盘
197,10:33:51,4.72,0.0,23,10856,买盘
198,10:33:54,4.72,0.0,10,4720,买盘
199,10:34:42,4.72,0.0,7,3304,买盘
200,10:34:52,4.72,0.0,36,16992,买盘
201,10:34:57,4.72,0.0,2,944,买盘
202,10:35:12,4.72,0.0,1,472,买盘
203,10:35:21,4.72,0.0,3,1416,买盘
204,10:36:10,4.71,-0.01,30,14130,卖盘
205,10:36:19,4.72,0.01,28,13216,买盘
206,10:36:21,4.72,0.0,1,472,买盘
207,10:36:43,4.72,0.0,120,56640,买盘
208,10:36:55,4.72,0.0,39,18408,买盘
209,10:37:19,4.71,-0.01,25,11775,卖盘
210,10:37:40,4.72,0.01,100,47200,买盘
211,10:37:45,4.72,0.0,45,21240,买盘
212,10:38:13,4.73,0.01,200,94600,买盘
213,10:38:16,4.73,0.0,19,8987,买盘
214,10:38:28,4.72,-0.01,215,101480,卖盘
215,10:38:55,4.73,0.01,60,28380,买盘
216,10:39:12,4.72,-0.01,20,9440,卖盘
217,10:39:18,4.72,0.0,44,20768,卖盘
218,10:39:42,4.72,0.0,8,3776,卖盘
219,10:40:39,4.73,0.01,17,8041,买盘
220,10:41:15,4.73,0.0,5,2365,买盘
221,10:41:18,4.73,0.0,10,4730,买盘
222,10:42:24,4.72,-0.01,5,2360,卖盘
223,10:44:57,4.72,0.0,3,1416,卖盘
224,10:45:07,4.72,0.0,10,4720,卖盘
225,10:45:09,4.73,0.01,1,473,买盘
226,10:45:15,4.73,0.0,30,14190,买盘
227,10:45:27,4.73,0.0,10,4730,买盘
228,10:45:48,4.73,0.0,5,2365,买盘
229,10:48:30,4.73,0.0,3,1419,买盘
230,10:49:01,4.72,-0.01,19,8968,卖盘
231,10:49:15,4.72,0.0,1,472,卖盘
232,10:49:24,4.72,0.0,100,47200,卖盘
233,10:49:30,4.73,0.01,1,473,买盘
234,10:50:01,4.72,-0.01,20,9440,卖盘
235,10:50:45,4.72,0.0,39,18408,卖盘
236,10:51:21,4.73,0.01,5,2365,买盘
237,10:51:24,4.73,0.0,20,9460,买盘
238,10:53:33,4.73,0.0,5,2365,买盘
239,10:53:57,4.72,-0.01,5,2360,卖盘
240,10:54:06,4.72,0.0,1,472,卖盘
241,10:54:54,4.72,0.0,383,180776,卖盘
242,10:55:09,4.71,-0.01,34,16014,卖盘
243,10:56:24,4.72,0.01,1,472,买盘
244,10:56:28,4.72,0.0,1,472,买盘
245,10:56:34,4.72,0.0,1,472,买盘
246,10:56:37,4.72,0.0,2,944,买盘
247,10:57:15,4.72,0.0,61,28792,买盘
248,10:57:27,4.72,0.0,41,19352,卖盘
249,10:57:51,4.72,0.0,14,6608,卖盘
250,10:58:21,4.72,0.0,14,6608,买盘
251,10:58:54,4.72,0.0,5,2360,卖盘
252,10:59:06,4.73,0.01,1,473,买盘
253,10:59:36,4.73,0.0,10,4730,买盘
254,10:59:39,4.72,-0.01,53,25016,卖盘
255,11:00:09,4.71,-0.01,342,161082,卖盘
256,11:03:36,4.72,0.01,14,6608,买盘
257,11:03:39,4.72,0.0,50,23600,买盘
258,11:03:54,4.72,0.0,2,944,买盘
259,11:04:55,4.72,0.0,8,3776,买盘
260,11:06:12,4.71,-0.01,100,47100,卖盘
261,11:07:40,4.71,0.0,28,13188,卖盘
262,11:09:30,4.71,0.0,2,942,卖盘
263,11:09:39,4.71,0.0,137,64527,卖盘
264,11:09:45,4.71,0.0,334,157314,卖盘
265,11:09:49,4.71,0.0,20,9420,卖盘
266,11:09:51,4.71,0.0,8,3768,卖盘
267,11:09:55,4.71,0.0,21,9891,卖盘
268,11:09:58,4.71,0.0,17,8007,卖盘
269,11:10:00,4.71,0.0,8,3768,卖盘
270,11:10:04,4.71,0.0,12,5652,卖盘
271,11:10:06,4.71,0.0,9,4239,卖盘
272,11:10:10,4.71,0.0,9,4239,卖盘
273,11:10:12,4.71,0.0,8,3768,卖盘
274,11:10:15,4.71,0.0,8,3768,卖盘
275,11:10:19,4.71,0.0,3,1413,卖盘
276,11:10:21,4.71,0.0,21,9891,卖盘
277,11:10:24,4.71,0.0,30,14130,卖盘
278,11:10:27,4.71,0.0,16,7536,卖盘
279,11:10:31,4.71,0.0,27,12717,卖盘
280,11:10:33,4.71,0.0,7,3297,卖盘
281,11:10:37,4.71,0.0,16,7536,卖盘
282,11:10:40,4.71,0.0,15,7065,卖盘
283,11:10:43,4.71,0.0,16,7536,卖盘
284,11:10:45,4.71,0.0,24,11304,卖盘
285,11:10:49,4.71,0.0,72,33582,卖盘
286,11:10:52,4.7,-0.01,37,17390,卖盘
287,11:10:55,4.7,0.0,14,6580,卖盘
288,11:10:57,4.7,0.0,50,23500,卖盘
289,11:11:00,4.7,0.0,56,26320,卖盘
290,11:11:04,4.7,0.0,39,18330,卖盘
291,11:11:06,4.7,0.0,9,4230,卖盘
292,11:11:33,4.7,0.0,30,14100,卖盘
293,11:12:09,4.7,0.0,20,9400,卖盘
294,11:12:21,4.7,0.0,1,470,卖盘
295,11:12:40,4.7,0.0,5,2350,卖盘
296,11:12:42,4.7,0.0,15,7050,卖盘
297,11:12:49,4.7,0.0,2,940,卖盘
298,11:13:24,4.7,0.0,16,7520,卖盘
299,11:14:27,4.7,0.0,30,14100,卖盘
300,11:15:40,4.7,0.0,20,9400,卖盘
301,11:15:43,4.7,0.0,20,9400,卖盘
302,11:15:46,4.7,0.0,188,88360,卖盘
303,11:15:49,4.71,0.01,1,471,买盘
304,11:16:04,4.7,-0.01,19,8930,卖盘
305,11:17:27,4.7,0.0,300,141000,卖盘
306,11:17:30,4.7,0.0,13,6110,卖盘
307,11:17:37,4.7,0.0,13,6110,卖盘
308,11:17:48,4.71,0.01,1,471,买盘
309,11:18:54,4.7,-0.01,3,1410,卖盘
310,11:19:24,4.7,0.0,30,14100,卖盘
311,11:19:51,4.7,0.0,50,23500,卖盘
312,11:19:57,4.7,0.0,236,110920,卖盘
313,11:20:10,4.7,0.0,4,1880,卖盘
314,11:20:13,4.71,0.01,167,78657,买盘
315,11:20:16,4.7,-0.01,23,10813,卖盘
316,11:20:24,4.7,0.0,5,2350,买盘
317,11:20:39,4.7,0.0,56,26320,买盘
318,11:20:49,4.7,0.0,8,3760,买盘
319,11:21:24,4.69,-0.01,170,79747,卖盘
320,11:23:04,4.72,0.03,10,4720,买盘
321,11:23:12,4.69,-0.03,10,4690,卖盘
322,11:24:24,4.69,0.0,197,92393,卖盘
323,11:24:33,4.7,0.01,40,18800,卖盘
324,11:25:21,4.7,0.0,2,940,卖盘
325,11:25:24,4.7,0.0,29,13630,卖盘
326,11:25:48,4.71,0.01,40,18840,买盘
327,11:27:24,4.71,0.0,27,12717,买盘
328,11:29:04,4.72,0.01,10,4720,买盘
329,11:29:15,4.71,-0.01,6,2826,卖盘
330,11:29:28,4.71,0.0,87,41028,卖盘
331,13:00:04,4.7,-0.01,159,74915,卖盘
332,13:00:18,4.7,0.0,13,6110,卖盘
333,13:01:00,4.7,0.0,23,10810,卖盘
334,13:03:30,4.7,0.0,73,34310,卖盘
335,13:03:48,4.7,0.0,1,470,卖盘
336,13:05:09,4.7,0.0,1,470,卖盘
337,13:05:24,4.7,0.0,48,22560,卖盘
338,13:05:36,4.7,0.0,25,11750,卖盘
339,13:05:54,4.7,0.0,31,14570,卖盘
340,13:06:09,4.7,0.0,2,940,卖盘
341,13:06:33,4.71,0.01,3,1413,买盘
342,13:08:00,4.71,0.0,10,4710,买盘
343,13:09:30,4.71,0.0,10,4710,买盘
344,13:10:06,4.71,0.0,9,4239,买盘
345,13:11:21,4.7,-0.01,20,9400,卖盘
346,13:12:04,4.7,0.0,1,470,卖盘
347,13:12:22,4.7,0.0,23,10810,卖盘
348,13:12:36,4.71,0.01,21,9891,买盘
349,13:12:39,4.71,0.0,3,1413,卖盘
350,13:12:42,4.7,-0.01,20,9416,卖盘
351,13:14:15,4.7,0.0,10,4700,卖盘
352,13:14:24,4.7,0.0,90,42300,卖盘
353,13:14:48,4.7,0.0,190,89300,卖盘
354,13:15:06,4.7,0.0,10,4700,卖盘
355,13:15:09,4.7,0.0,2,940,卖盘
356,13:15:18,4.71,0.01,10,4710,买盘
357,13:16:04,4.7,-0.01,2,940,卖盘
358,13:16:30,4.7,0.0,14,6580,卖盘
359,13:17:09,4.7,0.0,2,940,卖盘
360,13:17:12,4.7,0.0,3,1410,卖盘
361,13:18:13,4.7,0.0,5,2350,卖盘
362,13:18:15,4.7,0.0,1,470,卖盘
363,13:19:12,4.7,0.0,2,940,卖盘
364,13:19:51,4.71,0.01,20,9420,买盘
365,13:20:12,4.7,-0.01,2,940,卖盘
366,13:20:39,4.71,0.01,2,942,买盘
367,13:21:06,4.7,-0.01,2,940,卖盘
368,13:21:15,4.71,0.01,8,3768,买盘
369,13:21:31,4.71,0.0,2,942,买盘
370,13:22:09,4.7,-0.01,2,940,卖盘
371,13:22:33,4.71,0.01,20,9420,买盘
372,13:22:54,4.71,0.0,100,47100,买盘
373,13:23:04,4.71,0.0,30,14130,买盘
374,13:23:12,4.7,-0.01,1,470,卖盘
375,13:23:48,4.7,0.0,5,2350,卖盘
376,13:24:15,4.7,0.0,2,940,卖盘
377,13:24:21,4.7,0.0,7,3290,卖盘
378,13:24:33,4.7,0.0,3,1410,卖盘
379,13:25:03,4.7,0.0,2,940,卖盘
380,13:25:45,4.7,0.0,21,9870,卖盘
381,13:26:06,4.7,0.0,302,141940,卖盘
382,13:26:15,4.7,0.0,2,940,卖盘
383,13:26:22,4.7,0.0,5,2350,卖盘
384,13:26:24,4.7,0.0,8,3760,卖盘
385,13:27:09,4.7,0.0,2,940,卖盘
386,13:27:27,4.7,0.0,80,37600,卖盘
387,13:27:51,4.7,0.0,35,16450,卖盘
388,13:27:54,4.7,0.0,6,2820,卖盘
389,13:28:04,4.7,0.0,2,940,卖盘
390,13:28:18,4.71,0.01,5,2355,买盘
391,13:28:21,4.7,-0.01,186,87420,卖盘
392,13:28:24,4.7,0.0,22,10340,买盘
393,13:28:28,4.7,0.0,300,141000,买盘
394,13:29:10,4.69,-0.01,1,469,卖盘
395,13:29:57,4.69,0.0,20,9380,卖盘
396,13:30:03,4.69,0.0,17,7983,卖盘
397,13:30:06,4.69,0.0,6,2814,卖盘
398,13:30:15,4.69,0.0,118,55342,卖盘
399,13:30:24,4.7,0.01,3,1410,买盘
400,13:30:30,4.7,0.0,5,2350,买盘
401,13:30:33,4.7,0.0,3,1410,买盘
402,13:31:09,4.69,-0.01,34,15968,卖盘
403,13:31:27,4.7,0.01,10,4700,买盘
404,13:32:15,4.69,-0.01,2,938,卖盘
405,13:32:18,4.7,0.01,1,470,买盘
406,13:32:36,4.69,-0.01,61,28630,卖盘
407,13:32:39,4.69,0.0,138,64722,卖盘
408,13:33:09,4.68,-0.01,2,936,卖盘
409,13:33:36,4.68,0.0,265,124020,卖盘
410,13:33:48,4.68,0.0,24,11232,卖盘
411,13:33:52,4.68,0.0,1,468,卖盘
412,13:34:10,4.68,0.0,2,936,卖盘
413,13:34:21,4.69,0.01,1,469,买盘
414,13:34:31,4.68,-0.01,15,7020,卖盘
415,13:35:06,4.68,0.0,2,936,卖盘
416,13:36:00,4.69,0.01,1,469,买盘
417,13:36:13,4.68,-0.01,2,936,卖盘
418,13:36:42,4.69,0.01,12,5628,买盘
419,13:36:45,4.69,0.0,11,5159,卖盘
420,13:37:01,4.69,0.0,27,12663,卖盘
421,13:37:13,4.68,-0.01,2,936,卖盘
422,13:37:19,4.69,0.01,2,938,买盘
423,13:37:22,4.68,-0.01,30,14040,卖盘
424,13:37:33,4.68,0.0,1,468,卖盘
425,13:37:39,4.69,0.01,5,2345,买盘
426,13:38:18,4.68,-0.01,2,936,卖盘
427,13:39:12,4.68,0.0,41,19188,卖盘
428,13:39:45,4.68,0.0,1,468,卖盘
429,13:40:18,4.68,0.0,2,936,卖盘
430,13:40:22,4.69,0.01,70,32830,买盘
431,13:41:07,4.69,0.0,2,938,卖盘
432,13:41:12,4.69,0.0,13,6097,卖盘
433,13:42:06,4.69,0.0,3,1407,卖盘
434,13:42:18,4.69,0.0,2,938,卖盘
435,13:43:06,4.69,0.0,2,938,卖盘
436,13:43:21,4.69,0.0,50,23450,卖盘
437,13:43:24,4.69,0.0,5,2345,卖盘
438,13:43:33,4.7,0.01,20,9381,买盘
439,13:44:09,4.69,-0.01,2,938,卖盘
440,13:44:49,4.69,0.0,10,4690,卖盘
441,13:45:13,4.7,0.01,25,11750,买盘
442,13:45:19,4.69,-0.01,2,938,卖盘
443,13:45:43,4.69,0.0,3,1407,卖盘
444,13:45:58,4.69,0.0,9,4221,卖盘
445,13:46:01,4.69,0.0,30,14070,卖盘
446,13:46:07,4.69,0.0,19,8911,卖盘
447,13:46:09,4.69,0.0,1,469,卖盘
448,13:46:15,4.69,0.0,217,101773,卖盘
449,13:46:21,4.68,-0.01,474,221832,卖盘
450,13:47:19,4.68,0.0,2,936,卖盘
451,13:47:30,4.68,0.0,5,2340,卖盘
452,13:47:42,4.69,0.01,5,2345,买盘
453,13:47:54,4.69,0.0,21,9849,买盘
454,13:48:15,4.68,-0.01,2,936,卖盘
455,13:48:24,4.69,0.01,3,1407,买盘
456,13:48:33,4.68,-0.01,100,46800,卖盘
457,13:48:48,4.68,0.0,34,15912,卖盘
458,13:48:54,4.69,0.01,22,10308,买盘
459,13:48:57,4.68,-0.01,2,936,卖盘
460,13:49:19,4.68,0.0,2,936,卖盘
461,13:49:24,4.68,0.0,32,14976,卖盘
462,13:49:36,4.68,0.0,20,9360,卖盘
463,13:49:42,4.68,0.0,11,5148,卖盘
464,13:50:00,4.68,0.0,300,140400,卖盘
465,13:50:15,4.67,-0.01,211,98716,卖盘
466,13:50:18,4.69,0.02,3,1407,买盘
467,13:50:39,4.68,-0.01,30,14040,买盘
468,13:50:46,4.68,0.0,1,468,买盘
469,13:50:49,4.68,0.0,2,936,买盘
470,13:50:52,4.68,0.0,12,5616,买盘
471,13:51:01,4.68,0.0,1,468,卖盘
472,13:51:04,4.67,-0.01,10,4677,卖盘
473,13:51:12,4.67,0.0,5,2335,卖盘
474,13:51:15,4.67,0.0,2,934,卖盘
475,13:51:24,4.67,0.0,88,41096,卖盘
476,13:52:09,4.67,0.0,1,467,卖盘
477,13:52:16,4.68,0.01,7,3276,买盘
478,13:52:21,4.67,-0.01,19,8873,卖盘
479,13:52:25,4.68,0.01,21,9828,买盘
480,13:52:40,4.68,0.0,51,23818,买盘
481,13:52:54,4.68,0.0,5,2340,买盘
482,13:53:06,4.68,0.0,50,23400,买盘
483,13:53:15,4.67,-0.01,2,934,卖盘
484,13:53:27,4.68,0.01,2,936,买盘
485,13:53:34,4.68,0.0,9,4212,买盘
486,13:53:48,4.68,0.0,2,936,买盘
487,13:53:51,4.68,0.0,10,4680,买盘
488,13:53:57,4.67,-0.01,4,1868,卖盘
489,13:54:19,4.67,0.0,50,23350,卖盘
490,13:54:21,4.67,0.0,2,934,卖盘
491,13:54:25,4.68,0.01,20,9347,买盘
492,13:54:51,4.68,0.0,10,4680,卖盘
493,13:54:55,4.68,0.0,13,6084,卖盘
494,13:55:13,4.68,0.0,10,4680,买盘
495,13:55:16,4.68,0.0,32,14976,买盘
496,13:55:18,4.68,0.0,2,936,卖盘
497,13:55:48,4.68,0.0,36,16848,卖盘
498,13:56:06,4.68,0.0,8,3744,买盘
499,13:56:46,4.68,0.0,5,2340,卖盘
500,13:57:22,4.68,0.0,2,936,卖盘
501,13:57:25,4.68,0.0,2,936,卖盘
502,13:57:28,4.68,0.0,1,468,卖盘
503,13:57:57,4.68,0.0,2,936,卖盘
504,13:58:15,4.68,0.0,2,936,卖盘
505,13:58:42,4.69,0.01,1,469,买盘
506,13:58:54,4.68,-0.01,6,2808,卖盘
507,13:59:15,4.68,0.0,1,468,卖盘
508,14:00:09,4.68,0.0,2,936,卖盘
509,14:00:15,4.68,0.0,5,2340,卖盘
510,14:00:45,4.68,0.0,4,1872,卖盘
511,14:00:49,4.68,0.0,110,51480,卖盘
512,14:01:16,4.68,0.0,2,936,卖盘
513,14:01:33,4.68,0.0,127,59436,卖盘
514,14:02:09,4.67,-0.01,2,934,卖盘
515,14:02:43,4.67,0.0,2,934,卖盘
516,14:03:12,4.67,0.0,2,934,卖盘
517,14:03:21,4.68,0.01,71,33228,买盘
518,14:03:43,4.68,0.0,10,4680,买盘
519,14:03:45,4.67,-0.01,50,23350,卖盘
520,14:04:00,4.67,0.0,548,255916,卖盘
521,14:04:15,4.67,0.0,10,4670,卖盘
522,14:04:18,4.67,0.0,2,934,卖盘
523,14:05:03,4.67,0.0,2,934,卖盘
524,14:05:27,4.67,0.0,305,142440,卖盘
525,14:05:48,4.67,0.0,106,49502,卖盘
526,14:05:51,4.67,0.0,1,467,买盘
527,14:05:57,4.66,-0.01,28,13048,卖盘
528,14:06:00,4.67,0.01,5,2335,买盘
529,14:06:04,4.66,-0.01,40,18640,卖盘
530,14:06:07,4.66,0.0,14,6536,卖盘
531,14:06:30,4.66,0.0,70,32620,卖盘
532,14:06:57,4.66,0.0,20,9320,卖盘
533,14:07:03,4.67,0.01,3,1401,买盘
534,14:07:09,4.66,-0.01,4,1867,卖盘
535,14:07:57,4.66,0.0,24,11184,卖盘
536,14:08:10,4.66,0.0,2,932,卖盘
537,14:08:18,4.66,0.0,24,11184,卖盘
538,14:08:27,4.66,0.0,130,60640,卖盘
539,14:08:42,4.66,0.0,60,27960,卖盘
540,14:09:09,4.66,0.0,2,932,卖盘
541,14:09:18,4.66,0.0,15,6990,卖盘
542,14:09:28,4.66,0.0,73,34018,卖盘
543,14:09:39,4.66,0.0,25,11650,卖盘
544,14:09:42,4.66,0.0,12,5592,卖盘
545,14:09:46,4.67,0.01,41,19147,买盘
546,14:09:49,4.66,-0.01,6,2796,卖盘
547,14:09:51,4.66,0.0,3,1398,卖盘
548,14:09:54,4.67,0.01,18,8406,买盘
549,14:09:57,4.66,-0.01,2,932,卖盘
550,14:10:00,4.66,0.0,3,1400,卖盘
551,14:10:09,4.66,0.0,12,5592,卖盘
552,14:10:36,4.66,0.0,2,932,卖盘
553,14:10:46,4.66,0.0,70,32620,卖盘
554,14:11:00,4.66,0.0,30,14000,卖盘
555,14:11:09,4.67,0.01,72,33624,买盘
556,14:11:15,4.66,-0.01,7,3262,卖盘
557,14:11:30,4.67,0.01,8,3736,买盘
558,14:11:34,4.67,0.0,13,6071,卖盘
559,14:11:37,4.67,0.0,21,9807,买盘
560,14:11:42,4.67,0.0,14,6538,买盘
561,14:12:10,4.67,0.0,4,1868,买盘
562,14:12:15,4.66,-0.01,2,932,卖盘
563,14:12:31,4.66,0.0,20,9320,卖盘
564,14:12:33,4.67,0.01,10,4670,买盘
565,14:12:39,4.67,0.0,5,2335,买盘
566,14:12:51,4.66,-0.01,2,932,卖盘
567,14:13:15,4.66,0.0,2,932,卖盘
568,14:13:24,4.67,0.01,5,2335,买盘
569,14:13:39,4.67,0.0,2,934,买盘
570,14:14:06,4.68,0.01,8,3744,买盘
571,14:14:13,4.67,-0.01,62,28954,卖盘
572,14:14:21,4.68,0.01,74,34632,买盘
573,14:14:24,4.67,-0.01,30,14010,卖盘
574,14:15:07,4.67,0.0,1,467,卖盘
575,14:16:09,4.67,0.0,2,934,卖盘
576,14:16:18,4.67,0.0,1,467,卖盘
577,14:16:45,4.67,0.0,1,467,卖盘
578,14:16:52,4.67,0.0,26,12142,卖盘
579,14:17:15,4.67,0.0,30,14010,卖盘
580,14:17:21,4.67,0.0,2,934,卖盘
581,14:17:48,4.67,0.0,40,18680,卖盘
582,14:17:52,4.67,0.0,80,37360,卖盘
583,14:17:55,4.67,0.0,10,4670,卖盘
584,14:17:58,4.67,0.0,1,467,卖盘
585,14:18:04,4.67,0.0,82,38294,卖盘
586,14:18:15,4.66,-0.01,2,932,卖盘
587,14:18:27,4.67,0.01,50,23350,买盘
588,14:18:55,4.67,0.0,3,1401,买盘
589,14:19:13,4.67,0.0,16,7472,买盘
590,14:19:16,4.66,-0.01,2,932,卖盘
591,14:19:55,4.67,0.01,4,1868,买盘
592,14:20:00,4.67,0.0,5,2335,买盘
593,14:20:06,4.66,-0.01,2,932,卖盘
594,14:20:22,4.66,0.0,223,103918,卖盘
595,14:21:13,4.66,0.0,1,466,卖盘
596,14:21:16,4.66,0.0,20,9320,卖盘
597,14:21:40,4.67,0.01,3,1401,买盘
598,14:21:52,4.67,0.0,10,4670,买盘
599,14:21:58,4.66,-0.01,102,47534,卖盘
600,14:22:04,4.67,0.01,50,23350,买盘
601,14:22:07,4.67,0.0,5,2335,买盘
602,14:22:13,4.67,0.0,27,12609,买盘
603,14:22:19,4.67,0.0,14,6536,买盘
604,14:23:03,4.67,0.0,50,23350,卖盘
605,14:23:09,4.67,0.0,2,934,卖盘
606,14:23:36,4.68,0.01,50,23400,买盘
607,14:24:12,4.68,0.0,1,468,买盘
608,14:24:18,4.67,-0.01,2,934,卖盘
609,14:24:55,4.67,0.0,86,40178,卖盘
610,14:25:00,4.67,0.0,2,934,卖盘
611,14:25:25,4.67,0.0,2,934,卖盘
612,14:26:09,4.67,0.0,1,467,卖盘
613,14:26:55,4.67,0.0,40,18680,卖盘
614,14:27:43,4.67,0.0,40,18680,卖盘
615,14:28:12,4.67,0.0,29,13543,卖盘
616,14:29:27,4.67,0.0,8,3737,卖盘
617,14:29:55,4.68,0.01,30,14040,买盘
618,14:30:33,4.67,-0.01,60,28020,卖盘
619,14:30:51,4.67,0.0,100,46700,卖盘
620,14:31:15,4.68,0.01,84,39312,买盘
621,14:32:06,4.68,0.0,5,2340,买盘
622,14:32:15,4.67,-0.01,4,1868,卖盘
623,14:32:39,4.66,-0.01,1298,605161,卖盘
624,14:32:46,4.66,0.0,50,23300,买盘
625,14:32:49,4.66,0.0,148,68968,买盘
626,14:32:52,4.66,0.0,23,10718,买盘
627,14:32:55,4.66,0.0,28,13048,买盘
628,14:32:57,4.66,0.0,33,15378,买盘
629,14:33:01,4.66,0.0,35,16310,买盘
630,14:33:04,4.66,0.0,31,14446,买盘
631,14:33:07,4.66,0.0,33,15378,买盘
632,14:33:09,4.66,0.0,35,16310,买盘
633,14:33:12,4.66,0.0,33,15378,买盘
634,14:33:16,4.66,0.0,15,6990,买盘
635,14:33:31,4.66,0.0,20,9320,买盘
636,14:33:33,4.66,0.0,20,9320,买盘
637,14:33:37,4.66,0.0,4,1864,买盘
638,14:33:42,4.66,0.0,3,1398,买盘
639,14:33:45,4.66,0.0,100,46600,买盘
640,14:34:01,4.66,0.0,5,2330,买盘
641,14:34:04,4.66,0.0,10,4660,买盘
642,14:34:06,4.65,-0.01,100,46500,卖盘
643,14:34:09,4.66,0.01,12,5592,买盘
644,14:34:16,4.66,0.0,31,14446,买盘
645,14:34:24,4.66,0.0,8,3728,买盘
646,14:34:33,4.65,-0.01,476,221340,卖盘
647,14:34:43,4.66,0.01,20,9320,买盘
648,14:34:46,4.65,-0.01,39,18135,卖盘
649,14:34:49,4.66,0.01,38,17708,买盘
650,14:35:00,4.66,0.0,50,23300,买盘
651,14:35:03,4.66,0.0,8,3728,买盘
652,14:36:51,4.68,0.02,17,7956,买盘
653,14:37:00,4.66,-0.02,30,13980,卖盘
654,14:37:48,4.67,0.01,1,467,买盘
655,14:38:06,4.67,0.0,22,10274,买盘
656,14:38:24,4.66,-0.01,60,27960,卖盘
657,14:39:07,4.66,0.0,70,32620,卖盘
658,14:39:12,4.67,0.01,7,3269,买盘
659,14:39:21,4.67,0.0,30,14010,买盘
660,14:40:27,4.67,0.0,23,10741,买盘
661,14:40:45,4.67,0.0,10,4670,买盘
662,14:40:54,4.67,0.0,3,1401,买盘
663,14:40:58,4.67,0.0,9,4203,买盘
664,14:41:04,4.67,0.0,30,14010,买盘
665,14:41:52,4.66,-0.01,5,2330,卖盘
666,14:41:58,4.67,0.01,8,3736,买盘
667,14:42:19,4.67,0.0,5,2335,买盘
668,14:42:45,4.66,-0.01,22,10252,卖盘
669,14:42:57,4.66,0.0,2,932,卖盘
670,14:43:06,4.66,0.0,41,19106,卖盘
671,14:43:09,4.66,0.0,159,74094,卖盘
672,14:43:33,4.67,0.01,34,15878,买盘
673,14:43:36,4.67,0.0,10,4670,买盘
674,14:43:39,4.67,0.0,192,89664,买盘
675,14:43:42,4.66,-0.01,360,168104,卖盘
676,14:43:57,4.66,0.0,9,4194,买盘
677,14:44:10,4.66,0.0,80,37280,买盘
678,14:44:27,4.66,0.0,10,4660,买盘
679,14:44:45,4.66,0.0,10,4660,卖盘
680,14:45:34,4.67,0.01,2,934,买盘
681,14:45:40,4.67,0.0,36,16812,买盘
682,14:46:28,4.67,0.0,1,467,卖盘
683,14:47:28,4.67,0.0,42,19614,卖盘
684,14:47:49,4.66,-0.01,100,46615,卖盘
685,14:47:58,4.66,0.0,10,4660,卖盘
686,14:48:34,4.66,0.0,5,2330,卖盘
687,14:48:39,4.67,0.01,5,2335,买盘
688,14:49:24,4.67,0.0,20,9340,买盘
689,14:50:01,4.67,0.0,1,467,买盘
690,14:50:16,4.67,0.0,28,13076,买盘
691,14:50:45,4.68,0.01,5,2340,买盘
692,14:50:55,4.68,0.0,100,46800,买盘
693,14:52:31,4.67,-0.01,22,10274,卖盘
694,14:52:34,4.67,0.0,60,28020,卖盘
695,14:52:46,4.66,-0.01,330,153872,卖盘
696,14:52:55,4.67,0.01,10,4670,卖盘
697,14:53:01,4.67,0.0,20,9340,卖盘
698,14:53:06,4.68,0.01,207,96871,买盘
699,14:53:16,4.66,-0.02,75,34950,卖盘
700,14:53:48,4.67,0.01,20,9340,买盘
701,14:54:00,4.66,-0.01,45,20970,卖盘
702,14:54:19,4.67,0.01,12,5604,买盘
703,14:54:46,4.66,-0.01,68,31726,卖盘
704,14:55:01,4.67,0.01,15,7005,买盘
705,14:55:18,4.67,0.0,30,14010,买盘
706,14:55:25,4.67,0.0,10,4670,买盘
707,14:55:31,4.67,0.0,5,2335,买盘
708,14:55:36,4.67,0.0,15,7005,买盘
709,14:55:43,4.67,0.0,20,9340,买盘
710,14:55:45,4.67,0.0,33,15411,买盘
711,14:55:58,4.67,0.0,91,42497,买盘
712,14:56:01,4.67,0.0,61,28487,买盘
713,14:56:04,4.67,0.0,100,46700,买盘
714,14:56:07,4.66,-0.01,4,1864,卖盘
715,14:56:10,4.67,0.01,101,47167,买盘
716,14:56:19,4.67,0.0,40,18680,卖盘
717,14:56:21,4.67,0.0,50,23350,卖盘
718,14:56:40,4.67,0.0,20,9340,卖盘
719,14:56:55,4.67,0.0,40,18680,卖盘
720,14:56:58,4.67,0.0,81,37827,卖盘
721,15:00:04,4.67,0.0,566,264322,卖盘
