,time,price,change,volume,amount,type
0,09:30:04,9.48,0.17,18,16872,买盘
1,09:30:07,9.37,-0.11,1,937,中性盘
2,09:30:10,9.37,0.0,15,14055,卖盘
3,09:32:13,9.45,0.08,9,8505,买盘
4,09:32:16,9.45,0.0,3,2835,卖盘
5,09:32:19,9.45,0.0,7,6615,卖盘
6,09:32:21,9.45,0.0,3,2835,卖盘
7,09:32:24,9.45,0.0,17,16065,卖盘
8,09:32:30,9.45,0.0,37,34965,买盘
9,09:33:01,9.43,-0.02,1,943,卖盘
10,09:33:10,9.43,0.0,2,1886,卖盘
11,09:33:25,9.43,0.0,1,943,卖盘
12,09:33:40,9.43,0.0,2,1886,卖盘
13,09:33:55,9.42,-0.01,11,10362,卖盘
14,09:34:13,9.42,0.0,13,12246,卖盘
15,09:34:18,9.42,0.0,5,4710,卖盘
16,09:34:22,9.42,0.0,5,4710,卖盘
17,09:34:43,9.42,0.0,1,942,买盘
18,09:34:58,9.42,0.0,10,9420,卖盘
19,09:35:25,9.42,0.0,1,942,买盘
20,09:35:28,9.42,0.0,6,5652,买盘
21,09:35:55,9.42,0.0,23,21666,买盘
22,09:35:58,9.42,0.0,9,8478,买盘
23,09:36:10,9.42,0.0,17,16014,买盘
24,09:36:19,9.42,0.0,5,4710,买盘
25,09:36:24,9.42,0.0,3,2826,买盘
26,09:36:31,9.42,0.0,1,942,卖盘
27,09:36:34,9.42,0.0,1,942,卖盘
28,09:36:36,9.42,0.0,1,942,卖盘
29,09:36:39,9.42,0.0,1,942,卖盘
30,09:36:43,9.42,0.0,2,1884,卖盘
31,09:36:58,9.42,0.0,1,942,卖盘
32,09:37:04,9.42,0.0,3,2826,卖盘
33,09:37:10,9.43,0.01,10,9430,买盘
34,09:37:21,9.43,0.0,4,3772,买盘
35,09:37:40,9.43,0.0,3,2829,买盘
36,09:37:46,9.43,0.0,8,7544,买盘
37,09:37:49,9.43,0.0,6,5658,买盘
38,09:37:51,9.43,0.0,8,7544,买盘
39,09:38:04,9.43,0.0,1,943,买盘
40,09:38:07,9.42,-0.01,18,16956,卖盘
41,09:38:12,9.42,0.0,15,14130,卖盘
42,09:38:28,9.41,-0.01,10,9410,卖盘
43,09:38:31,9.42,0.01,16,15072,买盘
44,09:38:43,9.41,-0.01,2,1882,卖盘
45,09:38:49,9.41,0.0,66,62071,买盘
46,09:39:49,9.41,0.0,7,6587,买盘
47,09:39:57,9.41,0.0,7,6587,卖盘
48,09:40:04,9.4,-0.01,6,5640,卖盘
49,09:40:07,9.41,0.01,22,20697,买盘
50,09:40:10,9.41,0.0,3,2823,买盘
51,09:40:28,9.41,0.0,9,8469,卖盘
52,09:40:40,9.4,-0.01,5,4700,卖盘
53,09:41:16,9.39,-0.01,11,10329,卖盘
54,09:41:57,9.4,0.01,10,9400,买盘
55,09:42:46,9.39,-0.01,5,4695,卖盘
56,09:43:16,9.4,0.01,10,9400,买盘
57,09:43:36,9.39,-0.01,8,7512,卖盘
58,09:43:54,9.39,0.0,3,2817,卖盘
59,09:43:57,9.4,0.01,5,4700,买盘
60,09:44:09,9.41,0.01,15,14115,买盘
61,09:44:25,9.42,0.01,20,18840,买盘
62,09:44:55,9.43,0.01,27,25461,买盘
63,09:45:04,9.43,0.0,8,7544,买盘
64,09:45:24,9.42,-0.01,1,942,卖盘
65,09:45:28,9.43,0.01,5,4714,买盘
66,09:45:31,9.43,0.0,11,10372,买盘
67,09:45:46,9.42,-0.01,1,942,卖盘
68,09:45:49,9.42,0.0,1,942,卖盘
69,09:45:52,9.42,0.0,1,942,卖盘
70,09:45:55,9.42,0.0,4,3768,卖盘
71,09:45:57,9.42,0.0,4,3768,卖盘
72,09:46:01,9.42,0.0,7,6594,卖盘
73,09:46:04,9.42,0.0,6,5652,卖盘
74,09:46:07,9.42,0.0,3,2826,卖盘
75,09:46:10,9.42,0.0,4,3768,卖盘
76,09:46:13,9.42,0.0,1,942,卖盘
77,09:46:16,9.42,0.0,2,1885,卖盘
78,09:46:19,9.42,0.0,1,942,卖盘
79,09:46:22,9.42,0.0,1,942,卖盘
80,09:46:24,9.42,0.0,1,942,卖盘
81,09:46:28,9.43,0.01,11,10372,买盘
82,09:46:31,9.43,0.0,4,3772,买盘
83,09:46:36,9.42,-0.01,9,8478,卖盘
84,09:46:46,9.42,0.0,7,6594,买盘
85,09:47:00,9.43,0.01,12,11316,买盘
86,09:47:13,9.43,0.0,5,4715,买盘
87,09:47:33,9.43,0.0,2,1886,买盘
88,09:47:43,9.43,0.0,1,943,买盘
89,09:47:49,9.43,0.0,2,1886,卖盘
90,09:47:54,9.44,0.01,1,944,卖盘
91,09:47:57,9.43,-0.01,1,943,卖盘
92,09:48:01,9.43,0.0,1,943,卖盘
93,09:48:30,9.44,0.01,5,4720,卖盘
94,09:48:34,9.43,-0.01,1,943,卖盘
95,09:48:37,9.43,0.0,1,943,卖盘
96,09:48:43,9.43,0.0,1,943,卖盘
97,09:48:46,9.43,0.0,1,943,卖盘
98,09:48:49,9.43,0.0,1,943,卖盘
99,09:48:52,9.43,0.0,5,4715,卖盘
100,09:48:55,9.43,0.0,3,2829,卖盘
101,09:49:01,9.43,0.0,1,943,卖盘
102,09:49:04,9.43,0.0,1,943,卖盘
103,09:49:22,9.42,-0.01,3,2826,卖盘
104,09:49:37,9.42,0.0,9,8478,卖盘
105,09:49:40,9.42,0.0,1,942,卖盘
106,09:49:57,9.4,-0.02,100,94008,卖盘
107,09:50:04,9.42,0.02,15,14130,买盘
108,09:50:22,9.42,0.0,4,3768,买盘
109,09:50:28,9.42,0.0,5,4710,买盘
110,09:50:46,9.42,0.0,10,9420,买盘
111,09:51:07,9.41,-0.01,3,2823,卖盘
112,09:51:30,9.42,0.01,4,3768,买盘
113,09:51:40,9.43,0.01,4,3772,买盘
114,09:52:03,9.43,0.0,1,943,买盘
115,09:52:07,9.42,-0.01,2,1885,卖盘
116,09:52:39,9.4,-0.02,99,93153,卖盘
117,09:53:16,9.4,0.0,1,940,买盘
118,09:53:31,9.4,0.0,1,940,买盘
119,09:54:13,9.39,-0.01,3,2817,卖盘
120,09:55:00,9.39,0.0,5,4695,卖盘
121,09:57:40,9.4,0.01,6,5640,买盘
122,09:57:52,9.4,0.0,4,3760,买盘
123,09:58:09,9.4,0.0,1,940,买盘
124,09:58:28,9.39,-0.01,50,46950,卖盘
125,09:58:31,9.38,-0.01,10,9380,卖盘
126,09:58:49,9.38,0.0,5,4690,卖盘
127,09:59:01,9.38,0.0,1,938,卖盘
128,09:59:16,9.38,0.0,2,1876,卖盘
129,09:59:18,9.39,0.01,12,11268,买盘
130,09:59:45,9.39,0.0,1,939,买盘
131,09:59:58,9.39,0.0,4,3756,买盘
132,10:00:07,9.39,0.0,3,2817,买盘
133,10:00:16,9.38,-0.01,21,19698,卖盘
134,10:00:27,9.39,0.01,3,2817,买盘
135,10:01:01,9.39,0.0,15,14085,买盘
136,10:01:22,9.4,0.01,5,4700,买盘
137,10:01:43,9.39,-0.01,11,10329,卖盘
138,10:02:07,9.4,0.01,30,28200,买盘
139,10:02:16,9.4,0.0,3,2820,买盘
140,10:02:24,9.4,0.0,10,9400,买盘
141,10:02:43,9.4,0.0,70,65800,买盘
142,10:02:46,9.4,0.0,16,15040,买盘
143,10:02:49,9.4,0.0,1,940,买盘
144,10:02:52,9.4,0.0,7,6580,买盘
145,10:03:06,9.4,0.0,4,3760,买盘
146,10:03:22,9.4,0.0,17,15980,买盘
147,10:04:06,9.42,0.02,1,942,买盘
148,10:04:13,9.42,0.0,6,5652,买盘
149,10:04:16,9.42,0.0,1,942,买盘
150,10:04:31,9.42,0.0,43,40506,买盘
151,10:04:49,9.42,0.0,1,942,卖盘
152,10:04:52,9.42,0.0,13,12256,卖盘
153,10:04:58,9.42,0.0,5,4710,卖盘
154,10:05:04,9.43,0.01,11,10369,买盘
155,10:05:06,9.43,0.0,11,10373,买盘
156,10:05:13,9.42,-0.01,54,50868,卖盘
157,10:05:16,9.41,-0.01,1,941,卖盘
158,10:05:19,9.41,0.0,1,941,卖盘
159,10:05:22,9.41,0.0,1,941,卖盘
160,10:05:25,9.42,0.01,4,3767,买盘
161,10:06:06,9.42,0.0,3,2826,买盘
162,10:06:19,9.41,-0.01,8,7529,卖盘
163,10:06:39,9.41,0.0,1,941,买盘
164,10:07:06,9.41,0.0,4,3764,买盘
165,10:07:12,9.41,0.0,80,75280,买盘
166,10:07:18,9.41,0.0,21,19761,买盘
167,10:07:28,9.42,0.01,1,942,买盘
168,10:07:34,9.41,-0.01,15,14123,卖盘
169,10:08:04,9.42,0.01,12,11304,卖盘
170,10:08:07,9.42,0.0,3,2826,买盘
171,10:08:43,9.42,0.0,2,1884,买盘
172,10:09:16,9.41,-0.01,9,8469,卖盘
173,10:09:22,9.41,0.0,8,7528,卖盘
174,10:10:06,9.41,0.0,3,2823,买盘
175,10:10:16,9.42,0.01,4,3767,买盘
176,10:10:34,9.42,0.0,4,3768,买盘
177,10:11:03,9.42,0.0,3,2826,买盘
178,10:11:22,9.42,0.0,24,22608,买盘
179,10:12:07,9.42,0.0,4,3768,买盘
180,10:12:13,9.42,0.0,10,9420,买盘
181,10:12:48,9.41,-0.01,8,7528,卖盘
182,10:13:37,9.42,0.01,15,14130,买盘
183,10:13:46,9.41,-0.01,31,29171,卖盘
184,10:13:58,9.4,-0.01,15,14100,卖盘
185,10:14:34,9.4,0.0,4,3760,卖盘
186,10:14:39,9.4,0.0,10,9400,买盘
187,10:14:54,9.4,0.0,8,7520,买盘
188,10:15:09,9.4,0.0,2,1880,卖盘
189,10:15:13,9.41,0.01,1,941,买盘
190,10:15:31,9.4,-0.01,10,9400,卖盘
191,10:15:43,9.4,0.0,4,3760,卖盘
192,10:16:37,9.4,0.0,31,29140,买盘
193,10:16:58,9.4,0.0,2,1880,卖盘
194,10:17:04,9.4,0.0,12,11280,卖盘
195,10:17:07,9.4,0.0,3,2820,买盘
196,10:17:52,9.4,0.0,1,940,卖盘
197,10:17:55,9.4,0.0,3,2820,买盘
198,10:18:01,9.4,0.0,1,940,买盘
199,10:20:12,9.4,0.0,28,26320,买盘
200,10:21:22,9.41,0.01,1,941,买盘
201,10:21:46,9.41,0.0,14,13174,买盘
202,10:22:45,9.41,0.0,1,941,买盘
203,10:23:01,9.4,-0.01,7,6580,卖盘
204,10:23:28,9.4,0.0,22,20680,卖盘
205,10:24:19,9.39,-0.01,26,24414,卖盘
206,10:24:57,9.39,0.0,3,2817,买盘
207,10:25:18,9.39,0.0,9,8451,卖盘
208,10:25:39,9.39,0.0,2,1878,卖盘
209,10:25:43,9.4,0.01,2,1880,买盘
210,10:26:04,9.4,0.0,2,1880,买盘
211,10:26:37,9.39,-0.01,33,30990,卖盘
212,10:27:04,9.39,0.0,9,8451,卖盘
213,10:27:07,9.39,0.0,7,6573,买盘
214,10:27:10,9.39,0.0,5,4695,卖盘
215,10:27:52,9.4,0.01,36,33840,买盘
216,10:28:04,9.4,0.0,3,2820,买盘
217,10:29:04,9.4,0.0,4,3760,买盘
218,10:30:04,9.4,0.0,7,6580,买盘
219,10:30:19,9.39,-0.01,11,10329,卖盘
220,10:30:37,9.39,0.0,13,12207,买盘
221,10:30:48,9.39,0.0,35,32865,买盘
222,10:31:12,9.4,0.01,4,3760,买盘
223,10:31:25,9.39,-0.01,10,9390,卖盘
224,10:31:46,9.4,0.01,20,18800,买盘
225,10:33:34,9.4,0.0,1,940,卖盘
226,10:33:49,9.4,0.0,18,16920,卖盘
227,10:34:01,9.41,0.01,32,30112,买盘
228,10:34:03,9.41,0.0,4,3764,买盘
229,10:34:06,9.41,0.0,100,94100,买盘
230,10:34:16,9.41,0.0,25,23525,买盘
231,10:34:21,9.41,0.0,6,5646,买盘
232,10:34:40,9.42,0.01,1,942,买盘
233,10:34:45,9.42,0.0,125,117750,买盘
234,10:34:52,9.42,0.0,5,4710,卖盘
235,10:34:58,9.42,0.0,8,7536,买盘
236,10:35:04,9.42,0.0,5,4710,买盘
237,10:35:10,9.42,0.0,17,16014,买盘
238,10:35:18,9.42,0.0,2,1884,买盘
239,10:35:27,9.43,0.01,1,943,买盘
240,10:35:52,9.42,-0.01,1,942,卖盘
241,10:35:55,9.42,0.0,1,942,卖盘
242,10:35:58,9.42,0.0,1,942,卖盘
243,10:36:01,9.42,0.0,1,942,卖盘
244,10:36:04,9.42,0.0,4,3768,卖盘
245,10:36:46,9.43,0.01,1,943,买盘
246,10:37:00,9.42,-0.01,5,4710,卖盘
247,10:37:24,9.43,0.01,2,1886,买盘
248,10:37:34,9.42,-0.01,5,4710,卖盘
249,10:38:04,9.43,0.01,1,943,买盘
250,10:38:37,9.43,0.0,1,943,买盘
251,10:38:48,9.43,0.0,97,91471,买盘
252,10:39:18,9.44,0.01,1,944,买盘
253,10:39:22,9.44,0.0,2,1888,买盘
254,10:39:25,9.43,-0.01,1,943,卖盘
255,10:39:28,9.43,0.0,5,4715,卖盘
256,10:39:37,9.44,0.01,7,6608,买盘
257,10:40:12,9.44,0.0,21,19824,买盘
258,10:40:18,9.43,-0.01,5,4715,卖盘
259,10:40:37,9.44,0.01,18,16992,买盘
260,10:40:43,9.45,0.01,1,945,买盘
261,10:41:03,9.45,0.0,3,2835,买盘
262,10:41:18,9.45,0.0,10,9450,买盘
263,10:41:34,9.45,0.0,2,1890,买盘
264,10:41:46,9.45,0.0,1,945,买盘
265,10:42:04,9.45,0.0,5,4725,买盘
266,10:42:09,9.45,0.0,67,63315,买盘
267,10:42:39,9.45,0.0,3,2835,买盘
268,10:43:03,9.45,0.0,6,5670,买盘
269,10:43:28,9.45,0.0,1,945,买盘
270,10:44:04,9.45,0.0,4,3780,买盘
271,10:44:16,9.45,0.0,2,1890,买盘
272,10:44:18,9.44,-0.01,10,9440,卖盘
273,10:44:54,9.44,0.0,2,1889,卖盘
274,10:44:57,9.44,0.0,40,37760,卖盘
275,10:45:04,9.44,0.0,40,37760,卖盘
276,10:45:06,9.44,0.0,1,944,卖盘
277,10:45:10,9.44,0.0,5,4720,卖盘
278,10:45:30,9.43,-0.01,20,18860,卖盘
279,10:45:37,9.43,0.0,4,3772,卖盘
280,10:45:45,9.43,0.0,8,7544,卖盘
281,10:46:28,9.43,0.0,16,15088,卖盘
282,10:47:10,9.43,0.0,7,6601,卖盘
283,10:47:31,9.42,-0.01,7,6594,卖盘
284,10:47:58,9.42,0.0,29,27318,卖盘
285,10:48:01,9.42,0.0,1,942,卖盘
286,10:48:06,9.42,0.0,1,942,卖盘
287,10:48:13,9.42,0.0,1,942,卖盘
288,10:48:18,9.42,0.0,10,9428,卖盘
289,10:48:28,9.41,-0.01,8,7528,卖盘
290,10:49:18,9.42,0.01,60,56520,买盘
291,10:49:37,9.42,0.0,5,4710,买盘
292,10:49:48,9.42,0.0,13,12246,买盘
293,10:50:04,9.43,0.01,19,17917,买盘
294,10:50:10,9.42,-0.01,1,942,卖盘
295,10:51:04,9.42,0.0,74,69708,卖盘
296,10:51:52,9.42,0.0,2,1884,卖盘
297,10:52:12,9.42,0.0,20,18840,卖盘
298,10:52:55,9.43,0.01,10,9430,买盘
299,10:53:16,9.43,0.0,70,66010,买盘
300,10:53:31,9.42,-0.01,23,21666,卖盘
301,10:54:37,9.42,0.0,3,2826,买盘
302,10:54:43,9.41,-0.01,23,21643,卖盘
303,10:54:52,9.41,0.0,1,941,买盘
304,10:55:07,9.41,0.0,19,17879,买盘
305,10:55:10,9.41,0.0,10,9410,卖盘
306,10:55:51,9.42,0.01,1,942,买盘
307,10:57:00,9.41,-0.01,7,6587,卖盘
308,10:57:04,9.41,0.0,1,941,买盘
309,10:59:04,9.42,0.01,4,3768,买盘
310,10:59:19,9.42,0.0,3,2826,买盘
311,10:59:51,9.42,0.0,10,9420,买盘
312,11:00:16,9.41,-0.01,5,4705,卖盘
313,11:01:54,9.41,0.0,6,5646,卖盘
314,11:02:16,9.4,-0.01,6,5640,卖盘
315,11:04:07,9.41,0.01,1,941,买盘
316,11:04:19,9.4,-0.01,1,940,卖盘
317,11:05:04,9.4,0.0,13,12220,卖盘
318,11:05:06,9.41,0.01,15,14115,买盘
319,11:05:09,9.41,0.0,1,941,买盘
320,11:06:57,9.4,-0.01,13,12220,卖盘
321,11:07:04,9.4,0.0,1,940,卖盘
322,11:07:54,9.4,0.0,28,26320,卖盘
323,11:08:33,9.4,0.0,11,10340,卖盘
324,11:08:36,9.4,0.0,4,3760,卖盘
325,11:08:46,9.4,0.0,10,9400,卖盘
326,11:09:06,9.4,0.0,6,5640,卖盘
327,11:10:04,9.41,0.01,31,29171,买盘
328,11:10:42,9.4,-0.01,10,9400,卖盘
329,11:11:18,9.41,0.01,1,941,买盘
330,11:11:21,9.41,0.0,1,941,买盘
331,11:12:06,9.41,0.0,19,17879,买盘
332,11:12:42,9.41,0.0,1,941,买盘
333,11:12:46,9.41,0.0,1,941,买盘
334,11:13:30,9.4,-0.01,4,3760,卖盘
335,11:14:28,9.41,0.01,1,941,买盘
336,11:15:04,9.41,0.0,3,2823,买盘
337,11:15:55,9.42,0.01,64,60288,买盘
338,11:15:57,9.42,0.0,63,59346,买盘
339,11:16:00,9.42,0.0,20,18840,买盘
340,11:16:03,9.42,0.0,19,17898,买盘
341,11:16:06,9.42,0.0,12,11304,买盘
342,11:16:10,9.42,0.0,12,11304,买盘
343,11:16:13,9.42,0.0,8,7536,买盘
344,11:16:16,9.42,0.0,5,4710,买盘
345,11:16:19,9.42,0.0,3,2826,买盘
346,11:16:22,9.42,0.0,6,5652,买盘
347,11:16:31,9.42,0.0,2,1884,买盘
348,11:18:07,9.42,0.0,1,942,买盘
349,11:18:52,9.42,0.0,1,942,买盘
350,11:19:52,9.42,0.0,1,942,买盘
351,11:20:01,9.42,0.0,2,1884,买盘
352,11:20:09,9.42,0.0,3,2826,买盘
353,11:20:13,9.42,0.0,3,2826,买盘
354,11:20:55,9.41,-0.01,10,9410,卖盘
355,11:21:42,9.42,0.01,16,15072,买盘
356,11:21:55,9.42,0.0,31,29202,买盘
357,11:21:57,9.42,0.0,6,5652,买盘
358,11:22:46,9.42,0.0,2,1884,卖盘
359,11:23:13,9.42,0.0,1,942,卖盘
360,11:23:24,9.42,0.0,5,4710,卖盘
361,11:23:46,9.42,0.0,2,1884,卖盘
362,11:25:04,9.43,0.01,3,2829,买盘
363,11:26:25,9.43,0.0,40,37720,买盘
364,11:26:49,9.42,-0.01,7,6594,卖盘
365,11:26:52,9.42,0.0,3,2826,买盘
366,11:27:19,9.42,0.0,3,2826,买盘
367,11:28:06,9.42,0.0,6,5652,卖盘
368,11:28:18,9.42,0.0,15,14130,买盘
369,13:00:05,9.43,0.01,1,943,买盘
370,13:00:09,9.43,0.0,31,29233,买盘
371,13:00:27,9.43,0.0,11,10373,买盘
372,13:00:36,9.43,0.0,17,16031,卖盘
373,13:00:42,9.43,0.0,4,3772,买盘
374,13:01:39,9.42,-0.01,1,942,卖盘
375,13:03:18,9.43,0.01,50,47150,买盘
376,13:03:36,9.43,0.0,1,943,买盘
377,13:04:06,9.43,0.0,2,1886,买盘
378,13:04:45,9.43,0.0,1,943,买盘
379,13:06:54,9.43,0.0,1,943,买盘
380,13:07:00,9.43,0.0,2,1886,买盘
381,13:07:54,9.43,0.0,1,943,买盘
382,13:08:45,9.43,0.0,20,18860,买盘
383,13:09:18,9.43,0.0,1,943,买盘
384,13:09:21,9.43,0.0,1,943,买盘
385,13:09:48,9.43,0.0,2,1886,买盘
386,13:10:00,9.43,0.0,1,943,买盘
387,13:11:21,9.43,0.0,1,943,买盘
388,13:11:24,9.42,-0.01,3,2826,卖盘
389,13:11:42,9.42,0.0,70,65940,卖盘
390,13:12:18,9.42,0.0,9,8478,卖盘
391,13:13:24,9.42,0.0,10,9420,卖盘
392,13:13:36,9.42,0.0,13,12246,卖盘
393,13:13:52,9.42,0.0,10,9420,买盘
394,13:13:55,9.42,0.0,1,942,买盘
395,13:13:58,9.43,0.01,15,14134,买盘
396,13:14:19,9.43,0.0,5,4715,买盘
397,13:14:49,9.42,-0.01,11,10362,卖盘
398,13:17:36,9.42,0.0,10,9420,卖盘
399,13:17:39,9.43,0.01,1,943,买盘
400,13:17:46,9.42,-0.01,3,2826,卖盘
401,13:18:30,9.42,0.0,18,16956,卖盘
402,13:19:00,9.42,0.0,19,17898,卖盘
403,13:19:09,9.42,0.0,7,6594,卖盘
404,13:19:13,9.43,0.01,1,943,买盘
405,13:19:37,9.43,0.0,1,943,买盘
406,13:19:54,9.43,0.0,2,1886,买盘
407,13:20:01,9.42,-0.01,19,17898,卖盘
408,13:20:07,9.43,0.01,1,943,买盘
409,13:20:19,9.43,0.0,1,943,买盘
410,13:21:01,9.42,-0.01,3,2826,卖盘
411,13:21:55,9.42,0.0,10,9420,卖盘
412,13:22:16,9.42,0.0,2,1884,卖盘
413,13:22:30,9.42,0.0,25,23550,卖盘
414,13:23:24,9.41,-0.01,5,4705,卖盘
415,13:23:51,9.41,0.0,8,7528,卖盘
416,13:23:57,9.4,-0.01,201,189020,卖盘
417,13:24:39,9.4,0.0,32,30080,买盘
418,13:24:54,9.4,0.0,3,2820,买盘
419,13:25:04,9.4,0.0,1,940,买盘
420,13:25:09,9.39,-0.01,2,1878,卖盘
421,13:25:13,9.4,0.01,12,11280,买盘
422,13:25:18,9.39,-0.01,31,29109,卖盘
423,13:25:33,9.39,0.0,18,16902,买盘
424,13:25:48,9.39,0.0,8,7512,卖盘
425,13:26:24,9.39,0.0,3,2817,卖盘
426,13:26:37,9.4,0.01,3,2820,买盘
427,13:26:48,9.4,0.0,64,60160,买盘
428,13:26:51,9.42,0.02,4,3768,买盘
429,13:27:19,9.4,-0.02,3,2820,卖盘
430,13:28:54,9.41,0.01,2,1882,卖盘
431,13:29:48,9.4,-0.01,8,7520,卖盘
432,13:30:13,9.42,0.02,10,9413,买盘
433,13:31:33,9.4,-0.02,2,1880,卖盘
434,13:31:58,9.41,0.01,1,941,买盘
435,13:33:01,9.4,-0.01,8,7520,卖盘
436,13:33:43,9.4,0.0,2,1881,卖盘
437,13:34:00,9.4,0.0,8,7520,卖盘
438,13:34:16,9.4,0.0,9,8460,卖盘
439,13:34:39,9.4,0.0,3,2820,卖盘
440,13:34:42,9.4,0.0,1,940,买盘
441,13:35:31,9.4,0.0,4,3760,卖盘
442,13:35:46,9.4,0.0,2,1880,卖盘
443,13:35:49,9.4,0.0,2,1880,买盘
444,13:36:04,9.41,0.01,2,1882,买盘
445,13:38:19,9.4,-0.01,10,9400,卖盘
446,13:39:09,9.41,0.01,1,941,买盘
447,13:40:07,9.41,0.0,4,3764,买盘
448,13:40:10,9.4,-0.01,1,940,卖盘
449,13:40:31,9.4,0.0,3,2820,卖盘
450,13:40:46,9.41,0.01,15,14115,买盘
451,13:40:58,9.41,0.0,24,22584,买盘
452,13:41:01,9.41,0.0,3,2823,买盘
453,13:41:34,9.41,0.0,4,3764,买盘
454,13:41:43,9.41,0.0,1,941,买盘
455,13:42:00,9.4,-0.01,39,36660,卖盘
456,13:42:43,9.4,0.0,5,4700,卖盘
457,13:42:46,9.4,0.0,2,1880,买盘
458,13:43:55,9.41,0.01,32,30112,买盘
459,13:44:43,9.4,-0.01,10,9400,卖盘
460,13:46:00,9.41,0.01,1,941,买盘
461,13:46:31,9.4,-0.01,8,7520,卖盘
462,13:46:37,9.4,0.0,1,940,卖盘
463,13:47:10,9.41,0.01,9,8469,买盘
464,13:48:16,9.4,-0.01,12,11280,卖盘
465,13:49:55,9.4,0.0,225,211500,卖盘
466,13:50:43,9.4,0.0,31,29140,买盘
467,13:51:00,9.39,-0.01,66,61974,卖盘
468,13:51:10,9.39,0.0,50,46950,卖盘
469,13:52:31,9.38,-0.01,31,29078,卖盘
470,13:52:52,9.38,0.0,30,28140,卖盘
471,13:52:57,9.39,0.01,1,939,买盘
472,13:53:34,9.39,0.0,1,939,买盘
473,13:54:49,9.38,-0.01,21,19698,卖盘
474,13:54:58,9.38,0.0,4,3752,卖盘
475,13:55:01,9.38,0.0,2,1876,卖盘
476,13:55:06,9.38,0.0,2,1876,卖盘
477,13:55:13,9.38,0.0,5,4690,卖盘
478,13:55:16,9.38,0.0,20,18760,卖盘
479,13:55:19,9.38,0.0,15,14070,卖盘
480,13:55:25,9.37,-0.01,1,937,卖盘
481,13:55:43,9.38,0.01,44,41272,买盘
482,13:56:07,9.37,-0.01,7,6559,卖盘
483,13:56:31,9.37,0.0,19,17803,卖盘
484,13:56:39,9.35,-0.02,70,65500,卖盘
485,13:57:15,9.36,0.01,17,15912,买盘
486,13:57:28,9.37,0.01,37,34642,买盘
487,13:57:39,9.37,0.0,4,3748,卖盘
488,13:57:42,9.37,0.0,11,10307,买盘
489,13:57:58,9.38,0.01,33,30953,买盘
490,13:58:01,9.38,0.0,11,10318,卖盘
491,13:59:04,9.37,-0.01,15,14055,卖盘
492,13:59:22,9.37,0.0,13,12181,卖盘
493,13:59:31,9.37,0.0,8,7496,买盘
494,13:59:36,9.37,0.0,3,2811,买盘
495,13:59:40,9.37,0.0,17,15929,卖盘
496,13:59:51,9.37,0.0,20,18740,卖盘
497,14:00:10,9.36,-0.01,10,9360,卖盘
498,14:00:55,9.36,0.0,10,9360,卖盘
499,14:00:58,9.36,0.0,25,23400,卖盘
500,14:01:10,9.36,0.0,17,15912,卖盘
501,14:01:25,9.36,0.0,26,24336,卖盘
502,14:01:31,9.36,0.0,85,79560,卖盘
503,14:02:00,9.35,-0.01,3,2805,卖盘
504,14:02:15,9.35,0.0,7,6545,卖盘
505,14:02:39,9.36,0.01,32,29952,买盘
506,14:02:55,9.35,-0.01,14,13095,卖盘
507,14:03:27,9.35,0.0,2,1870,卖盘
508,14:03:36,9.36,0.01,1,936,买盘
509,14:04:04,9.36,0.0,4,3744,买盘
510,14:04:19,9.36,0.0,1,936,买盘
511,14:04:22,9.36,0.0,9,8424,买盘
512,14:04:25,9.36,0.0,15,14040,买盘
513,14:04:30,9.36,0.0,3,2808,买盘
514,14:04:34,9.36,0.0,13,12168,买盘
515,14:04:37,9.36,0.0,49,45864,买盘
516,14:04:49,9.35,-0.01,15,14039,卖盘
517,14:06:16,9.36,0.01,1,936,卖盘
518,14:08:07,9.37,0.01,1,937,买盘
519,14:08:19,9.36,-0.01,18,16859,卖盘
520,14:09:09,9.36,0.0,6,5616,卖盘
521,14:09:22,9.35,-0.01,20,18700,卖盘
522,14:09:39,9.36,0.01,10,9360,买盘
523,14:09:42,9.37,0.01,53,49661,买盘
524,14:09:49,9.37,0.0,1,937,买盘
525,14:09:57,9.37,0.0,6,5622,买盘
526,14:10:00,9.37,0.0,1,937,买盘
527,14:10:06,9.37,0.0,4,3748,买盘
528,14:10:10,9.36,-0.01,50,46800,卖盘
529,14:10:16,9.37,0.01,11,10307,买盘
530,14:11:07,9.39,0.02,1,939,买盘
531,14:11:25,9.39,0.0,17,15963,买盘
532,14:12:13,9.38,-0.01,2,1876,卖盘
533,14:12:42,9.39,0.01,7,6567,买盘
534,14:13:13,9.39,0.0,7,6573,买盘
535,14:13:58,9.4,0.01,66,62040,买盘
536,14:14:12,9.41,0.01,1,941,买盘
537,14:14:22,9.41,0.0,27,25407,买盘
538,14:14:55,9.42,0.01,87,81954,买盘
539,14:15:07,9.41,-0.01,18,16938,卖盘
540,14:15:37,9.41,0.0,10,9410,卖盘
541,14:15:46,9.42,0.01,1,942,买盘
542,14:15:49,9.41,-0.01,20,18820,卖盘
543,14:15:52,9.42,0.01,1,942,买盘
544,14:16:07,9.41,-0.01,16,15056,卖盘
545,14:16:46,9.41,0.0,20,18820,卖盘
546,14:16:58,9.41,0.0,10,9410,买盘
547,14:17:09,9.39,-0.02,4,3756,卖盘
548,14:20:13,9.4,0.01,32,30080,买盘
549,14:20:15,9.4,0.0,11,10340,买盘
550,14:20:37,9.4,0.0,3,2820,买盘
551,14:21:51,9.4,0.0,1,940,买盘
552,14:22:04,9.4,0.0,13,12220,买盘
553,14:22:58,9.4,0.0,32,30080,买盘
554,14:23:43,9.4,0.0,2,1880,卖盘
555,14:24:34,9.4,0.0,1,940,买盘
556,14:24:40,9.39,-0.01,347,325833,卖盘
557,14:24:51,9.38,-0.01,6,5628,卖盘
558,14:24:54,9.38,0.0,6,5628,卖盘
559,14:25:15,9.37,-0.01,6,5622,卖盘
560,14:25:25,9.37,0.0,1,937,卖盘
561,14:26:19,9.37,0.0,6,5622,卖盘
562,14:26:43,9.38,0.01,6,5628,买盘
563,14:26:46,9.38,0.0,3,2814,卖盘
564,14:26:52,9.38,0.0,12,11256,卖盘
565,14:27:45,9.39,0.01,1,939,买盘
566,14:28:31,9.38,-0.01,7,6566,卖盘
567,14:28:34,9.38,0.0,2,1876,卖盘
568,14:29:31,9.39,0.01,13,12207,买盘
569,14:29:37,9.39,0.0,1,939,买盘
570,14:29:39,9.39,0.0,1,939,买盘
571,14:30:28,9.38,-0.01,1,938,卖盘
572,14:30:40,9.38,0.0,3,2814,卖盘
573,14:31:52,9.39,0.01,1,939,买盘
574,14:33:24,9.39,0.0,9,8451,买盘
575,14:33:57,9.39,0.0,5,4695,买盘
576,14:34:52,9.39,0.0,76,71364,买盘
577,14:35:07,9.38,-0.01,147,138014,卖盘
578,14:35:25,9.38,0.0,5,4690,买盘
579,14:35:36,9.38,0.0,10,9380,买盘
580,14:36:07,9.37,-0.01,8,7496,卖盘
581,14:36:16,9.38,0.01,20,18760,买盘
582,14:36:40,9.39,0.01,16,15018,买盘
583,14:38:42,9.38,-0.01,11,10318,卖盘
584,14:38:51,9.38,0.0,6,5628,买盘
585,14:39:40,9.38,0.0,5,4690,买盘
586,14:40:04,9.38,0.0,1,938,买盘
587,14:40:10,9.37,-0.01,67,62779,卖盘
588,14:41:22,9.37,0.0,4,3748,买盘
589,14:41:57,9.37,0.0,1,937,买盘
590,14:42:01,9.36,-0.01,98,91728,卖盘
591,14:42:16,9.35,-0.01,5,4675,卖盘
592,14:42:19,9.36,0.01,9,8424,买盘
593,14:42:24,9.35,-0.01,10,9361,卖盘
594,14:42:40,9.35,0.0,4,3740,卖盘
595,14:42:52,9.35,0.0,28,26180,卖盘
596,14:42:55,9.35,0.0,100,93500,卖盘
597,14:43:01,9.35,0.0,90,84150,卖盘
598,14:43:24,9.35,0.0,6,5610,卖盘
599,14:43:33,9.35,0.0,4,3740,买盘
600,14:43:52,9.35,0.0,3,2805,买盘
601,14:43:58,9.35,0.0,2,1870,买盘
602,14:44:04,9.35,0.0,44,41140,买盘
603,14:44:52,9.36,0.01,43,40248,买盘
604,14:44:58,9.36,0.0,1,936,卖盘
605,14:45:22,9.37,0.01,4,3748,买盘
606,14:46:31,9.36,-0.01,4,3744,卖盘
607,14:46:40,9.36,0.0,14,13104,买盘
608,14:46:49,9.36,0.0,7,6552,卖盘
609,14:46:52,9.37,0.01,53,49661,买盘
610,14:46:58,9.32,-0.05,437,408133,卖盘
611,14:47:10,9.34,0.02,5,4670,卖盘
612,14:47:13,9.35,0.01,4,3740,卖盘
613,14:47:40,9.32,-0.03,15,13980,卖盘
614,14:48:30,9.33,0.01,1,933,卖盘
615,14:48:57,9.35,0.02,5,4675,买盘
616,14:49:00,9.35,0.0,1,935,买盘
617,14:49:04,9.35,0.0,1,935,买盘
618,14:49:07,9.33,-0.02,6,5600,卖盘
619,14:49:19,9.35,0.02,2,1870,买盘
620,14:49:25,9.35,0.0,5,4675,中性盘
621,14:49:34,9.35,0.0,10,9350,买盘
622,14:49:36,9.35,0.0,1,935,买盘
623,14:49:39,9.35,0.0,1,935,买盘
624,14:49:42,9.35,0.0,1,935,买盘
625,14:49:45,9.35,0.0,1,935,买盘
626,14:49:49,9.35,0.0,2,1870,买盘
627,14:49:52,9.35,0.0,1,935,买盘
628,14:49:55,9.35,0.0,1,935,买盘
629,14:50:10,9.36,0.01,44,41177,买盘
630,14:50:19,9.35,-0.01,43,40119,买盘
631,14:50:28,9.36,0.01,7,6552,买盘
632,14:50:46,9.37,0.01,100,93700,买盘
633,14:50:52,9.37,0.0,5,4685,卖盘
634,14:51:21,9.31,-0.06,60,55957,卖盘
635,14:52:04,9.38,0.07,4,3752,卖盘
636,14:52:31,9.38,0.0,20,18760,卖盘
637,14:52:34,9.39,0.01,1,939,买盘
638,14:52:46,9.38,-0.01,47,44086,卖盘
639,14:52:49,9.37,-0.01,2,1874,卖盘
640,14:52:51,9.36,-0.01,1,936,卖盘
641,14:53:01,9.37,0.01,2,1874,买盘
642,14:53:04,9.34,-0.03,1,934,卖盘
643,14:53:22,9.35,0.01,2,1870,卖盘
644,14:53:28,9.37,0.02,3,2811,买盘
645,14:53:31,9.34,-0.03,2,1868,卖盘
646,14:53:40,9.34,0.0,38,35492,中性盘
647,14:54:19,9.38,0.04,2,1876,买盘
648,14:54:34,9.38,0.0,8,7476,买盘
649,14:54:39,9.37,-0.01,14,13118,买盘
650,14:54:55,9.34,-0.03,95,89033,卖盘
651,14:55:10,9.35,0.01,1,935,卖盘
652,14:55:13,9.34,-0.01,67,62578,卖盘
653,14:55:16,9.33,-0.01,40,37320,卖盘
654,14:55:46,9.33,0.0,20,18662,卖盘
655,14:55:57,9.36,0.03,10,9360,买盘
656,14:56:07,9.38,0.02,33,30930,买盘
657,14:56:10,9.38,0.0,17,15946,买盘
658,14:56:24,9.38,0.0,44,41257,买盘
659,14:56:34,9.38,0.0,7,6556,买盘
660,15:00:04,9.36,-0.02,77,72072,卖盘
