,time,price,change,volume,amount,type
0,09:25:04,7.49,0.22,618,462882,卖盘
1,09:30:00,7.48,-0.01,100,74800,卖盘
2,09:30:04,7.49,0.01,1212,905831,买盘
3,09:30:07,7.45,-0.04,873,653697,中性盘
4,09:30:10,7.45,0.0,116,86420,买盘
5,09:30:13,7.44,-0.01,207,154165,中性盘
6,09:30:16,7.45,0.01,165,122865,买盘
7,09:30:19,7.43,-0.02,13,9659,中性盘
8,09:30:22,7.42,-0.01,61,45321,卖盘
9,09:30:25,7.44,0.02,5,3719,买盘
10,09:30:28,7.43,-0.01,23,17089,卖盘
11,09:30:31,7.43,0.0,38,28234,卖盘
12,09:30:34,7.45,0.02,41,30534,买盘
13,09:30:37,7.44,-0.01,62,46144,卖盘
14,09:30:39,7.45,0.01,104,77480,买盘
15,09:30:43,7.45,0.0,91,67690,卖盘
16,09:30:46,7.44,-0.01,55,41123,卖盘
17,09:30:49,7.46,0.02,26,19396,中性盘
18,09:30:52,7.47,0.01,78,58196,买盘
19,09:30:55,7.45,-0.02,38,28314,卖盘
20,09:30:58,7.45,0.0,26,19391,卖盘
21,09:31:00,7.47,0.02,9,6715,买盘
22,09:31:04,7.46,-0.01,32,23872,卖盘
23,09:31:06,7.47,0.01,17,12683,买盘
24,09:31:10,7.45,-0.02,265,197488,卖盘
25,09:31:13,7.45,0.0,37,27565,买盘
26,09:31:16,7.44,-0.01,68,50632,卖盘
27,09:31:22,7.44,0.0,20,14880,卖盘
28,09:31:25,7.43,-0.01,174,129490,卖盘
29,09:31:28,7.44,0.01,52,38688,中性盘
30,09:31:34,7.42,-0.02,146,108499,卖盘
31,09:31:40,7.44,0.02,153,113700,买盘
32,09:31:51,7.43,-0.01,61,45315,买盘
33,09:31:55,7.43,0.0,154,114422,卖盘
34,09:31:58,7.43,0.0,20,14860,卖盘
35,09:32:04,7.42,-0.01,1039,771311,卖盘
36,09:32:07,7.42,0.0,59,43778,买盘
37,09:32:12,7.41,-0.01,31,22981,卖盘
38,09:32:15,7.41,0.0,7,5187,卖盘
39,09:32:19,7.41,0.0,58,42978,卖盘
40,09:32:22,7.42,0.01,200,148400,买盘
41,09:32:25,7.42,0.0,129,95605,买盘
42,09:32:28,7.41,-0.01,257,190467,卖盘
43,09:32:30,7.4,-0.01,1232,912346,卖盘
44,09:32:33,7.42,0.02,12,8904,买盘
45,09:32:36,7.4,-0.02,26,19251,卖盘
46,09:32:43,7.41,0.01,26,19266,买盘
47,09:32:45,7.4,-0.01,333,246453,卖盘
48,09:32:49,7.4,0.0,97,71780,卖盘
49,09:32:52,7.41,0.01,37,27417,买盘
50,09:32:54,7.41,0.0,10,7410,卖盘
51,09:33:01,7.42,0.01,49,36352,买盘
52,09:33:04,7.42,0.0,108,80136,卖盘
53,09:33:07,7.42,0.0,46,34132,卖盘
54,09:33:10,7.42,0.0,6,4452,卖盘
55,09:33:13,7.41,-0.01,162,120219,卖盘
56,09:33:25,7.41,0.0,10,7410,卖盘
57,09:33:28,7.41,0.0,54,40014,卖盘
58,09:33:31,7.4,-0.01,8,5920,卖盘
59,09:33:37,7.4,0.0,10,7400,卖盘
60,09:33:40,7.4,0.0,10,7400,卖盘
61,09:33:43,7.4,0.0,124,91790,卖盘
62,09:33:46,7.4,0.0,36,26640,卖盘
63,09:33:49,7.4,0.0,15,11100,卖盘
64,09:33:52,7.39,-0.01,29,21454,卖盘
65,09:33:54,7.4,0.01,7,5180,买盘
66,09:33:58,7.42,0.02,516,382234,买盘
67,09:34:04,7.38,-0.04,66,48754,卖盘
68,09:34:07,7.41,0.03,229,169641,买盘
69,09:34:10,7.41,0.0,40,29640,卖盘
70,09:34:13,7.36,-0.05,83,61309,卖盘
71,09:34:22,7.38,0.02,14,10332,卖盘
72,09:34:25,7.39,0.01,50,36915,买盘
73,09:34:31,7.38,-0.01,58,42817,卖盘
74,09:34:34,7.4,0.02,27,19980,买盘
75,09:34:36,7.4,0.0,18,13320,卖盘
76,09:34:45,7.4,0.0,2,1480,卖盘
77,09:34:52,7.41,0.01,20,14820,买盘
78,09:34:55,7.4,-0.01,300,222000,卖盘
79,09:35:01,7.41,0.01,61,45197,买盘
80,09:35:04,7.41,0.0,44,32604,买盘
81,09:35:10,7.41,0.0,96,71136,卖盘
82,09:35:16,7.41,0.0,106,78546,卖盘
83,09:35:19,7.41,0.0,44,32604,卖盘
84,09:35:22,7.4,-0.01,10,7400,卖盘
85,09:35:25,7.41,0.01,204,151164,买盘
86,09:35:28,7.4,-0.01,100,74000,卖盘
87,09:35:31,7.39,-0.01,80,59193,卖盘
88,09:35:33,7.4,0.01,20,14800,买盘
89,09:35:43,7.4,0.0,1,740,买盘
90,09:35:46,7.38,-0.02,166,122568,卖盘
91,09:35:52,7.36,-0.02,10,7376,卖盘
92,09:35:58,7.36,0.0,13,9568,卖盘
93,09:36:01,7.38,0.02,9,6638,买盘
94,09:36:04,7.38,0.0,25,18440,买盘
95,09:36:06,7.38,0.0,126,92988,买盘
96,09:36:10,7.38,0.0,118,87116,卖盘
97,09:36:16,7.39,0.01,27,19953,买盘
98,09:36:19,7.4,0.01,150,111000,买盘
99,09:36:22,7.39,-0.01,21,15530,卖盘
100,09:36:25,7.39,0.0,89,65771,卖盘
101,09:36:28,7.39,0.0,4,2956,买盘
102,09:36:31,7.39,0.0,3,2217,买盘
103,09:36:33,7.39,0.0,14,10346,买盘
104,09:36:37,7.4,0.01,4,2960,买盘
105,09:36:40,7.39,-0.01,234,172965,卖盘
106,09:36:43,7.4,0.01,8,5920,中性盘
107,09:36:49,7.4,0.0,15,11100,卖盘
108,09:36:52,7.41,0.01,39,28899,买盘
109,09:36:55,7.4,-0.01,243,179820,卖盘
110,09:36:58,7.4,0.0,53,39223,卖盘
111,09:37:01,7.4,0.0,34,25160,卖盘
112,09:37:04,7.41,0.01,210,155600,买盘
113,09:37:07,7.4,-0.01,59,43699,卖盘
114,09:37:10,7.4,0.0,154,113984,卖盘
115,09:37:19,7.4,0.0,100,74000,买盘
116,09:37:22,7.4,0.0,67,49580,买盘
117,09:37:33,7.4,0.0,16,11840,卖盘
118,09:37:40,7.41,0.01,21,15560,买盘
119,09:37:42,7.4,-0.01,110,81400,卖盘
120,09:37:46,7.41,0.01,74,54824,买盘
121,09:37:49,7.4,-0.01,100,74000,卖盘
122,09:37:52,7.4,0.0,201,148916,卖盘
123,09:37:55,7.4,0.0,2,1480,卖盘
124,09:37:58,7.4,0.0,10,7403,卖盘
125,09:38:01,7.4,0.0,9,6660,卖盘
126,09:38:03,7.4,0.0,62,45880,卖盘
127,09:38:10,7.39,-0.01,104,76856,卖盘
128,09:38:13,7.39,0.0,20,14780,卖盘
129,09:38:19,7.4,0.01,38,28099,买盘
130,09:38:22,7.4,0.0,140,103520,买盘
131,09:38:25,7.39,-0.01,9,6651,卖盘
132,09:38:27,7.39,0.0,1,739,卖盘
133,09:38:40,7.4,0.01,176,130240,买盘
134,09:38:43,7.4,0.0,71,52540,卖盘
135,09:38:48,7.39,-0.01,122,90320,卖盘
136,09:38:55,7.4,0.01,90,66600,中性盘
137,09:39:07,7.4,0.0,10,7400,卖盘
138,09:39:13,7.4,0.0,60,44400,卖盘
139,09:39:16,7.41,0.01,20,14820,买盘
140,09:39:19,7.4,-0.01,1,740,卖盘
141,09:39:22,7.4,0.0,70,51800,买盘
142,09:39:28,7.41,0.01,30,22230,买盘
143,09:39:34,7.41,0.0,13,9633,买盘
144,09:39:37,7.41,0.0,95,70391,买盘
145,09:39:43,7.41,0.0,59,43686,卖盘
146,09:39:46,7.41,0.0,7,5187,买盘
147,09:39:49,7.41,0.0,3,2223,买盘
148,09:39:52,7.41,0.0,6,4443,买盘
149,09:39:55,7.41,0.0,72,53352,买盘
150,09:40:01,7.42,0.01,6,4452,买盘
151,09:40:06,7.41,-0.01,6,4451,卖盘
152,09:40:09,7.41,0.0,11,8151,卖盘
153,09:40:13,7.41,0.0,405,300106,卖盘
154,09:40:16,7.41,0.0,20,14820,买盘
155,09:40:22,7.41,0.0,22,16302,买盘
156,09:40:33,7.41,0.0,94,69654,买盘
157,09:40:37,7.42,0.01,31,22996,买盘
158,09:40:46,7.41,-0.01,204,151364,卖盘
159,09:40:49,7.42,0.01,52,38574,买盘
160,09:40:52,7.42,0.0,7,5194,卖盘
161,09:40:54,7.42,0.0,1,742,卖盘
162,09:41:00,7.42,0.0,20,14840,卖盘
163,09:41:10,7.42,0.0,66,49028,卖盘
164,09:41:13,7.43,0.01,1,743,买盘
165,09:41:19,7.42,-0.01,1,742,卖盘
166,09:41:25,7.43,0.01,50,37150,买盘
167,09:41:27,7.43,0.0,30,22290,买盘
168,09:41:30,7.42,-0.01,5,3710,卖盘
169,09:41:40,7.4,-0.02,414,306962,卖盘
170,09:42:04,7.41,0.01,13,9633,卖盘
171,09:42:07,7.4,-0.01,106,78444,卖盘
172,09:42:22,7.4,0.0,74,54826,卖盘
173,09:42:28,7.4,0.0,38,28120,卖盘
174,09:42:34,7.39,-0.01,158,116629,卖盘
175,09:42:43,7.38,-0.01,20,14769,卖盘
176,09:42:49,7.38,0.0,29,21402,卖盘
177,09:42:52,7.4,0.02,55,40600,买盘
178,09:42:57,7.38,-0.02,100,73800,卖盘
179,09:43:01,7.38,0.0,213,157639,卖盘
180,09:43:04,7.39,0.01,185,136720,卖盘
181,09:43:06,7.39,0.0,10,7390,卖盘
182,09:43:10,7.38,-0.01,60,44043,卖盘
183,09:43:22,7.38,0.0,8,5904,买盘
184,09:43:28,7.37,-0.01,72,53064,卖盘
185,09:43:31,7.37,0.0,100,73700,卖盘
186,09:43:34,7.37,0.0,75,55275,卖盘
187,09:43:40,7.36,-0.01,100,73600,卖盘
188,09:43:46,7.37,0.01,30,22110,买盘
189,09:43:49,7.36,-0.01,24,17664,卖盘
190,09:43:54,7.36,0.0,19,13984,卖盘
191,09:44:00,7.36,0.0,18,13248,买盘
192,09:44:06,7.36,0.0,22,16192,卖盘
193,09:44:10,7.37,0.01,1,737,买盘
194,09:44:16,7.36,-0.01,43,31648,卖盘
195,09:44:19,7.36,0.0,5,3680,卖盘
196,09:44:22,7.36,0.0,50,36800,卖盘
197,09:44:27,7.36,0.0,50,36800,卖盘
198,09:44:31,7.37,0.01,23,16951,买盘
199,09:44:34,7.36,-0.01,114,83945,卖盘
200,09:44:45,7.35,-0.01,5,3675,卖盘
201,09:44:49,7.35,0.0,84,61740,卖盘
202,09:44:52,7.35,0.0,6,4410,买盘
203,09:44:55,7.35,0.0,6,4410,买盘
204,09:44:58,7.34,-0.01,10,7340,卖盘
205,09:45:01,7.34,0.0,47,34498,卖盘
206,09:45:04,7.35,0.01,40,29383,买盘
207,09:45:07,7.34,-0.01,20,14694,卖盘
208,09:45:09,7.36,0.02,9,6624,买盘
209,09:45:13,7.36,0.0,7,5146,买盘
210,09:45:16,7.31,-0.05,322,235977,卖盘
211,09:45:19,7.32,0.01,125,91470,买盘
212,09:45:22,7.32,0.0,49,35868,买盘
213,09:45:25,7.31,-0.01,27,19743,卖盘
214,09:45:28,7.31,0.0,34,24942,卖盘
215,09:45:33,7.33,0.02,39,28587,卖盘
216,09:45:40,7.36,0.03,5,3680,买盘
217,09:45:43,7.34,-0.02,10,7340,中性盘
218,09:45:46,7.34,0.0,86,63224,卖盘
219,09:45:49,7.33,-0.01,40,29333,卖盘
220,09:45:55,7.34,0.01,10,7340,卖盘
221,09:46:01,7.34,0.0,10,7340,卖盘
222,09:46:06,7.34,0.0,2,1468,卖盘
223,09:46:10,7.34,0.0,13,9542,卖盘
224,09:46:19,7.36,0.02,14,10304,买盘
225,09:46:28,7.37,0.01,31,22840,买盘
226,09:46:34,7.36,-0.01,67,49340,卖盘
227,09:46:46,7.37,0.01,44,32467,卖盘
228,09:46:48,7.37,0.0,7,5159,卖盘
229,09:46:55,7.37,0.0,61,44957,买盘
230,09:46:57,7.36,-0.01,93,68454,卖盘
231,09:47:01,7.37,0.01,15,11549,买盘
232,09:47:07,7.37,0.0,5,3685,卖盘
233,09:47:10,7.37,0.0,24,17194,卖盘
234,09:47:16,7.38,0.01,50,36883,买盘
235,09:47:28,7.38,0.0,233,171954,买盘
236,09:47:37,7.38,0.0,9,6694,买盘
237,09:47:39,7.38,0.0,2,1424,卖盘
238,09:47:42,7.38,0.0,3,2266,买盘
239,09:47:46,7.38,0.0,13,9547,卖盘
240,09:47:52,7.38,0.0,10,7380,中性盘
241,09:48:00,7.38,0.0,8,5901,买盘
242,09:48:04,7.38,0.0,66,48708,买盘
243,09:48:16,7.35,-0.03,65,47852,卖盘
244,09:48:25,7.37,0.02,9,6633,买盘
245,09:48:28,7.35,-0.02,56,41187,卖盘
246,09:48:43,7.36,0.01,27,19877,卖盘
247,09:48:48,7.36,0.0,8,5888,买盘
248,09:48:51,7.36,0.0,313,230026,买盘
249,09:48:55,7.36,0.0,10,7360,中性盘
250,09:48:58,7.34,-0.02,54,39697,卖盘
251,09:49:01,7.36,0.02,16,11765,买盘
252,09:49:07,7.36,0.0,3,2208,买盘
253,09:49:28,7.36,0.0,5,3680,买盘
254,09:49:37,7.35,-0.01,4,2940,卖盘
255,09:49:40,7.36,0.01,42,30882,买盘
256,09:49:58,7.36,0.0,18,13248,卖盘
257,09:50:01,7.36,0.0,10,7360,卖盘
258,09:50:13,7.36,0.0,38,27968,卖盘
259,09:50:16,7.34,-0.02,27,19818,卖盘
260,09:50:19,7.33,-0.01,139,101951,卖盘
261,09:50:43,7.34,0.01,31,22794,卖盘
262,09:50:46,7.34,0.0,1,734,买盘
263,09:50:49,7.32,-0.02,201,147196,卖盘
264,09:50:57,7.33,0.01,10,7330,卖盘
265,09:51:00,7.33,0.0,1,733,买盘
266,09:51:04,7.33,0.0,1,733,买盘
267,09:51:07,7.33,0.0,1,733,买盘
268,09:51:10,7.33,0.0,45,32972,买盘
269,09:51:13,7.32,-0.01,126,92246,卖盘
270,09:51:24,7.32,0.0,15,10980,买盘
271,09:51:28,7.32,0.0,15,10980,买盘
272,09:51:31,7.32,0.0,229,167547,买盘
273,09:51:34,7.32,0.0,71,51972,买盘
274,09:51:37,7.32,0.0,233,170549,买盘
275,09:51:39,7.34,0.02,837,612743,买盘
276,09:51:43,7.36,0.02,38,27946,买盘
277,09:51:46,7.38,0.02,68,50119,买盘
278,09:51:49,7.38,0.0,12,8856,买盘
279,09:51:52,7.39,0.01,7,5168,买盘
280,09:51:58,7.38,-0.01,9,6642,中性盘
281,09:52:01,7.38,0.0,17,12546,买盘
282,09:52:04,7.38,0.0,2,1476,买盘
283,09:52:06,7.38,0.0,48,35424,买盘
284,09:52:10,7.38,0.0,2,1476,卖盘
285,09:52:22,7.38,0.0,25,18467,买盘
286,09:52:27,7.36,-0.02,45,33130,卖盘
287,09:52:34,7.38,0.02,2,1476,买盘
288,09:52:49,7.38,0.0,115,84764,买盘
289,09:53:04,7.38,0.0,64,47284,买盘
290,09:53:06,7.38,0.0,28,20664,卖盘
291,09:53:09,7.38,0.0,15,11070,卖盘
292,09:53:18,7.39,0.01,21,15508,买盘
293,09:53:22,7.39,0.0,10,7390,买盘
294,09:53:31,7.38,-0.01,8,5904,卖盘
295,09:53:33,7.39,0.01,10,7390,买盘
296,09:53:36,7.38,-0.01,1,738,卖盘
297,09:53:46,7.38,0.0,42,30944,卖盘
298,09:53:49,7.39,0.01,91,67216,买盘
299,09:53:52,7.38,-0.01,57,42087,中性盘
300,09:54:04,7.38,0.0,71,52398,卖盘
301,09:54:10,7.38,0.0,6,4428,卖盘
302,09:54:13,7.39,0.01,10,7390,买盘
303,09:54:16,7.38,-0.01,13,9594,卖盘
304,09:54:18,7.39,0.01,5,3694,买盘
305,09:54:27,7.38,-0.01,2,1476,中性盘
306,09:54:49,7.39,0.01,100,73900,买盘
307,09:54:52,7.38,-0.01,104,76752,卖盘
308,09:55:10,7.37,-0.01,8,5896,卖盘
309,09:55:37,7.38,0.01,10,7380,买盘
310,09:55:43,7.37,-0.01,36,26549,卖盘
311,09:55:45,7.38,0.01,1,738,买盘
312,09:56:01,7.38,0.0,30,22140,买盘
313,09:56:04,7.38,0.0,5,3690,买盘
314,09:56:58,7.38,0.0,1,738,买盘
315,09:57:01,7.38,0.0,17,12546,买盘
316,09:57:04,7.38,0.0,3,2214,买盘
317,09:57:07,7.38,0.0,7,5166,买盘
318,09:57:10,7.39,0.01,41,30267,买盘
319,09:57:13,7.39,0.0,27,19953,买盘
320,09:57:16,7.39,0.0,33,24387,买盘
321,09:57:31,7.37,-0.02,50,36850,卖盘
322,09:57:40,7.39,0.02,20,14780,买盘
323,09:58:04,7.39,0.0,12,8868,买盘
324,09:58:13,7.39,0.0,33,24387,买盘
325,09:58:16,7.39,0.0,2,1478,买盘
326,09:58:27,7.39,0.0,82,60557,买盘
327,09:58:30,7.39,0.0,10,7390,买盘
328,09:58:37,7.39,0.0,10,7390,买盘
329,09:58:43,7.39,0.0,30,22170,买盘
330,09:58:49,7.39,0.0,15,11085,买盘
331,09:59:10,7.39,0.0,151,111589,买盘
332,09:59:12,7.39,0.0,2,1530,买盘
333,09:59:25,7.39,0.0,7,5173,卖盘
334,09:59:28,7.41,0.02,230,170209,买盘
335,09:59:31,7.39,-0.02,31,22909,卖盘
336,09:59:40,7.39,0.0,5,3695,卖盘
337,09:59:48,7.39,0.0,10,7390,卖盘
338,10:00:04,7.4,0.01,9,6660,买盘
339,10:00:07,7.4,0.0,4,2960,卖盘
340,10:00:10,7.4,0.0,1,740,卖盘
341,10:00:12,7.41,0.01,33,24453,买盘
342,10:00:16,7.41,0.0,47,34827,买盘
343,10:00:22,7.4,-0.01,2,1480,卖盘
344,10:00:24,7.4,0.0,146,108050,卖盘
345,10:00:28,7.4,0.0,7,5180,买盘
346,10:00:40,7.4,0.0,1,740,买盘
347,10:00:45,7.39,-0.01,173,127847,卖盘
348,10:00:49,7.4,0.01,4,2959,买盘
349,10:00:52,7.39,-0.01,1,739,卖盘
350,10:00:55,7.4,0.01,46,34040,买盘
351,10:01:01,7.4,0.0,2,1480,买盘
352,10:01:04,7.4,0.0,53,39220,买盘
353,10:01:10,7.4,0.0,1,740,买盘
354,10:01:25,7.4,0.0,2,1480,买盘
355,10:01:28,7.4,0.0,3,2220,买盘
356,10:01:36,7.39,-0.01,55,40655,卖盘
357,10:01:52,7.4,0.01,1,740,买盘
358,10:01:55,7.4,0.0,40,29600,买盘
359,10:02:01,7.4,0.0,7,5180,买盘
360,10:02:12,7.39,-0.01,40,29560,卖盘
361,10:02:22,7.4,0.01,19,14060,买盘
362,10:02:28,7.4,0.0,35,25900,卖盘
363,10:02:43,7.4,0.0,12,8880,买盘
364,10:02:48,7.4,0.0,13,9620,买盘
365,10:02:52,7.39,-0.01,260,192088,卖盘
366,10:03:01,7.4,0.01,100,73960,买盘
367,10:03:07,7.38,-0.02,3,2214,卖盘
368,10:03:28,7.39,0.01,1,739,买盘
369,10:03:37,7.39,0.0,14,10346,买盘
370,10:03:40,7.39,0.0,4,2956,买盘
371,10:03:49,7.38,-0.01,20,14769,卖盘
372,10:03:55,7.4,0.02,118,87372,买盘
373,10:04:16,7.4,0.0,220,163000,卖盘
374,10:04:19,7.4,0.0,7,5180,卖盘
375,10:04:28,7.41,0.01,69,51110,买盘
376,10:04:30,7.4,-0.01,1,740,卖盘
377,10:04:33,7.4,0.0,52,38480,买盘
378,10:04:36,7.4,0.0,11,8140,买盘
379,10:04:54,7.38,-0.02,99,73062,卖盘
380,10:05:01,7.4,0.02,31,22906,买盘
381,10:05:04,7.4,0.0,2,1480,卖盘
382,10:05:07,7.4,0.0,8,5920,卖盘
383,10:05:12,7.37,-0.03,100,73778,卖盘
384,10:05:19,7.4,0.03,77,56980,买盘
385,10:05:57,7.39,-0.01,5,3695,买盘
386,10:06:04,7.4,0.01,100,73971,买盘
387,10:06:10,7.39,-0.01,67,49466,卖盘
388,10:06:22,7.38,-0.01,23,16975,卖盘
389,10:06:34,7.39,0.01,69,50991,买盘
390,10:06:40,7.38,-0.01,8,5904,卖盘
391,10:06:43,7.39,0.01,25,18475,买盘
392,10:06:45,7.38,-0.01,10,7380,卖盘
393,10:06:58,7.39,0.01,33,24387,买盘
394,10:07:10,7.39,0.0,17,12563,买盘
395,10:07:13,7.39,0.0,6,4434,买盘
396,10:07:16,7.4,0.01,10,7400,买盘
397,10:07:27,7.4,0.0,85,62900,买盘
398,10:07:31,7.39,-0.01,1,739,卖盘
399,10:07:34,7.4,0.01,13,9620,买盘
400,10:08:04,7.41,0.01,14,10364,买盘
401,10:08:13,7.4,-0.01,43,31790,卖盘
402,10:08:16,7.4,0.0,20,14800,买盘
403,10:08:19,7.4,0.0,20,14800,买盘
404,10:08:25,7.4,0.0,12,8880,买盘
405,10:08:28,7.4,0.0,10,7400,买盘
406,10:08:34,7.39,-0.01,100,73900,卖盘
407,10:08:55,7.4,0.01,12,8874,买盘
408,10:09:07,7.39,-0.01,26,19214,卖盘
409,10:09:10,7.39,0.0,13,9607,卖盘
410,10:09:12,7.4,0.01,10,7400,买盘
411,10:09:21,7.39,-0.01,10,7390,卖盘
412,10:09:31,7.4,0.01,4,2960,买盘
413,10:09:34,7.39,-0.01,375,277325,卖盘
414,10:09:42,7.39,0.0,3,2217,卖盘
415,10:10:28,7.4,0.01,49,36260,买盘
416,10:10:31,7.4,0.0,1,740,买盘
417,10:10:40,7.4,0.0,1,740,买盘
418,10:10:43,7.39,-0.01,4,2956,卖盘
419,10:10:45,7.4,0.01,13,9620,买盘
420,10:10:51,7.39,-0.01,10,7390,卖盘
421,10:11:01,7.4,0.01,1,740,买盘
422,10:11:10,7.4,0.0,1,740,买盘
423,10:11:27,7.4,0.0,1,740,买盘
424,10:11:37,7.4,0.0,6,4440,买盘
425,10:11:43,7.39,-0.01,2,1478,卖盘
426,10:11:51,7.4,0.01,10,7400,买盘
427,10:11:55,7.4,0.0,12,8880,买盘
428,10:11:58,7.39,-0.01,24,17736,卖盘
429,10:12:04,7.39,0.0,43,31777,卖盘
430,10:12:10,7.39,0.0,3,2217,卖盘
431,10:12:13,7.39,0.0,10,7390,卖盘
432,10:12:16,7.39,0.0,100,73900,卖盘
433,10:12:22,7.39,0.0,14,10346,卖盘
434,10:12:25,7.39,0.0,24,17736,卖盘
435,10:12:27,7.39,0.0,39,28821,买盘
436,10:12:40,7.39,0.0,17,12563,买盘
437,10:12:46,7.4,0.01,111,82140,买盘
438,10:12:48,7.39,-0.01,65,48085,卖盘
439,10:13:04,7.4,0.01,18,13320,买盘
440,10:13:06,7.4,0.0,8,5920,买盘
441,10:13:09,7.4,0.0,21,15540,买盘
442,10:13:16,7.4,0.0,104,76990,买盘
443,10:13:22,7.4,0.0,11,8140,卖盘
444,10:13:25,7.4,0.0,200,148000,卖盘
445,10:13:31,7.4,0.0,13,9620,卖盘
446,10:13:34,7.41,0.01,4,2964,买盘
447,10:13:37,7.41,0.0,78,57798,买盘
448,10:13:39,7.41,0.0,13,9633,卖盘
449,10:13:52,7.42,0.01,2,1484,买盘
450,10:14:03,7.42,0.0,6,4452,买盘
451,10:14:10,7.42,0.0,7,5194,买盘
452,10:14:13,7.41,-0.01,2,1482,卖盘
453,10:14:15,7.42,0.01,75,55635,买盘
454,10:14:19,7.42,0.0,7,5194,买盘
455,10:14:25,7.42,0.0,52,38584,买盘
456,10:14:37,7.42,0.0,7,5194,买盘
457,10:14:39,7.42,0.0,20,14840,买盘
458,10:14:43,7.43,0.01,21,15603,买盘
459,10:14:45,7.43,0.0,7,5201,买盘
460,10:14:55,7.43,0.0,5,3715,买盘
461,10:14:58,7.42,-0.01,42,31164,卖盘
462,10:15:01,7.43,0.01,50,37129,买盘
463,10:15:09,7.43,0.0,7,5201,买盘
464,10:15:19,7.43,0.0,179,132997,买盘
465,10:15:22,7.49,0.06,1000,746110,买盘
466,10:15:49,7.47,-0.02,5,3731,买盘
467,10:15:52,7.45,-0.02,1,745,卖盘
468,10:16:01,7.45,0.0,11,8195,买盘
469,10:16:10,7.45,0.0,48,35760,卖盘
470,10:16:18,7.46,0.01,38,28348,买盘
471,10:16:22,7.45,-0.01,10,7450,卖盘
472,10:16:25,7.45,0.0,6,4472,卖盘
473,10:16:28,7.45,0.0,1,745,买盘
474,10:16:34,7.46,0.01,10,7460,买盘
475,10:16:40,7.46,0.0,5,3730,买盘
476,10:16:46,7.45,-0.01,51,37996,卖盘
477,10:16:49,7.46,0.01,10,7460,买盘
478,10:16:55,7.46,0.0,44,32824,买盘
479,10:16:58,7.46,0.0,11,8207,卖盘
480,10:17:04,7.46,0.0,117,87282,卖盘
481,10:17:10,7.47,0.01,6,4482,买盘
482,10:17:13,7.47,0.0,39,29133,买盘
483,10:17:19,7.46,-0.01,20,14920,卖盘
484,10:17:21,7.46,0.0,121,90316,卖盘
485,10:17:25,7.47,0.01,40,29880,买盘
486,10:17:31,7.46,-0.01,10,7460,卖盘
487,10:17:37,7.47,0.01,124,92628,买盘
488,10:17:46,7.47,0.0,190,141930,卖盘
489,10:17:49,7.46,-0.01,109,81486,卖盘
490,10:17:55,7.46,0.0,10,7460,卖盘
491,10:18:04,7.46,0.0,20,14920,卖盘
492,10:18:10,7.47,0.01,5,3735,买盘
493,10:18:12,7.46,-0.01,20,14920,卖盘
494,10:18:19,7.46,0.0,82,61179,卖盘
495,10:18:28,7.46,0.0,10,7460,卖盘
496,10:18:34,7.45,-0.01,41,30568,卖盘
497,10:18:40,7.45,0.0,10,7460,卖盘
498,10:18:46,7.45,0.0,52,38740,卖盘
499,10:18:49,7.45,0.0,10,7450,买盘
500,10:18:55,7.45,0.0,1,745,买盘
501,10:18:58,7.44,-0.01,15,11160,卖盘
502,10:19:01,7.43,-0.01,301,223725,卖盘
503,10:19:10,7.44,0.01,9,6693,买盘
504,10:19:13,7.43,-0.01,20,14860,卖盘
505,10:19:22,7.43,0.0,70,52010,卖盘
506,10:19:25,7.44,0.01,5,3720,买盘
507,10:19:28,7.43,-0.01,54,40122,卖盘
508,10:19:40,7.43,0.0,5,3715,买盘
509,10:19:43,7.42,-0.01,33,24486,卖盘
510,10:20:09,7.43,0.01,6,4458,买盘
511,10:20:13,7.42,-0.01,15,11130,卖盘
512,10:20:28,7.42,0.0,15,11130,买盘
513,10:20:40,7.42,0.0,7,5194,买盘
514,10:20:58,7.42,0.0,10,7420,买盘
515,10:21:04,7.42,0.0,3,2226,买盘
516,10:21:28,7.43,0.01,251,186393,买盘
517,10:21:43,7.44,0.01,41,30504,买盘
518,10:21:52,7.44,0.0,18,13392,买盘
519,10:22:01,7.43,-0.01,4,2974,卖盘
520,10:22:07,7.45,0.02,45,33525,买盘
521,10:22:22,7.45,0.0,18,13410,买盘
522,10:22:31,7.47,0.02,5,3735,买盘
523,10:22:42,7.46,-0.01,20,14920,中性盘
524,10:22:46,7.49,0.03,1000,748261,买盘
525,10:22:49,7.47,-0.02,85,63495,中性盘
526,10:22:52,7.47,0.0,518,387926,卖盘
527,10:22:58,7.5,0.03,359,268919,买盘
528,10:23:01,7.5,0.0,10,7500,买盘
529,10:23:12,7.5,0.0,867,650247,买盘
530,10:23:16,7.5,0.0,100,75000,卖盘
531,10:23:19,7.5,0.0,93,69833,卖盘
532,10:23:22,7.5,0.0,39,29250,卖盘
533,10:23:31,7.49,-0.01,3,2247,卖盘
534,10:23:34,7.49,0.0,1,749,卖盘
535,10:23:43,7.47,-0.02,14,10474,卖盘
536,10:23:52,7.49,0.02,11,8239,买盘
537,10:24:07,7.49,0.0,75,56135,买盘
538,10:24:09,7.49,0.0,20,14980,买盘
539,10:24:24,7.48,-0.01,1,748,买盘
540,10:24:31,7.48,0.0,31,23188,买盘
541,10:24:34,7.48,0.0,29,21692,卖盘
542,10:24:39,7.49,0.01,14,10486,买盘
543,10:24:49,7.48,-0.01,100,74800,卖盘
544,10:24:52,7.48,0.0,6,4488,卖盘
545,10:25:01,7.48,0.0,60,44890,卖盘
546,10:25:04,7.48,0.0,2,1496,卖盘
547,10:25:07,7.48,0.0,30,22440,买盘
548,10:25:22,7.48,0.0,8,5984,买盘
549,10:25:28,7.48,0.0,48,35904,买盘
550,10:25:34,7.48,0.0,1,748,买盘
551,10:25:36,7.48,0.0,23,17204,卖盘
552,10:25:39,7.47,-0.01,41,30669,卖盘
553,10:25:48,7.48,0.01,4,2992,买盘
554,10:25:57,7.47,-0.01,46,34362,卖盘
555,10:26:04,7.48,0.01,67,50066,买盘
556,10:26:06,7.48,0.0,8,5984,买盘
557,10:26:21,7.47,-0.01,66,49352,卖盘
558,10:26:42,7.49,0.02,10,7490,买盘
559,10:26:51,7.48,-0.01,54,40392,卖盘
560,10:26:55,7.49,0.01,7,5239,买盘
561,10:27:10,7.49,0.0,3,2247,买盘
562,10:27:21,7.49,0.0,2,1498,买盘
563,10:27:28,7.48,-0.01,10,7480,卖盘
564,10:27:34,7.49,0.01,1,749,买盘
565,10:27:37,7.49,0.0,21,15728,买盘
566,10:27:43,7.48,-0.01,128,95744,卖盘
567,10:27:49,7.48,0.0,6,4488,买盘
568,10:27:55,7.48,0.0,12,8976,买盘
569,10:27:57,7.48,0.0,404,301792,买盘
570,10:28:01,7.47,-0.01,8,5976,卖盘
571,10:28:10,7.46,-0.01,174,129804,卖盘
572,10:28:28,7.45,-0.01,500,372500,卖盘
573,10:28:31,7.45,0.0,43,32045,卖盘
574,10:28:34,7.44,-0.01,8,5959,卖盘
575,10:28:37,7.46,0.02,140,104345,买盘
576,10:28:39,7.46,0.0,38,28348,卖盘
577,10:28:43,7.46,0.0,3,2238,卖盘
578,10:28:46,7.46,0.0,3,2238,卖盘
579,10:28:49,7.46,0.0,3,2238,卖盘
580,10:28:52,7.46,0.0,3,2238,卖盘
581,10:29:04,7.46,0.0,1,746,买盘
582,10:29:13,7.43,-0.03,43,31949,卖盘
583,10:29:34,7.46,0.03,100,74600,买盘
584,10:30:01,7.46,0.0,21,15666,买盘
585,10:30:12,7.46,0.0,21,15666,买盘
586,10:30:25,7.46,0.0,16,11936,买盘
587,10:30:34,7.46,0.0,10,7460,买盘
588,10:30:43,7.47,0.01,14,10449,买盘
589,10:30:52,7.45,-0.02,10,7450,卖盘
590,10:31:07,7.47,0.02,7,5229,买盘
591,10:31:09,7.47,0.0,97,72459,买盘
592,10:31:13,7.47,0.0,10,7470,卖盘
593,10:31:28,7.47,0.0,129,96363,卖盘
594,10:31:36,7.48,0.01,20,14960,买盘
595,10:31:39,7.48,0.0,8,5984,卖盘
596,10:31:58,7.48,0.0,1,748,卖盘
597,10:32:01,7.48,0.0,2,1496,卖盘
598,10:32:10,7.48,0.0,10,7480,卖盘
599,10:32:55,7.47,-0.01,8,5976,卖盘
600,10:32:58,7.47,0.0,3,2241,卖盘
601,10:33:01,7.47,0.0,10,7470,卖盘
602,10:33:28,7.47,0.0,13,9711,卖盘
603,10:33:37,7.47,0.0,18,13446,卖盘
604,10:33:58,7.46,-0.01,10,7460,卖盘
605,10:34:01,7.47,0.01,100,74700,买盘
606,10:34:04,7.46,-0.01,10,7460,卖盘
607,10:34:07,7.47,0.01,3,2241,买盘
608,10:34:18,7.47,0.0,12,8954,买盘
609,10:34:34,7.46,-0.01,10,7460,卖盘
610,10:34:49,7.46,0.0,20,14920,卖盘
611,10:35:04,7.46,0.0,11,8206,卖盘
612,10:35:10,7.46,0.0,27,20142,买盘
613,10:35:19,7.46,0.0,45,33559,买盘
614,10:35:34,7.47,0.01,5,3735,买盘
615,10:35:43,7.46,-0.01,7,5222,卖盘
616,10:35:52,7.46,0.0,8,5968,买盘
617,10:36:13,7.47,0.01,70,52240,买盘
618,10:36:18,7.45,-0.02,10,7450,卖盘
619,10:36:24,7.46,0.01,49,36554,买盘
620,10:36:28,7.45,-0.01,5,3725,卖盘
621,10:36:31,7.46,0.01,5,3730,买盘
622,10:36:58,7.45,-0.01,100,74500,卖盘
623,10:37:06,7.45,0.0,1,745,卖盘
624,10:37:16,7.45,0.0,1,745,买盘
625,10:37:22,7.44,-0.01,5,3720,卖盘
626,10:37:25,7.45,0.01,1,745,买盘
627,10:37:43,7.45,0.0,8,5960,买盘
628,10:37:57,7.45,0.0,5,3725,卖盘
629,10:38:25,7.44,-0.01,4,2976,卖盘
630,10:38:48,7.44,0.0,50,37200,卖盘
631,10:38:51,7.44,0.0,22,16368,卖盘
632,10:38:55,7.44,0.0,5,3720,卖盘
633,10:39:04,7.44,0.0,117,87048,卖盘
634,10:39:28,7.44,0.0,1,744,买盘
635,10:39:31,7.43,-0.01,30,22290,卖盘
636,10:39:34,7.43,0.0,30,22290,卖盘
637,10:39:37,7.43,0.0,15,11145,卖盘
638,10:39:42,7.44,0.01,20,14880,买盘
639,10:39:49,7.43,-0.01,10,7430,卖盘
640,10:40:00,7.43,0.0,10,7430,卖盘
641,10:40:10,7.43,0.0,3,2229,卖盘
642,10:40:13,7.43,0.0,10,7430,卖盘
643,10:40:19,7.43,0.0,32,23776,卖盘
644,10:40:28,7.43,0.0,12,8916,卖盘
645,10:40:40,7.44,0.01,10,7434,买盘
646,10:41:07,7.43,-0.01,1,743,买盘
647,10:41:13,7.43,0.0,29,21547,买盘
648,10:41:22,7.43,0.0,21,15603,卖盘
649,10:41:42,7.42,-0.01,28,20776,卖盘
650,10:41:49,7.42,0.0,2,1484,买盘
651,10:41:58,7.42,0.0,33,24486,卖盘
652,10:42:16,7.42,0.0,15,11130,卖盘
653,10:42:25,7.42,0.0,155,115010,卖盘
654,10:42:51,7.42,0.0,10,7420,卖盘
655,10:43:09,7.43,0.01,20,14860,买盘
656,10:43:13,7.42,-0.01,10,7420,卖盘
657,10:44:10,7.42,0.0,35,25970,卖盘
658,10:44:15,7.42,0.0,47,34874,买盘
659,10:44:18,7.42,0.0,8,5936,买盘
660,10:44:40,7.42,0.0,4,2968,卖盘
661,10:44:58,7.43,0.01,21,15603,买盘
662,10:45:28,7.43,0.0,78,57954,买盘
663,10:46:04,7.43,0.0,26,19318,卖盘
664,10:46:43,7.42,-0.01,200,148400,卖盘
665,10:46:46,7.41,-0.01,30,22230,卖盘
666,10:46:55,7.41,0.0,40,29640,卖盘
667,10:47:01,7.41,0.0,5,3705,卖盘
668,10:47:18,7.41,0.0,10,7410,卖盘
669,10:47:31,7.42,0.01,18,13356,买盘
670,10:47:39,7.41,-0.01,20,14820,卖盘
671,10:47:46,7.41,0.0,59,43719,卖盘
672,10:47:58,7.4,-0.01,150,111072,卖盘
673,10:48:04,7.4,0.0,250,185000,卖盘
674,10:48:06,7.4,0.0,23,17020,卖盘
675,10:48:25,7.4,0.0,10,7400,买盘
676,10:48:31,7.4,0.0,11,8140,买盘
677,10:48:34,7.41,0.01,12,8892,买盘
678,10:48:43,7.41,0.0,2,1482,买盘
679,10:48:49,7.4,-0.01,20,14800,卖盘
680,10:48:52,7.41,0.01,4,2964,买盘
681,10:49:07,7.4,-0.01,8,5920,卖盘
682,10:49:37,7.41,0.01,7,5187,买盘
683,10:50:01,7.41,0.0,5,3705,买盘
684,10:50:12,7.4,-0.01,163,120620,卖盘
685,10:50:19,7.41,0.01,300,222024,买盘
686,10:50:25,7.41,0.0,3,2223,买盘
687,10:50:31,7.41,0.0,16,11856,买盘
688,10:50:34,7.41,0.0,1,741,买盘
689,10:50:37,7.41,0.0,4,2964,买盘
690,10:50:40,7.41,0.0,137,101517,买盘
691,10:50:46,7.41,0.0,4,2964,买盘
692,10:50:51,7.41,0.0,12,8892,买盘
693,10:50:55,7.42,0.01,283,209985,买盘
694,10:51:07,7.43,0.01,10,7430,买盘
695,10:51:28,7.44,0.01,4,2976,买盘
696,10:51:42,7.44,0.0,15,11160,买盘
697,10:52:01,7.44,0.0,20,14880,买盘
698,10:52:40,7.44,0.0,10,7440,买盘
699,10:52:55,7.43,-0.01,34,25262,卖盘
700,10:53:16,7.43,0.0,4,2972,卖盘
701,10:53:25,7.44,0.01,1,744,买盘
702,10:53:30,7.44,0.0,50,37200,买盘
703,10:54:33,7.44,0.0,60,44640,买盘
704,10:56:10,7.43,-0.01,62,46066,卖盘
705,10:56:27,7.43,0.0,21,15610,卖盘
706,10:56:30,7.44,0.01,8,5952,买盘
707,10:56:55,7.43,-0.01,5,3715,卖盘
708,10:57:13,7.43,0.0,6,4458,卖盘
709,10:57:36,7.42,-0.01,3,2226,卖盘
710,10:57:40,7.43,0.01,4,2972,买盘
711,10:57:43,7.43,0.0,9,6687,买盘
712,10:58:40,7.43,0.0,11,8173,买盘
713,10:59:09,7.43,0.0,21,15603,卖盘
714,10:59:25,7.43,0.0,8,5944,卖盘
715,10:59:55,7.42,0.0,8,5936,卖盘
716,11:00:16,7.42,0.0,15,11130,卖盘
717,11:00:28,7.42,0.0,10,7420,卖盘
718,11:00:49,7.43,0.01,2,1486,买盘
719,11:01:18,7.43,0.0,1,743,买盘
720,11:01:27,7.41,-0.02,56,41533,卖盘
721,11:01:31,7.42,0.01,2,1484,中性盘
722,11:02:10,7.42,0.0,20,14850,卖盘
723,11:02:40,7.42,0.0,78,57876,卖盘
724,11:02:57,7.41,-0.01,106,78516,卖盘
725,11:03:10,7.4,-0.01,20,14800,卖盘
726,11:03:19,7.4,0.0,106,78440,卖盘
727,11:03:22,7.4,0.0,14,10360,买盘
728,11:03:33,7.4,0.0,10,7400,买盘
729,11:03:52,7.4,0.0,18,13320,买盘
730,11:03:55,7.39,-0.01,74,54722,卖盘
731,11:04:01,7.39,0.0,124,91636,卖盘
732,11:04:10,7.39,0.0,180,132894,买盘
733,11:04:13,7.39,0.0,24,17736,买盘
734,11:04:16,7.39,0.0,11,8129,买盘
735,11:04:25,7.38,-0.01,1,738,卖盘
736,11:04:28,7.39,0.01,109,80453,买盘
737,11:04:34,7.39,0.0,14,10346,买盘
738,11:04:40,7.39,0.0,7,5173,卖盘
739,11:04:55,7.39,0.0,19,14041,买盘
740,11:05:28,7.39,0.0,111,82029,卖盘
741,11:05:37,7.4,0.01,1,740,买盘
742,11:05:40,7.39,-0.01,273,201917,卖盘
743,11:05:48,7.4,0.01,10,7400,卖盘
744,11:05:55,7.41,0.01,10,7410,买盘
745,11:06:01,7.41,0.0,30,22230,买盘
746,11:06:07,7.41,0.0,12,8892,买盘
747,11:06:16,7.41,0.0,18,13338,买盘
748,11:06:19,7.4,-0.01,7,5185,卖盘
749,11:06:27,7.41,0.01,24,17784,买盘
750,11:06:30,7.4,-0.01,128,94720,卖盘
751,11:06:34,7.4,0.0,40,29600,买盘
752,11:06:40,7.41,0.01,38,28126,买盘
753,11:06:43,7.41,0.0,5,3705,卖盘
754,11:07:04,7.41,0.0,7,5187,卖盘
755,11:07:16,7.41,0.0,11,8151,买盘
756,11:07:22,7.4,-0.01,101,74740,卖盘
757,11:07:31,7.4,0.0,10,7400,买盘
758,11:07:37,7.4,0.0,34,25160,买盘
759,11:07:40,7.4,0.0,13,9620,买盘
760,11:08:07,7.4,0.0,20,14800,卖盘
761,11:08:13,7.41,0.01,50,37050,买盘
762,11:09:07,7.4,-0.01,79,58480,卖盘
763,11:09:31,7.4,0.0,18,13320,买盘
764,11:09:37,7.39,-0.01,11,8129,卖盘
765,11:09:58,7.4,0.01,20,14800,买盘
766,11:10:04,7.4,0.0,3,2220,买盘
767,11:10:06,7.39,-0.01,3,2219,卖盘
768,11:10:12,7.39,0.0,41,30299,卖盘
769,11:10:15,7.39,0.0,12,8868,卖盘
770,11:10:52,7.39,0.0,50,36955,卖盘
771,11:11:01,7.39,0.0,100,73900,卖盘
772,11:11:13,7.39,0.0,50,36950,卖盘
773,11:11:37,7.38,-0.01,250,184500,卖盘
774,11:11:40,7.38,0.0,65,47970,卖盘
775,11:11:45,7.38,0.0,20,14760,买盘
776,11:11:55,7.37,-0.01,14,10318,卖盘
777,11:11:58,7.37,0.0,12,8844,卖盘
778,11:12:01,7.38,0.01,25,18450,买盘
779,11:12:04,7.38,0.0,34,25092,卖盘
780,11:12:10,7.38,0.0,80,59040,卖盘
781,11:12:16,7.38,0.0,7,5166,卖盘
782,11:12:19,7.38,0.0,100,73800,卖盘
783,11:12:25,7.38,0.0,6,4428,卖盘
784,11:12:27,7.38,0.0,29,21402,卖盘
785,11:12:40,7.38,0.0,25,18450,买盘
786,11:12:49,7.38,0.0,59,43542,买盘
787,11:13:13,7.39,0.01,2,1478,卖盘
788,11:14:16,7.4,0.01,5,3700,买盘
789,11:14:55,7.41,0.01,1,741,买盘
790,11:15:15,7.41,0.0,2,1482,买盘
791,11:15:25,7.4,-0.01,10,7400,卖盘
792,11:15:34,7.4,0.0,4,2960,卖盘
793,11:15:49,7.4,0.0,4,2960,卖盘
794,11:15:51,7.4,0.0,10,7400,卖盘
795,11:16:46,7.4,0.0,3,2220,卖盘
796,11:16:49,7.4,0.0,31,22940,卖盘
797,11:16:52,7.4,0.0,121,89540,卖盘
798,11:17:01,7.39,-0.01,91,67249,卖盘
799,11:17:04,7.39,0.0,9,6651,买盘
800,11:17:46,7.39,0.0,6,4434,卖盘
801,11:17:58,7.38,-0.01,5,3690,卖盘
802,11:18:25,7.4,0.02,140,103453,买盘
803,11:18:43,7.4,0.0,20,14800,买盘
804,11:19:01,7.4,0.0,16,11840,买盘
805,11:19:16,7.41,0.01,18,13338,买盘
806,11:19:18,7.41,0.0,5,3705,卖盘
807,11:19:24,7.41,0.0,10,7410,卖盘
808,11:19:27,7.41,0.0,1,741,卖盘
809,11:19:51,7.41,0.0,10,7410,卖盘
810,11:19:58,7.41,0.0,2,1482,卖盘
811,11:20:16,7.41,0.0,28,20748,卖盘
812,11:21:00,7.41,0.0,18,13338,卖盘
813,11:22:04,7.41,0.0,1,741,买盘
814,11:22:40,7.4,-0.01,12,8880,卖盘
815,11:23:00,7.4,0.0,10,7400,卖盘
816,11:23:03,7.4,0.0,4,2960,卖盘
817,11:23:22,7.41,0.01,10,7405,买盘
818,11:23:43,7.41,0.0,184,136344,买盘
819,11:24:24,7.4,-0.01,34,25178,卖盘
820,11:24:34,7.41,0.01,20,14820,买盘
821,11:24:37,7.41,0.0,7,5187,买盘
822,11:25:01,7.41,0.0,10,7410,买盘
823,11:25:22,7.42,0.01,100,74148,买盘
824,11:25:34,7.42,0.0,80,59360,买盘
825,11:25:39,7.41,-0.01,71,52611,卖盘
826,11:25:55,7.42,0.01,10,7420,买盘
827,11:26:07,7.42,0.0,2,1484,买盘
828,11:26:28,7.42,0.0,52,38584,买盘
829,11:26:43,7.42,0.0,2,1484,买盘
830,11:27:16,7.42,0.0,9,6678,买盘
831,11:27:30,7.41,-0.01,20,14820,卖盘
832,11:27:55,7.42,0.01,24,17808,买盘
833,11:28:22,7.42,0.0,34,25228,买盘
834,11:28:40,7.42,0.0,20,14840,买盘
835,11:28:49,7.42,0.0,10,7420,买盘
836,11:28:54,7.42,0.0,14,10388,买盘
837,11:29:01,7.42,0.0,2,1484,买盘
838,11:29:06,7.42,0.0,57,42294,买盘
839,11:29:09,7.42,0.0,1,742,买盘
840,11:29:49,7.41,-0.01,5,3705,卖盘
841,11:29:55,7.42,0.01,41,30452,买盘
842,13:00:04,7.42,0.0,295,219038,卖盘
843,13:00:07,7.43,0.01,31,23033,买盘
844,13:00:10,7.43,0.0,223,165689,买盘
845,13:00:31,7.43,0.0,1,743,买盘
846,13:00:46,7.43,0.0,4,2972,买盘
847,13:01:01,7.44,0.01,100,74400,买盘
848,13:01:13,7.45,0.01,78,58053,买盘
849,13:01:27,7.45,0.0,32,23840,买盘
850,13:01:30,7.44,-0.01,100,74400,卖盘
851,13:01:40,7.44,0.0,30,22320,卖盘
852,13:01:58,7.44,0.0,3,2232,卖盘
853,13:02:30,7.44,0.0,141,104904,卖盘
854,13:02:37,7.44,0.0,1,744,买盘
855,13:03:55,7.44,0.0,39,29011,买盘
856,13:04:01,7.44,0.0,20,14880,卖盘
857,13:04:10,7.44,0.0,90,66960,卖盘
858,13:04:27,7.43,-0.01,10,7430,卖盘
859,13:04:45,7.43,0.0,50,37150,卖盘
860,13:04:52,7.44,0.01,78,58032,买盘
861,13:04:54,7.44,0.0,3,2232,买盘
862,13:04:58,7.43,-0.01,15,11145,卖盘
863,13:06:30,7.44,0.01,3,2232,买盘
864,13:06:52,7.43,-0.01,15,11145,卖盘
865,13:06:55,7.44,0.01,10,7440,买盘
866,13:07:28,7.44,0.0,30,22320,买盘
867,13:08:25,7.44,0.0,2,1488,买盘
868,13:08:36,7.44,0.0,3,2232,买盘
869,13:08:40,7.44,0.0,17,12648,买盘
870,13:08:46,7.44,0.0,100,74400,买盘
871,13:09:00,7.44,0.0,16,11904,买盘
872,13:09:16,7.44,0.0,1,744,买盘
873,13:09:36,7.44,0.0,1,744,买盘
874,13:09:54,7.44,0.0,10,7440,买盘
875,13:10:04,7.44,0.0,37,27528,买盘
876,13:10:07,7.45,0.01,1,745,买盘
877,13:10:25,7.45,0.0,239,178204,买盘
878,13:10:33,7.45,0.0,15,11175,卖盘
879,13:10:37,7.46,0.01,8,5968,买盘
880,13:10:46,7.45,-0.01,38,28161,卖盘
881,13:10:57,7.45,0.0,15,11175,买盘
882,13:11:27,7.45,0.0,1,745,买盘
883,13:11:40,7.45,0.0,12,8940,买盘
884,13:12:01,7.45,0.0,5,3725,买盘
885,13:12:37,7.44,-0.01,10,7440,卖盘
886,13:12:58,7.44,0.0,3,2232,卖盘
887,13:13:07,7.44,0.0,5,3720,卖盘
888,13:13:16,7.44,0.0,315,234366,卖盘
889,13:13:31,7.44,0.0,5,3720,买盘
890,13:13:33,7.43,-0.01,509,378187,卖盘
891,13:13:49,7.43,0.0,1,743,买盘
892,13:13:52,7.43,0.0,1,743,卖盘
893,13:14:16,7.42,-0.01,256,189961,卖盘
894,13:14:36,7.42,0.0,40,29680,卖盘
895,13:14:39,7.43,0.01,1,743,买盘
896,13:14:52,7.44,0.01,77,57268,买盘
897,13:15:09,7.42,-0.02,9,6678,卖盘
898,13:15:13,7.42,0.0,1,742,卖盘
899,13:15:18,7.43,0.01,3,2229,卖盘
900,13:15:37,7.42,-0.01,10,7420,卖盘
901,13:15:49,7.43,0.01,1,743,卖盘
902,13:15:52,7.43,0.0,1,743,中性盘
903,13:15:55,7.42,-0.01,1,742,卖盘
904,13:15:58,7.43,0.01,1,743,买盘
905,13:16:52,7.42,-0.01,40,29680,卖盘
906,13:17:07,7.42,0.0,7,5194,卖盘
907,13:17:24,7.42,0.0,10,7420,卖盘
908,13:17:58,7.42,0.0,151,112012,卖盘
909,13:18:04,7.42,0.0,6,4452,买盘
910,13:18:06,7.41,-0.01,74,54834,卖盘
911,13:19:16,7.41,0.0,50,37050,卖盘
912,13:19:19,7.41,0.0,10,7410,卖盘
913,13:19:22,7.41,0.0,31,22971,卖盘
914,13:19:25,7.41,0.0,105,77805,卖盘
915,13:19:52,7.41,0.0,16,11856,卖盘
916,13:20:07,7.42,0.01,14,10386,买盘
917,13:20:51,7.42,0.0,50,37100,买盘
918,13:20:55,7.42,0.0,1,742,买盘
919,13:21:01,7.42,0.0,71,52682,买盘
920,13:21:12,7.42,0.0,1,742,买盘
921,13:21:15,7.41,-0.01,2,1482,卖盘
922,13:21:37,7.41,0.0,9,6669,卖盘
923,13:21:40,7.41,0.0,50,37050,卖盘
924,13:21:58,7.42,0.01,18,13356,买盘
925,13:22:01,7.42,0.0,2,1484,买盘
926,13:22:04,7.43,0.01,21,15584,买盘
927,13:22:31,7.43,0.0,13,9659,买盘
928,13:23:04,7.43,0.0,1,743,买盘
929,13:23:46,7.42,-0.01,4,2968,卖盘
930,13:23:52,7.41,-0.01,30,22232,卖盘
931,13:24:10,7.41,0.0,30,22240,卖盘
932,13:24:15,7.42,0.01,60,44520,卖盘
933,13:24:19,7.43,0.01,200,148600,买盘
934,13:24:22,7.42,-0.01,63,46746,卖盘
935,13:24:25,7.43,0.01,1,743,买盘
936,13:24:27,7.42,-0.01,18,13356,卖盘
937,13:24:43,7.43,0.01,1,743,买盘
938,13:24:46,7.42,-0.01,13,9646,卖盘
939,13:24:52,7.42,0.0,14,10388,卖盘
940,13:25:07,7.42,0.0,70,51940,卖盘
941,13:25:13,7.42,0.0,29,21518,卖盘
942,13:25:43,7.42,0.0,5,3710,卖盘
943,13:25:52,7.42,0.0,37,27454,卖盘
944,13:25:58,7.43,0.01,100,74300,买盘
945,13:26:01,7.43,0.0,1,743,买盘
946,13:26:07,7.42,-0.01,69,51198,卖盘
947,13:26:46,7.43,0.01,10,7428,买盘
948,13:26:48,7.42,-0.01,10,7420,卖盘
949,13:26:58,7.43,0.01,41,30463,买盘
950,13:27:45,7.43,0.0,9,6687,买盘
951,13:28:01,7.43,0.0,21,15603,买盘
952,13:28:10,7.42,-0.01,5,3710,卖盘
953,13:28:40,7.42,0.0,5,3710,卖盘
954,13:28:45,7.42,0.0,8,5936,卖盘
955,13:28:48,7.43,0.01,9,6687,买盘
956,13:28:58,7.42,-0.01,53,39326,卖盘
957,13:29:04,7.42,0.0,14,10388,卖盘
958,13:29:40,7.42,0.0,12,8915,卖盘
959,13:30:28,7.42,0.0,22,16324,卖盘
960,13:30:31,7.42,0.0,1,742,卖盘
961,13:30:33,7.42,0.0,8,5936,卖盘
962,13:30:46,7.43,0.01,1,743,买盘
963,13:31:04,7.43,0.0,1,743,买盘
964,13:31:10,7.43,0.0,10,7430,买盘
965,13:31:28,7.43,0.0,20,14860,买盘
966,13:31:37,7.43,0.0,9,6687,买盘
967,13:31:43,7.42,-0.01,9,6678,卖盘
968,13:31:52,7.43,0.01,20,14850,买盘
969,13:32:10,7.43,0.0,180,133740,买盘
970,13:32:16,7.42,-0.01,45,33390,卖盘
971,13:32:22,7.42,0.0,120,89040,卖盘
972,13:32:28,7.43,0.01,3,2229,买盘
973,13:32:31,7.42,-0.01,27,20034,卖盘
974,13:32:33,7.43,0.01,20,14860,买盘
975,13:33:01,7.42,-0.01,199,147658,卖盘
976,13:33:07,7.41,-0.01,47,34827,卖盘
977,13:33:09,7.42,0.01,1,742,买盘
978,13:33:12,7.42,0.0,2,1484,买盘
979,13:33:28,7.42,0.0,2,1484,买盘
980,13:33:58,7.42,0.0,2,1484,买盘
981,13:34:09,7.42,0.0,11,8162,买盘
982,13:34:13,7.42,0.0,48,35616,买盘
983,13:35:45,7.43,0.01,200,148600,买盘
984,13:35:49,7.43,0.0,12,8916,买盘
985,13:35:52,7.42,-0.01,49,36358,卖盘
986,13:35:55,7.43,0.01,29,21547,买盘
987,13:36:07,7.42,-0.01,74,54908,卖盘
988,13:36:16,7.42,0.0,44,32666,卖盘
989,13:36:31,7.43,0.01,10,7430,买盘
990,13:37:01,7.43,0.0,27,20061,买盘
991,13:37:13,7.42,-0.01,20,14840,卖盘
992,13:38:13,7.43,0.01,4,2972,买盘
993,13:38:18,7.43,0.0,16,11881,买盘
994,13:38:37,7.42,-0.01,10,7420,卖盘
995,13:38:49,7.42,0.0,15,11130,卖盘
996,13:39:06,7.43,0.01,1,743,买盘
997,13:39:58,7.43,0.0,20,14860,买盘
998,13:40:06,7.43,0.0,10,7430,买盘
999,13:40:13,7.42,-0.01,15,11130,卖盘
1000,13:40:31,7.43,0.01,1,743,买盘
1001,13:40:33,7.43,0.0,33,24489,买盘
1002,13:41:04,7.43,0.0,1,743,买盘
1003,13:41:13,7.43,0.0,10,7430,买盘
1004,13:41:31,7.43,0.0,10,7430,买盘
1005,13:41:33,7.42,-0.01,102,75686,卖盘
1006,13:41:39,7.42,0.0,48,35616,卖盘
1007,13:41:43,7.43,0.01,1,743,买盘
1008,13:41:45,7.42,-0.01,39,28938,卖盘
1009,13:42:01,7.42,0.0,13,9646,卖盘
1010,13:42:04,7.43,0.01,3,2229,买盘
1011,13:42:31,7.43,0.0,3,2229,买盘
1012,13:43:00,7.43,0.0,43,31949,买盘
1013,13:43:37,7.42,-0.01,13,9646,卖盘
1014,13:43:51,7.42,0.0,6,4452,卖盘
1015,13:44:39,7.41,-0.01,179,132688,卖盘
1016,13:44:46,7.42,0.01,1,742,卖盘
1017,13:44:48,7.41,-0.01,48,35568,卖盘
1018,13:44:54,7.41,0.0,129,95589,卖盘
1019,13:44:58,7.41,0.0,59,43719,卖盘
1020,13:45:04,7.42,0.01,48,35616,买盘
1021,13:45:07,7.42,0.0,43,31906,卖盘
1022,13:45:09,7.42,0.0,116,86072,卖盘
1023,13:45:12,7.42,0.0,5,3710,卖盘
1024,13:45:25,7.42,0.0,21,15582,卖盘
1025,13:45:36,7.42,0.0,6,4452,买盘
1026,13:45:52,7.42,0.0,40,29680,买盘
1027,13:45:55,7.43,0.01,17,12631,买盘
1028,13:45:58,7.42,-0.01,20,14840,卖盘
1029,13:46:01,7.42,0.0,40,29680,卖盘
1030,13:46:07,7.41,-0.01,74,54834,卖盘
1031,13:46:16,7.42,0.01,5,3710,买盘
1032,13:46:46,7.42,0.0,16,11872,买盘
1033,13:46:55,7.41,-0.01,10,7410,卖盘
1034,13:47:10,7.41,0.0,1,741,卖盘
1035,13:47:25,7.42,0.01,5,3710,买盘
1036,13:48:33,7.41,-0.01,66,48906,卖盘
1037,13:48:40,7.41,0.0,53,39273,卖盘
1038,13:49:31,7.41,0.0,56,41502,卖盘
1039,13:49:37,7.41,0.0,56,41496,卖盘
1040,13:49:39,7.41,0.0,10,7410,卖盘
1041,13:49:42,7.42,0.01,31,22982,买盘
1042,13:50:09,7.42,0.0,10,7420,买盘
1043,13:50:16,7.42,0.0,3,2226,买盘
1044,13:50:21,7.42,0.0,27,20034,买盘
1045,13:50:52,7.42,0.0,25,18550,买盘
1046,13:51:13,7.42,0.0,3,2226,买盘
1047,13:51:24,7.41,-0.01,12,8892,卖盘
1048,13:51:48,7.41,0.0,10,7410,卖盘
1049,13:52:16,7.41,0.0,2,1482,卖盘
1050,13:52:19,7.42,0.01,4,2968,买盘
1051,13:52:36,7.41,-0.01,11,8151,卖盘
1052,13:52:54,7.42,0.01,9,6678,买盘
1053,13:53:18,7.41,-0.01,5,3705,卖盘
1054,13:53:21,7.42,0.01,3,2226,买盘
1055,13:53:36,7.42,0.0,50,37100,买盘
1056,13:53:42,7.41,-0.01,40,29640,卖盘
1057,13:54:07,7.41,0.0,68,50388,卖盘
1058,13:54:19,7.42,0.01,16,11857,买盘
1059,13:54:21,7.41,-0.01,20,14820,卖盘
1060,13:54:45,7.42,0.01,3,2226,买盘
1061,13:55:04,7.41,-0.01,10,7410,卖盘
1062,13:55:18,7.41,0.0,84,62244,卖盘
1063,13:55:31,7.41,0.0,10,7410,卖盘
1064,13:55:42,7.42,0.01,22,16324,买盘
1065,13:55:54,7.41,-0.01,13,9633,卖盘
1066,13:55:57,7.42,0.01,10,7420,买盘
1067,13:56:25,7.42,0.0,5,3710,买盘
1068,13:56:31,7.42,0.0,1,742,买盘
1069,13:56:36,7.42,0.0,10,7420,买盘
1070,13:56:42,7.41,-0.01,49,36309,卖盘
1071,13:56:46,7.42,0.01,3,2226,买盘
1072,13:57:10,7.42,0.0,200,148400,买盘
1073,13:57:16,7.41,-0.01,18,13338,卖盘
1074,13:57:19,7.42,0.01,100,74200,买盘
1075,13:57:22,7.41,-0.01,11,8151,卖盘
1076,13:57:34,7.42,0.01,158,117236,买盘
1077,13:57:37,7.42,0.0,42,31164,卖盘
1078,13:57:49,7.42,0.0,28,20776,买盘
1079,13:58:10,7.42,0.0,4,2968,卖盘
1080,13:58:28,7.43,0.01,3,2229,买盘
1081,13:58:36,7.43,0.0,81,60183,买盘
1082,13:58:42,7.43,0.0,9,6687,买盘
1083,13:58:55,7.43,0.0,10,7430,买盘
1084,13:59:01,7.42,-0.01,100,74200,卖盘
1085,14:00:27,7.43,0.01,3,2229,买盘
1086,14:00:33,7.42,-0.01,69,51198,卖盘
1087,14:01:39,7.42,0.0,3,2226,卖盘
1088,14:01:49,7.42,0.0,30,22260,卖盘
1089,14:01:54,7.42,0.0,30,22260,卖盘
1090,14:02:19,7.43,0.01,10,7430,买盘
1091,14:02:21,7.43,0.0,9,6687,买盘
1092,14:02:40,7.43,0.0,3,2229,买盘
1093,14:02:49,7.43,0.0,10,7430,买盘
1094,14:03:01,7.42,-0.01,5,3710,卖盘
1095,14:04:04,7.43,0.01,3,2229,买盘
1096,14:04:06,7.42,-0.01,74,54908,卖盘
1097,14:04:16,7.43,0.01,5,3711,买盘
1098,14:04:46,7.43,0.0,353,262309,买盘
1099,14:05:07,7.43,0.0,6,4458,卖盘
1100,14:05:19,7.43,0.0,2,1486,卖盘
1101,14:05:22,7.43,0.0,50,37150,卖盘
1102,14:05:33,7.43,0.0,4,2972,卖盘
1103,14:05:40,7.44,0.01,203,151032,买盘
1104,14:05:46,7.44,0.0,1,744,买盘
1105,14:06:10,7.44,0.0,10,7440,买盘
1106,14:06:22,7.44,0.0,11,8184,买盘
1107,14:07:13,7.45,0.01,300,223500,买盘
1108,14:07:16,7.45,0.0,24,17880,买盘
1109,14:07:24,7.45,0.0,20,14900,买盘
1110,14:07:28,7.45,0.0,70,52150,买盘
1111,14:07:31,7.45,0.0,33,24734,买盘
1112,14:07:33,7.45,0.0,33,24585,卖盘
1113,14:07:36,7.45,0.0,10,7450,卖盘
1114,14:08:00,7.45,0.0,5,3725,卖盘
1115,14:08:09,7.45,0.0,10,7450,卖盘
1116,14:08:21,7.45,0.0,30,22350,卖盘
1117,14:08:31,7.45,0.0,1,745,卖盘
1118,14:08:36,7.46,0.01,16,11936,买盘
1119,14:08:39,7.45,-0.01,28,20860,卖盘
1120,14:08:45,7.45,0.0,1,596,买盘
1121,14:09:10,7.43,-0.02,148,110043,卖盘
1122,14:10:19,7.45,0.02,5,3725,买盘
1123,14:10:31,7.44,-0.01,1,744,卖盘
1124,14:10:34,7.44,0.0,13,9672,买盘
1125,14:10:49,7.45,0.01,18,13410,买盘
1126,14:10:55,7.45,0.0,5,3725,买盘
1127,14:11:16,7.44,-0.01,30,22320,卖盘
1128,14:11:33,7.44,0.0,34,25296,卖盘
1129,14:11:40,7.44,0.0,2,1488,买盘
1130,14:11:45,7.44,0.0,3,2232,买盘
1131,14:11:48,7.45,0.01,31,23081,买盘
1132,14:12:01,7.44,-0.01,4,2976,中性盘
1133,14:12:16,7.44,0.0,13,9672,卖盘
1134,14:12:21,7.44,0.0,6,4464,卖盘
1135,14:12:25,7.44,0.0,11,8184,卖盘
1136,14:12:28,7.44,0.0,2,1488,买盘
1137,14:12:39,7.44,0.0,1,744,买盘
1138,14:12:43,7.44,0.0,10,7440,买盘
1139,14:12:46,7.44,0.0,2,1488,买盘
1140,14:12:57,7.44,0.0,68,50592,卖盘
1141,14:13:01,7.45,0.01,12,8940,买盘
1142,14:13:19,7.44,-0.01,2,1488,卖盘
1143,14:13:22,7.44,0.0,22,16368,卖盘
1144,14:13:36,7.45,0.01,399,297255,买盘
1145,14:13:40,7.45,0.0,1,745,买盘
1146,14:13:46,7.45,0.0,1,745,买盘
1147,14:13:55,7.45,0.0,12,8940,买盘
1148,14:13:58,7.45,0.0,4,2980,买盘
1149,14:14:07,7.44,-0.01,73,54312,卖盘
1150,14:14:18,7.45,0.01,13,9685,买盘
1151,14:15:04,7.45,0.0,67,49915,买盘
1152,14:15:10,7.45,0.0,2,1490,买盘
1153,14:15:34,7.45,0.0,86,64219,买盘
1154,14:15:36,7.45,0.0,13,9536,卖盘
1155,14:15:55,7.45,0.0,1,745,买盘
1156,14:15:58,7.45,0.0,2,1490,买盘
1157,14:16:01,7.45,0.0,10,7450,买盘
1158,14:16:43,7.45,0.0,2,1490,买盘
1159,14:16:49,7.45,0.0,1,745,买盘
1160,14:18:13,7.44,-0.01,16,11904,卖盘
1161,14:18:22,7.44,0.0,5,3720,卖盘
1162,14:18:28,7.44,0.0,10,7440,卖盘
1163,14:18:33,7.44,0.0,3,2232,卖盘
1164,14:18:36,7.45,0.01,13,9685,买盘
1165,14:18:46,7.44,-0.01,1,744,卖盘
1166,14:19:01,7.44,0.0,14,10416,卖盘
1167,14:19:04,7.44,0.0,28,20832,卖盘
1168,14:19:15,7.45,0.01,12,8940,买盘
1169,14:19:24,7.44,-0.01,18,13392,卖盘
1170,14:19:33,7.45,0.01,11,8195,买盘
1171,14:20:10,7.44,-0.01,53,39432,卖盘
1172,14:20:49,7.44,0.0,2,1488,卖盘
1173,14:21:16,7.44,0.0,20,14880,卖盘
1174,14:21:24,7.44,0.0,723,538614,卖盘
1175,14:21:52,7.44,0.0,6,4464,卖盘
1176,14:21:58,7.44,0.0,96,71424,卖盘
1177,14:22:01,7.44,0.0,10,7440,买盘
1178,14:22:04,7.44,0.0,40,29760,买盘
1179,14:22:07,7.44,0.0,2,1488,卖盘
1180,14:22:10,7.44,0.0,10,7440,卖盘
1181,14:22:19,7.44,0.0,3,2232,卖盘
1182,14:22:22,7.44,0.0,3,2232,卖盘
1183,14:22:24,7.44,0.0,3,2232,卖盘
1184,14:22:28,7.44,0.0,3,2232,卖盘
1185,14:22:30,7.44,0.0,3,2232,卖盘
1186,14:22:40,7.44,0.0,2,1488,卖盘
1187,14:22:45,7.44,0.0,5,3720,卖盘
1188,14:22:55,7.44,0.0,19,14136,卖盘
1189,14:23:25,7.43,-0.01,5,3715,卖盘
1190,14:24:01,7.43,0.0,200,148600,卖盘
1191,14:24:04,7.43,0.0,4,2972,卖盘
1192,14:24:07,7.43,0.0,73,54239,卖盘
1193,14:24:16,7.43,0.0,5,3715,卖盘
1194,14:24:18,7.43,0.0,20,14860,卖盘
1195,14:24:46,7.43,0.0,2,1486,卖盘
1196,14:24:54,7.44,0.01,3,2232,买盘
1197,14:25:01,7.43,-0.01,100,74300,卖盘
1198,14:25:25,7.43,0.0,68,50524,卖盘
1199,14:25:33,7.43,0.0,10,7430,卖盘
1200,14:25:52,7.43,0.0,30,22290,卖盘
1201,14:26:04,7.43,0.0,13,9659,卖盘
1202,14:26:09,7.43,0.0,3,2229,卖盘
1203,14:26:54,7.43,0.0,10,7430,卖盘
1204,14:27:00,7.43,0.0,28,20804,卖盘
1205,14:27:04,7.44,0.01,1,744,买盘
1206,14:27:10,7.43,-0.01,1,743,卖盘
1207,14:27:18,7.43,0.0,7,5201,卖盘
1208,14:27:46,7.44,0.01,50,37200,买盘
1209,14:27:52,7.43,-0.01,19,14117,卖盘
1210,14:28:16,7.43,0.0,10,7433,卖盘
1211,14:28:19,7.44,0.01,10,7440,买盘
1212,14:28:22,7.43,-0.01,1,743,卖盘
1213,14:28:34,7.43,0.0,20,14860,卖盘
1214,14:28:37,7.43,0.0,40,29720,卖盘
1215,14:28:43,7.44,0.01,20,14880,买盘
1216,14:28:54,7.43,-0.01,54,40122,卖盘
1217,14:29:31,7.42,-0.01,6,4452,卖盘
1218,14:29:37,7.42,0.0,20,14840,卖盘
1219,14:29:51,7.43,0.01,8,5944,买盘
1220,14:30:15,7.42,-0.01,20,14840,卖盘
1221,14:30:19,7.42,0.0,1,742,卖盘
1222,14:30:28,7.42,0.0,186,138012,卖盘
1223,14:30:31,7.42,0.0,47,34874,买盘
1224,14:30:42,7.43,0.01,20,14860,买盘
1225,14:30:49,7.42,-0.01,95,70490,卖盘
1226,14:30:58,7.42,0.0,36,26712,买盘
1227,14:31:04,7.42,0.0,2,1484,卖盘
1228,14:31:25,7.42,0.0,5,3710,卖盘
1229,14:31:31,7.42,0.0,105,77910,卖盘
1230,14:31:52,7.43,0.01,226,167918,买盘
1231,14:32:04,7.43,0.0,17,12631,卖盘
1232,14:32:07,7.43,0.0,73,54239,卖盘
1233,14:32:25,7.43,0.0,210,156030,卖盘
1234,14:32:28,7.43,0.0,1,743,买盘
1235,14:32:48,7.43,0.0,1,743,买盘
1236,14:33:01,7.42,-0.01,9,6678,卖盘
1237,14:33:04,7.42,0.0,3,2226,卖盘
1238,14:33:13,7.43,0.01,2,1486,买盘
1239,14:33:25,7.42,-0.01,50,37100,卖盘
1240,14:33:27,7.43,0.01,5,3715,买盘
1241,14:33:43,7.43,0.0,2,1486,买盘
1242,14:33:46,7.43,0.0,5,3715,买盘
1243,14:33:49,7.42,-0.01,10,7420,卖盘
1244,14:34:01,7.42,0.0,15,11133,卖盘
1245,14:34:04,7.42,0.0,2,1484,卖盘
1246,14:34:10,7.42,0.0,6,4454,卖盘
1247,14:34:15,7.43,0.01,2,1486,买盘
1248,14:34:43,7.42,-0.01,5,3710,卖盘
1249,14:34:46,7.43,0.01,1,743,买盘
1250,14:34:54,7.43,0.0,20,14860,买盘
1251,14:35:10,7.42,-0.01,20,14840,卖盘
1252,14:35:13,7.42,0.0,1,742,卖盘
1253,14:35:18,7.42,0.0,1,742,卖盘
1254,14:35:31,7.43,0.01,8,5944,买盘
1255,14:35:43,7.42,-0.01,100,74200,卖盘
1256,14:35:49,7.42,0.0,16,11872,卖盘
1257,14:35:52,7.42,0.0,10,7420,卖盘
1258,14:35:57,7.4,-0.02,736,545451,卖盘
1259,14:36:07,7.4,0.0,600,444000,卖盘
1260,14:36:10,7.4,0.0,3,2220,卖盘
1261,14:36:13,7.4,0.0,35,25900,卖盘
1262,14:36:15,7.4,0.0,17,12580,卖盘
1263,14:36:28,7.39,-0.01,11,8129,卖盘
1264,14:36:30,7.39,0.0,53,39167,卖盘
1265,14:36:43,7.38,-0.01,50,36900,卖盘
1266,14:36:46,7.38,0.0,1,738,卖盘
1267,14:36:49,7.38,0.0,12,8856,卖盘
1268,14:36:52,7.38,0.0,2,1476,卖盘
1269,14:37:04,7.38,0.0,2,1476,卖盘
1270,14:37:07,7.38,0.0,6,4428,卖盘
1271,14:37:10,7.38,0.0,50,36900,卖盘
1272,14:37:13,7.38,0.0,7,5166,卖盘
1273,14:37:15,7.38,0.0,20,14760,卖盘
1274,14:37:25,7.38,0.0,31,22878,卖盘
1275,14:37:31,7.38,0.0,3,2214,买盘
1276,14:37:34,7.37,-0.01,5,3685,卖盘
1277,14:37:39,7.38,0.01,10,7380,买盘
1278,14:37:42,7.37,-0.01,29,21373,卖盘
1279,14:37:46,7.37,0.0,19,14003,卖盘
1280,14:37:49,7.38,0.01,123,90774,买盘
1281,14:37:55,7.37,-0.01,428,315436,卖盘
1282,14:37:58,7.37,0.0,68,50116,卖盘
1283,14:38:01,7.36,-0.01,2,1472,卖盘
1284,14:38:04,7.37,0.01,2,1474,卖盘
1285,14:38:25,7.37,0.0,30,22110,卖盘
1286,14:38:46,7.37,0.0,11,8107,卖盘
1287,14:38:52,7.37,0.0,7,5159,卖盘
1288,14:38:55,7.37,0.0,8,5896,卖盘
1289,14:39:01,7.38,0.01,200,147600,买盘
1290,14:39:04,7.38,0.0,62,45740,买盘
1291,14:39:12,7.38,0.0,15,11070,卖盘
1292,14:39:18,7.39,0.01,1,739,买盘
1293,14:39:34,7.39,0.0,66,48774,买盘
1294,14:39:52,7.38,-0.01,2,1476,卖盘
1295,14:39:58,7.39,0.01,27,19953,买盘
1296,14:40:01,7.38,-0.01,50,36920,卖盘
1297,14:40:04,7.38,0.0,3,2214,卖盘
1298,14:40:07,7.38,0.0,20,14760,卖盘
1299,14:40:13,7.38,0.0,115,84870,卖盘
1300,14:40:15,7.38,0.0,10,7380,买盘
1301,14:40:18,7.38,0.0,91,67158,买盘
1302,14:40:49,7.38,0.0,158,116604,买盘
1303,14:40:52,7.38,0.0,59,43542,卖盘
1304,14:40:58,7.38,0.0,20,14760,买盘
1305,14:41:04,7.37,-0.01,50,36850,卖盘
1306,14:41:13,7.37,0.0,1,737,卖盘
1307,14:41:19,7.37,0.0,141,103917,卖盘
1308,14:41:24,7.36,-0.01,60,44160,卖盘
1309,14:41:31,7.37,0.01,55,40535,买盘
1310,14:41:52,7.37,0.0,50,36850,卖盘
1311,14:41:58,7.37,0.0,52,38324,卖盘
1312,14:42:01,7.37,0.0,66,48642,买盘
1313,14:42:04,7.37,0.0,8,5896,卖盘
1314,14:42:07,7.36,-0.01,74,54464,卖盘
1315,14:42:13,7.37,0.01,4,2948,买盘
1316,14:42:25,7.37,0.0,120,88440,买盘
1317,14:42:43,7.37,0.0,16,11792,买盘
1318,14:42:55,7.37,0.0,66,48584,买盘
1319,14:43:01,7.36,-0.01,108,79488,卖盘
1320,14:43:04,7.36,0.0,3,2208,卖盘
1321,14:43:10,7.36,0.0,18,13248,卖盘
1322,14:43:12,7.36,0.0,1,736,买盘
1323,14:43:19,7.36,0.0,37,27232,买盘
1324,14:43:22,7.36,0.0,8,5888,卖盘
1325,14:43:25,7.36,0.0,7,5152,卖盘
1326,14:43:49,7.36,0.0,80,58880,卖盘
1327,14:44:01,7.35,-0.01,134,98598,卖盘
1328,14:44:04,7.35,0.0,1,735,卖盘
1329,14:44:07,7.35,0.0,2,1470,卖盘
1330,14:44:16,7.36,0.01,5,3680,买盘
1331,14:44:22,7.35,-0.01,112,82320,卖盘
1332,14:44:25,7.36,0.01,15,11040,买盘
1333,14:44:28,7.36,0.0,50,36800,买盘
1334,14:44:45,7.36,0.0,17,12512,买盘
1335,14:45:01,7.36,0.0,1,736,买盘
1336,14:45:10,7.35,-0.01,2,1470,卖盘
1337,14:45:13,7.35,0.0,53,38955,卖盘
1338,14:45:16,7.35,0.0,100,73500,卖盘
1339,14:45:19,7.35,0.0,20,14700,卖盘
1340,14:45:22,7.34,-0.01,50,36700,卖盘
1341,14:45:28,7.33,-0.01,135,99057,卖盘
1342,14:45:33,7.34,0.01,5,3670,买盘
1343,14:45:37,7.34,0.0,12,8808,买盘
1344,14:45:46,7.33,-0.01,5,3665,卖盘
1345,14:45:49,7.34,0.01,60,44040,买盘
1346,14:45:52,7.34,0.0,20,14680,买盘
1347,14:45:55,7.35,0.01,276,202547,买盘
1348,14:46:04,7.35,0.0,5,3675,买盘
1349,14:46:07,7.34,-0.01,68,49918,卖盘
1350,14:46:12,7.34,0.0,3,2202,卖盘
1351,14:46:15,7.35,0.01,5,3675,买盘
1352,14:46:19,7.35,0.0,50,36750,买盘
1353,14:46:22,7.35,0.0,58,42630,买盘
1354,14:46:25,7.35,0.0,18,13230,卖盘
1355,14:46:28,7.35,0.0,4,2940,卖盘
1356,14:46:34,7.36,0.01,85,62560,买盘
1357,14:46:36,7.36,0.0,297,218592,买盘
1358,14:47:01,7.36,0.0,20,14720,卖盘
1359,14:47:04,7.36,0.0,3,2208,卖盘
1360,14:47:34,7.37,0.01,462,340494,买盘
1361,14:47:43,7.38,0.01,11,8118,买盘
1362,14:47:52,7.37,-0.01,19,14003,卖盘
1363,14:47:55,7.37,0.0,6,4422,买盘
1364,14:48:00,7.36,-0.01,82,60352,卖盘
1365,14:48:04,7.36,0.0,3,2208,卖盘
1366,14:48:06,7.36,0.0,100,73600,卖盘
1367,14:48:10,7.37,0.01,1,737,买盘
1368,14:48:12,7.37,0.0,175,128974,买盘
1369,14:48:16,7.38,0.01,11,8118,买盘
1370,14:48:19,7.37,-0.01,94,69278,卖盘
1371,14:48:22,7.38,0.01,15,11065,买盘
1372,14:48:43,7.38,0.0,5,3690,买盘
1373,14:48:48,7.38,0.0,13,9591,买盘
1374,14:48:58,7.38,0.0,100,73800,买盘
1375,14:49:01,7.38,0.0,50,36900,买盘
1376,14:49:07,7.38,0.0,171,126198,买盘
1377,14:49:12,7.37,-0.01,176,129767,卖盘
1378,14:49:28,7.37,0.0,24,17688,买盘
1379,14:49:55,7.39,0.02,1,739,中性盘
1380,14:50:04,7.38,-0.01,6,4428,卖盘
1381,14:50:10,7.38,0.0,4,2952,买盘
1382,14:50:22,7.38,0.0,53,39114,买盘
1383,14:50:27,7.38,0.0,30,22140,买盘
1384,14:50:30,7.38,0.0,1,738,买盘
1385,14:50:33,7.38,0.0,6,4428,买盘
1386,14:50:46,7.38,0.0,20,14770,卖盘
1387,14:50:52,7.39,0.01,49,36181,买盘
1388,14:51:16,7.38,-0.01,6,4428,卖盘
1389,14:51:19,7.39,0.01,10,7390,买盘
1390,14:51:21,7.39,0.0,1,739,买盘
1391,14:51:25,7.39,0.0,1,739,买盘
1392,14:51:37,7.38,-0.01,1,738,卖盘
1393,14:51:40,7.38,0.0,2,1476,卖盘
1394,14:51:48,7.38,0.0,5,3690,卖盘
1395,14:51:52,7.38,0.0,11,8118,卖盘
1396,14:51:54,7.38,0.0,149,109962,卖盘
1397,14:51:57,7.38,0.0,2,1476,买盘
1398,14:52:06,7.37,-0.01,74,54538,卖盘
1399,14:52:09,7.38,0.01,1,738,买盘
1400,14:52:16,7.37,-0.01,15,11055,卖盘
1401,14:52:27,7.38,0.01,15,11070,买盘
1402,14:52:43,7.37,-0.01,77,57015,卖盘
1403,14:52:52,7.37,0.0,20,14740,卖盘
1404,14:52:57,7.37,0.0,10,7370,卖盘
1405,14:53:01,7.37,0.0,14,10320,卖盘
1406,14:53:04,7.37,0.0,1,737,卖盘
1407,14:53:07,7.37,0.0,404,297533,卖盘
1408,14:53:13,7.36,-0.01,1,736,卖盘
1409,14:53:19,7.36,0.0,108,79496,卖盘
1410,14:53:25,7.36,0.0,16,11776,卖盘
1411,14:53:37,7.37,0.01,39,28714,买盘
1412,14:54:07,7.37,0.0,7,5159,买盘
1413,14:54:28,7.36,-0.01,7,5152,卖盘
1414,14:54:30,7.37,0.01,149,110078,买盘
1415,14:54:42,7.38,0.01,145,106937,买盘
1416,14:54:55,7.37,-0.01,200,147400,卖盘
1417,14:55:13,7.37,0.0,100,73700,卖盘
1418,14:55:27,7.38,0.01,199,146862,买盘
1419,14:55:30,7.37,-0.01,34,24793,卖盘
1420,14:55:40,7.37,0.0,65,47905,买盘
1421,14:55:43,7.37,0.0,22,16214,买盘
1422,14:55:46,7.37,0.0,5,3685,买盘
1423,14:55:48,7.37,0.0,3,2211,买盘
1424,14:55:55,7.37,0.0,7,5153,买盘
1425,14:56:06,7.37,0.0,11,8107,买盘
1426,14:56:10,7.36,-0.01,118,86863,卖盘
1427,14:56:19,7.36,0.0,20,14720,卖盘
1428,14:56:31,7.36,0.0,1,736,卖盘
1429,14:56:37,7.36,0.0,2,1472,卖盘
1430,14:56:43,7.36,0.0,30,22065,买盘
1431,14:56:52,7.35,-0.01,30,22050,卖盘
1432,14:56:58,7.36,0.01,20,14720,买盘
1433,14:57:00,7.36,0.0,13,9568,买盘
1434,15:00:04,7.35,-0.01,612,449820,卖盘
