,time,price,change,volume,amount,type
0,09:30:04,20.71,-0.02,3,6213,卖盘
1,09:30:07,20.83,0.12,22,45826,中性盘
2,09:30:10,20.9,0.07,18,37550,买盘
3,09:32:01,20.78,-0.12,2,4156,买盘
4,09:32:37,20.78,0.0,4,8312,卖盘
5,09:32:52,20.8,0.02,8,16640,买盘
6,09:33:07,20.8,0.0,2,4160,买盘
7,09:33:13,20.8,0.0,4,8320,买盘
8,09:33:22,20.8,0.0,11,22880,买盘
9,09:33:25,20.8,0.0,6,12480,买盘
10,09:33:28,20.8,0.0,30,62400,买盘
11,09:33:31,20.8,0.0,7,14560,买盘
12,09:34:16,20.87,0.07,10,20860,买盘
13,09:34:28,20.87,0.0,10,20870,买盘
14,09:34:43,20.85,-0.02,29,60345,买盘
15,09:34:55,20.85,0.0,10,20850,卖盘
16,09:35:10,20.82,-0.03,1,2082,卖盘
17,09:35:13,20.85,0.03,5,10425,买盘
18,09:35:34,20.82,-0.03,1,2082,卖盘
19,09:35:37,20.82,0.0,8,16656,卖盘
20,09:35:55,20.82,0.0,3,6246,买盘
21,09:36:16,20.82,0.0,7,14574,卖盘
22,09:36:28,20.81,-0.01,7,14567,卖盘
23,09:36:34,20.81,0.0,3,6243,买盘
24,09:36:52,20.8,-0.01,1,2080,卖盘
25,09:37:07,20.8,0.0,10,20800,卖盘
26,09:37:13,20.79,-0.01,17,35347,卖盘
27,09:37:16,20.79,0.0,2,4158,卖盘
28,09:37:40,20.79,0.0,3,6237,买盘
29,09:37:43,20.79,0.0,5,10395,卖盘
30,09:37:46,20.79,0.0,4,8322,卖盘
31,09:38:10,20.79,0.0,8,16632,卖盘
32,09:38:19,20.78,-0.01,4,8314,卖盘
33,09:38:43,20.74,-0.04,9,18666,卖盘
34,09:39:01,20.74,0.0,5,10370,卖盘
35,09:39:16,20.74,0.0,10,20740,卖盘
36,09:39:28,20.73,-0.01,5,10365,卖盘
37,09:39:46,20.73,0.0,7,14511,卖盘
38,09:39:58,20.72,-0.01,1,2072,卖盘
39,09:40:07,20.66,-0.06,20,41379,卖盘
40,09:40:16,20.66,0.0,10,20660,卖盘
41,09:40:22,20.66,0.0,8,16528,卖盘
42,09:40:28,20.66,0.0,3,6198,买盘
43,09:40:31,20.71,0.05,12,24807,买盘
44,09:40:34,20.71,0.0,1,2071,卖盘
45,09:41:19,20.72,0.01,3,6216,买盘
46,09:41:25,20.72,0.0,4,8288,卖盘
47,09:41:31,20.72,0.0,10,20720,卖盘
48,09:41:46,20.73,0.01,2,4146,买盘
49,09:41:58,20.74,0.01,17,35258,买盘
50,09:42:10,20.74,0.0,16,33184,买盘
51,09:42:31,20.8,0.06,13,27040,买盘
52,09:42:49,20.82,0.02,1,2082,买盘
53,09:43:05,20.85,0.03,19,39594,买盘
54,09:43:10,20.82,-0.03,2,4164,卖盘
55,09:43:55,20.74,-0.08,14,29036,卖盘
56,09:44:16,20.74,0.0,6,12444,卖盘
57,09:44:19,20.74,0.0,5,10370,买盘
58,09:45:01,20.7,-0.04,16,33120,卖盘
59,09:45:07,20.7,0.0,2,4140,买盘
60,09:45:10,20.7,0.0,12,24840,买盘
61,09:45:13,20.7,0.0,7,14490,买盘
62,09:45:16,20.7,0.0,10,20700,买盘
63,09:45:19,20.7,0.0,13,26910,买盘
64,09:45:22,20.7,0.0,8,16560,买盘
65,09:45:25,20.7,0.0,7,14490,买盘
66,09:45:28,20.7,0.0,70,144900,买盘
67,09:45:46,20.7,0.0,6,12424,卖盘
68,09:46:07,20.73,0.03,1,2073,卖盘
69,09:49:04,20.74,0.01,7,14518,卖盘
70,09:49:22,20.74,0.0,10,20740,买盘
71,09:49:37,20.76,0.02,1,2076,买盘
72,09:50:13,20.76,0.0,2,4152,买盘
73,09:50:28,20.74,-0.02,16,33184,卖盘
74,09:50:40,20.74,0.0,9,18666,买盘
75,09:51:34,20.74,0.0,17,35258,卖盘
76,09:51:55,20.72,-0.02,3,6216,卖盘
77,09:51:58,20.72,0.0,1,2072,买盘
78,09:52:22,20.72,0.0,3,6216,买盘
79,09:53:52,20.74,0.02,1,2074,买盘
80,09:54:22,20.71,-0.03,5,10355,卖盘
81,09:54:58,20.71,0.0,45,93216,卖盘
82,09:55:19,20.74,0.03,18,37332,买盘
83,09:55:25,20.71,-0.03,4,8284,卖盘
84,09:56:04,20.73,0.02,10,20730,买盘
85,09:56:37,20.74,0.01,9,18666,买盘
86,09:56:46,20.73,-0.01,13,26949,卖盘
87,09:56:49,20.74,0.01,6,12444,买盘
88,09:57:52,20.74,0.0,1,2074,买盘
89,09:59:10,20.74,0.0,5,10370,买盘
90,09:59:37,20.74,0.0,5,10370,买盘
91,09:59:58,20.72,-0.02,2,4144,卖盘
92,10:00:07,20.71,-0.01,2,4142,卖盘
93,10:00:22,20.74,0.03,7,14518,买盘
94,10:00:52,20.75,0.01,10,20750,买盘
95,10:01:04,20.75,0.0,1,2075,买盘
96,10:01:07,20.75,0.0,39,80925,买盘
97,10:01:16,20.76,0.01,10,20760,买盘
98,10:01:19,20.76,0.0,1,2076,买盘
99,10:01:34,20.77,0.01,1,2077,买盘
100,10:01:43,20.75,-0.02,21,43595,卖盘
101,10:01:58,20.77,0.02,12,24924,买盘
102,10:02:04,20.77,0.0,5,10385,买盘
103,10:02:07,20.77,0.0,6,12462,买盘
104,10:02:28,20.8,0.03,27,56100,买盘
105,10:02:31,20.77,-0.03,20,41553,卖盘
106,10:03:31,20.77,0.0,2,4154,卖盘
107,10:04:01,20.77,0.0,2,4154,卖盘
108,10:04:37,20.8,0.03,2,4160,买盘
109,10:05:01,20.8,0.0,2,4160,卖盘
110,10:05:19,20.75,-0.05,2,4150,卖盘
111,10:05:43,20.78,0.03,10,20780,买盘
112,10:05:49,20.78,0.0,3,6234,买盘
113,10:05:52,20.75,-0.03,4,8300,卖盘
114,10:05:58,20.78,0.03,1,2078,买盘
115,10:06:01,20.75,-0.03,1,2075,中性盘
116,10:06:04,20.75,0.0,4,8300,买盘
117,10:06:07,20.75,0.0,14,29040,买盘
118,10:06:10,20.75,0.0,4,8300,买盘
119,10:06:13,20.78,0.03,7,14531,买盘
120,10:06:16,20.78,0.0,3,6234,买盘
121,10:06:19,20.78,0.0,2,4156,买盘
122,10:06:22,20.78,0.0,2,4156,买盘
123,10:06:28,20.78,0.0,1,2078,买盘
124,10:06:34,20.78,0.0,1,2078,买盘
125,10:06:37,20.78,0.0,1,2078,买盘
126,10:06:40,20.78,0.0,9,18702,买盘
127,10:06:43,20.8,0.02,71,147680,买盘
128,10:06:49,20.82,0.02,11,22895,买盘
129,10:06:55,20.82,0.0,1,2082,买盘
130,10:06:58,20.82,0.0,10,20820,买盘
131,10:07:01,20.84,0.02,1,2084,买盘
132,10:07:04,20.84,0.0,9,18756,买盘
133,10:07:07,20.85,0.01,25,52111,买盘
134,10:07:10,20.89,0.04,100,208747,买盘
135,10:07:13,20.84,-0.05,50,104200,卖盘
136,10:07:34,20.9,0.06,52,108628,买盘
137,10:07:40,20.9,0.0,4,8360,卖盘
138,10:07:52,20.9,0.0,4,8360,卖盘
139,10:08:04,20.93,0.03,16,33476,买盘
140,10:08:07,20.93,0.0,12,25136,卖盘
141,10:08:22,20.93,0.0,1,2093,卖盘
142,10:08:25,20.93,0.0,8,16744,卖盘
143,10:08:40,20.92,-0.01,2,4184,中性盘
144,10:08:58,20.9,-0.02,3,6270,卖盘
145,10:09:04,20.89,-0.01,4,8358,卖盘
146,10:09:10,20.89,0.0,2,4178,卖盘
147,10:09:13,20.91,0.02,5,10454,买盘
148,10:09:31,20.89,-0.02,6,12534,卖盘
149,10:10:34,20.83,-0.06,22,45836,卖盘
150,10:10:37,20.87,0.04,1,2087,买盘
151,10:10:43,20.83,-0.04,3,6249,卖盘
152,10:11:22,20.83,0.0,1,2083,卖盘
153,10:11:28,20.87,0.04,2,4174,买盘
154,10:11:31,20.84,-0.03,2,4168,卖盘
155,10:11:37,20.84,0.0,1,2084,卖盘
156,10:11:46,20.83,-0.01,5,10415,卖盘
157,10:12:16,20.84,0.01,11,22924,买盘
158,10:12:22,20.84,0.0,28,58352,买盘
159,10:12:28,20.84,0.0,2,4168,买盘
160,10:13:43,20.84,0.0,2,4168,卖盘
161,10:14:37,20.87,0.03,10,20870,买盘
162,10:14:43,20.85,-0.02,4,8340,卖盘
163,10:15:19,20.87,0.02,1,2087,买盘
164,10:16:07,20.85,-0.02,4,8340,卖盘
165,10:16:18,20.87,0.02,5,10435,买盘
166,10:16:22,20.84,-0.03,84,175056,卖盘
167,10:16:31,20.84,0.0,12,25008,卖盘
168,10:16:58,20.83,-0.01,6,12498,卖盘
169,10:17:10,20.83,0.0,5,10415,卖盘
170,10:18:55,20.83,0.0,10,20830,卖盘
171,10:20:13,20.84,0.01,3,6252,卖盘
172,10:20:22,20.83,-0.01,50,104151,卖盘
173,10:20:51,20.8,-0.03,5,10400,卖盘
174,10:21:10,20.8,0.0,1,2080,卖盘
175,10:22:21,20.8,0.0,1,2080,卖盘
176,10:22:43,20.81,0.01,5,10405,中性盘
177,10:22:49,20.81,0.0,2,4162,卖盘
178,10:24:55,20.81,0.0,10,20810,卖盘
179,10:25:52,20.83,0.02,1,2083,买盘
180,10:26:16,20.82,-0.01,1,2082,卖盘
181,10:26:37,20.82,0.0,5,10410,卖盘
182,10:26:46,20.83,0.01,5,10415,买盘
183,10:27:16,20.82,-0.01,9,18738,卖盘
184,10:28:27,20.81,-0.01,5,10405,买盘
185,10:28:55,20.81,0.0,2,4162,买盘
186,10:28:58,20.8,-0.01,11,22883,卖盘
187,10:29:15,20.82,0.02,1,2082,买盘
188,10:29:40,20.8,-0.02,1,2080,卖盘
189,10:31:58,20.81,0.01,10,20810,卖盘
190,10:32:49,20.81,0.0,10,20810,卖盘
191,10:33:22,20.8,-0.01,28,58245,卖盘
192,10:33:55,20.8,0.0,1,2080,卖盘
193,10:34:09,20.8,0.0,1,2080,卖盘
194,10:34:34,20.81,0.01,9,18729,买盘
195,10:35:37,20.81,0.0,2,4162,买盘
196,10:37:49,20.81,0.0,9,18729,买盘
197,10:38:19,20.81,0.0,20,41620,卖盘
198,10:38:37,20.8,-0.01,108,224715,卖盘
199,10:39:09,20.8,0.0,7,14560,卖盘
200,10:39:34,20.79,-0.01,7,14553,卖盘
201,10:39:54,20.78,-0.01,40,83120,卖盘
202,10:40:04,20.78,0.0,4,8312,卖盘
203,10:41:06,20.78,0.0,7,14546,卖盘
204,10:41:31,20.79,0.01,1,2079,买盘
205,10:41:55,20.83,0.04,45,93687,买盘
206,10:42:13,20.79,-0.04,8,16656,卖盘
207,10:43:13,20.81,0.02,15,31215,中性盘
208,10:43:21,20.81,0.0,16,33296,卖盘
209,10:43:25,20.81,0.0,1,2081,买盘
210,10:43:28,20.81,0.0,10,20810,买盘
211,10:43:31,20.81,0.0,1,2081,买盘
212,10:43:40,20.81,0.0,5,10405,买盘
213,10:43:43,20.81,0.0,32,66592,买盘
214,10:43:52,20.81,0.0,52,108212,买盘
215,10:43:55,20.81,0.0,31,64511,卖盘
216,10:44:34,20.82,0.01,2,4164,卖盘
217,10:44:37,20.85,0.03,3,6255,买盘
218,10:44:49,20.85,0.0,61,127185,买盘
219,10:45:10,20.88,0.03,7,14611,买盘
220,10:45:51,20.89,0.01,3,6267,买盘
221,10:47:07,20.84,-0.05,15,31260,卖盘
222,10:48:13,20.86,0.02,5,10430,买盘
223,10:48:16,20.86,0.0,1,2086,买盘
224,10:48:34,20.87,0.01,5,10435,买盘
225,10:48:36,20.85,-0.02,17,35452,卖盘
226,10:49:04,20.86,0.01,6,12516,卖盘
227,10:49:18,20.85,-0.01,9,18765,卖盘
228,10:49:36,20.85,0.0,7,14595,卖盘
229,10:49:42,20.86,0.01,2,4172,买盘
230,10:49:49,20.85,-0.01,8,16680,卖盘
231,10:49:55,20.87,0.02,41,85564,买盘
232,10:50:09,20.86,-0.01,10,20860,卖盘
233,10:50:21,20.86,0.0,1,2086,卖盘
234,10:50:31,20.86,0.0,14,29204,卖盘
235,10:50:39,20.87,0.01,6,12519,买盘
236,10:51:39,20.85,-0.02,2,4170,卖盘
237,10:52:13,20.87,0.02,1,2087,买盘
238,10:53:04,20.85,-0.02,4,8340,卖盘
239,10:53:13,20.83,-0.02,78,162542,卖盘
240,10:54:04,20.85,0.02,25,52125,卖盘
241,10:54:49,20.87,0.02,56,116872,买盘
242,10:55:04,20.88,0.01,7,14616,买盘
243,10:55:34,20.88,0.0,3,6264,买盘
244,10:55:37,20.87,-0.01,20,41740,卖盘
245,10:55:39,20.87,0.0,20,41740,卖盘
246,10:56:01,20.87,0.0,1,2087,卖盘
247,10:56:58,20.87,0.0,3,6261,卖盘
248,10:57:37,20.86,-0.01,4,8345,卖盘
249,10:57:43,20.86,0.0,1,2086,卖盘
250,10:57:58,20.85,-0.01,29,60493,卖盘
251,10:58:12,20.86,0.01,5,10430,卖盘
252,10:58:28,20.87,0.01,4,8348,买盘
253,10:58:33,20.87,0.0,3,6261,买盘
254,10:59:01,20.86,-0.01,2,4172,卖盘
255,10:59:54,20.86,0.0,1,2086,买盘
256,11:00:04,20.86,0.0,4,8344,卖盘
257,11:00:16,20.86,0.0,4,8344,买盘
258,11:00:28,20.86,0.0,1,2086,买盘
259,11:01:16,20.86,0.0,1,2086,买盘
260,11:02:55,20.86,0.0,39,81354,买盘
261,11:03:04,20.86,0.0,60,125160,卖盘
262,11:04:10,20.87,0.01,9,18783,买盘
263,11:04:22,20.87,0.0,10,20870,买盘
264,11:04:34,20.87,0.0,10,20870,买盘
265,11:04:52,20.88,0.01,3,6264,买盘
266,11:05:22,20.88,0.0,5,10440,买盘
267,11:05:30,20.88,0.0,2,4176,买盘
268,11:05:34,20.89,0.01,24,50132,买盘
269,11:05:39,20.89,0.0,1,2089,卖盘
270,11:05:48,20.9,0.01,11,22990,买盘
271,11:06:19,20.9,0.0,4,8360,买盘
272,11:06:46,20.9,0.0,4,8360,卖盘
273,11:07:13,20.9,0.0,22,45980,卖盘
274,11:08:51,20.89,-0.01,2,4178,买盘
275,11:09:22,20.87,-0.02,24,50090,卖盘
276,11:10:00,20.86,-0.01,25,52150,卖盘
277,11:12:04,20.86,0.0,20,41720,卖盘
278,11:13:09,20.86,0.0,30,62580,卖盘
279,11:13:28,20.86,0.0,1,2086,买盘
280,11:14:09,20.86,0.0,1,2086,买盘
281,11:14:19,20.85,-0.01,5,10425,卖盘
282,11:16:06,20.85,0.0,1,2085,卖盘
283,11:16:19,20.85,0.0,32,66700,买盘
284,11:17:10,20.86,0.01,10,20860,卖盘
285,11:18:54,20.85,-0.01,1,2085,卖盘
286,11:20:06,20.86,0.01,9,18774,买盘
287,11:21:19,20.87,0.01,1,2087,买盘
288,11:23:31,20.87,0.0,6,12522,买盘
289,11:23:39,20.86,-0.01,1,2086,卖盘
290,11:24:51,20.88,0.02,15,31317,买盘
291,11:25:03,20.86,-0.02,1,2086,卖盘
292,11:25:12,20.86,0.0,9,18774,买盘
293,11:25:18,20.86,0.0,11,22946,卖盘
294,11:25:46,20.85,-0.01,8,16680,卖盘
295,11:25:55,20.85,0.0,43,89655,卖盘
296,11:25:58,20.85,0.0,67,139695,卖盘
297,11:26:22,20.8,-0.05,110,229020,卖盘
298,11:26:58,20.79,-0.01,2,4158,卖盘
299,11:27:25,20.78,-0.01,15,31170,卖盘
300,11:29:25,20.76,-0.02,6,12456,卖盘
301,11:30:04,20.73,-0.03,12,24876,卖盘
302,13:00:05,20.71,-0.02,8,16568,卖盘
303,13:00:07,20.7,-0.01,15,31060,卖盘
304,13:00:16,20.7,0.0,3,6210,卖盘
305,13:00:19,20.7,0.0,10,20700,卖盘
306,13:00:22,20.7,0.0,7,14490,卖盘
307,13:00:25,20.7,0.0,1,2070,卖盘
308,13:00:28,20.7,0.0,3,6210,卖盘
309,13:00:31,20.7,0.0,2,4140,卖盘
310,13:00:34,20.7,0.0,2,4140,卖盘
311,13:00:37,20.7,0.0,3,6210,卖盘
312,13:00:40,20.7,0.0,1,2070,卖盘
313,13:00:43,20.7,0.0,9,18630,卖盘
314,13:01:30,20.67,-0.03,52,107506,卖盘
315,13:01:58,20.68,0.01,14,28943,买盘
316,13:04:30,20.68,0.0,17,35159,卖盘
317,13:04:48,20.67,-0.01,3,6201,买盘
318,13:05:48,20.67,0.0,17,35139,卖盘
319,13:06:33,20.67,0.0,5,10335,卖盘
320,13:06:49,20.67,0.0,50,103355,卖盘
321,13:09:36,20.67,0.0,49,101290,卖盘
322,13:09:54,20.67,0.0,5,10335,买盘
323,13:10:03,20.67,0.0,5,10335,买盘
324,13:10:07,20.67,0.0,2,4134,买盘
325,13:10:19,20.67,0.0,6,12402,买盘
326,13:10:25,20.67,0.0,5,10335,买盘
327,13:10:42,20.67,0.0,2,4134,买盘
328,13:10:45,20.67,0.0,2,4134,买盘
329,13:11:06,20.67,0.0,1,2067,买盘
330,13:11:12,20.66,-0.01,35,72310,卖盘
331,13:11:18,20.66,0.0,3,6198,买盘
332,13:11:31,20.65,-0.01,11,22715,卖盘
333,13:11:45,20.65,0.0,4,8260,卖盘
334,13:11:48,20.65,0.0,1,2065,卖盘
335,13:11:54,20.65,0.0,16,33040,卖盘
336,13:12:04,20.65,0.0,3,6195,卖盘
337,13:12:24,20.64,-0.01,35,72255,卖盘
338,13:12:49,20.67,0.03,1,2067,买盘
339,13:12:55,20.67,0.0,22,45474,买盘
340,13:14:25,20.7,0.03,50,103510,卖盘
341,13:14:40,20.75,0.05,7,14513,买盘
342,13:16:16,20.74,-0.01,1,2074,买盘
343,13:16:57,20.71,-0.03,4,8284,卖盘
344,13:17:42,20.7,-0.01,23,47610,卖盘
345,13:18:16,20.7,0.0,9,18630,卖盘
346,13:18:19,20.69,-0.01,19,39312,卖盘
347,13:19:00,20.69,0.0,30,62070,卖盘
348,13:19:19,20.69,0.0,2,4138,买盘
349,13:19:25,20.69,0.0,1,2069,买盘
350,13:19:34,20.67,-0.02,4,8269,卖盘
351,13:20:06,20.65,-0.02,5,10325,卖盘
352,13:20:42,20.67,0.02,1,2067,买盘
353,13:20:49,20.65,-0.02,5,10331,卖盘
354,13:21:12,20.65,0.0,1,2065,卖盘
355,13:21:22,20.66,0.01,2,4132,卖盘
356,13:21:57,20.66,0.0,6,12396,卖盘
357,13:22:24,20.68,0.02,2,4136,买盘
358,13:23:52,20.68,0.0,8,16544,卖盘
359,13:23:55,20.68,0.0,11,22748,买盘
360,13:24:13,20.68,0.0,10,20680,买盘
361,13:24:45,20.66,-0.02,2,4132,卖盘
362,13:24:55,20.68,0.02,1,2068,买盘
363,13:24:58,20.66,-0.02,2,4132,卖盘
364,13:25:19,20.66,0.0,2,4132,卖盘
365,13:26:15,20.65,-0.01,34,70222,卖盘
366,13:26:27,20.64,-0.01,7,14448,卖盘
367,13:26:36,20.64,0.0,6,12384,卖盘
368,13:26:52,20.63,-0.01,8,16504,卖盘
369,13:27:04,20.63,0.0,5,10315,卖盘
370,13:27:12,20.63,0.0,7,14441,卖盘
371,13:27:28,20.6,-0.03,65,133900,卖盘
372,13:27:55,20.57,-0.03,3,6171,卖盘
373,13:28:07,20.56,-0.01,6,12336,卖盘
374,13:28:13,20.55,-0.01,11,22605,卖盘
375,13:28:15,20.54,-0.01,3,6162,卖盘
376,13:28:18,20.54,0.0,12,24641,中性盘
377,13:28:28,20.53,-0.01,5,10265,卖盘
378,13:28:43,20.55,0.02,5,10272,买盘
379,13:28:48,20.52,-0.03,17,34901,卖盘
380,13:28:57,20.52,0.0,27,55420,卖盘
381,13:29:21,20.53,0.01,5,10265,卖盘
382,13:29:28,20.51,-0.02,81,166172,卖盘
383,13:29:34,20.56,0.05,10,20557,买盘
384,13:29:43,20.6,0.04,12,24720,买盘
385,13:29:49,20.6,0.0,1,2060,卖盘
386,13:30:07,20.57,-0.03,16,32912,卖盘
387,13:30:13,20.56,-0.01,2,4112,卖盘
388,13:30:16,20.56,0.0,4,8224,卖盘
389,13:30:49,20.53,-0.03,13,26689,卖盘
390,13:30:52,20.57,0.04,31,63659,中性盘
391,13:31:10,20.6,0.03,10,20575,买盘
392,13:31:28,20.6,0.0,1,2060,买盘
393,13:31:42,20.59,-0.01,1,2059,买盘
394,13:32:31,20.59,0.0,20,41180,买盘
395,13:32:57,20.55,-0.04,3,6165,卖盘
396,13:33:00,20.59,0.04,30,61742,买盘
397,13:33:21,20.6,0.01,26,53560,买盘
398,13:33:25,20.59,-0.01,50,102951,卖盘
399,13:33:37,20.59,0.0,10,20590,卖盘
400,13:33:42,20.63,0.04,8,16504,买盘
401,13:34:10,20.63,0.0,10,20630,卖盘
402,13:34:18,20.65,0.02,4,8260,买盘
403,13:34:54,20.65,0.0,2,4130,卖盘
404,13:34:58,20.65,0.0,4,8260,买盘
405,13:35:19,20.63,-0.02,11,22694,卖盘
406,13:35:22,20.63,0.0,49,101087,卖盘
407,13:36:46,20.63,0.0,6,12378,卖盘
408,13:37:13,20.62,-0.01,5,10310,买盘
409,13:37:22,20.62,0.0,17,35054,卖盘
410,13:37:45,20.62,0.0,10,20620,买盘
411,13:38:46,20.61,-0.01,10,20610,卖盘
412,13:39:10,20.65,0.04,72,148111,买盘
413,13:39:37,20.65,0.0,20,41300,买盘
414,13:39:55,20.65,0.0,2,4130,买盘
415,13:40:04,20.65,0.0,1,2065,买盘
416,13:40:10,20.65,0.0,3,6195,买盘
417,13:40:13,20.65,0.0,32,66080,买盘
418,13:40:58,20.62,-0.03,12,24744,卖盘
419,13:41:09,20.62,0.0,1,2062,买盘
420,13:41:55,20.63,0.01,10,20630,卖盘
421,13:42:15,20.63,0.0,3,6189,买盘
422,13:42:34,20.63,0.0,1,2063,买盘
423,13:42:40,20.63,0.0,11,22693,买盘
424,13:43:07,20.63,0.0,16,33008,卖盘
425,13:43:19,20.62,-0.01,6,12372,卖盘
426,13:43:49,20.61,-0.01,4,8244,卖盘
427,13:43:58,20.61,0.0,15,30916,卖盘
428,13:44:09,20.62,0.01,2,4124,买盘
429,13:44:52,20.61,-0.01,6,12366,卖盘
430,13:45:34,20.58,-0.03,14,28812,卖盘
431,13:45:49,20.58,0.0,3,6174,卖盘
432,13:46:03,20.58,0.0,8,16464,卖盘
433,13:46:06,20.58,0.0,8,16464,买盘
434,13:46:16,20.58,0.0,2,4116,卖盘
435,13:47:13,20.6,0.02,10,20600,卖盘
436,13:47:22,20.58,-0.02,10,20580,买盘
437,13:47:37,20.58,0.0,12,24696,买盘
438,13:47:40,20.58,0.0,12,24696,买盘
439,13:47:55,20.69,0.11,1,2069,买盘
440,13:48:10,20.69,0.0,10,20690,买盘
441,13:50:55,20.69,0.0,5,10345,买盘
442,13:51:07,20.69,0.0,6,12414,买盘
443,13:51:10,20.69,0.0,11,22759,买盘
444,13:51:22,20.69,0.0,52,107588,买盘
445,13:52:01,20.74,0.05,2,4148,买盘
446,13:52:16,20.74,0.0,2,4148,买盘
447,13:52:25,20.75,0.01,4,8300,买盘
448,13:52:37,20.75,0.0,3,6225,买盘
449,13:52:40,20.75,0.0,3,6225,买盘
450,13:52:43,20.75,0.0,8,16600,买盘
451,13:52:46,20.74,-0.01,29,60165,卖盘
452,13:53:01,20.76,0.02,20,41520,买盘
453,13:53:16,20.78,0.02,5,10390,买盘
454,13:53:28,20.78,0.0,1,2078,卖盘
455,13:53:43,20.8,0.02,30,62392,买盘
456,13:53:49,20.8,0.0,17,35360,买盘
457,13:54:07,20.84,0.04,58,120862,买盘
458,13:54:19,20.83,-0.01,23,47899,买盘
459,13:54:34,20.83,0.0,2,4166,卖盘
460,13:54:37,20.83,0.0,10,20830,卖盘
461,13:54:40,20.83,0.0,1,2083,卖盘
462,13:54:43,20.83,0.0,12,24996,卖盘
463,13:54:49,20.83,0.0,14,29162,卖盘
464,13:54:52,20.83,0.0,8,16664,卖盘
465,13:55:31,20.8,-0.03,9,18720,卖盘
466,13:55:49,20.8,0.0,1,2080,买盘
467,13:56:34,20.82,0.02,9,18738,买盘
468,13:56:58,20.84,0.02,83,172943,买盘
469,13:57:04,20.86,0.02,1,2086,买盘
470,13:57:13,20.87,0.01,12,25034,买盘
471,13:57:16,20.86,-0.01,5,10430,中性盘
472,13:57:22,20.87,0.01,15,31305,买盘
473,13:57:25,20.84,-0.03,22,45858,卖盘
474,13:57:28,20.87,0.03,6,12517,买盘
475,13:57:31,20.87,0.0,4,8348,卖盘
476,13:58:16,20.86,-0.01,20,41720,卖盘
477,13:59:18,20.89,0.03,124,258808,买盘
478,13:59:25,20.9,0.01,1,2090,买盘
479,13:59:28,20.89,-0.01,20,41780,卖盘
480,13:59:49,20.81,-0.08,1,2081,卖盘
481,14:00:04,20.81,0.0,3,6243,买盘
482,14:03:01,20.82,0.01,4,8328,买盘
483,14:03:07,20.82,0.0,5,10410,买盘
484,14:03:40,20.82,0.0,5,10410,买盘
485,14:03:55,20.82,0.0,2,4164,买盘
486,14:03:57,20.82,0.0,10,20820,买盘
487,14:04:13,20.82,0.0,9,18738,买盘
488,14:04:28,20.82,0.0,1,2082,卖盘
489,14:05:28,20.82,0.0,1,2082,卖盘
490,14:06:37,20.82,0.0,5,10410,卖盘
491,14:07:22,20.79,-0.03,59,122663,卖盘
492,14:09:28,20.76,-0.03,3,6230,卖盘
493,14:10:03,20.76,0.0,5,10380,卖盘
494,14:10:19,20.76,0.0,4,8304,卖盘
495,14:11:46,20.75,-0.01,1,2075,卖盘
496,14:11:58,20.75,0.0,2,4150,卖盘
497,14:12:10,20.75,0.0,7,14525,卖盘
498,14:13:25,20.75,0.0,3,6225,买盘
499,14:15:10,20.71,-0.04,31,64217,卖盘
500,14:15:18,20.71,0.0,1,2071,买盘
501,14:16:10,20.61,-0.1,78,161001,卖盘
502,14:16:16,20.61,0.0,7,14427,买盘
503,14:16:24,20.61,0.0,8,16488,买盘
504,14:16:28,20.61,0.0,2,4122,买盘
505,14:16:37,20.61,0.0,11,22671,买盘
506,14:16:39,20.61,0.0,30,61830,买盘
507,14:16:45,20.61,0.0,1,2061,买盘
508,14:16:49,20.61,0.0,13,26793,买盘
509,14:17:46,20.77,0.16,4,8307,买盘
510,14:18:01,20.79,0.02,1,2079,买盘
511,14:18:07,20.78,-0.01,26,54028,卖盘
512,14:18:09,20.77,-0.01,1,2077,中性盘
513,14:18:39,20.78,0.01,20,41560,买盘
514,14:18:42,20.64,-0.14,3,6192,卖盘
515,14:21:43,20.76,0.12,5,10380,买盘
516,14:21:55,20.77,0.01,2,4154,买盘
517,14:22:01,20.77,0.0,1,2077,买盘
518,14:22:04,20.77,0.0,7,14539,买盘
519,14:22:06,20.76,-0.01,4,8307,卖盘
520,14:22:28,20.78,0.02,18,37404,买盘
521,14:22:46,20.78,0.0,5,10390,卖盘
522,14:23:24,20.78,0.0,5,10390,卖盘
523,14:24:28,20.75,-0.03,1,2075,卖盘
524,14:25:16,20.75,0.0,7,14525,卖盘
525,14:25:25,20.75,0.0,3,6225,卖盘
526,14:25:43,20.75,0.0,2,4150,卖盘
527,14:26:28,20.75,0.0,1,2075,卖盘
528,14:26:58,20.76,0.01,5,10377,买盘
529,14:27:07,20.76,0.0,1,2076,买盘
530,14:27:13,20.76,0.0,2,4152,买盘
531,14:27:27,20.75,-0.01,6,12450,卖盘
532,14:27:46,20.71,-0.04,9,18639,卖盘
533,14:28:34,20.75,0.04,24,49800,买盘
534,14:28:40,20.75,0.0,1,2075,卖盘
535,14:28:49,20.77,0.02,24,49830,买盘
536,14:29:24,20.77,0.0,4,8308,卖盘
537,14:29:31,20.78,0.01,5,10390,买盘
538,14:29:46,20.77,-0.01,8,16619,卖盘
539,14:30:04,20.79,0.02,4,8316,买盘
540,14:30:13,20.79,0.0,3,6237,卖盘
541,14:30:22,20.8,0.01,1,2080,买盘
542,14:30:25,20.79,-0.01,8,16632,卖盘
543,14:30:31,20.8,0.01,13,27038,买盘
544,14:30:58,20.8,0.0,4,8319,买盘
545,14:31:16,20.8,0.0,6,12480,卖盘
546,14:31:30,20.81,0.01,2,4162,买盘
547,14:32:04,20.81,0.0,3,6243,买盘
548,14:32:16,20.81,0.0,3,6243,买盘
549,14:32:30,20.81,0.0,79,164399,买盘
550,14:32:37,20.81,0.0,1,2081,卖盘
551,14:32:49,20.81,0.0,1,2081,卖盘
552,14:32:58,20.81,0.0,16,33296,买盘
553,14:33:00,20.8,-0.01,31,64480,卖盘
554,14:33:04,20.81,0.01,5,10405,买盘
555,14:33:27,20.81,0.0,3,6243,买盘
556,14:33:31,20.8,-0.01,45,93600,卖盘
557,14:33:40,20.81,0.01,1,2081,买盘
558,14:34:10,20.8,-0.01,2,4160,卖盘
559,14:34:15,20.8,0.0,1,2080,买盘
560,14:34:46,20.77,-0.03,2,4154,卖盘
561,14:35:19,20.81,0.04,1,2081,买盘
562,14:35:28,20.81,0.0,8,16648,买盘
563,14:35:40,20.76,-0.05,11,22837,卖盘
564,14:36:10,20.81,0.05,2,4162,买盘
565,14:36:31,20.81,0.0,32,66592,买盘
566,14:36:58,20.81,0.0,14,29134,买盘
567,14:37:04,20.82,0.01,42,87438,买盘
568,14:37:16,20.81,-0.01,30,62457,卖盘
569,14:37:18,20.81,0.0,2,4162,卖盘
570,14:37:37,20.81,0.0,28,58268,买盘
571,14:37:39,20.81,0.0,22,45782,卖盘
572,14:37:49,20.81,0.0,13,27053,卖盘
573,14:40:25,20.78,-0.03,3,6234,卖盘
574,14:41:04,20.78,0.0,5,10390,卖盘
575,14:41:06,20.78,0.0,2,4156,卖盘
576,14:41:25,20.78,0.0,3,6234,卖盘
577,14:41:40,20.81,0.03,60,124838,买盘
578,14:42:07,20.81,0.0,4,8324,买盘
579,14:42:10,20.81,0.0,12,24972,买盘
580,14:42:19,20.81,0.0,8,16648,卖盘
581,14:42:52,20.79,-0.02,2,4158,卖盘
582,14:43:04,20.79,0.0,9,18711,买盘
583,14:43:13,20.78,-0.01,3,6234,卖盘
584,14:43:33,20.78,0.0,26,54054,卖盘
585,14:43:43,20.79,0.01,3,6237,买盘
586,14:43:52,20.8,0.01,3,6240,卖盘
587,14:44:07,20.81,0.01,3,6243,买盘
588,14:44:25,20.81,0.0,2,4162,买盘
589,14:44:40,20.81,0.0,1,2081,买盘
590,14:44:58,20.81,0.0,1,2081,买盘
591,14:45:10,20.81,0.0,9,18729,买盘
592,14:45:13,20.79,-0.02,5,10395,卖盘
593,14:45:31,20.79,0.0,7,14553,卖盘
594,14:45:34,20.79,0.0,5,10395,卖盘
595,14:45:52,20.79,0.0,3,6237,卖盘
596,14:45:55,20.79,0.0,3,6237,卖盘
597,14:46:07,20.79,0.0,6,12474,卖盘
598,14:46:54,20.79,0.0,1,2079,卖盘
599,14:47:04,20.79,0.0,21,43659,卖盘
600,14:47:34,20.78,-0.01,10,20780,卖盘
601,14:47:37,20.8,0.02,40,83184,买盘
602,14:48:04,20.78,-0.02,9,18702,卖盘
603,14:48:10,20.78,0.0,9,18702,卖盘
604,14:48:46,20.78,0.0,36,74828,卖盘
605,14:49:04,20.78,0.0,5,10390,买盘
606,14:49:37,20.78,0.0,15,31170,卖盘
607,14:50:01,20.77,-0.01,10,20770,卖盘
608,14:50:13,20.77,0.0,1,2077,卖盘
609,14:50:19,20.77,0.0,10,20770,卖盘
610,14:50:22,20.76,-0.01,17,35300,卖盘
611,14:50:49,20.76,0.0,30,62282,卖盘
612,14:51:07,20.78,0.02,16,33248,买盘
613,14:51:10,20.78,0.0,4,8312,卖盘
614,14:51:19,20.79,0.01,3,6237,买盘
615,14:51:34,20.79,0.0,10,20790,买盘
616,14:51:40,20.76,-0.03,46,95605,卖盘
617,14:51:43,20.76,0.0,21,43596,卖盘
618,14:51:46,20.76,0.0,9,18684,买盘
619,14:51:55,20.78,0.02,2,4156,卖盘
620,14:52:31,20.76,-0.02,60,124622,卖盘
621,14:52:58,20.76,0.0,9,18684,卖盘
622,14:53:16,20.77,0.01,8,16616,卖盘
623,14:53:19,20.78,0.01,3,6234,买盘
624,14:53:37,20.81,0.03,23,47844,买盘
625,14:53:43,20.78,-0.03,8,16624,卖盘
626,14:54:04,20.81,0.03,7,14567,买盘
627,14:54:13,20.81,0.0,3,6243,卖盘
628,14:54:16,20.8,-0.01,24,49920,买盘
629,14:54:22,20.8,0.0,23,47840,买盘
630,14:54:31,20.8,0.0,5,10400,卖盘
631,14:54:43,20.8,0.0,17,35360,卖盘
632,14:54:55,20.82,0.02,5,10410,买盘
633,14:55:04,20.83,0.01,30,62484,买盘
634,14:55:13,20.83,0.0,2,4166,买盘
635,14:55:16,20.83,0.0,1,2083,卖盘
636,14:55:22,20.83,0.0,5,10415,卖盘
637,14:55:31,20.83,0.0,3,6249,卖盘
638,14:55:34,20.83,0.0,5,10415,卖盘
639,14:55:37,20.84,0.01,11,22924,买盘
640,14:55:58,20.84,0.0,4,8336,卖盘
641,14:56:01,20.85,0.01,21,43783,买盘
642,14:56:13,20.85,0.0,32,66720,卖盘
643,14:56:19,20.86,0.01,2,4172,买盘
644,14:56:25,20.86,0.0,3,6258,卖盘
645,14:56:31,20.86,0.0,10,20860,卖盘
646,14:56:37,20.83,-0.03,8,16664,卖盘
647,14:56:40,20.85,0.02,4,8340,买盘
648,14:56:43,20.85,0.0,1,2085,买盘
649,14:56:49,20.85,0.0,6,12510,买盘
650,14:56:52,20.87,0.02,40,83475,买盘
651,14:57:01,20.87,0.0,3,6261,卖盘
652,15:00:04,20.88,0.01,239,499032,买盘
