,time,price,change,volume,amount,type
0,09:25:04,10.3,0.14,472,486160,卖盘
1,09:30:00,10.3,0.0,35,36050,卖盘
2,09:30:04,10.33,0.03,298,308089,买盘
3,09:30:07,10.32,-0.01,453,468079,卖盘
4,09:30:10,10.32,0.0,8,8260,卖盘
5,09:30:13,10.34,0.02,162,167251,买盘
6,09:30:16,10.34,0.0,17,17578,买盘
7,09:30:19,10.33,-0.01,25,25829,卖盘
8,09:30:24,10.34,0.01,15,15497,买盘
9,09:30:27,10.34,0.0,3,3101,买盘
10,09:30:30,10.34,0.0,2,2068,买盘
11,09:30:33,10.32,-0.02,77,79528,卖盘
12,09:30:37,10.32,0.0,34,35088,卖盘
13,09:30:39,10.33,0.01,15,15495,买盘
14,09:30:43,10.33,0.0,155,160070,买盘
15,09:30:45,10.32,-0.01,9,9288,卖盘
16,09:30:48,10.32,0.0,20,20640,卖盘
17,09:30:51,10.32,0.0,100,103200,买盘
18,09:30:54,10.32,0.0,31,31989,买盘
19,09:30:57,10.32,0.0,39,40248,卖盘
20,09:31:00,10.32,0.0,42,43344,卖盘
21,09:31:04,10.31,-0.01,105,108350,卖盘
22,09:31:06,10.32,0.01,428,441454,买盘
23,09:31:12,10.3,-0.02,20,20600,卖盘
24,09:31:16,10.3,0.0,26,26780,卖盘
25,09:31:18,10.3,0.0,205,211151,卖盘
26,09:31:21,10.3,0.0,83,85490,卖盘
27,09:31:24,10.3,0.0,77,79310,卖盘
28,09:31:27,10.31,0.01,43,44300,买盘
29,09:31:30,10.3,-0.01,11,11335,卖盘
30,09:31:34,10.3,0.0,53,54590,卖盘
31,09:31:37,10.3,0.0,2,2060,卖盘
32,09:31:39,10.3,0.0,39,40170,卖盘
33,09:31:46,10.3,0.0,22,22660,买盘
34,09:31:48,10.3,0.0,6,6180,买盘
35,09:31:51,10.29,-0.01,30,30870,卖盘
36,09:31:55,10.29,0.0,33,33957,卖盘
37,09:31:57,10.29,0.0,1,1029,买盘
38,09:32:00,10.28,-0.01,30,30840,卖盘
39,09:32:06,10.28,0.0,253,260084,卖盘
40,09:32:09,10.29,0.01,51,52459,买盘
41,09:32:12,10.29,0.0,26,26754,买盘
42,09:32:15,10.28,-0.01,7,7196,卖盘
43,09:32:18,10.28,0.0,150,154200,卖盘
44,09:32:21,10.28,0.0,37,38036,买盘
45,09:32:24,10.28,0.0,10,10280,买盘
46,09:32:27,10.28,0.0,3,3084,买盘
47,09:32:34,10.28,0.0,1,1028,买盘
48,09:32:42,10.27,-0.01,53,54469,卖盘
49,09:32:45,10.28,0.01,15,15420,买盘
50,09:32:48,10.27,-0.01,190,195117,卖盘
51,09:32:54,10.27,0.0,69,70868,卖盘
52,09:33:00,10.28,0.01,30,30830,买盘
53,09:33:04,10.28,0.0,2,2056,买盘
54,09:33:06,10.28,0.0,50,51400,买盘
55,09:33:09,10.28,0.0,38,39046,买盘
56,09:33:12,10.27,-0.01,4,4111,卖盘
57,09:33:15,10.28,0.01,45,46260,买盘
58,09:33:18,10.28,0.0,1,1028,买盘
59,09:33:21,10.27,-0.01,10,10270,卖盘
60,09:33:27,10.28,0.01,3,3084,买盘
61,09:33:30,10.28,0.0,246,252893,买盘
62,09:33:33,10.28,0.0,10,10287,卖盘
63,09:33:36,10.28,0.0,6,6169,卖盘
64,09:33:40,10.28,0.0,116,119248,卖盘
65,09:33:42,10.28,0.0,100,102913,卖盘
66,09:33:45,10.28,0.0,1,1028,卖盘
67,09:33:51,10.28,0.0,30,30840,卖盘
68,09:33:54,10.28,0.0,11,11308,卖盘
69,09:33:57,10.29,0.01,36,37044,买盘
70,09:34:01,10.28,-0.01,3,3086,卖盘
71,09:34:06,10.29,0.01,31,31899,买盘
72,09:34:09,10.28,-0.01,52,53457,卖盘
73,09:34:15,10.29,0.01,28,28812,买盘
74,09:34:18,10.29,0.0,8,8232,买盘
75,09:34:24,10.28,-0.01,6,6168,卖盘
76,09:34:28,10.28,0.0,51,52429,卖盘
77,09:34:30,10.28,0.0,20,20560,卖盘
78,09:34:33,10.28,0.0,20,20560,卖盘
79,09:34:37,10.28,0.0,19,19419,卖盘
80,09:34:45,10.28,0.0,61,62697,买盘
81,09:34:48,10.27,-0.01,21,21568,卖盘
82,09:34:51,10.27,0.0,1,1027,卖盘
83,09:34:57,10.27,0.0,70,71890,卖盘
84,09:35:01,10.28,0.01,36,37008,买盘
85,09:35:04,10.27,-0.01,1024,1051761,卖盘
86,09:35:06,10.25,-0.02,73,74845,卖盘
87,09:35:09,10.25,0.0,16,16400,卖盘
88,09:35:13,10.24,-0.01,9,9216,卖盘
89,09:35:16,10.23,-0.01,11,11255,卖盘
90,09:35:18,10.23,0.0,1,1023,卖盘
91,09:35:22,10.24,0.01,23,23545,买盘
92,09:35:24,10.24,0.0,7,7168,卖盘
93,09:35:27,10.23,-0.01,30,30699,卖盘
94,09:35:30,10.23,0.0,60,61334,卖盘
95,09:35:36,10.23,0.0,15,15348,卖盘
96,09:35:39,10.23,0.0,6,6138,卖盘
97,09:35:42,10.23,0.0,58,59334,卖盘
98,09:35:45,10.24,0.01,10,10237,买盘
99,09:35:51,10.24,0.0,3,3072,卖盘
100,09:35:55,10.24,0.0,2,2048,卖盘
101,09:36:00,10.24,0.0,10,10240,卖盘
102,09:36:04,10.24,0.0,16,16384,卖盘
103,09:36:06,10.24,0.0,2,2048,卖盘
104,09:36:09,10.24,0.0,45,46080,卖盘
105,09:36:13,10.24,0.0,15,15360,卖盘
106,09:36:25,10.22,-0.02,41,41969,卖盘
107,09:36:27,10.23,0.01,1,1023,中性盘
108,09:36:33,10.23,0.0,31,31713,卖盘
109,09:36:36,10.24,0.01,52,53230,买盘
110,09:36:42,10.24,0.0,28,28672,买盘
111,09:36:49,10.24,0.0,2,2048,买盘
112,09:36:57,10.24,0.0,20,20480,买盘
113,09:37:00,10.25,0.01,5,5124,买盘
114,09:37:04,10.25,0.0,51,52275,买盘
115,09:37:09,10.24,-0.01,30,30720,卖盘
116,09:37:19,10.25,0.01,130,133240,买盘
117,09:37:21,10.24,-0.01,47,48138,卖盘
118,09:37:25,10.24,0.0,21,21523,卖盘
119,09:37:27,10.25,0.01,1,1025,买盘
120,09:37:34,10.24,-0.01,35,35840,卖盘
121,09:37:36,10.25,0.01,18,18450,买盘
122,09:37:40,10.25,0.0,5,5125,卖盘
123,09:37:48,10.25,0.0,10,10250,卖盘
124,09:37:51,10.26,0.01,1,1026,买盘
125,09:37:54,10.25,-0.01,17,17425,卖盘
126,09:37:57,10.26,0.01,3,3078,买盘
127,09:38:00,10.26,0.0,2,2052,买盘
128,09:38:06,10.26,0.0,8,8208,买盘
129,09:38:18,10.26,0.0,43,44118,买盘
130,09:38:30,10.26,0.0,119,122075,买盘
131,09:38:33,10.25,-0.01,22,22550,卖盘
132,09:38:45,10.26,0.01,20,20520,买盘
133,09:38:48,10.25,-0.01,32,32812,卖盘
134,09:38:54,10.25,0.0,1,1025,卖盘
135,09:39:00,10.25,0.0,1,1025,卖盘
136,09:39:03,10.25,0.0,23,23575,卖盘
137,09:39:07,10.25,0.0,2,2050,卖盘
138,09:39:13,10.25,0.0,28,28700,卖盘
139,09:39:15,10.25,0.0,172,176300,卖盘
140,09:39:21,10.24,-0.01,403,412672,卖盘
141,09:39:25,10.23,-0.01,41,41943,卖盘
142,09:39:30,10.23,0.0,29,29667,买盘
143,09:39:33,10.23,0.0,3,3069,买盘
144,09:39:42,10.23,0.0,3,3069,买盘
145,09:39:46,10.23,0.0,10,10230,买盘
146,09:39:48,10.23,0.0,12,12276,买盘
147,09:39:51,10.22,-0.01,16,16367,卖盘
148,09:40:04,10.23,0.01,14,14321,买盘
149,09:40:09,10.23,0.0,10,10230,卖盘
150,09:40:12,10.23,0.0,18,18414,卖盘
151,09:40:18,10.24,0.01,25,25600,买盘
152,09:40:21,10.23,-0.01,6,6138,卖盘
153,09:40:30,10.24,0.01,13,13312,买盘
154,09:40:33,10.24,0.0,63,64512,买盘
155,09:40:36,10.25,0.01,149,153063,买盘
156,09:40:45,10.25,0.0,4,4100,卖盘
157,09:40:48,10.26,0.01,5,5130,买盘
158,09:40:51,10.25,-0.01,219,224476,卖盘
159,09:41:01,10.25,0.0,20,20169,卖盘
160,09:41:09,10.25,0.0,11,11275,买盘
161,09:41:15,10.25,0.0,41,42363,买盘
162,09:41:27,10.25,0.0,5,5125,卖盘
163,09:41:30,10.25,0.0,1,697,卖盘
164,09:41:39,10.25,0.0,1,1025,卖盘
165,09:41:42,10.26,0.01,4,4103,买盘
166,09:41:51,10.26,0.0,17,17442,买盘
167,09:42:09,10.26,0.0,30,30780,买盘
168,09:42:13,10.24,-0.02,116,119115,卖盘
169,09:42:18,10.24,0.0,5,5120,卖盘
170,09:42:21,10.24,0.0,32,32543,卖盘
171,09:42:27,10.24,0.0,20,20705,买盘
172,09:42:30,10.24,0.0,1,799,买盘
173,09:42:37,10.24,0.0,1,1249,买盘
174,09:42:42,10.24,0.0,15,15360,卖盘
175,09:42:51,10.24,0.0,74,75551,卖盘
176,09:43:03,10.23,-0.01,1,1023,卖盘
177,09:43:09,10.23,0.0,20,20460,卖盘
178,09:43:15,10.23,0.0,7,7161,卖盘
179,09:43:21,10.23,0.0,93,95139,卖盘
180,09:43:27,10.22,-0.01,1,1022,卖盘
181,09:43:30,10.22,0.0,75,76677,卖盘
182,09:43:36,10.22,0.0,10,10220,买盘
183,09:43:45,10.22,0.0,2,2044,买盘
184,09:43:57,10.22,0.0,16,16321,买盘
185,09:44:00,10.23,0.01,1,1023,买盘
186,09:44:04,10.23,0.0,84,85863,买盘
187,09:44:21,10.23,0.0,104,106319,买盘
188,09:44:24,10.22,-0.01,43,43946,卖盘
189,09:44:31,10.22,0.0,29,29607,买盘
190,09:44:33,10.21,-0.01,18,18384,卖盘
191,09:44:48,10.2,-0.01,223,227622,卖盘
192,09:44:52,10.19,-0.01,1,1019,卖盘
193,09:44:57,10.19,0.0,6,6114,卖盘
194,09:45:04,10.19,0.0,1,1019,卖盘
195,09:45:06,10.19,0.0,2,2038,卖盘
196,09:45:09,10.19,0.0,7,7133,卖盘
197,09:45:12,10.19,0.0,18,18342,买盘
198,09:45:16,10.18,-0.01,20,20375,卖盘
199,09:45:19,10.17,-0.01,132,134325,卖盘
200,09:45:21,10.17,0.0,6,6101,买盘
201,09:45:27,10.17,0.0,14,14238,买盘
202,09:45:30,10.17,0.0,106,107802,买盘
203,09:45:33,10.17,0.0,65,66105,买盘
204,09:45:36,10.19,0.02,21,21399,买盘
205,09:45:45,10.17,-0.02,1,915,卖盘
206,09:45:48,10.19,0.02,30,30570,买盘
207,09:45:51,10.19,0.0,6,6114,买盘
208,09:45:54,10.19,0.0,10,10190,买盘
209,09:46:00,10.19,0.0,113,115147,买盘
210,09:46:18,10.2,0.01,4,4080,买盘
211,09:46:21,10.2,0.0,35,35700,买盘
212,09:46:27,10.2,0.0,29,29580,买盘
213,09:46:37,10.2,0.0,113,115229,买盘
214,09:46:51,10.22,0.02,1,1022,买盘
215,09:46:58,10.21,-0.01,51,52071,卖盘
216,09:47:09,10.2,-0.01,15,15300,卖盘
217,09:47:12,10.21,0.01,152,155192,买盘
218,09:47:25,10.21,0.0,1,1021,买盘
219,09:47:33,10.21,0.0,3,3063,买盘
220,09:47:36,10.21,0.0,1,1021,买盘
221,09:47:42,10.21,0.0,10,10210,卖盘
222,09:47:49,10.22,0.01,1,1022,买盘
223,09:47:57,10.22,0.0,3,3066,买盘
224,09:48:00,10.22,0.0,1,1022,买盘
225,09:48:03,10.22,0.0,3,3065,买盘
226,09:48:36,10.21,-0.01,2,2042,卖盘
227,09:48:39,10.21,0.0,10,10210,卖盘
228,09:48:48,10.21,0.0,15,15315,卖盘
229,09:48:51,10.21,0.0,65,66365,卖盘
230,09:48:57,10.21,0.0,27,27567,卖盘
231,09:49:00,10.21,0.0,5,5105,卖盘
232,09:49:04,10.21,0.0,2,2042,卖盘
233,09:49:06,10.21,0.0,74,75554,卖盘
234,09:49:09,10.21,0.0,5,5105,中性盘
235,09:49:24,10.22,0.01,160,163520,买盘
236,09:49:27,10.21,-0.01,18,18378,卖盘
237,09:49:33,10.22,0.01,2,2044,中性盘
238,09:49:45,10.21,-0.01,6,6131,卖盘
239,09:50:00,10.22,0.01,39,39858,买盘
240,09:50:04,10.22,0.0,8,8176,买盘
241,09:50:06,10.22,0.0,138,141036,卖盘
242,09:50:09,10.22,0.0,15,15330,买盘
243,09:50:12,10.23,0.01,5,5115,买盘
244,09:50:24,10.22,-0.01,97,99134,卖盘
245,09:50:33,10.22,0.0,13,13286,卖盘
246,09:50:39,10.21,-0.01,4,4084,卖盘
247,09:50:42,10.21,0.0,42,42902,卖盘
248,09:50:45,10.21,0.0,8,8168,卖盘
249,09:50:51,10.22,0.01,123,125706,买盘
250,09:51:00,10.21,-0.01,63,64323,卖盘
251,09:51:15,10.21,0.0,255,260355,卖盘
252,09:51:18,10.21,0.0,50,51050,买盘
253,09:51:21,10.21,0.0,16,16336,卖盘
254,09:51:24,10.21,0.0,8,8168,卖盘
255,09:51:27,10.21,0.0,7,7147,卖盘
256,09:51:31,10.21,0.0,16,16336,卖盘
257,09:51:52,10.2,-0.01,1,1020,卖盘
258,09:51:54,10.2,0.0,1,1020,卖盘
259,09:52:00,10.2,0.0,1,1020,卖盘
260,09:52:09,10.2,0.0,3,3060,卖盘
261,09:52:12,10.2,0.0,422,430756,卖盘
262,09:52:15,10.2,0.0,2,1724,卖盘
263,09:52:21,10.19,-0.01,72,73241,卖盘
264,09:52:27,10.19,0.0,56,56595,卖盘
265,09:52:36,10.18,-0.01,20,20360,卖盘
266,09:52:42,10.19,0.01,34,34646,买盘
267,09:52:45,10.19,0.0,15,15285,买盘
268,09:52:54,10.19,0.0,35,35665,买盘
269,09:53:00,10.19,0.0,10,10190,买盘
270,09:53:12,10.19,0.0,32,32608,买盘
271,09:53:15,10.18,-0.01,1,1018,卖盘
272,09:53:18,10.19,0.01,23,23437,买盘
273,09:53:22,10.18,-0.01,10,10180,卖盘
274,09:53:27,10.19,0.01,1,1019,买盘
275,09:53:30,10.19,0.0,12,12228,买盘
276,09:53:33,10.19,0.0,1,1019,买盘
277,09:53:36,10.19,0.0,34,34646,买盘
278,09:53:40,10.19,0.0,10,10190,买盘
279,09:53:42,10.19,0.0,2,2038,买盘
280,09:53:49,10.19,0.0,5,5095,买盘
281,09:53:51,10.19,0.0,34,35115,买盘
282,09:53:58,10.19,0.0,15,15285,卖盘
283,09:54:09,10.19,0.0,12,12228,卖盘
284,09:54:18,10.19,0.0,329,335380,卖盘
285,09:54:24,10.2,0.01,1,1020,买盘
286,09:54:33,10.19,-0.01,20,20380,卖盘
287,09:54:48,10.19,0.0,2,2038,卖盘
288,09:55:04,10.2,0.01,10,10200,买盘
289,09:55:06,10.19,-0.01,18,18342,卖盘
290,09:55:15,10.2,0.01,50,51000,买盘
291,09:55:18,10.2,0.0,1,1020,买盘
292,09:55:24,10.17,-0.03,300,305397,卖盘
293,09:55:28,10.19,0.02,8,8152,中性盘
294,09:55:31,10.19,0.0,29,29551,卖盘
295,09:55:33,10.19,0.0,72,73418,卖盘
296,09:55:37,10.19,0.0,2,2038,卖盘
297,09:55:39,10.17,-0.02,2,1536,卖盘
298,09:55:51,10.18,0.01,5,5090,买盘
299,09:56:04,10.18,0.0,1,1018,卖盘
300,09:56:06,10.18,0.0,25,25455,卖盘
301,09:56:09,10.18,0.0,3,3054,卖盘
302,09:56:18,10.19,0.01,31,31589,买盘
303,09:56:36,10.18,-0.01,11,11208,卖盘
304,09:56:39,10.2,0.02,22,22419,买盘
305,09:56:51,10.19,-0.01,73,74450,卖盘
306,09:56:54,10.2,0.01,7,7140,买盘
307,09:57:00,10.19,-0.01,154,157070,卖盘
308,09:57:04,10.2,0.01,1,1020,买盘
309,09:57:18,10.16,-0.04,999,1016584,卖盘
310,09:57:30,10.16,0.0,6,5679,买盘
311,09:57:39,10.18,0.02,4,4072,买盘
312,09:57:48,10.18,0.0,1,1018,买盘
313,09:57:51,10.17,-0.01,10,10170,卖盘
314,09:57:57,10.18,0.01,11,11198,买盘
315,09:58:04,10.2,0.02,30,30600,买盘
316,09:58:09,10.2,0.0,8,8160,买盘
317,09:58:15,10.2,0.0,50,51000,买盘
318,09:58:18,10.2,0.0,506,516381,买盘
319,09:58:30,10.2,0.0,55,56100,卖盘
320,09:58:33,10.21,0.01,140,142940,买盘
321,09:58:46,10.21,0.0,125,127625,卖盘
322,09:58:49,10.21,0.0,8,8158,卖盘
323,09:58:51,10.21,0.0,3,3063,买盘
324,09:58:57,10.21,0.0,3,3063,买盘
325,09:59:00,10.21,0.0,3,3063,买盘
326,09:59:03,10.22,0.01,80,81692,买盘
327,09:59:09,10.21,-0.01,2,2042,卖盘
328,09:59:13,10.21,0.0,4,4217,卖盘
329,09:59:15,10.21,0.0,41,41718,卖盘
330,09:59:21,10.21,0.0,2,2042,买盘
331,09:59:24,10.21,0.0,16,16336,买盘
332,09:59:30,10.2,-0.01,20,20400,卖盘
333,09:59:33,10.2,0.0,1,1020,卖盘
334,09:59:36,10.21,0.01,47,47987,买盘
335,09:59:43,10.2,-0.01,3,3060,卖盘
336,09:59:49,10.22,0.02,10,10355,买盘
337,09:59:52,10.2,-0.02,6,6123,卖盘
338,10:00:00,10.21,0.01,5,5105,买盘
339,10:00:06,10.21,0.0,19,19399,卖盘
340,10:00:15,10.21,0.0,2,2042,卖盘
341,10:00:21,10.21,0.0,24,24504,卖盘
342,10:00:39,10.21,0.0,24,24504,买盘
343,10:00:43,10.21,0.0,59,60221,卖盘
344,10:00:48,10.2,-0.01,49,49980,卖盘
345,10:00:51,10.19,-0.01,1,1010,买盘
346,10:01:57,10.2,0.01,1,1020,中性盘
347,10:02:00,10.2,0.0,5,5100,买盘
348,10:02:06,10.2,0.0,1,1020,买盘
349,10:02:12,10.2,0.0,10,10200,买盘
350,10:02:18,10.19,-0.01,58,59102,卖盘
351,10:02:21,10.19,0.0,20,20380,卖盘
352,10:02:30,10.2,0.01,2,2040,买盘
353,10:02:45,10.2,0.0,10,10200,买盘
354,10:02:48,10.2,0.0,10,10200,买盘
355,10:03:00,10.2,0.0,5,5100,买盘
356,10:03:12,10.19,-0.01,2,2038,卖盘
357,10:03:24,10.2,0.01,32,32640,买盘
358,10:03:37,10.19,-0.01,1,1019,卖盘
359,10:03:39,10.19,0.0,1,1019,卖盘
360,10:03:42,10.19,0.0,6,6114,卖盘
361,10:03:48,10.19,0.0,9,9151,卖盘
362,10:03:54,10.2,0.01,3,3060,买盘
363,10:04:27,10.19,-0.01,1,520,卖盘
364,10:04:30,10.2,0.01,50,51000,买盘
365,10:04:48,10.2,0.0,34,34680,买盘
366,10:04:57,10.2,0.0,16,16554,买盘
367,10:05:27,10.2,0.0,94,95880,买盘
368,10:05:34,10.2,0.0,1,1020,卖盘
369,10:05:45,10.2,0.0,32,32640,卖盘
370,10:05:48,10.2,0.0,3,3060,卖盘
371,10:05:51,10.2,0.0,2,2040,买盘
372,10:05:57,10.2,0.0,11,11220,买盘
373,10:06:09,10.19,-0.01,5,5095,卖盘
374,10:06:12,10.19,0.0,8,8152,卖盘
375,10:06:18,10.19,0.0,22,22418,卖盘
376,10:06:21,10.2,0.01,5,5100,买盘
377,10:06:36,10.19,0.0,14,14278,卖盘
378,10:06:42,10.19,0.0,70,71330,卖盘
379,10:06:45,10.18,-0.01,22,22413,卖盘
380,10:06:52,10.19,0.01,10,10190,中性盘
381,10:06:55,10.19,0.0,1,1019,卖盘
382,10:06:57,10.19,0.0,1,1019,卖盘
383,10:07:21,10.19,0.0,2,2038,买盘
384,10:07:31,10.19,0.0,1,1019,卖盘
385,10:08:01,10.18,-0.01,200,203641,卖盘
386,10:08:04,10.18,0.0,2,1456,卖盘
387,10:08:06,10.19,0.01,10,10190,卖盘
388,10:08:09,10.19,0.0,5,5095,买盘
389,10:08:12,10.19,0.0,3,3057,买盘
390,10:08:15,10.2,0.01,10,10200,买盘
391,10:08:24,10.19,-0.01,7,7138,卖盘
392,10:08:36,10.2,0.01,264,269280,买盘
393,10:08:46,10.21,0.01,3,3063,买盘
394,10:09:09,10.2,-0.01,4,4080,卖盘
395,10:09:15,10.2,0.0,137,139740,卖盘
396,10:09:25,10.2,0.0,4,4080,买盘
397,10:09:28,10.2,0.0,1,1020,卖盘
398,10:09:36,10.21,0.01,18,18366,买盘
399,10:10:04,10.19,0.0,1,652,卖盘
400,10:10:06,10.2,0.01,1,1020,买盘
401,10:10:09,10.19,-0.01,30,30570,卖盘
402,10:10:13,10.2,0.01,3,3060,卖盘
403,10:10:16,10.2,0.0,1,1020,买盘
404,10:10:18,10.2,0.0,4,4080,买盘
405,10:10:21,10.2,0.0,1,1020,卖盘
406,10:10:51,10.2,0.0,10,10200,卖盘
407,10:11:00,10.2,0.0,12,12240,卖盘
408,10:11:04,10.2,0.0,11,11220,买盘
409,10:11:21,10.2,0.01,8,8160,买盘
410,10:11:24,10.21,0.01,5,5105,买盘
411,10:11:30,10.2,-0.01,1,734,卖盘
412,10:11:42,10.21,0.01,11,11231,买盘
413,10:12:06,10.2,-0.01,12,12526,卖盘
414,10:12:18,10.19,-0.01,1,285,卖盘
415,10:12:24,10.2,0.01,5,5100,买盘
416,10:12:27,10.19,-0.01,1,1019,卖盘
417,10:13:00,10.19,0.0,24,24456,卖盘
418,10:13:04,10.2,0.01,13,13259,买盘
419,10:13:12,10.2,0.0,20,20400,买盘
420,10:13:18,10.2,0.0,2,2040,买盘
421,10:13:22,10.19,-0.01,18,18342,卖盘
422,10:13:24,10.2,0.01,5,5100,买盘
423,10:13:42,10.2,0.0,19,19380,买盘
424,10:13:45,10.2,0.0,5,5100,买盘
425,10:14:18,10.2,0.01,6,6120,买盘
426,10:15:00,10.2,0.0,8,8160,买盘
427,10:15:03,10.2,0.0,5,5100,买盘
428,10:15:18,10.19,-0.01,4,4076,卖盘
429,10:15:24,10.19,0.0,11,11438,卖盘
430,10:15:30,10.2,0.01,6,6120,买盘
431,10:15:40,10.2,0.0,6,6120,买盘
432,10:15:46,10.2,0.0,1,1020,买盘
433,10:15:54,10.19,0.0,5,5095,卖盘
434,10:16:00,10.2,0.01,1,1020,买盘
435,10:16:09,10.19,-0.01,280,285310,卖盘
436,10:16:15,10.19,0.0,13,13252,买盘
437,10:16:21,10.19,0.0,2,2038,买盘
438,10:16:24,10.19,0.0,3,3057,卖盘
439,10:17:12,10.18,-0.01,28,28504,卖盘
440,10:17:21,10.19,0.01,5,5095,买盘
441,10:17:24,10.18,-0.01,179,182222,卖盘
442,10:17:27,10.18,0.0,3,3054,卖盘
443,10:17:30,10.18,0.0,1,1018,卖盘
444,10:17:33,10.18,0.0,2,2036,卖盘
445,10:17:36,10.18,0.0,1,682,卖盘
446,10:17:57,10.18,0.0,1,1018,卖盘
447,10:18:00,10.18,0.0,10,10180,卖盘
448,10:18:09,10.19,0.01,200,203800,买盘
449,10:18:18,10.19,0.0,2,2038,买盘
450,10:18:22,10.19,0.0,1,1019,买盘
451,10:18:24,10.19,0.0,35,35635,买盘
452,10:18:30,10.2,0.01,95,96876,买盘
453,10:18:33,10.18,-0.02,8,8144,卖盘
454,10:18:36,10.17,-0.01,300,305334,卖盘
455,10:18:54,10.17,0.0,3,3051,卖盘
456,10:19:19,10.19,0.02,5,5095,买盘
457,10:19:30,10.17,-0.02,1,1017,卖盘
458,10:19:39,10.17,0.0,1,763,卖盘
459,10:19:42,10.19,0.02,12,12218,买盘
460,10:20:00,10.2,0.01,95,96812,买盘
461,10:20:24,10.2,0.03,15,15287,买盘
462,10:20:27,10.17,-0.03,18,18306,卖盘
463,10:20:54,10.19,0.02,4,4076,买盘
464,10:20:57,10.18,-0.01,13,13245,卖盘
465,10:21:12,10.2,0.02,12,12230,买盘
466,10:21:24,10.2,0.0,5,5100,买盘
467,10:21:37,10.2,0.0,10,10200,买盘
468,10:21:51,10.18,-0.02,1,275,卖盘
469,10:22:00,10.2,0.02,11,11220,买盘
470,10:22:12,10.2,0.0,1,1020,买盘
471,10:22:21,10.2,0.0,5,5100,买盘
472,10:22:24,10.2,0.0,5,5100,买盘
473,10:22:34,10.18,-0.02,1,1018,卖盘
474,10:22:36,10.2,0.02,13,13256,买盘
475,10:22:48,10.19,-0.01,10,10190,卖盘
476,10:23:04,10.19,0.0,103,104957,卖盘
477,10:23:06,10.19,0.0,21,21399,卖盘
478,10:23:09,10.18,-0.01,2,2036,卖盘
479,10:23:15,10.19,0.01,9,9354,买盘
480,10:23:24,10.19,0.0,5,5095,买盘
481,10:23:52,10.18,-0.01,50,50900,卖盘
482,10:23:57,10.19,0.01,7,7449,买盘
483,10:24:18,10.19,0.0,79,80501,买盘
484,10:24:24,10.2,0.01,6,6120,买盘
485,10:24:27,10.19,-0.01,13,13247,卖盘
486,10:24:33,10.2,0.01,19,19380,买盘
487,10:24:48,10.17,-0.03,300,305360,卖盘
488,10:24:51,10.19,0.02,1,1019,中性盘
489,10:24:54,10.19,0.0,4,4076,卖盘
490,10:25:21,10.19,0.0,7,7133,买盘
491,10:25:30,10.17,-0.02,1,163,卖盘
492,10:25:39,10.18,0.01,5,5090,卖盘
493,10:26:27,10.19,0.02,5,5095,买盘
494,10:26:33,10.19,0.0,17,17323,买盘
495,10:27:06,10.18,-0.01,33,33594,卖盘
496,10:27:19,10.18,0.0,1,692,卖盘
497,10:27:24,10.19,0.01,5,5095,买盘
498,10:27:27,10.18,-0.01,1,1018,卖盘
499,10:27:30,10.18,0.0,2,2036,卖盘
500,10:27:42,10.2,0.02,19,19362,买盘
501,10:27:45,10.18,-0.02,18,18324,卖盘
502,10:27:51,10.18,0.0,2,2036,卖盘
503,10:28:06,10.19,0.01,3,3057,买盘
504,10:28:18,10.18,0.0,1,1018,卖盘
505,10:28:21,10.18,0.0,1,407,卖盘
506,10:28:24,10.19,0.01,5,5095,买盘
507,10:28:27,10.19,0.0,4,4076,买盘
508,10:28:30,10.18,-0.01,1,1018,卖盘
509,10:28:57,10.19,0.01,28,28532,买盘
510,10:29:04,10.18,-0.01,1,1018,卖盘
511,10:29:24,10.2,0.02,5,5100,买盘
512,10:29:30,10.19,-0.01,23,23437,卖盘
513,10:29:33,10.19,0.0,6,6114,买盘
514,10:29:36,10.19,0.0,1,1019,买盘
515,10:29:48,10.19,0.0,8,8152,买盘
516,10:30:03,10.19,0.0,3,3057,卖盘
517,10:30:06,10.19,0.0,3,3057,买盘
518,10:30:09,10.19,0.0,3,3057,买盘
519,10:30:15,10.19,0.0,5,5095,买盘
520,10:30:21,10.19,0.0,16,16304,买盘
521,10:30:30,10.18,0.0,2,2036,卖盘
522,10:30:33,10.18,0.0,1,1018,卖盘
523,10:30:39,10.19,0.01,19,19361,买盘
524,10:30:48,10.19,0.0,6,5808,卖盘
525,10:30:57,10.2,0.01,11,11220,买盘
526,10:31:18,10.2,0.01,5,5100,买盘
527,10:31:30,10.19,-0.01,1,1019,卖盘
528,10:31:36,10.2,0.01,10,10200,买盘
529,10:31:51,10.2,0.0,12,12240,买盘
530,10:31:57,10.2,0.0,34,34874,买盘
531,10:32:00,10.19,-0.01,1,1019,卖盘
532,10:32:13,10.2,0.01,8,8160,买盘
533,10:32:16,10.19,-0.01,1,1019,卖盘
534,10:32:27,10.2,0.01,26,26520,买盘
535,10:32:30,10.19,-0.01,2,2038,卖盘
536,10:32:51,10.19,0.0,10,10190,卖盘
537,10:33:21,10.2,0.01,5,5100,买盘
538,10:33:27,10.19,-0.01,1,1019,卖盘
539,10:33:30,10.19,0.0,2,2038,卖盘
540,10:33:42,10.19,0.0,2,2038,卖盘
541,10:33:51,10.2,0.01,21,21420,买盘
542,10:34:27,10.2,0.0,8,8160,买盘
543,10:34:30,10.19,-0.01,19,19361,卖盘
544,10:34:42,10.19,0.0,1,530,卖盘
545,10:35:18,10.2,0.01,21,21420,买盘
546,10:35:27,10.2,0.0,5,5100,买盘
547,10:35:30,10.19,-0.01,2,2038,卖盘
548,10:35:33,10.2,0.01,1,1020,买盘
549,10:35:36,10.2,0.0,3,3060,买盘
550,10:35:45,10.2,0.0,163,166260,买盘
551,10:36:09,10.2,0.0,10,10200,买盘
552,10:36:18,10.2,0.0,50,51000,买盘
553,10:36:24,10.2,0.0,5,5100,买盘
554,10:36:30,10.19,-0.01,2,2038,卖盘
555,10:36:39,10.2,0.01,5,5100,买盘
556,10:36:42,10.2,0.0,10,10200,买盘
557,10:36:48,10.2,0.0,4,4080,买盘
558,10:36:51,10.2,0.0,5,5100,买盘
559,10:36:57,10.2,0.0,27,27540,买盘
560,10:37:06,10.19,-0.01,35,35667,卖盘
561,10:37:18,10.2,0.01,5,5100,买盘
562,10:37:21,10.19,-0.01,1,887,卖盘
563,10:37:27,10.2,0.01,97,98654,买盘
564,10:37:30,10.21,0.01,12,12250,买盘
565,10:37:45,10.2,-0.01,2,2040,卖盘
566,10:38:00,10.21,0.01,3,3063,买盘
567,10:38:03,10.2,-0.01,3,3060,卖盘
568,10:38:09,10.21,0.01,38,38798,买盘
569,10:38:12,10.21,0.0,10,10210,买盘
570,10:38:19,10.21,0.0,43,43903,买盘
571,10:38:22,10.21,0.0,5,5105,买盘
572,10:38:30,10.2,-0.01,2,2040,卖盘
573,10:38:39,10.2,0.0,6,6008,卖盘
574,10:38:51,10.21,0.01,11,11231,买盘
575,10:38:54,10.21,0.0,9,9189,买盘
576,10:38:58,10.21,0.0,8,8168,买盘
577,10:39:00,10.21,0.0,6,6126,买盘
578,10:39:04,10.21,0.0,22,22462,买盘
579,10:39:06,10.21,0.0,216,220536,买盘
580,10:39:12,10.2,-0.01,500,510000,卖盘
581,10:39:21,10.22,0.02,5,5110,买盘
582,10:39:24,10.21,-0.01,2,2042,卖盘
583,10:39:30,10.2,-0.01,1,1020,卖盘
584,10:39:37,10.22,0.02,12,12260,买盘
585,10:39:45,10.21,-0.01,30,30630,买盘
586,10:40:03,10.2,0.0,1,1020,卖盘
587,10:40:13,10.22,0.02,24,24521,买盘
588,10:40:24,10.2,-0.02,6,6064,卖盘
589,10:40:30,10.2,0.0,2,2040,卖盘
590,10:41:15,10.21,0.01,50,51050,买盘
591,10:41:28,10.21,0.0,5,5105,买盘
592,10:41:31,10.2,-0.01,2,2040,卖盘
593,10:41:39,10.21,0.01,5,5105,买盘
594,10:41:42,10.21,0.0,59,60230,买盘
595,10:41:45,10.21,0.0,24,23717,买盘
596,10:42:12,10.21,0.0,20,20420,买盘
597,10:42:18,10.2,-0.01,7,7044,卖盘
598,10:42:24,10.21,0.01,5,5105,买盘
599,10:42:30,10.2,-0.01,1,1020,卖盘
600,10:42:33,10.21,0.01,30,30630,买盘
601,10:43:00,10.2,-0.01,2,2040,卖盘
602,10:43:04,10.2,0.0,18,18360,卖盘
603,10:43:12,10.21,0.01,11,11231,买盘
604,10:43:25,10.21,0.0,5,5105,买盘
605,10:43:27,10.2,-0.01,1,1020,卖盘
606,10:43:30,10.2,0.0,2,2040,卖盘
607,10:43:39,10.2,0.0,7,7140,卖盘
608,10:44:00,10.21,0.01,23,23473,买盘
609,10:44:22,10.2,0.0,3,3060,卖盘
610,10:44:25,10.2,0.0,2,2040,卖盘
611,10:44:30,10.2,0.0,10,10206,卖盘
612,10:44:39,10.2,0.0,8,8160,卖盘
613,10:44:45,10.2,0.0,3,3060,卖盘
614,10:44:48,10.2,0.0,204,207896,卖盘
615,10:44:51,10.19,-0.01,40,40765,卖盘
616,10:45:09,10.19,0.0,11,11209,卖盘
617,10:45:12,10.19,0.0,12,12228,卖盘
618,10:45:15,10.19,0.0,26,26494,卖盘
619,10:45:18,10.19,0.0,54,55026,卖盘
620,10:45:21,10.19,0.0,11,11097,卖盘
621,10:45:24,10.19,0.0,5,5095,买盘
622,10:45:30,10.18,-0.01,6,6113,卖盘
623,10:45:36,10.18,0.0,53,53954,卖盘
624,10:45:43,10.18,0.0,3,3054,卖盘
625,10:45:45,10.18,0.0,5,5090,卖盘
626,10:45:48,10.18,0.0,5,5090,卖盘
627,10:46:00,10.18,0.0,10,10180,卖盘
628,10:46:13,10.19,0.01,28,28532,买盘
629,10:46:16,10.19,0.0,4,4076,卖盘
630,10:46:19,10.19,0.0,3,3057,卖盘
631,10:46:27,10.2,0.01,5,5100,买盘
632,10:46:31,10.19,-0.01,2,2038,卖盘
633,10:46:42,10.19,0.0,3,3057,卖盘
634,10:47:01,10.19,0.0,3,3057,卖盘
635,10:47:06,10.19,0.0,12,12228,卖盘
636,10:47:15,10.19,0.0,3,3057,卖盘
637,10:47:18,10.19,0.0,1,1009,卖盘
638,10:47:24,10.19,0.0,2,1926,卖盘
639,10:47:30,10.2,0.01,5,5100,买盘
640,10:47:45,10.19,-0.01,3,3057,卖盘
641,10:47:54,10.19,0.0,2,2038,卖盘
642,10:48:33,10.2,0.01,5,5100,买盘
643,10:49:24,10.2,0.0,5,5100,买盘
644,10:49:27,10.19,-0.01,1,1019,卖盘
645,10:49:33,10.19,0.0,10,10190,卖盘
646,10:49:39,10.19,0.0,34,34646,卖盘
647,10:49:42,10.18,-0.01,167,170106,卖盘
648,10:49:45,10.18,0.0,32,32576,卖盘
649,10:49:48,10.18,0.0,3,3176,卖盘
650,10:49:57,10.18,0.0,7,6726,买盘
651,10:50:09,10.18,0.0,7,7004,买盘
652,10:50:12,10.18,0.0,2,2036,卖盘
653,10:50:15,10.18,0.0,1,957,卖盘
654,10:50:18,10.18,0.0,3,3054,卖盘
655,10:50:21,10.19,0.01,5,5095,买盘
656,10:50:24,10.18,-0.01,3,3054,卖盘
657,10:50:27,10.18,0.0,1,1018,卖盘
658,10:50:39,10.18,0.0,18,18324,卖盘
659,10:51:00,10.18,0.0,3,3054,卖盘
660,10:51:06,10.18,0.0,3,3054,卖盘
661,10:51:09,10.18,0.0,93,94450,卖盘
662,10:51:22,10.17,-0.01,3,3051,卖盘
663,10:51:31,10.18,0.01,11,11198,买盘
664,10:51:33,10.17,-0.01,2,2034,卖盘
665,10:51:39,10.17,0.0,3,3051,卖盘
666,10:51:45,10.17,0.0,15,15255,卖盘
667,10:51:55,10.17,0.0,3,3051,卖盘
668,10:52:00,10.17,0.0,2,2034,卖盘
669,10:52:06,10.17,0.0,3,3051,卖盘
670,10:52:21,10.18,0.01,8,8141,买盘
671,10:52:30,10.18,0.0,101,102021,买盘
672,10:52:36,10.18,0.0,3,3054,卖盘
673,10:52:54,10.18,0.0,3,3054,卖盘
674,10:53:00,10.18,0.0,73,74379,卖盘
675,10:53:09,10.18,0.0,100,102686,卖盘
676,10:53:12,10.18,0.0,3,3054,卖盘
677,10:53:15,10.18,0.0,4,4072,卖盘
678,10:53:18,10.18,0.0,26,26468,卖盘
679,10:53:21,10.18,0.0,1,926,买盘
680,10:53:27,10.18,0.0,3,3146,买盘
681,10:53:30,10.18,0.0,1,1018,卖盘
682,10:53:33,10.2,0.02,6,6021,买盘
683,10:54:06,10.18,-0.02,2,2036,买盘
684,10:54:18,10.18,0.0,3,3054,买盘
685,10:54:21,10.19,0.01,3,3057,买盘
686,10:54:24,10.19,0.0,3,3057,卖盘
687,10:54:39,10.18,-0.01,4,4072,卖盘
688,10:54:42,10.18,0.0,1,1018,卖盘
689,10:54:45,10.18,0.0,5,5090,卖盘
690,10:55:00,10.18,0.0,1,1161,卖盘
691,10:55:15,10.19,0.01,10,10190,买盘
692,10:55:31,10.19,0.0,5,5095,买盘
693,10:55:57,10.19,0.0,1,1019,买盘
694,10:56:27,10.19,0.0,1,1019,买盘
695,10:56:48,10.19,0.0,4,4076,卖盘
696,10:57:09,10.18,-0.01,1,529,卖盘
697,10:57:12,10.18,0.0,17,17306,卖盘
698,10:57:19,10.19,0.01,14,14266,买盘
699,10:57:21,10.19,0.0,6,6114,卖盘
700,10:57:24,10.18,-0.01,1,998,卖盘
701,10:57:27,10.19,0.01,3,3057,买盘
702,10:57:30,10.19,0.0,2,2038,卖盘
703,10:57:45,10.17,-0.02,34,34600,卖盘
704,10:57:48,10.17,0.0,2,2034,卖盘
705,10:57:54,10.18,0.01,2,2036,卖盘
706,10:58:03,10.17,-0.01,35,35610,卖盘
707,10:58:28,10.17,0.0,2,2034,卖盘
708,10:58:30,10.18,0.01,25,25430,买盘
709,10:58:45,10.17,-0.01,1,590,卖盘
710,10:58:51,10.17,0.0,35,35595,卖盘
711,10:58:57,10.18,0.01,6,6108,买盘
712,10:59:00,10.17,-0.01,6,6106,卖盘
713,10:59:07,10.17,0.0,2,2034,卖盘
714,10:59:15,10.17,0.0,1,1017,卖盘
715,10:59:21,10.18,0.01,5,5090,买盘
716,10:59:42,10.16,-0.02,300,305082,卖盘
717,10:59:45,10.16,0.0,1,1016,卖盘
718,11:00:01,10.16,0.0,10,10160,卖盘
719,11:00:12,10.16,0.0,1,1016,卖盘
720,11:00:21,10.18,0.02,5,5090,买盘
721,11:00:45,10.16,0.0,2,2032,卖盘
722,11:01:16,10.17,0.01,6,6102,卖盘
723,11:01:19,10.17,0.0,5,5085,买盘
724,11:01:22,10.16,-0.01,2,2032,卖盘
725,11:01:25,10.16,0.0,5,5080,卖盘
726,11:01:30,10.17,0.01,5,5085,买盘
727,11:01:36,10.17,0.0,50,50850,买盘
728,11:01:54,10.16,-0.01,2,2032,卖盘
729,11:01:57,10.17,0.01,19,19323,买盘
730,11:02:21,10.18,0.01,6,6107,买盘
731,11:02:24,10.18,0.0,29,29522,买盘
732,11:03:12,10.18,0.0,2,2036,买盘
733,11:03:22,10.17,-0.01,1,610,卖盘
734,11:03:24,10.17,0.0,2,2034,卖盘
735,11:03:30,10.18,0.01,5,5090,买盘
736,11:03:42,10.18,0.0,10,10180,买盘
737,11:03:48,10.17,-0.01,1,1017,卖盘
738,11:04:09,10.17,0.0,1,1017,卖盘
739,11:04:27,10.18,0.01,5,5090,买盘
740,11:04:30,10.18,0.0,6,6108,买盘
741,11:04:33,10.17,-0.01,60,61020,卖盘
742,11:05:01,10.17,0.0,19,19731,卖盘
743,11:05:09,10.17,0.0,4,4068,买盘
744,11:05:21,10.16,-0.01,1,650,卖盘
745,11:05:28,10.17,0.01,5,5085,买盘
746,11:05:30,10.16,-0.01,1,1016,卖盘
747,11:05:45,10.16,0.0,205,208473,卖盘
748,11:05:48,10.16,0.0,5,5080,卖盘
749,11:06:15,10.17,0.01,25,25425,卖盘
750,11:06:27,10.17,0.0,4,3580,卖盘
751,11:06:30,10.17,0.0,23,23373,买盘
752,11:06:36,10.16,-0.01,1,1016,卖盘
753,11:06:39,10.17,0.01,6,6102,买盘
754,11:06:48,10.17,0.0,5,5085,买盘
755,11:07:21,10.16,-0.01,1,1016,卖盘
756,11:07:24,10.17,0.01,5,5085,买盘
757,11:07:42,10.17,0.0,6,6102,买盘
758,11:07:48,10.18,0.01,22,22871,买盘
759,11:07:54,10.17,-0.01,1,631,卖盘
760,11:08:18,10.18,0.01,3,3054,买盘
761,11:08:21,10.18,0.0,10,10180,买盘
762,11:08:27,10.18,0.0,4,4072,买盘
763,11:08:30,10.18,0.0,1,1018,卖盘
764,11:08:36,10.18,0.0,1,1018,卖盘
765,11:08:39,10.19,0.01,5,5492,买盘
766,11:08:45,10.18,-0.01,1,987,中性盘
767,11:08:51,10.18,0.0,9,9193,卖盘
768,11:09:00,10.18,0.0,20,20360,买盘
769,11:09:04,10.18,0.0,2,2036,买盘
770,11:09:21,10.18,0.0,8,8144,买盘
771,11:09:24,10.18,0.0,5,5090,买盘
772,11:10:00,10.17,-0.01,1,1017,卖盘
773,11:10:03,10.17,0.0,1,1017,卖盘
774,11:10:06,10.18,0.01,5,5090,买盘
775,11:10:33,10.18,0.0,5,5090,买盘
776,11:10:51,10.17,-0.01,1,671,卖盘
777,11:11:12,10.18,0.01,5,5090,买盘
778,11:11:21,10.18,0.0,6,6108,买盘
779,11:11:51,10.18,0.0,5,5090,买盘
780,11:11:54,10.18,0.0,1,1018,卖盘
781,11:11:57,10.18,0.0,19,19342,卖盘
782,11:12:06,10.18,0.0,20,20360,卖盘
783,11:12:12,10.17,-0.01,2,2034,卖盘
784,11:12:24,10.18,0.01,10,10175,买盘
785,11:12:27,10.17,-0.01,1,631,卖盘
786,11:12:34,10.17,0.0,9,9153,卖盘
787,11:13:15,10.18,0.01,3,3054,买盘
788,11:13:18,10.18,0.0,1,1018,卖盘
789,11:13:24,10.18,0.0,5,5090,买盘
790,11:13:45,10.18,0.0,8,8144,买盘
791,11:14:27,10.18,0.0,15,15270,买盘
792,11:14:30,10.17,-0.01,19,19323,卖盘
793,11:14:33,10.17,0.0,6,6102,卖盘
794,11:14:36,10.17,0.0,13,13221,卖盘
795,11:14:45,10.17,0.0,5,5085,卖盘
796,11:14:48,10.17,0.0,51,51867,卖盘
797,11:14:51,10.17,0.0,38,38646,卖盘
798,11:14:54,10.17,0.0,60,61020,卖盘
799,11:14:57,10.17,0.0,370,376097,卖盘
800,11:15:00,10.16,-0.01,251,255199,卖盘
801,11:15:03,10.15,-0.01,23,23345,卖盘
802,11:15:07,10.15,0.0,27,27405,卖盘
803,11:15:09,10.16,0.01,14,14215,买盘
804,11:15:12,10.15,-0.01,5,5075,卖盘
805,11:15:15,10.15,0.0,1,518,卖盘
806,11:15:24,10.16,0.01,5,5080,买盘
807,11:15:27,10.15,-0.01,1,1015,卖盘
808,11:15:30,10.15,0.0,2,2030,卖盘
809,11:16:27,10.16,0.01,5,5080,买盘
810,11:16:30,10.15,-0.01,1,1015,卖盘
811,11:16:40,10.16,0.01,10,10413,买盘
812,11:16:43,10.16,0.0,13,13208,买盘
813,11:16:46,10.16,0.0,30,30480,买盘
814,11:16:49,10.16,0.0,36,36576,买盘
815,11:16:52,10.16,0.0,9,9144,买盘
816,11:16:55,10.16,0.0,20,20320,买盘
817,11:17:06,10.16,0.0,11,11176,买盘
818,11:17:12,10.16,0.0,4,4064,买盘
819,11:17:16,10.16,0.0,2,2032,买盘
820,11:17:27,10.16,0.0,16,16256,买盘
821,11:17:30,10.16,0.0,34,34544,买盘
822,11:17:33,10.16,0.0,15,15240,买盘
823,11:17:36,10.16,0.0,5,5080,买盘
824,11:17:45,10.17,0.01,1,1017,买盘
825,11:18:06,10.17,0.0,1,1017,买盘
826,11:18:10,10.16,-0.01,7,7112,卖盘
827,11:18:13,10.15,-0.01,2,2501,卖盘
828,11:18:15,10.17,0.02,32,32544,买盘
829,11:18:30,10.16,-0.01,8,8128,卖盘
830,11:18:33,10.16,0.0,1,1016,卖盘
831,11:18:36,10.17,0.01,1,1017,买盘
832,11:18:43,10.17,0.0,20,20340,买盘
833,11:19:27,10.16,-0.01,2,1768,卖盘
834,11:19:33,10.16,0.0,3,3048,卖盘
835,11:20:04,10.17,0.01,10,10166,买盘
836,11:20:06,10.15,-0.02,1,1015,卖盘
837,11:20:12,10.16,0.01,1,396,卖盘
838,11:20:21,10.15,-0.01,1,1016,买盘
839,11:21:33,10.17,0.02,20,20076,买盘
840,11:21:36,10.15,-0.02,19,19554,买盘
841,11:21:45,10.17,0.02,10,9906,买盘
842,11:21:57,10.17,0.0,5,5085,卖盘
843,11:22:15,10.17,0.0,1,620,卖盘
844,11:22:18,10.17,0.0,2,2420,卖盘
845,11:22:33,10.17,0.0,211,214587,卖盘
846,11:22:36,10.17,0.0,18,18306,卖盘
847,11:22:39,10.17,0.0,15,15255,卖盘
848,11:22:42,10.17,0.0,11,11187,卖盘
849,11:22:45,10.17,0.0,1,1017,卖盘
850,11:22:48,10.17,0.0,2,1688,卖盘
851,11:23:06,10.17,0.0,2,2034,卖盘
852,11:23:21,10.17,0.0,40,40680,卖盘
853,11:23:24,10.18,0.01,5,5090,买盘
854,11:23:33,10.17,-0.01,191,194176,卖盘
855,11:23:36,10.16,-0.01,65,66040,卖盘
856,11:23:39,10.16,0.0,8,8128,卖盘
857,11:24:24,10.17,0.01,1,1017,买盘
858,11:25:57,10.17,0.0,1,1017,买盘
859,11:26:00,10.16,-0.01,1,1016,卖盘
860,11:26:04,10.16,0.0,1,1016,卖盘
861,11:26:18,10.16,0.0,22,22352,卖盘
862,11:26:21,10.16,0.0,5,5080,卖盘
863,11:27:15,10.16,0.0,1,579,卖盘
864,11:27:24,10.16,0.0,1,1453,卖盘
865,11:27:39,10.15,-0.01,173,175595,卖盘
866,11:27:54,10.16,0.01,2,2032,买盘
867,11:28:00,10.15,-0.01,21,21315,卖盘
868,11:28:04,10.15,0.0,1,1015,卖盘
869,11:28:12,10.15,0.0,2,2030,卖盘
870,11:28:21,10.15,0.0,3,3044,买盘
871,11:28:39,10.16,0.01,2,2032,买盘
872,11:28:42,10.15,-0.01,11,11165,卖盘
873,11:28:45,10.16,0.01,7,6675,买盘
874,11:29:03,10.17,0.01,1,1017,买盘
875,11:29:12,10.16,-0.01,3,3485,卖盘
876,11:29:42,10.15,-0.01,2,2030,卖盘
877,13:00:04,10.16,0.01,50,50789,买盘
878,13:00:06,10.15,-0.01,122,123879,卖盘
879,13:00:25,10.15,0.0,19,19285,卖盘
880,13:00:45,10.15,0.0,6,6090,卖盘
881,13:01:21,10.15,0.0,8,8120,卖盘
882,13:01:48,10.16,0.01,2,2032,中性盘
883,13:01:51,10.16,0.0,42,42671,卖盘
884,13:01:57,10.15,-0.01,1,1127,卖盘
885,13:02:03,10.15,0.0,9,9135,卖盘
886,13:02:15,10.15,0.0,6,6090,卖盘
887,13:02:48,10.16,0.01,10,10160,买盘
888,13:02:51,10.16,0.0,5,5080,买盘
889,13:03:00,10.16,0.0,3,3048,买盘
890,13:03:03,10.16,0.0,1,1016,卖盘
891,13:03:06,10.16,0.0,1,1016,卖盘
892,13:03:09,10.16,0.0,2,2032,买盘
893,13:03:12,10.15,-0.01,20,20308,卖盘
894,13:03:18,10.15,0.0,1,284,卖盘
895,13:03:25,10.15,0.0,1,1685,卖盘
896,13:03:28,10.15,0.0,1,1015,卖盘
897,13:03:42,10.15,0.0,3,3046,卖盘
898,13:03:51,10.15,0.0,1,447,卖盘
899,13:04:15,10.15,0.0,6,6090,卖盘
900,13:04:18,10.16,0.01,1,1016,买盘
901,13:05:06,10.16,0.0,7,7110,买盘
902,13:05:12,10.15,-0.01,9,9135,卖盘
903,13:05:18,10.16,0.01,1,1016,买盘
904,13:05:21,10.15,-0.01,34,34510,卖盘
905,13:05:45,10.15,0.0,6,6090,卖盘
906,13:06:18,10.15,0.0,66,66990,卖盘
907,13:06:21,10.15,0.0,15,15225,卖盘
908,13:06:24,10.15,0.0,9,9135,卖盘
909,13:06:27,10.15,0.0,19,19275,买盘
910,13:06:48,10.14,-0.01,2,2028,卖盘
911,13:07:04,10.15,0.01,1,1015,卖盘
912,13:07:18,10.14,-0.01,7,7098,卖盘
913,13:07:46,10.14,0.0,6,6084,卖盘
914,13:08:04,10.14,0.0,163,165282,卖盘
915,13:08:09,10.14,0.0,6,6083,买盘
916,13:08:21,10.13,-0.01,3,3039,卖盘
917,13:08:27,10.13,0.0,2,2026,卖盘
918,13:08:30,10.13,0.0,63,63820,卖盘
919,13:08:42,10.13,0.0,9,9117,买盘
920,13:08:54,10.12,-0.01,54,54648,卖盘
921,13:09:04,10.12,0.0,181,183172,卖盘
922,13:09:06,10.12,0.0,1,1012,卖盘
923,13:09:09,10.12,0.0,4,4048,卖盘
924,13:09:12,10.12,0.0,4,4048,卖盘
925,13:09:21,10.11,-0.01,10,10110,卖盘
926,13:09:27,10.12,0.01,5,5060,买盘
927,13:09:36,10.12,0.0,21,21252,买盘
928,13:09:43,10.11,-0.01,26,26286,卖盘
929,13:10:00,10.11,0.0,15,15165,卖盘
930,13:10:04,10.11,0.0,3,3309,卖盘
931,13:10:06,10.11,0.0,100,101100,卖盘
932,13:10:12,10.11,0.0,6,6066,卖盘
933,13:10:30,10.11,0.0,6,6137,卖盘
934,13:10:33,10.12,0.01,6,6072,买盘
935,13:10:36,10.11,-0.01,200,202294,卖盘
936,13:10:57,10.12,0.01,11,11132,卖盘
937,13:11:00,10.12,0.0,18,18216,卖盘
938,13:11:06,10.12,0.0,21,21252,卖盘
939,13:11:12,10.11,-0.01,23,22677,卖盘
940,13:11:24,10.12,0.01,5,5060,买盘
941,13:11:31,10.12,0.0,40,40480,买盘
942,13:11:34,10.12,0.0,6,6072,卖盘
943,13:11:45,10.12,0.0,3,2763,卖盘
944,13:11:48,10.12,0.0,21,21252,卖盘
945,13:12:00,10.13,0.01,37,37481,买盘
946,13:12:24,10.13,0.0,11,11143,卖盘
947,13:12:30,10.14,0.01,1,1308,买盘
948,13:12:33,10.14,0.0,8,8112,买盘
949,13:12:45,10.14,0.0,26,26364,买盘
950,13:13:00,10.14,0.0,1,1014,卖盘
951,13:13:15,10.14,0.0,60,60840,卖盘
952,13:13:18,10.14,0.0,13,13182,卖盘
953,13:13:24,10.15,0.01,95,96425,买盘
954,13:13:27,10.14,-0.01,1,1014,卖盘
955,13:13:33,10.14,0.0,6,6084,卖盘
956,13:13:36,10.14,0.0,10,10140,卖盘
957,13:13:39,10.14,0.0,19,19266,卖盘
958,13:13:42,10.14,0.0,14,14500,卖盘
959,13:13:45,10.14,0.0,10,10140,卖盘
960,13:14:12,10.14,0.0,1,1014,卖盘
961,13:14:15,10.15,0.01,7,7103,买盘
962,13:14:18,10.14,-0.01,2,1795,卖盘
963,13:14:27,10.14,0.0,23,23322,卖盘
964,13:14:42,10.13,-0.01,7,7091,卖盘
965,13:15:03,10.13,0.0,1,1013,卖盘
966,13:15:34,10.14,0.01,11,11154,买盘
967,13:15:45,10.14,0.0,1,943,卖盘
968,13:16:00,10.15,0.01,1,1015,买盘
969,13:16:06,10.15,0.0,30,30450,买盘
970,13:16:24,10.15,0.0,3,3045,买盘
971,13:16:27,10.14,-0.01,1,1014,卖盘
972,13:16:39,10.15,0.01,1,1015,买盘
973,13:16:42,10.14,-0.01,6,6084,卖盘
974,13:16:48,10.14,0.0,2,2028,卖盘
975,13:17:00,10.14,0.0,18,18323,卖盘
976,13:17:48,10.13,-0.01,52,51957,卖盘
977,13:18:27,10.12,-0.01,2,2024,卖盘
978,13:18:33,10.12,0.0,2,2024,卖盘
979,13:18:39,10.12,0.0,2,2024,卖盘
980,13:18:42,10.12,0.0,1,1012,卖盘
981,13:18:51,10.12,0.0,5,5060,卖盘
982,13:18:54,10.13,0.01,9,9117,买盘
983,13:18:57,10.12,-0.01,1,1012,卖盘
984,13:19:04,10.12,0.0,6,6072,卖盘
985,13:19:24,10.12,0.0,27,27324,卖盘
986,13:19:27,10.12,0.0,5,5060,卖盘
987,13:19:42,10.13,0.01,1,1013,买盘
988,13:19:48,10.12,-0.01,60,60720,卖盘
989,13:19:51,10.1,-0.02,400,404521,卖盘
990,13:20:03,10.1,0.0,2,2020,卖盘
991,13:20:06,10.1,0.0,18,18180,卖盘
992,13:20:19,10.11,0.01,2,2022,买盘
993,13:20:33,10.11,0.0,6,6066,卖盘
994,13:20:42,10.11,0.0,1,1011,卖盘
995,13:20:57,10.11,0.0,5,5055,卖盘
996,13:21:03,10.11,0.0,21,21231,卖盘
997,13:21:15,10.12,0.01,9,9108,买盘
998,13:21:21,10.12,0.0,7,7084,卖盘
999,13:21:24,10.12,0.0,3,3036,卖盘
1000,13:21:27,10.12,0.0,8,8096,买盘
1001,13:21:30,10.12,0.0,5,5060,买盘
1002,13:21:36,10.12,0.0,2,2024,买盘
1003,13:21:39,10.12,0.0,47,47564,卖盘
1004,13:21:45,10.11,-0.01,1,1011,卖盘
1005,13:21:51,10.11,0.0,5,5055,卖盘
1006,13:21:57,10.12,0.01,10,10120,买盘
1007,13:22:15,10.12,0.0,3,3036,买盘
1008,13:22:18,10.11,-0.01,1,1011,卖盘
1009,13:22:21,10.12,0.01,9,9108,买盘
1010,13:22:27,10.12,0.0,3,3036,买盘
1011,13:22:36,10.11,0.0,7,7006,卖盘
1012,13:22:54,10.1,-0.01,400,404228,卖盘
1013,13:22:57,10.1,0.0,6,6232,卖盘
1014,13:23:00,10.1,0.0,5,5050,卖盘
1015,13:23:13,10.12,0.02,1,1012,买盘
1016,13:23:30,10.11,-0.01,1,1011,卖盘
1017,13:23:39,10.11,0.0,13,13143,卖盘
1018,13:23:42,10.11,0.0,1,1011,卖盘
1019,13:23:54,10.11,0.0,5,5055,卖盘
1020,13:23:57,10.11,0.0,1,1011,卖盘
1021,13:24:21,10.11,0.0,6,6066,卖盘
1022,13:24:30,10.11,0.0,28,28308,卖盘
1023,13:24:39,10.11,0.0,50,50550,卖盘
1024,13:24:57,10.11,0.0,6,6066,卖盘
1025,13:25:00,10.1,-0.01,40,40435,卖盘
1026,13:25:07,10.1,0.0,6,6065,卖盘
1027,13:25:27,10.11,0.01,30,30330,买盘
1028,13:25:33,10.11,0.0,1,1011,买盘
1029,13:25:51,10.11,0.0,3,3033,买盘
1030,13:25:57,10.1,-0.01,7,6939,卖盘
1031,13:26:06,10.11,0.01,50,50550,买盘
1032,13:26:15,10.11,0.0,5,5055,买盘
1033,13:26:18,10.1,-0.01,1,424,卖盘
1034,13:26:27,10.11,0.01,9,9099,买盘
1035,13:26:30,10.1,-0.01,1,1293,卖盘
1036,13:26:39,10.1,0.0,8,8080,卖盘
1037,13:26:42,10.1,0.0,2,2020,卖盘
1038,13:26:48,10.1,0.0,1,1010,卖盘
1039,13:26:57,10.1,0.0,1,1010,卖盘
1040,13:27:00,10.1,0.0,5,5050,卖盘
1041,13:27:06,10.1,0.0,2,1626,卖盘
1042,13:27:09,10.11,0.01,85,85875,买盘
1043,13:27:12,10.11,0.0,8,8088,买盘
1044,13:27:24,10.11,0.0,6,6066,买盘
1045,13:27:30,10.11,0.0,10,10110,买盘
1046,13:27:33,10.1,-0.01,6,6060,卖盘
1047,13:27:42,10.1,0.0,8,8080,卖盘
1048,13:27:45,10.11,0.01,12,12132,买盘
1049,13:27:57,10.11,0.0,2,2022,买盘
1050,13:28:00,10.1,-0.01,6,6060,卖盘
1051,13:28:06,10.11,0.01,82,82902,买盘
1052,13:28:18,10.11,0.0,108,109188,卖盘
1053,13:28:27,10.11,0.0,12,12132,卖盘
1054,13:28:30,10.11,0.0,30,30330,卖盘
1055,13:28:33,10.11,0.0,18,18198,卖盘
1056,13:28:42,10.11,0.0,1,425,卖盘
1057,13:28:45,10.11,0.0,26,26286,卖盘
1058,13:28:54,10.11,0.0,12,12132,卖盘
1059,13:29:04,10.12,0.01,1,1012,买盘
1060,13:29:06,10.11,-0.01,5,5055,卖盘
1061,13:29:22,10.11,0.0,15,14852,卖盘
1062,13:29:24,10.11,0.0,12,12445,买盘
1063,13:29:33,10.11,0.0,7,7077,卖盘
1064,13:29:36,10.11,0.0,14,14154,卖盘
1065,13:29:39,10.11,0.0,2,2022,卖盘
1066,13:29:42,10.11,0.0,1,1011,卖盘
1067,13:29:48,10.11,0.0,8,8088,卖盘
1068,13:30:00,10.11,0.0,1,1011,卖盘
1069,13:30:04,10.11,0.0,2,2022,卖盘
1070,13:30:07,10.11,0.0,12,12132,卖盘
1071,13:30:18,10.11,0.0,23,23253,卖盘
1072,13:30:21,10.11,0.0,1,1011,卖盘
1073,13:30:42,10.12,0.01,10,10120,买盘
1074,13:30:45,10.11,-0.01,8,8088,卖盘
1075,13:30:48,10.12,0.01,5,5060,买盘
1076,13:31:00,10.11,-0.01,3,3033,卖盘
1077,13:31:04,10.1,-0.01,368,371752,卖盘
1078,13:31:06,10.12,0.02,224,226618,买盘
1079,13:31:09,10.09,-0.03,67,67603,卖盘
1080,13:31:12,10.12,0.03,2,2024,买盘
1081,13:31:15,10.09,-0.03,3,3027,卖盘
1082,13:31:18,10.09,0.0,100,100900,卖盘
1083,13:31:30,10.09,0.0,6,6054,卖盘
1084,13:31:33,10.09,0.0,39,39351,卖盘
1085,13:31:45,10.09,0.0,8,8072,卖盘
1086,13:31:49,10.09,0.0,2,2018,卖盘
1087,13:32:00,10.09,0.0,7,7063,卖盘
1088,13:32:04,10.09,0.0,16,16144,卖盘
1089,13:32:06,10.09,0.0,5,5045,卖盘
1090,13:32:12,10.1,0.01,1,333,中性盘
1091,13:32:15,10.11,0.01,8,8081,买盘
1092,13:32:18,10.11,0.0,2,2022,卖盘
1093,13:32:21,10.11,0.0,2,2022,卖盘
1094,13:32:33,10.09,-0.02,24,24216,卖盘
1095,13:32:36,10.12,0.03,1,1012,买盘
1096,13:32:48,10.09,-0.03,9,9081,卖盘
1097,13:32:54,10.09,0.0,4,4036,卖盘
1098,13:33:04,10.1,0.01,2,2020,卖盘
1099,13:33:06,10.09,-0.01,5,5048,卖盘
1100,13:33:24,10.09,0.0,1,1009,卖盘
1101,13:33:27,10.1,0.01,1,1010,卖盘
1102,13:33:33,10.09,-0.01,15,15145,卖盘
1103,13:33:42,10.09,-0.01,1,384,买盘
1104,13:33:54,10.09,0.0,14,14136,卖盘
1105,13:34:12,10.09,0.0,135,136216,卖盘
1106,13:34:19,10.09,0.0,6,6054,卖盘
1107,13:34:55,10.1,0.01,8,8080,卖盘
1108,13:35:00,10.1,0.0,6,6060,卖盘
1109,13:35:06,10.1,0.0,11,11110,卖盘
1110,13:35:12,10.1,0.0,5,5050,卖盘
1111,13:35:15,10.1,0.0,3,3030,卖盘
1112,13:35:18,10.09,-0.01,10,10090,卖盘
1113,13:35:21,10.09,0.0,11,11099,卖盘
1114,13:35:25,10.09,0.0,9,9081,卖盘
1115,13:35:27,10.1,0.01,3,3030,买盘
1116,13:35:30,10.1,0.0,7,7070,卖盘
1117,13:35:36,10.1,0.0,3,3030,买盘
1118,13:35:45,10.09,0.0,1,1009,卖盘
1119,13:35:51,10.09,0.0,8,8072,卖盘
1120,13:35:57,10.09,0.0,97,97891,卖盘
1121,13:36:00,10.09,0.0,10,10090,卖盘
1122,13:36:04,10.1,0.01,35,35317,买盘
1123,13:36:06,10.09,-0.01,2,2018,卖盘
1124,13:36:15,10.09,0.0,21,21189,卖盘
1125,13:36:18,10.09,0.0,2,1463,卖盘
1126,13:36:21,10.09,0.0,8,8072,卖盘
1127,13:36:24,10.08,-0.01,18,18623,卖盘
1128,13:36:27,10.1,0.02,1,1010,买盘
1129,13:36:39,10.08,-0.02,6,6052,卖盘
1130,13:36:42,10.1,0.02,1,1010,买盘
1131,13:36:51,10.08,-0.02,80,80657,卖盘
1132,13:37:00,10.08,0.0,2,2016,卖盘
1133,13:37:18,10.08,0.0,5,5043,卖盘
1134,13:37:51,10.09,0.01,17,17153,卖盘
1135,13:37:54,10.08,-0.01,3,3024,卖盘
1136,13:37:57,10.08,0.0,8,8064,卖盘
1137,13:38:06,10.09,0.01,5,5045,买盘
1138,13:38:09,10.08,-0.01,321,323343,卖盘
1139,13:38:15,10.07,-0.01,55,55435,卖盘
1140,13:38:24,10.07,0.0,1,1007,卖盘
1141,13:38:27,10.08,0.01,13,13104,买盘
1142,13:38:34,10.08,0.0,1,1240,买盘
1143,13:38:42,10.08,0.0,1,1008,卖盘
1144,13:38:48,10.08,0.0,6,6048,卖盘
1145,13:38:54,10.08,0.0,7,7056,卖盘
1146,13:38:57,10.08,0.0,8,8064,卖盘
1147,13:39:00,10.08,0.0,5,5040,卖盘
1148,13:39:07,10.08,0.0,5,5040,卖盘
1149,13:39:18,10.08,0.0,5,5040,卖盘
1150,13:39:21,10.1,0.02,5,5050,买盘
1151,13:39:57,10.08,0.0,6,6048,卖盘
1152,13:40:00,10.08,0.0,8,8066,卖盘
1153,13:40:09,10.08,0.0,25,25200,卖盘
1154,13:40:12,10.1,0.02,1,1010,买盘
1155,13:40:16,10.09,-0.01,1,1009,卖盘
1156,13:40:21,10.08,-0.01,5,5044,卖盘
1157,13:40:42,10.1,0.02,9,9090,买盘
1158,13:40:57,10.09,-0.01,69,69682,卖盘
1159,13:41:00,10.1,0.01,5,5050,买盘
1160,13:41:04,10.1,0.0,92,92920,买盘
1161,13:41:09,10.1,0.0,1,1273,卖盘
1162,13:41:21,10.1,0.0,5,5050,卖盘
1163,13:41:36,10.1,0.0,6,6060,卖盘
1164,13:41:45,10.1,0.0,4,4040,卖盘
1165,13:41:57,10.12,0.02,10,10116,买盘
1166,13:42:07,10.11,-0.01,8,8088,卖盘
1167,13:42:22,10.1,-0.01,5,5053,卖盘
1168,13:42:39,10.11,0.01,7,7077,卖盘
1169,13:42:42,10.11,0.0,11,11131,卖盘
1170,13:43:01,10.11,0.0,8,8088,卖盘
1171,13:43:09,10.12,0.01,2,1103,买盘
1172,13:43:24,10.1,-0.02,5,5051,买盘
1173,13:43:27,10.11,0.01,2,2022,中性盘
1174,13:43:30,10.12,0.01,1,1012,买盘
1175,13:43:39,10.12,0.0,1,1012,买盘
1176,13:43:42,10.12,0.0,5,5060,买盘
1177,13:43:58,10.12,0.0,1,1012,买盘
1178,13:44:04,10.12,0.0,8,8096,卖盘
1179,13:44:06,10.11,-0.01,10,10114,卖盘
1180,13:44:24,10.11,0.0,10,10110,卖盘
1181,13:44:27,10.11,0.0,5,5055,卖盘
1182,13:44:45,10.11,0.0,1,1011,卖盘
1183,13:44:54,10.11,0.0,3,3033,卖盘
1184,13:44:57,10.11,0.0,4,4045,卖盘
1185,13:45:07,10.1,-0.01,10,10100,卖盘
1186,13:45:10,10.1,0.0,21,21210,卖盘
1187,13:45:21,10.1,0.0,133,134330,卖盘
1188,13:45:24,10.11,0.01,2,2022,买盘
1189,13:45:30,10.1,0.0,5,5050,卖盘
1190,13:45:42,10.1,0.0,1,1414,卖盘
1191,13:45:45,10.1,0.0,19,19190,卖盘
1192,13:45:54,10.1,0.0,1,283,卖盘
1193,13:45:58,10.1,0.0,5,5050,卖盘
1194,13:46:01,10.1,0.0,6,6060,卖盘
1195,13:46:07,10.1,0.0,8,8080,卖盘
1196,13:46:12,10.11,0.01,2,2022,买盘
1197,13:46:21,10.1,0.0,9,9090,卖盘
1198,13:46:27,10.1,0.0,5,5050,卖盘
1199,13:46:45,10.1,0.0,1,1010,卖盘
1200,13:46:54,10.11,0.01,66,66726,买盘
1201,13:46:57,10.11,0.0,20,20220,卖盘
1202,13:47:00,10.11,0.0,6,6066,卖盘
1203,13:47:03,10.11,0.0,5,5055,卖盘
1204,13:47:06,10.1,-0.01,11,11113,卖盘
1205,13:47:18,10.11,0.01,1,1011,买盘
1206,13:47:21,10.1,-0.01,53,53550,卖盘
1207,13:47:42,10.1,0.0,2,2020,卖盘
1208,13:47:45,10.1,0.0,19,19190,卖盘
1209,13:48:00,10.1,0.0,2,2020,卖盘
1210,13:48:12,10.1,0.0,8,8080,卖盘
1211,13:48:15,10.1,0.0,10,10100,卖盘
1212,13:48:27,10.1,0.0,6,6393,卖盘
1213,13:48:33,10.1,0.0,1,1010,卖盘
1214,13:48:40,10.1,0.0,15,15150,卖盘
1215,13:48:42,10.11,0.01,7,7075,买盘
1216,13:49:12,10.1,-0.01,8,8080,卖盘
1217,13:49:33,10.11,0.01,1,1011,买盘
1218,13:49:36,10.1,-0.01,6,6060,卖盘
1219,13:49:39,10.1,0.0,10,10100,卖盘
1220,13:49:45,10.1,0.0,23,23235,卖盘
1221,13:50:09,10.1,0.0,7,7070,卖盘
1222,13:50:12,10.1,0.0,10,10100,卖盘
1223,13:51:15,10.11,0.01,18,18190,买盘
1224,13:51:18,10.1,-0.01,1,1010,卖盘
1225,13:51:46,10.1,0.0,3,2666,卖盘
1226,13:51:54,10.1,0.0,6,6484,卖盘
1227,13:52:04,10.1,0.0,1,1010,卖盘
1228,13:52:06,10.1,0.0,9,9090,卖盘
1229,13:52:12,10.11,0.01,56,56571,买盘
1230,13:52:18,10.1,-0.01,8,8080,卖盘
1231,13:52:27,10.1,0.0,6,6060,卖盘
1232,13:52:57,10.1,0.0,4,4040,卖盘
1233,13:53:06,10.11,0.01,1,1011,买盘
1234,13:53:09,10.11,0.0,100,101100,买盘
1235,13:53:12,10.1,-0.01,8,8080,卖盘
1236,13:53:31,10.1,0.0,1,424,卖盘
1237,13:53:33,10.1,0.0,8,8080,卖盘
1238,13:53:37,10.1,0.0,18,18180,卖盘
1239,13:53:45,10.1,0.0,1,1010,卖盘
1240,13:53:54,10.1,0.0,10,10100,卖盘
1241,13:53:57,10.1,0.0,2,2020,卖盘
1242,13:54:04,10.1,0.0,10,10100,卖盘
1243,13:54:06,10.1,0.0,29,29694,卖盘
1244,13:54:18,10.09,-0.01,58,58572,卖盘
1245,13:54:24,10.09,0.0,110,110990,卖盘
1246,13:54:48,10.09,0.0,5,5045,买盘
1247,13:54:51,10.09,0.0,1,1009,买盘
1248,13:55:09,10.08,-0.01,2,2016,卖盘
1249,13:55:16,10.09,0.01,1,1009,买盘
1250,13:55:57,10.09,0.0,33,33297,买盘
1251,13:56:03,10.09,0.0,41,41369,买盘
1252,13:56:06,10.09,0.0,23,23207,买盘
1253,13:56:15,10.09,0.0,10,10090,买盘
1254,13:56:21,10.09,0.0,28,28252,买盘
1255,13:56:24,10.09,0.0,21,21189,卖盘
1256,13:56:33,10.09,0.0,1,1009,卖盘
1257,13:56:36,10.08,-0.01,1,1129,卖盘
1258,13:56:39,10.09,0.01,52,51842,买盘
1259,13:56:49,10.1,0.01,20,20192,买盘
1260,13:56:51,10.08,-0.02,8,8074,卖盘
1261,13:56:55,10.08,0.0,6,6048,卖盘
1262,13:57:04,10.1,0.02,20,20200,买盘
1263,13:57:45,10.08,-0.02,10,10080,卖盘
1264,13:57:51,10.08,0.0,316,318528,卖盘
1265,13:58:24,10.07,-0.01,6,6042,卖盘
1266,13:58:27,10.07,0.0,1,1007,卖盘
1267,13:58:57,10.07,0.0,10,10070,卖盘
1268,13:59:21,10.07,0.0,6,6042,卖盘
1269,13:59:30,10.06,-0.01,302,304037,卖盘
1270,13:59:43,10.07,0.01,5,5035,买盘
1271,13:59:45,10.06,-0.01,1,1439,卖盘
1272,13:59:48,10.06,0.0,1,1006,卖盘
1273,13:59:51,10.06,0.0,2,2012,卖盘
1274,13:59:57,10.06,0.0,2,1519,卖盘
1275,14:00:00,10.07,0.01,11,11077,买盘
1276,14:00:03,10.06,-0.01,3,3018,卖盘
1277,14:00:06,10.05,-0.01,165,166026,卖盘
1278,14:00:09,10.05,0.0,18,18482,卖盘
1279,14:00:12,10.05,0.0,2,1618,卖盘
1280,14:00:19,10.04,-0.01,23,23092,卖盘
1281,14:00:22,10.04,0.0,7,7028,卖盘
1282,14:00:24,10.04,0.0,3,3012,卖盘
1283,14:00:30,10.04,0.0,2,2008,卖盘
1284,14:00:33,10.03,-0.01,15,15045,卖盘
1285,14:00:36,10.05,0.02,2,2010,买盘
1286,14:00:42,10.05,0.0,1,1005,买盘
1287,14:00:48,10.04,-0.01,2,2008,卖盘
1288,14:00:57,10.04,0.0,48,48192,卖盘
1289,14:01:00,10.04,0.0,3,3012,买盘
1290,14:01:03,10.04,0.0,7,7028,买盘
1291,14:01:06,10.04,0.0,1,1004,买盘
1292,14:01:12,10.03,-0.01,83,83250,卖盘
1293,14:01:15,10.02,-0.01,2,2094,卖盘
1294,14:01:21,10.03,0.01,3,3009,买盘
1295,14:01:24,10.03,0.0,3,3009,买盘
1296,14:01:27,10.02,-0.01,25,25050,卖盘
1297,14:01:33,10.02,0.0,7,7018,卖盘
1298,14:01:39,10.02,0.0,21,21042,卖盘
1299,14:01:42,10.03,0.01,5,5015,买盘
1300,14:01:45,10.02,-0.01,12,12024,卖盘
1301,14:01:48,10.02,0.0,26,26052,卖盘
1302,14:02:01,10.02,0.0,2,2004,卖盘
1303,14:02:04,10.03,0.01,26,26060,买盘
1304,14:02:06,10.03,0.0,5,5015,买盘
1305,14:02:09,10.03,0.0,6,6018,卖盘
1306,14:02:12,10.04,0.01,39,39096,买盘
1307,14:02:18,10.03,-0.01,17,17051,卖盘
1308,14:02:21,10.03,0.0,13,13039,买盘
1309,14:02:24,10.03,0.0,7,7021,卖盘
1310,14:02:33,10.03,0.0,10,10030,卖盘
1311,14:02:36,10.04,0.01,5,5020,买盘
1312,14:02:57,10.04,0.0,27,27108,买盘
1313,14:03:00,10.04,0.0,11,11044,卖盘
1314,14:03:04,10.03,-0.01,4,4014,卖盘
1315,14:03:12,10.04,0.01,10,10040,买盘
1316,14:03:21,10.04,0.0,11,11044,买盘
1317,14:03:24,10.04,0.0,1,1004,卖盘
1318,14:03:28,10.04,0.0,6,6024,卖盘
1319,14:03:45,10.04,0.0,2,2008,卖盘
1320,14:03:48,10.05,0.01,1,1005,买盘
1321,14:03:57,10.05,0.0,33,33165,买盘
1322,14:04:00,10.04,-0.01,14,14063,卖盘
1323,14:04:03,10.04,0.0,40,40160,卖盘
1324,14:04:06,10.04,0.0,8,8032,卖盘
1325,14:04:12,10.04,0.0,14,14056,卖盘
1326,14:04:18,10.05,0.01,6,6030,卖盘
1327,14:04:21,10.05,0.0,21,20814,卖盘
1328,14:04:24,10.05,0.0,11,11055,卖盘
1329,14:04:27,10.05,0.0,4,4020,卖盘
1330,14:04:33,10.05,0.0,8,8331,卖盘
1331,14:04:45,10.04,-0.01,3,3012,卖盘
1332,14:04:48,10.05,0.01,5,5025,买盘
1333,14:04:54,10.04,-0.01,2,2008,卖盘
1334,14:04:57,10.05,0.01,10,10050,买盘
1335,14:05:03,10.04,-0.01,4,4016,卖盘
1336,14:05:06,10.05,0.01,15,15073,买盘
1337,14:05:12,10.04,-0.01,5,5020,卖盘
1338,14:05:15,10.05,0.01,218,218892,买盘
1339,14:05:18,10.04,-0.01,48,48192,卖盘
1340,14:05:24,10.03,-0.01,82,82246,卖盘
1341,14:05:33,10.03,0.0,24,24072,卖盘
1342,14:05:42,10.03,0.0,12,12036,卖盘
1343,14:05:49,10.03,0.0,232,232922,卖盘
1344,14:05:52,10.03,0.0,6,6018,卖盘
1345,14:05:54,10.03,0.0,10,10030,卖盘
1346,14:06:04,10.03,0.0,74,74222,卖盘
1347,14:06:12,10.04,0.01,7,7028,卖盘
1348,14:06:16,10.04,0.0,3,3012,买盘
1349,14:06:18,10.04,0.0,3,3012,买盘
1350,14:06:24,10.03,-0.01,3,3009,卖盘
1351,14:06:27,10.04,0.01,8,8032,买盘
1352,14:06:33,10.03,-0.01,4,4012,卖盘
1353,14:06:42,10.03,0.0,44,44175,卖盘
1354,14:06:48,10.03,0.0,2,2006,卖盘
1355,14:06:54,10.03,0.0,13,13039,卖盘
1356,14:06:57,10.04,0.01,6,6024,买盘
1357,14:07:04,10.03,-0.01,8,8025,卖盘
1358,14:07:09,10.04,0.01,11,11044,买盘
1359,14:07:12,10.04,0.0,13,13047,买盘
1360,14:07:19,10.04,0.0,20,20080,买盘
1361,14:07:25,10.04,0.0,14,14056,买盘
1362,14:07:27,10.04,0.0,6,6024,卖盘
1363,14:07:33,10.04,0.0,6,6024,卖盘
1364,14:07:42,10.04,0.0,2,2008,卖盘
1365,14:07:48,10.04,0.0,6,6024,卖盘
1366,14:07:54,10.05,0.01,3,3013,买盘
1367,14:08:00,10.05,0.0,12,12060,买盘
1368,14:08:03,10.04,-0.01,1,1004,卖盘
1369,14:08:07,10.04,0.0,11,11054,卖盘
1370,14:08:12,10.04,0.0,4,4016,卖盘
1371,14:08:15,10.04,0.0,6,6024,卖盘
1372,14:08:18,10.05,0.01,11,11055,买盘
1373,14:08:21,10.04,-0.01,1,1004,卖盘
1374,14:08:24,10.04,0.0,10,10040,卖盘
1375,14:08:31,10.05,0.01,4,3729,买盘
1376,14:08:34,10.05,0.0,2,2301,卖盘
1377,14:08:39,10.05,0.0,7,7035,买盘
1378,14:08:42,10.04,-0.01,2,2008,卖盘
1379,14:08:45,10.05,0.01,3,3015,中性盘
1380,14:08:48,10.04,-0.01,1,1004,卖盘
1381,14:08:51,10.05,0.01,1,1005,卖盘
1382,14:08:54,10.04,-0.01,105,105426,卖盘
1383,14:09:03,10.05,0.01,5,5025,卖盘
1384,14:09:06,10.05,0.0,2,2010,买盘
1385,14:09:12,10.04,-0.01,2,2008,卖盘
1386,14:09:15,10.04,0.0,7,6954,卖盘
1387,14:09:18,10.05,0.01,3,3015,买盘
1388,14:09:24,10.05,0.0,9,9042,买盘
1389,14:09:27,10.04,-0.01,1,1004,卖盘
1390,14:09:33,10.04,0.0,3,3012,卖盘
1391,14:09:36,10.05,0.01,5,5025,买盘
1392,14:09:39,10.04,-0.01,10,10040,卖盘
1393,14:09:42,10.04,0.0,3,3012,卖盘
1394,14:09:48,10.05,0.01,1,1005,买盘
1395,14:09:54,10.05,0.0,4,4017,买盘
1396,14:09:58,10.03,-0.02,18,18070,卖盘
1397,14:10:04,10.04,0.01,7,7028,卖盘
1398,14:10:09,10.04,0.0,6,6024,卖盘
1399,14:10:15,10.04,0.0,2,2008,卖盘
1400,14:10:24,10.04,0.0,4,4016,卖盘
1401,14:10:31,10.04,0.0,2,1667,卖盘
1402,14:10:34,10.04,0.0,2,2008,卖盘
1403,14:10:37,10.04,0.0,4,4016,卖盘
1404,14:10:45,10.04,0.0,1,1004,卖盘
1405,14:10:55,10.04,0.0,1,1004,卖盘
1406,14:10:58,10.05,0.01,10,10050,买盘
1407,14:11:00,10.05,0.0,1,1005,卖盘
1408,14:11:04,10.05,0.0,6,6030,卖盘
1409,14:11:06,10.05,0.0,2,2010,卖盘
1410,14:11:12,10.06,0.01,3,3018,买盘
1411,14:11:15,10.06,0.0,1,1006,买盘
1412,14:11:24,10.06,0.0,9,9052,买盘
1413,14:11:36,10.06,0.0,8,8467,买盘
1414,14:11:45,10.05,-0.01,2,2010,卖盘
1415,14:11:48,10.06,0.01,9,9054,买盘
1416,14:11:54,10.05,-0.01,4,4020,卖盘
1417,14:12:06,10.05,0.0,1,1005,卖盘
1418,14:12:09,10.06,0.01,6,6036,买盘
1419,14:12:16,10.05,-0.01,2,2010,卖盘
1420,14:12:19,10.05,0.0,1,1005,卖盘
1421,14:12:21,10.05,0.0,6,6030,卖盘
1422,14:12:24,10.05,0.0,4,4023,卖盘
1423,14:12:27,10.05,0.0,3,3095,卖盘
1424,14:12:33,10.05,0.0,61,61305,卖盘
1425,14:12:36,10.05,0.0,6,6030,卖盘
1426,14:12:45,10.05,0.0,30,30160,卖盘
1427,14:12:49,10.06,0.01,10,10060,买盘
1428,14:12:51,10.05,-0.01,11,11056,卖盘
1429,14:12:54,10.05,0.0,12,12060,卖盘
1430,14:13:00,10.06,0.01,15,15090,买盘
1431,14:13:04,10.06,0.0,61,61306,买盘
1432,14:13:06,10.06,0.0,7,7042,卖盘
1433,14:13:12,10.06,0.0,7,7042,卖盘
1434,14:13:15,10.06,0.0,25,25150,卖盘
1435,14:13:21,10.05,-0.01,88,88441,卖盘
1436,14:13:24,10.05,0.0,14,13336,卖盘
1437,14:13:27,10.06,0.01,7,7042,中性盘
1438,14:13:30,10.05,-0.01,55,55571,卖盘
1439,14:13:33,10.05,0.0,5,5025,买盘
1440,14:13:36,10.04,-0.01,31,31124,卖盘
1441,14:13:39,10.05,0.01,6,6030,买盘
1442,14:13:42,10.06,0.01,13,12779,买盘
1443,14:13:54,10.06,0.0,1,1006,买盘
1444,14:14:22,10.04,-0.02,109,109449,卖盘
1445,14:14:24,10.04,0.0,1,1004,卖盘
1446,14:14:27,10.04,0.0,8,8032,卖盘
1447,14:14:39,10.04,0.0,6,6025,卖盘
1448,14:14:55,10.05,0.01,1,1005,买盘
1449,14:15:00,10.05,0.0,1,1005,买盘
1450,14:15:22,10.04,-0.01,132,132528,卖盘
1451,14:15:24,10.05,0.01,115,115356,买盘
1452,14:15:27,10.04,-0.01,14,14056,中性盘
1453,14:15:49,10.04,0.0,6,6024,买盘
1454,14:16:24,10.03,-0.01,109,109396,卖盘
1455,14:16:27,10.04,0.01,38,38152,中性盘
1456,14:16:30,10.04,0.0,6,6024,卖盘
1457,14:16:33,10.04,0.0,1,1004,卖盘
1458,14:17:00,10.04,0.0,1,1004,卖盘
1459,14:17:18,10.05,0.01,1,1005,买盘
1460,14:17:24,10.03,-0.02,110,110360,卖盘
1461,14:17:39,10.02,-0.01,300,300769,卖盘
1462,14:17:57,10.04,0.02,8,8032,卖盘
1463,14:18:12,10.05,0.01,50,50250,买盘
1464,14:18:15,10.04,-0.01,1,1004,卖盘
1465,14:18:18,10.04,0.0,1,1004,卖盘
1466,14:18:24,10.04,0.0,1,1004,卖盘
1467,14:18:27,10.04,0.0,17,17068,卖盘
1468,14:18:36,10.05,0.01,30,30121,买盘
1469,14:18:39,10.03,-0.02,18,18054,卖盘
1470,14:18:45,10.02,-0.01,72,72146,卖盘
1471,14:19:00,10.03,0.01,10,10030,买盘
1472,14:19:06,10.03,0.0,6,6018,卖盘
1473,14:19:12,10.05,0.02,5,5025,买盘
1474,14:19:18,10.03,-0.02,6,6018,卖盘
1475,14:19:24,10.05,0.02,1,1005,买盘
1476,14:19:27,10.03,-0.02,6,6018,卖盘
1477,14:19:30,10.03,0.0,109,109327,卖盘
1478,14:19:33,10.03,0.0,2,2006,卖盘
1479,14:19:43,10.04,0.01,1,1004,卖盘
1480,14:19:54,10.04,0.0,7,7028,卖盘
1481,14:19:57,10.04,0.0,5,5020,买盘
1482,14:20:00,10.04,0.0,1,1004,卖盘
1483,14:20:19,10.05,0.01,20,20100,买盘
1484,14:20:24,10.04,-0.01,2,2008,卖盘
1485,14:20:27,10.05,0.01,200,201000,买盘
1486,14:20:30,10.04,-0.01,109,109436,卖盘
1487,14:20:36,10.05,0.01,5,5025,买盘
1488,14:20:39,10.05,0.0,1,1005,买盘
1489,14:20:42,10.05,0.0,16,16080,买盘
1490,14:21:12,10.05,0.0,1,1005,买盘
1491,14:21:15,10.05,0.0,4,4020,买盘
1492,14:21:21,10.05,0.0,100,100500,买盘
1493,14:21:24,10.05,0.0,19,19095,买盘
1494,14:21:27,10.04,-0.01,6,6024,卖盘
1495,14:21:30,10.04,0.0,111,111444,卖盘
1496,14:21:34,10.06,0.02,107,107537,买盘
1497,14:21:42,10.05,-0.01,2,2010,卖盘
1498,14:21:48,10.06,0.01,60,60430,买盘
1499,14:21:51,10.06,0.0,7,7042,卖盘
1500,14:21:57,10.07,0.01,5,5035,买盘
1501,14:22:00,10.08,0.01,5,5037,买盘
1502,14:22:09,10.06,-0.02,6,6036,卖盘
1503,14:22:18,10.08,0.02,2,2016,买盘
1504,14:22:24,10.06,-0.02,1,1006,卖盘
1505,14:22:34,10.05,-0.01,109,109642,卖盘
1506,14:23:25,10.07,0.02,2,2012,买盘
1507,14:23:30,10.05,-0.02,109,109545,卖盘
1508,14:23:33,10.07,0.02,1,1007,买盘
1509,14:23:42,10.07,0.0,5,5035,买盘
1510,14:24:06,10.07,0.0,1,1007,买盘
1511,14:24:09,10.07,0.0,2,2014,买盘
1512,14:24:15,10.07,0.0,22,22155,卖盘
1513,14:24:18,10.08,0.01,1,1008,买盘
1514,14:24:21,10.07,-0.01,1,1007,卖盘
1515,14:24:27,10.07,0.0,1,1007,卖盘
1516,14:24:33,10.07,0.0,118,118826,卖盘
1517,14:24:40,10.07,0.0,2,2014,卖盘
1518,14:24:43,10.07,0.0,62,62434,卖盘
1519,14:25:00,10.07,0.0,39,39273,卖盘
1520,14:25:03,10.07,0.0,1,1007,卖盘
1521,14:25:06,10.07,0.0,2,2014,卖盘
1522,14:25:12,10.07,0.0,153,154071,卖盘
1523,14:25:18,10.06,-0.01,5,5030,卖盘
1524,14:25:33,10.06,0.0,2,2012,买盘
1525,14:25:36,10.05,-0.01,109,109545,卖盘
1526,14:25:48,10.05,0.0,5,5025,卖盘
1527,14:26:06,10.05,0.0,21,21105,卖盘
1528,14:26:10,10.05,0.0,18,18090,卖盘
1529,14:26:36,10.06,0.01,109,109654,卖盘
1530,14:26:39,10.06,0.0,10,10060,卖盘
1531,14:26:46,10.06,0.0,40,40240,卖盘
1532,14:26:57,10.07,0.01,7,7049,买盘
1533,14:27:00,10.07,0.0,13,13091,卖盘
1534,14:27:03,10.05,-0.02,139,139702,卖盘
1535,14:27:22,10.06,0.01,1,1006,卖盘
1536,14:27:33,10.06,0.0,7,7043,卖盘
1537,14:27:36,10.05,-0.01,109,109596,卖盘
1538,14:27:39,10.06,0.01,4,4024,卖盘
1539,14:27:42,10.06,0.0,2,2012,买盘
1540,14:27:45,10.06,0.0,1,1006,买盘
1541,14:28:04,10.06,0.0,2,2012,卖盘
1542,14:28:27,10.07,0.01,4,4028,买盘
1543,14:28:30,10.06,-0.01,10,10060,卖盘
1544,14:28:40,10.05,-0.01,109,109552,卖盘
1545,14:28:42,10.07,0.02,4,4028,买盘
1546,14:28:51,10.07,0.0,12,12076,买盘
1547,14:29:03,10.07,0.0,4,4028,买盘
1548,14:29:15,10.07,0.0,5,5035,买盘
1549,14:29:27,10.07,0.0,4,4028,买盘
1550,14:29:36,10.05,-0.02,7,7035,卖盘
1551,14:29:39,10.05,0.0,109,109545,卖盘
1552,14:29:42,10.07,0.02,4,4028,买盘
1553,14:29:51,10.07,0.0,4,4028,买盘
1554,14:30:03,10.07,0.0,4,4028,买盘
1555,14:30:06,10.06,-0.01,2,2012,卖盘
1556,14:30:15,10.06,0.0,24,24144,卖盘
1557,14:30:18,10.05,-0.01,8,8047,卖盘
1558,14:30:27,10.06,0.01,9,9049,买盘
1559,14:30:30,10.05,-0.01,5,5025,卖盘
1560,14:30:33,10.06,0.01,5,5030,买盘
1561,14:30:36,10.05,-0.01,1,1005,卖盘
1562,14:30:39,10.05,0.0,39,39125,卖盘
1563,14:30:42,10.04,-0.01,112,112448,卖盘
1564,14:30:45,10.04,0.0,13,13052,卖盘
1565,14:30:48,10.04,0.0,72,72288,卖盘
1566,14:30:51,10.04,0.0,4,4016,卖盘
1567,14:30:54,10.04,0.0,3,3012,卖盘
1568,14:30:57,10.04,0.0,32,32128,卖盘
1569,14:31:04,10.04,0.0,2,2008,卖盘
1570,14:31:06,10.04,0.0,10,10040,卖盘
1571,14:31:12,10.04,0.0,50,50200,卖盘
1572,14:31:18,10.03,-0.01,10,10030,卖盘
1573,14:31:27,10.03,0.0,5,5015,卖盘
1574,14:31:36,10.03,0.0,4,4012,卖盘
1575,14:31:39,10.03,0.0,50,50150,卖盘
1576,14:31:42,10.03,0.0,109,109327,卖盘
1577,14:31:45,10.03,0.0,4,4012,卖盘
1578,14:31:57,10.03,0.0,19,19057,卖盘
1579,14:32:00,10.03,0.0,8,8024,卖盘
1580,14:32:04,10.03,0.0,2,2006,卖盘
1581,14:32:15,10.04,0.01,4,4016,买盘
1582,14:32:27,10.04,0.0,4,4014,买盘
1583,14:32:42,10.03,-0.01,109,109378,卖盘
1584,14:33:12,10.04,0.01,5,5020,中性盘
1585,14:33:21,10.04,0.0,10,10040,卖盘
1586,14:33:24,10.05,0.01,1,1005,买盘
1587,14:33:36,10.05,0.0,1,1005,买盘
1588,14:33:39,10.05,0.0,4,4020,买盘
1589,14:33:42,10.04,-0.01,106,106424,卖盘
1590,14:33:46,10.03,-0.01,139,139417,卖盘
1591,14:33:54,10.04,0.01,4,4016,买盘
1592,14:34:06,10.04,0.0,4,4016,买盘
1593,14:34:16,10.04,0.0,4,4016,买盘
1594,14:34:24,10.03,-0.01,1,1003,卖盘
1595,14:34:30,10.03,0.0,101,101307,卖盘
1596,14:34:33,10.03,0.0,18,18054,卖盘
1597,14:34:40,10.04,0.01,40,40125,买盘
1598,14:34:48,10.03,-0.01,303,303909,卖盘
1599,14:34:54,10.04,0.01,4,4016,买盘
1600,14:35:06,10.04,0.0,4,4016,买盘
1601,14:35:18,10.04,0.0,4,4016,买盘
1602,14:35:30,10.04,0.0,4,4016,买盘
1603,14:35:42,10.04,0.0,4,4016,买盘
1604,14:35:45,10.03,-0.01,3,3009,卖盘
1605,14:35:48,10.03,0.0,115,115345,卖盘
1606,14:35:54,10.04,0.01,4,4016,买盘
1607,14:36:04,10.04,0.0,4,4016,买盘
1608,14:36:07,10.0,-0.04,3000,3001732,卖盘
1609,14:36:09,10.0,0.0,13,13000,卖盘
1610,14:36:15,10.03,0.03,4,4012,买盘
1611,14:36:18,10.03,0.0,6,6018,买盘
1612,14:36:21,10.02,-0.01,2,2004,卖盘
1613,14:36:27,10.02,0.0,3,3006,卖盘
1614,14:36:30,10.03,0.01,6,6018,买盘
1615,14:36:37,10.03,0.0,3,3009,买盘
1616,14:36:40,10.03,0.0,4,4012,买盘
1617,14:36:43,10.03,0.0,4,4012,买盘
1618,14:36:48,10.01,-0.02,109,109172,卖盘
1619,14:36:51,10.03,0.02,4,4012,买盘
1620,14:36:54,10.01,-0.02,6,6006,卖盘
1621,14:36:57,10.01,0.0,3,3003,卖盘
1622,14:37:00,10.01,0.0,50,50050,卖盘
1623,14:37:03,10.01,0.0,4,4004,卖盘
1624,14:37:06,10.01,0.0,8,8016,卖盘
1625,14:37:09,10.03,0.02,34,34102,买盘
1626,14:37:12,10.04,0.01,61,61201,买盘
1627,14:37:15,10.03,-0.01,1614,1614128,中性盘
1628,14:37:18,10.03,0.0,4,4012,买盘
1629,14:37:22,10.03,0.0,15,15045,买盘
1630,14:37:27,10.04,0.01,4,4016,买盘
1631,14:37:30,10.04,0.0,5,5020,买盘
1632,14:37:34,10.04,0.0,6,6024,买盘
1633,14:37:36,10.03,-0.01,10,10038,卖盘
1634,14:37:39,10.04,0.01,9,9036,买盘
1635,14:37:42,10.04,0.0,7,7028,买盘
1636,14:37:45,10.03,-0.01,64,64196,卖盘
1637,14:37:48,10.01,-0.02,57,57065,卖盘
1638,14:37:51,10.04,0.03,8,8032,买盘
1639,14:37:54,10.04,0.0,2,2008,买盘
1640,14:37:57,10.04,0.0,66,66126,买盘
1641,14:38:00,10.04,0.0,22,22088,买盘
1642,14:38:04,10.05,0.01,47,47203,买盘
1643,14:38:06,10.05,0.0,39,39183,买盘
1644,14:38:09,10.03,-0.02,29,29113,卖盘
1645,14:38:18,10.04,0.01,5,5020,中性盘
1646,14:38:27,10.05,0.01,128,128178,买盘
1647,14:38:33,10.04,-0.01,2,2008,卖盘
1648,14:38:36,10.04,0.0,34,34136,卖盘
1649,14:38:40,10.04,0.0,4,4016,买盘
1650,14:38:42,10.04,0.0,4,4016,买盘
1651,14:38:48,10.03,-0.01,2,2006,卖盘
1652,14:38:51,10.02,-0.01,18,18043,卖盘
1653,14:38:55,10.04,0.02,4,4016,买盘
1654,14:39:00,10.02,-0.02,14,14039,卖盘
1655,14:39:04,10.04,0.02,4,4016,买盘
1656,14:39:09,10.02,-0.02,11,11028,卖盘
1657,14:39:15,10.03,0.01,1,1003,卖盘
1658,14:39:18,10.04,0.01,4,4015,买盘
1659,14:39:21,10.01,-0.03,66,66078,卖盘
1660,14:39:24,10.04,0.03,10,10040,买盘
1661,14:39:27,10.03,-0.01,2,2006,卖盘
1662,14:39:30,10.04,0.01,15,15060,买盘
1663,14:39:42,10.04,0.0,5,5020,买盘
1664,14:39:45,10.03,-0.01,6,6018,卖盘
1665,14:39:48,10.03,0.0,4,4012,卖盘
1666,14:39:51,10.05,0.02,31,31088,买盘
1667,14:40:01,10.02,-0.03,12,12034,卖盘
1668,14:40:04,10.05,0.03,45,45210,买盘
1669,14:40:06,10.05,0.0,5,5025,买盘
1670,14:40:09,10.04,-0.01,7,7028,中性盘
1671,14:40:12,10.02,-0.02,72,72154,卖盘
1672,14:40:15,10.05,0.03,4,4020,买盘
1673,14:40:18,10.05,0.0,11,11055,买盘
1674,14:40:27,10.04,-0.01,2,2008,卖盘
1675,14:40:30,10.05,0.01,4,4020,买盘
1676,14:40:33,10.04,-0.01,2,2008,卖盘
1677,14:40:39,10.04,0.0,2,2008,卖盘
1678,14:40:42,10.05,0.01,4,4020,买盘
1679,14:40:45,10.04,-0.01,2,2008,卖盘
1680,14:40:51,10.03,-0.01,70,70256,卖盘
1681,14:40:54,10.05,0.02,4,4020,买盘
1682,14:41:04,10.05,0.0,43,43147,买盘
1683,14:41:06,10.04,-0.01,8,8025,中性盘
1684,14:41:09,10.04,0.0,2,2008,买盘
1685,14:41:12,10.03,-0.01,4,4012,卖盘
1686,14:41:16,10.04,0.01,1,1004,买盘
1687,14:41:19,10.04,0.0,8,8032,买盘
1688,14:41:22,10.04,0.0,3,3012,买盘
1689,14:41:24,10.04,0.0,19,19058,买盘
1690,14:41:28,10.04,0.0,1,1004,买盘
1691,14:41:31,10.04,0.0,4,4016,买盘
1692,14:41:42,10.04,0.0,5,5020,买盘
1693,14:41:45,10.04,0.0,1,1004,买盘
1694,14:41:54,10.04,0.0,80,80250,买盘
1695,14:41:58,10.04,0.0,6,6024,买盘
1696,14:42:06,10.04,0.0,4,4016,买盘
1697,14:42:09,10.03,-0.01,27,27082,卖盘
1698,14:42:12,10.03,0.0,3,3009,买盘
1699,14:42:18,10.03,0.0,4,4012,买盘
1700,14:42:27,10.03,0.0,7,7021,买盘
1701,14:42:30,10.03,0.0,5,5015,买盘
1702,14:42:39,10.03,0.0,3,3009,买盘
1703,14:42:42,10.03,0.0,2,2006,买盘
1704,14:42:45,10.02,-0.01,7,7019,卖盘
1705,14:42:51,10.03,0.01,4,4012,买盘
1706,14:42:55,10.03,0.0,1,1003,买盘
1707,14:43:06,10.04,0.01,4,4016,买盘
1708,14:43:09,10.03,-0.01,1,1003,卖盘
1709,14:43:15,10.03,0.0,1,1003,卖盘
1710,14:43:18,10.04,0.01,4,4016,买盘
1711,14:43:21,10.04,0.0,1,1004,买盘
1712,14:43:27,10.03,-0.01,1,1003,卖盘
1713,14:43:30,10.04,0.01,5,5020,买盘
1714,14:43:36,10.04,0.0,4,4016,买盘
1715,14:43:39,10.04,0.0,11,11037,买盘
1716,14:43:42,10.04,0.0,1,1004,买盘
1717,14:43:45,10.03,-0.01,6,6018,卖盘
1718,14:43:48,10.04,0.01,3,3012,买盘
1719,14:43:51,10.04,0.0,4,4016,买盘
1720,14:44:04,10.04,0.0,4,4014,买盘
1721,14:44:06,10.04,0.0,4,4016,买盘
1722,14:44:09,10.04,0.0,1,1004,买盘
1723,14:44:15,10.04,0.0,7,7028,买盘
1724,14:44:19,10.04,0.0,4,4016,买盘
1725,14:44:22,10.04,0.0,217,217868,买盘
1726,14:44:24,10.05,0.01,11,11055,买盘
1727,14:44:28,10.04,-0.01,6,6024,卖盘
1728,14:44:30,10.05,0.01,5,5025,买盘
1729,14:44:39,10.04,0.0,143,143572,卖盘
1730,14:44:42,10.05,0.01,16,16080,买盘
1731,14:44:45,10.05,0.0,6,6030,买盘
1732,14:44:55,10.05,0.0,4,4020,买盘
1733,14:45:06,10.05,0.0,17,17072,买盘
1734,14:45:09,10.05,0.0,2,2009,买盘
1735,14:45:12,10.04,-0.01,77,77308,卖盘
1736,14:45:15,10.05,0.01,6,6030,买盘
1737,14:45:18,10.05,0.0,5,5025,买盘
1738,14:45:21,10.04,-0.01,49,49196,卖盘
1739,14:45:24,10.05,0.01,5,5023,买盘
1740,14:45:27,10.05,0.0,4,4020,买盘
1741,14:45:33,10.04,-0.01,78,78312,卖盘
1742,14:45:36,10.05,0.01,1,1005,买盘
1743,14:45:43,10.04,-0.01,13,13056,卖盘
1744,14:45:46,10.05,0.01,1,1005,买盘
1745,14:45:51,10.05,0.0,4,4020,买盘
1746,14:45:54,10.04,-0.01,3,2831,卖盘
1747,14:46:04,10.04,0.0,4,4016,买盘
1748,14:46:09,10.03,-0.01,2,2006,卖盘
1749,14:46:12,10.03,0.0,1,1003,卖盘
1750,14:46:15,10.04,0.01,4,4016,买盘
1751,14:46:18,10.04,0.0,5,5020,买盘
1752,14:46:21,10.04,0.0,50,50200,买盘
1753,14:46:27,10.03,-0.01,3,3009,卖盘
1754,14:46:31,10.04,0.01,51,51383,买盘
1755,14:46:33,10.04,0.0,5,5020,卖盘
1756,14:46:37,10.04,0.0,2,2008,卖盘
1757,14:46:40,10.04,0.0,179,179535,卖盘
1758,14:46:45,10.03,0.0,7,7021,卖盘
1759,14:46:48,10.03,0.0,86,86258,卖盘
1760,14:46:51,10.04,0.01,346,347562,买盘
1761,14:46:54,10.04,0.0,2,2008,卖盘
1762,14:46:57,10.04,0.0,20,20080,卖盘
1763,14:47:06,10.04,0.0,14,14061,卖盘
1764,14:47:15,10.04,0.0,13,13052,卖盘
1765,14:47:18,10.04,0.0,33,33136,卖盘
1766,14:47:21,10.04,0.0,58,58051,卖盘
1767,14:47:30,10.04,0.0,264,265056,买盘
1768,14:47:33,10.04,0.0,30,30120,买盘
1769,14:47:42,10.04,0.0,4,4016,买盘
1770,14:47:45,10.04,0.0,304,305216,买盘
1771,14:47:48,10.03,-0.01,1,1003,卖盘
1772,14:47:51,10.03,0.0,2,2006,卖盘
1773,14:47:54,10.04,0.01,4,4016,买盘
1774,14:48:06,10.03,-0.01,15,15059,卖盘
1775,14:48:09,10.03,0.0,18,18054,卖盘
1776,14:48:12,10.04,0.01,101,101434,买盘
1777,14:48:15,10.04,0.0,10,10040,卖盘
1778,14:48:18,10.05,0.01,4,4020,买盘
1779,14:48:31,10.04,-0.01,24,24100,卖盘
1780,14:48:42,10.05,0.01,4,4020,买盘
1781,14:48:45,10.03,-0.02,3,3011,卖盘
1782,14:48:54,10.05,0.02,5,5025,买盘
1783,14:48:57,10.03,-0.02,6,6022,卖盘
1784,14:49:06,10.03,0.0,6,6026,卖盘
1785,14:49:12,10.03,0.0,1,1003,卖盘
1786,14:49:18,10.04,0.01,4,4016,买盘
1787,14:49:31,10.04,0.0,9,9036,买盘
1788,14:49:34,10.04,0.0,1,1004,买盘
1789,14:49:42,10.04,0.0,4,4016,买盘
1790,14:49:48,10.04,0.0,202,202808,买盘
1791,14:49:54,10.05,0.01,4,4020,买盘
1792,14:50:01,10.04,-0.01,9,9036,卖盘
1793,14:50:04,10.04,0.0,6,6024,卖盘
1794,14:50:06,10.05,0.01,10,10044,买盘
1795,14:50:09,10.05,0.0,11,10869,买盘
1796,14:50:12,10.05,0.0,1,1005,买盘
1797,14:50:15,10.04,-0.01,40,40160,卖盘
1798,14:50:18,10.05,0.01,7,7035,买盘
1799,14:50:30,10.05,0.0,4,4020,买盘
1800,14:50:33,10.05,0.0,1,1005,买盘
1801,14:50:36,10.05,0.0,20,20090,买盘
1802,14:50:39,10.05,0.0,1,1005,买盘
1803,14:50:42,10.05,0.0,5,5025,买盘
1804,14:50:51,10.05,0.0,10,10050,买盘
1805,14:50:54,10.05,0.0,11,11049,买盘
1806,14:50:57,10.05,0.0,4,4020,买盘
1807,14:51:00,10.05,0.0,3,3015,买盘
1808,14:51:06,10.04,-0.01,94,94380,卖盘
1809,14:51:09,10.05,0.01,24,24120,买盘
1810,14:51:12,10.05,0.0,1,1005,买盘
1811,14:51:19,10.05,0.0,4,4020,买盘
1812,14:51:22,10.05,0.0,13,13065,买盘
1813,14:51:30,10.04,-0.01,25,25104,卖盘
1814,14:51:33,10.05,0.01,1,1005,买盘
1815,14:51:36,10.05,0.0,9,9045,买盘
1816,14:51:39,10.05,0.0,74,74370,买盘
1817,14:51:42,10.05,0.0,14,14060,买盘
1818,14:51:46,10.04,-0.01,6,6024,卖盘
1819,14:51:48,10.04,0.0,8,8213,卖盘
1820,14:51:51,10.03,-0.01,61,61183,卖盘
1821,14:51:54,10.05,0.02,156,156659,买盘
1822,14:51:57,10.04,-0.01,2,2008,中性盘
1823,14:52:00,10.04,0.0,1,492,卖盘
1824,14:52:03,10.04,0.0,2,2008,卖盘
1825,14:52:06,10.05,0.01,4,4020,买盘
1826,14:52:12,10.04,-0.01,17,17580,卖盘
1827,14:52:16,10.03,-0.01,18,18054,卖盘
1828,14:52:18,10.05,0.02,242,243138,买盘
1829,14:52:30,10.05,0.0,5,5025,买盘
1830,14:52:33,10.04,-0.01,1,1004,卖盘
1831,14:52:40,10.04,0.0,12,12048,卖盘
1832,14:52:42,10.05,0.01,4,4020,买盘
1833,14:52:51,10.03,-0.02,3,3009,卖盘
1834,14:52:54,10.04,0.01,4,4016,买盘
1835,14:53:06,10.04,0.0,4,4016,买盘
1836,14:53:09,10.03,-0.01,3,3009,卖盘
1837,14:53:19,10.04,0.01,12,12048,买盘
1838,14:53:22,10.03,-0.01,81,81213,卖盘
1839,14:53:25,10.03,0.0,30,30090,卖盘
1840,14:53:27,10.04,0.01,61,61239,买盘
1841,14:53:30,10.03,-0.01,32,32110,卖盘
1842,14:53:33,10.04,0.01,53,53212,买盘
1843,14:53:39,10.03,-0.01,11,11033,卖盘
1844,14:53:42,10.04,0.01,4,4016,买盘
1845,14:53:48,10.03,-0.01,10,10036,卖盘
1846,14:53:54,10.04,0.01,4,4016,买盘
1847,14:54:04,10.04,0.0,74,74296,买盘
1848,14:54:06,10.03,-0.01,7,7022,卖盘
1849,14:54:09,10.03,0.0,15,15155,卖盘
1850,14:54:12,10.03,0.0,3,3009,卖盘
1851,14:54:15,10.03,0.0,12,12036,卖盘
1852,14:54:18,10.04,0.01,86,86263,买盘
1853,14:54:24,10.03,-0.01,236,235911,卖盘
1854,14:54:27,10.03,0.0,11,11033,买盘
1855,14:54:30,10.03,0.0,39,39117,买盘
1856,14:54:36,10.03,0.0,34,34904,买盘
1857,14:54:42,10.03,0.0,14,14046,卖盘
1858,14:54:45,10.03,0.0,15,15050,卖盘
1859,14:54:48,10.03,0.0,58,58174,卖盘
1860,14:54:54,10.04,0.01,6,6023,买盘
1861,14:55:03,10.03,-0.01,20,20060,卖盘
1862,14:55:09,10.03,0.0,102,102306,卖盘
1863,14:55:15,10.03,0.0,15,15045,卖盘
1864,14:55:18,10.03,0.0,101,101303,卖盘
1865,14:55:21,10.03,0.0,40,39318,卖盘
1866,14:55:27,10.03,0.0,188,189366,买盘
1867,14:55:30,10.04,0.01,3,3012,买盘
1868,14:55:39,10.03,-0.01,28,28084,卖盘
1869,14:55:42,10.03,0.0,10,10030,卖盘
1870,14:55:45,10.03,0.0,13,13039,卖盘
1871,14:55:48,10.03,0.0,20,20060,卖盘
1872,14:55:51,10.03,0.0,1,1003,卖盘
1873,14:55:54,10.04,0.01,328,329312,买盘
1874,14:55:57,10.04,0.0,11,11054,卖盘
1875,14:56:00,10.05,0.01,31,31133,买盘
1876,14:56:04,10.05,0.0,1,1005,买盘
1877,14:56:06,10.05,0.0,14,14060,买盘
1878,14:56:12,10.04,-0.01,2,2008,卖盘
1879,14:56:24,10.05,0.01,4,4020,买盘
1880,14:56:27,10.04,-0.01,617,619468,卖盘
1881,14:56:30,10.05,0.01,28,28140,买盘
1882,14:56:36,10.04,-0.01,3,3012,卖盘
1883,14:56:39,10.05,0.01,15,15065,买盘
1884,14:56:54,10.04,0.0,6,6024,卖盘
1885,14:57:00,10.04,0.0,81,81284,卖盘
1886,15:00:04,10.04,0.0,270,271080,卖盘
