,time,price,change,volume,amount,type
0,09:30:07,29.25,-0.44,25,73190,卖盘
1,09:30:10,29.25,0.0,5,14625,卖盘
2,09:30:19,29.24,-0.01,5,14620,买盘
3,09:30:22,29.0,-0.24,5,14521,卖盘
4,09:30:25,29.25,0.25,28,81900,买盘
5,09:30:34,29.01,-0.24,5,14505,中性盘
6,09:30:37,29.01,0.0,10,29010,卖盘
7,09:30:43,29.24,0.23,2,5848,买盘
8,09:30:58,29.23,-0.01,3,8769,买盘
9,09:31:04,29.2,-0.03,1,2920,买盘
10,09:31:07,29.19,-0.01,1,2919,中性盘
11,09:31:10,29.19,0.0,11,32109,中性盘
12,09:31:13,29.19,0.0,2,5838,买盘
13,09:31:16,29.2,0.01,27,78825,买盘
14,09:31:19,29.2,0.0,2,5840,买盘
15,09:31:22,29.18,-0.02,1,2918,买盘
16,09:31:25,29.24,0.06,45,131522,买盘
17,09:31:28,29.25,0.01,21,61408,买盘
18,09:31:34,29.35,0.1,1,2935,买盘
19,09:31:43,29.34,-0.01,20,58580,买盘
20,09:31:55,29.25,-0.09,1,2925,卖盘
21,09:32:04,29.26,0.01,9,26398,中性盘
22,09:32:10,29.32,0.06,110,321886,买盘
23,09:32:16,29.34,0.02,30,87962,买盘
24,09:32:22,29.26,-0.08,1,2926,买盘
25,09:32:28,29.24,-0.02,19,55566,卖盘
26,09:32:31,29.32,0.08,1,2932,买盘
27,09:32:43,29.32,0.0,20,58648,卖盘
28,09:33:16,29.1,-0.22,201,586201,卖盘
29,09:33:37,29.1,0.0,2,5820,卖盘
30,09:33:40,29.09,-0.01,20,58180,卖盘
31,09:33:43,29.09,0.0,13,37820,卖盘
32,09:33:46,29.1,0.01,4,11640,买盘
33,09:33:49,29.1,0.0,4,11639,买盘
34,09:33:52,29.27,0.17,21,61399,买盘
35,09:33:55,29.08,-0.19,48,139656,卖盘
36,09:33:58,29.1,0.02,6,17460,卖盘
37,09:34:10,29.1,0.0,20,58210,卖盘
38,09:34:16,29.2,0.1,2,5840,买盘
39,09:34:22,29.2,0.0,3,8760,买盘
40,09:34:25,29.2,0.0,5,14600,买盘
41,09:34:28,29.2,0.0,5,14600,买盘
42,09:34:31,29.11,-0.09,42,122280,卖盘
43,09:34:34,29.2,0.09,2,5840,买盘
44,09:34:46,29.19,-0.01,1,2919,买盘
45,09:34:49,29.19,0.0,6,17514,买盘
46,09:35:01,29.12,-0.07,18,52507,卖盘
47,09:35:07,29.19,0.07,1,2919,买盘
48,09:35:16,29.12,-0.07,6,17472,卖盘
49,09:35:19,29.18,0.06,20,58360,买盘
50,09:35:28,29.12,-0.06,8,23296,卖盘
51,09:35:34,29.16,0.04,3,8748,买盘
52,09:35:43,29.12,-0.04,10,29120,卖盘
53,09:36:04,29.12,0.0,2,5824,卖盘
54,09:36:07,29.12,0.0,41,119422,卖盘
55,09:36:31,29.12,0.0,3,8736,卖盘
56,09:36:37,29.12,0.0,1,2912,卖盘
57,09:36:40,29.14,0.02,7,20390,买盘
58,09:36:58,29.12,-0.02,10,29120,卖盘
59,09:37:01,29.11,-0.01,1,2911,卖盘
60,09:37:10,29.12,0.01,8,23296,卖盘
61,09:37:16,29.11,-0.01,10,29110,卖盘
62,09:37:19,29.11,0.0,10,29110,卖盘
63,09:37:22,29.12,0.01,11,32026,买盘
64,09:37:25,29.11,-0.01,12,34932,卖盘
65,09:37:37,29.11,0.0,18,52398,卖盘
66,09:37:40,29.11,0.0,28,81508,卖盘
67,09:37:43,29.11,0.0,7,20377,卖盘
68,09:37:46,29.11,0.0,5,14555,买盘
69,09:37:58,29.11,0.0,1,2911,买盘
70,09:38:01,29.11,0.0,10,29110,买盘
71,09:38:04,29.12,0.01,38,110619,买盘
72,09:38:10,29.1,-0.02,3,8730,卖盘
73,09:38:16,29.11,0.01,10,29110,买盘
74,09:38:28,29.11,0.0,8,23288,买盘
75,09:38:37,29.11,0.0,24,69851,买盘
76,09:38:40,29.11,0.0,37,107707,卖盘
77,09:38:46,29.12,0.01,12,34944,买盘
78,09:39:10,29.11,-0.01,29,84419,卖盘
79,09:39:13,29.12,0.01,5,14560,买盘
80,09:39:34,29.11,-0.01,5,14555,卖盘
81,09:39:37,29.12,0.01,8,23296,买盘
82,09:39:40,29.1,-0.02,91,264831,卖盘
83,09:39:46,29.1,0.0,2,5820,卖盘
84,09:39:52,29.11,0.01,8,23288,买盘
85,09:39:55,29.08,-0.03,95,276342,卖盘
86,09:40:10,29.07,-0.01,28,81396,卖盘
87,09:40:13,29.07,0.0,3,8721,卖盘
88,09:40:19,29.06,-0.01,172,499909,卖盘
89,09:40:25,29.06,0.0,1,2906,卖盘
90,09:40:31,29.06,0.0,41,119146,卖盘
91,09:40:34,29.04,-0.02,22,63908,卖盘
92,09:40:37,29.05,0.01,15,43567,买盘
93,09:40:43,29.02,-0.03,1,2902,卖盘
94,09:40:46,29.02,0.0,36,104492,卖盘
95,09:40:49,29.02,0.0,3,8706,卖盘
96,09:40:52,29.02,0.0,37,107390,卖盘
97,09:40:55,29.02,0.0,9,26123,卖盘
98,09:40:58,29.02,0.0,6,17412,买盘
99,09:41:04,29.01,-0.01,36,104436,卖盘
100,09:41:07,29.0,-0.01,126,365400,卖盘
101,09:41:13,28.98,-0.02,5,14493,卖盘
102,09:41:22,28.94,-0.04,9,26046,卖盘
103,09:41:28,28.9,-0.04,2,5780,卖盘
104,09:41:31,28.88,-0.02,16,46234,卖盘
105,09:41:37,28.88,0.0,18,51984,卖盘
106,09:41:40,28.8,-0.08,60,173068,卖盘
107,09:41:43,28.7,-0.1,20,57504,卖盘
108,09:41:46,28.8,0.1,5,14400,买盘
109,09:41:52,28.75,-0.05,1,2875,买盘
110,09:41:58,28.75,0.0,23,66040,买盘
111,09:42:01,28.6,-0.15,22,63020,卖盘
112,09:42:04,28.6,0.0,10,28630,卖盘
113,09:42:10,28.6,0.0,44,125935,卖盘
114,09:42:13,28.6,0.0,2,5720,买盘
115,09:42:16,28.6,0.0,60,171989,卖盘
116,09:42:19,28.56,-0.04,68,194360,卖盘
117,09:42:22,28.59,0.03,26,74340,买盘
118,09:42:25,28.59,0.0,13,37167,买盘
119,09:42:28,28.6,0.01,21,60056,买盘
120,09:42:31,28.58,-0.02,101,289312,卖盘
121,09:42:34,28.56,-0.02,226,645479,卖盘
122,09:42:37,28.58,0.02,2,5716,中性盘
123,09:42:40,28.58,0.0,135,385708,买盘
124,09:42:43,28.58,0.0,65,185770,买盘
125,09:42:46,28.6,0.02,209,597196,买盘
126,09:42:49,28.6,0.0,38,108676,买盘
127,09:42:52,28.58,-0.02,10,28580,卖盘
128,09:42:55,28.6,0.02,1,2860,买盘
129,09:42:58,28.6,0.0,6,17160,买盘
130,09:43:01,28.69,0.09,5,14345,买盘
131,09:43:07,28.69,0.0,5,14345,买盘
132,09:43:10,28.7,0.01,345,986060,买盘
133,09:43:16,28.68,-0.02,2,5736,买盘
134,09:43:19,28.68,0.0,2,5736,买盘
135,09:43:22,28.68,0.0,31,88880,买盘
136,09:43:25,28.68,0.0,1,2868,买盘
137,09:43:31,28.7,0.02,10,28700,买盘
138,09:43:37,28.7,0.0,28,80360,买盘
139,09:43:40,28.64,-0.06,52,148979,卖盘
140,09:43:43,28.7,0.06,40,114770,买盘
141,09:43:46,28.7,0.0,5,14350,买盘
142,09:43:52,28.68,-0.02,326,938435,卖盘
143,09:44:04,28.55,-0.13,137,392355,卖盘
144,09:44:07,28.55,0.0,101,288355,买盘
145,09:44:10,28.54,-0.01,10,28540,中性盘
146,09:44:13,28.54,0.0,2,5708,买盘
147,09:44:16,28.54,0.0,17,48518,买盘
148,09:44:19,28.51,-0.03,91,259498,卖盘
149,09:44:22,28.52,0.01,1,2852,买盘
150,09:44:25,28.52,0.0,5,14260,买盘
151,09:44:28,28.51,-0.01,18,51318,卖盘
152,09:44:31,28.51,0.0,66,188166,买盘
153,09:44:34,28.68,0.17,32,91328,买盘
154,09:44:37,28.5,-0.18,15,42776,卖盘
155,09:44:40,28.5,0.0,115,327756,卖盘
156,09:44:43,28.5,0.0,10,28505,卖盘
157,09:44:46,28.51,0.01,105,299246,买盘
158,09:44:49,28.51,0.0,37,105483,买盘
159,09:44:58,28.51,0.0,31,88460,卖盘
160,09:45:01,28.51,0.0,38,108338,卖盘
161,09:45:10,28.5,-0.01,12,34200,卖盘
162,09:45:13,28.5,0.0,20,57000,买盘
163,09:45:16,28.51,0.01,5,14252,买盘
164,09:45:19,28.44,-0.07,55,157952,卖盘
165,09:45:22,28.51,0.07,12,34212,买盘
166,09:45:25,28.51,0.0,40,114040,卖盘
167,09:45:40,28.55,0.04,3,8565,卖盘
168,09:45:43,28.51,-0.04,17,48508,卖盘
169,09:45:46,28.67,0.16,9,25691,买盘
170,09:46:01,28.55,-0.12,17,48612,卖盘
171,09:46:10,28.65,0.1,10,28650,中性盘
172,09:46:13,28.55,-0.1,5,14275,卖盘
173,09:46:16,28.55,0.0,2,5710,卖盘
174,09:46:19,28.55,0.0,2,5710,卖盘
175,09:46:22,28.5,-0.05,168,478990,卖盘
176,09:46:28,28.5,0.0,1,2850,买盘
177,09:46:31,28.45,-0.05,14,39831,卖盘
178,09:46:34,28.5,0.05,1,2850,卖盘
179,09:46:37,28.66,0.16,29,83092,买盘
180,09:46:43,28.5,-0.16,4,11401,卖盘
181,09:46:46,28.47,-0.03,3,8541,中性盘
182,09:46:49,28.5,0.03,1549,4320586,买盘
183,09:46:55,28.5,0.0,4,11400,买盘
184,09:46:58,28.47,-0.03,5,14235,卖盘
185,09:47:01,28.5,0.03,35,99678,买盘
186,09:47:04,28.3,-0.2,69,186451,卖盘
187,09:47:07,28.3,0.0,3,8490,买盘
188,09:47:10,28.29,-0.01,5,14145,中性盘
189,09:47:13,28.69,0.4,340,967776,买盘
190,09:47:16,26.99,-1.7,1,2699,中性盘
191,09:47:19,28.0,1.01,9,25200,中性盘
192,09:47:22,28.8,0.8,216,619986,买盘
193,09:47:28,28.8,0.0,104,299520,卖盘
194,09:47:31,28.0,-0.8,6,17060,卖盘
195,09:47:34,27.26,-0.74,45,126024,卖盘
196,09:47:46,28.65,1.39,28,78120,买盘
197,09:47:49,27.5,-1.15,13,35765,卖盘
198,09:47:52,28.65,1.15,12,34290,买盘
199,09:47:58,27.53,-1.12,17,47553,卖盘
200,09:48:01,28.5,0.97,15,42150,买盘
201,09:48:07,28.42,-0.08,35,98252,卖盘
202,09:48:10,27.61,-0.81,5,13805,中性盘
203,09:48:16,28.65,1.04,254,725337,买盘
204,09:48:19,28.62,-0.03,7,20034,卖盘
205,09:48:22,28.62,0.0,58,165996,卖盘
206,09:48:25,28.62,0.0,26,74448,卖盘
207,09:48:28,27.77,-0.85,15,42290,卖盘
208,09:48:31,28.0,0.23,16,44754,中性盘
209,09:48:34,27.63,-0.37,170,481792,卖盘
210,09:48:37,28.61,0.98,13,37108,买盘
211,09:48:43,28.39,-0.22,5,14195,买盘
212,09:48:52,28.3,-0.09,17,47570,中性盘
213,09:48:55,28.3,0.0,1,2830,买盘
214,09:48:58,28.4,0.1,52,146477,买盘
215,09:49:04,28.4,0.0,16,45440,卖盘
216,09:49:07,28.4,0.0,2,5680,卖盘
217,09:49:10,28.41,0.01,2,5682,中性盘
218,09:49:13,28.4,-0.01,58,164720,卖盘
219,09:49:16,28.4,0.0,14,39760,卖盘
220,09:49:22,28.58,0.18,230,654759,买盘
221,09:49:37,28.55,-0.03,241,685530,买盘
222,09:49:43,28.16,-0.39,3,8450,卖盘
223,09:49:49,28.16,0.0,2,5632,买盘
224,09:49:52,28.1,-0.06,36,101183,卖盘
225,09:49:55,28.16,0.06,4,11258,买盘
226,09:49:58,28.16,0.0,14,39424,买盘
227,09:50:01,28.2,0.04,6,16900,中性盘
228,09:50:10,28.16,-0.04,1,2816,卖盘
229,09:50:22,28.34,0.18,17,48178,买盘
230,09:50:25,28.35,0.01,26,73690,买盘
231,09:50:28,28.16,-0.19,57,160647,卖盘
232,09:50:31,28.16,0.0,1,2816,买盘
233,09:50:34,28.16,0.0,6,16896,买盘
234,09:50:37,28.21,0.05,1,2821,卖盘
235,09:50:40,28.2,-0.01,17,47940,买盘
236,09:50:43,28.11,-0.09,22,61881,卖盘
237,09:50:46,28.2,0.09,71,199742,买盘
238,09:50:49,28.2,0.0,11,31020,买盘
239,09:50:52,28.2,0.0,15,42265,买盘
240,09:50:55,28.2,0.0,25,70500,买盘
241,09:50:58,28.1,-0.1,38,106780,卖盘
242,09:51:01,28.2,0.1,31,87384,买盘
243,09:51:04,28.2,0.0,38,107160,卖盘
244,09:51:10,28.2,0.0,31,87420,卖盘
245,09:51:16,28.1,-0.1,6,16867,卖盘
246,09:51:19,28.1,0.0,1,2810,买盘
247,09:51:22,28.2,0.1,22,61834,买盘
248,09:51:28,28.08,-0.12,4,11234,卖盘
249,09:51:34,28.09,0.01,13,36529,卖盘
250,09:51:37,28.1,0.01,13,36520,买盘
251,09:51:40,28.1,0.0,29,81490,卖盘
252,09:51:43,28.08,-0.02,55,154480,卖盘
253,09:51:46,28.09,0.01,10,28090,卖盘
254,09:51:58,28.1,0.01,15,42150,卖盘
255,09:52:04,28.1,0.0,14,39340,卖盘
256,09:52:10,28.09,-0.01,26,73055,卖盘
257,09:52:16,28.09,0.0,1,2809,买盘
258,09:52:19,28.09,0.0,1,2809,买盘
259,09:52:22,28.09,0.0,11,30899,买盘
260,09:52:25,28.09,0.0,29,81604,买盘
261,09:52:31,28.2,0.11,32,90240,买盘
262,09:52:34,28.09,-0.11,51,143572,卖盘
263,09:52:37,28.09,0.0,10,28090,买盘
264,09:52:40,28.08,-0.01,48,135291,中性盘
265,09:52:43,28.06,-0.02,54,152055,卖盘
266,09:52:46,28.3,0.24,6,16980,买盘
267,09:52:55,28.3,0.0,68,192440,卖盘
268,09:53:07,28.32,0.02,100,283022,买盘
269,09:53:19,28.2,-0.12,15,42300,买盘
270,09:53:22,28.3,0.1,20,56457,买盘
271,09:53:25,28.11,-0.19,45,126496,卖盘
272,09:53:28,28.31,0.2,63,178071,买盘
273,09:53:34,28.29,-0.02,38,107502,买盘
274,09:53:37,28.3,0.01,34,96208,买盘
275,09:53:43,28.3,0.0,117,330956,买盘
276,09:53:46,28.3,0.0,8,22640,卖盘
277,09:53:52,28.3,0.0,8,22640,卖盘
278,09:53:55,28.3,0.0,67,189729,卖盘
279,09:53:58,28.3,0.0,5,14150,买盘
280,09:54:01,28.35,0.05,14,39670,买盘
281,09:54:07,28.4,0.05,85,241230,买盘
282,09:54:10,28.28,-0.12,2,5658,卖盘
283,09:54:16,28.28,0.0,2,5656,买盘
284,09:54:19,28.28,0.0,17,48076,买盘
285,09:54:22,28.3,0.02,19,53760,买盘
286,09:54:31,28.3,0.0,8,22640,买盘
287,09:54:34,28.3,0.0,1,2830,买盘
288,09:54:37,28.28,-0.02,5,14140,买盘
289,09:54:40,28.27,-0.01,5,14135,中性盘
290,09:54:43,28.25,-0.02,21,59325,卖盘
291,09:54:46,28.25,0.0,2,5650,卖盘
292,09:54:55,28.2,-0.05,304,857300,卖盘
293,09:54:58,28.25,0.05,15,42375,买盘
294,09:55:01,28.25,0.0,5,14115,买盘
295,09:55:04,28.2,-0.05,100,282000,卖盘
296,09:55:07,28.2,0.0,50,141000,卖盘
297,09:55:19,28.24,0.04,16,45184,买盘
298,09:55:22,28.2,-0.04,5,14100,卖盘
299,09:55:25,28.19,-0.01,22,62032,卖盘
300,09:55:28,28.2,0.01,5,14100,买盘
301,09:55:34,28.24,0.04,25,70548,买盘
302,09:55:37,28.27,0.03,32,90378,买盘
303,09:55:40,28.22,-0.05,4,11288,中性盘
304,09:55:43,28.27,0.05,78,220024,买盘
305,09:55:46,28.2,-0.07,5,14100,卖盘
306,09:55:49,28.2,0.0,20,56418,卖盘
307,09:56:07,28.21,0.01,16,45136,卖盘
308,09:56:13,28.2,-0.01,10,28203,卖盘
309,09:56:19,28.21,0.01,3,8463,买盘
310,09:56:22,28.2,-0.01,11,31024,卖盘
311,09:56:34,28.2,0.0,15,42301,卖盘
312,09:56:40,28.21,0.01,54,152323,买盘
313,09:56:43,28.25,0.04,71,200529,买盘
314,09:56:46,28.25,0.0,10,28250,卖盘
315,09:56:52,28.25,0.0,11,31075,卖盘
316,09:57:07,28.25,0.0,7,19775,卖盘
317,09:57:10,28.3,0.05,99,279982,买盘
318,09:57:16,28.3,0.0,1,2830,卖盘
319,09:57:25,28.21,-0.09,40,112840,卖盘
320,09:57:28,28.3,0.09,10,28300,买盘
321,09:57:31,28.34,0.04,30,84999,买盘
322,09:57:37,28.21,-0.13,16,45137,卖盘
323,09:57:43,28.35,0.14,104,294478,买盘
324,09:57:46,28.35,0.0,12,34020,买盘
325,09:57:49,28.35,0.0,3,8505,卖盘
326,09:57:52,28.35,0.0,13,36855,卖盘
327,09:57:55,28.31,-0.04,139,392210,买盘
328,09:58:04,28.4,0.09,40,113537,买盘
329,09:58:07,28.4,0.0,15,42600,卖盘
330,09:58:10,28.4,0.0,1,2840,卖盘
331,09:58:13,28.4,0.0,1,2840,卖盘
332,09:58:16,28.47,0.07,21,59773,买盘
333,09:58:19,28.4,-0.07,1,2840,卖盘
334,09:58:22,28.4,0.0,14,39760,卖盘
335,09:58:28,28.4,0.0,16,45440,卖盘
336,09:58:34,28.45,0.05,8,22725,买盘
337,09:58:37,28.4,-0.05,20,56800,卖盘
338,09:58:40,28.4,0.0,8,22720,卖盘
339,09:58:43,28.4,0.0,34,96568,卖盘
340,09:58:55,28.47,0.07,40,113776,买盘
341,09:58:58,28.44,-0.03,10,28440,卖盘
342,09:59:07,28.46,0.02,2,5690,买盘
343,09:59:16,28.44,-0.02,25,71100,卖盘
344,09:59:22,28.44,0.0,22,62568,买盘
345,09:59:34,28.45,0.01,1,2845,买盘
346,09:59:40,28.44,-0.01,28,79632,卖盘
347,09:59:49,28.44,0.0,10,28440,买盘
348,09:59:58,28.41,-0.03,12,34092,卖盘
349,10:00:07,28.41,0.0,7,19887,卖盘
350,10:00:10,28.44,0.03,58,164897,买盘
351,10:00:13,28.41,-0.03,12,34113,卖盘
352,10:00:22,28.41,0.0,6,17046,卖盘
353,10:00:25,28.45,0.04,2,5690,买盘
354,10:00:28,28.41,-0.04,11,31253,卖盘
355,10:00:37,28.41,0.0,6,17046,卖盘
356,10:00:43,28.41,0.0,1,2841,卖盘
357,10:00:49,28.4,-0.01,32,90880,卖盘
358,10:00:58,28.4,0.0,22,62336,买盘
359,10:01:10,28.28,-0.12,5,14140,卖盘
360,10:01:13,28.28,0.0,30,84840,卖盘
361,10:01:16,28.39,0.11,3,8517,买盘
362,10:01:28,28.28,-0.11,19,53750,卖盘
363,10:01:40,28.28,0.0,1,2828,卖盘
364,10:01:43,28.28,0.0,39,110292,卖盘
365,10:02:13,28.24,-0.04,20,56516,卖盘
366,10:02:28,28.23,-0.01,56,158118,卖盘
367,10:02:43,28.24,0.01,19,53656,卖盘
368,10:02:55,28.24,0.0,12,33888,卖盘
369,10:02:58,28.24,0.0,30,83612,卖盘
370,10:03:13,28.26,0.02,9,27322,买盘
371,10:03:16,28.24,-0.02,4,10534,卖盘
372,10:03:28,28.26,0.02,1,2826,买盘
373,10:03:31,28.26,0.0,2,5652,买盘
374,10:03:40,28.24,-0.02,2,4886,卖盘
375,10:03:46,28.24,0.0,1,2824,买盘
376,10:04:04,28.23,-0.01,4,11292,卖盘
377,10:04:07,28.23,0.0,4,11292,卖盘
378,10:04:10,28.23,0.0,42,118566,卖盘
379,10:04:13,28.24,0.01,5,14120,买盘
380,10:04:16,28.23,-0.01,48,135504,卖盘
381,10:04:22,28.23,0.0,10,28230,卖盘
382,10:04:34,28.23,0.0,15,42345,卖盘
383,10:04:37,28.24,0.01,1,2824,买盘
384,10:04:40,28.23,-0.01,35,99568,卖盘
385,10:04:43,28.23,0.0,17,47991,卖盘
386,10:04:52,28.23,0.0,7,18999,卖盘
387,10:05:04,28.22,-0.01,9,25398,卖盘
388,10:05:07,28.22,0.0,2,5644,卖盘
389,10:05:16,28.24,0.02,10,28240,买盘
390,10:05:22,28.23,-0.01,7,19761,卖盘
391,10:05:34,28.22,-0.01,14,39508,卖盘
392,10:05:40,28.22,0.0,5,14110,卖盘
393,10:05:49,28.21,-0.01,121,341342,卖盘
394,10:05:52,28.21,0.0,14,39494,卖盘
395,10:05:55,28.22,0.01,2,5644,买盘
396,10:06:04,28.21,-0.01,32,90272,卖盘
397,10:06:10,28.21,0.0,35,98735,卖盘
398,10:06:19,28.22,0.01,11,31042,中性盘
399,10:06:31,28.22,0.0,7,19754,卖盘
400,10:06:34,28.22,0.0,16,45157,卖盘
401,10:06:37,28.22,0.0,21,59262,卖盘
402,10:06:43,28.21,-0.01,20,56420,卖盘
403,10:06:46,28.22,0.01,5,14110,买盘
404,10:06:52,28.21,-0.01,13,36673,卖盘
405,10:06:58,28.22,0.01,9,25398,买盘
406,10:07:01,28.22,0.0,1,2822,买盘
407,10:07:04,28.21,-0.01,10,28210,卖盘
408,10:07:07,28.22,0.01,1,2822,买盘
409,10:07:10,28.21,-0.01,35,98735,卖盘
410,10:07:16,28.22,0.01,1,2822,买盘
411,10:07:22,28.21,-0.01,14,39494,卖盘
412,10:07:34,28.21,0.0,9,25389,卖盘
413,10:07:40,28.21,0.0,34,95914,卖盘
414,10:07:43,28.21,0.0,19,53599,卖盘
415,10:07:52,28.21,0.0,12,33852,卖盘
416,10:08:04,28.21,0.0,7,19747,卖盘
417,10:08:10,28.2,-0.01,35,98700,卖盘
418,10:08:16,28.2,0.0,199,561180,卖盘
419,10:08:25,28.19,-0.01,100,281900,卖盘
420,10:08:28,28.19,0.0,3,8457,卖盘
421,10:08:31,28.18,-0.01,400,1127220,卖盘
422,10:08:37,28.18,0.0,22,61996,卖盘
423,10:08:40,28.18,0.0,3,8454,卖盘
424,10:08:49,28.17,-0.01,64,180289,卖盘
425,10:08:55,28.17,0.0,3,8451,卖盘
426,10:08:58,28.17,0.0,25,70435,卖盘
427,10:09:00,28.18,0.01,11,30998,买盘
428,10:09:07,28.17,-0.01,14,39438,卖盘
429,10:09:10,28.17,0.0,50,140850,卖盘
430,10:09:28,28.18,0.01,8,22544,买盘
431,10:09:34,28.17,-0.01,9,25353,卖盘
432,10:09:40,28.17,0.0,35,98595,卖盘
433,10:09:43,28.17,0.0,24,67610,卖盘
434,10:09:45,28.17,0.0,6,16902,卖盘
435,10:10:04,28.17,0.0,2,5634,卖盘
436,10:10:10,28.17,0.0,34,95778,卖盘
437,10:10:19,28.17,0.0,4,11268,卖盘
438,10:10:25,28.17,0.0,3,8451,卖盘
439,10:10:31,28.18,0.01,15,42258,买盘
440,10:10:40,28.18,0.0,29,81722,卖盘
441,10:10:58,28.18,0.0,10,28180,买盘
442,10:11:04,28.18,0.0,9,25362,买盘
443,10:11:10,28.17,-0.01,34,95778,卖盘
444,10:11:19,28.17,0.0,1,2817,卖盘
445,10:11:22,28.17,0.0,3,8451,卖盘
446,10:11:43,28.17,0.0,20,56340,卖盘
447,10:11:46,28.17,0.0,9,25353,卖盘
448,10:11:55,28.17,0.0,53,149301,卖盘
449,10:12:04,28.18,0.01,31,87339,买盘
450,10:12:10,28.16,-0.02,35,98560,卖盘
451,10:12:16,28.18,0.02,13,36620,买盘
452,10:12:25,28.16,-0.02,5,14080,卖盘
453,10:12:31,28.16,0.0,14,39424,卖盘
454,10:12:43,28.16,0.0,25,70405,卖盘
455,10:12:46,28.16,0.0,13,36608,卖盘
456,10:12:49,28.16,0.0,3,8448,卖盘
457,10:12:52,28.18,0.02,62,174627,买盘
458,10:12:55,28.16,-0.02,115,323840,卖盘
459,10:13:01,28.16,0.0,17,47872,卖盘
460,10:13:04,28.18,0.02,20,56346,买盘
461,10:13:10,28.17,-0.01,5,14085,卖盘
462,10:13:16,28.17,0.0,15,42255,买盘
463,10:13:18,28.17,0.0,27,76059,买盘
464,10:13:22,28.17,0.0,6,16902,买盘
465,10:13:25,28.18,0.01,1,2818,买盘
466,10:13:31,28.17,-0.01,10,28170,卖盘
467,10:13:40,28.17,0.0,8,22536,卖盘
468,10:13:48,28.17,0.0,20,56340,买盘
469,10:13:55,28.17,0.0,27,76059,买盘
470,10:14:01,28.17,0.0,11,30978,买盘
471,10:14:04,28.17,0.0,4,11268,买盘
472,10:14:10,28.16,-0.01,14,39424,卖盘
473,10:14:15,28.16,0.0,6,16896,买盘
474,10:14:30,28.15,-0.01,12,33780,卖盘
475,10:14:34,28.15,0.0,25,70385,卖盘
476,10:14:40,28.15,0.0,41,115416,卖盘
477,10:14:43,28.15,0.0,31,87286,卖盘
478,10:14:46,28.15,0.0,9,25335,卖盘
479,10:14:58,28.17,0.02,37,104229,买盘
480,10:15:01,28.17,0.0,9,25353,卖盘
481,10:15:07,28.19,0.02,20,56370,买盘
482,10:15:10,28.17,-0.02,5,14087,卖盘
483,10:15:13,28.17,0.0,17,47889,买盘
484,10:15:25,28.17,0.0,21,59157,买盘
485,10:15:31,28.17,0.0,13,36621,卖盘
486,10:15:43,28.17,0.0,20,56340,卖盘
487,10:15:46,28.17,0.0,10,28170,卖盘
488,10:15:52,28.19,0.02,20,56380,买盘
489,10:16:01,28.21,0.02,33,93011,买盘
490,10:16:10,28.21,0.0,39,110019,卖盘
491,10:16:16,28.21,0.0,13,36673,卖盘
492,10:16:18,28.22,0.01,2,5644,买盘
493,10:16:24,28.22,0.0,25,70550,买盘
494,10:16:28,28.23,0.01,20,56460,买盘
495,10:16:31,28.22,-0.01,7,19754,卖盘
496,10:16:40,28.22,0.0,28,79026,卖盘
497,10:16:43,28.22,0.0,32,90304,买盘
498,10:16:52,28.17,-0.05,200,563925,卖盘
499,10:16:55,28.22,0.05,6,16932,买盘
500,10:17:01,28.17,-0.05,10,28174,卖盘
501,10:17:04,28.22,0.05,1,2822,买盘
502,10:17:10,28.24,0.02,20,56475,买盘
503,10:17:16,28.17,-0.07,11,30991,卖盘
504,10:17:22,28.21,0.04,19,53599,买盘
505,10:17:31,28.17,-0.04,28,78952,卖盘
506,10:17:34,28.21,0.04,2,5642,买盘
507,10:17:40,28.22,0.01,26,73372,卖盘
508,10:17:46,28.22,0.0,20,56440,买盘
509,10:17:52,28.22,0.0,23,64906,买盘
510,10:18:01,28.22,0.0,9,25398,卖盘
511,10:18:10,28.22,0.0,10,28220,卖盘
512,10:18:19,28.22,0.0,5,14110,买盘
513,10:18:25,28.22,0.0,36,101592,买盘
514,10:18:31,28.21,-0.01,13,36673,卖盘
515,10:18:40,28.22,0.01,6,16932,卖盘
516,10:18:45,28.22,0.0,5,14110,买盘
517,10:19:01,28.21,-0.01,13,36673,卖盘
518,10:19:04,28.22,0.01,30,84660,买盘
519,10:19:10,28.21,-0.01,35,98735,卖盘
520,10:19:13,28.22,0.01,18,50791,买盘
521,10:19:24,28.21,-0.01,1,2821,买盘
522,10:19:28,28.23,0.02,5,14115,买盘
523,10:19:31,28.23,0.0,11,31053,卖盘
524,10:19:40,28.23,0.0,4,11292,卖盘
525,10:19:43,28.23,0.0,25,70575,买盘
526,10:19:45,28.23,0.0,80,225840,买盘
527,10:20:01,28.22,-0.01,2,5644,卖盘
528,10:20:04,28.22,0.0,1,2822,买盘
529,10:20:10,28.2,-0.02,5,14100,中性盘
530,10:20:13,28.2,0.0,1,2820,买盘
531,10:20:16,28.18,-0.02,3,8454,卖盘
532,10:20:19,28.2,0.02,20,56392,买盘
533,10:20:31,28.17,-0.03,12,33804,卖盘
534,10:20:43,28.17,0.0,21,59157,卖盘
535,10:20:46,28.17,0.0,56,157752,卖盘
536,10:20:52,28.17,0.0,1,2817,买盘
537,10:20:58,28.19,0.02,20,56378,买盘
538,10:21:01,28.16,-0.03,62,174594,卖盘
539,10:21:04,28.16,0.0,4,11264,买盘
540,10:21:07,28.16,0.0,5,14080,买盘
541,10:21:10,28.15,-0.01,39,109787,卖盘
542,10:21:16,28.15,0.0,123,346245,卖盘
543,10:21:22,28.12,-0.03,374,1051989,卖盘
544,10:21:28,28.11,-0.01,1,2811,卖盘
545,10:21:31,28.12,0.01,40,112471,买盘
546,10:21:34,28.12,0.0,20,56240,买盘
547,10:21:37,28.1,-0.02,523,1469685,卖盘
548,10:21:40,28.11,0.01,10,28110,卖盘
549,10:21:46,28.11,0.0,1,2811,买盘
550,10:21:49,28.12,0.01,120,337383,买盘
551,10:22:01,28.1,-0.02,12,33720,卖盘
552,10:22:04,28.12,0.02,10,28120,买盘
553,10:22:07,28.1,-0.02,1,2810,卖盘
554,10:22:10,28.12,0.02,52,146178,买盘
555,10:22:13,28.1,-0.02,10,28100,卖盘
556,10:22:16,28.11,0.01,67,188475,卖盘
557,10:22:27,28.15,0.04,11,30961,买盘
558,10:22:31,28.15,0.0,7,19705,卖盘
559,10:22:34,28.2,0.05,100,281915,买盘
560,10:22:37,28.27,0.07,85,240163,买盘
561,10:22:43,28.2,-0.07,18,50760,卖盘
562,10:22:46,28.2,0.0,13,36660,卖盘
563,10:22:49,28.22,0.02,20,56440,买盘
564,10:22:55,28.2,-0.02,1,2820,卖盘
565,10:22:58,28.2,0.0,2,5640,卖盘
566,10:23:01,28.2,0.0,8,22560,卖盘
567,10:23:13,28.21,0.01,6,16926,买盘
568,10:23:16,28.2,-0.01,8,22560,卖盘
569,10:23:19,28.21,0.01,21,59238,买盘
570,10:23:22,28.21,0.0,20,56420,买盘
571,10:23:25,28.22,0.01,20,56438,买盘
572,10:23:30,28.2,-0.02,13,36660,卖盘
573,10:23:36,28.22,0.02,7,19754,买盘
574,10:23:39,28.22,0.0,44,124168,卖盘
575,10:23:43,28.22,0.0,12,33864,卖盘
576,10:23:52,28.3,0.08,60,169627,买盘
577,10:24:01,28.2,-0.1,28,79160,卖盘
578,10:24:16,28.2,0.0,9,25380,卖盘
579,10:24:21,28.19,-0.01,24,67656,卖盘
580,10:24:24,28.2,0.01,4,11280,买盘
581,10:24:31,28.19,-0.01,7,19733,卖盘
582,10:24:34,28.19,0.0,149,420031,卖盘
583,10:24:37,28.29,0.1,20,56569,买盘
584,10:24:42,28.16,-0.13,7,19712,卖盘
585,10:25:01,28.15,-0.01,8,22520,卖盘
586,10:25:10,28.15,0.0,38,106970,卖盘
587,10:25:13,28.18,0.03,41,115493,买盘
588,10:25:21,28.15,-0.03,4,11260,买盘
589,10:25:30,28.12,-0.03,11,30932,卖盘
590,10:25:33,28.18,0.06,17,47906,买盘
591,10:25:42,28.13,-0.05,10,28130,卖盘
592,10:25:48,28.17,0.04,21,59076,买盘
593,10:25:57,28.12,-0.05,10,28120,卖盘
594,10:26:01,28.12,0.0,11,30932,卖盘
595,10:26:07,28.17,0.05,5,14085,买盘
596,10:26:16,28.13,-0.04,10,28132,卖盘
597,10:26:22,28.16,0.03,20,56320,买盘
598,10:26:25,28.11,-0.05,43,120945,卖盘
599,10:26:43,28.11,0.0,134,377114,卖盘
600,10:26:46,28.11,0.0,8,22488,卖盘
601,10:26:58,28.2,0.09,120,337399,买盘
602,10:27:01,28.09,-0.11,101,283780,卖盘
603,10:27:16,28.1,0.01,33,92717,买盘
604,10:27:24,28.1,0.0,1,2810,买盘
605,10:27:30,28.09,-0.01,8,22472,卖盘
606,10:27:34,28.18,0.09,38,106876,买盘
607,10:27:43,28.1,-0.08,21,59010,卖盘
608,10:27:45,28.1,0.0,11,30910,卖盘
609,10:28:01,28.11,0.01,12,33732,卖盘
610,10:28:10,28.16,0.05,20,56320,中性盘
611,10:28:16,28.1,-0.06,7,19670,卖盘
612,10:28:31,28.15,0.05,10,28150,卖盘
613,10:28:40,28.15,0.0,45,126675,卖盘
614,10:28:43,28.15,0.0,20,56300,卖盘
615,10:28:45,28.15,0.0,26,73210,卖盘
616,10:28:52,28.16,0.01,10,28156,买盘
617,10:29:01,28.16,0.0,11,30976,卖盘
618,10:29:04,28.16,0.0,2,5632,卖盘
619,10:29:10,28.16,0.0,7,19712,卖盘
620,10:29:13,28.17,0.01,52,146444,买盘
621,10:29:16,28.1,-0.07,22,61893,卖盘
622,10:29:22,28.18,0.08,38,107061,买盘
623,10:29:31,28.1,-0.08,14,39340,卖盘
624,10:29:33,28.2,0.1,21,59214,买盘
625,10:29:43,28.1,-0.1,20,56200,卖盘
626,10:29:46,28.1,0.0,12,33720,卖盘
627,10:29:57,28.19,0.09,20,56375,买盘
628,10:30:01,28.1,-0.09,11,30911,卖盘
629,10:30:13,28.1,0.0,23,64707,卖盘
630,10:30:19,28.18,0.08,10,28117,买盘
631,10:30:21,28.1,-0.08,120,337200,卖盘
632,10:30:31,28.18,0.08,29,81647,买盘
633,10:30:42,28.11,-0.07,20,56226,卖盘
634,10:30:48,28.18,0.07,64,180232,买盘
635,10:30:54,28.1,-0.08,3,8430,卖盘
636,10:31:01,28.1,0.0,12,33720,卖盘
637,10:31:07,28.18,0.08,20,56360,买盘
638,10:31:16,28.12,-0.06,17,47804,中性盘
639,10:31:24,28.12,0.0,1,2812,卖盘
640,10:31:28,28.12,0.0,1,2812,卖盘
641,10:31:30,28.12,0.0,38,106981,卖盘
642,10:31:34,28.17,0.05,20,56335,买盘
643,10:31:43,28.12,-0.05,37,104124,卖盘
644,10:31:51,28.12,0.0,3,8436,买盘
645,10:32:01,28.1,-0.02,10,28100,卖盘
646,10:32:10,28.12,0.02,1,2812,卖盘
647,10:32:12,28.11,-0.01,11,30923,卖盘
648,10:32:16,28.11,0.0,51,143361,卖盘
649,10:32:19,28.11,0.0,61,171527,卖盘
650,10:32:22,28.1,-0.01,107,300672,卖盘
651,10:32:31,28.1,0.0,13,36530,卖盘
652,10:32:37,28.09,-0.01,161,452337,卖盘
653,10:32:43,28.08,-0.01,48,134796,卖盘
654,10:32:46,28.08,0.0,8,22464,卖盘
655,10:32:57,28.07,-0.01,3,8421,卖盘
656,10:33:01,28.07,0.0,6,16842,卖盘
657,10:33:09,28.06,-0.01,45,126270,卖盘
658,10:33:16,28.06,0.0,1,2806,卖盘
659,10:33:21,28.06,0.0,2,5612,买盘
660,10:33:25,28.06,0.0,1,2806,买盘
661,10:33:31,28.05,-0.01,18,50500,卖盘
662,10:33:34,28.09,0.04,18,50559,买盘
663,10:33:40,28.09,0.0,19,53371,买盘
664,10:33:43,28.06,-0.03,5,14030,卖盘
665,10:33:46,28.06,0.0,1,2806,买盘
666,10:33:54,28.06,0.0,10,28060,买盘
667,10:33:58,28.06,0.0,21,58926,买盘
668,10:34:01,28.05,-0.01,11,30858,卖盘
669,10:34:06,28.06,0.01,4,11224,中性盘
670,10:34:16,28.05,-0.01,10,28050,卖盘
671,10:34:25,28.05,0.0,20,56100,卖盘
672,10:34:31,28.05,0.0,8,22440,卖盘
673,10:34:33,28.07,0.02,10,28070,买盘
674,10:34:39,28.07,0.0,1,2807,买盘
675,10:34:43,28.05,-0.02,19,53295,卖盘
676,10:34:46,28.05,0.0,7,19635,卖盘
677,10:34:52,28.05,0.0,3,8415,卖盘
678,10:34:57,28.05,0.0,7,19635,买盘
679,10:35:01,28.04,-0.01,8,22436,卖盘
680,10:35:07,28.05,0.01,1,2805,中性盘
681,10:35:15,28.04,-0.01,13,36452,卖盘
682,10:35:19,28.05,0.01,26,72908,买盘
683,10:35:22,28.0,-0.05,162,453799,卖盘
684,10:35:28,28.05,0.05,24,67299,买盘
685,10:35:34,28.05,0.0,37,103765,买盘
686,10:35:43,28.01,-0.04,19,53219,卖盘
687,10:35:49,28.01,0.0,1,2801,卖盘
688,10:35:52,28.01,0.0,11,30811,买盘
689,10:35:55,28.04,0.03,1,2804,买盘
690,10:36:04,28.01,-0.03,11,30821,卖盘
691,10:36:16,28.01,0.0,14,39214,卖盘
692,10:36:22,28.01,0.0,4,11204,卖盘
693,10:36:25,28.01,0.0,21,58821,买盘
694,10:36:31,28.0,-0.01,39,109231,卖盘
695,10:36:37,28.01,0.01,3,8403,买盘
696,10:36:40,28.0,-0.01,54,151210,卖盘
697,10:36:43,28.0,0.0,20,56001,卖盘
698,10:36:46,28.0,0.0,12,33600,卖盘
699,10:36:49,28.06,0.06,163,457136,买盘
700,10:36:52,28.0,-0.06,100,280420,卖盘
701,10:36:55,28.0,0.0,49,137200,卖盘
702,10:37:01,28.03,0.03,13,36439,卖盘
703,10:37:16,28.03,0.0,14,39242,卖盘
704,10:37:25,28.08,0.05,122,342446,买盘
705,10:37:31,28.08,0.0,11,30888,卖盘
706,10:37:34,28.14,0.06,21,59094,买盘
707,10:37:37,28.1,-0.04,20,56200,卖盘
708,10:37:40,28.13,0.03,1,2813,中性盘
709,10:37:43,28.1,-0.03,22,61820,卖盘
710,10:37:45,28.1,0.0,49,137741,卖盘
711,10:37:48,28.1,0.0,17,47770,卖盘
712,10:37:52,28.1,0.0,8,22480,卖盘
713,10:37:55,28.13,0.03,23,64661,买盘
714,10:37:58,28.08,-0.05,6,16848,卖盘
715,10:38:04,28.08,0.0,1,2808,卖盘
716,10:38:07,28.1,0.02,3,8428,买盘
717,10:38:09,28.08,-0.02,2,5616,卖盘
718,10:38:12,28.08,0.0,2,5616,卖盘
719,10:38:16,28.08,0.0,14,39312,卖盘
720,10:38:19,28.15,0.07,130,365612,买盘
721,10:38:22,28.15,0.0,2,5630,卖盘
722,10:38:25,28.15,0.0,8,22520,卖盘
723,10:38:28,28.15,0.0,21,59115,卖盘
724,10:38:31,28.15,0.0,33,92895,卖盘
725,10:38:34,28.15,0.0,33,92895,卖盘
726,10:38:37,28.15,0.0,21,59115,卖盘
727,10:38:40,28.15,0.0,52,146380,卖盘
728,10:38:46,28.15,0.0,10,28120,买盘
729,10:38:48,28.08,-0.07,1,2808,卖盘
730,10:38:52,28.09,0.01,1,2809,卖盘
731,10:38:55,28.1,0.01,9,25286,中性盘
732,10:38:58,28.1,0.0,6,16860,卖盘
733,10:39:01,28.1,0.0,59,166074,卖盘
734,10:39:04,28.09,-0.01,3,8427,卖盘
735,10:39:10,28.09,0.0,37,103933,卖盘
736,10:39:16,28.08,-0.01,13,36504,卖盘
737,10:39:19,28.09,0.01,11,30898,买盘
738,10:39:31,28.09,0.0,18,50597,卖盘
739,10:39:42,28.15,0.06,39,109785,买盘
740,10:39:46,28.09,-0.06,32,89888,卖盘
741,10:39:55,28.15,0.06,5,14075,买盘
742,10:40:01,28.1,-0.05,18,50623,卖盘
743,10:40:07,28.09,-0.01,1,2809,卖盘
744,10:40:09,28.09,0.0,31,87196,卖盘
745,10:40:13,28.09,0.0,17,47753,买盘
746,10:40:16,28.1,0.01,12,33720,卖盘
747,10:40:19,28.16,0.06,13,36608,买盘
748,10:40:33,28.1,-0.06,8,22480,卖盘
749,10:40:46,28.1,0.0,19,53390,卖盘
750,10:40:48,28.1,0.0,244,685640,卖盘
751,10:40:54,28.1,0.0,17,47762,买盘
752,10:40:58,28.1,0.0,9,25287,买盘
753,10:41:01,28.1,0.0,11,30910,卖盘
754,10:41:07,28.1,0.0,2,5620,卖盘
755,10:41:09,28.15,0.05,2,5630,买盘
756,10:41:13,28.11,-0.04,3,8433,卖盘
757,10:41:16,28.11,0.0,7,19677,卖盘
758,10:41:18,28.1,-0.01,7,19672,卖盘
759,10:41:21,28.11,0.01,24,67451,买盘
760,10:41:24,28.1,-0.01,12,33722,卖盘
761,10:41:28,28.11,0.01,9,25299,中性盘
762,10:41:31,28.13,0.02,19,53447,卖盘
763,10:41:34,28.11,-0.02,18,50612,卖盘
764,10:41:37,28.14,0.03,30,84370,买盘
765,10:41:40,28.1,-0.04,14,39340,卖盘
766,10:41:42,28.13,0.03,22,61850,买盘
767,10:41:46,28.09,-0.04,28,78662,卖盘
768,10:41:49,28.1,0.01,31,87099,买盘
769,10:41:52,28.1,0.0,9,25290,卖盘
770,10:41:55,28.1,0.0,6,16860,卖盘
771,10:41:58,28.1,0.0,13,36530,卖盘
772,10:42:04,28.08,-0.02,150,421388,卖盘
773,10:42:07,28.08,0.0,20,56160,买盘
774,10:42:12,28.07,-0.01,23,64561,买盘
775,10:42:16,28.08,0.01,36,101065,买盘
776,10:42:30,28.08,0.0,13,36504,卖盘
777,10:42:46,28.1,0.02,26,73060,卖盘
778,10:43:01,28.08,-0.02,8,22464,卖盘
779,10:43:15,28.1,0.02,8,22480,中性盘
780,10:43:19,28.11,0.01,5,14055,买盘
781,10:43:25,28.11,0.0,27,75897,买盘
782,10:43:28,28.11,0.0,14,39354,买盘
783,10:43:30,28.09,-0.02,12,33720,卖盘
784,10:43:43,28.11,0.02,21,59031,买盘
785,10:43:46,28.09,-0.02,47,132061,卖盘
786,10:43:55,28.11,0.02,5,14055,买盘
787,10:44:00,28.11,0.0,15,42174,卖盘
788,10:44:07,28.11,0.0,5,14055,买盘
789,10:44:10,28.1,-0.01,42,118020,中性盘
790,10:44:13,28.12,0.02,18,50608,买盘
791,10:44:15,28.09,-0.03,12,33708,卖盘
792,10:44:22,28.11,0.02,1,2811,卖盘
793,10:44:31,28.09,-0.02,100,280930,卖盘
794,10:44:34,28.11,0.02,10,28110,买盘
795,10:44:37,28.12,0.01,4,11248,买盘
796,10:44:40,28.11,-0.01,15,42165,卖盘
797,10:44:43,28.11,0.0,14,39354,买盘
798,10:44:45,28.11,0.0,13,36534,买盘
799,10:44:48,28.11,0.0,11,30921,买盘
800,10:45:01,28.11,0.0,31,87129,买盘
801,10:45:10,28.11,0.0,7,19677,卖盘
802,10:45:16,28.1,-0.01,10,28100,卖盘
803,10:45:22,28.1,0.0,2,5620,卖盘
804,10:45:31,28.1,0.0,32,89940,卖盘
805,10:45:39,28.11,0.01,14,39354,买盘
806,10:45:46,28.09,-0.02,31,87079,卖盘
807,10:45:49,28.1,0.01,18,50580,买盘
808,10:45:55,28.1,0.0,27,75870,买盘
809,10:46:00,28.1,0.0,11,30910,卖盘
810,10:46:09,28.11,0.01,55,154559,买盘
811,10:46:16,28.11,0.0,4,11244,卖盘
812,10:46:33,28.09,-0.02,11,30899,卖盘
813,10:46:46,28.09,0.0,33,92697,卖盘
814,10:46:55,28.11,0.02,15,42165,买盘
815,10:47:01,28.09,-0.02,13,36517,卖盘
816,10:47:06,28.11,0.02,12,33732,买盘
817,10:47:13,28.1,-0.01,42,118020,买盘
818,10:47:16,28.09,-0.01,10,28090,卖盘
819,10:47:19,28.11,0.02,11,30917,买盘
820,10:47:31,28.11,0.0,11,30921,买盘
821,10:47:33,28.11,0.0,7,19677,卖盘
822,10:47:37,28.12,0.01,18,50616,买盘
823,10:47:40,28.11,-0.01,57,160297,卖盘
824,10:47:43,28.11,0.0,6,16866,买盘
825,10:47:49,28.11,0.0,12,33732,卖盘
826,10:48:01,28.12,0.01,11,30932,买盘
827,10:48:04,28.11,-0.01,9,25299,卖盘
828,10:48:07,28.12,0.01,8,22496,买盘
829,10:48:10,28.11,-0.01,40,112455,卖盘
830,10:48:13,28.11,0.0,5,14055,买盘
831,10:48:19,28.11,0.0,9,25299,卖盘
832,10:48:34,28.11,0.0,8,22488,卖盘
833,10:48:45,28.11,0.0,20,56220,卖盘
834,10:48:49,28.12,0.01,57,160273,买盘
835,10:49:04,28.12,0.0,12,33744,卖盘
836,10:49:09,28.12,0.0,46,129352,卖盘
837,10:49:18,28.13,0.01,20,56251,买盘
838,10:49:33,28.13,0.0,18,50623,买盘
839,10:49:40,28.13,0.0,27,75970,卖盘
840,10:49:45,28.13,0.0,49,137837,买盘
841,10:49:48,28.12,-0.01,11,30932,卖盘
842,10:50:04,28.13,0.01,20,56251,买盘
843,10:50:09,28.13,0.0,9,25317,卖盘
844,10:50:16,28.13,0.0,5,14065,买盘
845,10:50:18,28.12,-0.01,26,73129,卖盘
846,10:50:25,28.13,0.01,13,36569,买盘
847,10:50:34,28.13,0.0,8,22504,卖盘
848,10:50:40,28.13,0.0,25,70339,卖盘
849,10:50:45,28.13,0.0,21,59073,买盘
850,10:50:48,28.12,-0.01,11,30932,卖盘
851,10:50:55,28.13,0.01,5,14065,买盘
852,10:51:04,28.12,-0.01,10,28120,卖盘
853,10:51:10,28.12,0.0,31,87172,卖盘
854,10:51:16,28.11,-0.01,8,22488,卖盘
855,10:51:31,28.11,0.0,23,64668,卖盘
856,10:51:33,28.13,0.02,9,25317,买盘
857,10:51:40,28.13,0.0,10,28130,卖盘
858,10:51:46,28.12,-0.01,17,47818,卖盘
859,10:51:49,28.12,0.0,8,22496,买盘
860,10:51:57,28.13,0.01,19,53447,买盘
861,10:52:01,28.12,-0.01,13,36556,卖盘
862,10:52:04,28.13,0.01,12,33756,买盘
863,10:52:10,28.12,-0.01,55,154670,卖盘
864,10:52:13,28.13,0.01,2,5626,买盘
865,10:52:15,28.12,-0.01,8,22499,卖盘
866,10:52:31,28.13,0.01,8,22504,卖盘
867,10:52:37,28.14,0.01,13,36582,买盘
868,10:52:40,28.13,-0.01,29,81579,卖盘
869,10:52:43,28.15,0.02,21,59083,买盘
870,10:52:45,28.12,-0.03,8,22496,卖盘
871,10:52:58,28.14,0.02,15,42210,买盘
872,10:53:01,28.13,-0.01,7,19691,卖盘
873,10:53:06,28.15,0.02,21,59111,买盘
874,10:53:09,28.13,-0.02,46,129398,卖盘
875,10:53:15,28.12,-0.01,12,33744,卖盘
876,10:53:28,28.15,0.03,10,28150,买盘
877,10:53:30,28.15,0.0,11,30965,买盘
878,10:53:34,28.16,0.01,16,45056,买盘
879,10:53:36,28.16,0.0,1,2816,卖盘
880,10:53:40,28.16,0.0,3,8448,卖盘
881,10:53:46,28.15,-0.01,8,22520,卖盘
882,10:53:49,28.16,0.01,12,33792,买盘
883,10:53:52,28.16,0.0,18,50688,买盘
884,10:54:00,28.16,0.0,31,87296,买盘
885,10:54:16,28.15,-0.01,4,11261,卖盘
886,10:54:25,28.16,0.01,10,28160,买盘
887,10:54:34,28.16,0.0,5,14080,买盘
888,10:54:40,28.15,-0.01,7,19705,卖盘
889,10:54:58,28.15,0.0,52,146380,买盘
890,10:55:01,28.15,0.0,8,22520,买盘
891,10:55:10,28.15,0.0,7,19705,卖盘
892,10:55:22,28.15,0.0,2,5630,买盘
893,10:55:25,28.15,0.0,29,81635,买盘
894,10:55:31,28.15,0.0,1,2815,买盘
895,10:55:33,28.15,0.0,2,5630,买盘
896,10:55:40,28.14,-0.01,42,118188,卖盘
897,10:55:43,28.15,0.01,8,22516,买盘
898,10:55:46,28.14,-0.01,22,61913,卖盘
899,10:55:58,28.15,0.01,10,28150,卖盘
900,10:56:04,28.15,0.0,27,75999,买盘
901,10:56:10,28.14,-0.01,14,39396,卖盘
902,10:56:12,28.14,0.0,2,5628,买盘
903,10:56:15,28.14,0.0,24,67536,买盘
904,10:56:25,28.14,0.0,1,2814,买盘
905,10:56:28,28.13,-0.01,20,56260,卖盘
906,10:56:31,28.14,0.01,5,14070,买盘
907,10:56:34,28.15,0.01,17,47855,买盘
908,10:56:45,28.13,-0.02,19,53447,卖盘
909,10:56:48,28.15,0.02,47,132260,买盘
910,10:56:54,28.16,0.01,5,14080,买盘
911,10:57:04,28.15,-0.01,4,11260,卖盘
912,10:57:09,28.15,0.0,1,2815,卖盘
913,10:57:12,28.15,0.0,10,28150,买盘
914,10:57:37,28.15,0.0,32,90080,买盘
915,10:57:45,28.13,-0.02,19,53447,卖盘
916,10:57:48,28.14,0.01,17,47838,买盘
917,10:58:01,28.14,0.0,13,36582,买盘
918,10:58:06,28.14,0.0,14,39396,买盘
919,10:58:10,28.13,-0.01,22,61887,卖盘
920,10:58:13,28.13,0.0,2,5626,买盘
921,10:58:18,28.13,0.0,2,5626,买盘
922,10:58:28,28.13,0.0,15,42195,买盘
923,10:58:30,28.13,0.0,6,16878,买盘
924,10:58:46,28.13,0.0,22,61886,卖盘
925,10:58:51,28.14,0.01,14,39396,买盘
926,10:59:10,28.13,-0.01,37,104081,卖盘
927,10:59:19,28.13,0.0,11,30943,买盘
928,10:59:34,28.14,0.01,16,45024,买盘
929,10:59:39,28.13,-0.01,45,126585,卖盘
930,10:59:43,28.14,0.01,14,39396,买盘
931,10:59:46,28.13,-0.01,22,61886,卖盘
932,10:59:55,28.15,0.02,5,14074,买盘
933,11:00:07,28.16,0.01,12,33792,买盘
934,11:00:09,28.15,-0.01,45,126675,卖盘
935,11:00:16,28.15,0.0,10,28150,卖盘
936,11:00:28,28.16,0.01,10,28160,买盘
937,11:00:30,28.16,0.0,2,5632,买盘
938,11:00:40,28.16,0.0,8,22528,卖盘
939,11:00:58,28.16,0.0,13,36608,买盘
940,11:01:10,28.16,0.0,50,140755,买盘
941,11:01:18,28.16,0.0,21,59136,买盘
942,11:01:31,28.18,0.02,4,11271,买盘
943,11:01:43,28.17,-0.01,21,59157,买盘
944,11:01:46,28.16,-0.01,7,19712,卖盘
945,11:01:51,28.16,0.0,12,33792,买盘
946,11:02:01,28.17,0.01,17,47889,买盘
947,11:02:10,28.16,-0.01,21,59136,卖盘
948,11:02:18,28.16,0.0,26,73216,买盘
949,11:02:28,28.16,0.0,7,19712,买盘
950,11:02:37,28.16,0.0,1,2816,卖盘
951,11:02:40,28.16,0.0,4,11264,卖盘
952,11:03:10,28.15,-0.01,47,132305,卖盘
953,11:03:19,28.15,0.0,5,14075,卖盘
954,11:03:22,28.16,0.01,3,8448,买盘
955,11:03:25,28.16,0.0,1,2816,买盘
956,11:03:39,28.15,-0.01,44,123860,卖盘
957,11:03:46,28.16,0.01,23,64746,买盘
958,11:03:49,28.16,0.0,19,53504,买盘
959,11:03:52,28.16,0.0,10,28160,买盘
960,11:03:55,28.17,0.01,22,61951,买盘
961,11:04:00,28.15,-0.02,10,28160,卖盘
962,11:04:21,28.17,0.02,1,2817,买盘
963,11:04:40,28.17,0.0,1,2817,买盘
964,11:04:42,28.15,-0.02,3,8445,卖盘
965,11:04:45,28.15,0.0,21,59115,卖盘
966,11:04:51,28.14,-0.01,10,28148,卖盘
967,11:04:55,28.15,0.01,12,33780,买盘
968,11:05:01,28.15,0.0,74,208310,买盘
969,11:05:06,28.14,-0.01,37,104144,卖盘
970,11:05:10,28.15,0.01,12,33780,中性盘
971,11:05:40,28.14,-0.01,33,92862,卖盘
972,11:05:43,28.14,0.0,2,5628,买盘
973,11:05:46,28.13,-0.01,40,112551,卖盘
974,11:05:52,28.13,0.0,10,28130,卖盘
975,11:06:04,28.14,0.01,17,47838,买盘
976,11:06:10,28.12,-0.02,7,19689,卖盘
977,11:06:13,28.13,0.01,26,73138,买盘
978,11:06:16,28.13,0.0,14,39382,买盘
979,11:06:19,28.12,-0.01,11,30932,卖盘
980,11:06:22,28.13,0.01,4,11252,买盘
981,11:06:25,28.13,0.0,6,16878,卖盘
982,11:06:30,28.13,0.0,20,56260,卖盘
983,11:06:37,28.13,0.0,10,28130,卖盘
984,11:06:40,28.14,0.01,40,112560,卖盘
985,11:06:46,28.13,-0.01,18,50634,卖盘
986,11:07:10,28.13,0.0,5,14065,卖盘
987,11:07:15,28.12,-0.01,2,5624,卖盘
988,11:07:22,28.13,0.01,10,28130,买盘
989,11:07:25,28.12,-0.01,10,28120,卖盘
990,11:07:31,28.12,0.0,8,22496,卖盘
991,11:07:37,28.12,0.0,1,2812,卖盘
992,11:07:40,28.12,0.0,47,132164,卖盘
993,11:07:46,28.12,0.0,24,67488,卖盘
994,11:07:48,28.12,0.0,14,39368,买盘
995,11:07:51,28.13,0.01,35,98450,买盘
996,11:07:54,28.13,0.0,7,19691,卖盘
997,11:07:58,28.12,-0.01,16,44982,卖盘
998,11:08:04,28.12,0.0,5,14061,卖盘
999,11:08:16,28.13,0.01,17,47821,买盘
1000,11:08:22,28.12,-0.01,7,19684,卖盘
1001,11:08:25,28.13,0.01,13,36569,买盘
1002,11:08:28,28.13,0.0,15,42195,买盘
1003,11:08:31,28.12,-0.01,6,16872,卖盘
1004,11:08:34,28.13,0.01,4,11252,卖盘
1005,11:08:36,28.15,0.02,25,70368,买盘
1006,11:08:40,28.13,-0.02,31,87203,卖盘
1007,11:08:43,28.12,-0.01,13,36556,卖盘
1008,11:08:46,28.12,0.0,8,22496,卖盘
1009,11:08:49,28.13,0.01,36,101268,买盘
1010,11:08:52,28.11,-0.02,49,137779,卖盘
1011,11:08:58,28.13,0.02,10,28114,买盘
1012,11:09:04,28.1,-0.03,23,64638,卖盘
1013,11:09:19,28.1,0.0,4,11240,卖盘
1014,11:09:46,28.11,0.01,1,2811,卖盘
1015,11:09:49,28.13,0.02,21,59037,买盘
1016,11:09:51,28.1,-0.03,1,2810,卖盘
1017,11:09:55,28.1,0.0,8,22480,卖盘
1018,11:10:06,28.13,0.03,17,47821,买盘
1019,11:10:13,28.11,-0.02,8,22488,卖盘
1020,11:10:18,28.12,0.01,5,14060,买盘
1021,11:10:31,28.11,-0.01,8,22488,卖盘
1022,11:10:34,28.11,0.0,14,39354,卖盘
1023,11:10:37,28.11,0.0,6,16866,卖盘
1024,11:10:40,28.11,0.0,12,33732,卖盘
1025,11:10:46,28.1,-0.01,11,30910,卖盘
1026,11:11:09,28.1,0.0,31,87110,卖盘
1027,11:11:16,28.09,-0.01,13,36517,卖盘
1028,11:11:36,28.1,0.01,11,30910,买盘
1029,11:11:39,28.09,-0.01,46,129214,卖盘
1030,11:11:46,28.09,0.0,32,89888,卖盘
1031,11:11:52,28.09,0.0,10,28090,买盘
1032,11:11:57,28.08,-0.01,26,73045,卖盘
1033,11:12:04,28.08,0.0,11,30894,卖盘
1034,11:12:34,28.08,0.0,1,2808,卖盘
1035,11:12:37,28.08,0.0,40,112320,卖盘
1036,11:12:39,28.08,0.0,45,126360,卖盘
1037,11:12:43,28.08,0.0,17,47736,卖盘
1038,11:12:46,28.08,0.0,22,61776,卖盘
1039,11:12:48,28.08,0.0,12,33696,卖盘
1040,11:13:04,28.08,0.0,17,47736,卖盘
1041,11:13:07,28.08,0.0,16,44928,卖盘
1042,11:13:13,28.07,-0.01,7,19649,卖盘
1043,11:13:39,28.07,0.0,50,140350,卖盘
1044,11:13:43,28.08,0.01,10,28080,买盘
1045,11:13:45,28.06,-0.02,26,72962,卖盘
1046,11:13:54,28.04,-0.02,500,1402050,卖盘
1047,11:14:00,28.02,-0.02,128,358801,卖盘
1048,11:14:09,28.01,-0.01,23,64423,卖盘
1049,11:14:16,28.0,-0.01,11,30800,卖盘
1050,11:14:19,28.0,0.0,2,5600,卖盘
1051,11:14:33,28.01,0.01,1,2801,买盘
1052,11:14:40,28.0,-0.01,46,128800,卖盘
1053,11:14:43,28.0,0.0,2,5600,卖盘
1054,11:14:45,28.0,0.0,41,114800,卖盘
1055,11:14:51,28.0,0.0,9,25200,卖盘
1056,11:14:54,28.0,0.0,27,75600,卖盘
1057,11:15:01,28.0,0.0,14,39197,卖盘
1058,11:15:10,27.99,-0.01,47,131553,卖盘
1059,11:15:16,27.98,-0.01,21,58758,卖盘
1060,11:15:31,27.98,0.0,11,30778,卖盘
1061,11:15:40,27.98,0.0,45,125910,卖盘
1062,11:15:45,27.98,0.0,42,117516,卖盘
1063,11:15:48,27.98,0.0,9,25182,卖盘
1064,11:15:54,27.98,0.0,11,30778,卖盘
1065,11:15:57,27.99,0.01,10,27990,买盘
1066,11:16:00,27.98,-0.01,7,19586,卖盘
1067,11:16:04,27.98,0.0,24,67152,卖盘
1068,11:16:07,27.99,0.01,28,78364,买盘
1069,11:16:10,27.98,-0.01,45,125910,卖盘
1070,11:16:13,27.98,0.0,18,50364,卖盘
1071,11:16:16,27.98,0.0,37,103526,卖盘
1072,11:16:19,27.98,0.0,8,22384,卖盘
1073,11:16:22,27.99,0.01,60,167883,买盘
1074,11:16:24,27.98,-0.01,1,2798,卖盘
1075,11:16:27,27.98,0.0,22,61556,卖盘
1076,11:16:40,27.98,0.0,46,128708,卖盘
1077,11:16:43,27.98,0.0,9,25182,卖盘
1078,11:16:46,27.96,-0.02,20,55920,卖盘
1079,11:16:55,27.96,0.0,4,11184,卖盘
1080,11:17:01,27.96,0.0,6,16779,卖盘
1081,11:17:09,27.96,0.0,38,106248,卖盘
1082,11:17:15,27.95,-0.01,16,44720,卖盘
1083,11:17:22,27.95,0.0,10,27950,卖盘
1084,11:17:34,27.93,-0.02,95,265467,卖盘
1085,11:17:39,27.92,-0.01,64,178730,卖盘
1086,11:17:42,27.95,0.03,23,64273,买盘
1087,11:17:46,27.92,-0.03,26,72592,卖盘
1088,11:17:49,27.92,0.0,15,41880,卖盘
1089,11:17:52,27.92,0.0,11,30712,卖盘
1090,11:17:55,27.92,0.0,20,55840,卖盘
1091,11:17:58,27.92,0.0,8,22336,卖盘
1092,11:18:01,27.9,-0.02,25,69750,卖盘
1093,11:18:04,27.92,0.02,22,61424,买盘
1094,11:18:06,27.9,-0.02,23,64170,卖盘
1095,11:18:13,27.9,0.0,16,44640,卖盘
1096,11:18:16,27.9,0.0,20,55800,卖盘
1097,11:18:22,27.92,0.02,73,203762,买盘
1098,11:18:25,27.91,-0.01,3,8373,卖盘
1099,11:18:28,27.92,0.01,70,195226,买盘
1100,11:18:31,27.9,-0.02,3,8370,买盘
1101,11:18:34,27.85,-0.05,22,61348,卖盘
1102,11:18:39,27.86,0.01,6,16716,卖盘
1103,11:18:42,27.91,0.05,17,47447,买盘
1104,11:18:46,27.86,-0.05,3,8358,卖盘
1105,11:18:49,27.85,-0.01,12,33420,卖盘
1106,11:18:55,27.86,0.01,5,13930,买盘
1107,11:18:57,27.86,0.0,4,11143,买盘
1108,11:19:00,27.85,-0.01,4,11140,卖盘
1109,11:19:03,27.86,0.01,13,36210,买盘
1110,11:19:06,27.86,0.0,3,8358,买盘
1111,11:19:10,27.85,-0.01,23,64063,卖盘
1112,11:19:13,27.85,0.0,14,38982,买盘
1113,11:19:16,27.85,0.0,5,13925,买盘
1114,11:19:18,27.84,-0.01,19,52896,卖盘
1115,11:19:22,27.85,0.01,10,27850,买盘
1116,11:19:27,27.85,0.0,17,47335,买盘
1117,11:19:34,27.85,0.0,5,13925,卖盘
1118,11:19:39,27.85,0.0,9,25065,卖盘
1119,11:19:48,27.85,0.0,16,44554,买盘
1120,11:19:51,27.85,0.0,19,52915,买盘
1121,11:19:54,27.83,-0.02,6,16698,卖盘
1122,11:19:57,27.85,0.02,10,27850,买盘
1123,11:20:01,27.85,0.0,16,44560,卖盘
1124,11:20:04,27.85,0.0,19,53005,卖盘
1125,11:20:07,27.85,0.0,9,25065,卖盘
1126,11:20:13,27.84,-0.01,12,33411,卖盘
1127,11:20:28,27.89,0.05,44,122716,买盘
1128,11:20:31,27.89,0.0,2,5578,卖盘
1129,11:20:34,27.85,-0.04,25,69608,买盘
1130,11:20:40,27.82,-0.03,11,30608,卖盘
1131,11:20:45,27.83,0.01,20,55660,卖盘
1132,11:20:49,27.82,-0.01,15,41733,卖盘
1133,11:20:55,27.8,-0.02,72,200361,卖盘
1134,11:21:01,27.8,0.0,11,30580,卖盘
1135,11:21:06,27.82,0.02,20,55640,买盘
1136,11:21:19,27.81,-0.01,20,55620,买盘
1137,11:21:22,27.81,0.0,2,5562,买盘
1138,11:21:27,27.81,0.0,23,63963,买盘
1139,11:21:34,27.82,0.01,18,50076,买盘
1140,11:21:39,27.81,-0.01,27,75087,卖盘
1141,11:21:43,27.82,0.01,25,69531,买盘
1142,11:21:46,27.8,-0.02,12,33360,卖盘
1143,11:21:49,27.82,0.02,10,27802,买盘
1144,11:22:06,27.78,-0.04,74,205612,卖盘
1145,11:22:19,27.75,-0.03,3,8325,卖盘
1146,11:22:22,27.75,0.0,9,24975,卖盘
1147,11:22:25,27.75,0.0,1,2775,买盘
1148,11:22:31,27.75,0.0,11,30510,买盘
1149,11:22:40,27.72,-0.03,2,5544,卖盘
1150,11:22:43,27.74,0.02,2,5548,买盘
1151,11:22:46,27.72,-0.02,17,47125,卖盘
1152,11:22:54,27.71,-0.01,20,55425,卖盘
1153,11:22:57,27.71,0.0,15,41565,卖盘
1154,11:23:01,27.71,0.0,2,5542,买盘
1155,11:23:04,27.7,-0.01,36,99721,卖盘
1156,11:23:10,27.66,-0.04,19,52554,卖盘
1157,11:23:13,27.66,0.0,5,13830,卖盘
1158,11:23:25,27.67,0.01,8,22136,卖盘
1159,11:23:28,27.66,-0.01,28,77462,卖盘
1160,11:23:30,27.66,0.0,19,52554,买盘
1161,11:23:33,27.65,-0.01,20,55300,卖盘
1162,11:23:37,27.65,0.0,2,5530,卖盘
1163,11:23:40,27.64,-0.01,12,33174,卖盘
1164,11:23:42,27.64,0.0,11,30410,卖盘
1165,11:23:46,27.64,0.0,14,38696,卖盘
1166,11:23:48,27.63,-0.01,7,19341,卖盘
1167,11:23:52,27.63,0.0,34,93942,卖盘
1168,11:23:55,27.63,0.0,8,22104,卖盘
1169,11:23:57,27.63,0.0,4,11052,卖盘
1170,11:24:01,27.6,-0.03,15,41409,卖盘
1171,11:24:07,27.59,-0.01,16,44154,卖盘
1172,11:24:10,27.64,0.05,21,58031,买盘
1173,11:24:13,27.59,-0.05,19,52425,卖盘
1174,11:24:15,27.6,0.01,5,13800,买盘
1175,11:24:18,27.59,-0.01,14,38626,卖盘
1176,11:24:25,27.59,0.0,18,49662,卖盘
1177,11:24:31,27.59,0.0,18,49650,买盘
1178,11:24:37,27.59,0.0,10,27590,买盘
1179,11:24:39,27.58,-0.01,18,49644,卖盘
1180,11:24:42,27.57,-0.01,9,24813,卖盘
1181,11:24:49,27.56,-0.01,61,168177,卖盘
1182,11:24:55,27.55,-0.01,27,74396,卖盘
1183,11:24:58,27.57,0.02,10,27570,买盘
1184,11:25:01,27.57,0.0,4,11028,买盘
1185,11:25:07,27.55,-0.02,23,63367,卖盘
1186,11:25:09,27.58,0.03,89,245452,买盘
1187,11:25:13,27.58,0.0,58,159964,卖盘
1188,11:25:16,27.58,0.0,24,66193,卖盘
1189,11:25:18,27.58,0.0,74,204092,卖盘
1190,11:25:22,27.59,0.01,15,41385,买盘
1191,11:25:25,27.59,0.0,23,63487,卖盘
1192,11:25:28,27.62,0.03,10,27620,买盘
1193,11:25:31,27.59,-0.03,36,99371,卖盘
1194,11:25:37,27.58,-0.01,120,330966,卖盘
1195,11:25:40,27.58,0.0,47,129626,卖盘
1196,11:25:43,27.58,0.0,56,154451,卖盘
1197,11:25:45,27.58,0.0,28,77226,卖盘
1198,11:25:48,27.55,-0.03,25,68880,卖盘
1199,11:25:55,27.56,0.01,15,41340,卖盘
1200,11:25:58,27.62,0.06,31,85476,买盘
1201,11:26:01,27.62,0.0,4,11048,卖盘
1202,11:26:03,27.58,-0.04,21,57942,卖盘
1203,11:26:16,27.62,0.04,10,27600,买盘
1204,11:26:22,27.54,-0.08,73,201143,卖盘
1205,11:26:24,27.62,0.08,6,16572,买盘
1206,11:26:28,27.58,-0.04,16,44152,卖盘
1207,11:26:30,27.62,0.04,55,151910,卖盘
1208,11:26:33,27.62,0.0,10,27620,卖盘
1209,11:26:37,27.62,0.0,35,96670,卖盘
1210,11:26:39,27.64,0.02,14,38672,买盘
1211,11:26:42,27.62,-0.02,137,378467,卖盘
1212,11:26:46,27.62,0.0,28,77340,卖盘
1213,11:26:49,27.64,0.02,125,345270,买盘
1214,11:26:51,27.64,0.0,36,99442,买盘
1215,11:26:54,27.56,-0.08,53,146283,卖盘
1216,11:26:57,27.56,0.0,5,13780,买盘
1217,11:27:00,27.56,0.0,65,179140,买盘
1218,11:27:07,27.56,0.0,55,151466,买盘
1219,11:27:09,27.56,0.0,10,27560,中性盘
1220,11:27:12,27.52,-0.04,24,66048,卖盘
1221,11:27:15,27.55,0.03,66,181609,买盘
1222,11:27:19,27.5,-0.05,6,16500,卖盘
1223,11:27:22,27.5,0.0,46,126510,卖盘
1224,11:27:25,27.5,0.0,421,1157758,卖盘
1225,11:27:28,27.48,-0.02,22,60519,卖盘
1226,11:27:31,27.42,-0.06,10,27444,卖盘
1227,11:27:37,27.3,-0.12,6,16420,卖盘
1228,11:27:40,27.3,0.0,41,111930,卖盘
1229,11:27:43,27.26,-0.04,30,81831,卖盘
1230,11:27:45,27.22,-0.04,15,40830,卖盘
1231,11:27:51,27.22,0.0,42,114301,买盘
1232,11:27:54,27.18,-0.04,33,89741,卖盘
1233,11:28:01,27.16,-0.02,30,81480,卖盘
1234,11:28:04,27.16,0.0,12,32612,卖盘
1235,11:28:07,27.15,-0.01,45,122235,卖盘
1236,11:28:09,27.17,0.02,10,27170,中性盘
1237,11:28:13,27.17,0.0,28,76075,买盘
1238,11:28:16,27.15,-0.02,30,81450,卖盘
1239,11:28:19,27.1,-0.05,8,21681,卖盘
1240,11:28:22,27.15,0.05,34,92310,买盘
1241,11:28:28,27.15,0.0,1,2715,买盘
1242,11:28:30,27.1,-0.05,65,176267,卖盘
1243,11:28:33,27.1,0.0,80,216800,买盘
1244,11:28:36,27.1,0.0,66,178860,买盘
1245,11:28:39,27.1,0.0,23,62330,买盘
1246,11:28:46,27.02,-0.08,22,59474,卖盘
1247,11:28:49,27.08,0.06,16,43328,买盘
1248,11:28:51,27.08,0.0,112,302556,买盘
1249,11:28:58,27.03,-0.05,45,121879,中性盘
1250,11:29:01,27.0,-0.03,52,140453,卖盘
1251,11:29:04,27.0,0.0,8,21600,买盘
1252,11:29:06,27.0,0.0,1,2700,买盘
1253,11:29:15,27.0,0.0,61,164645,买盘
1254,11:29:19,26.98,-0.02,5,13490,卖盘
1255,11:29:22,26.98,0.0,310,834321,买盘
1256,11:29:25,26.98,0.0,25,67370,买盘
1257,11:29:28,26.98,0.0,5,13490,卖盘
1258,11:29:34,27.0,0.02,21,56700,买盘
1259,11:29:39,26.99,-0.01,19,51288,中性盘
1260,11:29:46,26.98,-0.01,12,32377,卖盘
1261,11:29:49,26.99,0.01,10,26990,买盘
1262,11:29:52,26.99,0.0,37,99843,买盘
1263,11:29:57,26.99,0.0,24,64756,买盘
1264,11:30:01,26.99,0.0,7,18893,买盘
1265,11:30:04,26.98,-0.01,47,126830,卖盘
1266,13:00:05,26.98,0.0,120,323532,买盘
1267,13:00:07,26.96,-0.02,2216,5971113,中性盘
1268,13:00:10,26.95,-0.01,32,86305,卖盘
1269,13:00:15,26.97,0.02,17,45849,买盘
1270,13:00:19,26.93,-0.04,34,91602,卖盘
1271,13:00:21,26.95,0.02,293,788387,买盘
1272,13:00:27,26.88,-0.07,114,307103,卖盘
1273,13:00:31,26.95,0.07,206,555236,卖盘
1274,13:00:34,26.95,0.0,36,97020,买盘
1275,13:00:36,26.86,-0.09,360,967504,卖盘
1276,13:00:39,26.95,0.09,27,72708,买盘
1277,13:00:42,26.95,0.0,689,1853150,买盘
1278,13:00:45,26.81,-0.14,389,1042936,卖盘
1279,13:00:51,26.81,0.0,354,949074,卖盘
1280,13:00:54,26.79,-0.02,321,860113,卖盘
1281,13:00:57,26.79,0.0,98,262542,卖盘
1282,13:01:00,26.78,-0.01,273,731319,卖盘
1283,13:01:03,26.86,0.08,32,85778,买盘
1284,13:01:07,26.86,0.0,494,1323739,买盘
1285,13:01:09,26.85,-0.01,423,1134098,卖盘
1286,13:01:13,26.8,-0.05,61,163500,卖盘
1287,13:01:16,26.76,-0.04,415,1110967,卖盘
1288,13:01:19,26.77,0.01,78,208806,卖盘
1289,13:01:21,26.77,0.0,369,987586,卖盘
1290,13:01:24,26.77,0.0,174,465638,买盘
1291,13:01:28,26.76,-0.01,326,872618,卖盘
1292,13:01:31,26.81,0.05,10,26810,买盘
1293,13:01:34,26.98,0.17,383,1033334,卖盘
1294,13:01:36,26.98,0.0,113,305548,卖盘
1295,13:01:39,26.99,0.01,895,2397448,买盘
1296,13:01:43,27.0,0.01,908,2434113,买盘
1297,13:01:49,27.0,0.0,658,1776600,卖盘
1298,13:01:51,27.0,0.0,10,27000,卖盘
1299,13:01:54,27.03,0.03,458,1236606,买盘
1300,13:01:57,27.03,0.0,8,21624,买盘
1301,13:02:00,26.98,-0.05,895,2415879,卖盘
1302,13:02:04,27.0,0.02,669,1804992,买盘
1303,13:02:07,27.0,0.0,21,56700,买盘
1304,13:02:10,26.99,-0.01,96,259190,中性盘
1305,13:02:12,26.99,0.0,11,29689,买盘
1306,13:02:15,26.98,-0.01,525,1416453,卖盘
1307,13:02:18,26.98,0.0,203,547697,卖盘
1308,13:02:21,26.98,0.0,269,725762,卖盘
1309,13:02:24,27.0,0.02,818,2208581,买盘
1310,13:02:30,27.0,0.0,258,696600,卖盘
1311,13:02:37,27.0,0.0,8,21600,卖盘
1312,13:02:39,27.0,0.0,50,135002,卖盘
1313,13:02:42,27.0,0.0,433,1169100,卖盘
1314,13:02:52,26.99,-0.01,12,32389,卖盘
1315,13:02:55,27.0,0.01,1,2700,买盘
1316,13:02:58,27.0,0.0,9,24299,买盘
1317,13:03:04,26.99,-0.01,33,89072,卖盘
1318,13:03:10,26.98,-0.01,56,151088,卖盘
1319,13:03:16,26.98,0.0,254,685292,卖盘
1320,13:03:19,26.98,0.0,23,62054,买盘
1321,13:03:21,26.9,-0.08,307,825840,卖盘
1322,13:03:24,27.0,0.1,201,542525,买盘
1323,13:03:37,26.98,-0.02,12,32376,卖盘
1324,13:03:40,26.98,0.0,101,272628,卖盘
1325,13:03:43,26.95,-0.03,3,8085,卖盘
1326,13:03:49,27.0,0.05,206,556162,买盘
1327,13:03:52,26.95,-0.05,831,2238386,卖盘
1328,13:04:04,27.0,0.05,24,64800,卖盘
1329,13:04:06,27.0,0.0,3,8100,卖盘
1330,13:04:09,27.0,0.0,14,37800,买盘
1331,13:04:13,27.0,0.0,100,270000,买盘
1332,13:04:18,27.0,0.0,39,105300,买盘
1333,13:04:21,27.0,0.0,28,75600,买盘
1334,13:04:37,27.0,0.0,11,29701,卖盘
1335,13:04:40,27.01,0.01,47,126901,买盘
1336,13:04:51,27.03,0.02,1,2703,卖盘
1337,13:04:54,27.0,-0.03,50,135040,卖盘
1338,13:04:57,27.03,0.03,8,21624,买盘
1339,13:05:00,27.03,0.0,2,5406,卖盘
1340,13:05:06,27.03,0.0,120,324360,卖盘
1341,13:05:09,27.03,0.0,9,24327,买盘
1342,13:05:13,27.05,0.02,31,83855,买盘
1343,13:05:16,27.05,0.0,1,2705,买盘
1344,13:05:22,27.03,-0.02,10,27036,卖盘
1345,13:05:34,27.05,0.02,3,8115,买盘
1346,13:05:36,27.03,-0.02,7,18922,卖盘
1347,13:05:39,27.05,0.02,5,13525,买盘
1348,13:05:43,27.07,0.02,81,219097,买盘
1349,13:05:48,27.07,0.0,3,8121,买盘
1350,13:05:51,27.06,-0.01,9,24354,卖盘
1351,13:05:54,27.09,0.03,52,140804,买盘
1352,13:06:00,27.1,0.01,42,113820,卖盘
1353,13:06:07,27.17,0.07,65,176378,买盘
1354,13:06:09,27.1,-0.07,47,127370,买盘
1355,13:06:12,27.1,0.0,12,32520,买盘
1356,13:06:15,27.1,0.0,15,40650,买盘
1357,13:06:19,27.14,0.04,38,103084,买盘
1358,13:06:22,27.09,-0.05,12,32516,卖盘
1359,13:06:28,27.14,0.05,16,43424,买盘
1360,13:06:34,27.18,0.04,5,13574,买盘
1361,13:06:36,27.12,-0.06,208,565646,中性盘
1362,13:06:39,27.18,0.06,5,13590,中性盘
1363,13:06:48,27.2,0.02,65,176680,买盘
1364,13:06:51,27.2,0.0,8,21760,买盘
1365,13:06:57,27.38,0.18,59,160642,买盘
1366,13:07:00,27.38,0.0,24,65712,买盘
1367,13:07:09,27.49,0.11,16,43852,买盘
1368,13:07:12,27.37,-0.12,14,38318,买盘
1369,13:07:16,27.37,0.0,8,21896,买盘
1370,13:07:18,27.37,0.0,13,35581,买盘
1371,13:07:21,27.37,0.0,8,21896,买盘
1372,13:07:25,27.48,0.11,12,32943,买盘
1373,13:07:28,27.36,-0.12,5,13680,买盘
1374,13:07:34,27.23,-0.13,30,82116,卖盘
1375,13:07:37,27.49,0.26,19,52231,买盘
1376,13:07:40,27.37,-0.12,1,2737,中性盘
1377,13:07:43,27.48,0.11,8,21918,买盘
1378,13:07:46,27.48,0.0,10,27480,买盘
1379,13:07:49,27.5,0.02,100,274913,买盘
1380,13:07:51,27.36,-0.14,8,21888,卖盘
1381,13:07:54,27.5,0.14,156,428948,买盘
1382,13:07:58,27.5,0.0,50,137500,卖盘
1383,13:08:01,27.55,0.05,27,74385,买盘
1384,13:08:04,27.64,0.09,22,60808,买盘
1385,13:08:07,27.55,-0.09,18,49707,卖盘
1386,13:08:12,27.65,0.1,92,254305,买盘
1387,13:08:16,27.56,-0.09,5,13776,买盘
1388,13:08:21,27.55,-0.01,7,19285,卖盘
1389,13:08:28,27.68,0.13,2,5536,买盘
1390,13:08:33,27.67,-0.01,6,16602,中性盘
1391,13:08:36,27.6,-0.07,5,13800,卖盘
1392,13:08:45,27.66,0.06,49,135492,买盘
1393,13:08:51,27.6,-0.06,10,27600,卖盘
1394,13:08:57,27.6,0.0,73,201480,卖盘
1395,13:09:01,27.66,0.06,5,13830,买盘
1396,13:09:04,27.67,0.01,20,55340,卖盘
1397,13:09:06,27.67,0.0,24,66431,卖盘
1398,13:09:09,27.67,0.0,52,143884,卖盘
1399,13:09:16,27.69,0.02,9,24919,买盘
1400,13:09:18,27.69,0.0,5,13845,买盘
1401,13:09:21,27.68,-0.01,38,105202,中性盘
1402,13:09:25,27.69,0.01,3,8307,买盘
1403,13:09:27,27.68,-0.01,11,30449,卖盘
1404,13:09:30,27.69,0.01,2,5538,买盘
1405,13:09:37,27.68,-0.01,20,55374,卖盘
1406,13:09:40,27.68,0.0,13,35989,买盘
1407,13:09:43,27.68,0.0,2,5536,买盘
1408,13:09:45,27.67,-0.01,50,138388,卖盘
1409,13:09:51,27.67,0.0,4,11068,买盘
1410,13:09:58,27.67,0.0,2,5534,买盘
1411,13:10:01,27.68,0.01,64,176794,买盘
1412,13:10:06,27.61,-0.07,11,30383,卖盘
1413,13:10:10,27.66,0.05,24,67745,中性盘
1414,13:10:13,27.61,-0.05,259,716782,卖盘
1415,13:10:22,27.67,0.06,20,55376,卖盘
1416,13:10:25,27.71,0.04,38,105268,买盘
1417,13:10:31,27.71,0.0,48,133008,卖盘
1418,13:10:37,27.68,-0.03,20,55405,卖盘
1419,13:10:40,27.72,0.04,76,210735,买盘
1420,13:10:46,27.68,-0.04,27,74760,卖盘
1421,13:10:48,27.72,0.04,3,8316,买盘
1422,13:10:52,27.68,-0.04,12,33236,卖盘
1423,13:10:54,27.72,0.04,6,16632,买盘
1424,13:10:57,27.72,0.0,2,5544,卖盘
1425,13:11:00,27.68,-0.04,46,127376,卖盘
1426,13:11:07,27.72,0.04,25,69294,买盘
1427,13:11:10,27.67,-0.05,21,58107,卖盘
1428,13:11:13,27.67,0.0,13,35971,买盘
1429,13:11:19,27.7,0.03,200,553967,买盘
1430,13:11:21,27.62,-0.08,31,85798,卖盘
1431,13:11:27,27.72,0.1,116,320587,买盘
1432,13:11:36,27.72,0.0,9,24948,卖盘
1433,13:11:43,27.73,0.01,35,97055,买盘
1434,13:11:46,27.72,-0.01,19,52668,卖盘
1435,13:11:48,27.73,0.01,2,5546,买盘
1436,13:11:51,27.73,0.0,21,58234,买盘
1437,13:11:55,27.74,0.01,4,11096,买盘
1438,13:11:57,27.75,0.01,18,49938,买盘
1439,13:12:04,27.74,-0.01,54,149796,卖盘
1440,13:12:07,27.74,0.0,14,38836,买盘
1441,13:12:10,27.73,-0.01,62,171926,卖盘
1442,13:12:12,27.74,0.01,17,47158,买盘
1443,13:12:16,27.74,0.0,5,13870,买盘
1444,13:12:19,27.74,0.0,1,2774,买盘
1445,13:12:22,27.74,0.0,49,135899,买盘
1446,13:12:28,27.74,0.0,25,69350,买盘
1447,13:12:31,27.73,-0.01,20,55460,卖盘
1448,13:12:33,27.74,0.01,15,41610,买盘
1449,13:12:37,27.73,-0.01,9,24957,卖盘
1450,13:12:40,27.73,0.0,45,124785,卖盘
1451,13:12:42,27.75,0.02,19,52720,买盘
1452,13:12:46,27.73,-0.02,19,52687,卖盘
1453,13:12:49,27.75,0.02,16,44400,买盘
1454,13:12:52,27.75,0.0,23,63791,买盘
1455,13:12:58,27.75,0.0,19,52723,买盘
1456,13:13:01,27.75,0.0,2,5550,买盘
1457,13:13:04,27.61,-0.14,18,49880,卖盘
1458,13:13:06,27.75,0.14,46,127020,买盘
1459,13:13:09,27.73,-0.02,52,143610,中性盘
1460,13:13:12,27.75,0.02,120,332737,买盘
1461,13:13:21,27.75,0.0,18,49950,买盘
1462,13:13:34,27.75,0.0,5,13875,买盘
1463,13:13:46,27.74,-0.01,2,5548,买盘
1464,13:14:04,27.61,-0.13,50,138075,卖盘
1465,13:14:06,27.73,0.12,2,5546,买盘
1466,13:14:10,27.61,-0.12,60,165660,卖盘
1467,13:14:15,27.72,0.11,16,44352,买盘
1468,13:14:25,27.72,0.0,29,80281,买盘
1469,13:14:30,27.62,-0.1,9,24925,卖盘
1470,13:14:34,27.72,0.1,8,22176,买盘
1471,13:14:37,27.73,0.01,8,22184,买盘
1472,13:14:39,27.73,0.0,13,36049,卖盘
1473,13:14:46,27.72,-0.01,6,16632,买盘
1474,13:14:48,27.72,0.0,5,13860,买盘
1475,13:14:52,27.62,-0.1,11,30382,卖盘
1476,13:14:54,27.72,0.1,2,5544,买盘
1477,13:15:04,27.63,-0.09,15,41480,卖盘
1478,13:15:07,27.63,0.0,35,96705,卖盘
1479,13:15:12,27.69,0.06,18,49770,买盘
1480,13:15:15,27.69,0.0,16,44304,买盘
1481,13:15:21,27.62,-0.07,32,88384,卖盘
1482,13:15:24,27.69,0.07,5,13845,买盘
1483,13:15:31,27.69,0.0,5,13845,买盘
1484,13:15:34,27.69,0.0,11,30459,买盘
1485,13:15:37,27.62,-0.07,13,35906,卖盘
1486,13:15:45,27.68,0.06,5,13840,买盘
1487,13:15:48,27.68,0.0,4,11072,买盘
1488,13:15:51,27.63,-0.05,7,19341,卖盘
1489,13:15:57,27.63,0.0,20,55260,卖盘
1490,13:16:01,27.68,0.05,15,41455,买盘
1491,13:16:04,27.68,0.0,2,5536,买盘
1492,13:16:06,27.63,-0.05,35,96715,卖盘
1493,13:16:13,27.62,-0.01,9,24858,卖盘
1494,13:16:16,27.63,0.01,11,30393,买盘
1495,13:16:19,27.63,0.0,27,74601,买盘
1496,13:16:22,27.62,-0.01,15,41436,卖盘
1497,13:16:31,27.63,0.01,13,35919,买盘
1498,13:16:34,27.63,0.0,2,5526,买盘
1499,13:16:37,27.62,-0.01,15,41435,卖盘
1500,13:16:39,27.63,0.01,49,135342,买盘
1501,13:16:43,27.63,0.0,21,58023,买盘
1502,13:16:46,27.67,0.04,46,127282,买盘
1503,13:16:51,27.68,0.01,19,52592,买盘
1504,13:16:54,27.69,0.01,29,80270,买盘
1505,13:17:01,27.69,0.0,17,47073,买盘
1506,13:17:07,27.68,-0.01,62,171639,卖盘
1507,13:17:10,27.68,0.0,6,16608,买盘
1508,13:17:15,27.68,0.0,52,143902,买盘
1509,13:17:22,27.67,-0.01,8,22136,卖盘
1510,13:17:25,27.68,0.01,27,74736,买盘
1511,13:17:28,27.7,0.02,261,722846,买盘
1512,13:17:37,27.7,0.0,11,30470,卖盘
1513,13:17:43,27.72,0.02,72,199540,买盘
1514,13:17:46,27.7,-0.02,20,55400,卖盘
1515,13:17:52,27.7,0.0,9,24930,卖盘
1516,13:18:00,27.72,0.02,27,74834,买盘
1517,13:18:06,27.73,0.01,10,27730,买盘
1518,13:18:10,27.72,-0.01,13,36046,卖盘
1519,13:18:19,27.72,0.0,5,13860,买盘
1520,13:18:22,27.71,-0.01,15,41565,卖盘
1521,13:18:28,27.71,0.0,5,13855,卖盘
1522,13:18:31,27.72,0.01,6,16632,买盘
1523,13:18:36,27.72,0.0,117,324137,买盘
1524,13:18:42,27.71,-0.01,22,60962,买盘
1525,13:18:46,27.69,-0.02,21,58149,卖盘
1526,13:18:52,27.72,0.03,53,146857,买盘
1527,13:18:58,27.72,0.0,8,22176,买盘
1528,13:19:07,27.72,0.0,26,72052,买盘
1529,13:19:10,27.7,-0.02,18,49860,卖盘
1530,13:19:13,27.7,0.0,2,5540,买盘
1531,13:19:19,27.7,0.0,12,33240,买盘
1532,13:19:22,27.71,0.01,20,55402,买盘
1533,13:19:25,27.69,-0.02,9,24921,卖盘
1534,13:19:28,27.71,0.02,14,38776,买盘
1535,13:19:31,27.71,0.0,57,157838,买盘
1536,13:19:33,27.71,0.0,9,24939,买盘
1537,13:19:40,27.7,-0.01,53,146802,中性盘
1538,13:19:43,27.71,0.01,23,63733,买盘
1539,13:19:46,27.7,-0.01,5,13850,卖盘
1540,13:19:48,27.71,0.01,16,44322,买盘
1541,13:19:54,27.7,-0.01,7,19390,卖盘
1542,13:19:58,27.72,0.02,17,47101,买盘
1543,13:20:04,27.72,0.0,2,5544,买盘
1544,13:20:10,27.69,-0.03,60,166140,卖盘
1545,13:20:13,27.71,0.02,5,13855,买盘
1546,13:20:18,27.71,0.0,18,49878,买盘
1547,13:20:24,27.69,-0.02,12,33228,卖盘
1548,13:20:27,27.71,0.02,8,22168,买盘
1549,13:20:31,27.69,-0.02,18,49842,卖盘
1550,13:20:34,27.71,0.02,2,5542,买盘
1551,13:20:39,27.7,-0.01,10,27700,卖盘
1552,13:20:42,27.7,0.0,42,116340,买盘
1553,13:20:46,27.69,-0.01,8,22152,卖盘
1554,13:20:49,27.71,0.02,30,83109,买盘
1555,13:20:54,27.69,-0.02,11,30459,卖盘
1556,13:20:58,27.72,0.03,15,41571,买盘
1557,13:21:03,27.72,0.0,12,31878,买盘
1558,13:21:06,27.7,-0.02,8,22161,买盘
1559,13:21:10,27.74,0.04,5,13870,买盘
1560,13:21:19,27.72,-0.02,6,16632,买盘
1561,13:21:24,27.7,-0.02,3,9697,卖盘
1562,13:21:34,27.72,0.02,20,55431,买盘
1563,13:21:37,27.7,-0.02,9,24930,中性盘
1564,13:21:40,27.72,0.02,1,2772,买盘
1565,13:21:46,27.7,-0.02,22,60940,卖盘
1566,13:21:49,27.71,0.01,12,33252,买盘
1567,13:21:55,27.7,-0.01,45,124657,卖盘
1568,13:22:04,27.71,0.01,26,72046,买盘
1569,13:22:10,27.71,0.0,67,185669,卖盘
1570,13:22:12,27.71,0.0,32,88672,卖盘
1571,13:22:19,27.72,0.01,27,74819,买盘
1572,13:22:25,27.72,0.0,6,16632,卖盘
1573,13:22:27,27.75,0.03,302,837921,买盘
1574,13:22:40,27.72,-0.03,8,22176,卖盘
1575,13:22:43,27.74,0.02,30,83220,买盘
1576,13:22:46,27.72,-0.02,20,55440,卖盘
1577,13:22:54,27.72,0.0,13,36036,卖盘
1578,13:23:00,27.72,0.0,9,24948,卖盘
1579,13:23:10,27.72,0.0,6,16632,卖盘
1580,13:23:13,27.73,0.01,79,219018,买盘
1581,13:23:19,27.73,0.0,12,33275,买盘
1582,13:23:21,27.72,-0.01,7,19404,卖盘
1583,13:23:24,27.72,0.0,16,44352,卖盘
1584,13:23:31,27.74,0.02,21,58248,买盘
1585,13:23:36,27.74,0.0,10,27740,卖盘
1586,13:23:39,27.74,0.0,54,149796,卖盘
1587,13:23:46,27.74,0.0,36,99880,卖盘
1588,13:23:52,27.76,0.02,13,36085,买盘
1589,13:23:55,27.74,-0.02,17,47170,卖盘
1590,13:23:58,27.74,0.0,15,41610,卖盘
1591,13:24:01,27.79,0.05,11,30565,买盘
1592,13:24:07,27.79,0.0,14,38906,买盘
1593,13:24:10,27.74,-0.05,13,36062,卖盘
1594,13:24:13,27.74,0.0,19,52708,卖盘
1595,13:24:16,27.74,0.0,14,38836,买盘
1596,13:24:19,27.78,0.04,19,52710,买盘
1597,13:24:22,27.78,0.0,14,38892,买盘
1598,13:24:24,27.73,-0.05,11,30503,卖盘
1599,13:24:27,27.8,0.07,560,1556705,买盘
1600,13:24:37,27.88,0.08,40,111424,买盘
1601,13:24:39,27.88,0.0,47,131036,卖盘
1602,13:24:42,27.9,0.02,628,1752120,买盘
1603,13:24:46,27.9,0.0,17,47430,卖盘
1604,13:24:51,27.91,0.01,28,78148,买盘
1605,13:24:55,27.95,0.04,27,75432,买盘
1606,13:25:07,27.92,-0.03,2,5584,卖盘
1607,13:25:10,27.95,0.03,12,33516,买盘
1608,13:25:13,27.93,-0.02,18,50274,卖盘
1609,13:25:16,27.93,0.0,50,139650,卖盘
1610,13:25:19,27.94,0.01,46,128524,买盘
1611,13:25:22,27.94,0.0,12,33528,卖盘
1612,13:25:27,27.94,0.0,7,19558,卖盘
1613,13:25:31,27.94,0.0,82,229155,卖盘
1614,13:25:37,27.95,0.01,10,27950,买盘
1615,13:25:40,27.94,-0.01,19,53086,卖盘
1616,13:25:43,27.95,0.01,126,352133,买盘
1617,13:25:46,27.95,0.0,27,75418,买盘
1618,13:25:48,27.95,0.0,10,27950,买盘
1619,13:25:52,27.93,-0.02,17,47481,卖盘
1620,13:25:55,27.94,0.01,18,50280,买盘
1621,13:25:58,27.96,0.02,49,136954,买盘
1622,13:26:01,27.95,-0.01,5,13975,卖盘
1623,13:26:06,27.95,0.0,26,72670,卖盘
1624,13:26:10,28.0,0.05,912,2552430,买盘
1625,13:26:16,28.0,0.0,41,114800,卖盘
1626,13:26:22,28.08,0.08,100,280391,买盘
1627,13:26:25,28.08,0.0,12,33696,卖盘
1628,13:26:28,28.0,-0.08,185,519338,卖盘
1629,13:26:31,28.1,0.1,322,904624,买盘
1630,13:26:34,28.1,0.0,241,677190,买盘
1631,13:26:39,28.1,0.0,56,157360,卖盘
1632,13:26:46,28.1,0.0,104,292258,卖盘
1633,13:26:48,28.1,0.0,33,92738,卖盘
1634,13:26:51,28.1,0.0,38,106781,卖盘
1635,13:26:57,28.03,-0.07,6,16824,卖盘
1636,13:27:07,28.0,-0.03,1,2800,卖盘
1637,13:27:10,28.0,0.0,44,123226,卖盘
1638,13:27:13,28.0,0.0,6,16800,买盘
1639,13:27:15,28.0,0.0,3,8400,买盘
1640,13:27:18,28.1,0.1,181,507700,买盘
1641,13:27:25,28.1,0.0,7,19670,卖盘
1642,13:27:28,28.11,0.01,1,2811,买盘
1643,13:27:31,28.1,-0.01,153,429930,卖盘
1644,13:27:34,28.1,0.0,17,47770,买盘
1645,13:27:36,28.1,0.0,2,5620,买盘
1646,13:27:40,28.11,0.01,101,283810,买盘
1647,13:27:46,28.01,-0.1,3,8404,卖盘
1648,13:27:49,28.1,0.09,36,100998,买盘
1649,13:27:52,28.1,0.0,2,5620,买盘
1650,13:27:55,27.93,-0.17,11,30723,卖盘
1651,13:28:04,28.08,0.15,2,5601,买盘
1652,13:28:09,28.08,0.0,10,28080,卖盘
1653,13:28:12,28.08,0.0,2,5616,卖盘
1654,13:28:15,28.09,0.01,19,53366,买盘
1655,13:28:19,28.08,-0.01,15,42040,中性盘
1656,13:28:25,28.07,-0.01,12,33635,买盘
1657,13:28:28,28.07,0.0,5,14035,买盘
1658,13:28:34,28.08,0.01,55,154040,买盘
1659,13:28:36,28.08,0.0,19,53352,买盘
1660,13:28:39,28.0,-0.08,13,36440,卖盘
1661,13:28:46,28.0,0.0,40,112154,卖盘
1662,13:28:55,28.0,0.0,54,151331,卖盘
1663,13:29:04,28.07,0.07,1,2807,买盘
1664,13:29:07,28.07,0.0,7,19649,买盘
1665,13:29:09,28.07,0.0,44,123445,买盘
1666,13:29:16,28.06,-0.01,21,58926,买盘
1667,13:29:19,28.0,-0.06,40,112000,卖盘
1668,13:29:25,28.06,0.06,15,42062,买盘
1669,13:29:31,28.0,-0.06,102,285618,卖盘
1670,13:29:34,28.06,0.06,2,5612,买盘
1671,13:29:40,28.02,-0.04,9,25202,中性盘
1672,13:29:46,28.0,-0.02,38,106406,卖盘
1673,13:29:49,28.04,0.04,54,151338,买盘
1674,13:29:55,27.93,-0.11,3,8379,卖盘
1675,13:30:04,27.93,0.0,56,156408,买盘
1676,13:30:10,28.0,0.07,12,33600,卖盘
1677,13:30:12,28.0,0.0,10,28000,卖盘
1678,13:30:18,28.0,0.0,39,109200,卖盘
1679,13:30:21,28.02,0.02,26,72852,买盘
1680,13:30:25,28.0,-0.02,13,36400,卖盘
1681,13:30:39,28.0,0.0,9,25200,卖盘
1682,13:30:42,28.0,0.0,30,84010,卖盘
1683,13:30:45,28.0,0.0,31,86809,卖盘
1684,13:30:48,28.0,0.0,1,2800,卖盘
1685,13:30:54,28.0,0.0,7,19600,卖盘
1686,13:30:58,28.0,0.0,22,61600,卖盘
1687,13:31:04,28.0,0.0,2,5600,卖盘
1688,13:31:09,28.0,0.0,5,14000,卖盘
1689,13:31:16,28.0,0.0,5,14000,买盘
1690,13:31:22,27.94,-0.06,50,139700,卖盘
1691,13:31:30,27.93,-0.01,101,282094,卖盘
1692,13:31:33,27.93,0.0,23,64239,卖盘
1693,13:31:40,27.92,-0.01,2,5584,卖盘
1694,13:31:46,27.9,-0.02,19,53010,卖盘
1695,13:31:54,27.9,0.0,24,66960,卖盘
1696,13:32:00,27.9,0.0,1,2790,卖盘
1697,13:32:10,27.89,-0.01,25,69767,卖盘
1698,13:32:19,27.8,-0.09,1,2780,卖盘
1699,13:32:22,27.8,0.0,3,8358,卖盘
1700,13:32:33,27.78,-0.02,20,55560,卖盘
1701,13:32:45,27.74,-0.04,26,72219,卖盘
1702,13:32:55,27.72,-0.02,11,30492,卖盘
1703,13:33:10,27.72,0.0,79,218911,买盘
1704,13:33:13,27.72,0.0,1,2772,买盘
1705,13:33:19,27.7,-0.02,395,1094150,卖盘
1706,13:33:22,27.72,0.02,6,16622,买盘
1707,13:33:25,27.74,0.02,12,33288,卖盘
1708,13:33:30,27.7,-0.04,10,27700,买盘
1709,13:33:33,27.7,0.0,34,94171,买盘
1710,13:33:40,27.69,-0.01,51,141219,卖盘
1711,13:33:42,27.7,0.01,20,55400,买盘
1712,13:33:51,27.69,-0.01,2,5531,买盘
1713,13:33:55,27.62,-0.07,7,19334,卖盘
1714,13:34:10,27.62,0.0,18,49716,卖盘
1715,13:34:21,27.69,0.07,19,52611,买盘
1716,13:34:25,27.62,-0.07,45,124290,卖盘
1717,13:34:34,27.69,0.07,20,55352,买盘
1718,13:34:40,27.61,-0.08,7,19327,卖盘
1719,13:34:52,27.61,0.0,5,13805,卖盘
1720,13:34:54,27.68,0.07,30,82970,买盘
1721,13:35:09,27.61,-0.07,6,16570,卖盘
1722,13:35:16,27.64,0.03,19,52516,买盘
1723,13:35:19,27.64,0.0,25,69044,买盘
1724,13:35:24,27.61,-0.03,18,49699,卖盘
1725,13:35:27,27.61,0.0,20,55220,买盘
1726,13:35:30,27.64,0.03,43,118827,买盘
1727,13:35:33,27.61,-0.03,14,38660,卖盘
1728,13:35:46,27.61,0.0,10,27610,卖盘
1729,13:35:49,27.64,0.03,20,55280,买盘
1730,13:35:55,27.64,0.0,50,138095,买盘
1731,13:36:10,27.63,-0.01,30,82890,卖盘
1732,13:36:22,27.63,0.0,47,129861,买盘
1733,13:36:25,27.61,-0.02,35,96635,卖盘
1734,13:36:31,27.6,-0.01,26,71760,卖盘
1735,13:36:33,27.63,0.03,60,165766,买盘
1736,13:36:40,27.62,-0.01,23,63520,卖盘
1737,13:36:43,27.61,-0.01,35,96655,中性盘
1738,13:36:48,27.61,0.0,37,102185,卖盘
1739,13:36:55,27.61,0.0,13,35893,卖盘
1740,13:36:58,27.63,0.02,17,46971,买盘
1741,13:37:01,27.62,-0.01,3,8286,中性盘
1742,13:37:07,27.63,0.01,19,52496,买盘
1743,13:37:09,27.61,-0.02,23,63515,卖盘
1744,13:37:12,27.63,0.02,48,132581,买盘
1745,13:37:16,27.63,0.0,1,2763,卖盘
1746,13:37:25,27.63,0.0,10,27630,卖盘
1747,13:37:27,27.63,0.0,1,2763,卖盘
1748,13:37:33,27.63,0.0,27,74601,买盘
1749,13:37:36,27.63,0.0,20,55260,买盘
1750,13:37:39,27.61,-0.02,9,24851,卖盘
1751,13:37:42,27.63,0.02,45,124291,买盘
1752,13:37:46,27.61,-0.02,13,35893,卖盘
1753,13:37:48,27.64,0.03,30,82917,买盘
1754,13:37:51,27.64,0.0,4,11056,卖盘
1755,13:37:55,27.62,-0.02,11,30392,卖盘
1756,13:38:04,27.65,0.03,18,49769,买盘
1757,13:38:07,27.63,-0.02,50,138162,卖盘
1758,13:38:10,27.63,0.0,23,63549,卖盘
1759,13:38:25,27.63,0.0,12,33159,卖盘
1760,13:38:28,27.65,0.02,15,41452,买盘
1761,13:38:31,27.64,-0.01,19,52516,买盘
1762,13:38:33,27.65,0.01,22,60814,买盘
1763,13:38:37,27.63,-0.02,20,55260,卖盘
1764,13:38:40,27.63,0.0,11,30393,卖盘
1765,13:38:43,27.64,0.01,22,60808,买盘
1766,13:38:46,27.63,-0.01,19,52498,卖盘
1767,13:38:49,27.63,0.0,6,16578,卖盘
1768,13:38:52,27.64,0.01,20,55280,买盘
1769,13:38:55,27.63,-0.01,10,27633,卖盘
1770,13:38:58,27.64,0.01,23,63552,中性盘
1771,13:39:01,27.64,0.0,1,2764,卖盘
1772,13:39:07,27.65,0.01,12,33180,买盘
1773,13:39:09,27.64,-0.01,67,185176,卖盘
1774,13:39:13,27.63,-0.01,17,46975,卖盘
1775,13:39:25,27.63,0.0,8,22104,卖盘
1776,13:39:30,27.63,0.0,71,196197,卖盘
1777,13:39:39,27.63,0.0,13,35921,卖盘
1778,13:39:42,27.64,0.01,40,110560,买盘
1779,13:39:45,27.63,-0.01,7,19341,卖盘
1780,13:39:52,27.63,0.0,14,38682,买盘
1781,13:39:55,27.63,0.0,10,27630,卖盘
1782,13:39:58,27.63,0.0,12,33156,卖盘
1783,13:40:04,27.63,0.0,15,41445,卖盘
1784,13:40:09,27.63,0.0,7,19341,卖盘
1785,13:40:22,27.62,-0.01,20,55240,卖盘
1786,13:40:24,27.62,0.0,8,22096,卖盘
1787,13:40:31,27.62,0.0,33,91146,卖盘
1788,13:40:34,27.62,0.0,17,46954,卖盘
1789,13:40:37,27.63,0.01,3,8289,买盘
1790,13:40:40,27.62,-0.01,84,232056,卖盘
1791,13:40:49,27.63,0.01,41,113251,买盘
1792,13:40:52,27.63,0.0,12,33156,卖盘
1793,13:40:55,27.61,-0.02,10,27618,卖盘
1794,13:41:01,27.65,0.04,18,49764,买盘
1795,13:41:06,27.65,0.0,17,47005,买盘
1796,13:41:10,27.63,-0.02,7,19341,卖盘
1797,13:41:12,27.63,0.0,15,41445,卖盘
1798,13:41:19,27.63,0.0,1,2763,卖盘
1799,13:41:25,27.63,0.0,7,19341,卖盘
1800,13:41:27,27.63,0.0,18,49734,卖盘
1801,13:41:30,27.63,0.0,17,46971,卖盘
1802,13:41:34,27.64,0.01,24,66320,买盘
1803,13:41:37,27.64,0.0,45,124380,买盘
1804,13:41:40,27.62,-0.02,12,33144,卖盘
1805,13:41:43,27.62,0.0,19,51788,卖盘
1806,13:41:49,27.62,0.0,13,36596,卖盘
1807,13:41:52,27.62,0.0,7,18644,买盘
1808,13:41:55,27.62,0.0,28,77356,卖盘
1809,13:41:58,27.62,0.0,72,199554,卖盘
1810,13:42:01,27.62,0.0,1,2762,买盘
1811,13:42:06,27.61,-0.01,23,63514,卖盘
1812,13:42:16,27.6,-0.01,105,289800,卖盘
1813,13:42:19,27.6,0.0,24,66240,卖盘
1814,13:42:22,27.6,0.0,27,74539,卖盘
1815,13:42:24,27.6,0.0,12,33120,买盘
1816,13:42:31,27.58,-0.02,1,2758,卖盘
1817,13:42:39,27.55,-0.03,2,5510,卖盘
1818,13:42:49,27.57,0.02,36,99182,买盘
1819,13:42:55,27.55,-0.02,11,30305,卖盘
1820,13:43:04,27.55,0.0,4,11020,卖盘
1821,13:43:07,27.55,0.0,5,13775,买盘
1822,13:43:10,27.55,0.0,54,148770,卖盘
1823,13:43:18,27.55,0.0,8,22040,卖盘
1824,13:43:21,27.55,0.0,1,2755,卖盘
1825,13:43:25,27.57,0.02,17,46869,买盘
1826,13:43:34,27.55,-0.02,50,137786,卖盘
1827,13:43:43,27.54,-0.01,2,5508,买盘
1828,13:43:49,27.54,0.0,13,35793,买盘
1829,13:44:04,27.51,-0.03,6,16521,卖盘
1830,13:44:10,27.5,-0.01,46,126500,卖盘
1831,13:44:16,27.5,0.0,1,2750,卖盘
1832,13:44:19,27.5,0.0,6,16500,卖盘
1833,13:44:24,27.54,0.04,20,55064,买盘
1834,13:44:34,27.46,-0.08,3,8238,卖盘
1835,13:44:42,27.45,-0.01,25,68625,买盘
1836,13:44:48,27.4,-0.05,8,21920,卖盘
1837,13:44:57,27.45,0.05,19,52155,买盘
1838,13:45:00,27.4,-0.05,1,2740,卖盘
1839,13:45:04,27.4,0.0,7,19180,卖盘
1840,13:45:09,27.4,0.0,10,27400,卖盘
1841,13:45:13,27.4,0.0,1,2740,卖盘
1842,13:45:19,27.4,0.0,14,38360,卖盘
1843,13:45:22,27.4,0.0,13,35620,卖盘
1844,13:45:34,27.4,0.0,9,24660,卖盘
1845,13:45:37,27.4,0.0,28,76720,卖盘
1846,13:45:48,27.4,0.0,9,24660,卖盘
1847,13:46:04,27.43,0.03,31,85003,买盘
1848,13:46:10,27.43,0.0,10,27430,买盘
1849,13:46:18,27.4,-0.03,9,24664,卖盘
1850,13:46:34,27.37,-0.03,4,10948,卖盘
1851,13:46:40,27.36,-0.01,47,128592,卖盘
1852,13:46:43,27.37,0.01,22,60214,买盘
1853,13:46:45,27.42,0.05,21,57522,买盘
1854,13:46:48,27.36,-0.06,10,27360,卖盘
1855,13:46:58,27.5,0.14,17,46750,买盘
1856,13:47:06,27.36,-0.14,1,2736,卖盘
1857,13:47:19,27.36,0.0,44,120384,卖盘
1858,13:47:34,27.3,-0.06,2,5460,卖盘
1859,13:47:40,27.3,0.0,18,49140,买盘
1860,13:47:43,27.29,-0.01,2,5458,买盘
1861,13:47:48,27.26,-0.03,3,8178,卖盘
1862,13:47:51,27.26,0.0,1,2726,买盘
1863,13:47:55,27.26,0.0,1,2726,买盘
1864,13:48:04,27.25,-0.01,9,24525,卖盘
1865,13:48:10,27.25,0.0,1,2725,卖盘
1866,13:48:16,27.25,0.0,10,27250,买盘
1867,13:48:19,27.25,0.0,17,46277,买盘
1868,13:48:25,27.2,-0.05,1,2720,卖盘
1869,13:48:33,27.18,-0.02,11,29898,卖盘
1870,13:48:37,27.19,0.01,10,27190,买盘
1871,13:48:40,27.18,-0.01,25,67950,卖盘
1872,13:48:46,27.18,0.0,5,13590,买盘
1873,13:48:48,27.16,-0.02,11,29876,卖盘
1874,13:48:51,27.16,0.0,5,13580,卖盘
1875,13:48:54,27.16,0.0,1,2716,卖盘
1876,13:48:58,27.15,-0.01,39,105923,卖盘
1877,13:49:01,27.18,0.03,6,16308,买盘
1878,13:49:04,27.16,-0.02,10,27164,卖盘
1879,13:49:06,27.18,0.02,21,57078,买盘
1880,13:49:12,27.15,-0.03,150,407251,卖盘
1881,13:49:15,27.15,0.0,12,32580,买盘
1882,13:49:18,27.15,0.0,10,27150,买盘
1883,13:49:24,27.12,-0.03,3,8136,卖盘
1884,13:49:31,27.15,0.03,10,27150,买盘
1885,13:49:33,27.13,-0.02,1,2713,卖盘
1886,13:49:43,27.13,0.0,8,21704,买盘
1887,13:49:46,27.13,0.0,1,2713,买盘
1888,13:49:49,27.12,-0.01,14,37968,卖盘
1889,13:49:55,27.13,0.01,1,2713,买盘
1890,13:50:01,27.12,-0.01,30,81360,卖盘
1891,13:50:04,27.12,0.0,8,21697,卖盘
1892,13:50:06,27.12,0.0,8,21696,卖盘
1893,13:50:09,27.13,0.01,11,29843,买盘
1894,13:50:12,27.12,-0.01,20,54240,卖盘
1895,13:50:16,27.12,0.0,6,16272,卖盘
1896,13:50:24,27.12,0.0,18,48816,买盘
1897,13:50:31,27.1,-0.02,37,100310,卖盘
1898,13:50:34,27.1,0.0,7,18970,卖盘
1899,13:50:37,27.1,0.0,2,5420,买盘
1900,13:50:40,27.09,-0.01,10,27090,卖盘
1901,13:50:43,27.12,0.03,74,200643,买盘
1902,13:50:48,27.12,0.0,9,24408,卖盘
1903,13:50:55,27.15,0.03,10,27150,买盘
1904,13:51:04,27.1,-0.05,22,59654,卖盘
1905,13:51:10,27.15,0.05,7,19005,买盘
1906,13:51:13,27.1,-0.05,5,13550,卖盘
1907,13:51:19,27.18,0.08,21,56995,买盘
1908,13:51:31,27.1,-0.08,4,10840,卖盘
1909,13:51:34,27.1,0.0,40,108294,卖盘
1910,13:51:39,27.1,0.0,1,2710,买盘
1911,13:51:42,27.1,0.0,25,67750,买盘
1912,13:51:48,27.1,0.0,13,35230,卖盘
1913,13:51:54,27.19,0.09,18,48940,买盘
1914,13:52:04,27.1,-0.09,13,35230,卖盘
1915,13:52:07,27.11,0.01,1,2711,中性盘
1916,13:52:16,27.11,0.0,1,2711,卖盘
1917,13:52:19,27.11,0.0,10,27110,卖盘
1918,13:52:33,27.11,0.0,14,37959,卖盘
1919,13:52:43,27.12,0.01,3,8136,卖盘
1920,13:52:46,27.14,0.02,25,67814,买盘
1921,13:52:51,27.14,0.0,22,59684,买盘
1922,13:53:04,27.14,0.0,8,21712,卖盘
1923,13:53:09,27.14,0.0,4,10856,卖盘
1924,13:53:19,27.12,-0.02,13,35256,卖盘
1925,13:53:21,27.14,0.02,23,62422,买盘
1926,13:53:33,27.12,-0.02,8,21696,卖盘
1927,13:53:36,27.14,0.02,22,59708,买盘
1928,13:53:40,27.14,0.0,24,65136,卖盘
1929,13:53:46,27.13,-0.01,20,54260,买盘
1930,13:53:49,27.12,-0.01,8,21696,卖盘
1931,13:53:58,27.14,0.02,23,62418,买盘
1932,13:54:04,27.14,0.0,10,27140,卖盘
1933,13:54:07,27.14,0.0,12,32570,卖盘
1934,13:54:10,27.13,-0.01,4,10855,卖盘
1935,13:54:12,27.14,0.01,1,2714,买盘
1936,13:54:18,27.14,0.0,19,51557,买盘
1937,13:54:40,27.12,-0.02,21,56953,卖盘
1938,13:54:43,27.12,0.0,7,18984,买盘
1939,13:54:49,27.12,0.0,5,13560,买盘
1940,13:54:52,27.12,0.0,1,2712,买盘
1941,13:55:01,27.12,0.0,1,2712,买盘
1942,13:55:07,27.12,0.0,20,54240,买盘
1943,13:55:10,27.11,-0.01,61,165391,卖盘
1944,13:55:16,27.13,0.02,3,8139,买盘
1945,13:55:18,27.13,0.0,9,24417,卖盘
1946,13:55:27,27.14,0.01,101,273764,买盘
1947,13:55:46,27.1,-0.04,21,56910,卖盘
1948,13:55:49,27.11,0.01,4,10844,卖盘
1949,13:56:19,27.11,0.0,1,2711,卖盘
1950,13:56:24,27.11,0.0,1,2711,卖盘
1951,13:56:40,27.11,0.0,45,121995,卖盘
1952,13:56:42,27.12,0.01,50,135595,买盘
1953,13:56:46,27.1,-0.02,2,5420,卖盘
1954,13:56:48,27.1,0.0,11,29810,卖盘
1955,13:56:51,27.12,0.02,5,13557,买盘
1956,13:57:07,27.1,-0.02,3,8134,卖盘
1957,13:57:25,27.1,0.0,50,135500,卖盘
1958,13:57:36,27.1,0.0,2,5420,卖盘
1959,13:57:40,27.1,0.0,28,75880,卖盘
1960,13:57:42,27.1,0.0,68,184148,买盘
1961,13:57:45,27.1,0.0,13,35230,买盘
1962,13:57:49,27.1,0.0,17,46048,买盘
1963,13:58:10,27.1,0.0,48,130080,卖盘
1964,13:58:13,27.1,0.0,84,227640,卖盘
1965,13:58:19,27.1,0.0,7,18969,买盘
1966,13:58:25,27.09,-0.01,2,5418,卖盘
1967,13:58:34,27.09,0.0,19,51471,买盘
1968,13:58:40,27.08,-0.01,24,64992,卖盘
1969,13:58:45,27.08,0.0,5,13540,买盘
1970,13:58:49,27.07,-0.01,2,5415,卖盘
1971,13:58:51,27.07,0.0,5,13535,买盘
1972,13:59:04,27.07,0.0,4,10828,买盘
1973,13:59:10,27.07,0.0,21,56847,卖盘
1974,13:59:13,27.07,0.0,14,37898,买盘
1975,13:59:21,27.07,0.0,1,2707,买盘
1976,13:59:24,27.06,-0.01,1,2706,卖盘
1977,13:59:28,27.06,0.0,6,16236,买盘
1978,13:59:31,27.06,0.0,3,8118,买盘
1979,13:59:34,27.06,0.0,32,86592,买盘
1980,13:59:39,27.05,-0.01,98,265090,卖盘
1981,13:59:42,27.06,0.01,10,27060,买盘
1982,13:59:45,27.07,0.01,17,46012,买盘
1983,13:59:49,27.06,-0.01,10,27062,卖盘
1984,13:59:58,27.07,0.01,11,29767,买盘
1985,14:00:00,27.06,-0.01,8,21648,卖盘
1986,14:00:04,27.06,0.0,2,5412,买盘
1987,14:00:06,27.07,0.01,7,18949,卖盘
1988,14:00:10,27.07,0.0,3,8121,卖盘
1989,14:00:21,27.07,0.0,20,54140,买盘
1990,14:00:25,27.06,-0.01,47,127182,卖盘
1991,14:00:31,27.06,0.0,1,2706,卖盘
1992,14:00:40,27.06,0.0,58,156897,买盘
1993,14:00:46,27.05,-0.01,1,2705,卖盘
1994,14:00:52,27.05,0.0,6,16230,卖盘
1995,14:00:55,27.06,0.01,3,8118,买盘
1996,14:01:04,27.06,0.0,9,24354,卖盘
1997,14:01:09,27.06,0.0,2,5412,卖盘
1998,14:01:12,27.06,0.0,5,13530,买盘
1999,14:01:25,27.05,-0.01,25,67627,卖盘
2000,14:01:31,27.06,0.01,5,13530,买盘
2001,14:01:40,27.05,-0.01,49,132545,卖盘
2002,14:01:43,27.06,0.01,10,27060,买盘
2003,14:01:46,27.06,0.0,29,78449,买盘
2004,14:01:49,27.06,0.0,18,48708,买盘
2005,14:02:04,27.06,0.0,3,8118,买盘
2006,14:02:10,27.06,0.0,7,18943,卖盘
2007,14:02:15,27.06,0.0,1,2706,买盘
2008,14:02:25,27.05,-0.01,26,70330,卖盘
2009,14:02:28,27.05,0.0,4,10820,买盘
2010,14:02:31,27.06,0.01,40,108207,买盘
2011,14:02:37,27.06,0.0,11,29756,买盘
2012,14:02:39,27.05,-0.01,26,70330,卖盘
2013,14:02:46,27.05,0.0,5,13525,买盘
2014,14:02:52,27.04,-0.01,46,124384,卖盘
2015,14:02:55,27.03,-0.01,32,86496,卖盘
2016,14:03:10,27.03,0.0,58,156774,卖盘
2017,14:03:13,27.03,0.0,18,48654,买盘
2018,14:03:22,27.02,-0.01,8,21616,卖盘
2019,14:03:25,27.01,-0.01,23,62141,卖盘
2020,14:03:30,27.06,0.05,151,408288,买盘
2021,14:03:37,27.0,-0.06,202,545785,卖盘
2022,14:03:46,27.06,0.06,1,2706,买盘
2023,14:03:52,27.06,0.0,10,27060,买盘
2024,14:04:00,27.06,0.0,5,13530,买盘
2025,14:04:22,27.05,-0.01,1,2705,买盘
2026,14:04:25,27.01,-0.04,16,43216,卖盘
2027,14:04:28,27.04,0.03,6,16221,中性盘
2028,14:04:57,27.03,-0.01,19,51357,买盘
2029,14:05:00,27.03,0.0,10,27030,买盘
2030,14:05:09,27.02,-0.01,7,18914,卖盘
2031,14:05:25,27.02,0.0,1,2702,买盘
2032,14:05:28,27.01,-0.01,35,94535,卖盘
2033,14:05:40,27.01,0.0,12,32412,卖盘
2034,14:05:43,27.0,-0.01,70,189000,卖盘
2035,14:05:48,27.0,0.0,243,656100,卖盘
2036,14:05:52,26.98,-0.02,37,99834,卖盘
2037,14:05:55,27.0,0.02,30,80974,买盘
2038,14:06:04,27.0,0.0,20,54000,买盘
2039,14:06:06,26.95,-0.05,100,269580,卖盘
2040,14:06:13,26.95,0.0,23,61985,卖盘
2041,14:06:16,26.97,0.02,20,53940,买盘
2042,14:06:25,26.97,0.0,2,5394,买盘
2043,14:06:28,26.96,-0.01,1,2696,卖盘
2044,14:06:34,26.96,0.0,51,137496,买盘
2045,14:06:36,26.96,0.0,8,21568,买盘
2046,14:06:39,26.99,0.03,187,504264,买盘
2047,14:06:46,26.96,-0.03,18,48528,卖盘
2048,14:06:54,26.96,0.0,80,215680,卖盘
2049,14:07:06,27.0,0.04,159,429259,买盘
2050,14:07:09,27.0,0.0,30,81000,卖盘
2051,14:07:13,26.99,-0.01,19,51263,买盘
2052,14:07:16,27.01,0.02,20,54019,买盘
2053,14:07:22,26.95,-0.06,824,2219383,卖盘
2054,14:07:25,26.95,0.0,2,5390,买盘
2055,14:07:31,26.95,0.0,16,43120,买盘
2056,14:07:37,26.92,-0.03,1,2692,卖盘
2057,14:07:52,26.94,0.02,1,2694,买盘
2058,14:07:55,26.92,-0.02,7,18844,卖盘
2059,14:08:01,26.92,0.0,24,64608,买盘
2060,14:08:04,26.92,0.0,30,80760,买盘
2061,14:08:06,26.92,0.0,19,51148,买盘
2062,14:08:09,26.91,-0.01,22,59213,卖盘
2063,14:08:15,26.91,0.0,74,199084,买盘
2064,14:08:18,26.91,0.0,5,13455,买盘
2065,14:08:39,26.92,0.01,86,231602,卖盘
2066,14:08:46,26.92,0.0,5,13460,买盘
2067,14:08:52,26.91,-0.01,2,5382,卖盘
2068,14:08:54,26.91,0.0,23,61915,卖盘
2069,14:08:57,26.91,0.0,8,21528,买盘
2070,14:09:04,26.91,0.0,1,2691,买盘
2071,14:09:09,26.9,-0.01,49,131810,卖盘
2072,14:09:12,26.91,0.01,4,10764,买盘
2073,14:09:15,26.9,-0.01,16,43047,卖盘
2074,14:09:24,26.9,0.0,75,201785,卖盘
2075,14:09:31,26.91,0.01,20,53820,买盘
2076,14:09:34,26.91,0.0,15,40365,买盘
2077,14:09:40,26.9,-0.01,49,131810,卖盘
2078,14:09:49,26.91,0.01,19,51129,买盘
2079,14:09:52,26.91,0.0,1,2691,卖盘
2080,14:10:01,26.91,0.0,1,2691,买盘
2081,14:10:10,26.91,0.0,98,263670,买盘
2082,14:10:18,26.9,-0.01,13,34970,卖盘
2083,14:10:21,26.92,0.02,54,145297,买盘
2084,14:10:28,26.91,-0.01,42,113036,卖盘
2085,14:10:31,26.94,0.03,18,48492,买盘
2086,14:10:36,26.95,0.01,179,483827,买盘
2087,14:10:40,26.94,-0.01,24,63249,卖盘
2088,14:10:42,26.93,-0.01,20,53860,买盘
2089,14:10:45,26.93,0.0,2,5386,买盘
2090,14:10:49,26.93,0.0,3,9506,买盘
2091,14:10:51,26.95,0.02,35,94325,买盘
2092,14:10:57,26.93,-0.02,60,160153,卖盘
2093,14:11:00,27.03,0.1,110,296916,买盘
2094,14:11:19,27.05,0.02,78,210818,买盘
2095,14:11:21,27.01,-0.04,69,186400,卖盘
2096,14:11:28,27.01,0.0,3,8103,买盘
2097,14:11:31,27.01,0.0,30,81030,买盘
2098,14:11:34,27.01,0.0,437,1180337,买盘
2099,14:11:37,27.04,0.03,50,135060,买盘
2100,14:11:45,27.0,-0.04,48,129600,买盘
2101,14:12:01,27.03,0.03,4,10812,买盘
2102,14:12:04,27.04,0.01,26,70304,买盘
2103,14:12:09,27.03,-0.01,45,121635,卖盘
2104,14:12:13,27.03,0.0,6,16218,买盘
2105,14:12:25,27.09,0.05,5,13541,买盘
2106,14:12:28,27.06,-0.03,15,40590,中性盘
2107,14:12:30,27.05,-0.01,16,41940,卖盘
2108,14:12:34,27.09,0.04,48,131230,买盘
2109,14:12:49,27.15,0.06,4,10860,买盘
2110,14:12:55,27.15,0.0,1,2715,买盘
2111,14:12:58,27.15,0.0,4,10860,买盘
2112,14:13:06,27.15,0.0,5,13575,买盘
2113,14:13:09,27.16,0.01,39,105889,买盘
2114,14:13:27,27.14,-0.02,10,27140,买盘
2115,14:13:33,27.14,0.0,28,75992,买盘
2116,14:13:39,27.13,-0.01,4,10852,中性盘
2117,14:13:48,27.13,0.0,5,13565,买盘
2118,14:14:04,27.13,0.0,33,89529,买盘
2119,14:14:07,27.13,0.0,3,8138,买盘
2120,14:14:10,27.12,-0.01,44,119328,卖盘
2121,14:14:24,27.13,0.01,28,75959,买盘
2122,14:14:37,27.11,-0.02,20,54258,卖盘
2123,14:14:40,27.11,0.0,19,51509,卖盘
2124,14:14:43,27.11,0.0,49,132839,买盘
2125,14:14:46,27.12,0.01,45,122008,买盘
2126,14:15:01,27.12,0.0,1,2712,买盘
2127,14:15:07,27.12,0.0,28,75936,买盘
2128,14:15:13,27.11,-0.01,1,2711,买盘
2129,14:15:22,27.11,0.0,1,2711,买盘
2130,14:15:25,27.11,0.0,10,27110,买盘
2131,14:15:36,27.11,0.0,28,75908,买盘
2132,14:15:46,27.1,-0.01,10,27100,买盘
2133,14:15:58,27.09,-0.01,4,9482,卖盘
2134,14:16:10,27.09,0.0,5,13545,买盘
2135,14:16:13,27.06,-0.03,8,21648,卖盘
2136,14:16:21,27.12,0.06,80,216816,买盘
2137,14:16:31,27.13,0.01,9,24410,买盘
2138,14:16:36,27.18,0.05,23,63794,买盘
2139,14:16:39,27.13,-0.05,29,77388,卖盘
2140,14:16:43,27.19,0.06,20,54250,买盘
2141,14:17:01,27.19,0.0,11,29909,买盘
2142,14:17:07,27.19,0.0,41,111479,买盘
2143,14:17:19,27.19,0.0,76,208004,买盘
2144,14:17:22,27.19,0.0,68,184892,卖盘
2145,14:17:33,27.19,0.0,117,318123,卖盘
2146,14:17:52,27.25,0.06,28,76270,买盘
2147,14:17:55,27.25,0.0,1,2725,买盘
2148,14:18:00,27.19,-0.06,4,10888,卖盘
2149,14:18:07,27.25,0.06,6,16350,买盘
2150,14:18:15,27.49,0.24,30,82151,买盘
2151,14:18:28,27.49,0.0,2,5498,买盘
2152,14:18:34,27.5,0.01,21,57731,买盘
2153,14:18:36,27.3,-0.2,4,10935,卖盘
2154,14:18:39,27.48,0.18,28,76944,中性盘
2155,14:18:42,27.48,0.0,5,13740,买盘
2156,14:18:46,27.4,-0.08,1,2740,卖盘
2157,14:18:51,27.41,0.01,1,2741,中性盘
2158,14:19:01,27.41,0.0,8,21928,卖盘
2159,14:19:19,27.41,0.0,2,5482,卖盘
2160,14:19:37,27.4,-0.01,11,30142,卖盘
2161,14:19:39,27.46,0.06,22,60387,中性盘
2162,14:19:46,27.46,0.0,1,2746,买盘
2163,14:19:55,27.4,-0.06,1,2740,卖盘
2164,14:20:04,27.46,0.06,15,41190,买盘
2165,14:20:28,27.45,-0.01,7,19215,买盘
2166,14:20:36,27.46,0.01,17,46679,买盘
2167,14:20:42,27.46,0.0,4,10984,卖盘
2168,14:20:49,27.49,0.03,31,85209,买盘
2169,14:21:01,27.47,-0.02,8,21976,卖盘
2170,14:21:04,27.46,-0.01,4,10987,卖盘
2171,14:21:21,27.5,0.04,34,93464,买盘
2172,14:21:30,27.46,-0.04,1,2746,卖盘
2173,14:21:40,27.5,0.04,6,16500,买盘
2174,14:21:42,27.46,-0.04,7,19223,卖盘
2175,14:21:46,27.46,0.0,2,5492,卖盘
2176,14:22:07,27.42,-0.04,1,2742,卖盘
2177,14:22:16,27.44,0.02,2,5488,中性盘
2178,14:22:22,27.49,0.05,20,54980,买盘
2179,14:22:24,27.4,-0.09,25,68531,卖盘
2180,14:22:27,27.5,0.1,28,76992,买盘
2181,14:22:57,27.49,-0.01,1,2749,买盘
2182,14:23:07,27.41,-0.08,14,38374,卖盘
2183,14:23:13,27.49,0.08,29,79716,买盘
2184,14:23:21,27.5,0.01,24,65968,买盘
2185,14:23:28,27.5,0.0,28,77000,买盘
2186,14:23:31,27.41,-0.09,2,5482,卖盘
2187,14:23:55,27.41,0.0,1,2741,卖盘
2188,14:24:18,27.41,0.0,15,41115,卖盘
2189,14:24:21,27.48,0.07,28,76944,买盘
2190,14:24:37,27.4,-0.08,10,27406,卖盘
2191,14:24:40,27.48,0.08,18,49441,买盘
2192,14:24:55,27.48,0.0,30,82440,买盘
2193,14:25:04,27.49,0.01,15,41217,买盘
2194,14:25:22,27.39,-0.1,28,76692,买盘
2195,14:25:40,27.32,-0.07,2,5464,卖盘
2196,14:26:01,27.32,0.0,1,2732,卖盘
2197,14:26:04,27.32,0.0,15,40980,卖盘
2198,14:26:10,27.38,0.06,22,60236,中性盘
2199,14:26:25,27.32,-0.06,27,73764,卖盘
2200,14:26:28,27.32,0.0,1,2732,卖盘
2201,14:26:34,27.32,0.0,8,21856,卖盘
2202,14:26:37,27.38,0.06,7,19142,买盘
2203,14:26:48,27.31,-0.07,4,10924,卖盘
2204,14:26:52,27.39,0.08,15,41042,买盘
2205,14:27:07,27.39,0.0,5,13695,卖盘
2206,14:27:10,27.39,0.0,2,5478,卖盘
2207,14:27:13,27.39,0.0,21,57519,买盘
2208,14:27:28,27.4,0.01,28,76707,买盘
2209,14:27:36,27.4,0.0,16,43840,买盘
2210,14:27:46,27.4,0.0,13,35620,卖盘
2211,14:28:49,27.33,-0.07,15,40995,卖盘
2212,14:28:58,27.33,0.0,22,60126,买盘
2213,14:29:10,27.32,-0.01,43,117476,卖盘
2214,14:29:25,27.32,0.0,17,46444,买盘
2215,14:29:31,27.31,-0.01,1,2731,卖盘
2216,14:29:40,27.31,0.0,51,139281,卖盘
2217,14:29:55,27.3,-0.01,43,117403,卖盘
2218,14:30:25,27.26,-0.04,2,5452,卖盘
2219,14:30:28,27.29,0.03,5,13645,买盘
2220,14:30:31,27.26,-0.03,1,2726,卖盘
2221,14:30:37,27.29,0.03,18,49122,买盘
2222,14:30:57,27.26,-0.03,43,117304,卖盘
2223,14:31:40,27.27,0.01,30,81830,卖盘
2224,14:31:46,27.27,0.0,1,2727,卖盘
2225,14:31:55,27.26,-0.01,15,40899,卖盘
2226,14:32:06,27.26,0.0,2,5452,卖盘
2227,14:32:10,27.27,0.01,28,76356,买盘
2228,14:32:37,27.27,0.0,19,51813,买盘
2229,14:32:40,27.27,0.0,20,54540,买盘
2230,14:32:58,27.26,-0.01,2,5452,卖盘
2231,14:33:04,27.27,0.01,6,16362,买盘
2232,14:33:07,27.27,0.0,1,2727,买盘
2233,14:33:10,27.26,-0.01,13,35438,卖盘
2234,14:33:12,27.26,0.0,16,43616,买盘
2235,14:33:46,27.26,0.0,18,49068,买盘
2236,14:33:49,27.26,0.0,15,40890,卖盘
2237,14:34:04,27.27,0.01,36,98172,买盘
2238,14:34:10,27.27,0.0,64,174528,卖盘
2239,14:34:13,27.29,0.02,28,76385,买盘
2240,14:34:19,27.27,-0.02,18,49086,卖盘
2241,14:34:25,27.28,0.01,4,10912,买盘
2242,14:34:28,27.29,0.01,35,95509,买盘
2243,14:34:33,27.29,0.0,4,10916,卖盘
2244,14:34:42,27.28,-0.01,4,10912,买盘
2245,14:35:10,27.27,-0.01,55,149985,卖盘
2246,14:35:13,27.28,0.01,5,13640,买盘
2247,14:35:18,27.28,0.0,7,19096,买盘
2248,14:35:22,27.29,0.01,1,2729,买盘
2249,14:35:28,27.3,0.01,28,76421,买盘
2250,14:35:43,27.28,-0.02,25,68200,卖盘
2251,14:36:10,27.28,0.0,28,76384,卖盘
2252,14:36:13,27.28,0.0,50,136400,卖盘
2253,14:36:19,27.28,0.0,1,2728,卖盘
2254,14:36:30,27.29,0.01,3,8187,买盘
2255,14:36:49,27.29,0.0,29,79141,买盘
2256,14:36:52,27.29,0.0,3,8187,买盘
2257,14:36:55,27.28,-0.01,20,54567,卖盘
2258,14:37:01,27.29,0.01,2,5458,中性盘
2259,14:37:09,27.28,-0.01,41,111848,卖盘
2260,14:37:16,27.28,0.0,1,2728,卖盘
2261,14:37:42,27.29,0.01,1,2729,买盘
2262,14:37:48,27.27,-0.02,50,136354,卖盘
2263,14:37:51,27.29,0.02,28,76412,买盘
2264,14:38:01,27.29,0.0,4,10916,买盘
2265,14:38:15,27.3,0.01,133,362940,买盘
2266,14:38:25,27.3,0.0,21,57330,买盘
2267,14:38:52,27.3,0.0,7,19105,买盘
2268,14:39:13,27.3,0.0,6,16380,买盘
2269,14:39:22,27.3,0.0,14,38220,买盘
2270,14:40:13,27.29,-0.01,1,2729,买盘
2271,14:40:19,27.29,0.0,8,21832,买盘
2272,14:40:22,27.29,0.0,1,2729,买盘
2273,14:40:28,27.28,-0.01,30,81840,卖盘
2274,14:40:31,27.3,0.02,31,84610,买盘
2275,14:40:40,27.3,0.0,20,54600,买盘
2276,14:40:52,27.3,0.0,5,13650,买盘
2277,14:41:07,27.28,-0.02,13,35464,卖盘
2278,14:41:09,27.27,-0.01,25,68181,卖盘
2279,14:41:31,27.27,0.0,156,425504,卖盘
2280,14:41:33,27.27,0.0,181,493587,卖盘
2281,14:41:37,27.27,0.0,2,5454,买盘
2282,14:41:49,27.27,0.0,14,38178,买盘
2283,14:41:51,27.2,-0.07,80,217822,卖盘
2284,14:41:54,27.27,0.07,1,2727,买盘
2285,14:42:07,27.16,-0.11,211,573120,卖盘
2286,14:42:19,27.16,0.0,46,124936,买盘
2287,14:42:25,27.16,0.0,10,27160,买盘
2288,14:42:27,27.15,-0.01,2,5430,卖盘
2289,14:42:37,27.15,0.0,9,24435,卖盘
2290,14:42:40,27.16,0.01,1,2716,买盘
2291,14:42:43,27.16,0.0,7,19012,买盘
2292,14:42:58,27.25,0.09,36,98100,买盘
2293,14:43:18,27.24,-0.01,20,54480,买盘
2294,14:43:22,27.16,-0.08,4,10864,卖盘
2295,14:43:31,27.16,0.0,10,27160,卖盘
2296,14:43:34,27.16,0.0,2,5432,卖盘
2297,14:43:46,27.16,0.0,7,19012,卖盘
2298,14:43:55,27.24,0.08,39,106204,买盘
2299,14:44:34,27.23,-0.01,21,57183,买盘
2300,14:44:43,27.22,-0.01,1,2722,买盘
2301,14:45:22,27.21,-0.01,54,146934,买盘
2302,14:45:34,27.21,0.0,2,5442,买盘
2303,14:45:58,27.2,-0.01,1,2720,卖盘
2304,14:46:01,27.2,0.0,7,19040,中性盘
2305,14:46:13,27.19,-0.01,6,16314,卖盘
2306,14:46:34,27.19,0.0,2,5438,买盘
2307,14:46:37,27.18,-0.01,27,73386,卖盘
2308,14:46:40,27.18,0.0,58,157644,买盘
2309,14:46:54,27.17,-0.01,9,23094,卖盘
2310,14:47:07,27.17,0.0,4,10868,卖盘
2311,14:47:10,27.17,0.0,62,168454,卖盘
2312,14:47:13,27.17,0.0,10,27170,卖盘
2313,14:47:16,27.17,0.0,53,144021,卖盘
2314,14:47:18,27.18,0.01,1,2718,买盘
2315,14:47:22,27.17,-0.01,1,4076,卖盘
2316,14:47:25,27.18,0.01,29,78800,卖盘
2317,14:47:31,27.19,0.01,15,40776,买盘
2318,14:47:34,27.16,-0.03,7,19014,卖盘
2319,14:47:37,27.19,0.03,17,44864,买盘
2320,14:47:43,27.2,0.01,8,21760,买盘
2321,14:48:01,27.2,0.0,25,68000,买盘
2322,14:48:10,27.19,-0.01,2,5438,中性盘
2323,14:48:13,27.18,-0.01,9,24462,卖盘
2324,14:48:16,27.19,0.01,46,125074,买盘
2325,14:48:19,27.2,0.01,5,13597,买盘
2326,14:48:22,27.2,0.0,10,27200,买盘
2327,14:48:34,27.2,0.0,1,2720,买盘
2328,14:48:43,27.2,0.0,10,27200,买盘
2329,14:48:52,27.19,-0.01,1,2719,卖盘
2330,14:49:00,27.2,0.01,37,100640,买盘
2331,14:49:07,27.2,0.0,15,40800,卖盘
2332,14:49:10,27.2,0.0,15,40800,卖盘
2333,14:49:13,27.21,0.01,49,133329,买盘
2334,14:49:19,27.22,0.01,23,62590,买盘
2335,14:49:22,27.22,0.0,21,57152,买盘
2336,14:49:28,27.21,-0.01,20,54420,卖盘
2337,14:49:31,27.22,0.01,6,16332,买盘
2338,14:49:37,27.24,0.02,24,65376,买盘
2339,14:49:43,27.24,0.0,4,10896,卖盘
2340,14:49:46,27.21,-0.03,99,269554,卖盘
2341,14:49:52,27.27,0.06,28,76356,买盘
2342,14:49:58,27.28,0.01,35,95480,买盘
2343,14:50:10,27.3,0.02,29,79170,买盘
2344,14:50:13,27.3,0.0,5,13650,卖盘
2345,14:50:16,27.3,0.0,18,49140,卖盘
2346,14:50:19,27.32,0.02,10,27320,买盘
2347,14:50:22,27.4,0.08,4,10936,买盘
2348,14:50:34,27.48,0.08,1,2748,买盘
2349,14:50:37,27.4,-0.08,6,16440,卖盘
2350,14:50:49,27.48,0.08,5,13740,买盘
2351,14:50:55,27.48,0.0,33,90593,买盘
2352,14:50:58,27.48,0.0,18,49464,买盘
2353,14:51:04,27.48,0.0,12,32976,买盘
2354,14:51:07,27.48,0.0,10,27480,卖盘
2355,14:51:13,27.49,0.01,12,32988,买盘
2356,14:51:19,27.49,0.0,54,148446,买盘
2357,14:51:25,27.49,0.0,5,13745,卖盘
2358,14:51:28,27.5,0.01,22,60500,买盘
2359,14:51:31,27.5,0.0,16,44000,买盘
2360,14:51:37,27.5,0.0,10,27500,卖盘
2361,14:51:43,27.5,0.0,39,107250,卖盘
2362,14:51:46,27.5,0.0,2,5500,卖盘
2363,14:51:49,27.51,0.01,14,38514,买盘
2364,14:51:52,27.51,0.0,19,52269,买盘
2365,14:51:55,27.51,0.0,10,27510,卖盘
2366,14:52:01,27.5,-0.01,18,49507,卖盘
2367,14:52:10,27.49,-0.01,23,63242,卖盘
2368,14:52:16,27.5,0.01,1,2750,买盘
2369,14:52:19,27.49,-0.01,1,2749,卖盘
2370,14:52:22,27.5,0.01,11,30250,买盘
2371,14:52:25,27.5,0.0,29,79743,买盘
2372,14:52:31,27.5,0.0,50,137500,卖盘
2373,14:52:37,27.51,0.01,12,33012,买盘
2374,14:52:43,27.5,-0.01,13,35762,卖盘
2375,14:52:46,27.49,-0.01,10,27497,卖盘
2376,14:52:49,27.52,0.03,55,151301,买盘
2377,14:52:51,27.52,0.0,5,13760,卖盘
2378,14:53:01,27.53,0.01,51,140403,买盘
2379,14:53:04,27.55,0.02,30,82630,买盘
2380,14:53:07,27.53,-0.02,5,13773,卖盘
2381,14:53:25,27.57,0.04,8,22056,买盘
2382,14:53:28,27.54,-0.03,5,13770,卖盘
2383,14:53:39,27.54,0.0,30,82620,卖盘
2384,14:53:43,27.57,0.03,3,8271,买盘
2385,14:53:52,27.56,-0.01,4,11024,卖盘
2386,14:53:55,27.54,-0.02,5,13771,卖盘
2387,14:53:58,27.57,0.03,14,38595,买盘
2388,14:54:01,27.57,0.0,1,2757,买盘
2389,14:54:13,27.54,-0.03,8,22034,卖盘
2390,14:54:16,27.57,0.03,31,85467,买盘
2391,14:54:19,27.58,0.01,8,22057,买盘
2392,14:54:22,27.59,0.01,11,30340,买盘
2393,14:54:31,27.6,0.01,34,93811,买盘
2394,14:54:40,27.57,-0.03,5,13776,买盘
2395,14:54:46,27.6,0.03,14,38630,买盘
2396,14:54:55,27.58,-0.02,5,13789,买盘
2397,14:55:10,27.57,-0.01,162,446653,卖盘
2398,14:55:13,27.58,0.01,2,5516,买盘
2399,14:55:22,27.58,0.0,6,16548,买盘
2400,14:55:28,27.62,0.04,562,1551990,买盘
2401,14:55:34,27.62,0.0,174,480492,买盘
2402,14:55:40,27.58,-0.04,5,13792,卖盘
2403,14:55:46,27.62,0.04,160,441920,买盘
2404,14:55:52,27.62,0.0,240,662880,买盘
2405,14:55:55,27.61,-0.01,4,11044,卖盘
2406,14:55:58,27.62,0.01,350,966700,买盘
2407,14:56:01,27.62,0.0,248,684976,买盘
2408,14:56:04,27.62,0.0,15,41430,卖盘
2409,14:56:07,27.65,0.03,35,96768,买盘
2410,14:56:10,27.65,0.0,11,30415,买盘
2411,14:56:13,27.7,0.05,69,190840,买盘
2412,14:56:16,27.67,-0.03,13,36034,中性盘
2413,14:56:19,27.7,0.03,3,8310,卖盘
2414,14:56:22,27.79,0.09,6,16674,买盘
2415,14:56:28,27.7,-0.09,20,55400,卖盘
2416,14:56:31,27.7,0.0,15,41550,买盘
2417,14:56:34,27.7,0.0,7,19390,卖盘
2418,14:56:40,27.9,0.2,49,136322,买盘
2419,14:56:43,27.8,-0.1,5,13900,卖盘
2420,14:56:52,27.8,0.0,70,195072,卖盘
2421,14:56:58,27.95,0.15,13,36335,买盘
2422,14:57:04,27.94,-0.01,13,36310,买盘
2423,15:00:05,27.95,0.01,667,1864265,买盘
