,time,price,change,volume,amount,type
0,09:25:04,15.01,-0.09,5,7505,卖盘
1,09:30:04,15.05,0.04,22,33069,买盘
2,09:30:37,15.1,0.05,1,1510,买盘
3,09:30:55,15.1,0.0,6,9060,买盘
4,09:31:04,15.1,0.0,3,4530,卖盘
5,09:31:07,15.1,0.0,11,16610,卖盘
6,09:31:09,15.07,-0.03,3,4521,卖盘
7,09:31:13,15.1,0.03,3,4524,买盘
8,09:31:16,15.07,-0.03,1,1507,卖盘
9,09:31:19,15.07,0.0,1,1507,卖盘
10,09:31:25,15.08,0.01,1,1508,卖盘
11,09:31:27,15.08,0.0,1,1508,卖盘
12,09:31:31,15.05,-0.03,5,7525,卖盘
13,09:32:19,15.07,0.02,20,30142,卖盘
14,09:32:24,15.07,0.0,14,21098,卖盘
15,09:32:34,15.07,0.0,1,1507,卖盘
16,09:32:42,15.07,0.0,3,4521,卖盘
17,09:32:46,15.07,0.0,30,45210,卖盘
18,09:33:00,15.07,0.0,5,7535,卖盘
19,09:33:16,15.08,0.01,3,4524,中性盘
20,09:33:37,15.1,0.02,100,151000,买盘
21,09:33:49,15.1,0.0,2,3020,卖盘
22,09:34:31,15.11,0.01,5,7555,卖盘
23,09:34:37,15.15,0.04,11,16665,买盘
24,09:34:55,15.15,0.0,1,1515,卖盘
25,09:34:58,15.15,0.0,1,1515,卖盘
26,09:35:00,15.15,0.0,1,1515,卖盘
27,09:35:04,15.17,0.02,4,6068,中性盘
28,09:35:07,15.17,0.0,6,9112,卖盘
29,09:35:10,15.17,0.0,1,1517,卖盘
30,09:35:13,15.17,0.0,4,6068,卖盘
31,09:35:18,15.17,0.0,1,1517,买盘
32,09:35:24,15.16,-0.01,1,1516,卖盘
33,09:35:27,15.16,0.0,1,1516,卖盘
34,09:35:31,15.16,0.0,1,1516,卖盘
35,09:35:34,15.16,0.0,1,1516,卖盘
36,09:35:37,15.16,0.0,1,1516,卖盘
37,09:35:39,15.16,0.0,5,7580,卖盘
38,09:36:01,15.16,0.0,20,30316,买盘
39,09:36:04,15.16,0.0,10,15160,买盘
40,09:36:12,15.16,0.0,30,45480,买盘
41,09:36:19,15.15,-0.01,10,15150,买盘
42,09:36:37,15.15,0.0,10,15150,买盘
43,09:36:42,15.15,0.0,39,59085,买盘
44,09:36:55,15.15,0.0,4,6060,卖盘
45,09:37:01,15.15,0.0,2,3030,卖盘
46,09:37:04,15.16,0.01,1,1516,买盘
47,09:37:22,15.16,0.0,23,34868,买盘
48,09:38:12,15.16,0.0,5,7580,买盘
49,09:38:16,15.16,0.0,5,7580,买盘
50,09:38:24,15.15,-0.01,21,31826,卖盘
51,09:38:52,15.15,0.0,5,7575,卖盘
52,09:38:55,15.15,0.0,2,3030,卖盘
53,09:39:21,15.16,0.01,30,45460,买盘
54,09:39:42,15.16,0.0,1,1516,买盘
55,09:39:45,15.16,0.0,6,9096,买盘
56,09:39:48,15.16,0.0,6,9096,买盘
57,09:39:55,15.15,-0.01,20,30300,卖盘
58,09:40:06,15.15,0.0,2,3030,买盘
59,09:40:43,15.12,-0.03,23,34830,卖盘
60,09:41:09,15.12,0.0,9,13608,卖盘
61,09:41:16,15.11,-0.01,10,15110,卖盘
62,09:41:27,15.12,0.01,3,4536,买盘
63,09:41:36,15.11,-0.01,26,39286,卖盘
64,09:41:46,15.11,0.0,3,4533,卖盘
65,09:42:01,15.11,0.0,20,30220,卖盘
66,09:42:15,15.12,0.01,9,13608,买盘
67,09:42:18,15.11,-0.01,10,15113,卖盘
68,09:42:24,15.15,0.04,8,12120,买盘
69,09:43:04,15.12,-0.03,24,36288,卖盘
70,09:43:07,15.12,0.0,16,24192,买盘
71,09:43:42,15.13,0.01,6,9078,卖盘
72,09:44:24,15.12,-0.01,5,7560,卖盘
73,09:44:36,15.12,0.0,30,46570,卖盘
74,09:44:39,15.13,0.01,13,19669,买盘
75,09:44:58,15.14,0.01,10,15140,买盘
76,09:45:16,15.13,-0.01,8,12104,卖盘
77,09:45:25,15.13,0.0,1,1513,卖盘
78,09:46:43,15.14,0.01,13,19682,买盘
79,09:46:52,15.15,0.01,6,9090,买盘
80,09:47:06,15.15,0.0,6,9090,买盘
81,09:47:10,15.15,0.0,6,9090,买盘
82,09:48:01,15.15,0.0,26,39390,买盘
83,09:48:04,15.15,0.0,3,4545,买盘
84,09:48:19,15.14,-0.01,24,36340,卖盘
85,09:48:22,15.14,0.0,20,30280,卖盘
86,09:48:24,15.15,0.01,45,68138,买盘
87,09:48:28,15.14,-0.01,40,60562,卖盘
88,09:48:31,15.14,0.0,66,99953,卖盘
89,09:48:34,15.14,0.0,27,40883,卖盘
90,09:48:36,15.14,0.0,35,53007,卖盘
91,09:48:40,15.14,0.0,60,90537,卖盘
92,09:48:43,15.14,0.0,34,51476,卖盘
93,09:48:45,15.13,-0.01,9,13923,卖盘
94,09:48:48,15.12,-0.01,161,243449,卖盘
95,09:48:55,15.13,0.01,2,3026,卖盘
96,09:48:57,15.12,-0.01,17,25707,卖盘
97,09:49:07,15.12,0.0,29,43848,卖盘
98,09:49:18,15.12,0.0,52,78624,卖盘
99,09:49:24,15.12,0.0,17,25704,卖盘
100,09:49:31,15.12,0.0,29,43546,卖盘
101,09:49:39,15.12,0.0,10,15120,卖盘
102,09:50:04,15.13,0.01,2,3026,买盘
103,09:50:18,15.13,0.0,7,10591,卖盘
104,09:50:31,15.12,-0.01,6,9072,卖盘
105,09:50:42,15.12,0.0,22,33264,卖盘
106,09:51:01,15.11,-0.01,3,4533,卖盘
107,09:51:10,15.09,-0.02,48,72450,卖盘
108,09:51:18,15.08,-0.01,6,9048,卖盘
109,09:51:34,15.04,-0.04,6,9024,卖盘
110,09:51:49,15.04,0.0,7,10528,卖盘
111,09:52:06,15.08,0.04,3,4524,买盘
112,09:52:10,15.08,0.0,3,4524,买盘
113,09:52:13,15.08,0.0,1,1508,买盘
114,09:52:28,15.08,0.0,10,15080,买盘
115,09:53:07,15.05,-0.03,2,3010,卖盘
116,09:53:10,15.05,0.0,11,16555,卖盘
117,09:53:19,15.04,-0.01,30,45120,卖盘
118,09:53:25,15.05,0.01,10,15050,买盘
119,09:53:28,15.04,-0.01,10,15040,卖盘
120,09:53:36,15.05,0.01,5,7525,买盘
121,09:53:45,15.03,-0.02,6,9018,卖盘
122,09:54:04,15.04,0.01,1,1504,卖盘
123,09:54:25,15.05,0.01,3,4515,买盘
124,09:55:01,15.05,0.0,8,12040,买盘
125,09:55:18,15.05,0.0,4,6020,买盘
126,09:55:24,15.05,0.0,9,13545,买盘
127,09:55:36,15.05,0.0,2,3010,买盘
128,09:56:28,15.05,0.0,5,7525,卖盘
129,09:56:40,15.05,0.0,1,1505,买盘
130,09:56:42,15.05,0.0,2,3010,买盘
131,09:56:45,15.05,0.0,2,3010,买盘
132,09:57:00,15.08,0.03,20,30160,买盘
133,09:57:09,15.04,-0.04,1,1504,卖盘
134,09:57:27,15.05,0.01,7,10535,卖盘
135,09:57:43,15.04,-0.01,8,12032,卖盘
136,09:57:46,15.05,0.01,13,19553,买盘
137,09:59:12,15.05,0.0,48,72245,卖盘
138,09:59:52,15.08,0.03,63,94099,买盘
139,10:00:22,15.08,0.0,14,21112,卖盘
140,10:00:43,15.08,0.0,3,4524,卖盘
141,10:01:01,15.05,-0.03,20,30108,卖盘
142,10:01:04,15.05,0.0,3,4515,买盘
143,10:01:49,15.04,-0.01,20,30080,卖盘
144,10:01:52,15.04,0.0,7,10528,卖盘
145,10:02:01,15.02,-0.02,46,69133,卖盘
146,10:02:31,15.03,0.01,11,16533,卖盘
147,10:03:04,15.03,0.0,20,30060,卖盘
148,10:03:16,15.02,-0.01,27,40554,卖盘
149,10:03:34,15.01,-0.01,13,20113,卖盘
150,10:03:36,15.01,0.0,5,7505,卖盘
151,10:03:45,15.02,0.01,7,10514,中性盘
152,10:03:55,15.02,0.0,13,19526,卖盘
153,10:03:58,15.02,0.0,1,1502,买盘
154,10:04:25,15.03,0.01,5,7515,买盘
155,10:04:37,15.02,-0.01,17,25534,卖盘
156,10:04:55,15.02,0.0,9,13518,买盘
157,10:05:22,15.01,-0.01,18,26418,卖盘
158,10:05:31,15.0,-0.01,50,75000,卖盘
159,10:05:34,15.0,0.0,18,27000,卖盘
160,10:05:42,14.99,-0.01,1,1499,卖盘
161,10:05:51,14.99,0.0,5,7495,卖盘
162,10:05:58,14.99,0.0,2,2998,卖盘
163,10:06:01,14.99,0.0,5,7495,卖盘
164,10:06:12,14.99,0.0,2,2998,卖盘
165,10:06:21,14.97,-0.02,5,7486,卖盘
166,10:06:36,14.97,0.0,20,29940,卖盘
167,10:06:49,14.99,0.02,5,7495,买盘
168,10:06:52,14.96,-0.03,2,2993,卖盘
169,10:07:04,14.96,0.0,2,2992,卖盘
170,10:07:18,14.96,0.0,2,2992,卖盘
171,10:07:28,14.95,-0.01,14,20939,卖盘
172,10:07:30,14.97,0.02,1,1497,买盘
173,10:07:52,14.97,0.0,9,13473,卖盘
174,10:08:06,14.97,0.0,20,29940,买盘
175,10:08:13,14.97,0.0,1,1497,买盘
176,10:08:16,14.95,-0.02,33,49376,卖盘
177,10:08:36,14.99,0.04,10,14990,买盘
178,10:08:46,14.97,-0.02,10,14970,卖盘
179,10:08:54,14.97,0.0,2,2994,买盘
180,10:09:04,14.97,0.0,20,29940,买盘
181,10:09:22,14.97,0.0,18,26946,买盘
182,10:10:15,15.0,0.03,14,21000,买盘
183,10:11:07,15.0,-0.02,16,23419,卖盘
184,10:11:16,15.0,0.0,7,11100,买盘
185,10:11:31,15.0,0.0,7,10500,卖盘
186,10:11:49,15.0,0.0,3,3900,卖盘
187,10:11:52,15.0,0.0,1,1500,买盘
188,10:11:55,15.0,0.0,1,2100,买盘
189,10:12:04,15.02,0.02,2,3004,买盘
190,10:12:43,15.01,-0.01,20,30020,卖盘
191,10:12:49,15.02,0.01,5,7510,买盘
192,10:13:10,15.04,0.02,15,22560,买盘
193,10:14:09,15.04,0.0,20,30080,卖盘
194,10:14:21,15.04,0.0,12,18048,卖盘
195,10:14:31,15.04,0.0,1,1504,买盘
196,10:15:01,15.04,0.0,21,31584,买盘
197,10:15:40,15.05,0.01,26,39130,卖盘
198,10:15:48,15.05,0.0,2,3010,卖盘
199,10:16:19,15.05,0.0,17,25585,卖盘
200,10:16:52,15.05,0.0,9,13545,买盘
201,10:17:04,15.05,0.0,1,1505,卖盘
202,10:17:06,15.04,-0.01,2,3008,卖盘
203,10:17:22,15.04,0.0,20,30080,卖盘
204,10:17:25,15.04,0.0,10,15040,卖盘
205,10:18:04,15.04,0.0,18,27072,卖盘
206,10:18:18,15.05,0.01,49,73745,买盘
207,10:18:31,15.04,-0.01,10,15042,卖盘
208,10:18:36,15.04,0.0,1,1504,卖盘
209,10:19:25,15.02,-0.02,10,15026,卖盘
210,10:19:55,15.0,-0.02,2,3000,卖盘
211,10:20:10,15.0,0.0,7,10500,卖盘
212,10:20:21,14.98,-0.02,11,16478,卖盘
213,10:21:25,14.98,0.0,16,23968,卖盘
214,10:21:40,14.98,0.0,3,4494,买盘
215,10:21:42,14.98,0.0,2,2996,买盘
216,10:21:46,14.98,0.0,2,2996,买盘
217,10:21:49,14.98,0.0,2,2996,买盘
218,10:21:52,14.98,0.0,1,1498,买盘
219,10:21:55,14.98,0.0,1,1498,买盘
220,10:21:58,14.98,0.0,1,1498,买盘
221,10:22:00,14.98,0.0,1,1498,买盘
222,10:22:04,14.98,0.0,1,1498,买盘
223,10:23:28,14.97,-0.01,53,79356,卖盘
224,10:23:52,14.97,0.0,1,1497,买盘
225,10:23:55,14.97,0.0,1,1497,买盘
226,10:23:58,14.96,-0.01,13,19448,卖盘
227,10:24:10,14.97,0.01,7,10479,买盘
228,10:24:21,14.96,-0.01,19,28427,卖盘
229,10:24:40,14.96,0.0,1,1496,买盘
230,10:24:43,14.96,0.0,4,5984,卖盘
231,10:24:49,14.95,-0.01,25,37375,卖盘
232,10:25:58,14.97,0.02,32,47904,买盘
233,10:26:01,14.96,-0.01,3,4489,卖盘
234,10:26:30,14.96,0.0,10,14960,卖盘
235,10:26:46,14.93,-0.03,32,47812,卖盘
236,10:26:54,14.93,0.0,21,31381,卖盘
237,10:27:12,14.97,0.04,2,2994,卖盘
238,10:27:55,14.94,-0.03,1,1494,卖盘
239,10:28:12,14.95,0.01,20,29900,中性盘
240,10:28:19,14.94,-0.01,20,29882,卖盘
241,10:28:22,14.94,0.0,1,1494,买盘
242,10:28:49,14.93,-0.01,7,10454,卖盘
243,10:29:00,14.94,0.01,2,2988,买盘
244,10:29:06,14.93,-0.01,3,4479,卖盘
245,10:29:09,14.94,0.01,40,59760,买盘
246,10:29:30,14.94,0.0,69,103086,买盘
247,10:29:33,14.95,0.01,1,1495,买盘
248,10:29:37,14.95,0.0,1,1495,买盘
249,10:30:04,14.94,-0.01,23,34365,卖盘
250,10:30:16,14.94,0.0,1,1494,买盘
251,10:31:04,14.95,0.01,8,11960,买盘
252,10:31:19,14.95,0.0,1,1495,卖盘
253,10:31:25,15.0,0.05,5,7500,买盘
254,10:31:27,15.0,0.0,21,31500,买盘
255,10:31:30,15.0,0.0,3,4500,买盘
256,10:31:46,14.95,-0.05,3,4485,卖盘
257,10:32:01,14.95,0.0,7,10465,买盘
258,10:32:43,14.94,-0.01,40,59792,卖盘
259,10:33:49,14.94,0.0,20,29880,卖盘
260,10:34:04,14.94,0.0,10,14940,买盘
261,10:34:27,14.93,-0.01,52,77666,卖盘
262,10:34:39,14.93,0.0,1,1493,买盘
263,10:35:04,14.94,0.01,2,2988,中性盘
264,10:35:43,14.95,0.01,20,29903,卖盘
265,10:35:57,14.94,-0.01,1,1494,卖盘
266,10:36:00,14.95,0.01,1,1495,买盘
267,10:36:10,14.95,0.0,5,7475,买盘
268,10:36:30,14.95,0.0,2,2990,买盘
269,10:36:36,14.94,-0.01,5,7470,卖盘
270,10:37:33,14.95,0.01,1,1495,买盘
271,10:38:19,14.95,0.0,3,4485,买盘
272,10:38:31,14.95,0.0,7,10465,买盘
273,10:38:52,14.95,0.0,9,13455,卖盘
274,10:39:31,14.95,0.0,5,7475,买盘
275,10:41:18,14.95,0.0,6,8970,卖盘
276,10:42:42,14.99,0.04,5,7495,买盘
277,10:43:52,14.99,0.0,12,17988,买盘
278,10:47:57,14.99,0.0,25,37475,卖盘
279,10:48:13,15.0,0.01,6,9000,买盘
280,10:49:21,15.0,0.0,2,3000,买盘
281,10:50:39,15.0,0.0,5,7500,买盘
282,10:50:51,14.99,-0.01,3,4497,卖盘
283,10:51:28,14.97,-0.02,30,45536,卖盘
284,10:53:24,14.97,0.0,7,10479,卖盘
285,10:54:39,14.98,0.01,4,5992,买盘
286,10:55:18,14.98,0.0,5,7490,买盘
287,10:55:39,14.95,-0.03,9,13455,卖盘
288,10:56:09,15.0,0.05,2,3000,买盘
289,10:56:28,14.96,-0.04,37,55352,卖盘
290,10:56:54,15.0,0.04,18,27000,买盘
291,10:57:00,15.05,0.05,2,3010,买盘
292,10:58:04,15.04,-0.01,17,25568,买盘
293,10:58:09,15.04,0.0,10,15040,卖盘
294,10:58:13,15.04,0.0,10,15040,卖盘
295,10:58:15,15.04,0.0,29,43616,卖盘
296,10:59:43,15.03,-0.01,8,12024,买盘
297,11:00:13,15.03,0.0,2,3006,买盘
298,11:00:49,15.03,0.0,3,4509,卖盘
299,11:01:10,15.03,0.0,13,19539,买盘
300,11:01:21,15.04,0.01,35,52616,买盘
301,11:03:36,15.02,-0.02,5,7510,买盘
302,11:07:01,15.0,-0.02,9,13500,卖盘
303,11:07:04,15.0,0.0,3,4500,卖盘
304,11:08:01,15.0,0.0,1,1500,卖盘
305,11:08:04,15.02,0.02,5,7502,买盘
306,11:08:55,15.02,0.0,4,6008,买盘
307,11:09:19,15.02,0.0,1,1502,买盘
308,11:09:48,15.0,-0.02,8,12000,卖盘
309,11:11:12,15.03,0.03,9,13508,买盘
310,11:11:52,15.05,0.02,10,15042,买盘
311,11:12:54,15.05,0.0,52,78260,买盘
312,11:16:45,15.0,-0.05,2,3000,卖盘
313,11:16:48,15.05,0.05,10,15049,买盘
314,11:17:40,15.05,0.0,15,22575,买盘
315,11:19:22,15.05,0.0,3,4515,买盘
316,11:20:21,15.05,0.0,1,1505,买盘
317,11:22:21,15.05,0.0,15,22575,买盘
318,11:22:58,15.06,0.01,3,4518,买盘
319,11:23:51,15.06,0.0,1,1506,买盘
320,11:24:43,15.05,-0.01,43,64715,卖盘
321,11:25:21,15.05,0.0,5,7525,买盘
322,11:27:54,15.03,-0.02,3,4509,卖盘
323,11:28:33,15.0,-0.03,10,15014,卖盘
324,11:28:57,15.04,0.04,7,10528,买盘
325,11:29:27,15.05,0.01,1,1505,买盘
326,13:00:04,15.05,0.0,10,15050,买盘
327,13:01:45,15.05,0.0,6,9030,卖盘
328,13:03:57,15.05,0.0,3,4515,卖盘
329,13:04:12,15.05,0.0,1,1505,卖盘
330,13:05:36,15.04,-0.01,3,4512,卖盘
331,13:06:01,15.04,0.0,1,1504,卖盘
332,13:06:36,15.05,0.01,1,1505,买盘
333,13:07:06,15.04,-0.01,5,7520,卖盘
334,13:10:36,15.04,0.0,1,1504,卖盘
335,13:10:57,15.03,-0.01,3,4509,卖盘
336,13:11:57,15.03,0.0,8,12024,卖盘
337,13:12:00,15.03,0.0,11,16533,买盘
338,13:14:12,15.03,0.0,3,4509,买盘
339,13:14:42,15.01,-0.02,5,7505,卖盘
340,13:16:18,15.01,0.0,4,6004,卖盘
341,13:16:21,15.0,-0.01,5,7500,卖盘
342,13:16:57,15.0,0.0,5,7500,卖盘
343,13:17:58,15.01,0.01,5,7505,卖盘
344,13:19:06,15.0,-0.01,2,3000,卖盘
345,13:19:18,15.0,0.0,2,3000,卖盘
346,13:20:27,15.01,0.01,3,4503,买盘
347,13:20:40,15.0,-0.01,80,120000,卖盘
348,13:20:57,15.0,0.0,2,3000,卖盘
349,13:22:34,15.0,0.0,3,4500,买盘
350,13:22:52,15.0,0.0,5,7500,买盘
351,13:25:06,15.0,0.0,2,3000,卖盘
352,13:25:15,15.0,0.0,8,12000,卖盘
353,13:26:01,15.0,0.0,28,42000,卖盘
354,13:26:19,14.99,-0.01,20,29980,卖盘
355,13:26:25,14.99,0.0,50,74950,卖盘
356,13:26:48,14.98,-0.01,5,7490,卖盘
357,13:28:09,14.99,0.01,5,7495,买盘
358,13:28:49,15.0,0.01,3,4500,买盘
359,13:29:07,15.0,0.0,10,15000,买盘
360,13:29:30,15.0,0.0,3,4500,买盘
361,13:30:54,14.99,-0.01,10,14990,卖盘
362,13:31:48,14.98,-0.01,2,2996,卖盘
363,13:32:21,14.95,-0.03,90,134685,卖盘
364,13:32:45,14.98,0.03,4,5992,买盘
365,13:33:25,14.96,-0.02,5,7480,卖盘
366,13:34:48,14.97,0.01,2,2994,卖盘
367,13:35:19,14.95,-0.02,8,11965,卖盘
368,13:35:27,14.95,0.0,8,11960,卖盘
369,13:36:06,14.95,0.0,25,37375,卖盘
370,13:36:22,14.97,0.02,21,31427,买盘
371,13:36:28,14.95,-0.02,9,13455,卖盘
372,13:36:31,14.95,0.0,5,7475,卖盘
373,13:37:16,14.95,0.0,26,38870,卖盘
374,13:37:27,14.94,-0.01,100,149400,卖盘
375,13:38:15,14.93,-0.01,10,14930,卖盘
376,13:38:33,14.93,0.0,2,2986,卖盘
377,13:38:40,14.93,0.0,4,5972,买盘
378,13:38:48,14.92,-0.01,18,26863,卖盘
379,13:38:55,14.92,0.0,10,14920,买盘
380,13:39:12,14.91,-0.01,19,28330,卖盘
381,13:39:25,14.92,0.01,10,14920,卖盘
382,13:39:28,14.92,0.0,5,7460,买盘
383,13:39:30,14.92,0.0,4,5968,买盘
384,13:39:42,14.92,0.0,2,2984,买盘
385,13:39:45,14.92,0.0,10,14920,买盘
386,13:39:48,14.91,-0.01,26,38766,卖盘
387,13:39:54,14.9,-0.01,62,92380,卖盘
388,13:40:03,14.9,0.0,60,89400,卖盘
389,13:40:06,14.89,-0.01,6,8934,卖盘
390,13:40:09,14.89,0.0,3,4467,卖盘
391,13:40:12,14.89,0.0,3,4467,卖盘
392,13:40:46,14.9,0.01,6,8940,买盘
393,13:40:49,14.9,0.0,26,38740,买盘
394,13:41:09,14.9,0.0,4,5960,买盘
395,13:41:25,14.91,0.01,4,5964,买盘
396,13:41:28,14.9,-0.01,6,8943,卖盘
397,13:41:39,14.94,0.04,10,14940,买盘
398,13:41:58,14.94,0.0,50,74700,买盘
399,13:42:19,14.92,-0.02,14,20888,卖盘
400,13:42:34,14.92,0.0,8,11936,买盘
401,13:42:37,14.9,-0.02,8,11920,卖盘
402,13:42:51,14.92,0.02,1,1492,买盘
403,13:42:54,14.9,-0.02,10,14918,卖盘
404,13:43:00,14.92,0.02,20,29840,卖盘
405,13:43:06,14.92,0.0,10,14920,买盘
406,13:43:12,14.9,-0.02,2,2980,卖盘
407,13:43:30,14.89,-0.01,78,116187,卖盘
408,13:43:57,14.89,0.0,2,2978,中性盘
409,13:44:01,14.89,0.0,10,14890,买盘
410,13:44:15,14.87,-0.02,91,135371,卖盘
411,13:44:36,14.86,-0.01,9,13374,卖盘
412,13:44:48,14.87,0.01,6,8922,卖盘
413,13:44:51,14.87,0.0,9,13383,买盘
414,13:44:54,14.86,-0.01,26,38639,卖盘
415,13:45:16,14.86,0.0,8,11888,卖盘
416,13:45:25,14.86,0.0,5,7430,买盘
417,13:45:27,14.86,0.0,12,17822,买盘
418,13:45:36,14.87,0.01,1,1487,买盘
419,13:45:39,14.87,0.0,1,1487,买盘
420,13:45:45,14.87,0.0,3,4461,买盘
421,13:45:48,14.84,-0.03,109,161828,卖盘
422,13:45:51,14.84,0.0,2,2968,买盘
423,13:46:01,14.84,0.0,47,69748,买盘
424,13:46:04,14.84,0.0,48,71232,买盘
425,13:46:07,14.84,0.0,4,5936,买盘
426,13:46:09,14.84,0.0,43,63812,买盘
427,13:46:12,14.84,0.0,4,5936,买盘
428,13:46:15,14.84,0.0,43,63812,买盘
429,13:46:18,14.83,-0.01,21,31160,卖盘
430,13:46:21,14.84,0.01,4,5936,买盘
431,13:46:24,14.83,-0.01,2,2967,卖盘
432,13:46:27,14.84,0.01,11,16324,买盘
433,13:46:34,14.84,0.0,16,23744,卖盘
434,13:46:40,14.84,0.0,2,2968,买盘
435,13:46:46,14.84,0.0,7,10388,买盘
436,13:46:48,14.8,-0.04,322,476886,卖盘
437,13:47:10,14.83,0.03,10,14830,卖盘
438,13:47:18,14.81,-0.02,12,17776,卖盘
439,13:47:21,14.82,0.01,5,7410,买盘
440,13:47:28,14.82,0.0,2,2964,买盘
441,13:47:30,14.8,-0.02,27,39962,卖盘
442,13:47:34,14.8,0.0,50,74000,买盘
443,13:47:36,14.8,0.0,1,1480,买盘
444,13:47:45,14.8,0.0,1,1480,买盘
445,13:47:51,14.8,0.0,1,1480,买盘
446,13:47:57,14.8,0.0,30,44400,卖盘
447,13:48:16,14.83,0.03,10,14830,买盘
448,13:48:22,14.83,0.0,4,5932,卖盘
449,13:48:33,14.87,0.04,8,11896,买盘
450,13:48:57,14.87,0.0,3,4461,卖盘
451,13:49:04,14.93,0.06,17,25381,买盘
452,13:49:07,14.93,0.0,3,4479,卖盘
453,13:49:09,14.93,0.0,1,1493,卖盘
454,13:49:15,14.88,-0.05,11,16368,卖盘
455,13:49:21,14.88,0.0,10,14880,卖盘
456,13:49:51,14.88,0.0,13,19344,卖盘
457,13:49:54,14.9,0.02,8,11918,买盘
458,13:50:13,14.84,-0.06,33,49014,卖盘
459,13:50:16,14.84,0.0,5,7420,买盘
460,13:50:18,14.84,0.0,1,1484,买盘
461,13:50:22,14.84,0.0,1,1484,买盘
462,13:50:25,14.83,-0.01,1,1483,卖盘
463,13:50:54,14.83,0.0,20,29660,卖盘
464,13:51:04,14.84,0.01,7,10392,卖盘
465,13:51:07,14.84,0.0,2,2968,卖盘
466,13:51:22,14.84,0.0,5,7420,卖盘
467,13:51:27,14.84,0.0,11,16325,卖盘
468,13:51:46,14.85,0.01,42,62370,买盘
469,13:51:55,14.84,-0.01,1,1484,卖盘
470,13:52:40,14.83,-0.01,25,37075,卖盘
471,13:52:46,14.85,0.02,10,14850,买盘
472,13:53:12,14.84,-0.01,20,29680,买盘
473,13:53:27,14.84,0.0,3,4452,买盘
474,13:53:30,14.83,-0.01,10,14830,卖盘
475,13:53:33,14.84,0.01,66,97944,买盘
476,13:53:42,14.81,-0.03,56,82974,卖盘
477,13:53:49,14.81,0.0,20,29620,买盘
478,13:53:52,14.81,0.0,3,4443,买盘
479,13:53:55,14.81,0.0,3,4443,买盘
480,13:53:57,14.81,0.0,18,26658,买盘
481,13:54:00,14.82,0.01,9,13338,买盘
482,13:54:04,14.82,0.0,7,10374,买盘
483,13:54:06,14.82,0.0,8,11856,买盘
484,13:54:09,14.82,0.0,6,8892,买盘
485,13:54:12,14.82,0.0,5,7410,买盘
486,13:54:16,14.82,0.0,3,4446,买盘
487,13:54:19,14.83,0.01,4,5930,买盘
488,13:54:22,14.83,0.0,4,5932,买盘
489,13:54:25,14.83,0.0,4,5932,买盘
490,13:54:27,14.83,0.0,2,2966,买盘
491,13:54:57,14.83,0.0,3,4449,卖盘
492,13:55:19,14.84,0.01,2,2968,买盘
493,13:55:22,14.84,0.0,1,1484,买盘
494,13:55:27,14.81,-0.03,54,80008,卖盘
495,13:55:31,14.81,0.0,6,8886,买盘
496,13:55:34,14.81,0.0,21,31101,买盘
497,13:55:37,14.81,0.0,2,2962,买盘
498,13:55:40,14.81,0.0,17,25177,买盘
499,13:57:09,14.82,0.01,22,32604,卖盘
500,13:57:13,14.82,0.0,9,13338,买盘
501,13:57:16,14.82,0.0,10,14820,买盘
502,13:57:18,14.82,0.0,2,2964,买盘
503,13:57:28,14.82,0.0,10,14820,买盘
504,13:57:31,14.82,0.0,5,7410,买盘
505,13:57:33,14.82,0.0,12,17784,买盘
506,13:58:09,14.8,-0.02,135,199903,卖盘
507,13:58:25,14.82,0.02,13,19266,买盘
508,13:58:45,14.8,-0.02,10,14800,卖盘
509,13:59:24,14.8,0.0,33,48864,卖盘
510,13:59:54,14.81,0.01,3,4443,卖盘
511,13:59:57,14.81,0.0,2,2962,卖盘
512,14:00:01,14.81,0.0,5,7405,买盘
513,14:00:13,14.81,0.0,1,1481,买盘
514,14:00:22,14.84,0.03,9,13356,买盘
515,14:00:39,14.85,0.01,6,8909,买盘
516,14:01:13,14.85,0.0,7,10395,买盘
517,14:02:12,14.82,-0.03,3,4150,卖盘
518,14:03:31,14.82,0.0,8,12154,卖盘
519,14:03:37,14.8,-0.02,100,148080,卖盘
520,14:03:42,14.82,0.02,2,2668,买盘
521,14:03:58,14.82,0.0,32,47431,卖盘
522,14:04:10,14.82,0.0,1,1482,卖盘
523,14:04:54,14.82,0.0,28,41832,卖盘
524,14:05:07,14.8,-0.02,41,60695,卖盘
525,14:06:09,14.8,0.0,42,61875,卖盘
526,14:06:12,14.8,0.0,150,222000,卖盘
527,14:06:16,14.8,0.0,7,10360,卖盘
528,14:06:19,14.8,0.0,12,18056,卖盘
529,14:06:22,14.8,0.0,5,7399,买盘
530,14:06:43,14.79,-0.01,7,10358,卖盘
531,14:06:57,14.78,-0.01,101,149333,卖盘
532,14:07:12,14.8,0.02,5,7400,卖盘
533,14:07:15,14.8,0.0,5,7400,卖盘
534,14:07:25,14.78,-0.02,1,1478,卖盘
535,14:07:31,14.8,0.02,5,7400,买盘
536,14:07:54,14.8,0.0,25,35816,买盘
537,14:08:55,14.8,0.0,11,16280,卖盘
538,14:09:16,14.83,0.03,6,10069,买盘
539,14:09:33,14.8,-0.03,5,7400,卖盘
540,14:09:36,14.8,0.0,2,2960,买盘
541,14:10:00,14.8,0.0,4,5920,卖盘
542,14:10:46,14.83,0.03,9,13347,买盘
543,14:11:06,14.82,-0.01,1,1482,买盘
544,14:11:22,14.8,-0.02,35,51800,卖盘
545,14:11:45,14.8,0.0,28,41440,卖盘
546,14:11:54,14.8,0.0,5,7400,买盘
547,14:12:00,14.8,0.0,11,16280,买盘
548,14:12:09,14.79,-0.01,72,106488,卖盘
549,14:12:48,14.8,0.01,46,68080,买盘
550,14:13:19,14.82,0.02,5,7410,买盘
551,14:13:25,14.82,0.0,6,8892,买盘
552,14:13:36,14.8,-0.02,10,14800,卖盘
553,14:14:10,14.79,-0.01,20,29592,卖盘
554,14:14:58,14.8,0.01,33,48860,卖盘
555,14:15:04,14.8,0.0,7,10360,买盘
556,14:15:31,14.82,0.02,2,2964,买盘
557,14:15:36,14.82,0.0,6,8892,买盘
558,14:15:39,14.82,0.0,2,2964,卖盘
559,14:15:42,14.83,0.01,2,2966,买盘
560,14:15:57,14.84,0.01,11,16315,买盘
561,14:16:15,14.85,0.01,11,16329,买盘
562,14:16:40,14.85,0.0,1,297,卖盘
563,14:16:49,14.83,-0.02,10,14836,卖盘
564,14:17:03,14.88,0.05,2,2976,买盘
565,14:17:10,14.88,0.0,4,5952,买盘
566,14:17:27,14.88,0.0,10,14880,买盘
567,14:17:30,14.85,-0.03,1,1485,卖盘
568,14:17:39,14.85,0.0,2,2970,卖盘
569,14:18:04,14.85,0.0,3,4455,卖盘
570,14:18:06,14.85,0.0,5,7425,卖盘
571,14:18:10,14.88,0.03,17,25296,买盘
572,14:18:58,14.88,0.0,1,1488,买盘
573,14:19:04,14.88,0.0,2,2976,买盘
574,14:19:57,14.88,0.0,1,1488,买盘
575,14:20:06,14.86,-0.02,1,1486,卖盘
576,14:20:37,14.88,0.02,9,13392,买盘
577,14:20:45,14.86,-0.02,25,37190,卖盘
578,14:21:06,14.86,0.0,3,4458,卖盘
579,14:21:39,14.86,0.0,23,34183,卖盘
580,14:21:52,14.85,-0.01,12,17820,卖盘
581,14:22:16,14.85,0.0,3,4455,买盘
582,14:22:52,14.84,-0.01,2,2968,买盘
583,14:23:22,14.84,0.0,5,7420,卖盘
584,14:24:19,14.85,0.01,20,29700,买盘
585,14:24:27,14.84,-0.01,2,2968,卖盘
586,14:24:37,14.83,-0.01,13,19279,卖盘
587,14:24:46,14.83,0.0,2,2966,卖盘
588,14:24:57,14.82,-0.01,28,41512,卖盘
589,14:26:00,14.84,0.02,2,2968,买盘
590,14:27:04,14.84,0.0,1,1484,买盘
591,14:27:09,14.84,0.0,4,5936,买盘
592,14:27:25,14.84,0.0,6,8904,卖盘
593,14:27:49,14.85,0.01,13,19305,买盘
594,14:28:09,14.86,0.01,26,38636,买盘
595,14:28:18,14.86,0.0,29,43094,买盘
596,14:28:37,14.86,0.0,40,59440,买盘
597,14:28:46,14.86,0.0,4,5944,买盘
598,14:28:54,14.86,0.0,10,14860,买盘
599,14:29:06,14.86,0.0,13,19318,买盘
600,14:29:51,14.85,-0.01,6,8910,卖盘
601,14:29:54,14.86,0.01,1,1486,买盘
602,14:30:06,14.86,0.0,31,46066,买盘
603,14:30:09,14.85,-0.01,18,26734,卖盘
604,14:30:33,14.84,-0.01,15,22260,卖盘
605,14:30:54,14.84,0.0,10,14840,买盘
606,14:31:10,14.84,0.0,7,10388,买盘
607,14:31:33,14.83,-0.01,23,34109,卖盘
608,14:31:52,14.82,-0.01,1,1482,卖盘
609,14:31:54,14.83,0.01,5,7415,买盘
610,14:31:58,14.82,-0.01,5,7410,卖盘
611,14:32:28,14.82,0.0,13,19266,卖盘
612,14:32:33,14.82,0.0,20,30826,卖盘
613,14:32:55,14.81,-0.01,4,5924,卖盘
614,14:33:00,14.82,0.01,10,14820,买盘
615,14:33:06,14.81,-0.01,16,23696,卖盘
616,14:33:48,14.81,0.0,2,2962,卖盘
617,14:34:01,14.81,0.0,24,35544,卖盘
618,14:34:07,14.8,-0.01,3,4440,卖盘
619,14:34:16,14.8,0.0,10,14800,卖盘
620,14:34:19,14.81,0.01,11,16291,买盘
621,14:34:49,14.82,0.01,20,29640,买盘
622,14:34:52,14.8,-0.02,42,62184,卖盘
623,14:35:04,14.81,0.01,9,13329,卖盘
624,14:35:07,14.8,-0.01,52,76960,卖盘
625,14:35:34,14.8,0.0,15,22200,买盘
626,14:35:49,14.76,-0.04,105,155199,卖盘
627,14:35:55,14.76,0.0,20,29520,买盘
628,14:35:58,14.76,0.0,1,1476,买盘
629,14:36:01,14.76,0.0,2,2952,买盘
630,14:36:04,14.76,0.0,3,4428,买盘
631,14:36:07,14.76,0.0,14,20664,买盘
632,14:36:09,14.76,0.0,14,20664,买盘
633,14:36:12,14.76,0.0,2,2952,买盘
634,14:36:15,14.75,-0.01,95,140127,卖盘
635,14:36:18,14.75,0.0,13,19175,买盘
636,14:36:24,14.74,-0.01,7,10318,卖盘
637,14:36:28,14.74,0.0,2,2948,卖盘
638,14:36:37,14.73,-0.01,3,4419,卖盘
639,14:36:45,14.72,-0.01,49,72158,卖盘
640,14:36:57,14.71,-0.01,17,25012,卖盘
641,14:37:01,14.71,0.0,33,48528,买盘
642,14:37:06,14.71,0.0,4,5884,卖盘
643,14:37:10,14.71,0.0,5,7356,卖盘
644,14:37:12,14.72,0.01,20,29440,买盘
645,14:37:19,14.7,-0.02,50,73534,卖盘
646,14:37:22,14.72,0.02,6,8832,买盘
647,14:37:25,14.72,0.0,24,35328,买盘
648,14:37:30,14.71,-0.01,163,239883,卖盘
649,14:37:36,14.73,0.02,20,29460,买盘
650,14:37:40,14.72,-0.01,69,101684,卖盘
651,14:37:46,14.72,0.0,229,337092,卖盘
652,14:38:01,14.73,0.01,10,14730,卖盘
653,14:38:06,14.77,0.04,4,4726,买盘
654,14:38:31,14.77,0.0,319,472345,卖盘
655,14:38:33,14.77,0.0,3,4431,买盘
656,14:38:36,14.77,0.0,4,5908,买盘
657,14:38:54,14.77,0.0,20,29540,买盘
658,14:39:04,14.75,-0.02,8,11812,卖盘
659,14:39:06,14.77,0.02,2,2954,买盘
660,14:39:19,14.75,-0.02,10,14750,卖盘
661,14:39:43,14.77,0.02,12,16542,买盘
662,14:39:46,14.71,-0.06,600,883710,卖盘
663,14:40:04,14.71,0.0,20,29439,卖盘
664,14:40:13,14.72,0.01,5,7360,中性盘
665,14:40:15,14.71,-0.01,43,63277,卖盘
666,14:40:25,14.74,0.03,10,14740,买盘
667,14:40:33,14.72,-0.02,308,453384,卖盘
668,14:40:43,14.72,0.0,3,4416,买盘
669,14:40:57,14.72,0.0,62,91222,买盘
670,14:41:22,14.72,0.0,25,36790,买盘
671,14:41:25,14.71,-0.01,7,11474,卖盘
672,14:41:31,14.7,-0.01,119,175098,卖盘
673,14:41:36,14.7,0.0,7,10291,卖盘
674,14:41:42,14.7,0.0,30,44100,卖盘
675,14:41:46,14.71,0.01,1,1471,中性盘
676,14:41:58,14.71,0.0,1,1471,买盘
677,14:42:04,14.7,-0.01,30,44100,卖盘
678,14:42:13,14.7,0.0,6,8820,卖盘
679,14:42:19,14.7,0.0,3,4410,卖盘
680,14:42:21,14.7,0.0,5,7350,买盘
681,14:42:24,14.68,-0.02,75,110157,卖盘
682,14:42:27,14.69,0.01,33,48477,买盘
683,14:42:30,14.69,0.0,1,1469,买盘
684,14:42:46,14.68,-0.01,1,1468,卖盘
685,14:42:49,14.69,0.01,4,5876,买盘
686,14:42:54,14.68,-0.01,6,8808,卖盘
687,14:42:58,14.69,0.01,5,7345,买盘
688,14:43:04,14.69,0.0,8,11752,买盘
689,14:43:21,14.72,0.03,117,172136,买盘
690,14:43:31,14.69,-0.03,17,24973,卖盘
691,14:43:43,14.72,0.03,28,40038,买盘
692,14:43:46,14.72,0.0,1,1472,卖盘
693,14:43:55,14.74,0.02,10,14740,买盘
694,14:44:04,14.74,0.0,2,2948,买盘
695,14:44:24,14.78,0.04,5,7390,买盘
696,14:44:31,14.74,-0.04,2,2948,卖盘
697,14:44:45,14.7,-0.04,53,78013,卖盘
698,14:44:52,14.7,0.0,1,1470,买盘
699,14:44:55,14.7,0.0,7,10290,买盘
700,14:44:58,14.7,0.0,13,19110,买盘
701,14:45:00,14.7,0.0,1,1470,买盘
702,14:45:04,14.7,0.0,1,1470,买盘
703,14:45:06,14.7,0.0,24,35280,买盘
704,14:45:13,14.7,0.0,1,1470,卖盘
705,14:45:16,14.7,0.0,25,36750,卖盘
706,14:45:43,14.71,0.01,10,14710,卖盘
707,14:45:46,14.71,0.0,75,110325,卖盘
708,14:46:24,14.76,0.05,10,14760,买盘
709,14:46:34,14.76,0.0,4,5904,买盘
710,14:46:37,14.76,0.0,4,5904,买盘
711,14:46:51,14.76,0.0,2,2952,买盘
712,14:47:07,14.77,0.01,1,1477,买盘
713,14:47:10,14.77,0.0,25,36925,买盘
714,14:47:12,14.78,0.01,1,1478,买盘
715,14:47:22,14.78,0.0,5,7390,买盘
716,14:47:24,14.77,-0.01,15,22155,卖盘
717,14:47:36,14.78,0.01,4,5912,买盘
718,14:47:43,14.77,-0.01,4,5911,卖盘
719,14:47:46,14.79,0.02,29,42879,买盘
720,14:47:54,14.8,0.01,10,14800,买盘
721,14:48:13,14.8,0.0,3,4440,买盘
722,14:48:16,14.79,-0.01,15,22185,卖盘
723,14:48:30,14.81,0.02,3,4442,买盘
724,14:49:00,14.8,-0.01,4,5920,买盘
725,14:49:13,14.8,0.0,3,4440,买盘
726,14:49:28,14.75,-0.05,13,19175,卖盘
727,14:49:39,14.75,0.0,3,4425,卖盘
728,14:49:58,14.75,0.0,19,28025,卖盘
729,14:50:34,14.79,0.04,3,4437,买盘
730,14:50:48,14.8,0.01,8,11840,买盘
731,14:51:01,14.8,0.0,7,10360,卖盘
732,14:51:04,14.8,0.0,1,1480,买盘
733,14:51:07,14.8,0.0,2,2960,买盘
734,14:51:13,14.8,0.0,5,7400,买盘
735,14:51:21,14.79,-0.01,10,14790,卖盘
736,14:51:24,14.8,0.01,1,1480,买盘
737,14:51:28,14.79,-0.01,5,7395,卖盘
738,14:51:49,14.75,-0.04,14,20659,卖盘
739,14:52:19,14.75,0.0,30,44250,卖盘
740,14:52:25,14.79,0.04,10,14790,买盘
741,14:52:34,14.79,0.0,11,16269,买盘
742,14:53:19,14.77,-0.02,18,26588,卖盘
743,14:53:21,14.77,0.0,1,1477,买盘
744,14:53:25,14.77,0.0,1,1477,买盘
745,14:53:27,14.77,0.0,3,4431,买盘
746,14:53:30,14.77,0.0,2,2954,买盘
747,14:53:33,14.77,0.0,1,1477,买盘
748,14:53:46,14.77,0.0,32,47254,买盘
749,14:54:09,14.78,0.01,5,7390,卖盘
750,14:54:21,14.77,-0.01,29,42834,卖盘
751,14:54:31,14.78,0.01,2,2956,买盘
752,14:54:37,14.76,-0.02,100,147641,卖盘
753,14:54:55,14.76,0.0,12,17712,卖盘
754,14:55:01,14.76,0.0,80,118080,卖盘
755,14:55:04,14.77,0.01,3,4431,买盘
756,14:55:07,14.76,-0.01,10,14760,卖盘
757,14:55:10,14.77,0.01,7,10335,买盘
758,14:55:24,14.77,0.0,602,886883,买盘
759,14:55:34,14.7,-0.07,223,327942,卖盘
760,14:55:39,14.68,-0.02,24,35239,卖盘
761,14:55:46,14.7,0.02,1,1470,买盘
762,14:55:49,14.7,0.0,3,4410,买盘
763,14:55:52,14.69,-0.01,36,52890,卖盘
764,14:55:55,14.69,0.0,7,10286,卖盘
765,14:55:58,14.7,0.01,14,20570,买盘
766,14:56:04,14.7,0.0,1,1470,买盘
767,14:56:06,14.69,-0.01,35,51420,卖盘
768,14:56:09,14.69,0.0,42,61703,卖盘
769,14:56:16,14.69,0.0,1,1469,买盘
770,14:56:25,14.68,-0.01,26,38168,卖盘
771,14:56:28,14.67,-0.01,1,1467,卖盘
772,14:56:31,14.67,0.0,3,4401,卖盘
773,14:56:34,14.66,-0.01,22,32254,卖盘
774,14:56:37,14.66,0.0,6,8796,卖盘
775,14:56:40,14.63,-0.03,71,103919,卖盘
776,14:56:48,14.63,0.0,44,64396,卖盘
777,14:56:51,14.63,0.0,11,16093,买盘
778,14:56:54,14.63,0.0,106,155648,买盘
779,14:57:00,14.63,0.0,5,7315,卖盘
780,15:00:04,14.65,0.02,240,351600,卖盘
