,time,price,change,volume,amount,type
0,09:25:04,15.16,-0.23,237,359292,买盘
1,09:30:01,15.16,0.0,6,9096,卖盘
2,09:30:04,15.2,0.04,360,547194,买盘
3,09:30:07,15.2,0.0,251,381514,卖盘
4,09:30:10,15.18,-0.02,27,41002,卖盘
5,09:30:13,15.18,0.0,2,3036,卖盘
6,09:30:15,15.28,0.1,4,6112,买盘
7,09:30:22,15.19,-0.09,1,1519,卖盘
8,09:30:24,15.26,0.07,14,21371,中性盘
9,09:30:31,15.26,0.0,11,16723,买盘
10,09:30:33,15.26,0.0,25,38116,买盘
11,09:30:37,15.27,0.01,3,4581,买盘
12,09:30:40,15.26,-0.01,124,189201,卖盘
13,09:30:43,15.26,0.0,80,122146,卖盘
14,09:30:46,15.26,0.0,14,21364,卖盘
15,09:30:48,15.25,-0.01,33,50362,中性盘
16,09:30:52,15.27,0.02,47,71726,买盘
17,09:30:55,15.27,0.0,13,19851,卖盘
18,09:31:01,15.21,-0.06,59,89886,卖盘
19,09:31:04,15.27,0.06,25,38160,买盘
20,09:31:07,15.27,0.0,126,192248,买盘
21,09:31:10,15.27,0.0,73,111475,卖盘
22,09:31:13,15.27,0.0,21,32067,卖盘
23,09:31:16,15.32,0.05,175,267472,买盘
24,09:31:19,15.3,-0.02,13,19881,中性盘
25,09:31:22,15.33,0.03,31,47479,买盘
26,09:31:25,15.29,-0.04,18,27542,卖盘
27,09:31:28,15.3,0.01,7,10710,中性盘
28,09:31:31,15.3,0.0,29,44346,买盘
29,09:31:34,15.29,-0.01,21,32131,中性盘
30,09:31:37,15.28,-0.01,40,61124,卖盘
31,09:31:40,15.28,0.0,16,24436,买盘
32,09:31:43,15.28,0.0,45,68735,买盘
33,09:31:46,15.34,0.06,105,160607,买盘
34,09:31:49,15.26,-0.08,22,33608,卖盘
35,09:31:51,15.28,0.02,12,18334,中性盘
36,09:31:57,15.28,0.0,7,10696,卖盘
37,09:32:00,15.28,0.0,7,10696,卖盘
38,09:32:10,15.28,0.0,6,9168,卖盘
39,09:32:13,15.28,0.0,54,82512,卖盘
40,09:32:15,15.28,0.0,37,56599,中性盘
41,09:32:19,15.3,0.02,32,48878,买盘
42,09:32:22,15.27,-0.03,30,45833,卖盘
43,09:32:25,15.27,0.0,2,3054,买盘
44,09:32:28,15.27,0.0,4,6105,买盘
45,09:32:30,15.27,0.0,31,47334,买盘
46,09:32:34,15.27,0.0,4,6108,卖盘
47,09:32:37,15.27,0.0,20,30540,卖盘
48,09:32:40,15.27,0.0,15,22905,卖盘
49,09:32:43,15.27,0.0,7,10689,卖盘
50,09:32:46,15.27,0.0,15,22905,卖盘
51,09:32:49,15.27,0.0,23,35121,卖盘
52,09:32:51,15.27,0.0,10,15270,卖盘
53,09:32:55,15.27,0.0,6,9162,卖盘
54,09:32:58,15.27,0.0,7,10689,卖盘
55,09:33:01,15.27,0.0,3,4581,买盘
56,09:33:04,15.27,0.0,3,4581,买盘
57,09:33:07,15.27,0.0,26,39702,买盘
58,09:33:10,15.26,-0.01,9,13734,卖盘
59,09:33:12,15.28,0.02,54,82426,买盘
60,09:33:16,15.26,-0.02,2,3052,卖盘
61,09:33:19,15.26,0.0,12,18316,卖盘
62,09:33:25,15.26,0.0,37,56462,卖盘
63,09:33:28,15.29,0.03,18,27522,买盘
64,09:33:31,15.29,0.0,16,24464,买盘
65,09:33:34,15.29,0.0,28,42789,买盘
66,09:33:37,15.29,0.0,3,4587,买盘
67,09:33:40,15.29,0.0,2,3058,买盘
68,09:33:43,15.31,0.02,175,267745,买盘
69,09:33:45,15.32,0.01,4,6126,买盘
70,09:33:49,15.32,0.0,4,6128,买盘
71,09:33:52,15.32,0.0,25,38300,买盘
72,09:33:55,15.33,0.01,12,18396,买盘
73,09:33:58,15.34,0.01,1,1534,买盘
74,09:34:01,15.34,0.0,1,1534,买盘
75,09:34:04,15.34,0.0,4,6136,买盘
76,09:34:06,15.35,0.01,1,1535,买盘
77,09:34:09,15.37,0.02,1,1537,买盘
78,09:34:13,15.38,0.01,12,18455,买盘
79,09:34:19,15.43,0.05,13,20040,买盘
80,09:34:21,15.45,0.02,34,52339,买盘
81,09:34:28,15.41,-0.04,60,92460,买盘
82,09:34:31,15.39,-0.02,17,26178,卖盘
83,09:34:34,15.39,0.0,65,100094,卖盘
84,09:34:39,15.38,-0.01,12,18467,卖盘
85,09:34:42,15.39,0.01,38,58472,买盘
86,09:34:46,15.39,0.0,73,112247,买盘
87,09:34:48,15.37,-0.02,6,9222,卖盘
88,09:34:51,15.37,0.0,3,4612,卖盘
89,09:34:57,15.37,0.0,26,39993,卖盘
90,09:35:01,15.39,0.02,26,39994,买盘
91,09:35:04,15.38,-0.01,37,56906,买盘
92,09:35:07,15.37,-0.01,49,75357,卖盘
93,09:35:10,15.38,0.01,4,6152,买盘
94,09:35:12,15.39,0.01,40,61545,买盘
95,09:35:16,15.4,0.01,7,10780,买盘
96,09:35:19,15.4,0.0,1,1540,买盘
97,09:35:22,15.4,0.0,17,26166,买盘
98,09:35:25,15.4,0.0,20,30800,买盘
99,09:35:28,15.4,0.0,51,78557,卖盘
100,09:35:34,15.41,0.01,21,32355,买盘
101,09:35:37,15.41,0.0,136,209556,买盘
102,09:35:40,15.42,0.01,2,3084,买盘
103,09:35:42,15.42,0.0,67,103234,买盘
104,09:35:46,15.42,0.0,8,12336,买盘
105,09:35:52,15.42,0.0,6,9252,卖盘
106,09:35:55,15.42,0.0,53,81756,卖盘
107,09:35:58,15.43,0.01,26,40118,买盘
108,09:36:00,15.42,-0.01,18,27770,卖盘
109,09:36:04,15.44,0.02,29,44737,买盘
110,09:36:06,15.45,0.01,101,155940,买盘
111,09:36:10,15.44,-0.01,20,30880,中性盘
112,09:36:16,15.45,0.01,2,3090,买盘
113,09:36:18,15.44,-0.01,18,27792,卖盘
114,09:36:24,15.44,0.0,42,64851,卖盘
115,09:36:28,15.44,0.0,11,16980,买盘
116,09:36:31,15.43,-0.01,4,6172,卖盘
117,09:36:33,15.43,0.0,10,15425,买盘
118,09:36:37,15.42,-0.01,23,35470,卖盘
119,09:36:39,15.39,-0.03,80,123225,卖盘
120,09:36:42,15.39,0.0,23,35388,买盘
121,09:36:46,15.39,0.0,54,83106,买盘
122,09:36:49,15.38,-0.01,15,23070,卖盘
123,09:36:52,15.38,0.0,28,43044,买盘
124,09:36:55,15.38,0.0,66,101501,买盘
125,09:36:57,15.38,0.0,60,92265,买盘
126,09:37:00,15.39,0.01,85,130782,买盘
127,09:37:04,15.39,0.0,12,18468,买盘
128,09:37:07,15.39,0.0,42,64628,买盘
129,09:37:10,15.38,-0.01,17,26153,卖盘
130,09:37:13,15.38,0.0,107,164600,卖盘
131,09:37:16,15.39,0.01,8,12315,中性盘
132,09:37:19,15.38,-0.01,92,141502,卖盘
133,09:37:22,15.38,0.0,33,50749,买盘
134,09:37:25,15.3,-0.08,257,393808,卖盘
135,09:37:27,15.3,0.0,67,102510,买盘
136,09:37:31,15.3,0.0,42,64260,买盘
137,09:37:34,15.3,0.0,43,65790,买盘
138,09:37:37,15.3,0.0,45,68850,买盘
139,09:37:40,15.28,-0.02,77,117678,卖盘
140,09:37:43,15.28,0.0,83,126821,买盘
141,09:37:46,15.26,-0.02,67,102334,卖盘
142,09:37:48,15.28,0.02,52,79365,买盘
143,09:37:52,15.28,0.0,22,33605,买盘
144,09:37:55,15.23,-0.05,103,157181,卖盘
145,09:37:58,15.23,0.0,63,95934,买盘
146,09:38:01,15.21,-0.02,76,115673,卖盘
147,09:38:04,15.23,0.02,24,36544,中性盘
148,09:38:07,15.23,0.0,8,12188,卖盘
149,09:38:12,15.18,-0.05,516,784556,卖盘
150,09:38:16,15.21,0.03,23,34993,中性盘
151,09:38:19,15.18,-0.03,37,56202,卖盘
152,09:38:22,15.18,0.0,68,103433,卖盘
153,09:38:27,15.27,0.09,3,4581,买盘
154,09:38:34,15.23,-0.04,22,33526,卖盘
155,09:38:37,15.3,0.07,10,15298,买盘
156,09:38:40,15.24,-0.06,50,76208,卖盘
157,09:38:45,15.3,0.06,4,6120,买盘
158,09:38:49,15.26,-0.04,30,45800,卖盘
159,09:38:52,15.26,0.0,5,7622,买盘
160,09:38:55,15.26,0.0,9,13734,买盘
161,09:38:57,15.26,0.0,32,48820,买盘
162,09:39:01,15.25,-0.01,29,44227,中性盘
163,09:39:05,15.25,0.0,27,41160,买盘
164,09:39:07,15.25,0.0,9,13732,卖盘
165,09:39:13,15.26,0.01,6,9156,买盘
166,09:39:25,15.29,0.03,5,7641,买盘
167,09:39:28,15.26,-0.03,1,1526,卖盘
168,09:39:31,15.29,0.03,1,1529,买盘
169,09:39:33,15.26,-0.03,21,32061,卖盘
170,09:39:37,15.29,0.03,30,45796,买盘
171,09:39:40,15.29,0.0,5,7645,买盘
172,09:39:46,15.26,-0.03,10,15260,卖盘
173,09:39:48,15.26,0.0,3,4578,卖盘
174,09:39:52,15.26,0.0,31,47300,卖盘
175,09:39:55,15.27,0.01,4,6108,买盘
176,09:40:01,15.27,0.0,12,18324,卖盘
177,09:40:07,15.28,0.01,2,3056,卖盘
178,09:40:09,15.28,0.0,6,9168,买盘
179,09:40:13,15.28,0.0,5,7640,卖盘
180,09:40:16,15.28,0.0,5,7640,买盘
181,09:40:19,15.27,-0.01,20,30540,卖盘
182,09:40:21,15.28,0.01,40,61120,买盘
183,09:40:25,15.28,0.0,30,45840,卖盘
184,09:40:28,15.28,0.0,19,29032,卖盘
185,09:40:34,15.27,-0.01,5,7635,卖盘
186,09:40:39,15.27,0.0,23,35121,卖盘
187,09:40:46,15.27,0.0,24,36652,卖盘
188,09:40:49,15.27,0.0,5,7635,卖盘
189,09:40:52,15.26,-0.01,34,51895,卖盘
190,09:40:55,15.27,0.01,5,7635,中性盘
191,09:41:00,15.26,-0.01,17,25942,卖盘
192,09:41:04,15.26,0.0,43,65618,卖盘
193,09:41:06,15.26,0.0,4,6105,卖盘
194,09:41:10,15.28,0.02,12,18316,买盘
195,09:41:13,15.26,-0.02,3,4578,卖盘
196,09:41:19,15.28,0.02,26,39728,买盘
197,09:41:22,15.28,0.0,7,10692,买盘
198,09:41:28,15.26,-0.02,1,1526,卖盘
199,09:41:34,15.26,0.0,7,10682,卖盘
200,09:41:37,15.28,0.02,1,1528,买盘
201,09:41:43,15.27,-0.01,3,4581,买盘
202,09:41:46,15.28,0.01,37,56535,买盘
203,09:41:55,15.29,0.01,54,82417,买盘
204,09:41:58,15.28,-0.01,1,1528,中性盘
205,09:42:01,15.26,-0.02,60,91563,卖盘
206,09:42:04,15.29,0.03,1,1529,买盘
207,09:42:07,15.27,-0.02,3,4581,中性盘
208,09:42:10,15.29,0.02,11,16819,买盘
209,09:42:13,15.28,-0.01,17,25976,卖盘
210,09:42:15,15.29,0.01,11,16801,买盘
211,09:42:18,15.29,0.0,10,15286,买盘
212,09:42:25,15.28,-0.01,25,38217,中性盘
213,09:42:31,15.29,0.01,2,3058,买盘
214,09:42:37,15.29,0.0,13,19877,卖盘
215,09:42:43,15.3,0.01,23,35174,买盘
216,09:42:46,15.3,0.0,1,1530,买盘
217,09:42:49,15.3,0.0,10,15300,买盘
218,09:42:58,15.3,0.0,5,7650,买盘
219,09:43:01,15.3,0.0,5,7650,买盘
220,09:43:09,15.29,-0.01,10,15290,买盘
221,09:43:18,15.29,0.0,2,3058,买盘
222,09:43:28,15.28,-0.01,10,15280,买盘
223,09:43:34,15.27,-0.01,27,41229,卖盘
224,09:43:37,15.27,0.0,14,21378,卖盘
225,09:43:39,15.27,0.0,22,33594,卖盘
226,09:43:42,15.27,0.0,37,56500,卖盘
227,09:43:46,15.27,0.0,5,7635,买盘
228,09:43:49,15.27,0.0,11,16797,买盘
229,09:43:52,15.26,-0.01,93,141919,卖盘
230,09:43:55,15.26,0.0,86,131241,卖盘
231,09:43:58,15.25,-0.01,17,25925,卖盘
232,09:44:00,15.25,0.0,80,122000,卖盘
233,09:44:05,15.25,0.0,47,71675,卖盘
234,09:44:07,15.24,-0.01,29,44222,卖盘
235,09:44:10,15.25,0.01,21,32025,买盘
236,09:44:13,15.25,0.0,14,21350,卖盘
237,09:44:16,15.25,0.0,38,57950,卖盘
238,09:44:19,15.25,0.0,60,91500,卖盘
239,09:44:22,15.25,0.0,17,25925,卖盘
240,09:44:25,15.25,0.0,7,10675,卖盘
241,09:44:27,15.25,0.0,15,22875,卖盘
242,09:44:30,15.25,0.0,3,4575,卖盘
243,09:44:34,15.25,0.0,2,3050,卖盘
244,09:44:37,15.25,0.0,4,6100,买盘
245,09:44:40,15.24,-0.01,15,22861,卖盘
246,09:44:43,15.24,0.0,3,4572,卖盘
247,09:44:45,15.24,0.0,1,1524,卖盘
248,09:44:48,15.23,-0.01,1,1523,卖盘
249,09:44:55,15.23,0.0,1,1523,卖盘
250,09:45:01,15.22,-0.01,34,51784,卖盘
251,09:45:04,15.22,0.0,21,31978,卖盘
252,09:45:07,15.21,-0.01,34,51729,卖盘
253,09:45:10,15.21,0.0,49,74529,卖盘
254,09:45:13,15.21,0.0,6,9126,买盘
255,09:45:16,15.21,0.0,187,284263,买盘
256,09:45:18,15.2,-0.01,5,7600,中性盘
257,09:45:21,15.19,-0.01,18,27361,卖盘
258,09:45:25,15.2,0.01,9,13680,中性盘
259,09:45:28,15.2,0.0,26,39523,卖盘
260,09:45:30,15.2,0.0,58,88160,卖盘
261,09:45:33,15.2,0.0,23,34960,卖盘
262,09:45:37,15.2,0.0,10,15200,卖盘
263,09:45:40,15.19,-0.01,27,41027,卖盘
264,09:45:43,15.21,0.02,20,30414,买盘
265,09:45:46,15.19,-0.02,49,74431,卖盘
266,09:45:48,15.2,0.01,35,53176,买盘
267,09:45:51,15.19,-0.01,40,60727,中性盘
268,09:45:55,15.19,0.0,56,85011,买盘
269,09:45:58,15.19,0.0,48,72884,买盘
270,09:46:01,15.18,-0.01,16,24288,卖盘
271,09:46:04,15.19,0.01,30,45569,买盘
272,09:46:10,15.19,0.0,10,15190,买盘
273,09:46:13,15.18,-0.01,131,198888,卖盘
274,09:46:16,15.19,0.01,51,77421,卖盘
275,09:46:18,15.19,0.0,2,3038,卖盘
276,09:46:22,15.19,0.0,5,7595,卖盘
277,09:46:27,15.19,0.0,29,44070,卖盘
278,09:46:30,15.19,0.0,4,6076,卖盘
279,09:46:34,15.19,0.0,4,6076,卖盘
280,09:46:37,15.2,0.01,9,13673,买盘
281,09:46:43,15.2,0.0,35,53185,买盘
282,09:46:46,15.2,0.0,11,16720,卖盘
283,09:46:49,15.22,0.02,2,3044,买盘
284,09:46:52,15.22,0.0,5,7610,买盘
285,09:46:55,15.2,-0.02,10,15210,卖盘
286,09:47:07,15.21,0.01,10,15210,卖盘
287,09:47:10,15.22,0.01,14,21289,买盘
288,09:47:12,15.22,0.0,6,9132,买盘
289,09:47:16,15.21,-0.01,3,4563,中性盘
290,09:47:24,15.22,0.01,64,97337,买盘
291,09:47:28,15.22,0.0,14,21284,买盘
292,09:47:31,15.2,-0.02,7,10646,卖盘
293,09:47:33,15.21,0.01,12,18252,买盘
294,09:47:39,15.2,-0.01,28,42563,卖盘
295,09:47:42,15.2,0.0,9,13680,买盘
296,09:47:46,15.19,-0.01,23,34937,卖盘
297,09:47:49,15.2,0.01,20,30397,买盘
298,09:47:52,15.19,-0.01,12,18237,卖盘
299,09:47:55,15.19,0.0,9,13671,卖盘
300,09:47:57,15.19,0.0,71,107904,卖盘
301,09:48:01,15.19,0.0,34,51646,卖盘
302,09:48:04,15.19,0.0,30,45570,卖盘
303,09:48:07,15.18,-0.01,141,214250,卖盘
304,09:48:10,15.18,0.0,4,6072,卖盘
305,09:48:12,15.18,0.0,54,81994,卖盘
306,09:48:16,15.18,0.0,10,15180,卖盘
307,09:48:19,15.18,0.0,58,88044,卖盘
308,09:48:25,15.17,-0.01,19,28821,卖盘
309,09:48:28,15.18,0.01,11,16688,买盘
310,09:48:31,15.17,-0.01,5,7585,中性盘
311,09:48:34,15.17,0.0,4,6065,买盘
312,09:48:36,15.16,-0.01,118,178895,卖盘
313,09:48:39,15.17,0.01,220,333458,买盘
314,09:48:42,15.15,-0.02,62,94002,卖盘
315,09:48:49,15.17,0.02,1,1517,卖盘
316,09:48:52,15.17,0.0,10,15170,卖盘
317,09:48:55,15.17,0.0,13,19731,卖盘
318,09:48:58,15.17,0.0,25,37916,卖盘
319,09:49:04,15.16,-0.01,19,28804,卖盘
320,09:49:06,15.16,0.0,20,30336,卖盘
321,09:49:10,15.16,0.0,24,36384,卖盘
322,09:49:13,15.17,0.01,68,103091,买盘
323,09:49:19,15.16,-0.01,15,22738,卖盘
324,09:49:24,15.15,-0.01,1,1515,卖盘
325,09:49:28,15.15,0.0,33,50006,卖盘
326,09:49:31,15.16,0.01,14,21217,买盘
327,09:49:34,15.15,-0.01,64,96965,卖盘
328,09:49:37,15.15,0.0,14,21211,卖盘
329,09:49:40,15.15,0.0,49,74253,卖盘
330,09:49:43,15.15,0.0,49,74237,卖盘
331,09:49:49,15.15,0.0,31,46941,买盘
332,09:49:51,15.13,-0.02,7,10592,卖盘
333,09:49:55,15.15,0.02,5,7575,买盘
334,09:49:58,15.15,0.0,1,1515,买盘
335,09:50:01,15.15,0.0,10,15150,买盘
336,09:50:04,15.15,0.0,13,19674,买盘
337,09:50:10,15.14,-0.01,11,16654,买盘
338,09:50:12,15.14,0.0,21,31794,买盘
339,09:50:16,15.14,0.0,8,12114,卖盘
340,09:50:18,15.14,0.0,1,1514,买盘
341,09:50:22,15.13,-0.01,7,10593,卖盘
342,09:50:25,15.14,0.01,30,45408,中性盘
343,09:50:27,15.13,-0.01,30,45399,卖盘
344,09:50:31,15.14,0.01,7,10598,买盘
345,09:50:34,15.13,-0.01,39,59007,卖盘
346,09:50:37,15.13,0.0,35,52936,买盘
347,09:50:40,15.13,0.0,18,27229,买盘
348,09:50:43,15.12,-0.01,17,25707,卖盘
349,09:50:46,15.13,0.01,5,7564,买盘
350,09:50:49,15.12,-0.01,22,33271,卖盘
351,09:50:52,15.13,0.01,4,6052,买盘
352,09:50:55,15.13,0.0,60,90746,买盘
353,09:50:58,15.12,-0.01,7,10589,卖盘
354,09:51:01,15.13,0.01,40,60490,买盘
355,09:51:04,15.12,-0.01,33,49919,卖盘
356,09:51:07,15.12,0.0,75,113410,卖盘
357,09:51:10,15.13,0.01,23,34799,中性盘
358,09:51:13,15.12,-0.01,25,37815,卖盘
359,09:51:16,15.12,0.0,10,15120,买盘
360,09:51:19,15.12,0.0,11,16632,买盘
361,09:51:22,15.11,-0.01,56,84657,卖盘
362,09:51:25,15.15,0.04,109,164851,买盘
363,09:51:27,15.12,-0.03,2,3024,卖盘
364,09:51:31,15.12,0.0,9,13608,卖盘
365,09:51:33,15.12,0.0,89,134568,卖盘
366,09:51:37,15.13,0.01,10,15130,卖盘
367,09:51:42,15.14,0.01,20,30285,卖盘
368,09:51:49,15.14,0.0,3,4542,卖盘
369,09:51:52,15.15,0.01,5,7575,买盘
370,09:51:55,15.14,-0.01,21,31804,卖盘
371,09:51:58,15.15,0.01,6,9090,买盘
372,09:52:01,15.15,0.0,18,27270,买盘
373,09:52:04,15.15,0.0,13,19695,买盘
374,09:52:07,15.15,0.0,122,184830,买盘
375,09:52:10,15.15,0.0,3,4545,买盘
376,09:52:12,15.15,0.0,5,7575,卖盘
377,09:52:19,15.15,0.0,14,21216,卖盘
378,09:52:22,15.15,0.0,30,45450,卖盘
379,09:52:25,15.16,0.01,22,33352,买盘
380,09:52:28,15.15,-0.01,9,13635,卖盘
381,09:52:31,15.16,0.01,7,10612,卖盘
382,09:52:34,15.16,0.0,14,21224,卖盘
383,09:52:37,15.18,0.02,15,22748,买盘
384,09:52:39,15.18,0.0,17,25806,买盘
385,09:52:43,15.2,0.02,5,7600,买盘
386,09:52:46,15.18,-0.02,6,9108,卖盘
387,09:52:49,15.18,0.0,5,7590,买盘
388,09:52:52,15.18,0.0,18,27298,买盘
389,09:52:57,15.18,0.0,11,16698,卖盘
390,09:53:01,15.18,0.0,1,1518,卖盘
391,09:53:04,15.18,0.0,52,78936,卖盘
392,09:53:10,15.19,0.01,4,6076,卖盘
393,09:53:13,15.18,-0.01,75,113911,卖盘
394,09:53:25,15.19,0.01,4,6076,卖盘
395,09:53:27,15.2,0.01,16,24311,买盘
396,09:53:34,15.19,-0.01,14,21266,卖盘
397,09:53:37,15.18,-0.01,1,1518,卖盘
398,09:53:49,15.19,0.01,1,1519,买盘
399,09:53:51,15.18,-0.01,52,78936,卖盘
400,09:53:55,15.18,0.0,2,3036,卖盘
401,09:54:04,15.17,-0.01,7,10625,卖盘
402,09:54:07,15.18,0.01,2,3036,买盘
403,09:54:18,15.19,0.01,10,15190,买盘
404,09:54:22,15.18,-0.01,20,30360,卖盘
405,09:54:28,15.18,0.0,4,6072,买盘
406,09:54:31,15.17,-0.01,19,28823,卖盘
407,09:54:33,15.18,0.01,2,3035,买盘
408,09:54:36,15.18,0.0,1,1518,卖盘
409,09:54:40,15.18,0.0,30,45540,买盘
410,09:54:43,15.16,-0.02,59,89447,卖盘
411,09:54:46,15.18,0.02,5,7586,买盘
412,09:54:48,15.18,0.0,20,30360,买盘
413,09:54:51,15.16,-0.02,7,10612,卖盘
414,09:54:54,15.18,0.02,23,34903,买盘
415,09:54:58,15.18,0.0,1,1518,卖盘
416,09:55:04,15.19,0.01,1,1519,买盘
417,09:55:07,15.18,-0.01,52,78936,卖盘
418,09:55:10,15.2,0.02,11,16718,买盘
419,09:55:22,15.19,-0.01,11,16709,买盘
420,09:55:25,15.19,0.0,6,9114,买盘
421,09:55:28,15.19,0.0,2,3038,卖盘
422,09:55:30,15.2,0.01,2,3040,买盘
423,09:55:40,15.2,0.0,22,33440,买盘
424,09:55:43,15.19,-0.01,5,7596,卖盘
425,09:55:46,15.22,0.03,8,12176,买盘
426,09:55:48,15.22,0.0,21,31960,买盘
427,09:55:51,15.2,-0.02,11,16736,卖盘
428,09:55:58,15.22,0.02,22,33484,买盘
429,09:56:01,15.22,0.0,1,1522,买盘
430,09:56:04,15.22,0.0,2,3044,买盘
431,09:56:25,15.25,0.03,1,1525,买盘
432,09:56:31,15.25,0.0,6,9150,买盘
433,09:56:37,15.25,0.0,4,6100,买盘
434,09:56:43,15.24,-0.01,2,3048,中性盘
435,09:56:46,15.23,-0.01,4,6092,卖盘
436,09:56:58,15.25,0.02,37,56407,买盘
437,09:57:10,15.24,-0.01,31,47244,卖盘
438,09:57:16,15.23,-0.01,12,18276,卖盘
439,09:57:19,15.23,0.0,16,24368,卖盘
440,09:57:25,15.23,0.0,14,21322,买盘
441,09:57:27,15.22,-0.01,37,56314,卖盘
442,09:57:40,15.23,0.01,12,18270,买盘
443,09:57:46,15.2,-0.03,17,25840,卖盘
444,09:57:49,15.2,0.0,2,3040,买盘
445,09:57:52,15.2,0.0,48,72923,买盘
446,09:57:55,15.2,0.0,5,7600,买盘
447,09:57:58,15.2,0.0,11,16720,买盘
448,09:58:01,15.19,-0.01,42,63832,卖盘
449,09:58:07,15.19,0.0,23,34950,卖盘
450,09:58:10,15.19,0.0,4,6076,卖盘
451,09:58:16,15.19,0.0,11,16709,卖盘
452,09:58:25,15.2,0.01,1,1520,买盘
453,09:58:28,15.19,-0.01,3,4557,卖盘
454,09:58:31,15.19,0.0,7,10633,卖盘
455,09:58:43,15.19,0.0,17,25823,卖盘
456,09:58:49,15.2,0.01,6,9120,买盘
457,09:58:58,15.2,0.0,6,9120,卖盘
458,09:59:06,15.2,0.0,3,4562,卖盘
459,09:59:09,15.2,0.0,17,25840,卖盘
460,09:59:12,15.22,0.02,6,9132,卖盘
461,09:59:19,15.2,-0.02,13,19760,卖盘
462,09:59:22,15.22,0.02,2,3044,买盘
463,09:59:27,15.22,0.0,15,22830,买盘
464,09:59:31,15.22,0.0,20,30440,卖盘
465,09:59:33,15.22,0.0,70,106406,买盘
466,09:59:40,15.23,0.01,5,7615,买盘
467,09:59:43,15.22,-0.01,3,4566,卖盘
468,09:59:52,15.23,0.01,4,6092,买盘
469,10:00:10,15.23,0.0,28,42644,买盘
470,10:00:15,15.23,0.0,1,1523,卖盘
471,10:00:19,15.23,0.0,1,1523,卖盘
472,10:00:25,15.22,-0.01,14,21308,卖盘
473,10:00:28,15.22,0.0,5,7607,买盘
474,10:00:31,15.22,0.0,14,21296,买盘
475,10:00:43,15.22,0.0,9,13698,卖盘
476,10:00:46,15.22,0.0,5,7610,卖盘
477,10:00:49,15.22,0.0,36,54802,卖盘
478,10:00:55,15.22,0.0,4,6088,卖盘
479,10:00:58,15.22,0.0,6,9132,买盘
480,10:01:06,15.22,0.0,8,12173,买盘
481,10:01:16,15.21,-0.01,1,1521,买盘
482,10:01:19,15.21,0.0,14,21290,买盘
483,10:01:22,15.2,-0.01,9,13680,卖盘
484,10:01:25,15.2,0.0,10,15200,卖盘
485,10:01:28,15.2,0.0,1,1520,卖盘
486,10:01:33,15.21,0.01,15,22809,买盘
487,10:01:54,15.2,-0.01,30,45600,卖盘
488,10:02:01,15.2,0.0,9,13680,卖盘
489,10:02:10,15.2,0.0,1,1520,买盘
490,10:02:22,15.19,-0.01,10,15190,卖盘
491,10:02:25,15.2,0.01,32,48640,买盘
492,10:02:27,15.2,0.0,4,6080,卖盘
493,10:02:34,15.2,0.0,9,13680,卖盘
494,10:02:46,15.21,0.01,1,1521,买盘
495,10:02:48,15.21,0.0,5,7605,中性盘
496,10:02:55,15.21,0.0,2,3042,卖盘
497,10:02:58,15.21,0.0,1,1521,卖盘
498,10:03:04,15.21,0.0,6,9126,买盘
499,10:03:10,15.21,0.0,19,28886,买盘
500,10:03:12,15.2,-0.01,1,1520,卖盘
501,10:03:18,15.19,-0.01,44,66872,卖盘
502,10:03:24,15.19,0.0,9,13671,卖盘
503,10:03:37,15.2,0.01,64,97280,买盘
504,10:03:40,15.2,0.0,15,22800,卖盘
505,10:03:46,15.2,0.0,10,15200,卖盘
506,10:03:49,15.2,0.0,15,22800,卖盘
507,10:03:52,15.2,0.0,1,1520,卖盘
508,10:03:55,15.2,0.0,3,4560,卖盘
509,10:04:01,15.2,0.0,1,1520,卖盘
510,10:04:13,15.21,0.01,7,10647,买盘
511,10:04:19,15.21,0.0,24,36490,买盘
512,10:04:22,15.2,-0.01,2,3040,卖盘
513,10:04:40,15.22,0.02,9,13698,买盘
514,10:04:48,15.22,0.0,10,15220,买盘
515,10:04:54,15.22,0.0,18,27393,买盘
516,10:05:06,15.22,0.0,3,4566,卖盘
517,10:05:10,15.23,0.01,93,141639,买盘
518,10:05:15,15.24,0.01,18,27432,买盘
519,10:05:19,15.23,-0.01,12,18276,卖盘
520,10:05:22,15.24,0.01,32,48768,买盘
521,10:05:25,15.24,0.0,32,48768,买盘
522,10:05:28,15.24,0.0,2,3048,买盘
523,10:05:37,15.25,0.01,25,38104,买盘
524,10:05:46,15.25,0.0,56,85400,买盘
525,10:05:51,15.25,0.0,5,7625,买盘
526,10:05:55,15.26,0.01,18,27467,买盘
527,10:06:01,15.26,0.0,15,22890,买盘
528,10:06:04,15.26,0.0,3,4578,买盘
529,10:06:07,15.28,0.02,107,163292,买盘
530,10:06:13,15.29,0.01,17,25986,买盘
531,10:06:18,15.29,0.0,22,33630,买盘
532,10:06:22,15.3,0.01,67,102445,买盘
533,10:06:25,15.3,0.0,13,19880,买盘
534,10:06:31,15.3,0.0,10,15300,买盘
535,10:06:36,15.36,0.06,10,15335,买盘
536,10:06:39,15.36,0.0,6,9216,买盘
537,10:06:43,15.36,0.0,6,9216,买盘
538,10:06:46,15.38,0.02,27,41512,买盘
539,10:06:49,15.37,-0.01,21,32277,卖盘
540,10:06:52,15.37,0.0,29,44520,买盘
541,10:06:55,15.37,0.0,20,30736,买盘
542,10:06:57,15.37,0.0,47,72252,卖盘
543,10:07:00,15.35,-0.02,15,22989,中性盘
544,10:07:04,15.38,0.03,81,124441,买盘
545,10:07:10,15.34,-0.04,2,3068,买盘
546,10:07:13,15.31,-0.03,1,1531,卖盘
547,10:07:16,15.34,0.03,8,12272,买盘
548,10:07:25,15.35,0.01,10,15346,买盘
549,10:07:31,15.34,-0.01,2,3068,卖盘
550,10:07:37,15.35,0.01,19,29165,买盘
551,10:07:39,15.35,0.0,7,10745,买盘
552,10:07:42,15.35,0.0,35,53725,买盘
553,10:07:46,15.35,0.0,2,3070,卖盘
554,10:07:49,15.35,0.0,3,4605,卖盘
555,10:07:52,15.36,0.01,4,6142,买盘
556,10:07:55,15.36,0.0,5,7680,中性盘
557,10:08:04,15.37,0.01,24,36874,买盘
558,10:08:06,15.37,0.0,5,7685,卖盘
559,10:08:09,15.37,0.0,2,3074,卖盘
560,10:08:13,15.38,0.01,2,3076,买盘
561,10:08:16,15.38,0.0,31,47677,买盘
562,10:08:19,15.38,0.0,17,26146,买盘
563,10:08:21,15.37,-0.01,17,26145,卖盘
564,10:08:24,15.38,0.01,6,9228,卖盘
565,10:08:27,15.38,0.0,4,6152,买盘
566,10:08:30,15.38,0.0,9,13842,卖盘
567,10:08:34,15.38,0.0,5,7690,买盘
568,10:08:37,15.37,-0.01,44,67706,卖盘
569,10:08:43,15.37,0.0,64,98370,卖盘
570,10:08:46,15.37,0.0,9,13833,卖盘
571,10:08:49,15.37,0.0,20,30740,买盘
572,10:08:52,15.35,-0.02,10,15357,卖盘
573,10:08:54,15.36,0.01,5,7680,买盘
574,10:08:57,15.36,0.0,30,46060,买盘
575,10:09:04,15.36,0.0,5,7680,买盘
576,10:09:07,15.36,0.0,4,6144,卖盘
577,10:09:09,15.36,0.0,8,12288,卖盘
578,10:09:13,15.36,0.0,32,49152,卖盘
579,10:09:16,15.36,0.0,2,3072,卖盘
580,10:09:19,15.36,0.0,6,9216,卖盘
581,10:09:22,15.36,0.0,10,15360,买盘
582,10:09:25,15.35,-0.01,19,29179,卖盘
583,10:09:28,15.35,0.0,3,4605,买盘
584,10:09:30,15.35,0.0,7,10745,卖盘
585,10:09:36,15.34,-0.01,1,1534,卖盘
586,10:09:40,15.35,0.01,15,23015,买盘
587,10:09:42,15.33,-0.02,15,22995,卖盘
588,10:09:46,15.33,0.0,1,1533,买盘
589,10:09:49,15.32,-0.01,7,10724,卖盘
590,10:09:52,15.32,0.0,1,1532,卖盘
591,10:09:57,15.3,-0.02,39,59686,卖盘
592,10:10:00,15.31,0.01,5,7655,中性盘
593,10:10:06,15.32,0.01,50,76572,买盘
594,10:10:16,15.3,-0.02,48,73451,卖盘
595,10:10:30,15.32,0.02,27,41349,买盘
596,10:10:37,15.32,0.0,20,30640,买盘
597,10:10:39,15.32,0.0,6,9192,卖盘
598,10:10:46,15.33,0.01,19,29127,买盘
599,10:10:49,15.33,0.0,33,50589,买盘
600,10:10:52,15.33,0.0,48,73584,买盘
601,10:10:55,15.35,0.02,16,24560,买盘
602,10:11:04,15.33,-0.02,4,6132,卖盘
603,10:11:07,15.35,0.02,5,7675,买盘
604,10:11:13,15.33,-0.02,15,22995,卖盘
605,10:11:16,15.35,0.02,15,23005,买盘
606,10:11:19,15.33,-0.02,7,10735,卖盘
607,10:11:31,15.35,0.02,17,26085,买盘
608,10:11:36,15.35,0.0,29,44515,买盘
609,10:11:39,15.34,-0.01,9,13806,卖盘
610,10:11:46,15.34,0.0,8,12265,买盘
611,10:11:49,15.34,0.0,4,6136,卖盘
612,10:11:52,15.34,0.0,6,9204,卖盘
613,10:11:58,15.35,0.01,19,29162,买盘
614,10:12:04,15.34,-0.01,8,12275,卖盘
615,10:12:07,15.35,0.01,3,4605,买盘
616,10:12:10,15.34,-0.01,57,87448,卖盘
617,10:12:19,15.34,0.0,12,18411,卖盘
618,10:12:21,15.34,0.0,4,6136,卖盘
619,10:12:31,15.34,0.0,6,9207,卖盘
620,10:12:36,15.35,0.01,5,7675,卖盘
621,10:12:39,15.35,0.0,3,4605,卖盘
622,10:12:52,15.35,0.0,14,21490,卖盘
623,10:12:57,15.35,0.0,3,4605,卖盘
624,10:13:01,15.36,0.01,7,10752,买盘
625,10:13:04,15.35,-0.01,5,7675,卖盘
626,10:13:07,15.35,0.0,9,13815,卖盘
627,10:13:10,15.35,0.0,2,3070,卖盘
628,10:13:16,15.35,0.0,15,23025,买盘
629,10:13:22,15.35,0.0,10,15350,卖盘
630,10:13:28,15.34,-0.01,33,50629,卖盘
631,10:13:43,15.34,0.0,25,38350,卖盘
632,10:13:46,15.34,0.0,8,12272,买盘
633,10:13:49,15.33,-0.01,28,42934,卖盘
634,10:14:04,15.33,0.0,13,19929,卖盘
635,10:14:15,15.33,0.0,4,6132,卖盘
636,10:14:25,15.34,0.01,3,4602,买盘
637,10:14:28,15.33,-0.01,7,10731,卖盘
638,10:14:31,15.34,0.01,1,1534,买盘
639,10:14:34,15.33,-0.01,33,50589,卖盘
640,10:14:39,15.33,0.0,19,29132,卖盘
641,10:14:43,15.33,0.0,16,24528,卖盘
642,10:14:46,15.33,0.0,4,6132,买盘
643,10:14:49,15.34,0.01,10,15340,买盘
644,10:14:51,15.34,0.0,5,7670,买盘
645,10:14:58,15.34,0.0,3,4602,买盘
646,10:15:18,15.35,0.01,3,4604,买盘
647,10:15:22,15.34,-0.01,9,13806,卖盘
648,10:15:25,15.34,0.0,10,15340,卖盘
649,10:15:34,15.34,0.0,28,42952,买盘
650,10:15:36,15.33,-0.01,13,19929,卖盘
651,10:15:52,15.33,0.0,6,9198,卖盘
652,10:16:01,15.32,-0.01,3,4596,卖盘
653,10:16:04,15.32,0.0,1,1532,卖盘
654,10:16:13,15.3,-0.02,116,177621,卖盘
655,10:16:27,15.3,0.0,7,10710,卖盘
656,10:16:34,15.3,0.0,2,3060,卖盘
657,10:16:37,15.3,0.0,2,3060,卖盘
658,10:16:40,15.3,0.0,8,12245,卖盘
659,10:16:42,15.3,0.0,3,4590,卖盘
660,10:17:01,15.3,0.0,34,52020,卖盘
661,10:17:04,15.31,0.01,4,6124,买盘
662,10:17:07,15.31,0.0,3,4593,卖盘
663,10:17:12,15.3,-0.01,25,38253,卖盘
664,10:17:16,15.32,0.02,27,41364,买盘
665,10:17:25,15.31,-0.01,12,18375,卖盘
666,10:17:28,15.31,0.0,11,16841,买盘
667,10:17:33,15.31,0.0,1,1531,买盘
668,10:17:37,15.31,0.0,10,15310,买盘
669,10:17:46,15.31,0.0,5,7655,买盘
670,10:17:49,15.31,0.0,1,1531,买盘
671,10:17:55,15.31,0.0,12,18372,买盘
672,10:18:04,15.31,0.0,5,7655,卖盘
673,10:18:07,15.32,0.01,3,4596,买盘
674,10:18:13,15.31,-0.01,1,1531,卖盘
675,10:18:28,15.31,0.0,10,15310,买盘
676,10:18:31,15.31,0.0,24,36722,买盘
677,10:18:39,15.3,-0.01,6,9180,卖盘
678,10:18:46,15.31,0.01,10,15301,买盘
679,10:18:49,15.31,0.0,1,1531,买盘
680,10:19:01,15.3,-0.01,2,3060,卖盘
681,10:19:04,15.3,0.0,16,24480,卖盘
682,10:19:13,15.29,-0.01,40,61160,卖盘
683,10:19:19,15.28,-0.01,25,38200,卖盘
684,10:19:22,15.28,0.0,1,1528,卖盘
685,10:19:27,15.28,0.0,5,7640,卖盘
686,10:19:34,15.28,0.0,10,15280,卖盘
687,10:19:36,15.28,0.0,68,103904,卖盘
688,10:19:39,15.28,0.0,9,13752,卖盘
689,10:19:49,15.28,0.0,35,53480,卖盘
690,10:20:04,15.29,0.01,43,65735,买盘
691,10:20:19,15.28,-0.01,15,22923,卖盘
692,10:20:22,15.29,0.01,101,154343,买盘
693,10:20:30,15.27,-0.02,3,4581,卖盘
694,10:21:07,15.28,0.01,24,36672,卖盘
695,10:21:19,15.28,0.0,28,42799,卖盘
696,10:21:22,15.28,0.0,20,30560,买盘
697,10:21:25,15.28,0.0,1,1528,买盘
698,10:21:28,15.28,0.0,15,22920,买盘
699,10:21:30,15.29,0.01,4,6115,买盘
700,10:21:33,15.28,-0.01,7,10696,卖盘
701,10:21:36,15.28,0.0,14,21392,买盘
702,10:21:40,15.28,0.0,19,29032,买盘
703,10:21:52,15.28,0.0,2,3056,卖盘
704,10:21:55,15.28,0.0,20,30560,卖盘
705,10:22:13,15.28,0.0,25,38200,卖盘
706,10:22:25,15.29,0.01,9,13761,买盘
707,10:22:28,15.29,0.0,40,61153,买盘
708,10:22:37,15.29,0.0,50,76450,卖盘
709,10:22:40,15.3,0.01,15,22950,买盘
710,10:22:43,15.3,0.0,12,18360,买盘
711,10:22:46,15.3,0.0,10,15300,买盘
712,10:22:48,15.3,0.0,9,13770,买盘
713,10:22:52,15.3,0.0,21,32130,买盘
714,10:23:04,15.3,0.0,8,12240,买盘
715,10:23:06,15.3,0.0,19,29070,买盘
716,10:23:28,15.31,0.01,19,29071,买盘
717,10:23:31,15.31,0.0,12,18372,买盘
718,10:23:37,15.31,0.0,4,6124,买盘
719,10:23:42,15.31,0.0,2,3062,卖盘
720,10:23:45,15.32,0.01,23,35236,买盘
721,10:23:55,15.33,0.01,15,22995,买盘
722,10:24:00,15.33,0.0,4,6135,卖盘
723,10:24:07,15.35,0.02,94,144205,买盘
724,10:24:10,15.37,0.02,8,12290,买盘
725,10:24:15,15.37,0.0,3,4611,买盘
726,10:24:18,15.39,0.02,8,12310,买盘
727,10:24:34,15.39,0.0,5,7695,买盘
728,10:24:37,15.39,0.0,6,9234,买盘
729,10:24:46,15.4,0.01,64,98555,买盘
730,10:24:49,15.4,0.0,21,32340,买盘
731,10:24:54,15.43,0.03,1,1543,买盘
732,10:24:58,15.44,0.01,9,13890,买盘
733,10:25:01,15.44,0.0,5,7720,买盘
734,10:25:04,15.44,0.0,13,20072,买盘
735,10:25:06,15.43,-0.01,15,23148,卖盘
736,10:25:09,15.43,0.0,7,10801,买盘
737,10:25:12,15.44,0.01,35,54004,买盘
738,10:25:25,15.41,-0.03,1,1541,买盘
739,10:25:31,15.41,0.0,11,16949,买盘
740,10:25:34,15.39,-0.02,8,12312,卖盘
741,10:25:37,15.41,0.02,14,21574,买盘
742,10:25:46,15.41,0.0,2,3082,卖盘
743,10:25:49,15.41,0.0,10,15410,卖盘
744,10:25:52,15.41,0.0,1,1541,中性盘
745,10:26:04,15.41,0.0,11,16951,买盘
746,10:26:07,15.41,0.0,2,3082,买盘
747,10:26:12,15.41,0.0,10,15410,卖盘
748,10:26:19,15.4,-0.01,10,15402,卖盘
749,10:26:21,15.41,0.01,4,6164,买盘
750,10:26:25,15.41,0.0,4,6164,买盘
751,10:26:31,15.4,-0.01,41,63140,卖盘
752,10:26:34,15.4,0.0,45,69300,卖盘
753,10:26:37,15.41,0.01,6,9246,买盘
754,10:26:40,15.4,-0.01,24,36960,卖盘
755,10:26:43,15.4,0.0,6,9240,卖盘
756,10:26:45,15.41,0.01,77,118650,买盘
757,10:26:48,15.41,0.0,16,24656,卖盘
758,10:26:58,15.41,0.0,10,15410,卖盘
759,10:27:04,15.42,0.01,7,10794,买盘
760,10:27:07,15.41,-0.01,8,12328,卖盘
761,10:27:10,15.42,0.01,44,67848,买盘
762,10:27:15,15.42,0.0,3,4626,买盘
763,10:27:25,15.4,-0.02,76,117138,卖盘
764,10:27:31,15.4,0.0,47,72380,买盘
765,10:27:34,15.4,0.0,14,21560,买盘
766,10:27:37,15.38,-0.02,4,6154,卖盘
767,10:27:40,15.4,0.02,10,15400,买盘
768,10:27:52,15.38,-0.02,3,4614,卖盘
769,10:28:01,15.38,0.0,19,29248,卖盘
770,10:28:04,15.38,0.0,5,7690,卖盘
771,10:28:06,15.38,0.0,1,1538,卖盘
772,10:28:10,15.39,0.01,3,4617,买盘
773,10:28:13,15.4,0.01,90,138407,买盘
774,10:28:22,15.39,-0.01,5,7695,买盘
775,10:28:27,15.39,0.0,4,6156,卖盘
776,10:28:39,15.39,0.0,4,6156,卖盘
777,10:28:42,15.4,0.01,57,87780,买盘
778,10:28:49,15.4,0.0,32,49280,买盘
779,10:28:58,15.4,0.0,24,36974,卖盘
780,10:29:00,15.4,0.0,1,1540,卖盘
781,10:29:07,15.42,0.02,15,23130,买盘
782,10:29:13,15.4,-0.02,10,15400,卖盘
783,10:29:25,15.42,0.02,13,20046,买盘
784,10:29:31,15.41,-0.01,44,67811,卖盘
785,10:29:34,15.41,0.0,12,18502,中性盘
786,10:29:43,15.41,0.0,11,16951,买盘
787,10:29:54,15.4,-0.01,10,15400,卖盘
788,10:29:58,15.41,0.01,39,60099,买盘
789,10:30:04,15.41,0.0,11,16951,买盘
790,10:30:07,15.41,0.0,1,1541,卖盘
791,10:30:13,15.41,0.0,7,10787,卖盘
792,10:30:25,15.41,0.0,10,15410,卖盘
793,10:30:28,15.41,0.0,16,24656,卖盘
794,10:30:31,15.41,0.0,3,4623,买盘
795,10:30:37,15.41,0.0,4,6164,买盘
796,10:30:43,15.4,-0.01,8,12325,卖盘
797,10:30:46,15.41,0.01,18,27738,买盘
798,10:30:49,15.4,-0.01,20,30801,卖盘
799,10:30:52,15.4,0.0,30,46200,卖盘
800,10:30:55,15.41,0.01,5,7701,中性盘
801,10:31:13,15.4,-0.01,1,1540,卖盘
802,10:31:16,15.4,0.0,2,3080,卖盘
803,10:31:19,15.4,0.0,6,9240,卖盘
804,10:31:22,15.4,0.0,2,3080,卖盘
805,10:31:28,15.4,0.0,10,15400,卖盘
806,10:31:34,15.4,0.0,6,9240,卖盘
807,10:31:36,15.41,0.01,65,100165,买盘
808,10:31:40,15.41,0.0,2,3082,买盘
809,10:31:46,15.4,-0.01,6,9240,卖盘
810,10:31:55,15.41,0.01,41,63173,买盘
811,10:31:58,15.4,-0.01,21,32349,卖盘
812,10:32:01,15.4,0.0,70,107800,卖盘
813,10:32:13,15.4,0.0,3,4620,买盘
814,10:32:16,15.39,-0.01,2,3078,卖盘
815,10:32:28,15.39,0.0,4,6156,卖盘
816,10:32:37,15.39,0.0,4,6156,卖盘
817,10:32:43,15.39,0.0,11,16929,卖盘
818,10:32:45,15.4,0.01,9,13860,买盘
819,10:32:49,15.37,-0.03,150,230640,卖盘
820,10:33:07,15.38,0.01,2,3076,卖盘
821,10:33:10,15.39,0.01,13,20006,买盘
822,10:33:25,15.39,0.0,10,15390,卖盘
823,10:33:27,15.39,0.0,10,15390,卖盘
824,10:33:31,15.39,0.0,10,15390,卖盘
825,10:33:37,15.39,0.0,5,7695,卖盘
826,10:33:40,15.39,0.0,10,15390,卖盘
827,10:33:43,15.39,0.0,2,3078,卖盘
828,10:33:58,15.39,0.0,2,3078,卖盘
829,10:34:10,15.39,0.0,1,1539,买盘
830,10:34:13,15.39,0.0,2,3078,买盘
831,10:34:16,15.38,-0.01,3,4614,卖盘
832,10:34:40,15.38,0.0,28,43064,卖盘
833,10:34:45,15.37,-0.01,50,76851,卖盘
834,10:34:54,15.37,0.0,27,41499,买盘
835,10:34:57,15.37,0.0,2,3074,卖盘
836,10:35:01,15.36,-0.01,3,4608,卖盘
837,10:35:10,15.36,0.0,8,12288,卖盘
838,10:35:16,15.35,-0.01,26,39910,卖盘
839,10:35:19,15.35,0.0,2,3070,买盘
840,10:35:22,15.31,-0.04,19,29114,卖盘
841,10:35:27,15.3,-0.01,9,13770,卖盘
842,10:35:30,15.31,0.01,44,67364,买盘
843,10:35:37,15.31,0.0,2,3062,卖盘
844,10:35:40,15.31,0.0,15,22965,卖盘
845,10:35:43,15.31,0.0,20,30620,卖盘
846,10:35:58,15.31,0.0,43,65883,卖盘
847,10:36:10,15.32,0.01,3,4596,卖盘
848,10:36:43,15.33,0.01,17,26076,卖盘
849,10:36:48,15.32,-0.01,9,13796,卖盘
850,10:36:57,15.34,0.02,1,1534,卖盘
851,10:37:06,15.36,0.02,5,7680,买盘
852,10:37:10,15.34,-0.02,8,12274,卖盘
853,10:37:22,15.33,-0.01,50,76678,卖盘
854,10:37:36,15.32,-0.01,247,378440,卖盘
855,10:37:49,15.31,-0.01,11,16841,卖盘
856,10:37:55,15.29,-0.02,82,125427,卖盘
857,10:38:00,15.31,0.02,4,6124,卖盘
858,10:38:04,15.31,0.0,17,26027,卖盘
859,10:38:16,15.29,-0.02,37,56573,卖盘
860,10:38:25,15.29,0.0,15,22935,卖盘
861,10:38:40,15.31,0.02,3,4593,买盘
862,10:38:42,15.31,0.0,3,4593,买盘
863,10:38:49,15.29,-0.02,34,52008,卖盘
864,10:39:07,15.29,0.0,50,76492,卖盘
865,10:39:09,15.31,0.02,2,3062,买盘
866,10:39:19,15.29,-0.02,1,1529,卖盘
867,10:39:24,15.3,0.01,20,30600,买盘
868,10:39:33,15.3,0.0,5,7650,卖盘
869,10:39:42,15.31,0.01,7,10717,买盘
870,10:39:55,15.32,0.01,3,4596,买盘
871,10:39:58,15.32,0.0,15,22980,买盘
872,10:40:07,15.31,-0.01,1,1531,卖盘
873,10:40:13,15.32,0.01,3,4596,买盘
874,10:40:18,15.31,-0.01,20,30638,卖盘
875,10:40:22,15.32,0.01,1,1532,买盘
876,10:40:27,15.31,-0.01,2,3062,卖盘
877,10:40:31,15.32,0.01,23,35233,买盘
878,10:40:37,15.32,0.0,13,19916,买盘
879,10:40:54,15.32,0.0,18,27576,买盘
880,10:40:57,15.31,-0.01,3,4593,卖盘
881,10:41:06,15.32,0.01,88,134816,买盘
882,10:41:18,15.32,0.0,1,1532,卖盘
883,10:41:33,15.32,0.0,65,99580,卖盘
884,10:41:42,15.32,0.0,9,13788,买盘
885,10:41:46,15.32,0.0,4,6128,买盘
886,10:41:54,15.32,0.0,18,27576,买盘
887,10:41:57,15.32,0.0,5,7660,买盘
888,10:42:04,15.32,0.0,4,6128,卖盘
889,10:42:07,15.31,-0.01,8,12248,卖盘
890,10:42:10,15.32,0.01,10,15320,买盘
891,10:42:19,15.31,-0.01,6,9186,卖盘
892,10:42:33,15.31,0.0,11,16841,卖盘
893,10:42:55,15.31,0.0,4,6124,买盘
894,10:42:57,15.3,-0.01,99,151470,卖盘
895,10:43:07,15.3,0.0,7,10710,卖盘
896,10:43:10,15.31,0.01,4,6123,买盘
897,10:43:13,15.3,-0.01,1,1530,卖盘
898,10:43:19,15.3,0.0,6,9180,买盘
899,10:43:25,15.3,0.0,16,24471,买盘
900,10:43:31,15.29,-0.01,14,21406,卖盘
901,10:43:36,15.29,0.0,33,50457,卖盘
902,10:43:39,15.3,0.01,5,7650,买盘
903,10:43:52,15.29,-0.01,18,27522,卖盘
904,10:43:55,15.3,0.01,23,35190,买盘
905,10:44:01,15.29,-0.01,16,24464,卖盘
906,10:44:07,15.29,0.0,3,4587,卖盘
907,10:44:15,15.3,0.01,75,114750,买盘
908,10:44:19,15.3,0.0,1,1530,卖盘
909,10:44:27,15.31,0.01,8,12248,买盘
910,10:44:34,15.3,-0.01,2,3060,卖盘
911,10:44:40,15.3,0.0,1,1530,卖盘
912,10:44:43,15.3,0.0,5,7650,卖盘
913,10:44:46,15.31,0.01,5,7655,买盘
914,10:44:55,15.31,0.0,10,15310,买盘
915,10:45:04,15.31,0.0,12,18372,买盘
916,10:45:34,15.32,0.01,3,4596,买盘
917,10:45:49,15.33,0.01,1,1533,卖盘
918,10:46:01,15.37,0.04,6,9222,买盘
919,10:46:07,15.37,0.0,30,46130,买盘
920,10:46:13,15.37,0.0,1,1537,卖盘
921,10:46:21,15.38,0.01,5,7690,买盘
922,10:46:31,15.38,0.0,24,36912,买盘
923,10:46:34,15.38,0.0,3,4614,卖盘
924,10:46:37,15.38,0.0,1,1538,卖盘
925,10:46:49,15.37,-0.01,27,41524,卖盘
926,10:47:00,15.37,0.0,11,16907,买盘
927,10:47:06,15.39,0.02,8,12312,买盘
928,10:47:18,15.38,-0.01,4,6152,买盘
929,10:47:45,15.38,0.0,50,76900,卖盘
930,10:47:57,15.38,0.0,15,23070,卖盘
931,10:48:01,15.38,0.0,24,36912,卖盘
932,10:48:30,15.38,0.0,5,7684,买盘
933,10:48:45,15.35,-0.03,4,6140,卖盘
934,10:48:58,15.34,-0.01,3,4602,卖盘
935,10:49:01,15.34,0.0,11,16874,卖盘
936,10:49:13,15.34,0.0,2,3068,卖盘
937,10:49:55,15.34,0.0,4,6136,卖盘
938,10:50:10,15.34,0.0,12,18408,卖盘
939,10:50:24,15.34,0.0,9,13804,买盘
940,10:50:28,15.34,0.0,1,1534,买盘
941,10:51:04,15.35,0.01,10,15350,买盘
942,10:51:06,15.34,-0.01,6,9204,卖盘
943,10:51:09,15.35,0.01,2,3070,买盘
944,10:51:19,15.35,0.0,1,1535,买盘
945,10:51:21,15.35,0.0,1,1535,买盘
946,10:51:25,15.34,-0.01,12,18408,卖盘
947,10:51:58,15.34,0.0,7,10738,卖盘
948,10:52:21,15.34,0.0,3,4602,买盘
949,10:52:25,15.34,0.0,1,1534,卖盘
950,10:52:39,15.34,0.0,2,3068,卖盘
951,10:52:45,15.35,0.01,41,62878,买盘
952,10:52:55,15.33,-0.02,20,30660,卖盘
953,10:53:22,15.33,0.0,1,1533,卖盘
954,10:53:37,15.33,0.0,7,10731,卖盘
955,10:53:40,15.33,0.0,9,13797,卖盘
956,10:53:54,15.32,-0.01,6,9192,卖盘
957,10:53:58,15.33,0.01,51,78183,买盘
958,10:54:00,15.33,0.0,5,7665,卖盘
959,10:54:04,15.33,0.0,8,12264,卖盘
960,10:54:12,15.35,0.02,2,3070,买盘
961,10:54:15,15.35,0.0,1,1535,买盘
962,10:54:31,15.33,-0.02,1,1533,卖盘
963,10:54:45,15.33,0.0,3,4599,卖盘
964,10:54:54,15.33,0.0,3,4599,卖盘
965,10:55:45,15.33,0.0,50,76650,卖盘
966,10:56:01,15.34,0.01,3,4602,买盘
967,10:56:21,15.34,0.0,5,7670,买盘
968,10:56:36,15.34,0.0,1,1534,买盘
969,10:56:49,15.33,-0.01,3,4599,卖盘
970,10:56:51,15.34,0.01,13,19942,买盘
971,10:57:27,15.33,-0.01,14,21462,卖盘
972,10:57:30,15.34,0.01,6,9204,买盘
973,10:57:33,15.33,-0.01,69,105777,卖盘
974,10:57:42,15.32,-0.01,30,45979,卖盘
975,10:57:45,15.31,-0.01,28,42892,卖盘
976,10:57:48,15.33,0.02,10,15330,买盘
977,10:57:57,15.31,-0.02,9,13779,卖盘
978,10:58:00,15.31,0.0,47,71957,卖盘
979,10:58:06,15.29,-0.02,160,244791,卖盘
980,10:58:15,15.28,-0.01,34,51974,卖盘
981,10:58:27,15.28,0.0,37,56555,卖盘
982,10:58:36,15.28,0.0,5,7640,卖盘
983,10:59:07,15.29,0.01,2,3058,卖盘
984,10:59:09,15.29,0.0,8,12232,卖盘
985,10:59:15,15.3,0.01,1,1530,买盘
986,10:59:19,15.3,0.0,16,24480,买盘
987,10:59:22,15.3,0.0,2,3060,卖盘
988,10:59:34,15.3,0.0,20,30616,卖盘
989,10:59:45,15.3,0.0,5,7650,卖盘
990,10:59:58,15.31,0.01,25,38275,买盘
991,11:00:04,15.3,-0.01,8,12240,卖盘
992,11:00:09,15.3,0.0,8,12240,卖盘
993,11:00:19,15.31,0.01,59,90290,买盘
994,11:00:22,15.3,-0.01,2,3060,卖盘
995,11:00:25,15.31,0.01,25,38260,买盘
996,11:00:34,15.3,-0.01,2,3059,买盘
997,11:00:46,15.3,0.0,10,15300,卖盘
998,11:00:58,15.31,0.01,19,29077,买盘
999,11:01:06,15.31,0.0,9,13779,买盘
1000,11:01:31,15.31,0.0,1,1531,卖盘
1001,11:01:43,15.32,0.01,3,4596,买盘
1002,11:01:52,15.33,0.01,20,30660,买盘
1003,11:02:06,15.31,-0.02,29,44408,卖盘
1004,11:02:21,15.31,0.0,7,10717,卖盘
1005,11:02:24,15.3,-0.01,1,1530,卖盘
1006,11:02:28,15.31,0.01,18,27558,买盘
1007,11:02:30,15.32,0.01,3,4596,买盘
1008,11:02:34,15.31,-0.01,1,1531,卖盘
1009,11:02:36,15.31,0.0,5,7655,卖盘
1010,11:02:39,15.31,0.0,2,3062,卖盘
1011,11:02:58,15.31,0.0,6,9186,买盘
1012,11:03:10,15.32,0.01,20,30640,买盘
1013,11:03:13,15.31,-0.01,11,16841,卖盘
1014,11:03:28,15.31,0.0,2,3062,卖盘
1015,11:03:33,15.31,0.0,2,3062,卖盘
1016,11:03:43,15.31,0.0,1,1531,卖盘
1017,11:04:12,15.31,0.0,3,4593,买盘
1018,11:04:36,15.3,-0.01,13,19892,卖盘
1019,11:04:43,15.3,0.0,2,3060,卖盘
1020,11:04:46,15.31,0.01,1,1531,买盘
1021,11:05:07,15.32,0.01,1,1532,买盘
1022,11:05:43,15.32,0.0,1,1532,卖盘
1023,11:06:19,15.33,0.01,1,1533,买盘
1024,11:06:21,15.32,-0.01,12,18384,卖盘
1025,11:06:27,15.32,0.0,2,3064,卖盘
1026,11:06:30,15.32,0.0,4,6128,卖盘
1027,11:06:36,15.3,-0.02,85,130079,卖盘
1028,11:06:57,15.31,0.01,2,3062,买盘
1029,11:07:01,15.3,-0.01,6,9180,卖盘
1030,11:07:07,15.3,0.0,1,1530,卖盘
1031,11:07:25,15.3,0.0,40,61200,卖盘
1032,11:07:33,15.3,0.0,4,6120,卖盘
1033,11:07:40,15.3,0.0,10,15300,卖盘
1034,11:07:46,15.3,0.0,30,45900,卖盘
1035,11:07:52,15.3,0.0,15,22950,卖盘
1036,11:07:58,15.3,0.0,2,3060,卖盘
1037,11:08:01,15.3,0.0,50,76500,卖盘
1038,11:08:05,15.31,0.01,8,12248,买盘
1039,11:08:07,15.3,-0.01,3,4590,卖盘
1040,11:08:13,15.3,0.0,40,61200,卖盘
1041,11:08:19,15.3,0.0,5,7650,卖盘
1042,11:08:22,15.3,0.0,31,47430,卖盘
1043,11:08:25,15.3,0.0,2,3060,卖盘
1044,11:08:28,15.3,0.0,42,64260,卖盘
1045,11:08:43,15.3,0.0,1,1530,买盘
1046,11:08:57,15.3,0.0,4,6120,卖盘
1047,11:09:01,15.3,0.0,5,7650,卖盘
1048,11:09:31,15.29,-0.01,7,10703,卖盘
1049,11:09:45,15.29,0.0,8,12232,卖盘
1050,11:09:54,15.28,-0.01,13,19866,卖盘
1051,11:10:04,15.27,-0.01,53,80970,卖盘
1052,11:10:09,15.27,0.0,5,7635,卖盘
1053,11:10:30,15.28,0.01,10,15280,卖盘
1054,11:10:46,15.27,-0.01,5,7635,卖盘
1055,11:10:49,15.28,0.01,2,3056,买盘
1056,11:10:52,15.27,-0.01,13,19851,卖盘
1057,11:10:58,15.27,0.0,3,4581,卖盘
1058,11:11:09,15.27,0.0,33,50418,卖盘
1059,11:11:15,15.27,0.0,2,3054,卖盘
1060,11:11:24,15.27,0.0,12,18324,卖盘
1061,11:11:30,15.27,0.0,1,1527,卖盘
1062,11:11:54,15.27,0.0,1,1527,卖盘
1063,11:11:57,15.27,0.0,20,30550,卖盘
1064,11:12:07,15.27,0.0,1,1527,卖盘
1065,11:12:57,15.28,0.01,16,24448,买盘
1066,11:13:06,15.28,0.0,8,12224,卖盘
1067,11:13:09,15.29,0.01,8,12232,买盘
1068,11:13:15,15.29,0.0,2,3058,卖盘
1069,11:13:33,15.29,0.0,1,1529,买盘
1070,11:13:42,15.29,0.0,1,1529,买盘
1071,11:13:45,15.29,0.0,6,9174,买盘
1072,11:14:00,15.29,0.0,2,3058,卖盘
1073,11:14:10,15.29,0.0,10,15290,卖盘
1074,11:14:16,15.3,0.01,1,1530,买盘
1075,11:14:24,15.29,-0.01,3,4587,卖盘
1076,11:14:36,15.28,-0.01,10,15280,卖盘
1077,11:14:42,15.28,0.0,2,3056,卖盘
1078,11:14:49,15.28,0.0,73,111544,卖盘
1079,11:14:54,15.27,-0.01,23,35121,卖盘
1080,11:14:57,15.27,0.0,18,27473,买盘
1081,11:15:10,15.26,-0.01,7,10682,卖盘
1082,11:15:31,15.26,0.0,1,1526,卖盘
1083,11:15:33,15.26,0.0,4,6104,卖盘
1084,11:15:42,15.26,0.0,50,76300,卖盘
1085,11:15:48,15.27,0.01,1,1527,买盘
1086,11:15:52,15.26,-0.01,7,10682,卖盘
1087,11:15:58,15.27,0.01,1,1527,买盘
1088,11:16:15,15.26,-0.01,1,1526,卖盘
1089,11:16:27,15.26,0.0,33,50358,卖盘
1090,11:16:36,15.26,0.0,1,1526,买盘
1091,11:16:42,15.25,-0.01,11,16775,卖盘
1092,11:16:48,15.25,0.0,28,42700,卖盘
1093,11:16:51,15.26,0.01,5,7630,买盘
1094,11:17:00,15.26,0.0,10,15260,买盘
1095,11:17:04,15.25,-0.01,5,7625,卖盘
1096,11:17:06,15.26,0.01,18,27468,买盘
1097,11:17:12,15.26,0.0,2,3052,卖盘
1098,11:17:33,15.28,0.02,4,6109,买盘
1099,11:18:09,15.28,0.0,2,3056,卖盘
1100,11:18:51,15.28,0.0,1,1528,卖盘
1101,11:19:04,15.28,0.0,2,3056,卖盘
1102,11:19:12,15.29,0.01,10,15290,买盘
1103,11:19:27,15.29,0.0,2,3058,买盘
1104,11:19:34,15.29,0.0,9,13761,买盘
1105,11:19:49,15.25,-0.04,100,152532,卖盘
1106,11:20:01,15.25,0.0,4,6100,卖盘
1107,11:20:07,15.25,0.0,57,86925,卖盘
1108,11:20:18,15.24,-0.01,9,13716,卖盘
1109,11:20:25,15.24,0.0,18,27432,卖盘
1110,11:20:30,15.24,0.0,12,18288,卖盘
1111,11:20:33,15.24,0.0,11,16764,卖盘
1112,11:20:42,15.24,0.0,11,16764,卖盘
1113,11:20:48,15.24,0.0,3,4572,卖盘
1114,11:20:51,15.24,0.0,14,21336,卖盘
1115,11:20:54,15.24,0.0,6,9144,卖盘
1116,11:20:58,15.24,0.0,1,1524,买盘
1117,11:21:09,15.24,0.0,23,35032,买盘
1118,11:21:12,15.23,-0.01,3,4569,卖盘
1119,11:21:18,15.23,0.0,26,39621,卖盘
1120,11:21:21,15.23,0.0,3,4569,卖盘
1121,11:21:28,15.23,0.0,2,3046,卖盘
1122,11:21:30,15.24,0.01,1,1524,买盘
1123,11:21:36,15.23,-0.01,6,9138,卖盘
1124,11:21:40,15.23,0.0,2,3046,卖盘
1125,11:21:49,15.24,0.01,10,15240,买盘
1126,11:21:52,15.23,-0.01,2,3046,卖盘
1127,11:21:58,15.23,0.0,100,152300,卖盘
1128,11:22:01,15.24,0.01,19,28956,买盘
1129,11:22:10,15.24,0.0,13,19812,卖盘
1130,11:22:36,15.25,0.01,18,27450,卖盘
1131,11:22:39,15.25,0.0,3,4575,买盘
1132,11:22:42,15.24,-0.01,3,4572,卖盘
1133,11:22:51,15.23,-0.01,2,3046,卖盘
1134,11:22:54,15.23,0.0,2,3046,卖盘
1135,11:23:07,15.23,0.0,9,13707,卖盘
1136,11:23:13,15.23,0.0,3,4569,卖盘
1137,11:23:15,15.22,-0.01,100,152294,卖盘
1138,11:23:28,15.23,0.01,5,7615,买盘
1139,11:23:30,15.22,-0.01,11,16747,卖盘
1140,11:23:33,15.23,0.01,21,31983,买盘
1141,11:23:49,15.23,0.0,1,1523,买盘
1142,11:23:57,15.22,-0.01,41,62402,卖盘
1143,11:24:01,15.22,0.0,1,1522,卖盘
1144,11:24:07,15.22,0.0,31,47182,卖盘
1145,11:24:18,15.22,0.0,7,10656,卖盘
1146,11:24:27,15.23,0.01,2,3046,卖盘
1147,11:24:39,15.22,-0.01,7,10654,卖盘
1148,11:24:48,15.23,0.01,12,18272,买盘
1149,11:25:09,15.26,0.03,3,4578,买盘
1150,11:25:12,15.23,-0.03,8,12191,卖盘
1151,11:25:18,15.23,0.0,20,30460,卖盘
1152,11:25:27,15.23,0.0,1,1523,卖盘
1153,11:26:54,15.24,0.01,35,53340,卖盘
1154,11:27:01,15.24,0.0,4,6096,买盘
1155,11:27:19,15.26,0.02,1,1526,卖盘
1156,11:27:45,15.24,-0.02,1,1524,卖盘
1157,11:27:54,15.24,0.0,10,15240,卖盘
1158,11:27:57,15.24,0.0,8,12192,卖盘
1159,11:28:04,15.24,0.0,30,45754,卖盘
1160,11:28:06,15.24,0.0,28,42672,买盘
1161,11:28:16,15.24,0.0,1,1524,卖盘
1162,11:28:27,15.24,0.0,31,47244,卖盘
1163,11:28:30,15.24,0.0,1,1524,买盘
1164,11:28:34,15.23,-0.01,4,6092,卖盘
1165,11:28:36,15.23,0.0,74,112702,卖盘
1166,11:28:39,15.24,0.01,1,1524,买盘
1167,11:29:00,15.23,-0.01,8,12184,卖盘
1168,11:29:04,15.24,0.01,4,6096,买盘
1169,11:29:07,15.23,-0.01,1,1523,卖盘
1170,11:29:10,15.23,0.0,8,12184,卖盘
1171,11:29:22,15.22,-0.01,37,56339,卖盘
1172,11:29:27,15.24,0.02,4,6096,买盘
1173,11:29:42,15.22,-0.02,1,1522,卖盘
1174,11:29:45,15.22,0.0,1,1522,卖盘
1175,11:29:57,15.24,0.02,10,15240,买盘
1176,13:00:04,15.24,0.0,81,123419,买盘
1177,13:00:18,15.24,0.0,4,6096,买盘
1178,13:00:21,15.22,-0.02,12,18269,卖盘
1179,13:00:45,15.22,0.0,26,39572,卖盘
1180,13:00:54,15.24,0.02,6,9144,买盘
1181,13:01:00,15.24,0.0,3,4572,买盘
1182,13:01:21,15.23,-0.01,12,18280,卖盘
1183,13:01:33,15.22,-0.01,1,1522,卖盘
1184,13:01:49,15.22,0.0,8,12176,卖盘
1185,13:01:54,15.22,0.0,15,22830,卖盘
1186,13:02:04,15.22,0.0,18,27396,卖盘
1187,13:02:09,15.22,0.0,18,27396,卖盘
1188,13:02:27,15.23,0.01,10,15230,买盘
1189,13:02:57,15.22,-0.01,1,1522,卖盘
1190,13:03:06,15.23,0.01,5,7615,买盘
1191,13:03:12,15.22,-0.01,2,3044,卖盘
1192,13:03:21,15.23,0.01,14,21322,买盘
1193,13:03:27,15.23,0.0,2,3046,买盘
1194,13:04:27,15.23,0.0,10,15230,卖盘
1195,13:04:30,15.24,0.01,63,95990,买盘
1196,13:04:36,15.25,0.01,1,1525,买盘
1197,13:04:39,15.25,0.0,1,1525,卖盘
1198,13:04:51,15.26,0.01,26,39676,买盘
1199,13:05:03,15.26,0.0,7,10682,买盘
1200,13:05:09,15.26,0.0,20,30520,卖盘
1201,13:05:19,15.26,0.0,1,1526,卖盘
1202,13:05:21,15.27,0.01,3,4581,买盘
1203,13:05:30,15.27,0.0,10,15270,买盘
1204,13:05:36,15.26,-0.01,4,6104,卖盘
1205,13:05:51,15.22,-0.04,61,92893,卖盘
1206,13:06:00,15.28,0.06,10,15276,买盘
1207,13:06:21,15.28,0.0,5,7640,买盘
1208,13:06:24,15.29,0.01,4,6114,买盘
1209,13:06:27,15.23,-0.06,1,1523,卖盘
1210,13:06:30,15.29,0.06,1,1529,买盘
1211,13:06:45,15.3,0.01,43,65790,买盘
1212,13:07:00,15.3,0.0,5,7650,买盘
1213,13:07:27,15.3,0.0,1,1530,买盘
1214,13:07:36,15.29,-0.01,15,22935,卖盘
1215,13:07:51,15.29,0.0,25,38223,买盘
1216,13:08:15,15.29,0.0,24,36696,买盘
1217,13:08:21,15.29,0.0,4,6116,卖盘
1218,13:08:39,15.29,0.0,12,18358,卖盘
1219,13:08:42,15.3,0.01,1,1530,买盘
1220,13:08:51,15.3,0.0,7,10710,买盘
1221,13:08:58,15.3,0.0,7,10710,买盘
1222,13:09:09,15.29,-0.01,2,3058,卖盘
1223,13:09:12,15.29,0.0,1,1529,卖盘
1224,13:09:30,15.29,0.0,10,15290,卖盘
1225,13:09:39,15.29,0.0,4,6116,卖盘
1226,13:09:45,15.32,0.03,6,9189,买盘
1227,13:09:54,15.28,-0.04,17,25996,卖盘
1228,13:10:04,15.29,0.01,2,3058,中性盘
1229,13:10:19,15.32,0.03,2,3064,买盘
1230,13:10:36,15.32,0.0,1,1532,买盘
1231,13:10:39,15.29,-0.03,5,7648,卖盘
1232,13:10:42,15.31,0.02,1,1531,买盘
1233,13:10:54,15.31,0.0,19,29089,买盘
1234,13:10:57,15.32,0.01,5,7660,买盘
1235,13:11:13,15.32,0.0,2,3064,买盘
1236,13:11:22,15.34,0.02,2,3068,买盘
1237,13:11:27,15.34,0.0,3,4602,买盘
1238,13:11:30,15.34,0.0,2,3068,卖盘
1239,13:11:36,15.35,0.01,4,6140,买盘
1240,13:11:51,15.35,0.0,1,1535,买盘
1241,13:12:01,15.36,0.01,33,50681,买盘
1242,13:12:04,15.36,0.0,2,3072,卖盘
1243,13:12:07,15.36,0.0,2,3072,卖盘
1244,13:12:13,15.37,0.01,5,7685,买盘
1245,13:12:16,15.35,-0.02,150,230370,卖盘
1246,13:12:28,15.38,0.03,20,30760,买盘
1247,13:12:48,15.38,0.0,38,58441,买盘
1248,13:12:52,15.38,0.0,4,6152,卖盘
1249,13:12:55,15.36,-0.02,10,15376,卖盘
1250,13:13:10,15.36,0.0,16,24576,卖盘
1251,13:13:16,15.38,0.02,1,1538,买盘
1252,13:13:18,15.36,-0.02,1,1536,卖盘
1253,13:13:31,15.38,0.02,5,7690,买盘
1254,13:13:37,15.36,-0.02,2,3072,买盘
1255,13:13:48,15.36,0.0,4,6144,买盘
1256,13:13:54,15.36,0.0,2,3072,买盘
1257,13:14:07,15.38,0.02,50,76882,买盘
1258,13:14:24,15.38,0.0,1,1538,买盘
1259,13:14:33,15.38,0.0,16,24608,买盘
1260,13:14:36,15.38,0.0,5,7690,买盘
1261,13:14:39,15.38,0.0,1,1538,买盘
1262,13:14:45,15.39,0.01,14,21533,买盘
1263,13:14:51,15.39,0.0,8,12305,买盘
1264,13:14:58,15.38,-0.01,2,3076,卖盘
1265,13:15:04,15.39,0.01,5,7693,买盘
1266,13:15:07,15.38,-0.01,4,6152,卖盘
1267,13:15:13,15.38,0.0,22,33836,买盘
1268,13:15:21,15.38,0.0,2,3076,买盘
1269,13:15:30,15.38,0.0,30,46140,买盘
1270,13:15:39,15.38,0.0,15,23070,买盘
1271,13:15:42,15.34,-0.04,41,62894,卖盘
1272,13:16:00,15.34,0.0,10,15340,买盘
1273,13:16:06,15.34,0.0,19,29139,买盘
1274,13:16:19,15.33,-0.01,1,1533,卖盘
1275,13:16:24,15.33,0.0,2,3066,卖盘
1276,13:16:30,15.34,0.01,8,12272,买盘
1277,13:16:36,15.34,0.0,1,1534,买盘
1278,13:16:45,15.34,0.0,47,72098,买盘
1279,13:16:48,15.34,0.0,5,7670,卖盘
1280,13:17:34,15.35,0.01,7,10745,卖盘
1281,13:17:40,15.38,0.03,9,13842,买盘
1282,13:17:51,15.35,-0.03,2,3070,卖盘
1283,13:18:19,15.36,0.01,2,3072,买盘
1284,13:18:31,15.37,0.01,15,23055,买盘
1285,13:18:52,15.38,0.01,4,6152,买盘
1286,13:19:12,15.38,0.0,2,3076,买盘
1287,13:19:34,15.38,0.0,53,81514,买盘
1288,13:19:37,15.38,0.0,10,15380,买盘
1289,13:19:40,15.38,0.0,10,15380,卖盘
1290,13:19:51,15.38,0.0,2,3076,卖盘
1291,13:19:55,15.38,0.0,5,7690,卖盘
1292,13:19:58,15.39,0.01,3,4615,买盘
1293,13:20:04,15.38,-0.01,18,27684,卖盘
1294,13:20:13,15.37,-0.01,85,130645,卖盘
1295,13:20:22,15.36,-0.01,12,18432,卖盘
1296,13:20:43,15.36,0.0,4,6144,买盘
1297,13:20:52,15.35,-0.01,3,4605,卖盘
1298,13:21:25,15.35,0.0,7,10739,买盘
1299,13:21:28,15.35,0.0,1,1535,卖盘
1300,13:21:42,15.35,0.0,10,15350,买盘
1301,13:21:49,15.35,0.0,9,13815,买盘
1302,13:21:58,15.34,-0.01,27,41418,卖盘
1303,13:22:16,15.34,0.0,2,3068,卖盘
1304,13:22:19,15.34,0.0,13,19942,卖盘
1305,13:22:36,15.34,0.0,37,56758,卖盘
1306,13:22:52,15.34,0.0,13,19942,买盘
1307,13:22:57,15.33,-0.01,30,45990,卖盘
1308,13:23:00,15.33,0.0,24,36792,卖盘
1309,13:23:13,15.32,-0.01,3,4596,卖盘
1310,13:23:15,15.32,0.0,9,13788,卖盘
1311,13:23:19,15.32,0.0,155,237460,卖盘
1312,13:23:28,15.32,0.0,10,15320,买盘
1313,13:23:31,15.3,-0.02,4,6120,卖盘
1314,13:23:36,15.28,-0.02,61,93315,卖盘
1315,13:23:49,15.29,0.01,6,9174,买盘
1316,13:23:52,15.29,0.0,1,1529,卖盘
1317,13:24:18,15.29,0.0,1,1529,卖盘
1318,13:24:24,15.28,-0.01,3,4584,卖盘
1319,13:24:36,15.28,0.0,13,19864,卖盘
1320,13:24:39,15.28,0.0,3,4584,卖盘
1321,13:24:48,15.29,0.01,2,3058,买盘
1322,13:25:12,15.3,0.01,5,7650,买盘
1323,13:25:30,15.29,-0.01,2,3058,卖盘
1324,13:25:36,15.3,0.01,12,18360,买盘
1325,13:25:57,15.3,0.0,6,9180,卖盘
1326,13:26:12,15.3,0.0,3,4590,卖盘
1327,13:26:21,15.3,0.0,16,24480,卖盘
1328,13:26:27,15.31,0.01,1,1531,卖盘
1329,13:26:31,15.31,0.0,1,1531,卖盘
1330,13:26:36,15.31,0.0,2,3062,卖盘
1331,13:26:54,15.32,0.01,1,1532,买盘
1332,13:27:12,15.32,0.0,2,3064,买盘
1333,13:27:21,15.31,-0.01,5,7655,卖盘
1334,13:27:24,15.31,0.0,6,9186,卖盘
1335,13:27:27,15.29,-0.02,2,3058,卖盘
1336,13:27:39,15.32,0.03,10,15313,买盘
1337,13:27:57,15.31,-0.01,2,3062,卖盘
1338,13:28:48,15.29,-0.02,36,55049,卖盘
1339,13:29:21,15.29,0.0,2,3058,卖盘
1340,13:30:01,15.29,0.0,44,67281,卖盘
1341,13:30:04,15.29,0.0,12,18348,买盘
1342,13:30:06,15.29,0.0,1,1529,买盘
1343,13:30:10,15.29,0.0,4,6116,买盘
1344,13:30:25,15.29,0.0,10,15290,买盘
1345,13:30:34,15.29,0.0,3,4587,买盘
1346,13:30:36,15.29,0.0,19,29051,买盘
1347,13:30:40,15.28,-0.01,4,6112,卖盘
1348,13:30:51,15.28,0.0,4,6113,卖盘
1349,13:30:54,15.28,0.0,7,10696,卖盘
1350,13:30:57,15.28,0.0,22,33616,卖盘
1351,13:31:07,15.25,-0.03,30,45762,卖盘
1352,13:31:09,15.28,0.03,3,4584,买盘
1353,13:31:21,15.25,-0.03,12,18300,卖盘
1354,13:31:34,15.25,0.0,4,6097,买盘
1355,13:31:37,15.24,-0.01,3,4572,卖盘
1356,13:31:45,15.24,0.0,2,3048,卖盘
1357,13:31:52,15.25,0.01,2,3050,卖盘
1358,13:32:01,15.26,0.01,10,15260,买盘
1359,13:32:07,15.26,0.0,56,85429,买盘
1360,13:32:16,15.25,-0.01,12,18300,卖盘
1361,13:32:19,15.27,0.02,4,6108,买盘
1362,13:32:33,15.25,-0.02,59,89975,卖盘
1363,13:32:36,15.25,0.0,6,9150,卖盘
1364,13:32:48,15.27,0.02,8,12216,卖盘
1365,13:32:55,15.25,-0.02,35,53375,卖盘
1366,13:33:06,15.26,0.01,10,15260,买盘
1367,13:33:10,15.26,0.0,8,12208,卖盘
1368,13:33:16,15.26,0.0,2,3052,买盘
1369,13:33:19,15.26,0.0,2,3052,买盘
1370,13:33:21,15.25,-0.01,76,115907,卖盘
1371,13:33:30,15.24,-0.01,2,3048,卖盘
1372,13:33:33,15.25,0.01,10,15250,买盘
1373,13:33:36,15.24,-0.01,18,27432,卖盘
1374,13:33:39,15.24,0.0,2,3048,卖盘
1375,13:33:48,15.24,0.0,10,15240,卖盘
1376,13:33:57,15.25,0.01,6,9150,买盘
1377,13:34:00,15.24,-0.01,6,9144,卖盘
1378,13:34:18,15.24,0.0,1,1524,卖盘
1379,13:34:21,15.24,0.0,1,1524,卖盘
1380,13:34:27,15.24,0.0,57,86868,卖盘
1381,13:34:39,15.24,0.0,22,33548,卖盘
1382,13:34:49,15.25,0.01,23,35075,买盘
1383,13:34:55,15.25,0.0,3,4575,卖盘
1384,13:35:04,15.26,0.01,10,15260,买盘
1385,13:35:06,15.26,0.0,13,19838,买盘
1386,13:35:22,15.25,-0.01,25,38130,卖盘
1387,13:35:31,15.28,0.03,5,7637,买盘
1388,13:35:34,15.26,-0.02,10,15264,卖盘
1389,13:35:40,15.25,-0.01,38,57950,卖盘
1390,13:35:42,15.25,0.0,16,24400,买盘
1391,13:35:45,15.25,0.0,6,9150,买盘
1392,13:35:49,15.25,0.0,64,97600,买盘
1393,13:35:58,15.26,0.01,4,6104,买盘
1394,13:36:01,15.26,0.0,2,3052,卖盘
1395,13:36:10,15.26,0.0,4,6104,卖盘
1396,13:36:13,15.28,0.02,2,3056,买盘
1397,13:36:24,15.28,0.0,1,1528,卖盘
1398,13:36:31,15.29,0.01,5,7645,买盘
1399,13:36:34,15.32,0.03,7,10715,买盘
1400,13:36:40,15.28,-0.04,3,4586,卖盘
1401,13:36:51,15.3,0.02,8,12240,买盘
1402,13:37:04,15.29,-0.01,18,27522,卖盘
1403,13:37:07,15.29,0.0,5,7645,买盘
1404,13:37:13,15.3,0.01,68,104022,买盘
1405,13:37:25,15.31,0.01,2,3062,买盘
1406,13:37:27,15.31,0.0,5,7655,买盘
1407,13:37:36,15.3,-0.01,43,65795,卖盘
1408,13:37:43,15.28,-0.02,5,7640,卖盘
1409,13:38:00,15.28,0.0,21,32088,卖盘
1410,13:38:15,15.26,-0.02,2,3052,卖盘
1411,13:38:21,15.26,0.0,17,25942,卖盘
1412,13:38:28,15.26,0.0,1,1526,买盘
1413,13:38:31,15.25,-0.01,11,16775,卖盘
1414,13:38:40,15.25,0.0,18,27450,卖盘
1415,13:38:43,15.25,0.0,2,3050,卖盘
1416,13:38:46,15.25,0.0,2,3050,买盘
1417,13:38:48,15.25,0.0,5,7625,买盘
1418,13:38:55,15.24,-0.01,51,77724,卖盘
1419,13:39:07,15.25,0.01,5,7625,买盘
1420,13:39:10,15.25,0.0,6,9150,买盘
1421,13:39:13,15.25,0.0,20,30500,买盘
1422,13:39:15,15.24,-0.01,4,6096,卖盘
1423,13:39:18,15.25,0.01,9,13725,买盘
1424,13:39:22,15.25,0.0,29,44225,买盘
1425,13:39:30,15.26,0.01,11,16786,买盘
1426,13:39:34,15.26,0.0,51,77819,买盘
1427,13:39:36,15.26,0.0,8,12208,卖盘
1428,13:39:40,15.26,0.0,24,36624,买盘
1429,13:40:22,15.26,0.0,4,6104,卖盘
1430,13:40:36,15.26,0.0,5,7633,卖盘
1431,13:40:43,15.26,0.0,2,3052,卖盘
1432,13:40:51,15.26,0.0,11,16794,卖盘
1433,13:41:06,15.26,0.0,12,18312,卖盘
1434,13:41:09,15.26,0.0,1,1526,卖盘
1435,13:41:27,15.28,0.02,11,16808,买盘
1436,13:41:31,15.28,0.0,15,22920,买盘
1437,13:41:39,15.26,-0.02,3,4578,卖盘
1438,13:41:52,15.27,0.01,9,13743,买盘
1439,13:41:54,15.27,0.0,12,18324,卖盘
1440,13:42:07,15.27,0.0,41,62607,卖盘
1441,13:42:12,15.28,0.01,15,22907,买盘
1442,13:42:15,15.27,-0.01,10,15270,卖盘
1443,13:42:21,15.27,0.0,2,3054,卖盘
1444,13:42:25,15.27,0.0,20,30553,卖盘
1445,13:42:36,15.28,0.01,9,13751,买盘
1446,13:42:39,15.28,0.0,5,7640,卖盘
1447,13:42:57,15.29,0.01,7,10703,买盘
1448,13:43:07,15.29,0.0,1,1529,卖盘
1449,13:43:16,15.3,0.01,63,96347,买盘
1450,13:43:18,15.26,-0.04,80,122109,卖盘
1451,13:43:28,15.26,0.0,16,24416,买盘
1452,13:43:30,15.26,0.0,39,59514,买盘
1453,13:43:34,15.25,-0.01,5,7625,卖盘
1454,13:43:42,15.26,0.01,15,22890,买盘
1455,13:43:55,15.25,-0.01,36,54931,卖盘
1456,13:44:01,15.29,0.04,5,7645,买盘
1457,13:44:09,15.25,-0.04,5,7627,卖盘
1458,13:44:33,15.29,0.04,2,3058,买盘
1459,13:44:58,15.27,-0.02,2,3054,卖盘
1460,13:45:04,15.28,0.01,4,6112,买盘
1461,13:45:12,15.28,0.0,1,1528,买盘
1462,13:45:15,15.27,-0.01,5,7635,卖盘
1463,13:45:21,15.28,0.01,6,9168,买盘
1464,13:45:27,15.28,0.0,1,1528,买盘
1465,13:45:36,15.28,0.0,8,12224,卖盘
1466,13:45:42,15.28,0.0,28,42784,卖盘
1467,13:45:51,15.27,-0.01,18,27486,卖盘
1468,13:45:58,15.27,0.0,33,50391,卖盘
1469,13:46:04,15.26,-0.01,2,3052,卖盘
1470,13:46:07,15.26,0.0,51,77826,卖盘
1471,13:46:18,15.26,0.0,9,13734,卖盘
1472,13:46:27,15.26,0.0,10,15260,卖盘
1473,13:46:42,15.26,0.0,1,1526,卖盘
1474,13:46:45,15.26,0.0,13,19838,卖盘
1475,13:46:55,15.26,0.0,2,3052,卖盘
1476,13:46:58,15.26,0.0,1,1526,买盘
1477,13:47:06,15.26,0.0,2,3052,卖盘
1478,13:47:12,15.26,0.0,16,24416,卖盘
1479,13:47:24,15.26,0.0,1,1526,卖盘
1480,13:47:33,15.26,0.0,13,19829,买盘
1481,13:47:45,15.27,0.01,2,3054,买盘
1482,13:47:51,15.27,0.0,10,15270,买盘
1483,13:47:57,15.26,-0.01,4,6104,卖盘
1484,13:48:01,15.26,0.0,2,3052,卖盘
1485,13:48:12,15.26,0.0,32,48832,卖盘
1486,13:48:15,15.27,0.01,46,70232,买盘
1487,13:48:18,15.25,-0.02,100,152513,卖盘
1488,13:48:39,15.26,0.01,16,24416,卖盘
1489,13:48:46,15.26,0.0,10,15260,买盘
1490,13:49:04,15.26,0.0,3,4578,卖盘
1491,13:49:09,15.26,0.0,5,7630,买盘
1492,13:49:25,15.25,-0.01,118,179952,卖盘
1493,13:49:28,15.25,0.0,10,15250,买盘
1494,13:49:34,15.24,-0.01,3,4572,卖盘
1495,13:49:36,15.24,0.0,50,76200,卖盘
1496,13:49:43,15.24,0.0,5,7620,卖盘
1497,13:49:46,15.24,0.0,6,9144,卖盘
1498,13:49:51,15.24,0.0,35,53340,卖盘
1499,13:49:54,15.24,0.0,1,1524,卖盘
1500,13:50:00,15.24,0.0,11,16764,卖盘
1501,13:50:04,15.24,0.0,4,6096,买盘
1502,13:50:25,15.24,0.0,1,1524,买盘
1503,13:50:33,15.24,0.0,4,6096,卖盘
1504,13:51:04,15.23,-0.01,8,12184,卖盘
1505,13:51:10,15.24,0.01,15,22860,买盘
1506,13:51:15,15.24,0.0,32,48768,卖盘
1507,13:51:21,15.24,0.0,18,27432,卖盘
1508,13:51:36,15.23,-0.01,121,184283,卖盘
1509,13:51:45,15.22,-0.01,206,313718,卖盘
1510,13:52:00,15.22,0.0,23,35006,卖盘
1511,13:52:10,15.23,0.01,2,3046,卖盘
1512,13:52:13,15.23,0.0,8,12184,卖盘
1513,13:52:21,15.23,0.0,9,13707,买盘
1514,13:52:27,15.22,-0.01,2,3044,卖盘
1515,13:52:30,15.23,0.01,1,1523,买盘
1516,13:52:36,15.22,-0.01,25,38050,卖盘
1517,13:52:39,15.22,0.0,24,36528,卖盘
1518,13:52:48,15.23,0.01,84,127872,买盘
1519,13:52:54,15.22,-0.01,46,70012,卖盘
1520,13:52:57,15.23,0.01,12,18276,买盘
1521,13:53:15,15.23,0.0,13,19799,卖盘
1522,13:53:27,15.23,0.0,3,4569,卖盘
1523,13:53:33,15.22,-0.01,38,57847,卖盘
1524,13:53:54,15.22,0.0,2,3044,卖盘
1525,13:53:57,15.23,0.01,8,12180,买盘
1526,13:54:00,15.23,0.0,12,18276,买盘
1527,13:54:04,15.23,0.0,4,6089,买盘
1528,13:54:06,15.23,0.0,3,4567,买盘
1529,13:54:10,15.23,0.0,14,21322,买盘
1530,13:54:19,15.24,0.01,12,18288,买盘
1531,13:54:24,15.24,0.0,3,4572,买盘
1532,13:54:27,15.23,-0.01,38,57881,卖盘
1533,13:54:33,15.23,0.0,9,13707,买盘
1534,13:54:40,15.23,0.0,11,16753,卖盘
1535,13:54:42,15.23,0.0,15,22845,买盘
1536,13:54:45,15.22,-0.01,148,225256,卖盘
1537,13:55:00,15.22,0.0,4,6088,买盘
1538,13:55:09,15.21,-0.01,1,1521,卖盘
1539,13:55:12,15.21,0.0,100,152100,卖盘
1540,13:55:18,15.21,0.0,2,3042,卖盘
1541,13:55:21,15.21,0.0,21,31941,卖盘
1542,13:55:33,15.21,0.0,6,9126,买盘
1543,13:55:37,15.21,0.0,50,76050,买盘
1544,13:55:39,15.2,-0.01,10,15208,卖盘
1545,13:55:42,15.2,0.0,2,3040,卖盘
1546,13:55:51,15.21,0.01,1,1521,买盘
1547,13:55:54,15.2,-0.01,6,9120,卖盘
1548,13:55:57,15.2,0.0,100,152000,卖盘
1549,13:56:01,15.2,0.0,11,16720,卖盘
1550,13:56:04,15.21,0.01,10,15210,买盘
1551,13:56:10,15.21,0.0,5,7603,买盘
1552,13:56:18,15.21,0.0,5,7605,买盘
1553,13:56:21,15.21,0.0,3,4563,买盘
1554,13:56:28,15.21,0.0,31,47151,买盘
1555,13:56:31,15.2,-0.01,60,91205,卖盘
1556,13:56:52,15.21,0.01,1,1521,卖盘
1557,13:56:54,15.22,0.01,2,3044,买盘
1558,13:57:00,15.21,-0.01,11,16731,卖盘
1559,13:57:04,15.21,0.0,53,80613,卖盘
1560,13:57:09,15.21,0.0,1,1521,买盘
1561,13:57:12,15.21,0.0,26,39546,买盘
1562,13:57:15,15.2,-0.01,58,88160,卖盘
1563,13:57:33,15.2,0.0,50,76000,卖盘
1564,13:57:40,15.2,0.0,8,12160,卖盘
1565,13:57:45,15.2,0.0,14,21280,卖盘
1566,13:57:48,15.2,0.0,2,3040,卖盘
1567,13:57:52,15.2,0.0,42,63840,卖盘
1568,13:57:58,15.2,0.0,53,80560,卖盘
1569,13:58:01,15.2,0.0,2,3040,买盘
1570,13:58:12,15.19,-0.01,10,15190,卖盘
1571,13:58:24,15.19,0.0,3,4557,卖盘
1572,13:58:28,15.2,0.01,7,10640,买盘
1573,13:58:34,15.19,-0.01,1,1519,卖盘
1574,13:58:46,15.19,0.0,11,16710,卖盘
1575,13:58:52,15.19,0.0,28,42544,卖盘
1576,13:58:54,15.19,0.0,3,4557,买盘
1577,13:58:58,15.19,0.0,7,10633,买盘
1578,13:59:06,15.18,-0.01,22,33415,卖盘
1579,13:59:15,15.19,0.01,3,4557,卖盘
1580,13:59:18,15.19,0.0,22,33418,卖盘
1581,13:59:22,15.19,0.0,10,15190,卖盘
1582,13:59:25,15.18,-0.01,11,16708,卖盘
1583,13:59:28,15.19,0.01,47,71393,买盘
1584,13:59:33,15.19,0.0,1,1519,卖盘
1585,13:59:39,15.2,0.01,67,101840,买盘
1586,13:59:49,15.2,0.0,2,3040,卖盘
1587,13:59:51,15.22,0.02,1,1522,买盘
1588,13:59:54,15.2,-0.02,7,10646,卖盘
1589,14:00:10,15.2,0.0,35,53200,卖盘
1590,14:00:15,15.21,0.01,2,3042,卖盘
1591,14:00:21,15.21,0.0,3,4565,卖盘
1592,14:00:42,15.23,0.02,1,1523,买盘
1593,14:00:48,15.23,0.0,2,3046,买盘
1594,14:00:51,15.23,0.0,3,4569,买盘
1595,14:00:57,15.23,0.0,11,16753,买盘
1596,14:01:10,15.23,0.0,7,10661,买盘
1597,14:01:21,15.22,-0.01,6,9132,卖盘
1598,14:01:27,15.22,0.0,12,18264,卖盘
1599,14:01:30,15.23,0.01,6,9138,买盘
1600,14:01:36,15.23,0.0,7,10661,买盘
1601,14:01:39,15.23,0.0,143,217647,买盘
1602,14:02:12,15.25,0.02,10,15250,买盘
1603,14:02:21,15.25,0.0,10,15250,买盘
1604,14:02:36,15.25,0.0,15,22875,买盘
1605,14:02:48,15.25,0.0,20,30500,买盘
1606,14:02:51,15.25,0.0,8,12200,买盘
1607,14:03:10,15.25,0.0,2,3050,卖盘
1608,14:03:30,15.25,0.0,10,15251,卖盘
1609,14:03:51,15.25,0.0,2,3050,卖盘
1610,14:03:57,15.26,0.01,1,1526,卖盘
1611,14:04:04,15.26,0.0,2,3052,卖盘
1612,14:04:21,15.26,0.0,3,4578,卖盘
1613,14:04:39,15.25,-0.01,3,4575,卖盘
1614,14:04:48,15.25,0.0,5,7625,卖盘
1615,14:04:54,15.25,0.0,6,9150,卖盘
1616,14:05:04,15.24,-0.01,10,15240,卖盘
1617,14:05:06,15.24,0.0,9,13721,卖盘
1618,14:05:09,15.24,0.0,1,1524,卖盘
1619,14:05:12,15.23,-0.01,15,22845,卖盘
1620,14:05:28,15.23,0.0,1,1523,卖盘
1621,14:05:36,15.22,-0.01,12,18264,卖盘
1622,14:05:42,15.22,0.0,2,3044,卖盘
1623,14:05:52,15.21,-0.01,19,28903,卖盘
1624,14:05:54,15.2,-0.01,158,240198,卖盘
1625,14:06:04,15.19,-0.01,2,3038,卖盘
1626,14:06:18,15.19,0.0,3,4557,卖盘
1627,14:06:22,15.19,0.0,64,97216,卖盘
1628,14:06:34,15.19,0.0,1,1519,卖盘
1629,14:06:39,15.18,-0.01,50,75939,卖盘
1630,14:06:43,15.2,0.02,2,3040,买盘
1631,14:06:46,15.18,-0.02,2,3036,卖盘
1632,14:06:49,15.2,0.02,1,1520,买盘
1633,14:06:52,15.18,-0.02,24,36434,卖盘
1634,14:06:58,15.18,0.0,20,30360,卖盘
1635,14:07:01,15.19,0.01,25,37975,卖盘
1636,14:07:04,15.19,0.0,8,12156,卖盘
1637,14:07:10,15.18,-0.01,60,91121,卖盘
1638,14:07:13,15.19,0.01,26,39486,买盘
1639,14:07:22,15.19,0.0,13,19747,买盘
1640,14:07:25,15.18,-0.01,2,3037,卖盘
1641,14:07:28,15.19,0.01,26,39494,买盘
1642,14:07:37,15.18,-0.01,30,45546,卖盘
1643,14:07:39,15.18,0.0,6,9108,卖盘
1644,14:07:43,15.18,0.0,1,1518,卖盘
1645,14:07:45,15.18,0.0,15,22770,卖盘
1646,14:07:49,15.19,0.01,26,39473,买盘
1647,14:07:55,15.18,-0.01,12,18216,卖盘
1648,14:07:58,15.18,0.0,10,15180,卖盘
1649,14:08:01,15.19,0.01,5,7595,买盘
1650,14:08:06,15.19,0.0,51,77469,买盘
1651,14:08:19,15.19,0.0,6,9114,买盘
1652,14:08:22,15.19,0.0,11,16709,买盘
1653,14:08:31,15.19,0.0,17,25823,卖盘
1654,14:08:34,15.2,0.01,4,6078,买盘
1655,14:08:37,15.19,-0.01,30,45580,卖盘
1656,14:08:39,15.19,0.0,1,1519,卖盘
1657,14:08:43,15.19,0.0,1,1519,卖盘
1658,14:08:46,15.2,0.01,14,21280,买盘
1659,14:08:49,15.18,-0.02,100,151895,卖盘
1660,14:08:55,15.2,0.02,1,1520,买盘
1661,14:08:58,15.2,0.0,24,36480,买盘
1662,14:09:01,15.18,-0.02,14,21262,卖盘
1663,14:09:04,15.2,0.02,22,33440,买盘
1664,14:09:09,15.2,0.0,2,3040,买盘
1665,14:09:12,15.18,-0.02,14,21252,卖盘
1666,14:09:16,15.2,0.02,26,39510,买盘
1667,14:09:19,15.2,0.0,10,15200,买盘
1668,14:09:22,15.19,-0.01,2,3038,卖盘
1669,14:09:25,15.2,0.01,2,3040,买盘
1670,14:09:28,15.2,0.0,17,25840,买盘
1671,14:09:30,15.2,0.0,14,21280,买盘
1672,14:09:36,15.2,0.0,2,3040,卖盘
1673,14:09:43,15.23,0.03,1,1523,买盘
1674,14:09:49,15.23,0.0,7,10661,卖盘
1675,14:09:52,15.23,0.0,18,27414,卖盘
1676,14:09:55,15.24,0.01,43,65519,买盘
1677,14:09:58,15.25,0.01,2,3050,买盘
1678,14:10:04,15.24,-0.01,17,25908,卖盘
1679,14:10:10,15.25,0.01,8,12200,买盘
1680,14:10:16,15.24,-0.01,4,6098,卖盘
1681,14:10:19,15.24,0.0,45,68580,卖盘
1682,14:10:22,15.24,0.0,4,6096,买盘
1683,14:10:25,15.24,0.0,11,16764,买盘
1684,14:10:28,15.23,-0.01,24,36575,卖盘
1685,14:10:31,15.23,0.0,6,9138,卖盘
1686,14:10:37,15.22,-0.01,7,10654,卖盘
1687,14:10:40,15.23,0.01,3,4569,买盘
1688,14:10:43,15.22,-0.01,11,16743,卖盘
1689,14:10:49,15.22,0.0,8,12176,买盘
1690,14:10:52,15.23,0.01,30,45667,买盘
1691,14:10:58,15.23,0.0,10,15230,买盘
1692,14:11:07,15.22,-0.01,9,13698,卖盘
1693,14:11:10,15.22,0.0,10,15220,买盘
1694,14:11:18,15.22,0.0,11,16742,买盘
1695,14:11:24,15.23,0.01,4,6092,买盘
1696,14:11:27,15.24,0.01,50,76152,买盘
1697,14:11:40,15.22,-0.02,41,62402,卖盘
1698,14:11:46,15.22,0.0,4,6088,买盘
1699,14:11:57,15.21,-0.01,45,68463,卖盘
1700,14:12:00,15.22,0.01,50,76100,买盘
1701,14:12:16,15.22,0.0,2,3044,买盘
1702,14:12:34,15.22,0.0,25,38050,卖盘
1703,14:12:46,15.22,0.0,11,16754,卖盘
1704,14:12:48,15.24,0.02,3,4572,买盘
1705,14:13:00,15.24,0.0,18,27444,卖盘
1706,14:13:28,15.24,0.0,8,12192,买盘
1707,14:13:34,15.24,0.0,6,9144,卖盘
1708,14:13:37,15.24,0.0,2,3048,卖盘
1709,14:13:40,15.25,0.01,1,1525,买盘
1710,14:13:43,15.27,0.02,20,30540,买盘
1711,14:13:51,15.28,0.01,12,18336,买盘
1712,14:13:55,15.28,0.0,1,1528,卖盘
1713,14:14:03,15.29,0.01,3,4587,买盘
1714,14:14:07,15.28,-0.01,23,35157,卖盘
1715,14:14:18,15.27,-0.01,2,3054,卖盘
1716,14:14:28,15.27,0.0,13,19859,卖盘
1717,14:14:31,15.27,0.0,30,45810,卖盘
1718,14:14:34,15.27,0.0,9,13743,卖盘
1719,14:14:37,15.27,0.0,1,1527,卖盘
1720,14:14:40,15.28,0.01,4,6112,买盘
1721,14:14:43,15.27,-0.01,2,3054,卖盘
1722,14:14:49,15.27,0.0,10,15270,卖盘
1723,14:14:51,15.28,0.01,8,12224,买盘
1724,14:14:54,15.28,0.0,5,7640,买盘
1725,14:15:01,15.27,-0.01,14,21379,卖盘
1726,14:15:06,15.27,0.0,2,3054,买盘
1727,14:15:13,15.27,0.0,6,9162,买盘
1728,14:15:19,15.26,-0.01,7,10682,卖盘
1729,14:15:28,15.27,0.01,53,80857,买盘
1730,14:15:39,15.26,-0.01,2,3052,卖盘
1731,14:15:48,15.26,0.0,8,12208,卖盘
1732,14:15:55,15.25,-0.01,12,18300,卖盘
1733,14:15:57,15.26,0.01,1,1526,买盘
1734,14:16:09,15.26,0.0,13,19838,卖盘
1735,14:16:16,15.25,-0.01,20,30500,卖盘
1736,14:16:22,15.25,0.0,10,15250,卖盘
1737,14:16:25,15.25,0.0,10,15250,卖盘
1738,14:16:28,15.25,0.0,2,3050,卖盘
1739,14:16:33,15.25,0.0,16,24400,买盘
1740,14:16:36,15.25,0.0,10,15250,买盘
1741,14:16:43,15.24,-0.01,1,1524,卖盘
1742,14:16:52,15.24,0.0,4,6096,卖盘
1743,14:16:55,15.24,0.0,13,19812,卖盘
1744,14:17:01,15.25,0.01,7,10670,买盘
1745,14:17:07,15.23,-0.02,45,68578,卖盘
1746,14:17:19,15.23,0.0,18,27414,卖盘
1747,14:17:21,15.23,0.0,2,3046,买盘
1748,14:17:25,15.24,0.01,50,76181,买盘
1749,14:17:34,15.22,-0.02,23,35012,卖盘
1750,14:17:40,15.23,0.01,1,1523,卖盘
1751,14:17:45,15.23,0.0,1,1523,卖盘
1752,14:17:57,15.23,0.0,2,3046,卖盘
1753,14:18:07,15.23,0.0,11,16753,卖盘
1754,14:18:13,15.23,0.0,24,36552,卖盘
1755,14:18:18,15.23,0.0,15,22848,卖盘
1756,14:18:30,15.23,0.0,10,15230,卖盘
1757,14:18:36,15.23,0.0,29,44167,卖盘
1758,14:18:51,15.23,0.0,21,31983,卖盘
1759,14:18:55,15.23,0.0,10,15230,卖盘
1760,14:19:00,15.23,0.0,4,6092,卖盘
1761,14:19:16,15.23,0.0,5,7615,卖盘
1762,14:19:27,15.23,0.0,1,1523,卖盘
1763,14:19:31,15.23,0.0,5,7615,卖盘
1764,14:19:37,15.23,0.0,3,4569,卖盘
1765,14:19:40,15.23,0.0,8,12184,卖盘
1766,14:19:43,15.23,0.0,1,1523,卖盘
1767,14:19:54,15.24,0.01,2,3048,买盘
1768,14:19:58,15.24,0.0,26,39624,买盘
1769,14:20:10,15.24,0.0,10,15240,卖盘
1770,14:20:22,15.24,0.0,5,7620,卖盘
1771,14:20:25,15.25,0.01,6,9145,买盘
1772,14:20:34,15.25,0.0,10,15246,买盘
1773,14:20:46,15.26,0.01,17,25942,买盘
1774,14:20:49,15.27,0.01,25,38175,买盘
1775,14:21:06,15.28,0.01,4,6112,买盘
1776,14:21:10,15.27,-0.01,16,24432,卖盘
1777,14:21:16,15.27,0.0,6,9162,买盘
1778,14:21:18,15.28,0.01,12,18323,买盘
1779,14:21:31,15.27,-0.01,9,13737,买盘
1780,14:21:34,15.27,0.0,6,9162,买盘
1781,14:21:37,15.27,0.0,3,4581,买盘
1782,14:21:52,15.27,0.0,1,1527,卖盘
1783,14:22:04,15.27,0.0,12,18324,买盘
1784,14:22:07,15.27,0.0,10,15270,买盘
1785,14:22:13,15.27,0.0,2,3054,卖盘
1786,14:22:16,15.27,0.0,10,15270,卖盘
1787,14:22:21,15.27,0.0,18,27486,卖盘
1788,14:22:24,15.28,0.01,8,12223,买盘
1789,14:22:34,15.28,0.0,1,1528,买盘
1790,14:22:37,15.28,0.0,3,4584,买盘
1791,14:22:51,15.28,0.0,10,15280,卖盘
1792,14:23:01,15.29,0.01,1,1529,买盘
1793,14:23:07,15.29,0.0,2,3058,买盘
1794,14:23:19,15.29,0.0,29,44363,卖盘
1795,14:23:22,15.3,0.01,20,30600,买盘
1796,14:23:30,15.3,0.0,4,6120,买盘
1797,14:23:37,15.3,0.0,48,73440,买盘
1798,14:23:45,15.3,0.0,12,18360,买盘
1799,14:23:51,15.3,0.0,12,18360,买盘
1800,14:24:04,15.31,0.01,2,3062,买盘
1801,14:24:07,15.31,0.0,14,21434,买盘
1802,14:24:13,15.32,0.01,13,19906,买盘
1803,14:24:22,15.32,0.0,6,9192,买盘
1804,14:24:24,15.32,0.0,15,22980,买盘
1805,14:24:31,15.32,0.0,4,6128,买盘
1806,14:24:34,15.31,-0.01,2,3062,卖盘
1807,14:24:37,15.32,0.01,3,4596,买盘
1808,14:24:40,15.32,0.0,21,32167,卖盘
1809,14:24:45,15.32,0.0,9,13792,卖盘
1810,14:24:49,15.32,0.0,3,4596,买盘
1811,14:24:51,15.33,0.01,34,52115,买盘
1812,14:25:04,15.32,-0.01,1,1532,卖盘
1813,14:25:13,15.33,0.01,20,30660,买盘
1814,14:25:16,15.33,0.0,3,4599,买盘
1815,14:25:22,15.34,0.01,2,3068,买盘
1816,14:25:30,15.33,-0.01,84,128780,卖盘
1817,14:25:34,15.34,0.01,1,1534,买盘
1818,14:25:37,15.34,0.0,3,4602,买盘
1819,14:25:45,15.34,0.0,30,46018,买盘
1820,14:25:52,15.33,-0.01,1,1533,卖盘
1821,14:25:58,15.34,0.01,8,12272,买盘
1822,14:26:01,15.34,0.0,18,27612,买盘
1823,14:26:09,15.35,0.01,3,4605,买盘
1824,14:26:19,15.35,0.0,4,6140,买盘
1825,14:26:25,15.35,0.0,2,3070,买盘
1826,14:26:30,15.35,0.0,23,35305,买盘
1827,14:26:39,15.35,0.0,54,82890,买盘
1828,14:26:46,15.34,-0.01,62,95150,卖盘
1829,14:26:49,15.35,0.01,3,4605,买盘
1830,14:26:55,15.35,0.0,10,15350,买盘
1831,14:26:57,15.35,0.0,11,16885,买盘
1832,14:27:00,15.35,0.0,60,92100,卖盘
1833,14:27:04,15.36,0.01,167,256165,买盘
1834,14:27:06,15.33,-0.03,105,160965,卖盘
1835,14:27:16,15.32,-0.01,3,4596,卖盘
1836,14:27:18,15.32,0.0,13,19916,卖盘
1837,14:27:21,15.3,-0.02,53,81103,卖盘
1838,14:27:28,15.3,0.0,40,61200,买盘
1839,14:27:34,15.3,0.0,5,7650,买盘
1840,14:27:43,15.3,0.0,9,13770,买盘
1841,14:28:01,15.31,0.01,1,1531,买盘
1842,14:28:07,15.31,0.0,2,3062,买盘
1843,14:28:10,15.3,-0.01,21,32130,卖盘
1844,14:28:16,15.3,0.0,11,16830,买盘
1845,14:28:27,15.29,-0.01,2,3058,卖盘
1846,14:28:37,15.29,0.0,3,4587,卖盘
1847,14:28:40,15.3,0.01,45,68850,买盘
1848,14:28:55,15.3,0.0,15,22950,卖盘
1849,14:28:58,15.3,0.0,28,42840,卖盘
1850,14:29:01,15.3,0.0,26,39780,卖盘
1851,14:29:09,15.31,0.01,1,1531,买盘
1852,14:29:16,15.31,0.0,13,19901,买盘
1853,14:29:22,15.32,0.01,4,6128,中性盘
1854,14:29:24,15.33,0.01,1,1533,买盘
1855,14:29:31,15.31,-0.02,1,1531,卖盘
1856,14:29:34,15.33,0.02,3,4598,买盘
1857,14:29:58,15.3,-0.03,75,114770,卖盘
1858,14:30:03,15.29,-0.01,11,16819,卖盘
1859,14:30:13,15.28,-0.01,60,91680,卖盘
1860,14:30:22,15.27,-0.01,10,15270,卖盘
1861,14:30:36,15.27,0.0,5,7635,卖盘
1862,14:30:43,15.27,0.0,16,24438,卖盘
1863,14:30:49,15.26,-0.01,1,1526,卖盘
1864,14:30:52,15.26,0.0,98,149548,卖盘
1865,14:31:06,15.25,-0.01,15,22879,卖盘
1866,14:31:13,15.25,0.0,33,50326,卖盘
1867,14:31:19,15.25,0.0,1,1525,买盘
1868,14:31:25,15.24,-0.01,3,4572,卖盘
1869,14:31:30,15.24,0.0,4,6096,卖盘
1870,14:31:39,15.25,0.01,28,42700,买盘
1871,14:31:42,15.25,0.0,9,13725,买盘
1872,14:31:52,15.26,0.01,10,15260,买盘
1873,14:31:55,15.25,-0.01,3,4575,卖盘
1874,14:32:01,15.26,0.01,6,9156,买盘
1875,14:32:10,15.26,0.0,3,4577,买盘
1876,14:32:13,15.25,-0.01,50,76255,卖盘
1877,14:32:25,15.26,0.01,1,1526,卖盘
1878,14:32:36,15.26,0.0,5,7630,卖盘
1879,14:32:46,15.25,-0.01,37,56435,卖盘
1880,14:32:52,15.25,0.0,5,7625,买盘
1881,14:32:54,15.25,0.0,5,7625,买盘
1882,14:32:58,15.24,-0.01,27,41148,卖盘
1883,14:33:00,15.25,0.01,1,1525,买盘
1884,14:33:04,15.24,-0.01,2,3048,卖盘
1885,14:33:10,15.25,0.01,3,4574,买盘
1886,14:33:16,15.23,-0.02,30,45690,卖盘
1887,14:33:27,15.22,-0.01,75,114156,卖盘
1888,14:33:46,15.23,0.01,40,60920,卖盘
1889,14:33:49,15.22,-0.01,8,12176,卖盘
1890,14:33:52,15.2,-0.02,195,296453,卖盘
1891,14:33:57,15.22,0.02,2,3044,卖盘
1892,14:34:13,15.22,0.0,6,9133,卖盘
1893,14:34:16,15.23,0.01,2,3046,买盘
1894,14:34:19,15.22,-0.01,2,3044,卖盘
1895,14:34:22,15.22,0.0,3,4566,卖盘
1896,14:34:24,15.23,0.01,69,105087,买盘
1897,14:34:28,15.22,-0.01,25,38072,卖盘
1898,14:34:31,15.22,0.0,2,3044,卖盘
1899,14:34:34,15.22,0.0,4,6088,卖盘
1900,14:34:40,15.22,0.0,10,15220,卖盘
1901,14:34:43,15.23,0.01,5,7615,买盘
1902,14:34:46,15.22,-0.01,15,22830,卖盘
1903,14:34:49,15.22,0.0,23,35006,卖盘
1904,14:34:52,15.22,0.0,1,1522,买盘
1905,14:34:58,15.22,0.0,25,38027,买盘
1906,14:35:00,15.22,0.0,3,4566,买盘
1907,14:35:04,15.21,-0.01,32,48672,卖盘
1908,14:35:06,15.22,0.01,3,4566,买盘
1909,14:35:10,15.22,0.0,21,31962,卖盘
1910,14:35:13,15.22,0.0,4,6088,买盘
1911,14:35:16,15.22,0.0,77,117194,买盘
1912,14:35:21,15.23,0.01,1,1523,买盘
1913,14:35:31,15.23,0.0,16,24368,买盘
1914,14:35:34,15.23,0.0,36,54828,买盘
1915,14:35:52,15.24,0.01,1,1524,买盘
1916,14:35:55,15.24,0.0,2,3048,买盘
1917,14:35:58,15.24,0.0,4,6096,买盘
1918,14:36:01,15.24,0.0,1,1524,买盘
1919,14:36:04,15.24,0.0,1,1524,买盘
1920,14:36:12,15.25,0.01,11,16775,买盘
1921,14:36:31,15.27,0.02,7,10689,买盘
1922,14:36:37,15.28,0.01,2,3056,买盘
1923,14:36:43,15.28,0.0,5,7640,买盘
1924,14:36:48,15.27,-0.01,2,3055,卖盘
1925,14:37:04,15.29,0.02,15,22935,买盘
1926,14:37:06,15.29,0.0,4,6116,买盘
1927,14:37:10,15.29,0.0,18,27522,买盘
1928,14:37:22,15.29,0.0,17,25993,卖盘
1929,14:37:25,15.29,0.0,11,16819,买盘
1930,14:37:33,15.29,0.0,66,100914,卖盘
1931,14:37:37,15.3,0.01,2,3060,买盘
1932,14:37:39,15.29,-0.01,3,4587,卖盘
1933,14:37:49,15.29,0.0,10,15290,买盘
1934,14:37:52,15.29,0.0,5,7645,买盘
1935,14:37:55,15.28,-0.01,39,59592,卖盘
1936,14:38:10,15.28,0.0,14,21392,卖盘
1937,14:38:12,15.28,0.0,7,10696,买盘
1938,14:38:16,15.25,-0.03,65,99183,卖盘
1939,14:38:25,15.24,-0.01,9,13716,卖盘
1940,14:38:28,15.24,0.0,10,15240,卖盘
1941,14:38:31,15.24,0.0,3,4572,卖盘
1942,14:38:37,15.24,0.0,48,73152,卖盘
1943,14:38:40,15.25,0.01,35,53375,买盘
1944,14:38:55,15.25,0.0,3,4575,卖盘
1945,14:39:09,15.26,0.01,20,30520,卖盘
1946,14:39:19,15.25,-0.01,2,3050,卖盘
1947,14:39:22,15.25,0.0,4,6100,卖盘
1948,14:39:28,15.25,0.0,30,45750,卖盘
1949,14:39:30,15.24,-0.01,23,35073,卖盘
1950,14:39:34,15.25,0.01,24,36600,买盘
1951,14:39:39,15.25,0.0,2,3050,卖盘
1952,14:39:42,15.25,0.0,20,30500,卖盘
1953,14:39:46,15.26,0.01,5,7630,买盘
1954,14:40:00,15.26,0.0,5,7630,卖盘
1955,14:40:07,15.26,0.0,6,9156,卖盘
1956,14:40:16,15.26,0.0,50,76300,卖盘
1957,14:40:28,15.25,-0.01,1,1525,卖盘
1958,14:40:31,15.25,0.0,1,1525,卖盘
1959,14:40:36,15.25,0.0,94,143350,卖盘
1960,14:40:48,15.25,0.0,33,50325,买盘
1961,14:40:51,15.25,0.0,1,1525,买盘
1962,14:40:55,15.23,-0.02,60,91411,卖盘
1963,14:41:07,15.24,0.01,22,33528,买盘
1964,14:41:10,15.24,0.0,24,36576,卖盘
1965,14:41:12,15.24,0.0,4,6096,卖盘
1966,14:41:15,15.24,0.0,3,4572,买盘
1967,14:41:21,15.23,-0.01,9,13712,卖盘
1968,14:41:25,15.24,0.01,5,7620,买盘
1969,14:41:37,15.25,0.01,15,22875,买盘
1970,14:41:39,15.24,-0.01,2,3049,卖盘
1971,14:41:42,15.24,0.0,1,1524,卖盘
1972,14:41:48,15.25,0.01,4,6100,买盘
1973,14:41:52,15.25,0.0,17,25925,买盘
1974,14:41:55,15.25,0.0,7,10675,买盘
1975,14:42:06,15.27,0.02,13,19851,买盘
1976,14:42:22,15.28,0.01,35,53467,买盘
1977,14:42:25,15.28,0.0,28,42784,卖盘
1978,14:42:31,15.28,0.0,6,9168,卖盘
1979,14:42:34,15.29,0.01,3,4586,买盘
1980,14:42:37,15.29,0.0,2,3058,买盘
1981,14:42:39,15.28,-0.01,52,79456,卖盘
1982,14:42:42,15.28,0.0,20,30560,买盘
1983,14:42:49,15.29,0.01,48,73362,买盘
1984,14:42:52,15.29,0.0,3,4587,卖盘
1985,14:42:55,15.29,0.0,5,7645,卖盘
1986,14:43:01,15.3,0.01,18,27540,买盘
1987,14:43:04,15.3,0.0,32,48960,卖盘
1988,14:43:12,15.3,0.0,1,1530,买盘
1989,14:43:18,15.3,0.0,16,24493,卖盘
1990,14:43:22,15.3,0.0,29,44370,卖盘
1991,14:43:25,15.32,0.02,5,7659,买盘
1992,14:43:31,15.32,0.0,7,10714,买盘
1993,14:43:37,15.3,-0.02,20,30600,卖盘
1994,14:43:40,15.29,-0.01,3,4587,卖盘
1995,14:43:46,15.28,-0.01,2,3056,卖盘
1996,14:43:49,15.27,-0.01,1,1527,卖盘
1997,14:43:57,15.27,0.0,10,15270,卖盘
1998,14:44:01,15.28,0.01,58,88606,买盘
1999,14:44:04,15.28,0.0,4,6112,买盘
2000,14:44:10,15.25,-0.03,7,10681,卖盘
2001,14:44:22,15.25,0.0,28,42700,卖盘
2002,14:44:25,15.25,0.0,6,9150,卖盘
2003,14:44:31,15.26,0.01,20,30520,卖盘
2004,14:44:34,15.27,0.01,10,15270,买盘
2005,14:44:37,15.26,-0.01,22,33572,卖盘
2006,14:44:43,15.22,-0.04,259,394636,卖盘
2007,14:44:52,15.24,0.02,50,76200,卖盘
2008,14:44:55,15.22,-0.02,2,3044,卖盘
2009,14:45:01,15.22,0.0,2,3044,中性盘
2010,14:45:04,15.22,0.0,9,13698,卖盘
2011,14:45:07,15.21,-0.01,38,57831,卖盘
2012,14:45:10,15.23,0.02,61,92825,买盘
2013,14:45:13,15.23,0.0,1,1523,卖盘
2014,14:45:22,15.22,-0.01,3,4566,卖盘
2015,14:45:25,15.22,0.0,10,15220,买盘
2016,14:45:34,15.22,0.0,5,7610,卖盘
2017,14:45:37,15.22,0.0,125,190215,卖盘
2018,14:45:46,15.25,0.03,38,57914,买盘
2019,14:45:49,15.21,-0.04,17,25864,卖盘
2020,14:45:52,15.22,0.01,5,7610,中性盘
2021,14:46:00,15.2,-0.02,83,126284,卖盘
2022,14:46:06,15.23,0.03,5,7615,卖盘
2023,14:46:13,15.23,0.0,1,1523,卖盘
2024,14:46:16,15.23,0.0,27,41121,卖盘
2025,14:46:19,15.23,0.0,30,45690,买盘
2026,14:46:21,15.21,-0.02,2,3043,卖盘
2027,14:46:34,15.23,0.02,30,45690,买盘
2028,14:46:37,15.24,0.01,15,22860,卖盘
2029,14:46:40,15.24,0.0,9,13716,卖盘
2030,14:46:43,15.21,-0.03,21,31947,卖盘
2031,14:46:52,15.21,0.0,1,1521,卖盘
2032,14:46:55,15.21,0.0,109,165789,卖盘
2033,14:46:58,15.25,0.04,6,9135,买盘
2034,14:47:04,15.22,-0.03,11,16742,卖盘
2035,14:47:07,15.21,-0.01,1,1521,卖盘
2036,14:47:10,15.22,0.01,13,19786,买盘
2037,14:47:13,15.22,0.0,42,63884,买盘
2038,14:47:16,15.21,-0.01,4,6084,卖盘
2039,14:47:18,15.21,0.0,20,30430,卖盘
2040,14:47:21,15.22,0.01,2,3044,买盘
2041,14:47:31,15.21,-0.01,11,16731,卖盘
2042,14:47:34,15.21,0.0,73,111006,卖盘
2043,14:47:36,15.21,0.0,5,7605,买盘
2044,14:47:43,15.2,-0.01,187,284249,卖盘
2045,14:47:46,15.2,0.0,22,33440,卖盘
2046,14:47:49,15.2,0.0,17,25841,卖盘
2047,14:47:52,15.21,0.01,25,38012,买盘
2048,14:47:55,15.2,-0.01,78,118560,卖盘
2049,14:47:58,15.19,-0.01,4,6076,卖盘
2050,14:48:01,15.19,0.0,16,24304,卖盘
2051,14:48:04,15.18,-0.01,191,290013,卖盘
2052,14:48:06,15.18,0.0,3,4554,买盘
2053,14:48:10,15.2,0.02,2,3040,买盘
2054,14:48:16,15.17,-0.03,27,40987,卖盘
2055,14:48:19,15.2,0.03,1,1520,买盘
2056,14:48:22,15.19,-0.01,7,10633,卖盘
2057,14:48:31,15.18,-0.01,10,15180,卖盘
2058,14:48:43,15.19,0.01,2,3038,买盘
2059,14:48:49,15.18,-0.01,82,124493,卖盘
2060,14:48:55,15.18,0.0,14,21264,卖盘
2061,14:49:01,15.17,-0.01,58,88043,卖盘
2062,14:49:04,15.18,0.01,3,4554,中性盘
2063,14:49:07,15.18,0.0,50,75900,买盘
2064,14:49:10,15.19,0.01,22,33414,买盘
2065,14:49:12,15.18,-0.01,58,88044,卖盘
2066,14:49:15,15.17,-0.01,43,65237,卖盘
2067,14:49:19,15.18,0.01,3,4554,中性盘
2068,14:49:21,15.18,0.0,27,40986,买盘
2069,14:49:25,15.18,0.0,8,12144,买盘
2070,14:49:27,15.2,0.02,20,30384,买盘
2071,14:49:30,15.19,-0.01,26,39494,卖盘
2072,14:49:37,15.18,-0.01,159,241446,卖盘
2073,14:49:40,15.18,0.0,9,13662,买盘
2074,14:49:43,15.19,0.01,4,6076,卖盘
2075,14:49:46,15.18,-0.01,1,1518,卖盘
2076,14:49:51,15.18,0.0,117,177608,卖盘
2077,14:49:54,15.19,0.01,178,270287,买盘
2078,14:49:58,15.19,0.0,15,22785,卖盘
2079,14:50:01,15.19,0.0,17,25823,卖盘
2080,14:50:04,15.19,0.0,17,25823,卖盘
2081,14:50:07,15.19,0.0,16,24294,买盘
2082,14:50:10,15.19,0.0,6,9114,卖盘
2083,14:50:13,15.19,0.0,18,27342,卖盘
2084,14:50:16,15.19,0.0,5,7595,买盘
2085,14:50:28,15.19,0.0,44,66807,买盘
2086,14:50:34,15.19,0.0,4,6076,买盘
2087,14:50:37,15.19,0.0,7,10633,买盘
2088,14:50:40,15.18,-0.01,18,27327,卖盘
2089,14:50:43,15.19,0.01,13,19747,买盘
2090,14:50:45,15.19,0.0,12,18227,买盘
2091,14:50:52,15.18,-0.01,174,264232,卖盘
2092,14:51:01,15.19,0.01,5,7595,买盘
2093,14:51:04,15.18,-0.01,13,19735,卖盘
2094,14:51:07,15.18,0.0,2,3036,买盘
2095,14:51:10,15.18,0.0,5,7590,买盘
2096,14:51:13,15.18,0.0,14,21252,买盘
2097,14:51:15,15.18,0.0,14,21252,买盘
2098,14:51:19,15.18,0.0,16,24288,买盘
2099,14:51:22,15.17,-0.01,18,27306,卖盘
2100,14:51:25,15.19,0.02,101,153294,买盘
2101,14:51:28,15.17,-0.02,17,25789,卖盘
2102,14:51:30,15.18,0.01,16,24288,中性盘
2103,14:51:34,15.18,0.0,1,1518,买盘
2104,14:51:37,15.18,0.0,67,101675,买盘
2105,14:51:40,15.18,0.0,5,7590,中性盘
2106,14:51:42,15.18,0.0,40,60720,卖盘
2107,14:51:48,15.18,0.0,10,15180,买盘
2108,14:51:52,15.18,0.0,76,115368,买盘
2109,14:51:55,15.18,0.0,12,18216,卖盘
2110,14:51:58,15.18,0.0,10,15180,卖盘
2111,14:52:01,15.19,0.01,153,232236,买盘
2112,14:52:07,15.18,-0.01,6,9108,买盘
2113,14:52:10,15.18,0.0,3,4554,买盘
2114,14:52:13,15.18,0.0,10,15180,买盘
2115,14:52:22,15.18,0.0,8,12144,卖盘
2116,14:52:25,15.19,0.01,16,24304,买盘
2117,14:52:31,15.19,0.0,15,22785,买盘
2118,14:52:34,15.19,0.0,9,13671,卖盘
2119,14:52:37,15.2,0.01,5,7600,买盘
2120,14:52:40,15.2,0.0,23,34942,买盘
2121,14:52:43,15.2,0.0,112,170234,买盘
2122,14:52:46,15.2,0.0,1,1520,买盘
2123,14:52:49,15.19,-0.01,49,74465,卖盘
2124,14:52:52,15.19,0.0,6,9114,买盘
2125,14:52:55,15.2,0.01,5,7604,卖盘
2126,14:52:57,15.22,0.02,8,12176,买盘
2127,14:53:10,15.22,0.0,24,36528,卖盘
2128,14:53:15,15.23,0.01,5,7611,买盘
2129,14:53:19,15.22,-0.01,16,24352,买盘
2130,14:53:25,15.22,0.0,7,10654,卖盘
2131,14:53:27,15.22,0.0,3,4566,买盘
2132,14:53:34,15.22,0.0,7,10654,卖盘
2133,14:53:37,15.22,0.0,10,15220,买盘
2134,14:53:40,15.21,-0.01,14,21295,卖盘
2135,14:53:43,15.21,0.0,6,9126,买盘
2136,14:53:46,15.21,0.0,31,47151,买盘
2137,14:53:49,15.21,0.0,6,9126,卖盘
2138,14:53:55,15.2,-0.01,146,222017,卖盘
2139,14:53:57,15.22,0.02,8,12171,买盘
2140,14:54:04,15.2,-0.02,91,138330,卖盘
2141,14:54:06,15.2,0.0,3,4560,买盘
2142,14:54:10,15.21,0.01,3,4563,买盘
2143,14:54:13,15.2,-0.01,7,10642,卖盘
2144,14:54:15,15.2,0.0,14,21298,卖盘
2145,14:54:19,15.2,0.0,32,48700,卖盘
2146,14:54:22,15.2,0.0,5,7600,卖盘
2147,14:54:25,15.2,0.0,18,27366,卖盘
2148,14:54:28,15.22,0.02,67,101799,买盘
2149,14:54:31,15.22,0.0,1,1522,卖盘
2150,14:54:33,15.21,-0.01,15,22819,卖盘
2151,14:54:37,15.2,-0.01,36,54739,卖盘
2152,14:54:40,15.2,0.0,3,4560,卖盘
2153,14:54:43,15.2,0.0,23,34972,卖盘
2154,14:54:48,15.2,0.0,3,4560,卖盘
2155,14:54:51,15.2,0.0,11,16730,卖盘
2156,14:54:54,15.2,0.0,15,22800,卖盘
2157,14:54:58,15.21,0.01,3,4563,买盘
2158,14:55:01,15.21,0.0,5,7605,卖盘
2159,14:55:04,15.22,0.01,9,13689,买盘
2160,14:55:07,15.2,-0.02,9,13682,卖盘
2161,14:55:10,15.2,0.0,7,10640,卖盘
2162,14:55:13,15.2,0.0,5,7600,卖盘
2163,14:55:15,15.21,0.01,1,1521,买盘
2164,14:55:19,15.2,-0.01,5,7600,卖盘
2165,14:55:22,15.2,0.0,2,3041,卖盘
2166,14:55:28,15.21,0.01,5,7605,买盘
2167,14:55:34,15.21,0.0,72,109463,买盘
2168,14:55:37,15.21,0.0,17,25854,买盘
2169,14:55:40,15.2,-0.01,5,7601,卖盘
2170,14:55:43,15.2,0.0,2,3040,卖盘
2171,14:55:48,15.21,0.01,29,44109,买盘
2172,14:55:51,15.21,0.0,1,1521,买盘
2173,14:55:55,15.2,-0.01,45,68400,卖盘
2174,14:56:01,15.2,0.0,42,63840,买盘
2175,14:56:04,15.19,-0.01,25,37975,卖盘
2176,14:56:07,15.2,0.01,4,6080,买盘
2177,14:56:10,15.19,-0.01,35,53165,卖盘
2178,14:56:13,15.2,0.01,23,34940,买盘
2179,14:56:19,15.19,-0.01,8,12152,中性盘
2180,14:56:22,15.18,-0.01,7,10626,卖盘
2181,14:56:24,15.19,0.01,12,18228,买盘
2182,14:56:28,15.19,0.0,7,10633,买盘
2183,14:56:31,15.18,-0.01,21,31903,卖盘
2184,14:56:34,15.19,0.01,23,34937,买盘
2185,14:56:37,15.19,0.0,3,4557,卖盘
2186,14:56:40,15.19,0.0,24,36456,卖盘
2187,14:56:43,15.19,0.0,6,9114,卖盘
2188,14:56:48,15.18,-0.01,146,221743,卖盘
2189,14:56:52,15.2,0.02,39,59274,买盘
2190,14:56:55,15.19,-0.01,8,12152,卖盘
2191,14:56:58,15.19,0.0,24,36456,买盘
2192,14:57:01,15.19,0.0,5,7595,买盘
2193,15:00:04,15.19,0.0,1056,1604064,卖盘
