,time,price,change,volume,amount,type
0,09:25:04,10.77,-0.09,145,156165,买盘
1,09:30:04,10.8,0.03,59,63879,卖盘
2,09:30:07,10.8,0.0,21,22680,卖盘
3,09:30:09,10.82,0.02,4,4825,买盘
4,09:30:12,10.82,0.0,1,1082,买盘
5,09:30:16,10.82,0.0,95,102696,买盘
6,09:30:18,10.83,0.01,28,30326,买盘
7,09:30:22,10.83,0.0,1,1083,买盘
8,09:30:25,10.8,-0.03,35,37854,卖盘
9,09:30:34,10.84,0.04,2,2168,中性盘
10,09:30:37,10.78,-0.06,22,23758,卖盘
11,09:30:40,10.85,0.07,32,34699,买盘
12,09:30:43,10.85,0.0,6,6510,买盘
13,09:30:46,10.85,0.0,3,3251,买盘
14,09:30:49,10.8,-0.05,33,35753,卖盘
15,09:30:52,10.8,0.0,10,10800,买盘
16,09:30:55,10.86,0.06,2,2171,买盘
17,09:30:58,10.79,-0.07,18,19430,卖盘
18,09:31:00,10.79,0.0,5,5395,买盘
19,09:31:04,10.84,0.05,8,8672,中性盘
20,09:31:10,10.78,-0.06,22,23734,卖盘
21,09:31:13,10.79,0.01,2,2158,中性盘
22,09:31:16,10.8,0.01,2,2160,中性盘
23,09:31:22,10.8,0.0,22,23760,卖盘
24,09:31:28,10.84,0.04,12,13008,买盘
25,09:31:31,10.8,-0.04,23,24840,卖盘
26,09:31:40,10.8,0.0,35,37800,卖盘
27,09:31:42,10.82,0.02,26,28061,买盘
28,09:31:45,10.8,-0.02,13,14060,卖盘
29,09:31:49,10.78,-0.02,21,22663,卖盘
30,09:31:54,10.78,0.0,19,20487,卖盘
31,09:31:58,10.78,0.0,14,15092,卖盘
32,09:32:01,10.79,0.01,1,1079,中性盘
33,09:32:04,10.79,0.0,23,24818,卖盘
34,09:32:06,10.81,0.02,10,10808,买盘
35,09:32:09,10.8,-0.01,2,2160,卖盘
36,09:32:13,10.8,0.0,5,5400,卖盘
37,09:32:16,10.78,-0.02,23,24802,卖盘
38,09:32:19,10.78,0.0,19,20498,卖盘
39,09:32:25,10.81,0.03,6,6486,买盘
40,09:32:27,10.79,-0.02,23,24817,卖盘
41,09:32:31,10.79,0.0,1,1079,卖盘
42,09:32:33,10.8,0.01,3,3240,买盘
43,09:32:37,10.79,-0.01,21,22660,卖盘
44,09:32:40,10.81,0.02,49,52923,买盘
45,09:32:46,10.79,-0.02,18,19432,卖盘
46,09:32:49,10.79,0.0,6,6475,卖盘
47,09:32:51,10.81,0.02,16,17266,买盘
48,09:32:55,10.81,0.0,4,4324,买盘
49,09:32:58,10.81,0.0,21,22701,买盘
50,09:33:01,10.82,0.01,27,29177,买盘
51,09:33:04,10.82,0.0,32,34624,买盘
52,09:33:07,10.83,0.01,5,5415,买盘
53,09:33:09,10.81,-0.02,40,43278,卖盘
54,09:33:19,10.85,0.04,26,28210,买盘
55,09:33:22,10.82,-0.03,35,37912,卖盘
56,09:33:25,10.85,0.03,3,3255,买盘
57,09:33:28,10.84,-0.01,2,2168,中性盘
58,09:33:31,10.84,0.0,1,1084,买盘
59,09:33:34,10.85,0.01,31,33587,买盘
60,09:33:36,10.84,-0.01,1,1084,卖盘
61,09:33:43,10.84,0.0,35,37944,卖盘
62,09:33:46,10.84,0.0,1,1084,卖盘
63,09:33:55,10.83,-0.01,33,35749,卖盘
64,09:34:04,10.84,0.01,10,10840,买盘
65,09:34:07,10.83,-0.01,21,22743,卖盘
66,09:34:10,10.83,0.0,1,996,卖盘
67,09:34:13,10.84,0.01,9,9756,买盘
68,09:34:16,10.83,-0.01,32,34656,卖盘
69,09:34:19,10.83,0.0,14,15162,卖盘
70,09:34:25,10.83,0.0,3,3249,卖盘
71,09:34:28,10.83,0.0,23,24909,卖盘
72,09:34:31,10.83,0.0,60,65067,卖盘
73,09:34:33,10.84,0.01,33,35747,买盘
74,09:34:39,10.81,-0.03,23,24873,卖盘
75,09:34:42,10.83,0.02,22,23826,买盘
76,09:34:49,10.83,0.0,35,37905,买盘
77,09:34:52,10.83,0.0,12,12996,卖盘
78,09:34:55,10.83,0.0,3,3249,卖盘
79,09:35:01,10.81,-0.02,37,40038,卖盘
80,09:35:04,10.81,0.0,31,33513,卖盘
81,09:35:10,10.83,0.02,31,33573,买盘
82,09:35:13,10.81,-0.02,25,27028,卖盘
83,09:35:16,10.81,0.0,1,1081,卖盘
84,09:35:18,10.81,0.0,16,17296,卖盘
85,09:35:22,10.83,0.02,4,4332,买盘
86,09:35:25,10.83,0.0,41,44349,买盘
87,09:35:28,10.83,0.0,102,110275,买盘
88,09:35:31,10.81,-0.02,3,3247,卖盘
89,09:35:34,10.81,0.0,49,52973,卖盘
90,09:35:36,10.81,0.0,61,65949,卖盘
91,09:35:40,10.81,0.0,14,15138,卖盘
92,09:35:43,10.83,0.02,18,19462,买盘
93,09:35:46,10.81,-0.02,27,29187,卖盘
94,09:35:49,10.82,0.01,1,1082,买盘
95,09:35:52,10.83,0.01,4,4332,买盘
96,09:35:55,10.82,-0.01,56,60647,卖盘
97,09:35:58,10.83,0.01,50,54109,买盘
98,09:36:04,10.83,0.0,27,29241,买盘
99,09:36:06,10.82,-0.01,43,46534,卖盘
100,09:36:09,10.83,0.01,1,1083,买盘
101,09:36:13,10.84,0.01,2,2168,买盘
102,09:36:19,10.82,-0.02,21,22722,卖盘
103,09:36:25,10.84,0.02,5,5420,买盘
104,09:36:27,10.83,-0.01,7,7581,买盘
105,09:36:31,10.83,0.0,25,27049,买盘
106,09:36:34,10.83,0.0,3,3249,买盘
107,09:36:36,10.84,0.01,1,1084,买盘
108,09:36:39,10.81,-0.03,27,29231,卖盘
109,09:36:43,10.84,0.03,2,2168,买盘
110,09:36:46,10.84,0.0,4,4336,买盘
111,09:36:49,10.84,0.0,26,28167,买盘
112,09:36:52,10.81,-0.03,50,54159,卖盘
113,09:36:54,10.85,0.04,6,6510,买盘
114,09:36:58,10.81,-0.04,1,1081,卖盘
115,09:37:04,10.84,0.03,30,32451,中性盘
116,09:37:07,10.85,0.01,50,54239,买盘
117,09:37:12,10.81,-0.04,24,25944,卖盘
118,09:37:22,10.82,0.01,22,23805,卖盘
119,09:37:24,10.81,-0.01,23,24864,卖盘
120,09:37:37,10.81,0.0,19,20539,卖盘
121,09:37:39,10.85,0.04,13,14105,买盘
122,09:37:46,10.81,-0.04,20,21625,卖盘
123,09:37:57,10.81,0.0,28,30300,卖盘
124,09:38:04,10.85,0.04,9,9765,买盘
125,09:38:07,10.84,-0.01,2,2168,买盘
126,09:38:09,10.84,0.0,25,27059,买盘
127,09:38:18,10.82,-0.02,36,38986,卖盘
128,09:38:31,10.82,0.0,22,23805,卖盘
129,09:38:37,10.82,0.0,10,10826,卖盘
130,09:38:39,10.84,0.02,7,7588,买盘
131,09:38:42,10.82,-0.02,24,25970,卖盘
132,09:38:46,10.84,0.02,6,6504,买盘
133,09:38:49,10.84,0.0,3,3252,买盘
134,09:38:52,10.84,0.0,3,3252,买盘
135,09:38:55,10.85,0.01,42,45500,买盘
136,09:39:05,10.83,-0.02,27,29259,卖盘
137,09:39:06,10.83,0.0,2,2166,卖盘
138,09:39:13,10.83,0.0,2,2166,卖盘
139,09:39:16,10.83,0.0,30,32499,卖盘
140,09:39:19,10.85,0.02,57,61844,买盘
141,09:39:27,10.83,-0.02,21,22754,卖盘
142,09:39:34,10.85,0.02,1,1085,买盘
143,09:39:37,10.84,-0.01,21,22764,卖盘
144,09:39:49,10.83,-0.01,22,23838,卖盘
145,09:39:52,10.84,0.01,19,20596,买盘
146,09:39:55,10.84,0.0,8,8672,买盘
147,09:39:58,10.84,0.0,28,30352,买盘
148,09:40:01,10.84,0.0,133,144150,买盘
149,09:40:04,10.85,0.01,14,15190,买盘
150,09:40:07,10.86,0.01,75,81394,买盘
151,09:40:10,10.86,0.0,90,97697,买盘
152,09:40:12,10.87,0.01,55,59763,买盘
153,09:40:15,10.87,0.0,139,151093,买盘
154,09:40:18,10.88,0.01,120,130560,买盘
155,09:40:22,10.91,0.03,245,266674,买盘
156,09:40:25,10.91,0.0,22,24006,卖盘
157,09:40:28,10.93,0.02,23,25139,买盘
158,09:40:31,10.89,-0.04,19,20707,卖盘
159,09:40:34,10.93,0.04,3,3279,中性盘
160,09:40:36,10.93,0.0,1,1093,卖盘
161,09:40:40,10.9,-0.03,25,27310,中性盘
162,09:40:43,10.93,0.03,24,26172,买盘
163,09:40:46,10.93,0.0,14,15290,买盘
164,09:40:49,10.93,0.0,30,32790,卖盘
165,09:40:52,10.9,-0.03,102,111503,卖盘
166,09:40:55,10.94,0.04,45,49188,卖盘
167,09:40:58,10.93,-0.01,45,49185,卖盘
168,09:41:01,10.94,0.01,11,12034,买盘
169,09:41:03,10.93,-0.01,11,12031,卖盘
170,09:41:07,10.9,-0.03,21,22890,卖盘
171,09:41:10,10.9,0.0,200,218018,卖盘
172,09:41:13,10.9,0.0,47,51233,中性盘
173,09:41:15,10.9,0.0,26,28346,卖盘
174,09:41:19,10.9,0.0,6,6540,中性盘
175,09:41:22,10.89,-0.01,16,17438,卖盘
176,09:41:25,10.88,-0.01,2,2177,卖盘
177,09:41:28,10.87,-0.01,20,21740,卖盘
178,09:41:33,10.87,0.0,53,57562,卖盘
179,09:41:37,10.87,0.0,48,52176,买盘
180,09:41:40,10.85,-0.02,20,21702,卖盘
181,09:41:45,10.87,0.02,15,16305,买盘
182,09:41:49,10.85,-0.02,21,22793,卖盘
183,09:41:58,10.9,0.05,16,17440,买盘
184,09:42:01,10.86,-0.04,25,27191,卖盘
185,09:42:04,10.9,0.04,2,2180,买盘
186,09:42:07,10.86,-0.04,4,4344,卖盘
187,09:42:13,10.86,0.0,24,26084,卖盘
188,09:42:19,10.87,0.01,20,21740,卖盘
189,09:42:21,10.87,0.0,25,27175,卖盘
190,09:42:34,10.87,0.0,24,26088,卖盘
191,09:42:37,10.88,0.01,1,1088,买盘
192,09:42:39,10.88,0.0,5,5440,买盘
193,09:42:43,10.88,0.0,2,2176,买盘
194,09:42:46,10.89,0.01,36,39149,买盘
195,09:42:49,10.88,-0.01,16,17408,卖盘
196,09:42:52,10.9,0.02,158,172169,买盘
197,09:42:55,10.9,0.0,24,26160,卖盘
198,09:42:58,10.9,0.0,21,22890,卖盘
199,09:43:01,10.91,0.01,123,134076,买盘
200,09:43:04,10.9,-0.01,30,32700,卖盘
201,09:43:06,10.9,0.0,26,28340,卖盘
202,09:43:09,10.9,0.0,30,32700,卖盘
203,09:43:12,10.89,-0.01,2,2178,卖盘
204,09:43:19,10.88,-0.01,27,29380,卖盘
205,09:43:21,10.89,0.01,20,21780,中性盘
206,09:43:27,10.87,-0.02,41,44595,卖盘
207,09:43:34,10.88,0.01,6,6528,买盘
208,09:43:37,10.88,0.0,2,2176,买盘
209,09:43:40,10.87,-0.01,44,47858,卖盘
210,09:43:43,10.9,0.03,300,326984,买盘
211,09:43:51,10.89,-0.01,22,23934,买盘
212,09:43:55,10.89,0.0,1,1089,买盘
213,09:44:01,10.89,0.0,17,18513,买盘
214,09:44:04,10.89,0.0,21,22869,卖盘
215,09:44:07,10.9,0.01,25,27250,买盘
216,09:44:12,10.9,0.0,26,28315,买盘
217,09:44:19,10.9,0.0,5,5450,买盘
218,09:44:21,10.89,-0.01,17,18514,卖盘
219,09:44:25,10.87,-0.02,24,26132,卖盘
220,09:44:31,10.9,0.03,1,1090,买盘
221,09:44:33,10.87,-0.03,19,20653,卖盘
222,09:44:37,10.89,0.02,2,2178,买盘
223,09:44:45,10.87,-0.02,20,21740,卖盘
224,09:44:55,10.88,0.01,1,1088,买盘
225,09:44:57,10.87,-0.01,21,22827,卖盘
226,09:45:00,10.88,0.01,18,19584,买盘
227,09:45:04,10.88,0.0,10,10880,卖盘
228,09:45:07,10.88,0.0,21,22848,卖盘
229,09:45:13,10.88,0.0,37,40256,卖盘
230,09:45:19,10.88,0.0,23,25025,卖盘
231,09:45:25,10.89,0.01,1,1089,买盘
232,09:45:27,10.9,0.01,100,108966,买盘
233,09:45:30,10.9,0.0,69,75210,卖盘
234,09:45:33,10.91,0.01,1,1091,买盘
235,09:45:43,10.9,-0.01,23,25070,卖盘
236,09:45:45,10.9,0.0,16,17440,卖盘
237,09:45:49,10.9,0.0,3,3270,卖盘
238,09:45:52,10.88,-0.02,23,25024,卖盘
239,09:46:04,10.87,-0.01,24,26088,卖盘
240,09:46:12,10.87,0.0,24,26091,卖盘
241,09:46:19,10.9,0.03,1,1090,买盘
242,09:46:22,10.9,0.0,10,10900,买盘
243,09:46:25,10.88,-0.02,23,25024,卖盘
244,09:46:27,10.89,0.01,21,22858,中性盘
245,09:46:30,10.9,0.01,11,11990,买盘
246,09:46:37,10.88,-0.02,23,25031,卖盘
247,09:46:40,10.9,0.02,1,1090,买盘
248,09:46:43,10.9,0.0,1,1090,买盘
249,09:46:46,10.88,-0.02,20,21760,卖盘
250,09:46:49,10.88,0.0,1,1088,卖盘
251,09:46:54,10.89,0.01,1,1089,买盘
252,09:46:58,10.88,-0.01,20,21760,卖盘
253,09:47:01,10.89,0.01,12,13067,买盘
254,09:47:04,10.89,0.0,9,9801,买盘
255,09:47:07,10.89,0.0,7,7623,买盘
256,09:47:10,10.89,0.0,45,49005,买盘
257,09:47:12,10.9,0.01,8,8720,买盘
258,09:47:15,10.9,0.0,33,35969,买盘
259,09:47:19,10.89,-0.01,56,61002,卖盘
260,09:47:22,10.9,0.01,12,13080,买盘
261,09:47:25,10.91,0.01,62,67584,买盘
262,09:47:28,10.91,0.0,58,63276,买盘
263,09:47:30,10.91,0.0,61,66529,买盘
264,09:47:33,10.91,0.0,106,115597,买盘
265,09:47:36,10.91,0.0,12,13092,买盘
266,09:47:40,10.91,0.0,62,67642,买盘
267,09:47:43,10.91,0.0,37,40344,买盘
268,09:47:46,10.91,0.0,14,15274,买盘
269,09:47:49,10.92,0.01,6,6552,买盘
270,09:47:52,10.9,-0.02,23,25070,卖盘
271,09:48:04,10.91,0.01,23,25093,卖盘
272,09:48:06,10.92,0.01,36,39304,买盘
273,09:48:10,10.92,0.0,47,51324,买盘
274,09:48:13,10.92,0.0,1,1092,买盘
275,09:48:16,10.9,-0.02,21,22900,卖盘
276,09:48:19,10.92,0.02,1,1092,买盘
277,09:48:22,10.91,-0.01,17,18549,卖盘
278,09:48:28,10.91,0.0,28,30548,卖盘
279,09:48:37,10.9,-0.01,22,23987,卖盘
280,09:48:40,10.92,0.02,50,54600,买盘
281,09:48:46,10.91,-0.01,22,24002,卖盘
282,09:48:49,10.92,0.01,285,311220,买盘
283,09:48:52,10.92,0.0,60,65520,卖盘
284,09:48:55,10.92,0.0,2,2184,中性盘
285,09:49:00,10.91,-0.01,23,25113,卖盘
286,09:49:10,10.91,0.0,24,26184,卖盘
287,09:49:13,10.93,0.02,1,1093,买盘
288,09:49:15,10.91,-0.02,2,2182,卖盘
289,09:49:19,10.93,0.02,47,51371,买盘
290,09:49:22,10.91,-0.02,22,24002,卖盘
291,09:49:25,10.93,0.02,1,1093,买盘
292,09:49:33,10.93,0.0,24,26187,买盘
293,09:49:37,10.93,0.0,39,42627,买盘
294,09:49:43,10.91,-0.02,23,25093,卖盘
295,09:49:52,10.92,0.01,17,18579,中性盘
296,09:49:55,10.91,-0.01,44,48020,卖盘
297,09:50:03,10.92,0.01,1,1092,买盘
298,09:50:07,10.91,-0.01,20,21820,卖盘
299,09:50:09,10.92,0.01,4,4368,买盘
300,09:50:13,10.92,0.0,21,22932,买盘
301,09:50:16,10.92,0.0,21,22932,卖盘
302,09:50:19,10.92,0.0,2,2184,卖盘
303,09:50:22,10.92,0.0,16,17472,卖盘
304,09:50:25,10.95,0.03,802,877727,买盘
305,09:50:28,10.93,-0.02,24,26232,中性盘
306,09:50:34,10.93,0.0,4,4372,卖盘
307,09:50:39,10.93,0.0,21,22953,卖盘
308,09:50:43,10.95,0.02,186,203622,买盘
309,09:50:46,10.96,0.01,123,134804,买盘
310,09:50:49,10.96,0.0,22,24112,卖盘
311,09:50:52,10.97,0.01,89,97633,买盘
312,09:50:55,10.96,-0.01,50,54825,卖盘
313,09:50:58,10.98,0.02,6,6588,买盘
314,09:51:01,10.97,-0.01,57,62582,卖盘
315,09:51:04,10.98,0.01,64,70297,卖盘
316,09:51:10,10.98,0.0,9,9882,买盘
317,09:51:13,11.0,0.02,266,292505,买盘
318,09:51:16,11.0,0.0,22,24200,卖盘
319,09:51:18,11.01,0.01,1,1101,买盘
320,09:51:22,11.0,-0.01,26,28604,卖盘
321,09:51:25,11.01,0.01,24,26419,买盘
322,09:51:28,11.01,0.0,33,36333,卖盘
323,09:51:30,11.01,0.0,57,62717,买盘
324,09:51:34,11.0,-0.01,22,24200,卖盘
325,09:51:37,11.0,0.0,72,79205,卖盘
326,09:51:40,11.0,0.0,168,184800,卖盘
327,09:51:43,11.0,0.0,22,24200,买盘
328,09:51:46,11.0,0.0,125,137414,买盘
329,09:51:49,10.98,-0.02,21,23058,卖盘
330,09:51:52,10.98,0.0,50,54900,卖盘
331,09:51:54,10.98,0.0,23,25254,卖盘
332,09:51:57,10.99,0.01,82,90068,买盘
333,09:52:01,10.99,0.0,40,43934,买盘
334,09:52:04,10.99,0.0,15,16485,买盘
335,09:52:06,10.98,-0.01,24,26361,卖盘
336,09:52:10,10.98,0.0,18,19774,卖盘
337,09:52:19,10.99,0.01,35,38445,买盘
338,09:52:25,10.98,-0.01,12,13187,卖盘
339,09:52:27,10.98,0.0,64,70316,卖盘
340,09:52:30,11.0,0.02,216,237582,买盘
341,09:52:36,10.98,-0.02,16,17574,卖盘
342,09:52:40,11.0,0.02,45,49457,买盘
343,09:52:48,11.01,0.01,10,11008,买盘
344,09:52:51,10.99,-0.02,25,27478,卖盘
345,09:52:54,11.0,0.01,5,5500,买盘
346,09:52:58,10.99,-0.01,16,17598,卖盘
347,09:53:01,10.99,0.0,49,53853,卖盘
348,09:53:04,11.0,0.01,7,7700,买盘
349,09:53:07,11.0,0.0,141,155094,买盘
350,09:53:12,10.99,-0.01,99,108832,卖盘
351,09:53:16,10.99,0.0,41,45059,卖盘
352,09:53:19,10.99,0.0,16,17584,卖盘
353,09:53:22,11.0,0.01,97,106632,买盘
354,09:53:25,11.01,0.01,108,118806,买盘
355,09:53:30,11.01,0.0,180,198125,买盘
356,09:53:33,11.01,0.0,27,29727,卖盘
357,09:53:36,11.01,0.0,15,16515,卖盘
358,09:53:40,11.01,0.0,124,136528,卖盘
359,09:53:43,11.01,0.0,20,22020,买盘
360,09:53:46,11.0,-0.01,22,24200,卖盘
361,09:53:48,11.01,0.01,18,19805,买盘
362,09:53:52,10.99,-0.02,51,56095,卖盘
363,09:53:55,10.99,0.0,28,30782,卖盘
364,09:53:58,10.98,-0.01,22,24156,卖盘
365,09:54:01,10.98,0.0,185,203130,卖盘
366,09:54:04,10.99,0.01,13,14287,买盘
367,09:54:07,10.99,0.0,40,43961,买盘
368,09:54:10,10.98,-0.01,94,103296,卖盘
369,09:54:13,10.99,0.01,70,76910,买盘
370,09:54:16,10.98,-0.01,31,34060,卖盘
371,09:54:19,10.98,0.0,22,24157,卖盘
372,09:54:22,10.99,0.01,515,566366,买盘
373,09:54:25,10.98,-0.01,16,17568,卖盘
374,09:54:31,10.99,0.01,73,80227,买盘
375,09:54:43,10.99,0.0,23,25277,卖盘
376,09:54:46,10.99,0.0,45,49465,卖盘
377,09:54:49,10.99,0.0,6,6594,卖盘
378,09:54:51,10.98,-0.01,42,46136,卖盘
379,09:54:54,10.98,0.0,29,31859,卖盘
380,09:54:58,10.99,0.01,14,15386,买盘
381,09:55:04,10.97,-0.02,34,37324,卖盘
382,09:55:06,10.97,0.0,1,1097,卖盘
383,09:55:13,10.98,0.01,5,5490,买盘
384,09:55:15,10.97,-0.01,25,27425,卖盘
385,09:55:19,10.98,0.01,37,40626,买盘
386,09:55:25,10.97,-0.01,31,34017,卖盘
387,09:55:28,10.98,0.01,1,1098,买盘
388,09:55:31,10.98,0.0,22,24156,买盘
389,09:55:34,10.95,-0.03,86,94205,卖盘
390,09:55:37,10.95,0.0,20,21900,卖盘
391,09:55:40,10.99,0.04,123,135135,买盘
392,09:55:43,10.99,0.0,4,4396,卖盘
393,09:55:48,10.99,0.0,49,53851,卖盘
394,09:55:51,10.99,0.0,30,32970,卖盘
395,09:55:55,10.99,0.0,24,26376,卖盘
396,09:55:58,10.99,0.0,53,58269,卖盘
397,09:56:01,11.0,0.01,1,1100,买盘
398,09:56:04,11.0,0.0,101,111100,买盘
399,09:56:10,11.0,0.0,124,136379,买盘
400,09:56:19,11.0,0.0,26,28584,买盘
401,09:56:21,10.99,-0.01,23,25277,卖盘
402,09:56:25,11.0,0.01,1,1100,买盘
403,09:56:28,11.0,0.0,5,5500,买盘
404,09:56:31,10.96,-0.04,36,39520,卖盘
405,09:56:36,10.99,0.03,15,16452,中性盘
406,09:56:40,11.0,0.01,9,9894,买盘
407,09:56:43,11.0,0.0,104,114306,买盘
408,09:56:49,10.96,-0.04,8,8776,卖盘
409,09:56:54,10.96,0.0,23,25211,卖盘
410,09:56:58,10.99,0.03,77,84623,买盘
411,09:57:01,10.99,0.0,4,4396,卖盘
412,09:57:04,10.99,0.0,7,7695,卖盘
413,09:57:06,10.99,0.0,37,40663,卖盘
414,09:57:13,10.99,0.0,92,101108,买盘
415,09:57:16,10.96,-0.03,35,38420,卖盘
416,09:57:19,10.99,0.03,7,7693,卖盘
417,09:57:22,10.99,0.0,6,6594,买盘
418,09:57:24,10.98,-0.01,19,20862,中性盘
419,09:57:27,10.98,0.0,23,25212,买盘
420,09:57:33,10.97,-0.01,7,7679,买盘
421,09:57:36,10.96,-0.01,23,25209,卖盘
422,09:57:39,10.97,0.01,5,5485,买盘
423,09:57:48,10.96,-0.01,195,213698,卖盘
424,09:57:52,10.97,0.01,342,375069,买盘
425,09:57:54,10.97,0.0,50,54850,卖盘
426,09:57:57,10.97,0.0,11,12067,卖盘
427,09:58:01,10.97,0.0,66,72379,买盘
428,09:58:04,10.96,-0.01,25,27415,卖盘
429,09:58:07,10.98,0.02,17,18666,买盘
430,09:58:09,10.97,-0.01,5,5485,卖盘
431,09:58:13,10.98,0.01,26,28525,买盘
432,09:58:15,10.97,-0.01,3,3291,卖盘
433,09:58:19,10.98,0.01,30,32940,买盘
434,09:58:22,10.98,0.0,24,26332,买盘
435,09:58:24,10.99,0.01,150,164801,买盘
436,09:58:28,10.99,0.0,9,9891,买盘
437,09:58:31,10.99,0.0,13,14287,买盘
438,09:58:34,10.99,0.0,41,45023,买盘
439,09:58:36,10.98,-0.01,7,7691,卖盘
440,09:58:43,10.98,0.0,29,31850,卖盘
441,09:58:49,10.99,0.01,12,13188,买盘
442,09:58:52,10.99,0.0,1,1099,买盘
443,09:58:55,10.99,0.0,24,26354,买盘
444,09:59:01,10.98,-0.01,10,10980,卖盘
445,09:59:04,10.99,0.01,3,3297,买盘
446,09:59:07,10.99,0.0,37,40641,买盘
447,09:59:09,10.99,0.0,2,2198,买盘
448,09:59:12,10.99,0.0,4,4394,买盘
449,09:59:16,10.99,0.0,10,10987,买盘
450,09:59:19,10.99,0.0,42,46120,买盘
451,09:59:22,10.98,-0.01,39,42834,卖盘
452,09:59:25,10.99,0.01,10,10990,买盘
453,09:59:28,10.98,-0.01,21,23058,卖盘
454,09:59:31,10.98,0.0,13,14274,卖盘
455,09:59:34,10.98,0.0,11,12085,卖盘
456,09:59:37,11.0,0.02,493,541977,买盘
457,09:59:40,11.01,0.01,178,195926,买盘
458,09:59:43,11.01,0.0,21,23121,买盘
459,09:59:46,11.0,-0.01,31,34114,卖盘
460,09:59:48,11.0,0.0,33,36311,卖盘
461,09:59:52,11.01,0.01,2,2202,买盘
462,09:59:55,11.0,-0.01,37,40700,卖盘
463,10:00:01,11.0,0.0,33,36278,买盘
464,10:00:04,11.0,0.0,13,14300,买盘
465,10:00:06,11.0,0.0,27,29700,买盘
466,10:00:13,11.0,0.0,26,28577,买盘
467,10:00:16,11.0,0.0,8,8797,买盘
468,10:00:19,10.99,-0.01,1,1099,卖盘
469,10:00:22,10.99,0.0,3,3297,卖盘
470,10:00:25,10.99,0.0,21,23076,卖盘
471,10:00:28,10.99,0.0,30,32970,买盘
472,10:00:34,10.99,0.0,21,23079,卖盘
473,10:00:36,10.99,0.0,5,5495,卖盘
474,10:00:40,10.99,0.0,30,32970,卖盘
475,10:00:43,10.99,0.0,45,49455,卖盘
476,10:00:46,10.98,-0.01,78,85700,卖盘
477,10:00:52,10.99,0.01,22,24178,买盘
478,10:00:54,10.99,0.0,13,14287,买盘
479,10:00:58,10.99,0.0,32,35146,买盘
480,10:01:01,10.98,-0.01,32,35141,卖盘
481,10:01:03,10.99,0.01,86,94429,买盘
482,10:01:07,10.96,-0.03,68,74676,卖盘
483,10:01:10,10.99,0.03,23,25277,买盘
484,10:01:16,10.96,-0.03,16,17578,卖盘
485,10:01:19,10.96,0.0,26,28473,卖盘
486,10:01:22,10.96,0.0,74,81104,买盘
487,10:01:25,10.96,0.0,11,12056,买盘
488,10:01:27,10.96,0.0,66,72336,买盘
489,10:01:31,10.96,0.0,113,123826,买盘
490,10:01:34,10.96,0.0,53,58086,买盘
491,10:01:36,10.96,0.0,112,122720,买盘
492,10:01:40,10.95,-0.01,102,111770,卖盘
493,10:01:43,10.96,0.01,50,54800,买盘
494,10:01:46,10.96,0.0,52,57020,买盘
495,10:01:49,10.96,0.0,22,24112,卖盘
496,10:01:51,10.96,0.0,29,31785,卖盘
497,10:01:55,10.96,0.0,32,35083,中性盘
498,10:02:01,10.96,0.0,9,9864,买盘
499,10:02:04,10.95,-0.01,24,26281,卖盘
500,10:02:07,10.96,0.01,1,1096,买盘
501,10:02:10,10.96,0.0,5,5480,买盘
502,10:02:13,10.95,-0.01,23,25185,卖盘
503,10:02:16,10.96,0.01,1,1096,买盘
504,10:02:21,10.96,0.0,4,4384,买盘
505,10:02:24,10.95,-0.01,20,21900,卖盘
506,10:02:31,10.96,0.01,6,6572,买盘
507,10:02:37,10.96,0.0,22,24070,买盘
508,10:02:42,10.96,0.0,3,3288,买盘
509,10:02:46,10.94,-0.02,21,22975,卖盘
510,10:02:49,10.96,0.02,1,1096,买盘
511,10:02:52,10.96,0.0,1,1096,买盘
512,10:02:55,10.96,0.0,6,6570,买盘
513,10:02:58,10.94,-0.02,21,22974,卖盘
514,10:03:01,10.96,0.02,4,4384,买盘
515,10:03:04,10.96,0.0,1,1096,买盘
516,10:03:09,10.96,0.0,23,25186,买盘
517,10:03:16,10.95,-0.01,6,6574,卖盘
518,10:03:19,10.96,0.01,1,1096,买盘
519,10:03:22,10.96,0.0,24,26281,买盘
520,10:03:25,10.95,-0.01,44,48180,卖盘
521,10:03:28,10.95,0.0,3,3285,买盘
522,10:03:31,10.94,-0.01,23,25162,卖盘
523,10:03:34,10.94,0.0,21,22974,卖盘
524,10:03:36,10.95,0.01,11,12036,买盘
525,10:03:42,10.95,0.0,29,31721,买盘
526,10:03:49,10.94,-0.01,5,5470,中性盘
527,10:03:52,10.93,-0.01,20,21860,卖盘
528,10:03:58,10.94,0.01,4,4376,买盘
529,10:04:04,10.93,-0.01,20,21860,卖盘
530,10:04:07,10.93,0.0,6,6558,卖盘
531,10:04:09,10.94,0.01,51,55794,买盘
532,10:04:16,10.95,0.01,34,37209,买盘
533,10:04:19,10.96,0.01,8,8768,买盘
534,10:04:25,10.96,0.0,6,6576,买盘
535,10:04:28,10.96,0.0,22,24091,买盘
536,10:04:31,10.96,0.0,9,9864,买盘
537,10:04:36,10.96,0.0,21,23016,卖盘
538,10:04:39,10.97,0.01,2,2194,买盘
539,10:04:46,10.97,0.0,3,3291,买盘
540,10:04:49,10.97,0.0,34,37268,买盘
541,10:04:58,10.95,-0.02,31,33957,卖盘
542,10:05:01,10.97,0.02,26,28453,买盘
543,10:05:04,10.95,-0.02,6,6570,卖盘
544,10:05:07,10.94,-0.01,22,24068,卖盘
545,10:05:10,10.93,-0.01,42,45957,卖盘
546,10:05:16,10.93,0.0,14,15303,卖盘
547,10:05:19,10.93,0.0,18,19674,买盘
548,10:05:22,10.92,-0.01,23,25122,卖盘
549,10:05:24,10.95,0.03,2,2190,买盘
550,10:05:30,10.95,0.0,6,6570,买盘
551,10:05:34,10.95,0.0,24,26213,买盘
552,10:05:39,10.95,0.0,1,1095,买盘
553,10:05:43,10.95,0.0,27,29499,买盘
554,10:05:46,10.95,0.0,4,4380,买盘
555,10:05:52,10.94,-0.01,6,6564,买盘
556,10:05:55,10.95,0.01,63,68886,买盘
557,10:05:58,10.95,0.0,2,2190,买盘
558,10:06:04,10.92,-0.03,8,8736,中性盘
559,10:06:06,10.95,0.03,34,37158,买盘
560,10:06:12,10.95,0.0,7,7665,买盘
561,10:06:16,10.91,-0.04,20,21827,卖盘
562,10:06:22,10.95,0.04,2,2190,买盘
563,10:06:27,10.92,-0.03,23,25125,卖盘
564,10:06:33,10.95,0.03,3,3285,买盘
565,10:06:39,10.91,-0.04,23,25105,卖盘
566,10:06:43,10.94,0.03,1,1094,买盘
567,10:06:45,10.94,0.0,3,3282,买盘
568,10:06:49,10.94,0.0,28,30575,买盘
569,10:06:52,10.94,0.0,18,19692,买盘
570,10:06:58,10.94,0.0,6,6564,买盘
571,10:07:01,10.92,-0.02,20,21840,卖盘
572,10:07:04,10.94,0.02,4,4376,买盘
573,10:07:07,10.94,0.0,1,1094,买盘
574,10:07:10,10.94,0.0,4,4376,买盘
575,10:07:12,10.92,-0.02,70,76440,卖盘
576,10:07:16,10.92,0.0,2,2184,卖盘
577,10:07:19,10.94,0.02,12,13126,买盘
578,10:07:22,10.92,-0.02,30,32778,卖盘
579,10:07:28,10.94,0.02,3,3282,卖盘
580,10:07:34,10.92,-0.02,23,25148,卖盘
581,10:07:36,10.95,0.03,83,90885,买盘
582,10:07:46,10.96,0.01,36,39432,买盘
583,10:07:49,10.96,0.0,5,5480,买盘
584,10:07:52,10.96,0.0,1,1096,买盘
585,10:07:55,10.96,0.0,8,8768,买盘
586,10:07:57,10.96,0.0,20,21901,买盘
587,10:08:01,10.97,0.01,38,41956,买盘
588,10:08:07,10.95,-0.02,29,31777,卖盘
589,10:08:12,10.95,0.0,51,55859,卖盘
590,10:08:16,10.97,0.02,4,4388,买盘
591,10:08:19,10.95,-0.02,21,22995,卖盘
592,10:08:22,10.97,0.02,8,8776,买盘
593,10:08:31,10.97,0.0,26,28480,买盘
594,10:08:37,10.97,0.0,3,3291,买盘
595,10:08:39,10.95,-0.02,22,24090,卖盘
596,10:08:43,10.97,0.02,1,1097,买盘
597,10:08:48,10.95,-0.02,5,5475,卖盘
598,10:08:52,10.98,0.03,125,137228,买盘
599,10:08:58,10.99,0.01,21,23079,买盘
600,10:09:01,10.99,0.0,1,1099,买盘
601,10:09:04,10.99,0.0,26,28551,买盘
602,10:09:06,10.99,0.0,12,13188,买盘
603,10:09:13,10.99,0.0,125,137303,买盘
604,10:09:16,10.98,-0.01,10,10980,卖盘
605,10:09:18,10.99,0.01,27,29671,买盘
606,10:09:25,10.99,0.0,63,69179,买盘
607,10:09:28,10.98,-0.01,15,16470,卖盘
608,10:09:33,10.99,0.01,24,26376,买盘
609,10:09:37,10.99,0.0,22,24158,买盘
610,10:09:40,10.99,0.0,4,4396,买盘
611,10:09:43,10.99,0.0,7,7693,买盘
612,10:09:46,10.99,0.0,525,577174,买盘
613,10:09:49,10.99,0.0,3,3297,买盘
614,10:09:52,10.99,0.0,11,12089,买盘
615,10:09:58,10.99,0.0,21,23079,卖盘
616,10:10:04,11.0,0.01,152,167200,买盘
617,10:10:10,11.0,0.0,21,23100,卖盘
618,10:10:12,11.0,0.0,51,56100,卖盘
619,10:10:16,11.01,0.01,1,1101,买盘
620,10:10:19,11.0,-0.01,22,24200,卖盘
621,10:10:25,11.0,0.0,5,5500,卖盘
622,10:10:30,11.0,0.0,305,335500,卖盘
623,10:10:34,10.99,-0.01,75,82474,卖盘
624,10:10:39,11.0,0.01,28,30800,买盘
625,10:10:42,11.0,0.0,21,23100,卖盘
626,10:10:46,11.0,0.0,53,58300,卖盘
627,10:10:49,11.0,0.0,40,44000,卖盘
628,10:10:52,11.0,0.0,24,26403,卖盘
629,10:10:55,11.01,0.01,183,201301,买盘
630,10:10:58,11.0,-0.01,23,25300,卖盘
631,10:11:04,11.0,0.0,22,24200,卖盘
632,10:11:06,11.0,0.0,4,4400,卖盘
633,10:11:13,11.0,0.0,50,55000,卖盘
634,10:11:16,11.0,0.0,22,24200,卖盘
635,10:11:18,11.0,0.0,2,2200,卖盘
636,10:11:24,11.0,0.0,23,25300,卖盘
637,10:11:34,11.0,0.0,343,376750,卖盘
638,10:11:36,10.99,-0.01,72,79192,卖盘
639,10:11:49,10.99,0.0,30,33520,卖盘
640,10:11:51,10.99,0.0,1,1099,买盘
641,10:11:54,10.99,0.0,39,42312,买盘
642,10:11:58,10.99,0.0,20,21980,卖盘
643,10:12:09,10.99,0.0,27,29673,卖盘
644,10:12:13,10.99,0.0,51,56049,卖盘
645,10:12:21,10.99,0.0,23,25277,卖盘
646,10:12:31,11.0,0.01,232,255200,买盘
647,10:12:34,11.0,0.0,30,33000,卖盘
648,10:12:42,11.0,0.0,22,24200,卖盘
649,10:12:49,11.0,0.0,45,49500,卖盘
650,10:12:55,11.0,0.0,426,468600,卖盘
651,10:12:58,11.0,0.0,1,1100,买盘
652,10:13:04,10.99,-0.01,29,31876,卖盘
653,10:13:09,10.99,0.0,66,73084,卖盘
654,10:13:13,10.98,-0.01,50,54900,卖盘
655,10:13:16,10.99,0.01,51,55480,买盘
656,10:13:18,10.99,0.0,2,2198,卖盘
657,10:13:27,10.99,0.0,62,68138,卖盘
658,10:13:39,10.99,0.0,20,21980,卖盘
659,10:13:43,10.98,-0.01,109,119720,卖盘
660,10:13:49,10.97,-0.01,28,30744,卖盘
661,10:13:52,10.99,0.02,23,25277,买盘
662,10:13:57,10.99,0.0,30,32970,卖盘
663,10:14:01,10.98,-0.01,31,34015,买盘
664,10:14:04,10.98,0.0,5,5490,买盘
665,10:14:06,10.99,0.01,17,18660,买盘
666,10:14:12,10.97,-0.02,31,33996,卖盘
667,10:14:19,10.97,0.0,5,5485,买盘
668,10:14:21,10.95,-0.02,59,64628,卖盘
669,10:14:25,11.0,0.05,258,283639,买盘
670,10:14:28,11.0,0.0,12,13200,卖盘
671,10:14:30,11.0,0.0,9,9900,卖盘
672,10:14:34,11.0,0.0,21,23100,卖盘
673,10:14:36,11.0,0.0,3,3300,卖盘
674,10:14:40,11.0,0.0,62,68200,卖盘
675,10:14:45,11.0,0.0,21,23100,卖盘
676,10:14:49,11.0,0.0,39,42900,卖盘
677,10:14:51,11.0,0.0,4,4400,卖盘
678,10:14:55,11.0,0.0,29,31900,卖盘
679,10:15:00,11.0,0.0,73,80300,卖盘
680,10:15:07,10.97,-0.03,14,15382,卖盘
681,10:15:09,10.97,0.0,3,3291,买盘
682,10:15:12,10.97,0.0,78,85470,买盘
683,10:15:16,11.02,0.05,300,330329,买盘
684,10:15:19,10.97,-0.05,24,26328,卖盘
685,10:15:25,10.97,0.0,1,1097,卖盘
686,10:15:28,10.97,0.0,28,30716,卖盘
687,10:15:39,11.01,0.04,25,27437,买盘
688,10:15:52,10.96,-0.05,22,24129,卖盘
689,10:15:57,10.97,0.01,3,3291,买盘
690,10:16:00,10.97,0.0,37,40589,买盘
691,10:16:12,10.97,0.0,24,26328,卖盘
692,10:16:18,10.98,0.01,6,6588,买盘
693,10:16:22,10.97,-0.01,47,51563,卖盘
694,10:16:24,10.96,-0.01,24,26312,卖盘
695,10:16:27,10.98,0.02,8,8784,买盘
696,10:16:33,11.0,0.02,23,25236,买盘
697,10:16:43,11.0,0.0,13,14300,中性盘
698,10:16:46,10.96,-0.04,22,24112,卖盘
699,10:16:58,10.96,0.0,21,23016,卖盘
700,10:17:07,10.95,-0.01,91,99765,卖盘
701,10:17:12,10.96,0.01,20,21920,买盘
702,10:17:15,10.95,-0.01,95,104035,卖盘
703,10:17:18,10.95,0.0,37,40531,卖盘
704,10:17:21,10.96,0.01,10,10960,买盘
705,10:17:24,10.96,0.0,14,15344,买盘
706,10:17:27,10.95,-0.01,54,59139,卖盘
707,10:17:30,10.95,0.0,22,24090,卖盘
708,10:17:39,10.95,0.0,32,35100,卖盘
709,10:17:49,10.95,0.0,16,17520,卖盘
710,10:17:52,10.95,0.0,22,24090,卖盘
711,10:17:55,11.0,0.05,50,55000,买盘
712,10:18:04,11.0,0.0,55,60390,买盘
713,10:18:12,10.96,-0.04,49,53782,卖盘
714,10:18:18,10.95,-0.01,16,17543,卖盘
715,10:18:22,10.97,0.02,8,8776,买盘
716,10:18:24,10.95,-0.02,22,24090,卖盘
717,10:18:27,10.95,0.0,36,39423,卖盘
718,10:18:33,10.99,0.04,9,9891,买盘
719,10:18:36,10.95,-0.04,24,26280,卖盘
720,10:18:39,10.99,0.04,1,1099,买盘
721,10:18:45,10.99,0.0,24,26296,买盘
722,10:18:52,10.99,0.0,4,4396,买盘
723,10:18:54,10.99,0.0,10,10990,买盘
724,10:18:57,10.95,-0.04,20,21918,卖盘
725,10:19:01,10.99,0.04,7,7693,买盘
726,10:19:04,10.99,0.0,5,5495,买盘
727,10:19:07,10.99,0.0,11,12089,买盘
728,10:19:09,10.99,0.0,24,26292,买盘
729,10:19:15,10.97,-0.02,4,4388,中性盘
730,10:19:18,10.96,-0.01,24,26304,卖盘
731,10:19:24,10.97,0.01,4,4388,买盘
732,10:19:27,10.96,-0.01,43,47128,卖盘
733,10:19:30,10.97,0.01,22,24113,买盘
734,10:19:33,10.97,0.0,3,3291,买盘
735,10:19:36,10.97,0.0,9,9873,买盘
736,10:19:42,10.97,0.0,22,24106,买盘
737,10:19:46,10.99,0.02,328,360226,买盘
738,10:19:49,10.97,-0.02,3,3291,买盘
739,10:19:54,10.98,0.01,40,43841,买盘
740,10:20:01,10.98,0.0,6,6588,买盘
741,10:20:04,10.97,-0.01,21,23037,卖盘
742,10:20:06,10.98,0.01,1,1098,买盘
743,10:20:10,10.98,0.0,20,21960,买盘
744,10:20:13,10.97,-0.01,18,19746,卖盘
745,10:20:15,10.95,-0.02,25,27386,卖盘
746,10:20:22,10.96,0.01,6,6576,买盘
747,10:20:25,10.95,-0.01,18,19710,卖盘
748,10:20:27,10.95,0.0,69,75559,卖盘
749,10:20:34,10.96,0.01,13,14248,买盘
750,10:20:37,10.95,-0.01,40,43804,卖盘
751,10:20:40,10.98,0.03,3,3294,买盘
752,10:20:45,10.98,0.0,6,6588,买盘
753,10:20:48,10.95,-0.03,23,25185,卖盘
754,10:20:52,10.98,0.03,34,37332,买盘
755,10:20:54,10.98,0.0,8,8784,卖盘
756,10:20:57,10.98,0.0,24,26352,卖盘
757,10:21:00,10.95,-0.03,24,26280,卖盘
758,10:21:07,10.98,0.03,5,5490,买盘
759,10:21:09,10.95,-0.03,19,20805,卖盘
760,10:21:12,10.98,0.03,4,4392,买盘
761,10:21:18,10.95,-0.03,6,6574,卖盘
762,10:21:22,10.95,0.0,38,41610,卖盘
763,10:21:25,10.96,0.01,62,67906,买盘
764,10:21:31,10.97,0.01,12,13164,买盘
765,10:21:33,10.96,-0.01,21,23028,卖盘
766,10:21:36,10.97,0.01,2,2194,买盘
767,10:21:40,10.96,-0.01,18,19728,卖盘
768,10:21:43,10.95,-0.01,27,29584,卖盘
769,10:21:52,10.97,0.02,7,7679,买盘
770,10:21:54,10.95,-0.02,20,21900,卖盘
771,10:21:57,10.97,0.02,1,1097,买盘
772,10:22:00,10.96,-0.01,6,6576,中性盘
773,10:22:04,10.97,0.01,3,3291,买盘
774,10:22:07,10.96,-0.01,22,24112,卖盘
775,10:22:10,10.97,0.01,53,58090,买盘
776,10:22:13,10.97,0.0,1,1097,买盘
777,10:22:15,10.96,-0.01,21,23016,卖盘
778,10:22:19,10.97,0.01,24,26328,买盘
779,10:22:21,10.98,0.01,53,58122,买盘
780,10:22:28,10.98,0.0,91,99918,买盘
781,10:22:31,10.99,0.01,79,86760,买盘
782,10:22:33,10.98,-0.01,9,9882,卖盘
783,10:22:37,10.99,0.01,45,49400,买盘
784,10:22:39,10.96,-0.03,21,23016,卖盘
785,10:22:43,10.99,0.03,19,20881,买盘
786,10:22:45,10.99,0.0,12,13188,买盘
787,10:22:48,10.96,-0.03,23,25234,卖盘
788,10:22:54,10.99,0.03,6,6593,买盘
789,10:22:58,10.99,0.0,1,1099,买盘
790,10:23:00,10.96,-0.03,33,36188,卖盘
791,10:23:10,10.98,0.02,5,5490,买盘
792,10:23:12,10.96,-0.02,23,25208,卖盘
793,10:23:16,10.96,0.0,51,55896,卖盘
794,10:23:18,10.96,0.0,3,3288,卖盘
795,10:23:21,10.95,-0.01,33,36162,卖盘
796,10:23:28,10.94,-0.01,61,66790,卖盘
797,10:23:34,10.94,0.0,25,27378,卖盘
798,10:23:39,10.98,0.04,13,14274,买盘
799,10:23:42,10.98,0.0,6,6588,买盘
800,10:23:46,10.98,0.0,96,105306,买盘
801,10:23:48,10.98,0.0,7,7686,卖盘
802,10:23:51,10.98,0.0,13,14274,卖盘
803,10:23:54,10.98,0.0,38,41724,卖盘
804,10:23:58,10.99,0.01,13,14277,买盘
805,10:24:04,10.99,0.0,2,2198,买盘
806,10:24:07,10.99,0.0,31,34048,买盘
807,10:24:16,10.99,0.0,54,59296,买盘
808,10:24:18,10.98,-0.01,27,29651,卖盘
809,10:24:24,10.98,0.0,21,23070,卖盘
810,10:24:28,10.95,-0.03,31,34035,卖盘
811,10:24:31,10.99,0.04,5,5495,买盘
812,10:24:36,10.99,0.0,5,5495,买盘
813,10:24:40,10.95,-0.04,23,25185,卖盘
814,10:24:42,10.99,0.04,1,1099,买盘
815,10:24:49,10.99,0.0,16,17552,买盘
816,10:24:51,10.99,0.0,591,650115,买盘
817,10:25:01,10.99,0.0,20,21980,卖盘
818,10:25:04,10.99,0.0,1,1099,卖盘
819,10:25:10,11.02,0.03,1,1102,买盘
820,10:25:13,11.0,-0.02,49,53920,卖盘
821,10:25:16,11.0,0.0,10,11000,卖盘
822,10:25:19,11.0,0.0,10,11000,买盘
823,10:25:22,11.02,0.02,63,69361,买盘
824,10:25:25,11.0,-0.02,40,43978,买盘
825,10:25:27,11.0,0.0,7,7700,卖盘
826,10:25:34,11.02,0.02,29,31916,买盘
827,10:25:42,11.02,0.0,23,25346,买盘
828,10:25:45,11.0,-0.02,30,33008,卖盘
829,10:25:49,11.02,0.02,13,14326,买盘
830,10:25:52,11.02,0.0,37,40774,买盘
831,10:25:55,11.02,0.0,7,7714,买盘
832,10:25:58,11.01,-0.01,23,25323,卖盘
833,10:26:04,11.02,0.01,1,1102,买盘
834,10:26:06,11.0,-0.02,23,25321,卖盘
835,10:26:12,11.03,0.03,204,224970,买盘
836,10:26:16,11.0,-0.03,142,156416,卖盘
837,10:26:18,11.04,0.04,124,136824,买盘
838,10:26:28,11.07,0.03,502,554964,买盘
839,10:26:31,11.01,-0.06,22,24232,卖盘
840,10:26:33,11.03,0.02,10,11030,买盘
841,10:26:40,11.02,-0.01,16,17635,卖盘
842,10:26:42,11.02,0.0,5,5510,买盘
843,10:26:46,11.02,0.0,8,8818,卖盘
844,10:26:51,11.01,-0.01,23,25333,卖盘
845,10:27:04,11.01,0.0,23,25323,卖盘
846,10:27:06,11.05,0.04,120,132501,买盘
847,10:27:09,11.05,0.0,1,1105,卖盘
848,10:27:13,11.05,0.0,50,55250,卖盘
849,10:27:15,11.04,-0.01,31,34254,卖盘
850,10:27:21,11.03,-0.01,2,2206,中性盘
851,10:27:24,11.01,-0.02,22,24228,卖盘
852,10:27:27,11.02,0.01,20,22040,卖盘
853,10:27:36,11.02,0.0,58,63992,卖盘
854,10:27:40,11.04,0.02,3,3312,买盘
855,10:27:45,11.04,0.0,7,7728,卖盘
856,10:27:49,11.04,0.0,21,23184,卖盘
857,10:27:55,11.04,0.0,9,9936,卖盘
858,10:27:58,11.02,-0.02,22,24258,卖盘
859,10:28:03,11.05,0.03,30,33146,买盘
860,10:28:06,11.06,0.01,109,120524,买盘
861,10:28:09,11.06,0.0,22,24332,卖盘
862,10:28:12,11.07,0.01,3,3321,买盘
863,10:28:15,11.07,0.0,113,124998,买盘
864,10:28:21,11.07,0.0,23,25439,买盘
865,10:28:24,11.07,0.0,8,8856,买盘
866,10:28:27,11.06,-0.01,12,13272,卖盘
867,10:28:31,11.06,0.0,36,39818,卖盘
868,10:28:33,11.1,0.04,807,895517,买盘
869,10:28:37,11.11,0.01,10,11105,买盘
870,10:28:42,11.11,0.0,69,76636,买盘
871,10:28:46,11.1,-0.01,262,291599,卖盘
872,10:28:52,11.16,0.06,397,442714,买盘
873,10:28:54,11.13,-0.03,24,26668,中性盘
874,10:28:58,11.1,-0.03,66,73296,卖盘
875,10:29:04,11.11,0.01,74,82365,卖盘
876,10:29:07,11.19,0.08,453,506061,买盘
877,10:29:13,11.13,-0.06,152,169602,卖盘
878,10:29:15,11.18,0.05,121,134945,买盘
879,10:29:19,11.15,-0.03,3,3345,中性盘
880,10:29:21,11.19,0.04,515,576274,买盘
881,10:29:25,11.19,0.0,1,1119,卖盘
882,10:29:28,11.19,0.0,114,127520,卖盘
883,10:29:30,11.19,0.0,24,26787,买盘
884,10:29:34,11.19,0.0,134,149934,买盘
885,10:29:36,11.16,-0.03,20,22320,卖盘
886,10:29:39,11.19,0.03,166,185706,买盘
887,10:29:43,11.18,-0.01,2,2236,买盘
888,10:29:46,11.16,-0.02,2,2232,卖盘
889,10:29:48,11.15,-0.01,123,137494,卖盘
890,10:29:52,11.16,0.01,6,6698,中性盘
891,10:29:55,11.15,-0.01,9,10035,卖盘
892,10:30:01,11.17,0.02,41,45736,买盘
893,10:30:04,11.15,-0.02,10,11164,卖盘
894,10:30:07,11.17,0.02,43,48031,买盘
895,10:30:10,11.15,-0.02,26,29010,卖盘
896,10:30:12,11.15,0.0,56,62445,卖盘
897,10:30:18,11.15,0.0,1,1115,买盘
898,10:30:21,11.14,-0.01,22,24508,卖盘
899,10:30:25,11.14,0.0,15,16719,卖盘
900,10:30:30,11.15,0.01,5,5575,买盘
901,10:30:34,11.15,0.0,125,139353,买盘
902,10:30:37,11.15,0.0,5,5575,买盘
903,10:30:39,11.15,0.0,4,4460,买盘
904,10:30:43,11.14,-0.01,22,24509,卖盘
905,10:30:45,11.15,0.01,253,282095,买盘
906,10:30:49,11.15,0.0,30,33450,卖盘
907,10:30:52,11.15,0.0,3,3345,卖盘
908,10:30:54,11.15,0.0,120,133900,卖盘
909,10:30:58,11.15,0.0,2,2232,卖盘
910,10:31:00,11.16,0.01,50,55800,中性盘
911,10:31:04,11.18,0.02,200,223362,买盘
912,10:31:07,11.15,-0.03,55,61325,卖盘
913,10:31:10,11.16,0.01,2,2232,买盘
914,10:31:12,11.18,0.02,155,173198,买盘
915,10:31:15,11.15,-0.03,125,139524,卖盘
916,10:31:21,11.16,0.01,20,22323,卖盘
917,10:31:24,11.17,0.01,111,123968,买盘
918,10:31:27,11.2,0.03,560,626402,买盘
919,10:31:30,11.16,-0.04,40,44640,卖盘
920,10:31:34,11.17,0.01,314,351583,买盘
921,10:31:36,11.17,0.0,10,11170,卖盘
922,10:31:39,11.16,-0.01,21,23447,卖盘
923,10:31:42,11.21,0.05,124,138842,买盘
924,10:31:45,11.21,0.0,7,7847,卖盘
925,10:31:49,11.21,0.0,49,54929,卖盘
926,10:31:52,11.21,0.0,86,96406,卖盘
927,10:31:54,11.22,0.01,130,145851,买盘
928,10:31:58,11.25,0.03,394,442948,买盘
929,10:32:01,11.21,-0.04,213,239425,卖盘
930,10:32:04,11.21,0.0,30,33630,卖盘
931,10:32:06,11.25,0.04,60,67359,买盘
932,10:32:09,11.26,0.01,252,283587,买盘
933,10:32:13,11.26,0.0,175,196671,买盘
934,10:32:18,11.25,-0.01,47,52845,买盘
935,10:32:21,11.25,0.0,160,179934,买盘
936,10:32:24,11.25,0.0,130,146250,卖盘
937,10:32:27,11.22,-0.03,1,1122,卖盘
938,10:32:31,11.22,0.0,35,39285,卖盘
939,10:32:33,11.23,0.01,40,44895,买盘
940,10:32:36,11.25,0.02,262,294567,买盘
941,10:32:39,11.25,0.0,98,110250,卖盘
942,10:32:42,11.24,-0.01,1,1124,中性盘
943,10:32:45,11.24,0.0,32,35942,买盘
944,10:32:48,11.23,-0.01,58,65164,卖盘
945,10:32:51,11.25,0.02,587,661563,买盘
946,10:32:55,11.25,0.0,146,164334,卖盘
947,10:32:57,11.25,0.0,63,70895,卖盘
948,10:33:00,11.25,0.0,50,56250,卖盘
949,10:33:04,11.25,0.0,29,32625,卖盘
950,10:33:07,11.25,0.0,187,210646,买盘
951,10:33:10,11.25,0.0,340,384031,卖盘
952,10:33:12,11.25,0.0,163,183963,卖盘
953,10:33:15,11.25,0.0,17,19125,卖盘
954,10:33:18,11.25,0.0,43,48389,卖盘
955,10:33:22,11.25,0.0,4,4500,卖盘
956,10:33:24,11.25,0.0,35,39375,卖盘
957,10:33:27,11.3,0.05,269,303487,买盘
958,10:33:31,11.25,-0.05,26,29255,卖盘
959,10:33:33,11.26,0.01,10,11255,买盘
960,10:33:40,11.25,-0.01,25,28125,卖盘
961,10:33:43,11.25,0.0,50,56299,卖盘
962,10:33:45,11.25,0.0,1,1125,买盘
963,10:33:48,11.25,0.0,38,42750,买盘
964,10:33:51,11.3,0.05,769,867483,买盘
965,10:33:54,11.34,0.04,166,188071,买盘
966,10:33:57,11.3,-0.04,37,41810,卖盘
967,10:34:00,11.26,-0.04,10,11260,卖盘
968,10:34:04,11.26,0.0,20,22520,卖盘
969,10:34:07,11.3,0.04,2,2260,买盘
970,10:34:09,11.3,0.0,13,14679,买盘
971,10:34:12,11.33,0.03,256,289439,买盘
972,10:34:15,11.29,-0.04,27,30483,买盘
973,10:34:18,11.33,0.04,278,314613,买盘
974,10:34:21,11.33,0.0,312,353496,卖盘
975,10:34:24,11.27,-0.06,22,24816,卖盘
976,10:34:30,11.3,0.03,310,351146,买盘
977,10:34:36,11.3,0.0,22,24807,买盘
978,10:34:42,11.28,-0.02,29,32738,中性盘
979,10:34:45,11.27,-0.01,26,29308,卖盘
980,10:34:48,11.3,0.03,130,146764,买盘
981,10:34:52,11.31,0.01,87,98356,买盘
982,10:34:54,11.3,-0.01,46,51941,卖盘
983,10:34:57,11.3,0.0,45,50854,卖盘
984,10:35:00,11.3,0.0,22,24860,卖盘
985,10:35:04,11.32,0.02,383,433478,买盘
986,10:35:06,11.31,-0.01,32,36221,卖盘
987,10:35:09,11.3,-0.01,25,28266,卖盘
988,10:35:12,11.31,0.01,2,2262,中性盘
989,10:35:15,11.35,0.04,485,549884,买盘
990,10:35:18,11.35,0.0,106,120216,买盘
991,10:35:21,11.34,-0.01,131,148665,卖盘
992,10:35:25,11.34,0.0,2,2268,卖盘
993,10:35:28,11.35,0.01,506,574223,买盘
994,10:35:30,11.35,0.0,245,278300,卖盘
995,10:35:34,11.4,0.05,508,578169,买盘
996,10:35:37,11.39,-0.01,109,124219,卖盘
997,10:35:39,11.4,0.01,145,165288,买盘
998,10:35:42,11.39,-0.01,99,112842,卖盘
999,10:35:46,11.39,0.0,482,549476,卖盘
1000,10:35:48,11.4,0.01,449,511855,买盘
1001,10:35:51,11.39,-0.01,271,309091,卖盘
1002,10:35:54,11.38,-0.01,221,251624,卖盘
1003,10:35:58,11.38,0.0,27,30726,买盘
1004,10:36:01,11.39,0.01,75,85383,买盘
1005,10:36:04,11.4,0.01,190,216377,买盘
1006,10:36:07,11.4,0.0,565,643756,买盘
1007,10:36:10,11.4,0.0,230,262200,卖盘
1008,10:36:13,11.4,0.0,363,413785,卖盘
1009,10:36:16,11.4,0.0,228,259847,买盘
1010,10:36:19,11.41,0.01,53,60443,买盘
1011,10:36:21,11.41,0.0,338,385571,买盘
1012,10:36:24,11.42,0.01,42,47933,买盘
1013,10:36:27,11.41,-0.01,40,45648,卖盘
1014,10:36:31,11.42,0.01,1,1142,中性盘
1015,10:36:34,11.42,0.0,291,332291,买盘
1016,10:36:37,11.45,0.03,166,189610,买盘
1017,10:36:40,11.46,0.01,229,262328,买盘
1018,10:36:43,11.43,-0.03,115,131695,卖盘
1019,10:36:45,11.44,0.01,65,74305,买盘
1020,10:36:49,11.45,0.01,129,147530,买盘
1021,10:36:52,11.45,0.0,20,22900,买盘
1022,10:36:55,11.45,0.0,258,295174,买盘
1023,10:36:58,11.44,-0.01,29,33154,买盘
1024,10:37:01,11.45,0.01,348,398238,买盘
1025,10:37:04,11.44,-0.01,76,86874,中性盘
1026,10:37:07,11.43,-0.01,211,241500,卖盘
1027,10:37:10,11.45,0.02,530,606528,买盘
1028,10:37:13,11.45,0.0,141,161445,卖盘
1029,10:37:16,11.47,0.02,285,326449,买盘
1030,10:37:19,11.42,-0.05,25,28601,卖盘
1031,10:37:22,11.41,-0.01,35,39992,卖盘
1032,10:37:25,11.44,0.03,300,343098,买盘
1033,10:37:28,11.41,-0.03,217,247940,卖盘
1034,10:37:30,11.45,0.04,783,896518,买盘
1035,10:37:34,11.45,0.0,47,53815,卖盘
1036,10:37:37,11.45,0.0,227,259918,卖盘
1037,10:37:40,11.45,0.0,44,50377,买盘
1038,10:37:43,11.45,0.0,95,108642,买盘
1039,10:37:48,11.45,0.0,1075,1229993,买盘
1040,10:37:51,11.41,-0.04,188,214508,卖盘
1041,10:37:54,11.4,-0.01,755,860996,卖盘
1042,10:37:58,11.39,-0.01,405,461632,卖盘
1043,10:38:01,11.41,0.02,44,50210,中性盘
1044,10:38:04,11.39,-0.02,234,266918,卖盘
1045,10:38:07,11.42,0.03,10,11410,买盘
1046,10:38:10,11.41,-0.01,16,18249,买盘
1047,10:38:13,11.41,0.0,130,148315,买盘
1048,10:38:16,11.39,-0.02,376,428869,卖盘
1049,10:38:19,11.4,0.01,15,17089,买盘
1050,10:38:21,11.39,-0.01,133,151487,卖盘
1051,10:38:24,11.4,0.01,358,408596,买盘
1052,10:38:28,11.4,0.0,329,374528,卖盘
1053,10:38:31,11.4,0.0,8,9114,买盘
1054,10:38:33,11.39,-0.01,26,29614,卖盘
1055,10:38:37,11.36,-0.03,21,23892,卖盘
1056,10:38:40,11.44,0.08,696,794475,买盘
1057,10:38:46,11.36,-0.08,16,18206,卖盘
1058,10:38:49,11.4,0.04,70,79674,买盘
1059,10:38:55,11.39,-0.01,6,6834,卖盘
1060,10:38:58,11.39,0.0,10,11390,买盘
1061,10:39:01,11.36,-0.03,36,40938,卖盘
1062,10:39:04,11.35,-0.01,1081,1228114,卖盘
1063,10:39:09,11.35,0.0,22,24991,卖盘
1064,10:39:12,11.4,0.05,417,474495,买盘
1065,10:39:16,11.39,-0.01,137,156105,卖盘
1066,10:39:18,11.39,0.0,174,198198,卖盘
1067,10:39:22,11.39,0.0,24,27246,买盘
1068,10:39:25,11.35,-0.04,6,6813,卖盘
1069,10:39:27,11.36,0.01,22,24976,买盘
1070,10:39:31,11.39,0.03,17,19351,买盘
1071,10:39:33,11.34,-0.05,60,68087,卖盘
1072,10:39:37,11.39,0.05,41,46591,买盘
1073,10:39:39,11.35,-0.04,87,98752,卖盘
1074,10:39:46,11.35,0.0,22,24980,卖盘
1075,10:39:48,11.36,0.01,44,49984,买盘
1076,10:39:51,11.36,0.0,35,39750,买盘
1077,10:39:54,11.35,-0.01,45,51078,卖盘
1078,10:39:57,11.35,0.0,642,728767,卖盘
1079,10:40:04,11.34,-0.01,10,11340,卖盘
1080,10:40:07,11.33,-0.01,30,33998,卖盘
1081,10:40:10,11.34,0.01,12,13608,买盘
1082,10:40:12,11.35,0.01,241,273452,买盘
1083,10:40:15,11.32,-0.03,22,24943,卖盘
1084,10:40:19,11.36,0.04,112,127003,买盘
1085,10:40:22,11.35,-0.01,350,397437,卖盘
1086,10:40:25,11.35,0.0,1,1135,卖盘
1087,10:40:27,11.35,0.0,23,26105,卖盘
1088,10:40:30,11.35,0.0,97,110226,卖盘
1089,10:40:34,11.36,0.01,1,1136,买盘
1090,10:40:36,11.35,-0.01,27,30660,卖盘
1091,10:40:40,11.38,0.03,105,119406,买盘
1092,10:40:42,11.4,0.02,156,177736,买盘
1093,10:40:46,11.41,0.01,180,205326,买盘
1094,10:40:49,11.4,-0.01,51,58165,买盘
1095,10:40:51,11.38,-0.02,71,80869,卖盘
1096,10:40:55,11.4,0.02,11,12540,买盘
1097,10:40:57,11.4,0.0,2,2280,卖盘
1098,10:41:00,11.4,0.0,84,95870,卖盘
1099,10:41:04,11.4,0.0,11,12540,卖盘
1100,10:41:06,11.4,0.0,50,57000,卖盘
1101,10:41:09,11.42,0.02,429,489379,买盘
1102,10:41:12,11.42,0.0,312,356239,买盘
1103,10:41:15,11.41,-0.01,237,270613,卖盘
1104,10:41:18,11.4,-0.01,26,29640,卖盘
1105,10:41:21,11.4,0.0,76,86641,卖盘
1106,10:41:24,11.42,0.02,136,155166,买盘
1107,10:41:27,11.41,-0.01,424,484689,中性盘
1108,10:41:30,11.43,0.02,12,13697,中性盘
1109,10:41:34,11.4,-0.03,182,207691,卖盘
1110,10:41:39,11.41,0.01,4,4564,买盘
1111,10:41:43,11.4,-0.01,1,1140,卖盘
1112,10:41:46,11.4,0.0,22,25080,卖盘
1113,10:41:51,11.4,0.0,47,53580,卖盘
1114,10:41:54,11.4,0.0,143,163020,卖盘
1115,10:41:57,11.4,0.0,210,239400,卖盘
1116,10:42:01,11.42,0.02,761,868461,买盘
1117,10:42:04,11.43,0.01,372,424611,买盘
1118,10:42:06,11.41,-0.02,38,43358,卖盘
1119,10:42:10,11.41,0.0,14,15974,卖盘
1120,10:42:13,11.41,0.0,244,278624,卖盘
1121,10:42:15,11.45,0.04,1091,1247428,买盘
1122,10:42:18,11.42,-0.03,135,154132,买盘
1123,10:42:21,11.42,0.0,1,1142,卖盘
1124,10:42:24,11.42,0.0,8,9136,卖盘
1125,10:42:27,11.42,0.0,24,27408,卖盘
1126,10:42:30,11.4,-0.02,29,33099,卖盘
1127,10:42:33,11.43,0.03,79,90297,买盘
1128,10:42:36,11.43,0.0,23,26289,卖盘
1129,10:42:39,11.45,0.02,228,261001,买盘
1130,10:42:42,11.45,0.0,54,61807,买盘
1131,10:42:45,11.45,0.0,45,51443,买盘
1132,10:42:49,11.46,0.01,405,463765,买盘
1133,10:42:51,11.46,0.0,139,159225,买盘
1134,10:42:54,11.47,0.01,160,183397,买盘
1135,10:42:57,11.45,-0.02,74,84786,卖盘
1136,10:43:00,11.47,0.02,159,182334,买盘
1137,10:43:04,11.47,0.0,125,143312,买盘
1138,10:43:06,11.47,0.0,45,51603,买盘
1139,10:43:09,11.46,-0.01,36,41258,卖盘
1140,10:43:12,11.47,0.01,224,257096,买盘
1141,10:43:15,11.45,-0.02,204,233886,卖盘
1142,10:43:18,11.47,0.02,6,6880,中性盘
1143,10:43:21,11.45,-0.02,2,2290,卖盘
1144,10:43:24,11.45,0.0,129,147976,卖盘
1145,10:43:27,11.47,0.02,48,55075,买盘
1146,10:43:31,11.46,-0.01,79,90652,卖盘
1147,10:43:33,11.47,0.01,28,32116,买盘
1148,10:43:36,11.47,0.0,23,26360,买盘
1149,10:43:39,11.47,0.0,93,106668,买盘
1150,10:43:42,11.48,0.01,188,215798,买盘
1151,10:43:45,11.48,0.0,246,282255,买盘
1152,10:43:48,11.48,0.0,61,70008,卖盘
1153,10:43:51,11.48,0.0,68,78127,卖盘
1154,10:43:55,11.49,0.01,283,325167,买盘
1155,10:43:57,11.5,0.01,256,294186,买盘
1156,10:44:01,11.49,-0.01,138,158673,卖盘
1157,10:44:04,11.5,0.01,707,813030,买盘
1158,10:44:06,11.49,-0.01,256,294393,卖盘
1159,10:44:09,11.5,0.01,58,66713,卖盘
1160,10:44:12,11.51,0.01,4,4604,买盘
1161,10:44:15,11.51,0.0,51,58701,卖盘
1162,10:44:18,11.51,0.0,32,36840,卖盘
1163,10:44:22,11.51,0.0,172,198160,卖盘
1164,10:44:24,11.52,0.01,3,3456,买盘
1165,10:44:27,11.53,0.01,31,35723,买盘
1166,10:44:30,11.52,-0.01,34,39168,卖盘
1167,10:44:33,11.5,-0.02,1106,1272394,卖盘
1168,10:44:36,11.53,0.03,247,285050,中性盘
1169,10:44:40,11.53,0.0,69,79470,卖盘
1170,10:44:42,11.52,-0.01,10,11520,中性盘
1171,10:44:49,11.52,0.0,45,51830,买盘
1172,10:44:51,11.51,-0.01,91,104791,卖盘
1173,10:44:54,11.52,0.01,143,164735,买盘
1174,10:44:57,11.52,0.0,216,248870,卖盘
1175,10:45:01,11.53,0.01,101,116401,买盘
1176,10:45:04,11.52,-0.01,55,63360,卖盘
1177,10:45:07,11.54,0.02,57,65722,买盘
1178,10:45:10,11.53,-0.01,956,1099698,买盘
1179,10:45:12,11.53,0.0,216,249050,买盘
1180,10:45:15,11.49,-0.04,29,33346,卖盘
1181,10:45:18,11.5,0.01,2,2300,买盘
1182,10:45:21,11.5,0.0,127,146050,买盘
1183,10:45:24,11.52,0.02,3,3452,买盘
1184,10:45:27,11.5,-0.02,44,50600,卖盘
1185,10:45:30,11.5,0.0,650,747500,卖盘
1186,10:45:33,11.49,-0.01,102,117193,卖盘
1187,10:45:36,11.48,-0.01,90,103328,卖盘
1188,10:45:40,11.48,0.0,131,150666,卖盘
1189,10:45:43,11.52,0.04,555,638657,买盘
1190,10:45:46,11.53,0.01,305,351539,买盘
1191,10:45:49,11.5,-0.03,922,1062097,卖盘
1192,10:45:51,11.55,0.05,489,564601,买盘
1193,10:45:54,11.54,-0.01,38,43825,卖盘
1194,10:45:57,11.55,0.01,63,72788,卖盘
1195,10:46:01,11.55,0.0,64,73920,卖盘
1196,10:46:04,11.55,0.0,112,129360,卖盘
1197,10:46:07,11.55,0.0,57,65871,卖盘
1198,10:46:09,11.51,-0.04,86,99278,卖盘
1199,10:46:12,11.57,0.06,111,128312,买盘
1200,10:46:15,11.55,-0.02,30,34650,买盘
1201,10:46:18,11.58,0.03,245,283301,买盘
1202,10:46:21,11.55,-0.03,27,31111,买盘
1203,10:46:24,11.55,0.0,1,1155,买盘
1204,10:46:27,11.55,0.0,67,77371,买盘
1205,10:46:30,11.55,0.0,102,117810,卖盘
1206,10:46:33,11.55,0.0,33,38125,卖盘
1207,10:46:36,11.56,0.01,17,19642,买盘
1208,10:46:39,11.56,0.0,20,23120,卖盘
1209,10:46:42,11.55,-0.01,34,39280,卖盘
1210,10:46:45,11.55,0.0,233,269523,卖盘
1211,10:46:48,11.55,0.0,37,42770,卖盘
1212,10:46:51,11.55,0.0,112,129362,卖盘
1213,10:46:54,11.57,0.02,138,159538,买盘
1214,10:46:57,11.57,0.0,64,74048,卖盘
1215,10:47:00,11.57,0.0,110,127320,卖盘
1216,10:47:03,11.58,0.01,130,150511,买盘
1217,10:47:06,11.58,0.0,45,52127,卖盘
1218,10:47:10,11.6,0.02,683,791899,买盘
1219,10:47:12,11.6,0.0,62,71954,卖盘
1220,10:47:16,11.61,0.01,158,183442,中性盘
1221,10:47:19,11.62,0.01,75,87141,买盘
1222,10:47:21,11.63,0.01,175,203396,买盘
1223,10:47:24,11.61,-0.02,271,314751,卖盘
1224,10:47:27,11.61,0.0,51,59211,买盘
1225,10:47:30,11.6,-0.01,574,666722,卖盘
1226,10:47:33,11.6,0.0,247,286520,买盘
1227,10:47:37,11.6,0.0,413,479080,买盘
1228,10:47:39,11.61,0.01,155,179868,买盘
1229,10:47:42,11.61,0.0,10,11610,卖盘
1230,10:47:45,11.64,0.03,319,369951,买盘
1231,10:47:48,11.64,0.0,20,23280,卖盘
1232,10:47:51,11.65,0.01,15,17470,买盘
1233,10:47:54,11.64,-0.01,6,6985,卖盘
1234,10:47:57,11.65,0.01,75,87353,买盘
1235,10:48:00,11.65,0.0,167,194500,买盘
1236,10:48:04,11.66,0.01,90,104937,买盘
1237,10:48:06,11.67,0.01,96,111900,买盘
1238,10:48:09,11.66,-0.01,11,12826,卖盘
1239,10:48:12,11.66,0.0,35,40817,卖盘
1240,10:48:15,11.67,0.01,109,127097,买盘
1241,10:48:18,11.67,0.0,61,71184,买盘
1242,10:48:21,11.7,0.03,721,842286,买盘
1243,10:48:24,11.7,0.0,33,38610,卖盘
1244,10:48:27,11.74,0.04,141,165144,买盘
1245,10:48:30,11.72,-0.02,24,28105,中性盘
1246,10:48:33,11.71,-0.01,94,110022,卖盘
1247,10:48:36,11.7,-0.01,168,196567,卖盘
1248,10:48:39,11.67,-0.03,74,86390,卖盘
1249,10:48:42,11.66,-0.01,63,73529,卖盘
1250,10:48:45,11.65,-0.01,174,202822,卖盘
1251,10:48:48,11.68,0.03,668,777663,买盘
1252,10:48:52,11.59,-0.09,137,159221,卖盘
1253,10:48:54,11.6,0.01,87,100863,中性盘
1254,10:48:57,11.6,0.0,105,121888,卖盘
1255,10:49:01,11.57,-0.03,306,354565,卖盘
1256,10:49:04,11.57,0.0,22,25463,卖盘
1257,10:49:07,11.56,-0.01,223,257991,卖盘
1258,10:49:09,11.57,0.01,221,255488,买盘
1259,10:49:12,11.57,0.0,83,95991,买盘
1260,10:49:15,11.55,-0.02,35,40425,买盘
1261,10:49:18,11.62,0.07,240,277465,买盘
1262,10:49:21,11.57,-0.05,14,16218,卖盘
1263,10:49:24,11.55,-0.02,15,17325,中性盘
1264,10:49:27,11.54,-0.01,28,32332,卖盘
1265,10:49:34,11.54,0.0,182,210050,卖盘
1266,10:49:36,11.54,0.0,119,137375,卖盘
1267,10:49:40,11.55,0.01,42,48510,中性盘
1268,10:49:43,11.55,0.0,200,231090,卖盘
1269,10:49:46,11.56,0.01,82,94711,买盘
1270,10:49:49,11.55,-0.01,345,398796,卖盘
1271,10:49:51,11.55,0.0,33,38115,卖盘
1272,10:49:54,11.57,0.02,205,237145,买盘
1273,10:49:57,11.57,0.0,279,323234,卖盘
1274,10:50:01,11.65,0.08,826,959225,买盘
1275,10:50:04,11.62,-0.03,167,193487,中性盘
1276,10:50:06,11.56,-0.06,1150,1332352,卖盘
1277,10:50:12,11.58,0.02,21,24333,卖盘
1278,10:50:15,11.65,0.07,345,401309,买盘
1279,10:50:21,11.56,-0.09,831,960866,卖盘
1280,10:50:24,11.55,-0.01,14,16174,卖盘
1281,10:50:27,11.56,0.01,72,83232,买盘
1282,10:50:31,11.6,0.04,212,245202,买盘
1283,10:50:33,11.58,-0.02,31,35898,卖盘
1284,10:50:36,11.6,0.02,11,12760,买盘
1285,10:50:39,11.6,0.0,10,11600,卖盘
1286,10:50:42,11.6,0.0,7,8118,买盘
1287,10:50:45,11.57,-0.03,90,104237,卖盘
1288,10:50:48,11.58,0.01,518,598885,卖盘
1289,10:50:51,11.58,0.0,5,5790,买盘
1290,10:50:57,11.6,0.02,167,193640,买盘
1291,10:51:00,11.6,0.0,30,34800,卖盘
1292,10:51:04,11.6,0.0,119,138040,卖盘
1293,10:51:06,11.6,0.0,21,24360,卖盘
1294,10:51:10,11.6,0.0,69,80040,卖盘
1295,10:51:13,11.61,0.01,80,92898,买盘
1296,10:51:15,11.61,0.0,112,130033,卖盘
1297,10:51:18,11.61,0.0,21,24381,卖盘
1298,10:51:21,11.61,0.0,88,102168,卖盘
1299,10:51:24,11.61,0.0,42,48762,卖盘
1300,10:51:30,11.61,0.0,39,45261,卖盘
1301,10:51:33,11.61,0.0,15,17415,卖盘
1302,10:51:36,11.6,-0.01,300,348167,卖盘
1303,10:51:39,11.6,0.0,46,53360,卖盘
1304,10:51:45,11.62,0.02,177,205644,买盘
1305,10:51:48,11.62,0.0,57,66234,卖盘
1306,10:51:52,11.62,0.0,80,92973,卖盘
1307,10:51:54,11.62,0.0,12,13944,卖盘
1308,10:51:57,11.63,0.01,43,49971,买盘
1309,10:52:00,11.63,0.0,29,33717,买盘
1310,10:52:04,11.62,-0.01,43,49979,卖盘
1311,10:52:06,11.65,0.03,709,825600,买盘
1312,10:52:10,11.65,0.0,50,58250,卖盘
1313,10:52:12,11.65,0.0,132,153780,卖盘
1314,10:52:15,11.66,0.01,161,187608,买盘
1315,10:52:18,11.66,0.0,315,367290,卖盘
1316,10:52:22,11.66,0.0,4,4664,卖盘
1317,10:52:25,11.66,0.0,54,62967,卖盘
1318,10:52:28,11.65,-0.01,302,352049,卖盘
1319,10:52:30,11.67,0.02,397,463471,买盘
1320,10:52:36,11.65,-0.02,69,80385,卖盘
1321,10:52:39,11.66,0.01,134,156243,买盘
1322,10:52:42,11.67,0.01,17,19823,买盘
1323,10:52:45,11.66,-0.01,65,75763,卖盘
1324,10:52:48,11.65,-0.01,491,572371,卖盘
1325,10:52:51,11.66,0.01,48,55940,买盘
1326,10:52:54,11.65,-0.01,97,113035,卖盘
1327,10:52:57,11.65,0.0,169,196910,卖盘
1328,10:53:00,11.65,0.0,50,58250,买盘
1329,10:53:04,11.67,0.02,351,409162,买盘
1330,10:53:06,11.65,-0.02,19,22135,买盘
1331,10:53:09,11.65,0.0,28,32620,卖盘
1332,10:53:12,11.65,0.0,60,69900,卖盘
1333,10:53:16,11.63,-0.02,14,16287,卖盘
1334,10:53:19,11.64,0.01,20,23261,买盘
1335,10:53:21,11.64,0.0,72,83766,买盘
1336,10:53:24,11.66,0.02,294,342455,买盘
1337,10:53:27,11.66,0.0,6,6996,卖盘
1338,10:53:30,11.66,0.0,32,37312,卖盘
1339,10:53:33,11.66,0.0,298,347468,卖盘
1340,10:53:36,11.66,0.0,96,111936,买盘
1341,10:53:39,11.67,0.01,75,87453,买盘
1342,10:53:43,11.65,-0.02,85,99105,卖盘
1343,10:53:48,11.66,0.01,22,25649,买盘
1344,10:53:51,11.65,-0.01,7,8155,卖盘
1345,10:53:54,11.62,-0.03,48,55832,卖盘
1346,10:54:00,11.62,0.0,7,8134,卖盘
1347,10:54:04,11.62,0.0,95,110413,卖盘
1348,10:54:06,11.62,0.0,5,5810,卖盘
1349,10:54:09,11.64,0.02,33,38406,买盘
1350,10:54:12,11.62,-0.02,96,111586,卖盘
1351,10:54:15,11.62,0.0,28,32536,卖盘
1352,10:54:18,11.61,-0.01,240,279207,卖盘
1353,10:54:24,11.64,0.03,68,79098,买盘
1354,10:54:27,11.64,0.0,39,45396,卖盘
1355,10:54:30,11.64,0.0,86,100104,卖盘
1356,10:54:33,11.64,0.0,26,30264,卖盘
1357,10:54:36,11.64,0.0,24,27936,卖盘
1358,10:54:39,11.64,0.0,181,210685,卖盘
1359,10:54:42,11.64,0.0,51,59400,卖盘
1360,10:54:45,11.66,0.02,412,479972,买盘
1361,10:54:48,11.62,-0.04,23,26726,卖盘
1362,10:54:51,11.62,0.0,10,11638,卖盘
1363,10:54:57,11.62,0.0,6,6972,买盘
1364,10:55:00,11.61,-0.01,62,71984,卖盘
1365,10:55:04,11.62,0.01,10,11620,买盘
1366,10:55:06,11.62,0.0,15,17425,买盘
1367,10:55:09,11.61,-0.01,22,25545,卖盘
1368,10:55:12,11.61,0.0,35,40677,卖盘
1369,10:55:15,11.6,-0.01,21,24360,卖盘
1370,10:55:18,11.6,0.0,45,52203,卖盘
1371,10:55:22,11.6,0.0,41,47560,卖盘
1372,10:55:24,11.63,0.03,290,337037,买盘
1373,10:55:28,11.63,0.0,51,59313,卖盘
1374,10:55:31,11.64,0.01,68,79113,买盘
1375,10:55:34,11.63,-0.01,97,112829,卖盘
1376,10:55:36,11.63,0.0,99,115152,卖盘
1377,10:55:39,11.64,0.01,2,2328,买盘
1378,10:55:42,11.63,-0.01,22,25586,卖盘
1379,10:55:48,11.64,0.01,47,54693,买盘
1380,10:55:52,11.63,-0.01,264,307032,卖盘
1381,10:55:54,11.63,0.0,22,25586,卖盘
1382,10:55:57,11.63,0.0,93,108159,卖盘
1383,10:56:00,11.63,0.0,242,281446,卖盘
1384,10:56:04,11.64,0.01,14,16286,买盘
1385,10:56:07,11.63,-0.01,30,34890,卖盘
1386,10:56:09,11.63,0.0,2,2326,卖盘
1387,10:56:12,11.63,0.0,109,126767,卖盘
1388,10:56:15,11.6,-0.03,21,24360,卖盘
1389,10:56:18,11.6,0.0,44,51060,卖盘
1390,10:56:21,11.6,0.0,254,295317,卖盘
1391,10:56:28,11.6,0.0,42,48720,卖盘
1392,10:56:30,11.61,0.01,57,66171,买盘
1393,10:56:34,11.6,-0.01,21,24368,卖盘
1394,10:56:37,11.63,0.03,5,5812,买盘
1395,10:56:40,11.6,-0.03,22,25521,卖盘
1396,10:56:43,11.61,0.01,1,1161,中性盘
1397,10:56:46,11.61,0.0,4,4644,买盘
1398,10:56:49,11.61,0.0,29,33670,卖盘
1399,10:56:51,11.62,0.01,4,4648,买盘
1400,10:56:54,11.63,0.01,321,373188,买盘
1401,10:56:58,11.62,-0.01,141,163922,中性盘
1402,10:57:00,11.63,0.01,111,129063,买盘
1403,10:57:04,11.63,0.0,56,65128,买盘
1404,10:57:06,11.65,0.02,438,509954,买盘
1405,10:57:10,11.66,0.01,281,327463,买盘
1406,10:57:12,11.63,-0.03,243,283065,卖盘
1407,10:57:15,11.63,0.0,10,11630,卖盘
1408,10:57:18,11.64,0.01,11,12804,买盘
1409,10:57:21,11.63,-0.01,11,12797,卖盘
1410,10:57:24,11.62,-0.01,2,2324,卖盘
1411,10:57:27,11.63,0.01,113,131417,买盘
1412,10:57:31,11.65,0.02,66,76890,买盘
1413,10:57:34,11.65,0.0,22,25630,卖盘
1414,10:57:37,11.65,0.0,18,20970,卖盘
1415,10:57:39,11.64,-0.01,407,474250,卖盘
1416,10:57:42,11.66,0.02,231,269346,买盘
1417,10:57:45,11.68,0.02,324,378130,买盘
1418,10:57:48,11.66,-0.02,144,168178,卖盘
1419,10:57:51,11.7,0.04,2432,2844751,买盘
1420,10:57:54,11.7,0.0,74,86576,买盘
1421,10:57:57,11.71,0.01,60,70255,买盘
1422,10:58:00,11.7,-0.01,5,5850,卖盘
1423,10:58:04,11.71,0.01,88,102995,买盘
1424,10:58:06,11.7,-0.01,93,108701,卖盘
1425,10:58:09,11.67,-0.03,13,15171,买盘
1426,10:58:12,11.65,-0.02,59,68794,卖盘
1427,10:58:18,11.63,-0.02,36,41883,卖盘
1428,10:58:21,11.65,0.02,1,1165,买盘
1429,10:58:24,11.67,0.02,63,73521,卖盘
1430,10:58:27,11.67,0.0,22,25674,卖盘
1431,10:58:30,11.67,0.0,140,163472,卖盘
1432,10:58:33,11.67,0.0,44,51348,卖盘
1433,10:58:36,11.67,0.0,61,71263,卖盘
1434,10:58:40,11.67,0.0,28,32678,卖盘
1435,10:58:42,11.63,-0.04,302,351416,卖盘
1436,10:58:45,11.66,0.03,14,16327,中性盘
1437,10:58:49,11.63,-0.03,24,27978,卖盘
1438,10:58:51,11.63,0.0,21,24423,卖盘
1439,10:58:54,11.64,0.01,1,1164,买盘
1440,10:59:00,11.63,-0.01,2,2326,卖盘
1441,10:59:04,11.62,-0.01,22,25578,卖盘
1442,10:59:12,11.64,0.02,76,88320,买盘
1443,10:59:16,11.62,-0.02,13,15110,卖盘
1444,10:59:18,11.62,0.0,44,51128,卖盘
1445,10:59:21,11.63,0.01,2,2326,买盘
1446,10:59:24,11.63,0.0,90,104619,买盘
1447,10:59:27,11.65,0.02,3,3495,买盘
1448,10:59:30,11.63,-0.02,10,11630,卖盘
1449,10:59:36,11.62,-0.01,24,27908,卖盘
1450,10:59:45,11.62,0.0,23,26730,卖盘
1451,10:59:51,11.63,0.01,7,8136,买盘
1452,10:59:55,11.62,-0.01,16,18592,卖盘
1453,10:59:57,11.63,0.01,89,103427,买盘
1454,11:00:00,11.65,0.02,333,387677,买盘
1455,11:00:04,11.65,0.0,50,58250,卖盘
1456,11:00:06,11.65,0.0,5,5825,卖盘
1457,11:00:09,11.61,-0.04,21,24409,卖盘
1458,11:00:13,11.65,0.04,2,2330,买盘
1459,11:00:18,11.63,-0.02,57,66240,买盘
1460,11:00:21,11.62,-0.01,24,27888,卖盘
1461,11:00:30,11.62,0.0,33,38347,卖盘
1462,11:00:39,11.62,0.0,51,59262,卖盘
1463,11:00:42,11.62,0.0,22,25564,卖盘
1464,11:00:45,11.63,0.01,1,1163,买盘
1465,11:00:48,11.62,-0.01,37,42994,卖盘
1466,11:00:51,11.62,0.0,23,26726,卖盘
1467,11:00:57,11.62,0.0,21,24402,卖盘
1468,11:01:04,11.62,0.0,33,38346,卖盘
1469,11:01:06,11.62,0.0,4,4648,卖盘
1470,11:01:12,11.62,0.0,62,72044,卖盘
1471,11:01:15,11.62,0.0,22,25564,卖盘
1472,11:01:18,11.62,0.0,101,117362,卖盘
1473,11:01:21,11.62,0.0,94,109228,卖盘
1474,11:01:24,11.61,-0.01,105,121967,卖盘
1475,11:01:27,11.61,0.0,64,74304,卖盘
1476,11:01:30,11.63,0.02,251,291712,买盘
1477,11:01:33,11.61,-0.02,9,10449,卖盘
1478,11:01:37,11.6,-0.01,506,587342,卖盘
1479,11:01:40,11.62,0.02,2,2324,买盘
1480,11:01:43,11.61,-0.01,27,31347,买盘
1481,11:01:45,11.6,-0.01,12,13920,卖盘
1482,11:01:48,11.6,0.0,62,71922,卖盘
1483,11:01:51,11.6,0.0,665,771400,卖盘
1484,11:01:54,11.59,-0.01,173,200507,卖盘
1485,11:01:57,11.59,0.0,233,270168,卖盘
1486,11:02:00,11.59,0.0,263,304817,卖盘
1487,11:02:04,11.59,0.0,40,46363,卖盘
1488,11:02:06,11.58,-0.01,9,10422,卖盘
1489,11:02:09,11.57,-0.01,13,15041,卖盘
1490,11:02:12,11.58,0.01,38,43987,买盘
1491,11:02:15,11.58,0.0,54,62516,卖盘
1492,11:02:18,11.56,-0.02,25,28900,卖盘
1493,11:02:21,11.56,0.0,27,31189,买盘
1494,11:02:27,11.55,-0.01,13,15046,卖盘
1495,11:02:30,11.56,0.01,24,27744,中性盘
1496,11:02:33,11.57,0.01,18,20826,买盘
1497,11:02:36,11.55,-0.02,180,208014,卖盘
1498,11:02:39,11.58,0.03,11,12708,买盘
1499,11:02:42,11.55,-0.03,19,21945,卖盘
1500,11:02:45,11.55,0.0,19,21945,卖盘
1501,11:02:48,11.55,0.0,30,34650,卖盘
1502,11:02:51,11.55,0.0,13,15015,卖盘
1503,11:02:54,11.54,-0.01,20,23089,卖盘
1504,11:02:57,11.55,0.01,47,54285,卖盘
1505,11:03:00,11.55,0.0,19,21945,卖盘
1506,11:03:03,11.54,-0.01,62,71582,卖盘
1507,11:03:12,11.54,0.0,50,57700,卖盘
1508,11:03:15,11.54,0.0,113,130425,卖盘
1509,11:03:18,11.54,0.0,34,39236,卖盘
1510,11:03:21,11.55,0.01,52,60060,买盘
1511,11:03:24,11.55,0.0,5,5775,卖盘
1512,11:03:27,11.54,-0.01,22,25392,卖盘
1513,11:03:30,11.55,0.01,3,3465,中性盘
1514,11:03:36,11.54,-0.01,20,23080,卖盘
1515,11:03:39,11.54,0.0,31,35774,卖盘
1516,11:03:42,11.54,0.0,5,5770,卖盘
1517,11:03:45,11.54,0.0,30,34620,卖盘
1518,11:03:48,11.54,0.0,26,30010,卖盘
1519,11:03:54,11.54,0.0,5,5770,卖盘
1520,11:04:01,11.54,0.0,21,24234,卖盘
1521,11:04:04,11.52,-0.02,1974,2274498,卖盘
1522,11:04:09,11.52,0.0,71,81669,买盘
1523,11:04:12,11.5,-0.02,58,66700,卖盘
1524,11:04:15,11.51,0.01,12,13802,买盘
1525,11:04:18,11.5,-0.01,1,1150,卖盘
1526,11:04:21,11.47,-0.03,25,28692,卖盘
1527,11:04:24,11.51,0.04,13,14954,买盘
1528,11:04:27,11.48,-0.03,32,36736,买盘
1529,11:04:30,11.47,-0.01,1,1147,卖盘
1530,11:04:36,11.47,0.0,10,11470,卖盘
1531,11:04:39,11.46,-0.01,71,81366,卖盘
1532,11:04:42,11.48,0.02,146,167388,买盘
1533,11:04:46,11.47,-0.01,14,16058,买盘
1534,11:04:49,11.5,0.03,291,334290,买盘
1535,11:04:51,11.47,-0.03,11,12617,买盘
1536,11:04:55,11.5,0.03,10,11500,买盘
1537,11:04:57,11.47,-0.03,2,2294,卖盘
1538,11:05:04,11.47,0.0,5,5735,卖盘
1539,11:05:12,11.5,0.03,98,112700,买盘
1540,11:05:18,11.51,0.01,42,48332,买盘
1541,11:05:21,11.54,0.03,151,174011,买盘
1542,11:05:24,11.54,0.0,8,9232,卖盘
1543,11:05:28,11.54,0.0,8,9232,卖盘
1544,11:05:30,11.56,0.02,103,118989,买盘
1545,11:05:33,11.56,0.0,57,65892,卖盘
1546,11:05:36,11.57,0.01,18,20826,买盘
1547,11:05:39,11.56,-0.01,51,58957,卖盘
1548,11:05:42,11.58,0.02,4,4632,买盘
1549,11:05:45,11.58,0.0,21,24298,买盘
1550,11:05:49,11.58,0.0,423,490086,买盘
1551,11:05:51,11.59,0.01,139,161038,买盘
1552,11:05:54,11.6,0.01,157,182082,买盘
1553,11:05:57,11.6,0.0,3,3480,买盘
1554,11:06:00,11.6,0.0,19,22023,买盘
1555,11:06:04,11.6,0.0,522,605507,买盘
1556,11:06:06,11.59,-0.01,60,69560,卖盘
1557,11:06:10,11.6,0.01,245,284200,买盘
1558,11:06:18,11.6,0.0,449,520791,买盘
1559,11:06:21,11.61,0.01,161,186841,买盘
1560,11:06:24,11.61,0.0,100,116100,卖盘
1561,11:06:27,11.61,0.0,1,1161,卖盘
1562,11:06:30,11.62,0.01,88,102198,买盘
1563,11:06:33,11.62,0.0,25,29050,卖盘
1564,11:06:36,11.62,0.0,55,63918,卖盘
1565,11:06:39,11.63,0.01,106,123204,买盘
1566,11:06:42,11.63,0.0,72,83684,买盘
1567,11:06:45,11.63,0.0,49,56964,买盘
1568,11:06:49,11.63,0.0,9,10467,买盘
1569,11:06:54,11.62,-0.01,19,22078,卖盘
1570,11:06:58,11.63,0.01,24,27893,买盘
1571,11:07:00,11.62,-0.01,18,20916,卖盘
1572,11:07:03,11.62,0.0,652,759073,卖盘
1573,11:07:06,11.62,0.0,2,2324,卖盘
1574,11:07:12,11.62,0.0,6,6972,卖盘
1575,11:07:15,11.62,0.0,160,185956,卖盘
1576,11:07:18,11.62,0.0,5,5601,卖盘
1577,11:07:21,11.64,0.02,14,16283,买盘
1578,11:07:27,11.61,-0.03,3,3483,卖盘
1579,11:07:30,11.61,0.0,13,15099,卖盘
1580,11:07:42,11.61,0.0,2,2322,卖盘
1581,11:07:46,11.63,0.02,130,151139,买盘
1582,11:07:48,11.61,-0.02,43,49923,卖盘
1583,11:07:51,11.64,0.03,248,288434,买盘
1584,11:08:00,11.62,-0.02,6,6969,买盘
1585,11:08:04,11.63,0.01,4,4650,买盘
1586,11:08:07,11.61,-0.02,10,11610,卖盘
1587,11:08:10,11.64,0.03,121,140799,买盘
1588,11:08:15,11.64,0.0,146,169907,买盘
1589,11:08:21,11.64,0.0,86,100309,买盘
1590,11:08:24,11.64,0.0,1,1164,卖盘
1591,11:08:27,11.64,0.0,24,27936,卖盘
1592,11:08:30,11.65,0.01,12,13760,买盘
1593,11:08:34,11.6,-0.05,54,62647,卖盘
1594,11:08:45,11.64,0.04,192,223372,买盘
1595,11:08:48,11.64,0.0,54,62856,卖盘
1596,11:08:54,11.64,0.0,10,11640,卖盘
1597,11:09:12,11.62,-0.02,83,96446,卖盘
1598,11:09:18,11.62,0.0,11,12782,卖盘
1599,11:09:27,11.62,0.0,16,18592,卖盘
1600,11:09:30,11.63,0.01,2,2326,买盘
1601,11:09:36,11.63,0.0,109,126765,买盘
1602,11:09:43,11.63,0.0,371,431824,卖盘
1603,11:09:45,11.63,0.0,99,115185,卖盘
1604,11:09:49,11.63,0.0,69,80267,卖盘
1605,11:09:51,11.63,0.0,145,168635,卖盘
1606,11:09:55,11.62,-0.01,109,126658,卖盘
1607,11:09:58,11.62,0.0,7,8134,卖盘
1608,11:10:00,11.62,0.0,25,29062,卖盘
1609,11:10:04,11.62,0.0,82,95284,卖盘
1610,11:10:06,11.62,0.0,127,147574,卖盘
1611,11:10:10,11.62,0.0,130,151048,卖盘
1612,11:10:12,11.61,-0.01,9,10449,卖盘
1613,11:10:15,11.61,0.0,5,5805,卖盘
1614,11:10:19,11.6,-0.01,56,64960,卖盘
1615,11:10:25,11.6,0.0,10,11600,卖盘
1616,11:10:27,11.62,0.02,146,169618,买盘
1617,11:10:31,11.6,-0.02,48,55680,卖盘
1618,11:10:33,11.6,0.0,50,58001,卖盘
1619,11:10:37,11.6,0.0,28,32480,卖盘
1620,11:10:40,11.6,0.0,13,15080,卖盘
1621,11:10:43,11.6,0.0,54,62641,卖盘
1622,11:10:46,11.58,-0.02,190,220393,卖盘
1623,11:10:49,11.58,0.0,6,6948,卖盘
1624,11:10:52,11.59,0.01,4,4633,买盘
1625,11:10:55,11.58,-0.01,54,62532,卖盘
1626,11:10:57,11.55,-0.03,357,413346,卖盘
1627,11:11:01,11.58,0.03,46,53268,买盘
1628,11:11:04,11.55,-0.03,30,34650,卖盘
1629,11:11:06,11.55,0.0,3,3465,买盘
1630,11:11:09,11.55,0.0,38,43926,卖盘
1631,11:11:12,11.55,0.0,54,62370,卖盘
1632,11:11:19,11.55,0.0,58,66990,卖盘
1633,11:11:22,11.53,-0.02,6,6920,卖盘
1634,11:11:28,11.52,-0.01,23,26496,卖盘
1635,11:11:31,11.52,0.0,3,3456,卖盘
1636,11:11:34,11.51,-0.01,21,24171,卖盘
1637,11:11:37,11.51,0.0,2,2302,买盘
1638,11:11:39,11.51,0.0,57,65639,卖盘
1639,11:11:42,11.5,-0.01,307,353163,卖盘
1640,11:11:46,11.48,-0.02,53,60867,卖盘
1641,11:11:49,11.5,0.02,10,11484,买盘
1642,11:11:51,11.5,0.0,60,69000,买盘
1643,11:11:55,11.47,-0.03,24,27529,卖盘
1644,11:11:57,11.48,0.01,10,11480,中性盘
1645,11:12:01,11.48,0.0,21,24108,买盘
1646,11:12:04,11.48,0.0,19,21812,买盘
1647,11:12:07,11.47,-0.01,80,91762,卖盘
1648,11:12:09,11.47,0.0,6,6885,卖盘
1649,11:12:18,11.5,0.03,103,118233,买盘
1650,11:12:21,11.48,-0.02,47,53956,卖盘
1651,11:12:28,11.48,0.0,31,35588,卖盘
1652,11:12:31,11.5,0.02,47,54050,买盘
1653,11:12:34,11.5,0.0,71,81590,买盘
1654,11:12:37,11.5,0.0,142,163300,买盘
1655,11:12:40,11.5,0.0,29,33350,卖盘
1656,11:12:43,11.52,0.02,59,67927,买盘
1657,11:12:46,11.52,0.0,2,2304,卖盘
1658,11:12:49,11.5,-0.02,59,67882,卖盘
1659,11:12:52,11.51,0.01,6,6906,买盘
1660,11:12:54,11.5,-0.01,13,14950,卖盘
1661,11:12:57,11.5,0.0,87,100050,卖盘
1662,11:13:01,11.5,0.0,50,57500,卖盘
1663,11:13:07,11.5,0.0,1,1150,卖盘
1664,11:13:10,11.51,0.01,1,1151,中性盘
1665,11:13:13,11.49,-0.02,20,22993,卖盘
1666,11:13:18,11.49,0.0,4,4596,买盘
1667,11:13:25,11.5,0.01,91,104650,卖盘
1668,11:13:28,11.51,0.01,81,93200,中性盘
1669,11:13:33,11.51,0.0,76,87526,卖盘
1670,11:13:36,11.51,0.0,31,35681,卖盘
1671,11:13:39,11.51,0.0,61,70212,卖盘
1672,11:13:42,11.52,0.01,15,17280,买盘
1673,11:13:46,11.52,0.0,23,26474,买盘
1674,11:13:49,11.51,-0.01,51,58701,卖盘
1675,11:13:51,11.52,0.01,17,19584,买盘
1676,11:13:54,11.52,0.0,2,2304,卖盘
1677,11:13:57,11.52,0.0,22,25344,卖盘
1678,11:14:00,11.53,0.01,72,82945,买盘
1679,11:14:04,11.53,0.0,36,41473,买盘
1680,11:14:06,11.52,-0.01,51,58752,卖盘
1681,11:14:09,11.52,0.0,23,26496,卖盘
1682,11:14:12,11.52,0.0,17,19584,卖盘
1683,11:14:15,11.52,0.0,23,26502,卖盘
1684,11:14:18,11.52,0.0,134,154415,卖盘
1685,11:14:22,11.52,0.0,2,2304,买盘
1686,11:14:25,11.51,-0.01,945,1090559,卖盘
1687,11:14:30,11.51,0.0,20,23040,卖盘
1688,11:14:40,11.53,0.02,21,24213,卖盘
1689,11:14:45,11.53,0.0,14,16142,卖盘
1690,11:14:49,11.53,0.0,116,133752,卖盘
1691,11:14:52,11.53,0.0,1,1153,卖盘
1692,11:14:54,11.53,0.0,58,66874,卖盘
1693,11:14:57,11.53,0.0,1,1153,卖盘
1694,11:15:00,11.52,-0.01,21,24200,卖盘
1695,11:15:04,11.52,0.0,12,13824,卖盘
1696,11:15:10,11.52,0.0,23,26496,卖盘
1697,11:15:13,11.52,0.0,4,4608,卖盘
1698,11:15:16,11.51,-0.01,16,18416,卖盘
1699,11:15:19,11.52,0.01,70,80640,买盘
1700,11:15:22,11.51,-0.01,45,51795,卖盘
1701,11:15:25,11.51,0.0,62,71382,卖盘
1702,11:15:28,11.51,0.0,10,11510,卖盘
1703,11:15:30,11.51,0.0,8,9208,卖盘
1704,11:15:33,11.51,0.0,21,24171,卖盘
1705,11:15:43,11.51,0.0,69,79419,卖盘
1706,11:15:46,11.52,0.01,19,21888,买盘
1707,11:15:49,11.51,-0.01,58,66810,卖盘
1708,11:15:52,11.51,0.0,230,264750,卖盘
1709,11:15:55,11.51,0.0,21,24171,卖盘
1710,11:15:58,11.52,0.01,24,27648,买盘
1711,11:16:01,11.52,0.0,35,40320,卖盘
1712,11:16:04,11.51,-0.01,20,23030,卖盘
1713,11:16:07,11.51,0.0,27,31077,卖盘
1714,11:16:09,11.51,0.0,4,4604,卖盘
1715,11:16:16,11.51,0.0,30,34536,卖盘
1716,11:16:19,11.52,0.01,1,1152,买盘
1717,11:16:22,11.51,-0.01,207,238257,卖盘
1718,11:16:25,11.5,-0.01,28,32200,卖盘
1719,11:16:27,11.5,0.0,31,35650,卖盘
1720,11:16:31,11.5,0.0,35,40252,卖盘
1721,11:16:37,11.5,0.0,2,2300,买盘
1722,11:16:40,11.5,0.0,79,90807,买盘
1723,11:16:43,11.5,0.0,10,11500,卖盘
1724,11:16:48,11.47,-0.03,31,35610,卖盘
1725,11:16:51,11.48,0.01,6,6888,中性盘
1726,11:16:54,11.48,0.0,4,4592,买盘
1727,11:16:57,11.47,-0.01,42,48174,卖盘
1728,11:17:01,11.46,-0.01,20,22931,卖盘
1729,11:17:04,11.49,0.03,53,60897,买盘
1730,11:17:07,11.49,0.0,4,4596,卖盘
1731,11:17:10,11.5,0.01,44,50588,买盘
1732,11:17:12,11.5,0.0,24,27579,买盘
1733,11:17:15,11.5,0.0,2,2300,买盘
1734,11:17:22,11.49,-0.01,22,25279,卖盘
1735,11:17:24,11.5,0.01,6,6900,买盘
1736,11:17:27,11.49,-0.01,2,2298,卖盘
1737,11:17:34,11.5,0.01,30,34476,买盘
1738,11:17:37,11.5,0.0,7,8050,买盘
1739,11:17:40,11.49,-0.01,81,93069,卖盘
1740,11:17:45,11.49,0.0,20,22942,买盘
1741,11:17:51,11.47,-0.02,53,60795,卖盘
1742,11:17:54,11.49,0.02,72,82592,买盘
1743,11:17:57,11.49,0.0,27,30977,买盘
1744,11:18:04,11.47,-0.02,3,3441,卖盘
1745,11:18:07,11.47,0.0,20,22940,卖盘
1746,11:18:10,11.46,-0.01,40,45865,卖盘
1747,11:18:12,11.47,0.01,2,2294,买盘
1748,11:18:18,11.46,-0.01,21,24066,卖盘
1749,11:18:24,11.46,0.0,2,2292,卖盘
1750,11:18:27,11.46,0.0,16,18336,卖盘
1751,11:18:30,11.49,0.03,103,118197,买盘
1752,11:18:37,11.49,0.0,7,8033,买盘
1753,11:18:39,11.47,-0.02,23,26383,卖盘
1754,11:18:42,11.48,0.01,11,12628,中性盘
1755,11:18:49,11.48,0.0,1,1148,买盘
1756,11:18:51,11.48,0.0,33,37852,买盘
1757,11:18:55,11.47,-0.01,103,118143,卖盘
1758,11:18:58,11.47,0.0,48,55056,卖盘
1759,11:19:04,11.47,0.0,170,194990,卖盘
1760,11:19:06,11.48,0.01,136,156128,买盘
1761,11:19:12,11.48,0.0,27,30996,卖盘
1762,11:19:18,11.48,0.0,28,32159,卖盘
1763,11:19:21,11.49,0.01,3,3447,买盘
1764,11:19:24,11.49,0.0,40,45938,买盘
1765,11:19:28,11.5,0.01,282,323558,买盘
1766,11:19:31,11.5,0.0,20,22994,买盘
1767,11:19:34,11.49,-0.01,5,5745,卖盘
1768,11:19:37,11.5,0.01,73,83927,买盘
1769,11:19:40,11.5,0.0,110,126500,买盘
1770,11:19:43,11.5,0.0,105,120750,买盘
1771,11:19:46,11.49,-0.01,70,80462,卖盘
1772,11:19:48,11.51,0.02,2,2302,买盘
1773,11:19:51,11.51,0.0,38,43728,买盘
1774,11:19:54,11.5,-0.01,52,59807,卖盘
1775,11:19:57,11.5,0.0,12,13800,卖盘
1776,11:20:00,11.5,0.0,3,3450,买盘
1777,11:20:07,11.5,0.0,39,44850,买盘
1778,11:20:10,11.5,0.0,102,117283,卖盘
1779,11:20:16,11.52,0.02,33,38005,买盘
1780,11:20:19,11.52,0.0,90,103640,买盘
1781,11:20:24,11.52,0.0,42,48384,卖盘
1782,11:20:28,11.52,0.0,7,8064,卖盘
1783,11:20:30,11.53,0.01,36,41487,买盘
1784,11:20:34,11.53,0.0,10,11530,卖盘
1785,11:20:36,11.53,0.0,32,36896,卖盘
1786,11:20:43,11.53,0.0,26,29978,卖盘
1787,11:20:49,11.54,0.01,32,36928,买盘
1788,11:20:52,11.52,-0.02,22,25372,卖盘
1789,11:20:54,11.55,0.03,1,1155,买盘
1790,11:20:58,11.52,-0.03,52,59955,卖盘
1791,11:21:00,11.53,0.01,7,8071,买盘
1792,11:21:03,11.52,-0.01,23,26496,卖盘
1793,11:21:16,11.51,-0.01,42,48382,卖盘
1794,11:21:21,11.52,0.01,6,6911,买盘
1795,11:21:24,11.5,-0.02,24,27609,卖盘
1796,11:21:30,11.5,0.0,3,3450,卖盘
1797,11:21:36,11.5,0.0,22,25300,卖盘
1798,11:21:39,11.52,0.02,30,34560,买盘
1799,11:21:48,11.52,0.0,24,27625,买盘
1800,11:21:52,11.5,-0.02,9,10350,卖盘
1801,11:21:57,11.5,0.0,120,138000,卖盘
1802,11:22:00,11.52,0.02,1,1152,买盘
1803,11:22:03,11.5,-0.02,10,11500,卖盘
1804,11:22:09,11.5,0.0,188,216200,卖盘
1805,11:22:16,11.5,0.0,10,11500,买盘
1806,11:22:21,11.5,0.0,5,5750,买盘
1807,11:22:33,11.5,0.0,111,127654,卖盘
1808,11:22:37,11.5,0.0,6,6900,买盘
1809,11:22:39,11.5,0.0,2,2300,买盘
1810,11:22:42,11.5,0.0,2,2300,买盘
1811,11:22:54,11.49,-0.01,51,58600,卖盘
1812,11:22:58,11.49,0.0,51,58599,卖盘
1813,11:23:06,11.5,0.01,151,173650,买盘
1814,11:23:12,11.52,0.02,267,307584,买盘
1815,11:23:15,11.52,0.0,22,25344,卖盘
1816,11:23:27,11.53,0.01,1,1153,买盘
1817,11:23:30,11.52,-0.01,1,1152,卖盘
1818,11:23:33,11.52,0.0,12,13824,卖盘
1819,11:23:37,11.52,0.0,4,4606,买盘
1820,11:23:48,11.5,-0.02,1,1150,卖盘
1821,11:23:54,11.5,0.0,20,23001,卖盘
1822,11:23:57,11.53,0.03,147,169426,买盘
1823,11:24:04,11.53,0.0,1,1153,卖盘
1824,11:24:06,11.51,-0.02,59,68025,卖盘
1825,11:24:09,11.54,0.03,349,402744,买盘
1826,11:24:12,11.53,-0.01,2,2306,买盘
1827,11:24:18,11.53,0.0,17,19601,买盘
1828,11:24:21,11.53,0.0,40,46120,买盘
1829,11:24:24,11.51,-0.02,3,3455,卖盘
1830,11:24:30,11.54,0.03,344,396908,买盘
1831,11:24:33,11.53,-0.01,4,4612,中性盘
1832,11:24:39,11.5,-0.03,43,49485,卖盘
1833,11:24:45,11.5,0.0,52,59750,买盘
1834,11:24:48,11.51,0.01,1,1151,中性盘
1835,11:24:55,11.53,0.02,100,115269,买盘
1836,11:24:58,11.5,-0.03,15,17250,卖盘
1837,11:25:00,11.5,0.0,4,4600,卖盘
1838,11:25:06,11.5,0.0,6,6900,买盘
1839,11:25:15,11.5,0.0,1,1150,卖盘
1840,11:25:18,11.5,0.0,1,1150,卖盘
1841,11:25:30,11.5,0.0,2,2300,卖盘
1842,11:25:33,11.5,0.0,1,1150,卖盘
1843,11:25:36,11.5,0.0,49,56350,卖盘
1844,11:25:39,11.5,0.0,55,63963,卖盘
1845,11:25:42,11.5,0.0,5,5750,卖盘
1846,11:25:45,11.51,0.01,1,1151,买盘
1847,11:25:48,11.5,-0.01,7,8056,卖盘
1848,11:25:54,11.5,0.0,15,16537,卖盘
1849,11:25:57,11.5,0.0,19,21850,买盘
1850,11:26:00,11.5,0.0,13,15663,买盘
1851,11:26:15,11.51,0.01,10,11510,买盘
1852,11:26:18,11.5,-0.01,1,1150,卖盘
1853,11:26:21,11.51,0.01,31,35681,买盘
1854,11:26:30,11.51,0.0,20,23020,卖盘
1855,11:26:39,11.51,0.0,68,78218,买盘
1856,11:26:42,11.51,0.0,35,40285,买盘
1857,11:26:45,11.5,-0.01,418,480292,卖盘
1858,11:26:51,11.5,0.0,1,1150,买盘
1859,11:26:54,11.5,0.0,1,1150,买盘
1860,11:26:57,11.5,0.0,55,63963,买盘
1861,11:27:12,11.5,0.0,43,49453,卖盘
1862,11:27:31,11.5,0.0,2,2300,卖盘
1863,11:27:36,11.51,0.01,51,58701,买盘
1864,11:27:39,11.51,0.0,50,57550,卖盘
1865,11:27:51,11.52,0.01,1,1152,买盘
1866,11:27:54,11.52,0.0,5,5760,买盘
1867,11:28:00,11.53,0.01,53,61084,买盘
1868,11:28:04,11.52,-0.01,5,5760,中性盘
1869,11:28:06,11.53,0.01,28,32284,买盘
1870,11:28:15,11.53,0.0,13,14989,卖盘
1871,11:28:18,11.54,0.01,18,20767,买盘
1872,11:28:21,11.54,0.0,100,115400,买盘
1873,11:28:24,11.54,0.0,13,15002,买盘
1874,11:28:27,11.54,0.0,6,6924,买盘
1875,11:28:30,11.54,0.0,1,1154,买盘
1876,11:28:33,11.54,0.0,42,48468,买盘
1877,11:28:36,11.53,-0.01,10,11530,卖盘
1878,11:28:42,11.53,0.0,51,58819,卖盘
1879,11:28:48,11.54,0.01,37,42662,中性盘
1880,11:28:51,11.55,0.01,34,39262,买盘
1881,11:28:54,11.55,0.0,1,1155,买盘
1882,11:29:00,11.53,-0.02,2,2306,卖盘
1883,11:29:06,11.55,0.02,75,86625,买盘
1884,11:29:09,11.55,0.0,9,10395,买盘
1885,11:29:12,11.55,0.0,7,8085,买盘
1886,11:29:18,11.55,0.0,139,160545,买盘
1887,11:29:24,11.55,0.0,44,50820,卖盘
1888,11:29:28,11.56,0.01,30,34670,买盘
1889,11:29:30,11.55,-0.01,4,4620,卖盘
1890,11:29:36,11.56,0.01,5,5780,买盘
1891,11:29:39,11.55,-0.01,3,3465,卖盘
1892,11:29:42,11.55,0.0,1,1155,卖盘
1893,11:29:45,11.56,0.01,173,199816,买盘
1894,11:29:48,11.55,-0.01,34,39277,卖盘
1895,11:29:51,11.55,0.0,31,35818,卖盘
1896,11:29:57,11.54,-0.01,13,15002,卖盘
1897,11:30:00,11.53,-0.01,41,47296,卖盘
1898,13:00:01,11.53,0.0,115,132856,卖盘
1899,13:00:04,11.55,0.02,732,845269,卖盘
1900,13:00:07,11.55,0.0,107,123539,买盘
1901,13:00:09,11.55,0.0,32,36936,买盘
1902,13:00:15,11.55,0.0,156,180130,买盘
1903,13:00:18,11.55,0.0,11,12705,卖盘
1904,13:00:30,11.56,0.01,13,15016,买盘
1905,13:00:33,11.55,-0.01,2,2310,卖盘
1906,13:00:36,11.56,0.01,14,16184,买盘
1907,13:00:39,11.57,0.01,7,8094,买盘
1908,13:00:42,11.55,-0.02,13,15015,卖盘
1909,13:00:48,11.57,0.02,2,2314,买盘
1910,13:00:51,11.55,-0.02,13,15015,卖盘
1911,13:00:54,11.56,0.01,10,11560,中性盘
1912,13:00:57,11.57,0.01,216,249832,买盘
1913,13:01:04,11.57,0.0,13,15041,卖盘
1914,13:01:06,11.57,0.0,123,142387,卖盘
1915,13:01:12,11.57,0.0,26,30083,卖盘
1916,13:01:18,11.57,0.0,2,2314,买盘
1917,13:01:21,11.57,0.0,15,17355,买盘
1918,13:01:27,11.56,-0.01,22,25432,卖盘
1919,13:01:30,11.55,-0.01,55,63525,卖盘
1920,13:01:33,11.53,-0.02,2,2306,卖盘
1921,13:01:36,11.53,0.0,12,13836,卖盘
1922,13:01:39,11.54,0.01,29,33466,买盘
1923,13:01:42,11.54,0.0,5,5778,卖盘
1924,13:01:48,11.54,0.0,12,13848,卖盘
1925,13:01:57,11.54,0.0,13,15004,卖盘
1926,13:02:03,11.56,0.02,20,23115,买盘
1927,13:02:09,11.55,-0.01,12,13860,卖盘
1928,13:02:12,11.57,0.02,5,5785,买盘
1929,13:02:15,11.55,-0.02,48,55440,卖盘
1930,13:02:21,11.55,0.0,12,13860,卖盘
1931,13:02:27,11.55,0.0,9,10395,卖盘
1932,13:02:30,11.55,0.0,7,8085,买盘
1933,13:02:33,11.55,0.0,16,18466,卖盘
1934,13:02:42,11.52,-0.03,49,56495,卖盘
1935,13:02:48,11.54,0.02,5,5770,买盘
1936,13:02:51,11.54,0.0,2,2308,买盘
1937,13:02:54,11.52,-0.02,44,50752,卖盘
1938,13:03:04,11.52,0.0,11,12672,卖盘
1939,13:03:06,11.54,0.02,1,1154,买盘
1940,13:03:15,11.54,0.0,61,70394,卖盘
1941,13:03:21,11.55,0.01,2,2310,买盘
1942,13:03:24,11.54,-0.01,24,27696,卖盘
1943,13:03:27,11.51,-0.03,15,17282,卖盘
1944,13:03:33,11.51,0.0,2,2302,卖盘
1945,13:03:36,11.48,-0.03,156,179366,卖盘
1946,13:03:39,11.48,0.0,9,10332,买盘
1947,13:03:42,11.47,-0.01,5,5739,卖盘
1948,13:03:45,11.48,0.01,4,4592,买盘
1949,13:03:48,11.46,-0.02,19,21795,卖盘
1950,13:03:51,11.48,0.02,2,2296,买盘
1951,13:03:54,11.48,0.0,7,8036,买盘
1952,13:03:57,11.48,0.0,13,14924,买盘
1953,13:04:00,11.48,0.0,12,13776,卖盘
1954,13:04:04,11.48,0.0,1,1148,卖盘
1955,13:04:07,11.49,0.01,74,84998,买盘
1956,13:04:09,11.47,-0.02,20,22966,卖盘
1957,13:04:15,11.47,0.0,48,55056,卖盘
1958,13:04:21,11.46,-0.01,27,30943,卖盘
1959,13:04:24,11.49,0.03,1,1149,买盘
1960,13:04:27,11.49,0.0,1,1149,卖盘
1961,13:04:33,11.46,-0.03,13,14898,卖盘
1962,13:04:37,11.45,-0.01,244,279439,卖盘
1963,13:04:39,11.45,0.0,2,2290,买盘
1964,13:04:42,11.45,0.0,10,11450,买盘
1965,13:04:45,11.44,-0.01,36,41194,卖盘
1966,13:04:48,11.44,0.0,99,113256,卖盘
1967,13:04:51,11.43,-0.01,48,54864,卖盘
1968,13:04:54,11.43,0.0,26,29718,卖盘
1969,13:04:57,11.43,0.0,55,62865,卖盘
1970,13:05:00,11.44,0.01,202,231088,买盘
1971,13:05:04,11.44,0.0,12,13728,卖盘
1972,13:05:06,11.45,0.01,46,52670,买盘
1973,13:05:09,11.45,0.0,4,4580,卖盘
1974,13:05:12,11.45,0.0,21,24045,卖盘
1975,13:05:15,11.44,-0.01,30,34336,卖盘
1976,13:05:21,11.44,0.0,1,1144,买盘
1977,13:05:24,11.43,-0.01,32,36576,卖盘
1978,13:05:27,11.43,0.0,12,13716,卖盘
1979,13:05:33,11.43,0.0,24,27437,卖盘
1980,13:05:42,11.45,0.02,100,114500,买盘
1981,13:05:45,11.43,-0.02,31,35463,卖盘
1982,13:05:51,11.45,0.02,119,136250,买盘
1983,13:05:54,11.43,-0.02,13,14859,卖盘
1984,13:05:57,11.43,0.0,96,109728,卖盘
1985,13:06:06,11.43,0.0,44,50280,买盘
1986,13:06:09,11.43,0.0,15,17145,卖盘
1987,13:06:16,11.43,0.0,45,51435,卖盘
1988,13:06:18,11.42,-0.01,57,65094,卖盘
1989,13:06:21,11.43,0.01,17,19415,买盘
1990,13:06:24,11.42,-0.01,13,14846,卖盘
1991,13:06:27,11.43,0.01,6,6858,中性盘
1992,13:06:31,11.42,-0.01,17,19414,卖盘
1993,13:06:36,11.42,0.0,13,14846,卖盘
1994,13:06:39,11.42,0.0,5,5710,卖盘
1995,13:06:42,11.43,0.01,21,23986,买盘
1996,13:06:45,11.42,-0.01,20,22856,卖盘
1997,13:06:51,11.43,0.01,2,2286,买盘
1998,13:06:54,11.42,-0.01,28,31976,卖盘
1999,13:07:03,11.42,0.0,17,19414,卖盘
2000,13:07:07,11.43,0.01,34,38862,买盘
2001,13:07:10,11.43,0.0,40,45720,卖盘
2002,13:07:12,11.42,-0.01,31,35403,卖盘
2003,13:07:16,11.41,-0.01,32,36543,卖盘
2004,13:07:21,11.4,-0.01,300,342167,卖盘
2005,13:07:24,11.42,0.02,13,14846,卖盘
2006,13:07:27,11.4,-0.02,19,21696,卖盘
2007,13:07:33,11.41,0.01,2,2282,中性盘
2008,13:07:36,11.38,-0.03,129,147033,卖盘
2009,13:07:39,11.4,0.02,13,14820,买盘
2010,13:07:42,11.38,-0.02,50,56900,卖盘
2011,13:07:45,11.38,0.0,12,13656,卖盘
2012,13:07:48,11.37,-0.01,17,19331,卖盘
2013,13:07:54,11.4,0.03,68,77520,买盘
2014,13:07:57,11.37,-0.03,56,63672,卖盘
2015,13:08:00,11.38,0.01,35,39813,买盘
2016,13:08:06,11.37,-0.01,157,178784,卖盘
2017,13:08:09,11.38,0.01,19,21622,中性盘
2018,13:08:12,11.4,0.02,10,11400,买盘
2019,13:08:15,11.38,-0.02,13,14794,卖盘
2020,13:08:19,11.38,0.0,6,6828,卖盘
2021,13:08:21,11.38,0.0,45,51195,买盘
2022,13:08:24,11.36,-0.02,49,55679,卖盘
2023,13:08:33,11.38,0.02,21,23882,买盘
2024,13:08:37,11.38,0.0,17,19341,买盘
2025,13:08:39,11.37,-0.01,19,21603,卖盘
2026,13:08:42,11.35,-0.02,15,17030,卖盘
2027,13:08:45,11.36,0.01,2,2272,中性盘
2028,13:08:51,11.37,0.01,10,11370,买盘
2029,13:08:54,11.36,-0.01,18,20448,卖盘
2030,13:08:57,11.37,0.01,1,1137,买盘
2031,13:09:06,11.37,0.0,98,111410,买盘
2032,13:09:09,11.37,0.0,10,11370,买盘
2033,13:09:12,11.36,-0.01,101,114781,卖盘
2034,13:09:15,11.37,0.01,45,51147,买盘
2035,13:09:18,11.37,0.0,164,186243,买盘
2036,13:09:27,11.35,-0.02,20,22709,卖盘
2037,13:09:33,11.35,0.0,9,10229,卖盘
2038,13:09:36,11.37,0.02,2,2274,买盘
2039,13:09:39,11.35,-0.02,39,44285,卖盘
2040,13:09:42,11.35,0.0,18,20430,卖盘
2041,13:09:48,11.35,0.0,97,110243,卖盘
2042,13:09:54,11.35,0.0,4,4540,卖盘
2043,13:09:57,11.37,0.02,5,5685,买盘
2044,13:10:00,11.35,-0.02,18,20430,卖盘
2045,13:10:06,11.37,0.02,75,85275,买盘
2046,13:10:12,11.37,0.0,17,19329,卖盘
2047,13:10:15,11.36,-0.01,1,1136,卖盘
2048,13:10:21,11.35,-0.01,18,20430,卖盘
2049,13:10:24,11.35,0.0,19,21565,卖盘
2050,13:10:27,11.34,-0.01,82,93036,卖盘
2051,13:10:30,11.35,0.01,20,22700,中性盘
2052,13:10:33,11.34,-0.01,92,104328,卖盘
2053,13:10:39,11.35,0.01,4,4540,卖盘
2054,13:10:42,11.35,0.0,20,22700,卖盘
2055,13:10:45,11.34,-0.01,16,18144,卖盘
2056,13:10:48,11.35,0.01,3,3405,买盘
2057,13:10:51,11.36,0.01,30,34080,买盘
2058,13:10:54,11.34,-0.02,27,30629,卖盘
2059,13:10:57,11.35,0.01,8,9080,买盘
2060,13:11:04,11.34,-0.01,22,24952,卖盘
2061,13:11:06,11.35,0.01,29,32915,中性盘
2062,13:11:12,11.36,0.01,79,89724,买盘
2063,13:11:15,11.35,-0.01,48,54480,卖盘
2064,13:11:18,11.35,0.0,15,17025,卖盘
2065,13:11:24,11.35,0.0,20,22700,卖盘
2066,13:11:27,11.35,0.0,21,23835,卖盘
2067,13:11:33,11.35,0.0,19,21565,卖盘
2068,13:11:36,11.35,0.0,1,1135,卖盘
2069,13:11:39,11.35,0.0,27,30645,卖盘
2070,13:11:43,11.35,0.0,30,34060,卖盘
2071,13:11:48,11.35,0.0,25,28375,卖盘
2072,13:11:51,11.36,0.01,18,20432,买盘
2073,13:11:54,11.35,-0.01,19,21565,卖盘
2074,13:12:00,11.35,0.0,230,261033,卖盘
2075,13:12:04,11.34,-0.01,19,21546,卖盘
2076,13:12:06,11.33,-0.01,154,174696,卖盘
2077,13:12:09,11.35,0.02,4,4540,买盘
2078,13:12:12,11.35,0.0,39,44265,卖盘
2079,13:12:15,11.34,-0.01,32,36313,卖盘
2080,13:12:18,11.34,0.0,5,5670,买盘
2081,13:12:22,11.33,-0.01,36,40788,卖盘
2082,13:12:24,11.33,0.0,35,39660,卖盘
2083,13:12:33,11.34,0.01,11,12474,卖盘
2084,13:12:36,11.33,-0.01,17,19261,卖盘
2085,13:12:42,11.33,0.0,19,21527,卖盘
2086,13:12:45,11.33,0.0,17,19263,卖盘
2087,13:12:48,11.3,-0.03,534,603774,卖盘
2088,13:12:51,11.3,0.0,20,22600,买盘
2089,13:12:57,11.28,-0.02,73,82406,卖盘
2090,13:13:00,11.29,0.01,13,14687,中性盘
2091,13:13:04,11.3,0.01,8,9038,买盘
2092,13:13:09,11.29,-0.01,16,18064,卖盘
2093,13:13:15,11.3,0.01,61,68882,买盘
2094,13:13:18,11.29,-0.01,16,18064,卖盘
2095,13:13:21,11.3,0.01,8,9040,买盘
2096,13:13:24,11.3,0.0,2,2260,买盘
2097,13:13:27,11.29,-0.01,85,96179,卖盘
2098,13:13:30,11.29,0.0,17,19195,卖盘
2099,13:13:33,11.3,0.01,10,11300,中性盘
2100,13:13:36,11.29,-0.01,8,9032,卖盘
2101,13:13:39,11.3,0.01,10,11300,买盘
2102,13:13:42,11.29,-0.01,18,20333,卖盘
2103,13:13:48,11.3,0.01,4,4520,买盘
2104,13:13:51,11.29,-0.01,18,20322,卖盘
2105,13:13:54,11.3,0.01,8,9040,买盘
2106,13:13:57,11.29,-0.01,100,112900,卖盘
2107,13:14:00,11.3,0.01,5,5650,买盘
2108,13:14:04,11.29,-0.01,22,24843,卖盘
2109,13:14:06,11.3,0.01,33,37290,买盘
2110,13:14:09,11.31,0.01,2,2262,买盘
2111,13:14:12,11.31,0.0,22,24882,买盘
2112,13:14:15,11.31,0.0,86,97266,卖盘
2113,13:14:18,11.32,0.01,15,16980,买盘
2114,13:14:21,11.32,0.0,33,37356,买盘
2115,13:14:24,11.31,-0.01,41,46374,卖盘
2116,13:14:27,11.32,0.01,3,3396,卖盘
2117,13:14:33,11.33,0.01,1,1133,卖盘
2118,13:14:36,11.33,0.0,37,41879,买盘
2119,13:14:39,11.33,0.0,2,2266,买盘
2120,13:14:42,11.33,0.0,16,18128,买盘
2121,13:14:45,11.31,-0.02,19,21513,卖盘
2122,13:14:48,11.33,0.02,24,27162,卖盘
2123,13:14:51,11.33,0.0,3,3399,买盘
2124,13:14:54,11.32,-0.01,10,11320,卖盘
2125,13:14:57,11.31,-0.01,16,18096,卖盘
2126,13:15:00,11.32,0.01,2,2264,买盘
2127,13:15:03,11.31,-0.01,19,21489,卖盘
2128,13:15:06,11.32,0.01,5,5660,中性盘
2129,13:15:09,11.32,0.0,16,18112,卖盘
2130,13:15:12,11.32,0.0,1,1132,卖盘
2131,13:15:15,11.33,0.01,82,92886,买盘
2132,13:15:21,11.33,0.0,29,32858,卖盘
2133,13:15:24,11.33,0.0,8,9064,卖盘
2134,13:15:27,11.33,0.0,11,12463,买盘
2135,13:15:30,11.32,-0.01,62,70229,卖盘
2136,13:15:33,11.32,0.0,23,26040,卖盘
2137,13:15:36,11.33,0.01,11,12461,买盘
2138,13:15:39,11.32,-0.01,10,11320,卖盘
2139,13:15:42,11.32,0.0,17,19244,卖盘
2140,13:15:45,11.33,0.01,68,77025,买盘
2141,13:15:51,11.33,0.0,2,2266,买盘
2142,13:15:54,11.32,-0.01,46,52072,卖盘
2143,13:15:58,11.33,0.01,1,1133,买盘
2144,13:16:01,11.32,-0.01,55,62260,卖盘
2145,13:16:04,11.31,-0.01,17,19227,卖盘
2146,13:16:06,11.33,0.02,71,80422,买盘
2147,13:16:15,11.32,-0.01,35,39586,买盘
2148,13:16:18,11.31,-0.01,33,37323,卖盘
2149,13:16:21,11.32,0.01,48,54302,买盘
2150,13:16:24,11.32,0.0,35,39601,买盘
2151,13:16:27,11.32,0.0,18,20359,买盘
2152,13:16:33,11.3,-0.02,51,57663,卖盘
2153,13:16:36,11.3,0.0,16,18080,卖盘
2154,13:16:39,11.31,0.01,2,2262,买盘
2155,13:16:42,11.31,0.0,18,20358,买盘
2156,13:16:45,11.31,0.0,20,22620,卖盘
2157,13:16:48,11.3,-0.01,26,29382,卖盘
2158,13:16:51,11.32,0.02,47,53204,买盘
2159,13:16:54,11.32,0.0,19,21508,卖盘
2160,13:17:01,11.32,0.0,17,19244,卖盘
2161,13:17:04,11.32,0.0,45,50966,卖盘
2162,13:17:06,11.32,0.0,100,113290,卖盘
2163,13:17:09,11.32,0.0,16,18112,卖盘
2164,13:17:15,11.32,0.0,20,22640,卖盘
2165,13:17:21,11.31,-0.01,15,16965,卖盘
2166,13:17:24,11.3,-0.01,19,21470,卖盘
2167,13:17:31,11.31,0.01,3,3393,买盘
2168,13:17:33,11.31,0.0,37,41837,卖盘
2169,13:17:37,11.31,0.0,5,5653,卖盘
2170,13:17:39,11.3,-0.01,53,59890,卖盘
2171,13:17:42,11.31,0.01,24,27137,中性盘
2172,13:17:45,11.31,0.0,22,24882,卖盘
2173,13:17:54,11.31,0.0,37,41847,卖盘
2174,13:18:00,11.31,0.0,10,11310,卖盘
2175,13:18:04,11.31,0.0,19,21489,卖盘
2176,13:18:06,11.32,0.01,99,112050,买盘
2177,13:18:15,11.32,0.0,25,28280,买盘
2178,13:18:18,11.31,-0.01,18,20358,卖盘
2179,13:18:21,11.32,0.01,6,6792,买盘
2180,13:18:24,11.31,-0.01,76,85956,卖盘
2181,13:18:27,11.3,-0.01,16,18080,卖盘
2182,13:18:33,11.31,0.01,3,3393,卖盘
2183,13:18:39,11.3,-0.01,18,20340,卖盘
2184,13:18:42,11.31,0.01,6,6786,买盘
2185,13:18:46,11.3,-0.01,20,22600,卖盘
2186,13:18:48,11.31,0.01,5,5655,中性盘
2187,13:18:51,11.32,0.01,29,32798,买盘
2188,13:18:54,11.29,-0.03,1,1129,卖盘
2189,13:18:57,11.3,0.01,6,6780,买盘
2190,13:19:00,11.29,-0.01,18,20322,卖盘
2191,13:19:04,11.3,0.01,3,3390,买盘
2192,13:19:07,11.3,0.0,20,22600,买盘
2193,13:19:12,11.32,0.02,273,308996,买盘
2194,13:19:15,11.32,0.0,24,27173,卖盘
2195,13:19:18,11.33,0.01,27,30590,买盘
2196,13:19:21,11.33,0.0,25,28325,买盘
2197,13:19:24,11.32,-0.01,27,30569,卖盘
2198,13:19:27,11.32,0.0,2,2264,卖盘
2199,13:19:33,11.3,-0.02,21,23735,卖盘
2200,13:19:36,11.34,0.04,30,33939,买盘
2201,13:19:45,11.3,-0.04,37,41829,卖盘
2202,13:19:51,11.31,0.01,5,5655,买盘
2203,13:19:54,11.29,-0.02,212,239352,卖盘
2204,13:19:57,11.29,0.0,3,3387,买盘
2205,13:20:00,11.29,0.0,20,22580,买盘
2206,13:20:04,11.29,0.0,30,33870,买盘
2207,13:20:06,11.28,-0.01,128,144493,卖盘
2208,13:20:09,11.28,0.0,124,139872,卖盘
2209,13:20:18,11.27,-0.01,15,16905,卖盘
2210,13:20:21,11.27,0.0,20,22540,卖盘
2211,13:20:30,11.26,-0.01,55,61930,卖盘
2212,13:20:33,11.26,0.0,9,10134,卖盘
2213,13:20:39,11.26,0.0,76,85577,卖盘
2214,13:20:51,11.25,-0.01,57,64173,卖盘
2215,13:20:54,11.27,0.02,312,351078,买盘
2216,13:21:00,11.26,-0.01,16,18016,卖盘
2217,13:21:04,11.25,-0.01,17,19125,卖盘
2218,13:21:06,11.26,0.01,22,24772,买盘
2219,13:21:09,11.26,0.0,39,43914,卖盘
2220,13:21:12,11.27,0.01,51,57477,买盘
2221,13:21:15,11.27,0.0,1,1127,卖盘
2222,13:21:21,11.27,0.0,38,42826,卖盘
2223,13:21:24,11.29,0.02,118,133112,买盘
2224,13:21:28,11.29,0.0,2,2258,买盘
2225,13:21:31,11.27,-0.02,33,37214,卖盘
2226,13:21:33,11.27,0.0,2,2254,买盘
2227,13:21:36,11.27,0.0,24,27031,买盘
2228,13:21:43,11.27,0.0,30,33810,买盘
2229,13:21:46,11.26,-0.01,17,19142,卖盘
2230,13:21:49,11.29,0.03,52,58684,买盘
2231,13:21:51,11.26,-0.03,38,42788,卖盘
2232,13:21:57,11.26,0.0,17,19142,卖盘
2233,13:22:00,11.31,0.05,128,144459,买盘
2234,13:22:06,11.31,0.0,75,84791,买盘
2235,13:22:09,11.28,-0.03,21,23654,卖盘
2236,13:22:12,11.28,0.0,2,2256,买盘
2237,13:22:15,11.28,0.0,23,25944,买盘
2238,13:22:18,11.26,-0.02,18,20276,卖盘
2239,13:22:21,11.27,0.01,2,2254,中性盘
2240,13:22:24,11.27,0.0,21,23667,买盘
2241,13:22:27,11.27,0.0,16,18032,买盘
2242,13:22:30,11.26,-0.01,55,61941,卖盘
2243,13:22:39,11.27,0.01,10,11270,卖盘
2244,13:22:42,11.28,0.01,45,50701,买盘
2245,13:22:45,11.29,0.01,5,5645,买盘
2246,13:22:51,11.26,-0.03,31,34936,卖盘
2247,13:22:54,11.29,0.03,77,86910,买盘
2248,13:23:00,11.29,0.0,38,42902,卖盘
2249,13:23:04,11.27,-0.02,18,20300,卖盘
2250,13:23:06,11.31,0.04,17,19215,买盘
2251,13:23:09,11.31,0.0,105,118747,卖盘
2252,13:23:15,11.3,-0.01,18,20340,卖盘
2253,13:23:22,11.31,0.01,44,49726,买盘
2254,13:23:25,11.3,-0.01,18,20340,卖盘
2255,13:23:28,11.31,0.01,2,2262,买盘
2256,13:23:30,11.3,-0.01,452,510780,卖盘
2257,13:23:33,11.3,0.0,23,25990,买盘
2258,13:23:36,11.28,-0.02,119,134533,卖盘
2259,13:23:39,11.28,0.0,21,23688,卖盘
2260,13:23:45,11.28,0.0,18,20304,买盘
2261,13:23:48,11.27,-0.01,19,21415,卖盘
2262,13:23:51,11.28,0.01,39,43992,卖盘
2263,13:23:55,11.28,0.0,42,47376,卖盘
2264,13:23:58,11.28,0.0,16,18048,卖盘
2265,13:24:00,11.28,0.0,134,151152,卖盘
2266,13:24:04,11.28,0.0,3,3384,买盘
2267,13:24:07,11.28,0.0,37,41420,买盘
2268,13:24:09,11.28,0.0,39,44308,卖盘
2269,13:24:12,11.28,0.0,10,11280,买盘
2270,13:24:21,11.25,-0.03,352,396259,卖盘
2271,13:24:24,11.25,0.0,30,33750,买盘
2272,13:24:27,11.25,0.0,100,112500,买盘
2273,13:24:30,11.24,-0.01,42,47212,卖盘
2274,13:24:33,11.24,0.0,21,23606,卖盘
2275,13:24:39,11.24,0.0,52,58461,卖盘
2276,13:24:42,11.24,0.0,23,25852,卖盘
2277,13:24:45,11.27,0.03,127,143099,买盘
2278,13:24:51,11.25,-0.02,31,34875,卖盘
2279,13:24:54,11.24,-0.01,19,21356,卖盘
2280,13:24:57,11.24,0.0,5,5620,买盘
2281,13:25:00,11.23,-0.01,71,79765,卖盘
2282,13:25:06,11.24,0.01,89,99974,买盘
2283,13:25:09,11.24,0.0,5,5620,买盘
2284,13:25:12,11.22,-0.02,46,51620,卖盘
2285,13:25:15,11.22,0.0,16,17952,卖盘
2286,13:25:18,11.22,0.0,82,92004,卖盘
2287,13:25:21,11.24,0.02,41,46006,买盘
2288,13:25:24,11.24,0.0,5,5620,买盘
2289,13:25:27,11.22,-0.02,17,19088,卖盘
2290,13:25:30,11.22,0.0,38,42655,卖盘
2291,13:25:36,11.22,0.0,2,2244,卖盘
2292,13:25:39,11.23,0.01,24,26941,买盘
2293,13:25:42,11.23,0.0,39,43797,卖盘
2294,13:25:48,11.22,-0.01,19,21320,卖盘
2295,13:25:51,11.23,0.01,224,251778,中性盘
2296,13:25:54,11.23,0.0,32,35936,买盘
2297,13:25:57,11.23,0.0,11,12353,买盘
2298,13:26:00,11.23,0.0,34,38181,卖盘
2299,13:26:04,11.23,0.0,16,17968,买盘
2300,13:26:06,11.23,0.0,11,12353,买盘
2301,13:26:09,11.23,0.0,42,47166,卖盘
2302,13:26:12,11.23,0.0,59,66257,卖盘
2303,13:26:15,11.22,-0.01,7,7860,卖盘
2304,13:26:18,11.23,0.01,4,4492,买盘
2305,13:26:22,11.22,-0.01,55,61717,卖盘
2306,13:26:24,11.25,0.03,47,52834,买盘
2307,13:26:30,11.25,0.0,39,43875,卖盘
2308,13:26:33,11.25,0.0,17,19125,卖盘
2309,13:26:39,11.26,0.01,4,4504,买盘
2310,13:26:42,11.25,-0.01,38,42750,卖盘
2311,13:26:45,11.26,0.01,20,22501,买盘
2312,13:26:51,11.26,0.0,56,63017,买盘
2313,13:26:54,11.25,-0.01,25,28131,卖盘
2314,13:27:00,11.25,0.0,35,39375,卖盘
2315,13:27:06,11.25,0.0,17,19125,买盘
2316,13:27:09,11.25,0.0,14,15750,卖盘
2317,13:27:12,11.25,0.0,38,42750,卖盘
2318,13:27:18,11.24,-0.01,17,19120,卖盘
2319,13:27:21,11.25,0.01,53,59625,卖盘
2320,13:27:27,11.25,0.0,17,19125,卖盘
2321,13:27:30,11.25,0.0,38,42750,卖盘
2322,13:27:33,11.25,0.0,1,1125,卖盘
2323,13:27:39,11.25,0.0,18,20250,卖盘
2324,13:27:42,11.25,0.0,39,43875,卖盘
2325,13:27:48,11.26,0.01,109,122734,买盘
2326,13:27:51,11.26,0.0,56,63056,卖盘
2327,13:27:57,11.26,0.0,2,2252,卖盘
2328,13:28:00,11.26,0.0,45,50670,卖盘
2329,13:28:06,11.26,0.0,14,15764,买盘
2330,13:28:09,11.27,0.01,8,9016,买盘
2331,13:28:12,11.26,-0.01,55,61930,卖盘
2332,13:28:15,11.26,0.0,1,1126,卖盘
2333,13:28:21,11.26,0.0,43,48422,卖盘
2334,13:28:24,11.26,0.0,19,21394,卖盘
2335,13:28:28,11.27,0.01,5,5635,买盘
2336,13:28:30,11.26,-0.01,38,42788,卖盘
2337,13:28:33,11.26,0.0,18,20268,卖盘
2338,13:28:39,11.27,0.01,1,1127,买盘
2339,13:28:42,11.25,-0.02,81,91188,卖盘
2340,13:28:45,11.27,0.02,280,315560,买盘
2341,13:28:48,11.27,0.0,17,19159,卖盘
2342,13:28:51,11.27,0.0,46,51842,卖盘
2343,13:28:57,11.25,-0.02,316,356101,卖盘
2344,13:29:00,11.26,0.01,3,3378,卖盘
2345,13:29:06,11.26,0.0,51,57426,买盘
2346,13:29:13,11.26,0.0,24,27024,卖盘
2347,13:29:16,11.27,0.01,16,18017,买盘
2348,13:29:19,11.24,-0.03,18,20242,卖盘
2349,13:29:22,11.25,0.01,38,42750,卖盘
2350,13:29:30,11.25,0.0,74,83290,卖盘
2351,13:29:36,11.25,0.0,2,2250,卖盘
2352,13:29:39,11.25,0.0,23,25875,卖盘
2353,13:29:42,11.26,0.01,40,45002,买盘
2354,13:29:48,11.26,0.0,3,3378,买盘
2355,13:29:51,11.25,-0.01,58,65250,卖盘
2356,13:29:54,11.25,0.0,2,2250,卖盘
2357,13:30:00,11.25,0.0,39,43875,卖盘
2358,13:30:04,11.25,0.0,18,20250,卖盘
2359,13:30:06,11.26,0.01,12,13511,买盘
2360,13:30:13,11.27,0.01,82,92361,买盘
2361,13:30:18,11.27,0.0,2,2254,买盘
2362,13:30:21,11.27,0.0,139,156614,买盘
2363,13:30:24,11.26,-0.01,40,45062,卖盘
2364,13:30:30,11.27,0.01,28,31556,买盘
2365,13:30:33,11.26,-0.01,38,42788,卖盘
2366,13:30:36,11.26,0.0,19,21394,卖盘
2367,13:30:43,11.27,0.01,94,105848,买盘
2368,13:30:45,11.26,-0.01,15,16890,卖盘
2369,13:30:52,11.26,0.0,23,25898,卖盘
2370,13:30:58,11.25,-0.01,17,19125,卖盘
2371,13:31:00,11.26,0.01,57,64182,买盘
2372,13:31:04,11.26,0.0,40,45040,卖盘
2373,13:31:06,11.27,0.01,82,92414,买盘
2374,13:31:10,11.27,0.0,92,103668,买盘
2375,13:31:12,11.27,0.0,38,42826,卖盘
2376,13:31:15,11.27,0.0,9,10143,卖盘
2377,13:31:21,11.27,0.0,17,19169,卖盘
2378,13:31:24,11.28,0.01,16,18048,买盘
2379,13:31:30,11.28,0.0,42,47356,买盘
2380,13:31:33,11.28,0.0,39,43992,卖盘
2381,13:31:39,11.28,0.0,2,2256,卖盘
2382,13:31:42,11.28,0.0,61,68811,卖盘
2383,13:31:45,11.29,0.01,2,2258,买盘
2384,13:31:48,11.29,0.0,5,5645,买盘
2385,13:31:51,11.29,0.0,20,22580,卖盘
2386,13:31:54,11.29,0.0,21,23693,买盘
2387,13:31:57,11.28,-0.01,3,3384,卖盘
2388,13:32:01,11.29,0.01,14,15806,买盘
2389,13:32:04,11.29,0.0,54,60930,卖盘
2390,13:32:07,11.3,0.01,13,14690,买盘
2391,13:32:13,11.3,0.0,39,44070,卖盘
2392,13:32:16,11.31,0.01,67,75761,买盘
2393,13:32:18,11.34,0.03,2,2268,买盘
2394,13:32:21,11.31,-0.03,38,42978,卖盘
2395,13:32:24,11.34,0.03,42,47614,买盘
2396,13:32:27,11.32,-0.02,17,19259,卖盘
2397,13:32:30,11.33,0.01,8,9064,卖盘
2398,13:32:33,11.33,0.0,25,28325,买盘
2399,13:32:37,11.32,-0.01,19,21508,卖盘
2400,13:32:39,11.33,0.01,22,24926,买盘
2401,13:32:43,11.32,-0.01,48,54336,卖盘
2402,13:32:46,11.33,0.01,26,29458,买盘
2403,13:32:49,11.31,-0.02,50,56589,卖盘
2404,13:32:51,11.31,0.0,69,78105,卖盘
2405,13:32:54,11.32,0.01,24,27150,买盘
2406,13:32:57,11.32,0.0,13,14716,买盘
2407,13:33:01,11.3,-0.02,18,20368,卖盘
2408,13:33:04,11.3,0.0,14,15825,卖盘
2409,13:33:07,11.33,0.03,304,344393,买盘
2410,13:33:10,11.33,0.0,49,55517,卖盘
2411,13:33:13,11.33,0.0,39,44187,卖盘
2412,13:33:15,11.3,-0.03,111,125534,卖盘
2413,13:33:21,11.29,-0.01,56,63224,卖盘
2414,13:33:24,11.3,0.01,200,226000,买盘
2415,13:33:27,11.29,-0.01,10,11290,卖盘
2416,13:33:33,11.28,-0.01,58,65426,卖盘
2417,13:33:36,11.29,0.01,9,10161,买盘
2418,13:33:39,11.29,0.0,7,7903,卖盘
2419,13:33:43,11.29,0.0,62,69998,卖盘
2420,13:33:52,11.27,-0.02,38,42826,卖盘
2421,13:33:55,11.3,0.03,207,234136,买盘
2422,13:33:57,11.32,0.02,1,1132,买盘
2423,13:34:03,11.3,-0.02,38,42940,卖盘
2424,13:34:06,11.32,0.02,41,46378,买盘
2425,13:34:12,11.32,0.0,61,69052,卖盘
2426,13:34:15,11.3,-0.02,16,18080,卖盘
2427,13:34:24,11.3,0.0,378,427140,卖盘
2428,13:34:28,11.27,-0.03,43,48545,卖盘
2429,13:34:33,11.3,0.03,62,69943,买盘
2430,13:34:37,11.27,-0.03,1,1127,卖盘
2431,13:34:40,11.29,0.02,22,24802,买盘
2432,13:34:43,11.27,-0.02,38,42826,卖盘
2433,13:34:48,11.27,0.0,17,19159,卖盘
2434,13:34:51,11.29,0.02,2,2258,买盘
2435,13:34:55,11.27,-0.02,36,40572,卖盘
2436,13:35:01,11.26,-0.01,21,23649,卖盘
2437,13:35:06,11.27,0.01,45,50715,买盘
2438,13:35:10,11.27,0.0,27,30429,卖盘
2439,13:35:13,11.26,-0.01,18,20279,卖盘
2440,13:35:16,11.27,0.01,1,1127,中性盘
2441,13:35:21,11.28,0.01,45,50720,买盘
2442,13:35:30,11.27,-0.01,29,32686,卖盘
2443,13:35:34,11.27,0.0,16,18032,卖盘
2444,13:35:37,11.27,0.0,3,3381,卖盘
2445,13:35:39,11.27,0.0,26,29302,卖盘
2446,13:35:45,11.26,-0.01,17,19149,卖盘
2447,13:35:51,11.26,0.0,25,28150,卖盘
2448,13:35:54,11.26,0.0,17,19142,卖盘
2449,13:36:00,11.28,0.02,71,80088,买盘
2450,13:36:07,11.29,0.01,18,20322,买盘
2451,13:36:09,11.27,-0.02,118,133139,卖盘
2452,13:36:15,11.27,0.0,1,1127,买盘
2453,13:36:18,11.27,0.0,26,29284,买盘
2454,13:36:21,11.26,-0.01,26,29276,卖盘
2455,13:36:27,11.26,0.0,17,19142,卖盘
2456,13:36:30,11.26,0.0,26,29276,卖盘
2457,13:36:33,11.26,0.0,1,1126,卖盘
2458,13:36:39,11.26,0.0,34,38284,卖盘
2459,13:36:42,11.27,0.01,200,225391,买盘
2460,13:36:51,11.25,-0.02,46,51750,卖盘
2461,13:36:58,11.26,0.01,2,2252,买盘
2462,13:37:01,11.25,-0.01,41,46125,卖盘
2463,13:37:06,11.26,0.01,51,57426,买盘
2464,13:37:10,11.26,0.0,26,29276,卖盘
2465,13:37:13,11.25,-0.01,15,16879,卖盘
2466,13:37:22,11.26,0.01,7,7882,卖盘
2467,13:37:24,11.25,-0.01,19,21375,卖盘
2468,13:37:30,11.25,0.0,25,28125,卖盘
2469,13:37:36,11.26,0.01,21,23629,买盘
2470,13:37:39,11.26,0.0,5,5630,买盘
2471,13:37:42,11.25,-0.01,26,29252,卖盘
2472,13:37:45,11.25,0.0,18,20250,卖盘
2473,13:37:51,11.25,0.0,26,29250,卖盘
2474,13:37:54,11.27,0.02,80,90160,买盘
2475,13:37:57,11.25,-0.02,17,19125,卖盘
2476,13:38:00,11.25,0.0,13,14625,卖盘
2477,13:38:04,11.25,0.0,2,2250,买盘
2478,13:38:06,11.25,0.0,11,12374,买盘
2479,13:38:09,11.23,-0.02,614,689165,卖盘
2480,13:38:12,11.25,0.02,14,15732,买盘
2481,13:38:15,11.23,-0.02,4,4492,卖盘
2482,13:38:18,11.21,-0.02,40,44888,卖盘
2483,13:38:21,11.21,0.0,31,34761,卖盘
2484,13:38:24,11.23,0.02,11,12353,买盘
2485,13:38:28,11.23,0.0,2,2246,买盘
2486,13:38:31,11.21,-0.02,50,56059,卖盘
2487,13:38:34,11.2,-0.01,300,336052,卖盘
2488,13:38:36,11.24,0.04,4,4496,买盘
2489,13:38:42,11.22,-0.02,44,49308,买盘
2490,13:38:45,11.22,0.0,25,28050,买盘
2491,13:38:51,11.2,-0.02,197,220914,卖盘
2492,13:38:55,11.2,0.0,23,25760,买盘
2493,13:38:58,11.2,0.0,32,35840,买盘
2494,13:39:01,11.2,0.0,2,2240,买盘
2495,13:39:04,11.19,-0.01,27,30213,卖盘
2496,13:39:06,11.2,0.01,95,106390,买盘
2497,13:39:09,11.19,-0.01,1,1119,卖盘
2498,13:39:12,11.19,0.0,1,1119,卖盘
2499,13:39:15,11.18,-0.01,17,19006,卖盘
2500,13:39:18,11.19,0.01,14,15666,卖盘
2501,13:39:21,11.19,0.0,3,3357,买盘
2502,13:39:24,11.2,0.01,43,48092,买盘
2503,13:39:27,11.2,0.0,5,5600,买盘
2504,13:39:36,11.2,0.0,27,30223,买盘
2505,13:39:40,11.19,-0.01,1,1119,卖盘
2506,13:39:42,11.2,0.01,2,2240,买盘
2507,13:39:45,11.2,0.0,1,1120,买盘
2508,13:39:48,11.2,0.0,28,31344,买盘
2509,13:39:54,11.2,0.0,46,51520,买盘
2510,13:39:57,11.2,0.0,16,17920,卖盘
2511,13:40:00,11.2,0.0,26,29120,卖盘
2512,13:40:06,11.22,0.02,20,22440,买盘
2513,13:40:09,11.22,0.0,18,20196,卖盘
2514,13:40:15,11.22,0.0,5,5610,卖盘
2515,13:40:18,11.23,0.01,1,1123,买盘
2516,13:40:22,11.22,-0.01,48,53860,卖盘
2517,13:40:24,11.23,0.01,17,19091,买盘
2518,13:40:27,11.22,-0.01,71,79662,卖盘
2519,13:40:30,11.2,-0.02,43,48160,卖盘
2520,13:40:33,11.22,0.02,2,2244,买盘
2521,13:40:42,11.2,-0.02,91,101920,卖盘
2522,13:40:46,11.2,0.0,22,24640,买盘
2523,13:40:51,11.19,-0.01,26,29094,卖盘
2524,13:40:54,11.19,0.0,17,19023,卖盘
2525,13:40:57,11.2,0.01,2,2240,买盘
2526,13:41:00,11.19,-0.01,25,27975,卖盘
2527,13:41:04,11.19,0.0,16,17904,卖盘
2528,13:41:07,11.19,0.0,79,88473,卖盘
2529,13:41:09,11.19,0.0,6,6714,买盘
2530,13:41:12,11.18,-0.01,26,29084,卖盘
2531,13:41:16,11.18,0.0,18,20124,卖盘
2532,13:41:18,11.19,0.01,5,5595,卖盘
2533,13:41:21,11.18,-0.01,33,36913,卖盘
2534,13:41:24,11.18,0.0,35,39130,卖盘
2535,13:41:27,11.18,0.0,15,16770,卖盘
2536,13:41:30,11.18,0.0,39,43616,卖盘
2537,13:41:36,11.18,0.0,17,19006,卖盘
2538,13:41:39,11.18,0.0,4,4472,卖盘
2539,13:41:43,11.18,0.0,17,19020,卖盘
2540,13:41:46,11.18,0.0,2,2236,买盘
2541,13:41:48,11.17,-0.01,18,20106,卖盘
2542,13:41:52,11.17,0.0,26,29042,卖盘
2543,13:41:55,11.18,0.01,5,5590,买盘
2544,13:42:01,11.18,0.0,34,38012,卖盘
2545,13:42:06,11.19,0.01,27,30192,买盘
2546,13:42:09,11.17,-0.02,99,110665,卖盘
2547,13:42:12,11.17,0.0,57,63653,卖盘
2548,13:42:18,11.17,0.0,1,1117,卖盘
2549,13:42:22,11.17,0.0,43,48031,卖盘
2550,13:42:27,11.17,0.0,3,3351,卖盘
2551,13:42:30,11.16,-0.01,38,42420,卖盘
2552,13:42:33,11.17,0.01,26,29026,买盘
2553,13:42:36,11.17,0.0,5,5585,买盘
2554,13:42:39,11.17,0.0,5,5585,买盘
2555,13:42:42,11.16,-0.01,66,73679,卖盘
2556,13:42:45,11.16,0.0,10,11160,卖盘
2557,13:42:48,11.17,0.01,27,30159,买盘
2558,13:42:52,11.17,0.0,26,29042,卖盘
2559,13:42:55,11.17,0.0,16,17872,卖盘
2560,13:43:00,11.17,0.0,26,29042,卖盘
2561,13:43:07,11.18,0.01,32,35759,买盘
2562,13:43:09,11.18,0.0,1,1118,卖盘
2563,13:43:12,11.18,0.0,25,27950,卖盘
2564,13:43:15,11.18,0.0,26,29068,卖盘
2565,13:43:18,11.2,0.02,36,40295,买盘
2566,13:43:21,11.18,-0.02,20,22364,卖盘
2567,13:43:27,11.17,-0.01,16,17872,卖盘
2568,13:43:30,11.17,0.0,32,35750,卖盘
2569,13:43:33,11.17,0.0,2,2234,卖盘
2570,13:43:39,11.18,0.01,64,71554,卖盘
2571,13:43:42,11.18,0.0,25,27950,卖盘
2572,13:43:45,11.2,0.02,5,5600,买盘
2573,13:43:51,11.18,-0.02,17,19012,卖盘
2574,13:44:00,11.18,0.0,16,17888,卖盘
2575,13:44:04,11.18,0.0,24,26832,卖盘
2576,13:44:06,11.18,0.0,77,86086,买盘
2577,13:44:09,11.18,0.0,30,33540,买盘
2578,13:44:12,11.17,-0.01,44,49148,卖盘
2579,13:44:15,11.18,0.01,14,15652,买盘
2580,13:44:18,11.17,-0.01,1,1117,卖盘
2581,13:44:21,11.17,0.0,26,29042,卖盘
2582,13:44:24,11.17,0.0,18,20106,卖盘
2583,13:44:27,11.18,0.01,22,24596,买盘
2584,13:44:30,11.18,0.0,12,13416,买盘
2585,13:44:33,11.17,-0.01,41,45797,卖盘
2586,13:44:36,11.18,0.01,2,2236,买盘
2587,13:44:39,11.18,0.0,6,6708,买盘
2588,13:44:42,11.17,-0.01,98,109481,卖盘
2589,13:44:46,11.18,0.01,19,21225,买盘
2590,13:44:49,11.18,0.0,1,1118,买盘
2591,13:44:51,11.16,-0.02,23,25684,卖盘
2592,13:44:57,11.17,0.01,22,24557,买盘
2593,13:45:00,11.17,0.0,5,5585,买盘
2594,13:45:04,11.18,0.01,124,138595,买盘
2595,13:45:06,11.17,-0.01,90,100603,卖盘
2596,13:45:13,11.17,0.0,26,29042,卖盘
2597,13:45:16,11.17,0.0,26,29042,卖盘
2598,13:45:19,11.16,-0.01,19,21205,卖盘
2599,13:45:21,11.16,0.0,25,27900,卖盘
2600,13:45:27,11.17,0.01,9,10053,买盘
2601,13:45:30,11.16,-0.01,48,53568,卖盘
2602,13:45:34,11.16,0.0,26,29016,卖盘
2603,13:45:37,11.17,0.01,116,129572,买盘
2604,13:45:40,11.17,0.0,113,126221,卖盘
2605,13:45:43,11.16,-0.01,24,26804,卖盘
2606,13:45:46,11.17,0.01,7,7819,买盘
2607,13:45:49,11.17,0.0,36,40212,买盘
2608,13:45:51,11.17,0.0,41,45797,卖盘
2609,13:45:58,11.17,0.0,3,3351,卖盘
2610,13:46:04,11.17,0.0,42,46914,卖盘
2611,13:46:07,11.18,0.01,93,103974,买盘
2612,13:46:10,11.17,-0.01,57,63669,卖盘
2613,13:46:13,11.17,0.0,79,88278,卖盘
2614,13:46:15,11.18,0.01,31,34658,买盘
2615,13:46:19,11.18,0.0,17,19006,买盘
2616,13:46:22,11.18,0.0,34,38012,买盘
2617,13:46:24,11.18,0.0,45,50334,卖盘
2618,13:46:30,11.18,0.0,139,155402,卖盘
2619,13:46:33,11.2,0.02,28,31318,买盘
2620,13:46:36,11.18,-0.02,17,19009,卖盘
2621,13:46:43,11.18,0.0,29,32430,卖盘
2622,13:46:46,11.19,0.01,18,20145,中性盘
2623,13:46:49,11.2,0.01,3,3360,买盘
2624,13:46:52,11.19,-0.01,5,5595,卖盘
2625,13:46:54,11.19,0.0,10,11190,买盘
2626,13:46:58,11.18,-0.01,16,17888,卖盘
2627,13:47:04,11.18,0.0,27,30186,卖盘
2628,13:47:10,11.18,0.0,18,20124,卖盘
2629,13:47:13,11.18,0.0,32,35786,卖盘
2630,13:47:19,11.18,0.0,17,19011,卖盘
2631,13:47:21,11.18,0.0,178,199315,卖盘
2632,13:47:31,11.18,0.0,16,17888,卖盘
2633,13:47:33,11.2,0.02,28,31308,买盘
2634,13:47:36,11.2,0.0,5,5600,买盘
2635,13:47:39,11.2,0.0,402,449640,买盘
2636,13:47:42,11.2,0.0,45,50400,卖盘
2637,13:47:48,11.21,0.01,2,2242,买盘
2638,13:47:51,11.2,-0.01,44,49280,卖盘
2639,13:48:01,11.2,0.0,67,75078,卖盘
2640,13:48:04,11.19,-0.01,34,38064,卖盘
2641,13:48:06,11.2,0.01,102,114240,买盘
2642,13:48:09,11.2,0.0,2,2240,买盘
2643,13:48:12,11.19,-0.01,26,29094,卖盘
2644,13:48:16,11.19,0.0,17,19023,卖盘
2645,13:48:18,11.2,0.01,5,5600,买盘
2646,13:48:21,11.19,-0.01,31,34689,卖盘
2647,13:48:24,11.18,-0.01,14,15664,卖盘
2648,13:48:33,11.18,0.0,58,64844,卖盘
2649,13:48:36,11.18,0.0,25,27932,买盘
2650,13:48:39,11.18,0.0,13,14526,买盘
2651,13:48:43,11.17,-0.01,357,398769,卖盘
2652,13:48:46,11.18,0.01,74,82660,买盘
2653,13:48:49,11.18,0.0,47,52509,买盘
2654,13:48:58,11.16,-0.02,17,18972,卖盘
2655,13:49:04,11.16,0.0,25,27900,卖盘
2656,13:49:06,11.16,0.0,19,21208,卖盘
2657,13:49:09,11.16,0.0,89,99333,卖盘
2658,13:49:13,11.16,0.0,27,30132,卖盘
2659,13:49:15,11.18,0.02,2,2236,买盘
2660,13:49:21,11.17,-0.01,35,39085,卖盘
2661,13:49:25,11.16,-0.01,26,29016,卖盘
2662,13:49:28,11.17,0.01,10,11170,买盘
2663,13:49:31,11.17,0.0,18,20106,中性盘
2664,13:49:33,11.16,-0.01,26,29018,卖盘
2665,13:49:42,11.16,0.0,17,18982,卖盘
2666,13:49:55,11.16,0.0,42,46883,卖盘
2667,13:50:04,11.16,0.0,43,47988,卖盘
2668,13:50:10,11.15,-0.01,564,629236,卖盘
2669,13:50:13,11.15,0.0,44,49060,卖盘
2670,13:50:15,11.15,0.0,26,28990,卖盘
2671,13:50:21,11.15,0.0,12,13380,卖盘
2672,13:50:25,11.15,0.0,24,26760,卖盘
2673,13:50:27,11.14,-0.01,13,14482,卖盘
2674,13:50:33,11.13,-0.01,26,28938,卖盘
2675,13:50:39,11.13,0.0,17,18923,卖盘
2676,13:50:42,11.13,0.0,16,17808,卖盘
2677,13:50:46,11.13,0.0,9,10017,买盘
2678,13:50:49,11.12,-0.01,27,30054,卖盘
2679,13:50:55,11.12,0.0,26,28912,卖盘
2680,13:50:57,11.12,0.0,95,105640,卖盘
2681,13:51:01,11.11,-0.01,18,20008,卖盘
2682,13:51:04,11.12,0.01,26,28912,卖盘
2683,13:51:09,11.12,0.0,5,5560,卖盘
2684,13:51:12,11.11,-0.01,41,45551,卖盘
2685,13:51:16,11.12,0.01,7,7784,买盘
2686,13:51:18,11.12,0.0,12,13344,买盘
2687,13:51:22,11.12,0.0,87,96706,卖盘
2688,13:51:24,11.12,0.0,23,25576,卖盘
2689,13:51:28,11.12,0.0,3,3336,买盘
2690,13:51:31,11.13,0.01,2,2226,买盘
2691,13:51:34,11.12,-0.01,54,60049,卖盘
2692,13:51:36,11.12,0.0,15,16680,买盘
2693,13:51:39,11.12,0.0,8,8896,买盘
2694,13:51:43,11.12,0.0,26,28912,卖盘
2695,13:51:45,11.12,0.0,17,18904,卖盘
2696,13:51:48,11.14,0.02,6,6684,买盘
2697,13:51:54,11.14,0.0,94,104716,卖盘
2698,13:51:57,11.18,0.04,413,461256,买盘
2699,13:52:00,11.16,-0.02,19,21204,买盘
2700,13:52:04,11.15,-0.01,35,39025,卖盘
2701,13:52:07,11.14,-0.01,35,39026,卖盘
2702,13:52:13,11.14,0.0,26,28964,卖盘
2703,13:52:18,11.14,0.0,17,18938,卖盘
2704,13:52:22,11.16,0.02,10,11160,买盘
2705,13:52:25,11.14,-0.02,26,28974,卖盘
2706,13:52:28,11.14,0.0,27,30098,卖盘
2707,13:52:34,11.14,0.0,146,162644,卖盘
2708,13:52:37,11.14,0.0,59,65726,买盘
2709,13:52:40,11.14,0.0,25,27825,买盘
2710,13:52:42,11.13,-0.01,8,8906,卖盘
2711,13:52:46,11.14,0.01,121,134774,买盘
2712,13:52:49,11.12,-0.02,20,22243,卖盘
2713,13:52:52,11.12,0.0,15,16680,卖盘
2714,13:52:54,11.12,0.0,26,28912,卖盘
2715,13:53:00,11.12,0.0,16,17797,卖盘
2716,13:53:04,11.12,0.0,25,27800,卖盘
2717,13:53:07,11.13,0.01,21,23372,买盘
2718,13:53:09,11.13,0.0,50,55650,买盘
2719,13:53:12,11.12,-0.01,53,58946,卖盘
2720,13:53:25,11.12,0.0,43,47818,卖盘
2721,13:53:27,11.13,0.01,5,5565,买盘
2722,13:53:34,11.12,-0.01,74,82318,卖盘
2723,13:53:37,11.13,0.01,6,6678,买盘
2724,13:53:42,11.13,0.0,12,13354,买盘
2725,13:53:46,11.11,-0.02,44,48910,卖盘
2726,13:53:48,11.14,0.03,25,27809,买盘
2727,13:53:54,11.13,-0.01,25,27825,卖盘
2728,13:53:57,11.12,-0.01,19,21143,卖盘
2729,13:54:01,11.13,0.01,7,7791,卖盘
2730,13:54:04,11.11,-0.02,44,48886,卖盘
2731,13:54:07,11.11,0.0,23,25568,卖盘
2732,13:54:13,11.13,0.02,21,23373,买盘
2733,13:54:16,11.12,-0.01,23,25584,卖盘
2734,13:54:19,11.12,0.0,18,20016,买盘
2735,13:54:21,11.12,0.0,1,1112,卖盘
2736,13:54:25,11.12,0.0,25,27800,卖盘
2737,13:54:28,11.14,0.02,8,8912,买盘
2738,13:54:30,11.12,-0.02,17,18904,卖盘
2739,13:54:33,11.12,0.0,26,28912,卖盘
2740,13:54:39,11.13,0.01,17,18921,卖盘
2741,13:54:45,11.13,0.0,19,21147,卖盘
2742,13:54:52,11.12,-0.01,16,17792,卖盘
2743,13:54:55,11.12,0.0,32,35590,卖盘
2744,13:55:04,11.12,0.0,51,56732,卖盘
2745,13:55:09,11.14,0.02,1,1114,买盘
2746,13:55:13,11.13,-0.01,5,5565,卖盘
2747,13:55:16,11.14,0.01,55,61230,买盘
2748,13:55:24,11.13,-0.01,98,109074,卖盘
2749,13:55:33,11.13,0.0,26,28938,卖盘
2750,13:55:36,11.14,0.01,38,42314,买盘
2751,13:55:42,11.13,-0.01,2,2226,卖盘
2752,13:55:45,11.13,0.0,69,76824,卖盘
2753,13:55:51,11.14,0.01,30,33420,买盘
2754,13:55:54,11.14,0.0,46,51218,买盘
2755,13:55:57,11.13,-0.01,16,17808,卖盘
2756,13:56:04,11.13,0.0,26,28938,卖盘
2757,13:56:09,11.13,0.0,17,18921,卖盘
2758,13:56:15,11.14,0.01,48,53447,买盘
2759,13:56:18,11.12,-0.02,71,79051,卖盘
