,time,price,change,volume,amount,type
0,09:25:04,6.09,0.16,1203,732627,买盘
1,09:30:04,6.11,0.02,391,239859,买盘
2,09:30:07,6.12,0.01,1756,1074813,买盘
3,09:30:10,6.11,-0.01,494,302147,卖盘
4,09:30:13,6.19,0.08,1628,1002713,买盘
5,09:30:16,6.2,0.01,493,305545,买盘
6,09:30:19,6.15,-0.05,433,266921,卖盘
7,09:30:22,6.17,0.02,112,69023,买盘
8,09:30:25,6.14,-0.03,192,118180,卖盘
9,09:30:28,6.14,0.0,12,7372,卖盘
10,09:30:31,6.14,0.0,91,55914,卖盘
11,09:30:34,6.14,0.0,61,37295,卖盘
12,09:30:37,6.14,0.0,16,9824,买盘
13,09:30:40,6.11,-0.03,927,567189,卖盘
14,09:30:43,6.14,0.03,79,48506,买盘
15,09:30:46,6.13,-0.01,161,98716,中性盘
16,09:30:49,6.14,0.01,73,44807,买盘
17,09:30:52,6.14,0.0,190,116616,卖盘
18,09:30:55,6.12,-0.02,54,33112,卖盘
19,09:30:58,6.11,-0.01,756,462097,卖盘
20,09:31:01,6.11,0.0,111,68035,卖盘
21,09:31:05,6.13,0.02,11,6743,买盘
22,09:31:07,6.11,-0.02,70,42887,卖盘
23,09:31:10,6.13,0.02,44,26892,中性盘
24,09:31:13,6.13,0.0,205,125665,买盘
25,09:31:16,6.1,-0.03,475,290110,卖盘
26,09:31:19,6.12,0.02,1,612,卖盘
27,09:31:22,6.13,0.01,1022,623769,买盘
28,09:31:25,6.11,-0.02,154,94198,卖盘
29,09:31:28,6.12,0.01,176,107712,买盘
30,09:31:31,6.1,-0.02,1749,1067240,卖盘
31,09:31:34,6.1,0.0,53,32330,买盘
32,09:31:37,6.1,0.0,228,139053,买盘
33,09:31:40,6.09,-0.01,81,49366,卖盘
34,09:31:43,6.09,0.0,109,66381,买盘
35,09:31:46,6.09,0.0,349,212806,买盘
36,09:31:49,6.08,-0.01,368,224264,卖盘
37,09:31:52,6.08,0.0,92,55610,卖盘
38,09:31:58,6.07,-0.01,82,49844,卖盘
39,09:32:01,6.08,0.01,6,3648,买盘
40,09:32:04,6.08,0.0,342,207612,买盘
41,09:32:07,6.07,-0.01,466,282852,卖盘
42,09:32:10,6.07,0.0,20,12140,买盘
43,09:32:13,6.07,0.0,173,105060,买盘
44,09:32:16,6.07,0.0,140,84980,买盘
45,09:32:19,6.06,-0.01,138,83699,卖盘
46,09:32:22,6.05,-0.01,404,245077,卖盘
47,09:32:25,6.06,0.01,78,47264,中性盘
48,09:32:28,6.08,0.02,791,480853,买盘
49,09:32:31,6.08,0.0,22,13376,卖盘
50,09:32:34,6.08,0.0,80,48640,卖盘
51,09:32:37,6.07,-0.01,66,39804,卖盘
52,09:32:40,6.07,0.0,84,50977,买盘
53,09:32:43,6.09,0.02,45,27382,买盘
54,09:32:46,6.08,-0.01,12,7295,中性盘
55,09:32:49,6.06,-0.02,107,64903,卖盘
56,09:32:52,6.06,0.0,76,46056,买盘
57,09:32:55,6.05,-0.01,154,93290,卖盘
58,09:32:58,6.06,0.01,58,35148,买盘
59,09:33:01,6.06,0.0,390,236347,买盘
60,09:33:04,6.06,0.0,190,115240,卖盘
61,09:33:07,6.06,0.0,135,81750,卖盘
62,09:33:10,6.08,0.02,31,18807,买盘
63,09:33:13,6.06,-0.02,225,136359,卖盘
64,09:33:19,6.07,0.01,85,51573,买盘
65,09:33:22,6.06,-0.01,180,109082,卖盘
66,09:33:25,6.06,0.0,377,228872,买盘
67,09:33:28,6.07,0.01,143,86717,买盘
68,09:33:31,6.06,-0.01,310,187852,卖盘
69,09:33:34,6.07,0.01,8,4856,卖盘
70,09:33:37,6.08,0.01,85,51645,买盘
71,09:33:40,6.07,-0.01,23,13961,卖盘
72,09:33:43,6.07,0.0,83,50381,卖盘
73,09:33:46,6.08,0.01,173,105065,买盘
74,09:33:49,6.06,-0.02,178,107986,卖盘
75,09:33:52,6.07,0.01,28,16981,买盘
76,09:33:54,6.09,0.02,290,176105,买盘
77,09:33:58,6.07,-0.02,35,21263,卖盘
78,09:34:04,6.07,0.0,219,132909,卖盘
79,09:34:07,6.08,0.01,35,21275,买盘
80,09:34:10,6.09,0.01,85,51713,买盘
81,09:34:16,6.08,-0.01,10,6080,买盘
82,09:34:19,6.06,-0.02,504,305657,卖盘
83,09:34:25,6.06,0.0,24,14544,买盘
84,09:34:28,6.06,0.0,457,276942,买盘
85,09:34:31,6.06,0.0,6,3636,卖盘
86,09:34:34,6.06,0.0,27,16362,卖盘
87,09:34:43,6.06,0.0,46,27876,卖盘
88,09:34:46,6.06,0.0,5,3030,卖盘
89,09:34:49,6.07,0.01,15,9100,买盘
90,09:34:52,6.07,0.0,151,91588,买盘
91,09:34:55,6.07,0.0,326,197882,卖盘
92,09:34:58,6.06,-0.01,86,52116,卖盘
93,09:35:01,6.06,0.0,47,28482,买盘
94,09:35:04,6.06,0.0,94,56964,买盘
95,09:35:10,6.06,0.0,41,24846,买盘
96,09:35:13,6.07,0.01,65,39445,买盘
97,09:35:19,6.06,-0.01,90,54540,卖盘
98,09:35:22,6.07,0.01,319,193330,买盘
99,09:35:25,6.05,-0.02,11,6656,卖盘
100,09:35:31,6.06,0.01,55,33330,买盘
101,09:35:34,6.07,0.01,144,87264,买盘
102,09:35:37,6.06,-0.01,205,124270,卖盘
103,09:35:46,6.06,0.0,168,101808,卖盘
104,09:35:49,6.07,0.01,335,203045,买盘
105,09:35:52,6.06,-0.01,1,606,卖盘
106,09:35:55,6.06,0.0,8,4848,卖盘
107,09:35:58,6.06,0.0,16,9696,买盘
108,09:36:01,6.06,0.0,40,24240,卖盘
109,09:36:04,6.06,0.0,154,93324,买盘
110,09:36:07,6.06,0.0,6,3636,买盘
111,09:36:10,6.06,0.0,12,7272,卖盘
112,09:36:13,6.06,0.0,20,12120,卖盘
113,09:36:22,6.06,0.0,370,224220,卖盘
114,09:36:28,6.07,0.01,9,5463,买盘
115,09:36:31,6.06,-0.01,45,27270,卖盘
116,09:36:34,6.07,0.01,96,58272,买盘
117,09:36:37,6.06,-0.01,27,16362,卖盘
118,09:36:46,6.07,0.01,30,18210,买盘
119,09:36:49,6.07,0.0,262,159034,买盘
120,09:36:55,6.07,0.0,281,170567,买盘
121,09:36:58,6.08,0.01,13,7904,买盘
122,09:37:00,6.07,-0.01,83,50381,卖盘
123,09:37:12,6.08,0.01,1,608,买盘
124,09:37:16,6.07,-0.01,50,30350,卖盘
125,09:37:22,6.08,0.01,320,194560,买盘
126,09:37:25,6.08,0.0,45,27360,买盘
127,09:37:31,6.08,0.0,2,1216,买盘
128,09:37:34,6.08,0.0,54,32832,买盘
129,09:37:37,6.07,-0.01,232,140824,卖盘
130,09:37:40,6.07,0.0,179,108653,买盘
131,09:37:43,6.07,0.0,10,6070,买盘
132,09:37:46,6.07,0.0,8,4856,买盘
133,09:37:49,6.06,-0.01,149,90420,卖盘
134,09:37:52,6.07,0.01,4,2428,中性盘
135,09:38:04,6.07,0.0,20,12140,卖盘
136,09:38:07,6.07,0.0,13,7891,卖盘
137,09:38:13,6.07,0.0,45,27315,卖盘
138,09:38:16,6.07,0.0,30,18210,卖盘
139,09:38:19,6.08,0.01,214,130102,买盘
140,09:38:21,6.08,0.0,70,42560,卖盘
141,09:38:25,6.08,0.0,226,137408,卖盘
142,09:38:34,6.09,0.01,200,121687,买盘
143,09:38:43,6.09,0.0,153,93124,买盘
144,09:38:46,6.08,-0.01,149,90592,卖盘
145,09:38:49,6.08,0.0,5,3040,买盘
146,09:38:52,6.08,0.0,35,21270,买盘
147,09:38:57,6.09,0.01,137,83345,买盘
148,09:39:05,6.07,-0.02,21,12747,卖盘
149,09:39:07,6.08,0.01,5,3040,买盘
150,09:39:10,6.08,0.0,6,3648,买盘
151,09:39:13,6.08,0.0,9,5472,卖盘
152,09:39:16,6.08,0.0,10,6080,卖盘
153,09:39:19,6.08,0.0,130,79040,卖盘
154,09:39:25,6.08,0.0,20,12160,买盘
155,09:39:28,6.08,0.0,5,3040,买盘
156,09:39:31,6.07,-0.01,57,34639,卖盘
157,09:39:34,6.08,0.01,522,317376,买盘
158,09:39:40,6.08,0.0,76,46133,买盘
159,09:39:43,6.07,-0.01,77,46741,卖盘
160,09:39:46,6.08,0.01,82,49784,买盘
161,09:39:49,6.07,-0.01,68,41276,卖盘
162,09:39:52,6.07,0.0,107,64949,卖盘
163,09:39:58,6.07,0.0,90,54630,买盘
164,09:40:01,6.07,0.0,21,12747,买盘
165,09:40:07,6.07,0.0,286,173597,买盘
166,09:40:10,6.07,0.0,29,17603,卖盘
167,09:40:13,6.07,0.0,235,142645,卖盘
168,09:40:16,6.07,0.0,10,6070,卖盘
169,09:40:19,6.08,0.01,5,3040,买盘
170,09:40:22,6.07,-0.01,50,30350,卖盘
171,09:40:25,6.07,0.0,8,4856,卖盘
172,09:40:31,6.07,0.0,10,6070,卖盘
173,09:40:34,6.07,0.0,3,1821,卖盘
174,09:40:37,6.07,0.0,10,6070,卖盘
175,09:40:40,6.07,0.0,44,26734,卖盘
176,09:40:52,6.07,0.0,127,77108,卖盘
177,09:40:54,6.07,0.0,10,6070,卖盘
178,09:40:58,6.07,0.0,3,1821,卖盘
179,09:41:07,6.07,0.0,100,60700,卖盘
180,09:41:18,6.07,0.0,574,348977,卖盘
181,09:41:25,6.07,0.0,20,12140,卖盘
182,09:41:28,6.07,0.0,225,136575,卖盘
183,09:41:37,6.07,0.0,208,126256,卖盘
184,09:41:40,6.08,0.01,11,6688,买盘
185,09:41:43,6.07,-0.01,9,5463,卖盘
186,09:41:48,6.07,0.0,94,57058,卖盘
187,09:41:51,6.09,0.02,878,533756,买盘
188,09:42:01,6.07,-0.02,19,11533,买盘
189,09:42:07,6.08,0.01,39,23712,卖盘
190,09:42:10,6.06,-0.02,2,1212,卖盘
191,09:42:31,6.07,0.01,2,1214,买盘
192,09:42:37,6.06,-0.01,99,59994,卖盘
193,09:42:49,6.07,0.01,2,1214,买盘
194,09:42:55,6.06,-0.01,110,66660,卖盘
195,09:42:58,6.06,0.0,195,118170,卖盘
196,09:43:01,6.07,0.01,30,18210,买盘
197,09:43:04,6.06,-0.01,70,42420,卖盘
198,09:43:10,6.06,0.0,35,21210,买盘
199,09:43:13,6.06,0.0,1,606,买盘
200,09:43:15,6.06,0.0,24,14544,买盘
201,09:43:18,6.06,0.0,11,6666,买盘
202,09:43:24,6.06,0.0,107,64842,卖盘
203,09:43:40,6.07,0.01,49,29743,买盘
204,09:43:43,6.06,-0.01,189,114534,卖盘
205,09:43:46,6.06,0.0,2,1212,买盘
206,09:43:49,6.06,0.0,5,3030,买盘
207,09:43:54,6.06,0.0,49,29694,买盘
208,09:43:58,6.06,0.0,127,76962,买盘
209,09:44:04,6.06,0.0,50,30300,卖盘
210,09:44:07,6.06,0.0,95,57570,卖盘
211,09:44:09,6.06,0.0,84,50904,买盘
212,09:44:12,6.06,0.0,50,30300,中性盘
213,09:44:16,6.06,0.0,1,606,卖盘
214,09:44:18,6.06,0.0,10,6060,卖盘
215,09:44:22,6.06,0.0,1,606,卖盘
216,09:44:25,6.06,0.0,20,12120,卖盘
217,09:44:43,6.06,0.0,1,606,卖盘
218,09:44:52,6.07,0.01,13,7891,买盘
219,09:44:55,6.06,-0.01,100,60600,卖盘
220,09:45:06,6.06,0.0,2,1212,卖盘
221,09:45:13,6.06,0.0,84,50904,卖盘
222,09:45:22,6.07,0.01,32,19424,买盘
223,09:45:27,6.07,0.0,20,12140,买盘
224,09:45:43,6.06,-0.01,150,90950,卖盘
225,09:45:48,6.07,0.01,87,52809,买盘
226,09:46:10,6.07,0.0,49,29743,买盘
227,09:46:13,6.06,-0.01,298,180588,卖盘
228,09:46:19,6.07,0.01,28,16996,买盘
229,09:46:22,6.06,-0.01,6,3636,卖盘
230,09:46:25,6.06,0.0,5,3030,卖盘
231,09:46:28,6.06,0.0,212,128672,卖盘
232,09:46:31,6.06,0.0,23,13938,卖盘
233,09:46:40,6.06,0.0,17,10309,卖盘
234,09:46:54,6.06,0.0,25,15150,卖盘
235,09:46:57,6.06,0.0,50,30300,卖盘
236,09:47:07,6.06,0.0,2,1212,卖盘
237,09:47:10,6.06,0.0,34,20604,卖盘
238,09:47:19,6.06,0.0,21,12726,卖盘
239,09:47:22,6.06,0.0,37,22422,卖盘
240,09:47:31,6.06,0.0,1,606,卖盘
241,09:47:37,6.05,-0.01,406,245846,卖盘
242,09:47:39,6.07,0.02,10,6070,买盘
243,09:47:43,6.06,-0.01,13,7878,中性盘
244,09:47:46,6.06,0.0,5,3030,买盘
245,09:47:49,6.05,-0.01,13,7865,卖盘
246,09:47:55,6.06,0.01,14,8472,买盘
247,09:47:58,6.06,0.0,15,9090,买盘
248,09:48:09,6.06,0.0,49,29694,买盘
249,09:48:16,6.06,0.0,19,11514,买盘
250,09:48:22,6.06,0.0,1,606,买盘
251,09:48:25,6.06,0.0,7,4242,买盘
252,09:48:30,6.06,0.0,15,9090,买盘
253,09:48:33,6.06,0.0,124,75144,买盘
254,09:48:40,6.06,0.0,28,16968,买盘
255,09:48:46,6.06,0.0,20,12120,买盘
256,09:48:48,6.06,0.0,32,19392,买盘
257,09:49:01,6.07,0.01,93,56451,买盘
258,09:49:04,6.07,0.0,2,1214,买盘
259,09:49:06,6.06,-0.01,22,13332,卖盘
260,09:49:10,6.06,0.0,43,26058,卖盘
261,09:49:43,6.07,0.01,197,119579,买盘
262,09:49:46,6.07,0.0,25,15175,卖盘
263,09:49:55,6.07,0.0,10,6077,卖盘
264,09:50:04,6.07,0.0,74,44918,卖盘
265,09:50:16,6.07,0.0,56,33992,买盘
266,09:50:19,6.07,0.0,20,12140,买盘
267,09:50:27,6.07,0.0,2,1214,买盘
268,09:50:31,6.07,0.0,90,54630,买盘
269,09:51:04,6.06,-0.01,30,18180,卖盘
270,09:51:06,6.07,0.01,53,32158,买盘
271,09:51:21,6.07,0.0,5,3035,买盘
272,09:51:43,6.07,0.0,3,1821,买盘
273,09:52:01,6.06,-0.01,50,30300,卖盘
274,09:52:25,6.06,0.0,42,25452,卖盘
275,09:52:46,6.06,0.0,5,3030,卖盘
276,09:52:58,6.06,0.0,209,126654,卖盘
277,09:53:07,6.06,0.0,2,1212,卖盘
278,09:53:22,6.06,0.0,159,96354,卖盘
279,09:53:28,6.06,0.0,2,1212,卖盘
280,09:53:31,6.06,0.0,12,7272,卖盘
281,09:53:34,6.06,0.0,43,26058,卖盘
282,09:53:36,6.06,0.0,8,4848,卖盘
283,09:53:40,6.05,-0.01,10,6050,卖盘
284,09:53:46,6.06,0.01,46,27876,买盘
285,09:53:49,6.06,0.0,1,606,卖盘
286,09:53:52,6.06,0.0,6,3641,卖盘
287,09:53:58,6.06,0.0,152,92112,卖盘
288,09:54:04,6.06,0.0,1,606,买盘
289,09:54:07,6.05,-0.01,3,1815,卖盘
290,09:54:12,6.06,0.01,11,6666,买盘
291,09:54:30,6.06,0.0,9,5454,买盘
292,09:54:43,6.06,0.0,1,606,买盘
293,09:54:52,6.05,-0.01,600,363000,卖盘
294,09:54:54,6.05,0.0,2,1210,卖盘
295,09:54:58,6.05,0.0,7,4235,卖盘
296,09:55:01,6.05,0.0,6,3630,卖盘
297,09:55:04,6.05,0.0,1,605,卖盘
298,09:55:07,6.05,0.0,3,1815,卖盘
299,09:55:10,6.05,0.0,73,44165,卖盘
300,09:55:18,6.05,0.0,5,3025,买盘
301,09:55:31,6.05,0.0,13,7853,买盘
302,09:55:34,6.04,-0.01,75,45300,卖盘
303,09:55:40,6.04,0.0,616,372064,卖盘
304,09:55:46,6.04,0.0,46,27789,卖盘
305,09:55:52,6.04,0.0,16,9664,卖盘
306,09:56:04,6.04,0.0,1,604,买盘
307,09:56:07,6.04,0.0,1,604,买盘
308,09:56:10,6.03,-0.01,20,12060,卖盘
309,09:56:13,6.03,0.0,10,6030,卖盘
310,09:56:16,6.03,0.0,15,9045,卖盘
311,09:56:19,6.03,0.0,200,120600,卖盘
312,09:56:22,6.03,0.0,38,22914,卖盘
313,09:56:25,6.03,0.0,10,6030,卖盘
314,09:56:28,6.03,0.0,33,19899,卖盘
315,09:56:31,6.04,0.01,25,15100,买盘
316,09:56:37,6.04,0.0,1,604,买盘
317,09:56:40,6.04,0.0,16,9664,买盘
318,09:56:43,6.04,0.0,10,6040,买盘
319,09:56:49,6.03,-0.01,7,4221,卖盘
320,09:56:51,6.03,0.0,13,7839,卖盘
321,09:56:57,6.04,0.01,35,21120,买盘
322,09:57:07,6.03,-0.01,30,18115,卖盘
323,09:57:28,6.03,0.0,1,603,卖盘
324,09:57:31,6.03,0.0,27,16286,卖盘
325,09:57:34,6.03,0.0,5,3015,卖盘
326,09:57:52,6.04,0.01,11,6644,买盘
327,09:57:58,6.03,-0.01,20,12060,卖盘
328,09:58:07,6.03,0.0,1,603,卖盘
329,09:58:13,6.03,0.0,3,1809,卖盘
330,09:58:16,6.03,0.0,150,90450,卖盘
331,09:58:18,6.03,0.0,85,51255,卖盘
332,09:58:25,6.03,0.0,2,1206,卖盘
333,09:58:27,6.03,0.0,26,15678,卖盘
334,09:58:31,6.03,0.0,6,3618,卖盘
335,09:58:42,6.03,0.0,226,136278,卖盘
336,09:58:46,6.03,0.0,56,33768,卖盘
337,09:58:55,6.02,-0.01,10,6020,卖盘
338,09:59:01,6.02,0.0,68,40936,卖盘
339,09:59:07,6.02,0.0,10,6020,卖盘
340,09:59:10,6.02,0.0,5,3010,卖盘
341,09:59:16,6.02,0.0,10,6020,卖盘
342,09:59:22,6.02,0.0,40,24405,卖盘
343,09:59:28,6.02,0.0,39,23478,卖盘
344,09:59:31,6.02,0.0,20,12040,卖盘
345,09:59:37,6.02,0.0,8,4491,卖盘
346,09:59:40,6.02,0.0,10,6020,买盘
347,09:59:55,6.02,0.0,90,54180,买盘
348,09:59:58,6.01,-0.01,50,30050,卖盘
349,10:00:04,6.02,0.01,4,2408,买盘
350,10:00:06,6.02,0.0,55,33110,买盘
351,10:00:10,6.01,-0.01,10,6010,卖盘
352,10:00:13,6.02,0.01,113,68026,买盘
353,10:00:25,6.02,0.0,40,24080,买盘
354,10:00:28,6.02,0.0,2,1204,卖盘
355,10:00:34,6.02,0.0,59,35518,卖盘
356,10:00:43,6.03,0.01,3,1809,买盘
357,10:00:52,6.03,0.0,16,9648,买盘
358,10:01:00,6.03,0.0,13,7839,买盘
359,10:01:06,6.03,0.0,16,9648,卖盘
360,10:01:13,6.03,0.0,5,3015,卖盘
361,10:01:19,6.03,0.0,13,7839,卖盘
362,10:01:22,6.03,0.0,10,6030,卖盘
363,10:01:27,6.03,0.0,10,6030,卖盘
364,10:01:40,6.03,0.0,2,1206,卖盘
365,10:01:52,6.04,0.01,4,2416,买盘
366,10:01:57,6.04,0.0,1,604,买盘
367,10:02:04,6.03,-0.01,1,603,卖盘
368,10:02:07,6.04,0.01,1,604,买盘
369,10:02:25,6.03,-0.01,23,13869,卖盘
370,10:02:49,6.03,0.0,80,48240,卖盘
371,10:03:07,6.03,0.0,9,5427,卖盘
372,10:03:13,6.03,0.0,1,603,卖盘
373,10:03:15,6.03,0.0,10,6030,卖盘
374,10:03:19,6.03,0.0,96,57888,卖盘
375,10:03:22,6.03,0.0,25,15075,卖盘
376,10:03:28,6.02,-0.01,26,15652,卖盘
377,10:03:49,6.02,0.0,3,1806,卖盘
378,10:03:55,6.02,0.0,13,7826,卖盘
379,10:03:58,6.02,0.0,170,102340,卖盘
380,10:04:04,6.02,0.0,33,19866,卖盘
381,10:04:07,6.02,0.0,5,3010,卖盘
382,10:04:10,6.02,0.0,29,17458,卖盘
383,10:04:13,6.02,0.0,12,7224,卖盘
384,10:04:31,6.02,0.0,4,2408,买盘
385,10:04:40,6.01,-0.01,62,37262,卖盘
386,10:04:46,6.02,0.01,28,16856,买盘
387,10:04:52,6.01,-0.01,20,12020,卖盘
388,10:04:55,6.02,0.01,152,91504,买盘
389,10:05:01,6.01,-0.01,65,39065,卖盘
390,10:05:04,6.01,0.0,133,79933,卖盘
391,10:05:06,6.02,0.01,25,15050,买盘
392,10:05:19,6.02,0.0,19,11438,买盘
393,10:05:28,6.02,0.0,1,602,买盘
394,10:05:33,6.01,-0.01,20,12020,卖盘
395,10:05:55,6.02,0.01,235,141795,买盘
396,10:06:07,6.01,-0.01,367,220697,卖盘
397,10:06:25,6.02,0.01,10,6020,卖盘
398,10:06:28,6.02,0.0,40,24080,买盘
399,10:06:31,6.02,0.0,20,12040,买盘
400,10:06:33,6.02,0.0,20,12040,买盘
401,10:06:37,6.01,-0.01,176,105777,卖盘
402,10:06:43,6.02,0.01,60,36120,买盘
403,10:06:55,6.02,0.0,56,33712,卖盘
404,10:07:04,6.03,0.01,189,113967,买盘
405,10:07:07,6.02,-0.01,1,602,卖盘
406,10:07:13,6.02,0.0,9,5418,买盘
407,10:07:16,6.02,0.0,7,4214,买盘
408,10:07:22,6.02,0.0,30,18060,买盘
409,10:07:31,6.02,0.0,6,3612,买盘
410,10:07:34,6.02,0.0,78,46523,买盘
411,10:07:40,6.02,0.0,30,18060,卖盘
412,10:07:43,6.03,0.01,1,603,买盘
413,10:08:04,6.03,0.0,2,1206,买盘
414,10:08:07,6.03,0.0,1,603,卖盘
415,10:08:10,6.03,0.0,16,9648,卖盘
416,10:08:22,6.04,0.01,5,3020,买盘
417,10:08:36,6.03,-0.01,24,14472,卖盘
418,10:08:46,6.04,0.01,7,4228,买盘
419,10:09:16,6.03,-0.01,6,3618,卖盘
420,10:09:19,6.03,0.0,20,12060,卖盘
421,10:09:22,6.03,0.0,5,3015,卖盘
422,10:09:31,6.03,0.0,9,5427,卖盘
423,10:09:55,6.03,0.0,61,36783,买盘
424,10:09:58,6.03,0.0,8,4824,买盘
425,10:10:07,6.03,0.0,55,33149,买盘
426,10:10:10,6.03,0.0,30,18090,买盘
427,10:10:13,6.02,-0.01,20,12040,卖盘
428,10:10:22,6.03,0.01,2,1206,买盘
429,10:10:25,6.02,-0.01,212,128057,卖盘
430,10:10:28,6.02,0.0,33,19866,买盘
431,10:10:49,6.01,-0.01,10,6010,卖盘
432,10:10:55,6.01,0.0,32,19232,卖盘
433,10:11:00,6.01,0.0,20,12020,卖盘
434,10:11:04,6.01,0.0,81,48170,卖盘
435,10:11:07,6.01,0.0,3,1803,卖盘
436,10:11:09,6.01,0.0,22,13222,卖盘
437,10:11:55,6.01,0.0,22,13222,卖盘
438,10:11:58,6.01,0.0,20,12020,卖盘
439,10:12:06,6.02,0.01,1,602,买盘
440,10:12:15,6.01,-0.01,17,10217,卖盘
441,10:12:33,6.01,0.0,300,180300,卖盘
442,10:12:37,6.02,0.01,56,33712,买盘
443,10:12:40,6.01,-0.01,1,601,卖盘
444,10:12:52,6.01,0.0,10,6010,卖盘
445,10:13:06,6.01,0.0,1,601,卖盘
446,10:13:13,6.01,0.0,400,240400,卖盘
447,10:13:40,6.01,0.0,1,601,卖盘
448,10:13:42,6.01,0.0,27,16227,卖盘
449,10:13:46,6.01,0.0,4,2404,卖盘
450,10:13:57,6.01,0.0,10,6010,卖盘
451,10:14:01,6.01,0.0,165,99165,卖盘
452,10:14:07,6.01,0.0,3,1803,卖盘
453,10:14:28,6.01,0.0,29,17429,买盘
454,10:14:37,6.0,-0.01,200,120000,卖盘
455,10:14:39,6.01,0.01,3,1803,买盘
456,10:14:42,6.01,0.0,19,11419,买盘
457,10:14:46,6.0,-0.01,10,6000,卖盘
458,10:14:49,6.0,0.0,60,36000,卖盘
459,10:14:58,6.0,0.0,150,90000,卖盘
460,10:15:04,6.0,0.0,73,43800,卖盘
461,10:15:10,5.99,-0.01,50,29950,卖盘
462,10:15:40,6.0,0.01,10,6000,买盘
463,10:16:01,6.0,0.0,10,6000,买盘
464,10:16:04,5.99,-0.01,96,57594,卖盘
465,10:16:06,6.0,0.01,5,3000,买盘
466,10:16:12,6.0,0.0,1,600,卖盘
467,10:16:22,6.0,0.0,50,30000,卖盘
468,10:17:34,6.0,0.0,39,23400,卖盘
469,10:17:45,6.0,0.0,110,66000,卖盘
470,10:17:49,6.0,0.0,41,24600,卖盘
471,10:18:22,6.0,0.0,10,6000,买盘
472,10:18:25,6.0,0.0,1,600,买盘
473,10:18:27,5.99,-0.01,1,599,卖盘
474,10:18:39,6.0,0.01,154,92400,买盘
475,10:19:16,6.01,0.01,84,50484,买盘
476,10:19:19,6.01,0.0,45,27045,买盘
477,10:19:31,6.01,0.0,13,7813,买盘
478,10:19:52,6.02,0.01,30,18060,买盘
479,10:19:55,6.01,-0.01,16,9616,卖盘
480,10:20:13,6.02,0.01,14,8428,买盘
481,10:20:28,6.03,0.01,53,31928,买盘
482,10:20:43,6.02,-0.01,2,1204,买盘
483,10:21:22,6.01,-0.01,8,4808,卖盘
484,10:21:25,6.02,0.01,8,4816,买盘
485,10:21:31,6.02,0.0,4,2408,卖盘
486,10:21:34,6.02,0.0,4,2408,卖盘
487,10:21:46,6.02,0.0,91,54782,卖盘
488,10:22:04,6.01,-0.01,50,30050,卖盘
489,10:22:07,6.02,0.01,271,163142,买盘
490,10:22:10,6.01,-0.01,4,2404,卖盘
491,10:22:22,6.01,0.0,5,3005,卖盘
492,10:22:28,6.01,0.0,4,2404,卖盘
493,10:22:33,6.01,0.0,49,29449,卖盘
494,10:22:43,6.01,0.0,50,30050,卖盘
495,10:22:48,6.01,0.0,2,1202,卖盘
496,10:22:58,6.0,-0.01,10,6000,卖盘
497,10:23:01,6.0,0.0,50,30000,卖盘
498,10:23:37,6.0,0.0,22,13200,卖盘
499,10:23:43,6.0,0.0,74,44400,卖盘
500,10:23:49,6.0,0.0,10,6000,卖盘
501,10:24:19,6.0,0.0,30,18000,卖盘
502,10:25:04,6.0,0.0,103,61800,卖盘
503,10:25:52,6.01,0.01,19,11419,买盘
504,10:26:10,6.01,0.0,20,12020,买盘
505,10:26:19,6.01,0.0,27,16227,买盘
506,10:26:25,6.01,0.0,89,53489,买盘
507,10:26:37,6.02,0.01,20,12040,买盘
508,10:26:42,6.01,-0.01,16,9616,卖盘
509,10:26:57,6.01,0.0,84,50484,买盘
510,10:27:01,6.01,0.0,9,5409,卖盘
511,10:27:18,6.01,0.0,5,3005,卖盘
512,10:28:54,6.02,0.01,5,3010,买盘
513,10:29:19,6.02,0.0,11,6622,买盘
514,10:29:33,6.02,0.0,10,6020,买盘
515,10:29:43,6.02,0.0,13,7826,买盘
516,10:29:52,6.01,-0.01,50,30050,卖盘
517,10:30:01,6.0,-0.01,496,297683,卖盘
518,10:30:22,6.0,0.0,28,16800,买盘
519,10:30:25,6.0,0.0,62,37200,买盘
520,10:30:31,6.0,0.0,16,9600,买盘
521,10:30:57,6.0,0.0,21,12600,买盘
522,10:31:00,6.0,0.0,10,6000,买盘
523,10:31:19,6.0,0.0,62,37200,买盘
524,10:31:36,6.0,0.0,8,4800,买盘
525,10:31:48,6.0,0.0,10,6000,买盘
526,10:31:52,6.0,0.0,10,6000,买盘
527,10:32:13,6.0,0.0,21,12600,买盘
528,10:32:16,6.0,0.0,4,2400,买盘
529,10:32:31,6.0,0.0,2,1200,买盘
530,10:33:16,5.99,-0.01,30,17970,卖盘
531,10:33:49,5.99,0.0,246,147522,卖盘
532,10:33:54,5.99,0.0,6,3594,卖盘
533,10:34:01,6.0,0.01,50,30000,买盘
534,10:34:07,6.0,0.0,100,60000,买盘
535,10:34:10,5.99,-0.01,246,147414,卖盘
536,10:34:40,6.01,0.02,1,601,买盘
537,10:35:19,6.01,0.0,5,3005,买盘
538,10:35:43,6.0,-0.01,25,15000,卖盘
539,10:35:49,6.0,0.0,49,29400,买盘
540,10:35:58,6.0,0.0,10,6000,买盘
541,10:36:01,6.02,0.02,100,60137,买盘
542,10:36:10,6.0,-0.02,556,333588,卖盘
543,10:36:24,6.0,0.0,6,3600,买盘
544,10:36:30,6.0,0.0,6,3600,买盘
545,10:36:37,6.0,0.0,16,9600,买盘
546,10:36:49,6.0,0.0,5,3000,买盘
547,10:36:52,6.0,0.0,161,96600,买盘
548,10:37:13,6.01,0.01,8,4808,买盘
549,10:37:16,6.01,0.0,10,6010,买盘
550,10:37:25,6.01,0.0,1,601,买盘
551,10:37:28,6.01,0.0,5,3005,买盘
552,10:37:43,6.01,0.0,10,6010,买盘
553,10:37:46,6.01,0.0,19,11419,买盘
554,10:37:51,6.01,0.0,13,7813,卖盘
555,10:37:54,6.01,0.0,5,3005,卖盘
556,10:38:19,6.01,0.0,10,6010,买盘
557,10:38:24,6.01,0.0,37,22237,买盘
558,10:38:30,6.02,0.01,234,140868,买盘
559,10:38:55,6.02,0.0,86,51772,卖盘
560,10:39:13,6.02,0.0,20,12040,买盘
561,10:39:36,6.02,0.0,5,3010,买盘
562,10:40:18,6.02,0.0,32,19264,卖盘
563,10:40:22,6.02,0.0,12,7224,卖盘
564,10:40:25,6.01,-0.01,12,7212,卖盘
565,10:40:39,6.02,0.01,24,14448,买盘
566,10:40:57,6.02,0.0,4,2408,卖盘
567,10:41:46,6.02,0.0,3,1806,买盘
568,10:41:54,6.01,-0.01,5,3005,卖盘
569,10:42:07,6.01,0.0,30,18030,卖盘
570,10:42:21,6.01,0.0,5,3005,买盘
571,10:42:33,6.01,0.0,3,1803,卖盘
572,10:42:40,6.01,0.0,5,3005,卖盘
573,10:42:43,6.0,-0.01,12,7207,卖盘
574,10:42:49,6.01,0.01,27,16227,买盘
575,10:43:13,6.02,0.01,20,12040,买盘
576,10:44:13,6.02,0.0,5,3010,买盘
577,10:44:25,6.02,0.0,30,18060,买盘
578,10:44:31,6.02,0.0,49,29498,买盘
579,10:44:40,6.02,0.0,11,6622,卖盘
580,10:44:46,6.02,0.0,55,33110,卖盘
581,10:46:30,6.02,0.0,4,2408,买盘
582,10:47:55,6.01,-0.01,15,9015,卖盘
583,10:48:16,6.01,0.0,18,10818,卖盘
584,10:49:07,6.01,0.0,55,33055,卖盘
585,10:49:18,6.01,0.0,41,24641,卖盘
586,10:50:06,6.01,0.0,36,21636,卖盘
587,10:50:10,6.01,0.0,100,60100,卖盘
588,10:50:13,6.0,-0.01,230,138074,卖盘
589,10:50:18,6.01,0.01,1,601,买盘
590,10:50:22,6.01,0.0,348,209148,买盘
591,10:51:16,6.01,0.0,1,601,买盘
592,10:51:54,6.01,0.0,1,601,买盘
593,10:52:34,6.0,-0.01,50,30000,卖盘
594,10:53:31,6.01,0.01,45,27045,买盘
595,10:53:39,6.03,0.02,128,77094,买盘
596,10:54:21,6.03,0.0,181,109117,买盘
597,10:54:55,6.01,-0.02,18,10818,卖盘
598,10:54:58,6.03,0.02,6,3615,买盘
599,10:55:10,6.02,-0.01,1,602,买盘
600,10:55:45,6.01,-0.01,145,87145,卖盘
601,10:56:16,6.01,0.0,1,601,买盘
602,10:56:22,6.01,0.0,8,4808,卖盘
603,10:56:25,6.0,-0.01,98,58800,卖盘
604,10:56:40,6.0,0.0,25,15000,卖盘
605,10:57:34,6.01,0.01,13,7813,卖盘
606,10:57:51,6.01,0.0,50,30050,卖盘
607,10:57:57,6.01,0.0,10,6010,卖盘
608,10:58:25,6.01,0.0,64,38464,买盘
609,10:59:06,6.01,0.0,6,3606,买盘
610,10:59:22,6.0,-0.01,12,7206,卖盘
611,10:59:51,6.0,0.0,17,10200,卖盘
612,11:00:04,6.0,0.0,35,21000,卖盘
613,11:01:00,6.01,0.01,15,9015,买盘
614,11:01:07,6.01,0.0,22,13222,卖盘
615,11:01:10,6.0,-0.01,61,36600,卖盘
616,11:01:15,6.0,0.0,293,175800,卖盘
617,11:01:28,6.01,0.01,15,9015,中性盘
618,11:01:30,6.01,0.0,5,3005,中性盘
619,11:02:46,6.0,-0.01,100,60000,卖盘
620,11:03:09,6.01,0.01,26,15626,买盘
621,11:03:48,6.01,0.0,50,30050,买盘
622,11:04:58,6.01,0.0,7,4207,买盘
623,11:05:12,6.01,0.0,8,4808,买盘
624,11:05:15,6.01,0.0,2,1202,卖盘
625,11:05:39,6.01,0.0,30,18030,卖盘
626,11:05:46,6.01,0.0,2,1202,卖盘
627,11:05:49,6.01,0.0,8,4808,卖盘
628,11:06:01,6.01,0.0,5,3005,买盘
629,11:06:07,6.01,0.0,6,3606,买盘
630,11:06:34,6.01,0.0,2,1202,买盘
631,11:06:39,6.01,0.0,14,8414,卖盘
632,11:06:55,6.01,0.0,34,20434,卖盘
633,11:07:04,6.02,0.01,8,4816,买盘
634,11:08:51,6.01,-0.01,23,13823,买盘
635,11:08:55,6.01,0.0,10,6010,卖盘
636,11:09:01,6.0,-0.01,25,15020,卖盘
637,11:09:04,6.01,0.01,3,1803,中性盘
638,11:09:07,6.01,0.0,26,15626,卖盘
639,11:09:45,6.01,0.0,15,9015,买盘
640,11:09:49,6.01,0.0,12,7212,卖盘
641,11:09:55,6.0,-0.01,12,7200,卖盘
642,11:10:07,6.0,0.0,240,144000,卖盘
643,11:10:10,6.0,0.0,60,36000,卖盘
644,11:10:16,6.0,0.0,37,22200,买盘
645,11:10:19,5.99,-0.01,7,4193,卖盘
646,11:10:25,5.99,0.0,4,2396,卖盘
647,11:10:43,5.99,0.0,25,14980,卖盘
648,11:10:52,5.99,0.0,274,164126,卖盘
649,11:10:55,5.99,0.0,18,10782,卖盘
650,11:10:58,5.99,0.0,15,8985,卖盘
651,11:11:01,5.99,0.0,5,2995,卖盘
652,11:11:04,5.99,0.0,4,2396,卖盘
653,11:11:06,5.99,0.0,1,599,卖盘
654,11:11:12,5.99,0.0,25,14975,卖盘
655,11:11:16,5.99,0.0,4,2228,卖盘
656,11:11:19,5.99,0.0,18,10782,买盘
657,11:11:31,5.99,0.0,115,68776,买盘
658,11:11:40,5.98,-0.01,18,10764,卖盘
659,11:12:10,5.98,0.0,115,68770,卖盘
660,11:12:27,5.98,0.0,72,43056,卖盘
661,11:12:52,5.98,0.0,8,4784,买盘
662,11:13:03,5.98,0.0,44,26302,买盘
663,11:13:28,5.97,-0.01,50,29850,卖盘
664,11:13:42,5.96,-0.01,805,479953,卖盘
665,11:13:48,5.96,0.0,9,5364,买盘
666,11:14:10,5.96,0.0,20,11920,买盘
667,11:14:16,5.95,-0.01,200,119000,卖盘
668,11:14:28,5.94,-0.01,20,11880,卖盘
669,11:14:36,5.94,0.0,56,33430,卖盘
670,11:14:46,5.95,0.01,10,5950,买盘
671,11:14:52,5.93,-0.02,100,59325,卖盘
672,11:14:55,5.94,0.01,10,5940,中性盘
673,11:15:04,5.94,0.0,6,3564,买盘
674,11:15:07,5.93,-0.01,44,26130,卖盘
675,11:15:10,5.94,0.01,19,11286,买盘
676,11:15:13,5.94,0.0,102,60586,买盘
677,11:15:16,5.94,0.0,68,40392,买盘
678,11:15:19,5.93,-0.01,158,93758,卖盘
679,11:15:30,5.94,0.01,16,9504,卖盘
680,11:15:37,5.95,0.01,4,2380,买盘
681,11:15:46,5.95,0.0,1,595,买盘
682,11:15:49,5.94,-0.01,10,5940,卖盘
683,11:15:55,5.95,0.01,21,12495,买盘
684,11:16:01,5.95,0.0,18,10710,买盘
685,11:16:15,5.95,0.0,36,21420,买盘
686,11:16:18,5.95,0.0,12,7140,买盘
687,11:16:22,5.94,-0.01,159,94454,卖盘
688,11:16:30,5.95,0.01,34,20230,卖盘
689,11:16:46,5.95,0.0,12,7140,买盘
690,11:16:49,5.94,-0.01,100,59404,卖盘
691,11:16:52,5.94,0.0,127,75441,卖盘
692,11:17:52,5.96,0.02,10,5960,卖盘
693,11:17:57,5.96,0.0,10,5960,买盘
694,11:18:19,5.95,-0.01,40,23800,卖盘
695,11:18:33,5.96,0.01,2,1192,买盘
696,11:18:39,5.96,0.0,5,2980,卖盘
697,11:18:46,5.96,0.0,10,5960,卖盘
698,11:18:55,5.97,0.01,177,105669,买盘
699,11:19:04,5.96,-0.01,17,10132,卖盘
700,11:19:43,5.97,0.01,4,2388,买盘
701,11:20:04,5.97,0.0,5,2985,买盘
702,11:20:31,5.97,0.0,7,4179,买盘
703,11:20:43,5.97,0.0,6,3582,买盘
704,11:20:45,5.97,0.0,66,39402,买盘
705,11:21:34,5.98,0.01,40,23920,买盘
706,11:22:19,5.98,0.0,100,59800,买盘
707,11:22:37,5.98,0.0,6,3588,买盘
708,11:22:58,5.98,0.0,19,11362,买盘
709,11:23:33,5.98,0.0,30,17940,买盘
710,11:23:49,5.98,0.0,1,598,买盘
711,11:24:37,5.97,-0.01,20,11940,卖盘
712,11:25:36,5.98,0.01,5,2990,买盘
713,11:25:45,5.98,0.0,106,63388,买盘
714,11:26:06,5.98,0.0,1,598,卖盘
715,11:26:49,5.97,-0.01,1,597,卖盘
716,11:27:04,5.97,0.0,2,1194,卖盘
717,11:27:07,5.97,0.0,3,1791,卖盘
718,11:28:10,5.97,0.0,13,7761,卖盘
719,13:00:04,5.97,0.0,1,597,卖盘
720,13:00:07,5.97,0.0,144,85968,卖盘
721,13:00:21,5.97,0.0,2,1194,卖盘
722,13:01:04,5.97,0.0,3,1791,卖盘
723,13:01:24,5.97,0.0,7,4179,卖盘
724,13:01:27,5.97,0.0,14,8358,卖盘
725,13:01:36,5.96,-0.01,5,2980,卖盘
726,13:01:48,5.96,0.0,159,94764,卖盘
727,13:01:55,5.96,0.0,5,2980,卖盘
728,13:02:10,5.96,0.0,145,86420,卖盘
729,13:04:10,5.95,-0.01,58,34559,卖盘
730,13:04:46,5.96,0.01,10,5960,买盘
731,13:05:48,5.96,0.0,66,39336,卖盘
732,13:06:13,5.96,0.0,15,8940,买盘
733,13:06:24,5.96,0.0,23,13708,买盘
734,13:06:45,5.96,0.0,40,23840,卖盘
735,13:06:48,5.96,0.0,13,7748,卖盘
736,13:08:09,5.96,0.0,10,5960,买盘
737,13:08:19,5.95,-0.01,10,5950,卖盘
738,13:09:09,5.96,0.01,92,54832,买盘
739,13:10:57,5.97,0.01,3,1791,买盘
740,13:11:13,5.97,0.0,7,4179,买盘
741,13:11:24,5.97,0.0,18,10746,买盘
742,13:11:27,5.97,0.0,10,5970,买盘
743,13:11:30,5.97,0.0,3,1791,买盘
744,13:11:39,5.98,0.01,5,2990,买盘
745,13:11:48,5.97,-0.01,2,1194,卖盘
746,13:12:12,5.97,0.0,8,4776,买盘
747,13:12:22,5.97,0.0,11,6567,卖盘
748,13:12:25,5.97,0.0,4,2388,卖盘
749,13:12:28,5.97,0.0,1,597,卖盘
750,13:12:31,5.97,0.0,10,5970,买盘
751,13:13:04,5.97,0.0,3,1791,买盘
752,13:13:57,5.97,0.0,11,6567,买盘
753,13:14:12,5.97,0.0,9,5373,买盘
754,13:14:51,5.97,0.0,91,54327,买盘
755,13:15:12,5.97,0.0,5,2985,买盘
756,13:17:01,5.96,-0.01,13,7569,卖盘
757,13:17:04,5.96,0.0,14,8344,卖盘
758,13:17:07,5.96,0.0,2,1192,卖盘
759,13:17:10,5.96,0.0,13,7748,卖盘
760,13:17:13,5.96,0.0,13,7748,卖盘
761,13:17:18,5.96,0.0,20,11920,卖盘
762,13:17:21,5.96,0.0,19,11324,卖盘
763,13:17:24,5.96,0.0,18,10728,卖盘
764,13:17:28,5.96,0.0,2,1192,卖盘
765,13:17:34,5.96,0.0,1,596,卖盘
766,13:17:42,5.95,-0.01,257,153093,卖盘
767,13:18:10,5.95,0.0,94,56108,卖盘
768,13:18:13,5.95,0.0,2,1190,买盘
769,13:18:21,5.95,0.0,12,6956,买盘
770,13:18:36,5.95,0.0,3,1964,卖盘
771,13:19:16,5.95,0.0,21,12495,买盘
772,13:19:36,5.95,0.0,4,2380,买盘
773,13:20:37,5.96,0.01,100,59600,买盘
774,13:20:57,5.96,0.0,51,30396,买盘
775,13:21:09,5.96,0.0,20,11920,卖盘
776,13:21:37,5.96,0.0,10,5960,卖盘
777,13:22:40,5.96,0.0,96,57216,卖盘
778,13:22:45,5.96,0.0,4,2384,买盘
779,13:23:10,5.97,0.01,100,59700,买盘
780,13:23:28,5.97,0.0,60,35820,买盘
781,13:23:34,5.97,0.0,52,31044,买盘
782,13:23:51,5.97,0.0,14,8358,买盘
783,13:23:58,5.96,-0.01,9,5364,卖盘
784,13:24:01,5.97,0.01,10,5970,买盘
785,13:24:13,5.97,0.0,33,19701,买盘
786,13:24:21,5.97,0.0,3,1791,买盘
787,13:24:33,5.97,0.0,16,9552,买盘
788,13:25:04,5.97,0.0,1,597,买盘
789,13:25:21,5.97,0.0,30,17910,买盘
790,13:25:28,5.97,0.0,36,21492,买盘
791,13:25:37,5.97,0.0,20,11940,买盘
792,13:27:39,5.96,-0.01,15,8940,卖盘
793,13:27:55,5.96,0.0,100,59600,卖盘
794,13:28:04,5.96,0.0,23,13708,卖盘
795,13:28:36,5.96,0.0,23,13708,卖盘
796,13:28:55,5.97,0.01,1,597,买盘
797,13:29:01,5.97,0.0,30,17910,买盘
798,13:29:54,5.97,0.0,6,3582,买盘
799,13:30:06,5.96,-0.01,73,43508,卖盘
800,13:30:30,5.96,0.0,21,12516,卖盘
801,13:30:54,5.96,0.0,2,1192,卖盘
802,13:31:01,5.96,0.0,5,2980,卖盘
803,13:31:04,5.96,0.0,30,17880,卖盘
804,13:31:07,5.97,0.01,7,4179,买盘
805,13:31:09,5.96,-0.01,11,6556,卖盘
806,13:31:13,5.96,0.0,4,2384,卖盘
807,13:31:28,5.97,0.01,13,7761,买盘
808,13:31:40,5.96,-0.01,138,82248,卖盘
809,13:31:46,5.96,0.0,3,1788,卖盘
810,13:32:16,5.96,0.0,67,39932,卖盘
811,13:33:04,5.95,-0.01,129,76755,卖盘
812,13:33:15,5.96,0.01,119,70924,买盘
813,13:33:21,5.96,0.0,7,4172,卖盘
814,13:33:24,5.95,-0.01,5,2975,卖盘
815,13:33:58,5.95,0.0,20,11900,卖盘
816,13:34:22,5.95,0.0,50,29750,卖盘
817,13:36:07,5.95,0.0,22,13090,卖盘
818,13:36:16,5.96,0.01,34,20264,买盘
819,13:37:16,5.96,0.0,123,73308,卖盘
820,13:37:25,5.96,0.0,1,596,买盘
821,13:37:27,5.96,0.0,2,1192,买盘
822,13:37:43,5.95,-0.01,5,2975,卖盘
823,13:39:01,5.95,0.0,50,29750,卖盘
824,13:39:15,5.95,0.0,5,2975,卖盘
825,13:39:46,5.96,0.01,1,596,买盘
826,13:39:52,5.96,0.0,1,596,卖盘
827,13:40:18,5.97,0.01,8,4776,买盘
828,13:41:09,5.97,0.0,4,2388,买盘
829,13:41:25,5.96,-0.01,5,2980,卖盘
830,13:41:49,5.97,0.01,76,45372,买盘
831,13:42:07,5.96,-0.01,7,4172,卖盘
832,13:42:13,5.96,0.0,29,17284,卖盘
833,13:43:27,5.97,0.01,41,24477,买盘
834,13:43:46,5.96,-0.01,20,11920,卖盘
835,13:43:55,5.97,0.01,10,5970,买盘
836,13:44:18,5.97,0.0,24,14328,买盘
837,13:44:24,5.97,0.0,5,2985,卖盘
838,13:44:27,5.97,0.0,15,8955,卖盘
839,13:44:30,5.97,0.0,6,3582,卖盘
840,13:44:42,5.97,0.0,18,10746,买盘
841,13:44:49,5.97,0.0,1,597,卖盘
842,13:45:24,5.96,-0.01,58,34568,卖盘
843,13:45:27,5.97,0.01,10,5963,买盘
844,13:45:52,5.96,-0.01,2,1192,买盘
845,13:46:01,5.96,0.0,2,1192,卖盘
846,13:46:19,5.96,0.0,11,6556,卖盘
847,13:46:28,5.96,0.0,34,20264,卖盘
848,13:46:40,5.95,-0.01,41,24395,卖盘
849,13:46:49,5.95,0.0,63,37485,卖盘
850,13:46:55,5.95,0.0,6,3570,卖盘
851,13:47:25,5.95,0.0,30,17850,卖盘
852,13:47:49,5.95,0.0,9,5355,卖盘
853,13:48:07,5.94,-0.01,120,71300,卖盘
854,13:48:16,5.95,0.01,50,29750,买盘
855,13:48:28,5.94,-0.01,66,39204,卖盘
856,13:48:37,5.94,0.0,16,9504,卖盘
857,13:49:18,5.94,0.0,3,1782,卖盘
858,13:49:25,5.95,0.01,1,595,买盘
859,13:50:10,5.94,-0.01,25,14850,卖盘
860,13:50:42,5.95,0.01,40,23800,买盘
861,13:50:55,5.94,-0.01,30,17820,卖盘
862,13:51:04,5.95,0.01,50,29750,买盘
863,13:51:22,5.95,0.0,30,17850,买盘
864,13:52:16,5.97,0.02,44,26268,买盘
865,13:52:43,5.95,-0.02,100,59500,卖盘
866,13:52:55,5.97,0.02,14,8358,买盘
867,13:53:22,5.97,0.0,30,17910,买盘
868,13:53:28,5.97,0.0,5,2985,买盘
869,13:53:34,5.97,0.0,40,23860,买盘
870,13:53:55,5.97,0.0,30,17910,买盘
871,13:53:58,5.96,-0.01,9,5364,卖盘
872,13:54:01,5.96,0.0,1,596,买盘
873,13:55:22,5.96,0.0,32,19072,卖盘
874,13:55:49,5.96,0.0,1,596,卖盘
875,13:56:49,5.96,0.0,18,10728,卖盘
876,13:57:31,5.96,0.0,4,2384,卖盘
877,13:57:34,5.96,0.0,1,596,卖盘
878,13:57:37,5.96,0.0,5,2980,卖盘
879,13:57:40,5.96,0.0,9,5364,卖盘
880,13:58:28,5.96,0.0,5,2980,卖盘
881,13:59:01,5.96,0.0,47,28012,卖盘
882,14:00:49,5.97,0.01,10,5970,买盘
883,14:01:07,5.96,-0.01,10,5960,卖盘
884,14:01:24,5.96,0.0,1,596,卖盘
885,14:01:31,5.96,0.0,4,2384,卖盘
886,14:01:52,5.96,0.0,1,596,卖盘
887,14:01:58,5.96,0.0,6,3576,卖盘
888,14:02:13,5.96,0.0,1,596,卖盘
889,14:02:19,5.96,0.0,10,5960,卖盘
890,14:02:25,5.96,0.0,20,11920,卖盘
891,14:02:30,5.96,0.0,6,3576,卖盘
892,14:02:58,5.96,0.0,50,29800,卖盘
893,14:03:01,5.96,0.0,7,4172,卖盘
894,14:03:19,5.95,-0.01,32,19040,卖盘
895,14:03:43,5.95,0.0,30,17850,卖盘
896,14:04:06,5.95,0.0,11,6545,卖盘
897,14:04:10,5.95,0.0,19,11305,买盘
898,14:04:13,5.95,0.0,1,595,卖盘
899,14:04:46,5.94,-0.01,132,78412,卖盘
900,14:04:52,5.95,0.01,75,44625,买盘
901,14:05:13,5.95,0.0,9,5355,卖盘
902,14:05:21,5.95,0.0,4,2380,卖盘
903,14:08:25,5.95,0.0,1,595,卖盘
904,14:08:30,5.95,0.0,161,95795,卖盘
905,14:08:37,5.95,0.0,78,46410,卖盘
906,14:08:55,5.95,0.0,20,11900,买盘
907,14:09:06,5.95,0.0,12,7140,买盘
908,14:09:24,5.95,0.0,50,29750,卖盘
909,14:10:28,5.95,0.0,10,5950,卖盘
910,14:10:31,5.95,0.0,40,23800,卖盘
911,14:11:22,5.95,0.0,3,1785,卖盘
912,14:11:40,5.95,0.0,2,1190,卖盘
913,14:11:46,5.96,0.01,239,142444,买盘
914,14:12:24,5.96,0.0,5,2980,买盘
915,14:13:01,5.96,0.0,58,34568,买盘
916,14:13:10,5.96,0.0,9,5364,卖盘
917,14:13:19,5.96,0.0,381,227076,卖盘
918,14:13:40,5.96,0.0,1,596,买盘
919,14:13:46,5.95,-0.01,96,57120,卖盘
920,14:13:52,5.95,0.0,8,4760,卖盘
921,14:13:57,5.95,0.0,50,29750,卖盘
922,14:14:04,5.95,0.0,4,2380,卖盘
923,14:15:15,5.92,-0.03,809,480057,卖盘
924,14:15:52,5.93,0.01,5,2965,卖盘
925,14:16:01,5.93,0.0,41,24313,卖盘
926,14:16:25,5.93,0.0,4,2374,卖盘
927,14:17:40,5.93,0.0,100,59300,卖盘
928,14:17:46,5.93,0.0,3,1779,卖盘
929,14:18:07,5.93,0.0,10,5930,买盘
930,14:18:19,5.93,0.0,17,10081,买盘
931,14:18:25,5.93,0.0,2,1186,卖盘
932,14:18:40,5.93,0.0,10,5930,卖盘
933,14:18:55,5.93,0.0,1,593,卖盘
934,14:19:13,5.93,0.0,37,21941,买盘
935,14:19:40,5.94,0.01,30,17820,买盘
936,14:20:12,5.94,0.0,12,7128,买盘
937,14:20:25,5.93,-0.01,8,4744,卖盘
938,14:20:28,5.94,0.01,3,1782,买盘
939,14:20:52,5.94,0.0,7,4158,买盘
940,14:20:55,5.94,0.0,46,27324,买盘
941,14:21:01,5.93,-0.01,20,11861,卖盘
942,14:21:19,5.95,0.02,3,1785,买盘
943,14:22:01,5.95,0.0,10,5950,买盘
944,14:22:07,5.95,0.0,232,138040,买盘
945,14:22:12,5.95,0.0,6,3570,卖盘
946,14:25:04,5.96,0.01,1,596,买盘
947,14:25:18,5.95,-0.01,146,86870,卖盘
948,14:25:28,5.96,0.01,6,3576,买盘
949,14:26:04,5.95,-0.01,83,49385,卖盘
950,14:26:49,5.95,0.0,101,60095,卖盘
951,14:26:52,5.95,0.0,46,27370,卖盘
952,14:27:04,5.95,0.0,42,24990,卖盘
953,14:27:06,5.96,0.01,98,58408,买盘
954,14:27:34,5.95,-0.01,8,4760,卖盘
955,14:27:36,5.96,0.01,44,26224,买盘
956,14:27:40,5.95,-0.01,10,5950,卖盘
957,14:28:07,5.96,0.01,10,5960,买盘
958,14:28:19,5.95,-0.01,51,30345,卖盘
959,14:28:43,5.96,0.01,13,7748,买盘
960,14:29:01,5.95,-0.01,1,595,卖盘
961,14:29:04,5.95,0.0,29,17255,卖盘
962,14:29:49,5.96,0.01,45,26820,买盘
963,14:29:52,5.96,0.0,14,8344,买盘
964,14:29:57,5.96,0.0,46,27416,卖盘
965,14:30:07,5.97,0.01,88,52536,买盘
966,14:30:12,5.97,0.0,1,597,买盘
967,14:30:16,5.97,0.0,72,42984,买盘
968,14:30:19,5.97,0.0,6,3582,买盘
969,14:30:40,5.97,0.0,2,1194,买盘
970,14:30:43,5.97,0.0,74,43999,买盘
971,14:30:52,5.97,0.0,15,9134,卖盘
972,14:30:55,5.97,0.0,34,20298,买盘
973,14:30:57,5.97,0.0,42,25074,买盘
974,14:31:10,5.97,0.0,124,74028,买盘
975,14:31:13,5.97,0.0,1,418,卖盘
976,14:31:15,5.97,0.0,10,5970,卖盘
977,14:31:27,5.98,0.01,100,59800,买盘
978,14:32:07,5.98,0.0,79,47242,买盘
979,14:32:12,5.98,0.0,120,71760,卖盘
980,14:32:18,5.98,0.0,152,90896,卖盘
981,14:32:22,5.98,0.0,2,1196,买盘
982,14:32:55,5.98,0.0,9,5382,买盘
983,14:33:40,5.98,0.0,170,101660,买盘
984,14:33:49,5.98,0.0,1,598,买盘
985,14:33:57,5.98,0.0,301,179998,卖盘
986,14:34:34,5.99,0.01,141,84459,买盘
987,14:34:55,5.99,0.0,3,1797,买盘
988,14:34:58,5.99,0.0,55,32945,买盘
989,14:35:16,5.99,0.0,2,1198,买盘
990,14:35:19,5.99,0.0,4,2396,买盘
991,14:35:22,5.99,0.0,50,29950,卖盘
992,14:35:25,5.99,0.0,30,17970,卖盘
993,14:35:28,5.99,0.0,10,5990,买盘
994,14:35:33,6.0,0.01,36,21600,买盘
995,14:35:40,5.99,-0.01,8,4793,卖盘
996,14:35:46,5.99,0.0,6,3594,买盘
997,14:36:10,5.99,0.0,20,11980,买盘
998,14:36:16,5.98,-0.01,281,168038,卖盘
999,14:36:22,5.97,-0.01,11,6567,卖盘
1000,14:36:28,5.97,0.0,2,1194,卖盘
1001,14:36:34,5.98,0.01,140,83720,买盘
1002,14:37:04,5.96,-0.02,125,74595,卖盘
1003,14:37:49,5.97,0.01,5,2985,卖盘
1004,14:38:25,5.97,0.0,46,27462,卖盘
1005,14:38:40,5.97,0.0,15,8955,卖盘
1006,14:38:46,5.97,0.0,5,2985,卖盘
1007,14:38:58,5.98,0.01,100,59800,买盘
1008,14:39:04,5.97,-0.01,4,2388,卖盘
1009,14:39:09,5.98,0.01,182,108834,买盘
1010,14:39:21,5.98,0.0,10,5980,卖盘
1011,14:39:33,5.98,0.0,22,13156,卖盘
1012,14:39:43,5.98,0.0,46,27508,买盘
1013,14:39:48,5.98,0.0,14,8372,卖盘
1014,14:40:04,5.98,0.0,6,3588,卖盘
1015,14:40:06,5.98,0.0,1,598,卖盘
1016,14:40:24,5.98,0.0,9,5382,买盘
1017,14:40:31,5.98,0.0,1,598,卖盘
1018,14:41:01,5.98,0.0,58,34684,卖盘
1019,14:41:09,5.98,0.0,116,69368,买盘
1020,14:41:34,5.97,-0.01,33,19701,卖盘
1021,14:42:04,5.98,0.01,10,5980,买盘
1022,14:42:10,5.97,-0.01,20,11940,卖盘
1023,14:42:51,5.97,0.0,5,2985,卖盘
1024,14:43:01,5.97,0.0,100,59700,卖盘
1025,14:43:07,5.97,0.0,36,21492,卖盘
1026,14:43:19,5.97,0.0,10,5970,卖盘
1027,14:43:25,5.98,0.01,14,8369,买盘
1028,14:43:34,5.98,0.0,5,2990,买盘
1029,14:43:48,5.98,0.0,1,598,买盘
1030,14:43:55,5.98,0.0,200,119600,买盘
1031,14:44:13,5.98,0.0,100,59800,买盘
1032,14:44:16,5.98,0.0,44,26312,买盘
1033,14:44:22,5.98,0.0,100,59800,卖盘
1034,14:44:33,5.98,0.0,40,23920,卖盘
1035,14:44:55,5.99,0.01,250,149750,买盘
1036,14:45:04,5.98,-0.01,36,21528,卖盘
1037,14:45:13,5.99,0.01,102,61098,买盘
1038,14:45:31,5.99,0.0,2,1198,买盘
1039,14:45:40,5.99,0.0,188,112612,买盘
1040,14:45:49,5.99,0.0,13,7787,卖盘
1041,14:46:22,5.99,0.0,7,4193,卖盘
1042,14:46:37,6.0,0.01,403,241800,买盘
1043,14:46:43,6.0,0.0,8,4800,卖盘
1044,14:46:58,6.0,0.0,59,35400,卖盘
1045,14:47:01,6.01,0.01,103,61836,买盘
1046,14:47:10,6.0,-0.01,35,21000,中性盘
1047,14:47:13,6.01,0.01,1,601,买盘
1048,14:47:25,6.0,-0.01,2,1200,卖盘
1049,14:47:37,6.0,0.0,112,67200,卖盘
1050,14:47:40,6.0,0.0,50,30000,卖盘
1051,14:47:46,6.0,0.0,1,600,买盘
1052,14:48:04,6.01,0.01,72,43220,买盘
1053,14:48:16,6.01,0.0,1,601,买盘
1054,14:48:25,6.0,-0.01,87,52200,买盘
1055,14:48:31,6.01,0.01,14,8414,买盘
1056,14:48:34,6.0,-0.01,22,13200,卖盘
1057,14:48:40,6.0,0.0,80,48000,卖盘
1058,14:48:45,6.0,0.0,4,2400,卖盘
1059,14:48:52,6.0,0.0,105,63000,买盘
1060,14:48:55,6.0,0.0,50,30000,买盘
1061,14:49:01,6.0,0.0,29,17400,卖盘
1062,14:49:07,6.0,0.0,96,57600,卖盘
1063,14:49:10,6.0,0.0,40,24000,卖盘
1064,14:49:25,6.0,0.0,105,63000,卖盘
1065,14:49:31,6.0,0.0,211,126799,卖盘
1066,14:49:37,6.01,0.01,103,61903,买盘
1067,14:50:16,6.01,0.0,12,7212,买盘
1068,14:50:19,6.0,-0.01,2,1200,卖盘
1069,14:50:22,6.0,0.0,10,6000,卖盘
1070,14:50:28,6.0,0.0,148,88800,卖盘
1071,14:50:33,5.99,-0.01,253,151547,卖盘
1072,14:50:55,6.0,0.01,200,120000,卖盘
1073,14:51:16,6.0,0.0,15,9000,卖盘
1074,14:51:25,6.0,0.0,100,60000,卖盘
1075,14:51:34,6.0,0.0,20,12000,卖盘
1076,14:51:46,6.0,0.0,4,2400,卖盘
1077,14:51:58,6.0,0.0,2,1200,卖盘
1078,14:52:01,6.0,0.0,86,51600,卖盘
1079,14:52:07,6.0,0.0,4,2402,卖盘
1080,14:52:13,6.0,0.0,85,51000,买盘
1081,14:52:22,6.0,0.0,28,16800,买盘
1082,14:52:43,6.0,0.0,15,9000,卖盘
1083,14:52:46,6.01,0.01,325,195325,买盘
1084,14:52:58,6.0,-0.01,20,12000,卖盘
1085,14:53:13,6.0,0.0,20,12000,卖盘
1086,14:53:25,6.0,0.0,24,14410,卖盘
1087,14:54:13,6.0,0.0,16,9600,卖盘
1088,14:54:25,6.0,0.0,30,18000,卖盘
1089,14:54:28,6.0,0.0,10,6000,卖盘
1090,14:54:42,6.01,0.01,5,3005,买盘
1091,14:54:52,6.0,-0.01,1,600,卖盘
1092,14:54:55,6.01,0.01,56,33656,买盘
1093,14:55:01,6.01,0.0,3,1803,买盘
1094,14:55:28,6.0,-0.01,29,17400,卖盘
1095,14:55:31,6.01,0.01,59,35459,买盘
1096,14:55:37,6.01,0.0,29,17429,买盘
1097,14:55:49,6.01,0.0,5,3005,买盘
1098,14:55:55,6.0,-0.01,35,21000,卖盘
1099,14:56:10,6.01,0.01,2,1202,买盘
1100,14:56:19,6.0,-0.01,20,12000,卖盘
1101,14:56:22,6.01,0.01,40,24010,买盘
1102,14:56:34,6.0,-0.01,80,48000,卖盘
1103,14:56:40,6.0,0.0,19,11400,卖盘
1104,14:56:49,6.0,0.0,1,600,卖盘
1105,14:57:04,6.01,0.01,110,66100,买盘
1106,15:00:04,6.0,-0.01,546,327600,卖盘
