,time,price,change,volume,amount,type
0,09:30:04,21.25,0.02,4,8488,买盘
1,09:30:10,20.9,-0.35,1,2090,卖盘
2,09:30:13,20.9,0.0,4,8360,买盘
3,09:30:31,21.18,0.28,3,6354,买盘
4,09:30:34,20.95,-0.23,1,2095,中性盘
5,09:30:40,20.95,0.0,3,6285,卖盘
6,09:31:10,21.18,0.23,6,12708,买盘
7,09:31:16,20.97,-0.21,3,6291,卖盘
8,09:31:24,20.97,0.0,3,6291,卖盘
9,09:31:31,21.1,0.13,2,4220,买盘
10,09:31:37,20.98,-0.12,14,29374,卖盘
11,09:32:13,21.01,0.03,1,2101,卖盘
12,09:32:34,21.1,0.09,8,16880,买盘
13,09:32:37,21.1,0.0,2,4220,买盘
14,09:32:40,21.1,0.0,1,2110,买盘
15,09:32:43,21.1,0.0,3,6330,买盘
16,09:32:46,21.1,0.0,1,2110,买盘
17,09:32:52,21.2,0.1,2,4239,买盘
18,09:33:01,21.2,0.0,2,4240,买盘
19,09:33:40,21.19,-0.01,1,2119,买盘
20,09:33:42,21.19,0.0,1,2119,买盘
21,09:33:46,21.19,0.0,9,19071,卖盘
22,09:33:49,21.2,0.01,17,36040,买盘
23,09:34:10,21.14,-0.06,3,6342,买盘
24,09:34:13,21.11,-0.03,1,2111,卖盘
25,09:34:31,21.13,0.02,1,2113,卖盘
26,09:34:43,21.12,-0.01,10,21120,卖盘
27,09:34:46,21.12,0.0,1,2112,卖盘
28,09:34:49,21.13,0.01,4,8452,买盘
29,09:34:52,21.12,-0.01,4,8448,卖盘
30,09:35:15,21.11,-0.01,1,2111,卖盘
31,09:35:40,21.12,0.01,2,4224,买盘
32,09:36:22,21.07,-0.05,14,29517,卖盘
33,09:36:28,21.13,0.06,29,61277,买盘
34,09:37:06,21.1,-0.03,9,18990,买盘
35,09:37:10,21.1,0.0,3,6330,卖盘
36,09:37:40,21.1,0.0,1,2110,卖盘
37,09:37:46,21.1,0.0,9,18991,卖盘
38,09:37:54,21.1,0.0,1,2110,卖盘
39,09:38:16,21.1,0.0,17,35870,卖盘
40,09:38:34,21.1,0.0,3,6330,卖盘
41,09:39:19,21.13,0.03,2,4226,买盘
42,09:39:22,21.13,0.0,1,2113,卖盘
43,09:39:25,21.13,0.0,1,2113,卖盘
44,09:39:28,21.13,0.0,2,4226,卖盘
45,09:39:31,21.14,0.01,5,10566,买盘
46,09:39:34,21.13,-0.01,5,10565,卖盘
47,09:39:37,21.13,0.0,2,4226,卖盘
48,09:39:40,21.13,0.0,1,2113,卖盘
49,09:40:01,21.13,0.0,2,4226,卖盘
50,09:40:16,21.1,-0.03,7,14770,卖盘
51,09:40:34,21.09,-0.01,22,46398,卖盘
52,09:40:37,21.09,0.0,2,4218,买盘
53,09:40:40,21.1,0.01,8,16875,买盘
54,09:40:49,21.1,0.0,15,31650,买盘
55,09:40:52,21.08,-0.02,8,16865,卖盘
56,09:41:01,21.09,0.01,1,2109,卖盘
57,09:41:07,21.09,0.0,4,8436,买盘
58,09:41:10,21.09,0.0,25,52724,买盘
59,09:41:19,21.09,0.0,2,4218,卖盘
60,09:41:25,21.13,0.04,8,16904,买盘
61,09:41:49,21.14,0.01,4,8456,买盘
62,09:42:12,21.14,0.0,5,10570,买盘
63,09:42:19,21.25,0.11,2,4250,买盘
64,09:42:22,21.14,-0.11,1,2114,卖盘
65,09:42:25,21.14,0.0,10,21140,买盘
66,09:43:19,21.25,0.11,5,10625,买盘
67,09:43:25,21.25,0.0,5,10625,卖盘
68,09:43:28,21.35,0.1,1,2135,买盘
69,09:43:55,21.36,0.01,51,108920,买盘
70,09:44:19,21.26,-0.1,2,4264,卖盘
71,09:44:22,21.38,0.12,11,23518,买盘
72,09:44:36,21.38,0.0,4,8541,买盘
73,09:45:01,21.37,-0.01,5,10685,买盘
74,09:45:16,21.35,-0.02,5,10675,买盘
75,09:45:49,21.3,-0.05,1,2130,买盘
76,09:46:13,21.3,0.0,13,27690,买盘
77,09:46:49,21.3,0.0,1,2130,买盘
78,09:47:13,21.28,-0.02,18,38320,卖盘
79,09:47:28,21.35,0.07,10,21350,买盘
80,09:47:55,21.37,0.02,15,32051,买盘
81,09:47:58,21.37,0.0,1,2137,买盘
82,09:48:01,21.37,0.0,4,8548,买盘
83,09:48:06,21.37,0.0,5,10685,卖盘
84,09:48:18,21.38,0.01,31,66278,买盘
85,09:48:25,21.38,0.0,6,12828,卖盘
86,09:48:31,21.39,0.01,17,36363,买盘
87,09:48:45,21.38,-0.01,1,2138,卖盘
88,09:48:49,21.39,0.01,1,2139,买盘
89,09:48:51,21.38,-0.01,11,23519,卖盘
90,09:48:58,21.38,0.0,2,4276,卖盘
91,09:49:01,21.39,0.01,8,17112,买盘
92,09:49:07,21.39,0.0,12,25668,卖盘
93,09:49:22,21.45,0.06,4,8580,买盘
94,09:49:31,21.45,0.0,1,2145,买盘
95,09:49:34,21.45,0.0,2,4290,买盘
96,09:50:07,21.41,-0.04,10,21410,卖盘
97,09:50:13,21.4,-0.01,28,59935,卖盘
98,09:50:19,21.44,0.04,1,2144,买盘
99,09:50:22,21.38,-0.06,19,40633,卖盘
100,09:50:28,21.44,0.06,2,4281,买盘
101,09:50:31,21.36,-0.08,21,44857,卖盘
102,09:50:43,21.36,0.0,4,8544,买盘
103,09:50:55,21.36,0.0,1,2136,买盘
104,09:51:10,21.35,-0.01,17,36300,卖盘
105,09:51:36,21.31,-0.04,2,4262,卖盘
106,09:51:58,21.36,0.01,2,4272,买盘
107,09:52:01,21.36,0.0,4,8544,买盘
108,09:52:04,21.36,0.0,2,4272,买盘
109,09:52:55,21.35,-0.01,18,38430,卖盘
110,09:52:57,21.36,0.01,5,10680,买盘
111,09:53:16,21.35,-0.01,3,6405,卖盘
112,09:53:34,21.35,0.0,7,14945,卖盘
113,09:53:39,21.36,0.01,16,34176,买盘
114,09:53:46,21.35,-0.01,6,12810,卖盘
115,09:53:55,21.36,0.01,16,34176,买盘
116,09:54:04,21.36,0.0,1,2136,卖盘
117,09:55:01,21.43,0.07,1,2143,买盘
118,09:55:25,21.4,-0.03,1,2140,买盘
119,09:55:31,21.36,-0.04,5,10680,卖盘
120,09:55:37,21.4,0.04,2,4280,买盘
121,09:55:49,21.4,0.0,5,10700,买盘
122,09:56:04,21.43,0.03,30,64288,买盘
123,09:56:25,21.4,-0.03,10,21400,卖盘
124,09:56:30,21.4,0.0,2,4280,卖盘
125,09:57:01,21.41,0.01,9,19269,卖盘
126,09:57:10,21.4,-0.01,8,17120,卖盘
127,09:57:15,21.41,0.01,27,57807,买盘
128,09:57:42,21.41,0.0,2,4282,买盘
129,09:57:46,21.41,0.0,2,4282,买盘
130,09:58:04,21.4,-0.01,6,12840,卖盘
131,09:58:22,21.4,0.0,4,8560,买盘
132,09:58:28,21.4,0.0,6,12840,卖盘
133,09:58:31,21.41,0.01,20,42808,买盘
134,09:58:39,21.43,0.02,8,17144,买盘
135,09:59:13,21.41,-0.02,10,21410,卖盘
136,09:59:55,21.37,-0.04,8,17096,卖盘
137,10:00:22,21.37,0.0,1,2137,买盘
138,10:00:39,21.4,0.03,30,64190,买盘
139,10:00:46,21.4,0.0,1,2140,买盘
140,10:00:48,21.4,0.0,2,4280,买盘
141,10:00:52,21.4,0.0,8,17120,买盘
142,10:00:55,21.41,0.01,4,8564,买盘
143,10:00:58,21.41,0.0,25,53525,买盘
144,10:01:01,21.41,0.0,12,25692,买盘
145,10:01:04,21.43,0.02,5,10715,买盘
146,10:01:07,21.43,0.0,8,17144,买盘
147,10:01:10,21.43,0.0,3,6429,买盘
148,10:01:13,21.43,0.0,2,4286,买盘
149,10:01:16,21.44,0.01,33,70737,买盘
150,10:01:19,21.44,0.0,2,4288,买盘
151,10:01:22,21.44,0.0,1,2144,买盘
152,10:01:28,21.45,0.01,20,42900,买盘
153,10:01:31,21.42,-0.03,6,12852,卖盘
154,10:01:34,21.42,0.0,1,2142,买盘
155,10:01:37,21.42,0.0,1,2142,买盘
156,10:01:40,21.42,0.0,1,2142,买盘
157,10:01:43,21.42,0.0,1,2142,买盘
158,10:01:46,21.42,0.0,1,2142,买盘
159,10:01:49,21.42,0.0,1,2142,买盘
160,10:01:51,21.42,0.0,5,10710,买盘
161,10:02:07,21.42,0.0,8,17136,卖盘
162,10:02:25,21.45,0.03,11,23595,买盘
163,10:02:31,21.45,0.0,6,12870,买盘
164,10:02:43,21.45,0.0,6,12870,买盘
165,10:02:48,21.5,0.05,101,217057,买盘
166,10:02:58,21.5,0.0,32,68800,买盘
167,10:03:10,21.5,0.0,50,107500,买盘
168,10:03:13,21.5,0.0,1,2150,买盘
169,10:03:16,21.5,0.0,5,10750,买盘
170,10:03:22,21.5,0.0,12,25800,买盘
171,10:03:52,21.5,0.0,8,17205,卖盘
172,10:04:01,21.51,0.01,2,4302,卖盘
173,10:04:04,21.51,0.0,2,4302,卖盘
174,10:04:25,21.5,-0.01,2,4300,卖盘
175,10:04:28,21.51,0.01,15,32265,买盘
176,10:04:40,21.51,0.0,1,2151,卖盘
177,10:04:43,21.51,0.0,16,34416,卖盘
178,10:05:18,21.5,-0.01,3,6450,卖盘
179,10:05:40,21.45,-0.05,1,2145,卖盘
180,10:05:57,21.49,0.04,12,25788,买盘
181,10:06:04,21.49,0.0,2,4298,卖盘
182,10:06:34,21.49,0.0,2,4298,卖盘
183,10:06:45,21.49,0.0,12,25788,卖盘
184,10:06:48,21.49,0.0,5,10745,卖盘
185,10:06:52,21.49,0.0,1,2149,卖盘
186,10:07:04,21.5,0.01,30,64500,买盘
187,10:07:19,21.5,0.0,6,12897,买盘
188,10:07:28,21.47,-0.03,2,4294,买盘
189,10:07:31,21.45,-0.02,4,8580,卖盘
190,10:07:58,21.46,0.01,1,2146,卖盘
191,10:08:04,21.47,0.01,1,2147,买盘
192,10:09:34,21.48,0.01,1,2148,买盘
193,10:10:07,21.47,-0.01,1,2147,卖盘
194,10:10:19,21.47,0.0,10,21470,卖盘
195,10:10:22,21.46,-0.01,10,21466,卖盘
196,10:10:34,21.45,-0.01,3,6437,卖盘
197,10:10:54,21.45,0.0,19,40755,卖盘
198,10:11:01,21.45,0.0,9,19305,卖盘
199,10:11:07,21.43,-0.02,2,4286,卖盘
200,10:11:09,21.42,-0.01,11,23569,卖盘
201,10:11:12,21.42,0.0,2,4284,卖盘
202,10:11:16,21.42,0.0,11,23562,卖盘
203,10:11:19,21.41,-0.01,1,2141,卖盘
204,10:11:22,21.41,0.0,10,21410,卖盘
205,10:11:28,21.38,-0.03,1,2138,卖盘
206,10:11:30,21.36,-0.02,29,61957,卖盘
207,10:11:46,21.36,0.0,3,6408,卖盘
208,10:11:52,21.36,0.0,41,87606,卖盘
209,10:12:04,21.35,-0.01,5,10675,卖盘
210,10:12:13,21.3,-0.05,1,2130,卖盘
211,10:12:22,21.3,0.0,5,10650,卖盘
212,10:12:28,21.3,0.0,5,10650,卖盘
213,10:12:52,21.3,0.0,31,66041,卖盘
214,10:13:09,21.3,0.0,2,4260,买盘
215,10:13:16,21.3,0.0,62,132060,买盘
216,10:13:19,21.3,0.0,31,66030,买盘
217,10:13:22,21.29,-0.01,11,23420,卖盘
218,10:13:37,21.3,0.01,28,59640,买盘
219,10:13:39,21.3,0.0,6,12780,买盘
220,10:13:46,21.3,0.0,10,21300,买盘
221,10:13:49,21.3,0.0,11,23430,买盘
222,10:13:58,21.3,0.0,25,53250,买盘
223,10:14:01,21.3,0.0,3,6390,买盘
224,10:14:28,21.45,0.15,2,4290,买盘
225,10:15:04,21.33,-0.12,4,8532,卖盘
226,10:15:10,21.42,0.09,2,4284,买盘
227,10:15:37,21.41,-0.01,4,8564,买盘
228,10:15:43,21.41,0.0,2,4282,买盘
229,10:15:55,21.41,0.0,1,2141,买盘
230,10:16:01,21.41,0.0,1,2141,买盘
231,10:16:58,21.33,-0.08,8,17064,卖盘
232,10:17:07,21.33,0.0,3,6399,买盘
233,10:17:25,21.38,0.05,5,10690,买盘
234,10:17:52,21.39,0.01,1,2139,买盘
235,10:18:22,21.39,0.0,6,12834,买盘
236,10:18:27,21.38,-0.01,5,10690,卖盘
237,10:18:33,21.38,0.0,1,2138,买盘
238,10:19:04,21.35,-0.03,1,2135,买盘
239,10:19:25,21.35,0.0,5,10676,卖盘
240,10:19:28,21.39,0.04,1,2139,买盘
241,10:19:40,21.39,0.0,2,4278,卖盘
242,10:19:46,21.4,0.01,7,14980,买盘
243,10:20:13,21.41,0.01,6,12846,买盘
244,10:20:22,21.4,-0.01,6,12840,卖盘
245,10:20:34,21.4,0.0,3,6420,卖盘
246,10:21:04,21.39,-0.01,4,8556,卖盘
247,10:21:07,21.39,0.0,10,21390,卖盘
248,10:21:19,21.32,-0.07,7,14924,卖盘
249,10:21:33,21.32,0.0,5,10660,卖盘
250,10:25:54,21.38,0.06,15,32070,卖盘
251,10:26:52,21.38,0.0,1,2138,卖盘
252,10:27:00,21.39,0.01,22,47058,买盘
253,10:27:10,21.39,0.0,4,8557,卖盘
254,10:28:43,21.39,0.0,7,14973,买盘
255,10:29:55,21.39,0.0,1,2139,买盘
256,10:31:01,21.39,0.0,9,19251,卖盘
257,10:31:28,21.36,-0.03,1,2136,卖盘
258,10:31:31,21.36,0.0,2,4272,卖盘
259,10:31:37,21.36,0.0,8,17088,卖盘
260,10:32:01,21.34,-0.02,2,4268,卖盘
261,10:32:04,21.34,0.0,11,23474,买盘
262,10:32:34,21.33,-0.01,11,23463,卖盘
263,10:33:52,21.32,-0.01,9,19188,卖盘
264,10:34:04,21.31,-0.01,8,17048,卖盘
265,10:34:16,21.31,0.0,3,6393,卖盘
266,10:34:25,21.3,-0.01,20,42600,卖盘
267,10:34:52,21.29,-0.01,11,23419,卖盘
268,10:35:01,21.29,0.0,2,4258,买盘
269,10:35:19,21.27,-0.02,43,91484,卖盘
270,10:35:30,21.26,-0.01,19,40394,卖盘
271,10:35:36,21.25,-0.01,11,23375,卖盘
272,10:35:54,21.11,-0.14,39,82357,卖盘
273,10:36:01,21.22,0.11,1,2122,买盘
274,10:36:37,21.22,0.0,4,8488,卖盘
275,10:36:43,21.22,0.0,1,2122,买盘
276,10:37:07,21.13,-0.09,24,50740,卖盘
277,10:37:13,21.26,0.13,1,2126,买盘
278,10:37:22,21.27,0.01,120,255240,买盘
279,10:37:24,21.26,-0.01,2,4252,卖盘
280,10:37:45,21.26,0.0,1,2126,买盘
281,10:38:31,21.32,0.06,2,4260,买盘
282,10:38:40,21.36,0.04,2,4272,买盘
283,10:38:43,21.36,0.0,3,6408,买盘
284,10:39:42,21.32,-0.04,3,6396,卖盘
285,10:40:31,21.3,-0.02,1,2130,买盘
286,10:41:40,21.28,-0.02,7,14896,卖盘
287,10:43:13,21.19,-0.09,15,31785,卖盘
288,10:44:13,21.21,0.02,2,4242,卖盘
289,10:46:28,21.27,0.06,3,6381,买盘
290,10:47:46,21.27,0.0,1,2127,买盘
291,10:47:57,21.28,0.01,4,8512,买盘
292,10:48:49,21.28,0.0,2,4256,买盘
293,10:49:40,21.28,0.0,5,10640,买盘
294,10:49:57,21.28,0.0,5,10640,买盘
295,10:50:06,21.28,0.0,2,4256,买盘
296,10:50:16,21.28,0.0,2,4256,买盘
297,10:50:19,21.28,0.0,15,31920,买盘
298,10:50:40,21.27,-0.01,2,4254,卖盘
299,10:50:48,21.28,0.01,4,8509,买盘
300,10:50:55,21.32,0.04,4,8524,买盘
301,10:52:27,21.32,0.0,2,4264,买盘
302,10:52:55,21.32,0.0,2,4264,买盘
303,10:53:31,21.33,0.01,1,2133,卖盘
304,10:54:58,21.33,0.0,5,10665,卖盘
305,10:55:01,21.35,0.02,4,8540,买盘
306,10:56:18,21.34,-0.01,2,4268,卖盘
307,10:56:37,21.33,-0.01,1,2133,卖盘
308,10:56:51,21.33,0.0,1,2133,卖盘
309,10:57:10,21.32,-0.01,1,2132,卖盘
310,10:57:13,21.33,0.01,1,2133,买盘
311,10:57:30,21.32,-0.01,2,4264,卖盘
312,10:58:16,21.32,0.0,7,14924,卖盘
313,10:58:18,21.33,0.01,1,2133,买盘
314,10:58:39,21.32,-0.01,5,10660,卖盘
315,10:59:01,21.32,0.0,7,14924,卖盘
316,10:59:10,21.32,0.0,50,106600,卖盘
317,11:00:04,21.32,0.0,3,6396,卖盘
318,11:00:16,21.32,0.0,1,2132,买盘
319,11:02:24,21.32,0.0,2,4264,买盘
320,11:03:06,21.34,0.02,5,10666,买盘
321,11:03:09,21.32,-0.02,2,4264,卖盘
322,11:03:28,21.27,-0.05,5,10635,卖盘
323,11:04:04,21.32,0.05,2,4264,买盘
324,11:05:42,21.33,0.01,1,2133,卖盘
325,11:05:57,21.33,0.0,1,2133,卖盘
326,11:06:04,21.34,0.01,2,4267,买盘
327,11:06:55,21.35,0.01,1,2135,买盘
328,11:07:00,21.35,0.0,2,4270,买盘
329,11:07:07,21.35,0.0,3,6405,买盘
330,11:07:45,21.35,0.0,1,2135,卖盘
331,11:08:06,21.34,-0.01,55,117371,卖盘
332,11:08:12,21.34,0.0,18,38412,卖盘
333,11:08:21,21.34,0.0,3,6402,卖盘
334,11:08:37,21.34,0.0,10,21340,卖盘
335,11:12:04,21.34,0.0,1,2134,卖盘
336,11:12:42,21.34,0.0,10,21343,卖盘
337,11:13:40,21.34,0.0,8,17072,卖盘
338,11:14:19,21.31,-0.03,5,10656,卖盘
339,11:14:27,21.32,0.01,1,2132,卖盘
340,11:14:36,21.27,-0.05,75,159525,卖盘
341,11:14:55,21.22,-0.05,36,76463,卖盘
342,11:16:51,21.27,0.05,15,31905,买盘
343,11:18:30,21.27,0.0,3,6381,卖盘
344,11:21:06,21.27,0.0,50,106351,卖盘
345,11:22:31,21.22,-0.05,18,38197,卖盘
346,11:22:33,21.22,0.0,1,2122,买盘
347,11:22:36,21.22,0.0,1,2122,买盘
348,11:22:39,21.22,0.0,3,6366,买盘
349,11:22:43,21.22,0.0,1,2122,买盘
350,11:22:45,21.22,0.0,1,2122,买盘
351,11:22:49,21.22,0.0,2,4244,买盘
352,11:22:51,21.22,0.0,1,2122,买盘
353,11:22:55,21.22,0.0,12,25464,买盘
354,11:23:57,21.21,-0.01,30,63645,卖盘
355,11:24:24,21.32,0.11,22,48311,买盘
356,11:25:46,21.32,0.0,15,31980,卖盘
357,11:25:52,21.32,0.0,12,25584,卖盘
358,11:26:06,21.21,-0.11,19,38914,买盘
359,11:26:09,21.21,0.0,6,12726,买盘
360,11:26:12,21.21,0.0,1,2121,买盘
361,11:26:16,21.21,0.0,4,8484,买盘
362,11:26:24,21.21,0.0,2,4242,卖盘
363,11:27:24,21.21,0.0,20,42421,卖盘
364,11:27:36,21.16,-0.05,5,10580,卖盘
365,11:29:45,21.16,0.0,20,42330,卖盘
366,13:00:04,21.31,0.15,2,4258,买盘
367,13:07:22,21.25,-0.06,1,2125,买盘
368,13:07:31,21.3,0.05,2,4260,买盘
369,13:07:39,21.3,0.0,4,8520,卖盘
370,13:07:46,21.3,0.0,1,2130,卖盘
371,13:07:55,21.31,0.01,1,2131,买盘
372,13:10:27,21.31,0.0,1,2131,买盘
373,13:11:58,21.17,-0.14,23,48691,卖盘
374,13:13:19,21.17,0.0,23,48691,买盘
375,13:13:24,21.17,0.0,1,2117,买盘
376,13:14:07,21.17,0.0,10,21170,买盘
377,13:14:10,21.17,0.0,1,2117,买盘
378,13:14:24,21.17,0.0,4,8468,买盘
379,13:14:36,21.17,0.0,5,10585,买盘
380,13:14:39,21.17,0.0,1,2117,买盘
381,13:14:42,21.17,0.0,10,21170,买盘
382,13:15:15,21.17,0.0,5,10585,买盘
383,13:15:55,21.17,0.0,5,10585,买盘
384,13:16:07,21.17,0.0,1,2117,买盘
385,13:16:12,21.17,0.0,18,38101,买盘
386,13:16:16,21.17,0.0,1,2117,买盘
387,13:18:40,21.16,-0.01,50,105800,卖盘
388,13:18:43,21.16,0.0,1,2116,卖盘
389,13:18:51,21.15,-0.01,30,63453,卖盘
390,13:19:10,21.15,0.0,5,10575,卖盘
391,13:20:15,21.15,0.0,10,21150,卖盘
392,13:20:58,21.17,0.02,4,8468,买盘
393,13:21:04,21.13,-0.04,40,84526,卖盘
394,13:21:13,21.13,0.0,10,21130,卖盘
395,13:21:34,21.17,0.04,2,4234,买盘
396,13:21:51,21.17,0.0,2,4234,买盘
397,13:22:01,21.17,0.0,15,31755,买盘
398,13:22:04,21.17,0.0,1,2117,买盘
399,13:22:10,21.17,0.0,2,4234,买盘
400,13:22:33,21.17,0.0,1,2117,买盘
401,13:22:42,21.12,-0.05,20,42257,卖盘
402,13:22:55,21.17,0.05,2,4234,买盘
403,13:23:19,21.11,-0.06,60,126715,卖盘
404,13:24:15,21.13,0.02,10,21130,卖盘
405,13:24:18,21.17,0.04,1,2117,买盘
406,13:26:30,21.17,0.0,1,2117,买盘
407,13:26:43,21.17,0.0,1,2117,买盘
408,13:27:13,21.15,-0.02,1,2115,卖盘
409,13:29:54,21.15,0.0,10,21150,卖盘
410,13:30:10,21.14,-0.01,1,2114,卖盘
411,13:30:45,21.14,0.0,4,8456,卖盘
412,13:32:16,21.16,0.02,1,2116,卖盘
413,13:32:19,21.16,0.0,2,4232,卖盘
414,13:32:22,21.16,0.0,2,4232,卖盘
415,13:32:25,21.14,-0.02,4,8457,卖盘
416,13:32:58,21.13,-0.01,15,31702,卖盘
417,13:33:01,21.13,0.0,7,14791,卖盘
418,13:33:43,21.13,0.0,2,4226,卖盘
419,13:33:58,21.12,-0.01,10,21120,卖盘
420,13:34:01,21.12,0.0,3,6336,卖盘
421,13:34:10,21.12,0.0,16,33792,卖盘
422,13:34:34,21.11,-0.01,18,37998,卖盘
423,13:35:04,21.11,0.0,10,21110,卖盘
424,13:35:07,21.13,0.02,1,2113,买盘
425,13:35:10,21.13,0.0,4,8452,卖盘
426,13:35:18,21.13,0.0,3,6339,卖盘
427,13:36:10,21.17,0.04,2,4234,买盘
428,13:37:01,21.17,0.0,7,14819,卖盘
429,13:37:10,21.17,0.0,2,4234,卖盘
430,13:37:22,21.09,-0.08,91,191993,卖盘
431,13:37:54,21.09,0.0,10,21090,买盘
432,13:38:09,21.09,0.0,1,2109,买盘
433,13:38:55,21.08,-0.01,20,40642,卖盘
434,13:39:37,21.08,0.0,9,18972,卖盘
435,13:40:43,21.09,0.01,1,2109,卖盘
436,13:41:28,21.08,-0.01,2,4216,卖盘
437,13:42:10,21.21,0.13,4,8477,买盘
438,13:42:31,21.21,0.0,3,6363,买盘
439,13:42:46,21.21,0.0,1,2121,买盘
440,13:43:24,21.21,0.0,1,2121,买盘
441,13:45:21,21.21,0.0,3,6363,买盘
442,13:48:25,21.09,-0.12,9,18985,卖盘
443,13:48:31,21.21,0.12,1,2121,买盘
444,13:48:46,21.21,0.0,7,14847,买盘
445,13:48:52,21.26,0.05,1,2126,买盘
446,13:48:55,21.26,0.0,2,4252,卖盘
447,13:49:25,21.13,-0.13,1,2113,卖盘
448,13:55:48,21.22,0.09,1,2122,买盘
449,13:56:42,21.22,0.0,1,2122,买盘
450,13:57:22,21.22,0.0,1,2122,买盘
451,13:58:19,21.22,0.0,1,2122,买盘
452,13:59:19,21.2,-0.02,1,2120,卖盘
453,14:00:04,21.2,0.0,1,2120,买盘
454,14:00:16,21.21,0.01,1,2121,卖盘
455,14:01:55,21.21,0.0,3,6363,卖盘
456,14:02:07,21.22,0.01,2,4243,买盘
457,14:05:25,21.22,0.0,10,21220,卖盘
458,14:07:37,21.29,0.07,1,2129,买盘
459,14:08:22,21.26,-0.03,2,4252,卖盘
460,14:08:43,21.3,0.04,2,4260,卖盘
461,14:08:46,21.31,0.01,6,12786,买盘
462,14:08:49,21.31,0.0,2,4262,卖盘
463,14:09:01,21.33,0.02,10,21330,买盘
464,14:09:30,21.36,0.03,2,4272,买盘
465,14:10:12,21.34,-0.02,1,2134,卖盘
466,14:10:16,21.34,0.0,9,19206,卖盘
467,14:10:22,21.35,0.01,1,2135,卖盘
468,14:10:40,21.34,-0.01,21,44814,卖盘
469,14:10:46,21.33,-0.01,1,2133,卖盘
470,14:13:30,21.33,0.0,1,2133,卖盘
471,14:14:58,21.35,0.02,27,57641,买盘
472,14:15:55,21.35,0.0,1,2135,买盘
473,14:16:04,21.34,-0.01,3,6404,卖盘
474,14:16:16,21.34,0.0,11,23484,卖盘
475,14:16:24,21.34,0.0,1,2134,卖盘
476,14:16:34,21.34,0.0,2,4268,卖盘
477,14:16:43,21.35,0.01,2,4270,买盘
478,14:16:46,21.35,0.0,1,2135,买盘
479,14:18:24,21.35,0.0,6,12810,买盘
480,14:19:15,21.33,-0.02,2,4266,卖盘
481,14:19:34,21.32,-0.01,3,6396,卖盘
482,14:20:16,21.32,0.0,1,2132,卖盘
483,14:21:04,21.32,0.0,4,8528,卖盘
484,14:21:55,21.32,0.0,2,4264,卖盘
485,14:23:09,21.3,-0.02,2,4262,卖盘
486,14:24:33,21.3,0.0,2,4260,卖盘
487,14:25:13,21.32,0.02,10,21320,买盘
488,14:26:24,21.33,0.01,1,2133,买盘
489,14:26:42,21.34,0.01,2,4268,卖盘
490,14:27:09,21.33,-0.01,1,2133,卖盘
491,14:27:12,21.34,0.01,14,29876,买盘
492,14:28:43,21.33,-0.01,1,2133,买盘
493,14:28:46,21.3,-0.03,10,21312,卖盘
494,14:29:31,21.35,0.05,1,2135,买盘
495,14:30:13,21.32,-0.03,8,17077,卖盘
496,14:33:19,21.3,-0.02,1,2130,卖盘
497,14:33:58,21.34,0.04,3,6402,买盘
498,14:35:10,21.3,-0.04,1,2130,卖盘
499,14:35:15,21.29,-0.01,1,2129,卖盘
500,14:35:34,21.29,0.0,2,4258,卖盘
501,14:35:51,21.34,0.05,7,14938,买盘
502,14:35:58,21.34,0.0,16,34144,卖盘
503,14:36:07,21.28,-0.06,6,12768,卖盘
504,14:36:31,21.28,0.0,1,2128,买盘
505,14:36:58,21.25,-0.03,2,4250,卖盘
506,14:39:22,21.33,0.08,5,10665,买盘
507,14:40:22,21.3,-0.03,3,6390,卖盘
508,14:41:55,21.22,-0.08,15,31830,卖盘
509,14:42:27,21.22,0.0,1,2122,买盘
510,14:43:28,21.22,0.0,1,2122,买盘
511,14:43:37,21.21,-0.01,9,19089,卖盘
512,14:43:49,21.2,-0.01,11,23320,卖盘
513,14:44:52,21.18,-0.02,2,4236,卖盘
514,14:46:10,21.18,0.0,23,48714,卖盘
515,14:48:40,21.18,0.0,12,25425,卖盘
516,14:48:46,21.2,0.02,10,21195,买盘
517,14:49:16,21.2,0.0,1,2120,卖盘
518,14:49:31,21.2,0.0,59,125080,卖盘
519,14:49:58,21.13,-0.07,2,4226,卖盘
520,14:50:01,21.13,0.0,1,2113,买盘
521,14:50:10,21.2,0.07,2,4240,买盘
522,14:50:55,21.19,-0.01,1,2119,买盘
523,14:51:07,21.11,-0.08,4,8468,卖盘
524,14:51:13,21.2,0.09,1,2120,买盘
525,14:51:31,21.22,0.02,6,12727,买盘
526,14:51:37,21.22,0.0,4,8488,卖盘
527,14:52:55,21.22,0.0,7,14854,买盘
528,14:53:01,21.22,0.0,5,10610,买盘
529,14:53:48,21.22,0.0,10,21220,买盘
530,14:54:10,21.15,-0.07,5,10575,买盘
531,14:54:37,21.15,0.0,4,8460,卖盘
532,14:54:40,21.28,0.13,1,2128,买盘
533,14:55:01,21.28,0.0,5,10639,买盘
534,14:55:37,21.27,-0.01,1,2127,买盘
535,14:56:40,21.22,-0.05,1,2122,买盘
536,14:56:43,21.21,-0.01,1,2121,买盘
537,14:56:46,21.23,0.02,1,2123,买盘
538,14:56:49,21.24,0.01,1,2124,买盘
539,15:00:05,21.27,0.03,54,114858,卖盘
