,time,price,change,volume,amount,type
0,09:25:04,16.69,-0.02,65,108485,买盘
1,09:30:04,16.99,0.3,82,137786,买盘
2,09:30:07,16.69,-0.3,66,110186,卖盘
3,09:30:27,16.72,0.03,2,3344,卖盘
4,09:30:31,16.72,0.0,24,40128,卖盘
5,09:30:34,16.72,0.0,12,20064,买盘
6,09:30:37,16.72,0.0,15,25080,买盘
7,09:30:49,16.84,0.12,5,8418,买盘
8,09:30:54,16.74,-0.1,12,20088,卖盘
9,09:30:57,16.74,0.0,8,13392,买盘
10,09:31:00,16.73,-0.01,17,28456,卖盘
11,09:31:04,16.73,0.0,12,20076,买盘
12,09:31:10,16.73,0.0,1,1673,买盘
13,09:31:13,16.74,0.01,3,5020,买盘
14,09:31:16,16.74,0.0,3,5022,买盘
15,09:31:31,16.74,0.0,27,45263,卖盘
16,09:31:46,16.74,0.0,1,1674,卖盘
17,09:31:48,16.74,0.0,58,97092,卖盘
18,09:31:55,16.74,0.0,6,10044,买盘
19,09:32:01,16.73,-0.01,16,26778,卖盘
20,09:32:04,16.8,0.07,1,1680,买盘
21,09:32:10,16.78,-0.02,1,1678,中性盘
22,09:32:18,16.79,0.01,16,26864,买盘
23,09:32:27,16.79,0.0,4,6716,买盘
24,09:32:30,16.73,-0.06,26,43498,卖盘
25,09:32:33,16.78,0.05,13,21814,买盘
26,09:32:40,16.78,0.0,1,1678,买盘
27,09:32:43,16.78,0.0,5,8390,买盘
28,09:33:01,16.74,-0.04,26,43526,卖盘
29,09:33:04,16.77,0.03,2,3355,中性盘
30,09:33:07,16.77,0.0,1,1677,买盘
31,09:33:34,16.77,0.0,4,6708,买盘
32,09:33:36,16.74,-0.03,3,5022,卖盘
33,09:33:46,16.75,0.01,3,5023,中性盘
34,09:33:51,16.75,0.0,10,16743,买盘
35,09:33:58,16.75,0.0,7,11725,卖盘
36,09:34:10,16.75,0.0,6,10050,卖盘
37,09:34:12,16.75,0.0,30,50250,买盘
38,09:34:16,16.75,0.0,2,3350,买盘
39,09:34:19,16.73,-0.02,13,21764,卖盘
40,09:34:25,16.76,0.03,3,5026,买盘
41,09:34:39,16.75,-0.01,30,50261,卖盘
42,09:34:42,16.75,0.0,1,1675,买盘
43,09:34:49,16.75,0.0,4,6700,卖盘
44,09:34:55,16.76,0.01,3,5028,买盘
45,09:34:57,16.75,-0.01,3,5026,卖盘
46,09:35:01,16.76,0.01,38,63680,买盘
47,09:35:04,16.76,0.0,5,8380,买盘
48,09:35:07,16.76,0.0,1,1676,买盘
49,09:35:16,16.77,0.01,3,5031,买盘
50,09:35:19,16.77,0.0,2,3354,买盘
51,09:35:22,16.77,0.0,19,31852,买盘
52,09:35:27,16.76,-0.01,16,26826,卖盘
53,09:35:31,16.76,0.0,4,6704,买盘
54,09:35:37,16.8,0.04,1,1680,买盘
55,09:35:40,16.8,0.0,5,8400,买盘
56,09:35:42,16.77,-0.03,12,20126,卖盘
57,09:35:52,16.8,0.03,4,6711,买盘
58,09:36:04,16.76,-0.04,21,35199,卖盘
59,09:36:07,16.78,0.02,1,1678,买盘
60,09:36:13,16.78,0.0,6,10068,买盘
61,09:36:15,16.78,0.0,2,3356,买盘
62,09:36:25,16.82,0.04,4,6724,买盘
63,09:36:31,16.82,0.0,1,1682,买盘
64,09:36:40,16.82,0.0,11,18499,买盘
65,09:36:43,16.82,0.0,3,5046,买盘
66,09:36:48,16.83,0.01,32,53872,卖盘
67,09:36:52,16.83,0.0,1,1683,买盘
68,09:37:01,16.83,0.0,5,8413,买盘
69,09:37:07,16.84,0.01,4,6736,买盘
70,09:37:10,16.85,0.01,20,33700,买盘
71,09:37:28,16.94,0.09,10,16933,买盘
72,09:37:37,16.93,-0.01,1,1693,买盘
73,09:37:40,16.93,0.0,2,3386,买盘
74,09:37:49,16.95,0.02,12,20331,买盘
75,09:37:52,16.95,0.0,38,64410,卖盘
76,09:37:58,16.93,-0.02,1,1693,中性盘
77,09:38:04,16.93,0.0,9,15225,买盘
78,09:38:07,16.93,0.0,1,1693,卖盘
79,09:38:09,16.93,0.0,16,27085,买盘
80,09:38:16,16.86,-0.07,1,1686,卖盘
81,09:38:31,16.89,0.03,1,1689,买盘
82,09:38:37,16.85,-0.04,48,80904,卖盘
83,09:38:58,16.85,0.0,1,1685,买盘
84,09:39:07,16.87,0.02,16,26968,买盘
85,09:39:10,16.89,0.02,2,3378,买盘
86,09:39:16,16.89,0.0,1,1689,买盘
87,09:39:22,16.88,-0.01,1,1688,卖盘
88,09:39:31,16.89,0.01,6,10120,买盘
89,09:39:34,16.89,0.0,2,3378,买盘
90,09:39:37,16.89,0.0,1,1689,买盘
91,09:39:39,16.89,0.0,10,16890,买盘
92,09:39:43,16.89,0.0,1,1689,买盘
93,09:39:46,16.89,0.0,1,1689,买盘
94,09:39:48,16.89,0.0,2,3378,买盘
95,09:39:52,16.89,0.0,19,32091,卖盘
96,09:39:55,16.89,0.0,2,3378,卖盘
97,09:39:58,16.89,0.0,5,8447,卖盘
98,09:40:04,16.91,0.02,1,1691,买盘
99,09:40:12,16.9,-0.01,4,6760,卖盘
100,09:40:22,16.9,0.0,2,3380,买盘
101,09:40:24,16.9,0.0,8,13520,买盘
102,09:40:28,16.89,-0.01,15,25347,卖盘
103,09:40:33,16.91,0.02,1,1691,买盘
104,09:40:43,16.91,0.0,3,5073,买盘
105,09:40:51,16.91,0.0,3,5073,卖盘
106,09:41:07,16.9,-0.01,3,5070,卖盘
107,09:41:10,16.92,0.02,1,1692,买盘
108,09:41:16,16.91,-0.01,4,6764,卖盘
109,09:41:19,16.91,0.0,13,21984,卖盘
110,09:41:22,16.91,0.0,3,5073,卖盘
111,09:41:37,16.89,-0.02,8,13512,卖盘
112,09:41:40,16.91,0.02,5,8447,买盘
113,09:41:58,16.9,-0.01,3,5070,买盘
114,09:42:12,16.88,-0.02,7,11816,卖盘
115,09:42:25,16.87,-0.01,4,6749,卖盘
116,09:42:28,16.84,-0.03,63,106202,卖盘
117,09:42:31,16.83,-0.01,1,1683,中性盘
118,09:42:37,16.84,0.01,1,1684,买盘
119,09:42:39,16.84,0.0,1,1684,买盘
120,09:42:58,16.81,-0.03,9,15129,卖盘
121,09:43:04,16.82,0.01,8,13456,买盘
122,09:43:09,16.81,-0.01,1,1681,卖盘
123,09:43:13,16.79,-0.02,7,11756,卖盘
124,09:43:22,16.81,0.02,1,1681,买盘
125,09:43:30,16.81,0.0,1,1681,买盘
126,09:43:49,16.8,-0.01,3,5040,买盘
127,09:43:55,16.84,0.04,19,31996,买盘
128,09:44:01,16.9,0.06,1,1690,买盘
129,09:45:03,16.86,-0.04,10,16860,买盘
130,09:45:19,16.86,0.0,10,16860,买盘
131,09:45:25,16.86,0.0,2,3372,买盘
132,09:45:40,16.81,-0.05,5,8405,卖盘
133,09:45:55,16.81,0.0,7,11767,卖盘
134,09:45:58,16.81,0.0,8,13448,买盘
135,09:46:04,16.8,-0.01,6,10080,卖盘
136,09:46:10,16.8,0.0,10,16800,卖盘
137,09:46:16,16.8,0.0,1,1680,卖盘
138,09:46:21,16.8,0.0,20,33600,卖盘
139,09:46:28,16.8,0.0,1,1680,卖盘
140,09:46:34,16.8,0.0,2,3360,卖盘
141,09:47:04,16.8,0.0,9,15121,卖盘
142,09:47:09,16.8,0.0,6,10080,卖盘
143,09:47:13,16.81,0.01,31,52081,买盘
144,09:47:16,16.8,-0.01,3,5040,卖盘
145,09:47:22,16.81,0.01,8,13448,买盘
146,09:47:40,16.8,-0.01,18,30240,卖盘
147,09:47:49,16.8,0.0,3,5040,卖盘
148,09:47:52,16.8,0.0,1,1680,卖盘
149,09:47:54,16.8,0.0,1,1680,卖盘
150,09:47:57,16.8,0.0,2,3360,卖盘
151,09:48:16,16.79,-0.01,9,15111,卖盘
152,09:48:22,16.79,0.0,1,1679,买盘
153,09:48:25,16.79,0.0,170,284719,买盘
154,09:48:36,16.72,-0.07,4,6706,卖盘
155,09:48:46,16.74,0.02,1,1674,买盘
156,09:48:54,16.72,-0.02,21,35112,卖盘
157,09:49:01,16.72,0.0,11,18392,卖盘
158,09:49:07,16.7,-0.02,120,200408,卖盘
159,09:49:10,16.72,0.02,95,158820,买盘
160,09:49:13,16.69,-0.03,3,5007,卖盘
161,09:49:18,16.69,0.0,1,1669,卖盘
162,09:49:21,16.69,0.0,3,5007,卖盘
163,09:49:34,16.69,0.0,2,3338,卖盘
164,09:49:42,16.69,0.0,22,36728,卖盘
165,09:49:49,16.7,0.01,2,3340,买盘
166,09:49:52,16.69,-0.01,1,1669,卖盘
167,09:49:58,16.69,0.0,20,33421,卖盘
168,09:50:00,16.69,0.0,1,1669,买盘
169,09:50:06,16.67,-0.02,123,205271,卖盘
170,09:50:13,16.68,0.01,1,1668,卖盘
171,09:50:19,16.69,0.01,21,35049,买盘
172,09:50:22,16.69,0.0,27,45063,买盘
173,09:50:25,16.69,0.0,17,28373,买盘
174,09:50:27,16.69,0.0,12,20028,买盘
175,09:50:31,16.69,0.0,71,118499,买盘
176,09:50:34,16.72,0.03,5,8360,买盘
177,09:50:37,16.72,0.0,1,1672,买盘
178,09:50:39,16.72,0.0,1,1672,买盘
179,09:50:42,16.72,0.0,3,5016,买盘
180,09:50:51,16.74,0.02,3,5022,买盘
181,09:51:06,16.74,0.0,9,15066,卖盘
182,09:51:09,16.74,0.0,2,3348,买盘
183,09:51:12,16.74,0.0,2,3348,买盘
184,09:52:04,16.71,-0.03,11,18391,卖盘
185,09:53:01,16.71,0.0,5,8355,买盘
186,09:53:09,16.73,0.02,5,8365,买盘
187,09:53:22,16.74,0.01,4,6696,卖盘
188,09:53:25,16.74,0.0,5,8370,买盘
189,09:53:28,16.74,0.0,1,1674,买盘
190,09:53:37,16.71,-0.03,20,33428,卖盘
191,09:53:46,16.71,0.0,28,46790,卖盘
192,09:54:01,16.73,0.02,2,3346,买盘
193,09:54:15,16.72,-0.01,1,1672,卖盘
194,09:54:25,16.73,0.01,6,10038,买盘
195,09:54:34,16.72,-0.01,2,3343,买盘
196,09:54:51,16.72,0.0,3,5016,买盘
197,09:54:58,16.71,-0.01,28,46788,卖盘
198,09:55:01,16.71,0.0,11,18381,卖盘
199,09:55:04,16.71,0.0,2,3342,卖盘
200,09:55:07,16.7,-0.01,48,80176,卖盘
201,09:55:10,16.69,-0.01,17,28387,卖盘
202,09:55:13,16.69,0.0,10,16690,卖盘
203,09:55:15,16.68,-0.01,8,13344,卖盘
204,09:55:22,16.66,-0.02,18,29988,卖盘
205,09:55:25,16.66,0.0,22,36658,卖盘
206,09:55:28,16.66,0.0,7,11662,卖盘
207,09:55:34,16.64,-0.02,5,8320,中性盘
208,09:55:36,16.62,-0.02,2,3324,卖盘
209,09:55:43,16.6,-0.02,15,24916,卖盘
210,09:55:46,16.62,0.02,2,3324,买盘
211,09:55:49,16.62,0.0,4,6648,买盘
212,09:56:01,16.62,0.0,5,8310,买盘
213,09:56:04,16.62,0.0,1,1662,买盘
214,09:56:07,16.61,-0.01,23,38206,卖盘
215,09:56:13,16.6,-0.01,13,21587,卖盘
216,09:56:19,16.6,0.0,3,4980,买盘
217,09:56:25,16.58,-0.02,33,54730,卖盘
218,09:56:28,16.6,0.02,49,81340,买盘
219,09:56:34,16.57,-0.03,31,51378,卖盘
220,09:56:37,16.58,0.01,21,34818,买盘
221,09:56:40,16.57,-0.01,17,28183,卖盘
222,09:56:43,16.58,0.01,12,19896,中性盘
223,09:56:52,16.58,0.0,27,44806,卖盘
224,09:56:55,16.58,0.0,2,3316,卖盘
225,09:56:58,16.61,0.03,5,8305,卖盘
226,09:57:01,16.61,0.0,1,1661,卖盘
227,09:57:04,16.58,-0.03,16,26564,卖盘
228,09:57:10,16.58,0.0,18,29883,卖盘
229,09:57:16,16.64,0.06,1,1664,买盘
230,09:57:19,16.59,-0.05,30,49784,卖盘
231,09:57:34,16.59,0.0,34,56406,卖盘
232,09:57:37,16.64,0.05,24,39899,买盘
233,09:57:46,16.63,-0.01,1,1663,买盘
234,09:58:01,16.64,0.01,3,4992,买盘
235,09:58:13,16.63,-0.01,1,1663,卖盘
236,09:58:15,16.64,0.01,6,9984,买盘
237,09:58:19,16.65,0.01,12,19980,买盘
238,09:58:34,16.67,0.02,4,6668,买盘
239,09:58:37,16.66,-0.01,48,79980,卖盘
240,09:58:46,16.65,-0.01,6,9990,卖盘
241,09:58:49,16.66,0.01,6,9996,买盘
242,09:58:52,16.66,0.0,8,13328,买盘
243,09:59:01,16.64,-0.02,47,78248,卖盘
244,09:59:04,16.66,0.02,42,69972,买盘
245,09:59:12,16.66,0.0,56,93296,卖盘
246,09:59:15,16.68,0.02,5,8339,买盘
247,09:59:22,16.67,-0.01,4,6668,中性盘
248,09:59:31,16.67,0.0,48,80016,卖盘
249,09:59:43,16.66,-0.01,18,29988,卖盘
250,09:59:46,16.66,0.0,9,14994,卖盘
251,09:59:51,16.66,0.0,3,4998,买盘
252,09:59:58,16.64,-0.02,27,44934,卖盘
253,10:00:00,16.64,0.0,1,1664,卖盘
254,10:00:04,16.64,0.0,1,1664,卖盘
255,10:00:55,16.64,0.0,9,14976,卖盘
256,10:01:07,16.64,0.0,1,1664,买盘
257,10:01:25,16.64,0.0,10,16640,卖盘
258,10:01:27,16.64,0.0,4,6656,卖盘
259,10:02:04,16.65,0.01,1,1665,买盘
260,10:02:07,16.64,-0.01,1,1664,买盘
261,10:02:10,16.65,0.01,5,8325,买盘
262,10:02:13,16.65,0.0,7,11655,买盘
263,10:02:25,16.66,0.01,2,3332,卖盘
264,10:02:31,16.67,0.01,2,3334,买盘
265,10:02:34,16.67,0.0,13,21671,买盘
266,10:03:04,16.67,0.0,1,1667,卖盘
267,10:03:10,16.68,0.01,6,10008,买盘
268,10:03:15,16.67,-0.01,32,53354,卖盘
269,10:03:28,16.68,0.01,5,8340,卖盘
270,10:03:52,16.66,-0.02,5,8330,卖盘
271,10:04:04,16.66,0.0,1,1666,卖盘
272,10:04:07,16.66,0.0,3,4999,卖盘
273,10:04:25,16.68,0.02,2,3336,买盘
274,10:04:40,16.67,-0.01,1,1667,卖盘
275,10:04:52,16.66,-0.01,31,51649,卖盘
276,10:04:54,16.69,0.03,2,3338,买盘
277,10:05:25,16.67,-0.02,2,3334,买盘
278,10:05:31,16.66,-0.01,29,48314,卖盘
279,10:05:45,16.66,0.0,2,3332,卖盘
280,10:05:49,16.66,0.0,3,4998,买盘
281,10:05:55,16.69,0.03,10,16665,买盘
282,10:06:04,16.66,-0.03,1,1666,卖盘
283,10:06:16,16.68,0.02,3,5004,买盘
284,10:06:21,16.68,0.0,7,11676,买盘
285,10:06:25,16.69,0.01,2,3338,买盘
286,10:06:34,16.67,-0.02,1,1667,卖盘
287,10:06:36,16.67,0.0,35,58345,买盘
288,10:06:42,16.71,0.04,19,31743,买盘
289,10:06:46,16.67,-0.04,8,13336,卖盘
290,10:06:52,16.71,0.04,2,3342,买盘
291,10:06:58,16.71,0.0,12,20052,买盘
292,10:07:01,16.67,-0.04,1,1667,卖盘
293,10:07:04,16.67,0.0,1,1667,卖盘
294,10:07:28,16.7,0.03,5,8350,买盘
295,10:07:43,16.71,0.01,10,16710,买盘
296,10:08:04,16.7,-0.01,1,1670,卖盘
297,10:08:07,16.71,0.01,46,76866,买盘
298,10:08:19,16.71,0.0,5,8355,买盘
299,10:08:52,16.7,-0.01,2,3340,卖盘
300,10:09:04,16.7,0.0,1,1670,卖盘
301,10:09:25,16.7,0.0,27,45090,卖盘
302,10:09:40,16.7,0.0,5,8350,卖盘
303,10:09:42,16.7,0.0,8,13360,卖盘
304,10:09:46,16.7,0.0,14,23380,卖盘
305,10:09:58,16.7,0.0,17,28390,买盘
306,10:10:04,16.7,0.0,1,1670,卖盘
307,10:10:34,16.71,0.01,10,16710,买盘
308,10:10:46,16.71,0.0,7,11697,买盘
309,10:10:55,16.71,0.0,5,8355,买盘
310,10:10:57,16.71,0.0,81,135351,买盘
311,10:11:01,16.71,0.0,34,56814,买盘
312,10:11:04,16.72,0.01,113,188826,买盘
313,10:11:40,16.73,0.01,29,48517,卖盘
314,10:11:43,16.76,0.03,8,13408,卖盘
315,10:11:46,16.76,0.0,3,5028,卖盘
316,10:11:49,16.76,0.0,1,1676,买盘
317,10:11:55,16.76,0.0,29,48586,买盘
318,10:11:58,16.76,0.0,7,11732,卖盘
319,10:12:00,16.77,0.01,10,16763,买盘
320,10:12:10,16.77,0.0,3,5031,买盘
321,10:12:25,16.77,0.0,13,21801,买盘
322,10:12:30,16.76,-0.01,21,35196,卖盘
323,10:12:39,16.76,0.0,17,28451,买盘
324,10:12:43,16.76,0.0,7,11732,卖盘
325,10:12:46,16.76,0.0,18,30168,卖盘
326,10:13:01,16.74,-0.02,14,23423,买盘
327,10:13:07,16.74,0.0,1,1674,买盘
328,10:13:09,16.75,0.01,1,1675,买盘
329,10:13:34,16.74,-0.01,10,16740,卖盘
330,10:13:37,16.74,0.0,12,20088,买盘
331,10:13:49,16.73,-0.01,3,5019,卖盘
332,10:13:57,16.73,0.0,8,13384,买盘
333,10:14:01,16.72,-0.01,8,13379,卖盘
334,10:14:04,16.73,0.01,2,3346,卖盘
335,10:14:10,16.73,0.0,6,10038,卖盘
336,10:14:22,16.72,-0.01,4,6688,卖盘
337,10:14:43,16.71,-0.01,14,23394,卖盘
338,10:15:10,16.7,-0.01,10,16700,卖盘
339,10:15:22,16.7,0.0,8,13360,卖盘
340,10:15:42,16.69,-0.01,4,6676,买盘
341,10:15:49,16.7,0.01,2,3340,买盘
342,10:15:55,16.71,0.01,3,5013,买盘
343,10:16:01,16.7,-0.01,4,6680,卖盘
344,10:16:04,16.7,0.0,1,1670,卖盘
345,10:16:10,16.7,0.0,27,45090,卖盘
346,10:16:25,16.7,0.0,1,1670,买盘
347,10:16:54,16.7,0.0,3,5010,买盘
348,10:16:58,16.7,0.0,5,8350,买盘
349,10:17:55,16.7,0.0,5,8350,买盘
350,10:18:16,16.68,-0.02,16,26688,卖盘
351,10:18:19,16.68,0.0,3,5004,买盘
352,10:18:54,16.68,0.0,3,5004,买盘
353,10:19:18,16.68,0.0,4,6672,买盘
354,10:19:40,16.68,0.0,6,10008,买盘
355,10:19:42,16.68,0.0,1,1668,买盘
356,10:19:46,16.68,0.0,2,3336,买盘
357,10:19:48,16.68,0.0,19,31677,买盘
358,10:19:55,16.7,0.02,3,5010,买盘
359,10:20:04,16.7,0.0,5,8350,买盘
360,10:20:31,16.7,0.0,1,1670,买盘
361,10:20:33,16.7,0.0,2,3340,买盘
362,10:20:42,16.7,0.0,3,5010,买盘
363,10:21:21,16.7,0.0,4,6680,买盘
364,10:21:42,16.7,0.0,3,5010,买盘
365,10:22:15,16.67,-0.03,22,36674,卖盘
366,10:22:42,16.7,0.03,3,5010,买盘
367,10:22:49,16.65,-0.05,64,106622,卖盘
368,10:22:51,16.65,0.0,1,1665,买盘
369,10:23:01,16.65,0.0,2,3330,买盘
370,10:23:24,16.65,0.0,1,1665,买盘
371,10:23:27,16.65,0.0,1,1665,买盘
372,10:23:30,16.65,0.0,5,8325,买盘
373,10:23:34,16.65,0.0,1,1665,买盘
374,10:23:37,16.64,-0.01,1,1664,卖盘
375,10:23:43,16.68,0.04,3,5004,买盘
376,10:24:18,16.64,-0.04,21,34944,卖盘
377,10:24:28,16.64,0.0,10,16640,买盘
378,10:24:31,16.63,-0.01,100,166300,卖盘
379,10:24:34,16.62,-0.01,8,13296,卖盘
380,10:24:37,16.61,-0.01,2,3322,卖盘
381,10:24:43,16.61,0.0,1,1661,买盘
382,10:24:52,16.61,0.0,2,3322,卖盘
383,10:25:07,16.61,0.0,20,33220,买盘
384,10:25:09,16.61,0.0,1,1661,买盘
385,10:25:12,16.6,-0.01,11,18266,卖盘
386,10:25:16,16.61,0.01,1,1661,买盘
387,10:25:19,16.61,0.0,1,1661,买盘
388,10:25:22,16.61,0.0,1,1661,买盘
389,10:25:25,16.62,0.01,1,1662,买盘
390,10:25:37,16.61,-0.01,3,4983,卖盘
391,10:25:42,16.63,0.02,3,4989,买盘
392,10:25:46,16.6,-0.03,17,28221,卖盘
393,10:25:51,16.6,0.0,2,3320,买盘
394,10:25:55,16.58,-0.02,11,18249,卖盘
395,10:26:04,16.58,0.0,1,1658,卖盘
396,10:26:07,16.6,0.02,2,3320,买盘
397,10:26:15,16.59,-0.01,9,14932,卖盘
398,10:26:30,16.59,0.0,19,31521,卖盘
399,10:26:40,16.63,0.04,3,4989,买盘
400,10:26:46,16.63,0.0,10,16630,买盘
401,10:26:55,16.63,0.0,7,11641,买盘
402,10:26:57,16.63,0.0,50,83150,买盘
403,10:27:04,16.63,0.0,11,18293,买盘
404,10:27:15,16.64,0.01,9,14976,买盘
405,10:27:19,16.64,0.0,8,13312,买盘
406,10:27:22,16.64,0.0,30,49920,买盘
407,10:27:25,16.64,0.0,15,24960,买盘
408,10:27:28,16.64,0.0,8,13312,买盘
409,10:27:37,16.68,0.04,2,3336,买盘
410,10:27:40,16.71,0.03,3,5013,买盘
411,10:27:48,16.71,0.0,10,16710,买盘
412,10:28:01,16.68,-0.03,1,1668,卖盘
413,10:28:04,16.68,0.0,14,23365,卖盘
414,10:28:07,16.68,0.0,4,6672,卖盘
415,10:28:10,16.67,-0.01,7,11669,卖盘
416,10:28:13,16.67,0.0,4,6668,卖盘
417,10:28:19,16.66,-0.01,1,1666,卖盘
418,10:28:40,16.67,0.01,3,5001,买盘
419,10:28:49,16.67,0.0,3,5001,买盘
420,10:29:03,16.67,0.0,12,20004,卖盘
421,10:29:13,16.68,0.01,3,5004,买盘
422,10:29:22,16.68,0.0,2,3336,卖盘
423,10:29:37,16.68,0.0,20,33370,卖盘
424,10:29:45,16.7,0.02,3,5010,买盘
425,10:29:52,16.7,0.0,7,11690,买盘
426,10:30:01,16.7,0.0,6,10020,买盘
427,10:30:04,16.69,-0.01,3,5007,卖盘
428,10:30:37,16.69,0.0,9,15021,买盘
429,10:30:40,16.69,0.0,3,5007,买盘
430,10:30:46,16.69,0.0,3,5007,买盘
431,10:31:04,16.68,-0.01,7,11676,卖盘
432,10:31:13,16.68,0.0,4,6672,买盘
433,10:31:19,16.68,0.0,2,3336,卖盘
434,10:31:34,16.68,0.0,2,3336,卖盘
435,10:31:46,16.68,0.0,3,5004,买盘
436,10:32:10,16.64,-0.04,3,4992,卖盘
437,10:32:46,16.67,0.03,3,5001,买盘
438,10:33:09,16.67,0.0,8,13336,买盘
439,10:33:25,16.64,-0.03,8,13312,卖盘
440,10:33:34,16.67,0.03,5,8333,买盘
441,10:33:36,16.64,-0.03,16,26624,卖盘
442,10:33:42,16.64,0.0,8,13312,买盘
443,10:33:46,16.64,0.0,3,4992,买盘
444,10:33:48,16.63,-0.01,4,6652,卖盘
445,10:33:55,16.63,0.0,1,1663,卖盘
446,10:34:01,16.62,-0.01,2,3324,卖盘
447,10:34:04,16.57,-0.05,14,23248,卖盘
448,10:34:16,16.62,0.05,2,3324,卖盘
449,10:34:19,16.62,0.0,5,8301,买盘
450,10:34:33,16.58,-0.04,2,3316,买盘
451,10:34:37,16.58,0.0,1,1658,卖盘
452,10:34:40,16.62,0.04,2,3324,买盘
453,10:35:18,16.61,-0.01,3,4983,中性盘
454,10:35:43,16.61,0.0,2,3322,买盘
455,10:35:54,16.62,0.01,1,1662,买盘
456,10:36:13,16.62,0.0,4,6648,买盘
457,10:36:19,16.62,0.0,3,4986,买盘
458,10:36:36,16.61,-0.01,5,8305,卖盘
459,10:36:45,16.61,0.0,3,4983,买盘
460,10:36:49,16.61,0.0,1,1661,买盘
461,10:36:58,16.61,0.0,2,3322,卖盘
462,10:37:01,16.59,-0.02,2,3318,卖盘
463,10:37:07,16.59,0.0,1,1659,买盘
464,10:37:19,16.61,0.02,3,4983,买盘
465,10:37:34,16.61,0.0,7,11627,买盘
466,10:37:37,16.62,0.01,25,41527,买盘
467,10:37:39,16.62,0.0,22,36564,买盘
468,10:37:43,16.63,0.01,2,3326,买盘
469,10:37:46,16.64,0.01,6,9984,买盘
470,10:37:49,16.64,0.0,7,11648,买盘
471,10:37:52,16.64,0.0,2,3328,买盘
472,10:37:57,16.67,0.03,6,10007,卖盘
473,10:38:18,16.67,0.0,2,3334,买盘
474,10:39:04,16.67,0.0,1,1667,卖盘
475,10:39:34,16.68,0.01,7,11676,买盘
476,10:40:04,16.67,-0.01,1,1667,买盘
477,10:40:07,16.67,0.0,1,1667,卖盘
478,10:40:10,16.67,0.0,1,1667,卖盘
479,10:41:00,16.68,0.01,7,11676,买盘
480,10:41:04,16.68,0.0,4,6666,买盘
481,10:41:19,16.64,-0.04,5,8320,卖盘
482,10:41:51,16.64,0.0,2,3328,卖盘
483,10:41:55,16.64,0.0,3,4992,买盘
484,10:42:04,16.67,0.03,3,4998,买盘
485,10:42:19,16.62,-0.05,4,6651,卖盘
486,10:42:31,16.66,0.04,5,8330,买盘
487,10:42:34,16.62,-0.04,3,4994,卖盘
488,10:42:55,16.62,0.0,6,9992,卖盘
489,10:42:58,16.62,0.0,1,1662,买盘
490,10:43:03,16.62,0.0,1,1662,卖盘
491,10:43:07,16.66,0.04,3,4998,买盘
492,10:43:34,16.66,0.0,7,11662,买盘
493,10:44:04,16.66,0.0,4,6661,买盘
494,10:44:49,16.66,0.0,7,11662,买盘
495,10:45:04,16.63,-0.03,1,1663,卖盘
496,10:45:12,16.65,0.02,3,4995,买盘
497,10:45:52,16.65,0.0,5,8325,买盘
498,10:45:54,16.63,-0.02,2,3326,卖盘
499,10:46:10,16.63,0.0,3,4989,买盘
500,10:46:28,16.63,0.0,7,11641,买盘
501,10:46:31,16.63,0.0,1,1663,买盘
502,10:46:34,16.63,0.0,2,3326,买盘
503,10:46:54,16.64,0.01,3,4992,买盘
504,10:46:57,16.64,0.0,1,1664,买盘
505,10:47:00,16.65,0.01,3,4993,买盘
506,10:47:04,16.64,-0.01,6,9984,卖盘
507,10:47:10,16.65,0.01,3,4995,买盘
508,10:47:13,16.63,-0.02,1,1663,卖盘
509,10:47:25,16.63,0.0,1,1663,卖盘
510,10:47:52,16.63,0.0,8,13304,卖盘
511,10:47:54,16.63,0.0,2,3326,卖盘
512,10:48:06,16.63,0.0,1,1663,买盘
513,10:48:10,16.65,0.02,3,4995,买盘
514,10:48:36,16.65,0.0,1,1665,买盘
515,10:49:12,16.65,0.0,3,4995,买盘
516,10:49:15,16.65,0.0,10,16650,买盘
517,10:49:18,16.65,0.0,12,19980,买盘
518,10:49:21,16.66,0.01,2,3332,买盘
519,10:49:34,16.67,0.01,5,8335,买盘
520,10:49:45,16.67,0.0,2,3334,买盘
521,10:50:04,16.66,-0.01,1,1666,卖盘
522,10:50:19,16.67,0.01,3,5001,买盘
523,10:50:49,16.68,0.01,6,10008,买盘
524,10:51:01,16.68,0.0,3,5004,买盘
525,10:51:04,16.66,-0.02,1,1666,卖盘
526,10:51:19,16.68,0.02,3,5004,买盘
527,10:52:07,16.68,0.0,2,3336,买盘
528,10:52:19,16.68,0.0,3,5004,买盘
529,10:52:34,16.67,-0.01,2,3334,卖盘
530,10:52:43,16.68,0.01,5,8340,买盘
531,10:52:55,16.69,0.01,1,1669,买盘
532,10:53:04,16.65,-0.04,1,1665,卖盘
533,10:53:07,16.65,0.0,1,1665,买盘
534,10:53:19,16.69,0.04,3,5007,买盘
535,10:53:40,16.68,-0.01,5,8340,中性盘
536,10:53:46,16.68,0.0,2,3336,买盘
537,10:53:52,16.68,0.0,1,1668,卖盘
538,10:54:19,16.68,0.0,2,3336,买盘
539,10:54:25,16.68,0.0,1,1668,卖盘
540,10:55:10,16.68,0.0,1,1668,买盘
541,10:55:15,16.68,0.0,2,3336,卖盘
542,10:56:04,16.65,-0.03,1,1665,卖盘
543,10:56:13,16.68,0.03,3,5004,买盘
544,10:57:04,16.64,-0.04,1,1664,卖盘
545,10:57:10,16.68,0.04,3,5004,买盘
546,10:57:16,16.6,-0.08,60,99645,卖盘
547,10:58:04,16.61,0.01,1,1661,卖盘
548,10:58:06,16.68,0.07,14,23352,买盘
549,10:58:13,16.68,0.0,3,5004,买盘
550,10:58:58,16.61,-0.07,1,1661,卖盘
551,10:59:04,16.6,-0.01,2,3320,卖盘
552,10:59:06,16.67,0.07,14,23338,买盘
553,10:59:13,16.68,0.01,3,5004,买盘
554,10:59:37,16.61,-0.07,16,26576,卖盘
555,10:59:39,16.6,-0.01,44,73063,卖盘
556,10:59:43,16.61,0.01,3,4983,买盘
557,10:59:52,16.59,-0.02,2,3318,卖盘
558,11:00:04,16.6,0.01,2,3320,卖盘
559,11:00:07,16.61,0.01,13,21593,买盘
560,11:00:10,16.61,0.0,5,8305,买盘
561,11:00:19,16.61,0.0,11,18271,买盘
562,11:00:22,16.6,-0.01,4,6640,卖盘
563,11:00:25,16.6,0.0,2,3320,卖盘
564,11:00:31,16.6,0.0,32,53120,买盘
565,11:00:33,16.61,0.01,1,1661,买盘
566,11:00:36,16.61,0.0,8,13288,买盘
567,11:00:40,16.69,0.08,27,45047,买盘
568,11:01:16,16.67,-0.02,3,5001,买盘
569,11:02:15,16.61,-0.06,11,18271,卖盘
570,11:02:46,16.61,0.0,1,1661,买盘
571,11:02:48,16.61,0.0,2,3322,买盘
572,11:03:19,16.67,0.06,3,5001,买盘
573,11:03:37,16.61,-0.06,5,8305,卖盘
574,11:04:01,16.67,0.06,2,3334,买盘
575,11:04:16,16.67,0.0,2,3334,买盘
576,11:04:19,16.67,0.0,3,5001,买盘
577,11:04:31,16.67,0.0,6,10002,买盘
578,11:04:37,16.67,0.0,5,8335,买盘
579,11:04:40,16.67,0.0,4,6668,卖盘
580,11:04:43,16.64,-0.03,9,14991,卖盘
581,11:04:49,16.62,-0.02,22,36564,卖盘
582,11:05:01,16.68,0.06,3,5003,买盘
583,11:05:07,16.68,0.0,2,3336,买盘
584,11:05:10,16.62,-0.06,6,9972,卖盘
585,11:05:16,16.62,0.0,3,4986,买盘
586,11:05:22,16.62,0.0,3,4986,买盘
587,11:05:37,16.62,0.0,16,26592,买盘
588,11:05:40,16.62,0.0,46,76452,买盘
589,11:06:15,16.67,0.05,1,1667,买盘
590,11:06:37,16.67,0.0,9,15003,买盘
591,11:07:18,16.68,0.01,1,1668,买盘
592,11:07:39,16.68,0.0,6,10008,买盘
593,11:07:42,16.67,-0.01,2,3334,卖盘
594,11:10:13,16.68,0.01,2,3336,买盘
595,11:10:31,16.68,0.0,14,23352,买盘
596,11:10:43,16.68,0.0,6,10008,买盘
597,11:10:46,16.68,0.0,2,3336,买盘
598,11:10:49,16.68,0.0,5,8340,买盘
599,11:10:55,16.68,0.0,1,1668,买盘
600,11:10:58,16.68,0.0,1,1668,买盘
601,11:11:00,16.68,0.0,2,3336,买盘
602,11:11:04,16.68,0.0,6,10008,买盘
603,11:11:07,16.68,0.0,1,1668,买盘
604,11:11:09,16.68,0.0,5,8340,买盘
605,11:11:13,16.68,0.0,2,3336,买盘
606,11:11:16,16.68,0.0,2,3336,买盘
607,11:11:22,16.68,0.0,1,1668,买盘
608,11:11:31,16.68,0.0,13,21684,买盘
609,11:11:46,16.68,0.0,6,10008,买盘
610,11:11:52,16.67,-0.01,1,1667,卖盘
611,11:12:13,16.67,0.0,19,31673,买盘
612,11:12:16,16.67,0.0,3,5001,买盘
613,11:12:19,16.67,0.0,1,1667,买盘
614,11:12:21,16.67,0.0,1,1667,买盘
615,11:12:30,16.67,0.0,1,1667,买盘
616,11:12:49,16.67,0.0,7,11669,买盘
617,11:13:01,16.67,0.0,3,5001,买盘
618,11:14:18,16.67,0.0,2,3334,买盘
619,11:14:40,16.66,-0.01,11,18326,卖盘
620,11:15:19,16.64,-0.02,5,8320,卖盘
621,11:15:27,16.63,-0.01,11,18297,卖盘
622,11:15:46,16.67,0.04,8,13336,买盘
623,11:15:52,16.68,0.01,18,30024,买盘
624,11:15:55,16.67,-0.01,8,13341,卖盘
625,11:15:57,16.68,0.01,11,18348,买盘
626,11:16:01,16.68,0.0,2,3336,买盘
627,11:16:21,16.68,0.0,1,1668,买盘
628,11:16:27,16.69,0.01,2,3338,买盘
629,11:16:52,16.69,0.0,1,1669,买盘
630,11:17:22,16.69,0.0,1,1669,买盘
631,11:17:28,16.68,-0.01,2,3336,买盘
632,11:17:37,16.68,0.0,8,13344,买盘
633,11:17:42,16.68,0.0,2,3336,卖盘
634,11:18:27,16.69,0.01,2,3338,买盘
635,11:18:34,16.68,-0.01,3,5004,卖盘
636,11:18:37,16.68,0.0,11,18348,买盘
637,11:19:24,16.67,-0.01,2,3334,买盘
638,11:19:36,16.67,0.0,11,18337,买盘
639,11:19:40,16.67,0.0,2,3334,买盘
640,11:19:43,16.68,0.01,7,11676,买盘
641,11:19:45,16.68,0.0,9,15012,买盘
642,11:20:00,16.65,-0.03,11,18325,卖盘
643,11:20:13,16.69,0.04,16,26704,买盘
644,11:20:19,16.7,0.01,2,3340,买盘
645,11:20:22,16.7,0.0,3,5010,买盘
646,11:20:25,16.7,0.0,4,6680,买盘
647,11:20:28,16.7,0.0,3,5010,买盘
648,11:20:31,16.7,0.0,4,6680,买盘
649,11:20:34,16.7,0.0,2,3340,买盘
650,11:20:37,16.7,0.0,4,6680,买盘
651,11:20:40,16.7,0.0,3,5010,买盘
652,11:20:43,16.7,0.0,2,3340,买盘
653,11:20:46,16.7,0.0,3,5010,买盘
654,11:20:49,16.7,0.0,12,20040,买盘
655,11:20:52,16.7,0.0,9,15030,买盘
656,11:20:54,16.7,0.0,29,48430,买盘
657,11:20:57,16.72,0.02,25,41800,买盘
658,11:21:00,16.72,0.0,7,11704,买盘
659,11:21:04,16.72,0.0,2,3344,买盘
660,11:21:24,16.72,0.0,2,3344,买盘
661,11:21:27,16.7,-0.02,17,28390,卖盘
662,11:21:46,16.7,0.0,3,5010,卖盘
663,11:21:55,16.7,0.0,2,3340,买盘
664,11:22:19,16.7,0.0,15,25050,买盘
665,11:22:22,16.71,0.01,2,3342,卖盘
666,11:22:55,16.72,0.01,2,3344,买盘
667,11:23:45,16.72,0.0,44,73568,买盘
668,11:23:48,16.72,0.0,4,6688,买盘
669,11:23:54,16.72,0.0,2,3344,买盘
670,11:24:40,16.71,-0.01,4,6684,卖盘
671,11:24:55,16.72,0.01,2,3344,买盘
672,11:25:49,16.72,0.0,1,1672,买盘
673,11:25:55,16.72,0.0,2,3344,买盘
674,11:26:06,16.72,0.0,2,3344,买盘
675,11:26:21,16.72,0.0,6,10032,买盘
676,11:26:34,16.73,0.01,1,1673,买盘
677,11:26:51,16.74,0.01,7,11718,卖盘
678,11:26:55,16.75,0.01,3,5024,买盘
679,11:27:04,16.74,-0.01,3,5022,中性盘
680,11:27:07,16.74,0.0,7,11718,买盘
681,11:27:09,16.74,0.0,2,3348,卖盘
682,11:27:13,16.76,0.02,2,3352,卖盘
683,11:27:22,16.77,0.01,3,5031,买盘
684,11:27:27,16.76,-0.01,19,31852,卖盘
685,11:27:34,16.76,0.0,5,8380,卖盘
686,11:27:37,16.73,-0.03,18,30150,卖盘
687,11:27:55,16.76,0.03,8,13408,卖盘
688,11:27:58,16.76,0.0,2,3352,卖盘
689,11:28:10,16.76,0.0,1,1676,卖盘
690,11:28:16,16.76,0.0,5,8380,卖盘
691,11:28:46,16.77,0.01,1,1677,买盘
692,11:28:49,16.77,0.0,5,8385,卖盘
693,11:28:55,16.77,0.0,9,15098,卖盘
694,11:29:30,16.77,0.0,4,6708,买盘
695,13:00:01,16.77,0.0,4,6708,卖盘
696,13:00:05,16.79,0.02,33,55375,买盘
697,13:00:07,16.79,0.0,5,8395,买盘
698,13:00:09,16.79,0.0,2,3358,买盘
699,13:00:24,16.8,0.01,13,21840,买盘
700,13:00:45,16.82,0.02,4,6728,买盘
701,13:00:51,16.82,0.0,10,16820,买盘
702,13:01:04,16.82,0.0,1,1682,买盘
703,13:01:07,16.82,0.0,1,1682,卖盘
704,13:01:21,16.82,0.0,2,3364,中性盘
705,13:01:45,16.85,0.03,2,3370,买盘
706,13:02:18,16.87,0.02,2,3372,买盘
707,13:02:30,16.86,-0.01,1,1686,买盘
708,13:02:42,16.86,0.0,30,50579,买盘
709,13:02:45,16.85,-0.01,2,3370,中性盘
710,13:03:39,16.85,0.0,4,6740,卖盘
711,13:03:42,16.85,0.0,1,1685,卖盘
712,13:03:45,16.85,0.0,7,11797,卖盘
713,13:04:39,16.84,-0.01,4,6736,卖盘
714,13:04:45,16.84,0.0,1,1684,买盘
715,13:04:52,16.84,0.0,4,6736,买盘
716,13:04:55,16.79,-0.05,20,33591,卖盘
717,13:05:18,16.79,0.0,1,1679,卖盘
718,13:05:45,16.84,0.05,1,1684,买盘
719,13:06:45,16.84,0.0,1,1684,买盘
720,13:07:12,16.83,-0.01,23,38709,买盘
721,13:07:24,16.86,0.03,78,131423,买盘
722,13:07:27,16.87,0.01,24,40483,买盘
723,13:07:42,16.85,-0.02,5,8425,买盘
724,13:07:46,16.85,0.0,1,1685,买盘
725,13:08:10,16.85,0.0,15,25275,买盘
726,13:08:45,16.86,0.01,1,1686,买盘
727,13:09:04,16.86,0.0,8,13488,买盘
728,13:09:25,16.86,0.0,6,10116,卖盘
729,13:09:33,16.87,0.01,27,45543,买盘
730,13:10:39,16.86,-0.01,3,5058,卖盘
731,13:12:07,16.86,0.0,1,1686,卖盘
732,13:12:27,16.85,-0.01,2,3370,卖盘
733,13:12:30,16.85,0.0,1,1685,卖盘
734,13:12:34,16.85,0.0,2,3370,买盘
735,13:12:37,16.81,-0.04,1,1681,卖盘
736,13:13:01,16.8,-0.01,2,3360,卖盘
737,13:13:07,16.8,0.0,1,1680,买盘
738,13:13:19,16.8,0.0,1,1680,买盘
739,13:13:22,16.78,-0.02,20,33562,卖盘
740,13:13:28,16.8,0.02,4,6720,买盘
741,13:14:45,16.78,-0.02,3,5034,卖盘
742,13:14:52,16.78,0.0,1,1678,买盘
743,13:15:13,16.78,0.0,1,1678,买盘
744,13:15:21,16.77,-0.01,1,1677,卖盘
745,13:15:43,16.78,0.01,1,1678,买盘
746,13:15:45,16.77,-0.01,1,1677,卖盘
747,13:15:55,16.78,0.01,1,1678,买盘
748,13:16:04,16.77,-0.01,1,1677,卖盘
749,13:16:06,16.78,0.01,1,1678,买盘
750,13:16:43,16.74,-0.04,1,1674,卖盘
751,13:17:48,16.8,0.06,3,5036,买盘
752,13:18:34,16.79,-0.01,1,1679,买盘
753,13:18:37,16.8,0.01,4,6720,买盘
754,13:19:33,16.8,0.0,1,1680,买盘
755,13:20:10,16.8,0.0,3,5040,买盘
756,13:20:19,16.81,0.01,3,5043,买盘
757,13:20:24,16.81,0.0,1,1681,买盘
758,13:20:46,16.81,0.0,4,6723,买盘
759,13:20:52,16.81,0.0,5,8405,买盘
760,13:20:55,16.81,0.0,3,5043,买盘
761,13:21:18,16.85,0.04,3,5055,买盘
762,13:21:25,16.8,-0.05,4,6720,卖盘
763,13:21:28,16.8,0.0,1,1680,买盘
764,13:22:19,16.83,0.03,2,3366,买盘
765,13:22:36,16.81,-0.02,2,3364,卖盘
766,13:23:19,16.81,0.0,3,5043,买盘
767,13:23:43,16.81,0.0,5,8405,买盘
768,13:24:18,16.81,0.0,1,1681,买盘
769,13:24:30,16.81,0.0,2,3362,买盘
770,13:24:36,16.84,0.03,4,6733,买盘
771,13:25:00,16.85,0.01,4,6739,买盘
772,13:25:28,16.85,0.0,7,11795,买盘
773,13:25:31,16.85,0.0,8,13480,买盘
774,13:25:39,16.85,0.0,1,1685,买盘
775,13:25:51,16.84,-0.01,6,10108,卖盘
776,13:26:07,16.85,0.01,3,5055,买盘
777,13:26:25,16.85,0.0,4,6740,买盘
778,13:26:31,16.85,0.0,3,5055,买盘
779,13:26:43,16.85,0.0,5,8425,买盘
780,13:27:28,16.85,0.0,9,15165,买盘
781,13:27:31,16.85,0.0,3,5055,买盘
782,13:28:09,16.85,0.0,18,30330,买盘
783,13:28:16,16.86,0.01,1,1686,买盘
784,13:28:19,16.85,-0.01,2,3370,卖盘
785,13:28:31,16.85,0.0,3,5055,买盘
786,13:29:16,16.85,0.0,3,5055,买盘
787,13:30:16,16.85,0.0,3,5055,买盘
788,13:30:19,16.85,0.0,1,1685,买盘
789,13:30:25,16.85,0.0,2,3370,买盘
790,13:30:37,16.85,0.0,1,1685,买盘
791,13:30:49,16.85,0.0,2,3370,买盘
792,13:31:07,16.86,0.01,2,3372,买盘
793,13:31:10,16.85,-0.01,1,1685,卖盘
794,13:31:16,16.86,0.01,3,5058,买盘
795,13:31:54,16.85,-0.01,2,3370,卖盘
796,13:31:57,16.84,-0.01,9,15156,卖盘
797,13:32:15,16.82,-0.02,6,10092,卖盘
798,13:33:16,16.82,0.0,1,1682,买盘
799,13:33:30,16.82,0.0,5,8410,买盘
800,13:33:34,16.8,-0.02,9,15120,卖盘
801,13:34:55,16.77,-0.03,9,15093,卖盘
802,13:35:04,16.77,0.0,17,28509,卖盘
803,13:35:10,16.76,-0.01,1,1676,卖盘
804,13:35:25,16.75,-0.01,10,16750,卖盘
805,13:36:39,16.75,0.0,2,3350,卖盘
806,13:36:51,16.74,-0.01,3,5022,卖盘
807,13:37:13,16.75,0.01,1,1675,买盘
808,13:37:25,16.74,-0.01,1,1674,卖盘
809,13:37:27,16.75,0.01,1,1675,买盘
810,13:38:06,16.75,0.0,5,8375,卖盘
811,13:38:10,16.75,0.0,3,5025,买盘
812,13:38:18,16.75,0.0,13,21775,买盘
813,13:38:21,16.75,0.0,1,1675,买盘
814,13:38:28,16.75,0.0,3,5025,买盘
815,13:38:43,16.75,0.0,4,6700,买盘
816,13:38:54,16.75,0.0,10,16750,买盘
817,13:39:30,16.75,0.0,3,5025,买盘
818,13:39:54,16.75,0.0,23,38525,买盘
819,13:39:58,16.75,0.0,3,5025,买盘
820,13:40:01,16.75,0.0,31,51925,买盘
821,13:40:04,16.75,0.0,2,3350,买盘
822,13:40:28,16.75,0.0,3,5025,买盘
823,13:41:27,16.75,0.0,1,1675,买盘
824,13:41:31,16.75,0.0,10,16750,买盘
825,13:41:34,16.75,0.0,2,3350,买盘
826,13:42:07,16.74,-0.01,8,13392,卖盘
827,13:42:18,16.73,-0.01,2,3346,卖盘
828,13:43:09,16.74,0.01,3,5022,中性盘
829,13:43:36,16.74,0.0,13,21762,买盘
830,13:44:57,16.74,0.0,5,8370,卖盘
831,13:45:12,16.72,-0.02,56,93689,卖盘
832,13:45:43,16.71,-0.01,8,13372,卖盘
833,13:45:46,16.72,0.01,6,10032,买盘
834,13:45:58,16.71,-0.01,4,6684,卖盘
835,13:46:04,16.7,-0.01,57,95221,卖盘
836,13:46:09,16.69,-0.01,1,1669,买盘
837,13:46:25,16.66,-0.03,101,168363,卖盘
838,13:46:34,16.66,0.0,12,19992,买盘
839,13:46:43,16.66,0.0,5,8330,买盘
840,13:46:46,16.64,-0.02,72,119826,卖盘
841,13:46:55,16.63,-0.01,20,33260,卖盘
842,13:46:57,16.6,-0.03,71,117985,卖盘
843,13:47:22,16.61,0.01,29,48169,卖盘
844,13:47:25,16.61,0.0,1,1661,买盘
845,13:47:34,16.61,0.0,3,4983,买盘
846,13:47:39,16.6,-0.01,74,122842,卖盘
847,13:47:46,16.6,0.0,5,8300,买盘
848,13:47:55,16.6,0.0,10,16600,买盘
849,13:47:57,16.61,0.01,13,21593,买盘
850,13:48:01,16.61,0.0,13,21593,买盘
851,13:48:04,16.61,0.0,11,18271,卖盘
852,13:48:21,16.62,0.01,2,3324,卖盘
853,13:48:27,16.62,0.0,3,4986,卖盘
854,13:48:49,16.66,0.04,4,6664,买盘
855,13:49:04,16.67,0.01,16,26672,卖盘
856,13:49:07,16.67,0.0,5,8335,买盘
857,13:49:19,16.67,0.0,1,1667,卖盘
858,13:50:10,16.68,0.01,1,1668,买盘
859,13:50:16,16.67,-0.01,5,8335,卖盘
860,13:50:36,16.67,0.0,13,21671,卖盘
861,13:50:42,16.67,0.0,1,1667,买盘
862,13:51:04,16.66,-0.01,4,6663,买盘
863,13:51:15,16.66,0.0,1,1666,买盘
864,13:51:33,16.67,0.01,2,3334,买盘
865,13:51:46,16.67,0.0,2,3334,买盘
866,13:52:04,16.67,0.0,1,1667,买盘
867,13:52:06,16.67,0.0,8,13336,买盘
868,13:52:42,16.66,-0.01,1,1666,卖盘
869,13:52:52,16.66,0.0,2,3332,买盘
870,13:52:58,16.67,0.01,7,11663,买盘
871,13:53:19,16.67,0.0,1,1667,买盘
872,13:54:10,16.66,-0.01,4,6664,卖盘
873,13:55:15,16.65,-0.01,3,4995,卖盘
874,13:55:22,16.65,0.0,1,1665,买盘
875,13:56:42,16.65,0.0,3,4995,卖盘
876,13:56:46,16.65,0.0,16,26640,买盘
877,13:56:54,16.65,0.0,11,18315,买盘
878,13:56:57,16.65,0.0,11,18315,买盘
879,13:57:13,16.65,0.0,19,31620,买盘
880,13:57:19,16.65,0.0,2,3330,买盘
881,13:57:42,16.65,0.0,1,1665,卖盘
882,13:57:48,16.66,0.01,20,33320,买盘
883,13:58:25,16.66,0.0,10,16660,买盘
884,13:58:43,16.66,0.0,2,3332,买盘
885,13:58:52,16.68,0.02,3,5004,买盘
886,13:59:04,16.68,0.0,5,8340,买盘
887,13:59:07,16.68,0.0,1,1668,买盘
888,14:00:18,16.68,0.0,3,5004,卖盘
889,14:00:21,16.68,0.0,10,16680,卖盘
890,14:00:25,16.68,0.0,5,8340,买盘
891,14:01:33,16.7,0.02,2,3340,买盘
892,14:01:36,16.7,0.0,2,3340,卖盘
893,14:01:40,16.7,0.0,12,20040,卖盘
894,14:01:48,16.69,-0.01,5,8345,卖盘
895,14:01:51,16.69,0.0,3,5007,卖盘
896,14:01:55,16.68,-0.01,2,3336,卖盘
897,14:02:04,16.67,-0.01,3,5001,卖盘
898,14:02:31,16.67,0.0,13,21671,买盘
899,14:02:39,16.65,-0.02,14,23310,卖盘
900,14:03:21,16.66,0.01,5,8330,卖盘
901,14:03:28,16.66,0.0,9,14994,买盘
902,14:03:52,16.66,0.0,5,8330,买盘
903,14:03:55,16.65,-0.01,29,48295,卖盘
904,14:04:16,16.65,0.0,15,24972,买盘
905,14:04:40,16.64,-0.01,4,6656,卖盘
906,14:04:52,16.65,0.01,3,4993,买盘
907,14:05:15,16.64,-0.01,4,6656,卖盘
908,14:05:28,16.63,-0.01,2,3326,卖盘
909,14:05:31,16.63,0.0,8,13304,卖盘
910,14:05:39,16.62,-0.01,6,9972,卖盘
911,14:05:55,16.63,0.01,3,4989,买盘
912,14:06:09,16.62,-0.01,37,61494,卖盘
913,14:06:55,16.62,0.0,28,46536,买盘
914,14:06:58,16.63,0.01,12,19956,买盘
915,14:07:04,16.63,0.0,6,9978,卖盘
916,14:07:07,16.63,0.0,1,1663,买盘
917,14:07:09,16.62,-0.01,1,1662,卖盘
918,14:07:22,16.61,-0.01,26,43186,卖盘
919,14:07:28,16.6,-0.01,15,24913,卖盘
920,14:07:36,16.6,0.0,11,18260,卖盘
921,14:08:28,16.6,0.0,2,3320,卖盘
922,14:08:31,16.59,-0.01,1,1659,卖盘
923,14:08:36,16.59,0.0,3,4977,卖盘
924,14:08:40,16.61,0.02,1,1661,买盘
925,14:08:49,16.61,0.0,8,13288,卖盘
926,14:08:52,16.62,0.01,1,1662,买盘
927,14:09:16,16.62,0.0,3,4984,买盘
928,14:09:31,16.62,0.0,1,1662,买盘
929,14:09:34,16.62,0.0,10,16620,买盘
930,14:09:37,16.62,0.0,5,8310,买盘
931,14:09:40,16.62,0.0,1,1662,买盘
932,14:09:46,16.62,0.0,3,4986,卖盘
933,14:10:01,16.63,0.01,7,11641,买盘
934,14:11:04,16.62,-0.01,8,13296,卖盘
935,14:11:10,16.63,0.01,1,1663,买盘
936,14:11:19,16.63,0.0,20,33260,买盘
937,14:11:22,16.61,-0.02,22,36542,卖盘
938,14:11:40,16.61,0.0,8,13288,买盘
939,14:12:01,16.61,0.0,17,28239,卖盘
940,14:12:10,16.63,0.02,10,16630,买盘
941,14:12:31,16.63,0.0,3,4989,买盘
942,14:12:37,16.63,0.0,20,33260,买盘
943,14:12:40,16.63,0.0,8,13304,买盘
944,14:12:43,16.63,0.0,17,28271,买盘
945,14:12:46,16.63,0.0,3,4989,买盘
946,14:12:55,16.62,-0.01,6,9976,卖盘
947,14:13:13,16.62,0.0,3,4986,卖盘
948,14:13:28,16.63,0.01,1,1663,买盘
949,14:13:46,16.63,0.0,3,4989,买盘
950,14:13:49,16.63,0.0,1,1663,卖盘
951,14:13:55,16.65,0.02,8,13320,买盘
952,14:14:25,16.67,0.02,3,5001,买盘
953,14:14:33,16.68,0.01,1,1668,中性盘
954,14:14:36,16.68,0.0,2,3337,卖盘
955,14:14:43,16.68,0.0,5,8340,卖盘
956,14:14:45,16.68,0.0,8,13344,卖盘
957,14:14:49,16.68,0.0,2,3336,卖盘
958,14:14:52,16.67,-0.01,3,5001,卖盘
959,14:14:55,16.67,0.0,4,6668,卖盘
960,14:14:58,16.67,0.0,8,13336,卖盘
961,14:15:13,16.66,-0.01,5,8330,买盘
962,14:15:22,16.66,0.0,4,6664,卖盘
963,14:15:31,16.67,0.01,1,1667,买盘
964,14:16:43,16.67,0.0,8,13336,买盘
965,14:16:49,16.64,-0.03,15,24960,卖盘
966,14:17:34,16.67,0.03,1,1667,卖盘
967,14:18:13,16.67,0.0,3,5001,卖盘
968,14:18:37,16.67,0.0,7,11669,买盘
969,14:18:40,16.67,0.0,7,11669,卖盘
970,14:18:42,16.67,0.0,1,1667,卖盘
971,14:19:19,16.66,-0.01,4,6664,买盘
972,14:19:46,16.66,0.0,10,16660,卖盘
973,14:20:07,16.66,0.0,1,1666,卖盘
974,14:20:22,16.66,0.0,2,3332,卖盘
975,14:20:24,16.6,-0.06,43,71478,卖盘
976,14:20:28,16.66,0.06,5,8330,中性盘
977,14:20:31,16.66,0.0,2,3332,卖盘
978,14:20:43,16.66,0.0,2,3332,卖盘
979,14:21:07,16.65,-0.01,10,16650,卖盘
980,14:21:10,16.65,0.0,6,9990,卖盘
981,14:21:13,16.65,0.0,2,3330,买盘
982,14:21:37,16.65,0.0,8,13320,买盘
983,14:21:46,16.65,0.0,2,3330,买盘
984,14:21:52,16.61,-0.04,3,4983,卖盘
985,14:21:55,16.61,0.0,2,3322,买盘
986,14:22:16,16.6,-0.01,48,79690,卖盘
987,14:22:34,16.65,0.05,1,1665,买盘
988,14:23:46,16.64,-0.01,4,6656,买盘
989,14:23:58,16.61,-0.03,3,4983,卖盘
990,14:24:07,16.61,0.0,1,1661,卖盘
991,14:24:21,16.61,0.0,6,9966,卖盘
992,14:24:24,16.6,-0.01,62,102930,卖盘
993,14:24:28,16.6,0.0,8,13280,卖盘
994,14:24:45,16.59,-0.01,15,24885,卖盘
995,14:24:49,16.59,0.0,1,1659,卖盘
996,14:24:55,16.59,0.0,5,8295,卖盘
997,14:25:40,16.6,0.01,2,3320,卖盘
998,14:25:43,16.58,-0.02,1,1658,卖盘
999,14:25:55,16.58,0.0,52,86216,卖盘
1000,14:26:18,16.58,0.0,3,4974,卖盘
1001,14:26:24,16.59,0.01,2,3318,买盘
1002,14:27:06,16.58,-0.01,32,53056,卖盘
1003,14:27:16,16.58,0.0,14,23212,卖盘
1004,14:27:19,16.58,0.0,1,1658,卖盘
1005,14:27:25,16.59,0.01,5,8295,买盘
1006,14:28:10,16.59,0.0,5,8295,买盘
1007,14:28:13,16.59,0.0,34,56406,买盘
1008,14:28:25,16.6,0.01,50,83000,买盘
1009,14:28:31,16.6,0.0,21,34860,买盘
1010,14:28:34,16.6,0.0,12,19920,买盘
1011,14:28:37,16.6,0.0,11,18260,买盘
1012,14:28:40,16.6,0.0,10,16600,买盘
1013,14:28:43,16.6,0.0,9,14940,买盘
1014,14:28:46,16.62,0.02,76,126167,买盘
1015,14:28:57,16.64,0.02,8,13312,买盘
1016,14:29:18,16.62,-0.02,12,19952,卖盘
1017,14:29:49,16.62,0.0,2,3324,买盘
1018,14:30:16,16.61,-0.01,11,18274,卖盘
1019,14:30:18,16.61,0.0,1,1661,买盘
1020,14:30:31,16.61,0.0,3,4983,买盘
1021,14:30:52,16.61,0.0,6,9966,买盘
1022,14:31:04,16.61,0.0,15,24915,买盘
1023,14:31:49,16.62,0.01,1,1662,卖盘
1024,14:32:25,16.66,0.04,1,1666,买盘
1025,14:33:16,16.65,-0.01,1,1665,买盘
1026,14:34:57,16.64,-0.01,1,1664,买盘
1027,14:36:00,16.64,0.0,1,1664,买盘
1028,14:36:21,16.63,-0.01,23,38249,卖盘
1029,14:36:27,16.64,0.01,3,4992,买盘
1030,14:36:46,16.62,-0.02,5,8310,卖盘
1031,14:36:49,16.62,0.0,12,19944,卖盘
1032,14:36:55,16.62,0.0,10,16620,卖盘
1033,14:36:58,16.61,-0.01,1,1661,卖盘
1034,14:37:06,16.6,-0.01,24,39840,卖盘
1035,14:37:09,16.58,-0.02,3,4974,卖盘
1036,14:37:13,16.58,0.0,17,28186,卖盘
1037,14:37:16,16.57,-0.01,14,23198,卖盘
1038,14:37:27,16.58,0.01,2,3316,买盘
1039,14:37:43,16.58,0.0,2,3316,买盘
1040,14:37:46,16.59,0.01,11,18247,买盘
1041,14:37:57,16.59,0.0,10,16590,买盘
1042,14:38:01,16.59,0.0,3,4977,买盘
1043,14:38:15,16.6,0.01,8,13276,买盘
1044,14:38:18,16.58,-0.02,28,46424,卖盘
1045,14:38:22,16.6,0.02,2,3320,买盘
1046,14:38:31,16.6,0.0,6,9960,买盘
1047,14:38:46,16.59,-0.01,5,8295,卖盘
1048,14:39:22,16.57,-0.02,39,64623,卖盘
1049,14:39:25,16.57,0.0,7,11599,卖盘
1050,14:39:28,16.56,-0.01,4,6624,卖盘
1051,14:39:30,16.56,0.0,7,11592,卖盘
1052,14:40:00,16.56,0.0,18,29809,卖盘
1053,14:40:09,16.57,0.01,3,4969,买盘
1054,14:40:22,16.57,0.0,2,3314,买盘
1055,14:40:25,16.57,0.0,24,39740,买盘
1056,14:40:33,16.57,0.0,22,36454,买盘
1057,14:40:46,16.59,0.02,14,23220,买盘
1058,14:40:49,16.57,-0.02,10,16570,卖盘
1059,14:41:00,16.57,0.0,30,49710,卖盘
1060,14:41:07,16.57,0.0,1,1657,卖盘
1061,14:41:19,16.59,0.02,1,1659,买盘
1062,14:41:22,16.59,0.0,41,68006,买盘
1063,14:41:25,16.59,0.0,12,19908,买盘
1064,14:41:40,16.59,0.0,4,6636,买盘
1065,14:42:04,16.6,0.01,2,3320,买盘
1066,14:42:10,16.59,-0.01,26,43134,卖盘
1067,14:42:31,16.59,0.0,4,6636,买盘
1068,14:42:34,16.6,0.01,1,1660,买盘
1069,14:42:37,16.6,0.0,22,36520,买盘
1070,14:42:40,16.6,0.0,1,1660,卖盘
1071,14:43:07,16.61,0.01,12,19932,买盘
1072,14:43:28,16.62,0.01,1,1662,买盘
1073,14:43:30,16.62,0.0,2,3324,卖盘
1074,14:44:07,16.63,0.01,11,18293,买盘
1075,14:44:12,16.65,0.02,1,1665,中性盘
1076,14:44:16,16.65,0.0,8,13320,卖盘
1077,14:44:28,16.66,0.01,2,3332,买盘
1078,14:44:40,16.66,0.0,5,8330,卖盘
1079,14:44:49,16.66,0.0,20,33320,卖盘
1080,14:44:52,16.68,0.02,23,38357,买盘
1081,14:44:55,16.68,0.0,10,16680,卖盘
1082,14:44:58,16.68,0.0,2,3336,卖盘
1083,14:45:01,16.68,0.0,1,1668,卖盘
1084,14:45:03,16.68,0.0,9,15025,卖盘
1085,14:45:06,16.69,0.01,2,3338,卖盘
1086,14:45:10,16.69,0.0,1,1669,卖盘
1087,14:45:13,16.69,0.0,29,48401,卖盘
1088,14:45:15,16.68,-0.01,22,36696,卖盘
1089,14:45:19,16.68,0.0,1,1668,卖盘
1090,14:45:21,16.68,0.0,1,1668,卖盘
1091,14:45:24,16.68,0.0,1,1668,卖盘
1092,14:45:27,16.68,0.0,4,6672,卖盘
1093,14:45:30,16.68,0.0,6,10008,卖盘
1094,14:45:34,16.68,0.0,14,23352,卖盘
1095,14:45:37,16.68,0.0,5,8340,卖盘
1096,14:45:40,16.68,0.0,3,5004,卖盘
1097,14:45:43,16.68,0.0,3,5004,卖盘
1098,14:45:46,16.68,0.0,2,3336,卖盘
1099,14:45:49,16.68,0.0,35,58407,卖盘
1100,14:45:55,16.69,0.01,8,13352,买盘
1101,14:45:57,16.69,0.0,1,1669,买盘
1102,14:46:01,16.7,0.01,1,1670,买盘
1103,14:46:07,16.7,0.0,14,23380,买盘
1104,14:46:13,16.75,0.05,2,3350,买盘
1105,14:46:19,16.74,-0.01,10,16740,卖盘
1106,14:46:31,16.73,-0.01,23,38492,卖盘
1107,14:46:37,16.73,0.0,42,70266,卖盘
1108,14:46:58,16.73,0.0,17,28441,买盘
1109,14:47:01,16.73,0.0,5,8365,买盘
1110,14:47:07,16.72,-0.01,16,26752,卖盘
1111,14:47:15,16.73,0.01,14,23422,买盘
1112,14:47:18,16.72,-0.01,23,38467,卖盘
1113,14:47:22,16.7,-0.02,3,5010,卖盘
1114,14:47:31,16.7,0.0,4,6680,买盘
1115,14:48:04,16.71,0.01,2,3342,买盘
1116,14:48:13,16.71,0.0,21,35071,买盘
1117,14:48:30,16.72,0.01,2,3344,卖盘
1118,14:48:54,16.71,-0.01,7,11703,卖盘
1119,14:49:07,16.71,0.0,10,16710,卖盘
1120,14:49:12,16.73,0.02,2,3346,买盘
1121,14:49:24,16.71,-0.02,20,33420,卖盘
1122,14:49:31,16.71,0.0,12,20052,卖盘
1123,14:49:42,16.71,0.0,7,11697,卖盘
1124,14:51:22,16.66,-0.05,4,6664,卖盘
1125,14:52:16,16.66,0.0,12,19992,卖盘
1126,14:52:18,16.66,0.0,13,21658,卖盘
1127,14:52:33,16.65,-0.01,2,3330,卖盘
1128,14:52:46,16.66,0.01,6,9996,买盘
1129,14:53:01,16.66,0.0,1,1666,买盘
1130,14:53:04,16.66,0.0,1,1666,买盘
1131,14:53:09,16.66,0.0,1,1666,买盘
1132,14:53:16,16.66,0.0,1,1666,买盘
1133,14:53:19,16.66,0.0,7,11662,买盘
1134,14:53:31,16.66,0.0,2,3332,买盘
1135,14:53:45,16.65,-0.01,2,3330,卖盘
1136,14:53:58,16.66,0.01,87,144902,买盘
1137,14:54:01,16.66,0.0,35,58310,卖盘
1138,14:54:07,16.67,0.01,3,5001,买盘
1139,14:54:10,16.66,-0.01,7,11662,卖盘
1140,14:54:28,16.64,-0.02,41,68204,买盘
1141,14:54:40,16.65,0.01,10,16650,中性盘
1142,14:54:46,16.64,-0.01,2,3328,卖盘
1143,14:55:07,16.67,0.03,18,30002,买盘
1144,14:55:10,16.67,0.0,2,3334,卖盘
1145,14:55:13,16.65,-0.02,1,1665,卖盘
1146,14:55:16,16.65,0.0,4,6660,卖盘
1147,14:55:25,16.64,-0.01,16,26624,卖盘
1148,14:55:48,16.62,-0.02,10,16627,卖盘
1149,14:56:04,16.6,-0.02,49,81388,卖盘
1150,14:56:16,16.6,0.0,21,34860,卖盘
1151,14:56:19,16.62,0.02,6,9964,买盘
1152,14:56:21,16.6,-0.02,15,24900,卖盘
1153,14:56:30,16.6,0.0,2,3320,买盘
1154,14:56:33,16.59,-0.01,31,51431,中性盘
1155,14:56:37,16.58,-0.01,1,1658,卖盘
1156,14:56:40,16.59,0.01,4,6634,买盘
1157,14:56:42,16.6,0.01,15,24897,买盘
1158,14:56:49,16.6,0.0,10,16600,买盘
1159,14:56:55,16.62,0.02,10,16620,买盘
1160,14:56:58,16.62,0.0,1,1662,买盘
1161,14:57:01,16.62,0.0,3,4986,买盘
1162,15:00:04,16.6,-0.02,131,217460,卖盘
