,time,price,change,volume,amount,type
0,09:25:04,11.32,0.01,10,11320,卖盘
1,09:30:04,11.35,0.03,24,27193,中性盘
2,09:30:07,11.34,-0.01,4,4537,卖盘
3,09:30:25,11.37,0.03,3,3411,买盘
4,09:30:39,11.36,-0.01,5,5680,买盘
5,09:30:46,11.34,-0.02,2,2268,卖盘
6,09:30:49,11.33,-0.01,6,6798,卖盘
7,09:31:00,11.34,0.01,8,9072,买盘
8,09:31:10,11.34,0.0,16,18144,买盘
9,09:31:18,11.33,-0.01,48,54384,卖盘
10,09:31:22,11.33,0.0,12,13596,卖盘
11,09:31:25,11.32,-0.01,7,7928,卖盘
12,09:31:28,11.32,0.0,15,16980,卖盘
13,09:31:31,11.32,0.0,1,1132,卖盘
14,09:31:34,11.32,0.0,13,14716,卖盘
15,09:31:37,11.3,-0.02,6,6780,卖盘
16,09:31:48,11.3,0.0,10,11300,卖盘
17,09:31:57,11.3,0.0,12,13560,卖盘
18,09:32:07,11.28,-0.02,21,23704,卖盘
19,09:32:13,11.28,0.0,15,16920,卖盘
20,09:32:16,11.27,-0.01,11,12397,卖盘
21,09:32:19,11.27,0.0,21,23667,卖盘
22,09:32:22,11.27,0.0,1,1127,买盘
23,09:32:37,11.26,-0.01,4,4504,卖盘
24,09:32:40,11.26,0.0,3,3378,买盘
25,09:32:48,11.25,-0.01,36,40522,卖盘
26,09:32:51,11.25,0.0,16,18000,买盘
27,09:32:54,11.25,0.0,5,5625,卖盘
28,09:33:01,11.22,-0.03,27,30294,卖盘
29,09:33:06,11.22,0.0,3,3366,买盘
30,09:33:10,11.22,0.0,29,32538,买盘
31,09:33:21,11.22,0.0,30,33660,卖盘
32,09:33:25,11.21,-0.01,23,25799,卖盘
33,09:33:34,11.21,0.0,2,2242,卖盘
34,09:33:36,11.22,0.01,6,6732,卖盘
35,09:33:42,11.22,0.0,9,10098,卖盘
36,09:33:49,11.25,0.03,10,11250,买盘
37,09:33:52,11.22,-0.03,69,77433,卖盘
38,09:34:01,11.25,0.03,16,18000,买盘
39,09:34:04,11.25,0.0,3,3375,卖盘
40,09:34:07,11.25,0.0,3,3375,卖盘
41,09:34:10,11.25,0.0,1,1125,卖盘
42,09:34:12,11.26,0.01,10,11256,买盘
43,09:34:25,11.26,0.0,58,65308,买盘
44,09:34:28,11.26,0.0,139,156386,买盘
45,09:34:34,11.26,0.0,10,11260,买盘
46,09:34:40,11.26,0.0,52,58552,买盘
47,09:34:43,11.26,0.0,1,1126,买盘
48,09:34:46,11.25,-0.01,2,2250,卖盘
49,09:34:51,11.26,0.01,16,18016,卖盘
50,09:34:54,11.26,0.0,5,5630,卖盘
51,09:35:01,11.27,0.01,22,24794,买盘
52,09:35:04,11.27,0.0,11,12397,买盘
53,09:35:06,11.27,0.0,4,4508,买盘
54,09:35:10,11.27,0.0,20,22540,买盘
55,09:35:16,11.27,0.0,10,11270,买盘
56,09:35:21,11.27,0.0,64,72136,卖盘
57,09:35:25,11.3,0.03,2,2260,买盘
58,09:35:37,11.3,0.0,2,2260,买盘
59,09:35:46,11.28,-0.02,7,7903,卖盘
60,09:35:58,11.3,0.02,8,9040,买盘
61,09:36:16,11.3,0.0,17,19210,卖盘
62,09:36:25,11.3,0.0,8,9040,卖盘
63,09:36:42,11.31,0.01,10,11310,卖盘
64,09:36:55,11.33,0.02,14,15860,买盘
65,09:36:57,11.31,-0.02,2,2262,中性盘
66,09:37:09,11.33,0.02,2,2266,买盘
67,09:37:12,11.33,0.0,47,53251,卖盘
68,09:37:19,11.34,0.01,1,1134,买盘
69,09:37:25,11.34,0.0,7,7938,买盘
70,09:37:42,11.34,0.0,3,3402,买盘
71,09:38:01,11.36,0.02,36,40896,买盘
72,09:38:09,11.36,0.0,25,28400,买盘
73,09:38:13,11.38,0.02,45,51195,买盘
74,09:38:22,11.38,0.0,20,22760,卖盘
75,09:38:27,11.38,0.0,17,19346,卖盘
76,09:38:31,11.38,0.0,1,1138,买盘
77,09:38:36,11.38,0.0,39,44380,买盘
78,09:38:39,11.38,0.0,14,15936,卖盘
79,09:38:46,11.38,0.0,6,6828,卖盘
80,09:38:51,11.38,0.0,27,30745,卖盘
81,09:38:54,11.39,0.01,8,9112,买盘
82,09:38:58,11.38,-0.01,7,7966,卖盘
83,09:39:00,11.38,0.0,18,20487,卖盘
84,09:39:04,11.38,0.0,16,18208,卖盘
85,09:39:13,11.38,0.0,1,1138,卖盘
86,09:39:16,11.39,0.01,24,27330,买盘
87,09:39:19,11.39,0.0,9,10251,买盘
88,09:39:25,11.38,-0.01,10,11380,卖盘
89,09:39:36,11.36,-0.02,18,20448,卖盘
90,09:39:49,11.36,0.0,6,6816,买盘
91,09:39:52,11.38,0.02,78,88636,买盘
92,09:39:54,11.39,0.01,1,1139,买盘
93,09:40:10,11.38,-0.01,12,13656,卖盘
94,09:40:27,11.38,0.0,5,5690,买盘
95,09:40:48,11.36,-0.02,20,22720,卖盘
96,09:40:52,11.37,0.01,4,4548,买盘
97,09:41:06,11.36,-0.01,17,19312,卖盘
98,09:41:12,11.36,0.0,16,18176,买盘
99,09:41:16,11.37,0.01,10,11363,买盘
100,09:41:31,11.35,-0.02,18,20436,卖盘
101,09:41:34,11.35,0.0,7,7945,卖盘
102,09:41:42,11.35,0.0,5,5675,买盘
103,09:41:46,11.35,0.0,10,11350,买盘
104,09:41:49,11.36,0.01,44,49968,买盘
105,09:41:51,11.36,0.0,5,5683,卖盘
106,09:41:57,11.37,0.01,13,14771,买盘
107,09:42:04,11.37,0.0,16,18184,买盘
108,09:42:06,11.36,-0.01,17,19312,卖盘
109,09:42:13,11.36,0.0,1,1136,买盘
110,09:42:16,11.36,0.0,1,1136,买盘
111,09:42:19,11.37,0.01,4,4547,买盘
112,09:42:22,11.35,-0.02,21,23855,卖盘
113,09:42:25,11.37,0.02,6,6814,买盘
114,09:42:27,11.37,0.0,16,18192,买盘
115,09:42:30,11.36,-0.01,5,5680,中性盘
116,09:42:33,11.35,-0.01,7,7945,卖盘
117,09:42:36,11.35,0.0,25,28375,买盘
118,09:42:40,11.35,0.0,1,1135,买盘
119,09:42:43,11.35,0.0,1,1135,买盘
120,09:42:54,11.35,0.0,1,1135,买盘
121,09:43:13,11.35,0.0,15,17025,买盘
122,09:43:16,11.35,0.0,53,60155,买盘
123,09:43:22,11.35,0.0,1,1135,买盘
124,09:43:25,11.36,0.01,28,31807,买盘
125,09:43:28,11.35,-0.01,26,29520,卖盘
126,09:43:31,11.35,0.0,1,1135,买盘
127,09:43:33,11.35,0.0,6,6810,买盘
128,09:43:36,11.35,0.0,3,3405,买盘
129,09:43:40,11.35,0.0,2,2270,买盘
130,09:43:43,11.35,0.0,1,1135,买盘
131,09:43:52,11.35,0.0,8,9080,买盘
132,09:43:58,11.37,0.02,58,65904,买盘
133,09:44:04,11.38,0.01,2,2276,买盘
134,09:44:06,11.38,0.0,9,10242,买盘
135,09:44:10,11.37,-0.01,11,12508,卖盘
136,09:44:12,11.38,0.01,20,22760,买盘
137,09:44:15,11.39,0.01,10,11390,买盘
138,09:44:18,11.38,-0.01,2,2276,卖盘
139,09:44:24,11.38,0.0,7,7966,卖盘
140,09:44:36,11.41,0.03,50,56984,买盘
141,09:44:49,11.43,0.02,21,24003,买盘
142,09:45:01,11.44,0.01,16,18298,买盘
143,09:45:04,11.43,-0.01,3,3429,中性盘
144,09:45:13,11.45,0.02,98,112054,买盘
145,09:45:16,11.45,0.0,1,1145,买盘
146,09:45:19,11.45,0.0,60,68690,买盘
147,09:45:22,11.45,0.0,2,3206,卖盘
148,09:45:25,11.45,0.0,5,5725,卖盘
149,09:45:31,11.48,0.03,9,10323,中性盘
150,09:45:33,11.45,-0.03,6,6870,卖盘
151,09:45:37,11.44,-0.01,6,6866,卖盘
152,09:45:40,11.47,0.03,3,3439,买盘
153,09:45:43,11.44,-0.03,10,11446,卖盘
154,09:45:46,11.51,0.07,191,219378,买盘
155,09:45:49,11.5,-0.01,82,94320,卖盘
156,09:45:54,11.5,0.0,602,692318,卖盘
157,09:45:57,11.52,0.02,57,65610,买盘
158,09:46:01,11.52,0.0,27,31104,卖盘
159,09:46:04,11.5,-0.02,21,24182,卖盘
160,09:46:07,11.5,0.0,5,5750,卖盘
161,09:46:09,11.5,0.0,7,8051,卖盘
162,09:46:12,11.5,0.0,20,23000,卖盘
163,09:46:15,11.51,0.01,33,37951,买盘
164,09:46:19,11.5,-0.01,21,24150,卖盘
165,09:46:22,11.5,0.0,116,133400,卖盘
166,09:46:27,11.48,-0.02,1,1148,卖盘
167,09:46:33,11.47,-0.01,10,11470,卖盘
168,09:46:40,11.48,0.01,16,18358,买盘
169,09:46:43,11.4,-0.08,37,42180,卖盘
170,09:46:49,11.4,0.0,17,19380,买盘
171,09:46:52,11.4,0.0,35,39900,买盘
172,09:46:54,11.39,-0.01,14,15949,卖盘
173,09:47:04,11.4,0.01,10,11400,卖盘
174,09:47:36,11.45,0.05,10,11450,买盘
175,09:47:42,11.45,0.0,3,3435,买盘
176,09:47:49,11.46,0.01,8,9168,买盘
177,09:47:52,11.46,0.0,2,2292,卖盘
178,09:47:54,11.46,0.0,14,16053,卖盘
179,09:47:57,11.47,0.01,15,16287,买盘
180,09:48:01,11.47,0.0,20,22940,卖盘
181,09:48:19,11.47,0.0,25,28675,卖盘
182,09:48:24,11.46,-0.01,30,34380,卖盘
183,09:48:46,11.44,-0.02,6,6864,卖盘
184,09:48:48,11.44,0.0,4,4576,买盘
185,09:48:58,11.44,0.0,17,19452,卖盘
186,09:49:04,11.43,-0.01,1,1143,卖盘
187,09:49:12,11.46,0.03,33,37788,买盘
188,09:49:19,11.46,0.0,23,26358,买盘
189,09:49:28,11.43,-0.03,10,11430,卖盘
190,09:49:31,11.43,0.0,21,24003,买盘
191,09:49:39,11.43,0.0,6,6858,买盘
192,09:49:43,11.44,0.01,12,13728,买盘
193,09:49:49,11.43,-0.01,13,14859,卖盘
194,09:49:58,11.42,-0.01,11,12572,卖盘
195,09:50:01,11.44,0.02,20,22870,买盘
196,09:50:12,11.44,0.0,3,3432,买盘
197,09:50:28,11.46,0.02,1,1146,买盘
198,09:50:36,11.45,-0.01,4,4580,买盘
199,09:50:49,11.43,-0.02,5,5715,卖盘
200,09:50:55,11.45,0.02,1,1145,买盘
201,09:51:01,11.47,0.02,90,103166,买盘
202,09:51:04,11.48,0.01,10,11477,买盘
203,09:51:19,11.46,-0.02,2,2292,卖盘
204,09:51:22,11.46,0.0,9,10322,卖盘
205,09:51:30,11.46,0.0,30,34380,卖盘
206,09:51:40,11.46,0.0,24,27519,卖盘
207,09:51:45,11.47,0.01,4,4588,买盘
208,09:51:52,11.48,0.01,54,61979,买盘
209,09:51:55,11.48,0.0,4,4592,卖盘
210,09:51:58,11.49,0.01,99,113725,买盘
211,09:52:10,11.48,-0.01,6,6888,卖盘
212,09:52:16,11.48,0.0,1,1148,买盘
213,09:52:22,11.46,-0.02,23,26358,卖盘
214,09:52:25,11.46,0.0,18,20618,买盘
215,09:52:27,11.45,-0.01,5,5725,卖盘
216,09:52:31,11.45,0.0,32,36640,卖盘
217,09:52:43,11.45,0.0,16,18320,买盘
218,09:52:49,11.46,0.01,28,32088,买盘
219,09:52:52,11.45,-0.01,10,11450,卖盘
220,09:52:54,11.46,0.01,4,4582,买盘
221,09:53:13,11.45,-0.01,5,5725,卖盘
222,09:53:16,11.46,0.01,1,1146,买盘
223,09:53:19,11.46,0.0,20,22920,买盘
224,09:53:21,11.45,-0.01,9,10305,卖盘
225,09:53:25,11.45,0.0,17,19465,卖盘
226,09:53:33,11.45,0.0,2,2290,买盘
227,09:53:40,11.45,0.0,3,3435,买盘
228,09:53:52,11.44,-0.01,3,3432,卖盘
229,09:54:00,11.44,0.0,1,1144,卖盘
230,09:54:28,11.44,0.0,80,91520,卖盘
231,09:54:37,11.44,0.0,10,11440,卖盘
232,09:54:55,11.44,0.0,10,11440,卖盘
233,09:55:07,11.44,0.0,2,2288,买盘
234,09:55:25,11.44,0.0,10,11440,买盘
235,09:55:27,11.43,-0.01,20,22860,卖盘
236,09:55:30,11.44,0.01,1,1144,买盘
237,09:55:39,11.43,-0.01,1,1143,卖盘
238,09:56:04,11.43,0.0,10,11430,卖盘
239,09:56:06,11.43,0.0,108,123452,卖盘
240,09:56:10,11.43,0.0,24,27432,买盘
241,09:56:19,11.42,-0.01,22,25124,卖盘
242,09:56:36,11.42,0.0,59,67378,买盘
243,09:56:42,11.42,0.0,1,1142,卖盘
244,09:56:49,11.42,0.0,1,1142,卖盘
245,09:57:04,11.42,0.0,8,9136,买盘
246,09:57:09,11.42,0.0,14,15988,买盘
247,09:57:12,11.42,0.0,110,125610,买盘
248,09:57:19,11.43,0.01,58,66294,买盘
249,09:57:22,11.43,0.0,3,3429,买盘
250,09:57:33,11.44,0.01,2,2288,买盘
251,09:57:40,11.44,0.0,10,11440,买盘
252,09:57:43,11.44,0.0,24,27456,买盘
253,09:58:10,11.44,0.0,18,20592,买盘
254,09:58:22,11.43,-0.01,10,11430,卖盘
255,09:58:27,11.44,0.01,3,3432,买盘
256,09:58:37,11.44,0.0,15,17160,买盘
257,09:59:04,11.44,0.0,13,14872,买盘
258,09:59:07,11.43,-0.01,1,1143,卖盘
259,09:59:10,11.44,0.01,2,2288,买盘
260,09:59:30,11.44,0.0,1,1144,买盘
261,10:00:07,11.43,-0.01,63,72009,卖盘
262,10:00:12,11.43,0.0,1,1143,买盘
263,10:00:16,11.44,0.01,89,101780,买盘
264,10:00:19,11.42,-0.02,10,11420,卖盘
265,10:00:22,11.44,0.02,5,5720,买盘
266,10:00:43,11.42,-0.02,1,1142,卖盘
267,10:01:00,11.42,0.0,1,1142,卖盘
268,10:01:07,11.42,0.0,8,9136,卖盘
269,10:01:19,11.43,0.01,9,10282,买盘
270,10:01:22,11.43,0.0,2,2286,卖盘
271,10:01:25,11.43,0.0,5,5715,卖盘
272,10:01:28,11.43,0.0,1,1143,中性盘
273,10:01:37,11.43,0.0,9,10287,买盘
274,10:01:39,11.46,0.03,261,298734,买盘
275,10:02:01,11.46,0.0,4,4583,买盘
276,10:02:09,11.46,0.0,20,22913,买盘
277,10:02:25,11.46,0.0,5,5730,买盘
278,10:02:46,11.45,-0.01,10,11450,买盘
279,10:02:58,11.45,0.0,27,30915,买盘
280,10:03:13,11.45,0.0,3,3435,卖盘
281,10:03:25,11.45,0.0,3,3435,买盘
282,10:03:40,11.45,0.0,17,19465,买盘
283,10:03:57,11.45,0.0,3,3435,卖盘
284,10:04:13,11.45,0.0,31,35495,卖盘
285,10:04:22,11.46,0.01,2,2292,买盘
286,10:04:24,11.45,-0.01,57,65265,卖盘
287,10:04:43,11.45,0.0,3,3435,买盘
288,10:04:49,11.45,0.0,6,6870,卖盘
289,10:04:57,11.45,0.0,5,5725,卖盘
290,10:05:00,11.46,0.01,31,35497,买盘
291,10:05:09,11.46,0.0,5,5730,买盘
292,10:05:13,11.45,-0.01,50,57250,卖盘
293,10:05:25,11.46,0.01,10,11460,买盘
294,10:05:28,11.46,0.0,2,2292,买盘
295,10:05:33,11.46,0.0,1,1146,买盘
296,10:05:36,11.45,-0.01,10,11450,卖盘
297,10:05:40,11.46,0.01,13,14898,买盘
298,10:05:58,11.46,0.0,60,68760,买盘
299,10:06:01,11.45,-0.01,10,11450,卖盘
300,10:06:04,11.46,0.01,228,261287,买盘
301,10:06:07,11.45,-0.01,16,18323,卖盘
302,10:06:10,11.45,0.0,27,30915,买盘
303,10:06:22,11.44,-0.01,77,88115,卖盘
304,10:06:39,11.45,0.01,40,45800,买盘
305,10:06:43,11.45,0.0,2,2290,买盘
306,10:06:46,11.45,0.0,18,20610,买盘
307,10:06:57,11.47,0.02,5,5735,买盘
308,10:07:00,11.45,-0.02,44,50448,卖盘
309,10:07:33,11.47,0.02,4,4588,买盘
310,10:07:42,11.46,-0.01,24,27504,卖盘
311,10:07:52,11.45,-0.01,70,80150,卖盘
312,10:08:01,11.45,0.0,10,11450,卖盘
313,10:08:15,11.46,0.01,23,26361,卖盘
314,10:08:21,11.47,0.01,14,16058,买盘
315,10:08:28,11.47,0.0,5,5735,买盘
316,10:08:31,11.47,0.0,7,8029,买盘
317,10:08:42,11.48,0.01,50,57400,买盘
318,10:08:46,11.47,-0.01,20,22940,卖盘
319,10:08:49,11.47,0.0,3,3441,卖盘
320,10:08:52,11.47,0.0,4,4588,买盘
321,10:09:04,11.46,-0.01,3,3438,卖盘
322,10:09:06,11.46,0.0,9,10314,买盘
323,10:09:13,11.46,0.0,33,37814,买盘
324,10:09:16,11.45,-0.01,5,5725,卖盘
325,10:09:22,11.45,0.0,21,24045,买盘
326,10:09:24,11.44,-0.01,2,2288,卖盘
327,10:09:33,11.45,0.01,18,20610,买盘
328,10:09:43,11.45,0.0,21,24027,买盘
329,10:09:46,11.43,-0.02,26,29743,卖盘
330,10:09:49,11.43,0.0,14,16002,买盘
331,10:09:52,11.44,0.01,1,1144,卖盘
332,10:09:57,11.45,0.01,12,13740,买盘
333,10:10:09,11.44,-0.01,10,11440,卖盘
334,10:10:22,11.44,0.0,1,1144,买盘
335,10:10:34,11.43,-0.01,2,2286,卖盘
336,10:10:55,11.44,0.01,1,1144,买盘
337,10:10:57,11.44,0.0,1,1144,买盘
338,10:11:10,11.45,0.01,55,62940,买盘
339,10:11:39,11.46,0.01,3,3438,卖盘
340,10:11:49,11.46,0.0,7,8022,买盘
341,10:12:19,11.46,0.0,13,14898,买盘
342,10:12:31,11.46,0.0,27,30942,买盘
343,10:12:43,11.46,0.0,46,52716,卖盘
344,10:12:52,11.46,0.0,7,8022,买盘
345,10:12:57,11.47,0.01,3,3441,买盘
346,10:13:00,11.46,-0.01,7,8022,卖盘
347,10:13:07,11.46,0.0,3,3438,买盘
348,10:13:19,11.46,0.0,12,13752,卖盘
349,10:13:31,11.45,-0.01,1,1145,卖盘
350,10:13:37,11.46,0.01,2,2292,买盘
351,10:13:48,11.46,0.0,3,3438,买盘
352,10:14:25,11.45,-0.01,1,1145,卖盘
353,10:14:40,11.45,0.0,28,32060,卖盘
354,10:14:57,11.44,-0.01,60,68690,卖盘
355,10:15:24,11.44,0.0,16,18304,卖盘
356,10:15:31,11.43,-0.01,6,6863,卖盘
357,10:16:04,11.45,0.02,6,6870,买盘
358,10:16:12,11.44,-0.01,13,14882,卖盘
359,10:16:15,11.45,0.01,2,2290,中性盘
360,10:16:18,11.45,0.0,19,21755,卖盘
361,10:17:12,11.45,0.0,30,34350,卖盘
362,10:17:40,11.45,0.0,1,1145,卖盘
363,10:17:43,11.46,0.01,20,22920,买盘
364,10:17:51,11.45,-0.01,34,38930,卖盘
365,10:18:30,11.45,0.0,2,2290,买盘
366,10:18:34,11.44,-0.01,53,60635,卖盘
367,10:18:42,11.44,0.0,12,13728,卖盘
368,10:18:48,11.44,0.0,41,46904,卖盘
369,10:19:00,11.44,0.0,1,1144,买盘
370,10:19:28,11.44,0.0,21,24013,买盘
371,10:19:40,11.45,0.01,4,4580,买盘
372,10:20:10,11.44,-0.01,14,16016,买盘
373,10:20:15,11.43,-0.01,30,34290,卖盘
374,10:20:34,11.43,0.0,40,45720,卖盘
375,10:20:40,11.43,0.0,38,43434,卖盘
376,10:20:46,11.44,0.01,4,4576,买盘
377,10:21:12,11.45,0.01,5,5724,买盘
378,10:21:51,11.45,0.0,4,4580,买盘
379,10:22:22,11.44,-0.01,6,6864,卖盘
380,10:23:04,11.44,0.0,4,4576,买盘
381,10:23:43,11.44,0.0,7,8008,买盘
382,10:23:57,11.43,-0.01,2,2286,卖盘
383,10:24:00,11.43,0.0,10,11430,卖盘
384,10:24:04,11.43,0.0,1,1143,卖盘
385,10:24:07,11.43,0.0,9,10287,卖盘
386,10:24:12,11.43,0.0,3,3429,卖盘
387,10:24:15,11.43,0.0,4,4572,卖盘
388,10:24:19,11.43,0.0,1,1143,卖盘
389,10:24:24,11.43,0.0,2,2286,卖盘
390,10:24:36,11.43,0.0,5,5715,买盘
391,10:24:39,11.41,-0.02,50,57095,卖盘
392,10:25:01,11.42,0.01,10,11420,卖盘
393,10:25:19,11.43,0.01,5,5715,买盘
394,10:25:24,11.43,0.0,12,13716,买盘
395,10:25:40,11.42,-0.01,20,22840,卖盘
396,10:26:01,11.42,0.0,21,23982,卖盘
397,10:26:15,11.42,0.0,2,2284,卖盘
398,10:26:37,11.42,0.0,14,15988,买盘
399,10:26:46,11.42,0.0,12,14743,卖盘
400,10:26:49,11.43,0.01,17,19431,买盘
401,10:26:52,11.42,-0.01,21,23982,卖盘
402,10:27:01,11.42,0.0,10,11420,卖盘
403,10:27:04,11.42,0.0,6,6852,卖盘
404,10:27:07,11.42,0.0,1,1142,卖盘
405,10:27:22,11.42,0.0,5,4671,卖盘
406,10:27:28,11.41,-0.01,3,4461,卖盘
407,10:27:39,11.42,0.01,4,4568,买盘
408,10:27:46,11.42,0.0,1,1142,买盘
409,10:27:55,11.42,0.0,9,10278,买盘
410,10:28:06,11.43,0.01,30,34287,买盘
411,10:28:12,11.41,-0.02,20,22820,卖盘
412,10:29:04,11.41,0.0,6,6846,卖盘
413,10:29:16,11.42,0.01,1,1142,卖盘
414,10:29:28,11.43,0.01,5,5715,买盘
415,10:29:31,11.43,0.0,3,3429,买盘
416,10:29:49,11.43,0.0,7,8001,买盘
417,10:30:04,11.43,0.0,3,3429,买盘
418,10:30:07,11.43,0.0,2,2286,买盘
419,10:30:16,11.43,0.0,5,5715,买盘
420,10:30:19,11.42,-0.01,3,3426,卖盘
421,10:30:22,11.42,0.0,10,11420,卖盘
422,10:30:39,11.43,0.01,40,45720,买盘
423,10:30:52,11.44,0.01,3,3432,买盘
424,10:30:57,11.44,0.0,31,35458,买盘
425,10:31:12,11.44,0.0,8,9152,卖盘
426,10:31:34,11.44,0.0,40,45760,卖盘
427,10:32:01,11.45,0.01,32,36640,买盘
428,10:32:25,11.44,-0.01,24,27456,卖盘
429,10:32:33,11.44,0.0,4,4576,买盘
430,10:33:18,11.44,0.0,4,4576,买盘
431,10:33:39,11.45,0.01,3,3435,买盘
432,10:34:01,11.45,0.0,13,14885,买盘
433,10:34:07,11.44,-0.01,6,6864,卖盘
434,10:34:16,11.45,0.01,60,68700,买盘
435,10:34:37,11.45,0.0,150,171750,卖盘
436,10:34:40,11.46,0.01,52,59582,买盘
437,10:34:49,11.46,0.0,7,8022,买盘
438,10:34:54,11.46,0.0,31,35506,买盘
439,10:35:04,11.46,0.0,11,12606,卖盘
440,10:35:10,11.47,0.01,18,20646,买盘
441,10:35:13,11.46,-0.01,10,11460,卖盘
442,10:35:28,11.46,0.0,11,12606,卖盘
443,10:35:39,11.45,-0.01,3,3435,卖盘
444,10:35:46,11.45,0.0,18,20610,卖盘
445,10:36:01,11.44,-0.01,20,22880,卖盘
446,10:36:04,11.44,0.0,27,30888,卖盘
447,10:36:12,11.43,-0.01,12,13716,卖盘
448,10:36:15,11.43,0.0,9,10287,卖盘
449,10:36:31,11.43,0.0,5,5715,买盘
450,10:36:37,11.42,-0.01,8,9136,卖盘
451,10:36:40,11.42,0.0,3,3426,卖盘
452,10:36:46,11.42,0.0,29,33118,卖盘
453,10:36:48,11.42,0.0,5,5710,买盘
454,10:36:57,11.41,-0.01,34,38818,卖盘
455,10:37:03,11.41,0.0,36,40039,卖盘
456,10:37:10,11.4,-0.01,82,93480,卖盘
457,10:37:13,11.41,0.01,50,57032,买盘
458,10:37:16,11.41,0.0,4,4564,买盘
459,10:37:24,11.4,-0.01,20,22800,卖盘
460,10:37:42,11.4,0.0,4,4560,卖盘
461,10:37:45,11.4,0.0,30,34200,卖盘
462,10:37:49,11.41,0.01,10,11410,买盘
463,10:37:55,11.45,0.04,97,110848,买盘
464,10:37:58,11.41,-0.04,1,1141,中性盘
465,10:38:46,11.44,0.03,10,11440,买盘
466,10:38:58,11.44,0.0,1,1144,卖盘
467,10:39:04,11.44,0.0,1,1144,买盘
468,10:39:31,11.42,-0.02,9,10278,卖盘
469,10:39:39,11.42,0.0,1,1142,买盘
470,10:39:45,11.42,0.0,4,4568,卖盘
471,10:39:55,11.42,0.0,1,1142,卖盘
472,10:40:22,11.42,0.0,12,13704,买盘
473,10:40:46,11.41,-0.01,9,10269,卖盘
474,10:41:10,11.43,0.02,23,26273,买盘
475,10:41:43,11.43,0.0,3,3429,买盘
476,10:41:51,11.42,-0.01,4,4568,卖盘
477,10:42:28,11.42,0.0,20,22840,买盘
478,10:42:58,11.42,0.0,4,4568,卖盘
479,10:43:01,11.42,0.0,6,6852,卖盘
480,10:43:06,11.43,0.01,30,34290,买盘
481,10:43:16,11.43,0.0,10,11430,买盘
482,10:43:34,11.42,-0.01,2,2284,卖盘
483,10:43:37,11.42,0.0,40,45680,卖盘
484,10:43:51,11.42,0.0,5,5710,卖盘
485,10:44:28,11.43,0.01,2,2286,买盘
486,10:44:46,11.43,0.0,2,2286,买盘
487,10:44:55,11.43,0.0,6,6858,买盘
488,10:45:09,11.43,0.0,1,1143,买盘
489,10:45:25,11.43,0.0,3,3429,买盘
490,10:46:06,11.43,0.0,5,5715,买盘
491,10:46:24,11.42,-0.01,6,6852,卖盘
492,10:46:39,11.42,0.0,4,4568,卖盘
493,10:46:52,11.42,0.0,19,21698,买盘
494,10:47:13,11.43,0.01,3,3429,买盘
495,10:47:19,11.43,0.0,9,10287,买盘
496,10:47:33,11.43,0.0,11,12573,买盘
497,10:48:36,11.43,0.0,17,19431,买盘
498,10:48:55,11.43,0.0,4,4572,买盘
499,10:49:01,11.43,0.0,3,3429,买盘
500,10:49:16,11.42,-0.01,5,5710,卖盘
501,10:49:31,11.42,0.0,1,1142,卖盘
502,10:49:46,11.43,0.01,5,5715,买盘
503,10:49:51,11.43,0.0,2,2286,买盘
504,10:49:55,11.43,0.0,16,18288,买盘
505,10:50:04,11.43,0.0,4,4572,卖盘
506,10:50:06,11.43,0.0,2,2286,买盘
507,10:50:13,11.43,0.0,9,10287,买盘
508,10:50:18,11.43,0.0,1,1143,买盘
509,10:50:24,11.43,0.0,2,2286,卖盘
510,10:50:28,11.44,0.01,30,34320,买盘
511,10:50:34,11.44,0.0,63,72072,买盘
512,10:50:40,11.45,0.01,11,12595,买盘
513,10:50:42,11.45,0.0,1,1145,买盘
514,10:50:45,11.45,0.0,64,73280,买盘
515,10:50:48,11.45,0.0,5,5725,买盘
516,10:50:51,11.45,0.0,11,12595,买盘
517,10:50:54,11.45,0.0,3,4477,买盘
518,10:51:04,11.46,0.01,52,59592,买盘
519,10:51:07,11.46,0.0,20,22920,买盘
520,10:51:09,11.46,0.0,85,97394,买盘
521,10:51:13,11.47,0.01,1,1147,买盘
522,10:51:19,11.47,0.0,3,3441,买盘
523,10:51:22,11.47,0.0,44,50471,买盘
524,10:51:24,11.48,0.01,25,28685,买盘
525,10:51:28,11.48,0.0,19,21812,买盘
526,10:51:34,11.48,0.0,54,61992,买盘
527,10:51:36,11.48,0.0,1,1148,买盘
528,10:51:39,11.49,0.01,20,22980,买盘
529,10:51:45,11.49,0.0,9,10341,买盘
530,10:51:49,11.49,0.0,9,10341,买盘
531,10:51:52,11.49,0.0,10,11490,买盘
532,10:51:54,11.49,0.0,2,2298,买盘
533,10:51:57,11.49,0.0,17,19533,买盘
534,10:52:00,11.49,0.0,57,65493,买盘
535,10:52:04,11.49,0.0,14,16086,买盘
536,10:52:07,11.49,0.0,10,11490,买盘
537,10:52:09,11.49,0.0,20,22980,买盘
538,10:52:12,11.49,0.0,11,12639,买盘
539,10:52:16,11.49,0.0,10,11490,卖盘
540,10:52:19,11.49,0.0,20,22980,买盘
541,10:52:22,11.49,0.0,6,6894,买盘
542,10:52:25,11.49,0.0,12,13788,卖盘
543,10:52:30,11.5,0.01,3,3448,买盘
544,10:52:39,11.5,0.0,175,201250,买盘
545,10:52:42,11.5,0.0,26,29900,买盘
546,10:52:46,11.5,0.0,8,9200,买盘
547,10:52:49,11.5,0.0,25,28750,买盘
548,10:52:55,11.5,0.0,10,11500,买盘
549,10:52:58,11.5,0.0,7,8050,买盘
550,10:53:00,11.5,0.0,13,14950,买盘
551,10:53:06,11.49,-0.01,1,1149,买盘
552,10:53:09,11.49,0.0,5,5745,买盘
553,10:53:13,11.48,-0.01,83,95317,卖盘
554,10:53:16,11.48,0.0,21,24108,卖盘
555,10:53:22,11.48,0.0,51,58548,买盘
556,10:53:25,11.47,-0.01,11,12617,卖盘
557,10:53:43,11.48,0.01,1,1148,买盘
558,10:53:48,11.47,-0.01,2,2295,卖盘
559,10:53:51,11.48,0.01,9,10332,买盘
560,10:53:54,11.49,0.01,14,16075,买盘
561,10:54:15,11.48,-0.01,3,3444,买盘
562,10:54:18,11.48,0.0,5,5740,买盘
563,10:54:22,11.48,0.0,3,3444,买盘
564,10:54:28,11.48,0.0,1,1148,买盘
565,10:54:31,11.48,0.0,4,4592,买盘
566,10:54:34,11.48,0.0,3,3444,买盘
567,10:54:37,11.48,0.0,9,10332,买盘
568,10:54:39,11.48,0.0,24,27552,买盘
569,10:54:48,11.47,-0.01,50,57363,卖盘
570,10:54:58,11.48,0.01,10,11480,买盘
571,10:55:01,11.48,0.0,1,1148,买盘
572,10:55:04,11.48,0.0,3,3444,买盘
573,10:55:21,11.48,0.0,26,29826,买盘
574,10:55:28,11.47,-0.01,25,28675,卖盘
575,10:55:43,11.47,0.0,1,1147,买盘
576,10:55:45,11.46,-0.01,4,4584,卖盘
577,10:55:55,11.47,0.01,1,1147,买盘
578,10:55:58,11.46,-0.01,4,4584,卖盘
579,10:56:33,11.47,0.01,3,3441,买盘
580,10:56:46,11.47,0.0,17,19499,卖盘
581,10:57:01,11.47,0.0,9,10323,买盘
582,10:57:13,11.47,0.0,2,2294,买盘
583,10:57:18,11.47,0.0,3,3441,买盘
584,10:57:25,11.47,0.0,5,5735,买盘
585,10:57:43,11.48,0.01,45,51637,买盘
586,10:57:57,11.48,0.0,2,2296,买盘
587,10:58:10,11.48,0.0,1,1148,买盘
588,10:58:13,11.47,-0.01,12,13764,卖盘
589,10:58:16,11.47,0.0,18,20646,买盘
590,10:58:21,11.47,0.0,4,4588,买盘
591,10:58:24,11.47,0.0,6,6882,买盘
592,10:58:28,11.47,0.0,35,40145,买盘
593,10:58:30,11.47,0.0,9,10323,卖盘
594,10:58:42,11.48,0.01,12,13776,买盘
595,10:59:06,11.48,0.0,15,17220,买盘
596,10:59:22,11.48,0.0,5,5740,买盘
597,10:59:33,11.47,-0.01,44,50508,卖盘
598,10:59:36,11.48,0.01,1,1148,买盘
599,10:59:39,11.48,0.0,1,1148,买盘
600,10:59:42,11.48,0.0,1,1148,买盘
601,10:59:48,11.48,0.0,22,25256,买盘
602,11:00:00,11.48,0.0,9,10332,卖盘
603,11:00:06,11.48,0.0,5,5740,买盘
604,11:00:15,11.48,0.0,19,21812,买盘
605,11:00:24,11.48,0.0,22,25276,卖盘
606,11:00:36,11.48,0.0,7,8036,卖盘
607,11:00:39,11.48,0.0,9,10332,卖盘
608,11:00:58,11.49,0.01,1,1149,买盘
609,11:01:09,11.49,0.0,8,9192,买盘
610,11:01:19,11.49,0.0,1,1149,买盘
611,11:01:22,11.49,0.0,5,5745,买盘
612,11:01:30,11.49,0.0,10,11490,买盘
613,11:01:36,11.49,0.0,10,11490,买盘
614,11:01:39,11.49,0.0,21,24129,买盘
615,11:01:43,11.49,0.0,7,8043,买盘
616,11:01:46,11.49,0.0,6,6894,买盘
617,11:01:49,11.49,0.0,8,9192,买盘
618,11:01:51,11.49,0.0,4,4596,买盘
619,11:02:01,11.49,0.0,5,5745,买盘
620,11:02:04,11.49,0.0,13,14937,买盘
621,11:02:16,11.49,0.0,32,36768,买盘
622,11:02:34,11.49,0.0,2,2298,买盘
623,11:02:49,11.48,-0.01,14,16072,卖盘
624,11:02:54,11.48,0.0,25,28700,卖盘
625,11:02:57,11.48,0.0,4,4592,卖盘
626,11:03:01,11.48,0.0,10,11480,卖盘
627,11:03:04,11.48,0.0,5,5740,卖盘
628,11:03:07,11.48,0.0,317,364216,卖盘
629,11:03:10,11.48,0.0,8,9184,卖盘
630,11:03:16,11.48,0.0,7,8037,卖盘
631,11:03:31,11.48,0.0,15,17210,买盘
632,11:03:51,11.49,0.01,1,1149,买盘
633,11:04:01,11.49,0.0,5,5745,买盘
634,11:04:06,11.49,0.0,6,6894,买盘
635,11:04:10,11.48,-0.01,39,44786,卖盘
636,11:04:15,11.49,0.01,14,16086,买盘
637,11:04:18,11.49,0.0,4,4596,买盘
638,11:04:22,11.49,0.0,3,3447,买盘
639,11:04:28,11.49,0.0,4,4596,买盘
640,11:04:34,11.48,-0.01,3,3444,卖盘
641,11:04:40,11.48,0.0,10,11480,买盘
642,11:04:48,11.48,0.0,1,1148,买盘
643,11:04:51,11.48,0.0,1,1148,买盘
644,11:05:09,11.49,0.01,2,2298,买盘
645,11:05:15,11.48,-0.01,2,2296,卖盘
646,11:05:24,11.49,0.01,10,11490,买盘
647,11:05:42,11.49,0.0,47,54003,买盘
648,11:05:46,11.5,0.01,11,12650,买盘
649,11:05:48,11.49,-0.01,2,2298,卖盘
650,11:05:51,11.5,0.01,33,37942,买盘
651,11:07:22,11.5,0.0,2,2300,买盘
652,11:07:42,11.5,0.0,3,3450,买盘
653,11:07:48,11.49,-0.01,4,4596,卖盘
654,11:07:57,11.49,0.0,12,13788,买盘
655,11:08:16,11.5,0.01,50,57500,买盘
656,11:08:21,11.49,-0.01,6,6894,卖盘
657,11:08:24,11.49,0.0,19,21831,卖盘
658,11:08:28,11.49,0.0,1,1149,买盘
659,11:08:33,11.49,0.0,6,6894,买盘
660,11:08:36,11.49,0.0,5,5745,买盘
661,11:08:49,11.49,0.0,1,1149,买盘
662,11:08:52,11.5,0.01,50,57470,买盘
663,11:09:09,11.49,-0.01,1,1149,买盘
664,11:09:12,11.49,0.0,1,1149,买盘
665,11:09:28,11.49,0.0,3,3447,买盘
666,11:09:43,11.49,0.0,2,2298,卖盘
667,11:09:51,11.49,0.0,3,3447,卖盘
668,11:09:55,11.49,0.0,1,1149,卖盘
669,11:10:22,11.49,0.0,5,5745,卖盘
670,11:10:27,11.49,0.0,10,11490,卖盘
671,11:10:40,11.5,0.01,7,8050,买盘
672,11:10:51,11.5,0.0,2,2300,买盘
673,11:11:06,11.49,-0.01,28,32172,卖盘
674,11:11:12,11.49,0.0,4,4596,卖盘
675,11:11:24,11.5,0.01,9,10350,买盘
676,11:11:39,11.49,-0.01,2,2298,卖盘
677,11:11:43,11.49,0.0,36,41374,卖盘
678,11:11:49,11.49,0.0,30,34470,卖盘
679,11:11:57,11.5,0.01,50,57500,买盘
680,11:12:21,11.49,-0.01,5,5745,卖盘
681,11:12:34,11.49,0.0,10,11490,卖盘
682,11:12:45,11.49,0.0,10,11490,卖盘
683,11:12:48,11.5,0.01,36,41400,买盘
684,11:12:58,11.49,-0.01,28,32172,卖盘
685,11:13:27,11.5,0.01,5,5750,买盘
686,11:13:36,11.5,0.0,32,36800,买盘
687,11:13:45,11.49,-0.01,2,2298,卖盘
688,11:13:52,11.49,0.0,50,57450,卖盘
689,11:13:54,11.5,0.01,10,11500,买盘
690,11:14:01,11.49,-0.01,6,6894,卖盘
691,11:14:04,11.49,0.0,2,2298,卖盘
692,11:14:12,11.49,0.0,3,3447,卖盘
693,11:14:36,11.49,0.0,8,9192,买盘
694,11:14:48,11.48,-0.01,24,27552,卖盘
695,11:14:52,11.49,0.01,3,3447,买盘
696,11:15:01,11.49,0.0,1,1149,买盘
697,11:15:25,11.49,0.0,1,1149,买盘
698,11:15:34,11.48,-0.01,30,34440,卖盘
699,11:15:48,11.48,0.0,50,57400,卖盘
700,11:15:52,11.49,0.01,2,2298,买盘
701,11:16:12,11.48,-0.01,71,81508,卖盘
702,11:16:21,11.48,0.0,3,3444,买盘
703,11:16:30,11.48,0.0,3,3444,买盘
704,11:16:48,11.48,0.0,10,11480,买盘
705,11:16:51,11.48,0.0,3,3444,买盘
706,11:16:54,11.48,0.0,2,2296,买盘
707,11:16:57,11.48,0.0,3,3444,买盘
708,11:17:01,11.48,0.0,3,3444,买盘
709,11:17:04,11.48,0.0,3,3444,买盘
710,11:17:06,11.48,0.0,3,3444,买盘
711,11:17:09,11.48,0.0,4,4592,买盘
712,11:17:12,11.48,0.0,5,5740,买盘
713,11:17:37,11.47,-0.01,10,11470,卖盘
714,11:17:48,11.48,0.01,5,5740,买盘
715,11:18:33,11.47,-0.01,50,57350,卖盘
716,11:18:51,11.47,0.0,40,45889,卖盘
717,11:19:00,11.47,0.0,1,1147,买盘
718,11:19:04,11.47,0.0,1,1147,买盘
719,11:19:06,11.48,0.01,23,26402,买盘
720,11:19:10,11.47,-0.01,3,3441,中性盘
721,11:19:13,11.47,0.0,8,9176,买盘
722,11:19:16,11.47,0.0,7,8029,买盘
723,11:19:19,11.47,0.0,16,18352,买盘
724,11:19:22,11.47,0.0,6,6882,买盘
725,11:19:25,11.47,0.0,4,4588,买盘
726,11:19:54,11.47,0.0,5,5735,买盘
727,11:20:48,11.47,0.0,50,57350,买盘
728,11:21:03,11.47,0.0,10,11470,买盘
729,11:21:10,11.48,0.01,4,4591,买盘
730,11:21:33,11.48,0.0,11,12628,买盘
731,11:21:58,11.48,0.0,6,6888,买盘
732,11:22:00,11.47,-0.01,8,9176,卖盘
733,11:23:30,11.48,0.01,11,12623,买盘
734,11:24:06,11.48,0.0,3,3444,买盘
735,11:24:54,11.48,0.0,87,99876,买盘
736,11:25:12,11.49,0.01,62,71238,买盘
737,11:25:18,11.49,0.0,4,4596,买盘
738,11:25:43,11.49,0.0,10,11490,买盘
739,11:25:51,11.5,0.01,155,178235,买盘
740,11:25:54,11.5,0.0,3,3450,买盘
741,11:26:04,11.5,0.0,4,4600,买盘
742,11:26:06,11.5,0.0,1,1150,买盘
743,11:26:09,11.5,0.0,1,1150,买盘
744,11:26:51,11.5,0.0,30,34500,买盘
745,11:26:54,11.5,0.0,1,1150,买盘
746,11:27:06,11.5,0.0,2,2300,买盘
747,11:27:09,11.48,-0.02,3,3444,卖盘
748,11:27:34,11.48,0.0,2,2296,卖盘
749,11:28:00,11.49,0.01,6,6894,买盘
750,11:28:18,11.49,0.0,5,5745,买盘
751,11:28:21,11.49,0.0,4,4596,买盘
752,11:28:37,11.49,0.0,7,8043,买盘
753,11:28:57,11.48,-0.01,2,2296,卖盘
754,11:29:00,11.49,0.01,1,1149,买盘
755,11:29:25,11.49,0.0,21,24129,买盘
756,11:29:30,11.49,0.0,2,2298,卖盘
757,11:29:51,11.5,0.01,31,35650,买盘
758,11:29:54,11.49,-0.01,10,11490,卖盘
759,13:00:01,11.5,0.01,15,17250,买盘
760,13:00:04,11.5,0.0,149,171350,买盘
761,13:00:07,11.5,0.0,5,5750,买盘
762,13:00:10,11.5,0.0,64,73600,买盘
763,13:00:21,11.51,0.01,10,11510,买盘
764,13:00:24,11.51,0.0,21,24171,买盘
765,13:00:33,11.51,0.0,21,24171,买盘
766,13:00:45,11.51,0.0,12,13812,买盘
767,13:01:24,11.51,0.0,23,26473,买盘
768,13:01:30,11.51,0.0,10,11510,买盘
769,13:02:16,11.5,-0.01,5,5750,卖盘
770,13:02:27,11.5,0.0,30,34500,卖盘
771,13:02:36,11.5,0.0,12,13800,卖盘
772,13:02:54,11.5,0.0,2,2300,卖盘
773,13:03:04,11.5,0.0,12,13800,卖盘
774,13:03:07,11.5,0.0,2,2300,买盘
775,13:03:18,11.5,0.0,10,11500,买盘
776,13:03:36,11.49,-0.01,22,25278,卖盘
777,13:04:04,11.51,0.02,15,17259,买盘
778,13:04:21,11.51,0.0,19,21856,买盘
779,13:04:24,11.51,0.0,1,1151,买盘
780,13:04:28,11.51,0.0,12,13812,买盘
781,13:04:42,11.51,0.0,1,1151,买盘
782,13:04:45,11.51,0.0,13,14963,买盘
783,13:04:51,11.5,-0.01,1,1150,卖盘
784,13:04:57,11.5,0.0,6,6900,卖盘
785,13:05:21,11.51,0.01,36,41436,买盘
786,13:05:39,11.51,0.0,5,5755,买盘
787,13:06:10,11.51,0.0,10,11510,买盘
788,13:06:16,11.51,0.0,19,21869,卖盘
789,13:06:30,11.51,0.0,24,27624,买盘
790,13:07:09,11.51,0.0,1,1151,买盘
791,13:07:21,11.51,0.0,1,1151,买盘
792,13:07:48,11.51,0.0,14,16114,买盘
793,13:07:57,11.51,0.0,15,17265,买盘
794,13:08:48,11.51,0.0,29,33379,买盘
795,13:09:24,11.52,0.01,4,4608,买盘
796,13:09:33,11.52,0.0,62,71424,买盘
797,13:09:36,11.52,0.0,6,6912,买盘
798,13:09:39,11.52,0.0,3,3456,买盘
799,13:09:42,11.52,0.0,15,17279,买盘
800,13:09:46,11.52,0.0,13,14976,买盘
801,13:09:49,11.53,0.01,81,93359,买盘
802,13:09:51,11.53,0.0,1,1153,买盘
803,13:10:04,11.54,0.01,18,20770,买盘
804,13:10:07,11.53,-0.01,10,11530,中性盘
805,13:10:18,11.54,0.01,1,1154,买盘
806,13:10:27,11.54,0.0,9,10386,买盘
807,13:10:39,11.54,0.0,54,62316,买盘
808,13:10:43,11.54,0.0,4,4616,买盘
809,13:10:55,11.53,-0.01,5,5765,卖盘
810,13:11:00,11.53,0.0,10,11530,卖盘
811,13:11:06,11.53,0.0,10,11530,卖盘
812,13:11:13,11.54,0.01,20,23080,买盘
813,13:11:24,11.53,-0.01,3,3459,卖盘
814,13:11:28,11.53,0.0,10,11530,卖盘
815,13:11:31,11.53,0.0,2,2306,卖盘
816,13:11:34,11.53,0.0,8,9224,卖盘
817,13:11:36,11.54,0.01,63,72702,买盘
818,13:11:39,11.53,-0.01,6,6918,卖盘
819,13:11:42,11.53,0.0,6,6918,卖盘
820,13:11:58,11.53,0.0,8,9224,买盘
821,13:12:10,11.53,0.0,7,8071,买盘
822,13:12:13,11.53,0.0,17,19594,买盘
823,13:12:16,11.53,0.0,3,3459,买盘
824,13:12:21,11.53,0.0,10,11530,卖盘
825,13:12:27,11.53,0.0,6,6918,卖盘
826,13:12:31,11.53,0.0,10,11530,卖盘
827,13:12:40,11.54,0.01,5,5767,买盘
828,13:12:49,11.53,-0.01,1,1153,卖盘
829,13:12:51,11.54,0.01,3,3462,买盘
830,13:13:01,11.53,-0.01,9,10377,卖盘
831,13:13:12,11.53,0.0,6,6918,买盘
832,13:13:18,11.53,0.0,9,10377,卖盘
833,13:13:39,11.53,0.0,16,18448,买盘
834,13:13:52,11.52,-0.01,2,2304,卖盘
835,13:14:19,11.52,0.0,4,4608,卖盘
836,13:14:25,11.52,0.0,7,8064,买盘
837,13:15:01,11.52,0.0,22,25344,买盘
838,13:15:04,11.52,0.0,12,13824,买盘
839,13:15:07,11.52,0.0,1,1152,买盘
840,13:15:15,11.52,0.0,1,1152,买盘
841,13:15:27,11.52,0.0,9,10368,卖盘
842,13:15:36,11.52,0.0,1,1152,买盘
843,13:15:49,11.52,0.0,26,29952,卖盘
844,13:16:00,11.52,0.0,112,129024,买盘
845,13:16:15,11.52,0.0,9,10368,买盘
846,13:16:36,11.52,0.0,22,25344,卖盘
847,13:17:19,11.52,0.0,8,9216,卖盘
848,13:17:40,11.53,0.01,32,36896,买盘
849,13:17:52,11.53,0.0,8,9224,买盘
850,13:17:54,11.53,0.0,8,9224,买盘
851,13:17:57,11.53,0.0,15,17295,买盘
852,13:18:00,11.53,0.0,11,12683,买盘
853,13:18:12,11.53,0.0,5,5765,卖盘
854,13:18:19,11.53,0.0,11,12683,卖盘
855,13:18:33,11.53,0.0,10,11530,卖盘
856,13:18:37,11.53,0.0,5,5765,卖盘
857,13:18:46,11.53,0.0,20,23060,卖盘
858,13:18:48,11.53,0.0,7,8071,卖盘
859,13:18:52,11.53,0.0,1,1153,卖盘
860,13:18:54,11.53,0.0,12,13836,卖盘
861,13:18:57,11.53,0.0,1,1153,卖盘
862,13:19:00,11.53,0.0,6,6918,卖盘
863,13:19:04,11.53,0.0,22,25366,卖盘
864,13:19:06,11.52,-0.01,10,11520,卖盘
865,13:19:43,11.52,0.0,11,12672,卖盘
866,13:19:49,11.52,0.0,1,1152,买盘
867,13:19:57,11.52,0.0,20,23040,卖盘
868,13:20:06,11.52,0.0,2,2304,卖盘
869,13:20:16,11.52,0.0,6,6912,卖盘
870,13:20:33,11.51,-0.01,9,10359,卖盘
871,13:20:49,11.51,0.0,12,13812,卖盘
872,13:20:55,11.52,0.01,1,1152,买盘
873,13:20:57,11.51,-0.01,15,17265,卖盘
874,13:21:03,11.5,-0.01,151,173650,卖盘
875,13:21:16,11.5,0.0,14,16100,卖盘
876,13:21:31,11.5,0.0,3,3450,卖盘
877,13:21:37,11.5,0.0,7,8050,卖盘
878,13:21:40,11.51,0.01,8,9208,买盘
879,13:21:51,11.5,-0.01,29,33350,卖盘
880,13:22:00,11.51,0.01,49,56399,买盘
881,13:22:06,11.5,-0.01,8,9200,卖盘
882,13:22:21,11.5,0.0,14,16100,卖盘
883,13:22:33,11.52,0.02,11,12672,买盘
884,13:22:42,11.52,0.0,7,8064,买盘
885,13:22:52,11.52,0.0,56,64512,买盘
886,13:23:21,11.52,0.0,54,62208,买盘
887,13:23:33,11.52,0.0,41,47232,卖盘
888,13:24:31,11.52,0.0,10,11520,买盘
889,13:24:39,11.52,0.0,4,4608,买盘
890,13:25:12,11.5,-0.02,6,6900,卖盘
891,13:25:27,11.5,0.0,6,6900,卖盘
892,13:26:09,11.51,0.01,8,9208,卖盘
893,13:26:30,11.51,0.0,3,3453,卖盘
894,13:26:37,11.52,0.01,1,1152,买盘
895,13:27:10,11.51,-0.01,10,11510,卖盘
896,13:27:22,11.51,0.0,8,9208,卖盘
897,13:27:25,11.51,0.0,45,51795,卖盘
898,13:27:33,11.5,-0.01,4,4600,卖盘
899,13:27:36,11.51,0.01,5,5755,买盘
900,13:27:48,11.51,0.0,5,5755,买盘
901,13:27:57,11.51,0.0,17,19567,卖盘
902,13:28:24,11.5,-0.01,62,71300,卖盘
903,13:28:31,11.5,0.0,9,10350,买盘
904,13:29:31,11.49,-0.01,1,1149,卖盘
905,13:29:57,11.49,0.0,3,3447,卖盘
906,13:30:13,11.49,0.0,2,2298,卖盘
907,13:30:15,11.49,0.0,8,9192,卖盘
908,13:30:25,11.49,0.0,2,2298,卖盘
909,13:30:30,11.49,0.0,4,4596,卖盘
910,13:31:21,11.49,0.0,3,3447,卖盘
911,13:32:04,11.5,0.01,1,1150,买盘
912,13:32:12,11.5,0.0,14,16100,买盘
913,13:32:15,11.5,0.0,12,13800,买盘
914,13:32:31,11.5,0.0,3,3450,买盘
915,13:32:37,11.5,0.0,9,10350,买盘
916,13:32:54,11.49,-0.01,10,11490,卖盘
917,13:32:57,11.5,0.01,50,57500,买盘
918,13:33:04,11.49,-0.01,21,24129,卖盘
919,13:33:30,11.49,0.0,12,13788,卖盘
920,13:33:43,11.49,0.0,10,11490,卖盘
921,13:33:45,11.5,0.01,4,4600,买盘
922,13:33:57,11.49,-0.01,19,21831,卖盘
923,13:34:07,11.49,0.0,4,4596,卖盘
924,13:34:12,11.49,0.0,46,52854,卖盘
925,13:34:25,11.5,0.01,30,34500,买盘
926,13:34:27,11.49,-0.01,10,11490,卖盘
927,13:34:30,11.49,0.0,2,2298,卖盘
928,13:34:40,11.49,0.0,2,2298,卖盘
929,13:34:46,11.49,0.0,4,4596,卖盘
930,13:34:49,11.49,0.0,14,16086,卖盘
931,13:34:55,11.49,0.0,20,22980,卖盘
932,13:35:13,11.48,-0.01,17,19516,卖盘
933,13:35:18,11.48,0.0,5,5740,卖盘
934,13:35:21,11.49,0.01,4,4596,买盘
935,13:35:49,11.48,-0.01,9,10332,卖盘
936,13:35:55,11.48,0.0,10,11480,卖盘
937,13:36:03,11.48,0.0,2,2296,卖盘
938,13:36:09,11.48,0.0,11,12628,卖盘
939,13:36:45,11.47,-0.01,8,9176,卖盘
940,13:36:58,11.47,0.0,23,26381,卖盘
941,13:37:06,11.47,0.0,3,3441,卖盘
942,13:37:09,11.48,0.01,3,3444,买盘
943,13:37:13,11.49,0.01,6,6888,买盘
944,13:37:22,11.47,-0.02,20,22940,卖盘
945,13:38:33,11.47,0.0,15,17205,卖盘
946,13:39:07,11.48,0.01,1,1148,买盘
947,13:39:13,11.47,-0.01,2,2294,卖盘
948,13:40:12,11.47,0.0,1,1147,卖盘
949,13:40:46,11.49,0.02,9,10334,买盘
950,13:41:04,11.49,0.0,1,1149,买盘
951,13:41:06,11.47,-0.02,12,13775,卖盘
952,13:42:13,11.48,0.01,15,17220,买盘
953,13:42:22,11.48,0.0,4,4592,买盘
954,13:42:28,11.47,-0.01,30,34410,卖盘
955,13:42:34,11.48,0.01,10,11480,买盘
956,13:43:06,11.48,0.0,1,1148,卖盘
957,13:43:09,11.48,0.0,7,8036,卖盘
958,13:43:19,11.48,0.0,49,56272,卖盘
959,13:43:27,11.47,-0.01,14,16062,卖盘
960,13:44:45,11.48,0.01,15,17220,卖盘
961,13:44:54,11.48,0.0,15,17220,卖盘
962,13:45:01,11.48,0.0,9,10332,卖盘
963,13:45:19,11.49,0.01,7,8043,买盘
964,13:45:52,11.48,-0.01,20,22960,卖盘
965,13:46:01,11.48,0.0,8,9184,卖盘
966,13:46:13,11.47,-0.01,5,5735,卖盘
967,13:46:21,11.47,0.0,5,5735,卖盘
968,13:46:33,11.47,0.0,22,25234,卖盘
969,13:46:46,11.48,0.01,10,11480,买盘
970,13:46:48,11.48,0.0,4,4592,买盘
971,13:46:51,11.48,0.0,6,6888,买盘
972,13:48:31,11.48,0.0,6,6888,卖盘
973,13:48:39,11.48,0.0,26,29848,卖盘
974,13:49:01,11.48,0.0,5,5740,买盘
975,13:49:55,11.48,0.0,12,13776,买盘
976,13:50:04,11.48,0.0,5,5740,卖盘
977,13:50:30,11.48,0.0,3,3444,卖盘
978,13:50:36,11.48,0.0,7,8036,买盘
979,13:50:39,11.47,-0.01,5,5735,卖盘
980,13:50:45,11.48,0.01,20,22962,买盘
981,13:50:54,11.48,0.0,4,4592,卖盘
982,13:51:12,11.47,-0.01,2,2294,卖盘
983,13:51:24,11.48,0.01,5,5740,买盘
984,13:51:27,11.48,0.0,1,1148,买盘
985,13:51:34,11.47,-0.01,1,1147,卖盘
986,13:51:49,11.48,0.01,5,5737,买盘
987,13:52:06,11.48,0.0,1,1148,卖盘
988,13:52:21,11.48,0.0,2,2296,买盘
989,13:52:42,11.47,-0.01,6,6882,卖盘
990,13:53:30,11.48,0.01,56,64288,买盘
991,13:53:33,11.48,0.0,4,4592,买盘
992,13:53:36,11.48,0.0,14,16072,买盘
993,13:53:39,11.48,0.0,5,5740,买盘
994,13:54:07,11.48,0.0,4,4592,卖盘
995,13:54:28,11.49,0.01,5,5745,买盘
996,13:54:48,11.49,0.0,34,39066,买盘
997,13:54:51,11.48,-0.01,8,9184,卖盘
998,13:54:58,11.48,0.0,11,12628,卖盘
999,13:56:21,11.48,0.0,40,45920,卖盘
1000,13:56:51,11.48,0.0,15,17220,卖盘
1001,13:56:55,11.48,0.0,2,2296,卖盘
1002,13:56:58,11.49,0.01,50,57450,买盘
1003,13:57:22,11.48,-0.01,1,1148,卖盘
1004,13:57:37,11.49,0.01,1,1149,买盘
1005,13:58:33,11.49,0.0,63,72387,买盘
1006,13:59:04,11.48,-0.01,3,3444,卖盘
1007,13:59:33,11.49,0.01,6,6894,买盘
1008,13:59:36,11.49,0.0,4,4596,买盘
1009,13:59:39,11.48,-0.01,4,4595,卖盘
1010,13:59:42,11.49,0.01,4,4596,买盘
1011,13:59:45,11.49,0.0,2,2298,买盘
1012,13:59:52,11.48,-0.01,5,5744,卖盘
1013,14:00:19,11.48,0.0,11,12628,卖盘
1014,14:00:55,11.48,0.0,8,9184,卖盘
1015,14:01:10,11.48,0.0,13,14927,卖盘
1016,14:01:13,11.49,0.01,1,1149,买盘
1017,14:01:16,11.49,0.0,2,2298,买盘
1018,14:01:18,11.49,0.0,2,2298,买盘
1019,14:01:21,11.49,0.0,1,1149,买盘
1020,14:01:24,11.49,0.0,6,6894,买盘
1021,14:01:39,11.49,0.0,2,2298,卖盘
1022,14:01:49,11.49,0.0,1,1149,卖盘
1023,14:01:55,11.5,0.01,1,1150,买盘
1024,14:02:00,11.49,-0.01,1,1149,卖盘
1025,14:02:04,11.49,0.0,23,26427,买盘
1026,14:02:09,11.49,0.0,1,1149,买盘
1027,14:02:16,11.49,0.0,15,17235,买盘
1028,14:02:24,11.49,0.0,5,5745,买盘
1029,14:02:27,11.49,0.0,5,5745,买盘
1030,14:02:33,11.5,0.01,2,2300,买盘
1031,14:03:19,11.5,0.0,6,6900,买盘
1032,14:03:57,11.49,-0.01,2,2298,卖盘
1033,14:04:07,11.49,0.0,18,20682,卖盘
1034,14:04:24,11.48,-0.01,4,4592,卖盘
1035,14:04:30,11.49,0.01,32,36768,买盘
1036,14:04:37,11.49,0.0,7,8043,卖盘
1037,14:04:39,11.49,0.0,4,4596,买盘
1038,14:05:16,11.49,0.0,9,10341,卖盘
1039,14:05:24,11.49,0.0,29,33321,买盘
1040,14:05:42,11.49,0.0,5,5745,卖盘
1041,14:05:57,11.5,0.01,55,63250,买盘
1042,14:06:04,11.5,0.0,4,4600,买盘
1043,14:06:09,11.5,0.0,58,66700,买盘
1044,14:06:12,11.5,0.0,1,1150,买盘
1045,14:06:15,11.5,0.0,17,19550,买盘
1046,14:06:18,11.5,0.0,1,1150,买盘
1047,14:06:21,11.5,0.0,2,2300,买盘
1048,14:06:43,11.5,0.0,149,171350,买盘
1049,14:06:48,11.5,0.0,68,78200,卖盘
1050,14:06:51,11.51,0.01,10,11510,买盘
1051,14:07:04,11.51,0.0,48,55248,卖盘
1052,14:07:06,11.52,0.01,63,72524,买盘
1053,14:07:12,11.52,0.0,78,89856,买盘
1054,14:07:24,11.52,0.0,23,26496,买盘
1055,14:07:31,11.52,0.0,5,5760,买盘
1056,14:07:51,11.52,0.0,4,4608,买盘
1057,14:08:01,11.51,-0.01,1,1151,卖盘
1058,14:08:07,11.51,0.0,41,47227,卖盘
1059,14:08:10,11.52,0.01,2,2304,买盘
1060,14:08:13,11.51,-0.01,10,11510,卖盘
1061,14:08:33,11.52,0.01,1,1152,买盘
1062,14:08:48,11.51,-0.01,5,5755,卖盘
1063,14:09:01,11.51,0.0,1,1151,卖盘
1064,14:09:12,11.51,0.0,5,5755,卖盘
1065,14:09:25,11.51,0.0,15,17265,卖盘
1066,14:09:49,11.51,0.0,10,11510,卖盘
1067,14:09:52,11.52,0.01,2,2304,买盘
1068,14:09:55,11.51,-0.01,1,1151,卖盘
1069,14:10:15,11.51,0.0,50,57550,卖盘
1070,14:10:19,11.51,0.0,8,9208,卖盘
1071,14:10:55,11.51,0.0,1,1151,卖盘
1072,14:10:58,11.51,0.0,10,11510,卖盘
1073,14:11:04,11.51,0.0,9,10359,卖盘
1074,14:11:06,11.51,0.0,3,3453,卖盘
1075,14:11:34,11.51,0.0,7,8057,卖盘
1076,14:11:37,11.52,0.01,10,11511,买盘
1077,14:11:39,11.52,0.0,10,11520,买盘
1078,14:11:54,11.5,-0.02,1,1150,卖盘
1079,14:12:09,11.51,0.01,7,8057,买盘
1080,14:12:54,11.52,0.01,1,1152,买盘
1081,14:14:09,11.51,-0.01,15,17265,买盘
1082,14:14:15,11.51,0.0,17,19567,买盘
1083,14:14:25,11.51,0.0,1,1151,卖盘
1084,14:14:27,11.51,0.0,20,23020,买盘
1085,14:14:51,11.51,0.0,20,23020,买盘
1086,14:14:54,11.51,0.0,1,1151,买盘
1087,14:15:06,11.52,0.01,1,1152,买盘
1088,14:15:16,11.51,-0.01,5,5755,卖盘
1089,14:16:09,11.52,0.01,45,51816,买盘
1090,14:16:27,11.52,0.0,202,232693,买盘
1091,14:16:46,11.52,0.0,9,10368,买盘
1092,14:17:04,11.53,0.01,242,279016,买盘
1093,14:17:12,11.53,0.0,16,18448,买盘
1094,14:17:15,11.54,0.01,16,18456,买盘
1095,14:17:18,11.53,-0.01,10,11530,卖盘
1096,14:17:22,11.54,0.01,20,23070,买盘
1097,14:17:25,11.53,-0.01,51,58824,卖盘
1098,14:17:27,11.54,0.01,89,102704,买盘
1099,14:17:36,11.54,0.0,48,55392,买盘
1100,14:17:43,11.54,0.0,10,11540,买盘
1101,14:17:46,11.54,0.0,43,49622,买盘
1102,14:17:49,11.54,0.0,3,3462,买盘
1103,14:17:51,11.55,0.01,202,233111,买盘
1104,14:17:57,11.55,0.0,12,13860,买盘
1105,14:18:00,11.55,0.0,61,70455,买盘
1106,14:18:03,11.55,0.0,17,19633,买盘
1107,14:18:06,11.55,0.0,100,115500,买盘
1108,14:18:18,11.56,0.01,30,34675,买盘
1109,14:18:21,11.56,0.0,17,19633,买盘
1110,14:18:24,11.55,-0.01,15,17325,买盘
1111,14:18:27,11.57,0.02,150,173339,买盘
1112,14:18:31,11.56,-0.01,10,11560,中性盘
1113,14:18:34,11.57,0.01,4,4628,买盘
1114,14:18:52,11.56,-0.01,4,4624,买盘
1115,14:18:58,11.57,0.01,23,26611,买盘
1116,14:19:04,11.57,0.0,50,57850,买盘
1117,14:19:09,11.57,0.0,124,143468,买盘
1118,14:19:12,11.57,0.0,6,6942,买盘
1119,14:19:15,11.57,0.0,22,25454,卖盘
1120,14:19:22,11.57,0.0,8,9256,卖盘
1121,14:19:25,11.57,0.0,17,19669,买盘
1122,14:19:31,11.57,0.0,72,83304,卖盘
1123,14:19:37,11.57,0.0,7,8099,买盘
1124,14:19:39,11.57,0.0,43,49751,买盘
1125,14:19:45,11.57,0.0,21,24297,卖盘
1126,14:19:54,11.57,0.0,19,21983,卖盘
1127,14:19:57,11.57,0.0,4,4628,卖盘
1128,14:20:01,11.57,0.0,15,17355,卖盘
1129,14:20:07,11.57,0.0,9,10413,卖盘
1130,14:20:12,11.57,0.0,33,38181,卖盘
1131,14:20:16,11.57,0.0,7,8099,买盘
1132,14:20:24,11.56,-0.01,8,9248,卖盘
1133,14:20:27,11.56,0.0,9,10404,卖盘
1134,14:20:34,11.56,0.0,15,17345,卖盘
1135,14:20:37,11.57,0.01,11,12726,买盘
1136,14:20:40,11.56,-0.01,9,10404,卖盘
1137,14:20:42,11.55,-0.01,26,30030,卖盘
1138,14:20:58,11.55,0.0,24,27720,卖盘
1139,14:21:00,11.55,0.0,11,12705,买盘
1140,14:21:03,11.55,0.0,8,9240,买盘
1141,14:21:10,11.55,0.0,2,2310,买盘
1142,14:21:15,11.54,-0.01,6,6924,卖盘
1143,14:21:21,11.55,0.01,1,1155,买盘
1144,14:21:25,11.54,-0.01,39,45006,卖盘
1145,14:21:48,11.54,0.0,4,4616,买盘
1146,14:22:07,11.54,0.0,13,15002,买盘
1147,14:22:24,11.54,0.0,36,41544,买盘
1148,14:22:34,11.54,0.0,2,2308,买盘
1149,14:22:43,11.53,-0.01,20,23074,卖盘
1150,14:22:58,11.55,0.02,47,54285,买盘
1151,14:23:04,11.55,0.0,5,5775,买盘
1152,14:23:31,11.55,0.0,10,11550,买盘
1153,14:23:37,11.54,-0.01,18,20772,卖盘
1154,14:23:45,11.54,0.0,9,10386,卖盘
1155,14:23:54,11.54,0.0,5,5770,卖盘
1156,14:24:01,11.55,0.01,11,12695,买盘
1157,14:24:18,11.54,-0.01,5,5770,卖盘
1158,14:24:46,11.55,0.01,10,11550,买盘
1159,14:24:48,11.54,-0.01,20,23080,卖盘
1160,14:25:04,11.53,-0.01,18,20754,卖盘
1161,14:25:16,11.54,0.01,3,3462,买盘
1162,14:25:46,11.53,-0.01,24,27672,卖盘
1163,14:25:54,11.51,-0.02,17,19568,卖盘
1164,14:26:07,11.51,0.0,4,4604,卖盘
1165,14:26:10,11.5,-0.01,53,60960,卖盘
1166,14:26:15,11.51,0.01,1,1151,买盘
1167,14:26:31,11.51,0.0,3,3453,买盘
1168,14:26:36,11.51,0.0,11,12655,买盘
1169,14:27:15,11.53,0.02,12,13836,买盘
1170,14:28:07,11.53,0.0,9,10373,买盘
1171,14:28:13,11.52,-0.01,9,10368,卖盘
1172,14:28:31,11.52,0.0,44,50688,卖盘
1173,14:28:34,11.53,0.01,17,19585,买盘
1174,14:28:52,11.53,0.0,7,8071,买盘
1175,14:29:46,11.52,-0.01,17,19584,买盘
1176,14:29:57,11.51,-0.01,34,39134,卖盘
1177,14:30:09,11.51,0.0,104,119704,买盘
1178,14:30:13,11.52,0.01,84,96768,买盘
1179,14:30:16,11.52,0.0,1,1152,买盘
1180,14:30:21,11.51,-0.01,5,5755,卖盘
1181,14:30:24,11.52,0.01,5,5760,买盘
1182,14:30:43,11.52,0.0,1,1152,买盘
1183,14:30:45,11.51,-0.01,7,8057,卖盘
1184,14:31:22,11.51,0.0,1,1151,卖盘
1185,14:31:34,11.51,0.0,3,3453,卖盘
1186,14:31:37,11.51,0.0,2,2302,卖盘
1187,14:31:45,11.51,0.0,19,21869,卖盘
1188,14:31:48,11.52,0.01,6,6912,买盘
1189,14:32:18,11.52,0.0,8,9216,买盘
1190,14:32:24,11.52,0.0,1,1152,买盘
1191,14:32:27,11.51,-0.01,7,8057,卖盘
1192,14:32:31,11.52,0.01,47,54144,买盘
1193,14:32:58,11.52,0.0,2,2303,买盘
1194,14:33:01,11.51,-0.01,10,11510,卖盘
1195,14:33:06,11.51,0.0,2,2302,卖盘
1196,14:33:13,11.52,0.01,83,95616,买盘
1197,14:33:19,11.52,0.0,20,23040,买盘
1198,14:33:27,11.51,-0.01,70,80570,卖盘
1199,14:33:58,11.52,0.01,5,5760,买盘
1200,14:34:01,11.51,-0.01,32,36832,卖盘
1201,14:34:45,11.51,0.0,2,2302,中性盘
1202,14:34:52,11.51,0.0,2,2302,买盘
1203,14:35:01,11.51,0.0,2,2302,买盘
1204,14:35:16,11.52,0.01,1,1152,买盘
1205,14:35:39,11.5,-0.02,19,21850,卖盘
1206,14:35:52,11.51,0.01,3,3453,中性盘
1207,14:35:55,11.5,-0.01,5,5750,卖盘
1208,14:36:30,11.51,0.01,16,18416,买盘
1209,14:36:46,11.51,0.0,3,3453,卖盘
1210,14:36:48,11.51,0.0,30,34530,卖盘
1211,14:36:51,11.52,0.01,11,12672,买盘
1212,14:36:54,11.51,-0.01,5,5755,卖盘
1213,14:37:06,11.52,0.01,150,172800,买盘
1214,14:37:18,11.52,0.0,1,1152,买盘
1215,14:37:22,11.51,-0.01,1,1151,卖盘
1216,14:37:25,11.52,0.01,26,29952,买盘
1217,14:37:33,11.53,0.01,11,12673,买盘
1218,14:37:42,11.52,-0.01,9,10368,卖盘
1219,14:37:55,11.53,0.01,1,1153,买盘
1220,14:38:34,11.52,-0.01,2,2304,卖盘
1221,14:38:37,11.52,0.0,1,1152,卖盘
1222,14:38:40,11.52,0.0,36,41494,卖盘
1223,14:39:06,11.52,0.0,25,28800,买盘
1224,14:39:18,11.52,0.0,15,17280,卖盘
1225,14:39:28,11.53,0.01,12,13829,买盘
1226,14:39:42,11.53,0.0,122,140666,买盘
1227,14:39:51,11.53,0.0,2,2306,卖盘
1228,14:40:07,11.54,0.01,12,13848,买盘
1229,14:40:13,11.54,0.0,5,5770,买盘
1230,14:40:21,11.54,0.0,116,133864,买盘
1231,14:40:28,11.54,0.0,10,11540,卖盘
1232,14:40:31,11.54,0.0,6,6924,卖盘
1233,14:40:34,11.54,0.0,6,6924,卖盘
1234,14:40:36,11.54,0.0,1,1154,买盘
1235,14:40:43,11.54,0.0,3,3462,卖盘
1236,14:40:45,11.55,0.01,16,18480,买盘
1237,14:40:58,11.54,-0.01,70,80810,卖盘
1238,14:41:01,11.54,0.0,6,6924,卖盘
1239,14:41:07,11.54,0.0,4,4616,买盘
1240,14:41:16,11.54,0.0,50,57700,买盘
1241,14:41:18,11.54,0.0,11,12694,卖盘
1242,14:41:24,11.54,0.0,12,13848,买盘
1243,14:41:28,11.54,0.0,10,11540,买盘
1244,14:41:33,11.53,-0.01,18,20767,卖盘
1245,14:41:51,11.53,0.0,4,4612,卖盘
1246,14:42:04,11.53,0.0,10,11530,卖盘
1247,14:42:06,11.53,0.0,55,63415,卖盘
1248,14:42:16,11.54,0.01,30,34620,买盘
1249,14:42:37,11.54,0.0,5,5770,买盘
1250,14:42:43,11.54,0.0,2,2308,买盘
1251,14:42:48,11.53,-0.01,5,5765,卖盘
1252,14:42:51,11.54,0.01,10,11540,买盘
1253,14:43:01,11.53,-0.01,2,2306,卖盘
1254,14:43:04,11.53,0.0,36,41508,卖盘
1255,14:43:15,11.53,0.0,2,2306,卖盘
1256,14:43:22,11.53,0.0,12,13836,卖盘
1257,14:43:52,11.52,-0.01,4,4608,卖盘
1258,14:43:57,11.53,0.01,75,86475,买盘
1259,14:44:01,11.53,0.0,12,13836,卖盘
1260,14:44:10,11.53,0.0,1,1153,卖盘
1261,14:44:12,11.54,0.01,12,13848,买盘
1262,14:44:16,11.53,-0.01,11,12683,卖盘
1263,14:44:24,11.53,0.0,1,1153,卖盘
1264,14:45:07,11.52,-0.01,5,5760,卖盘
1265,14:45:13,11.52,0.0,3,3456,卖盘
1266,14:45:40,11.53,0.01,10,11530,买盘
1267,14:45:54,11.53,0.0,22,25366,买盘
1268,14:46:10,11.53,0.0,134,154502,买盘
1269,14:46:13,11.53,0.0,10,11530,卖盘
1270,14:46:19,11.53,0.0,76,87628,卖盘
1271,14:46:22,11.52,-0.01,44,50688,卖盘
1272,14:46:24,11.53,0.01,4,4612,买盘
1273,14:46:30,11.53,0.0,1,1153,买盘
1274,14:46:34,11.54,0.01,62,71529,买盘
1275,14:46:43,11.52,-0.02,3,3456,卖盘
1276,14:47:07,11.52,0.0,18,20736,卖盘
1277,14:47:22,11.52,0.0,36,41493,卖盘
1278,14:47:46,11.53,0.01,10,11530,买盘
1279,14:47:48,11.53,0.0,3,3459,卖盘
1280,14:47:54,11.53,0.0,3,3459,买盘
1281,14:48:06,11.53,0.0,35,40355,卖盘
1282,14:48:09,11.53,0.0,14,16142,卖盘
1283,14:48:16,11.52,-0.01,75,86400,卖盘
1284,14:48:18,11.53,0.01,11,12683,买盘
1285,14:48:25,11.53,0.0,17,19601,买盘
1286,14:48:33,11.53,0.0,15,17295,买盘
1287,14:48:45,11.52,-0.01,6,6912,卖盘
1288,14:48:58,11.53,0.01,10,11530,买盘
1289,14:49:01,11.52,-0.01,10,11520,卖盘
1290,14:49:16,11.52,0.0,11,12678,卖盘
1291,14:49:25,11.53,0.01,90,103770,买盘
1292,14:49:28,11.53,0.0,39,44967,卖盘
1293,14:49:31,11.53,0.0,30,34590,卖盘
1294,14:49:48,11.54,0.01,1,1154,买盘
1295,14:49:52,11.53,-0.01,26,29986,卖盘
1296,14:49:55,11.53,0.0,23,26519,卖盘
1297,14:49:58,11.53,0.0,2,2306,买盘
1298,14:50:04,11.53,0.0,10,11530,买盘
1299,14:50:07,11.52,-0.01,9,10373,卖盘
1300,14:50:13,11.53,0.01,75,86475,买盘
1301,14:50:18,11.54,0.01,6,6924,买盘
1302,14:50:25,11.53,-0.01,3,3459,卖盘
1303,14:50:31,11.54,0.01,6,6924,买盘
1304,14:50:43,11.54,0.0,70,80780,买盘
1305,14:50:46,11.53,-0.01,8,9224,卖盘
1306,14:50:49,11.54,0.01,1,1154,买盘
1307,14:50:58,11.54,0.0,6,6924,买盘
1308,14:51:01,11.54,0.0,7,8078,买盘
1309,14:51:12,11.53,-0.01,9,10377,卖盘
1310,14:51:30,11.53,0.0,84,96911,卖盘
1311,14:51:34,11.54,0.01,126,145404,买盘
1312,14:51:36,11.54,0.0,20,23080,卖盘
1313,14:51:43,11.54,0.0,21,24234,卖盘
1314,14:51:45,11.55,0.01,1,1155,买盘
1315,14:51:48,11.54,-0.01,1,1154,卖盘
1316,14:51:51,11.53,-0.01,163,187960,卖盘
1317,14:51:54,11.54,0.01,13,15002,中性盘
1318,14:52:06,11.54,0.0,5,5770,买盘
1319,14:52:09,11.54,0.0,8,9232,买盘
1320,14:52:12,11.54,0.0,3,3462,买盘
1321,14:52:15,11.54,0.0,40,46140,买盘
1322,14:52:18,11.54,0.0,41,47314,买盘
1323,14:52:22,11.54,0.0,4,4616,买盘
1324,14:52:28,11.53,-0.01,2,2306,卖盘
1325,14:52:34,11.54,0.01,40,46160,买盘
1326,14:52:40,11.54,0.0,4,4616,买盘
1327,14:52:49,11.53,-0.01,7,8071,卖盘
1328,14:52:55,11.53,0.0,7,8071,卖盘
1329,14:53:01,11.53,0.0,9,10377,卖盘
1330,14:53:06,11.53,0.0,12,13836,卖盘
1331,14:53:16,11.53,0.0,13,14989,卖盘
1332,14:53:19,11.54,0.01,12,13848,买盘
1333,14:53:24,11.54,0.0,18,20764,买盘
1334,14:53:31,11.54,0.0,41,47314,买盘
1335,14:53:42,11.54,0.0,6,6924,买盘
1336,14:53:49,11.53,-0.01,1,1153,卖盘
1337,14:53:54,11.54,0.01,22,25388,买盘
1338,14:54:04,11.54,0.0,11,12694,买盘
1339,14:54:16,11.54,0.0,4,4616,买盘
1340,14:54:25,11.53,-0.01,2,2306,卖盘
1341,14:54:28,11.54,0.01,50,57700,买盘
1342,14:54:30,11.54,0.0,45,51930,买盘
1343,14:54:36,11.53,-0.01,14,16152,卖盘
1344,14:54:40,11.54,0.01,10,11540,买盘
1345,14:54:46,11.54,0.0,4,4616,买盘
1346,14:54:52,11.54,0.0,5,5770,买盘
1347,14:54:55,11.53,-0.01,30,34590,卖盘
1348,14:55:01,11.54,0.01,16,18464,买盘
1349,14:55:09,11.54,0.0,54,62316,买盘
1350,14:55:13,11.53,-0.01,40,46120,卖盘
1351,14:55:16,11.54,0.01,18,20772,买盘
1352,14:55:25,11.53,-0.01,3,3459,卖盘
1353,14:55:28,11.54,0.01,25,28850,买盘
1354,14:55:34,11.54,0.0,13,14999,买盘
1355,14:55:37,11.54,0.0,2,2308,买盘
1356,14:55:40,11.53,-0.01,167,192646,卖盘
1357,14:55:46,11.53,0.0,23,26519,卖盘
1358,14:55:55,11.54,0.01,42,48448,买盘
1359,14:56:00,11.53,-0.01,5,5765,卖盘
1360,14:56:04,11.53,0.0,87,100334,卖盘
1361,14:56:13,11.53,0.0,16,18448,买盘
1362,14:56:16,11.53,0.0,7,8071,买盘
1363,14:56:22,11.53,0.0,73,84169,买盘
1364,14:56:25,11.54,0.01,2,2308,买盘
1365,14:56:28,11.53,-0.01,40,46134,卖盘
1366,14:56:30,11.54,0.01,2,2308,买盘
1367,14:56:34,11.54,0.0,36,41518,买盘
1368,14:56:36,11.54,0.0,2,2308,买盘
1369,14:56:40,11.54,0.0,17,19613,买盘
1370,14:56:46,11.54,0.0,7,8078,买盘
1371,14:56:51,11.54,0.0,40,46160,买盘
1372,14:56:54,11.54,0.0,24,27696,买盘
1373,14:56:57,11.54,0.0,6,6924,卖盘
1374,15:00:04,11.57,0.03,1112,1286584,买盘
