,time,price,change,volume,amount,type
0,09:25:05,9.62,0.38,1184,1139008,卖盘
1,09:30:04,9.61,-0.01,55,52600,中性盘
2,09:30:07,9.56,-0.05,261,250030,中性盘
3,09:30:10,9.6,0.04,229,219710,买盘
4,09:30:13,9.58,-0.02,72,69036,卖盘
5,09:30:16,9.6,0.02,169,161759,买盘
6,09:30:19,9.55,-0.05,18,17190,卖盘
7,09:30:22,9.55,0.0,190,181872,卖盘
8,09:30:25,9.55,0.0,62,59236,卖盘
9,09:30:28,9.6,0.05,205,196784,买盘
10,09:30:31,9.55,-0.05,177,169065,卖盘
11,09:30:34,9.59,0.04,198,189647,买盘
12,09:30:37,9.55,-0.04,62,59266,卖盘
13,09:30:40,9.48,-0.07,253,240596,卖盘
14,09:30:46,9.48,0.0,18,17066,卖盘
15,09:30:52,9.55,0.07,20,19098,买盘
16,09:30:55,9.48,-0.07,73,69304,卖盘
17,09:30:58,9.55,0.07,545,518651,买盘
18,09:31:01,9.55,0.0,27,25785,买盘
19,09:31:04,9.5,-0.05,74,70460,卖盘
20,09:31:07,9.5,0.0,16,15172,买盘
21,09:31:10,9.48,-0.02,5,4740,卖盘
22,09:31:13,9.48,0.0,4,3792,卖盘
23,09:31:16,9.48,0.0,10,9480,卖盘
24,09:31:19,9.5,0.02,21,19909,买盘
25,09:31:22,9.48,-0.02,110,104863,卖盘
26,09:31:31,9.47,-0.01,36,34091,卖盘
27,09:31:37,9.5,0.03,47,44640,买盘
28,09:31:40,9.5,0.0,76,72200,卖盘
29,09:31:43,9.5,0.0,5,4750,卖盘
30,09:31:46,9.5,0.0,82,77900,卖盘
31,09:31:49,9.49,-0.01,50,47470,卖盘
32,09:31:52,9.5,0.01,36,34188,买盘
33,09:31:58,9.48,-0.02,10,9480,卖盘
34,09:32:01,9.47,-0.01,7,6629,卖盘
35,09:32:04,9.47,0.0,8,7576,卖盘
36,09:32:07,9.49,0.02,42,39833,买盘
37,09:32:10,9.46,-0.03,11,10423,卖盘
38,09:32:13,9.48,0.02,12,11364,买盘
39,09:32:16,9.46,-0.02,113,106928,卖盘
40,09:32:19,9.48,0.02,23,21769,买盘
41,09:32:22,9.47,-0.01,15,14205,卖盘
42,09:32:25,9.46,-0.01,285,269725,卖盘
43,09:32:28,9.46,0.0,101,95546,买盘
44,09:32:34,9.45,-0.01,42,39700,卖盘
45,09:32:37,9.46,0.01,18,17028,买盘
46,09:32:40,9.45,-0.01,18,17010,卖盘
47,09:32:43,9.45,0.0,250,236250,卖盘
48,09:32:46,9.46,0.01,3,2838,买盘
49,09:32:52,9.42,-0.04,149,140561,卖盘
50,09:32:55,9.45,0.03,27,25515,买盘
51,09:32:58,9.45,0.0,39,36855,买盘
52,09:33:04,9.42,-0.03,50,47100,卖盘
53,09:33:07,9.42,0.0,60,56520,卖盘
54,09:33:10,9.42,0.0,40,37680,卖盘
55,09:33:13,9.42,0.0,30,28260,买盘
56,09:33:16,9.42,0.0,43,40506,买盘
57,09:33:19,9.42,0.0,31,29191,买盘
58,09:33:22,9.42,0.0,14,13188,买盘
59,09:33:25,9.42,0.0,67,63106,买盘
60,09:33:28,9.42,0.0,5,4710,买盘
61,09:33:31,9.41,-0.01,542,510542,卖盘
62,09:33:34,9.42,0.01,244,229848,买盘
63,09:33:37,9.42,0.0,43,40520,买盘
64,09:33:40,9.43,0.01,18,16958,中性盘
65,09:33:43,9.42,-0.01,2,1885,卖盘
66,09:33:46,9.46,0.04,127,120008,买盘
67,09:33:49,9.42,-0.04,36,33935,卖盘
68,09:33:55,9.44,0.02,26,24554,中性盘
69,09:33:58,9.43,-0.01,34,32062,卖盘
70,09:34:01,9.45,0.02,156,147553,卖盘
71,09:34:04,9.46,0.01,2,1892,买盘
72,09:34:07,9.46,0.0,40,37805,买盘
73,09:34:10,9.46,0.0,267,253303,买盘
74,09:34:13,9.46,0.0,57,53878,卖盘
75,09:34:16,9.46,0.0,31,29326,卖盘
76,09:34:19,9.46,0.0,10,9460,卖盘
77,09:34:22,9.48,0.02,50,47386,买盘
78,09:34:25,9.46,-0.02,20,18920,卖盘
79,09:34:31,9.46,0.0,60,56800,卖盘
80,09:34:34,9.48,0.02,37,35057,买盘
81,09:34:37,9.48,0.0,123,116563,买盘
82,09:34:40,9.47,-0.01,29,27463,卖盘
83,09:34:43,9.47,0.0,50,47350,卖盘
84,09:34:46,9.47,0.0,36,34092,卖盘
85,09:34:49,9.48,0.01,139,131717,买盘
86,09:34:55,9.47,-0.01,10,9470,买盘
87,09:34:58,9.47,0.0,104,98488,买盘
88,09:35:01,9.47,0.0,24,22708,买盘
89,09:35:04,9.46,-0.01,100,94600,卖盘
90,09:35:07,9.46,0.0,10,9460,卖盘
91,09:35:10,9.47,0.01,50,47350,买盘
92,09:35:13,9.46,-0.01,234,220607,卖盘
93,09:35:19,9.46,0.0,40,37840,买盘
94,09:35:22,9.45,-0.01,2,1890,卖盘
95,09:35:25,9.45,0.0,67,63315,卖盘
96,09:35:31,9.45,0.0,30,28350,卖盘
97,09:35:34,9.45,0.0,84,79398,卖盘
98,09:35:37,9.45,0.0,30,28350,卖盘
99,09:35:40,9.45,0.0,34,32130,卖盘
100,09:35:43,9.45,0.0,6,5670,买盘
101,09:35:49,9.45,0.0,15,14170,买盘
102,09:35:52,9.44,-0.01,116,109520,卖盘
103,09:36:01,9.44,0.0,46,43424,买盘
104,09:36:05,9.45,0.01,230,217135,买盘
105,09:36:10,9.44,-0.01,41,38704,卖盘
106,09:36:13,9.44,0.0,6,5664,卖盘
107,09:36:16,9.44,0.0,65,61360,卖盘
108,09:36:19,9.44,0.0,11,10384,卖盘
109,09:36:25,9.44,0.0,221,208624,卖盘
110,09:36:28,9.44,0.0,19,17936,买盘
111,09:36:31,9.44,0.0,68,64192,买盘
112,09:36:34,9.44,0.0,20,18880,卖盘
113,09:36:40,9.43,-0.01,215,202817,卖盘
114,09:36:43,9.44,0.01,5,4720,中性盘
115,09:36:46,9.44,0.0,3,2832,买盘
116,09:36:49,9.44,0.0,33,31152,买盘
117,09:36:52,9.43,-0.01,37,34896,卖盘
118,09:36:55,9.44,0.01,20,18880,买盘
119,09:36:58,9.44,0.0,71,67024,买盘
120,09:37:04,9.45,0.01,88,83064,买盘
121,09:37:07,9.45,0.0,33,31182,买盘
122,09:37:16,9.44,-0.01,3,2832,中性盘
123,09:37:25,9.44,0.0,7,6608,买盘
124,09:37:28,9.44,0.0,44,41566,卖盘
125,09:37:31,9.44,0.0,15,14160,卖盘
126,09:37:34,9.45,0.01,36,34020,买盘
127,09:37:37,9.44,-0.01,13,12272,卖盘
128,09:37:40,9.44,0.0,10,9440,卖盘
129,09:37:43,9.45,0.01,110,103950,买盘
130,09:37:49,9.44,-0.01,10,9440,卖盘
131,09:37:52,9.45,0.01,30,28350,买盘
132,09:37:58,9.45,0.0,8,7560,买盘
133,09:38:01,9.45,0.0,75,70805,买盘
134,09:38:04,9.45,0.0,5,4725,买盘
135,09:38:13,9.45,0.0,80,75600,买盘
136,09:38:16,9.45,0.0,14,13230,中性盘
137,09:38:22,9.45,0.0,7,6615,卖盘
138,09:38:28,9.45,0.0,10,9450,买盘
139,09:38:31,9.44,-0.01,15,14160,卖盘
140,09:38:43,9.45,0.01,113,106785,买盘
141,09:38:46,9.45,0.0,10,9450,买盘
142,09:38:52,9.44,-0.01,154,145429,卖盘
143,09:38:55,9.44,0.0,21,19824,卖盘
144,09:38:58,9.45,0.01,10,9450,买盘
145,09:39:01,9.45,0.0,10,9450,买盘
146,09:39:07,9.45,0.0,65,61425,买盘
147,09:39:13,9.44,-0.01,3,2832,卖盘
148,09:39:16,9.45,0.01,28,26460,买盘
149,09:39:19,9.44,-0.01,106,100064,卖盘
150,09:39:22,9.45,0.01,57,53843,买盘
151,09:39:31,9.44,-0.01,35,33067,卖盘
152,09:39:43,9.44,0.0,78,73632,买盘
153,09:39:55,9.45,0.01,209,197505,买盘
154,09:40:01,9.45,0.0,31,29295,卖盘
155,09:40:10,9.44,-0.01,69,65136,卖盘
156,09:40:13,9.46,0.02,200,189087,买盘
157,09:40:16,9.44,-0.02,9,8496,卖盘
158,09:40:19,9.44,0.0,25,23624,卖盘
159,09:40:25,9.45,0.01,26,24570,卖盘
160,09:40:28,9.44,-0.01,221,208824,卖盘
161,09:40:37,9.45,0.01,31,29295,买盘
162,09:40:40,9.45,0.0,89,84104,中性盘
163,09:40:43,9.43,-0.02,251,236747,卖盘
164,09:40:49,9.43,0.0,50,47150,买盘
165,09:40:55,9.43,0.0,50,47150,买盘
166,09:41:04,9.42,-0.01,94,88548,卖盘
167,09:41:10,9.43,0.01,40,37711,买盘
168,09:41:22,9.43,0.0,35,32975,买盘
169,09:41:25,9.42,-0.01,16,15072,卖盘
170,09:41:28,9.42,0.0,20,18855,卖盘
171,09:41:31,9.43,0.01,67,63134,买盘
172,09:41:34,9.43,0.0,15,14145,卖盘
173,09:41:40,9.43,0.0,35,33005,卖盘
174,09:41:43,9.43,0.0,134,126166,买盘
175,09:41:46,9.42,-0.01,3,2828,卖盘
176,09:41:49,9.42,0.0,29,27318,卖盘
177,09:41:52,9.41,-0.01,29,27289,卖盘
178,09:41:55,9.4,-0.01,114,107295,卖盘
179,09:41:58,9.41,0.01,45,42310,买盘
180,09:42:01,9.4,-0.01,2,1880,卖盘
181,09:42:04,9.41,0.01,37,34800,买盘
182,09:42:07,9.4,-0.01,157,147580,卖盘
183,09:42:10,9.4,0.0,53,49820,买盘
184,09:42:13,9.4,0.0,2,1880,买盘
185,09:42:16,9.4,0.0,44,41258,买盘
186,09:42:19,9.4,0.0,30,28200,买盘
187,09:42:22,9.38,-0.02,15,14070,买盘
188,09:42:25,9.39,0.01,23,21570,买盘
189,09:42:28,9.37,-0.02,34,31872,卖盘
190,09:42:31,9.37,0.0,20,18740,买盘
191,09:42:34,9.37,0.0,61,57157,买盘
192,09:42:37,9.37,0.0,13,12181,买盘
193,09:42:40,9.37,0.0,8,7498,卖盘
194,09:42:43,9.38,0.01,16,15008,买盘
195,09:42:46,9.38,0.0,3,2814,买盘
196,09:42:49,9.37,-0.01,31,29050,卖盘
197,09:42:52,9.38,0.01,17,15936,买盘
198,09:42:55,9.38,0.0,17,15946,买盘
199,09:42:58,9.38,0.0,22,20636,卖盘
200,09:43:01,9.37,-0.01,306,286866,卖盘
201,09:43:07,9.38,0.01,50,46901,卖盘
202,09:43:10,9.38,0.0,2,1876,卖盘
203,09:43:16,9.39,0.01,70,65665,买盘
204,09:43:22,9.39,0.0,20,18780,买盘
205,09:43:31,9.39,0.0,10,9390,买盘
206,09:43:34,9.38,-0.01,112,105197,卖盘
207,09:43:40,9.38,0.0,53,49714,卖盘
208,09:43:43,9.39,0.01,62,58268,卖盘
209,09:43:46,9.4,0.01,60,56346,买盘
210,09:43:49,9.38,-0.02,18,16888,卖盘
211,09:43:52,9.38,0.0,26,24489,买盘
212,09:44:01,9.38,0.0,29,27108,卖盘
213,09:44:04,9.37,-0.01,2,1874,卖盘
214,09:44:07,9.38,0.01,31,29172,买盘
215,09:44:10,9.38,0.0,46,43054,卖盘
216,09:44:16,9.38,0.0,7,6660,买盘
217,09:44:19,9.38,0.0,30,28140,卖盘
218,09:44:22,9.38,0.0,9,8442,卖盘
219,09:44:25,9.38,0.0,5,4690,卖盘
220,09:44:28,9.41,0.03,2,1882,买盘
221,09:44:31,9.39,-0.02,9,8451,卖盘
222,09:44:40,9.4,0.01,11,10340,买盘
223,09:44:43,9.4,0.0,20,18800,买盘
224,09:44:46,9.4,0.0,5,4700,买盘
225,09:44:58,9.4,0.0,10,9400,卖盘
226,09:45:01,9.41,0.01,80,75280,买盘
227,09:45:07,9.4,-0.01,5,4702,卖盘
228,09:45:10,9.41,0.01,39,36697,买盘
229,09:45:16,9.41,0.0,3,2823,买盘
230,09:45:25,9.41,0.0,109,102569,卖盘
231,09:45:34,9.41,0.0,97,91277,买盘
232,09:45:40,9.4,-0.01,12,11283,卖盘
233,09:45:43,9.41,0.01,12,11292,卖盘
234,09:45:46,9.41,0.0,22,20702,买盘
235,09:45:52,9.41,0.0,121,113861,卖盘
236,09:46:07,9.41,0.0,10,9410,买盘
237,09:46:10,9.41,0.0,60,56460,买盘
238,09:46:13,9.41,0.0,19,17879,买盘
239,09:46:16,9.41,0.0,1,941,卖盘
240,09:46:25,9.4,-0.01,45,42300,卖盘
241,09:46:28,9.4,0.0,15,14100,卖盘
242,09:46:34,9.4,0.0,57,53580,卖盘
243,09:46:43,9.4,0.0,50,47000,卖盘
244,09:46:49,9.4,0.0,4,3760,卖盘
245,09:46:52,9.4,0.0,10,9400,买盘
246,09:46:55,9.4,0.0,26,24440,买盘
247,09:47:01,9.39,-0.01,3,2817,卖盘
248,09:47:13,9.4,0.01,22,20680,买盘
249,09:47:16,9.4,0.0,105,98625,买盘
250,09:47:25,9.39,-0.01,55,51645,卖盘
251,09:47:28,9.39,0.0,30,28170,买盘
252,09:47:31,9.38,-0.01,53,49811,卖盘
253,09:47:34,9.38,0.0,200,187603,卖盘
254,09:47:37,9.4,0.02,14,13160,买盘
255,09:47:43,9.4,0.0,17,15980,买盘
256,09:47:46,9.4,0.0,12,11280,买盘
257,09:47:58,9.4,0.0,91,85540,买盘
258,09:48:01,9.4,0.0,30,28200,买盘
259,09:48:07,9.4,0.0,20,18800,买盘
260,09:48:10,9.4,0.0,58,54520,买盘
261,09:48:13,9.4,0.0,20,18800,买盘
262,09:48:16,9.4,0.0,31,29120,买盘
263,09:48:22,9.4,0.0,10,9400,卖盘
264,09:48:25,9.4,0.0,31,29140,卖盘
265,09:48:31,9.4,0.0,20,18800,买盘
266,09:48:34,9.4,0.0,52,48880,买盘
267,09:48:37,9.4,0.0,2,1880,卖盘
268,09:48:43,9.4,0.0,19,17860,卖盘
269,09:48:49,9.4,0.0,40,37600,卖盘
270,09:48:55,9.39,-0.01,120,112700,卖盘
271,09:49:04,9.39,0.0,21,19739,卖盘
272,09:49:07,9.4,0.01,90,84550,买盘
273,09:49:10,9.4,0.0,220,206606,卖盘
274,09:49:16,9.38,-0.02,367,344318,卖盘
275,09:49:19,9.38,0.0,5,4690,买盘
276,09:49:25,9.38,0.0,40,37520,买盘
277,09:49:28,9.38,0.0,10,9380,买盘
278,09:49:31,9.38,0.0,30,28140,买盘
279,09:49:37,9.38,0.0,20,18760,买盘
280,09:49:43,9.38,0.0,73,68421,买盘
281,09:49:46,9.38,0.0,40,37520,买盘
282,09:49:52,9.37,-0.01,49,45952,卖盘
283,09:49:58,9.38,0.01,55,51550,买盘
284,09:50:04,9.37,-0.01,214,200618,卖盘
285,09:50:07,9.37,0.0,37,34674,卖盘
286,09:50:10,9.38,0.01,55,51585,买盘
287,09:50:34,9.37,-0.01,70,65590,卖盘
288,09:50:58,9.38,0.01,55,51640,卖盘
289,09:51:07,9.38,0.0,30,28140,卖盘
290,09:51:10,9.38,0.0,4,3752,卖盘
291,09:51:16,9.38,0.0,102,95676,买盘
292,09:51:19,9.37,-0.01,151,141493,卖盘
293,09:51:22,9.38,0.01,159,149007,买盘
294,09:51:25,9.38,0.0,138,129435,买盘
295,09:51:28,9.38,0.0,19,17822,买盘
296,09:51:31,9.39,0.01,11,10323,买盘
297,09:51:34,9.38,-0.01,31,29093,卖盘
298,09:51:37,9.39,0.01,16,15024,买盘
299,09:51:40,9.39,0.0,13,12207,买盘
300,09:51:43,9.41,0.02,15,14101,买盘
301,09:51:46,9.41,0.0,30,28230,买盘
302,09:51:49,9.41,0.0,20,18820,买盘
303,09:51:52,9.4,-0.01,152,143063,卖盘
304,09:51:55,9.42,0.02,139,130746,买盘
305,09:51:58,9.42,0.0,33,31086,买盘
306,09:52:01,9.42,0.0,36,33912,买盘
307,09:52:04,9.42,0.0,3,2826,买盘
308,09:52:07,9.42,0.0,4,3768,买盘
309,09:52:16,9.42,0.0,3,2826,买盘
310,09:52:19,9.42,0.0,6,5652,买盘
311,09:52:25,9.43,0.01,239,225248,买盘
312,09:52:31,9.42,-0.01,21,19783,卖盘
313,09:52:43,9.42,0.0,20,18840,卖盘
314,09:52:58,9.43,0.01,10,9430,买盘
315,09:53:01,9.42,-0.01,30,28260,卖盘
316,09:53:04,9.43,0.01,82,77252,买盘
317,09:53:10,9.43,0.0,20,18860,买盘
318,09:53:13,9.43,0.0,48,45230,买盘
319,09:53:19,9.42,-0.01,2,1884,卖盘
320,09:53:22,9.42,0.0,1,942,卖盘
321,09:53:28,9.42,0.0,49,46158,卖盘
322,09:53:31,9.42,0.0,25,23550,买盘
323,09:53:40,9.42,0.0,10,9420,买盘
324,09:53:43,9.41,-0.01,2,1882,卖盘
325,09:53:49,9.42,0.01,100,94144,买盘
326,09:53:55,9.41,-0.01,68,64038,中性盘
327,09:53:58,9.4,-0.01,74,69546,卖盘
328,09:54:01,9.45,0.05,1011,954874,买盘
329,09:54:07,9.31,-0.14,1009,943933,卖盘
330,09:54:13,9.41,0.1,106,99736,买盘
331,09:54:25,9.41,0.0,5,4702,中性盘
332,09:54:34,9.42,0.01,22,20724,买盘
333,09:54:40,9.42,0.0,22,20724,卖盘
334,09:54:46,9.42,0.0,37,34874,卖盘
335,09:54:52,9.42,0.0,20,18840,卖盘
336,09:54:55,9.42,0.0,55,51810,卖盘
337,09:54:58,9.42,0.0,32,30149,卖盘
338,09:55:01,9.41,-0.01,30,28230,卖盘
339,09:55:10,9.42,0.01,27,25434,中性盘
340,09:55:19,9.42,0.0,23,21666,卖盘
341,09:55:25,9.41,-0.01,11,10351,卖盘
342,09:55:37,9.41,0.0,6,5646,卖盘
343,09:55:40,9.41,0.0,50,47050,买盘
344,09:55:51,9.41,0.0,4,3764,买盘
345,09:55:55,9.39,-0.02,10,9390,卖盘
346,09:55:58,9.41,0.02,5,4705,买盘
347,09:56:10,9.39,-0.02,110,103290,卖盘
348,09:56:24,9.39,0.0,20,18780,卖盘
349,09:56:40,9.39,0.0,13,12207,卖盘
350,09:56:52,9.41,0.02,27,25589,买盘
351,09:56:55,9.41,0.0,16,15056,卖盘
352,09:57:01,9.39,-0.02,20,18806,卖盘
353,09:57:07,9.4,0.01,2,1880,买盘
354,09:57:10,9.41,0.01,17,15997,卖盘
355,09:57:22,9.41,0.0,13,12233,买盘
356,09:57:25,9.4,-0.01,18,16920,卖盘
357,09:57:31,9.39,-0.01,126,118322,卖盘
358,09:57:43,9.41,0.02,10,9410,买盘
359,09:57:52,9.41,0.0,6,5646,买盘
360,09:57:55,9.39,-0.02,15,14085,卖盘
361,09:58:01,9.39,0.0,43,40377,卖盘
362,09:58:04,9.41,0.02,19,17879,买盘
363,09:58:07,9.39,-0.02,44,41316,卖盘
364,09:58:10,9.41,0.02,86,80926,买盘
365,09:58:25,9.41,0.0,6,5646,卖盘
366,09:58:28,9.41,0.0,24,22588,卖盘
367,09:58:34,9.42,0.01,19,17898,买盘
368,09:58:40,9.42,0.0,380,357728,买盘
369,09:58:43,9.43,0.01,58,54694,买盘
370,09:58:55,9.42,-0.01,94,88568,卖盘
371,09:58:58,9.43,0.01,100,94300,买盘
372,09:59:04,9.43,0.0,30,28290,买盘
373,09:59:07,9.44,0.01,120,113197,买盘
374,09:59:10,9.42,-0.02,364,342893,卖盘
375,09:59:22,9.44,0.02,3,2832,买盘
376,09:59:25,9.43,-0.01,25,23575,卖盘
377,09:59:28,9.44,0.01,10,9440,买盘
378,09:59:31,9.44,0.0,128,120832,买盘
379,09:59:34,9.43,-0.01,149,140648,卖盘
380,09:59:37,9.44,0.01,9,8496,买盘
381,09:59:40,9.45,0.01,648,611707,买盘
382,09:59:43,9.45,0.0,93,87885,卖盘
383,09:59:46,9.45,0.0,116,109620,卖盘
384,09:59:52,9.45,0.0,3,2835,卖盘
385,09:59:55,9.45,0.0,12,11340,卖盘
386,09:59:58,9.46,0.01,419,396136,买盘
387,10:00:01,9.45,-0.01,59,55787,卖盘
388,10:00:04,9.45,0.0,10,9450,卖盘
389,10:00:07,9.46,0.01,22,20792,买盘
390,10:00:10,9.45,-0.01,7,6615,卖盘
391,10:00:13,9.46,0.01,141,133318,买盘
392,10:00:16,9.45,-0.01,100,94500,买盘
393,10:00:22,9.45,0.0,70,66150,买盘
394,10:00:28,9.45,0.0,347,327600,买盘
395,10:00:31,9.44,-0.01,189,178416,卖盘
396,10:00:37,9.45,0.01,22,20769,买盘
397,10:00:40,9.43,-0.02,29,27347,卖盘
398,10:00:43,9.43,0.0,42,39606,卖盘
399,10:00:49,9.44,0.01,2,1888,卖盘
400,10:00:55,9.44,0.0,33,31152,卖盘
401,10:00:58,9.45,0.01,91,85954,买盘
402,10:01:10,9.43,-0.02,26,24538,卖盘
403,10:01:13,9.43,0.0,9,8487,卖盘
404,10:01:25,9.43,0.0,4,3772,卖盘
405,10:01:28,9.43,0.0,88,82984,卖盘
406,10:01:34,9.43,0.0,20,18860,卖盘
407,10:01:37,9.44,0.01,20,18870,买盘
408,10:01:40,9.42,-0.02,29,27318,卖盘
409,10:01:43,9.42,0.0,44,41448,卖盘
410,10:01:52,9.42,0.0,24,22608,卖盘
411,10:01:55,9.42,0.0,14,13188,卖盘
412,10:01:58,9.41,-0.01,25,23544,卖盘
413,10:02:07,9.43,0.02,6,5658,买盘
414,10:02:10,9.42,-0.01,62,58435,卖盘
415,10:02:13,9.42,0.0,48,45216,卖盘
416,10:02:16,9.43,0.01,19,17917,买盘
417,10:02:25,9.43,0.0,54,50922,卖盘
418,10:02:28,9.43,0.0,16,15088,卖盘
419,10:02:40,9.42,-0.01,22,20740,卖盘
420,10:02:43,9.43,0.01,12,11308,买盘
421,10:02:55,9.42,-0.01,8,7536,卖盘
422,10:02:58,9.42,0.0,10,9420,卖盘
423,10:03:01,9.42,0.0,2,1884,卖盘
424,10:03:07,9.43,0.01,15,14145,买盘
425,10:03:10,9.42,-0.01,36,33912,卖盘
426,10:03:13,9.42,0.0,10,9420,卖盘
427,10:03:15,9.42,0.0,175,164850,卖盘
428,10:03:25,9.41,-0.01,106,99756,卖盘
429,10:03:28,9.41,0.0,138,129858,卖盘
430,10:03:34,9.42,0.01,41,38592,买盘
431,10:03:37,9.42,0.0,5,4710,买盘
432,10:03:40,9.41,-0.01,5,4705,卖盘
433,10:03:43,9.41,0.0,9,8469,卖盘
434,10:03:46,9.42,0.01,66,62167,买盘
435,10:03:52,9.42,0.0,9,8478,买盘
436,10:03:55,9.41,-0.01,94,88454,卖盘
437,10:03:58,9.43,0.02,258,243253,买盘
438,10:04:07,9.41,-0.02,17,16000,卖盘
439,10:04:10,9.42,0.01,1,942,卖盘
440,10:04:13,9.42,0.0,2,1884,卖盘
441,10:04:16,9.43,0.01,16,15088,买盘
442,10:04:22,9.43,0.0,110,103730,买盘
443,10:04:25,9.42,-0.01,172,162124,卖盘
444,10:04:28,9.42,0.0,104,97968,卖盘
445,10:04:31,9.42,0.0,20,18840,卖盘
446,10:04:34,9.42,0.0,106,99957,卖盘
447,10:04:40,9.42,0.0,33,31089,卖盘
448,10:04:43,9.42,0.0,42,39564,卖盘
449,10:04:49,9.43,0.01,12,11316,买盘
450,10:04:55,9.42,-0.01,127,119760,卖盘
451,10:04:58,9.42,0.0,22,20724,卖盘
452,10:05:04,9.42,0.0,12,11304,买盘
453,10:05:07,9.44,0.02,60,56629,买盘
454,10:05:10,9.41,-0.03,535,503011,卖盘
455,10:05:13,9.42,0.01,40,37644,中性盘
456,10:05:25,9.41,-0.01,181,170346,卖盘
457,10:05:40,9.42,0.01,5,4710,卖盘
458,10:05:43,9.41,-0.01,3,2824,卖盘
459,10:05:46,9.43,0.02,3,2829,买盘
460,10:05:55,9.43,0.0,38,35834,卖盘
461,10:05:58,9.44,0.01,13,12269,买盘
462,10:06:04,9.44,0.0,55,51915,买盘
463,10:06:07,9.44,0.0,5,4720,买盘
464,10:06:10,9.42,-0.02,72,67886,卖盘
465,10:06:13,9.42,0.0,25,23560,卖盘
466,10:06:19,9.43,0.01,20,18860,买盘
467,10:06:25,9.42,-0.01,3,2826,卖盘
468,10:06:28,9.42,0.0,1,942,卖盘
469,10:06:40,9.42,0.0,52,48999,卖盘
470,10:06:43,9.42,0.0,97,91374,卖盘
471,10:06:46,9.43,0.01,20,18860,买盘
472,10:06:49,9.43,0.0,14,13202,买盘
473,10:06:52,9.43,0.0,19,17917,买盘
474,10:06:58,9.42,-0.01,80,75365,卖盘
475,10:07:01,9.43,0.01,30,28290,买盘
476,10:07:04,9.43,0.0,20,18860,买盘
477,10:07:10,9.42,-0.01,1,942,卖盘
478,10:07:13,9.42,0.0,40,37680,卖盘
479,10:07:16,9.43,0.01,42,39606,买盘
480,10:07:28,9.42,-0.01,125,117850,卖盘
481,10:07:31,9.43,0.01,40,37720,买盘
482,10:07:34,9.43,0.0,80,75440,买盘
483,10:07:37,9.43,0.0,56,52808,买盘
484,10:07:40,9.44,0.01,51,48144,买盘
485,10:07:43,9.44,0.0,183,172618,买盘
486,10:07:46,9.44,0.0,48,45312,买盘
487,10:07:49,9.44,0.0,21,19824,买盘
488,10:07:52,9.45,0.01,169,159124,买盘
489,10:07:58,9.45,0.0,2,1890,卖盘
490,10:08:10,9.46,0.01,45,42570,买盘
491,10:08:13,9.45,-0.01,169,159705,卖盘
492,10:08:16,9.46,0.01,93,88735,买盘
493,10:08:19,9.46,0.0,20,18920,卖盘
494,10:08:22,9.45,-0.01,454,429098,卖盘
495,10:08:25,9.45,0.0,15,14175,买盘
496,10:08:28,9.45,0.0,203,192173,买盘
497,10:08:30,9.45,0.0,5,4725,买盘
498,10:08:34,9.45,0.0,57,53865,买盘
499,10:08:43,9.45,0.0,129,121884,买盘
500,10:08:52,9.47,0.02,5,4735,买盘
501,10:08:58,9.45,-0.02,184,173880,卖盘
502,10:09:01,9.47,0.02,25,23675,买盘
503,10:09:04,9.47,0.0,70,66290,买盘
504,10:09:07,9.47,0.0,22,20710,买盘
505,10:09:10,9.47,0.0,13,12415,卖盘
506,10:09:13,9.45,-0.02,152,143716,卖盘
507,10:09:16,9.47,0.02,8,7576,买盘
508,10:09:25,9.46,-0.01,40,37870,卖盘
509,10:09:28,9.47,0.01,58,54910,买盘
510,10:09:34,9.47,0.0,83,78601,买盘
511,10:09:37,9.47,0.0,6,5678,买盘
512,10:09:43,9.47,0.0,67,63388,买盘
513,10:09:46,9.47,0.0,10,9470,买盘
514,10:09:49,9.46,-0.01,10,9460,买盘
515,10:09:52,9.47,0.01,12,11364,买盘
516,10:09:55,9.46,-0.01,7,6622,卖盘
517,10:09:58,9.45,-0.01,144,136153,卖盘
518,10:10:04,9.46,0.01,10,9460,买盘
519,10:10:07,9.46,0.0,3,2838,买盘
520,10:10:13,9.45,-0.01,111,104895,卖盘
521,10:10:16,9.46,0.01,5,4730,买盘
522,10:10:22,9.45,-0.01,1,945,卖盘
523,10:10:28,9.45,0.0,19,17955,卖盘
524,10:10:31,9.45,0.0,35,33105,卖盘
525,10:10:34,9.45,0.0,2,1890,卖盘
526,10:10:40,9.44,-0.01,6,5664,卖盘
527,10:10:43,9.44,0.0,32,30208,卖盘
528,10:10:49,9.44,0.0,12,11328,卖盘
529,10:10:55,9.44,0.0,7,6608,买盘
530,10:10:58,9.43,-0.01,155,146165,卖盘
531,10:11:13,9.43,0.0,89,83927,卖盘
532,10:11:19,9.43,0.0,42,39606,买盘
533,10:11:28,9.42,-0.01,130,122460,卖盘
534,10:11:33,9.43,0.01,12,11316,卖盘
535,10:11:43,9.42,-0.01,33,31086,卖盘
536,10:11:46,9.43,0.01,10,9430,买盘
537,10:11:49,9.43,0.0,10,9430,买盘
538,10:11:58,9.42,-0.01,6,5652,卖盘
539,10:12:01,9.42,0.0,16,15085,卖盘
540,10:12:07,9.43,0.01,15,14145,买盘
541,10:12:10,9.42,-0.01,20,18840,卖盘
542,10:12:13,9.42,0.0,109,102678,卖盘
543,10:12:16,9.42,0.0,20,18840,卖盘
544,10:12:19,9.42,0.0,1,942,卖盘
545,10:12:25,9.42,0.0,6,5652,买盘
546,10:12:28,9.41,-0.01,93,87513,卖盘
547,10:12:31,9.42,0.01,15,14130,买盘
548,10:12:37,9.42,0.0,25,23550,卖盘
549,10:12:43,9.42,0.0,100,94200,卖盘
550,10:12:46,9.43,0.01,10,9430,买盘
551,10:12:49,9.42,-0.01,8,7536,卖盘
552,10:12:55,9.42,0.0,1,942,买盘
553,10:12:58,9.41,-0.01,19,17879,卖盘
554,10:13:01,9.42,0.01,38,35796,买盘
555,10:13:13,9.4,-0.02,17,15990,卖盘
556,10:13:16,9.42,0.02,92,86654,买盘
557,10:13:25,9.42,0.0,38,35796,卖盘
558,10:13:28,9.42,0.0,9,8478,卖盘
559,10:13:34,9.43,0.01,20,18860,买盘
560,10:13:37,9.43,0.0,235,221605,买盘
561,10:13:40,9.43,0.0,23,21689,买盘
562,10:13:43,9.43,0.0,1,943,卖盘
563,10:13:55,9.44,0.01,162,152928,买盘
564,10:13:58,9.43,-0.01,125,117877,卖盘
565,10:14:01,9.44,0.01,1,944,买盘
566,10:14:10,9.44,0.0,9,8496,买盘
567,10:14:13,9.44,0.0,18,16992,卖盘
568,10:14:19,9.43,-0.01,53,50003,卖盘
569,10:14:25,9.45,0.02,10,9450,买盘
570,10:14:28,9.45,0.0,14,13230,卖盘
571,10:14:37,9.46,0.01,20,18920,买盘
572,10:14:40,9.46,0.0,9,8136,买盘
573,10:14:43,9.45,-0.01,19,18346,卖盘
574,10:14:49,9.46,0.01,67,63382,买盘
575,10:14:55,9.46,0.0,16,15136,买盘
576,10:14:58,9.45,-0.01,29,27405,卖盘
577,10:15:01,9.46,0.01,32,30272,买盘
578,10:15:04,9.46,0.0,104,98384,买盘
579,10:15:13,9.44,-0.02,117,110448,卖盘
580,10:15:16,9.46,0.02,2,1892,买盘
581,10:15:28,9.44,-0.02,42,39683,卖盘
582,10:15:34,9.45,0.01,1,945,卖盘
583,10:15:37,9.46,0.01,7,6622,买盘
584,10:15:40,9.46,0.0,50,47300,买盘
585,10:15:43,9.44,-0.02,83,78433,卖盘
586,10:15:46,9.46,0.02,47,44064,买盘
587,10:15:52,9.46,0.0,23,21758,卖盘
588,10:15:58,9.46,0.0,74,70004,卖盘
589,10:16:01,9.47,0.01,153,144888,买盘
590,10:16:04,9.47,0.0,5,4735,买盘
591,10:16:07,9.47,0.0,60,56820,买盘
592,10:16:13,9.47,0.0,217,205499,卖盘
593,10:16:16,9.48,0.01,25,23680,买盘
594,10:16:22,9.47,-0.01,7,6629,卖盘
595,10:16:25,9.48,0.01,54,51172,买盘
596,10:16:28,9.46,-0.02,8,7568,卖盘
597,10:16:43,9.46,0.0,138,130558,卖盘
598,10:16:52,9.47,0.01,24,22728,买盘
599,10:16:55,9.48,0.01,200,189593,买盘
600,10:16:58,9.46,-0.02,67,63382,卖盘
601,10:17:13,9.48,0.02,43,40731,买盘
602,10:17:19,9.48,0.0,121,114661,买盘
603,10:17:28,9.47,-0.01,30,28410,卖盘
604,10:17:31,9.48,0.01,100,94800,中性盘
605,10:17:34,9.47,-0.01,5,4735,卖盘
606,10:17:43,9.48,0.01,36,34094,买盘
607,10:17:49,9.49,0.01,9,8541,买盘
608,10:17:52,9.49,0.0,67,63526,买盘
609,10:17:58,9.47,-0.02,38,35990,卖盘
610,10:18:01,9.48,0.01,20,18960,中性盘
611,10:18:04,9.49,0.01,84,79666,买盘
612,10:18:07,9.48,-0.01,6,5688,中性盘
613,10:18:13,9.47,-0.01,38,35986,卖盘
614,10:18:16,9.49,0.02,30,28452,买盘
615,10:18:25,9.48,-0.01,1,948,卖盘
616,10:18:28,9.49,0.01,65,61680,买盘
617,10:18:31,9.48,-0.01,6,5688,卖盘
618,10:18:34,9.48,0.0,20,18960,买盘
619,10:18:40,9.48,0.0,3,2844,买盘
620,10:18:42,9.48,0.0,147,139221,买盘
621,10:18:46,9.48,0.0,100,94800,买盘
622,10:18:52,9.48,0.0,21,19908,买盘
623,10:18:58,9.48,0.0,39,36972,卖盘
624,10:19:07,9.48,0.0,100,94800,卖盘
625,10:19:09,9.49,0.01,101,95826,买盘
626,10:19:13,9.47,-0.02,207,196192,卖盘
627,10:19:16,9.49,0.02,200,189800,买盘
628,10:19:25,9.48,-0.01,10,9480,买盘
629,10:19:28,9.48,0.0,72,68256,买盘
630,10:19:34,9.49,0.01,46,43648,买盘
631,10:19:37,9.49,0.0,1,949,买盘
632,10:19:40,9.48,-0.01,18,17064,卖盘
633,10:19:42,9.47,-0.01,11,10417,卖盘
634,10:19:52,9.45,-0.02,191,180647,卖盘
635,10:19:58,9.46,0.01,10,9460,中性盘
636,10:20:04,9.45,-0.01,16,15120,卖盘
637,10:20:07,9.45,0.0,38,35910,卖盘
638,10:20:10,9.46,0.01,1,946,买盘
639,10:20:13,9.45,-0.01,133,125685,卖盘
640,10:20:22,9.46,0.01,10,9460,买盘
641,10:20:28,9.45,-0.01,77,72778,卖盘
642,10:20:37,9.46,0.01,75,70950,买盘
643,10:20:40,9.45,-0.01,1,945,卖盘
644,10:20:43,9.45,0.0,103,97335,卖盘
645,10:20:46,9.45,0.0,26,24570,卖盘
646,10:20:58,9.45,0.0,41,38745,卖盘
647,10:21:07,9.45,0.0,10,9450,卖盘
648,10:21:13,9.45,0.0,39,36855,卖盘
649,10:21:25,9.46,0.01,32,30272,买盘
650,10:21:28,9.45,-0.01,109,103383,卖盘
651,10:21:43,9.44,-0.01,56,52864,卖盘
652,10:21:46,9.44,0.0,44,41536,卖盘
653,10:21:58,9.43,-0.01,97,91471,卖盘
654,10:22:01,9.44,0.01,6,5664,买盘
655,10:22:04,9.44,0.0,2,1888,卖盘
656,10:22:13,9.44,0.0,51,48144,卖盘
657,10:22:16,9.45,0.01,10,9450,买盘
658,10:22:19,9.45,0.0,162,152712,买盘
659,10:22:28,9.45,0.0,709,670005,卖盘
660,10:22:37,9.45,0.0,1,945,卖盘
661,10:22:40,9.46,0.01,47,44462,买盘
662,10:22:43,9.45,-0.01,107,101168,卖盘
663,10:22:52,9.46,0.01,10,9460,买盘
664,10:22:55,9.46,0.0,110,104060,买盘
665,10:22:58,9.44,-0.02,113,107150,卖盘
666,10:23:01,9.44,0.0,10,9440,买盘
667,10:23:07,9.44,0.0,16,14726,买盘
668,10:23:13,9.43,-0.01,151,142518,卖盘
669,10:23:27,9.44,0.01,2,1888,卖盘
670,10:23:40,9.44,0.0,26,24544,卖盘
671,10:23:43,9.43,-0.01,15,14145,卖盘
672,10:23:58,9.43,0.0,255,240465,卖盘
673,10:24:13,9.43,0.0,38,35834,卖盘
674,10:24:16,9.44,0.01,16,15104,买盘
675,10:24:28,9.43,-0.01,33,31119,卖盘
676,10:24:43,9.43,0.0,187,176563,卖盘
677,10:24:58,9.44,0.01,76,71744,卖盘
678,10:25:16,9.44,0.0,19,17936,卖盘
679,10:25:25,9.44,0.0,20,18880,买盘
680,10:25:28,9.44,0.0,160,151040,买盘
681,10:25:46,9.44,0.0,10,9440,卖盘
682,10:26:04,9.44,0.0,1,944,卖盘
683,10:26:06,9.45,0.01,1,945,买盘
684,10:26:19,9.45,0.0,10,9450,买盘
685,10:26:22,9.44,-0.01,100,94400,卖盘
686,10:26:28,9.44,0.0,40,37760,卖盘
687,10:26:49,9.44,0.0,4,3776,卖盘
688,10:26:52,9.45,0.01,17,16058,买盘
689,10:27:13,9.45,0.0,98,92610,买盘
690,10:27:28,9.46,0.01,20,18920,买盘
691,10:27:31,9.47,0.01,206,195056,买盘
692,10:27:39,9.48,0.01,17,16116,买盘
693,10:27:45,9.48,0.0,5,4740,买盘
694,10:27:55,9.48,0.0,53,50244,买盘
695,10:27:58,9.49,0.01,80,75920,买盘
696,10:28:01,9.48,-0.01,14,13272,卖盘
697,10:28:25,9.48,0.0,3,2844,卖盘
698,10:28:34,9.48,0.0,1,948,卖盘
699,10:28:39,9.49,0.01,101,95800,买盘
700,10:29:00,9.48,-0.01,60,56880,买盘
701,10:29:07,9.49,0.01,10,9490,买盘
702,10:29:19,9.49,0.0,52,49348,买盘
703,10:29:27,9.49,0.0,9,8541,买盘
704,10:29:31,9.49,0.0,1,949,买盘
705,10:29:37,9.49,0.0,10,9490,买盘
706,10:29:40,9.48,-0.01,60,56880,卖盘
707,10:30:01,9.48,0.0,26,24648,卖盘
708,10:30:25,9.47,-0.01,1,947,卖盘
709,10:30:28,9.48,0.01,30,28440,买盘
710,10:30:40,9.49,0.01,105,99603,买盘
711,10:30:43,9.49,0.0,8,7592,买盘
712,10:30:58,9.49,0.0,50,47450,买盘
713,10:31:04,9.48,-0.01,6,5688,卖盘
714,10:31:07,9.48,0.0,61,57828,卖盘
715,10:31:16,9.5,0.02,83,78812,买盘
716,10:31:28,9.5,0.0,35,33245,买盘
717,10:31:37,9.5,0.0,1,950,买盘
718,10:31:43,9.5,0.0,224,212800,买盘
719,10:31:45,9.5,0.0,35,33250,买盘
720,10:31:52,9.49,-0.01,35,33245,卖盘
721,10:31:55,9.51,0.02,241,229542,买盘
722,10:32:10,9.52,0.01,367,349184,买盘
723,10:32:12,9.52,0.0,11,10472,卖盘
724,10:32:16,9.5,-0.02,78,73666,卖盘
725,10:32:19,9.5,0.0,139,132050,买盘
726,10:32:28,9.5,0.0,114,108300,买盘
727,10:32:31,9.5,0.0,20,19000,买盘
728,10:32:34,9.5,0.0,16,15200,买盘
729,10:32:42,9.5,0.0,22,20900,买盘
730,10:32:52,9.5,0.0,39,37050,买盘
731,10:32:55,9.5,0.0,25,23750,买盘
732,10:33:01,9.5,0.0,47,45125,买盘
733,10:33:09,9.52,0.02,36,34272,买盘
734,10:33:19,9.44,-0.08,319,302321,卖盘
735,10:33:22,9.52,0.08,10,9520,买盘
736,10:33:34,9.53,0.01,98,93359,买盘
737,10:33:40,9.5,-0.03,15,14250,卖盘
738,10:33:43,9.5,0.0,264,250800,买盘
739,10:33:52,9.5,0.0,124,117800,买盘
740,10:33:54,9.51,0.01,2,1902,买盘
741,10:33:58,9.52,0.01,20,19040,买盘
742,10:34:01,9.51,-0.01,5,4755,卖盘
743,10:34:10,9.51,0.0,20,19020,卖盘
744,10:34:13,9.52,0.01,51,48547,买盘
745,10:34:16,9.52,0.0,2,1904,买盘
746,10:34:28,9.52,0.0,57,54264,买盘
747,10:34:37,9.51,-0.01,2,1902,卖盘
748,10:34:40,9.47,-0.04,318,301798,卖盘
749,10:34:58,9.48,0.01,1,948,卖盘
750,10:35:01,9.51,0.03,10,9510,买盘
751,10:35:16,9.49,-0.02,52,49348,卖盘
752,10:35:21,9.49,0.0,19,18031,卖盘
753,10:35:25,9.49,0.0,1,949,买盘
754,10:35:31,9.49,0.0,2,1898,卖盘
755,10:35:34,9.49,0.0,9,8541,卖盘
756,10:35:37,9.5,0.01,31,29449,买盘
757,10:35:46,9.5,0.0,42,39900,买盘
758,10:35:58,9.5,0.0,63,59850,买盘
759,10:36:06,9.5,0.0,51,48450,买盘
760,10:36:10,9.5,0.0,91,86450,买盘
761,10:36:31,9.5,0.0,5,4750,卖盘
762,10:36:34,9.51,0.01,52,49452,买盘
763,10:36:42,9.5,-0.01,6,5700,买盘
764,10:36:52,9.51,0.01,5,4755,买盘
765,10:36:58,9.51,0.0,10,9510,买盘
766,10:37:01,9.51,0.0,6,5706,买盘
767,10:37:04,9.52,0.01,174,165561,买盘
768,10:37:10,9.5,-0.02,1,950,卖盘
769,10:37:15,9.51,0.01,2,1902,中性盘
770,10:37:22,9.5,-0.01,25,23758,卖盘
771,10:37:36,9.52,0.02,139,132318,买盘
772,10:37:46,9.51,-0.01,3,2853,卖盘
773,10:37:55,9.51,0.0,17,16167,卖盘
774,10:37:58,9.51,0.0,23,21873,买盘
775,10:38:01,9.51,0.0,3,2853,卖盘
776,10:38:07,9.51,0.0,19,18069,卖盘
777,10:38:10,9.51,0.0,72,68472,买盘
778,10:38:22,9.5,-0.01,196,186200,卖盘
779,10:38:28,9.5,0.0,111,105450,买盘
780,10:38:34,9.5,0.0,10,9500,买盘
781,10:38:40,9.49,-0.01,67,63599,卖盘
782,10:38:43,9.49,0.0,23,21827,卖盘
783,10:38:52,9.49,0.0,6,5694,卖盘
784,10:39:07,9.48,-0.01,4,3792,卖盘
785,10:39:13,9.48,0.0,129,122292,卖盘
786,10:39:28,9.48,0.0,4,3792,买盘
787,10:39:34,9.47,-0.01,50,47350,卖盘
788,10:39:40,9.47,0.0,24,22728,买盘
789,10:39:43,9.46,-0.01,23,21758,卖盘
790,10:39:52,9.46,0.0,10,9460,卖盘
791,10:39:55,9.47,0.01,3,2841,买盘
792,10:40:10,9.46,-0.01,258,244068,卖盘
793,10:40:28,9.44,-0.02,10,9440,卖盘
794,10:40:40,9.44,0.0,23,21712,卖盘
795,10:40:49,9.44,0.0,500,472000,卖盘
796,10:40:52,9.45,0.01,10,9450,卖盘
797,10:40:58,9.45,0.0,18,17010,卖盘
798,10:41:07,9.45,0.0,23,21735,卖盘
799,10:41:10,9.45,0.0,1,945,买盘
800,10:41:28,9.44,-0.01,130,122248,卖盘
801,10:41:34,9.44,0.0,5,4720,买盘
802,10:41:40,9.43,-0.01,50,47150,卖盘
803,10:41:43,9.44,0.01,6,5664,买盘
804,10:41:46,9.43,-0.01,2,1886,卖盘
805,10:41:58,9.43,0.0,53,49979,卖盘
806,10:42:07,9.44,0.01,10,9440,买盘
807,10:42:10,9.43,-0.01,10,9430,卖盘
808,10:42:24,9.44,0.01,5,4720,买盘
809,10:42:40,9.44,0.0,31,29264,买盘
810,10:42:42,9.44,0.0,2,1888,买盘
811,10:43:04,9.45,0.01,5,4725,买盘
812,10:43:13,9.45,0.0,6,5670,买盘
813,10:43:16,9.44,-0.01,5,4720,卖盘
814,10:43:19,9.45,0.01,99,93555,买盘
815,10:43:31,9.45,0.0,135,127575,买盘
816,10:43:37,9.45,0.0,21,19845,买盘
817,10:44:01,9.45,0.0,100,94500,卖盘
818,10:44:19,9.45,0.0,100,94500,卖盘
819,10:44:25,9.44,-0.01,395,372977,卖盘
820,10:44:40,9.42,-0.02,224,211207,卖盘
821,10:44:49,9.43,0.01,1,943,卖盘
822,10:44:54,9.43,0.0,1,943,卖盘
823,10:44:58,9.43,0.0,2,1886,买盘
824,10:45:04,9.44,0.01,32,30171,买盘
825,10:45:13,9.44,0.0,35,33040,买盘
826,10:45:16,9.43,-0.01,129,121597,卖盘
827,10:45:25,9.43,0.0,60,56580,买盘
828,10:45:31,9.43,0.0,1,943,买盘
829,10:45:48,9.42,-0.01,14,13198,卖盘
830,10:45:58,9.42,0.0,20,18840,卖盘
831,10:46:01,9.43,0.01,34,32062,买盘
832,10:46:10,9.43,0.0,85,80155,卖盘
833,10:46:22,9.44,0.01,2,1888,买盘
834,10:46:55,9.43,-0.01,100,94300,卖盘
835,10:46:58,9.44,0.01,30,28313,买盘
836,10:47:01,9.44,0.0,53,50032,买盘
837,10:47:07,9.44,0.0,1,944,买盘
838,10:47:49,9.45,0.01,181,170977,买盘
839,10:48:01,9.45,0.0,120,113400,买盘
840,10:48:27,9.45,0.0,59,55755,买盘
841,10:48:43,9.44,-0.01,1,944,卖盘
842,10:48:58,9.44,0.0,9,8496,卖盘
843,10:49:22,9.43,-0.01,50,47150,卖盘
844,10:49:31,9.43,0.0,50,47150,卖盘
845,10:49:36,9.43,0.0,1,943,卖盘
846,10:49:43,9.43,0.0,8,7544,卖盘
847,10:49:58,9.42,-0.01,50,47100,卖盘
848,10:50:09,9.43,0.01,2,1886,买盘
849,10:50:15,9.43,0.0,13,12259,买盘
850,10:50:18,9.43,0.0,2,1886,买盘
851,10:50:21,9.43,0.0,38,35834,买盘
852,10:50:40,9.43,0.0,5,4715,卖盘
853,10:50:43,9.43,0.0,76,71668,卖盘
854,10:50:52,9.44,0.01,4,3776,买盘
855,10:50:58,9.44,0.0,41,38704,买盘
856,10:51:31,9.45,0.01,10,9450,买盘
857,10:51:55,9.45,0.0,9,8505,买盘
858,10:52:01,9.45,0.0,47,44415,买盘
859,10:52:16,9.45,0.0,2,1890,卖盘
860,10:52:22,9.45,0.0,5,4725,卖盘
861,10:52:24,9.46,0.01,50,47300,买盘
862,10:52:27,9.45,-0.01,6,5670,卖盘
863,10:52:34,9.46,0.01,50,47300,买盘
864,10:52:43,9.46,0.0,50,47300,买盘
865,10:52:45,9.46,0.0,7,7190,买盘
866,10:52:49,9.46,0.0,3,2838,卖盘
867,10:53:06,9.47,0.01,134,126898,买盘
868,10:53:25,9.47,0.0,10,9470,买盘
869,10:53:30,9.47,0.0,28,26516,买盘
870,10:53:34,9.47,0.0,25,23675,买盘
871,10:53:37,9.47,0.0,3,2841,买盘
872,10:53:51,9.48,0.01,50,47400,买盘
873,10:53:58,9.48,0.0,1,948,买盘
874,10:54:01,9.48,0.0,3,2844,买盘
875,10:54:13,9.48,0.0,5,4740,卖盘
876,10:54:34,9.48,0.0,83,78684,买盘
877,10:54:40,9.47,-0.01,10,9470,卖盘
878,10:54:54,9.48,0.01,20,18960,买盘
879,10:55:01,9.48,0.0,9,8532,卖盘
880,10:55:04,9.48,0.0,21,19923,卖盘
881,10:55:06,9.48,0.0,4,3792,买盘
882,10:55:13,9.48,0.0,32,30336,买盘
883,10:55:37,9.48,0.0,38,36024,买盘
884,10:55:55,9.48,0.0,38,36013,买盘
885,10:55:57,9.48,0.0,10,9480,卖盘
886,10:56:10,9.48,0.0,20,18960,卖盘
887,10:56:19,9.49,0.01,7,6643,买盘
888,10:56:25,9.48,-0.01,39,36984,卖盘
889,10:56:28,9.49,0.01,256,242944,买盘
890,10:56:37,9.5,0.01,5,4750,买盘
891,10:56:52,9.5,0.0,30,28500,买盘
892,10:57:01,9.5,0.0,33,31350,买盘
893,10:57:04,9.5,0.0,5,4750,买盘
894,10:57:07,9.51,0.01,60,57060,买盘
895,10:57:19,9.5,-0.01,20,19000,卖盘
896,10:57:22,9.52,0.02,200,190356,买盘
897,10:57:46,9.52,0.0,6,5712,买盘
898,10:57:49,9.52,0.0,21,19992,买盘
899,10:57:57,9.52,0.0,20,19040,买盘
900,10:58:00,9.52,0.0,54,51408,买盘
901,10:58:04,9.52,0.0,93,88536,买盘
902,10:58:09,9.52,0.0,20,19040,卖盘
903,10:58:15,9.52,0.0,41,39053,卖盘
904,10:58:25,9.52,0.0,87,82824,卖盘
905,10:58:28,9.52,0.0,333,316116,卖盘
906,10:58:34,9.52,0.0,10,9520,买盘
907,10:58:42,9.51,-0.01,2,1902,中性盘
908,10:58:58,9.5,-0.01,3,2185,卖盘
909,10:59:04,9.5,0.0,20,19000,卖盘
910,10:59:16,9.51,0.01,25,23775,买盘
911,10:59:25,9.5,-0.01,10,9500,卖盘
912,10:59:28,9.5,0.0,10,9500,卖盘
913,10:59:37,9.51,0.01,89,84639,买盘
914,10:59:45,9.51,0.0,3,2853,卖盘
915,10:59:55,9.51,0.0,4,3804,卖盘
916,11:00:04,9.51,0.0,10,9510,卖盘
917,11:00:25,9.51,0.0,8,7608,卖盘
918,11:00:33,9.51,0.0,5,4755,卖盘
919,11:00:48,9.5,-0.01,49,46550,卖盘
920,11:00:52,9.5,0.0,8,8265,卖盘
921,11:01:13,9.49,-0.01,30,28470,买盘
922,11:01:28,9.47,-0.02,276,261372,卖盘
923,11:02:28,9.48,0.01,100,94800,卖盘
924,11:02:58,9.5,0.02,84,79732,买盘
925,11:03:10,9.5,0.0,58,54435,买盘
926,11:03:31,9.5,0.0,4,3800,卖盘
927,11:03:43,9.51,0.01,10,9510,买盘
928,11:03:49,9.5,-0.01,3,2850,卖盘
929,11:03:52,9.5,0.0,10,9500,卖盘
930,11:04:15,9.5,0.0,8,7600,卖盘
931,11:04:28,9.5,0.0,200,190000,卖盘
932,11:04:36,9.5,0.0,21,19950,卖盘
933,11:04:40,9.5,0.0,76,72865,卖盘
934,11:05:22,9.5,0.0,28,26600,买盘
935,11:05:40,9.49,-0.01,10,9490,卖盘
936,11:05:45,9.48,-0.01,42,39817,卖盘
937,11:05:49,9.5,0.02,4,3800,买盘
938,11:06:04,9.5,0.0,20,19000,买盘
939,11:06:16,9.5,0.0,137,129485,买盘
940,11:06:24,9.51,0.01,135,128385,买盘
941,11:06:33,9.48,-0.03,200,190096,卖盘
942,11:06:40,9.51,0.03,56,53251,买盘
943,11:06:46,9.51,0.0,100,95100,买盘
944,11:06:52,9.51,0.0,14,13314,买盘
945,11:07:01,9.51,0.0,3,2853,买盘
946,11:07:04,9.51,0.0,228,216828,买盘
947,11:07:09,9.51,0.0,22,20922,买盘
948,11:07:16,9.52,0.01,1,952,买盘
949,11:07:19,9.52,0.0,1,952,买盘
950,11:07:43,9.52,0.0,27,25704,买盘
951,11:07:55,9.51,-0.01,22,20922,卖盘
952,11:08:01,9.51,0.0,6,5706,卖盘
953,11:08:04,9.52,0.01,25,23800,买盘
954,11:08:19,9.52,0.0,7,6659,买盘
955,11:08:22,9.51,-0.01,24,22824,卖盘
956,11:08:31,9.51,0.0,51,48501,卖盘
957,11:08:37,9.5,-0.01,48,45600,卖盘
958,11:09:09,9.51,0.01,5,4755,买盘
959,11:09:18,9.51,0.0,34,32334,买盘
960,11:09:31,9.51,0.0,5,4755,卖盘
961,11:09:34,9.51,0.0,1,951,卖盘
962,11:09:37,9.52,0.01,30,28531,买盘
963,11:09:46,9.51,-0.01,30,28530,买盘
964,11:09:58,9.5,-0.01,1,950,卖盘
965,11:10:01,9.5,0.0,10,9500,卖盘
966,11:10:04,9.51,0.01,1,951,买盘
967,11:10:34,9.51,0.0,20,19020,买盘
968,11:10:40,9.51,0.0,1,951,买盘
969,11:10:49,9.5,-0.01,15,14250,卖盘
970,11:10:54,9.51,0.01,32,30432,买盘
971,11:10:57,9.51,0.0,5,4755,买盘
972,11:11:10,9.51,0.0,10,9510,买盘
973,11:11:18,9.51,0.0,4,3804,买盘
974,11:11:36,9.5,-0.01,26,24700,卖盘
975,11:11:40,9.5,0.0,1,950,卖盘
976,11:11:46,9.5,0.0,59,56050,卖盘
977,11:11:54,9.51,0.01,12,11412,买盘
978,11:12:34,9.51,0.0,30,28530,买盘
979,11:12:36,9.51,0.0,8,7608,卖盘
980,11:12:52,9.5,-0.01,6,5700,卖盘
981,11:12:58,9.5,0.0,20,19000,卖盘
982,11:13:04,9.5,0.0,100,95000,卖盘
983,11:13:06,9.5,0.0,118,112100,卖盘
984,11:13:09,9.5,0.0,10,9500,卖盘
985,11:13:12,9.49,-0.01,8,7592,卖盘
986,11:13:30,9.5,0.01,168,159600,买盘
987,11:13:33,9.49,-0.01,96,91104,卖盘
988,11:14:16,9.5,0.01,50,47500,买盘
989,11:14:55,9.5,0.0,30,28500,买盘
990,11:14:57,9.49,-0.01,10,9490,卖盘
991,11:15:06,9.5,0.01,27,25650,买盘
992,11:15:16,9.49,-0.01,51,48493,卖盘
993,11:15:25,9.5,0.01,1,950,买盘
994,11:15:28,9.49,-0.01,5,4745,卖盘
995,11:15:37,9.5,0.01,7,6650,买盘
996,11:15:40,9.5,0.0,1,950,买盘
997,11:15:45,9.5,0.0,11,10450,买盘
998,11:15:48,9.5,0.0,8,7600,卖盘
999,11:15:51,9.5,0.0,3,2850,卖盘
1000,11:15:55,9.5,0.0,6,5700,买盘
1001,11:16:16,9.5,0.0,1,950,买盘
1002,11:16:19,9.5,0.0,35,33250,买盘
1003,11:16:43,9.5,0.0,45,42750,卖盘
1004,11:16:58,9.5,0.0,1,950,买盘
1005,11:17:13,9.5,0.0,1,950,买盘
1006,11:17:16,9.5,0.0,4,3800,买盘
1007,11:17:18,9.5,0.0,4,3800,买盘
1008,11:17:22,9.49,-0.01,106,100600,卖盘
1009,11:17:25,9.5,0.01,3,2850,买盘
1010,11:17:34,9.5,0.0,8,7600,买盘
1011,11:17:37,9.5,0.0,6,5700,买盘
1012,11:17:40,9.5,0.0,110,104500,买盘
1013,11:17:45,9.51,0.01,20,19020,买盘
1014,11:17:48,9.51,0.0,12,11402,买盘
1015,11:17:52,9.51,0.0,3,2853,买盘
1016,11:17:55,9.51,0.0,2,1902,买盘
1017,11:17:58,9.51,0.0,5,4755,买盘
1018,11:18:01,9.51,0.0,57,54117,买盘
1019,11:18:04,9.51,0.0,23,21873,买盘
1020,11:18:07,9.51,0.0,17,16167,买盘
1021,11:18:10,9.51,0.0,102,97002,买盘
1022,11:18:28,9.5,-0.01,30,28480,中性盘
1023,11:18:31,9.51,0.01,22,20922,买盘
1024,11:18:37,9.51,0.0,12,11412,买盘
1025,11:18:40,9.51,0.0,47,44697,买盘
1026,11:19:01,9.51,0.0,5,4755,买盘
1027,11:19:06,9.51,0.0,22,20922,买盘
1028,11:19:10,9.5,-0.01,35,33250,卖盘
1029,11:19:13,9.5,0.0,23,21850,买盘
1030,11:19:25,9.5,0.0,359,341335,买盘
1031,11:19:36,9.52,0.02,30,28554,买盘
1032,11:19:46,9.52,0.0,13,12376,买盘
1033,11:20:22,9.51,-0.01,14,13326,卖盘
1034,11:20:28,9.52,0.01,21,19992,买盘
1035,11:20:37,9.5,-0.02,1,950,卖盘
1036,11:21:04,9.51,0.01,19,18069,买盘
1037,11:21:37,9.51,0.0,20,19020,卖盘
1038,11:21:39,9.51,0.0,2,1902,卖盘
1039,11:21:46,9.51,0.0,1,951,卖盘
1040,11:21:49,9.51,0.0,6,5706,买盘
1041,11:21:55,9.51,0.0,50,47550,买盘
1042,11:22:16,9.51,0.0,169,160719,买盘
1043,11:22:21,9.51,0.0,3,2853,卖盘
1044,11:22:39,9.52,0.01,52,49504,买盘
1045,11:23:04,9.52,0.0,20,19040,买盘
1046,11:23:10,9.52,0.0,20,19040,买盘
1047,11:23:22,9.52,0.0,111,105672,买盘
1048,11:23:46,9.52,0.0,50,47600,买盘
1049,11:23:58,9.51,-0.01,20,19020,卖盘
1050,11:24:07,9.52,0.01,20,19040,买盘
1051,11:24:13,9.52,0.0,16,15232,买盘
1052,11:24:18,9.51,-0.01,4,3806,卖盘
1053,11:24:34,9.52,0.01,132,125630,买盘
1054,11:24:43,9.52,0.0,31,29512,买盘
1055,11:24:48,9.51,-0.01,16,15226,卖盘
1056,11:24:52,9.51,0.0,2,1902,卖盘
1057,11:24:58,9.53,0.02,31,29526,买盘
1058,11:25:16,9.51,-0.02,30,28530,卖盘
1059,11:25:40,9.53,0.02,105,100065,买盘
1060,11:25:46,9.51,-0.02,10,9510,卖盘
1061,11:25:54,9.53,0.02,9,8577,买盘
1062,11:26:07,9.53,0.0,60,57180,买盘
1063,11:26:10,9.53,0.0,30,28590,买盘
1064,11:26:13,9.52,-0.01,1,952,卖盘
1065,11:26:25,9.53,0.01,30,28590,买盘
1066,11:26:28,9.52,-0.01,5,4760,卖盘
1067,11:26:33,9.52,0.0,10,9520,卖盘
1068,11:26:43,9.52,0.0,20,19040,卖盘
1069,11:26:46,9.52,0.0,29,27633,卖盘
1070,11:26:48,9.53,0.01,10,9530,买盘
1071,11:26:55,9.53,0.0,17,16196,买盘
1072,11:27:07,9.52,-0.01,20,19040,卖盘
1073,11:27:19,9.53,0.01,70,66615,买盘
1074,11:27:25,9.53,0.0,2,1906,卖盘
1075,11:27:34,9.53,0.0,2,1906,卖盘
1076,11:27:43,9.54,0.01,10,9540,买盘
1077,11:27:55,9.54,0.0,6,5724,买盘
1078,11:28:04,9.54,0.0,50,47700,买盘
1079,11:28:28,9.53,0.0,53,50509,买盘
1080,11:28:31,9.5,-0.03,317,301560,卖盘
1081,11:28:43,9.54,0.04,495,471956,买盘
1082,11:28:49,9.54,0.0,31,29669,卖盘
1083,11:29:19,9.54,0.0,54,51514,买盘
1084,11:29:22,9.55,0.01,300,286348,买盘
1085,11:29:25,9.55,0.0,150,143250,买盘
1086,11:29:37,9.54,-0.01,10,9540,卖盘
1087,11:29:40,9.55,0.01,150,143182,买盘
1088,11:29:46,9.54,-0.01,20,19080,买盘
1089,11:29:49,9.55,0.01,150,143244,买盘
1090,11:30:01,9.54,-0.01,130,124045,中性盘
1091,13:00:04,9.57,0.03,593,567025,买盘
1092,13:00:07,9.59,0.02,768,735695,买盘
1093,13:00:10,9.6,0.01,438,420245,买盘
1094,13:00:13,9.59,-0.01,123,118067,卖盘
1095,13:00:16,9.6,0.01,96,92121,买盘
1096,13:00:19,9.6,0.0,76,72960,买盘
1097,13:00:22,9.6,0.0,15,14400,买盘
1098,13:00:24,9.6,0.0,54,51840,买盘
1099,13:00:27,9.6,0.0,341,327360,买盘
1100,13:00:31,9.6,0.0,165,158380,买盘
1101,13:00:34,9.61,0.01,162,155521,买盘
1102,13:00:37,9.6,-0.01,1,960,卖盘
1103,13:00:40,9.61,0.01,10,9610,买盘
1104,13:00:42,9.61,0.0,41,39401,买盘
1105,13:00:45,9.61,0.0,84,80724,买盘
1106,13:00:49,9.61,0.0,139,133693,买盘
1107,13:00:55,9.62,0.01,30,28860,买盘
1108,13:00:58,9.62,0.0,186,178882,买盘
1109,13:01:00,9.61,-0.01,55,52855,卖盘
1110,13:01:04,9.62,0.01,339,325801,买盘
1111,13:01:07,9.62,0.0,199,191396,买盘
1112,13:01:10,9.62,0.0,50,48100,买盘
1113,13:01:13,9.62,0.0,59,56738,买盘
1114,13:01:16,9.61,-0.01,29,27878,卖盘
1115,13:01:19,9.61,0.0,56,53823,买盘
1116,13:01:22,9.62,0.01,38,36552,买盘
1117,13:01:24,9.61,-0.01,72,69144,中性盘
1118,13:01:28,9.61,0.0,157,150885,卖盘
1119,13:01:30,9.61,0.0,123,118138,卖盘
1120,13:01:34,9.61,0.0,131,125826,买盘
1121,13:01:37,9.6,-0.01,90,86456,卖盘
1122,13:01:40,9.6,0.0,33,31680,卖盘
1123,13:01:43,9.61,0.01,39,37450,买盘
1124,13:01:46,9.6,-0.01,23,22080,卖盘
1125,13:01:48,9.61,0.01,64,61485,买盘
1126,13:01:52,9.62,0.01,35,33639,买盘
1127,13:01:54,9.6,-0.02,8,7680,卖盘
1128,13:01:58,9.62,0.02,406,390425,买盘
1129,13:02:01,9.6,-0.02,40,38455,卖盘
1130,13:02:07,9.62,0.02,27,25949,买盘
1131,13:02:10,9.62,0.0,61,58681,买盘
1132,13:02:13,9.63,0.01,237,228155,买盘
1133,13:02:19,9.63,0.0,40,38520,卖盘
1134,13:02:22,9.63,0.0,409,393867,卖盘
1135,13:02:25,9.64,0.01,10,9640,买盘
1136,13:02:27,9.63,-0.01,90,86730,卖盘
1137,13:02:31,9.64,0.01,125,120490,买盘
1138,13:02:34,9.63,-0.01,299,287952,卖盘
1139,13:02:37,9.64,0.01,199,191824,买盘
1140,13:02:40,9.63,-0.01,106,102178,中性盘
1141,13:02:46,9.63,0.0,10,9630,买盘
1142,13:02:49,9.63,0.0,212,204312,买盘
1143,13:02:52,9.63,0.0,10,9630,买盘
1144,13:02:55,9.64,0.01,34,32765,买盘
1145,13:02:57,9.63,-0.01,55,52923,中性盘
1146,13:03:01,9.63,0.0,83,79929,买盘
1147,13:03:04,9.62,-0.01,20,19251,卖盘
1148,13:03:07,9.62,0.0,15,14430,卖盘
1149,13:03:10,9.62,0.0,185,177970,卖盘
1150,13:03:12,9.62,0.0,140,134680,买盘
1151,13:03:16,9.62,0.0,63,60606,买盘
1152,13:03:22,9.61,-0.01,55,52860,卖盘
1153,13:03:25,9.62,0.01,186,178797,买盘
1154,13:03:28,9.61,-0.01,10,9610,卖盘
1155,13:03:31,9.61,0.0,8,7688,买盘
1156,13:03:33,9.61,0.0,8,7688,买盘
1157,13:03:36,9.61,0.0,53,50933,买盘
1158,13:03:40,9.61,0.0,2,1922,买盘
1159,13:03:46,9.61,0.0,7,6724,买盘
1160,13:03:49,9.61,0.0,10,9610,买盘
1161,13:03:52,9.61,0.0,170,163247,买盘
1162,13:03:55,9.6,-0.01,98,94080,卖盘
1163,13:03:58,9.6,0.0,7,6720,卖盘
1164,13:04:07,9.6,0.0,190,182400,卖盘
1165,13:04:09,9.6,0.0,48,46080,买盘
1166,13:04:16,9.6,0.0,76,72934,买盘
1167,13:04:24,9.6,0.0,5,4800,买盘
1168,13:04:28,9.6,0.0,14,13440,买盘
1169,13:04:36,9.6,0.0,38,36469,买盘
1170,13:04:48,9.6,0.0,437,419520,买盘
1171,13:04:52,9.6,0.0,25,24000,卖盘
1172,13:04:57,9.61,0.01,5,4805,买盘
1173,13:05:01,9.61,0.0,14,13454,买盘
1174,13:05:04,9.6,-0.01,5,4800,卖盘
1175,13:05:07,9.61,0.01,14,13454,买盘
1176,13:05:09,9.61,0.0,90,86854,买盘
1177,13:05:16,9.61,0.0,15,14415,卖盘
1178,13:05:18,9.61,0.0,6,5766,卖盘
1179,13:05:21,9.62,0.01,119,113993,买盘
1180,13:05:27,9.62,0.0,30,28848,买盘
1181,13:05:31,9.61,-0.01,12,11532,买盘
1182,13:05:34,9.62,0.01,34,32700,买盘
1183,13:05:37,9.62,0.0,506,487349,买盘
1184,13:05:39,9.61,-0.01,50,48058,卖盘
1185,13:05:46,9.61,0.0,50,48050,卖盘
1186,13:05:49,9.63,0.02,40,38500,买盘
1187,13:05:55,9.63,0.0,2,1926,买盘
1188,13:06:01,9.61,-0.02,168,161490,卖盘
1189,13:06:04,9.63,0.02,20,19260,买盘
1190,13:06:07,9.62,-0.01,10,9620,卖盘
1191,13:06:10,9.63,0.01,17,16369,买盘
1192,13:06:12,9.63,0.0,56,53928,买盘
1193,13:06:15,9.61,-0.02,13,12496,卖盘
1194,13:06:18,9.63,0.02,50,48150,买盘
1195,13:06:24,9.63,0.0,1,963,买盘
1196,13:06:31,9.62,-0.01,25,24050,卖盘
1197,13:06:33,9.62,0.0,20,19240,卖盘
1198,13:06:37,9.62,0.0,263,253206,卖盘
1199,13:06:40,9.62,0.0,23,22144,买盘
1200,13:06:43,9.62,0.0,4,3848,买盘
1201,13:06:46,9.63,0.01,9,8566,买盘
1202,13:06:48,9.63,0.0,17,16467,卖盘
1203,13:06:51,9.63,0.0,10,9630,买盘
1204,13:07:01,9.62,-0.01,6,5772,卖盘
1205,13:07:10,9.63,0.01,21,20223,买盘
1206,13:07:12,9.63,0.0,8,7698,买盘
1207,13:07:19,9.62,-0.01,70,67340,卖盘
1208,13:07:22,9.63,0.01,51,49083,买盘
1209,13:07:25,9.62,-0.01,5,4810,卖盘
1210,13:07:28,9.62,0.0,140,134744,卖盘
1211,13:07:34,9.62,0.0,10,9620,买盘
1212,13:07:40,9.62,0.0,9,8658,买盘
1213,13:07:42,9.64,0.02,521,501747,买盘
1214,13:07:45,9.63,-0.01,3,2889,买盘
1215,13:07:49,9.65,0.02,516,497544,买盘
1216,13:07:58,9.65,0.0,71,68475,买盘
1217,13:08:01,9.63,-0.02,10,9630,卖盘
1218,13:08:04,9.67,0.04,436,421153,买盘
1219,13:08:10,9.65,-0.02,12,11580,卖盘
1220,13:08:15,9.68,0.03,325,314485,买盘
1221,13:08:19,9.66,-0.02,1,966,中性盘
1222,13:08:22,9.66,0.0,5,4830,卖盘
1223,13:08:25,9.67,0.01,57,55067,买盘
1224,13:08:28,9.68,0.01,161,155822,买盘
1225,13:08:31,9.68,0.0,25,24189,买盘
1226,13:08:34,9.67,-0.01,130,125740,买盘
1227,13:08:37,9.68,0.01,30,29040,买盘
1228,13:08:42,9.69,0.01,853,825779,买盘
1229,13:08:46,9.69,0.0,45,43630,卖盘
1230,13:08:48,9.69,0.0,315,305235,卖盘
1231,13:08:52,9.7,0.01,328,318160,买盘
1232,13:08:55,9.71,0.01,33,32040,买盘
1233,13:08:57,9.7,-0.01,2,1940,卖盘
1234,13:09:00,9.71,0.01,706,684926,买盘
1235,13:09:04,9.71,0.0,76,73811,卖盘
1236,13:09:07,9.7,-0.01,361,350483,卖盘
1237,13:09:10,9.72,0.02,224,217623,买盘
1238,13:09:13,9.71,-0.01,19,18449,卖盘
1239,13:09:16,9.71,0.0,19,18449,卖盘
1240,13:09:19,9.7,-0.01,108,104800,卖盘
1241,13:09:22,9.7,0.0,145,140660,买盘
1242,13:09:24,9.71,0.01,54,52411,买盘
1243,13:09:28,9.71,0.0,34,33004,买盘
1244,13:09:31,9.7,-0.01,50,48500,卖盘
1245,13:09:34,9.71,0.01,198,192550,买盘
1246,13:09:37,9.7,-0.01,123,118994,卖盘
1247,13:09:40,9.7,0.0,84,81435,买盘
1248,13:09:43,9.71,0.01,53,51411,买盘
1249,13:09:46,9.71,0.0,26,25246,买盘
1250,13:09:49,9.72,0.01,596,578456,买盘
1251,13:09:52,9.7,-0.02,96,93160,卖盘
1252,13:09:58,9.71,0.01,139,134842,买盘
1253,13:10:01,9.71,0.0,11,10681,卖盘
1254,13:10:04,9.71,0.0,11,10681,卖盘
1255,13:10:07,9.7,-0.01,154,149394,卖盘
1256,13:10:12,9.71,0.01,10,9710,买盘
1257,13:10:22,9.7,-0.01,60,58200,卖盘
1258,13:10:25,9.7,0.0,137,132944,卖盘
1259,13:10:30,9.69,-0.01,95,92121,卖盘
1260,13:10:34,9.7,0.01,488,473360,买盘
1261,13:10:37,9.7,0.0,10,9700,卖盘
1262,13:10:40,9.72,0.02,245,238031,买盘
1263,13:10:43,9.71,-0.01,1,971,中性盘
1264,13:10:46,9.72,0.01,248,241049,买盘
1265,13:10:49,9.72,0.0,69,66992,买盘
1266,13:10:55,9.71,-0.01,20,19420,买盘
1267,13:11:01,9.7,-0.01,50,48500,卖盘
1268,13:11:04,9.72,0.02,186,180674,买盘
1269,13:11:07,9.71,-0.01,7,6797,卖盘
1270,13:11:09,9.7,-0.01,12,11640,卖盘
1271,13:11:19,9.71,0.01,30,29130,买盘
1272,13:11:22,9.71,0.0,1,971,买盘
1273,13:11:25,9.71,0.0,4,3884,买盘
1274,13:11:28,9.71,0.0,20,19420,买盘
1275,13:11:31,9.72,0.01,556,540795,买盘
1276,13:11:37,9.72,0.0,10,9720,卖盘
1277,13:11:40,9.73,0.01,150,145950,买盘
1278,13:11:43,9.72,-0.01,23,22356,卖盘
1279,13:11:46,9.73,0.01,15,14595,买盘
1280,13:11:49,9.73,0.0,76,73897,买盘
1281,13:11:52,9.71,-0.02,674,654890,卖盘
1282,13:11:55,9.73,0.02,589,572964,买盘
1283,13:11:57,9.72,-0.01,5,4860,中性盘
1284,13:12:04,9.71,-0.01,7,6797,卖盘
1285,13:12:07,9.72,0.01,115,111770,买盘
1286,13:12:10,9.72,0.0,5,4860,买盘
1287,13:12:13,9.72,0.0,167,162095,买盘
1288,13:12:16,9.72,0.0,35,33990,买盘
1289,13:12:19,9.72,0.0,20,19421,买盘
1290,13:12:24,9.71,-0.01,25,24275,卖盘
1291,13:12:28,9.71,0.0,33,32043,买盘
1292,13:12:31,9.71,0.0,10,9710,买盘
1293,13:12:36,9.71,0.0,30,29130,买盘
1294,13:12:40,9.7,-0.01,16,15530,卖盘
1295,13:12:43,9.71,0.01,10,9710,中性盘
1296,13:12:46,9.71,0.0,1,971,买盘
1297,13:12:49,9.7,-0.01,355,344375,卖盘
1298,13:12:51,9.7,0.0,39,37830,卖盘
1299,13:12:55,9.7,0.0,6,5820,买盘
1300,13:13:07,9.69,-0.01,50,48460,卖盘
1301,13:13:10,9.7,0.01,32,31018,买盘
1302,13:13:13,9.7,0.0,11,10670,买盘
1303,13:13:19,9.69,-0.01,165,160380,卖盘
1304,13:13:31,9.68,-0.01,45,43560,卖盘
1305,13:13:37,9.67,-0.01,3,2901,卖盘
1306,13:13:46,9.67,0.0,41,39647,卖盘
1307,13:13:52,9.67,0.0,22,21284,卖盘
1308,13:13:58,9.67,0.0,13,12571,卖盘
1309,13:14:01,9.67,0.0,21,20307,卖盘
1310,13:14:07,9.66,-0.01,85,82142,卖盘
1311,13:14:16,9.67,0.01,1,967,买盘
1312,13:14:19,9.67,0.0,130,125708,买盘
1313,13:14:22,9.66,-0.01,27,26082,卖盘
1314,13:14:25,9.67,0.01,41,39608,买盘
1315,13:14:28,9.67,0.0,2,1934,卖盘
1316,13:14:34,9.67,0.0,2,1935,卖盘
1317,13:14:36,9.67,0.0,18,17406,卖盘
1318,13:14:43,9.67,0.0,5,4835,买盘
1319,13:14:49,9.65,-0.02,10,9650,卖盘
1320,13:14:52,9.66,0.01,6,5801,卖盘
1321,13:14:55,9.65,-0.01,67,64655,卖盘
1322,13:14:58,9.66,0.01,3,2898,买盘
1323,13:15:07,9.65,-0.01,105,101325,卖盘
1324,13:15:10,9.65,0.0,25,24125,卖盘
1325,13:15:12,9.65,0.0,5,4825,买盘
1326,13:15:16,9.65,0.0,5,4825,买盘
1327,13:15:34,9.65,0.0,1,965,买盘
1328,13:15:40,9.65,0.0,75,72365,买盘
1329,13:15:43,9.66,0.01,20,19308,买盘
1330,13:15:49,9.64,-0.02,15,14460,卖盘
1331,13:15:52,9.65,0.01,3,2895,买盘
1332,13:15:55,9.65,0.0,20,19300,买盘
1333,13:16:04,9.66,0.01,20,19308,买盘
1334,13:16:07,9.64,-0.02,11,10604,卖盘
1335,13:16:16,9.64,0.0,9,8676,买盘
1336,13:16:18,9.64,0.0,17,16388,卖盘
1337,13:16:22,9.63,-0.01,50,48185,卖盘
1338,13:16:28,9.64,0.01,5,4820,买盘
1339,13:16:31,9.64,0.0,5,4820,卖盘
1340,13:16:40,9.63,-0.01,15,14446,卖盘
1341,13:16:46,9.63,0.0,1,963,卖盘
1342,13:16:51,9.65,0.02,177,170805,买盘
1343,13:16:58,9.65,0.0,51,49215,卖盘
1344,13:17:04,9.65,0.0,35,33775,卖盘
1345,13:17:10,9.66,0.01,49,47334,买盘
1346,13:17:22,9.66,0.0,10,9660,买盘
1347,13:17:25,9.66,0.0,5,4830,买盘
1348,13:17:31,9.66,0.0,83,80178,买盘
1349,13:17:43,9.66,0.0,28,27048,买盘
1350,13:17:46,9.66,0.0,30,28980,买盘
1351,13:17:49,9.66,0.0,32,30274,买盘
1352,13:17:52,9.66,0.0,50,48300,卖盘
1353,13:18:04,9.66,0.0,5,4830,卖盘
1354,13:18:07,9.67,0.01,4,3868,买盘
1355,13:18:10,9.67,0.0,10,9670,买盘
1356,13:18:13,9.66,-0.01,60,57965,卖盘
1357,13:18:16,9.64,-0.02,200,192986,卖盘
1358,13:18:19,9.66,0.02,19,18354,买盘
1359,13:18:34,9.65,-0.01,40,38600,卖盘
1360,13:18:39,9.65,0.0,10,9650,买盘
1361,13:18:55,9.65,0.0,50,48250,买盘
1362,13:18:58,9.64,-0.01,10,9640,卖盘
1363,13:19:01,9.64,0.0,86,82904,卖盘
1364,13:19:04,9.64,0.0,43,41452,买盘
1365,13:19:16,9.63,-0.01,317,305281,卖盘
1366,13:19:22,9.63,0.0,2,1926,买盘
1367,13:19:25,9.63,0.0,41,39483,买盘
1368,13:19:28,9.63,0.0,11,10593,买盘
1369,13:19:33,9.62,-0.01,37,35594,卖盘
1370,13:19:37,9.62,0.0,51,49062,卖盘
1371,13:19:43,9.64,0.02,100,96346,买盘
1372,13:19:46,9.62,-0.02,20,19240,卖盘
1373,13:19:49,9.62,0.0,5,4810,卖盘
1374,13:19:51,9.62,0.0,1,962,卖盘
1375,13:20:04,9.63,0.01,70,67410,卖盘
1376,13:20:10,9.63,0.0,10,9630,卖盘
1377,13:20:18,9.64,0.01,1,964,买盘
1378,13:20:21,9.64,0.0,6,5779,买盘
1379,13:20:28,9.63,-0.01,35,33715,卖盘
1380,13:20:31,9.64,0.01,12,11568,买盘
1381,13:20:34,9.64,0.0,10,9640,买盘
1382,13:20:46,9.64,0.0,25,24100,买盘
1383,13:20:52,9.63,-0.01,22,21187,卖盘
1384,13:20:54,9.64,0.01,96,92454,买盘
1385,13:21:18,9.63,-0.01,10,9630,买盘
1386,13:21:25,9.63,0.0,16,15408,买盘
1387,13:21:27,9.63,0.0,13,12513,买盘
1388,13:21:31,9.64,0.01,5,4820,买盘
1389,13:21:37,9.62,-0.02,50,48110,卖盘
1390,13:21:40,9.63,0.01,20,19260,买盘
1391,13:21:43,9.63,0.0,16,15408,买盘
1392,13:21:49,9.63,0.0,30,28890,买盘
1393,13:21:55,9.63,0.0,30,28890,买盘
1394,13:22:01,9.63,0.0,10,9630,买盘
1395,13:22:07,9.63,0.0,20,19260,买盘
1396,13:22:10,9.63,0.0,52,50076,买盘
1397,13:22:13,9.63,0.0,71,69004,卖盘
1398,13:22:16,9.62,-0.01,42,40404,卖盘
1399,13:22:34,9.63,0.01,11,10593,买盘
1400,13:22:37,9.63,0.0,1,963,卖盘
1401,13:22:43,9.64,0.01,212,204346,买盘
1402,13:22:57,9.64,0.0,15,14460,买盘
1403,13:23:04,9.64,0.0,2,1928,买盘
1404,13:23:10,9.64,0.0,11,10604,买盘
1405,13:23:13,9.64,0.0,30,28920,卖盘
1406,13:23:16,9.63,-0.01,221,212837,卖盘
1407,13:23:21,9.62,-0.01,35,33670,卖盘
1408,13:23:28,9.63,0.01,25,24075,买盘
1409,13:23:31,9.63,0.0,49,47187,买盘
1410,13:23:34,9.63,0.0,10,9630,买盘
1411,13:23:40,9.63,0.0,10,9630,买盘
1412,13:23:55,9.62,-0.01,2,1924,卖盘
1413,13:24:07,9.63,0.01,30,28890,买盘
1414,13:24:16,9.63,0.0,28,26964,买盘
1415,13:24:19,9.63,0.0,21,20223,卖盘
1416,13:24:24,9.63,0.0,133,128079,卖盘
1417,13:24:43,9.63,0.0,1,963,买盘
1418,13:24:49,9.63,0.0,9,8667,买盘
1419,13:24:51,9.63,0.0,13,12519,卖盘
1420,13:25:01,9.63,0.0,73,70299,卖盘
1421,13:25:13,9.63,0.0,25,24070,买盘
1422,13:25:22,9.63,0.0,53,51039,买盘
1423,13:25:25,9.63,0.0,10,9630,卖盘
1424,13:25:43,9.63,0.0,44,42374,卖盘
1425,13:25:48,9.63,0.0,4,3852,卖盘
1426,13:25:51,9.63,0.0,18,17334,卖盘
1427,13:25:58,9.62,-0.01,25,24070,卖盘
1428,13:26:12,9.63,0.01,16,15408,卖盘
1429,13:26:16,9.64,0.01,10,9639,买盘
1430,13:26:31,9.62,-0.02,35,33675,卖盘
1431,13:26:37,9.63,0.01,4,3852,买盘
1432,13:26:46,9.62,-0.01,3,2886,卖盘
1433,13:26:49,9.63,0.01,10,9630,买盘
1434,13:26:54,9.62,-0.01,120,115460,卖盘
1435,13:27:04,9.63,0.01,38,35920,买盘
1436,13:27:10,9.63,0.0,8,7704,卖盘
1437,13:27:13,9.63,0.0,10,9630,卖盘
1438,13:27:16,9.63,0.0,71,68373,卖盘
1439,13:27:21,9.63,0.0,46,44298,买盘
1440,13:27:24,9.63,0.0,18,17334,卖盘
1441,13:27:28,9.64,0.01,9,8676,买盘
1442,13:27:33,9.64,0.0,25,24100,买盘
1443,13:27:49,9.64,0.0,25,24100,买盘
1444,13:27:55,9.64,0.0,3,2892,买盘
1445,13:28:07,9.64,0.0,4,3856,买盘
1446,13:28:10,9.64,0.0,16,15424,买盘
1447,13:28:19,9.64,0.0,10,9640,买盘
1448,13:28:22,9.64,0.0,9,8676,买盘
1449,13:28:25,9.64,0.0,20,19280,买盘
1450,13:28:28,9.63,-0.01,10,9630,卖盘
1451,13:28:31,9.64,0.01,10,9640,买盘
1452,13:28:40,9.64,0.0,50,48200,买盘
1453,13:28:46,9.64,0.0,11,10604,买盘
1454,13:29:13,9.64,0.0,2,1928,卖盘
1455,13:29:19,9.64,0.0,4,3856,卖盘
1456,13:29:25,9.64,0.0,10,9640,卖盘
1457,13:29:27,9.64,0.0,2,1928,卖盘
1458,13:29:37,9.63,-0.01,230,221625,卖盘
1459,13:29:49,9.65,0.02,26,25090,买盘
1460,13:30:00,9.64,-0.01,2,1928,卖盘
1461,13:30:04,9.65,0.01,10,9650,买盘
1462,13:30:13,9.64,-0.01,32,30848,卖盘
1463,13:30:19,9.64,0.0,39,37596,买盘
1464,13:30:22,9.65,0.01,10,9646,买盘
1465,13:30:34,9.64,-0.01,1,964,买盘
1466,13:30:39,9.64,0.0,1,964,卖盘
1467,13:30:46,9.64,0.0,1,964,买盘
1468,13:31:22,9.64,0.0,5,4820,买盘
1469,13:31:28,9.64,0.0,37,35658,买盘
1470,13:31:33,9.64,0.0,52,50128,买盘
1471,13:31:39,9.64,0.0,2,1928,卖盘
1472,13:31:49,9.64,0.0,50,48200,卖盘
1473,13:32:04,9.63,-0.01,20,19260,卖盘
1474,13:32:22,9.63,0.0,4,3852,卖盘
1475,13:32:28,9.63,0.0,25,24075,卖盘
1476,13:32:48,9.63,0.0,117,112671,卖盘
1477,13:32:51,9.63,0.0,26,25058,卖盘
1478,13:33:04,9.63,0.0,7,6741,买盘
1479,13:33:16,9.62,-0.01,50,48100,卖盘
1480,13:33:31,9.63,0.01,5,4815,买盘
1481,13:33:37,9.63,0.0,5,4815,买盘
1482,13:33:40,9.62,-0.01,509,489658,卖盘
1483,13:33:46,9.61,-0.01,1,961,卖盘
1484,13:33:49,9.62,0.01,15,14430,买盘
1485,13:33:52,9.62,0.0,50,48100,买盘
1486,13:33:58,9.61,-0.01,45,43245,卖盘
1487,13:34:04,9.62,0.01,8,7696,买盘
1488,13:34:06,9.62,0.0,25,24050,买盘
1489,13:34:10,9.61,-0.01,18,17298,卖盘
1490,13:34:22,9.61,0.0,106,101872,卖盘
1491,13:34:25,9.61,0.0,3,2883,卖盘
1492,13:34:28,9.61,0.0,50,48050,卖盘
1493,13:34:37,9.61,0.0,36,34596,卖盘
1494,13:34:39,9.61,0.0,102,98022,卖盘
1495,13:34:42,9.61,0.0,3,2883,买盘
1496,13:34:48,9.61,0.0,80,76880,买盘
1497,13:35:01,9.6,-0.01,43,41376,卖盘
1498,13:35:04,9.6,0.0,45,43200,卖盘
1499,13:35:18,9.6,0.0,20,19200,卖盘
1500,13:35:34,9.61,0.01,34,32674,买盘
1501,13:35:46,9.61,0.0,24,23064,买盘
1502,13:35:55,9.6,-0.01,185,177600,卖盘
1503,13:36:01,9.61,0.01,10,9610,买盘
1504,13:36:06,9.6,-0.01,100,96000,卖盘
1505,13:36:13,9.61,0.01,21,20181,买盘
1506,13:36:18,9.6,-0.01,3,2880,卖盘
1507,13:36:22,9.61,0.01,69,66309,买盘
1508,13:36:24,9.61,0.0,20,19220,卖盘
1509,13:36:33,9.61,0.0,1,961,卖盘
1510,13:36:37,9.61,0.0,10,9610,卖盘
1511,13:36:40,9.61,0.0,11,10571,买盘
1512,13:36:46,9.62,0.01,10,9620,买盘
1513,13:37:09,9.61,-0.01,1,961,卖盘
1514,13:37:13,9.62,0.01,1,962,买盘
1515,13:37:22,9.62,0.0,12,11534,买盘
1516,13:37:28,9.62,0.0,10,9620,买盘
1517,13:37:37,9.61,-0.01,57,54833,卖盘
1518,13:37:40,9.62,0.01,48,46176,买盘
1519,13:37:48,9.61,-0.01,12,11532,卖盘
1520,13:37:51,9.61,0.0,101,97061,卖盘
1521,13:37:55,9.61,0.0,6,5766,卖盘
1522,13:37:58,9.61,0.0,5,4805,买盘
1523,13:38:01,9.61,0.0,12,11532,买盘
1524,13:38:04,9.61,0.0,8,7688,买盘
1525,13:38:07,9.61,0.0,1,961,卖盘
1526,13:38:16,9.61,0.0,29,27869,卖盘
1527,13:38:19,9.61,0.0,20,19220,买盘
1528,13:38:22,9.61,0.0,45,43245,买盘
1529,13:38:31,9.62,0.01,10,9620,买盘
1530,13:38:40,9.61,-0.01,10,9610,卖盘
1531,13:38:43,9.62,0.01,20,19240,买盘
1532,13:38:46,9.61,-0.01,3,2883,卖盘
1533,13:38:52,9.61,0.0,1,961,卖盘
1534,13:38:55,9.61,0.0,5,4805,卖盘
1535,13:39:06,9.61,0.0,14,13454,卖盘
1536,13:39:16,9.61,0.0,96,92287,卖盘
1537,13:39:19,9.61,0.0,9,8649,买盘
1538,13:39:31,9.6,-0.01,9,8640,卖盘
1539,13:39:37,9.6,0.0,1,960,卖盘
1540,13:39:40,9.6,0.0,54,51840,卖盘
1541,13:39:45,9.61,0.01,10,9610,买盘
1542,13:39:51,9.6,-0.01,1,960,卖盘
1543,13:39:55,9.6,0.0,2,1920,卖盘
1544,13:40:09,9.61,0.01,29,27869,买盘
1545,13:40:16,9.6,-0.01,12,11520,卖盘
1546,13:40:22,9.61,0.01,4,3844,买盘
1547,13:40:25,9.6,-0.01,600,576000,卖盘
1548,13:40:28,9.61,0.01,83,79763,买盘
1549,13:40:37,9.61,0.0,166,159526,卖盘
1550,13:40:52,9.61,0.0,61,58621,卖盘
1551,13:41:04,9.61,0.0,5,4805,买盘
1552,13:41:10,9.61,0.0,48,46128,买盘
1553,13:41:16,9.61,0.0,38,36518,卖盘
1554,13:41:28,9.61,0.0,1,961,卖盘
1555,13:41:37,9.6,-0.01,1,960,卖盘
1556,13:41:51,9.6,0.0,13,12480,卖盘
1557,13:42:16,9.6,0.0,22,21120,卖盘
1558,13:42:22,9.6,0.0,1,960,卖盘
1559,13:42:37,9.6,0.0,87,83520,卖盘
1560,13:42:39,9.6,0.0,1,960,卖盘
1561,13:42:49,9.61,0.01,22,21122,买盘
1562,13:42:52,9.6,-0.01,1,960,卖盘
1563,13:43:04,9.6,0.0,50,48000,卖盘
1564,13:43:06,9.6,0.0,4,3840,卖盘
1565,13:43:21,9.59,-0.01,1,959,卖盘
1566,13:43:24,9.6,0.01,8,7680,买盘
1567,13:43:31,9.59,-0.01,53,50842,卖盘
1568,13:43:37,9.59,0.0,1,959,卖盘
1569,13:44:04,9.59,0.0,40,38360,卖盘
1570,13:44:07,9.59,0.0,11,10549,卖盘
1571,13:44:18,9.59,0.0,13,12467,卖盘
1572,13:44:22,9.59,0.0,6,5754,卖盘
1573,13:44:27,9.59,0.0,20,19180,卖盘
1574,13:44:46,9.59,0.0,5,4795,卖盘
1575,13:44:52,9.59,0.0,1,959,卖盘
1576,13:44:55,9.59,0.0,5,4795,卖盘
1577,13:45:06,9.59,0.0,1,959,卖盘
1578,13:45:12,9.59,0.0,20,19180,卖盘
1579,13:45:19,9.59,0.0,13,12467,卖盘
1580,13:45:21,9.59,0.0,11,10549,卖盘
1581,13:45:25,9.59,0.0,10,9590,卖盘
1582,13:45:31,9.59,0.0,2,1918,卖盘
1583,13:45:33,9.6,0.01,9,8640,买盘
1584,13:45:37,9.59,-0.01,20,19180,卖盘
1585,13:45:39,9.59,0.0,12,11508,卖盘
1586,13:45:42,9.6,0.01,23,22080,买盘
1587,13:45:52,9.59,-0.01,12,11508,卖盘
1588,13:46:06,9.59,0.0,1,959,卖盘
1589,13:46:33,9.59,0.0,2,1918,卖盘
1590,13:46:39,9.59,0.0,1,959,卖盘
1591,13:46:43,9.59,0.0,100,95900,卖盘
1592,13:46:46,9.6,0.01,3,2880,买盘
1593,13:46:52,9.59,-0.01,6,5759,卖盘
1594,13:46:54,9.6,0.01,30,28800,买盘
1595,13:47:07,9.6,0.0,6,5760,买盘
1596,13:47:22,9.59,-0.01,1,959,卖盘
1597,13:47:28,9.59,0.0,1,959,卖盘
1598,13:47:30,9.6,0.01,30,28800,买盘
1599,13:47:33,9.6,0.0,83,79680,买盘
1600,13:47:37,9.6,0.0,5,4800,买盘
1601,13:47:43,9.6,0.0,1,960,买盘
1602,13:47:45,9.6,0.0,25,24000,买盘
1603,13:47:51,9.59,-0.01,1,959,卖盘
1604,13:47:57,9.6,0.01,31,29760,买盘
1605,13:48:10,9.6,0.0,10,9600,买盘
1606,13:48:13,9.6,0.0,10,9600,买盘
1607,13:48:22,9.6,0.0,4,3840,买盘
1608,13:48:25,9.59,-0.01,12,11508,卖盘
1609,13:48:36,9.59,0.0,6,5759,卖盘
1610,13:48:39,9.59,0.0,12,11508,卖盘
1611,13:48:51,9.59,0.0,1,959,卖盘
1612,13:48:58,9.6,0.01,35,33600,买盘
1613,13:49:01,9.59,-0.01,132,126593,卖盘
1614,13:49:06,9.6,0.01,15,14400,买盘
1615,13:49:13,9.61,0.01,122,117191,买盘
1616,13:49:19,9.61,0.0,27,25947,卖盘
1617,13:49:25,9.6,-0.01,36,34530,中性盘
1618,13:49:28,9.6,0.0,7,6720,买盘
1619,13:49:49,9.61,0.01,12,11532,买盘
1620,13:49:58,9.61,0.0,58,55738,买盘
1621,13:50:01,9.61,0.0,11,10571,买盘
1622,13:50:04,9.6,-0.01,250,240000,卖盘
1623,13:50:07,9.61,0.01,5,4805,买盘
1624,13:50:09,9.61,0.0,24,22872,买盘
1625,13:50:16,9.61,0.0,5,4805,卖盘
1626,13:50:34,9.61,0.0,10,9610,卖盘
1627,13:50:40,9.62,0.01,201,193362,买盘
1628,13:50:46,9.63,0.01,10,9630,买盘
1629,13:50:54,9.63,0.0,30,28890,买盘
1630,13:50:57,9.62,-0.01,1,962,卖盘
1631,13:51:01,9.62,0.0,12,11544,卖盘
1632,13:51:04,9.62,0.0,52,50024,卖盘
1633,13:51:07,9.63,0.01,3,2889,买盘
1634,13:51:10,9.63,0.0,20,19260,买盘
1635,13:51:16,9.62,-0.01,47,45214,卖盘
1636,13:51:19,9.63,0.01,43,41409,买盘
1637,13:51:28,9.64,0.01,22,21196,买盘
1638,13:51:37,9.64,0.0,5,4820,买盘
1639,13:51:40,9.64,0.0,80,77050,买盘
1640,13:51:46,9.64,0.0,80,77120,买盘
1641,13:51:49,9.63,-0.01,10,9630,卖盘
1642,13:51:52,9.64,0.01,165,158995,买盘
1643,13:51:58,9.64,0.0,5,4820,买盘
1644,13:52:01,9.64,0.0,20,19280,买盘
1645,13:52:19,9.63,-0.01,96,92448,卖盘
1646,13:52:34,9.62,-0.01,3,2886,卖盘
1647,13:52:46,9.62,0.0,14,13478,卖盘
1648,13:53:01,9.63,0.01,10,9630,买盘
1649,13:53:07,9.63,0.0,27,26001,买盘
1650,13:53:10,9.63,0.0,3,2889,卖盘
1651,13:53:16,9.63,0.0,9,8667,卖盘
1652,13:53:21,9.63,0.0,12,11556,卖盘
1653,13:53:43,9.63,0.0,5,4815,卖盘
1654,13:53:45,9.63,0.0,28,26964,卖盘
1655,13:53:48,9.64,0.01,2,1928,买盘
1656,13:53:51,9.63,-0.01,8,7704,卖盘
1657,13:54:01,9.64,0.01,40,38547,买盘
1658,13:54:04,9.63,-0.01,15,14445,中性盘
1659,13:54:10,9.63,0.0,5,4815,卖盘
1660,13:54:22,9.63,0.0,5,4815,卖盘
1661,13:54:28,9.64,0.01,107,103099,买盘
1662,13:54:34,9.64,0.0,20,19280,买盘
1663,13:54:37,9.64,0.0,78,75192,买盘
1664,13:54:51,9.63,-0.01,24,23112,卖盘
1665,13:55:04,9.63,0.0,3,2889,买盘
1666,13:55:13,9.63,0.0,25,24075,买盘
1667,13:55:21,9.63,0.0,20,19260,卖盘
1668,13:55:28,9.63,0.0,5,4815,买盘
1669,13:55:31,9.64,0.01,112,107908,买盘
1670,13:55:43,9.62,-0.02,54,51963,卖盘
1671,13:55:46,9.64,0.02,51,49159,买盘
1672,13:55:57,9.63,-0.01,100,96300,买盘
1673,13:56:16,9.63,0.0,5,4815,买盘
1674,13:56:19,9.63,0.0,22,21186,买盘
1675,13:56:52,9.63,0.0,186,179118,买盘
1676,13:56:55,9.63,0.0,5,4815,卖盘
1677,13:56:58,9.62,-0.01,38,36565,卖盘
1678,13:57:04,9.63,0.01,40,38520,买盘
1679,13:57:07,9.64,0.01,227,218828,买盘
1680,13:57:16,9.64,0.0,6,5784,卖盘
1681,13:57:22,9.64,0.0,27,26028,卖盘
1682,13:57:25,9.64,0.0,172,165808,卖盘
1683,13:57:30,9.65,0.01,40,38566,买盘
1684,13:57:46,9.65,0.0,300,289500,买盘
1685,13:57:51,9.65,0.0,36,34740,买盘
1686,13:57:58,9.65,0.0,31,30388,买盘
1687,13:58:01,9.65,0.0,9,8202,卖盘
1688,13:58:09,9.65,0.0,3,3378,买盘
1689,13:58:19,9.66,0.01,171,165186,买盘
1690,13:58:28,9.65,-0.01,100,96500,卖盘
1691,13:58:31,9.66,0.01,6,5796,买盘
1692,13:58:34,9.66,0.0,1,966,买盘
1693,13:58:40,9.65,-0.01,5,4825,卖盘
1694,13:58:43,9.65,0.0,208,200913,卖盘
1695,13:58:46,9.66,0.01,10,9660,买盘
1696,13:58:49,9.66,0.0,10,9660,买盘
1697,13:58:52,9.66,0.0,118,113880,买盘
1698,13:58:58,9.66,0.0,83,79695,卖盘
1699,13:59:01,9.66,0.0,32,30912,买盘
1700,13:59:07,9.66,0.0,5,4830,买盘
1701,13:59:09,9.66,0.0,7,6762,买盘
1702,13:59:19,9.65,-0.01,1,965,买盘
1703,13:59:40,9.64,-0.01,10,9640,卖盘
1704,13:59:46,9.64,0.0,1,964,卖盘
1705,13:59:49,9.65,0.01,19,18335,买盘
1706,13:59:51,9.65,0.0,12,11580,卖盘
1707,14:00:04,9.65,0.0,10,9650,卖盘
1708,14:00:07,9.65,0.0,17,16405,卖盘
1709,14:00:16,9.65,0.0,18,17370,卖盘
1710,14:00:19,9.65,0.0,20,19300,卖盘
1711,14:00:22,9.65,0.0,12,11580,卖盘
1712,14:00:25,9.65,0.0,12,11580,卖盘
1713,14:00:37,9.65,0.0,5,4825,买盘
1714,14:00:55,9.65,0.0,30,28950,买盘
1715,14:00:58,9.65,0.0,83,80095,买盘
1716,14:01:10,9.65,0.0,30,28950,买盘
1717,14:01:34,9.64,-0.01,30,28920,卖盘
1718,14:01:40,9.64,0.0,1,964,卖盘
1719,14:01:46,9.64,0.0,113,108932,卖盘
1720,14:01:55,9.63,-0.01,4,3852,卖盘
1721,14:01:58,9.63,0.0,8,7704,卖盘
1722,14:02:04,9.63,0.0,6,5778,卖盘
1723,14:02:10,9.63,0.0,19,18297,卖盘
1724,14:02:19,9.63,0.0,7,6741,卖盘
1725,14:02:28,9.63,0.0,6,5778,卖盘
1726,14:02:37,9.63,0.0,20,19260,卖盘
1727,14:02:43,9.63,0.0,76,73188,卖盘
1728,14:03:16,9.62,-0.01,32,30784,卖盘
1729,14:03:22,9.62,0.0,2,1924,卖盘
1730,14:03:25,9.62,0.0,20,19240,卖盘
1731,14:03:37,9.62,0.0,20,19240,卖盘
1732,14:03:42,9.62,0.0,4,3848,卖盘
1733,14:03:49,9.62,0.0,35,33690,卖盘
1734,14:03:52,9.62,0.0,13,12448,卖盘
1735,14:03:58,9.61,-0.01,3,2883,卖盘
1736,14:04:19,9.62,0.01,2,1924,买盘
1737,14:04:22,9.61,-0.01,1,961,卖盘
1738,14:04:25,9.61,0.0,139,133579,卖盘
1739,14:04:36,9.61,0.0,71,68231,买盘
1740,14:04:43,9.61,0.0,103,98983,买盘
1741,14:04:49,9.61,0.0,23,22083,买盘
1742,14:04:52,9.6,-0.01,73,70097,卖盘
1743,14:05:06,9.6,0.0,9,8640,卖盘
1744,14:05:13,9.6,0.0,16,15360,卖盘
1745,14:05:16,9.6,0.0,151,144960,卖盘
1746,14:05:22,9.6,0.0,22,21118,买盘
1747,14:05:28,9.6,0.0,18,17280,买盘
1748,14:05:31,9.61,0.01,30,28830,买盘
1749,14:05:36,9.6,-0.01,2,1920,卖盘
1750,14:05:39,9.6,0.0,110,105600,卖盘
1751,14:05:55,9.6,0.0,22,21120,卖盘
1752,14:06:06,9.6,0.0,103,98880,卖盘
1753,14:06:16,9.6,0.0,2,1920,卖盘
1754,14:06:21,9.6,0.0,22,21120,卖盘
1755,14:06:25,9.6,0.0,100,96000,卖盘
1756,14:06:36,9.6,0.0,100,96000,卖盘
1757,14:06:42,9.6,0.0,58,55737,卖盘
1758,14:06:46,9.61,0.01,53,50933,买盘
1759,14:06:52,9.6,-0.01,1,960,卖盘
1760,14:06:58,9.6,0.0,1,960,卖盘
1761,14:07:19,9.61,0.01,10,9610,买盘
1762,14:07:25,9.61,0.0,100,96100,买盘
1763,14:07:31,9.61,0.0,7,6727,买盘
1764,14:07:37,9.61,0.0,25,24025,买盘
1765,14:07:46,9.61,0.0,3,2883,卖盘
1766,14:07:49,9.61,0.0,175,168175,卖盘
1767,14:07:52,9.61,0.0,22,21142,买盘
1768,14:07:58,9.61,0.0,3,2883,买盘
1769,14:08:13,9.61,0.0,10,9610,买盘
1770,14:08:19,9.61,0.0,5,4805,买盘
1771,14:08:25,9.61,0.0,43,41323,买盘
1772,14:08:31,9.61,0.0,8,8457,买盘
1773,14:08:34,9.61,0.0,5,4805,卖盘
1774,14:08:48,9.61,0.0,40,38460,卖盘
1775,14:08:51,9.61,0.0,76,72277,卖盘
1776,14:09:01,9.61,0.0,240,230640,买盘
1777,14:09:10,9.6,-0.01,2,1920,卖盘
1778,14:09:16,9.6,0.0,20,19200,卖盘
1779,14:09:19,9.6,0.0,24,23040,卖盘
1780,14:09:31,9.61,0.01,167,160487,买盘
1781,14:09:40,9.61,0.0,20,19220,买盘
1782,14:09:43,9.61,0.0,4,3844,买盘
1783,14:09:46,9.61,0.0,40,38440,买盘
1784,14:09:48,9.61,0.0,24,23064,买盘
1785,14:09:55,9.6,-0.01,30,28800,卖盘
1786,14:09:58,9.6,0.0,38,36480,卖盘
1787,14:10:04,9.61,0.01,29,27869,买盘
1788,14:10:13,9.6,-0.01,100,96000,卖盘
1789,14:10:28,9.61,0.01,30,28830,买盘
1790,14:10:40,9.6,-0.01,57,54720,卖盘
1791,14:10:43,9.61,0.01,1,961,买盘
1792,14:10:52,9.61,0.0,8,7688,买盘
1793,14:10:55,9.6,-0.01,144,138340,卖盘
1794,14:10:58,9.61,0.01,1,961,买盘
1795,14:11:04,9.6,-0.01,1000,960000,卖盘
1796,14:11:10,9.6,0.0,16,15360,卖盘
1797,14:11:16,9.6,0.0,50,48000,卖盘
1798,14:11:19,9.6,0.0,50,48000,卖盘
1799,14:11:22,9.6,0.0,16,15360,卖盘
1800,14:11:25,9.6,0.0,13,12480,买盘
1801,14:11:28,9.6,0.0,4,3840,买盘
1802,14:11:31,9.6,0.0,27,25920,买盘
1803,14:11:43,9.6,0.0,11,10560,卖盘
1804,14:11:46,9.6,0.0,3,2880,卖盘
1805,14:11:55,9.6,0.0,13,12480,卖盘
1806,14:11:58,9.6,0.0,10,9600,买盘
1807,14:12:01,9.6,0.0,39,37440,买盘
1808,14:12:16,9.6,0.0,40,38400,买盘
1809,14:12:21,9.6,0.0,4,3840,买盘
1810,14:12:31,9.6,0.0,16,15360,买盘
1811,14:12:37,9.6,0.0,10,9600,卖盘
1812,14:12:40,9.6,0.0,6,5760,买盘
1813,14:12:54,9.6,0.0,15,14400,卖盘
1814,14:13:01,9.6,0.0,28,26880,卖盘
1815,14:13:04,9.6,0.0,80,76800,卖盘
1816,14:13:07,9.61,0.01,8,7688,买盘
1817,14:13:09,9.6,-0.01,331,317760,卖盘
1818,14:13:19,9.6,0.0,43,41280,卖盘
1819,14:13:28,9.6,0.0,20,19200,卖盘
1820,14:13:37,9.6,0.0,189,181440,卖盘
1821,14:13:46,9.6,0.0,100,96000,买盘
1822,14:13:52,9.59,-0.01,60,57540,卖盘
1823,14:14:10,9.6,0.01,69,66181,买盘
1824,14:14:19,9.59,-0.01,8,7672,卖盘
1825,14:14:34,9.59,0.0,50,47950,卖盘
1826,14:14:37,9.59,0.0,288,276192,卖盘
1827,14:14:43,9.6,0.01,20,19200,买盘
1828,14:14:46,9.6,0.0,40,38400,买盘
1829,14:14:58,9.6,0.0,50,48000,买盘
1830,14:15:10,9.6,0.0,15,14400,买盘
1831,14:15:13,9.6,0.0,66,63360,买盘
1832,14:15:31,9.59,-0.01,10,9590,卖盘
1833,14:15:34,9.59,0.0,40,38360,卖盘
1834,14:15:46,9.59,0.0,70,67130,卖盘
1835,14:15:58,9.59,0.0,140,134260,卖盘
1836,14:16:01,9.59,0.0,2,1918,卖盘
1837,14:16:07,9.59,0.0,11,10559,卖盘
1838,14:16:10,9.59,0.0,2,1918,卖盘
1839,14:16:19,9.6,0.01,60,57600,买盘
1840,14:16:22,9.59,-0.01,1,959,卖盘
1841,14:16:28,9.59,0.0,95,91105,卖盘
1842,14:16:46,9.6,0.01,170,163090,买盘
1843,14:16:51,9.59,-0.01,1,959,卖盘
1844,14:17:07,9.6,0.01,30,28780,买盘
1845,14:17:15,9.59,-0.01,17,16303,卖盘
1846,14:17:22,9.59,0.0,2,1918,卖盘
1847,14:17:31,9.59,0.0,1,959,卖盘
1848,14:17:34,9.6,0.01,10,9600,买盘
1849,14:17:46,9.59,-0.01,10,9590,卖盘
1850,14:17:52,9.59,0.0,3,2877,卖盘
1851,14:17:55,9.59,0.0,10,9590,卖盘
1852,14:18:01,9.6,0.01,1,960,买盘
1853,14:18:04,9.6,0.0,20,19200,买盘
1854,14:18:13,9.59,-0.01,7,6713,卖盘
1855,14:18:19,9.59,0.0,2,1918,卖盘
1856,14:18:21,9.59,0.0,132,126588,卖盘
1857,14:18:27,9.59,0.0,85,81410,卖盘
1858,14:18:31,9.59,0.0,46,44114,卖盘
1859,14:18:34,9.59,0.0,19,18221,卖盘
1860,14:18:37,9.59,0.0,36,34629,卖盘
1861,14:18:39,9.59,0.0,8,7672,买盘
1862,14:18:43,9.59,0.0,20,19180,买盘
1863,14:18:49,9.58,-0.01,3,2874,卖盘
1864,14:18:52,9.58,0.0,8,7669,卖盘
1865,14:19:04,9.59,0.01,62,59412,买盘
1866,14:19:16,9.58,-0.01,20,19160,卖盘
1867,14:19:22,9.58,0.0,8,7669,卖盘
1868,14:19:31,9.59,0.01,186,178374,买盘
1869,14:19:49,9.59,0.0,41,39281,买盘
1870,14:19:58,9.58,-0.01,5,4790,卖盘
1871,14:20:00,9.59,0.01,120,115080,买盘
1872,14:20:04,9.59,0.0,12,11508,买盘
1873,14:20:07,9.59,0.0,16,15344,买盘
1874,14:20:10,9.59,0.0,12,11508,买盘
1875,14:20:13,9.58,-0.01,20,19160,卖盘
1876,14:20:28,9.58,0.0,29,27782,卖盘
1877,14:20:31,9.59,0.01,10,9590,买盘
1878,14:20:49,9.59,0.0,82,78533,买盘
1879,14:20:52,9.59,0.0,1,1064,卖盘
1880,14:20:58,9.59,0.0,5,4795,卖盘
1881,14:21:01,9.59,0.0,5,4795,买盘
1882,14:21:16,9.58,-0.01,8,7664,卖盘
1883,14:21:19,9.6,0.02,504,483706,买盘
1884,14:21:22,9.59,-0.01,1,959,中性盘
1885,14:21:25,9.59,0.0,1,959,卖盘
1886,14:21:31,9.59,0.0,29,27811,买盘
1887,14:21:43,9.6,0.01,29,27840,买盘
1888,14:21:46,9.59,-0.01,10,9590,卖盘
1889,14:21:55,9.6,0.01,79,75840,买盘
1890,14:22:01,9.59,-0.01,4,3836,卖盘
1891,14:22:07,9.6,0.01,10,9600,买盘
1892,14:22:10,9.59,-0.01,37,35483,卖盘
1893,14:22:13,9.59,0.0,35,33565,买盘
1894,14:22:16,9.59,0.0,4,3836,买盘
1895,14:22:22,9.59,0.0,65,62335,买盘
1896,14:22:27,9.59,0.0,23,22057,买盘
1897,14:22:31,9.59,0.0,25,23975,买盘
1898,14:22:43,9.59,0.0,8,7672,买盘
1899,14:22:54,9.59,0.0,10,9590,买盘
1900,14:22:57,9.59,0.0,8,7672,买盘
1901,14:23:01,9.59,0.0,10,9590,买盘
1902,14:23:04,9.58,-0.01,102,97716,卖盘
1903,14:23:06,9.58,0.0,20,19160,卖盘
1904,14:23:13,9.59,0.01,6,5754,买盘
1905,14:23:16,9.58,-0.01,73,69934,卖盘
1906,14:23:25,9.58,0.0,50,47900,卖盘
1907,14:23:31,9.58,0.0,70,67060,卖盘
1908,14:23:34,9.59,0.01,9,8631,买盘
1909,14:23:39,9.59,0.0,1544,1479182,买盘
1910,14:23:55,9.58,-0.01,200,191600,卖盘
1911,14:23:58,9.58,0.0,299,286442,卖盘
1912,14:24:04,9.58,0.0,197,188736,卖盘
1913,14:24:07,9.58,0.0,25,23955,卖盘
1914,14:24:10,9.58,0.0,213,204054,卖盘
1915,14:24:15,9.59,0.01,29,27797,买盘
1916,14:24:18,9.59,0.0,20,19180,买盘
1917,14:24:21,9.58,-0.01,46,44068,卖盘
1918,14:24:27,9.59,0.01,5,4795,买盘
1919,14:24:33,9.58,-0.01,50,47900,卖盘
1920,14:24:49,9.57,-0.01,41,39242,卖盘
1921,14:24:55,9.57,0.0,10,9570,卖盘
1922,14:25:10,9.58,0.01,151,144594,买盘
1923,14:25:13,9.58,0.0,24,22992,卖盘
1924,14:25:24,9.58,0.0,2,1916,卖盘
1925,14:25:28,9.58,0.0,50,48379,卖盘
1926,14:25:31,9.58,0.0,14,13412,买盘
1927,14:25:55,9.57,-0.01,102,97614,卖盘
1928,14:25:58,9.57,0.0,20,19140,卖盘
1929,14:26:07,9.57,0.0,2,1914,卖盘
1930,14:26:10,9.57,0.0,2,1914,卖盘
1931,14:26:13,9.57,0.0,36,34452,卖盘
1932,14:26:19,9.57,0.0,19,18183,卖盘
1933,14:26:22,9.57,0.0,18,17226,卖盘
1934,14:26:25,9.57,0.0,8,7656,卖盘
1935,14:26:28,9.57,0.0,59,56463,卖盘
1936,14:26:36,9.57,0.0,168,160776,卖盘
1937,14:26:46,9.57,0.0,7,6699,买盘
1938,14:26:49,9.57,0.0,50,47850,买盘
1939,14:26:52,9.56,-0.01,3,2868,卖盘
1940,14:26:55,9.57,0.01,100,95700,买盘
1941,14:26:58,9.57,0.0,20,19140,买盘
1942,14:27:09,9.56,-0.01,5,4780,卖盘
1943,14:27:22,9.56,0.0,4,3824,卖盘
1944,14:27:28,9.56,0.0,17,16252,卖盘
1945,14:27:31,9.56,0.0,17,16252,卖盘
1946,14:27:34,9.56,0.0,40,38240,卖盘
1947,14:27:37,9.56,0.0,76,72656,卖盘
1948,14:27:40,9.57,0.01,13,12441,买盘
1949,14:27:43,9.56,-0.01,10,9560,卖盘
1950,14:27:46,9.57,0.01,83,79356,买盘
1951,14:27:52,9.56,-0.01,3,2868,卖盘
1952,14:28:13,9.56,0.0,20,19120,卖盘
1953,14:28:18,9.57,0.01,25,23925,买盘
1954,14:28:22,9.56,-0.01,3,2868,卖盘
1955,14:28:40,9.56,0.0,50,47800,卖盘
1956,14:28:45,9.56,0.0,59,56404,卖盘
1957,14:28:49,9.57,0.01,10,9570,买盘
1958,14:28:51,9.56,-0.01,1,956,卖盘
1959,14:28:58,9.57,0.01,20,19140,买盘
1960,14:29:04,9.56,-0.01,40,38240,卖盘
1961,14:29:07,9.56,0.0,2,1912,卖盘
1962,14:29:13,9.56,0.0,10,9560,卖盘
1963,14:29:27,9.56,0.0,5,4780,卖盘
1964,14:29:34,9.56,0.0,3,2868,卖盘
1965,14:29:36,9.56,0.0,37,35372,卖盘
1966,14:29:39,9.56,0.0,14,13384,卖盘
1967,14:29:43,9.56,0.0,10,9560,卖盘
1968,14:29:46,9.57,0.01,279,266970,买盘
1969,14:29:52,9.57,0.0,30,28710,卖盘
1970,14:30:01,9.57,0.0,3,2871,卖盘
1971,14:30:13,9.58,0.01,3,2874,买盘
1972,14:30:16,9.58,0.0,1,958,买盘
1973,14:30:18,9.58,0.0,3,2874,买盘
1974,14:30:22,9.57,-0.01,18,17226,卖盘
1975,14:30:34,9.58,0.01,1,958,买盘
1976,14:30:40,9.57,-0.01,6,5747,卖盘
1977,14:30:43,9.58,0.01,105,100590,买盘
1978,14:30:54,9.58,0.0,10,9580,买盘
1979,14:31:01,9.58,0.0,10,9580,买盘
1980,14:31:04,9.58,0.0,16,15322,买盘
1981,14:31:10,9.58,0.0,5,4790,买盘
1982,14:31:19,9.58,0.0,4,3832,买盘
1983,14:31:25,9.58,0.0,11,10538,买盘
1984,14:31:34,9.58,0.0,20,19160,买盘
1985,14:31:55,9.58,0.0,7,6701,买盘
1986,14:32:04,9.58,0.0,10,9580,买盘
1987,14:32:10,9.58,0.0,51,48858,买盘
1988,14:32:13,9.58,0.0,57,54606,买盘
1989,14:32:16,9.58,0.0,35,33512,买盘
1990,14:32:22,9.58,0.0,11,10538,买盘
1991,14:32:25,9.58,0.0,39,37362,买盘
1992,14:32:28,9.58,0.0,8,7664,买盘
1993,14:32:31,9.58,0.0,36,34488,买盘
1994,14:32:36,9.58,0.0,105,100877,买盘
1995,14:32:42,9.58,0.0,6,5748,卖盘
1996,14:32:55,9.58,0.0,50,47900,卖盘
1997,14:33:01,9.59,0.01,260,248664,买盘
1998,14:33:04,9.59,0.0,2,1918,卖盘
1999,14:33:15,9.59,0.0,12,11518,卖盘
2000,14:33:52,9.6,0.01,4,3840,买盘
2001,14:33:58,9.59,-0.01,20,19180,卖盘
2002,14:34:22,9.59,0.0,102,97820,卖盘
2003,14:34:34,9.6,0.01,22,21103,买盘
2004,14:34:37,9.59,-0.01,11,10549,卖盘
2005,14:34:40,9.59,0.0,40,38360,卖盘
2006,14:34:43,9.6,0.01,8,7680,买盘
2007,14:34:49,9.58,-0.02,76,72832,卖盘
2008,14:34:55,9.58,0.0,76,72808,卖盘
2009,14:35:22,9.58,0.0,3,2874,卖盘
2010,14:35:28,9.58,0.0,61,58438,卖盘
2011,14:35:33,9.59,0.01,59,56562,买盘
2012,14:35:43,9.58,-0.01,5,4790,卖盘
2013,14:35:46,9.59,0.01,1,959,买盘
2014,14:35:49,9.58,-0.01,3,2874,卖盘
2015,14:35:55,9.58,0.0,21,20118,卖盘
2016,14:36:01,9.58,0.0,3,2874,卖盘
2017,14:36:07,9.58,0.0,16,15328,卖盘
2018,14:36:10,9.58,0.0,24,22992,卖盘
2019,14:36:16,9.58,0.0,1,958,卖盘
2020,14:36:19,9.58,0.0,21,20118,卖盘
2021,14:36:22,9.58,0.0,85,81430,卖盘
2022,14:36:25,9.58,0.0,60,57480,卖盘
2023,14:36:31,9.59,0.01,22,21086,买盘
2024,14:36:34,9.58,-0.01,20,19160,卖盘
2025,14:36:37,9.58,0.0,15,14370,卖盘
2026,14:36:40,9.58,0.0,67,64857,卖盘
2027,14:36:43,9.59,0.01,25,23959,买盘
2028,14:37:07,9.57,-0.02,6,5747,卖盘
2029,14:37:13,9.57,0.0,12,11484,卖盘
2030,14:37:16,9.58,0.01,95,90921,买盘
2031,14:37:19,9.58,0.0,70,66581,买盘
2032,14:37:28,9.58,0.0,41,39278,卖盘
2033,14:37:34,9.58,0.0,6,5748,卖盘
2034,14:37:37,9.58,0.0,104,99693,卖盘
2035,14:37:40,9.59,0.01,41,39289,买盘
2036,14:37:46,9.58,-0.01,112,107775,卖盘
2037,14:37:52,9.58,0.0,12,11496,买盘
2038,14:38:01,9.58,0.0,3,2874,买盘
2039,14:38:04,9.58,0.0,110,105380,买盘
2040,14:38:10,9.58,0.0,129,123003,买盘
2041,14:38:13,9.58,0.0,7,6706,卖盘
2042,14:38:16,9.58,0.0,3,2874,卖盘
2043,14:38:19,9.57,-0.01,23,22511,卖盘
2044,14:38:25,9.58,0.01,2,1916,买盘
2045,14:38:28,9.58,0.0,20,19160,买盘
2046,14:38:31,9.57,-0.01,100,95700,卖盘
2047,14:38:37,9.58,0.01,50,47421,买盘
2048,14:38:39,9.59,0.01,51,48889,买盘
2049,14:38:43,9.57,-0.02,17,16280,卖盘
2050,14:38:52,9.57,0.0,42,40229,卖盘
2051,14:39:07,9.58,0.01,50,47900,买盘
2052,14:39:09,9.57,-0.01,56,53592,卖盘
2053,14:39:16,9.57,0.0,29,27753,卖盘
2054,14:39:18,9.58,0.01,30,28740,买盘
2055,14:39:28,9.57,-0.01,110,105370,卖盘
2056,14:39:31,9.57,0.0,10,9570,卖盘
2057,14:39:46,9.57,0.0,10,9570,卖盘
2058,14:39:49,9.57,0.0,10,9570,卖盘
2059,14:39:54,9.57,0.0,10,9570,卖盘
2060,14:40:01,9.57,0.0,140,133980,卖盘
2061,14:40:04,9.57,0.0,30,28710,卖盘
2062,14:40:10,9.57,0.0,44,42138,卖盘
2063,14:40:34,9.57,0.0,15,14355,卖盘
2064,14:40:40,9.57,0.0,15,14355,卖盘
2065,14:40:43,9.57,0.0,3,2871,卖盘
2066,14:40:49,9.58,0.01,25,23950,买盘
2067,14:41:01,9.58,0.0,200,191600,买盘
2068,14:41:04,9.58,0.0,167,159986,买盘
2069,14:41:09,9.57,-0.01,4,3828,卖盘
2070,14:41:31,9.57,0.0,28,26796,卖盘
2071,14:41:43,9.57,0.0,5,4785,卖盘
2072,14:41:46,9.57,0.0,7,6699,卖盘
2073,14:41:51,9.58,0.01,2,1916,买盘
2074,14:42:13,9.58,0.0,123,117834,买盘
2075,14:42:19,9.57,-0.01,1,957,卖盘
2076,14:42:28,9.57,0.0,20,19140,卖盘
2077,14:42:33,9.58,0.01,13,12454,买盘
2078,14:42:39,9.57,-0.01,8,7369,卖盘
2079,14:42:49,9.58,0.01,9,8622,买盘
2080,14:42:52,9.57,-0.01,6,5742,卖盘
2081,14:42:58,9.58,0.01,20,19160,买盘
2082,14:43:01,9.57,-0.01,20,19140,卖盘
2083,14:43:07,9.58,0.01,7,6706,买盘
2084,14:43:10,9.57,-0.01,10,9570,卖盘
2085,14:43:21,9.57,0.0,130,124410,卖盘
2086,14:43:37,9.57,0.0,18,17232,卖盘
2087,14:43:40,9.57,0.0,12,11484,卖盘
2088,14:43:43,9.58,0.01,5,4790,买盘
2089,14:43:46,9.57,-0.01,52,49765,卖盘
2090,14:43:52,9.58,0.01,72,68976,买盘
2091,14:43:55,9.58,0.0,40,38319,买盘
2092,14:43:58,9.58,0.0,7,6706,买盘
2093,14:44:01,9.58,0.0,10,9580,买盘
2094,14:44:15,9.57,-0.01,4,3828,卖盘
2095,14:44:25,9.57,0.0,50,47850,卖盘
2096,14:44:28,9.57,0.0,37,35409,卖盘
2097,14:44:31,9.58,0.01,10,9576,买盘
2098,14:44:34,9.57,-0.01,8,7656,卖盘
2099,14:44:49,9.57,0.0,4,3828,卖盘
2100,14:44:52,9.57,0.0,13,12441,卖盘
2101,14:44:58,9.58,0.01,25,23950,买盘
2102,14:45:00,9.58,0.0,41,39278,买盘
2103,14:45:22,9.57,-0.01,70,66990,卖盘
2104,14:45:25,9.57,0.0,9,8613,卖盘
2105,14:45:37,9.58,0.01,2,1916,买盘
2106,14:45:43,9.57,-0.01,1,957,卖盘
2107,14:45:58,9.58,0.01,3,2874,买盘
2108,14:46:07,9.58,0.0,40,38290,买盘
2109,14:46:10,9.57,-0.01,15,14355,卖盘
2110,14:46:16,9.58,0.01,10,9580,买盘
2111,14:46:19,9.57,-0.01,15,14360,卖盘
2112,14:46:22,9.58,0.01,29,27756,买盘
2113,14:46:31,9.57,-0.01,25,23925,卖盘
2114,14:46:34,9.57,0.0,41,39237,卖盘
2115,14:46:43,9.58,0.01,25,23950,买盘
2116,14:46:55,9.57,-0.01,16,15312,卖盘
2117,14:47:04,9.57,0.0,7,6699,卖盘
2118,14:47:07,9.58,0.01,2,1916,买盘
2119,14:47:10,9.57,-0.01,10,9570,卖盘
2120,14:47:16,9.57,0.0,5,4785,卖盘
2121,14:47:19,9.58,0.01,50,47900,买盘
2122,14:47:22,9.57,-0.01,150,143550,卖盘
2123,14:47:24,9.57,0.0,10,9570,卖盘
2124,14:47:28,9.57,0.0,30,28710,卖盘
2125,14:47:40,9.57,0.0,54,51678,卖盘
2126,14:47:49,9.57,0.0,115,110821,卖盘
2127,14:47:52,9.57,0.0,4,3828,买盘
2128,14:47:55,9.56,-0.01,30,28680,卖盘
2129,14:48:10,9.57,0.01,1,957,买盘
2130,14:48:19,9.56,-0.01,8,7648,卖盘
2131,14:48:22,9.56,0.0,53,50677,卖盘
2132,14:48:34,9.56,0.0,70,66920,卖盘
2133,14:48:40,9.57,0.01,203,194271,买盘
2134,14:48:52,9.56,-0.01,79,75524,卖盘
2135,14:48:55,9.56,0.0,110,105160,卖盘
2136,14:48:58,9.57,0.01,5,4785,买盘
2137,14:49:10,9.56,-0.01,10,9560,卖盘
2138,14:49:13,9.57,0.01,38,36366,买盘
2139,14:49:18,9.57,0.0,130,124410,买盘
2140,14:49:21,9.57,0.0,149,142494,买盘
2141,14:49:28,9.57,0.0,5,4785,买盘
2142,14:49:31,9.57,0.0,23,22011,买盘
2143,14:49:34,9.56,-0.01,10,9560,卖盘
2144,14:49:40,9.56,0.0,122,116632,卖盘
2145,14:49:49,9.57,0.01,104,99528,买盘
2146,14:49:52,9.57,0.0,12,11484,买盘
2147,14:49:55,9.57,0.0,1,957,买盘
2148,14:50:01,9.56,-0.01,27,25812,卖盘
2149,14:50:07,9.56,0.0,21,20096,卖盘
2150,14:50:19,9.56,0.0,1,956,卖盘
2151,14:50:22,9.57,0.01,11,10527,买盘
2152,14:50:28,9.57,0.0,148,140870,买盘
2153,14:50:31,9.57,0.0,26,25648,卖盘
2154,14:50:34,9.57,0.0,4,3828,买盘
2155,14:50:37,9.57,0.0,1,957,买盘
2156,14:50:46,9.57,0.0,20,19140,买盘
2157,14:50:52,9.57,0.0,5,4785,买盘
2158,14:50:55,9.57,0.0,235,224537,买盘
2159,14:51:04,9.57,0.0,10,9570,卖盘
2160,14:51:10,9.57,0.0,30,28710,卖盘
2161,14:51:13,9.57,0.0,31,29954,卖盘
2162,14:51:16,9.56,-0.01,5,4780,卖盘
2163,14:51:19,9.57,0.01,52,49764,买盘
2164,14:51:25,9.57,0.0,40,38280,买盘
2165,14:51:28,9.56,-0.01,4,3824,卖盘
2166,14:51:31,9.57,0.01,35,33495,买盘
2167,14:51:34,9.57,0.0,18,16939,买盘
2168,14:51:40,9.57,0.0,12,11484,卖盘
2169,14:51:49,9.57,0.0,5,4785,卖盘
2170,14:51:52,9.57,0.0,4,3828,卖盘
2171,14:51:55,9.57,0.0,18,17226,卖盘
2172,14:52:01,9.57,0.0,40,38539,卖盘
2173,14:52:07,9.58,0.01,3,2874,买盘
2174,14:52:10,9.57,-0.01,66,63162,卖盘
2175,14:52:16,9.57,0.0,2,1914,卖盘
2176,14:52:19,9.58,0.01,15,14370,买盘
2177,14:52:22,9.57,-0.01,220,210690,卖盘
2178,14:52:28,9.57,0.0,10,9570,卖盘
2179,14:52:31,9.58,0.01,8,7664,买盘
2180,14:52:34,9.57,-0.01,28,26413,卖盘
2181,14:52:40,9.58,0.01,117,112086,买盘
2182,14:52:43,9.58,0.0,20,19160,买盘
2183,14:52:46,9.58,0.0,142,136036,买盘
2184,14:52:52,9.58,0.0,3,2874,买盘
2185,14:52:55,9.57,-0.01,78,74704,卖盘
2186,14:53:04,9.58,0.01,50,47900,买盘
2187,14:53:07,9.57,-0.01,5,4785,卖盘
2188,14:53:19,9.57,0.0,63,60352,卖盘
2189,14:53:22,9.58,0.01,10,9580,买盘
2190,14:53:31,9.57,-0.01,62,59334,卖盘
2191,14:53:40,9.57,0.0,31,29667,卖盘
2192,14:53:43,9.57,0.0,9,8615,卖盘
2193,14:53:46,9.57,0.0,52,49764,卖盘
2194,14:53:52,9.57,0.0,1,957,卖盘
2195,14:54:01,9.57,0.0,91,87087,卖盘
2196,14:54:04,9.58,0.01,10,9580,买盘
2197,14:54:07,9.57,-0.01,14,13407,卖盘
2198,14:54:10,9.57,0.0,77,73689,卖盘
2199,14:54:13,9.57,0.0,18,17226,卖盘
2200,14:54:16,9.57,0.0,5,4785,卖盘
2201,14:54:19,9.57,0.0,91,87090,卖盘
2202,14:54:22,9.58,0.01,10,9580,买盘
2203,14:54:25,9.57,-0.01,27,25839,卖盘
2204,14:54:28,9.58,0.01,6,5748,买盘
2205,14:54:37,9.58,0.0,10,9580,买盘
2206,14:54:40,9.58,0.0,2,1916,买盘
2207,14:54:43,9.57,-0.01,20,19140,卖盘
2208,14:54:46,9.57,0.0,41,39258,卖盘
2209,14:54:49,9.57,0.0,3,2871,卖盘
2210,14:54:52,9.58,0.01,10,9580,买盘
2211,14:55:01,9.58,0.0,70,67060,买盘
2212,14:55:07,9.57,-0.01,8,7656,卖盘
2213,14:55:10,9.57,0.0,2,1914,卖盘
2214,14:55:13,9.58,0.01,47,45026,买盘
2215,14:55:16,9.57,-0.01,10,9570,卖盘
2216,14:55:22,9.57,0.0,10,9570,卖盘
2217,14:55:25,9.57,0.0,118,112942,卖盘
2218,14:55:28,9.57,0.0,1,651,卖盘
2219,14:55:31,9.58,0.01,21,20108,买盘
2220,14:55:34,9.57,-0.01,25,23940,卖盘
2221,14:55:37,9.57,0.0,21,20097,卖盘
2222,14:55:43,9.57,0.0,42,40202,卖盘
2223,14:55:46,9.58,0.01,6,5748,买盘
2224,14:55:49,9.57,-0.01,33,31607,卖盘
2225,14:55:52,9.58,0.01,31,29691,买盘
2226,14:55:55,9.58,0.0,122,116756,买盘
2227,14:55:58,9.57,-0.01,25,23925,卖盘
2228,14:56:01,9.58,0.01,5,4790,买盘
2229,14:56:04,9.57,-0.01,43,41161,卖盘
2230,14:56:07,9.58,0.01,16,15326,买盘
2231,14:56:10,9.57,-0.01,15,14355,卖盘
2232,14:56:13,9.57,0.0,8,7656,卖盘
2233,14:56:16,9.57,0.0,43,41151,卖盘
2234,14:56:19,9.57,0.0,12,12058,卖盘
2235,14:56:22,9.57,0.0,12,11484,卖盘
2236,14:56:25,9.57,0.0,11,10527,卖盘
2237,14:56:28,9.58,0.01,20,19160,买盘
2238,14:56:31,9.57,-0.01,23,22011,卖盘
2239,14:56:34,9.57,0.0,42,40204,卖盘
2240,14:56:40,9.58,0.01,68,65136,买盘
2241,14:56:43,9.57,-0.01,3,2871,卖盘
2242,14:56:46,9.57,0.0,8,7656,卖盘
2243,14:56:49,9.57,0.0,5,4785,卖盘
2244,14:56:52,9.58,0.01,67,64183,买盘
2245,14:56:55,9.57,-0.01,240,229180,卖盘
2246,14:56:58,9.58,0.01,249,239166,买盘
2247,14:57:01,9.56,-0.02,27,25827,卖盘
2248,15:00:04,9.56,0.0,1696,1621376,卖盘
