,time,price,change,volume,amount,type
0,09:25:04,2.67,0.01,100,26700,卖盘
1,09:30:07,2.67,0.0,372,99174,买盘
2,09:30:10,2.66,-0.01,104,27564,卖盘
3,09:30:16,2.65,-0.01,30,7950,卖盘
4,09:30:19,2.65,0.0,3,796,卖盘
5,09:30:22,2.66,0.01,5,1330,买盘
6,09:30:31,2.65,-0.01,208,55120,卖盘
7,09:30:34,2.65,0.0,8,2120,卖盘
8,09:30:37,2.66,0.01,5,1330,买盘
9,09:30:40,2.65,-0.01,24,6360,卖盘
10,09:30:52,2.66,0.01,5,1330,买盘
11,09:31:07,2.66,0.0,5,1330,买盘
12,09:31:19,2.66,0.0,95,25270,买盘
13,09:31:22,2.66,0.0,51,13566,买盘
14,09:31:25,2.65,-0.01,9,2392,卖盘
15,09:31:37,2.66,0.01,9,2390,买盘
16,09:31:40,2.65,-0.01,81,21465,卖盘
17,09:31:43,2.66,0.01,19,5054,买盘
18,09:31:49,2.65,-0.01,1,265,卖盘
19,09:31:52,2.66,0.01,5,1330,买盘
20,09:31:55,2.66,0.0,1,266,买盘
21,09:32:07,2.66,0.0,31,8245,买盘
22,09:32:13,2.65,-0.01,1,265,卖盘
23,09:32:16,2.65,0.0,30,7950,卖盘
24,09:32:22,2.65,0.0,11,2920,卖盘
25,09:32:25,2.66,0.01,71,18885,买盘
26,09:32:31,2.65,-0.01,69,18285,卖盘
27,09:32:34,2.65,0.0,120,31800,卖盘
28,09:32:37,2.66,0.01,5,1330,买盘
29,09:32:40,2.65,-0.01,37,9805,卖盘
30,09:32:43,2.65,0.0,19,5035,卖盘
31,09:32:52,2.66,0.01,5,1330,买盘
32,09:32:55,2.66,0.0,59,15664,买盘
33,09:32:58,2.65,-0.01,40,10600,卖盘
34,09:33:01,2.65,0.0,32,8480,卖盘
35,09:33:04,2.65,0.0,30,7950,卖盘
36,09:33:07,2.66,0.01,8,2125,买盘
37,09:33:10,2.65,-0.01,23,6095,卖盘
38,09:33:13,2.65,0.0,70,18550,卖盘
39,09:33:16,2.65,0.0,3,795,卖盘
40,09:33:19,2.65,0.0,115,30475,卖盘
41,09:33:22,2.66,0.01,5,1330,买盘
42,09:33:28,2.65,-0.01,103,27295,卖盘
43,09:33:30,2.65,0.0,2,530,卖盘
44,09:33:34,2.65,0.0,41,10865,卖盘
45,09:33:37,2.66,0.01,5,1330,买盘
46,09:33:40,2.65,-0.01,10,2650,卖盘
47,09:33:46,2.65,0.0,3,795,卖盘
48,09:33:52,2.66,0.01,7,1860,买盘
49,09:33:58,2.65,-0.01,2,530,卖盘
50,09:34:01,2.66,0.01,29,7714,买盘
51,09:34:07,2.66,0.0,13,3455,买盘
52,09:34:10,2.65,-0.01,1,265,卖盘
53,09:34:13,2.65,0.0,1,265,卖盘
54,09:34:15,2.65,0.0,74,19612,卖盘
55,09:34:22,2.66,0.01,5,1330,买盘
56,09:34:25,2.65,-0.01,12,3180,卖盘
57,09:34:31,2.65,0.0,1,265,卖盘
58,09:34:36,2.66,0.01,12,3191,买盘
59,09:34:40,2.65,-0.01,71,18815,卖盘
60,09:34:46,2.65,0.0,3,795,卖盘
61,09:34:52,2.66,0.01,5,1330,买盘
62,09:35:01,2.65,-0.01,60,15920,卖盘
63,09:35:07,2.66,0.01,5,1330,买盘
64,09:35:13,2.65,-0.01,52,13780,卖盘
65,09:35:22,2.66,0.01,6,1595,买盘
66,09:35:25,2.65,-0.01,5,1325,卖盘
67,09:35:27,2.65,0.0,42,11130,卖盘
68,09:35:31,2.65,0.0,44,11660,卖盘
69,09:35:34,2.65,0.0,41,10865,卖盘
70,09:35:36,2.66,0.01,15,3980,买盘
71,09:35:43,2.65,-0.01,35,9275,卖盘
72,09:35:46,2.65,0.0,14,3710,卖盘
73,09:35:48,2.65,0.0,179,47435,卖盘
74,09:35:52,2.66,0.01,6,1595,买盘
75,09:35:55,2.65,-0.01,28,7420,卖盘
76,09:35:58,2.65,0.0,9,2385,卖盘
77,09:36:01,2.65,0.0,94,24910,卖盘
78,09:36:04,2.65,0.0,65,17225,卖盘
79,09:36:07,2.65,0.0,79,20940,卖盘
80,09:36:10,2.65,0.0,82,21730,卖盘
81,09:36:13,2.65,0.0,182,48230,卖盘
82,09:36:16,2.65,0.0,532,140980,卖盘
83,09:36:19,2.65,0.0,41,10865,卖盘
84,09:36:22,2.65,0.0,5,1325,买盘
85,09:36:25,2.64,-0.01,53,13992,卖盘
86,09:36:28,2.65,0.01,73,19274,买盘
87,09:36:31,2.64,-0.01,119,31416,卖盘
88,09:36:34,2.64,0.0,101,26664,卖盘
89,09:36:37,2.65,0.01,55,14525,买盘
90,09:36:40,2.64,-0.01,42,11088,卖盘
91,09:36:43,2.64,0.0,33,8712,卖盘
92,09:36:46,2.64,0.0,85,22440,卖盘
93,09:36:49,2.64,0.0,77,20328,卖盘
94,09:36:52,2.64,0.0,30,7925,卖盘
95,09:36:55,2.64,0.0,186,49104,卖盘
96,09:36:58,2.64,0.0,3,792,卖盘
97,09:37:01,2.63,-0.01,76,19998,卖盘
98,09:37:04,2.63,0.0,3,789,卖盘
99,09:37:07,2.63,0.0,17,4486,卖盘
100,09:37:13,2.63,0.0,19,4997,卖盘
101,09:37:16,2.63,0.0,2,526,卖盘
102,09:37:22,2.64,0.01,6,1583,买盘
103,09:37:37,2.64,0.0,5,1320,买盘
104,09:37:40,2.63,-0.01,85,22355,卖盘
105,09:37:49,2.63,0.0,2,526,卖盘
106,09:37:52,2.64,0.01,5,1320,买盘
107,09:37:55,2.63,-0.01,20,5260,卖盘
108,09:38:07,2.64,0.01,8,2112,买盘
109,09:38:10,2.64,0.0,74,19536,买盘
110,09:38:22,2.64,0.0,5,1320,买盘
111,09:38:34,2.63,-0.01,13,3429,卖盘
112,09:38:37,2.64,0.01,5,1320,买盘
113,09:38:43,2.63,-0.01,8,2104,卖盘
114,09:38:46,2.64,0.01,224,59136,买盘
115,09:38:52,2.64,0.0,51,13464,买盘
116,09:38:55,2.63,-0.01,8,2111,卖盘
117,09:38:58,2.63,0.0,8,2104,卖盘
118,09:39:01,2.63,0.0,1,263,卖盘
119,09:39:04,2.64,0.01,2,528,买盘
120,09:39:06,2.64,0.0,12,3162,买盘
121,09:39:09,2.63,-0.01,70,18410,卖盘
122,09:39:16,2.64,0.01,34,8976,买盘
123,09:39:21,2.63,-0.01,13,3424,卖盘
124,09:39:28,2.63,0.0,11,2903,卖盘
125,09:39:37,2.63,0.0,32,8421,卖盘
126,09:39:46,2.63,0.0,8,2104,卖盘
127,09:39:49,2.63,0.0,13,3419,卖盘
128,09:39:52,2.64,0.01,5,1320,买盘
129,09:39:58,2.63,-0.01,91,23933,卖盘
130,09:40:07,2.64,0.01,333,87584,买盘
131,09:40:10,2.63,-0.01,342,89946,卖盘
132,09:40:19,2.63,0.0,50,13150,卖盘
133,09:40:22,2.64,0.01,105,27620,买盘
134,09:40:28,2.63,-0.01,47,12361,卖盘
135,09:40:36,2.63,0.0,8,2109,卖盘
136,09:40:40,2.63,0.0,71,18673,卖盘
137,09:40:43,2.63,0.0,10,2630,卖盘
138,09:40:46,2.63,0.0,44,11572,卖盘
139,09:40:52,2.64,0.01,39,10262,买盘
140,09:40:55,2.63,-0.01,80,21040,卖盘
141,09:40:58,2.63,0.0,16,4208,卖盘
142,09:41:04,2.63,0.0,1,263,卖盘
143,09:41:07,2.64,0.01,5,1320,买盘
144,09:41:13,2.63,-0.01,60,15780,卖盘
145,09:41:22,2.63,0.0,14,3687,卖盘
146,09:41:27,2.63,0.0,61,16043,卖盘
147,09:41:31,2.63,0.0,80,21040,卖盘
148,09:41:34,2.63,0.0,31,8153,卖盘
149,09:41:37,2.64,0.01,13,3424,买盘
150,09:41:43,2.63,-0.01,31,8153,卖盘
151,09:41:46,2.64,0.01,32,8418,买盘
152,09:41:49,2.63,-0.01,10,2630,卖盘
153,09:41:52,2.64,0.01,40,10525,买盘
154,09:41:55,2.63,-0.01,81,21303,卖盘
155,09:42:01,2.63,0.0,3,789,卖盘
156,09:42:07,2.64,0.01,5,1320,买盘
157,09:42:10,2.63,-0.01,74,19462,卖盘
158,09:42:13,2.64,0.01,5,1320,买盘
159,09:42:16,2.63,-0.01,66,17358,卖盘
160,09:42:19,2.63,0.0,3,789,卖盘
161,09:42:22,2.64,0.01,23,6054,买盘
162,09:42:24,2.63,-0.01,48,12624,卖盘
163,09:42:31,2.63,0.0,5,1315,卖盘
164,09:42:37,2.64,0.01,5,1320,买盘
165,09:42:40,2.64,0.0,6,1583,买盘
166,09:42:49,2.63,-0.01,1,263,卖盘
167,09:42:52,2.64,0.01,55,14470,买盘
168,09:42:55,2.63,-0.01,19,4997,卖盘
169,09:42:57,2.63,0.0,1,263,卖盘
170,09:43:01,2.63,0.0,17,4471,卖盘
171,09:43:07,2.64,0.01,5,1320,买盘
172,09:43:18,2.63,-0.01,1,263,卖盘
173,09:43:22,2.64,0.01,5,1320,买盘
174,09:43:25,2.63,-0.01,1,263,卖盘
175,09:43:31,2.63,0.0,8,2104,卖盘
176,09:43:34,2.63,0.0,80,21040,卖盘
177,09:43:37,2.64,0.01,12,3165,买盘
178,09:43:43,2.63,-0.01,70,18410,卖盘
179,09:43:46,2.64,0.01,5,1320,买盘
180,09:43:52,2.63,-0.01,13,3424,卖盘
181,09:44:01,2.63,0.0,10,2630,卖盘
182,09:44:04,2.64,0.01,136,35895,买盘
183,09:44:07,2.64,0.0,5,1320,买盘
184,09:44:13,2.63,-0.01,30,7890,卖盘
185,09:44:16,2.63,0.0,30,7890,卖盘
186,09:44:18,2.63,0.0,11,2893,卖盘
187,09:44:21,2.64,0.01,5,1320,买盘
188,09:44:25,2.63,-0.01,2,526,卖盘
189,09:44:31,2.63,0.0,8,2104,卖盘
190,09:44:37,2.63,0.0,10,2635,卖盘
191,09:44:46,2.63,0.0,4,1052,卖盘
192,09:44:52,2.63,0.0,12,3161,卖盘
193,09:44:55,2.63,0.0,9,2367,卖盘
194,09:44:58,2.63,0.0,1,263,卖盘
195,09:45:01,2.63,0.0,9,2367,卖盘
196,09:45:07,2.63,0.0,23,6054,卖盘
197,09:45:09,2.63,0.0,70,18410,卖盘
198,09:45:22,2.64,0.01,5,1320,买盘
199,09:45:25,2.63,-0.01,8,2104,卖盘
200,09:45:31,2.63,0.0,1,263,卖盘
201,09:45:36,2.64,0.01,5,1320,买盘
202,09:45:52,2.63,-0.01,6,1583,卖盘
203,09:46:01,2.63,0.0,9,2367,卖盘
204,09:46:06,2.63,0.0,13,3424,卖盘
205,09:46:16,2.63,0.0,11,2893,卖盘
206,09:46:19,2.63,0.0,97,25511,卖盘
207,09:46:21,2.64,0.01,51,13464,买盘
208,09:46:25,2.64,0.0,7,1848,买盘
209,09:46:27,2.63,-0.01,17,4471,卖盘
210,09:46:31,2.64,0.01,1,264,买盘
211,09:46:37,2.64,0.0,8,2109,买盘
212,09:46:40,2.63,-0.01,71,18673,卖盘
213,09:46:48,2.63,0.0,4,1052,卖盘
214,09:46:52,2.64,0.01,5,1320,买盘
215,09:46:58,2.63,-0.01,8,2104,卖盘
216,09:47:04,2.63,0.0,4,1054,卖盘
217,09:47:07,2.64,0.01,13,3424,买盘
218,09:47:09,2.64,0.0,57,15048,买盘
219,09:47:22,2.64,0.0,6,1583,买盘
220,09:47:28,2.63,-0.01,1008,265104,卖盘
221,09:47:37,2.64,0.01,20,5265,买盘
222,09:47:40,2.63,-0.01,27,7101,卖盘
223,09:47:49,2.63,0.0,19,4997,卖盘
224,09:47:52,2.64,0.01,128,33792,买盘
225,09:47:55,2.63,-0.01,27,7101,卖盘
226,09:48:00,2.63,0.0,1,263,卖盘
227,09:48:06,2.64,0.01,15,3950,买盘
228,09:48:10,2.63,-0.01,78,20514,卖盘
229,09:48:13,2.63,0.0,30,7890,卖盘
230,09:48:22,2.63,0.0,41,10788,卖盘
231,09:48:25,2.63,0.0,1,263,卖盘
232,09:48:34,2.63,0.0,28,7364,卖盘
233,09:48:37,2.64,0.01,5,1320,买盘
234,09:48:49,2.63,-0.01,13,3419,卖盘
235,09:48:52,2.63,0.0,9,2372,卖盘
236,09:48:55,2.63,0.0,1,263,卖盘
237,09:49:04,2.63,0.0,41,10783,卖盘
238,09:49:06,2.64,0.01,6,1583,买盘
239,09:49:12,2.64,0.0,10,2640,买盘
240,09:49:16,2.63,-0.01,25,6577,卖盘
241,09:49:22,2.63,0.0,7,1846,卖盘
242,09:49:25,2.63,0.0,36,9468,卖盘
243,09:49:34,2.63,0.0,46,12098,卖盘
244,09:49:37,2.64,0.01,7,1846,买盘
245,09:49:40,2.63,-0.01,70,18410,卖盘
246,09:49:48,2.63,0.0,100,26300,卖盘
247,09:49:52,2.63,0.0,42,11051,卖盘
248,09:49:58,2.63,0.0,9,2367,卖盘
249,09:50:07,2.64,0.01,11,2898,买盘
250,09:50:13,2.63,-0.01,49,12928,卖盘
251,09:50:19,2.63,0.0,1,263,卖盘
252,09:50:21,2.63,0.0,13,3424,卖盘
253,09:50:25,2.63,0.0,1,263,卖盘
254,09:50:31,2.63,0.0,1,263,卖盘
255,09:50:34,2.63,0.0,1,263,卖盘
256,09:50:37,2.64,0.01,14,3687,买盘
257,09:50:42,2.63,-0.01,3,789,卖盘
258,09:50:49,2.63,0.0,19,4997,卖盘
259,09:50:52,2.64,0.01,5,1320,买盘
260,09:50:58,2.63,-0.01,1,263,卖盘
261,09:51:04,2.63,0.0,40,10520,卖盘
262,09:51:07,2.64,0.01,7,1846,买盘
263,09:51:10,2.63,-0.01,70,18410,卖盘
264,09:51:16,2.63,0.0,1,263,卖盘
265,09:51:19,2.63,0.0,9,2367,卖盘
266,09:51:22,2.64,0.01,5,1320,买盘
267,09:51:25,2.63,-0.01,3,789,卖盘
268,09:51:27,2.63,0.0,8,2104,卖盘
269,09:51:31,2.63,0.0,27,7101,卖盘
270,09:51:34,2.63,0.0,130,34190,卖盘
271,09:51:37,2.64,0.01,5,1320,买盘
272,09:51:43,2.63,-0.01,101,26563,卖盘
273,09:51:52,2.64,0.01,5,1320,买盘
274,09:51:57,2.63,-0.01,9,2367,卖盘
275,09:52:01,2.63,0.0,1,263,卖盘
276,09:52:07,2.64,0.01,15,3960,买盘
277,09:52:10,2.63,-0.01,23,6049,卖盘
278,09:52:13,2.63,0.0,11,2893,卖盘
279,09:52:21,2.64,0.01,5,1320,买盘
280,09:52:25,2.63,-0.01,8,2104,卖盘
281,09:52:31,2.63,0.0,1,263,卖盘
282,09:52:36,2.64,0.01,5,1320,买盘
283,09:52:39,2.63,-0.01,71,18673,卖盘
284,09:52:42,2.63,0.0,3,789,卖盘
285,09:52:52,2.64,0.01,5,1320,买盘
286,09:52:55,2.63,-0.01,9,2367,卖盘
287,09:52:57,2.63,0.0,1,263,卖盘
288,09:53:01,2.63,0.0,8,2104,卖盘
289,09:53:06,2.64,0.01,15,3951,买盘
290,09:53:13,2.63,-0.01,2,526,卖盘
291,09:53:16,2.63,0.0,27,7101,卖盘
292,09:53:22,2.64,0.01,5,1320,买盘
293,09:53:25,2.63,-0.01,8,2104,卖盘
294,09:53:30,2.63,0.0,1,263,卖盘
295,09:53:37,2.64,0.01,5,1320,买盘
296,09:53:40,2.63,-0.01,50,13150,卖盘
297,09:53:46,2.63,0.0,100,26300,卖盘
298,09:53:51,2.64,0.01,51,13464,买盘
299,09:53:55,2.64,0.0,7,1848,买盘
300,09:53:58,2.63,-0.01,10,2630,卖盘
301,09:54:07,2.64,0.01,15,3950,买盘
302,09:54:13,2.63,-0.01,98,25774,卖盘
303,09:54:19,2.63,0.0,8,2104,卖盘
304,09:54:22,2.64,0.01,5,1320,买盘
305,09:54:25,2.63,-0.01,3,789,卖盘
306,09:54:28,2.63,0.0,11,2893,卖盘
307,09:54:31,2.63,0.0,1,263,卖盘
308,09:54:37,2.64,0.01,51,13418,买盘
309,09:54:51,2.63,-0.01,1006,264583,卖盘
310,09:54:55,2.64,0.01,11,2904,买盘
311,09:54:57,2.63,-0.01,178,46814,卖盘
312,09:55:01,2.63,0.0,13,3419,卖盘
313,09:55:04,2.63,0.0,18,4734,卖盘
314,09:55:07,2.63,0.0,20,5265,卖盘
315,09:55:10,2.63,0.0,20,5260,卖盘
316,09:55:13,2.63,0.0,8,2104,卖盘
317,09:55:16,2.63,0.0,20,5260,卖盘
318,09:55:19,2.64,0.01,31,8167,买盘
319,09:55:22,2.63,-0.01,145,38140,卖盘
320,09:55:24,2.63,0.0,28,7364,卖盘
321,09:55:28,2.63,0.0,28,7364,卖盘
322,09:55:31,2.63,0.0,28,7364,卖盘
323,09:55:34,2.63,0.0,21,5523,卖盘
324,09:55:37,2.63,0.0,328,86269,卖盘
325,09:55:40,2.63,0.0,92,24196,卖盘
326,09:55:43,2.63,0.0,10,2630,卖盘
327,09:55:46,2.63,0.0,13,3419,卖盘
328,09:55:48,2.62,-0.01,61,16042,卖盘
329,09:55:52,2.63,0.01,5,1315,买盘
330,09:55:55,2.62,-0.01,8,2096,卖盘
331,09:56:00,2.62,0.0,65,17030,卖盘
332,09:56:07,2.63,0.01,5,1315,买盘
333,09:56:22,2.63,0.0,13,3411,买盘
334,09:56:25,2.62,-0.01,2,524,卖盘
335,09:56:31,2.62,0.0,513,134406,卖盘
336,09:56:37,2.62,0.0,222,58169,卖盘
337,09:56:45,2.63,0.01,2,526,买盘
338,09:56:52,2.63,0.0,5,1315,买盘
339,09:56:58,2.62,-0.01,9,2358,卖盘
340,09:57:04,2.62,0.0,57,14934,卖盘
341,09:57:06,2.63,0.01,5,1315,买盘
342,09:57:10,2.62,-0.01,70,18340,卖盘
343,09:57:19,2.62,0.0,48,12576,卖盘
344,09:57:22,2.62,0.0,19,4983,卖盘
345,09:57:25,2.62,0.0,9,2358,卖盘
346,09:57:28,2.62,0.0,1,262,卖盘
347,09:57:36,2.62,0.0,105,27515,卖盘
348,09:57:49,2.62,0.0,9,2358,卖盘
349,09:57:51,2.63,0.01,17,4459,买盘
350,09:57:55,2.62,-0.01,30,7860,卖盘
351,09:58:07,2.63,0.01,5,1315,买盘
352,09:58:22,2.63,0.0,5,1315,买盘
353,09:58:25,2.62,-0.01,32,8384,卖盘
354,09:58:28,2.62,0.0,2,524,卖盘
355,09:58:36,2.63,0.01,8,2101,买盘
356,09:58:43,2.62,-0.01,71,18602,卖盘
357,09:58:52,2.62,0.0,6,1577,卖盘
358,09:58:58,2.62,0.0,9,2358,卖盘
359,09:59:01,2.63,0.01,11,2893,买盘
360,09:59:07,2.63,0.0,5,1315,买盘
361,09:59:13,2.63,0.0,143,37609,买盘
362,09:59:16,2.63,0.0,4,1052,买盘
363,09:59:22,2.63,0.0,9,2359,买盘
364,09:59:25,2.62,-0.01,790,207753,卖盘
365,09:59:27,2.62,0.0,41,10782,卖盘
366,09:59:31,2.63,0.01,22,5786,买盘
367,09:59:40,2.63,0.0,5,1315,买盘
368,09:59:43,2.63,0.0,904,237752,买盘
369,09:59:49,2.63,0.0,8,2104,卖盘
370,09:59:52,2.63,0.0,33,8679,卖盘
371,09:59:58,2.63,0.0,210,55230,卖盘
372,10:00:10,2.63,0.0,17,4471,卖盘
373,10:00:13,2.63,0.0,82,21566,卖盘
374,10:00:16,2.63,0.0,10,2630,卖盘
375,10:00:22,2.63,0.0,10,2630,卖盘
376,10:00:28,2.63,0.0,23,6049,卖盘
377,10:00:31,2.63,0.0,1,263,卖盘
378,10:00:49,2.63,0.0,10,2630,卖盘
379,10:01:04,2.63,0.0,38,9994,卖盘
380,10:01:10,2.63,0.0,17,4471,卖盘
381,10:01:16,2.64,0.01,20,5280,买盘
382,10:01:19,2.64,0.0,1,264,买盘
383,10:01:21,2.63,-0.01,9,2367,卖盘
384,10:01:30,2.63,0.0,151,39713,卖盘
385,10:01:37,2.63,0.0,14,3682,卖盘
386,10:01:40,2.63,0.0,70,18410,卖盘
387,10:01:43,2.64,0.01,1,264,买盘
388,10:01:48,2.63,-0.01,27,7101,卖盘
389,10:01:52,2.63,0.0,3,789,卖盘
390,10:01:55,2.63,0.0,10,2630,卖盘
391,10:02:10,2.63,0.0,18,4734,卖盘
392,10:02:13,2.64,0.01,10,2640,买盘
393,10:02:19,2.63,-0.01,3,789,卖盘
394,10:02:31,2.63,0.0,9,2367,卖盘
395,10:02:40,2.63,0.0,9,2367,卖盘
396,10:02:43,2.63,0.0,17,4471,卖盘
397,10:02:46,2.63,0.0,20,5260,卖盘
398,10:03:00,2.63,0.0,87,22881,卖盘
399,10:03:07,2.63,0.0,2,526,卖盘
400,10:03:10,2.63,0.0,20,5260,卖盘
401,10:03:40,2.63,0.0,9,2367,卖盘
402,10:03:52,2.64,0.01,3,792,买盘
403,10:04:10,2.63,-0.01,1,263,卖盘
404,10:04:13,2.63,0.0,8,2104,卖盘
405,10:04:15,2.63,0.0,3,789,卖盘
406,10:04:22,2.64,0.01,40,10560,买盘
407,10:04:37,2.63,-0.01,2,526,卖盘
408,10:04:43,2.63,0.0,8,2104,卖盘
409,10:04:48,2.64,0.01,6,1584,买盘
410,10:04:55,2.64,0.0,844,222816,买盘
411,10:05:13,2.63,-0.01,177,46727,卖盘
412,10:05:18,2.63,0.0,9,2367,卖盘
413,10:05:25,2.63,0.0,8,2104,卖盘
414,10:05:28,2.63,0.0,20,5260,卖盘
415,10:05:36,2.64,0.01,2,528,买盘
416,10:05:40,2.63,-0.01,16,4208,卖盘
417,10:05:46,2.64,0.01,2,528,买盘
418,10:05:52,2.64,0.0,1,264,买盘
419,10:06:09,2.63,-0.01,9,2367,卖盘
420,10:06:28,2.63,0.0,8,2104,卖盘
421,10:06:37,2.63,0.0,2,526,卖盘
422,10:06:40,2.63,0.0,8,2104,卖盘
423,10:06:46,2.64,0.01,46,12144,买盘
424,10:06:52,2.64,0.0,38,10032,买盘
425,10:06:58,2.63,-0.01,287,75481,卖盘
426,10:07:01,2.64,0.01,86,22704,买盘
427,10:07:04,2.64,0.0,87,22968,买盘
428,10:07:07,2.63,-0.01,1,263,卖盘
429,10:07:10,2.63,0.0,8,2104,卖盘
430,10:07:13,2.64,0.01,214,56496,买盘
431,10:07:16,2.64,0.0,99,26136,卖盘
432,10:07:21,2.64,0.0,20,5280,卖盘
433,10:07:25,2.64,0.0,47,12408,卖盘
434,10:07:27,2.64,0.0,1,264,卖盘
435,10:07:31,2.65,0.01,2,530,买盘
436,10:07:43,2.64,-0.01,10,2640,卖盘
437,10:08:10,2.64,0.0,28,7392,卖盘
438,10:08:15,2.64,0.0,351,92664,卖盘
439,10:08:31,2.64,0.0,3,792,卖盘
440,10:08:34,2.64,0.0,3,792,卖盘
441,10:08:37,2.64,0.0,48,12672,卖盘
442,10:08:39,2.64,0.0,4,1056,卖盘
443,10:09:01,2.64,0.0,10,2640,卖盘
444,10:09:09,2.64,0.0,17,4488,卖盘
445,10:09:16,2.64,0.0,50,13200,卖盘
446,10:09:21,2.64,0.0,28,7392,卖盘
447,10:09:39,2.64,0.0,10,2640,卖盘
448,10:09:58,2.64,0.0,3,792,卖盘
449,10:10:07,2.65,0.01,49,12985,买盘
450,10:10:10,2.64,-0.01,17,4488,卖盘
451,10:10:40,2.64,0.0,432,114048,卖盘
452,10:11:10,2.64,0.0,18,4752,卖盘
453,10:11:16,2.64,0.0,1,264,卖盘
454,10:11:18,2.64,0.0,8,2112,卖盘
455,10:11:21,2.64,0.0,7,1848,卖盘
456,10:11:28,2.64,0.0,3,792,卖盘
457,10:11:52,2.64,0.0,15,3960,卖盘
458,10:12:09,2.64,0.0,17,4488,卖盘
459,10:12:19,2.64,0.0,7,1848,卖盘
460,10:12:22,2.64,0.0,8,2112,卖盘
461,10:12:31,2.64,0.0,10,2640,卖盘
462,10:12:34,2.64,0.0,227,59928,卖盘
463,10:12:43,2.64,0.0,150,39600,卖盘
464,10:12:46,2.64,0.0,8,2112,卖盘
465,10:12:52,2.64,0.0,29,7656,卖盘
466,10:12:55,2.64,0.0,8,2112,卖盘
467,10:12:58,2.64,0.0,54,14256,卖盘
468,10:13:01,2.64,0.0,32,8448,卖盘
469,10:13:21,2.63,-0.01,15,3945,卖盘
470,10:13:34,2.64,0.01,10,2640,买盘
471,10:13:49,2.63,-0.01,16,4208,卖盘
472,10:13:55,2.63,0.0,7,1841,卖盘
473,10:14:07,2.63,0.0,29,7627,卖盘
474,10:14:10,2.63,0.0,18,4734,卖盘
475,10:14:16,2.63,0.0,10,2630,卖盘
476,10:14:22,2.63,0.0,8,2104,卖盘
477,10:14:25,2.63,0.0,7,1841,卖盘
478,10:14:31,2.64,0.01,200,52800,买盘
479,10:14:48,2.63,-0.01,7,1841,卖盘
480,10:14:51,2.63,0.0,16,4208,卖盘
481,10:15:10,2.63,0.0,17,4471,卖盘
482,10:15:13,2.64,0.01,51,13464,买盘
483,10:15:21,2.64,0.0,384,101369,买盘
484,10:15:52,2.64,0.0,15,3960,卖盘
485,10:15:55,2.64,0.0,2,528,卖盘
486,10:16:04,2.64,0.0,11,2904,卖盘
487,10:16:10,2.64,0.0,17,4488,卖盘
488,10:16:25,2.64,0.0,35,9240,卖盘
489,10:16:49,2.65,0.01,500,132500,买盘
490,10:16:52,2.65,0.0,50,13250,买盘
491,10:17:10,2.64,-0.01,17,4488,卖盘
492,10:17:12,2.64,0.0,17,4488,卖盘
493,10:17:19,2.65,0.01,56,14810,买盘
494,10:17:25,2.64,-0.01,27,7128,卖盘
495,10:17:27,2.65,0.01,81,21464,买盘
496,10:17:34,2.64,-0.01,903,238392,卖盘
497,10:17:37,2.64,0.0,1,264,卖盘
498,10:17:39,2.64,0.0,1,264,卖盘
499,10:17:43,2.64,0.0,62,16368,卖盘
500,10:17:49,2.64,0.0,2,528,卖盘
501,10:17:52,2.64,0.0,50,13200,卖盘
502,10:17:55,2.64,0.0,10,2640,买盘
503,10:17:58,2.64,0.0,29,7656,买盘
504,10:18:01,2.64,0.0,1,264,卖盘
505,10:18:10,2.64,0.0,84,22176,卖盘
506,10:18:31,2.64,0.0,1,264,卖盘
507,10:18:34,2.65,0.01,44,11660,买盘
508,10:18:58,2.65,0.0,10,2650,买盘
509,10:19:04,2.65,0.0,152,40280,买盘
510,10:19:07,2.65,0.0,1,265,卖盘
511,10:19:10,2.65,0.0,17,4505,卖盘
512,10:19:25,2.65,0.0,40,10600,卖盘
513,10:19:34,2.65,0.0,78,20670,卖盘
514,10:19:42,2.65,0.0,30,7950,买盘
515,10:19:52,2.65,0.0,41,10865,买盘
516,10:20:01,2.64,-0.01,20,5280,卖盘
517,10:20:10,2.64,0.0,18,4752,卖盘
518,10:20:13,2.65,0.01,6,1590,买盘
519,10:20:16,2.65,0.0,59,15635,买盘
520,10:20:27,2.65,0.0,5,1325,买盘
521,10:20:40,2.64,-0.01,21,5544,卖盘
522,10:20:49,2.65,0.01,500,132500,买盘
523,10:21:16,2.65,0.0,43,11395,买盘
524,10:21:52,2.65,0.0,20,5300,买盘
525,10:22:31,2.65,0.0,2,530,买盘
526,10:22:46,2.64,-0.01,1,264,卖盘
527,10:23:06,2.64,0.0,11,2904,卖盘
528,10:23:09,2.64,0.0,18,4752,卖盘
529,10:23:34,2.64,0.0,1,264,卖盘
530,10:23:40,2.64,0.0,25,6600,卖盘
531,10:23:52,2.64,0.0,800,211200,卖盘
532,10:24:04,2.64,0.0,8,2112,卖盘
533,10:24:10,2.64,0.0,17,4488,卖盘
534,10:24:19,2.64,0.0,10,2640,卖盘
535,10:24:25,2.64,0.0,27,7128,卖盘
536,10:24:34,2.64,0.0,38,10032,卖盘
537,10:24:40,2.64,0.0,6,1584,卖盘
538,10:24:52,2.65,0.01,2,530,买盘
539,10:25:07,2.64,-0.01,8,2112,卖盘
540,10:25:42,2.65,0.01,13,3445,买盘
541,10:26:10,2.64,-0.01,8,2112,卖盘
542,10:26:19,2.65,0.01,34,9010,买盘
543,10:27:01,2.64,-0.01,1,264,卖盘
544,10:27:06,2.64,0.0,17,4488,卖盘
545,10:27:13,2.64,0.0,8,2112,卖盘
546,10:27:25,2.65,0.01,100,26500,买盘
547,10:27:46,2.64,-0.01,158,41822,卖盘
548,10:27:49,2.65,0.01,10,2650,买盘
549,10:27:52,2.64,-0.01,10,2640,卖盘
550,10:27:58,2.65,0.01,501,132765,买盘
551,10:28:04,2.65,0.0,7,1855,买盘
552,10:28:07,2.65,0.0,5,1325,买盘
553,10:28:10,2.65,0.0,29,7685,买盘
554,10:28:13,2.65,0.0,403,106795,买盘
555,10:28:22,2.65,0.0,30,7950,卖盘
556,10:29:07,2.65,0.0,18,4770,卖盘
557,10:29:16,2.66,0.01,60,15960,买盘
558,10:29:46,2.66,0.0,200,53200,买盘
559,10:29:52,2.66,0.0,240,63840,买盘
560,10:29:58,2.66,0.0,110,29260,买盘
561,10:30:04,2.66,0.0,60,15960,买盘
562,10:30:07,2.65,-0.01,6,1590,卖盘
563,10:30:16,2.66,0.01,100,26600,买盘
564,10:30:25,2.66,0.0,100,26600,买盘
565,10:30:30,2.66,0.0,137,36442,买盘
566,10:30:34,2.66,0.0,134,35732,买盘
567,10:30:37,2.66,0.0,1,266,卖盘
568,10:30:43,2.66,0.0,102,27132,卖盘
569,10:30:46,2.66,0.0,2,532,卖盘
570,10:30:49,2.67,0.01,400,106453,买盘
571,10:30:55,2.66,-0.01,23,6118,买盘
572,10:31:07,2.66,0.0,17,4522,卖盘
573,10:31:10,2.66,0.0,100,26600,卖盘
574,10:31:16,2.66,0.0,2,532,卖盘
575,10:31:19,2.66,0.0,13,3458,卖盘
576,10:31:25,2.66,0.0,1,266,卖盘
577,10:31:28,2.66,0.0,1,266,卖盘
578,10:31:31,2.65,-0.01,186,49375,卖盘
579,10:31:43,2.66,0.01,44,11704,买盘
580,10:31:49,2.66,0.0,29,7714,买盘
581,10:31:52,2.65,-0.01,23,6116,卖盘
582,10:31:58,2.66,0.01,20,5320,买盘
583,10:32:01,2.66,0.0,1,266,买盘
584,10:32:22,2.66,0.0,90,23934,买盘
585,10:32:27,2.66,0.0,11,2926,买盘
586,10:32:40,2.66,0.0,2,532,卖盘
587,10:32:43,2.66,0.0,1,266,卖盘
588,10:32:46,2.65,-0.01,69,18351,卖盘
589,10:32:52,2.65,0.0,66,17490,卖盘
590,10:33:07,2.65,0.0,17,4505,卖盘
591,10:33:43,2.65,0.0,10,2650,卖盘
592,10:33:46,2.67,0.02,85,22660,买盘
593,10:33:49,2.66,-0.01,8,2128,卖盘
594,10:34:07,2.66,0.0,17,4522,卖盘
595,10:34:13,2.66,0.0,59,15694,卖盘
596,10:34:34,2.67,0.01,110,29310,买盘
597,10:35:12,2.67,0.0,240,64080,买盘
598,10:35:16,2.67,0.0,98,26166,买盘
599,10:35:19,2.67,0.0,100,26700,买盘
600,10:35:25,2.67,0.0,10,2670,买盘
601,10:35:28,2.67,0.0,31,8276,买盘
602,10:36:01,2.66,-0.01,28,7448,卖盘
603,10:36:07,2.66,0.0,17,4522,卖盘
604,10:36:10,2.66,0.0,102,27231,卖盘
605,10:36:13,2.66,0.0,3,798,卖盘
606,10:36:15,2.66,0.0,58,15428,卖盘
607,10:36:18,2.66,0.0,1,266,卖盘
608,10:36:22,2.66,0.0,1,266,卖盘
609,10:36:37,2.66,0.0,11,2926,卖盘
610,10:36:43,2.66,0.0,1,266,卖盘
611,10:36:46,2.66,0.0,103,27480,卖盘
612,10:37:04,2.66,0.0,1,266,卖盘
613,10:37:07,2.66,0.0,17,4522,卖盘
614,10:37:13,2.66,0.0,1,266,卖盘
615,10:37:16,2.66,0.0,11,2926,卖盘
616,10:37:19,2.66,0.0,1,266,卖盘
617,10:37:25,2.66,0.0,20,5320,卖盘
618,10:37:28,2.66,0.0,190,50540,卖盘
619,10:37:37,2.67,0.01,42,11214,买盘
620,10:37:40,2.66,-0.01,3,798,卖盘
621,10:37:51,2.66,0.0,8,2128,卖盘
622,10:38:00,2.66,0.0,40,10670,卖盘
623,10:38:06,2.66,0.0,18,4788,卖盘
624,10:38:28,2.66,0.0,31,8246,卖盘
625,10:38:37,2.66,0.0,2,532,卖盘
626,10:38:43,2.66,0.0,2,532,卖盘
627,10:38:49,2.66,0.0,9,2394,卖盘
628,10:38:51,2.67,0.01,26,6941,买盘
629,10:38:58,2.66,-0.01,3,798,卖盘
630,10:39:04,2.66,0.0,1,266,卖盘
631,10:39:07,2.66,0.0,17,4522,卖盘
632,10:39:10,2.66,0.0,50,13300,卖盘
633,10:39:16,2.66,0.0,1,266,卖盘
634,10:39:22,2.66,0.0,5,1330,卖盘
635,10:39:46,2.67,0.01,250,66750,买盘
636,10:39:49,2.67,0.0,177,47259,买盘
637,10:39:52,2.66,-0.01,1,266,卖盘
638,10:39:55,2.66,0.0,1,266,卖盘
639,10:40:01,2.66,0.0,1,266,卖盘
640,10:40:07,2.66,0.0,17,4522,卖盘
641,10:40:10,2.67,0.01,200,53400,买盘
642,10:40:18,2.67,0.0,427,114009,买盘
643,10:40:46,2.67,0.0,5,1335,买盘
644,10:40:52,2.67,0.0,30,8010,买盘
645,10:41:04,2.67,0.0,400,106800,买盘
646,10:41:10,2.66,-0.01,1,266,卖盘
647,10:41:13,2.67,0.01,129,34443,买盘
648,10:41:18,2.67,0.0,869,232111,买盘
649,10:41:22,2.67,0.0,131,34889,卖盘
650,10:41:27,2.67,0.0,70,18778,买盘
651,10:41:36,2.67,0.0,1,267,卖盘
652,10:41:48,2.67,0.0,2,534,卖盘
653,10:41:55,2.67,0.0,1,267,卖盘
654,10:41:58,2.67,0.0,2,534,卖盘
655,10:42:01,2.67,0.0,37,9879,卖盘
656,10:42:04,2.67,0.0,24,6408,卖盘
657,10:42:07,2.67,0.0,52,13884,卖盘
658,10:42:10,2.67,0.0,21,5607,卖盘
659,10:42:19,2.67,0.0,21,5607,卖盘
660,10:42:25,2.67,0.0,18,4806,卖盘
661,10:42:30,2.67,0.0,1,267,卖盘
662,10:42:33,2.68,0.01,24,6428,买盘
663,10:42:40,2.67,-0.01,1,267,卖盘
664,10:42:43,2.67,0.0,33,8811,卖盘
665,10:42:46,2.68,0.01,94,25099,买盘
666,10:42:49,2.67,-0.01,32,8544,卖盘
667,10:42:52,2.67,0.0,60,16020,卖盘
668,10:42:54,2.67,0.0,31,8277,卖盘
669,10:42:58,2.67,0.0,72,19224,卖盘
670,10:43:01,2.67,0.0,76,20292,卖盘
671,10:43:04,2.67,0.0,573,152991,卖盘
672,10:43:07,2.67,0.0,150,39962,卖盘
673,10:43:19,2.67,0.0,62,16554,买盘
674,10:43:28,2.67,0.0,100,26700,买盘
675,10:43:58,2.67,0.0,100,26700,买盘
676,10:44:01,2.66,-0.01,50,13300,卖盘
677,10:44:04,2.67,0.01,50,13350,买盘
678,10:44:06,2.66,-0.01,18,4788,卖盘
679,10:44:19,2.66,0.0,10,2660,卖盘
680,10:44:22,2.67,0.01,50,13350,买盘
681,10:45:07,2.67,0.0,54,14418,买盘
682,10:45:13,2.67,0.0,181,48327,买盘
683,10:45:24,2.67,0.0,15,4005,卖盘
684,10:46:07,2.67,0.0,17,4539,卖盘
685,10:46:10,2.68,0.01,196,52528,买盘
686,10:46:28,2.68,0.0,153,40954,买盘
687,10:46:31,2.67,-0.01,27,7209,卖盘
688,10:46:45,2.68,0.01,305,81440,买盘
689,10:46:52,2.67,-0.01,3,801,卖盘
690,10:46:58,2.67,0.0,1,267,卖盘
691,10:47:07,2.67,0.0,18,4806,卖盘
692,10:47:22,2.67,0.0,4,1068,卖盘
693,10:47:33,2.67,0.0,31,8277,卖盘
694,10:47:52,2.67,0.0,9,2403,卖盘
695,10:48:01,2.67,0.0,813,217071,卖盘
696,10:48:07,2.67,0.0,39,10413,卖盘
697,10:48:46,2.67,0.0,150,40050,买盘
698,10:48:52,2.66,-0.01,1,266,卖盘
699,10:48:58,2.67,0.01,134,35778,买盘
700,10:49:07,2.67,0.0,35,9345,买盘
701,10:49:22,2.66,-0.01,5,1330,卖盘
702,10:49:25,2.67,0.01,200,53399,买盘
703,10:49:37,2.67,0.0,523,139801,买盘
704,10:49:40,2.67,0.0,2,534,卖盘
705,10:49:49,2.67,0.0,22,5874,卖盘
706,10:49:54,2.68,0.01,55,14710,买盘
707,10:49:57,2.67,-0.01,191,50997,卖盘
708,10:50:07,2.67,0.0,18,4806,卖盘
709,10:50:12,2.67,0.0,526,140282,卖盘
710,10:50:19,2.67,0.0,124,33268,买盘
711,10:50:21,2.67,0.0,49,12923,卖盘
712,10:50:31,2.67,0.0,73,19491,买盘
713,10:50:46,2.67,0.0,50,13350,买盘
714,10:50:55,2.67,0.0,1,267,买盘
715,10:51:16,2.67,0.0,100,26700,买盘
716,10:51:21,2.66,-0.01,8,2128,卖盘
717,10:51:42,2.67,0.01,200,53400,买盘
718,10:51:49,2.66,-0.01,75,19950,卖盘
719,10:51:52,2.67,0.01,300,80100,买盘
720,10:52:31,2.66,-0.01,8,2128,卖盘
721,10:53:06,2.66,0.0,18,4788,卖盘
722,10:53:09,2.66,0.0,28,7448,卖盘
723,10:53:31,2.66,0.0,8,2128,卖盘
724,10:53:40,2.67,0.01,90,24030,买盘
725,10:54:19,2.66,-0.01,3,798,卖盘
726,10:54:30,2.66,0.0,15,3990,卖盘
727,10:54:34,2.66,0.0,8,2128,卖盘
728,10:54:46,2.66,0.0,10,2660,卖盘
729,10:54:49,2.66,0.0,3,798,卖盘
730,10:54:55,2.66,0.0,9,2394,卖盘
731,10:54:58,2.66,0.0,15,3990,卖盘
732,10:55:07,2.66,0.0,17,4522,卖盘
733,10:55:19,2.66,0.0,3,798,卖盘
734,10:55:28,2.66,0.0,15,3990,卖盘
735,10:55:37,2.66,0.0,8,2128,卖盘
736,10:55:49,2.66,0.0,6,1596,卖盘
737,10:55:58,2.66,0.0,14,3724,卖盘
738,10:56:07,2.66,0.0,18,4788,卖盘
739,10:56:10,2.66,0.0,11,2926,卖盘
740,10:56:13,2.67,0.01,100,26700,买盘
741,10:56:19,2.66,-0.01,3,798,卖盘
742,10:56:28,2.66,0.0,28,7462,卖盘
743,10:56:40,2.67,0.01,10,2661,买盘
744,10:56:43,2.67,0.0,10,2670,买盘
745,10:56:49,2.66,-0.01,3,798,卖盘
746,10:56:57,2.66,0.0,8,2128,卖盘
747,10:57:01,2.66,0.0,7,1862,卖盘
748,10:57:06,2.66,0.0,17,4522,卖盘
749,10:57:10,2.66,0.0,249,66234,卖盘
750,10:57:19,2.66,0.0,3,798,卖盘
751,10:57:28,2.66,0.0,9,2394,卖盘
752,10:57:31,2.67,0.01,17,4532,买盘
753,10:57:46,2.66,-0.01,8,2128,卖盘
754,10:57:49,2.66,0.0,3,798,卖盘
755,10:57:58,2.66,0.0,15,3990,卖盘
756,10:58:07,2.66,0.0,67,17822,卖盘
757,10:58:19,2.66,0.0,3,798,卖盘
758,10:58:28,2.66,0.0,25,6650,卖盘
759,10:58:37,2.67,0.01,2,534,买盘
760,10:58:43,2.66,-0.01,8,2128,卖盘
761,10:58:49,2.66,0.0,529,141239,卖盘
762,10:58:58,2.66,0.0,15,3990,卖盘
763,10:59:07,2.66,0.0,18,4788,卖盘
764,10:59:16,2.67,0.01,30,8010,买盘
765,10:59:22,2.67,0.0,1442,385011,买盘
766,10:59:28,2.66,-0.01,15,3990,卖盘
767,10:59:34,2.67,0.01,100,26700,买盘
768,10:59:37,2.67,0.0,100,26700,买盘
769,10:59:46,2.67,0.0,1440,384480,买盘
770,10:59:48,2.67,0.0,44,11748,买盘
771,10:59:51,2.67,0.0,49,13240,买盘
772,10:59:58,2.67,0.0,4,1068,卖盘
773,11:00:04,2.67,0.0,25,6675,卖盘
774,11:00:22,2.67,0.0,301,80667,卖盘
775,11:00:28,2.67,0.0,50,13350,卖盘
776,11:00:31,2.67,0.0,3,801,卖盘
777,11:00:34,2.68,0.01,100,26800,买盘
778,11:00:46,2.68,0.0,88,23584,买盘
779,11:00:49,2.68,0.0,30,8040,买盘
780,11:00:58,2.67,-0.01,3,801,卖盘
781,11:01:10,2.67,0.0,469,125323,卖盘
782,11:01:28,2.67,0.0,3,801,卖盘
783,11:01:34,2.67,0.0,10,2670,卖盘
784,11:01:43,2.68,0.01,15,4020,买盘
785,11:01:46,2.68,0.0,56,15008,买盘
786,11:01:58,2.68,0.0,104,27868,买盘
787,11:02:04,2.68,0.0,300,80400,买盘
788,11:02:13,2.68,0.0,10,2680,买盘
789,11:02:28,2.67,-0.01,3,801,卖盘
790,11:02:37,2.68,0.01,10,2680,买盘
791,11:02:58,2.67,-0.01,3,801,卖盘
792,11:03:01,2.68,0.01,100,26800,买盘
793,11:03:28,2.68,0.0,10,2680,买盘
794,11:03:31,2.67,-0.01,3,801,卖盘
795,11:03:34,2.68,0.01,86,23048,买盘
796,11:03:45,2.68,0.0,20,5360,买盘
797,11:03:58,2.67,-0.01,3,801,卖盘
798,11:04:09,2.68,0.01,24,6432,买盘
799,11:04:31,2.67,-0.01,3,801,卖盘
800,11:04:40,2.67,0.0,50,13350,卖盘
801,11:04:58,2.68,0.01,300,80400,买盘
802,11:05:01,2.67,-0.01,4,1068,卖盘
803,11:05:07,2.68,0.01,150,40200,买盘
804,11:05:10,2.67,-0.01,10,2670,卖盘
805,11:05:13,2.68,0.01,12,3216,买盘
806,11:05:28,2.68,0.0,103,27601,买盘
807,11:05:43,2.68,0.0,34,9112,买盘
808,11:05:45,2.67,-0.01,5,1335,卖盘
809,11:05:49,2.68,0.01,60,16080,买盘
810,11:05:52,2.67,-0.01,13,3471,卖盘
811,11:05:57,2.67,0.0,3,801,卖盘
812,11:06:01,2.67,0.0,34,9078,卖盘
813,11:06:04,2.68,0.01,27,7236,买盘
814,11:06:09,2.67,-0.01,309,82802,卖盘
815,11:06:25,2.68,0.01,50,13400,买盘
816,11:06:31,2.67,-0.01,3,801,卖盘
817,11:06:36,2.68,0.01,15,4020,买盘
818,11:06:43,2.68,0.0,100,26800,买盘
819,11:06:52,2.67,-0.01,1547,413049,卖盘
820,11:06:55,2.68,0.01,10,2680,买盘
821,11:06:58,2.67,-0.01,23,6141,卖盘
822,11:07:10,2.68,0.01,200,53600,买盘
823,11:07:27,2.67,-0.01,3,801,卖盘
824,11:07:37,2.68,0.01,7,1876,买盘
825,11:07:46,2.67,-0.01,4,1068,卖盘
826,11:07:54,2.67,0.0,8,2136,卖盘
827,11:07:57,2.67,0.0,4,1068,卖盘
828,11:08:31,2.67,0.0,3,801,卖盘
829,11:09:01,2.67,0.0,11,2937,卖盘
830,11:09:04,2.67,0.0,10,2670,卖盘
831,11:09:13,2.67,0.0,2,534,卖盘
832,11:09:31,2.67,0.0,3,801,卖盘
833,11:09:40,2.67,0.0,1,267,卖盘
834,11:09:58,2.68,0.01,1,268,买盘
835,11:10:01,2.67,-0.01,3,801,卖盘
836,11:10:04,2.67,0.0,8,2136,卖盘
837,11:10:06,2.67,0.0,3,801,卖盘
838,11:10:10,2.67,0.0,30,8010,卖盘
839,11:10:13,2.67,0.0,12,3204,卖盘
840,11:10:31,2.67,0.0,3,801,卖盘
841,11:10:46,2.68,0.01,227,60836,买盘
842,11:10:57,2.67,-0.01,2500,667500,卖盘
843,11:11:01,2.67,0.0,103,27601,卖盘
844,11:11:19,2.67,0.0,75,20025,卖盘
845,11:11:31,2.67,0.0,4,1068,卖盘
846,11:11:33,2.67,0.0,10,2670,卖盘
847,11:11:37,2.67,0.0,30,8010,卖盘
848,11:11:40,2.67,0.0,74,19758,卖盘
849,11:11:43,2.67,0.0,11,2937,卖盘
850,11:11:52,2.68,0.01,50,13400,买盘
851,11:12:04,2.67,-0.01,3,801,卖盘
852,11:12:09,2.67,0.0,1,267,卖盘
853,11:12:16,2.67,0.0,3,801,卖盘
854,11:12:22,2.67,0.0,90,24030,卖盘
855,11:12:31,2.67,0.0,3,801,卖盘
856,11:12:34,2.67,0.0,10,2670,卖盘
857,11:12:37,2.67,0.0,1400,373640,卖盘
858,11:12:49,2.66,-0.01,5,1330,卖盘
859,11:13:04,2.66,0.0,104,27664,卖盘
860,11:13:19,2.67,0.01,100,26700,买盘
861,11:13:30,2.66,-0.01,3,798,卖盘
862,11:13:33,2.67,0.01,2,534,买盘
863,11:13:46,2.66,-0.01,69,18354,卖盘
864,11:14:01,2.66,0.0,3,798,卖盘
865,11:14:07,2.66,0.0,73,19418,卖盘
866,11:14:16,2.66,0.0,8,2128,卖盘
867,11:14:22,2.66,0.0,4419,1175454,卖盘
868,11:14:27,2.65,-0.01,88,23320,卖盘
869,11:14:31,2.65,0.0,4,1060,卖盘
870,11:14:49,2.66,0.01,30,7980,买盘
871,11:15:01,2.65,-0.01,108,28725,卖盘
872,11:15:06,2.66,0.01,108,28728,买盘
873,11:15:10,2.66,0.0,21,5586,买盘
874,11:15:15,2.65,-0.01,38,10100,卖盘
875,11:15:25,2.65,0.0,8,2120,卖盘
876,11:15:31,2.65,0.0,303,80595,卖盘
877,11:15:37,2.66,0.01,224,59584,买盘
878,11:15:40,2.66,0.0,455,121030,买盘
879,11:15:43,2.66,0.0,86,22876,买盘
880,11:15:49,2.66,0.0,105,27930,买盘
881,11:15:52,2.66,0.0,223,59318,买盘
882,11:15:57,2.66,0.0,50,13300,买盘
883,11:16:00,2.65,-0.01,103,27395,卖盘
884,11:16:04,2.66,0.01,36,9576,买盘
885,11:16:07,2.66,0.0,502,133682,买盘
886,11:16:10,2.67,0.01,2,534,买盘
887,11:16:31,2.66,-0.01,3,798,卖盘
888,11:17:01,2.66,0.0,3,798,卖盘
889,11:17:18,2.67,0.01,8,2136,买盘
890,11:17:31,2.66,-0.01,4,1064,卖盘
891,11:17:58,2.66,0.0,50,13300,卖盘
892,11:18:01,2.66,0.0,3,798,卖盘
893,11:18:34,2.66,0.0,3,798,卖盘
894,11:18:46,2.67,0.01,17,4539,买盘
895,11:18:58,2.67,0.0,163,43521,买盘
896,11:19:04,2.66,-0.01,3,798,卖盘
897,11:19:10,2.67,0.01,104,27768,买盘
898,11:19:25,2.67,0.0,100,26700,买盘
899,11:19:28,2.67,0.0,199,53026,买盘
900,11:19:34,2.67,0.0,3,801,卖盘
901,11:19:39,2.67,0.0,10,2670,卖盘
902,11:19:49,2.68,0.01,80,21440,买盘
903,11:20:01,2.67,-0.01,3,801,卖盘
904,11:20:12,2.67,0.0,33,8811,卖盘
905,11:20:16,2.67,0.0,79,21133,卖盘
906,11:20:27,2.67,0.0,244,65255,卖盘
907,11:20:58,2.67,0.0,526,140442,买盘
908,11:21:01,2.66,-0.01,53,14148,卖盘
909,11:21:31,2.66,0.0,3,798,卖盘
910,11:21:49,2.67,0.01,1,267,买盘
911,11:22:04,2.67,0.0,33,8808,买盘
912,11:22:13,2.67,0.0,13,3471,买盘
913,11:22:19,2.66,-0.01,2,532,卖盘
914,11:22:31,2.67,0.01,62,16554,买盘
915,11:22:34,2.67,0.0,219,58470,买盘
916,11:23:03,2.66,-0.01,147,39245,卖盘
917,11:23:07,2.67,0.01,517,138039,买盘
918,11:23:10,2.66,-0.01,30,8000,卖盘
919,11:23:22,2.67,0.01,10,2670,买盘
920,11:23:25,2.67,0.0,400,106800,买盘
921,11:23:31,2.67,0.0,10,2563,买盘
922,11:23:34,2.67,0.0,40,10787,卖盘
923,11:23:40,2.67,0.0,12,3204,买盘
924,11:23:52,2.67,0.0,114,30331,买盘
925,11:23:58,2.67,0.0,30,8010,卖盘
926,11:24:04,2.67,0.0,4,1068,卖盘
927,11:24:34,2.67,0.0,3,801,卖盘
928,11:24:46,2.67,0.0,5,1335,卖盘
929,11:25:04,2.67,0.0,25,6675,卖盘
930,11:25:34,2.67,0.0,1203,321308,卖盘
931,11:25:40,2.67,0.0,300,80100,买盘
932,11:26:01,2.67,0.0,500,133500,买盘
933,11:26:04,2.66,-0.01,3,798,卖盘
934,11:26:10,2.67,0.01,29,7743,买盘
935,11:26:34,2.66,-0.01,3,798,卖盘
936,11:26:43,2.66,0.0,10,2660,卖盘
937,11:26:46,2.67,0.01,22,5874,买盘
938,11:26:58,2.67,0.0,45,12015,买盘
939,11:27:04,2.66,-0.01,4,1064,卖盘
940,11:27:34,2.66,0.0,3,798,卖盘
941,11:27:40,2.67,0.01,29,7743,买盘
942,11:27:43,2.67,0.0,12,3204,买盘
943,11:27:46,2.67,0.0,109,29103,买盘
944,11:27:49,2.67,0.0,2,534,买盘
945,11:27:55,2.67,0.0,1112,296904,买盘
946,11:28:04,2.66,-0.01,146,38979,卖盘
947,11:28:06,2.67,0.01,286,76255,买盘
948,11:28:10,2.67,0.0,1,267,卖盘
949,11:28:34,2.67,0.0,2,534,卖盘
950,11:28:52,2.67,0.0,50,13350,卖盘
951,11:29:28,2.67,0.0,10,2670,卖盘
952,11:29:31,2.68,0.01,132,35376,买盘
953,11:29:49,2.68,0.0,200,53600,买盘
954,13:00:05,2.68,0.0,120,32160,买盘
955,13:00:07,2.68,0.0,757,202961,买盘
956,13:00:10,2.68,0.0,160,42880,买盘
957,13:00:16,2.68,0.0,20,5360,买盘
958,13:00:18,2.68,0.0,20,5360,买盘
959,13:00:37,2.68,0.0,50,13400,买盘
960,13:00:42,2.68,0.0,1,268,买盘
961,13:00:52,2.68,0.0,10,2680,买盘
962,13:00:55,2.67,-0.01,23,6141,卖盘
963,13:00:58,2.67,0.0,293,78231,卖盘
964,13:01:07,2.68,0.01,77,20636,买盘
965,13:01:16,2.68,0.0,30,8040,买盘
966,13:01:37,2.68,0.0,1,268,买盘
967,13:01:46,2.67,-0.01,108,28936,卖盘
968,13:01:54,2.68,0.01,11,2948,买盘
969,13:02:39,2.68,0.0,71,19028,买盘
970,13:02:45,2.67,-0.01,8,2136,卖盘
971,13:02:49,2.68,0.01,50,13400,买盘
972,13:03:40,2.68,0.0,22,5896,买盘
973,13:03:46,2.67,-0.01,150,39890,卖盘
974,13:03:49,2.67,0.0,8,2136,卖盘
975,13:04:01,2.67,0.0,188,50196,卖盘
976,13:04:51,2.67,0.0,8,2136,卖盘
977,13:05:06,2.68,0.01,25,6700,买盘
978,13:05:16,2.68,0.0,5,1340,买盘
979,13:05:46,2.67,-0.01,357,95319,卖盘
980,13:06:00,2.67,0.0,8,2136,卖盘
981,13:06:10,2.68,0.01,60,16080,买盘
982,13:06:13,2.68,0.0,22,5896,买盘
983,13:06:31,2.68,0.0,50,13400,买盘
984,13:06:52,2.67,-0.01,163,43521,卖盘
985,13:06:58,2.67,0.0,8,2136,卖盘
986,13:07:01,2.67,0.0,6,1602,卖盘
987,13:07:04,2.67,0.0,4,1068,卖盘
988,13:07:22,2.68,0.01,30,8040,买盘
989,13:07:37,2.67,-0.01,1,267,卖盘
990,13:07:40,2.67,0.0,9,2403,卖盘
991,13:07:57,2.67,0.0,3,801,卖盘
992,13:08:01,2.67,0.0,8,2136,卖盘
993,13:08:30,2.67,0.0,163,43521,卖盘
994,13:08:33,2.68,0.01,1,268,买盘
995,13:09:04,2.67,-0.01,8,2136,卖盘
996,13:09:07,2.68,0.01,1,268,买盘
997,13:09:16,2.67,-0.01,15,4005,卖盘
998,13:09:43,2.68,0.01,1,268,买盘
999,13:09:49,2.68,0.0,5,1340,买盘
1000,13:09:52,2.67,-0.01,11,2937,卖盘
1001,13:09:55,2.68,0.01,8,2144,买盘
1002,13:10:19,2.67,-0.01,152,40584,卖盘
1003,13:10:31,2.67,0.0,10,2670,卖盘
1004,13:10:37,2.68,0.01,41,10988,买盘
1005,13:10:43,2.67,-0.01,1,267,卖盘
1006,13:11:19,2.67,0.0,8,2136,卖盘
1007,13:11:25,2.68,0.01,30,8040,买盘
1008,13:11:28,2.67,-0.01,10,2670,卖盘
1009,13:12:16,2.67,0.0,8,2136,卖盘
1010,13:13:01,2.67,0.0,163,43521,卖盘
1011,13:13:22,2.67,0.0,171,45657,卖盘
1012,13:13:37,2.67,0.0,1,267,卖盘
1013,13:13:48,2.68,0.01,50,13400,买盘
1014,13:14:13,2.67,-0.01,7,1869,卖盘
1015,13:14:18,2.67,0.0,8,2136,卖盘
1016,13:14:37,2.68,0.01,15,4020,买盘
1017,13:14:42,2.67,-0.01,1,267,卖盘
1018,13:14:46,2.67,0.0,4,1068,卖盘
1019,13:14:58,2.67,0.0,63,16714,卖盘
1020,13:15:13,2.67,0.0,163,43521,卖盘
1021,13:15:25,2.67,0.0,9,2403,卖盘
1022,13:15:28,2.67,0.0,5,1335,卖盘
1023,13:15:37,2.68,0.01,17,4556,买盘
1024,13:15:42,2.68,0.0,21,5628,买盘
1025,13:16:07,2.68,0.0,5,1340,买盘
1026,13:16:10,2.67,-0.01,100,26700,卖盘
1027,13:16:25,2.67,0.0,8,2136,卖盘
1028,13:16:31,2.67,0.0,1,267,卖盘
1029,13:16:34,2.67,0.0,1,267,卖盘
1030,13:16:43,2.67,0.0,1,267,卖盘
1031,13:16:51,2.67,0.0,2,534,卖盘
1032,13:17:25,2.67,0.0,11,2937,卖盘
1033,13:17:31,2.67,0.0,8,2136,卖盘
1034,13:17:43,2.67,0.0,110,29370,卖盘
1035,13:17:46,2.67,0.0,28,7476,卖盘
1036,13:17:49,2.67,0.0,122,32574,卖盘
1037,13:17:52,2.67,0.0,19,5073,卖盘
1038,13:18:01,2.68,0.01,30,8040,买盘
1039,13:18:34,2.67,-0.01,11,2937,卖盘
1040,13:18:55,2.67,0.0,9,2403,卖盘
1041,13:19:22,2.67,0.0,37,9879,卖盘
1042,13:19:28,2.67,0.0,1,267,卖盘
1043,13:19:34,2.67,0.0,170,45390,卖盘
1044,13:19:37,2.67,0.0,8,2136,卖盘
1045,13:20:04,2.67,0.0,2002,534534,卖盘
1046,13:20:10,2.67,0.0,105,28095,卖盘
1047,13:20:16,2.67,0.0,55,14685,卖盘
1048,13:20:28,2.67,0.0,40,10680,卖盘
1049,13:20:31,2.68,0.01,21,5628,买盘
1050,13:20:43,2.68,0.0,498,133464,买盘
1051,13:20:58,2.67,-0.01,8,2136,卖盘
1052,13:21:22,2.67,0.0,20,5340,卖盘
1053,13:22:07,2.68,0.01,32,8576,买盘
1054,13:22:21,2.67,-0.01,1,267,卖盘
1055,13:22:58,2.67,0.0,101,26967,卖盘
1056,13:23:10,2.67,0.0,41,10947,卖盘
1057,13:23:12,2.67,0.0,66,17622,卖盘
1058,13:23:25,2.67,0.0,15,4005,卖盘
1059,13:23:27,2.67,0.0,214,57138,卖盘
1060,13:23:34,2.67,0.0,7,1869,卖盘
1061,13:23:37,2.67,0.0,379,101193,卖盘
1062,13:23:46,2.67,0.0,9,2403,卖盘
1063,13:23:49,2.68,0.01,50,13400,买盘
1064,13:23:55,2.67,-0.01,20,5340,卖盘
1065,13:23:57,2.67,0.0,12,3204,卖盘
1066,13:24:22,2.68,0.01,44,11781,买盘
1067,13:24:28,2.67,-0.01,1,267,卖盘
1068,13:24:52,2.67,0.0,18,4806,卖盘
1069,13:24:54,2.68,0.01,368,98624,买盘
1070,13:25:06,2.67,-0.01,28,7476,卖盘
1071,13:25:10,2.68,0.01,131,34997,买盘
1072,13:25:19,2.67,-0.01,1,267,卖盘
1073,13:25:25,2.67,0.0,1,267,卖盘
1074,13:25:27,2.67,0.0,100,26700,卖盘
1075,13:25:34,2.68,0.01,300,80400,买盘
1076,13:25:37,2.67,-0.01,2,534,卖盘
1077,13:25:40,2.67,0.0,1,267,卖盘
1078,13:25:43,2.67,0.0,100,26700,卖盘
1079,13:25:52,2.67,0.0,1,267,卖盘
1080,13:25:55,2.67,0.0,8,2136,卖盘
1081,13:25:58,2.67,0.0,50,13350,卖盘
1082,13:26:04,2.67,0.0,5,1335,卖盘
1083,13:26:09,2.67,0.0,5,1335,卖盘
1084,13:26:13,2.67,0.0,5,1335,卖盘
1085,13:26:24,2.67,0.0,10,2670,卖盘
1086,13:26:34,2.67,0.0,50,13350,卖盘
1087,13:26:55,2.67,0.0,80,21360,卖盘
1088,13:26:58,2.67,0.0,28,7476,卖盘
1089,13:27:27,2.67,0.0,240,64080,卖盘
1090,13:27:40,2.67,0.0,70,18690,卖盘
1091,13:27:49,2.67,0.0,42,11214,卖盘
1092,13:27:57,2.67,0.0,8,2136,卖盘
1093,13:28:00,2.67,0.0,11,2937,卖盘
1094,13:28:07,2.68,0.01,123,32964,买盘
1095,13:28:12,2.67,-0.01,1,267,卖盘
1096,13:29:00,2.67,0.0,8,2136,卖盘
1097,13:29:36,2.67,0.0,3,801,卖盘
1098,13:29:46,2.67,0.0,10,2670,卖盘
1099,13:30:01,2.67,0.0,1,267,卖盘
1100,13:30:10,2.67,0.0,8,2136,卖盘
1101,13:30:34,2.67,0.0,4,1068,卖盘
1102,13:30:40,2.67,0.0,33,8811,卖盘
1103,13:31:06,2.67,0.0,327,87309,卖盘
1104,13:31:10,2.67,0.0,8,2136,卖盘
1105,13:31:16,2.67,0.0,69,18423,卖盘
1106,13:31:37,2.67,0.0,5,1335,卖盘
1107,13:31:40,2.67,0.0,5,1335,卖盘
1108,13:31:49,2.67,0.0,10,2670,卖盘
1109,13:32:04,2.67,0.0,50,13350,卖盘
1110,13:32:13,2.67,0.0,8,2136,卖盘
1111,13:32:15,2.67,0.0,26,6942,卖盘
1112,13:33:10,2.67,0.0,13,3364,卖盘
1113,13:33:13,2.67,0.0,30,8010,卖盘
1114,13:33:22,2.67,0.0,8,2136,卖盘
1115,13:33:37,2.67,0.0,2,534,卖盘
1116,13:33:40,2.67,0.0,29,7743,卖盘
1117,13:33:46,2.68,0.01,2,536,买盘
1118,13:34:01,2.67,-0.01,10,2670,卖盘
1119,13:34:06,2.67,0.0,1,267,卖盘
1120,13:34:12,2.67,0.0,4,1068,卖盘
1121,13:34:19,2.67,0.0,13,3471,卖盘
1122,13:34:25,2.67,0.0,118,31506,卖盘
1123,13:34:31,2.67,0.0,22,5874,卖盘
1124,13:34:43,2.67,0.0,10,2670,卖盘
1125,13:34:48,2.67,0.0,7,1869,卖盘
1126,13:34:51,2.67,0.0,7,1869,卖盘
1127,13:34:54,2.67,0.0,18,4806,卖盘
1128,13:35:01,2.67,0.0,11,2937,卖盘
1129,13:35:10,2.67,0.0,1,267,卖盘
1130,13:35:18,2.67,0.0,8,2136,卖盘
1131,13:35:22,2.67,0.0,31,8277,卖盘
1132,13:35:25,2.67,0.0,12,3204,卖盘
1133,13:35:28,2.67,0.0,1,267,卖盘
1134,13:35:57,2.67,0.0,100,26700,卖盘
1135,13:36:13,2.67,0.0,300,80100,卖盘
1136,13:36:16,2.67,0.0,28,7476,卖盘
1137,13:36:19,2.67,0.0,62,16554,卖盘
1138,13:36:21,2.67,0.0,17,4539,卖盘
1139,13:36:25,2.67,0.0,63,16821,卖盘
1140,13:36:28,2.67,0.0,83,22161,卖盘
1141,13:36:31,2.67,0.0,78,20826,卖盘
1142,13:36:34,2.67,0.0,869,232183,卖盘
1143,13:36:49,2.66,-0.01,3,798,卖盘
1144,13:37:04,2.66,0.0,1,266,卖盘
1145,13:37:16,2.66,0.0,50,13300,卖盘
1146,13:37:30,2.66,0.0,8,2128,卖盘
1147,13:37:58,2.67,0.01,25,6675,买盘
1148,13:38:27,2.66,-0.01,8,2128,卖盘
1149,13:38:40,2.66,0.0,3,798,卖盘
1150,13:38:43,2.66,0.0,39,10374,卖盘
1151,13:38:49,2.66,0.0,17,4522,卖盘
1152,13:38:58,2.66,0.0,10,2660,卖盘
1153,13:39:12,2.67,0.01,50,13350,买盘
1154,13:39:28,2.66,-0.01,4,1064,卖盘
1155,13:39:31,2.66,0.0,300,79800,卖盘
1156,13:39:34,2.66,0.0,8,2128,卖盘
1157,13:39:37,2.66,0.0,4,1064,卖盘
1158,13:39:43,2.66,0.0,44,11704,卖盘
1159,13:39:52,2.66,0.0,1,266,卖盘
1160,13:39:58,2.66,0.0,113,30170,卖盘
1161,13:40:03,2.67,0.01,41,10947,买盘
1162,13:40:40,2.66,-0.01,8,2128,卖盘
1163,13:41:40,2.66,0.0,11,2926,卖盘
1164,13:41:43,2.66,0.0,8,2128,卖盘
1165,13:42:37,2.66,0.0,8,2128,卖盘
1166,13:42:46,2.66,0.0,8,2128,卖盘
1167,13:42:52,2.66,0.0,1,266,卖盘
1168,13:42:55,2.67,0.01,2,534,买盘
1169,13:43:43,2.66,-0.01,17,4522,卖盘
1170,13:44:04,2.66,0.0,9,2394,卖盘
1171,13:44:16,2.66,0.0,5,1330,卖盘
1172,13:44:28,2.66,0.0,50,13300,卖盘
1173,13:44:46,2.66,0.0,45,12007,卖盘
1174,13:44:52,2.66,0.0,4,1064,卖盘
1175,13:44:54,2.67,0.01,2,534,买盘
1176,13:45:04,2.67,0.0,113,30171,买盘
1177,13:45:22,2.66,-0.01,1,266,卖盘
1178,13:45:49,2.67,0.01,3,800,买盘
1179,13:45:52,2.66,-0.01,8,2128,卖盘
1180,13:46:07,2.66,0.0,10,2660,卖盘
1181,13:46:31,2.66,0.0,1,266,卖盘
1182,13:46:46,2.66,0.0,80,21280,卖盘
1183,13:46:55,2.66,0.0,8,2128,卖盘
1184,13:47:19,2.66,0.0,1,266,卖盘
1185,13:47:28,2.66,0.0,600,159600,卖盘
1186,13:47:34,2.66,0.0,50,13300,卖盘
1187,13:47:37,2.66,0.0,3,798,卖盘
1188,13:47:40,2.66,0.0,10,2660,卖盘
1189,13:48:01,2.66,0.0,8,2128,卖盘
1190,13:48:19,2.67,0.01,14,3738,买盘
1191,13:48:24,2.66,-0.01,10,2660,卖盘
1192,13:48:33,2.66,0.0,10,2660,卖盘
1193,13:48:42,2.66,0.0,1,266,卖盘
1194,13:48:52,2.66,0.0,4,1064,卖盘
1195,13:49:01,2.66,0.0,8,2128,卖盘
1196,13:49:28,2.66,0.0,4,1064,卖盘
1197,13:50:04,2.66,0.0,13,3458,卖盘
1198,13:50:18,2.66,0.0,50,13300,卖盘
1199,13:50:21,2.66,0.0,106,28196,卖盘
1200,13:51:07,2.66,0.0,8,2128,卖盘
1201,13:51:13,2.66,0.0,52,13832,卖盘
1202,13:51:16,2.66,0.0,6,1596,卖盘
1203,13:51:31,2.66,0.0,188,50008,卖盘
1204,13:51:37,2.66,0.0,5,1330,卖盘
1205,13:52:01,2.66,0.0,10,2660,卖盘
1206,13:52:12,2.66,0.0,8,2128,卖盘
1207,13:52:34,2.67,0.01,1,267,买盘
1208,13:52:37,2.67,0.0,1,267,买盘
1209,13:52:40,2.67,0.0,112,29904,买盘
1210,13:52:46,2.67,0.0,34,9078,买盘
1211,13:53:07,2.67,0.0,23,6141,买盘
1212,13:53:13,2.66,-0.01,8,2128,卖盘
1213,13:53:22,2.67,0.01,10,2670,买盘
1214,13:53:24,2.67,0.0,1,267,买盘
1215,13:53:31,2.66,-0.01,2000,532000,卖盘
1216,13:53:49,2.67,0.01,10,2670,买盘
1217,13:53:52,2.67,0.0,172,45924,买盘
1218,13:54:19,2.66,-0.01,8,2128,卖盘
1219,13:54:25,2.67,0.01,143,38181,买盘
1220,13:54:28,2.66,-0.01,100,26600,卖盘
1221,13:54:52,2.67,0.01,117,31239,买盘
1222,13:54:55,2.67,0.0,12,3204,买盘
1223,13:54:58,2.67,0.0,12,3204,买盘
1224,13:55:16,2.67,0.0,50,13350,买盘
1225,13:55:42,2.66,-0.01,51,13616,卖盘
1226,13:55:55,2.67,0.01,18,4806,买盘
1227,13:56:37,2.67,0.0,100,26700,买盘
1228,13:56:43,2.67,0.0,10,2670,买盘
1229,13:56:48,2.66,-0.01,40,10640,卖盘
1230,13:57:10,2.67,0.01,77,20559,买盘
1231,13:57:27,2.66,-0.01,1,266,卖盘
1232,13:57:30,2.66,0.0,1,213,卖盘
1233,13:57:36,2.66,0.0,2,532,卖盘
1234,13:58:31,2.67,0.01,6,1602,买盘
1235,13:58:43,2.66,-0.01,500,133000,卖盘
1236,13:58:55,2.66,0.0,40,10640,卖盘
1237,13:58:58,2.66,0.0,9,2394,卖盘
1238,13:59:04,2.66,0.0,4,1064,卖盘
1239,13:59:10,2.66,0.0,9,2394,卖盘
1240,13:59:15,2.66,0.0,8,2128,卖盘
1241,13:59:30,2.67,0.01,782,208794,买盘
1242,13:59:46,2.67,0.0,5,1335,买盘
1243,14:00:09,2.67,0.0,50,13350,买盘
1244,14:00:16,2.66,-0.01,8,2128,卖盘
1245,14:00:22,2.66,0.0,1,266,卖盘
1246,14:00:24,2.67,0.01,199,53133,买盘
1247,14:00:40,2.67,0.0,6,1602,买盘
1248,14:00:51,2.67,0.0,32,8544,买盘
1249,14:00:58,2.67,0.0,1,267,买盘
1250,14:01:16,2.67,0.0,128,34176,买盘
1251,14:01:43,2.67,0.0,74,19758,买盘
1252,14:02:07,2.66,-0.01,1,266,卖盘
1253,14:02:25,2.66,0.0,11,2926,卖盘
1254,14:02:31,2.66,0.0,8,2128,卖盘
1255,14:02:46,2.67,0.01,5,1335,买盘
1256,14:03:03,2.66,-0.01,10,2660,卖盘
1257,14:03:16,2.66,0.0,4,1064,卖盘
1258,14:03:19,2.66,0.0,11,2926,卖盘
1259,14:03:28,2.66,0.0,8,2128,卖盘
1260,14:03:52,2.67,0.01,5,1335,买盘
1261,14:03:58,2.66,-0.01,5,1330,卖盘
1262,14:04:04,2.66,0.0,500,133000,卖盘
1263,14:04:09,2.66,0.0,53,14098,卖盘
1264,14:04:13,2.66,0.0,55,14630,卖盘
1265,14:04:27,2.66,0.0,8,2128,卖盘
1266,14:05:13,2.67,0.01,1261,336687,买盘
1267,14:05:28,2.66,-0.01,1,266,卖盘
1268,14:05:52,2.66,0.0,682,182085,卖盘
1269,14:06:10,2.66,0.0,10,2660,卖盘
1270,14:06:24,2.66,0.0,10,2660,卖盘
1271,14:07:19,2.66,0.0,98,26068,卖盘
1272,14:07:49,2.67,0.01,54,14418,买盘
1273,14:08:06,2.67,0.0,41,10947,买盘
1274,14:08:40,2.67,0.0,76,20292,买盘
1275,14:09:07,2.66,-0.01,1,266,卖盘
1276,14:09:19,2.66,0.0,11,2926,卖盘
1277,14:10:27,2.67,0.01,30,8010,买盘
1278,14:10:57,2.66,-0.01,8,2128,卖盘
1279,14:11:00,2.67,0.01,2,534,买盘
1280,14:11:22,2.66,-0.01,10,2660,卖盘
1281,14:11:28,2.66,0.0,99,26334,卖盘
1282,14:11:40,2.67,0.01,737,196779,买盘
1283,14:11:49,2.67,0.0,10,2670,买盘
1284,14:11:58,2.66,-0.01,8,2128,卖盘
1285,14:12:07,2.66,0.0,1,266,卖盘
1286,14:12:16,2.66,0.0,100,26600,卖盘
1287,14:12:19,2.67,0.01,500,133500,买盘
1288,14:12:34,2.67,0.0,10,2670,买盘
1289,14:12:36,2.67,0.0,5,1335,买盘
1290,14:12:43,2.67,0.0,112,29904,买盘
1291,14:12:52,2.67,0.0,30,8010,买盘
1292,14:12:58,2.67,0.0,21,5607,买盘
1293,14:13:01,2.66,-0.01,101,26866,卖盘
1294,14:13:04,2.67,0.01,3,801,买盘
1295,14:13:07,2.67,0.0,20,5340,买盘
1296,14:13:09,2.67,0.0,50,13350,买盘
1297,14:13:16,2.67,0.0,30,8010,买盘
1298,14:13:34,2.67,0.0,8,2136,买盘
1299,14:13:46,2.67,0.0,50,13350,买盘
1300,14:13:49,2.66,-0.01,92,24472,卖盘
1301,14:14:01,2.66,0.0,40,10640,卖盘
1302,14:14:04,2.66,0.0,3,798,卖盘
1303,14:14:06,2.66,0.0,22,5852,卖盘
1304,14:14:10,2.66,0.0,92,24472,卖盘
1305,14:14:16,2.66,0.0,42,11172,卖盘
1306,14:14:31,2.66,0.0,99,26334,卖盘
1307,14:14:55,2.66,0.0,76,20216,卖盘
1308,14:15:25,2.66,0.0,159,42294,卖盘
1309,14:15:31,2.66,0.0,48,12768,卖盘
1310,14:15:37,2.66,0.0,1,266,卖盘
1311,14:15:40,2.66,0.0,30,7980,卖盘
1312,14:15:43,2.66,0.0,1682,447412,卖盘
1313,14:15:45,2.66,0.0,55,14630,卖盘
1314,14:15:52,2.66,0.0,5,1330,卖盘
1315,14:15:54,2.66,0.0,12,3192,卖盘
1316,14:15:58,2.66,0.0,50,13300,卖盘
1317,14:16:01,2.66,0.0,5,1330,卖盘
1318,14:16:07,2.66,0.0,1,266,卖盘
1319,14:16:10,2.66,0.0,24,6384,卖盘
1320,14:16:13,2.66,0.0,30,7980,卖盘
1321,14:16:16,2.66,0.0,10,2660,卖盘
1322,14:16:19,2.66,0.0,1,266,卖盘
1323,14:16:25,2.66,0.0,31,8246,卖盘
1324,14:16:28,2.66,0.0,30,7980,卖盘
1325,14:16:34,2.66,0.0,3,798,卖盘
1326,14:16:37,2.66,0.0,5,1330,卖盘
1327,14:16:40,2.66,0.0,33,8778,卖盘
1328,14:16:43,2.66,0.0,26,6916,卖盘
1329,14:16:46,2.66,0.0,139,36974,卖盘
1330,14:16:49,2.66,0.0,136,36176,卖盘
1331,14:16:52,2.66,0.0,342,90972,卖盘
1332,14:17:31,2.65,-0.01,10,2655,卖盘
1333,14:17:34,2.66,0.01,470,125020,买盘
1334,14:17:36,2.66,0.0,6,1596,卖盘
1335,14:17:43,2.66,0.0,23,6118,卖盘
1336,14:17:49,2.66,0.0,2,532,卖盘
1337,14:17:52,2.66,0.0,14,3724,卖盘
1338,14:17:55,2.66,0.0,62,16492,卖盘
1339,14:18:04,2.66,0.0,6,1596,买盘
1340,14:18:33,2.66,0.0,207,55062,买盘
1341,14:19:00,2.66,0.0,55,14630,卖盘
1342,14:19:04,2.66,0.0,7,1862,卖盘
1343,14:19:06,2.66,0.0,31,8246,卖盘
1344,14:19:10,2.66,0.0,17,4522,卖盘
1345,14:19:13,2.66,0.0,4,1064,卖盘
1346,14:19:19,2.66,0.0,8,2128,卖盘
1347,14:19:22,2.66,0.0,51,13566,卖盘
1348,14:19:42,2.66,0.0,10,2660,卖盘
1349,14:20:10,2.66,0.0,54,14364,卖盘
1350,14:20:16,2.66,0.0,2,532,卖盘
1351,14:20:19,2.66,0.0,15,3990,卖盘
1352,14:20:22,2.66,0.0,8,2128,卖盘
1353,14:20:49,2.66,0.0,50,13300,卖盘
1354,14:20:55,2.66,0.0,1,266,卖盘
1355,14:21:19,2.66,0.0,8,2128,卖盘
1356,14:21:21,2.66,0.0,1,266,卖盘
1357,14:21:25,2.66,0.0,3,798,卖盘
1358,14:21:28,2.67,0.01,63,16821,买盘
1359,14:21:37,2.66,-0.01,30,7980,卖盘
1360,14:22:33,2.66,0.0,8,2128,卖盘
1361,14:22:37,2.66,0.0,1,266,卖盘
1362,14:22:49,2.66,0.0,30,7980,卖盘
1363,14:22:55,2.66,0.0,14,3724,卖盘
1364,14:22:58,2.66,0.0,312,82992,卖盘
1365,14:23:34,2.65,-0.01,8,2120,卖盘
1366,14:23:46,2.66,0.01,137,36442,买盘
1367,14:23:49,2.66,0.0,2,532,卖盘
1368,14:23:51,2.66,0.0,43,11438,卖盘
1369,14:23:54,2.66,0.0,4,1064,卖盘
1370,14:24:07,2.66,0.0,7,1862,卖盘
1371,14:24:12,2.66,0.0,3,798,卖盘
1372,14:24:25,2.66,0.0,2,532,卖盘
1373,14:24:31,2.66,0.0,6,1596,卖盘
1374,14:24:46,2.66,0.0,600,159600,卖盘
1375,14:24:52,2.66,0.0,1,266,卖盘
1376,14:24:55,2.66,0.0,3,798,卖盘
1377,14:25:22,2.66,0.0,1,266,卖盘
1378,14:25:27,2.66,0.0,1,266,卖盘
1379,14:26:01,2.66,0.0,29,7714,卖盘
1380,14:26:04,2.66,0.0,8,2128,卖盘
1381,14:26:34,2.66,0.0,11,2926,卖盘
1382,14:26:37,2.65,-0.01,11,2917,卖盘
1383,14:27:25,2.66,0.01,1,266,买盘
1384,14:27:31,2.66,0.0,5,1330,买盘
1385,14:27:40,2.66,0.0,20,5320,买盘
1386,14:27:58,2.66,0.0,27,7182,买盘
1387,14:28:04,2.66,0.0,2,532,卖盘
1388,14:28:22,2.66,0.0,7,1862,买盘
1389,14:28:28,2.66,0.0,17,4522,买盘
1390,14:28:34,2.66,0.0,24,6384,卖盘
1391,14:28:36,2.66,0.0,18,4788,卖盘
1392,14:29:22,2.66,0.0,44,11704,卖盘
1393,14:29:40,2.66,0.0,143,38038,卖盘
1394,14:29:43,2.66,0.0,1,266,卖盘
1395,14:29:45,2.66,0.0,30,7980,卖盘
1396,14:30:01,2.66,0.0,2237,595042,卖盘
1397,14:30:19,2.65,-0.01,78,20670,卖盘
1398,14:30:22,2.65,0.0,4,1060,卖盘
1399,14:30:45,2.66,0.01,6,1596,买盘
1400,14:30:48,2.65,-0.01,11,2915,卖盘
1401,14:30:58,2.66,0.01,30,7980,买盘
1402,14:31:01,2.66,0.0,76,20216,买盘
1403,14:31:07,2.66,0.0,600,159600,买盘
1404,14:31:43,2.66,0.0,1000,266000,卖盘
1405,14:31:51,2.66,0.0,10,2660,卖盘
1406,14:31:55,2.66,0.0,12,3192,卖盘
1407,14:31:58,2.66,0.0,16,4256,卖盘
1408,14:32:00,2.66,0.0,5,1330,卖盘
1409,14:32:19,2.66,0.0,500,133000,卖盘
1410,14:32:25,2.66,0.0,8,2128,卖盘
1411,14:32:28,2.66,0.0,120,31920,卖盘
1412,14:32:31,2.66,0.0,20,5320,卖盘
1413,14:32:52,2.66,0.0,1,266,卖盘
1414,14:32:55,2.66,0.0,4,1064,卖盘
1415,14:33:04,2.66,0.0,112,29792,卖盘
1416,14:33:24,2.66,0.0,6,1596,卖盘
1417,14:33:40,2.66,0.0,27,7182,卖盘
1418,14:33:52,2.66,0.0,2,532,卖盘
1419,14:33:57,2.66,0.0,203,53998,卖盘
1420,14:34:04,2.66,0.0,4,1064,卖盘
1421,14:34:22,2.66,0.0,17,4522,卖盘
1422,14:34:28,2.66,0.0,5,1330,卖盘
1423,14:34:46,2.65,-0.01,2991,793187,卖盘
1424,14:35:43,2.66,0.01,7,1862,买盘
1425,14:36:10,2.65,-0.01,28,7420,卖盘
1426,14:36:19,2.65,0.0,100,26500,卖盘
1427,14:36:33,2.66,0.01,5,1330,买盘
1428,14:36:37,2.66,0.0,2,532,买盘
1429,14:36:43,2.66,0.0,2,531,买盘
1430,14:37:04,2.66,0.0,300,79800,买盘
1431,14:37:52,2.66,0.0,6,1596,买盘
1432,14:38:10,2.65,-0.01,40,10600,卖盘
1433,14:38:16,2.65,0.0,10,2650,卖盘
1434,14:38:25,2.65,0.0,666,176490,卖盘
1435,14:38:28,2.66,0.01,67,17822,买盘
1436,14:38:42,2.66,0.0,20,5320,买盘
1437,14:38:55,2.66,0.0,199,52934,买盘
1438,14:38:57,2.65,-0.01,1249,330985,卖盘
1439,14:40:42,2.65,0.0,15,3975,卖盘
1440,14:41:25,2.65,0.0,80,21200,卖盘
1441,14:41:49,2.65,0.0,78,20670,卖盘
1442,14:42:10,2.65,0.0,67,17755,卖盘
1443,14:42:28,2.65,0.0,54,14310,卖盘
1444,14:42:31,2.65,0.0,78,20670,卖盘
1445,14:42:52,2.65,0.0,76,20140,卖盘
1446,14:43:16,2.65,0.0,68,18020,卖盘
1447,14:43:37,2.65,0.0,38,10070,卖盘
1448,14:43:43,2.65,0.0,3,795,卖盘
1449,14:44:10,2.65,0.0,3,795,卖盘
1450,14:44:19,2.65,0.0,34,9010,卖盘
1451,14:44:24,2.65,0.0,2,530,卖盘
1452,14:44:40,2.65,0.0,1,265,卖盘
1453,14:45:10,2.66,0.01,13,3458,买盘
1454,14:46:10,2.65,-0.01,116,30740,卖盘
1455,14:46:28,2.65,0.0,1,265,卖盘
1456,14:46:31,2.65,0.0,5,1325,卖盘
1457,14:46:37,2.65,0.0,5,1325,卖盘
1458,14:46:49,2.65,0.0,15,3975,卖盘
1459,14:46:55,2.65,0.0,5,1325,卖盘
1460,14:47:31,2.65,0.0,10,2650,卖盘
1461,14:48:28,2.65,0.0,11,2915,卖盘
1462,14:49:13,2.65,0.0,50,13250,卖盘
1463,14:49:31,2.65,0.0,10,2650,卖盘
1464,14:49:52,2.65,0.0,55,14575,卖盘
1465,14:50:04,2.65,0.0,4,1060,卖盘
1466,14:50:07,2.65,0.0,6,1590,卖盘
1467,14:50:31,2.65,0.0,307,81355,卖盘
1468,14:50:37,2.65,0.0,7,1855,卖盘
1469,14:50:45,2.65,0.0,120,31800,卖盘
1470,14:51:13,2.66,0.01,71,18886,买盘
1471,14:51:19,2.65,-0.01,25,6645,卖盘
1472,14:51:24,2.65,0.0,56,14840,卖盘
1473,14:51:31,2.65,0.0,57,15105,卖盘
1474,14:51:34,2.65,0.0,11,2915,卖盘
1475,14:51:37,2.65,0.0,100,26500,卖盘
1476,14:51:49,2.65,0.0,62,16430,卖盘
1477,14:51:52,2.65,0.0,58,15370,卖盘
1478,14:51:58,2.65,0.0,300,79500,卖盘
1479,14:52:07,2.65,0.0,41,10865,卖盘
1480,14:52:10,2.65,0.0,44,11660,卖盘
1481,14:52:16,2.65,0.0,1,265,卖盘
1482,14:52:34,2.65,0.0,196,51940,卖盘
1483,14:52:37,2.65,0.0,200,53100,卖盘
1484,14:52:49,2.66,0.01,5,1330,买盘
1485,14:52:52,2.66,0.0,2,532,买盘
1486,14:52:55,2.65,-0.01,40,10600,卖盘
1487,14:53:07,2.65,0.0,115,30475,卖盘
1488,14:53:10,2.65,0.0,9,2385,卖盘
1489,14:53:13,2.65,0.0,73,19345,卖盘
1490,14:53:22,2.65,0.0,4,1060,卖盘
1491,14:53:34,2.66,0.01,40,10640,买盘
1492,14:53:40,2.65,-0.01,3,795,卖盘
1493,14:53:46,2.65,0.0,842,223130,卖盘
1494,14:54:10,2.65,0.0,1,265,卖盘
1495,14:54:25,2.65,0.0,3,795,卖盘
1496,14:54:37,2.65,0.0,39,10335,卖盘
1497,14:54:43,2.65,0.0,58,15370,卖盘
1498,14:54:52,2.65,0.0,1163,308195,卖盘
1499,14:54:55,2.65,0.0,13,3445,卖盘
1500,14:54:58,2.65,0.0,1492,395380,卖盘
1501,14:55:04,2.65,0.0,56,14840,卖盘
1502,14:55:07,2.65,0.0,2,530,卖盘
1503,14:55:10,2.65,0.0,167,44255,卖盘
1504,14:55:13,2.65,0.0,420,111300,卖盘
1505,14:55:16,2.65,0.0,78,20670,卖盘
1506,14:55:19,2.65,0.0,12,3180,卖盘
1507,14:55:22,2.65,0.0,181,47965,卖盘
1508,14:55:25,2.65,0.0,4,1060,卖盘
1509,14:55:28,2.65,0.0,49,12985,卖盘
1510,14:55:31,2.65,0.0,12,3180,买盘
1511,14:55:34,2.65,0.0,25,6625,卖盘
1512,14:55:37,2.65,0.0,213,56445,卖盘
1513,14:55:43,2.65,0.0,831,220215,卖盘
1514,14:55:49,2.65,0.0,1,265,卖盘
1515,14:55:52,2.65,0.0,1,265,卖盘
1516,14:55:55,2.65,0.0,1,265,卖盘
1517,14:55:58,2.65,0.0,1,265,卖盘
1518,14:56:04,2.65,0.0,74,19610,卖盘
1519,14:56:19,2.65,0.0,41,10865,卖盘
1520,14:56:22,2.65,0.0,10,2650,买盘
1521,14:56:28,2.65,0.0,5,1325,买盘
1522,14:56:43,2.64,-0.01,22,5828,卖盘
1523,14:56:46,2.64,0.0,16,4224,卖盘
1524,14:56:49,2.64,0.0,13,3432,卖盘
1525,14:56:52,2.65,0.01,28,7408,买盘
1526,14:56:55,2.64,-0.01,11,2904,卖盘
1527,14:56:58,2.64,0.0,10,2640,卖盘
1528,14:57:01,2.64,0.0,10,2640,卖盘
1529,14:57:04,2.64,0.0,10,2640,卖盘
1530,15:00:05,2.64,0.0,3299,870936,卖盘
