,time,price,change,volume,amount,type
0,09:25:05,6.19,0.0,137,84803,卖盘
1,09:30:01,6.21,0.02,19,11799,买盘
2,09:30:04,6.23,0.02,280,174046,买盘
3,09:30:06,6.23,0.0,21,13083,卖盘
4,09:30:10,6.21,-0.02,27,16789,卖盘
5,09:30:13,6.25,0.04,124,77256,买盘
6,09:30:16,6.25,0.0,26,16250,卖盘
7,09:30:19,6.25,0.0,2,1250,卖盘
8,09:30:22,6.26,0.01,299,187172,买盘
9,09:30:25,6.26,0.0,59,36934,卖盘
10,09:30:31,6.26,0.0,31,19421,卖盘
11,09:30:34,6.27,0.01,87,54549,买盘
12,09:30:36,6.27,0.0,20,12550,卖盘
13,09:30:40,6.27,0.0,108,67701,卖盘
14,09:30:43,6.29,0.02,12,7532,买盘
15,09:30:46,6.28,-0.01,45,28264,卖盘
16,09:30:49,6.29,0.01,211,132619,买盘
17,09:30:51,6.29,0.0,44,27676,卖盘
18,09:30:55,6.28,-0.01,109,68541,卖盘
19,09:30:58,6.28,0.0,84,52752,卖盘
20,09:31:01,6.28,0.0,282,176711,买盘
21,09:31:04,6.27,-0.01,170,106490,卖盘
22,09:31:07,6.26,-0.01,604,378139,卖盘
23,09:31:10,6.26,0.0,110,68685,买盘
24,09:31:13,6.23,-0.03,24,14948,卖盘
25,09:31:15,6.26,0.03,12,7482,买盘
26,09:31:19,6.21,-0.05,66,40986,卖盘
27,09:31:21,6.25,0.04,30,18750,买盘
28,09:31:25,6.26,0.01,10,6256,买盘
29,09:31:27,6.23,-0.03,22,13695,买盘
30,09:31:31,6.23,0.0,1,623,买盘
31,09:31:34,6.25,0.02,18,11214,买盘
32,09:31:37,6.23,-0.02,21,13103,中性盘
33,09:31:40,6.25,0.02,155,96875,买盘
34,09:31:43,6.25,0.0,14,8750,卖盘
35,09:31:49,6.25,0.0,82,51250,卖盘
36,09:31:51,6.25,0.0,29,18145,卖盘
37,09:31:54,6.25,0.0,185,115685,卖盘
38,09:31:58,6.25,0.0,148,92501,卖盘
39,09:32:01,6.25,0.0,21,13125,买盘
40,09:32:04,6.25,0.0,15,9375,买盘
41,09:32:07,6.25,0.0,65,40625,买盘
42,09:32:10,6.25,0.0,89,55578,买盘
43,09:32:13,6.24,-0.01,108,67392,买盘
44,09:32:19,6.24,0.0,37,23085,买盘
45,09:32:22,6.24,0.0,181,112994,卖盘
46,09:32:25,6.23,-0.01,45,28038,卖盘
47,09:32:27,6.23,0.0,5,3115,卖盘
48,09:32:31,6.23,0.0,28,17451,卖盘
49,09:32:34,6.24,0.01,12,7477,买盘
50,09:32:36,6.23,-0.01,41,25543,卖盘
51,09:32:40,6.23,0.0,89,55414,买盘
52,09:32:43,6.24,0.01,19,11856,买盘
53,09:32:45,6.23,-0.01,48,29948,卖盘
54,09:32:49,6.24,0.01,28,17471,买盘
55,09:32:52,6.25,0.01,11,6867,买盘
56,09:32:55,6.23,-0.02,31,19333,卖盘
57,09:32:57,6.23,0.0,32,19946,卖盘
58,09:33:01,6.24,0.01,62,38688,中性盘
59,09:33:04,6.23,-0.01,12,7476,卖盘
60,09:33:07,6.24,0.01,27,16831,买盘
61,09:33:09,6.24,0.0,55,34315,买盘
62,09:33:12,6.24,0.0,3,1872,买盘
63,09:33:16,6.23,-0.01,11,6853,卖盘
64,09:33:19,6.23,0.0,17,10591,卖盘
65,09:33:22,6.24,0.01,18,11232,卖盘
66,09:33:25,6.24,0.0,89,55534,卖盘
67,09:33:28,6.24,0.0,60,37394,买盘
68,09:33:31,6.24,0.0,47,29291,买盘
69,09:33:34,6.24,0.0,73,45499,买盘
70,09:33:37,6.23,-0.01,32,19936,卖盘
71,09:33:40,6.24,0.01,58,36157,买盘
72,09:33:43,6.24,0.0,44,27431,买盘
73,09:33:46,6.24,0.0,27,16848,卖盘
74,09:33:48,6.24,0.0,45,28064,卖盘
75,09:33:52,6.23,-0.01,59,36780,卖盘
76,09:33:55,6.23,0.0,28,17444,卖盘
77,09:33:58,6.24,0.01,48,29952,买盘
78,09:34:01,6.23,-0.01,88,54948,卖盘
79,09:34:04,6.24,0.01,23,14333,卖盘
80,09:34:07,6.23,-0.01,161,100303,卖盘
81,09:34:10,6.23,0.0,55,34298,卖盘
82,09:34:13,6.24,0.01,37,23055,买盘
83,09:34:16,6.24,0.0,44,27432,买盘
84,09:34:19,6.23,-0.01,24,14952,卖盘
85,09:34:22,6.23,0.0,28,17453,卖盘
86,09:34:25,6.23,0.0,53,33041,卖盘
87,09:34:28,6.23,0.0,22,13706,卖盘
88,09:34:31,6.23,0.0,27,16821,卖盘
89,09:34:34,6.23,0.0,95,59185,卖盘
90,09:34:36,6.23,0.0,24,14952,卖盘
91,09:34:40,6.23,0.0,53,33046,卖盘
92,09:34:43,6.23,0.0,23,14329,卖盘
93,09:34:46,6.2,-0.03,434,269574,卖盘
94,09:34:55,6.19,-0.01,257,159083,卖盘
95,09:34:58,6.2,0.01,13,8060,买盘
96,09:35:01,6.18,-0.02,159,98413,卖盘
97,09:35:07,6.17,-0.01,7,4319,卖盘
98,09:35:12,6.16,-0.01,69,42554,卖盘
99,09:35:16,6.17,0.01,28,17255,买盘
100,09:35:19,6.16,-0.01,22,13556,卖盘
101,09:35:22,6.16,0.0,35,21560,买盘
102,09:35:24,6.15,-0.01,217,133713,卖盘
103,09:35:28,6.15,0.0,500,306217,卖盘
104,09:35:31,6.16,0.01,5,3080,卖盘
105,09:35:33,6.15,-0.01,59,36324,卖盘
106,09:35:37,6.15,0.0,105,64625,卖盘
107,09:35:43,6.16,0.01,28,17248,卖盘
108,09:35:46,6.15,-0.01,30,18460,卖盘
109,09:35:49,6.17,0.02,33,20315,买盘
110,09:35:52,6.17,0.0,26,16042,买盘
111,09:35:55,6.16,-0.01,10,6160,卖盘
112,09:36:01,6.17,0.01,38,23446,买盘
113,09:36:04,6.18,0.01,42,25921,买盘
114,09:36:07,6.17,-0.01,6,3705,卖盘
115,09:36:10,6.17,0.0,49,30233,卖盘
116,09:36:13,6.19,0.02,61,37759,买盘
117,09:36:25,6.2,0.01,176,109120,买盘
118,09:36:31,6.2,0.0,24,14880,卖盘
119,09:36:34,6.19,-0.01,9,5573,卖盘
120,09:36:37,6.19,0.0,44,27257,卖盘
121,09:36:39,6.19,0.0,9,5571,买盘
122,09:36:43,6.2,0.01,52,32240,买盘
123,09:36:52,6.22,0.02,11,6842,买盘
124,09:36:57,6.21,-0.01,2,1242,卖盘
125,09:37:01,6.21,0.0,2,1242,买盘
126,09:37:07,6.21,0.0,122,75762,买盘
127,09:37:10,6.21,0.0,32,19869,买盘
128,09:37:13,6.22,0.01,16,9952,买盘
129,09:37:21,6.22,0.0,5,3110,买盘
130,09:37:25,6.22,0.0,10,6220,买盘
131,09:37:28,6.21,-0.01,5,3105,卖盘
132,09:37:31,6.22,0.01,57,35441,买盘
133,09:37:37,6.22,0.0,24,14911,买盘
134,09:37:40,6.21,-0.01,12,7452,卖盘
135,09:37:43,6.21,0.0,50,31090,卖盘
136,09:37:45,6.22,0.01,57,35421,买盘
137,09:37:49,6.22,0.0,17,10574,中性盘
138,09:37:51,6.21,-0.01,5,3105,卖盘
139,09:37:54,6.22,0.01,33,20524,买盘
140,09:37:58,6.21,-0.01,9,5589,卖盘
141,09:38:04,6.22,0.01,17,10574,买盘
142,09:38:07,6.21,-0.01,22,13677,卖盘
143,09:38:09,6.22,0.01,44,27351,买盘
144,09:38:12,6.21,-0.01,7,4347,卖盘
145,09:38:16,6.21,0.0,11,6831,卖盘
146,09:38:19,6.21,0.0,33,20493,卖盘
147,09:38:28,6.22,0.01,20,12440,买盘
148,09:38:31,6.21,-0.01,7,4349,卖盘
149,09:38:34,6.21,0.0,56,34776,卖盘
150,09:38:37,6.22,0.01,43,26729,买盘
151,09:38:40,6.21,-0.01,49,30434,卖盘
152,09:38:43,6.21,0.0,25,15525,卖盘
153,09:38:46,6.21,0.0,13,8078,卖盘
154,09:38:49,6.21,0.0,10,6210,买盘
155,09:38:55,6.21,0.0,66,40986,买盘
156,09:38:58,6.21,0.0,41,25461,买盘
157,09:39:04,6.21,0.0,9,5588,买盘
158,09:39:06,6.21,0.0,53,32880,买盘
159,09:39:10,6.2,-0.01,33,20460,卖盘
160,09:39:13,6.2,0.0,72,44640,卖盘
161,09:39:16,6.2,0.0,24,14880,卖盘
162,09:39:19,6.21,0.01,30,18604,买盘
163,09:39:28,6.2,-0.01,104,64480,卖盘
164,09:39:34,6.2,0.0,1,620,买盘
165,09:39:36,6.19,-0.01,40,24760,卖盘
166,09:39:39,6.2,0.01,87,53940,买盘
167,09:39:46,6.2,0.0,43,26660,卖盘
168,09:39:52,6.2,0.0,87,53940,买盘
169,09:39:55,6.2,0.0,15,9300,卖盘
170,09:39:57,6.2,0.0,10,6200,卖盘
171,09:40:00,6.2,0.0,11,6820,卖盘
172,09:40:04,6.19,-0.01,6,3714,卖盘
173,09:40:10,6.19,0.0,50,30950,卖盘
174,09:40:16,6.19,0.0,3,1858,卖盘
175,09:40:19,6.19,0.0,26,16094,卖盘
176,09:40:22,6.19,0.0,5,3095,卖盘
177,09:40:25,6.2,0.01,50,31000,买盘
178,09:40:33,6.19,-0.01,185,114525,卖盘
179,09:40:36,6.19,0.0,6,3714,卖盘
180,09:40:40,6.2,0.01,35,21674,买盘
181,09:40:43,6.19,-0.01,30,18564,卖盘
182,09:40:46,6.19,0.0,25,15475,买盘
183,09:40:49,6.2,0.01,5,3100,买盘
184,09:40:54,6.19,-0.01,5,3095,卖盘
185,09:40:58,6.2,0.01,2,1240,买盘
186,09:41:01,6.19,-0.01,7,4333,卖盘
187,09:41:06,6.19,0.0,17,10523,卖盘
188,09:41:13,6.19,0.0,62,38378,卖盘
189,09:41:16,6.19,0.0,65,40235,买盘
190,09:41:22,6.19,0.0,38,23522,买盘
191,09:41:25,6.19,0.0,6,3714,买盘
192,09:41:28,6.2,0.01,16,9920,买盘
193,09:41:33,6.19,-0.01,16,9904,卖盘
194,09:41:39,6.2,0.01,37,22913,买盘
195,09:41:43,6.19,-0.01,34,21046,卖盘
196,09:41:46,6.19,0.0,6,3714,卖盘
197,09:41:49,6.19,0.0,5,3099,卖盘
198,09:41:52,6.2,0.01,11,6820,买盘
199,09:41:55,6.19,-0.01,5,3095,卖盘
200,09:42:01,6.19,0.0,27,16723,卖盘
201,09:42:04,6.19,0.0,3,1857,卖盘
202,09:42:07,6.2,0.01,12,7440,买盘
203,09:42:10,6.2,0.0,25,15480,买盘
204,09:42:13,6.19,-0.01,17,10523,卖盘
205,09:42:16,6.19,0.0,6,3714,卖盘
206,09:42:19,6.2,0.01,5,3100,买盘
207,09:42:22,6.2,0.0,7,4340,买盘
208,09:42:28,6.2,0.0,6,3720,买盘
209,09:42:31,6.2,0.0,16,9920,买盘
210,09:42:34,6.2,0.0,15,9300,买盘
211,09:42:37,6.19,-0.01,7,4333,卖盘
212,09:42:39,6.2,0.01,36,22285,买盘
213,09:42:43,6.19,-0.01,6,3714,卖盘
214,09:42:46,6.19,0.0,334,207052,卖盘
215,09:42:49,6.2,0.01,159,98460,买盘
216,09:42:55,6.2,0.0,100,62000,买盘
217,09:42:58,6.2,0.0,53,32812,买盘
218,09:43:01,6.2,0.0,55,34100,买盘
219,09:43:10,6.19,-0.01,17,10523,卖盘
220,09:43:13,6.19,0.0,78,48282,卖盘
221,09:43:16,6.19,0.0,3,1857,买盘
222,09:43:19,6.19,0.0,11,6809,买盘
223,09:43:22,6.19,0.0,38,23522,卖盘
224,09:43:25,6.19,0.0,14,8666,买盘
225,09:43:28,6.18,-0.01,54,33405,卖盘
226,09:43:31,6.19,0.01,3,1857,买盘
227,09:43:34,6.19,0.0,26,16114,卖盘
228,09:43:40,6.19,0.0,63,38997,卖盘
229,09:43:43,6.19,0.0,60,37116,买盘
230,09:43:46,6.18,-0.01,41,25369,卖盘
231,09:43:49,6.18,0.0,20,12360,卖盘
232,09:43:52,6.18,0.0,35,21630,卖盘
233,09:43:55,6.18,0.0,75,46350,卖盘
234,09:44:01,6.18,0.0,120,74160,卖盘
235,09:44:04,6.19,0.01,13,8044,买盘
236,09:44:07,6.18,-0.01,26,16068,卖盘
237,09:44:12,6.18,0.0,54,33408,卖盘
238,09:44:16,6.18,0.0,7,4326,卖盘
239,09:44:19,6.18,0.0,1,618,卖盘
240,09:44:21,6.18,0.0,18,11124,卖盘
241,09:44:31,6.18,0.0,27,16686,卖盘
242,09:44:39,6.17,-0.01,368,227264,卖盘
243,09:44:42,6.18,0.01,74,45732,中性盘
244,09:44:49,6.18,0.0,5,3090,买盘
245,09:44:52,6.17,-0.01,8,4936,卖盘
246,09:44:55,6.18,0.01,10,6180,买盘
247,09:44:58,6.18,0.0,2,1236,买盘
248,09:45:01,6.18,0.0,31,19158,买盘
249,09:45:04,6.17,-0.01,100,61705,卖盘
250,09:45:06,6.18,0.01,2,1236,中性盘
251,09:45:10,6.18,0.0,65,40106,中性盘
252,09:45:13,6.18,0.0,8,4944,卖盘
253,09:45:16,6.18,0.0,7,4326,卖盘
254,09:45:19,6.17,-0.01,103,63574,卖盘
255,09:45:27,6.18,0.01,29,17922,卖盘
256,09:45:34,6.18,0.0,24,14836,买盘
257,09:45:37,6.18,0.0,6,3708,卖盘
258,09:45:40,6.17,-0.01,26,16050,卖盘
259,09:45:49,6.18,0.01,48,29668,买盘
260,09:45:51,6.18,0.0,3,1854,卖盘
261,09:46:01,6.18,0.0,18,11124,卖盘
262,09:46:04,6.18,0.0,23,14217,卖盘
263,09:46:07,6.18,0.0,22,13596,卖盘
264,09:46:09,6.18,0.0,23,14214,卖盘
265,09:46:12,6.19,0.01,1,619,买盘
266,09:46:15,6.18,-0.01,47,29046,卖盘
267,09:46:19,6.18,0.0,65,40170,买盘
268,09:46:22,6.18,0.0,12,7416,卖盘
269,09:46:28,6.18,0.0,7,4326,卖盘
270,09:46:34,6.19,0.01,8,4952,买盘
271,09:46:37,6.18,-0.01,30,18548,卖盘
272,09:46:39,6.18,0.0,56,34608,卖盘
273,09:46:43,6.18,0.0,22,13596,卖盘
274,09:47:01,6.18,0.0,5,3090,卖盘
275,09:47:10,6.19,0.01,26,16071,买盘
276,09:47:13,6.18,-0.01,6,3708,卖盘
277,09:47:19,6.18,0.0,30,18550,卖盘
278,09:47:22,6.18,0.0,67,41438,卖盘
279,09:47:25,6.19,0.01,5,3095,买盘
280,09:47:28,6.18,-0.01,2,1236,卖盘
281,09:47:31,6.19,0.01,7,4333,买盘
282,09:47:34,6.18,-0.01,15,9270,卖盘
283,09:47:37,6.18,0.0,6,3708,卖盘
284,09:47:39,6.19,0.01,102,63136,买盘
285,09:47:43,6.2,0.01,11,6813,买盘
286,09:47:45,6.19,-0.01,17,10523,卖盘
287,09:48:01,6.19,0.0,18,11142,卖盘
288,09:48:04,6.19,0.0,17,10533,卖盘
289,09:48:09,6.19,0.0,37,22903,买盘
290,09:48:13,6.18,-0.01,86,53188,卖盘
291,09:48:19,6.19,0.01,3,1857,卖盘
292,09:48:30,6.2,0.01,1,620,买盘
293,09:48:34,6.19,-0.01,27,16713,卖盘
294,09:48:37,6.2,0.01,26,16114,买盘
295,09:48:40,6.2,0.0,44,27280,买盘
296,09:48:49,6.21,0.01,5,3105,买盘
297,09:48:52,6.21,0.0,21,13017,买盘
298,09:48:55,6.21,0.0,2,1242,买盘
299,09:48:58,6.21,0.0,24,14904,买盘
300,09:49:01,6.21,0.0,5,3105,买盘
301,09:49:07,6.21,0.0,173,107426,买盘
302,09:49:10,6.21,0.0,6,3726,卖盘
303,09:49:13,6.21,0.0,4,2484,卖盘
304,09:49:18,6.22,0.01,165,102630,买盘
305,09:49:25,6.22,0.0,5,3110,买盘
306,09:49:27,6.22,0.0,13,8086,买盘
307,09:49:31,6.22,0.0,18,11196,买盘
308,09:49:34,6.22,0.0,650,403779,买盘
309,09:49:37,6.22,0.0,17,10574,卖盘
310,09:49:39,6.23,0.01,10,6230,买盘
311,09:49:43,6.22,-0.01,6,3732,卖盘
312,09:49:46,6.22,0.0,60,37320,卖盘
313,09:49:51,6.23,0.01,20,12460,买盘
314,09:49:55,6.23,0.0,5,3115,买盘
315,09:49:57,6.22,-0.01,36,22411,卖盘
316,09:50:00,6.23,0.01,123,76629,买盘
317,09:50:04,6.23,0.0,6,3738,卖盘
318,09:50:07,6.24,0.01,168,104666,买盘
319,09:50:10,6.23,-0.01,30,18690,卖盘
320,09:50:16,6.24,0.01,55,34270,买盘
321,09:50:21,6.23,-0.01,50,31150,卖盘
322,09:50:25,6.24,0.01,32,19968,买盘
323,09:50:28,6.24,0.0,16,9984,买盘
324,09:50:31,6.23,-0.01,17,10591,卖盘
325,09:50:37,6.23,0.0,58,36160,卖盘
326,09:50:40,6.23,0.0,206,128338,卖盘
327,09:50:46,6.23,0.0,33,20559,卖盘
328,09:50:55,6.23,0.0,7,4361,买盘
329,09:50:57,6.23,0.0,20,12460,买盘
330,09:51:01,6.23,0.0,2,1246,买盘
331,09:51:04,6.22,-0.01,23,14306,卖盘
332,09:51:07,6.22,0.0,14,8716,卖盘
333,09:51:09,6.23,0.01,51,31773,买盘
334,09:51:12,6.22,-0.01,14,8708,卖盘
335,09:51:16,6.23,0.01,25,15575,买盘
336,09:51:19,6.22,-0.01,400,248800,卖盘
337,09:51:22,6.22,0.0,3,1866,卖盘
338,09:51:25,6.22,0.0,14,8708,卖盘
339,09:51:31,6.22,0.0,10,6220,买盘
340,09:51:37,6.21,-0.01,21,13041,卖盘
341,09:51:52,6.22,0.01,16,9949,买盘
342,09:51:55,6.18,-0.04,400,247640,卖盘
343,09:52:01,6.18,0.0,7,4326,卖盘
344,09:52:04,6.18,0.0,7,4326,卖盘
345,09:52:07,6.21,0.03,20,12420,买盘
346,09:52:31,6.19,-0.02,6,3714,卖盘
347,09:52:34,6.19,0.0,23,14237,卖盘
348,09:52:40,6.2,0.01,95,58900,卖盘
349,09:52:55,6.2,0.0,11,6820,买盘
350,09:52:58,6.19,-0.01,20,12382,卖盘
351,09:53:04,6.19,0.0,6,3715,卖盘
352,09:53:12,6.19,0.0,10,6190,卖盘
353,09:53:25,6.21,0.02,5,3105,买盘
354,09:53:27,6.2,-0.01,7,4340,卖盘
355,09:53:33,6.2,0.0,18,11160,卖盘
356,09:53:36,6.21,0.01,10,6204,买盘
357,09:53:43,6.21,0.0,51,31671,买盘
358,09:53:52,6.21,0.0,24,14904,卖盘
359,09:53:57,6.21,0.0,11,6825,买盘
360,09:54:00,6.21,0.0,37,22960,买盘
361,09:54:15,6.2,-0.01,30,18600,卖盘
362,09:54:22,6.21,0.01,33,20493,买盘
363,09:54:24,6.2,-0.01,7,4340,卖盘
364,09:54:31,6.2,0.0,17,10540,卖盘
365,09:54:34,6.2,0.0,6,3720,卖盘
366,09:54:40,6.2,0.0,5,3100,卖盘
367,09:54:45,6.21,0.01,60,37260,买盘
368,09:54:48,6.2,-0.01,69,42786,卖盘
369,09:54:51,6.2,0.0,4,2480,卖盘
370,09:54:55,6.2,0.0,6,3720,卖盘
371,09:54:58,6.2,0.0,88,54560,卖盘
372,09:55:04,6.21,0.01,55,34149,买盘
373,09:55:12,6.2,-0.01,14,8685,卖盘
374,09:55:16,6.2,0.0,12,7440,卖盘
375,09:55:25,6.2,0.0,6,3720,卖盘
376,09:55:28,6.2,0.0,20,12405,卖盘
377,09:55:31,6.21,0.01,6,3726,卖盘
378,09:55:46,6.21,0.0,4,2484,卖盘
379,09:55:52,6.2,-0.01,6,3720,卖盘
380,09:55:55,6.2,0.0,15,9300,卖盘
381,09:56:04,6.2,0.0,5,3100,卖盘
382,09:56:16,6.2,0.0,9,5580,卖盘
383,09:56:19,6.21,0.01,3,1863,买盘
384,09:56:28,6.2,-0.01,20,12400,卖盘
385,09:56:52,6.2,0.0,12,7440,卖盘
386,09:56:55,6.2,0.0,1,620,卖盘
387,09:56:58,6.2,0.0,16,9920,卖盘
388,09:57:04,6.21,0.01,8,4968,买盘
389,09:57:15,6.21,0.0,73,45333,买盘
390,09:57:18,6.21,0.0,5,3105,卖盘
391,09:57:25,6.21,0.0,10,6210,卖盘
392,09:57:40,6.21,0.0,52,32292,卖盘
393,09:57:46,6.21,0.0,18,11178,买盘
394,09:58:07,6.21,0.0,5,3105,卖盘
395,09:58:12,6.22,0.01,14,8708,买盘
396,09:58:22,6.22,0.0,15,9330,买盘
397,09:58:25,6.21,-0.01,3,1863,卖盘
398,09:58:27,6.21,0.0,45,27945,卖盘
399,09:58:37,6.21,0.0,8,4968,卖盘
400,09:58:46,6.21,0.0,25,15525,卖盘
401,09:58:49,6.22,0.01,53,32966,买盘
402,09:59:01,6.22,0.0,8,4976,买盘
403,09:59:09,6.22,0.0,6,3732,买盘
404,09:59:13,6.21,-0.01,40,24840,卖盘
405,09:59:18,6.21,0.0,134,83214,卖盘
406,09:59:21,6.21,0.0,139,86319,买盘
407,09:59:37,6.21,0.0,19,11799,卖盘
408,09:59:39,6.21,0.0,79,49059,卖盘
409,09:59:52,6.21,0.0,67,41607,卖盘
410,09:59:58,6.21,0.0,5,3105,卖盘
411,10:00:10,6.22,0.01,6,3732,买盘
412,10:00:12,6.21,-0.01,5,3105,卖盘
413,10:00:18,6.21,0.0,22,13662,卖盘
414,10:00:21,6.21,0.0,19,11799,买盘
415,10:00:37,6.21,0.0,17,10557,买盘
416,10:00:58,6.21,0.0,1,621,卖盘
417,10:01:01,6.21,0.0,8,4968,卖盘
418,10:01:04,6.21,0.0,60,37260,卖盘
419,10:01:24,6.21,0.0,10,6210,卖盘
420,10:01:31,6.22,0.01,22,13684,买盘
421,10:01:33,6.21,-0.01,60,37260,卖盘
422,10:01:37,6.21,0.0,4,2484,中性盘
423,10:02:01,6.22,0.01,10,6220,买盘
424,10:02:13,6.21,-0.01,20,12437,卖盘
425,10:02:16,6.22,0.01,1,622,买盘
426,10:02:19,6.22,0.0,10,6220,买盘
427,10:02:25,6.22,0.0,45,27990,买盘
428,10:02:37,6.22,0.0,13,8089,卖盘
429,10:02:49,6.22,0.0,4,2488,卖盘
430,10:02:55,6.23,0.01,10,6230,买盘
431,10:03:01,6.22,-0.01,27,16816,卖盘
432,10:03:04,6.23,0.01,29,18067,买盘
433,10:03:07,6.23,0.0,146,90947,买盘
434,10:03:10,6.23,0.0,66,41118,买盘
435,10:03:13,6.23,0.0,30,18690,卖盘
436,10:03:21,6.23,0.0,6,3738,卖盘
437,10:03:24,6.23,0.0,11,6853,卖盘
438,10:03:28,6.23,0.0,16,9968,买盘
439,10:03:31,6.24,0.01,20,12467,买盘
440,10:03:34,6.22,-0.02,1,622,卖盘
441,10:03:37,6.22,0.0,10,6220,卖盘
442,10:03:43,6.24,0.02,24,14962,买盘
443,10:03:48,6.23,-0.01,39,24297,卖盘
444,10:03:55,6.24,0.01,100,62400,买盘
445,10:04:01,6.24,0.0,18,11232,买盘
446,10:04:06,6.24,0.0,16,9973,买盘
447,10:04:10,6.24,0.0,455,283920,买盘
448,10:04:12,6.24,0.0,3,1872,买盘
449,10:04:16,6.23,-0.01,198,123481,卖盘
450,10:04:24,6.24,0.01,4,2496,卖盘
451,10:04:27,6.24,0.0,25,15600,卖盘
452,10:04:33,6.25,0.01,1,625,买盘
453,10:04:40,6.25,0.0,21,13125,买盘
454,10:04:43,6.24,-0.01,20,12480,卖盘
455,10:04:46,6.24,0.0,49,30576,卖盘
456,10:04:49,6.24,0.0,1,624,买盘
457,10:04:52,6.25,0.01,245,152955,买盘
458,10:04:55,6.23,-0.02,16,9968,卖盘
459,10:05:01,6.24,0.01,4,2496,买盘
460,10:05:07,6.24,0.0,22,13728,买盘
461,10:05:10,6.24,0.0,4,2496,买盘
462,10:05:13,6.24,0.0,6,3744,买盘
463,10:05:15,6.24,0.0,29,18096,买盘
464,10:05:19,6.23,-0.01,14,8722,卖盘
465,10:05:22,6.24,0.01,18,11222,买盘
466,10:05:31,6.24,0.0,8,4992,买盘
467,10:05:34,6.24,0.0,74,46176,买盘
468,10:05:39,6.24,0.0,147,91718,买盘
469,10:05:46,6.23,-0.01,68,42364,卖盘
470,10:05:49,6.24,0.01,49,30529,买盘
471,10:05:52,6.24,0.0,12,7488,买盘
472,10:05:55,6.23,-0.01,17,10591,卖盘
473,10:05:58,6.24,0.01,5,3120,买盘
474,10:06:04,6.23,-0.01,50,31150,卖盘
475,10:06:13,6.23,0.0,11,6853,卖盘
476,10:06:19,6.23,0.0,92,57390,卖盘
477,10:06:22,6.24,0.01,10,6240,买盘
478,10:06:31,6.23,-0.01,264,164472,卖盘
479,10:06:40,6.23,0.0,45,28035,买盘
480,10:06:43,6.22,-0.01,10,6220,卖盘
481,10:06:52,6.23,0.01,59,36757,买盘
482,10:07:13,6.23,0.0,10,6230,买盘
483,10:07:16,6.22,-0.01,75,46695,卖盘
484,10:07:19,6.23,0.01,19,11837,买盘
485,10:07:25,6.22,-0.01,11,6842,卖盘
486,10:07:27,6.22,0.0,1,622,卖盘
487,10:07:31,6.22,0.0,1,622,卖盘
488,10:08:10,6.22,0.0,130,80860,卖盘
489,10:08:13,6.22,0.0,11,6842,卖盘
490,10:08:27,6.22,0.0,45,27990,卖盘
491,10:08:43,6.22,0.0,11,6842,卖盘
492,10:08:46,6.22,0.0,2,1244,卖盘
493,10:08:52,6.22,0.0,37,23014,卖盘
494,10:08:55,6.22,0.0,57,35330,卖盘
495,10:09:01,6.21,-0.01,136,84456,卖盘
496,10:09:07,6.22,0.01,11,6842,卖盘
497,10:09:13,6.23,0.01,3,1869,买盘
498,10:09:16,6.22,-0.01,31,19282,卖盘
499,10:09:19,6.22,0.0,19,11818,买盘
500,10:09:37,6.22,0.0,11,6842,卖盘
501,10:09:46,6.22,0.0,4,2488,卖盘
502,10:09:49,6.23,0.01,25,15575,买盘
503,10:10:04,6.22,-0.01,11,6842,卖盘
504,10:10:07,6.22,0.0,16,9952,卖盘
505,10:10:12,6.22,0.0,31,19291,卖盘
506,10:10:19,6.22,0.0,6,3732,卖盘
507,10:10:25,6.22,0.0,11,6842,卖盘
508,10:10:34,6.22,0.0,18,11196,卖盘
509,10:10:40,6.22,0.0,16,9952,买盘
510,10:10:45,6.22,0.0,2,1244,买盘
511,10:10:55,6.21,-0.01,5,3105,卖盘
512,10:11:07,6.21,0.0,13,8073,卖盘
513,10:11:36,6.21,0.0,47,29192,卖盘
514,10:11:52,6.22,0.01,54,33538,买盘
515,10:11:58,6.21,-0.01,9,5589,卖盘
516,10:12:04,6.21,0.0,39,24219,卖盘
517,10:12:07,6.21,0.0,12,7452,卖盘
518,10:12:16,6.21,0.0,160,99360,卖盘
519,10:12:25,6.21,0.0,202,125442,卖盘
520,10:12:28,6.2,-0.01,47,29271,卖盘
521,10:12:33,6.2,0.0,1,620,卖盘
522,10:12:36,6.2,0.0,16,9920,卖盘
523,10:12:40,6.2,0.0,105,65100,卖盘
524,10:12:46,6.2,0.0,20,12400,卖盘
525,10:12:51,6.2,0.0,9,5580,卖盘
526,10:12:55,6.21,0.01,83,51474,买盘
527,10:13:01,6.2,-0.01,37,22940,卖盘
528,10:13:04,6.2,0.0,12,7440,卖盘
529,10:13:10,6.2,0.0,168,104036,卖盘
530,10:13:19,6.19,-0.01,80,49520,卖盘
531,10:13:28,6.19,0.0,1,619,卖盘
532,10:13:31,6.19,0.0,1,619,卖盘
533,10:13:33,6.19,0.0,10,6190,卖盘
534,10:13:36,6.19,0.0,1,619,卖盘
535,10:13:43,6.19,0.0,29,17951,卖盘
536,10:13:52,6.2,0.01,10,6200,买盘
537,10:13:55,6.19,-0.01,3,1857,卖盘
538,10:13:57,6.19,0.0,20,12380,卖盘
539,10:14:07,6.19,0.0,13,8047,卖盘
540,10:14:19,6.2,0.01,31,19344,买盘
541,10:14:22,6.2,0.0,1,620,卖盘
542,10:14:25,6.2,0.0,69,42780,卖盘
543,10:14:36,6.2,0.0,11,6820,卖盘
544,10:14:43,6.2,0.0,60,37200,卖盘
545,10:14:49,6.2,0.0,11,6820,卖盘
546,10:14:55,6.2,0.0,11,6820,卖盘
547,10:14:58,6.21,0.01,42,26080,买盘
548,10:15:06,6.2,-0.01,24,14885,卖盘
549,10:15:19,6.2,0.0,8,4960,卖盘
550,10:15:37,6.2,0.0,11,6820,卖盘
551,10:15:43,6.21,0.01,79,49059,买盘
552,10:15:49,6.2,-0.01,7,4340,卖盘
553,10:15:55,6.2,0.0,8,4960,卖盘
554,10:16:06,6.2,0.0,12,7440,卖盘
555,10:16:13,6.2,0.0,23,14260,卖盘
556,10:16:18,6.2,0.0,7,4340,卖盘
557,10:16:28,6.2,0.0,135,83576,卖盘
558,10:16:33,6.19,-0.01,1,619,卖盘
559,10:16:37,6.19,0.0,11,6809,卖盘
560,10:16:58,6.19,0.0,4,2476,卖盘
561,10:17:01,6.2,0.01,34,21080,买盘
562,10:17:04,6.2,0.0,5,3100,买盘
563,10:17:06,6.19,-0.01,37,22928,卖盘
564,10:17:13,6.2,0.01,21,13020,买盘
565,10:17:25,6.2,0.0,69,42904,买盘
566,10:17:34,6.2,0.0,12,7440,卖盘
567,10:17:37,6.2,0.0,1,496,买盘
568,10:17:48,6.2,0.0,120,74524,买盘
569,10:18:00,6.2,0.0,29,17859,卖盘
570,10:18:07,6.19,-0.01,13,8047,卖盘
571,10:18:10,6.2,0.01,13,8060,买盘
572,10:18:16,6.2,0.0,45,27900,买盘
573,10:18:21,6.2,0.0,20,12400,买盘
574,10:18:36,6.19,-0.01,11,6809,卖盘
575,10:18:42,6.2,0.01,126,78120,买盘
576,10:18:49,6.2,0.0,4,2480,买盘
577,10:18:54,6.19,-0.01,27,16731,卖盘
578,10:19:07,6.19,0.0,11,6809,卖盘
579,10:19:10,6.2,0.01,11,6818,买盘
580,10:19:12,6.19,-0.01,5,3095,卖盘
581,10:19:19,6.2,0.01,6,3720,买盘
582,10:19:34,6.2,0.0,1,620,买盘
583,10:19:37,6.19,-0.01,10,6190,卖盘
584,10:19:40,6.19,0.0,1,619,卖盘
585,10:20:04,6.19,0.0,3,1859,卖盘
586,10:20:07,6.19,0.0,12,7428,卖盘
587,10:20:09,6.2,0.01,40,24762,买盘
588,10:20:13,6.19,-0.01,101,62519,卖盘
589,10:20:37,6.19,0.0,1,619,卖盘
590,10:20:39,6.19,0.0,11,6809,卖盘
591,10:20:43,6.19,0.0,164,101516,卖盘
592,10:20:46,6.19,0.0,4,2476,卖盘
593,10:20:49,6.19,0.0,2,1238,卖盘
594,10:20:52,6.19,0.0,237,146703,卖盘
595,10:20:57,6.18,-0.01,276,170568,卖盘
596,10:21:01,6.18,0.0,33,20394,买盘
597,10:21:04,6.18,0.0,76,46968,买盘
598,10:21:06,6.17,-0.01,2,1234,卖盘
599,10:21:10,6.17,0.0,10,6170,卖盘
600,10:21:13,6.17,0.0,3,1851,卖盘
601,10:21:19,6.17,0.0,22,13574,卖盘
602,10:21:22,6.18,0.01,5,3090,买盘
603,10:21:31,6.17,-0.01,46,28382,卖盘
604,10:21:37,6.17,0.0,11,6787,卖盘
605,10:21:40,6.17,0.0,1,617,卖盘
606,10:21:43,6.17,0.0,40,24680,卖盘
607,10:21:46,6.17,0.0,6,3702,卖盘
608,10:21:52,6.17,0.0,2,1234,卖盘
609,10:21:54,6.18,0.01,9,5562,买盘
610,10:21:58,6.17,-0.01,110,67870,卖盘
611,10:22:04,6.17,0.0,59,36403,卖盘
612,10:22:07,6.17,0.0,33,20381,卖盘
613,10:22:10,6.17,0.0,56,34552,卖盘
614,10:22:12,6.17,0.0,5,3085,买盘
615,10:22:15,6.18,0.01,104,64219,买盘
616,10:22:19,6.16,-0.02,74,45584,卖盘
617,10:22:21,6.16,0.0,139,85624,卖盘
618,10:22:27,6.17,0.01,8,4936,买盘
619,10:22:31,6.17,0.0,35,21595,卖盘
620,10:22:34,6.17,0.0,5,3085,卖盘
621,10:22:36,6.17,0.0,17,10489,卖盘
622,10:22:39,6.17,0.0,25,15425,卖盘
623,10:22:43,6.18,0.01,2,1545,买盘
624,10:22:52,6.18,0.0,2,1236,卖盘
625,10:22:55,6.18,0.0,15,9270,卖盘
626,10:23:01,6.18,0.0,77,47643,卖盘
627,10:23:04,6.19,0.01,16,9897,买盘
628,10:23:06,6.19,0.0,68,42092,买盘
629,10:23:09,6.19,0.0,1,619,卖盘
630,10:23:16,6.19,0.0,26,16094,卖盘
631,10:23:19,6.19,0.0,27,16713,买盘
632,10:23:22,6.18,-0.01,26,16071,卖盘
633,10:23:37,6.19,0.01,2,1238,卖盘
634,10:23:39,6.19,0.0,15,9285,卖盘
635,10:23:51,6.19,0.0,18,11142,卖盘
636,10:24:01,6.2,0.01,46,28520,买盘
637,10:24:10,6.19,-0.01,7,4333,卖盘
638,10:24:19,6.19,0.0,4,2476,买盘
639,10:24:31,6.2,0.01,3,1860,买盘
640,10:24:33,6.2,0.0,12,7440,买盘
641,10:24:37,6.2,0.0,13,8060,卖盘
642,10:24:58,6.2,0.0,30,18600,买盘
643,10:25:04,6.2,0.0,10,6200,买盘
644,10:25:10,6.2,0.0,11,6820,卖盘
645,10:25:13,6.2,0.0,18,11160,卖盘
646,10:25:25,6.2,0.0,9,5580,卖盘
647,10:25:28,6.2,0.0,1,620,卖盘
648,10:25:37,6.2,0.0,1,620,卖盘
649,10:25:39,6.2,0.0,13,8060,卖盘
650,10:25:46,6.2,0.0,11,6820,卖盘
651,10:25:49,6.2,0.0,65,40300,卖盘
652,10:25:55,6.2,0.0,20,12400,卖盘
653,10:25:58,6.2,0.0,36,22338,卖盘
654,10:26:01,6.2,0.0,32,19840,卖盘
655,10:26:04,6.2,0.0,7,4340,卖盘
656,10:26:06,6.2,0.0,23,14263,卖盘
657,10:26:10,6.2,0.0,1,620,卖盘
658,10:26:13,6.2,0.0,60,37200,卖盘
659,10:26:24,6.19,-0.01,126,77994,卖盘
660,10:26:28,6.19,0.0,1,619,卖盘
661,10:26:30,6.19,0.0,5,3095,卖盘
662,10:26:37,6.19,0.0,16,9904,卖盘
663,10:26:40,6.19,0.0,18,11142,卖盘
664,10:26:49,6.19,0.0,4,2476,卖盘
665,10:26:52,6.2,0.01,10,6200,买盘
666,10:27:07,6.19,-0.01,11,6809,卖盘
667,10:27:10,6.19,0.0,16,9904,卖盘
668,10:27:18,6.19,0.0,2,1238,买盘
669,10:27:21,6.19,0.0,3,1857,买盘
670,10:27:24,6.18,-0.01,27,16686,卖盘
671,10:27:27,6.19,0.01,11,6809,买盘
672,10:27:31,6.19,0.0,11,6809,买盘
673,10:27:34,6.19,0.0,11,6809,卖盘
674,10:27:37,6.19,0.0,2,1238,卖盘
675,10:27:40,6.19,0.0,10,6190,卖盘
676,10:27:43,6.19,0.0,19,11761,卖盘
677,10:27:52,6.19,0.0,10,6190,买盘
678,10:28:04,6.19,0.0,53,32794,买盘
679,10:28:10,6.18,-0.01,11,6798,卖盘
680,10:28:13,6.19,0.01,1,619,买盘
681,10:28:15,6.19,0.0,9,5571,买盘
682,10:28:31,6.19,0.0,40,24760,买盘
683,10:28:34,6.18,-0.01,50,30900,卖盘
684,10:28:36,6.18,0.0,11,6798,卖盘
685,10:28:40,6.19,0.01,41,25379,买盘
686,10:28:46,6.19,0.0,61,37759,买盘
687,10:29:04,6.19,0.0,45,27855,买盘
688,10:29:07,6.19,0.0,10,6190,买盘
689,10:29:09,6.18,-0.01,11,6798,卖盘
690,10:29:28,6.19,0.01,3,1857,买盘
691,10:29:37,6.18,-0.01,176,108906,卖盘
692,10:29:40,6.18,0.0,2,1236,卖盘
693,10:30:01,6.19,0.01,30,18570,卖盘
694,10:30:07,6.19,0.0,1,619,卖盘
695,10:30:10,6.19,0.0,1,619,卖盘
696,10:30:16,6.2,0.01,3,1860,买盘
697,10:30:19,6.19,-0.01,82,50758,卖盘
698,10:30:27,6.19,0.0,31,19189,卖盘
699,10:30:40,6.19,0.0,2,1238,卖盘
700,10:30:45,6.19,0.0,32,19808,卖盘
701,10:30:49,6.2,0.01,3,1860,买盘
702,10:30:55,6.2,0.0,71,43950,买盘
703,10:30:58,6.19,-0.01,44,27236,卖盘
704,10:31:07,6.19,0.0,1,619,卖盘
705,10:31:10,6.2,0.01,20,12400,买盘
706,10:31:19,6.19,-0.01,20,12380,卖盘
707,10:31:21,6.19,0.0,54,33430,买盘
708,10:31:31,6.19,0.0,13,8047,买盘
709,10:31:40,6.18,-0.01,2,1236,卖盘
710,10:32:07,6.18,0.0,1,618,卖盘
711,10:32:28,6.18,0.0,49,30282,卖盘
712,10:32:31,6.19,0.01,23,14219,买盘
713,10:32:36,6.18,-0.01,54,33372,卖盘
714,10:32:39,6.18,0.0,11,6798,卖盘
715,10:32:45,6.19,0.01,1,619,买盘
716,10:32:52,6.19,0.0,1,619,买盘
717,10:32:55,6.18,-0.01,51,31518,卖盘
718,10:33:06,6.18,0.0,23,14214,卖盘
719,10:33:48,6.19,0.01,20,12380,买盘
720,10:33:52,6.18,-0.01,30,18540,卖盘
721,10:33:58,6.19,0.01,1,619,买盘
722,10:34:10,6.18,-0.01,16,9888,卖盘
723,10:34:25,6.18,0.0,11,6798,卖盘
724,10:34:27,6.19,0.01,150,92750,买盘
725,10:34:43,6.18,-0.01,51,31568,卖盘
726,10:34:52,6.18,0.0,2,1236,卖盘
727,10:34:58,6.19,0.01,7,4333,买盘
728,10:35:01,6.19,0.0,21,12998,买盘
729,10:35:04,6.18,-0.01,53,32798,卖盘
730,10:35:10,6.19,0.01,10,6190,买盘
731,10:35:36,6.18,-0.01,6,3708,卖盘
732,10:35:40,6.18,0.0,5,3090,卖盘
733,10:35:43,6.18,0.0,7,4326,卖盘
734,10:35:45,6.18,0.0,13,8034,卖盘
735,10:35:48,6.18,0.0,14,8654,卖盘
736,10:35:51,6.18,0.0,45,27810,卖盘
737,10:35:55,6.18,0.0,75,46355,卖盘
738,10:35:58,6.18,0.0,5,3090,卖盘
739,10:36:28,6.17,-0.01,79,48743,卖盘
740,10:36:34,6.17,0.0,75,46275,卖盘
741,10:36:37,6.17,0.0,17,10489,卖盘
742,10:36:43,6.17,0.0,50,30850,卖盘
743,10:36:48,6.17,0.0,8,4936,卖盘
744,10:37:01,6.17,0.0,1,617,卖盘
745,10:37:06,6.17,0.0,147,90699,卖盘
746,10:37:16,6.17,0.0,9,5553,买盘
747,10:37:22,6.16,-0.01,3,1848,卖盘
748,10:37:25,6.17,0.01,5,3085,买盘
749,10:37:31,6.16,-0.01,460,283360,卖盘
750,10:37:33,6.17,0.01,1,617,买盘
751,10:37:37,6.17,0.0,10,6170,买盘
752,10:37:42,6.16,-0.01,12,7398,卖盘
753,10:37:45,6.16,0.0,10,6160,卖盘
754,10:37:54,6.16,0.0,2,1233,卖盘
755,10:37:57,6.17,0.01,41,25297,买盘
756,10:38:01,6.16,-0.01,9,5544,卖盘
757,10:38:04,6.16,0.0,9,5544,卖盘
758,10:38:13,6.16,0.0,3,1848,卖盘
759,10:38:16,6.16,0.0,28,17248,卖盘
760,10:38:19,6.16,0.0,12,7392,卖盘
761,10:38:25,6.17,0.01,59,36374,买盘
762,10:38:28,6.16,-0.01,209,128744,卖盘
763,10:38:31,6.16,0.0,8,4928,卖盘
764,10:38:40,6.16,0.0,20,12320,卖盘
765,10:38:49,6.16,0.0,1,616,卖盘
766,10:38:52,6.17,0.01,30,18510,买盘
767,10:38:55,6.15,-0.02,700,430580,卖盘
768,10:38:58,6.16,0.01,30,18480,中性盘
769,10:39:01,6.16,0.0,10,6160,卖盘
770,10:39:04,6.16,0.0,20,12320,买盘
771,10:39:07,6.16,0.0,12,7392,买盘
772,10:39:09,6.16,0.0,22,13552,买盘
773,10:39:16,6.16,0.0,24,14784,买盘
774,10:39:19,6.16,0.0,13,8008,卖盘
775,10:39:22,6.16,0.0,5,3080,买盘
776,10:39:25,6.16,0.0,13,8003,买盘
777,10:39:30,6.16,0.0,1,616,卖盘
778,10:39:34,6.17,0.01,100,61700,买盘
779,10:39:52,6.16,-0.01,7,4312,卖盘
780,10:39:57,6.17,0.01,48,29616,买盘
781,10:40:04,6.17,0.0,1,617,买盘
782,10:40:12,6.16,-0.01,9,5544,卖盘
783,10:40:16,6.17,0.01,5,3085,买盘
784,10:40:22,6.16,-0.01,51,31460,卖盘
785,10:40:33,6.16,0.0,6,3699,卖盘
786,10:40:46,6.17,0.01,3,1851,买盘
787,10:40:52,6.16,-0.01,7,4312,卖盘
788,10:41:01,6.17,0.01,5,3085,买盘
789,10:41:04,6.17,0.0,65,40105,买盘
790,10:41:07,6.16,-0.01,73,45016,卖盘
791,10:41:16,6.17,0.01,7,4319,买盘
792,10:41:18,6.17,0.0,8,4936,卖盘
793,10:41:22,6.17,0.0,5,3085,卖盘
794,10:41:25,6.16,-0.01,240,147859,卖盘
795,10:41:28,6.17,0.01,9,5553,买盘
796,10:41:31,6.17,0.0,46,28449,卖盘
797,10:41:34,6.17,0.0,43,26531,卖盘
798,10:41:36,6.17,0.0,4,2468,卖盘
799,10:41:39,6.17,0.0,3,1851,卖盘
800,10:41:42,6.17,0.0,42,25914,卖盘
801,10:41:45,6.17,0.0,4,2468,买盘
802,10:41:49,6.17,0.0,6,3702,卖盘
803,10:41:55,6.17,0.0,14,8638,买盘
804,10:41:58,6.16,-0.01,17,10472,卖盘
805,10:42:07,6.16,0.0,37,22792,卖盘
806,10:42:10,6.17,0.01,20,12340,买盘
807,10:42:25,6.17,0.0,11,6780,买盘
808,10:42:36,6.17,0.0,10,6170,买盘
809,10:42:40,6.17,0.0,20,12340,买盘
810,10:42:49,6.17,0.0,40,24680,卖盘
811,10:42:52,6.17,0.0,9,5553,买盘
812,10:42:55,6.17,0.0,7,4319,卖盘
813,10:43:01,6.17,0.0,106,65402,卖盘
814,10:43:19,6.17,0.0,16,9872,买盘
815,10:43:21,6.17,0.0,31,19127,买盘
816,10:43:30,6.17,0.0,96,59232,买盘
817,10:43:36,6.17,0.0,100,61700,卖盘
818,10:43:46,6.16,-0.01,194,119508,卖盘
819,10:44:01,6.16,0.0,10,6160,卖盘
820,10:44:37,6.16,0.0,8,4928,卖盘
821,10:44:43,6.16,0.0,10,6160,卖盘
822,10:44:49,6.16,0.0,181,111497,卖盘
823,10:44:52,6.16,0.0,79,48664,买盘
824,10:44:55,6.16,0.0,6,3696,卖盘
825,10:45:04,6.16,0.0,21,12936,卖盘
826,10:45:07,6.16,0.0,6,3696,卖盘
827,10:45:09,6.17,0.01,6,3702,买盘
828,10:45:16,6.16,-0.01,33,20341,卖盘
829,10:45:31,6.16,0.0,7,4312,卖盘
830,10:45:34,6.16,0.0,16,9856,卖盘
831,10:45:39,6.17,0.01,1,617,买盘
832,10:45:55,6.15,-0.02,180,110737,卖盘
833,10:46:00,6.17,0.02,10,6156,买盘
834,10:46:07,6.16,-0.01,13,8008,卖盘
835,10:46:22,6.16,0.0,1,616,买盘
836,10:46:31,6.15,-0.01,40,24633,卖盘
837,10:46:42,6.16,0.01,57,35095,买盘
838,10:46:48,6.15,-0.01,30,18450,卖盘
839,10:46:51,6.16,0.01,201,123616,买盘
840,10:46:54,6.15,-0.01,3,1845,卖盘
841,10:46:57,6.15,0.0,5,3075,卖盘
842,10:47:01,6.16,0.01,10,6160,买盘
843,10:47:04,6.15,-0.01,6,3690,卖盘
844,10:47:10,6.15,0.0,5,3075,买盘
845,10:47:13,6.14,-0.01,102,62628,卖盘
846,10:47:16,6.15,0.01,1,615,买盘
847,10:47:19,6.15,0.0,5,3075,买盘
848,10:47:22,6.14,-0.01,50,30700,卖盘
849,10:47:28,6.14,0.0,10,6140,卖盘
850,10:47:30,6.14,0.0,7,4298,卖盘
851,10:47:34,6.14,0.0,14,8596,卖盘
852,10:47:40,6.15,0.01,24,14760,买盘
853,10:47:43,6.14,-0.01,192,117894,卖盘
854,10:47:52,6.14,0.0,19,11674,卖盘
855,10:47:54,6.14,0.0,15,9210,卖盘
856,10:48:00,6.14,0.0,16,9825,卖盘
857,10:48:04,6.15,0.01,42,25821,买盘
858,10:48:07,6.15,0.0,11,6765,买盘
859,10:48:09,6.14,-0.01,33,20279,卖盘
860,10:48:13,6.15,0.01,13,8000,中性盘
861,10:48:15,6.15,0.0,10,6150,卖盘
862,10:48:19,6.15,0.0,33,20295,卖盘
863,10:48:24,6.16,0.01,19,11704,买盘
864,10:48:28,6.15,-0.01,66,40590,卖盘
865,10:48:31,6.15,0.0,8,4920,卖盘
866,10:48:34,6.15,0.0,8,4920,卖盘
867,10:48:40,6.16,0.01,10,6160,买盘
868,10:48:43,6.16,0.0,1,616,买盘
869,10:48:46,6.16,0.0,10,6160,买盘
870,10:48:54,6.16,0.0,24,14784,买盘
871,10:49:00,6.16,0.0,10,6160,卖盘
872,10:49:04,6.16,0.0,7,4312,卖盘
873,10:49:07,6.17,0.01,5,3085,买盘
874,10:49:10,6.16,-0.01,14,8624,卖盘
875,10:49:16,6.16,0.0,37,22792,买盘
876,10:49:19,6.17,0.01,5,3085,买盘
877,10:49:22,6.17,0.0,181,111507,买盘
878,10:49:31,6.18,0.01,97,59878,买盘
879,10:49:34,6.17,-0.01,7,4319,卖盘
880,10:49:36,6.18,0.01,14,8652,买盘
881,10:49:43,6.18,0.0,1,618,买盘
882,10:49:46,6.18,0.0,19,11742,买盘
883,10:49:58,6.17,-0.01,20,12340,卖盘
884,10:50:04,6.18,0.01,15,9263,买盘
885,10:50:10,6.18,0.0,5,3090,买盘
886,10:50:12,6.18,0.0,17,10506,买盘
887,10:50:18,6.18,0.0,22,13596,买盘
888,10:50:22,6.18,0.0,15,9270,买盘
889,10:50:28,6.18,0.0,88,54333,买盘
890,10:50:31,6.18,0.0,1,618,卖盘
891,10:50:34,6.18,0.0,26,16068,买盘
892,10:50:40,6.19,0.01,10,6190,买盘
893,10:50:43,6.19,0.0,20,12380,买盘
894,10:50:45,6.19,0.0,50,30950,买盘
895,10:50:52,6.19,0.0,117,72423,买盘
896,10:50:55,6.19,0.0,20,12380,卖盘
897,10:51:04,6.19,0.0,7,4333,卖盘
898,10:51:07,6.19,0.0,1,619,卖盘
899,10:51:16,6.18,-0.01,107,66138,卖盘
900,10:51:19,6.2,0.02,77,47740,买盘
901,10:51:34,6.18,-0.02,7,4326,卖盘
902,10:51:37,6.2,0.02,1,620,买盘
903,10:51:43,6.2,0.0,12,7440,买盘
904,10:51:46,6.2,0.0,5,3100,买盘
905,10:51:57,6.19,-0.01,160,99040,卖盘
906,10:52:04,6.18,-0.01,7,4326,卖盘
907,10:52:13,6.19,0.01,103,63757,买盘
908,10:52:33,6.19,0.0,7,4333,卖盘
909,10:52:42,6.19,0.0,2,1238,卖盘
910,10:52:49,6.19,0.0,61,37759,卖盘
911,10:52:57,6.19,0.0,12,7428,卖盘
912,10:53:04,6.19,0.0,13,8040,买盘
913,10:53:16,6.19,0.0,23,14237,卖盘
914,10:53:18,6.2,0.01,2,1240,买盘
915,10:53:30,6.19,-0.01,2,1238,卖盘
916,10:53:34,6.18,-0.01,7,4326,卖盘
917,10:53:40,6.19,0.01,1,619,买盘
918,10:53:49,6.19,0.0,43,26617,买盘
919,10:53:54,6.19,0.0,11,6809,买盘
920,10:53:57,6.19,0.0,14,8666,买盘
921,10:54:00,6.19,0.0,19,11761,买盘
922,10:54:04,6.18,-0.01,7,4326,卖盘
923,10:54:09,6.19,0.01,10,6190,买盘
924,10:54:12,6.18,-0.01,10,6180,卖盘
925,10:54:22,6.19,0.01,5,3095,买盘
926,10:54:25,6.19,0.0,70,43330,买盘
927,10:54:28,6.2,0.01,37,22907,买盘
928,10:54:34,6.19,-0.01,7,4333,卖盘
929,10:54:43,6.19,0.0,30,18570,卖盘
930,10:54:45,6.19,0.0,16,9904,卖盘
931,10:54:48,6.19,0.0,10,6190,卖盘
932,10:54:58,6.2,0.01,14,8680,买盘
933,10:55:04,6.19,-0.01,7,4333,卖盘
934,10:55:09,6.2,0.01,1,620,买盘
935,10:55:16,6.2,0.0,4,2480,买盘
936,10:55:21,6.2,0.0,10,6200,买盘
937,10:55:27,6.19,-0.01,5,3095,卖盘
938,10:55:34,6.19,0.0,2,1238,卖盘
939,10:55:39,6.19,0.0,6,3714,买盘
940,10:55:55,6.19,0.0,98,60662,卖盘
941,10:56:04,6.19,0.0,7,4333,卖盘
942,10:56:09,6.19,0.0,25,15475,卖盘
943,10:56:12,6.2,0.01,5,3100,买盘
944,10:56:28,6.19,-0.01,86,53234,卖盘
945,10:56:34,6.19,0.0,27,16715,卖盘
946,10:56:37,6.19,0.0,7,4333,卖盘
947,10:57:04,6.19,0.0,37,22903,卖盘
948,10:57:10,6.19,0.0,9,5578,卖盘
949,10:57:12,6.19,0.0,5,3095,卖盘
950,10:57:25,6.19,0.0,24,14856,卖盘
951,10:57:33,6.19,0.0,7,4333,卖盘
952,10:57:48,6.2,0.01,5,3100,买盘
953,10:57:57,6.19,-0.01,20,12380,卖盘
954,10:58:04,6.19,0.0,7,4333,卖盘
955,10:58:18,6.19,0.0,25,15475,买盘
956,10:58:30,6.19,0.0,1,619,卖盘
957,10:58:36,6.19,0.0,6,3714,卖盘
958,10:58:45,6.19,0.0,6,3714,买盘
959,10:58:49,6.19,0.0,1,619,买盘
960,10:59:01,6.19,0.0,4,2476,买盘
961,10:59:07,6.19,0.0,7,4333,卖盘
962,10:59:13,6.19,0.0,6,3714,卖盘
963,10:59:25,6.19,0.0,10,6190,买盘
964,10:59:34,6.18,-0.01,8,4944,卖盘
965,10:59:37,6.18,0.0,7,4326,卖盘
966,10:59:43,6.18,0.0,15,9270,卖盘
967,10:59:52,6.18,0.0,37,22866,卖盘
968,11:00:04,6.18,0.0,7,4326,卖盘
969,11:00:07,6.19,0.01,11,6809,买盘
970,11:00:13,6.19,0.0,298,184276,买盘
971,11:00:18,6.18,-0.01,3,1854,卖盘
972,11:00:33,6.18,0.0,7,4326,卖盘
973,11:00:49,6.18,0.0,7,4326,卖盘
974,11:00:55,6.18,0.0,100,61800,卖盘
975,11:01:04,6.18,0.0,7,4326,卖盘
976,11:01:06,6.18,0.0,1,618,卖盘
977,11:01:10,6.19,0.01,17,10516,买盘
978,11:01:16,6.18,-0.01,50,30900,卖盘
979,11:01:18,6.18,0.0,19,11742,卖盘
980,11:01:22,6.18,0.0,10,6180,卖盘
981,11:01:37,6.18,0.0,54,33380,卖盘
982,11:01:46,6.18,0.0,18,11124,卖盘
983,11:02:06,6.17,-0.01,7,4319,卖盘
984,11:02:10,6.18,0.01,9,5562,买盘
985,11:02:16,6.18,0.0,261,160708,买盘
986,11:02:27,6.15,-0.03,3,1845,卖盘
987,11:02:36,6.15,0.0,8,4920,卖盘
988,11:03:09,6.16,0.01,7,4312,卖盘
989,11:03:15,6.16,0.0,20,12320,卖盘
990,11:03:37,6.17,0.01,5,3085,卖盘
991,11:03:40,6.17,0.0,1,617,买盘
992,11:03:48,6.16,-0.01,59,36344,卖盘
993,11:04:00,6.16,0.0,5,3080,卖盘
994,11:04:06,6.16,0.0,10,6160,卖盘
995,11:04:18,6.17,0.01,1,617,买盘
996,11:04:21,6.17,0.0,5,3085,买盘
997,11:04:24,6.17,0.0,5,3085,买盘
998,11:04:33,6.16,-0.01,2,1232,卖盘
999,11:04:37,6.17,0.01,20,12333,买盘
1000,11:04:43,6.16,-0.01,50,30800,卖盘
1001,11:04:55,6.17,0.01,5,3085,买盘
1002,11:05:07,6.16,-0.01,7,4312,卖盘
1003,11:05:36,6.17,0.01,10,6170,买盘
1004,11:05:40,6.16,-0.01,7,4312,卖盘
1005,11:05:46,6.16,0.0,47,28952,卖盘
1006,11:05:49,6.16,0.0,28,17248,卖盘
1007,11:05:52,6.16,0.0,10,6160,卖盘
1008,11:05:55,6.16,0.0,1,616,卖盘
1009,11:06:04,6.16,0.0,32,19712,卖盘
1010,11:06:07,6.16,0.0,95,58520,卖盘
1011,11:06:16,6.15,-0.01,12,7380,卖盘
1012,11:06:18,6.16,0.01,14,8624,买盘
1013,11:06:21,6.15,-0.01,75,46137,卖盘
1014,11:06:27,6.16,0.01,7,4312,买盘
1015,11:06:34,6.16,0.0,1,616,卖盘
1016,11:06:37,6.16,0.0,7,4312,卖盘
1017,11:06:39,6.16,0.0,70,43120,卖盘
1018,11:07:00,6.15,-0.01,83,51045,卖盘
1019,11:07:06,6.15,0.0,7,4305,卖盘
1020,11:07:16,6.16,0.01,5,3080,买盘
1021,11:07:22,6.15,-0.01,5,3075,卖盘
1022,11:07:25,6.15,0.0,58,35670,卖盘
1023,11:07:30,6.16,0.01,5,3080,买盘
1024,11:07:36,6.16,0.0,119,73297,买盘
1025,11:07:43,6.15,-0.01,6,3690,卖盘
1026,11:07:46,6.16,0.01,10,6160,买盘
1027,11:07:52,6.15,-0.01,10,6150,卖盘
1028,11:08:10,6.15,0.0,7,4305,卖盘
1029,11:08:19,6.14,-0.01,333,204723,卖盘
1030,11:08:34,6.15,0.01,10,6150,买盘
1031,11:08:36,6.14,-0.01,11,6754,卖盘
1032,11:08:43,6.13,-0.01,160,98204,卖盘
1033,11:08:49,6.14,0.01,4,2456,卖盘
1034,11:08:51,6.14,0.0,8,4912,卖盘
1035,11:08:58,6.15,0.01,8,4917,买盘
1036,11:09:07,6.14,-0.01,7,4298,卖盘
1037,11:09:36,6.14,0.0,33,20272,卖盘
1038,11:09:40,6.14,0.0,8,4912,卖盘
1039,11:09:52,6.14,0.0,55,33775,卖盘
1040,11:09:55,6.15,0.01,15,9216,买盘
1041,11:09:58,6.15,0.0,22,13530,买盘
1042,11:10:04,6.14,-0.01,1,614,卖盘
1043,11:10:07,6.14,0.0,138,84732,卖盘
1044,11:10:09,6.14,0.0,30,18420,买盘
1045,11:10:16,6.14,0.0,2,1228,买盘
1046,11:10:19,6.14,0.0,20,12280,买盘
1047,11:10:22,6.13,-0.01,11,6743,卖盘
1048,11:10:25,6.13,0.0,5,3065,卖盘
1049,11:10:30,6.14,0.01,32,19646,买盘
1050,11:10:40,6.13,-0.01,7,4291,卖盘
1051,11:10:42,6.13,0.0,8,4904,卖盘
1052,11:10:45,6.13,0.0,346,212108,卖盘
1053,11:10:52,6.13,0.0,32,19616,卖盘
1054,11:10:55,6.13,0.0,3,1839,卖盘
1055,11:11:00,6.13,0.0,19,11647,卖盘
1056,11:11:07,6.13,0.0,7,4291,卖盘
1057,11:11:10,6.14,0.01,5,3070,买盘
1058,11:11:13,6.14,0.0,20,12280,买盘
1059,11:11:15,6.14,0.0,10,6140,买盘
1060,11:11:18,6.14,0.0,38,23332,买盘
1061,11:11:22,6.14,0.0,81,49734,买盘
1062,11:11:24,6.13,-0.01,12,7366,卖盘
1063,11:11:27,6.14,0.01,48,29472,买盘
1064,11:11:31,6.14,0.0,18,11052,买盘
1065,11:11:37,6.14,0.0,17,10438,卖盘
1066,11:11:40,6.14,0.0,7,4298,卖盘
1067,11:11:43,6.14,0.0,5,3070,卖盘
1068,11:11:48,6.15,0.01,49,30135,买盘
1069,11:11:55,6.16,0.01,53,32643,买盘
1070,11:12:06,6.15,-0.01,9,5541,卖盘
1071,11:12:10,6.15,0.0,15,9225,卖盘
1072,11:12:16,6.16,0.01,3,1848,买盘
1073,11:12:34,6.15,-0.01,13,8002,卖盘
1074,11:12:40,6.15,0.0,7,4305,卖盘
1075,11:12:48,6.16,0.01,20,12320,买盘
1076,11:12:55,6.16,0.0,17,10472,买盘
1077,11:13:10,6.15,-0.01,10,6155,卖盘
1078,11:13:16,6.15,0.0,53,32595,卖盘
1079,11:13:19,6.17,0.02,24,14774,买盘
1080,11:13:37,6.15,-0.02,6,3690,卖盘
1081,11:13:45,6.15,0.0,22,13509,买盘
1082,11:13:58,6.15,0.0,9,5535,卖盘
1083,11:14:00,6.15,0.0,26,15988,买盘
1084,11:14:04,6.15,0.0,15,9220,买盘
1085,11:14:07,6.14,-0.01,47,28858,卖盘
1086,11:14:10,6.14,0.0,7,4298,卖盘
1087,11:14:13,6.14,0.0,33,20262,卖盘
1088,11:14:31,6.15,0.01,9,5535,卖盘
1089,11:14:39,6.14,-0.01,7,4298,卖盘
1090,11:14:42,6.14,0.0,20,12280,卖盘
1091,11:14:55,6.14,0.0,10,6140,卖盘
1092,11:15:01,6.14,0.0,352,216138,卖盘
1093,11:15:04,6.14,0.0,5,3070,买盘
1094,11:15:07,6.14,0.0,2,1228,买盘
1095,11:15:10,6.13,-0.01,7,4291,卖盘
1096,11:15:12,6.13,0.0,20,12260,卖盘
1097,11:15:19,6.13,0.0,44,26972,卖盘
1098,11:15:22,6.13,0.0,5,3065,卖盘
1099,11:15:25,6.13,0.0,8,4904,卖盘
1100,11:15:37,6.13,0.0,6,3678,卖盘
1101,11:15:40,6.13,0.0,205,125665,卖盘
1102,11:15:43,6.13,0.0,5,3065,买盘
1103,11:15:46,6.13,0.0,5,3065,买盘
1104,11:15:49,6.13,0.0,10,6130,买盘
1105,11:15:55,6.13,0.0,4,2452,买盘
1106,11:15:58,6.13,0.0,6,3677,买盘
1107,11:16:00,6.12,-0.01,90,55080,卖盘
1108,11:16:04,6.12,0.0,281,171972,卖盘
1109,11:16:06,6.12,0.0,71,43452,买盘
1110,11:16:10,6.11,-0.01,11,6725,卖盘
1111,11:16:13,6.11,0.0,20,12220,卖盘
1112,11:16:16,6.11,0.0,6,3667,卖盘
1113,11:16:22,6.11,0.0,17,10387,卖盘
1114,11:16:25,6.11,0.0,51,31170,卖盘
1115,11:16:27,6.12,0.01,3,1836,买盘
1116,11:16:30,6.11,-0.01,44,26884,卖盘
1117,11:16:33,6.11,0.0,15,9170,卖盘
1118,11:16:40,6.12,0.01,7,4284,卖盘
1119,11:16:43,6.12,0.0,76,46513,卖盘
1120,11:16:45,6.13,0.01,28,17142,买盘
1121,11:16:51,6.12,-0.01,41,25126,卖盘
1122,11:16:55,6.13,0.01,55,33715,买盘
1123,11:16:57,6.12,-0.01,10,6120,卖盘
1124,11:17:09,6.12,0.0,8,4896,卖盘
1125,11:17:12,6.13,0.01,10,6130,买盘
1126,11:17:16,6.12,-0.01,42,25706,卖盘
1127,11:17:21,6.12,0.0,269,164628,卖盘
1128,11:17:25,6.12,0.0,27,16524,买盘
1129,11:17:28,6.11,-0.01,11,6722,卖盘
1130,11:17:30,6.12,0.01,5,3060,买盘
1131,11:17:36,6.11,-0.01,19,11609,卖盘
1132,11:17:40,6.12,0.01,17,10397,买盘
1133,11:17:46,6.11,-0.01,26,15895,卖盘
1134,11:17:49,6.12,0.01,6,3672,买盘
1135,11:17:52,6.11,-0.01,34,20781,卖盘
1136,11:17:55,6.12,0.01,5,3060,买盘
1137,11:17:58,6.12,0.0,10,6120,买盘
1138,11:18:04,6.12,0.0,28,17136,买盘
1139,11:18:06,6.11,-0.01,1003,612848,卖盘
1140,11:18:10,6.12,0.01,7,4284,卖盘
1141,11:18:13,6.12,0.0,25,15300,卖盘
1142,11:18:25,6.12,0.0,32,19584,买盘
1143,11:18:28,6.12,0.0,28,17136,卖盘
1144,11:18:31,6.12,0.0,8,4896,买盘
1145,11:18:36,6.12,0.0,6,3672,买盘
1146,11:18:40,6.11,-0.01,7,4277,卖盘
1147,11:18:43,6.11,0.0,129,78819,卖盘
1148,11:18:46,6.11,0.0,15,9159,买盘
1149,11:18:49,6.11,0.0,10,6110,买盘
1150,11:18:51,6.1,-0.01,86,52465,卖盘
1151,11:18:55,6.1,0.0,304,185504,卖盘
1152,11:19:01,6.1,0.0,75,45750,卖盘
1153,11:19:04,6.11,0.01,52,31772,买盘
1154,11:19:06,6.11,0.0,40,24440,买盘
1155,11:19:09,6.11,0.0,10,6110,卖盘
1156,11:19:12,6.11,0.0,18,10998,卖盘
1157,11:19:18,6.12,0.01,10,6120,买盘
1158,11:19:22,6.12,0.0,56,34272,买盘
1159,11:19:34,6.12,0.0,10,6120,买盘
1160,11:19:37,6.12,0.0,45,27540,买盘
1161,11:19:39,6.11,-0.01,57,34869,卖盘
1162,11:19:43,6.12,0.01,35,21420,买盘
1163,11:19:49,6.11,-0.01,68,41609,卖盘
1164,11:19:52,6.12,0.01,2,1224,买盘
1165,11:20:01,6.11,-0.01,4,2444,卖盘
1166,11:20:04,6.12,0.01,5,3060,买盘
1167,11:20:07,6.12,0.0,6,3672,买盘
1168,11:20:09,6.12,0.0,13,7949,买盘
1169,11:20:12,6.11,-0.01,6,3666,卖盘
1170,11:20:19,6.11,0.0,60,36660,卖盘
1171,11:20:21,6.12,0.01,1,612,买盘
1172,11:20:28,6.11,-0.01,23,14073,卖盘
1173,11:20:31,6.12,0.01,5,3060,买盘
1174,11:20:43,6.11,-0.01,7,4277,卖盘
1175,11:20:46,6.12,0.01,20,12240,买盘
1176,11:20:48,6.12,0.0,5,3060,买盘
1177,11:20:58,6.12,0.0,183,111996,买盘
1178,11:21:01,6.12,0.0,18,11016,买盘
1179,11:21:04,6.12,0.0,10,6120,买盘
1180,11:21:07,6.11,-0.01,6,3666,卖盘
1181,11:21:10,6.12,0.01,173,105876,买盘
1182,11:21:13,6.12,0.0,75,45853,买盘
1183,11:21:15,6.12,0.0,234,143180,买盘
1184,11:21:18,6.12,0.0,124,75888,买盘
1185,11:21:28,6.13,0.01,16,9808,买盘
1186,11:21:30,6.13,0.0,49,30036,买盘
1187,11:21:36,6.12,-0.01,5,3060,卖盘
1188,11:21:40,6.13,0.01,5,3065,买盘
1189,11:21:43,6.13,0.0,7,4291,卖盘
1190,11:21:48,6.14,0.01,5,3070,买盘
1191,11:22:00,6.14,0.0,2,1228,买盘
1192,11:22:09,6.13,-0.01,7,4291,卖盘
1193,11:22:13,6.13,0.0,45,27585,卖盘
1194,11:22:18,6.13,0.0,16,9823,卖盘
1195,11:22:21,6.13,0.0,20,12260,卖盘
1196,11:22:27,6.13,0.0,30,18390,卖盘
1197,11:22:34,6.14,0.01,5,3070,买盘
1198,11:22:36,6.14,0.0,64,39296,买盘
1199,11:22:40,6.14,0.0,7,4298,卖盘
1200,11:22:42,6.14,0.0,5,3070,卖盘
1201,11:22:52,6.14,0.0,36,22104,卖盘
1202,11:23:01,6.15,0.01,10,6150,买盘
1203,11:23:13,6.14,-0.01,41,25174,卖盘
1204,11:23:19,6.14,0.0,5,3070,买盘
1205,11:23:22,6.14,0.0,3,1842,买盘
1206,11:23:33,6.13,-0.01,10,6130,卖盘
1207,11:23:43,6.13,0.0,7,4291,卖盘
1208,11:23:46,6.14,0.01,2,1228,买盘
1209,11:23:49,6.14,0.0,8,4912,买盘
1210,11:24:01,6.14,0.0,13,7982,买盘
1211,11:24:04,6.13,-0.01,69,42297,卖盘
1212,11:24:09,6.13,0.0,8,4904,卖盘
1213,11:24:16,6.13,0.0,1,613,卖盘
1214,11:24:25,6.13,0.0,14,8582,卖盘
1215,11:24:28,6.13,0.0,10,6130,卖盘
1216,11:24:37,6.13,0.0,7,4291,卖盘
1217,11:24:43,6.13,0.0,7,4291,卖盘
1218,11:24:45,6.13,0.0,30,18406,卖盘
1219,11:24:58,6.13,0.0,1,613,卖盘
1220,11:25:01,6.13,0.0,1,613,卖盘
1221,11:25:09,6.13,0.0,7,4291,卖盘
1222,11:25:12,6.14,0.01,115,70610,买盘
1223,11:25:21,6.14,0.0,6,3684,卖盘
1224,11:25:30,6.14,0.0,2,1228,卖盘
1225,11:25:43,6.14,0.0,7,4298,卖盘
1226,11:25:54,6.15,0.01,3,1845,买盘
1227,11:26:09,6.15,0.0,41,25215,买盘
1228,11:26:12,6.14,-0.01,7,4298,卖盘
1229,11:26:15,6.15,0.01,21,12899,买盘
1230,11:26:18,6.14,-0.01,16,9824,卖盘
1231,11:26:28,6.14,0.0,61,37454,卖盘
1232,11:26:31,6.14,0.0,1,614,买盘
1233,11:26:33,6.14,0.0,6,3684,买盘
1234,11:26:43,6.13,-0.01,7,4291,卖盘
1235,11:27:04,6.13,0.0,50,30650,卖盘
1236,11:27:06,6.13,0.0,9,5517,卖盘
1237,11:27:12,6.13,0.0,7,4291,卖盘
1238,11:27:22,6.14,0.01,8,4912,买盘
1239,11:27:25,6.14,0.0,23,14122,买盘
1240,11:27:42,6.13,-0.01,7,4291,卖盘
1241,11:28:04,6.14,0.01,10,6140,买盘
1242,11:28:09,6.13,-0.01,10,6130,卖盘
1243,11:28:12,6.13,0.0,7,4291,卖盘
1244,11:28:21,6.14,0.01,9,5526,买盘
1245,11:28:33,6.13,-0.01,13,7969,卖盘
1246,11:28:40,6.13,0.0,44,26972,卖盘
1247,11:28:43,6.13,0.0,7,4291,卖盘
1248,11:28:51,6.14,0.01,50,30700,买盘
1249,11:28:54,6.14,0.0,4,2456,买盘
1250,11:28:57,6.13,-0.01,6,3678,卖盘
1251,11:29:00,6.13,0.0,5,3065,卖盘
1252,11:29:06,6.15,0.02,117,71841,买盘
1253,11:29:12,6.14,-0.01,7,4298,卖盘
1254,11:29:19,6.14,0.0,17,10438,卖盘
1255,11:29:21,6.14,0.0,20,12280,卖盘
1256,11:29:43,6.14,0.0,7,4298,卖盘
1257,11:29:45,6.15,0.01,7,4305,买盘
1258,11:29:51,6.14,-0.01,2,1228,卖盘
1259,13:00:00,6.14,0.0,5,3070,卖盘
1260,13:00:04,6.13,-0.01,308,189054,卖盘
1261,13:00:07,6.15,0.02,1,615,买盘
1262,13:00:09,6.14,-0.01,7,4298,买盘
1263,13:00:12,6.14,0.0,7,4298,卖盘
1264,13:00:24,6.13,-0.01,14,8588,卖盘
1265,13:00:42,6.13,0.0,7,4291,卖盘
1266,13:00:55,6.13,0.0,43,26359,卖盘
1267,13:01:09,6.13,0.0,6,3678,卖盘
1268,13:01:15,6.13,0.0,8,4904,卖盘
1269,13:01:39,6.14,0.01,8,4912,买盘
1270,13:01:42,6.14,0.0,27,16571,买盘
1271,13:01:45,6.14,0.0,1,614,买盘
1272,13:02:12,6.13,-0.01,17,10431,卖盘
1273,13:02:18,6.14,0.01,10,6140,买盘
1274,13:02:49,6.13,-0.01,9,5517,卖盘
1275,13:02:57,6.13,0.0,2,1226,卖盘
1276,13:03:09,6.13,0.0,10,6130,卖盘
1277,13:03:12,6.13,0.0,3,1839,卖盘
1278,13:03:21,6.13,0.0,20,12260,卖盘
1279,13:03:31,6.13,0.0,20,12260,卖盘
1280,13:03:37,6.13,0.0,30,18390,卖盘
1281,13:03:43,6.14,0.01,50,30700,买盘
1282,13:03:49,6.15,0.01,117,71925,买盘
1283,13:04:24,6.15,0.0,39,23985,卖盘
1284,13:04:28,6.15,0.0,100,61500,卖盘
1285,13:04:42,6.15,0.0,8,4920,卖盘
1286,13:04:52,6.15,0.0,50,30750,卖盘
1287,13:04:55,6.15,0.0,17,10455,卖盘
1288,13:05:05,6.15,0.0,10,6150,卖盘
1289,13:05:13,6.15,0.0,13,7995,卖盘
1290,13:05:19,6.15,0.0,56,34440,卖盘
1291,13:05:22,6.15,0.0,7,4305,卖盘
1292,13:05:25,6.15,0.0,12,7380,卖盘
1293,13:05:27,6.15,0.0,14,8610,卖盘
1294,13:05:31,6.15,0.0,13,7995,卖盘
1295,13:05:34,6.15,0.0,17,10455,买盘
1296,13:05:49,6.14,-0.01,5,3070,卖盘
1297,13:06:04,6.14,0.0,48,29452,买盘
1298,13:06:16,6.14,0.0,10,6140,卖盘
1299,13:06:22,6.13,-0.01,34,20846,卖盘
1300,13:06:43,6.14,0.01,46,28244,买盘
1301,13:06:48,6.14,0.0,150,92100,卖盘
1302,13:06:51,6.14,0.0,5,3070,卖盘
1303,13:06:55,6.14,0.0,33,20262,卖盘
1304,13:06:58,6.14,0.0,24,14736,卖盘
1305,13:07:07,6.14,0.0,4,2456,卖盘
1306,13:07:16,6.14,0.0,5,3070,卖盘
1307,13:07:24,6.14,0.0,28,17167,买盘
1308,13:07:43,6.14,0.0,117,71838,买盘
1309,13:07:54,6.13,-0.01,125,76650,卖盘
1310,13:08:04,6.14,0.01,15,9210,买盘
1311,13:08:15,6.14,0.0,1,614,买盘
1312,13:08:22,6.13,-0.01,10,6130,卖盘
1313,13:08:24,6.14,0.01,3,1842,买盘
1314,13:08:40,6.14,0.0,50,30700,买盘
1315,13:08:49,6.13,-0.01,10,6130,卖盘
1316,13:09:04,6.13,0.0,68,41684,卖盘
1317,13:09:21,6.13,0.0,23,14099,卖盘
1318,13:09:24,6.13,0.0,30,18390,卖盘
1319,13:09:27,6.13,0.0,1,613,卖盘
1320,13:09:40,6.13,0.0,6,3678,卖盘
1321,13:09:46,6.13,0.0,75,45975,卖盘
1322,13:09:49,6.13,0.0,3,1839,卖盘
1323,13:09:58,6.13,0.0,8,4904,卖盘
1324,13:10:31,6.12,-0.01,190,116280,卖盘
1325,13:10:37,6.12,0.0,20,12240,卖盘
1326,13:10:40,6.12,0.0,78,47736,卖盘
1327,13:10:43,6.13,0.01,31,18975,买盘
1328,13:10:55,6.12,-0.01,76,46512,卖盘
1329,13:11:01,6.12,0.0,138,84456,卖盘
1330,13:11:10,6.12,0.0,20,12240,买盘
1331,13:11:13,6.12,0.0,13,7956,卖盘
1332,13:11:19,6.12,0.0,33,20196,卖盘
1333,13:11:24,6.12,0.0,1,612,卖盘
1334,13:11:31,6.12,0.0,43,26316,卖盘
1335,13:11:37,6.12,0.0,51,31212,卖盘
1336,13:11:40,6.12,0.0,70,42840,买盘
1337,13:11:43,6.12,0.0,40,24480,买盘
1338,13:12:04,6.11,-0.01,106,64846,卖盘
1339,13:12:06,6.12,0.01,5,3060,买盘
1340,13:12:09,6.12,0.0,2,1224,买盘
1341,13:12:12,6.12,0.0,50,30600,买盘
1342,13:12:22,6.12,0.0,50,30600,买盘
1343,13:12:34,6.12,0.0,40,24480,买盘
1344,13:12:54,6.12,0.0,44,26928,卖盘
1345,13:13:16,6.12,0.0,60,36720,卖盘
1346,13:13:22,6.12,0.0,2,1224,卖盘
1347,13:13:25,6.12,0.0,108,66099,卖盘
1348,13:13:28,6.12,0.0,16,9792,买盘
1349,13:13:31,6.11,-0.01,10,6110,卖盘
1350,13:13:37,6.12,0.01,6,3672,买盘
1351,13:13:40,6.12,0.0,50,30600,买盘
1352,13:13:52,6.12,0.0,14,8568,买盘
1353,13:14:04,6.12,0.0,10,6120,买盘
1354,13:14:15,6.11,-0.01,3,1833,卖盘
1355,13:14:34,6.11,0.0,50,30550,卖盘
1356,13:14:48,6.11,0.0,55,33610,卖盘
1357,13:14:55,6.11,0.0,6,3671,卖盘
1358,13:15:04,6.11,0.0,9,5499,卖盘
1359,13:15:10,6.12,0.01,28,17136,买盘
1360,13:15:16,6.12,0.0,3,1836,买盘
1361,13:15:19,6.12,0.0,50,30600,买盘
1362,13:15:31,6.12,0.0,13,7956,买盘
1363,13:15:40,6.12,0.0,9,5508,卖盘
1364,13:15:51,6.12,0.0,15,9180,卖盘
1365,13:15:54,6.12,0.0,13,7957,卖盘
1366,13:16:00,6.12,0.0,20,12250,买盘
1367,13:16:04,6.11,-0.01,3,1833,卖盘
1368,13:16:19,6.12,0.01,7,4284,买盘
1369,13:16:21,6.11,-0.01,13,7943,卖盘
1370,13:16:28,6.11,0.0,11,6721,卖盘
1371,13:16:30,6.11,0.0,25,15275,卖盘
1372,13:16:37,6.11,0.0,23,14053,卖盘
1373,13:16:40,6.11,0.0,10,6110,卖盘
1374,13:16:46,6.11,0.0,20,12220,卖盘
1375,13:17:04,6.11,0.0,59,36049,卖盘
1376,13:17:16,6.11,0.0,180,109980,卖盘
1377,13:17:18,6.11,0.0,183,111813,卖盘
1378,13:17:22,6.11,0.0,1,611,卖盘
1379,13:17:25,6.11,0.0,81,49491,卖盘
1380,13:17:28,6.11,0.0,26,15886,卖盘
1381,13:17:30,6.11,0.0,40,24450,卖盘
1382,13:17:34,6.11,0.0,2,1222,买盘
1383,13:17:36,6.11,0.0,1,611,买盘
1384,13:18:04,6.1,-0.01,1,610,卖盘
1385,13:18:06,6.11,0.01,5,3055,买盘
1386,13:18:10,6.1,-0.01,3,1830,卖盘
1387,13:18:13,6.1,0.0,2,1220,卖盘
1388,13:18:16,6.1,0.0,25,15250,卖盘
1389,13:18:22,6.1,0.0,17,10370,卖盘
1390,13:18:25,6.1,0.0,41,25010,卖盘
1391,13:18:28,6.1,0.0,50,30500,卖盘
1392,13:18:31,6.11,0.01,4,2444,买盘
1393,13:18:34,6.1,-0.01,46,28060,卖盘
1394,13:18:37,6.1,0.0,4,2440,卖盘
1395,13:18:39,6.1,0.0,265,161655,卖盘
1396,13:18:55,6.1,0.0,45,27470,卖盘
1397,13:18:58,6.1,0.0,4,2440,卖盘
1398,13:19:01,6.1,0.0,25,15273,卖盘
1399,13:19:06,6.11,0.01,19,11609,买盘
1400,13:19:13,6.1,-0.01,53,32330,卖盘
1401,13:19:16,6.11,0.01,50,30550,买盘
1402,13:19:28,6.11,0.0,133,81137,买盘
1403,13:19:37,6.1,-0.01,57,34770,卖盘
1404,13:19:40,6.11,0.01,1,611,买盘
1405,13:19:43,6.11,0.0,6,3666,买盘
1406,13:20:07,6.11,0.0,11,6721,买盘
1407,13:20:13,6.11,0.0,1,611,买盘
1408,13:20:16,6.1,-0.01,33,20130,卖盘
1409,13:20:31,6.11,0.01,5,3055,买盘
1410,13:20:36,6.11,0.0,5,3055,买盘
1411,13:20:52,6.11,0.0,4,2444,买盘
1412,13:20:54,6.1,-0.01,139,84829,卖盘
1413,13:20:58,6.1,0.0,20,12200,卖盘
1414,13:21:07,6.11,0.01,50,30550,买盘
1415,13:21:15,6.11,0.0,5,3055,买盘
1416,13:21:19,6.1,-0.01,10,6100,卖盘
1417,13:21:33,6.1,0.0,23,14030,卖盘
1418,13:21:36,6.1,0.0,10,6100,卖盘
1419,13:21:46,6.11,0.01,10,6110,买盘
1420,13:21:49,6.11,0.0,5,3055,买盘
1421,13:21:52,6.1,-0.01,167,101870,卖盘
1422,13:21:57,6.1,0.0,30,18300,卖盘
1423,13:22:01,6.1,0.0,20,12200,卖盘
1424,13:22:10,6.1,0.0,1,610,卖盘
1425,13:22:12,6.11,0.01,73,44603,买盘
1426,13:22:16,6.11,0.0,14,8554,买盘
1427,13:22:19,6.1,-0.01,50,30500,卖盘
1428,13:22:22,6.1,0.0,7,4275,卖盘
1429,13:22:31,6.1,0.0,1,610,卖盘
1430,13:22:34,6.11,0.01,10,6110,买盘
1431,13:22:36,6.11,0.0,3,1833,买盘
1432,13:22:39,6.11,0.0,15,9165,买盘
1433,13:22:49,6.11,0.0,10,6110,买盘
1434,13:22:52,6.1,-0.01,5,3050,卖盘
1435,13:22:58,6.11,0.01,2,1222,买盘
1436,13:23:06,6.11,0.0,76,46436,买盘
1437,13:23:10,6.11,0.0,111,67821,买盘
1438,13:23:13,6.1,-0.01,99,60390,卖盘
1439,13:23:19,6.11,0.01,92,56212,买盘
1440,13:23:30,6.12,0.01,5,3060,买盘
1441,13:23:40,6.12,0.0,6,3672,买盘
1442,13:23:46,6.12,0.0,28,17136,买盘
1443,13:23:49,6.11,-0.01,203,124033,卖盘
1444,13:23:52,6.11,0.0,20,12220,买盘
1445,13:23:55,6.11,0.0,2,1222,买盘
1446,13:24:06,6.11,0.0,10,6110,卖盘
1447,13:24:16,6.12,0.01,10,6120,买盘
1448,13:24:19,6.12,0.0,50,30600,买盘
1449,13:24:25,6.11,-0.01,5,3055,卖盘
1450,13:24:43,6.11,0.0,10,6110,卖盘
1451,13:24:55,6.12,0.01,5,3060,买盘
1452,13:25:00,6.12,0.0,9,5508,买盘
1453,13:25:16,6.12,0.0,5,3060,买盘
1454,13:25:19,6.11,-0.01,9,5499,卖盘
1455,13:25:30,6.11,0.0,41,25051,卖盘
1456,13:25:54,6.11,0.0,5,3055,卖盘
1457,13:26:06,6.12,0.01,10,6120,买盘
1458,13:26:10,6.11,-0.01,1,611,卖盘
1459,13:26:31,6.12,0.01,40,24480,买盘
1460,13:26:34,6.1,-0.02,508,310101,卖盘
1461,13:26:54,6.11,0.01,1,611,卖盘
1462,13:26:58,6.11,0.0,17,10387,卖盘
1463,13:27:06,6.1,-0.01,2,1220,卖盘
1464,13:27:10,6.1,0.0,50,30500,卖盘
1465,13:27:30,6.1,0.0,1,610,卖盘
1466,13:27:37,6.1,0.0,24,14640,卖盘
1467,13:27:40,6.1,0.0,113,68930,卖盘
1468,13:27:46,6.1,0.0,55,33550,卖盘
1469,13:27:49,6.11,0.01,3,1833,买盘
1470,13:27:54,6.1,-0.01,42,25620,卖盘
1471,13:28:01,6.1,0.0,10,6100,卖盘
1472,13:28:04,6.1,0.0,2,1220,卖盘
1473,13:28:07,6.1,0.0,208,126880,卖盘
1474,13:28:12,6.1,0.0,10,6100,买盘
1475,13:28:22,6.09,-0.01,5,3045,卖盘
1476,13:28:25,6.1,0.01,35,21350,买盘
1477,13:28:31,6.09,-0.01,26,15834,卖盘
1478,13:28:36,6.09,0.0,43,26187,卖盘
1479,13:28:40,6.1,0.01,5,3050,买盘
1480,13:28:43,6.09,-0.01,87,52983,卖盘
1481,13:28:49,6.1,0.01,24,14640,买盘
1482,13:28:54,6.1,0.0,5,3050,卖盘
1483,13:28:58,6.11,0.01,67,40875,买盘
1484,13:29:28,6.1,-0.01,8,4880,卖盘
1485,13:29:31,6.1,0.0,26,15860,卖盘
1486,13:29:37,6.1,0.0,114,69540,卖盘
1487,13:29:46,6.1,0.0,40,24400,卖盘
1488,13:29:48,6.1,0.0,47,28670,卖盘
1489,13:29:51,6.1,0.0,4,2440,买盘
1490,13:30:04,6.09,-0.01,10,6090,卖盘
1491,13:30:15,6.09,0.0,35,21315,卖盘
1492,13:30:21,6.09,0.0,32,19488,卖盘
1493,13:30:24,6.09,0.0,2,1218,卖盘
1494,13:30:28,6.09,0.0,2,1218,卖盘
1495,13:30:31,6.09,0.0,24,14621,卖盘
1496,13:30:40,6.09,0.0,1,609,卖盘
1497,13:30:45,6.09,0.0,25,15225,卖盘
1498,13:30:52,6.09,0.0,20,12180,卖盘
1499,13:31:01,6.09,0.0,6,3656,卖盘
1500,13:31:04,6.1,0.01,15,9150,买盘
1501,13:31:07,6.1,0.0,5,3050,买盘
1502,13:31:10,6.09,-0.01,29,17661,卖盘
1503,13:31:13,6.09,0.0,363,221087,卖盘
1504,13:31:16,6.09,0.0,2,1218,买盘
1505,13:31:19,6.09,0.0,10,6090,买盘
1506,13:31:21,6.09,0.0,65,39585,买盘
1507,13:31:28,6.08,-0.01,270,164160,卖盘
1508,13:31:31,6.09,0.01,2,1218,买盘
1509,13:31:40,6.09,0.0,548,333732,买盘
1510,13:31:43,6.09,0.0,7,4263,卖盘
1511,13:31:46,6.09,0.0,3,1827,卖盘
1512,13:31:49,6.09,0.0,7,4263,卖盘
1513,13:31:51,6.09,0.0,6,3654,买盘
1514,13:31:57,6.08,-0.01,36,21888,卖盘
1515,13:32:01,6.08,0.0,16,9738,卖盘
1516,13:32:04,6.09,0.01,71,43239,买盘
1517,13:32:13,6.08,-0.01,15,9120,卖盘
1518,13:32:22,6.08,0.0,26,15808,卖盘
1519,13:32:24,6.08,0.0,20,12160,卖盘
1520,13:32:31,6.09,0.01,3,1827,买盘
1521,13:32:34,6.08,-0.01,31,18848,卖盘
1522,13:32:40,6.08,0.0,180,109440,卖盘
1523,13:32:46,6.08,0.0,136,82688,卖盘
1524,13:32:49,6.08,0.0,30,18211,买盘
1525,13:32:52,6.08,0.0,33,20064,买盘
1526,13:32:57,6.07,-0.01,20,12140,卖盘
1527,13:33:01,6.07,0.0,15,9105,卖盘
1528,13:33:04,6.07,0.0,43,26101,卖盘
1529,13:33:07,6.07,0.0,55,33385,卖盘
1530,13:33:10,6.07,0.0,26,15782,卖盘
1531,13:33:12,6.07,0.0,40,24280,卖盘
1532,13:33:16,6.07,0.0,66,40062,卖盘
1533,13:33:21,6.07,0.0,6,3642,卖盘
1534,13:33:25,6.07,0.0,12,7284,卖盘
1535,13:33:28,6.07,0.0,252,152966,卖盘
1536,13:33:31,6.07,0.0,12,7284,卖盘
1537,13:33:34,6.07,0.0,10,6070,买盘
1538,13:33:37,6.07,0.0,3,1821,买盘
1539,13:33:40,6.07,0.0,94,56968,买盘
1540,13:33:43,6.07,0.0,15,9105,买盘
1541,13:33:45,6.06,-0.01,198,119988,卖盘
1542,13:33:51,6.06,0.0,49,29694,卖盘
1543,13:33:55,6.06,0.0,37,22422,卖盘
1544,13:34:01,6.07,0.01,5,3035,买盘
1545,13:34:04,6.06,-0.01,7,4244,卖盘
1546,13:34:07,6.06,0.0,40,24240,卖盘
1547,13:34:10,6.06,0.0,3,1818,卖盘
1548,13:34:16,6.06,0.0,24,14544,卖盘
1549,13:34:19,6.06,0.0,9,5454,卖盘
1550,13:34:25,6.07,0.01,2,1214,买盘
1551,13:34:28,6.06,-0.01,84,50904,卖盘
1552,13:34:31,6.06,0.0,9,5454,买盘
1553,13:34:37,6.06,0.0,145,87742,买盘
1554,13:34:39,6.06,0.0,33,19998,买盘
1555,13:34:42,6.06,0.0,2,1212,买盘
1556,13:34:49,6.06,0.0,10,6060,买盘
1557,13:34:52,6.06,0.0,105,63598,买盘
1558,13:34:55,6.05,-0.01,50,30250,卖盘
1559,13:34:58,6.05,0.0,20,12100,卖盘
1560,13:35:04,6.05,0.0,80,48400,卖盘
1561,13:35:06,6.05,0.0,13,7865,卖盘
1562,13:35:09,6.05,0.0,54,32670,卖盘
1563,13:35:16,6.05,0.0,77,46585,卖盘
1564,13:35:19,6.05,0.0,10,6050,卖盘
1565,13:35:22,6.06,0.01,1,606,买盘
1566,13:35:28,6.06,0.0,72,43622,买盘
1567,13:35:31,6.06,0.0,27,16352,买盘
1568,13:35:37,6.05,-0.01,11,6665,卖盘
1569,13:35:40,6.06,0.01,1,606,买盘
1570,13:35:51,6.06,0.0,39,23634,卖盘
1571,13:35:55,6.07,0.01,83,50381,买盘
1572,13:35:58,6.07,0.0,24,14568,买盘
1573,13:36:04,6.07,0.0,13,7891,买盘
1574,13:36:22,6.07,0.0,3,1821,卖盘
1575,13:36:24,6.07,0.0,6,3642,卖盘
1576,13:36:28,6.08,0.01,151,91808,买盘
1577,13:36:34,6.09,0.01,20,12180,买盘
1578,13:36:37,6.08,-0.01,10,6080,卖盘
1579,13:36:40,6.09,0.01,56,34104,买盘
1580,13:36:43,6.09,0.0,33,20097,买盘
1581,13:36:46,6.09,0.0,16,9740,买盘
1582,13:36:52,6.09,0.0,17,10353,买盘
1583,13:36:54,6.09,0.0,4,2436,买盘
1584,13:36:57,6.09,0.0,13,7917,买盘
1585,13:37:07,6.09,0.0,3,1827,买盘
1586,13:37:10,6.09,0.0,5,3045,买盘
1587,13:37:16,6.09,0.0,5,3045,买盘
1588,13:37:19,6.08,-0.01,70,42610,卖盘
1589,13:37:31,6.08,0.0,7,4256,卖盘
1590,13:37:46,6.08,0.0,42,25536,卖盘
1591,13:37:49,6.09,0.01,20,12180,买盘
1592,13:37:58,6.09,0.0,1,609,买盘
1593,13:38:04,6.08,-0.01,5,3040,卖盘
1594,13:38:07,6.08,0.0,1,608,卖盘
1595,13:38:36,6.08,0.0,4,2432,卖盘
1596,13:38:40,6.08,0.0,9,5472,卖盘
1597,13:38:46,6.08,0.0,9,5472,卖盘
1598,13:38:49,6.08,0.0,10,6080,卖盘
1599,13:39:00,6.09,0.01,65,39585,买盘
1600,13:39:07,6.09,0.0,2,1218,买盘
1601,13:39:10,6.08,-0.01,64,38912,卖盘
1602,13:39:19,6.08,0.0,272,165376,卖盘
1603,13:39:27,6.08,0.0,2,1216,买盘
1604,13:39:33,6.07,-0.01,30,18210,卖盘
1605,13:39:40,6.08,0.01,5,3040,买盘
1606,13:39:46,6.08,0.0,80,48640,买盘
1607,13:39:49,6.07,-0.01,56,33992,卖盘
1608,13:39:52,6.08,0.01,19,11552,买盘
1609,13:39:57,6.07,-0.01,60,36420,卖盘
1610,13:40:07,6.07,0.0,18,10926,卖盘
1611,13:40:15,6.08,0.01,5,3040,买盘
1612,13:40:31,6.08,0.0,8,4864,买盘
1613,13:40:43,6.07,-0.01,32,19424,卖盘
1614,13:40:46,6.08,0.01,53,32173,买盘
1615,13:40:48,6.08,0.0,24,14570,买盘
1616,13:41:06,6.07,-0.01,11,6680,卖盘
1617,13:41:10,6.08,0.01,13,7900,买盘
1618,13:41:16,6.08,0.0,20,12160,买盘
1619,13:41:22,6.08,0.0,92,55936,买盘
1620,13:41:24,6.08,0.0,26,15808,买盘
1621,13:41:52,6.08,0.0,15,9134,卖盘
1622,13:41:54,6.08,0.0,30,18240,卖盘
1623,13:42:16,6.08,0.0,10,6080,卖盘
1624,13:42:37,6.08,0.0,76,46208,卖盘
1625,13:42:51,6.09,0.01,6,3654,买盘
1626,13:42:54,6.08,-0.01,14,8525,卖盘
1627,13:42:58,6.09,0.01,20,12180,买盘
1628,13:43:10,6.09,0.0,10,6090,买盘
1629,13:43:19,6.09,0.0,10,6090,买盘
1630,13:43:21,6.09,0.0,10,6090,买盘
1631,13:43:25,6.09,0.0,46,28014,买盘
1632,13:43:28,6.09,0.0,7,4263,买盘
1633,13:43:30,6.09,0.0,30,18270,买盘
1634,13:43:37,6.09,0.0,27,16443,买盘
1635,13:43:52,6.09,0.0,83,50547,卖盘
1636,13:43:55,6.1,0.01,11,6710,买盘
1637,13:44:01,6.1,0.0,3,1830,买盘
1638,13:44:22,6.1,0.0,8,4880,买盘
1639,13:44:27,6.1,0.0,3,1830,买盘
1640,13:44:34,6.1,0.0,95,57950,买盘
1641,13:44:43,6.11,0.01,3,1833,买盘
1642,13:44:51,6.11,0.0,1,611,买盘
1643,13:45:07,6.1,-0.01,31,18911,卖盘
1644,13:45:09,6.11,0.01,31,18941,买盘
1645,13:45:19,6.1,-0.01,6,3663,卖盘
1646,13:45:37,6.11,0.01,20,12220,买盘
1647,13:45:46,6.11,0.0,20,12220,买盘
1648,13:45:49,6.11,0.0,3,1833,买盘
1649,13:45:52,6.11,0.0,25,15275,买盘
1650,13:45:55,6.11,0.0,10,6110,买盘
1651,13:45:58,6.11,0.0,26,15886,买盘
1652,13:46:13,6.11,0.0,27,16497,卖盘
1653,13:46:25,6.11,0.0,33,20163,买盘
1654,13:46:39,6.11,0.0,10,6110,卖盘
1655,13:46:49,6.1,-0.01,1,610,卖盘
1656,13:47:04,6.1,0.0,4,2440,卖盘
1657,13:47:13,6.1,0.0,6,3660,卖盘
1658,13:47:27,6.11,0.01,43,26239,买盘
1659,13:47:40,6.11,0.0,3,1833,买盘
1660,13:48:01,6.11,0.0,36,21996,买盘
1661,13:48:06,6.11,0.0,10,6110,买盘
1662,13:48:19,6.11,0.0,2,1222,买盘
1663,13:48:22,6.11,0.0,25,15275,买盘
1664,13:48:28,6.11,0.0,20,12220,卖盘
1665,13:48:37,6.1,-0.01,71,43315,卖盘
1666,13:48:43,6.11,0.01,30,18330,卖盘
1667,13:48:48,6.11,0.0,1,611,买盘
1668,13:48:55,6.1,-0.01,6,3660,卖盘
1669,13:49:25,6.1,0.0,54,32940,卖盘
1670,13:49:46,6.09,-0.01,21,12794,卖盘
1671,13:49:49,6.1,0.01,5,3050,买盘
1672,13:49:58,6.09,-0.01,163,99267,卖盘
1673,13:50:00,6.09,0.0,35,21315,买盘
1674,13:50:04,6.08,-0.01,25,15200,卖盘
1675,13:50:28,6.08,0.0,27,16416,卖盘
1676,13:50:43,6.09,0.01,4,2436,买盘
1677,13:50:46,6.09,0.0,16,9738,买盘
1678,13:51:22,6.09,0.0,5,3045,买盘
1679,13:51:30,6.09,0.0,36,21924,买盘
1680,13:51:37,6.09,0.0,36,21924,买盘
1681,13:51:43,6.09,0.0,1,609,买盘
1682,13:51:48,6.08,-0.01,2,1216,卖盘
1683,13:51:51,6.09,0.01,20,12180,买盘
1684,13:52:04,6.1,0.01,150,91384,买盘
1685,13:52:19,6.09,-0.01,6,3654,卖盘
1686,13:52:39,6.09,0.0,22,13398,卖盘
1687,13:52:49,6.1,0.01,5,3050,买盘
1688,13:52:57,6.09,-0.01,11,6699,卖盘
1689,13:53:04,6.09,0.0,10,6090,卖盘
1690,13:53:10,6.1,0.01,2,1220,买盘
1691,13:53:34,6.09,-0.01,68,41412,卖盘
1692,13:53:36,6.09,0.0,9,5481,卖盘
1693,13:53:39,6.1,0.01,31,18910,买盘
1694,13:53:46,6.09,-0.01,31,18879,卖盘
1695,13:53:51,6.1,0.01,17,10370,买盘
1696,13:53:54,6.1,0.0,9,5490,买盘
1697,13:54:16,6.1,0.0,5,3050,买盘
1698,13:54:22,6.1,0.0,5,3050,买盘
1699,13:54:25,6.1,0.0,36,21960,卖盘
1700,13:54:49,6.1,0.0,32,19520,卖盘
1701,13:55:06,6.1,0.0,27,16470,买盘
1702,13:55:19,6.1,0.0,1,610,卖盘
1703,13:55:22,6.1,0.0,2,1220,卖盘
1704,13:55:31,6.1,0.0,4,2440,买盘
1705,13:55:37,6.1,0.0,6,3660,卖盘
1706,13:55:52,6.1,0.0,49,29890,买盘
1707,13:56:28,6.09,-0.01,22,13418,卖盘
1708,13:56:33,6.09,0.0,33,20097,卖盘
1709,13:56:39,6.1,0.01,2,1220,买盘
1710,13:56:57,6.09,-0.01,5,3045,卖盘
1711,13:57:04,6.09,0.0,1,609,卖盘
1712,13:57:09,6.09,0.0,88,53592,卖盘
1713,13:57:27,6.08,-0.01,500,304000,卖盘
1714,13:57:31,6.09,0.01,22,13398,买盘
1715,13:57:46,6.09,0.0,1,609,买盘
1716,13:58:00,6.09,0.0,1,609,买盘
1717,13:58:09,6.09,0.0,10,6090,买盘
1718,13:58:12,6.09,0.0,17,10353,买盘
1719,13:58:15,6.08,-0.01,23,13992,卖盘
1720,13:58:36,6.08,0.0,7,4256,卖盘
1721,13:58:45,6.09,0.01,90,54810,买盘
1722,13:58:48,6.08,-0.01,78,47424,卖盘
1723,13:58:51,6.08,0.0,246,149568,卖盘
1724,13:59:00,6.08,0.0,8,4864,卖盘
1725,13:59:04,6.08,0.0,55,33440,卖盘
1726,13:59:09,6.08,0.0,12,7296,卖盘
1727,13:59:19,6.09,0.01,75,45675,买盘
1728,13:59:36,6.09,0.0,65,39585,买盘
1729,13:59:46,6.09,0.0,18,10962,卖盘
1730,13:59:55,6.09,0.0,12,7308,卖盘
1731,14:00:07,6.09,0.0,16,9744,卖盘
1732,14:00:19,6.09,0.0,6,3654,买盘
1733,14:00:21,6.09,0.0,5,3045,买盘
1734,14:00:31,6.09,0.0,12,7308,买盘
1735,14:00:43,6.09,0.0,3,1827,买盘
1736,14:00:45,6.09,0.0,10,6090,买盘
1737,14:01:07,6.09,0.0,4,2436,买盘
1738,14:01:10,6.09,0.0,55,33475,买盘
1739,14:01:13,6.09,0.0,12,7308,买盘
1740,14:01:28,6.09,0.0,1,609,买盘
1741,14:01:31,6.09,0.0,8,4872,买盘
1742,14:01:48,6.08,-0.01,4,2433,卖盘
1743,14:02:01,6.08,0.0,34,20672,卖盘
1744,14:02:06,6.08,0.0,6,3648,卖盘
1745,14:02:10,6.08,0.0,183,111264,卖盘
1746,14:02:13,6.08,0.0,3,1824,买盘
1747,14:02:37,6.07,-0.01,12,7284,卖盘
1748,14:02:49,6.07,0.0,5,3035,卖盘
1749,14:02:52,6.08,0.01,6,3648,买盘
1750,14:03:01,6.08,0.0,11,6688,买盘
1751,14:03:19,6.07,-0.01,44,26708,卖盘
1752,14:03:24,6.08,0.01,10,6080,买盘
1753,14:03:34,6.07,-0.01,3,1821,卖盘
1754,14:03:37,6.08,0.01,18,10944,买盘
1755,14:03:40,6.08,0.0,4,2432,买盘
1756,14:03:45,6.08,0.0,2,1216,买盘
1757,14:03:52,6.07,-0.01,15,9105,卖盘
1758,14:03:54,6.08,0.01,4,2432,买盘
1759,14:04:01,6.08,0.0,10,6080,买盘
1760,14:04:04,6.07,-0.01,100,60700,卖盘
1761,14:04:10,6.08,0.01,8,4864,买盘
1762,14:04:16,6.08,0.0,2,1216,买盘
1763,14:04:22,6.07,-0.01,27,16389,卖盘
1764,14:04:31,6.08,0.01,3,1824,买盘
1765,14:04:37,6.07,-0.01,10,6070,卖盘
1766,14:05:06,6.08,0.01,195,118560,买盘
1767,14:05:22,6.08,0.0,6,3648,买盘
1768,14:05:25,6.08,0.0,28,17024,买盘
1769,14:05:28,6.08,0.0,73,44384,卖盘
1770,14:05:40,6.08,0.0,30,18240,卖盘
1771,14:05:58,6.08,0.0,100,60800,卖盘
1772,14:06:00,6.07,-0.01,200,121599,卖盘
1773,14:06:04,6.08,0.01,4,2432,卖盘
1774,14:06:13,6.08,0.0,1,608,卖盘
1775,14:06:19,6.08,0.0,3,1824,买盘
1776,14:06:28,6.08,0.0,31,18848,买盘
1777,14:06:37,6.08,0.0,3,1824,卖盘
1778,14:06:46,6.08,0.0,37,22496,卖盘
1779,14:06:54,6.08,0.0,21,12768,买盘
1780,14:07:01,6.08,0.0,1,608,买盘
1781,14:07:04,6.08,0.0,33,20064,买盘
1782,14:07:10,6.08,0.0,8,4864,买盘
1783,14:07:22,6.08,0.0,32,19456,卖盘
1784,14:07:43,6.08,0.0,10,6080,卖盘
1785,14:08:19,6.09,0.01,125,76125,买盘
1786,14:08:22,6.09,0.0,8,4869,买盘
1787,14:08:28,6.09,0.0,2,1218,买盘
1788,14:08:52,6.09,0.0,66,40194,买盘
1789,14:09:18,6.09,0.0,12,7308,买盘
1790,14:09:31,6.09,0.0,3,1827,买盘
1791,14:09:37,6.09,0.0,2,1218,买盘
1792,14:10:01,6.08,-0.01,2,1216,卖盘
1793,14:10:07,6.09,0.01,29,17661,买盘
1794,14:10:25,6.09,0.0,20,12180,卖盘
1795,14:10:39,6.09,0.0,48,29236,卖盘
1796,14:10:46,6.09,0.0,15,9135,卖盘
1797,14:10:49,6.09,0.0,5,3045,卖盘
1798,14:11:13,6.09,0.0,6,3654,卖盘
1799,14:11:16,6.09,0.0,37,22533,卖盘
1800,14:11:28,6.1,0.01,118,71980,买盘
1801,14:11:37,6.09,-0.01,14,8526,买盘
1802,14:11:40,6.09,0.0,17,10353,卖盘
1803,14:11:42,6.1,0.01,62,37820,买盘
1804,14:11:52,6.1,0.0,1,610,买盘
1805,14:11:55,6.1,0.0,5,3050,买盘
1806,14:12:01,6.1,0.0,5,3050,买盘
1807,14:12:07,6.1,0.0,7,4270,买盘
1808,14:12:10,6.1,0.0,8,4880,卖盘
1809,14:12:28,6.11,0.01,104,63544,买盘
1810,14:12:31,6.12,0.01,74,45288,买盘
1811,14:12:37,6.12,0.0,28,17136,买盘
1812,14:12:46,6.13,0.01,26,15938,买盘
1813,14:12:58,6.14,0.01,4,2456,买盘
1814,14:13:04,6.14,0.0,209,128326,买盘
1815,14:13:12,6.14,0.0,49,30097,卖盘
1816,14:13:16,6.14,0.0,86,52804,买盘
1817,14:13:19,6.14,0.0,14,8596,卖盘
1818,14:13:31,6.13,-0.01,32,19619,卖盘
1819,14:13:34,6.14,0.01,1,614,买盘
1820,14:13:46,6.13,-0.01,15,9195,卖盘
1821,14:13:48,6.13,0.0,110,67530,卖盘
1822,14:14:01,6.12,-0.01,15,9180,卖盘
1823,14:14:25,6.12,0.0,54,33048,买盘
1824,14:14:27,6.09,-0.03,299,182486,卖盘
1825,14:14:30,6.12,0.03,77,47124,中性盘
1826,14:14:40,6.12,0.0,10,6120,买盘
1827,14:15:09,6.12,0.0,12,7344,买盘
1828,14:15:13,6.12,0.0,1,612,买盘
1829,14:15:19,6.12,0.0,40,24480,买盘
1830,14:15:34,6.12,0.0,30,18360,卖盘
1831,14:15:43,6.12,0.0,4,2448,卖盘
1832,14:15:48,6.12,0.0,4,2448,卖盘
1833,14:15:51,6.12,0.0,20,12240,卖盘
1834,14:15:55,6.12,0.0,30,18360,卖盘
1835,14:16:10,6.13,0.01,5,3065,买盘
1836,14:16:28,6.13,0.0,96,58848,买盘
1837,14:16:42,6.13,0.0,18,11034,买盘
1838,14:16:52,6.12,-0.01,70,42840,卖盘
1839,14:16:54,6.13,0.01,2,1226,买盘
1840,14:17:22,6.13,0.0,18,11034,买盘
1841,14:17:37,6.12,-0.01,35,21420,卖盘
1842,14:17:40,6.13,0.01,4,2452,买盘
1843,14:18:21,6.12,-0.01,5,3060,卖盘
1844,14:18:25,6.12,0.0,2,1224,卖盘
1845,14:18:28,6.12,0.0,34,20808,卖盘
1846,14:18:34,6.12,0.0,19,11628,卖盘
1847,14:18:42,6.12,0.0,6,3672,买盘
1848,14:18:49,6.11,-0.01,5,3055,卖盘
1849,14:19:01,6.11,0.0,64,39104,卖盘
1850,14:19:36,6.11,0.0,10,6110,卖盘
1851,14:19:55,6.11,0.0,30,18330,卖盘
1852,14:20:01,6.11,0.0,20,12220,卖盘
1853,14:20:04,6.11,0.0,25,15275,卖盘
1854,14:20:09,6.11,0.0,8,4888,卖盘
1855,14:20:28,6.11,0.0,15,9165,卖盘
1856,14:20:34,6.11,0.0,5,3055,卖盘
1857,14:20:46,6.11,0.0,7,4277,卖盘
1858,14:21:15,6.11,0.0,27,16497,买盘
1859,14:21:40,6.12,0.01,141,86292,买盘
1860,14:22:22,6.12,0.0,2,1223,买盘
1861,14:22:34,6.12,0.0,50,30600,买盘
1862,14:22:52,6.11,-0.01,100,61100,卖盘
1863,14:23:07,6.11,0.0,15,9165,卖盘
1864,14:23:10,6.11,0.0,1,611,卖盘
1865,14:23:13,6.11,0.0,16,9776,卖盘
1866,14:23:19,6.11,0.0,9,5499,买盘
1867,14:23:22,6.1,-0.01,4,2440,卖盘
1868,14:23:30,6.1,0.0,10,6100,卖盘
1869,14:23:37,6.1,0.0,10,6100,卖盘
1870,14:23:39,6.1,0.0,2,1220,卖盘
1871,14:23:43,6.1,0.0,22,13435,卖盘
1872,14:23:45,6.1,0.0,20,12200,卖盘
1873,14:24:09,6.1,0.0,14,8540,卖盘
1874,14:24:13,6.1,0.0,127,77470,卖盘
1875,14:24:16,6.1,0.0,1,610,卖盘
1876,14:24:19,6.1,0.0,212,129320,卖盘
1877,14:24:46,6.1,0.0,10,6100,买盘
1878,14:24:58,6.1,0.0,1,610,买盘
1879,14:25:19,6.1,0.0,150,91500,买盘
1880,14:25:43,6.11,0.01,25,15256,买盘
1881,14:26:19,6.11,0.0,86,52546,买盘
1882,14:26:25,6.11,0.0,24,14664,卖盘
1883,14:26:46,6.1,-0.01,52,31720,卖盘
1884,14:26:54,6.1,0.0,187,114070,卖盘
1885,14:26:58,6.1,0.0,1,610,卖盘
1886,14:27:01,6.11,0.01,94,57416,买盘
1887,14:27:04,6.1,-0.01,62,37855,卖盘
1888,14:27:19,6.1,0.0,21,12810,卖盘
1889,14:27:21,6.1,0.0,9,5490,卖盘
1890,14:27:24,6.1,0.0,112,68420,卖盘
1891,14:27:37,6.1,0.0,13,7930,买盘
1892,14:27:45,6.1,0.0,6,3660,买盘
1893,14:28:01,6.1,0.0,53,32330,买盘
1894,14:28:04,6.09,-0.01,30,18286,卖盘
1895,14:28:16,6.1,0.01,7,4270,卖盘
1896,14:28:22,6.1,0.0,21,12810,买盘
1897,14:28:40,6.1,0.0,21,12810,买盘
1898,14:28:43,6.1,0.0,58,35380,买盘
1899,14:28:45,6.11,0.01,430,262794,买盘
1900,14:29:00,6.1,-0.01,10,6100,买盘
1901,14:29:04,6.09,-0.01,44,26796,卖盘
1902,14:29:06,6.1,0.01,50,30500,买盘
1903,14:29:10,6.1,0.0,5,3050,中性盘
1904,14:29:31,6.1,0.0,18,10980,卖盘
1905,14:29:58,6.12,0.02,244,149328,买盘
1906,14:30:01,6.12,0.0,117,71604,买盘
1907,14:30:04,6.12,0.0,92,56304,卖盘
1908,14:30:10,6.13,0.01,279,170995,买盘
1909,14:30:16,6.13,0.0,87,53331,卖盘
1910,14:30:21,6.13,0.0,2,1226,买盘
1911,14:30:28,6.14,0.01,32,19644,买盘
1912,14:30:30,6.14,0.0,116,71224,买盘
1913,14:30:37,6.14,0.0,1,614,卖盘
1914,14:30:40,6.15,0.01,99,60885,买盘
1915,14:30:42,6.15,0.0,10,6150,买盘
1916,14:30:46,6.15,0.0,4,2460,买盘
1917,14:30:52,6.15,0.0,44,27060,买盘
1918,14:30:58,6.15,0.0,113,69495,买盘
1919,14:31:04,6.15,0.0,24,14760,卖盘
1920,14:31:07,6.16,0.01,5,3080,买盘
1921,14:31:22,6.16,0.0,58,35678,买盘
1922,14:31:28,6.16,0.0,63,38788,买盘
1923,14:31:31,6.16,0.0,5,3080,买盘
1924,14:31:33,6.15,-0.01,23,14145,卖盘
1925,14:31:37,6.16,0.01,202,124427,买盘
1926,14:31:40,6.16,0.0,58,35728,卖盘
1927,14:31:43,6.16,0.0,20,12320,卖盘
1928,14:31:46,6.16,0.0,20,12320,卖盘
1929,14:31:49,6.17,0.01,217,133889,买盘
1930,14:31:52,6.17,0.0,11,6787,卖盘
1931,14:31:58,6.18,0.01,15,9270,买盘
1932,14:32:04,6.17,-0.01,1,617,卖盘
1933,14:32:07,6.18,0.01,18,11124,买盘
1934,14:32:10,6.18,0.0,15,9270,买盘
1935,14:32:16,6.17,-0.01,53,32737,卖盘
1936,14:32:18,6.17,0.0,24,14808,买盘
1937,14:32:21,6.16,-0.01,30,18490,卖盘
1938,14:32:25,6.15,-0.01,100,61599,卖盘
1939,14:32:34,6.15,0.0,5,3075,卖盘
1940,14:32:39,6.16,0.01,5,3080,买盘
1941,14:32:42,6.15,-0.01,8,4920,卖盘
1942,14:32:46,6.15,0.0,43,26445,卖盘
1943,14:33:01,6.13,-0.02,5,3065,卖盘
1944,14:33:04,6.15,0.02,43,26445,买盘
1945,14:33:07,6.15,0.0,1,615,买盘
1946,14:33:18,6.15,0.0,19,11685,买盘
1947,14:33:28,6.14,-0.01,10,6140,卖盘
1948,14:33:31,6.14,0.0,13,7982,卖盘
1949,14:33:37,6.14,0.0,10,6140,卖盘
1950,14:33:40,6.14,0.0,293,180174,卖盘
1951,14:33:46,6.14,0.0,3,1842,卖盘
1952,14:33:49,6.14,0.0,5,3070,卖盘
1953,14:33:55,6.15,0.01,38,23345,买盘
1954,14:34:01,6.15,0.0,6,3690,卖盘
1955,14:34:07,6.15,0.0,13,7995,卖盘
1956,14:34:19,6.15,0.0,20,12300,买盘
1957,14:34:27,6.15,0.0,50,30750,买盘
1958,14:34:31,6.15,0.0,272,167048,买盘
1959,14:34:36,6.15,0.0,11,6765,卖盘
1960,14:34:40,6.14,-0.01,126,77435,卖盘
1961,14:34:48,6.15,0.01,1,615,买盘
1962,14:35:01,6.14,-0.01,78,47967,卖盘
1963,14:35:07,6.14,0.0,40,24560,卖盘
1964,14:35:31,6.14,0.0,5,3070,卖盘
1965,14:35:33,6.15,0.01,21,12899,买盘
1966,14:35:37,6.14,-0.01,3,1842,卖盘
1967,14:35:40,6.15,0.01,25,15375,买盘
1968,14:35:49,6.15,0.0,88,54120,买盘
1969,14:35:52,6.15,0.0,49,30135,买盘
1970,14:36:07,6.15,0.0,30,18450,卖盘
1971,14:36:22,6.16,0.01,14,8618,买盘
1972,14:36:34,6.16,0.0,50,30800,买盘
1973,14:36:37,6.16,0.0,10,6160,买盘
1974,14:36:40,6.16,0.0,7,4312,买盘
1975,14:36:43,6.18,0.02,497,306754,买盘
1976,14:36:49,6.19,0.01,60,37100,买盘
1977,14:36:51,6.18,-0.01,63,38934,卖盘
1978,14:36:55,6.19,0.01,30,18570,买盘
1979,14:37:01,6.19,0.0,100,61880,买盘
1980,14:37:05,6.19,0.0,87,53853,买盘
1981,14:37:10,6.2,0.01,10,6198,买盘
1982,14:37:13,6.19,-0.01,63,38997,卖盘
1983,14:37:19,6.2,0.01,6,3719,买盘
1984,14:37:25,6.19,-0.01,158,97802,卖盘
1985,14:37:31,6.19,0.0,11,6809,买盘
1986,14:37:34,6.19,0.0,415,256880,买盘
1987,14:37:40,6.18,-0.01,387,239544,卖盘
1988,14:37:43,6.18,0.0,12,7416,买盘
1989,14:37:46,6.18,0.0,9,5562,买盘
1990,14:37:49,6.18,0.0,19,11742,买盘
1991,14:37:51,6.18,0.0,36,22248,买盘
1992,14:37:58,6.18,0.0,6,3708,卖盘
1993,14:38:06,6.19,0.01,12,7428,买盘
1994,14:38:10,6.18,-0.01,38,23484,卖盘
1995,14:38:19,6.19,0.01,100,61900,买盘
1996,14:38:22,6.19,0.0,20,12380,买盘
1997,14:38:24,6.19,0.0,27,16703,买盘
1998,14:38:28,6.19,0.0,8,4952,买盘
1999,14:38:31,6.18,-0.01,64,39552,卖盘
2000,14:38:36,6.19,0.01,126,77994,买盘
2001,14:38:40,6.18,-0.01,43,26604,卖盘
2002,14:38:43,6.19,0.01,6,3714,买盘
2003,14:38:46,6.19,0.0,28,17332,买盘
2004,14:38:49,6.19,0.0,54,33426,买盘
2005,14:38:51,6.19,0.0,1,619,卖盘
2006,14:38:58,6.19,0.0,10,6190,卖盘
2007,14:39:01,6.19,0.0,9,5576,卖盘
2008,14:39:04,6.2,0.01,10,6200,买盘
2009,14:39:07,6.19,-0.01,10,6190,卖盘
2010,14:39:21,6.19,0.0,4,2476,卖盘
2011,14:39:27,6.2,0.01,32,19840,买盘
2012,14:39:31,6.19,-0.01,32,19808,卖盘
2013,14:39:34,6.19,0.0,21,13014,卖盘
2014,14:39:39,6.19,0.0,10,6190,卖盘
2015,14:39:43,6.2,0.01,8,4960,买盘
2016,14:39:49,6.2,0.0,37,22940,买盘
2017,14:39:58,6.2,0.0,16,9920,买盘
2018,14:40:01,6.18,-0.02,600,370980,卖盘
2019,14:40:05,6.2,0.02,11,6820,买盘
2020,14:40:07,6.2,0.0,3,1860,买盘
2021,14:40:22,6.19,-0.01,10,6190,卖盘
2022,14:40:25,6.19,0.0,25,15475,卖盘
2023,14:40:31,6.19,0.0,21,12999,卖盘
2024,14:40:34,6.2,0.01,10,6191,买盘
2025,14:40:43,6.18,-0.02,10,6180,卖盘
2026,14:40:48,6.18,0.0,96,59428,卖盘
2027,14:40:54,6.19,0.01,67,41473,中性盘
2028,14:41:01,6.19,0.0,10,6190,卖盘
2029,14:41:04,6.19,0.0,40,24760,卖盘
2030,14:41:10,6.19,0.0,10,6190,买盘
2031,14:41:13,6.19,0.0,10,6190,卖盘
2032,14:41:16,6.19,0.0,65,40235,卖盘
2033,14:41:18,6.19,0.0,8,4952,卖盘
2034,14:41:22,6.19,0.0,17,10523,卖盘
2035,14:41:25,6.19,0.0,44,27256,卖盘
2036,14:41:34,6.19,0.0,9,5571,买盘
2037,14:41:37,6.18,-0.01,46,28471,卖盘
2038,14:41:48,6.19,0.01,25,15475,买盘
2039,14:41:52,6.19,0.0,10,6190,买盘
2040,14:41:55,6.19,0.0,4,2476,买盘
2041,14:41:58,6.19,0.0,167,103371,买盘
2042,14:42:04,6.19,0.0,35,21655,买盘
2043,14:42:13,6.19,0.0,29,17951,买盘
2044,14:42:16,6.2,0.01,15,9295,买盘
2045,14:42:28,6.2,0.0,70,43400,买盘
2046,14:42:31,6.2,0.0,29,17980,买盘
2047,14:42:34,6.2,0.0,5,3100,买盘
2048,14:42:36,6.2,0.0,9,5572,买盘
2049,14:42:46,6.2,0.0,294,182279,买盘
2050,14:42:49,6.2,0.0,150,93000,买盘
2051,14:42:51,6.19,-0.01,35,21685,卖盘
2052,14:42:55,6.2,0.01,154,95480,买盘
2053,14:43:04,6.2,0.0,21,13020,卖盘
2054,14:43:10,6.2,0.0,20,12400,卖盘
2055,14:43:13,6.21,0.01,82,50890,买盘
2056,14:43:19,6.2,-0.01,47,29140,卖盘
2057,14:43:22,6.21,0.01,100,62100,买盘
2058,14:43:28,6.21,0.0,226,140346,买盘
2059,14:43:31,6.21,0.0,70,43470,买盘
2060,14:43:34,6.21,0.0,15,9315,买盘
2061,14:43:43,6.21,0.0,100,62100,卖盘
2062,14:43:45,6.21,0.0,59,36645,卖盘
2063,14:43:52,6.21,0.0,9,5589,买盘
2064,14:43:55,6.21,0.0,24,14904,买盘
2065,14:43:58,6.21,0.0,271,168291,买盘
2066,14:44:01,6.21,0.0,14,8694,卖盘
2067,14:44:04,6.22,0.01,252,156704,买盘
2068,14:44:07,6.21,-0.01,50,31050,卖盘
2069,14:44:10,6.22,0.01,87,54114,买盘
2070,14:44:13,6.21,-0.01,14,8694,卖盘
2071,14:44:16,6.22,0.01,20,12440,买盘
2072,14:44:22,6.21,-0.01,5,3105,卖盘
2073,14:44:25,6.22,0.01,65,40430,买盘
2074,14:44:28,6.22,0.0,328,204016,买盘
2075,14:44:31,6.22,0.0,57,35454,卖盘
2076,14:44:34,6.22,0.0,100,62200,卖盘
2077,14:44:37,6.23,0.01,258,160584,买盘
2078,14:44:46,6.23,0.0,43,26769,买盘
2079,14:44:49,6.22,-0.01,96,59712,卖盘
2080,14:44:52,6.22,0.0,5,3110,买盘
2081,14:44:55,6.21,-0.01,221,137554,卖盘
2082,14:44:58,6.23,0.02,110,68520,买盘
2083,14:45:04,6.23,0.0,185,115255,买盘
2084,14:45:07,6.23,0.0,65,40445,买盘
2085,14:45:10,6.23,0.0,260,161880,买盘
2086,14:45:12,6.23,0.0,31,19313,卖盘
2087,14:45:16,6.23,0.0,43,26789,卖盘
2088,14:45:19,6.23,0.0,4,2492,买盘
2089,14:45:21,6.22,-0.01,49,30524,卖盘
2090,14:45:28,6.23,0.01,97,60364,买盘
2091,14:45:31,6.22,-0.01,144,89710,卖盘
2092,14:45:34,6.23,0.01,239,148872,买盘
2093,14:45:37,6.23,0.0,14,8711,买盘
2094,14:45:40,6.23,0.0,40,24915,买盘
2095,14:45:42,6.23,0.0,5,3115,卖盘
2096,14:45:46,6.22,-0.01,12,7474,卖盘
2097,14:45:49,6.23,0.01,21,13083,买盘
2098,14:45:55,6.22,-0.01,32,19904,卖盘
2099,14:46:00,6.22,0.0,59,36724,卖盘
2100,14:46:04,6.22,0.0,215,133850,卖盘
2101,14:46:07,6.21,-0.01,24,14925,卖盘
2102,14:46:13,6.22,0.01,41,25502,买盘
2103,14:46:16,6.22,0.0,30,18660,买盘
2104,14:46:18,6.21,-0.01,34,21114,卖盘
2105,14:46:21,6.22,0.01,20,12430,买盘
2106,14:46:24,6.21,-0.01,12,7460,卖盘
2107,14:46:28,6.21,0.0,38,23598,卖盘
2108,14:46:40,6.21,0.0,22,13662,买盘
2109,14:46:42,6.2,-0.01,1,620,卖盘
2110,14:46:52,6.2,0.0,18,11168,卖盘
2111,14:46:54,6.2,0.0,10,6200,卖盘
2112,14:46:57,6.21,0.01,10,6210,买盘
2113,14:47:00,6.21,0.0,9,5584,买盘
2114,14:47:04,6.2,-0.01,2,1240,卖盘
2115,14:47:10,6.21,0.01,19,11799,买盘
2116,14:47:13,6.21,0.0,39,24219,买盘
2117,14:47:16,6.21,0.0,146,90666,卖盘
2118,14:47:19,6.21,0.0,21,13051,卖盘
2119,14:47:25,6.21,0.0,104,64584,卖盘
2120,14:47:33,6.21,0.0,2,1242,买盘
2121,14:47:37,6.21,0.0,80,49680,买盘
2122,14:47:43,6.21,0.0,63,39123,卖盘
2123,14:47:45,6.21,0.0,23,14283,卖盘
2124,14:47:52,6.21,0.0,71,44094,卖盘
2125,14:47:55,6.21,0.0,52,32292,卖盘
2126,14:48:01,6.21,0.0,20,12420,买盘
2127,14:48:04,6.21,0.0,25,15520,买盘
2128,14:48:13,6.21,0.0,2,1242,买盘
2129,14:48:16,6.21,0.0,12,7452,买盘
2130,14:48:22,6.21,0.0,19,11796,买盘
2131,14:48:25,6.21,0.0,20,12420,买盘
2132,14:48:34,6.22,0.01,537,333557,买盘
2133,14:48:36,6.2,-0.02,8,4960,卖盘
2134,14:48:40,6.21,0.01,14,8681,买盘
2135,14:48:43,6.2,-0.01,5,3100,卖盘
2136,14:48:49,6.2,0.0,4,2480,卖盘
2137,14:48:55,6.2,0.0,5,3100,卖盘
2138,14:49:05,6.21,0.01,1,621,买盘
2139,14:49:07,6.2,-0.01,48,29760,卖盘
2140,14:49:10,6.21,0.01,4,2484,买盘
2141,14:49:19,6.2,-0.01,9,5580,卖盘
2142,14:49:28,6.2,0.0,9,5580,卖盘
2143,14:49:30,6.2,0.0,10,6200,卖盘
2144,14:49:34,6.2,0.0,71,44020,卖盘
2145,14:49:40,6.2,0.0,13,8060,卖盘
2146,14:49:49,6.21,0.01,20,12420,买盘
2147,14:49:54,6.21,0.0,18,11168,买盘
2148,14:49:58,6.2,-0.01,77,47744,卖盘
2149,14:50:00,6.21,0.01,49,30429,买盘
2150,14:50:04,6.2,-0.01,30,18615,卖盘
2151,14:50:07,6.21,0.01,17,10557,买盘
2152,14:50:13,6.2,-0.01,237,146940,卖盘
2153,14:50:16,6.2,0.0,20,12400,卖盘
2154,14:50:19,6.21,0.01,35,21705,买盘
2155,14:50:22,6.2,-0.01,213,132197,卖盘
2156,14:50:25,6.2,0.0,13,8060,卖盘
2157,14:50:28,6.2,0.0,17,10542,卖盘
2158,14:50:31,6.2,0.0,2,1240,卖盘
2159,14:50:36,6.2,0.0,70,43400,卖盘
2160,14:50:40,6.2,0.0,30,18600,卖盘
2161,14:50:42,6.2,0.0,217,134540,卖盘
2162,14:50:45,6.2,0.0,17,10540,卖盘
2163,14:50:48,6.2,0.0,29,17980,卖盘
2164,14:50:52,6.2,0.0,41,25420,卖盘
2165,14:50:55,6.2,0.0,40,24810,卖盘
2166,14:50:58,6.2,0.0,3,1860,卖盘
2167,14:51:01,6.2,0.0,139,86283,卖盘
2168,14:51:04,6.2,0.0,259,160818,买盘
2169,14:51:10,6.2,0.0,9,5580,买盘
2170,14:51:12,6.19,-0.01,30,18570,卖盘
2171,14:51:15,6.2,0.01,49,30360,买盘
2172,14:51:19,6.22,0.02,900,559217,买盘
2173,14:51:25,6.21,-0.01,9,5589,卖盘
2174,14:51:28,6.21,0.0,77,47817,卖盘
2175,14:51:31,6.24,0.03,1745,1087721,买盘
2176,14:51:34,6.22,-0.02,19,11818,中性盘
2177,14:51:36,6.2,-0.02,6,3720,卖盘
2178,14:51:39,6.22,0.02,39,24258,买盘
2179,14:51:46,6.22,0.0,1,622,卖盘
2180,14:51:49,6.22,0.0,3,1866,卖盘
2181,14:51:55,6.23,0.01,18,11214,买盘
2182,14:51:57,6.22,-0.01,23,14316,卖盘
2183,14:52:01,6.22,0.0,10,6220,卖盘
2184,14:52:04,6.24,0.02,52,32428,买盘
2185,14:52:06,6.23,-0.01,24,14952,卖盘
2186,14:52:09,6.23,0.0,41,25543,买盘
2187,14:52:13,6.23,0.0,50,31138,买盘
2188,14:52:16,6.23,0.0,33,20559,买盘
2189,14:52:19,6.22,-0.01,58,36088,卖盘
2190,14:52:22,6.24,0.02,364,227070,买盘
2191,14:52:25,6.22,-0.02,50,31103,卖盘
2192,14:52:28,6.23,0.01,16,9983,卖盘
2193,14:52:31,6.24,0.01,10,6233,买盘
2194,14:52:34,6.24,0.0,37,23081,买盘
2195,14:52:40,6.24,0.0,61,38054,买盘
2196,14:52:43,6.24,0.0,68,42432,买盘
2197,14:52:46,6.24,0.0,55,34320,买盘
2198,14:52:49,6.24,0.0,42,26199,买盘
2199,14:52:52,6.24,0.0,10,6240,买盘
2200,14:52:54,6.24,0.0,69,43056,买盘
2201,14:52:57,6.24,0.0,8,4992,卖盘
2202,14:53:00,6.25,0.01,51,31832,买盘
2203,14:53:04,6.25,0.0,25,15624,买盘
2204,14:53:07,6.24,-0.01,61,38065,卖盘
2205,14:53:09,6.24,0.0,6,3744,卖盘
2206,14:53:12,6.25,0.01,347,216817,买盘
2207,14:53:16,6.25,0.0,151,94325,买盘
2208,14:53:19,6.25,0.0,786,491250,买盘
2209,14:53:22,6.25,0.0,141,88125,买盘
2210,14:53:25,6.25,0.0,47,29375,卖盘
2211,14:53:28,6.25,0.0,204,127410,卖盘
2212,14:53:31,6.26,0.01,30,18780,买盘
2213,14:53:34,6.26,0.0,100,62600,买盘
2214,14:53:40,6.26,0.0,210,131460,买盘
2215,14:53:43,6.26,0.0,7,4382,卖盘
2216,14:53:46,6.26,0.0,26,16300,卖盘
2217,14:53:49,6.27,0.01,121,75825,买盘
2218,14:53:52,6.26,-0.01,163,102194,卖盘
2219,14:53:54,6.27,0.01,174,108990,买盘
2220,14:53:58,6.26,-0.01,16,10019,卖盘
2221,14:54:01,6.28,0.02,247,154934,买盘
2222,14:54:04,6.27,-0.01,13,8151,卖盘
2223,14:54:07,6.27,0.0,386,242355,卖盘
2224,14:54:10,6.27,0.0,208,130342,卖盘
2225,14:54:13,6.28,0.01,388,243641,买盘
2226,14:54:16,6.27,-0.01,346,216245,买盘
2227,14:54:19,6.27,0.0,69,43263,买盘
2228,14:54:21,6.27,0.0,136,85282,买盘
2229,14:54:25,6.27,0.0,25,15675,卖盘
2230,14:54:28,6.27,0.0,175,109794,卖盘
2231,14:54:31,6.27,0.0,48,30098,卖盘
2232,14:54:34,6.27,0.0,770,483171,买盘
2233,14:54:36,6.28,0.01,295,185126,买盘
2234,14:54:40,6.28,0.0,155,97340,卖盘
2235,14:54:42,6.28,0.0,165,103620,卖盘
2236,14:54:45,6.28,0.0,171,107399,卖盘
2237,14:54:49,6.28,0.0,80,50240,卖盘
2238,14:54:52,6.28,0.0,88,55270,买盘
2239,14:54:55,6.27,-0.01,74,46443,卖盘
2240,14:54:58,6.28,0.01,12,7536,买盘
2241,14:55:01,6.28,0.0,223,139650,买盘
2242,14:55:04,6.29,0.01,728,456996,买盘
2243,14:55:07,6.29,0.0,39,24484,买盘
2244,14:55:10,6.28,-0.01,68,42601,中性盘
2245,14:55:13,6.28,0.0,25,15695,买盘
2246,14:55:15,6.28,0.0,2,1256,买盘
2247,14:55:19,6.28,0.0,63,39564,买盘
2248,14:55:22,6.27,-0.01,20,12538,中性盘
2249,14:55:25,6.27,0.0,4,2508,买盘
2250,14:55:31,6.27,0.0,12,7514,买盘
2251,14:55:34,6.27,0.0,156,97773,买盘
2252,14:55:36,6.27,0.0,26,16298,买盘
2253,14:55:39,6.25,-0.02,364,228098,卖盘
2254,14:55:43,6.27,0.02,46,28825,买盘
2255,14:55:46,6.27,0.0,20,12540,买盘
2256,14:55:49,6.27,0.0,117,73339,买盘
2257,14:55:52,6.26,-0.01,98,61430,中性盘
2258,14:55:55,6.25,-0.01,107,66977,卖盘
2259,14:55:57,6.27,0.02,22,13791,买盘
2260,14:56:01,6.26,-0.01,97,60685,卖盘
2261,14:56:04,6.26,0.0,362,226931,卖盘
2262,14:56:07,6.26,0.0,39,24419,卖盘
2263,14:56:10,6.26,0.0,67,41942,买盘
2264,14:56:13,6.27,0.01,127,79594,买盘
2265,14:56:16,6.26,-0.01,51,31926,卖盘
2266,14:56:18,6.26,0.0,5,3130,卖盘
2267,14:56:21,6.26,0.0,48,30058,卖盘
2268,14:56:24,6.26,0.0,38,23792,卖盘
2269,14:56:28,6.27,0.01,70,43884,买盘
2270,14:56:31,6.27,0.0,20,12540,买盘
2271,14:56:33,6.27,0.0,86,53922,买盘
2272,14:56:37,6.27,0.0,40,25080,买盘
2273,14:56:40,6.27,0.0,94,58938,买盘
2274,14:56:42,6.27,0.0,42,26324,买盘
2275,14:56:46,6.27,0.0,80,50160,买盘
2276,14:56:49,6.27,0.0,160,100272,买盘
2277,14:56:52,6.27,0.0,62,38828,买盘
2278,14:56:55,6.27,0.0,50,31340,买盘
2279,14:56:57,6.27,0.0,3,1881,买盘
2280,14:57:00,6.27,0.0,130,81500,买盘
2281,15:00:04,6.28,0.01,4258,2674024,卖盘
