,time,price,change,volume,amount,type
0,09:25:05,27.1,-0.44,130,352300,买盘
1,09:30:05,27.15,0.05,58,158615,中性盘
2,09:30:07,27.31,0.16,71,193119,中性盘
3,09:30:13,27.33,0.02,27,73743,买盘
4,09:30:16,27.33,0.0,5,13665,卖盘
5,09:30:25,27.33,0.0,1,2733,卖盘
6,09:30:31,27.48,0.15,20,54960,买盘
7,09:30:37,27.48,0.0,23,62924,买盘
8,09:30:40,27.48,0.0,34,93432,卖盘
9,09:30:43,27.54,0.06,10,27535,买盘
10,09:30:46,27.48,-0.06,10,27480,卖盘
11,09:30:55,27.51,0.03,20,55010,中性盘
12,09:30:58,27.51,0.0,45,123856,卖盘
13,09:31:01,27.54,0.03,3,8262,买盘
14,09:31:07,27.51,-0.03,16,46262,卖盘
15,09:31:16,27.65,0.14,2,5519,买盘
16,09:31:22,27.65,0.0,38,105001,买盘
17,09:31:28,27.65,0.0,2,5530,卖盘
18,09:31:31,27.65,0.0,6,16590,卖盘
19,09:31:34,27.65,0.0,13,35945,买盘
20,09:31:40,27.65,0.0,28,77420,买盘
21,09:31:43,27.65,0.0,11,30405,买盘
22,09:31:46,27.66,0.01,5,13826,买盘
23,09:31:49,27.66,0.0,1,2766,买盘
24,09:31:52,27.65,-0.01,15,41475,卖盘
25,09:31:55,27.65,0.0,74,204618,卖盘
26,09:31:58,27.66,0.01,6,16596,中性盘
27,09:32:07,27.65,-0.01,4,11062,卖盘
28,09:32:10,27.68,0.03,27,74735,买盘
29,09:32:13,27.65,-0.03,18,49789,卖盘
30,09:32:16,27.67,0.02,6,16602,买盘
31,09:32:19,27.67,0.0,9,24903,买盘
32,09:32:22,27.71,0.04,12,33228,买盘
33,09:32:25,27.66,-0.05,37,102507,卖盘
34,09:32:37,27.67,0.01,2,5534,卖盘
35,09:32:40,27.71,0.04,1,2771,中性盘
36,09:32:43,27.75,0.04,20,55485,买盘
37,09:32:49,27.74,-0.01,12,33293,中性盘
38,09:32:52,27.78,0.04,54,150012,中性盘
39,09:32:55,27.82,0.04,3,8342,中性盘
40,09:32:58,27.78,-0.04,22,61219,卖盘
41,09:33:01,27.75,-0.03,21,58284,卖盘
42,09:33:04,27.92,0.17,8,22330,买盘
43,09:33:07,27.92,0.0,20,55840,卖盘
44,09:33:13,27.95,0.03,4,11180,买盘
45,09:33:19,27.9,-0.05,56,156366,卖盘
46,09:33:22,27.79,-0.11,27,75258,卖盘
47,09:33:25,27.78,-0.01,1,2778,买盘
48,09:33:28,27.87,0.09,11,30621,买盘
49,09:33:34,27.85,-0.02,91,253299,买盘
50,09:33:37,27.97,0.12,102,284851,买盘
51,09:33:46,27.85,-0.12,3,8355,买盘
52,09:33:58,27.88,0.03,39,108627,买盘
53,09:34:01,27.84,-0.04,1,2784,中性盘
54,09:34:04,27.85,0.01,14,38990,卖盘
55,09:34:07,27.85,0.0,4,11140,卖盘
56,09:34:10,27.86,0.01,2,5572,中性盘
57,09:34:13,27.88,0.02,10,27876,买盘
58,09:34:19,27.87,-0.01,12,33444,买盘
59,09:34:22,27.85,-0.02,10,27860,卖盘
60,09:34:25,27.68,-0.17,50,138551,卖盘
61,09:34:37,27.85,0.17,21,58476,买盘
62,09:34:43,27.85,0.0,32,89120,买盘
63,09:34:46,27.85,0.0,1,2785,卖盘
64,09:34:49,27.85,0.0,13,36205,卖盘
65,09:34:52,27.8,-0.05,20,55625,卖盘
66,09:34:55,27.86,0.06,6,16714,买盘
67,09:34:58,27.8,-0.06,3,8340,卖盘
68,09:35:01,27.86,0.06,14,38970,买盘
69,09:35:04,27.86,0.0,30,83580,卖盘
70,09:35:07,27.88,0.02,30,83635,买盘
71,09:35:10,27.88,0.0,4,11152,卖盘
72,09:35:13,27.86,-0.02,6,16720,卖盘
73,09:35:19,27.86,0.0,12,33432,卖盘
74,09:35:22,27.88,0.02,24,66894,买盘
75,09:35:28,27.86,-0.02,4,11145,卖盘
76,09:35:31,27.88,0.02,1,2788,买盘
77,09:35:34,27.88,0.0,1,2788,卖盘
78,09:35:40,27.94,0.06,27,75352,买盘
79,09:35:43,27.88,-0.06,2,5576,卖盘
80,09:35:52,27.93,0.05,17,47481,卖盘
81,09:35:55,27.94,0.01,53,147996,买盘
82,09:35:58,27.94,0.0,1,2794,买盘
83,09:36:01,27.95,0.01,31,86633,买盘
84,09:36:07,27.93,-0.02,12,33516,中性盘
85,09:36:13,27.93,0.0,56,156408,买盘
86,09:36:19,27.91,-0.02,50,139550,卖盘
87,09:36:22,27.93,0.02,50,139545,买盘
88,09:36:25,27.91,-0.02,32,89370,中性盘
89,09:36:28,27.94,0.03,47,131281,买盘
90,09:36:31,27.9,-0.04,10,27916,卖盘
91,09:36:34,27.9,0.0,1,2790,买盘
92,09:36:37,27.9,0.0,21,58590,买盘
93,09:36:40,27.87,-0.03,66,184019,卖盘
94,09:36:43,27.87,0.0,23,64101,卖盘
95,09:36:49,27.87,0.0,1,2787,卖盘
96,09:36:52,27.88,0.01,21,58570,卖盘
97,09:36:55,27.88,0.0,10,27880,卖盘
98,09:36:58,27.88,0.0,5,13940,卖盘
99,09:37:01,27.88,0.0,10,27880,卖盘
100,09:37:07,27.88,0.0,4,11156,卖盘
101,09:37:10,27.88,0.0,18,50184,卖盘
102,09:37:13,27.87,-0.01,1,2787,卖盘
103,09:37:19,27.87,0.0,5,13935,卖盘
104,09:37:22,27.87,0.0,24,66888,卖盘
105,09:37:25,27.9,0.03,123,343065,买盘
106,09:37:28,27.89,-0.01,2,5578,卖盘
107,09:37:34,27.9,0.01,17,47430,买盘
108,09:37:40,27.9,0.0,3,8370,买盘
109,09:37:43,27.9,0.0,28,78107,卖盘
110,09:37:46,27.89,-0.01,10,27902,卖盘
111,09:37:49,27.9,0.01,20,55800,中性盘
112,09:37:55,27.9,0.0,25,69750,买盘
113,09:38:01,27.91,0.01,15,41863,买盘
114,09:38:04,27.91,0.0,37,103265,买盘
115,09:38:07,27.92,0.01,2,5584,卖盘
116,09:38:10,27.92,0.0,15,41887,卖盘
117,09:38:13,27.94,0.02,38,106126,买盘
118,09:38:16,27.97,0.03,166,464169,买盘
119,09:38:22,27.99,0.02,127,355377,买盘
120,09:38:28,28.01,0.02,125,349991,买盘
121,09:38:34,28.04,0.03,7,19628,卖盘
122,09:38:40,28.05,0.01,2,5610,买盘
123,09:38:43,28.17,0.12,76,213857,买盘
124,09:38:46,28.05,-0.12,5,14025,卖盘
125,09:38:49,28.13,0.08,64,179775,买盘
126,09:38:52,28.15,0.02,5,14075,中性盘
127,09:38:55,28.17,0.02,5,14077,买盘
128,09:38:58,28.17,0.0,3,8443,买盘
129,09:39:01,28.17,0.0,5,14085,买盘
130,09:39:04,28.15,-0.02,5,14075,中性盘
131,09:39:07,28.1,-0.05,34,95605,卖盘
132,09:39:10,28.09,-0.01,11,30899,买盘
133,09:39:16,28.13,0.04,45,126625,买盘
134,09:39:19,28.13,0.0,2,5626,买盘
135,09:39:22,28.05,-0.08,96,270041,卖盘
136,09:39:25,28.06,0.01,15,42084,买盘
137,09:39:28,28.09,0.03,29,81452,卖盘
138,09:39:31,28.09,0.0,17,47753,卖盘
139,09:39:34,28.02,-0.07,7,19622,卖盘
140,09:39:43,28.14,0.12,113,317688,买盘
141,09:39:46,28.1,-0.04,7,19670,卖盘
142,09:39:55,28.12,0.02,5,14062,卖盘
143,09:39:58,28.14,0.02,40,112560,买盘
144,09:40:01,28.11,-0.03,33,92818,卖盘
145,09:40:04,28.12,0.01,40,112324,买盘
146,09:40:10,28.12,0.0,28,78736,买盘
147,09:40:19,28.15,0.03,18,50651,买盘
148,09:40:22,28.12,-0.03,22,61864,卖盘
149,09:40:25,28.1,-0.02,58,163040,卖盘
150,09:40:40,28.12,0.02,71,199669,买盘
151,09:40:46,28.12,0.0,1,2812,卖盘
152,09:40:49,28.11,-0.01,32,89923,买盘
153,09:40:52,28.15,0.04,8,22520,买盘
154,09:40:55,28.12,-0.03,2,5624,卖盘
155,09:40:58,28.12,0.0,7,19693,卖盘
156,09:41:01,28.16,0.04,23,64763,买盘
157,09:41:04,28.12,-0.04,36,101232,卖盘
158,09:41:10,28.16,0.04,63,177231,买盘
159,09:41:19,28.1,-0.06,107,300913,卖盘
160,09:41:25,28.15,0.05,83,233633,买盘
161,09:41:28,28.16,0.01,9,25344,买盘
162,09:41:31,28.15,-0.01,3,8445,卖盘
163,09:41:34,28.15,0.0,65,182975,卖盘
164,09:41:37,28.16,0.01,35,98545,买盘
165,09:41:40,28.15,-0.01,26,73206,卖盘
166,09:41:43,28.15,0.0,15,42225,卖盘
167,09:41:46,28.13,-0.02,90,253368,卖盘
168,09:41:49,28.16,0.03,76,214040,买盘
169,09:41:58,28.16,0.0,36,101342,买盘
170,09:42:01,28.18,0.02,44,123955,买盘
171,09:42:04,28.18,0.0,66,186044,卖盘
172,09:42:13,28.2,0.02,50,141000,买盘
173,09:42:16,28.25,0.05,33,93113,买盘
174,09:42:22,28.22,-0.03,20,56494,卖盘
175,09:42:25,28.29,0.07,57,161182,买盘
176,09:42:28,28.26,-0.03,5,14130,卖盘
177,09:42:31,28.29,0.03,2,5658,买盘
178,09:42:34,28.3,0.01,1,2830,买盘
179,09:42:37,28.29,-0.01,5,14145,卖盘
180,09:42:40,28.3,0.01,14,39620,买盘
181,09:42:43,28.3,0.0,5,14150,买盘
182,09:42:46,28.3,0.0,21,59430,卖盘
183,09:42:49,28.3,0.0,13,36817,卖盘
184,09:42:55,28.33,0.03,2,5666,买盘
185,09:42:58,28.33,0.0,11,31183,卖盘
186,09:43:04,28.36,0.03,9,25524,买盘
187,09:43:07,28.33,-0.03,50,141653,卖盘
188,09:43:13,28.36,0.03,4,11344,卖盘
189,09:43:16,28.4,0.04,453,1286244,买盘
190,09:43:19,28.4,0.0,27,76680,卖盘
191,09:43:22,28.4,0.0,8,22720,卖盘
192,09:43:31,28.58,0.18,305,870581,买盘
193,09:43:34,28.58,0.0,25,71450,卖盘
194,09:43:37,28.58,0.0,34,97206,卖盘
195,09:43:40,28.58,0.0,43,122894,卖盘
196,09:43:43,28.68,0.1,23,65900,买盘
197,09:43:49,28.6,-0.08,20,57315,卖盘
198,09:43:55,28.68,0.08,70,200676,买盘
199,09:43:58,28.63,-0.05,9,25767,中性盘
200,09:44:01,28.58,-0.05,97,277838,卖盘
201,09:44:04,28.68,0.1,89,254773,买盘
202,09:44:07,28.68,0.0,4,11472,买盘
203,09:44:10,28.63,-0.05,99,283686,中性盘
204,09:44:13,28.58,-0.05,37,105921,卖盘
205,09:44:16,28.68,0.1,10,28680,买盘
206,09:44:19,28.68,0.0,44,126010,买盘
207,09:44:22,28.74,0.06,5,14352,买盘
208,09:44:25,28.67,-0.07,39,111848,卖盘
209,09:44:28,28.63,-0.04,2,5725,买盘
210,09:44:31,28.63,0.0,19,54349,买盘
211,09:44:34,28.63,0.0,104,297543,买盘
212,09:44:37,28.62,-0.01,1,2862,中性盘
213,09:44:40,28.63,0.01,6,17178,买盘
214,09:44:43,28.63,0.0,55,157501,卖盘
215,09:44:46,28.62,-0.01,87,249053,卖盘
216,09:44:49,28.62,0.0,23,65830,卖盘
217,09:44:52,28.6,-0.02,60,171500,买盘
218,09:44:55,28.58,-0.02,102,291863,卖盘
219,09:45:04,28.6,0.02,2,5720,卖盘
220,09:45:07,28.5,-0.1,84,240030,卖盘
221,09:45:10,28.58,0.08,19,54304,中性盘
222,09:45:13,28.62,0.04,50,143071,买盘
223,09:45:16,28.58,-0.04,21,60030,卖盘
224,09:45:19,28.55,-0.03,26,74280,卖盘
225,09:45:22,28.58,0.03,32,91321,买盘
226,09:45:25,28.6,0.02,112,320112,买盘
227,09:45:28,28.59,-0.01,12,34308,卖盘
228,09:45:31,28.58,-0.01,12,34304,卖盘
229,09:45:34,28.6,0.02,10,28600,买盘
230,09:45:37,28.5,-0.1,47,134104,卖盘
231,09:45:43,28.58,0.08,11,31438,买盘
232,09:45:46,28.45,-0.13,16,45615,卖盘
233,09:45:49,28.5,0.05,50,142500,中性盘
234,09:45:52,28.6,0.1,700,2001823,买盘
235,09:45:55,28.5,-0.1,5,14250,卖盘
236,09:46:04,28.51,0.01,73,207602,卖盘
237,09:46:07,28.53,0.02,2,5706,卖盘
238,09:46:13,28.53,0.0,10,28530,卖盘
239,09:46:16,28.51,-0.02,10,28522,卖盘
240,09:46:28,28.58,0.07,33,94264,买盘
241,09:46:31,28.51,-0.07,19,54171,卖盘
242,09:46:37,28.52,0.01,10,28520,卖盘
243,09:46:40,28.58,0.06,21,60018,买盘
244,09:46:49,28.58,0.0,6,17148,买盘
245,09:46:55,28.59,0.01,1,2859,买盘
246,09:46:58,28.59,0.0,2,5718,买盘
247,09:47:01,28.59,0.0,5,15180,买盘
248,09:47:04,28.59,0.0,13,37167,卖盘
249,09:47:07,28.59,0.0,13,37167,卖盘
250,09:47:10,28.65,0.06,74,211883,买盘
251,09:47:16,28.68,0.03,80,229022,买盘
252,09:47:19,28.6,-0.08,2,5720,卖盘
253,09:47:22,28.7,0.1,60,172162,买盘
254,09:47:25,28.6,-0.1,26,74388,卖盘
255,09:47:28,28.7,0.1,10,28643,买盘
256,09:47:31,28.7,0.0,1,2870,买盘
257,09:47:34,28.68,-0.02,5,14340,卖盘
258,09:47:37,28.7,0.02,16,45920,买盘
259,09:47:40,28.69,-0.01,10,28689,中性盘
260,09:47:43,28.65,-0.04,40,114676,卖盘
261,09:47:46,28.69,0.04,26,74594,买盘
262,09:47:52,28.69,0.0,10,28690,买盘
263,09:47:55,28.7,0.01,31,88952,买盘
264,09:47:58,28.69,-0.01,5,14345,卖盘
265,09:48:04,28.69,0.0,43,123367,卖盘
266,09:48:07,28.69,0.0,6,17214,卖盘
267,09:48:13,28.69,0.0,9,25821,卖盘
268,09:48:19,28.68,-0.01,22,63042,买盘
269,09:48:22,28.6,-0.08,30,85821,卖盘
270,09:48:37,28.6,0.0,67,191720,卖盘
271,09:48:40,28.6,0.0,8,22880,卖盘
272,09:48:43,28.6,0.0,4,11440,卖盘
273,09:48:46,28.6,0.0,8,22880,买盘
274,09:48:49,28.58,-0.02,2,5716,卖盘
275,09:48:52,28.58,0.0,4,11432,卖盘
276,09:48:58,28.58,0.0,12,34286,买盘
277,09:49:04,28.54,-0.04,40,114163,卖盘
278,09:49:07,28.55,0.01,7,19985,买盘
279,09:49:10,28.58,0.03,12,34295,买盘
280,09:49:13,28.55,-0.03,1,2855,卖盘
281,09:49:16,28.55,0.0,19,54245,卖盘
282,09:49:19,28.54,-0.01,12,34251,卖盘
283,09:49:28,28.54,0.0,3,8562,买盘
284,09:49:31,28.54,0.0,28,79912,买盘
285,09:49:37,28.55,0.01,30,85650,买盘
286,09:49:43,28.54,-0.01,6,17124,卖盘
287,09:49:46,28.55,0.01,6,17130,买盘
288,09:49:52,28.55,0.0,21,59955,买盘
289,09:50:04,28.54,-0.01,5,14270,卖盘
290,09:50:07,28.55,0.01,53,151285,买盘
291,09:50:25,28.55,0.0,20,57100,买盘
292,09:50:28,28.52,-0.03,1,2852,卖盘
293,09:50:37,28.52,0.0,13,37081,卖盘
294,09:50:40,28.54,0.02,2,5708,买盘
295,09:50:43,28.5,-0.04,97,274326,卖盘
296,09:50:46,28.55,0.05,44,127684,买盘
297,09:50:49,28.55,0.0,6,14932,卖盘
298,09:50:52,28.52,-0.03,46,131192,买盘
299,09:50:58,28.41,-0.11,48,136571,卖盘
300,09:51:01,28.41,0.0,5,14205,买盘
301,09:51:04,28.41,0.0,10,28410,买盘
302,09:51:16,28.41,0.0,12,34092,买盘
303,09:51:28,28.41,0.0,30,85230,卖盘
304,09:51:31,28.42,0.01,1,2842,买盘
305,09:51:34,28.41,-0.01,4,11364,卖盘
306,09:51:37,28.42,0.01,1,2842,买盘
307,09:51:40,28.41,-0.01,5,14205,卖盘
308,09:51:46,28.41,0.0,2,5682,卖盘
309,09:51:55,28.41,0.0,13,36941,卖盘
310,09:52:07,28.42,0.01,13,36946,卖盘
311,09:52:10,28.42,0.0,10,28420,卖盘
312,09:52:13,28.42,0.0,2,5684,买盘
313,09:52:19,28.42,0.0,28,79576,买盘
314,09:52:25,28.42,0.0,25,71817,买盘
315,09:52:31,28.5,0.08,60,170908,买盘
316,09:52:43,28.45,-0.05,71,202337,卖盘
317,09:52:58,28.5,0.05,20,57000,买盘
318,09:53:13,28.45,-0.05,9,25607,卖盘
319,09:53:22,28.42,-0.03,130,369993,卖盘
320,09:53:34,28.5,0.08,12,34165,买盘
321,09:53:37,28.5,0.0,1,2850,买盘
322,09:53:43,28.5,0.0,2,5700,卖盘
323,09:53:49,28.5,0.0,7,19950,卖盘
324,09:53:58,28.53,0.03,12,34236,买盘
325,09:54:01,28.53,0.0,2,5050,买盘
326,09:54:07,28.53,0.0,13,37745,卖盘
327,09:54:10,28.5,-0.03,3,8550,卖盘
328,09:54:13,28.55,0.05,24,68490,买盘
329,09:54:16,28.5,-0.05,1,2850,卖盘
330,09:54:19,28.53,0.03,12,34236,买盘
331,09:54:31,28.53,0.0,38,108414,买盘
332,09:54:34,28.53,0.0,37,105561,卖盘
333,09:54:37,28.53,0.0,11,31383,卖盘
334,09:54:40,28.53,0.0,36,104420,卖盘
335,09:54:43,28.53,0.0,7,18259,卖盘
336,09:54:46,28.55,0.02,224,640501,买盘
337,09:54:49,28.55,0.0,4,11420,卖盘
338,09:54:52,28.55,0.0,1,2855,卖盘
339,09:55:01,28.58,0.03,23,65725,买盘
340,09:55:04,28.55,-0.03,5,14275,卖盘
341,09:55:10,28.58,0.03,86,245945,买盘
342,09:55:16,28.55,-0.03,12,34273,卖盘
343,09:55:19,28.59,0.04,1,2859,买盘
344,09:55:22,28.55,-0.04,56,159880,卖盘
345,09:55:31,28.55,0.0,3,8569,卖盘
346,09:55:34,28.58,0.03,5,14290,中性盘
347,09:55:40,28.55,-0.03,8,22840,卖盘
348,09:55:46,28.58,0.03,2,5716,买盘
349,09:55:55,28.59,0.01,10,28586,买盘
350,09:55:58,28.59,0.0,9,25731,买盘
351,09:56:01,28.59,0.0,3,8577,卖盘
352,09:56:07,28.6,0.01,24,68626,买盘
353,09:56:13,28.55,-0.05,1,2855,卖盘
354,09:56:16,28.55,0.0,21,60055,卖盘
355,09:56:19,28.62,0.07,31,88708,买盘
356,09:56:22,28.65,0.03,11,31495,买盘
357,09:56:25,28.63,-0.02,5,14315,卖盘
358,09:56:28,28.65,0.02,1,2865,买盘
359,09:56:31,28.65,0.0,12,34380,买盘
360,09:56:37,28.65,0.0,2,5730,买盘
361,09:56:40,28.67,0.02,51,146179,买盘
362,09:56:43,28.63,-0.04,2,5726,卖盘
363,09:56:46,28.65,0.02,4,11460,买盘
364,09:56:49,28.65,0.0,1,2865,买盘
365,09:56:52,28.65,0.0,4,11460,买盘
366,09:56:55,28.65,0.0,12,34380,买盘
367,09:57:04,28.65,0.0,16,45840,买盘
368,09:57:07,28.65,0.0,2,5729,买盘
369,09:57:13,28.63,-0.02,2,5726,卖盘
370,09:57:16,28.63,0.0,54,154624,卖盘
371,09:57:22,28.63,0.0,10,28630,卖盘
372,09:57:25,28.67,0.04,20,57328,买盘
373,09:57:31,28.55,-0.12,50,142926,卖盘
374,09:57:33,28.67,0.12,15,43001,买盘
375,09:57:37,28.67,0.0,5,14335,卖盘
376,09:57:40,28.66,-0.01,1,2866,中性盘
377,09:58:10,28.69,0.03,164,470307,买盘
378,09:58:16,28.67,-0.02,2,5734,卖盘
379,09:58:19,28.67,0.0,1,2867,卖盘
380,09:58:22,28.69,0.02,100,286900,买盘
381,09:58:25,28.67,-0.02,20,57358,卖盘
382,09:58:31,28.7,0.03,26,74602,买盘
383,09:58:34,28.67,-0.03,2,5734,卖盘
384,09:58:37,28.69,0.02,12,34428,买盘
385,09:58:40,28.67,-0.02,3,8601,卖盘
386,09:58:43,28.69,0.02,3,8607,买盘
387,09:58:49,28.69,0.0,1,2869,买盘
388,09:58:52,28.69,0.0,40,114760,买盘
389,09:58:55,28.67,-0.02,5,14335,卖盘
390,09:59:01,28.69,0.02,20,57370,买盘
391,09:59:04,28.67,-0.02,1,2867,中性盘
392,09:59:07,28.67,0.0,3,8601,买盘
393,09:59:16,28.69,0.02,27,77442,买盘
394,09:59:19,28.67,-0.02,3,8601,买盘
395,09:59:40,28.67,0.0,120,344040,买盘
396,09:59:42,28.61,-0.06,1,2861,卖盘
397,09:59:45,28.62,0.01,1,2862,中性盘
398,09:59:55,28.64,0.02,7,20048,卖盘
399,09:59:58,28.65,0.01,21,60165,买盘
400,10:00:04,28.62,-0.03,10,28620,卖盘
401,10:00:07,28.65,0.03,2,5730,买盘
402,10:00:10,28.64,-0.01,21,60145,卖盘
403,10:00:25,28.6,-0.04,1,2860,卖盘
404,10:00:31,28.64,0.04,12,34366,买盘
405,10:00:34,28.6,-0.04,23,65780,卖盘
406,10:00:43,28.63,0.03,9,25767,买盘
407,10:00:46,28.6,-0.03,53,151580,卖盘
408,10:00:49,28.6,0.0,25,71500,卖盘
409,10:00:51,28.6,0.0,9,25740,卖盘
410,10:00:55,28.6,0.0,10,28600,买盘
411,10:01:07,28.58,-0.02,30,85740,卖盘
412,10:01:13,28.6,0.02,2,5718,买盘
413,10:01:15,28.6,0.0,20,57200,卖盘
414,10:01:19,28.58,-0.02,4,11432,卖盘
415,10:01:22,28.58,0.0,6,17148,买盘
416,10:01:25,28.6,0.02,2,5720,中性盘
417,10:01:31,28.6,0.0,1,2860,卖盘
418,10:01:34,28.58,-0.02,2,5718,卖盘
419,10:01:37,28.6,0.02,10,28600,中性盘
420,10:01:40,28.6,0.0,1,2860,卖盘
421,10:01:43,28.6,0.0,4,11440,卖盘
422,10:01:46,28.62,0.02,14,40052,中性盘
423,10:02:01,28.62,0.0,6,17172,买盘
424,10:02:04,28.62,0.0,19,54387,卖盘
425,10:02:10,28.61,-0.01,18,51498,卖盘
426,10:02:16,28.61,0.0,3,8583,买盘
427,10:02:25,28.61,0.0,80,228880,买盘
428,10:02:31,28.61,0.0,25,71525,买盘
429,10:02:34,28.62,0.01,18,51508,买盘
430,10:02:37,28.62,0.0,5,14310,卖盘
431,10:02:40,28.61,-0.01,30,85830,卖盘
432,10:02:43,28.62,0.01,5,14310,买盘
433,10:02:46,28.61,-0.01,2,5722,卖盘
434,10:02:49,28.61,0.0,30,85830,卖盘
435,10:02:58,28.61,0.0,55,157395,卖盘
436,10:03:01,28.61,0.0,6,17166,卖盘
437,10:03:10,28.61,0.0,4,11444,买盘
438,10:03:16,28.6,-0.01,2,5720,卖盘
439,10:03:19,28.6,0.0,8,22880,卖盘
440,10:03:22,28.61,0.01,27,77247,买盘
441,10:03:31,28.61,0.0,30,85830,卖盘
442,10:03:43,28.61,0.0,11,31471,卖盘
443,10:03:46,28.61,0.0,51,145911,买盘
444,10:03:49,28.61,0.0,51,145944,卖盘
445,10:03:55,28.61,0.0,2,5722,买盘
446,10:04:01,28.62,0.01,1,2862,卖盘
447,10:04:04,28.61,-0.01,53,151655,卖盘
448,10:04:13,28.63,0.02,70,200378,买盘
449,10:04:19,28.64,0.01,40,114560,买盘
450,10:04:28,28.64,0.0,69,197616,买盘
451,10:04:31,28.65,0.01,15,42964,买盘
452,10:04:34,28.67,0.02,100,286484,买盘
453,10:04:37,28.68,0.01,56,160582,买盘
454,10:04:40,28.65,-0.03,36,103140,卖盘
455,10:04:52,28.7,0.05,207,593903,买盘
456,10:04:55,28.7,0.0,5,14350,卖盘
457,10:04:58,28.7,0.0,2,5740,卖盘
458,10:05:01,28.73,0.03,133,381935,买盘
459,10:05:04,28.72,-0.01,12,34465,卖盘
460,10:05:13,28.74,0.02,35,100571,买盘
461,10:05:16,28.75,0.01,13,37367,买盘
462,10:05:19,28.75,0.0,11,31642,卖盘
463,10:05:25,28.75,0.0,10,28757,卖盘
464,10:05:31,28.77,0.02,41,117957,买盘
465,10:05:34,28.76,-0.01,5,14380,卖盘
466,10:05:40,28.77,0.01,5,14385,买盘
467,10:05:43,28.77,0.0,17,48911,买盘
468,10:05:49,28.78,0.01,39,112235,买盘
469,10:05:55,28.77,-0.01,26,74809,卖盘
470,10:05:58,28.77,0.0,24,69048,买盘
471,10:06:04,28.77,0.0,16,46042,卖盘
472,10:06:16,28.76,-0.01,35,100694,卖盘
473,10:06:19,28.76,0.0,2,5752,买盘
474,10:06:25,28.75,-0.01,38,109250,卖盘
475,10:06:37,28.72,-0.03,6,17232,卖盘
476,10:06:46,28.7,-0.02,47,134908,卖盘
477,10:07:01,28.64,-0.06,34,97376,卖盘
478,10:07:19,28.64,0.0,10,28640,卖盘
479,10:07:25,28.64,0.0,54,154656,卖盘
480,10:07:28,28.65,0.01,1,2865,卖盘
481,10:07:34,28.65,0.0,9,25785,卖盘
482,10:07:40,28.69,0.04,1,2869,买盘
483,10:07:46,28.65,-0.04,1,2865,卖盘
484,10:07:52,28.65,0.0,14,40119,卖盘
485,10:07:55,28.68,0.03,2,5736,买盘
486,10:08:07,28.68,0.0,16,45888,买盘
487,10:08:27,28.65,-0.03,33,94551,卖盘
488,10:08:37,28.65,0.0,13,37245,卖盘
489,10:08:40,28.65,0.0,4,11460,卖盘
490,10:08:51,28.65,0.0,5,14325,卖盘
491,10:08:55,28.67,0.02,1,2867,买盘
492,10:09:10,28.7,0.03,103,295397,买盘
493,10:09:21,28.65,-0.05,11,31525,卖盘
494,10:09:40,28.7,0.05,1,2870,买盘
495,10:09:49,28.72,0.02,192,551100,买盘
496,10:09:51,28.65,-0.07,4,11460,卖盘
497,10:09:55,28.69,0.04,1,2869,买盘
498,10:10:16,28.69,0.0,3,8607,买盘
499,10:10:28,28.69,0.0,5,14345,买盘
500,10:10:52,28.66,-0.03,16,45858,卖盘
501,10:10:55,28.66,0.0,5,14330,卖盘
502,10:11:10,28.65,-0.01,5,14326,卖盘
503,10:11:28,28.65,0.0,9,25787,卖盘
504,10:11:46,28.64,-0.01,18,51562,卖盘
505,10:11:49,28.66,0.02,3,8598,买盘
506,10:11:58,28.66,0.0,1,2866,卖盘
507,10:12:10,28.66,0.0,11,31530,卖盘
508,10:12:22,28.66,0.0,1,2866,卖盘
509,10:12:36,28.64,-0.02,87,248347,卖盘
510,10:12:40,28.64,0.0,8,22912,卖盘
511,10:12:51,28.62,-0.02,40,114546,卖盘
512,10:12:58,28.62,0.0,2,5724,卖盘
513,10:13:07,28.62,0.0,1,2862,卖盘
514,10:13:10,28.62,0.0,4,11448,卖盘
515,10:13:13,28.62,0.0,10,28620,卖盘
516,10:13:18,28.62,0.0,23,66599,卖盘
517,10:13:22,28.62,0.0,20,57240,卖盘
518,10:13:28,28.62,0.0,12,34344,卖盘
519,10:13:31,28.62,0.0,2,5724,卖盘
520,10:13:43,28.62,0.0,4,11448,卖盘
521,10:13:46,28.62,0.0,1,2862,卖盘
522,10:13:58,28.63,0.01,9,25767,买盘
523,10:14:04,28.63,0.0,3,8589,卖盘
524,10:14:10,28.65,0.02,2,5730,买盘
525,10:14:13,28.63,-0.02,5,14315,卖盘
526,10:14:22,28.63,0.0,1,2863,卖盘
527,10:14:33,28.63,0.0,2,5726,卖盘
528,10:14:37,28.63,0.0,12,34356,卖盘
529,10:14:39,28.65,0.02,3,8595,买盘
530,10:14:43,28.63,-0.02,4,11452,卖盘
531,10:14:52,28.63,0.0,30,85890,卖盘
532,10:14:55,28.62,-0.01,5,14314,卖盘
533,10:15:07,28.64,0.02,2,5728,买盘
534,10:15:10,28.63,-0.01,4,11452,卖盘
535,10:15:16,28.64,0.01,6,17184,买盘
536,10:15:25,28.64,0.0,3,8592,买盘
537,10:15:37,28.63,-0.01,5,14315,卖盘
538,10:16:04,28.63,0.0,10,28630,卖盘
539,10:16:06,28.63,0.0,52,148926,卖盘
540,10:16:10,28.63,0.0,29,83027,卖盘
541,10:16:22,28.62,-0.01,35,100170,卖盘
542,10:16:25,28.6,-0.02,190,542764,卖盘
543,10:16:33,28.59,-0.01,20,57190,卖盘
544,10:16:40,28.59,0.0,7,20015,卖盘
545,10:16:46,28.59,0.0,15,42885,买盘
546,10:16:49,28.63,0.04,247,707934,买盘
547,10:16:52,28.63,0.0,29,82254,卖盘
548,10:16:58,28.59,-0.04,15,42890,卖盘
549,10:17:04,28.58,-0.01,66,188638,卖盘
550,10:17:07,28.6,0.02,20,57200,中性盘
551,10:17:10,28.6,0.0,5,14300,卖盘
552,10:17:19,28.6,0.0,5,14300,卖盘
553,10:17:25,28.6,0.0,36,102960,买盘
554,10:17:31,28.59,-0.01,40,114395,卖盘
555,10:17:40,28.6,0.01,12,34320,买盘
556,10:17:43,28.63,0.03,50,143138,买盘
557,10:17:46,28.6,-0.03,3,8580,中性盘
558,10:17:49,28.59,-0.01,10,28590,卖盘
559,10:18:04,28.59,0.0,10,28590,卖盘
560,10:18:07,28.59,0.0,5,14295,卖盘
561,10:18:22,28.59,0.0,50,142950,卖盘
562,10:18:24,28.58,-0.01,9,25726,卖盘
563,10:18:28,28.58,0.0,11,31438,卖盘
564,10:18:31,28.58,0.0,12,34296,买盘
565,10:18:34,28.58,0.0,25,71400,买盘
566,10:18:43,28.53,-0.05,6,17118,卖盘
567,10:18:46,28.58,0.05,12,34296,买盘
568,10:18:52,28.58,0.0,7,20004,买盘
569,10:19:04,28.59,0.01,65,185818,买盘
570,10:19:07,28.59,0.0,2,5718,买盘
571,10:19:27,28.59,0.0,20,57165,买盘
572,10:19:31,28.6,0.01,30,85780,买盘
573,10:19:37,28.6,0.0,7,20016,中性盘
574,10:19:43,28.6,0.0,35,100160,卖盘
575,10:19:52,28.63,0.03,10,28630,买盘
576,10:20:01,28.6,-0.03,5,14300,卖盘
577,10:20:04,28.6,0.0,1,2860,卖盘
578,10:20:25,28.6,0.0,2,5720,卖盘
579,10:20:34,28.6,0.0,68,194530,卖盘
580,10:21:04,28.61,0.01,1,2861,买盘
581,10:21:19,28.63,0.02,4,11452,买盘
582,10:21:22,28.6,-0.03,1,2860,卖盘
583,10:21:25,28.6,0.0,84,240240,卖盘
584,10:21:40,28.59,-0.01,15,42885,卖盘
585,10:21:52,28.6,0.01,22,62920,买盘
586,10:21:55,28.6,0.0,40,114400,买盘
587,10:22:01,28.6,0.0,6,17158,买盘
588,10:22:13,28.6,0.0,15,42900,买盘
589,10:22:16,28.6,0.0,1,2860,买盘
590,10:22:34,28.6,0.0,42,120120,买盘
591,10:22:43,28.63,0.03,68,195376,买盘
592,10:22:58,28.63,0.0,79,225464,卖盘
593,10:23:10,28.63,0.0,4,11452,买盘
594,10:23:19,28.63,0.0,5,14315,买盘
595,10:23:45,28.61,-0.02,7,20027,卖盘
596,10:23:55,28.63,0.02,16,46581,买盘
597,10:23:58,28.63,0.0,14,40082,卖盘
598,10:24:07,28.63,0.0,3,8589,卖盘
599,10:24:13,28.63,0.0,8,22904,卖盘
600,10:24:16,28.64,0.01,27,77328,买盘
601,10:24:19,28.63,-0.01,18,50761,卖盘
602,10:25:04,28.61,-0.02,42,120162,卖盘
603,10:25:16,28.61,0.0,37,105857,买盘
604,10:25:21,28.61,0.0,10,28610,买盘
605,10:25:34,28.6,-0.01,10,28600,卖盘
606,10:25:37,28.61,0.01,27,77247,买盘
607,10:25:45,28.61,0.0,2,5722,卖盘
608,10:25:52,28.61,0.0,1,2861,卖盘
609,10:25:55,28.6,-0.01,1,2860,卖盘
610,10:26:25,28.6,0.0,30,85822,卖盘
611,10:26:33,28.63,0.03,25,71574,买盘
612,10:26:55,28.62,-0.01,1,2862,买盘
613,10:26:58,28.61,-0.01,3,8583,卖盘
614,10:27:12,28.61,0.0,24,68664,卖盘
615,10:27:16,28.61,0.0,5,14305,卖盘
616,10:27:19,28.61,0.0,6,17166,卖盘
617,10:27:43,28.61,0.0,57,163077,卖盘
618,10:27:55,28.6,-0.01,7,20020,卖盘
619,10:28:07,28.6,0.0,54,154440,卖盘
620,10:28:13,28.6,0.0,33,94410,卖盘
621,10:28:16,28.6,0.0,3,8580,卖盘
622,10:28:22,28.6,0.0,10,28600,卖盘
623,10:28:24,28.6,0.0,4,11440,卖盘
624,10:28:28,28.6,0.0,7,20020,卖盘
625,10:28:30,28.6,0.0,51,145860,卖盘
626,10:28:37,28.61,0.01,45,128740,买盘
627,10:28:40,28.6,-0.01,6,17160,卖盘
628,10:28:52,28.6,0.0,14,40040,买盘
629,10:28:58,28.6,0.0,1,2860,卖盘
630,10:29:04,28.6,0.0,10,28600,卖盘
631,10:29:10,28.6,0.0,77,220245,卖盘
632,10:29:16,28.61,0.01,20,57220,买盘
633,10:29:25,28.61,0.0,12,34332,买盘
634,10:29:31,28.61,0.0,112,320325,买盘
635,10:29:37,28.61,0.0,12,34332,买盘
636,10:29:49,28.61,0.0,3,8583,买盘
637,10:29:58,28.61,0.0,2,5722,卖盘
638,10:30:19,28.6,-0.01,20,57200,卖盘
639,10:30:22,28.63,0.03,108,309868,买盘
640,10:30:25,28.63,0.0,7,20041,卖盘
641,10:30:34,28.63,0.0,5,14315,卖盘
642,10:30:37,28.65,0.02,26,74473,买盘
643,10:30:57,28.63,-0.02,2,5726,卖盘
644,10:31:04,28.65,0.02,1,2865,买盘
645,10:31:21,28.63,-0.02,4,11452,卖盘
646,10:31:40,28.63,0.0,2,5726,卖盘
647,10:31:49,28.65,0.02,2,5730,买盘
648,10:31:57,28.63,-0.02,20,57260,卖盘
649,10:32:16,28.63,0.0,20,57260,卖盘
650,10:32:28,28.63,0.0,4,10679,卖盘
651,10:33:04,28.63,0.0,41,117383,买盘
652,10:33:10,28.63,0.0,3,9362,买盘
653,10:33:25,28.64,0.01,11,31504,买盘
654,10:33:42,28.65,0.01,35,100275,买盘
655,10:33:49,28.64,-0.01,2,5728,卖盘
656,10:33:52,28.64,0.0,10,28640,卖盘
657,10:34:22,28.63,-0.01,53,151765,卖盘
658,10:34:33,28.64,0.01,20,57280,买盘
659,10:34:37,28.65,0.01,20,57300,买盘
660,10:34:43,28.64,-0.01,1,2864,买盘
661,10:35:07,28.62,-0.02,43,123103,卖盘
662,10:35:31,28.62,0.0,3,8586,卖盘
663,10:35:43,28.62,0.0,26,73639,卖盘
664,10:35:46,28.62,0.0,1,2862,买盘
665,10:36:01,28.61,-0.01,50,143050,卖盘
666,10:36:04,28.61,0.0,15,42917,卖盘
667,10:36:19,28.6,-0.01,4,11440,卖盘
668,10:36:22,28.6,0.0,22,62920,卖盘
669,10:36:25,28.6,0.0,18,51480,卖盘
670,10:36:43,28.59,-0.01,1,2859,卖盘
671,10:36:49,28.59,0.0,10,28590,卖盘
672,10:36:52,28.59,0.0,44,125796,卖盘
673,10:37:01,28.59,0.0,63,180177,卖盘
674,10:37:19,28.59,0.0,2,5718,卖盘
675,10:37:34,28.6,0.01,20,57200,买盘
676,10:37:40,28.59,-0.01,3,8577,卖盘
677,10:37:43,28.6,0.01,32,91520,买盘
678,10:37:46,28.59,-0.01,54,154386,卖盘
679,10:38:25,28.6,0.01,30,85786,买盘
680,10:38:33,28.58,-0.02,16,45732,卖盘
681,10:38:49,28.58,0.0,1,2858,卖盘
682,10:38:58,28.58,0.0,3,8575,卖盘
683,10:39:12,28.58,0.0,10,28580,卖盘
684,10:39:16,28.58,0.0,25,71450,卖盘
685,10:39:19,28.6,0.02,25,71500,买盘
686,10:39:42,28.6,0.0,1,2860,买盘
687,10:40:09,28.6,0.0,43,123981,买盘
688,10:40:22,28.61,0.01,3,8583,买盘
689,10:40:28,28.6,-0.01,5,14300,卖盘
690,10:40:40,28.6,0.0,3,7580,卖盘
691,10:40:46,28.6,0.0,1,2860,买盘
692,10:41:04,28.59,-0.01,3,8577,卖盘
693,10:41:12,28.59,0.0,1,2859,卖盘
694,10:41:16,28.59,0.0,13,37167,卖盘
695,10:41:21,28.6,0.01,6,17160,买盘
696,10:41:46,28.59,-0.01,9,25731,卖盘
697,10:42:01,28.59,0.0,5,14295,卖盘
698,10:42:10,28.6,0.01,100,286000,买盘
699,10:42:58,28.58,-0.02,46,131513,卖盘
700,10:43:19,28.59,0.01,10,28590,买盘
701,10:43:25,28.58,-0.01,5,14290,卖盘
702,10:44:13,28.58,0.0,10,28580,卖盘
703,10:44:16,28.58,0.0,10,28580,卖盘
704,10:44:28,28.58,0.0,1,2858,卖盘
705,10:45:06,28.56,-0.02,20,57120,卖盘
706,10:45:13,28.56,0.0,5,14283,卖盘
707,10:45:28,28.58,0.02,74,211460,买盘
708,10:45:46,28.56,-0.02,13,37128,买盘
709,10:45:52,28.56,0.0,11,31406,买盘
710,10:45:58,28.56,0.0,1,2856,买盘
711,10:46:13,28.55,-0.01,10,28550,卖盘
712,10:46:16,28.56,0.01,6,17136,买盘
713,10:46:22,28.56,0.0,4,11424,买盘
714,10:46:40,28.56,0.0,7,19992,卖盘
715,10:46:46,28.56,0.0,104,297144,卖盘
716,10:47:07,28.56,0.0,41,117096,买盘
717,10:47:13,28.55,-0.01,48,137040,卖盘
718,10:47:30,28.55,0.0,20,57100,买盘
719,10:47:34,28.55,0.0,38,108457,买盘
720,10:47:36,28.55,0.0,5,14275,卖盘
721,10:47:43,28.55,0.0,24,68520,卖盘
722,10:47:49,28.56,0.01,58,165648,买盘
723,10:47:55,28.56,0.0,4,11424,买盘
724,10:47:58,28.56,0.0,10,28560,卖盘
725,10:48:00,28.56,0.0,9,25704,卖盘
726,10:48:04,28.56,0.0,5,14280,卖盘
727,10:48:07,28.56,0.0,2,5712,卖盘
728,10:48:10,28.6,0.04,200,571924,买盘
729,10:48:16,28.55,-0.05,9,25695,卖盘
730,10:48:34,28.56,0.01,1,2856,卖盘
731,10:48:43,28.59,0.03,5,14295,买盘
732,10:48:46,28.56,-0.03,3,8568,卖盘
733,10:48:49,28.56,0.0,2,5715,卖盘
734,10:48:55,28.6,0.04,120,343200,买盘
735,10:48:58,28.56,-0.04,50,142800,卖盘
736,10:49:10,28.56,0.0,2,5712,卖盘
737,10:49:18,28.6,0.04,35,100056,买盘
738,10:49:28,28.56,-0.04,10,28560,卖盘
739,10:49:31,28.6,0.04,6,17160,买盘
740,10:49:43,28.6,0.0,6,17160,买盘
741,10:49:49,28.6,0.0,56,160060,买盘
742,10:50:18,28.59,-0.01,5,14295,买盘
743,10:50:31,28.6,0.01,30,85800,买盘
744,10:50:49,28.59,-0.01,10,28590,卖盘
745,10:50:52,28.59,0.0,2,5718,买盘
746,10:51:04,28.59,0.0,50,142950,买盘
747,10:51:37,28.58,-0.01,5,14290,卖盘
748,10:51:52,28.58,0.0,31,88628,卖盘
749,10:52:28,28.58,0.0,36,102888,卖盘
750,10:52:46,28.59,0.01,50,142950,买盘
751,10:52:52,28.58,-0.01,1,2858,卖盘
752,10:52:55,28.59,0.01,5,14295,买盘
753,10:53:10,28.59,0.0,2,5718,买盘
754,10:53:37,28.58,-0.01,74,211496,卖盘
755,10:53:40,28.59,0.01,6,17154,买盘
756,10:53:43,28.59,0.0,18,51462,买盘
757,10:53:46,28.59,0.0,1,2859,卖盘
758,10:53:49,28.59,0.0,1,2859,卖盘
759,10:54:13,28.59,0.0,9,25731,卖盘
760,10:54:19,28.59,0.0,5,14295,卖盘
761,10:54:25,28.59,0.0,5,14295,卖盘
762,10:54:52,28.59,0.0,11,31449,卖盘
763,10:55:09,28.59,0.0,50,142950,买盘
764,10:55:12,28.58,-0.01,13,37154,中性盘
765,10:55:25,28.58,0.0,6,17148,买盘
766,10:55:36,28.58,0.0,1,2858,买盘
767,10:55:43,28.57,-0.01,4,11428,卖盘
768,10:55:52,28.59,0.02,13,37166,买盘
769,10:56:04,28.6,0.01,50,143000,买盘
770,10:56:16,28.57,-0.03,3,8571,卖盘
771,10:56:22,28.6,0.03,50,143000,买盘
772,10:56:37,28.6,0.0,1,2860,买盘
773,10:57:22,28.6,0.0,1,2860,买盘
774,10:57:30,28.59,-0.01,3,8577,中性盘
775,10:57:37,28.59,0.0,1,2859,买盘
776,10:57:40,28.58,-0.01,30,85740,卖盘
777,10:57:58,28.57,-0.01,37,105709,卖盘
778,10:58:01,28.57,0.0,7,19999,买盘
779,10:58:04,28.57,0.0,2,5714,买盘
780,10:58:13,28.6,0.03,126,361308,买盘
781,10:58:21,28.6,0.0,50,143000,卖盘
782,10:58:28,28.6,0.0,24,67639,卖盘
783,10:58:36,28.6,0.0,76,218361,买盘
784,10:59:04,28.6,0.0,1,2860,卖盘
785,10:59:12,28.6,0.0,4,11440,卖盘
786,10:59:21,28.6,0.0,19,53339,卖盘
787,10:59:28,28.6,0.0,10,28600,买盘
788,10:59:42,28.57,-0.03,3,8571,卖盘
789,11:00:04,28.57,0.0,7,19999,卖盘
790,11:00:25,28.57,0.0,2,5714,买盘
791,11:00:33,28.57,0.0,2,5714,买盘
792,11:00:40,28.56,-0.01,6,17136,卖盘
793,11:00:57,28.57,0.01,3,8571,买盘
794,11:01:03,28.56,-0.01,20,57120,卖盘
795,11:01:13,28.57,0.01,32,91421,买盘
796,11:01:37,28.57,0.0,2,5714,卖盘
797,11:01:49,28.59,0.02,7,20013,卖盘
798,11:01:52,28.59,0.0,33,94347,卖盘
799,11:01:55,28.57,-0.02,103,294271,卖盘
800,11:02:16,28.56,-0.01,50,142800,卖盘
801,11:02:40,28.56,0.0,15,42840,卖盘
802,11:03:01,28.55,-0.01,5,14275,卖盘
803,11:03:04,28.55,0.0,32,91360,卖盘
804,11:03:27,28.54,-0.01,2,5708,卖盘
805,11:03:30,28.54,0.0,10,28540,卖盘
806,11:03:46,28.56,0.02,40,114236,买盘
807,11:03:49,28.57,0.01,11,31421,买盘
808,11:03:55,28.58,0.01,5,14290,卖盘
809,11:04:04,28.58,0.0,10,28580,卖盘
810,11:04:10,28.58,0.0,20,57160,卖盘
811,11:04:13,28.58,0.0,1,2858,买盘
812,11:04:25,28.58,0.0,6,17148,买盘
813,11:04:27,28.54,-0.04,5,14270,卖盘
814,11:05:39,28.55,0.01,1,2855,买盘
815,11:05:52,28.55,0.0,49,139895,买盘
816,11:05:58,28.53,-0.02,80,228347,卖盘
817,11:06:13,28.55,0.02,3,8565,买盘
818,11:06:16,28.54,-0.01,3,8562,卖盘
819,11:06:21,28.52,-0.02,22,62748,卖盘
820,11:06:43,28.53,0.01,8,22826,卖盘
821,11:06:54,28.53,0.0,20,57060,卖盘
822,11:07:04,28.53,0.0,6,17118,卖盘
823,11:07:16,28.52,-0.01,68,193936,卖盘
824,11:07:28,28.53,0.01,4,11412,买盘
825,11:07:37,28.51,-0.02,3,8553,卖盘
826,11:07:40,28.53,0.02,5,14265,买盘
827,11:08:04,28.53,0.0,10,28530,买盘
828,11:09:22,28.51,-0.02,2,5702,卖盘
829,11:09:31,28.51,0.0,11,31361,卖盘
830,11:09:46,28.5,-0.01,33,94075,卖盘
831,11:09:49,28.5,0.0,30,85500,卖盘
832,11:10:06,28.5,0.0,7,19950,买盘
833,11:10:19,28.48,-0.02,2,5696,卖盘
834,11:10:33,28.48,0.0,6,17088,卖盘
835,11:10:43,28.48,0.0,60,170880,买盘
836,11:10:49,28.44,-0.04,60,170690,卖盘
837,11:11:16,28.48,0.04,50,142369,买盘
838,11:11:24,28.48,0.0,57,162278,买盘
839,11:11:34,28.44,-0.04,30,85324,卖盘
840,11:11:45,28.46,0.02,1,2846,卖盘
841,11:11:52,28.48,0.02,32,91136,买盘
842,11:12:04,28.5,0.02,119,339012,买盘
843,11:12:09,28.5,0.0,33,94050,卖盘
844,11:12:22,28.55,0.05,100,285374,买盘
845,11:12:37,28.55,0.0,1,2855,买盘
846,11:12:40,28.51,-0.04,6,17106,卖盘
847,11:12:43,28.5,-0.01,98,279300,卖盘
848,11:12:58,28.5,0.0,8,22800,买盘
849,11:13:28,28.5,0.0,2,5700,买盘
850,11:13:37,28.5,0.0,10,28500,买盘
851,11:13:42,28.49,-0.01,1,2849,卖盘
852,11:13:48,28.49,0.0,2,5698,卖盘
853,11:14:04,28.51,0.02,30,85508,买盘
854,11:14:45,28.51,0.0,5,14255,买盘
855,11:14:58,28.51,0.0,4,11404,买盘
856,11:15:28,28.5,-0.01,2,5700,买盘
857,11:16:43,28.48,-0.02,21,59809,卖盘
858,11:17:13,28.5,0.02,12,34185,买盘
859,11:17:34,28.46,-0.04,5,14230,卖盘
860,11:17:40,28.5,0.04,2,5700,买盘
861,11:17:43,28.46,-0.04,10,28460,卖盘
862,11:17:49,28.44,-0.02,11,31302,卖盘
863,11:18:25,28.44,0.0,3,8536,卖盘
864,11:18:28,28.44,0.0,11,31284,卖盘
865,11:18:39,28.44,0.0,6,17064,买盘
866,11:18:52,28.45,0.01,5,14225,卖盘
867,11:18:55,28.45,0.0,5,14225,卖盘
868,11:18:58,28.45,0.0,4,11380,卖盘
869,11:19:01,28.45,0.0,5,14229,卖盘
870,11:19:10,28.46,0.01,6,17076,买盘
871,11:19:12,28.49,0.03,1,2849,买盘
872,11:20:01,28.48,-0.01,20,56960,卖盘
873,11:20:31,28.48,0.0,30,85440,买盘
874,11:20:34,28.48,0.0,5,14240,卖盘
875,11:21:28,28.48,0.0,1,2848,买盘
876,11:21:55,28.48,0.0,6,17088,买盘
877,11:22:04,28.48,0.0,7,19936,买盘
878,11:22:40,28.48,0.0,6,17088,买盘
879,11:22:52,28.48,0.0,8,22784,买盘
880,11:23:04,28.48,0.0,2,5696,买盘
881,11:23:13,28.48,0.0,1,2848,买盘
882,11:23:40,28.48,0.0,20,56960,买盘
883,11:23:43,28.47,-0.01,20,56953,卖盘
884,11:24:16,28.48,0.01,6,17088,卖盘
885,11:24:22,28.49,0.01,30,85470,买盘
886,11:24:31,28.48,-0.01,16,45568,卖盘
887,11:24:43,28.48,0.0,14,39872,买盘
888,11:24:46,28.49,0.01,1,2849,买盘
889,11:25:15,28.48,-0.01,35,99680,卖盘
890,11:26:28,28.48,0.0,10,28480,买盘
891,11:26:55,28.47,-0.01,7,19929,卖盘
892,11:27:22,28.48,0.01,6,17088,买盘
893,11:27:25,28.48,0.0,6,17088,卖盘
894,11:28:37,28.49,0.01,7,19943,买盘
895,11:28:43,28.48,-0.01,2,5696,卖盘
896,11:28:54,28.48,0.0,39,111072,卖盘
897,11:30:01,28.48,0.0,4,11392,买盘
898,13:00:04,28.47,-0.01,5,14235,卖盘
899,13:00:07,28.47,0.0,22,62636,卖盘
900,13:00:10,28.47,0.0,1,2847,买盘
901,13:00:19,28.47,0.0,3,8541,买盘
902,13:01:57,28.46,-0.01,42,119532,卖盘
903,13:02:30,28.45,-0.01,12,34140,卖盘
904,13:02:49,28.45,0.0,10,28450,卖盘
905,13:03:31,28.45,0.0,14,39830,卖盘
906,13:03:49,28.44,-0.01,4,11376,卖盘
907,13:04:06,28.45,0.01,21,59723,买盘
908,13:04:37,28.42,-0.03,4,11368,卖盘
909,13:04:46,28.41,-0.01,19,53979,卖盘
910,13:04:57,28.4,-0.01,4,11360,卖盘
911,13:05:16,28.4,0.0,3,8520,卖盘
912,13:05:31,28.37,-0.03,57,161712,卖盘
913,13:05:55,28.3,-0.07,40,113354,卖盘
914,13:06:10,28.3,0.0,1,2830,卖盘
915,13:06:13,28.3,0.0,73,206662,卖盘
916,13:06:28,28.29,-0.01,4,11316,卖盘
917,13:06:31,28.29,0.0,2,5658,卖盘
918,13:06:43,28.26,-0.03,4,11304,卖盘
919,13:06:49,28.26,0.0,3,8478,卖盘
920,13:07:01,28.22,-0.04,10,28220,卖盘
921,13:07:10,28.22,0.0,25,70550,卖盘
922,13:07:19,28.26,0.04,12,33912,买盘
923,13:07:37,28.26,0.0,4,11304,买盘
924,13:07:48,28.26,0.0,23,64992,买盘
925,13:07:54,28.22,-0.04,69,194738,卖盘
926,13:08:04,28.26,0.04,6,16934,买盘
927,13:08:34,28.26,0.0,5,15260,买盘
928,13:08:40,28.26,0.0,2,5652,卖盘
929,13:08:57,28.26,0.0,6,16956,卖盘
930,13:09:00,28.26,0.0,2,5652,卖盘
931,13:09:09,28.29,0.03,2,5658,买盘
932,13:09:19,28.26,-0.03,14,39564,卖盘
933,13:09:22,28.3,0.04,50,141493,买盘
934,13:10:16,28.3,0.0,4,11320,买盘
935,13:11:01,28.3,0.0,3,8490,卖盘
936,13:11:04,28.37,0.07,86,243957,买盘
937,13:11:34,28.37,0.0,14,39718,买盘
938,13:11:40,28.37,0.0,3,8511,买盘
939,13:11:43,28.3,-0.07,13,36818,卖盘
940,13:11:55,28.3,0.0,5,14150,买盘
941,13:12:01,28.3,0.0,1,2830,卖盘
942,13:12:07,28.26,-0.04,10,28288,卖盘
943,13:12:37,28.26,0.0,10,28260,卖盘
944,13:13:04,28.26,0.0,7,18652,卖盘
945,13:13:22,28.26,0.0,10,28260,买盘
946,13:13:28,28.25,-0.01,10,28250,卖盘
947,13:13:31,28.25,0.0,1,2825,买盘
948,13:14:10,28.25,0.0,2,5650,买盘
949,13:14:13,28.25,0.0,5,14125,买盘
950,13:14:24,28.23,-0.02,1,2823,卖盘
951,13:14:30,28.24,0.01,1,2824,买盘
952,13:14:55,28.26,0.02,16,46341,买盘
953,13:15:22,28.26,0.0,4,11304,卖盘
954,13:16:04,28.26,0.0,30,83650,卖盘
955,13:16:22,28.24,-0.02,30,84730,卖盘
956,13:18:15,28.21,-0.03,3,8463,卖盘
957,13:18:19,28.21,0.0,5,14105,卖盘
958,13:18:43,28.21,0.0,2,5642,卖盘
959,13:18:49,28.2,-0.01,56,157931,卖盘
960,13:18:58,28.2,0.0,4,11280,卖盘
961,13:19:10,28.2,0.0,2,5640,卖盘
962,13:19:19,28.2,0.0,10,28200,卖盘
963,13:19:25,28.21,0.01,4,11282,买盘
964,13:19:31,28.21,0.0,2,5642,卖盘
965,13:19:43,28.22,0.01,1,2822,买盘
966,13:20:04,28.21,-0.01,2,5642,卖盘
967,13:20:25,28.21,0.0,3,8463,卖盘
968,13:20:43,28.21,0.0,10,28210,卖盘
969,13:20:46,28.21,0.0,1,2821,买盘
970,13:20:49,28.21,0.0,1,2821,买盘
971,13:21:07,28.21,0.0,12,33852,卖盘
972,13:21:10,28.22,0.01,8,22574,买盘
973,13:21:22,28.21,-0.01,6,16926,卖盘
974,13:21:40,28.21,0.0,2,5642,卖盘
975,13:21:52,28.2,-0.01,28,78976,卖盘
976,13:22:07,28.22,0.02,35,98760,买盘
977,13:22:19,28.2,-0.02,16,45120,卖盘
978,13:22:28,28.2,0.0,12,33840,买盘
979,13:22:40,28.2,0.0,5,14100,卖盘
980,13:22:49,28.2,0.0,1,2820,卖盘
981,13:22:52,28.2,0.0,19,53580,卖盘
982,13:23:10,28.2,0.0,6,16920,买盘
983,13:23:16,28.2,0.0,4,11280,卖盘
984,13:23:22,28.2,0.0,6,16920,卖盘
985,13:23:25,28.2,0.0,10,28200,买盘
986,13:23:46,28.19,-0.01,9,25371,卖盘
987,13:24:13,28.19,0.0,30,84570,卖盘
988,13:25:12,28.2,0.01,1,2820,买盘
989,13:25:25,28.2,0.0,1,2820,买盘
990,13:25:39,28.2,0.0,2,5640,买盘
991,13:25:48,28.19,-0.01,4,11276,卖盘
992,13:26:22,28.2,0.01,17,47940,买盘
993,13:27:04,28.19,-0.01,41,115579,卖盘
994,13:27:13,28.19,0.0,2,5638,卖盘
995,13:27:46,28.19,0.0,3,8457,卖盘
996,13:27:57,28.19,0.0,3,8457,卖盘
997,13:28:06,28.2,0.01,32,90238,买盘
998,13:28:16,28.2,0.0,1,2820,卖盘
999,13:29:13,28.21,0.01,5,14105,卖盘
1000,13:29:40,28.21,0.0,2,5642,卖盘
1001,13:30:45,28.22,0.01,29,81838,买盘
1002,13:31:01,28.26,0.04,11,31086,买盘
1003,13:31:42,28.26,0.0,3,8478,买盘
1004,13:31:55,28.23,-0.03,3,8469,卖盘
1005,13:31:58,28.26,0.03,10,28239,买盘
1006,13:32:06,28.26,0.0,10,28260,买盘
1007,13:32:15,28.26,0.0,5,14130,买盘
1008,13:32:18,28.23,-0.03,1,2823,卖盘
1009,13:32:25,28.26,0.03,50,141299,买盘
1010,13:32:51,28.26,0.0,50,141295,买盘
1011,13:33:37,28.26,0.0,50,141300,买盘
1012,13:33:52,28.26,0.0,15,42387,买盘
1013,13:34:01,28.26,0.0,38,108518,买盘
1014,13:34:19,28.26,0.0,10,28260,卖盘
1015,13:35:46,28.26,0.0,5,14130,卖盘
1016,13:38:04,28.27,0.01,10,28270,卖盘
1017,13:38:34,28.27,0.0,15,42405,买盘
1018,13:38:57,28.3,0.03,1,2830,买盘
1019,13:39:54,28.3,0.0,1,2830,买盘
1020,13:40:13,28.32,0.02,3,8496,买盘
1021,13:40:28,28.34,0.02,2,5668,买盘
1022,13:40:31,28.32,-0.02,2,5664,卖盘
1023,13:40:52,28.33,0.01,3,8499,买盘
1024,13:41:10,28.33,0.0,2,5666,买盘
1025,13:41:13,28.33,0.0,11,31163,卖盘
1026,13:41:55,28.33,0.0,3,8499,卖盘
1027,13:42:04,28.33,0.0,3,8499,卖盘
1028,13:42:34,28.33,0.0,6,16998,买盘
1029,13:43:04,28.32,-0.01,1,2832,卖盘
1030,13:43:16,28.32,0.0,6,16992,买盘
1031,13:43:21,28.32,0.0,5,14160,卖盘
1032,13:43:31,28.32,0.0,20,56640,卖盘
1033,13:43:34,28.32,0.0,20,56640,卖盘
1034,13:43:49,28.32,0.0,2,5664,卖盘
1035,13:44:10,28.32,0.0,2,5664,卖盘
1036,13:44:25,28.32,0.0,39,110448,卖盘
1037,13:45:04,28.33,0.01,3,8499,买盘
1038,13:45:43,28.32,-0.01,55,155761,卖盘
1039,13:45:58,28.27,-0.05,100,282791,卖盘
1040,13:46:18,28.27,0.0,10,28270,卖盘
1041,13:46:25,28.2,-0.07,100,282168,卖盘
1042,13:46:39,28.2,0.0,45,126900,卖盘
1043,13:47:01,28.21,0.01,30,84630,卖盘
1044,13:48:01,28.28,0.07,2,5656,买盘
1045,13:48:28,28.22,-0.06,5,14110,卖盘
1046,13:48:34,28.28,0.06,6,16962,买盘
1047,13:48:37,28.28,0.0,1,2828,买盘
1048,13:48:40,28.28,0.0,1,2828,卖盘
1049,13:49:07,28.28,0.0,2,5656,买盘
1050,13:49:37,28.28,0.0,2,5656,买盘
1051,13:50:07,28.28,0.0,2,5656,买盘
1052,13:50:40,28.27,-0.01,2,5654,买盘
1053,13:51:49,28.27,0.0,2,5654,买盘
1054,13:51:51,28.23,-0.04,104,293646,卖盘
1055,13:51:57,28.27,0.04,9,25435,买盘
1056,13:52:04,28.27,0.0,41,115907,卖盘
1057,13:52:16,28.25,-0.02,40,112934,买盘
1058,13:52:36,28.25,0.0,2,5650,卖盘
1059,13:52:43,28.26,0.01,13,36735,买盘
1060,13:53:22,28.23,-0.03,2,5646,卖盘
1061,13:53:36,28.2,-0.03,41,115668,卖盘
1062,13:53:49,28.2,0.0,2,5640,卖盘
1063,13:53:52,28.2,0.0,5,14100,卖盘
1064,13:53:57,28.18,-0.02,41,115538,卖盘
1065,13:54:06,28.17,-0.01,2,5634,卖盘
1066,13:54:13,28.18,0.01,2,5636,买盘
1067,13:54:22,28.17,-0.01,2,5634,卖盘
1068,13:54:25,28.18,0.01,12,33816,买盘
1069,13:54:30,28.18,0.0,6,16908,卖盘
1070,13:54:34,28.17,-0.01,62,174708,卖盘
1071,13:54:46,28.17,0.0,40,112678,买盘
1072,13:54:55,28.01,-0.16,55,154695,卖盘
1073,13:54:58,28.18,0.17,7,19726,买盘
1074,13:55:16,28.18,0.0,14,39446,买盘
1075,13:55:19,28.18,0.0,12,33816,卖盘
1076,13:55:25,28.18,0.0,2,5636,卖盘
1077,13:56:12,28.11,-0.07,2,5622,买盘
1078,13:56:43,28.1,-0.01,2,5620,买盘
1079,13:57:04,28.09,-0.01,10,28090,买盘
1080,13:57:13,28.1,0.01,5,14047,买盘
1081,13:57:19,28.09,-0.01,2,5618,卖盘
1082,13:57:28,28.1,0.01,9,25290,买盘
1083,13:57:30,28.1,0.0,3,8430,卖盘
1084,13:57:34,28.1,0.0,18,48894,卖盘
1085,13:57:46,28.1,0.0,3,8432,卖盘
1086,13:57:48,28.1,0.0,2,5620,卖盘
1087,13:57:55,28.1,0.0,7,19670,卖盘
1088,13:58:03,28.1,0.0,10,28105,卖盘
1089,13:58:06,28.1,0.0,5,15736,卖盘
1090,13:58:09,28.1,0.0,5,14050,买盘
1091,13:58:28,28.09,-0.01,10,28090,卖盘
1092,13:58:42,28.09,0.0,25,70225,卖盘
1093,13:59:01,28.09,0.0,5,14045,卖盘
1094,13:59:07,28.1,0.01,37,102284,买盘
1095,13:59:18,28.11,0.01,2,5622,买盘
1096,13:59:31,28.12,0.01,10,28120,买盘
1097,13:59:40,28.12,0.0,1,2812,买盘
1098,13:59:43,28.1,-0.02,15,42164,卖盘
1099,13:59:46,28.1,0.0,1,2810,卖盘
1100,13:59:58,28.11,0.01,2,5622,买盘
1101,14:00:22,28.12,0.01,1,2812,买盘
1102,14:00:25,28.11,-0.01,5,14055,卖盘
1103,14:00:28,28.12,0.01,13,36556,买盘
1104,14:00:40,28.12,0.0,16,44992,卖盘
1105,14:00:43,28.12,0.0,10,28120,卖盘
1106,14:00:49,28.11,-0.01,37,104030,卖盘
1107,14:01:04,28.2,0.09,2,5640,中性盘
1108,14:01:12,28.11,-0.09,2,5622,卖盘
1109,14:01:16,28.21,0.1,1,2821,买盘
1110,14:02:12,28.19,-0.02,4,11273,买盘
1111,14:02:22,28.19,0.0,1,2819,买盘
1112,14:02:45,28.18,-0.01,2,5636,买盘
1113,14:03:10,28.16,-0.02,5,14080,买盘
1114,14:03:43,28.16,0.0,2,5632,买盘
1115,14:04:10,28.16,0.0,12,33792,买盘
1116,14:04:13,28.16,0.0,2,5632,卖盘
1117,14:04:16,28.16,0.0,4,11264,卖盘
1118,14:04:25,28.16,0.0,2,5632,买盘
1119,14:04:37,28.16,0.0,1,2816,买盘
1120,14:04:52,28.14,-0.02,1,2814,卖盘
1121,14:04:55,28.14,0.0,3,8442,卖盘
1122,14:05:04,28.15,0.01,1,2815,买盘
1123,14:05:07,28.14,-0.01,2,5628,卖盘
1124,14:05:22,28.14,0.0,5,14070,卖盘
1125,14:05:40,28.13,-0.01,9,25317,卖盘
1126,14:06:06,28.12,-0.01,20,56257,卖盘
1127,14:06:46,28.11,-0.01,7,19683,卖盘
1128,14:06:57,28.11,0.0,8,22488,卖盘
1129,14:07:07,28.12,0.01,1,2812,买盘
1130,14:07:10,28.11,-0.01,1,2811,卖盘
1131,14:07:34,28.09,-0.02,66,185465,卖盘
1132,14:07:40,28.09,0.0,2,5618,卖盘
1133,14:07:43,28.09,0.0,47,133708,卖盘
1134,14:07:46,28.09,0.0,2,5618,买盘
1135,14:08:01,28.04,-0.05,5,14034,卖盘
1136,14:08:04,28.04,0.0,4,11216,卖盘
1137,14:08:07,28.04,0.0,7,19628,卖盘
1138,14:08:16,28.04,0.0,3,8412,买盘
1139,14:08:22,28.04,0.0,30,84120,卖盘
1140,14:08:25,28.04,0.0,5,14020,卖盘
1141,14:08:37,28.04,0.0,4,11216,卖盘
1142,14:08:48,28.04,0.0,9,25237,卖盘
1143,14:08:57,28.04,0.0,2,5608,买盘
1144,14:09:10,28.04,0.0,7,19626,买盘
1145,14:09:13,28.03,-0.01,2,5606,卖盘
1146,14:09:15,28.04,0.01,34,95336,买盘
1147,14:09:18,28.04,0.0,2,5608,卖盘
1148,14:09:22,28.04,0.0,10,28040,卖盘
1149,14:09:25,28.04,0.0,4,11216,卖盘
1150,14:09:28,28.04,0.0,10,28040,买盘
1151,14:09:34,28.03,-0.01,23,64469,卖盘
1152,14:09:49,28.09,0.06,2,5618,买盘
1153,14:09:52,28.09,0.0,9,25281,买盘
1154,14:10:01,28.09,0.0,1,2135,卖盘
1155,14:10:04,28.1,0.01,15,42150,买盘
1156,14:10:16,28.03,-0.07,90,253454,卖盘
1157,14:10:19,28.11,0.08,10,28032,买盘
1158,14:10:25,28.12,0.01,9,25303,买盘
1159,14:10:33,28.12,0.0,40,111801,买盘
1160,14:10:36,28.09,-0.03,13,37222,卖盘
1161,14:10:40,28.09,0.0,7,18989,买盘
1162,14:10:52,28.12,0.03,2,5624,买盘
1163,14:11:10,28.12,0.0,1,2812,买盘
1164,14:11:13,28.13,0.01,50,140611,买盘
1165,14:11:22,28.13,0.0,2,5626,买盘
1166,14:11:46,28.12,-0.01,4,11248,买盘
1167,14:11:52,28.13,0.01,2,5626,买盘
1168,14:12:10,28.13,0.0,11,30943,买盘
1169,14:12:13,28.14,0.01,21,59094,买盘
1170,14:12:24,28.16,0.02,2,5632,中性盘
1171,14:12:37,28.14,-0.02,1,2814,卖盘
1172,14:12:46,28.16,0.02,2,5632,买盘
1173,14:13:25,28.16,0.0,2,5632,卖盘
1174,14:14:25,28.14,-0.02,1,2814,卖盘
1175,14:14:28,28.17,0.03,80,225324,买盘
1176,14:15:13,28.15,-0.02,2,5630,买盘
1177,14:15:16,28.15,0.0,10,28150,买盘
1178,14:15:19,28.14,-0.01,2,5628,中性盘
1179,14:16:34,28.15,0.01,1,2815,买盘
1180,14:17:04,28.13,-0.02,12,33756,卖盘
1181,14:17:13,28.14,0.01,2,5628,买盘
1182,14:17:33,28.13,-0.01,2,5626,卖盘
1183,14:17:43,28.13,0.0,2,5626,中性盘
1184,14:18:01,28.12,-0.01,20,56240,卖盘
1185,14:18:04,28.12,0.0,2,5624,卖盘
1186,14:18:24,28.12,0.0,3,8436,卖盘
1187,14:18:34,28.13,0.01,1,2813,买盘
1188,14:18:40,28.13,0.0,15,42195,买盘
1189,14:18:55,28.13,0.0,10,28130,买盘
1190,14:18:58,28.13,0.0,2,5626,买盘
1191,14:19:16,28.13,0.0,1,2813,买盘
1192,14:19:25,28.12,-0.01,21,59052,卖盘
1193,14:19:28,28.12,0.0,2,5624,买盘
1194,14:19:52,28.09,-0.03,2,5618,卖盘
1195,14:20:04,28.1,0.01,1,2810,中性盘
1196,14:20:07,28.1,0.0,18,50580,买盘
1197,14:20:21,28.1,0.0,1,2810,卖盘
1198,14:20:28,28.12,0.02,1,2812,买盘
1199,14:21:16,28.12,0.0,2,5624,买盘
1200,14:21:22,28.12,0.0,1,2812,买盘
1201,14:21:49,28.1,-0.02,4,11246,卖盘
1202,14:21:58,28.12,0.02,2,5624,买盘
1203,14:22:13,28.1,-0.02,20,56200,卖盘
1204,14:22:31,28.1,0.0,5,14050,卖盘
1205,14:22:36,28.12,0.02,1,2812,买盘
1206,14:22:43,28.1,-0.02,1,2810,卖盘
1207,14:22:52,28.1,0.0,15,42150,卖盘
1208,14:23:21,28.1,0.0,5,14050,买盘
1209,14:23:25,28.09,-0.01,44,123624,卖盘
1210,14:23:37,28.09,0.0,4,11236,卖盘
1211,14:23:54,28.09,0.0,15,42136,卖盘
1212,14:24:04,28.09,0.0,38,107447,卖盘
1213,14:24:22,28.09,0.0,6,16180,买盘
1214,14:24:25,28.1,0.01,3,8428,买盘
1215,14:25:18,28.09,-0.01,1,2809,卖盘
1216,14:26:04,28.11,0.02,8,22488,卖盘
1217,14:26:37,28.09,-0.02,1,3483,卖盘
1218,14:26:54,28.09,0.0,1,2135,卖盘
1219,14:27:16,28.09,0.0,30,84270,卖盘
1220,14:27:46,28.08,-0.01,18,50544,买盘
1221,14:28:31,28.08,0.0,13,37178,卖盘
1222,14:28:52,28.07,-0.01,1,2807,卖盘
1223,14:29:25,28.07,0.0,50,140350,卖盘
1224,14:29:45,28.07,0.0,1,2807,卖盘
1225,14:29:58,28.07,0.0,2,5614,卖盘
1226,14:30:22,28.08,0.01,1,2808,买盘
1227,14:30:31,28.08,0.0,18,49870,买盘
1228,14:31:13,28.08,0.0,1,2808,卖盘
1229,14:31:16,28.09,0.01,1,2809,买盘
1230,14:31:25,28.08,-0.01,50,140429,卖盘
1231,14:32:39,28.1,0.02,2,5620,买盘
1232,14:33:13,28.11,0.01,2,5622,买盘
1233,14:33:15,28.11,0.0,1,2811,卖盘
1234,14:33:30,28.1,-0.01,5,14052,卖盘
1235,14:34:07,28.15,0.05,3,8445,买盘
1236,14:34:10,28.18,0.03,7,19722,买盘
1237,14:34:46,28.2,0.02,109,307378,买盘
1238,14:34:49,28.2,0.0,2,5640,卖盘
1239,14:34:52,28.2,0.0,2,5640,卖盘
1240,14:35:01,28.22,0.02,1,2822,买盘
1241,14:35:22,28.25,0.03,7,19775,买盘
1242,14:35:34,28.25,0.0,10,28250,买盘
1243,14:35:52,28.26,0.01,8,22605,买盘
1244,14:35:58,28.27,0.01,28,79117,买盘
1245,14:36:10,28.28,0.01,25,70700,买盘
1246,14:36:22,28.27,-0.01,6,16962,卖盘
1247,14:36:43,28.28,0.01,8,22624,买盘
1248,14:36:58,28.28,0.0,3,8484,买盘
1249,14:37:19,28.29,0.01,10,28290,买盘
1250,14:37:43,28.29,0.0,8,22632,买盘
1251,14:37:52,28.29,0.0,10,28290,买盘
1252,14:37:57,28.3,0.01,50,141475,买盘
1253,14:38:07,28.3,0.0,1,2830,买盘
1254,14:38:13,28.3,0.0,20,56600,买盘
1255,14:38:22,28.3,0.0,4,11320,买盘
1256,14:38:43,28.33,0.03,1,2833,买盘
1257,14:38:55,28.3,-0.03,35,99061,卖盘
1258,14:39:01,28.34,0.04,3,8502,买盘
1259,14:39:10,28.3,-0.04,6,16980,卖盘
1260,14:39:24,28.28,-0.02,11,31108,卖盘
1261,14:39:39,28.28,0.0,17,48076,卖盘
1262,14:40:01,28.25,-0.03,2,5650,卖盘
1263,14:40:07,28.28,0.03,3,8484,买盘
1264,14:40:19,28.25,-0.03,6,16950,卖盘
1265,14:41:01,28.22,-0.03,6,16932,卖盘
1266,14:41:10,28.25,0.03,1,2825,买盘
1267,14:41:43,28.22,-0.03,10,28220,卖盘
1268,14:42:19,28.23,0.01,1,2823,卖盘
1269,14:42:36,28.25,0.02,1,2825,买盘
1270,14:42:55,28.25,0.0,4,11300,卖盘
1271,14:43:10,28.25,0.0,18,50850,买盘
1272,14:43:16,28.23,-0.02,1,2823,卖盘
1273,14:43:46,28.23,0.0,36,101628,卖盘
1274,14:44:04,28.23,0.0,4,11292,买盘
1275,14:44:07,28.22,-0.01,3,8466,卖盘
1276,14:44:10,28.2,-0.02,4,11280,卖盘
1277,14:44:34,28.18,-0.02,1,2818,卖盘
1278,14:44:54,28.18,0.0,10,28180,卖盘
1279,14:44:58,28.18,0.0,4,11272,卖盘
1280,14:45:07,28.15,-0.03,32,90080,卖盘
1281,14:45:31,28.11,-0.04,13,36543,卖盘
1282,14:45:39,28.11,0.0,2,5622,买盘
1283,14:45:49,28.11,0.0,5,14055,中性盘
1284,14:45:54,28.11,0.0,4,11244,卖盘
1285,14:45:58,28.11,0.0,3,8433,卖盘
1286,14:46:24,28.11,0.0,1,2811,卖盘
1287,14:46:34,28.11,0.0,7,19677,卖盘
1288,14:47:07,28.11,0.0,3,8433,买盘
1289,14:47:22,28.11,0.0,2,5622,买盘
1290,14:47:25,28.11,0.0,5,14055,买盘
1291,14:47:31,28.1,-0.01,6,16860,卖盘
1292,14:47:57,28.1,0.0,5,14050,卖盘
1293,14:48:25,28.1,0.0,5,14050,买盘
1294,14:48:28,28.1,0.0,1,2810,买盘
1295,14:48:31,28.09,-0.01,10,28099,卖盘
1296,14:48:58,28.09,0.0,7,19669,卖盘
1297,14:49:01,28.09,0.0,3,8427,卖盘
1298,14:49:07,28.09,0.0,3,8427,买盘
1299,14:49:15,28.09,0.0,6,16857,卖盘
1300,14:49:19,28.08,-0.01,5,14040,卖盘
1301,14:49:34,28.09,0.01,2,5618,买盘
1302,14:49:55,28.09,0.0,4,11236,买盘
1303,14:49:58,28.03,-0.06,52,145890,卖盘
1304,14:50:16,28.09,0.06,1,2809,买盘
1305,14:51:04,28.04,-0.05,25,70110,卖盘
1306,14:51:13,28.04,0.0,17,47668,买盘
1307,14:51:16,28.03,-0.01,42,118399,卖盘
1308,14:51:19,28.02,-0.01,1,2802,卖盘
1309,14:51:22,28.03,0.01,4,11212,买盘
1310,14:51:25,28.03,0.0,8,22424,买盘
1311,14:51:37,28.02,-0.01,16,44844,卖盘
1312,14:51:43,28.02,0.0,102,285804,卖盘
1313,14:51:55,28.02,0.0,11,30822,买盘
1314,14:52:01,28.02,0.0,11,30832,卖盘
1315,14:52:04,28.02,0.0,38,106512,卖盘
1316,14:52:07,28.02,0.0,3,8406,买盘
1317,14:52:10,28.02,0.0,15,42030,买盘
1318,14:52:13,28.01,-0.01,3,8403,卖盘
1319,14:52:16,28.04,0.03,29,81302,买盘
1320,14:52:19,28.04,0.0,1,2131,卖盘
1321,14:52:22,28.18,0.14,20,56272,买盘
1322,14:52:25,28.01,-0.17,70,196079,卖盘
1323,14:53:04,28.03,0.02,8,22424,卖盘
1324,14:53:10,28.17,0.14,6,16896,买盘
1325,14:53:19,28.03,-0.14,1,2803,卖盘
1326,14:53:22,28.15,0.12,8,22520,中性盘
1327,14:53:25,28.12,-0.03,1,2812,买盘
1328,14:53:46,28.12,0.0,1,2812,买盘
1329,14:53:49,28.12,0.0,7,19684,买盘
1330,14:53:55,28.12,0.0,8,22496,买盘
1331,14:54:13,28.12,0.0,29,81548,卖盘
1332,14:54:22,28.12,0.0,13,36556,卖盘
1333,14:54:25,28.12,0.0,5,14060,买盘
1334,14:54:28,28.12,0.0,20,56234,买盘
1335,14:54:40,28.12,0.0,1,2812,买盘
1336,14:54:43,28.1,-0.02,1,2810,买盘
1337,14:54:46,28.07,-0.03,13,36491,卖盘
1338,14:54:49,28.1,0.03,3,8430,买盘
1339,14:55:07,28.1,0.0,20,56196,买盘
1340,14:55:13,28.07,-0.03,91,255677,卖盘
1341,14:55:16,28.07,0.0,9,25263,买盘
1342,14:55:19,28.11,0.04,31,87131,买盘
1343,14:55:31,28.06,-0.05,4,11224,卖盘
1344,14:55:34,28.07,0.01,22,61754,买盘
1345,14:55:37,28.07,0.0,8,22456,买盘
1346,14:55:40,28.07,0.0,50,140350,卖盘
1347,14:55:55,28.07,0.0,4,11237,卖盘
1348,14:56:04,28.1,0.03,6,16860,中性盘
1349,14:56:13,28.1,0.0,7,19670,卖盘
1350,14:56:34,28.1,0.0,20,56200,买盘
1351,14:56:37,28.1,0.0,6,16860,买盘
1352,14:56:40,28.07,-0.03,11,30877,卖盘
1353,14:56:46,28.1,0.03,11,30910,买盘
1354,14:56:49,28.11,0.01,29,81492,买盘
1355,14:56:52,28.07,-0.04,19,53387,卖盘
1356,14:56:55,28.07,0.0,19,53333,卖盘
1357,15:00:05,28.07,0.0,130,364910,卖盘
