,time,price,change,volume,amount,type
0,09:25:04,13.76,-0.01,14,19264,卖盘
1,09:30:04,13.74,-0.02,7,9618,卖盘
2,09:30:07,13.74,0.0,21,28864,卖盘
3,09:30:10,13.75,0.01,6,8250,买盘
4,09:30:30,13.75,0.0,1,1375,买盘
5,09:30:34,13.75,0.0,1,1375,买盘
6,09:30:37,13.75,0.0,2,2750,买盘
7,09:30:43,13.76,0.01,60,82534,买盘
8,09:31:13,13.8,0.04,1,1380,买盘
9,09:31:37,13.8,0.0,2,2760,买盘
10,09:31:55,13.81,0.01,34,46925,买盘
11,09:31:58,13.78,-0.03,1,1378,卖盘
12,09:32:00,13.78,0.0,1,1378,卖盘
13,09:32:04,13.8,0.02,11,15175,买盘
14,09:32:21,13.79,-0.01,21,28959,买盘
15,09:32:24,13.8,0.01,19,26220,买盘
16,09:32:28,13.8,0.0,11,15180,卖盘
17,09:32:34,13.8,0.0,7,9660,卖盘
18,09:32:37,13.81,0.01,26,35903,买盘
19,09:32:40,13.8,-0.01,7,9665,卖盘
20,09:32:42,13.81,0.01,6,8284,买盘
21,09:32:55,13.83,0.02,52,71884,买盘
22,09:33:05,13.85,0.02,5,6925,买盘
23,09:33:16,13.86,0.01,2,2772,买盘
24,09:33:19,13.85,-0.01,1,1385,卖盘
25,09:33:22,13.86,0.01,23,31878,买盘
26,09:33:24,13.86,0.0,5,6930,卖盘
27,09:33:28,13.85,-0.01,9,12468,卖盘
28,09:33:31,13.85,0.0,102,141285,卖盘
29,09:33:34,13.85,0.0,24,33210,买盘
30,09:33:37,13.87,0.02,134,185685,买盘
31,09:33:40,13.83,-0.04,9,12447,卖盘
32,09:33:52,13.83,0.0,21,29043,买盘
33,09:33:55,13.83,0.0,11,15213,卖盘
34,09:33:57,13.83,0.0,39,53937,卖盘
35,09:34:01,13.83,0.0,77,106491,卖盘
36,09:34:04,13.83,0.0,7,9677,买盘
37,09:34:16,13.8,-0.03,1,1380,卖盘
38,09:34:22,13.85,0.05,120,166148,买盘
39,09:34:25,13.8,-0.05,5,6900,卖盘
40,09:34:28,13.83,0.03,2,2766,中性盘
41,09:34:31,13.83,0.0,2,2766,卖盘
42,09:34:51,13.83,0.0,5,6915,买盘
43,09:35:05,13.83,0.0,1,1383,买盘
44,09:35:13,13.87,0.04,171,236853,买盘
45,09:35:16,13.83,-0.04,3,4149,买盘
46,09:35:36,13.83,0.0,20,27660,卖盘
47,09:35:45,13.83,0.0,11,15207,买盘
48,09:35:51,13.83,0.0,13,17974,买盘
49,09:36:03,13.83,0.0,1,1383,买盘
50,09:36:22,13.82,-0.01,1,1382,卖盘
51,09:36:25,13.82,0.0,9,12438,买盘
52,09:36:43,13.81,-0.01,6,8286,卖盘
53,09:36:55,13.82,0.01,6,8292,买盘
54,09:37:04,13.82,0.0,1,1382,买盘
55,09:37:06,13.82,0.0,8,11056,买盘
56,09:37:10,13.81,-0.01,6,8286,卖盘
57,09:37:22,13.82,0.01,4,5528,买盘
58,09:37:30,13.81,-0.01,40,55240,卖盘
59,09:37:34,13.81,0.0,1,1381,买盘
60,09:37:43,13.81,0.0,2,2762,买盘
61,09:37:49,13.8,-0.01,6,8280,卖盘
62,09:37:51,13.8,0.0,21,28980,卖盘
63,09:37:55,13.8,0.0,5,6900,卖盘
64,09:37:58,13.8,0.0,177,244260,卖盘
65,09:38:01,13.79,-0.01,2,2758,卖盘
66,09:38:04,13.79,0.0,2,2759,卖盘
67,09:38:06,13.8,0.01,20,27600,买盘
68,09:38:21,13.78,-0.02,4,5515,卖盘
69,09:38:25,13.77,-0.01,42,57844,卖盘
70,09:38:33,13.8,0.03,6,8280,买盘
71,09:38:43,13.8,0.0,14,19320,买盘
72,09:39:04,13.8,0.0,2,2760,买盘
73,09:39:15,13.79,-0.01,2,2758,买盘
74,09:39:34,13.79,0.0,4,5516,卖盘
75,09:39:37,13.8,0.01,10,13800,买盘
76,09:39:40,13.8,0.0,14,19315,买盘
77,09:39:52,13.8,0.0,6,8280,买盘
78,09:40:27,13.8,0.0,6,8280,买盘
79,09:40:31,13.79,-0.01,19,26219,卖盘
80,09:40:39,13.8,0.01,1,1380,买盘
81,09:40:46,13.79,-0.01,1,1379,卖盘
82,09:40:55,13.8,0.01,3,4140,买盘
83,09:40:58,13.8,0.0,10,13800,买盘
84,09:41:09,13.8,0.0,10,13800,买盘
85,09:41:12,13.79,-0.01,48,66229,卖盘
86,09:41:25,13.79,0.0,1,1379,买盘
87,09:41:34,13.76,-0.03,71,97731,卖盘
88,09:41:37,13.76,0.0,20,27520,买盘
89,09:41:58,13.76,0.0,5,6880,卖盘
90,09:42:04,13.79,0.03,10,13790,买盘
91,09:42:07,13.76,-0.03,10,13760,卖盘
92,09:43:18,13.76,0.0,6,8256,卖盘
93,09:43:34,13.76,0.0,14,19264,卖盘
94,09:43:49,13.76,0.0,42,57792,卖盘
95,09:44:09,13.76,0.0,13,17888,卖盘
96,09:44:40,13.79,0.03,10,13790,买盘
97,09:44:55,13.77,-0.02,5,6885,卖盘
98,09:45:04,13.77,0.0,5,6885,卖盘
99,09:45:07,13.78,0.01,11,15148,买盘
100,09:45:22,13.78,0.0,20,27560,买盘
101,09:45:27,13.77,-0.01,50,68877,卖盘
102,09:45:37,13.78,0.01,9,12402,卖盘
103,09:45:40,13.78,0.0,1,1378,卖盘
104,09:45:43,13.78,0.0,17,23426,卖盘
105,09:45:45,13.78,0.0,3,4134,卖盘
106,09:45:55,13.77,-0.01,44,60588,卖盘
107,09:45:58,13.77,0.0,6,8262,卖盘
108,09:46:00,13.77,0.0,5,6885,买盘
109,09:46:04,13.76,-0.01,88,121088,卖盘
110,09:46:22,13.75,-0.01,15,20625,卖盘
111,09:46:28,13.73,-0.02,129,177254,卖盘
112,09:46:31,13.73,0.0,10,13730,买盘
113,09:46:34,13.72,-0.01,2,2744,卖盘
114,09:46:39,13.71,-0.01,61,83658,卖盘
115,09:46:52,13.73,0.02,51,70023,卖盘
116,09:46:58,13.71,-0.02,8,10972,卖盘
117,09:47:04,13.71,0.0,11,15081,卖盘
118,09:47:22,13.72,0.01,1,1372,卖盘
119,09:47:33,13.72,0.0,9,12348,买盘
120,09:47:37,13.72,0.0,8,10976,卖盘
121,09:47:40,13.73,0.01,122,167454,买盘
122,09:48:10,13.73,0.0,11,15108,卖盘
123,09:48:18,13.73,0.0,10,13730,卖盘
124,09:48:43,13.73,0.0,32,43936,卖盘
125,09:49:22,13.73,0.0,5,6865,卖盘
126,09:49:25,13.75,0.02,1,1375,买盘
127,09:49:31,13.73,-0.02,37,50801,卖盘
128,09:50:28,13.74,0.01,5,6870,卖盘
129,09:50:31,13.72,-0.02,148,203104,卖盘
130,09:50:45,13.74,0.02,1,1374,买盘
131,09:50:55,13.74,0.0,1,1374,买盘
132,09:51:04,13.72,-0.02,2,2744,卖盘
133,09:51:13,13.72,0.0,20,27440,卖盘
134,09:51:19,13.72,0.0,7,9604,卖盘
135,09:51:58,13.72,0.0,35,48020,卖盘
136,09:52:01,13.74,0.02,7,9608,买盘
137,09:52:22,13.74,0.0,10,13740,买盘
138,09:52:48,13.73,-0.01,7,9611,卖盘
139,09:53:21,13.73,0.0,50,68650,卖盘
140,09:53:28,13.74,0.01,1,1374,买盘
141,09:53:46,13.73,-0.01,10,13730,卖盘
142,09:54:01,13.74,0.01,50,68700,买盘
143,09:54:04,13.73,-0.01,30,41190,卖盘
144,09:54:13,13.73,0.0,10,13730,卖盘
145,09:54:19,13.73,0.0,9,12357,卖盘
146,09:54:45,13.73,0.0,2,2746,卖盘
147,09:54:55,13.73,0.0,21,28833,卖盘
148,09:55:04,13.72,-0.01,2,2744,卖盘
149,09:55:06,13.72,0.0,19,26068,卖盘
150,09:55:10,13.73,0.01,80,109765,买盘
151,09:55:13,13.73,0.0,58,79582,买盘
152,09:55:22,13.72,-0.01,2,2744,卖盘
153,09:55:28,13.71,-0.01,4,5484,卖盘
154,09:55:42,13.71,0.0,52,71292,卖盘
155,09:56:10,13.72,0.01,9,12348,卖盘
156,09:56:15,13.72,0.0,45,61710,买盘
157,09:56:27,13.72,0.0,5,6860,卖盘
158,09:56:34,13.72,0.0,2,2744,卖盘
159,09:56:37,13.72,0.0,26,35672,卖盘
160,09:56:40,13.72,0.0,3,4116,买盘
161,09:56:48,13.72,0.0,1,1372,买盘
162,09:57:13,13.72,0.0,15,20570,买盘
163,09:57:18,13.72,0.0,24,32928,买盘
164,09:57:27,13.72,0.0,54,74088,卖盘
165,09:57:45,13.71,-0.01,54,74034,卖盘
166,09:57:49,13.72,0.01,10,13720,买盘
167,09:58:25,13.72,0.0,10,13720,买盘
168,09:58:28,13.72,0.0,5,6860,买盘
169,09:58:31,13.71,-0.01,97,133036,卖盘
170,09:58:40,13.71,0.0,100,137115,卖盘
171,09:59:04,13.71,0.0,16,21936,卖盘
172,09:59:07,13.72,0.01,10,13720,买盘
173,09:59:40,13.71,-0.01,10,13710,卖盘
174,09:59:55,13.71,0.0,5,6855,卖盘
175,09:59:58,13.72,0.01,5,6860,买盘
176,10:00:01,13.72,0.0,40,54880,买盘
177,10:00:10,13.71,-0.01,50,68585,卖盘
178,10:00:25,13.72,0.01,1,1372,买盘
179,10:00:40,13.72,0.0,14,19208,买盘
180,10:00:58,13.72,0.0,2,2744,卖盘
181,10:01:04,13.72,0.0,7,9604,卖盘
182,10:01:07,13.72,0.0,7,9604,卖盘
183,10:01:10,13.72,0.0,10,13720,买盘
184,10:01:16,13.72,0.0,33,45276,买盘
185,10:01:18,13.72,0.0,10,13720,卖盘
186,10:01:22,13.72,0.0,20,27440,买盘
187,10:01:24,13.72,0.0,5,6860,买盘
188,10:01:58,13.72,0.0,25,34300,买盘
189,10:02:01,13.72,0.0,3,4116,买盘
190,10:02:10,13.72,0.0,2,2744,卖盘
191,10:02:12,13.72,0.0,15,20580,卖盘
192,10:02:16,13.72,0.0,10,13720,买盘
193,10:02:40,13.72,0.0,3,4116,买盘
194,10:02:46,13.71,-0.01,27,37017,卖盘
195,10:02:52,13.71,0.0,30,41130,卖盘
196,10:03:01,13.71,0.0,2,2742,卖盘
197,10:03:04,13.72,0.01,10,13720,买盘
198,10:03:46,13.71,-0.01,13,17823,卖盘
199,10:03:57,13.71,0.0,15,20565,卖盘
200,10:04:00,13.71,0.0,111,152181,卖盘
201,10:04:10,13.71,0.0,16,21936,中性盘
202,10:04:16,13.71,0.0,4,5484,卖盘
203,10:04:19,13.71,0.0,1,1371,买盘
204,10:04:25,13.72,0.01,2,2744,买盘
205,10:04:28,13.71,-0.01,20,27420,卖盘
206,10:04:37,13.7,-0.01,1,1370,卖盘
207,10:04:48,13.7,0.0,205,280850,卖盘
208,10:04:52,13.7,0.0,20,27400,卖盘
209,10:04:54,13.7,0.0,15,20550,卖盘
210,10:04:58,13.7,0.0,24,32880,卖盘
211,10:05:01,13.7,0.0,1,1370,卖盘
212,10:05:07,13.7,0.0,25,34250,卖盘
213,10:05:40,13.7,0.0,10,13700,卖盘
214,10:05:42,13.7,0.0,4,5480,卖盘
215,10:05:55,13.69,-0.01,14,19166,卖盘
216,10:05:58,13.69,0.0,5,6845,卖盘
217,10:06:01,13.69,0.0,14,19166,卖盘
218,10:06:04,13.7,0.01,2,2740,买盘
219,10:06:10,13.7,0.0,13,17810,买盘
220,10:06:22,13.7,0.0,20,27400,买盘
221,10:06:25,13.7,0.0,11,15070,买盘
222,10:06:37,13.7,0.0,9,12330,卖盘
223,10:06:46,13.7,0.0,2,2740,卖盘
224,10:06:49,13.7,0.0,1,1370,买盘
225,10:06:55,13.69,-0.01,15,20536,卖盘
226,10:06:58,13.69,0.0,15,20535,卖盘
227,10:07:00,13.7,0.01,4,5481,中性盘
228,10:07:04,13.7,0.0,41,56150,中性盘
229,10:07:21,13.69,-0.01,3,4107,卖盘
230,10:07:52,13.69,0.0,20,27380,卖盘
231,10:07:54,13.69,0.0,28,38332,卖盘
232,10:07:58,13.69,0.0,11,15059,卖盘
233,10:08:01,13.69,0.0,7,9583,卖盘
234,10:08:04,13.69,0.0,2,2738,卖盘
235,10:08:07,13.68,-0.01,60,82081,卖盘
236,10:08:10,13.68,0.0,1,1368,卖盘
237,10:08:25,13.68,0.0,5,6840,卖盘
238,10:08:28,13.69,0.01,1,1369,买盘
239,10:08:34,13.68,-0.01,42,57456,卖盘
240,10:08:48,13.68,0.0,55,75240,卖盘
241,10:08:55,13.67,-0.01,15,20505,卖盘
242,10:09:04,13.67,0.0,5,6835,卖盘
243,10:09:07,13.67,0.0,9,12303,卖盘
244,10:09:13,13.67,0.0,10,13670,卖盘
245,10:09:28,13.68,0.01,5,6840,买盘
246,10:09:34,13.68,0.0,80,109386,买盘
247,10:09:39,13.68,0.0,20,27360,买盘
248,10:09:43,13.67,-0.01,10,13670,卖盘
249,10:09:48,13.68,0.01,15,20520,买盘
250,10:09:51,13.68,0.0,19,25992,买盘
251,10:09:54,13.67,-0.01,15,20517,卖盘
252,10:09:58,13.69,0.02,1,1369,买盘
253,10:10:07,13.67,-0.02,54,73861,卖盘
254,10:10:18,13.68,0.01,1,1368,买盘
255,10:10:22,13.68,0.0,4,5472,买盘
256,10:10:31,13.7,0.02,1,1370,买盘
257,10:10:42,13.68,-0.02,3,4104,卖盘
258,10:11:01,13.68,0.0,15,20523,卖盘
259,10:11:07,13.7,0.02,4,5480,买盘
260,10:11:19,13.7,0.0,1,1370,买盘
261,10:12:00,13.68,-0.02,15,20520,卖盘
262,10:12:04,13.7,0.02,1,1370,买盘
263,10:12:31,13.7,0.0,10,13700,买盘
264,10:12:40,13.68,-0.02,1,1368,卖盘
265,10:13:01,13.68,0.0,15,20520,卖盘
266,10:13:04,13.68,0.0,150,205200,卖盘
267,10:13:40,13.7,0.02,1,1370,买盘
268,10:13:57,13.68,-0.02,6,8209,卖盘
269,10:14:04,13.68,0.0,15,20520,卖盘
270,10:14:43,13.7,0.02,5,6850,买盘
271,10:14:46,13.68,-0.02,40,54720,卖盘
272,10:14:54,13.68,0.0,10,13680,卖盘
273,10:15:04,13.68,0.0,15,20520,卖盘
274,10:15:22,13.68,0.0,8,10944,卖盘
275,10:15:45,13.68,0.0,27,36936,卖盘
276,10:15:54,13.67,-0.01,37,50584,卖盘
277,10:15:58,13.68,0.01,4,5472,买盘
278,10:16:04,13.67,-0.01,14,19138,卖盘
279,10:16:09,13.68,0.01,6,8207,买盘
280,10:16:16,13.67,-0.01,100,136700,卖盘
281,10:16:21,13.67,0.0,28,38276,卖盘
282,10:16:28,13.67,0.0,5,6835,买盘
283,10:16:46,13.66,-0.01,20,27320,卖盘
284,10:16:49,13.67,0.01,6,8202,买盘
285,10:16:52,13.66,-0.01,41,56006,卖盘
286,10:16:54,13.67,0.01,3,4101,买盘
287,10:17:01,13.66,-0.01,8,10928,卖盘
288,10:17:03,13.66,0.0,15,20490,卖盘
289,10:17:16,13.66,0.0,55,75130,卖盘
290,10:17:19,13.67,0.01,1,1367,买盘
291,10:17:21,13.67,0.0,34,46468,买盘
292,10:17:34,13.67,0.0,7,9569,买盘
293,10:17:46,13.67,0.0,13,17771,买盘
294,10:17:49,13.66,-0.01,34,46472,卖盘
295,10:18:04,13.66,0.0,14,19130,卖盘
296,10:18:16,13.66,0.0,7,9562,卖盘
297,10:18:28,13.66,0.0,5,6830,卖盘
298,10:18:34,13.66,0.0,21,28686,卖盘
299,10:18:36,13.66,0.0,30,40982,卖盘
300,10:18:55,13.67,0.01,4,5468,卖盘
301,10:19:04,13.66,-0.01,15,20496,卖盘
302,10:19:09,13.68,0.02,2,2736,买盘
303,10:19:13,13.66,-0.02,63,86061,卖盘
304,10:19:40,13.66,0.0,60,81960,卖盘
305,10:19:43,13.66,0.0,30,41020,卖盘
306,10:19:52,13.66,0.0,103,140698,卖盘
307,10:20:03,13.66,0.0,10,13660,买盘
308,10:20:16,13.68,0.02,213,291184,买盘
309,10:20:51,13.69,0.01,48,65712,卖盘
310,10:20:57,13.7,0.01,1,1370,买盘
311,10:21:04,13.68,-0.02,11,15048,卖盘
312,10:21:06,13.7,0.02,29,39730,买盘
313,10:21:12,13.68,-0.02,20,27360,卖盘
314,10:21:43,13.7,0.02,14,19180,买盘
315,10:21:51,13.68,-0.02,18,24624,卖盘
316,10:22:10,13.68,0.0,19,25994,卖盘
317,10:22:31,13.68,0.0,10,13685,卖盘
318,10:22:58,13.68,0.0,8,10944,卖盘
319,10:23:04,13.68,0.0,17,23256,卖盘
320,10:23:06,13.68,0.0,56,76608,卖盘
321,10:23:31,13.68,0.0,3,4104,买盘
322,10:24:07,13.7,0.02,1,1370,买盘
323,10:24:15,13.68,-0.02,17,23256,卖盘
324,10:24:36,13.69,0.01,1,1369,买盘
325,10:24:40,13.69,0.0,4,5476,买盘
326,10:24:42,13.69,0.0,5,6845,买盘
327,10:25:19,13.7,0.01,6,8220,买盘
328,10:25:40,13.69,-0.01,21,28749,卖盘
329,10:25:46,13.69,0.0,9,12321,卖盘
330,10:25:58,13.69,0.0,7,9583,买盘
331,10:26:34,13.69,0.0,5,6845,买盘
332,10:26:37,13.69,0.0,1,1369,买盘
333,10:26:39,13.69,0.0,40,54760,买盘
334,10:26:43,13.68,-0.01,5,6840,卖盘
335,10:26:45,13.69,0.01,7,9583,买盘
336,10:26:55,13.69,0.0,5,6845,买盘
337,10:27:04,13.68,-0.01,20,27360,卖盘
338,10:27:07,13.68,0.0,1,1368,卖盘
339,10:27:12,13.68,0.0,11,15048,卖盘
340,10:27:39,13.68,0.0,5,6840,卖盘
341,10:27:43,13.7,0.02,144,197250,买盘
342,10:27:46,13.68,-0.02,18,24624,卖盘
343,10:28:25,13.7,0.02,25,34249,买盘
344,10:28:37,13.7,0.0,1,1370,买盘
345,10:28:51,13.7,0.0,2,2740,卖盘
346,10:29:04,13.68,-0.02,17,23258,卖盘
347,10:29:09,13.7,0.02,1,1370,买盘
348,10:29:43,13.67,-0.03,59,80696,卖盘
349,10:29:58,13.69,0.02,7,9573,买盘
350,10:30:13,13.68,-0.01,11,15048,中性盘
351,10:30:15,13.67,-0.01,17,23239,卖盘
352,10:30:21,13.68,0.01,16,21888,买盘
353,10:30:31,13.68,0.0,12,16416,卖盘
354,10:30:43,13.68,0.0,20,27360,卖盘
355,10:30:52,13.68,0.0,22,30096,卖盘
356,10:30:55,13.69,0.01,55,75295,买盘
357,10:30:58,13.68,-0.01,11,15048,卖盘
358,10:31:01,13.69,0.01,14,19157,买盘
359,10:31:06,13.69,0.0,14,19166,卖盘
360,10:31:10,13.69,0.0,7,9583,卖盘
361,10:31:16,13.69,0.0,12,16428,卖盘
362,10:31:27,13.68,-0.01,1,1368,卖盘
363,10:31:37,13.69,0.01,84,114981,买盘
364,10:31:42,13.69,0.0,36,49284,买盘
365,10:31:49,13.68,-0.01,1,1368,卖盘
366,10:31:55,13.68,0.0,14,19152,卖盘
367,10:32:07,13.66,-0.02,400,546602,卖盘
368,10:32:10,13.66,0.0,14,19124,卖盘
369,10:32:13,13.66,0.0,1,1366,卖盘
370,10:32:19,13.65,-0.01,17,23207,卖盘
371,10:32:22,13.65,0.0,20,27300,卖盘
372,10:32:27,13.65,0.0,4,5460,卖盘
373,10:32:31,13.65,0.0,29,39585,卖盘
374,10:32:34,13.65,0.0,15,20475,卖盘
375,10:32:46,13.66,0.01,46,62836,买盘
376,10:32:48,13.65,-0.01,125,170630,卖盘
377,10:32:58,13.64,-0.01,30,40938,卖盘
378,10:33:01,13.64,0.0,66,90080,卖盘
379,10:33:10,13.64,0.0,19,25921,卖盘
380,10:33:12,13.64,0.0,1,1364,卖盘
381,10:33:18,13.65,0.01,48,65520,买盘
382,10:33:21,13.65,0.0,2,2730,卖盘
383,10:33:24,13.65,0.0,28,38220,买盘
384,10:33:27,13.66,0.01,7,9562,买盘
385,10:33:37,13.66,0.0,1,1366,买盘
386,10:33:40,13.66,0.0,1,1366,买盘
387,10:33:52,13.66,0.0,10,13660,卖盘
388,10:34:13,13.67,0.01,1,1367,买盘
389,10:34:25,13.67,0.0,14,19138,买盘
390,10:34:43,13.66,-0.01,15,20498,卖盘
391,10:35:25,13.66,0.0,12,16392,卖盘
392,10:35:55,13.68,0.02,2,2736,买盘
393,10:36:16,13.66,-0.02,17,23222,卖盘
394,10:36:25,13.66,0.0,10,13660,卖盘
395,10:36:33,13.68,0.02,1,1368,买盘
396,10:36:43,13.66,-0.02,9,12294,卖盘
397,10:37:19,13.67,0.01,37,50579,买盘
398,10:37:24,13.66,-0.01,17,23222,卖盘
399,10:37:39,13.67,0.01,31,42377,买盘
400,10:37:52,13.67,0.0,1,1367,买盘
401,10:38:04,13.67,0.0,5,6835,卖盘
402,10:38:33,13.66,-0.01,17,23229,卖盘
403,10:39:07,13.68,0.02,27,36936,买盘
404,10:39:31,13.67,-0.01,1,1367,买盘
405,10:39:49,13.66,-0.01,19,25954,卖盘
406,10:40:42,13.68,0.02,4,5472,买盘
407,10:40:48,13.68,0.0,5,6840,买盘
408,10:40:52,13.66,-0.02,20,27320,卖盘
409,10:41:00,13.66,0.0,12,16392,卖盘
410,10:41:09,13.68,0.02,1,1368,买盘
411,10:41:19,13.66,-0.02,8,10929,卖盘
412,10:41:28,13.68,0.02,6,8208,买盘
413,10:41:33,13.66,-0.02,4,5464,卖盘
414,10:41:46,13.68,0.02,50,68400,买盘
415,10:42:04,13.68,0.0,20,27360,买盘
416,10:42:07,13.68,0.0,2,2736,买盘
417,10:42:21,13.68,0.0,14,19152,买盘
418,10:42:24,13.69,0.01,14,19166,买盘
419,10:42:39,13.7,0.01,30,41100,买盘
420,10:42:42,13.69,-0.01,20,27380,卖盘
421,10:43:07,13.7,0.01,4,5480,买盘
422,10:43:10,13.71,0.01,21,28784,买盘
423,10:43:13,13.7,-0.01,17,23290,卖盘
424,10:43:16,13.7,0.0,30,41100,卖盘
425,10:43:18,13.69,-0.01,50,68450,卖盘
426,10:43:36,13.69,0.0,1,1369,买盘
427,10:44:00,13.7,0.01,3,4110,买盘
428,10:44:10,13.7,0.0,1,1370,买盘
429,10:44:18,13.7,0.0,14,19180,买盘
430,10:44:24,13.69,-0.01,1,1369,卖盘
431,10:44:49,13.68,-0.01,22,30097,卖盘
432,10:45:01,13.67,-0.01,3,4101,卖盘
433,10:45:16,13.66,-0.01,14,19124,卖盘
434,10:45:25,13.66,0.0,43,58738,卖盘
435,10:45:30,13.65,-0.01,16,21847,卖盘
436,10:45:34,13.67,0.02,14,19138,买盘
437,10:45:46,13.65,-0.02,20,27300,卖盘
438,10:45:51,13.68,0.03,100,136746,买盘
439,10:45:58,13.65,-0.03,60,81900,卖盘
440,10:46:19,13.65,0.0,40,54600,卖盘
441,10:46:28,13.65,0.0,17,23205,卖盘
442,10:46:34,13.65,0.0,60,81900,卖盘
443,10:46:37,13.65,0.0,9,12285,卖盘
444,10:46:40,13.64,-0.01,10,13640,卖盘
445,10:46:46,13.65,0.01,14,19110,买盘
446,10:46:52,13.64,-0.01,77,105095,卖盘
447,10:46:58,13.64,0.0,20,27295,卖盘
448,10:47:07,13.65,0.01,7,9555,卖盘
449,10:47:09,13.66,0.01,60,81960,买盘
450,10:47:34,13.67,0.01,1,1367,买盘
451,10:47:42,13.66,-0.01,23,31418,卖盘
452,10:47:58,13.65,-0.01,50,68276,卖盘
453,10:48:01,13.67,0.02,14,19138,买盘
454,10:48:34,13.66,-0.01,6,8196,卖盘
455,10:49:10,13.65,-0.01,15,20489,卖盘
456,10:49:19,13.67,0.02,2,2734,买盘
457,10:49:21,13.67,0.0,14,19138,买盘
458,10:49:34,13.67,0.0,5,6835,买盘
459,10:50:01,13.68,0.01,25,34200,买盘
460,10:50:31,13.67,-0.01,14,19138,卖盘
461,10:50:45,13.67,0.0,119,162789,卖盘
462,10:51:34,13.66,-0.01,19,25954,卖盘
463,10:51:37,13.66,0.0,1,1366,买盘
464,10:51:40,13.67,0.01,21,28707,买盘
465,10:51:57,13.67,0.0,10,13670,卖盘
466,10:52:12,13.67,0.0,19,25973,卖盘
467,10:52:21,13.67,0.0,8,10936,买盘
468,10:52:31,13.66,-0.01,15,20490,卖盘
469,10:52:43,13.66,0.0,28,38248,买盘
470,10:53:01,13.66,0.0,15,20490,卖盘
471,10:53:49,13.66,0.0,3,4098,卖盘
472,10:54:01,13.67,0.01,25,34150,买盘
473,10:54:16,13.67,0.0,11,15037,买盘
474,10:54:54,13.67,0.0,6,8202,买盘
475,10:55:07,13.67,0.0,10,13670,买盘
476,10:55:37,13.66,-0.01,164,224024,卖盘
477,10:55:40,13.67,0.01,61,83387,买盘
478,10:56:27,13.67,0.0,6,8202,买盘
479,10:56:43,13.66,-0.01,5,6830,卖盘
480,10:56:54,13.66,0.0,17,23222,卖盘
481,10:57:33,13.66,0.0,5,6830,卖盘
482,10:57:40,13.66,0.0,1,1366,卖盘
483,10:57:58,13.67,0.01,25,34155,买盘
484,10:58:04,13.66,-0.01,16,21856,卖盘
485,10:58:12,13.67,0.01,7,9569,买盘
486,10:58:18,13.66,-0.01,12,16394,卖盘
487,10:58:28,13.67,0.01,1,1367,买盘
488,10:58:55,13.64,-0.03,380,518644,卖盘
489,10:59:10,13.64,0.0,59,80490,卖盘
490,10:59:12,13.64,0.0,22,30008,买盘
491,10:59:15,13.64,0.0,59,80459,买盘
492,10:59:19,13.63,-0.01,3,4089,卖盘
493,10:59:22,13.64,0.01,42,57288,买盘
494,10:59:25,13.64,0.0,1,1364,买盘
495,10:59:27,13.64,0.0,2,2728,卖盘
496,11:00:18,13.66,0.02,30,40980,买盘
497,11:00:24,13.66,0.0,17,23222,卖盘
498,11:00:31,13.66,0.0,22,30052,卖盘
499,11:00:49,13.65,-0.01,3,4095,卖盘
500,11:01:06,13.66,0.01,1,1366,买盘
501,11:01:33,13.64,-0.02,18,24564,卖盘
502,11:01:37,13.66,0.02,6,8196,买盘
503,11:02:06,13.65,-0.01,6,8190,买盘
504,11:02:40,13.64,-0.01,10,13640,卖盘
505,11:02:48,13.64,0.0,18,24552,卖盘
506,11:03:33,13.64,0.0,5,6820,卖盘
507,11:03:39,13.64,0.0,6,8184,卖盘
508,11:04:01,13.65,0.01,1,1365,买盘
509,11:04:04,13.64,-0.01,18,24552,卖盘
510,11:04:07,13.64,0.0,20,27280,卖盘
511,11:04:24,13.63,-0.01,20,27272,卖盘
512,11:04:42,13.65,0.02,13,17729,买盘
513,11:04:51,13.64,-0.01,10,13640,卖盘
514,11:04:54,13.64,0.0,7,9548,中性盘
515,11:05:04,13.63,-0.01,1,1363,卖盘
516,11:05:06,13.64,0.01,2,2728,买盘
517,11:05:16,13.64,0.0,17,23188,卖盘
518,11:05:24,13.64,0.0,30,40920,卖盘
519,11:05:33,13.65,0.01,10,13650,买盘
520,11:05:45,13.65,0.0,5,6825,买盘
521,11:05:48,13.65,0.0,26,35490,买盘
522,11:05:51,13.65,0.0,2,2730,买盘
523,11:06:19,13.65,0.0,9,12285,卖盘
524,11:06:48,13.66,0.01,10,13660,买盘
525,11:06:55,13.66,0.0,51,69666,买盘
526,11:07:04,13.66,0.0,51,69666,买盘
527,11:08:49,13.66,0.0,62,84692,卖盘
528,11:08:58,13.66,0.0,5,6830,买盘
529,11:09:04,13.65,-0.01,13,17745,卖盘
530,11:09:06,13.65,0.0,4,5460,卖盘
531,11:09:10,13.65,0.0,2,2730,卖盘
532,11:09:21,13.65,0.0,4,5460,卖盘
533,11:09:28,13.66,0.01,1,1366,买盘
534,11:09:42,13.63,-0.03,400,545431,卖盘
535,11:10:01,13.63,0.0,14,19082,卖盘
536,11:10:07,13.66,0.03,1,1366,买盘
537,11:10:12,13.64,-0.02,8,10912,卖盘
538,11:10:19,13.64,0.0,5,6820,卖盘
539,11:10:48,13.64,0.0,10,13640,卖盘
540,11:10:54,13.65,0.01,10,13650,买盘
541,11:11:00,13.65,0.0,15,20475,买盘
542,11:11:19,13.65,0.0,21,28665,卖盘
543,11:11:33,13.64,-0.01,20,27280,卖盘
544,11:11:37,13.64,0.0,6,8184,卖盘
545,11:11:49,13.63,-0.01,400,545200,卖盘
546,11:11:51,13.64,0.01,5,6820,中性盘
547,11:11:57,13.63,-0.01,89,121307,卖盘
548,11:12:04,13.62,-0.01,15,20430,卖盘
549,11:12:10,13.62,0.0,11,14982,卖盘
550,11:12:22,13.62,0.0,20,27240,卖盘
551,11:13:04,13.62,0.0,14,19068,卖盘
552,11:13:09,13.62,0.0,20,27243,卖盘
553,11:13:15,13.62,0.0,6,8172,卖盘
554,11:13:19,13.63,0.01,1,1363,中性盘
555,11:13:31,13.64,0.01,2,2728,买盘
556,11:13:34,13.64,0.0,14,19096,买盘
557,11:13:36,13.64,0.0,20,27280,买盘
558,11:13:40,13.64,0.0,1,1364,买盘
559,11:13:43,13.64,0.0,2,2728,买盘
560,11:13:46,13.63,-0.01,5,6815,卖盘
561,11:14:04,13.65,0.02,22,30030,买盘
562,11:14:10,13.64,-0.01,1,1364,卖盘
563,11:14:12,13.64,0.0,4,5456,卖盘
564,11:15:04,13.64,0.0,39,53222,卖盘
565,11:15:52,13.64,0.0,150,204634,卖盘
566,11:15:55,13.63,-0.01,17,23171,卖盘
567,11:16:03,13.64,0.01,5,6820,买盘
568,11:16:34,13.64,0.0,10,13640,卖盘
569,11:17:04,13.64,0.0,17,23188,卖盘
570,11:17:12,13.65,0.01,10,13650,买盘
571,11:17:43,13.64,-0.01,10,13640,卖盘
572,11:17:57,13.64,0.0,9,12276,卖盘
573,11:18:15,13.64,0.0,17,23188,卖盘
574,11:18:57,13.64,0.0,42,58147,卖盘
575,11:19:18,13.64,0.0,15,20460,卖盘
576,11:19:33,13.65,0.01,7,9555,买盘
577,11:20:12,13.64,-0.01,5,6820,卖盘
578,11:20:24,13.64,0.0,26,35474,卖盘
579,11:20:33,13.65,0.01,20,27300,买盘
580,11:21:04,13.65,0.0,20,27300,买盘
581,11:21:10,13.65,0.0,100,136500,买盘
582,11:21:30,13.64,-0.01,16,21824,卖盘
583,11:22:06,13.65,0.01,5,6825,买盘
584,11:22:27,13.65,0.0,10,13650,买盘
585,11:22:40,13.64,-0.01,18,24552,卖盘
586,11:22:48,13.65,0.01,3,4095,买盘
587,11:23:00,13.65,0.0,2,2730,买盘
588,11:23:52,13.64,-0.01,13,17732,卖盘
589,11:24:21,13.65,0.01,79,107835,买盘
590,11:24:24,13.65,0.0,1,1365,买盘
591,11:24:27,13.65,0.0,2,2730,买盘
592,11:24:30,13.65,0.0,2,2730,买盘
593,11:24:33,13.65,0.0,13,17745,买盘
594,11:24:37,13.65,0.0,1,1365,买盘
595,11:24:57,13.67,0.02,2,2734,买盘
596,11:25:09,13.69,0.02,74,101282,买盘
597,11:26:27,13.67,-0.02,10,13670,卖盘
598,11:26:30,13.67,0.0,1,1367,卖盘
599,11:26:48,13.67,0.0,4,5468,卖盘
600,11:27:00,13.67,0.0,11,15037,卖盘
601,11:27:09,13.66,-0.01,26,35518,卖盘
602,11:27:12,13.66,0.0,26,35516,卖盘
603,11:28:09,13.65,-0.01,12,16380,卖盘
604,11:28:16,13.66,0.01,5,6830,买盘
605,11:28:27,13.65,-0.01,20,27300,卖盘
606,11:29:00,13.65,0.0,8,10852,卖盘
607,11:29:06,13.65,0.0,28,38220,卖盘
608,11:29:49,13.65,0.0,3,4095,卖盘
609,13:00:04,13.65,0.0,76,103757,卖盘
610,13:00:07,13.64,-0.01,7,9553,卖盘
611,13:00:21,13.65,0.01,9,12285,卖盘
612,13:02:18,13.65,0.0,14,19110,卖盘
613,13:03:21,13.65,0.0,20,27300,卖盘
614,13:03:54,13.65,0.0,5,6825,卖盘
615,13:04:06,13.65,0.0,10,13650,买盘
616,13:04:12,13.65,0.0,1,1365,买盘
617,13:04:39,13.66,0.01,5,6830,买盘
618,13:05:21,13.65,-0.01,1,1365,卖盘
619,13:05:24,13.65,0.0,10,13650,卖盘
620,13:05:36,13.65,0.0,3,4095,买盘
621,13:05:39,13.65,0.0,13,17745,卖盘
622,13:06:10,13.65,0.0,2,2730,卖盘
623,13:06:12,13.65,0.0,1,1365,卖盘
624,13:06:15,13.65,0.0,1,1365,卖盘
625,13:06:18,13.65,0.0,1,1365,卖盘
626,13:06:21,13.65,0.0,1,1365,卖盘
627,13:06:24,13.65,0.0,1,1365,卖盘
628,13:06:55,13.65,0.0,9,12285,卖盘
629,13:06:57,13.65,0.0,6,8190,卖盘
630,13:07:00,13.65,0.0,8,10920,卖盘
631,13:07:04,13.65,0.0,4,5460,卖盘
632,13:07:06,13.65,0.0,5,6825,卖盘
633,13:07:10,13.65,0.0,6,8190,卖盘
634,13:07:12,13.65,0.0,4,5460,卖盘
635,13:07:15,13.65,0.0,4,5460,卖盘
636,13:07:18,13.65,0.0,1,1365,卖盘
637,13:07:21,13.65,0.0,1,1365,买盘
638,13:07:24,13.65,0.0,4,5460,卖盘
639,13:07:27,13.65,0.0,4,5460,卖盘
640,13:07:31,13.65,0.0,4,5460,卖盘
641,13:07:33,13.65,0.0,1,1365,卖盘
642,13:07:57,13.64,-0.01,121,165112,卖盘
643,13:08:06,13.63,-0.01,12,16356,卖盘
644,13:08:21,13.64,0.01,10,13640,买盘
645,13:08:43,13.63,-0.01,23,31349,卖盘
646,13:08:51,13.64,0.01,5,6820,买盘
647,13:08:54,13.64,0.0,16,21824,买盘
648,13:09:39,13.64,0.0,6,8184,买盘
649,13:09:49,13.64,0.0,4,5456,买盘
650,13:09:51,13.64,0.0,1,1364,买盘
651,13:09:54,13.64,0.0,1,1364,买盘
652,13:09:57,13.64,0.0,1,1364,买盘
653,13:10:00,13.64,0.0,20,27280,买盘
654,13:10:04,13.64,0.0,9,12208,买盘
655,13:10:31,13.64,0.0,2,2728,卖盘
656,13:10:33,13.64,0.0,4,5456,卖盘
657,13:10:36,13.64,0.0,3,4092,卖盘
658,13:10:40,13.64,0.0,4,5456,卖盘
659,13:10:43,13.64,0.0,16,21824,卖盘
660,13:10:46,13.64,0.0,2,2728,卖盘
661,13:10:49,13.64,0.0,6,8184,卖盘
662,13:10:51,13.64,0.0,20,27280,卖盘
663,13:10:58,13.64,0.0,14,19096,卖盘
664,13:11:00,13.63,-0.01,49,66806,卖盘
665,13:11:03,13.63,0.0,42,57246,卖盘
666,13:11:07,13.63,0.0,19,25897,卖盘
667,13:11:10,13.64,0.01,50,68160,买盘
668,13:11:13,13.63,-0.01,18,24534,卖盘
669,13:11:15,13.63,0.0,41,55888,卖盘
670,13:11:18,13.63,0.0,29,39527,卖盘
671,13:11:21,13.63,0.0,26,35438,卖盘
672,13:11:24,13.63,0.0,27,36801,卖盘
673,13:11:27,13.63,0.0,24,32712,卖盘
674,13:11:30,13.63,0.0,9,12267,卖盘
675,13:11:33,13.63,0.0,11,14993,卖盘
676,13:11:37,13.63,0.0,4,5452,卖盘
677,13:11:39,13.63,0.0,6,8178,卖盘
678,13:11:49,13.62,-0.01,35,47701,卖盘
679,13:11:55,13.62,0.0,200,272400,卖盘
680,13:11:57,13.62,0.0,2,2724,卖盘
681,13:12:18,13.62,0.0,30,40860,卖盘
682,13:12:21,13.62,0.0,4,5448,卖盘
683,13:12:27,13.62,0.0,55,74910,买盘
684,13:12:36,13.62,0.0,1,1362,买盘
685,13:12:45,13.61,-0.01,7,9531,卖盘
686,13:13:00,13.62,0.01,8,10896,卖盘
687,13:13:04,13.62,0.0,5,6810,卖盘
688,13:13:16,13.61,-0.01,350,476370,卖盘
689,13:13:25,13.61,0.0,5,6805,卖盘
690,13:13:39,13.6,-0.01,10,13607,卖盘
691,13:14:18,13.63,0.03,20,27250,买盘
692,13:14:49,13.63,0.0,9,12267,卖盘
693,13:15:07,13.64,0.01,5,6820,买盘
694,13:15:10,13.63,-0.01,5,6815,卖盘
695,13:15:12,13.63,0.0,2,2726,卖盘
696,13:15:31,13.63,0.0,2,2726,卖盘
697,13:15:54,13.63,0.0,5,6815,买盘
698,13:16:12,13.62,-0.01,10,13620,卖盘
699,13:16:16,13.62,0.0,3,4086,卖盘
700,13:16:49,13.62,0.0,2,2724,卖盘
701,13:17:28,13.62,0.0,5,6810,卖盘
702,13:17:36,13.63,0.01,160,218070,买盘
703,13:17:52,13.63,0.0,2,2726,卖盘
704,13:17:57,13.63,0.0,2,2726,卖盘
705,13:18:09,13.64,0.01,2,2728,卖盘
706,13:18:22,13.65,0.01,8,10920,买盘
707,13:18:25,13.65,0.0,12,16380,买盘
708,13:18:28,13.65,0.0,5,6825,买盘
709,13:18:57,13.65,0.0,50,68250,买盘
710,13:19:01,13.65,0.0,6,8190,买盘
711,13:19:07,13.65,0.0,69,94185,买盘
712,13:19:28,13.65,0.0,9,12285,卖盘
713,13:19:37,13.66,0.01,27,36882,买盘
714,13:20:13,13.67,0.01,51,69717,买盘
715,13:20:22,13.67,0.0,20,27340,卖盘
716,13:20:30,13.67,0.0,6,8202,卖盘
717,13:20:34,13.67,0.0,27,36909,卖盘
718,13:21:04,13.67,0.0,1,1367,买盘
719,13:21:34,13.67,0.0,6,8197,买盘
720,13:21:43,13.66,-0.01,14,19124,卖盘
721,13:21:51,13.66,0.0,20,27320,卖盘
722,13:22:15,13.66,0.0,5,6830,卖盘
723,13:22:51,13.66,0.0,8,10928,卖盘
724,13:23:09,13.66,0.0,14,19124,卖盘
725,13:24:33,13.66,0.0,14,19124,卖盘
726,13:24:46,13.66,0.0,8,10928,卖盘
727,13:24:54,13.67,0.01,7,9569,买盘
728,13:25:24,13.68,0.01,5,6840,买盘
729,13:25:37,13.68,0.0,51,69768,买盘
730,13:25:46,13.68,0.0,1,1368,买盘
731,13:26:00,13.68,0.0,10,13680,买盘
732,13:26:31,13.67,-0.01,3,4101,卖盘
733,13:26:39,13.67,0.0,1,1367,卖盘
734,13:26:43,13.67,0.0,7,9569,卖盘
735,13:26:46,13.67,0.0,2,2734,卖盘
736,13:26:49,13.66,-0.01,51,69707,卖盘
737,13:27:04,13.66,0.0,20,27320,卖盘
738,13:27:12,13.66,0.0,2,2732,卖盘
739,13:28:12,13.66,0.0,25,34150,卖盘
740,13:28:27,13.66,0.0,6,8196,卖盘
741,13:28:33,13.66,0.0,14,19124,卖盘
742,13:28:37,13.66,0.0,30,40980,卖盘
743,13:28:48,13.67,0.01,9,12303,买盘
744,13:29:22,13.67,0.0,2,2734,买盘
745,13:29:24,13.66,-0.01,330,450780,卖盘
746,13:29:54,13.67,0.01,6,8201,买盘
747,13:30:30,13.66,-0.01,14,19124,卖盘
748,13:30:48,13.65,-0.01,23,31401,卖盘
749,13:30:51,13.66,0.01,4,5464,买盘
750,13:31:19,13.66,0.0,2,2732,卖盘
751,13:31:33,13.65,-0.01,250,341250,卖盘
752,13:31:36,13.65,0.0,3,4095,卖盘
753,13:31:57,13.65,0.0,10,13650,买盘
754,13:32:04,13.64,-0.01,230,313720,卖盘
755,13:32:06,13.64,0.0,5,6820,卖盘
756,13:32:09,13.64,0.0,1,1364,卖盘
757,13:32:39,13.61,-0.03,60,81728,卖盘
758,13:33:09,13.61,0.0,199,270843,卖盘
759,13:33:24,13.6,-0.01,40,54430,卖盘
760,13:33:43,13.6,0.0,365,496468,卖盘
761,13:34:06,13.6,0.0,2,2720,卖盘
762,13:34:21,13.61,0.01,1,1361,中性盘
763,13:34:27,13.61,0.0,2,2722,卖盘
764,13:34:34,13.61,0.0,5,6805,卖盘
765,13:34:37,13.61,0.0,1,1361,卖盘
766,13:34:40,13.6,-0.01,10,13602,卖盘
767,13:35:09,13.62,0.02,1,1362,买盘
768,13:35:22,13.6,-0.02,302,410774,卖盘
769,13:35:25,13.6,0.0,5,6800,买盘
770,13:35:27,13.6,0.0,4,5440,买盘
771,13:35:31,13.59,-0.01,55,74745,卖盘
772,13:35:33,13.58,-0.01,198,268923,卖盘
773,13:35:46,13.58,0.0,30,40740,买盘
774,13:36:16,13.57,-0.01,69,93663,卖盘
775,13:36:19,13.57,0.0,18,24426,买盘
776,13:36:22,13.57,0.0,14,18998,买盘
777,13:36:28,13.55,-0.02,60,81347,卖盘
778,13:36:49,13.55,0.0,250,338831,卖盘
779,13:36:52,13.56,0.01,72,97632,卖盘
780,13:37:25,13.59,0.03,1,1359,买盘
781,13:37:30,13.57,-0.02,1,1357,卖盘
782,13:37:46,13.56,-0.01,84,113909,卖盘
783,13:37:48,13.56,0.0,5,6780,买盘
784,13:37:52,13.56,0.0,10,13560,买盘
785,13:37:54,13.56,0.0,1,1356,买盘
786,13:38:10,13.55,-0.01,17,23035,卖盘
787,13:38:16,13.55,0.0,23,31165,卖盘
788,13:38:45,13.55,0.0,17,23035,卖盘
789,13:38:54,13.56,0.01,1,1356,买盘
790,13:39:07,13.55,-0.01,45,60975,卖盘
791,13:39:13,13.55,0.0,37,50135,卖盘
792,13:39:22,13.55,0.0,35,47425,卖盘
793,13:39:25,13.55,0.0,25,33875,卖盘
794,13:39:30,13.55,0.0,30,40650,卖盘
795,13:39:36,13.55,0.0,10,13550,卖盘
796,13:39:42,13.56,0.01,5,6780,买盘
797,13:39:46,13.55,-0.01,8,10840,卖盘
798,13:39:55,13.55,0.0,8,10840,卖盘
799,13:40:04,13.55,0.0,10,13550,卖盘
800,13:40:10,13.56,0.01,16,21696,买盘
801,13:40:13,13.55,-0.01,33,44720,卖盘
802,13:40:37,13.57,0.02,10,13570,买盘
803,13:40:39,13.57,0.0,2,2714,买盘
804,13:40:49,13.56,-0.01,139,188503,卖盘
805,13:40:52,13.56,0.0,50,67800,买盘
806,13:40:57,13.56,0.0,1,1356,买盘
807,13:41:00,13.56,0.0,50,67800,买盘
808,13:41:18,13.56,0.0,10,13560,买盘
809,13:41:27,13.55,-0.01,83,112465,卖盘
810,13:41:31,13.56,0.01,1,1356,买盘
811,13:41:39,13.55,-0.01,26,35230,卖盘
812,13:41:43,13.56,0.01,150,203400,买盘
813,13:41:46,13.56,0.0,1,1356,卖盘
814,13:41:54,13.56,0.0,83,112525,卖盘
815,13:42:04,13.56,0.0,10,13560,买盘
816,13:42:13,13.56,0.0,32,43392,买盘
817,13:42:16,13.55,-0.01,1,1355,卖盘
818,13:42:24,13.56,0.01,8,10848,买盘
819,13:42:28,13.56,0.0,326,441459,买盘
820,13:43:19,13.57,0.01,1,1357,卖盘
821,13:43:27,13.57,0.0,24,32579,卖盘
822,13:43:31,13.57,0.0,3,4071,买盘
823,13:43:40,13.58,0.01,50,67861,买盘
824,13:44:04,13.57,-0.01,5,6785,卖盘
825,13:44:10,13.58,0.01,5,6790,买盘
826,13:44:24,13.58,0.0,13,17654,买盘
827,13:44:27,13.58,0.0,37,50246,买盘
828,13:44:31,13.58,0.0,2,2716,卖盘
829,13:44:42,13.59,0.01,211,286749,买盘
830,13:44:46,13.6,0.01,24,32598,买盘
831,13:45:16,13.6,0.0,15,20400,卖盘
832,13:45:19,13.6,0.0,7,9520,卖盘
833,13:45:28,13.61,0.01,17,23137,买盘
834,13:45:30,13.61,0.0,2,2722,卖盘
835,13:45:33,13.61,0.0,2,2722,卖盘
836,13:45:36,13.61,0.0,3,4083,卖盘
837,13:45:40,13.61,0.0,1,1361,卖盘
838,13:45:42,13.61,0.0,26,35386,卖盘
839,13:45:46,13.6,-0.01,16,21770,卖盘
840,13:45:49,13.6,0.0,8,10880,卖盘
841,13:46:04,13.6,0.0,1,1360,买盘
842,13:46:10,13.58,-0.02,30,40740,卖盘
843,13:46:19,13.58,0.0,1,1358,卖盘
844,13:46:31,13.6,0.02,1,1360,买盘
845,13:46:33,13.58,-0.02,22,29876,卖盘
846,13:46:40,13.58,0.0,24,32592,卖盘
847,13:46:43,13.58,0.0,4,5432,卖盘
848,13:47:01,13.58,0.0,14,19012,卖盘
849,13:47:06,13.58,0.0,5,6790,卖盘
850,13:47:13,13.58,0.0,5,6790,卖盘
851,13:47:15,13.59,0.01,10,13590,买盘
852,13:47:37,13.58,-0.01,19,25814,卖盘
853,13:48:05,13.6,0.02,4,5440,买盘
854,13:48:25,13.61,0.01,25,34012,买盘
855,13:48:31,13.59,-0.02,5,6795,卖盘
856,13:48:46,13.59,0.0,5,6796,卖盘
857,13:48:49,13.59,0.0,5,6795,卖盘
858,13:49:04,13.61,0.02,24,32664,买盘
859,13:49:10,13.59,-0.02,100,135900,卖盘
860,13:49:18,13.6,0.01,10,13600,买盘
861,13:49:22,13.6,0.0,3,4080,卖盘
862,13:49:31,13.59,-0.01,49,66591,卖盘
863,13:50:06,13.59,0.0,4,5436,卖盘
864,13:50:13,13.61,0.02,25,34014,买盘
865,13:50:18,13.58,-0.03,193,262101,卖盘
866,13:50:21,13.57,-0.01,2,2714,卖盘
867,13:50:24,13.58,0.01,8,10864,买盘
868,13:50:37,13.58,0.0,3,4074,卖盘
869,13:50:52,13.57,-0.01,7,9499,卖盘
870,13:51:07,13.56,-0.01,2,2713,卖盘
871,13:51:25,13.56,0.0,50,67800,卖盘
872,13:51:31,13.58,0.02,12,16274,买盘
873,13:51:46,13.56,-0.02,3,4068,卖盘
874,13:51:49,13.57,0.01,1,1357,卖盘
875,13:51:55,13.58,0.01,5,6790,买盘
876,13:52:19,13.57,-0.01,2,2714,卖盘
877,13:52:43,13.57,0.0,1,1357,买盘
878,13:52:49,13.56,-0.01,1,1356,卖盘
879,13:53:13,13.56,0.0,70,94920,卖盘
880,13:53:16,13.56,0.0,10,13560,买盘
881,13:53:22,13.56,0.0,19,25764,买盘
882,13:53:25,13.56,0.0,14,18984,买盘
883,13:53:31,13.55,-0.01,107,145035,卖盘
884,13:53:33,13.57,0.02,53,71921,买盘
885,13:53:37,13.57,0.0,24,32568,卖盘
886,13:53:46,13.57,0.0,24,32569,卖盘
887,13:53:58,13.57,0.0,77,104489,买盘
888,13:54:18,13.58,0.01,7,9506,买盘
889,13:55:01,13.6,0.02,1,1360,买盘
890,13:55:06,13.59,-0.01,4,5437,卖盘
891,13:55:10,13.59,0.0,2,2718,卖盘
892,13:55:12,13.59,0.0,6,8154,卖盘
893,13:55:15,13.59,0.0,5,6795,卖盘
894,13:55:18,13.59,0.0,1,1359,卖盘
895,13:55:34,13.58,-0.01,5,6790,卖盘
896,13:55:40,13.59,0.01,28,38052,买盘
897,13:55:42,13.59,0.0,6,8154,卖盘
898,13:55:46,13.59,0.0,17,23103,卖盘
899,13:55:48,13.59,0.0,38,51642,卖盘
900,13:56:13,13.59,0.0,1,1359,买盘
901,13:56:16,13.58,-0.01,34,46172,卖盘
902,13:56:19,13.59,0.01,4,5436,买盘
903,13:56:31,13.58,-0.01,1,1358,卖盘
904,13:56:54,13.58,0.0,35,47530,卖盘
905,13:57:01,13.58,0.0,20,27160,卖盘
906,13:57:04,13.58,0.0,11,14938,卖盘
907,13:57:07,13.58,0.0,5,6790,卖盘
908,13:57:19,13.59,0.01,1,1359,买盘
909,13:57:22,13.58,-0.01,5,6790,卖盘
910,13:57:25,13.58,0.0,2,2716,卖盘
911,13:57:27,13.58,0.0,2,2716,卖盘
912,13:57:31,13.58,0.0,3,4074,卖盘
913,13:57:34,13.58,0.0,7,9506,卖盘
914,13:57:37,13.58,0.0,51,69258,卖盘
915,13:57:43,13.58,0.0,8,11227,买盘
916,13:57:48,13.57,-0.01,4,5428,卖盘
917,13:57:52,13.57,0.0,5,6785,卖盘
918,13:57:55,13.57,0.0,5,6785,卖盘
919,13:57:58,13.57,0.0,34,46138,卖盘
920,13:58:01,13.57,0.0,23,31211,卖盘
921,13:58:04,13.57,0.0,17,23069,卖盘
922,13:58:07,13.57,0.0,15,20355,卖盘
923,13:58:10,13.57,0.0,15,19989,卖盘
924,13:58:13,13.56,-0.01,11,14916,卖盘
925,13:58:16,13.56,0.0,14,18984,卖盘
926,13:58:19,13.56,0.0,13,17628,卖盘
927,13:58:22,13.56,0.0,21,28476,卖盘
928,13:58:24,13.56,0.0,18,24408,卖盘
929,13:58:28,13.56,0.0,93,126108,卖盘
930,13:58:31,13.55,-0.01,44,59621,卖盘
931,13:58:34,13.55,0.0,73,98915,卖盘
932,13:58:36,13.55,0.0,16,21680,卖盘
933,13:58:40,13.55,0.0,7,9485,卖盘
934,13:58:43,13.55,0.0,8,10840,卖盘
935,13:58:46,13.55,0.0,4,5420,卖盘
936,13:58:49,13.54,-0.01,24,32516,卖盘
937,13:58:52,13.55,0.01,3,4065,卖盘
938,13:58:55,13.55,0.0,2,2710,卖盘
939,13:58:58,13.55,0.0,3,4065,卖盘
940,13:59:01,13.55,0.0,2,2710,卖盘
941,13:59:04,13.55,0.0,18,24390,卖盘
942,13:59:06,13.55,0.0,14,18970,卖盘
943,13:59:10,13.55,0.0,12,16259,买盘
944,13:59:16,13.54,-0.01,20,27091,卖盘
945,13:59:37,13.55,0.01,105,142274,买盘
946,13:59:39,13.55,0.0,9,12193,买盘
947,13:59:43,13.55,0.0,11,14905,买盘
948,13:59:46,13.55,0.0,10,13550,买盘
949,13:59:48,13.55,0.0,1,1355,买盘
950,13:59:55,13.56,0.01,25,33900,买盘
951,13:59:58,13.54,-0.02,60,81242,卖盘
952,14:00:13,13.56,0.02,3,4068,买盘
953,14:00:30,13.55,-0.01,1,1355,卖盘
954,14:00:57,13.55,0.0,37,50135,卖盘
955,14:01:01,13.55,0.0,1,1355,卖盘
956,14:01:04,13.55,0.0,1,1355,卖盘
957,14:01:10,13.55,0.0,1,1355,买盘
958,14:01:15,13.55,0.0,29,39295,卖盘
959,14:01:25,13.54,-0.01,10,13540,卖盘
960,14:01:33,13.54,0.0,1,1354,卖盘
961,14:01:52,13.55,0.01,15,20325,买盘
962,14:02:04,13.56,0.01,20,27120,买盘
963,14:02:13,13.55,-0.01,10,13550,卖盘
964,14:02:19,13.55,0.0,11,14905,买盘
965,14:02:40,13.55,0.0,6,8130,卖盘
966,14:02:49,13.56,0.01,7,9492,买盘
967,14:03:07,13.55,-0.01,23,31168,卖盘
968,14:03:25,13.55,0.0,1,1355,卖盘
969,14:03:43,13.55,0.0,30,40650,买盘
970,14:03:49,13.56,0.01,16,21682,买盘
971,14:04:04,13.56,0.0,11,14916,买盘
972,14:04:22,13.55,-0.01,6,8130,卖盘
973,14:04:31,13.56,0.01,15,20340,买盘
974,14:04:34,13.56,0.0,85,115260,买盘
975,14:04:58,13.56,0.0,1,1356,卖盘
976,14:05:10,13.57,0.01,10,13570,买盘
977,14:05:31,13.57,0.0,382,518740,买盘
978,14:05:34,13.58,0.01,79,107282,买盘
979,14:05:37,13.59,0.01,31,42123,买盘
980,14:05:55,13.58,-0.01,1,1358,卖盘
981,14:05:58,13.58,0.0,4,5432,卖盘
982,14:06:19,13.58,0.0,4,5432,买盘
983,14:06:22,13.58,0.0,3,4074,买盘
984,14:06:25,13.58,0.0,1,1358,卖盘
985,14:06:37,13.58,0.0,36,48888,卖盘
986,14:06:42,13.57,-0.01,11,14927,卖盘
987,14:06:45,13.57,0.0,7,9499,卖盘
988,14:06:49,13.57,0.0,11,14927,卖盘
989,14:06:52,13.57,0.0,7,9499,卖盘
990,14:06:55,13.57,0.0,9,12213,卖盘
991,14:06:58,13.57,0.0,20,27140,卖盘
992,14:07:01,13.56,-0.01,18,24421,卖盘
993,14:07:04,13.56,0.0,13,17628,卖盘
994,14:07:07,13.56,0.0,7,9492,卖盘
995,14:07:10,13.56,0.0,5,6780,卖盘
996,14:07:13,13.56,0.0,46,62376,卖盘
997,14:07:16,13.55,-0.01,5,6775,卖盘
998,14:07:19,13.55,0.0,6,8130,卖盘
999,14:07:21,13.55,0.0,20,27100,卖盘
1000,14:07:24,13.55,0.0,8,10840,卖盘
1001,14:07:28,13.55,0.0,9,12195,卖盘
1002,14:07:31,13.54,-0.01,19,25737,卖盘
1003,14:07:34,13.54,0.0,38,51452,卖盘
1004,14:07:37,13.54,0.0,16,21664,卖盘
1005,14:07:40,13.55,0.01,12,16260,中性盘
1006,14:07:43,13.54,-0.01,22,29789,卖盘
1007,14:07:45,13.54,0.0,8,10832,卖盘
1008,14:07:58,13.54,0.0,2,2708,卖盘
1009,14:08:04,13.54,0.0,100,135410,卖盘
1010,14:08:07,13.54,0.0,2,2708,卖盘
1011,14:08:09,13.54,0.0,19,25736,卖盘
1012,14:08:25,13.54,0.0,15,20310,卖盘
1013,14:08:46,13.54,0.0,11,14894,卖盘
1014,14:08:52,13.55,0.01,10,13550,买盘
1015,14:08:58,13.54,-0.01,10,13540,卖盘
1016,14:09:06,13.54,0.0,5,6773,卖盘
1017,14:09:21,13.56,0.02,11,14904,买盘
1018,14:09:40,13.54,-0.02,1,1354,卖盘
1019,14:09:49,13.55,0.01,1,1355,卖盘
1020,14:09:52,13.55,0.0,1,1355,卖盘
1021,14:09:55,13.54,-0.01,96,129987,卖盘
1022,14:10:13,13.53,-0.01,73,98769,卖盘
1023,14:10:21,13.53,0.0,100,135300,卖盘
1024,14:10:49,13.53,0.0,1,1353,卖盘
1025,14:11:03,13.54,0.01,10,13540,买盘
1026,14:11:16,13.53,-0.01,3,4059,卖盘
1027,14:11:19,13.54,0.01,20,27080,买盘
1028,14:11:31,13.54,0.0,2,2708,买盘
1029,14:11:33,13.54,0.0,1,1354,买盘
1030,14:11:46,13.53,-0.01,1,1353,卖盘
1031,14:11:57,13.54,0.01,8,10832,买盘
1032,14:12:01,13.54,0.0,6,8124,买盘
1033,14:12:04,13.54,0.0,2,2708,买盘
1034,14:12:07,13.54,0.0,44,59576,买盘
1035,14:12:10,13.54,0.0,10,13540,卖盘
1036,14:12:13,13.53,-0.01,11,14884,卖盘
1037,14:12:25,13.54,0.01,3,4062,卖盘
1038,14:12:31,13.54,0.0,10,13540,买盘
1039,14:12:46,13.54,0.0,10,13540,买盘
1040,14:12:58,13.54,0.0,10,13540,买盘
1041,14:13:01,13.54,0.0,30,40620,买盘
1042,14:13:13,13.54,0.0,40,54123,买盘
1043,14:13:22,13.54,0.0,1,1354,卖盘
1044,14:13:25,13.54,0.0,1,1354,卖盘
1045,14:13:27,13.54,0.0,1,1354,卖盘
1046,14:13:31,13.53,-0.01,87,117766,卖盘
1047,14:13:33,13.55,0.02,15,20325,买盘
1048,14:13:36,13.56,0.01,26,35247,买盘
1049,14:13:39,13.56,0.0,15,20340,卖盘
1050,14:13:45,13.56,0.0,14,18984,买盘
1051,14:14:04,13.56,0.0,40,54240,买盘
1052,14:14:07,13.53,-0.03,10,13530,卖盘
1053,14:14:21,13.53,0.0,87,117711,卖盘
1054,14:14:24,13.56,0.03,71,96843,买盘
1055,14:14:28,13.56,0.0,18,24408,卖盘
1056,14:14:31,13.56,0.0,17,23052,卖盘
1057,14:14:34,13.56,0.0,137,185772,卖盘
1058,14:14:37,13.56,0.0,32,43392,卖盘
1059,14:14:40,13.56,0.0,363,491509,卖盘
1060,14:14:58,13.55,-0.01,11,14905,买盘
1061,14:15:01,13.55,0.0,1,1355,卖盘
1062,14:15:04,13.55,0.0,1,1355,卖盘
1063,14:15:07,13.55,0.0,1,1355,卖盘
1064,14:15:19,13.52,-0.03,59,79770,卖盘
1065,14:15:31,13.53,0.01,3,4059,卖盘
1066,14:15:37,13.53,0.0,27,36531,卖盘
1067,14:15:46,13.52,-0.01,50,67600,卖盘
1068,14:15:48,13.52,0.0,39,52728,卖盘
1069,14:15:54,13.53,0.01,10,13530,买盘
1070,14:15:58,13.53,0.0,1,1353,买盘
1071,14:16:07,13.52,-0.01,108,146088,卖盘
1072,14:16:18,13.52,0.0,24,32448,卖盘
1073,14:16:25,13.53,0.01,20,27060,卖盘
1074,14:16:52,13.53,0.0,1,1353,卖盘
1075,14:17:06,13.53,0.0,26,35178,卖盘
1076,14:17:10,13.53,0.0,14,18942,卖盘
1077,14:17:16,13.54,0.01,10,13540,买盘
1078,14:17:19,13.54,0.0,5,6770,卖盘
1079,14:17:40,13.53,-0.01,10,13530,卖盘
1080,14:17:43,13.54,0.01,25,33850,买盘
1081,14:18:04,13.54,0.0,15,20310,买盘
1082,14:18:07,13.53,-0.01,10,13530,卖盘
1083,14:18:19,13.53,0.0,3,4059,卖盘
1084,14:18:52,13.55,0.02,1,1355,买盘
1085,14:19:04,13.55,0.0,9,12195,买盘
1086,14:19:21,13.56,0.01,2,2712,买盘
1087,14:19:45,13.55,-0.01,10,13550,卖盘
1088,14:19:51,13.56,0.01,27,36592,买盘
1089,14:20:07,13.55,-0.01,50,67750,买盘
1090,14:20:52,13.54,-0.01,10,13540,卖盘
1091,14:21:01,13.55,0.01,3,4065,买盘
1092,14:21:15,13.55,0.0,2,2710,买盘
1093,14:21:28,13.54,-0.01,20,27080,卖盘
1094,14:21:31,13.55,0.01,4,5420,买盘
1095,14:21:33,13.55,0.0,20,27100,买盘
1096,14:22:19,13.55,0.0,25,33878,卖盘
1097,14:22:52,13.54,-0.01,20,27080,卖盘
1098,14:22:58,13.55,0.01,23,31165,买盘
1099,14:23:00,13.55,0.0,3,4065,买盘
1100,14:23:04,13.55,0.0,38,51490,买盘
1101,14:23:09,13.55,0.0,25,33875,卖盘
1102,14:23:13,13.55,0.0,5,6775,卖盘
1103,14:23:37,13.56,0.01,23,31167,买盘
1104,14:23:40,13.55,-0.01,2,2710,卖盘
1105,14:24:27,13.55,0.0,20,27100,卖盘
1106,14:24:34,13.56,0.01,37,50172,买盘
1107,14:24:37,13.56,0.0,1,1356,卖盘
1108,14:24:43,13.56,0.0,8,10848,卖盘
1109,14:25:01,13.57,0.01,2,2714,买盘
1110,14:25:22,13.57,0.0,4,5428,买盘
1111,14:25:28,13.56,-0.01,2,2712,卖盘
1112,14:25:39,13.59,0.03,90,122228,买盘
1113,14:26:05,13.59,0.0,9,12231,买盘
1114,14:26:07,13.59,0.0,12,16308,买盘
1115,14:26:13,13.59,0.0,11,14949,买盘
1116,14:26:25,13.59,0.0,10,13590,卖盘
1117,14:26:28,13.6,0.01,2,2720,买盘
1118,14:26:36,13.59,-0.01,17,23103,卖盘
1119,14:26:39,13.59,0.0,39,53001,卖盘
1120,14:26:52,13.59,0.0,14,19026,买盘
1121,14:26:57,13.59,0.0,6,8154,买盘
1122,14:27:04,13.57,-0.02,9,12213,卖盘
1123,14:27:34,13.57,0.0,5,6785,卖盘
1124,14:27:37,13.57,0.0,3,4071,卖盘
1125,14:27:46,13.57,0.0,1,1357,卖盘
1126,14:27:55,13.58,0.01,14,19012,买盘
1127,14:28:36,13.57,-0.01,8,10856,卖盘
1128,14:28:55,13.57,0.0,14,18998,买盘
1129,14:29:28,13.56,-0.01,30,40680,卖盘
1130,14:29:55,13.57,0.01,14,18998,买盘
1131,14:30:16,13.56,-0.01,28,37968,卖盘
1132,14:30:25,13.56,0.0,2,2712,买盘
1133,14:30:31,13.56,0.0,9,12204,卖盘
1134,14:31:19,13.56,0.0,30,40660,买盘
1135,14:31:42,13.55,-0.01,3,4065,卖盘
1136,14:31:46,13.55,0.0,3,4065,卖盘
1137,14:31:48,13.55,0.0,3,4065,卖盘
1138,14:31:52,13.55,0.0,1,1355,卖盘
1139,14:32:25,13.55,0.0,25,33875,卖盘
1140,14:32:28,13.55,0.0,22,29810,卖盘
1141,14:33:01,13.56,0.01,3,4068,买盘
1142,14:33:10,13.56,0.0,2,2712,买盘
1143,14:33:34,13.57,0.01,10,13570,买盘
1144,14:33:39,13.57,0.0,5,6785,买盘
1145,14:33:58,13.57,0.0,10,13570,卖盘
1146,14:34:33,13.58,0.01,50,67900,买盘
1147,14:34:52,13.57,-0.01,9,12213,卖盘
1148,14:35:04,13.57,0.0,1,1357,卖盘
1149,14:35:07,13.57,0.0,30,40710,卖盘
1150,14:35:25,13.58,0.01,2,2716,买盘
1151,14:35:34,13.58,0.0,3,4074,买盘
1152,14:35:40,13.57,-0.01,3,4071,卖盘
1153,14:36:04,13.58,0.01,2,2716,买盘
1154,14:36:10,13.57,-0.01,14,18998,卖盘
1155,14:36:48,13.57,0.0,55,74635,卖盘
1156,14:36:52,13.57,0.0,3,4071,卖盘
1157,14:37:00,13.57,0.0,3,4071,卖盘
1158,14:37:04,13.56,-0.01,15,20340,卖盘
1159,14:37:43,13.56,0.0,10,13560,卖盘
1160,14:37:46,13.56,0.0,5,6780,卖盘
1161,14:37:52,13.56,0.0,40,54240,卖盘
1162,14:37:55,13.56,0.0,23,31188,卖盘
1163,14:37:58,13.55,-0.01,1,1355,卖盘
1164,14:38:01,13.55,0.0,4,5420,卖盘
1165,14:38:07,13.55,0.0,9,12195,卖盘
1166,14:38:10,13.55,0.0,9,12195,卖盘
1167,14:38:12,13.55,0.0,2,2710,卖盘
1168,14:38:16,13.55,0.0,3,4065,卖盘
1169,14:38:19,13.55,0.0,9,12195,卖盘
1170,14:38:22,13.55,0.0,3,4065,卖盘
1171,14:38:25,13.55,0.0,28,37940,卖盘
1172,14:38:28,13.54,-0.01,16,21664,卖盘
1173,14:38:31,13.54,0.0,154,208516,卖盘
1174,14:38:34,13.53,-0.01,27,36531,卖盘
1175,14:38:36,13.53,0.0,9,12177,卖盘
1176,14:38:39,13.53,0.0,7,9471,卖盘
1177,14:38:42,13.53,0.0,19,25707,卖盘
1178,14:38:46,13.53,0.0,6,8118,卖盘
1179,14:38:49,13.53,0.0,7,9471,卖盘
1180,14:38:52,13.53,0.0,6,8118,卖盘
1181,14:38:55,13.53,0.0,28,37884,卖盘
1182,14:38:58,13.53,0.0,5,6765,卖盘
1183,14:39:00,13.53,0.0,3,4059,卖盘
1184,14:39:03,13.53,0.0,14,18942,卖盘
1185,14:39:07,13.53,0.0,12,16236,卖盘
1186,14:39:12,13.52,-0.01,53,71678,卖盘
1187,14:39:19,13.53,0.01,7,9471,中性盘
1188,14:39:27,13.52,-0.01,24,32448,卖盘
1189,14:39:30,13.52,0.0,48,64896,卖盘
1190,14:39:34,13.52,0.0,33,44264,卖盘
1191,14:39:37,13.52,0.0,40,54080,卖盘
1192,14:39:39,13.52,0.0,8,10816,卖盘
1193,14:39:43,13.52,0.0,317,428936,卖盘
1194,14:39:46,13.52,0.0,5,6760,买盘
1195,14:39:52,13.51,-0.01,10,13510,卖盘
1196,14:39:55,13.51,0.0,2,2702,卖盘
1197,14:39:58,13.51,0.0,28,37828,卖盘
1198,14:40:04,13.51,0.0,79,106729,卖盘
1199,14:40:07,13.51,0.0,18,24318,买盘
1200,14:40:13,13.5,-0.01,40,54000,卖盘
1201,14:40:16,13.5,0.0,6,8100,卖盘
1202,14:40:28,13.5,0.0,65,87750,卖盘
1203,14:40:34,13.5,0.0,94,126900,卖盘
1204,14:40:48,13.49,-0.01,20,26980,卖盘
1205,14:40:52,13.49,0.0,25,33730,卖盘
1206,14:40:55,13.49,0.0,2,2698,卖盘
1207,14:40:58,13.49,0.0,10,13490,卖盘
1208,14:41:04,13.49,0.0,5,6745,卖盘
1209,14:41:07,13.49,0.0,50,67450,卖盘
1210,14:41:22,13.48,-0.01,10,13480,卖盘
1211,14:41:31,13.48,0.0,30,40440,卖盘
1212,14:41:34,13.48,0.0,19,25612,卖盘
1213,14:41:36,13.48,0.0,10,13480,卖盘
1214,14:41:40,13.48,0.0,10,13480,卖盘
1215,14:41:49,13.49,0.01,50,67450,买盘
1216,14:41:52,13.49,0.0,73,98454,买盘
1217,14:42:01,13.49,0.0,39,52576,买盘
1218,14:42:09,13.48,-0.01,12,16176,卖盘
1219,14:42:22,13.48,0.0,5,6740,卖盘
1220,14:42:28,13.48,0.0,4,5392,卖盘
1221,14:42:34,13.48,0.0,8,10784,卖盘
1222,14:42:37,13.48,0.0,10,13480,买盘
1223,14:42:40,13.48,0.0,1,1348,买盘
1224,14:42:43,13.48,0.0,4,5392,买盘
1225,14:42:52,13.48,0.0,20,26960,卖盘
1226,14:42:58,13.49,0.01,20,26980,买盘
1227,14:43:04,13.48,-0.01,73,98404,卖盘
1228,14:43:06,13.48,0.0,8,10784,卖盘
1229,14:43:13,13.48,0.0,30,40440,卖盘
1230,14:43:16,13.48,0.0,36,48562,卖盘
1231,14:43:18,13.48,0.0,20,26960,卖盘
1232,14:43:25,13.48,0.0,24,32354,卖盘
1233,14:43:28,13.49,0.01,34,45833,买盘
1234,14:43:31,13.48,-0.01,3,4044,卖盘
1235,14:43:34,13.48,0.0,5,6740,买盘
1236,14:43:37,13.48,0.0,5,6740,中性盘
1237,14:43:43,13.49,0.01,3,4047,买盘
1238,14:43:49,13.48,-0.01,20,26960,卖盘
1239,14:43:52,13.49,0.01,3,4047,买盘
1240,14:44:07,13.48,-0.01,9,12132,卖盘
1241,14:44:13,13.49,0.01,10,13490,买盘
1242,14:44:19,13.49,0.0,152,204941,买盘
1243,14:44:22,13.49,0.0,100,134900,卖盘
1244,14:44:25,13.49,0.0,26,35074,卖盘
1245,14:44:28,13.49,0.0,1,1349,卖盘
1246,14:44:43,13.49,0.0,60,80940,卖盘
1247,14:44:46,13.5,0.01,2,2700,买盘
1248,14:44:55,13.5,0.0,178,240232,买盘
1249,14:44:58,13.5,0.0,9,12150,买盘
1250,14:45:01,13.5,0.0,5,6750,买盘
1251,14:45:07,13.5,0.0,10,13500,买盘
1252,14:45:10,13.5,0.0,10,13500,买盘
1253,14:45:16,13.49,-0.01,32,43168,卖盘
1254,14:45:19,13.5,0.01,1,1350,买盘
1255,14:45:25,13.5,0.0,13,17547,买盘
1256,14:45:30,13.49,-0.01,10,13490,卖盘
1257,14:45:37,13.49,0.0,30,40470,卖盘
1258,14:45:55,13.49,0.0,10,13490,卖盘
1259,14:46:01,13.49,0.0,41,55309,卖盘
1260,14:46:07,13.49,0.0,50,67450,卖盘
1261,14:46:28,13.5,0.01,10,13500,买盘
1262,14:46:31,13.5,0.0,105,141745,买盘
1263,14:46:34,13.49,-0.01,10,13490,卖盘
1264,14:46:48,13.47,-0.02,579,780495,卖盘
1265,14:47:01,13.46,-0.01,50,67300,卖盘
1266,14:47:07,13.47,0.01,24,32314,买盘
1267,14:47:22,13.46,-0.01,36,48456,卖盘
1268,14:47:25,13.46,0.0,3,4038,买盘
1269,14:47:28,13.45,-0.01,129,173528,卖盘
1270,14:47:31,13.44,-0.01,41,55138,卖盘
1271,14:47:34,13.4,-0.04,160,214650,卖盘
1272,14:47:37,13.37,-0.03,123,164655,卖盘
1273,14:47:40,13.37,0.0,65,86905,卖盘
1274,14:47:49,13.41,0.04,5,6705,中性盘
1275,14:47:57,13.41,0.0,10,13410,卖盘
1276,14:48:01,13.41,0.0,12,16092,卖盘
1277,14:48:10,13.41,0.0,9,12064,买盘
1278,14:48:13,13.41,0.0,33,44253,买盘
1279,14:48:22,13.41,0.0,2,2682,买盘
1280,14:48:28,13.4,-0.01,22,29488,卖盘
1281,14:48:31,13.41,0.01,2,2682,买盘
1282,14:48:40,13.4,-0.01,76,101845,卖盘
1283,14:48:43,13.4,0.0,6,8040,买盘
1284,14:48:49,13.4,0.0,15,20100,买盘
1285,14:48:51,13.39,-0.01,102,136580,卖盘
1286,14:48:55,13.4,0.01,5,6700,买盘
1287,14:48:58,13.4,0.0,5,6700,买盘
1288,14:49:07,13.4,0.0,1,1340,买盘
1289,14:49:10,13.4,0.0,106,141904,买盘
1290,14:49:16,13.4,0.0,19,25460,卖盘
1291,14:49:18,13.4,0.0,8,10720,买盘
1292,14:49:25,13.4,0.0,20,26790,买盘
1293,14:49:28,13.4,0.0,13,17415,买盘
1294,14:49:30,13.4,0.0,5,6700,卖盘
1295,14:49:36,13.41,0.01,1,1341,买盘
1296,14:49:40,13.4,-0.01,2,2680,卖盘
1297,14:49:45,13.41,0.01,28,37543,买盘
1298,14:49:51,13.4,-0.01,24,32161,卖盘
1299,14:49:57,13.4,0.0,25,33500,卖盘
1300,14:50:01,13.4,0.0,1,1340,买盘
1301,14:50:04,13.39,-0.01,1,1339,卖盘
1302,14:50:07,13.4,0.01,1,1340,买盘
1303,14:50:09,13.4,0.0,38,50920,买盘
1304,14:50:12,13.39,-0.01,4,5356,卖盘
1305,14:50:16,13.41,0.02,30,40230,买盘
1306,14:50:25,13.42,0.01,71,95272,买盘
1307,14:50:37,13.43,0.01,100,134300,买盘
1308,14:50:58,13.43,0.0,145,194735,买盘
1309,14:51:04,13.42,-0.01,158,212036,卖盘
1310,14:51:13,13.42,0.0,5,6710,买盘
1311,14:51:21,13.42,0.0,2,2684,买盘
1312,14:51:31,13.42,0.0,8,10736,买盘
1313,14:51:34,13.41,-0.01,22,29516,卖盘
1314,14:51:36,13.41,0.0,2,2682,卖盘
1315,14:51:46,13.42,0.01,5,6710,买盘
1316,14:51:48,13.41,-0.01,25,33525,卖盘
1317,14:51:55,13.41,0.0,13,17433,卖盘
1318,14:51:58,13.42,0.01,13,17443,买盘
1319,14:52:01,13.41,-0.01,10,13410,卖盘
1320,14:52:19,13.41,0.0,113,151533,卖盘
1321,14:52:22,13.41,0.0,19,25479,买盘
1322,14:52:25,13.41,0.0,7,9387,买盘
1323,14:52:30,13.4,-0.01,10,13400,卖盘
1324,14:52:33,13.4,0.0,7,9380,卖盘
1325,14:52:43,13.41,0.01,27,36207,买盘
1326,14:52:55,13.41,0.0,30,40230,卖盘
1327,14:52:58,13.42,0.01,6,8051,买盘
1328,14:53:01,13.41,-0.01,42,56322,卖盘
1329,14:53:04,13.41,0.0,1,1341,卖盘
1330,14:53:09,13.41,0.0,6,8046,卖盘
1331,14:53:15,13.41,0.0,1,1341,卖盘
1332,14:53:19,13.42,0.01,83,111356,买盘
1333,14:53:34,13.43,0.01,10,13430,买盘
1334,14:53:37,13.43,0.0,45,60435,买盘
1335,14:53:46,13.42,-0.01,116,155704,卖盘
1336,14:54:07,13.43,0.01,3,4029,卖盘
1337,14:54:16,13.45,0.02,5,6725,卖盘
1338,14:54:27,13.43,-0.02,7,9412,卖盘
1339,14:54:34,13.45,0.02,3,4033,买盘
1340,14:54:37,13.43,-0.02,6,8058,卖盘
1341,14:54:40,13.45,0.02,3,4035,买盘
1342,14:54:43,13.43,-0.02,13,17459,卖盘
1343,14:54:49,13.45,0.02,46,61870,买盘
1344,14:54:55,13.47,0.02,81,109028,买盘
1345,14:55:13,13.47,0.0,12,16164,卖盘
1346,14:55:22,13.47,0.0,2,2694,卖盘
1347,14:55:25,13.47,0.0,42,56600,卖盘
1348,14:55:28,13.47,0.0,10,13470,买盘
1349,14:55:34,13.45,-0.02,1,1345,卖盘
1350,14:55:46,13.46,0.01,11,14806,买盘
1351,14:55:49,13.46,0.0,1,1346,买盘
1352,14:55:52,13.46,0.0,10,13460,买盘
1353,14:55:54,13.47,0.01,6,8082,买盘
1354,14:55:58,13.46,-0.01,20,26920,卖盘
1355,14:56:01,13.46,0.0,6,8076,卖盘
1356,14:56:04,13.47,0.01,83,111801,买盘
1357,14:56:06,13.47,0.0,20,26940,卖盘
1358,14:56:18,13.47,0.0,3,4041,卖盘
1359,14:56:25,13.49,0.02,2,2698,买盘
1360,14:56:31,13.49,0.0,205,276234,买盘
1361,14:56:40,13.47,-0.02,20,26940,买盘
1362,14:56:52,13.47,0.0,1,1347,买盘
1363,14:56:55,13.45,-0.02,25,33640,卖盘
1364,15:00:04,13.45,0.0,639,859455,卖盘
