,time,price,change,volume,amount,type
0,09:25:04,10.83,-0.01,255,276165,买盘
1,09:30:10,10.8,-0.03,10,10800,中性盘
2,09:30:13,10.78,-0.02,100,107825,卖盘
3,09:31:31,10.78,0.0,65,70070,卖盘
4,09:31:37,10.78,0.0,142,152221,买盘
5,09:31:40,10.78,0.0,1,1078,买盘
6,09:31:54,10.77,-0.01,1,1077,买盘
7,09:32:01,10.77,0.0,1,1077,买盘
8,09:32:04,10.77,0.0,21,22557,买盘
9,09:32:07,10.77,0.0,1,1077,买盘
10,09:32:10,10.78,0.01,1,1078,买盘
11,09:32:13,10.78,0.0,1,1078,买盘
12,09:32:16,10.78,0.0,1,1078,买盘
13,09:32:19,10.78,0.0,1,1078,买盘
14,09:32:22,10.78,0.0,1,1078,买盘
15,09:32:28,10.77,-0.01,1,1077,买盘
16,09:32:37,10.78,0.01,1,1078,买盘
17,09:32:39,10.74,-0.04,10,10740,卖盘
18,09:32:43,10.74,0.0,4,4296,买盘
19,09:32:52,10.73,-0.01,89,95520,卖盘
20,09:33:04,10.73,0.0,15,16105,卖盘
21,09:33:07,10.77,0.04,10,10770,买盘
22,09:33:16,10.77,0.0,23,24771,买盘
23,09:33:25,10.77,0.0,30,32310,卖盘
24,09:33:27,10.78,0.01,2,2156,买盘
25,09:33:31,10.77,-0.01,10,10770,卖盘
26,09:33:34,10.78,0.01,5,5390,买盘
27,09:33:40,10.78,0.0,35,37730,买盘
28,09:33:52,10.78,0.0,50,53900,卖盘
29,09:34:19,10.82,0.04,14,15148,买盘
30,09:34:37,10.82,0.0,1,1082,卖盘
31,09:34:46,10.77,-0.05,129,139244,卖盘
32,09:34:49,10.82,0.05,10,10820,买盘
33,09:35:28,10.79,-0.03,10,10790,买盘
34,09:35:37,10.78,-0.01,18,19404,卖盘
35,09:35:43,10.77,-0.01,20,21553,卖盘
36,09:35:55,10.77,0.0,5,5385,卖盘
37,09:35:58,10.77,0.0,5,5385,卖盘
38,09:36:01,10.77,0.0,19,20469,卖盘
39,09:36:25,10.77,0.0,80,86160,卖盘
40,09:36:28,10.78,0.01,7,7546,买盘
41,09:36:55,10.78,0.0,5,5390,买盘
42,09:37:04,10.77,-0.01,40,43080,卖盘
43,09:37:10,10.78,0.01,9,9702,买盘
44,09:37:15,10.78,0.0,49,52822,买盘
45,09:37:28,10.78,0.0,13,14019,卖盘
46,09:37:40,10.78,0.0,27,29106,卖盘
47,09:37:43,10.79,0.01,10,10790,买盘
48,09:38:10,10.79,0.0,8,8632,买盘
49,09:38:37,10.79,0.0,3,3237,买盘
50,09:38:40,10.79,0.0,67,72293,买盘
51,09:38:48,10.79,0.0,2,2158,买盘
52,09:39:04,10.81,0.02,5,5405,买盘
53,09:39:10,10.81,0.0,5,5405,买盘
54,09:39:19,10.8,-0.01,8,8640,卖盘
55,09:39:22,10.8,0.0,15,16200,买盘
56,09:39:37,10.81,0.01,12,12972,买盘
57,09:39:52,10.81,0.0,51,55131,买盘
58,09:40:09,10.81,0.0,10,10810,卖盘
59,09:40:16,10.82,0.01,1,1082,买盘
60,09:40:19,10.82,0.0,3,3246,买盘
61,09:40:42,10.82,0.0,5,5410,买盘
62,09:40:52,10.81,-0.01,10,10810,卖盘
63,09:41:04,10.81,0.0,19,20545,卖盘
64,09:41:07,10.81,0.0,10,10810,卖盘
65,09:41:30,10.81,0.0,122,131882,卖盘
66,09:41:52,10.81,0.0,5,5405,卖盘
67,09:41:58,10.81,0.0,9,9729,卖盘
68,09:42:18,10.81,0.0,16,17296,买盘
69,09:42:25,10.81,0.0,30,32430,卖盘
70,09:42:34,10.82,0.01,5,5410,买盘
71,09:42:51,10.82,0.0,17,18394,买盘
72,09:42:58,10.8,-0.02,51,55104,卖盘
73,09:43:22,10.8,0.0,3,3240,卖盘
74,09:43:31,10.8,0.0,68,73440,卖盘
75,09:43:40,10.8,0.0,37,39960,卖盘
76,09:43:58,10.8,0.0,5,5400,卖盘
77,09:44:28,10.79,-0.01,6,6474,卖盘
78,09:44:36,10.78,-0.01,15,16175,卖盘
79,09:44:43,10.78,0.0,9,9702,买盘
80,09:44:46,10.78,0.0,8,8624,买盘
81,09:44:49,10.77,-0.01,68,73241,卖盘
82,09:45:06,10.76,-0.01,93,100068,卖盘
83,09:45:10,10.76,0.0,10,10760,卖盘
84,09:45:25,10.76,0.0,8,8608,卖盘
85,09:45:28,10.76,0.0,20,21520,买盘
86,09:45:34,10.76,0.0,6,6456,买盘
87,09:45:40,10.76,0.0,8,8608,买盘
88,09:45:46,10.76,0.0,90,96790,买盘
89,09:45:49,10.76,0.0,10,10760,买盘
90,09:45:52,10.75,-0.01,48,51600,卖盘
91,09:45:55,10.76,0.01,12,12912,买盘
92,09:46:00,10.75,-0.01,93,99980,卖盘
93,09:46:04,10.76,0.01,19,20444,买盘
94,09:46:07,10.75,-0.01,15,16125,卖盘
95,09:46:13,10.75,0.0,31,33325,买盘
96,09:46:16,10.75,0.0,30,32250,买盘
97,09:46:22,10.74,-0.01,24,25776,卖盘
98,09:46:25,10.75,0.01,26,27935,买盘
99,09:46:27,10.74,-0.01,16,17187,卖盘
100,09:46:31,10.75,0.01,2,2150,买盘
101,09:46:49,10.75,0.0,200,215000,买盘
102,09:46:55,10.74,-0.01,10,10740,卖盘
103,09:47:04,10.74,0.0,89,95586,卖盘
104,09:47:07,10.74,0.0,7,7518,买盘
105,09:47:22,10.74,0.0,31,33294,买盘
106,09:47:25,10.74,0.0,51,54774,买盘
107,09:47:34,10.73,-0.01,96,103008,卖盘
108,09:47:37,10.74,0.01,50,53700,买盘
109,09:47:46,10.74,0.0,64,68729,买盘
110,09:47:49,10.74,0.0,4,4296,买盘
111,09:47:55,10.75,0.01,2,2150,买盘
112,09:48:04,10.75,0.0,25,26875,买盘
113,09:48:10,10.75,0.0,15,16125,买盘
114,09:48:13,10.75,0.0,23,24725,买盘
115,09:48:16,10.74,-0.01,251,269574,卖盘
116,09:48:27,10.74,0.0,24,25776,买盘
117,09:48:31,10.74,0.0,10,10740,买盘
118,09:48:37,10.74,0.0,18,19332,买盘
119,09:48:40,10.74,0.0,10,10740,买盘
120,09:48:49,10.74,0.0,3,3222,卖盘
121,09:48:57,10.74,0.0,50,53700,卖盘
122,09:49:01,10.75,0.01,2,2150,买盘
123,09:49:04,10.75,0.0,6,6450,买盘
124,09:49:34,10.77,0.02,24,25848,买盘
125,09:49:49,10.77,0.0,25,26925,买盘
126,09:49:55,10.77,0.0,40,43080,买盘
127,09:49:58,10.76,-0.01,11,11836,卖盘
128,09:50:01,10.77,0.01,48,51696,买盘
129,09:50:07,10.77,0.0,21,22617,卖盘
130,09:50:13,10.77,0.0,50,53850,卖盘
131,09:50:16,10.77,0.0,31,33387,卖盘
132,09:50:37,10.77,0.0,7,7539,买盘
133,09:50:52,10.77,0.0,20,21540,卖盘
134,09:51:07,10.78,0.01,4,4312,中性盘
135,09:51:15,10.79,0.01,5,5395,买盘
136,09:51:33,10.79,0.0,2,2158,买盘
137,09:51:55,10.8,0.01,12,12960,买盘
138,09:52:07,10.8,0.0,163,176040,卖盘
139,09:52:10,10.8,0.0,30,32400,买盘
140,09:52:31,10.8,0.0,2,2160,买盘
141,09:53:31,10.79,-0.01,17,18343,卖盘
142,09:53:42,10.78,-0.01,350,377313,卖盘
143,09:54:25,10.78,0.0,95,102410,卖盘
144,09:54:37,10.78,0.0,60,64680,卖盘
145,09:55:51,10.79,0.01,2,2158,卖盘
146,09:56:07,10.79,0.0,10,10790,卖盘
147,09:56:16,10.79,0.0,2,2158,卖盘
148,09:56:55,10.79,0.0,4,4316,卖盘
149,09:57:28,10.79,0.0,22,23738,卖盘
150,09:57:37,10.79,0.0,30,32370,卖盘
151,09:57:46,10.78,-0.01,500,539000,卖盘
152,09:58:09,10.78,0.0,10,10780,买盘
153,09:58:46,10.78,0.0,13,14003,买盘
154,09:59:12,10.78,0.0,10,10780,卖盘
155,09:59:25,10.78,0.0,28,30184,卖盘
156,09:59:37,10.78,0.0,10,10780,买盘
157,09:59:45,10.77,-0.01,4,4308,卖盘
158,10:00:13,10.77,0.0,63,67867,卖盘
159,10:00:37,10.75,-0.02,38,40850,卖盘
160,10:00:51,10.75,0.0,50,53750,卖盘
161,10:01:06,10.75,0.0,20,21500,卖盘
162,10:01:37,10.76,0.01,18,19368,卖盘
163,10:01:46,10.77,0.01,21,22617,买盘
164,10:01:58,10.77,0.0,3,3231,卖盘
165,10:02:07,10.77,0.0,1,1077,卖盘
166,10:02:16,10.77,0.0,5,5385,卖盘
167,10:02:34,10.77,0.0,1,1077,买盘
168,10:02:37,10.77,0.0,15,16155,买盘
169,10:03:19,10.78,0.01,57,61396,买盘
170,10:03:28,10.78,0.0,56,60368,卖盘
171,10:03:55,10.77,-0.01,11,11851,卖盘
172,10:04:00,10.79,0.02,2,2158,买盘
173,10:04:13,10.77,-0.02,52,56004,卖盘
174,10:04:43,10.77,0.0,16,17238,卖盘
175,10:05:25,10.79,0.02,40,43160,买盘
176,10:05:55,10.79,0.0,30,32370,卖盘
177,10:06:04,10.79,0.0,55,59345,卖盘
178,10:06:10,10.79,0.0,6,6474,买盘
179,10:07:51,10.78,-0.01,15,16170,卖盘
180,10:08:06,10.77,-0.01,60,64620,卖盘
181,10:09:13,10.77,0.0,29,31233,卖盘
182,10:09:25,10.77,0.0,5,5385,卖盘
183,10:09:28,10.77,0.0,45,48465,卖盘
184,10:10:04,10.77,0.0,3,3231,卖盘
185,10:10:37,10.78,0.01,22,23716,买盘
186,10:11:01,10.78,0.0,5,5390,卖盘
187,10:11:10,10.78,0.0,23,24794,卖盘
188,10:11:25,10.77,-0.01,5,5385,卖盘
189,10:11:58,10.77,0.0,6,6462,卖盘
190,10:12:10,10.8,0.03,144,155477,买盘
191,10:12:15,10.83,0.03,99,107148,买盘
192,10:12:24,10.8,-0.03,14,15120,卖盘
193,10:12:43,10.83,0.03,20,21660,买盘
194,10:12:52,10.83,0.0,7,7581,买盘
195,10:13:10,10.83,0.0,20,21660,卖盘
196,10:13:13,10.84,0.01,10,10840,买盘
197,10:13:19,10.84,0.0,15,16260,买盘
198,10:13:25,10.84,0.0,6,6504,卖盘
199,10:13:27,10.84,0.0,1,1084,卖盘
200,10:13:30,10.84,0.0,1,1084,卖盘
201,10:13:33,10.84,0.0,1,1084,卖盘
202,10:13:37,10.85,0.01,32,34720,买盘
203,10:13:43,10.84,-0.01,9,9756,卖盘
204,10:13:52,10.84,0.0,100,108400,买盘
205,10:14:04,10.83,-0.01,13,14089,卖盘
206,10:14:07,10.84,0.01,89,96476,买盘
207,10:14:10,10.86,0.02,100,108517,买盘
208,10:14:25,10.84,-0.02,11,11924,卖盘
209,10:14:34,10.84,0.0,5,5420,买盘
210,10:14:37,10.84,0.0,4,4336,买盘
211,10:14:55,10.85,0.01,6,6510,买盘
212,10:15:04,10.85,0.0,2,2170,卖盘
213,10:15:06,10.86,0.01,50,54297,买盘
214,10:15:25,10.86,0.0,4,4344,买盘
215,10:15:28,10.88,0.02,200,217288,买盘
216,10:15:34,10.86,-0.02,17,18462,中性盘
217,10:15:37,10.88,0.02,10,10856,买盘
218,10:15:40,10.84,-0.04,10,10850,卖盘
219,10:15:54,10.85,0.01,14,15190,卖盘
220,10:16:00,10.87,0.02,40,43480,买盘
221,10:16:16,10.87,0.0,5,5435,买盘
222,10:16:25,10.87,0.0,5,5435,买盘
223,10:16:28,10.87,0.0,19,20653,买盘
224,10:16:31,10.87,0.0,5,5435,买盘
225,10:16:49,10.86,-0.01,7,7602,卖盘
226,10:16:55,10.87,0.01,55,59785,买盘
227,10:16:58,10.87,0.0,2,2174,买盘
228,10:17:10,10.87,0.0,9,9783,买盘
229,10:17:39,10.87,0.0,64,69568,卖盘
230,10:17:45,10.86,-0.01,7,7602,卖盘
231,10:18:34,10.86,0.0,43,46698,买盘
232,10:18:43,10.86,0.0,10,10860,卖盘
233,10:18:49,10.86,0.0,1,1086,卖盘
234,10:18:52,10.86,0.0,10,10860,卖盘
235,10:18:58,10.86,0.0,1,1086,卖盘
236,10:19:01,10.86,0.0,138,149999,卖盘
237,10:19:04,10.87,0.01,3,3261,买盘
238,10:19:37,10.87,0.0,1,1087,买盘
239,10:19:40,10.87,0.0,24,26088,买盘
240,10:19:43,10.87,0.0,50,54350,卖盘
241,10:19:49,10.88,0.01,2,2176,买盘
242,10:20:10,10.9,0.02,300,326698,买盘
243,10:20:25,10.91,0.01,29,31615,买盘
244,10:20:40,10.91,0.0,9,9819,买盘
245,10:20:46,10.91,0.0,8,8728,买盘
246,10:20:49,10.9,-0.01,19,20710,卖盘
247,10:20:52,10.9,0.0,5,5450,买盘
248,10:20:58,10.91,0.01,105,114474,买盘
249,10:21:07,10.91,0.0,11,12000,买盘
250,10:21:13,10.91,0.0,1,1091,卖盘
251,10:21:16,10.91,0.0,3,3273,卖盘
252,10:21:18,10.91,0.0,129,140852,卖盘
253,10:21:21,10.91,0.0,68,74152,买盘
254,10:21:37,10.9,-0.01,2,2180,中性盘
255,10:21:40,10.87,-0.03,12,13054,卖盘
256,10:21:43,10.88,0.01,1,1088,中性盘
257,10:21:52,10.87,-0.01,1,1087,卖盘
258,10:21:57,10.87,0.0,1,1087,卖盘
259,10:22:04,10.87,0.0,1,1087,卖盘
260,10:22:07,10.87,0.0,1,1087,卖盘
261,10:22:10,10.87,0.0,1,1087,卖盘
262,10:22:13,10.87,0.0,1,1087,卖盘
263,10:22:16,10.87,0.0,1,1087,卖盘
264,10:22:19,10.86,-0.01,14,15216,卖盘
265,10:22:33,10.86,0.0,220,238920,卖盘
266,10:22:43,10.85,-0.01,1,1085,卖盘
267,10:22:45,10.86,0.01,30,32580,买盘
268,10:22:49,10.86,0.0,20,21720,卖盘
269,10:22:54,10.86,0.0,5,5430,卖盘
270,10:23:28,10.87,0.01,150,163050,买盘
271,10:23:34,10.87,0.0,6,6522,买盘
272,10:24:10,10.87,0.0,3,3261,卖盘
273,10:24:16,10.88,0.01,8,8704,买盘
274,10:24:21,10.88,0.0,1,1088,卖盘
275,10:24:25,10.88,0.0,1,1088,卖盘
276,10:24:28,10.88,0.0,5,5440,卖盘
277,10:24:40,10.87,-0.01,1,1087,卖盘
278,10:24:55,10.87,0.0,219,238435,卖盘
279,10:24:58,10.89,0.02,16,17424,买盘
280,10:25:01,10.87,-0.02,14,15218,卖盘
281,10:25:04,10.87,0.0,6,6522,买盘
282,10:25:34,10.88,0.01,2,2176,卖盘
283,10:25:43,10.89,0.01,20,21780,买盘
284,10:26:28,10.9,0.01,130,141650,买盘
285,10:26:31,10.88,-0.02,20,21760,卖盘
286,10:26:43,10.89,0.01,1,1089,卖盘
287,10:26:46,10.89,0.0,6,6534,卖盘
288,10:26:49,10.89,0.0,7,7623,卖盘
289,10:26:52,10.89,0.0,9,9801,卖盘
290,10:26:54,10.89,0.0,4,4356,卖盘
291,10:26:58,10.88,-0.01,302,329175,卖盘
292,10:27:04,10.89,0.01,48,52272,买盘
293,10:27:07,10.89,0.0,20,21780,卖盘
294,10:27:13,10.9,0.01,41,44690,买盘
295,10:27:25,10.9,0.0,10,10900,买盘
296,10:27:40,10.9,0.0,207,225543,买盘
297,10:27:46,10.9,0.0,207,225630,买盘
298,10:27:57,10.89,-0.01,5,5445,卖盘
299,10:28:04,10.9,0.01,33,35970,买盘
300,10:28:10,10.9,0.0,35,38145,买盘
301,10:28:13,10.9,0.0,32,34880,买盘
302,10:28:16,10.9,0.0,26,28340,买盘
303,10:28:28,10.91,0.01,100,109100,买盘
304,10:28:39,10.91,0.0,10,10910,买盘
305,10:28:43,10.92,0.01,20,21840,买盘
306,10:29:01,10.92,0.0,43,46956,买盘
307,10:29:04,10.92,0.0,148,161578,买盘
308,10:29:07,10.92,0.0,50,54600,买盘
309,10:29:10,10.92,0.0,35,38220,买盘
310,10:29:16,10.92,0.0,66,72072,买盘
311,10:29:31,10.93,0.01,20,21860,买盘
312,10:29:34,10.95,0.02,300,328137,买盘
313,10:29:46,10.94,-0.01,5,5470,买盘
314,10:29:49,10.95,0.01,72,78835,买盘
315,10:29:57,10.95,0.0,70,76650,买盘
316,10:30:01,10.95,0.0,25,27370,买盘
317,10:30:13,10.95,0.0,45,49275,买盘
318,10:30:24,10.95,0.0,17,18614,买盘
319,10:30:28,10.94,-0.01,274,300006,卖盘
320,10:30:31,10.94,0.0,1,1094,卖盘
321,10:30:40,10.94,0.0,222,242868,卖盘
322,10:30:43,10.94,0.0,15,16410,买盘
323,10:30:45,10.94,0.0,81,88614,买盘
324,10:31:04,10.93,-0.01,4,4372,买盘
325,10:31:13,10.93,0.0,1,1093,买盘
326,10:31:22,10.92,-0.01,1,1092,卖盘
327,10:31:34,10.92,0.0,5,5460,卖盘
328,10:31:40,10.92,0.0,76,82992,卖盘
329,10:32:00,10.9,-0.02,120,130800,卖盘
330,10:32:09,10.9,0.0,133,144970,卖盘
331,10:32:22,10.9,0.0,217,236530,买盘
332,10:32:28,10.9,0.0,13,14170,卖盘
333,10:32:31,10.9,0.0,20,21800,买盘
334,10:32:36,10.9,0.0,10,10900,买盘
335,10:32:46,10.9,0.0,5,5450,买盘
336,10:32:58,10.9,0.0,2,2180,买盘
337,10:33:01,10.9,0.0,7,7630,买盘
338,10:33:10,10.9,0.0,5,5450,卖盘
339,10:33:28,10.91,0.01,57,62187,买盘
340,10:33:52,10.92,0.01,1,1092,买盘
341,10:33:55,10.92,0.0,10,10920,买盘
342,10:33:58,10.92,0.0,71,77532,买盘
343,10:34:16,10.92,0.0,91,99372,买盘
344,10:34:19,10.92,0.0,88,96096,卖盘
345,10:34:24,10.93,0.01,30,32790,买盘
346,10:34:27,10.92,-0.01,24,26208,卖盘
347,10:34:37,10.93,0.01,47,51347,买盘
348,10:34:43,10.93,0.0,10,10930,卖盘
349,10:34:46,10.93,0.0,42,45906,卖盘
350,10:34:49,10.93,0.0,35,38255,卖盘
351,10:35:15,10.91,-0.02,136,148376,卖盘
352,10:35:36,10.91,0.0,20,21820,买盘
353,10:36:12,10.9,-0.01,34,37060,卖盘
354,10:36:34,10.9,0.0,40,43580,买盘
355,10:36:58,10.89,-0.01,27,29403,卖盘
356,10:37:01,10.89,0.0,3,3267,买盘
357,10:37:09,10.89,0.0,100,108900,买盘
358,10:37:22,10.89,0.0,30,32670,买盘
359,10:37:28,10.88,-0.01,17,18496,卖盘
360,10:37:34,10.88,0.0,50,54400,卖盘
361,10:37:52,10.88,0.0,1,1088,买盘
362,10:38:01,10.89,0.01,49,53466,买盘
363,10:38:16,10.89,0.0,1,969,买盘
364,10:38:37,10.89,0.0,25,27225,买盘
365,10:39:04,10.89,0.0,2,2178,买盘
366,10:39:07,10.89,0.0,2,2178,买盘
367,10:39:10,10.89,0.0,37,40413,买盘
368,10:39:37,10.9,0.01,50,54500,买盘
369,10:39:40,10.9,0.0,2,2180,买盘
370,10:39:43,10.9,0.0,184,200560,买盘
371,10:40:19,10.92,0.02,30,32760,买盘
372,10:41:01,10.92,0.0,179,195468,买盘
373,10:41:25,10.93,0.01,65,71045,买盘
374,10:41:28,10.93,0.0,66,72138,卖盘
375,10:41:46,10.93,0.0,80,87525,卖盘
376,10:41:49,10.93,0.0,8,8744,买盘
377,10:41:58,10.92,-0.01,150,163800,卖盘
378,10:42:01,10.95,0.03,200,218956,买盘
379,10:42:16,10.95,0.0,200,218879,买盘
380,10:42:19,10.96,0.01,50,54762,买盘
381,10:42:31,10.96,0.0,25,27400,买盘
382,10:42:37,10.97,0.01,150,164419,买盘
383,10:43:12,10.92,-0.05,166,181298,卖盘
384,10:43:40,10.96,0.04,30,32855,买盘
385,10:43:55,10.95,-0.01,1,1095,卖盘
386,10:43:57,10.95,0.0,1,1095,卖盘
387,10:44:00,10.93,-0.02,50,54666,卖盘
388,10:44:37,10.95,0.02,20,21900,买盘
389,10:44:55,10.95,0.0,88,96360,买盘
390,10:44:57,10.95,0.0,47,51465,卖盘
391,10:45:12,10.95,0.0,3,3285,买盘
392,10:45:19,10.95,0.0,7,7665,卖盘
393,10:45:36,10.95,0.0,15,16425,买盘
394,10:45:54,10.95,0.0,55,60235,卖盘
395,10:46:13,10.96,0.01,348,381142,买盘
396,10:47:55,10.93,-0.03,73,79789,卖盘
397,10:48:04,10.92,-0.01,20,21840,卖盘
398,10:48:06,10.93,0.01,103,112579,买盘
399,10:48:37,10.93,0.0,19,20767,买盘
400,10:49:18,10.93,0.0,1,1093,买盘
401,10:50:52,10.93,0.0,11,12023,买盘
402,10:51:10,10.93,0.0,69,75417,卖盘
403,10:51:31,10.93,0.0,5,5465,卖盘
404,10:51:58,10.93,0.0,10,10930,卖盘
405,10:53:19,10.93,0.0,5,5465,卖盘
406,10:53:40,10.93,0.0,20,21860,卖盘
407,10:54:22,10.93,0.0,31,33883,卖盘
408,10:54:28,10.93,0.0,38,41534,卖盘
409,10:54:31,10.93,0.0,5,5465,卖盘
410,10:54:34,10.93,0.0,25,27325,卖盘
411,10:54:40,10.93,0.0,46,50278,卖盘
412,10:54:43,10.93,0.0,10,10930,卖盘
413,10:54:52,10.93,0.0,7,7651,卖盘
414,10:55:19,10.92,-0.01,1,1092,卖盘
415,10:55:25,10.92,0.0,19,20748,卖盘
416,10:55:52,10.92,0.0,14,15288,卖盘
417,10:55:58,10.93,0.01,53,57929,买盘
418,10:56:15,10.93,0.0,39,42627,卖盘
419,10:56:28,10.93,0.0,8,8744,卖盘
420,10:56:37,10.94,0.01,45,49189,买盘
421,10:56:45,10.93,-0.01,10,10930,卖盘
422,10:57:01,10.93,0.0,5,5465,卖盘
423,10:57:46,10.93,0.0,7,7651,卖盘
424,10:57:54,10.93,0.0,2,2186,卖盘
425,10:58:04,10.93,0.0,8,8744,卖盘
426,10:58:06,10.93,0.0,4,4372,卖盘
427,10:58:10,10.93,0.0,3,3279,卖盘
428,10:58:13,10.93,0.0,9,9837,卖盘
429,10:58:16,10.93,0.0,9,9837,卖盘
430,10:58:19,10.94,0.01,17,18591,买盘
431,10:58:22,10.93,-0.01,7,7651,卖盘
432,10:58:24,10.93,0.0,3,3279,卖盘
433,10:58:30,10.93,0.0,55,60115,卖盘
434,10:59:40,10.9,-0.03,316,344612,卖盘
435,11:00:16,10.89,-0.01,10,10890,卖盘
436,11:00:19,10.9,0.01,7,7630,买盘
437,11:01:10,10.9,0.0,200,218000,买盘
438,11:02:01,10.9,0.0,20,21800,买盘
439,11:02:16,10.9,0.0,40,43600,买盘
440,11:02:27,10.9,0.0,4,4360,买盘
441,11:02:55,10.89,-0.01,10,10890,卖盘
442,11:03:01,10.89,0.0,16,17424,卖盘
443,11:04:16,10.9,0.01,10,10900,买盘
444,11:04:52,10.9,0.0,13,14170,买盘
445,11:05:06,10.89,-0.01,6,6534,卖盘
446,11:05:19,10.9,0.01,3,3270,买盘
447,11:05:25,10.9,0.0,5,5450,买盘
448,11:05:54,10.9,0.0,26,28340,买盘
449,11:06:12,10.91,0.01,10,10910,买盘
450,11:06:22,10.91,0.0,4,4364,买盘
451,11:06:40,10.91,0.0,10,10910,买盘
452,11:06:55,10.91,0.0,5,5455,买盘
453,11:08:19,10.91,0.0,38,41458,买盘
454,11:08:58,10.91,0.0,36,39276,买盘
455,11:09:04,10.91,0.0,10,10910,卖盘
456,11:09:27,10.91,0.0,10,10910,卖盘
457,11:09:54,10.91,0.0,100,109100,卖盘
458,11:10:01,10.91,0.0,3,3273,卖盘
459,11:10:07,10.9,-0.01,42,45821,卖盘
460,11:11:43,10.9,0.0,10,10900,卖盘
461,11:12:07,10.91,0.01,57,62187,买盘
462,11:13:07,10.91,0.0,61,66551,卖盘
463,11:13:25,10.91,0.0,10,10910,买盘
464,11:13:33,10.91,0.0,5,5455,买盘
465,11:13:52,10.91,0.0,10,10910,买盘
466,11:13:58,10.91,0.0,10,10910,买盘
467,11:14:15,10.91,0.0,10,10910,买盘
468,11:14:34,10.91,0.0,15,16365,买盘
469,11:15:01,10.9,-0.01,3,3270,卖盘
470,11:15:04,10.9,0.0,3,3270,卖盘
471,11:15:07,10.9,0.0,116,126440,卖盘
472,11:15:34,10.89,-0.01,6,6534,卖盘
473,11:15:52,10.89,0.0,2,2178,卖盘
474,11:16:13,10.89,0.0,32,34848,卖盘
475,11:16:16,10.89,0.0,33,35937,卖盘
476,11:16:19,10.9,0.01,45,49050,买盘
477,11:16:22,10.89,-0.01,20,21780,卖盘
478,11:16:27,10.89,0.0,102,111078,卖盘
479,11:16:30,10.9,0.01,5,5450,买盘
480,11:16:40,10.89,-0.01,15,16335,卖盘
481,11:16:43,10.89,0.0,99,107811,卖盘
482,11:16:52,10.88,-0.01,295,320980,卖盘
483,11:16:55,10.88,0.0,12,13056,卖盘
484,11:17:16,10.88,0.0,300,326400,卖盘
485,11:18:10,10.88,0.0,3,3264,卖盘
486,11:18:21,10.88,0.0,27,29376,卖盘
487,11:19:13,10.88,0.0,83,90184,卖盘
488,11:19:37,10.87,-0.01,26,28262,卖盘
489,11:19:58,10.87,0.0,2,2174,买盘
490,11:20:04,10.86,-0.01,2,2172,卖盘
491,11:20:28,10.86,0.0,27,29322,卖盘
492,11:21:04,10.87,0.01,31,33697,买盘
493,11:21:37,10.87,0.0,10,10870,卖盘
494,11:22:07,10.87,0.0,9,9783,卖盘
495,11:22:19,10.88,0.01,10,10880,买盘
496,11:23:49,10.88,0.0,101,110008,买盘
497,11:24:43,10.89,0.01,5,5445,买盘
498,11:28:09,10.88,-0.01,48,52224,卖盘
499,11:29:34,10.88,0.0,1,1088,卖盘
500,13:00:05,10.87,-0.01,63,68481,卖盘
501,13:00:07,10.88,0.01,12,13054,买盘
502,13:00:28,10.87,-0.01,3,3261,卖盘
503,13:00:37,10.87,0.0,10,10870,买盘
504,13:00:46,10.86,-0.01,82,89052,卖盘
505,13:01:16,10.86,0.0,63,68418,买盘
506,13:01:54,10.86,0.0,10,10860,买盘
507,13:02:10,10.85,-0.01,27,29295,卖盘
508,13:02:31,10.84,-0.01,15,16260,卖盘
509,13:03:55,10.84,0.0,15,16260,卖盘
510,13:04:09,10.85,0.01,56,60760,买盘
511,13:04:40,10.85,0.0,1,1085,买盘
512,13:05:15,10.84,-0.01,138,149592,卖盘
513,13:05:52,10.84,0.0,28,30352,买盘
514,13:05:58,10.84,0.0,1,1084,买盘
515,13:06:01,10.84,0.0,5,5420,卖盘
516,13:06:28,10.83,-0.01,10,10830,卖盘
517,13:06:31,10.84,0.01,10,10840,买盘
518,13:06:42,10.83,-0.01,1,1083,卖盘
519,13:06:54,10.83,0.0,70,75810,卖盘
520,13:07:00,10.83,0.0,7,7581,卖盘
521,13:07:15,10.83,0.0,6,6498,买盘
522,13:07:22,10.83,0.0,18,19494,卖盘
523,13:07:42,10.83,0.0,4,4332,卖盘
524,13:08:39,10.84,0.01,1,1084,买盘
525,13:09:01,10.83,-0.01,100,108300,卖盘
526,13:09:22,10.83,0.0,20,21660,卖盘
527,13:09:39,10.82,-0.01,10,10820,卖盘
528,13:10:04,10.81,-0.01,90,97310,卖盘
529,13:10:46,10.82,0.01,5,5410,买盘
530,13:10:58,10.82,0.0,2,2164,买盘
531,13:11:19,10.82,0.0,1,1082,买盘
532,13:11:36,10.82,0.0,82,88724,买盘
533,13:16:30,10.83,0.01,10,10830,卖盘
534,13:16:52,10.84,0.01,10,10840,买盘
535,13:17:13,10.83,-0.01,19,20577,卖盘
536,13:18:21,10.84,0.01,1,1084,中性盘
537,13:19:24,10.83,-0.01,79,85557,卖盘
538,13:19:28,10.83,0.0,10,10830,买盘
539,13:19:55,10.83,0.0,1,1083,买盘
540,13:20:43,10.83,0.0,46,49818,买盘
541,13:20:48,10.83,0.0,40,43320,买盘
542,13:21:16,10.83,0.0,6,6498,买盘
543,13:22:19,10.83,0.0,8,8664,买盘
544,13:22:30,10.82,-0.01,100,108200,卖盘
545,13:22:42,10.82,0.0,7,7574,卖盘
546,13:23:01,10.81,-0.01,100,108163,卖盘
547,13:23:13,10.81,0.0,8,8648,卖盘
548,13:23:25,10.81,0.0,24,25944,卖盘
549,13:23:31,10.81,0.0,10,10810,卖盘
550,13:23:40,10.81,0.0,36,38916,卖盘
551,13:23:43,10.8,-0.01,70,75600,卖盘
552,13:23:49,10.8,0.0,35,37800,卖盘
553,13:23:52,10.81,0.01,10,10810,买盘
554,13:23:58,10.81,0.0,5,5405,卖盘
555,13:24:07,10.8,-0.01,167,180434,卖盘
556,13:24:13,10.8,0.0,10,10802,卖盘
557,13:24:19,10.8,0.0,16,17280,卖盘
558,13:24:27,10.82,0.02,15,16225,买盘
559,13:24:31,10.8,-0.02,4,4320,卖盘
560,13:24:46,10.8,0.0,10,10800,卖盘
561,13:25:21,10.8,0.0,19,20520,卖盘
562,13:25:36,10.8,0.0,71,76680,卖盘
563,13:26:04,10.8,0.0,42,45360,买盘
564,13:26:48,10.8,0.0,5,5400,买盘
565,13:27:33,10.8,0.0,10,10800,买盘
566,13:27:52,10.79,-0.01,50,53950,卖盘
567,13:28:04,10.79,0.0,20,21580,卖盘
568,13:28:12,10.79,0.0,10,10790,买盘
569,13:28:22,10.79,0.0,10,10790,买盘
570,13:28:31,10.78,-0.01,136,146608,卖盘
571,13:28:52,10.78,0.0,5,5390,买盘
572,13:28:54,10.78,0.0,54,58212,买盘
573,13:29:07,10.79,0.01,165,178035,买盘
574,13:29:24,10.79,0.0,12,12948,买盘
575,13:29:58,10.79,0.0,10,10790,卖盘
576,13:30:42,10.79,0.0,27,29133,卖盘
577,13:30:46,10.8,0.01,10,10800,买盘
578,13:31:30,10.8,0.0,10,10800,买盘
579,13:31:58,10.8,0.0,162,174960,买盘
580,13:32:54,10.81,0.01,50,54050,买盘
581,13:33:49,10.81,0.0,7,7567,买盘
582,13:33:52,10.8,-0.01,5,5400,卖盘
583,13:34:22,10.8,0.0,4,4320,卖盘
584,13:34:36,10.8,0.0,14,15120,卖盘
585,13:34:40,10.8,0.0,20,21600,卖盘
586,13:34:43,10.8,0.0,71,76680,卖盘
587,13:35:07,10.8,0.0,13,14040,买盘
588,13:35:10,10.79,-0.01,39,42081,卖盘
589,13:35:13,10.79,0.0,46,49634,卖盘
590,13:35:52,10.79,0.0,5,5395,买盘
591,13:35:54,10.78,-0.01,1,1078,卖盘
592,13:37:04,10.78,0.0,88,94864,卖盘
593,13:37:34,10.78,0.0,5,5390,买盘
594,13:38:01,10.78,0.0,5,5390,买盘
595,13:38:24,10.78,0.0,2,2156,买盘
596,13:39:04,10.78,0.0,9,9702,卖盘
597,13:39:49,10.78,0.0,1,1078,卖盘
598,13:40:13,10.79,0.01,5,5395,买盘
599,13:40:16,10.79,0.0,5,5395,买盘
600,13:40:24,10.79,0.0,30,32370,买盘
601,13:41:25,10.79,0.0,44,47476,买盘
602,13:42:04,10.79,0.01,50,53950,买盘
603,13:42:28,10.79,0.0,10,10790,买盘
604,13:42:31,10.78,-0.01,20,21560,卖盘
605,13:43:51,10.78,0.0,21,22638,卖盘
606,13:44:00,10.78,0.0,3,3234,卖盘
607,13:44:04,10.79,0.01,4,4316,买盘
608,13:44:06,10.79,0.0,20,21580,买盘
609,13:44:49,10.79,0.0,74,79846,买盘
610,13:45:01,10.8,0.01,100,107961,买盘
611,13:45:12,10.79,-0.01,100,107900,买盘
612,13:45:19,10.79,0.0,50,53950,买盘
613,13:45:31,10.79,0.0,10,10790,买盘
614,13:45:52,10.8,0.01,75,81000,买盘
615,13:45:55,10.79,-0.01,6,6474,卖盘
616,13:46:22,10.8,0.01,20,21600,买盘
617,13:46:45,10.8,0.0,17,18360,买盘
618,13:47:07,10.8,0.0,20,21600,买盘
619,13:47:10,10.8,0.0,20,21600,买盘
620,13:47:27,10.8,0.0,1,1080,买盘
621,13:47:43,10.8,0.0,11,11880,买盘
622,13:48:16,10.81,0.01,40,43240,买盘
623,13:48:46,10.81,0.0,17,18377,买盘
624,13:49:10,10.81,0.0,36,38916,买盘
625,13:49:28,10.83,0.02,1,1083,买盘
626,13:50:25,10.83,0.0,10,10830,买盘
627,13:50:43,10.82,-0.01,2,2164,买盘
628,13:50:49,10.81,-0.01,2,2162,卖盘
629,13:51:10,10.81,0.0,4,4324,卖盘
630,13:51:37,10.83,0.02,27,29233,买盘
631,13:51:49,10.81,-0.02,20,21620,卖盘
632,13:52:25,10.82,0.01,2,2164,卖盘
633,13:52:55,10.82,0.0,22,23804,买盘
634,13:53:25,10.82,0.0,16,17312,买盘
635,13:53:34,10.81,-0.01,148,159988,卖盘
636,13:54:07,10.81,0.0,2,2162,买盘
637,13:54:13,10.8,-0.01,150,162024,卖盘
638,13:54:42,10.81,0.01,2,2162,买盘
639,13:54:49,10.83,0.02,28,30285,买盘
640,13:56:33,10.81,-0.02,100,108100,卖盘
641,13:57:04,10.83,0.02,13,14079,买盘
642,13:58:49,10.82,-0.01,15,16230,卖盘
643,14:00:13,10.81,-0.01,2,2162,卖盘
644,14:01:04,10.8,-0.01,300,324086,卖盘
645,14:01:42,10.8,0.0,17,18360,卖盘
646,14:01:52,10.8,0.0,3,3240,卖盘
647,14:02:04,10.79,-0.01,49,52871,卖盘
648,14:02:37,10.79,0.0,5,5395,卖盘
649,14:03:19,10.79,0.0,16,17264,卖盘
650,14:03:21,10.79,0.0,142,153218,卖盘
651,14:03:46,10.78,-0.01,20,21560,卖盘
652,14:03:58,10.79,0.01,1,1079,买盘
653,14:04:10,10.79,0.0,5,5395,买盘
654,14:05:52,10.78,-0.01,53,57177,卖盘
655,14:06:16,10.79,0.01,184,198536,买盘
656,14:06:34,10.79,0.0,10,10790,卖盘
657,14:07:07,10.81,0.02,5,5405,买盘
658,14:07:10,10.81,0.0,4,4324,买盘
659,14:07:49,10.81,0.0,50,54050,买盘
660,14:08:01,10.81,0.0,20,21620,买盘
661,14:08:13,10.81,0.0,15,16215,买盘
662,14:08:24,10.81,0.0,8,8648,买盘
663,14:08:28,10.81,0.0,8,8648,买盘
664,14:08:46,10.83,0.02,402,435151,买盘
665,14:09:04,10.82,-0.01,123,133086,卖盘
666,14:09:15,10.82,0.0,77,83314,买盘
667,14:09:34,10.83,0.01,3,3249,买盘
668,14:09:52,10.83,0.0,12,12996,买盘
669,14:10:07,10.83,0.0,13,14079,买盘
670,14:10:21,10.83,0.0,17,18411,卖盘
671,14:10:34,10.84,0.01,10,10832,买盘
672,14:10:51,10.84,0.0,6,6504,买盘
673,14:10:58,10.84,0.0,20,21680,买盘
674,14:11:16,10.84,0.0,5,5420,买盘
675,14:11:31,10.84,0.0,2,2168,买盘
676,14:12:31,10.84,0.0,5,5420,买盘
677,14:13:01,10.83,-0.01,21,22743,卖盘
678,14:13:19,10.83,0.0,2,2166,卖盘
679,14:13:55,10.83,0.0,5,5415,卖盘
680,14:14:49,10.83,0.0,4,4332,卖盘
681,14:14:58,10.84,0.01,80,86720,买盘
682,14:15:15,10.84,0.0,3,3252,买盘
683,14:15:45,10.84,0.0,10,10840,买盘
684,14:16:06,10.84,0.0,30,32520,买盘
685,14:16:49,10.84,0.0,62,67208,买盘
686,14:16:55,10.84,0.0,8,8672,买盘
687,14:16:58,10.83,-0.01,10,10830,卖盘
688,14:17:22,10.84,0.01,7,7588,买盘
689,14:18:13,10.83,-0.01,16,17328,卖盘
690,14:18:16,10.84,0.01,5,5420,买盘
691,14:18:31,10.83,-0.01,5,5415,卖盘
692,14:18:46,10.83,0.0,21,22743,卖盘
693,14:18:58,10.83,0.0,19,20577,买盘
694,14:19:31,10.83,0.0,3,3249,卖盘
695,14:19:37,10.84,0.01,15,16260,买盘
696,14:19:52,10.84,0.0,54,58536,买盘
697,14:20:07,10.85,0.01,4,4340,买盘
698,14:20:10,10.85,0.0,8,8680,买盘
699,14:20:16,10.85,0.0,7,7595,买盘
700,14:20:21,10.85,0.0,50,54250,买盘
701,14:20:24,10.85,0.0,4,4340,买盘
702,14:20:27,10.85,0.0,9,9765,卖盘
703,14:20:30,10.86,0.01,5,5430,买盘
704,14:20:36,10.86,0.0,59,64074,买盘
705,14:21:34,10.87,0.01,28,30434,买盘
706,14:21:37,10.86,-0.01,2,2172,卖盘
707,14:21:43,10.86,0.0,74,80364,卖盘
708,14:22:13,10.86,0.0,6,6516,买盘
709,14:22:22,10.86,0.0,25,27150,买盘
710,14:23:00,10.86,0.0,13,14118,卖盘
711,14:23:24,10.85,-0.01,4,4340,卖盘
712,14:23:49,10.85,0.0,32,34720,卖盘
713,14:24:22,10.85,0.0,5,5425,卖盘
714,14:25:12,10.86,0.01,2,2172,买盘
715,14:25:37,10.85,-0.01,32,34740,卖盘
716,14:25:49,10.85,0.0,9,9765,买盘
717,14:26:58,10.84,-0.01,30,32520,卖盘
718,14:27:22,10.84,0.0,6,6504,卖盘
719,14:27:28,10.84,0.0,5,5420,买盘
720,14:27:34,10.84,0.0,2,2168,买盘
721,14:27:46,10.83,-0.01,12,12998,卖盘
722,14:27:51,10.84,0.01,1,1084,买盘
723,14:27:55,10.83,-0.01,20,21670,卖盘
724,14:27:57,10.84,0.01,6,6504,买盘
725,14:28:13,10.85,0.01,10,10850,买盘
726,14:28:58,10.85,0.0,86,93310,买盘
727,14:29:19,10.84,-0.01,10,10846,卖盘
728,14:29:22,10.87,0.03,100,108610,买盘
729,14:29:37,10.86,-0.01,4,4344,买盘
730,14:31:40,10.86,0.0,90,97740,卖盘
731,14:31:49,10.86,0.0,10,10860,买盘
732,14:32:04,10.87,0.01,15,16300,买盘
733,14:32:28,10.87,0.0,1,1087,买盘
734,14:32:40,10.87,0.0,30,32610,买盘
735,14:32:52,10.87,0.0,23,25001,买盘
736,14:33:42,10.87,0.0,5,5435,买盘
737,14:34:04,10.87,0.0,3,3261,买盘
738,14:34:06,10.87,0.0,20,21740,买盘
739,14:34:12,10.87,0.0,10,10870,买盘
740,14:34:28,10.87,0.0,20,21740,买盘
741,14:34:55,10.87,0.0,10,10870,买盘
742,14:35:01,10.87,0.0,20,21740,买盘
743,14:35:31,10.87,0.0,107,116309,买盘
744,14:35:37,10.87,0.0,6,6522,买盘
745,14:35:46,10.87,0.0,5,5435,买盘
746,14:35:58,10.87,0.0,2,2174,买盘
747,14:36:16,10.87,0.0,3,3261,买盘
748,14:36:22,10.87,0.0,10,10870,买盘
749,14:36:28,10.87,0.0,155,168485,买盘
750,14:37:21,10.88,0.01,2,2176,买盘
751,14:37:40,10.88,0.0,1,1088,买盘
752,14:37:46,10.88,0.0,11,11968,买盘
753,14:37:49,10.88,0.0,1,1088,买盘
754,14:38:07,10.87,-0.01,32,34784,卖盘
755,14:38:22,10.88,0.01,64,69632,买盘
756,14:38:28,10.88,0.0,11,11967,买盘
757,14:38:48,10.88,0.0,2,2176,买盘
758,14:39:49,10.87,-0.01,5,5435,卖盘
759,14:39:54,10.87,0.0,10,10870,卖盘
760,14:40:16,10.88,0.01,61,66368,买盘
761,14:40:19,10.87,-0.01,10,10870,卖盘
762,14:41:16,10.87,0.0,51,55437,卖盘
763,14:41:31,10.87,0.0,19,20653,卖盘
764,14:42:12,10.87,0.0,5,5435,买盘
765,14:42:43,10.86,-0.01,177,192222,卖盘
766,14:42:46,10.86,0.0,10,10860,买盘
767,14:43:15,10.85,-0.01,18,19530,卖盘
768,14:43:34,10.85,0.0,19,20615,卖盘
769,14:43:40,10.85,0.0,1,1085,卖盘
770,14:43:46,10.85,0.0,62,67270,卖盘
771,14:43:52,10.85,0.0,66,71610,卖盘
772,14:43:55,10.85,0.0,44,47740,买盘
773,14:44:00,10.86,0.01,4,4344,买盘
774,14:44:31,10.85,-0.01,93,100905,卖盘
775,14:44:46,10.85,0.0,6,6505,买盘
776,14:44:55,10.85,0.0,10,10850,买盘
777,14:45:10,10.85,0.0,3,3255,买盘
778,14:45:36,10.84,-0.01,120,130081,卖盘
779,14:45:39,10.84,0.0,18,19512,买盘
780,14:45:46,10.85,0.01,93,100855,买盘
781,14:46:01,10.85,0.0,58,62930,卖盘
782,14:46:16,10.87,0.02,200,217216,买盘
783,14:46:25,10.84,-0.03,1,1084,买盘
784,14:46:31,10.84,0.0,1,1084,买盘
785,14:46:34,10.88,0.04,52,56541,买盘
786,14:47:19,10.87,-0.01,5,5435,买盘
787,14:47:58,10.87,0.0,14,15218,买盘
788,14:48:04,10.87,0.0,21,22827,买盘
789,14:48:55,10.88,0.01,10,10880,买盘
790,14:49:09,10.88,0.0,2,2176,买盘
791,14:49:13,10.87,-0.01,60,65220,卖盘
792,14:49:22,10.86,-0.01,1,1086,卖盘
793,14:49:25,10.87,0.01,33,35868,买盘
794,14:49:31,10.88,0.01,78,84864,买盘
795,14:49:40,10.87,-0.01,100,108700,卖盘
796,14:49:58,10.88,0.01,36,39168,买盘
797,14:50:04,10.88,0.0,10,10880,买盘
798,14:50:13,10.87,-0.01,3,3261,卖盘
799,14:50:22,10.88,0.01,1,1088,买盘
800,14:50:25,10.88,0.0,9,9792,卖盘
801,14:50:31,10.89,0.01,35,38115,买盘
802,14:50:40,10.88,-0.01,5,5440,买盘
803,14:50:58,10.88,0.0,1,1088,买盘
804,14:51:04,10.88,0.0,19,20672,买盘
805,14:51:07,10.87,-0.01,64,69568,卖盘
806,14:51:16,10.87,0.0,5,5435,买盘
807,14:51:28,10.87,0.0,6,6522,买盘
808,14:51:55,10.87,0.0,10,10870,买盘
809,14:52:04,10.87,0.0,40,43480,买盘
810,14:52:07,10.87,0.0,10,10870,卖盘
811,14:52:22,10.88,0.01,11,11968,买盘
812,14:52:28,10.88,0.0,27,29376,买盘
813,14:52:31,10.87,-0.01,38,41306,卖盘
814,14:52:40,10.87,0.0,10,10870,买盘
815,14:52:48,10.89,0.02,78,84923,买盘
816,14:53:25,10.88,-0.01,5,5440,买盘
817,14:53:33,10.88,0.0,3,3264,买盘
818,14:53:37,10.88,0.0,11,11968,卖盘
819,14:53:42,10.87,-0.01,55,59785,卖盘
820,14:53:52,10.88,0.01,18,19584,买盘
821,14:54:22,10.88,0.0,87,94656,卖盘
822,14:54:25,10.88,0.0,13,14144,买盘
823,14:54:28,10.89,0.01,106,115434,买盘
824,14:54:37,10.89,0.0,10,10890,买盘
825,14:55:16,10.89,0.0,44,47916,买盘
826,14:55:19,10.88,-0.01,63,68545,卖盘
827,14:55:22,10.88,0.0,5,5440,买盘
828,14:55:33,10.87,-0.01,5,5435,卖盘
829,14:55:37,10.88,0.01,5,5440,买盘
830,14:55:45,10.88,0.0,5,5440,买盘
831,14:55:48,10.88,0.0,10,10880,买盘
832,14:55:52,10.88,0.0,10,10880,买盘
833,14:56:04,10.88,0.0,5,5440,买盘
834,14:56:07,10.88,0.0,100,108800,买盘
835,14:56:10,10.88,0.0,44,47872,买盘
836,14:56:13,10.88,0.0,30,32640,买盘
837,14:56:37,10.88,0.0,3,3264,买盘
838,14:56:40,10.89,0.01,91,99055,买盘
839,14:56:43,10.87,-0.02,57,61969,卖盘
840,14:56:49,10.88,0.01,5,5440,卖盘
841,14:56:58,10.89,0.01,2,2178,买盘
842,14:57:04,10.89,0.0,5,5445,买盘
843,15:00:05,10.89,0.0,599,652311,卖盘
