,time,price,change,volume,amount,type
0,09:25:04,15.07,-0.06,3,4521,买盘
1,09:30:04,15.08,0.01,8,12094,中性盘
2,09:30:31,15.13,0.05,7,10591,买盘
3,09:30:33,15.14,0.01,2,3028,买盘
4,09:30:37,15.15,0.01,20,30293,买盘
5,09:30:39,15.13,-0.02,2,3026,卖盘
6,09:30:43,15.14,0.01,1,1514,买盘
7,09:31:06,15.14,0.0,1,1514,买盘
8,09:31:18,15.14,0.0,31,46923,买盘
9,09:31:31,15.15,0.01,20,30300,卖盘
10,09:31:40,15.15,0.0,12,18180,卖盘
11,09:31:43,15.15,0.0,44,66660,卖盘
12,09:31:46,15.14,-0.01,16,24224,卖盘
13,09:31:48,15.14,0.0,25,37850,卖盘
14,09:31:51,15.14,0.0,19,28766,卖盘
15,09:31:54,15.14,0.0,25,37850,卖盘
16,09:31:57,15.12,-0.02,18,27248,卖盘
17,09:32:01,15.09,-0.03,33,49803,卖盘
18,09:32:04,15.09,0.0,17,25653,卖盘
19,09:32:07,15.09,0.0,18,27162,卖盘
20,09:32:10,15.09,0.0,12,18108,卖盘
21,09:32:13,15.09,0.0,6,9054,卖盘
22,09:32:16,15.11,0.02,37,55889,买盘
23,09:32:19,15.11,0.0,3,4533,卖盘
24,09:32:22,15.11,0.0,3,4533,卖盘
25,09:32:30,15.12,0.01,4,6048,买盘
26,09:32:33,15.12,0.0,10,15120,买盘
27,09:32:37,15.12,0.0,1,1512,卖盘
28,09:32:43,15.12,0.0,9,13608,卖盘
29,09:32:45,15.13,0.01,6,9073,买盘
30,09:32:51,15.13,0.0,3,4539,买盘
31,09:33:06,15.13,0.0,2,3026,卖盘
32,09:33:19,15.14,0.01,1,1514,买盘
33,09:33:25,15.13,-0.01,2,3026,卖盘
34,09:33:28,15.13,0.0,1,1513,卖盘
35,09:33:34,15.12,-0.01,4,6048,卖盘
36,09:33:36,15.12,0.0,2,3024,卖盘
37,09:33:39,15.12,0.0,6,9072,卖盘
38,09:33:42,15.12,0.0,3,4536,卖盘
39,09:33:46,15.12,0.0,1,1512,卖盘
40,09:33:49,15.12,0.0,5,7560,卖盘
41,09:33:52,15.12,0.0,1,1512,卖盘
42,09:33:54,15.12,0.0,3,4536,卖盘
43,09:34:07,15.12,0.0,3,4536,卖盘
44,09:34:10,15.12,0.0,11,16632,卖盘
45,09:34:12,15.11,-0.01,2,3022,卖盘
46,09:34:25,15.12,0.01,30,45360,买盘
47,09:34:46,15.11,-0.01,3,4533,卖盘
48,09:34:58,15.13,0.02,74,111889,买盘
49,09:35:01,15.14,0.01,5,7570,买盘
50,09:35:04,15.14,0.0,7,10598,买盘
51,09:35:06,15.15,0.01,14,21206,买盘
52,09:35:10,15.15,0.0,24,36365,买盘
53,09:35:12,15.17,0.02,8,12141,中性盘
54,09:35:16,15.19,0.02,3,4557,买盘
55,09:35:19,15.2,0.01,13,19760,买盘
56,09:35:21,15.2,0.0,4,6080,买盘
57,09:35:25,15.2,0.0,2,3040,买盘
58,09:35:27,15.19,-0.01,2,3038,买盘
59,09:35:30,15.2,0.01,1,1520,买盘
60,09:35:33,15.2,0.0,7,10640,买盘
61,09:35:37,15.23,0.03,12,18276,买盘
62,09:35:40,15.21,-0.02,6,9136,中性盘
63,09:35:43,15.21,0.0,1,1521,买盘
64,09:35:46,15.2,-0.01,1,1520,买盘
65,09:35:48,15.2,0.0,1,1520,买盘
66,09:35:51,15.19,-0.01,1,1519,中性盘
67,09:35:54,15.2,0.01,9,13679,买盘
68,09:35:58,15.2,0.0,1,1520,买盘
69,09:36:01,15.2,0.0,1,1520,买盘
70,09:36:04,15.19,-0.01,1,1519,中性盘
71,09:36:06,15.19,0.0,1,1519,买盘
72,09:36:13,15.19,0.0,9,13664,买盘
73,09:36:16,15.19,0.0,1,1519,买盘
74,09:36:21,15.19,0.0,1,1519,买盘
75,09:36:30,15.18,-0.01,10,15180,卖盘
76,09:36:36,15.19,0.01,1,1519,买盘
77,09:36:42,15.19,0.0,19,28861,买盘
78,09:36:49,15.18,-0.01,9,13666,卖盘
79,09:36:57,15.19,0.01,2,3038,买盘
80,09:37:06,15.19,0.0,1,1519,买盘
81,09:37:09,15.18,-0.01,57,86531,卖盘
82,09:37:19,15.16,-0.02,2,3032,卖盘
83,09:37:40,15.17,0.01,25,37914,买盘
84,09:37:54,15.16,-0.01,15,22740,卖盘
85,09:38:01,15.17,0.01,7,10618,买盘
86,09:38:24,15.16,-0.01,13,19708,买盘
87,09:38:34,15.16,0.0,3,4548,买盘
88,09:38:43,15.16,0.0,3,4548,买盘
89,09:38:49,15.16,0.0,14,21224,买盘
90,09:38:54,15.16,0.0,9,13644,卖盘
91,09:39:13,15.16,0.0,26,39416,买盘
92,09:39:19,15.18,0.02,3,4554,买盘
93,09:39:42,15.18,0.0,41,62235,买盘
94,09:39:46,15.18,0.0,1,1518,卖盘
95,09:39:52,15.18,0.0,16,24288,卖盘
96,09:40:04,15.19,0.01,8,12152,买盘
97,09:40:07,15.19,0.0,1,1519,买盘
98,09:40:10,15.19,0.0,1,1519,买盘
99,09:40:13,15.19,0.0,5,7595,买盘
100,09:40:37,15.19,0.0,62,94178,买盘
101,09:40:46,15.19,0.0,3,4557,买盘
102,09:40:48,15.19,0.0,3,4557,买盘
103,09:40:52,15.19,0.0,1,1519,买盘
104,09:41:09,15.19,0.0,1,1519,买盘
105,09:41:28,15.2,0.01,22,33438,买盘
106,09:41:39,15.21,0.01,6,9126,买盘
107,09:41:42,15.21,0.0,2,3042,买盘
108,09:41:51,15.25,0.04,17,25911,买盘
109,09:42:04,15.28,0.03,1,1528,买盘
110,09:42:19,15.29,0.01,55,84022,买盘
111,09:42:22,15.26,-0.03,1,1526,卖盘
112,09:42:33,15.26,0.0,1,1526,买盘
113,09:42:49,15.26,0.0,4,6104,买盘
114,09:43:04,15.28,0.02,48,73336,买盘
115,09:43:13,15.28,0.0,1,1528,买盘
116,09:43:49,15.26,-0.02,1,1526,卖盘
117,09:44:01,15.26,0.0,1,1526,卖盘
118,09:44:04,15.25,-0.01,3,4575,卖盘
119,09:44:15,15.22,-0.03,44,66984,卖盘
120,09:44:18,15.22,0.0,7,10654,买盘
121,09:44:21,15.25,0.03,3,4575,卖盘
122,09:44:24,15.26,0.01,12,18301,买盘
123,09:44:27,15.25,-0.01,2,3050,卖盘
124,09:44:30,15.25,0.0,10,15250,卖盘
125,09:44:49,15.24,-0.01,18,27432,买盘
126,09:44:54,15.22,-0.02,8,12176,卖盘
127,09:44:57,15.2,-0.02,3,4560,卖盘
128,09:45:04,15.18,-0.02,7,10634,卖盘
129,09:45:09,15.22,0.04,1,1522,买盘
130,09:45:22,15.21,-0.01,3,4561,买盘
131,09:45:31,15.22,0.01,4,6088,买盘
132,09:45:43,15.22,0.0,6,9132,买盘
133,09:45:46,15.21,-0.01,1,1521,卖盘
134,09:46:07,15.21,0.0,1,1521,买盘
135,09:46:22,15.18,-0.03,9,13662,卖盘
136,09:46:25,15.17,-0.01,7,10619,卖盘
137,09:46:36,15.17,0.0,8,12136,卖盘
138,09:46:49,15.16,-0.01,1,1516,卖盘
139,09:46:51,15.16,0.0,1,1516,卖盘
140,09:47:04,15.16,0.0,19,28804,卖盘
141,09:47:19,15.15,-0.01,3,4545,卖盘
142,09:47:28,15.11,-0.04,14,21154,卖盘
143,09:47:36,15.1,-0.01,100,151000,卖盘
144,09:47:57,15.08,-0.02,30,45240,卖盘
145,09:48:27,15.07,-0.01,1,1507,卖盘
146,09:48:34,15.07,0.0,12,18084,卖盘
147,09:48:37,15.08,0.01,40,60320,买盘
148,09:48:40,15.07,-0.01,35,52767,卖盘
149,09:48:46,15.07,0.0,13,19591,买盘
150,09:48:48,15.07,0.0,2,3014,买盘
151,09:48:51,15.07,0.0,5,7535,买盘
152,09:48:55,15.07,0.0,10,15070,买盘
153,09:48:57,15.07,0.0,2,3013,买盘
154,09:49:00,15.0,-0.07,35,52607,卖盘
155,09:49:16,15.09,0.09,47,70831,买盘
156,09:49:19,15.02,-0.07,5,7511,卖盘
157,09:49:28,15.21,0.19,40,60607,买盘
158,09:50:01,15.15,-0.06,1,1515,买盘
159,09:50:19,15.15,0.0,8,12120,买盘
160,09:50:22,15.2,0.05,40,60671,买盘
161,09:50:49,15.2,0.0,8,12160,买盘
162,09:51:04,15.07,-0.13,3,4543,卖盘
163,09:51:13,15.19,0.12,1,1519,买盘
164,09:51:16,15.19,0.0,1,1519,买盘
165,09:51:34,15.15,-0.04,20,30300,买盘
166,09:52:16,15.13,-0.02,3,4539,卖盘
167,09:52:31,15.13,0.0,1,1513,卖盘
168,09:52:34,15.18,0.05,1,1518,买盘
169,09:52:43,15.19,0.01,8,12151,买盘
170,09:52:45,15.2,0.01,40,60764,买盘
171,09:53:10,15.16,-0.04,1,1516,卖盘
172,09:53:12,15.16,0.0,15,22740,买盘
173,09:53:36,15.2,0.04,6,9120,买盘
174,09:53:49,15.15,-0.05,12,18191,卖盘
175,09:53:54,15.15,0.0,21,31815,卖盘
176,09:54:31,15.18,0.03,2,3036,买盘
177,09:54:39,15.18,0.0,5,7590,卖盘
178,09:55:16,15.18,0.0,4,6072,卖盘
179,09:55:22,15.2,0.02,1,1520,买盘
180,09:55:30,15.2,0.0,1,1520,买盘
181,09:55:36,15.18,-0.02,1,1518,卖盘
182,09:55:51,15.18,0.0,11,16714,卖盘
183,09:55:58,15.2,0.02,8,12160,买盘
184,09:56:16,15.21,0.01,260,395208,买盘
185,09:56:19,15.25,0.04,22,33491,买盘
186,09:56:22,15.26,0.01,2,3052,买盘
187,09:56:24,15.26,0.0,2,3052,买盘
188,09:56:27,15.26,0.0,2,3052,买盘
189,09:57:01,15.27,0.01,8,12216,买盘
190,09:57:09,15.27,0.0,8,12216,买盘
191,09:57:12,15.28,0.01,55,83999,买盘
192,09:57:22,15.26,-0.02,15,22890,卖盘
193,09:57:30,15.27,0.01,3,4581,买盘
194,09:57:45,15.27,0.0,1,1527,买盘
195,09:57:58,15.27,0.0,5,7635,买盘
196,09:58:58,15.26,-0.01,7,10670,买盘
197,09:59:15,15.25,-0.01,8,12200,买盘
198,09:59:19,15.25,0.0,1,1525,买盘
199,09:59:28,15.25,0.0,8,12200,买盘
200,09:59:45,15.25,0.0,2,3050,买盘
201,10:00:04,15.27,0.02,16,24427,买盘
202,10:00:25,15.22,-0.05,9,13701,卖盘
203,10:00:28,15.22,0.0,2,3044,买盘
204,10:00:52,15.22,0.0,5,7610,卖盘
205,10:01:04,15.25,0.03,5,7625,买盘
206,10:01:07,15.25,0.0,1,1525,买盘
207,10:01:39,15.28,0.03,7,10692,买盘
208,10:01:58,15.26,-0.02,2,3052,买盘
209,10:02:09,15.26,0.0,1,1526,卖盘
210,10:02:39,15.26,0.0,8,12208,买盘
211,10:02:58,15.26,0.0,43,65618,买盘
212,10:03:00,15.26,0.0,4,6104,买盘
213,10:03:06,15.26,0.0,1,1526,买盘
214,10:04:01,15.26,0.0,1,1526,买盘
215,10:04:07,15.25,-0.01,1,1525,买盘
216,10:04:34,15.24,-0.01,3,4572,卖盘
217,10:05:00,15.25,0.01,3,4575,卖盘
218,10:05:25,15.26,0.01,16,24416,买盘
219,10:05:33,15.28,0.02,39,59578,买盘
220,10:06:07,15.25,-0.03,16,24403,卖盘
221,10:06:30,15.28,0.03,3,4584,买盘
222,10:06:33,15.24,-0.04,1,1524,卖盘
223,10:06:43,15.28,0.04,10,15280,买盘
224,10:07:00,15.24,-0.04,9,13716,卖盘
225,10:07:03,15.28,0.04,3,4584,买盘
226,10:07:06,15.28,0.0,1,1528,买盘
227,10:07:09,15.28,0.0,8,12224,买盘
228,10:07:19,15.29,0.01,8,12232,买盘
229,10:07:21,15.23,-0.06,10,15230,卖盘
230,10:07:45,15.3,0.07,8,12234,买盘
231,10:07:52,15.3,0.0,8,12240,买盘
232,10:08:07,15.3,0.0,8,12240,买盘
233,10:08:15,15.3,0.0,1,1530,买盘
234,10:08:21,15.3,0.0,4,6120,买盘
235,10:08:49,15.26,-0.04,23,35098,卖盘
236,10:09:06,15.26,0.0,1,1526,买盘
237,10:09:10,15.26,0.0,2,3052,买盘
238,10:09:16,15.26,0.0,70,106820,买盘
239,10:09:22,15.26,0.0,3,4578,买盘
240,10:09:24,15.26,0.0,2,3052,买盘
241,10:09:57,15.3,0.04,6,9180,买盘
242,10:10:07,15.3,0.0,1,1530,买盘
243,10:10:13,15.3,0.0,8,12240,买盘
244,10:10:22,15.3,0.0,2,3060,买盘
245,10:10:27,15.33,0.03,39,59734,买盘
246,10:10:31,15.3,-0.03,1,1530,中性盘
247,10:10:45,15.3,0.0,7,10711,卖盘
248,10:10:49,15.33,0.03,6,9195,买盘
249,10:10:57,15.35,0.02,1,1535,买盘
250,10:11:10,15.33,-0.02,5,7665,卖盘
251,10:11:19,15.33,0.0,1,1533,卖盘
252,10:11:22,15.33,0.0,1,1533,卖盘
253,10:11:55,15.3,-0.03,1,1530,买盘
254,10:12:12,15.33,0.03,5,7665,买盘
255,10:12:28,15.33,0.0,1,1533,买盘
256,10:12:31,15.33,0.0,3,4599,买盘
257,10:12:39,15.33,0.0,8,12264,卖盘
258,10:12:43,15.34,0.01,3,4600,买盘
259,10:12:46,15.33,-0.01,14,21462,卖盘
260,10:12:54,15.35,0.02,143,219474,买盘
261,10:13:13,15.36,0.01,3,4608,买盘
262,10:13:21,15.36,0.0,31,47616,买盘
263,10:13:33,15.36,0.0,3,4608,买盘
264,10:13:37,15.35,-0.01,10,15350,卖盘
265,10:13:42,15.36,0.01,4,6144,买盘
266,10:13:48,15.35,-0.01,134,205690,卖盘
267,10:14:04,15.35,0.0,8,12280,买盘
268,10:14:06,15.35,0.0,1,1535,买盘
269,10:14:28,15.3,-0.05,3,4590,卖盘
270,10:14:40,15.3,0.0,47,71910,买盘
271,10:14:42,15.35,0.05,8,12275,买盘
272,10:15:00,15.35,0.0,8,12280,买盘
273,10:15:06,15.35,0.0,1,1535,买盘
274,10:16:01,15.28,-0.07,5,7640,卖盘
275,10:17:28,15.28,0.0,2,3056,卖盘
276,10:18:16,15.28,0.0,14,21392,卖盘
277,10:18:30,15.25,-0.03,20,30529,卖盘
278,10:19:12,15.28,0.03,8,12224,买盘
279,10:19:33,15.27,-0.01,1,1527,买盘
280,10:19:36,15.28,0.01,30,45840,买盘
281,10:19:40,15.28,0.0,7,10696,买盘
282,10:19:42,15.28,0.0,1,1528,买盘
283,10:19:46,15.28,0.0,1,1528,买盘
284,10:19:57,15.29,0.01,1,1529,中性盘
285,10:20:01,15.29,0.0,1,1529,买盘
286,10:20:12,15.31,0.02,8,12248,买盘
287,10:20:18,15.28,-0.03,2,3056,卖盘
288,10:20:51,15.29,0.01,1,1529,卖盘
289,10:20:57,15.29,0.0,1,1529,买盘
290,10:21:04,15.29,0.0,12,18348,买盘
291,10:21:21,15.31,0.02,8,12248,买盘
292,10:22:04,15.29,-0.02,1,1529,买盘
293,10:22:18,15.28,-0.01,4,6112,卖盘
294,10:22:52,15.28,0.0,4,6115,卖盘
295,10:23:19,15.28,0.0,4,6112,卖盘
296,10:23:51,15.29,0.01,1,1529,卖盘
297,10:23:57,15.28,-0.01,17,25976,卖盘
298,10:24:19,15.28,0.0,1,1528,卖盘
299,10:24:24,15.27,-0.01,1,1527,卖盘
300,10:24:36,15.27,0.0,3,4581,卖盘
301,10:24:39,15.27,0.0,1,1527,卖盘
302,10:24:52,15.27,0.0,20,30540,卖盘
303,10:24:58,15.27,0.0,4,6108,卖盘
304,10:25:04,15.27,0.0,1,1527,买盘
305,10:25:12,15.25,-0.02,30,45752,卖盘
306,10:25:19,15.25,0.0,4,6100,卖盘
307,10:25:21,15.25,0.0,15,22875,卖盘
308,10:25:42,15.25,0.0,5,7625,买盘
309,10:25:51,15.25,0.0,12,18300,卖盘
310,10:25:55,15.25,0.0,3,4575,卖盘
311,10:26:19,15.22,-0.03,4,6088,卖盘
312,10:26:24,15.23,0.01,1,1523,买盘
313,10:26:33,15.23,0.0,9,13707,卖盘
314,10:26:57,15.22,-0.01,2,3044,卖盘
315,10:27:15,15.22,0.0,7,10654,卖盘
316,10:27:22,15.22,0.0,8,12176,买盘
317,10:27:31,15.22,0.0,3,4566,买盘
318,10:27:37,15.21,-0.01,8,12171,卖盘
319,10:28:04,15.21,0.0,1,1521,买盘
320,10:28:06,15.21,0.0,3,4563,买盘
321,10:28:43,15.22,0.01,20,30440,买盘
322,10:28:51,15.21,-0.01,20,30420,卖盘
323,10:29:19,15.21,0.0,4,6084,卖盘
324,10:29:36,15.22,0.01,3,4566,买盘
325,10:29:46,15.21,-0.01,1,1521,卖盘
326,10:29:49,15.22,0.01,4,6088,买盘
327,10:29:52,15.22,0.0,14,21308,卖盘
328,10:30:07,15.21,-0.01,6,9127,卖盘
329,10:30:10,15.21,0.0,4,6084,买盘
330,10:30:19,15.21,0.0,1,1521,买盘
331,10:30:25,15.2,-0.01,23,34968,卖盘
332,10:30:28,15.21,0.01,42,63882,买盘
333,10:30:31,15.21,0.0,10,15210,买盘
334,10:30:34,15.2,-0.01,10,15200,卖盘
335,10:30:45,15.2,0.0,20,30400,买盘
336,10:30:52,15.2,0.0,5,7600,买盘
337,10:30:54,15.2,0.0,15,22800,买盘
338,10:30:57,15.2,0.0,1,1520,买盘
339,10:31:01,15.2,0.0,1,1520,买盘
340,10:31:04,15.2,0.0,1,1520,买盘
341,10:31:19,15.19,-0.01,9,13671,卖盘
342,10:31:25,15.14,-0.05,28,42432,卖盘
343,10:31:37,15.14,0.0,34,51476,买盘
344,10:31:43,15.13,-0.01,20,30260,卖盘
345,10:31:55,15.14,0.01,2,3028,买盘
346,10:32:04,15.14,0.0,1,1514,买盘
347,10:32:07,15.13,-0.01,8,12104,卖盘
348,10:32:09,15.14,0.01,10,15140,买盘
349,10:33:03,15.14,0.0,45,68178,卖盘
350,10:33:31,15.14,0.0,30,45435,卖盘
351,10:33:39,15.19,0.05,2,3038,买盘
352,10:34:04,15.19,0.0,1,1519,买盘
353,10:34:27,15.19,0.0,15,22785,买盘
354,10:34:31,15.19,0.0,2,3038,卖盘
355,10:34:34,15.19,0.0,1,1519,卖盘
356,10:34:54,15.2,0.01,2,3040,买盘
357,10:34:57,15.2,0.0,4,6080,卖盘
358,10:35:34,15.21,0.01,41,62361,卖盘
359,10:36:01,15.23,0.02,14,21322,买盘
360,10:36:31,15.23,0.0,10,15231,卖盘
361,10:36:40,15.23,0.0,77,117271,卖盘
362,10:37:03,15.24,0.01,12,18280,买盘
363,10:37:06,15.24,0.0,20,30480,卖盘
364,10:37:16,15.24,0.0,29,44196,卖盘
365,10:37:22,15.24,0.0,9,13716,卖盘
366,10:38:01,15.24,0.0,1,1524,卖盘
367,10:38:04,15.24,0.0,1,1524,买盘
368,10:39:04,15.24,0.0,1,1524,中性盘
369,10:39:57,15.24,0.0,8,12192,买盘
370,10:40:00,15.24,0.0,12,18288,卖盘
371,10:40:51,15.18,-0.06,5,7590,卖盘
372,10:41:21,15.19,0.01,2,3038,中性盘
373,10:42:16,15.19,0.0,2,3038,卖盘
374,10:42:24,15.18,-0.01,11,16698,卖盘
375,10:43:06,15.14,-0.04,42,63592,卖盘
376,10:43:39,15.22,0.08,4,6088,买盘
377,10:44:04,15.22,0.0,1,1522,买盘
378,10:45:04,15.22,0.0,1,1522,买盘
379,10:45:46,15.21,-0.01,21,31941,买盘
380,10:45:49,15.21,0.0,2,3042,卖盘
381,10:46:06,15.21,0.0,13,19773,卖盘
382,10:46:24,15.21,0.0,1,1521,买盘
383,10:47:03,15.21,0.0,1,1521,买盘
384,10:47:48,15.2,-0.01,1,1520,买盘
385,10:48:04,15.19,-0.01,1,1519,买盘
386,10:48:27,15.16,-0.03,3,4548,卖盘
387,10:48:58,15.14,-0.02,37,56025,卖盘
388,10:51:04,15.14,0.0,10,15141,卖盘
389,10:53:04,15.19,0.05,11,16709,买盘
390,10:53:37,15.2,0.01,1,1520,买盘
391,10:53:43,15.2,0.0,1,1520,买盘
392,10:53:57,15.2,0.0,8,12160,买盘
393,10:54:01,15.2,0.0,2,3040,买盘
394,10:54:18,15.21,0.01,1,1521,买盘
395,10:54:48,15.21,0.0,1,1521,买盘
396,10:54:51,15.21,0.0,3,4563,买盘
397,10:55:04,15.21,0.0,5,7605,买盘
398,10:55:07,15.21,0.0,22,33462,买盘
399,10:55:19,15.22,0.01,7,10654,买盘
400,10:55:21,15.22,0.0,1,1522,卖盘
401,10:56:51,15.23,0.01,3,4569,卖盘
402,10:59:04,15.23,0.0,2,3046,卖盘
403,10:59:52,15.24,0.01,5,7620,买盘
404,11:00:03,15.24,0.0,4,6096,买盘
405,11:00:21,15.24,0.0,1,1524,买盘
406,11:00:24,15.23,-0.01,22,33506,卖盘
407,11:00:54,15.22,-0.01,1,1522,卖盘
408,11:02:06,15.22,0.0,10,15220,卖盘
409,11:03:43,15.23,0.01,1,1523,买盘
410,11:04:48,15.22,-0.01,1,1522,卖盘
411,11:05:06,15.22,0.0,11,16742,卖盘
412,11:05:09,15.22,0.0,3,4566,卖盘
413,11:05:12,15.22,0.0,1,1522,卖盘
414,11:05:15,15.21,-0.01,4,6084,卖盘
415,11:05:18,15.21,0.0,1,1521,卖盘
416,11:05:21,15.21,0.0,1,1521,卖盘
417,11:07:27,15.21,0.0,7,10647,卖盘
418,11:07:57,15.23,0.02,16,24368,买盘
419,11:08:36,15.21,-0.02,2,3042,卖盘
420,11:08:46,15.21,0.0,64,97344,买盘
421,11:09:00,15.23,0.02,2,3046,买盘
422,11:09:09,15.23,0.0,2,3046,买盘
423,11:09:24,15.23,0.0,1,1523,买盘
424,11:09:45,15.21,-0.02,1,1521,卖盘
425,11:09:48,15.22,0.01,1,1522,中性盘
426,11:09:55,15.21,-0.01,6,9126,卖盘
427,11:09:58,15.21,0.0,2,3042,卖盘
428,11:10:00,15.21,0.0,1,1521,买盘
429,11:11:33,15.23,0.02,112,170575,买盘
430,11:11:48,15.22,-0.01,1,1522,买盘
431,11:11:54,15.22,0.0,34,51748,买盘
432,11:12:15,15.23,0.01,15,22845,买盘
433,11:12:18,15.23,0.0,3,4569,买盘
434,11:12:31,15.22,-0.01,3,4566,卖盘
435,11:14:01,15.22,0.0,5,7610,卖盘
436,11:14:10,15.23,0.01,1,1523,买盘
437,11:14:18,15.22,-0.01,10,15220,卖盘
438,11:14:39,15.23,0.01,1,1523,买盘
439,11:15:18,15.22,-0.01,60,91320,卖盘
440,11:15:27,15.22,0.0,1,1522,卖盘
441,11:16:04,15.22,0.0,1,1522,买盘
442,11:16:18,15.22,0.0,10,15220,买盘
443,11:17:06,15.21,-0.01,8,12168,卖盘
444,11:18:15,15.22,0.01,7,10654,买盘
445,11:19:33,15.22,0.0,4,6085,买盘
446,11:20:00,15.22,0.0,2,3044,买盘
447,11:20:18,15.22,0.0,2,3044,买盘
448,11:20:40,15.21,-0.01,5,7605,卖盘
449,11:21:27,15.21,0.0,1,1521,卖盘
450,11:21:37,15.21,0.0,5,7605,卖盘
451,11:22:42,15.21,0.0,36,54756,卖盘
452,11:23:21,15.22,0.01,1,1522,买盘
453,11:23:30,15.21,-0.01,13,19773,卖盘
454,11:23:33,15.21,0.0,5,7605,买盘
455,11:24:09,15.21,0.0,1,1521,买盘
456,11:24:33,15.22,0.01,4,6088,买盘
457,11:25:30,15.22,0.0,9,13698,买盘
458,11:26:18,15.22,0.0,12,18264,买盘
459,11:27:01,15.22,0.0,1,1522,买盘
460,11:27:24,15.23,0.01,2,3046,买盘
461,11:28:09,15.23,0.0,94,143162,买盘
462,11:28:13,15.24,0.01,3,4572,买盘
463,11:28:15,15.24,0.0,8,12192,买盘
464,11:28:24,15.24,0.0,2,3048,卖盘
465,11:29:06,15.25,0.01,16,24394,买盘
466,11:29:09,15.25,0.0,3,4575,卖盘
467,11:29:18,15.26,0.01,4,6104,卖盘
468,13:00:01,15.26,0.0,8,12208,买盘
469,13:00:04,15.26,0.0,13,19838,买盘
470,13:00:10,15.27,0.01,4,6108,买盘
471,13:00:30,15.27,0.0,2,3054,买盘
472,13:00:36,15.27,0.0,3,4581,卖盘
473,13:02:12,15.26,-0.01,1,1526,卖盘
474,13:03:00,15.26,0.0,8,12208,卖盘
475,13:05:13,15.27,0.01,1,1527,买盘
476,13:06:27,15.27,0.0,10,15270,买盘
477,13:07:15,15.28,0.01,9,13752,买盘
478,13:07:33,15.3,0.02,10,15296,买盘
479,13:07:45,15.3,0.0,33,50490,买盘
480,13:08:09,15.31,0.01,1,1531,买盘
481,13:08:39,15.31,0.0,3,4593,买盘
482,13:09:42,15.3,-0.01,19,29070,卖盘
483,13:10:07,15.29,-0.01,8,12232,中性盘
484,13:10:30,15.3,0.01,51,78030,买盘
485,13:10:43,15.3,0.0,10,15300,买盘
486,13:11:19,15.3,0.0,5,7650,买盘
487,13:11:31,15.3,0.0,1,1530,买盘
488,13:12:24,15.3,0.0,81,123930,买盘
489,13:12:27,15.31,0.01,5,7655,买盘
490,13:12:31,15.3,-0.01,40,61200,卖盘
491,13:12:48,15.3,0.0,3,4590,卖盘
492,13:13:15,15.31,0.01,3,4593,买盘
493,13:13:24,15.31,0.0,74,113294,买盘
494,13:13:27,15.31,0.0,1,1531,买盘
495,13:13:55,15.32,0.01,6,9192,买盘
496,13:14:16,15.32,0.0,1,1532,买盘
497,13:14:40,15.32,0.0,4,6128,买盘
498,13:15:12,15.33,0.01,2,3066,买盘
499,13:15:45,15.33,0.0,5,7665,买盘
500,13:15:48,15.33,0.0,1,1533,买盘
501,13:16:18,15.32,-0.01,7,10724,卖盘
502,13:17:18,15.31,-0.01,5,7656,卖盘
503,13:17:57,15.31,0.0,20,30620,卖盘
504,13:18:33,15.31,0.0,1,1531,卖盘
505,13:18:48,15.31,0.0,6,9186,买盘
506,13:19:00,15.3,-0.01,40,61200,卖盘
507,13:19:04,15.3,0.0,2,3060,卖盘
508,13:19:06,15.3,0.0,2,3060,卖盘
509,13:19:09,15.3,0.0,7,10710,卖盘
510,13:19:22,15.3,0.0,15,22950,卖盘
511,13:19:25,15.3,0.0,1,1530,卖盘
512,13:19:51,15.3,0.0,100,153000,卖盘
513,13:19:54,15.3,0.0,2,3060,卖盘
514,13:20:04,15.3,0.0,23,35190,卖盘
515,13:20:21,15.28,-0.02,13,19864,卖盘
516,13:20:27,15.28,0.0,1,1528,卖盘
517,13:20:55,15.28,0.0,5,7640,卖盘
518,13:21:00,15.28,0.0,12,18336,卖盘
519,13:21:30,15.28,0.0,2,3056,买盘
520,13:22:06,15.27,-0.01,7,10689,卖盘
521,13:22:27,15.28,0.01,10,15280,买盘
522,13:22:30,15.28,0.0,1,1528,买盘
523,13:22:48,15.28,0.0,10,15280,买盘
524,13:23:39,15.29,0.01,1,1529,卖盘
525,13:23:57,15.29,0.0,13,19877,买盘
526,13:24:15,15.29,0.0,3,4587,卖盘
527,13:24:57,15.29,0.0,17,25993,买盘
528,13:26:15,15.29,0.0,1,1529,卖盘
529,13:26:30,15.3,0.01,3,4590,买盘
530,13:27:33,15.3,0.0,1,1530,买盘
531,13:28:36,15.3,0.0,3,4590,买盘
532,13:29:21,15.29,-0.01,10,15290,卖盘
533,13:29:30,15.3,0.01,1,1530,买盘
534,13:30:04,15.3,0.0,1,1530,买盘
535,13:31:18,15.29,-0.01,17,25993,卖盘
536,13:32:06,15.28,-0.01,1,1528,卖盘
537,13:32:27,15.28,0.0,30,45840,卖盘
538,13:32:36,15.28,0.0,27,41256,卖盘
539,13:33:04,15.29,0.01,1,1529,买盘
540,13:33:54,15.28,-0.01,1,1528,卖盘
541,13:34:00,15.29,0.01,25,38225,买盘
542,13:34:06,15.29,0.0,8,12232,卖盘
543,13:34:22,15.29,0.0,2,3058,买盘
544,13:34:43,15.28,-0.01,1,1528,卖盘
545,13:34:49,15.29,0.01,4,6116,买盘
546,13:36:48,15.3,0.01,77,117810,买盘
547,13:36:55,15.3,0.0,1,1530,买盘
548,13:37:06,15.29,-0.01,1,1529,买盘
549,13:37:48,15.28,-0.01,1,1528,卖盘
550,13:39:03,15.28,0.0,1,1528,卖盘
551,13:39:21,15.28,0.0,25,38200,卖盘
552,13:39:36,15.27,-0.01,1,1527,卖盘
553,13:39:51,15.27,0.0,51,77877,卖盘
554,13:40:22,15.27,0.0,17,25959,卖盘
555,13:40:27,15.28,0.01,2,3056,买盘
556,13:41:04,15.28,0.0,3,4584,买盘
557,13:41:39,15.28,0.0,1,1528,卖盘
558,13:41:51,15.28,0.0,10,15280,卖盘
559,13:41:58,15.29,0.01,5,7645,买盘
560,13:42:46,15.29,0.0,1,1529,买盘
561,13:42:48,15.29,0.0,12,18348,买盘
562,13:42:54,15.29,0.0,1,1529,买盘
563,13:43:04,15.28,-0.01,1,1528,卖盘
564,13:43:06,15.28,0.0,1,1528,卖盘
565,13:43:09,15.28,0.0,15,22920,卖盘
566,13:43:21,15.28,0.0,1,1528,买盘
567,13:44:00,15.28,0.0,10,15280,买盘
568,13:44:04,15.28,0.0,1,1528,买盘
569,13:44:06,15.28,0.0,1,1528,买盘
570,13:44:10,15.28,0.0,1,1528,买盘
571,13:44:13,15.28,0.0,1,1528,买盘
572,13:44:15,15.28,0.0,1,1528,买盘
573,13:44:19,15.28,0.0,1,1528,买盘
574,13:44:21,15.28,0.0,1,1528,买盘
575,13:44:24,15.28,0.0,4,6112,买盘
576,13:44:27,15.28,0.0,3,4584,买盘
577,13:45:27,15.28,0.0,10,15280,卖盘
578,13:46:07,15.28,0.0,4,6112,卖盘
579,13:46:13,15.28,0.0,1,1528,买盘
580,13:46:15,15.28,0.0,1,1528,买盘
581,13:46:18,15.28,0.0,1,1528,买盘
582,13:46:39,15.28,0.0,1,1528,买盘
583,13:46:42,15.28,0.0,1,1528,买盘
584,13:46:46,15.28,0.0,1,1528,买盘
585,13:46:48,15.28,0.0,1,1528,买盘
586,13:46:51,15.28,0.0,1,1528,买盘
587,13:46:55,15.28,0.0,1,1528,买盘
588,13:47:19,15.28,0.0,2,3056,卖盘
589,13:47:24,15.28,0.0,1,1528,买盘
590,13:47:27,15.28,0.0,1,1528,买盘
591,13:47:31,15.28,0.0,1,1528,买盘
592,13:47:33,15.28,0.0,1,1528,买盘
593,13:47:36,15.28,0.0,1,1528,买盘
594,13:47:39,15.28,0.0,1,1528,买盘
595,13:47:43,15.28,0.0,1,1528,买盘
596,13:47:45,15.28,0.0,4,6112,买盘
597,13:47:48,15.28,0.0,3,4584,买盘
598,13:47:52,15.28,0.0,8,12224,买盘
599,13:47:55,15.29,0.01,11,16813,买盘
600,13:47:58,15.29,0.0,10,15290,买盘
601,13:48:01,15.29,0.0,12,18348,买盘
602,13:48:04,15.29,0.0,9,13761,买盘
603,13:48:07,15.29,0.0,10,15290,买盘
604,13:48:09,15.29,0.0,14,21406,买盘
605,13:48:12,15.29,0.0,7,10703,买盘
606,13:48:15,15.29,0.0,1,1529,买盘
607,13:49:06,15.28,-0.01,4,6112,卖盘
608,13:49:10,15.28,0.0,1,1528,卖盘
609,13:49:19,15.29,0.01,4,6116,买盘
610,13:49:45,15.29,0.0,2,3058,卖盘
611,13:50:57,15.28,-0.01,10,15280,卖盘
612,13:51:12,15.29,0.01,28,42812,买盘
613,13:51:18,15.3,0.01,3,4590,买盘
614,13:51:30,15.3,0.0,1,1530,买盘
615,13:51:34,15.3,0.0,23,35190,买盘
616,13:52:09,15.31,0.01,1,1531,买盘
617,13:52:30,15.31,0.0,14,21434,买盘
618,13:52:42,15.33,0.02,10,15330,买盘
619,13:52:48,15.31,-0.02,1,1531,卖盘
620,13:53:12,15.3,-0.01,10,15305,卖盘
621,13:53:15,15.33,0.03,4,6132,买盘
622,13:53:30,15.33,0.0,10,15330,买盘
623,13:54:09,15.33,0.0,3,4599,买盘
624,13:54:55,15.33,0.0,5,7665,买盘
625,13:55:09,15.33,0.0,20,30660,买盘
626,13:55:15,15.33,0.0,11,16863,买盘
627,13:55:31,15.34,0.01,5,7670,买盘
628,13:55:34,15.33,-0.01,3,4599,卖盘
629,13:56:06,15.33,0.0,1,1533,卖盘
630,13:56:42,15.33,0.0,32,49056,卖盘
631,13:57:04,15.31,-0.02,5,7655,卖盘
632,13:57:06,15.33,0.02,1,1533,中性盘
633,13:57:09,15.33,0.0,1,1533,卖盘
634,13:57:22,15.33,0.0,8,12264,卖盘
635,13:57:58,15.31,-0.02,1,1531,卖盘
636,13:58:01,15.31,0.0,17,26028,卖盘
637,13:58:07,15.3,-0.01,8,12240,卖盘
638,13:58:12,15.3,0.0,16,24480,卖盘
639,13:59:15,15.3,0.0,22,33660,卖盘
640,13:59:55,15.3,0.0,6,9180,买盘
641,13:59:58,15.3,0.0,3,4590,买盘
642,14:00:04,15.3,0.0,6,9180,买盘
643,14:00:06,15.28,-0.02,35,53480,卖盘
644,14:00:15,15.3,0.02,1,1530,买盘
645,14:00:19,15.3,0.0,1,1530,买盘
646,14:00:36,15.3,0.0,4,6120,买盘
647,14:01:36,15.28,-0.02,13,19864,卖盘
648,14:01:39,15.28,0.0,2,3056,买盘
649,14:02:19,15.28,0.0,4,6112,买盘
650,14:02:21,15.27,-0.01,72,109944,卖盘
651,14:02:27,15.27,0.0,111,169497,卖盘
652,14:02:30,15.26,-0.01,36,54936,卖盘
653,14:02:33,15.27,0.01,12,18324,买盘
654,14:03:21,15.25,-0.02,16,24400,卖盘
655,14:03:24,15.26,0.01,1,1526,买盘
656,14:03:30,15.27,0.01,5,7635,买盘
657,14:03:33,15.27,0.0,1,1527,买盘
658,14:03:36,15.27,0.0,3,4581,买盘
659,14:04:07,15.26,-0.01,4,6104,卖盘
660,14:04:45,15.27,0.01,4,6108,买盘
661,14:05:27,15.27,0.0,10,15270,买盘
662,14:05:34,15.27,0.0,6,9162,买盘
663,14:05:37,15.27,0.0,2,3375,买盘
664,14:07:18,15.28,0.01,2,3056,买盘
665,14:07:48,15.27,-0.01,1,1527,卖盘
666,14:07:51,15.27,0.0,2,3054,卖盘
667,14:08:30,15.28,0.01,1,1528,买盘
668,14:08:36,15.28,0.0,1,1528,买盘
669,14:09:04,15.28,0.0,1,1528,卖盘
670,14:10:09,15.28,0.0,8,12224,卖盘
671,14:10:40,15.28,0.0,7,10696,卖盘
672,14:11:24,15.27,-0.01,1,1527,卖盘
673,14:11:28,15.28,0.01,8,12224,买盘
674,14:11:34,15.28,0.0,10,15280,卖盘
675,14:12:00,15.27,-0.01,9,13743,卖盘
676,14:13:46,15.29,0.02,1,1529,买盘
677,14:15:54,15.27,-0.02,1,1527,卖盘
678,14:15:58,15.27,0.0,5,7635,卖盘
679,14:16:06,15.28,0.01,8,12224,卖盘
680,14:17:12,15.28,0.0,1,1528,买盘
681,14:18:33,15.28,0.0,1,1528,买盘
682,14:19:06,15.27,-0.01,3,4581,卖盘
683,14:19:28,15.27,0.0,15,22905,卖盘
684,14:19:33,15.27,0.0,4,5787,卖盘
685,14:20:55,15.27,0.0,10,15270,买盘
686,14:21:10,15.27,0.0,4,6108,买盘
687,14:21:12,15.27,0.0,5,7956,买盘
688,14:21:18,15.26,-0.01,5,7634,卖盘
689,14:22:07,15.26,0.0,7,10682,卖盘
690,14:22:48,15.26,0.0,1,1526,卖盘
691,14:22:51,15.28,0.02,6,9168,买盘
692,14:23:31,15.28,0.0,5,7640,买盘
693,14:23:52,15.26,-0.02,6,9156,卖盘
694,14:25:04,15.28,0.02,1,1528,买盘
695,14:25:22,15.28,0.0,20,30560,买盘
696,14:25:46,15.28,0.0,2,3056,买盘
697,14:27:13,15.27,-0.01,1,1527,卖盘
698,14:27:42,15.26,-0.01,2,3052,卖盘
699,14:28:16,15.26,0.0,28,42728,卖盘
700,14:28:28,15.26,0.0,1,1526,卖盘
701,14:28:34,15.26,0.0,10,15260,卖盘
702,14:28:39,15.26,0.0,1,1526,卖盘
703,14:29:37,15.26,0.0,14,21368,卖盘
704,14:29:57,15.28,0.02,1,1528,买盘
705,14:31:28,15.28,0.0,1,1528,买盘
706,14:32:54,15.27,-0.01,5,7635,卖盘
707,14:33:30,15.26,-0.01,1,1526,卖盘
708,14:33:51,15.27,0.01,1,1527,买盘
709,14:33:54,15.28,0.01,2,3056,买盘
710,14:34:22,15.27,-0.01,1,1527,卖盘
711,14:35:19,15.26,-0.01,58,88508,卖盘
712,14:35:52,15.26,0.0,7,10682,卖盘
713,14:36:07,15.27,0.01,5,7635,买盘
714,14:37:10,15.26,-0.01,28,42728,卖盘
715,14:38:51,15.26,0.0,2,3052,卖盘
716,14:39:13,15.26,0.0,3,4578,卖盘
717,14:40:06,15.26,0.0,11,16786,卖盘
718,14:41:33,15.26,0.0,28,42408,卖盘
719,14:42:16,15.26,0.0,26,39996,买盘
720,14:42:34,15.26,0.0,1,1526,卖盘
721,14:43:07,15.27,0.01,2,3053,买盘
722,14:43:27,15.27,0.0,10,15270,买盘
723,14:44:07,15.27,0.0,8,12216,买盘
724,14:44:31,15.27,0.0,8,12214,买盘
725,14:44:40,15.27,0.0,2,3054,买盘
726,14:44:49,15.27,0.0,1,1527,买盘
727,14:45:03,15.27,0.0,18,27486,买盘
728,14:46:04,15.27,0.0,5,7635,买盘
729,14:46:24,15.27,0.0,6,9162,买盘
730,14:46:51,15.27,0.0,47,71769,买盘
731,14:47:01,15.28,0.01,1,1528,买盘
732,14:47:10,15.27,-0.01,5,7635,卖盘
733,14:47:13,15.28,0.01,10,15280,买盘
734,14:47:25,15.27,-0.01,1,1527,卖盘
735,14:47:40,15.28,0.01,11,16808,买盘
736,14:47:46,15.28,0.0,8,12224,卖盘
737,14:48:01,15.29,0.01,27,41283,买盘
738,14:48:04,15.3,0.01,29,44342,买盘
739,14:48:18,15.29,-0.01,100,152950,卖盘
740,14:48:28,15.3,0.01,20,30600,买盘
741,14:48:37,15.3,0.0,50,76500,买盘
742,14:48:39,15.3,0.0,1,1530,买盘
743,14:48:42,15.3,0.0,1,1530,买盘
744,14:48:52,15.29,-0.01,30,45870,卖盘
745,14:48:54,15.3,0.01,18,27540,买盘
746,14:49:01,15.28,-0.02,58,88674,卖盘
747,14:49:13,15.28,0.0,7,10696,卖盘
748,14:49:25,15.3,0.02,11,16830,买盘
749,14:49:34,15.3,0.0,5,7650,买盘
750,14:49:39,15.3,0.0,1,1530,买盘
751,14:49:43,15.3,0.0,3,4590,买盘
752,14:49:48,15.28,-0.02,1,1528,卖盘
753,14:50:31,15.28,0.0,10,15281,卖盘
754,14:50:46,15.3,0.02,1,1530,买盘
755,14:51:28,15.31,0.01,44,67324,买盘
756,14:52:15,15.3,-0.01,53,81018,买盘
757,14:52:18,15.28,-0.02,11,16808,卖盘
758,14:52:37,15.29,0.01,10,15290,卖盘
759,14:52:40,15.28,-0.01,4,6114,卖盘
760,14:52:43,15.28,0.0,8,12224,卖盘
761,14:52:51,15.28,0.0,2,3056,卖盘
762,14:53:04,15.28,0.0,34,51952,卖盘
763,14:53:06,15.29,0.01,9,13761,中性盘
764,14:53:10,15.29,0.0,22,33638,卖盘
765,14:53:16,15.29,0.0,8,12234,卖盘
766,14:53:27,15.3,0.01,3,4590,买盘
767,14:53:31,15.3,0.0,44,67320,卖盘
768,14:53:52,15.3,0.0,10,15300,卖盘
769,14:54:01,15.31,0.01,1,1531,买盘
770,14:54:46,15.29,-0.02,20,30589,卖盘
771,14:55:28,15.3,0.01,5,7650,买盘
772,14:55:31,15.3,0.0,10,15300,卖盘
773,14:56:00,15.3,0.0,13,19890,卖盘
774,14:56:16,15.3,0.0,5,7650,卖盘
775,14:56:28,15.3,0.0,1,1530,卖盘
776,14:56:30,15.3,0.0,1,1530,卖盘
777,14:56:34,15.3,0.0,6,9180,买盘
778,14:56:40,15.29,-0.01,10,15290,卖盘
779,14:56:43,15.3,0.01,2,3060,买盘
780,14:56:51,15.3,0.0,3,4588,买盘
781,15:00:04,15.3,0.0,174,266220,卖盘
