,time,price,change,volume,amount,type
0,09:25:04,5.55,-0.11,1616,896880,卖盘
1,09:30:04,5.52,-0.03,2405,1330450,卖盘
2,09:30:06,5.52,0.0,542,299148,买盘
3,09:30:09,5.53,0.01,101,55789,买盘
4,09:30:12,5.52,-0.01,80,44181,卖盘
5,09:30:15,5.53,0.01,120,66290,买盘
6,09:30:18,5.51,-0.02,173,95392,卖盘
7,09:30:21,5.53,0.02,69,38127,买盘
8,09:30:24,5.53,0.0,10,5527,买盘
9,09:30:28,5.53,0.0,19,10502,买盘
10,09:30:30,5.53,0.0,91,50323,买盘
11,09:30:33,5.53,0.0,34,18782,买盘
12,09:30:37,5.53,0.0,247,136471,买盘
13,09:30:39,5.52,-0.01,327,180614,卖盘
14,09:30:42,5.53,0.01,105,58065,买盘
15,09:30:45,5.52,-0.01,130,71824,卖盘
16,09:30:48,5.53,0.01,90,49731,买盘
17,09:30:51,5.53,0.0,68,37599,买盘
18,09:30:55,5.54,0.01,344,190095,买盘
19,09:30:57,5.54,0.0,4,2216,买盘
20,09:31:00,5.53,-0.01,17,9401,中性盘
21,09:31:04,5.52,-0.01,250,138079,卖盘
22,09:31:06,5.53,0.01,53,29359,中性盘
23,09:31:09,5.52,-0.01,463,256424,卖盘
24,09:31:12,5.54,0.02,37,20486,买盘
25,09:31:15,5.54,0.0,1,554,买盘
26,09:31:21,5.53,-0.01,356,197221,卖盘
27,09:31:24,5.53,0.0,13,7200,卖盘
28,09:31:27,5.53,0.0,109,60297,卖盘
29,09:31:30,5.55,0.02,29,16095,买盘
30,09:31:33,5.55,0.0,15,8325,买盘
31,09:31:39,5.54,-0.01,61,33854,卖盘
32,09:31:42,5.54,0.0,5,2770,卖盘
33,09:31:45,5.54,0.0,111,61494,卖盘
34,09:31:48,5.55,0.01,92,50971,买盘
35,09:31:51,5.55,0.0,1,555,买盘
36,09:31:54,5.55,0.0,1,555,买盘
37,09:31:57,5.55,0.0,6,3330,买盘
38,09:32:00,5.54,-0.01,12,6648,卖盘
39,09:32:03,5.53,-0.01,300,165917,卖盘
40,09:32:06,5.54,0.01,197,109078,买盘
41,09:32:09,5.54,0.0,13,7202,买盘
42,09:32:13,5.54,0.0,160,88640,买盘
43,09:32:15,5.54,0.0,112,62052,卖盘
44,09:32:18,5.55,0.01,78,43214,买盘
45,09:32:21,5.55,0.0,20,11090,买盘
46,09:32:24,5.55,0.0,23,12765,买盘
47,09:32:27,5.54,-0.01,705,390818,卖盘
48,09:32:31,5.53,-0.01,115,63742,卖盘
49,09:32:33,5.55,0.02,13,7209,买盘
50,09:32:36,5.55,0.0,4,2220,买盘
51,09:32:39,5.55,0.0,13,7207,买盘
52,09:32:42,5.54,-0.01,186,103044,卖盘
53,09:32:45,5.54,0.0,62,34348,买盘
54,09:32:48,5.54,0.0,77,42658,买盘
55,09:32:51,5.54,0.0,7,3873,买盘
56,09:32:54,5.54,0.0,219,121123,买盘
57,09:32:57,5.54,0.0,103,57062,买盘
58,09:33:00,5.54,0.0,82,45348,买盘
59,09:33:03,5.54,0.0,1,554,买盘
60,09:33:06,5.54,0.0,143,79222,买盘
61,09:33:09,5.54,0.0,99,54839,买盘
62,09:33:12,5.54,0.0,28,15512,买盘
63,09:33:16,5.54,0.0,26,14404,买盘
64,09:33:18,5.54,0.0,1,554,买盘
65,09:33:21,5.53,-0.01,377,208484,卖盘
66,09:33:24,5.53,0.0,117,64616,买盘
67,09:33:27,5.53,0.0,76,42028,买盘
68,09:33:30,5.53,0.0,21,11613,买盘
69,09:33:33,5.52,-0.01,16,8833,卖盘
70,09:33:36,5.53,0.01,164,90692,买盘
71,09:33:39,5.54,0.01,4,2216,买盘
72,09:33:45,5.54,0.0,26,14396,买盘
73,09:33:48,5.53,-0.01,153,84613,卖盘
74,09:33:51,5.54,0.01,26,14401,买盘
75,09:33:54,5.53,-0.01,29,16038,卖盘
76,09:33:57,5.53,0.0,100,55303,卖盘
77,09:34:00,5.53,0.0,16,8850,卖盘
78,09:34:04,5.54,0.01,1,554,买盘
79,09:34:06,5.53,-0.01,307,169880,卖盘
80,09:34:09,5.52,-0.01,10,5527,卖盘
81,09:34:12,5.53,0.01,20,11060,买盘
82,09:34:16,5.53,0.0,28,15477,买盘
83,09:34:19,5.52,-0.01,507,279949,卖盘
84,09:34:22,5.53,0.01,28,15473,中性盘
85,09:34:24,5.52,-0.01,116,64033,卖盘
86,09:34:27,5.53,0.01,49,27097,买盘
87,09:34:30,5.52,-0.01,117,64594,卖盘
88,09:34:33,5.52,0.0,10,5520,买盘
89,09:34:36,5.52,0.0,20,11040,买盘
90,09:34:40,5.52,0.0,1,552,买盘
91,09:34:42,5.52,0.0,90,49677,买盘
92,09:34:48,5.52,0.0,17,9380,买盘
93,09:34:51,5.52,0.0,150,82777,买盘
94,09:34:54,5.51,-0.01,29,15997,卖盘
95,09:34:57,5.51,0.0,57,31460,卖盘
96,09:35:01,5.51,0.0,31,17109,卖盘
97,09:35:03,5.52,0.01,176,97152,买盘
98,09:35:06,5.52,0.0,94,51895,买盘
99,09:35:09,5.52,0.0,42,23185,卖盘
100,09:35:13,5.52,0.0,3,1656,卖盘
101,09:35:15,5.53,0.01,55,30362,买盘
102,09:35:18,5.52,-0.01,55,30361,卖盘
103,09:35:21,5.52,0.0,4,2209,卖盘
104,09:35:24,5.52,0.0,70,38640,卖盘
105,09:35:27,5.53,0.01,50,27650,买盘
106,09:35:30,5.52,-0.01,11,6073,卖盘
107,09:35:33,5.52,0.0,3,1656,卖盘
108,09:35:36,5.53,0.01,12,6634,买盘
109,09:35:40,5.53,0.0,37,20431,买盘
110,09:35:42,5.52,-0.01,11,6072,卖盘
111,09:35:45,5.53,0.01,40,22106,买盘
112,09:35:51,5.52,-0.01,7,3864,卖盘
113,09:35:57,5.53,0.01,55,30405,买盘
114,09:36:00,5.52,-0.01,9,4969,卖盘
115,09:36:06,5.53,0.01,120,66347,买盘
116,09:36:09,5.53,0.0,11,6083,买盘
117,09:36:13,5.52,-0.01,15,8290,卖盘
118,09:36:15,5.53,0.01,53,29309,买盘
119,09:36:18,5.53,0.0,38,21014,买盘
120,09:36:21,5.52,-0.01,11,6076,卖盘
121,09:36:24,5.52,0.0,4,2208,卖盘
122,09:36:27,5.52,0.0,30,16570,卖盘
123,09:36:30,5.53,0.01,60,33170,买盘
124,09:36:33,5.53,0.0,57,31515,买盘
125,09:36:36,5.53,0.0,15,8281,买盘
126,09:36:39,5.52,-0.01,21,11602,卖盘
127,09:36:42,5.53,0.01,5,2762,买盘
128,09:36:48,5.52,-0.01,25,13805,卖盘
129,09:36:51,5.52,0.0,9,4970,卖盘
130,09:36:54,5.53,0.01,505,278765,买盘
131,09:36:57,5.53,0.0,6,3318,买盘
132,09:37:01,5.53,0.0,10,5530,买盘
133,09:37:04,5.52,-0.01,156,86212,卖盘
134,09:37:06,5.52,0.0,12,6626,卖盘
135,09:37:09,5.53,0.01,19,10507,买盘
136,09:37:12,5.52,-0.01,3,1656,卖盘
137,09:37:15,5.52,0.0,10,5522,卖盘
138,09:37:21,5.52,0.0,4,2208,卖盘
139,09:37:24,5.53,0.01,42,23193,买盘
140,09:37:27,5.53,0.0,387,213960,买盘
141,09:37:31,5.53,0.0,272,150421,卖盘
142,09:37:33,5.52,-0.01,125,69002,卖盘
143,09:37:36,5.53,0.01,15,8292,买盘
144,09:37:40,5.53,0.0,15,8295,买盘
145,09:37:45,5.53,0.0,103,56956,买盘
146,09:37:48,5.53,0.0,4,2212,买盘
147,09:37:51,5.52,-0.01,4,2208,卖盘
148,09:37:54,5.53,0.01,19,10497,买盘
149,09:37:57,5.53,0.0,55,30410,买盘
150,09:38:00,5.53,0.0,35,19355,中性盘
151,09:38:04,5.53,0.0,102,56345,卖盘
152,09:38:06,5.54,0.01,118,65344,买盘
153,09:38:09,5.53,-0.01,34,18802,买盘
154,09:38:12,5.53,0.0,93,51429,卖盘
155,09:38:16,5.53,0.0,18,9960,买盘
156,09:38:21,5.53,0.0,81,44780,买盘
157,09:38:24,5.53,0.0,9,4974,中性盘
158,09:38:27,5.53,0.0,50,27650,中性盘
159,09:38:30,5.52,-0.01,80,44232,卖盘
160,09:38:33,5.52,0.0,5,2762,卖盘
161,09:38:36,5.53,0.01,27,14931,买盘
162,09:38:43,5.53,0.0,5,2765,买盘
163,09:38:45,5.52,-0.01,3,1656,卖盘
164,09:38:48,5.53,0.01,97,53634,买盘
165,09:38:51,5.52,-0.01,17,9385,卖盘
166,09:38:54,5.52,0.0,3,1656,卖盘
167,09:38:57,5.53,0.01,100,55300,买盘
168,09:39:00,5.53,0.0,1,553,买盘
169,09:39:03,5.52,-0.01,3,1656,卖盘
170,09:39:06,5.52,0.0,20,11040,卖盘
171,09:39:09,5.52,0.0,50,27640,卖盘
172,09:39:12,5.53,0.01,127,70231,买盘
173,09:39:15,5.53,0.0,74,40925,卖盘
174,09:39:18,5.53,0.0,69,38158,卖盘
175,09:39:21,5.53,0.0,25,13826,卖盘
176,09:39:25,5.52,-0.01,11,6072,卖盘
177,09:39:30,5.52,0.0,116,64128,卖盘
178,09:39:33,5.52,0.0,5,2761,卖盘
179,09:39:42,5.52,0.0,104,57412,卖盘
180,09:39:45,5.53,0.01,4,2209,买盘
181,09:39:48,5.53,0.0,4,2212,买盘
182,09:39:55,5.52,-0.01,160,88320,卖盘
183,09:39:57,5.52,0.0,12,6626,卖盘
184,09:40:00,5.52,0.0,3,1656,卖盘
185,09:40:03,5.52,0.0,58,32016,卖盘
186,09:40:06,5.53,0.01,111,61383,买盘
187,09:40:09,5.53,0.0,51,28153,买盘
188,09:40:12,5.53,0.0,1,553,买盘
189,09:40:16,5.53,0.0,7,3868,买盘
190,09:40:19,5.53,0.0,40,22120,买盘
191,09:40:21,5.53,0.0,15,8283,买盘
192,09:40:24,5.52,-0.01,229,126408,卖盘
193,09:40:27,5.52,0.0,28,15482,卖盘
194,09:40:31,5.52,0.0,24,13249,卖盘
195,09:40:33,5.52,0.0,125,69120,卖盘
196,09:40:36,5.54,0.02,7,4370,买盘
197,09:40:39,5.53,-0.01,3,1659,卖盘
198,09:40:42,5.53,0.0,104,57512,卖盘
199,09:40:45,5.53,0.0,29,16038,卖盘
200,09:40:48,5.54,0.01,1,554,买盘
201,09:40:51,5.53,-0.01,14,7742,卖盘
202,09:40:54,5.53,0.0,175,96775,卖盘
203,09:40:57,5.53,0.0,7,3873,卖盘
204,09:41:00,5.53,0.0,4,2212,卖盘
205,09:41:03,5.53,0.0,11,6088,卖盘
206,09:41:06,5.53,0.0,129,71359,卖盘
207,09:41:09,5.53,0.0,18,9955,卖盘
208,09:41:15,5.54,0.01,22,12188,买盘
209,09:41:18,5.54,0.0,10,5540,买盘
210,09:41:21,5.53,-0.01,5,2766,卖盘
211,09:41:25,5.53,0.0,153,84609,卖盘
212,09:41:27,5.54,0.01,206,114119,买盘
213,09:41:30,5.53,-0.01,23,12721,卖盘
214,09:41:33,5.54,0.01,1,554,买盘
215,09:41:42,5.54,0.0,16,8864,买盘
216,09:41:48,5.54,0.0,176,97504,买盘
217,09:41:51,5.54,0.0,101,55854,买盘
218,09:41:54,5.54,0.0,479,265367,买盘
219,09:41:57,5.54,0.0,24,13301,卖盘
220,09:42:00,5.54,0.0,11,6095,卖盘
221,09:42:03,5.54,0.0,20,11080,卖盘
222,09:42:06,5.54,0.0,128,71020,卖盘
223,09:42:09,5.54,0.0,8,4433,卖盘
224,09:42:15,5.55,0.01,12,6650,买盘
225,09:42:18,5.54,-0.01,27,14958,卖盘
226,09:42:21,5.54,0.0,115,63721,卖盘
227,09:42:24,5.53,-0.01,153,84610,卖盘
228,09:42:27,5.53,0.0,7,3872,卖盘
229,09:42:31,5.54,0.01,31,17158,买盘
230,09:42:33,5.53,-0.01,216,119659,卖盘
231,09:42:36,5.54,0.01,3,1661,买盘
232,09:42:40,5.53,-0.01,14,7747,卖盘
233,09:42:48,5.54,0.01,41,22714,买盘
234,09:42:51,5.54,0.0,47,26037,买盘
235,09:42:54,5.53,-0.01,158,87375,卖盘
236,09:42:58,5.53,0.0,115,63597,卖盘
237,09:43:00,5.53,0.0,63,34841,卖盘
238,09:43:04,5.52,-0.01,140,77419,卖盘
239,09:43:06,5.53,0.01,32,17696,买盘
240,09:43:12,5.53,0.0,217,120000,买盘
241,09:43:15,5.53,0.0,4,2212,买盘
242,09:43:18,5.53,0.0,30,16590,买盘
243,09:43:21,5.53,0.0,100,55300,买盘
244,09:43:24,5.52,-0.01,162,89429,卖盘
245,09:43:28,5.53,0.01,22,12145,买盘
246,09:43:31,5.52,-0.01,3,1656,卖盘
247,09:43:34,5.52,0.0,22,12154,卖盘
248,09:43:36,5.52,0.0,1,552,卖盘
249,09:43:39,5.53,0.01,363,200391,买盘
250,09:43:42,5.54,0.01,15,8298,买盘
251,09:43:48,5.52,-0.02,1,552,卖盘
252,09:43:51,5.52,0.0,15,8280,卖盘
253,09:43:54,5.52,0.0,171,94392,卖盘
254,09:43:57,5.53,0.01,2,1106,买盘
255,09:44:00,5.52,-0.01,14,7728,卖盘
256,09:44:04,5.53,0.01,27,14928,买盘
257,09:44:06,5.54,0.01,146,80787,买盘
258,09:44:09,5.54,0.0,2,1108,买盘
259,09:44:15,5.54,0.0,302,167308,买盘
260,09:44:18,5.54,0.0,3,1662,买盘
261,09:44:24,5.53,-0.01,258,142776,卖盘
262,09:44:27,5.53,0.0,9,4979,卖盘
263,09:44:30,5.54,0.01,116,64248,买盘
264,09:44:34,5.54,0.0,11,6086,买盘
265,09:44:36,5.53,-0.01,8,4425,卖盘
266,09:44:39,5.54,0.01,100,55400,买盘
267,09:44:42,5.54,0.0,35,19389,买盘
268,09:44:45,5.54,0.0,8,4432,买盘
269,09:44:52,5.54,0.0,58,32132,卖盘
270,09:44:54,5.53,-0.01,159,87940,卖盘
271,09:44:57,5.53,0.0,403,223621,卖盘
272,09:45:00,5.55,0.02,34,18812,买盘
273,09:45:03,5.55,0.0,173,95957,买盘
274,09:45:06,5.53,-0.02,7,3871,卖盘
275,09:45:10,5.55,0.02,4,2220,买盘
276,09:45:12,5.55,0.0,350,194180,买盘
277,09:45:16,5.54,-0.01,31,17177,中性盘
278,09:45:18,5.54,0.0,1,554,买盘
279,09:45:21,5.54,0.0,4,2216,买盘
280,09:45:24,5.53,-0.01,253,140008,卖盘
281,09:45:27,5.54,0.01,6,3321,买盘
282,09:45:30,5.53,-0.01,21,11613,卖盘
283,09:45:33,5.54,0.01,102,56506,买盘
284,09:45:36,5.54,0.0,1,554,买盘
285,09:45:39,5.54,0.0,3,1661,买盘
286,09:45:48,5.54,0.0,37,20498,卖盘
287,09:45:51,5.54,0.0,11,6094,买盘
288,09:45:54,5.53,-0.01,1,553,卖盘
289,09:45:57,5.53,0.0,153,84609,卖盘
290,09:46:00,5.53,0.0,32,17698,卖盘
291,09:46:04,5.54,0.01,15,8304,买盘
292,09:46:06,5.53,-0.01,1,553,卖盘
293,09:46:09,5.54,0.01,311,172305,买盘
294,09:46:12,5.54,0.0,13,7202,买盘
295,09:46:15,5.54,0.0,30,16612,买盘
296,09:46:18,5.53,-0.01,106,58618,卖盘
297,09:46:21,5.53,0.0,5,2769,卖盘
298,09:46:27,5.53,0.0,166,91798,卖盘
299,09:46:30,5.53,0.0,85,47009,卖盘
300,09:46:36,5.53,0.0,12,6636,卖盘
301,09:46:39,5.54,0.01,1,554,买盘
302,09:46:49,5.54,0.0,100,55400,买盘
303,09:46:52,5.53,-0.01,7,3871,卖盘
304,09:46:54,5.53,0.0,173,95689,卖盘
305,09:46:57,5.54,0.01,6,3321,买盘
306,09:47:00,5.53,-0.01,5,2765,卖盘
307,09:47:04,5.53,0.0,21,11613,卖盘
308,09:47:09,5.54,0.01,1,554,买盘
309,09:47:12,5.53,-0.01,1,553,卖盘
310,09:47:15,5.54,0.01,19,10511,买盘
311,09:47:18,5.53,-0.01,7,3871,卖盘
312,09:47:25,5.53,0.0,154,85162,卖盘
313,09:47:28,5.53,0.0,6,3321,卖盘
314,09:47:30,5.53,0.0,26,14379,卖盘
315,09:47:36,5.53,0.0,1,553,卖盘
316,09:47:39,5.54,0.01,1,554,买盘
317,09:47:45,5.53,-0.01,1,553,卖盘
318,09:47:49,5.53,0.0,57,31521,卖盘
319,09:47:54,5.53,0.0,153,84609,卖盘
320,09:47:57,5.53,0.0,38,21034,卖盘
321,09:48:00,5.53,0.0,9,4979,卖盘
322,09:48:04,5.53,0.0,1,553,卖盘
323,09:48:06,5.54,0.01,125,69250,买盘
324,09:48:09,5.54,0.0,108,59832,买盘
325,09:48:12,5.54,0.0,3,1662,买盘
326,09:48:15,5.54,0.0,2,1108,买盘
327,09:48:18,5.53,-0.01,8,4424,卖盘
328,09:48:21,5.53,0.0,35,19355,卖盘
329,09:48:24,5.53,0.0,427,236331,卖盘
330,09:48:27,5.54,0.01,7,3876,买盘
331,09:48:31,5.53,-0.01,26,14379,卖盘
332,09:48:33,5.53,0.0,3,1659,卖盘
333,09:48:36,5.53,0.0,7,3871,卖盘
334,09:48:42,5.54,0.01,2,1108,买盘
335,09:48:46,5.53,-0.01,5,2769,卖盘
336,09:48:51,5.53,0.0,7,3871,卖盘
337,09:48:55,5.52,-0.01,158,87358,卖盘
338,09:48:58,5.54,0.02,20,11073,买盘
339,09:49:00,5.53,-0.01,5,2765,卖盘
340,09:49:04,5.53,0.0,26,14379,卖盘
341,09:49:06,5.54,0.01,54,29916,买盘
342,09:49:09,5.54,0.0,9,4986,买盘
343,09:49:15,5.54,0.0,8,4431,买盘
344,09:49:18,5.53,-0.01,51,28207,卖盘
345,09:49:24,5.54,0.01,160,88487,买盘
346,09:49:27,5.53,-0.01,6,3318,卖盘
347,09:49:30,5.53,0.0,120,66360,卖盘
348,09:49:34,5.53,0.0,18,9958,卖盘
349,09:49:42,5.53,0.0,14,7748,卖盘
350,09:49:45,5.53,0.0,9,4977,卖盘
351,09:49:48,5.53,0.0,14,7742,卖盘
352,09:49:54,5.53,0.0,153,84609,卖盘
353,09:49:57,5.53,0.0,37,20461,卖盘
354,09:50:01,5.53,0.0,18,9954,卖盘
355,09:50:04,5.53,0.0,79,43687,卖盘
356,09:50:07,5.54,0.01,241,133399,买盘
357,09:50:09,5.54,0.0,7,3876,买盘
358,09:50:15,5.54,0.0,2,1108,买盘
359,09:50:18,5.54,0.0,13,7202,买盘
360,09:50:21,5.53,-0.01,8,4424,卖盘
361,09:50:25,5.53,0.0,156,86271,卖盘
362,09:50:27,5.53,0.0,37,20461,卖盘
363,09:50:30,5.53,0.0,26,14379,卖盘
364,09:50:33,5.53,0.0,8,4424,卖盘
365,09:50:36,5.53,0.0,60,33180,卖盘
366,09:50:42,5.53,0.0,18,9960,卖盘
367,09:50:45,5.53,0.0,21,11616,卖盘
368,09:50:48,5.54,0.01,112,61966,买盘
369,09:50:52,5.53,-0.01,11,6083,卖盘
370,09:50:54,5.52,-0.01,158,87221,卖盘
371,09:50:57,5.52,0.0,7,3867,卖盘
372,09:51:00,5.52,0.0,13,7176,卖盘
373,09:51:04,5.52,0.0,14,7728,卖盘
374,09:51:09,5.52,0.0,8,4416,卖盘
375,09:51:12,5.53,0.01,9,4977,买盘
376,09:51:16,5.53,0.0,2,1106,买盘
377,09:51:18,5.52,-0.01,1,552,卖盘
378,09:51:21,5.52,0.0,30,16580,卖盘
379,09:51:24,5.52,0.0,161,88872,卖盘
380,09:51:27,5.52,0.0,8,4416,卖盘
381,09:51:34,5.52,0.0,15,8280,卖盘
382,09:51:36,5.52,0.0,5,2760,卖盘
383,09:51:42,5.52,0.0,7,3864,卖盘
384,09:51:45,5.52,0.0,82,45264,卖盘
385,09:51:48,5.53,0.01,60,33180,买盘
386,09:51:51,5.53,0.0,85,47005,买盘
387,09:51:54,5.52,-0.01,153,84552,卖盘
388,09:51:58,5.52,0.0,62,34266,卖盘
389,09:52:00,5.53,0.01,111,61283,买盘
390,09:52:04,5.52,-0.01,22,12144,卖盘
391,09:52:06,5.52,0.0,222,122852,卖盘
392,09:52:09,5.54,0.02,4,2216,买盘
393,09:52:12,5.52,-0.02,1,552,卖盘
394,09:52:22,5.53,0.01,27,14931,卖盘
395,09:52:25,5.52,-0.01,189,104351,卖盘
396,09:52:30,5.53,0.01,202,111704,买盘
397,09:52:33,5.53,0.0,31,17117,买盘
398,09:52:36,5.52,-0.01,2,1104,卖盘
399,09:52:42,5.52,0.0,10,5520,卖盘
400,09:52:48,5.52,0.0,7,3864,卖盘
401,09:52:52,5.53,0.01,37,20455,买盘
402,09:52:55,5.52,-0.01,155,85560,卖盘
403,09:52:57,5.52,0.0,21,11592,卖盘
404,09:53:00,5.52,0.0,122,67344,卖盘
405,09:53:04,5.53,0.01,14,7733,买盘
406,09:53:06,5.52,-0.01,15,8280,卖盘
407,09:53:15,5.52,0.0,8,4416,卖盘
408,09:53:18,5.52,0.0,97,53136,卖盘
409,09:53:21,5.52,0.0,97,53544,卖盘
410,09:53:24,5.52,0.0,35,19320,卖盘
411,09:53:27,5.51,-0.01,172,94911,卖盘
412,09:53:30,5.51,0.0,176,97032,卖盘
413,09:53:33,5.52,0.01,3,1656,买盘
414,09:53:36,5.51,-0.01,1,551,卖盘
415,09:53:39,5.51,0.0,9,4960,卖盘
416,09:53:42,5.51,0.0,10,5510,卖盘
417,09:53:46,5.51,0.0,28,15442,卖盘
418,09:53:51,5.51,0.0,20,11020,卖盘
419,09:53:55,5.51,0.0,57,31344,卖盘
420,09:53:57,5.51,0.0,265,146016,卖盘
421,09:54:00,5.51,0.0,24,13227,卖盘
422,09:54:03,5.52,0.01,600,331200,买盘
423,09:54:06,5.51,-0.01,17,9373,卖盘
424,09:54:09,5.51,0.0,264,145692,卖盘
425,09:54:13,5.52,0.01,3,1656,买盘
426,09:54:18,5.52,0.0,99,54648,买盘
427,09:54:21,5.52,0.0,1,552,买盘
428,09:54:24,5.52,0.0,5,2760,买盘
429,09:54:27,5.52,0.0,237,130672,买盘
430,09:54:30,5.52,0.0,21,11592,卖盘
431,09:54:33,5.51,-0.01,4,2205,卖盘
432,09:54:36,5.51,0.0,5,2755,卖盘
433,09:54:48,5.51,0.0,8,4408,卖盘
434,09:54:51,5.51,0.0,22,12142,卖盘
435,09:54:54,5.52,0.01,1,552,买盘
436,09:54:57,5.51,-0.01,190,104720,卖盘
437,09:55:00,5.51,0.0,23,12679,卖盘
438,09:55:03,5.51,0.0,76,41877,卖盘
439,09:55:06,5.51,0.0,5,2758,卖盘
440,09:55:09,5.51,0.0,16,8816,卖盘
441,09:55:13,5.51,0.0,211,116471,卖盘
442,09:55:15,5.51,0.0,15,8273,卖盘
443,09:55:19,5.51,0.0,723,398374,卖盘
444,09:55:21,5.52,0.01,182,100454,买盘
445,09:55:24,5.51,-0.01,229,126185,卖盘
446,09:55:27,5.51,0.0,128,70528,卖盘
447,09:55:31,5.51,0.0,239,132182,卖盘
448,09:55:33,5.5,-0.01,17,9358,卖盘
449,09:55:36,5.5,0.0,35,19250,卖盘
450,09:55:39,5.51,0.01,1,551,买盘
451,09:55:46,5.5,-0.01,44,24236,卖盘
452,09:55:48,5.5,0.0,362,199402,卖盘
453,09:55:51,5.51,0.01,38,20931,买盘
454,09:55:54,5.51,0.0,111,61051,买盘
455,09:55:58,5.5,-0.01,192,105629,卖盘
456,09:56:00,5.51,0.01,12,6612,买盘
457,09:56:03,5.5,-0.01,17,9350,卖盘
458,09:56:06,5.51,0.01,122,67219,买盘
459,09:56:09,5.51,0.0,4,2204,买盘
460,09:56:12,5.5,-0.01,1,550,卖盘
461,09:56:15,5.51,0.01,89,48549,买盘
462,09:56:18,5.52,0.01,103,56756,买盘
463,09:56:21,5.52,0.0,10,5513,买盘
464,09:56:24,5.51,-0.01,152,83752,卖盘
465,09:56:27,5.51,0.0,20,11025,卖盘
466,09:56:30,5.51,0.0,3,1653,卖盘
467,09:56:33,5.51,0.0,24,13225,卖盘
468,09:56:36,5.52,0.01,2,1104,买盘
469,09:56:39,5.52,0.0,70,38638,买盘
470,09:56:42,5.51,-0.01,162,89752,卖盘
471,09:56:45,5.51,0.0,5,2755,买盘
472,09:56:48,5.51,0.0,28,15428,买盘
473,09:56:51,5.5,-0.01,6,3305,卖盘
474,09:56:54,5.5,0.0,153,84150,卖盘
475,09:56:57,5.5,0.0,26,14325,卖盘
476,09:57:00,5.5,0.0,119,65460,卖盘
477,09:57:04,5.5,0.0,23,12654,卖盘
478,09:57:06,5.51,0.01,100,55100,买盘
479,09:57:10,5.51,0.0,115,63256,买盘
480,09:57:12,5.51,0.0,45,24794,买盘
481,09:57:15,5.51,0.0,36,19836,买盘
482,09:57:18,5.51,0.0,7,3856,买盘
483,09:57:21,5.51,0.0,138,75548,买盘
484,09:57:24,5.51,0.0,160,88167,卖盘
485,09:57:27,5.52,0.01,7,3862,买盘
486,09:57:30,5.52,0.0,22,12129,买盘
487,09:57:33,5.52,0.0,10,5511,买盘
488,09:57:36,5.52,0.0,76,41938,买盘
489,09:57:39,5.53,0.01,5,2763,买盘
490,09:57:42,5.52,-0.01,1,552,卖盘
491,09:57:46,5.52,0.0,15,8280,卖盘
492,09:57:48,5.52,0.0,8,4416,卖盘
493,09:57:51,5.52,0.0,8,4416,卖盘
494,09:57:54,5.51,-0.01,154,84863,卖盘
495,09:57:57,5.52,0.01,6,3312,中性盘
496,09:58:00,5.52,0.0,8,4409,买盘
497,09:58:03,5.51,-0.01,1,551,卖盘
498,09:58:09,5.53,0.02,113,62455,买盘
499,09:58:12,5.51,-0.02,12,6617,卖盘
500,09:58:16,5.51,0.0,10,5519,卖盘
501,09:58:21,5.51,0.0,14,7714,卖盘
502,09:58:24,5.51,0.0,154,84856,卖盘
503,09:58:27,5.51,0.0,136,74942,卖盘
504,09:58:30,5.52,0.01,4,2208,买盘
505,09:58:33,5.51,-0.01,3,1653,卖盘
506,09:58:36,5.51,0.0,95,52345,卖盘
507,09:58:39,5.51,0.0,7,3857,卖盘
508,09:58:45,5.51,0.0,1,551,卖盘
509,09:58:48,5.52,0.01,70,38630,买盘
510,09:58:51,5.52,0.0,5,2760,买盘
511,09:58:55,5.51,-0.01,169,93119,卖盘
512,09:58:57,5.52,0.01,23,12689,买盘
513,09:59:00,5.51,-0.01,6,3311,卖盘
514,09:59:06,5.52,0.01,18,9936,买盘
515,09:59:12,5.51,-0.01,8,4408,卖盘
516,09:59:16,5.51,0.0,3,1653,卖盘
517,09:59:18,5.51,0.0,2,1102,卖盘
518,09:59:21,5.51,0.0,16,8816,卖盘
519,09:59:24,5.51,0.0,8,4408,卖盘
520,09:59:27,5.52,0.01,155,85407,买盘
521,09:59:31,5.52,0.0,15,8266,买盘
522,09:59:36,5.51,-0.01,28,15448,卖盘
523,09:59:48,5.51,0.0,40,22060,卖盘
524,09:59:52,5.51,0.0,9,4959,卖盘
525,09:59:57,5.51,0.0,154,84854,卖盘
526,10:00:00,5.52,0.01,40,22080,买盘
527,10:00:04,5.51,-0.01,1,551,卖盘
528,10:00:06,5.51,0.0,15,8265,卖盘
529,10:00:09,5.52,0.01,124,68448,买盘
530,10:00:12,5.51,-0.01,3,1655,卖盘
531,10:00:15,5.52,0.01,3,1656,买盘
532,10:00:19,5.52,0.0,73,40296,买盘
533,10:00:22,5.52,0.0,1,552,买盘
534,10:00:24,5.51,-0.01,3,1655,卖盘
535,10:00:27,5.52,0.01,183,100864,买盘
536,10:00:30,5.52,0.0,1,552,买盘
537,10:00:33,5.52,0.0,1,552,买盘
538,10:00:37,5.52,0.0,46,25392,买盘
539,10:00:40,5.52,0.0,14,7728,卖盘
540,10:00:45,5.51,-0.01,6,3311,卖盘
541,10:00:51,5.52,0.01,26,14344,买盘
542,10:00:54,5.51,-0.01,2,1102,卖盘
543,10:00:57,5.51,0.0,167,92027,卖盘
544,10:01:04,5.51,0.0,10,5512,卖盘
545,10:01:06,5.51,0.0,1,551,卖盘
546,10:01:12,5.51,0.0,65,35815,卖盘
547,10:01:16,5.51,0.0,3,1653,卖盘
548,10:01:18,5.51,0.0,14,7714,卖盘
549,10:01:27,5.51,0.0,153,84303,卖盘
550,10:01:30,5.52,0.01,2,1104,买盘
551,10:01:36,5.51,-0.01,1,551,卖盘
552,10:01:39,5.51,0.0,1,551,卖盘
553,10:01:45,5.51,0.0,1,551,卖盘
554,10:01:48,5.52,0.01,27,14904,买盘
555,10:01:51,5.52,0.0,2,1103,买盘
556,10:01:57,5.51,-0.01,160,88160,卖盘
557,10:02:01,5.51,0.0,8,4408,卖盘
558,10:02:04,5.51,0.0,10,5511,卖盘
559,10:02:09,5.52,0.01,113,62376,买盘
560,10:02:12,5.51,-0.01,8,4408,卖盘
561,10:02:21,5.51,0.0,1,551,卖盘
562,10:02:27,5.51,0.0,182,100305,卖盘
563,10:02:30,5.52,0.01,2,1103,买盘
564,10:02:36,5.51,-0.01,14,7714,卖盘
565,10:02:43,5.51,0.0,1,551,卖盘
566,10:02:45,5.51,0.0,300,165300,卖盘
567,10:02:57,5.51,0.0,153,84303,卖盘
568,10:03:00,5.51,0.0,110,60610,卖盘
569,10:03:04,5.52,0.01,275,151725,买盘
570,10:03:06,5.51,-0.01,9,4959,卖盘
571,10:03:09,5.51,0.0,1,551,卖盘
572,10:03:12,5.51,0.0,1,551,卖盘
573,10:03:15,5.51,0.0,183,101323,卖盘
574,10:03:19,5.52,0.01,21,11576,买盘
575,10:03:25,5.5,-0.02,156,85814,卖盘
576,10:03:27,5.52,0.02,9,4968,买盘
577,10:03:33,5.51,-0.01,3,1654,卖盘
578,10:03:36,5.5,-0.01,40,22023,卖盘
579,10:03:45,5.52,0.02,47,25944,买盘
580,10:03:48,5.51,-0.01,15,8265,卖盘
581,10:03:51,5.51,0.0,8,4408,卖盘
582,10:03:54,5.5,-0.01,249,137009,卖盘
583,10:04:03,5.51,0.01,8,4409,卖盘
584,10:04:07,5.52,0.01,211,116303,买盘
585,10:04:15,5.51,-0.01,20,11020,买盘
586,10:04:18,5.51,0.0,68,37466,卖盘
587,10:04:21,5.5,-0.01,43,23683,卖盘
588,10:04:25,5.5,0.0,216,118868,卖盘
589,10:04:42,5.51,0.01,9,4959,卖盘
590,10:04:45,5.51,0.0,1,551,卖盘
591,10:04:48,5.52,0.01,10,5520,买盘
592,10:04:55,5.52,0.0,646,356592,买盘
593,10:04:57,5.52,0.0,3,1656,买盘
594,10:05:04,5.52,0.0,51,28152,买盘
595,10:05:06,5.52,0.0,65,35880,买盘
596,10:05:09,5.52,0.0,47,25944,买盘
597,10:05:12,5.52,0.0,108,59616,买盘
598,10:05:15,5.51,-0.01,23,12694,卖盘
599,10:05:18,5.52,0.01,15,8280,买盘
600,10:05:21,5.52,0.0,61,33672,买盘
601,10:05:24,5.51,-0.01,3,1654,卖盘
602,10:05:33,5.53,0.02,5,2764,买盘
603,10:05:45,5.52,-0.01,1,552,卖盘
604,10:06:00,5.52,0.0,6,3317,卖盘
605,10:06:09,5.53,0.01,107,59171,买盘
606,10:06:12,5.53,0.0,17,9401,买盘
607,10:06:18,5.52,-0.01,1,552,卖盘
608,10:06:21,5.53,0.01,54,29855,买盘
609,10:06:31,5.53,0.0,3,1659,买盘
610,10:06:34,5.53,0.0,68,37604,买盘
611,10:06:36,5.53,0.0,31,17141,卖盘
612,10:06:39,5.52,-0.01,25,13811,卖盘
613,10:06:49,5.53,0.01,8,4417,买盘
614,10:06:52,5.52,-0.01,22,12144,卖盘
615,10:06:54,5.53,0.01,15,8295,买盘
616,10:06:57,5.53,0.0,18,9954,卖盘
617,10:07:00,5.53,0.0,71,39263,卖盘
618,10:07:04,5.53,0.0,92,50874,卖盘
619,10:07:06,5.53,0.0,1,553,买盘
620,10:07:09,5.52,-0.01,22,12150,卖盘
621,10:07:15,5.52,0.0,37,20453,卖盘
622,10:07:18,5.53,0.01,100,55300,买盘
623,10:07:21,5.53,0.0,13,7189,买盘
624,10:07:24,5.54,0.01,39,21606,买盘
625,10:07:27,5.53,-0.01,20,11060,卖盘
626,10:07:30,5.52,-0.01,97,53547,卖盘
627,10:07:36,5.53,0.01,15,8295,卖盘
628,10:07:40,5.53,0.0,1,553,卖盘
629,10:07:43,5.54,0.01,5,2770,买盘
630,10:07:48,5.54,0.0,2,1107,买盘
631,10:07:54,5.54,0.0,18,9972,买盘
632,10:07:57,5.52,-0.02,153,84557,卖盘
633,10:08:06,5.52,0.0,21,11592,卖盘
634,10:08:09,5.54,0.02,126,69756,买盘
635,10:08:12,5.52,-0.02,29,16062,卖盘
636,10:08:18,5.52,0.0,8,4416,卖盘
637,10:08:27,5.52,0.0,153,84456,卖盘
638,10:08:30,5.53,0.01,1,553,买盘
639,10:08:34,5.53,0.0,9,4970,买盘
640,10:08:36,5.52,-0.01,14,7728,卖盘
641,10:08:39,5.52,0.0,2,1104,卖盘
642,10:08:48,5.52,0.0,7,3864,卖盘
643,10:08:55,5.52,0.0,30,16560,卖盘
644,10:08:57,5.52,0.0,154,85008,卖盘
645,10:09:00,5.51,-0.01,40,22072,卖盘
646,10:09:12,5.52,0.01,37,20424,买盘
647,10:09:15,5.51,-0.01,7,3857,卖盘
648,10:09:18,5.51,0.0,1,551,卖盘
649,10:09:21,5.52,0.01,10,5520,买盘
650,10:09:28,5.51,-0.01,152,83752,卖盘
651,10:09:31,5.51,0.0,7,3857,卖盘
652,10:09:33,5.52,0.01,19,10487,买盘
653,10:09:36,5.51,-0.01,14,7714,卖盘
654,10:09:43,5.51,0.0,75,41325,卖盘
655,10:09:46,5.52,0.01,24,13240,买盘
656,10:09:52,5.51,-0.01,2,1102,卖盘
657,10:09:57,5.51,0.0,160,88160,卖盘
658,10:10:00,5.52,0.01,2,1104,买盘
659,10:10:03,5.52,0.0,64,35314,买盘
660,10:10:06,5.52,0.0,67,36984,买盘
661,10:10:09,5.53,0.01,119,65778,买盘
662,10:10:12,5.53,0.0,44,24290,买盘
663,10:10:24,5.51,-0.02,153,84303,卖盘
664,10:10:27,5.51,0.0,7,3857,卖盘
665,10:10:33,5.51,0.0,15,8265,卖盘
666,10:10:36,5.52,0.01,83,45816,买盘
667,10:10:39,5.51,-0.01,11,6065,卖盘
668,10:10:48,5.52,0.01,50,27600,买盘
669,10:10:52,5.52,0.0,3,1656,买盘
670,10:10:54,5.52,0.0,10,5512,买盘
671,10:10:57,5.51,-0.01,174,95881,卖盘
672,10:11:00,5.51,0.0,11,6061,卖盘
673,10:11:04,5.52,0.01,1,552,买盘
674,10:11:06,5.51,-0.01,53,29235,卖盘
675,10:11:09,5.52,0.01,2,1104,买盘
676,10:11:16,5.51,-0.01,50,27550,卖盘
677,10:11:24,5.51,0.0,152,83752,卖盘
678,10:11:33,5.52,0.01,8,4409,买盘
679,10:11:45,5.51,-0.01,8,4408,卖盘
680,10:11:48,5.52,0.01,1,552,买盘
681,10:11:55,5.51,-0.01,183,100863,卖盘
682,10:12:07,5.52,0.01,115,63480,买盘
683,10:12:09,5.51,-0.01,7,3857,卖盘
684,10:12:21,5.51,0.0,7,3857,卖盘
685,10:12:24,5.52,0.01,47,25944,买盘
686,10:12:27,5.52,0.0,160,88167,买盘
687,10:12:30,5.52,0.0,10,5520,买盘
688,10:12:39,5.51,-0.01,27,14897,卖盘
689,10:12:45,5.51,0.0,7,3857,卖盘
690,10:12:51,5.52,0.01,17,9384,买盘
691,10:12:57,5.51,-0.01,161,88711,卖盘
692,10:13:00,5.51,0.0,24,13230,卖盘
693,10:13:04,5.51,0.0,8,4408,卖盘
694,10:13:09,5.52,0.01,11,6072,买盘
695,10:13:15,5.51,-0.01,22,12122,卖盘
696,10:13:18,5.52,0.01,7,3864,买盘
697,10:13:27,5.51,-0.01,159,87609,卖盘
698,10:13:30,5.51,0.0,56,30866,卖盘
699,10:13:33,5.52,0.01,25,13800,买盘
700,10:13:42,5.52,0.0,37,20417,买盘
701,10:13:54,5.51,-0.01,24,13224,卖盘
702,10:13:58,5.5,-0.01,160,88151,卖盘
703,10:14:09,5.51,0.01,117,64577,卖盘
704,10:14:15,5.51,0.0,124,68324,卖盘
705,10:14:24,5.51,0.0,8,4408,卖盘
706,10:14:27,5.5,-0.01,154,84703,卖盘
707,10:14:36,5.5,0.0,16,8800,卖盘
708,10:14:39,5.5,0.0,8,4400,卖盘
709,10:14:48,5.5,0.0,85,46750,卖盘
710,10:14:51,5.5,0.0,54,29746,卖盘
711,10:14:54,5.51,0.01,6,3306,买盘
712,10:14:57,5.5,-0.01,153,84150,卖盘
713,10:15:00,5.5,0.0,8,4400,卖盘
714,10:15:04,5.5,0.0,18,9900,卖盘
715,10:15:09,5.51,0.01,69,37951,买盘
716,10:15:15,5.5,-0.01,8,4400,卖盘
717,10:15:24,5.5,0.0,46,25310,卖盘
718,10:15:27,5.51,0.01,395,217170,买盘
719,10:15:30,5.5,-0.01,9,4950,卖盘
720,10:15:36,5.51,0.01,10,5510,买盘
721,10:15:39,5.5,-0.01,93,51150,卖盘
722,10:15:43,5.5,0.0,99,54450,卖盘
723,10:15:46,5.5,0.0,8,4400,卖盘
724,10:15:48,5.51,0.01,499,274949,买盘
725,10:15:54,5.51,0.0,49,26999,买盘
726,10:15:57,5.5,-0.01,161,88550,卖盘
727,10:16:03,5.5,0.0,92,50600,卖盘
728,10:16:06,5.51,0.01,21,11563,买盘
729,10:16:09,5.5,-0.01,115,63357,卖盘
730,10:16:12,5.5,0.0,43,23650,卖盘
731,10:16:27,5.5,0.0,153,84150,卖盘
732,10:16:31,5.5,0.0,9,4952,卖盘
733,10:16:39,5.51,0.01,142,78129,买盘
734,10:16:46,5.5,-0.01,7,3850,卖盘
735,10:16:49,5.51,0.01,365,200773,买盘
736,10:16:57,5.5,-0.01,161,88550,卖盘
737,10:17:00,5.51,0.01,18,9918,买盘
738,10:17:12,5.5,-0.01,7,3850,卖盘
739,10:17:24,5.5,0.0,172,94620,卖盘
740,10:17:48,5.51,0.01,22,12122,买盘
741,10:17:54,5.5,-0.01,154,84701,卖盘
742,10:18:10,5.51,0.01,120,66120,买盘
743,10:18:18,5.51,0.0,10,5510,买盘
744,10:18:27,5.5,-0.01,153,84150,卖盘
745,10:18:48,5.51,0.01,192,105792,买盘
746,10:18:52,5.51,0.0,15,8265,买盘
747,10:18:55,5.51,0.0,1,551,买盘
748,10:18:58,5.5,-0.01,221,121651,卖盘
749,10:19:01,5.5,0.0,3,1650,卖盘
750,10:19:09,5.51,0.01,50,27550,买盘
751,10:19:27,5.51,0.0,152,83752,卖盘
752,10:19:48,5.52,0.01,23,12696,买盘
753,10:19:51,5.52,0.0,200,110400,买盘
754,10:19:54,5.52,0.0,10,5520,买盘
755,10:19:57,5.51,-0.01,153,84303,卖盘
756,10:20:03,5.51,0.0,235,129485,卖盘
757,10:20:06,5.51,0.0,27,14877,买盘
758,10:20:09,5.51,0.0,113,62263,买盘
759,10:20:12,5.51,0.0,48,26448,买盘
760,10:20:15,5.51,0.0,30,16530,买盘
761,10:20:18,5.51,0.0,9,4959,买盘
762,10:20:21,5.51,0.0,12,6612,买盘
763,10:20:27,5.5,-0.01,153,84150,卖盘
764,10:20:33,5.51,0.01,30,16530,买盘
765,10:20:36,5.51,0.0,421,231971,买盘
766,10:20:51,5.52,0.01,22,12144,买盘
767,10:20:57,5.51,-0.01,153,84303,卖盘
768,10:21:09,5.51,0.0,15,8265,卖盘
769,10:21:12,5.52,0.01,200,110400,买盘
770,10:21:24,5.52,0.0,66,36432,买盘
771,10:21:27,5.51,-0.01,152,83752,卖盘
772,10:21:30,5.52,0.01,73,40296,买盘
773,10:21:33,5.51,-0.01,55,30305,卖盘
774,10:21:36,5.52,0.01,30,16560,买盘
775,10:21:49,5.52,0.0,22,12144,买盘
776,10:21:54,5.52,0.0,50,27600,买盘
777,10:21:57,5.51,-0.01,153,84303,卖盘
778,10:22:00,5.51,0.0,251,138351,卖盘
779,10:22:04,5.51,0.0,99,54549,买盘
780,10:22:10,5.53,0.02,124,68512,买盘
781,10:22:15,5.53,0.0,200,110474,买盘
782,10:22:27,5.51,-0.02,153,84320,卖盘
783,10:22:30,5.51,0.0,100,55100,卖盘
784,10:22:48,5.52,0.01,5,2760,中性盘
785,10:22:57,5.53,0.01,180,99236,买盘
786,10:23:16,5.53,0.0,18,9954,买盘
787,10:23:21,5.53,0.0,20,11060,买盘
788,10:23:27,5.52,-0.01,190,104918,卖盘
789,10:23:30,5.53,0.01,18,9954,买盘
790,10:23:36,5.53,0.0,10,5530,买盘
791,10:23:39,5.53,0.0,194,107282,买盘
792,10:23:49,5.53,0.0,22,12166,买盘
793,10:23:51,5.52,-0.01,10,5520,卖盘
794,10:23:57,5.52,0.0,153,84456,卖盘
795,10:24:06,5.53,0.01,25,13825,买盘
796,10:24:12,5.53,0.0,122,67466,买盘
797,10:24:16,5.53,0.0,220,121660,买盘
798,10:24:21,5.52,-0.01,2,1104,卖盘
799,10:24:24,5.53,0.01,13,7189,买盘
800,10:24:27,5.52,-0.01,154,85009,卖盘
801,10:24:42,5.52,0.0,28,15476,卖盘
802,10:24:48,5.53,0.01,22,12166,买盘
803,10:24:55,5.53,0.0,36,19908,买盘
804,10:24:57,5.52,-0.01,153,84456,卖盘
805,10:25:12,5.53,0.01,4,2212,买盘
806,10:25:15,5.53,0.0,1,553,卖盘
807,10:25:19,5.53,0.0,4,2212,卖盘
808,10:25:28,5.52,-0.01,152,83933,卖盘
809,10:25:54,5.53,0.01,1,553,卖盘
810,10:25:58,5.52,-0.01,144,79509,卖盘
811,10:26:01,5.52,0.0,9,4968,买盘
812,10:26:04,5.54,0.02,20,11080,买盘
813,10:26:09,5.54,0.0,127,70358,买盘
814,10:26:18,5.52,-0.02,8,4428,卖盘
815,10:26:21,5.54,0.02,4,2216,买盘
816,10:26:24,5.54,0.0,9,4986,买盘
817,10:26:27,5.54,0.0,167,92222,买盘
818,10:26:30,5.54,0.0,4,2216,买盘
819,10:26:33,5.54,0.0,6,3324,买盘
820,10:26:45,5.54,0.0,2,1108,买盘
821,10:26:57,5.52,-0.02,153,84478,卖盘
822,10:27:21,5.54,0.02,14,7754,买盘
823,10:27:27,5.52,-0.02,172,95051,卖盘
824,10:27:30,5.54,0.02,128,70912,买盘
825,10:27:33,5.54,0.0,14,7756,买盘
826,10:27:36,5.55,0.01,588,326196,买盘
827,10:27:48,5.56,0.01,29,16117,买盘
828,10:27:51,5.55,-0.01,7,3885,卖盘
829,10:27:57,5.54,-0.01,153,84762,卖盘
830,10:28:00,5.55,0.01,34,18870,买盘
831,10:28:04,5.55,0.0,12,6660,卖盘
832,10:28:09,5.56,0.01,120,66720,买盘
833,10:28:12,5.56,0.0,8,4448,买盘
834,10:28:18,5.55,-0.01,7,3885,卖盘
835,10:28:22,5.55,0.0,2,1110,卖盘
836,10:28:27,5.55,0.0,153,84915,卖盘
837,10:28:31,5.55,0.0,6,3330,卖盘
838,10:28:33,5.55,0.0,108,59940,卖盘
839,10:28:36,5.55,0.0,33,18315,卖盘
840,10:28:39,5.55,0.0,57,31635,卖盘
841,10:28:46,5.56,0.01,148,82154,买盘
842,10:28:48,5.56,0.0,66,36661,买盘
843,10:28:54,5.55,-0.01,141,78255,买盘
844,10:28:57,5.54,-0.01,153,84762,卖盘
845,10:29:00,5.56,0.02,78,43329,买盘
846,10:29:03,5.55,-0.01,8,4440,卖盘
847,10:29:06,5.55,0.0,26,14430,买盘
848,10:29:09,5.55,0.0,1,555,买盘
849,10:29:12,5.55,0.0,21,11655,买盘
850,10:29:15,5.55,0.0,43,23865,买盘
851,10:29:18,5.55,0.0,36,19980,卖盘
852,10:29:21,5.55,0.0,26,14430,卖盘
853,10:29:27,5.54,-0.01,152,84260,卖盘
854,10:29:30,5.55,0.01,8,4440,卖盘
855,10:29:33,5.55,0.0,2,1110,卖盘
856,10:29:36,5.55,0.0,20,11100,买盘
857,10:29:42,5.55,0.0,24,13311,买盘
858,10:29:45,5.55,0.0,1,555,卖盘
859,10:29:48,5.55,0.0,84,46620,卖盘
860,10:29:51,5.55,0.0,11,6105,中性盘
861,10:29:55,5.54,-0.01,1,554,卖盘
862,10:29:57,5.54,0.0,153,84762,卖盘
863,10:30:00,5.55,0.01,6,3330,买盘
864,10:30:09,5.56,0.01,129,71645,买盘
865,10:30:16,5.53,-0.03,383,211973,卖盘
866,10:30:19,5.53,0.0,592,329014,买盘
867,10:30:21,5.55,0.02,6,3330,中性盘
868,10:30:27,5.52,-0.03,153,84481,卖盘
869,10:30:46,5.53,0.01,4,2212,卖盘
870,10:30:48,5.55,0.02,145,80475,买盘
871,10:30:57,5.55,0.0,163,90465,卖盘
872,10:31:04,5.55,0.0,107,59385,卖盘
873,10:31:06,5.55,0.0,30,16650,卖盘
874,10:31:12,5.55,0.0,300,166500,卖盘
875,10:31:15,5.56,0.01,96,53283,买盘
876,10:31:18,5.55,-0.01,9,4995,卖盘
877,10:31:27,5.53,-0.02,152,84056,卖盘
878,10:31:45,5.54,0.01,22,12188,买盘
879,10:31:48,5.54,0.0,6,3324,买盘
880,10:31:51,5.54,0.0,2,1108,买盘
881,10:31:54,5.54,0.0,12,6648,买盘
882,10:31:57,5.53,-0.01,163,90148,卖盘
883,10:32:04,5.53,0.0,160,88553,卖盘
884,10:32:10,5.54,0.01,33,18282,卖盘
885,10:32:12,5.54,0.0,125,69370,卖盘
886,10:32:15,5.54,0.0,6,3324,卖盘
887,10:32:18,5.54,0.0,2,1108,卖盘
888,10:32:24,5.54,0.0,49,27146,卖盘
889,10:32:27,5.53,-0.01,574,318444,卖盘
890,10:32:39,5.55,0.02,6,3330,中性盘
891,10:32:45,5.55,0.0,6,3330,买盘
892,10:32:55,5.55,0.0,5,2775,买盘
893,10:33:12,5.55,0.0,120,66600,买盘
894,10:33:18,5.55,0.0,194,107670,卖盘
895,10:33:21,5.55,0.0,10,5550,买盘
896,10:33:30,5.54,-0.01,191,105814,卖盘
897,10:33:33,5.54,0.0,9,4986,买盘
898,10:33:51,5.54,0.0,93,51522,卖盘
899,10:33:54,5.54,0.0,7,3878,买盘
900,10:33:57,5.55,0.01,26,14430,买盘
901,10:34:06,5.54,-0.01,100,55400,卖盘
902,10:34:12,5.55,0.01,128,71040,买盘
903,10:34:22,5.55,0.0,32,17758,买盘
904,10:34:25,5.55,0.0,20,11100,买盘
905,10:34:36,5.55,0.0,105,58275,买盘
906,10:34:39,5.55,0.0,113,62715,买盘
907,10:34:45,5.55,0.0,127,70485,卖盘
908,10:34:55,5.55,0.0,10,5550,买盘
909,10:35:00,5.55,0.0,20,11100,买盘
910,10:35:03,5.55,0.0,8,4433,买盘
911,10:35:06,5.55,0.0,268,148739,买盘
912,10:35:19,5.55,0.0,2,1110,卖盘
913,10:35:28,5.56,0.01,5,2780,买盘
914,10:35:33,5.55,-0.01,1,555,卖盘
915,10:35:39,5.55,0.0,1,555,卖盘
916,10:35:43,5.55,0.0,44,24420,卖盘
917,10:35:45,5.55,0.0,31,17205,卖盘
918,10:35:48,5.56,0.01,31,17236,买盘
919,10:35:52,5.55,-0.01,187,103785,卖盘
920,10:35:57,5.54,-0.01,185,102490,卖盘
921,10:36:00,5.54,0.0,203,112462,卖盘
922,10:36:03,5.54,0.0,1,554,买盘
923,10:36:09,5.54,0.0,17,9417,买盘
924,10:36:12,5.54,0.0,140,77676,买盘
925,10:36:15,5.54,0.0,7,3878,卖盘
926,10:36:18,5.54,0.0,3,1662,卖盘
927,10:36:21,5.54,0.0,12,6648,买盘
928,10:36:25,5.54,0.0,18,9972,卖盘
929,10:36:28,5.53,-0.01,154,85163,卖盘
930,10:36:48,5.54,0.01,50,27700,卖盘
931,10:36:57,5.53,-0.01,153,84609,卖盘
932,10:37:06,5.54,0.01,6,3324,中性盘
933,10:37:12,5.54,0.0,14,7756,买盘
934,10:37:15,5.54,0.0,6,3324,买盘
935,10:37:21,5.53,-0.01,3,1659,卖盘
936,10:37:27,5.53,0.0,152,84056,卖盘
937,10:37:39,5.53,0.0,7,3871,卖盘
938,10:37:42,5.54,0.01,20,11080,买盘
939,10:37:57,5.53,-0.01,153,84609,卖盘
940,10:38:00,5.53,0.0,88,48664,卖盘
941,10:38:15,5.54,0.01,115,63710,买盘
942,10:38:18,5.53,-0.01,6,3318,卖盘
943,10:38:27,5.52,-0.01,153,84538,卖盘
944,10:38:30,5.53,0.01,16,8848,中性盘
945,10:38:51,5.54,0.01,1,554,买盘
946,10:38:54,5.53,-0.01,11,6084,卖盘
947,10:38:58,5.52,-0.01,153,84591,卖盘
948,10:39:04,5.52,0.0,18,9936,卖盘
949,10:39:18,5.52,0.0,2,1104,卖盘
950,10:39:27,5.52,0.0,152,83904,卖盘
951,10:39:30,5.52,0.0,520,287040,卖盘
952,10:39:33,5.52,0.0,86,47472,买盘
953,10:39:36,5.52,0.0,3,1656,买盘
954,10:39:39,5.52,0.0,8,4416,买盘
955,10:39:42,5.51,-0.01,59,32565,卖盘
956,10:39:45,5.52,0.01,52,28704,买盘
957,10:39:48,5.52,0.0,2,1104,买盘
958,10:39:51,5.52,0.0,35,19320,买盘
959,10:39:57,5.51,-0.01,153,84454,卖盘
960,10:40:04,5.52,0.01,1,552,中性盘
961,10:40:12,5.54,0.02,113,62602,买盘
962,10:40:18,5.52,-0.02,2,1104,卖盘
963,10:40:27,5.52,0.0,153,84456,卖盘
964,10:40:33,5.54,0.02,100,55400,买盘
965,10:40:36,5.53,-0.01,1,553,卖盘
966,10:40:42,5.53,0.0,17,9401,卖盘
967,10:40:45,5.53,0.0,6,3318,买盘
968,10:40:48,5.53,0.0,10,5530,买盘
969,10:40:57,5.52,-0.01,153,84456,卖盘
970,10:41:00,5.52,0.0,1,552,卖盘
971,10:41:09,5.53,0.01,1,553,买盘
972,10:41:15,5.53,0.0,6,3318,买盘
973,10:41:21,5.52,-0.01,3,1656,卖盘
974,10:41:27,5.52,0.0,152,83904,卖盘
975,10:41:42,5.53,0.01,2,1106,买盘
976,10:41:48,5.53,0.0,2,1106,买盘
977,10:41:51,5.53,0.0,6,3318,买盘
978,10:41:55,5.53,0.0,8,4424,买盘
979,10:41:57,5.53,0.0,161,88880,买盘
980,10:42:00,5.52,-0.01,127,70104,卖盘
981,10:42:04,5.53,0.01,10,5530,买盘
982,10:42:13,5.53,0.0,117,64701,买盘
983,10:42:15,5.53,0.0,44,24332,买盘
984,10:42:18,5.53,0.0,2,1106,卖盘
985,10:42:24,5.53,0.0,2,1106,卖盘
986,10:42:27,5.52,-0.01,159,87796,卖盘
987,10:42:30,5.52,0.0,1,552,买盘
988,10:42:39,5.53,0.01,1,553,中性盘
989,10:42:48,5.52,-0.01,100,55200,卖盘
990,10:42:57,5.53,0.01,160,88274,买盘
991,10:43:00,5.51,-0.02,600,330700,卖盘
992,10:43:18,5.52,0.01,2,1104,卖盘
993,10:43:21,5.51,-0.01,93,51247,卖盘
994,10:43:27,5.52,0.01,182,100312,买盘
995,10:43:30,5.52,0.0,2,1104,买盘
996,10:43:54,5.51,-0.01,7,3857,卖盘
997,10:43:57,5.51,0.0,153,84303,卖盘
998,10:44:03,5.51,0.0,1,551,卖盘
999,10:44:06,5.51,0.0,8,4408,卖盘
1000,10:44:09,5.51,0.0,1,551,卖盘
1001,10:44:13,5.53,0.02,113,62489,买盘
1002,10:44:19,5.51,-0.02,3,1653,卖盘
1003,10:44:21,5.53,0.02,8,4410,买盘
1004,10:44:27,5.51,-0.02,153,84305,卖盘
1005,10:44:33,5.51,0.0,16,8832,卖盘
1006,10:44:45,5.51,0.0,7,3857,卖盘
1007,10:44:57,5.51,0.0,578,318478,卖盘
1008,10:45:00,5.51,0.0,8,4401,买盘
1009,10:45:06,5.5,-0.01,55,30250,卖盘
1010,10:45:09,5.51,0.01,67,36917,买盘
1011,10:45:12,5.5,-0.01,599,329987,卖盘
1012,10:45:15,5.51,0.01,13,7163,买盘
1013,10:45:18,5.5,-0.01,50,27548,卖盘
1014,10:45:21,5.51,0.01,14,7707,买盘
1015,10:45:24,5.51,0.0,144,79344,买盘
1016,10:45:27,5.5,-0.01,157,86411,卖盘
1017,10:45:30,5.51,0.01,200,110200,买盘
1018,10:45:37,5.52,0.01,19,10488,买盘
1019,10:45:39,5.51,-0.01,17,9376,卖盘
1020,10:45:42,5.52,0.01,66,36372,买盘
1021,10:45:54,5.51,-0.01,82,45182,卖盘
1022,10:45:57,5.51,0.0,153,84303,卖盘
1023,10:46:00,5.52,0.01,15,8280,买盘
1024,10:46:06,5.51,-0.01,8,4408,卖盘
1025,10:46:09,5.52,0.01,11,6072,买盘
1026,10:46:12,5.52,0.0,10,5520,买盘
1027,10:46:15,5.52,0.0,125,69000,买盘
1028,10:46:19,5.51,-0.01,7,3857,卖盘
1029,10:46:21,5.51,0.0,2,1102,卖盘
1030,10:46:28,5.51,0.0,153,84303,卖盘
1031,10:46:33,5.52,0.01,10,5512,买盘
1032,10:46:39,5.52,0.0,2,1104,买盘
1033,10:46:45,5.51,-0.01,7,3857,卖盘
1034,10:46:57,5.51,0.0,761,419311,卖盘
1035,10:47:00,5.51,0.0,176,96976,卖盘
1036,10:47:09,5.51,0.0,400,220400,卖盘
1037,10:47:13,5.51,0.0,112,61712,卖盘
1038,10:47:15,5.51,0.0,147,80997,卖盘
1039,10:47:18,5.51,0.0,5,2755,卖盘
1040,10:47:21,5.51,0.0,201,110751,卖盘
1041,10:47:24,5.51,0.0,7,3857,卖盘
1042,10:47:27,5.51,0.0,152,83752,卖盘
1043,10:47:31,5.51,0.0,24,13224,卖盘
1044,10:47:34,5.5,-0.01,23,12650,卖盘
1045,10:47:36,5.5,0.0,8,4400,卖盘
1046,10:47:49,5.51,0.01,2,1102,买盘
1047,10:47:51,5.51,0.0,12,6605,买盘
1048,10:47:57,5.5,-0.01,153,84150,卖盘
1049,10:48:01,5.51,0.01,2,1102,买盘
1050,10:48:04,5.5,-0.01,23,12665,卖盘
1051,10:48:06,5.51,0.01,50,27550,买盘
1052,10:48:09,5.51,0.0,10,5510,买盘
1053,10:48:15,5.51,0.0,120,66120,买盘
1054,10:48:19,5.51,0.0,19,10462,买盘
1055,10:48:21,5.5,-0.01,3,1650,卖盘
1056,10:48:27,5.5,0.0,173,95150,卖盘
1057,10:48:30,5.51,0.01,1,551,买盘
1058,10:48:33,5.51,0.0,9,4952,买盘
1059,10:48:39,5.51,0.0,102,56202,买盘
1060,10:48:45,5.51,0.0,8,4408,卖盘
1061,10:48:57,5.51,0.0,153,84303,卖盘
1062,10:49:00,5.51,0.0,7,3857,卖盘
1063,10:49:06,5.51,0.0,70,38570,卖盘
1064,10:49:15,5.51,0.0,7,3857,卖盘
1065,10:49:18,5.51,0.0,2,1102,卖盘
1066,10:49:27,5.52,0.01,153,84304,买盘
1067,10:49:30,5.52,0.0,15,8273,买盘
1068,10:49:36,5.52,0.0,1,552,买盘
1069,10:49:39,5.51,-0.01,10,5510,卖盘
1070,10:49:45,5.51,0.0,8,4408,卖盘
1071,10:49:51,5.52,0.01,10,5520,买盘
1072,10:49:54,5.52,0.0,108,59616,买盘
1073,10:49:57,5.52,0.0,162,89263,买盘
1074,10:50:04,5.52,0.0,10,5520,买盘
1075,10:50:06,5.52,0.0,10,5520,买盘
1076,10:50:09,5.52,0.0,501,276552,买盘
1077,10:50:12,5.53,0.01,8,4424,买盘
1078,10:50:15,5.51,-0.02,129,71323,卖盘
1079,10:50:18,5.51,0.0,2,1102,卖盘
1080,10:50:27,5.52,0.01,153,84456,卖盘
1081,10:50:30,5.52,0.0,88,48577,卖盘
1082,10:50:46,5.52,0.0,7,3864,卖盘
1083,10:50:54,5.53,0.01,1,553,买盘
1084,10:50:57,5.52,-0.01,153,84456,卖盘
1085,10:51:00,5.52,0.0,8,4416,卖盘
1086,10:51:03,5.53,0.01,1,553,买盘
1087,10:51:06,5.52,-0.01,40,22080,卖盘
1088,10:51:13,5.52,0.0,7,3864,卖盘
1089,10:51:16,5.52,0.0,3,1656,卖盘
1090,10:51:21,5.52,0.0,2,1104,卖盘
1091,10:51:27,5.53,0.01,162,89420,买盘
1092,10:51:43,5.53,0.0,10,5523,买盘
1093,10:51:54,5.53,0.0,10,5530,买盘
1094,10:51:57,5.52,-0.01,160,88320,卖盘
1095,10:52:09,5.52,0.0,8,4416,卖盘
1096,10:52:15,5.53,0.01,117,64701,买盘
1097,10:52:21,5.52,-0.01,10,5520,卖盘
1098,10:52:27,5.53,0.01,154,85008,买盘
1099,10:52:30,5.53,0.0,1,553,买盘
1100,10:52:36,5.52,-0.01,7,3864,卖盘
1101,10:52:48,5.52,0.0,8,4416,卖盘
1102,10:52:57,5.51,-0.01,153,84438,卖盘
1103,10:53:00,5.53,0.02,2,1106,买盘
1104,10:53:04,5.52,-0.01,8,4417,中性盘
1105,10:53:15,5.52,0.0,8,4416,卖盘
1106,10:53:21,5.52,0.0,2,1104,卖盘
1107,10:53:27,5.51,-0.01,152,83829,卖盘
1108,10:53:30,5.53,0.02,2,1106,买盘
1109,10:53:54,5.53,0.0,21,11613,买盘
1110,10:53:57,5.52,-0.01,153,84456,卖盘
1111,10:54:00,5.52,0.0,200,110400,卖盘
1112,10:54:04,5.53,0.01,50,27650,买盘
1113,10:54:09,5.53,0.0,16,8848,买盘
1114,10:54:15,5.54,0.01,168,93022,买盘
1115,10:54:22,5.53,-0.01,2,1106,卖盘
1116,10:54:27,5.52,-0.01,153,84564,卖盘
1117,10:54:33,5.54,0.02,9,4986,买盘
1118,10:54:54,5.54,0.0,9,4986,买盘
1119,10:54:58,5.54,0.0,284,157166,买盘
1120,10:55:04,5.55,0.01,8,4440,买盘
1121,10:55:19,5.54,-0.01,2,1108,卖盘
1122,10:55:24,5.55,0.01,21,11655,买盘
1123,10:55:27,5.54,-0.01,152,84208,卖盘
1124,10:55:42,5.55,0.01,42,23308,买盘
1125,10:55:45,5.54,-0.01,7,3878,卖盘
1126,10:55:54,5.54,0.0,32,17728,卖盘
1127,10:55:58,5.53,-0.01,153,84638,卖盘
1128,10:56:00,5.55,0.02,1000,555000,买盘
1129,10:56:16,5.55,0.0,110,61050,买盘
1130,10:56:18,5.55,0.0,3,1665,买盘
1131,10:56:21,5.55,0.0,3,1665,卖盘
1132,10:56:27,5.54,-0.01,152,84231,卖盘
1133,10:56:36,5.54,0.0,24,13296,买盘
1134,10:56:48,5.54,0.0,31,17174,卖盘
1135,10:56:55,5.55,0.01,283,157065,买盘
1136,10:57:06,5.56,0.01,66,36696,买盘
1137,10:57:15,5.56,0.0,10,5560,买盘
1138,10:57:19,5.56,0.0,702,390312,买盘
1139,10:57:22,5.56,0.0,2,1112,卖盘
1140,10:57:27,5.56,0.0,50,27800,卖盘
1141,10:57:45,5.56,0.0,50,27800,卖盘
1142,10:57:51,5.57,0.01,37,20609,买盘
1143,10:57:54,5.57,0.0,2,1114,买盘
1144,10:58:04,5.57,0.0,2,1114,买盘
1145,10:58:12,5.57,0.0,1,557,买盘
1146,10:58:15,5.57,0.0,109,60713,买盘
1147,10:58:21,5.56,-0.01,2,1112,卖盘
1148,10:58:24,5.57,0.01,112,62289,买盘
1149,10:58:30,5.57,0.0,16,8912,买盘
1150,10:58:36,5.57,0.0,20,11140,买盘
1151,10:58:39,5.56,-0.01,5,2780,卖盘
1152,10:58:45,5.56,0.0,8,4448,卖盘
1153,10:59:03,5.56,0.0,323,179588,卖盘
1154,10:59:10,5.56,0.0,5,2780,买盘
1155,10:59:12,5.56,0.0,1,556,买盘
1156,10:59:18,5.55,-0.01,60,33300,卖盘
1157,10:59:21,5.56,0.01,4,2221,买盘
1158,10:59:36,5.56,0.0,1,556,买盘
1159,10:59:42,5.55,-0.01,8,4440,卖盘
1160,11:00:00,5.56,0.01,3,1668,买盘
1161,11:00:16,5.56,0.0,125,69500,买盘
1162,11:00:19,5.55,-0.01,8,4446,卖盘
1163,11:00:21,5.56,0.01,98,54488,买盘
1164,11:00:24,5.56,0.0,58,32248,买盘
1165,11:00:27,5.56,0.0,49,27244,买盘
1166,11:00:30,5.56,0.0,1,556,卖盘
1167,11:00:33,5.56,0.0,35,19460,买盘
1168,11:00:39,5.56,0.0,14,7784,买盘
1169,11:00:42,5.56,0.0,3,1668,买盘
1170,11:00:45,5.56,0.0,4,2224,买盘
1171,11:00:48,5.56,0.0,14,7784,买盘
1172,11:00:54,5.56,0.0,52,28912,买盘
1173,11:01:06,5.56,0.0,10,5560,买盘
1174,11:01:09,5.56,0.0,2,1112,买盘
1175,11:01:18,5.55,-0.01,33,18346,卖盘
1176,11:01:39,5.56,0.01,98,54488,买盘
1177,11:01:42,5.55,-0.01,403,224049,卖盘
1178,11:01:48,5.56,0.01,9,5004,买盘
1179,11:01:54,5.56,0.0,24,13344,买盘
1180,11:01:58,5.56,0.0,10,5560,卖盘
1181,11:02:04,5.56,0.0,10,5560,买盘
1182,11:02:15,5.57,0.01,139,77379,买盘
1183,11:02:21,5.56,-0.01,2,1112,卖盘
1184,11:02:27,5.56,0.0,353,196268,卖盘
1185,11:02:42,5.56,0.0,30,16680,买盘
1186,11:02:51,5.56,0.0,181,100636,买盘
1187,11:02:54,5.56,0.0,81,44961,买盘
1188,11:03:06,5.56,0.0,10,5560,买盘
1189,11:03:15,5.56,0.0,60,33360,买盘
1190,11:03:18,5.56,0.0,5,2780,买盘
1191,11:03:21,5.55,-0.01,3,1665,卖盘
1192,11:04:00,5.55,0.0,7,3886,卖盘
1193,11:04:18,5.55,0.0,110,61158,卖盘
1194,11:04:21,5.56,0.01,8,4448,买盘
1195,11:04:30,5.56,0.0,4,2224,买盘
1196,11:04:36,5.56,0.0,20,11120,买盘
1197,11:04:39,5.55,-0.01,873,484515,卖盘
1198,11:04:45,5.55,0.0,90,49950,买盘
1199,11:04:48,5.54,-0.01,90,49860,卖盘
1200,11:04:55,5.55,0.01,40,22200,买盘
1201,11:04:58,5.55,0.0,336,186480,买盘
1202,11:05:04,5.55,0.0,263,145965,买盘
1203,11:05:12,5.56,0.01,14,7784,买盘
1204,11:05:18,5.55,-0.01,2,1110,卖盘
1205,11:05:36,5.55,0.0,10,5550,卖盘
1206,11:05:39,5.56,0.01,19,10564,买盘
1207,11:05:48,5.56,0.0,10,5560,买盘
1208,11:05:54,5.56,0.0,8,4448,买盘
1209,11:06:15,5.56,0.0,4,2224,买盘
1210,11:06:18,5.56,0.0,128,71168,买盘
1211,11:06:21,5.55,-0.01,2,1110,卖盘
1212,11:06:37,5.55,0.0,99,54945,卖盘
1213,11:06:48,5.55,0.0,34,18870,卖盘
1214,11:06:51,5.55,0.0,9,4995,卖盘
1215,11:06:57,5.55,0.0,7,3885,卖盘
1216,11:07:00,5.55,0.0,6,3330,卖盘
1217,11:07:03,5.55,0.0,36,19980,卖盘
1218,11:07:07,5.56,0.01,2,1112,买盘
1219,11:07:18,5.55,-0.01,383,212565,卖盘
1220,11:07:27,5.55,0.0,20,11100,买盘
1221,11:07:30,5.54,-0.01,40,22160,卖盘
1222,11:07:42,5.54,0.0,15,8310,卖盘
1223,11:08:06,5.54,0.0,80,44320,卖盘
1224,11:08:19,5.55,0.01,120,66600,买盘
1225,11:08:21,5.54,-0.01,2,1108,卖盘
1226,11:08:24,5.55,0.01,118,65490,买盘
1227,11:08:27,5.55,0.0,9,4995,卖盘
1228,11:08:30,5.55,0.0,12,6660,卖盘
1229,11:08:39,5.55,0.0,36,19980,买盘
1230,11:08:45,5.55,0.0,1,555,买盘
1231,11:08:54,5.54,-0.01,6,3324,卖盘
1232,11:09:06,5.55,0.01,40,22200,买盘
1233,11:09:21,5.54,-0.01,2,1108,卖盘
1234,11:09:42,5.55,0.01,20,11100,买盘
1235,11:10:01,5.55,0.0,1166,646027,买盘
1236,11:10:04,5.54,-0.01,52,28808,卖盘
1237,11:10:10,5.55,0.01,98,54390,买盘
1238,11:10:12,5.55,0.0,2,1110,卖盘
1239,11:10:18,5.56,0.01,113,62824,买盘
1240,11:10:21,5.54,-0.02,2,1108,卖盘
1241,11:10:48,5.54,0.0,1,554,卖盘
1242,11:11:21,5.54,0.0,3,1662,卖盘
1243,11:11:52,5.55,0.01,29,16095,买盘
1244,11:11:55,5.55,0.0,6,3330,买盘
1245,11:12:03,5.54,-0.01,39,21606,卖盘
1246,11:12:21,5.54,0.0,119,66043,卖盘
1247,11:12:33,5.55,0.01,18,9990,买盘
1248,11:12:36,5.55,0.0,10,5550,买盘
1249,11:12:48,5.55,0.0,9,4995,卖盘
1250,11:13:21,5.55,0.0,2,1110,卖盘
1251,11:13:30,5.56,0.01,2,1112,买盘
1252,11:13:42,5.55,-0.01,1,555,卖盘
1253,11:14:04,5.56,0.01,10,5560,买盘
1254,11:14:15,5.56,0.0,10,5560,买盘
1255,11:14:18,5.55,-0.01,109,60625,卖盘
1256,11:14:21,5.57,0.02,3,1671,买盘
1257,11:15:00,5.56,-0.01,3,1668,买盘
1258,11:15:04,5.56,0.0,8,4448,卖盘
1259,11:15:15,5.57,0.01,19,10583,买盘
1260,11:15:18,5.56,-0.01,1,556,卖盘
1261,11:15:21,5.56,0.0,3,1668,卖盘
1262,11:15:33,5.57,0.01,27,15039,买盘
1263,11:15:36,5.56,-0.01,27,15012,卖盘
1264,11:15:39,5.56,0.0,9,5004,买盘
1265,11:15:42,5.56,0.0,7,3892,买盘
1266,11:15:45,5.57,0.01,24,13355,买盘
1267,11:15:51,5.57,0.0,6,3342,买盘
1268,11:16:00,5.57,0.0,10,5570,买盘
1269,11:16:09,5.57,0.0,14,7798,买盘
1270,11:16:12,5.57,0.0,14,7798,买盘
1271,11:16:15,5.57,0.0,14,7798,买盘
1272,11:16:19,5.57,0.0,127,70738,买盘
1273,11:16:21,5.56,-0.01,25,13900,卖盘
1274,11:16:28,5.56,0.0,20,11120,买盘
1275,11:16:30,5.56,0.0,9,5004,买盘
1276,11:16:36,5.56,0.0,20,11120,买盘
1277,11:16:39,5.57,0.01,324,180452,买盘
1278,11:16:45,5.57,0.0,38,21166,买盘
1279,11:16:48,5.57,0.0,7,3899,买盘
1280,11:16:54,5.56,-0.01,3,1668,买盘
1281,11:16:57,5.58,0.02,2,1116,买盘
1282,11:17:04,5.58,0.0,1,558,买盘
1283,11:17:18,5.56,-0.02,2,1112,卖盘
1284,11:17:42,5.56,0.0,17,9452,卖盘
1285,11:17:45,5.57,0.01,178,99146,买盘
1286,11:17:48,5.56,-0.01,17,9459,卖盘
1287,11:18:18,5.56,0.0,118,65773,卖盘
1288,11:18:25,5.57,0.01,4,2228,买盘
1289,11:18:31,5.58,0.01,42,23396,买盘
1290,11:18:33,5.57,-0.01,100,55700,卖盘
1291,11:18:37,5.57,0.0,20,11140,卖盘
1292,11:18:39,5.57,0.0,16,8912,卖盘
1293,11:18:45,5.56,-0.01,10,5560,卖盘
1294,11:18:48,5.57,0.01,20,11140,买盘
1295,11:18:57,5.57,0.0,124,69068,买盘
1296,11:19:00,5.57,0.0,7,3899,买盘
1297,11:19:15,5.57,0.0,72,40089,买盘
1298,11:19:21,5.57,0.0,12,6682,买盘
1299,11:19:33,5.57,0.0,30,16710,买盘
1300,11:19:36,5.57,0.0,16,8912,买盘
1301,11:20:06,5.57,0.0,7,3899,买盘
1302,11:20:21,5.56,-0.01,119,66372,卖盘
1303,11:20:40,5.58,0.02,8,4464,买盘
1304,11:20:43,5.56,-0.02,15,8340,卖盘
1305,11:20:49,5.58,0.02,18,10036,买盘
1306,11:21:18,5.58,0.0,19,10572,买盘
1307,11:21:21,5.56,-0.02,2,1112,卖盘
1308,11:21:24,5.57,0.01,7,3899,买盘
1309,11:21:39,5.57,0.0,3,1671,买盘
1310,11:21:54,5.58,0.01,29,16182,买盘
1311,11:21:57,5.57,-0.01,53,29521,卖盘
1312,11:22:00,5.58,0.01,15,8356,买盘
1313,11:22:12,5.57,-0.01,10,5570,卖盘
1314,11:22:19,5.58,0.01,132,73645,买盘
1315,11:22:42,5.58,0.0,5,2790,买盘
1316,11:23:04,5.58,0.0,91,50778,买盘
1317,11:23:18,5.57,-0.01,2,1114,卖盘
1318,11:23:21,5.57,0.0,101,56257,卖盘
1319,11:23:40,5.58,0.01,44,24552,买盘
1320,11:23:45,5.57,-0.01,19,10583,卖盘
1321,11:23:48,5.57,0.0,125,69625,卖盘
1322,11:24:21,5.57,0.0,115,64168,卖盘
1323,11:25:06,5.57,0.0,20,11140,卖盘
1324,11:25:09,5.58,0.01,117,65286,买盘
1325,11:25:12,5.58,0.0,33,18384,买盘
1326,11:25:21,5.57,-0.01,2,1114,卖盘
1327,11:25:57,5.57,0.0,14,7798,卖盘
1328,11:26:04,5.57,0.0,30,16710,卖盘
1329,11:26:09,5.58,0.01,7,3906,买盘
1330,11:26:13,5.58,0.0,60,33480,买盘
1331,11:26:16,5.58,0.0,18,10044,买盘
1332,11:26:21,5.58,0.0,129,71979,买盘
1333,11:26:40,5.57,-0.01,8,4456,卖盘
1334,11:26:48,5.58,0.01,140,78120,买盘
1335,11:27:00,5.57,-0.01,14,7798,卖盘
1336,11:27:07,5.58,0.01,8,4464,买盘
1337,11:27:15,5.58,0.0,6,3348,买盘
1338,11:27:21,5.57,-0.01,10,5570,卖盘
1339,11:27:54,5.58,0.01,61,34038,买盘
1340,11:28:03,5.58,0.0,7,3906,买盘
1341,11:28:06,5.57,-0.01,14,7798,卖盘
1342,11:28:16,5.58,0.01,378,210924,买盘
1343,11:28:18,5.58,0.0,13,7254,卖盘
1344,11:28:22,5.59,0.01,127,70904,买盘
1345,11:28:24,5.57,-0.02,403,224471,卖盘
1346,11:28:27,5.57,0.0,18,10018,买盘
1347,11:28:30,5.56,-0.01,44,24504,卖盘
1348,11:28:33,5.57,0.01,12,6684,买盘
1349,11:28:36,5.57,0.0,76,42332,买盘
1350,11:28:45,5.58,0.01,3,1674,买盘
1351,11:28:54,5.58,0.0,9,5022,买盘
1352,11:29:01,5.57,-0.01,4,2228,卖盘
1353,11:29:04,5.58,0.01,54,30132,买盘
1354,11:29:07,5.57,-0.01,15,8367,卖盘
1355,11:29:13,5.58,0.01,32,17856,买盘
1356,11:29:16,5.59,0.01,14,7826,买盘
1357,11:29:18,5.58,-0.01,5,2790,卖盘
1358,11:29:21,5.58,0.0,5,2790,卖盘
1359,11:29:27,5.58,0.0,13,7254,卖盘
1360,11:29:36,5.58,0.0,17,9500,卖盘
1361,11:29:48,5.58,0.0,3,1674,卖盘
1362,11:29:57,5.58,0.0,12,6705,卖盘
1363,13:00:04,5.6,0.02,952,532675,买盘
1364,13:00:06,5.6,0.0,39,21840,卖盘
1365,13:00:12,5.6,0.0,100,56000,卖盘
1366,13:00:15,5.6,0.0,8,4480,卖盘
1367,13:00:18,5.6,0.0,54,30240,卖盘
1368,13:00:21,5.6,0.0,3,1680,卖盘
1369,13:00:24,5.6,0.0,1,560,卖盘
1370,13:00:27,5.6,0.0,40,22400,卖盘
1371,13:00:30,5.59,-0.01,1,559,卖盘
1372,13:00:33,5.59,0.0,69,38571,卖盘
1373,13:00:48,5.58,-0.01,26,14508,卖盘
1374,13:00:51,5.58,0.0,74,41292,卖盘
1375,13:00:54,5.58,0.0,40,22320,卖盘
1376,13:00:57,5.58,0.0,40,22320,卖盘
1377,13:01:00,5.58,0.0,15,8370,卖盘
1378,13:01:03,5.57,-0.01,3,1671,卖盘
1379,13:01:06,5.57,0.0,5,2785,卖盘
1380,13:01:15,5.57,0.0,22,12254,卖盘
1381,13:01:21,5.57,0.0,2,1114,卖盘
1382,13:01:24,5.57,0.0,3,1671,卖盘
1383,13:01:33,5.57,0.0,3,1671,卖盘
1384,13:01:37,5.57,0.0,3,1671,卖盘
1385,13:01:45,5.57,0.0,3,1671,卖盘
1386,13:01:54,5.57,0.0,3,1671,卖盘
1387,13:02:03,5.57,0.0,3,1671,卖盘
1388,13:02:06,5.57,0.0,36,20052,卖盘
1389,13:02:15,5.57,0.0,3,1671,卖盘
1390,13:02:21,5.57,0.0,2,1114,卖盘
1391,13:02:27,5.57,0.0,3,1671,卖盘
1392,13:02:30,5.57,0.0,20,11140,卖盘
1393,13:02:33,5.57,0.0,3,1671,卖盘
1394,13:02:36,5.57,0.0,3,1671,卖盘
1395,13:02:45,5.57,0.0,3,1671,卖盘
1396,13:02:57,5.57,0.0,3,1671,卖盘
1397,13:03:04,5.57,0.0,3,1671,卖盘
1398,13:03:06,5.57,0.0,3,1671,卖盘
1399,13:03:15,5.57,0.0,3,1671,卖盘
1400,13:03:21,5.57,0.0,2,1114,卖盘
1401,13:03:27,5.57,0.0,24,13368,卖盘
1402,13:03:33,5.57,0.0,3,1671,卖盘
1403,13:03:36,5.57,0.0,3,1671,卖盘
1404,13:03:42,5.58,0.01,10,5580,买盘
1405,13:03:45,5.57,-0.01,3,1671,卖盘
1406,13:03:51,5.57,0.0,50,27850,卖盘
1407,13:03:57,5.57,0.0,3,1671,卖盘
1408,13:04:00,5.57,0.0,20,11140,卖盘
1409,13:04:06,5.57,0.0,6,3342,卖盘
1410,13:04:15,5.57,0.0,3,1671,卖盘
1411,13:04:21,5.57,0.0,13,7241,卖盘
1412,13:04:25,5.57,0.0,20,11140,卖盘
1413,13:04:27,5.57,0.0,3,1671,卖盘
1414,13:04:33,5.57,0.0,3,1671,卖盘
1415,13:04:36,5.57,0.0,3,1671,卖盘
1416,13:04:39,5.57,0.0,15,8355,卖盘
1417,13:04:42,5.57,0.0,40,22280,卖盘
1418,13:04:45,5.57,0.0,4,2228,买盘
1419,13:04:48,5.56,-0.01,7,3894,卖盘
1420,13:04:57,5.56,0.0,3,1668,卖盘
1421,13:05:06,5.56,0.0,6,3336,卖盘
1422,13:05:15,5.56,0.0,3,1668,卖盘
1423,13:05:21,5.56,0.0,2,1112,卖盘
1424,13:05:27,5.56,0.0,3,1668,卖盘
1425,13:05:36,5.56,0.0,6,3336,卖盘
1426,13:05:48,5.56,0.0,3,1668,卖盘
1427,13:05:57,5.56,0.0,3,1668,卖盘
1428,13:06:04,5.56,0.0,12,6672,卖盘
1429,13:06:07,5.56,0.0,6,3336,卖盘
1430,13:06:18,5.56,0.0,7,3892,卖盘
1431,13:06:21,5.56,0.0,8,4448,卖盘
1432,13:06:28,5.56,0.0,78,43368,卖盘
1433,13:06:33,5.56,0.0,13,7228,卖盘
1434,13:06:36,5.56,0.0,6,3336,卖盘
1435,13:06:48,5.56,0.0,3,1668,卖盘
1436,13:06:54,5.56,0.0,33,18348,卖盘
1437,13:06:57,5.56,0.0,11,6116,卖盘
1438,13:07:00,5.56,0.0,30,16680,卖盘
1439,13:07:04,5.56,0.0,29,16124,卖盘
1440,13:07:07,5.56,0.0,3,1668,卖盘
1441,13:07:10,5.56,0.0,3,1668,卖盘
1442,13:07:12,5.56,0.0,35,19460,卖盘
1443,13:07:18,5.56,0.0,3,1668,卖盘
1444,13:07:21,5.56,0.0,26,14456,卖盘
1445,13:07:24,5.56,0.0,3,1668,卖盘
1446,13:07:27,5.56,0.0,3,1668,卖盘
1447,13:07:33,5.56,0.0,83,46148,卖盘
1448,13:07:36,5.56,0.0,230,127880,卖盘
1449,13:07:39,5.55,-0.01,3,1665,卖盘
1450,13:07:48,5.55,0.0,3,1665,卖盘
1451,13:07:51,5.56,0.01,20,11120,买盘
1452,13:07:58,5.55,-0.01,3,1665,卖盘
1453,13:08:06,5.55,0.0,23,12765,卖盘
1454,13:08:21,5.55,0.0,2,1110,卖盘
1455,13:08:27,5.56,0.01,51,28356,买盘
1456,13:08:36,5.55,-0.01,3,1665,卖盘
1457,13:08:45,5.55,0.0,100,55500,卖盘
1458,13:09:06,5.55,0.0,3,1665,卖盘
1459,13:09:21,5.56,0.01,10,5558,买盘
1460,13:09:27,5.55,-0.01,42,23310,卖盘
1461,13:09:36,5.55,0.0,3,1665,卖盘
1462,13:10:03,5.55,0.0,59,32745,卖盘
1463,13:10:06,5.55,0.0,3,1665,卖盘
1464,13:10:09,5.55,0.0,2,1110,卖盘
1465,13:10:21,5.55,0.0,2,1110,卖盘
1466,13:10:27,5.55,0.0,10,5550,卖盘
1467,13:10:36,5.55,0.0,3,1665,卖盘
1468,13:10:39,5.55,0.0,22,12210,卖盘
1469,13:10:42,5.55,0.0,87,48285,卖盘
1470,13:10:45,5.55,0.0,80,44400,卖盘
1471,13:10:48,5.55,0.0,82,45510,卖盘
1472,13:10:54,5.55,0.0,67,37185,卖盘
1473,13:10:57,5.55,0.0,7,3885,卖盘
1474,13:11:00,5.55,0.0,62,34410,卖盘
1475,13:11:04,5.55,0.0,706,391830,卖盘
1476,13:11:07,5.54,-0.01,1,554,卖盘
1477,13:11:15,5.54,0.0,46,25490,卖盘
1478,13:11:21,5.54,0.0,27,14958,卖盘
1479,13:11:39,5.55,0.01,100,55500,买盘
1480,13:11:52,5.54,-0.01,40,22160,卖盘
1481,13:11:57,5.54,0.0,10,5540,卖盘
1482,13:12:09,5.54,0.0,11,6094,卖盘
1483,13:12:21,5.54,0.0,9,4986,卖盘
1484,13:12:27,5.54,0.0,52,28808,卖盘
1485,13:12:33,5.55,0.01,30,16650,买盘
1486,13:12:57,5.54,-0.01,70,38780,卖盘
1487,13:13:15,5.55,0.01,90,49950,买盘
1488,13:13:22,5.54,-0.01,2,1108,卖盘
1489,13:13:27,5.54,0.0,181,100274,卖盘
1490,13:13:30,5.54,0.0,50,27700,卖盘
1491,13:13:39,5.55,0.01,50,27729,买盘
1492,13:14:09,5.55,0.0,50,27750,买盘
1493,13:14:21,5.54,-0.01,12,6648,卖盘
1494,13:14:42,5.55,0.01,10,5550,买盘
1495,13:14:45,5.55,0.0,24,13320,买盘
1496,13:14:48,5.55,0.0,62,34350,买盘
1497,13:14:55,5.55,0.0,98,54168,买盘
1498,13:15:12,5.55,0.0,53,29415,卖盘
1499,13:15:15,5.55,0.0,8,4662,卖盘
1500,13:15:22,5.54,-0.01,3,1662,卖盘
1501,13:15:51,5.55,0.01,13,7215,卖盘
1502,13:16:03,5.55,0.0,73,40515,卖盘
1503,13:16:12,5.55,0.0,12,6660,卖盘
1504,13:16:22,5.55,0.0,50,27735,买盘
1505,13:16:24,5.55,0.0,2,1110,卖盘
1506,13:16:28,5.55,0.0,50,27768,卖盘
1507,13:16:33,5.55,0.0,14,7770,卖盘
1508,13:16:36,5.55,0.0,245,135975,卖盘
1509,13:16:45,5.55,0.0,319,177045,卖盘
1510,13:17:03,5.55,0.0,126,69930,卖盘
1511,13:17:15,5.55,0.0,30,16650,买盘
1512,13:17:18,5.55,0.0,1,555,买盘
1513,13:17:21,5.54,-0.01,2,1108,卖盘
1514,13:17:33,5.54,0.0,36,19944,卖盘
1515,13:17:37,5.54,0.0,9,4986,卖盘
1516,13:17:54,5.55,0.01,6,3330,买盘
1517,13:18:18,5.55,0.0,1,555,买盘
1518,13:18:21,5.54,-0.01,2,1108,卖盘
1519,13:18:48,5.54,0.0,30,16620,卖盘
1520,13:18:55,5.54,0.0,56,31024,卖盘
1521,13:19:16,5.55,0.01,1,555,买盘
1522,13:19:18,5.55,0.0,180,99900,买盘
1523,13:19:21,5.54,-0.01,3,1662,卖盘
1524,13:19:28,5.54,0.0,1,554,卖盘
1525,13:19:36,5.54,0.0,112,62048,卖盘
1526,13:20:00,5.54,0.0,9,4986,卖盘
1527,13:20:04,5.54,0.0,7,3878,卖盘
1528,13:20:06,5.55,0.01,1,555,买盘
1529,13:20:21,5.54,-0.01,2,1108,卖盘
1530,13:20:48,5.54,0.0,54,29916,卖盘
1531,13:20:51,5.54,0.0,12,6648,卖盘
1532,13:20:57,5.54,0.0,7,3878,卖盘
1533,13:21:04,5.55,0.01,141,78255,买盘
1534,13:21:12,5.55,0.0,17,9436,卖盘
1535,13:21:21,5.54,-0.01,60,33298,卖盘
1536,13:21:27,5.56,0.02,1,556,买盘
1537,13:21:36,5.55,-0.01,2,1110,买盘
1538,13:22:21,5.54,-0.01,2,1108,卖盘
1539,13:22:24,5.55,0.01,1,555,买盘
1540,13:22:30,5.54,-0.01,21,11634,卖盘
1541,13:22:42,5.54,0.0,6,3324,卖盘
1542,13:23:15,5.54,0.0,30,16620,卖盘
1543,13:23:21,5.54,0.0,3,1662,卖盘
1544,13:23:30,5.54,0.0,16,8864,卖盘
1545,13:23:51,5.54,0.0,14,7756,卖盘
1546,13:24:06,5.55,0.01,18,9990,买盘
1547,13:24:09,5.55,0.0,1,555,买盘
1548,13:24:15,5.55,0.0,257,142635,买盘
1549,13:24:18,5.55,0.0,93,51615,卖盘
1550,13:24:21,5.55,0.0,2,1110,卖盘
1551,13:24:28,5.55,0.0,54,29970,卖盘
1552,13:25:04,5.54,-0.01,21,11634,卖盘
1553,13:25:09,5.55,0.01,1,555,买盘
1554,13:25:12,5.54,-0.01,20,11080,卖盘
1555,13:25:15,5.54,0.0,6,3324,卖盘
1556,13:25:21,5.54,0.0,2,1108,卖盘
1557,13:25:30,5.54,0.0,28,15532,卖盘
1558,13:26:12,5.54,0.0,14,7756,卖盘
1559,13:26:22,5.54,0.0,3,1662,卖盘
1560,13:26:24,5.55,0.01,5,2775,买盘
1561,13:26:33,5.54,-0.01,8,4432,卖盘
1562,13:26:39,5.55,0.01,1,555,买盘
1563,13:26:48,5.54,-0.01,55,30470,卖盘
1564,13:26:57,5.54,0.0,28,15512,卖盘
1565,13:27:09,5.55,0.01,1,555,买盘
1566,13:27:21,5.55,0.0,3,1663,买盘
1567,13:27:27,5.54,-0.01,14,7756,卖盘
1568,13:27:39,5.55,0.01,1,555,买盘
1569,13:28:21,5.54,-0.01,2,1108,卖盘
1570,13:29:04,5.54,0.0,13,7202,卖盘
1571,13:29:09,5.55,0.01,1,555,买盘
1572,13:29:15,5.55,0.0,1,555,买盘
1573,13:29:21,5.54,-0.01,2,1108,卖盘
1574,13:29:24,5.55,0.01,1,555,买盘
1575,13:29:36,5.55,0.0,8,4440,买盘
1576,13:30:15,5.54,-0.01,18,9972,卖盘
1577,13:30:25,5.54,0.0,3,1662,卖盘
1578,13:31:24,5.54,0.0,22,12208,卖盘
1579,13:31:33,5.54,0.0,8,4432,卖盘
1580,13:31:48,5.54,0.0,8,4432,卖盘
1581,13:31:54,5.54,0.0,9,4986,卖盘
1582,13:31:57,5.55,0.01,7,3885,买盘
1583,13:32:04,5.54,-0.01,7,3878,卖盘
1584,13:32:06,5.54,0.0,11,6094,卖盘
1585,13:32:09,5.54,0.0,2,1108,卖盘
1586,13:32:21,5.54,0.0,2,1108,卖盘
1587,13:32:24,5.54,0.0,10,5540,卖盘
1588,13:32:33,5.54,0.0,114,63256,卖盘
1589,13:32:40,5.55,0.01,261,144854,买盘
1590,13:32:43,5.55,0.0,67,37125,买盘
1591,13:33:00,5.55,0.0,51,28255,买盘
1592,13:33:09,5.54,-0.01,27,14976,卖盘
1593,13:33:12,5.55,0.01,4,2220,买盘
1594,13:33:15,5.55,0.0,3,1665,买盘
1595,13:33:24,5.55,0.0,7,3883,买盘
1596,13:33:42,5.55,0.0,4,2220,买盘
1597,13:33:45,5.55,0.0,3,1665,买盘
1598,13:34:09,5.54,-0.01,14,7756,卖盘
1599,13:34:12,5.55,0.01,4,2220,买盘
1600,13:34:18,5.55,0.0,33,18315,买盘
1601,13:34:21,5.54,-0.01,16,8864,卖盘
1602,13:34:42,5.55,0.01,4,2220,买盘
1603,13:34:48,5.55,0.0,3,1665,买盘
1604,13:35:15,5.55,0.0,4,2220,买盘
1605,13:35:18,5.55,0.0,3,1665,买盘
1606,13:35:21,5.54,-0.01,2,1108,卖盘
1607,13:35:45,5.55,0.01,4,2220,买盘
1608,13:35:48,5.55,0.0,3,1665,买盘
1609,13:35:51,5.54,-0.01,8,4432,卖盘
1610,13:36:00,5.54,0.0,8,4432,卖盘
1611,13:36:06,5.55,0.01,13,7207,买盘
1612,13:36:18,5.54,-0.01,399,221046,卖盘
1613,13:36:21,5.54,0.0,52,28808,卖盘
1614,13:36:51,5.54,0.0,7,3878,买盘
1615,13:36:54,5.53,-0.01,22,12166,卖盘
1616,13:37:21,5.54,0.01,9,4984,买盘
1617,13:37:45,5.53,-0.01,30,16590,卖盘
1618,13:37:51,5.54,0.01,3,1662,买盘
1619,13:37:54,5.54,0.0,4,2216,买盘
1620,13:38:04,5.54,0.0,31,17174,买盘
1621,13:38:18,5.54,0.0,2,1108,买盘
1622,13:38:21,5.53,-0.01,3,1659,卖盘
1623,13:38:24,5.54,0.01,7,3878,买盘
1624,13:38:33,5.53,-0.01,30,16590,卖盘
1625,13:38:42,5.54,0.01,40,22160,买盘
1626,13:38:54,5.54,0.0,1,554,买盘
1627,13:38:57,5.54,0.0,4,2216,卖盘
1628,13:39:09,5.54,0.0,12,6648,卖盘
1629,13:39:12,5.54,0.0,1,554,卖盘
1630,13:39:15,5.53,-0.01,16,8848,卖盘
1631,13:39:21,5.54,0.01,2,1108,中性盘
1632,13:39:24,5.54,0.0,415,229910,卖盘
1633,13:39:27,5.54,0.0,219,121326,卖盘
1634,13:39:30,5.54,0.0,4,2216,卖盘
1635,13:39:36,5.54,0.0,155,85959,卖盘
1636,13:39:57,5.54,0.0,20,11080,卖盘
1637,13:40:06,5.54,0.0,13,7202,卖盘
1638,13:40:10,5.54,0.0,82,45428,卖盘
1639,13:40:21,5.54,0.0,2,1108,卖盘
1640,13:40:27,5.54,0.0,15,8310,卖盘
1641,13:40:37,5.54,0.0,9,4986,卖盘
1642,13:40:46,5.54,0.0,1,554,卖盘
1643,13:41:21,5.54,0.0,3,1662,卖盘
1644,13:41:27,5.54,0.0,14,7756,卖盘
1645,13:41:30,5.54,0.0,76,42104,卖盘
1646,13:41:33,5.54,0.0,3,1662,买盘
1647,13:41:36,5.54,0.0,18,9972,买盘
1648,13:41:49,5.53,-0.01,14,7742,卖盘
1649,13:41:54,5.54,0.01,37,20498,买盘
1650,13:42:15,5.54,0.0,20,11080,买盘
1651,13:42:24,5.53,-0.01,12,6646,卖盘
1652,13:42:28,5.54,0.01,1,554,买盘
1653,13:42:39,5.54,0.0,7,3878,卖盘
1654,13:42:45,5.54,0.0,6,3324,卖盘
1655,13:42:51,5.53,-0.01,22,12166,卖盘
1656,13:42:57,5.53,0.0,8,4424,卖盘
1657,13:43:06,5.54,0.01,2,1108,买盘
1658,13:43:24,5.53,-0.01,2,1106,卖盘
1659,13:43:42,5.53,0.0,14,7742,卖盘
1660,13:44:18,5.53,0.0,8,4424,卖盘
1661,13:44:21,5.53,0.0,2,1106,卖盘
1662,13:44:24,5.54,0.01,13,7202,买盘
1663,13:44:27,5.54,0.0,20,11080,买盘
1664,13:44:36,5.53,-0.01,50,27650,卖盘
1665,13:44:39,5.54,0.01,100,55400,买盘
1666,13:44:42,5.54,0.0,12,6648,买盘
1667,13:44:45,5.54,0.0,114,63156,买盘
1668,13:44:48,5.54,0.0,21,11634,卖盘
1669,13:44:54,5.54,0.0,65,36010,卖盘
1670,13:44:57,5.54,0.0,1,554,买盘
1671,13:45:21,5.53,-0.01,3,1659,卖盘
1672,13:45:54,5.54,0.01,40,22160,买盘
1673,13:46:04,5.54,0.0,7,3878,买盘
1674,13:46:21,5.53,-0.01,2,1106,卖盘
1675,13:46:30,5.54,0.01,3,1662,买盘
1676,13:46:33,5.54,0.0,3,1662,买盘
1677,13:46:36,5.54,0.0,50,27700,买盘
1678,13:46:45,5.53,-0.01,19,10517,卖盘
1679,13:46:57,5.54,0.01,31,17174,卖盘
1680,13:47:00,5.55,0.01,19,10531,买盘
1681,13:47:21,5.54,-0.01,2,1108,卖盘
1682,13:47:36,5.54,0.0,30,16620,卖盘
1683,13:48:21,5.54,0.0,2,1108,卖盘
1684,13:48:39,5.54,0.0,130,72020,卖盘
1685,13:48:43,5.54,0.0,8,4432,卖盘
1686,13:48:51,5.54,0.0,1,554,卖盘
1687,13:49:15,5.55,0.01,2,1110,买盘
1688,13:49:18,5.54,-0.01,30,16620,卖盘
1689,13:49:21,5.54,0.0,3,1662,卖盘
1690,13:49:24,5.54,0.0,15,8310,卖盘
1691,13:49:33,5.54,0.0,20,11080,卖盘
1692,13:49:45,5.54,0.0,100,55400,卖盘
1693,13:49:51,5.54,0.0,1,554,卖盘
1694,13:50:16,5.55,0.01,9,4987,买盘
1695,13:50:19,5.55,0.0,4,2220,买盘
1696,13:50:24,5.54,-0.01,2,1108,卖盘
1697,13:50:30,5.54,0.0,16,8864,卖盘
1698,13:50:36,5.55,0.01,10,5550,买盘
1699,13:50:51,5.54,-0.01,1,554,卖盘
1700,13:51:06,5.55,0.01,9,4995,买盘
1701,13:51:09,5.54,-0.01,14,7756,卖盘
1702,13:51:21,5.54,0.0,2,1108,卖盘
1703,13:51:24,5.55,0.01,4,2220,买盘
1704,13:51:30,5.54,-0.01,14,7756,卖盘
1705,13:51:51,5.54,0.0,1,554,卖盘
1706,13:52:18,5.54,0.0,28,15532,卖盘
1707,13:52:21,5.54,0.0,2,1108,卖盘
1708,13:52:27,5.55,0.01,4,2220,买盘
1709,13:52:36,5.54,-0.01,13,7202,卖盘
1710,13:53:09,5.54,0.0,14,7756,卖盘
1711,13:53:21,5.54,0.0,3,1662,卖盘
1712,13:53:27,5.54,0.0,8,4432,卖盘
1713,13:53:30,5.55,0.01,4,2220,买盘
1714,13:53:45,5.54,-0.01,1,554,卖盘
1715,13:53:57,5.55,0.01,10,5550,买盘
1716,13:54:24,5.54,-0.01,14,7756,卖盘
1717,13:54:30,5.54,0.0,13,7202,卖盘
1718,13:54:36,5.55,0.01,4,2220,买盘
1719,13:54:43,5.54,-0.01,27,14958,卖盘
1720,13:55:06,5.54,0.0,496,274784,卖盘
1721,13:55:21,5.54,0.0,2,1108,卖盘
1722,13:55:39,5.55,0.01,4,2220,买盘
1723,13:56:21,5.54,-0.01,2,1108,卖盘
1724,13:56:36,5.54,0.0,112,62048,卖盘
1725,13:56:39,5.54,0.0,27,14958,卖盘
1726,13:56:42,5.54,0.0,16,8864,卖盘
1727,13:56:57,5.54,0.0,14,7756,卖盘
1728,13:57:03,5.55,0.01,18,9990,买盘
1729,13:57:21,5.54,-0.01,3,1662,卖盘
1730,13:57:42,5.54,0.0,22,12188,卖盘
1731,13:57:48,5.55,0.01,4,2220,买盘
1732,13:57:54,5.54,-0.01,8,4432,卖盘
1733,13:57:57,5.54,0.0,9,4986,卖盘
1734,13:58:00,5.54,0.0,1,554,卖盘
1735,13:58:06,5.54,0.0,101,55954,卖盘
1736,13:58:12,5.53,-0.01,120,66360,卖盘
1737,13:58:18,5.54,0.01,3,1662,买盘
1738,13:58:21,5.53,-0.01,2,1106,卖盘
1739,13:58:36,5.53,0.0,64,35442,卖盘
1740,13:58:45,5.54,0.01,95,52630,买盘
1741,13:58:51,5.54,0.0,58,32132,卖盘
1742,13:58:54,5.53,-0.01,100,55300,卖盘
1743,13:59:15,5.53,0.0,14,7742,卖盘
1744,13:59:21,5.54,0.01,43,23822,买盘
1745,13:59:24,5.54,0.0,4,2216,买盘
1746,13:59:36,5.53,-0.01,9,4977,卖盘
1747,13:59:39,5.53,0.0,16,8848,卖盘
1748,13:59:45,5.53,0.0,8,4424,卖盘
1749,13:59:48,5.53,0.0,1,553,卖盘
1750,13:59:54,5.53,0.0,19,10507,卖盘
1751,13:59:57,5.53,0.0,303,167559,卖盘
1752,14:00:00,5.53,0.0,198,109494,卖盘
1753,14:00:04,5.53,0.0,12,6636,卖盘
1754,14:00:07,5.53,0.0,1,553,卖盘
1755,14:00:09,5.53,0.0,483,267099,卖盘
1756,14:00:21,5.52,-0.01,3,1656,卖盘
1757,14:00:30,5.53,0.01,499,275595,买盘
1758,14:00:42,5.52,-0.01,3,1656,卖盘
1759,14:00:45,5.52,0.0,65,35880,卖盘
1760,14:01:04,5.53,0.01,1,553,买盘
1761,14:01:19,5.52,-0.01,2,1104,卖盘
1762,14:01:21,5.52,0.0,14,7728,卖盘
1763,14:01:28,5.52,0.0,4,2208,卖盘
1764,14:01:36,5.52,0.0,80,44160,卖盘
1765,14:01:42,5.52,0.0,1,552,卖盘
1766,14:01:45,5.52,0.0,14,7728,卖盘
1767,14:01:48,5.52,0.0,1,552,卖盘
1768,14:01:54,5.52,0.0,91,50232,卖盘
1769,14:02:00,5.52,0.0,121,66792,卖盘
1770,14:02:04,5.52,0.0,43,23736,卖盘
1771,14:02:12,5.52,0.0,22,12144,卖盘
1772,14:02:15,5.52,0.0,7,3864,卖盘
1773,14:02:21,5.52,0.0,8,4416,卖盘
1774,14:02:54,5.52,0.0,7,3864,卖盘
1775,14:02:57,5.53,0.01,162,89586,买盘
1776,14:03:00,5.52,-0.01,16,8832,卖盘
1777,14:03:12,5.53,0.01,1,553,买盘
1778,14:03:27,5.52,-0.01,15,8280,卖盘
1779,14:03:42,5.52,0.0,4,2211,卖盘
1780,14:03:52,5.52,0.0,1,552,卖盘
1781,14:03:57,5.53,0.01,20,11060,买盘
1782,14:04:09,5.52,-0.01,1,552,卖盘
1783,14:04:19,5.52,0.0,1,552,卖盘
1784,14:04:31,5.52,0.0,1,552,卖盘
1785,14:05:04,5.52,0.0,33,18216,卖盘
1786,14:05:15,5.53,0.01,16,8834,买盘
1787,14:05:28,5.52,-0.01,222,122765,卖盘
1788,14:05:42,5.52,0.0,38,20976,卖盘
1789,14:05:45,5.52,0.0,13,7176,卖盘
1790,14:05:48,5.52,0.0,9,4968,卖盘
1791,14:05:51,5.52,0.0,140,77280,卖盘
1792,14:06:09,5.52,0.0,81,44712,卖盘
1793,14:06:12,5.52,0.0,1,552,卖盘
1794,14:06:15,5.53,0.01,10,5530,买盘
1795,14:06:24,5.52,-0.01,28,15474,卖盘
1796,14:06:28,5.53,0.01,10,5530,买盘
1797,14:06:33,5.53,0.0,238,131614,买盘
1798,14:06:36,5.54,0.01,2,1108,买盘
1799,14:06:51,5.53,-0.01,11,6093,卖盘
1800,14:06:54,5.54,0.01,9,4986,买盘
1801,14:06:57,5.53,-0.01,15,8295,卖盘
1802,14:07:00,5.53,0.0,1,553,卖盘
1803,14:07:13,5.54,0.01,4,2215,买盘
1804,14:07:15,5.54,0.0,135,74790,买盘
1805,14:07:21,5.53,-0.01,1,553,卖盘
1806,14:07:30,5.53,0.0,1,553,卖盘
1807,14:07:42,5.54,0.01,1,554,卖盘
1808,14:07:48,5.54,0.0,1,554,卖盘
1809,14:07:51,5.54,0.0,34,18836,卖盘
1810,14:07:54,5.54,0.0,2,1108,卖盘
1811,14:07:58,5.55,0.01,1,555,买盘
1812,14:08:00,5.55,0.0,2,1110,买盘
1813,14:08:04,5.55,0.0,19,10545,买盘
1814,14:08:06,5.55,0.0,10,5550,买盘
1815,14:08:37,5.55,0.0,51,28305,买盘
1816,14:08:39,5.55,0.0,40,22200,卖盘
1817,14:08:51,5.55,0.0,1,555,卖盘
1818,14:08:54,5.56,0.01,223,123988,买盘
1819,14:09:21,5.56,0.0,2,1112,买盘
1820,14:09:24,5.56,0.0,20,11120,买盘
1821,14:10:00,5.56,0.0,110,61160,买盘
1822,14:10:18,5.55,-0.01,55,30525,卖盘
1823,14:10:30,5.56,0.01,149,82827,买盘
1824,14:10:39,5.56,0.0,55,30580,卖盘
1825,14:10:42,5.57,0.01,4,2228,买盘
1826,14:10:57,5.57,0.0,103,57371,买盘
1827,14:11:21,5.57,0.0,6,3342,买盘
1828,14:11:39,5.57,0.0,10,5570,买盘
1829,14:11:42,5.57,0.0,46,25622,买盘
1830,14:11:45,5.57,0.0,3,1671,买盘
1831,14:12:00,5.57,0.0,14,7798,买盘
1832,14:12:04,5.57,0.0,2,1114,买盘
1833,14:12:09,5.57,0.0,6,3342,买盘
1834,14:13:21,5.57,0.0,100,55700,买盘
1835,14:13:24,5.57,0.0,2,1113,买盘
1836,14:13:27,5.57,0.0,1,557,买盘
1837,14:13:36,5.56,-0.01,29,16124,卖盘
1838,14:13:46,5.57,0.01,8,4456,买盘
1839,14:14:03,5.57,0.0,10,5570,买盘
1840,14:14:21,5.57,0.0,2,1114,买盘
1841,14:14:24,5.57,0.0,25,13925,买盘
1842,14:14:27,5.56,-0.01,7,3892,卖盘
1843,14:14:45,5.56,0.0,7,3892,卖盘
1844,14:14:48,5.57,0.01,447,248979,买盘
1845,14:14:54,5.56,-0.01,16,8896,卖盘
1846,14:14:57,5.56,0.0,8,4448,卖盘
1847,14:15:21,5.57,0.01,340,189380,买盘
1848,14:15:24,5.57,0.0,100,55700,买盘
1849,14:15:36,5.57,0.0,30,16710,买盘
1850,14:16:09,5.57,0.0,6,3342,买盘
1851,14:16:16,5.57,0.0,11,6127,买盘
1852,14:16:21,5.57,0.0,8,4456,买盘
1853,14:16:27,5.56,-0.01,69,38364,卖盘
1854,14:16:39,5.56,0.0,29,16130,卖盘
1855,14:16:42,5.57,0.01,3,1671,买盘
1856,14:16:45,5.57,0.0,172,95804,买盘
1857,14:16:48,5.57,0.0,18,10026,卖盘
1858,14:16:57,5.56,-0.01,522,290734,卖盘
1859,14:17:04,5.56,0.0,153,85068,卖盘
1860,14:17:12,5.56,0.0,40,22240,卖盘
1861,14:17:15,5.56,0.0,443,246308,卖盘
1862,14:17:18,5.56,0.0,17,9452,卖盘
1863,14:17:24,5.56,0.0,133,73948,卖盘
1864,14:17:27,5.56,0.0,3,1668,卖盘
1865,14:17:33,5.55,-0.01,152,84485,卖盘
1866,14:17:42,5.55,0.0,3,1665,卖盘
1867,14:17:54,5.56,0.01,6,3336,买盘
1868,14:17:57,5.56,0.0,55,30577,买盘
1869,14:18:03,5.55,-0.01,153,84915,卖盘
1870,14:18:06,5.56,0.01,115,63940,买盘
1871,14:18:27,5.56,0.0,3,1668,卖盘
1872,14:18:33,5.55,-0.01,153,84979,卖盘
1873,14:18:42,5.55,0.0,3,1665,卖盘
1874,14:19:04,5.56,0.01,153,85068,卖盘
1875,14:19:09,5.56,0.0,1,556,卖盘
1876,14:19:12,5.56,0.0,5,2780,卖盘
1877,14:19:15,5.56,0.0,28,15568,买盘
1878,14:19:28,5.56,0.0,2,1112,卖盘
1879,14:19:31,5.56,0.0,15,8340,卖盘
1880,14:19:33,5.55,-0.01,152,84388,卖盘
1881,14:19:42,5.55,0.0,2,1110,卖盘
1882,14:19:48,5.56,0.01,144,80064,买盘
1883,14:19:54,5.56,0.0,29,16124,卖盘
1884,14:19:57,5.56,0.0,33,18348,卖盘
1885,14:20:01,5.56,0.0,47,26132,买盘
1886,14:20:04,5.56,0.0,53,29468,卖盘
1887,14:20:06,5.55,-0.01,154,85470,卖盘
1888,14:20:27,5.55,0.0,10,5557,卖盘
1889,14:20:36,5.55,0.0,153,84915,卖盘
1890,14:20:57,5.56,0.01,6,3336,买盘
1891,14:21:06,5.55,-0.01,153,84915,卖盘
1892,14:21:12,5.55,0.0,3,1665,卖盘
1893,14:21:27,5.55,0.0,3,1665,卖盘
1894,14:21:33,5.55,0.0,166,92130,卖盘
1895,14:21:39,5.55,0.0,10,5550,卖盘
1896,14:21:42,5.56,0.01,315,175075,买盘
1897,14:21:45,5.56,0.0,19,10564,卖盘
1898,14:21:48,5.56,0.0,5,2780,卖盘
1899,14:21:51,5.56,0.0,15,8340,卖盘
1900,14:22:04,5.55,-0.01,624,346590,卖盘
1901,14:22:07,5.55,0.0,20,11100,买盘
1902,14:22:09,5.55,0.0,9,4995,买盘
1903,14:22:27,5.54,-0.01,4,2216,卖盘
1904,14:22:33,5.54,0.0,153,84762,卖盘
1905,14:22:36,5.56,0.02,6,3336,买盘
1906,14:22:57,5.54,-0.02,2,1108,卖盘
1907,14:23:03,5.54,0.0,156,86424,卖盘
1908,14:23:06,5.56,0.02,6,3336,买盘
1909,14:23:19,5.54,-0.02,3,1662,卖盘
1910,14:23:27,5.54,0.0,21,11650,卖盘
1911,14:23:33,5.54,0.0,161,89194,卖盘
1912,14:23:36,5.56,0.02,2,1112,买盘
1913,14:23:54,5.54,-0.02,14,7756,卖盘
1914,14:23:57,5.54,0.0,3,1662,卖盘
1915,14:24:04,5.54,0.0,155,85870,卖盘
1916,14:24:27,5.54,0.0,2,1108,卖盘
1917,14:24:33,5.54,0.0,156,86424,卖盘
1918,14:24:49,5.54,0.0,3,1662,卖盘
1919,14:24:51,5.54,0.0,4,2216,卖盘
1920,14:25:04,5.54,0.0,153,84762,卖盘
1921,14:25:06,5.54,0.0,15,8310,卖盘
1922,14:25:12,5.54,0.0,3,1662,卖盘
1923,14:25:27,5.54,0.0,2,1108,卖盘
1924,14:25:33,5.54,0.0,239,132490,卖盘
1925,14:25:55,5.54,0.0,1,554,卖盘
1926,14:25:58,5.54,0.0,3,1662,卖盘
1927,14:26:04,5.54,0.0,153,84762,卖盘
1928,14:26:12,5.54,0.0,3,1662,卖盘
1929,14:26:19,5.54,0.0,3,1662,卖盘
1930,14:26:27,5.54,0.0,29,16066,卖盘
1931,14:26:30,5.54,0.0,110,60940,买盘
1932,14:26:33,5.53,-0.01,153,84639,卖盘
1933,14:26:51,5.55,0.02,50,27750,买盘
1934,14:26:57,5.53,-0.02,5,2765,卖盘
1935,14:27:03,5.55,0.02,17,9435,买盘
1936,14:27:06,5.53,-0.02,153,84609,卖盘
1937,14:27:18,5.54,0.01,3,1662,卖盘
1938,14:27:24,5.54,0.0,155,85870,卖盘
1939,14:27:27,5.53,-0.01,2,1106,卖盘
1940,14:27:36,5.53,0.0,152,84056,卖盘
1941,14:27:48,5.54,0.01,4,2216,卖盘
1942,14:27:51,5.54,0.0,8,4432,卖盘
1943,14:27:54,5.54,0.0,133,73682,卖盘
1944,14:27:57,5.54,0.0,3,1662,卖盘
1945,14:28:06,5.53,-0.01,153,84661,卖盘
1946,14:28:12,5.54,0.01,10,5540,买盘
1947,14:28:18,5.53,-0.01,4,2212,卖盘
1948,14:28:28,5.53,0.0,17,9401,卖盘
1949,14:28:37,5.53,0.0,153,84609,卖盘
1950,14:28:39,5.55,0.02,12,6638,买盘
1951,14:28:45,5.53,-0.02,14,7742,卖盘
1952,14:28:48,5.53,0.0,3,1659,卖盘
1953,14:28:58,5.53,0.0,3,1659,卖盘
1954,14:29:04,5.53,0.0,162,89606,卖盘
1955,14:29:06,5.53,0.0,8,4424,卖盘
1956,14:29:27,5.53,0.0,4,2212,卖盘
1957,14:29:33,5.53,0.0,152,84056,卖盘
1958,14:29:48,5.53,0.0,3,1659,卖盘
1959,14:29:54,5.53,0.0,248,137144,卖盘
1960,14:29:57,5.53,0.0,6,3318,卖盘
1961,14:30:04,5.53,0.0,169,93457,卖盘
1962,14:30:06,5.53,0.0,5,2765,卖盘
1963,14:30:09,5.53,0.0,144,79632,卖盘
1964,14:30:12,5.54,0.01,16,8864,买盘
1965,14:30:27,5.52,-0.02,4,2208,卖盘
1966,14:30:33,5.52,0.0,217,119784,卖盘
1967,14:30:45,5.52,0.0,1,552,卖盘
1968,14:30:48,5.53,0.01,6,3318,买盘
1969,14:30:58,5.52,-0.01,3,1656,卖盘
1970,14:31:04,5.52,0.0,253,139656,卖盘
1971,14:31:15,5.53,0.01,22,12166,买盘
1972,14:31:18,5.52,-0.01,435,240120,卖盘
1973,14:31:27,5.52,0.0,3,1656,卖盘
1974,14:31:33,5.51,-0.01,152,83802,卖盘
1975,14:31:42,5.52,0.01,26,14372,卖盘
1976,14:31:45,5.52,0.0,30,16560,买盘
1977,14:31:48,5.52,0.0,8,4413,买盘
1978,14:31:57,5.51,-0.01,3,1653,卖盘
1979,14:32:00,5.52,0.01,200,110400,买盘
1980,14:32:03,5.51,-0.01,206,113556,卖盘
1981,14:32:12,5.52,0.01,209,115368,买盘
1982,14:32:15,5.52,0.0,22,12144,买盘
1983,14:32:27,5.52,0.0,96,52989,买盘
1984,14:32:30,5.51,-0.01,93,51335,卖盘
1985,14:32:33,5.51,0.0,153,84303,卖盘
1986,14:32:42,5.52,0.01,9,4968,卖盘
1987,14:32:45,5.52,0.0,14,7728,卖盘
1988,14:32:57,5.52,0.0,3,1656,卖盘
1989,14:33:04,5.52,0.0,11,6072,卖盘
1990,14:33:06,5.53,0.01,230,126865,买盘
1991,14:33:09,5.52,-0.01,16,8832,卖盘
1992,14:33:24,5.52,0.0,10,5520,买盘
1993,14:33:27,5.51,-0.01,4,2204,卖盘
1994,14:33:30,5.52,0.01,4,2208,买盘
1995,14:33:36,5.52,0.0,184,101416,买盘
1996,14:33:39,5.52,0.0,78,43056,买盘
1997,14:33:42,5.52,0.0,53,29242,买盘
1998,14:33:48,5.52,0.0,9,5078,买盘
1999,14:34:00,5.52,0.0,8,4416,卖盘
2000,14:34:06,5.53,0.01,165,90987,买盘
2001,14:34:24,5.52,-0.01,1,552,卖盘
2002,14:34:36,5.52,0.0,153,84456,卖盘
2003,14:34:39,5.52,0.0,14,7728,卖盘
2004,14:34:48,5.52,0.0,1,552,卖盘
2005,14:34:51,5.52,0.0,1,552,卖盘
2006,14:35:00,5.52,0.0,8,4416,卖盘
2007,14:35:06,5.51,-0.01,153,84428,卖盘
2008,14:35:09,5.53,0.02,22,12166,买盘
2009,14:35:21,5.52,-0.01,14,7728,卖盘
2010,14:35:27,5.52,0.0,7,3864,卖盘
2011,14:35:36,5.52,0.0,153,84432,卖盘
2012,14:35:39,5.52,0.0,1,552,卖盘
2013,14:35:45,5.52,0.0,1,552,卖盘
2014,14:35:54,5.52,0.0,7,3864,卖盘
2015,14:36:03,5.52,0.0,153,84456,卖盘
2016,14:36:18,5.52,0.0,62,34224,卖盘
2017,14:36:25,5.53,0.01,41,22646,买盘
2018,14:36:27,5.52,-0.01,8,4416,卖盘
2019,14:36:33,5.52,0.0,153,84456,卖盘
2020,14:36:36,5.52,0.0,36,19872,卖盘
2021,14:36:39,5.52,0.0,6,3312,卖盘
2022,14:36:51,5.53,0.01,66,36498,买盘
2023,14:36:57,5.52,-0.01,8,4416,卖盘
2024,14:37:04,5.52,0.0,153,84456,卖盘
2025,14:37:12,5.53,0.01,129,71337,买盘
2026,14:37:24,5.52,-0.01,8,4416,卖盘
2027,14:37:27,5.52,0.0,15,8280,卖盘
2028,14:37:33,5.52,0.0,152,83904,卖盘
2029,14:37:46,5.53,0.01,57,31521,买盘
2030,14:37:48,5.52,-0.01,14,7728,卖盘
2031,14:37:51,5.52,0.0,87,48104,卖盘
2032,14:37:54,5.52,0.0,21,11605,卖盘
2033,14:38:03,5.52,0.0,153,84456,卖盘
2034,14:38:06,5.53,0.01,24,13272,买盘
2035,14:38:18,5.53,0.0,76,42028,卖盘
2036,14:38:21,5.53,0.0,50,27650,卖盘
2037,14:38:27,5.52,-0.01,14,7728,卖盘
2038,14:38:33,5.52,0.0,153,84456,卖盘
2039,14:38:58,5.53,0.01,30,16590,卖盘
2040,14:39:06,5.52,-0.01,161,88917,卖盘
2041,14:39:18,5.53,0.01,7,3871,卖盘
2042,14:39:27,5.53,0.0,5,2765,卖盘
2043,14:39:36,5.52,-0.01,152,83945,卖盘
2044,14:39:45,5.52,0.0,7,3864,卖盘
2045,14:39:57,5.52,0.0,1,552,卖盘
2046,14:40:06,5.52,0.0,153,84456,卖盘
2047,14:40:09,5.53,0.01,146,80738,买盘
2048,14:40:37,5.53,0.0,153,84609,卖盘
2049,14:40:51,5.54,0.01,178,98612,买盘
2050,14:40:54,5.53,-0.01,92,50876,卖盘
2051,14:41:06,5.53,0.0,176,97329,卖盘
2052,14:41:09,5.53,0.0,7,3871,卖盘
2053,14:41:24,5.53,0.0,8,4424,卖盘
2054,14:41:27,5.54,0.01,58,32124,买盘
2055,14:41:36,5.54,0.0,153,84610,买盘
2056,14:41:48,5.54,0.0,65,36010,买盘
2057,14:41:54,5.54,0.0,333,184482,买盘
2058,14:42:06,5.54,0.0,15,8311,卖盘
2059,14:42:13,5.54,0.0,29,16066,卖盘
2060,14:42:27,5.54,0.0,8,4432,卖盘
2061,14:42:36,5.55,0.01,1,555,买盘
2062,14:42:46,5.54,-0.01,7,3878,卖盘
2063,14:42:57,5.54,0.0,206,114124,卖盘
2064,14:43:06,5.55,0.01,1,555,买盘
2065,14:43:30,5.54,-0.01,1,554,卖盘
2066,14:43:36,5.55,0.01,21,11655,买盘
2067,14:43:48,5.55,0.0,609,337965,买盘
2068,14:43:51,5.55,0.0,32,17760,卖盘
2069,14:43:55,5.55,0.0,4,2220,买盘
2070,14:43:57,5.55,0.0,7,3885,买盘
2071,14:44:04,5.55,0.0,8,4440,卖盘
2072,14:44:06,5.55,0.0,1,555,中性盘
2073,14:44:09,5.55,0.0,4,2220,买盘
2074,14:44:12,5.54,-0.01,22,12188,卖盘
2075,14:44:21,5.55,0.01,13,7215,买盘
2076,14:44:24,5.54,-0.01,8,4432,卖盘
2077,14:44:45,5.55,0.01,1,555,买盘
2078,14:44:48,5.55,0.0,18,9990,买盘
2079,14:44:51,5.55,0.0,10,5550,卖盘
2080,14:44:57,5.55,0.0,1,555,卖盘
2081,14:45:07,5.56,0.01,3,1666,买盘
2082,14:45:15,5.55,-0.01,270,149850,卖盘
2083,14:45:18,5.55,0.0,2,1110,卖盘
2084,14:45:24,5.55,0.0,43,23865,卖盘
2085,14:45:30,5.55,0.0,14,7770,卖盘
2086,14:45:36,5.56,0.01,8,4441,买盘
2087,14:45:40,5.55,-0.01,300,166500,卖盘
2088,14:45:48,5.54,-0.01,8,4436,卖盘
2089,14:45:57,5.55,0.01,20,11100,买盘
2090,14:46:04,5.55,0.0,2,1110,买盘
2091,14:46:06,5.55,0.0,1,555,买盘
2092,14:46:10,5.55,0.0,65,36075,买盘
2093,14:46:13,5.55,0.0,5,2775,买盘
2094,14:46:18,5.55,0.0,146,80984,买盘
2095,14:46:21,5.55,0.0,9,4995,买盘
2096,14:46:33,5.54,-0.01,8,4432,卖盘
2097,14:46:36,5.55,0.01,1,555,买盘
2098,14:46:48,5.55,0.0,100,55500,买盘
2099,14:47:06,5.55,0.0,1,555,买盘
2100,14:47:09,5.55,0.0,5,2775,买盘
2101,14:47:12,5.55,0.0,8,4440,买盘
2102,14:47:15,5.55,0.0,2,1110,买盘
2103,14:47:21,5.55,0.0,27,14708,卖盘
2104,14:47:24,5.55,0.0,17,9437,卖盘
2105,14:47:27,5.55,0.0,87,48285,卖盘
2106,14:47:31,5.55,0.0,3,1665,卖盘
2107,14:47:36,5.56,0.01,6,3336,买盘
2108,14:47:39,5.55,-0.01,12,6660,卖盘
2109,14:47:42,5.55,0.0,18,10268,卖盘
2110,14:47:45,5.55,0.0,2,1110,买盘
2111,14:47:48,5.55,0.0,2,1110,买盘
2112,14:47:51,5.55,0.0,2,832,卖盘
2113,14:47:54,5.55,0.0,1,555,买盘
2114,14:48:06,5.55,0.0,1,555,买盘
2115,14:48:22,5.54,-0.01,14,7756,卖盘
2116,14:48:24,5.55,0.01,2,1110,买盘
2117,14:48:36,5.55,0.0,25,13875,买盘
2118,14:48:42,5.54,-0.01,10,5540,卖盘
2119,14:48:57,5.54,0.0,5,2770,卖盘
2120,14:49:09,5.54,0.0,1,554,卖盘
2121,14:49:27,5.54,0.0,8,4432,卖盘
2122,14:49:45,5.54,0.0,8,4432,卖盘
2123,14:49:57,5.54,0.0,9,4986,卖盘
2124,14:50:04,5.55,0.01,3,1665,买盘
2125,14:50:09,5.54,-0.01,26,14425,卖盘
2126,14:50:18,5.54,0.0,15,8310,卖盘
2127,14:50:22,5.54,0.0,41,22714,卖盘
2128,14:50:27,5.55,0.01,285,157898,买盘
2129,14:50:34,5.56,0.01,3,1668,买盘
2130,14:50:43,5.55,-0.01,52,29138,卖盘
2131,14:50:51,5.56,0.01,100,55503,买盘
2132,14:51:01,5.55,-0.01,58,32190,买盘
2133,14:51:04,5.56,0.01,3,1668,买盘
2134,14:51:06,5.56,0.0,93,51708,买盘
2135,14:51:13,5.55,-0.01,9,4995,卖盘
2136,14:51:18,5.55,0.0,17,9435,卖盘
2137,14:51:21,5.54,-0.01,482,267028,卖盘
2138,14:51:28,5.55,0.01,2,1110,买盘
2139,14:51:31,5.54,-0.01,2,1108,中性盘
2140,14:51:33,5.54,0.0,3,1662,买盘
2141,14:51:36,5.54,0.0,10,5540,买盘
2142,14:51:43,5.54,0.0,108,59832,买盘
2143,14:51:45,5.54,0.0,10,5540,卖盘
2144,14:51:48,5.54,0.0,26,14404,卖盘
2145,14:52:04,5.55,0.01,96,53280,买盘
2146,14:52:06,5.54,-0.01,8,4432,卖盘
2147,14:52:21,5.54,0.0,4,2216,卖盘
2148,14:52:27,5.54,0.0,7,3878,卖盘
2149,14:52:33,5.54,0.0,41,22744,卖盘
2150,14:52:42,5.54,0.0,353,195534,卖盘
2151,14:52:51,5.54,0.0,4,2216,买盘
2152,14:53:00,5.54,0.0,102,56508,买盘
2153,14:53:06,5.54,0.0,97,53734,买盘
2154,14:53:25,5.53,-0.01,53,29309,卖盘
2155,14:53:36,5.54,0.01,100,55400,买盘
2156,14:53:39,5.53,-0.01,28,15484,卖盘
2157,14:53:42,5.53,0.0,544,300957,卖盘
2158,14:53:45,5.53,0.0,9,4977,卖盘
2159,14:53:54,5.54,0.01,2,1108,买盘
2160,14:54:01,5.55,0.01,14,7770,买盘
2161,14:54:06,5.55,0.0,93,51615,买盘
2162,14:54:12,5.54,-0.01,16,8864,卖盘
2163,14:54:21,5.54,0.0,16,8860,买盘
2164,14:54:25,5.54,0.0,4,2216,卖盘
2165,14:54:27,5.54,0.0,9,4986,卖盘
2166,14:54:33,5.54,0.0,2,1136,卖盘
2167,14:54:39,5.54,0.0,73,40442,卖盘
2168,14:54:45,5.54,0.0,32,17728,卖盘
2169,14:55:00,5.54,0.0,96,53184,卖盘
2170,14:55:04,5.55,0.01,200,111000,买盘
2171,14:55:06,5.54,-0.01,104,57710,卖盘
2172,14:55:09,5.54,0.0,52,28808,卖盘
2173,14:55:13,5.54,0.0,20,11080,卖盘
2174,14:55:30,5.54,0.0,1,554,卖盘
2175,14:55:36,5.54,0.0,60,33240,卖盘
2176,14:55:51,5.54,0.0,16,8864,卖盘
2177,14:55:57,5.54,0.0,107,59278,卖盘
2178,14:56:04,5.55,0.01,3,1665,买盘
2179,14:56:18,5.55,0.0,2,1109,买盘
2180,14:56:24,5.55,0.0,4,2220,买盘
2181,14:56:33,5.55,0.0,5,2775,买盘
2182,14:56:46,5.54,-0.01,9,4986,卖盘
2183,14:56:57,5.55,0.01,18,9990,买盘
2184,15:00:04,5.54,-0.01,700,387772,卖盘
