,time,price,change,volume,amount,type
0,09:25:04,5.51,-0.03,141,78033,卖盘
1,09:30:04,5.5,-0.01,426,234851,卖盘
2,09:30:06,5.5,0.0,133,72899,卖盘
3,09:30:09,5.5,0.0,149,81697,买盘
4,09:30:12,5.49,-0.01,5,2745,卖盘
5,09:30:18,5.49,0.0,3,1647,卖盘
6,09:30:21,5.49,0.0,5,2745,卖盘
7,09:30:24,5.49,0.0,3,1647,买盘
8,09:30:27,5.49,0.0,20,10964,买盘
9,09:30:30,5.49,0.0,3,1647,买盘
10,09:30:33,5.49,0.0,7,3843,买盘
11,09:30:39,5.5,0.01,6,3296,买盘
12,09:30:42,5.5,0.0,10,5497,买盘
13,09:30:46,5.48,-0.02,170,93363,卖盘
14,09:30:48,5.49,0.01,19,10431,买盘
15,09:30:55,5.49,0.0,2,1098,卖盘
16,09:30:57,5.49,0.0,6,3294,卖盘
17,09:31:00,5.48,-0.01,27,14821,卖盘
18,09:31:03,5.48,0.0,194,106338,卖盘
19,09:31:06,5.48,0.0,162,88776,卖盘
20,09:31:10,5.47,-0.01,85,46555,卖盘
21,09:31:12,5.48,0.01,7,3835,买盘
22,09:31:15,5.49,0.01,12,6581,买盘
23,09:31:18,5.48,-0.01,16,8768,卖盘
24,09:31:30,5.49,0.01,36,19752,买盘
25,09:31:36,5.49,0.0,41,22488,买盘
26,09:31:39,5.48,-0.01,28,15371,卖盘
27,09:31:42,5.49,0.01,99,54274,买盘
28,09:31:45,5.48,-0.01,36,19763,卖盘
29,09:31:48,5.48,0.0,12,6578,卖盘
30,09:31:51,5.48,0.0,8,4384,卖盘
31,09:32:00,5.48,0.0,15,8220,卖盘
32,09:32:04,5.48,0.0,156,85488,卖盘
33,09:32:06,5.48,0.0,71,38908,卖盘
34,09:32:09,5.48,0.0,410,224680,卖盘
35,09:32:12,5.47,-0.01,110,60200,卖盘
36,09:32:15,5.47,0.0,11,6027,卖盘
37,09:32:18,5.47,0.0,65,35555,卖盘
38,09:32:21,5.47,0.0,45,24615,卖盘
39,09:32:24,5.47,0.0,161,88117,卖盘
40,09:32:27,5.47,0.0,6,3282,卖盘
41,09:32:31,5.47,0.0,12,6564,卖盘
42,09:32:33,5.47,0.0,981,536607,卖盘
43,09:32:36,5.47,0.0,30,16401,买盘
44,09:32:39,5.46,-0.01,11,6007,卖盘
45,09:32:42,5.47,0.01,109,59545,买盘
46,09:32:45,5.47,0.0,2164,1181699,买盘
47,09:32:48,5.47,0.0,149,81473,买盘
48,09:32:51,5.47,0.0,10,5470,买盘
49,09:32:54,5.47,0.0,43,23521,买盘
50,09:32:57,5.47,0.0,4,2188,卖盘
51,09:33:04,5.47,0.0,169,92443,卖盘
52,09:33:06,5.47,0.0,32,17510,卖盘
53,09:33:12,5.47,0.0,50,27350,卖盘
54,09:33:16,5.48,0.01,1,548,买盘
55,09:33:19,5.48,0.0,10,5480,买盘
56,09:33:21,5.47,-0.01,9,4923,卖盘
57,09:33:24,5.48,0.01,165,90406,买盘
58,09:33:27,5.48,0.0,1,548,买盘
59,09:33:30,5.47,-0.01,1,547,卖盘
60,09:33:33,5.48,0.01,7,3836,买盘
61,09:33:37,5.47,-0.01,14,7658,卖盘
62,09:33:39,5.48,0.01,145,79316,买盘
63,09:33:42,5.48,0.0,28,15443,买盘
64,09:33:48,5.46,-0.02,312,170511,卖盘
65,09:33:54,5.46,0.0,42,22942,卖盘
66,09:33:57,5.46,0.0,12,6552,卖盘
67,09:34:00,5.47,0.01,55,30067,买盘
68,09:34:03,5.47,0.0,75,40975,买盘
69,09:34:07,5.47,0.0,50,27335,买盘
70,09:34:09,5.47,0.0,107,58429,买盘
71,09:34:12,5.47,0.0,292,159724,买盘
72,09:34:15,5.47,0.0,36,19692,买盘
73,09:34:21,5.46,-0.01,124,67757,卖盘
74,09:34:27,5.46,0.0,8,4369,卖盘
75,09:34:30,5.46,0.0,363,198288,卖盘
76,09:34:33,5.46,0.0,37,20223,卖盘
77,09:34:36,5.46,0.0,22,12012,卖盘
78,09:34:39,5.46,0.0,161,87906,卖盘
79,09:34:43,5.46,0.0,1,546,卖盘
80,09:34:46,5.47,0.01,103,56329,买盘
81,09:34:48,5.46,-0.01,28,15313,卖盘
82,09:34:51,5.46,0.0,17,9282,卖盘
83,09:34:54,5.46,0.0,4,2184,卖盘
84,09:34:57,5.46,0.0,98,53508,卖盘
85,09:35:00,5.46,0.0,6,3276,卖盘
86,09:35:03,5.46,0.0,10,5460,卖盘
87,09:35:06,5.46,0.0,24,13106,卖盘
88,09:35:09,5.46,0.0,222,121212,卖盘
89,09:35:12,5.46,0.0,308,168168,卖盘
90,09:35:15,5.46,0.0,481,262147,买盘
91,09:35:18,5.45,-0.01,229,124805,卖盘
92,09:35:21,5.45,0.0,787,429387,卖盘
93,09:35:24,5.45,0.0,151,82295,卖盘
94,09:35:27,5.45,0.0,276,150420,卖盘
95,09:35:30,5.45,0.0,51,27795,卖盘
96,09:35:33,5.44,-0.01,181,98611,卖盘
97,09:35:37,5.44,0.0,4,2176,卖盘
98,09:35:39,5.44,0.0,150,81600,卖盘
99,09:35:42,5.44,0.0,107,58208,卖盘
100,09:35:48,5.44,0.0,3,1632,买盘
101,09:35:51,5.43,-0.01,153,83084,卖盘
102,09:35:55,5.43,0.0,2,1086,卖盘
103,09:36:01,5.43,0.0,56,30414,卖盘
104,09:36:03,5.43,0.0,17,9231,卖盘
105,09:36:06,5.44,0.01,30,16292,买盘
106,09:36:10,5.44,0.0,82,44604,买盘
107,09:36:12,5.43,-0.01,82,44549,卖盘
108,09:36:18,5.44,0.01,95,52039,买盘
109,09:36:21,5.45,0.01,5,2725,买盘
110,09:36:24,5.45,0.0,24,13080,买盘
111,09:36:27,5.45,0.0,337,183465,买盘
112,09:36:30,5.45,0.0,57,31065,买盘
113,09:36:33,5.45,0.0,1,545,中性盘
114,09:36:37,5.45,0.0,14,7630,卖盘
115,09:36:39,5.44,-0.01,160,87091,卖盘
116,09:36:42,5.45,0.01,14,7634,中性盘
117,09:36:48,5.44,-0.01,51,27757,卖盘
118,09:36:51,5.44,0.0,66,35904,买盘
119,09:36:54,5.45,0.01,15,8175,买盘
120,09:37:03,5.45,0.0,64,34877,买盘
121,09:37:06,5.45,0.0,378,205744,买盘
122,09:37:09,5.44,-0.01,85,46301,卖盘
123,09:37:13,5.44,0.0,47,25570,卖盘
124,09:37:18,5.45,0.01,194,105730,买盘
125,09:37:21,5.45,0.0,22,11990,中性盘
126,09:37:24,5.45,0.0,12,6540,卖盘
127,09:37:27,5.45,0.0,29,15805,卖盘
128,09:37:30,5.45,0.0,15,8175,卖盘
129,09:37:34,5.45,0.0,4,2180,卖盘
130,09:37:37,5.45,0.0,73,39785,卖盘
131,09:37:39,5.44,-0.01,144,78435,卖盘
132,09:37:42,5.45,0.01,18,9814,买盘
133,09:37:45,5.44,-0.01,100,54409,卖盘
134,09:37:48,5.44,0.0,40,21762,卖盘
135,09:37:51,5.46,0.02,1,546,买盘
136,09:38:04,5.45,-0.01,6,3270,卖盘
137,09:38:06,5.46,0.01,16,8726,买盘
138,09:38:09,5.45,-0.01,13,7085,卖盘
139,09:38:12,5.45,0.0,24,13080,卖盘
140,09:38:16,5.45,0.0,28,15260,卖盘
141,09:38:18,5.45,0.0,16,8720,卖盘
142,09:38:22,5.45,0.0,86,46940,卖盘
143,09:38:24,5.45,0.0,37,20165,卖盘
144,09:38:33,5.45,0.0,42,22890,卖盘
145,09:38:36,5.45,0.0,11,5997,卖盘
146,09:38:40,5.45,0.0,166,90472,卖盘
147,09:38:45,5.45,0.0,65,35425,卖盘
148,09:38:48,5.46,0.01,1,546,买盘
149,09:38:57,5.45,-0.01,100,54500,卖盘
150,09:39:00,5.45,0.0,7,3815,卖盘
151,09:39:03,5.45,0.0,18,9810,卖盘
152,09:39:06,5.45,0.0,4,2182,卖盘
153,09:39:09,5.45,0.0,19,10355,卖盘
154,09:39:12,5.45,0.0,14,7630,卖盘
155,09:39:18,5.45,0.0,50,27250,卖盘
156,09:39:36,5.45,0.0,5,2725,卖盘
157,09:39:39,5.45,0.0,144,78480,卖盘
158,09:39:43,5.45,0.0,29,15805,卖盘
159,09:39:46,5.45,0.0,3,1635,卖盘
160,09:39:48,5.46,0.01,1,546,买盘
161,09:39:54,5.45,-0.01,36,19620,卖盘
162,09:39:57,5.46,0.01,5,2730,买盘
163,09:40:06,5.45,-0.01,19,10358,卖盘
164,09:40:09,5.45,0.0,34,18540,卖盘
165,09:40:13,5.45,0.0,2,1090,卖盘
166,09:40:22,5.45,0.0,3,1635,卖盘
167,09:40:24,5.46,0.01,17,9275,买盘
168,09:40:27,5.46,0.0,32,17472,买盘
169,09:40:36,5.45,-0.01,19,10355,卖盘
170,09:40:39,5.45,0.0,150,81750,卖盘
171,09:40:43,5.45,0.0,5,2726,卖盘
172,09:40:45,5.45,0.0,18,9810,卖盘
173,09:40:48,5.46,0.01,41,22386,买盘
174,09:40:51,5.45,-0.01,6,3270,卖盘
175,09:40:54,5.46,0.01,100,54600,买盘
176,09:40:58,5.45,-0.01,30,16350,卖盘
177,09:41:00,5.45,0.0,2,1090,卖盘
178,09:41:04,5.45,0.0,8,4360,卖盘
179,09:41:06,5.46,0.01,292,159432,买盘
180,09:41:09,5.45,-0.01,19,10364,卖盘
181,09:41:12,5.45,0.0,23,12539,卖盘
182,09:41:16,5.45,0.0,10,5450,卖盘
183,09:41:21,5.45,0.0,29,15805,卖盘
184,09:41:25,5.46,0.01,17,9282,买盘
185,09:41:27,5.45,-0.01,10,5450,卖盘
186,09:41:30,5.45,0.0,68,37117,卖盘
187,09:41:33,5.46,0.01,2,1092,中性盘
188,09:41:36,5.46,0.0,4,2184,卖盘
189,09:41:39,5.45,-0.01,150,81787,卖盘
190,09:41:42,5.45,0.0,10,5452,卖盘
191,09:41:48,5.46,0.01,97,52962,买盘
192,09:41:51,5.45,-0.01,8,4364,卖盘
193,09:42:00,5.46,0.01,17,9282,中性盘
194,09:42:03,5.46,0.0,2,1092,卖盘
195,09:42:06,5.47,0.01,2,1094,买盘
196,09:42:09,5.46,-0.01,27,14742,卖盘
197,09:42:12,5.45,-0.01,24,13088,卖盘
198,09:42:27,5.45,0.0,8,4360,卖盘
199,09:42:39,5.45,0.0,170,92651,卖盘
200,09:42:42,5.47,0.02,1,547,买盘
201,09:42:45,5.45,-0.02,15,8175,卖盘
202,09:42:48,5.46,0.01,39,21294,买盘
203,09:42:54,5.46,0.0,1,546,买盘
204,09:42:57,5.46,0.0,10,5460,买盘
205,09:43:04,5.46,0.0,1,546,买盘
206,09:43:06,5.46,0.0,14,7632,买盘
207,09:43:09,5.46,0.0,17,9270,买盘
208,09:43:12,5.45,-0.01,25,13646,卖盘
209,09:43:15,5.45,0.0,3,1635,卖盘
210,09:43:18,5.46,0.01,69,37674,买盘
211,09:43:24,5.46,0.0,7,3822,卖盘
212,09:43:27,5.46,0.0,89,48594,卖盘
213,09:43:30,5.45,-0.01,11,5995,卖盘
214,09:43:39,5.45,0.0,144,78480,卖盘
215,09:43:42,5.46,0.01,1,546,买盘
216,09:43:45,5.46,0.0,33,18018,买盘
217,09:43:48,5.46,0.0,25,13650,买盘
218,09:43:57,5.46,0.0,1,546,买盘
219,09:44:00,5.46,0.0,4,2182,买盘
220,09:44:04,5.45,-0.01,16,8731,卖盘
221,09:44:06,5.46,0.01,15,8190,买盘
222,09:44:09,5.45,-0.01,10,5450,卖盘
223,09:44:12,5.46,0.01,44,24024,买盘
224,09:44:15,5.46,0.0,5,2730,卖盘
225,09:44:18,5.46,0.0,17,9282,卖盘
226,09:44:21,5.46,0.0,4,2184,卖盘
227,09:44:30,5.46,0.0,2,1092,卖盘
228,09:44:36,5.46,0.0,6,3278,卖盘
229,09:44:39,5.46,0.0,150,81900,卖盘
230,09:44:42,5.46,0.0,13,7099,卖盘
231,09:44:46,5.46,0.0,11,6006,卖盘
232,09:44:51,5.47,0.01,21,11484,买盘
233,09:44:57,5.46,-0.01,595,324870,卖盘
234,09:45:03,5.46,0.0,4,2184,卖盘
235,09:45:06,5.46,0.0,8,4370,卖盘
236,09:45:10,5.46,0.0,14,7644,卖盘
237,09:45:12,5.46,0.0,11,6006,卖盘
238,09:45:16,5.46,0.0,52,28392,卖盘
239,09:45:18,5.47,0.01,130,71110,买盘
240,09:45:24,5.46,-0.01,18,9828,卖盘
241,09:45:27,5.46,0.0,6,3276,卖盘
242,09:45:33,5.46,0.0,9,4914,卖盘
243,09:45:37,5.46,0.0,206,112476,卖盘
244,09:45:40,5.45,-0.01,146,79587,卖盘
245,09:45:43,5.46,0.01,14,7644,中性盘
246,09:45:45,5.46,0.0,45,24570,卖盘
247,09:45:51,5.46,0.0,11,6006,卖盘
248,09:45:58,5.46,0.0,88,48048,卖盘
249,09:46:06,5.47,0.01,19,10378,买盘
250,09:46:09,5.46,-0.01,5,2730,卖盘
251,09:46:15,5.46,0.0,30,16380,卖盘
252,09:46:21,5.47,0.01,10,5470,买盘
253,09:46:33,5.46,-0.01,14,7644,卖盘
254,09:46:36,5.46,0.0,4,2184,卖盘
255,09:46:39,5.46,0.0,177,96656,卖盘
256,09:46:42,5.46,0.0,3,1638,卖盘
257,09:46:45,5.46,0.0,11,6006,卖盘
258,09:46:51,5.47,0.01,66,36082,买盘
259,09:46:57,5.47,0.0,31,16957,买盘
260,09:47:00,5.46,-0.01,8,4368,卖盘
261,09:47:06,5.47,0.01,40,21842,买盘
262,09:47:09,5.47,0.0,17,9299,买盘
263,09:47:12,5.46,-0.01,11,6006,卖盘
264,09:47:21,5.47,0.01,29,15863,买盘
265,09:47:30,5.46,-0.01,3,1639,卖盘
266,09:47:33,5.47,0.01,12,6557,买盘
267,09:47:37,5.46,-0.01,4,2184,卖盘
268,09:47:39,5.46,0.0,159,86814,卖盘
269,09:47:42,5.46,0.0,2,1092,卖盘
270,09:47:45,5.47,0.01,30,16400,买盘
271,09:47:51,5.47,0.0,31,16957,买盘
272,09:47:55,5.46,-0.01,11,6006,卖盘
273,09:47:57,5.47,0.01,37,20239,买盘
274,09:48:06,5.47,0.0,107,58522,买盘
275,09:48:09,5.47,0.0,92,50324,买盘
276,09:48:12,5.46,-0.01,75,40965,卖盘
277,09:48:15,5.47,0.01,21,11487,买盘
278,09:48:30,5.48,0.01,30,16424,买盘
279,09:48:33,5.47,-0.01,53,29043,卖盘
280,09:48:36,5.47,0.0,53,28991,卖盘
281,09:48:40,5.46,-0.01,145,79256,卖盘
282,09:48:48,5.48,0.02,7,3836,买盘
283,09:48:51,5.48,0.0,31,16988,买盘
284,09:48:57,5.47,-0.01,13,7111,卖盘
285,09:49:04,5.48,0.01,1,548,买盘
286,09:49:06,5.47,-0.01,28,15341,卖盘
287,09:49:09,5.47,0.0,15,8208,卖盘
288,09:49:12,5.47,0.0,15,8205,卖盘
289,09:49:27,5.48,0.01,100,54800,买盘
290,09:49:30,5.47,-0.01,6,3282,卖盘
291,09:49:34,5.47,0.0,10,5470,卖盘
292,09:49:36,5.47,0.0,19,10393,卖盘
293,09:49:39,5.47,0.0,177,96837,卖盘
294,09:49:54,5.48,0.01,32,17536,买盘
295,09:50:00,5.47,-0.01,10,5470,卖盘
296,09:50:03,5.47,0.0,12,6564,卖盘
297,09:50:09,5.47,0.0,18,9848,卖盘
298,09:50:18,5.47,0.0,4,2188,卖盘
299,09:50:31,5.47,0.0,6,3282,卖盘
300,09:50:33,5.47,0.0,21,11487,卖盘
301,09:50:36,5.47,0.0,41,22427,卖盘
302,09:50:39,5.47,0.0,159,86981,卖盘
303,09:50:42,5.47,0.0,1,547,卖盘
304,09:50:48,5.47,0.0,13,7111,卖盘
305,09:50:52,5.48,0.01,31,16988,买盘
306,09:50:57,5.47,-0.01,12,6564,卖盘
307,09:51:00,5.47,0.0,4,2188,卖盘
308,09:51:04,5.47,0.0,20,10940,卖盘
309,09:51:06,5.47,0.0,16,8752,卖盘
310,09:51:09,5.48,0.01,102,55896,买盘
311,09:51:24,5.47,-0.01,41,22464,卖盘
312,09:51:27,5.47,0.0,13,7111,卖盘
313,09:51:30,5.47,0.0,2,1094,卖盘
314,09:51:33,5.47,0.0,28,15316,卖盘
315,09:51:39,5.47,0.0,144,78768,卖盘
316,09:51:42,5.48,0.01,24,13152,买盘
317,09:51:48,5.48,0.0,1,548,卖盘
318,09:51:51,5.48,0.0,1,548,卖盘
319,09:51:54,5.49,0.01,33,18115,买盘
320,09:52:01,5.48,-0.01,30,16440,卖盘
321,09:52:04,5.49,0.01,78,42745,买盘
322,09:52:06,5.49,0.0,1,549,买盘
323,09:52:09,5.48,-0.01,5,2742,卖盘
324,09:52:21,5.48,0.0,10,5480,买盘
325,09:52:25,5.47,-0.01,57,31179,卖盘
326,09:52:33,5.47,0.0,13,7111,卖盘
327,09:52:36,5.47,0.0,9,4923,卖盘
328,09:52:39,5.47,0.0,145,79315,卖盘
329,09:52:48,5.47,0.0,4,2188,卖盘
330,09:52:55,5.48,0.01,31,16988,买盘
331,09:52:57,5.47,-0.01,12,6564,卖盘
332,09:53:00,5.47,0.0,12,6564,卖盘
333,09:53:04,5.47,0.0,8,4376,卖盘
334,09:53:06,5.47,0.0,12,6564,卖盘
335,09:53:09,5.48,0.01,5,2740,买盘
336,09:53:18,5.47,-0.01,12,6564,卖盘
337,09:53:21,5.47,0.0,83,45451,卖盘
338,09:53:24,5.47,0.0,6,3282,卖盘
339,09:53:27,5.48,0.01,206,112888,买盘
340,09:53:30,5.47,-0.01,130,71214,卖盘
341,09:53:33,5.47,0.0,12,6565,卖盘
342,09:53:40,5.46,-0.01,144,78734,卖盘
343,09:53:45,5.47,0.01,26,14222,卖盘
344,09:53:48,5.47,0.0,1,547,卖盘
345,09:53:54,5.47,0.0,31,16957,买盘
346,09:53:57,5.47,0.0,4,2188,买盘
347,09:54:00,5.47,0.0,28,15316,卖盘
348,09:54:06,5.47,0.0,99,54153,买盘
349,09:54:21,5.47,0.0,6,3282,卖盘
350,09:54:27,5.47,0.0,25,13675,卖盘
351,09:54:30,5.47,0.0,8,4376,卖盘
352,09:54:33,5.47,0.0,32,17524,卖盘
353,09:54:40,5.47,0.0,145,79315,卖盘
354,09:54:48,5.47,0.0,2,1094,卖盘
355,09:54:51,5.48,0.01,31,16988,买盘
356,09:54:58,5.47,-0.01,16,8752,卖盘
357,09:55:00,5.47,0.0,21,11487,卖盘
358,09:55:04,5.48,0.01,1,548,买盘
359,09:55:06,5.47,-0.01,13,7111,卖盘
360,09:55:12,5.47,0.0,100,54700,卖盘
361,09:55:24,5.48,0.01,5,2736,买盘
362,09:55:27,5.47,-0.01,13,7111,卖盘
363,09:55:31,5.47,0.0,11,6017,卖盘
364,09:55:33,5.47,0.0,2,1094,卖盘
365,09:55:39,5.47,0.0,144,78768,卖盘
366,09:55:45,5.47,0.0,34,18628,卖盘
367,09:55:48,5.48,0.01,239,130972,买盘
368,09:55:51,5.48,0.0,1,548,卖盘
369,09:55:54,5.49,0.01,42,23048,买盘
370,09:55:57,5.48,-0.01,4,2192,卖盘
371,09:56:01,5.48,0.0,12,6576,卖盘
372,09:56:09,5.48,0.0,2,1096,卖盘
373,09:56:12,5.49,0.01,7,3843,买盘
374,09:56:24,5.48,-0.01,11,6028,卖盘
375,09:56:30,5.48,0.0,13,7124,卖盘
376,09:56:36,5.49,0.01,1,549,买盘
377,09:56:40,5.48,-0.01,146,80009,卖盘
378,09:56:42,5.48,0.0,110,60280,卖盘
379,09:56:46,5.48,0.0,15,8220,买盘
380,09:56:48,5.47,-0.01,2,1094,卖盘
381,09:56:54,5.48,0.01,31,16988,买盘
382,09:57:09,5.48,0.0,113,61924,买盘
383,09:57:12,5.48,0.0,35,19167,买盘
384,09:57:22,5.48,0.0,25,13700,买盘
385,09:57:39,5.48,0.0,144,78912,卖盘
386,09:57:42,5.48,0.0,23,12604,卖盘
387,09:57:48,5.47,-0.01,1,547,卖盘
388,09:57:51,5.47,0.0,13,7111,卖盘
389,09:57:54,5.48,0.01,31,16988,买盘
390,09:57:57,5.47,-0.01,6,3282,卖盘
391,09:58:06,5.48,0.01,1,548,买盘
392,09:58:33,5.47,-0.01,15,8205,卖盘
393,09:58:37,5.48,0.01,116,63568,买盘
394,09:58:48,5.47,-0.01,1,547,卖盘
395,09:58:51,5.48,0.01,31,16988,买盘
396,09:58:54,5.48,0.0,15,8220,买盘
397,09:59:09,5.47,-0.01,510,278970,卖盘
398,09:59:12,5.48,0.01,1,548,买盘
399,09:59:18,5.47,-0.01,8,4376,卖盘
400,09:59:21,5.47,0.0,8,4376,卖盘
401,09:59:24,5.46,-0.01,7,3827,卖盘
402,09:59:28,5.48,0.02,1,548,买盘
403,09:59:48,5.47,-0.01,2,1094,卖盘
404,09:59:55,5.46,-0.01,60,32850,卖盘
405,09:59:57,5.47,0.01,100,54700,买盘
406,10:00:09,5.46,-0.01,23,12558,卖盘
407,10:00:24,5.47,0.01,98,53606,买盘
408,10:00:27,5.47,0.0,52,28439,买盘
409,10:00:39,5.46,-0.01,144,78624,卖盘
410,10:00:42,5.47,0.01,100,54700,买盘
411,10:00:45,5.47,0.0,51,27897,买盘
412,10:00:48,5.46,-0.01,2,1093,卖盘
413,10:00:51,5.47,0.01,48,26256,买盘
414,10:00:57,5.47,0.0,15,8205,买盘
415,10:01:01,5.47,0.0,140,76580,买盘
416,10:01:04,5.47,0.0,3,1641,买盘
417,10:01:07,5.47,0.0,2,1094,买盘
418,10:01:09,5.47,0.0,47,25709,买盘
419,10:01:39,5.47,0.0,145,79315,卖盘
420,10:01:45,5.48,0.01,14,7672,买盘
421,10:01:49,5.47,-0.01,2,1094,卖盘
422,10:01:55,5.48,0.01,4,2192,买盘
423,10:02:04,5.47,-0.01,30,16410,卖盘
424,10:02:18,5.48,0.01,500,274000,买盘
425,10:02:21,5.48,0.0,320,175360,买盘
426,10:02:24,5.48,0.0,1,548,买盘
427,10:02:28,5.48,0.0,6,3288,买盘
428,10:02:31,5.48,0.0,1,548,买盘
429,10:02:33,5.49,0.01,17,9332,买盘
430,10:02:39,5.47,-0.02,144,78783,卖盘
431,10:02:42,5.49,0.02,3,1647,买盘
432,10:02:48,5.47,-0.02,1,547,卖盘
433,10:02:54,5.47,0.0,1,547,卖盘
434,10:03:00,5.47,0.0,8,4376,卖盘
435,10:03:04,5.49,0.02,4,2196,买盘
436,10:03:15,5.47,-0.02,6,3282,卖盘
437,10:03:27,5.49,0.02,10,5490,买盘
438,10:03:33,5.47,-0.02,500,273504,卖盘
439,10:03:39,5.47,0.0,145,79315,卖盘
440,10:03:42,5.49,0.02,17,9333,买盘
441,10:03:51,5.47,-0.02,2,1094,卖盘
442,10:03:54,5.47,0.0,1,547,卖盘
443,10:04:04,5.48,0.01,10,5480,卖盘
444,10:04:09,5.48,0.0,7,3836,买盘
445,10:04:24,5.47,-0.01,1104,604618,卖盘
446,10:04:36,5.47,0.0,4,2188,卖盘
447,10:04:40,5.47,0.0,144,78768,卖盘
448,10:04:48,5.47,0.0,1,547,卖盘
449,10:05:04,5.48,0.01,5,2740,买盘
450,10:05:12,5.48,0.0,1,548,买盘
451,10:05:18,5.47,-0.01,100,54700,卖盘
452,10:05:39,5.47,0.0,145,79315,卖盘
453,10:05:42,5.47,0.0,343,187625,卖盘
454,10:05:45,5.47,0.0,134,73298,卖盘
455,10:05:48,5.47,0.0,151,82597,卖盘
456,10:05:51,5.47,0.0,18,9846,卖盘
457,10:05:54,5.47,0.0,28,15316,卖盘
458,10:05:57,5.47,0.0,24,13128,卖盘
459,10:06:36,5.47,0.0,16,8752,买盘
460,10:06:39,5.46,-0.01,144,78624,卖盘
461,10:06:51,5.46,0.0,2,1092,卖盘
462,10:06:54,5.46,0.0,40,21840,卖盘
463,10:06:57,5.47,0.01,5,2735,买盘
464,10:07:15,5.47,0.0,10,5470,买盘
465,10:07:21,5.47,0.0,63,34461,买盘
466,10:07:27,5.47,0.0,1,547,买盘
467,10:07:39,5.46,-0.01,253,138238,卖盘
468,10:07:46,5.47,0.01,10,5470,买盘
469,10:07:51,5.46,-0.01,1,546,卖盘
470,10:08:18,5.47,0.01,16,8752,买盘
471,10:08:37,5.47,0.0,20,10940,买盘
472,10:08:39,5.46,-0.01,144,78624,卖盘
473,10:08:48,5.46,0.0,2,1092,卖盘
474,10:08:55,5.46,0.0,1000,546000,卖盘
475,10:09:28,5.46,0.0,107,58422,卖盘
476,10:09:36,5.46,0.0,2,1092,买盘
477,10:09:39,5.45,-0.01,145,79025,卖盘
478,10:09:42,5.46,0.01,50,27300,买盘
479,10:09:45,5.46,0.0,1,546,买盘
480,10:09:48,5.45,-0.01,1,545,卖盘
481,10:09:51,5.46,0.01,25,13650,买盘
482,10:10:00,5.45,-0.01,164,89380,卖盘
483,10:10:09,5.45,0.0,100,54500,卖盘
484,10:10:12,5.45,0.0,11,5995,卖盘
485,10:10:16,5.45,0.0,3,1635,卖盘
486,10:10:18,5.45,0.0,37,20201,卖盘
487,10:10:33,5.45,0.0,155,84475,卖盘
488,10:10:39,5.45,0.0,144,78480,卖盘
489,10:10:49,5.45,0.0,1,545,卖盘
490,10:11:00,5.45,0.0,25,13625,卖盘
491,10:11:12,5.46,0.01,50,27300,买盘
492,10:11:15,5.45,-0.01,27,14715,卖盘
493,10:11:18,5.45,0.0,8,4360,卖盘
494,10:11:21,5.45,0.0,20,10900,卖盘
495,10:11:24,5.46,0.01,1183,644918,买盘
496,10:11:30,5.44,-0.02,1201,653348,卖盘
497,10:11:39,5.44,0.0,199,108256,卖盘
498,10:11:48,5.44,0.0,2,1088,卖盘
499,10:11:57,5.44,0.0,4,2176,卖盘
500,10:12:06,5.45,0.01,41,22345,买盘
501,10:12:09,5.44,-0.01,13,7081,卖盘
502,10:12:12,5.44,0.0,539,293622,卖盘
503,10:12:15,5.44,0.0,115,62234,买盘
504,10:12:21,5.46,0.02,6,3276,买盘
505,10:12:27,5.44,-0.02,3,1632,卖盘
506,10:12:33,5.44,0.0,15,8160,卖盘
507,10:12:39,5.44,0.0,144,78336,卖盘
508,10:12:48,5.44,0.0,1,544,卖盘
509,10:13:00,5.45,0.01,10,5450,买盘
510,10:13:03,5.44,-0.01,48,26112,卖盘
511,10:13:10,5.44,0.0,20,10880,卖盘
512,10:13:36,5.44,0.0,50,27200,卖盘
513,10:13:40,5.43,-0.01,145,78852,卖盘
514,10:13:43,5.44,0.01,100,54400,中性盘
515,10:13:45,5.44,0.0,23,12512,买盘
516,10:13:48,5.44,0.0,7,3808,卖盘
517,10:13:51,5.44,0.0,17,9240,买盘
518,10:14:21,5.44,0.0,1,544,卖盘
519,10:14:33,5.45,0.01,2,1090,买盘
520,10:14:39,5.44,-0.01,144,78336,卖盘
521,10:14:49,5.44,0.0,32,17439,卖盘
522,10:15:06,5.44,0.0,5,2720,卖盘
523,10:15:13,5.45,0.01,50,27250,买盘
524,10:15:24,5.45,0.0,175,95375,买盘
525,10:15:40,5.44,-0.01,726,394944,卖盘
526,10:15:43,5.44,0.0,2,1088,买盘
527,10:15:46,5.44,0.0,43,23392,买盘
528,10:15:48,5.43,-0.01,130,70719,卖盘
529,10:15:51,5.44,0.01,95,51680,买盘
530,10:15:54,5.44,0.0,18,9792,买盘
531,10:15:57,5.44,0.0,11,5984,买盘
532,10:16:09,5.44,0.0,10,5440,买盘
533,10:16:15,5.44,0.0,26,14144,买盘
534,10:16:18,5.44,0.0,102,55488,买盘
535,10:16:21,5.44,0.0,27,14688,卖盘
536,10:16:24,5.43,-0.01,300,163110,卖盘
537,10:16:30,5.44,0.01,8,4352,卖盘
538,10:16:39,5.43,-0.01,144,78192,卖盘
539,10:16:45,5.44,0.01,24,13056,买盘
540,10:16:48,5.43,-0.01,2,1086,卖盘
541,10:16:55,5.43,0.0,487,264441,卖盘
542,10:17:00,5.43,0.0,64,34752,卖盘
543,10:17:04,5.43,0.0,31,16833,卖盘
544,10:17:25,5.44,0.01,656,356864,买盘
545,10:17:31,5.44,0.0,9,4896,买盘
546,10:17:36,5.44,0.0,32,17408,买盘
547,10:17:39,5.43,-0.01,148,80367,卖盘
548,10:17:42,5.44,0.01,23,12512,买盘
549,10:17:45,5.44,0.0,21,11424,买盘
550,10:17:48,5.44,0.0,23,12512,买盘
551,10:17:52,5.43,-0.01,231,125663,卖盘
552,10:17:54,5.44,0.01,30,16320,卖盘
553,10:18:04,5.44,0.0,184,100096,卖盘
554,10:18:15,5.44,0.0,191,103904,买盘
555,10:18:18,5.44,0.0,141,76704,买盘
556,10:18:30,5.45,0.01,1,545,买盘
557,10:18:39,5.44,-0.01,144,78336,卖盘
558,10:18:51,5.44,0.0,2,1088,卖盘
559,10:19:04,5.45,0.01,200,109000,买盘
560,10:19:09,5.45,0.0,7,3815,买盘
561,10:19:16,5.45,0.0,8,4360,卖盘
562,10:19:18,5.45,0.0,5,2725,买盘
563,10:19:21,5.45,0.0,7,3815,买盘
564,10:19:24,5.45,0.0,20,10900,卖盘
565,10:19:27,5.46,0.01,561,306117,买盘
566,10:19:31,5.46,0.0,9,4914,卖盘
567,10:19:33,5.46,0.0,246,134316,卖盘
568,10:19:39,5.44,-0.02,145,78880,卖盘
569,10:19:42,5.44,0.0,3,1632,卖盘
570,10:19:46,5.44,0.0,8,4352,卖盘
571,10:19:48,5.44,0.0,2,1088,卖盘
572,10:19:52,5.45,0.01,2,1090,买盘
573,10:20:03,5.45,0.0,18,9810,买盘
574,10:20:12,5.44,-0.01,86,46784,卖盘
575,10:20:15,5.44,0.0,10,5440,卖盘
576,10:20:21,5.44,0.0,2,1088,卖盘
577,10:20:25,5.44,0.0,56,30464,卖盘
578,10:20:30,5.43,-0.01,255,138465,卖盘
579,10:20:37,5.43,0.0,10,5430,卖盘
580,10:20:39,5.43,0.0,144,78192,卖盘
581,10:20:43,5.43,0.0,518,281274,卖盘
582,10:20:48,5.43,0.0,367,199281,卖盘
583,10:20:51,5.42,-0.01,1840,998003,卖盘
584,10:20:55,5.42,0.0,37,20054,买盘
585,10:20:57,5.42,0.0,28,15176,买盘
586,10:21:01,5.42,0.0,16,8666,买盘
587,10:21:04,5.41,-0.01,217,117397,卖盘
588,10:21:06,5.41,0.0,1,195,卖盘
589,10:21:19,5.41,0.0,28,15148,卖盘
590,10:21:24,5.41,0.0,20,10820,卖盘
591,10:21:31,5.42,0.01,35,18970,买盘
592,10:21:34,5.41,-0.01,600,324600,卖盘
593,10:21:39,5.41,0.0,145,78445,卖盘
594,10:21:42,5.42,0.01,96,52032,买盘
595,10:21:46,5.41,-0.01,140,75830,卖盘
596,10:21:48,5.41,0.0,78,42198,卖盘
597,10:21:54,5.42,0.01,10,5420,买盘
598,10:21:57,5.41,-0.01,505,273605,卖盘
599,10:22:00,5.42,0.01,1,542,买盘
600,10:22:04,5.42,0.0,20,10828,买盘
601,10:22:15,5.42,0.0,60,32520,买盘
602,10:22:18,5.41,-0.01,442,239170,卖盘
603,10:22:24,5.42,0.01,3,1626,卖盘
604,10:22:27,5.42,0.0,72,39024,卖盘
605,10:22:33,5.43,0.01,18,9774,买盘
606,10:22:36,5.43,0.0,38,20634,卖盘
607,10:22:39,5.43,0.0,145,78735,卖盘
608,10:22:43,5.43,0.0,69,37467,卖盘
609,10:22:51,5.42,-0.01,1,542,卖盘
610,10:23:21,5.43,0.01,51,27693,买盘
611,10:23:27,5.43,0.0,20,10860,卖盘
612,10:23:30,5.43,0.0,5,2715,卖盘
613,10:23:36,5.43,0.0,10,5430,卖盘
614,10:23:39,5.42,-0.01,145,78623,卖盘
615,10:23:42,5.42,0.0,27,14634,卖盘
616,10:23:48,5.42,0.0,2,1084,卖盘
617,10:24:01,5.44,0.02,28,15232,买盘
618,10:24:12,5.43,-0.01,5,2715,买盘
619,10:24:15,5.43,0.0,1,543,买盘
620,10:24:18,5.43,0.0,8,4344,卖盘
621,10:24:27,5.43,0.0,44,23892,卖盘
622,10:24:33,5.43,0.0,13,7059,买盘
623,10:24:39,5.42,-0.01,144,78130,卖盘
624,10:24:48,5.42,0.0,1,542,卖盘
625,10:24:57,5.42,0.0,334,181028,卖盘
626,10:25:00,5.42,0.0,50,27100,买盘
627,10:25:06,5.42,0.0,10,5420,买盘
628,10:25:12,5.42,0.0,104,56368,买盘
629,10:25:18,5.42,0.0,27,14634,买盘
630,10:25:24,5.42,0.0,158,85636,买盘
631,10:25:27,5.42,0.0,1197,648774,买盘
632,10:25:31,5.43,0.01,7,3801,买盘
633,10:25:33,5.43,0.0,6,3258,买盘
634,10:25:36,5.43,0.0,9,4887,买盘
635,10:25:39,5.43,0.0,16,8688,买盘
636,10:25:42,5.43,0.0,2,1086,买盘
637,10:25:45,5.43,0.0,3,1629,买盘
638,10:25:48,5.43,0.0,5,2715,买盘
639,10:25:51,5.43,0.0,4,2170,买盘
640,10:25:55,5.43,0.0,10,5426,买盘
641,10:25:57,5.43,0.0,1,543,买盘
642,10:26:00,5.43,0.0,1,543,买盘
643,10:26:04,5.43,0.0,16,8688,买盘
644,10:26:39,5.44,0.01,120,65280,买盘
645,10:26:45,5.43,-0.01,61,33178,卖盘
646,10:26:51,5.43,0.0,1,543,卖盘
647,10:26:54,5.44,0.01,28,15232,买盘
648,10:27:00,5.44,0.0,30,16320,买盘
649,10:27:15,5.44,0.0,1,544,买盘
650,10:27:18,5.44,0.0,80,43520,买盘
651,10:27:21,5.44,0.0,5,2720,买盘
652,10:27:34,5.43,-0.01,5,2715,卖盘
653,10:27:39,5.43,0.0,144,78192,卖盘
654,10:27:46,5.43,0.0,69,37467,卖盘
655,10:27:51,5.42,-0.01,1,542,卖盘
656,10:27:54,5.43,0.01,55,29865,买盘
657,10:27:57,5.43,0.0,27,14661,买盘
658,10:28:00,5.43,0.0,82,44526,买盘
659,10:28:04,5.43,0.0,8,4344,卖盘
660,10:28:06,5.43,0.0,103,55929,卖盘
661,10:28:12,5.43,0.0,50,27150,买盘
662,10:28:21,5.43,0.0,196,106428,买盘
663,10:28:27,5.43,0.0,58,31494,买盘
664,10:28:30,5.43,0.0,28,15204,买盘
665,10:28:33,5.43,0.0,65,35295,买盘
666,10:28:39,5.42,-0.01,145,78607,卖盘
667,10:28:51,5.43,0.01,2,1086,卖盘
668,10:29:00,5.43,0.0,5,2715,卖盘
669,10:29:12,5.43,0.0,73,39639,卖盘
670,10:29:42,5.42,-0.01,144,78048,卖盘
671,10:29:48,5.42,0.0,1,542,卖盘
672,10:29:57,5.43,0.01,27,14661,买盘
673,10:30:00,5.43,0.0,19,10317,买盘
674,10:30:06,5.43,0.0,174,94482,卖盘
675,10:30:18,5.42,-0.01,16,8672,卖盘
676,10:30:21,5.42,0.0,136,73724,卖盘
677,10:30:30,5.43,0.01,100,54300,买盘
678,10:30:36,5.43,0.0,2,1086,买盘
679,10:30:42,5.42,-0.01,145,78590,卖盘
680,10:30:45,5.43,0.01,105,57015,买盘
681,10:30:51,5.43,0.0,3,1627,买盘
682,10:31:01,5.43,0.0,15,8145,买盘
683,10:31:06,5.43,0.0,2,1086,买盘
684,10:31:09,5.43,0.0,6,3258,买盘
685,10:31:15,5.43,0.0,28,15204,买盘
686,10:31:18,5.43,0.0,24,13032,买盘
687,10:31:21,5.42,-0.01,6,3252,卖盘
688,10:31:37,5.43,0.01,45,24435,买盘
689,10:31:39,5.42,-0.01,145,78591,卖盘
690,10:31:48,5.42,0.0,17,9230,卖盘
691,10:32:03,5.42,0.0,14,7588,卖盘
692,10:32:09,5.43,0.01,2,1086,买盘
693,10:32:21,5.43,0.0,124,67326,买盘
694,10:32:30,5.44,0.01,1,544,买盘
695,10:32:33,5.43,-0.01,128,69504,卖盘
696,10:32:39,5.42,-0.01,260,140980,卖盘
697,10:32:42,5.43,0.01,1,543,买盘
698,10:32:48,5.43,0.0,28,15204,买盘
699,10:32:51,5.42,-0.01,1,542,卖盘
700,10:32:57,5.43,0.01,4,2172,买盘
701,10:33:00,5.43,0.0,26,14118,买盘
702,10:33:04,5.43,0.0,25,13575,买盘
703,10:33:13,5.43,0.0,1,543,买盘
704,10:33:18,5.43,0.0,23,12489,买盘
705,10:33:33,5.43,0.0,21,11403,买盘
706,10:33:39,5.42,-0.01,144,78048,卖盘
707,10:33:42,5.42,0.0,4,2169,卖盘
708,10:33:45,5.43,0.01,118,64074,买盘
709,10:33:48,5.42,-0.01,2,1084,卖盘
710,10:33:54,5.43,0.01,118,64074,买盘
711,10:34:04,5.44,0.01,5,2720,买盘
712,10:34:21,5.44,0.0,28,15232,买盘
713,10:34:27,5.44,0.0,30,16320,买盘
714,10:34:30,5.44,0.0,112,60800,买盘
715,10:34:33,5.44,0.0,16,8704,买盘
716,10:34:39,5.42,-0.02,445,241790,卖盘
717,10:34:43,5.42,0.0,4,2168,卖盘
718,10:34:51,5.42,0.0,288,156098,卖盘
719,10:34:57,5.43,0.01,71,38512,买盘
720,10:35:00,5.43,0.0,2,1086,买盘
721,10:35:30,5.43,0.0,2,1086,买盘
722,10:35:33,5.43,0.0,4,2172,买盘
723,10:35:42,5.43,0.0,148,80220,买盘
724,10:35:45,5.43,0.0,50,27150,买盘
725,10:35:51,5.43,0.0,29,15745,买盘
726,10:35:55,5.43,0.0,30,16290,买盘
727,10:36:00,5.43,0.0,1,543,买盘
728,10:36:04,5.43,0.0,1,543,买盘
729,10:36:18,5.43,0.0,1,543,买盘
730,10:36:24,5.43,0.0,1,543,买盘
731,10:36:30,5.43,0.0,1,543,买盘
732,10:36:33,5.42,-0.01,32,17345,卖盘
733,10:36:39,5.42,0.0,9,4878,卖盘
734,10:36:42,5.42,0.0,176,95392,卖盘
735,10:36:48,5.42,0.0,1,542,卖盘
736,10:36:51,5.42,0.0,7,3794,卖盘
737,10:36:54,5.42,0.0,143,77506,卖盘
738,10:37:00,5.42,0.0,53,28726,卖盘
739,10:37:04,5.41,-0.01,92,49776,卖盘
740,10:37:06,5.42,0.01,4,2168,买盘
741,10:37:10,5.42,0.0,16,8672,买盘
742,10:37:15,5.42,0.0,36,19478,买盘
743,10:37:24,5.42,0.0,4,2168,买盘
744,10:37:27,5.42,0.0,42,22729,买盘
745,10:37:36,5.41,-0.01,36,19511,卖盘
746,10:37:39,5.43,0.02,2,1086,买盘
747,10:37:42,5.41,-0.02,144,77904,卖盘
748,10:37:45,5.43,0.02,135,73051,买盘
749,10:37:48,5.41,-0.02,37,20017,卖盘
750,10:37:54,5.42,0.01,7,3794,卖盘
751,10:38:00,5.41,-0.01,36,19478,卖盘
752,10:38:10,5.41,0.0,733,396557,卖盘
753,10:38:21,5.42,0.01,82,44444,卖盘
754,10:38:33,5.43,0.01,59,32318,买盘
755,10:38:36,5.42,-0.01,6,3252,卖盘
756,10:38:39,5.41,-0.01,154,82987,卖盘
757,10:38:46,5.41,0.0,37,20017,卖盘
758,10:38:48,5.41,0.0,29,15689,卖盘
759,10:38:51,5.42,0.01,2,1084,买盘
760,10:38:54,5.41,-0.01,63,34111,卖盘
761,10:39:00,5.41,0.0,33,17853,卖盘
762,10:39:04,5.41,0.0,36,19476,卖盘
763,10:39:15,5.41,0.0,35,18935,卖盘
764,10:39:18,5.42,0.01,20,10840,买盘
765,10:39:28,5.41,-0.01,32,17312,卖盘
766,10:39:36,5.42,0.01,249,134892,买盘
767,10:39:39,5.4,-0.02,179,96819,卖盘
768,10:39:42,5.42,0.02,1,542,买盘
769,10:39:45,5.42,0.0,3,1626,买盘
770,10:39:48,5.4,-0.02,31,16740,卖盘
771,10:39:51,5.4,0.0,201,108570,卖盘
772,10:40:00,5.42,0.02,46,24854,买盘
773,10:40:04,5.42,0.0,28,15169,买盘
774,10:40:12,5.41,-0.01,31,16771,卖盘
775,10:40:15,5.41,0.0,55,29755,卖盘
776,10:40:18,5.42,0.01,43,23291,买盘
777,10:40:22,5.41,-0.01,31,16771,卖盘
778,10:40:24,5.41,0.0,28,15148,卖盘
779,10:40:33,5.41,0.0,36,19476,卖盘
780,10:40:36,5.41,0.0,96,51936,卖盘
781,10:40:40,5.4,-0.01,145,78300,卖盘
782,10:40:43,5.41,0.01,206,111446,买盘
783,10:40:46,5.41,0.0,31,16771,卖盘
784,10:40:48,5.42,0.01,7,3794,买盘
785,10:40:51,5.41,-0.01,2,1082,卖盘
786,10:40:54,5.41,0.0,31,16771,卖盘
787,10:40:57,5.42,0.01,4,2168,买盘
788,10:41:06,5.41,-0.01,35,18935,卖盘
789,10:41:12,5.42,0.01,37,20054,买盘
790,10:41:18,5.41,-0.01,34,18395,卖盘
791,10:41:21,5.42,0.01,50,27100,买盘
792,10:41:28,5.41,-0.01,73,39493,卖盘
793,10:41:33,5.41,0.0,383,207203,卖盘
794,10:41:36,5.42,0.01,7,3794,买盘
795,10:41:39,5.41,-0.01,30,16230,卖盘
796,10:41:42,5.41,0.0,199,107659,卖盘
797,10:41:49,5.42,0.01,1,542,买盘
798,10:41:52,5.4,-0.02,35,18900,卖盘
799,10:41:54,5.42,0.02,27,14634,买盘
800,10:41:57,5.41,-0.01,66,35706,卖盘
801,10:42:04,5.4,-0.01,33,17820,卖盘
802,10:42:09,5.41,0.01,4,2164,买盘
803,10:42:12,5.4,-0.01,32,17280,卖盘
804,10:42:15,5.4,0.0,17,9180,卖盘
805,10:42:18,5.41,0.01,1,541,买盘
806,10:42:24,5.4,-0.01,556,300240,卖盘
807,10:42:30,5.4,0.0,518,279720,卖盘
808,10:42:33,5.4,0.0,13,7020,卖盘
809,10:42:36,5.4,0.0,144,77760,卖盘
810,10:42:39,5.4,0.0,449,242460,卖盘
811,10:42:42,5.4,0.0,252,136080,卖盘
812,10:42:45,5.4,0.0,243,131230,卖盘
813,10:42:48,5.4,0.0,11,5940,买盘
814,10:42:51,5.39,-0.01,2,1078,卖盘
815,10:42:57,5.39,0.0,35,18865,卖盘
816,10:43:04,5.39,0.0,17,9163,卖盘
817,10:43:07,5.39,0.0,33,17787,卖盘
818,10:43:15,5.4,0.01,28,15120,买盘
819,10:43:21,5.39,-0.01,31,16709,卖盘
820,10:43:24,5.39,0.0,20,10780,卖盘
821,10:43:27,5.4,0.01,235,126900,买盘
822,10:43:30,5.4,0.0,65,35100,卖盘
823,10:43:33,5.4,0.0,60,32400,卖盘
824,10:43:42,5.39,-0.01,199,107431,卖盘
825,10:43:51,5.4,0.01,80,43200,买盘
826,10:44:03,5.4,0.0,31,16740,卖盘
827,10:44:09,5.4,0.0,10,5400,卖盘
828,10:44:15,5.4,0.0,103,55955,卖盘
829,10:44:22,5.41,0.01,106,57246,买盘
830,10:44:24,5.39,-0.02,47,25011,卖盘
831,10:44:30,5.4,0.01,4,2160,买盘
832,10:44:36,5.39,-0.01,32,17248,卖盘
833,10:44:39,5.39,0.0,145,78155,卖盘
834,10:44:42,5.4,0.01,26,14034,买盘
835,10:44:49,5.4,0.0,63,33985,买盘
836,10:44:52,5.39,-0.01,1,539,卖盘
837,10:44:58,5.39,0.0,37,19949,卖盘
838,10:45:06,5.4,0.01,5,2700,买盘
839,10:45:09,5.39,-0.01,36,19404,卖盘
840,10:45:12,5.39,0.0,9,4851,卖盘
841,10:45:15,5.4,0.01,24,12960,买盘
842,10:45:21,5.39,-0.01,30,16170,卖盘
843,10:45:24,5.4,0.01,13,7020,买盘
844,10:45:27,5.39,-0.01,12,6468,卖盘
845,10:45:33,5.39,0.0,37,19948,卖盘
846,10:45:39,5.39,0.0,144,77616,卖盘
847,10:45:43,5.4,0.01,44,23726,买盘
848,10:45:46,5.4,0.0,21,11340,买盘
849,10:45:48,5.4,0.0,59,31860,买盘
850,10:45:51,5.39,-0.01,51,27866,卖盘
851,10:46:00,5.4,0.01,3,1620,卖盘
852,10:46:03,5.41,0.01,11,5950,买盘
853,10:46:09,5.41,0.0,4,2164,买盘
854,10:46:16,5.4,-0.01,5,2700,卖盘
855,10:46:21,5.41,0.01,27,14607,买盘
856,10:46:24,5.41,0.0,6,3246,买盘
857,10:46:30,5.41,0.0,14,7566,买盘
858,10:46:36,5.41,0.0,32,17285,买盘
859,10:46:39,5.39,-0.02,145,78246,卖盘
860,10:46:51,5.39,0.0,1,539,卖盘
861,10:47:00,5.41,0.02,4,2164,买盘
862,10:47:04,5.4,-0.01,7,3780,卖盘
863,10:47:09,5.39,-0.01,34,18348,卖盘
864,10:47:21,5.4,0.01,79,42697,卖盘
865,10:47:33,5.4,0.0,55,29700,卖盘
866,10:47:39,5.4,0.0,144,77760,卖盘
867,10:47:42,5.39,-0.01,34,18350,卖盘
868,10:47:45,5.41,0.02,12,6492,买盘
869,10:47:51,5.4,-0.01,35,18900,卖盘
870,10:47:54,5.41,0.01,63,34083,买盘
871,10:48:06,5.41,0.0,41,22150,买盘
872,10:48:09,5.41,0.0,4,2164,买盘
873,10:48:12,5.4,-0.01,130,70200,卖盘
874,10:48:15,5.39,-0.01,38,20486,卖盘
875,10:48:24,5.4,0.01,380,205200,买盘
876,10:48:27,5.4,0.0,54,29178,卖盘
877,10:48:39,5.4,0.0,32,17280,卖盘
878,10:48:43,5.4,0.0,145,78300,卖盘
879,10:48:46,5.41,0.01,12,6492,买盘
880,10:48:48,5.4,-0.01,42,22692,卖盘
881,10:48:51,5.4,0.0,12,6491,卖盘
882,10:48:54,5.41,0.01,6,3246,买盘
883,10:48:57,5.4,-0.01,33,17820,卖盘
884,10:49:06,5.41,0.01,8,4328,买盘
885,10:49:09,5.4,-0.01,2,1080,卖盘
886,10:49:12,5.4,0.0,34,18360,卖盘
887,10:49:15,5.41,0.01,8,4328,买盘
888,10:49:21,5.4,-0.01,45,24309,卖盘
889,10:49:24,5.41,0.01,20,10820,买盘
890,10:49:27,5.41,0.0,4,2164,买盘
891,10:49:31,5.41,0.0,80,43280,买盘
892,10:49:34,5.41,0.0,31,16771,卖盘
893,10:49:36,5.42,0.01,28,15176,买盘
894,10:49:40,5.42,0.0,28,15160,买盘
895,10:49:43,5.4,-0.02,176,95168,卖盘
896,10:49:48,5.42,0.02,203,109986,买盘
897,10:49:51,5.41,-0.01,1,541,卖盘
898,10:49:55,5.41,0.0,35,18935,卖盘
899,10:50:00,5.41,0.0,10,5410,卖盘
900,10:50:04,5.41,0.0,33,17853,卖盘
901,10:50:15,5.41,0.0,31,16771,卖盘
902,10:50:18,5.42,0.01,28,15176,买盘
903,10:50:21,5.42,0.0,155,84113,买盘
904,10:50:24,5.41,-0.01,2,1082,卖盘
905,10:50:28,5.41,0.0,34,18394,卖盘
906,10:50:34,5.42,0.01,3,1626,买盘
907,10:50:39,5.41,-0.01,36,19476,卖盘
908,10:50:42,5.41,0.0,145,78445,卖盘
909,10:50:45,5.42,0.01,1,542,买盘
910,10:50:48,5.42,0.0,58,31405,买盘
911,10:50:51,5.41,-0.01,2,1082,卖盘
912,10:50:57,5.42,0.01,125,67750,买盘
913,10:51:01,5.42,0.0,32,17344,卖盘
914,10:51:10,5.42,0.0,93,50406,卖盘
915,10:51:12,5.41,-0.01,33,17853,卖盘
916,10:51:24,5.41,0.0,31,16771,卖盘
917,10:51:30,5.42,0.01,107,57994,买盘
918,10:51:33,5.41,-0.01,39,21138,卖盘
919,10:51:43,5.42,0.01,164,88744,买盘
920,10:51:45,5.41,-0.01,34,18394,卖盘
921,10:51:51,5.41,0.0,1,541,卖盘
922,10:51:57,5.41,0.0,36,19476,卖盘
923,10:52:06,5.41,0.0,31,16771,卖盘
924,10:52:15,5.42,0.01,27,14634,买盘
925,10:52:18,5.41,-0.01,33,17857,卖盘
926,10:52:21,5.43,0.02,27,14661,买盘
927,10:52:30,5.41,-0.02,36,19477,卖盘
928,10:52:33,5.43,0.02,5,2715,买盘
929,10:52:36,5.43,0.0,4,2172,买盘
930,10:52:42,5.43,0.0,45,24369,买盘
931,10:52:51,5.41,-0.02,33,17853,卖盘
932,10:53:00,5.41,0.0,37,20025,卖盘
933,10:53:12,5.41,0.0,34,18412,卖盘
934,10:53:15,5.41,0.0,300,162300,卖盘
935,10:53:24,5.41,0.0,34,18394,卖盘
936,10:53:33,5.41,0.0,35,18935,卖盘
937,10:53:45,5.43,0.02,28,15204,买盘
938,10:53:48,5.41,-0.02,46,24910,卖盘
939,10:53:51,5.41,0.0,1,541,卖盘
940,10:53:57,5.41,0.0,36,19476,卖盘
941,10:54:03,5.42,0.01,10,5420,中性盘
942,10:54:06,5.42,0.0,4,2168,买盘
943,10:54:09,5.42,0.0,86,46576,买盘
944,10:54:21,5.42,0.0,34,18428,卖盘
945,10:54:30,5.42,0.0,36,19512,卖盘
946,10:54:39,5.43,0.01,9,4887,买盘
947,10:54:42,5.42,-0.01,187,101366,卖盘
948,10:54:52,5.43,0.01,407,220969,买盘
949,10:54:55,5.43,0.0,32,17376,卖盘
950,10:55:04,5.42,-0.01,33,17886,卖盘
951,10:55:06,5.42,0.0,99,53658,卖盘
952,10:55:15,5.42,0.0,36,19512,卖盘
953,10:55:21,5.43,0.01,28,15204,买盘
954,10:55:24,5.41,-0.02,74,40073,卖盘
955,10:55:27,5.43,0.02,4,2172,买盘
956,10:55:36,5.42,-0.01,30,16260,卖盘
957,10:55:39,5.42,0.0,40,21680,卖盘
958,10:55:42,5.43,0.01,157,84971,买盘
959,10:55:48,5.41,-0.02,42,22727,卖盘
960,10:55:54,5.42,0.01,1,542,买盘
961,10:56:00,5.43,0.01,232,125909,买盘
962,10:56:09,5.41,-0.02,35,18935,卖盘
963,10:56:12,5.42,0.01,15,8130,买盘
964,10:56:21,5.42,0.0,10,5420,卖盘
965,10:56:31,5.43,0.01,43,23349,买盘
966,10:56:34,5.43,0.0,3,1629,买盘
967,10:56:42,5.43,0.0,156,84564,买盘
968,10:56:46,5.42,-0.01,246,133332,卖盘
969,10:56:48,5.42,0.0,5,2710,买盘
970,10:56:51,5.42,0.0,28,15175,买盘
971,10:57:42,5.42,0.0,156,84407,买盘
972,10:57:45,5.43,0.01,20,10842,买盘
973,10:57:51,5.42,-0.01,2,1084,卖盘
974,10:58:18,5.42,0.0,30,16260,卖盘
975,10:58:24,5.43,0.01,30,16290,买盘
976,10:58:42,5.41,-0.02,144,77944,卖盘
977,10:58:45,5.43,0.02,195,105885,买盘
978,10:58:52,5.41,-0.02,1,541,卖盘
979,10:58:58,5.43,0.02,4,2172,买盘
980,10:59:21,5.42,-0.01,7,3794,卖盘
981,10:59:24,5.42,0.0,1,542,卖盘
982,10:59:31,5.41,-0.01,36,19478,卖盘
983,10:59:39,5.41,0.0,35,18935,卖盘
984,10:59:42,5.41,0.0,145,78445,卖盘
985,10:59:45,5.42,0.01,22,11924,买盘
986,10:59:51,5.41,-0.01,101,54641,卖盘
987,10:59:54,5.42,0.01,170,92098,买盘
988,11:00:04,5.41,-0.01,35,18935,卖盘
989,11:00:12,5.41,0.0,60,32464,卖盘
990,11:00:21,5.41,0.0,50,27050,卖盘
991,11:00:24,5.41,0.0,35,18935,卖盘
992,11:00:36,5.41,0.0,105,56697,卖盘
993,11:00:42,5.41,0.0,156,84252,买盘
994,11:00:48,5.4,-0.01,34,18360,卖盘
995,11:00:51,5.4,0.0,2,1080,卖盘
996,11:00:54,5.4,0.0,10,5400,卖盘
997,11:00:57,5.4,0.0,34,18360,卖盘
998,11:01:10,5.4,0.0,34,18360,卖盘
999,11:01:16,5.41,0.01,28,15148,买盘
1000,11:01:21,5.4,-0.01,32,17280,卖盘
1001,11:01:33,5.4,0.0,31,16740,卖盘
1002,11:01:37,5.4,0.0,50,27000,卖盘
1003,11:01:39,5.41,0.01,4,2164,买盘
1004,11:01:42,5.4,-0.01,177,95580,卖盘
1005,11:01:45,5.41,0.01,20,10820,买盘
1006,11:01:51,5.4,-0.01,1,540,卖盘
1007,11:01:54,5.4,0.0,33,17820,卖盘
1008,11:02:00,5.41,0.01,1,649,买盘
1009,11:02:03,5.41,0.0,31,16771,卖盘
1010,11:02:06,5.41,0.0,1,433,买盘
1011,11:02:15,5.41,0.0,63,34030,买盘
1012,11:02:27,5.4,-0.01,32,17280,卖盘
1013,11:02:30,5.42,0.02,3,1626,买盘
1014,11:02:33,5.41,-0.01,1,541,卖盘
1015,11:02:39,5.4,-0.01,36,19467,卖盘
1016,11:02:42,5.41,0.01,156,84252,买盘
1017,11:02:45,5.41,0.0,20,10820,买盘
1018,11:02:48,5.41,0.0,61,32967,买盘
1019,11:02:51,5.41,0.0,29,15687,买盘
1020,11:03:00,5.4,-0.01,34,18360,卖盘
1021,11:03:09,5.4,0.0,35,18900,卖盘
1022,11:03:18,5.41,0.01,43,23263,买盘
1023,11:03:21,5.4,-0.01,32,17290,卖盘
1024,11:03:33,5.4,0.0,36,19442,卖盘
1025,11:03:39,5.41,0.01,21,11373,卖盘
1026,11:03:42,5.4,-0.01,181,97740,卖盘
1027,11:03:48,5.41,0.01,4,2164,买盘
1028,11:03:51,5.4,-0.01,1,540,卖盘
1029,11:03:54,5.4,0.0,31,16740,卖盘
1030,11:03:57,5.41,0.01,7,3787,买盘
1031,11:04:00,5.41,0.0,23,12443,卖盘
1032,11:04:03,5.41,0.0,20,10820,买盘
1033,11:04:06,5.4,-0.01,33,17820,卖盘
1034,11:04:15,5.4,0.0,36,19440,卖盘
1035,11:04:27,5.4,0.0,59,31888,卖盘
1036,11:04:33,5.41,0.01,18,9738,买盘
1037,11:04:39,5.4,-0.01,34,18360,卖盘
1038,11:04:42,5.4,0.0,204,110172,卖盘
1039,11:04:52,5.4,0.0,38,20520,卖盘
1040,11:04:57,5.41,0.01,54,29214,买盘
1041,11:05:00,5.41,0.0,19,10279,买盘
1042,11:05:04,5.4,-0.01,35,18900,卖盘
1043,11:05:12,5.4,0.0,37,19980,卖盘
1044,11:05:22,5.4,0.0,33,17820,卖盘
1045,11:05:28,5.4,0.0,78,42120,卖盘
1046,11:05:33,5.4,0.0,31,16740,卖盘
1047,11:05:39,5.41,0.01,20,10820,买盘
1048,11:05:42,5.41,0.0,157,84792,买盘
1049,11:05:45,5.4,-0.01,74,40000,卖盘
1050,11:05:51,5.4,0.0,29,15688,卖盘
1051,11:05:57,5.4,0.0,31,16740,卖盘
1052,11:06:00,5.41,0.01,51,27591,买盘
1053,11:06:10,5.4,-0.01,33,17820,卖盘
1054,11:06:15,5.41,0.01,9,4864,买盘
1055,11:06:18,5.4,-0.01,35,18900,卖盘
1056,11:06:30,5.4,0.0,32,17280,卖盘
1057,11:06:39,5.4,0.0,32,17280,卖盘
1058,11:06:42,5.41,0.01,156,84252,买盘
1059,11:06:46,5.4,-0.01,2,1080,卖盘
1060,11:06:51,5.39,-0.01,803,433587,卖盘
1061,11:06:54,5.41,0.02,16,8644,买盘
1062,11:06:57,5.4,-0.01,2,1080,买盘
1063,11:07:00,5.39,-0.01,14,7550,卖盘
1064,11:07:03,5.39,0.0,67,36113,卖盘
1065,11:07:09,5.4,0.01,39,21060,买盘
1066,11:07:12,5.4,0.0,51,27540,卖盘
1067,11:07:15,5.39,-0.01,151,81556,卖盘
1068,11:07:18,5.4,0.01,9,4859,买盘
1069,11:07:22,5.39,-0.01,958,516040,卖盘
1070,11:07:24,5.39,0.0,36,19372,买盘
1071,11:07:27,5.39,0.0,5,2695,买盘
1072,11:07:36,5.38,-0.01,33,17754,卖盘
1073,11:07:43,5.38,0.0,145,78010,卖盘
1074,11:07:45,5.38,0.0,32,17216,卖盘
1075,11:07:48,5.38,0.0,81,43578,卖盘
1076,11:07:51,5.38,0.0,2,1076,卖盘
1077,11:07:54,5.38,0.0,310,166780,卖盘
1078,11:08:01,5.38,0.0,36,19368,卖盘
1079,11:08:04,5.38,0.0,331,178078,卖盘
1080,11:08:06,5.39,0.01,3,1617,买盘
1081,11:08:10,5.38,-0.01,42,22604,卖盘
1082,11:08:12,5.39,0.01,1,539,买盘
1083,11:08:15,5.38,-0.01,13,6994,卖盘
1084,11:08:21,5.38,0.0,34,18292,卖盘
1085,11:08:30,5.38,0.0,30,16140,卖盘
1086,11:08:36,5.39,0.01,3,1617,买盘
1087,11:08:42,5.38,-0.01,147,79086,卖盘
1088,11:08:45,5.38,0.0,352,189381,卖盘
1089,11:08:48,5.38,0.0,88,47372,卖盘
1090,11:08:51,5.38,0.0,1,538,卖盘
1091,11:08:54,5.38,0.0,237,127525,卖盘
1092,11:08:57,5.39,0.01,10,5390,买盘
1093,11:09:00,5.39,0.0,9,4851,买盘
1094,11:09:04,5.38,-0.01,10,5380,卖盘
1095,11:09:24,5.38,0.0,201,108138,卖盘
1096,11:09:33,5.38,0.0,40,21520,卖盘
1097,11:09:42,5.38,0.0,145,78010,卖盘
1098,11:09:51,5.39,0.01,6,3232,买盘
1099,11:09:54,5.38,-0.01,4,2152,卖盘
1100,11:10:16,5.39,0.01,28,15092,买盘
1101,11:10:19,5.39,0.0,2,1078,买盘
1102,11:10:24,5.39,0.0,189,101691,买盘
1103,11:10:27,5.39,0.0,34,18326,买盘
1104,11:10:39,5.39,0.0,76,40964,买盘
1105,11:10:42,5.38,-0.01,166,89330,卖盘
1106,11:10:54,5.39,0.01,350,188650,买盘
1107,11:10:57,5.39,0.0,23,12396,买盘
1108,11:11:12,5.39,0.0,20,10780,买盘
1109,11:11:18,5.39,0.0,3,1617,买盘
1110,11:11:30,5.39,0.0,20,10780,买盘
1111,11:11:39,5.38,-0.01,816,439024,卖盘
1112,11:11:42,5.38,0.0,145,78010,卖盘
1113,11:11:51,5.39,0.01,31,17042,买盘
1114,11:12:04,5.39,0.0,100,53900,卖盘
1115,11:12:06,5.39,0.0,5,2699,卖盘
1116,11:12:12,5.4,0.01,18,9720,买盘
1117,11:12:39,5.4,0.0,8,4320,买盘
1118,11:12:42,5.38,-0.02,144,77556,卖盘
1119,11:12:52,5.38,0.0,2,1076,卖盘
1120,11:13:24,5.4,0.02,3,1620,买盘
1121,11:13:39,5.4,0.0,27,14580,买盘
1122,11:13:42,5.39,-0.01,145,78155,卖盘
1123,11:13:48,5.39,0.0,160,86240,卖盘
1124,11:13:51,5.39,0.0,31,16739,卖盘
1125,11:13:54,5.4,0.01,3,1620,买盘
1126,11:13:57,5.39,-0.01,198,106820,卖盘
1127,11:14:09,5.4,0.01,20,10800,买盘
1128,11:14:12,5.4,0.0,50,27000,买盘
1129,11:14:36,5.4,0.0,4,2160,买盘
1130,11:14:39,5.4,0.0,10,5400,买盘
1131,11:14:42,5.4,0.0,174,93816,买盘
1132,11:14:48,5.4,0.0,28,15120,买盘
1133,11:14:52,5.39,-0.01,35,18865,卖盘
1134,11:14:54,5.4,0.01,50,27000,买盘
1135,11:15:00,5.39,-0.01,32,17248,卖盘
1136,11:15:12,5.4,0.01,46,24804,买盘
1137,11:15:21,5.39,-0.01,160,86240,卖盘
1138,11:15:24,5.39,0.0,32,17248,卖盘
1139,11:15:27,5.39,0.0,10,5390,卖盘
1140,11:15:31,5.39,0.0,6,3234,卖盘
1141,11:15:34,5.39,0.0,39,21021,卖盘
1142,11:15:37,5.39,0.0,22,11858,卖盘
1143,11:15:40,5.39,0.0,53,28567,卖盘
1144,11:15:42,5.39,0.0,281,151459,卖盘
1145,11:15:45,5.4,0.01,99,53365,买盘
1146,11:15:48,5.39,-0.01,47,25333,卖盘
1147,11:15:51,5.38,-0.01,85,45730,卖盘
1148,11:15:54,5.38,0.0,133,71560,卖盘
1149,11:15:57,5.38,0.0,152,81776,卖盘
1150,11:16:00,5.38,0.0,128,68864,卖盘
1151,11:16:03,5.38,0.0,94,50572,卖盘
1152,11:16:06,5.38,0.0,104,55952,卖盘
1153,11:16:10,5.38,0.0,107,57566,卖盘
1154,11:16:13,5.38,0.0,22,11836,卖盘
1155,11:16:16,5.39,0.01,86,46294,买盘
1156,11:16:18,5.38,-0.01,41,22071,卖盘
1157,11:16:21,5.38,0.0,7,3432,卖盘
1158,11:16:24,5.38,0.0,1,538,买盘
1159,11:16:30,5.37,-0.01,33,17721,卖盘
1160,11:16:40,5.38,0.01,87,46806,买盘
1161,11:16:42,5.37,-0.01,180,96660,卖盘
1162,11:16:51,5.37,0.0,34,18258,卖盘
1163,11:16:54,5.38,0.01,103,55748,买盘
1164,11:17:01,5.38,0.0,34,18292,卖盘
1165,11:17:04,5.4,0.02,4,2160,买盘
1166,11:17:12,5.38,-0.02,8,4304,卖盘
1167,11:17:15,5.38,0.0,34,18292,卖盘
1168,11:17:24,5.38,0.0,35,18830,卖盘
1169,11:17:27,5.39,0.01,1,539,买盘
1170,11:17:30,5.38,-0.01,25,13450,卖盘
1171,11:17:33,5.38,0.0,36,19368,卖盘
1172,11:17:43,5.38,0.0,145,78010,卖盘
1173,11:17:49,5.38,0.0,59,31742,卖盘
1174,11:17:52,5.38,0.0,2,1076,卖盘
1175,11:17:57,5.39,0.01,28,15092,买盘
1176,11:18:00,5.38,-0.01,36,19368,卖盘
1177,11:18:06,5.38,0.0,31,16678,卖盘
1178,11:18:10,5.39,0.01,4,2156,买盘
1179,11:18:18,5.38,-0.01,32,17216,卖盘
1180,11:18:30,5.38,0.0,37,19906,卖盘
1181,11:18:33,5.38,0.0,250,134166,卖盘
1182,11:18:39,5.39,0.01,5,2695,买盘
1183,11:18:42,5.37,-0.02,178,95607,卖盘
1184,11:18:51,5.37,0.0,36,19332,卖盘
1185,11:19:03,5.37,0.0,36,19334,卖盘
1186,11:19:06,5.37,0.0,1,537,卖盘
1187,11:19:09,5.37,0.0,3,1611,卖盘
1188,11:19:16,5.38,0.01,35,18830,卖盘
1189,11:19:18,5.39,0.01,3,1617,买盘
1190,11:19:21,5.38,-0.01,10,5380,卖盘
1191,11:19:24,5.37,-0.01,34,18277,卖盘
1192,11:19:30,5.39,0.02,27,14553,买盘
1193,11:19:36,5.38,-0.01,33,17754,卖盘
1194,11:19:48,5.38,0.0,31,16678,卖盘
1195,11:19:51,5.38,0.0,2,1076,卖盘
1196,11:20:00,5.37,-0.01,32,17212,卖盘
1197,11:20:09,5.38,0.01,36,19368,卖盘
1198,11:20:12,5.38,0.0,8,4304,卖盘
1199,11:20:21,5.37,-0.01,35,18807,卖盘
1200,11:20:30,5.37,0.0,32,17194,卖盘
1201,11:20:39,5.38,0.01,28,15084,买盘
1202,11:20:42,5.37,-0.01,32,17214,卖盘
1203,11:20:48,5.38,0.01,48,25852,卖盘
1204,11:20:52,5.37,-0.01,11,5917,卖盘
1205,11:20:55,5.37,0.0,6,3222,卖盘
1206,11:20:57,5.37,0.0,32,17184,卖盘
1207,11:21:07,5.37,0.0,30,16115,卖盘
1208,11:21:18,5.37,0.0,33,17724,卖盘
1209,11:21:27,5.38,0.01,35,18830,中性盘
1210,11:21:33,5.39,0.01,10,5390,买盘
1211,11:21:39,5.38,-0.01,36,19368,卖盘
1212,11:21:43,5.39,0.01,148,79623,买盘
1213,11:21:51,5.37,-0.02,36,19332,卖盘
1214,11:21:57,5.38,0.01,11,5918,卖盘
1215,11:22:00,5.37,-0.01,34,18278,卖盘
1216,11:22:12,5.37,0.0,35,18795,卖盘
1217,11:22:18,5.37,0.0,10,5370,卖盘
1218,11:22:24,5.39,0.02,221,119119,买盘
1219,11:22:36,5.39,0.0,55,29665,卖盘
1220,11:22:40,5.4,0.01,19,10260,买盘
1221,11:22:42,5.39,-0.01,145,78155,卖盘
1222,11:22:45,5.39,0.0,34,18326,卖盘
1223,11:22:52,5.39,0.0,2,1078,卖盘
1224,11:22:54,5.39,0.0,33,17787,卖盘
1225,11:23:04,5.4,0.01,4,2160,买盘
1226,11:23:06,5.39,-0.01,33,17787,卖盘
1227,11:23:15,5.4,0.01,164,88695,买盘
1228,11:23:18,5.4,0.0,32,17280,卖盘
1229,11:23:21,5.4,0.0,1,540,卖盘
1230,11:23:24,5.4,0.0,229,123660,卖盘
1231,11:23:27,5.4,0.0,10,5400,卖盘
1232,11:23:30,5.39,-0.01,34,18343,卖盘
1233,11:23:39,5.39,0.0,33,17787,卖盘
1234,11:23:42,5.38,-0.01,144,77579,卖盘
1235,11:23:52,5.39,0.01,20,10780,卖盘
1236,11:23:54,5.39,0.0,9,4851,买盘
1237,11:23:57,5.39,0.0,2,1078,买盘
1238,11:24:00,5.39,0.0,1,539,卖盘
1239,11:24:03,5.39,0.0,1,539,卖盘
1240,11:24:06,5.4,0.01,4,2160,买盘
1241,11:24:27,5.4,0.0,14,7560,买盘
1242,11:24:34,5.4,0.0,372,200880,卖盘
1243,11:24:42,5.38,-0.02,145,78048,卖盘
1244,11:24:45,5.41,0.03,300,162300,买盘
1245,11:24:52,5.38,-0.03,2,1077,卖盘
1246,11:25:15,5.38,0.0,7,3767,卖盘
1247,11:25:19,5.4,0.02,28,15120,买盘
1248,11:25:21,5.4,0.0,3,1620,买盘
1249,11:25:43,5.38,-0.02,144,77484,卖盘
1250,11:25:52,5.38,0.0,1,538,卖盘
1251,11:25:54,5.4,0.02,19,10260,买盘
1252,11:26:12,5.4,0.0,5,2700,卖盘
1253,11:26:33,5.4,0.0,4,2160,买盘
1254,11:26:36,5.39,-0.01,27,14553,卖盘
1255,11:26:43,5.38,-0.01,209,112442,卖盘
1256,11:26:51,5.38,0.0,2,1076,卖盘
1257,11:26:54,5.39,0.01,29,15631,买盘
1258,11:26:57,5.38,-0.01,22,11836,卖盘
1259,11:27:00,5.39,0.01,2,1078,买盘
1260,11:27:04,5.38,-0.01,111,59758,卖盘
1261,11:27:15,5.38,0.0,34,18292,卖盘
1262,11:27:18,5.38,0.0,10,5380,卖盘
1263,11:27:27,5.38,0.0,35,18830,卖盘
1264,11:27:39,5.38,0.0,34,18292,卖盘
1265,11:27:42,5.4,0.02,148,79632,买盘
1266,11:27:49,5.38,-0.02,31,16678,卖盘
1267,11:27:51,5.38,0.0,1,538,卖盘
1268,11:28:00,5.39,0.01,31,16709,卖盘
1269,11:28:09,5.39,0.0,34,18328,卖盘
1270,11:28:21,5.39,0.0,69,37219,卖盘
1271,11:28:33,5.39,0.0,37,19943,卖盘
1272,11:28:40,5.39,0.0,10,5390,卖盘
1273,11:28:42,5.39,0.0,175,94325,卖盘
1274,11:28:51,5.39,0.0,1,539,卖盘
1275,11:28:54,5.39,0.0,32,17248,卖盘
1276,11:29:00,5.4,0.01,4,2160,买盘
1277,11:29:06,5.39,-0.01,33,17787,卖盘
1278,11:29:18,5.39,0.0,34,18326,卖盘
1279,11:29:24,5.39,0.0,8,4312,卖盘
1280,11:29:30,5.39,0.0,35,18865,卖盘
1281,11:29:39,5.38,-0.01,35,18854,卖盘
1282,11:29:42,5.38,0.0,144,77472,卖盘
1283,11:29:48,5.38,0.0,36,19368,卖盘
1284,11:29:51,5.38,0.0,2,1076,卖盘
1285,11:29:57,5.4,0.02,27,14580,买盘
1286,11:30:00,5.38,-0.02,32,17216,卖盘
1287,13:00:04,5.38,0.0,55,29650,卖盘
1288,13:00:06,5.4,0.02,516,277638,买盘
1289,13:00:09,5.39,-0.01,4,2156,买盘
1290,13:00:12,5.38,-0.01,137,73706,卖盘
1291,13:00:24,5.37,-0.01,35,18807,卖盘
1292,13:00:33,5.37,0.0,31,16647,卖盘
1293,13:00:36,5.37,0.0,12,6444,卖盘
1294,13:00:42,5.37,0.0,145,77865,卖盘
1295,13:00:45,5.37,0.0,37,19869,卖盘
1296,13:00:48,5.37,0.0,300,161100,卖盘
1297,13:00:51,5.37,0.0,1,537,卖盘
1298,13:00:57,5.37,0.0,31,16647,卖盘
1299,13:01:06,5.37,0.0,34,18258,卖盘
1300,13:01:18,5.36,-0.01,661,354482,卖盘
1301,13:01:31,5.36,0.0,33,17688,卖盘
1302,13:01:33,5.37,0.01,3,1611,买盘
1303,13:01:36,5.36,-0.01,8,4288,卖盘
1304,13:01:39,5.36,0.0,34,18224,卖盘
1305,13:01:42,5.36,0.0,208,111488,卖盘
1306,13:01:51,5.36,0.0,39,20904,卖盘
1307,13:01:57,5.37,0.01,1,537,买盘
1308,13:02:04,5.36,-0.01,31,16616,卖盘
1309,13:02:06,5.36,0.0,55,29480,卖盘
1310,13:02:12,5.36,0.0,31,16616,卖盘
1311,13:02:19,5.36,0.0,113,60568,卖盘
1312,13:02:21,5.36,0.0,17,9112,卖盘
1313,13:02:24,5.36,0.0,36,19296,卖盘
1314,13:02:27,5.36,0.0,90,48240,卖盘
1315,13:02:30,5.36,0.0,8,4288,卖盘
1316,13:02:33,5.36,0.0,39,20904,卖盘
1317,13:02:36,5.35,-0.01,68,36405,卖盘
1318,13:02:39,5.35,0.0,2,1070,卖盘
1319,13:02:42,5.36,0.01,175,93655,买盘
1320,13:02:49,5.35,-0.01,36,19260,卖盘
1321,13:02:51,5.36,0.01,139,74433,买盘
1322,13:02:54,5.35,-0.01,1,535,卖盘
1323,13:03:00,5.35,0.0,32,17120,卖盘
1324,13:03:06,5.35,0.0,35,18725,卖盘
1325,13:03:15,5.35,0.0,10,5350,卖盘
1326,13:03:18,5.35,0.0,35,18725,卖盘
1327,13:03:24,5.36,0.01,13,6968,买盘
1328,13:03:27,5.36,0.0,80,42880,卖盘
1329,13:03:30,5.36,0.0,34,18224,卖盘
1330,13:03:42,5.36,0.0,174,93264,卖盘
1331,13:03:45,5.36,0.0,398,213338,卖盘
1332,13:03:48,5.36,0.0,12,6432,买盘
1333,13:03:51,5.35,-0.01,39,20869,卖盘
1334,13:03:57,5.35,0.0,80,42800,卖盘
1335,13:04:04,5.35,0.0,33,17655,卖盘
1336,13:04:06,5.36,0.01,1096,587922,买盘
1337,13:04:09,5.37,0.01,18,9666,买盘
1338,13:04:12,5.36,-0.01,34,18224,卖盘
1339,13:04:15,5.36,0.0,100,53600,卖盘
1340,13:04:18,5.36,0.0,100,53600,卖盘
1341,13:04:28,5.38,0.02,58,31142,买盘
1342,13:04:36,5.36,-0.02,35,18770,卖盘
1343,13:04:42,5.36,0.0,145,77720,卖盘
1344,13:04:48,5.36,0.0,33,17688,卖盘
1345,13:04:52,5.36,0.0,2,1072,卖盘
1346,13:04:57,5.36,0.0,86,46151,卖盘
1347,13:05:06,5.37,0.01,4,2148,买盘
1348,13:05:09,5.37,0.0,39,20943,买盘
1349,13:05:13,5.36,-0.01,36,19296,卖盘
1350,13:05:18,5.37,0.01,117,62744,买盘
1351,13:05:21,5.36,-0.01,35,18765,卖盘
1352,13:05:24,5.36,0.0,60,32210,卖盘
1353,13:05:33,5.36,0.0,34,18224,卖盘
1354,13:05:36,5.36,0.0,70,37520,卖盘
1355,13:05:39,5.36,0.0,2,1072,卖盘
1356,13:05:42,5.36,0.0,280,149614,卖盘
1357,13:05:45,5.35,-0.01,41,21935,卖盘
1358,13:05:51,5.35,0.0,1,535,卖盘
1359,13:05:54,5.36,0.01,62,33198,买盘
1360,13:06:04,5.35,-0.01,41,22410,卖盘
1361,13:06:06,5.37,0.02,4,2148,买盘
1362,13:06:15,5.35,-0.02,36,19260,卖盘
1363,13:06:18,5.35,0.0,3,1605,卖盘
1364,13:06:21,5.36,0.01,50,26800,买盘
1365,13:06:24,5.34,-0.02,1720,919550,卖盘
1366,13:06:27,5.34,0.0,69,36846,卖盘
1367,13:06:30,5.34,0.0,3,1602,卖盘
1368,13:06:33,5.35,0.01,1,535,买盘
1369,13:06:42,5.34,-0.01,145,77430,卖盘
1370,13:06:51,5.34,0.0,90,48060,卖盘
1371,13:07:00,5.34,0.0,22,11748,卖盘
1372,13:07:18,5.35,0.01,12,6420,买盘
1373,13:07:24,5.35,0.0,28,14980,买盘
1374,13:07:27,5.36,0.01,34,18214,买盘
1375,13:07:42,5.35,0.0,144,77184,卖盘
1376,13:07:51,5.36,0.01,9,4824,卖盘
1377,13:08:21,5.36,0.0,27,14472,买盘
1378,13:08:27,5.35,-0.01,383,204915,卖盘
1379,13:08:30,5.34,-0.01,18,9612,卖盘
1380,13:08:39,5.34,0.0,35,18690,卖盘
1381,13:08:42,5.34,0.0,149,79570,卖盘
1382,13:08:48,5.34,0.0,33,17622,卖盘
1383,13:08:51,5.34,0.0,1,534,卖盘
1384,13:08:54,5.35,0.01,7,3745,买盘
1385,13:08:57,5.34,-0.01,75,40092,卖盘
1386,13:09:00,5.35,0.01,15,8025,买盘
1387,13:09:04,5.34,-0.01,18,9612,卖盘
1388,13:09:09,5.34,0.0,36,19224,卖盘
1389,13:09:15,5.35,0.01,50,26750,买盘
1390,13:09:18,5.34,-0.01,1,534,卖盘
1391,13:09:21,5.34,0.0,85,45442,卖盘
1392,13:09:30,5.34,0.0,50,26718,卖盘
1393,13:09:36,5.34,0.0,903,482133,卖盘
1394,13:09:39,5.35,0.01,9,4815,买盘
1395,13:09:42,5.34,-0.01,180,96141,卖盘
1396,13:09:48,5.36,0.02,4,2144,买盘
1397,13:09:51,5.35,-0.01,22,11770,卖盘
1398,13:09:55,5.34,-0.01,60,32064,卖盘
1399,13:09:58,5.35,0.01,32,17120,买盘
1400,13:10:04,5.35,0.0,35,18725,卖盘
1401,13:10:16,5.35,0.0,35,18725,卖盘
1402,13:10:18,5.35,0.0,167,89345,卖盘
1403,13:10:27,5.35,0.0,83,44369,买盘
1404,13:10:39,5.34,-0.01,36,19224,卖盘
1405,13:10:42,5.34,0.0,145,77430,卖盘
1406,13:10:51,5.34,0.0,31,16554,卖盘
1407,13:10:54,5.35,0.01,150,80250,买盘
1408,13:10:58,5.34,-0.01,33,17622,卖盘
1409,13:11:01,5.35,0.01,4,2140,买盘
1410,13:11:04,5.35,0.0,40,21400,买盘
1411,13:11:12,5.34,-0.01,36,19224,卖盘
1412,13:11:18,5.34,0.0,100,53400,卖盘
1413,13:11:21,5.35,0.01,66,35274,中性盘
1414,13:11:31,5.35,0.0,60,32100,买盘
1415,13:11:33,5.36,0.01,51,27267,买盘
1416,13:11:43,5.34,-0.02,180,96120,卖盘
1417,13:11:51,5.34,0.0,30,16076,卖盘
1418,13:11:54,5.34,0.0,36,19224,卖盘
1419,13:11:57,5.35,0.01,4,2140,中性盘
1420,13:12:04,5.36,0.01,50,26800,买盘
1421,13:12:06,5.35,-0.01,31,16585,卖盘
1422,13:12:12,5.36,0.01,3,1608,买盘
1423,13:12:19,5.36,0.0,48,25692,买盘
1424,13:12:27,5.36,0.0,33,17688,卖盘
1425,13:12:39,5.36,0.0,30,16080,卖盘
1426,13:12:42,5.35,-0.01,148,79306,卖盘
1427,13:12:46,5.35,0.0,40,21400,买盘
1428,13:12:48,5.35,0.0,1,535,买盘
1429,13:12:51,5.34,-0.01,32,17088,卖盘
1430,13:13:00,5.34,0.0,35,18690,卖盘
1431,13:13:12,5.34,0.0,37,19759,卖盘
1432,13:13:15,5.35,0.01,7,3745,买盘
1433,13:13:25,5.35,0.0,31,16585,卖盘
1434,13:13:33,5.35,0.0,100,53500,卖盘
1435,13:13:37,5.35,0.0,32,17120,卖盘
1436,13:13:42,5.35,0.0,153,81791,卖盘
1437,13:13:48,5.35,0.0,33,17623,买盘
1438,13:13:51,5.35,0.0,101,54035,卖盘
1439,13:13:54,5.34,-0.01,32,17088,卖盘
1440,13:14:00,5.36,0.02,66,35376,买盘
1441,13:14:06,5.34,-0.02,40,21360,卖盘
1442,13:14:18,5.34,0.0,33,17623,卖盘
1443,13:14:30,5.34,0.0,33,17622,卖盘
1444,13:14:36,5.35,0.01,4,2140,买盘
1445,13:14:39,5.34,-0.01,34,18156,卖盘
1446,13:14:42,5.35,0.01,175,93480,买盘
1447,13:14:48,5.35,0.0,52,27820,买盘
1448,13:14:51,5.34,-0.01,37,19758,卖盘
1449,13:14:54,5.35,0.01,27,14445,买盘
1450,13:15:04,5.34,-0.01,36,19224,卖盘
1451,13:15:15,5.35,0.01,628,335452,买盘
1452,13:15:27,5.34,-0.01,82,43788,卖盘
1453,13:15:36,5.33,-0.01,384,205089,卖盘
1454,13:15:39,5.34,0.01,7,3738,买盘
1455,13:15:42,5.33,-0.01,244,130052,卖盘
1456,13:15:45,5.33,0.0,36,19188,卖盘
1457,13:15:48,5.34,0.01,11,5874,买盘
1458,13:15:51,5.33,-0.01,1,533,卖盘
1459,13:15:54,5.34,0.01,60,32040,买盘
1460,13:15:57,5.33,-0.01,35,18655,卖盘
1461,13:16:00,5.34,0.01,39,20757,买盘
1462,13:16:03,5.34,0.0,40,21360,卖盘
1463,13:16:06,5.34,0.0,91,48663,卖盘
1464,13:16:09,5.33,-0.01,34,18122,卖盘
1465,13:16:12,5.34,0.01,70,37380,买盘
1466,13:16:18,5.33,-0.01,49,26145,卖盘
1467,13:16:21,5.33,0.0,43,22929,卖盘
1468,13:16:30,5.33,0.0,36,19188,卖盘
1469,13:16:36,5.34,0.01,100,53400,买盘
1470,13:16:40,5.33,-0.01,92,49216,卖盘
1471,13:16:42,5.33,0.0,19,10157,卖盘
1472,13:16:45,5.33,0.0,36,19188,卖盘
1473,13:16:51,5.33,0.0,36,19218,卖盘
1474,13:16:55,5.33,0.0,1,533,卖盘
1475,13:16:57,5.34,0.01,2,1068,买盘
1476,13:17:00,5.34,0.0,7,3738,卖盘
1477,13:17:06,5.33,-0.01,32,17056,卖盘
1478,13:17:16,5.33,0.0,37,19721,卖盘
1479,13:17:24,5.33,0.0,16,8528,卖盘
1480,13:17:52,5.33,0.0,1,533,卖盘
1481,13:17:57,5.34,0.01,149,79424,买盘
1482,13:18:00,5.34,0.0,28,14952,买盘
1483,13:18:04,5.34,0.0,44,23496,买盘
1484,13:18:09,5.34,0.0,3,1602,买盘
1485,13:18:12,5.34,0.0,50,26700,买盘
1486,13:18:21,5.34,0.0,34,18156,买盘
1487,13:18:42,5.33,-0.01,144,76767,卖盘
1488,13:18:45,5.35,0.02,81,43335,买盘
1489,13:18:51,5.35,0.0,102,54570,卖盘
1490,13:18:54,5.35,0.0,32,17120,卖盘
1491,13:18:57,5.36,0.01,63,33715,买盘
1492,13:19:01,5.35,-0.01,63,33705,卖盘
1493,13:19:03,5.34,-0.01,20,10680,卖盘
1494,13:19:15,5.35,0.01,15,8018,买盘
1495,13:19:21,5.34,-0.01,2,1068,卖盘
1496,13:19:34,5.34,0.0,150,80100,卖盘
1497,13:19:39,5.35,0.01,4,2140,买盘
1498,13:19:42,5.33,-0.02,145,77386,卖盘
1499,13:19:52,5.33,0.0,5,2665,卖盘
1500,13:20:24,5.34,0.01,245,130830,买盘
1501,13:20:33,5.33,-0.01,4,2132,卖盘
1502,13:20:40,5.35,0.02,4,2140,买盘
1503,13:20:42,5.33,-0.02,144,76762,卖盘
1504,13:20:51,5.33,0.0,28,14978,卖盘
1505,13:21:09,5.33,0.0,50,26650,卖盘
1506,13:21:15,5.35,0.02,6,3210,买盘
1507,13:21:24,5.35,0.0,18,9630,买盘
1508,13:21:27,5.36,0.01,22,11771,买盘
1509,13:21:42,5.35,-0.01,145,77575,中性盘
1510,13:21:48,5.35,0.0,1,535,卖盘
1511,13:21:51,5.35,0.0,2,1070,卖盘
1512,13:21:57,5.36,0.01,6,3216,买盘
1513,13:22:24,5.36,0.0,28,15008,买盘
1514,13:22:27,5.36,0.0,7,3752,买盘
1515,13:22:33,5.35,-0.01,15,8025,卖盘
1516,13:22:39,5.35,0.0,21,11235,卖盘
1517,13:22:43,5.33,-0.02,144,76807,卖盘
1518,13:22:46,5.34,0.01,15,8010,中性盘
1519,13:22:51,5.34,0.0,397,212413,卖盘
1520,13:22:54,5.35,0.01,1,535,中性盘
1521,13:22:57,5.35,0.0,5,2675,买盘
1522,13:23:00,5.35,0.0,5,2675,买盘
1523,13:23:03,5.35,0.0,7,3745,买盘
1524,13:23:06,5.35,0.0,15,8025,卖盘
1525,13:23:15,5.35,0.0,17,9095,卖盘
1526,13:23:27,5.35,0.0,18,9630,卖盘
1527,13:23:39,5.35,0.0,18,9630,卖盘
1528,13:23:51,5.34,-0.01,133,71055,卖盘
1529,13:23:54,5.35,0.01,159,85312,买盘
1530,13:24:00,5.36,0.01,30,16080,卖盘
1531,13:24:03,5.35,-0.01,17,9095,卖盘
1532,13:24:10,5.36,0.01,6,3216,中性盘
1533,13:24:15,5.36,0.0,91,48760,中性盘
1534,13:24:18,5.37,0.01,3,1611,买盘
1535,13:24:21,5.35,-0.02,18,9630,卖盘
1536,13:24:33,5.35,0.0,18,9630,卖盘
1537,13:24:36,5.36,0.01,20,10720,中性盘
1538,13:24:45,5.35,-0.01,15,8025,卖盘
1539,13:24:52,5.35,0.0,116,62060,卖盘
1540,13:24:54,5.35,0.0,16,8560,卖盘
1541,13:25:06,5.35,0.0,33,17670,卖盘
1542,13:25:18,5.35,0.0,18,9630,卖盘
1543,13:25:21,5.36,0.01,4,2144,买盘
1544,13:25:27,5.35,-0.01,117,62595,卖盘
1545,13:25:33,5.36,0.01,10,5360,买盘
1546,13:25:36,5.36,0.0,28,15008,买盘
1547,13:25:39,5.35,-0.01,16,8560,卖盘
1548,13:25:48,5.35,0.0,1,535,卖盘
1549,13:25:51,5.35,0.0,132,70620,卖盘
1550,13:26:00,5.35,0.0,4,2140,卖盘
1551,13:26:04,5.35,0.0,115,61525,卖盘
1552,13:26:13,5.35,0.0,17,9095,卖盘
1553,13:26:18,5.35,0.0,2,1070,卖盘
1554,13:26:24,5.35,0.0,237,126795,卖盘
1555,13:26:30,5.36,0.01,5,2680,买盘
1556,13:26:36,5.35,-0.01,15,8025,卖盘
1557,13:26:39,5.36,0.01,4,2144,买盘
1558,13:26:46,5.35,-0.01,42,22497,卖盘
1559,13:26:48,5.36,0.01,25,13400,买盘
1560,13:26:51,5.35,-0.01,118,63130,卖盘
1561,13:26:57,5.36,0.01,18,9632,买盘
1562,13:27:09,5.35,-0.01,15,8025,卖盘
1563,13:27:15,5.35,0.0,160,85600,卖盘
1564,13:27:18,5.35,0.0,15,8025,卖盘
1565,13:27:27,5.36,0.01,5,2680,买盘
1566,13:27:30,5.35,-0.01,18,9630,卖盘
1567,13:27:40,5.35,0.0,18,9630,卖盘
1568,13:27:43,5.35,0.0,257,137495,卖盘
1569,13:27:48,5.35,0.0,5,2674,买盘
1570,13:27:51,5.35,0.0,123,65689,买盘
1571,13:27:54,5.34,-0.01,15,8010,卖盘
1572,13:28:04,5.34,0.0,15,8010,卖盘
1573,13:28:12,5.34,0.0,18,9612,卖盘
1574,13:28:24,5.34,0.0,17,9078,卖盘
1575,13:28:27,5.35,0.01,28,14980,买盘
1576,13:28:30,5.34,-0.01,47,25098,卖盘
1577,13:28:36,5.34,0.0,17,9078,卖盘
1578,13:28:39,5.35,0.01,1,535,买盘
1579,13:28:42,5.35,0.0,6,3210,买盘
1580,13:28:48,5.35,0.0,12,6418,买盘
1581,13:28:51,5.34,-0.01,134,71556,卖盘
1582,13:29:00,5.34,0.0,15,8010,卖盘
1583,13:29:04,5.35,0.01,4,2140,买盘
1584,13:29:12,5.34,-0.01,17,9078,卖盘
1585,13:29:18,5.34,0.0,1,534,卖盘
1586,13:29:21,5.34,0.0,19,10146,卖盘
1587,13:29:24,5.34,0.0,150,80100,卖盘
1588,13:29:33,5.34,0.0,20,10680,卖盘
1589,13:29:39,5.35,0.01,80,42800,买盘
1590,13:29:42,5.34,-0.01,23,12282,卖盘
1591,13:29:51,5.34,0.0,150,80116,卖盘
1592,13:29:57,5.36,0.02,28,15008,买盘
1593,13:30:06,5.34,-0.02,16,8544,卖盘
1594,13:30:12,5.35,0.01,6,3210,中性盘
1595,13:30:15,5.34,-0.01,56,29984,卖盘
1596,13:30:18,5.36,0.02,3,1608,买盘
1597,13:30:21,5.35,-0.01,2,1070,卖盘
1598,13:30:24,5.35,0.0,54,28890,中性盘
1599,13:30:28,5.34,-0.01,16,8544,卖盘
1600,13:30:39,5.34,0.0,16,8544,卖盘
1601,13:30:51,5.34,0.0,133,71022,卖盘
1602,13:30:54,5.35,0.01,2,1070,买盘
1603,13:30:57,5.34,-0.01,16,8544,卖盘
1604,13:31:06,5.34,0.0,85,45390,卖盘
1605,13:31:13,5.34,0.0,16,8544,卖盘
1606,13:31:24,5.35,0.01,26,13892,买盘
1607,13:31:30,5.35,0.0,31,16585,买盘
1608,13:31:33,5.34,-0.01,16,8544,卖盘
1609,13:31:36,5.34,0.0,5,2670,卖盘
1610,13:31:42,5.34,0.0,18,9612,卖盘
1611,13:31:51,5.34,0.0,117,62478,卖盘
1612,13:31:57,5.34,0.0,66,35244,卖盘
1613,13:32:06,5.34,0.0,16,8544,卖盘
1614,13:32:18,5.34,0.0,19,10146,卖盘
1615,13:32:31,5.34,0.0,17,9078,卖盘
1616,13:32:36,5.35,0.01,4,2140,买盘
1617,13:32:39,5.34,-0.01,18,9612,卖盘
1618,13:32:45,5.35,0.01,23,12293,买盘
1619,13:32:48,5.35,0.0,16,8560,买盘
1620,13:32:51,5.34,-0.01,133,71022,卖盘
1621,13:33:00,5.34,0.0,43,22990,卖盘
1622,13:33:12,5.34,0.0,17,9078,卖盘
1623,13:33:21,5.34,0.0,725,387219,卖盘
1624,13:33:25,5.33,-0.01,17,9061,卖盘
1625,13:33:28,5.33,0.0,2,1066,卖盘
1626,13:33:33,5.33,0.0,37,19741,卖盘
1627,13:33:39,5.34,0.01,29,15486,买盘
1628,13:33:45,5.33,-0.01,16,8528,卖盘
1629,13:33:51,5.33,0.0,260,138677,卖盘
1630,13:33:54,5.33,0.0,55,29315,卖盘
1631,13:33:57,5.33,0.0,17,9061,卖盘
1632,13:34:09,5.33,0.0,53,28249,卖盘
1633,13:34:12,5.33,0.0,16,8528,卖盘
1634,13:34:18,5.33,0.0,16,8528,卖盘
1635,13:34:24,5.33,0.0,20,10660,卖盘
1636,13:34:30,5.33,0.0,82,43771,卖盘
1637,13:34:33,5.33,0.0,34,18150,卖盘
1638,13:34:36,5.34,0.01,30,16020,买盘
1639,13:34:42,5.33,-0.01,15,7995,卖盘
1640,13:34:46,5.33,0.0,574,305942,卖盘
1641,13:34:51,5.32,-0.01,182,96874,卖盘
1642,13:35:04,5.32,0.0,200,106400,卖盘
1643,13:35:06,5.32,0.0,18,9576,卖盘
1644,13:35:09,5.32,0.0,28,14919,卖盘
1645,13:35:16,5.32,0.0,17,9044,卖盘
1646,13:35:27,5.32,0.0,17,9044,卖盘
1647,13:35:31,5.32,0.0,73,38836,卖盘
1648,13:35:36,5.32,0.0,15,7980,卖盘
1649,13:35:39,5.32,0.0,3,1596,卖盘
1650,13:35:45,5.32,0.0,84,44761,卖盘
1651,13:35:48,5.32,0.0,17,9044,卖盘
1652,13:35:51,5.33,0.01,216,115012,买盘
1653,13:35:54,5.33,0.0,30,15988,买盘
1654,13:35:57,5.32,-0.01,20,10645,卖盘
1655,13:36:00,5.33,0.01,40,21320,买盘
1656,13:36:03,5.33,0.0,686,365638,买盘
1657,13:36:06,5.34,0.01,3,1602,买盘
1658,13:36:09,5.33,-0.01,34,18139,卖盘
1659,13:36:12,5.34,0.01,2,1068,买盘
1660,13:36:15,5.34,0.0,4,2136,买盘
1661,13:36:18,5.34,0.0,3,1602,买盘
1662,13:36:21,5.34,0.0,42,22412,买盘
1663,13:36:30,5.33,-0.01,38,20274,卖盘
1664,13:36:42,5.33,0.0,17,9061,卖盘
1665,13:36:45,5.33,0.0,1,533,卖盘
1666,13:36:51,5.33,0.0,116,61828,卖盘
1667,13:36:54,5.33,0.0,18,9594,卖盘
1668,13:36:57,5.34,0.01,8,4272,买盘
1669,13:37:01,5.34,0.0,42,22428,买盘
1670,13:37:06,5.34,0.0,16,8544,卖盘
1671,13:37:12,5.34,0.0,32,17088,卖盘
1672,13:37:15,5.34,0.0,2,1068,卖盘
1673,13:37:18,5.34,0.0,15,8010,卖盘
1674,13:37:21,5.34,0.0,1,534,卖盘
1675,13:37:24,5.34,0.0,16,8544,卖盘
1676,13:37:36,5.34,0.0,1,534,卖盘
1677,13:37:39,5.35,0.01,22,11752,买盘
1678,13:37:42,5.35,0.0,27,14445,买盘
1679,13:37:51,5.35,0.0,137,73031,买盘
1680,13:37:57,5.33,-0.02,18,9594,卖盘
1681,13:38:00,5.35,0.02,5,2675,买盘
1682,13:38:09,5.33,-0.02,17,9061,卖盘
1683,13:38:21,5.33,0.0,16,8528,卖盘
1684,13:38:27,5.33,0.0,3,1599,卖盘
1685,13:38:30,5.33,0.0,17,9061,卖盘
1686,13:38:36,5.33,0.0,9,4797,卖盘
1687,13:38:39,5.35,0.02,4,2140,买盘
1688,13:38:42,5.33,-0.02,15,7995,卖盘
1689,13:38:51,5.33,0.0,115,61295,卖盘
1690,13:38:54,5.33,0.0,68,36344,卖盘
1691,13:39:00,5.35,0.02,28,14980,买盘
1692,13:39:04,5.33,-0.02,15,7995,卖盘
1693,13:39:15,5.33,0.0,32,17056,卖盘
1694,13:39:24,5.34,0.01,19,10146,卖盘
1695,13:39:40,5.33,-0.01,17,9075,卖盘
1696,13:39:51,5.33,0.0,131,69908,卖盘
1697,13:39:54,5.34,0.01,6,3204,买盘
1698,13:40:01,5.33,-0.01,22,11740,卖盘
1699,13:40:04,5.34,0.01,16,8545,卖盘
1700,13:40:06,5.34,0.0,1,534,卖盘
1701,13:40:09,5.34,0.0,15,8010,卖盘
1702,13:40:21,5.34,0.0,45,24058,卖盘
1703,13:40:33,5.34,0.0,16,8544,卖盘
1704,13:40:36,5.35,0.01,5,2675,买盘
1705,13:40:45,5.34,-0.01,17,9078,卖盘
1706,13:40:51,5.34,0.0,141,75319,卖盘
1707,13:40:58,5.34,0.0,22,11751,卖盘
1708,13:41:06,5.34,0.0,16,8544,卖盘
1709,13:41:12,5.34,0.0,36,19224,卖盘
1710,13:41:15,5.34,0.0,4,2136,卖盘
1711,13:41:18,5.33,-0.01,3,1600,卖盘
1712,13:41:28,5.35,0.02,10,5350,买盘
1713,13:41:45,5.34,-0.01,2,1068,卖盘
1714,13:41:48,5.35,0.01,27,14445,买盘
1715,13:41:51,5.33,-0.02,115,61328,卖盘
1716,13:41:54,5.34,0.01,1,534,买盘
1717,13:41:57,5.35,0.01,28,14968,买盘
1718,13:42:06,5.35,0.0,14,7490,买盘
1719,13:42:15,5.35,0.0,4,2140,买盘
1720,13:42:18,5.35,0.0,8,4280,买盘
1721,13:42:36,5.33,-0.02,87,46371,卖盘
1722,13:42:39,5.34,0.01,1,534,中性盘
1723,13:42:42,5.34,0.0,11,5874,卖盘
1724,13:42:45,5.33,-0.01,10,5336,卖盘
1725,13:42:51,5.33,0.0,116,61828,卖盘
1726,13:43:12,5.34,0.01,119,63546,买盘
1727,13:43:24,5.34,0.0,2,1068,卖盘
1728,13:43:30,5.35,0.01,28,14980,买盘
1729,13:43:36,5.35,0.0,4,2140,买盘
1730,13:43:42,5.34,-0.01,30,16020,卖盘
1731,13:43:51,5.34,0.0,118,63012,卖盘
1732,13:44:21,5.34,0.0,3,1602,卖盘
1733,13:44:27,5.34,0.0,1,534,卖盘
1734,13:44:34,5.34,0.0,2,1068,卖盘
1735,13:44:45,5.35,0.01,4,2140,买盘
1736,13:44:51,5.34,-0.01,116,61944,卖盘
1737,13:44:54,5.35,0.01,28,14980,买盘
1738,13:45:06,5.35,0.0,5,2675,买盘
1739,13:45:19,5.35,0.0,2,1070,买盘
1740,13:45:24,5.34,-0.01,40,21360,卖盘
1741,13:45:31,5.34,0.0,39,20826,卖盘
1742,13:45:45,5.35,0.01,42,22432,买盘
1743,13:45:51,5.34,-0.01,117,62478,卖盘
1744,13:45:54,5.34,0.0,37,19758,卖盘
1745,13:46:00,5.35,0.01,21,11235,买盘
1746,13:46:06,5.34,-0.01,38,20292,卖盘
1747,13:46:10,5.34,0.0,49,26166,卖盘
1748,13:46:16,5.34,0.0,39,20826,卖盘
1749,13:46:27,5.34,0.0,40,21360,卖盘
1750,13:46:30,5.35,0.01,28,14980,买盘
1751,13:46:33,5.35,0.0,2,1070,买盘
1752,13:46:39,5.34,-0.01,33,17622,卖盘
1753,13:46:51,5.33,-0.01,304,162372,卖盘
1754,13:46:54,5.35,0.02,10,5350,买盘
1755,13:47:03,5.33,-0.02,39,20787,卖盘
1756,13:47:10,5.35,0.02,3,1605,买盘
1757,13:47:12,5.33,-0.02,37,19721,卖盘
1758,13:47:18,5.34,0.01,10,5340,卖盘
1759,13:47:24,5.33,-0.01,33,17613,卖盘
1760,13:47:33,5.33,0.0,39,20787,卖盘
1761,13:47:36,5.34,0.01,10,5340,买盘
1762,13:47:39,5.34,0.0,18,9612,买盘
1763,13:47:42,5.33,-0.01,38,20267,卖盘
1764,13:47:51,5.34,0.01,1,534,卖盘
1765,13:47:54,5.34,0.0,39,20826,卖盘
1766,13:48:03,5.35,0.01,27,14445,买盘
1767,13:48:06,5.34,-0.01,39,20826,卖盘
1768,13:48:09,5.35,0.01,1,535,买盘
1769,13:48:15,5.35,0.0,4,2140,买盘
1770,13:48:18,5.34,-0.01,35,18690,卖盘
1771,13:48:28,5.34,0.0,67,35797,卖盘
1772,13:48:31,5.35,0.01,24,12840,买盘
1773,13:48:36,5.35,0.0,50,26750,买盘
1774,13:48:39,5.34,-0.01,39,20826,卖盘
1775,13:48:51,5.34,0.0,14,7476,卖盘
1776,13:48:54,5.35,0.01,40,21365,买盘
1777,13:48:57,5.35,0.0,2,1070,买盘
1778,13:49:03,5.34,-0.01,40,21360,卖盘
1779,13:49:09,5.35,0.01,37,19795,买盘
1780,13:49:12,5.34,-0.01,40,21360,卖盘
1781,13:49:25,5.34,0.0,35,18690,卖盘
1782,13:49:28,5.35,0.01,4,2140,买盘
1783,13:49:36,5.34,-0.01,38,20292,卖盘
1784,13:49:45,5.34,0.0,65,34738,卖盘
1785,13:49:51,5.34,0.0,116,61944,卖盘
1786,13:49:57,5.35,0.01,53,28316,买盘
1787,13:50:06,5.34,-0.01,42,22428,卖盘
1788,13:50:12,5.34,0.0,37,19758,卖盘
1789,13:50:19,5.34,0.0,39,20826,卖盘
1790,13:50:21,5.35,0.01,5,2675,买盘
1791,13:50:24,5.35,0.0,1,535,买盘
1792,13:50:30,5.34,-0.01,281,150054,卖盘
1793,13:50:33,5.34,0.0,20,10680,买盘
1794,13:50:43,5.33,-0.01,42,22390,卖盘
1795,13:50:45,5.33,0.0,76,40508,卖盘
1796,13:50:48,5.34,0.01,56,29875,买盘
1797,13:50:51,5.33,-0.01,161,85813,卖盘
1798,13:50:54,5.33,0.0,42,22386,卖盘
1799,13:50:57,5.33,0.0,216,115144,卖盘
1800,13:51:00,5.33,0.0,44,23452,卖盘
1801,13:51:04,5.33,0.0,70,37338,卖盘
1802,13:51:09,5.33,0.0,198,105534,卖盘
1803,13:51:12,5.33,0.0,21,11193,卖盘
1804,13:51:15,5.34,0.01,6,3203,买盘
1805,13:51:18,5.33,-0.01,36,19188,卖盘
1806,13:51:21,5.32,-0.01,18,9589,卖盘
1807,13:51:27,5.32,0.0,35,18620,卖盘
1808,13:51:36,5.33,0.01,47,25014,买盘
1809,13:51:45,5.33,0.0,39,20752,买盘
1810,13:51:48,5.33,0.0,271,144443,买盘
1811,13:51:51,5.32,-0.01,117,62268,卖盘
1812,13:51:57,5.32,0.0,39,20752,卖盘
1813,13:52:09,5.32,0.0,33,17556,卖盘
1814,13:52:15,5.32,0.0,453,240996,卖盘
1815,13:52:24,5.32,0.0,35,18636,卖盘
1816,13:52:30,5.34,0.02,27,14418,买盘
1817,13:52:33,5.32,-0.02,36,19152,卖盘
1818,13:52:42,5.33,0.01,37,19721,卖盘
1819,13:52:48,5.34,0.01,15,8010,买盘
1820,13:52:51,5.34,0.0,23,12271,买盘
1821,13:52:54,5.32,-0.02,115,61180,卖盘
1822,13:52:57,5.32,0.0,34,18088,卖盘
1823,13:53:04,5.33,0.01,28,14924,买盘
1824,13:53:07,5.32,-0.01,37,19684,卖盘
1825,13:53:09,5.33,0.01,42,22386,买盘
1826,13:53:15,5.32,-0.01,37,19702,卖盘
1827,13:53:25,5.33,0.01,9,4797,中性盘
1828,13:53:27,5.32,-0.01,33,17565,卖盘
1829,13:53:39,5.33,0.01,10,5330,卖盘
1830,13:53:43,5.34,0.01,1,534,买盘
1831,13:53:51,5.33,-0.01,115,61295,卖盘
1832,13:53:54,5.34,0.01,18,9611,买盘
1833,13:54:04,5.33,-0.01,33,17617,卖盘
1834,13:54:15,5.32,-0.01,50,26641,卖盘
1835,13:54:18,5.34,0.02,10,5334,买盘
1836,13:54:21,5.33,-0.01,5,2665,卖盘
1837,13:54:27,5.33,0.0,6,3203,卖盘
1838,13:54:42,5.34,0.01,6,3204,买盘
1839,13:54:48,5.34,0.0,1,534,买盘
1840,13:54:52,5.32,-0.02,122,64947,卖盘
1841,13:54:54,5.34,0.02,16,8543,买盘
1842,13:55:15,5.34,0.0,20,10680,买盘
1843,13:55:19,5.34,0.0,5,2670,买盘
1844,13:55:21,5.34,0.0,30,16020,卖盘
1845,13:55:24,5.33,-0.01,8,4265,卖盘
1846,13:55:28,5.34,0.01,67,35778,买盘
1847,13:55:49,5.33,-0.01,30,15990,卖盘
1848,13:55:51,5.33,0.0,117,62361,卖盘
1849,13:55:54,5.34,0.01,48,25600,中性盘
1850,13:56:04,5.33,-0.01,32,17056,卖盘
1851,13:56:18,5.33,0.0,131,69823,卖盘
1852,13:56:21,5.33,0.0,2,1066,卖盘
1853,13:56:28,5.33,0.0,29,15457,卖盘
1854,13:56:36,5.32,-0.01,29,15453,卖盘
1855,13:56:45,5.34,0.02,32,17088,买盘
1856,13:56:51,5.32,-0.02,162,86218,卖盘
1857,13:57:03,5.32,0.0,74,39448,卖盘
1858,13:57:06,5.33,0.01,2,1066,中性盘
1859,13:57:15,5.32,-0.01,7,3724,卖盘
1860,13:57:27,5.32,0.0,34,18088,卖盘
1861,13:57:36,5.32,0.0,55,29281,卖盘
1862,13:57:40,5.33,0.01,6,3198,买盘
1863,13:57:42,5.32,-0.01,45,23960,卖盘
1864,13:57:45,5.32,0.0,60,31920,卖盘
1865,13:57:51,5.32,0.0,118,62776,卖盘
1866,13:57:54,5.32,0.0,51,27170,卖盘
1867,13:58:09,5.32,0.0,32,17024,卖盘
1868,13:58:18,5.32,0.0,30,15962,卖盘
1869,13:58:25,5.34,0.02,27,14418,买盘
1870,13:58:28,5.33,-0.01,50,26650,卖盘
1871,13:58:31,5.32,-0.01,33,17556,卖盘
1872,13:58:42,5.32,0.0,33,17556,卖盘
1873,13:58:45,5.32,0.0,5,2660,卖盘
1874,13:58:51,5.33,0.01,51,27183,卖盘
1875,13:58:54,5.32,-0.01,150,79800,卖盘
1876,13:59:00,5.32,0.0,28,14896,卖盘
1877,13:59:06,5.33,0.01,2,1066,买盘
1878,13:59:09,5.33,0.0,4,2132,买盘
1879,13:59:12,5.33,0.0,33,17560,买盘
1880,13:59:24,5.32,-0.01,32,17040,卖盘
1881,13:59:33,5.32,0.0,351,186735,卖盘
1882,13:59:36,5.32,0.0,31,16494,卖盘
1883,13:59:42,5.32,0.0,45,23940,卖盘
1884,13:59:45,5.34,0.02,50,26700,买盘
1885,13:59:48,5.33,-0.01,32,17056,卖盘
1886,13:59:51,5.33,0.0,69,36777,卖盘
1887,13:59:54,5.32,-0.01,115,61208,卖盘
1888,13:59:57,5.32,0.0,32,17024,卖盘
1889,14:00:00,5.34,0.02,5,2670,买盘
1890,14:00:12,5.32,-0.02,33,17586,卖盘
1891,14:00:18,5.32,0.0,35,18624,卖盘
1892,14:00:31,5.33,0.01,10,5330,中性盘
1893,14:00:33,5.32,-0.01,31,16492,卖盘
1894,14:00:37,5.32,0.0,8,4256,卖盘
1895,14:00:45,5.32,0.0,33,17556,卖盘
1896,14:00:48,5.32,0.0,40,21280,卖盘
1897,14:00:51,5.32,0.0,2,1064,卖盘
1898,14:00:54,5.32,0.0,124,65968,卖盘
1899,14:00:57,5.32,0.0,95,50540,卖盘
1900,14:01:00,5.32,0.0,16,8518,卖盘
1901,14:01:04,5.32,0.0,31,16492,卖盘
1902,14:01:09,5.33,0.01,26,13858,买盘
1903,14:01:12,5.32,-0.01,30,15960,卖盘
1904,14:01:18,5.32,0.0,30,15960,卖盘
1905,14:01:24,5.32,0.0,29,15428,卖盘
1906,14:01:33,5.33,0.01,4,2132,买盘
1907,14:01:36,5.32,-0.01,29,15428,卖盘
1908,14:01:42,5.33,0.01,50,26650,买盘
1909,14:01:45,5.33,0.0,28,14924,买盘
1910,14:01:48,5.32,-0.01,31,16492,卖盘
1911,14:01:51,5.32,0.0,116,61712,卖盘
1912,14:02:00,5.32,0.0,33,17556,卖盘
1913,14:02:06,5.33,0.01,41,21853,买盘
1914,14:02:12,5.32,-0.01,32,17024,卖盘
1915,14:02:24,5.32,0.0,29,15428,卖盘
1916,14:02:36,5.33,0.01,38,20220,买盘
1917,14:02:45,5.33,0.0,40,21285,买盘
1918,14:02:48,5.33,0.0,15,7995,买盘
1919,14:02:52,5.32,-0.01,146,77672,卖盘
1920,14:03:03,5.33,0.01,16,8528,买盘
1921,14:03:06,5.32,-0.01,34,18088,卖盘
1922,14:03:09,5.33,0.01,28,14924,买盘
1923,14:03:13,5.32,-0.01,221,117573,卖盘
1924,14:03:18,5.32,0.0,35,18620,卖盘
1925,14:03:31,5.32,0.0,32,17024,卖盘
1926,14:03:34,5.32,0.0,200,106400,卖盘
1927,14:03:36,5.31,-0.01,33,17531,卖盘
1928,14:03:45,5.32,0.01,3,1596,买盘
1929,14:03:48,5.31,-0.01,34,18054,卖盘
1930,14:03:51,5.31,0.0,146,77556,卖盘
1931,14:03:54,5.31,0.0,1,531,卖盘
1932,14:04:00,5.31,0.0,34,18054,卖盘
1933,14:04:10,5.31,0.0,32,16992,卖盘
1934,14:04:12,5.32,0.01,50,26600,买盘
1935,14:04:16,5.32,0.0,40,21260,买盘
1936,14:04:25,5.31,-0.01,34,18056,卖盘
1937,14:04:31,5.31,0.0,200,106200,卖盘
1938,14:04:33,5.31,0.0,79,41996,卖盘
1939,14:04:45,5.31,0.0,20,10620,卖盘
1940,14:04:48,5.31,0.0,33,17523,卖盘
1941,14:04:51,5.31,0.0,1,531,卖盘
1942,14:04:54,5.31,0.0,115,61065,卖盘
1943,14:04:57,5.31,0.0,34,18054,卖盘
1944,14:05:04,5.31,0.0,95,50445,卖盘
1945,14:05:06,5.32,0.01,33,17527,买盘
1946,14:05:09,5.31,-0.01,50,26550,卖盘
1947,14:05:12,5.31,0.0,5,2655,卖盘
1948,14:05:19,5.31,0.0,29,15399,卖盘
1949,14:05:25,5.32,0.01,10,5320,买盘
1950,14:05:30,5.31,-0.01,10,5310,卖盘
1951,14:05:40,5.32,0.01,10,5320,买盘
1952,14:05:51,5.31,-0.01,2,1062,卖盘
1953,14:05:54,5.32,0.01,122,64812,买盘
1954,14:05:57,5.32,0.0,28,14896,买盘
1955,14:06:04,5.32,0.0,3,1596,买盘
1956,14:06:06,5.32,0.0,2,1064,买盘
1957,14:06:12,5.32,0.0,1,532,买盘
1958,14:06:21,5.32,0.0,4,2128,买盘
1959,14:06:45,5.32,0.0,1,532,买盘
1960,14:06:51,5.31,-0.01,1,531,卖盘
1961,14:07:00,5.32,0.01,16,8512,买盘
1962,14:07:06,5.32,0.0,20,10640,买盘
1963,14:07:10,5.31,-0.01,100,53100,卖盘
1964,14:07:16,5.32,0.01,5,2660,买盘
1965,14:07:27,5.32,0.0,28,14896,买盘
1966,14:07:30,5.32,0.0,284,151088,买盘
1967,14:07:34,5.31,-0.01,112,59554,卖盘
1968,14:07:51,5.32,0.01,2,1064,卖盘
1969,14:07:54,5.33,0.01,15,7995,买盘
1970,14:08:06,5.33,0.0,18,9585,买盘
1971,14:08:09,5.32,-0.01,40,21280,卖盘
1972,14:08:21,5.32,0.0,33,17556,卖盘
1973,14:08:24,5.31,-0.01,7,3719,卖盘
1974,14:08:30,5.31,0.0,33,17523,卖盘
1975,14:08:36,5.33,0.02,50,26650,买盘
1976,14:08:42,5.32,-0.01,34,18088,卖盘
1977,14:08:51,5.32,0.0,28,14923,卖盘
1978,14:08:57,5.32,0.0,33,17556,卖盘
1979,14:09:06,5.32,0.0,115,61180,卖盘
1980,14:09:15,5.32,0.0,34,18088,卖盘
1981,14:09:18,5.32,0.0,10,5320,卖盘
1982,14:09:21,5.33,0.01,385,205205,买盘
1983,14:09:27,5.33,0.0,34,18122,卖盘
1984,14:09:36,5.33,0.0,31,16523,卖盘
1985,14:09:45,5.33,0.0,61,32523,卖盘
1986,14:09:48,5.33,0.0,37,19721,卖盘
1987,14:09:54,5.33,0.0,71,37843,卖盘
1988,14:10:01,5.33,0.0,90,47980,卖盘
1989,14:10:04,5.33,0.0,23,12259,卖盘
1990,14:10:07,5.33,0.0,21,11193,买盘
1991,14:10:12,5.32,-0.01,36,19152,卖盘
1992,14:10:22,5.32,0.0,11,5853,卖盘
1993,14:10:25,5.32,0.0,64,34104,卖盘
1994,14:10:33,5.33,0.01,36,19188,卖盘
1995,14:10:42,5.33,0.0,34,18122,卖盘
1996,14:10:54,5.33,0.0,1,533,卖盘
1997,14:10:57,5.32,-0.01,61,32480,卖盘
1998,14:11:06,5.32,0.0,32,17024,卖盘
1999,14:11:09,5.34,0.02,37,19758,买盘
2000,14:11:16,5.32,-0.02,36,19152,卖盘
2001,14:11:27,5.32,0.0,30,15960,卖盘
2002,14:11:39,5.33,0.01,34,18122,卖盘
2003,14:11:42,5.33,0.0,1,533,卖盘
2004,14:11:51,5.32,-0.01,41,21816,卖盘
2005,14:11:54,5.33,0.01,1,533,买盘
2006,14:11:57,5.34,0.01,28,14952,买盘
2007,14:12:00,5.34,0.0,85,45390,买盘
2008,14:12:04,5.32,-0.02,33,17580,卖盘
2009,14:12:15,5.33,0.01,33,17589,卖盘
2010,14:12:21,5.34,0.01,117,62478,买盘
2011,14:12:28,5.34,0.0,30,16020,卖盘
2012,14:12:30,5.34,0.0,1,534,卖盘
2013,14:12:33,5.33,-0.01,30,16006,卖盘
2014,14:12:45,5.34,0.01,35,18690,卖盘
2015,14:12:52,5.34,0.0,26,13884,卖盘
2016,14:12:57,5.34,0.0,36,19224,卖盘
2017,14:13:00,5.34,0.0,19,10146,卖盘
2018,14:13:04,5.34,0.0,1,534,买盘
2019,14:13:06,5.34,0.0,1,534,卖盘
2020,14:13:09,5.33,-0.01,33,17599,卖盘
2021,14:13:15,5.35,0.02,50,26750,买盘
2022,14:13:21,5.33,-0.02,36,19189,卖盘
2023,14:13:24,5.35,0.02,5,2675,买盘
2024,14:13:28,5.35,0.0,28,14980,买盘
2025,14:13:30,5.33,-0.02,35,18655,卖盘
2026,14:13:39,5.33,0.0,35,18678,卖盘
2027,14:13:51,5.33,0.0,31,16541,卖盘
2028,14:14:00,5.34,0.01,12,6408,买盘
2029,14:14:03,5.34,0.0,44,23464,买盘
2030,14:14:06,5.34,0.0,9,4806,买盘
2031,14:14:09,5.34,0.0,7,3738,买盘
2032,14:14:13,5.33,-0.01,36,19192,卖盘
2033,14:14:21,5.35,0.02,2,1070,买盘
2034,14:14:24,5.33,-0.02,36,19188,卖盘
2035,14:14:27,5.33,0.0,25,13325,卖盘
2036,14:14:36,5.33,0.0,36,19188,卖盘
2037,14:14:48,5.33,0.0,32,17063,卖盘
2038,14:14:51,5.35,0.02,29,15511,买盘
2039,14:14:57,5.33,-0.02,38,20254,卖盘
2040,14:15:04,5.35,0.02,68,36380,买盘
2041,14:15:06,5.34,-0.01,5,2670,卖盘
2042,14:15:09,5.33,-0.01,36,19222,卖盘
2043,14:15:15,5.35,0.02,10,5350,买盘
2044,14:15:21,5.34,-0.01,33,17622,卖盘
2045,14:15:24,5.34,0.0,4,2136,卖盘
2046,14:15:30,5.34,0.0,31,16554,卖盘
2047,14:15:36,5.34,0.0,7,3738,卖盘
2048,14:15:39,5.35,0.01,35,18725,买盘
2049,14:15:42,5.35,0.0,34,18157,买盘
2050,14:15:51,5.35,0.0,111,59347,买盘
2051,14:16:03,5.34,-0.01,31,16554,卖盘
2052,14:16:06,5.35,0.01,298,159430,买盘
2053,14:16:15,5.35,0.0,31,16585,卖盘
2054,14:16:22,5.36,0.01,38,20368,买盘
2055,14:16:24,5.35,-0.01,32,17120,卖盘
2056,14:16:39,5.35,0.0,33,17655,卖盘
2057,14:16:42,5.35,0.0,48,25680,卖盘
2058,14:16:46,5.35,0.0,1,535,卖盘
2059,14:16:49,5.35,0.0,33,17655,卖盘
2060,14:16:52,5.35,0.0,2,1070,卖盘
2061,14:16:57,5.35,0.0,3,1605,卖盘
2062,14:17:00,5.35,0.0,41,21945,卖盘
2063,14:17:06,5.35,0.0,8,4280,卖盘
2064,14:17:12,5.35,0.0,45,24060,卖盘
2065,14:17:15,5.35,0.0,1,535,买盘
2066,14:17:18,5.35,0.0,3,1605,买盘
2067,14:17:21,5.34,-0.01,36,19224,卖盘
2068,14:17:27,5.35,0.01,40,21400,买盘
2069,14:17:30,5.34,-0.01,9,4806,卖盘
2070,14:17:36,5.35,0.01,199,106465,买盘
2071,14:17:51,5.35,0.0,3,1605,卖盘
2072,14:18:16,5.35,0.0,36,19260,卖盘
2073,14:18:18,5.35,0.0,1,535,买盘
2074,14:18:21,5.36,0.01,15,8037,买盘
2075,14:18:42,5.35,-0.01,25,13375,卖盘
2076,14:18:45,5.35,0.0,7,3745,买盘
2077,14:18:51,5.34,-0.01,3,1604,卖盘
2078,14:19:09,5.34,0.0,18,9612,卖盘
2079,14:19:24,5.35,0.01,3,1605,买盘
2080,14:19:31,5.34,-0.01,54,28836,卖盘
2081,14:19:36,5.34,0.0,5,2670,卖盘
2082,14:19:39,5.35,0.01,100,53500,买盘
2083,14:19:42,5.35,0.0,1,535,买盘
2084,14:19:51,5.34,-0.01,3,1602,卖盘
2085,14:20:00,5.34,0.0,95,50730,卖盘
2086,14:20:04,5.34,0.0,47,25098,卖盘
2087,14:20:06,5.34,0.0,21,11214,卖盘
2088,14:20:12,5.34,0.0,312,166608,卖盘
2089,14:20:15,5.34,0.0,19,10146,卖盘
2090,14:20:18,5.33,-0.01,34,18146,卖盘
2091,14:20:27,5.33,0.0,23,12262,卖盘
2092,14:20:36,5.33,0.0,54,28782,卖盘
2093,14:20:39,5.33,0.0,20,10660,卖盘
2094,14:20:51,5.33,0.0,99,52767,卖盘
2095,14:21:03,5.33,0.0,18,9594,卖盘
2096,14:21:18,5.33,0.0,20,10660,卖盘
2097,14:21:21,5.33,0.0,1,533,卖盘
2098,14:21:24,5.33,0.0,19,10127,卖盘
2099,14:21:33,5.33,0.0,21,11193,卖盘
2100,14:21:45,5.33,0.0,19,10127,卖盘
2101,14:21:51,5.33,0.0,1,533,卖盘
2102,14:21:57,5.33,0.0,20,10660,卖盘
2103,14:22:10,5.33,0.0,120,63960,卖盘
2104,14:22:22,5.33,0.0,1,533,卖盘
2105,14:22:24,5.33,0.0,19,10127,卖盘
2106,14:22:28,5.33,0.0,2,1066,卖盘
2107,14:22:30,5.33,0.0,20,10660,卖盘
2108,14:22:45,5.33,0.0,21,11193,卖盘
2109,14:22:51,5.33,0.0,1,533,卖盘
2110,14:22:54,5.33,0.0,109,58097,卖盘
2111,14:22:57,5.33,0.0,62,33046,卖盘
2112,14:23:00,5.33,0.0,10,5330,卖盘
2113,14:23:04,5.33,0.0,21,11193,卖盘
2114,14:23:15,5.33,0.0,19,10127,卖盘
2115,14:23:18,5.33,0.0,7,3731,卖盘
2116,14:23:27,5.33,0.0,24,12792,卖盘
2117,14:23:30,5.34,0.01,4,2136,买盘
2118,14:23:33,5.33,-0.01,33,17589,卖盘
2119,14:23:36,5.32,-0.01,8,4257,卖盘
2120,14:23:39,5.33,0.01,21,11174,买盘
2121,14:23:51,5.32,-0.01,19,10108,卖盘
2122,14:23:54,5.33,0.01,25,13325,买盘
2123,14:24:00,5.32,-0.01,20,10640,卖盘
2124,14:24:04,5.33,0.01,1,533,买盘
2125,14:24:09,5.32,-0.01,22,11704,卖盘
2126,14:24:21,5.32,0.0,18,9576,卖盘
2127,14:24:30,5.32,0.0,20,10640,卖盘
2128,14:24:39,5.33,0.01,30,15990,买盘
2129,14:24:42,5.32,-0.01,21,11172,卖盘
2130,14:24:51,5.33,0.01,112,59695,买盘
2131,14:25:04,5.33,0.0,21,11193,卖盘
2132,14:25:18,5.33,0.0,22,11726,卖盘
2133,14:25:27,5.33,0.0,22,11715,卖盘
2134,14:25:31,5.32,-0.01,15,7988,卖盘
2135,14:25:39,5.32,0.0,21,11172,卖盘
2136,14:25:51,5.32,0.0,35,18620,卖盘
2137,14:26:00,5.32,0.0,20,10640,卖盘
2138,14:26:13,5.32,0.0,18,9576,卖盘
2139,14:26:21,5.32,0.0,22,11704,卖盘
2140,14:26:28,5.32,0.0,2,1064,卖盘
2141,14:26:36,5.34,0.02,20,10642,买盘
2142,14:26:43,5.32,-0.02,18,9576,卖盘
2143,14:26:57,5.32,0.0,21,11172,卖盘
2144,14:27:06,5.32,0.0,21,11172,卖盘
2145,14:27:09,5.32,0.0,30,15960,卖盘
2146,14:27:18,5.32,0.0,21,11172,卖盘
2147,14:27:27,5.32,0.0,21,11172,卖盘
2148,14:27:36,5.33,0.01,27,14391,买盘
2149,14:27:42,5.32,-0.01,21,11172,卖盘
2150,14:27:45,5.33,0.01,10,5330,买盘
2151,14:27:51,5.32,-0.01,22,11704,卖盘
2152,14:27:54,5.33,0.01,4,2132,买盘
2153,14:27:57,5.33,0.0,2,1066,买盘
2154,14:28:06,5.32,-0.01,19,10108,卖盘
2155,14:28:09,5.33,0.01,12,6396,买盘
2156,14:28:12,5.33,0.0,20,10660,买盘
2157,14:28:16,5.32,-0.01,18,9576,卖盘
2158,14:28:18,5.33,0.01,30,15990,买盘
2159,14:28:21,5.32,-0.01,1,532,卖盘
2160,14:28:24,5.32,0.0,22,11704,卖盘
2161,14:28:27,5.32,0.0,2,1064,卖盘
2162,14:28:36,5.32,0.0,35,18634,卖盘
2163,14:28:45,5.33,0.01,16,8528,买盘
2164,14:28:48,5.33,0.0,155,82608,卖盘
2165,14:28:54,5.33,0.0,19,10127,卖盘
2166,14:28:57,5.32,-0.01,61,32494,卖盘
2167,14:29:00,5.32,0.0,20,10640,卖盘
2168,14:29:09,5.32,0.0,20,10640,卖盘
2169,14:29:12,5.34,0.02,13,6942,买盘
2170,14:29:18,5.32,-0.02,19,10108,卖盘
2171,14:29:27,5.32,0.0,12,6394,卖盘
2172,14:29:30,5.32,0.0,19,10108,卖盘
2173,14:29:45,5.32,0.0,21,11172,卖盘
2174,14:29:51,5.32,0.0,105,55943,卖盘
2175,14:29:57,5.33,0.01,4,2132,买盘
2176,14:30:04,5.33,0.0,104,55432,买盘
2177,14:30:06,5.33,0.0,31,16505,买盘
2178,14:30:12,5.33,0.0,18,9594,买盘
2179,14:30:15,5.34,0.01,31,16535,买盘
2180,14:30:27,5.34,0.0,82,43769,买盘
2181,14:30:30,5.33,-0.01,2,1066,卖盘
2182,14:30:33,5.33,0.0,28,14924,卖盘
2183,14:30:39,5.33,0.0,34,18135,卖盘
2184,14:30:42,5.33,0.0,13,6929,卖盘
2185,14:30:48,5.33,0.0,20,10660,卖盘
2186,14:30:51,5.33,0.0,59,31447,卖盘
2187,14:30:54,5.34,0.01,28,14952,买盘
2188,14:30:57,5.34,0.0,1,534,买盘
2189,14:31:01,5.33,-0.01,22,11726,卖盘
2190,14:31:12,5.33,0.0,19,10127,卖盘
2191,14:31:21,5.34,0.01,13,6942,买盘
2192,14:31:24,5.33,-0.01,18,9594,卖盘
2193,14:31:27,5.33,0.0,29,15457,卖盘
2194,14:31:30,5.33,0.0,18,9594,卖盘
2195,14:31:33,5.32,-0.01,22,11704,卖盘
2196,14:31:42,5.32,0.0,33,17568,卖盘
2197,14:31:58,5.32,0.0,20,10640,卖盘
2198,14:32:00,5.32,0.0,21,11172,卖盘
2199,14:32:04,5.32,0.0,21,11172,卖盘
2200,14:32:06,5.33,0.01,33,17589,买盘
2201,14:32:18,5.32,-0.01,27,14364,卖盘
2202,14:32:21,5.33,0.01,4,2132,买盘
2203,14:32:27,5.33,0.0,1,533,买盘
2204,14:32:30,5.32,-0.01,97,51624,卖盘
2205,14:32:39,5.32,0.0,20,10640,卖盘
2206,14:32:45,5.33,0.01,22,11707,买盘
2207,14:32:51,5.33,0.0,23,12241,买盘
2208,14:32:57,5.33,0.0,166,88353,买盘
2209,14:33:01,5.32,-0.01,20,10640,卖盘
2210,14:33:04,5.33,0.01,200,106600,买盘
2211,14:33:15,5.32,-0.01,20,10640,卖盘
2212,14:33:22,5.32,0.0,102,54348,卖盘
2213,14:33:24,5.33,0.01,184,98072,买盘
2214,14:33:27,5.33,0.0,2,1066,卖盘
2215,14:33:36,5.33,0.0,19,10127,卖盘
2216,14:33:46,5.33,0.0,22,11726,卖盘
2217,14:34:01,5.33,0.0,19,10127,卖盘
2218,14:34:10,5.32,-0.01,20,10649,卖盘
2219,14:34:19,5.32,0.0,21,11172,卖盘
2220,14:34:27,5.32,0.0,24,12770,卖盘
2221,14:34:31,5.32,0.0,2,1064,卖盘
2222,14:34:39,5.32,0.0,19,10108,卖盘
2223,14:34:42,5.33,0.01,50,26650,买盘
2224,14:34:51,5.32,-0.01,35,18633,卖盘
2225,14:34:57,5.33,0.01,8,4264,买盘
2226,14:35:04,5.32,-0.01,21,11172,卖盘
2227,14:35:12,5.32,0.0,28,14906,卖盘
2228,14:35:24,5.32,0.0,7,3724,卖盘
2229,14:35:27,5.32,0.0,1,532,卖盘
2230,14:35:31,5.32,0.0,73,38869,卖盘
2231,14:35:33,5.33,0.01,253,134849,买盘
2232,14:35:36,5.33,0.0,349,186017,买盘
2233,14:35:49,5.34,0.01,43,22962,买盘
2234,14:35:51,5.34,0.0,29,15486,买盘
2235,14:35:54,5.34,0.0,41,21894,买盘
2236,14:35:57,5.34,0.0,6,3204,买盘
2237,14:36:00,5.34,0.0,26,13884,买盘
2238,14:36:06,5.33,-0.01,100,53395,卖盘
2239,14:36:15,5.35,0.02,24,12820,买盘
2240,14:37:43,5.34,-0.01,10,5340,卖盘
2241,14:37:46,5.34,0.0,8,4272,卖盘
2242,14:37:54,5.34,0.0,20,10680,卖盘
2243,14:37:57,5.35,0.01,8,4275,买盘
2244,14:38:06,5.34,-0.01,19,10146,卖盘
2245,14:38:13,5.35,0.01,10,5350,买盘
2246,14:38:18,5.34,-0.01,20,10680,卖盘
2247,14:38:22,5.35,0.01,72,38520,买盘
2248,14:38:27,5.34,-0.01,20,10680,卖盘
2249,14:38:40,5.34,0.0,20,10680,卖盘
2250,14:38:42,5.35,0.01,142,75943,买盘
2251,14:38:51,5.35,0.0,30,16008,买盘
2252,14:38:54,5.35,0.0,7,3745,买盘
2253,14:38:57,5.35,0.0,3,1601,买盘
2254,14:39:04,5.33,-0.02,21,11193,卖盘
2255,14:39:12,5.34,0.01,21,11214,卖盘
2256,14:39:18,5.34,0.0,4,2136,卖盘
2257,14:39:27,5.34,0.0,22,11748,卖盘
2258,14:39:37,5.35,0.01,28,14961,买盘
2259,14:39:42,5.34,-0.01,24,12816,卖盘
2260,14:39:48,5.34,0.0,19,10146,卖盘
2261,14:39:52,5.34,0.0,1,534,卖盘
2262,14:39:58,5.34,0.0,5,2670,卖盘
2263,14:40:00,5.34,0.0,20,10680,卖盘
2264,14:40:05,5.34,0.0,8,4272,卖盘
2265,14:40:06,5.35,0.01,32,17120,买盘
2266,14:40:10,5.34,-0.01,22,11748,卖盘
2267,14:40:19,5.35,0.01,29,15493,买盘
2268,14:40:22,5.33,-0.02,1,533,卖盘
2269,14:40:25,5.34,0.01,4,2136,买盘
2270,14:40:27,5.34,0.0,18,9612,买盘
2271,14:40:31,5.33,-0.01,27,14400,卖盘
2272,14:40:33,5.34,0.01,3,1602,买盘
2273,14:40:36,5.34,0.0,4,2136,买盘
2274,14:40:39,5.33,-0.01,43,22941,卖盘
2275,14:40:42,5.34,0.01,2,1068,买盘
2276,14:40:48,5.34,0.0,8,4272,买盘
2277,14:40:51,5.34,0.0,23,12282,卖盘
2278,14:40:57,5.34,0.0,2,1068,卖盘
2279,14:41:05,5.34,0.0,76,40584,卖盘
2280,14:41:12,5.34,0.0,21,11214,卖盘
2281,14:41:21,5.34,0.0,78,41652,卖盘
2282,14:41:24,5.33,-0.01,20,10660,卖盘
2283,14:41:33,5.33,0.0,51,27183,卖盘
2284,14:41:36,5.33,0.0,18,9594,卖盘
2285,14:41:45,5.33,0.0,19,10127,卖盘
2286,14:41:51,5.34,0.01,1,534,买盘
2287,14:41:57,5.33,-0.01,20,10660,卖盘
2288,14:42:00,5.33,0.0,59,31452,卖盘
2289,14:42:09,5.33,0.0,21,11193,卖盘
2290,14:42:15,5.34,0.01,76,40578,买盘
2291,14:42:22,5.33,-0.01,18,9594,卖盘
2292,14:42:30,5.33,0.0,19,10127,卖盘
2293,14:42:36,5.34,0.01,5,2670,买盘
2294,14:42:42,5.33,-0.01,19,10127,卖盘
2295,14:42:45,5.34,0.01,33,17622,买盘
2296,14:42:49,5.34,0.0,189,100926,买盘
2297,14:42:51,5.34,0.0,11,5874,买盘
2298,14:42:54,5.33,-0.01,23,12259,卖盘
2299,14:42:58,5.34,0.01,1,534,买盘
2300,14:43:04,5.34,0.0,1,534,买盘
2301,14:43:06,5.33,-0.01,21,11193,卖盘
2302,14:43:10,5.34,0.01,9,4806,买盘
2303,14:43:16,5.34,0.0,20,10680,卖盘
2304,14:43:21,5.34,0.0,3,1602,卖盘
2305,14:43:27,5.34,0.0,20,10680,卖盘
2306,14:43:37,5.34,0.0,22,11748,卖盘
2307,14:43:43,5.34,0.0,300,160200,卖盘
2308,14:43:45,5.34,0.0,83,44322,卖盘
2309,14:43:52,5.34,0.0,23,12261,买盘
2310,14:43:54,5.33,-0.01,2,1066,卖盘
2311,14:44:01,5.33,0.0,20,10660,卖盘
2312,14:44:04,5.33,0.0,1,533,卖盘
2313,14:44:06,5.34,0.01,20,10680,买盘
2314,14:44:12,5.33,-0.01,28,14934,卖盘
2315,14:44:19,5.34,0.01,2,1068,买盘
2316,14:44:22,5.33,-0.01,3,1599,卖盘
2317,14:44:25,5.33,0.0,21,11193,卖盘
2318,14:44:31,5.33,0.0,2,1066,卖盘
2319,14:44:33,5.33,0.0,19,10127,卖盘
2320,14:44:42,5.33,0.0,19,10127,卖盘
2321,14:44:45,5.33,0.0,1,533,卖盘
2322,14:44:54,5.33,0.0,22,11726,卖盘
2323,14:45:01,5.33,0.0,3,1599,卖盘
2324,14:45:03,5.33,0.0,2,1066,卖盘
2325,14:45:06,5.33,0.0,212,112996,卖盘
2326,14:45:15,5.34,0.01,14,7475,买盘
2327,14:45:18,5.33,-0.01,24,12792,卖盘
2328,14:45:21,5.34,0.01,19,10146,买盘
2329,14:45:28,5.33,-0.01,21,11194,卖盘
2330,14:45:42,5.34,0.01,32,17066,买盘
2331,14:45:46,5.34,0.0,9,4804,买盘
2332,14:45:51,5.33,-0.01,19,10127,卖盘
2333,14:45:54,5.33,0.0,4,2132,卖盘
2334,14:45:58,5.33,0.0,13,6930,卖盘
2335,14:46:00,5.33,0.0,21,11193,卖盘
2336,14:46:04,5.33,0.0,1,533,卖盘
2337,14:46:06,5.33,0.0,15,8004,卖盘
2338,14:46:15,5.33,0.0,51,27193,卖盘
2339,14:46:18,5.33,0.0,3,1599,卖盘
2340,14:46:21,5.33,0.0,19,10127,卖盘
2341,14:46:28,5.34,0.01,1,534,买盘
2342,14:46:30,5.33,-0.01,20,10660,卖盘
2343,14:46:37,5.33,0.0,24,12792,卖盘
2344,14:46:39,5.33,0.0,651,346983,卖盘
2345,14:46:42,5.34,0.01,7,3736,买盘
2346,14:46:45,5.33,-0.01,37,19721,卖盘
2347,14:46:51,5.32,-0.01,2,1064,卖盘
2348,14:46:57,5.33,0.01,1,533,买盘
2349,14:47:00,5.32,-0.01,20,10640,卖盘
2350,14:47:03,5.33,0.01,20,10660,买盘
2351,14:47:06,5.33,0.0,100,53300,买盘
2352,14:47:10,5.32,-0.01,19,10108,卖盘
2353,14:47:13,5.33,0.01,13,6929,买盘
2354,14:47:15,5.33,0.0,17,9058,买盘
2355,14:47:18,5.32,-0.01,20,10640,卖盘
2356,14:47:24,5.33,0.01,67,35701,买盘
2357,14:47:27,5.34,0.01,1,534,买盘
2358,14:47:30,5.33,-0.01,19,10127,卖盘
2359,14:47:36,5.34,0.01,1,534,买盘
2360,14:47:39,5.33,-0.01,4,2132,卖盘
2361,14:47:42,5.33,0.0,22,11726,卖盘
2362,14:47:45,5.33,0.0,161,85819,卖盘
2363,14:47:51,5.33,0.0,23,12259,卖盘
2364,14:47:57,5.34,0.01,211,112464,买盘
2365,14:48:04,5.32,-0.02,21,11177,卖盘
2366,14:48:12,5.33,0.01,3,1599,卖盘
2367,14:48:15,5.32,-0.01,21,11177,卖盘
2368,14:48:24,5.33,0.01,3,1599,买盘
2369,14:48:27,5.33,0.0,21,11194,卖盘
2370,14:48:30,5.33,0.0,7,3731,卖盘
2371,14:48:33,5.33,0.0,2,1066,卖盘
2372,14:48:36,5.32,-0.01,27,14373,卖盘
2373,14:48:39,5.33,0.01,1,533,买盘
2374,14:48:45,5.32,-0.01,20,10640,卖盘
2375,14:48:48,5.32,0.0,3,1596,卖盘
2376,14:48:52,5.32,0.0,2,1064,卖盘
2377,14:48:57,5.33,0.01,21,11173,买盘
2378,14:49:07,5.32,-0.01,3,1695,卖盘
2379,14:49:10,5.32,0.0,21,11172,卖盘
2380,14:49:13,5.32,0.0,3,1596,卖盘
2381,14:49:15,5.33,0.01,100,53300,买盘
2382,14:49:18,5.33,0.0,12,6396,买盘
2383,14:49:21,5.32,-0.01,18,9576,卖盘
2384,14:49:24,5.33,0.01,71,37843,买盘
2385,14:49:27,5.33,0.0,32,17057,卖盘
2386,14:49:30,5.32,-0.01,21,11172,卖盘
2387,14:49:34,5.32,0.0,3,1596,卖盘
2388,14:49:39,5.32,0.0,20,10640,卖盘
2389,14:49:45,5.32,0.0,15,7980,卖盘
2390,14:49:49,5.32,0.0,3,1596,卖盘
2391,14:49:51,5.32,0.0,82,43624,卖盘
2392,14:49:54,5.32,0.0,136,72352,卖盘
2393,14:49:57,5.33,0.01,1,533,买盘
2394,14:50:04,5.33,0.0,33,17589,买盘
2395,14:50:06,5.33,0.0,45,23964,买盘
2396,14:50:09,5.32,-0.01,55,29267,卖盘
2397,14:50:12,5.32,0.0,15,7980,卖盘
2398,14:50:15,5.32,0.0,70,37262,卖盘
2399,14:50:21,5.32,0.0,31,16492,卖盘
2400,14:50:25,5.33,0.01,52,27666,买盘
2401,14:50:27,5.33,0.0,21,11173,买盘
2402,14:50:30,5.33,0.0,301,160432,买盘
2403,14:50:39,5.33,0.0,143,76219,卖盘
2404,14:50:42,5.33,0.0,2,1066,卖盘
2405,14:50:45,5.34,0.01,1,534,买盘
2406,14:50:48,5.33,-0.01,5,2665,卖盘
2407,14:50:51,5.33,0.0,30,15990,卖盘
2408,14:50:54,5.33,0.0,25,13325,卖盘
2409,14:50:57,5.34,0.01,273,145752,买盘
2410,14:51:00,5.34,0.0,131,69954,买盘
2411,14:51:09,5.34,0.0,26,13862,买盘
2412,14:51:15,5.34,0.0,25,13350,买盘
2413,14:51:19,5.33,-0.01,3,1599,卖盘
2414,14:51:21,5.33,0.0,19,10127,卖盘
2415,14:51:24,5.34,0.01,102,54466,买盘
2416,14:51:27,5.34,0.0,1,534,买盘
2417,14:51:31,5.33,-0.01,6,3198,卖盘
2418,14:51:33,5.33,0.0,18,9594,卖盘
2419,14:51:42,5.33,0.0,59,31484,卖盘
2420,14:51:45,5.33,0.0,15,7995,卖盘
2421,14:51:49,5.33,0.0,5,2665,卖盘
2422,14:51:52,5.33,0.0,1,533,卖盘
2423,14:51:54,5.33,0.0,22,11730,卖盘
2424,14:51:57,5.34,0.01,3,1600,买盘
2425,14:52:00,5.33,-0.01,18,9594,卖盘
2426,14:52:03,5.34,0.01,20,10680,买盘
2427,14:52:06,5.33,-0.01,29,15457,卖盘
2428,14:52:15,5.33,0.0,19,10127,卖盘
2429,14:52:24,5.33,0.0,3,1599,卖盘
2430,14:52:27,5.34,0.01,23,12260,买盘
2431,14:52:30,5.33,-0.01,1,533,卖盘
2432,14:52:36,5.33,0.0,21,11193,卖盘
2433,14:52:42,5.33,0.0,6,3198,卖盘
2434,14:52:45,5.33,0.0,3,1599,卖盘
2435,14:52:48,5.33,0.0,20,10660,卖盘
2436,14:52:57,5.34,0.01,1,534,买盘
2437,14:53:00,5.33,-0.01,18,9594,卖盘
2438,14:53:04,5.33,0.0,3,1599,卖盘
2439,14:53:06,5.33,0.0,5,2665,卖盘
2440,14:53:09,5.33,0.0,100,53300,卖盘
2441,14:53:12,5.33,0.0,75,39975,卖盘
2442,14:53:15,5.33,0.0,17,9061,买盘
2443,14:53:18,5.33,0.0,36,19188,买盘
2444,14:53:24,5.33,0.0,26,13836,买盘
2445,14:53:28,5.33,0.0,4,2132,买盘
2446,14:53:31,5.33,0.0,65,34645,买盘
2447,14:53:33,5.33,0.0,3,1599,卖盘
2448,14:53:45,5.33,0.0,5,2665,卖盘
2449,14:53:48,5.34,0.01,17,9075,买盘
2450,14:53:54,5.33,-0.01,1,533,卖盘
2451,14:54:04,5.33,0.0,9,4797,卖盘
2452,14:54:09,5.33,0.0,32,17056,卖盘
2453,14:54:18,5.33,0.0,38,20254,卖盘
2454,14:54:21,5.33,0.0,163,86888,卖盘
2455,14:54:30,5.33,0.0,4,2132,卖盘
2456,14:54:33,5.33,0.0,100,53300,卖盘
2457,14:54:36,5.33,0.0,35,18655,卖盘
2458,14:54:39,5.33,0.0,612,326196,卖盘
2459,14:54:42,5.33,0.0,92,49036,卖盘
2460,14:54:45,5.33,0.0,76,40508,卖盘
2461,14:54:48,5.33,0.0,36,19188,卖盘
2462,14:54:51,5.33,0.0,19,10127,卖盘
2463,14:54:55,5.33,0.0,22,11726,卖盘
2464,14:54:58,5.33,0.0,7,3731,卖盘
2465,14:55:01,5.33,0.0,4,2132,卖盘
2466,14:55:04,5.33,0.0,2,1066,卖盘
2467,14:55:06,5.34,0.01,14,7470,买盘
2468,14:55:15,5.33,-0.01,64,34175,卖盘
2469,14:55:18,5.33,0.0,100,53300,卖盘
2470,14:55:24,5.34,0.01,3,1602,买盘
2471,14:55:30,5.33,-0.01,58,30914,卖盘
2472,14:55:39,5.33,0.0,70,37310,卖盘
2473,14:55:42,5.33,0.0,444,236655,卖盘
2474,14:55:49,5.33,0.0,5,2665,买盘
2475,14:55:52,5.33,0.0,50,26650,买盘
2476,14:55:54,5.33,0.0,10,5330,买盘
2477,14:56:00,5.33,0.0,251,133784,卖盘
2478,14:56:06,5.33,0.0,72,38376,卖盘
2479,14:56:12,5.33,0.0,70,37310,买盘
2480,14:56:18,5.33,0.0,20,10660,买盘
2481,14:56:24,5.33,0.0,83,44239,买盘
2482,14:56:31,5.33,0.0,43,22919,买盘
2483,14:56:36,5.32,-0.01,40,21280,卖盘
2484,14:56:42,5.33,0.01,5,2665,买盘
2485,14:56:52,5.33,0.0,20,10660,买盘
2486,14:56:54,5.33,0.0,40,21320,买盘
2487,14:57:01,5.33,0.0,2,1066,买盘
2488,15:00:04,5.32,-0.01,743,395276,卖盘
