,time,price,change,volume,amount,type
0,09:25:04,2.94,0.0,1187,348978,卖盘
1,09:30:04,2.93,-0.01,419,122767,卖盘
2,09:30:09,2.92,-0.01,500,146000,卖盘
3,09:30:13,2.93,0.01,222,65046,买盘
4,09:30:22,2.93,0.0,31,9083,买盘
5,09:30:24,2.93,0.0,6,1758,卖盘
6,09:30:36,2.93,0.0,80,23440,卖盘
7,09:30:43,2.92,-0.01,6,1752,卖盘
8,09:30:46,2.92,0.0,120,35040,卖盘
9,09:31:00,2.92,0.0,51,14892,卖盘
10,09:31:06,2.93,0.01,34,9962,买盘
11,09:31:34,2.93,0.0,22,6446,卖盘
12,09:31:42,2.94,0.01,9,2639,买盘
13,09:32:01,2.94,0.0,200,58800,买盘
14,09:32:06,2.94,0.0,80,23520,买盘
15,09:32:33,2.93,-0.01,368,107824,卖盘
16,09:32:49,2.93,0.0,142,41606,卖盘
17,09:32:52,2.93,0.0,58,16994,买盘
18,09:32:58,2.93,0.0,7,2051,卖盘
19,09:33:06,2.93,0.0,400,117200,卖盘
20,09:33:12,2.93,0.0,96,28128,卖盘
21,09:33:16,2.93,0.0,20,5860,卖盘
22,09:33:19,2.93,0.0,500,146500,卖盘
23,09:33:24,2.93,0.0,64,18752,卖盘
24,09:33:30,2.94,0.01,50,14652,买盘
25,09:33:33,2.93,-0.01,2,586,卖盘
26,09:34:58,2.94,0.01,20,5880,买盘
27,09:35:12,2.93,-0.01,108,31644,卖盘
28,09:35:25,2.93,0.0,1,293,卖盘
29,09:35:27,2.94,0.01,653,191982,买盘
30,09:35:39,2.95,0.01,511,150745,买盘
31,09:35:52,2.96,0.01,10,2960,买盘
32,09:36:00,2.95,-0.01,17,5015,卖盘
33,09:36:04,2.95,0.0,4,1180,买盘
34,09:36:06,2.95,0.0,1,295,买盘
35,09:36:10,2.95,0.0,65,19175,买盘
36,09:36:12,2.95,0.0,47,13865,卖盘
37,09:36:16,2.95,0.0,9,2655,买盘
38,09:36:24,2.95,0.0,71,20945,买盘
39,09:36:27,2.95,0.0,27,7965,买盘
40,09:36:31,2.95,0.0,214,63130,卖盘
41,09:36:43,2.95,0.0,19,5605,买盘
42,09:36:49,2.94,-0.01,34,9996,卖盘
43,09:37:00,2.95,0.01,6,1770,买盘
44,09:37:04,2.95,0.0,20,5900,买盘
45,09:37:22,2.95,0.0,20,5900,买盘
46,09:37:24,2.94,-0.01,5,1470,卖盘
47,09:37:54,2.95,0.01,10,2950,买盘
48,09:38:04,2.95,0.0,31,9145,买盘
49,09:38:25,2.95,0.0,100,29500,买盘
50,09:38:46,2.95,0.0,100,29500,买盘
51,09:39:00,2.95,0.0,12,3540,买盘
52,09:39:09,2.94,-0.01,3,882,卖盘
53,09:39:19,2.95,0.01,10,2950,买盘
54,09:39:27,2.95,0.0,65,19175,买盘
55,09:39:57,2.95,0.0,6,1770,买盘
56,09:41:00,2.94,-0.01,125,36750,卖盘
57,09:41:12,2.94,0.0,30,8820,卖盘
58,09:41:28,2.94,0.0,300,88200,卖盘
59,09:41:31,2.94,0.0,100,29400,卖盘
60,09:41:39,2.94,0.0,338,99372,卖盘
61,09:41:46,2.94,0.0,68,19992,买盘
62,09:41:51,2.94,0.0,179,52626,买盘
63,09:41:58,2.94,0.0,8,2352,卖盘
64,09:42:01,2.94,0.0,10,2940,卖盘
65,09:42:04,2.94,0.0,89,26166,卖盘
66,09:42:33,2.94,0.0,2,588,买盘
67,09:42:37,2.94,0.0,15,4410,买盘
68,09:42:42,2.93,-0.01,10,2930,卖盘
69,09:43:01,2.93,0.0,1,293,卖盘
70,09:43:04,2.94,0.01,3,882,买盘
71,09:43:21,2.94,0.0,384,112896,买盘
72,09:43:24,2.93,-0.01,20,5860,卖盘
73,09:43:34,2.94,0.01,267,78498,买盘
74,09:43:37,2.94,0.0,30,8820,卖盘
75,09:43:40,2.94,0.0,11,3234,卖盘
76,09:43:51,2.95,0.01,20,5900,买盘
77,09:44:04,2.95,0.0,3,885,买盘
78,09:44:06,2.94,-0.01,165,48510,卖盘
79,09:44:09,2.94,0.0,20,5880,买盘
80,09:44:16,2.94,0.0,100,29400,买盘
81,09:44:43,2.94,0.0,27,7938,买盘
82,09:44:45,2.94,0.0,24,7056,买盘
83,09:44:54,2.94,0.0,30,8820,买盘
84,09:45:00,2.94,0.0,209,61446,买盘
85,09:45:04,2.94,0.0,57,16704,买盘
86,09:45:13,2.93,-0.01,1,293,卖盘
87,09:45:34,2.93,0.0,18,5274,卖盘
88,09:46:04,2.94,0.01,3,882,买盘
89,09:46:09,2.94,0.0,50,14700,买盘
90,09:46:21,2.93,-0.01,26,7634,卖盘
91,09:46:43,2.93,0.0,20,5860,卖盘
92,09:47:01,2.94,0.01,17,4998,买盘
93,09:47:04,2.94,0.0,3,882,买盘
94,09:47:12,2.94,0.0,4,1176,买盘
95,09:47:15,2.93,-0.01,30,8790,卖盘
96,09:47:22,2.94,0.01,120,35280,买盘
97,09:47:25,2.94,0.0,50,14700,买盘
98,09:47:31,2.94,0.0,69,20286,买盘
99,09:47:33,2.94,0.0,9,2646,买盘
100,09:47:39,2.94,0.0,584,171696,买盘
101,09:47:52,2.94,0.0,9,2646,卖盘
102,09:47:55,2.94,0.0,8,2352,卖盘
103,09:47:58,2.95,0.01,30,8850,买盘
104,09:48:04,2.95,0.0,3,885,买盘
105,09:48:16,2.95,0.0,4,1180,买盘
106,09:48:25,2.95,0.0,795,234525,买盘
107,09:48:40,2.95,0.0,40,11800,买盘
108,09:48:54,2.95,0.0,21,6195,买盘
109,09:48:57,2.94,-0.01,49,14453,卖盘
110,09:49:04,2.95,0.01,3,885,买盘
111,09:49:15,2.94,-0.01,208,61152,卖盘
112,09:49:28,2.95,0.01,20,5900,买盘
113,09:49:49,2.94,-0.01,25,7351,卖盘
114,09:49:52,2.94,0.0,46,13524,卖盘
115,09:49:55,2.94,0.0,11,3234,卖盘
116,09:50:04,2.95,0.01,3,885,买盘
117,09:50:27,2.95,0.0,20,5900,买盘
118,09:50:31,2.94,-0.01,51,15014,卖盘
119,09:51:03,2.95,0.01,1,295,买盘
120,09:51:06,2.94,-0.01,8,2352,卖盘
121,09:51:10,2.94,0.0,574,168756,卖盘
122,09:51:16,2.94,0.0,143,42042,买盘
123,09:51:21,2.94,0.0,10,2940,中性盘
124,09:51:25,2.94,0.0,46,13524,卖盘
125,09:51:34,2.94,0.0,43,12642,卖盘
126,09:51:43,2.94,0.0,12,3528,卖盘
127,09:51:51,2.94,0.0,41,12054,卖盘
128,09:52:22,2.94,0.0,19,5586,卖盘
129,09:52:27,2.94,0.0,79,23226,卖盘
130,09:52:30,2.94,0.0,45,13230,卖盘
131,09:52:42,2.95,0.01,50,14750,买盘
132,09:52:54,2.94,-0.01,32,9408,卖盘
133,09:53:01,2.94,0.0,100,29400,卖盘
134,09:53:15,2.95,0.01,41,12094,买盘
135,09:53:22,2.94,-0.01,9,2646,卖盘
136,09:53:25,2.95,0.01,66,19406,买盘
137,09:53:28,2.94,-0.01,434,128000,中性盘
138,09:53:34,2.95,0.01,100,29500,买盘
139,09:53:43,2.95,0.0,2,590,买盘
140,09:53:58,2.94,-0.01,40,11760,卖盘
141,09:54:18,2.93,-0.01,800,234636,卖盘
142,09:54:27,2.93,0.0,5,1465,卖盘
143,09:54:40,2.93,0.0,20,5860,卖盘
144,09:55:07,2.93,0.0,77,22561,卖盘
145,09:55:22,2.93,0.0,30,8790,卖盘
146,09:55:25,2.94,0.01,3,882,买盘
147,09:55:37,2.93,-0.01,35,10255,卖盘
148,09:56:01,2.93,0.0,20,5860,卖盘
149,09:56:16,2.93,0.0,8,2344,卖盘
150,09:56:21,2.94,0.01,9,2646,买盘
151,09:56:28,2.94,0.0,162,47628,买盘
152,09:56:33,2.93,-0.01,20,5860,卖盘
153,09:57:09,2.93,0.0,4,1172,卖盘
154,09:57:27,2.93,0.0,126,36918,卖盘
155,09:57:48,2.94,0.01,1,294,买盘
156,09:58:01,2.94,0.0,101,29694,买盘
157,09:58:07,2.94,0.0,4,1176,买盘
158,09:58:42,2.94,0.0,101,29694,买盘
159,09:59:12,2.93,-0.01,18,5274,卖盘
160,09:59:28,2.93,0.0,10,2930,卖盘
161,09:59:39,2.93,0.0,10,2930,卖盘
162,09:59:52,2.94,0.01,3,882,买盘
163,09:59:55,2.94,0.0,342,100548,买盘
164,10:00:00,2.93,-0.01,338,99034,卖盘
165,10:00:10,2.94,0.01,13,3822,买盘
166,10:00:16,2.93,-0.01,23,6739,卖盘
167,10:00:52,2.94,0.01,3,882,买盘
168,10:00:55,2.93,-0.01,8,2344,卖盘
169,10:01:06,2.93,0.0,96,28128,卖盘
170,10:01:22,2.93,0.0,5,1465,卖盘
171,10:01:52,2.94,0.01,3,882,买盘
172,10:01:57,2.93,-0.01,5,1465,卖盘
173,10:02:52,2.94,0.01,3,882,买盘
174,10:02:55,2.93,-0.01,100,29300,卖盘
175,10:03:09,2.94,0.01,100,29400,买盘
176,10:03:34,2.94,0.0,20,5880,买盘
177,10:03:52,2.94,0.0,3,882,买盘
178,10:04:51,2.94,0.0,3,882,买盘
179,10:05:04,2.94,0.0,52,15288,买盘
180,10:05:10,2.93,-0.01,100,29300,卖盘
181,10:05:24,2.93,0.0,30,8790,卖盘
182,10:05:33,2.93,0.0,6,1758,卖盘
183,10:05:36,2.93,0.0,2,586,卖盘
184,10:05:52,2.93,0.0,23,6742,卖盘
185,10:06:00,2.94,0.01,160,47040,买盘
186,10:06:06,2.93,-0.01,52,15278,卖盘
187,10:06:40,2.93,0.0,38,11134,卖盘
188,10:06:42,2.94,0.01,66,19404,买盘
189,10:06:51,2.94,0.0,28,8232,买盘
190,10:07:10,2.94,0.0,6,1764,买盘
191,10:07:19,2.94,0.0,100,29400,买盘
192,10:07:25,2.94,0.0,60,17640,买盘
193,10:07:33,2.94,0.0,7,2058,买盘
194,10:07:36,2.94,0.0,20,5880,买盘
195,10:07:43,2.94,0.0,20,5880,买盘
196,10:07:52,2.94,0.0,103,30282,买盘
197,10:07:55,2.94,0.0,40,11760,买盘
198,10:07:57,2.94,0.0,291,85554,买盘
199,10:08:52,2.95,0.01,1,295,买盘
200,10:09:01,2.95,0.0,9,2655,买盘
201,10:09:25,2.95,0.0,10,2950,买盘
202,10:09:30,2.94,-0.01,75,22050,卖盘
203,10:10:09,2.94,0.0,100,29400,卖盘
204,10:10:22,2.94,0.0,42,12348,卖盘
205,10:11:30,2.94,0.0,200,58800,卖盘
206,10:11:36,2.94,0.0,13,3822,卖盘
207,10:12:04,2.94,0.0,200,58800,卖盘
208,10:12:09,2.94,0.0,12,3528,卖盘
209,10:12:24,2.94,0.0,67,19698,卖盘
210,10:12:27,2.94,0.0,93,27342,卖盘
211,10:12:43,2.94,0.0,26,7644,卖盘
212,10:13:04,2.94,0.0,20,5880,卖盘
213,10:13:21,2.94,0.0,138,40572,卖盘
214,10:13:27,2.94,0.0,19,5586,卖盘
215,10:13:30,2.94,0.0,30,8820,卖盘
216,10:13:33,2.94,0.0,85,24990,卖盘
217,10:13:48,2.94,0.0,35,10290,卖盘
218,10:14:18,2.94,0.0,60,17640,卖盘
219,10:14:27,2.94,0.0,20,5880,卖盘
220,10:14:54,2.94,0.0,20,5880,卖盘
221,10:14:58,2.94,0.0,5,1470,卖盘
222,10:15:04,2.94,0.0,59,17346,卖盘
223,10:15:15,2.94,0.0,100,29400,卖盘
224,10:15:18,2.94,0.0,1,294,卖盘
225,10:15:39,2.94,0.0,170,49980,卖盘
226,10:15:42,2.94,0.0,61,17934,卖盘
227,10:15:54,2.94,0.0,44,12936,买盘
228,10:16:01,2.94,0.0,56,16464,卖盘
229,10:16:09,2.93,-0.01,10,2930,卖盘
230,10:16:24,2.93,0.0,5,1465,卖盘
231,10:16:39,2.94,0.01,1,294,买盘
232,10:17:06,2.94,0.0,327,96138,买盘
233,10:17:12,2.94,0.0,113,33222,买盘
234,10:17:24,2.93,-0.01,20,5860,卖盘
235,10:17:36,2.94,0.01,30,8820,买盘
236,10:17:51,2.94,0.0,254,74676,买盘
237,10:19:09,2.93,-0.01,35,10255,卖盘
238,10:19:15,2.94,0.01,20,5880,买盘
239,10:19:24,2.94,0.0,30,8820,买盘
240,10:19:57,2.94,0.0,5,1470,买盘
241,10:20:00,2.93,-0.01,95,27835,卖盘
242,10:20:31,2.94,0.01,20,5880,买盘
243,10:20:45,2.93,-0.01,230,67390,卖盘
244,10:21:37,2.94,0.01,4,1176,买盘
245,10:21:51,2.94,0.0,69,20286,买盘
246,10:22:00,2.93,-0.01,4,1172,卖盘
247,10:22:10,2.94,0.01,20,5880,买盘
248,10:22:33,2.94,0.0,100,29400,买盘
249,10:22:42,2.94,0.0,55,16170,买盘
250,10:23:15,2.94,0.0,19,5586,买盘
251,10:23:28,2.94,0.0,511,150234,买盘
252,10:23:31,2.94,0.0,87,25578,买盘
253,10:23:52,2.94,0.01,30,8820,买盘
254,10:24:03,2.94,0.0,157,46158,买盘
255,10:24:10,2.94,0.0,40,11760,卖盘
256,10:24:45,2.94,0.0,100,29400,卖盘
257,10:24:48,2.94,0.0,8,2352,卖盘
258,10:24:54,2.94,0.0,44,12940,卖盘
259,10:25:49,2.95,0.01,2,590,买盘
260,10:26:45,2.94,-0.01,1,294,卖盘
261,10:27:39,2.94,0.0,300,88200,卖盘
262,10:28:42,2.94,0.0,46,13524,卖盘
263,10:29:21,2.95,0.01,4,1180,买盘
264,10:29:36,2.95,0.0,5,1475,买盘
265,10:30:01,2.95,0.0,3,885,买盘
266,10:30:33,2.94,-0.01,1,294,卖盘
267,10:30:43,2.95,0.01,370,109150,买盘
268,10:30:54,2.95,0.0,5,1475,买盘
269,10:31:00,2.95,0.0,3,885,买盘
270,10:31:09,2.94,-0.01,820,241080,卖盘
271,10:31:27,2.94,0.0,30,8820,买盘
272,10:31:42,2.94,0.0,120,35280,买盘
273,10:32:01,2.94,0.0,3,882,买盘
274,10:32:33,2.94,0.0,10,2940,买盘
275,10:32:36,2.94,0.0,11,3234,买盘
276,10:32:57,2.94,0.0,180,52920,买盘
277,10:33:00,2.94,0.0,69,20286,卖盘
278,10:33:06,2.94,0.0,42,12348,卖盘
279,10:33:09,2.94,0.0,12,3528,买盘
280,10:33:15,2.94,0.0,5,1470,买盘
281,10:33:18,2.94,0.0,34,9996,买盘
282,10:33:22,2.94,0.0,158,46452,买盘
283,10:33:24,2.94,0.0,200,58800,买盘
284,10:34:00,2.94,0.0,3,882,买盘
285,10:34:09,2.94,0.0,200,58800,买盘
286,10:34:18,2.94,0.0,1,294,买盘
287,10:34:30,2.94,0.0,22,6468,买盘
288,10:34:42,2.94,0.0,17,4998,买盘
289,10:34:45,2.94,0.0,108,31752,买盘
290,10:35:00,2.94,0.0,3,882,买盘
291,10:35:12,2.94,0.0,53,15582,买盘
292,10:35:30,2.95,0.01,567,166898,买盘
293,10:35:40,2.95,0.0,160,47200,买盘
294,10:36:01,2.95,0.0,53,15635,买盘
295,10:36:13,2.94,-0.01,8,2352,卖盘
296,10:36:33,2.95,0.01,5,1475,买盘
297,10:36:49,2.95,0.0,52,15340,买盘
298,10:36:52,2.95,0.0,50,14750,买盘
299,10:37:01,2.95,0.0,3,885,买盘
300,10:37:18,2.95,0.0,320,94400,买盘
301,10:37:45,2.95,0.0,100,29500,买盘
302,10:37:51,2.95,0.0,1,295,买盘
303,10:37:54,2.96,0.01,1000,295108,买盘
304,10:38:01,2.96,0.0,3,888,买盘
305,10:38:12,2.96,0.0,1320,390720,买盘
306,10:38:58,2.96,0.0,10,2960,买盘
307,10:39:01,2.96,0.0,1,296,买盘
308,10:39:06,2.96,0.0,5,1480,买盘
309,10:39:15,2.96,0.0,70,20720,买盘
310,10:39:42,2.95,-0.01,800,236000,卖盘
311,10:39:48,2.95,0.0,4,1180,卖盘
312,10:39:54,2.95,0.0,125,36875,卖盘
313,10:39:57,2.95,0.0,75,22125,买盘
314,10:40:12,2.96,0.01,1,296,买盘
315,10:40:36,2.95,-0.01,20,5900,卖盘
316,10:41:12,2.95,0.0,100,29500,卖盘
317,10:41:33,2.95,0.0,43,12685,卖盘
318,10:42:12,2.95,0.0,30,8850,卖盘
319,10:42:30,2.95,0.0,54,15930,卖盘
320,10:43:18,2.96,0.01,20,5920,买盘
321,10:43:33,2.96,0.0,200,59200,买盘
322,10:44:04,2.96,0.0,823,243608,买盘
323,10:44:12,2.96,0.0,184,54464,买盘
324,10:44:18,2.96,0.0,6,1776,买盘
325,10:44:27,2.96,0.0,419,123866,买盘
326,10:44:33,2.96,0.0,53,15688,卖盘
327,10:45:06,2.96,0.0,30,8880,卖盘
328,10:45:33,2.96,0.0,678,200688,卖盘
329,10:45:42,2.96,0.0,693,205276,卖盘
330,10:45:48,2.96,0.0,10,2960,买盘
331,10:46:12,2.95,-0.01,200,59000,卖盘
332,10:46:51,2.95,0.0,3,885,卖盘
333,10:47:57,2.95,0.0,13,3835,卖盘
334,10:48:27,2.95,0.0,150,44250,卖盘
335,10:49:18,2.95,0.0,20,5900,卖盘
336,10:49:24,2.95,0.0,100,29500,卖盘
337,10:49:33,2.95,0.0,821,242195,卖盘
338,10:49:42,2.95,0.0,18,5310,买盘
339,10:50:27,2.95,0.0,120,35400,买盘
340,10:50:33,2.95,0.0,10,2950,买盘
341,10:50:39,2.95,0.0,13,3835,买盘
342,10:50:42,2.95,0.0,120,35400,买盘
343,10:50:48,2.95,0.0,6,1770,买盘
344,10:50:51,2.95,0.0,106,31270,买盘
345,10:51:03,2.95,0.0,16,4720,买盘
346,10:51:24,2.95,0.0,1,295,买盘
347,10:52:39,2.94,-0.01,52,15288,卖盘
348,10:52:42,2.95,0.01,102,30090,买盘
349,10:53:39,2.95,0.0,1,295,买盘
350,10:55:06,2.95,0.0,418,123310,买盘
351,10:55:24,2.95,0.0,1,295,买盘
352,10:55:33,2.95,0.0,57,16815,买盘
353,10:56:21,2.95,0.0,120,35400,买盘
354,10:56:25,2.95,0.0,42,12390,买盘
355,10:56:27,2.95,0.0,12,3540,买盘
356,10:56:34,2.95,0.0,150,44250,买盘
357,10:56:37,2.95,0.0,25,7375,买盘
358,10:56:40,2.95,0.0,23,6785,买盘
359,10:56:43,2.95,0.0,2,590,买盘
360,10:57:06,2.95,0.0,11,3245,买盘
361,10:57:12,2.95,0.0,38,11210,买盘
362,10:57:24,2.95,0.0,121,35695,买盘
363,10:57:45,2.95,0.0,29,8555,买盘
364,10:58:33,2.95,0.0,14,4130,卖盘
365,10:59:39,2.95,0.0,10,2950,卖盘
366,11:00:00,2.95,0.0,2,413,卖盘
367,11:00:54,2.96,0.01,10,2960,买盘
368,11:01:33,2.95,-0.01,200,59000,卖盘
369,11:02:03,2.95,0.0,100,29500,卖盘
370,11:02:18,2.95,0.0,147,43365,卖盘
371,11:02:24,2.95,0.0,318,93810,卖盘
372,11:02:33,2.95,0.0,500,147500,卖盘
373,11:02:36,2.95,0.0,97,28792,卖盘
374,11:03:21,2.95,0.0,10,2773,买盘
375,11:03:24,2.95,0.0,29,8555,卖盘
376,11:03:51,2.95,0.0,1,118,卖盘
377,11:04:15,2.95,0.0,69,20532,卖盘
378,11:04:55,2.95,0.0,99,29205,买盘
379,11:05:42,2.95,0.0,110,32450,卖盘
380,11:05:45,2.95,0.0,33,9735,卖盘
381,11:06:30,2.95,0.0,30,8850,卖盘
382,11:06:39,2.95,0.0,20,5900,卖盘
383,11:06:51,2.95,0.0,200,59000,卖盘
384,11:07:00,2.95,0.0,200,59000,卖盘
385,11:07:03,2.95,0.0,138,40710,卖盘
386,11:07:15,2.95,0.0,100,29500,卖盘
387,11:07:27,2.95,0.0,60,17700,卖盘
388,11:08:00,2.95,0.0,4,1180,卖盘
389,11:08:04,2.95,0.0,104,30680,卖盘
390,11:08:15,2.95,0.0,85,25075,卖盘
391,11:08:48,2.95,0.0,1,295,买盘
392,11:09:45,2.95,0.0,2,590,买盘
393,11:10:06,2.95,0.0,1,295,买盘
394,11:10:18,2.94,-0.01,82,24108,卖盘
395,11:10:31,2.94,0.0,460,135240,卖盘
396,11:10:42,2.94,0.0,100,29400,卖盘
397,11:10:58,2.94,0.0,255,74970,卖盘
398,11:11:01,2.94,0.0,355,104370,卖盘
399,11:11:04,2.94,0.0,100,29400,卖盘
400,11:11:06,2.95,0.01,20,5900,买盘
401,11:11:12,2.94,-0.01,856,251664,卖盘
402,11:11:22,2.93,-0.01,100,29300,卖盘
403,11:11:39,2.93,0.0,302,88486,卖盘
404,11:11:52,2.93,0.0,40,11720,卖盘
405,11:12:00,2.93,0.0,386,113098,卖盘
406,11:12:04,2.94,0.01,25,7350,买盘
407,11:12:13,2.93,-0.01,20,5860,卖盘
408,11:12:21,2.93,0.0,636,186348,卖盘
409,11:12:27,2.93,0.0,200,58600,卖盘
410,11:12:31,2.93,0.0,187,54536,卖盘
411,11:12:48,2.93,0.0,124,36332,买盘
412,11:13:00,2.92,-0.01,300,87600,卖盘
413,11:13:13,2.93,0.01,11,3223,买盘
414,11:13:18,2.92,-0.01,1150,335800,卖盘
415,11:13:21,2.91,-0.01,1276,372092,卖盘
416,11:13:24,2.91,0.0,900,261900,卖盘
417,11:13:27,2.91,0.0,448,130395,卖盘
418,11:13:30,2.91,0.0,519,150529,买盘
419,11:13:36,2.9,-0.01,1013,293783,卖盘
420,11:13:39,2.9,0.0,94,27260,卖盘
421,11:13:42,2.9,0.0,293,85063,卖盘
422,11:13:49,2.9,0.0,383,111070,卖盘
423,11:13:51,2.9,0.0,413,119770,卖盘
424,11:13:54,2.91,0.01,5,1455,买盘
425,11:13:57,2.9,-0.01,556,161240,卖盘
426,11:14:00,2.9,0.0,20,5800,买盘
427,11:14:06,2.9,0.0,14,4060,买盘
428,11:14:09,2.9,0.0,30,8700,买盘
429,11:14:12,2.9,0.0,1173,339207,买盘
430,11:14:15,2.9,0.0,23,6670,买盘
431,11:14:18,2.9,0.0,35,10150,买盘
432,11:14:21,2.9,0.0,435,126150,买盘
433,11:14:24,2.9,0.0,88,25508,买盘
434,11:14:27,2.9,0.0,71,20590,买盘
435,11:14:36,2.9,0.0,134,38860,卖盘
436,11:14:43,2.91,0.01,30,8730,买盘
437,11:14:55,2.9,-0.01,125,36250,卖盘
438,11:15:00,2.9,0.0,24,6960,卖盘
439,11:15:07,2.91,0.01,12,3492,买盘
440,11:15:10,2.91,0.0,1,291,买盘
441,11:15:13,2.91,0.0,33,9603,买盘
442,11:15:18,2.91,0.0,10,2910,买盘
443,11:15:22,2.91,0.0,6,1746,买盘
444,11:15:24,2.91,0.0,100,29100,买盘
445,11:15:36,2.91,0.0,33,9603,买盘
446,11:15:40,2.91,0.0,20,5820,买盘
447,11:15:43,2.91,0.0,373,108543,买盘
448,11:15:49,2.91,0.0,865,250915,买盘
449,11:15:52,2.91,0.0,36,10476,买盘
450,11:15:55,2.89,-0.02,1300,376863,卖盘
451,11:16:07,2.9,0.01,38,11020,卖盘
452,11:16:09,2.9,0.0,79,22910,卖盘
453,11:16:15,2.9,0.0,44,12760,买盘
454,11:16:18,2.9,0.0,116,33531,买盘
455,11:16:33,2.9,0.0,60,17400,卖盘
456,11:16:45,2.9,0.0,1300,377000,卖盘
457,11:16:48,2.91,0.01,2,582,买盘
458,11:16:51,2.91,0.0,30,8730,买盘
459,11:17:04,2.9,-0.01,10,2900,卖盘
460,11:17:12,2.9,0.0,124,35960,卖盘
461,11:17:15,2.9,0.0,1074,311611,卖盘
462,11:17:22,2.9,0.0,50,14500,卖盘
463,11:17:27,2.9,0.0,90,26100,卖盘
464,11:17:39,2.9,0.0,373,108063,卖盘
465,11:17:48,2.9,0.0,14,4060,买盘
466,11:17:51,2.9,0.0,30,8700,买盘
467,11:17:54,2.9,0.0,130,37700,买盘
468,11:17:57,2.9,0.0,99,28660,买盘
469,11:18:04,2.9,0.0,40,11600,买盘
470,11:18:07,2.9,0.0,11,3190,买盘
471,11:18:21,2.9,0.0,200,58000,卖盘
472,11:19:12,2.91,0.01,60,17410,买盘
473,11:19:27,2.91,0.0,259,75369,买盘
474,11:19:37,2.91,0.0,2,436,卖盘
475,11:19:43,2.91,0.0,117,34192,卖盘
476,11:19:45,2.91,0.0,26,7566,买盘
477,11:19:51,2.91,0.0,10,2910,买盘
478,11:20:01,2.91,0.0,120,34920,买盘
479,11:20:04,2.91,0.0,127,36812,买盘
480,11:20:36,2.92,0.01,13,3796,买盘
481,11:20:39,2.92,0.0,100,29200,买盘
482,11:20:54,2.92,0.0,100,29200,买盘
483,11:21:10,2.92,0.0,28,8176,买盘
484,11:21:27,2.91,-0.01,40,11640,卖盘
485,11:22:39,2.92,0.01,99,28908,买盘
486,11:23:00,2.92,0.0,500,146000,买盘
487,11:23:04,2.92,0.0,53,15476,买盘
488,11:23:06,2.92,0.0,9,2628,买盘
489,11:23:12,2.92,0.0,60,17520,买盘
490,11:23:15,2.92,0.0,74,21608,卖盘
491,11:23:21,2.92,0.0,22,6424,卖盘
492,11:23:27,2.92,0.0,78,22776,买盘
493,11:23:39,2.92,0.0,41,11972,卖盘
494,11:23:45,2.92,0.0,15,4380,卖盘
495,11:24:48,2.92,0.0,76,22192,卖盘
496,11:25:12,2.91,-0.01,200,58200,卖盘
497,11:25:24,2.91,0.0,300,87310,卖盘
498,11:25:27,2.91,0.0,200,58200,卖盘
499,11:26:21,2.91,0.0,263,76533,卖盘
500,11:26:42,2.91,0.0,5,1455,卖盘
501,11:27:12,2.91,0.0,202,58782,卖盘
502,11:27:15,2.92,0.01,8,2336,买盘
503,11:27:42,2.91,-0.01,40,11640,卖盘
504,11:28:09,2.91,0.0,720,209684,卖盘
505,11:28:30,2.91,0.0,131,38121,买盘
506,11:28:33,2.91,0.0,7,2037,买盘
507,11:28:36,2.91,0.0,1,291,买盘
508,11:28:39,2.91,0.0,83,24008,买盘
509,11:29:03,2.91,0.0,12,3492,卖盘
510,11:29:09,2.92,0.01,17,4964,买盘
511,11:29:18,2.92,0.0,185,54020,买盘
512,11:29:24,2.92,0.0,1,292,买盘
513,13:00:04,2.92,0.0,140,40780,买盘
514,13:00:07,2.92,0.0,10,2920,买盘
515,13:02:42,2.92,0.0,20,5840,买盘
516,13:02:58,2.92,0.0,231,67421,买盘
517,13:03:54,2.92,0.0,400,116800,买盘
518,13:04:00,2.92,0.0,3,876,买盘
519,13:04:33,2.92,0.0,55,16060,买盘
520,13:04:39,2.92,0.0,70,20440,卖盘
521,13:05:00,2.93,0.01,3,879,买盘
522,13:05:30,2.92,-0.01,200,58400,卖盘
523,13:05:36,2.92,0.0,110,32120,卖盘
524,13:05:39,2.92,0.0,111,32412,卖盘
525,13:06:00,2.92,0.0,3,876,买盘
526,13:07:00,2.92,0.0,3,876,买盘
527,13:07:45,2.91,-0.01,3,873,卖盘
528,13:07:48,2.91,0.0,425,123675,卖盘
529,13:08:00,2.92,0.01,3,876,买盘
530,13:08:19,2.9,-0.02,200,58113,卖盘
531,13:08:24,2.92,0.02,2,584,买盘
532,13:08:33,2.91,-0.01,14,4074,卖盘
533,13:08:39,2.91,0.0,26,7566,买盘
534,13:08:57,2.9,-0.01,1,290,卖盘
535,13:09:00,2.91,0.01,3,873,买盘
536,13:09:03,2.91,0.0,30,8730,买盘
537,13:09:06,2.91,0.0,18,5238,买盘
538,13:09:09,2.91,0.0,20,5820,买盘
539,13:09:12,2.9,-0.01,208,60328,卖盘
540,13:09:15,2.91,0.01,22,6402,买盘
541,13:09:24,2.9,-0.01,100,29000,卖盘
542,13:10:00,2.91,0.01,3,873,买盘
543,13:10:10,2.91,0.0,23,6693,买盘
544,13:11:00,2.91,0.0,3,873,买盘
545,13:11:09,2.91,0.0,280,81480,买盘
546,13:12:00,2.92,0.01,3,876,买盘
547,13:12:36,2.92,0.0,247,72124,买盘
548,13:13:00,2.92,0.0,1,292,买盘
549,13:14:06,2.91,-0.01,90,26210,卖盘
550,13:15:21,2.91,0.0,50,14550,卖盘
551,13:15:42,2.91,0.0,25,7275,卖盘
552,13:15:54,2.91,0.0,200,58200,卖盘
553,13:16:04,2.91,0.0,300,87300,卖盘
554,13:16:24,2.91,0.0,200,58200,卖盘
555,13:17:15,2.91,0.0,200,58200,卖盘
556,13:18:03,2.91,0.0,120,34920,卖盘
557,13:18:18,2.91,0.0,247,71877,卖盘
558,13:18:36,2.91,0.0,21,6111,买盘
559,13:18:45,2.91,0.0,50,14550,买盘
560,13:19:04,2.9,-0.01,93,26970,卖盘
561,13:19:15,2.9,0.0,18,5220,卖盘
562,13:19:18,2.91,0.01,10,2910,买盘
563,13:20:24,2.91,0.0,44,12804,买盘
564,13:21:06,2.9,-0.01,28,8120,卖盘
565,13:21:12,2.9,0.0,4,1160,卖盘
566,13:21:51,2.9,0.0,36,10440,卖盘
567,13:22:12,2.9,0.0,20,5800,卖盘
568,13:22:30,2.91,0.01,60,17460,买盘
569,13:22:33,2.91,0.0,21,6111,买盘
570,13:22:37,2.91,0.0,1300,378300,买盘
571,13:22:39,2.91,0.0,29,8439,买盘
572,13:22:42,2.91,0.0,45,13095,买盘
573,13:22:48,2.93,0.02,1000,292120,买盘
574,13:23:06,2.91,-0.02,29,8439,卖盘
575,13:23:09,2.93,0.02,5,1465,买盘
576,13:23:12,2.91,-0.02,1,291,卖盘
577,13:23:30,2.93,0.02,8,2344,买盘
578,13:23:36,2.92,-0.01,11,3212,卖盘
579,13:23:54,2.92,0.0,6,1752,买盘
580,13:24:01,2.92,0.0,77,22484,买盘
581,13:24:48,2.91,-0.01,100,29100,卖盘
582,13:25:06,2.92,0.01,1,292,买盘
583,13:25:33,2.92,0.0,20,5840,买盘
584,13:25:39,2.92,0.0,10,2920,买盘
585,13:25:54,2.91,-0.01,100,29100,卖盘
586,13:26:00,2.92,0.01,8,2336,买盘
587,13:26:04,2.92,0.0,79,23021,买盘
588,13:26:12,2.92,0.0,200,58400,买盘
589,13:27:24,2.92,0.0,34,9928,买盘
590,13:27:27,2.92,0.0,21,6132,买盘
591,13:27:42,2.91,-0.01,3,873,卖盘
592,13:28:30,2.91,0.0,98,28518,卖盘
593,13:30:00,2.91,0.0,169,49179,卖盘
594,13:30:09,2.91,0.0,10,2910,卖盘
595,13:30:12,2.91,0.0,188,54708,卖盘
596,13:30:24,2.91,0.0,100,29100,卖盘
597,13:30:30,2.91,0.0,10,2910,卖盘
598,13:30:48,2.91,0.0,669,194679,卖盘
599,13:30:57,2.91,0.0,22,6402,买盘
600,13:31:09,2.9,-0.01,200,58000,卖盘
601,13:31:12,2.91,0.01,40,11640,买盘
602,13:31:15,2.91,0.0,1,291,买盘
603,13:31:18,2.9,-0.01,1000,290000,卖盘
604,13:31:30,2.9,0.0,1200,348000,卖盘
605,13:31:40,2.9,0.0,200,58000,卖盘
606,13:31:48,2.9,0.0,10,2900,卖盘
607,13:31:51,2.9,0.0,8,2320,卖盘
608,13:32:00,2.9,0.0,20,5800,卖盘
609,13:32:06,2.9,0.0,8,2320,卖盘
610,13:32:12,2.9,0.0,20,5800,卖盘
611,13:32:22,2.9,0.0,1621,470229,卖盘
612,13:32:24,2.9,0.0,110,31900,买盘
613,13:32:27,2.89,-0.01,22,6358,卖盘
614,13:32:51,2.89,0.0,809,233801,卖盘
615,13:33:01,2.9,0.01,25,7250,买盘
616,13:33:19,2.9,0.0,20,5800,买盘
617,13:33:21,2.9,0.0,14,4060,买盘
618,13:33:24,2.9,0.0,8,2320,买盘
619,13:33:33,2.9,0.0,10,2900,买盘
620,13:33:36,2.9,0.0,21,6090,买盘
621,13:33:49,2.9,0.0,2,580,买盘
622,13:33:54,2.9,0.0,167,48430,买盘
623,13:33:57,2.89,-0.01,2027,585830,卖盘
624,13:34:00,2.9,0.01,20,5800,买盘
625,13:34:06,2.9,0.0,39,11171,买盘
626,13:34:12,2.9,0.0,12,3619,卖盘
627,13:34:18,2.9,0.0,42,12180,买盘
628,13:34:21,2.9,0.0,21,6090,买盘
629,13:34:34,2.9,0.0,45,12911,买盘
630,13:34:39,2.9,0.0,200,58139,卖盘
631,13:34:48,2.89,-0.01,200,57800,卖盘
632,13:34:51,2.9,0.01,50,14500,买盘
633,13:34:54,2.9,0.0,5,1450,买盘
634,13:35:04,2.89,-0.01,10,2890,卖盘
635,13:35:09,2.9,0.01,200,58000,买盘
636,13:35:21,2.9,0.0,1,290,买盘
637,13:35:24,2.89,-0.01,14,4046,卖盘
638,13:35:37,2.9,0.01,30,8700,买盘
639,13:36:06,2.89,-0.01,32,9248,卖盘
640,13:36:12,2.89,0.0,300,86700,卖盘
641,13:36:16,2.9,0.01,6,1740,买盘
642,13:36:21,2.89,-0.01,705,203745,卖盘
643,13:36:27,2.89,0.0,10,2890,买盘
644,13:36:30,2.89,0.0,8,2312,买盘
645,13:36:39,2.89,0.0,86,24854,买盘
646,13:36:42,2.88,-0.01,75,21600,卖盘
647,13:36:55,2.88,0.0,114,32832,卖盘
648,13:36:58,2.89,0.01,54,15606,买盘
649,13:37:06,2.88,-0.01,101,29099,卖盘
650,13:37:19,2.88,0.0,139,40071,卖盘
651,13:37:22,2.89,0.01,10,2890,买盘
652,13:37:27,2.88,-0.01,250,72000,卖盘
653,13:37:36,2.89,0.01,61,17629,买盘
654,13:37:42,2.88,-0.01,900,259200,卖盘
655,13:37:48,2.88,0.0,618,177985,卖盘
656,13:38:04,2.87,-0.01,31,8897,卖盘
657,13:38:06,2.87,0.0,1000,287000,卖盘
658,13:38:12,2.87,0.0,9,2583,卖盘
659,13:38:18,2.88,0.01,34,9792,买盘
660,13:38:30,2.87,-0.01,101,28988,卖盘
661,13:38:39,2.87,0.0,58,16646,卖盘
662,13:38:48,2.88,0.01,67,19296,买盘
663,13:38:51,2.88,0.0,135,38818,买盘
664,13:38:54,2.88,0.0,102,29376,买盘
665,13:39:04,2.88,0.0,53,15254,买盘
666,13:39:06,2.88,0.0,142,40896,买盘
667,13:39:24,2.89,0.01,629,181781,买盘
668,13:39:27,2.89,0.0,20,5780,卖盘
669,13:39:36,2.89,0.0,200,57800,卖盘
670,13:39:39,2.89,0.0,50,14450,卖盘
671,13:40:00,2.89,0.0,40,11560,卖盘
672,13:40:04,2.89,0.0,15,4335,卖盘
673,13:40:09,2.9,0.01,27,7830,买盘
674,13:40:15,2.9,0.0,137,39730,买盘
675,13:40:30,2.9,0.0,2,580,买盘
676,13:40:33,2.9,0.0,1074,311460,买盘
677,13:40:36,2.9,0.0,29,8410,买盘
678,13:40:39,2.9,0.0,60,17400,买盘
679,13:40:48,2.9,0.0,38,11020,买盘
680,13:41:04,2.9,0.0,25,7250,买盘
681,13:41:06,2.89,-0.01,14,4051,卖盘
682,13:41:15,2.89,0.0,10,2890,卖盘
683,13:41:21,2.89,0.0,8,2312,卖盘
684,13:41:36,2.9,0.01,10,2900,买盘
685,13:41:39,2.89,-0.01,1108,320212,卖盘
686,13:42:12,2.89,0.0,200,57800,卖盘
687,13:42:18,2.89,0.0,8,2312,卖盘
688,13:42:21,2.89,0.0,134,38726,卖盘
689,13:42:31,2.89,0.0,160,46240,卖盘
690,13:42:39,2.89,0.0,80,23120,卖盘
691,13:43:00,2.89,0.0,501,144789,卖盘
692,13:43:06,2.89,0.0,7,2023,卖盘
693,13:43:30,2.9,0.01,310,89600,买盘
694,13:43:54,2.9,0.0,70,20300,买盘
695,13:44:15,2.9,0.0,10,2900,买盘
696,13:44:18,2.9,0.0,10,2900,买盘
697,13:44:36,2.9,0.0,18,5220,买盘
698,13:45:09,2.89,-0.01,10,2890,卖盘
699,13:46:04,2.89,0.0,646,186694,卖盘
700,13:46:09,2.89,0.0,39,11271,卖盘
701,13:46:15,2.89,0.0,406,117334,卖盘
702,13:46:36,2.89,0.0,16,4624,买盘
703,13:46:55,2.89,0.0,41,11849,买盘
704,13:46:57,2.89,0.0,100,28900,买盘
705,13:47:07,2.88,-0.01,8,2304,卖盘
706,13:47:13,2.88,0.0,7,2016,卖盘
707,13:47:21,2.88,0.0,135,38880,卖盘
708,13:47:27,2.88,0.0,22,6336,卖盘
709,13:47:30,2.88,0.0,464,133632,卖盘
710,13:47:45,2.88,0.0,560,161280,卖盘
711,13:47:52,2.88,0.0,25,7200,买盘
712,13:48:00,2.87,-0.01,60,17220,卖盘
713,13:48:04,2.88,0.01,501,144288,买盘
714,13:48:06,2.88,0.0,100,28800,买盘
715,13:48:09,2.88,0.0,8,2304,买盘
716,13:48:12,2.88,0.0,29,8352,买盘
717,13:48:18,2.88,0.0,2,576,买盘
718,13:48:21,2.88,0.0,25,7200,买盘
719,13:48:24,2.88,0.0,2,576,买盘
720,13:48:27,2.88,0.0,100,28800,买盘
721,13:48:30,2.88,0.0,50,14400,买盘
722,13:48:33,2.88,0.0,35,10075,买盘
723,13:48:36,2.88,0.0,99,28512,买盘
724,13:48:42,2.87,-0.01,18,5166,卖盘
725,13:48:51,2.88,0.01,2,576,买盘
726,13:48:58,2.88,0.0,2,576,买盘
727,13:49:09,2.88,0.0,22,6336,买盘
728,13:49:12,2.88,0.0,100,28800,买盘
729,13:49:18,2.88,0.0,156,44928,买盘
730,13:49:21,2.88,0.0,110,31680,买盘
731,13:49:25,2.88,0.0,14,4032,买盘
732,13:49:54,2.88,0.0,1,288,买盘
733,13:50:00,2.88,0.0,150,43100,买盘
734,13:50:04,2.88,0.0,10,2880,买盘
735,13:50:09,2.88,0.0,20,5760,买盘
736,13:50:18,2.88,0.0,100,28800,买盘
737,13:50:21,2.87,-0.01,99,28413,卖盘
738,13:50:24,2.88,0.01,60,17280,买盘
739,13:50:27,2.88,0.0,13,3744,买盘
740,13:50:30,2.87,-0.01,202,57974,卖盘
741,13:50:36,2.88,0.01,20,5760,买盘
742,13:50:48,2.88,0.0,3,864,买盘
743,13:50:52,2.88,0.0,22,6336,买盘
744,13:51:04,2.88,0.0,35,10080,买盘
745,13:51:16,2.88,0.0,15,4320,买盘
746,13:51:18,2.88,0.0,16,4608,买盘
747,13:51:25,2.88,0.0,22,6336,买盘
748,13:51:34,2.88,0.0,30,8640,买盘
749,13:51:43,2.88,0.0,3,864,买盘
750,13:51:45,2.88,0.0,20,5760,买盘
751,13:51:55,2.88,0.0,30,8640,买盘
752,13:51:57,2.88,0.0,31,8928,买盘
753,13:52:00,2.88,0.0,110,31680,买盘
754,13:52:04,2.88,0.0,5,1440,买盘
755,13:52:06,2.88,0.0,120,34560,买盘
756,13:52:10,2.88,0.0,50,14400,买盘
757,13:52:12,2.88,0.0,2,576,买盘
758,13:52:42,2.89,0.01,10,2890,买盘
759,13:52:57,2.89,0.0,50,14450,买盘
760,13:53:00,2.89,0.0,200,57800,买盘
761,13:53:04,2.89,0.0,130,37570,买盘
762,13:53:09,2.89,0.0,21,6069,买盘
763,13:53:12,2.89,0.0,100,28900,买盘
764,13:53:18,2.89,0.0,3,867,买盘
765,13:53:40,2.89,0.0,12,3468,卖盘
766,13:53:46,2.9,0.01,100,29000,买盘
767,13:53:57,2.9,0.0,24,6960,买盘
768,13:54:01,2.9,0.0,225,65111,买盘
769,13:54:07,2.9,0.0,150,43500,卖盘
770,13:54:10,2.9,0.0,3,870,卖盘
771,13:54:15,2.9,0.0,25,7250,卖盘
772,13:54:18,2.9,0.0,3,870,卖盘
773,13:54:21,2.9,0.0,34,9999,卖盘
774,13:54:27,2.9,0.0,20,5800,买盘
775,13:54:36,2.9,0.0,100,29000,买盘
776,13:55:00,2.9,0.0,50,14500,买盘
777,13:55:04,2.89,-0.01,14,4046,卖盘
778,13:55:51,2.9,0.01,3,870,买盘
779,13:56:06,2.89,-0.01,9,2601,卖盘
780,13:56:15,2.89,0.0,10,2890,卖盘
781,13:56:21,2.89,0.0,8,2312,卖盘
782,13:56:27,2.89,0.0,109,31501,卖盘
783,13:56:51,2.9,0.01,3,870,买盘
784,13:56:58,2.89,-0.01,375,108375,卖盘
785,13:57:12,2.89,0.0,300,86700,卖盘
786,13:57:25,2.9,0.01,6,1740,买盘
787,13:57:39,2.9,0.0,3,870,买盘
788,13:57:51,2.9,0.0,103,29870,买盘
789,13:57:57,2.89,-0.01,202,58378,卖盘
790,13:58:03,2.89,0.0,10,2890,卖盘
791,13:58:21,2.9,0.01,80,23200,买盘
792,13:58:51,2.9,0.0,3,870,买盘
793,13:59:12,2.89,-0.01,331,95659,卖盘
794,13:59:15,2.89,0.0,70,20230,卖盘
795,13:59:51,2.9,0.01,3,870,买盘
796,14:00:04,2.9,0.0,10,2900,买盘
797,14:00:09,2.89,-0.01,10,2890,卖盘
798,14:00:15,2.9,0.01,30,8700,买盘
799,14:00:48,2.9,0.0,26,7539,买盘
800,14:00:51,2.9,0.0,3,870,买盘
801,14:01:04,2.89,-0.01,1,289,卖盘
802,14:01:13,2.89,0.0,201,58089,卖盘
803,14:01:39,2.89,0.0,606,175134,卖盘
804,14:01:49,2.89,0.0,383,110687,卖盘
805,14:01:52,2.89,0.0,54,15606,买盘
806,14:02:00,2.88,-0.01,1000,288000,卖盘
807,14:02:07,2.88,0.0,8,2304,卖盘
808,14:02:10,2.88,0.0,192,55296,卖盘
809,14:02:13,2.88,0.0,2,576,买盘
810,14:02:16,2.88,0.0,2,576,买盘
811,14:02:21,2.87,-0.01,138,39609,卖盘
812,14:02:28,2.87,0.0,22,6314,卖盘
813,14:02:45,2.88,0.01,100,28800,买盘
814,14:02:51,2.87,-0.01,14,4022,卖盘
815,14:02:57,2.87,0.0,80,22960,卖盘
816,14:03:00,2.88,0.01,2,576,买盘
817,14:03:12,2.88,0.0,100,28800,买盘
818,14:03:15,2.88,0.0,4,1152,买盘
819,14:03:19,2.88,0.0,9,2592,买盘
820,14:03:21,2.88,0.0,21,6048,买盘
821,14:03:39,2.88,0.0,3,864,买盘
822,14:03:49,2.88,0.0,7,2011,买盘
823,14:03:52,2.87,-0.01,138,39709,卖盘
824,14:03:54,2.88,0.01,44,12672,买盘
825,14:04:09,2.88,0.0,34,9792,买盘
826,14:04:12,2.88,0.0,129,37152,买盘
827,14:04:18,2.88,0.0,3,864,买盘
828,14:04:27,2.88,0.0,10,2880,买盘
829,14:04:30,2.88,0.0,30,8640,买盘
830,14:04:33,2.87,-0.01,124,35588,卖盘
831,14:04:39,2.88,0.01,6,1728,买盘
832,14:04:42,2.87,-0.01,30,8638,卖盘
833,14:04:51,2.89,0.02,1,289,买盘
834,14:05:15,2.89,0.0,3,867,买盘
835,14:05:52,2.89,0.0,10,2890,买盘
836,14:06:30,2.88,-0.01,300,86400,卖盘
837,14:06:33,2.89,0.01,50,14450,买盘
838,14:06:39,2.89,0.0,10,2890,买盘
839,14:07:06,2.88,-0.01,5,1440,卖盘
840,14:07:42,2.88,0.0,100,28800,卖盘
841,14:07:54,2.88,0.0,100,28800,卖盘
842,14:08:12,2.88,0.0,30,8640,卖盘
843,14:08:18,2.88,0.0,40,11520,卖盘
844,14:08:24,2.88,0.0,2,576,卖盘
845,14:08:27,2.89,0.01,10,2890,买盘
846,14:08:39,2.88,-0.01,12,3456,卖盘
847,14:08:45,2.88,0.0,200,57600,卖盘
848,14:09:00,2.88,0.0,296,85248,卖盘
849,14:09:12,2.88,0.0,100,28800,卖盘
850,14:09:18,2.88,0.0,2,576,卖盘
851,14:09:33,2.88,0.0,220,63360,卖盘
852,14:10:15,2.88,0.0,8,2304,卖盘
853,14:10:25,2.88,0.0,258,74304,卖盘
854,14:10:28,2.88,0.0,3,864,卖盘
855,14:10:39,2.88,0.0,4,1152,卖盘
856,14:10:52,2.88,0.0,1,288,卖盘
857,14:11:06,2.89,0.01,19,5482,买盘
858,14:11:15,2.88,-0.01,80,23040,卖盘
859,14:11:21,2.88,0.0,8,2304,卖盘
860,14:11:24,2.88,0.0,1,288,卖盘
861,14:11:54,2.88,0.0,16,4608,卖盘
862,14:12:04,2.88,0.0,171,49248,卖盘
863,14:12:21,2.89,0.01,9,2601,买盘
864,14:13:12,2.89,0.0,50,14450,买盘
865,14:13:18,2.88,-0.01,1,288,卖盘
866,14:14:09,2.88,0.0,1,288,卖盘
867,14:14:24,2.88,0.0,5,1440,卖盘
868,14:14:55,2.89,0.01,11,3179,买盘
869,14:15:10,2.88,-0.01,10,2880,卖盘
870,14:15:18,2.89,0.01,5,1445,买盘
871,14:15:24,2.88,-0.01,34,9792,卖盘
872,14:15:33,2.88,0.0,20,5760,卖盘
873,14:15:36,2.88,0.0,107,30816,卖盘
874,14:15:39,2.88,0.0,100,28800,卖盘
875,14:15:43,2.88,0.0,185,53280,卖盘
876,14:16:46,2.88,0.0,12,3456,卖盘
877,14:16:48,2.88,0.0,735,211680,卖盘
878,14:16:51,2.88,0.0,8,2304,买盘
879,14:16:54,2.88,0.0,17,4896,买盘
880,14:17:00,2.88,0.0,2,576,买盘
881,14:17:07,2.87,-0.01,13,3736,卖盘
882,14:17:21,2.87,0.0,135,38745,卖盘
883,14:17:24,2.88,0.01,5,1440,买盘
884,14:17:27,2.87,-0.01,22,6314,卖盘
885,14:17:42,2.87,0.0,45,12915,卖盘
886,14:17:45,2.88,0.01,1,288,买盘
887,14:17:55,2.88,0.0,13,3744,买盘
888,14:18:21,2.87,-0.01,2,574,卖盘
889,14:18:36,2.87,0.0,120,34440,卖盘
890,14:18:46,2.87,0.0,656,188272,卖盘
891,14:19:04,2.87,0.0,574,164738,卖盘
892,14:19:07,2.87,0.0,113,32431,卖盘
893,14:19:09,2.87,0.0,136,39032,卖盘
894,14:19:22,2.86,-0.01,243,69498,卖盘
895,14:19:24,2.87,0.01,5,1435,买盘
896,14:19:27,2.86,-0.01,8,2288,卖盘
897,14:19:30,2.87,0.01,100,28700,买盘
898,14:19:45,2.87,0.0,2,574,卖盘
899,14:19:48,2.87,0.0,5,1435,买盘
900,14:20:00,2.87,0.0,2,574,买盘
901,14:20:07,2.86,-0.01,36,10296,卖盘
902,14:20:15,2.87,0.01,225,64575,买盘
903,14:20:25,2.87,0.0,26,7462,买盘
904,14:20:28,2.87,0.0,27,7749,买盘
905,14:20:39,2.87,0.0,3,861,买盘
906,14:20:43,2.87,0.0,11,3157,买盘
907,14:20:45,2.87,0.0,19,5453,买盘
908,14:20:48,2.87,0.0,60,17220,卖盘
909,14:20:57,2.87,0.0,3,861,卖盘
910,14:21:03,2.87,0.0,40,11480,卖盘
911,14:21:16,2.87,0.0,110,31570,卖盘
912,14:21:18,2.87,0.0,30,8610,卖盘
913,14:21:34,2.87,0.0,10,2870,卖盘
914,14:21:37,2.87,0.0,7,2009,卖盘
915,14:21:39,2.88,0.01,13,3744,买盘
916,14:21:45,2.87,-0.01,34,9758,卖盘
917,14:21:55,2.88,0.01,125,35968,买盘
918,14:21:58,2.88,0.0,8,2304,买盘
919,14:22:01,2.88,0.0,200,57600,买盘
920,14:22:07,2.88,0.0,500,144000,买盘
921,14:22:12,2.88,0.0,9,2592,买盘
922,14:22:18,2.88,0.0,57,16416,买盘
923,14:22:21,2.88,0.0,50,14400,买盘
924,14:22:25,2.87,-0.01,98,28219,卖盘
925,14:22:33,2.88,0.01,41,11808,买盘
926,14:22:39,2.88,0.0,35,10080,买盘
927,14:22:45,2.87,-0.01,24,6888,卖盘
928,14:22:49,2.88,0.01,10,2880,买盘
929,14:23:06,2.88,0.0,495,142560,买盘
930,14:23:39,2.88,0.0,12,3456,卖盘
931,14:23:43,2.89,0.01,200,57800,买盘
932,14:24:51,2.89,0.0,570,164730,买盘
933,14:24:55,2.87,-0.02,998,287214,卖盘
934,14:25:25,2.88,0.01,25,7200,卖盘
935,14:25:28,2.88,0.0,50,14400,买盘
936,14:26:06,2.87,-0.01,9,2583,卖盘
937,14:26:16,2.87,0.0,10,2870,卖盘
938,14:26:21,2.88,0.01,15,4320,买盘
939,14:27:18,2.88,0.0,7,2016,卖盘
940,14:27:54,2.88,0.0,8,2304,卖盘
941,14:28:43,2.88,0.0,10,2880,卖盘
942,14:29:09,2.88,0.0,100,28800,卖盘
943,14:29:15,2.89,0.01,60,17340,买盘
944,14:29:21,2.89,0.0,105,30345,买盘
945,14:29:39,2.89,0.0,61,17629,买盘
946,14:29:48,2.89,0.0,60,17340,买盘
947,14:30:04,2.89,0.0,85,24565,买盘
948,14:30:21,2.9,0.01,200,58000,买盘
949,14:30:27,2.89,-0.01,68,19710,卖盘
950,14:30:51,2.89,0.0,438,126582,卖盘
951,14:31:18,2.89,0.0,59,17051,买盘
952,14:31:55,2.89,0.0,67,19363,买盘
953,14:32:00,2.89,0.0,100,28900,买盘
954,14:32:09,2.89,0.0,53,15317,买盘
955,14:32:22,2.89,0.0,1,289,卖盘
956,14:32:28,2.89,0.0,1,289,卖盘
957,14:32:42,2.89,0.0,38,11010,卖盘
958,14:33:39,2.9,0.01,9,2610,买盘
959,14:33:49,2.89,-0.01,97,28033,卖盘
960,14:33:51,2.89,0.0,200,57800,卖盘
961,14:34:07,2.9,0.01,21,6090,买盘
962,14:34:10,2.89,-0.01,20,5780,卖盘
963,14:34:12,2.89,0.0,80,23120,卖盘
964,14:35:39,2.89,0.0,200,57800,卖盘
965,14:35:42,2.89,0.0,34,9826,卖盘
966,14:35:55,2.89,0.0,183,52887,卖盘
967,14:36:27,2.89,0.0,106,30634,买盘
968,14:36:30,2.89,0.0,7,2023,卖盘
969,14:36:33,2.89,0.0,21,6069,卖盘
970,14:36:46,2.89,0.0,10,2890,卖盘
971,14:37:00,2.89,0.0,151,43639,卖盘
972,14:37:04,2.89,0.0,6,1734,卖盘
973,14:37:06,2.89,0.0,4,1156,卖盘
974,14:37:16,2.89,0.0,1,289,卖盘
975,14:37:42,2.89,0.0,50,14450,卖盘
976,14:37:45,2.89,0.0,25,7225,卖盘
977,14:38:01,2.89,0.0,5,1445,卖盘
978,14:38:15,2.89,0.0,5,1445,卖盘
979,14:38:18,2.9,0.01,10,2900,买盘
980,14:38:21,2.89,-0.01,150,43350,卖盘
981,14:38:36,2.89,0.0,20,5780,卖盘
982,14:38:39,2.88,-0.01,1427,411064,卖盘
983,14:38:42,2.88,0.0,19,5472,买盘
984,14:39:33,2.87,-0.01,10,2870,卖盘
985,14:39:45,2.87,0.0,40,11480,卖盘
986,14:40:06,2.88,0.01,4,1152,买盘
987,14:40:10,2.88,0.0,19,5472,买盘
988,14:40:43,2.87,-0.01,30,8610,卖盘
989,14:40:48,2.88,0.01,10,2880,买盘
990,14:41:04,2.88,0.0,200,57600,买盘
991,14:41:15,2.87,-0.01,20,5740,卖盘
992,14:41:18,2.88,0.01,334,96192,买盘
993,14:41:42,2.88,0.0,200,57600,买盘
994,14:42:04,2.87,-0.01,3,861,卖盘
995,14:42:09,2.88,0.01,2,576,买盘
996,14:42:12,2.88,0.0,8,2304,买盘
997,14:42:19,2.88,0.0,100,28800,买盘
998,14:42:21,2.88,0.0,19,5472,买盘
999,14:42:39,2.88,0.0,22,6336,买盘
1000,14:42:48,2.88,0.0,5,1440,买盘
1001,14:42:57,2.88,0.0,11,3168,买盘
1002,14:43:00,2.88,0.0,5,1440,买盘
1003,14:43:06,2.88,0.0,7,2016,买盘
1004,14:43:16,2.88,0.0,18,5184,买盘
1005,14:43:21,2.88,0.0,200,57600,买盘
1006,14:43:27,2.88,0.0,559,160992,买盘
1007,14:43:33,2.88,0.0,31,8918,买盘
1008,14:43:39,2.88,0.0,50,14400,买盘
1009,14:43:46,2.88,0.0,80,23040,卖盘
1010,14:44:13,2.88,0.0,112,32256,卖盘
1011,14:44:16,2.88,0.0,1,288,买盘
1012,14:44:25,2.88,0.0,19,5472,买盘
1013,14:44:33,2.88,0.0,33,9504,卖盘
1014,14:44:42,2.88,0.0,67,19296,买盘
1015,14:44:48,2.88,0.0,30,8640,卖盘
1016,14:45:00,2.88,0.0,10,2880,卖盘
1017,14:45:07,2.88,0.0,12,3456,卖盘
1018,14:45:16,2.88,0.0,40,11520,卖盘
1019,14:45:19,2.88,0.0,37,10656,卖盘
1020,14:45:24,2.88,0.0,100,28800,买盘
1021,14:45:31,2.88,0.0,143,41184,买盘
1022,14:46:01,2.88,0.0,27,7776,卖盘
1023,14:46:12,2.88,0.0,22,6336,卖盘
1024,14:46:28,2.89,0.01,10,2890,买盘
1025,14:46:30,2.89,0.0,17,4913,买盘
1026,14:46:33,2.89,0.0,5,1445,买盘
1027,14:46:52,2.89,0.0,54,15604,买盘
1028,14:46:55,2.88,-0.01,1,288,卖盘
1029,14:47:12,2.88,0.0,2,576,卖盘
1030,14:47:21,2.88,0.0,20,5760,卖盘
1031,14:47:52,2.89,0.01,1,289,买盘
1032,14:48:04,2.88,-0.01,1,288,卖盘
1033,14:48:06,2.88,0.0,49,14112,卖盘
1034,14:48:15,2.89,0.01,4,1154,买盘
1035,14:48:31,2.89,0.0,1000,289000,买盘
1036,14:48:34,2.89,0.0,30,8670,买盘
1037,14:48:52,2.89,0.0,300,86700,买盘
1038,14:48:55,2.89,0.0,24,6936,买盘
1039,14:49:04,2.91,0.02,2000,580289,买盘
1040,14:49:16,2.9,-0.01,2,580,卖盘
1041,14:49:19,2.91,0.01,3,873,买盘
1042,14:49:28,2.92,0.01,2000,582959,买盘
1043,14:49:36,2.91,-0.01,81,23571,买盘
1044,14:49:40,2.91,0.0,90,26190,买盘
1045,14:49:43,2.91,0.0,19,5529,卖盘
1046,14:49:46,2.92,0.01,47,13724,买盘
1047,14:49:49,2.92,0.0,106,30952,买盘
1048,14:49:55,2.92,0.0,40,11680,买盘
1049,14:49:57,2.92,0.0,16,4672,买盘
1050,14:50:00,2.91,-0.01,300,87300,卖盘
1051,14:50:04,2.91,0.0,6,1746,卖盘
1052,14:50:06,2.91,0.0,100,29100,卖盘
1053,14:50:12,2.91,0.0,384,111744,卖盘
1054,14:50:16,2.91,0.0,57,16587,买盘
1055,14:50:24,2.91,0.0,564,164124,买盘
1056,14:50:30,2.92,0.01,102,29784,买盘
1057,14:50:33,2.9,-0.02,4,1160,卖盘
1058,14:50:36,2.91,0.01,22,6400,买盘
1059,14:50:45,2.91,0.0,150,43650,卖盘
1060,14:50:55,2.91,0.0,258,75078,卖盘
1061,14:50:58,2.91,0.0,35,10185,卖盘
1062,14:51:00,2.91,0.0,2,583,卖盘
1063,14:51:06,2.91,0.0,4,1164,卖盘
1064,14:51:10,2.91,0.0,2,582,卖盘
1065,14:51:18,2.91,0.0,61,17751,卖盘
1066,14:51:22,2.91,0.0,30,8730,买盘
1067,14:51:28,2.9,-0.01,5,1450,卖盘
1068,14:51:37,2.9,0.0,4,1160,卖盘
1069,14:52:07,2.91,0.01,503,146370,买盘
1070,14:52:15,2.91,0.0,24,6984,买盘
1071,14:52:21,2.91,0.0,28,8148,买盘
1072,14:52:34,2.91,0.0,19,5529,买盘
1073,14:52:42,2.91,0.0,122,35502,买盘
1074,14:52:48,2.91,0.0,3,873,买盘
1075,14:52:55,2.91,0.0,650,189150,买盘
1076,14:53:01,2.91,0.0,50,14550,卖盘
1077,14:53:19,2.91,0.0,40,11640,卖盘
1078,14:53:33,2.91,0.0,24,6984,卖盘
1079,14:53:37,2.91,0.0,6,1746,买盘
1080,14:53:40,2.91,0.0,5,1455,买盘
1081,14:53:46,2.91,0.0,15,4365,买盘
1082,14:53:49,2.91,0.0,20,5820,卖盘
1083,14:53:54,2.91,0.0,15,4365,卖盘
1084,14:53:57,2.91,0.0,87,25317,买盘
1085,14:54:21,2.91,0.0,50,14550,卖盘
1086,14:54:25,2.91,0.0,100,29100,卖盘
1087,14:54:39,2.91,0.0,72,20952,卖盘
1088,14:54:42,2.91,0.0,20,5820,卖盘
1089,14:54:58,2.91,0.0,23,6693,卖盘
1090,14:55:04,2.91,0.0,100,29100,卖盘
1091,14:55:07,2.91,0.0,119,34629,卖盘
1092,14:55:10,2.91,0.0,89,25899,卖盘
1093,14:55:16,2.91,0.0,340,98940,卖盘
1094,14:55:18,2.91,0.0,240,69840,买盘
1095,14:55:24,2.91,0.0,30,8730,卖盘
1096,14:55:31,2.91,0.0,264,76824,卖盘
1097,14:55:39,2.91,0.0,13,3783,卖盘
1098,14:55:42,2.91,0.0,200,58200,卖盘
1099,14:55:48,2.91,0.0,6,1746,卖盘
1100,14:56:01,2.92,0.01,5,1460,买盘
1101,14:56:15,2.92,0.0,238,69296,买盘
1102,14:56:21,2.91,-0.01,830,242330,卖盘
1103,14:56:25,2.92,0.01,4,1168,买盘
1104,14:56:31,2.91,-0.01,5,1455,卖盘
1105,14:56:42,2.92,0.01,1,292,买盘
1106,15:00:04,2.91,-0.01,4383,1275453,卖盘
