,time,price,change,volume,amount,type
0,09:25:05,10.33,0.05,56,57848,卖盘
1,09:30:07,10.32,-0.01,24,24734,买盘
2,09:30:10,10.33,0.01,19,19617,买盘
3,09:30:16,10.29,-0.04,12,12358,卖盘
4,09:30:22,10.28,-0.01,13,13372,卖盘
5,09:30:25,10.28,0.0,2,2056,卖盘
6,09:30:28,10.28,0.0,3,3084,卖盘
7,09:30:31,10.28,0.0,18,18504,卖盘
8,09:30:37,10.28,0.0,6,6168,买盘
9,09:30:43,10.29,0.01,20,20570,买盘
10,09:30:52,10.29,0.0,15,15435,买盘
11,09:30:55,10.3,0.01,40,41165,买盘
12,09:30:58,10.3,0.0,20,20600,买盘
13,09:31:10,10.28,-0.02,16,16458,卖盘
14,09:31:13,10.28,0.0,4,4112,卖盘
15,09:31:16,10.28,0.0,3,3084,买盘
16,09:31:22,10.28,0.0,20,20560,买盘
17,09:31:25,10.28,0.0,3,3084,买盘
18,09:31:37,10.28,0.0,10,10280,卖盘
19,09:31:43,10.29,0.01,10,10290,买盘
20,09:31:46,10.28,-0.01,30,30867,卖盘
21,09:31:55,10.29,0.01,1,1029,买盘
22,09:32:01,10.28,-0.01,20,20560,卖盘
23,09:32:07,10.28,0.0,50,51400,卖盘
24,09:32:16,10.28,0.0,20,20560,买盘
25,09:32:19,10.28,0.0,2,2056,中性盘
26,09:32:25,10.27,-0.01,125,128383,卖盘
27,09:32:28,10.26,-0.01,31,31818,卖盘
28,09:32:34,10.28,0.02,15,15420,中性盘
29,09:32:40,10.28,0.0,1,1028,卖盘
30,09:32:43,10.28,0.0,1,1028,卖盘
31,09:32:46,10.26,-0.02,30,30790,卖盘
32,09:32:55,10.28,0.02,10,10280,买盘
33,09:33:01,10.27,-0.01,3,3081,卖盘
34,09:33:19,10.27,0.0,23,23602,买盘
35,09:33:22,10.27,0.0,5,5133,买盘
36,09:33:25,10.27,0.0,5,5135,买盘
37,09:33:28,10.26,-0.01,21,21546,卖盘
38,09:33:31,10.27,0.01,10,10270,买盘
39,09:33:40,10.27,0.0,10,10270,买盘
40,09:33:49,10.27,0.0,10,10270,买盘
41,09:33:55,10.26,-0.01,16,16416,卖盘
42,09:34:04,10.27,0.01,7,7189,买盘
43,09:34:07,10.26,-0.01,20,20520,卖盘
44,09:34:10,10.26,0.0,1,1026,卖盘
45,09:34:19,10.26,0.0,1,1026,买盘
46,09:34:31,10.25,-0.01,20,20500,卖盘
47,09:34:43,10.24,-0.01,94,96320,卖盘
48,09:34:46,10.24,0.0,2,2048,买盘
49,09:34:49,10.24,0.0,13,13312,买盘
50,09:34:55,10.24,0.0,13,13312,买盘
51,09:34:58,10.23,-0.01,20,20460,卖盘
52,09:35:01,10.22,-0.01,97,99157,卖盘
53,09:35:04,10.22,0.0,27,27594,买盘
54,09:35:10,10.22,0.0,21,21462,买盘
55,09:35:13,10.22,0.0,13,13286,买盘
56,09:35:16,10.22,0.0,9,9198,买盘
57,09:35:19,10.22,0.0,36,36792,买盘
58,09:35:22,10.21,-0.01,86,87834,卖盘
59,09:35:25,10.23,0.02,2,2046,买盘
60,09:35:31,10.22,-0.01,25,25550,卖盘
61,09:35:34,10.23,0.01,2,2046,买盘
62,09:35:37,10.23,0.0,2,2046,买盘
63,09:35:43,10.22,-0.01,20,20450,卖盘
64,09:35:46,10.23,0.01,2,2046,买盘
65,09:35:52,10.23,0.0,53,54181,买盘
66,09:35:55,10.23,0.0,17,17391,买盘
67,09:35:58,10.22,-0.01,70,71591,卖盘
68,09:36:04,10.23,0.01,10,10230,卖盘
69,09:36:13,10.24,0.01,3,3072,买盘
70,09:36:25,10.24,0.0,28,28672,卖盘
71,09:36:28,10.26,0.02,29,29754,买盘
72,09:36:31,10.24,-0.02,19,19461,卖盘
73,09:36:37,10.26,0.02,15,15390,买盘
74,09:36:43,10.26,0.0,15,15390,卖盘
75,09:37:04,10.27,0.01,1,1027,卖盘
76,09:37:10,10.26,-0.01,3,3078,买盘
77,09:37:16,10.25,-0.01,16,16406,卖盘
78,09:37:19,10.24,-0.01,10,10240,卖盘
79,09:37:25,10.24,0.0,48,49152,卖盘
80,09:37:40,10.23,-0.01,6,6138,卖盘
81,09:37:43,10.23,0.0,5,5115,卖盘
82,09:37:46,10.24,0.01,20,20475,买盘
83,09:37:49,10.22,-0.02,20,20460,卖盘
84,09:37:55,10.24,0.02,34,34816,卖盘
85,09:38:01,10.24,0.0,4,4096,卖盘
86,09:38:19,10.24,0.0,1,1024,买盘
87,09:38:25,10.24,0.0,17,17393,买盘
88,09:38:28,10.24,0.0,10,10240,买盘
89,09:38:37,10.24,0.0,1,1024,卖盘
90,09:38:43,10.25,0.01,10,10250,买盘
91,09:38:49,10.24,-0.01,7,7170,卖盘
92,09:39:01,10.25,0.01,38,38925,买盘
93,09:39:05,10.25,0.0,1,1025,卖盘
94,09:39:10,10.24,-0.01,3,3074,卖盘
95,09:39:16,10.24,0.0,49,50255,卖盘
96,09:39:25,10.23,-0.01,69,70597,卖盘
97,09:39:31,10.23,0.0,16,16368,卖盘
98,09:39:34,10.23,0.0,38,38874,卖盘
99,09:39:37,10.22,-0.01,43,43946,卖盘
100,09:39:40,10.23,0.01,54,55237,买盘
101,09:39:49,10.22,-0.01,4,4088,买盘
102,09:39:52,10.22,0.0,5,5110,买盘
103,09:40:01,10.21,-0.01,40,40840,卖盘
104,09:40:10,10.21,0.0,29,29609,卖盘
105,09:40:16,10.21,0.0,3,3063,卖盘
106,09:40:19,10.21,0.0,7,7147,卖盘
107,09:40:25,10.21,0.0,12,12252,买盘
108,09:40:28,10.22,0.01,20,20429,买盘
109,09:40:40,10.22,0.0,10,10220,卖盘
110,09:40:43,10.23,0.01,1,1023,买盘
111,09:40:46,10.22,-0.01,88,89936,卖盘
112,09:41:10,10.21,-0.01,109,111386,卖盘
113,09:41:13,10.21,0.0,29,29609,买盘
114,09:41:22,10.2,-0.01,12,12247,卖盘
115,09:41:34,10.21,0.01,66,67327,买盘
116,09:41:40,10.2,-0.01,5,5100,买盘
117,09:41:43,10.2,0.0,11,11220,买盘
118,09:41:46,10.2,0.0,9,9180,买盘
119,09:41:49,10.19,-0.01,35,35665,卖盘
120,09:41:52,10.2,0.01,10,10200,买盘
121,09:41:55,10.2,0.0,10,10200,买盘
122,09:42:04,10.2,0.0,23,23448,买盘
123,09:42:07,10.18,-0.02,70,71278,卖盘
124,09:42:10,10.19,0.01,2,2038,中性盘
125,09:42:13,10.19,0.0,8,8152,买盘
126,09:42:28,10.18,-0.01,20,20372,卖盘
127,09:42:31,10.19,0.01,4,4076,中性盘
128,09:42:34,10.19,0.0,15,15295,卖盘
129,09:42:40,10.16,-0.03,280,285010,卖盘
130,09:42:49,10.19,0.03,6,6114,买盘
131,09:42:55,10.19,0.0,1,1019,买盘
132,09:42:58,10.19,0.0,23,23421,买盘
133,09:43:01,10.19,0.0,15,15285,卖盘
134,09:43:06,10.19,0.0,10,10190,买盘
135,09:43:10,10.18,-0.01,4,4072,卖盘
136,09:43:16,10.18,0.0,30,30540,卖盘
137,09:43:19,10.18,0.0,2,2036,卖盘
138,09:43:28,10.18,0.0,8,8144,买盘
139,09:43:40,10.19,0.01,56,57064,买盘
140,09:43:43,10.19,0.0,45,45840,买盘
141,09:43:52,10.19,0.0,10,10190,卖盘
142,09:44:01,10.19,0.0,33,33627,卖盘
143,09:44:07,10.21,0.02,7,7147,买盘
144,09:44:22,10.19,-0.02,13,13247,卖盘
145,09:44:28,10.21,0.02,20,20420,买盘
146,09:44:31,10.2,-0.01,1,1020,卖盘
147,09:44:40,10.18,-0.02,104,105920,卖盘
148,09:44:46,10.2,0.02,3,3060,买盘
149,09:44:49,10.21,0.01,15,15313,买盘
150,09:45:07,10.21,0.0,10,10210,买盘
151,09:45:25,10.21,0.0,2,2042,卖盘
152,09:45:55,10.24,0.03,25,25600,买盘
153,09:46:13,10.24,0.0,1,1024,买盘
154,09:46:19,10.23,-0.01,2,2046,卖盘
155,09:46:22,10.22,-0.01,21,21501,卖盘
156,09:46:31,10.24,0.02,7,7168,买盘
157,09:46:40,10.22,-0.02,7,7154,卖盘
158,09:46:43,10.24,0.02,5,5120,买盘
159,09:46:55,10.22,-0.02,30,30660,卖盘
160,09:47:10,10.22,0.0,38,38836,卖盘
161,09:47:25,10.23,0.01,1,1023,卖盘
162,09:47:31,10.25,0.02,100,102423,买盘
163,09:47:34,10.23,-0.02,3,3069,卖盘
164,09:47:43,10.23,0.0,64,65494,卖盘
165,09:47:55,10.23,0.0,5,5115,卖盘
166,09:47:58,10.22,-0.01,60,61374,卖盘
167,09:48:40,10.24,0.02,30,30720,中性盘
168,09:48:49,10.24,0.0,6,6144,买盘
169,09:48:55,10.24,0.0,19,19456,买盘
170,09:49:04,10.25,0.01,70,71750,买盘
171,09:49:10,10.22,-0.03,200,204573,卖盘
172,09:49:16,10.25,0.03,20,20500,买盘
173,09:49:25,10.25,0.0,5,5125,买盘
174,09:49:31,10.25,0.0,28,28670,买盘
175,09:49:40,10.25,0.0,10,10250,卖盘
176,09:49:43,10.25,0.0,10,10250,买盘
177,09:49:52,10.25,0.0,26,26650,买盘
178,09:50:19,10.25,0.0,30,30750,买盘
179,09:50:25,10.25,0.0,54,55350,买盘
180,09:50:31,10.25,0.0,30,30750,卖盘
181,09:50:34,10.25,0.0,4,4100,卖盘
182,09:50:37,10.25,0.0,2,2050,买盘
183,09:50:58,10.24,-0.01,100,102400,卖盘
184,09:51:31,10.25,0.01,5,5125,买盘
185,09:51:46,10.23,-0.02,56,57389,卖盘
186,09:51:52,10.24,0.01,5,5120,中性盘
187,09:52:04,10.24,0.0,1,1024,买盘
188,09:52:16,10.24,0.0,8,8192,卖盘
189,09:52:19,10.22,-0.02,139,142150,卖盘
190,09:52:25,10.22,0.0,10,10220,卖盘
191,09:52:34,10.22,0.0,43,43946,卖盘
192,09:52:55,10.25,0.03,5,5125,买盘
193,09:54:04,10.24,-0.01,10,10240,卖盘
194,09:54:55,10.23,-0.01,14,14322,卖盘
195,09:55:07,10.22,-0.01,30,30660,卖盘
196,09:55:10,10.23,0.01,1,1023,买盘
197,09:55:13,10.23,0.0,26,26578,买盘
198,09:55:16,10.23,0.0,15,15345,卖盘
199,09:55:31,10.23,0.0,5,5115,卖盘
200,09:55:37,10.23,0.0,1,1023,卖盘
201,09:55:40,10.23,0.0,6,6138,卖盘
202,09:55:52,10.22,-0.01,29,29660,卖盘
203,09:56:37,10.23,0.01,1,1023,买盘
204,09:56:43,10.22,-0.01,51,52122,卖盘
205,09:56:49,10.23,0.01,3,3069,买盘
206,09:56:58,10.22,-0.01,11,11242,卖盘
207,09:57:04,10.22,0.0,1,1022,卖盘
208,09:57:22,10.22,0.0,1,1022,卖盘
209,09:57:25,10.22,0.0,35,35770,卖盘
210,09:57:37,10.23,0.01,10,10230,买盘
211,09:57:43,10.23,0.0,3,3069,买盘
212,09:57:52,10.22,-0.01,1,1022,卖盘
213,09:57:54,10.23,0.01,27,27614,买盘
214,09:58:28,10.23,0.0,5,5115,买盘
215,09:58:37,10.23,0.0,4,4092,卖盘
216,09:58:40,10.23,0.0,1,1023,卖盘
217,09:59:25,10.21,-0.02,111,113405,卖盘
218,09:59:27,10.21,0.0,30,30630,卖盘
219,10:00:04,10.21,0.0,89,90869,卖盘
220,10:00:13,10.21,0.0,5,5105,卖盘
221,10:00:19,10.21,0.0,1,1021,卖盘
222,10:00:22,10.23,0.02,2,2046,买盘
223,10:00:37,10.21,-0.02,80,81685,卖盘
224,10:00:40,10.21,0.0,8,8168,买盘
225,10:00:46,10.21,0.0,12,12252,买盘
226,10:01:13,10.23,0.02,257,263732,买盘
227,10:01:37,10.24,0.01,10,10240,买盘
228,10:01:40,10.23,-0.01,95,96315,卖盘
229,10:01:43,10.24,0.01,5,5119,卖盘
230,10:02:19,10.23,-0.01,6,6138,买盘
231,10:02:22,10.21,-0.02,2,2042,卖盘
232,10:02:28,10.23,0.02,3,3069,买盘
233,10:02:33,10.23,0.0,10,10230,买盘
234,10:02:43,10.23,0.0,22,22506,卖盘
235,10:03:25,10.24,0.01,5,5120,买盘
236,10:03:28,10.24,0.0,6,6139,买盘
237,10:03:43,10.23,-0.01,27,27621,卖盘
238,10:04:04,10.24,0.01,71,72699,买盘
239,10:04:19,10.24,0.0,14,14336,买盘
240,10:04:40,10.24,0.0,2,2048,买盘
241,10:04:46,10.24,0.0,2,2048,买盘
242,10:04:55,10.23,-0.01,50,51150,卖盘
243,10:05:01,10.24,0.01,30,30720,买盘
244,10:05:04,10.24,0.0,2,2048,买盘
245,10:05:10,10.24,0.0,8,8192,买盘
246,10:05:46,10.24,0.0,2,2048,买盘
247,10:05:52,10.23,-0.01,230,235320,卖盘
248,10:06:04,10.23,0.0,40,40920,卖盘
249,10:07:58,10.22,-0.01,65,66460,卖盘
250,10:08:19,10.23,0.01,2,2046,卖盘
251,10:10:04,10.23,0.0,10,10230,卖盘
252,10:10:13,10.23,0.0,4,4092,卖盘
253,10:10:25,10.22,-0.01,55,56235,卖盘
254,10:11:10,10.21,-0.01,60,61291,卖盘
255,10:12:31,10.22,0.01,10,10220,买盘
256,10:12:43,10.22,0.0,48,49056,卖盘
257,10:12:45,10.22,0.0,17,17374,卖盘
258,10:13:10,10.23,0.01,18,18414,卖盘
259,10:13:31,10.23,0.0,22,22506,买盘
260,10:13:37,10.22,-0.01,130,132888,卖盘
261,10:13:58,10.24,0.02,5,5120,买盘
262,10:14:31,10.24,0.0,1,1024,买盘
263,10:14:57,10.23,-0.01,50,51150,卖盘
264,10:15:16,10.22,-0.01,9,9198,卖盘
265,10:15:46,10.22,0.0,60,61320,卖盘
266,10:15:58,10.22,0.0,30,30686,卖盘
267,10:16:04,10.24,0.02,5,5120,买盘
268,10:16:07,10.22,-0.02,1,1022,卖盘
269,10:17:01,10.23,0.01,10,10230,卖盘
270,10:17:13,10.23,0.0,9,9207,买盘
271,10:17:52,10.24,0.01,7,7167,买盘
272,10:17:55,10.24,0.0,10,10240,买盘
273,10:18:34,10.23,-0.01,5,5115,卖盘
274,10:18:46,10.24,0.01,80,81920,买盘
275,10:18:52,10.23,-0.01,5,5115,卖盘
276,10:19:04,10.24,0.01,1,1024,买盘
277,10:19:07,10.24,0.0,2,2918,买盘
278,10:19:22,10.24,0.0,9,9216,卖盘
279,10:19:31,10.25,0.01,21,21525,买盘
280,10:19:34,10.25,0.0,8,8200,买盘
281,10:20:12,10.24,-0.01,11,11264,卖盘
282,10:20:15,10.25,0.01,20,20500,买盘
283,10:20:34,10.25,0.0,18,18450,买盘
284,10:20:40,10.25,0.0,3,3075,买盘
285,10:21:06,10.25,0.0,10,10250,买盘
286,10:21:16,10.24,-0.01,30,29850,卖盘
287,10:21:34,10.24,0.0,5,5120,买盘
288,10:21:45,10.23,-0.01,10,10230,卖盘
289,10:22:01,10.24,0.01,2,2048,买盘
290,10:22:19,10.23,-0.01,18,18414,卖盘
291,10:22:22,10.23,0.0,2,2046,卖盘
292,10:23:04,10.23,0.0,28,28644,卖盘
293,10:23:40,10.24,0.01,40,40960,买盘
294,10:23:46,10.24,0.0,49,50176,买盘
295,10:24:22,10.24,0.0,20,21350,买盘
296,10:24:49,10.24,0.0,80,81050,卖盘
297,10:24:58,10.24,0.0,10,10240,买盘
298,10:25:16,10.24,0.0,100,102400,买盘
299,10:25:25,10.24,0.0,10,10240,买盘
300,10:25:43,10.24,0.0,15,15360,买盘
301,10:26:13,10.23,-0.01,2,2046,卖盘
302,10:26:21,10.23,0.0,20,20460,卖盘
303,10:27:40,10.24,0.01,20,20480,买盘
304,10:28:00,10.23,-0.01,5,5115,卖盘
305,10:29:07,10.24,0.01,2,2048,买盘
306,10:29:19,10.23,-0.01,10,10230,卖盘
307,10:29:34,10.23,0.0,1,1023,卖盘
308,10:29:43,10.24,0.01,3,3072,买盘
309,10:30:24,10.24,0.0,1,1024,卖盘
310,10:30:37,10.24,0.0,3,3072,卖盘
311,10:31:10,10.25,0.01,10,10250,买盘
312,10:31:13,10.25,0.0,1,1025,买盘
313,10:31:21,10.25,0.0,4,4100,买盘
314,10:31:27,10.25,0.0,11,11275,买盘
315,10:31:40,10.26,0.01,10,10260,买盘
316,10:31:49,10.26,0.0,12,12312,买盘
317,10:32:04,10.26,0.0,20,20520,卖盘
318,10:32:15,10.26,0.0,18,18468,卖盘
319,10:32:57,10.26,0.0,50,51300,买盘
320,10:33:13,10.25,-0.01,7,7175,卖盘
321,10:33:18,10.26,0.01,100,102600,买盘
322,10:33:22,10.25,-0.01,20,20500,卖盘
323,10:33:37,10.26,0.01,3,3078,卖盘
324,10:34:06,10.25,-0.01,10,10250,卖盘
325,10:34:10,10.25,0.0,8,8200,卖盘
326,10:34:22,10.25,0.0,20,20500,卖盘
327,10:34:33,10.25,0.0,25,25625,卖盘
328,10:34:54,10.24,-0.01,13,13312,卖盘
329,10:35:09,10.24,0.0,26,25754,卖盘
330,10:35:16,10.24,0.0,6,7014,买盘
331,10:36:37,10.25,0.01,17,16554,卖盘
332,10:37:13,10.24,-0.01,2,2048,卖盘
333,10:37:33,10.25,0.01,2,2050,买盘
334,10:37:37,10.24,-0.01,50,51200,卖盘
335,10:37:49,10.24,0.0,1,1024,卖盘
336,10:38:28,10.24,0.0,1,1024,买盘
337,10:38:37,10.24,0.0,1,1024,卖盘
338,10:38:43,10.25,0.01,4,4971,买盘
339,10:38:58,10.26,0.01,10,10260,买盘
340,10:39:15,10.25,-0.01,35,35004,卖盘
341,10:39:55,10.25,0.0,5,5125,买盘
342,10:40:07,10.25,0.0,26,26650,买盘
343,10:41:48,10.25,0.0,13,13325,买盘
344,10:41:55,10.25,0.0,12,12300,买盘
345,10:43:25,10.25,0.0,10,10250,买盘
346,10:43:46,10.24,-0.01,55,56320,卖盘
347,10:43:48,10.25,0.01,5,5125,买盘
348,10:44:07,10.25,0.0,10,10250,买盘
349,10:44:25,10.25,0.0,4,4971,买盘
350,10:44:58,10.25,0.0,6,5279,卖盘
351,10:45:16,10.24,-0.01,3,3072,卖盘
352,10:45:28,10.24,0.0,5,5120,卖盘
353,10:45:31,10.24,0.0,4,4096,卖盘
354,10:46:04,10.24,0.0,10,10240,卖盘
355,10:46:34,10.24,0.0,20,20480,卖盘
356,10:48:04,10.24,0.0,24,24576,卖盘
357,10:49:37,10.24,0.0,6,6144,买盘
358,10:49:49,10.24,0.0,10,10240,买盘
359,10:50:10,10.24,0.0,20,20480,买盘
360,10:50:21,10.23,-0.01,15,15345,卖盘
361,10:51:04,10.24,0.01,20,20480,买盘
362,10:51:07,10.23,-0.01,30,30695,卖盘
363,10:51:31,10.23,0.0,2,2046,卖盘
364,10:52:37,10.23,0.0,1,1023,卖盘
365,10:52:42,10.23,0.0,3,3069,卖盘
366,10:53:43,10.24,0.01,2,2048,买盘
367,10:54:34,10.24,0.0,22,22528,卖盘
368,10:55:51,10.25,0.01,12,13171,买盘
369,10:56:09,10.26,0.01,5,5130,买盘
370,10:56:24,10.26,0.0,65,66690,买盘
371,10:56:37,10.25,-0.01,4,4100,卖盘
372,10:56:55,10.26,0.01,3,3078,买盘
373,10:57:10,10.26,0.0,18,18468,卖盘
374,10:57:33,10.26,0.0,13,13338,买盘
375,10:57:46,10.26,0.0,2,2052,卖盘
376,10:57:57,10.27,0.01,14,14378,买盘
377,10:58:34,10.27,0.0,13,13351,买盘
378,10:59:28,10.27,0.0,12,12324,买盘
379,10:59:36,10.27,0.0,10,10270,买盘
380,10:59:42,10.27,0.0,10,10270,买盘
381,10:59:45,10.27,0.0,2,2054,买盘
382,10:59:51,10.27,0.0,7,7189,卖盘
383,11:00:25,10.27,0.0,23,23621,卖盘
384,11:00:46,10.26,-0.01,12,12312,卖盘
385,11:01:07,10.25,-0.01,30,30750,卖盘
386,11:01:09,10.25,0.0,21,21526,卖盘
387,11:01:12,10.25,0.0,34,33979,卖盘
388,11:01:15,10.24,-0.01,8,8192,卖盘
389,11:03:33,10.21,-0.03,519,530424,卖盘
390,11:04:10,10.21,0.0,1,1021,卖盘
391,11:04:19,10.25,0.04,10,10250,买盘
392,11:05:45,10.22,-0.03,10,10220,卖盘
393,11:07:28,10.22,0.0,10,10220,卖盘
394,11:07:37,10.22,0.0,5,5110,买盘
395,11:07:52,10.23,0.01,7,7156,买盘
396,11:08:36,10.22,-0.01,4,4088,卖盘
397,11:08:49,10.21,-0.01,2,2042,卖盘
398,11:09:49,10.22,0.01,5,5110,买盘
399,11:09:52,10.22,0.0,5,5110,卖盘
400,11:10:00,10.21,-0.01,10,10210,卖盘
401,11:11:19,10.22,0.01,50,51100,卖盘
402,11:11:49,10.22,0.0,24,24528,卖盘
403,11:12:07,10.21,-0.01,18,18378,卖盘
404,11:12:54,10.21,0.0,19,19399,卖盘
405,11:13:01,10.21,0.0,14,14294,卖盘
406,11:13:09,10.21,0.0,20,20420,卖盘
407,11:13:16,10.21,0.0,22,22462,卖盘
408,11:13:25,10.21,0.0,22,22462,卖盘
409,11:13:28,10.21,0.0,116,118436,卖盘
410,11:13:31,10.21,0.0,5,5105,卖盘
411,11:13:49,10.21,0.0,10,10210,卖盘
412,11:13:52,10.21,0.0,80,81680,卖盘
413,11:14:10,10.21,0.0,10,10210,卖盘
414,11:14:15,10.21,0.0,30,30630,卖盘
415,11:14:19,10.21,0.0,20,20420,卖盘
416,11:14:28,10.2,-0.01,5,5100,卖盘
417,11:14:34,10.2,0.0,126,128520,卖盘
418,11:14:40,10.2,0.0,31,31630,卖盘
419,11:14:43,10.2,0.0,13,13260,卖盘
420,11:14:46,10.2,0.0,5,5100,卖盘
421,11:15:07,10.2,0.0,8,8160,卖盘
422,11:15:13,10.2,0.0,20,20400,卖盘
423,11:15:27,10.18,-0.02,120,122209,卖盘
424,11:15:31,10.2,0.02,4,4080,买盘
425,11:15:55,10.19,-0.01,15,15290,卖盘
426,11:15:58,10.19,0.0,10,10190,买盘
427,11:16:10,10.18,-0.01,6,6109,卖盘
428,11:16:28,10.18,0.0,75,76350,卖盘
429,11:16:37,10.17,-0.01,73,74241,卖盘
430,11:16:45,10.16,-0.01,48,48795,卖盘
431,11:17:04,10.16,0.0,13,13214,卖盘
432,11:17:10,10.16,0.0,122,123952,卖盘
433,11:17:24,10.18,0.02,3,3054,买盘
434,11:17:39,10.18,0.0,10,10180,买盘
435,11:17:42,10.18,0.0,12,12216,买盘
436,11:17:52,10.18,0.0,3,3054,买盘
437,11:17:55,10.18,0.0,10,10180,买盘
438,11:18:27,10.17,-0.01,37,37629,卖盘
439,11:18:55,10.17,0.0,16,16272,卖盘
440,11:18:58,10.17,0.0,25,25425,卖盘
441,11:19:22,10.18,0.01,50,50900,买盘
442,11:19:55,10.18,0.0,5,5090,买盘
443,11:20:48,10.17,-0.01,128,130176,卖盘
444,11:21:10,10.16,-0.01,40,40640,卖盘
445,11:21:13,10.16,0.0,81,82296,卖盘
446,11:21:18,10.17,0.01,3,3051,买盘
447,11:21:22,10.16,-0.01,43,43688,卖盘
448,11:21:25,10.16,0.0,26,26416,卖盘
449,11:21:34,10.16,0.0,5,5080,买盘
450,11:21:40,10.16,0.0,1,1016,买盘
451,11:21:58,10.15,-0.01,18,18270,卖盘
452,11:22:01,10.16,0.01,5,5080,买盘
453,11:22:04,10.16,0.0,11,11176,买盘
454,11:22:07,10.16,0.0,22,22352,卖盘
455,11:22:13,10.15,-0.01,33,33502,卖盘
456,11:22:19,10.16,0.01,10,10160,买盘
457,11:22:30,10.16,0.0,45,45685,买盘
458,11:22:33,10.16,0.0,10,10160,买盘
459,11:22:45,10.16,0.0,5,5080,买盘
460,11:22:49,10.16,0.0,19,19304,买盘
461,11:22:55,10.16,0.0,40,40640,买盘
462,11:22:57,10.16,0.0,4,4064,买盘
463,11:23:07,10.16,0.0,16,16256,卖盘
464,11:23:09,10.16,0.0,8,8128,买盘
465,11:23:12,10.16,0.0,8,8128,买盘
466,11:23:39,10.16,0.0,46,46736,卖盘
467,11:23:42,10.16,0.0,13,13208,买盘
468,11:24:43,10.16,0.0,42,42672,卖盘
469,11:25:10,10.18,0.02,6,6108,买盘
470,11:25:18,10.18,0.0,2,2036,买盘
471,11:25:33,10.18,0.0,32,32576,买盘
472,11:25:51,10.16,-0.02,159,161622,卖盘
473,11:26:42,10.17,0.01,1,1017,买盘
474,11:27:27,10.17,0.0,9,9153,卖盘
475,11:27:46,10.17,0.0,14,14238,买盘
476,11:27:54,10.16,-0.01,10,10160,卖盘
477,11:27:57,10.16,0.0,94,95504,卖盘
478,11:28:10,10.16,0.0,20,20320,买盘
479,11:28:28,10.16,0.0,5,5080,买盘
480,11:28:33,10.16,0.0,4,4064,买盘
481,11:29:04,10.19,0.03,17,17323,买盘
482,11:29:13,10.16,-0.03,29,29477,卖盘
483,11:29:36,10.19,0.03,38,38722,买盘
484,11:29:57,10.19,0.0,41,41779,卖盘
485,13:00:04,10.19,0.0,306,311814,买盘
486,13:00:07,10.19,0.0,31,31589,卖盘
487,13:00:58,10.19,0.0,47,47893,卖盘
488,13:01:09,10.19,0.0,10,10190,买盘
489,13:01:33,10.16,-0.03,16,16268,卖盘
490,13:02:10,10.16,0.0,7,7112,卖盘
491,13:02:27,10.16,0.0,146,148346,卖盘
492,13:02:48,10.16,0.0,9,9144,买盘
493,13:02:51,10.16,0.0,1,1016,买盘
494,13:02:54,10.16,0.0,20,20320,买盘
495,13:03:28,10.16,0.0,1,1016,买盘
496,13:04:00,10.16,0.0,2,2032,买盘
497,13:04:37,10.17,0.01,1,1017,买盘
498,13:07:45,10.18,0.01,2,2036,卖盘
499,13:08:00,10.18,0.0,20,20360,买盘
500,13:08:19,10.17,-0.01,28,28476,卖盘
501,13:08:30,10.16,-0.01,172,174752,卖盘
502,13:08:40,10.16,0.0,16,16256,买盘
503,13:08:54,10.15,-0.01,129,130935,卖盘
504,13:09:07,10.16,0.01,2,2032,买盘
505,13:09:16,10.16,0.0,10,10160,买盘
506,13:09:49,10.14,-0.02,31,31434,卖盘
507,13:09:52,10.13,-0.01,157,159128,卖盘
508,13:10:43,10.14,0.01,12,12178,卖盘
509,13:11:07,10.14,0.0,12,12168,卖盘
510,13:11:12,10.14,0.0,5,5070,买盘
511,13:11:15,10.13,-0.01,101,102313,卖盘
512,13:11:19,10.13,0.0,30,30390,卖盘
513,13:11:42,10.13,0.0,2,2026,卖盘
514,13:12:09,10.13,0.0,41,41533,卖盘
515,13:12:12,10.13,0.0,24,24312,买盘
516,13:12:19,10.12,-0.01,40,40480,卖盘
517,13:12:27,10.12,0.0,53,53636,卖盘
518,13:12:33,10.12,0.0,69,69828,卖盘
519,13:12:37,10.12,0.0,9,9108,卖盘
520,13:12:39,10.12,0.0,1,1012,买盘
521,13:12:46,10.11,-0.01,236,238596,卖盘
522,13:12:48,10.11,0.0,30,30330,买盘
523,13:12:55,10.1,-0.01,20,20200,卖盘
524,13:13:00,10.11,0.01,21,21231,买盘
525,13:13:04,10.11,0.0,21,21231,买盘
526,13:13:10,10.11,0.0,4,4044,买盘
527,13:13:13,10.11,0.0,21,21231,买盘
528,13:13:16,10.11,0.0,11,11121,买盘
529,13:13:37,10.12,0.01,10,10120,买盘
530,13:13:43,10.11,-0.01,32,32362,卖盘
531,13:13:46,10.11,0.0,19,19209,卖盘
532,13:13:57,10.13,0.02,3,3039,买盘
533,13:14:07,10.13,0.0,10,10130,买盘
534,13:14:16,10.13,0.0,20,20260,买盘
535,13:14:19,10.12,-0.01,8,8096,卖盘
536,13:14:28,10.13,0.01,5,5065,买盘
537,13:14:31,10.13,0.0,10,10130,买盘
538,13:14:51,10.14,0.01,20,20280,买盘
539,13:15:01,10.16,0.02,10,10160,买盘
540,13:15:09,10.16,0.0,1,1016,买盘
541,13:15:43,10.16,0.0,13,13208,买盘
542,13:15:46,10.16,0.0,77,78232,买盘
543,13:16:21,10.18,0.02,5,5090,买盘
544,13:16:46,10.17,-0.01,5,5085,卖盘
545,13:16:51,10.18,0.01,19,19342,买盘
546,13:17:00,10.18,0.0,1,1018,卖盘
547,13:17:04,10.18,0.0,5,5090,买盘
548,13:17:10,10.16,-0.02,30,30480,卖盘
549,13:17:27,10.16,0.0,29,29464,卖盘
550,13:17:45,10.16,0.0,3,3048,买盘
551,13:18:18,10.14,-0.02,27,27378,卖盘
552,13:18:43,10.14,0.0,10,10140,买盘
553,13:18:58,10.14,0.0,13,13182,买盘
554,13:20:07,10.16,0.02,5,5080,买盘
555,13:20:39,10.16,0.0,86,87376,买盘
556,13:20:42,10.16,0.0,8,8128,卖盘
557,13:20:49,10.16,0.0,4,4064,卖盘
558,13:20:54,10.16,0.0,10,10160,买盘
559,13:21:31,10.15,-0.01,31,31465,卖盘
560,13:21:34,10.15,0.0,19,19285,买盘
561,13:22:22,10.16,0.01,3,3048,卖盘
562,13:22:33,10.16,0.0,32,32512,卖盘
563,13:22:46,10.17,0.01,7,7114,买盘
564,13:23:01,10.17,0.0,9,9147,买盘
565,13:23:04,10.17,0.0,4,4068,买盘
566,13:24:01,10.18,0.01,48,48864,买盘
567,13:24:15,10.18,0.0,11,11198,买盘
568,13:24:27,10.18,0.0,11,11198,卖盘
569,13:24:54,10.18,0.0,5,5090,买盘
570,13:25:43,10.17,-0.01,22,22394,卖盘
571,13:26:13,10.17,0.0,10,10170,卖盘
572,13:26:16,10.17,0.0,1,1017,卖盘
573,13:26:18,10.2,0.03,25,25472,买盘
574,13:26:25,10.17,-0.03,20,20340,卖盘
575,13:26:43,10.17,0.0,50,50850,卖盘
576,13:27:16,10.17,0.0,50,50850,卖盘
577,13:27:31,10.17,0.0,20,20340,卖盘
578,13:27:37,10.17,0.0,10,10170,卖盘
579,13:27:43,10.18,0.01,6,6108,买盘
580,13:28:55,10.18,0.0,4,4072,买盘
581,13:28:57,10.17,-0.01,10,10170,卖盘
582,13:29:28,10.17,0.0,44,44778,卖盘
583,13:29:52,10.17,0.0,3,3051,买盘
584,13:30:19,10.17,0.0,50,50850,卖盘
585,13:30:27,10.18,0.01,10,10180,中性盘
586,13:30:31,10.18,0.0,10,10180,卖盘
587,13:30:40,10.19,0.01,6,6114,买盘
588,13:30:43,10.18,-0.01,10,10180,卖盘
589,13:30:46,10.18,0.0,10,10180,买盘
590,13:31:10,10.18,0.0,50,50900,买盘
591,13:31:25,10.18,0.0,9,9162,卖盘
592,13:32:46,10.18,0.0,5,5090,买盘
593,13:32:55,10.17,-0.01,100,101700,卖盘
594,13:32:57,10.18,0.01,10,10180,买盘
595,13:34:21,10.18,0.0,5,5090,买盘
596,13:34:36,10.18,0.0,1,1018,买盘
597,13:34:52,10.18,0.0,40,40720,买盘
598,13:34:58,10.17,-0.01,20,20340,卖盘
599,13:35:04,10.18,0.01,1,1018,买盘
600,13:35:09,10.18,0.0,4,4072,买盘
601,13:35:16,10.17,-0.01,60,61020,卖盘
602,13:35:25,10.18,0.01,2,2036,买盘
603,13:35:33,10.17,-0.01,10,10170,卖盘
604,13:37:21,10.18,0.01,11,11198,买盘
605,13:37:37,10.18,0.0,1,1018,买盘
606,13:38:07,10.17,-0.01,13,13221,卖盘
607,13:38:51,10.16,-0.01,25,25400,卖盘
608,13:39:06,10.15,-0.01,4,4063,卖盘
609,13:39:52,10.15,0.0,125,126875,卖盘
610,13:39:57,10.16,0.01,6,6091,买盘
611,13:40:25,10.15,-0.01,15,15225,买盘
612,13:40:42,10.15,0.0,3,3045,买盘
613,13:40:45,10.15,0.0,5,5075,买盘
614,13:40:52,10.14,-0.01,10,10140,卖盘
615,13:40:58,10.15,0.01,7,7100,买盘
616,13:41:04,10.15,0.0,3,3045,买盘
617,13:41:27,10.18,0.03,25,25410,买盘
618,13:42:27,10.18,0.0,20,20360,买盘
619,13:43:54,10.17,-0.01,5,5085,买盘
620,13:44:34,10.17,0.0,10,10170,买盘
621,13:44:40,10.15,-0.02,29,29435,卖盘
622,13:45:57,10.15,0.0,28,28420,卖盘
623,13:46:19,10.16,0.01,2,2032,卖盘
624,13:46:31,10.16,0.0,3,3048,卖盘
625,13:47:42,10.15,-0.01,5,5075,卖盘
626,13:47:51,10.15,0.0,5,5075,卖盘
627,13:48:22,10.15,0.0,20,20300,卖盘
628,13:48:34,10.15,0.0,2,2030,卖盘
629,13:48:52,10.15,0.0,5,5075,卖盘
630,13:49:48,10.16,0.01,44,44704,买盘
631,13:49:52,10.16,0.0,10,10160,买盘
632,13:50:45,10.16,0.0,10,10160,买盘
633,13:50:52,10.15,-0.01,50,50771,卖盘
634,13:51:27,10.15,0.0,3,3045,卖盘
635,13:51:43,10.14,-0.01,29,29422,卖盘
636,13:52:01,10.14,0.0,3,3042,卖盘
637,13:52:07,10.14,0.0,3,3042,卖盘
638,13:52:09,10.14,0.0,35,35490,卖盘
639,13:53:22,10.16,0.02,3,3048,买盘
640,13:53:57,10.16,0.0,5,5080,卖盘
641,13:54:13,10.17,0.01,100,101700,买盘
642,13:54:42,10.16,-0.01,1,1016,卖盘
643,13:54:48,10.17,0.01,16,16272,买盘
644,13:55:36,10.16,-0.01,25,25400,卖盘
645,13:56:19,10.16,0.0,10,10160,卖盘
646,13:57:25,10.16,0.0,4,4064,卖盘
647,13:57:52,10.16,0.0,2,2032,买盘
648,13:58:04,10.16,0.0,5,5080,买盘
649,13:58:18,10.16,0.0,29,29464,卖盘
650,13:58:22,10.16,0.0,31,31496,卖盘
651,13:58:34,10.16,0.0,4,4064,卖盘
652,13:58:39,10.16,0.0,1,1016,卖盘
653,13:59:28,10.16,0.0,31,31496,卖盘
654,14:01:07,10.16,0.0,10,10160,卖盘
655,14:01:10,10.16,0.0,29,29464,卖盘
656,14:01:19,10.16,0.0,19,19304,卖盘
657,14:01:22,10.16,0.0,10,10160,卖盘
658,14:01:43,10.15,-0.01,4,4060,卖盘
659,14:01:54,10.15,0.0,4,4060,卖盘
660,14:02:18,10.15,0.0,5,5075,卖盘
661,14:03:01,10.15,0.0,30,30450,卖盘
662,14:03:31,10.15,0.0,5,5075,卖盘
663,14:03:55,10.15,0.0,3,3045,卖盘
664,14:04:19,10.15,0.0,20,20300,卖盘
665,14:04:28,10.15,0.0,7,7105,卖盘
666,14:04:43,10.15,0.0,12,12180,卖盘
667,14:04:49,10.15,0.0,20,20300,买盘
668,14:04:52,10.16,0.01,68,69070,买盘
669,14:05:43,10.16,0.0,5,5080,卖盘
670,14:05:58,10.17,0.01,112,113904,买盘
671,14:06:01,10.17,0.0,6,6102,买盘
672,14:06:16,10.17,0.0,3,3051,买盘
673,14:06:25,10.17,0.0,10,10170,买盘
674,14:06:28,10.17,0.0,35,35595,买盘
675,14:07:13,10.18,0.01,1,1018,买盘
676,14:07:19,10.18,0.0,10,10180,买盘
677,14:07:31,10.18,0.0,20,20360,买盘
678,14:07:52,10.18,0.0,3,3054,买盘
679,14:08:13,10.17,-0.01,5,5085,卖盘
680,14:08:16,10.18,0.01,5,5090,买盘
681,14:08:22,10.18,0.0,17,17306,买盘
682,14:08:28,10.18,0.0,3,3054,卖盘
683,14:09:04,10.18,0.0,3,3052,买盘
684,14:09:39,10.19,0.01,19,19361,买盘
685,14:10:25,10.19,0.0,3,3057,卖盘
686,14:10:28,10.19,0.0,8,8152,卖盘
687,14:10:39,10.19,0.0,12,12228,买盘
688,14:11:10,10.19,0.0,1,1019,卖盘
689,14:11:13,10.19,0.0,7,7133,卖盘
690,14:11:30,10.18,-0.01,5,5090,卖盘
691,14:11:43,10.18,0.0,12,12216,卖盘
692,14:12:40,10.17,-0.01,27,27459,卖盘
693,14:14:12,10.16,-0.01,4,4064,卖盘
694,14:14:27,10.16,0.0,62,62992,卖盘
695,14:14:46,10.17,0.01,3,3051,买盘
696,14:14:58,10.17,0.0,3,3051,卖盘
697,14:15:04,10.17,0.0,2,2034,卖盘
698,14:15:34,10.16,-0.01,3,3048,卖盘
699,14:15:45,10.16,0.0,37,37592,卖盘
700,14:15:55,10.16,0.0,101,102616,卖盘
701,14:16:10,10.16,0.0,4,4064,卖盘
702,14:16:22,10.16,0.0,53,53848,卖盘
703,14:17:34,10.16,0.0,5,5080,买盘
704,14:18:04,10.16,0.0,15,15240,买盘
705,14:18:13,10.16,0.0,9,9144,买盘
706,14:18:19,10.16,0.0,2,2032,卖盘
707,14:18:34,10.18,0.02,50,50869,买盘
708,14:18:57,10.17,-0.01,8,8136,买盘
709,14:19:22,10.17,0.0,2,2034,买盘
710,14:19:36,10.17,0.0,5,5085,卖盘
711,14:19:39,10.17,0.0,41,41697,买盘
712,14:19:46,10.17,0.0,1,1017,买盘
713,14:19:49,10.17,0.0,25,25425,买盘
714,14:20:39,10.17,0.0,44,44748,卖盘
715,14:21:21,10.17,0.0,4,4068,买盘
716,14:21:34,10.17,0.0,4,4068,买盘
717,14:21:52,10.18,0.01,34,34612,买盘
718,14:22:19,10.19,0.01,16,16304,买盘
719,14:22:34,10.18,-0.01,10,10180,卖盘
720,14:23:04,10.19,0.01,21,21399,买盘
721,14:23:19,10.2,0.01,29,29580,买盘
722,14:23:39,10.2,0.0,5,5100,买盘
723,14:23:48,10.21,0.01,73,74510,买盘
724,14:24:13,10.22,0.01,43,43946,买盘
725,14:24:24,10.23,0.01,8,8184,买盘
726,14:24:31,10.22,-0.01,26,26572,卖盘
727,14:24:36,10.22,0.0,10,10220,买盘
728,14:24:46,10.21,-0.01,74,75554,卖盘
729,14:24:54,10.21,0.0,5,5105,买盘
730,14:24:58,10.21,0.0,4,4084,卖盘
731,14:25:01,10.2,-0.01,15,15305,卖盘
732,14:26:43,10.19,-0.01,9,9171,卖盘
733,14:26:46,10.19,0.0,46,46834,买盘
734,14:26:52,10.2,0.01,71,72355,买盘
735,14:26:55,10.2,0.0,12,12240,买盘
736,14:27:10,10.18,-0.02,7,7126,卖盘
737,14:27:37,10.2,0.02,64,65280,买盘
738,14:27:49,10.22,0.02,50,51069,买盘
739,14:28:01,10.22,0.0,135,137970,买盘
740,14:28:16,10.23,0.01,10,10230,买盘
741,14:28:22,10.23,0.0,48,49104,买盘
742,14:28:25,10.23,0.0,15,15357,卖盘
743,14:28:28,10.22,-0.01,21,21464,卖盘
744,14:28:34,10.23,0.01,10,10230,买盘
745,14:28:43,10.25,0.02,10,10250,买盘
746,14:28:49,10.23,-0.02,10,10230,卖盘
747,14:29:07,10.23,0.0,5,5115,卖盘
748,14:29:13,10.23,0.0,10,10230,卖盘
749,14:29:19,10.23,0.0,8,8184,卖盘
750,14:29:28,10.23,0.0,3,3069,买盘
751,14:29:49,10.22,-0.01,10,10220,卖盘
752,14:29:52,10.22,0.0,37,37814,卖盘
753,14:29:58,10.23,0.01,2,2046,买盘
754,14:30:01,10.23,0.0,12,12276,买盘
755,14:30:04,10.22,-0.01,6,6132,卖盘
756,14:30:19,10.22,0.0,37,37814,卖盘
757,14:30:22,10.22,0.0,11,11242,卖盘
758,14:30:25,10.22,0.0,3,3066,买盘
759,14:30:40,10.22,0.0,54,55188,买盘
760,14:31:12,10.22,0.0,2,2044,卖盘
761,14:31:19,10.22,0.0,27,27594,卖盘
762,14:31:22,10.22,0.0,10,10220,卖盘
763,14:31:28,10.22,0.0,5,5110,卖盘
764,14:31:30,10.23,0.01,10,10230,买盘
765,14:31:40,10.23,0.0,2,2046,买盘
766,14:32:13,10.23,0.0,100,102300,买盘
767,14:32:25,10.23,0.0,10,10230,买盘
768,14:32:31,10.23,0.0,8,8184,买盘
769,14:32:45,10.23,0.0,1,1023,卖盘
770,14:33:01,10.22,-0.01,5,5110,卖盘
771,14:33:09,10.22,0.0,10,10220,卖盘
772,14:33:16,10.22,0.0,11,11242,卖盘
773,14:33:19,10.22,0.0,1,1022,卖盘
774,14:33:40,10.22,0.0,13,13286,卖盘
775,14:33:55,10.22,0.0,3,3066,卖盘
776,14:34:07,10.22,0.0,21,21462,卖盘
777,14:34:25,10.18,-0.04,157,160256,卖盘
778,14:34:34,10.18,0.0,19,19342,买盘
779,14:34:46,10.18,0.0,60,61070,买盘
780,14:34:55,10.17,-0.01,30,30510,卖盘
781,14:35:04,10.18,0.01,252,256536,买盘
782,14:35:06,10.18,0.0,110,111980,买盘
783,14:35:12,10.18,0.0,88,89584,买盘
784,14:35:34,10.23,0.05,183,187191,买盘
785,14:35:40,10.23,0.0,39,39897,卖盘
786,14:35:43,10.23,0.0,50,51150,卖盘
787,14:35:46,10.23,0.0,14,14322,卖盘
788,14:35:49,10.23,0.0,34,34782,卖盘
789,14:35:52,10.23,0.0,20,20460,卖盘
790,14:35:55,10.23,0.0,1,1023,卖盘
791,14:36:22,10.22,-0.01,10,10220,买盘
792,14:36:30,10.22,0.0,16,16352,买盘
793,14:36:40,10.22,0.0,12,12264,买盘
794,14:36:43,10.22,0.0,2,2044,卖盘
795,14:36:46,10.22,0.0,10,10220,卖盘
796,14:36:52,10.23,0.01,10,10230,买盘
797,14:36:55,10.22,-0.01,5,5110,卖盘
798,14:37:06,10.22,0.0,60,61320,卖盘
799,14:37:16,10.22,0.0,81,82782,卖盘
800,14:37:28,10.22,0.0,10,10220,卖盘
801,14:37:37,10.22,0.0,22,22484,卖盘
802,14:37:49,10.22,0.0,4,4088,卖盘
803,14:37:55,10.22,0.0,4,4088,买盘
804,14:39:16,10.21,-0.01,2,2042,卖盘
805,14:39:28,10.2,-0.01,3,3060,卖盘
806,14:39:31,10.24,0.04,200,204441,买盘
807,14:39:55,10.24,0.0,64,65536,买盘
808,14:39:58,10.24,0.0,12,12288,买盘
809,14:40:40,10.24,0.0,8,8190,买盘
810,14:41:19,10.21,-0.03,100,102187,卖盘
811,14:41:40,10.23,0.02,5,5115,买盘
812,14:42:25,10.21,-0.02,100,102100,卖盘
813,14:42:28,10.2,-0.01,20,20424,卖盘
814,14:42:40,10.21,0.01,9,9189,买盘
815,14:42:43,10.24,0.03,105,107440,买盘
816,14:43:22,10.21,-0.03,1,1021,卖盘
817,14:43:33,10.21,0.0,21,21441,卖盘
818,14:43:55,10.2,-0.01,2,2040,卖盘
819,14:44:13,10.21,0.01,6,6126,买盘
820,14:44:40,10.23,0.02,5,5115,买盘
821,14:45:07,10.22,-0.01,1,1022,卖盘
822,14:45:13,10.22,0.0,10,10220,卖盘
823,14:45:28,10.22,0.0,3,3066,卖盘
824,14:45:34,10.23,0.01,52,53146,买盘
825,14:46:16,10.21,-0.02,34,34714,卖盘
826,14:47:28,10.21,0.0,10,10210,买盘
827,14:47:34,10.21,0.0,48,49008,卖盘
828,14:48:07,10.2,-0.01,166,169322,卖盘
829,14:48:31,10.19,-0.01,77,78463,卖盘
830,14:48:34,10.19,0.0,15,15285,买盘
831,14:48:43,10.18,-0.01,30,30540,卖盘
832,14:48:55,10.18,0.0,16,16288,卖盘
833,14:49:03,10.18,0.0,4,4072,卖盘
834,14:49:33,10.19,0.01,77,78463,买盘
835,14:49:37,10.19,0.0,9,9171,中性盘
836,14:49:45,10.2,0.01,7,7140,买盘
837,14:50:37,10.19,-0.01,34,34646,卖盘
838,14:50:49,10.19,0.0,3,3057,卖盘
839,14:50:52,10.19,0.0,7,7133,卖盘
840,14:50:58,10.19,0.0,31,31589,卖盘
841,14:51:01,10.19,0.0,17,17323,卖盘
842,14:51:10,10.19,0.0,10,10190,卖盘
843,14:51:25,10.19,0.0,117,119223,卖盘
844,14:51:31,10.19,0.0,50,50950,卖盘
845,14:51:37,10.18,-0.01,404,411390,卖盘
846,14:51:40,10.18,0.0,99,100782,买盘
847,14:52:16,10.17,-0.01,43,43731,卖盘
848,14:52:25,10.17,0.0,15,15255,买盘
849,14:52:28,10.17,0.0,10,10170,买盘
850,14:52:46,10.17,0.0,35,35595,买盘
851,14:52:52,10.17,0.0,30,30510,买盘
852,14:53:01,10.17,0.0,20,20358,卖盘
853,14:53:04,10.17,0.0,10,10174,卖盘
854,14:53:07,10.17,0.0,13,13222,卖盘
855,14:53:10,10.18,0.01,2,2036,买盘
856,14:53:13,10.18,0.0,1,1018,买盘
857,14:53:40,10.17,-0.01,16,16272,卖盘
858,14:53:49,10.18,0.01,6,6108,买盘
859,14:53:52,10.17,-0.01,3,3053,卖盘
860,14:53:55,10.17,0.0,25,25425,卖盘
861,14:54:10,10.17,0.0,13,13226,卖盘
862,14:54:25,10.17,0.0,7,7119,卖盘
863,14:54:28,10.17,0.0,50,50850,卖盘
864,14:54:40,10.18,0.01,53,53954,买盘
865,14:54:43,10.17,-0.01,57,57991,卖盘
866,14:54:46,10.17,0.0,24,24417,卖盘
867,14:54:49,10.18,0.01,7,7126,买盘
868,14:54:52,10.18,0.0,1,1018,买盘
869,14:55:04,10.18,0.0,5,5090,买盘
870,14:55:07,10.18,0.0,1,1018,买盘
871,14:55:28,10.18,0.0,5,5090,买盘
872,14:55:31,10.17,-0.01,12,12206,卖盘
873,14:55:34,10.17,0.0,43,43735,卖盘
874,14:55:37,10.17,0.0,118,120006,卖盘
875,14:55:40,10.18,0.01,6,6108,买盘
876,14:55:43,10.18,0.0,68,69223,买盘
877,14:55:52,10.18,0.0,30,30512,买盘
878,14:55:55,10.18,0.0,7,7126,买盘
879,14:55:58,10.17,-0.01,30,30510,卖盘
880,14:56:04,10.18,0.01,5,5090,买盘
881,14:56:13,10.17,-0.01,2,2034,卖盘
882,14:56:19,10.18,0.01,63,64134,买盘
883,14:56:25,10.18,0.0,6,6108,卖盘
884,14:56:31,10.18,0.0,16,16288,卖盘
885,14:56:34,10.18,0.0,5,5090,买盘
886,14:56:43,10.18,0.0,55,55971,买盘
887,14:56:49,10.18,0.0,1,1018,卖盘
888,14:56:52,10.18,0.0,11,11198,卖盘
889,14:56:55,10.18,0.0,123,125189,卖盘
890,15:00:05,10.17,-0.01,370,376290,买盘
