,time,price,change,volume,amount,type
0,09:25:04,12.15,0.07,170,207644,卖盘
1,09:30:04,12.17,0.02,81,98624,买盘
2,09:30:07,12.17,0.0,141,171745,卖盘
3,09:30:10,12.17,0.0,106,129025,卖盘
4,09:30:13,12.21,0.04,50,61014,买盘
5,09:30:16,12.17,-0.04,88,107259,卖盘
6,09:30:22,12.2,0.03,2,2440,中性盘
7,09:30:25,12.2,0.0,20,24400,买盘
8,09:30:28,12.17,-0.03,47,57220,卖盘
9,09:30:31,12.2,0.03,67,81740,买盘
10,09:30:34,12.2,0.0,8,9754,买盘
11,09:30:37,12.18,-0.02,1,1218,卖盘
12,09:30:40,12.18,0.0,61,74316,卖盘
13,09:30:43,12.2,0.02,61,74420,买盘
14,09:30:46,12.24,0.04,358,437387,买盘
15,09:30:49,12.19,-0.05,209,255267,中性盘
16,09:30:52,12.2,0.01,13,15855,买盘
17,09:30:55,12.2,0.0,130,158551,买盘
18,09:30:58,12.18,-0.02,83,101169,卖盘
19,09:31:01,12.19,0.01,7,8533,买盘
20,09:31:04,12.19,0.0,1,1219,买盘
21,09:31:07,12.19,0.0,83,101175,买盘
22,09:31:10,12.19,0.0,57,69482,买盘
23,09:31:13,12.18,-0.01,65,79206,卖盘
24,09:31:16,12.19,0.01,13,15847,中性盘
25,09:31:19,12.19,0.0,1,1219,卖盘
26,09:31:25,12.19,0.0,45,54855,卖盘
27,09:31:28,12.19,0.0,28,34132,卖盘
28,09:31:31,12.18,-0.01,201,244991,卖盘
29,09:31:34,12.19,0.01,15,18285,买盘
30,09:31:37,12.19,0.0,109,132871,卖盘
31,09:31:43,12.19,0.0,10,12190,买盘
32,09:31:49,12.19,0.0,114,138910,买盘
33,09:31:52,12.19,0.0,52,63366,买盘
34,09:31:55,12.19,0.0,121,147438,买盘
35,09:31:58,12.19,0.0,24,29235,买盘
36,09:32:01,12.18,-0.01,361,439698,卖盘
37,09:32:04,12.19,0.01,219,266819,买盘
38,09:32:07,12.17,-0.02,75,91399,卖盘
39,09:32:10,12.19,0.02,70,85312,买盘
40,09:32:13,12.17,-0.02,41,49897,卖盘
41,09:32:16,12.17,0.0,32,38944,买盘
42,09:32:19,12.18,0.01,286,348177,买盘
43,09:32:22,12.16,-0.02,62,75395,卖盘
44,09:32:25,12.16,0.0,48,58464,卖盘
45,09:32:28,12.18,0.02,107,130436,卖盘
46,09:32:31,12.18,0.0,84,102378,卖盘
47,09:32:34,12.18,0.0,75,91420,卖盘
48,09:32:37,12.19,0.01,83,101209,买盘
49,09:32:40,12.19,0.0,42,51198,卖盘
50,09:32:43,12.17,-0.02,56,68175,卖盘
51,09:32:46,12.19,0.02,51,62169,中性盘
52,09:32:49,12.19,0.0,8,9752,买盘
53,09:32:52,12.2,0.01,136,165883,买盘
54,09:32:55,12.19,-0.01,18,21934,买盘
55,09:32:58,12.19,0.0,3,3657,买盘
56,09:33:01,12.18,-0.01,22,26815,卖盘
57,09:33:04,12.18,0.0,4,4874,卖盘
58,09:33:07,12.19,0.01,45,54855,买盘
59,09:33:10,12.19,0.0,26,31671,买盘
60,09:33:13,12.2,0.01,809,986784,买盘
61,09:33:16,12.18,-0.02,52,63438,卖盘
62,09:33:19,12.2,0.02,45,54856,买盘
63,09:33:22,12.21,0.01,142,173138,买盘
64,09:33:25,12.2,-0.01,12,14640,卖盘
65,09:33:28,12.2,0.0,31,37840,卖盘
66,09:33:30,12.19,-0.01,13,15857,卖盘
67,09:33:33,12.22,0.03,191,233240,买盘
68,09:33:37,12.2,-0.02,46,56120,买盘
69,09:33:40,12.2,0.0,2,2440,买盘
70,09:33:43,12.2,0.0,209,254980,买盘
71,09:33:46,12.21,0.01,30,36630,买盘
72,09:33:49,12.2,-0.01,5,6100,卖盘
73,09:33:52,12.2,0.0,58,70760,卖盘
74,09:33:55,12.2,0.0,29,35400,卖盘
75,09:33:58,12.2,0.0,98,119653,卖盘
76,09:34:01,12.26,0.06,1819,2225590,买盘
77,09:34:04,12.21,-0.05,13,15898,卖盘
78,09:34:07,12.21,0.0,220,268631,卖盘
79,09:34:10,12.27,0.06,102,125049,买盘
80,09:34:13,12.26,-0.01,19,23291,中性盘
81,09:34:16,12.26,0.0,20,24510,买盘
82,09:34:19,12.24,-0.02,13,15895,中性盘
83,09:34:22,12.24,0.0,140,171625,卖盘
84,09:34:25,12.24,0.0,33,40436,卖盘
85,09:34:28,12.24,0.0,51,62524,卖盘
86,09:34:31,12.25,0.01,12,14698,买盘
87,09:34:34,12.25,0.0,203,248660,卖盘
88,09:34:37,12.25,0.0,124,151876,买盘
89,09:34:40,12.24,-0.01,266,325978,卖盘
90,09:34:43,12.23,-0.01,93,113797,卖盘
91,09:34:46,12.25,0.02,172,210577,买盘
92,09:34:49,12.24,-0.01,36,44061,中性盘
93,09:34:52,12.23,-0.01,20,24460,中性盘
94,09:34:55,12.22,-0.01,144,176222,中性盘
95,09:34:58,12.24,0.02,96,117504,买盘
96,09:35:01,12.24,0.0,20,24470,买盘
97,09:35:04,12.24,0.0,83,101510,买盘
98,09:35:07,12.23,-0.01,72,88162,中性盘
99,09:35:10,12.23,0.0,37,45251,卖盘
100,09:35:13,12.23,0.0,5,6115,卖盘
101,09:35:15,12.23,0.0,163,199471,买盘
102,09:35:19,12.22,-0.01,94,114858,卖盘
103,09:35:22,12.21,-0.01,10,12210,卖盘
104,09:35:25,12.21,0.0,57,69608,卖盘
105,09:35:28,12.2,-0.01,111,135530,卖盘
106,09:35:31,12.2,0.0,40,48812,卖盘
107,09:35:34,12.19,-0.01,305,372055,卖盘
108,09:35:37,12.2,0.01,116,141416,买盘
109,09:35:40,12.19,-0.01,57,69434,中性盘
110,09:35:43,12.18,-0.01,27,32891,卖盘
111,09:35:46,12.17,-0.01,47,57234,卖盘
112,09:35:49,12.18,0.01,116,141349,中性盘
113,09:35:52,12.19,0.01,64,77953,买盘
114,09:35:55,12.19,0.0,30,36570,买盘
115,09:35:58,12.19,0.0,21,25599,卖盘
116,09:36:01,12.19,0.0,44,53651,卖盘
117,09:36:04,12.19,0.0,16,19504,卖盘
118,09:36:07,12.19,0.0,100,121900,卖盘
119,09:36:10,12.19,0.0,9,10971,卖盘
120,09:36:13,12.2,0.01,65,79288,买盘
121,09:36:16,12.21,0.01,171,208636,买盘
122,09:36:19,12.21,0.0,188,229282,买盘
123,09:36:22,12.21,0.0,81,98857,买盘
124,09:36:25,12.22,0.01,34,41512,买盘
125,09:36:28,12.22,0.0,60,73320,买盘
126,09:36:31,12.22,0.0,21,25642,买盘
127,09:36:34,12.23,0.01,180,220065,买盘
128,09:36:37,12.22,-0.01,23,28103,卖盘
129,09:36:40,12.22,0.0,71,86823,卖盘
130,09:36:43,12.22,0.0,93,113646,卖盘
131,09:36:46,12.22,0.0,67,81875,卖盘
132,09:36:49,12.22,0.0,154,188299,卖盘
133,09:36:52,12.24,0.02,185,226324,买盘
134,09:36:55,12.23,-0.01,49,59927,卖盘
135,09:36:58,12.23,0.0,155,189665,卖盘
136,09:37:01,12.23,0.0,158,193274,卖盘
137,09:37:04,12.24,0.01,289,353600,买盘
138,09:37:06,12.22,-0.02,146,178462,卖盘
139,09:37:10,12.23,0.01,51,62373,买盘
140,09:37:13,12.22,-0.01,9,10998,卖盘
141,09:37:16,12.21,-0.01,13,15883,卖盘
142,09:37:19,12.21,0.0,7,8547,卖盘
143,09:37:22,12.22,0.01,50,61092,买盘
144,09:37:25,12.22,0.0,60,73340,卖盘
145,09:37:27,12.22,0.0,38,46436,卖盘
146,09:37:30,12.23,0.01,229,279975,买盘
147,09:37:34,12.21,-0.02,26,31723,中性盘
148,09:37:37,12.22,0.01,12,14663,买盘
149,09:37:40,12.22,0.0,37,45180,买盘
150,09:37:43,12.21,-0.01,8,9768,中性盘
151,09:37:46,12.21,0.0,2,2442,买盘
152,09:37:48,12.22,0.01,29,35438,买盘
153,09:37:52,12.22,0.0,5,6110,买盘
154,09:37:55,12.21,-0.01,158,192918,卖盘
155,09:38:00,12.21,0.0,1,1221,卖盘
156,09:38:04,12.22,0.01,179,218594,买盘
157,09:38:09,12.21,-0.01,3,3663,买盘
158,09:38:13,12.21,0.0,205,250305,买盘
159,09:38:16,12.2,-0.01,97,118352,卖盘
160,09:38:19,12.22,0.02,312,381093,买盘
161,09:38:22,12.22,0.0,32,39104,卖盘
162,09:38:25,12.22,0.0,15,18330,卖盘
163,09:38:28,12.22,0.0,10,12220,卖盘
164,09:38:31,12.23,0.01,127,155310,买盘
165,09:38:34,12.23,0.0,74,90502,买盘
166,09:38:39,12.23,0.0,3,3669,卖盘
167,09:38:43,12.24,0.01,408,499392,买盘
168,09:38:46,12.24,0.0,31,37944,卖盘
169,09:38:49,12.23,-0.01,343,419901,卖盘
170,09:38:55,12.25,0.02,24,29390,买盘
171,09:38:58,12.25,0.0,41,50214,买盘
172,09:39:01,12.25,0.0,30,36748,买盘
173,09:39:04,12.25,0.0,68,83299,买盘
174,09:39:07,12.27,0.02,752,922007,买盘
175,09:39:10,12.24,-0.03,40,48984,卖盘
176,09:39:13,12.25,0.01,51,62475,买盘
177,09:39:16,12.27,0.02,63,77246,买盘
178,09:39:22,12.27,0.0,33,40355,买盘
179,09:39:25,12.26,-0.01,58,71223,卖盘
180,09:39:31,12.26,0.0,1,1226,买盘
181,09:39:34,12.26,0.0,22,26969,买盘
182,09:39:37,12.26,0.0,230,281968,买盘
183,09:39:40,12.26,0.0,170,208285,买盘
184,09:39:43,12.27,0.01,24,29428,买盘
185,09:39:46,12.27,0.0,233,285881,买盘
186,09:39:49,12.27,0.0,188,230536,买盘
187,09:39:52,12.27,0.0,123,150921,买盘
188,09:39:55,12.28,0.01,339,416202,买盘
189,09:39:58,12.28,0.0,107,131396,卖盘
190,09:40:01,12.28,0.0,8,9824,卖盘
191,09:40:04,12.28,0.0,53,65109,卖盘
192,09:40:07,12.28,0.0,66,81047,买盘
193,09:40:10,12.28,0.0,2,2456,买盘
194,09:40:13,12.28,0.0,64,78624,买盘
195,09:40:16,12.28,0.0,56,68786,卖盘
196,09:40:19,12.28,0.0,49,60189,卖盘
197,09:40:22,12.28,0.0,110,135082,卖盘
198,09:40:25,12.29,0.01,382,469478,买盘
199,09:40:28,12.3,0.01,132,162235,买盘
200,09:40:31,12.29,-0.01,101,124130,卖盘
201,09:40:34,12.29,0.0,36,44268,卖盘
202,09:40:37,12.3,0.01,788,968516,买盘
203,09:40:40,12.29,-0.01,75,92188,买盘
204,09:40:43,12.3,0.01,444,546085,买盘
205,09:40:46,12.3,0.0,123,151290,买盘
206,09:40:49,12.3,0.0,80,98400,卖盘
207,09:40:52,12.3,0.0,53,65171,卖盘
208,09:40:55,12.3,0.0,62,76287,卖盘
209,09:40:57,12.3,0.0,193,237390,买盘
210,09:41:01,12.29,-0.01,46,56563,卖盘
211,09:41:04,12.3,0.01,75,92216,买盘
212,09:41:07,12.3,0.0,318,391140,买盘
213,09:41:10,12.29,-0.01,20,24597,卖盘
214,09:41:13,12.3,0.01,98,120540,买盘
215,09:41:16,12.29,-0.01,189,232354,卖盘
216,09:41:19,12.28,-0.01,184,226086,卖盘
217,09:41:22,12.29,0.01,2,2458,买盘
218,09:41:25,12.29,0.0,144,176932,买盘
219,09:41:28,12.28,-0.01,95,116680,卖盘
220,09:41:31,12.29,0.01,103,126508,买盘
221,09:41:34,12.28,-0.01,37,45456,卖盘
222,09:41:36,12.28,0.0,78,95798,卖盘
223,09:41:40,12.28,0.0,26,31928,买盘
224,09:41:42,12.28,0.0,75,92133,买盘
225,09:41:46,12.28,0.0,18,22096,买盘
226,09:41:49,12.28,0.0,60,73680,买盘
227,09:41:52,12.29,0.01,287,352628,买盘
228,09:41:55,12.29,0.0,94,115440,买盘
229,09:41:58,12.28,-0.01,144,176832,卖盘
230,09:42:01,12.27,-0.01,12,14731,卖盘
231,09:42:04,12.28,0.01,7,8596,买盘
232,09:42:10,12.27,-0.01,20,24552,卖盘
233,09:42:12,12.28,0.01,127,155929,买盘
234,09:42:16,12.27,-0.01,125,153385,卖盘
235,09:42:19,12.28,0.01,90,110520,买盘
236,09:42:22,12.28,0.0,25,30683,买盘
237,09:42:25,12.28,0.0,17,20876,卖盘
238,09:42:28,12.28,0.0,230,282440,买盘
239,09:42:31,12.28,0.0,29,35612,卖盘
240,09:42:34,12.29,0.01,24,29496,买盘
241,09:42:37,12.28,-0.01,5,6140,卖盘
242,09:42:40,12.29,0.01,38,46694,买盘
243,09:42:43,12.28,-0.01,134,164552,卖盘
244,09:42:46,12.29,0.01,139,170831,买盘
245,09:42:49,12.29,0.0,71,87189,买盘
246,09:42:52,12.29,0.0,179,219943,买盘
247,09:42:55,12.29,0.0,48,58992,买盘
248,09:42:58,12.29,0.0,12,14748,卖盘
249,09:43:01,12.29,0.0,123,151167,卖盘
250,09:43:04,12.29,0.0,41,50389,买盘
251,09:43:07,12.29,0.0,60,73740,买盘
252,09:43:10,12.29,0.0,20,24580,买盘
253,09:43:13,12.28,-0.01,25,30701,卖盘
254,09:43:19,12.29,0.01,67,82343,买盘
255,09:43:22,12.28,-0.01,24,29472,卖盘
256,09:43:25,12.27,-0.01,146,179222,卖盘
257,09:43:28,12.28,0.01,11,13508,中性盘
258,09:43:31,12.28,0.0,1,1228,买盘
259,09:43:34,12.28,0.0,8,9824,买盘
260,09:43:37,12.27,-0.01,35,42945,卖盘
261,09:43:40,12.27,0.0,4,4908,卖盘
262,09:43:43,12.28,0.01,34,41752,买盘
263,09:43:46,12.27,-0.01,25,30675,卖盘
264,09:43:49,12.27,0.0,173,212407,卖盘
265,09:43:51,12.26,-0.01,186,228176,卖盘
266,09:43:54,12.27,0.01,21,25770,卖盘
267,09:43:58,12.28,0.01,140,171898,买盘
268,09:44:04,12.26,-0.02,376,461873,卖盘
269,09:44:06,12.26,0.0,12,14712,卖盘
270,09:44:10,12.26,0.0,21,25756,卖盘
271,09:44:13,12.27,0.01,24,29446,中性盘
272,09:44:16,12.28,0.01,126,154726,买盘
273,09:44:19,12.27,-0.01,46,56442,卖盘
274,09:44:22,12.27,0.0,11,13497,卖盘
275,09:44:25,12.27,0.0,16,19632,卖盘
276,09:44:28,12.27,0.0,62,76074,卖盘
277,09:44:34,12.27,0.0,7,8589,买盘
278,09:44:39,12.27,0.0,26,31902,买盘
279,09:44:43,12.26,-0.01,25,30650,卖盘
280,09:44:46,12.27,0.01,10,12270,买盘
281,09:44:52,12.26,-0.01,40,49045,卖盘
282,09:44:55,12.26,0.0,33,40139,卖盘
283,09:44:58,12.26,0.0,39,47844,卖盘
284,09:45:01,12.26,0.0,45,55624,卖盘
285,09:45:10,12.25,-0.01,19,23275,卖盘
286,09:45:12,12.25,0.0,27,33075,卖盘
287,09:45:16,12.25,0.0,48,58804,卖盘
288,09:45:18,12.25,0.0,39,47787,卖盘
289,09:45:22,12.26,0.01,120,147016,买盘
290,09:45:25,12.25,-0.01,68,83300,卖盘
291,09:45:28,12.25,0.0,72,88205,卖盘
292,09:45:31,12.25,0.0,58,71050,买盘
293,09:45:33,12.24,-0.01,39,47741,卖盘
294,09:45:37,12.24,0.0,12,14688,卖盘
295,09:45:40,12.24,0.0,49,59976,卖盘
296,09:45:43,12.24,0.0,62,75888,卖盘
297,09:45:46,12.24,0.0,83,101617,卖盘
298,09:45:48,12.24,0.0,88,107748,卖盘
299,09:45:52,12.24,0.0,24,29380,卖盘
300,09:45:55,12.24,0.0,68,83237,卖盘
301,09:45:58,12.24,0.0,57,69768,卖盘
302,09:46:01,12.24,0.0,138,168912,卖盘
303,09:46:04,12.24,0.0,17,20808,卖盘
304,09:46:06,12.23,-0.01,30,36697,卖盘
305,09:46:09,12.24,0.01,157,192168,买盘
306,09:46:12,12.23,-0.01,42,51393,卖盘
307,09:46:16,12.23,0.0,5,6115,卖盘
308,09:46:19,12.23,0.0,67,81941,卖盘
309,09:46:22,12.23,0.0,171,209289,卖盘
310,09:46:25,12.24,0.01,63,77061,买盘
311,09:46:28,12.23,-0.01,41,50143,卖盘
312,09:46:31,12.23,0.0,45,55035,卖盘
313,09:46:34,12.23,0.0,70,85637,卖盘
314,09:46:36,12.23,0.0,44,53812,卖盘
315,09:46:40,12.23,0.0,66,80718,卖盘
316,09:46:42,12.23,0.0,104,127192,卖盘
317,09:46:45,12.23,0.0,35,42805,卖盘
318,09:46:49,12.23,0.0,176,215255,卖盘
319,09:46:52,12.22,-0.01,69,84360,卖盘
320,09:46:58,12.22,0.0,37,45187,买盘
321,09:47:01,12.21,-0.01,103,125763,卖盘
322,09:47:04,12.2,-0.01,53,64683,卖盘
323,09:47:07,12.21,0.01,2,2442,买盘
324,09:47:10,12.2,-0.01,33,40260,卖盘
325,09:47:13,12.2,0.0,194,236722,卖盘
326,09:47:16,12.2,0.0,101,123220,卖盘
327,09:47:19,12.2,0.0,222,270840,卖盘
328,09:47:22,12.2,0.0,212,258716,卖盘
329,09:47:25,12.2,0.0,131,159857,卖盘
330,09:47:28,12.2,0.0,57,69516,卖盘
331,09:47:31,12.2,0.0,60,73200,买盘
332,09:47:33,12.2,0.0,15,18300,买盘
333,09:47:36,12.19,-0.01,44,53652,卖盘
334,09:47:40,12.2,0.01,110,134200,买盘
335,09:47:43,12.2,0.0,157,191564,买盘
336,09:47:46,12.2,0.0,227,276940,卖盘
337,09:47:49,12.2,0.0,7,8540,卖盘
338,09:47:52,12.2,0.0,28,34160,卖盘
339,09:47:57,12.2,0.0,23,28060,卖盘
340,09:48:01,12.2,0.0,55,67100,卖盘
341,09:48:04,12.2,0.0,96,117125,卖盘
342,09:48:07,12.2,0.0,35,42701,卖盘
343,09:48:10,12.21,0.01,310,378510,买盘
344,09:48:13,12.22,0.01,36,43966,买盘
345,09:48:16,12.22,0.0,105,128301,买盘
346,09:48:19,12.23,0.01,15,18335,买盘
347,09:48:21,12.21,-0.02,505,616702,卖盘
348,09:48:24,12.21,0.0,39,47619,卖盘
349,09:48:28,12.23,0.02,42,51366,买盘
350,09:48:34,12.23,0.0,5,6115,买盘
351,09:48:37,12.23,0.0,3,3669,买盘
352,09:48:40,12.22,-0.01,35,42790,卖盘
353,09:48:43,12.22,0.0,10,12220,卖盘
354,09:48:46,12.22,0.0,12,14664,卖盘
355,09:48:48,12.23,0.01,12,14673,买盘
356,09:48:51,12.22,-0.01,5,6110,卖盘
357,09:48:54,12.22,0.0,37,45219,卖盘
358,09:48:58,12.21,-0.01,76,92898,卖盘
359,09:49:01,12.22,0.01,77,94089,买盘
360,09:49:07,12.22,0.0,10,12220,买盘
361,09:49:10,12.22,0.0,10,12220,买盘
362,09:49:16,12.21,-0.01,44,53724,卖盘
363,09:49:18,12.22,0.01,72,87973,买盘
364,09:49:22,12.21,-0.01,52,63494,卖盘
365,09:49:25,12.21,0.0,26,31746,卖盘
366,09:49:27,12.22,0.01,17,20774,买盘
367,09:49:31,12.22,0.0,15,18325,买盘
368,09:49:37,12.22,0.0,83,101422,买盘
369,09:49:39,12.21,-0.01,5,6105,卖盘
370,09:49:42,12.21,0.0,10,12210,卖盘
371,09:49:48,12.22,0.01,3,3666,买盘
372,09:49:52,12.21,-0.01,61,74489,卖盘
373,09:49:55,12.22,0.01,64,78208,买盘
374,09:49:57,12.22,0.0,25,30545,买盘
375,09:50:01,12.22,0.0,105,128270,买盘
376,09:50:04,12.21,-0.01,20,24420,卖盘
377,09:50:07,12.22,0.01,13,15885,买盘
378,09:50:10,12.22,0.0,52,63544,买盘
379,09:50:12,12.22,0.0,16,19552,卖盘
380,09:50:16,12.22,0.0,10,12220,卖盘
381,09:50:19,12.23,0.01,64,78240,买盘
382,09:50:22,12.22,-0.01,1,1222,卖盘
383,09:50:25,12.22,0.0,141,172410,卖盘
384,09:50:28,12.22,0.0,1,1222,卖盘
385,09:50:31,12.23,0.01,42,51356,买盘
386,09:50:34,12.23,0.0,33,40346,买盘
387,09:50:36,12.23,0.0,38,46474,买盘
388,09:50:40,12.24,0.01,19,23244,买盘
389,09:50:42,12.24,0.0,23,28146,买盘
390,09:50:51,12.24,0.0,33,40391,买盘
391,09:50:54,12.23,-0.01,23,28129,卖盘
392,09:50:58,12.23,0.0,38,46487,卖盘
393,09:51:01,12.24,0.01,49,59976,买盘
394,09:51:04,12.24,0.0,236,288632,买盘
395,09:51:07,12.24,0.0,67,81994,买盘
396,09:51:10,12.24,0.0,51,62424,买盘
397,09:51:12,12.24,0.0,30,36720,卖盘
398,09:51:16,12.24,0.0,10,12240,卖盘
399,09:51:19,12.25,0.01,56,68564,买盘
400,09:51:22,12.24,-0.01,30,36720,卖盘
401,09:51:25,12.23,-0.01,75,91767,卖盘
402,09:51:28,12.22,-0.01,50,61112,卖盘
403,09:51:31,12.24,0.02,1,1224,买盘
404,09:51:34,12.24,0.0,50,61200,买盘
405,09:51:37,12.24,0.0,14,17130,买盘
406,09:51:40,12.24,0.0,10,12240,买盘
407,09:51:43,12.23,-0.01,4,4892,卖盘
408,09:51:49,12.24,0.01,10,12230,买盘
409,09:51:55,12.24,0.0,172,210528,买盘
410,09:51:58,12.24,0.0,17,20808,卖盘
411,09:52:01,12.25,0.01,26,31846,买盘
412,09:52:04,12.24,-0.01,190,232260,卖盘
413,09:52:09,12.24,0.0,44,53770,买盘
414,09:52:16,12.25,0.01,71,86935,买盘
415,09:52:22,12.24,-0.01,3,3672,卖盘
416,09:52:25,12.24,0.0,10,12240,卖盘
417,09:52:28,12.25,0.01,57,69820,买盘
418,09:52:31,12.24,-0.01,110,134749,卖盘
419,09:52:33,12.24,0.0,37,45298,卖盘
420,09:52:36,12.25,0.01,401,490825,买盘
421,09:52:39,12.25,0.0,43,52670,买盘
422,09:52:45,12.24,-0.01,12,14695,卖盘
423,09:52:49,12.24,0.0,156,190944,卖盘
424,09:52:51,12.24,0.0,10,12240,买盘
425,09:52:55,12.22,-0.02,38,46443,卖盘
426,09:52:57,12.22,0.0,23,28108,卖盘
427,09:53:01,12.22,0.0,26,31772,卖盘
428,09:53:07,12.22,0.0,308,376376,卖盘
429,09:53:10,12.22,0.0,100,122200,卖盘
430,09:53:12,12.22,0.0,97,118534,卖盘
431,09:53:16,12.22,0.0,9,10998,买盘
432,09:53:22,12.21,-0.01,12,14652,卖盘
433,09:53:25,12.22,0.01,15,18330,买盘
434,09:53:27,12.22,0.0,7,8554,买盘
435,09:53:31,12.22,0.0,32,39104,买盘
436,09:53:34,12.22,0.0,117,142974,买盘
437,09:53:42,12.22,0.0,215,262768,卖盘
438,09:53:46,12.22,0.0,220,268694,买盘
439,09:53:48,12.22,0.0,8,9776,卖盘
440,09:53:52,12.22,0.0,6,7332,买盘
441,09:53:58,12.22,0.0,58,70876,卖盘
442,09:54:01,12.22,0.0,10,12220,卖盘
443,09:54:04,12.22,0.0,4,4888,卖盘
444,09:54:09,12.23,0.01,338,413032,买盘
445,09:54:19,12.22,-0.01,46,56212,买盘
446,09:54:22,12.21,-0.01,426,520758,卖盘
447,09:54:25,12.22,0.01,33,40326,卖盘
448,09:54:28,12.24,0.02,67,81928,买盘
449,09:54:31,12.22,-0.02,10,12220,卖盘
450,09:54:34,12.22,0.0,10,12220,卖盘
451,09:54:40,12.24,0.02,3,3670,买盘
452,09:54:43,12.22,-0.02,3,3666,卖盘
453,09:54:45,12.25,0.03,831,1016916,买盘
454,09:54:49,12.25,0.0,30,36750,卖盘
455,09:54:52,12.26,0.01,38,46585,买盘
456,09:54:55,12.25,-0.01,7,8575,卖盘
457,09:54:58,12.26,0.01,65,79690,买盘
458,09:55:01,12.26,0.0,79,96806,买盘
459,09:55:04,12.26,0.0,300,367800,买盘
460,09:55:07,12.26,0.0,31,37552,买盘
461,09:55:10,12.27,0.01,48,59340,买盘
462,09:55:13,12.27,0.0,72,88322,买盘
463,09:55:16,12.27,0.0,10,11816,买盘
464,09:55:18,12.27,0.0,43,52793,卖盘
465,09:55:22,12.28,0.01,32,39296,买盘
466,09:55:25,12.27,-0.01,59,72393,卖盘
467,09:55:28,12.28,0.01,143,175604,买盘
468,09:55:31,12.27,-0.01,80,98225,卖盘
469,09:55:33,12.28,0.01,12,14736,买盘
470,09:55:37,12.27,-0.01,50,61373,卖盘
471,09:55:39,12.27,0.0,14,17184,卖盘
472,09:55:42,12.28,0.01,367,450682,买盘
473,09:55:46,12.27,-0.01,139,170719,卖盘
474,09:55:49,12.27,0.0,8,9816,卖盘
475,09:55:51,12.27,0.0,50,61350,卖盘
476,09:55:55,12.27,0.0,51,62627,卖盘
477,09:55:58,12.27,0.0,145,178485,卖盘
478,09:56:01,12.27,0.0,42,51534,买盘
479,09:56:04,12.27,0.0,76,93252,买盘
480,09:56:07,12.27,0.0,27,33124,买盘
481,09:56:10,12.27,0.0,210,257665,买盘
482,09:56:12,12.27,0.0,80,97706,买盘
483,09:56:15,12.27,0.0,53,65031,卖盘
484,09:56:19,12.27,0.0,11,13497,卖盘
485,09:56:22,12.28,0.01,361,443459,买盘
486,09:56:25,12.27,-0.01,4,4908,卖盘
487,09:56:28,12.27,0.0,25,30675,卖盘
488,09:56:31,12.27,0.0,25,30687,卖盘
489,09:56:34,12.28,0.01,152,186654,买盘
490,09:56:37,12.27,-0.01,20,24540,卖盘
491,09:56:40,12.27,0.0,45,55222,卖盘
492,09:56:43,12.28,0.01,48,58944,买盘
493,09:56:46,12.28,0.0,322,394961,买盘
494,09:56:48,12.29,0.01,183,224808,买盘
495,09:56:52,12.28,-0.01,51,62631,卖盘
496,09:56:54,12.29,0.01,520,639065,买盘
497,09:56:58,12.29,0.0,172,211530,买盘
498,09:57:01,12.29,0.0,322,395738,卖盘
499,09:57:04,12.3,0.01,1068,1313634,买盘
500,09:57:07,12.3,0.0,5,6150,卖盘
501,09:57:10,12.3,0.0,608,748103,卖盘
502,09:57:12,12.31,0.01,44,54162,买盘
503,09:57:16,12.3,-0.01,92,113192,卖盘
504,09:57:19,12.31,0.01,96,118169,买盘
505,09:57:22,12.31,0.0,126,155106,买盘
506,09:57:24,12.31,0.0,38,46778,卖盘
507,09:57:28,12.31,0.0,54,66476,卖盘
508,09:57:31,12.32,0.01,223,274716,买盘
509,09:57:34,12.32,0.0,5,6160,买盘
510,09:57:37,12.32,0.0,87,107123,买盘
511,09:57:40,12.33,0.01,39,48044,买盘
512,09:57:43,12.32,-0.01,112,137992,卖盘
513,09:57:46,12.33,0.01,137,168901,买盘
514,09:57:49,12.33,0.0,85,104790,买盘
515,09:57:52,12.33,0.0,144,177547,买盘
516,09:57:54,12.33,0.0,50,61655,卖盘
517,09:57:58,12.33,0.0,66,81403,卖盘
518,09:58:01,12.34,0.01,98,120844,买盘
519,09:58:04,12.34,0.0,400,493351,买盘
520,09:58:07,12.33,-0.01,105,129478,卖盘
521,09:58:10,12.33,0.0,138,170247,卖盘
522,09:58:12,12.33,0.0,238,293499,卖盘
523,09:58:16,12.33,0.0,14,17262,买盘
524,09:58:18,12.33,0.0,134,165211,买盘
525,09:58:21,12.32,-0.01,242,298151,卖盘
526,09:58:24,12.32,0.0,96,118272,买盘
527,09:58:27,12.32,0.0,194,238934,买盘
528,09:58:30,12.31,-0.01,22,27082,卖盘
529,09:58:34,12.31,0.0,15,18465,卖盘
530,09:58:37,12.32,0.01,8,9856,买盘
531,09:58:40,12.31,-0.01,60,73860,卖盘
532,09:58:43,12.31,0.0,28,34468,卖盘
533,09:58:46,12.31,0.0,296,364378,卖盘
534,09:58:48,12.31,0.0,271,333621,卖盘
535,09:58:52,12.31,0.0,7,8617,买盘
536,09:58:55,12.3,-0.01,572,703632,卖盘
537,09:58:58,12.3,0.0,12,14767,卖盘
538,09:59:01,12.3,0.0,44,54120,卖盘
539,09:59:04,12.3,0.0,49,60295,卖盘
540,09:59:07,12.3,0.0,91,111930,卖盘
541,09:59:10,12.3,0.0,217,266772,卖盘
542,09:59:13,12.29,-0.01,56,69052,卖盘
543,09:59:18,12.3,0.01,11,13530,买盘
544,09:59:21,12.29,-0.01,21,25809,卖盘
545,09:59:25,12.29,0.0,40,49160,卖盘
546,09:59:28,12.29,0.0,366,450170,卖盘
547,09:59:31,12.29,0.0,22,27038,卖盘
548,09:59:34,12.3,0.01,176,216332,买盘
549,09:59:37,12.29,-0.01,110,135418,卖盘
550,09:59:40,12.29,0.0,5,6145,卖盘
551,09:59:46,12.3,0.01,32,39355,买盘
552,09:59:51,12.29,-0.01,38,46702,卖盘
553,09:59:57,12.29,0.0,270,331830,卖盘
554,10:00:01,12.29,0.0,24,29496,买盘
555,10:00:04,12.29,0.0,12,14748,买盘
556,10:00:12,12.29,0.0,15,18435,买盘
557,10:00:28,12.29,0.0,2,2458,买盘
558,10:00:34,12.29,0.0,55,67565,买盘
559,10:00:40,12.28,-0.01,30,36840,卖盘
560,10:00:43,12.29,0.01,13,15969,买盘
561,10:00:46,12.28,-0.01,30,36840,卖盘
562,10:00:49,12.28,0.0,38,46664,卖盘
563,10:00:55,12.3,0.02,421,517607,买盘
564,10:00:58,12.28,-0.02,27,33610,卖盘
565,10:01:01,12.31,0.03,350,430338,买盘
566,10:01:04,12.3,-0.01,35,43050,卖盘
567,10:01:06,12.3,0.0,11,13530,卖盘
568,10:01:09,12.3,0.0,24,29520,卖盘
569,10:01:13,12.31,0.01,33,40623,买盘
570,10:01:16,12.31,0.0,51,62731,买盘
571,10:01:19,12.29,-0.02,316,388650,卖盘
572,10:01:22,12.3,0.01,111,136530,买盘
573,10:01:24,12.3,0.0,14,17220,买盘
574,10:01:27,12.29,-0.01,67,82343,卖盘
575,10:01:30,12.28,-0.01,20,24560,卖盘
576,10:01:34,12.29,0.01,19,23351,买盘
577,10:01:37,12.28,-0.01,165,202628,卖盘
578,10:01:40,12.29,0.01,146,179420,买盘
579,10:01:46,12.28,-0.01,30,36840,买盘
580,10:01:48,12.28,0.0,37,45422,买盘
581,10:01:52,12.27,-0.01,54,66397,卖盘
582,10:01:55,12.28,0.01,19,23325,中性盘
583,10:01:58,12.28,0.0,136,167028,卖盘
584,10:02:01,12.29,0.01,30,36870,买盘
585,10:02:04,12.3,0.01,356,437880,买盘
586,10:02:07,12.29,-0.01,1,1229,卖盘
587,10:02:09,12.28,-0.01,24,29476,卖盘
588,10:02:12,12.29,0.01,156,191718,买盘
589,10:02:16,12.29,0.0,19,23365,卖盘
590,10:02:19,12.3,0.01,1,1230,买盘
591,10:02:22,12.29,-0.01,10,12290,卖盘
592,10:02:25,12.29,0.0,10,12290,卖盘
593,10:02:28,12.29,0.0,4,4917,卖盘
594,10:02:30,12.29,0.0,61,74969,卖盘
595,10:02:33,12.3,0.01,12,14760,买盘
596,10:02:40,12.29,-0.01,237,291273,卖盘
597,10:02:43,12.28,-0.01,2,2456,卖盘
598,10:02:46,12.29,0.01,50,61450,买盘
599,10:02:49,12.29,0.0,54,66350,买盘
600,10:02:52,12.29,0.0,43,52847,卖盘
601,10:02:58,12.28,-0.01,1,1228,卖盘
602,10:03:00,12.29,0.01,230,282670,买盘
603,10:03:04,12.28,-0.01,30,36843,卖盘
604,10:03:07,12.28,0.0,23,28244,卖盘
605,10:03:18,12.29,0.01,129,158531,买盘
606,10:03:22,12.28,-0.01,42,51576,卖盘
607,10:03:25,12.28,0.0,52,63856,卖盘
608,10:03:31,12.29,0.01,7,8603,买盘
609,10:03:37,12.28,-0.01,43,52804,卖盘
610,10:03:40,12.28,0.0,22,27016,卖盘
611,10:03:43,12.28,0.0,538,661167,买盘
612,10:03:46,12.28,0.0,8,9824,中性盘
613,10:03:49,12.29,0.01,298,366200,买盘
614,10:03:58,12.29,0.0,20,24588,卖盘
615,10:04:01,12.3,0.01,82,100822,买盘
616,10:04:04,12.29,-0.01,1,1229,卖盘
617,10:04:07,12.29,0.0,10,12290,卖盘
618,10:04:10,12.29,0.0,10,12290,卖盘
619,10:04:16,12.3,0.01,20,24600,买盘
620,10:04:19,12.3,0.0,8,9840,买盘
621,10:04:24,12.29,-0.01,3,3687,卖盘
622,10:04:27,12.3,0.01,5,6150,买盘
623,10:04:30,12.29,-0.01,57,70101,卖盘
624,10:04:34,12.29,0.0,10,12290,卖盘
625,10:04:36,12.3,0.01,1,1230,买盘
626,10:04:39,12.3,0.0,13,15982,买盘
627,10:04:42,12.29,-0.01,60,73740,卖盘
628,10:04:51,12.29,0.0,300,368700,买盘
629,10:04:54,12.29,0.0,33,40557,买盘
630,10:04:58,12.28,-0.01,27,33166,卖盘
631,10:05:00,12.29,0.01,104,127736,买盘
632,10:05:04,12.29,0.0,15,18430,买盘
633,10:05:06,12.29,0.0,133,162911,买盘
634,10:05:09,12.29,0.0,91,111839,卖盘
635,10:05:12,12.29,0.0,10,12290,卖盘
636,10:05:16,12.29,0.0,15,18435,卖盘
637,10:05:25,12.29,0.0,7,8603,卖盘
638,10:05:28,12.29,0.0,4,4916,卖盘
639,10:05:31,12.29,0.0,27,33183,卖盘
640,10:05:34,12.29,0.0,30,36870,卖盘
641,10:05:37,12.29,0.0,124,152396,卖盘
642,10:05:39,12.29,0.0,125,153678,卖盘
643,10:05:42,12.29,0.0,30,36870,卖盘
644,10:05:46,12.29,0.0,28,34904,卖盘
645,10:05:48,12.29,0.0,8,9832,买盘
646,10:05:51,12.28,-0.01,1,1228,卖盘
647,10:05:54,12.28,0.0,46,56488,卖盘
648,10:05:58,12.28,0.0,8,9824,买盘
649,10:06:04,12.27,-0.01,287,352170,卖盘
650,10:06:10,12.27,0.0,126,154655,卖盘
651,10:06:12,12.27,0.0,128,157222,买盘
652,10:06:16,12.28,0.01,24,29453,买盘
653,10:06:19,12.27,-0.01,138,169316,中性盘
654,10:06:22,12.28,0.01,139,170578,买盘
655,10:06:24,12.29,0.01,76,93341,买盘
656,10:06:31,12.28,-0.01,34,41782,买盘
657,10:06:33,12.29,0.01,7,8603,买盘
658,10:06:37,12.29,0.0,40,49147,买盘
659,10:06:40,12.29,0.0,53,65107,买盘
660,10:06:43,12.29,0.0,49,60221,买盘
661,10:06:46,12.29,0.0,42,51618,买盘
662,10:06:49,12.29,0.0,3,3195,买盘
663,10:06:55,12.29,0.0,30,36870,卖盘
664,10:06:58,12.29,0.0,9,11068,卖盘
665,10:07:00,12.3,0.01,25,30745,买盘
666,10:07:04,12.29,-0.01,10,12291,卖盘
667,10:07:06,12.3,0.01,90,110698,买盘
668,10:07:10,12.3,0.0,905,1113104,买盘
669,10:07:13,12.3,0.0,4,4920,卖盘
670,10:07:16,12.31,0.01,58,71342,买盘
671,10:07:22,12.31,0.0,54,66444,买盘
672,10:07:25,12.31,0.0,386,475814,买盘
673,10:07:27,12.31,0.0,2,2462,卖盘
674,10:07:31,12.32,0.01,100,123200,买盘
675,10:07:37,12.31,-0.01,9,11086,卖盘
676,10:07:39,12.32,0.01,160,196967,买盘
677,10:07:42,12.32,0.0,70,86221,买盘
678,10:07:46,12.32,0.0,60,73910,买盘
679,10:07:49,12.32,0.0,23,28336,买盘
680,10:07:51,12.33,0.01,32,39452,买盘
681,10:07:54,12.32,-0.01,1,1232,卖盘
682,10:07:58,12.31,-0.01,156,192147,卖盘
683,10:08:01,12.33,0.02,15,18495,买盘
684,10:08:04,12.32,-0.01,10,12325,卖盘
685,10:08:07,12.32,0.0,5,6160,卖盘
686,10:08:16,12.33,0.01,13,16019,买盘
687,10:08:19,12.32,-0.01,316,389312,卖盘
688,10:08:22,12.33,0.01,311,383281,买盘
689,10:08:25,12.33,0.0,1,1233,买盘
690,10:08:28,12.32,-0.01,19,23418,卖盘
691,10:08:30,12.32,0.0,35,43131,卖盘
692,10:08:33,12.32,0.0,16,19718,卖盘
693,10:08:37,12.32,0.0,13,16016,卖盘
694,10:08:39,12.33,0.01,24,29573,买盘
695,10:08:43,12.32,-0.01,27,33265,卖盘
696,10:08:48,12.32,0.0,5,6160,买盘
697,10:08:52,12.32,0.0,26,32030,买盘
698,10:08:54,12.32,0.0,207,254847,买盘
699,10:08:58,12.32,0.0,158,194656,买盘
700,10:09:01,12.32,0.0,35,43109,卖盘
701,10:09:04,12.32,0.0,10,12320,买盘
702,10:09:07,12.33,0.01,70,86192,买盘
703,10:09:09,12.31,-0.02,23,28313,卖盘
704,10:09:13,12.31,0.0,35,43085,卖盘
705,10:09:18,12.32,0.01,4,4928,买盘
706,10:09:25,12.31,-0.01,3,3693,卖盘
707,10:09:28,12.31,0.0,68,83708,卖盘
708,10:09:30,12.31,0.0,209,256708,卖盘
709,10:09:34,12.31,0.0,8,9848,买盘
710,10:09:37,12.3,-0.01,30,36910,卖盘
711,10:09:43,12.31,0.01,31,38161,买盘
712,10:09:46,12.3,-0.01,65,79950,卖盘
713,10:09:49,12.3,0.0,20,24600,卖盘
714,10:09:58,12.3,0.0,7,8610,卖盘
715,10:10:01,12.3,0.0,11,13530,卖盘
716,10:10:04,12.3,0.0,25,30750,卖盘
717,10:10:10,12.31,0.01,115,141565,买盘
718,10:10:16,12.3,-0.01,3,3690,卖盘
719,10:10:19,12.31,0.01,47,57857,买盘
720,10:10:25,12.3,-0.01,20,24600,卖盘
721,10:10:31,12.31,0.01,10,12310,买盘
722,10:10:33,12.31,0.0,5,6155,买盘
723,10:10:37,12.3,-0.01,10,12300,卖盘
724,10:10:46,12.31,0.01,53,65243,买盘
725,10:10:49,12.31,0.0,36,44316,卖盘
726,10:10:51,12.31,0.0,10,12305,买盘
727,10:10:55,12.31,0.0,10,12310,买盘
728,10:10:57,12.31,0.0,1,1231,买盘
729,10:11:06,12.31,0.0,40,49238,买盘
730,10:11:10,12.3,-0.01,52,63988,卖盘
731,10:11:13,12.3,0.0,36,44280,卖盘
732,10:11:16,12.3,0.0,30,36900,卖盘
733,10:11:19,12.3,0.0,35,43050,卖盘
734,10:11:22,12.3,0.0,28,34440,卖盘
735,10:11:24,12.3,0.0,200,246000,卖盘
736,10:11:34,12.3,0.0,1,1230,卖盘
737,10:11:37,12.31,0.01,6,7382,买盘
738,10:11:40,12.31,0.0,213,262203,买盘
739,10:11:43,12.31,0.0,5,6155,卖盘
740,10:11:45,12.31,0.0,102,125562,卖盘
741,10:11:52,12.31,0.0,363,446853,卖盘
742,10:12:01,12.31,0.0,146,179746,卖盘
743,10:12:04,12.31,0.0,20,24620,买盘
744,10:12:09,12.32,0.01,299,368314,买盘
745,10:12:13,12.3,-0.02,128,157450,卖盘
746,10:12:16,12.31,0.01,13,16003,买盘
747,10:12:18,12.31,0.0,39,48009,买盘
748,10:12:21,12.31,0.0,5,6155,卖盘
749,10:12:24,12.3,-0.01,52,63992,卖盘
750,10:12:33,12.3,0.0,15,18450,卖盘
751,10:12:36,12.31,0.01,11,13536,买盘
752,10:12:42,12.3,-0.01,10,12300,卖盘
753,10:12:51,12.31,0.01,70,86170,买盘
754,10:12:55,12.31,0.0,5,6155,买盘
755,10:12:58,12.3,-0.01,8,9840,卖盘
756,10:13:04,12.3,0.0,406,499380,卖盘
757,10:13:13,12.29,-0.01,67,82363,卖盘
758,10:13:16,12.29,0.0,7,8609,卖盘
759,10:13:19,12.29,0.0,15,18435,卖盘
760,10:13:21,12.29,0.0,200,245800,卖盘
761,10:13:27,12.29,0.0,5,6145,卖盘
762,10:13:30,12.29,0.0,7,9095,卖盘
763,10:13:34,12.29,0.0,6,6882,卖盘
764,10:13:37,12.29,0.0,2,2950,卖盘
765,10:13:49,12.28,-0.01,45,55260,卖盘
766,10:13:52,12.29,0.01,50,61450,买盘
767,10:13:55,12.28,-0.01,15,18420,卖盘
768,10:13:58,12.28,0.0,20,24560,卖盘
769,10:14:04,12.28,0.0,10,12280,卖盘
770,10:14:10,12.28,0.0,22,27016,卖盘
771,10:14:16,12.28,0.0,3,3684,卖盘
772,10:14:25,12.28,0.0,15,18420,卖盘
773,10:14:28,12.28,0.0,80,98270,卖盘
774,10:14:30,12.28,0.0,100,122800,卖盘
775,10:14:36,12.28,0.0,11,13508,卖盘
776,10:14:40,12.28,0.0,5,6140,卖盘
777,10:14:43,12.28,0.0,16,19648,卖盘
778,10:14:46,12.28,0.0,1,1228,卖盘
779,10:14:49,12.28,0.0,10,12280,卖盘
780,10:14:55,12.29,0.01,31,38096,买盘
781,10:15:01,12.29,0.0,10,12290,买盘
782,10:15:06,12.27,-0.02,6,7366,卖盘
783,10:15:09,12.28,0.01,1,1228,买盘
784,10:15:12,12.27,-0.01,24,29448,卖盘
785,10:15:15,12.27,0.0,24,29448,卖盘
786,10:15:19,12.27,0.0,34,41718,卖盘
787,10:15:25,12.27,0.0,4,4908,卖盘
788,10:15:28,12.28,0.01,15,18410,买盘
789,10:15:31,12.27,-0.01,1,1227,卖盘
790,10:15:34,12.27,0.0,18,22086,卖盘
791,10:15:39,12.27,0.0,5,6135,卖盘
792,10:15:43,12.27,0.0,2,2454,卖盘
793,10:15:45,12.27,0.0,3,3681,卖盘
794,10:16:01,12.27,0.0,6,7362,卖盘
795,10:16:04,12.27,0.0,5,6135,卖盘
796,10:16:12,12.27,0.0,8,9816,卖盘
797,10:16:18,12.28,0.01,80,98239,买盘
798,10:16:21,12.28,0.0,146,179288,卖盘
799,10:16:24,12.28,0.0,5,6140,卖盘
800,10:16:46,12.29,0.01,28,34412,买盘
801,10:16:49,12.28,-0.01,4,4912,卖盘
802,10:16:57,12.28,0.0,25,30700,卖盘
803,10:17:04,12.28,0.0,92,112977,卖盘
804,10:17:16,12.27,-0.01,49,60124,卖盘
805,10:17:19,12.28,0.01,2,2456,买盘
806,10:17:25,12.28,0.0,6,7368,买盘
807,10:17:27,12.27,-0.01,10,12270,卖盘
808,10:17:34,12.27,0.0,50,61350,卖盘
809,10:17:43,12.27,0.0,41,50307,卖盘
810,10:17:46,12.28,0.01,11,13507,买盘
811,10:17:49,12.27,-0.01,88,107976,卖盘
812,10:17:52,12.27,0.0,61,74847,卖盘
813,10:18:06,12.27,0.0,2,2454,买盘
814,10:18:10,12.27,0.0,3,3681,买盘
815,10:18:16,12.27,0.0,5,6135,买盘
816,10:18:22,12.27,0.0,72,88344,买盘
817,10:18:25,12.27,0.0,5,6135,卖盘
818,10:18:43,12.27,0.0,8,9816,卖盘
819,10:19:01,12.28,0.01,8,9824,买盘
820,10:19:04,12.27,-0.01,15,18405,卖盘
821,10:19:06,12.27,0.0,12,14724,卖盘
822,10:19:15,12.27,0.0,22,26994,卖盘
823,10:19:18,12.28,0.01,54,66290,买盘
824,10:19:22,12.27,-0.01,4,4908,卖盘
825,10:19:25,12.27,0.0,11,13497,卖盘
826,10:19:34,12.29,0.02,160,196485,买盘
827,10:19:37,12.29,0.0,34,41768,买盘
828,10:19:49,12.28,-0.01,24,29472,卖盘
829,10:19:55,12.29,0.01,25,30725,买盘
830,10:19:58,12.29,0.0,5,6145,买盘
831,10:20:07,12.29,0.0,6,7374,买盘
832,10:20:13,12.28,-0.01,50,61400,卖盘
833,10:20:15,12.29,0.01,5,6145,买盘
834,10:20:22,12.28,-0.01,4,4912,卖盘
835,10:20:33,12.29,0.01,4,4916,买盘
836,10:20:39,12.28,-0.01,1,1228,卖盘
837,10:20:45,12.28,0.0,30,36840,卖盘
838,10:20:49,12.28,0.0,55,67540,卖盘
839,10:20:55,12.28,0.0,20,24560,买盘
840,10:21:01,12.27,-0.01,18,22094,卖盘
841,10:21:04,12.28,0.01,37,45436,买盘
842,10:21:13,12.27,-0.01,10,12270,卖盘
843,10:21:19,12.27,0.0,77,94511,卖盘
844,10:21:22,12.26,-0.01,24,29438,卖盘
845,10:21:25,12.27,0.01,20,24540,卖盘
846,10:21:28,12.27,0.0,4,4908,买盘
847,10:21:39,12.26,-0.01,33,40471,卖盘
848,10:21:45,12.26,0.0,12,14717,卖盘
849,10:21:49,12.26,0.0,40,49040,卖盘
850,10:21:52,12.27,0.01,68,83436,买盘
851,10:22:01,12.27,0.0,22,26994,卖盘
852,10:22:04,12.27,0.0,27,33129,卖盘
853,10:22:16,12.27,0.0,20,24540,买盘
854,10:22:19,12.27,0.0,30,36810,买盘
855,10:22:22,12.26,-0.01,14,17164,卖盘
856,10:22:28,12.27,0.01,50,61350,买盘
857,10:22:31,12.27,0.0,2,2454,买盘
858,10:22:34,12.27,0.0,3,3681,买盘
859,10:22:36,12.27,0.0,3,3681,买盘
860,10:22:39,12.26,-0.01,13,15941,卖盘
861,10:22:43,12.26,0.0,5,6130,卖盘
862,10:22:45,12.26,0.0,51,62526,卖盘
863,10:22:48,12.26,0.0,5,6130,卖盘
864,10:22:52,12.26,0.0,25,30650,卖盘
865,10:22:58,12.26,0.0,71,87050,卖盘
866,10:23:01,12.26,0.0,100,122600,卖盘
867,10:23:07,12.26,0.0,54,66204,卖盘
868,10:23:10,12.26,0.0,241,295466,卖盘
869,10:23:19,12.25,-0.01,279,341980,卖盘
870,10:23:22,12.24,-0.01,84,102894,卖盘
871,10:23:25,12.22,-0.02,97,118590,卖盘
872,10:23:39,12.23,0.01,2,2446,卖盘
873,10:23:49,12.23,0.0,11,13453,卖盘
874,10:23:52,12.24,0.01,75,91775,买盘
875,10:23:55,12.23,-0.01,81,99064,卖盘
876,10:23:58,12.23,0.0,8,9784,卖盘
877,10:24:01,12.24,0.01,10,12240,买盘
878,10:24:13,12.24,0.0,60,73440,买盘
879,10:24:15,12.24,0.0,24,29376,卖盘
880,10:24:18,12.24,0.0,1,1224,卖盘
881,10:24:25,12.24,0.0,1,1224,卖盘
882,10:24:28,12.24,0.0,18,22032,卖盘
883,10:24:40,12.25,0.01,6,7350,买盘
884,10:24:42,12.25,0.0,54,66150,卖盘
885,10:24:46,12.25,0.0,21,25725,买盘
886,10:24:51,12.25,0.0,10,12250,买盘
887,10:25:01,12.25,0.0,3,3675,买盘
888,10:25:04,12.25,0.0,20,24500,买盘
889,10:25:07,12.25,0.0,32,39200,买盘
890,10:25:09,12.25,0.0,35,42875,买盘
891,10:25:22,12.24,-0.01,23,28152,卖盘
892,10:25:25,12.24,0.0,25,30600,卖盘
893,10:25:33,12.25,0.01,9,11025,买盘
894,10:25:36,12.25,0.0,10,12250,卖盘
895,10:25:42,12.25,0.0,1,1225,卖盘
896,10:25:46,12.25,0.0,1,1225,买盘
897,10:25:55,12.24,-0.01,42,51408,卖盘
898,10:25:58,12.25,0.01,10,12250,买盘
899,10:26:04,12.25,0.0,6,7350,买盘
900,10:26:07,12.25,0.0,21,25725,卖盘
901,10:26:15,12.24,-0.01,29,35518,卖盘
902,10:26:21,12.25,0.01,5,6125,卖盘
903,10:26:25,12.25,0.0,5,6125,卖盘
904,10:26:34,12.25,0.0,4,4900,买盘
905,10:26:58,12.25,0.0,11,13475,买盘
906,10:27:01,12.25,0.0,20,24500,买盘
907,10:27:04,12.24,-0.01,11,13464,卖盘
908,10:27:07,12.24,0.0,57,69820,卖盘
909,10:27:19,12.24,0.0,37,45320,卖盘
910,10:27:24,12.24,0.0,23,28152,卖盘
911,10:27:27,12.24,0.0,25,30600,卖盘
912,10:27:30,12.24,0.0,23,28167,卖盘
913,10:27:36,12.24,0.0,10,12240,卖盘
914,10:27:46,12.24,0.0,105,128520,卖盘
915,10:28:01,12.24,0.0,103,126072,卖盘
916,10:28:07,12.24,0.0,5,6120,卖盘
917,10:28:10,12.24,0.0,1,1224,卖盘
918,10:28:16,12.24,0.0,47,57528,卖盘
919,10:28:19,12.24,0.0,10,12240,买盘
920,10:28:21,12.23,-0.01,158,193234,卖盘
921,10:28:37,12.22,-0.01,50,61100,卖盘
922,10:28:49,12.23,0.01,100,122300,买盘
923,10:28:55,12.23,0.0,15,18345,买盘
924,10:28:57,12.22,-0.01,30,36660,卖盘
925,10:29:00,12.23,0.01,50,61150,买盘
926,10:29:03,12.22,-0.01,52,63544,卖盘
927,10:29:06,12.22,0.0,32,39120,卖盘
928,10:29:13,12.23,0.01,5,6115,买盘
929,10:29:16,12.23,0.0,97,118536,买盘
930,10:29:19,12.22,-0.01,3,3666,卖盘
931,10:29:22,12.23,0.01,69,84387,买盘
932,10:29:25,12.23,0.0,51,62373,卖盘
933,10:29:28,12.23,0.0,10,12230,卖盘
934,10:29:33,12.23,0.0,15,18349,卖盘
935,10:29:36,12.23,0.0,10,12230,卖盘
936,10:29:39,12.23,0.0,32,39136,卖盘
937,10:29:42,12.23,0.0,80,97840,卖盘
938,10:29:49,12.22,-0.01,252,307978,卖盘
939,10:29:52,12.22,0.0,62,75764,卖盘
940,10:29:55,12.23,0.01,2,2446,买盘
941,10:29:58,12.21,-0.02,674,824167,卖盘
942,10:30:04,12.21,0.0,42,51292,卖盘
943,10:30:06,12.21,0.0,52,63492,卖盘
944,10:30:09,12.21,0.0,70,85470,卖盘
945,10:30:13,12.21,0.0,93,113553,卖盘
946,10:30:19,12.21,0.0,12,14652,买盘
947,10:30:25,12.21,0.0,4,4884,买盘
948,10:30:27,12.21,0.0,5,6105,买盘
949,10:30:31,12.21,0.0,4,4884,买盘
950,10:30:33,12.21,0.0,2,2442,买盘
951,10:30:37,12.21,0.0,25,30525,买盘
952,10:30:40,12.21,0.0,43,52484,买盘
953,10:30:43,12.2,-0.01,6,7320,卖盘
954,10:30:45,12.2,0.0,50,61000,卖盘
955,10:30:48,12.21,0.01,10,12210,买盘
956,10:30:51,12.2,-0.01,114,139080,卖盘
957,10:30:54,12.22,0.02,48,58609,买盘
958,10:31:04,12.2,-0.02,136,165956,卖盘
959,10:31:07,12.21,0.01,43,52503,买盘
960,10:31:10,12.21,0.0,53,64713,买盘
961,10:31:19,12.21,0.0,96,117216,卖盘
962,10:31:21,12.21,0.0,10,12210,卖盘
963,10:31:24,12.21,0.0,54,65944,卖盘
964,10:31:27,12.21,0.0,66,80611,卖盘
965,10:31:30,12.21,0.0,3,3663,卖盘
966,10:31:37,12.22,0.01,6,7328,买盘
967,10:31:40,12.22,0.0,3,3666,卖盘
968,10:31:43,12.21,-0.01,152,185592,卖盘
969,10:31:46,12.21,0.0,18,21978,买盘
970,10:31:52,12.21,0.0,10,12210,买盘
971,10:31:54,12.21,0.0,14,17094,买盘
972,10:31:57,12.2,-0.01,20,24400,卖盘
973,10:32:01,12.2,0.0,1933,2358246,卖盘
974,10:32:07,12.19,-0.01,27,32918,卖盘
975,10:32:10,12.2,0.01,10,12200,买盘
976,10:32:13,12.19,-0.01,9,10971,卖盘
977,10:32:15,12.19,0.0,71,86559,卖盘
978,10:32:22,12.19,0.0,121,147499,卖盘
979,10:32:25,12.18,-0.01,1421,1730900,卖盘
980,10:32:30,12.17,-0.01,16,19484,卖盘
981,10:32:37,12.17,0.0,153,186201,卖盘
982,10:32:40,12.18,0.01,100,121719,买盘
983,10:32:42,12.18,0.0,20,24350,买盘
984,10:32:46,12.17,-0.01,25,30425,卖盘
985,10:32:51,12.18,0.01,2,2436,买盘
986,10:32:58,12.17,-0.01,22,26774,卖盘
987,10:33:01,12.17,0.0,9,10957,卖盘
988,10:33:04,12.18,0.01,15,18265,买盘
989,10:33:07,12.18,0.0,11,13398,买盘
990,10:33:09,12.18,0.0,42,51155,买盘
991,10:33:13,12.18,0.0,274,333731,买盘
992,10:33:15,12.18,0.0,71,86478,卖盘
993,10:33:18,12.19,0.01,54,65826,买盘
994,10:33:22,12.19,0.0,37,45091,买盘
995,10:33:28,12.19,0.0,48,58512,卖盘
996,10:33:37,12.19,0.0,26,31694,卖盘
997,10:33:39,12.19,0.0,27,32913,卖盘
998,10:33:42,12.19,0.0,45,54855,卖盘
999,10:33:45,12.19,0.0,12,14628,买盘
1000,10:33:49,12.2,0.01,101,123212,买盘
1001,10:33:55,12.19,-0.01,1,1219,买盘
1002,10:34:01,12.19,0.0,34,41460,卖盘
1003,10:34:16,12.2,0.01,51,62184,买盘
1004,10:34:18,12.19,-0.01,10,12190,卖盘
1005,10:34:22,12.19,0.0,5,6095,卖盘
1006,10:34:25,12.19,0.0,3,3657,卖盘
1007,10:34:28,12.19,0.0,20,24380,卖盘
1008,10:34:30,12.19,0.0,2,2438,卖盘
1009,10:34:33,12.19,0.0,101,123119,卖盘
1010,10:34:37,12.19,0.0,28,34132,买盘
1011,10:34:43,12.18,-0.01,5,6090,卖盘
1012,10:34:46,12.19,0.01,1,1219,买盘
1013,10:34:48,12.19,0.0,17,20723,买盘
1014,10:34:51,12.18,-0.01,30,36540,卖盘
1015,10:34:55,12.19,0.01,3,3657,买盘
1016,10:34:58,12.18,-0.01,184,224112,卖盘
1017,10:35:01,12.19,0.01,20,24364,买盘
1018,10:35:07,12.18,-0.01,2,2436,买盘
1019,10:35:10,12.18,0.0,10,12180,买盘
1020,10:35:13,12.18,0.0,1,1218,买盘
1021,10:35:22,12.18,0.0,35,42630,卖盘
1022,10:35:25,12.17,-0.01,9,10959,卖盘
1023,10:35:28,12.17,0.0,22,26774,卖盘
1024,10:35:30,12.17,0.0,26,31642,卖盘
1025,10:35:33,12.18,0.01,3,3654,买盘
1026,10:35:43,12.18,0.0,37,45066,卖盘
1027,10:35:49,12.18,0.0,21,25584,卖盘
1028,10:35:51,12.18,0.0,17,20706,卖盘
1029,10:35:54,12.19,0.01,14,17066,买盘
1030,10:35:58,12.18,-0.01,249,303306,卖盘
1031,10:36:01,12.18,0.0,12,14623,卖盘
1032,10:36:04,12.17,-0.01,400,487066,卖盘
1033,10:36:07,12.18,0.01,6,7310,中性盘
1034,10:36:10,12.19,0.01,10,12188,买盘
1035,10:36:15,12.18,-0.01,35,42630,买盘
1036,10:36:19,12.17,-0.01,10,12170,卖盘
1037,10:36:22,12.17,0.0,5,6085,卖盘
1038,10:36:28,12.17,0.0,186,226373,卖盘
1039,10:36:31,12.16,-0.01,15,18250,卖盘
1040,10:36:34,12.17,0.01,83,101069,买盘
1041,10:36:37,12.18,0.01,20,24360,买盘
1042,10:36:40,12.17,-0.01,21,25557,卖盘
1043,10:36:42,12.17,0.0,8,9736,卖盘
1044,10:36:51,12.17,0.0,8,9736,卖盘
1045,10:36:58,12.17,0.0,5,6085,卖盘
1046,10:37:01,12.17,0.0,61,74253,卖盘
1047,10:37:04,12.17,0.0,45,54775,卖盘
1048,10:37:10,12.17,0.0,72,87656,卖盘
1049,10:37:13,12.17,0.0,5,6085,卖盘
1050,10:37:19,12.17,0.0,2,2435,卖盘
1051,10:37:22,12.17,0.0,21,25557,卖盘
1052,10:37:27,12.18,0.01,10,12180,买盘
1053,10:37:31,12.17,-0.01,48,58416,卖盘
1054,10:37:34,12.18,0.01,42,51156,买盘
1055,10:37:37,12.18,0.0,7,8524,买盘
1056,10:37:40,12.19,0.01,2120,2577736,买盘
1057,10:37:42,12.19,0.0,49,59714,买盘
1058,10:37:52,12.18,-0.01,5,6090,卖盘
1059,10:37:55,12.19,0.01,25,30475,买盘
1060,10:37:58,12.18,-0.01,31,37758,卖盘
1061,10:38:01,12.19,0.01,10,12185,买盘
1062,10:38:04,12.19,0.0,2,2438,买盘
1063,10:38:13,12.19,0.0,2,2438,买盘
1064,10:38:16,12.19,0.0,15,18285,买盘
1065,10:38:19,12.2,0.01,30,36600,买盘
1066,10:38:21,12.19,-0.01,5,6095,卖盘
1067,10:38:27,12.2,0.01,5,6100,买盘
1068,10:38:31,12.2,0.0,50,61000,买盘
1069,10:38:33,12.19,-0.01,16,19510,卖盘
1070,10:38:37,12.2,0.01,16,19520,买盘
1071,10:38:40,12.2,0.0,30,36600,买盘
1072,10:38:43,12.2,0.0,25,30495,买盘
1073,10:38:49,12.2,0.0,27,32964,买盘
1074,10:39:00,12.21,0.01,2,2442,买盘
1075,10:39:04,12.21,0.0,70,85425,买盘
1076,10:39:13,12.21,0.0,26,31746,买盘
1077,10:39:21,12.2,-0.01,105,128100,卖盘
1078,10:39:24,12.2,0.0,7,8542,卖盘
1079,10:39:28,12.21,0.01,60,73260,买盘
1080,10:39:31,12.2,-0.01,24,29280,卖盘
1081,10:39:34,12.2,0.0,24,29280,卖盘
1082,10:39:37,12.21,0.01,5,6105,买盘
1083,10:39:43,12.2,-0.01,15,18300,卖盘
1084,10:39:46,12.21,0.01,11,13431,买盘
1085,10:39:49,12.21,0.0,34,41514,买盘
1086,10:39:52,12.21,0.0,4,4884,卖盘
1087,10:39:55,12.21,0.0,15,18315,卖盘
1088,10:39:57,12.21,0.0,17,20757,卖盘
1089,10:40:10,12.2,-0.01,7,8542,卖盘
1090,10:40:13,12.2,0.0,95,115900,卖盘
1091,10:40:16,12.21,0.01,101,123240,买盘
1092,10:40:19,12.2,-0.01,34,41480,卖盘
1093,10:40:22,12.2,0.0,34,41456,卖盘
1094,10:40:28,12.2,0.0,12,14640,买盘
1095,10:40:31,12.2,0.0,10,12200,买盘
1096,10:40:36,12.2,0.0,4,4880,买盘
1097,10:40:40,12.19,-0.01,5,6095,卖盘
1098,10:40:43,12.2,0.01,6,7315,买盘
1099,10:40:57,12.19,-0.01,191,232829,卖盘
1100,10:41:01,12.19,0.0,5,6095,卖盘
1101,10:41:04,12.19,0.0,45,54855,卖盘
1102,10:41:16,12.19,0.0,5,6095,买盘
1103,10:41:22,12.18,-0.01,5,6090,卖盘
1104,10:41:34,12.16,-0.02,48,58399,卖盘
1105,10:41:40,12.16,0.0,3,3648,卖盘
1106,10:41:43,12.19,0.03,18,21935,买盘
1107,10:41:51,12.17,-0.02,64,77888,卖盘
1108,10:41:55,12.17,0.0,8,9736,卖盘
1109,10:42:01,12.18,0.01,3,3654,卖盘
1110,10:42:10,12.18,0.0,9,10962,买盘
1111,10:42:21,12.18,0.0,5,6090,卖盘
1112,10:42:31,12.19,0.01,29,35351,买盘
1113,10:42:34,12.19,0.0,10,12190,买盘
1114,10:42:43,12.19,0.0,5,6095,卖盘
1115,10:42:49,12.2,0.01,31,37820,买盘
1116,10:42:52,12.2,0.0,2,2440,卖盘
1117,10:42:55,12.19,-0.01,10,12198,卖盘
1118,10:42:58,12.19,0.0,35,42740,卖盘
1119,10:43:01,12.2,0.01,37,45211,中性盘
1120,10:43:04,12.23,0.03,32,39136,买盘
1121,10:43:07,12.2,-0.03,50,61000,卖盘
1122,10:43:10,12.22,0.02,1,1222,卖盘
1123,10:43:13,12.24,0.02,54,66025,买盘
1124,10:43:33,12.19,-0.05,26,31694,卖盘
1125,10:43:37,12.23,0.04,51,62257,买盘
1126,10:43:52,12.2,-0.03,15,18300,卖盘
1127,10:44:00,12.2,0.0,7,8535,买盘
1128,10:44:04,12.19,-0.01,35,42665,卖盘
1129,10:44:07,12.2,0.01,117,142700,买盘
1130,10:44:13,12.2,0.0,1,1220,卖盘
1131,10:44:16,12.19,-0.01,40,48795,卖盘
1132,10:44:19,12.21,0.02,8,9768,买盘
1133,10:44:28,12.21,0.0,67,81762,买盘
1134,10:44:30,12.21,0.0,1,1221,卖盘
1135,10:44:43,12.2,-0.01,9,10980,卖盘
1136,10:44:46,12.21,0.01,16,19526,买盘
1137,10:44:49,12.2,-0.01,6,7320,卖盘
1138,10:44:55,12.21,0.01,21,25626,买盘
1139,10:44:58,12.2,-0.01,5,6100,中性盘
1140,10:45:07,12.2,0.0,13,15860,买盘
1141,10:45:10,12.2,0.0,1,1220,买盘
1142,10:45:15,12.2,0.0,28,34133,买盘
1143,10:45:28,12.19,-0.01,10,12190,买盘
1144,10:45:34,12.18,-0.01,15,18275,卖盘
1145,10:45:36,12.18,0.0,48,58464,卖盘
1146,10:45:43,12.18,0.0,5,6090,卖盘
1147,10:45:58,12.18,0.0,1,1218,卖盘
1148,10:46:04,12.19,0.01,7,8528,买盘
1149,10:46:07,12.19,0.0,97,118227,买盘
1150,10:46:16,12.18,-0.01,8,9744,卖盘
1151,10:46:22,12.18,0.0,5,6090,卖盘
1152,10:46:43,12.18,0.0,5,6090,卖盘
1153,10:46:46,12.18,0.0,5,6090,卖盘
1154,10:46:49,12.18,0.0,10,12180,卖盘
1155,10:46:52,12.19,0.01,5,6095,买盘
1156,10:46:54,12.18,-0.01,80,97444,卖盘
1157,10:47:01,12.18,0.0,1,1218,卖盘
1158,10:47:04,12.18,0.0,5,6090,卖盘
1159,10:47:15,12.18,0.0,1,1218,卖盘
1160,10:47:22,12.18,0.0,5,6090,卖盘
1161,10:47:28,12.18,0.0,26,31668,卖盘
1162,10:47:31,12.19,0.01,1,1219,买盘
1163,10:47:37,12.17,-0.02,32,38951,卖盘
1164,10:47:40,12.17,0.0,32,38954,卖盘
1165,10:47:42,12.18,0.01,15,18269,买盘
1166,10:47:46,12.19,0.01,32,38995,买盘
1167,10:47:54,12.18,-0.01,65,79170,卖盘
1168,10:48:01,12.18,0.0,1,1218,卖盘
1169,10:48:07,12.18,0.0,13,15834,卖盘
1170,10:48:22,12.18,0.0,5,6090,卖盘
1171,10:48:28,12.19,0.01,5,6095,买盘
1172,10:48:31,12.18,-0.01,3,3656,卖盘
1173,10:48:48,12.2,0.02,19,23175,买盘
1174,10:48:51,12.18,-0.02,50,60900,卖盘
1175,10:49:01,12.2,0.02,1,1220,买盘
1176,10:49:04,12.2,0.0,20,24395,买盘
1177,10:49:18,12.2,0.0,10,12200,买盘
1178,10:49:22,12.2,0.0,19,23175,买盘
1179,10:49:24,12.19,-0.01,1,1219,卖盘
1180,10:49:28,12.2,0.01,2,2440,买盘
1181,10:49:37,12.19,-0.01,23,28037,卖盘
1182,10:49:40,12.2,0.01,57,69515,买盘
1183,10:49:42,12.21,0.01,50,60990,买盘
1184,10:49:48,12.19,-0.02,5,6095,卖盘
1185,10:49:51,12.19,0.0,8,9752,卖盘
1186,10:49:57,12.21,0.02,29,35409,买盘
1187,10:50:04,12.21,0.0,101,123321,卖盘
1188,10:50:18,12.21,0.0,15,18305,买盘
1189,10:50:22,12.21,0.0,5,6105,卖盘
1190,10:50:24,12.21,0.0,14,17094,卖盘
1191,10:50:30,12.2,-0.01,25,30500,卖盘
1192,10:50:36,12.2,0.0,98,119560,卖盘
1193,10:50:40,12.2,0.0,29,35380,卖盘
1194,10:50:43,12.2,0.0,5,6100,卖盘
1195,10:51:01,12.2,0.0,73,89060,卖盘
1196,10:51:10,12.2,0.0,3,3660,买盘
1197,10:51:16,12.19,-0.01,15,18285,卖盘
1198,10:51:19,12.2,0.01,10,12195,买盘
1199,10:51:25,12.19,-0.01,5,6095,卖盘
1200,10:51:28,12.19,0.0,5,6095,卖盘
1201,10:51:33,12.19,0.0,2,2438,卖盘
1202,10:51:40,12.19,0.0,23,28037,卖盘
1203,10:51:43,12.18,-0.01,25,30464,卖盘
1204,10:52:01,12.18,0.0,85,103530,卖盘
1205,10:52:05,12.18,0.0,5,6090,卖盘
1206,10:52:07,12.18,0.0,6,7308,卖盘
1207,10:52:10,12.17,-0.01,343,417593,卖盘
1208,10:52:12,12.19,0.02,23,28037,买盘
1209,10:52:22,12.17,-0.02,5,6085,卖盘
1210,10:52:34,12.17,0.0,2,2434,卖盘
1211,10:52:49,12.17,0.0,2,2434,卖盘
1212,10:52:55,12.17,0.0,22,26774,卖盘
1213,10:53:00,12.17,0.0,2,2434,卖盘
1214,10:53:05,12.18,0.01,1,1218,买盘
1215,10:53:10,12.17,-0.01,2,2434,卖盘
1216,10:53:13,12.17,0.0,22,26784,卖盘
1217,10:53:18,12.17,0.0,16,19486,卖盘
1218,10:53:22,12.17,0.0,50,60850,卖盘
1219,10:53:24,12.17,0.0,41,49902,卖盘
1220,10:53:30,12.17,0.0,2,2434,卖盘
1221,10:53:37,12.18,0.01,10,12180,买盘
1222,10:53:40,12.17,-0.01,75,91323,卖盘
1223,10:53:43,12.17,0.0,23,27991,卖盘
1224,10:53:49,12.17,0.0,2,2434,卖盘
1225,10:53:52,12.18,0.01,32,38976,买盘
1226,10:53:55,12.17,-0.01,5,6085,卖盘
1227,10:53:58,12.17,0.0,15,18255,卖盘
1228,10:54:01,12.18,0.01,84,102310,买盘
1229,10:54:04,12.19,0.01,64,77964,买盘
1230,10:54:09,12.17,-0.02,2,2434,卖盘
1231,10:54:16,12.18,0.01,3,3654,卖盘
1232,10:54:19,12.18,0.0,2,2436,卖盘
1233,10:54:30,12.18,0.0,2,2436,卖盘
1234,10:54:34,12.18,0.0,32,38988,卖盘
1235,10:54:36,12.19,0.01,32,39008,买盘
1236,10:54:39,12.18,-0.01,2,2436,卖盘
1237,10:54:42,12.19,0.01,17,20723,买盘
1238,10:54:46,12.18,-0.01,12,14616,卖盘
1239,10:55:01,12.18,0.0,6,7306,买盘
1240,10:55:04,12.18,0.0,2,2436,卖盘
1241,10:55:07,12.19,0.01,9,10971,买盘
1242,10:55:10,12.18,-0.01,2,2436,卖盘
1243,10:55:22,12.18,0.0,2,2436,买盘
1244,10:55:25,12.18,0.0,8,9744,卖盘
1245,10:55:30,12.18,0.0,2,2436,中性盘
1246,10:55:33,12.18,0.0,1,1218,卖盘
1247,10:55:39,12.17,-0.01,27,32861,卖盘
1248,10:55:42,12.17,0.0,23,27991,卖盘
1249,10:55:49,12.18,0.01,2,2436,卖盘
1250,10:56:01,12.17,-0.01,20,24340,卖盘
1251,10:56:04,12.18,0.01,50,60900,买盘
1252,10:56:18,12.17,-0.01,21,25575,卖盘
1253,10:56:25,12.18,0.01,77,93786,买盘
1254,10:56:31,12.18,0.0,43,52374,卖盘
1255,10:56:40,12.17,-0.01,5,6085,卖盘
1256,10:56:42,12.17,0.0,10,12170,卖盘
1257,10:56:48,12.18,0.01,40,48720,买盘
1258,10:56:52,12.18,0.0,40,48720,卖盘
1259,10:56:55,12.18,0.0,5,6090,卖盘
1260,10:57:04,12.18,0.0,23,28014,卖盘
1261,10:57:07,12.18,0.0,92,112056,卖盘
1262,10:57:46,12.18,0.0,52,63289,买盘
1263,10:57:49,12.17,-0.01,1,1217,卖盘
1264,10:58:01,12.18,0.01,3,3654,买盘
1265,10:58:04,12.17,-0.01,168,204456,卖盘
1266,10:58:07,12.17,0.0,60,73020,卖盘
1267,10:58:19,12.16,-0.01,22,26753,卖盘
1268,10:58:22,12.16,0.0,8,9728,卖盘
1269,10:58:42,12.17,0.01,201,244417,买盘
1270,10:58:52,12.16,-0.01,40,48640,卖盘
1271,10:58:55,12.16,0.0,40,48640,卖盘
1272,10:58:58,12.16,0.0,94,114329,卖盘
1273,10:59:06,12.16,0.0,74,89984,卖盘
1274,10:59:09,12.16,0.0,3,3648,卖盘
1275,10:59:18,12.16,0.0,47,57152,卖盘
1276,10:59:34,12.15,-0.01,1,1215,卖盘
1277,10:59:45,12.15,0.0,48,58320,卖盘
1278,10:59:54,12.16,0.01,8,9723,买盘
1279,11:00:04,12.16,0.0,1,1216,买盘
1280,11:00:07,12.15,-0.01,8,9720,卖盘
1281,11:00:13,12.15,0.0,30,36455,卖盘
1282,11:00:22,12.17,0.02,175,212826,买盘
1283,11:00:27,12.15,-0.02,3,3645,卖盘
1284,11:00:31,12.16,0.01,8,9723,买盘
1285,11:00:37,12.15,-0.01,20,24300,卖盘
1286,11:00:43,12.16,0.01,24,29184,买盘
1287,11:00:46,12.17,0.01,32,38944,买盘
1288,11:00:48,12.15,-0.02,21,25516,卖盘
1289,11:00:51,12.17,0.02,7,8517,买盘
1290,11:00:58,12.17,0.0,16,19472,买盘
1291,11:01:07,12.16,-0.01,24,29198,卖盘
1292,11:01:18,12.17,0.01,5,6085,买盘
1293,11:01:22,12.16,-0.01,12,14592,卖盘
1294,11:01:31,12.16,0.0,136,165376,卖盘
1295,11:01:34,12.16,0.0,20,24320,买盘
1296,11:01:37,12.15,-0.01,1,1215,卖盘
1297,11:01:46,12.15,0.0,24,29160,卖盘
1298,11:01:48,12.15,0.0,24,29160,卖盘
1299,11:01:51,12.16,0.01,12,14592,买盘
1300,11:02:09,12.15,-0.01,57,69255,卖盘
1301,11:02:13,12.15,0.0,25,30375,卖盘
1302,11:02:19,12.16,0.01,3,3648,买盘
1303,11:02:22,12.16,0.0,5,6080,买盘
1304,11:02:25,12.15,-0.01,52,63182,卖盘
1305,11:02:34,12.15,0.0,40,48600,卖盘
1306,11:02:43,12.15,0.0,31,37665,卖盘
1307,11:02:48,12.15,0.0,3,3645,卖盘
1308,11:02:58,12.15,0.0,35,42525,买盘
1309,11:03:01,12.15,0.0,20,24300,卖盘
1310,11:03:13,12.16,0.01,12,14592,买盘
1311,11:03:15,12.16,0.0,10,12160,买盘
1312,11:03:19,12.16,0.0,5,6080,买盘
1313,11:03:21,12.16,0.0,64,77824,买盘
1314,11:03:25,12.16,0.0,5,6080,买盘
1315,11:03:34,12.16,0.0,35,42560,卖盘
1316,11:03:40,12.15,-0.01,2,2430,卖盘
1317,11:03:43,12.16,0.01,64,77824,买盘
1318,11:03:48,12.15,-0.01,48,58320,卖盘
1319,11:03:52,12.16,0.01,1,1216,买盘
1320,11:03:58,12.16,0.0,19,23104,买盘
1321,11:04:01,12.16,0.0,25,30400,买盘
1322,11:04:12,12.15,-0.01,50,60750,卖盘
1323,11:04:16,12.16,0.01,14,17024,买盘
1324,11:04:19,12.15,-0.01,5,6075,卖盘
1325,11:04:22,12.16,0.01,7,8512,买盘
1326,11:04:37,12.16,0.0,7,8512,买盘
1327,11:04:46,12.16,0.0,61,74176,买盘
1328,11:04:52,12.16,0.0,38,46208,买盘
1329,11:04:55,12.16,0.0,20,24310,买盘
1330,11:04:58,12.16,0.0,46,55936,买盘
1331,11:05:01,12.16,0.0,96,116736,买盘
1332,11:05:04,12.17,0.01,10,12170,买盘
1333,11:05:07,12.16,-0.01,13,15808,卖盘
1334,11:05:16,12.17,0.01,3,3651,买盘
1335,11:05:22,12.17,0.0,2,2434,买盘
1336,11:05:25,12.16,-0.01,26,31616,卖盘
1337,11:05:34,12.17,0.01,1,1217,买盘
1338,11:05:40,12.16,-0.01,14,17024,卖盘
1339,11:05:52,12.16,0.0,117,142341,卖盘
1340,11:06:00,12.16,0.0,5,6080,卖盘
1341,11:06:04,12.17,0.01,48,58416,买盘
1342,11:06:06,12.16,-0.01,10,12160,卖盘
1343,11:06:16,12.17,0.01,3,3651,买盘
1344,11:06:34,12.17,0.0,4,4868,买盘
1345,11:06:46,12.17,0.0,5,6085,买盘
1346,11:06:49,12.17,0.0,57,69369,买盘
1347,11:06:51,12.17,0.0,4,4868,买盘
1348,11:06:55,12.17,0.0,2,2434,买盘
1349,11:07:04,12.17,0.0,10,12170,买盘
1350,11:07:06,12.17,0.0,1,1217,买盘
1351,11:07:15,12.17,0.0,218,265306,买盘
1352,11:07:30,12.18,0.01,4,4871,买盘
1353,11:07:33,12.17,-0.01,10,12170,卖盘
1354,11:07:39,12.18,0.01,1,1218,买盘
1355,11:07:49,12.17,-0.01,226,275242,卖盘
1356,11:07:51,12.17,0.0,22,26774,卖盘
1357,11:07:57,12.18,0.01,3,3654,买盘
1358,11:08:01,12.18,0.0,40,48720,买盘
1359,11:08:18,12.17,-0.01,15,18255,卖盘
1360,11:08:27,12.17,0.0,30,36510,卖盘
1361,11:08:31,12.17,0.0,27,32859,卖盘
1362,11:09:07,12.17,0.0,10,12170,卖盘
1363,11:09:10,12.17,0.0,1,1217,卖盘
1364,11:09:28,12.18,0.01,101,123018,买盘
1365,11:09:37,12.18,0.0,32,38976,买盘
1366,11:09:40,12.18,0.0,454,552972,买盘
1367,11:09:43,12.18,0.0,294,358092,买盘
1368,11:09:46,12.18,0.0,92,112056,买盘
1369,11:09:49,12.2,0.02,25,30477,买盘
1370,11:09:51,12.19,-0.01,123,150037,中性盘
1371,11:09:55,12.19,0.0,24,29256,卖盘
1372,11:09:58,12.21,0.02,99,120712,买盘
1373,11:10:01,12.21,0.0,64,78144,买盘
1374,11:10:07,12.23,0.02,249,304121,买盘
1375,11:10:19,12.23,0.0,2,2446,买盘
1376,11:10:24,12.22,-0.01,23,28106,买盘
1377,11:10:28,12.22,0.0,10,12220,买盘
1378,11:10:51,12.22,0.0,10,12215,买盘
1379,11:10:55,12.22,0.0,87,106314,买盘
1380,11:11:06,12.22,0.0,5,6110,卖盘
1381,11:11:16,12.22,0.0,20,24450,卖盘
1382,11:11:28,12.23,0.01,15,18345,买盘
1383,11:11:31,12.22,-0.01,1,1222,卖盘
1384,11:11:34,12.23,0.01,77,94155,买盘
1385,11:11:37,12.24,0.01,150,183479,买盘
1386,11:11:46,12.24,0.0,25,30600,买盘
1387,11:11:52,12.23,-0.01,39,47731,卖盘
1388,11:11:55,12.23,0.0,87,106401,卖盘
1389,11:11:58,12.23,0.0,25,30574,买盘
1390,11:12:07,12.23,0.0,20,24460,买盘
1391,11:12:13,12.23,0.0,3,3669,买盘
1392,11:12:27,12.23,0.0,2,2446,买盘
1393,11:12:40,12.22,-0.01,8,9777,卖盘
1394,11:12:43,12.23,0.01,20,24460,买盘
1395,11:12:46,12.22,-0.01,2,2444,卖盘
1396,11:12:52,12.23,0.01,9,11007,买盘
1397,11:13:06,12.22,-0.01,109,133198,卖盘
1398,11:13:15,12.22,0.0,69,84318,卖盘
1399,11:13:19,12.22,0.0,96,117396,卖盘
1400,11:13:21,12.22,0.0,267,326274,卖盘
1401,11:13:40,12.2,-0.02,20,24400,卖盘
1402,11:13:52,12.21,0.01,10,12210,买盘
1403,11:13:55,12.2,-0.01,23,28060,卖盘
1404,11:13:57,12.18,-0.02,22,26820,卖盘
1405,11:14:01,12.18,0.0,3,3654,卖盘
1406,11:14:16,12.2,0.02,2,2440,买盘
1407,11:14:21,12.2,0.0,1,1220,卖盘
1408,11:14:24,12.2,0.0,3,3660,卖盘
1409,11:14:33,12.21,0.01,2,2442,买盘
1410,11:15:33,12.21,0.0,30,36610,中性盘
1411,11:15:37,12.23,0.02,75,91678,买盘
1412,11:15:40,12.2,-0.03,50,61120,卖盘
1413,11:15:43,12.23,0.03,59,72157,买盘
1414,11:15:52,12.24,0.01,14,17136,买盘
1415,11:15:54,12.22,-0.02,5,6111,卖盘
1416,11:16:01,12.2,-0.02,1,1220,卖盘
1417,11:16:10,12.22,0.02,16,19552,买盘
1418,11:16:16,12.21,-0.01,1,1221,卖盘
1419,11:16:25,12.22,0.01,1,1222,买盘
1420,11:16:31,12.21,-0.01,20,24420,卖盘
1421,11:16:43,12.22,0.01,50,61100,买盘
1422,11:16:46,12.21,-0.01,2,2442,卖盘
1423,11:16:55,12.21,0.0,9,10996,卖盘
1424,11:16:58,12.21,0.0,5,6105,卖盘
1425,11:17:01,12.22,0.01,38,46436,买盘
1426,11:17:06,12.21,-0.01,2,2442,卖盘
1427,11:17:09,12.21,0.0,2,2442,卖盘
1428,11:17:19,12.21,0.0,6,7326,卖盘
1429,11:17:25,12.21,0.0,2,2442,卖盘
1430,11:17:36,12.21,0.0,8,9768,卖盘
1431,11:17:42,12.22,0.01,20,24440,买盘
1432,11:17:45,12.21,-0.01,2,2442,卖盘
1433,11:17:52,12.21,0.0,25,30525,卖盘
1434,11:17:55,12.21,0.0,2,2442,卖盘
1435,11:17:58,12.21,0.0,24,29304,卖盘
1436,11:18:01,12.21,0.0,24,29304,卖盘
1437,11:18:07,12.21,0.0,2,2442,卖盘
1438,11:18:10,12.22,0.01,26,31766,买盘
1439,11:18:15,12.21,-0.01,32,39072,卖盘
1440,11:18:18,12.22,0.01,3,3666,买盘
1441,11:18:24,12.22,0.0,7,8554,卖盘
1442,11:18:31,12.23,0.01,10,12230,买盘
1443,11:18:36,12.22,-0.01,9,11003,卖盘
1444,11:18:40,12.23,0.01,10,12230,买盘
1445,11:18:45,12.22,-0.01,7,8554,卖盘
1446,11:18:54,12.22,0.0,2,2444,卖盘
1447,11:19:00,12.23,0.01,3,3669,买盘
1448,11:19:16,12.21,-0.02,2,2442,卖盘
1449,11:19:22,12.22,0.01,2,2444,买盘
1450,11:19:25,12.22,0.0,2,2444,卖盘
1451,11:19:36,12.22,0.0,2,2444,卖盘
1452,11:19:45,12.22,0.0,4,4888,卖盘
1453,11:19:55,12.22,0.0,10,12228,卖盘
1454,11:19:58,12.22,0.0,26,31772,卖盘
1455,11:20:00,12.22,0.0,32,39104,卖盘
1456,11:20:04,12.22,0.0,7,8559,卖盘
1457,11:20:16,12.23,0.01,39,47664,买盘
1458,11:20:19,12.23,0.0,50,61150,买盘
1459,11:20:22,12.23,0.0,13,15899,买盘
1460,11:20:25,12.23,0.0,58,70932,买盘
1461,11:20:27,12.23,0.0,5,6115,买盘
1462,11:20:30,12.23,0.0,32,39136,买盘
1463,11:20:34,12.23,0.0,2,2446,中性盘
1464,11:20:37,12.24,0.01,100,122400,买盘
1465,11:20:40,12.24,0.0,7,8568,买盘
1466,11:20:43,12.24,0.0,26,31819,买盘
1467,11:20:46,12.23,-0.01,2,2446,卖盘
1468,11:20:49,12.24,0.01,12,14688,买盘
1469,11:20:52,12.24,0.0,6,7344,买盘
1470,11:20:54,12.23,-0.01,2,2446,卖盘
1471,11:20:57,12.24,0.01,5,6120,买盘
1472,11:21:04,12.23,-0.01,7,8566,卖盘
1473,11:21:16,12.23,0.0,7,8561,卖盘
1474,11:21:24,12.23,0.0,2,2446,卖盘
1475,11:21:33,12.23,0.0,2,2446,卖盘
1476,11:21:36,12.24,0.01,30,36720,买盘
1477,11:21:39,12.24,0.0,3,3672,买盘
1478,11:21:42,12.23,-0.01,9,11007,卖盘
1479,11:21:45,12.24,0.01,52,63646,买盘
1480,11:21:54,12.24,0.0,1,1224,卖盘
1481,11:22:01,12.23,-0.01,49,59928,卖盘
1482,11:22:04,12.24,0.01,4,4896,买盘
1483,11:22:07,12.24,0.0,5,6120,卖盘
1484,11:22:13,12.24,0.0,10,12240,卖盘
1485,11:22:16,12.24,0.0,3,3672,卖盘
1486,11:22:25,12.24,0.0,2,2448,卖盘
1487,11:22:30,12.24,0.0,10,12240,卖盘
1488,11:22:36,12.23,-0.01,5,6115,卖盘
1489,11:22:39,12.23,0.0,5,6115,卖盘
1490,11:22:43,12.25,0.02,20,24478,买盘
1491,11:22:45,12.23,-0.02,2,2446,卖盘
1492,11:22:55,12.24,0.01,10,12240,买盘
1493,11:23:01,12.24,0.0,1,1224,买盘
1494,11:23:04,12.23,-0.01,7,8561,卖盘
1495,11:23:07,12.23,0.0,2,2446,卖盘
1496,11:23:15,12.23,0.0,2,2446,卖盘
1497,11:23:18,12.23,0.0,10,12230,卖盘
1498,11:23:25,12.23,0.0,2,2446,卖盘
1499,11:23:28,12.24,0.01,151,184824,买盘
1500,11:23:31,12.24,0.0,42,51408,卖盘
1501,11:23:42,12.23,-0.01,11,13453,卖盘
1502,11:23:45,12.23,0.0,70,85610,卖盘
1503,11:23:55,12.23,0.0,2,2446,卖盘
1504,11:24:00,12.22,-0.01,24,29350,卖盘
1505,11:24:04,12.24,0.02,44,53803,买盘
1506,11:24:07,12.24,0.0,11,13462,买盘
1507,11:24:12,12.22,-0.02,24,29328,卖盘
1508,11:24:19,12.22,0.0,25,30550,卖盘
1509,11:24:25,12.22,0.0,2,2444,卖盘
1510,11:24:31,12.22,0.0,10,12220,卖盘
1511,11:24:34,12.23,0.01,8,9784,买盘
1512,11:24:37,12.23,0.0,13,15891,买盘
1513,11:24:40,12.23,0.0,28,34244,买盘
1514,11:24:46,12.23,0.0,2,2446,卖盘
1515,11:24:55,12.23,0.0,2,2446,卖盘
1516,11:24:58,12.23,0.0,2,2446,卖盘
1517,11:25:00,12.24,0.01,7,8568,买盘
1518,11:25:04,12.24,0.0,327,400248,买盘
1519,11:25:07,12.24,0.0,13,15912,卖盘
1520,11:25:10,12.24,0.0,27,33048,卖盘
1521,11:25:16,12.24,0.0,2,2448,卖盘
1522,11:25:19,12.24,0.0,1,1224,卖盘
1523,11:25:22,12.24,0.0,1,1224,卖盘
1524,11:25:25,12.24,0.0,47,57528,卖盘
1525,11:25:28,12.25,0.01,175,214375,买盘
1526,11:25:30,12.25,0.0,10,12250,卖盘
1527,11:25:37,12.25,0.0,2,2450,卖盘
1528,11:25:40,12.24,-0.01,216,264511,卖盘
1529,11:25:43,12.25,0.01,61,74723,买盘
1530,11:25:55,12.23,-0.02,20,24460,卖盘
1531,11:25:58,12.23,0.0,21,25683,卖盘
1532,11:26:01,12.23,0.0,20,24460,卖盘
1533,11:26:04,12.23,0.0,28,34244,卖盘
1534,11:26:06,12.23,0.0,52,63596,卖盘
1535,11:26:10,12.23,0.0,9,11007,卖盘
1536,11:26:13,12.23,0.0,20,24460,卖盘
1537,11:26:16,12.23,0.0,58,70940,卖盘
1538,11:26:19,12.24,0.01,234,286416,买盘
1539,11:26:24,12.24,0.0,12,14688,卖盘
1540,11:26:33,12.24,0.0,6,7344,卖盘
1541,11:26:36,12.24,0.0,2,2448,卖盘
1542,11:26:42,12.24,0.0,100,122400,卖盘
1543,11:26:45,12.24,0.0,2,2448,卖盘
1544,11:26:48,12.24,0.0,38,46547,卖盘
1545,11:26:52,12.24,0.0,10,12240,卖盘
1546,11:26:55,12.24,0.0,99,121273,卖盘
1547,11:27:07,12.24,0.0,2,2448,卖盘
1548,11:27:16,12.25,0.01,3,3673,买盘
1549,11:27:22,12.24,-0.01,10,12245,卖盘
1550,11:27:25,12.24,0.0,5,6120,卖盘
1551,11:27:37,12.24,0.0,10,12240,卖盘
1552,11:27:43,12.24,0.0,72,88471,卖盘
1553,11:27:46,12.24,0.0,22,26928,卖盘
1554,11:27:49,12.24,0.0,10,12240,卖盘
1555,11:27:55,12.24,0.0,1,881,买盘
1556,11:28:04,12.24,0.0,48,58724,买盘
1557,11:28:07,12.23,-0.01,30,36703,卖盘
1558,11:28:25,12.23,0.0,32,39166,卖盘
1559,11:28:27,12.24,0.01,19,23256,买盘
1560,11:28:36,12.24,0.0,52,63648,卖盘
1561,11:28:46,12.24,0.0,2,2448,卖盘
1562,11:28:55,12.25,0.01,105,128625,买盘
1563,11:28:58,12.24,-0.01,620,758880,卖盘
1564,11:29:04,12.24,0.0,26,31824,卖盘
1565,11:29:06,12.24,0.0,2,2449,卖盘
1566,11:29:09,12.24,0.0,1,1224,卖盘
1567,11:29:13,12.24,0.0,210,257040,卖盘
1568,11:29:16,12.24,0.0,13,15912,卖盘
1569,11:29:19,12.24,0.0,18,22032,卖盘
1570,11:29:27,12.24,0.0,38,46512,卖盘
1571,11:29:37,12.25,0.01,862,1055684,买盘
1572,11:29:42,12.25,0.0,11,13475,卖盘
1573,11:29:51,12.25,0.0,127,155575,卖盘
1574,13:00:05,12.25,0.0,244,299299,买盘
1575,13:00:07,12.25,0.0,298,365116,卖盘
1576,13:00:09,12.25,0.0,13,15925,卖盘
1577,13:00:13,12.25,0.0,3,3675,卖盘
1578,13:00:15,12.25,0.0,2,2450,卖盘
1579,13:00:19,12.25,0.0,500,612500,卖盘
1580,13:00:21,12.25,0.0,114,139197,卖盘
1581,13:00:36,12.24,-0.01,2,2448,卖盘
1582,13:00:42,12.24,0.0,11,13464,卖盘
1583,13:00:46,12.24,0.0,2,2448,卖盘
1584,13:00:52,12.24,0.0,83,101592,卖盘
1585,13:00:57,12.24,0.0,7,8568,卖盘
1586,13:01:04,12.25,0.01,417,511277,买盘
1587,13:01:07,12.25,0.0,47,57575,卖盘
1588,13:01:09,12.25,0.0,11,13475,卖盘
1589,13:01:16,12.25,0.0,26,31397,卖盘
1590,13:01:22,12.26,0.01,227,278729,买盘
1591,13:01:24,12.26,0.0,101,123826,卖盘
1592,13:01:28,12.26,0.0,2,2452,卖盘
1593,13:01:30,12.26,0.0,170,207966,卖盘
1594,13:01:39,12.26,0.0,20,24520,买盘
1595,13:01:46,12.25,-0.01,2,2450,卖盘
1596,13:02:04,12.24,-0.01,3,3672,卖盘
1597,13:02:07,12.24,0.0,2,2448,卖盘
1598,13:02:15,12.24,0.0,2,2448,卖盘
1599,13:02:24,12.24,0.0,14,17136,卖盘
1600,13:02:36,12.24,0.0,2,2448,卖盘
1601,13:02:39,12.25,0.01,116,142100,买盘
1602,13:02:42,12.24,-0.01,119,145665,卖盘
1603,13:02:46,12.24,0.0,2,2448,卖盘
1604,13:02:48,12.25,0.01,165,202115,买盘
1605,13:02:52,12.25,0.0,14,17150,卖盘
1606,13:02:54,12.25,0.0,3,3675,卖盘
1607,13:03:01,12.25,0.0,200,245000,卖盘
1608,13:03:07,12.25,0.0,2,2450,卖盘
1609,13:03:09,12.25,0.0,73,89425,卖盘
1610,13:03:12,12.23,-0.02,5,6115,卖盘
1611,13:03:25,12.23,0.0,2,2446,卖盘
1612,13:03:31,12.24,0.01,6,7344,买盘
1613,13:03:34,12.23,-0.01,9,11007,卖盘
1614,13:03:36,12.23,0.0,2,2446,卖盘
1615,13:03:45,12.23,0.0,2,2446,卖盘
1616,13:03:48,12.23,0.0,31,37913,卖盘
1617,13:03:55,12.23,0.0,2,2446,卖盘
1618,13:04:07,12.23,0.0,2,2446,卖盘
1619,13:04:12,12.23,0.0,2,2446,卖盘
1620,13:04:15,12.23,0.0,2,2446,卖盘
1621,13:04:19,12.23,0.0,23,28129,卖盘
1622,13:04:24,12.23,0.0,2,2446,卖盘
1623,13:04:31,12.23,0.0,20,24460,卖盘
1624,13:04:37,12.24,0.01,6,7342,买盘
1625,13:04:40,12.23,-0.01,102,124746,卖盘
1626,13:04:46,12.23,0.0,2,2446,卖盘
1627,13:04:52,12.23,0.0,30,36690,卖盘
1628,13:05:07,12.22,-0.01,2,2444,卖盘
1629,13:05:09,12.22,0.0,18,21996,卖盘
1630,13:05:15,12.22,0.0,2,2444,卖盘
1631,13:05:24,12.22,0.0,5,6110,卖盘
1632,13:05:27,12.22,0.0,4,4888,卖盘
1633,13:05:31,12.22,0.0,3,3666,卖盘
1634,13:05:34,12.22,0.0,30,36660,卖盘
1635,13:05:37,12.22,0.0,2,2444,卖盘
1636,13:05:45,12.22,0.0,2,2444,卖盘
1637,13:05:55,12.22,0.0,25,30550,卖盘
1638,13:05:58,12.22,0.0,2,2444,卖盘
1639,13:06:05,12.22,0.0,57,69710,卖盘
1640,13:06:06,12.22,0.0,2,2444,卖盘
1641,13:06:13,12.23,0.01,12,14676,买盘
1642,13:06:16,12.23,0.0,2,2446,卖盘
1643,13:06:19,12.23,0.0,9,11007,卖盘
1644,13:06:24,12.22,-0.01,12,14671,卖盘
1645,13:06:30,12.22,0.0,1,1222,卖盘
1646,13:06:36,12.22,0.0,8,9776,买盘
1647,13:06:46,12.21,-0.01,2,2442,卖盘
1648,13:06:55,12.21,0.0,20,24420,卖盘
1649,13:06:58,12.21,0.0,2,2442,卖盘
1650,13:07:04,12.21,0.0,1,1221,卖盘
1651,13:07:06,12.21,0.0,2,2442,卖盘
1652,13:07:15,12.21,0.0,14,17094,卖盘
1653,13:07:25,12.2,-0.01,158,192814,卖盘
1654,13:07:30,12.21,0.01,2,2442,买盘
1655,13:07:36,12.2,-0.01,71,86623,卖盘
1656,13:07:39,12.2,0.0,12,14640,卖盘
1657,13:07:46,12.2,0.0,36,43920,卖盘
1658,13:07:52,12.21,0.01,1,1221,买盘
1659,13:07:58,12.2,-0.01,2,2440,卖盘
1660,13:08:07,12.2,0.0,3,3660,卖盘
1661,13:08:16,12.2,0.0,12,14640,卖盘
1662,13:08:24,12.21,0.01,1,1221,买盘
1663,13:08:28,12.2,-0.01,2,2440,卖盘
1664,13:08:31,12.22,0.02,1,1222,买盘
1665,13:08:33,12.21,-0.01,4,4884,卖盘
1666,13:08:36,12.2,-0.01,4,4880,卖盘
1667,13:08:46,12.2,0.0,2,2440,卖盘
1668,13:08:48,12.21,0.01,1,1221,买盘
1669,13:08:55,12.21,0.0,2,2442,买盘
1670,13:08:58,12.2,-0.01,2,2440,卖盘
1671,13:09:04,12.22,0.02,8,9771,买盘
1672,13:09:06,12.21,-0.01,3,3663,卖盘
1673,13:09:16,12.21,0.0,2,2442,卖盘
1674,13:09:27,12.21,0.0,2,2442,卖盘
1675,13:09:36,12.21,0.0,2,2442,卖盘
1676,13:09:46,12.21,0.0,12,14662,卖盘
1677,13:09:54,12.21,0.0,2,2442,卖盘
1678,13:10:07,12.21,0.0,2,2442,卖盘
1679,13:10:10,12.21,0.0,1,1221,卖盘
1680,13:10:13,12.21,0.0,16,19536,卖盘
1681,13:10:16,12.22,0.01,7,8552,买盘
1682,13:10:25,12.21,-0.01,2,2442,卖盘
1683,13:10:36,12.21,0.0,2,2442,卖盘
1684,13:10:39,12.21,0.0,26,31746,卖盘
1685,13:10:45,12.21,0.0,2,2442,卖盘
1686,13:10:57,12.21,0.0,2,2442,卖盘
1687,13:11:03,12.21,0.0,13,15873,卖盘
1688,13:11:07,12.21,0.0,2,2442,卖盘
1689,13:11:09,12.21,0.0,1,1221,卖盘
1690,13:11:16,12.21,0.0,10,12210,卖盘
1691,13:11:24,12.21,0.0,19,23199,卖盘
1692,13:11:27,12.22,0.01,7,8552,买盘
1693,13:11:34,12.22,0.0,23,28106,买盘
1694,13:11:37,12.22,0.0,3,3664,买盘
1695,13:11:45,12.21,-0.01,2,2442,卖盘
1696,13:11:51,12.21,0.0,1,1221,卖盘
1697,13:11:58,12.21,0.0,2,2442,卖盘
1698,13:12:07,12.21,0.0,2,2442,卖盘
1699,13:12:10,12.21,0.0,5,6105,卖盘
1700,13:12:16,12.21,0.0,67,81807,卖盘
1701,13:12:19,12.21,0.0,1,1221,卖盘
1702,13:12:21,12.21,0.0,10,12210,卖盘
1703,13:12:24,12.21,0.0,5,6105,卖盘
1704,13:12:28,12.21,0.0,2,2442,卖盘
1705,13:12:36,12.21,0.0,2,2442,卖盘
1706,13:12:43,12.2,-0.01,40,48837,卖盘
1707,13:12:46,12.2,0.0,72,87840,卖盘
1708,13:12:51,12.21,0.01,20,24420,买盘
1709,13:12:55,12.2,-0.01,41,50020,卖盘
1710,13:12:57,12.2,0.0,2,2440,卖盘
1711,13:13:01,12.2,0.0,10,12200,卖盘
1712,13:13:07,12.2,0.0,2,2440,卖盘
1713,13:13:10,12.2,0.0,1,1220,卖盘
1714,13:13:13,12.19,-0.01,5,6095,卖盘
1715,13:13:16,12.19,0.0,17,20733,卖盘
1716,13:13:19,12.19,0.0,8,9752,卖盘
1717,13:13:22,12.19,0.0,5,6095,买盘
1718,13:13:24,12.19,0.0,5,6095,买盘
1719,13:13:28,12.18,-0.01,2,2436,卖盘
1720,13:13:31,12.19,0.01,20,24380,买盘
1721,13:13:33,12.18,-0.01,311,378798,卖盘
1722,13:13:45,12.17,-0.01,24,29210,卖盘
1723,13:13:51,12.18,0.01,4,4872,买盘
1724,13:13:54,12.18,0.0,11,13397,买盘
1725,13:13:58,12.17,-0.01,23,27991,卖盘
1726,13:14:04,12.18,0.01,75,91350,买盘
1727,13:14:07,12.18,0.0,2,2436,卖盘
1728,13:14:13,12.18,0.0,75,91350,卖盘
1729,13:14:16,12.18,0.0,42,51156,卖盘
1730,13:14:19,12.18,0.0,21,25578,卖盘
1731,13:14:27,12.18,0.0,56,68208,卖盘
1732,13:14:30,12.18,0.0,50,60900,买盘
1733,13:14:33,12.18,0.0,10,12180,买盘
1734,13:14:37,12.18,0.0,6,7308,买盘
1735,13:14:40,12.18,0.0,8,9744,卖盘
1736,13:14:45,12.18,0.0,35,42630,卖盘
1737,13:14:55,12.18,0.0,14,17052,买盘
1738,13:14:57,12.17,-0.01,9,10953,卖盘
1739,13:15:06,12.17,0.0,2,2434,卖盘
1740,13:15:10,12.18,0.01,16,19488,买盘
1741,13:15:16,12.18,0.0,2,2436,卖盘
1742,13:15:19,12.18,0.0,1,1218,卖盘
1743,13:15:24,12.18,0.0,25,30450,卖盘
1744,13:15:27,12.18,0.0,2,2436,卖盘
1745,13:15:37,12.18,0.0,2,2436,卖盘
1746,13:15:39,12.18,0.0,7,8526,卖盘
1747,13:15:46,12.18,0.0,2,2436,卖盘
1748,13:15:51,12.18,0.0,18,21924,卖盘
1749,13:15:55,12.18,0.0,15,18270,卖盘
1750,13:15:58,12.18,0.0,2,2436,卖盘
1751,13:16:04,12.19,0.01,174,211971,买盘
1752,13:16:06,12.18,-0.01,4,4872,卖盘
1753,13:16:16,12.18,0.0,2,2436,卖盘
1754,13:16:19,12.18,0.0,1,1218,卖盘
1755,13:16:28,12.18,0.0,2,2436,卖盘
1756,13:16:37,12.18,0.0,2,2436,卖盘
1757,13:16:40,12.18,0.0,1,1218,卖盘
1758,13:16:43,12.19,0.01,13,15847,买盘
1759,13:16:46,12.19,0.0,9,10971,买盘
1760,13:16:49,12.19,0.0,2,2438,卖盘
1761,13:16:55,12.19,0.0,9,10971,卖盘
1762,13:16:58,12.19,0.0,2,2438,卖盘
1763,13:17:06,12.19,0.0,2,2438,卖盘
1764,13:17:09,12.19,0.0,10,12190,卖盘
1765,13:17:18,12.19,0.0,2,2438,卖盘
1766,13:17:22,12.19,0.0,1,1219,卖盘
1767,13:17:25,12.19,0.0,5,6095,卖盘
1768,13:17:30,12.18,-0.01,19,23142,卖盘
1769,13:17:36,12.18,0.0,2,2436,卖盘
1770,13:17:45,12.18,0.0,5,6090,卖盘
1771,13:17:48,12.18,0.0,2,2436,卖盘
1772,13:17:58,12.18,0.0,2,2436,卖盘
1773,13:18:00,12.19,0.01,54,65788,买盘
1774,13:18:06,12.18,-0.01,42,51156,卖盘
1775,13:18:18,12.18,0.0,2,2436,卖盘
1776,13:18:21,12.18,0.0,1,1218,卖盘
1777,13:18:27,12.18,0.0,2,2436,卖盘
1778,13:18:31,12.19,0.01,88,107267,买盘
1779,13:18:37,12.19,0.0,2,2438,中性盘
1780,13:18:49,12.19,0.0,2,2438,卖盘
1781,13:18:57,12.2,0.01,8,9760,买盘
1782,13:19:00,12.2,0.0,50,61000,卖盘
1783,13:19:07,12.2,0.0,22,26840,卖盘
1784,13:19:12,12.2,0.0,15,18300,卖盘
1785,13:19:22,12.2,0.0,4,4880,买盘
1786,13:19:24,12.19,-0.01,1,1219,卖盘
1787,13:19:27,12.2,0.01,28,34158,买盘
1788,13:19:36,12.19,-0.01,2,2438,卖盘
1789,13:19:39,12.19,0.0,1,1219,卖盘
1790,13:19:42,12.2,0.01,1,1220,买盘
1791,13:19:49,12.19,-0.01,2,2438,卖盘
1792,13:19:52,12.19,0.0,5,6095,卖盘
1793,13:19:57,12.19,0.0,2,2438,卖盘
1794,13:20:07,12.19,0.0,2,2438,卖盘
1795,13:20:15,12.2,0.01,53,64660,买盘
1796,13:20:18,12.2,0.0,4,4880,卖盘
1797,13:20:28,12.19,-0.01,3,3657,卖盘
1798,13:20:30,12.21,0.02,58,70805,买盘
1799,13:20:36,12.21,0.0,2,2442,中性盘
1800,13:20:55,12.22,0.01,14,17106,买盘
1801,13:20:58,12.22,0.0,2,2444,卖盘
1802,13:21:00,12.22,0.0,3,3251,卖盘
1803,13:21:07,12.22,0.0,2,2444,卖盘
1804,13:21:15,12.22,0.0,1,1222,卖盘
1805,13:21:19,12.22,0.0,2,2444,卖盘
1806,13:21:28,12.22,0.0,2,2444,卖盘
1807,13:21:30,12.22,0.0,1,1222,卖盘
1808,13:21:37,12.22,0.0,2,2444,卖盘
1809,13:21:40,12.22,0.0,5,6110,卖盘
1810,13:21:43,12.22,0.0,1,1222,卖盘
1811,13:21:46,12.22,0.0,2,2444,卖盘
1812,13:21:52,12.22,0.0,1,1222,卖盘
1813,13:21:58,12.22,0.0,2,2444,卖盘
1814,13:22:07,12.22,0.0,2,2444,卖盘
1815,13:22:15,12.22,0.0,2,2444,卖盘
1816,13:22:19,12.22,0.0,10,12220,卖盘
1817,13:22:22,12.22,0.0,17,20777,卖盘
1818,13:22:28,12.22,0.0,3,3666,卖盘
1819,13:22:31,12.22,0.0,2,2444,卖盘
1820,13:22:37,12.22,0.0,14,17524,卖盘
1821,13:22:43,12.22,0.0,5,6110,买盘
1822,13:22:48,12.21,-0.01,2,2442,卖盘
1823,13:22:52,12.21,0.0,38,46398,卖盘
1824,13:22:58,12.2,-0.01,2,2440,卖盘
1825,13:23:07,12.2,0.0,2,2440,卖盘
1826,13:23:19,12.2,0.0,46,56120,卖盘
1827,13:23:28,12.19,-0.01,2,2438,卖盘
1828,13:23:31,12.19,0.0,1,1219,卖盘
1829,13:23:37,12.19,0.0,18,21942,卖盘
1830,13:23:48,12.19,0.0,2,2438,卖盘
1831,13:23:58,12.19,0.0,2,2438,卖盘
1832,13:24:07,12.19,0.0,2,2438,卖盘
1833,13:24:15,12.19,0.0,1,1219,卖盘
1834,13:24:18,12.2,0.01,103,125657,买盘
1835,13:24:28,12.19,-0.01,2,2438,卖盘
1836,13:24:31,12.2,0.01,200,244000,买盘
1837,13:24:33,12.19,-0.01,1,1219,卖盘
1838,13:24:36,12.19,0.0,2,2438,卖盘
1839,13:24:49,12.19,0.0,2,2438,卖盘
1840,13:24:55,12.2,0.01,38,46360,买盘
1841,13:24:58,12.2,0.0,3,3658,买盘
1842,13:25:00,12.2,0.0,7,8540,买盘
1843,13:25:06,12.19,-0.01,195,237898,卖盘
1844,13:25:13,12.2,0.01,28,34160,买盘
1845,13:25:16,12.2,0.0,19,23180,买盘
1846,13:25:19,12.2,0.0,2,2440,卖盘
1847,13:25:28,12.2,0.0,2,2440,卖盘
1848,13:25:31,12.21,0.01,1,1221,买盘
1849,13:25:34,12.2,-0.01,1,1220,卖盘
1850,13:25:37,12.2,0.0,5,6100,卖盘
1851,13:25:49,12.2,0.0,2,2440,卖盘
1852,13:25:51,12.21,0.01,3,3663,买盘
1853,13:25:55,12.21,0.0,13,15873,买盘
1854,13:25:58,12.2,-0.01,2,2440,卖盘
1855,13:26:01,12.21,0.01,21,25641,买盘
1856,13:26:06,12.2,-0.01,31,37849,卖盘
1857,13:26:09,12.21,0.01,32,39072,买盘
1858,13:26:28,12.2,-0.01,12,14653,卖盘
1859,13:26:37,12.2,0.0,1,1220,卖盘
1860,13:26:48,12.2,0.0,2,2440,卖盘
1861,13:26:52,12.21,0.01,10,12210,买盘
1862,13:26:57,12.2,-0.01,2,2440,卖盘
1863,13:27:04,12.21,0.01,10,12210,买盘
1864,13:27:06,12.2,-0.01,2,2440,卖盘
1865,13:27:19,12.2,0.0,3,3660,卖盘
1866,13:27:28,12.2,0.0,2,2440,卖盘
1867,13:27:34,12.21,0.01,10,12210,买盘
1868,13:27:37,12.2,-0.01,3,3660,卖盘
1869,13:27:39,12.2,0.0,1,1220,卖盘
1870,13:27:48,12.2,0.0,101,123220,卖盘
1871,13:27:52,12.2,0.0,8,9760,卖盘
1872,13:27:55,12.21,0.01,4,4884,买盘
1873,13:27:58,12.2,-0.01,2,2440,卖盘
1874,13:28:04,12.21,0.01,10,12210,买盘
1875,13:28:06,12.2,-0.01,2,2440,卖盘
1876,13:28:09,12.21,0.01,10,12210,买盘
1877,13:28:16,12.2,-0.01,20,24400,卖盘
1878,13:28:19,12.2,0.0,2,2440,卖盘
1879,13:28:22,12.21,0.01,4,4884,买盘
1880,13:28:28,12.2,-0.01,8,9766,卖盘
1881,13:28:36,12.2,0.0,2,2440,卖盘
1882,13:28:40,12.2,0.0,1,1220,卖盘
1883,13:28:49,12.21,0.01,53,64692,买盘
1884,13:28:55,12.2,-0.01,35,42700,卖盘
1885,13:28:58,12.2,0.0,2,2440,卖盘
1886,13:29:00,12.2,0.0,11,13420,卖盘
1887,13:29:06,12.2,0.0,2,2440,卖盘
1888,13:29:19,12.2,0.0,2,2440,卖盘
1889,13:29:25,12.21,0.01,80,97680,买盘
1890,13:29:28,12.2,-0.01,2,2440,卖盘
1891,13:29:36,12.2,0.0,2,2440,卖盘
1892,13:29:40,12.2,0.0,5,6100,卖盘
1893,13:29:43,12.2,0.0,1,1220,卖盘
1894,13:29:48,12.2,0.0,2,2440,卖盘
1895,13:29:58,12.2,0.0,2,2440,卖盘
1896,13:30:07,12.2,0.0,1,1220,卖盘
1897,13:30:10,12.2,0.0,2,2440,卖盘
1898,13:30:12,12.21,0.01,1,1221,买盘
1899,13:30:19,12.2,-0.01,2,2440,卖盘
1900,13:30:25,12.21,0.01,20,24420,买盘
1901,13:30:28,12.2,-0.01,45,54942,卖盘
1902,13:30:40,12.21,0.01,12,14650,买盘
1903,13:30:42,12.2,-0.01,1,1220,卖盘
1904,13:30:46,12.21,0.01,9,10989,买盘
1905,13:30:49,12.21,0.0,46,56162,买盘
1906,13:30:58,12.21,0.0,2,2442,卖盘
1907,13:31:10,12.22,0.01,255,311608,买盘
1908,13:31:12,12.22,0.0,1,1222,买盘
1909,13:31:16,12.22,0.0,2,2444,买盘
1910,13:31:19,12.21,-0.01,2,2442,卖盘
1911,13:31:25,12.22,0.01,6,7332,买盘
1912,13:31:28,12.21,-0.01,2,2442,卖盘
1913,13:31:33,12.22,0.01,20,24440,买盘
1914,13:31:37,12.22,0.0,10,11805,买盘
1915,13:31:40,12.22,0.0,2,2444,卖盘
1916,13:31:46,12.22,0.0,1,1222,卖盘
1917,13:31:49,12.22,0.0,9,10998,卖盘
1918,13:31:54,12.23,0.01,6,7338,买盘
1919,13:31:58,12.23,0.0,11,13451,买盘
1920,13:32:00,12.23,0.0,5,6115,买盘
1921,13:32:06,12.23,0.0,2,2446,卖盘
1922,13:32:10,12.24,0.01,32,39168,买盘
1923,13:32:18,12.24,0.0,13,15910,买盘
1924,13:32:28,12.24,0.0,2,2448,卖盘
1925,13:32:31,12.24,0.0,5,6120,卖盘
1926,13:32:34,12.25,0.01,10,12250,买盘
1927,13:32:39,12.24,-0.01,2,2448,卖盘
1928,13:32:43,12.25,0.01,12,14700,买盘
1929,13:32:45,12.24,-0.01,1,1224,卖盘
1930,13:32:48,12.24,0.0,2,2448,卖盘
1931,13:32:52,12.24,0.0,5,6120,卖盘
1932,13:32:58,12.24,0.0,2,2448,卖盘
1933,13:33:04,12.24,0.0,5,6120,卖盘
1934,13:33:06,12.24,0.0,3,3672,卖盘
1935,13:33:10,12.24,0.0,2,2448,卖盘
1936,13:33:16,12.24,0.0,102,124848,卖盘
1937,13:33:18,12.24,0.0,44,53856,卖盘
1938,13:33:27,12.23,-0.01,37,45251,卖盘
1939,13:33:30,12.23,0.0,2,2446,买盘
1940,13:33:34,12.23,0.0,42,51366,卖盘
1941,13:33:49,12.23,0.0,18,22011,买盘
1942,13:33:51,12.23,0.0,30,36690,卖盘
1943,13:33:55,12.23,0.0,20,24460,卖盘
1944,13:34:01,12.23,0.0,2,2446,买盘
1945,13:34:07,12.23,0.0,5,6115,卖盘
1946,13:34:10,12.23,0.0,23,28129,买盘
1947,13:34:13,12.23,0.0,10,12230,买盘
1948,13:34:18,12.22,-0.01,2,2444,卖盘
1949,13:34:22,12.23,0.01,107,130861,买盘
1950,13:34:28,12.23,0.0,2,2446,卖盘
1951,13:34:34,12.22,-0.01,302,369181,卖盘
1952,13:34:49,12.22,0.0,13,15886,卖盘
1953,13:34:52,12.22,0.0,8,10191,卖盘
1954,13:34:55,12.22,0.0,16,19552,买盘
1955,13:35:07,12.21,-0.01,1,1221,卖盘
1956,13:35:13,12.21,0.0,2,2442,卖盘
1957,13:35:28,12.21,0.0,1,1221,卖盘
1958,13:35:33,12.21,0.0,21,25641,卖盘
1959,13:35:39,12.22,0.01,10,12220,买盘
1960,13:35:43,12.21,-0.01,5,6105,卖盘
1961,13:36:06,12.22,0.01,2,2444,买盘
1962,13:36:13,12.21,-0.01,4,4884,卖盘
1963,13:36:21,12.22,0.01,10,12220,买盘
1964,13:36:27,12.21,-0.01,5,6105,卖盘
1965,13:36:49,12.21,0.0,79,96459,卖盘
1966,13:37:00,12.21,0.0,5,6105,卖盘
1967,13:37:06,12.22,0.01,6,7332,买盘
1968,13:37:10,12.21,-0.01,7,8547,卖盘
1969,13:37:16,12.21,0.0,20,24420,卖盘
1970,13:37:22,12.21,0.0,4,4884,卖盘
1971,13:37:24,12.21,0.0,9,10989,卖盘
1972,13:37:31,12.2,-0.01,8,9760,卖盘
1973,13:37:37,12.2,0.0,43,52460,卖盘
1974,13:37:42,12.21,0.01,10,12210,买盘
1975,13:37:52,12.21,0.0,6,7326,卖盘
1976,13:37:58,12.21,0.0,1,1221,卖盘
1977,13:38:09,12.21,0.0,30,36630,卖盘
1978,13:38:21,12.22,0.01,1,1222,买盘
1979,13:38:25,12.21,-0.01,38,46398,卖盘
1980,13:38:52,12.2,-0.01,12,14640,卖盘
1981,13:38:54,12.2,0.0,5,6100,卖盘
1982,13:39:04,12.2,0.0,10,12200,卖盘
1983,13:39:09,12.21,0.01,8,9768,买盘
1984,13:39:28,12.2,-0.01,24,29280,卖盘
1985,13:39:43,12.2,0.0,103,126111,卖盘
1986,13:40:16,12.21,0.01,18,21978,买盘
1987,13:40:19,12.2,-0.01,78,95162,卖盘
1988,13:40:21,12.19,-0.01,65,79258,卖盘
1989,13:40:24,12.22,0.03,2,2444,买盘
1990,13:40:34,12.19,-0.03,16,19504,卖盘
1991,13:40:37,12.21,0.02,1,1221,买盘
1992,13:40:54,12.2,-0.01,10,12200,卖盘
1993,13:41:04,12.21,0.01,32,39052,买盘
1994,13:41:10,12.2,-0.01,26,31720,卖盘
1995,13:41:13,12.2,0.0,20,24400,卖盘
1996,13:41:15,12.2,0.0,38,46360,卖盘
1997,13:41:31,12.19,-0.01,14,17066,卖盘
1998,13:41:33,12.19,0.0,1,1219,卖盘
1999,13:41:37,12.2,0.01,13,15860,买盘
2000,13:41:46,12.2,0.0,7,8540,卖盘
2001,13:41:57,12.19,-0.01,50,60950,卖盘
2002,13:42:07,12.2,0.01,4,4880,买盘
2003,13:42:12,12.19,-0.01,2,2438,卖盘
2004,13:42:24,12.19,0.0,10,12190,卖盘
2005,13:42:27,12.2,0.01,10,12200,买盘
2006,13:42:52,12.2,0.0,5,6100,买盘
2007,13:42:54,12.19,-0.01,16,19504,卖盘
2008,13:43:00,12.19,0.0,6,7314,卖盘
2009,13:43:09,12.19,0.0,18,21942,卖盘
2010,13:43:16,12.2,0.01,5,6100,买盘
2011,13:43:18,12.19,-0.01,7,8533,卖盘
2012,13:43:24,12.19,0.0,713,869147,卖盘
2013,13:43:31,12.19,0.0,7,8082,卖盘
2014,13:43:33,12.19,0.0,10,12190,买盘
2015,13:43:39,12.2,0.01,18,21957,买盘
2016,13:43:49,12.18,-0.02,1,1218,卖盘
2017,13:43:58,12.17,-0.01,1000,1217515,卖盘
2018,13:44:01,12.18,0.01,28,34104,中性盘
2019,13:44:06,12.17,-0.01,79,96168,卖盘
2020,13:44:10,12.17,0.0,193,234881,卖盘
2021,13:44:13,12.17,0.0,105,127785,卖盘
2022,13:44:16,12.18,0.01,51,62072,买盘
2023,13:44:19,12.17,-0.01,1,1217,卖盘
2024,13:44:22,12.17,0.0,22,26762,买盘
2025,13:44:27,12.17,0.0,5,6085,买盘
2026,13:44:30,12.17,0.0,10,12170,买盘
2027,13:44:33,12.17,0.0,5,6085,卖盘
2028,13:44:37,12.16,-0.01,200,243201,卖盘
2029,13:44:40,12.17,0.01,31,37706,买盘
2030,13:44:46,12.17,0.0,2,2434,卖盘
2031,13:44:48,12.17,0.0,28,34076,卖盘
2032,13:44:54,12.17,0.0,11,13387,卖盘
2033,13:45:01,12.17,0.0,19,23123,卖盘
2034,13:45:04,12.17,0.0,20,24340,买盘
2035,13:45:07,12.17,0.0,6,7302,买盘
2036,13:45:10,12.17,0.0,50,60850,买盘
2037,13:45:22,12.17,0.0,5,6085,买盘
2038,13:45:25,12.17,0.0,2,2434,买盘
2039,13:45:34,12.16,-0.01,14,17024,卖盘
2040,13:45:46,12.16,0.0,11,13376,卖盘
2041,13:45:49,12.17,0.01,94,114308,买盘
2042,13:46:04,12.17,0.0,66,80262,买盘
2043,13:46:07,12.17,0.0,5,6085,买盘
2044,13:46:16,12.16,-0.01,1,1216,卖盘
2045,13:46:18,12.16,0.0,9,10944,卖盘
2046,13:46:22,12.17,0.01,39,47463,买盘
2047,13:46:25,12.16,-0.01,27,32832,卖盘
2048,13:46:28,12.17,0.01,15,18255,买盘
2049,13:46:39,12.17,0.0,42,51114,卖盘
2050,13:46:46,12.17,0.0,20,24340,买盘
2051,13:46:52,12.16,-0.01,1,1216,卖盘
2052,13:46:58,12.17,0.01,38,46246,买盘
2053,13:47:03,12.17,0.0,182,221325,卖盘
2054,13:47:13,12.18,0.01,3,3654,买盘
2055,13:47:25,12.18,0.0,17,20706,卖盘
2056,13:47:39,12.17,-0.01,15,18260,卖盘
2057,13:47:46,12.17,0.0,1,1217,卖盘
2058,13:47:55,12.18,0.01,26,31668,买盘
2059,13:47:58,12.18,0.0,10,12180,买盘
2060,13:48:04,12.18,0.0,6,7308,买盘
2061,13:48:06,12.18,0.0,5,6090,买盘
2062,13:48:09,12.18,0.0,1,1218,买盘
2063,13:48:15,12.18,0.0,51,62118,买盘
2064,13:48:37,12.18,0.0,20,24360,卖盘
2065,13:48:48,12.18,0.0,2,2436,卖盘
2066,13:48:54,12.19,0.01,32,39008,买盘
2067,13:49:01,12.19,0.0,122,148735,买盘
2068,13:49:12,12.19,0.0,17,20738,卖盘
2069,13:49:16,12.19,0.0,10,12190,卖盘
2070,13:49:19,12.2,0.01,21,25620,买盘
2071,13:49:25,12.19,-0.01,10,12190,卖盘
2072,13:49:37,12.19,0.0,4,4876,卖盘
2073,13:49:40,12.19,0.0,4,4876,卖盘
2074,13:49:52,12.19,0.0,41,49979,卖盘
2075,13:49:58,12.19,0.0,17,20723,买盘
2076,13:50:04,12.19,0.0,19,23161,买盘
2077,13:50:27,12.18,-0.01,11,13404,卖盘
2078,13:50:39,12.18,0.0,40,48720,卖盘
2079,13:50:46,12.18,0.0,36,43848,卖盘
2080,13:50:54,12.18,0.0,4,4872,卖盘
2081,13:51:04,12.18,0.0,20,24360,卖盘
2082,13:51:10,12.19,0.01,19,23161,买盘
2083,13:51:25,12.19,0.0,7,8533,卖盘
2084,13:51:36,12.19,0.0,3,3657,卖盘
2085,13:51:39,12.2,0.01,34,41479,买盘
2086,13:51:43,12.2,0.0,144,175839,买盘
2087,13:51:58,12.22,0.02,2,2444,买盘
2088,13:52:12,12.23,0.01,290,355004,买盘
2089,13:52:16,12.22,-0.01,339,414025,卖盘
2090,13:52:19,12.22,0.0,61,74542,买盘
2091,13:52:28,12.21,-0.01,1,1221,卖盘
2092,13:52:34,12.22,0.01,7,8554,买盘
2093,13:52:42,12.22,0.0,9,10998,卖盘
2094,13:52:46,12.21,-0.01,1,1221,卖盘
2095,13:52:58,12.21,0.0,32,39072,卖盘
2096,13:53:13,12.21,0.0,4,4884,买盘
2097,13:53:16,12.21,0.0,1,1221,买盘
2098,13:53:21,12.21,0.0,1,1221,买盘
2099,13:53:28,12.21,0.0,3,3663,买盘
2100,13:53:37,12.2,-0.01,65,79357,卖盘
2101,13:53:39,12.21,0.01,2,2686,卖盘
2102,13:53:42,12.21,0.0,13,15629,卖盘
2103,13:54:07,12.2,-0.01,8,9760,卖盘
2104,13:54:10,12.21,0.01,3,3663,买盘
2105,13:54:21,12.2,-0.01,4,4880,卖盘
2106,13:54:27,12.21,0.01,20,24420,买盘
2107,13:54:36,12.21,0.0,3,3907,买盘
2108,13:54:39,12.21,0.0,2,2198,卖盘
2109,13:54:42,12.21,0.0,1,1465,买盘
2110,13:54:46,12.21,0.0,126,153846,卖盘
2111,13:54:54,12.21,0.0,99,120635,卖盘
2112,13:55:04,12.2,-0.01,192,234260,卖盘
2113,13:55:07,12.21,0.01,61,74453,买盘
2114,13:55:10,12.19,-0.02,30,36570,卖盘
2115,13:55:15,12.21,0.02,3,3663,买盘
2116,13:55:19,12.21,0.0,20,24420,买盘
2117,13:55:21,12.19,-0.02,1,1219,卖盘
2118,13:55:28,12.19,0.0,11,13409,卖盘
2119,13:55:30,12.19,0.0,2,2438,买盘
2120,13:55:48,12.18,-0.01,1,1218,卖盘
2121,13:56:01,12.18,0.0,2,2436,卖盘
2122,13:56:07,12.19,0.01,30,36570,买盘
2123,13:56:22,12.18,-0.01,13,15834,卖盘
2124,13:56:42,12.19,0.01,1,1219,买盘
2125,13:56:45,12.19,0.0,17,20723,买盘
2126,13:56:49,12.19,0.0,7,8533,卖盘
2127,13:57:01,12.19,0.0,14,17066,卖盘
2128,13:57:03,12.19,0.0,4,4876,卖盘
2129,13:57:10,12.2,0.01,11,13420,买盘
2130,13:57:25,12.2,0.0,5,6100,买盘
2131,13:57:27,12.2,0.0,73,89060,买盘
2132,13:57:33,12.19,-0.01,7,8533,卖盘
2133,13:57:45,12.2,0.01,20,24400,买盘
2134,13:57:48,12.2,0.0,83,101260,买盘
2135,13:57:54,12.2,0.0,25,30500,买盘
2136,13:57:57,12.2,0.0,10,12200,买盘
2137,13:58:00,12.2,0.0,28,34160,买盘
2138,13:58:04,12.21,0.01,45,54945,买盘
2139,13:58:25,12.21,0.0,1,1221,买盘
2140,13:58:28,12.2,-0.01,57,69540,卖盘
2141,13:58:43,12.2,0.0,4,4880,买盘
2142,13:58:48,12.19,-0.01,1,1219,卖盘
2143,13:58:58,12.2,0.01,10,12200,买盘
2144,13:59:15,12.19,-0.01,8,9752,卖盘
2145,13:59:25,12.2,0.01,12,14640,买盘
2146,13:59:49,12.2,0.0,1,1220,买盘
2147,13:59:57,12.2,0.0,1,1220,卖盘
2148,14:00:00,12.2,0.0,8,9760,卖盘
2149,14:00:04,12.2,0.0,3,3660,买盘
2150,14:00:10,12.2,0.0,1,1037,卖盘
2151,14:00:12,12.2,0.0,10,12200,卖盘
2152,14:00:19,12.2,0.0,13,16043,卖盘
2153,14:00:28,12.2,0.0,4,4880,买盘
2154,14:00:30,12.2,0.0,78,94977,买盘
2155,14:00:40,12.21,0.01,20,24420,买盘
2156,14:00:49,12.2,-0.01,2,2440,卖盘
2157,14:00:54,12.2,0.0,53,64710,卖盘
2158,14:00:57,12.21,0.01,88,107362,买盘
2159,14:01:01,12.2,-0.01,1,1220,卖盘
2160,14:01:07,12.2,0.0,4,4880,卖盘
2161,14:01:16,12.2,0.0,5,6100,卖盘
2162,14:01:18,12.2,0.0,2,2440,卖盘
2163,14:01:21,12.2,0.0,10,12200,卖盘
2164,14:01:24,12.21,0.01,100,122100,买盘
2165,14:01:43,12.2,-0.01,7,8540,卖盘
2166,14:01:51,12.2,0.0,2,2440,卖盘
2167,14:01:58,12.2,0.0,6,7503,卖盘
2168,14:02:09,12.19,-0.01,5,6095,卖盘
2169,14:02:19,12.19,0.0,9,10971,卖盘
2170,14:02:39,12.19,0.0,5,6095,卖盘
2171,14:02:42,12.19,0.0,7,8533,卖盘
2172,14:03:04,12.19,0.0,20,24380,卖盘
2173,14:03:07,12.19,0.0,10,12190,卖盘
2174,14:03:13,12.19,0.0,5,6095,卖盘
2175,14:03:18,12.19,0.0,64,78016,卖盘
2176,14:03:22,12.19,0.0,21,25599,卖盘
2177,14:03:25,12.19,0.0,144,175536,卖盘
2178,14:03:40,12.19,0.0,25,30475,卖盘
2179,14:03:49,12.19,0.0,20,24380,买盘
2180,14:03:52,12.19,0.0,10,12190,卖盘
2181,14:03:58,12.19,0.0,57,69483,卖盘
2182,14:04:01,12.19,0.0,1,1219,卖盘
2183,14:04:22,12.19,0.0,1,1219,卖盘
2184,14:04:25,12.19,0.0,2,2438,卖盘
2185,14:04:28,12.19,0.0,12,14628,卖盘
2186,14:04:36,12.19,0.0,2,2438,卖盘
2187,14:04:40,12.19,0.0,27,32913,卖盘
2188,14:04:52,12.19,0.0,2,2438,卖盘
2189,14:04:57,12.19,0.0,8,9752,卖盘
2190,14:05:04,12.19,0.0,7,8533,卖盘
2191,14:05:10,12.2,0.01,8,9754,买盘
2192,14:05:18,12.18,-0.02,4,4872,卖盘
2193,14:05:28,12.18,0.0,30,36540,卖盘
2194,14:05:31,12.19,0.01,21,25599,买盘
2195,14:05:43,12.18,-0.01,1,1218,卖盘
2196,14:05:55,12.18,0.0,30,36540,卖盘
2197,14:05:58,12.18,0.0,78,95004,卖盘
2198,14:06:01,12.19,0.01,3,3657,买盘
2199,14:06:07,12.18,-0.01,487,593166,卖盘
2200,14:06:15,12.17,-0.01,5,6085,卖盘
2201,14:06:19,12.17,0.0,36,43812,卖盘
2202,14:06:22,12.17,0.0,3,3651,卖盘
2203,14:06:25,12.17,0.0,1,1217,卖盘
2204,14:06:30,12.17,0.0,181,220277,卖盘
2205,14:06:33,12.17,0.0,10,12170,买盘
2206,14:06:43,12.17,0.0,28,34076,买盘
2207,14:06:45,12.16,-0.01,1,1216,卖盘
2208,14:06:52,12.15,-0.01,509,619016,卖盘
2209,14:06:55,12.17,0.02,19,23119,买盘
2210,14:07:00,12.17,0.0,1,1217,卖盘
2211,14:07:03,12.17,0.0,7,8519,卖盘
2212,14:07:06,12.17,0.0,7,8519,卖盘
2213,14:07:10,12.17,0.0,10,12170,卖盘
2214,14:07:12,12.17,0.0,24,29208,卖盘
2215,14:07:22,12.17,0.0,1,1217,卖盘
2216,14:07:25,12.17,0.0,10,12170,买盘
2217,14:07:51,12.16,-0.01,41,49856,卖盘
2218,14:07:57,12.17,0.01,10,12170,买盘
2219,14:08:01,12.16,-0.01,3,3648,卖盘
2220,14:08:10,12.16,0.0,20,24320,卖盘
2221,14:08:19,12.16,0.0,25,30400,买盘
2222,14:08:22,12.15,-0.01,15,18225,卖盘
2223,14:08:34,12.16,0.01,2,2432,买盘
2224,14:08:37,12.16,0.0,69,83904,买盘
2225,14:08:40,12.16,0.0,20,24320,卖盘
2226,14:08:43,12.16,0.0,31,37696,卖盘
2227,14:08:45,12.16,0.0,8,9728,卖盘
2228,14:08:51,12.17,0.01,10,12170,买盘
2229,14:08:58,12.17,0.0,5,6085,买盘
2230,14:09:01,12.16,-0.01,237,288476,卖盘
2231,14:09:04,12.2,0.04,130,158300,买盘
2232,14:09:06,12.2,0.0,30,36600,买盘
2233,14:09:09,12.2,0.0,20,24400,买盘
2234,14:09:19,12.2,0.0,7,8540,买盘
2235,14:09:31,12.17,-0.03,14,17068,卖盘
2236,14:09:46,12.2,0.03,37,45137,买盘
2237,14:10:10,12.18,-0.02,30,36558,卖盘
2238,14:10:22,12.18,0.0,15,18270,买盘
2239,14:10:25,12.18,0.0,1,1218,卖盘
2240,14:10:31,12.18,0.0,4,4872,卖盘
2241,14:10:34,12.18,0.0,30,36540,卖盘
2242,14:11:04,12.19,0.01,49,59731,买盘
2243,14:11:10,12.19,0.0,10,12190,卖盘
2244,14:11:16,12.19,0.0,79,96301,卖盘
2245,14:11:31,12.2,0.01,7,8540,买盘
2246,14:11:43,12.2,0.0,3,3660,买盘
2247,14:11:51,12.2,0.0,16,19520,买盘
2248,14:11:55,12.2,0.0,15,18300,买盘
2249,14:12:04,12.18,-0.02,40,48720,卖盘
2250,14:12:13,12.18,0.0,14,17052,卖盘
2251,14:12:19,12.19,0.01,5,6095,买盘
2252,14:12:22,12.19,0.0,32,39008,买盘
2253,14:12:25,12.19,0.0,32,39008,买盘
2254,14:12:28,12.19,0.0,74,90206,买盘
2255,14:12:30,12.18,-0.01,3,3655,卖盘
2256,14:12:34,12.18,0.0,1,1218,卖盘
2257,14:12:36,12.2,0.02,25,30498,买盘
2258,14:13:04,12.19,-0.01,13,15842,买盘
2259,14:13:07,12.19,0.0,8,9752,卖盘
2260,14:13:19,12.2,0.01,157,190808,买盘
2261,14:13:37,12.21,0.01,5,6105,买盘
2262,14:13:55,12.21,0.0,26,31746,买盘
2263,14:14:03,12.21,0.0,125,152625,买盘
2264,14:14:25,12.21,0.0,43,52532,卖盘
2265,14:14:30,12.22,0.01,45,54990,买盘
2266,14:14:37,12.22,0.0,23,28106,买盘
2267,14:14:39,12.22,0.0,44,53768,买盘
2268,14:14:42,12.22,0.0,45,54990,买盘
2269,14:14:55,12.22,0.0,81,99057,卖盘
2270,14:15:01,12.22,0.0,90,109980,卖盘
2271,14:15:07,12.22,0.0,7,8554,买盘
2272,14:15:10,12.22,0.0,17,20774,买盘
2273,14:15:16,12.21,-0.01,9,10989,卖盘
2274,14:15:19,12.22,0.01,10,12220,买盘
2275,14:15:22,12.21,-0.01,1,1221,卖盘
2276,14:15:25,12.21,0.0,70,85470,卖盘
2277,14:15:28,12.21,0.0,42,51282,买盘
2278,14:15:31,12.21,0.0,5,6105,买盘
2279,14:15:42,12.21,0.0,5,6105,买盘
2280,14:15:48,12.21,0.0,65,79363,买盘
2281,14:15:58,12.21,0.0,13,15873,卖盘
2282,14:16:04,12.21,0.0,47,57387,卖盘
2283,14:16:07,12.21,0.0,65,79365,卖盘
2284,14:16:31,12.21,0.0,59,72039,买盘
2285,14:16:34,12.21,0.0,3,3663,卖盘
2286,14:16:40,12.21,0.0,27,32967,卖盘
2287,14:16:55,12.21,0.0,7,8547,卖盘
2288,14:17:01,12.21,0.0,104,126984,卖盘
2289,14:17:12,12.22,0.01,20,24430,买盘
2290,14:17:16,12.21,-0.01,100,122100,中性盘
2291,14:17:22,12.2,-0.01,1,1220,卖盘
2292,14:17:37,12.2,0.0,6,7322,卖盘
2293,14:17:39,12.2,0.0,3,3660,卖盘
2294,14:17:52,12.2,0.0,10,12200,卖盘
2295,14:17:55,12.2,0.0,10,12200,卖盘
2296,14:17:58,12.2,0.0,10,12200,卖盘
2297,14:18:10,12.2,0.0,4,4880,卖盘
2298,14:18:13,12.2,0.0,4,4880,卖盘
2299,14:18:16,12.2,0.0,33,40260,卖盘
2300,14:18:28,12.19,-0.01,7,8533,卖盘
2301,14:18:37,12.19,0.0,3,3657,卖盘
2302,14:18:49,12.19,0.0,10,12190,卖盘
2303,14:18:58,12.19,0.0,28,34151,卖盘
2304,14:19:04,12.19,0.0,7,8533,卖盘
2305,14:19:09,12.2,0.01,20,24400,买盘
2306,14:19:25,12.21,0.01,5,6105,买盘
2307,14:19:46,12.21,0.0,5,6105,买盘
2308,14:19:49,12.2,-0.01,107,130540,卖盘
2309,14:19:52,12.22,0.02,310,378637,买盘
2310,14:20:04,12.2,-0.02,3,3660,买盘
2311,14:20:10,12.19,-0.01,12,14628,卖盘
2312,14:20:31,12.19,0.0,3,3657,卖盘
2313,14:20:34,12.19,0.0,132,160908,卖盘
2314,14:20:40,12.19,0.0,1,1219,买盘
2315,14:20:43,12.19,0.0,10,12190,买盘
2316,14:20:49,12.19,0.0,15,18285,买盘
2317,14:21:00,12.19,0.0,14,17057,买盘
2318,14:21:04,12.19,0.0,1,1219,买盘
2319,14:21:10,12.19,0.0,48,58512,卖盘
2320,14:21:24,12.19,0.0,11,13409,买盘
2321,14:21:37,12.19,0.0,5,6095,卖盘
2322,14:21:40,12.19,0.0,7,8533,卖盘
2323,14:21:43,12.2,0.01,30,36600,买盘
2324,14:21:48,12.2,0.0,1,1220,买盘
2325,14:21:57,12.2,0.0,3,3660,买盘
2326,14:22:04,12.2,0.0,20,24400,买盘
2327,14:22:06,12.2,0.0,1,1220,买盘
2328,14:22:10,12.19,-0.01,50,60950,卖盘
2329,14:22:13,12.2,0.01,19,23180,买盘
2330,14:22:16,12.19,-0.01,6,7314,卖盘
2331,14:22:19,12.19,0.0,6,7314,卖盘
2332,14:22:27,12.19,0.0,157,191393,卖盘
2333,14:22:31,12.19,0.0,243,296217,卖盘
2334,14:22:36,12.18,-0.01,100,121890,卖盘
2335,14:22:40,12.18,0.0,100,121800,卖盘
2336,14:22:42,12.18,0.0,79,96223,卖盘
2337,14:22:52,12.17,-0.01,8,9742,卖盘
2338,14:22:55,12.17,0.0,131,159427,卖盘
2339,14:22:57,12.17,0.0,202,245834,卖盘
2340,14:23:01,12.16,-0.01,744,904761,卖盘
2341,14:23:06,12.15,-0.01,8,9720,卖盘
2342,14:23:09,12.16,0.01,100,121600,买盘
2343,14:23:13,12.16,0.0,13,15796,买盘
2344,14:23:16,12.15,-0.01,122,149321,卖盘
2345,14:23:19,12.15,0.0,101,122815,卖盘
2346,14:23:24,12.15,0.0,1,1215,卖盘
2347,14:23:28,12.16,0.01,45,54720,买盘
2348,14:23:39,12.16,0.0,6,7296,卖盘
2349,14:23:45,12.16,0.0,18,21888,卖盘
2350,14:23:49,12.16,0.0,1,1216,卖盘
2351,14:24:07,12.17,0.01,30,36510,买盘
2352,14:24:10,12.16,-0.01,110,133770,卖盘
2353,14:24:13,12.17,0.01,7,8519,买盘
2354,14:24:15,12.17,0.0,1,1217,买盘
2355,14:24:19,12.16,-0.01,1,1216,卖盘
2356,14:24:21,12.16,0.0,101,122816,卖盘
2357,14:24:24,12.16,0.0,129,156511,卖盘
2358,14:24:34,12.17,0.01,20,24340,买盘
2359,14:24:37,12.17,0.0,7,8519,买盘
2360,14:24:49,12.17,0.0,3,3651,买盘
2361,14:24:52,12.17,0.0,6,7302,卖盘
2362,14:24:55,12.17,0.0,7,8519,卖盘
2363,14:25:01,12.17,0.0,5,6085,中性盘
2364,14:25:21,12.17,0.0,11,13387,卖盘
2365,14:25:27,12.17,0.0,21,25557,卖盘
2366,14:25:31,12.18,0.01,21,25576,买盘
2367,14:25:37,12.17,-0.01,21,25557,买盘
2368,14:25:52,12.17,0.0,20,24340,买盘
2369,14:25:58,12.17,0.0,60,73020,卖盘
2370,14:26:04,12.17,0.0,20,24340,买盘
2371,14:26:09,12.16,-0.01,9,10944,卖盘
2372,14:26:12,12.16,0.0,1,1216,卖盘
2373,14:26:18,12.17,0.01,16,19472,买盘
2374,14:26:24,12.17,0.0,9,10953,卖盘
2375,14:26:27,12.17,0.0,40,48680,卖盘
2376,14:26:30,12.16,-0.01,12,14597,卖盘
2377,14:26:52,12.16,0.0,1,1216,卖盘
2378,14:26:58,12.17,0.01,7,8519,买盘
2379,14:27:04,12.18,0.01,1,1218,买盘
2380,14:27:10,12.17,-0.01,8,9736,卖盘
2381,14:27:25,12.17,0.0,1,1217,卖盘
2382,14:27:31,12.18,0.01,35,42630,买盘
2383,14:27:37,12.19,0.01,64,78016,买盘
2384,14:27:46,12.19,0.0,25,30475,买盘
2385,14:27:48,12.18,-0.01,96,116981,卖盘
2386,14:27:52,12.2,0.02,32,39040,买盘
2387,14:28:00,12.2,0.0,70,85400,买盘
2388,14:28:04,12.19,-0.01,350,426950,卖盘
2389,14:28:13,12.2,0.01,10,12200,买盘
2390,14:28:16,12.19,-0.01,50,60950,卖盘
2391,14:28:22,12.2,0.01,2,2438,买盘
2392,14:28:25,12.2,0.0,62,75600,买盘
2393,14:28:28,12.18,-0.02,84,102324,卖盘
2394,14:28:34,12.2,0.02,8,9758,买盘
2395,14:28:43,12.2,0.0,48,58550,买盘
2396,14:28:48,12.18,-0.02,1,1218,卖盘
2397,14:28:57,12.19,0.01,3,3657,买盘
2398,14:29:15,12.19,0.0,1,1219,买盘
2399,14:29:24,12.19,0.0,20,24373,买盘
2400,14:29:28,12.18,-0.01,1,1218,卖盘
2401,14:29:30,12.19,0.01,8,9752,买盘
2402,14:29:37,12.19,0.0,12,14627,买盘
2403,14:29:43,12.19,0.0,5,6095,买盘
2404,14:29:46,12.19,0.0,30,36570,买盘
2405,14:29:52,12.19,0.0,37,45103,买盘
2406,14:30:00,12.19,0.0,34,41418,买盘
2407,14:30:07,12.18,-0.01,8,9745,卖盘
2408,14:30:12,12.18,0.0,300,365445,卖盘
2409,14:30:16,12.18,0.0,30,36540,买盘
2410,14:30:22,12.17,-0.01,2,2434,卖盘
2411,14:30:24,12.18,0.01,20,24360,买盘
2412,14:30:28,12.17,-0.01,1,1217,卖盘
2413,14:30:39,12.18,0.01,2,2436,买盘
2414,14:30:43,12.17,-0.01,4,4868,卖盘
2415,14:30:46,12.18,0.01,4,4872,买盘
2416,14:30:55,12.18,0.0,18,21924,买盘
2417,14:30:57,12.18,0.0,82,99875,买盘
2418,14:31:04,12.18,0.0,296,360650,卖盘
2419,14:31:10,12.18,0.0,15,18270,买盘
2420,14:31:12,12.18,0.0,140,170400,买盘
2421,14:31:16,12.18,0.0,37,45066,买盘
2422,14:31:18,12.18,0.0,14,17052,买盘
2423,14:31:34,12.17,-0.01,19,23128,卖盘
2424,14:31:46,12.18,0.01,26,31648,买盘
2425,14:31:49,12.17,-0.01,7,8519,卖盘
2426,14:31:52,12.18,0.01,10,12180,买盘
2427,14:32:06,12.17,-0.01,8,9736,卖盘
2428,14:32:15,12.17,0.0,100,121700,卖盘
2429,14:32:19,12.17,0.0,48,58416,卖盘
2430,14:32:22,12.17,0.0,1,1217,买盘
2431,14:32:28,12.17,0.0,52,63284,买盘
2432,14:32:31,12.16,-0.01,1,1216,卖盘
2433,14:32:34,12.16,0.0,170,206720,卖盘
2434,14:32:37,12.17,0.01,10,12170,买盘
2435,14:32:43,12.16,-0.01,2,2432,卖盘
2436,14:32:49,12.17,0.01,78,94926,买盘
2437,14:32:52,12.16,-0.01,70,85120,卖盘
2438,14:32:58,12.17,0.01,16,19462,买盘
2439,14:33:09,12.16,-0.01,35,42560,卖盘
2440,14:33:13,12.17,0.01,3,3651,买盘
2441,14:33:16,12.17,0.0,52,63284,买盘
2442,14:33:22,12.16,-0.01,10,12160,卖盘
2443,14:33:28,12.17,0.01,33,40161,买盘
2444,14:33:31,12.16,-0.01,41,49888,卖盘
2445,14:33:40,12.17,0.01,7,8519,买盘
2446,14:33:46,12.17,0.0,50,60850,卖盘
2447,14:33:49,12.17,0.0,134,163078,卖盘
2448,14:33:51,12.17,0.0,72,87624,买盘
2449,14:33:58,12.17,0.0,27,32859,卖盘
2450,14:34:00,12.17,0.0,48,58416,卖盘
2451,14:34:04,12.17,0.0,8,9736,卖盘
2452,14:34:13,12.17,0.0,1,1217,买盘
2453,14:34:34,12.16,-0.01,53,64448,卖盘
2454,14:34:39,12.2,0.04,500,609226,买盘
2455,14:34:42,12.2,0.0,467,569710,买盘
2456,14:34:46,12.2,0.0,129,157380,卖盘
2457,14:34:49,12.2,0.0,10,12200,卖盘
2458,14:34:52,12.2,0.0,394,480680,卖盘
2459,14:35:06,12.2,0.0,1,1220,买盘
2460,14:35:10,12.23,0.03,1000,1221293,买盘
2461,14:35:18,12.19,-0.04,29,35351,买盘
2462,14:35:31,12.19,0.0,7,8533,卖盘
2463,14:35:33,12.19,0.0,1,1219,卖盘
2464,14:35:36,12.2,0.01,4,4880,买盘
2465,14:35:43,12.2,0.0,7,8540,卖盘
2466,14:35:46,12.2,0.0,4,4880,卖盘
2467,14:35:51,12.21,0.01,24,29304,买盘
2468,14:35:57,12.21,0.0,3,3663,卖盘
2469,14:36:04,12.21,0.0,101,123321,卖盘
2470,14:36:06,12.21,0.0,33,40293,买盘
2471,14:36:12,12.21,0.0,120,146522,卖盘
2472,14:36:18,12.21,0.0,4,4884,买盘
2473,14:36:24,12.2,-0.01,2,2440,卖盘
2474,14:36:28,12.21,0.01,10,12210,买盘
2475,14:36:30,12.2,-0.01,300,366000,卖盘
2476,14:36:33,12.21,0.01,37,45168,买盘
2477,14:36:37,12.2,-0.01,10,12200,卖盘
2478,14:36:39,12.2,0.0,5,6100,卖盘
2479,14:36:43,12.21,0.01,40,48840,买盘
2480,14:36:46,12.2,-0.01,10,12200,卖盘
2481,14:36:49,12.2,0.0,20,24400,卖盘
2482,14:36:52,12.2,0.0,316,385520,卖盘
2483,14:36:55,12.2,0.0,5,6100,卖盘
2484,14:36:58,12.21,0.01,50,61050,买盘
2485,14:37:01,12.21,0.0,106,129426,卖盘
2486,14:37:07,12.21,0.0,4,4884,卖盘
2487,14:37:10,12.21,0.0,117,142857,卖盘
2488,14:37:21,12.21,0.0,209,255189,买盘
2489,14:37:28,12.21,0.0,301,367821,卖盘
2490,14:37:31,12.22,0.01,19,23211,买盘
2491,14:37:37,12.22,0.0,33,40326,卖盘
2492,14:37:40,12.23,0.01,201,245822,买盘
2493,14:37:43,12.23,0.0,388,474224,买盘
2494,14:37:46,12.24,0.01,32,39145,买盘
2495,14:37:48,12.23,-0.01,19,23237,中性盘
2496,14:37:51,12.24,0.01,97,118663,买盘
2497,14:37:58,12.23,-0.01,120,146760,卖盘
2498,14:38:01,12.23,0.0,17,20798,中性盘
2499,14:38:04,12.22,-0.01,100,122256,卖盘
2500,14:38:10,12.23,0.01,42,51366,中性盘
2501,14:38:18,12.24,0.01,61,74606,买盘
2502,14:38:22,12.23,-0.01,21,25683,中性盘
2503,14:38:37,12.23,0.0,70,85608,买盘
2504,14:38:40,12.22,-0.01,32,39105,卖盘
2505,14:38:43,12.22,0.0,23,28126,卖盘
2506,14:38:51,12.22,0.0,29,35438,卖盘
2507,14:38:57,12.22,0.0,71,86762,买盘
2508,14:39:04,12.22,0.0,10,12220,买盘
2509,14:39:13,12.22,0.0,12,14664,买盘
2510,14:39:19,12.21,-0.01,300,366300,卖盘
2511,14:39:24,12.21,0.0,115,140415,卖盘
2512,14:39:27,12.21,0.0,93,113553,卖盘
2513,14:39:34,12.21,0.0,10,12210,买盘
2514,14:39:39,12.2,-0.01,5,6100,卖盘
2515,14:39:43,12.21,0.01,21,25641,买盘
2516,14:39:48,12.2,-0.01,21,25620,卖盘
2517,14:39:52,12.21,0.01,10,12210,买盘
2518,14:40:01,12.2,-0.01,58,70809,卖盘
2519,14:40:04,12.21,0.01,58,70768,买盘
2520,14:40:06,12.2,-0.01,12,14642,卖盘
2521,14:40:19,12.2,0.0,5,6100,卖盘
2522,14:40:21,12.2,0.0,51,62220,卖盘
2523,14:40:25,12.21,0.01,10,12210,买盘
2524,14:40:34,12.21,0.0,33,40293,买盘
2525,14:40:36,12.2,-0.01,246,300120,卖盘
2526,14:40:39,12.21,0.01,18,21978,买盘
2527,14:40:43,12.2,-0.01,2,2440,卖盘
2528,14:40:46,12.21,0.01,149,181929,买盘
2529,14:40:49,12.22,0.01,4,4888,买盘
2530,14:40:52,12.21,-0.01,54,65934,卖盘
2531,14:40:58,12.2,-0.01,1,1220,卖盘
2532,14:41:04,12.21,0.01,4,4884,买盘
2533,14:41:07,12.21,0.0,1,1221,买盘
2534,14:41:10,12.2,-0.01,1,1220,卖盘
2535,14:41:13,12.21,0.01,11,13431,买盘
2536,14:41:15,12.21,0.0,39,47619,卖盘
2537,14:41:21,12.21,0.0,7,8547,买盘
2538,14:41:24,12.21,0.0,15,18315,买盘
2539,14:41:27,12.21,0.0,6,7326,买盘
2540,14:41:31,12.21,0.0,57,69594,买盘
2541,14:41:34,12.21,0.0,50,61050,卖盘
2542,14:41:37,12.21,0.0,26,31746,卖盘
2543,14:41:40,12.22,0.01,105,128210,买盘
2544,14:41:43,12.21,-0.01,2,2442,中性盘
2545,14:41:45,12.21,0.0,23,28084,卖盘
2546,14:41:49,12.21,0.0,10,12210,卖盘
2547,14:41:52,12.21,0.0,5,6105,卖盘
2548,14:41:58,12.21,0.0,53,64715,卖盘
2549,14:42:04,12.21,0.0,1,1221,卖盘
2550,14:42:07,12.21,0.0,16,19546,卖盘
2551,14:42:10,12.2,-0.01,40,48833,卖盘
2552,14:42:25,12.21,0.01,5,6105,卖盘
2553,14:42:28,12.22,0.01,50,61070,买盘
2554,14:42:30,12.21,-0.01,11,13431,卖盘
2555,14:42:34,12.21,0.0,13,15873,卖盘
2556,14:42:39,12.21,0.0,2,2442,买盘
2557,14:42:45,12.21,0.0,31,37850,买盘
2558,14:42:48,12.21,0.0,33,40293,买盘
2559,14:42:55,12.21,0.0,22,26862,卖盘
2560,14:43:00,12.21,0.0,276,336996,卖盘
2561,14:43:07,12.22,0.01,50,61076,买盘
2562,14:43:10,12.2,-0.02,1,1220,卖盘
2563,14:43:18,12.2,0.0,15,18300,卖盘
2564,14:43:22,12.21,0.01,1,1221,买盘
2565,14:43:28,12.21,0.0,12,14645,买盘
2566,14:43:30,12.21,0.0,2,2442,买盘
2567,14:43:33,12.2,-0.01,88,107360,卖盘
2568,14:43:42,12.22,0.02,100,122148,买盘
2569,14:43:46,12.21,-0.01,2,2442,卖盘
2570,14:43:48,12.21,0.0,2,2442,卖盘
2571,14:44:01,12.21,0.0,56,68376,卖盘
2572,14:44:04,12.22,0.01,253,309166,买盘
2573,14:44:10,12.22,0.0,545,665990,买盘
2574,14:44:13,12.21,-0.01,2,2442,卖盘
2575,14:44:19,12.22,0.01,90,109980,买盘
2576,14:44:21,12.22,0.0,56,68432,卖盘
2577,14:44:25,12.22,0.0,13,15886,卖盘
2578,14:44:31,12.22,0.0,132,161328,卖盘
2579,14:44:37,12.23,0.01,60,73333,买盘
2580,14:44:43,12.22,-0.01,42,51324,买盘
2581,14:44:46,12.23,0.01,31,37909,买盘
2582,14:44:48,12.22,-0.01,1,1222,卖盘
2583,14:44:52,12.22,0.0,9,10998,卖盘
2584,14:44:55,12.22,0.0,312,381574,卖盘
2585,14:45:01,12.23,0.01,139,169997,买盘
2586,14:45:04,12.23,0.0,10,12230,卖盘
2587,14:45:06,12.23,0.0,6,7338,卖盘
2588,14:45:13,12.24,0.01,32,39168,买盘
2589,14:45:16,12.24,0.0,19,23256,买盘
2590,14:45:18,12.23,-0.01,124,151756,卖盘
2591,14:45:22,12.24,0.01,98,119952,买盘
2592,14:45:24,12.24,0.0,23,28152,买盘
2593,14:45:28,12.23,-0.01,255,312115,卖盘
2594,14:45:30,12.24,0.01,4,4896,买盘
2595,14:45:36,12.23,-0.01,22,26922,卖盘
2596,14:45:40,12.23,0.0,100,122300,卖盘
2597,14:45:43,12.24,0.01,72,88128,买盘
2598,14:45:46,12.24,0.0,20,24480,买盘
2599,14:45:49,12.23,-0.01,1,1223,卖盘
2600,14:45:52,12.25,0.02,206,252167,买盘
2601,14:45:54,12.24,-0.01,45,55080,买盘
2602,14:45:57,12.24,0.0,6,7344,卖盘
2603,14:46:04,12.24,0.0,86,105264,卖盘
2604,14:46:07,12.24,0.0,3,3672,卖盘
2605,14:46:10,12.24,0.0,22,26928,卖盘
2606,14:46:13,12.24,0.0,74,90575,卖盘
2607,14:46:19,12.24,0.0,50,61200,买盘
2608,14:46:22,12.24,0.0,521,637704,买盘
2609,14:46:25,12.25,0.01,444,543554,买盘
2610,14:46:28,12.23,-0.02,178,217695,卖盘
2611,14:46:31,12.23,0.0,92,112516,买盘
2612,14:46:34,12.25,0.02,158,193429,买盘
2613,14:46:37,12.24,-0.01,553,677125,卖盘
2614,14:46:40,12.24,0.0,2,2448,卖盘
2615,14:46:43,12.24,0.0,20,24480,卖盘
2616,14:46:51,12.25,0.01,12,14699,买盘
2617,14:46:55,12.26,0.01,540,661540,买盘
2618,14:46:58,12.25,-0.01,64,78400,中性盘
2619,14:47:01,12.25,0.0,7,8575,卖盘
2620,14:47:07,12.24,-0.01,1,1224,卖盘
2621,14:47:10,12.25,0.01,8,9800,买盘
2622,14:47:13,12.25,0.0,233,285425,买盘
2623,14:47:16,12.26,0.01,27,33102,买盘
2624,14:47:19,12.25,-0.01,17,20825,卖盘
2625,14:47:22,12.25,0.0,40,49000,卖盘
2626,14:47:25,12.25,0.0,1,1225,卖盘
2627,14:47:28,12.26,0.01,31,37976,买盘
2628,14:47:31,12.26,0.0,4,4901,买盘
2629,14:47:37,12.26,0.0,11,13480,买盘
2630,14:47:40,12.26,0.0,64,78412,买盘
2631,14:47:42,12.26,0.0,10,12260,买盘
2632,14:47:51,12.25,-0.01,1,1225,卖盘
2633,14:47:58,12.26,0.01,230,281780,买盘
2634,14:48:04,12.25,-0.01,50,61250,卖盘
2635,14:48:07,12.25,0.0,28,34320,卖盘
2636,14:48:10,12.25,0.0,52,63700,卖盘
2637,14:48:16,12.25,0.0,41,50217,买盘
2638,14:48:18,12.24,-0.01,29,35516,卖盘
2639,14:48:21,12.25,0.01,30,36750,买盘
2640,14:48:25,12.24,-0.01,55,67368,卖盘
2641,14:48:28,12.24,0.0,18,22032,卖盘
2642,14:48:31,12.25,0.01,15,18375,买盘
2643,14:48:34,12.25,0.0,6,7350,买盘
2644,14:48:36,12.24,-0.01,70,85680,卖盘
2645,14:48:43,12.24,0.0,102,124848,卖盘
2646,14:48:46,12.25,0.01,32,39181,买盘
2647,14:48:49,12.24,-0.01,261,319542,买盘
2648,14:48:52,12.23,-0.01,7,8561,卖盘
2649,14:48:58,12.23,0.0,10,12230,卖盘
2650,14:49:00,12.23,0.0,51,62423,卖盘
2651,14:49:04,12.23,0.0,7,8561,卖盘
2652,14:49:07,12.24,0.01,62,75886,买盘
2653,14:49:10,12.23,-0.01,48,58704,卖盘
2654,14:49:22,12.23,0.0,5,6115,买盘
2655,14:49:24,12.23,0.0,96,117381,买盘
2656,14:49:28,12.22,-0.01,31,37884,卖盘
2657,14:49:31,12.23,0.01,10,12230,买盘
2658,14:49:37,12.23,0.0,19,23237,卖盘
2659,14:49:42,12.23,0.0,6,7338,卖盘
2660,14:49:46,12.23,0.0,10,12230,卖盘
2661,14:49:49,12.23,0.0,12,14676,卖盘
2662,14:49:55,12.23,0.0,34,41582,买盘
2663,14:50:01,12.23,0.0,8,9784,买盘
2664,14:50:04,12.23,0.0,58,70909,买盘
2665,14:50:07,12.23,0.0,115,140575,买盘
2666,14:50:09,12.23,0.0,35,42805,卖盘
2667,14:50:12,12.23,0.0,5,6115,卖盘
2668,14:50:15,12.23,0.0,104,127192,卖盘
2669,14:50:18,12.23,0.0,10,12230,卖盘
2670,14:50:22,12.22,-0.01,77,94139,卖盘
2671,14:50:25,12.23,0.01,8,9784,买盘
2672,14:50:31,12.22,-0.01,7,8554,卖盘
2673,14:50:34,12.23,0.01,48,58688,买盘
2674,14:50:39,12.23,0.0,1,1223,买盘
2675,14:50:43,12.22,-0.01,5,6110,卖盘
2676,14:50:46,12.23,0.01,15,18345,买盘
2677,14:50:48,12.22,-0.01,20,24440,卖盘
2678,14:50:51,12.22,0.0,9,10998,卖盘
2679,14:50:55,12.22,0.0,99,121009,卖盘
2680,14:50:58,12.22,0.0,29,35438,卖盘
2681,14:51:00,12.23,0.01,186,227471,买盘
2682,14:51:07,12.23,0.0,86,105178,卖盘
2683,14:51:10,12.23,0.0,10,12230,卖盘
2684,14:51:18,12.24,0.01,25,30600,买盘
2685,14:51:28,12.23,-0.01,12,14676,卖盘
2686,14:51:31,12.24,0.01,7,8563,买盘
2687,14:51:34,12.23,-0.01,27,33021,卖盘
2688,14:51:37,12.23,0.0,29,35467,买盘
2689,14:51:40,12.23,0.0,44,53812,买盘
2690,14:51:46,12.23,0.0,25,30575,买盘
2691,14:51:48,12.23,0.0,50,61150,买盘
2692,14:51:52,12.23,0.0,14,17122,买盘
2693,14:51:55,12.23,0.0,7,8559,买盘
2694,14:52:00,12.23,0.0,17,20786,买盘
2695,14:52:04,12.22,-0.01,39,47658,卖盘
2696,14:52:07,12.23,0.01,34,41562,买盘
2697,14:52:13,12.22,-0.01,6,7332,卖盘
2698,14:52:19,12.23,0.01,15,18345,买盘
2699,14:52:25,12.23,0.0,17,20786,买盘
2700,14:52:28,12.22,-0.01,38,46436,卖盘
2701,14:52:30,12.23,0.01,12,14676,买盘
2702,14:52:34,12.23,0.0,1,1223,买盘
2703,14:52:37,12.22,-0.01,130,158860,卖盘
2704,14:52:40,12.23,0.01,93,113739,买盘
2705,14:52:43,12.22,-0.01,39,47658,卖盘
2706,14:52:46,12.22,0.0,42,51351,买盘
2707,14:52:49,12.22,0.0,12,14664,卖盘
2708,14:52:52,12.22,0.0,15,18330,买盘
2709,14:52:55,12.21,-0.01,107,130697,卖盘
2710,14:52:58,12.21,0.0,36,43956,卖盘
2711,14:53:00,12.22,0.01,3,3666,买盘
2712,14:53:04,12.22,0.0,10,12220,买盘
2713,14:53:07,12.22,0.0,57,69647,买盘
2714,14:53:12,12.22,0.0,29,35438,买盘
2715,14:53:16,12.21,-0.01,174,212498,卖盘
2716,14:53:19,12.22,0.01,30,36660,买盘
2717,14:53:22,12.21,-0.01,8,9772,卖盘
2718,14:53:25,12.21,0.0,40,48850,卖盘
2719,14:53:28,12.22,0.01,3,3666,买盘
2720,14:53:31,12.22,0.0,33,40311,买盘
2721,14:53:34,12.22,0.0,13,15883,买盘
2722,14:53:37,12.21,-0.01,19,23217,卖盘
2723,14:53:43,12.22,0.01,10,12220,买盘
2724,14:53:45,12.22,0.0,134,163648,买盘
2725,14:53:48,12.22,0.0,306,373929,买盘
2726,14:53:52,12.21,-0.01,50,61050,卖盘
2727,14:53:58,12.21,0.0,13,15876,卖盘
2728,14:54:01,12.21,0.0,10,12210,卖盘
2729,14:54:04,12.21,0.0,53,64718,卖盘
2730,14:54:07,12.21,0.0,84,102573,卖盘
2731,14:54:10,12.22,0.01,85,103870,买盘
2732,14:54:13,12.21,-0.01,1,1221,卖盘
2733,14:54:16,12.22,0.01,196,239432,买盘
2734,14:54:19,12.22,0.0,1,1222,买盘
2735,14:54:25,12.21,-0.01,65,79380,卖盘
2736,14:54:28,12.22,0.01,49,59848,买盘
2737,14:54:31,12.21,-0.01,89,108719,卖盘
2738,14:54:34,12.21,0.0,10,12210,买盘
2739,14:54:37,12.21,0.0,34,41514,买盘
2740,14:54:40,12.21,0.0,11,13431,买盘
2741,14:54:43,12.21,0.0,24,29304,买盘
2742,14:54:46,12.22,0.01,30,36631,买盘
2743,14:54:49,12.2,-0.02,10,12200,卖盘
2744,14:54:52,12.21,0.01,31,37851,买盘
2745,14:54:55,12.21,0.0,3,3663,卖盘
2746,14:54:58,12.21,0.0,58,70862,卖盘
2747,14:55:04,12.21,0.0,276,336996,卖盘
2748,14:55:07,12.22,0.01,31,37882,买盘
2749,14:55:10,12.21,-0.01,29,35409,卖盘
2750,14:55:13,12.21,0.0,20,24420,卖盘
2751,14:55:16,12.22,0.01,54,65937,买盘
2752,14:55:19,12.21,-0.01,38,46433,卖盘
2753,14:55:21,12.21,0.0,8,9768,卖盘
2754,14:55:25,12.22,0.01,36,43972,买盘
2755,14:55:28,12.21,-0.01,15,18319,卖盘
2756,14:55:31,12.21,0.0,22,26871,卖盘
2757,14:55:34,12.21,0.0,20,24420,买盘
2758,14:55:37,12.21,0.0,4,4884,买盘
2759,14:55:43,12.21,0.0,263,320872,买盘
2760,14:55:46,12.21,0.0,23,28083,买盘
2761,14:55:49,12.2,-0.01,5,6100,卖盘
2762,14:55:55,12.2,0.0,42,51240,卖盘
2763,14:55:58,12.2,0.0,12,14644,卖盘
2764,14:56:01,12.21,0.01,52,63492,买盘
2765,14:56:03,12.21,0.0,67,81807,买盘
2766,14:56:07,12.22,0.01,34,41518,买盘
2767,14:56:10,12.21,-0.01,10,12210,卖盘
2768,14:56:13,12.2,-0.01,93,113501,卖盘
2769,14:56:16,12.21,0.01,10,12210,买盘
2770,14:56:19,12.2,-0.01,1,1220,卖盘
2771,14:56:22,12.21,0.01,8,9768,买盘
2772,14:56:24,12.21,0.0,5,6105,买盘
2773,14:56:27,12.21,0.0,26,31736,买盘
2774,14:56:34,12.21,0.0,3,3662,买盘
2775,14:56:37,12.2,-0.01,17,20740,卖盘
2776,14:56:40,12.2,0.0,10,12200,卖盘
2777,14:56:43,12.2,0.0,5,6100,卖盘
2778,14:56:46,12.2,0.0,576,703020,卖盘
2779,14:56:49,12.2,0.0,29,35400,卖盘
2780,14:56:52,12.2,0.0,29,35382,卖盘
2781,14:56:55,12.2,0.0,100,122000,卖盘
2782,14:56:58,12.2,0.0,22,26840,卖盘
2783,14:57:01,12.2,0.0,111,135425,卖盘
2784,14:57:04,12.2,0.0,32,39044,卖盘
2785,15:00:04,12.2,0.0,1855,2263100,卖盘
