,time,price,change,volume,amount,type
0,09:25:04,3.99,-0.04,445,177555,卖盘
1,09:30:04,3.96,-0.03,565,225018,卖盘
2,09:30:07,3.98,0.02,60,23826,买盘
3,09:30:09,3.98,0.0,293,116614,买盘
4,09:30:13,3.96,-0.02,304,120668,卖盘
5,09:30:16,3.96,0.0,10,3960,卖盘
6,09:30:18,3.96,0.0,24,9512,卖盘
7,09:30:27,3.96,0.0,79,31284,卖盘
8,09:30:31,3.96,0.0,20,7920,卖盘
9,09:30:34,3.96,0.0,49,19404,卖盘
10,09:30:37,3.96,0.0,23,9108,卖盘
11,09:30:40,3.98,0.02,100,39690,买盘
12,09:30:46,3.95,-0.03,43,17005,卖盘
13,09:30:49,3.96,0.01,15,5940,卖盘
14,09:30:55,3.95,-0.01,24,9490,卖盘
15,09:30:58,3.95,0.0,315,124435,卖盘
16,09:31:00,3.98,0.03,764,302322,买盘
17,09:31:04,3.98,0.0,22,8728,买盘
18,09:31:06,3.98,0.0,28,11129,买盘
19,09:31:13,3.96,-0.02,38,15048,卖盘
20,09:31:22,3.98,0.02,164,64970,买盘
21,09:31:25,3.96,-0.02,62,24557,卖盘
22,09:31:31,3.97,0.01,20,7940,卖盘
23,09:31:40,3.96,-0.01,24,9504,卖盘
24,09:31:45,3.97,0.01,50,19850,买盘
25,09:31:49,3.96,-0.01,9,3564,卖盘
26,09:31:51,3.96,0.0,300,118800,卖盘
27,09:31:54,3.96,0.0,1,396,卖盘
28,09:31:58,3.97,0.01,32,12704,买盘
29,09:32:01,3.97,0.0,37,14676,买盘
30,09:32:04,3.95,-0.02,260,102875,卖盘
31,09:32:09,3.97,0.02,51,20247,买盘
32,09:32:13,3.95,-0.02,27,10665,卖盘
33,09:32:19,3.95,0.0,83,32786,卖盘
34,09:32:22,3.95,0.0,18,7115,卖盘
35,09:32:25,3.95,0.0,27,10665,卖盘
36,09:32:27,3.94,-0.01,177,69858,卖盘
37,09:32:31,3.95,0.01,4,1580,买盘
38,09:32:33,3.94,-0.01,268,105836,卖盘
39,09:32:37,3.95,0.01,48,18951,卖盘
40,09:32:40,3.95,0.0,9,3555,买盘
41,09:32:43,3.96,0.01,288,113571,买盘
42,09:32:46,3.94,-0.02,187,73907,卖盘
43,09:32:55,3.95,0.01,27,10665,卖盘
44,09:32:58,3.95,0.0,16,6320,卖盘
45,09:33:01,3.95,0.0,32,12640,卖盘
46,09:33:04,3.95,0.0,14,5530,卖盘
47,09:33:07,3.96,0.01,103,40771,买盘
48,09:33:12,3.95,-0.01,30,11850,卖盘
49,09:33:16,3.96,0.01,29,11484,买盘
50,09:33:19,3.95,-0.01,182,72071,卖盘
51,09:33:22,3.96,0.01,43,16996,买盘
52,09:33:25,3.95,-0.01,34,13431,卖盘
53,09:33:28,3.96,0.01,4,1584,买盘
54,09:33:31,3.96,0.0,4,1584,卖盘
55,09:33:34,3.96,0.0,40,15840,卖盘
56,09:33:36,3.95,-0.01,31,12262,卖盘
57,09:33:39,3.96,0.01,34,13464,买盘
58,09:33:43,3.96,0.0,51,20196,买盘
59,09:33:46,3.96,0.0,1,396,买盘
60,09:33:49,3.96,0.0,64,25344,买盘
61,09:34:01,3.96,0.0,5,1980,卖盘
62,09:34:04,3.97,0.01,18,7146,买盘
63,09:34:07,3.96,-0.01,265,104940,卖盘
64,09:34:10,3.96,0.0,5,1980,买盘
65,09:34:13,3.96,0.0,37,14652,买盘
66,09:34:16,3.96,0.0,56,22176,买盘
67,09:34:19,3.96,0.0,61,24156,买盘
68,09:34:22,3.96,0.0,46,18216,买盘
69,09:34:25,3.96,0.0,147,58212,买盘
70,09:34:28,3.96,0.0,112,44352,买盘
71,09:34:31,3.97,0.01,25,9905,买盘
72,09:34:37,3.97,0.0,1,397,买盘
73,09:34:39,3.96,-0.01,12,4753,卖盘
74,09:34:49,3.97,0.01,19,7533,买盘
75,09:34:52,3.97,0.0,20,7940,买盘
76,09:35:06,3.97,0.0,3,1191,买盘
77,09:35:10,3.96,-0.01,10,3960,卖盘
78,09:35:13,3.97,0.01,69,27334,买盘
79,09:35:16,3.97,0.0,38,15086,买盘
80,09:35:18,3.96,-0.01,192,76032,卖盘
81,09:35:25,3.97,0.01,11,4367,买盘
82,09:35:28,3.97,0.0,10,3970,买盘
83,09:35:34,3.96,-0.01,3,1188,卖盘
84,09:35:36,3.97,0.01,80,31760,买盘
85,09:35:40,3.96,-0.01,30,11881,卖盘
86,09:35:55,3.96,0.0,20,7920,卖盘
87,09:35:58,3.97,0.01,14,5558,买盘
88,09:36:01,3.96,-0.01,11,4357,卖盘
89,09:36:04,3.97,0.01,20,7940,买盘
90,09:36:06,3.97,0.0,145,57565,买盘
91,09:36:09,3.97,0.0,1,397,买盘
92,09:36:13,3.96,-0.01,103,40841,卖盘
93,09:36:22,3.97,0.01,30,11910,卖盘
94,09:36:25,3.96,-0.01,88,34848,卖盘
95,09:36:31,3.97,0.01,7,2779,中性盘
96,09:36:49,3.97,0.0,3,1191,中性盘
97,09:36:54,3.97,0.0,1,397,买盘
98,09:36:58,3.97,0.0,1,397,买盘
99,09:37:01,3.97,0.0,13,5161,买盘
100,09:37:16,3.98,0.01,174,69144,买盘
101,09:37:37,3.97,-0.01,17,6749,卖盘
102,09:37:43,3.97,0.0,5,1985,买盘
103,09:37:49,3.98,0.01,3,1194,买盘
104,09:37:54,3.97,-0.01,65,25805,卖盘
105,09:38:07,3.98,0.01,345,137164,买盘
106,09:38:16,3.99,0.01,19,7581,买盘
107,09:38:25,4.0,0.01,100,39991,买盘
108,09:38:33,3.99,-0.01,21,8379,买盘
109,09:38:39,3.99,0.0,12,4788,卖盘
110,09:38:42,4.0,0.01,7,2800,买盘
111,09:38:49,4.0,0.0,30,12000,买盘
112,09:38:55,4.0,0.0,7,2800,买盘
113,09:38:58,4.0,0.0,17,6800,买盘
114,09:39:00,4.0,0.0,16,6400,买盘
115,09:39:06,4.0,0.0,4,1600,卖盘
116,09:39:10,4.0,0.0,20,8000,卖盘
117,09:39:16,4.0,0.0,12,4800,卖盘
118,09:39:19,4.0,0.0,80,32000,卖盘
119,09:39:22,4.0,0.0,234,93699,卖盘
120,09:39:25,4.0,0.0,3,1200,卖盘
121,09:39:27,4.01,0.01,37,14831,买盘
122,09:39:40,4.0,-0.01,11,4400,卖盘
123,09:39:46,4.0,0.0,5,2000,买盘
124,09:39:58,3.98,-0.02,14,5582,卖盘
125,09:40:07,3.98,0.0,62,24679,卖盘
126,09:40:12,3.98,0.0,4,1592,卖盘
127,09:40:25,3.98,0.0,15,5971,卖盘
128,09:40:36,3.98,0.0,46,18308,买盘
129,09:40:46,3.98,0.0,42,16716,卖盘
130,09:40:55,3.98,0.0,8,3184,卖盘
131,09:41:01,3.98,0.0,54,21492,卖盘
132,09:41:03,3.98,0.0,19,7562,卖盘
133,09:41:10,3.98,0.0,58,23084,卖盘
134,09:41:22,3.99,0.01,17,6783,买盘
135,09:41:28,3.99,0.0,8,3192,卖盘
136,09:41:31,3.99,0.0,5,1995,卖盘
137,09:41:33,3.99,0.0,5,1995,卖盘
138,09:41:45,3.99,0.0,229,91371,卖盘
139,09:41:49,4.0,0.01,10,4000,买盘
140,09:42:01,3.99,-0.01,216,86184,卖盘
141,09:42:07,3.99,0.0,5,1995,卖盘
142,09:42:19,3.99,0.0,5,1995,卖盘
143,09:42:21,3.99,0.0,90,35910,卖盘
144,09:42:25,4.0,0.01,3,1200,买盘
145,09:42:31,3.99,-0.01,1,399,卖盘
146,09:42:58,4.0,0.01,103,41200,买盘
147,09:43:01,3.99,-0.01,16,6384,卖盘
148,09:43:19,3.99,0.0,70,27930,卖盘
149,09:43:21,4.0,0.01,10,4000,买盘
150,09:43:31,4.0,0.0,2,800,买盘
151,09:43:34,3.99,-0.01,1066,425334,卖盘
152,09:43:37,4.0,0.01,236,94380,买盘
153,09:43:40,3.97,-0.03,352,140039,卖盘
154,09:43:48,3.98,0.01,103,40994,中性盘
155,09:44:09,3.99,0.01,4,1595,买盘
156,09:44:25,3.99,0.0,20,7980,买盘
157,09:44:43,3.98,-0.01,1,398,卖盘
158,09:44:45,3.99,0.01,10,3990,买盘
159,09:44:55,3.99,0.0,13,5187,买盘
160,09:44:57,3.98,-0.01,42,16722,卖盘
161,09:45:10,3.98,0.0,34,13532,卖盘
162,09:45:16,3.99,0.01,11,4389,买盘
163,09:45:27,3.98,-0.01,45,17920,卖盘
164,09:45:30,3.99,0.01,1,399,买盘
165,09:45:33,3.98,-0.01,51,20298,卖盘
166,09:45:40,3.98,0.0,38,15124,卖盘
167,09:45:45,3.98,0.0,1,398,卖盘
168,09:45:52,3.98,0.0,125,49750,卖盘
169,09:45:58,3.98,0.0,20,7960,卖盘
170,09:46:01,3.99,0.01,46,18354,买盘
171,09:46:04,3.98,-0.01,71,28258,卖盘
172,09:46:09,3.98,0.0,132,52536,卖盘
173,09:46:12,3.98,0.0,11,4378,卖盘
174,09:46:19,3.97,-0.01,6,2382,卖盘
175,09:46:22,3.98,0.01,25,9950,买盘
176,09:46:25,3.97,-0.01,32,12704,卖盘
177,09:46:37,3.97,0.0,20,7940,卖盘
178,09:46:40,3.97,0.0,60,23820,卖盘
179,09:46:43,3.97,0.0,29,11513,卖盘
180,09:46:54,3.97,0.0,125,49625,卖盘
181,09:46:58,3.97,0.0,26,10322,卖盘
182,09:47:10,3.97,0.0,30,11910,卖盘
183,09:47:19,3.97,0.0,296,117591,卖盘
184,09:47:33,3.98,0.01,36,14328,买盘
185,09:47:36,3.98,0.0,14,5572,买盘
186,09:47:40,3.98,0.0,17,6766,买盘
187,09:47:43,3.98,0.0,47,18706,买盘
188,09:47:46,3.98,0.0,6,2388,买盘
189,09:47:49,3.97,-0.01,64,25450,卖盘
190,09:47:55,3.97,0.0,10,3974,卖盘
191,09:48:00,3.97,0.0,10,3970,卖盘
192,09:48:06,3.98,0.01,10,3980,买盘
193,09:48:10,3.96,-0.02,329,130547,卖盘
194,09:48:22,3.97,0.01,26,10322,卖盘
195,09:48:34,3.96,-0.01,16,6336,卖盘
196,09:48:37,3.96,0.0,90,35660,卖盘
197,09:48:46,3.96,0.0,90,35640,卖盘
198,09:48:49,3.96,0.0,343,135749,卖盘
199,09:48:52,3.97,0.01,10,3963,买盘
200,09:48:55,3.97,0.0,8,3176,买盘
201,09:48:57,3.96,-0.01,1,396,中性盘
202,09:49:04,3.97,0.01,40,15880,买盘
203,09:49:10,3.96,-0.01,20,7920,卖盘
204,09:49:19,3.97,0.01,231,91707,买盘
205,09:49:25,3.96,-0.01,72,28512,卖盘
206,09:50:01,3.96,0.0,1,396,卖盘
207,09:50:03,3.96,0.0,47,18612,卖盘
208,09:50:16,3.97,0.01,37,14679,买盘
209,09:50:28,3.97,0.0,15,5955,买盘
210,09:50:37,3.96,-0.01,102,40392,卖盘
211,09:50:43,3.96,0.0,10,3960,卖盘
212,09:50:46,3.96,0.0,10,3960,卖盘
213,09:50:49,3.97,0.01,2,794,买盘
214,09:51:04,3.96,-0.01,13,5148,卖盘
215,09:51:07,3.96,0.0,21,8316,卖盘
216,09:51:10,3.96,0.0,60,23760,卖盘
217,09:51:22,3.97,0.01,10,3970,买盘
218,09:51:40,3.96,-0.01,29,11484,卖盘
219,09:51:43,3.97,0.01,27,10719,买盘
220,09:51:46,3.96,-0.01,7,2772,卖盘
221,09:51:49,3.96,0.0,40,15840,卖盘
222,09:51:52,3.96,0.0,9,3564,卖盘
223,09:51:55,3.96,0.0,13,5148,卖盘
224,09:51:57,3.96,0.0,12,4752,卖盘
225,09:52:01,3.96,0.0,20,7920,卖盘
226,09:52:30,3.96,0.0,66,26136,卖盘
227,09:52:36,3.96,0.0,20,7920,卖盘
228,09:52:40,3.96,0.0,38,15052,卖盘
229,09:52:54,3.96,0.0,10,3960,卖盘
230,09:52:58,3.97,0.01,32,12704,买盘
231,09:53:25,3.97,0.0,10,3970,买盘
232,09:54:13,3.96,-0.01,2,792,卖盘
233,09:54:22,3.96,0.0,170,67320,卖盘
234,09:54:25,3.96,0.0,5,1980,卖盘
235,09:54:28,3.96,0.0,2,792,卖盘
236,09:54:31,3.97,0.01,22,8734,买盘
237,09:54:49,3.96,-0.01,16,6336,卖盘
238,09:54:54,3.96,0.0,308,121968,卖盘
239,09:54:58,3.95,-0.01,300,118500,卖盘
240,09:55:07,3.95,0.0,44,17380,卖盘
241,09:55:10,3.96,0.01,44,17424,买盘
242,09:55:13,3.96,0.0,22,8712,卖盘
243,09:55:22,3.95,-0.01,144,56880,卖盘
244,09:55:28,3.96,0.01,30,11880,买盘
245,09:55:31,3.95,-0.01,10,3950,卖盘
246,09:55:43,3.95,0.0,10,3950,卖盘
247,09:55:48,3.96,0.01,30,11880,买盘
248,09:55:55,3.95,-0.01,178,70310,卖盘
249,09:56:04,3.95,0.0,188,74260,卖盘
250,09:56:07,3.95,0.0,90,35550,卖盘
251,09:56:13,3.95,0.0,49,19355,卖盘
252,09:56:19,3.95,0.0,503,198685,卖盘
253,09:56:25,3.95,0.0,64,25280,卖盘
254,09:56:28,3.96,0.01,74,29304,买盘
255,09:56:31,3.96,0.0,126,49790,买盘
256,09:56:52,3.95,-0.01,100,39500,卖盘
257,09:56:58,3.95,0.0,5,1975,卖盘
258,09:57:07,3.96,0.01,375,148140,买盘
259,09:57:10,3.96,0.0,50,19800,买盘
260,09:57:22,3.95,-0.01,20,7900,卖盘
261,09:57:25,3.96,0.01,6,2374,买盘
262,09:57:31,3.96,0.0,30,11880,买盘
263,09:57:36,3.95,-0.01,43,16985,卖盘
264,09:57:39,3.95,0.0,87,34365,卖盘
265,09:57:46,3.95,0.0,52,20540,卖盘
266,09:57:48,3.95,0.0,4,1580,卖盘
267,09:57:57,3.95,0.0,83,32785,卖盘
268,09:58:09,3.95,0.0,64,25280,卖盘
269,09:58:13,3.95,0.0,143,56485,卖盘
270,09:58:15,3.95,0.0,465,183675,卖盘
271,09:58:19,3.95,0.0,5,1975,卖盘
272,09:58:24,3.95,0.0,32,12640,买盘
273,09:58:28,3.95,0.0,20,7900,买盘
274,09:58:31,3.96,0.01,85,33542,买盘
275,09:58:43,3.95,-0.01,100,39500,买盘
276,09:58:49,3.95,0.0,20,7900,卖盘
277,09:58:58,3.95,0.0,69,27255,卖盘
278,09:59:07,3.95,0.0,29,11455,卖盘
279,09:59:09,3.95,0.0,24,9480,卖盘
280,09:59:25,3.95,0.0,79,31205,卖盘
281,09:59:28,3.95,0.0,30,11850,卖盘
282,09:59:31,3.95,0.0,70,27650,卖盘
283,09:59:34,3.95,0.0,88,34768,卖盘
284,09:59:37,3.95,0.0,14,5530,卖盘
285,09:59:40,3.95,0.0,22,8690,卖盘
286,09:59:46,3.95,0.0,40,15800,卖盘
287,09:59:55,3.95,0.0,3,1185,卖盘
288,10:00:04,3.95,0.0,20,7900,卖盘
289,10:00:10,3.95,0.0,20,7900,卖盘
290,10:00:13,3.96,0.01,4,1584,买盘
291,10:00:16,3.95,-0.01,10,3950,卖盘
292,10:00:19,3.95,0.0,25,9875,卖盘
293,10:00:25,3.95,0.0,20,7900,卖盘
294,10:00:34,3.96,0.01,45,17778,买盘
295,10:01:19,3.95,-0.01,25,9875,卖盘
296,10:01:25,3.96,0.01,3,1188,买盘
297,10:01:43,3.95,-0.01,34,13430,卖盘
298,10:01:49,3.95,0.0,16,6320,卖盘
299,10:02:04,3.95,0.0,3,1185,卖盘
300,10:02:10,3.95,0.0,8,3160,卖盘
301,10:02:19,3.95,0.0,14,5530,卖盘
302,10:02:27,3.95,0.0,1,395,卖盘
303,10:02:31,3.96,0.01,10,3960,买盘
304,10:02:33,3.95,-0.01,166,65570,卖盘
305,10:03:06,3.95,0.0,58,22960,卖盘
306,10:03:19,3.96,0.01,30,11880,买盘
307,10:03:28,3.95,-0.01,11,4345,卖盘
308,10:03:31,3.96,0.01,24,9499,买盘
309,10:03:42,3.95,-0.01,8,3160,卖盘
310,10:03:49,3.96,0.01,100,39600,买盘
311,10:03:54,3.95,-0.01,2,790,卖盘
312,10:03:58,3.96,0.01,34,13464,买盘
313,10:04:04,3.96,0.0,20,7920,买盘
314,10:04:07,3.95,-0.01,256,101120,卖盘
315,10:04:19,3.95,0.0,21,8300,卖盘
316,10:04:34,3.96,0.01,5,1980,买盘
317,10:04:36,3.96,0.0,100,39600,买盘
318,10:04:39,3.95,-0.01,199,78605,卖盘
319,10:04:43,3.95,0.0,12,4740,卖盘
320,10:04:51,3.96,0.01,10,3960,买盘
321,10:04:55,3.96,0.0,58,22968,买盘
322,10:04:58,3.95,-0.01,17,6731,卖盘
323,10:05:01,3.96,0.01,2,792,买盘
324,10:05:07,3.96,0.0,48,19008,买盘
325,10:05:10,3.96,0.0,7,2772,买盘
326,10:05:28,3.96,0.0,11,4356,买盘
327,10:05:30,3.96,0.0,217,85932,买盘
328,10:05:34,3.96,0.0,2,792,卖盘
329,10:05:37,3.96,0.0,2,792,买盘
330,10:05:39,3.96,0.0,2,792,买盘
331,10:05:43,3.96,0.0,14,5544,买盘
332,10:05:46,3.96,0.0,5,2059,买盘
333,10:06:16,3.96,0.0,45,17845,卖盘
334,10:06:19,3.97,0.01,5,1985,买盘
335,10:06:22,3.97,0.0,5,1985,买盘
336,10:06:25,3.97,0.0,5,1985,买盘
337,10:06:27,3.97,0.0,14,5558,买盘
338,10:06:30,3.97,0.0,3,1191,买盘
339,10:06:33,3.97,0.0,124,49168,买盘
340,10:06:37,3.98,0.01,12,4776,买盘
341,10:06:52,3.98,0.0,1,398,买盘
342,10:07:10,3.98,0.0,245,97510,买盘
343,10:07:31,3.98,0.0,3,1194,买盘
344,10:07:36,3.98,0.0,26,10348,买盘
345,10:07:39,3.97,-0.01,15,5955,卖盘
346,10:08:07,3.97,0.0,5,1985,卖盘
347,10:08:22,3.97,0.0,137,54389,卖盘
348,10:08:24,3.97,0.0,10,3970,买盘
349,10:08:37,3.97,0.0,48,19018,买盘
350,10:08:52,3.97,0.0,5,1985,买盘
351,10:09:01,3.97,0.0,20,7940,买盘
352,10:09:16,3.97,0.0,10,3970,买盘
353,10:09:18,3.97,0.0,17,6749,买盘
354,10:09:25,3.97,0.0,20,7940,买盘
355,10:09:28,3.96,-0.01,1,396,卖盘
356,10:09:46,3.96,0.0,20,7920,卖盘
357,10:10:19,3.97,0.01,87,34507,买盘
358,10:10:28,3.97,0.0,10,3970,买盘
359,10:10:42,3.96,-0.01,9,3564,卖盘
360,10:10:55,3.97,0.01,3,1191,买盘
361,10:11:06,3.96,-0.01,19,7524,卖盘
362,10:11:19,3.96,0.0,35,13860,卖盘
363,10:11:46,3.96,0.0,457,180893,卖盘
364,10:11:49,3.96,0.0,14,5544,买盘
365,10:12:07,3.96,0.0,45,17820,买盘
366,10:12:09,3.96,0.0,11,4356,买盘
367,10:12:19,3.95,-0.01,32,12640,卖盘
368,10:12:28,3.95,0.0,100,39500,卖盘
369,10:12:42,3.96,0.01,158,62421,买盘
370,10:12:51,3.95,-0.01,898,354789,卖盘
371,10:13:07,3.95,0.0,12,4740,卖盘
372,10:13:09,3.95,0.0,147,58065,卖盘
373,10:13:13,3.95,0.0,4,1580,卖盘
374,10:13:16,3.95,0.0,14,5530,卖盘
375,10:13:18,3.96,0.01,37,14620,买盘
376,10:13:27,3.96,0.0,3,1188,买盘
377,10:13:43,3.95,-0.01,6,2370,卖盘
378,10:13:46,3.96,0.01,5,1980,买盘
379,10:13:57,3.94,-0.02,900,354994,卖盘
380,10:14:01,3.96,0.02,5,1980,买盘
381,10:14:19,3.94,-0.02,32,12608,卖盘
382,10:14:34,3.94,0.0,5,1970,卖盘
383,10:14:36,3.94,0.0,30,11820,卖盘
384,10:14:55,3.94,0.0,3,1182,卖盘
385,10:15:04,3.94,0.0,5,1970,卖盘
386,10:15:07,3.95,0.01,20,7900,买盘
387,10:15:19,3.94,-0.01,32,12608,卖盘
388,10:15:31,3.94,0.0,30,11820,卖盘
389,10:15:39,3.95,0.01,178,70210,买盘
390,10:15:49,3.95,0.0,36,14220,买盘
391,10:15:52,3.94,-0.01,55,21675,卖盘
392,10:15:55,3.95,0.01,10,3950,买盘
393,10:16:00,3.94,-0.01,1,394,卖盘
394,10:16:06,3.94,0.0,13,5122,卖盘
395,10:16:16,3.94,0.0,79,31126,卖盘
396,10:16:19,3.95,0.01,35,13793,买盘
397,10:16:22,3.94,-0.01,16,6304,卖盘
398,10:16:31,3.94,0.0,17,6713,卖盘
399,10:16:49,3.94,0.0,30,11820,卖盘
400,10:16:58,3.95,0.01,10,3950,买盘
401,10:17:07,3.94,-0.01,710,279656,卖盘
402,10:17:09,3.94,0.0,55,21670,买盘
403,10:17:12,3.94,0.0,5,1970,买盘
404,10:17:16,3.94,0.0,7,2758,买盘
405,10:17:19,3.94,0.0,166,65372,买盘
406,10:17:22,3.94,0.0,10,3940,买盘
407,10:17:25,3.94,0.0,11,4334,买盘
408,10:17:28,3.93,-0.01,38,14959,卖盘
409,10:17:30,3.93,0.0,10,3930,卖盘
410,10:17:34,3.94,0.01,8,3152,买盘
411,10:17:36,3.94,0.0,26,10244,买盘
412,10:17:39,3.93,-0.01,12,4723,卖盘
413,10:17:43,3.93,0.0,15,5900,卖盘
414,10:17:45,3.94,0.01,2,788,买盘
415,10:17:52,3.93,-0.01,22,8656,卖盘
416,10:17:55,3.93,0.0,70,27510,卖盘
417,10:17:57,3.93,0.0,50,19650,卖盘
418,10:18:01,3.93,0.0,97,38138,卖盘
419,10:18:04,3.93,0.0,12,4718,卖盘
420,10:18:07,3.94,0.01,32,12578,买盘
421,10:18:16,3.94,0.0,10,3940,买盘
422,10:18:19,3.93,-0.01,86,33798,卖盘
423,10:18:25,3.93,0.0,50,19650,卖盘
424,10:18:43,3.94,0.01,1,394,买盘
425,10:18:46,3.94,0.0,14,5516,买盘
426,10:18:49,3.94,0.0,15,5910,买盘
427,10:18:55,3.94,0.0,8,3152,买盘
428,10:18:57,3.94,0.0,10,3940,买盘
429,10:19:12,3.93,-0.01,68,26734,卖盘
430,10:19:18,3.93,0.0,32,12576,卖盘
431,10:19:22,3.94,0.01,4,1576,买盘
432,10:19:24,3.94,0.0,8,3152,买盘
433,10:19:28,3.93,-0.01,205,80624,卖盘
434,10:19:31,3.94,0.01,16,6304,买盘
435,10:19:34,3.94,0.0,39,15356,买盘
436,10:19:36,3.94,0.0,6,2364,买盘
437,10:19:40,3.94,0.0,7,2758,买盘
438,10:19:42,3.94,0.0,47,18478,买盘
439,10:19:46,3.94,0.0,1,394,买盘
440,10:19:52,3.94,0.0,2,788,买盘
441,10:19:54,3.93,-0.01,16,6288,卖盘
442,10:20:04,3.93,0.0,60,23580,卖盘
443,10:20:13,3.93,0.0,50,19650,卖盘
444,10:20:25,3.93,0.0,40,15720,卖盘
445,10:20:31,3.93,0.0,918,360774,卖盘
446,10:20:34,3.93,0.0,71,27903,卖盘
447,10:20:52,3.93,0.0,13,5109,卖盘
448,10:20:54,3.93,0.0,20,7860,卖盘
449,10:21:07,3.93,0.0,126,49518,卖盘
450,10:21:10,3.93,0.0,60,23580,卖盘
451,10:21:16,3.93,0.0,87,34191,卖盘
452,10:21:25,3.94,0.01,1,394,买盘
453,10:21:31,3.93,-0.01,56,22008,卖盘
454,10:21:36,3.93,0.0,137,53841,卖盘
455,10:21:43,3.93,0.0,75,29475,卖盘
456,10:21:46,3.93,0.0,25,9825,卖盘
457,10:21:49,3.93,0.0,18,7074,卖盘
458,10:21:52,3.93,0.0,69,27196,卖盘
459,10:21:54,3.93,0.0,17,6681,卖盘
460,10:22:04,3.93,0.0,93,36549,卖盘
461,10:22:07,3.93,0.0,375,147376,卖盘
462,10:22:10,3.93,0.0,67,26252,卖盘
463,10:22:19,3.93,0.0,3,1179,买盘
464,10:22:24,3.92,-0.01,51,19994,卖盘
465,10:22:33,3.92,0.0,51,19992,卖盘
466,10:22:39,3.92,0.0,19,7448,卖盘
467,10:22:43,3.92,0.0,26,10192,卖盘
468,10:22:49,3.92,0.0,50,19630,卖盘
469,10:22:51,3.92,0.0,100,39200,卖盘
470,10:22:55,3.92,0.0,22,8624,卖盘
471,10:22:58,3.93,0.01,24,9432,买盘
472,10:23:01,3.93,0.0,19,7533,买盘
473,10:23:06,3.93,0.0,7,2751,卖盘
474,10:23:10,3.93,0.0,36,14069,卖盘
475,10:23:16,3.93,0.0,23,9118,买盘
476,10:23:21,3.93,0.0,40,15720,卖盘
477,10:23:28,3.93,0.0,4,1493,卖盘
478,10:23:31,3.93,0.0,1,393,买盘
479,10:23:34,3.93,0.0,1,393,买盘
480,10:23:37,3.92,-0.01,200,78401,卖盘
481,10:23:46,3.92,0.0,40,15680,卖盘
482,10:24:00,3.93,0.01,6,2358,买盘
483,10:24:04,3.93,0.0,41,16113,买盘
484,10:24:07,3.93,0.0,8,3144,买盘
485,10:24:10,3.93,0.0,8,3144,买盘
486,10:24:13,3.93,0.0,123,48279,买盘
487,10:24:16,3.93,0.0,89,34971,买盘
488,10:24:31,3.93,0.0,90,35370,卖盘
489,10:24:36,3.94,0.01,1,394,买盘
490,10:25:01,3.93,-0.01,36,14148,卖盘
491,10:25:07,3.95,0.02,700,275930,买盘
492,10:25:45,3.95,0.0,1,395,买盘
493,10:26:01,3.94,-0.01,46,18134,卖盘
494,10:26:04,3.95,0.01,126,49770,买盘
495,10:26:42,3.95,0.0,26,10270,卖盘
496,10:26:46,3.94,-0.01,306,120564,卖盘
497,10:26:49,3.95,0.01,18,7110,买盘
498,10:26:54,3.94,-0.01,130,51220,卖盘
499,10:26:58,3.94,0.0,20,7880,买盘
500,10:27:04,3.94,0.0,24,9456,买盘
501,10:27:09,3.93,-0.01,376,147768,卖盘
502,10:27:28,3.93,0.0,15,5895,卖盘
503,10:27:46,3.95,0.02,5,1975,买盘
504,10:28:48,3.95,0.0,51,20145,买盘
505,10:29:04,3.93,-0.02,12,4716,卖盘
506,10:29:19,3.95,0.02,5,1975,买盘
507,10:29:30,3.95,0.0,10,3950,买盘
508,10:29:36,3.94,-0.01,8,3152,买盘
509,10:29:46,3.94,0.0,46,18124,买盘
510,10:29:48,3.95,0.01,1153,455435,买盘
511,10:29:58,3.95,0.0,47,18565,卖盘
512,10:30:18,3.94,-0.01,51,20094,卖盘
513,10:30:27,3.95,0.01,189,74655,买盘
514,10:30:31,3.95,0.0,86,33970,卖盘
515,10:30:43,3.95,0.0,72,28440,卖盘
516,10:31:04,3.95,0.0,3,1185,卖盘
517,10:31:07,3.95,0.0,4,1580,卖盘
518,10:31:10,3.95,0.0,1,395,买盘
519,10:31:34,3.95,0.0,3,1185,买盘
520,10:31:46,3.95,0.0,2,790,买盘
521,10:31:49,3.95,0.0,2,790,买盘
522,10:31:52,3.95,0.0,2,790,买盘
523,10:31:55,3.95,0.0,1,395,买盘
524,10:31:58,3.95,0.0,2,790,买盘
525,10:32:01,3.95,0.0,2,790,买盘
526,10:32:04,3.95,0.0,1,395,买盘
527,10:32:06,3.95,0.0,1,395,买盘
528,10:32:09,3.95,0.0,1,395,买盘
529,10:32:13,3.95,0.0,1,395,买盘
530,10:32:16,3.95,0.0,1,395,买盘
531,10:32:18,3.95,0.0,1,395,买盘
532,10:32:24,3.95,0.0,23,9085,卖盘
533,10:32:27,3.95,0.0,2,790,买盘
534,10:32:40,3.95,0.0,5,1975,买盘
535,10:33:15,3.94,-0.01,60,23640,卖盘
536,10:33:22,3.94,0.0,2,788,卖盘
537,10:33:57,3.95,0.01,965,381175,买盘
538,10:34:30,3.95,0.0,47,18565,卖盘
539,10:34:34,3.95,0.0,1,395,卖盘
540,10:34:48,3.94,-0.01,19,7486,卖盘
541,10:34:52,3.94,0.0,7,2758,卖盘
542,10:35:28,3.95,0.01,10,3950,买盘
543,10:35:30,3.95,0.0,6,2370,买盘
544,10:35:37,3.95,0.0,3,1185,买盘
545,10:35:39,3.95,0.0,90,35550,买盘
546,10:36:13,3.95,0.0,8,3160,卖盘
547,10:36:19,3.96,0.01,193,76428,买盘
548,10:36:28,3.97,0.01,22,8732,买盘
549,10:37:01,3.97,0.0,40,15880,买盘
550,10:37:13,3.96,-0.01,33,13068,卖盘
551,10:37:40,3.96,0.0,52,20592,卖盘
552,10:38:01,3.96,0.0,10,3960,卖盘
553,10:38:28,3.97,0.01,22,8734,买盘
554,10:38:31,3.97,0.0,20,7940,买盘
555,10:40:07,3.96,-0.01,50,19800,卖盘
556,10:40:25,3.96,0.0,10,3960,卖盘
557,10:40:34,3.96,0.0,14,5544,卖盘
558,10:41:18,3.97,0.01,14,5558,买盘
559,10:42:13,3.96,-0.01,34,13464,卖盘
560,10:42:19,3.95,-0.01,153,60435,卖盘
561,10:43:15,3.96,0.01,67,26527,买盘
562,10:44:24,3.97,0.01,358,142126,买盘
563,10:44:43,3.97,0.0,17,6749,中性盘
564,10:44:49,3.96,-0.01,137,54252,卖盘
565,10:45:18,3.98,0.02,301,119788,买盘
566,10:45:37,3.96,-0.02,46,18246,卖盘
567,10:46:18,3.97,0.01,10,3970,买盘
568,10:46:27,3.97,0.0,33,13101,中性盘
569,10:46:36,3.96,-0.01,46,18216,卖盘
570,10:46:39,3.98,0.02,5,1990,买盘
571,10:47:37,3.97,-0.01,17,6749,卖盘
572,10:47:40,3.97,0.0,12,4764,买盘
573,10:47:45,3.97,0.0,17,6739,买盘
574,10:47:48,3.97,0.0,4,1588,买盘
575,10:47:51,3.97,0.0,8,3176,买盘
576,10:47:54,3.96,-0.01,40,15840,卖盘
577,10:48:15,3.96,0.0,20,7920,卖盘
578,10:48:21,3.96,0.0,10,3960,卖盘
579,10:48:24,3.96,0.0,590,233640,卖盘
580,10:48:37,3.96,0.0,14,5544,卖盘
581,10:48:42,3.96,0.0,27,10692,买盘
582,10:48:49,3.96,0.0,3,1188,买盘
583,10:48:54,3.96,0.0,2,792,买盘
584,10:49:36,3.95,-0.01,46,18170,卖盘
585,10:50:33,3.95,0.0,2,790,卖盘
586,10:50:36,3.95,0.0,46,18170,卖盘
587,10:50:49,3.96,0.01,2,792,买盘
588,10:51:37,3.95,-0.01,46,18170,卖盘
589,10:52:16,3.95,0.0,40,15800,卖盘
590,10:52:22,3.95,0.0,10,3950,卖盘
591,10:52:36,3.95,0.0,46,18170,卖盘
592,10:53:01,3.95,0.0,28,11060,卖盘
593,10:53:04,3.95,0.0,20,7900,卖盘
594,10:53:36,3.94,-0.01,46,18124,卖盘
595,10:53:39,3.95,0.01,5,1975,买盘
596,10:54:33,3.95,0.0,46,18170,买盘
597,10:54:36,3.94,-0.01,51,20099,卖盘
598,10:54:49,3.94,0.0,5,1970,卖盘
599,10:55:00,3.95,0.01,20,7900,买盘
600,10:55:09,3.95,0.0,165,65175,买盘
601,10:55:34,3.95,0.0,35,13825,卖盘
602,10:55:39,3.94,-0.01,46,18124,卖盘
603,10:55:48,3.94,0.0,4,1576,卖盘
604,10:55:52,3.95,0.01,1,395,买盘
605,10:55:54,3.94,-0.01,12,4728,卖盘
606,10:56:00,3.95,0.01,1,395,买盘
607,10:56:15,3.95,0.0,1,395,买盘
608,10:56:18,3.95,0.0,1,395,买盘
609,10:56:21,3.95,0.0,8,3160,买盘
610,10:56:24,3.96,0.01,18,7104,买盘
611,10:56:28,3.96,0.0,3,1188,买盘
612,10:56:37,3.94,-0.02,46,18124,卖盘
613,10:57:25,3.95,0.01,4,1580,卖盘
614,10:57:31,3.96,0.01,3,1188,买盘
615,10:57:37,3.95,-0.01,46,18170,卖盘
616,10:57:43,3.98,0.03,2000,795453,买盘
617,10:57:45,3.95,-0.03,5,1975,卖盘
618,10:58:10,3.96,0.01,11,4356,卖盘
619,10:58:22,3.98,0.02,10,3980,买盘
620,10:58:31,3.98,0.0,2,796,买盘
621,10:58:36,3.96,-0.02,46,18216,卖盘
622,10:59:00,3.96,0.0,4,1584,卖盘
623,10:59:36,3.97,0.01,17,6749,卖盘
624,11:00:01,3.97,0.0,10,3970,卖盘
625,11:00:48,3.98,0.01,6,2388,买盘
626,11:00:54,3.98,0.0,11,4378,买盘
627,11:01:00,3.97,-0.01,74,29378,卖盘
628,11:01:04,3.97,0.0,13,5161,卖盘
629,11:01:09,3.97,0.0,20,7940,中性盘
630,11:01:12,3.97,0.0,2,794,中性盘
631,11:01:37,3.96,-0.01,1,396,卖盘
632,11:02:36,3.97,0.01,8,3176,买盘
633,11:02:42,3.97,0.0,12,4764,卖盘
634,11:02:48,3.98,0.01,20,7960,买盘
635,11:04:06,3.98,0.0,304,120992,买盘
636,11:04:10,3.98,0.0,1,398,卖盘
637,11:04:37,3.99,0.01,337,134463,买盘
638,11:04:42,3.98,-0.01,20,7960,卖盘
639,11:04:49,3.99,0.01,28,11172,买盘
640,11:05:07,3.99,0.0,213,84987,买盘
641,11:05:33,3.99,0.0,6,2394,买盘
642,11:05:37,3.99,0.0,4,1596,卖盘
643,11:05:49,3.99,0.0,7,2793,买盘
644,11:05:57,3.99,0.0,2,798,买盘
645,11:06:04,3.99,0.0,16,6384,买盘
646,11:06:18,3.99,0.0,8,3192,买盘
647,11:06:39,3.99,0.0,10,3990,买盘
648,11:06:49,3.98,-0.01,87,34626,卖盘
649,11:06:54,3.98,0.0,37,14726,卖盘
650,11:06:58,3.98,0.0,1,398,卖盘
651,11:07:36,3.98,0.0,12,4776,卖盘
652,11:07:42,3.97,-0.01,22,8754,卖盘
653,11:08:51,3.99,0.02,230,91620,买盘
654,11:09:58,3.99,0.0,3,1197,买盘
655,11:10:06,3.99,0.0,10,3990,买盘
656,11:10:31,3.98,-0.01,108,42984,买盘
657,11:10:33,3.98,0.0,192,76416,卖盘
658,11:10:55,3.97,-0.01,196,77812,卖盘
659,11:12:34,3.97,0.0,369,146493,卖盘
660,11:12:46,3.97,0.0,45,17865,买盘
661,11:13:10,3.98,0.01,60,23869,买盘
662,11:13:16,3.97,-0.01,12,4764,买盘
663,11:13:19,3.97,0.0,6,2382,买盘
664,11:13:22,3.97,0.0,1,397,卖盘
665,11:13:25,3.97,0.0,8,3176,卖盘
666,11:14:04,3.96,-0.01,15,5940,卖盘
667,11:14:15,3.96,0.0,65,25740,卖盘
668,11:14:18,3.97,0.01,13,5161,买盘
669,11:14:28,3.96,-0.01,612,242352,卖盘
670,11:14:57,3.96,0.0,5,1980,卖盘
671,11:15:07,3.96,0.0,259,102564,卖盘
672,11:15:28,3.96,0.0,7,2772,买盘
673,11:15:52,3.96,0.0,167,66132,卖盘
674,11:16:09,3.97,0.01,43,17052,买盘
675,11:16:25,3.96,-0.01,23,9108,买盘
676,11:16:43,3.95,-0.01,10,3950,卖盘
677,11:16:54,3.95,0.0,50,19750,卖盘
678,11:17:34,3.97,0.02,1,397,买盘
679,11:17:45,3.96,-0.01,34,13464,卖盘
680,11:18:07,3.96,0.0,61,24156,卖盘
681,11:18:49,3.95,-0.01,1,395,卖盘
682,11:18:55,3.97,0.02,103,40891,买盘
683,11:19:31,3.96,-0.01,2,792,买盘
684,11:19:40,3.96,0.0,6,2376,买盘
685,11:19:43,3.96,0.0,85,33660,买盘
686,11:20:16,3.96,0.0,180,71280,卖盘
687,11:20:37,3.96,0.0,10,3960,卖盘
688,11:21:00,3.96,0.0,90,35640,卖盘
689,11:21:28,3.96,0.0,5,1980,买盘
690,11:22:06,3.96,0.0,5,1980,卖盘
691,11:22:39,3.96,0.0,150,59400,卖盘
692,11:22:55,3.98,0.02,700,278592,买盘
693,11:24:00,3.96,-0.02,42,16632,卖盘
694,11:24:42,3.96,0.0,2,792,卖盘
695,11:24:51,3.97,0.01,2,794,中性盘
696,11:26:15,3.96,-0.01,127,50292,卖盘
697,11:26:27,3.95,-0.01,210,82950,卖盘
698,11:26:30,3.96,0.01,250,99000,买盘
699,11:26:45,3.96,0.0,6,2376,买盘
700,11:26:57,3.96,0.0,13,5148,中性盘
701,11:27:00,3.95,-0.01,21,8295,卖盘
702,11:27:09,3.95,0.0,220,87493,卖盘
703,11:27:18,3.98,0.03,202,79796,买盘
704,11:27:45,3.95,-0.03,10,3950,卖盘
705,11:28:09,3.95,0.0,1,395,卖盘
706,11:28:33,3.98,0.03,87,34626,买盘
707,11:28:57,3.95,-0.03,8,3160,卖盘
708,11:29:12,3.96,0.01,30,11880,卖盘
709,13:00:04,3.96,0.0,31,12276,卖盘
710,13:00:09,3.96,0.0,20,7920,卖盘
711,13:00:15,3.97,0.01,12,4764,买盘
712,13:00:39,3.97,0.0,10,3970,买盘
713,13:01:12,3.97,0.0,21,8337,买盘
714,13:03:36,3.97,0.0,9,3573,买盘
715,13:03:48,3.96,-0.01,10,3960,卖盘
716,13:03:57,3.96,0.0,18,7128,卖盘
717,13:04:04,3.96,0.0,39,15444,卖盘
718,13:05:00,3.96,0.0,55,21780,卖盘
719,13:05:30,3.96,0.0,43,17028,卖盘
720,13:06:39,3.96,0.0,5,1980,卖盘
721,13:07:42,3.96,0.0,7,2772,卖盘
722,13:08:00,3.96,0.0,1,396,卖盘
723,13:08:37,3.97,0.01,17,6749,买盘
724,13:08:45,3.96,-0.01,16,6336,卖盘
725,13:09:03,3.97,0.01,4,1588,买盘
726,13:09:54,3.96,-0.01,339,134244,卖盘
727,13:11:04,3.96,0.0,58,22968,买盘
728,13:11:06,3.95,-0.01,11,4345,卖盘
729,13:11:43,3.96,0.01,3,1188,买盘
730,13:11:48,3.96,0.0,84,33264,买盘
731,13:11:51,3.96,0.0,18,7128,买盘
732,13:12:09,3.96,0.0,50,19800,买盘
733,13:12:12,3.96,0.0,2,792,买盘
734,13:12:24,3.96,0.0,55,21780,买盘
735,13:12:40,3.95,-0.01,20,7900,卖盘
736,13:12:45,3.96,0.01,2,792,买盘
737,13:12:57,3.96,0.0,16,6336,卖盘
738,13:13:30,3.97,0.01,3,1191,买盘
739,13:13:33,3.96,-0.01,2,792,卖盘
740,13:13:39,3.96,0.0,8,3168,卖盘
741,13:13:54,3.97,0.01,77,30569,买盘
742,13:14:39,3.97,0.0,40,15880,买盘
743,13:14:42,3.97,0.0,51,20247,买盘
744,13:15:03,3.96,-0.01,2,792,卖盘
745,13:15:12,3.97,0.01,17,6749,买盘
746,13:15:58,3.97,0.0,38,15086,买盘
747,13:16:06,3.97,0.0,3,1189,买盘
748,13:16:13,3.97,0.0,2,794,买盘
749,13:17:18,3.96,-0.01,2,792,卖盘
750,13:17:52,3.96,0.0,30,11880,卖盘
751,13:17:54,3.96,0.0,9,3564,卖盘
752,13:18:10,3.96,0.0,2,792,卖盘
753,13:18:24,3.96,0.0,50,19800,卖盘
754,13:18:51,3.97,0.01,17,6749,买盘
755,13:19:10,3.96,-0.01,1,396,卖盘
756,13:19:21,3.97,0.01,1,397,买盘
757,13:19:30,3.97,0.0,10,3970,买盘
758,13:19:54,3.96,-0.01,76,30096,卖盘
759,13:20:04,3.96,0.0,5,1980,卖盘
760,13:20:06,3.96,0.0,7,2772,卖盘
761,13:21:15,3.96,0.0,2,792,卖盘
762,13:21:46,3.96,0.0,22,8722,卖盘
763,13:22:13,3.96,0.0,2,792,卖盘
764,13:22:16,3.97,0.01,5,1985,买盘
765,13:22:18,3.96,-0.01,23,9108,卖盘
766,13:23:04,3.96,0.0,2,792,卖盘
767,13:23:25,3.96,0.0,3,1188,卖盘
768,13:23:36,3.96,0.0,25,9900,卖盘
769,13:23:43,3.97,0.01,63,25011,买盘
770,13:24:07,3.96,-0.01,2,792,卖盘
771,13:24:15,3.96,0.0,76,30096,卖盘
772,13:25:13,3.96,0.0,2,792,卖盘
773,13:25:18,3.98,0.02,800,317601,买盘
774,13:25:45,3.97,-0.01,11,4367,中性盘
775,13:26:00,3.97,0.0,8,3176,买盘
776,13:26:06,3.97,0.0,7,2779,卖盘
777,13:26:22,3.97,0.0,22,8734,卖盘
778,13:26:42,3.97,0.0,300,119100,买盘
779,13:27:15,3.96,-0.01,2,792,卖盘
780,13:27:30,3.96,0.0,2,792,卖盘
781,13:27:36,3.96,0.0,15,5940,卖盘
782,13:27:45,3.96,0.0,6,2376,卖盘
783,13:28:09,3.97,0.01,64,25406,买盘
784,13:28:21,3.96,-0.01,1,396,卖盘
785,13:28:39,3.96,0.0,4,1584,卖盘
786,13:28:49,3.97,0.01,50,19850,买盘
787,13:29:13,3.96,-0.01,1,396,卖盘
788,13:30:09,3.96,0.0,2,792,卖盘
789,13:30:28,3.98,0.02,69,27437,买盘
790,13:30:36,3.96,-0.02,1,396,卖盘
791,13:31:04,3.96,0.0,2,792,卖盘
792,13:31:12,3.96,0.0,66,26136,卖盘
793,13:31:28,3.97,0.01,20,7940,买盘
794,13:31:51,3.97,0.0,3,1191,买盘
795,13:31:55,3.96,-0.01,76,30096,卖盘
796,13:32:04,3.96,0.0,50,19800,卖盘
797,13:32:10,3.96,0.0,3,1188,卖盘
798,13:32:13,3.96,0.0,50,19800,卖盘
799,13:32:22,3.96,0.0,52,20592,卖盘
800,13:32:28,3.96,0.0,8,3168,卖盘
801,13:32:37,3.96,0.0,30,11880,卖盘
802,13:33:16,3.96,0.0,2,792,卖盘
803,13:33:28,3.96,0.0,60,23760,卖盘
804,13:33:33,3.96,0.0,14,5544,卖盘
805,13:34:01,3.96,0.0,10,3960,卖盘
806,13:34:04,3.96,0.0,2,792,卖盘
807,13:34:21,3.97,0.01,1,397,买盘
808,13:34:52,3.97,0.0,100,39700,买盘
809,13:34:55,3.97,0.0,31,12307,买盘
810,13:35:18,3.96,-0.01,2,792,卖盘
811,13:35:55,3.96,0.0,6,2376,卖盘
812,13:36:13,3.96,0.0,2,792,卖盘
813,13:36:24,3.96,0.0,5,1980,卖盘
814,13:36:45,3.96,0.0,6,2376,卖盘
815,13:36:48,3.96,0.0,130,51480,卖盘
816,13:37:04,3.96,0.0,106,41976,卖盘
817,13:37:19,3.96,0.0,2,792,卖盘
818,13:37:22,3.96,0.0,6,2376,卖盘
819,13:37:24,3.96,0.0,50,19800,卖盘
820,13:37:27,3.96,0.0,13,5148,卖盘
821,13:37:30,3.96,0.0,9,3564,卖盘
822,13:37:43,3.96,0.0,209,82764,卖盘
823,13:38:15,3.95,-0.01,1,395,卖盘
824,13:38:51,3.95,0.0,5,1975,卖盘
825,13:38:58,3.95,0.0,85,33575,卖盘
826,13:39:06,3.95,0.0,2,790,卖盘
827,13:39:48,3.95,0.0,5,1975,卖盘
828,13:40:04,3.95,0.0,5,1975,卖盘
829,13:40:06,3.95,0.0,2,790,卖盘
830,13:40:18,3.97,0.02,23,9131,买盘
831,13:40:24,3.95,-0.02,1,395,卖盘
832,13:40:30,3.96,0.01,6,2376,中性盘
833,13:41:07,3.95,-0.01,3,1185,卖盘
834,13:41:12,3.97,0.02,30,11910,买盘
835,13:41:16,3.95,-0.02,2,790,卖盘
836,13:42:04,3.95,0.0,1,395,卖盘
837,13:42:15,3.95,0.0,2,790,卖盘
838,13:42:25,3.96,0.01,34,13464,买盘
839,13:42:46,3.96,0.0,3,1188,买盘
840,13:43:21,3.95,-0.01,2,790,卖盘
841,13:43:33,3.95,0.0,5,1975,卖盘
842,13:43:36,3.96,0.01,24,9504,买盘
843,13:43:40,3.95,-0.01,10,3950,卖盘
844,13:43:42,3.96,0.01,3,1188,买盘
845,13:44:07,3.95,-0.01,2,790,卖盘
846,13:45:01,3.95,0.0,100,39500,卖盘
847,13:45:16,3.95,0.0,2,790,卖盘
848,13:45:22,3.95,0.0,17,6715,卖盘
849,13:45:37,3.95,0.0,50,19750,卖盘
850,13:45:58,3.95,0.0,39,15405,卖盘
851,13:46:01,3.95,0.0,17,6715,卖盘
852,13:46:10,3.95,0.0,10,3950,卖盘
853,13:46:22,3.95,0.0,3,1185,卖盘
854,13:46:25,3.95,0.0,2,790,卖盘
855,13:46:52,3.95,0.0,83,32785,卖盘
856,13:47:13,3.95,0.0,30,11850,卖盘
857,13:47:16,3.95,0.0,349,137855,卖盘
858,13:47:22,3.95,0.0,439,173405,卖盘
859,13:47:25,3.95,0.0,92,36340,卖盘
860,13:47:36,3.94,-0.01,1,394,卖盘
861,13:47:49,3.94,0.0,216,85104,卖盘
862,13:47:52,3.95,0.01,25,9875,买盘
863,13:47:55,3.94,-0.01,279,109926,卖盘
864,13:47:58,3.94,0.0,10,3940,卖盘
865,13:48:04,3.94,0.0,8,3152,卖盘
866,13:48:06,3.94,0.0,20,7880,卖盘
867,13:48:12,3.94,0.0,5,1970,卖盘
868,13:48:16,3.94,0.0,2,788,卖盘
869,13:48:21,3.94,0.0,1,394,卖盘
870,13:48:52,3.94,0.0,147,57918,卖盘
871,13:48:58,3.94,0.0,147,57918,卖盘
872,13:49:04,3.94,0.0,30,11820,中性盘
873,13:49:19,3.94,0.0,50,19700,中性盘
874,13:49:21,3.93,-0.01,2,786,卖盘
875,13:49:52,3.94,0.01,7,2758,卖盘
876,13:50:27,3.94,0.0,27,10638,卖盘
877,13:51:18,3.94,0.0,70,27580,卖盘
878,13:51:25,3.94,0.0,41,16152,买盘
879,13:51:43,3.94,0.0,181,71314,买盘
880,13:52:07,3.94,0.0,65,25610,卖盘
881,13:52:22,3.94,0.0,2,788,卖盘
882,13:52:34,3.95,0.01,3,1185,买盘
883,13:52:40,3.95,0.0,18,7110,买盘
884,13:52:42,3.95,0.0,34,13430,买盘
885,13:52:52,3.95,0.0,56,22120,买盘
886,13:53:00,3.95,0.0,25,9875,中性盘
887,13:53:04,3.94,-0.01,504,198580,卖盘
888,13:53:09,3.94,0.0,1,394,卖盘
889,13:53:12,3.94,0.0,12,4738,卖盘
890,13:53:16,3.94,0.0,38,14972,卖盘
891,13:53:19,3.94,0.0,6,2364,买盘
892,13:53:22,3.94,0.0,193,76042,买盘
893,13:53:37,3.95,0.01,8,3160,买盘
894,13:53:42,3.95,0.0,42,16590,买盘
895,13:53:46,3.95,0.0,10,3950,卖盘
896,13:53:48,3.95,0.0,12,4740,卖盘
897,13:53:57,3.96,0.01,210,83151,买盘
898,13:54:01,3.95,-0.01,524,207455,卖盘
899,13:54:04,3.95,0.0,1,395,买盘
900,13:54:25,3.94,-0.01,2,788,卖盘
901,13:54:28,3.97,0.03,17,6747,买盘
902,13:54:30,3.96,-0.01,6,2376,买盘
903,13:55:04,3.95,-0.01,5,1975,卖盘
904,13:55:13,3.97,0.02,353,140112,买盘
905,13:55:19,3.95,-0.02,1,395,卖盘
906,13:56:07,3.95,0.0,3,1185,卖盘
907,13:56:18,3.95,0.0,2,790,卖盘
908,13:56:34,3.95,0.0,1,395,卖盘
909,13:57:06,3.95,0.0,2,790,卖盘
910,13:57:18,3.95,0.0,35,13825,卖盘
911,13:58:21,3.94,-0.01,12,4728,卖盘
912,13:58:24,3.94,0.0,2,788,卖盘
913,13:58:30,3.95,0.01,5,1975,买盘
914,13:58:42,3.95,0.0,19,7505,买盘
915,13:58:51,3.95,0.0,1,395,买盘
916,13:58:57,3.95,0.0,56,22120,买盘
917,13:59:21,3.95,0.0,2,790,中性盘
918,13:59:36,3.95,0.0,11,4345,卖盘
919,14:00:07,3.95,0.0,13,5135,买盘
920,14:00:15,3.94,-0.01,2,788,卖盘
921,14:00:45,3.96,0.02,1,396,买盘
922,14:01:04,3.95,-0.01,135,53325,卖盘
923,14:01:10,3.95,0.0,14,5530,卖盘
924,14:01:19,3.94,-0.01,2,788,卖盘
925,14:01:25,3.94,0.0,3,1182,卖盘
926,14:01:27,3.94,0.0,17,6698,卖盘
927,14:01:30,3.94,0.0,9,3546,卖盘
928,14:01:36,3.94,0.0,5,1970,卖盘
929,14:01:46,3.95,0.01,39,15402,买盘
930,14:01:55,3.94,-0.01,4,1577,卖盘
931,14:02:13,3.94,0.0,2,788,卖盘
932,14:02:21,3.94,0.0,50,19700,卖盘
933,14:02:28,3.94,0.0,8,3152,卖盘
934,14:02:34,3.94,0.0,173,68162,卖盘
935,14:02:49,3.95,0.01,19,7505,买盘
936,14:02:55,3.94,-0.01,5,1970,卖盘
937,14:03:04,3.94,0.0,240,94560,卖盘
938,14:03:10,3.94,0.0,1,394,卖盘
939,14:03:16,3.94,0.0,5,1970,卖盘
940,14:03:19,3.94,0.0,10,3940,卖盘
941,14:04:01,3.94,0.0,70,27580,卖盘
942,14:04:04,3.94,0.0,2,788,买盘
943,14:04:15,3.93,-0.01,4,1574,卖盘
944,14:04:28,3.93,0.0,10,3930,卖盘
945,14:04:34,3.94,0.01,9,3546,买盘
946,14:04:36,3.94,0.0,16,6295,买盘
947,14:04:39,3.94,0.0,2,788,买盘
948,14:04:55,3.94,0.0,89,35066,买盘
949,14:05:10,3.94,0.0,2,788,卖盘
950,14:05:18,3.94,0.0,18,7092,卖盘
951,14:05:52,3.94,0.0,16,6304,买盘
952,14:06:09,3.94,0.0,2,788,卖盘
953,14:06:24,3.94,0.0,14,5516,卖盘
954,14:06:30,3.94,0.0,16,6304,卖盘
955,14:06:37,3.95,0.01,167,65965,买盘
956,14:06:46,3.94,-0.01,10,3940,卖盘
957,14:07:03,3.94,0.0,10,3940,卖盘
958,14:07:12,3.94,0.0,2,788,卖盘
959,14:07:22,3.95,0.01,409,161555,买盘
960,14:07:24,3.95,0.0,76,30020,卖盘
961,14:07:30,3.95,0.0,12,4740,卖盘
962,14:07:33,3.95,0.0,10,3950,卖盘
963,14:07:36,3.95,0.0,12,4740,卖盘
964,14:07:40,3.95,0.0,12,4740,卖盘
965,14:07:43,3.95,0.0,7,2765,卖盘
966,14:07:46,3.95,0.0,5,1975,卖盘
967,14:08:16,3.95,0.0,2,790,卖盘
968,14:08:19,3.95,0.0,53,20935,卖盘
969,14:08:22,3.95,0.0,10,3950,卖盘
970,14:08:34,3.95,0.0,31,12245,卖盘
971,14:08:43,3.94,-0.01,492,193848,卖盘
972,14:08:58,3.94,0.0,9,3546,买盘
973,14:09:01,3.94,0.0,3,1182,卖盘
974,14:09:09,3.94,0.0,5,1970,中性盘
975,14:09:46,3.95,0.01,5,1975,买盘
976,14:10:00,3.94,-0.01,5,1970,卖盘
977,14:10:18,3.94,0.0,2,788,卖盘
978,14:10:34,3.94,0.0,212,83528,卖盘
979,14:10:39,3.94,0.0,12,4728,卖盘
980,14:11:01,3.95,0.01,27,10665,买盘
981,14:11:06,3.94,-0.01,3,1182,卖盘
982,14:11:18,3.94,0.0,42,16548,卖盘
983,14:11:49,3.95,0.01,8,3160,买盘
984,14:12:13,3.94,-0.01,2,788,卖盘
985,14:12:19,3.94,0.0,24,9456,卖盘
986,14:12:34,3.94,0.0,9,3546,卖盘
987,14:13:06,3.94,0.0,118,46492,卖盘
988,14:13:19,3.94,0.0,92,36248,卖盘
989,14:13:28,3.95,0.01,30,11850,买盘
990,14:13:49,3.95,0.0,15,5925,买盘
991,14:14:00,3.94,-0.01,183,72255,卖盘
992,14:14:06,3.94,0.0,1,394,卖盘
993,14:14:13,3.94,0.0,8,3152,卖盘
994,14:14:45,3.94,0.0,20,7880,卖盘
995,14:15:19,3.95,0.01,5,1975,买盘
996,14:15:21,3.94,-0.01,2,788,卖盘
997,14:16:00,3.95,0.01,15,5925,买盘
998,14:16:10,3.94,-0.01,1,394,卖盘
999,14:16:15,3.95,0.01,3,1185,买盘
1000,14:16:22,3.94,-0.01,2,788,卖盘
1001,14:16:25,3.94,0.0,45,17730,卖盘
1002,14:16:31,3.95,0.01,10,3950,买盘
1003,14:17:16,3.94,-0.01,2,788,卖盘
1004,14:17:22,3.94,0.0,48,18912,卖盘
1005,14:17:27,3.94,0.0,8,3152,卖盘
1006,14:17:31,3.94,0.0,30,11820,卖盘
1007,14:17:33,3.94,0.0,143,56342,卖盘
1008,14:17:37,3.94,0.0,5,1970,卖盘
1009,14:17:58,3.94,0.0,93,36642,卖盘
1010,14:18:19,3.93,-0.01,12,4726,卖盘
1011,14:18:22,3.93,0.0,50,19650,卖盘
1012,14:18:46,3.93,0.0,28,11004,卖盘
1013,14:19:01,3.93,0.0,14,5502,卖盘
1014,14:19:07,3.93,0.0,2,786,卖盘
1015,14:19:22,3.93,0.0,139,54746,卖盘
1016,14:19:30,3.93,0.0,18,7074,卖盘
1017,14:19:39,3.93,0.0,815,320295,卖盘
1018,14:19:55,3.93,0.0,429,168597,卖盘
1019,14:19:58,3.94,0.01,328,128924,买盘
1020,14:20:01,3.93,-0.01,202,79386,卖盘
1021,14:20:06,3.93,0.0,60,23580,卖盘
1022,14:20:13,3.93,0.0,100,39300,卖盘
1023,14:20:19,3.93,0.0,2,786,买盘
1024,14:20:22,3.92,-0.01,2,784,卖盘
1025,14:20:25,3.93,0.01,30,11790,买盘
1026,14:20:28,3.92,-0.01,1023,401091,卖盘
1027,14:20:31,3.92,0.0,800,313600,买盘
1028,14:20:37,3.92,0.0,37,14511,卖盘
1029,14:20:52,3.93,0.01,11,4323,卖盘
1030,14:20:58,3.93,0.0,233,91758,卖盘
1031,14:21:01,3.93,0.0,1,393,买盘
1032,14:21:04,3.93,0.0,115,45117,买盘
1033,14:21:13,3.93,0.0,107,42051,买盘
1034,14:21:18,3.93,0.0,159,62487,买盘
1035,14:21:21,3.93,0.0,10,3930,中性盘
1036,14:21:28,3.93,0.0,1,393,卖盘
1037,14:22:07,3.94,0.01,3,1182,卖盘
1038,14:22:09,3.94,0.0,15,5910,卖盘
1039,14:22:13,3.93,-0.01,49,19269,卖盘
1040,14:22:28,3.94,0.01,3,1182,买盘
1041,14:22:40,3.93,-0.01,50,19650,卖盘
1042,14:22:43,3.94,0.01,10,3940,买盘
1043,14:22:55,3.94,0.0,30,11820,买盘
1044,14:23:06,3.94,0.0,27,10638,买盘
1045,14:23:09,3.94,0.0,4,1576,卖盘
1046,14:23:16,3.94,0.0,1,394,卖盘
1047,14:23:25,3.93,-0.01,2,786,卖盘
1048,14:23:51,3.93,0.0,23,9039,卖盘
1049,14:24:01,3.93,0.0,1,393,卖盘
1050,14:24:13,3.93,0.0,17,6681,卖盘
1051,14:24:16,3.93,0.0,2,786,卖盘
1052,14:24:27,3.94,0.01,2,788,买盘
1053,14:24:37,3.94,0.0,92,36248,买盘
1054,14:24:49,3.94,0.0,7,2758,买盘
1055,14:25:07,3.94,0.0,2,788,买盘
1056,14:25:13,3.93,-0.01,40,15720,卖盘
1057,14:25:28,3.93,0.0,7,2756,卖盘
1058,14:25:58,3.94,0.01,9,3546,买盘
1059,14:26:01,3.93,-0.01,46,18078,卖盘
1060,14:26:06,3.93,0.0,3,1179,卖盘
1061,14:26:10,3.93,0.0,1,393,卖盘
1062,14:26:19,3.93,0.0,20,7860,卖盘
1063,14:26:22,3.93,0.0,79,31047,卖盘
1064,14:26:34,3.93,0.0,20,7860,卖盘
1065,14:27:40,3.94,0.01,2,788,买盘
1066,14:28:55,3.94,0.0,10,3940,买盘
1067,14:29:01,3.94,0.0,76,29944,买盘
1068,14:29:06,3.94,0.0,275,108350,买盘
1069,14:30:06,3.95,0.01,7,2765,买盘
1070,14:30:12,3.95,0.0,48,18960,买盘
1071,14:31:07,3.95,0.0,20,7900,买盘
1072,14:31:09,3.94,-0.01,216,85290,卖盘
1073,14:31:19,3.94,0.0,33,13002,卖盘
1074,14:32:42,3.95,0.01,80,31600,买盘
1075,14:33:07,3.95,0.0,51,20145,买盘
1076,14:33:43,3.95,0.0,4,1580,买盘
1077,14:33:58,3.94,-0.01,1,394,卖盘
1078,14:35:04,3.95,0.01,7,2765,买盘
1079,14:35:49,3.95,0.0,4,1580,买盘
1080,14:36:31,3.94,-0.01,4,1576,卖盘
1081,14:36:36,3.94,0.0,23,9062,卖盘
1082,14:36:55,3.95,0.01,17,6715,买盘
1083,14:37:16,3.94,-0.01,120,47280,卖盘
1084,14:37:19,3.94,0.0,11,4334,卖盘
1085,14:37:24,3.94,0.0,15,5910,卖盘
1086,14:37:46,3.94,0.0,36,14184,卖盘
1087,14:37:49,3.94,0.0,72,28368,卖盘
1088,14:37:54,3.94,0.0,552,217488,卖盘
1089,14:37:58,3.94,0.0,20,7880,卖盘
1090,14:38:04,3.94,0.0,10,3940,卖盘
1091,14:38:43,3.94,0.0,26,10244,卖盘
1092,14:38:45,3.94,0.0,70,27580,卖盘
1093,14:38:57,3.94,0.0,43,16942,卖盘
1094,14:39:19,3.94,0.0,1,394,卖盘
1095,14:39:34,3.94,0.0,2,788,卖盘
1096,14:40:13,3.94,0.0,100,39400,卖盘
1097,14:40:28,3.94,0.0,40,15760,卖盘
1098,14:40:40,3.94,0.0,27,10638,卖盘
1099,14:41:06,3.94,0.0,1,394,卖盘
1100,14:41:10,3.94,0.0,57,22458,卖盘
1101,14:41:31,3.93,-0.01,64,25152,卖盘
1102,14:41:34,3.94,0.01,42,16548,买盘
1103,14:41:55,3.93,-0.01,146,57378,卖盘
1104,14:42:22,3.94,0.01,39,15366,买盘
1105,14:42:30,3.93,-0.01,63,24791,卖盘
1106,14:42:33,3.93,0.0,453,178029,卖盘
1107,14:42:37,3.93,0.0,201,78999,卖盘
1108,14:43:22,3.93,0.0,50,19678,卖盘
1109,14:43:55,3.93,0.0,1,393,卖盘
1110,14:44:07,3.93,0.0,22,8646,卖盘
1111,14:44:10,3.93,0.0,5,1965,卖盘
1112,14:44:19,3.93,0.0,5,1965,卖盘
1113,14:44:22,3.93,0.0,10,3930,卖盘
1114,14:44:25,3.93,0.0,1,393,卖盘
1115,14:44:28,3.93,0.0,30,11790,卖盘
1116,14:44:36,3.93,0.0,1,393,卖盘
1117,14:44:58,3.93,0.0,20,7860,卖盘
1118,14:45:04,3.93,0.0,55,21615,卖盘
1119,14:45:19,3.94,0.01,6,2364,买盘
1120,14:45:21,3.93,-0.01,362,142266,卖盘
1121,14:45:37,3.93,0.0,100,39300,卖盘
1122,14:45:54,3.93,0.0,100,39300,卖盘
1123,14:45:57,3.93,0.0,13,5109,卖盘
1124,14:46:01,3.94,0.01,44,17336,买盘
1125,14:46:25,3.94,0.0,275,108350,买盘
1126,14:46:34,3.94,0.0,16,6304,卖盘
1127,14:47:18,3.94,0.0,200,78800,卖盘
1128,14:47:21,3.94,0.0,10,3940,卖盘
1129,14:47:31,3.93,-0.01,13,5109,卖盘
1130,14:47:34,3.94,0.01,20,7880,买盘
1131,14:47:58,3.95,0.01,20,7900,买盘
1132,14:48:10,3.94,-0.01,5,1970,卖盘
1133,14:48:28,3.95,0.01,12,4740,买盘
1134,14:48:52,3.95,0.0,34,13416,买盘
1135,14:49:00,3.94,-0.01,102,40267,卖盘
1136,14:49:04,3.95,0.01,61,24095,买盘
1137,14:49:19,3.95,0.0,400,158000,买盘
1138,14:49:22,3.95,0.0,3,1185,买盘
1139,14:49:25,3.95,0.0,5,1975,买盘
1140,14:49:28,3.94,-0.01,5,1970,卖盘
1141,14:49:36,3.95,0.01,48,18960,买盘
1142,14:49:43,3.95,0.0,10,3950,买盘
1143,14:50:04,3.95,0.0,654,258320,买盘
1144,14:50:16,3.95,0.01,50,19750,买盘
1145,14:50:27,3.95,0.0,10,3950,卖盘
1146,14:50:31,3.95,0.0,1,395,卖盘
1147,14:50:49,3.96,0.01,50,19800,买盘
1148,14:50:55,3.95,-0.01,86,33970,卖盘
1149,14:51:01,3.95,0.0,1,395,卖盘
1150,14:51:06,3.95,0.0,20,7900,卖盘
1151,14:51:12,3.96,0.01,34,13464,买盘
1152,14:51:15,3.95,-0.01,155,61225,卖盘
1153,14:51:19,3.96,0.01,222,87912,买盘
1154,14:51:34,3.96,0.0,32,12672,卖盘
1155,14:51:37,3.96,0.0,15,5940,卖盘
1156,14:51:43,3.95,-0.01,113,44635,卖盘
1157,14:51:46,3.95,0.0,116,45820,买盘
1158,14:51:49,3.95,0.0,269,106255,买盘
1159,14:52:04,3.96,0.01,1,396,买盘
1160,14:52:10,3.95,-0.01,8,3160,卖盘
1161,14:52:37,3.96,0.01,300,118800,买盘
1162,14:52:40,3.95,-0.01,20,7900,卖盘
1163,14:53:01,3.96,0.0,4,1584,卖盘
1164,14:53:04,3.96,0.0,27,10692,卖盘
1165,14:53:06,3.96,0.0,15,5924,卖盘
1166,14:53:19,3.96,0.0,399,158004,买盘
1167,14:53:27,3.96,0.0,5,1980,买盘
1168,14:53:37,3.96,0.0,40,15840,买盘
1169,14:53:40,3.96,0.0,32,12672,买盘
1170,14:53:43,3.96,0.0,10,3960,买盘
1171,14:53:48,3.95,-0.01,20,7900,卖盘
1172,14:53:52,3.96,0.01,200,79200,买盘
1173,14:53:58,3.96,0.0,41,16252,买盘
1174,14:54:04,3.97,0.01,55,21835,买盘
1175,14:54:34,3.96,-0.01,189,74869,卖盘
1176,14:54:40,3.96,0.0,8,3168,卖盘
1177,14:54:43,3.96,0.0,113,44732,卖盘
1178,14:54:46,3.96,0.0,6,2376,买盘
1179,14:54:55,3.96,0.0,103,40788,买盘
1180,14:55:01,3.96,0.0,202,79992,买盘
1181,14:55:09,3.95,-0.01,45,17775,卖盘
1182,14:55:13,3.95,0.0,40,15800,卖盘
1183,14:55:15,3.96,0.01,44,17424,买盘
1184,14:55:18,3.96,0.0,2,792,买盘
1185,14:55:28,3.95,-0.01,26,10270,卖盘
1186,14:55:34,3.96,0.01,80,31680,买盘
1187,14:55:37,3.96,0.0,40,15840,买盘
1188,14:55:48,3.96,0.0,20,7920,买盘
1189,14:55:52,3.96,0.0,38,15048,买盘
1190,14:55:54,3.96,0.0,207,81972,买盘
1191,14:55:58,3.95,-0.01,92,36340,卖盘
1192,14:56:01,3.96,0.01,59,23364,买盘
1193,14:56:07,3.96,0.0,8,3168,买盘
1194,14:56:10,3.96,0.0,165,65321,买盘
1195,14:56:12,3.96,0.0,26,10296,买盘
1196,14:56:16,3.96,0.0,15,5940,买盘
1197,14:56:19,3.95,-0.01,241,95195,卖盘
1198,14:56:25,3.95,0.0,25,9875,卖盘
1199,14:56:34,3.95,0.0,87,34415,卖盘
1200,14:56:37,3.96,0.01,47,18612,买盘
1201,14:56:40,3.95,-0.01,117,46215,卖盘
1202,14:56:43,3.95,0.0,101,39895,卖盘
1203,14:56:49,3.96,0.01,22,8712,买盘
1204,14:56:55,3.95,-0.01,200,79000,卖盘
1205,14:56:58,3.95,0.0,7,2765,卖盘
1206,15:00:04,3.95,0.0,2342,925090,卖盘
