,time,price,change,volume,amount,type
0,09:25:04,3.9,0.0,20,7800,卖盘
1,09:30:04,3.88,-0.02,123,47904,卖盘
2,09:30:07,3.9,0.02,62,24180,买盘
3,09:30:10,3.88,-0.02,127,49398,卖盘
4,09:30:16,3.88,0.0,71,27548,卖盘
5,09:30:22,3.88,0.0,3,1164,买盘
6,09:30:25,3.87,-0.01,34,13158,卖盘
7,09:30:40,3.87,0.0,70,27200,卖盘
8,09:30:43,3.88,0.01,20,7776,中性盘
9,09:30:46,3.88,0.0,3,1164,买盘
10,09:30:49,3.88,0.0,3,1164,买盘
11,09:30:52,3.88,0.0,13,5044,买盘
12,09:31:00,3.88,0.0,50,19400,卖盘
13,09:31:04,3.88,0.0,41,15908,买盘
14,09:31:07,3.88,0.0,28,10864,买盘
15,09:31:10,3.88,0.0,6,2328,买盘
16,09:31:13,3.88,0.0,1,388,买盘
17,09:31:16,3.88,0.0,1,388,买盘
18,09:31:19,3.88,0.0,1,388,买盘
19,09:31:21,3.88,0.0,37,14356,买盘
20,09:31:28,3.88,0.0,7,2716,卖盘
21,09:31:37,3.89,0.01,4,1556,买盘
22,09:32:01,3.89,0.0,20,7780,买盘
23,09:32:06,3.88,-0.01,30,11640,卖盘
24,09:32:13,3.88,0.0,14,5432,卖盘
25,09:32:22,3.89,0.01,74,28786,买盘
26,09:33:10,3.89,0.0,162,63018,卖盘
27,09:33:16,3.9,0.01,240,93600,买盘
28,09:33:30,3.89,-0.01,6,2334,卖盘
29,09:34:10,3.89,0.0,7,2723,买盘
30,09:34:28,3.89,0.0,3,1167,买盘
31,09:34:33,3.88,-0.01,40,15520,卖盘
32,09:34:57,3.89,0.01,43,16727,买盘
33,09:35:18,3.9,0.01,5,1950,买盘
34,09:35:22,3.9,0.0,150,58500,买盘
35,09:35:40,3.9,0.0,20,7800,买盘
36,09:35:49,3.9,0.0,5,1950,买盘
37,09:36:01,3.89,-0.01,10,3890,卖盘
38,09:36:03,3.9,0.01,7,2730,买盘
39,09:36:25,3.89,-0.01,101,39289,卖盘
40,09:36:34,3.9,0.01,7,2730,买盘
41,09:36:48,3.89,-0.01,78,30342,卖盘
42,09:36:52,3.9,0.01,135,52530,买盘
43,09:37:04,3.9,0.0,7,2730,买盘
44,09:37:21,3.89,-0.01,100,38900,买盘
45,09:37:34,3.89,0.0,6,2334,买盘
46,09:37:43,3.88,-0.01,81,31428,卖盘
47,09:37:52,3.88,0.0,10,3880,卖盘
48,09:37:55,3.89,0.01,20,7780,买盘
49,09:38:04,3.89,0.0,6,2334,买盘
50,09:38:10,3.89,0.0,50,19450,买盘
51,09:38:13,3.89,0.0,8,3112,买盘
52,09:38:21,3.89,0.0,10,3890,买盘
53,09:38:34,3.88,-0.01,15,5825,卖盘
54,09:38:40,3.89,0.01,13,5049,买盘
55,09:38:46,3.88,-0.01,151,58639,卖盘
56,09:38:55,3.89,0.01,1,389,买盘
57,09:38:58,3.89,0.0,11,4279,买盘
58,09:39:01,3.88,-0.01,536,207968,卖盘
59,09:39:04,3.88,0.0,29,11252,买盘
60,09:39:10,3.88,0.0,94,36472,买盘
61,09:39:16,3.88,0.0,39,15132,卖盘
62,09:39:19,3.88,0.0,16,6211,卖盘
63,09:39:33,3.89,0.01,222,86358,买盘
64,09:39:36,3.89,0.0,3,1167,买盘
65,09:39:40,3.89,0.0,10,3890,买盘
66,09:39:51,3.89,0.0,10,3890,买盘
67,09:39:58,3.89,0.0,5,1945,买盘
68,09:40:04,3.89,0.0,60,23340,买盘
69,09:40:06,3.89,0.0,26,10114,买盘
70,09:40:10,3.89,0.0,10,3890,买盘
71,09:40:19,3.89,0.0,5,1945,买盘
72,09:40:46,3.89,0.0,7,2723,买盘
73,09:40:55,3.89,0.0,1,389,买盘
74,09:41:12,3.89,0.0,16,6224,买盘
75,09:41:22,3.89,0.0,50,19450,买盘
76,09:41:30,3.89,0.0,100,38900,买盘
77,09:41:34,3.89,0.0,56,21784,卖盘
78,09:41:36,3.89,0.0,30,11670,买盘
79,09:41:43,3.89,0.0,20,7780,买盘
80,09:41:52,3.89,0.0,4,1556,买盘
81,09:42:01,3.9,0.01,503,196022,买盘
82,09:42:49,3.9,0.0,5,1950,买盘
83,09:43:07,3.9,0.0,140,54600,卖盘
84,09:43:25,3.88,-0.02,499,193835,卖盘
85,09:43:28,3.9,0.02,20,7800,买盘
86,09:43:30,3.87,-0.03,439,170028,卖盘
87,09:43:37,3.87,0.0,290,112270,卖盘
88,09:43:40,3.87,0.0,17,6579,买盘
89,09:43:43,3.87,0.0,267,103074,买盘
90,09:43:48,3.86,-0.01,256,98991,卖盘
91,09:43:58,3.86,0.0,384,148224,卖盘
92,09:44:04,3.85,-0.01,384,147842,卖盘
93,09:44:12,3.9,0.05,53,20670,买盘
94,09:44:16,3.86,-0.04,80,30945,卖盘
95,09:45:01,3.89,0.03,3,1167,买盘
96,09:45:16,3.88,-0.01,76,29488,卖盘
97,09:45:28,3.87,-0.01,76,29412,卖盘
98,09:45:37,3.87,0.0,110,42570,卖盘
99,09:45:40,3.88,0.01,193,74884,买盘
100,09:45:43,3.89,0.01,53,20572,买盘
101,09:45:52,3.88,-0.01,31,12028,卖盘
102,09:45:55,3.88,0.0,42,16296,卖盘
103,09:46:48,3.88,0.0,1,388,卖盘
104,09:47:03,3.88,0.0,14,5432,买盘
105,09:47:22,3.88,0.0,3,1164,卖盘
106,09:47:31,3.88,0.0,37,14356,卖盘
107,09:47:34,3.88,0.0,175,67900,买盘
108,09:47:45,3.89,0.01,500,194119,买盘
109,09:48:04,3.88,-0.01,47,18236,卖盘
110,09:48:18,3.88,0.0,15,5820,卖盘
111,09:48:49,3.88,0.0,18,6984,卖盘
112,09:49:04,3.88,0.0,10,3880,买盘
113,09:49:07,3.88,0.0,215,83420,买盘
114,09:49:12,3.87,-0.01,130,50310,卖盘
115,09:49:16,3.87,0.0,252,97524,卖盘
116,09:49:21,3.86,-0.01,12,4636,卖盘
117,09:49:25,3.87,0.01,37,14319,卖盘
118,09:49:28,3.87,0.0,4,1548,买盘
119,09:49:34,3.86,-0.01,1454,561355,卖盘
120,09:49:58,3.88,0.02,1,388,买盘
121,09:50:01,3.88,0.0,140,54320,买盘
122,09:50:07,3.87,-0.01,70,27090,卖盘
123,09:51:09,3.87,0.0,88,34056,卖盘
124,09:51:12,3.87,0.0,7,2709,买盘
125,09:51:16,3.87,0.0,3,1161,买盘
126,09:51:18,3.87,0.0,2,774,买盘
127,09:51:28,3.88,0.01,10,3880,买盘
128,09:51:34,3.88,0.0,153,59364,买盘
129,09:51:40,3.88,0.0,33,12804,卖盘
130,09:51:42,3.88,0.0,14,5432,卖盘
131,09:52:15,3.89,0.01,610,236820,买盘
132,09:52:22,3.88,-0.01,30,11640,卖盘
133,09:52:34,3.88,0.0,145,56235,买盘
134,09:52:40,3.88,0.0,10,3880,卖盘
135,09:53:06,3.88,0.0,1,388,卖盘
136,09:53:09,3.89,0.01,58,22562,买盘
137,09:53:13,3.89,0.0,8,3112,买盘
138,09:53:18,3.88,-0.01,40,15520,卖盘
139,09:53:31,3.88,0.0,6,2328,卖盘
140,09:53:46,3.88,0.0,20,7760,卖盘
141,09:53:48,3.88,0.0,4,1552,卖盘
142,09:54:03,3.88,0.0,2,776,卖盘
143,09:54:28,3.89,0.01,3,1167,买盘
144,09:54:30,3.89,0.0,10,3890,买盘
145,09:54:33,3.88,-0.01,104,40352,卖盘
146,09:54:58,3.87,-0.01,11,4257,卖盘
147,09:55:00,3.88,0.01,19,7372,买盘
148,09:55:10,3.88,0.0,14,5432,卖盘
149,09:55:15,3.88,0.0,67,25996,卖盘
150,09:56:03,3.88,0.0,20,7760,买盘
151,09:56:15,3.88,0.0,13,5044,买盘
152,09:56:25,3.89,0.01,19,7391,买盘
153,09:56:34,3.89,0.0,116,45124,买盘
154,09:56:48,3.89,0.0,20,7780,卖盘
155,09:56:52,3.89,0.0,44,17116,卖盘
156,09:56:58,3.89,0.0,3,1167,买盘
157,09:57:01,3.88,-0.01,2,776,卖盘
158,09:58:34,3.88,0.0,44,17085,卖盘
159,09:58:36,3.88,0.0,36,13968,卖盘
160,09:58:46,3.88,0.0,136,52768,买盘
161,09:59:27,3.88,0.0,85,32980,卖盘
162,09:59:42,3.88,0.0,85,32980,买盘
163,10:00:52,3.88,0.0,67,25996,卖盘
164,10:01:24,3.88,0.0,20,7760,买盘
165,10:01:34,3.88,0.0,2,776,买盘
166,10:01:40,3.88,0.0,20,7760,买盘
167,10:02:06,3.88,0.0,28,10864,买盘
168,10:02:28,3.87,-0.01,250,96752,卖盘
169,10:02:37,3.87,0.0,6,2322,卖盘
170,10:02:39,3.87,0.0,1,387,卖盘
171,10:02:48,3.87,0.0,1,387,卖盘
172,10:03:42,3.87,0.0,40,15480,卖盘
173,10:04:19,3.87,0.0,22,8514,卖盘
174,10:04:25,3.88,0.01,1,388,买盘
175,10:04:31,3.87,-0.01,294,113778,卖盘
176,10:04:40,3.87,0.0,2,774,买盘
177,10:04:43,3.87,0.0,10,3870,买盘
178,10:04:51,3.87,0.0,2,774,买盘
179,10:05:01,3.87,0.0,98,37926,买盘
180,10:05:13,3.87,0.0,47,18189,卖盘
181,10:05:16,3.87,0.0,1,387,买盘
182,10:05:24,3.86,-0.01,50,19300,卖盘
183,10:05:27,3.87,0.01,12,4644,买盘
184,10:05:46,3.87,0.0,208,80496,卖盘
185,10:05:51,3.87,0.0,30,11610,卖盘
186,10:06:09,3.87,0.0,36,13932,卖盘
187,10:06:13,3.87,0.0,22,8514,买盘
188,10:06:42,3.86,-0.01,1,386,卖盘
189,10:06:57,3.87,0.01,15,5805,买盘
190,10:07:18,3.86,-0.01,4,1544,卖盘
191,10:07:25,3.86,0.0,12,4632,卖盘
192,10:07:28,3.86,0.0,5,1930,卖盘
193,10:07:48,3.87,0.01,1,387,买盘
194,10:07:51,3.86,-0.01,32,12364,卖盘
195,10:07:54,3.86,0.0,205,79130,卖盘
196,10:07:58,3.86,0.0,20,7720,卖盘
197,10:08:01,3.86,0.0,15,5790,卖盘
198,10:08:04,3.86,0.0,729,281394,卖盘
199,10:08:12,3.86,0.0,120,46320,买盘
200,10:08:16,3.85,-0.01,71,27335,卖盘
201,10:08:22,3.85,0.0,22,8470,卖盘
202,10:08:40,3.85,0.0,73,28105,卖盘
203,10:08:43,3.85,0.0,682,262570,卖盘
204,10:08:48,3.85,0.0,703,270655,卖盘
205,10:08:51,3.84,-0.01,168,64538,卖盘
206,10:08:58,3.85,0.01,6,2310,买盘
207,10:09:04,3.84,-0.01,133,51081,卖盘
208,10:09:06,3.84,0.0,50,19200,卖盘
209,10:09:10,3.84,0.0,2,768,卖盘
210,10:09:21,3.84,0.0,100,38400,卖盘
211,10:09:27,3.84,0.0,377,144768,卖盘
212,10:09:33,3.84,0.0,205,78720,买盘
213,10:09:36,3.84,0.0,27,10368,买盘
214,10:09:39,3.84,0.0,56,21504,卖盘
215,10:09:42,3.84,0.0,200,76800,卖盘
216,10:09:49,3.84,0.0,10,3840,卖盘
217,10:09:58,3.84,0.0,2,768,卖盘
218,10:10:01,3.84,0.0,10,3840,卖盘
219,10:10:04,3.84,0.0,20,7680,卖盘
220,10:10:12,3.85,0.01,75,28875,买盘
221,10:10:18,3.85,0.0,20,7685,买盘
222,10:10:24,3.85,0.0,47,18095,买盘
223,10:10:28,3.85,0.0,1,385,买盘
224,10:10:45,3.84,-0.01,3,1152,卖盘
225,10:10:48,3.85,0.01,52,20020,买盘
226,10:10:55,3.85,0.0,3,1155,买盘
227,10:11:00,3.85,0.0,20,7700,买盘
228,10:11:19,3.85,0.0,409,157465,买盘
229,10:11:22,3.85,0.0,310,119350,买盘
230,10:11:25,3.84,-0.01,298,114721,卖盘
231,10:11:51,3.86,0.02,15,5790,买盘
232,10:11:55,3.85,-0.01,200,77020,卖盘
233,10:12:01,3.85,0.0,30,11550,卖盘
234,10:12:10,3.86,0.01,3,1158,买盘
235,10:12:16,3.86,0.0,5,1930,买盘
236,10:12:36,3.86,0.0,20,7720,买盘
237,10:13:04,3.85,-0.01,260,100100,卖盘
238,10:13:13,3.86,0.01,316,121675,买盘
239,10:13:28,3.86,0.0,100,38600,买盘
240,10:13:31,3.85,-0.01,77,29645,卖盘
241,10:13:39,3.85,0.0,260,100100,卖盘
242,10:14:04,3.85,0.0,139,53515,卖盘
243,10:14:10,3.85,0.0,56,21560,卖盘
244,10:14:49,3.85,0.0,125,48125,卖盘
245,10:14:51,3.85,0.0,10,3850,买盘
246,10:15:01,3.85,0.0,5,1925,买盘
247,10:15:27,3.85,0.0,18,6930,买盘
248,10:15:36,3.85,0.0,1,385,买盘
249,10:15:46,3.84,-0.01,50,19200,卖盘
250,10:15:48,3.85,0.01,40,15400,买盘
251,10:16:04,3.85,0.0,75,28875,买盘
252,10:16:21,3.84,-0.01,20,7680,卖盘
253,10:16:27,3.85,0.01,36,13860,买盘
254,10:16:31,3.85,0.0,3,1155,买盘
255,10:16:34,3.85,0.0,5,1925,买盘
256,10:16:43,3.85,0.0,30,11550,买盘
257,10:16:46,3.85,0.0,20,7700,买盘
258,10:16:57,3.85,0.0,20,7700,买盘
259,10:17:36,3.86,0.01,308,118730,买盘
260,10:17:43,3.85,-0.01,10,3850,卖盘
261,10:17:52,3.85,0.0,12,4620,卖盘
262,10:17:58,3.85,0.0,30,11550,卖盘
263,10:18:43,3.86,0.01,20,7720,买盘
264,10:19:22,3.85,-0.01,1,385,卖盘
265,10:19:27,3.85,0.0,30,11550,卖盘
266,10:19:37,3.85,0.0,10,3850,卖盘
267,10:19:40,3.85,0.0,50,19250,卖盘
268,10:20:54,3.85,0.0,10,3850,卖盘
269,10:21:09,3.86,0.01,50,19300,买盘
270,10:21:28,3.86,0.0,10,3860,买盘
271,10:21:31,3.85,-0.01,11,4235,卖盘
272,10:21:43,3.86,0.01,2,772,买盘
273,10:22:01,3.86,0.0,11,4246,买盘
274,10:22:07,3.86,0.0,16,6176,买盘
275,10:22:16,3.86,0.0,50,19300,买盘
276,10:22:28,3.85,-0.01,106,40910,卖盘
277,10:22:34,3.85,0.0,43,16555,卖盘
278,10:22:36,3.85,0.0,3,1155,卖盘
279,10:22:39,3.86,0.01,10,3860,买盘
280,10:22:58,3.86,0.0,14,5404,买盘
281,10:23:01,3.86,0.0,322,124292,买盘
282,10:23:09,3.86,0.0,20,7720,卖盘
283,10:23:24,3.86,0.0,35,13510,卖盘
284,10:23:37,3.86,0.0,24,9264,卖盘
285,10:23:45,3.86,0.0,9,3474,卖盘
286,10:23:55,3.86,0.0,90,34740,买盘
287,10:24:28,3.86,0.0,8,3088,卖盘
288,10:24:37,3.87,0.01,9,3483,买盘
289,10:25:31,3.86,-0.01,4,1544,卖盘
290,10:25:46,3.86,0.0,40,15440,卖盘
291,10:26:16,3.86,0.0,70,27020,卖盘
292,10:26:30,3.86,0.0,100,38600,卖盘
293,10:26:36,3.86,0.0,268,103448,卖盘
294,10:26:42,3.86,0.0,32,12352,买盘
295,10:26:54,3.86,0.0,49,18914,卖盘
296,10:27:09,3.86,0.0,10,3860,买盘
297,10:27:30,3.85,-0.01,23,8855,卖盘
298,10:27:49,3.85,0.0,59,22715,卖盘
299,10:27:52,3.86,0.01,6,2316,买盘
300,10:28:06,3.85,-0.01,85,32725,卖盘
301,10:28:37,3.85,0.0,50,19250,卖盘
302,10:28:51,3.86,0.01,2,772,买盘
303,10:28:55,3.86,0.0,120,46320,买盘
304,10:29:04,3.86,0.0,10,3860,买盘
305,10:29:07,3.85,-0.01,2,770,卖盘
306,10:29:30,3.86,0.01,10,3860,买盘
307,10:29:54,3.86,0.0,112,43232,买盘
308,10:29:58,3.86,0.0,10,3860,买盘
309,10:30:01,3.85,-0.01,82,31570,卖盘
310,10:30:16,3.86,0.01,10,3860,买盘
311,10:30:31,3.86,0.0,164,63304,买盘
312,10:30:34,3.86,0.0,8,3088,买盘
313,10:30:58,3.87,0.01,15,5805,买盘
314,10:31:06,3.86,-0.01,79,30494,卖盘
315,10:31:16,3.86,0.0,10,3860,买盘
316,10:31:27,3.86,0.0,6,2316,买盘
317,10:31:36,3.85,-0.01,10,3850,卖盘
318,10:31:39,3.86,0.01,18,6948,买盘
319,10:31:57,3.85,-0.01,500,192500,卖盘
320,10:32:01,3.86,0.01,1,386,卖盘
321,10:32:09,3.86,0.0,19,7334,卖盘
322,10:32:19,3.85,-0.01,8,3080,卖盘
323,10:32:46,3.85,0.0,10,3850,卖盘
324,10:33:27,3.85,0.0,18,6930,卖盘
325,10:33:31,3.85,0.0,58,22330,卖盘
326,10:33:48,3.85,0.0,20,7700,卖盘
327,10:33:52,3.85,0.0,15,5775,卖盘
328,10:34:12,3.85,0.0,40,15400,卖盘
329,10:34:18,3.85,0.0,25,9625,卖盘
330,10:34:31,3.85,0.0,2,770,卖盘
331,10:34:45,3.86,0.01,8,3088,买盘
332,10:35:15,3.85,-0.01,4,1540,卖盘
333,10:35:18,3.86,0.01,28,10808,买盘
334,10:35:30,3.85,-0.01,17,6545,卖盘
335,10:35:54,3.85,0.0,1,385,卖盘
336,10:35:58,3.86,0.01,514,198404,买盘
337,10:36:01,3.86,0.0,55,21230,卖盘
338,10:36:33,3.86,0.0,1,386,卖盘
339,10:36:43,3.86,0.0,50,19300,卖盘
340,10:37:07,3.86,0.0,25,9650,卖盘
341,10:37:24,3.86,0.0,3,1158,卖盘
342,10:37:39,3.87,0.01,26,10062,买盘
343,10:37:48,3.87,0.0,20,7740,买盘
344,10:38:16,3.86,-0.01,24,9264,卖盘
345,10:38:25,3.86,0.0,330,127380,卖盘
346,10:38:54,3.86,0.0,18,6948,卖盘
347,10:38:57,3.86,0.0,3,1158,卖盘
348,10:40:15,3.86,0.0,25,9650,买盘
349,10:41:43,3.85,-0.01,104,40040,卖盘
350,10:41:46,3.85,0.0,20,7710,卖盘
351,10:41:55,3.85,0.0,1,385,卖盘
352,10:42:04,3.85,0.0,62,23870,卖盘
353,10:42:07,3.85,0.0,40,15400,卖盘
354,10:42:24,3.85,0.0,66,25410,卖盘
355,10:42:28,3.86,0.01,40,15410,买盘
356,10:43:07,3.85,-0.01,61,23485,卖盘
357,10:43:25,3.85,0.0,66,25410,卖盘
358,10:43:46,3.85,0.0,59,22715,卖盘
359,10:44:01,3.85,0.0,253,97405,卖盘
360,10:44:07,3.85,0.0,27,10395,卖盘
361,10:44:25,3.86,0.01,5,1930,买盘
362,10:44:27,3.85,-0.01,40,15400,卖盘
363,10:44:40,3.85,0.0,31,11935,卖盘
364,10:45:01,3.85,0.0,15,5775,卖盘
365,10:45:09,3.85,0.0,64,24640,卖盘
366,10:45:16,3.85,0.0,3,1155,买盘
367,10:45:28,3.84,-0.01,1074,412416,卖盘
368,10:45:40,3.84,0.0,188,72192,卖盘
369,10:45:46,3.84,0.0,24,9216,卖盘
370,10:45:52,3.84,0.0,17,6528,卖盘
371,10:46:06,3.83,-0.01,10,3830,卖盘
372,10:46:13,3.83,0.0,567,217161,卖盘
373,10:46:33,3.83,0.0,5,1915,卖盘
374,10:46:36,3.83,0.0,60,22980,卖盘
375,10:46:39,3.83,0.0,3,1149,卖盘
376,10:46:46,3.83,0.0,100,38300,卖盘
377,10:47:09,3.83,0.0,30,11490,卖盘
378,10:47:16,3.83,0.0,111,42513,卖盘
379,10:47:51,3.83,0.0,163,62429,卖盘
380,10:48:06,3.84,0.01,20,7680,买盘
381,10:48:09,3.83,-0.01,184,70472,卖盘
382,10:48:13,3.84,0.01,7,2688,买盘
383,10:48:16,3.83,-0.01,40,15320,卖盘
384,10:48:30,3.83,0.0,5,1915,卖盘
385,10:48:37,3.84,0.01,1,384,买盘
386,10:48:46,3.83,-0.01,137,52497,卖盘
387,10:48:58,3.84,0.01,9,3456,买盘
388,10:49:04,3.83,-0.01,74,28342,卖盘
389,10:49:18,3.83,0.0,15,5745,卖盘
390,10:49:43,3.84,0.01,5,1920,买盘
391,10:49:46,3.83,-0.01,10,3830,卖盘
392,10:49:57,3.83,0.0,31,11873,卖盘
393,10:50:13,3.84,0.01,29,11136,买盘
394,10:50:25,3.84,0.0,29,11136,买盘
395,10:50:31,3.84,0.0,1,384,买盘
396,10:50:37,3.84,0.0,10,3840,买盘
397,10:50:51,3.84,0.0,5,1920,买盘
398,10:51:13,3.84,0.0,10,3840,买盘
399,10:51:24,3.84,0.0,2,768,买盘
400,10:51:37,3.83,-0.01,22,8426,卖盘
401,10:51:46,3.84,0.01,1,384,买盘
402,10:51:52,3.84,0.0,6,2304,买盘
403,10:51:57,3.83,-0.01,95,36385,卖盘
404,10:52:48,3.83,0.0,7,2681,卖盘
405,10:53:07,3.83,0.0,50,19150,卖盘
406,10:53:10,3.83,0.0,15,5745,卖盘
407,10:53:13,3.83,0.0,20,7660,卖盘
408,10:53:18,3.83,0.0,80,30640,卖盘
409,10:53:25,3.84,0.01,15,5760,买盘
410,10:53:55,3.84,0.0,10,3840,买盘
411,10:54:13,3.84,0.0,10,3840,买盘
412,10:54:16,3.83,-0.01,104,39855,卖盘
413,10:54:28,3.83,0.0,10,3830,卖盘
414,10:54:40,3.84,0.01,40,15360,买盘
415,10:54:43,3.84,0.0,10,3840,买盘
416,10:54:46,3.83,-0.01,24,9192,卖盘
417,10:54:55,3.83,0.0,20,7660,卖盘
418,10:55:03,3.83,0.0,2,766,卖盘
419,10:55:24,3.83,0.0,17,6511,卖盘
420,10:55:34,3.83,0.0,24,9192,卖盘
421,10:56:28,3.84,0.01,6,2304,买盘
422,10:56:31,3.84,0.0,20,7680,买盘
423,10:56:37,3.84,0.0,313,120192,买盘
424,10:56:45,3.84,0.0,100,38400,买盘
425,10:56:58,3.83,-0.01,41,15703,卖盘
426,10:57:01,3.84,0.01,2,768,买盘
427,10:57:04,3.84,0.0,1,384,买盘
428,10:57:19,3.84,0.0,8,3072,买盘
429,10:57:21,3.84,0.0,100,38400,买盘
430,10:57:24,3.84,0.0,75,28800,买盘
431,10:57:37,3.85,0.01,2,770,买盘
432,10:57:46,3.84,-0.01,9,3456,卖盘
433,10:57:49,3.84,0.0,8,3072,卖盘
434,10:58:04,3.84,0.0,43,16512,卖盘
435,10:58:07,3.84,0.0,12,4608,卖盘
436,10:58:15,3.84,0.0,37,14210,卖盘
437,10:58:28,3.84,0.0,39,14976,卖盘
438,10:58:43,3.85,0.01,5,1925,买盘
439,10:59:09,3.85,0.0,10,3850,买盘
440,10:59:12,3.84,-0.01,40,15360,卖盘
441,10:59:19,3.85,0.01,200,77000,买盘
442,10:59:48,3.84,-0.01,6,2304,卖盘
443,10:59:52,3.85,0.01,83,31955,买盘
444,11:00:00,3.84,-0.01,39,14976,卖盘
445,11:00:21,3.84,0.0,16,6144,卖盘
446,11:00:36,3.85,0.01,10,3850,买盘
447,11:01:00,3.84,-0.01,4,1536,卖盘
448,11:01:16,3.84,0.0,37,14208,卖盘
449,11:01:19,3.84,0.0,9,3456,卖盘
450,11:01:27,3.84,0.0,1,384,卖盘
451,11:01:58,3.84,0.0,3,1152,卖盘
452,11:02:09,3.84,0.0,1,384,卖盘
453,11:02:25,3.84,0.0,31,11904,卖盘
454,11:02:43,3.84,0.0,74,28416,卖盘
455,11:02:51,3.84,0.0,10,3840,卖盘
456,11:02:58,3.84,0.0,12,4608,卖盘
457,11:03:24,3.84,0.0,7,2688,卖盘
458,11:03:45,3.84,0.0,16,6144,卖盘
459,11:04:01,3.84,0.0,10,3840,卖盘
460,11:04:04,3.84,0.0,1,384,卖盘
461,11:04:24,3.85,0.01,20,7700,买盘
462,11:05:21,3.85,0.0,9,3465,买盘
463,11:05:27,3.85,0.0,8,3080,买盘
464,11:05:43,3.84,-0.01,31,11904,卖盘
465,11:05:49,3.85,0.01,5,1925,买盘
466,11:06:13,3.85,0.0,20,7700,买盘
467,11:07:04,3.85,0.0,4,1540,买盘
468,11:07:48,3.85,0.0,20,7700,买盘
469,11:08:04,3.85,0.0,10,3850,买盘
470,11:08:06,3.85,0.0,20,7700,买盘
471,11:08:21,3.85,0.0,21,8085,卖盘
472,11:08:52,3.86,0.01,1,386,买盘
473,11:09:01,3.85,-0.01,8,3080,卖盘
474,11:09:16,3.86,0.01,20,7720,买盘
475,11:09:58,3.85,-0.01,20,7700,卖盘
476,11:10:43,3.85,0.0,60,23100,卖盘
477,11:11:24,3.85,0.0,46,17710,卖盘
478,11:11:43,3.85,0.0,27,10395,卖盘
479,11:12:24,3.84,-0.01,46,17664,卖盘
480,11:12:45,3.84,0.0,44,16903,卖盘
481,11:12:58,3.84,0.0,9,3456,卖盘
482,11:13:06,3.84,0.0,43,16512,卖盘
483,11:13:24,3.85,0.01,95,36575,买盘
484,11:13:49,3.85,0.0,55,21130,买盘
485,11:14:10,3.84,-0.01,600,230400,卖盘
486,11:14:12,3.85,0.01,6,2310,买盘
487,11:14:31,3.84,-0.01,63,24207,卖盘
488,11:14:51,3.84,0.0,1,384,卖盘
489,11:16:51,3.84,0.0,1,384,卖盘
490,11:17:42,3.84,0.0,200,76800,卖盘
491,11:17:45,3.85,0.01,100,38500,买盘
492,11:18:15,3.85,0.0,13,5005,买盘
493,11:18:18,3.85,0.0,4,1540,买盘
494,11:18:24,3.85,0.0,34,13090,买盘
495,11:18:57,3.85,0.0,30,11550,买盘
496,11:19:15,3.85,0.0,6,2310,买盘
497,11:19:30,3.85,0.0,1,385,买盘
498,11:20:06,3.85,0.0,10,3850,买盘
499,11:20:24,3.85,0.0,2,770,买盘
500,11:20:40,3.85,0.0,15,5775,买盘
501,11:20:45,3.84,-0.01,1,384,卖盘
502,11:20:54,3.84,0.0,50,19200,卖盘
503,11:21:15,3.85,0.01,10,3850,买盘
504,11:22:54,3.85,0.0,5,1925,买盘
505,11:23:52,3.85,0.0,1,385,买盘
506,11:24:19,3.84,-0.01,60,23040,卖盘
507,11:24:21,3.84,0.0,308,118280,卖盘
508,11:26:18,3.84,0.0,20,7680,卖盘
509,11:26:36,3.84,0.0,27,10368,卖盘
510,11:26:52,3.84,0.0,30,11520,卖盘
511,11:27:33,3.85,0.01,45,17325,买盘
512,11:28:27,3.85,0.0,8,3080,买盘
513,11:28:42,3.85,0.0,20,7690,买盘
514,11:29:48,3.85,0.0,10,3850,买盘
515,13:00:04,3.85,0.0,92,35395,买盘
516,13:01:09,3.84,-0.01,159,61056,卖盘
517,13:01:18,3.84,0.0,1,384,卖盘
518,13:02:04,3.84,0.0,6,2304,卖盘
519,13:02:15,3.84,0.0,2,768,卖盘
520,13:04:12,3.84,0.0,40,15360,卖盘
521,13:04:15,3.84,0.0,44,16896,卖盘
522,13:04:48,3.85,0.01,2,770,买盘
523,13:05:49,3.85,0.0,500,192500,买盘
524,13:06:06,3.85,0.0,2,770,买盘
525,13:06:10,3.85,0.0,10,3850,买盘
526,13:07:33,3.84,-0.01,10,3840,卖盘
527,13:08:18,3.85,0.01,31,11935,买盘
528,13:08:45,3.85,0.0,22,8470,买盘
529,13:09:09,3.84,-0.01,39,14976,卖盘
530,13:09:46,3.84,0.0,26,9984,卖盘
531,13:09:55,3.84,0.0,22,8448,卖盘
532,13:10:25,3.84,0.0,42,16128,卖盘
533,13:11:00,3.85,0.01,5,1925,买盘
534,13:11:39,3.84,-0.01,42,16128,卖盘
535,13:12:01,3.84,0.0,47,18048,卖盘
536,13:12:22,3.84,0.0,47,18048,卖盘
537,13:12:39,3.84,0.0,39,14976,卖盘
538,13:13:00,3.84,0.0,46,17664,卖盘
539,13:13:22,3.84,0.0,47,18048,卖盘
540,13:13:28,3.84,0.0,50,19200,卖盘
541,13:13:39,3.84,0.0,16,6144,卖盘
542,13:14:55,3.84,0.0,19,7296,卖盘
543,13:15:10,3.84,0.0,5,1920,卖盘
544,13:15:12,3.85,0.01,100,38500,买盘
545,13:15:33,3.84,-0.01,189,72576,卖盘
546,13:15:46,3.84,0.0,11,4227,卖盘
547,13:15:57,3.84,0.0,30,11520,卖盘
548,13:16:00,3.85,0.01,3,1155,买盘
549,13:16:10,3.85,0.0,3,1155,买盘
550,13:16:15,3.85,0.0,1,385,买盘
551,13:16:46,3.85,0.0,2,770,买盘
552,13:16:49,3.85,0.0,8,3080,买盘
553,13:17:01,3.85,0.0,1,385,买盘
554,13:17:21,3.84,-0.01,11,4224,卖盘
555,13:17:28,3.85,0.01,8,3080,买盘
556,13:17:31,3.85,0.0,2,770,买盘
557,13:17:40,3.85,0.0,15,5770,买盘
558,13:17:46,3.85,0.0,2,770,买盘
559,13:18:01,3.85,0.0,1,385,买盘
560,13:18:04,3.84,-0.01,183,70412,卖盘
561,13:18:09,3.85,0.01,47,18095,买盘
562,13:18:12,3.84,-0.01,10,3840,卖盘
563,13:18:16,3.85,0.01,31,11935,买盘
564,13:18:22,3.84,-0.01,43,16512,卖盘
565,13:18:31,3.85,0.01,1,385,买盘
566,13:18:39,3.84,-0.01,70,26880,卖盘
567,13:18:46,3.85,0.01,10,3850,买盘
568,13:19:01,3.85,0.0,2,770,买盘
569,13:19:04,3.84,-0.01,150,57600,卖盘
570,13:19:31,3.85,0.01,1,385,买盘
571,13:19:46,3.85,0.0,1,385,买盘
572,13:19:49,3.85,0.0,8,3080,买盘
573,13:20:09,3.85,0.0,40,15400,买盘
574,13:20:16,3.85,0.0,2,770,买盘
575,13:20:22,3.84,-0.01,10,3840,卖盘
576,13:20:30,3.85,0.01,1,385,买盘
577,13:20:37,3.85,0.0,8,3080,买盘
578,13:20:46,3.85,0.0,2,770,买盘
579,13:21:16,3.85,0.0,1,385,买盘
580,13:21:27,3.84,-0.01,87,33408,卖盘
581,13:21:30,3.84,0.0,63,24240,卖盘
582,13:21:40,3.84,0.0,2,768,卖盘
583,13:21:42,3.84,0.0,17,6528,卖盘
584,13:21:45,3.85,0.01,21,8066,买盘
585,13:21:48,3.84,-0.01,34,13056,卖盘
586,13:21:52,3.84,0.0,21,8064,卖盘
587,13:21:54,3.84,0.0,13,4992,卖盘
588,13:21:57,3.84,0.0,17,6528,卖盘
589,13:22:00,3.84,0.0,17,6528,卖盘
590,13:22:04,3.84,0.0,18,6912,卖盘
591,13:22:07,3.84,0.0,20,7680,卖盘
592,13:22:09,3.84,0.0,25,9600,卖盘
593,13:22:13,3.84,0.0,34,13056,卖盘
594,13:22:16,3.85,0.01,34,13057,买盘
595,13:22:18,3.84,-0.01,26,9984,卖盘
596,13:22:22,3.84,0.0,41,15744,卖盘
597,13:22:24,3.84,0.0,34,13056,卖盘
598,13:22:27,3.84,0.0,35,13440,卖盘
599,13:22:31,3.84,0.0,31,11904,卖盘
600,13:22:34,3.84,0.0,37,14208,卖盘
601,13:22:37,3.84,0.0,35,13440,卖盘
602,13:22:40,3.84,0.0,29,11136,卖盘
603,13:22:43,3.84,0.0,27,10368,卖盘
604,13:22:45,3.84,0.0,24,9216,卖盘
605,13:22:49,3.84,0.0,20,7680,卖盘
606,13:22:52,3.84,0.0,139,53376,卖盘
607,13:22:54,3.83,-0.01,25,9579,卖盘
608,13:22:58,3.83,0.0,17,6511,卖盘
609,13:23:01,3.83,0.0,12,4596,卖盘
610,13:23:03,3.83,0.0,14,5362,卖盘
611,13:23:06,3.83,0.0,11,4213,卖盘
612,13:23:09,3.83,0.0,3,1149,卖盘
613,13:23:12,3.83,0.0,2,766,卖盘
614,13:23:18,3.84,0.01,20,7680,买盘
615,13:23:24,3.84,0.0,29,11136,买盘
616,13:23:27,3.84,0.0,30,11520,买盘
617,13:23:46,3.84,0.0,100,38400,买盘
618,13:23:51,3.84,0.0,132,50688,买盘
619,13:24:04,3.84,0.0,1,384,卖盘
620,13:24:07,3.84,0.0,1,384,卖盘
621,13:24:10,3.84,0.0,4,1536,卖盘
622,13:24:13,3.84,0.0,4,1536,卖盘
623,13:24:15,3.84,0.0,6,2304,卖盘
624,13:24:18,3.84,0.0,4,1536,卖盘
625,13:24:21,3.84,0.0,5,1920,卖盘
626,13:24:24,3.84,0.0,26,9984,卖盘
627,13:24:27,3.84,0.0,4,1536,卖盘
628,13:24:30,3.84,0.0,19,7296,卖盘
629,13:24:33,3.84,0.0,4,1536,卖盘
630,13:24:36,3.84,0.0,4,1536,卖盘
631,13:24:39,3.84,0.0,2,768,卖盘
632,13:24:43,3.84,0.0,3,1152,卖盘
633,13:24:46,3.84,0.0,3,1152,卖盘
634,13:24:49,3.84,0.0,3,1152,卖盘
635,13:24:55,3.84,0.0,4,1536,卖盘
636,13:25:00,3.84,0.0,1,384,卖盘
637,13:25:04,3.84,0.0,1,384,卖盘
638,13:25:06,3.84,0.0,201,77184,卖盘
639,13:25:10,3.84,0.0,1,384,卖盘
640,13:25:12,3.84,0.0,1,384,卖盘
641,13:25:16,3.84,0.0,6,2304,卖盘
642,13:25:22,3.84,0.0,1,384,卖盘
643,13:25:40,3.84,0.0,15,5760,卖盘
644,13:25:46,3.84,0.0,1,384,卖盘
645,13:25:48,3.84,0.0,13,4992,卖盘
646,13:25:51,3.84,0.0,1,384,卖盘
647,13:25:54,3.84,0.0,1,384,卖盘
648,13:25:57,3.84,0.0,1,384,卖盘
649,13:26:00,3.84,0.0,1,384,卖盘
650,13:26:04,3.84,0.0,1,384,卖盘
651,13:26:07,3.84,0.0,1,384,卖盘
652,13:26:09,3.84,0.0,1,384,卖盘
653,13:26:12,3.84,0.0,100,38400,卖盘
654,13:26:15,3.84,0.0,1,384,卖盘
655,13:26:18,3.84,0.0,34,13056,卖盘
656,13:26:24,3.84,0.0,18,6912,卖盘
657,13:27:04,3.83,-0.01,50,19150,卖盘
658,13:27:40,3.83,0.0,36,13788,卖盘
659,13:27:49,3.84,0.01,10,3840,买盘
660,13:27:52,3.83,-0.01,20,7660,卖盘
661,13:27:55,3.83,0.0,53,20299,卖盘
662,13:27:57,3.83,0.0,24,9192,卖盘
663,13:28:01,3.83,0.0,6,2298,卖盘
664,13:28:04,3.83,0.0,7,2681,卖盘
665,13:28:07,3.83,0.0,2,766,卖盘
666,13:28:16,3.84,0.01,8,3072,买盘
667,13:28:19,3.83,-0.01,8,3064,卖盘
668,13:28:27,3.84,0.01,120,46080,买盘
669,13:29:10,3.83,-0.01,82,31406,卖盘
670,13:29:19,3.84,0.01,37,14208,买盘
671,13:29:54,3.84,0.0,30,11520,买盘
672,13:29:57,3.84,0.0,70,26880,买盘
673,13:30:07,3.84,0.0,10,3840,买盘
674,13:30:39,3.84,0.0,100,38400,买盘
675,13:30:49,3.84,0.0,37,14208,买盘
676,13:30:52,3.84,0.0,14,5376,卖盘
677,13:30:55,3.84,0.0,8,3072,卖盘
678,13:30:57,3.84,0.0,9,3456,卖盘
679,13:31:00,3.84,0.0,9,3456,卖盘
680,13:31:04,3.84,0.0,10,3840,卖盘
681,13:31:07,3.84,0.0,11,4224,卖盘
682,13:31:09,3.84,0.0,11,4224,卖盘
683,13:31:12,3.84,0.0,19,7296,卖盘
684,13:31:16,3.84,0.0,14,5379,卖盘
685,13:31:19,3.84,0.0,9,3456,卖盘
686,13:31:22,3.84,0.0,8,3072,卖盘
687,13:31:24,3.84,0.0,4,1536,卖盘
688,13:31:27,3.84,0.0,5,1920,卖盘
689,13:31:31,3.84,0.0,51,19584,卖盘
690,13:31:33,3.84,0.0,5,1920,卖盘
691,13:31:36,3.84,0.0,3,1152,卖盘
692,13:31:40,3.84,0.0,4,1536,卖盘
693,13:31:42,3.84,0.0,12,4608,卖盘
694,13:31:46,3.84,0.0,17,6530,卖盘
695,13:31:49,3.84,0.0,3,1152,卖盘
696,13:31:51,3.84,0.0,3,1152,卖盘
697,13:31:58,3.84,0.0,1,384,卖盘
698,13:32:00,3.84,0.0,11,4234,卖盘
699,13:32:03,3.84,0.0,1,384,卖盘
700,13:32:06,3.84,0.0,1,384,卖盘
701,13:32:09,3.84,0.0,3,1152,卖盘
702,13:32:13,3.84,0.0,3,1152,卖盘
703,13:32:16,3.85,0.01,4,1537,买盘
704,13:32:19,3.84,-0.01,2,768,卖盘
705,13:32:25,3.84,0.0,1,384,卖盘
706,13:32:28,3.84,0.0,10,3840,卖盘
707,13:32:30,3.85,0.01,2,769,买盘
708,13:32:34,3.84,-0.01,1,384,卖盘
709,13:32:36,3.84,0.0,1,384,卖盘
710,13:32:39,3.84,0.0,1,384,卖盘
711,13:32:42,3.84,0.0,1,384,卖盘
712,13:32:46,3.84,0.0,1,384,卖盘
713,13:32:48,3.84,0.0,1,384,卖盘
714,13:32:51,3.84,0.0,28,10752,卖盘
715,13:32:54,3.84,0.0,20,7680,卖盘
716,13:34:10,3.83,-0.01,35,13405,卖盘
717,13:34:13,3.83,0.0,52,19916,卖盘
718,13:34:25,3.83,0.0,13,4979,卖盘
719,13:34:28,3.83,0.0,44,16852,卖盘
720,13:34:30,3.83,0.0,34,13022,卖盘
721,13:34:34,3.83,0.0,53,20299,卖盘
722,13:34:37,3.83,0.0,51,19533,卖盘
723,13:34:40,3.83,0.0,26,9958,卖盘
724,13:35:01,3.83,0.0,500,191500,卖盘
725,13:35:13,3.83,0.0,263,100729,卖盘
726,13:35:16,3.83,0.0,45,17235,卖盘
727,13:35:21,3.83,0.0,90,34470,卖盘
728,13:35:28,3.83,0.0,1,383,卖盘
729,13:35:31,3.83,0.0,100,38300,卖盘
730,13:35:33,3.83,0.0,293,112219,卖盘
731,13:35:45,3.83,0.0,16,6122,买盘
732,13:35:48,3.83,0.0,240,91920,买盘
733,13:35:54,3.83,0.0,31,11873,卖盘
734,13:35:57,3.82,-0.01,24,9168,卖盘
735,13:36:00,3.82,0.0,50,19100,卖盘
736,13:36:06,3.83,0.01,111,42513,买盘
737,13:36:09,3.83,0.0,14,5362,买盘
738,13:36:13,3.82,-0.01,32,12224,卖盘
739,13:36:22,3.82,0.0,22,8404,卖盘
740,13:36:49,3.83,0.01,30,11490,买盘
741,13:36:51,3.82,-0.01,10,3820,卖盘
742,13:37:10,3.83,0.01,40,15320,买盘
743,13:37:22,3.82,-0.01,3,1146,卖盘
744,13:37:25,3.82,0.0,60,22920,卖盘
745,13:37:34,3.83,0.01,30,11490,买盘
746,13:38:13,3.82,-0.01,80,30600,卖盘
747,13:38:33,3.83,0.01,65,24887,买盘
748,13:39:09,3.83,0.0,46,17618,买盘
749,13:39:49,3.82,-0.01,160,61120,卖盘
750,13:39:55,3.83,0.01,9,3447,买盘
751,13:39:58,3.82,-0.01,19,7258,卖盘
752,13:40:13,3.83,0.01,10,3830,买盘
753,13:40:15,3.83,0.0,1,383,买盘
754,13:40:19,3.82,-0.01,30,11460,卖盘
755,13:40:42,3.82,0.0,5,1910,卖盘
756,13:40:45,3.83,0.01,2,766,买盘
757,13:40:58,3.82,-0.01,14,5348,卖盘
758,13:41:15,3.83,0.01,4,1532,买盘
759,13:41:27,3.83,0.0,47,18001,买盘
760,13:41:30,3.82,-0.01,195,74585,卖盘
761,13:41:34,3.82,0.0,50,19100,卖盘
762,13:41:43,3.82,0.0,50,19100,卖盘
763,13:41:45,3.83,0.01,2,766,买盘
764,13:41:54,3.83,0.0,1,383,买盘
765,13:41:58,3.82,-0.01,55,21010,卖盘
766,13:42:01,3.83,0.01,8,3064,买盘
767,13:42:04,3.82,-0.01,50,19100,卖盘
768,13:42:12,3.82,0.0,40,15280,卖盘
769,13:42:15,3.83,0.01,2,766,买盘
770,13:42:18,3.82,-0.01,18,6876,卖盘
771,13:42:34,3.82,0.0,10,3820,卖盘
772,13:42:37,3.83,0.01,843,322869,买盘
773,13:42:45,3.84,0.01,4,1536,买盘
774,13:42:55,3.82,-0.02,60,22970,卖盘
775,13:43:15,3.82,0.0,4,1534,卖盘
776,13:43:22,3.83,0.01,20,7660,中性盘
777,13:43:27,3.82,-0.01,17,6494,卖盘
778,13:43:45,3.83,0.01,3,1149,买盘
779,13:44:01,3.82,-0.01,6,2292,卖盘
780,13:44:16,3.83,0.01,2,766,买盘
781,13:44:43,3.83,0.0,3,1149,买盘
782,13:44:45,3.83,0.0,2,766,买盘
783,13:45:10,3.83,0.0,12,4596,买盘
784,13:45:16,3.83,0.0,4,1532,买盘
785,13:45:31,3.82,-0.01,79,30178,卖盘
786,13:45:46,3.83,0.01,4,1532,买盘
787,13:45:52,3.83,0.0,1,383,买盘
788,13:46:10,3.83,0.0,6,2298,买盘
789,13:46:15,3.83,0.0,3,1149,买盘
790,13:46:30,3.82,-0.01,110,42020,卖盘
791,13:46:33,3.83,0.01,15,5745,买盘
792,13:46:37,3.82,-0.01,100,38200,卖盘
793,13:46:46,3.83,0.01,11,4213,买盘
794,13:46:48,3.82,-0.01,96,36672,卖盘
795,13:46:51,3.82,0.0,101,38582,卖盘
796,13:46:55,3.83,0.01,8,3064,买盘
797,13:46:57,3.82,-0.01,44,16808,卖盘
798,13:47:04,3.82,0.0,35,13370,卖盘
799,13:47:09,3.82,0.0,18,6876,卖盘
800,13:47:15,3.82,0.0,125,47755,卖盘
801,13:47:28,3.82,0.0,653,249446,卖盘
802,13:47:31,3.82,0.0,143,54626,卖盘
803,13:47:33,3.82,0.0,149,56918,卖盘
804,13:47:37,3.82,0.0,58,22156,买盘
805,13:47:40,3.82,0.0,10,3820,买盘
806,13:47:46,3.82,0.0,10,3820,买盘
807,13:47:49,3.81,-0.01,1120,426720,卖盘
808,13:47:55,3.81,0.0,36,13725,卖盘
809,13:48:00,3.81,0.0,163,62103,卖盘
810,13:48:09,3.81,0.0,10,3810,卖盘
811,13:48:13,3.81,0.0,10,3810,卖盘
812,13:48:34,3.81,0.0,6,2286,卖盘
813,13:48:37,3.81,0.0,150,57150,卖盘
814,13:48:43,3.82,0.01,9,3438,买盘
815,13:48:52,3.81,-0.01,899,342519,卖盘
816,13:49:03,3.81,0.0,40,15240,卖盘
817,13:49:13,3.82,0.01,1070,408570,买盘
818,13:49:15,3.81,-0.01,1,381,卖盘
819,13:49:22,3.81,0.0,27,10287,卖盘
820,13:49:27,3.82,0.01,5,1910,买盘
821,13:49:33,3.82,0.0,1,382,买盘
822,13:49:42,3.81,-0.01,190,72480,卖盘
823,13:50:01,3.81,0.0,10,3810,卖盘
824,13:50:04,3.82,0.01,7,2674,买盘
825,13:50:10,3.81,-0.01,65,24765,卖盘
826,13:50:15,3.82,0.01,6,2292,买盘
827,13:50:28,3.81,-0.01,132,50292,卖盘
828,13:50:33,3.81,0.0,2,762,卖盘
829,13:50:43,3.82,0.01,10,3820,买盘
830,13:50:46,3.82,0.0,40,15280,买盘
831,13:51:01,3.82,0.0,4,1528,买盘
832,13:51:09,3.82,0.0,27,10314,买盘
833,13:51:16,3.81,-0.01,35,13335,卖盘
834,13:51:22,3.82,0.01,14,5348,买盘
835,13:51:25,3.82,0.0,40,15280,卖盘
836,13:51:43,3.82,0.0,30,11460,卖盘
837,13:51:46,3.82,0.0,20,7640,卖盘
838,13:51:49,3.82,0.0,88,33616,卖盘
839,13:52:22,3.82,0.0,1,382,卖盘
840,13:52:27,3.83,0.01,1841,705103,买盘
841,13:52:49,3.83,0.0,12,4596,买盘
842,13:53:13,3.83,0.0,27,10341,买盘
843,13:53:19,3.82,-0.01,75,28650,卖盘
844,13:53:43,3.82,0.0,43,16426,卖盘
845,13:53:46,3.83,0.01,50,19150,买盘
846,13:54:00,3.83,0.0,1,383,买盘
847,13:54:40,3.82,-0.01,10,3820,卖盘
848,13:54:43,3.82,0.0,32,12224,卖盘
849,13:54:51,3.82,0.0,60,22920,卖盘
850,13:55:01,3.82,0.0,3,1146,卖盘
851,13:55:04,3.83,0.01,20,7660,买盘
852,13:55:13,3.82,-0.01,139,53098,卖盘
853,13:55:27,3.81,-0.01,10,3810,卖盘
854,13:55:31,3.82,0.01,10,3820,买盘
855,13:55:54,3.82,0.0,10,3820,买盘
856,13:56:04,3.82,0.0,1,382,买盘
857,13:56:07,3.82,0.0,5,1910,买盘
858,13:56:12,3.82,0.0,4,1528,买盘
859,13:56:18,3.82,0.0,5,1910,买盘
860,13:56:33,3.81,-0.01,16,6096,卖盘
861,13:56:40,3.81,0.0,30,11430,卖盘
862,13:56:42,3.81,0.0,6,2286,卖盘
863,13:56:51,3.81,0.0,11,4191,卖盘
864,13:57:07,3.81,0.0,2,762,卖盘
865,13:57:13,3.82,0.01,1,382,买盘
866,13:57:19,3.82,0.0,20,7640,买盘
867,13:57:27,3.81,-0.01,78,29718,卖盘
868,13:57:34,3.81,0.0,280,106680,卖盘
869,13:58:01,3.81,0.0,127,48387,卖盘
870,13:58:07,3.81,0.0,16,6096,卖盘
871,13:58:25,3.82,0.01,9,3438,买盘
872,13:58:33,3.81,-0.01,109,41529,卖盘
873,13:58:49,3.81,0.0,21,8001,卖盘
874,13:58:57,3.81,0.0,59,22479,卖盘
875,13:59:09,3.81,0.0,80,30480,卖盘
876,13:59:34,3.81,0.0,55,20955,卖盘
877,13:59:40,3.81,0.0,54,20574,卖盘
878,13:59:43,3.82,0.01,10,3820,买盘
879,14:00:10,3.81,-0.01,25,9525,卖盘
880,14:00:13,3.81,0.0,124,47244,卖盘
881,14:00:16,3.81,0.0,29,11059,卖盘
882,14:00:19,3.81,0.0,30,11430,卖盘
883,14:00:25,3.81,0.0,10,3810,卖盘
884,14:00:28,3.81,0.0,350,133350,卖盘
885,14:00:30,3.81,0.0,99,37724,买盘
886,14:00:33,3.81,0.0,13,4953,卖盘
887,14:00:42,3.81,0.0,3,1143,卖盘
888,14:00:52,3.8,-0.01,325,123500,卖盘
889,14:01:04,3.81,0.01,115,43815,买盘
890,14:01:18,3.8,-0.01,3,1140,卖盘
891,14:01:21,3.81,0.01,5,1905,买盘
892,14:01:25,3.8,-0.01,24,9120,卖盘
893,14:01:36,3.81,0.01,60,22860,买盘
894,14:01:49,3.81,0.0,20,7620,买盘
895,14:01:52,3.8,-0.01,159,60569,卖盘
896,14:01:55,3.81,0.01,10,3810,买盘
897,14:01:58,3.81,0.0,10,3810,买盘
898,14:02:06,3.81,0.0,130,49530,买盘
899,14:02:09,3.81,0.0,60,22860,卖盘
900,14:02:13,3.81,0.0,9,3429,卖盘
901,14:02:15,3.81,0.0,186,70866,卖盘
902,14:02:37,3.81,0.0,1,381,卖盘
903,14:02:43,3.82,0.01,8,3056,买盘
904,14:02:48,3.81,-0.01,1,381,卖盘
905,14:03:10,3.82,0.01,20,7640,买盘
906,14:03:16,3.82,0.0,28,10696,买盘
907,14:03:19,3.81,-0.01,68,25908,卖盘
908,14:03:31,3.81,0.0,4,1524,买盘
909,14:03:36,3.81,0.0,26,9926,中性盘
910,14:04:09,3.81,0.0,9,3429,卖盘
911,14:04:25,3.81,0.0,139,52959,卖盘
912,14:04:31,3.81,0.0,23,8763,卖盘
913,14:04:45,3.82,0.01,3,1146,买盘
914,14:05:04,3.82,0.0,2,764,买盘
915,14:05:06,3.81,-0.01,2,762,卖盘
916,14:05:10,3.81,0.0,60,22860,卖盘
917,14:05:19,3.81,0.0,50,19050,卖盘
918,14:05:27,3.81,0.0,40,15240,卖盘
919,14:05:34,3.81,0.0,14,5334,买盘
920,14:05:37,3.81,0.0,15,5715,买盘
921,14:06:13,3.81,0.0,30,11430,买盘
922,14:06:34,3.8,-0.01,40,15200,卖盘
923,14:06:40,3.8,0.0,20,7600,卖盘
924,14:06:43,3.81,0.01,40,15240,买盘
925,14:07:01,3.8,-0.01,200,76000,卖盘
926,14:07:07,3.8,0.0,300,114000,卖盘
927,14:07:19,3.8,0.0,11,4180,卖盘
928,14:07:21,3.81,0.01,64,24384,买盘
929,14:07:24,3.8,-0.01,155,58900,卖盘
930,14:07:33,3.8,0.0,69,26220,卖盘
931,14:07:36,3.8,0.0,23,8740,卖盘
932,14:07:42,3.8,0.0,21,7980,卖盘
933,14:07:49,3.8,0.0,15,5700,卖盘
934,14:07:55,3.8,0.0,175,66500,卖盘
935,14:07:58,3.8,0.0,22,8360,卖盘
936,14:08:01,3.8,0.0,89,33820,卖盘
937,14:08:04,3.8,0.0,159,60420,卖盘
938,14:08:10,3.8,0.0,1482,563160,卖盘
939,14:08:13,3.8,0.0,47,17860,卖盘
940,14:08:22,3.79,-0.01,58,21982,卖盘
941,14:08:28,3.79,0.0,570,216030,卖盘
942,14:08:34,3.78,-0.01,5,1890,卖盘
943,14:08:36,3.78,0.0,684,258672,卖盘
944,14:08:49,3.78,0.0,105,39690,卖盘
945,14:08:55,3.78,0.0,97,36666,卖盘
946,14:09:04,3.79,0.01,14,5302,买盘
947,14:09:10,3.78,-0.01,300,113400,卖盘
948,14:09:13,3.78,0.0,49,18522,卖盘
949,14:09:16,3.78,0.0,22,8316,买盘
950,14:09:19,3.78,0.0,53,20034,买盘
951,14:09:31,3.78,0.0,88,33235,买盘
952,14:09:33,3.78,0.0,13,4914,买盘
953,14:09:40,3.78,0.0,75,28350,卖盘
954,14:09:52,3.78,0.0,159,60102,卖盘
955,14:09:55,3.79,0.01,1,379,买盘
956,14:10:01,3.78,-0.01,121,45738,卖盘
957,14:10:05,3.78,0.0,31,11718,买盘
958,14:10:10,3.78,0.0,50,18900,卖盘
959,14:10:13,3.77,-0.01,137,51714,卖盘
960,14:10:16,3.78,0.01,29,10962,买盘
961,14:10:24,3.78,0.0,124,46826,买盘
962,14:10:27,3.79,0.01,6,2274,买盘
963,14:10:34,3.77,-0.02,300,113169,卖盘
964,14:10:45,3.78,0.01,32,12096,卖盘
965,14:10:55,3.78,0.0,18,6804,买盘
966,14:10:58,3.77,-0.01,66,24894,卖盘
967,14:11:15,3.78,0.01,87,32908,中性盘
968,14:11:18,3.78,0.0,85,32130,卖盘
969,14:11:24,3.79,0.01,6,2274,买盘
970,14:11:28,3.79,0.0,68,25772,买盘
971,14:11:40,3.78,-0.01,4,1512,卖盘
972,14:11:43,3.77,-0.01,100,37716,卖盘
973,14:11:52,3.78,0.01,69,26082,卖盘
974,14:11:57,3.78,0.0,10,3780,买盘
975,14:12:00,3.78,0.0,1,378,买盘
976,14:12:04,3.78,0.0,32,12096,买盘
977,14:12:06,3.78,0.0,3,1134,买盘
978,14:12:09,3.77,-0.01,164,61892,卖盘
979,14:12:13,3.78,0.01,100,37800,买盘
980,14:12:19,3.78,0.0,50,18900,买盘
981,14:12:24,3.77,-0.01,100,37700,卖盘
982,14:12:27,3.77,0.0,27,10179,卖盘
983,14:12:31,3.78,0.01,70,26460,买盘
984,14:12:40,3.77,-0.01,85,32053,卖盘
985,14:12:45,3.77,0.0,50,18850,卖盘
986,14:12:48,3.78,0.01,10,3780,买盘
987,14:12:55,3.77,-0.01,142,53598,卖盘
988,14:13:12,3.78,0.01,150,56700,买盘
989,14:13:16,3.78,0.0,191,72198,买盘
990,14:13:18,3.77,-0.01,156,58814,卖盘
991,14:13:21,3.77,0.0,133,50141,卖盘
992,14:13:31,3.78,0.01,54,20412,卖盘
993,14:13:36,3.78,0.0,52,19656,买盘
994,14:13:45,3.78,0.0,206,77868,买盘
995,14:13:51,3.78,0.0,10,3780,买盘
996,14:13:58,3.78,0.0,5,1890,买盘
997,14:14:01,3.78,0.0,50,18900,买盘
998,14:14:07,3.78,0.0,18,6804,卖盘
999,14:14:19,3.77,-0.01,23,8671,卖盘
1000,14:14:28,3.77,0.0,5,1885,卖盘
1001,14:14:31,3.77,0.0,388,146276,卖盘
1002,14:14:40,3.78,0.01,219,82670,买盘
1003,14:14:45,3.78,0.0,38,14292,买盘
1004,14:14:57,3.76,-0.02,101,38058,卖盘
1005,14:15:12,3.77,0.01,21,7917,卖盘
1006,14:15:18,3.78,0.01,1,378,买盘
1007,14:15:45,3.77,-0.01,24,9048,卖盘
1008,14:15:52,3.77,0.0,3,1131,卖盘
1009,14:16:25,3.78,0.01,10,3780,买盘
1010,14:16:40,3.77,-0.01,20,7540,卖盘
1011,14:16:58,3.77,0.0,75,28275,卖盘
1012,14:17:06,3.77,0.0,230,86710,卖盘
1013,14:17:19,3.77,0.0,45,16965,卖盘
1014,14:17:22,3.78,0.01,17,6426,买盘
1015,14:17:31,3.77,-0.01,30,11310,卖盘
1016,14:17:36,3.77,0.0,50,18850,卖盘
1017,14:18:12,3.77,0.0,19,7163,卖盘
1018,14:18:16,3.78,0.01,46,17388,买盘
1019,14:18:25,3.77,-0.01,50,18850,卖盘
1020,14:18:46,3.77,0.0,10,3770,卖盘
1021,14:18:48,3.78,0.01,76,28728,买盘
1022,14:18:52,3.78,0.0,1,378,买盘
1023,14:19:27,3.78,0.0,17,6426,买盘
1024,14:19:31,3.78,0.0,5,1890,买盘
1025,14:19:42,3.78,0.0,10,3780,买盘
1026,14:19:45,3.78,0.0,105,39690,买盘
1027,14:19:57,3.77,-0.01,140,52860,卖盘
1028,14:20:04,3.78,0.01,806,304668,买盘
1029,14:20:10,3.77,-0.01,30,11310,卖盘
1030,14:20:12,3.79,0.02,4,1516,买盘
1031,14:20:31,3.78,-0.01,26,9828,买盘
1032,14:20:34,3.78,0.0,24,9072,买盘
1033,14:20:36,3.79,0.01,18,6822,买盘
1034,14:20:46,3.79,0.0,5,1895,买盘
1035,14:20:52,3.79,0.0,54,20466,买盘
1036,14:20:55,3.78,-0.01,32,12100,卖盘
1037,14:21:04,3.79,0.01,24,9096,买盘
1038,14:21:06,3.79,0.0,65,24635,卖盘
1039,14:21:15,3.8,0.01,7,2660,买盘
1040,14:21:25,3.79,-0.01,14,5306,卖盘
1041,14:21:30,3.79,0.0,28,10612,卖盘
1042,14:22:04,3.79,0.0,50,18950,买盘
1043,14:22:06,3.78,-0.01,66,24961,卖盘
1044,14:22:37,3.78,0.0,30,11340,卖盘
1045,14:22:46,3.79,0.01,19,7185,买盘
1046,14:22:52,3.79,0.0,20,7580,买盘
1047,14:22:55,3.79,0.0,3,1137,买盘
1048,14:22:58,3.79,0.0,2,758,买盘
1049,14:23:01,3.79,0.0,70,26530,买盘
1050,14:23:10,3.79,0.0,10,3790,买盘
1051,14:23:15,3.79,0.0,5,1895,买盘
1052,14:23:46,3.79,0.0,5,1895,买盘
1053,14:23:49,3.79,0.0,3,1137,买盘
1054,14:24:04,3.79,0.0,160,60640,买盘
1055,14:24:15,3.79,0.0,110,41690,买盘
1056,14:24:21,3.79,0.0,1,379,买盘
1057,14:24:31,3.79,0.0,4,1516,买盘
1058,14:24:34,3.79,0.0,69,26151,买盘
1059,14:24:36,3.79,0.0,87,32973,买盘
1060,14:24:46,3.79,0.0,4,1516,买盘
1061,14:25:10,3.79,0.0,2,758,买盘
1062,14:25:15,3.79,0.0,4,1516,买盘
1063,14:25:18,3.79,0.0,1,379,买盘
1064,14:25:25,3.79,0.0,39,14781,买盘
1065,14:25:27,3.79,0.0,5,1895,买盘
1066,14:25:46,3.79,0.0,6,2274,买盘
1067,14:26:05,3.79,0.0,138,52302,买盘
1068,14:26:10,3.79,0.0,9,3411,买盘
1069,14:26:16,3.79,0.0,3,1137,买盘
1070,14:26:18,3.78,-0.01,17,6426,卖盘
1071,14:26:43,3.79,0.01,20,7580,买盘
1072,14:26:46,3.78,-0.01,7,2652,卖盘
1073,14:27:07,3.79,0.01,10,3790,买盘
1074,14:27:10,3.79,0.0,3,1137,买盘
1075,14:27:15,3.79,0.0,9,3411,买盘
1076,14:27:34,3.79,0.0,10,3790,买盘
1077,14:27:45,3.79,0.0,4,1516,买盘
1078,14:27:48,3.79,0.0,5,1895,买盘
1079,14:27:52,3.79,0.0,40,15160,买盘
1080,14:27:55,3.79,0.0,7,2653,买盘
1081,14:28:04,3.79,0.0,13,4927,卖盘
1082,14:28:06,3.78,-0.01,20,7560,卖盘
1083,14:28:10,3.79,0.01,3,1137,买盘
1084,14:28:16,3.79,0.0,1,379,买盘
1085,14:28:18,3.79,0.0,7,2653,买盘
1086,14:28:37,3.79,0.0,105,39795,买盘
1087,14:28:39,3.8,0.01,466,176939,买盘
1088,14:28:46,3.81,0.01,2,762,买盘
1089,14:28:49,3.8,-0.01,60,22800,卖盘
1090,14:28:52,3.8,0.0,2,760,卖盘
1091,14:29:04,3.8,0.0,1,380,买盘
1092,14:29:21,3.8,0.0,47,17860,买盘
1093,14:29:24,3.8,0.0,1,380,买盘
1094,14:29:31,3.79,-0.01,22,8345,卖盘
1095,14:29:40,3.79,0.0,237,89823,卖盘
1096,14:29:43,3.79,0.0,106,40174,买盘
1097,14:29:46,3.79,0.0,8,3032,买盘
1098,14:29:52,3.79,0.0,56,21224,买盘
1099,14:29:55,3.79,0.0,112,42448,卖盘
1100,14:30:34,3.79,0.0,30,11370,卖盘
1101,14:30:36,3.8,0.01,962,365074,买盘
1102,14:30:49,3.78,-0.02,25,9450,卖盘
1103,14:30:58,3.79,0.01,3,1137,买盘
1104,14:31:00,3.79,0.0,10,3790,买盘
1105,14:31:10,3.78,-0.01,106,40068,卖盘
1106,14:31:16,3.78,0.0,39,14742,卖盘
1107,14:31:39,3.78,0.0,50,18900,卖盘
1108,14:31:49,3.78,0.0,22,8352,卖盘
1109,14:32:10,3.78,0.0,184,69552,卖盘
1110,14:32:39,3.78,0.0,45,17010,卖盘
1111,14:32:48,3.79,0.01,6,2274,买盘
1112,14:32:51,3.79,0.0,4,1516,买盘
1113,14:33:07,3.79,0.0,16,6064,卖盘
1114,14:33:10,3.79,0.0,30,11370,卖盘
1115,14:33:21,3.79,0.0,3,1137,买盘
1116,14:33:31,3.78,-0.01,42,15876,卖盘
1117,14:33:36,3.79,0.01,2,758,买盘
1118,14:33:43,3.79,0.0,11,4169,买盘
1119,14:33:45,3.79,0.0,15,5685,卖盘
1120,14:33:48,3.8,0.01,50,19000,买盘
1121,14:34:04,3.8,0.0,144,54720,买盘
1122,14:34:19,3.8,0.0,56,21280,卖盘
1123,14:34:22,3.8,0.0,1,380,买盘
1124,14:34:27,3.8,0.0,3,1140,买盘
1125,14:34:30,3.79,-0.01,40,15160,卖盘
1126,14:34:37,3.79,0.0,2,758,买盘
1127,14:34:42,3.8,0.01,200,75842,买盘
1128,14:34:46,3.78,-0.02,100,37803,卖盘
1129,14:35:19,3.8,0.02,71,26980,买盘
1130,14:35:22,3.8,0.0,129,49020,卖盘
1131,14:35:37,3.79,-0.01,48,18192,卖盘
1132,14:35:40,3.8,0.01,86,32680,卖盘
1133,14:35:52,3.8,0.0,153,58140,卖盘
1134,14:35:58,3.8,0.0,23,8740,卖盘
1135,14:36:00,3.8,0.0,10,3800,卖盘
1136,14:36:06,3.8,0.0,114,43320,卖盘
1137,14:36:09,3.8,0.0,2,760,买盘
1138,14:36:43,3.8,0.0,10,3800,买盘
1139,14:37:13,3.79,-0.01,45,17055,卖盘
1140,14:37:19,3.79,0.0,8,3032,卖盘
1141,14:37:22,3.79,0.0,2,758,买盘
1142,14:37:58,3.79,0.0,26,9854,卖盘
1143,14:38:01,3.79,0.0,9,3411,买盘
1144,14:38:19,3.79,0.0,40,15160,卖盘
1145,14:38:22,3.79,0.0,3,1137,卖盘
1146,14:38:43,3.78,-0.01,169,63882,卖盘
1147,14:38:49,3.79,0.01,22,8338,买盘
1148,14:38:52,3.79,0.0,50,18950,买盘
1149,14:39:07,3.78,-0.01,10,3780,卖盘
1150,14:39:15,3.78,0.0,378,142884,卖盘
1151,14:39:28,3.78,0.0,310,117480,卖盘
1152,14:39:30,3.78,0.0,5,1890,卖盘
1153,14:39:40,3.78,0.0,8,3024,卖盘
1154,14:39:55,3.78,0.0,20,7560,卖盘
1155,14:39:58,3.78,0.0,45,17010,卖盘
1156,14:40:01,3.78,0.0,52,19656,卖盘
1157,14:40:04,3.78,0.0,100,37800,卖盘
1158,14:40:09,3.78,0.0,56,21168,卖盘
1159,14:40:13,3.78,0.0,30,11340,卖盘
1160,14:40:25,3.78,0.0,10,3780,卖盘
1161,14:40:27,3.78,0.0,69,26082,卖盘
1162,14:40:31,3.78,0.0,31,11718,卖盘
1163,14:40:34,3.78,0.0,47,17766,卖盘
1164,14:40:37,3.78,0.0,44,16632,卖盘
1165,14:40:40,3.78,0.0,163,61614,卖盘
1166,14:40:48,3.77,-0.01,20,7540,卖盘
1167,14:40:54,3.77,0.0,5,1885,卖盘
1168,14:41:04,3.78,0.01,13,4914,买盘
1169,14:41:06,3.77,-0.01,45,16965,卖盘
1170,14:41:22,3.77,0.0,10,3770,卖盘
1171,14:41:25,3.77,0.0,40,15080,卖盘
1172,14:41:28,3.77,0.0,20,7540,卖盘
1173,14:41:30,3.77,0.0,50,18850,卖盘
1174,14:41:34,3.77,0.0,32,12064,卖盘
1175,14:41:48,3.77,0.0,23,8671,卖盘
1176,14:41:51,3.78,0.01,1235,466830,买盘
1177,14:41:54,3.77,-0.01,111,41847,卖盘
1178,14:42:18,3.78,0.01,21,7920,买盘
1179,14:42:31,3.78,0.0,10,3780,买盘
1180,14:42:33,3.77,-0.01,56,21112,卖盘
1181,14:42:36,3.78,0.01,7,2646,买盘
1182,14:42:46,3.77,-0.01,213,80301,卖盘
1183,14:42:49,3.77,0.0,155,58435,卖盘
1184,14:43:04,3.77,0.0,30,11310,卖盘
1185,14:43:10,3.77,0.0,2422,915365,卖盘
1186,14:43:16,3.77,0.0,70,26398,卖盘
1187,14:43:22,3.77,0.0,1,377,卖盘
1188,14:43:31,3.77,0.0,394,148538,卖盘
1189,14:43:34,3.77,0.0,143,53911,买盘
1190,14:43:39,3.77,0.0,52,19604,卖盘
1191,14:43:58,3.77,0.0,3,1131,买盘
1192,14:44:12,3.77,0.0,1,377,买盘
1193,14:44:16,3.76,-0.01,21,7897,卖盘
1194,14:44:28,3.77,0.01,10,3770,买盘
1195,14:44:37,3.77,0.0,1,377,买盘
1196,14:44:46,3.77,0.0,6,2262,买盘
1197,14:44:48,3.77,0.0,5,1885,买盘
1198,14:44:51,3.77,0.0,318,119886,买盘
1199,14:44:58,3.76,-0.01,10,3767,卖盘
1200,14:45:01,3.77,0.01,12,4524,卖盘
1201,14:45:04,3.77,0.0,8,3016,卖盘
1202,14:45:07,3.76,-0.01,268,100782,卖盘
1203,14:45:10,3.77,0.01,23,8671,卖盘
1204,14:45:16,3.77,0.0,3,1131,买盘
1205,14:45:19,3.77,0.0,100,37700,买盘
1206,14:45:25,3.77,0.0,3,1131,买盘
1207,14:45:28,3.77,0.0,44,16588,买盘
1208,14:45:31,3.76,-0.01,117,44034,卖盘
1209,14:45:34,3.77,0.01,36,13572,买盘
1210,14:45:37,3.77,0.0,2,754,卖盘
1211,14:45:43,3.77,0.0,45,16965,卖盘
1212,14:45:52,3.77,0.0,2,754,卖盘
1213,14:46:28,3.77,0.0,20,7540,卖盘
1214,14:46:34,3.77,0.0,10,3770,卖盘
1215,14:47:01,3.78,0.01,1,378,买盘
1216,14:47:19,3.77,-0.01,46,17342,卖盘
1217,14:47:30,3.77,0.0,67,25259,卖盘
1218,14:47:37,3.77,0.0,51,19227,卖盘
1219,14:47:43,3.76,-0.01,229,86104,卖盘
1220,14:47:52,3.77,0.01,4,1508,买盘
1221,14:47:54,3.76,-0.01,23,8658,卖盘
1222,14:48:13,3.76,0.0,27,10152,卖盘
1223,14:48:19,3.76,0.0,708,266208,卖盘
1224,14:48:25,3.76,0.0,19,7144,卖盘
1225,14:48:31,3.76,0.0,66,24816,卖盘
1226,14:48:34,3.76,0.0,80,30080,卖盘
1227,14:48:43,3.76,0.0,25,9400,卖盘
1228,14:48:49,3.76,0.0,40,15040,卖盘
1229,14:48:58,3.77,0.01,143,53809,买盘
1230,14:49:10,3.77,0.0,6,2262,买盘
1231,14:49:13,3.76,-0.01,82,30832,卖盘
1232,14:49:25,3.76,0.0,3,1128,卖盘
1233,14:49:28,3.76,0.0,50,18800,卖盘
1234,14:49:36,3.76,0.0,3,1128,卖盘
1235,14:49:40,3.76,0.0,32,12032,卖盘
1236,14:49:43,3.77,0.01,129,48545,买盘
1237,14:49:48,3.76,-0.01,36,13536,卖盘
1238,14:49:55,3.77,0.01,30,11310,买盘
1239,14:49:58,3.76,-0.01,10,3760,卖盘
1240,14:50:04,3.76,0.0,22,8272,卖盘
1241,14:50:06,3.76,0.0,28,10528,卖盘
1242,14:50:28,3.76,0.0,121,45508,卖盘
1243,14:50:40,3.76,0.0,115,43270,卖盘
1244,14:50:57,3.76,0.0,7,2634,卖盘
1245,14:51:00,3.76,0.0,34,12784,卖盘
1246,14:51:10,3.77,0.01,1,377,买盘
1247,14:51:12,3.77,0.0,158,59566,买盘
1248,14:51:15,3.76,-0.01,204,76704,卖盘
1249,14:51:18,3.76,0.0,90,33840,卖盘
1250,14:51:21,3.76,0.0,20,7520,卖盘
1251,14:51:28,3.77,0.01,1,377,买盘
1252,14:51:42,3.77,0.0,83,31291,买盘
1253,14:51:45,3.76,-0.01,49,18424,卖盘
1254,14:51:49,3.77,0.01,721,271817,买盘
1255,14:51:55,3.77,0.0,104,39208,卖盘
1256,14:51:57,3.77,0.0,79,29783,卖盘
1257,14:52:04,3.77,0.0,30,11310,卖盘
1258,14:52:19,3.78,0.01,51,19278,买盘
1259,14:52:22,3.77,-0.01,23,8671,卖盘
1260,14:52:25,3.77,0.0,181,68237,卖盘
1261,14:52:31,3.78,0.01,120,45340,买盘
1262,14:52:33,3.77,-0.01,50,18850,卖盘
1263,14:52:45,3.77,0.0,10,3770,卖盘
1264,14:53:13,3.77,0.0,48,18096,卖盘
1265,14:53:16,3.77,0.0,40,15080,卖盘
1266,14:53:18,3.77,0.0,10,3770,卖盘
1267,14:53:22,3.78,0.01,52,19656,买盘
1268,14:53:25,3.77,-0.01,14,5279,卖盘
1269,14:53:27,3.78,0.01,24,9072,买盘
1270,14:53:31,3.78,0.0,27,10189,买盘
1271,14:53:37,3.78,0.0,10,3780,买盘
1272,14:53:45,3.77,-0.01,32,12064,卖盘
1273,14:53:55,3.77,0.0,65,24505,卖盘
1274,14:53:58,3.77,0.0,3,1131,卖盘
1275,14:54:06,3.77,0.0,15,5655,卖盘
1276,14:54:10,3.77,0.0,10,3770,卖盘
1277,14:54:13,3.77,0.0,5,1885,卖盘
1278,14:54:19,3.78,0.01,10,3780,买盘
1279,14:54:22,3.77,-0.01,100,37700,卖盘
1280,14:54:27,3.77,0.0,10,3770,卖盘
1281,14:54:33,3.77,0.0,156,58946,卖盘
1282,14:54:40,3.77,0.0,22,8294,卖盘
1283,14:54:58,3.77,0.0,162,61074,卖盘
1284,14:55:01,3.77,0.0,10,3770,卖盘
1285,14:55:12,3.78,0.01,2,756,买盘
1286,14:55:19,3.77,-0.01,50,18850,卖盘
1287,14:55:22,3.78,0.01,14,5292,买盘
1288,14:55:37,3.78,0.0,94,35532,买盘
1289,14:55:40,3.78,0.0,45,17010,买盘
1290,14:55:58,3.77,-0.01,860,324291,卖盘
1291,14:56:01,3.77,0.0,2,754,买盘
1292,14:56:04,3.77,0.0,45,16965,买盘
1293,14:56:07,3.77,0.0,5,1885,买盘
1294,14:56:13,3.76,-0.01,78,29343,卖盘
1295,14:56:15,3.77,0.01,30,11310,买盘
1296,14:56:18,3.76,-0.01,502,188836,卖盘
1297,14:56:21,3.76,0.0,73,27448,卖盘
1298,14:56:25,3.76,0.0,27,10152,卖盘
1299,14:56:28,3.76,0.0,9,3384,买盘
1300,14:56:31,3.76,0.0,70,26320,买盘
1301,14:56:37,3.76,0.0,27,10152,买盘
1302,14:56:40,3.77,0.01,71,26767,买盘
1303,14:56:45,3.76,-0.01,20,7520,卖盘
1304,14:56:51,3.77,0.01,5,1885,买盘
1305,14:56:54,3.76,-0.01,20,7520,卖盘
1306,14:57:00,3.76,0.0,71,26696,卖盘
1307,15:00:04,3.75,-0.01,2954,1107750,卖盘
