,time,price,change,volume,amount,type
0,09:25:04,3.96,-0.07,692,274032,卖盘
1,09:30:04,3.95,-0.01,1071,424566,卖盘
2,09:30:07,3.95,0.0,236,93220,买盘
3,09:30:10,3.95,0.0,255,100725,买盘
4,09:30:12,3.95,0.0,40,15784,买盘
5,09:30:16,3.95,0.0,824,325480,买盘
6,09:30:19,3.95,0.0,58,22910,买盘
7,09:30:22,3.95,0.0,180,71100,买盘
8,09:30:25,3.95,0.0,622,245660,买盘
9,09:30:34,3.95,0.0,120,47420,卖盘
10,09:30:40,3.96,0.01,82,32472,买盘
11,09:30:43,3.96,0.0,32,12672,买盘
12,09:30:46,3.96,0.0,20,7920,卖盘
13,09:30:58,3.98,0.02,37,14726,买盘
14,09:31:01,3.98,0.0,22,8756,卖盘
15,09:31:04,3.98,0.0,30,11945,卖盘
16,09:31:06,3.98,0.0,2,796,卖盘
17,09:31:10,3.99,0.01,20,7980,买盘
18,09:31:13,3.98,-0.01,11,4378,卖盘
19,09:31:16,3.99,0.01,23,9177,买盘
20,09:31:18,3.99,0.0,15,5975,买盘
21,09:31:27,3.99,0.0,7,2793,买盘
22,09:31:31,3.99,0.0,13,5187,买盘
23,09:31:34,3.98,-0.01,36,14328,卖盘
24,09:31:37,3.98,0.0,10,3980,买盘
25,09:31:40,3.98,0.0,31,12338,买盘
26,09:31:43,3.97,-0.01,32,12704,卖盘
27,09:31:46,3.98,0.01,50,19900,买盘
28,09:31:49,3.98,0.0,68,27079,买盘
29,09:31:58,3.98,0.0,20,7960,卖盘
30,09:32:07,3.98,0.0,50,19900,卖盘
31,09:32:10,3.98,0.0,100,39800,卖盘
32,09:32:13,3.98,0.0,17,6780,卖盘
33,09:32:16,3.98,0.0,38,15124,卖盘
34,09:32:22,3.98,0.0,49,19502,买盘
35,09:32:24,3.98,0.0,156,62088,买盘
36,09:32:28,3.98,0.0,20,7960,卖盘
37,09:32:31,3.98,0.0,11,4378,卖盘
38,09:32:34,3.99,0.01,30,11970,买盘
39,09:32:37,3.99,0.0,30,11970,买盘
40,09:32:39,3.99,0.0,21,8379,买盘
41,09:32:46,3.99,0.0,188,75012,卖盘
42,09:32:49,3.99,0.0,47,18753,买盘
43,09:32:52,3.99,0.0,201,80198,买盘
44,09:32:54,3.99,0.0,28,11172,买盘
45,09:32:57,3.99,0.0,2,798,买盘
46,09:33:01,3.99,0.0,37,14763,买盘
47,09:33:04,3.99,0.0,38,15162,买盘
48,09:33:07,3.99,0.0,30,11970,买盘
49,09:33:10,3.99,0.0,219,87381,卖盘
50,09:33:13,3.98,-0.01,71,28308,卖盘
51,09:33:16,3.99,0.01,108,43092,买盘
52,09:33:19,3.99,0.0,3,1197,买盘
53,09:33:28,3.99,0.0,234,93366,买盘
54,09:33:30,3.99,0.0,55,21940,买盘
55,09:33:33,3.98,-0.01,5,1990,卖盘
56,09:33:37,3.99,0.01,26,10374,买盘
57,09:33:40,3.99,0.0,16,6384,买盘
58,09:33:43,3.98,-0.01,1,398,卖盘
59,09:33:46,3.99,0.01,30,11970,买盘
60,09:33:49,3.98,-0.01,500,199000,卖盘
61,09:33:52,3.99,0.01,22,8777,买盘
62,09:33:55,3.98,-0.01,15,5970,卖盘
63,09:33:58,3.99,0.01,51,20349,买盘
64,09:34:04,3.98,-0.01,1,398,卖盘
65,09:34:07,3.99,0.01,5,1995,买盘
66,09:34:10,3.99,0.0,50,19950,买盘
67,09:34:13,3.98,-0.01,200,79600,卖盘
68,09:34:16,3.98,0.0,205,81684,卖盘
69,09:34:18,3.98,0.0,36,14328,卖盘
70,09:34:22,3.98,0.0,62,24661,买盘
71,09:34:25,3.97,-0.01,155,61541,卖盘
72,09:34:28,3.98,0.01,13,5174,买盘
73,09:34:31,3.97,-0.01,22,8746,卖盘
74,09:34:33,3.97,0.0,52,20644,卖盘
75,09:34:39,3.97,0.0,41,16277,卖盘
76,09:34:43,3.97,0.0,9,3573,卖盘
77,09:34:49,3.98,0.01,98,38959,买盘
78,09:34:52,3.97,-0.01,92,36524,卖盘
79,09:34:58,3.97,0.0,5,1985,卖盘
80,09:35:01,3.97,0.0,44,17468,卖盘
81,09:35:04,3.97,0.0,50,19850,卖盘
82,09:35:07,3.97,0.0,41,16277,卖盘
83,09:35:10,3.98,0.01,1,398,买盘
84,09:35:16,3.97,-0.01,50,19850,卖盘
85,09:35:19,3.97,0.0,48,19056,卖盘
86,09:35:22,3.97,0.0,20,7940,卖盘
87,09:35:28,3.97,0.0,285,113175,卖盘
88,09:35:33,3.97,0.0,16,6352,买盘
89,09:35:37,3.97,0.0,30,11910,买盘
90,09:35:43,3.97,0.0,3,1191,买盘
91,09:35:46,3.97,0.0,11,4366,买盘
92,09:35:49,3.97,0.0,10,3970,买盘
93,09:35:51,3.96,-0.01,80,31680,卖盘
94,09:35:55,3.96,0.0,47,18612,卖盘
95,09:35:58,3.97,0.01,42,16637,买盘
96,09:36:01,3.97,0.0,22,8732,买盘
97,09:36:03,3.96,-0.01,70,27725,卖盘
98,09:36:07,3.96,0.0,50,19800,卖盘
99,09:36:10,3.96,0.0,177,70092,卖盘
100,09:36:13,3.95,-0.01,426,168303,卖盘
101,09:36:15,3.96,0.01,16,6336,卖盘
102,09:36:19,3.96,0.0,55,21780,卖盘
103,09:36:25,3.96,0.0,14,5544,买盘
104,09:36:27,3.96,0.0,5,1978,买盘
105,09:36:37,3.95,-0.01,186,73490,卖盘
106,09:36:39,3.96,0.01,58,22920,买盘
107,09:36:43,3.95,-0.01,220,86900,卖盘
108,09:36:48,3.95,0.0,28,11060,买盘
109,09:36:55,3.94,-0.01,20,8195,卖盘
110,09:36:58,3.95,0.01,31,12244,买盘
111,09:37:01,3.95,0.0,8,3160,买盘
112,09:37:03,3.95,0.0,121,47795,买盘
113,09:37:06,3.95,0.0,13,5135,买盘
114,09:37:13,3.95,0.0,10,3950,卖盘
115,09:37:16,3.95,0.0,110,43450,卖盘
116,09:37:19,3.95,0.0,12,4740,卖盘
117,09:37:22,3.95,0.0,75,29625,卖盘
118,09:37:28,3.96,0.01,244,96575,买盘
119,09:37:30,3.95,-0.01,254,100330,卖盘
120,09:37:34,3.95,0.0,7,2765,卖盘
121,09:37:37,3.95,0.0,40,15800,卖盘
122,09:37:43,3.96,0.01,3,1188,买盘
123,09:37:46,3.96,0.0,78,30860,买盘
124,09:37:49,3.96,0.0,15,5940,买盘
125,09:37:54,3.96,0.0,249,98565,买盘
126,09:37:58,3.96,0.0,132,52272,买盘
127,09:38:19,3.97,0.01,5,1985,买盘
128,09:38:22,3.97,0.0,326,129398,买盘
129,09:38:25,3.97,0.0,27,10719,卖盘
130,09:38:28,3.97,0.0,6,2382,卖盘
131,09:38:31,3.98,0.01,41,16318,买盘
132,09:38:34,3.97,-0.01,7,2779,卖盘
133,09:38:40,3.98,0.01,1,398,买盘
134,09:38:43,3.97,-0.01,37,14704,卖盘
135,09:38:49,3.97,0.0,231,91707,卖盘
136,09:38:52,3.97,0.0,56,22262,卖盘
137,09:38:55,3.98,0.01,20,7960,买盘
138,09:38:58,3.98,0.0,132,52536,买盘
139,09:39:04,3.98,0.0,325,129110,买盘
140,09:39:06,3.98,0.0,80,31840,买盘
141,09:39:13,3.98,0.0,4,1592,买盘
142,09:39:16,3.97,-0.01,25,9929,卖盘
143,09:39:19,3.98,0.01,1,398,买盘
144,09:39:37,3.98,0.0,10,3980,买盘
145,09:39:43,3.98,0.0,50,19900,买盘
146,09:39:46,3.98,0.0,40,15920,买盘
147,09:39:49,3.97,-0.01,30,11915,卖盘
148,09:39:55,3.98,0.01,1,398,买盘
149,09:39:57,3.98,0.0,50,19900,买盘
150,09:40:25,3.97,-0.01,26,10322,卖盘
151,09:40:30,3.97,0.0,145,57565,卖盘
152,09:40:37,3.97,0.0,66,26202,卖盘
153,09:40:39,3.97,0.0,300,119100,卖盘
154,09:40:52,3.97,0.0,45,17865,卖盘
155,09:40:55,3.98,0.01,10,3980,买盘
156,09:40:58,3.97,-0.01,88,34970,卖盘
157,09:41:01,3.97,0.0,81,32157,卖盘
158,09:41:07,3.97,0.0,20,7940,买盘
159,09:41:10,3.97,0.0,3,1191,买盘
160,09:41:13,3.97,0.0,97,38509,买盘
161,09:41:19,3.98,0.01,10,3980,买盘
162,09:41:40,3.98,0.0,60,23880,买盘
163,09:41:43,3.97,-0.01,42,16674,卖盘
164,09:41:49,3.97,0.0,50,19850,卖盘
165,09:41:58,3.97,0.0,21,8337,卖盘
166,09:42:04,3.97,0.0,44,17468,卖盘
167,09:42:07,3.97,0.0,29,11513,买盘
168,09:42:10,3.97,0.0,34,13498,买盘
169,09:42:21,3.97,0.0,21,8337,卖盘
170,09:42:25,3.97,0.0,1,397,卖盘
171,09:42:28,3.97,0.0,55,21835,卖盘
172,09:42:31,3.97,0.0,21,8337,卖盘
173,09:42:39,3.98,0.01,2,796,买盘
174,09:42:43,3.98,0.0,102,40496,买盘
175,09:42:52,3.98,0.0,2,796,买盘
176,09:43:01,3.98,0.0,41,16318,买盘
177,09:43:04,3.98,0.0,55,21885,买盘
178,09:43:07,3.97,-0.01,3,1191,卖盘
179,09:43:15,3.98,0.01,35,13930,买盘
180,09:43:19,3.98,0.0,271,107858,买盘
181,09:43:25,3.98,0.0,4,1592,买盘
182,09:43:31,3.98,0.0,93,37014,卖盘
183,09:44:06,3.98,0.0,3,1194,卖盘
184,09:44:10,3.99,0.01,102,40698,买盘
185,09:44:13,3.99,0.0,5,1995,买盘
186,09:44:16,3.98,-0.01,8,3184,卖盘
187,09:44:19,3.99,0.01,11,4389,买盘
188,09:44:24,3.99,0.0,1,399,买盘
189,09:44:27,3.99,0.0,21,8379,买盘
190,09:44:31,3.99,0.0,40,15960,买盘
191,09:44:37,3.99,0.0,2,798,买盘
192,09:44:39,3.99,0.0,7,2793,买盘
193,09:44:49,3.99,0.0,10,3990,买盘
194,09:44:55,3.99,0.0,236,94164,买盘
195,09:44:58,3.99,0.0,12,4788,卖盘
196,09:45:06,4.0,0.01,30,12000,买盘
197,09:45:16,4.0,0.0,20,8000,买盘
198,09:45:22,4.0,0.0,89,35600,买盘
199,09:45:31,4.01,0.01,40,16040,买盘
200,09:45:34,4.0,-0.01,39,15634,卖盘
201,09:45:37,4.0,0.0,10,4000,卖盘
202,09:45:43,4.01,0.01,50,20050,买盘
203,09:45:46,4.01,0.0,25,10025,买盘
204,09:45:51,4.01,0.0,300,120300,买盘
205,09:45:55,4.01,0.0,300,120300,中性盘
206,09:46:01,4.01,0.0,52,20852,卖盘
207,09:46:04,4.01,0.0,7,2807,买盘
208,09:46:09,4.01,0.0,11,4411,买盘
209,09:46:12,4.01,0.0,45,18045,买盘
210,09:46:16,4.02,0.01,51,20480,买盘
211,09:46:22,4.01,-0.01,1,401,卖盘
212,09:46:28,4.01,0.0,30,12030,卖盘
213,09:46:31,4.01,0.0,80,32080,卖盘
214,09:46:34,4.01,0.0,4,1604,买盘
215,09:46:36,4.01,0.0,12,4812,买盘
216,09:46:40,4.01,0.0,21,8421,买盘
217,09:46:45,4.01,0.0,60,24060,买盘
218,09:46:52,4.0,-0.01,127,50800,卖盘
219,09:46:55,4.01,0.01,10,4010,买盘
220,09:46:58,4.0,-0.01,35,14000,卖盘
221,09:47:01,4.01,0.01,100,40100,买盘
222,09:47:10,4.01,0.0,2,802,买盘
223,09:47:25,4.01,0.0,100,40100,买盘
224,09:47:28,4.02,0.01,488,196048,买盘
225,09:47:43,4.03,0.01,632,254184,买盘
226,09:47:51,4.02,-0.01,34,13668,买盘
227,09:47:55,4.02,0.0,5,2010,买盘
228,09:47:58,4.02,0.0,50,20100,买盘
229,09:48:04,4.01,-0.01,1,401,卖盘
230,09:48:06,4.01,0.0,14,5614,卖盘
231,09:48:13,4.02,0.01,5,2010,买盘
232,09:48:19,4.02,0.0,1,402,买盘
233,09:48:22,4.02,0.0,7,2814,买盘
234,09:48:40,4.02,0.0,22,8844,买盘
235,09:48:43,4.02,0.0,153,61355,买盘
236,09:48:49,4.02,0.0,30,12060,买盘
237,09:49:04,4.02,0.0,2,804,买盘
238,09:49:18,4.02,0.0,1,402,买盘
239,09:49:21,4.02,0.0,6,2412,买盘
240,09:49:34,4.02,0.0,2,804,买盘
241,09:49:46,4.02,0.0,20,8040,买盘
242,09:49:49,4.02,0.0,33,13246,买盘
243,09:49:52,4.01,-0.01,18,7218,卖盘
244,09:50:04,4.01,0.0,1,401,卖盘
245,09:50:16,4.01,0.0,28,11228,卖盘
246,09:50:22,4.02,0.01,184,73951,买盘
247,09:50:28,4.02,0.0,125,50250,买盘
248,09:50:34,4.02,0.0,50,20100,买盘
249,09:50:43,4.02,0.0,1,402,卖盘
250,09:50:46,4.02,0.0,2,804,卖盘
251,09:50:55,4.02,0.0,10,4020,卖盘
252,09:51:00,4.02,0.0,74,29748,卖盘
253,09:51:04,4.02,0.0,27,10854,买盘
254,09:51:06,4.02,0.0,5,2010,卖盘
255,09:51:10,4.02,0.0,118,47436,卖盘
256,09:51:19,4.02,0.0,12,4824,买盘
257,09:51:31,4.02,0.0,10,4020,买盘
258,09:51:34,4.01,-0.01,23,9224,卖盘
259,09:51:43,4.01,0.0,2,802,卖盘
260,09:51:51,4.01,0.0,40,16040,卖盘
261,09:51:58,4.01,0.0,20,8020,卖盘
262,09:52:16,4.01,0.0,17,6817,卖盘
263,09:52:19,4.01,0.0,20,8020,卖盘
264,09:52:25,4.01,0.0,10,4010,卖盘
265,09:52:40,4.02,0.01,20,8040,买盘
266,09:52:42,4.02,0.0,56,22506,买盘
267,09:52:48,4.01,-0.01,51,20451,卖盘
268,09:52:55,4.01,0.0,64,25664,卖盘
269,09:53:16,4.01,0.0,1,401,卖盘
270,09:53:18,4.01,0.0,4,1604,卖盘
271,09:53:22,4.01,0.0,12,4812,卖盘
272,09:53:31,4.01,0.0,24,9624,卖盘
273,09:53:46,4.02,0.01,100,40200,买盘
274,09:53:52,4.01,-0.01,14,5618,卖盘
275,09:54:04,4.01,0.0,10,4010,卖盘
276,09:54:25,4.01,0.0,44,17644,卖盘
277,09:54:33,4.01,0.0,10,4010,卖盘
278,09:54:40,4.01,0.0,55,22055,卖盘
279,09:54:43,4.01,0.0,114,45718,卖盘
280,09:55:55,4.01,0.0,30,12030,卖盘
281,09:55:58,4.01,0.0,18,7218,卖盘
282,09:56:07,4.01,0.0,25,10025,卖盘
283,09:56:37,4.01,0.0,70,28070,卖盘
284,09:56:40,4.01,0.0,40,16040,卖盘
285,09:56:43,4.01,0.0,40,16040,卖盘
286,09:56:46,4.02,0.01,20,8040,买盘
287,09:56:49,4.01,-0.01,30,12030,卖盘
288,09:56:54,4.01,0.0,10,4010,卖盘
289,09:57:04,4.01,0.0,138,55338,卖盘
290,09:57:13,4.01,0.0,18,7218,卖盘
291,09:57:22,4.01,0.0,70,28070,卖盘
292,09:57:28,4.01,0.0,60,24060,卖盘
293,09:57:31,4.01,0.0,47,18847,卖盘
294,09:57:36,4.02,0.01,4,1608,买盘
295,09:57:51,4.0,-0.02,53,21245,卖盘
296,09:58:16,4.02,0.02,98,39322,买盘
297,09:58:46,4.0,-0.02,7,2800,卖盘
298,09:58:49,4.01,0.01,5,2005,买盘
299,09:58:57,4.0,-0.01,20,8000,卖盘
300,09:59:04,4.01,0.01,148,59348,买盘
301,09:59:13,4.01,0.0,10,4010,卖盘
302,09:59:19,4.02,0.01,26,10452,买盘
303,09:59:24,4.01,-0.01,24,9624,卖盘
304,09:59:40,4.01,0.0,20,8020,卖盘
305,09:59:58,4.02,0.01,60,24080,买盘
306,10:00:01,4.02,0.0,33,13266,买盘
307,10:00:04,4.01,-0.01,20,8020,卖盘
308,10:00:07,4.01,0.0,34,13634,卖盘
309,10:00:09,4.02,0.01,13,5226,买盘
310,10:00:16,4.02,0.0,16,6432,买盘
311,10:00:22,4.01,-0.01,6,2406,卖盘
312,10:00:27,4.02,0.01,33,13266,买盘
313,10:00:40,4.02,0.0,10,4020,买盘
314,10:00:58,4.01,-0.01,8,3208,卖盘
315,10:01:04,4.02,0.01,24,9648,买盘
316,10:01:10,4.02,0.0,284,114168,买盘
317,10:01:13,4.01,-0.01,6,2406,卖盘
318,10:01:16,4.02,0.01,4,1608,买盘
319,10:01:25,4.02,0.0,216,86732,买盘
320,10:01:28,4.02,0.0,25,10050,买盘
321,10:01:34,4.03,0.01,30,12090,买盘
322,10:01:43,4.02,-0.01,98,39488,卖盘
323,10:01:52,4.03,0.01,40,16120,买盘
324,10:02:10,4.03,0.0,175,70525,买盘
325,10:02:16,4.03,0.0,3,1209,买盘
326,10:02:22,4.03,0.0,7,2821,卖盘
327,10:02:25,4.03,0.0,293,118079,买盘
328,10:02:28,4.03,0.0,77,31031,卖盘
329,10:02:31,4.03,0.0,10,4030,买盘
330,10:02:34,4.03,0.0,366,147498,买盘
331,10:02:37,4.03,0.0,20,8060,买盘
332,10:02:51,4.03,0.0,15,6045,买盘
333,10:02:55,4.03,0.0,13,5239,买盘
334,10:03:01,4.03,0.0,735,296205,买盘
335,10:03:07,4.03,0.0,214,86242,卖盘
336,10:03:13,4.03,0.0,80,32240,买盘
337,10:03:22,4.03,0.0,49,19747,买盘
338,10:03:31,4.03,0.0,16,6448,买盘
339,10:03:51,4.03,0.0,20,8060,买盘
340,10:03:55,4.03,0.0,1,403,买盘
341,10:04:04,4.03,0.0,34,13702,买盘
342,10:04:07,4.03,0.0,57,22971,买盘
343,10:04:16,4.03,0.0,301,121303,买盘
344,10:04:40,4.03,0.0,100,40300,买盘
345,10:04:43,4.03,0.0,40,16120,买盘
346,10:04:46,4.03,0.0,58,23374,买盘
347,10:04:49,4.03,0.0,369,148707,买盘
348,10:04:52,4.02,-0.01,76,30588,卖盘
349,10:04:55,4.03,0.01,20,8060,买盘
350,10:04:58,4.03,0.0,23,9269,买盘
351,10:05:01,4.03,0.0,36,14508,买盘
352,10:05:10,4.03,0.0,8,3224,中性盘
353,10:05:12,4.02,-0.01,1018,409236,卖盘
354,10:05:15,4.03,0.01,10,4030,中性盘
355,10:05:19,4.04,0.01,125,50439,买盘
356,10:05:22,4.02,-0.02,82,32964,卖盘
357,10:05:28,4.02,0.0,12,4824,买盘
358,10:05:31,4.02,0.0,38,15276,买盘
359,10:05:37,4.02,0.0,11,4422,买盘
360,10:05:40,4.02,0.0,64,25728,买盘
361,10:05:46,4.02,0.0,6,2412,买盘
362,10:05:49,4.02,0.0,5,2010,买盘
363,10:05:55,4.02,0.0,10,4020,买盘
364,10:06:07,4.02,0.0,25,10050,买盘
365,10:06:10,4.01,-0.01,509,204109,卖盘
366,10:06:19,4.02,0.01,5,2010,买盘
367,10:06:34,4.02,0.0,12,4814,买盘
368,10:06:39,4.02,0.0,96,38552,买盘
369,10:06:43,4.01,-0.01,1,401,卖盘
370,10:07:01,3.99,-0.02,2774,1108560,卖盘
371,10:07:19,3.99,0.0,20,7980,买盘
372,10:07:25,4.0,0.01,530,211603,买盘
373,10:07:34,3.99,-0.01,6,2394,卖盘
374,10:07:37,4.0,0.01,20,8000,中性盘
375,10:07:43,3.99,-0.01,236,94164,卖盘
376,10:07:55,3.99,0.0,12,4788,买盘
377,10:07:58,3.99,0.0,37,14763,买盘
378,10:08:13,3.99,0.0,26,10374,卖盘
379,10:08:37,4.0,0.01,31,12400,买盘
380,10:08:40,4.0,0.0,10,4000,卖盘
381,10:08:51,4.0,0.0,30,12000,卖盘
382,10:08:55,4.0,0.0,9,3600,卖盘
383,10:09:07,4.0,0.0,82,32800,卖盘
384,10:09:13,4.0,0.0,83,33200,买盘
385,10:09:21,4.0,0.0,12,4800,买盘
386,10:09:24,4.0,0.0,9,3601,卖盘
387,10:09:28,4.0,0.0,80,32000,买盘
388,10:09:40,4.0,0.0,6,2400,买盘
389,10:09:46,3.99,-0.01,1,399,卖盘
390,10:10:06,4.0,0.01,37,14800,买盘
391,10:10:16,4.0,0.0,6,2400,买盘
392,10:10:27,3.99,-0.01,50,19950,卖盘
393,10:10:37,3.99,0.0,4,1596,卖盘
394,10:10:39,3.99,0.0,24,9576,卖盘
395,10:10:55,3.99,0.0,135,53865,卖盘
396,10:11:01,4.0,0.01,54,21600,买盘
397,10:11:04,3.99,-0.01,6,2394,卖盘
398,10:11:07,4.0,0.01,50,20000,买盘
399,10:11:13,4.0,0.0,10,4000,买盘
400,10:11:22,4.0,0.0,11,4400,买盘
401,10:11:37,3.99,-0.01,18,7182,卖盘
402,10:11:40,3.99,0.0,1,399,卖盘
403,10:11:58,3.99,0.0,60,23940,卖盘
404,10:12:04,3.99,0.0,30,11970,卖盘
405,10:12:07,4.0,0.01,1,400,买盘
406,10:12:18,3.99,-0.01,94,37506,卖盘
407,10:12:43,4.0,0.01,1,400,买盘
408,10:12:46,3.99,-0.01,94,37506,卖盘
409,10:13:01,3.99,0.0,21,8379,卖盘
410,10:13:19,4.0,0.01,2,800,买盘
411,10:13:28,3.99,-0.01,12,4788,卖盘
412,10:13:33,4.0,0.01,87,34800,买盘
413,10:14:04,4.0,0.0,10,4000,买盘
414,10:14:07,4.0,0.0,100,40000,买盘
415,10:14:10,4.0,0.0,3,1200,买盘
416,10:14:13,4.0,0.0,100,40000,买盘
417,10:14:28,3.99,-0.01,79,31521,卖盘
418,10:14:31,4.0,0.01,30,12000,买盘
419,10:14:43,4.0,0.0,14,5600,买盘
420,10:15:13,4.0,0.0,15,6000,买盘
421,10:15:25,3.99,-0.01,41,16359,卖盘
422,10:15:33,3.99,0.0,71,28399,卖盘
423,10:15:37,4.0,0.01,5,2000,买盘
424,10:15:40,4.0,0.0,25,10000,买盘
425,10:15:52,4.0,0.0,5,2000,买盘
426,10:15:58,3.99,-0.01,9,3591,卖盘
427,10:16:28,4.0,0.01,16,6400,买盘
428,10:16:37,4.0,0.0,1,400,买盘
429,10:16:55,4.0,0.0,8,3200,买盘
430,10:16:58,3.99,-0.01,163,65037,卖盘
431,10:17:04,3.99,0.0,1,399,卖盘
432,10:17:10,4.0,0.01,10,4000,买盘
433,10:17:13,3.99,-0.01,34,13566,卖盘
434,10:17:18,3.99,0.0,135,53865,卖盘
435,10:17:21,4.0,0.01,17,6800,买盘
436,10:17:28,3.99,-0.01,5,1995,卖盘
437,10:17:34,4.0,0.01,2,800,买盘
438,10:17:39,3.99,-0.01,40,15960,卖盘
439,10:18:04,3.99,0.0,50,19950,卖盘
440,10:18:16,3.99,0.0,5,1995,卖盘
441,10:18:22,3.99,0.0,16,6384,买盘
442,10:18:27,3.99,0.0,5,1995,买盘
443,10:18:43,3.98,-0.01,29,11542,卖盘
444,10:18:49,3.98,0.0,12,4776,卖盘
445,10:18:58,3.99,0.01,16,6374,买盘
446,10:19:00,3.98,-0.01,33,13138,卖盘
447,10:19:37,3.99,0.01,181,72219,卖盘
448,10:20:01,3.98,-0.01,67,26666,卖盘
449,10:20:19,3.98,0.0,150,59700,卖盘
450,10:20:28,3.98,0.0,95,37810,卖盘
451,10:20:30,3.98,0.0,50,19900,卖盘
452,10:20:34,3.98,0.0,328,130544,卖盘
453,10:20:46,3.98,0.0,30,11940,买盘
454,10:20:52,3.97,-0.01,44,17468,卖盘
455,10:20:58,3.97,0.0,1,397,卖盘
456,10:21:01,3.97,0.0,53,21041,卖盘
457,10:21:07,3.97,0.0,35,13895,卖盘
458,10:21:10,3.97,0.0,2,794,卖盘
459,10:21:16,3.97,0.0,74,29380,卖盘
460,10:21:19,3.97,0.0,79,31363,卖盘
461,10:21:22,3.97,0.0,70,27790,卖盘
462,10:21:25,3.97,0.0,123,48831,卖盘
463,10:21:27,3.97,0.0,33,13101,卖盘
464,10:21:40,3.97,0.0,99,39303,卖盘
465,10:21:43,3.98,0.01,20,7960,买盘
466,10:21:57,3.97,-0.01,250,99250,卖盘
467,10:22:04,3.98,0.01,6,2388,买盘
468,10:22:07,3.97,-0.01,40,15880,卖盘
469,10:22:10,3.97,0.0,6,2382,卖盘
470,10:22:16,3.97,0.0,10,3970,卖盘
471,10:22:31,3.98,0.01,20,7960,买盘
472,10:22:34,3.97,-0.01,168,66696,卖盘
473,10:22:37,3.98,0.01,4,1592,买盘
474,10:22:43,3.97,-0.01,7,2779,卖盘
475,10:22:46,3.96,-0.01,30,11893,卖盘
476,10:22:49,3.98,0.02,1,398,买盘
477,10:23:04,3.97,-0.01,4,1588,卖盘
478,10:23:10,3.97,0.0,620,246140,卖盘
479,10:23:19,3.97,0.0,174,69078,卖盘
480,10:23:22,3.97,0.0,10,3970,买盘
481,10:23:25,3.97,0.0,41,16277,买盘
482,10:23:31,3.97,0.0,50,19850,买盘
483,10:23:36,3.96,-0.01,66,26186,卖盘
484,10:23:43,3.97,0.01,4,1588,买盘
485,10:23:49,3.97,0.0,126,50022,买盘
486,10:23:57,3.97,0.0,608,241376,买盘
487,10:24:04,3.96,-0.01,25,9900,卖盘
488,10:24:07,3.97,0.01,10,3970,买盘
489,10:24:16,3.96,-0.01,104,41188,卖盘
490,10:24:18,3.97,0.01,17,6749,买盘
491,10:24:25,3.98,0.01,130,51740,买盘
492,10:24:37,3.97,-0.01,8,2938,卖盘
493,10:24:46,3.98,0.01,6,2388,买盘
494,10:24:55,3.98,0.0,50,19900,买盘
495,10:25:01,3.98,0.0,9,3582,买盘
496,10:25:19,3.98,0.0,3,1194,买盘
497,10:25:25,3.98,0.0,101,40198,买盘
498,10:25:27,3.98,0.0,110,43780,买盘
499,10:25:34,3.98,0.0,10,3980,买盘
500,10:25:36,3.98,0.0,20,7960,买盘
501,10:25:46,3.98,0.0,52,20696,买盘
502,10:26:04,3.98,0.0,8,3184,卖盘
503,10:26:13,3.99,0.01,31,12369,买盘
504,10:26:22,3.98,-0.01,100,39800,卖盘
505,10:26:25,3.99,0.01,100,39900,买盘
506,10:26:55,3.99,0.0,39,15561,买盘
507,10:26:58,3.99,0.0,10,3990,买盘
508,10:27:01,3.99,0.0,16,6384,买盘
509,10:27:09,3.99,0.0,14,5586,买盘
510,10:27:18,3.98,-0.01,13,5174,卖盘
511,10:27:43,3.98,0.0,123,48954,卖盘
512,10:27:46,3.98,0.0,8,3184,卖盘
513,10:28:40,3.98,0.0,16,6368,卖盘
514,10:28:43,3.98,0.0,444,176712,卖盘
515,10:29:00,3.98,0.0,30,11940,买盘
516,10:29:09,3.98,0.0,40,15920,买盘
517,10:29:16,3.98,0.0,10,3980,买盘
518,10:29:25,3.98,0.0,16,6368,买盘
519,10:29:48,3.99,0.01,35,13905,买盘
520,10:29:51,3.99,0.0,45,17955,买盘
521,10:30:04,3.98,-0.01,30,11940,买盘
522,10:30:19,3.99,0.01,10,3990,买盘
523,10:30:28,3.98,-0.01,30,11940,卖盘
524,10:30:39,3.98,0.0,6,2388,卖盘
525,10:31:04,3.98,0.0,70,27860,卖盘
526,10:31:10,3.99,0.01,121,48279,买盘
527,10:31:22,3.98,-0.01,30,11940,卖盘
528,10:31:34,3.99,0.01,5,1995,买盘
529,10:31:37,3.99,0.0,45,17955,卖盘
530,10:31:43,3.98,-0.01,8,3184,卖盘
531,10:31:55,3.99,0.01,3,1197,买盘
532,10:32:04,3.98,-0.01,18,7164,卖盘
533,10:32:09,3.98,0.0,50,19900,买盘
534,10:32:19,3.98,0.0,12,4776,买盘
535,10:32:22,3.98,0.0,30,11940,买盘
536,10:32:31,3.98,0.0,8,3184,买盘
537,10:32:46,3.98,0.0,58,23084,买盘
538,10:32:52,3.97,-0.01,10,3970,卖盘
539,10:32:55,3.97,0.0,3,1191,卖盘
540,10:33:04,3.97,0.0,75,29775,卖盘
541,10:33:28,3.97,0.0,20,7940,卖盘
542,10:33:52,3.97,0.0,1,397,卖盘
543,10:34:09,3.97,0.0,1401,556197,卖盘
544,10:34:16,3.97,0.0,10,3970,买盘
545,10:34:19,3.97,0.0,3,953,买盘
546,10:34:22,3.98,0.01,20,7960,买盘
547,10:34:30,3.97,-0.01,6,2382,卖盘
548,10:34:33,3.97,0.0,91,36127,卖盘
549,10:34:39,3.97,0.0,40,15880,卖盘
550,10:35:13,3.97,0.0,1,397,卖盘
551,10:35:16,3.97,0.0,145,57565,卖盘
552,10:35:19,3.97,0.0,18,7146,卖盘
553,10:35:25,3.97,0.0,4,1588,卖盘
554,10:35:28,3.97,0.0,38,15086,卖盘
555,10:35:31,3.97,0.0,98,39144,卖盘
556,10:36:04,3.96,-0.01,50,19800,卖盘
557,10:36:19,3.97,0.01,40,15880,买盘
558,10:36:37,3.97,0.0,10,3970,买盘
559,10:36:48,3.97,0.0,1,397,买盘
560,10:37:04,3.97,0.0,30,11910,买盘
561,10:37:06,3.97,0.0,11,4367,买盘
562,10:37:10,3.96,-0.01,42,16632,卖盘
563,10:37:13,3.96,0.0,1,396,卖盘
564,10:37:28,3.96,0.0,26,10296,卖盘
565,10:37:31,3.96,0.0,70,27720,卖盘
566,10:37:43,3.96,0.0,54,21384,卖盘
567,10:37:46,3.97,0.01,24,9523,买盘
568,10:37:51,3.96,-0.01,222,87912,卖盘
569,10:37:57,3.96,0.0,319,126324,卖盘
570,10:38:04,3.96,0.0,161,63756,卖盘
571,10:38:06,3.96,0.0,338,133848,卖盘
572,10:38:13,3.96,0.0,100,39600,卖盘
573,10:38:16,3.96,0.0,6,2376,卖盘
574,10:38:19,3.96,0.0,27,10692,卖盘
575,10:38:22,3.96,0.0,37,14652,卖盘
576,10:38:25,3.96,0.0,10,3960,卖盘
577,10:38:28,3.96,0.0,56,22176,卖盘
578,10:38:30,3.96,0.0,213,84348,卖盘
579,10:38:33,3.96,0.0,43,17028,卖盘
580,10:38:37,3.96,0.0,10,3960,买盘
581,10:38:39,3.96,0.0,15,5931,买盘
582,10:38:46,3.96,0.0,25,9900,买盘
583,10:38:49,3.96,0.0,138,54648,买盘
584,10:38:52,3.96,0.0,25,9900,买盘
585,10:39:04,3.96,0.0,100,39600,买盘
586,10:39:06,3.96,0.0,134,53064,买盘
587,10:39:28,3.96,0.0,5,1980,卖盘
588,10:39:31,3.96,0.0,5,1980,卖盘
589,10:39:37,3.96,0.0,3,1188,卖盘
590,10:39:43,3.96,0.0,2,792,卖盘
591,10:40:10,3.97,0.01,60,23820,买盘
592,10:40:33,3.96,-0.01,20,7920,卖盘
593,10:41:01,3.96,0.0,50,19800,卖盘
594,10:41:06,3.96,0.0,99,39204,卖盘
595,10:41:19,3.96,0.0,30,11880,卖盘
596,10:41:22,3.97,0.01,7,2779,买盘
597,10:42:25,3.96,-0.01,1,396,卖盘
598,10:42:28,3.97,0.01,10,3970,买盘
599,10:42:37,3.96,-0.01,115,45540,卖盘
600,10:42:40,3.96,0.0,50,19800,卖盘
601,10:42:43,3.96,0.0,49,19404,卖盘
602,10:42:46,3.96,0.0,16,6336,卖盘
603,10:42:52,3.96,0.0,112,44352,卖盘
604,10:42:57,3.96,0.0,356,140976,卖盘
605,10:43:00,3.95,-0.01,144,56880,卖盘
606,10:43:07,3.96,0.01,149,59004,买盘
607,10:43:10,3.95,-0.01,91,35945,卖盘
608,10:43:19,3.95,0.0,1,395,卖盘
609,10:43:22,3.95,0.0,64,25280,卖盘
610,10:43:25,3.96,0.01,5,1980,买盘
611,10:43:36,3.96,0.0,41,16236,卖盘
612,10:43:40,3.97,0.01,222,87917,买盘
613,10:43:46,3.96,-0.01,2,792,卖盘
614,10:43:48,3.96,0.0,143,56770,卖盘
615,10:43:52,3.96,0.0,5,1980,卖盘
616,10:43:55,3.96,0.0,15,5940,买盘
617,10:43:58,3.97,0.01,34,13498,买盘
618,10:44:13,3.96,-0.01,150,59400,卖盘
619,10:44:25,3.96,0.0,21,8316,卖盘
620,10:44:27,3.96,0.0,60,23760,卖盘
621,10:44:33,3.96,0.0,22,8712,卖盘
622,10:44:39,3.96,0.0,39,15444,卖盘
623,10:44:52,3.96,0.0,91,36036,卖盘
624,10:44:55,3.96,0.0,55,21780,买盘
625,10:44:58,3.96,0.0,286,113256,买盘
626,10:45:01,3.95,-0.01,254,100344,卖盘
627,10:45:04,3.96,0.01,20,7920,卖盘
628,10:45:13,3.96,0.0,6,2376,买盘
629,10:45:22,3.96,0.0,50,19800,买盘
630,10:45:28,3.96,0.0,10,3960,买盘
631,10:45:36,3.96,0.0,10,3960,买盘
632,10:45:49,3.96,0.0,29,11484,买盘
633,10:45:57,3.96,0.0,97,38412,卖盘
634,10:46:10,3.96,0.0,100,39600,卖盘
635,10:46:16,3.96,0.0,13,5148,买盘
636,10:46:25,3.96,0.0,7,2772,卖盘
637,10:46:34,3.96,0.0,30,11880,买盘
638,10:46:49,3.95,-0.01,22,8690,卖盘
639,10:46:51,3.96,0.01,50,19800,买盘
640,10:47:04,3.95,-0.01,14,5530,卖盘
641,10:47:06,3.95,0.0,11,4345,卖盘
642,10:47:10,3.96,0.01,3,1188,买盘
643,10:47:19,3.96,0.0,3,1188,买盘
644,10:47:21,3.96,0.0,30,11880,买盘
645,10:47:25,3.96,0.0,50,19800,买盘
646,10:47:43,3.96,0.0,20,7920,买盘
647,10:47:52,3.96,0.0,10,3960,买盘
648,10:47:57,3.95,-0.01,1,395,卖盘
649,10:48:01,3.96,0.01,8,3168,买盘
650,10:48:04,3.96,0.0,30,11880,买盘
651,10:48:21,3.95,-0.01,1,395,卖盘
652,10:48:24,3.96,0.01,4,1584,买盘
653,10:48:34,3.96,0.0,79,31284,买盘
654,10:48:37,3.96,0.0,20,7920,买盘
655,10:48:49,3.96,0.0,40,15840,买盘
656,10:48:52,3.96,0.0,69,27324,买盘
657,10:48:55,3.96,0.0,6,2376,买盘
658,10:48:57,3.96,0.0,100,39600,买盘
659,10:49:01,3.96,0.0,179,70884,买盘
660,10:49:25,3.96,0.0,10,3960,卖盘
661,10:49:40,3.96,0.0,50,19800,卖盘
662,10:49:43,3.96,0.0,100,39600,卖盘
663,10:49:49,3.96,0.0,14,5544,卖盘
664,10:50:01,3.96,0.0,60,23770,卖盘
665,10:50:10,3.96,0.0,26,10296,卖盘
666,10:50:13,3.96,0.0,111,43956,卖盘
667,10:50:25,3.96,0.0,20,7920,卖盘
668,10:50:28,3.97,0.01,239,94683,买盘
669,10:50:34,3.96,-0.01,25,9900,卖盘
670,10:50:46,3.97,0.01,66,26202,买盘
671,10:50:48,3.96,-0.01,114,45257,卖盘
672,10:51:10,3.97,0.01,10,3970,买盘
673,10:51:16,3.97,0.0,10,3970,买盘
674,10:51:49,3.96,-0.01,400,158400,卖盘
675,10:51:52,3.97,0.01,1,397,买盘
676,10:52:06,3.96,-0.01,209,82764,卖盘
677,10:52:09,3.96,0.0,30,11880,买盘
678,10:52:25,3.96,0.0,109,43164,买盘
679,10:52:33,3.96,0.0,20,7920,买盘
680,10:52:43,3.96,0.0,3,1188,买盘
681,10:52:48,3.96,0.0,34,13464,买盘
682,10:53:13,3.97,0.01,10,3970,买盘
683,10:53:24,3.97,0.0,260,103220,买盘
684,10:53:27,3.96,-0.01,222,87912,卖盘
685,10:53:43,3.97,0.01,50,19850,买盘
686,10:53:58,3.97,0.0,20,7940,买盘
687,10:54:06,3.97,0.0,49,19453,买盘
688,10:54:19,3.97,0.0,10,3970,买盘
689,10:54:31,3.97,0.0,26,10322,买盘
690,10:54:43,3.97,0.0,60,23820,买盘
691,10:54:48,3.97,0.0,50,19850,买盘
692,10:54:52,3.97,0.0,2,794,买盘
693,10:55:33,3.97,0.0,13,4923,买盘
694,10:55:36,3.97,0.0,1,397,卖盘
695,10:55:58,3.98,0.01,53,21094,买盘
696,10:56:15,3.97,-0.01,150,59550,卖盘
697,10:56:43,3.97,0.0,30,12148,卖盘
698,10:57:00,3.97,0.0,20,7940,买盘
699,10:57:10,3.96,-0.01,33,12850,卖盘
700,10:57:21,3.96,0.0,18,7128,卖盘
701,10:57:52,3.96,0.0,5,1980,卖盘
702,10:57:54,3.96,0.0,20,7920,卖盘
703,10:57:57,3.98,0.02,3,1194,买盘
704,10:58:42,3.97,-0.01,24,9528,卖盘
705,10:59:43,3.97,0.0,224,88948,卖盘
706,10:59:49,3.98,0.01,20,7960,买盘
707,10:59:55,3.97,-0.01,4,1588,卖盘
708,11:00:21,3.97,0.0,190,75430,卖盘
709,11:00:28,4.01,0.04,1890,753535,买盘
710,11:00:30,4.01,0.0,2778,1113978,卖盘
711,11:00:34,4.01,0.0,104,41704,卖盘
712,11:00:43,4.03,0.02,200,80419,买盘
713,11:00:49,4.02,-0.01,65,26130,中性盘
714,11:00:52,4.03,0.01,261,104919,买盘
715,11:00:57,4.03,0.0,100,40250,买盘
716,11:01:13,4.0,-0.03,2,800,卖盘
717,11:01:16,4.02,0.02,5,2006,买盘
718,11:01:33,4.02,0.0,42,16841,买盘
719,11:01:43,4.0,-0.02,4,1600,买盘
720,11:01:52,4.01,0.01,10,4005,买盘
721,11:01:57,4.01,0.0,29,11629,卖盘
722,11:02:03,4.01,0.0,8,3208,卖盘
723,11:02:06,4.01,0.0,29,11629,卖盘
724,11:02:25,4.0,-0.01,4,1600,卖盘
725,11:02:28,4.0,0.0,1,400,卖盘
726,11:02:30,4.01,0.01,59,23659,买盘
727,11:02:40,4.01,0.0,81,32481,卖盘
728,11:02:42,4.01,0.0,33,13233,买盘
729,11:02:46,4.0,-0.01,541,216400,卖盘
730,11:02:55,4.0,0.0,5,2000,买盘
731,11:02:57,4.0,0.0,100,40000,买盘
732,11:03:10,4.0,0.0,50,20000,买盘
733,11:03:13,3.99,-0.01,37,14763,卖盘
734,11:03:18,4.0,0.01,30,12000,买盘
735,11:03:21,4.0,0.0,6,2400,买盘
736,11:03:30,3.99,-0.01,2,798,卖盘
737,11:03:46,4.0,0.01,20,8000,买盘
738,11:04:00,4.0,0.0,35,14000,买盘
739,11:04:06,4.0,0.0,10,4000,买盘
740,11:04:19,4.0,0.0,17,6800,买盘
741,11:04:24,4.0,0.0,3,1200,买盘
742,11:04:30,4.0,0.0,5,2000,买盘
743,11:04:33,4.0,0.0,15,6000,买盘
744,11:04:37,4.0,0.0,18,7200,买盘
745,11:04:39,4.0,0.0,122,48800,买盘
746,11:04:45,4.0,0.0,33,13200,买盘
747,11:04:48,4.0,0.0,4,1600,卖盘
748,11:04:52,4.01,0.01,5,2005,买盘
749,11:05:01,4.0,-0.01,298,119200,卖盘
750,11:05:06,4.0,0.0,5,2000,买盘
751,11:05:15,4.01,0.01,46,18436,买盘
752,11:05:37,4.01,0.0,10,4010,买盘
753,11:05:42,4.0,-0.01,40,16000,卖盘
754,11:05:46,3.99,-0.01,6,2394,卖盘
755,11:06:07,3.99,0.0,325,129675,卖盘
756,11:06:09,3.99,0.0,15,5985,买盘
757,11:07:06,3.98,-0.01,45,17910,卖盘
758,11:07:13,3.97,-0.01,646,256615,卖盘
759,11:07:22,3.97,0.0,71,28187,买盘
760,11:07:28,3.96,-0.01,30,11880,卖盘
761,11:07:31,3.97,0.01,10,3970,买盘
762,11:07:34,3.97,0.0,50,19850,买盘
763,11:07:36,3.96,-0.01,2,792,卖盘
764,11:07:46,3.97,0.01,203,80591,买盘
765,11:08:01,3.97,0.0,233,92501,卖盘
766,11:08:04,3.97,0.0,547,217159,买盘
767,11:08:13,3.97,0.0,27,10719,卖盘
768,11:08:19,3.97,0.0,96,38112,买盘
769,11:08:21,3.97,0.0,23,9131,买盘
770,11:08:27,3.97,0.0,10,3970,买盘
771,11:08:37,3.97,0.0,10,3970,买盘
772,11:08:40,3.97,0.0,8,3176,买盘
773,11:08:49,3.97,0.0,573,227481,买盘
774,11:09:22,3.97,0.0,3,1191,卖盘
775,11:09:25,3.98,0.01,10,3980,买盘
776,11:09:57,3.97,-0.01,217,86070,卖盘
777,11:10:00,3.97,0.0,363,144111,买盘
778,11:10:34,3.97,0.0,2,873,买盘
779,11:10:40,3.97,0.0,3,1191,卖盘
780,11:10:45,3.97,0.0,5,1906,卖盘
781,11:11:00,3.97,0.0,4,1588,买盘
782,11:11:13,3.97,0.0,601,238597,买盘
783,11:11:19,3.96,-0.01,30,11891,卖盘
784,11:11:52,3.97,0.01,580,230260,卖盘
785,11:12:16,3.97,0.0,580,230260,卖盘
786,11:12:19,3.97,0.0,30,11910,卖盘
787,11:12:31,3.97,0.0,50,19850,卖盘
788,11:12:34,3.98,0.01,3,1194,买盘
789,11:12:45,3.98,0.0,18,7164,买盘
790,11:12:55,3.97,-0.01,480,190560,卖盘
791,11:13:04,3.97,0.0,1,397,卖盘
792,11:13:07,3.97,0.0,125,49624,卖盘
793,11:13:12,3.97,0.0,30,11910,卖盘
794,11:14:15,3.97,0.0,3,1191,买盘
795,11:14:25,3.97,0.0,16,6352,买盘
796,11:14:39,3.97,0.0,6,2382,买盘
797,11:14:52,3.97,0.0,23,9131,买盘
798,11:14:55,3.98,0.01,20,7960,买盘
799,11:15:04,3.97,-0.01,25,9925,买盘
800,11:15:19,3.98,0.01,1,398,买盘
801,11:16:25,3.97,-0.01,20,7940,买盘
802,11:16:28,3.97,0.0,10,3970,买盘
803,11:16:40,3.96,-0.01,200,79200,卖盘
804,11:16:49,3.96,0.0,492,194832,卖盘
805,11:16:57,3.96,0.0,488,193248,卖盘
806,11:17:01,3.96,0.0,629,249242,卖盘
807,11:17:19,3.96,0.0,10,3960,卖盘
808,11:17:55,3.96,0.0,100,39600,买盘
809,11:17:58,3.96,0.0,431,170676,买盘
810,11:18:19,3.96,0.0,16,6336,卖盘
811,11:18:22,3.96,0.0,353,139630,卖盘
812,11:18:43,3.97,0.01,1,397,买盘
813,11:19:42,3.97,0.0,100,39700,买盘
814,11:20:16,3.97,0.0,24,9528,买盘
815,11:20:25,3.97,0.0,2,794,买盘
816,11:21:10,3.96,-0.01,37,14682,卖盘
817,11:21:43,3.97,0.01,5,1985,买盘
818,11:21:48,3.96,-0.01,103,40788,卖盘
819,11:22:04,3.97,0.01,4,1588,买盘
820,11:22:15,3.97,0.0,32,12704,买盘
821,11:22:25,3.97,0.0,95,37715,买盘
822,11:22:31,3.97,0.0,10,3970,卖盘
823,11:22:55,3.97,0.0,22,8736,卖盘
824,11:23:24,3.97,0.0,10,3970,卖盘
825,11:23:34,3.97,0.0,26,10344,卖盘
826,11:23:49,3.98,0.01,10,3980,买盘
827,11:24:01,3.98,0.0,30,11940,买盘
828,11:24:04,3.98,0.0,110,43780,买盘
829,11:24:09,3.98,0.0,5,1990,卖盘
830,11:24:16,3.98,0.0,50,19900,卖盘
831,11:24:45,3.97,-0.01,78,30966,卖盘
832,11:24:58,3.98,0.01,8,3184,买盘
833,11:25:49,3.98,0.0,8,3184,买盘
834,11:26:24,3.97,-0.01,10,3970,卖盘
835,11:26:39,3.97,0.0,100,39700,卖盘
836,11:27:07,3.97,0.0,100,39700,卖盘
837,11:27:36,3.97,0.0,1,397,卖盘
838,11:27:46,3.97,0.0,20,7940,卖盘
839,11:28:04,3.97,0.0,4,1588,卖盘
840,11:28:33,3.98,0.01,1,398,买盘
841,11:28:51,3.98,0.0,5,1990,买盘
842,11:29:18,3.97,-0.01,20,7940,卖盘
843,11:29:21,3.96,-0.01,131,51959,卖盘
844,11:29:51,3.96,0.0,5,1980,卖盘
845,11:30:01,3.97,0.01,50,19850,中性盘
846,13:00:04,3.97,0.0,423,167722,卖盘
847,13:00:15,3.96,-0.01,26,10296,卖盘
848,13:00:33,3.97,0.01,103,40888,买盘
849,13:00:45,3.97,0.0,18,7146,买盘
850,13:01:06,3.96,-0.01,11,4356,卖盘
851,13:01:12,3.96,0.0,1,396,卖盘
852,13:01:22,3.97,0.01,25,9925,买盘
853,13:01:30,3.96,-0.01,30,11880,卖盘
854,13:01:39,3.97,0.01,501,198897,买盘
855,13:02:00,3.97,0.0,36,14292,买盘
856,13:02:04,3.97,0.0,64,25408,卖盘
857,13:03:03,3.98,0.01,100,39798,买盘
858,13:03:52,3.97,-0.01,4,1588,买盘
859,13:03:54,3.97,0.0,11,4367,卖盘
860,13:04:04,3.97,0.0,6,2382,卖盘
861,13:04:07,3.97,0.0,322,128134,卖盘
862,13:04:42,3.97,0.0,36,14292,卖盘
863,13:05:05,3.98,0.01,8,3184,买盘
864,13:05:13,3.97,-0.01,1,397,卖盘
865,13:05:49,3.98,0.01,165,65670,买盘
866,13:06:06,3.97,-0.01,68,26996,卖盘
867,13:06:19,3.97,0.0,1,397,卖盘
868,13:06:22,3.97,0.0,195,77415,卖盘
869,13:06:39,3.97,0.0,1,397,卖盘
870,13:07:01,3.97,0.0,10,3970,卖盘
871,13:07:16,3.97,0.0,30,11910,卖盘
872,13:07:22,3.98,0.01,28,11144,买盘
873,13:07:46,3.98,0.0,170,67660,买盘
874,13:07:49,3.97,-0.01,50,19850,卖盘
875,13:07:54,3.97,0.0,42,16674,卖盘
876,13:08:13,3.97,0.0,96,38112,卖盘
877,13:08:25,3.98,0.01,65,25870,买盘
878,13:08:46,3.97,-0.01,391,155227,卖盘
879,13:08:55,3.99,0.02,2,798,买盘
880,13:09:09,3.97,-0.02,130,51610,卖盘
881,13:09:12,3.98,0.01,10,3980,中性盘
882,13:10:01,3.98,0.0,25,9950,买盘
883,13:10:09,3.97,-0.01,944,374768,卖盘
884,13:10:18,3.98,0.01,3,1194,买盘
885,13:10:34,3.98,0.0,75,29780,买盘
886,13:11:10,3.97,-0.01,10,3970,卖盘
887,13:11:16,3.97,0.0,2,794,卖盘
888,13:11:49,3.97,0.0,18,7146,卖盘
889,13:11:57,3.97,0.0,5,1985,卖盘
890,13:12:00,3.97,0.0,50,19850,卖盘
891,13:12:04,3.97,0.0,148,58756,卖盘
892,13:12:07,3.97,0.0,50,19850,卖盘
893,13:12:16,3.97,0.0,50,19850,卖盘
894,13:12:31,3.97,0.0,60,23820,卖盘
895,13:12:49,3.97,0.0,157,62471,卖盘
896,13:13:22,3.97,0.0,3,1191,卖盘
897,13:13:31,3.97,0.0,60,23820,卖盘
898,13:13:37,3.98,0.01,20,7960,买盘
899,13:14:10,3.97,-0.01,383,152051,卖盘
900,13:14:24,3.97,0.0,7,2779,卖盘
901,13:14:27,3.97,0.0,20,7940,卖盘
902,13:14:43,3.98,0.01,10,3980,买盘
903,13:14:49,3.97,-0.01,256,101632,卖盘
904,13:14:51,3.97,0.0,15,5955,卖盘
905,13:15:04,3.97,0.0,70,27790,卖盘
906,13:15:07,3.97,0.0,48,19056,卖盘
907,13:15:15,3.97,0.0,17,6749,卖盘
908,13:15:31,3.97,0.0,12,4764,买盘
909,13:15:40,3.97,0.0,28,11116,买盘
910,13:16:04,3.96,-0.01,38,15048,卖盘
911,13:16:37,3.96,0.0,2,792,卖盘
912,13:16:46,3.96,0.0,20,7920,卖盘
913,13:17:18,3.96,0.0,100,39600,卖盘
914,13:17:22,3.96,0.0,5,1980,卖盘
915,13:17:30,3.96,0.0,21,8316,卖盘
916,13:17:43,3.96,0.0,70,27720,卖盘
917,13:17:46,3.96,0.0,26,10296,卖盘
918,13:18:01,3.96,0.0,95,37620,卖盘
919,13:18:09,3.97,0.01,4,1588,买盘
920,13:18:25,3.96,-0.01,80,31680,卖盘
921,13:18:52,3.96,0.0,20,7920,卖盘
922,13:19:19,3.96,0.0,25,9900,卖盘
923,13:19:22,3.96,0.0,40,15840,卖盘
924,13:19:34,3.96,0.0,72,28512,卖盘
925,13:19:55,3.96,0.0,108,42768,卖盘
926,13:20:22,3.96,0.0,35,13860,卖盘
927,13:20:33,3.96,0.0,1,396,卖盘
928,13:20:57,3.96,0.0,20,7920,卖盘
929,13:21:04,3.96,0.0,143,56628,卖盘
930,13:21:10,3.96,0.0,14,5544,买盘
931,13:21:36,3.96,0.0,10,3960,买盘
932,13:21:43,3.95,-0.01,2,790,卖盘
933,13:21:46,3.96,0.01,200,79200,买盘
934,13:21:51,3.95,-0.01,136,53720,卖盘
935,13:22:04,3.95,0.0,37,14615,卖盘
936,13:22:06,3.96,0.01,30,11880,买盘
937,13:22:18,3.95,-0.01,14,5530,卖盘
938,13:22:34,3.95,0.0,49,19355,卖盘
939,13:22:46,3.95,0.0,8,3160,卖盘
940,13:23:27,3.96,0.01,30,11880,买盘
941,13:23:37,3.96,0.0,26,10296,买盘
942,13:23:43,3.96,0.0,70,27660,买盘
943,13:24:10,3.96,0.0,13,5148,买盘
944,13:24:19,3.96,0.0,82,32472,买盘
945,13:24:22,3.95,-0.01,60,23750,卖盘
946,13:24:25,3.96,0.01,18,7128,买盘
947,13:24:34,3.96,0.0,20,7920,买盘
948,13:24:49,3.95,-0.01,1,395,卖盘
949,13:25:04,3.95,0.0,10,3950,卖盘
950,13:25:06,3.96,0.01,17,6722,买盘
951,13:25:13,3.96,0.0,66,26136,买盘
952,13:25:21,3.96,0.0,62,24552,买盘
953,13:25:27,3.96,0.0,30,11880,买盘
954,13:25:49,3.95,-0.01,311,122855,卖盘
955,13:25:51,3.95,0.0,30,11850,卖盘
956,13:26:06,3.95,0.0,25,9875,卖盘
957,13:26:13,3.95,0.0,80,31600,卖盘
958,13:26:21,3.95,0.0,20,7900,卖盘
959,13:26:30,3.95,0.0,510,201450,卖盘
960,13:26:43,3.95,0.0,1,395,卖盘
961,13:26:49,3.95,0.0,610,240950,卖盘
962,13:26:52,3.95,0.0,63,24885,卖盘
963,13:26:57,3.95,0.0,51,20145,卖盘
964,13:27:01,3.95,0.0,36,14220,卖盘
965,13:27:13,3.94,-0.01,765,301957,卖盘
966,13:27:16,3.94,0.0,20,7880,卖盘
967,13:27:31,3.94,0.0,10,3940,卖盘
968,13:27:37,3.94,0.0,5,1970,卖盘
969,13:27:40,3.94,0.0,22,8668,卖盘
970,13:27:43,3.94,0.0,10,3940,卖盘
971,13:27:49,3.95,0.01,26,10270,买盘
972,13:27:57,3.94,-0.01,50,19700,卖盘
973,13:28:01,3.94,0.0,32,12608,卖盘
974,13:28:07,3.94,0.0,20,7880,卖盘
975,13:28:15,3.94,0.0,35,13790,卖盘
976,13:28:18,3.94,0.0,1,394,卖盘
977,13:28:31,3.94,0.0,39,15366,卖盘
978,13:28:36,3.94,0.0,44,17336,卖盘
979,13:28:51,3.94,0.0,9,3546,卖盘
980,13:28:54,3.94,0.0,1,394,卖盘
981,13:28:58,3.94,0.0,15,5910,卖盘
982,13:29:01,3.95,0.01,18,7110,买盘
983,13:29:04,3.94,-0.01,36,14184,卖盘
984,13:29:10,3.94,0.0,60,23640,卖盘
985,13:29:13,3.94,0.0,200,78800,卖盘
986,13:29:22,3.94,0.0,171,67374,卖盘
987,13:29:25,3.94,0.0,50,19700,卖盘
988,13:29:28,3.94,0.0,80,31520,卖盘
989,13:29:31,3.94,0.0,100,39400,买盘
990,13:29:34,3.94,0.0,40,15760,买盘
991,13:30:12,3.94,0.0,1,394,卖盘
992,13:30:28,3.94,0.0,2,788,卖盘
993,13:30:45,3.94,0.0,13,5122,卖盘
994,13:30:55,3.95,0.01,20,7900,买盘
995,13:30:58,3.95,0.0,50,19750,买盘
996,13:31:04,3.95,0.0,2,790,买盘
997,13:31:09,3.95,0.0,49,19355,买盘
998,13:31:51,3.95,0.0,38,14991,买盘
999,13:32:12,3.95,0.0,1,395,买盘
1000,13:32:16,3.94,-0.01,20,7880,卖盘
1001,13:32:18,3.95,0.01,8,3160,买盘
1002,13:32:31,3.94,-0.01,30,11820,卖盘
1003,13:32:36,3.95,0.01,5,1975,买盘
1004,13:33:00,3.94,-0.01,21,8274,卖盘
1005,13:33:21,3.94,0.0,50,19700,卖盘
1006,13:33:28,3.94,0.0,16,6304,卖盘
1007,13:33:37,3.94,0.0,17,6698,卖盘
1008,13:33:40,3.94,0.0,59,23246,卖盘
1009,13:33:55,3.94,0.0,1,394,买盘
1010,13:34:18,3.93,-0.01,83,32619,卖盘
1011,13:34:22,3.93,0.0,16,6288,卖盘
1012,13:34:36,3.93,0.0,162,63666,卖盘
1013,13:34:39,3.93,0.0,145,56985,卖盘
1014,13:34:42,3.93,0.0,109,42837,卖盘
1015,13:34:46,3.93,0.0,134,52662,卖盘
1016,13:34:49,3.93,0.0,1,393,卖盘
1017,13:34:52,3.93,0.0,32,12576,卖盘
1018,13:34:55,3.93,0.0,39,15327,卖盘
1019,13:34:58,3.92,-0.01,5,1960,卖盘
1020,13:35:04,3.92,0.0,25,9800,卖盘
1021,13:35:10,3.92,0.0,20,7840,卖盘
1022,13:35:22,3.92,0.0,30,11760,卖盘
1023,13:35:25,3.92,0.0,100,39200,卖盘
1024,13:35:31,3.92,0.0,77,30184,卖盘
1025,13:35:34,3.92,0.0,46,18032,卖盘
1026,13:35:37,3.92,0.0,10,3920,卖盘
1027,13:35:42,3.92,0.0,80,31360,卖盘
1028,13:35:52,3.93,0.01,113,44346,买盘
1029,13:35:55,3.92,-0.01,40,15680,卖盘
1030,13:36:01,3.92,0.0,10,3920,卖盘
1031,13:36:04,3.92,0.0,65,25540,卖盘
1032,13:36:09,3.93,0.01,8,3144,买盘
1033,13:36:15,3.93,0.0,10,3930,买盘
1034,13:36:19,3.93,0.0,2,786,买盘
1035,13:36:22,3.92,-0.01,61,23915,卖盘
1036,13:36:25,3.93,0.01,80,31440,买盘
1037,13:36:28,3.93,0.0,18,7074,买盘
1038,13:36:31,3.93,0.0,100,39300,买盘
1039,13:36:33,3.93,0.0,15,5895,买盘
1040,13:37:10,3.93,0.0,160,62880,卖盘
1041,13:37:13,3.94,0.01,3,1182,买盘
1042,13:37:40,3.94,0.0,7,2758,买盘
1043,13:37:58,3.94,0.0,30,11820,买盘
1044,13:38:01,3.93,-0.01,1,393,卖盘
1045,13:38:13,3.93,0.0,10,3930,卖盘
1046,13:38:25,3.94,0.01,100,39400,买盘
1047,13:38:27,3.93,-0.01,10,3930,卖盘
1048,13:38:46,3.93,0.0,21,8253,卖盘
1049,13:38:55,3.94,0.01,31,12214,买盘
1050,13:39:00,3.94,0.0,10,3940,买盘
1051,13:39:07,3.94,0.0,5,1970,买盘
1052,13:39:19,3.93,-0.01,13,5109,卖盘
1053,13:39:22,3.94,0.01,12,4728,买盘
1054,13:39:27,3.94,0.0,10,3940,买盘
1055,13:39:33,3.94,0.0,44,17306,买盘
1056,13:39:37,3.94,0.0,50,19700,买盘
1057,13:39:40,3.94,0.0,24,9456,买盘
1058,13:39:49,3.94,0.0,6,2364,买盘
1059,13:39:54,3.94,0.0,26,10244,买盘
1060,13:40:16,3.93,-0.01,172,67618,卖盘
1061,13:40:52,3.94,0.01,10,3940,买盘
1062,13:40:55,3.93,-0.01,432,169776,卖盘
1063,13:41:01,3.94,0.01,10,3940,买盘
1064,13:41:07,3.94,0.0,2,788,买盘
1065,13:41:13,3.94,0.0,10,3940,买盘
1066,13:41:18,3.93,-0.01,30,11790,卖盘
1067,13:41:25,3.94,0.01,5,1970,买盘
1068,13:41:28,3.93,-0.01,18,7074,卖盘
1069,13:41:34,3.93,0.0,55,21655,卖盘
1070,13:41:54,3.93,0.0,1,393,卖盘
1071,13:42:01,3.93,0.0,38,14934,卖盘
1072,13:42:13,3.94,0.01,8,3152,买盘
1073,13:42:19,3.94,0.0,4,1576,买盘
1074,13:42:24,3.94,0.0,5,1970,买盘
1075,13:42:28,3.94,0.0,72,28368,买盘
1076,13:42:37,3.93,-0.01,118,46433,卖盘
1077,13:42:46,3.93,0.0,259,101792,卖盘
1078,13:42:49,3.93,0.0,30,11790,卖盘
1079,13:43:09,3.93,0.0,177,69561,卖盘
1080,13:43:21,3.92,-0.01,539,211288,卖盘
1081,13:43:28,3.92,0.0,4,1568,买盘
1082,13:43:34,3.92,0.0,10,3920,买盘
1083,13:43:37,3.92,0.0,113,44193,买盘
1084,13:43:39,3.92,0.0,21,8232,买盘
1085,13:43:43,3.92,0.0,14,5488,买盘
1086,13:43:46,3.92,0.0,20,7840,卖盘
1087,13:43:51,3.92,0.0,2,784,卖盘
1088,13:44:07,3.93,0.01,60,23580,买盘
1089,13:44:10,3.91,-0.02,362,141726,卖盘
1090,13:44:22,3.92,0.01,1,392,卖盘
1091,13:44:30,3.92,0.0,24,9408,卖盘
1092,13:44:36,3.92,0.0,13,5096,卖盘
1093,13:44:49,3.92,0.0,22,8624,卖盘
1094,13:44:55,3.92,0.0,86,33712,买盘
1095,13:45:19,3.92,0.0,228,89406,卖盘
1096,13:45:34,3.92,0.0,10,3920,卖盘
1097,13:45:37,3.93,0.01,10,3930,买盘
1098,13:45:39,3.93,0.0,58,22781,买盘
1099,13:45:46,3.93,0.0,17,6681,买盘
1100,13:45:49,3.93,0.0,20,7860,买盘
1101,13:45:52,3.93,0.0,3,1179,买盘
1102,13:45:54,3.93,0.0,100,39300,买盘
1103,13:45:58,3.93,0.0,8,3144,买盘
1104,13:46:19,3.94,0.01,30,11820,买盘
1105,13:46:25,3.93,-0.01,18,7074,卖盘
1106,13:46:49,3.94,0.01,200,78800,买盘
1107,13:46:52,3.94,0.0,15,5910,买盘
1108,13:47:25,3.94,0.0,3,1182,买盘
1109,13:47:37,3.94,0.0,15,5910,买盘
1110,13:48:01,3.94,0.0,16,6304,买盘
1111,13:48:03,3.94,0.0,20,7880,买盘
1112,13:48:21,3.94,0.0,60,23640,卖盘
1113,13:48:31,3.95,0.01,15,5925,买盘
1114,13:48:34,3.95,0.0,3,1185,买盘
1115,13:48:43,3.94,-0.01,50,19700,卖盘
1116,13:49:04,3.95,0.01,10,3950,买盘
1117,13:50:00,3.95,0.0,5,1975,买盘
1118,13:50:09,3.94,-0.01,264,104046,卖盘
1119,13:50:12,3.94,0.0,6,2364,卖盘
1120,13:50:36,3.94,0.0,5,1970,买盘
1121,13:50:40,3.93,-0.01,20,7860,卖盘
1122,13:50:58,3.94,0.01,30,11820,买盘
1123,13:51:04,3.94,0.0,6,2364,买盘
1124,13:51:07,3.93,-0.01,128,50304,卖盘
1125,13:51:19,3.93,0.0,37,14541,卖盘
1126,13:51:28,3.94,0.01,20,7880,买盘
1127,13:51:46,3.94,0.0,6,2364,买盘
1128,13:51:49,3.93,-0.01,59,23187,卖盘
1129,13:52:10,3.93,0.0,6,2358,卖盘
1130,13:52:22,3.93,0.0,1,393,卖盘
1131,13:52:25,3.94,0.01,5,1970,买盘
1132,13:52:34,3.93,-0.01,132,51876,卖盘
1133,13:54:10,3.93,0.0,17,6681,卖盘
1134,13:54:39,3.93,0.0,13,5109,卖盘
1135,13:54:49,3.94,0.01,10,3940,买盘
1136,13:54:52,3.94,0.0,4,1576,买盘
1137,13:55:00,3.94,0.0,21,8274,买盘
1138,13:55:13,3.94,0.0,90,35460,买盘
1139,13:55:21,3.94,0.0,100,39400,买盘
1140,13:55:31,3.93,-0.01,1,393,卖盘
1141,13:55:46,3.93,0.0,11,4323,卖盘
1142,13:55:52,3.94,0.01,35,13790,买盘
1143,13:56:01,3.94,0.0,30,11820,买盘
1144,13:56:15,3.94,0.0,1,394,买盘
1145,13:56:34,3.94,0.0,1,394,买盘
1146,13:56:42,3.93,-0.01,10,3930,卖盘
1147,13:56:49,3.93,0.0,20,7860,卖盘
1148,13:57:04,3.93,0.0,31,12183,卖盘
1149,13:57:13,3.93,0.0,12,4716,卖盘
1150,13:57:16,3.93,0.0,14,5502,卖盘
1151,13:57:18,3.93,0.0,11,4323,卖盘
1152,13:57:21,3.93,0.0,6,2358,卖盘
1153,13:57:25,3.93,0.0,12,4716,卖盘
1154,13:57:27,3.93,0.0,5,1965,卖盘
1155,13:57:33,3.93,0.0,58,22794,卖盘
1156,13:57:58,3.93,0.0,100,39300,卖盘
1157,13:58:28,3.93,0.0,11,4323,卖盘
1158,13:58:31,3.93,0.0,13,5109,卖盘
1159,13:58:57,3.94,0.01,142,55948,买盘
1160,13:59:04,3.93,-0.01,5,1965,卖盘
1161,13:59:22,3.93,0.0,1,393,卖盘
1162,13:59:28,3.94,0.01,50,19700,买盘
1163,13:59:49,3.94,0.0,10,3940,买盘
1164,14:00:04,3.94,0.0,20,7880,买盘
1165,14:00:10,3.94,0.0,197,77618,买盘
1166,14:00:40,3.93,-0.01,7,2751,卖盘
1167,14:00:46,3.94,0.01,2,788,买盘
1168,14:00:54,3.93,-0.01,40,15720,卖盘
1169,14:00:58,3.94,0.01,6,2364,买盘
1170,14:01:00,3.94,0.0,2,788,卖盘
1171,14:01:04,3.94,0.0,7,2758,买盘
1172,14:01:07,3.94,0.0,50,19700,卖盘
1173,14:01:13,3.94,0.0,39,15366,卖盘
1174,14:01:16,3.94,0.0,10,3940,卖盘
1175,14:01:25,3.94,0.0,7,2758,卖盘
1176,14:01:31,3.94,0.0,34,13396,卖盘
1177,14:01:37,3.94,0.0,10,3940,买盘
1178,14:01:55,3.93,-0.01,25,9825,卖盘
1179,14:02:09,3.93,0.0,80,31440,卖盘
1180,14:02:28,3.93,0.0,40,15720,卖盘
1181,14:02:31,3.93,0.0,20,7860,卖盘
1182,14:02:40,3.93,0.0,7,2751,卖盘
1183,14:02:55,3.93,0.0,28,11004,卖盘
1184,14:03:01,3.93,0.0,2,786,卖盘
1185,14:03:07,3.94,0.01,7,2758,买盘
1186,14:03:10,3.93,-0.01,25,9825,卖盘
1187,14:03:49,3.93,0.0,3,1179,卖盘
1188,14:03:52,3.94,0.01,10,3940,买盘
1189,14:03:58,3.93,-0.01,30,11790,卖盘
1190,14:04:04,3.93,0.0,24,9432,卖盘
1191,14:04:07,3.93,0.0,8,3144,卖盘
1192,14:04:16,3.93,0.0,7,2751,卖盘
1193,14:04:40,3.93,0.0,10,3931,卖盘
1194,14:04:52,3.93,0.0,1,393,卖盘
1195,14:05:19,3.93,0.0,51,20043,卖盘
1196,14:05:22,3.93,0.0,6,2358,卖盘
1197,14:05:27,3.93,0.0,3,1179,卖盘
1198,14:05:37,3.93,0.0,45,17685,卖盘
1199,14:05:40,3.93,0.0,6,2358,卖盘
1200,14:05:43,3.93,0.0,120,47160,卖盘
1201,14:05:49,3.93,0.0,1,393,卖盘
1202,14:06:12,3.93,0.0,8,3144,卖盘
1203,14:06:16,3.93,0.0,1,393,卖盘
1204,14:06:37,3.93,0.0,27,10611,卖盘
1205,14:06:43,3.93,0.0,1,393,卖盘
1206,14:06:51,3.93,0.0,1,393,卖盘
1207,14:07:01,3.93,0.0,6,2358,卖盘
1208,14:07:04,3.93,0.0,93,36549,卖盘
1209,14:07:16,3.93,0.0,81,31833,卖盘
1210,14:07:27,3.93,0.0,37,14541,卖盘
1211,14:07:40,3.93,0.0,90,35370,卖盘
1212,14:07:43,3.93,0.0,32,12576,卖盘
1213,14:07:52,3.94,0.01,20,7880,买盘
1214,14:07:54,3.94,0.0,100,39400,买盘
1215,14:08:25,3.93,-0.01,68,26724,卖盘
1216,14:08:37,3.93,0.0,1,393,卖盘
1217,14:08:39,3.93,0.0,7,2751,卖盘
1218,14:08:52,3.93,0.0,100,39300,卖盘
1219,14:08:58,3.93,0.0,36,14148,卖盘
1220,14:09:04,3.93,0.0,239,93927,卖盘
1221,14:09:19,3.93,0.0,16,6288,买盘
1222,14:09:21,3.93,0.0,25,9825,买盘
1223,14:09:28,3.93,0.0,10,3930,买盘
1224,14:09:45,3.93,0.0,24,9432,卖盘
1225,14:10:01,3.94,0.01,102,40188,买盘
1226,14:10:04,3.94,0.0,36,14176,买盘
1227,14:10:10,3.94,0.0,55,21640,买盘
1228,14:10:15,3.94,0.0,20,7880,买盘
1229,14:10:34,3.94,0.0,10,3940,买盘
1230,14:10:42,3.94,0.0,30,11820,买盘
1231,14:10:46,3.94,0.0,24,9456,买盘
1232,14:10:55,3.94,0.0,84,33096,买盘
1233,14:11:01,3.94,0.0,23,9062,买盘
1234,14:11:04,3.94,0.0,73,28715,买盘
1235,14:11:25,3.95,0.01,21,8295,买盘
1236,14:11:27,3.94,-0.01,6,2364,卖盘
1237,14:11:31,3.94,0.0,100,39447,卖盘
1238,14:11:39,3.94,0.0,20,7880,买盘
1239,14:11:42,3.93,-0.01,92,36187,卖盘
1240,14:11:45,3.93,0.0,7,2751,卖盘
1241,14:11:54,3.94,0.01,4,1576,买盘
1242,14:12:19,3.93,-0.01,7,2751,卖盘
1243,14:12:21,3.94,0.01,115,45310,买盘
1244,14:12:37,3.93,-0.01,24,9432,卖盘
1245,14:12:40,3.93,0.0,137,53861,卖盘
1246,14:12:46,3.93,0.0,41,16113,卖盘
1247,14:13:10,3.93,0.0,7,2751,卖盘
1248,14:13:19,3.93,0.0,3,1179,卖盘
1249,14:13:25,3.94,0.01,45,17730,买盘
1250,14:13:34,3.94,0.0,3,1182,买盘
1251,14:13:39,3.93,-0.01,35,13755,卖盘
1252,14:14:34,3.93,0.0,7,2751,卖盘
1253,14:14:55,3.94,0.01,298,117412,买盘
1254,14:15:05,3.94,0.0,10,3940,卖盘
1255,14:15:09,3.94,0.0,1,347,卖盘
1256,14:15:25,3.94,0.0,20,7880,卖盘
1257,14:15:36,3.94,0.0,1,394,卖盘
1258,14:15:48,3.95,0.01,1,395,买盘
1259,14:15:57,3.94,-0.01,17,6698,卖盘
1260,14:16:04,3.94,0.0,1,394,卖盘
1261,14:16:13,3.94,0.0,6,2364,卖盘
1262,14:16:30,3.94,0.0,1,394,卖盘
1263,14:16:46,3.94,0.0,16,6304,卖盘
1264,14:16:58,3.95,0.01,90,35550,买盘
1265,14:17:13,3.95,0.0,52,20540,买盘
1266,14:17:16,3.94,-0.01,1,394,卖盘
1267,14:17:18,3.95,0.01,40,15800,买盘
1268,14:17:31,3.95,0.0,16,6320,买盘
1269,14:18:06,3.94,-0.01,7,2758,卖盘
1270,14:18:24,3.94,0.0,1,394,卖盘
1271,14:18:28,3.94,0.0,51,20094,卖盘
1272,14:18:37,3.94,0.0,8,3152,卖盘
1273,14:18:52,3.94,0.0,1,394,卖盘
1274,14:18:55,3.94,0.0,2,788,卖盘
1275,14:19:05,3.94,0.0,24,9456,卖盘
1276,14:19:16,3.95,0.01,323,127585,买盘
1277,14:19:18,3.95,0.0,19,7505,卖盘
1278,14:19:28,3.95,0.0,197,77815,卖盘
1279,14:19:51,3.94,-0.01,7,2758,卖盘
1280,14:19:54,3.95,0.01,5,1975,买盘
1281,14:20:15,3.95,0.0,106,41870,买盘
1282,14:20:22,3.95,0.0,2,790,买盘
1283,14:20:45,3.95,0.0,51,20145,买盘
1284,14:21:01,3.94,-0.01,200,78800,卖盘
1285,14:21:10,3.95,0.01,40,15800,买盘
1286,14:21:12,3.94,-0.01,41,16154,卖盘
1287,14:21:25,3.95,0.01,1,395,买盘
1288,14:21:37,3.94,-0.01,4,1576,卖盘
1289,14:21:46,3.94,0.0,3,1182,卖盘
1290,14:21:49,3.95,0.01,26,10263,买盘
1291,14:21:52,3.95,0.0,49,19310,买盘
1292,14:22:13,3.94,-0.01,9,3546,卖盘
1293,14:22:16,3.94,0.0,95,37430,卖盘
1294,14:22:19,3.93,-0.01,7,2751,卖盘
1295,14:22:37,3.93,0.0,5,1965,卖盘
1296,14:23:00,3.93,0.0,3,1179,卖盘
1297,14:23:54,3.93,0.0,7,2751,卖盘
1298,14:24:13,3.93,0.0,10,3930,卖盘
1299,14:24:16,3.93,0.0,16,6288,卖盘
1300,14:24:39,3.94,0.01,10,3940,买盘
1301,14:24:58,3.93,-0.01,349,137157,卖盘
1302,14:25:01,3.93,0.0,6,2358,卖盘
1303,14:25:18,3.94,0.01,243,95742,买盘
1304,14:25:21,3.94,0.0,15,5910,卖盘
1305,14:25:24,3.94,0.0,100,39400,卖盘
1306,14:25:46,3.94,0.0,48,18912,卖盘
1307,14:25:52,3.93,-0.01,7,2751,卖盘
1308,14:26:01,3.93,0.0,3,1179,卖盘
1309,14:26:04,3.94,0.01,33,13002,买盘
1310,14:26:10,3.94,0.0,9,3546,买盘
1311,14:26:25,3.93,-0.01,337,132441,卖盘
1312,14:26:34,3.93,0.0,31,12183,卖盘
1313,14:26:46,3.93,0.0,139,54627,卖盘
1314,14:27:00,3.93,0.0,15,5895,卖盘
1315,14:27:09,3.93,0.0,220,86460,卖盘
1316,14:27:28,3.92,-0.01,7,2744,卖盘
1317,14:27:31,3.92,0.0,10,3920,卖盘
1318,14:27:34,3.93,0.01,50,19650,买盘
1319,14:28:16,3.93,0.0,4,1572,买盘
1320,14:28:45,3.93,0.0,10,3930,买盘
1321,14:28:52,3.92,-0.01,2,784,卖盘
1322,14:28:58,3.93,0.01,20,7860,买盘
1323,14:29:00,3.92,-0.01,7,2744,卖盘
1324,14:29:09,3.93,0.01,14,5501,买盘
1325,14:29:13,3.92,-0.01,25,9801,卖盘
1326,14:29:15,3.93,0.01,90,35370,买盘
1327,14:29:18,3.92,-0.01,70,27490,卖盘
1328,14:29:21,3.92,0.0,50,19600,卖盘
1329,14:29:24,3.93,0.01,5,1965,卖盘
1330,14:29:28,3.93,0.0,24,9432,买盘
1331,14:29:31,3.93,0.0,22,8646,卖盘
1332,14:29:36,3.93,0.0,29,11397,卖盘
1333,14:29:40,3.93,0.0,50,19650,卖盘
1334,14:29:42,3.93,0.0,20,7860,卖盘
1335,14:29:46,3.93,0.0,1,393,卖盘
1336,14:29:51,3.92,-0.01,40,15680,卖盘
1337,14:30:01,3.93,0.01,4,1572,买盘
1338,14:30:10,3.93,0.0,11,4323,卖盘
1339,14:30:27,3.93,0.0,13,5109,卖盘
1340,14:30:42,3.94,0.01,20,7880,买盘
1341,14:30:52,3.93,-0.01,49,19257,卖盘
1342,14:30:54,3.92,-0.01,8,3136,卖盘
1343,14:31:09,3.93,0.01,17,6681,买盘
1344,14:31:31,3.93,0.0,1,393,卖盘
1345,14:31:36,3.93,0.0,6,2358,卖盘
1346,14:31:46,3.93,0.0,15,5895,卖盘
1347,14:31:48,3.93,0.0,8,3144,卖盘
1348,14:32:06,3.93,0.0,30,11790,卖盘
1349,14:32:33,3.93,0.0,7,2751,卖盘
1350,14:32:36,3.94,0.01,60,23640,买盘
1351,14:32:55,3.93,-0.01,20,7860,卖盘
1352,14:33:18,3.93,0.0,1,393,卖盘
1353,14:33:22,3.93,0.0,4,1572,卖盘
1354,14:33:27,3.93,0.0,18,7074,卖盘
1355,14:33:30,3.94,0.01,10,3940,买盘
1356,14:33:34,3.93,-0.01,1,393,卖盘
1357,14:33:43,3.93,0.0,10,3930,卖盘
1358,14:33:46,3.94,0.01,50,19700,买盘
1359,14:34:01,3.93,-0.01,6,2358,卖盘
1360,14:34:04,3.93,0.0,7,2751,卖盘
1361,14:34:13,3.93,0.0,243,95499,卖盘
1362,14:34:25,3.93,0.0,32,12576,卖盘
1363,14:34:46,3.93,0.0,2,786,卖盘
1364,14:34:52,3.93,0.0,5,1965,卖盘
1365,14:34:55,3.93,0.0,7,2751,卖盘
1366,14:34:58,3.94,0.01,200,78800,买盘
1367,14:35:10,3.94,0.0,1,394,买盘
1368,14:35:21,3.94,0.0,2,788,买盘
1369,14:35:28,3.93,-0.01,20,7860,卖盘
1370,14:35:31,3.93,0.0,11,4323,卖盘
1371,14:35:40,3.94,0.01,20,7880,买盘
1372,14:35:42,3.93,-0.01,202,79386,卖盘
1373,14:36:01,3.93,0.0,77,30261,卖盘
1374,14:36:06,3.93,0.0,2,786,卖盘
1375,14:36:09,3.93,0.0,81,31833,卖盘
1376,14:36:16,3.93,0.0,48,18884,卖盘
1377,14:36:43,3.94,0.01,20,7880,买盘
1378,14:36:46,3.93,-0.01,144,56721,卖盘
1379,14:36:49,3.93,0.0,110,43330,卖盘
1380,14:36:55,3.94,0.01,40,15750,买盘
1381,14:36:58,3.94,0.0,147,57918,买盘
1382,14:37:19,3.94,0.0,100,39400,卖盘
1383,14:37:25,3.94,0.0,73,28762,卖盘
1384,14:37:40,3.94,0.0,16,6304,买盘
1385,14:37:49,3.93,-0.01,40,15729,卖盘
1386,14:38:01,3.94,0.01,5,1970,卖盘
1387,14:38:19,3.94,0.0,41,16154,卖盘
1388,14:38:36,3.94,0.0,6,2364,买盘
1389,14:38:40,3.94,0.0,6,2364,买盘
1390,14:39:01,3.95,0.01,100,39500,买盘
1391,14:39:07,3.94,-0.01,8,3152,卖盘
1392,14:39:19,3.94,0.0,279,109926,买盘
1393,14:39:21,3.94,0.0,4,1576,买盘
1394,14:39:27,3.94,0.0,30,11820,卖盘
1395,14:39:55,3.94,0.0,75,29550,卖盘
1396,14:40:13,3.94,0.0,1,394,卖盘
1397,14:40:46,3.94,0.0,19,7486,卖盘
1398,14:40:49,3.95,0.01,3,1185,买盘
1399,14:40:57,3.94,-0.01,36,14212,卖盘
1400,14:41:25,3.94,0.0,7,2758,卖盘
1401,14:41:31,3.94,0.0,5,1970,卖盘
1402,14:41:34,3.94,0.0,25,9850,卖盘
1403,14:41:48,3.94,0.0,107,42158,卖盘
1404,14:41:55,3.94,0.0,30,11820,卖盘
1405,14:42:01,3.94,0.0,61,24034,卖盘
1406,14:42:13,3.94,0.0,59,23246,卖盘
1407,14:42:15,3.94,0.0,30,11820,买盘
1408,14:42:19,3.94,0.0,11,4334,买盘
1409,14:42:24,3.94,0.0,26,10244,买盘
1410,14:42:39,3.95,0.01,15,5925,买盘
1411,14:42:43,3.94,-0.01,37,14578,卖盘
1412,14:42:49,3.94,0.0,34,13396,卖盘
1413,14:42:55,3.94,0.0,15,5910,卖盘
1414,14:43:01,3.93,-0.01,131,51483,卖盘
1415,14:43:04,3.94,0.01,13,5122,买盘
1416,14:43:10,3.93,-0.01,40,15720,卖盘
1417,14:43:16,3.94,0.01,3,1182,买盘
1418,14:43:37,3.94,0.0,10,3940,买盘
1419,14:43:40,3.94,0.0,10,3940,买盘
1420,14:43:55,3.94,0.0,10,3940,买盘
1421,14:43:58,3.94,0.0,20,7880,买盘
1422,14:44:49,3.94,0.0,34,13396,买盘
1423,14:45:16,3.94,0.0,20,7880,买盘
1424,14:45:34,3.93,-0.01,1,393,卖盘
1425,14:45:58,3.93,0.0,41,16113,卖盘
1426,14:46:13,3.94,0.01,56,22064,买盘
1427,14:46:16,3.94,0.0,9,3546,买盘
1428,14:46:21,3.93,-0.01,1,393,卖盘
1429,14:46:24,3.93,0.0,20,7860,卖盘
1430,14:47:10,3.94,0.01,5,1970,买盘
1431,14:47:13,3.93,-0.01,10,3930,卖盘
1432,14:47:25,3.94,0.01,8,3152,买盘
1433,14:47:30,3.94,0.0,10,3940,买盘
1434,14:47:37,3.94,0.0,10,3940,买盘
1435,14:47:43,3.93,-0.01,3,1179,卖盘
1436,14:47:45,3.94,0.01,10,3940,买盘
1437,14:47:49,3.93,-0.01,26,10218,卖盘
1438,14:47:52,3.93,0.0,119,46767,卖盘
1439,14:48:15,3.94,0.01,50,19700,买盘
1440,14:48:22,3.94,0.0,16,6304,买盘
1441,14:48:31,3.93,-0.01,47,18471,卖盘
1442,14:48:37,3.94,0.01,50,19700,买盘
1443,14:48:55,3.94,0.0,50,19700,买盘
1444,14:49:05,3.94,0.0,4,1576,买盘
1445,14:49:13,3.93,-0.01,43,16899,卖盘
1446,14:49:16,3.94,0.01,5,1970,买盘
1447,14:49:25,3.94,0.0,100,39400,买盘
1448,14:49:43,3.93,-0.01,11,4323,卖盘
1449,14:49:55,3.93,0.0,200,78700,卖盘
1450,14:49:58,3.93,0.0,120,47160,卖盘
1451,14:50:01,3.93,0.0,40,15720,卖盘
1452,14:50:04,3.93,0.0,14,5502,卖盘
1453,14:50:07,3.93,0.0,25,9825,卖盘
1454,14:50:19,3.93,0.0,189,74277,卖盘
1455,14:50:25,3.93,0.0,121,47553,卖盘
1456,14:50:28,3.94,0.01,150,59100,买盘
1457,14:50:31,3.93,-0.01,8,3144,卖盘
1458,14:50:40,3.93,0.0,11,4323,卖盘
1459,14:50:45,3.93,0.0,14,5502,卖盘
1460,14:50:48,3.94,0.01,15,5900,买盘
1461,14:50:55,3.93,-0.01,8,3144,卖盘
1462,14:50:58,3.93,0.0,24,9432,卖盘
1463,14:51:04,3.93,0.0,1,393,卖盘
1464,14:51:19,3.93,0.0,11,4323,卖盘
1465,14:51:28,3.93,0.0,8,3144,卖盘
1466,14:51:31,3.93,0.0,1,393,卖盘
1467,14:51:34,3.93,0.0,20,7860,卖盘
1468,14:51:37,3.93,0.0,44,17292,卖盘
1469,14:51:39,3.93,0.0,127,49911,卖盘
1470,14:51:43,3.93,0.0,76,29868,卖盘
1471,14:51:46,3.93,0.0,53,20829,卖盘
1472,14:51:55,3.93,0.0,57,22401,卖盘
1473,14:52:01,3.93,0.0,17,6674,买盘
1474,14:52:04,3.93,0.0,12,4716,买盘
1475,14:52:07,3.93,0.0,13,5109,买盘
1476,14:52:10,3.92,-0.01,1,392,卖盘
1477,14:52:34,3.92,0.0,98,38490,卖盘
1478,14:52:40,3.92,0.0,86,33712,卖盘
1479,14:52:43,3.92,0.0,148,58018,卖盘
1480,14:52:46,3.93,0.01,7,2751,买盘
1481,14:52:49,3.92,-0.01,100,39200,卖盘
1482,14:52:52,3.92,0.0,50,19600,卖盘
1483,14:52:55,3.92,0.0,7,2744,卖盘
1484,14:53:04,3.93,0.01,60,23580,买盘
1485,14:53:07,3.92,-0.01,9,3528,卖盘
1486,14:53:13,3.92,0.0,30,11760,卖盘
1487,14:53:22,3.92,0.0,62,24304,卖盘
1488,14:53:25,3.92,0.0,29,11368,卖盘
1489,14:53:28,3.92,0.0,21,8232,卖盘
1490,14:53:31,3.92,0.0,1,392,卖盘
1491,14:53:34,3.92,0.0,100,39200,卖盘
1492,14:53:40,3.92,0.0,51,19992,卖盘
1493,14:53:43,3.92,0.0,2,784,卖盘
1494,14:53:46,3.92,0.0,10,3920,卖盘
1495,14:53:49,3.92,0.0,4,1568,卖盘
1496,14:53:54,3.92,0.0,10,3920,卖盘
1497,14:53:58,3.92,0.0,527,206584,卖盘
1498,14:54:04,3.92,0.0,360,141443,卖盘
1499,14:54:13,3.92,0.0,500,196000,卖盘
1500,14:54:19,3.92,0.0,120,47040,卖盘
1501,14:54:22,3.92,0.0,30,11760,卖盘
1502,14:54:25,3.92,0.0,324,127008,卖盘
1503,14:54:30,3.92,0.0,51,19992,卖盘
1504,14:54:37,3.92,0.0,135,52995,卖盘
1505,14:54:51,3.92,0.0,28,10976,卖盘
1506,14:55:04,3.92,0.0,30,11760,卖盘
1507,14:55:10,3.92,0.0,10,3920,卖盘
1508,14:55:16,3.92,0.0,73,28650,卖盘
1509,14:55:19,3.92,0.0,78,30576,卖盘
1510,14:55:22,3.93,0.01,3,1179,买盘
1511,14:55:25,3.92,-0.01,10,3920,卖盘
1512,14:55:27,3.92,0.0,106,41552,卖盘
1513,14:55:31,3.93,0.01,307,120578,买盘
1514,14:55:34,3.93,0.0,106,41658,买盘
1515,14:55:43,3.93,0.0,17,6681,买盘
1516,14:55:46,3.92,-0.01,50,19600,卖盘
1517,14:55:52,3.92,0.0,456,178752,卖盘
1518,14:55:54,3.92,0.0,40,15680,卖盘
1519,14:55:58,3.92,0.0,9,3528,卖盘
1520,14:56:04,3.93,0.01,50,19650,买盘
1521,14:56:09,3.92,-0.01,64,25088,卖盘
1522,14:56:13,3.93,0.01,1043,409899,买盘
1523,14:56:15,3.92,-0.01,62,24304,卖盘
1524,14:56:19,3.93,0.01,3,1179,买盘
1525,14:56:24,3.92,-0.01,57,22379,卖盘
1526,14:56:28,3.93,0.01,10,3930,买盘
1527,14:56:31,3.92,-0.01,6,2352,卖盘
1528,14:56:34,3.92,0.0,71,27832,卖盘
1529,14:56:42,3.92,0.0,63,24696,卖盘
1530,14:56:49,3.92,0.0,19,7448,卖盘
1531,14:56:55,3.92,0.0,88,34546,卖盘
1532,14:56:57,3.92,0.0,20,7840,卖盘
1533,15:00:04,3.92,0.0,1655,648760,卖盘
