,time,price,change,volume,amount,type
0,09:25:03,9.61,-0.09,4051,3893588,卖盘
1,09:30:00,9.69,0.08,79,76375,买盘
2,09:30:04,9.65,-0.04,2637,2545004,中性盘
3,09:30:07,9.64,-0.01,687,662827,卖盘
4,09:30:09,9.65,0.01,311,300078,买盘
5,09:30:12,9.64,-0.01,142,136974,卖盘
6,09:30:15,9.65,0.01,392,377971,买盘
7,09:30:18,9.64,-0.01,397,382973,中性盘
8,09:30:21,9.63,-0.01,119,114659,卖盘
9,09:30:24,9.65,0.02,142,136909,买盘
10,09:30:27,9.64,-0.01,100,96455,卖盘
11,09:30:30,9.65,0.01,185,178425,买盘
12,09:30:33,9.63,-0.02,6374,6135196,卖盘
13,09:30:36,9.63,0.0,240,231157,买盘
14,09:30:39,9.62,-0.01,539,519048,卖盘
15,09:30:42,9.6,-0.02,565,542507,卖盘
16,09:30:46,9.6,0.0,220,211321,卖盘
17,09:30:48,9.59,-0.01,769,738175,卖盘
18,09:30:51,9.57,-0.02,527,504433,卖盘
19,09:30:54,9.55,-0.02,571,545560,卖盘
20,09:30:57,9.54,-0.01,302,288278,卖盘
21,09:31:00,9.54,0.0,176,167817,买盘
22,09:31:04,9.54,0.0,412,393052,卖盘
23,09:31:06,9.53,-0.01,612,583540,卖盘
24,09:31:09,9.54,0.01,813,775735,买盘
25,09:31:12,9.54,0.0,1310,1248709,卖盘
26,09:31:15,9.53,-0.01,477,455001,卖盘
27,09:31:18,9.54,0.01,243,231452,买盘
28,09:31:21,9.53,-0.01,491,467885,中性盘
29,09:31:24,9.53,0.0,262,249679,买盘
30,09:31:28,9.52,-0.01,594,565898,卖盘
31,09:31:30,9.53,0.01,315,300261,买盘
32,09:31:33,9.53,0.0,422,402181,卖盘
33,09:31:36,9.53,0.0,272,259185,卖盘
34,09:31:39,9.53,0.0,301,286830,买盘
35,09:31:42,9.53,0.0,416,396310,买盘
36,09:31:45,9.51,-0.02,484,460793,卖盘
37,09:31:48,9.53,0.02,358,340804,买盘
38,09:31:51,9.51,-0.02,1004,954953,卖盘
39,09:31:54,9.53,0.02,264,251257,买盘
40,09:31:57,9.51,-0.02,343,326207,卖盘
41,09:32:00,9.51,0.0,965,917053,买盘
42,09:32:04,9.52,0.01,716,680788,买盘
43,09:32:06,9.52,0.0,565,537880,卖盘
44,09:32:09,9.53,0.01,710,675967,买盘
45,09:32:12,9.51,-0.02,1071,1018892,卖盘
46,09:32:15,9.52,0.01,442,420865,买盘
47,09:32:18,9.53,0.01,1064,1013271,买盘
48,09:32:22,9.53,0.0,245,233451,买盘
49,09:32:24,9.53,0.0,714,681275,卖盘
50,09:32:27,9.53,0.0,193,183981,卖盘
51,09:32:30,9.55,0.02,176,168049,买盘
52,09:32:33,9.55,0.0,119,113645,卖盘
53,09:32:36,9.55,0.0,117,111718,买盘
54,09:32:39,9.55,0.0,167,159450,买盘
55,09:32:42,9.55,0.0,635,606933,买盘
56,09:32:45,9.55,0.0,200,191000,卖盘
57,09:32:48,9.55,0.0,1224,1170884,卖盘
58,09:32:51,9.56,0.01,432,412627,买盘
59,09:32:54,9.55,-0.01,635,607356,卖盘
60,09:32:57,9.56,0.01,89,85103,卖盘
61,09:33:01,9.56,0.0,91,87001,卖盘
62,09:33:04,9.56,0.0,347,331877,卖盘
63,09:33:06,9.57,0.01,25,23933,中性盘
64,09:33:09,9.57,0.0,197,188643,卖盘
65,09:33:13,9.58,0.01,113,108193,买盘
66,09:33:15,9.57,-0.01,378,361931,卖盘
67,09:33:19,9.58,0.01,211,202178,中性盘
68,09:33:21,9.59,0.01,363,347866,买盘
69,09:33:24,9.58,-0.01,559,535457,卖盘
70,09:33:27,9.59,0.01,285,273128,买盘
71,09:33:30,9.59,0.0,173,165821,买盘
72,09:33:33,9.57,-0.02,676,648079,卖盘
73,09:33:36,9.57,0.0,141,135005,卖盘
74,09:33:40,9.58,0.01,240,229891,买盘
75,09:33:42,9.56,-0.02,374,357984,卖盘
76,09:33:46,9.57,0.01,228,218247,买盘
77,09:33:48,9.58,0.01,267,255525,买盘
78,09:33:51,9.57,-0.01,90,86117,卖盘
79,09:33:54,9.57,0.0,330,315706,买盘
80,09:33:57,9.56,-0.01,434,414874,卖盘
81,09:34:00,9.55,-0.01,472,451125,卖盘
82,09:34:03,9.55,0.0,377,360150,卖盘
83,09:34:06,9.55,0.0,675,644290,卖盘
84,09:34:09,9.52,-0.03,565,538499,卖盘
85,09:34:12,9.53,0.01,22,20987,卖盘
86,09:34:15,9.53,0.0,88,83824,买盘
87,09:34:18,9.52,-0.01,243,231345,卖盘
88,09:34:21,9.52,0.0,442,420888,卖盘
89,09:34:25,9.51,-0.01,239,227352,卖盘
90,09:34:27,9.5,-0.01,801,761710,卖盘
91,09:34:30,9.51,0.01,184,174873,买盘
92,09:34:33,9.5,-0.01,451,428486,卖盘
93,09:34:36,9.51,0.01,357,339182,买盘
94,09:34:39,9.5,-0.01,524,497501,卖盘
95,09:34:42,9.5,0.0,352,334163,买盘
96,09:34:45,9.48,-0.02,980,930248,卖盘
97,09:34:49,9.48,0.0,370,350881,卖盘
98,09:34:51,9.48,0.0,1508,1430506,卖盘
99,09:34:54,9.47,-0.01,528,500441,卖盘
100,09:34:57,9.47,0.0,574,543660,卖盘
101,09:35:00,9.47,0.0,432,409004,卖盘
102,09:35:04,9.45,-0.02,1686,1593314,卖盘
103,09:35:06,9.45,0.0,182,171948,买盘
104,09:35:09,9.43,-0.02,205,193522,卖盘
105,09:35:12,9.42,-0.01,1114,1051770,卖盘
106,09:35:15,9.42,0.0,377,355327,卖盘
107,09:35:19,9.43,0.01,609,573821,买盘
108,09:35:21,9.43,0.0,753,709670,买盘
109,09:35:24,9.44,0.01,810,764613,买盘
110,09:35:27,9.45,0.01,527,497560,买盘
111,09:35:31,9.45,0.0,183,172827,卖盘
112,09:35:34,9.45,0.0,120,113415,卖盘
113,09:35:36,9.46,0.01,236,223243,卖盘
114,09:35:39,9.46,0.0,516,488509,卖盘
115,09:35:42,9.46,0.0,353,334094,卖盘
116,09:35:45,9.48,0.02,583,552037,买盘
117,09:35:48,9.47,-0.01,288,272623,中性盘
118,09:35:51,9.48,0.01,579,548850,买盘
119,09:35:54,9.49,0.01,202,191361,买盘
120,09:35:57,9.49,0.0,83,78792,卖盘
121,09:36:01,9.5,0.01,238,226043,买盘
122,09:36:04,9.52,0.02,347,329615,买盘
123,09:36:06,9.5,-0.02,129,122498,卖盘
124,09:36:09,9.5,0.0,141,133888,买盘
125,09:36:12,9.5,0.0,52,49400,买盘
126,09:36:15,9.5,0.0,351,333507,卖盘
127,09:36:18,9.51,0.01,232,220535,买盘
128,09:36:21,9.51,0.0,48,45648,卖盘
129,09:36:24,9.5,-0.01,572,543682,卖盘
130,09:36:27,9.5,0.0,248,235600,买盘
131,09:36:30,9.5,0.0,134,127289,买盘
132,09:36:34,9.51,0.01,191,181445,买盘
133,09:36:36,9.5,-0.01,188,178733,卖盘
134,09:36:39,9.51,0.01,258,245284,买盘
135,09:36:42,9.5,-0.01,545,518269,中性盘
136,09:36:45,9.51,0.01,234,222334,中性盘
137,09:36:48,9.5,-0.01,1257,1194150,卖盘
138,09:36:52,9.5,0.0,521,495072,买盘
139,09:36:54,9.5,0.0,456,433459,买盘
140,09:36:57,9.5,0.0,83,78878,卖盘
141,09:37:00,9.51,0.01,334,317410,买盘
142,09:37:03,9.51,0.0,770,731653,买盘
143,09:37:06,9.51,0.0,85,80835,卖盘
144,09:37:09,9.51,0.0,96,91300,卖盘
145,09:37:13,9.51,0.0,101,96014,买盘
146,09:37:15,9.5,-0.01,201,191015,卖盘
147,09:37:18,9.5,0.0,156,148256,卖盘
148,09:37:21,9.5,0.0,293,278410,卖盘
149,09:37:24,9.5,0.0,326,309777,卖盘
150,09:37:27,9.5,0.0,356,338238,卖盘
151,09:37:30,9.5,0.0,123,116850,买盘
152,09:37:34,9.49,-0.01,320,303716,卖盘
153,09:37:36,9.49,0.0,1007,956144,卖盘
154,09:37:39,9.49,0.0,123,116727,卖盘
155,09:37:42,9.48,-0.01,128,121431,卖盘
156,09:37:45,9.48,0.0,277,262693,卖盘
157,09:37:48,9.48,0.0,628,595413,卖盘
158,09:37:51,9.47,-0.01,480,454979,卖盘
159,09:37:54,9.47,0.0,48,45470,卖盘
160,09:37:57,9.47,0.0,265,250844,卖盘
161,09:38:00,9.46,-0.01,106,100333,卖盘
162,09:38:04,9.46,0.0,345,326486,卖盘
163,09:38:06,9.47,0.01,1183,1120079,买盘
164,09:38:09,9.46,-0.01,1070,1013364,卖盘
165,09:38:12,9.46,0.0,383,362540,卖盘
166,09:38:15,9.46,0.0,631,596704,卖盘
167,09:38:18,9.47,0.01,175,165532,买盘
168,09:38:21,9.47,0.0,235,222414,买盘
169,09:38:24,9.48,0.01,1327,1256786,买盘
170,09:38:27,9.47,-0.01,532,503720,卖盘
171,09:38:30,9.46,-0.01,599,566739,卖盘
172,09:38:33,9.47,0.01,158,149611,买盘
173,09:38:36,9.46,-0.01,505,478397,卖盘
174,09:38:39,9.46,0.0,211,199814,卖盘
175,09:38:43,9.47,0.01,269,254514,中性盘
176,09:38:45,9.46,-0.01,106,100298,卖盘
177,09:38:48,9.46,0.0,99,93734,卖盘
178,09:38:51,9.46,0.0,155,146683,卖盘
179,09:38:54,9.46,0.0,1037,981374,卖盘
180,09:38:57,9.46,0.0,301,285070,卖盘
181,09:39:00,9.47,0.01,47,44478,中性盘
182,09:39:03,9.48,0.01,347,328488,买盘
183,09:39:07,9.47,-0.01,483,457768,卖盘
184,09:39:09,9.47,0.0,118,111780,买盘
185,09:39:13,9.48,0.01,30,28432,中性盘
186,09:39:15,9.49,0.01,144,136644,买盘
187,09:39:18,9.49,0.0,39,37016,卖盘
188,09:39:21,9.49,0.0,165,156590,卖盘
189,09:39:24,9.49,0.0,33,31317,卖盘
190,09:39:27,9.49,0.0,256,243155,卖盘
191,09:39:30,9.49,0.0,358,339995,卖盘
192,09:39:33,9.5,0.01,243,230743,买盘
193,09:39:36,9.5,0.0,283,268825,买盘
194,09:39:39,9.5,0.0,79,75040,卖盘
195,09:39:42,9.5,0.0,17,16150,卖盘
196,09:39:45,9.51,0.01,121,115047,买盘
197,09:39:48,9.51,0.0,250,237950,卖盘
198,09:39:51,9.52,0.01,63,59976,买盘
199,09:39:57,9.52,0.0,205,195149,卖盘
200,09:40:00,9.53,0.01,92,87627,买盘
201,09:40:04,9.53,0.0,22,20986,卖盘
202,09:40:06,9.54,0.01,121,115367,买盘
203,09:40:09,9.54,0.0,9,8586,买盘
204,09:40:12,9.54,0.0,53,50580,卖盘
205,09:40:15,9.55,0.01,119,113576,买盘
206,09:40:19,9.55,0.0,122,116482,买盘
207,09:40:21,9.56,0.01,118,112760,买盘
208,09:40:24,9.56,0.0,67,64016,卖盘
209,09:40:27,9.59,0.03,171,163737,买盘
210,09:40:30,9.56,-0.03,73,69844,卖盘
211,09:40:33,9.57,0.01,275,263125,买盘
212,09:40:36,9.59,0.02,69,66104,买盘
213,09:40:39,9.57,-0.02,127,121060,卖盘
214,09:40:42,9.57,0.0,113,108620,卖盘
215,09:40:45,9.58,0.01,784,749578,买盘
216,09:40:48,9.58,0.0,473,453336,买盘
217,09:40:51,9.57,-0.01,148,141682,卖盘
218,09:40:54,9.58,0.01,87,83341,买盘
219,09:40:57,9.58,0.0,103,98643,买盘
220,09:41:01,9.59,0.01,837,801626,买盘
221,09:41:04,9.57,-0.02,239,228954,卖盘
222,09:41:06,9.58,0.01,110,105368,买盘
223,09:41:10,9.57,-0.01,220,210593,卖盘
224,09:41:12,9.56,-0.01,656,628257,卖盘
225,09:41:15,9.57,0.01,109,104258,买盘
226,09:41:18,9.56,-0.01,411,392962,卖盘
227,09:41:21,9.56,0.0,716,684562,卖盘
228,09:41:24,9.56,0.0,84,80269,买盘
229,09:41:28,9.55,-0.01,586,559630,卖盘
230,09:41:30,9.54,-0.01,446,425992,卖盘
231,09:41:33,9.54,0.0,94,89697,卖盘
232,09:41:36,9.53,-0.01,31,29554,卖盘
233,09:41:39,9.52,-0.01,118,112446,卖盘
234,09:41:42,9.53,0.01,100,95239,买盘
235,09:41:46,9.52,-0.01,111,105701,卖盘
236,09:41:48,9.51,-0.01,30,28538,卖盘
237,09:41:51,9.51,0.0,128,121763,卖盘
238,09:41:54,9.51,0.0,262,249262,卖盘
239,09:41:57,9.51,0.0,35,33285,买盘
240,09:42:01,9.5,-0.01,55,52279,卖盘
241,09:42:04,9.5,0.0,118,112112,卖盘
242,09:42:06,9.51,0.01,150,142537,买盘
243,09:42:09,9.51,0.0,136,129330,买盘
244,09:42:12,9.53,0.02,287,273101,买盘
245,09:42:16,9.53,0.0,210,199793,买盘
246,09:42:18,9.51,-0.02,136,129281,卖盘
247,09:42:21,9.52,0.01,2,1904,中性盘
248,09:42:24,9.53,0.01,83,79040,买盘
249,09:42:27,9.52,-0.01,22,20965,卖盘
250,09:42:30,9.53,0.01,64,60992,买盘
251,09:42:34,9.53,0.0,311,296147,卖盘
252,09:42:36,9.53,0.0,56,53343,买盘
253,09:42:39,9.55,0.02,501,477713,买盘
254,09:42:42,9.54,-0.01,51,48654,卖盘
255,09:42:45,9.54,0.0,145,138365,卖盘
256,09:42:48,9.55,0.01,56,53446,买盘
257,09:42:52,9.55,0.0,181,172817,买盘
258,09:42:54,9.55,0.0,45,42953,买盘
259,09:42:58,9.54,-0.01,76,72559,卖盘
260,09:43:00,9.55,0.01,60,57277,中性盘
261,09:43:04,9.56,0.01,349,333399,买盘
262,09:43:06,9.56,0.0,735,702209,买盘
263,09:43:09,9.56,0.0,60,57344,买盘
264,09:43:13,9.54,-0.02,358,341867,卖盘
265,09:43:15,9.54,0.0,27,25758,买盘
266,09:43:18,9.53,-0.01,134,127779,卖盘
267,09:43:22,9.54,0.01,197,187858,买盘
268,09:43:24,9.54,0.0,8,7632,卖盘
269,09:43:27,9.54,0.0,165,157410,卖盘
270,09:43:30,9.55,0.01,342,326269,买盘
271,09:43:33,9.54,-0.01,69,65845,卖盘
272,09:43:36,9.54,0.0,16,15258,买盘
273,09:43:39,9.53,-0.01,58,55292,卖盘
274,09:43:43,9.54,0.01,66,62908,买盘
275,09:43:45,9.53,-0.01,60,57191,卖盘
276,09:43:48,9.54,0.01,151,143987,买盘
277,09:43:51,9.54,0.0,58,55296,买盘
278,09:43:54,9.54,0.0,412,392728,买盘
279,09:43:57,9.53,-0.01,102,97233,卖盘
280,09:44:00,9.53,0.0,134,127702,卖盘
281,09:44:04,9.52,-0.01,64,60977,卖盘
282,09:44:06,9.53,0.01,118,112454,买盘
283,09:44:09,9.52,-0.01,11,10472,卖盘
284,09:44:12,9.52,0.0,159,151430,卖盘
285,09:44:16,9.52,0.0,308,293271,卖盘
286,09:44:18,9.53,0.01,123,117102,买盘
287,09:44:21,9.52,-0.01,180,171360,卖盘
288,09:44:24,9.52,0.0,74,70386,买盘
289,09:44:27,9.51,-0.01,15,14267,卖盘
290,09:44:30,9.52,0.01,132,125566,买盘
291,09:44:33,9.52,0.0,39,37094,买盘
292,09:44:36,9.51,-0.01,142,135091,卖盘
293,09:44:39,9.51,0.0,34,32334,买盘
294,09:44:42,9.5,-0.01,59,56073,卖盘
295,09:44:45,9.5,0.0,35,33250,卖盘
296,09:44:48,9.5,0.0,182,172908,卖盘
297,09:44:52,9.5,0.0,67,63703,卖盘
298,09:44:54,9.49,-0.01,2222,2109475,卖盘
299,09:44:57,9.5,0.01,231,219208,买盘
300,09:45:00,9.48,-0.02,78,73944,卖盘
301,09:45:03,9.5,0.02,51,48407,买盘
302,09:45:06,9.49,-0.01,189,179226,中性盘
303,09:45:10,9.48,-0.01,256,242998,卖盘
304,09:45:12,9.48,0.0,95,90070,卖盘
305,09:45:15,9.48,0.0,63,59724,卖盘
306,09:45:18,9.48,0.0,104,98618,卖盘
307,09:45:21,9.48,0.0,19,18012,买盘
308,09:45:25,9.48,0.0,134,126908,买盘
309,09:45:27,9.47,-0.01,124,117431,卖盘
310,09:45:30,9.48,0.01,55,52139,买盘
311,09:45:33,9.47,-0.01,129,122236,卖盘
312,09:45:36,9.48,0.01,46,43573,买盘
313,09:45:39,9.47,-0.01,84,79609,卖盘
314,09:45:42,9.5,0.03,1628,1545062,买盘
315,09:45:45,9.5,0.0,63,59850,卖盘
316,09:45:48,9.5,0.0,239,227200,卖盘
317,09:45:51,9.5,0.0,38,36120,卖盘
318,09:45:54,9.51,0.01,64,60862,买盘
319,09:45:57,9.5,-0.01,123,116952,卖盘
320,09:46:00,9.52,0.02,104,98999,买盘
321,09:46:03,9.51,-0.01,83,78940,卖盘
322,09:46:06,9.51,0.0,45,42795,买盘
323,09:46:09,9.51,0.0,113,107464,卖盘
324,09:46:12,9.51,0.0,20,19015,买盘
325,09:46:16,9.51,0.0,19,18069,买盘
326,09:46:18,9.51,0.0,14,13314,买盘
327,09:46:21,9.51,0.0,290,275748,买盘
328,09:46:24,9.51,0.0,12,11412,卖盘
329,09:46:27,9.51,0.0,22,20922,卖盘
330,09:46:30,9.51,0.0,7,6657,卖盘
331,09:46:33,9.51,0.0,156,148445,卖盘
332,09:46:36,9.51,0.0,66,62766,卖盘
333,09:46:39,9.52,0.01,156,148407,买盘
334,09:46:42,9.51,-0.01,20,19034,卖盘
335,09:46:45,9.51,0.0,52,49452,卖盘
336,09:46:48,9.51,0.0,60,57060,卖盘
337,09:46:51,9.51,0.0,44,41844,买盘
338,09:46:54,9.5,-0.01,184,174817,卖盘
339,09:46:57,9.5,0.0,43,40874,卖盘
340,09:47:00,9.5,0.0,72,68412,卖盘
341,09:47:04,9.51,0.01,332,315774,买盘
342,09:47:06,9.51,0.0,42,39942,卖盘
343,09:47:09,9.51,0.0,47,44131,卖盘
344,09:47:12,9.51,0.0,22,20922,卖盘
345,09:47:15,9.51,0.0,150,142622,卖盘
346,09:47:18,9.51,0.0,150,142699,买盘
347,09:47:21,9.51,0.0,116,110262,卖盘
348,09:47:24,9.5,-0.01,511,485522,卖盘
349,09:47:27,9.51,0.01,27,25677,买盘
350,09:47:30,9.51,0.0,8,7606,买盘
351,09:47:33,9.51,0.0,69,65604,买盘
352,09:47:36,9.51,0.0,18,17118,买盘
353,09:47:39,9.51,0.0,84,79884,买盘
354,09:47:42,9.5,-0.01,131,124549,卖盘
355,09:47:45,9.5,0.0,20,19010,卖盘
356,09:47:48,9.51,0.01,140,133073,买盘
357,09:47:51,9.51,0.0,183,174033,卖盘
358,09:47:54,9.51,0.0,28,26628,卖盘
359,09:47:57,9.51,0.0,29,27559,买盘
360,09:48:01,9.51,0.0,40,38039,买盘
361,09:48:04,9.51,0.0,424,402824,买盘
362,09:48:06,9.51,0.0,102,97002,买盘
363,09:48:09,9.51,0.0,42,39934,卖盘
364,09:48:12,9.51,0.0,60,57063,卖盘
365,09:48:15,9.5,-0.01,37,35162,卖盘
366,09:48:18,9.51,0.01,359,341704,买盘
367,09:48:21,9.51,0.0,53,50408,卖盘
368,09:48:24,9.51,0.0,24,22844,卖盘
369,09:48:27,9.51,0.0,109,103616,买盘
370,09:48:31,9.51,0.0,10,9510,买盘
371,09:48:33,9.51,0.0,554,526660,买盘
372,09:48:36,9.51,0.0,148,140618,买盘
373,09:48:40,9.51,0.0,27,25663,买盘
374,09:48:43,9.51,0.0,126,119705,买盘
375,09:48:45,9.5,-0.01,58,55106,卖盘
376,09:48:48,9.51,0.01,171,162634,买盘
377,09:48:51,9.51,0.0,87,82737,卖盘
378,09:48:54,9.51,0.0,16,15216,卖盘
379,09:48:58,9.52,0.01,598,569243,买盘
380,09:49:00,9.52,0.0,179,170280,卖盘
381,09:49:04,9.53,0.01,64,60975,买盘
382,09:49:06,9.53,0.0,194,184835,买盘
383,09:49:09,9.53,0.0,12,11436,卖盘
384,09:49:12,9.54,0.01,1,954,买盘
385,09:49:15,9.53,-0.01,30,28601,卖盘
386,09:49:18,9.53,0.0,35,33381,卖盘
387,09:49:21,9.53,0.0,86,82007,卖盘
388,09:49:24,9.53,0.0,63,60085,卖盘
389,09:49:27,9.53,0.0,166,158318,卖盘
390,09:49:30,9.53,0.0,154,146847,卖盘
391,09:49:33,9.53,0.0,133,126749,卖盘
392,09:49:36,9.55,0.02,17,16232,买盘
393,09:49:39,9.55,0.0,49,46716,买盘
394,09:49:42,9.55,0.0,132,125941,买盘
395,09:49:45,9.54,-0.01,12,11446,中性盘
396,09:49:48,9.54,0.0,17,16211,买盘
397,09:49:51,9.53,-0.01,110,105044,卖盘
398,09:49:54,9.53,0.0,311,296447,卖盘
399,09:49:57,9.53,0.0,76,72432,卖盘
400,09:50:00,9.54,0.01,48,45757,买盘
401,09:50:04,9.53,-0.01,157,149590,卖盘
402,09:50:06,9.53,0.0,11,10483,买盘
403,09:50:09,9.53,0.0,11,10483,买盘
404,09:50:12,9.52,-0.01,71,67613,卖盘
405,09:50:15,9.53,0.01,107,101869,买盘
406,09:50:18,9.51,-0.02,81,77059,卖盘
407,09:50:21,9.52,0.01,29,27608,买盘
408,09:50:24,9.52,0.0,254,241808,买盘
409,09:50:27,9.52,0.0,45,42797,买盘
410,09:50:30,9.51,-0.01,206,196140,卖盘
411,09:50:33,9.52,0.01,10,9520,买盘
412,09:50:36,9.52,0.0,69,65688,买盘
413,09:50:39,9.51,-0.01,39,37089,卖盘
414,09:50:42,9.52,0.01,24,22833,买盘
415,09:50:45,9.52,0.0,12,11424,买盘
416,09:50:48,9.51,-0.01,77,73241,卖盘
417,09:50:51,9.52,0.01,44,41878,买盘
418,09:50:54,9.52,0.0,25,23795,买盘
419,09:50:57,9.51,-0.01,595,565904,卖盘
420,09:51:00,9.51,0.0,7,6657,买盘
421,09:51:04,9.5,-0.01,21,19953,卖盘
422,09:51:06,9.5,0.0,24,22800,卖盘
423,09:51:09,9.5,0.0,72,68401,卖盘
424,09:51:12,9.51,0.01,71,67492,买盘
425,09:51:16,9.5,-0.01,114,108300,卖盘
426,09:51:19,9.51,0.01,246,233852,买盘
427,09:51:21,9.51,0.0,40,38030,买盘
428,09:51:24,9.51,0.0,76,72276,卖盘
429,09:51:28,9.51,0.0,13,12363,卖盘
430,09:51:30,9.51,0.0,121,115121,卖盘
431,09:51:33,9.5,-0.01,162,154010,卖盘
432,09:51:36,9.52,0.02,83,78964,买盘
433,09:51:39,9.5,-0.02,6,5700,卖盘
434,09:51:42,9.51,0.01,164,155964,买盘
435,09:51:45,9.51,0.0,90,85590,卖盘
436,09:51:48,9.51,0.0,80,76080,卖盘
437,09:51:51,9.51,0.0,156,148356,卖盘
438,09:51:54,9.51,0.0,2,1902,卖盘
439,09:51:57,9.52,0.01,214,203521,买盘
440,09:52:00,9.52,0.0,428,407411,买盘
441,09:52:04,9.52,0.0,43,40936,卖盘
442,09:52:06,9.52,0.0,166,158032,卖盘
443,09:52:09,9.51,-0.01,100,95135,卖盘
444,09:52:12,9.52,0.01,5,4760,买盘
445,09:52:16,9.52,0.0,56,53312,买盘
446,09:52:18,9.53,0.01,529,504002,买盘
447,09:52:21,9.53,0.0,21,20013,卖盘
448,09:52:24,9.53,0.0,30,28590,卖盘
449,09:52:27,9.54,0.01,100,95337,买盘
450,09:52:31,9.53,-0.01,60,57180,卖盘
451,09:52:33,9.53,0.0,2,1907,卖盘
452,09:52:36,9.54,0.01,43,40983,买盘
453,09:52:39,9.53,-0.01,45,42885,卖盘
454,09:52:42,9.53,0.0,16,15249,卖盘
455,09:52:45,9.54,0.01,55,52462,买盘
456,09:52:48,9.53,-0.01,33,31459,卖盘
457,09:52:51,9.53,0.0,42,40026,卖盘
458,09:52:54,9.53,0.0,93,88711,卖盘
459,09:52:57,9.53,0.0,46,43850,卖盘
460,09:53:00,9.54,0.01,132,125886,买盘
461,09:53:04,9.55,0.01,255,243426,买盘
462,09:53:06,9.55,0.0,4,3820,买盘
463,09:53:09,9.54,-0.01,69,65832,卖盘
464,09:53:12,9.54,0.0,27,25758,卖盘
465,09:53:16,9.54,0.0,45,42946,卖盘
466,09:53:18,9.55,0.01,157,149871,买盘
467,09:53:21,9.55,0.0,605,577682,买盘
468,09:53:24,9.55,0.0,52,49685,卖盘
469,09:53:27,9.56,0.01,11,10511,买盘
470,09:53:31,9.55,-0.01,33,31515,卖盘
471,09:53:34,9.55,0.0,142,135594,卖盘
472,09:53:36,9.54,-0.01,46,43911,卖盘
473,09:53:39,9.56,0.02,333,318252,买盘
474,09:53:42,9.56,0.0,50,47800,买盘
475,09:53:45,9.55,-0.01,26,24834,卖盘
476,09:53:48,9.56,0.01,527,503822,买盘
477,09:53:51,9.56,0.0,58,55449,卖盘
478,09:53:54,9.56,0.0,857,819551,卖盘
479,09:53:57,9.57,0.01,97,92802,买盘
480,09:54:01,9.58,0.01,198,189495,买盘
481,09:54:04,9.57,-0.01,187,178967,卖盘
482,09:54:06,9.58,0.01,346,331468,买盘
483,09:54:09,9.57,-0.01,88,84267,卖盘
484,09:54:12,9.58,0.01,108,103642,买盘
485,09:54:15,9.58,0.0,256,245106,卖盘
486,09:54:19,9.59,0.01,285,273237,买盘
487,09:54:21,9.58,-0.01,105,100595,中性盘
488,09:54:24,9.58,0.0,163,156121,买盘
489,09:54:27,9.56,-0.02,559,534794,卖盘
490,09:54:30,9.55,-0.01,108,103245,卖盘
491,09:54:34,9.55,0.0,13,12422,卖盘
492,09:54:36,9.56,0.01,21,20076,买盘
493,09:54:39,9.56,0.0,349,333751,买盘
494,09:54:42,9.56,0.0,116,110898,卖盘
495,09:54:45,9.56,0.0,234,223513,卖盘
496,09:54:48,9.56,0.0,59,56364,买盘
497,09:54:51,9.55,-0.01,4,3822,卖盘
498,09:54:55,9.56,0.01,117,111852,买盘
499,09:54:58,9.56,0.0,337,322679,买盘
500,09:55:00,9.57,0.01,13,12429,买盘
501,09:55:04,9.56,-0.01,22,21032,卖盘
502,09:55:06,9.57,0.01,60,57411,买盘
503,09:55:09,9.56,-0.01,157,150235,卖盘
504,09:55:12,9.58,0.02,23,22016,买盘
505,09:55:15,9.57,-0.01,146,139757,卖盘
506,09:55:18,9.58,0.01,102,97716,买盘
507,09:55:22,9.59,0.01,26,24914,买盘
508,09:55:25,9.59,0.0,306,293572,买盘
509,09:55:28,9.6,0.01,131,125512,买盘
510,09:55:30,9.6,0.0,13,12474,买盘
511,09:55:33,9.59,-0.01,19,18228,卖盘
512,09:55:36,9.6,0.01,6,5760,买盘
513,09:55:39,9.6,0.0,120,115176,买盘
514,09:55:42,9.6,0.0,129,123828,买盘
515,09:55:46,9.6,0.0,499,479040,买盘
516,09:55:48,9.61,0.01,133,127685,买盘
517,09:55:51,9.61,0.0,67,64387,买盘
518,09:55:54,9.61,0.0,34,32680,买盘
519,09:55:57,9.61,0.0,58,55774,卖盘
520,09:56:00,9.63,0.02,497,478429,买盘
521,09:56:03,9.63,0.0,61,58793,卖盘
522,09:56:06,9.62,-0.01,317,305170,卖盘
523,09:56:09,9.62,0.0,282,271270,买盘
524,09:56:12,9.62,0.0,283,272026,买盘
525,09:56:15,9.58,-0.04,299,286776,卖盘
526,09:56:19,9.57,-0.01,118,113038,卖盘
527,09:56:22,9.58,0.01,63,60354,买盘
528,09:56:24,9.58,0.0,281,269198,买盘
529,09:56:27,9.57,-0.01,632,605387,卖盘
530,09:56:30,9.57,0.0,39,37323,买盘
531,09:56:33,9.57,0.0,42,40194,买盘
532,09:56:36,9.57,0.0,19,18194,买盘
533,09:56:39,9.58,0.01,12,11496,买盘
534,09:56:42,9.58,0.0,32,30656,卖盘
535,09:56:45,9.56,-0.02,666,637489,卖盘
536,09:56:48,9.59,0.03,2,1918,买盘
537,09:56:51,9.58,-0.01,149,142905,卖盘
538,09:56:54,9.58,0.0,25,23950,卖盘
539,09:56:58,9.59,0.01,107,102558,买盘
540,09:57:01,9.58,-0.01,22,21082,卖盘
541,09:57:04,9.59,0.01,54,51776,买盘
542,09:57:06,9.59,0.0,71,68088,买盘
543,09:57:09,9.59,0.0,128,122768,买盘
544,09:57:12,9.6,0.01,59,56604,买盘
545,09:57:15,9.59,-0.01,25,23975,卖盘
546,09:57:21,9.59,0.0,73,70072,卖盘
547,09:57:24,9.6,0.01,50,47990,买盘
548,09:57:27,9.59,-0.01,90,86367,卖盘
549,09:57:30,9.59,0.0,168,161192,卖盘
550,09:57:34,9.59,0.0,42,40303,卖盘
551,09:57:37,9.6,0.01,88,84503,买盘
552,09:57:40,9.59,-0.01,24,23030,卖盘
553,09:57:42,9.6,0.01,75,71990,买盘
554,09:57:45,9.6,0.0,65,62375,买盘
555,09:57:48,9.6,0.0,52,49920,买盘
556,09:57:51,9.6,0.0,101,96952,买盘
557,09:57:54,9.6,0.0,49,47040,卖盘
558,09:57:57,9.59,-0.01,882,847469,卖盘
559,09:58:00,9.58,-0.01,71,68079,卖盘
560,09:58:03,9.59,0.01,21,20138,买盘
561,09:58:06,9.59,0.0,425,407547,买盘
562,09:58:09,9.59,0.0,1,959,卖盘
563,09:58:12,9.59,0.0,40,38384,卖盘
564,09:58:15,9.59,0.0,64,61415,卖盘
565,09:58:18,9.6,0.01,11,10559,买盘
566,09:58:21,9.6,0.0,680,652063,买盘
567,09:58:24,9.6,0.0,8,7680,买盘
568,09:58:27,9.59,-0.01,329,315785,卖盘
569,09:58:30,9.6,0.01,51,48930,中性盘
570,09:58:33,9.6,0.0,14,13440,卖盘
571,09:58:36,9.61,0.01,14,13443,买盘
572,09:58:39,9.6,-0.01,6,5760,卖盘
573,09:58:42,9.61,0.01,15,14415,买盘
574,09:58:45,9.61,0.0,44,42278,买盘
575,09:58:48,9.61,0.0,224,215120,买盘
576,09:58:51,9.61,0.0,24,23064,卖盘
577,09:58:55,9.62,0.01,7,6729,买盘
578,09:58:58,9.62,0.0,35,33670,买盘
579,09:59:01,9.62,0.0,501,481552,买盘
580,09:59:04,9.63,0.01,467,449680,买盘
581,09:59:06,9.63,0.0,145,139760,卖盘
582,09:59:09,9.64,0.01,421,405476,买盘
583,09:59:12,9.64,0.0,66,63612,买盘
584,09:59:15,9.64,0.0,176,169664,买盘
585,09:59:18,9.64,0.0,13,12537,卖盘
586,09:59:21,9.64,0.0,131,126292,卖盘
587,09:59:24,9.64,0.0,76,73292,卖盘
588,09:59:28,9.66,0.02,704,679371,买盘
589,09:59:30,9.65,-0.01,50,48250,卖盘
590,09:59:33,9.67,0.02,321,310085,买盘
591,09:59:36,9.67,0.0,2138,2067419,买盘
592,09:59:39,9.69,0.02,1473,1426825,买盘
593,09:59:42,9.69,0.0,256,248052,买盘
594,09:59:45,9.69,0.0,110,106580,买盘
595,09:59:48,9.7,0.01,979,949295,买盘
596,09:59:51,9.7,0.0,69,66961,卖盘
597,09:59:54,9.71,0.01,132,128134,买盘
598,09:59:57,9.72,0.01,855,830276,买盘
599,10:00:00,9.73,0.01,82,79781,买盘
600,10:00:04,9.73,0.0,268,260828,卖盘
601,10:00:06,9.73,0.0,513,498988,买盘
602,10:00:09,9.73,0.0,774,752929,买盘
603,10:00:12,9.73,0.0,524,510655,买盘
604,10:00:15,9.74,0.01,395,384277,中性盘
605,10:00:18,9.72,-0.02,386,375289,中性盘
606,10:00:21,9.71,-0.01,76,73860,卖盘
607,10:00:25,9.72,0.01,348,338003,买盘
608,10:00:27,9.71,-0.01,295,286641,卖盘
609,10:00:30,9.71,0.0,727,705935,卖盘
610,10:00:33,9.71,0.0,175,169895,买盘
611,10:00:36,9.7,-0.01,243,235809,卖盘
612,10:00:39,9.7,0.0,999,969242,卖盘
613,10:00:42,9.7,0.0,1098,1065478,卖盘
614,10:00:45,9.69,-0.01,643,623981,卖盘
615,10:00:49,9.69,0.0,178,172655,卖盘
616,10:00:51,9.69,0.0,267,258747,卖盘
617,10:00:54,9.71,0.02,409,396715,买盘
618,10:00:57,9.69,-0.02,79,76551,卖盘
619,10:01:00,9.7,0.01,107,103719,买盘
620,10:01:04,9.69,-0.01,141,136750,卖盘
621,10:01:06,9.7,0.01,274,265705,卖盘
622,10:01:09,9.7,0.0,59,57254,卖盘
623,10:01:13,9.7,0.0,321,311644,卖盘
624,10:01:16,9.71,0.01,101,98064,中性盘
625,10:01:18,9.71,0.0,243,235957,卖盘
626,10:01:21,9.71,0.0,83,80513,买盘
627,10:01:24,9.7,-0.01,238,230988,卖盘
628,10:01:27,9.7,0.0,235,228175,卖盘
629,10:01:30,9.71,0.01,170,165043,买盘
630,10:01:34,9.71,0.0,87,84461,买盘
631,10:01:37,9.72,0.01,637,618573,买盘
632,10:01:39,9.7,-0.02,81,78627,卖盘
633,10:01:42,9.67,-0.03,942,913365,卖盘
634,10:01:45,9.69,0.02,99,95931,中性盘
635,10:01:48,9.69,0.0,156,151064,买盘
636,10:01:52,9.68,-0.01,28,27121,中性盘
637,10:01:55,9.68,0.0,89,86203,卖盘
638,10:01:58,9.67,-0.01,118,114231,卖盘
639,10:02:00,9.68,0.01,82,79351,买盘
640,10:02:04,9.68,0.0,200,193500,买盘
641,10:02:06,9.67,-0.01,56,54229,卖盘
642,10:02:09,9.68,0.01,181,175108,买盘
643,10:02:12,9.67,-0.01,512,495355,卖盘
644,10:02:15,9.67,0.0,489,472900,卖盘
645,10:02:19,9.65,-0.02,145,140062,卖盘
646,10:02:21,9.67,0.02,17,16439,买盘
647,10:02:24,9.65,-0.02,25,24154,卖盘
648,10:02:27,9.65,0.0,3,2896,卖盘
649,10:02:30,9.65,0.0,32,30885,卖盘
650,10:02:33,9.65,0.0,23,22195,卖盘
651,10:02:37,9.65,0.0,114,110091,卖盘
652,10:02:39,9.65,0.0,62,59845,卖盘
653,10:02:42,9.66,0.01,165,159281,买盘
654,10:02:45,9.65,-0.01,99,95633,卖盘
655,10:02:48,9.66,0.01,38,36708,卖盘
656,10:02:51,9.66,0.0,20,19320,卖盘
657,10:02:54,9.67,0.01,29,28024,买盘
658,10:02:57,9.66,-0.01,73,70538,卖盘
659,10:03:00,9.66,0.0,137,132372,买盘
660,10:03:04,9.67,0.01,126,121836,买盘
661,10:03:06,9.67,0.0,400,386798,买盘
662,10:03:09,9.68,0.01,97,93858,买盘
663,10:03:12,9.68,0.0,26,25168,买盘
664,10:03:15,9.68,0.0,4,3872,卖盘
665,10:03:18,9.69,0.01,104,100772,买盘
666,10:03:21,9.69,0.0,43,41667,卖盘
667,10:03:24,9.68,-0.01,298,288726,卖盘
668,10:03:27,9.7,0.02,375,363750,买盘
669,10:03:30,9.7,0.0,72,69840,卖盘
670,10:03:33,9.7,0.0,71,68923,卖盘
671,10:03:36,9.71,0.01,77,74767,买盘
672,10:03:39,9.7,-0.01,58,56327,卖盘
673,10:03:42,9.7,0.0,141,136876,卖盘
674,10:03:45,9.71,0.01,207,200968,中性盘
675,10:03:48,9.7,-0.01,780,756636,卖盘
676,10:03:51,9.7,0.0,207,200790,买盘
677,10:03:54,9.7,0.0,343,332710,买盘
678,10:03:58,9.7,0.0,142,137731,卖盘
679,10:04:00,9.69,-0.01,624,604665,卖盘
680,10:04:04,9.7,0.01,298,288979,买盘
681,10:04:06,9.69,-0.01,30,29070,卖盘
682,10:04:09,9.69,0.0,387,375168,买盘
683,10:04:12,9.69,0.0,33,31977,卖盘
684,10:04:15,9.69,0.0,123,119177,卖盘
685,10:04:18,9.69,0.0,115,111405,买盘
686,10:04:21,9.68,-0.01,336,325257,卖盘
687,10:04:24,9.68,0.0,358,346560,卖盘
688,10:04:27,9.68,0.0,233,225204,买盘
689,10:04:30,9.68,0.0,31,29944,买盘
690,10:04:33,9.67,-0.01,164,158688,中性盘
691,10:04:36,9.67,0.0,31,29975,买盘
692,10:04:39,9.66,-0.01,5,4830,卖盘
693,10:04:45,9.65,-0.01,60,57950,卖盘
694,10:04:48,9.65,0.0,209,201688,卖盘
695,10:04:51,9.65,0.0,18,17380,卖盘
696,10:04:54,9.65,0.0,224,216163,卖盘
697,10:04:57,9.65,0.0,32,30885,卖盘
698,10:05:00,9.65,0.0,350,337807,卖盘
699,10:05:04,9.65,0.0,38,36673,卖盘
700,10:05:06,9.65,0.0,15,14465,买盘
701,10:05:09,9.64,-0.01,12,11568,卖盘
702,10:05:12,9.64,0.0,71,68462,卖盘
703,10:05:15,9.64,0.0,456,440061,卖盘
704,10:05:18,9.63,-0.01,150,144466,卖盘
705,10:05:21,9.64,0.01,160,154243,买盘
706,10:05:24,9.63,-0.01,18,17346,卖盘
707,10:05:27,9.63,0.0,81,78003,卖盘
708,10:05:30,9.63,0.0,100,96225,买盘
709,10:05:33,9.61,-0.02,195,187480,卖盘
710,10:05:36,9.62,0.01,5,4810,买盘
711,10:05:39,9.61,-0.01,1,961,卖盘
712,10:05:42,9.61,0.0,304,292194,卖盘
713,10:05:45,9.61,0.0,59,56699,卖盘
714,10:05:48,9.61,0.0,87,83647,卖盘
715,10:05:51,9.63,0.02,164,157826,买盘
716,10:05:54,9.62,-0.01,50,48114,卖盘
717,10:05:57,9.63,0.01,166,159706,中性盘
718,10:06:00,9.63,0.0,3,2890,卖盘
719,10:06:04,9.63,0.0,66,63558,卖盘
720,10:06:06,9.63,0.0,18,17324,买盘
721,10:06:09,9.63,0.0,42,40438,买盘
722,10:06:12,9.63,0.0,99,95337,买盘
723,10:06:15,9.63,0.0,53,51039,买盘
724,10:06:18,9.63,0.0,14,13482,卖盘
725,10:06:21,9.63,0.0,74,71262,卖盘
726,10:06:24,9.64,0.01,70,67474,买盘
727,10:06:27,9.64,0.0,6,5784,买盘
728,10:06:30,9.63,-0.01,156,150339,卖盘
729,10:06:36,9.65,0.02,50,48250,买盘
730,10:06:39,9.65,0.0,1,965,买盘
731,10:06:42,9.64,-0.01,125,120530,卖盘
732,10:06:46,9.65,0.01,14,13510,中性盘
733,10:06:48,9.66,0.01,2,1932,买盘
734,10:06:54,9.66,0.0,5,4830,卖盘
735,10:06:57,9.66,0.0,7,6762,卖盘
736,10:07:00,9.67,0.01,118,114105,买盘
737,10:07:04,9.67,0.0,12,11604,卖盘
738,10:07:06,9.68,0.01,46,44504,买盘
739,10:07:10,9.68,0.0,131,126711,买盘
740,10:07:13,9.68,0.0,19,18392,买盘
741,10:07:15,9.68,0.0,34,32904,买盘
742,10:07:18,9.68,0.0,6,5808,买盘
743,10:07:21,9.67,-0.01,7,6770,卖盘
744,10:07:24,9.68,0.01,20,19360,买盘
745,10:07:27,9.67,-0.01,35,33845,卖盘
746,10:07:30,9.68,0.01,197,190747,买盘
747,10:07:33,9.68,0.0,27,26133,买盘
748,10:07:36,9.69,0.01,184,178236,买盘
749,10:07:39,9.69,0.0,88,85272,卖盘
750,10:07:42,9.69,0.0,38,36839,卖盘
751,10:07:45,9.7,0.01,6,5820,买盘
752,10:07:48,9.69,-0.01,83,80442,卖盘
753,10:07:51,9.7,0.01,664,644012,买盘
754,10:07:54,9.7,0.0,15,14550,卖盘
755,10:07:58,9.7,0.0,106,102821,卖盘
756,10:08:01,9.7,0.0,117,113573,卖盘
757,10:08:04,9.7,0.0,110,106700,卖盘
758,10:08:06,9.71,0.01,229,222163,买盘
759,10:08:09,9.71,0.0,193,187326,买盘
760,10:08:12,9.71,0.0,108,104826,买盘
761,10:08:16,9.7,-0.01,66,64078,卖盘
762,10:08:19,9.7,0.0,13,12610,卖盘
763,10:08:21,9.71,0.01,348,337889,买盘
764,10:08:24,9.71,0.0,135,130964,买盘
765,10:08:27,9.7,-0.01,411,398729,卖盘
766,10:08:30,9.7,0.0,190,184300,买盘
767,10:08:33,9.7,0.0,177,171690,买盘
768,10:08:37,9.7,0.0,50,48511,卖盘
769,10:08:39,9.7,0.0,269,260930,卖盘
770,10:08:42,9.7,0.0,77,74706,卖盘
771,10:08:45,9.71,0.01,283,274627,买盘
772,10:08:48,9.71,0.0,89,86341,买盘
773,10:08:51,9.71,0.0,790,767025,买盘
774,10:08:54,9.71,0.0,256,248576,卖盘
775,10:08:58,9.71,0.0,75,72842,卖盘
776,10:09:00,9.72,0.01,34,33017,买盘
777,10:09:03,9.72,0.0,570,554031,买盘
778,10:09:06,9.72,0.0,127,123444,卖盘
779,10:09:09,9.71,-0.01,353,343172,卖盘
780,10:09:13,9.71,0.0,169,164128,卖盘
781,10:09:15,9.71,0.0,152,147682,买盘
782,10:09:18,9.7,-0.01,147,142669,卖盘
783,10:09:27,9.7,0.0,175,169774,卖盘
784,10:09:30,9.7,0.0,17,16490,卖盘
785,10:09:33,9.71,0.01,174,168883,买盘
786,10:09:37,9.7,-0.01,44,42680,卖盘
787,10:09:39,9.71,0.01,104,100984,买盘
788,10:09:42,9.7,-0.01,139,134919,卖盘
789,10:09:45,9.7,0.0,163,158234,卖盘
790,10:09:48,9.7,0.0,360,349200,卖盘
791,10:09:51,9.71,0.01,131,127130,买盘
792,10:09:54,9.7,-0.01,6,5823,卖盘
793,10:09:57,9.7,0.0,65,63077,卖盘
794,10:10:00,9.7,0.0,37,35890,卖盘
795,10:10:04,9.71,0.01,404,391906,买盘
796,10:10:06,9.7,-0.01,372,360842,卖盘
797,10:10:09,9.71,0.01,103,99942,买盘
798,10:10:12,9.7,-0.01,153,148410,卖盘
799,10:10:15,9.7,0.0,92,89240,卖盘
800,10:10:18,9.7,0.0,100,97000,买盘
801,10:10:21,9.7,0.0,136,131920,买盘
802,10:10:24,9.7,0.0,346,335599,买盘
803,10:10:27,9.69,-0.01,720,698545,卖盘
804,10:10:30,9.69,0.0,32,31034,卖盘
805,10:10:33,9.69,0.0,110,106633,卖盘
806,10:10:37,9.7,0.01,80,77579,买盘
807,10:10:40,9.7,0.0,122,118340,买盘
808,10:10:43,9.7,0.0,645,626150,卖盘
809,10:10:46,9.7,0.0,54,52380,卖盘
810,10:10:48,9.7,0.0,65,63060,卖盘
811,10:10:51,9.71,0.01,142,137882,买盘
812,10:10:54,9.7,-0.01,28,27173,卖盘
813,10:10:57,9.7,0.0,23,22310,卖盘
814,10:11:00,9.7,0.0,34,32980,卖盘
815,10:11:04,9.7,0.0,1,970,卖盘
816,10:11:06,9.71,0.01,299,290316,买盘
817,10:11:09,9.7,-0.01,66,64076,卖盘
818,10:11:12,9.71,0.01,39,37857,买盘
819,10:11:15,9.71,0.0,194,188182,买盘
820,10:11:18,9.71,0.0,141,136881,买盘
821,10:11:21,9.71,0.0,61,59216,买盘
822,10:11:24,9.71,0.0,131,127191,买盘
823,10:11:27,9.72,0.01,286,277691,买盘
824,10:11:30,9.71,-0.01,27,26217,买盘
825,10:11:33,9.71,0.0,87,84417,买盘
826,10:11:36,9.72,0.01,369,358570,买盘
827,10:11:39,9.72,0.0,1,972,买盘
828,10:11:42,9.71,-0.01,114,110802,卖盘
829,10:11:45,9.72,0.01,144,139948,买盘
830,10:11:48,9.71,-0.01,279,271023,卖盘
831,10:11:51,9.73,0.02,66,64166,买盘
832,10:11:54,9.72,-0.01,38,36921,卖盘
833,10:11:57,9.72,0.0,25,24300,买盘
834,10:12:00,9.72,0.0,118,114714,买盘
835,10:12:06,9.72,0.0,368,357775,卖盘
836,10:12:09,9.72,0.0,113,109836,买盘
837,10:12:13,9.71,-0.01,47,45657,卖盘
838,10:12:16,9.71,0.0,539,523377,卖盘
839,10:12:18,9.7,-0.01,99,96047,卖盘
840,10:12:21,9.71,0.01,10,9705,买盘
841,10:12:24,9.71,0.0,11,10681,买盘
842,10:12:27,9.71,0.0,19,18433,买盘
843,10:12:30,9.7,-0.01,843,817730,卖盘
844,10:12:33,9.7,0.0,73,70841,卖盘
845,10:12:36,9.7,0.0,237,229890,卖盘
846,10:12:39,9.7,0.0,18,17453,买盘
847,10:12:42,9.7,0.0,142,137740,买盘
848,10:12:45,9.7,0.0,213,206423,买盘
849,10:12:48,9.7,0.0,12,11636,买盘
850,10:12:51,9.7,0.0,280,271531,买盘
851,10:12:54,9.7,0.0,3,2910,买盘
852,10:12:58,9.69,-0.01,148,143460,卖盘
853,10:13:00,9.69,0.0,13,12607,卖盘
854,10:13:04,9.69,0.0,62,60078,卖盘
855,10:13:06,9.69,0.0,10,9690,卖盘
856,10:13:09,9.69,0.0,106,102747,卖盘
857,10:13:12,9.69,0.0,121,117249,卖盘
858,10:13:15,9.7,0.01,59,57181,买盘
859,10:13:18,9.69,-0.01,165,159898,卖盘
860,10:13:21,9.69,0.0,276,267444,卖盘
861,10:13:24,9.69,0.0,233,225792,卖盘
862,10:13:27,9.69,0.0,212,205430,卖盘
863,10:13:30,9.69,0.0,39,37791,卖盘
864,10:13:33,9.69,0.0,60,58150,买盘
865,10:13:36,9.68,-0.01,15,14523,卖盘
866,10:13:39,9.68,0.0,70,67809,卖盘
867,10:13:42,9.69,0.01,206,199614,买盘
868,10:13:45,9.69,0.0,318,308142,卖盘
869,10:13:48,9.69,0.0,29,28101,卖盘
870,10:13:51,9.69,0.0,24,23264,卖盘
871,10:13:54,9.7,0.01,22,21329,买盘
872,10:13:57,9.69,-0.01,23,22287,卖盘
873,10:14:01,9.69,0.0,89,86241,卖盘
874,10:14:04,9.69,0.0,403,390507,卖盘
875,10:14:06,9.69,0.0,78,75582,卖盘
876,10:14:09,9.69,0.0,10,9690,买盘
877,10:14:15,9.68,-0.01,26,25172,卖盘
878,10:14:18,9.68,0.0,30,29040,卖盘
879,10:14:21,9.68,0.0,161,155933,卖盘
880,10:14:24,9.68,0.0,118,114224,卖盘
881,10:14:27,9.68,0.0,23,22264,卖盘
882,10:14:30,9.68,0.0,126,122085,卖盘
883,10:14:33,9.68,0.0,235,227607,卖盘
884,10:14:36,9.69,0.01,6,5814,买盘
885,10:14:39,9.68,-0.01,211,204348,卖盘
886,10:14:42,9.68,0.0,208,201365,卖盘
887,10:14:45,9.67,-0.01,109,105423,卖盘
888,10:14:51,9.67,0.0,66,63827,卖盘
889,10:14:54,9.67,0.0,183,176961,卖盘
890,10:14:57,9.67,0.0,46,44446,买盘
891,10:15:00,9.66,-0.01,1128,1089648,卖盘
892,10:15:03,9.65,-0.01,78,75300,卖盘
893,10:15:06,9.66,0.01,1,966,买盘
894,10:15:09,9.65,-0.01,8,7720,卖盘
895,10:15:12,9.65,0.0,18,17370,买盘
896,10:15:15,9.63,-0.02,63,60686,卖盘
897,10:15:18,9.64,0.01,8,7712,买盘
898,10:15:21,9.64,0.0,23,22162,买盘
899,10:15:24,9.64,0.0,32,30848,买盘
900,10:15:27,9.62,-0.02,21,20202,卖盘
901,10:15:30,9.62,0.0,160,153929,卖盘
902,10:15:33,9.62,0.0,13,12506,卖盘
903,10:15:36,9.62,0.0,22,21154,卖盘
904,10:15:42,9.61,-0.01,44,42284,卖盘
905,10:15:45,9.61,0.0,111,106760,卖盘
906,10:15:48,9.62,0.01,43,41332,买盘
907,10:15:51,9.61,-0.01,215,206811,卖盘
908,10:15:54,9.61,0.0,8,7688,卖盘
909,10:15:57,9.63,0.02,115,110678,买盘
910,10:16:00,9.61,-0.02,153,147077,卖盘
911,10:16:03,9.63,0.02,20,19260,买盘
912,10:16:09,9.61,-0.02,141,135683,卖盘
913,10:16:12,9.63,0.02,12,11548,中性盘
914,10:16:15,9.64,0.01,44,42358,买盘
915,10:16:18,9.63,-0.01,32,30838,中性盘
916,10:16:21,9.64,0.01,224,215534,买盘
917,10:16:24,9.63,-0.01,8,7704,中性盘
918,10:16:30,9.63,0.0,76,73252,卖盘
919,10:16:33,9.64,0.01,5,4820,中性盘
920,10:16:36,9.64,0.0,10,9640,卖盘
921,10:16:39,9.65,0.01,161,155345,买盘
922,10:16:45,9.66,0.01,18,17385,买盘
923,10:16:48,9.66,0.0,190,183477,买盘
924,10:16:51,9.66,0.0,30,28990,卖盘
925,10:16:54,9.67,0.01,58,56076,买盘
926,10:16:57,9.67,0.0,11,10637,买盘
927,10:17:01,9.67,0.0,13,12563,买盘
928,10:17:04,9.66,-0.01,25,24150,卖盘
929,10:17:06,9.66,0.0,36,34778,卖盘
930,10:17:09,9.66,0.0,19,18354,买盘
931,10:17:12,9.65,-0.01,82,79205,卖盘
932,10:17:15,9.65,0.0,30,28950,卖盘
933,10:17:18,9.66,0.01,8,7728,买盘
934,10:17:21,9.66,0.0,231,222985,买盘
935,10:17:27,9.66,0.0,125,120706,买盘
936,10:17:33,9.64,-0.02,309,297790,卖盘
937,10:17:36,9.65,0.01,25,24125,买盘
938,10:17:40,9.65,0.0,2,1930,买盘
939,10:17:43,9.65,0.0,244,235435,买盘
940,10:17:45,9.65,0.0,55,53075,卖盘
941,10:17:51,9.65,0.0,109,105216,卖盘
942,10:17:54,9.65,0.0,353,340645,卖盘
943,10:17:57,9.65,0.0,19,18335,卖盘
944,10:18:00,9.65,0.0,51,49253,卖盘
945,10:18:04,9.66,0.01,19,18354,买盘
946,10:18:06,9.65,-0.01,863,833645,卖盘
947,10:18:09,9.65,0.0,104,100362,卖盘
948,10:18:13,9.66,0.01,65,62863,卖盘
949,10:18:19,9.68,0.02,36,34792,买盘
950,10:18:22,9.66,-0.02,122,118052,卖盘
951,10:18:25,9.66,0.0,60,57970,卖盘
952,10:18:27,9.67,0.01,1,967,中性盘
953,10:18:30,9.67,0.0,39,37713,卖盘
954,10:18:33,9.67,0.0,11,10637,买盘
955,10:18:36,9.69,0.02,164,158809,买盘
956,10:18:39,9.67,-0.02,5,4835,中性盘
957,10:18:42,9.68,0.01,11,10648,卖盘
958,10:18:45,9.69,0.01,104,100756,买盘
959,10:18:51,9.69,0.0,10,9690,买盘
960,10:18:54,9.69,0.0,93,90117,买盘
961,10:18:57,9.69,0.0,47,45543,买盘
962,10:19:00,9.69,0.0,11,10659,卖盘
963,10:19:03,9.69,0.0,60,58100,买盘
964,10:19:12,9.68,-0.01,43,41654,卖盘
965,10:19:15,9.68,0.0,19,18396,卖盘
966,10:19:22,9.69,0.01,109,105621,买盘
967,10:19:25,9.68,-0.01,89,86214,卖盘
968,10:19:27,9.69,0.01,53,51311,买盘
969,10:19:31,9.69,0.0,103,99707,买盘
970,10:19:36,9.67,-0.02,81,78404,卖盘
971,10:19:39,9.68,0.01,1,968,中性盘
972,10:19:45,9.68,0.0,56,54208,买盘
973,10:19:48,9.68,0.0,41,39688,买盘
974,10:19:55,9.68,0.0,219,211879,买盘
975,10:19:57,9.67,-0.01,87,84191,卖盘
976,10:20:00,9.67,0.0,1,967,卖盘
977,10:20:04,9.67,0.0,54,52218,卖盘
978,10:20:06,9.67,0.0,55,53225,卖盘
979,10:20:09,9.67,0.0,121,117007,卖盘
980,10:20:12,9.67,0.0,33,31911,卖盘
981,10:20:15,9.67,0.0,18,17406,卖盘
982,10:20:18,9.67,0.0,11,10637,卖盘
983,10:20:21,9.67,0.0,75,72525,卖盘
984,10:20:24,9.67,0.0,3,2901,卖盘
985,10:20:27,9.66,-0.01,53,51215,卖盘
986,10:20:30,9.67,0.01,36,34812,买盘
987,10:20:33,9.67,0.0,33,31911,买盘
988,10:20:36,9.66,-0.01,135,130410,卖盘
989,10:20:39,9.66,0.0,129,124622,卖盘
990,10:20:42,9.67,0.01,37,35779,买盘
991,10:20:45,9.66,-0.01,13,12558,卖盘
992,10:20:49,9.66,0.0,6,5796,卖盘
993,10:20:52,9.66,0.0,7,6762,卖盘
994,10:20:55,9.66,0.0,492,475272,卖盘
995,10:20:58,9.67,0.01,51,49317,买盘
996,10:21:00,9.67,0.0,37,35749,买盘
997,10:21:04,9.66,-0.01,80,77281,卖盘
998,10:21:06,9.66,0.0,22,21254,卖盘
999,10:21:09,9.66,0.0,80,77285,卖盘
1000,10:21:12,9.66,0.0,74,71484,卖盘
1001,10:21:15,9.66,0.0,5,4830,买盘
1002,10:21:18,9.65,-0.01,36,34756,卖盘
1003,10:21:21,9.65,0.0,166,160338,卖盘
1004,10:21:24,9.65,0.0,1068,1030620,卖盘
1005,10:21:27,9.65,0.0,7,6755,卖盘
1006,10:21:33,9.64,-0.01,474,456936,卖盘
1007,10:21:36,9.65,0.01,66,63655,买盘
1008,10:21:39,9.64,-0.01,669,644916,卖盘
1009,10:21:42,9.64,0.0,26,25064,买盘
1010,10:21:45,9.63,-0.01,67,64521,卖盘
1011,10:21:48,9.63,0.0,604,581660,卖盘
1012,10:21:52,9.63,0.0,15,14445,卖盘
1013,10:21:55,9.63,0.0,8,7704,卖盘
1014,10:21:57,9.63,0.0,70,67410,卖盘
1015,10:22:04,9.63,0.0,8,7704,卖盘
1016,10:22:06,9.63,0.0,26,25038,卖盘
1017,10:22:09,9.63,0.0,10,9630,卖盘
1018,10:22:12,9.64,0.01,46,44340,买盘
1019,10:22:15,9.63,-0.01,73,70299,卖盘
1020,10:22:18,9.63,0.0,21,20223,买盘
1021,10:22:21,9.63,0.0,42,40445,买盘
1022,10:22:24,9.62,-0.01,74,71201,卖盘
1023,10:22:27,9.62,0.0,38,36556,卖盘
1024,10:22:30,9.63,0.01,748,720302,买盘
1025,10:22:33,9.63,0.0,6,5778,卖盘
1026,10:22:36,9.63,0.0,10,9630,卖盘
1027,10:22:39,9.64,0.01,312,300768,买盘
1028,10:22:42,9.64,0.0,25,24100,卖盘
1029,10:22:48,9.64,0.0,22,21218,卖盘
1030,10:22:54,9.65,0.01,7,6751,买盘
1031,10:22:58,9.65,0.0,24,23160,买盘
1032,10:23:01,9.65,0.0,20,19300,中性盘
1033,10:23:04,9.65,0.0,8,7720,卖盘
1034,10:23:07,9.65,0.0,2,1930,卖盘
1035,10:23:09,9.66,0.01,11,10626,买盘
1036,10:23:12,9.65,-0.01,30,28950,卖盘
1037,10:23:15,9.65,0.0,695,670789,卖盘
1038,10:23:18,9.65,0.0,115,110985,卖盘
1039,10:23:21,9.65,0.0,14,13510,卖盘
1040,10:23:24,9.65,0.0,26,25090,卖盘
1041,10:23:27,9.65,0.0,84,81069,卖盘
1042,10:23:30,9.66,0.01,115,111040,买盘
1043,10:23:33,9.66,0.0,84,81115,买盘
1044,10:23:36,9.65,-0.01,20,19300,卖盘
1045,10:23:39,9.66,0.01,20,19313,买盘
1046,10:23:42,9.66,0.0,4,3864,买盘
1047,10:23:45,9.65,-0.01,9,8685,卖盘
1048,10:23:49,9.66,0.01,69,66631,买盘
1049,10:23:52,9.65,-0.01,84,81090,卖盘
1050,10:23:54,9.66,0.01,83,80178,买盘
1051,10:24:00,9.66,0.0,309,298494,买盘
1052,10:24:06,9.66,0.0,6,5796,买盘
1053,10:24:09,9.66,0.0,5,4830,买盘
1054,10:24:12,9.65,-0.01,8,7723,卖盘
1055,10:24:15,9.66,0.01,29,28014,买盘
1056,10:24:18,9.66,0.0,5,4830,买盘
1057,10:24:22,9.66,0.0,10,9660,买盘
1058,10:24:25,9.65,-0.01,13,12545,卖盘
1059,10:24:28,9.65,0.0,47,45355,卖盘
1060,10:24:30,9.66,0.01,63,60800,买盘
1061,10:24:33,9.65,-0.01,74,71410,卖盘
1062,10:24:36,9.65,0.0,21,20265,卖盘
1063,10:24:39,9.65,0.0,121,116765,卖盘
1064,10:24:42,9.65,0.0,61,58915,卖盘
1065,10:24:45,9.65,0.0,44,42460,卖盘
1066,10:24:48,9.65,0.0,14,13510,卖盘
1067,10:24:51,9.66,0.01,62,59871,买盘
1068,10:24:54,9.65,-0.01,64,61760,卖盘
1069,10:24:57,9.65,0.0,352,340114,卖盘
1070,10:25:01,9.65,0.0,32,30880,卖盘
1071,10:25:04,9.66,0.01,56,54083,买盘
1072,10:25:06,9.66,0.0,6,5796,卖盘
1073,10:25:09,9.66,0.0,11,10626,卖盘
1074,10:25:12,9.67,0.01,2,1934,买盘
1075,10:25:15,9.66,-0.01,10,9660,卖盘
1076,10:25:19,9.66,0.0,59,56994,卖盘
1077,10:25:21,9.67,0.01,129,124743,买盘
1078,10:25:24,9.67,0.0,65,62855,卖盘
1079,10:25:27,9.67,0.0,20,19340,卖盘
1080,10:25:30,9.67,0.0,128,123776,卖盘
1081,10:25:33,9.66,-0.01,16,15460,卖盘
1082,10:25:36,9.67,0.01,5,4835,买盘
1083,10:25:39,9.67,0.0,89,86063,买盘
1084,10:25:42,9.67,0.0,73,70591,卖盘
1085,10:25:45,9.67,0.0,22,21274,卖盘
1086,10:25:51,9.67,0.0,6,5807,卖盘
1087,10:25:55,9.67,0.0,9,8703,卖盘
1088,10:25:57,9.68,0.01,9,8708,买盘
1089,10:26:00,9.68,0.0,425,411330,买盘
1090,10:26:06,9.67,-0.01,33,31928,卖盘
1091,10:26:09,9.68,0.01,10,9680,中性盘
1092,10:26:12,9.67,-0.01,361,349087,卖盘
1093,10:26:15,9.67,0.0,2,1934,买盘
1094,10:26:18,9.66,-0.01,28,27061,卖盘
1095,10:26:24,9.67,0.01,10,9670,买盘
1096,10:26:28,9.67,0.0,49,47343,买盘
1097,10:26:30,9.66,-0.01,2,1932,卖盘
1098,10:26:34,9.67,0.01,14,13537,买盘
1099,10:26:36,9.67,0.0,16,15472,买盘
1100,10:26:39,9.67,0.0,145,140215,卖盘
1101,10:26:42,9.67,0.0,3,2901,卖盘
1102,10:26:45,9.67,0.0,25,24176,卖盘
1103,10:26:48,9.68,0.01,109,105406,买盘
1104,10:26:51,9.68,0.0,13,12572,买盘
1105,10:26:54,9.67,-0.01,3,2901,卖盘
1106,10:26:57,9.68,0.01,41,39649,买盘
1107,10:27:00,9.68,0.0,4,3872,买盘
1108,10:27:04,9.67,-0.01,44,42548,卖盘
1109,10:27:06,9.68,0.01,66,63857,买盘
1110,10:27:09,9.67,-0.01,18,17416,卖盘
1111,10:27:12,9.67,0.0,88,85166,卖盘
1112,10:27:15,9.67,0.0,241,233074,卖盘
1113,10:27:18,9.68,0.01,5,4836,买盘
1114,10:27:21,9.68,0.0,25,24190,买盘
1115,10:27:27,9.68,0.0,100,96800,买盘
1116,10:27:30,9.68,0.0,71,68728,买盘
1117,10:27:33,9.68,0.0,6,5808,买盘
1118,10:27:36,9.67,-0.01,174,168258,卖盘
1119,10:27:39,9.68,0.01,1,968,买盘
1120,10:27:42,9.68,0.0,126,121857,买盘
1121,10:27:45,9.67,-0.01,6,5802,卖盘
1122,10:27:48,9.68,0.01,36,34844,买盘
1123,10:27:51,9.67,-0.01,175,169350,卖盘
1124,10:27:54,9.67,0.0,158,152828,卖盘
1125,10:27:58,9.68,0.01,116,112250,买盘
1126,10:28:04,9.68,0.0,11,10645,买盘
1127,10:28:06,9.67,-0.01,33,31911,卖盘
1128,10:28:09,9.68,0.01,112,108416,买盘
1129,10:28:12,9.67,-0.01,68,65793,卖盘
1130,10:28:15,9.68,0.01,13,12584,买盘
1131,10:28:18,9.68,0.0,104,100643,卖盘
1132,10:28:24,9.68,0.0,61,59032,买盘
1133,10:28:30,9.68,0.0,140,135520,买盘
1134,10:28:34,9.68,0.0,50,48372,买盘
1135,10:28:36,9.69,0.01,93,90068,买盘
1136,10:28:40,9.68,-0.01,14,13552,中性盘
1137,10:28:42,9.68,0.0,25,24200,卖盘
1138,10:28:45,9.68,0.0,13,12596,卖盘
1139,10:28:48,9.68,0.0,10,9680,卖盘
1140,10:28:51,9.69,0.01,32,31008,买盘
1141,10:28:54,9.69,0.0,39,37761,买盘
1142,10:28:57,9.68,-0.01,24,23232,卖盘
1143,10:29:00,9.68,0.0,3,2904,买盘
1144,10:29:03,9.68,0.0,4,3872,买盘
1145,10:29:06,9.68,0.0,36,34848,买盘
1146,10:29:10,9.68,0.0,11,10648,买盘
1147,10:29:15,9.68,0.0,44,42612,卖盘
1148,10:29:19,9.68,0.0,116,112288,卖盘
1149,10:29:22,9.67,-0.01,209,202286,卖盘
1150,10:29:24,9.69,0.02,54,52307,买盘
1151,10:29:27,9.69,0.0,174,168512,买盘
1152,10:29:30,9.68,-0.01,59,57112,中性盘
1153,10:29:33,9.69,0.01,4,3876,买盘
1154,10:29:36,9.68,-0.01,36,34848,卖盘
1155,10:29:39,9.68,0.0,186,180048,卖盘
1156,10:29:42,9.68,0.0,33,31944,买盘
1157,10:29:45,9.68,0.0,210,203330,卖盘
1158,10:29:49,9.68,0.0,94,90992,买盘
1159,10:29:52,9.68,0.0,31,30038,卖盘
1160,10:29:54,9.68,0.0,43,41624,卖盘
1161,10:29:57,9.69,0.01,243,235227,买盘
1162,10:30:00,9.68,-0.01,46,44536,卖盘
1163,10:30:04,9.69,0.01,69,66797,买盘
1164,10:30:06,9.69,0.0,12,11623,买盘
1165,10:30:09,9.68,-0.01,32,30976,买盘
1166,10:30:12,9.67,-0.01,517,499951,卖盘
1167,10:30:16,9.68,0.01,78,75514,中性盘
1168,10:30:18,9.67,-0.01,197,190659,卖盘
1169,10:30:21,9.68,0.01,5,4840,买盘
1170,10:30:24,9.68,0.0,26,25168,买盘
1171,10:30:27,9.69,0.01,86,83276,买盘
1172,10:30:30,9.68,-0.01,20,19360,买盘
1173,10:30:33,9.68,0.0,6,5805,买盘
1174,10:30:36,9.67,-0.01,91,88151,卖盘
1175,10:30:42,9.68,0.01,49,47432,买盘
1176,10:30:45,9.68,0.0,44,42565,买盘
1177,10:30:48,9.67,-0.01,20,19350,卖盘
1178,10:30:51,9.68,0.01,56,54208,买盘
1179,10:30:57,9.67,-0.01,3,2901,卖盘
1180,10:31:04,9.67,0.0,19,18373,卖盘
1181,10:31:06,9.67,0.0,88,85131,卖盘
1182,10:31:09,9.67,0.0,20,19340,卖盘
1183,10:31:12,9.68,0.01,67,64807,买盘
1184,10:31:15,9.67,-0.01,163,157759,卖盘
1185,10:31:18,9.67,0.0,320,309474,卖盘
1186,10:31:21,9.67,0.0,20,19340,卖盘
1187,10:31:27,9.66,-0.01,68,65688,卖盘
1188,10:31:30,9.66,0.0,18,17388,卖盘
1189,10:31:33,9.66,0.0,17,16422,卖盘
1190,10:31:36,9.67,0.01,170,164390,买盘
1191,10:31:39,9.67,0.0,143,138146,买盘
1192,10:31:45,9.66,-0.01,37,35778,卖盘
1193,10:31:48,9.66,0.0,71,68586,卖盘
1194,10:31:51,9.66,0.0,160,154603,卖盘
1195,10:31:54,9.66,0.0,272,262752,卖盘
1196,10:31:57,9.66,0.0,204,197064,卖盘
1197,10:32:01,9.67,0.01,59,57011,买盘
1198,10:32:04,9.67,0.0,440,425459,买盘
1199,10:32:06,9.67,0.0,90,86837,卖盘
1200,10:32:09,9.67,0.0,95,91865,卖盘
1201,10:32:12,9.67,0.0,111,107337,卖盘
1202,10:32:15,9.67,0.0,103,99601,卖盘
1203,10:32:18,9.67,0.0,474,458519,卖盘
1204,10:32:21,9.66,-0.01,132,127636,卖盘
1205,10:32:27,9.66,0.0,3,2898,卖盘
1206,10:32:30,9.66,0.0,1,966,卖盘
1207,10:32:33,9.66,0.0,159,153677,卖盘
1208,10:32:36,9.66,0.0,34,32844,卖盘
1209,10:32:39,9.67,0.01,15,14505,买盘
1210,10:32:42,9.66,-0.01,980,946680,卖盘
1211,10:32:45,9.66,0.0,9,8694,卖盘
1212,10:32:48,9.66,0.0,106,102396,卖盘
1213,10:32:51,9.66,0.0,60,57960,买盘
1214,10:32:55,9.65,-0.01,5,4825,卖盘
1215,10:32:58,9.65,0.0,45,43426,卖盘
1216,10:33:00,9.65,0.0,8,7720,卖盘
1217,10:33:04,9.65,0.0,54,52110,卖盘
1218,10:33:06,9.65,0.0,48,46324,卖盘
1219,10:33:09,9.65,0.0,36,34740,卖盘
1220,10:33:12,9.66,0.01,34,32820,买盘
1221,10:33:15,9.66,0.0,27,26066,买盘
1222,10:33:18,9.65,-0.01,136,131361,卖盘
1223,10:33:22,9.65,0.0,44,42474,卖盘
1224,10:33:25,9.65,0.0,45,43460,卖盘
1225,10:33:27,9.65,0.0,62,59859,卖盘
1226,10:33:30,9.65,0.0,98,94579,卖盘
1227,10:33:33,9.66,0.01,84,81124,买盘
1228,10:33:36,9.66,0.0,7,6762,卖盘
1229,10:33:39,9.66,0.0,124,119903,卖盘
1230,10:33:42,9.66,0.0,29,28014,卖盘
1231,10:33:45,9.67,0.01,35,33823,买盘
1232,10:33:51,9.66,-0.01,87,84042,卖盘
1233,10:33:55,9.67,0.01,95,91864,买盘
1234,10:33:57,9.67,0.0,23,22237,买盘
1235,10:34:00,9.67,0.0,478,462417,买盘
1236,10:34:04,9.67,0.0,42,40614,卖盘
1237,10:34:06,9.68,0.01,128,123888,买盘
1238,10:34:09,9.67,-0.01,12,11606,卖盘
1239,10:34:12,9.67,0.0,8,7736,卖盘
1240,10:34:15,9.68,0.01,228,220729,买盘
1241,10:34:18,9.66,-0.02,606,585878,卖盘
1242,10:34:21,9.68,0.02,40,38718,买盘
1243,10:34:27,9.67,-0.01,2,1934,卖盘
1244,10:34:30,9.68,0.01,10,9680,买盘
1245,10:34:33,9.67,-0.01,53,51251,卖盘
1246,10:34:37,9.68,0.01,7,6774,买盘
1247,10:34:39,9.68,0.0,16,15477,买盘
1248,10:34:42,9.68,0.0,4,3872,买盘
1249,10:34:45,9.67,-0.01,1,967,卖盘
1250,10:34:48,9.67,0.0,20,19340,卖盘
1251,10:34:51,9.67,0.0,15,14505,卖盘
1252,10:34:54,9.67,0.0,279,270066,卖盘
1253,10:34:57,9.67,0.0,41,39647,卖盘
1254,10:35:00,9.67,0.0,218,210806,买盘
1255,10:35:04,9.67,0.0,20,19340,卖盘
1256,10:35:06,9.68,0.01,13,12584,买盘
1257,10:35:09,9.68,0.0,130,125766,买盘
1258,10:35:12,9.67,-0.01,78,75426,卖盘
1259,10:35:15,9.67,0.0,108,104436,卖盘
1260,10:35:18,9.67,0.0,28,27076,卖盘
1261,10:35:21,9.69,0.02,499,482990,买盘
1262,10:35:24,9.67,-0.02,9,8703,中性盘
1263,10:35:27,9.67,0.0,96,92832,买盘
1264,10:35:30,9.68,0.01,43,41584,买盘
1265,10:35:33,9.68,0.0,6,5808,买盘
1266,10:35:36,9.68,0.0,10,9680,卖盘
1267,10:35:43,9.68,0.0,657,636476,卖盘
1268,10:35:46,9.68,0.0,60,58120,卖盘
1269,10:35:48,9.68,0.0,5,4840,卖盘
1270,10:35:51,9.7,0.02,1756,1703176,买盘
1271,10:35:54,9.72,0.02,1270,1233275,买盘
1272,10:35:58,9.72,0.0,577,561391,卖盘
1273,10:36:00,9.75,0.03,2924,2851717,买盘
1274,10:36:04,9.72,-0.03,3640,3554599,卖盘
1275,10:36:06,9.76,0.04,372,361701,买盘
1276,10:36:09,9.75,-0.01,27,26321,卖盘
1277,10:36:12,9.75,0.0,30,29250,买盘
1278,10:36:15,9.76,0.01,371,361638,买盘
1279,10:36:19,9.77,0.01,925,902708,买盘
1280,10:36:22,9.76,-0.01,150,146529,卖盘
1281,10:36:24,9.79,0.03,330,322769,买盘
1282,10:36:28,9.79,0.0,345,337206,买盘
1283,10:36:30,9.79,0.0,247,241780,买盘
1284,10:36:33,9.79,0.0,317,310469,买盘
1285,10:36:36,9.8,0.01,2891,2835750,买盘
1286,10:36:39,9.81,0.01,12,11802,中性盘
1287,10:36:42,9.84,0.03,347,341731,买盘
1288,10:36:45,9.85,0.01,445,437899,买盘
1289,10:36:48,9.84,-0.01,212,208580,中性盘
1290,10:36:51,9.83,-0.01,321,315587,卖盘
1291,10:36:55,9.8,-0.03,791,776370,卖盘
1292,10:36:58,9.82,0.02,697,685135,中性盘
1293,10:37:01,9.82,0.0,431,423279,买盘
1294,10:37:04,9.81,-0.01,481,472759,中性盘
1295,10:37:06,9.83,0.02,730,716133,买盘
1296,10:37:09,9.8,-0.03,857,840088,卖盘
1297,10:37:12,9.82,0.02,430,421631,买盘
1298,10:37:15,9.81,-0.01,186,182434,卖盘
1299,10:37:18,9.82,0.01,338,331655,买盘
1300,10:37:21,9.81,-0.01,360,353049,买盘
1301,10:37:24,9.8,-0.01,1186,1164334,卖盘
1302,10:37:27,9.81,0.01,594,582637,买盘
1303,10:37:30,9.82,0.01,1272,1248371,买盘
1304,10:37:34,9.82,0.0,1806,1777353,卖盘
1305,10:37:36,9.83,0.01,860,845600,中性盘
1306,10:37:39,9.82,-0.01,682,669869,卖盘
1307,10:37:42,9.81,-0.01,595,583862,中性盘
1308,10:37:45,9.81,0.0,320,313860,买盘
1309,10:37:49,9.8,-0.01,147,144140,卖盘
1310,10:37:51,9.78,-0.02,1164,1139891,卖盘
1311,10:37:54,9.79,0.01,233,227667,买盘
1312,10:37:57,9.8,0.01,208,203412,买盘
1313,10:38:01,9.8,0.0,264,258674,买盘
1314,10:38:04,9.78,-0.02,101,98845,卖盘
1315,10:38:06,9.78,0.0,194,190040,卖盘
1316,10:38:09,9.8,0.02,113,110675,买盘
1317,10:38:12,9.79,-0.01,254,248719,中性盘
1318,10:38:15,9.8,0.01,283,277330,买盘
1319,10:38:18,9.8,0.0,127,124461,买盘
1320,10:38:21,9.8,0.0,530,519984,卖盘
1321,10:38:24,9.82,0.02,830,814394,买盘
1322,10:38:27,9.81,-0.01,172,168880,卖盘
1323,10:38:30,9.82,0.01,196,192445,中性盘
1324,10:38:33,9.82,0.0,257,252440,卖盘
1325,10:38:36,9.82,0.0,665,653217,买盘
1326,10:38:39,9.82,0.0,1249,1226632,买盘
1327,10:38:42,9.8,-0.02,2144,2102483,卖盘
1328,10:38:45,9.81,0.01,616,603816,买盘
1329,10:38:48,9.81,0.0,518,507721,买盘
1330,10:38:51,9.8,-0.01,447,438150,卖盘
1331,10:38:55,9.81,0.01,273,267770,买盘
1332,10:38:57,9.79,-0.02,698,683446,卖盘
1333,10:39:00,9.8,0.01,250,244944,买盘
1334,10:39:04,9.8,0.0,50,49000,买盘
1335,10:39:06,9.8,0.0,211,206578,买盘
1336,10:39:09,9.79,-0.01,421,412279,买盘
1337,10:39:12,9.79,0.0,1087,1065928,卖盘
1338,10:39:15,9.79,0.0,211,206677,卖盘
1339,10:39:18,9.79,0.0,114,111752,卖盘
1340,10:39:21,9.79,0.0,94,92048,卖盘
1341,10:39:24,9.8,0.01,118,115596,买盘
1342,10:39:28,9.8,0.0,135,132295,买盘
1343,10:39:31,9.8,0.0,40,39200,卖盘
1344,10:39:33,9.8,0.0,323,316732,卖盘
1345,10:39:36,9.8,0.0,217,212812,卖盘
1346,10:39:39,9.81,0.01,396,388154,买盘
1347,10:39:42,9.8,-0.01,40,39222,卖盘
1348,10:39:45,9.81,0.01,1046,1026672,买盘
1349,10:39:48,9.81,0.0,137,134318,买盘
1350,10:39:51,9.8,-0.01,58,56924,卖盘
1351,10:39:54,9.81,0.01,36,35313,买盘
1352,10:39:57,9.81,0.0,189,185345,买盘
1353,10:40:00,9.81,0.0,159,155968,买盘
1354,10:40:04,9.82,0.01,257,252217,买盘
1355,10:40:06,9.85,0.03,1993,1958912,买盘
1356,10:40:09,9.84,-0.01,508,500365,卖盘
1357,10:40:13,9.86,0.02,127,125077,买盘
1358,10:40:16,9.85,-0.01,156,153705,卖盘
1359,10:40:18,9.87,0.02,534,526692,买盘
1360,10:40:21,9.87,0.0,402,396640,买盘
1361,10:40:25,9.87,0.0,1778,1754271,买盘
1362,10:40:27,9.88,0.01,392,387156,买盘
1363,10:40:30,9.88,0.0,574,566872,买盘
1364,10:40:33,9.88,0.0,775,765567,买盘
1365,10:40:36,9.88,0.0,2707,2678728,买盘
1366,10:40:39,9.88,0.0,1360,1342981,卖盘
1367,10:40:42,9.87,-0.01,605,597371,中性盘
1368,10:40:45,9.85,-0.02,2272,2240582,卖盘
1369,10:40:48,9.88,0.03,1808,1783858,买盘
1370,10:40:51,9.85,-0.03,185,182605,卖盘
1371,10:40:54,9.85,0.0,69,67925,买盘
1372,10:40:57,9.86,0.01,239,235760,买盘
1373,10:41:00,9.86,0.0,153,150969,卖盘
1374,10:41:03,9.84,-0.02,669,659313,卖盘
1375,10:41:06,9.86,0.02,266,262168,买盘
1376,10:41:09,9.85,-0.01,787,775317,卖盘
1377,10:41:12,9.85,0.0,290,285719,买盘
1378,10:41:15,9.84,-0.01,353,347518,卖盘
1379,10:41:18,9.83,-0.01,493,485465,卖盘
1380,10:41:21,9.83,0.0,199,195707,卖盘
1381,10:41:24,9.83,0.0,160,157339,卖盘
1382,10:41:27,9.83,0.0,82,80599,买盘
1383,10:41:30,9.83,0.0,135,132632,买盘
1384,10:41:33,9.82,-0.01,521,511947,卖盘
1385,10:41:37,9.83,0.01,447,439192,买盘
1386,10:41:39,9.83,0.0,188,184684,买盘
1387,10:41:42,9.82,-0.01,191,187639,卖盘
1388,10:41:45,9.83,0.01,1227,1205996,买盘
1389,10:41:48,9.82,-0.01,341,335126,卖盘
1390,10:41:51,9.82,0.0,228,223960,买盘
1391,10:41:54,9.82,0.0,105,103090,买盘
1392,10:41:57,9.82,0.0,137,134534,买盘
1393,10:42:00,9.82,0.0,159,156234,卖盘
1394,10:42:04,9.84,0.02,551,540917,买盘
1395,10:42:07,9.82,-0.02,77,75661,卖盘
1396,10:42:10,9.83,0.01,188,184704,买盘
1397,10:42:13,9.83,0.0,212,208396,买盘
1398,10:42:15,9.84,0.01,489,480705,买盘
1399,10:42:18,9.83,-0.01,69,67851,卖盘
1400,10:42:21,9.86,0.03,763,751362,买盘
1401,10:42:25,9.84,-0.02,38,37393,卖盘
1402,10:42:28,9.85,0.01,22,21666,买盘
1403,10:42:30,9.85,0.0,118,116318,卖盘
1404,10:42:33,9.86,0.01,139,137047,买盘
1405,10:42:36,9.86,0.0,326,321429,买盘
1406,10:42:39,9.86,0.0,191,188502,卖盘
1407,10:42:42,9.87,0.01,395,389765,买盘
1408,10:42:45,9.87,0.0,397,391845,买盘
1409,10:42:49,9.88,0.01,432,426741,买盘
1410,10:42:51,9.88,0.0,158,156104,买盘
1411,10:42:55,9.88,0.0,299,295626,卖盘
1412,10:42:57,9.89,0.01,492,486349,买盘
1413,10:43:00,9.9,0.01,706,698601,买盘
1414,10:43:03,9.89,-0.01,310,306764,卖盘
1415,10:43:06,9.9,0.01,1393,1379193,买盘
1416,10:43:09,9.91,0.01,59,58454,中性盘
1417,10:43:12,9.91,0.0,141,139803,卖盘
1418,10:43:15,9.92,0.01,375,371896,买盘
1419,10:43:18,9.92,0.0,862,855069,买盘
1420,10:43:21,9.92,0.0,182,180590,买盘
1421,10:43:24,9.91,-0.01,1259,1248734,卖盘
1422,10:43:27,9.93,0.02,995,987009,买盘
1423,10:43:30,9.92,-0.01,745,739402,中性盘
1424,10:43:33,9.91,-0.01,510,505923,买盘
1425,10:43:36,9.91,0.0,182,180478,卖盘
1426,10:43:39,9.91,0.0,583,578082,卖盘
1427,10:43:42,9.91,0.0,617,611405,卖盘
1428,10:43:45,9.91,0.0,420,416207,买盘
1429,10:43:48,9.91,0.0,806,798168,买盘
1430,10:43:51,9.9,-0.01,1288,1275801,卖盘
1431,10:43:54,9.9,0.0,215,212850,买盘
1432,10:43:57,9.9,0.0,210,207778,买盘
1433,10:44:00,9.9,0.0,476,470966,买盘
1434,10:44:04,9.89,-0.01,472,466925,卖盘
1435,10:44:06,9.89,0.0,147,145384,买盘
1436,10:44:09,9.88,-0.01,284,280607,卖盘
1437,10:44:12,9.88,0.0,71,70131,买盘
1438,10:44:15,9.86,-0.02,423,417345,卖盘
1439,10:44:18,9.87,0.01,154,151998,买盘
1440,10:44:21,9.87,0.0,266,262514,买盘
1441,10:44:24,9.85,-0.02,107,105541,卖盘
1442,10:44:27,9.87,0.02,108,106486,买盘
1443,10:44:30,9.86,-0.01,199,196053,中性盘
1444,10:44:33,9.87,0.01,253,249313,买盘
1445,10:44:36,9.87,0.0,137,135064,买盘
1446,10:44:40,9.85,-0.02,392,386506,卖盘
1447,10:44:42,9.87,0.02,621,612568,买盘
1448,10:44:45,9.87,0.0,340,335580,卖盘
1449,10:44:48,9.87,0.0,165,162855,卖盘
1450,10:44:51,9.88,0.01,348,343481,买盘
1451,10:44:54,9.87,-0.01,449,443299,卖盘
1452,10:44:57,9.88,0.01,252,248928,买盘
1453,10:45:00,9.85,-0.03,430,424089,卖盘
1454,10:45:03,9.85,0.0,122,120170,买盘
1455,10:45:06,9.85,0.0,213,209805,买盘
1456,10:45:09,9.85,0.0,250,246199,买盘
1457,10:45:12,9.85,0.0,165,162495,买盘
1458,10:45:15,9.84,-0.01,283,278714,卖盘
1459,10:45:18,9.84,0.0,497,489302,卖盘
1460,10:45:21,9.85,0.01,86,84731,买盘
1461,10:45:24,9.85,0.0,80,78800,卖盘
1462,10:45:27,9.85,0.0,217,213832,卖盘
1463,10:45:31,9.87,0.02,546,538206,买盘
1464,10:45:33,9.85,-0.02,270,266088,中性盘
1465,10:45:36,9.85,0.0,4,3940,中性盘
1466,10:45:39,9.86,0.01,176,173520,买盘
1467,10:45:42,9.86,0.0,136,134054,卖盘
1468,10:45:45,9.86,0.0,50,49300,卖盘
1469,10:45:48,9.87,0.01,85,83868,买盘
1470,10:45:51,9.87,0.0,359,354215,买盘
1471,10:45:54,9.88,0.01,156,153968,买盘
1472,10:45:58,9.87,-0.01,78,76954,买盘
1473,10:46:01,9.87,0.0,174,171843,买盘
1474,10:46:04,9.87,0.0,307,302829,卖盘
1475,10:46:06,9.87,0.0,166,163802,买盘
1476,10:46:10,9.88,0.01,232,228961,买盘
1477,10:46:12,9.87,-0.01,127,125323,中性盘
1478,10:46:15,9.87,0.0,123,121341,买盘
1479,10:46:18,9.87,0.0,141,139167,买盘
1480,10:46:21,9.86,-0.01,379,374049,卖盘
1481,10:46:24,9.86,0.0,305,300907,卖盘
1482,10:46:27,9.87,0.01,245,241786,买盘
1483,10:46:31,9.86,-0.01,152,149848,中性盘
1484,10:46:34,9.85,-0.01,249,245494,卖盘
1485,10:46:36,9.86,0.01,354,348912,买盘
1486,10:46:40,9.87,0.01,626,617191,买盘
1487,10:46:42,9.85,-0.02,184,181322,卖盘
1488,10:46:45,9.85,0.0,166,163541,卖盘
1489,10:46:48,9.86,0.01,216,212955,买盘
1490,10:46:51,9.85,-0.01,115,113291,卖盘
1491,10:46:54,9.84,-0.01,234,230293,卖盘
1492,10:46:57,9.86,0.02,137,134932,买盘
1493,10:47:00,9.84,-0.02,69,67896,卖盘
1494,10:47:04,9.84,0.0,77,75748,买盘
1495,10:47:07,9.83,-0.01,253,248719,卖盘
1496,10:47:09,9.83,0.0,29,28506,买盘
1497,10:47:12,9.82,-0.01,256,251574,卖盘
1498,10:47:15,9.83,0.01,332,326444,买盘
1499,10:47:18,9.82,-0.01,903,886983,卖盘
1500,10:47:21,9.82,0.0,93,91326,买盘
1501,10:47:24,9.82,0.0,97,95195,买盘
1502,10:47:27,9.82,0.0,155,152159,买盘
1503,10:47:30,9.82,0.0,197,193346,买盘
1504,10:47:33,9.81,-0.01,66,64775,卖盘
1505,10:47:36,9.82,0.01,85,83389,买盘
1506,10:47:39,9.82,0.0,388,380959,买盘
1507,10:47:42,9.81,-0.01,223,218763,卖盘
1508,10:47:45,9.81,0.0,50,49050,买盘
1509,10:47:48,9.82,0.01,150,147162,买盘
1510,10:47:51,9.81,-0.01,132,129492,买盘
1511,10:47:54,9.81,0.0,46,45122,卖盘
1512,10:47:57,9.81,0.0,72,70638,卖盘
1513,10:48:00,9.81,0.0,68,66703,卖盘
1514,10:48:04,9.81,0.0,182,178542,卖盘
1515,10:48:06,9.81,0.0,81,79461,买盘
1516,10:48:09,9.81,0.0,194,190514,买盘
1517,10:48:12,9.81,0.0,215,210914,卖盘
1518,10:48:16,9.81,0.0,37,36315,卖盘
1519,10:48:18,9.81,0.0,152,149122,卖盘
1520,10:48:21,9.81,0.0,35,34364,卖盘
1521,10:48:24,9.81,0.0,142,139333,卖盘
1522,10:48:27,9.81,0.0,799,783664,卖盘
1523,10:48:30,9.81,0.0,18,17658,买盘
1524,10:48:33,9.81,0.0,38,37278,买盘
1525,10:48:36,9.81,0.0,36,35316,买盘
1526,10:48:39,9.81,0.0,80,78480,买盘
1527,10:48:42,9.81,0.0,75,73575,买盘
1528,10:48:45,9.81,0.0,467,458106,买盘
1529,10:48:48,9.81,0.0,57,55897,买盘
1530,10:48:51,9.81,0.0,3,2942,买盘
1531,10:48:54,9.8,-0.01,177,173605,卖盘
1532,10:48:57,9.8,0.0,181,177385,卖盘
1533,10:49:00,9.8,0.0,61,59837,卖盘
1534,10:49:04,9.81,0.01,148,145137,买盘
1535,10:49:06,9.81,0.0,96,94359,买盘
1536,10:49:09,9.81,0.0,159,155979,卖盘
1537,10:49:12,9.82,0.01,102,100064,买盘
1538,10:49:15,9.82,0.0,350,343643,买盘
1539,10:49:18,9.81,-0.01,161,158146,卖盘
1540,10:49:21,9.82,0.01,13,12766,中性盘
1541,10:49:24,9.82,0.0,60,58930,卖盘
1542,10:49:28,9.82,0.0,30,29460,卖盘
1543,10:49:31,9.82,0.0,104,102144,卖盘
1544,10:49:33,9.83,0.01,89,87476,买盘
1545,10:49:36,9.83,0.0,170,167078,买盘
1546,10:49:39,9.82,-0.01,95,93320,卖盘
1547,10:49:42,9.82,0.0,130,127784,卖盘
1548,10:49:45,9.83,0.01,166,163178,买盘
1549,10:49:48,9.84,0.01,138,135654,买盘
1550,10:49:51,9.82,-0.02,188,184690,卖盘
1551,10:49:54,9.83,0.01,202,198566,买盘
1552,10:49:57,9.83,0.0,32,31456,买盘
1553,10:50:00,9.83,0.0,31,30473,买盘
1554,10:50:04,9.83,0.0,25,24575,买盘
1555,10:50:06,9.83,0.0,205,201410,买盘
1556,10:50:09,9.83,0.0,306,300781,买盘
1557,10:50:12,9.82,-0.01,94,92365,卖盘
1558,10:50:15,9.82,0.0,77,75641,卖盘
1559,10:50:18,9.83,0.01,10,9825,买盘
1560,10:50:21,9.82,-0.01,182,178863,卖盘
1561,10:50:24,9.83,0.01,55,54020,买盘
1562,10:50:27,9.82,-0.01,46,45188,卖盘
1563,10:50:30,9.82,0.0,72,70708,卖盘
1564,10:50:33,9.82,0.0,23,22586,卖盘
1565,10:50:40,9.81,-0.01,69,67721,卖盘
1566,10:50:43,9.82,0.01,74,72598,买盘
1567,10:50:46,9.81,-0.01,15,14716,卖盘
1568,10:50:49,9.82,0.01,227,222692,买盘
1569,10:50:51,9.81,-0.01,20,19624,卖盘
1570,10:50:54,9.81,0.0,257,252188,卖盘
1571,10:50:57,9.82,0.01,1076,1056514,买盘
1572,10:51:00,9.82,0.0,855,839610,卖盘
1573,10:51:04,9.83,0.01,150,147444,买盘
1574,10:51:06,9.82,-0.01,137,134558,卖盘
1575,10:51:09,9.81,-0.01,501,491540,卖盘
1576,10:51:12,9.81,0.0,46,45126,买盘
1577,10:51:16,9.81,0.0,99,97119,买盘
1578,10:51:19,9.81,0.0,122,119626,买盘
1579,10:51:21,9.83,0.02,990,972607,买盘
1580,10:51:25,9.83,0.0,58,57014,卖盘
1581,10:51:27,9.83,0.0,120,117960,卖盘
1582,10:51:30,9.84,0.01,61,59973,买盘
1583,10:51:33,9.83,-0.01,107,105182,卖盘
1584,10:51:36,9.84,0.01,237,233128,买盘
1585,10:51:39,9.83,-0.01,328,322436,卖盘
1586,10:51:42,9.84,0.01,36,35424,买盘
1587,10:51:45,9.84,0.0,52,51168,卖盘
1588,10:51:48,9.85,0.01,7,6895,买盘
1589,10:51:51,9.84,-0.01,361,355224,卖盘
1590,10:51:54,9.84,0.0,74,72820,买盘
1591,10:51:57,9.84,0.0,1,984,买盘
1592,10:52:01,9.84,0.0,109,107256,买盘
1593,10:52:03,9.84,0.0,353,347057,买盘
1594,10:52:06,9.84,0.0,16,15744,卖盘
1595,10:52:09,9.84,0.0,216,212539,卖盘
1596,10:52:12,9.85,0.01,33,32494,买盘
1597,10:52:16,9.85,0.0,78,76755,买盘
1598,10:52:19,9.84,-0.01,240,236160,卖盘
1599,10:52:22,9.84,0.0,75,73827,卖盘
1600,10:52:24,9.85,0.01,127,125075,买盘
1601,10:52:28,9.85,0.0,354,348690,买盘
1602,10:52:30,9.85,0.0,27,26595,买盘
1603,10:52:34,9.85,0.0,359,353405,买盘
1604,10:52:36,9.85,0.0,80,78795,买盘
1605,10:52:39,9.84,-0.01,75,73817,卖盘
1606,10:52:42,9.85,0.01,188,185175,买盘
1607,10:52:45,9.85,0.0,45,44355,卖盘
1608,10:52:49,9.85,0.0,221,217685,卖盘
1609,10:52:52,9.86,0.01,1137,1120629,买盘
1610,10:52:55,9.86,0.0,31,30566,卖盘
1611,10:52:58,9.86,0.0,132,130152,卖盘
1612,10:53:00,9.85,-0.01,44,43355,卖盘
1613,10:53:03,9.85,0.0,173,170405,买盘
1614,10:53:06,9.85,0.0,24,23640,买盘
1615,10:53:09,9.85,0.0,87,85694,买盘
1616,10:53:12,9.85,0.0,40,39400,买盘
1617,10:53:15,9.85,0.0,213,209646,卖盘
1618,10:53:18,9.84,-0.01,58,57095,卖盘
1619,10:53:21,9.85,0.01,205,201890,买盘
1620,10:53:24,9.84,-0.01,41,40379,卖盘
1621,10:53:27,9.84,0.0,14,13776,卖盘
1622,10:53:30,9.85,0.01,50,49223,买盘
1623,10:53:33,9.84,-0.01,8,7872,买盘
1624,10:53:36,9.84,0.0,62,60964,买盘
1625,10:53:39,9.83,-0.01,17,16711,卖盘
1626,10:53:42,9.83,0.0,17,16711,卖盘
1627,10:53:45,9.83,0.0,90,88489,卖盘
1628,10:53:48,9.83,0.0,43,42274,卖盘
1629,10:53:51,9.83,0.0,423,415809,卖盘
1630,10:53:54,9.83,0.0,218,214294,卖盘
1631,10:53:58,9.82,-0.01,15,14740,卖盘
1632,10:54:00,9.82,0.0,134,131663,卖盘
1633,10:54:03,9.82,0.0,59,57986,卖盘
1634,10:54:06,9.82,0.0,91,89439,卖盘
1635,10:54:09,9.82,0.0,63,61866,卖盘
1636,10:54:12,9.82,0.0,32,31424,卖盘
1637,10:54:18,9.83,0.01,108,106091,买盘
1638,10:54:21,9.83,0.0,143,140521,买盘
1639,10:54:24,9.83,0.0,97,95351,卖盘
1640,10:54:27,9.84,0.01,406,399504,买盘
1641,10:54:30,9.84,0.0,29,28536,卖盘
1642,10:54:33,9.84,0.0,391,384994,卖盘
1643,10:54:39,9.85,0.01,58,57126,买盘
1644,10:54:42,9.84,-0.01,61,60045,卖盘
1645,10:54:45,9.83,-0.01,220,216486,卖盘
1646,10:54:48,9.85,0.02,60,59100,买盘
1647,10:54:51,9.85,0.0,30,29550,买盘
1648,10:54:54,9.85,0.0,13,12805,买盘
1649,10:54:57,9.84,-0.01,109,107360,卖盘
1650,10:55:01,9.84,0.0,31,30504,买盘
1651,10:55:04,9.84,0.0,5,4920,买盘
1652,10:55:06,9.85,0.01,5,4925,买盘
1653,10:55:09,9.85,0.0,48,47274,买盘
1654,10:55:12,9.85,0.0,198,195030,买盘
1655,10:55:15,9.86,0.01,386,380546,买盘
1656,10:55:18,9.86,0.0,167,164649,买盘
1657,10:55:21,9.87,0.01,381,375990,买盘
1658,10:55:24,9.87,0.0,134,132090,买盘
1659,10:55:27,9.87,0.0,60,59220,买盘
1660,10:55:30,9.88,0.01,810,799860,买盘
1661,10:55:33,9.88,0.0,59,58319,卖盘
1662,10:55:36,9.9,0.02,3237,3203603,买盘
1663,10:55:39,9.91,0.01,405,401135,买盘
1664,10:55:42,9.9,-0.01,443,439062,卖盘
1665,10:55:45,9.92,0.02,805,798492,买盘
1666,10:55:49,9.92,0.0,407,403744,买盘
1667,10:55:51,9.92,0.0,1185,1176210,买盘
1668,10:55:54,9.92,0.0,32,31744,卖盘
1669,10:55:57,9.93,0.01,366,363288,买盘
1670,10:56:00,9.94,0.01,107,106205,买盘
1671,10:56:04,9.93,-0.01,169,167969,卖盘
1672,10:56:06,9.94,0.01,652,648063,买盘
1673,10:56:09,9.94,0.0,3121,3105788,卖盘
1674,10:56:12,9.95,0.01,153,152205,中性盘
1675,10:56:15,9.93,-0.02,550,546704,卖盘
1676,10:56:18,9.94,0.01,212,210802,中性盘
1677,10:56:22,9.94,0.0,233,231555,买盘
1678,10:56:24,9.94,0.0,937,932170,买盘
1679,10:56:27,9.95,0.01,57,56688,买盘
1680,10:56:30,9.95,0.0,125,124333,买盘
1681,10:56:33,9.94,-0.01,208,206890,卖盘
1682,10:56:36,9.94,0.0,149,148146,卖盘
1683,10:56:39,9.94,0.0,338,336038,买盘
1684,10:56:42,9.94,0.0,240,238411,买盘
1685,10:56:45,9.93,-0.01,101,100362,卖盘
1686,10:56:48,9.95,0.02,2624,2609885,买盘
1687,10:56:51,9.94,-0.01,1798,1789006,卖盘
1688,10:56:55,9.96,0.02,720,716091,买盘
1689,10:56:57,9.93,-0.03,665,660334,卖盘
1690,10:57:00,9.93,0.0,44,43692,买盘
1691,10:57:03,9.92,-0.01,249,247646,卖盘
1692,10:57:06,9.94,0.02,224,222508,买盘
1693,10:57:09,9.95,0.01,125,124332,买盘
1694,10:57:12,9.95,0.0,147,146102,买盘
1695,10:57:16,9.94,-0.01,443,440495,卖盘
1696,10:57:18,9.96,0.02,778,774127,买盘
1697,10:57:21,9.94,-0.02,240,238659,卖盘
1698,10:57:24,9.94,0.0,435,432926,卖盘
1699,10:57:27,9.94,0.0,60,59638,买盘
1700,10:57:30,9.94,0.0,613,608831,买盘
1701,10:57:33,9.94,0.0,162,161099,卖盘
1702,10:57:37,9.94,0.0,506,503461,卖盘
1703,10:57:39,9.95,0.01,160,159095,中性盘
1704,10:57:42,9.94,-0.01,323,321025,卖盘
1705,10:57:45,9.95,0.01,85,84558,买盘
1706,10:57:48,9.95,0.0,128,127342,买盘
1707,10:57:51,9.95,0.0,96,95505,卖盘
1708,10:57:54,9.95,0.0,221,219895,卖盘
1709,10:57:57,9.95,0.0,278,276406,买盘
1710,10:58:00,9.95,0.0,497,494540,买盘
1711,10:58:03,9.95,0.0,62,61690,买盘
1712,10:58:06,9.95,0.0,266,264660,买盘
1713,10:58:09,9.95,0.0,205,203957,卖盘
1714,10:58:12,9.94,-0.01,474,471582,卖盘
1715,10:58:16,9.93,-0.01,53,52683,卖盘
1716,10:58:18,9.94,0.01,332,329865,买盘
1717,10:58:22,9.93,-0.01,361,358699,卖盘
1718,10:58:24,9.94,0.01,248,246266,买盘
1719,10:58:27,9.92,-0.02,365,362553,卖盘
1720,10:58:30,9.93,0.01,30,29785,买盘
1721,10:58:33,9.92,-0.01,101,100197,卖盘
1722,10:58:36,9.92,0.0,244,241690,卖盘
1723,10:58:39,9.92,0.0,45,44640,买盘
1724,10:58:42,9.91,-0.01,82,81292,卖盘
1725,10:58:45,9.9,-0.01,277,274451,卖盘
1726,10:58:48,9.9,0.0,28,27734,卖盘
1727,10:58:51,9.9,0.0,353,349507,卖盘
1728,10:58:54,9.89,-0.01,637,631001,卖盘
1729,10:58:57,9.9,0.01,93,92047,买盘
1730,10:59:00,9.89,-0.01,114,112746,卖盘
1731,10:59:04,9.89,0.0,40,39560,买盘
1732,10:59:06,9.88,-0.01,100,98871,卖盘
1733,10:59:09,9.89,0.01,124,122592,买盘
1734,10:59:12,9.89,0.0,223,220462,买盘
1735,10:59:16,9.88,-0.01,68,67184,卖盘
1736,10:59:18,9.88,0.0,142,140367,卖盘
1737,10:59:21,9.88,0.0,210,207509,卖盘
1738,10:59:24,9.89,0.01,497,491229,买盘
1739,10:59:27,9.89,0.0,273,269786,买盘
1740,10:59:30,9.89,0.0,381,376805,买盘
1741,10:59:33,9.89,0.0,86,85054,卖盘
1742,10:59:36,9.89,0.0,263,260119,卖盘
1743,10:59:39,9.89,0.0,385,380774,卖盘
1744,10:59:42,9.9,0.01,578,572150,买盘
1745,10:59:45,9.9,0.0,740,732210,买盘
1746,10:59:48,9.9,0.0,226,223741,买盘
1747,10:59:51,9.9,0.0,9,8910,卖盘
1748,10:59:54,9.91,0.01,71,70356,买盘
1749,10:59:57,9.92,0.01,103,102088,买盘
1750,11:00:00,9.91,-0.01,163,161642,卖盘
1751,11:00:04,9.92,0.01,130,128933,买盘
1752,11:00:06,9.91,-0.01,290,287432,卖盘
1753,11:00:10,9.91,0.0,259,256466,买盘
1754,11:00:12,9.91,0.0,150,148561,买盘
1755,11:00:15,9.9,-0.01,383,379170,卖盘
1756,11:00:18,9.9,0.0,124,122800,买盘
1757,11:00:21,9.9,0.0,98,97005,买盘
1758,11:00:24,9.89,-0.01,74,73233,卖盘
1759,11:00:27,9.9,0.01,145,143494,买盘
1760,11:00:30,9.89,-0.01,58,57391,卖盘
1761,11:00:33,9.89,0.0,411,406889,卖盘
1762,11:00:36,9.9,0.01,374,369897,买盘
1763,11:00:39,9.9,0.0,114,112855,买盘
1764,11:00:42,9.89,-0.01,195,192845,卖盘
1765,11:00:45,9.89,0.0,178,176145,卖盘
1766,11:00:48,9.89,0.0,78,77154,卖盘
1767,11:00:51,9.9,0.01,196,193966,买盘
1768,11:00:55,9.89,-0.01,190,188019,卖盘
1769,11:00:57,9.89,0.0,8,7912,买盘
1770,11:01:00,9.89,0.0,94,92936,买盘
1771,11:01:04,9.88,-0.01,209,206495,卖盘
1772,11:01:06,9.89,0.01,104,102852,买盘
1773,11:01:09,9.89,0.0,268,264835,买盘
1774,11:01:13,9.88,-0.01,131,129428,卖盘
1775,11:01:15,9.88,0.0,248,245024,卖盘
1776,11:01:18,9.88,0.0,54,53532,卖盘
1777,11:01:22,9.88,0.0,290,286602,买盘
1778,11:01:25,9.88,0.0,74,73100,买盘
1779,11:01:27,9.88,0.0,106,104725,买盘
1780,11:01:30,9.87,-0.01,168,165929,卖盘
1781,11:01:33,9.87,0.0,309,305324,卖盘
1782,11:01:36,9.88,0.01,76,75088,买盘
1783,11:01:39,9.87,-0.01,513,506352,卖盘
1784,11:01:42,9.88,0.01,7,6916,卖盘
1785,11:01:45,9.88,0.0,262,258820,卖盘
1786,11:01:48,9.87,-0.01,35,34555,卖盘
1787,11:01:51,9.88,0.01,87,85950,买盘
1788,11:01:54,9.87,-0.01,46,45402,卖盘
1789,11:01:57,9.88,0.01,66,65152,买盘
1790,11:02:00,9.87,-0.01,191,188532,卖盘
1791,11:02:03,9.87,0.0,100,98700,卖盘
1792,11:02:06,9.88,0.01,230,227185,买盘
1793,11:02:09,9.87,-0.01,107,105705,卖盘
1794,11:02:12,9.87,0.0,135,133246,卖盘
1795,11:02:15,9.87,0.0,74,73035,卖盘
1796,11:02:19,9.87,0.0,38,37506,买盘
1797,11:02:22,9.88,0.01,59,58268,买盘
1798,11:02:25,9.87,-0.01,61,60207,卖盘
1799,11:02:28,9.87,0.0,46,45404,卖盘
1800,11:02:31,9.88,0.01,65,64152,买盘
1801,11:02:34,9.87,-0.01,19,18762,中性盘
1802,11:02:37,9.86,-0.01,533,526462,卖盘
1803,11:02:39,9.87,0.01,100,98727,买盘
1804,11:02:42,9.87,0.0,20,19740,卖盘
1805,11:02:45,9.87,0.0,61,60212,卖盘
1806,11:02:48,9.88,0.01,59,58259,买盘
1807,11:02:51,9.88,0.0,91,89869,买盘
1808,11:02:54,9.88,0.0,32,31616,买盘
1809,11:02:57,9.88,0.0,13,12854,卖盘
1810,11:03:00,9.87,-0.01,227,224152,卖盘
1811,11:03:03,9.87,0.0,84,82952,卖盘
1812,11:03:06,9.88,0.01,11,10868,中性盘
1813,11:03:09,9.89,0.01,72,71121,买盘
1814,11:03:12,9.88,-0.01,40,39483,中性盘
1815,11:03:15,9.89,0.01,660,652718,买盘
1816,11:03:19,9.9,0.01,48,47280,买盘
1817,11:03:21,9.89,-0.01,44,43530,卖盘
1818,11:03:25,9.9,0.01,4,3960,买盘
1819,11:03:28,9.9,0.0,10,9900,买盘
1820,11:03:31,9.88,-0.02,170,168124,卖盘
1821,11:03:34,9.9,0.02,102,100868,买盘
1822,11:03:36,9.89,-0.01,11,10884,中性盘
1823,11:03:39,9.89,0.0,121,119727,中性盘
1824,11:03:42,9.9,0.01,208,205765,买盘
1825,11:03:46,9.9,0.0,60,59360,买盘
1826,11:03:48,9.89,-0.01,240,237159,卖盘
1827,11:03:51,9.89,0.0,187,184827,买盘
1828,11:03:54,9.89,0.0,83,82080,买盘
1829,11:03:57,9.88,-0.01,516,510615,卖盘
1830,11:04:00,9.88,0.0,35,34612,卖盘
1831,11:04:03,9.89,0.01,158,156262,买盘
1832,11:04:06,9.89,0.0,49,48469,卖盘
1833,11:04:09,9.89,0.0,406,401535,卖盘
1834,11:04:12,9.89,0.0,88,87085,买盘
1835,11:04:16,9.89,0.0,245,242325,卖盘
1836,11:04:18,9.9,0.01,5,4950,买盘
1837,11:04:21,9.89,-0.01,210,207690,卖盘
1838,11:04:24,9.89,0.0,23,22760,卖盘
1839,11:04:27,9.89,0.0,348,343897,卖盘
1840,11:04:30,9.89,0.0,45,44505,买盘
1841,11:04:33,9.9,0.01,213,210689,买盘
1842,11:04:36,9.88,-0.02,21,20759,卖盘
1843,11:04:39,9.89,0.01,130,128540,买盘
1844,11:04:42,9.89,0.0,78,77142,买盘
1845,11:04:45,9.89,0.0,125,123625,买盘
1846,11:04:48,9.89,0.0,340,336161,买盘
1847,11:04:51,9.89,0.0,184,181828,买盘
1848,11:04:54,9.89,0.0,154,152306,买盘
1849,11:04:57,9.89,0.0,87,86043,买盘
1850,11:05:00,9.89,0.0,20,19777,买盘
1851,11:05:04,9.88,-0.01,69,68235,卖盘
1852,11:05:06,9.89,0.01,88,87005,买盘
1853,11:05:09,9.89,0.0,37,36571,买盘
1854,11:05:12,9.88,-0.01,4,3952,卖盘
1855,11:05:15,9.88,0.0,134,132412,卖盘
1856,11:05:18,9.89,0.01,612,604820,买盘
1857,11:05:22,9.89,0.0,145,143480,买盘
1858,11:05:24,9.87,-0.02,63,62303,卖盘
1859,11:05:27,9.88,0.01,47,46473,卖盘
1860,11:05:30,9.88,0.0,6,5928,买盘
1861,11:05:33,9.88,0.0,89,87932,买盘
1862,11:05:36,9.88,0.0,10,9880,买盘
1863,11:05:39,9.88,0.0,25,24700,卖盘
1864,11:05:42,9.87,-0.01,209,206415,卖盘
1865,11:05:45,9.88,0.01,17,16782,买盘
1866,11:05:48,9.87,-0.01,40,39515,卖盘
1867,11:05:51,9.88,0.01,130,128431,买盘
1868,11:05:54,9.88,0.0,88,87024,卖盘
1869,11:05:57,9.88,0.0,12,11856,卖盘
1870,11:06:00,9.87,-0.01,234,231387,卖盘
1871,11:06:03,9.88,0.01,53,52364,买盘
1872,11:06:06,9.87,-0.01,8,7896,卖盘
1873,11:06:09,9.88,0.01,48,47396,买盘
1874,11:06:12,9.88,0.0,90,88903,买盘
1875,11:06:15,9.88,0.0,411,405983,买盘
1876,11:06:18,9.87,-0.01,244,241041,卖盘
1877,11:06:21,9.88,0.01,300,296400,买盘
1878,11:06:24,9.89,0.01,247,244204,买盘
1879,11:06:27,9.89,0.0,531,524699,买盘
1880,11:06:30,9.89,0.0,24,23553,买盘
1881,11:06:33,9.9,0.01,209,206930,买盘
1882,11:06:36,9.89,-0.01,21,20769,卖盘
1883,11:06:39,9.89,0.0,14,13846,卖盘
1884,11:06:43,9.88,-0.01,36,35597,卖盘
1885,11:06:46,9.89,0.01,70,69230,买盘
1886,11:06:48,9.88,-0.01,351,347212,卖盘
1887,11:06:51,9.89,0.01,26,25712,买盘
1888,11:06:54,9.9,0.01,50,49500,买盘
1889,11:06:57,9.89,-0.01,57,56373,卖盘
1890,11:07:00,9.89,0.0,10,9890,卖盘
1891,11:07:03,9.89,0.0,43,42531,卖盘
1892,11:07:06,9.89,0.0,18,17802,卖盘
1893,11:07:09,9.89,0.0,16,15824,卖盘
1894,11:07:12,9.89,0.0,10,9890,买盘
1895,11:07:15,9.88,-0.01,28,27664,卖盘
1896,11:07:18,9.89,0.01,21,20769,买盘
1897,11:07:21,9.89,0.0,71,70203,买盘
1898,11:07:24,9.88,-0.01,292,288575,卖盘
1899,11:07:27,9.89,0.01,315,311535,买盘
1900,11:07:30,9.89,0.0,8,7909,买盘
1901,11:07:33,9.88,-0.01,159,157121,卖盘
1902,11:07:36,9.89,0.01,117,115663,买盘
1903,11:07:39,9.88,-0.01,276,272703,卖盘
1904,11:07:42,9.88,0.0,32,31616,卖盘
1905,11:07:45,9.88,0.0,256,252928,卖盘
1906,11:07:48,9.88,0.0,272,268756,卖盘
1907,11:07:54,9.88,0.0,10,9880,买盘
1908,11:07:57,9.87,-0.01,494,487578,卖盘
1909,11:08:00,9.86,-0.01,60,59160,卖盘
1910,11:08:04,9.87,0.01,139,137143,买盘
1911,11:08:06,9.86,-0.01,218,214948,卖盘
1912,11:08:09,9.86,0.0,326,321436,卖盘
1913,11:08:15,9.86,0.0,250,246254,买盘
1914,11:08:18,9.85,-0.01,65,64025,卖盘
1915,11:08:21,9.85,0.0,97,95553,卖盘
1916,11:08:24,9.85,0.0,55,54175,卖盘
1917,11:08:27,9.85,0.0,18,17730,买盘
1918,11:08:30,9.81,-0.04,747,733959,卖盘
1919,11:08:33,9.85,0.04,42,41330,买盘
1920,11:08:36,9.84,-0.01,26,25584,卖盘
1921,11:08:43,9.84,0.0,57,56001,买盘
1922,11:08:46,9.81,-0.03,43,42193,卖盘
1923,11:08:48,9.81,0.0,313,307053,卖盘
1924,11:08:51,9.83,0.02,53,52047,买盘
1925,11:08:54,9.81,-0.02,870,853726,卖盘
1926,11:08:57,9.83,0.02,77,75575,买盘
1927,11:09:00,9.82,-0.01,26,25537,卖盘
1928,11:09:04,9.83,0.01,81,79549,买盘
1929,11:09:07,9.82,-0.01,1,982,卖盘
1930,11:09:09,9.82,0.0,25,24550,卖盘
1931,11:09:12,9.82,0.0,143,140426,卖盘
1932,11:09:15,9.82,0.0,42,41254,卖盘
1933,11:09:18,9.82,0.0,98,96241,卖盘
1934,11:09:21,9.82,0.0,19,18659,卖盘
1935,11:09:24,9.83,0.01,142,139516,买盘
1936,11:09:28,9.83,0.0,75,73685,买盘
1937,11:09:31,9.84,0.01,16,15731,买盘
1938,11:09:33,9.81,-0.03,909,892212,卖盘
1939,11:09:37,9.84,0.03,32,31474,买盘
1940,11:09:39,9.83,-0.01,24,23611,卖盘
1941,11:09:42,9.83,0.0,18,17694,卖盘
1942,11:09:45,9.83,0.0,22,21626,买盘
1943,11:09:51,9.83,0.0,31,30473,买盘
1944,11:09:55,9.83,0.0,18,17694,卖盘
1945,11:09:57,9.83,0.0,25,24575,卖盘
1946,11:10:00,9.84,0.01,337,331508,买盘
1947,11:10:04,9.84,0.0,28,27552,卖盘
1948,11:10:06,9.85,0.01,73,71905,买盘
1949,11:10:09,9.85,0.0,60,59100,卖盘
1950,11:10:15,9.86,0.01,123,121278,买盘
1951,11:10:18,9.85,-0.01,77,75917,卖盘
1952,11:10:21,9.86,0.01,16,15772,买盘
1953,11:10:24,9.85,-0.01,120,118252,卖盘
1954,11:10:27,9.85,0.0,50,49250,卖盘
1955,11:10:30,9.87,0.02,67,66124,买盘
1956,11:10:33,9.86,-0.01,21,20706,卖盘
1957,11:10:36,9.86,0.0,45,44370,买盘
1958,11:10:40,9.86,0.0,36,35501,卖盘
1959,11:10:43,9.87,0.01,10,9870,买盘
1960,11:10:45,9.86,-0.01,62,61142,卖盘
1961,11:10:48,9.86,0.0,3,2958,买盘
1962,11:10:51,9.86,0.0,18,17738,买盘
1963,11:10:54,9.86,0.0,13,12818,买盘
1964,11:10:57,9.86,0.0,35,34510,买盘
1965,11:11:00,9.86,0.0,83,81838,买盘
1966,11:11:03,9.87,0.01,28,27609,买盘
1967,11:11:06,9.86,-0.01,5,4930,买盘
1968,11:11:09,9.86,0.0,53,52258,买盘
1969,11:11:13,9.86,0.0,71,70006,卖盘
1970,11:11:15,9.86,0.0,101,99609,卖盘
1971,11:11:18,9.86,0.0,11,10846,买盘
1972,11:11:21,9.89,0.03,1009,996907,买盘
1973,11:11:24,9.85,-0.04,10,9850,卖盘
1974,11:11:30,9.89,0.04,1,989,买盘
1975,11:11:33,9.85,-0.04,421,414738,卖盘
1976,11:11:36,9.87,0.02,11,10857,中性盘
1977,11:11:39,9.87,0.0,38,37502,买盘
1978,11:11:46,9.87,0.0,10,9879,卖盘
1979,11:11:49,9.87,0.0,58,57246,卖盘
1980,11:11:51,9.88,0.01,372,367483,买盘
1981,11:11:55,9.88,0.0,4,3955,卖盘
1982,11:11:58,9.88,0.0,50,49400,卖盘
1983,11:12:01,9.9,0.02,650,642955,买盘
1984,11:12:04,9.89,-0.01,46,45494,卖盘
1985,11:12:06,9.89,0.0,16,15824,卖盘
1986,11:12:09,9.89,0.0,3,2967,卖盘
1987,11:12:12,9.88,-0.01,45,44471,卖盘
1988,11:12:15,9.89,0.01,33,32668,卖盘
1989,11:12:18,9.89,0.0,21,20769,卖盘
1990,11:12:21,9.89,0.0,53,52417,卖盘
1991,11:12:24,9.89,0.0,1044,1033542,卖盘
1992,11:12:30,9.89,0.0,396,391881,卖盘
1993,11:12:34,9.89,0.0,61,60329,卖盘
1994,11:12:37,9.89,0.0,42,41546,卖盘
1995,11:12:40,9.9,0.01,332,328595,买盘
1996,11:12:43,9.91,0.01,1442,1427767,买盘
1997,11:12:45,9.91,0.0,978,968866,买盘
1998,11:12:48,9.91,0.0,1,991,卖盘
1999,11:12:51,9.92,0.01,396,392815,买盘
2000,11:12:54,9.93,0.01,29,28794,买盘
2001,11:12:57,9.92,-0.01,6,5952,中性盘
2002,11:13:00,9.93,0.01,29,28797,买盘
2003,11:13:04,9.93,0.0,278,276053,买盘
2004,11:13:06,9.92,-0.01,807,801287,卖盘
2005,11:13:09,9.91,-0.01,43,42646,卖盘
2006,11:13:12,9.91,0.0,1005,997894,卖盘
2007,11:13:15,9.92,0.01,71,70412,买盘
2008,11:13:18,9.93,0.01,17,16881,买盘
2009,11:13:21,9.91,-0.02,45,44639,卖盘
2010,11:13:24,9.92,0.01,18,17846,中性盘
2011,11:13:28,9.92,0.0,17,16864,买盘
2012,11:13:30,9.91,-0.01,103,102138,卖盘
2013,11:13:33,9.91,0.0,151,149712,卖盘
2014,11:13:36,9.92,0.01,46,45618,买盘
2015,11:13:39,9.9,-0.02,1019,1011139,卖盘
2016,11:13:42,9.91,0.01,20,19820,买盘
2017,11:13:45,9.9,-0.01,58,57427,卖盘
2018,11:13:51,9.9,0.0,27,26730,买盘
2019,11:13:54,9.89,-0.01,11,10885,卖盘
2020,11:13:57,9.9,0.01,503,497942,买盘
2021,11:14:00,9.9,0.0,170,168300,买盘
2022,11:14:03,9.9,0.0,14,13860,卖盘
2023,11:14:06,9.9,0.0,58,57458,卖盘
2024,11:14:09,9.9,0.0,14,13860,卖盘
2025,11:14:12,9.9,0.0,3,2970,卖盘
2026,11:14:15,9.9,0.0,62,61397,卖盘
2027,11:14:18,9.9,0.0,223,220770,卖盘
2028,11:14:21,9.9,0.0,17,16830,卖盘
2029,11:14:24,9.9,0.0,126,124740,卖盘
2030,11:14:27,9.9,0.0,8,7920,买盘
2031,11:14:30,9.9,0.0,13,12870,买盘
2032,11:14:33,9.89,-0.01,2,1978,卖盘
2033,11:14:36,9.9,0.01,15,14848,买盘
2034,11:14:40,9.89,-0.01,104,102857,卖盘
2035,11:14:43,9.9,0.01,314,310846,买盘
2036,11:14:45,9.89,-0.01,47,46490,卖盘
2037,11:14:48,9.9,0.01,39,38583,买盘
2038,11:14:51,9.89,-0.01,52,51428,卖盘
2039,11:14:55,9.89,0.0,130,128635,卖盘
2040,11:14:57,9.89,0.0,10,9890,卖盘
2041,11:15:00,9.89,0.0,50,49450,卖盘
2042,11:15:03,9.89,0.0,45,44514,卖盘
2043,11:15:06,9.89,0.0,80,79120,卖盘
2044,11:15:09,9.89,0.0,43,42537,卖盘
2045,11:15:12,9.9,0.01,59,58410,买盘
2046,11:15:15,9.89,-0.01,310,306590,卖盘
2047,11:15:18,9.89,0.0,90,89042,卖盘
2048,11:15:21,9.89,0.0,59,58351,卖盘
2049,11:15:24,9.89,0.0,4,3956,买盘
2050,11:15:27,9.89,0.0,19,18791,买盘
2051,11:15:30,9.89,0.0,48,47472,买盘
2052,11:15:37,9.88,-0.01,54,53399,卖盘
2053,11:15:40,9.89,0.01,2,1978,买盘
2054,11:15:42,9.89,0.0,92,90966,买盘
2055,11:15:45,9.89,0.0,46,45494,买盘
2056,11:15:48,9.88,-0.01,8,7904,卖盘
2057,11:15:51,9.88,0.0,37,36579,卖盘
2058,11:15:54,9.89,0.01,12,11858,买盘
2059,11:15:57,9.88,-0.01,304,300352,卖盘
2060,11:16:01,9.88,0.0,27,26676,买盘
2061,11:16:04,9.88,0.0,25,24700,卖盘
2062,11:16:06,9.88,0.0,39,38533,卖盘
2063,11:16:10,9.88,0.0,25,24700,卖盘
2064,11:16:12,9.88,0.0,165,163020,卖盘
2065,11:16:15,9.88,0.0,7,6916,买盘
2066,11:16:18,9.87,-0.01,26,25671,卖盘
2067,11:16:21,9.87,0.0,10,9870,卖盘
2068,11:16:27,9.87,0.0,110,108579,卖盘
2069,11:16:30,9.87,0.0,50,49350,卖盘
2070,11:16:33,9.87,0.0,35,34545,卖盘
2071,11:16:36,9.87,0.0,4,3948,买盘
2072,11:16:39,9.86,-0.01,4,3944,卖盘
2073,11:16:42,9.87,0.01,15,14802,买盘
2074,11:16:45,9.86,-0.01,4,3947,卖盘
2075,11:16:48,9.87,0.01,34,33558,买盘
2076,11:16:51,9.87,0.0,11,10852,买盘
2077,11:16:54,9.87,0.0,108,106591,买盘
2078,11:16:57,9.87,0.0,11,10857,卖盘
2079,11:17:00,9.87,0.0,191,188517,卖盘
2080,11:17:03,9.87,0.0,35,34575,卖盘
2081,11:17:06,9.88,0.01,18,17781,买盘
2082,11:17:09,9.88,0.0,16,15808,买盘
2083,11:17:21,9.88,0.0,99,97762,买盘
2084,11:17:24,9.87,-0.01,75,74089,卖盘
2085,11:17:30,9.88,0.01,210,207480,买盘
2086,11:17:33,9.88,0.0,1,988,买盘
2087,11:17:36,9.88,0.0,52,51376,买盘
2088,11:17:39,9.87,-0.01,3,2962,卖盘
2089,11:17:42,9.88,0.01,60,59280,买盘
2090,11:17:45,9.88,0.0,14,13832,买盘
2091,11:17:49,9.88,0.0,29,28651,买盘
2092,11:17:52,9.88,0.0,265,261767,买盘
2093,11:17:54,9.88,0.0,6,5928,买盘
2094,11:18:05,9.88,0.0,1,988,买盘
2095,11:18:06,9.88,0.0,104,102752,买盘
2096,11:18:12,9.88,0.0,28,27664,买盘
2097,11:18:15,9.88,0.0,77,76057,买盘
2098,11:18:18,9.88,0.0,101,99688,买盘
2099,11:18:21,9.87,-0.01,118,116574,卖盘
2100,11:18:24,9.87,0.0,15,14807,卖盘
2101,11:18:31,9.88,0.01,40,39520,买盘
2102,11:18:36,9.87,-0.01,181,178698,卖盘
2103,11:18:39,9.87,0.0,50,49350,卖盘
2104,11:18:42,9.87,0.0,10,9870,卖盘
2105,11:18:45,9.87,0.0,24,23688,卖盘
2106,11:18:48,9.87,0.0,11,10857,卖盘
2107,11:18:51,9.87,0.0,259,255635,卖盘
2108,11:18:57,9.87,0.0,49,48363,卖盘
2109,11:19:00,9.88,0.01,11,10858,买盘
2110,11:19:04,9.88,0.0,42,41496,买盘
2111,11:19:06,9.88,0.0,35,34570,买盘
2112,11:19:09,9.88,0.0,4,3950,买盘
2113,11:19:12,9.88,0.0,9,8888,买盘
2114,11:19:15,9.87,-0.01,121,119427,卖盘
2115,11:19:18,9.88,0.01,78,77064,买盘
2116,11:19:21,9.88,0.0,56,55303,买盘
2117,11:19:24,9.87,-0.01,1,987,卖盘
2118,11:19:27,9.87,0.0,58,57302,卖盘
2119,11:19:33,9.88,0.01,36,35568,买盘
2120,11:19:36,9.88,0.0,10,9876,买盘
2121,11:19:39,9.88,0.0,54,53340,买盘
2122,11:19:42,9.87,-0.01,4,3948,卖盘
2123,11:19:45,9.88,0.01,72,71133,买盘
2124,11:19:48,9.88,0.0,11,10868,买盘
2125,11:19:54,9.88,0.0,134,132392,买盘
2126,11:19:58,9.88,0.0,250,246407,买盘
2127,11:20:04,9.88,0.0,2,1976,卖盘
2128,11:20:06,9.89,0.01,40,39544,买盘
2129,11:20:09,9.88,-0.01,14,13832,卖盘
2130,11:20:15,9.89,0.01,14,13846,买盘
2131,11:20:21,9.88,-0.01,2,1976,卖盘
2132,11:20:30,9.89,0.01,130,128570,买盘
2133,11:20:33,9.89,0.0,1,989,买盘
2134,11:20:36,9.89,0.0,236,233393,买盘
2135,11:20:39,9.89,0.0,115,113635,买盘
2136,11:20:42,9.89,0.0,42,41506,买盘
2137,11:20:45,9.89,0.0,358,354062,买盘
2138,11:20:48,9.89,0.0,356,352084,买盘
2139,11:20:51,9.9,0.01,45,44520,买盘
2140,11:20:57,9.9,0.0,907,897930,买盘
2141,11:21:00,9.9,0.0,174,172240,买盘
2142,11:21:04,9.91,0.01,340,336934,买盘
2143,11:21:06,9.92,0.01,444,440111,买盘
2144,11:21:09,9.92,0.0,117,115866,买盘
2145,11:21:15,9.91,-0.01,182,180757,卖盘
2146,11:21:18,9.93,0.02,27,26790,买盘
2147,11:21:21,9.92,-0.01,39,38688,中性盘
2148,11:21:24,9.91,-0.01,180,178384,卖盘
2149,11:21:27,9.92,0.01,73,72392,买盘
2150,11:21:30,9.92,0.0,132,130930,买盘
2151,11:21:33,9.9,-0.02,235,232685,卖盘
2152,11:21:36,9.91,0.01,22,21802,买盘
2153,11:21:39,9.9,-0.01,560,554908,卖盘
2154,11:21:42,9.91,0.01,116,114956,买盘
2155,11:21:45,9.91,0.0,158,156688,卖盘
2156,11:21:48,9.91,0.0,5,4955,买盘
2157,11:21:51,9.92,0.01,138,136776,买盘
2158,11:21:54,9.91,-0.01,278,275498,卖盘
2159,11:22:01,9.91,0.0,115,113974,卖盘
2160,11:22:04,9.91,0.0,128,126848,买盘
2161,11:22:06,9.91,0.0,170,168470,买盘
2162,11:22:10,9.91,0.0,41,40631,买盘
2163,11:22:12,9.9,-0.01,148,146624,卖盘
2164,11:22:15,9.91,0.01,873,864963,买盘
2165,11:22:18,9.91,0.0,53,52485,买盘
2166,11:22:21,9.91,0.0,110,108955,买盘
2167,11:22:25,9.91,0.0,115,113943,买盘
2168,11:22:27,9.91,0.0,15,14865,买盘
2169,11:22:30,9.91,0.0,618,612411,买盘
2170,11:22:36,9.91,0.0,64,63434,卖盘
2171,11:22:39,9.91,0.0,31,30722,卖盘
2172,11:22:42,9.91,0.0,77,76307,卖盘
2173,11:22:45,9.91,0.0,236,233901,卖盘
2174,11:22:48,9.91,0.0,46,45609,卖盘
2175,11:22:51,9.92,0.01,186,184347,买盘
2176,11:22:54,9.92,0.0,17,16864,买盘
2177,11:22:57,9.93,0.01,1727,1713832,买盘
2178,11:23:00,9.91,-0.02,204,202394,卖盘
2179,11:23:04,9.92,0.01,50,49568,买盘
2180,11:23:06,9.92,0.0,8,7736,买盘
2181,11:23:09,9.92,0.0,6,5952,卖盘
2182,11:23:12,9.92,0.0,70,69490,卖盘
2183,11:23:15,9.93,0.01,42,41706,买盘
2184,11:23:18,9.92,-0.01,413,409896,卖盘
2185,11:23:21,9.93,0.01,369,366057,买盘
2186,11:23:24,9.93,0.0,230,228409,卖盘
2187,11:23:27,9.93,0.0,68,67529,卖盘
2188,11:23:30,9.93,0.0,116,115407,卖盘
2189,11:23:33,9.93,0.0,503,499958,买盘
2190,11:23:36,9.92,-0.01,40,39706,卖盘
2191,11:23:39,9.93,0.01,16000,15966104,买盘
2192,11:23:42,9.96,0.03,1447,1446564,买盘
2193,11:23:45,9.96,0.0,151,150876,卖盘
2194,11:23:48,9.97,0.01,36,35862,买盘
2195,11:23:51,10.0,0.03,2527,2527376,买盘
2196,11:23:54,10.01,0.01,619,619242,买盘
2197,11:23:57,10.0,-0.01,393,392982,卖盘
2198,11:24:00,10.01,0.01,950,949787,买盘
2199,11:24:04,10.0,-0.01,678,679003,中性盘
2200,11:24:06,10.02,0.02,796,796404,买盘
2201,11:24:09,10.01,-0.01,624,624867,卖盘
2202,11:24:12,10.0,-0.01,411,411045,卖盘
2203,11:24:16,10.0,0.0,493,493710,卖盘
2204,11:24:18,10.0,0.0,389,389194,卖盘
2205,11:24:21,9.99,-0.01,570,569808,卖盘
2206,11:24:25,9.99,0.0,833,832801,卖盘
2207,11:24:28,10.0,0.01,98,97974,买盘
2208,11:24:30,9.99,-0.01,408,407236,卖盘
2209,11:24:33,9.99,0.0,205,204765,买盘
2210,11:24:37,9.98,-0.01,33,32934,买盘
2211,11:24:40,9.98,0.0,86,85701,买盘
2212,11:24:43,9.98,0.0,20,19960,买盘
2213,11:24:46,9.98,0.0,137,136696,买盘
2214,11:24:49,9.98,0.0,463,462066,买盘
2215,11:24:52,9.97,-0.01,65,64840,卖盘
2216,11:24:54,9.98,0.01,147,146696,买盘
2217,11:24:57,9.98,0.0,61,60878,卖盘
2218,11:25:00,9.99,0.01,261,260660,买盘
2219,11:25:05,9.99,0.0,392,391606,买盘
2220,11:25:06,10.0,0.01,113,112918,买盘
2221,11:25:10,10.0,0.0,105,104985,买盘
2222,11:25:12,9.99,-0.01,520,519944,卖盘
2223,11:25:15,10.0,0.01,721,720983,买盘
2224,11:25:19,10.0,0.0,403,402938,买盘
2225,11:25:22,10.0,0.0,201,200980,买盘
2226,11:25:25,10.0,0.0,368,367982,买盘
2227,11:25:28,9.99,-0.01,1032,1031825,卖盘
2228,11:25:30,10.01,0.02,71,71030,买盘
2229,11:25:34,10.01,0.0,287,287088,买盘
2230,11:25:36,10.0,-0.01,96,96000,买盘
2231,11:25:40,10.0,0.0,137,137000,买盘
2232,11:25:42,10.01,0.01,1572,1572664,买盘
2233,11:25:46,10.01,0.0,329,329216,买盘
2234,11:25:49,10.01,0.0,243,243143,买盘
2235,11:25:51,10.01,0.0,420,420342,买盘
2236,11:25:54,10.01,0.0,446,446134,买盘
2237,11:25:58,10.01,0.0,294,294209,买盘
2238,11:26:00,10.01,0.0,936,936753,买盘
2239,11:26:04,10.01,0.0,374,374661,买盘
2240,11:26:06,10.01,0.0,236,236236,卖盘
2241,11:26:10,10.02,0.01,419,419615,买盘
2242,11:26:12,10.02,0.0,115,115145,买盘
2243,11:26:15,10.01,-0.01,1011,1010749,中性盘
2244,11:26:18,10.01,0.0,195,195271,买盘
2245,11:26:21,10.01,0.0,150,150143,买盘
2246,11:26:24,10.0,-0.01,691,691650,卖盘
2247,11:26:27,9.99,-0.01,220,219938,卖盘
2248,11:26:30,9.99,0.0,657,656204,卖盘
2249,11:26:33,9.98,-0.01,5,4994,卖盘
2250,11:26:36,9.99,0.01,219,218682,买盘
2251,11:26:39,9.97,-0.02,586,584818,卖盘
2252,11:26:42,9.97,0.0,275,274227,卖盘
2253,11:26:45,9.96,-0.01,337,336278,卖盘
2254,11:26:48,9.97,0.01,38,37870,买盘
2255,11:26:51,9.97,0.0,159,158524,买盘
2256,11:26:55,9.97,0.0,276,275321,卖盘
2257,11:26:57,9.97,0.0,255,254253,卖盘
2258,11:27:00,9.98,0.01,48,47880,买盘
2259,11:27:04,9.98,0.0,84,83752,买盘
2260,11:27:07,9.98,0.0,31,30938,买盘
2261,11:27:09,9.97,-0.01,57,56866,卖盘
2262,11:27:13,9.99,0.02,520,519385,买盘
2263,11:27:16,9.99,0.0,126,125812,卖盘
2264,11:27:19,9.99,0.0,60,59940,卖盘
2265,11:27:21,9.99,0.0,430,429991,卖盘
2266,11:27:24,9.99,0.0,21,20974,卖盘
2267,11:27:27,9.99,0.0,70,69930,买盘
2268,11:27:31,9.99,0.0,69,68931,买盘
2269,11:27:34,9.99,0.0,141,140729,买盘
2270,11:27:36,9.99,0.0,229,228583,买盘
2271,11:27:39,9.98,-0.01,307,306410,卖盘
2272,11:27:43,9.98,0.0,125,124751,买盘
2273,11:27:46,9.99,0.01,39,38941,买盘
2274,11:27:49,9.99,0.0,162,161737,买盘
2275,11:27:52,9.98,-0.01,67,66923,卖盘
2276,11:27:54,9.98,0.0,514,512990,卖盘
2277,11:27:57,9.98,0.0,97,96853,卖盘
2278,11:28:00,9.98,0.0,77,76840,买盘
2279,11:28:04,9.97,-0.01,123,122737,卖盘
2280,11:28:06,9.98,0.01,42,41916,买盘
2281,11:28:09,9.98,0.0,626,625309,卖盘
2282,11:28:13,9.99,0.01,27,26953,买盘
2283,11:28:16,9.98,-0.01,125,124769,卖盘
2284,11:28:18,9.98,0.0,82,81852,卖盘
2285,11:28:21,9.98,0.0,36,35937,买盘
2286,11:28:24,9.98,0.0,57,56886,卖盘
2287,11:28:27,9.98,0.0,45,44888,买盘
2288,11:28:30,9.98,0.0,39,38903,买盘
2289,11:28:33,9.98,0.0,285,284430,买盘
2290,11:28:36,9.98,0.0,64,63872,买盘
2291,11:28:39,9.98,0.0,20,19960,卖盘
2292,11:28:42,9.98,0.0,42,41916,卖盘
2293,11:28:46,9.98,0.0,227,226718,卖盘
2294,11:28:49,9.99,0.01,187,186749,买盘
2295,11:28:51,9.98,-0.01,166,165721,卖盘
2296,11:28:55,9.98,0.0,45,44919,卖盘
2297,11:28:57,9.98,0.0,51,50898,卖盘
2298,11:29:00,9.98,0.0,120,119790,卖盘
2299,11:29:03,9.98,0.0,290,289423,卖盘
2300,11:29:06,9.98,0.0,12,11976,买盘
2301,11:29:09,9.98,0.0,25,24950,买盘
2302,11:29:12,9.98,0.0,108,107781,买盘
2303,11:29:15,9.98,0.0,47,46900,买盘
2304,11:29:19,9.98,0.0,64,63820,买盘
2305,11:29:21,9.98,0.0,277,276433,买盘
2306,11:29:25,9.98,0.0,6,5988,买盘
2307,11:29:27,9.97,-0.01,363,362080,卖盘
2308,11:29:30,9.98,0.01,235,234326,中性盘
2309,11:29:33,9.97,-0.01,52,51891,卖盘
2310,11:29:37,9.97,0.0,42,41888,卖盘
2311,11:29:39,9.96,-0.01,277,276123,卖盘
2312,11:29:42,9.97,0.01,65,64805,买盘
2313,11:29:45,9.97,0.0,8,7970,买盘
2314,11:29:48,9.97,0.0,67,66799,买盘
2315,11:29:51,9.97,0.0,217,216249,买盘
2316,11:29:54,9.97,0.0,54,53796,买盘
2317,11:29:57,9.97,0.0,40,39872,买盘
2318,11:30:00,9.97,0.0,46,45858,买盘
2319,13:00:00,9.96,-0.01,94,93624,卖盘
2320,13:00:04,9.97,0.01,3511,3498809,买盘
2321,13:00:06,9.97,0.0,472,470622,卖盘
2322,13:00:09,9.97,0.0,2,1995,卖盘
2323,13:00:12,9.97,0.0,234,233298,卖盘
2324,13:00:15,9.98,0.01,37,36926,买盘
2325,13:00:18,9.96,-0.02,209,208369,卖盘
2326,13:00:21,9.97,0.01,20,19940,买盘
2327,13:00:24,9.97,0.0,1,997,买盘
2328,13:00:27,9.97,0.0,309,307902,买盘
2329,13:00:33,9.96,-0.01,168,167342,卖盘
2330,13:00:36,9.97,0.01,114,113550,买盘
2331,13:00:39,9.97,0.0,30,29910,买盘
2332,13:00:42,9.97,0.0,6,5982,卖盘
2333,13:00:45,9.97,0.0,108,107676,买盘
2334,13:00:48,9.97,0.0,8,7976,买盘
2335,13:00:51,9.98,0.01,52,51849,买盘
2336,13:00:55,9.97,-0.01,44,43868,卖盘
2337,13:00:57,9.98,0.01,10,9980,买盘
2338,13:01:00,9.98,0.0,45,44894,买盘
2339,13:01:04,9.97,-0.01,50,49861,卖盘
2340,13:01:06,9.97,0.0,29,28916,卖盘
2341,13:01:10,9.97,0.0,101,100698,卖盘
2342,13:01:12,9.97,0.0,17,16949,买盘
2343,13:01:15,9.97,0.0,42,41874,买盘
2344,13:01:22,9.96,-0.01,22,21912,卖盘
2345,13:01:24,9.97,0.01,81,80726,买盘
2346,13:01:27,9.96,-0.01,41,40836,卖盘
2347,13:01:30,9.96,0.0,16,15936,卖盘
2348,13:01:33,9.96,0.0,56,55741,买盘
2349,13:01:36,9.95,-0.01,30,29870,卖盘
2350,13:01:39,9.96,0.01,5,4980,买盘
2351,13:01:42,9.95,-0.01,464,461710,卖盘
2352,13:01:45,9.95,0.0,21,20895,卖盘
2353,13:01:48,9.95,0.0,25,24886,卖盘
2354,13:01:51,9.95,0.0,187,186065,卖盘
2355,13:01:54,9.95,0.0,1,995,买盘
2356,13:01:57,9.93,-0.02,117,116334,卖盘
2357,13:02:01,9.94,0.01,1,994,中性盘
2358,13:02:03,9.95,0.01,45,44709,买盘
2359,13:02:07,9.95,0.0,57,56715,买盘
2360,13:02:09,9.95,0.0,47,46765,卖盘
2361,13:02:12,9.93,-0.02,47,46736,卖盘
2362,13:02:15,9.94,0.01,5,4970,买盘
2363,13:02:18,9.94,0.0,69,68610,买盘
2364,13:02:21,9.93,-0.01,18,17884,卖盘
2365,13:02:27,9.94,0.01,22,21858,买盘
2366,13:02:30,9.93,-0.01,4,3973,卖盘
2367,13:02:33,9.94,0.01,1,994,卖盘
2368,13:02:36,9.95,0.01,238,236539,买盘
2369,13:02:42,9.95,0.0,33,32835,卖盘
2370,13:02:45,9.96,0.01,141,140325,买盘
2371,13:02:48,9.96,0.0,10,9960,买盘
2372,13:02:54,9.95,-0.01,66,65699,卖盘
2373,13:02:58,9.95,0.0,245,243789,卖盘
2374,13:03:01,9.94,-0.01,14,13916,中性盘
2375,13:03:03,9.96,0.02,38,37806,买盘
2376,13:03:06,9.96,0.0,24,23882,买盘
2377,13:03:12,9.96,0.0,43,42798,买盘
2378,13:03:15,9.96,0.0,38,37813,买盘
2379,13:03:18,9.94,-0.02,40,39776,卖盘
2380,13:03:21,9.96,0.02,14,13944,买盘
2381,13:03:24,9.94,-0.02,25,24870,卖盘
2382,13:03:27,9.96,0.02,1,996,买盘
2383,13:03:30,9.96,0.0,5,4980,买盘
2384,13:03:33,9.95,-0.01,21,20895,买盘
2385,13:03:36,9.95,0.0,34,33830,卖盘
2386,13:03:39,9.97,0.02,115,114552,买盘
2387,13:03:42,9.95,-0.02,1,995,卖盘
2388,13:03:48,9.96,0.01,1,996,买盘
2389,13:03:51,9.96,0.0,71,70691,买盘
2390,13:03:54,9.96,0.0,35,34857,买盘
2391,13:03:58,9.96,0.0,6,5976,买盘
2392,13:04:00,9.96,0.0,46,45816,卖盘
2393,13:04:04,9.96,0.0,84,83664,卖盘
2394,13:04:09,9.96,0.0,32,31872,买盘
2395,13:04:12,9.95,-0.01,30,29865,卖盘
2396,13:04:15,9.96,0.01,5,4980,买盘
2397,13:04:19,9.95,-0.01,12,11951,卖盘
2398,13:04:21,9.96,0.01,76,75685,买盘
2399,13:04:24,9.95,-0.01,100,99504,卖盘
2400,13:04:27,9.95,0.0,31,30851,卖盘
2401,13:04:30,9.96,0.01,17,16922,买盘
2402,13:04:36,9.95,-0.01,51,50775,卖盘
2403,13:04:42,9.96,0.01,10,9960,买盘
2404,13:04:45,9.95,-0.01,25,24875,卖盘
2405,13:04:54,9.96,0.01,113,112457,买盘
2406,13:04:57,9.96,0.0,1,996,买盘
2407,13:05:01,9.96,0.0,67,66676,买盘
2408,13:05:03,9.96,0.0,57,56746,买盘
2409,13:05:06,9.95,-0.01,9,8955,卖盘
2410,13:05:12,9.96,0.01,30,29880,买盘
2411,13:05:15,9.96,0.0,22,21895,买盘
2412,13:05:18,9.96,0.0,216,215131,买盘
2413,13:05:21,9.96,0.0,78,77658,买盘
2414,13:05:24,9.95,-0.01,56,55725,卖盘
2415,13:05:27,9.95,0.0,75,74690,卖盘
2416,13:05:30,9.96,0.01,13,12948,买盘
2417,13:05:36,9.96,0.0,12,11949,买盘
2418,13:05:39,9.95,-0.01,28,27878,卖盘
2419,13:05:42,9.95,0.0,32,31840,卖盘
2420,13:05:45,9.96,0.01,70,69668,买盘
2421,13:05:48,9.95,-0.01,103,102586,卖盘
2422,13:05:55,9.95,0.0,203,201985,卖盘
2423,13:05:57,9.96,0.01,49,48773,买盘
2424,13:06:00,9.95,-0.01,217,215963,卖盘
2425,13:06:04,9.95,0.0,10,9950,卖盘
2426,13:06:09,9.95,0.0,8,7960,买盘
2427,13:06:12,9.95,0.0,16,15920,卖盘
2428,13:06:15,9.95,0.0,31,30845,卖盘
2429,13:06:18,9.96,0.01,103,102522,买盘
2430,13:06:21,9.95,-0.01,12,11940,卖盘
2431,13:06:24,9.95,0.0,31,30845,卖盘
2432,13:06:27,9.95,0.0,89,88566,卖盘
2433,13:06:30,9.96,0.01,60,59760,买盘
2434,13:06:33,9.95,-0.01,1,995,卖盘
2435,13:06:36,9.95,0.0,4,3980,卖盘
2436,13:06:39,9.96,0.01,60,59710,买盘
2437,13:06:42,9.95,-0.01,6,5972,卖盘
2438,13:06:45,9.95,0.0,9,8955,卖盘
2439,13:06:51,9.95,0.0,24,23880,卖盘
2440,13:06:57,9.95,0.0,64,63680,卖盘
2441,13:07:00,9.95,0.0,19,18905,卖盘
2442,13:07:04,9.96,0.01,18,17913,买盘
2443,13:07:06,9.95,-0.01,126,125470,卖盘
2444,13:07:09,9.96,0.01,1,996,买盘
2445,13:07:12,9.96,0.0,3,2988,买盘
2446,13:07:15,9.95,-0.01,35,34825,卖盘
2447,13:07:18,9.96,0.01,55,54733,买盘
2448,13:07:21,9.95,-0.01,6,5970,卖盘
2449,13:07:24,9.96,0.01,68,67727,买盘
2450,13:07:27,9.96,0.0,15,14937,买盘
2451,13:07:30,9.96,0.0,2,1992,买盘
2452,13:07:33,9.95,-0.01,9,8955,卖盘
2453,13:07:36,9.95,0.0,4,3980,卖盘
2454,13:07:39,9.95,0.0,17,16915,卖盘
2455,13:07:42,9.96,0.01,60,59702,买盘
2456,13:07:46,9.95,-0.01,252,250740,卖盘
2457,13:07:49,9.95,0.0,9,8955,买盘
2458,13:07:51,9.95,0.0,8,7960,买盘
2459,13:07:54,9.95,0.0,29,28851,买盘
2460,13:07:57,9.95,0.0,14,13930,买盘
2461,13:08:01,9.95,0.0,25,24873,买盘
2462,13:08:03,9.94,-0.01,10,9943,卖盘
2463,13:08:06,9.95,0.01,193,192035,买盘
2464,13:08:09,9.94,-0.01,88,87472,卖盘
2465,13:08:12,9.94,0.0,4,3976,卖盘
2466,13:08:15,9.94,0.0,20,19880,卖盘
2467,13:08:18,9.95,0.01,31,30816,买盘
2468,13:08:21,9.94,-0.01,3,2982,卖盘
2469,13:08:24,9.94,0.0,22,21878,卖盘
2470,13:08:27,9.94,0.0,282,280318,卖盘
2471,13:08:30,9.95,0.01,22,21870,买盘
2472,13:08:33,9.94,-0.01,40,39760,卖盘
2473,13:08:36,9.94,0.0,39,38766,卖盘
2474,13:08:39,9.94,0.0,10,9940,买盘
2475,13:08:42,9.94,0.0,45,44726,买盘
2476,13:08:45,9.93,-0.01,195,193635,卖盘
2477,13:08:48,9.94,0.01,76,75478,买盘
2478,13:08:51,9.94,0.0,7,6958,买盘
2479,13:08:54,9.94,0.0,92,91360,买盘
2480,13:08:57,9.93,-0.01,31,30790,卖盘
2481,13:09:00,9.93,0.0,318,315792,卖盘
2482,13:09:03,9.93,0.0,14,13902,卖盘
2483,13:09:06,9.94,0.01,21,20859,买盘
2484,13:09:09,9.93,-0.01,2,1986,卖盘
2485,13:09:12,9.93,0.0,1,993,卖盘
2486,13:09:15,9.93,0.0,239,237527,卖盘
2487,13:09:19,9.93,0.0,63,62559,卖盘
2488,13:09:21,9.93,0.0,238,236334,卖盘
2489,13:09:27,9.93,0.0,6,5958,买盘
2490,13:09:30,9.92,-0.01,40,39680,卖盘
2491,13:09:33,9.92,0.0,44,43648,卖盘
2492,13:09:36,9.92,0.0,114,113088,卖盘
2493,13:09:39,9.91,-0.01,54,53518,卖盘
2494,13:09:42,9.92,0.01,2,1984,买盘
2495,13:09:45,9.91,-0.01,1,991,卖盘
2496,13:09:48,9.91,0.0,25,24775,卖盘
2497,13:09:51,9.91,0.0,82,81262,卖盘
2498,13:09:54,9.91,0.0,92,91172,卖盘
2499,13:09:57,9.91,0.0,47,46577,卖盘
2500,13:10:00,9.91,0.0,16,15856,卖盘
2501,13:10:04,9.91,0.0,49,48562,卖盘
2502,13:10:06,9.91,0.0,135,133785,卖盘
2503,13:10:09,9.91,0.0,10,9910,卖盘
2504,13:10:12,9.91,0.0,17,16847,买盘
2505,13:10:18,9.91,0.0,95,94075,买盘
2506,13:10:21,9.91,0.0,155,153507,买盘
2507,13:10:24,9.9,-0.01,492,487082,卖盘
2508,13:10:27,9.91,0.01,6,5946,买盘
2509,13:10:30,9.9,-0.01,6,5940,卖盘
2510,13:10:33,9.9,0.0,124,122877,卖盘
2511,13:10:36,9.9,0.0,231,228750,卖盘
2512,13:10:39,9.9,0.0,50,49500,卖盘
2513,13:10:42,9.9,0.0,83,82170,买盘
2514,13:10:45,9.9,0.0,91,90090,卖盘
2515,13:10:48,9.9,0.0,28,27720,卖盘
2516,13:10:51,9.91,0.01,33,32673,买盘
2517,13:10:54,9.91,0.0,116,114948,买盘
2518,13:10:57,9.91,0.0,4,3964,卖盘
2519,13:11:03,9.92,0.01,12,11904,买盘
2520,13:11:07,9.91,-0.01,60,59460,卖盘
2521,13:11:09,9.92,0.01,17,16852,买盘
2522,13:11:12,9.91,-0.01,128,126947,卖盘
2523,13:11:15,9.92,0.01,2,1984,中性盘
2524,13:11:18,9.92,0.0,15,14880,卖盘
2525,13:11:24,9.93,0.01,11,10913,买盘
2526,13:11:27,9.9,-0.03,339,335809,卖盘
2527,13:11:30,9.91,0.01,14,13874,中性盘
2528,13:11:33,9.92,0.01,117,116003,买盘
2529,13:11:36,9.92,0.0,1,992,卖盘
2530,13:11:45,9.93,0.01,16,15888,买盘
2531,13:11:48,9.93,0.0,51,50626,买盘
2532,13:11:51,9.92,-0.01,78,77395,卖盘
2533,13:11:54,9.93,0.01,61,60573,买盘
2534,13:11:57,9.93,0.0,3,2979,买盘
2535,13:12:00,9.93,0.0,93,92349,买盘
2536,13:12:04,9.93,0.0,10,9930,卖盘
2537,13:12:07,9.94,0.01,70,69559,买盘
2538,13:12:09,9.94,0.0,34,33796,卖盘
2539,13:12:12,9.94,0.0,3,2982,买盘
2540,13:12:18,9.94,0.0,16,15893,买盘
2541,13:12:21,9.94,0.0,307,305358,卖盘
2542,13:12:24,9.94,0.0,89,88466,买盘
2543,13:12:27,9.94,0.0,66,65604,买盘
2544,13:12:30,9.94,0.0,1,994,买盘
2545,13:12:33,9.94,0.0,10,9940,买盘
2546,13:12:36,9.93,-0.01,67,66534,卖盘
2547,13:12:39,9.94,0.01,55,54617,买盘
2548,13:12:45,9.93,-0.01,6,5961,卖盘
2549,13:12:48,9.94,0.01,158,157044,买盘
2550,13:12:51,9.94,0.0,190,188860,买盘
2551,13:12:54,9.94,0.0,5,4970,卖盘
2552,13:12:57,9.94,0.0,79,78526,卖盘
2553,13:13:01,9.94,0.0,2,1989,卖盘
2554,13:13:04,9.94,0.0,200,198907,卖盘
2555,13:13:06,9.95,0.01,9,8946,买盘
2556,13:13:10,9.94,-0.01,51,50694,卖盘
2557,13:13:12,9.94,0.0,100,99400,卖盘
2558,13:13:15,9.94,0.0,120,119280,卖盘
2559,13:13:18,9.95,0.01,136,135320,买盘
2560,13:13:21,9.94,-0.01,52,51710,卖盘
2561,13:13:24,9.95,0.01,6,5970,买盘
2562,13:13:27,9.94,-0.01,20,19880,卖盘
2563,13:13:30,9.94,0.0,51,50694,卖盘
2564,13:13:33,9.94,0.0,12,11928,卖盘
2565,13:13:36,9.94,0.0,63,62614,卖盘
2566,13:13:39,9.93,-0.01,8,7948,卖盘
2567,13:13:42,9.94,0.01,45,44695,买盘
2568,13:13:45,9.93,-0.01,17,16897,卖盘
2569,13:13:51,9.93,0.0,521,517356,卖盘
2570,13:13:54,9.93,0.0,240,238540,卖盘
2571,13:13:57,9.93,0.0,106,105260,卖盘
2572,13:14:00,9.93,0.0,65,64485,买盘
2573,13:14:04,9.92,-0.01,4,3968,卖盘
2574,13:14:06,9.93,0.01,1,993,买盘
2575,13:14:09,9.93,0.0,248,246261,买盘
2576,13:14:12,9.93,0.0,74,73482,卖盘
2577,13:14:15,9.93,0.0,267,265131,卖盘
2578,13:14:18,9.94,0.01,20,19880,买盘
2579,13:14:25,9.93,-0.01,40,39720,卖盘
2580,13:14:27,9.94,0.01,75,74543,买盘
2581,13:14:30,9.93,-0.01,64,63602,卖盘
2582,13:14:33,9.94,0.01,77,76538,买盘
2583,13:14:36,9.93,-0.01,24,23833,卖盘
2584,13:14:39,9.93,0.0,1,993,卖盘
2585,13:14:42,9.93,0.0,20,19860,卖盘
2586,13:14:45,9.94,0.01,9,8946,买盘
2587,13:14:48,9.94,0.0,3,2982,买盘
2588,13:14:54,9.93,-0.01,277,275089,卖盘
2589,13:14:57,9.94,0.01,8,7952,买盘
2590,13:15:00,9.94,0.0,103,102382,买盘
2591,13:15:04,9.94,0.0,122,121268,买盘
2592,13:15:06,9.96,0.02,1008,1003269,买盘
2593,13:15:10,9.94,-0.02,52,51688,卖盘
2594,13:15:12,9.94,0.0,20,19880,买盘
2595,13:15:15,9.94,0.0,97,96418,买盘
2596,13:15:21,9.97,0.03,1950,1943131,买盘
2597,13:15:24,9.97,0.0,102,101694,卖盘
2598,13:15:27,9.97,0.0,14,13958,卖盘
2599,13:15:30,9.98,0.01,88,87779,买盘
2600,13:15:33,9.97,-0.01,45,44866,卖盘
2601,13:15:36,9.97,0.0,371,369887,卖盘
2602,13:15:39,9.98,0.01,1008,1005789,买盘
2603,13:15:42,9.98,0.0,319,318961,买盘
2604,13:15:45,9.98,0.0,12,11976,卖盘
2605,13:15:48,9.99,0.01,72,71928,买盘
2606,13:15:51,9.98,-0.01,17,16981,卖盘
2607,13:15:54,9.99,0.01,429,428461,买盘
2608,13:15:57,9.99,0.0,107,106893,买盘
2609,13:16:00,9.99,0.0,656,655344,买盘
2610,13:16:04,9.99,0.0,176,175818,买盘
2611,13:16:06,9.99,0.0,171,170800,买盘
2612,13:16:09,9.99,0.0,37,36957,买盘
2613,13:16:12,9.99,0.0,71,70929,买盘
2614,13:16:15,10.0,0.01,53,52987,买盘
2615,13:16:18,9.99,-0.01,148,147865,卖盘
2616,13:16:21,9.99,0.0,550,549867,卖盘
2617,13:16:24,10.0,0.01,290,289985,买盘
2618,13:16:27,10.0,0.0,308,307926,买盘
2619,13:16:30,10.0,0.0,435,435000,买盘
2620,13:16:34,10.0,0.0,292,291914,买盘
2621,13:16:36,10.0,0.0,299,299000,买盘
2622,13:16:39,10.0,0.0,382,381991,买盘
2623,13:16:42,10.0,0.0,38,37995,买盘
2624,13:16:45,10.0,0.0,113,113000,买盘
2625,13:16:48,10.0,0.0,145,144930,买盘
2626,13:16:51,10.0,0.0,149,149000,买盘
2627,13:16:54,10.0,0.0,378,378000,买盘
2628,13:16:57,9.99,-0.01,467,466781,卖盘
2629,13:17:00,9.99,0.0,18,17982,买盘
2630,13:17:03,9.98,-0.01,65,64946,卖盘
2631,13:17:06,9.98,0.0,163,162680,卖盘
2632,13:17:09,9.98,0.0,16,15968,买盘
2633,13:17:12,9.98,0.0,26,25947,买盘
2634,13:17:18,9.98,0.0,329,328342,卖盘
2635,13:17:21,9.98,0.0,320,319360,买盘
2636,13:17:24,9.98,0.0,87,86784,买盘
2637,13:17:27,9.98,0.0,83,82791,买盘
2638,13:17:30,9.97,-0.01,73,72779,卖盘
2639,13:17:33,9.97,0.0,19,18943,买盘
2640,13:17:36,9.97,0.0,124,123578,买盘
2641,13:17:42,9.95,-0.02,291,289968,卖盘
2642,13:17:45,9.96,0.01,9,8960,买盘
2643,13:17:48,9.96,0.0,97,96600,买盘
2644,13:17:54,9.97,0.01,44,43841,买盘
2645,13:17:57,9.96,-0.01,29,28903,卖盘
2646,13:18:00,9.96,0.0,249,248252,卖盘
2647,13:18:03,9.97,0.01,48,47821,买盘
2648,13:18:06,9.96,-0.01,46,45815,卖盘
2649,13:18:09,9.97,0.01,86,85712,买盘
2650,13:18:12,9.96,-0.01,38,37853,卖盘
2651,13:18:15,9.96,0.0,6,5976,卖盘
2652,13:18:18,9.96,0.0,256,255226,卖盘
2653,13:18:21,9.97,0.01,176,175406,买盘
2654,13:18:24,9.98,0.01,315,313602,买盘
2655,13:18:27,9.97,-0.01,3,2991,卖盘
2656,13:18:30,9.98,0.01,240,239497,买盘
2657,13:18:33,9.98,0.0,45,44910,买盘
2658,13:18:36,9.98,0.0,76,75848,买盘
2659,13:18:39,9.98,0.0,77,76816,买盘
2660,13:18:42,9.98,0.0,381,380233,买盘
2661,13:18:45,9.98,0.0,170,169659,买盘
2662,13:18:48,9.98,0.0,54,53892,卖盘
2663,13:18:54,9.99,0.01,22,21963,买盘
2664,13:18:57,9.99,0.0,17,16983,买盘
2665,13:19:00,9.98,-0.01,361,360289,卖盘
2666,13:19:04,9.98,0.0,105,104790,买盘
2667,13:19:06,9.98,0.0,57,56876,买盘
2668,13:19:09,9.99,0.01,92,91851,买盘
2669,13:19:12,9.98,-0.01,1,998,卖盘
2670,13:19:15,9.98,0.0,60,59880,买盘
2671,13:19:18,9.98,0.0,152,151693,买盘
2672,13:19:21,9.99,0.01,23,22955,买盘
2673,13:19:24,9.98,-0.01,141,140718,卖盘
2674,13:19:27,9.98,0.0,110,109875,卖盘
2675,13:19:30,9.98,0.0,35,34955,卖盘
2676,13:19:33,9.98,0.0,143,142847,卖盘
2677,13:19:36,9.99,0.01,59,58910,买盘
2678,13:19:39,9.99,0.0,7,6993,买盘
2679,13:19:42,9.99,0.0,18,17977,买盘
2680,13:19:45,9.99,0.0,303,302697,买盘
2681,13:19:48,9.99,0.0,20,19980,买盘
2682,13:19:51,9.99,0.0,116,115884,买盘
2683,13:19:54,9.99,0.0,22,21973,买盘
2684,13:19:57,9.98,-0.01,431,430348,卖盘
2685,13:20:00,9.99,0.01,18,17982,中性盘
2686,13:20:04,9.98,-0.01,301,300601,卖盘
2687,13:20:06,9.99,0.01,66,65934,卖盘
2688,13:20:09,9.99,0.0,63,62921,买盘
2689,13:20:12,9.99,0.0,249,248725,买盘
2690,13:20:15,9.99,0.0,214,213786,卖盘
2691,13:20:18,9.99,0.0,427,426748,卖盘
2692,13:20:21,10.0,0.01,46,45986,买盘
2693,13:20:24,10.0,0.0,24,23999,买盘
2694,13:20:27,9.99,-0.01,25,24980,卖盘
2695,13:20:30,10.0,0.01,291,290621,买盘
2696,13:20:33,9.99,-0.01,93,92990,中性盘
2697,13:20:36,9.99,0.0,115,114835,买盘
2698,13:20:39,9.99,0.0,230,229770,买盘
2699,13:20:43,10.0,0.01,742,741415,买盘
2700,13:20:45,9.98,-0.02,228,227570,卖盘
2701,13:20:49,9.99,0.01,65,64934,买盘
2702,13:20:51,9.98,-0.01,95,94903,卖盘
2703,13:20:54,9.99,0.01,333,332566,买盘
2704,13:20:57,9.99,0.0,34,33966,买盘
2705,13:21:00,10.0,0.01,264,263815,买盘
2706,13:21:04,9.99,-0.01,53,52947,卖盘
2707,13:21:07,10.0,0.01,16,16000,买盘
2708,13:21:09,9.99,-0.01,43,42967,卖盘
2709,13:21:12,10.0,0.01,1950,1949999,买盘
2710,13:21:15,10.0,0.0,805,804994,买盘
2711,13:21:18,10.0,0.0,453,453301,卖盘
2712,13:21:22,10.01,0.01,89,89052,买盘
2713,13:21:24,10.01,0.0,2173,2176184,买盘
2714,13:21:27,10.02,0.01,692,692856,买盘
2715,13:21:30,10.03,0.01,148,148375,买盘
2716,13:21:33,10.02,-0.01,522,523658,卖盘
2717,13:21:36,10.04,0.02,236,236723,买盘
2718,13:21:39,10.04,0.0,261,262044,买盘
2719,13:21:42,10.05,0.01,1136,1141537,买盘
2720,13:21:45,10.05,0.0,268,269135,买盘
2721,13:21:48,10.05,0.0,234,235095,买盘
2722,13:21:51,10.06,0.01,413,415170,买盘
2723,13:21:54,10.06,0.0,444,446620,买盘
2724,13:21:57,10.07,0.01,1181,1189845,买盘
2725,13:22:00,10.07,0.0,190,191376,卖盘
2726,13:22:04,10.08,0.01,552,556085,买盘
2727,13:22:06,10.07,-0.01,706,711633,中性盘
2728,13:22:09,10.09,0.02,504,508520,买盘
2729,13:22:12,10.09,0.0,809,815597,买盘
2730,13:22:15,10.08,-0.01,240,242134,卖盘
2731,13:22:18,10.09,0.01,435,438632,买盘
2732,13:22:21,10.1,0.01,281,283644,买盘
2733,13:22:24,10.06,-0.04,1893,1906306,卖盘
2734,13:22:27,10.08,0.02,457,460090,买盘
2735,13:22:30,10.05,-0.03,50,50250,卖盘
2736,13:22:33,10.06,0.01,353,355233,卖盘
2737,13:22:36,10.06,0.0,125,125730,买盘
2738,13:22:39,10.06,0.0,173,174151,卖盘
2739,13:22:42,10.07,0.01,149,150000,买盘
2740,13:22:45,10.07,0.0,361,363527,买盘
2741,13:22:48,10.08,0.01,63,63489,买盘
2742,13:22:51,10.07,-0.01,52,52405,卖盘
2743,13:22:54,10.08,0.01,474,477708,买盘
2744,13:22:57,10.08,0.0,566,570213,买盘
2745,13:23:00,10.08,0.0,259,260946,买盘
2746,13:23:03,10.08,0.0,673,678430,买盘
2747,13:23:06,10.07,-0.01,114,114807,卖盘
2748,13:23:09,10.08,0.01,510,513758,买盘
2749,13:23:12,10.07,-0.01,37,37247,买盘
2750,13:23:15,10.07,0.0,132,132868,买盘
2751,13:23:18,10.07,0.0,1201,1210210,买盘
2752,13:23:21,10.06,-0.01,272,273625,卖盘
2753,13:23:24,10.07,0.01,202,203224,买盘
2754,13:23:27,10.06,-0.01,337,339299,卖盘
2755,13:23:30,10.05,-0.01,90,90577,卖盘
2756,13:23:34,10.06,0.01,503,506480,中性盘
2757,13:23:36,10.06,0.0,461,463385,买盘
2758,13:23:39,10.05,-0.01,373,374979,卖盘
2759,13:23:42,10.05,0.0,82,82410,买盘
2760,13:23:45,10.05,0.0,123,123704,卖盘
2761,13:23:48,10.04,-0.01,169,169715,卖盘
2762,13:23:51,10.05,0.01,153,153721,买盘
2763,13:23:54,10.05,0.0,12,12049,买盘
2764,13:23:57,10.04,-0.01,250,251034,卖盘
2765,13:24:00,10.04,0.0,154,154611,买盘
2766,13:24:03,10.03,-0.01,39,39124,卖盘
