,time,price,change,volume,amount,type
0,09:25:05,4.7,0.12,1864,876080,卖盘
1,09:30:04,4.73,0.03,259,122272,买盘
2,09:30:07,4.72,-0.01,1843,871467,中性盘
3,09:30:10,4.72,0.0,988,467611,卖盘
4,09:30:13,4.76,0.04,1307,619728,买盘
5,09:30:16,4.73,-0.03,396,187613,卖盘
6,09:30:19,4.73,0.0,191,90517,卖盘
7,09:30:25,4.75,0.02,103,48741,买盘
8,09:30:28,4.73,-0.02,39,18447,卖盘
9,09:30:31,4.73,0.0,33,15609,卖盘
10,09:30:34,4.73,0.0,73,34529,卖盘
11,09:30:37,4.73,0.0,65,30745,卖盘
12,09:30:40,4.74,0.01,1210,573222,买盘
13,09:30:43,4.73,-0.01,35,16555,买盘
14,09:30:46,4.72,-0.01,2415,1139880,卖盘
15,09:30:49,4.72,0.0,176,83137,卖盘
16,09:30:52,4.73,0.01,123,58100,买盘
17,09:30:55,4.72,-0.01,79,37288,买盘
18,09:31:01,4.72,0.0,18,8496,买盘
19,09:31:04,4.72,0.0,144,67968,买盘
20,09:31:07,4.73,0.01,1595,752363,买盘
21,09:31:10,4.71,-0.02,25,11775,中性盘
22,09:31:13,4.71,0.0,90,42390,买盘
23,09:31:16,4.71,0.0,80,37630,买盘
24,09:31:19,4.7,-0.01,60,28207,卖盘
25,09:31:22,4.71,0.01,92,43330,买盘
26,09:31:25,4.7,-0.01,109,51230,卖盘
27,09:31:28,4.7,0.0,190,89300,卖盘
28,09:31:31,4.7,0.0,708,332760,卖盘
29,09:31:34,4.7,0.0,209,98260,卖盘
30,09:31:37,4.7,0.0,290,136330,卖盘
31,09:31:40,4.7,0.0,375,176250,卖盘
32,09:31:43,4.7,0.0,226,106220,卖盘
33,09:31:46,4.69,-0.01,51,23969,卖盘
34,09:31:49,4.7,0.01,20,9400,买盘
35,09:31:52,4.68,-0.02,50,23400,卖盘
36,09:31:55,4.68,0.0,270,126360,卖盘
37,09:32:01,4.68,0.0,4,1872,卖盘
38,09:32:04,4.68,0.0,247,115596,卖盘
39,09:32:13,4.68,0.0,23,10764,买盘
40,09:32:16,4.67,-0.01,50,23350,卖盘
41,09:32:19,4.66,-0.01,568,264960,卖盘
42,09:32:22,4.67,0.01,71,33157,卖盘
43,09:32:28,4.68,0.01,41,19150,买盘
44,09:32:31,4.67,-0.01,50,23350,卖盘
45,09:32:34,4.67,0.0,205,95850,卖盘
46,09:32:40,4.68,0.01,121,56510,买盘
47,09:32:43,4.68,0.0,82,38376,买盘
48,09:32:46,4.68,0.0,364,170613,买盘
49,09:32:49,4.68,0.0,68,31824,卖盘
50,09:32:52,4.68,0.0,107,50082,卖盘
51,09:32:55,4.68,0.0,5,2340,卖盘
52,09:33:01,4.68,0.0,104,48672,卖盘
53,09:33:07,4.68,0.0,40,18720,卖盘
54,09:33:10,4.69,0.01,340,159160,买盘
55,09:33:13,4.68,-0.01,505,236059,卖盘
56,09:33:16,4.68,0.0,10,4680,买盘
57,09:33:19,4.68,0.0,136,63537,买盘
58,09:33:22,4.67,-0.01,48,22427,卖盘
59,09:33:28,4.68,0.01,6,2808,买盘
60,09:33:34,4.68,0.0,110,51470,买盘
61,09:33:37,4.68,0.0,20,9360,买盘
62,09:33:40,4.67,-0.01,76,35492,卖盘
63,09:33:43,4.67,0.0,219,102435,卖盘
64,09:33:46,4.68,0.01,50,23400,买盘
65,09:33:49,4.68,0.0,77,36000,买盘
66,09:33:52,4.67,-0.01,85,39695,卖盘
67,09:33:55,4.68,0.01,154,72304,买盘
68,09:33:58,4.67,-0.01,193,90131,卖盘
69,09:34:01,4.67,0.0,81,37837,卖盘
70,09:34:04,4.67,0.0,332,155067,卖盘
71,09:34:07,4.67,0.0,19,8873,卖盘
72,09:34:10,4.67,0.0,1,234,买盘
73,09:34:13,4.67,0.0,193,90131,买盘
74,09:34:19,4.67,0.0,62,29188,买盘
75,09:34:22,4.67,0.0,53,24764,卖盘
76,09:34:25,4.66,-0.01,101,47100,卖盘
77,09:34:28,4.67,0.01,14,6536,中性盘
78,09:34:31,4.66,-0.01,21,9804,卖盘
79,09:34:40,4.67,0.01,70,32690,买盘
80,09:34:46,4.67,0.0,23,10741,卖盘
81,09:34:49,4.68,0.01,235,109747,买盘
82,09:34:55,4.68,0.0,10,4680,买盘
83,09:34:58,4.67,-0.01,9,4203,卖盘
84,09:35:01,4.67,0.0,54,25218,卖盘
85,09:35:07,4.67,0.0,10,4670,买盘
86,09:35:10,4.65,-0.02,1810,842390,卖盘
87,09:35:19,4.66,0.01,10,4660,买盘
88,09:35:22,4.66,0.0,16,7456,买盘
89,09:35:25,4.66,0.0,291,135439,买盘
90,09:35:31,4.66,0.0,341,158403,买盘
91,09:35:34,4.64,-0.02,125,58065,卖盘
92,09:35:37,4.65,0.01,12,5580,买盘
93,09:35:40,4.65,0.0,7,3255,买盘
94,09:35:43,4.65,0.0,30,13950,买盘
95,09:35:46,4.65,0.0,15,6975,买盘
96,09:35:49,4.65,0.0,156,72540,买盘
97,09:35:52,4.65,0.0,19,8835,卖盘
98,09:35:55,4.66,0.01,26,12116,买盘
99,09:35:58,4.65,-0.01,6,2790,卖盘
100,09:36:01,4.65,0.0,10,4650,卖盘
101,09:36:07,4.65,0.0,14,6510,卖盘
102,09:36:10,4.65,0.0,50,23250,卖盘
103,09:36:13,4.65,0.0,2,930,卖盘
104,09:36:16,4.65,0.0,117,54442,卖盘
105,09:36:19,4.65,0.0,60,27900,卖盘
106,09:36:22,4.65,0.0,134,62310,卖盘
107,09:36:25,4.66,0.01,226,105095,买盘
108,09:36:28,4.65,-0.01,10,4650,卖盘
109,09:36:31,4.66,0.01,76,35416,买盘
110,09:36:34,4.65,-0.01,116,53956,卖盘
111,09:36:37,4.65,0.0,142,66170,卖盘
112,09:36:40,4.66,0.01,151,70278,买盘
113,09:36:43,4.65,-0.01,231,107415,卖盘
114,09:36:46,4.64,-0.01,135,62640,卖盘
115,09:36:49,4.65,0.01,40,18600,买盘
116,09:36:52,4.65,0.0,250,116250,买盘
117,09:36:58,4.65,0.0,40,18610,卖盘
118,09:37:01,4.65,0.0,6,2790,卖盘
119,09:37:07,4.65,0.0,100,46500,卖盘
120,09:37:10,4.65,0.0,7,3255,卖盘
121,09:37:13,4.66,0.01,23,10718,买盘
122,09:37:16,4.66,0.0,15,6990,买盘
123,09:37:22,4.66,0.0,2,932,买盘
124,09:37:25,4.66,0.0,65,30290,买盘
125,09:37:28,4.66,0.0,383,178478,买盘
126,09:37:34,4.66,0.0,154,71997,买盘
127,09:37:37,4.65,-0.01,1000,465748,卖盘
128,09:37:40,4.66,0.01,13,6058,卖盘
129,09:37:43,4.67,0.01,45,21015,买盘
130,09:37:46,4.67,0.0,300,140100,买盘
131,09:37:49,4.67,0.0,236,110212,买盘
132,09:37:52,4.67,0.0,16,7472,卖盘
133,09:38:01,4.67,0.0,21,9807,卖盘
134,09:38:04,4.67,0.0,13,6071,买盘
135,09:38:06,4.67,0.0,106,49502,买盘
136,09:38:13,4.67,0.0,9,4203,卖盘
137,09:38:19,4.67,0.0,66,30822,卖盘
138,09:38:25,4.68,0.01,77,36011,买盘
139,09:38:28,4.67,-0.01,147,68649,卖盘
140,09:38:31,4.67,0.0,45,21015,买盘
141,09:38:34,4.67,0.0,139,64913,买盘
142,09:38:37,4.67,0.0,42,19614,买盘
143,09:38:40,4.67,0.0,4,1868,买盘
144,09:38:43,4.66,-0.01,101,47127,卖盘
145,09:38:46,4.67,0.01,36,16812,买盘
146,09:38:52,4.66,-0.01,5,2330,卖盘
147,09:38:55,4.67,0.01,45,21015,买盘
148,09:38:58,4.67,0.0,336,156704,买盘
149,09:39:07,4.66,-0.01,86,40109,卖盘
150,09:39:19,4.67,0.01,469,219023,买盘
151,09:39:22,4.67,0.0,46,21482,买盘
152,09:39:25,4.66,-0.01,20,9322,卖盘
153,09:39:31,4.67,0.01,89,41563,买盘
154,09:39:34,4.67,0.0,10,4670,买盘
155,09:39:37,4.66,-0.01,85,39610,卖盘
156,09:39:40,4.67,0.01,109,50894,买盘
157,09:39:43,4.67,0.0,49,22883,买盘
158,09:39:46,4.66,-0.01,30,13980,卖盘
159,09:39:49,4.67,0.01,100,46700,买盘
160,09:39:52,4.67,0.0,76,35436,买盘
161,09:39:55,4.67,0.0,20,9340,买盘
162,09:40:01,4.67,0.0,70,32690,买盘
163,09:40:04,4.66,-0.01,122,56952,卖盘
164,09:40:07,4.67,0.01,136,63266,买盘
165,09:40:13,4.67,0.0,2,934,卖盘
166,09:40:16,4.67,0.0,10,4670,卖盘
167,09:40:22,4.68,0.01,6,2808,买盘
168,09:40:25,4.67,-0.01,150,70100,卖盘
169,09:40:28,4.67,0.0,20,9340,卖盘
170,09:40:31,4.68,0.01,100,46800,买盘
171,09:40:34,4.67,-0.01,521,243753,卖盘
172,09:40:40,4.68,0.01,94,43948,买盘
173,09:40:43,4.68,0.0,25,11700,买盘
174,09:40:52,4.68,0.0,30,14040,买盘
175,09:40:55,4.67,-0.01,84,39228,卖盘
176,09:41:01,4.67,0.0,15,7005,卖盘
177,09:41:10,4.68,0.01,1,468,买盘
178,09:41:25,4.68,0.0,3,1404,买盘
179,09:41:28,4.68,0.0,8,3744,买盘
180,09:41:31,4.68,0.0,20,9360,买盘
181,09:41:34,4.67,-0.01,366,170972,卖盘
182,09:41:37,4.67,0.0,87,40701,卖盘
183,09:41:43,4.68,0.01,720,336960,买盘
184,09:41:49,4.67,-0.01,122,56984,卖盘
185,09:41:52,4.68,0.01,225,105300,买盘
186,09:41:58,4.68,0.0,167,78156,卖盘
187,09:42:04,4.68,0.0,30,14040,卖盘
188,09:42:07,4.68,0.0,176,82368,卖盘
189,09:42:10,4.68,0.0,266,124488,卖盘
190,09:42:13,4.68,0.0,100,46800,买盘
191,09:42:31,4.67,-0.01,60,28020,卖盘
192,09:42:34,4.67,0.0,112,52304,卖盘
193,09:42:37,4.68,0.01,101,47267,买盘
194,09:42:40,4.68,0.0,37,17309,买盘
195,09:42:43,4.68,0.0,55,25701,买盘
196,09:42:46,4.67,-0.01,567,264789,卖盘
197,09:42:55,4.67,0.0,199,93170,卖盘
198,09:43:01,4.66,-0.01,20,9330,卖盘
199,09:43:04,4.66,0.0,112,52192,卖盘
200,09:43:07,4.67,0.01,50,23350,买盘
201,09:43:16,4.67,0.0,76,35471,买盘
202,09:43:19,4.66,-0.01,114,53124,卖盘
203,09:43:25,4.67,0.01,11,5137,买盘
204,09:43:34,4.66,-0.01,1050,489300,卖盘
205,09:43:37,4.67,0.01,33,15398,买盘
206,09:43:40,4.66,-0.01,44,20531,卖盘
207,09:43:46,4.67,0.01,255,118852,买盘
208,09:43:49,4.67,0.0,238,111146,卖盘
209,09:43:55,4.66,-0.01,32,15172,卖盘
210,09:43:58,4.66,0.0,70,32620,卖盘
211,09:44:04,4.66,0.0,10,4660,卖盘
212,09:44:07,4.66,0.0,113,52658,卖盘
213,09:44:13,4.67,0.01,1,467,买盘
214,09:44:22,4.66,-0.01,17,7922,卖盘
215,09:44:25,4.66,0.0,92,42872,卖盘
216,09:44:34,4.66,0.0,22,10252,买盘
217,09:44:37,4.65,-0.01,129,59985,卖盘
218,09:44:43,4.65,0.0,193,89745,卖盘
219,09:44:58,4.65,0.0,8,3720,卖盘
220,09:45:04,4.66,0.01,30,13980,买盘
221,09:45:07,4.65,-0.01,13,6045,卖盘
222,09:45:10,4.66,0.01,449,208991,买盘
223,09:45:13,4.66,0.0,1,466,卖盘
224,09:45:16,4.66,0.0,375,174750,卖盘
225,09:45:19,4.66,0.0,4,1864,买盘
226,09:45:25,4.66,0.0,10,4660,买盘
227,09:45:28,4.66,0.0,190,88540,买盘
228,09:45:31,4.66,0.0,2,932,卖盘
229,09:45:37,4.66,0.0,45,20970,卖盘
230,09:45:43,4.66,0.0,213,99258,卖盘
231,09:45:52,4.67,0.01,49,22883,买盘
232,09:46:01,4.66,-0.01,500,233000,卖盘
233,09:46:05,4.67,0.01,257,120019,买盘
234,09:46:28,4.67,0.0,550,256850,卖盘
235,09:46:34,4.67,0.0,509,237470,卖盘
236,09:46:37,4.67,0.0,166,77756,卖盘
237,09:46:49,4.66,-0.01,3,1400,卖盘
238,09:46:52,4.67,0.01,80,37360,买盘
239,09:46:55,4.67,0.0,14,6538,买盘
240,09:46:58,4.67,0.0,1,467,买盘
241,09:47:01,4.66,-0.01,729,339714,卖盘
242,09:47:04,4.66,0.0,5,2330,买盘
243,09:47:10,4.66,0.0,50,23300,买盘
244,09:47:13,4.66,0.0,90,41940,买盘
245,09:47:16,4.66,0.0,91,42406,卖盘
246,09:47:25,4.66,0.0,15,6990,卖盘
247,09:47:34,4.66,0.0,2,932,卖盘
248,09:47:43,4.66,0.0,229,106714,卖盘
249,09:47:46,4.66,0.0,78,36348,卖盘
250,09:47:49,4.67,0.01,19,8873,买盘
251,09:47:55,4.66,-0.01,50,23300,卖盘
252,09:47:58,4.67,0.01,57,26619,买盘
253,09:48:07,4.66,-0.01,345,160820,卖盘
254,09:48:10,4.67,0.01,38,17746,买盘
255,09:48:13,4.66,-0.01,10,4660,卖盘
256,09:48:19,4.67,0.01,20,9340,买盘
257,09:48:31,4.67,0.0,208,96902,买盘
258,09:48:40,4.67,0.0,234,109278,卖盘
259,09:48:49,4.68,0.01,12,5614,买盘
260,09:48:52,4.68,0.0,90,42060,买盘
261,09:48:55,4.67,-0.01,5,2335,卖盘
262,09:48:58,4.67,0.0,30,14010,卖盘
263,09:49:04,4.67,0.0,55,25685,卖盘
264,09:49:10,4.67,0.0,535,250078,卖盘
265,09:49:19,4.67,0.0,300,140100,买盘
266,09:49:25,4.67,0.0,21,9807,买盘
267,09:49:28,4.66,-0.01,1035,482320,卖盘
268,09:49:34,4.66,0.0,14,6524,卖盘
269,09:49:37,4.66,0.0,22,10252,卖盘
270,09:49:40,4.65,-0.01,20,9300,卖盘
271,09:49:46,4.65,0.0,67,31155,卖盘
272,09:50:01,4.65,0.0,33,15345,卖盘
273,09:50:10,4.65,0.0,1098,510570,卖盘
274,09:50:13,4.66,0.01,10,4660,买盘
275,09:50:16,4.65,-0.01,2,930,卖盘
276,09:50:19,4.65,0.0,105,48825,卖盘
277,09:50:25,4.65,0.0,20,9300,卖盘
278,09:50:28,4.65,0.0,11,5115,卖盘
279,09:50:31,4.66,0.01,580,270280,买盘
280,09:50:34,4.67,0.01,28,13076,买盘
281,09:50:37,4.66,-0.01,5,2330,卖盘
282,09:50:46,4.66,0.0,5,2330,卖盘
283,09:50:52,4.67,0.01,65,30355,买盘
284,09:50:55,4.66,-0.01,10,4660,卖盘
285,09:51:16,4.66,0.0,50,23300,卖盘
286,09:51:25,4.66,0.0,10,4660,卖盘
287,09:51:31,4.67,0.01,1,467,买盘
288,09:51:34,4.66,-0.01,5,2330,卖盘
289,09:51:37,4.66,0.0,100,46600,卖盘
290,09:51:40,4.66,0.0,8,3728,卖盘
291,09:51:43,4.66,0.0,10,4660,卖盘
292,09:51:46,4.66,0.0,11,4893,卖盘
293,09:51:49,4.66,0.0,70,32620,卖盘
294,09:51:58,4.67,0.01,52,24284,买盘
295,09:52:01,4.67,0.0,50,23350,买盘
296,09:52:04,4.66,-0.01,100,46685,卖盘
297,09:52:07,4.67,0.01,130,60710,买盘
298,09:52:10,4.67,0.0,15,7000,买盘
299,09:52:13,4.67,0.0,36,16812,买盘
300,09:52:16,4.67,0.0,136,63512,买盘
301,09:52:22,4.67,0.0,99,46233,买盘
302,09:52:31,4.67,0.0,424,198232,买盘
303,09:52:37,4.67,0.0,32,14944,卖盘
304,09:52:49,4.68,0.01,5,2340,买盘
305,09:52:55,4.67,-0.01,341,159014,卖盘
306,09:52:58,4.67,0.0,159,74486,买盘
307,09:53:01,4.68,0.01,20,9360,买盘
308,09:53:07,4.68,0.0,60,28080,买盘
309,09:53:16,4.67,-0.01,300,140100,卖盘
310,09:53:19,4.68,0.01,9,4212,买盘
311,09:53:25,4.67,-0.01,30,14010,卖盘
312,09:53:43,4.68,0.01,722,337896,买盘
313,09:53:46,4.68,0.0,6,2808,买盘
314,09:53:49,4.68,0.0,374,174832,买盘
315,09:53:52,4.68,0.0,60,28080,买盘
316,09:53:55,4.68,0.0,5,2340,买盘
317,09:53:58,4.68,0.0,129,60138,买盘
318,09:54:04,4.67,-0.01,854,398962,卖盘
319,09:54:07,4.67,0.0,50,23350,买盘
320,09:54:10,4.67,0.0,91,42497,买盘
321,09:54:13,4.67,0.0,5,2335,买盘
322,09:54:19,4.68,0.01,20,9360,卖盘
323,09:54:25,4.68,0.0,33,15444,卖盘
324,09:54:34,4.68,0.0,162,75826,卖盘
325,09:54:43,4.68,0.0,151,70668,卖盘
326,09:54:46,4.68,0.0,10,4680,买盘
327,09:54:49,4.68,0.0,75,35100,买盘
328,09:54:55,4.67,-0.01,1,467,卖盘
329,09:54:58,4.67,0.0,10,4670,卖盘
330,09:55:01,4.67,0.0,60,28030,卖盘
331,09:55:16,4.68,0.01,20,9360,买盘
332,09:55:22,4.68,0.0,2,936,买盘
333,09:55:34,4.68,0.0,10,4680,买盘
334,09:55:55,4.68,0.0,73,34164,买盘
335,09:55:58,4.67,-0.01,20,9340,卖盘
336,09:56:01,4.7,0.03,2000,937337,买盘
337,09:56:04,4.68,-0.02,3,1404,卖盘
338,09:56:13,4.7,0.02,201,94470,买盘
339,09:56:19,4.7,0.0,50,23485,买盘
340,09:56:22,4.68,-0.02,30,14040,卖盘
341,09:56:37,4.7,0.02,30,14100,买盘
342,09:56:52,4.7,0.0,270,126874,买盘
343,09:56:55,4.68,-0.02,227,106403,卖盘
344,09:57:01,4.69,0.01,66,30954,卖盘
345,09:57:07,4.69,0.0,3,1407,买盘
346,09:57:10,4.69,0.0,32,15008,买盘
347,09:57:13,4.69,0.0,100,46900,买盘
348,09:57:19,4.69,0.0,30,14070,买盘
349,09:57:22,4.68,-0.01,319,149292,卖盘
350,09:57:25,4.69,0.01,93,43617,买盘
351,09:57:34,4.68,-0.01,386,180648,卖盘
352,09:57:37,4.68,0.0,80,37440,买盘
353,09:57:40,4.69,0.01,100,46866,买盘
354,09:57:43,4.68,-0.01,23,10764,中性盘
355,09:57:49,4.68,0.0,220,103160,卖盘
356,09:57:55,4.68,0.0,1,468,卖盘
357,09:57:58,4.68,0.0,80,37440,卖盘
358,09:58:13,4.69,0.01,1,469,买盘
359,09:58:19,4.68,-0.01,2,936,卖盘
360,09:58:22,4.68,0.0,7,3276,卖盘
361,09:58:25,4.69,0.01,50,23450,买盘
362,09:58:28,4.69,0.0,100,46900,买盘
363,09:58:31,4.69,0.0,10,4690,买盘
364,09:58:37,4.69,0.0,42,19698,买盘
365,09:58:43,4.69,0.0,20,9380,买盘
366,09:58:49,4.68,-0.01,10,4680,卖盘
367,09:58:52,4.69,0.01,50,23450,买盘
368,09:58:55,4.69,0.0,10,4690,买盘
369,09:59:01,4.69,0.0,122,57218,买盘
370,09:59:06,4.69,0.0,18,8442,买盘
371,09:59:13,4.69,0.0,130,60970,买盘
372,09:59:22,4.68,-0.01,2,936,卖盘
373,09:59:25,4.68,0.0,3,1404,卖盘
374,09:59:34,4.69,0.01,32,15006,买盘
375,09:59:40,4.69,0.0,451,211503,买盘
376,09:59:46,4.68,-0.01,500,234086,卖盘
377,09:59:55,4.69,0.01,20,9380,卖盘
378,09:59:58,4.69,0.0,39,18291,卖盘
379,10:00:04,4.69,0.0,58,27202,卖盘
380,10:00:07,4.69,0.0,11,5394,卖盘
381,10:00:10,4.69,0.0,1,469,卖盘
382,10:00:13,4.69,0.0,311,145859,卖盘
383,10:00:16,4.69,0.0,206,96614,卖盘
384,10:00:19,4.7,0.01,20,9400,买盘
385,10:00:22,4.69,-0.01,10,4690,卖盘
386,10:00:31,4.7,0.01,84,39406,买盘
387,10:00:40,4.69,-0.01,12,5628,卖盘
388,10:00:49,4.7,0.01,37,17390,买盘
389,10:00:52,4.69,-0.01,87,40803,卖盘
390,10:00:58,4.7,0.01,100,47000,买盘
391,10:01:01,4.7,0.0,100,47000,买盘
392,10:01:04,4.69,-0.01,10,4690,卖盘
393,10:01:07,4.7,0.01,33,15510,买盘
394,10:01:13,4.7,0.0,100,47000,买盘
395,10:01:16,4.69,-0.01,10,4690,卖盘
396,10:01:19,4.69,0.0,20,9380,卖盘
397,10:01:34,4.69,0.0,734,344012,卖盘
398,10:01:37,4.69,0.0,25,11725,买盘
399,10:01:40,4.69,0.0,20,9380,买盘
400,10:01:43,4.69,0.0,20,9380,买盘
401,10:01:46,4.69,0.0,20,9380,买盘
402,10:01:49,4.69,0.0,359,168606,买盘
403,10:01:52,4.7,0.01,10,4700,买盘
404,10:01:55,4.69,-0.01,2,938,卖盘
405,10:02:04,4.7,0.01,5,2350,买盘
406,10:02:07,4.69,-0.01,5,2345,卖盘
407,10:02:10,4.7,0.01,200,94000,买盘
408,10:02:13,4.69,-0.01,80,37520,卖盘
409,10:02:25,4.7,0.01,50,23500,买盘
410,10:02:31,4.7,0.0,400,188000,买盘
411,10:02:49,4.7,0.0,6,2820,买盘
412,10:02:55,4.7,0.0,45,21150,买盘
413,10:02:58,4.7,0.0,100,47000,买盘
414,10:03:01,4.7,0.0,200,93765,买盘
415,10:03:04,4.69,-0.01,48,22512,买盘
416,10:03:07,4.7,0.01,2,940,卖盘
417,10:03:13,4.7,0.0,30,14100,卖盘
418,10:03:19,4.7,0.0,72,33840,卖盘
419,10:03:22,4.7,0.0,13,6110,卖盘
420,10:03:25,4.7,0.0,64,30080,卖盘
421,10:03:28,4.7,0.0,6,2820,买盘
422,10:03:31,4.7,0.0,265,124550,卖盘
423,10:03:37,4.7,0.0,3,1410,买盘
424,10:03:43,4.69,-0.01,50,23490,卖盘
425,10:03:46,4.7,0.01,42,19740,买盘
426,10:03:49,4.7,0.0,59,27730,卖盘
427,10:03:58,4.7,0.0,1,470,买盘
428,10:04:07,4.7,0.0,240,112800,买盘
429,10:04:10,4.7,0.0,50,23500,买盘
430,10:04:13,4.7,0.0,30,14100,买盘
431,10:04:16,4.7,0.0,3,1410,买盘
432,10:04:22,4.7,0.0,218,102460,买盘
433,10:04:25,4.7,0.0,1,470,卖盘
434,10:04:34,4.71,0.01,30,14130,买盘
435,10:04:37,4.71,0.0,80,37680,买盘
436,10:04:49,4.7,-0.01,30,14100,卖盘
437,10:05:01,4.71,0.01,11,5181,买盘
438,10:05:07,4.71,0.0,119,56049,买盘
439,10:05:10,4.71,0.0,40,18840,买盘
440,10:05:16,4.71,0.0,48,22608,买盘
441,10:05:19,4.71,0.0,28,13188,买盘
442,10:05:22,4.71,0.0,263,123864,买盘
443,10:05:31,4.71,0.0,20,9420,买盘
444,10:05:34,4.7,-0.01,875,411250,卖盘
445,10:05:37,4.7,0.0,3,1410,买盘
446,10:05:40,4.7,0.0,140,65800,买盘
447,10:05:43,4.7,0.0,30,14100,买盘
448,10:06:01,4.69,-0.01,76,35644,卖盘
449,10:06:07,4.7,0.01,130,61100,买盘
450,10:06:10,4.7,0.0,13,6110,买盘
451,10:06:13,4.7,0.0,17,7990,买盘
452,10:06:16,4.7,0.0,12,5632,买盘
453,10:06:25,4.7,0.0,190,89300,买盘
454,10:06:28,4.7,0.0,28,13160,买盘
455,10:06:43,4.69,-0.01,426,199802,卖盘
456,10:06:46,4.69,0.0,20,9380,买盘
457,10:07:07,4.68,-0.01,394,184392,卖盘
458,10:07:13,4.68,0.0,22,10296,卖盘
459,10:07:16,4.69,0.01,799,374731,买盘
460,10:07:25,4.69,0.0,6,2814,卖盘
461,10:07:28,4.7,0.01,205,96345,买盘
462,10:07:31,4.69,-0.01,30,14070,卖盘
463,10:07:34,4.7,0.01,2,940,买盘
464,10:07:37,4.71,0.01,246,115866,买盘
465,10:07:40,4.7,-0.01,5,2350,卖盘
466,10:07:46,4.7,0.0,4,1880,卖盘
467,10:07:49,4.7,0.0,64,30080,买盘
468,10:07:52,4.7,0.0,47,22090,买盘
469,10:07:55,4.71,0.01,186,87606,买盘
470,10:07:58,4.73,0.02,2502,1182272,买盘
471,10:08:01,4.73,0.0,355,167915,卖盘
472,10:08:04,4.73,0.0,20,9460,卖盘
473,10:08:07,4.73,0.0,100,47300,卖盘
474,10:08:10,4.69,-0.04,164,77138,卖盘
475,10:08:19,4.7,0.01,223,104848,卖盘
476,10:08:34,4.73,0.03,81,38291,买盘
477,10:08:37,4.73,0.0,90,42570,买盘
478,10:08:40,4.72,-0.01,2,944,中性盘
479,10:08:46,4.72,0.0,83,39176,卖盘
480,10:08:55,4.72,0.0,5,2360,卖盘
481,10:09:01,4.71,-0.01,61,28731,卖盘
482,10:09:04,4.72,0.01,10,4720,买盘
483,10:09:10,4.72,0.0,69,32568,买盘
484,10:09:16,4.72,0.0,53,25016,买盘
485,10:09:22,4.71,-0.01,3,1413,卖盘
486,10:09:28,4.71,0.0,16,7536,卖盘
487,10:09:31,4.72,0.01,41,19352,买盘
488,10:09:40,4.71,-0.01,50,23550,卖盘
489,10:09:46,4.72,0.01,318,150096,买盘
490,10:09:49,4.71,-0.01,37,17427,卖盘
491,10:09:52,4.71,0.0,15,7065,卖盘
492,10:09:58,4.71,0.0,6,2826,卖盘
493,10:10:04,4.7,-0.01,250,117625,卖盘
494,10:10:07,4.71,0.01,50,23550,买盘
495,10:10:16,4.7,-0.01,50,23500,卖盘
496,10:10:19,4.71,0.01,5,2355,买盘
497,10:10:22,4.7,-0.01,2,940,卖盘
498,10:10:25,4.7,0.0,16,7520,卖盘
499,10:10:28,4.71,0.01,60,28230,买盘
500,10:10:34,4.7,-0.01,23,10810,卖盘
501,10:10:40,4.7,0.0,190,89300,卖盘
502,10:10:58,4.7,0.0,10,4700,买盘
503,10:11:01,4.7,0.0,10,4700,买盘
504,10:11:04,4.7,0.0,175,82250,买盘
505,10:11:10,4.7,0.0,4,1880,买盘
506,10:11:16,4.7,0.0,37,17390,买盘
507,10:11:25,4.7,0.0,63,29610,买盘
508,10:11:31,4.7,0.0,79,37130,买盘
509,10:11:34,4.69,-0.01,10,4690,卖盘
510,10:11:40,4.69,0.0,23,10790,卖盘
511,10:11:49,4.7,0.01,25,11750,买盘
512,10:11:52,4.7,0.0,107,50290,买盘
513,10:11:55,4.69,-0.01,20,9380,卖盘
514,10:11:58,4.7,0.01,8,3760,买盘
515,10:12:04,4.7,0.0,1,470,卖盘
516,10:12:16,4.71,0.01,30,14106,买盘
517,10:12:25,4.7,-0.01,60,28200,卖盘
518,10:12:28,4.7,0.0,3,1410,卖盘
519,10:12:37,4.71,0.01,5,2355,买盘
520,10:12:43,4.7,-0.01,7,3290,卖盘
521,10:12:46,4.7,0.0,40,18830,卖盘
522,10:12:49,4.7,0.0,8,3760,卖盘
523,10:13:16,4.71,0.01,9,4232,买盘
524,10:13:19,4.7,-0.01,64,30080,卖盘
525,10:13:28,4.7,0.0,51,24020,卖盘
526,10:13:37,4.7,0.0,27,12690,卖盘
527,10:13:43,4.69,-0.01,118,55411,卖盘
528,10:13:49,4.69,0.0,171,80240,卖盘
529,10:13:55,4.71,0.02,395,186045,买盘
530,10:13:58,4.71,0.0,16,7536,卖盘
531,10:14:07,4.71,0.0,10,4710,卖盘
532,10:14:34,4.71,0.0,12,5652,卖盘
533,10:14:40,4.72,0.01,8,3776,买盘
534,10:14:49,4.72,0.0,50,23600,买盘
535,10:15:01,4.72,0.0,338,159536,买盘
536,10:15:04,4.72,0.0,7,3304,卖盘
537,10:15:07,4.71,-0.01,55,25958,卖盘
538,10:15:13,4.72,0.01,10,4720,买盘
539,10:15:19,4.72,0.0,16,7552,买盘
540,10:15:25,4.72,0.0,10,4720,买盘
541,10:15:31,4.72,0.0,12,5664,买盘
542,10:15:58,4.73,0.01,80,37840,买盘
543,10:16:01,4.72,-0.01,43,20336,卖盘
544,10:16:07,4.72,0.0,100,47200,卖盘
545,10:16:13,4.72,0.0,19,8968,卖盘
546,10:16:22,4.72,0.0,5,2360,卖盘
547,10:16:25,4.72,0.0,140,66080,卖盘
548,10:16:40,4.72,0.0,131,61832,卖盘
549,10:16:49,4.72,0.0,50,23600,买盘
550,10:16:58,4.72,0.0,700,330400,买盘
551,10:17:01,4.72,0.0,368,173696,买盘
552,10:17:22,4.72,0.0,40,18880,卖盘
553,10:17:25,4.72,0.0,176,83092,卖盘
554,10:17:28,4.72,0.0,64,30208,卖盘
555,10:17:34,4.72,0.0,50,23600,卖盘
556,10:17:37,4.72,0.0,135,63720,卖盘
557,10:17:40,4.72,0.0,40,18880,买盘
558,10:17:55,4.71,-0.01,50,23550,卖盘
559,10:17:58,4.71,0.0,632,297781,卖盘
560,10:18:04,4.72,0.01,108,50869,买盘
561,10:18:16,4.71,-0.01,5,2355,买盘
562,10:18:22,4.71,0.0,10,4710,卖盘
563,10:18:40,4.72,0.01,50,23600,买盘
564,10:18:43,4.71,-0.01,9,4239,卖盘
565,10:18:46,4.71,0.0,200,94200,卖盘
566,10:18:49,4.72,0.01,11,5192,买盘
567,10:18:52,4.72,0.0,360,169820,买盘
568,10:19:10,4.72,0.0,1,472,买盘
569,10:19:22,4.72,0.0,3,1414,买盘
570,10:19:25,4.7,-0.02,2,705,卖盘
571,10:19:28,4.71,0.01,1,471,买盘
572,10:19:40,4.7,-0.01,49,23039,卖盘
573,10:19:46,4.71,0.01,62,29202,买盘
574,10:20:13,4.7,-0.01,33,15510,卖盘
575,10:20:25,4.71,0.01,90,42390,买盘
576,10:20:43,4.71,0.0,5,2355,买盘
577,10:20:46,4.7,-0.01,70,32900,卖盘
578,10:20:49,4.71,0.01,7,3297,买盘
579,10:20:54,4.71,0.0,54,25434,买盘
580,10:21:04,4.7,-0.01,10,4700,卖盘
581,10:21:16,4.71,0.01,22,10362,买盘
582,10:21:22,4.71,0.0,47,22137,买盘
583,10:21:25,4.71,0.0,10,4710,买盘
584,10:21:28,4.7,-0.01,30,14100,卖盘
585,10:21:31,4.71,0.01,188,88568,买盘
586,10:21:34,4.71,0.0,165,77715,卖盘
587,10:21:40,4.71,0.0,93,43803,买盘
588,10:21:43,4.7,-0.01,4,1880,卖盘
589,10:21:46,4.71,0.01,75,35325,买盘
590,10:21:52,4.71,0.0,40,18840,买盘
591,10:21:55,4.71,0.0,60,28260,买盘
592,10:21:57,4.71,0.0,3,1413,买盘
593,10:22:13,4.72,0.01,7,3304,买盘
594,10:22:22,4.72,0.0,7,3304,买盘
595,10:22:31,4.72,0.0,7,3304,买盘
596,10:22:34,4.71,-0.01,4,1884,卖盘
597,10:22:36,4.71,0.0,294,138474,卖盘
598,10:22:40,4.71,0.0,10,4710,买盘
599,10:22:46,4.71,0.0,40,18840,买盘
600,10:22:52,4.7,-0.01,10,4700,卖盘
601,10:22:57,4.71,0.01,67,31557,买盘
602,10:23:01,4.7,-0.01,548,258024,卖盘
603,10:23:07,4.7,0.0,1,470,卖盘
604,10:23:16,4.7,0.0,100,47000,卖盘
605,10:23:24,4.71,0.01,50,23550,买盘
606,10:23:52,4.71,0.0,1,471,买盘
607,10:23:55,4.71,0.0,20,9420,买盘
608,10:24:04,4.71,0.0,40,18840,买盘
609,10:24:07,4.7,-0.01,10,4700,卖盘
610,10:24:16,4.71,0.01,179,84309,买盘
611,10:24:19,4.71,0.0,21,9891,卖盘
612,10:24:37,4.71,0.0,19,8949,买盘
613,10:24:52,4.71,0.0,6,2826,买盘
614,10:24:55,4.7,-0.01,69,32490,卖盘
615,10:25:01,4.7,0.0,1,470,卖盘
616,10:25:07,4.7,0.0,2,940,卖盘
617,10:25:16,4.7,0.0,80,37600,卖盘
618,10:25:25,4.7,0.0,10,4700,卖盘
619,10:26:01,4.71,0.01,10,4710,买盘
620,10:26:10,4.71,0.0,30,14130,买盘
621,10:26:19,4.71,0.0,20,9420,买盘
622,10:26:31,4.71,0.0,12,5652,买盘
623,10:26:49,4.71,0.0,178,83760,买盘
624,10:26:54,4.71,0.0,1,471,买盘
625,10:27:07,4.71,0.0,8,3768,买盘
626,10:27:10,4.72,0.01,1090,514202,买盘
627,10:27:28,4.72,0.0,200,94400,卖盘
628,10:27:31,4.72,0.0,2,944,卖盘
629,10:27:33,4.73,0.01,200,94600,买盘
630,10:27:43,4.72,-0.01,10,4720,卖盘
631,10:27:49,4.72,0.0,5,2360,卖盘
632,10:27:58,4.72,0.0,7,3304,卖盘
633,10:28:01,4.72,0.0,20,9440,卖盘
634,10:28:04,4.72,0.0,10,4720,卖盘
635,10:28:07,4.73,0.01,200,94600,买盘
636,10:28:09,4.72,-0.01,63,29736,卖盘
637,10:28:13,4.72,0.0,8,3776,买盘
638,10:28:19,4.71,-0.01,85,40035,卖盘
639,10:28:28,4.72,0.01,10,4720,买盘
640,10:28:37,4.72,0.0,323,152456,买盘
641,10:28:39,4.72,0.0,40,18880,卖盘
642,10:28:49,4.72,0.0,10,4720,卖盘
643,10:29:01,4.72,0.0,30,14160,卖盘
644,10:29:16,4.72,0.0,10,4720,卖盘
645,10:29:37,4.72,0.0,6,2832,卖盘
646,10:30:01,4.72,0.0,100,47200,卖盘
647,10:30:09,4.73,0.01,2,946,买盘
648,10:30:13,4.73,0.0,22,10406,买盘
649,10:30:34,4.73,0.0,12,5676,买盘
650,10:30:40,4.73,0.0,205,96659,买盘
651,10:30:52,4.73,0.0,40,18920,买盘
652,10:31:07,4.72,-0.01,6,2833,卖盘
653,10:31:13,4.73,0.01,200,94600,买盘
654,10:31:19,4.73,0.0,10,4730,买盘
655,10:31:28,4.73,0.0,14,6622,买盘
656,10:31:31,4.73,0.0,59,27907,买盘
657,10:31:49,4.72,-0.01,5,2360,卖盘
658,10:31:52,4.72,0.0,10,4720,卖盘
659,10:31:55,4.73,0.01,60,28380,买盘
660,10:31:58,4.72,-0.01,110,52020,卖盘
661,10:32:01,4.72,0.0,10,4720,卖盘
662,10:32:07,4.72,0.0,25,11800,卖盘
663,10:32:13,4.73,0.01,12,5676,买盘
664,10:32:19,4.72,-0.01,1,472,卖盘
665,10:32:25,4.73,0.01,576,272448,买盘
666,10:32:40,4.73,0.0,169,79937,买盘
667,10:32:49,4.73,0.0,63,29799,买盘
668,10:32:55,4.73,0.0,10,4730,买盘
669,10:33:01,4.73,0.0,49,23177,卖盘
670,10:33:10,4.73,0.0,171,80883,卖盘
671,10:33:16,4.73,0.0,100,47300,买盘
672,10:33:49,4.72,-0.01,5,2360,卖盘
673,10:34:01,4.73,0.01,20,9460,买盘
674,10:34:04,4.72,-0.01,200,94400,卖盘
675,10:34:10,4.72,0.0,10,4720,卖盘
676,10:34:16,4.72,0.0,100,47200,卖盘
677,10:34:19,4.72,0.0,120,56640,卖盘
678,10:34:22,4.73,0.01,31,14653,买盘
679,10:34:24,4.72,-0.01,108,50976,卖盘
680,10:34:28,4.71,-0.01,18,8478,卖盘
681,10:34:34,4.72,0.01,100,47200,买盘
682,10:34:40,4.71,-0.01,18,8478,卖盘
683,10:34:43,4.72,0.01,5,2360,买盘
684,10:34:46,4.71,-0.01,10,4710,卖盘
685,10:34:49,4.71,0.0,10,4710,卖盘
686,10:35:01,4.71,0.0,70,32970,卖盘
687,10:35:07,4.72,0.01,50,23600,买盘
688,10:35:13,4.72,0.0,50,23600,买盘
689,10:35:25,4.71,-0.01,100,47100,卖盘
690,10:35:28,4.72,0.01,229,108088,买盘
691,10:35:49,4.72,0.0,100,47200,买盘
692,10:35:55,4.72,0.0,50,23600,买盘
693,10:35:58,4.72,0.0,30,14160,买盘
694,10:36:04,4.72,0.0,69,32568,买盘
695,10:36:10,4.72,0.0,25,11800,买盘
696,10:36:13,4.72,0.0,67,31624,买盘
697,10:36:16,4.72,0.0,2,944,卖盘
698,10:36:25,4.72,0.0,40,18880,卖盘
699,10:36:28,4.72,0.0,54,25488,卖盘
700,10:36:39,4.73,0.01,26,12298,买盘
701,10:36:46,4.72,-0.01,76,35872,卖盘
702,10:36:49,4.73,0.01,10,4730,买盘
703,10:36:58,4.72,-0.01,248,117056,卖盘
704,10:37:04,4.72,0.0,30,14160,卖盘
705,10:37:10,4.72,0.0,47,22184,买盘
706,10:37:16,4.72,0.0,50,23600,买盘
707,10:37:22,4.72,0.0,20,9440,买盘
708,10:37:25,4.72,0.0,1,472,买盘
709,10:37:34,4.72,0.0,47,22184,买盘
710,10:37:43,4.71,-0.01,45,21200,卖盘
711,10:37:49,4.72,0.01,50,23600,买盘
712,10:38:13,4.71,-0.01,100,47100,卖盘
713,10:38:19,4.72,0.01,6,2832,买盘
714,10:38:34,4.71,-0.01,60,28260,卖盘
715,10:38:55,4.72,0.01,5,2360,买盘
716,10:38:58,4.72,0.0,10,4715,买盘
717,10:39:01,4.71,-0.01,50,23550,卖盘
718,10:39:04,4.71,0.0,100,47100,卖盘
719,10:39:10,4.72,0.01,52,24531,买盘
720,10:39:34,4.72,0.0,2,944,买盘
721,10:39:52,4.72,0.0,239,112808,买盘
722,10:40:01,4.72,0.0,33,15576,买盘
723,10:40:07,4.72,0.0,90,42480,买盘
724,10:40:13,4.71,-0.01,276,129996,卖盘
725,10:40:22,4.71,0.0,437,205827,卖盘
726,10:40:25,4.71,0.0,891,419961,卖盘
727,10:40:31,4.71,0.0,240,113040,买盘
728,10:40:40,4.71,0.0,20,9420,买盘
729,10:41:01,4.7,-0.01,98,46108,卖盘
730,10:41:13,4.7,0.0,90,42300,卖盘
731,10:41:22,4.7,0.0,60,28200,卖盘
732,10:41:25,4.7,0.0,90,42300,卖盘
733,10:41:28,4.7,0.0,1,470,卖盘
734,10:41:34,4.7,0.0,33,15510,卖盘
735,10:41:37,4.71,0.01,50,23550,买盘
736,10:41:42,4.7,-0.01,10,4700,卖盘
737,10:41:51,4.7,0.0,9,4230,卖盘
738,10:41:58,4.7,0.0,81,38070,卖盘
739,10:42:01,4.7,0.0,5,2350,卖盘
740,10:42:07,4.7,0.0,50,23500,卖盘
741,10:42:19,4.7,0.0,25,11750,卖盘
742,10:42:25,4.7,0.0,1,470,卖盘
743,10:42:28,4.7,0.0,5,2350,卖盘
744,10:42:43,4.7,0.0,20,9400,卖盘
745,10:42:52,4.7,0.0,107,50311,卖盘
746,10:43:13,4.7,0.0,25,11750,卖盘
747,10:43:19,4.7,0.0,50,23500,卖盘
748,10:43:24,4.7,0.0,31,14570,卖盘
749,10:43:28,4.7,0.0,5,2350,卖盘
750,10:43:31,4.7,0.0,32,15040,卖盘
751,10:43:40,4.7,0.0,100,47000,卖盘
752,10:43:48,4.71,0.01,4,1881,买盘
753,10:44:15,4.71,0.0,30,14130,买盘
754,10:44:19,4.71,0.0,534,251514,买盘
755,10:44:21,4.71,0.0,1,471,卖盘
756,10:44:34,4.71,0.0,5,2355,卖盘
757,10:44:40,4.71,0.0,10,4710,卖盘
758,10:44:49,4.71,0.0,2,942,卖盘
759,10:44:55,4.71,0.0,51,24021,卖盘
760,10:44:58,4.71,0.0,150,70650,卖盘
761,10:45:07,4.71,0.0,100,47100,卖盘
762,10:45:43,4.71,0.0,2,942,卖盘
763,10:45:55,4.71,0.0,10,4710,卖盘
764,10:45:58,4.72,0.01,30,14160,买盘
765,10:46:13,4.71,-0.01,10,4710,卖盘
766,10:46:37,4.71,0.0,5,2355,卖盘
767,10:46:43,4.71,0.0,10,4710,卖盘
768,10:46:55,4.71,0.0,20,9420,卖盘
769,10:47:00,4.71,0.0,62,29202,卖盘
770,10:47:04,4.7,-0.01,519,244061,卖盘
771,10:47:09,4.71,0.01,3,1413,卖盘
772,10:47:12,4.71,0.0,13,6123,卖盘
773,10:47:25,4.7,-0.01,8,3995,卖盘
774,10:47:39,4.69,-0.01,875,410375,卖盘
775,10:48:04,4.69,0.0,23,10787,买盘
776,10:48:09,4.68,-0.01,11,5148,卖盘
777,10:48:12,4.69,0.01,94,44086,买盘
778,10:48:16,4.69,0.0,50,23450,买盘
779,10:48:19,4.69,0.0,10,4690,买盘
780,10:48:22,4.69,0.0,20,9380,买盘
781,10:48:25,4.69,0.0,1,469,买盘
782,10:48:34,4.69,0.0,10,4690,卖盘
783,10:48:39,4.69,0.0,124,58156,卖盘
784,10:48:49,4.69,0.0,9,4221,卖盘
785,10:49:25,4.69,0.0,8,3752,卖盘
786,10:49:33,4.69,0.0,600,281400,卖盘
787,10:49:49,4.69,0.0,158,74102,卖盘
788,10:50:06,4.68,-0.01,12,5625,卖盘
789,10:50:16,4.68,0.0,2,936,卖盘
790,10:50:19,4.69,0.01,321,150549,买盘
791,10:50:22,4.69,0.0,8,3752,卖盘
792,10:50:31,4.68,-0.01,1000,468143,卖盘
793,10:51:04,4.69,0.01,300,140700,卖盘
794,10:51:16,4.69,0.0,105,49245,卖盘
795,10:51:49,4.7,0.01,16,7520,买盘
796,10:51:52,4.69,-0.01,16,7504,卖盘
797,10:51:55,4.69,0.0,615,288535,卖盘
798,10:51:58,4.69,0.0,5,2345,买盘
799,10:52:25,4.7,0.01,100,47000,买盘
800,10:52:27,4.7,0.0,25,11750,买盘
801,10:52:31,4.7,0.0,60,28200,买盘
802,10:52:34,4.7,0.0,10,4700,买盘
803,10:52:37,4.7,0.0,62,29140,买盘
804,10:52:40,4.7,0.0,57,26790,买盘
805,10:52:46,4.7,0.0,250,117500,买盘
806,10:52:49,4.7,0.0,41,19035,买盘
807,10:53:06,4.7,0.0,7,3295,卖盘
808,10:53:16,4.7,0.0,43,20210,卖盘
809,10:53:40,4.7,0.0,7,3290,卖盘
810,10:53:55,4.7,0.0,63,29610,卖盘
811,10:53:58,4.7,0.0,199,93765,卖盘
812,10:54:13,4.7,0.0,44,20680,买盘
813,10:54:19,4.7,0.0,150,70500,买盘
814,10:54:22,4.69,-0.01,800,375200,卖盘
815,10:54:43,4.69,0.0,55,25795,卖盘
816,10:54:46,4.7,0.01,109,50995,买盘
817,10:55:10,4.69,-0.01,593,278615,卖盘
818,10:55:22,4.69,0.0,75,34940,买盘
819,10:55:49,4.7,0.01,2,940,买盘
820,10:55:55,4.69,-0.01,1,469,卖盘
821,10:56:00,4.7,0.01,20,9400,买盘
822,10:56:13,4.69,-0.01,8,3752,卖盘
823,10:56:22,4.7,0.01,62,29140,买盘
824,10:56:34,4.7,0.0,152,71440,卖盘
825,10:56:40,4.7,0.0,21,9870,卖盘
826,10:57:22,4.71,0.01,248,116808,买盘
827,10:57:27,4.7,-0.01,34,15980,卖盘
828,10:57:49,4.72,0.02,1137,535687,买盘
829,10:58:13,4.72,0.0,68,32096,买盘
830,10:58:22,4.71,-0.01,2,942,卖盘
831,10:58:42,4.71,0.0,96,45236,卖盘
832,10:58:49,4.71,0.0,50,23550,买盘
833,10:59:19,4.71,0.0,118,55578,买盘
834,10:59:25,4.71,0.0,5,2355,买盘
835,10:59:31,4.7,-0.01,30,14100,卖盘
836,10:59:37,4.71,0.01,166,78170,买盘
837,10:59:48,4.71,0.0,6,2826,买盘
838,11:00:06,4.71,0.0,53,24963,买盘
839,11:00:33,4.71,0.0,4,1648,买盘
840,11:00:43,4.71,0.0,27,12717,卖盘
841,11:00:52,4.71,0.0,80,37916,卖盘
842,11:00:54,4.71,0.0,5,2355,买盘
843,11:01:04,4.71,0.0,30,14130,买盘
844,11:01:40,4.7,-0.01,116,54520,卖盘
845,11:02:01,4.7,0.0,50,23500,卖盘
846,11:02:07,4.7,0.0,120,56500,卖盘
847,11:02:22,4.7,0.0,25,11750,卖盘
848,11:02:34,4.7,0.0,24,11280,卖盘
849,11:02:52,4.71,0.01,3,1413,买盘
850,11:03:13,4.71,0.0,17,8007,买盘
851,11:03:22,4.71,0.0,87,40742,买盘
852,11:03:25,4.72,0.01,50,23600,买盘
853,11:03:49,4.72,0.0,119,56168,买盘
854,11:03:52,4.72,0.0,39,18408,买盘
855,11:04:01,4.72,0.0,316,149152,买盘
856,11:04:06,4.71,-0.01,10,4710,卖盘
857,11:04:10,4.72,0.01,855,403560,买盘
858,11:04:13,4.72,0.0,100,47200,卖盘
859,11:04:43,4.72,0.0,6,2832,卖盘
860,11:04:55,4.72,0.0,50,23600,卖盘
861,11:05:43,4.72,0.0,15,7080,卖盘
862,11:05:51,4.73,0.01,54,25542,买盘
863,11:06:10,4.73,0.0,2,946,买盘
864,11:06:13,4.73,0.0,212,100276,买盘
865,11:06:16,4.73,0.0,100,47300,买盘
866,11:06:34,4.73,0.0,2,946,买盘
867,11:06:40,4.73,0.0,15,7095,买盘
868,11:06:43,4.73,0.0,65,30745,买盘
869,11:06:49,4.73,0.0,10,4730,买盘
870,11:06:52,4.73,0.0,60,28380,买盘
871,11:06:55,4.73,0.0,112,52876,买盘
872,11:07:04,4.73,0.0,500,236500,买盘
873,11:07:13,4.73,0.0,60,28380,买盘
874,11:07:16,4.73,0.0,80,37840,买盘
875,11:07:19,4.73,0.0,161,76153,买盘
876,11:07:31,4.72,-0.01,6,2832,卖盘
877,11:07:34,4.73,0.01,50,23650,买盘
878,11:07:37,4.72,-0.01,15,7080,卖盘
879,11:07:46,4.73,0.01,20,9460,买盘
880,11:07:49,4.72,-0.01,157,74145,卖盘
881,11:07:58,4.73,0.01,53,25069,买盘
882,11:08:10,4.72,-0.01,22,10384,卖盘
883,11:08:28,4.72,0.0,60,28370,卖盘
884,11:08:37,4.72,0.0,1,472,卖盘
885,11:09:04,4.73,0.01,100,47300,买盘
886,11:09:10,4.72,-0.01,1,472,卖盘
887,11:09:31,4.72,0.0,104,49088,卖盘
888,11:09:40,4.73,0.01,22,10406,买盘
889,11:09:49,4.72,-0.01,56,26432,卖盘
890,11:10:04,4.72,0.0,1,472,卖盘
891,11:10:22,4.72,0.0,15,7080,卖盘
892,11:10:25,4.72,0.0,1,472,卖盘
893,11:10:30,4.72,0.0,20,9440,卖盘
894,11:10:33,4.72,0.0,25,11800,卖盘
895,11:11:04,4.72,0.0,40,18880,卖盘
896,11:11:10,4.72,0.0,189,89208,卖盘
897,11:11:19,4.72,0.0,20,9440,卖盘
898,11:11:28,4.72,0.0,117,55224,卖盘
899,11:11:31,4.72,0.0,360,169920,卖盘
900,11:11:40,4.72,0.0,120,56640,卖盘
901,11:11:45,4.72,0.0,50,23600,卖盘
902,11:11:55,4.72,0.0,200,94400,卖盘
903,11:12:01,4.72,0.0,49,23128,卖盘
904,11:12:04,4.72,0.0,98,46256,卖盘
905,11:12:16,4.72,0.0,20,9440,卖盘
906,11:12:22,4.72,0.0,36,16756,卖盘
907,11:12:28,4.72,0.0,1,472,买盘
908,11:12:43,4.72,0.0,2,944,买盘
909,11:13:01,4.72,0.0,79,37288,买盘
910,11:13:22,4.72,0.0,1,472,买盘
911,11:13:33,4.72,0.0,10,4720,买盘
912,11:13:49,4.72,0.0,11,5192,买盘
913,11:14:01,4.71,-0.01,20,9420,卖盘
914,11:14:06,4.71,0.0,2,942,卖盘
915,11:14:19,4.71,0.0,25,11775,卖盘
916,11:14:37,4.72,0.01,20,9440,买盘
917,11:15:22,4.71,-0.01,2,942,卖盘
918,11:15:45,4.71,0.0,204,96084,卖盘
919,11:15:48,4.71,0.0,64,30380,卖盘
920,11:16:10,4.71,0.0,4,1884,卖盘
921,11:16:37,4.71,0.0,2,942,卖盘
922,11:17:01,4.71,0.0,3,1413,卖盘
923,11:17:13,4.71,0.0,20,9420,卖盘
924,11:17:15,4.71,0.0,20,9420,卖盘
925,11:17:48,4.71,0.0,2,942,卖盘
926,11:18:01,4.71,0.0,20,9420,卖盘
927,11:18:10,4.71,0.0,1,471,卖盘
928,11:18:19,4.72,0.01,5,2360,买盘
929,11:18:28,4.72,0.0,1100,519200,买盘
930,11:19:13,4.72,0.0,20,9440,买盘
931,11:19:22,4.72,0.0,100,47200,买盘
932,11:19:24,4.72,0.0,2,944,买盘
933,11:20:09,4.72,0.0,100,47200,买盘
934,11:20:22,4.72,0.0,1,472,买盘
935,11:20:33,4.72,0.0,38,17927,买盘
936,11:20:37,4.72,0.0,14,6608,卖盘
937,11:20:52,4.73,0.01,10,4730,买盘
938,11:20:54,4.72,-0.01,1,472,卖盘
939,11:20:57,4.72,0.0,12,5673,卖盘
940,11:21:06,4.72,0.0,50,23591,买盘
941,11:21:16,4.73,0.01,54,25542,买盘
942,11:21:25,4.72,-0.01,2,944,卖盘
943,11:21:36,4.73,0.01,62,29326,买盘
944,11:21:40,4.72,-0.01,105,49560,卖盘
945,11:21:58,4.73,0.01,150,70950,买盘
946,11:22:13,4.73,0.0,20,9460,买盘
947,11:22:16,4.73,0.0,50,23650,买盘
948,11:22:19,4.72,-0.01,171,80712,卖盘
949,11:22:22,4.73,0.01,1,473,买盘
950,11:22:49,4.73,0.0,100,47300,买盘
951,11:22:52,4.73,0.0,150,70950,买盘
952,11:22:54,4.71,-0.02,32,15100,卖盘
953,11:23:46,4.72,0.01,10,4720,卖盘
954,11:23:54,4.73,0.01,110,52020,买盘
955,11:23:58,4.72,-0.01,181,85432,卖盘
956,11:24:39,4.73,0.01,500,236500,买盘
957,11:24:51,4.73,0.0,86,40678,买盘
958,11:25:12,4.74,0.01,1444,684456,买盘
959,11:25:22,4.74,0.0,5,2370,卖盘
960,11:25:31,4.75,0.01,1600,760000,买盘
961,11:25:34,4.74,-0.01,130,61620,卖盘
962,11:25:40,4.74,0.0,5,2370,卖盘
963,11:25:43,4.75,0.01,200,95000,买盘
964,11:25:49,4.74,-0.01,215,101977,卖盘
965,11:25:52,4.73,-0.01,56,26538,卖盘
966,11:25:55,4.75,0.02,44,20900,买盘
967,11:26:04,4.75,0.0,177,84022,买盘
968,11:26:07,4.75,0.0,20,9500,买盘
969,11:26:10,4.75,0.0,184,87400,买盘
970,11:26:25,4.74,-0.01,79,37446,卖盘
971,11:26:28,4.74,0.0,39,18486,买盘
972,11:26:33,4.74,0.0,12,5688,买盘
973,11:26:37,4.74,0.0,35,16590,买盘
974,11:26:40,4.73,-0.01,49,23216,卖盘
975,11:26:43,4.74,0.01,27,12798,买盘
976,11:26:49,4.74,0.0,10,4740,买盘
977,11:26:52,4.74,0.0,98,46452,买盘
978,11:26:58,4.74,0.0,3,1422,买盘
979,11:27:01,4.74,0.0,142,67308,买盘
980,11:27:04,4.74,0.0,13,6162,买盘
981,11:27:07,4.74,0.0,2,948,卖盘
982,11:27:16,4.74,0.0,20,9480,卖盘
983,11:27:22,4.75,0.01,500,237500,买盘
984,11:27:25,4.75,0.0,20,9500,买盘
985,11:27:36,4.75,0.0,200,95000,买盘
986,11:27:49,4.74,-0.01,25,11850,卖盘
987,11:27:52,4.75,0.01,51,24225,买盘
988,11:28:10,4.75,0.0,34,16150,买盘
989,11:28:13,4.75,0.0,60,28490,买盘
990,11:28:16,4.75,0.0,808,383938,买盘
991,11:28:19,4.75,0.0,40,19000,卖盘
992,11:28:22,4.76,0.01,24,11424,买盘
993,11:28:27,4.76,0.0,23,10948,买盘
994,11:28:34,4.76,0.0,50,23800,买盘
995,11:28:37,4.75,-0.01,119,56616,卖盘
996,11:28:43,4.76,0.01,100,47600,买盘
997,11:28:49,4.75,-0.01,9,4275,卖盘
998,11:28:52,4.76,0.01,9,4284,买盘
999,11:28:55,4.75,-0.01,21,9975,卖盘
1000,11:29:06,4.75,0.0,183,86925,卖盘
1001,11:29:12,4.75,0.0,569,270138,卖盘
1002,11:29:25,4.74,-0.01,10,4740,卖盘
1003,11:29:31,4.75,0.01,20,9500,买盘
1004,11:29:36,4.75,0.0,20,9500,买盘
1005,13:00:04,4.75,0.0,1,475,买盘
1006,13:00:07,4.75,0.0,410,194692,买盘
1007,13:00:10,4.74,-0.01,126,59844,卖盘
1008,13:00:13,4.75,0.01,78,37050,买盘
1009,13:00:31,4.74,-0.01,7,3318,卖盘
1010,13:00:34,4.75,0.01,12,5700,买盘
1011,13:00:49,4.74,-0.01,59,27966,卖盘
1012,13:00:52,4.74,0.0,14,6636,卖盘
1013,13:01:13,4.74,0.0,38,18012,卖盘
1014,13:01:16,4.75,0.01,50,23701,买盘
1015,13:01:22,4.74,-0.01,5,2370,卖盘
1016,13:01:25,4.74,0.0,12,5688,卖盘
1017,13:01:28,4.74,0.0,222,105228,卖盘
1018,13:01:30,4.75,0.01,1,475,买盘
1019,13:01:34,4.74,-0.01,21,9954,卖盘
1020,13:01:43,4.75,0.01,2,950,买盘
1021,13:01:52,4.74,-0.01,6,2844,卖盘
1022,13:01:58,4.74,0.0,18,8532,卖盘
1023,13:02:10,4.74,0.0,50,23700,买盘
1024,13:02:16,4.74,0.0,100,47400,买盘
1025,13:02:22,4.74,0.0,60,28440,买盘
1026,13:02:30,4.74,0.0,61,28903,买盘
1027,13:02:45,4.74,0.0,132,62568,买盘
1028,13:02:49,4.74,0.0,50,23700,卖盘
1029,13:03:01,4.74,0.0,10,4740,卖盘
1030,13:03:04,4.74,0.0,1,474,卖盘
1031,13:03:06,4.74,0.0,50,23700,卖盘
1032,13:03:10,4.74,0.0,70,33180,卖盘
1033,13:03:13,4.74,0.0,7,3318,卖盘
1034,13:03:18,4.74,0.0,3,1422,卖盘
1035,13:03:22,4.75,0.01,110,52205,买盘
1036,13:03:42,4.74,-0.01,6,2844,卖盘
1037,13:03:52,4.74,0.0,11,5214,卖盘
1038,13:04:01,4.74,0.0,2,948,卖盘
1039,13:04:15,4.74,0.0,139,66005,卖盘
1040,13:04:24,4.74,0.0,20,9480,卖盘
1041,13:04:27,4.74,0.0,10,4740,卖盘
1042,13:04:43,4.74,0.0,109,51666,卖盘
1043,13:04:52,4.75,0.01,2,950,买盘
1044,13:05:13,4.75,0.0,60,28480,买盘
1045,13:05:16,4.74,-0.01,10,4740,卖盘
1046,13:05:37,4.74,0.0,2,948,卖盘
1047,13:05:40,4.74,0.0,177,83898,卖盘
1048,13:05:58,4.74,0.0,87,41238,卖盘
1049,13:06:19,4.74,0.0,103,48822,买盘
1050,13:06:27,4.74,0.0,20,9480,卖盘
1051,13:06:40,4.74,0.0,50,23700,卖盘
1052,13:06:49,4.74,0.0,2,948,卖盘
1053,13:07:07,4.74,0.0,12,5688,卖盘
1054,13:07:19,4.74,0.0,183,86742,卖盘
1055,13:07:31,4.75,0.01,30,14250,买盘
1056,13:07:34,4.74,-0.01,90,42660,卖盘
1057,13:07:52,4.74,0.0,30,14220,卖盘
1058,13:08:01,4.74,0.0,2,948,卖盘
1059,13:08:06,4.75,0.01,42,19950,买盘
1060,13:08:13,4.74,-0.01,5,2370,卖盘
1061,13:08:42,4.75,0.01,14,6650,买盘
1062,13:09:07,4.75,0.0,30,14250,买盘
1063,13:09:13,4.75,0.0,10,4750,买盘
1064,13:09:16,4.75,0.0,12,5698,买盘
1065,13:09:22,4.75,0.0,10,4750,买盘
1066,13:09:31,4.75,0.0,100,47500,买盘
1067,13:09:46,4.75,0.0,22,10450,买盘
1068,13:10:04,4.75,0.0,25,11875,买盘
1069,13:10:19,4.74,-0.01,481,228244,卖盘
1070,13:10:28,4.75,0.01,50,23750,买盘
1071,13:10:30,4.74,-0.01,2,948,卖盘
1072,13:10:37,4.74,0.0,13,6162,卖盘
1073,13:10:40,4.74,0.0,20,9480,卖盘
1074,13:10:49,4.75,0.01,666,316350,买盘
1075,13:10:55,4.75,0.0,1,475,买盘
1076,13:10:57,4.74,-0.01,17,8058,卖盘
1077,13:11:04,4.74,0.0,221,104754,卖盘
1078,13:11:12,4.75,0.01,100,47500,买盘
1079,13:11:25,4.75,0.0,5,2375,买盘
1080,13:11:52,4.74,-0.01,200,94800,卖盘
1081,13:11:54,4.75,0.01,141,66975,买盘
1082,13:12:10,4.74,-0.01,20,9480,卖盘
1083,13:12:16,4.75,0.01,621,294975,买盘
1084,13:12:18,4.75,0.0,30,14250,买盘
1085,13:12:24,4.74,-0.01,10,4740,卖盘
1086,13:12:36,4.75,0.01,308,146300,买盘
1087,13:12:46,4.75,0.0,276,131100,买盘
1088,13:12:48,4.75,0.0,63,29925,买盘
1089,13:12:58,4.75,0.0,39,18525,卖盘
1090,13:13:01,4.75,0.0,71,33920,卖盘
1091,13:13:07,4.75,0.0,3,1230,卖盘
1092,13:13:10,4.75,0.0,20,9500,卖盘
1093,13:13:13,4.75,0.0,5,2375,买盘
1094,13:13:22,4.75,0.0,24,11382,买盘
1095,13:13:25,4.75,0.0,180,85500,买盘
1096,13:13:31,4.74,-0.01,45,21330,卖盘
1097,13:13:49,4.75,0.01,100,47500,买盘
1098,13:13:52,4.74,-0.01,120,56900,卖盘
1099,13:13:58,4.74,0.0,20,9480,卖盘
1100,13:14:04,4.74,0.0,1,474,卖盘
1101,13:14:09,4.75,0.01,53,25175,买盘
1102,13:14:19,4.74,-0.01,10,4740,卖盘
1103,13:14:28,4.74,0.0,10,4740,卖盘
1104,13:14:30,4.74,0.0,30,14220,卖盘
1105,13:14:57,4.75,0.01,25,11875,买盘
1106,13:15:25,4.75,0.0,100,47500,买盘
1107,13:15:28,4.74,-0.01,16,7584,卖盘
1108,13:15:37,4.75,0.01,10,4750,买盘
1109,13:15:40,4.75,0.0,1847,877325,买盘
1110,13:15:45,4.75,0.0,187,88825,卖盘
1111,13:15:54,4.75,0.0,10,4750,卖盘
1112,13:15:58,4.75,0.0,5,2375,卖盘
1113,13:16:04,4.75,0.0,10,4750,卖盘
1114,13:16:07,4.75,0.0,30,14250,卖盘
1115,13:16:10,4.75,0.0,10,4750,卖盘
1116,13:16:16,4.76,0.01,180,85502,买盘
1117,13:16:19,4.76,0.0,50,23800,买盘
1118,13:16:30,4.75,-0.01,11,5225,卖盘
1119,13:16:37,4.75,0.0,20,9500,卖盘
1120,13:16:40,4.76,0.01,1040,495030,买盘
1121,13:16:43,4.76,0.0,4,1904,买盘
1122,13:16:46,4.75,-0.01,321,152475,卖盘
1123,13:17:01,4.75,0.0,20,9500,卖盘
1124,13:17:09,4.75,0.0,16,7600,卖盘
1125,13:17:16,4.76,0.01,4,1904,买盘
1126,13:17:22,4.74,-0.02,158,75000,卖盘
1127,13:17:24,4.76,0.02,8,3808,买盘
1128,13:17:40,4.75,-0.01,4,1900,中性盘
1129,13:17:43,4.75,0.0,36,17100,卖盘
1130,13:17:46,4.75,0.0,40,19000,买盘
1131,13:17:49,4.74,-0.01,53,25132,卖盘
1132,13:18:04,4.74,0.0,200,94800,卖盘
1133,13:18:10,4.75,0.01,254,120650,买盘
1134,13:18:31,4.75,0.0,110,52250,买盘
1135,13:19:01,4.75,0.0,173,82175,买盘
1136,13:19:04,4.75,0.0,10,4750,卖盘
1137,13:19:06,4.75,0.0,5,2375,卖盘
1138,13:19:28,4.76,0.01,5,2380,买盘
1139,13:19:34,4.75,-0.01,16,7600,卖盘
1140,13:19:43,4.75,0.0,11,5225,卖盘
1141,13:19:46,4.75,0.0,18,8550,卖盘
1142,13:19:49,4.75,0.0,30,14250,卖盘
1143,13:19:52,4.75,0.0,6,2850,卖盘
1144,13:19:55,4.75,0.0,10,4750,卖盘
1145,13:19:58,4.75,0.0,11,5225,卖盘
1146,13:20:01,4.75,0.0,41,19475,卖盘
1147,13:20:04,4.75,0.0,18,8550,卖盘
1148,13:20:07,4.75,0.0,73,34691,卖盘
1149,13:20:19,4.75,0.0,404,191900,卖盘
1150,13:20:21,4.75,0.0,580,275500,卖盘
1151,13:20:37,4.75,0.0,371,176220,买盘
1152,13:20:40,4.75,0.0,2,950,卖盘
1153,13:20:43,4.75,0.0,10,4750,卖盘
1154,13:20:55,4.75,0.0,125,59375,卖盘
1155,13:20:57,4.75,0.0,22,10450,卖盘
1156,13:21:00,4.75,0.0,20,9500,卖盘
1157,13:21:10,4.75,0.0,54,25650,卖盘
1158,13:21:18,4.75,0.0,15,7125,卖盘
1159,13:21:28,4.75,0.0,10,4750,卖盘
1160,13:21:31,4.75,0.0,2,950,卖盘
1161,13:21:43,4.75,0.0,200,95000,卖盘
1162,13:21:55,4.75,0.0,417,198075,卖盘
1163,13:22:18,4.75,0.0,258,122550,买盘
1164,13:22:28,4.75,0.0,236,112100,卖盘
1165,13:22:46,4.75,0.0,2,950,卖盘
1166,13:22:49,4.75,0.0,4,1900,卖盘
1167,13:22:55,4.75,0.0,18,8550,卖盘
1168,13:23:04,4.75,0.0,100,47500,卖盘
1169,13:23:13,4.75,0.0,90,42750,卖盘
1170,13:23:19,4.75,0.0,22,10450,卖盘
1171,13:23:22,4.75,0.0,4,1900,卖盘
1172,13:23:28,4.75,0.0,60,28500,卖盘
1173,13:23:31,4.75,0.0,50,23750,卖盘
1174,13:23:34,4.75,0.0,46,21850,卖盘
1175,13:23:40,4.75,0.0,20,9500,卖盘
1176,13:23:46,4.75,0.0,30,14250,卖盘
1177,13:23:52,4.75,0.0,79,37525,卖盘
1178,13:23:55,4.75,0.0,23,10930,卖盘
1179,13:23:57,4.75,0.0,140,66600,卖盘
1180,13:24:07,4.74,-0.01,18,8532,卖盘
1181,13:24:31,4.74,0.0,10,4740,卖盘
1182,13:24:46,4.74,0.0,3,1422,卖盘
1183,13:24:54,4.74,0.0,51,24174,卖盘
1184,13:25:04,4.74,0.0,4,1896,卖盘
1185,13:25:10,4.74,0.0,2,948,卖盘
1186,13:25:13,4.74,0.0,114,54036,卖盘
1187,13:25:16,4.74,0.0,44,20856,卖盘
1188,13:25:24,4.74,0.0,50,23700,卖盘
1189,13:25:27,4.74,0.0,10,4740,卖盘
1190,13:25:31,4.74,0.0,174,82476,卖盘
1191,13:25:34,4.74,0.0,60,28440,卖盘
1192,13:25:40,4.74,0.0,50,23700,卖盘
1193,13:25:46,4.74,0.0,8,3792,卖盘
1194,13:25:49,4.74,0.0,337,159738,卖盘
1195,13:25:55,4.74,0.0,41,19434,卖盘
1196,13:26:22,4.73,-0.01,2,946,卖盘
1197,13:26:25,4.73,0.0,2,946,卖盘
1198,13:26:40,4.73,0.0,40,18920,卖盘
1199,13:26:43,4.73,0.0,107,50611,卖盘
1200,13:27:01,4.73,0.0,12,5676,卖盘
1201,13:27:10,4.73,0.0,111,52503,卖盘
1202,13:27:18,4.73,0.0,10,4730,卖盘
1203,13:27:28,4.73,0.0,4,1892,卖盘
1204,13:27:37,4.73,0.0,2,946,卖盘
1205,13:27:52,4.74,0.01,260,123240,买盘
1206,13:28:10,4.73,-0.01,21,9933,卖盘
1207,13:28:21,4.73,0.0,10,4730,卖盘
1208,13:28:34,4.74,0.01,787,373038,买盘
1209,13:28:48,4.74,0.0,22,10428,卖盘
1210,13:28:52,4.74,0.0,9,4266,卖盘
1211,13:29:01,4.75,0.01,44,20900,买盘
1212,13:29:30,4.75,0.0,20,9500,买盘
1213,13:30:10,4.74,-0.01,10,4740,卖盘
1214,13:30:39,4.74,0.0,14,6636,卖盘
1215,13:30:42,4.75,0.01,20,9500,买盘
1216,13:30:52,4.74,-0.01,3,1422,卖盘
1217,13:31:16,4.75,0.01,7,3325,买盘
1218,13:31:25,4.74,-0.01,109,51666,卖盘
1219,13:31:30,4.75,0.01,20,9500,买盘
1220,13:31:34,4.74,-0.01,28,13272,卖盘
1221,13:31:39,4.74,0.0,30,14220,卖盘
1222,13:31:55,4.75,0.01,50,23750,买盘
1223,13:31:58,4.75,0.0,20,9500,买盘
1224,13:32:01,4.74,-0.01,300,142200,卖盘
1225,13:32:12,4.74,0.0,38,18012,卖盘
1226,13:32:25,4.74,0.0,10,4740,卖盘
1227,13:32:37,4.74,0.0,50,23700,卖盘
1228,13:32:42,4.74,0.0,78,36972,卖盘
1229,13:32:45,4.74,0.0,500,237000,卖盘
1230,13:32:58,4.74,0.0,60,28440,卖盘
1231,13:33:01,4.74,0.0,162,76788,卖盘
1232,13:33:04,4.74,0.0,108,51192,卖盘
1233,13:33:25,4.74,0.0,37,17538,买盘
1234,13:34:04,4.74,0.0,20,9480,买盘
1235,13:34:22,4.73,-0.01,2,946,卖盘
1236,13:34:25,4.73,0.0,5,2365,卖盘
1237,13:34:39,4.74,0.01,40,18960,买盘
1238,13:35:16,4.73,-0.01,10,4730,卖盘
1239,13:35:18,4.74,0.01,48,22752,买盘
1240,13:35:37,4.73,-0.01,2,946,卖盘
1241,13:35:55,4.73,0.0,1,473,卖盘
1242,13:35:58,4.73,0.0,49,23177,卖盘
1243,13:36:13,4.73,0.0,3,1419,卖盘
1244,13:36:24,4.73,0.0,10,4730,卖盘
1245,13:36:46,4.73,0.0,2,946,卖盘
1246,13:37:19,4.73,0.0,10,4730,卖盘
1247,13:37:31,4.73,0.0,2,946,卖盘
1248,13:37:45,4.73,0.0,30,14190,卖盘
1249,13:37:48,4.73,0.0,20,9460,卖盘
1250,13:38:01,4.73,0.0,2,946,卖盘
1251,13:38:04,4.74,0.01,9,4266,买盘
1252,13:38:06,4.74,0.0,20,9480,买盘
1253,13:38:15,4.74,0.0,49,23226,买盘
1254,13:38:18,4.74,0.0,10,4740,买盘
1255,13:38:40,4.73,-0.01,200,94600,卖盘
1256,13:38:42,4.74,0.01,65,30810,买盘
1257,13:39:04,4.73,-0.01,61,28853,卖盘
1258,13:39:25,4.74,0.01,10,4740,买盘
1259,13:39:27,4.73,-0.01,620,293260,卖盘
1260,13:39:31,4.73,0.0,2,946,卖盘
1261,13:39:34,4.73,0.0,49,23177,卖盘
1262,13:39:40,4.73,0.0,41,19393,卖盘
1263,13:39:43,4.73,0.0,1,473,卖盘
1264,13:39:55,4.73,0.0,34,16082,卖盘
1265,13:40:04,4.73,0.0,70,33110,卖盘
1266,13:40:07,4.73,0.0,70,33110,卖盘
1267,13:40:13,4.73,0.0,11,5203,卖盘
1268,13:40:19,4.73,0.0,1,473,买盘
1269,13:40:31,4.72,-0.01,2,944,卖盘
1270,13:40:34,4.73,0.01,40,18920,买盘
1271,13:40:36,4.72,-0.01,87,41064,卖盘
1272,13:40:58,4.72,0.0,1089,514008,卖盘
1273,13:41:10,4.72,0.0,105,49560,卖盘
1274,13:41:28,4.72,0.0,6,2832,买盘
1275,13:41:31,4.72,0.0,25,11800,买盘
1276,13:41:43,4.72,0.0,22,10384,卖盘
1277,13:42:07,4.72,0.0,59,27848,卖盘
1278,13:42:10,4.72,0.0,10,4720,卖盘
1279,13:42:18,4.72,0.0,60,28320,卖盘
1280,13:42:22,4.72,0.0,20,9440,卖盘
1281,13:42:25,4.72,0.0,14,6608,卖盘
1282,13:42:28,4.72,0.0,3,1416,卖盘
1283,13:42:46,4.72,0.0,22,10384,卖盘
1284,13:42:58,4.72,0.0,2,944,卖盘
1285,13:43:01,4.72,0.0,51,24072,卖盘
1286,13:43:18,4.72,0.0,80,37760,卖盘
1287,13:43:43,4.71,-0.01,20,9420,卖盘
1288,13:44:06,4.72,0.01,9,4248,卖盘
1289,13:44:10,4.72,0.0,4,1886,买盘
1290,13:44:25,4.72,0.0,69,32568,买盘
1291,13:44:28,4.72,0.0,15,7080,卖盘
1292,13:44:37,4.72,0.0,8,3776,卖盘
1293,13:44:45,4.72,0.0,9,4248,卖盘
1294,13:44:55,4.73,0.01,15,7095,买盘
1295,13:45:04,4.73,0.0,7,3311,买盘
1296,13:45:22,4.72,-0.01,2,944,卖盘
1297,13:45:31,4.73,0.01,159,75207,买盘
1298,13:46:01,4.72,-0.01,1,472,卖盘
1299,13:46:28,4.72,0.0,120,56640,卖盘
1300,13:47:22,4.73,0.01,1,473,买盘
1301,13:47:33,4.73,0.0,109,51548,买盘
1302,13:47:49,4.73,0.0,16,7568,买盘
1303,13:48:13,4.73,0.0,3,1419,买盘
1304,13:48:16,4.73,0.0,180,85140,买盘
1305,13:48:31,4.73,0.0,7,3311,买盘
1306,13:49:19,4.72,-0.01,50,23600,卖盘
1307,13:49:22,4.72,0.0,150,70800,卖盘
1308,13:49:46,4.73,0.01,13,6149,买盘
1309,13:49:49,4.72,-0.01,29,13688,卖盘
1310,13:49:52,4.72,0.0,9,4251,卖盘
1311,13:49:55,4.73,0.01,2,946,买盘
1312,13:50:04,4.73,0.0,1,473,买盘
1313,13:50:09,4.72,-0.01,22,10384,卖盘
1314,13:50:16,4.72,0.0,5,2360,卖盘
1315,13:50:19,4.73,0.01,33,15609,买盘
1316,13:50:24,4.73,0.0,6,2838,买盘
1317,13:50:28,4.73,0.0,84,39732,买盘
1318,13:50:31,4.73,0.0,200,94600,买盘
1319,13:50:37,4.73,0.0,28,13244,买盘
1320,13:50:52,4.73,0.0,53,25069,买盘
1321,13:50:58,4.73,0.0,318,150414,买盘
1322,13:51:04,4.73,0.0,17,8041,买盘
1323,13:51:19,4.73,0.0,39,18447,买盘
1324,13:51:25,4.73,0.0,121,57233,买盘
1325,13:51:30,4.73,0.0,58,27434,买盘
1326,13:51:45,4.74,0.01,250,118500,买盘
1327,13:52:00,4.74,0.0,56,26544,买盘
1328,13:52:25,4.74,0.0,10,4740,买盘
1329,13:52:34,4.74,0.0,185,87690,买盘
1330,13:52:48,4.74,0.0,15,7110,买盘
1331,13:52:54,4.74,0.0,100,47400,买盘
1332,13:53:19,4.73,-0.01,175,82775,卖盘
1333,13:53:30,4.74,0.01,7,3318,买盘
1334,13:53:40,4.73,-0.01,106,50138,卖盘
1335,13:53:52,4.74,0.01,798,378252,买盘
1336,13:53:54,4.74,0.0,6,2844,卖盘
1337,13:53:58,4.74,0.0,10,4740,卖盘
1338,13:54:07,4.73,-0.01,1,473,卖盘
1339,13:54:28,4.73,0.0,301,142373,卖盘
1340,13:54:43,4.73,0.0,102,48246,卖盘
1341,13:54:49,4.73,0.0,65,30745,买盘
1342,13:55:10,4.72,-0.01,111,52392,卖盘
1343,13:55:22,4.73,0.01,21,9933,买盘
1344,13:55:34,4.72,-0.01,50,23600,卖盘
1345,13:56:07,4.72,0.0,15,7080,卖盘
1346,13:56:19,4.72,0.0,42,19824,卖盘
1347,13:56:28,4.72,0.0,30,14160,卖盘
1348,13:56:37,4.73,0.01,34,16082,买盘
1349,13:56:43,4.72,-0.01,10,4720,卖盘
1350,13:56:49,4.72,0.0,150,70800,卖盘
1351,13:56:58,4.72,0.0,10,4720,卖盘
1352,13:57:04,4.72,0.0,10,4720,卖盘
1353,13:57:22,4.72,0.0,43,20296,卖盘
1354,13:57:37,4.72,0.0,1,472,卖盘
1355,13:57:40,4.73,0.01,500,236500,买盘
1356,13:57:46,4.73,0.0,18,8514,买盘
1357,13:57:52,4.73,0.0,2,946,买盘
1358,13:57:58,4.73,0.0,20,9460,买盘
1359,13:58:07,4.73,0.0,30,14190,买盘
1360,13:58:18,4.73,0.0,36,17028,买盘
1361,13:58:22,4.73,0.0,2,946,卖盘
1362,13:58:49,4.73,0.0,4,1892,卖盘
1363,13:58:58,4.73,0.0,8,3784,卖盘
1364,13:59:19,4.73,0.0,6,2838,卖盘
1365,13:59:28,4.74,0.01,3,1422,买盘
1366,13:59:52,4.73,-0.01,270,127710,卖盘
1367,13:59:58,4.74,0.01,36,17064,买盘
1368,14:00:10,4.73,-0.01,254,120162,卖盘
1369,14:00:13,4.73,0.0,2,946,买盘
1370,14:00:25,4.73,0.0,10,4730,买盘
1371,14:00:28,4.73,0.0,20,9460,买盘
1372,14:00:49,4.72,-0.01,170,80240,卖盘
1373,14:00:52,4.73,0.01,57,26961,买盘
1374,14:01:01,4.73,0.0,206,97674,买盘
1375,14:01:07,4.73,0.0,67,31691,卖盘
1376,14:01:15,4.73,0.0,20,9460,卖盘
1377,14:01:36,4.73,0.0,200,94600,卖盘
1378,14:01:39,4.73,0.0,10,4730,卖盘
1379,14:01:54,4.73,0.0,10,4730,卖盘
1380,14:02:01,4.73,0.0,20,9460,卖盘
1381,14:02:07,4.73,0.0,89,41860,卖盘
1382,14:02:22,4.73,0.0,89,42334,买盘
1383,14:02:25,4.73,0.0,262,123926,卖盘
1384,14:02:31,4.73,0.0,10,4730,卖盘
1385,14:02:46,4.73,0.0,50,23650,卖盘
1386,14:03:00,4.73,0.0,8,3784,卖盘
1387,14:03:16,4.73,0.0,26,12298,卖盘
1388,14:03:25,4.73,0.0,24,11352,卖盘
1389,14:03:36,4.73,0.0,500,236500,卖盘
1390,14:03:58,4.73,0.0,50,23650,卖盘
1391,14:04:06,4.73,0.0,37,17501,卖盘
1392,14:04:10,4.73,0.0,5,2365,卖盘
1393,14:04:13,4.73,0.0,8,3548,卖盘
1394,14:04:25,4.74,0.01,20,9463,买盘
1395,14:04:31,4.73,-0.01,52,24596,买盘
1396,14:04:46,4.73,0.0,17,8041,卖盘
1397,14:05:04,4.72,-0.01,10,4720,卖盘
1398,14:05:13,4.72,0.0,6,2837,卖盘
1399,14:05:46,4.72,0.0,36,16992,卖盘
1400,14:05:55,4.73,0.01,200,94600,买盘
1401,14:06:07,4.72,-0.01,138,65136,卖盘
1402,14:06:10,4.72,0.0,1,472,卖盘
1403,14:06:31,4.72,0.0,551,260072,卖盘
1404,14:06:40,4.72,0.0,40,18880,卖盘
1405,14:06:49,4.72,0.0,15,7080,卖盘
1406,14:06:52,4.72,0.0,2,944,卖盘
1407,14:07:22,4.72,0.0,31,14632,卖盘
1408,14:07:28,4.72,0.0,35,16520,卖盘
1409,14:07:33,4.72,0.0,5,2360,卖盘
1410,14:07:52,4.72,0.0,5,2360,卖盘
1411,14:08:01,4.72,0.0,2,944,卖盘
1412,14:08:04,4.72,0.0,24,11328,卖盘
1413,14:08:10,4.72,0.0,5,2360,卖盘
1414,14:08:22,4.72,0.0,46,21712,卖盘
1415,14:08:25,4.72,0.0,5,2360,卖盘
1416,14:08:37,4.72,0.0,100,47200,卖盘
1417,14:08:54,4.72,0.0,30,14160,卖盘
1418,14:09:04,4.72,0.0,15,7080,卖盘
1419,14:09:07,4.72,0.0,5,2360,买盘
1420,14:09:13,4.72,0.0,9,4248,买盘
1421,14:09:16,4.71,-0.01,2,942,卖盘
1422,14:09:28,4.72,0.01,139,65608,买盘
1423,14:09:31,4.72,0.0,10,4720,卖盘
1424,14:09:34,4.72,0.0,90,42480,买盘
1425,14:09:51,4.73,0.01,2,946,买盘
1426,14:09:55,4.72,-0.01,67,31624,卖盘
1427,14:10:04,4.72,0.0,8,3776,卖盘
1428,14:10:07,4.73,0.01,660,312180,买盘
1429,14:10:19,4.72,-0.01,2,944,卖盘
1430,14:10:24,4.72,0.0,30,14160,卖盘
1431,14:10:34,4.72,0.0,100,47200,卖盘
1432,14:10:37,4.73,0.01,375,177375,买盘
1433,14:10:40,4.73,0.0,15,7095,卖盘
1434,14:10:49,4.73,0.0,5,2365,卖盘
1435,14:10:55,4.74,0.01,30,14220,买盘
1436,14:11:01,4.73,-0.01,29,13717,卖盘
1437,14:11:06,4.74,0.01,30,14220,买盘
1438,14:11:34,4.73,-0.01,50,23650,卖盘
1439,14:11:42,4.73,0.0,200,94600,卖盘
1440,14:11:55,4.73,0.0,14,6622,卖盘
1441,14:11:57,4.73,0.0,70,33110,卖盘
1442,14:12:07,4.74,0.01,21,9954,买盘
1443,14:12:12,4.73,-0.01,331,156563,卖盘
1444,14:12:55,4.72,-0.01,120,56660,卖盘
1445,14:13:10,4.73,0.01,60,28380,买盘
1446,14:13:28,4.73,0.0,150,70950,买盘
1447,14:13:36,4.73,0.0,20,9460,买盘
1448,14:14:07,4.73,0.0,10,4730,买盘
1449,14:14:21,4.72,-0.01,13,6136,卖盘
1450,14:14:37,4.72,0.0,550,259600,卖盘
1451,14:14:55,4.72,0.0,22,10384,卖盘
1452,14:15:04,4.72,0.0,5,2360,卖盘
1453,14:15:25,4.73,0.01,437,206464,买盘
1454,14:15:39,4.72,-0.01,59,27848,卖盘
1455,14:16:01,4.72,0.0,2,944,卖盘
1456,14:16:16,4.73,0.01,100,47300,买盘
1457,14:16:42,4.73,0.0,22,10406,买盘
1458,14:17:04,4.73,0.0,45,21285,买盘
1459,14:17:25,4.73,0.0,90,42570,买盘
1460,14:17:27,4.73,0.0,200,94600,买盘
1461,14:17:31,4.73,0.0,9,4257,买盘
1462,14:17:34,4.73,0.0,18,8514,买盘
1463,14:17:36,4.73,0.0,10,4730,买盘
1464,14:17:40,4.73,0.0,10,4730,买盘
1465,14:17:42,4.72,-0.01,39,18408,卖盘
1466,14:17:49,4.72,0.0,10,4720,卖盘
1467,14:17:52,4.73,0.01,54,25542,买盘
1468,14:17:55,4.73,0.0,90,42570,买盘
1469,14:17:58,4.73,0.0,10,4730,买盘
1470,14:18:00,4.73,0.0,5,2365,买盘
1471,14:18:13,4.72,-0.01,20,9440,卖盘
1472,14:18:24,4.73,0.01,4,1892,买盘
1473,14:18:31,4.73,0.0,40,18920,买盘
1474,14:18:43,4.73,0.0,38,17974,买盘
1475,14:18:49,4.73,0.0,8,3784,卖盘
1476,14:18:55,4.72,-0.01,96,45352,卖盘
1477,14:18:58,4.72,0.0,12,5664,卖盘
1478,14:19:07,4.72,0.0,14,6608,卖盘
1479,14:19:15,4.72,0.0,30,14160,卖盘
1480,14:19:22,4.73,0.01,20,9460,买盘
1481,14:20:04,4.72,-0.01,5,2360,卖盘
1482,14:20:37,4.72,0.0,7,3304,卖盘
1483,14:20:39,4.72,0.0,100,47200,卖盘
1484,14:21:07,4.72,0.0,35,16520,卖盘
1485,14:21:24,4.72,0.0,122,57584,卖盘
1486,14:21:43,4.73,0.01,87,41151,买盘
1487,14:22:01,4.72,-0.01,242,114224,卖盘
1488,14:22:07,4.72,0.0,15,7080,卖盘
1489,14:22:13,4.72,0.0,16,7552,卖盘
1490,14:22:24,4.73,0.01,35,16555,买盘
1491,14:22:28,4.72,-0.01,106,50032,卖盘
1492,14:23:10,4.71,-0.01,111,52281,卖盘
1493,14:23:46,4.71,0.0,11,5181,卖盘
1494,14:24:09,4.71,0.0,89,41919,卖盘
1495,14:24:19,4.71,0.0,208,97968,卖盘
1496,14:24:28,4.71,0.0,15,7065,卖盘
1497,14:24:31,4.71,0.0,2,942,卖盘
1498,14:24:36,4.71,0.0,122,57462,卖盘
1499,14:24:43,4.71,0.0,194,91374,卖盘
1500,14:24:49,4.71,0.0,39,18369,卖盘
1501,14:24:54,4.71,0.0,16,7545,卖盘
1502,14:25:22,4.7,-0.01,11,5170,卖盘
1503,14:25:46,4.7,0.0,2,940,卖盘
1504,14:26:01,4.7,0.0,148,69698,卖盘
1505,14:26:04,4.7,0.0,50,23500,卖盘
1506,14:26:06,4.7,0.0,127,59690,卖盘
1507,14:26:13,4.7,0.0,9,4230,卖盘
1508,14:26:25,4.71,0.01,50,23550,买盘
1509,14:26:28,4.7,-0.01,18,8460,卖盘
1510,14:26:30,4.7,0.0,50,23500,卖盘
1511,14:26:40,4.69,-0.01,1051,493593,卖盘
1512,14:26:54,4.7,0.01,82,38540,买盘
1513,14:27:04,4.7,0.0,19,8930,卖盘
1514,14:27:07,4.7,0.0,100,47000,卖盘
1515,14:27:13,4.7,0.0,10,4700,卖盘
1516,14:27:18,4.7,0.0,210,98700,卖盘
1517,14:27:31,4.71,0.01,17,7997,买盘
1518,14:27:36,4.7,-0.01,78,36650,卖盘
1519,14:27:39,4.7,0.0,30,14100,买盘
1520,14:27:52,4.7,0.0,70,32900,卖盘
1521,14:27:58,4.7,0.0,40,18800,卖盘
1522,14:28:10,4.7,0.0,20,9400,买盘
1523,14:28:13,4.7,0.0,12,5640,买盘
1524,14:28:16,4.7,0.0,60,28173,卖盘
1525,14:28:22,4.7,0.0,8,3760,买盘
1526,14:28:25,4.7,0.0,59,27730,买盘
1527,14:28:28,4.7,0.0,50,23500,卖盘
1528,14:28:31,4.7,0.0,7,3290,卖盘
1529,14:28:42,4.7,0.0,2,940,卖盘
1530,14:29:22,4.7,0.0,10,4700,卖盘
1531,14:29:28,4.7,0.0,39,18330,卖盘
1532,14:29:31,4.7,0.0,20,9400,卖盘
1533,14:29:43,4.7,0.0,6,2820,卖盘
1534,14:29:51,4.7,0.0,128,60160,卖盘
1535,14:29:58,4.7,0.0,1,470,卖盘
1536,14:30:10,4.7,0.0,206,96820,卖盘
1537,14:30:19,4.7,0.0,5,2350,卖盘
1538,14:30:46,4.7,0.0,151,70970,卖盘
1539,14:30:52,4.7,0.0,5,2350,卖盘
1540,14:30:58,4.7,0.0,50,23500,卖盘
1541,14:31:10,4.7,0.0,16,7520,卖盘
1542,14:31:16,4.7,0.0,20,9400,卖盘
1543,14:31:19,4.7,0.0,1,470,卖盘
1544,14:31:22,4.7,0.0,5,2350,卖盘
1545,14:31:39,4.7,0.0,20,9400,卖盘
1546,14:31:46,4.7,0.0,29,13630,卖盘
1547,14:31:52,4.7,0.0,267,125490,卖盘
1548,14:32:04,4.7,0.0,5,2350,卖盘
1549,14:32:27,4.7,0.0,5,2350,卖盘
1550,14:32:34,4.7,0.0,334,156980,卖盘
1551,14:32:43,4.7,0.0,30,14100,买盘
1552,14:33:16,4.7,0.0,40,18800,买盘
1553,14:33:31,4.7,0.0,5,2350,买盘
1554,14:33:46,4.69,-0.01,2,938,卖盘
1555,14:33:52,4.69,0.0,5,2345,卖盘
1556,14:34:12,4.69,0.0,24,11022,卖盘
1557,14:34:18,4.7,0.01,206,96820,买盘
1558,14:34:37,4.69,-0.01,115,53935,卖盘
1559,14:34:52,4.7,0.01,946,444620,买盘
1560,14:34:58,4.7,0.0,18,8460,买盘
1561,14:35:01,4.7,0.0,9,4230,买盘
1562,14:35:04,4.7,0.0,126,59220,买盘
1563,14:35:07,4.7,0.0,10,4700,买盘
1564,14:35:10,4.7,0.0,89,41796,买盘
1565,14:35:16,4.7,0.0,10,4700,卖盘
1566,14:35:22,4.7,0.0,16,7520,买盘
1567,14:35:34,4.7,0.0,3,1410,卖盘
1568,14:35:40,4.7,0.0,59,27730,卖盘
1569,14:35:43,4.7,0.0,42,19740,卖盘
1570,14:35:49,4.7,0.0,15,7050,买盘
1571,14:35:52,4.7,0.0,20,9400,买盘
1572,14:36:01,4.69,-0.01,148,69412,卖盘
1573,14:36:07,4.7,0.01,350,164500,买盘
1574,14:36:13,4.69,-0.01,432,202608,卖盘
1575,14:36:25,4.69,0.0,166,77854,卖盘
1576,14:36:28,4.69,0.0,10,4690,卖盘
1577,14:36:40,4.7,0.01,39,18330,买盘
1578,14:36:43,4.69,-0.01,275,129210,卖盘
1579,14:36:46,4.69,0.0,112,52528,买盘
1580,14:36:52,4.69,0.0,10,4690,买盘
1581,14:37:01,4.69,0.0,35,16415,买盘
1582,14:37:04,4.69,0.0,9,4221,买盘
1583,14:37:10,4.68,-0.01,111,51948,卖盘
1584,14:37:16,4.68,0.0,72,33696,卖盘
1585,14:37:43,4.68,0.0,296,138558,卖盘
1586,14:37:52,4.68,0.0,254,118872,卖盘
1587,14:37:55,4.69,0.01,284,133070,买盘
1588,14:37:58,4.68,-0.01,100,46800,卖盘
1589,14:38:04,4.68,0.0,10,4680,卖盘
1590,14:38:07,4.68,0.0,331,154908,卖盘
1591,14:38:12,4.68,0.0,493,230724,卖盘
1592,14:38:16,4.68,0.0,215,100455,买盘
1593,14:38:18,4.68,0.0,1,468,买盘
1594,14:38:25,4.68,0.0,123,57564,买盘
1595,14:38:28,4.68,0.0,11,5148,卖盘
1596,14:38:34,4.68,0.0,273,127764,卖盘
1597,14:38:37,4.68,0.0,74,34632,卖盘
1598,14:38:42,4.68,0.0,99,46332,卖盘
1599,14:38:46,4.68,0.0,175,81900,买盘
1600,14:38:55,4.68,0.0,50,23400,卖盘
1601,14:39:04,4.68,0.0,66,30888,卖盘
1602,14:39:07,4.68,0.0,67,31356,卖盘
1603,14:39:10,4.68,0.0,118,55224,卖盘
1604,14:39:13,4.68,0.0,80,37440,卖盘
1605,14:39:15,4.68,0.0,91,42588,卖盘
1606,14:39:19,4.67,-0.01,104,48647,卖盘
1607,14:39:25,4.68,0.01,20,9360,卖盘
1608,14:39:28,4.69,0.01,423,198152,买盘
1609,14:39:36,4.69,0.0,274,128506,卖盘
1610,14:39:46,4.69,0.0,98,46196,卖盘
1611,14:39:49,4.68,-0.01,30,14040,卖盘
1612,14:40:13,4.68,0.0,35,16410,卖盘
1613,14:40:28,4.69,0.01,400,187600,买盘
1614,14:40:34,4.68,-0.01,3,1404,卖盘
1615,14:40:43,4.68,0.0,306,143208,卖盘
1616,14:41:04,4.69,0.01,461,215944,买盘
1617,14:41:16,4.69,0.0,2,938,卖盘
1618,14:41:28,4.69,0.0,3,1407,卖盘
1619,14:41:31,4.69,0.0,42,19708,卖盘
1620,14:42:16,4.69,0.0,85,39865,卖盘
1621,14:42:19,4.69,0.0,3,1407,卖盘
1622,14:42:28,4.7,0.01,6,2820,买盘
1623,14:42:34,4.69,-0.01,10,4690,卖盘
1624,14:42:37,4.69,0.0,27,12663,卖盘
1625,14:42:43,4.68,-0.01,325,152252,卖盘
1626,14:42:52,4.7,0.02,75,35250,买盘
1627,14:42:55,4.68,-0.02,10,4685,卖盘
1628,14:42:58,4.69,0.01,10,4690,买盘
1629,14:43:04,4.69,0.0,35,16415,买盘
1630,14:43:10,4.69,0.0,19,8911,卖盘
1631,14:43:15,4.69,0.0,164,76916,卖盘
1632,14:43:19,4.69,0.0,127,59563,卖盘
1633,14:43:25,4.68,-0.01,170,79725,卖盘
1634,14:43:40,4.68,0.0,333,155844,卖盘
1635,14:43:43,4.68,0.0,4,1872,卖盘
1636,14:43:49,4.68,0.0,21,9828,卖盘
1637,14:43:58,4.68,0.0,47,21996,卖盘
1638,14:44:00,4.68,0.0,12,5616,卖盘
1639,14:44:07,4.68,0.0,100,46800,卖盘
1640,14:44:15,4.69,0.01,33,15477,买盘
1641,14:44:19,4.68,-0.01,12,5616,卖盘
1642,14:44:40,4.68,0.0,267,124956,卖盘
1643,14:44:43,4.68,0.0,2,936,卖盘
1644,14:44:52,4.68,0.0,92,43056,卖盘
1645,14:45:04,4.68,0.0,40,18720,卖盘
1646,14:45:07,4.68,0.0,70,32760,卖盘
1647,14:45:10,4.69,0.01,66,30954,买盘
1648,14:45:37,4.68,-0.01,6,2808,卖盘
1649,14:46:04,4.68,0.0,13,6084,卖盘
1650,14:46:22,4.68,0.0,102,47738,卖盘
1651,14:46:37,4.68,0.0,50,23400,卖盘
1652,14:46:52,4.68,0.0,31,14510,卖盘
1653,14:47:01,4.68,0.0,10,4680,卖盘
1654,14:47:07,4.69,0.01,77,36113,买盘
1655,14:47:10,4.69,0.0,73,34237,买盘
1656,14:47:13,4.68,-0.01,2,936,卖盘
1657,14:47:37,4.68,0.0,20,9360,卖盘
1658,14:48:04,4.69,0.01,12,5628,买盘
1659,14:48:13,4.69,0.0,47,22043,买盘
1660,14:48:28,4.68,-0.01,2,936,卖盘
1661,14:48:37,4.69,0.01,53,24857,买盘
1662,14:48:43,4.69,0.0,20,9380,买盘
1663,14:48:49,4.69,0.0,52,24388,买盘
1664,14:48:55,4.69,0.0,167,78323,买盘
1665,14:48:58,4.69,0.0,213,99897,买盘
1666,14:49:01,4.69,0.0,13,6097,买盘
1667,14:49:07,4.69,0.0,20,9380,卖盘
1668,14:49:10,4.7,0.01,20,9400,买盘
1669,14:49:16,4.7,0.0,3,1410,买盘
1670,14:49:19,4.69,-0.01,50,23450,卖盘
1671,14:49:22,4.69,0.0,10,4690,卖盘
1672,14:49:34,4.7,0.01,14,6580,买盘
1673,14:49:52,4.69,-0.01,31,14539,卖盘
1674,14:49:55,4.7,0.01,21,9870,买盘
1675,14:50:25,4.7,0.0,20,9400,买盘
1676,14:50:37,4.7,0.0,13,6107,买盘
1677,14:50:40,4.69,-0.01,9,4221,卖盘
1678,14:50:46,4.69,0.0,89,41765,卖盘
1679,14:50:49,4.69,0.0,90,42210,卖盘
1680,14:50:55,4.69,0.0,94,44086,卖盘
1681,14:51:01,4.69,0.0,5,2345,卖盘
1682,14:51:04,4.7,0.01,9,4230,买盘
1683,14:51:07,4.69,-0.01,2,938,卖盘
1684,14:51:10,4.69,0.0,111,52059,卖盘
1685,14:51:22,4.69,0.0,26,12194,卖盘
1686,14:51:25,4.7,0.01,100,47000,买盘
1687,14:51:31,4.69,-0.01,1,469,卖盘
1688,14:51:37,4.69,0.0,82,38478,卖盘
1689,14:51:40,4.69,0.0,40,18760,卖盘
1690,14:51:46,4.7,0.01,106,49814,买盘
1691,14:51:52,4.7,0.0,37,17390,买盘
1692,14:52:01,4.69,-0.01,50,23450,卖盘
1693,14:52:13,4.7,0.01,2,940,买盘
1694,14:52:16,4.69,-0.01,2,938,卖盘
1695,14:52:25,4.7,0.01,305,143350,买盘
1696,14:52:31,4.69,-0.01,2,938,卖盘
1697,14:52:37,4.7,0.01,39,18330,买盘
1698,14:52:49,4.69,-0.01,10,4690,卖盘
1699,14:52:55,4.7,0.01,73,34251,买盘
1700,14:53:10,4.69,-0.01,83,38927,卖盘
1701,14:53:16,4.7,0.01,45,21150,买盘
1702,14:53:19,4.7,0.0,15,7050,买盘
1703,14:53:25,4.7,0.0,302,141938,买盘
1704,14:53:28,4.7,0.0,90,42297,买盘
1705,14:53:40,4.69,-0.01,131,61545,卖盘
1706,14:53:49,4.7,0.01,20,9400,买盘
1707,14:53:55,4.7,0.0,300,141000,买盘
1708,14:54:07,4.7,0.0,7,3290,买盘
1709,14:54:10,4.7,0.0,600,282000,买盘
1710,14:54:13,4.7,0.0,20,9400,买盘
1711,14:54:16,4.69,-0.01,70,32830,卖盘
1712,14:54:25,4.7,0.01,827,389151,买盘
1713,14:54:31,4.7,0.0,28,13160,卖盘
1714,14:54:34,4.7,0.0,40,18800,卖盘
1715,14:54:40,4.7,0.0,29,13630,卖盘
1716,14:54:43,4.7,0.0,10,4700,卖盘
1717,14:54:49,4.7,0.0,85,39950,卖盘
1718,14:54:52,4.7,0.0,50,23500,卖盘
1719,14:54:55,4.71,0.01,7,3297,买盘
1720,14:55:01,4.7,-0.01,86,40420,卖盘
1721,14:55:04,4.71,0.01,2,942,买盘
1722,14:55:10,4.69,-0.02,205,96346,卖盘
1723,14:55:22,4.7,0.01,15,7050,卖盘
1724,14:55:25,4.69,-0.01,15,7035,卖盘
1725,14:55:31,4.7,0.01,11,5170,买盘
1726,14:55:43,4.7,0.0,63,29610,买盘
1727,14:55:46,4.7,0.0,50,23500,卖盘
1728,14:55:55,4.7,0.0,14,6580,卖盘
1729,14:55:58,4.7,0.0,46,21620,买盘
1730,14:56:01,4.71,0.01,42,19777,买盘
1731,14:56:07,4.69,-0.02,204,95875,卖盘
1732,14:56:10,4.7,0.01,13,6112,卖盘
1733,14:56:16,4.69,-0.01,163,76606,卖盘
1734,14:56:19,4.71,0.02,2,942,买盘
1735,14:56:28,4.7,-0.01,110,51700,卖盘
1736,14:56:31,4.7,0.0,1,470,卖盘
1737,14:56:37,4.71,0.01,240,113000,买盘
1738,14:56:43,4.71,0.0,10,4710,买盘
1739,14:56:52,4.7,-0.01,10,4700,卖盘
1740,14:56:58,4.71,0.01,68,32028,买盘
1741,14:57:00,4.71,0.0,127,59817,买盘
1742,14:57:04,4.7,-0.01,200,94000,卖盘
1743,15:00:04,4.7,0.0,3195,1501650,卖盘
