,time,price,change,volume,amount,type
0,09:30:04,21.8,-0.07,16,36624,卖盘
1,09:30:07,21.85,0.05,8,17460,买盘
2,09:30:21,21.8,-0.05,1,2180,买盘
3,09:30:31,21.71,-0.09,1,2171,卖盘
4,09:30:33,21.71,0.0,1,2171,卖盘
5,09:30:36,21.71,0.0,2,4342,卖盘
6,09:30:39,21.68,-0.03,2,4336,卖盘
7,09:30:42,21.69,0.01,1,2169,中性盘
8,09:30:46,21.69,0.0,1,2169,卖盘
9,09:30:48,21.69,0.0,4,8676,买盘
10,09:31:06,21.69,0.0,12,26031,卖盘
11,09:31:25,21.71,0.02,8,17368,卖盘
12,09:31:52,21.8,0.09,11,23980,买盘
13,09:32:16,21.8,0.0,9,19620,买盘
14,09:32:22,21.81,0.01,7,15265,买盘
15,09:32:25,21.81,0.0,1,2181,卖盘
16,09:32:27,21.81,0.0,1,2181,卖盘
17,09:32:30,21.81,0.0,1,2181,卖盘
18,09:32:33,21.81,0.0,1,2181,卖盘
19,09:32:37,21.81,0.0,1,2181,卖盘
20,09:32:39,21.81,0.0,4,8724,卖盘
21,09:32:48,21.8,-0.01,5,10900,买盘
22,09:32:51,21.8,0.0,1,2180,卖盘
23,09:32:54,21.8,0.0,5,10900,卖盘
24,09:33:04,21.73,-0.07,30,65190,卖盘
25,09:34:04,21.78,0.05,5,10890,买盘
26,09:34:28,21.78,0.0,10,21780,卖盘
27,09:34:31,21.78,0.0,6,13068,卖盘
28,09:34:36,21.78,0.0,7,15246,卖盘
29,09:34:39,21.78,0.0,14,30492,卖盘
30,09:36:09,21.78,0.0,13,28314,买盘
31,09:36:21,21.77,-0.01,2,4354,买盘
32,09:36:37,21.75,-0.02,4,8700,卖盘
33,09:36:45,21.75,0.0,11,23925,卖盘
34,09:37:01,21.73,-0.02,20,43460,卖盘
35,09:37:10,21.72,-0.01,1,2172,卖盘
36,09:37:27,21.71,-0.01,11,23881,卖盘
37,09:37:37,21.7,-0.01,5,10850,卖盘
38,09:37:45,21.69,-0.01,10,21692,卖盘
39,09:37:57,21.69,0.0,4,8677,卖盘
40,09:38:06,21.68,-0.01,27,58539,卖盘
41,09:38:16,21.68,0.0,2,4336,买盘
42,09:38:25,21.67,-0.01,2,4334,卖盘
43,09:38:27,21.6,-0.07,110,237952,卖盘
44,09:38:30,21.6,0.0,15,32400,买盘
45,09:38:49,21.55,-0.05,10,21550,卖盘
46,09:38:52,21.6,0.05,9,19440,买盘
47,09:38:54,21.55,-0.05,26,56030,卖盘
48,09:38:57,21.55,0.0,2,4310,买盘
49,09:39:06,21.55,0.0,54,116370,买盘
50,09:39:09,21.55,0.0,3,6465,买盘
51,09:39:13,21.55,0.0,16,34480,买盘
52,09:39:16,21.55,0.0,3,6465,买盘
53,09:39:18,21.55,0.0,3,6465,买盘
54,09:39:21,21.55,0.0,1,2155,买盘
55,09:39:43,21.55,0.0,1,2155,卖盘
56,09:40:16,21.59,0.04,4,8636,买盘
57,09:40:28,21.59,0.0,1,2159,买盘
58,09:40:30,21.59,0.0,3,6477,卖盘
59,09:40:39,21.6,0.01,1,2160,买盘
60,09:40:43,21.6,0.0,21,45360,买盘
61,09:40:46,21.6,0.0,18,38880,买盘
62,09:40:49,21.6,0.0,5,10800,买盘
63,09:40:52,21.6,0.0,51,110160,买盘
64,09:40:54,21.6,0.0,58,125325,中性盘
65,09:41:12,21.66,0.06,36,77976,卖盘
66,09:41:22,21.62,-0.04,3,6494,卖盘
67,09:41:52,21.62,0.0,16,34592,卖盘
68,09:42:00,21.62,0.0,3,6486,卖盘
69,09:42:06,21.62,0.0,2,4324,买盘
70,09:42:12,21.61,-0.01,16,34576,卖盘
71,09:42:16,21.61,0.0,3,6483,买盘
72,09:42:18,21.61,0.0,4,8644,买盘
73,09:42:36,21.61,0.0,1,2161,买盘
74,09:43:09,21.56,-0.05,5,10780,卖盘
75,09:44:18,21.57,0.01,5,10785,卖盘
76,09:44:36,21.57,0.0,2,4314,买盘
77,09:45:13,21.56,-0.01,1,2156,卖盘
78,09:45:33,21.57,0.01,3,6471,卖盘
79,09:45:49,21.56,-0.01,18,38812,卖盘
80,09:46:04,21.55,-0.01,11,23705,卖盘
81,09:46:25,21.54,-0.01,10,21540,卖盘
82,09:46:30,21.51,-0.03,209,449782,卖盘
83,09:46:33,21.53,0.02,31,66704,中性盘
84,09:46:39,21.53,0.0,13,27989,卖盘
85,09:46:43,21.53,0.0,10,21530,卖盘
86,09:46:45,21.5,-0.03,3,6456,卖盘
87,09:46:48,21.5,0.0,7,15050,卖盘
88,09:46:51,21.5,0.0,5,10750,卖盘
89,09:46:55,21.5,0.0,9,19350,卖盘
90,09:46:58,21.48,-0.02,1,2148,卖盘
91,09:47:01,21.49,0.01,3,6447,卖盘
92,09:47:04,21.49,0.0,1,2149,卖盘
93,09:47:06,21.49,0.0,1,2149,卖盘
94,09:47:19,21.49,0.0,7,15043,卖盘
95,09:47:27,21.49,0.0,2,4298,买盘
96,09:47:31,21.3,-0.19,68,145120,卖盘
97,09:47:34,21.3,0.0,1,2130,买盘
98,09:47:36,21.3,0.0,1,2130,买盘
99,09:47:46,21.01,-0.29,57,120222,卖盘
100,09:47:49,21.0,-0.01,14,29398,买盘
101,09:47:55,21.28,0.28,4,8516,卖盘
102,09:48:04,21.16,-0.12,6,12696,买盘
103,09:48:07,21.16,0.0,56,118418,买盘
104,09:48:09,21.16,0.0,6,12696,买盘
105,09:48:16,21.48,0.32,10,21480,买盘
106,09:48:21,21.16,-0.32,2,4232,卖盘
107,09:48:34,21.17,0.01,3,6351,卖盘
108,09:50:07,21.31,0.14,7,14917,卖盘
109,09:50:10,21.31,0.0,1,2131,卖盘
110,09:50:12,21.3,-0.01,3,6392,卖盘
111,09:50:16,21.31,0.01,8,17047,买盘
112,09:50:21,21.3,-0.01,1,2130,买盘
113,09:50:25,21.31,0.01,2,4261,买盘
114,09:51:01,21.32,0.01,16,34145,卖盘
115,09:51:04,21.39,0.07,1,2139,买盘
116,09:51:06,21.33,-0.06,26,55458,卖盘
117,09:51:12,21.33,0.0,3,6399,买盘
118,09:51:21,21.33,0.0,64,136512,买盘
119,09:51:27,21.33,0.0,44,93852,买盘
120,09:51:37,21.33,0.0,1,2133,买盘
121,09:51:39,21.33,0.0,46,98118,买盘
122,09:52:16,21.33,0.0,3,6399,卖盘
123,09:52:39,21.34,0.01,1,2134,中性盘
124,09:52:42,21.34,0.0,40,85360,卖盘
125,09:53:22,21.34,0.0,5,10670,卖盘
126,09:53:49,21.38,0.04,2,4276,买盘
127,09:53:51,21.35,-0.03,20,42700,卖盘
128,09:54:04,21.35,0.0,20,42700,买盘
129,09:54:06,21.6,0.25,250,538078,买盘
130,09:54:24,21.6,0.0,2,4320,中性盘
131,09:55:12,21.88,0.28,219,473212,买盘
132,09:55:16,21.88,0.0,31,69535,卖盘
133,09:55:19,21.88,0.0,3,6564,买盘
134,09:55:25,21.87,-0.01,6,13122,中性盘
135,09:55:30,21.88,0.01,5,10940,买盘
136,09:55:36,21.87,-0.01,10,21870,买盘
137,09:55:39,21.87,0.0,14,30605,买盘
138,09:55:54,21.83,-0.04,1,2183,买盘
139,09:56:18,21.81,-0.02,10,21810,中性盘
140,09:57:04,21.61,-0.2,5,10805,卖盘
141,09:57:30,21.64,0.03,1,2164,卖盘
142,09:57:54,21.75,0.11,14,30350,中性盘
143,09:58:00,21.65,-0.1,5,10825,卖盘
144,09:58:07,21.65,0.0,4,8673,卖盘
145,09:58:12,21.64,-0.01,10,21640,卖盘
146,09:58:15,21.62,-0.02,1,2162,买盘
147,09:58:25,21.62,0.0,5,10810,买盘
148,09:58:27,21.59,-0.03,5,10795,卖盘
149,09:58:30,21.62,0.03,3,6486,买盘
150,09:58:33,21.55,-0.07,7,15085,卖盘
151,09:58:42,21.55,0.0,5,10775,卖盘
152,09:59:00,21.52,-0.03,22,47394,卖盘
153,09:59:09,21.55,0.03,1,2155,中性盘
154,10:01:00,21.71,0.16,4,8684,买盘
155,10:02:00,21.71,0.0,46,99854,买盘
156,10:02:12,21.71,0.0,34,73826,卖盘
157,10:02:15,21.71,0.0,4,8684,卖盘
158,10:02:24,21.7,-0.01,6,13020,卖盘
159,10:03:12,21.7,0.0,2,4340,买盘
160,10:03:18,21.7,0.0,4,8680,买盘
161,10:03:27,21.61,-0.09,3,6483,卖盘
162,10:03:48,21.62,0.01,9,19458,卖盘
163,10:03:51,21.62,0.0,2,4324,买盘
164,10:04:04,21.62,0.0,2,4324,买盘
165,10:04:43,21.58,-0.04,26,56155,卖盘
166,10:04:57,21.58,0.0,10,21580,买盘
167,10:05:03,21.56,-0.02,4,8624,卖盘
168,10:06:07,21.58,0.02,1,2158,卖盘
169,10:07:21,21.6,0.02,9,19440,卖盘
170,10:07:24,21.6,0.0,1,2160,买盘
171,10:08:30,21.58,-0.02,10,21580,卖盘
172,10:08:54,21.6,0.02,4,8640,买盘
173,10:09:12,21.63,0.03,3,6489,买盘
174,10:09:18,21.63,0.0,1,2163,买盘
175,10:09:30,21.63,0.0,1,2163,买盘
176,10:10:03,21.6,-0.03,10,21603,卖盘
177,10:10:09,21.6,0.0,6,12960,卖盘
178,10:11:51,21.6,0.0,10,21600,卖盘
179,10:12:09,21.6,0.0,1,2160,卖盘
180,10:12:27,21.6,0.0,2,4320,卖盘
181,10:12:57,21.58,-0.02,1,2158,卖盘
182,10:13:30,21.56,-0.02,5,10780,卖盘
183,10:13:58,21.6,0.04,5,10800,买盘
184,10:14:09,21.6,0.0,26,56160,卖盘
185,10:14:30,21.5,-0.1,25,53807,卖盘
186,10:14:33,21.5,0.0,6,12900,买盘
187,10:14:36,21.5,0.0,6,12900,买盘
188,10:14:42,21.5,0.0,13,27950,买盘
189,10:14:57,21.5,0.0,5,10750,卖盘
190,10:15:18,21.5,0.0,5,10750,卖盘
191,10:15:27,21.5,0.0,38,81700,卖盘
192,10:16:00,21.36,-0.14,14,30002,卖盘
193,10:16:42,21.38,0.02,4,8552,卖盘
194,10:17:39,21.58,0.2,1,2158,买盘
195,10:18:06,21.41,-0.17,1,2141,卖盘
196,10:19:33,21.42,0.01,30,64260,卖盘
197,10:19:36,21.42,0.0,13,27846,买盘
198,10:21:21,21.41,-0.01,7,14987,卖盘
199,10:21:30,21.42,0.01,7,14994,买盘
200,10:22:36,21.5,0.08,10,21500,卖盘
201,10:23:54,21.42,-0.08,4,8568,卖盘
202,10:24:06,21.41,-0.01,1,2141,卖盘
203,10:24:45,21.42,0.01,20,42840,卖盘
204,10:25:09,21.42,0.0,30,64260,买盘
205,10:26:39,21.4,-0.02,100,214092,卖盘
206,10:26:48,21.4,0.0,13,27820,卖盘
207,10:26:57,21.39,-0.01,15,32085,卖盘
208,10:27:48,21.39,0.0,15,32075,买盘
209,10:27:54,21.38,-0.01,5,10690,卖盘
210,10:27:57,21.4,0.02,3,6420,买盘
211,10:28:01,21.38,-0.02,10,21380,卖盘
212,10:28:45,21.38,0.0,20,42760,卖盘
213,10:29:33,21.38,0.0,1,2138,卖盘
214,10:30:04,21.38,0.0,13,27794,卖盘
215,10:30:09,21.38,0.0,1,2138,卖盘
216,10:30:33,21.38,0.0,4,8552,卖盘
217,10:30:39,21.4,0.02,3,6418,买盘
218,10:30:42,21.38,-0.02,10,21380,卖盘
219,10:30:57,21.4,0.02,3,6420,买盘
220,10:33:00,21.4,0.0,3,6420,卖盘
221,10:33:43,21.4,0.0,6,12840,买盘
222,10:33:57,21.38,-0.02,23,49209,卖盘
223,10:34:24,21.38,0.0,1,2138,卖盘
224,10:34:39,21.38,0.0,2,4276,卖盘
225,10:34:55,21.32,-0.06,93,198518,卖盘
226,10:35:24,21.32,0.0,16,34112,卖盘
227,10:35:30,21.38,0.06,9,19241,买盘
228,10:35:37,21.32,-0.06,10,21320,卖盘
229,10:35:58,21.32,0.0,1,2132,卖盘
230,10:36:06,21.45,0.13,3,6435,买盘
231,10:36:09,21.3,-0.15,14,29903,卖盘
232,10:36:13,21.3,0.0,1,2130,卖盘
233,10:37:06,21.3,0.0,8,17043,卖盘
234,10:37:18,21.31,0.01,5,10655,买盘
235,10:37:42,21.31,0.0,9,19179,卖盘
236,10:37:57,21.31,0.0,15,31965,买盘
237,10:38:00,21.3,-0.01,4,8520,卖盘
238,10:38:04,21.3,0.0,2,4260,买盘
239,10:38:06,21.27,-0.03,30,63810,卖盘
240,10:38:19,21.31,0.04,10,21310,买盘
241,10:38:33,21.33,0.02,2,4266,买盘
242,10:38:57,21.33,0.0,17,36261,买盘
243,10:39:30,21.33,0.0,13,27729,卖盘
244,10:39:51,21.33,0.0,2,4266,买盘
245,10:40:04,21.34,0.01,20,42680,中性盘
246,10:40:42,21.4,0.06,20,42800,卖盘
247,10:41:12,21.37,-0.03,25,53425,中性盘
248,10:41:45,21.37,0.0,35,74795,买盘
249,10:41:48,21.37,0.0,1,2137,卖盘
250,10:42:07,21.37,0.0,1,2137,卖盘
251,10:42:16,21.37,0.0,8,17096,卖盘
252,10:42:42,21.38,0.01,10,21380,卖盘
253,10:43:06,21.38,0.0,51,109039,卖盘
254,10:44:00,21.38,0.0,1,2138,卖盘
255,10:44:54,21.44,0.06,2,4288,买盘
256,10:46:30,21.42,-0.02,5,10710,卖盘
257,10:48:09,21.42,0.0,1,2142,卖盘
258,10:51:04,21.38,-0.04,13,27817,卖盘
259,10:51:25,21.38,0.0,46,98348,卖盘
260,10:51:36,21.37,-0.01,46,98345,卖盘
261,10:51:48,21.31,-0.06,46,98146,卖盘
262,10:51:57,21.3,-0.01,1,2130,卖盘
263,10:52:12,21.28,-0.02,10,21280,卖盘
264,10:53:48,21.3,0.02,1,2130,卖盘
265,10:53:57,21.28,-0.02,70,149036,卖盘
266,10:54:09,21.28,0.0,1,2128,卖盘
267,10:55:06,21.29,0.01,1,2129,卖盘
268,10:55:33,21.38,0.09,5,10690,买盘
269,10:55:57,21.38,0.0,5,10690,卖盘
270,10:57:57,21.32,-0.06,20,42640,卖盘
271,10:58:39,21.33,0.01,5,10665,卖盘
272,10:58:48,21.4,0.07,2,4280,买盘
273,10:59:21,21.45,0.05,3,6435,买盘
274,11:00:06,21.45,0.0,7,15015,买盘
275,11:00:09,21.45,0.0,1,2145,卖盘
276,11:00:54,21.47,0.02,2,4294,买盘
277,11:00:57,21.42,-0.05,1,2142,卖盘
278,11:01:00,21.47,0.05,23,49381,买盘
279,11:01:54,21.47,0.0,2,4294,卖盘
280,11:02:12,21.48,0.01,63,135316,买盘
281,11:02:27,21.49,0.01,2,4298,买盘
282,11:02:39,21.48,-0.01,15,32220,卖盘
283,11:02:48,21.48,0.0,2,4296,卖盘
284,11:04:00,21.49,0.01,25,53713,买盘
285,11:05:09,21.49,0.0,1,2149,卖盘
286,11:05:27,21.5,0.01,3,6450,买盘
287,11:05:33,21.49,-0.01,1,2149,卖盘
288,11:05:48,21.41,-0.08,13,27838,卖盘
289,11:06:09,21.41,0.0,1,2141,卖盘
290,11:06:51,21.48,0.07,1,2148,买盘
291,11:07:18,21.41,-0.07,6,12846,卖盘
292,11:07:48,21.4,-0.01,10,21400,卖盘
293,11:07:54,21.4,0.0,10,21400,卖盘
294,11:08:09,21.4,0.0,52,111280,卖盘
295,11:08:18,21.41,0.01,12,25682,买盘
296,11:08:21,21.4,-0.01,39,83460,卖盘
297,11:08:27,21.4,0.0,13,27820,卖盘
298,11:08:33,21.4,0.0,39,83460,卖盘
299,11:08:42,21.4,0.0,28,59923,卖盘
300,11:08:51,21.32,-0.08,10,21320,卖盘
301,11:09:00,21.32,0.0,1,2132,卖盘
302,11:09:21,21.29,-0.03,70,149130,卖盘
303,11:09:24,21.4,0.11,3,6420,买盘
304,11:09:51,21.3,-0.1,2,4261,卖盘
305,11:10:39,21.39,0.09,2,4278,买盘
306,11:11:18,21.39,0.0,1,2139,买盘
307,11:11:21,21.39,0.0,7,14973,买盘
308,11:11:33,21.4,0.01,12,25680,买盘
309,11:12:06,21.34,-0.06,52,111162,卖盘
310,11:12:09,21.34,0.0,1,2134,卖盘
311,11:13:42,21.35,0.01,2,4270,卖盘
312,11:16:57,21.34,-0.01,1,2134,卖盘
313,11:18:09,21.34,0.0,1,2134,卖盘
314,11:18:55,21.33,-0.01,20,42660,卖盘
315,11:20:04,21.34,0.01,5,10670,卖盘
316,11:20:18,21.42,0.08,1,2142,买盘
317,11:22:51,21.43,0.01,3,6429,买盘
318,11:23:42,21.43,0.0,2,4286,买盘
319,11:23:51,21.44,0.01,6,12864,买盘
320,11:24:04,21.44,0.0,3,6432,买盘
321,11:24:09,21.43,-0.01,1,2143,卖盘
322,11:24:12,21.44,0.01,3,6432,买盘
323,11:24:21,21.45,0.01,20,42900,买盘
324,11:24:27,21.45,0.0,3,6435,买盘
325,11:24:30,21.45,0.0,9,19305,买盘
326,11:24:57,21.44,-0.01,1,2144,卖盘
327,11:25:45,21.44,0.0,5,10720,卖盘
328,11:27:48,21.44,0.0,10,21440,买盘
329,13:00:04,21.46,0.02,11,23593,买盘
330,13:00:42,21.44,-0.02,30,64320,卖盘
331,13:00:54,21.44,0.0,5,10720,卖盘
332,13:01:51,21.44,0.0,3,6432,卖盘
333,13:02:43,21.43,-0.01,10,21430,卖盘
334,13:02:57,21.37,-0.06,1,2137,卖盘
335,13:03:09,21.37,0.0,9,19233,卖盘
336,13:03:39,21.35,-0.02,1,2135,卖盘
337,13:03:42,21.35,0.0,13,27755,买盘
338,13:03:48,21.37,0.02,7,14959,买盘
339,13:03:51,21.33,-0.04,78,166482,卖盘
340,13:05:48,21.37,0.04,8,17096,买盘
341,13:06:00,21.34,-0.03,1,2134,卖盘
342,13:07:39,21.34,0.0,22,46948,卖盘
343,13:09:48,21.39,0.05,1,2139,买盘
344,13:10:10,21.4,0.01,5,10700,买盘
345,13:10:12,21.4,0.0,15,32100,买盘
346,13:10:15,21.41,0.01,1,2141,买盘
347,13:10:18,21.4,-0.01,6,12843,卖盘
348,13:10:48,21.41,0.01,16,34256,买盘
349,13:11:06,21.41,0.0,1,2141,买盘
350,13:11:27,21.41,0.0,4,8564,买盘
351,13:12:00,21.4,-0.01,2,4281,卖盘
352,13:12:04,21.4,0.0,1,2140,卖盘
353,13:12:06,21.41,0.01,1,2141,买盘
354,13:12:40,21.4,-0.01,12,25680,卖盘
355,13:12:51,21.4,0.0,38,81320,买盘
356,13:17:01,21.41,0.01,1,2141,买盘
357,13:17:06,21.41,0.0,2,4282,买盘
358,13:18:03,21.41,0.0,1,2141,卖盘
359,13:19:57,21.41,0.0,1,2141,卖盘
360,13:20:18,21.4,-0.01,13,27821,卖盘
361,13:21:39,21.4,0.0,5,10700,买盘
362,13:24:00,21.38,-0.02,1,2138,卖盘
363,13:25:39,21.4,0.02,2,4280,买盘
364,13:26:00,21.43,0.03,2,4286,买盘
365,13:26:04,21.44,0.01,1,2144,买盘
366,13:26:06,21.44,0.0,1,2144,买盘
367,13:26:42,21.44,0.0,17,36448,买盘
368,13:28:00,21.41,-0.03,1,2141,卖盘
369,13:28:30,21.41,0.0,10,21410,卖盘
370,13:30:03,21.41,0.0,1,2141,卖盘
371,13:32:04,21.44,0.03,8,17152,买盘
372,13:32:45,21.45,0.01,10,21450,买盘
373,13:33:30,21.46,0.01,3,6438,买盘
374,13:34:42,21.46,0.0,8,17168,买盘
375,13:35:06,21.45,-0.01,10,21450,卖盘
376,13:35:09,21.45,0.0,3,6435,卖盘
377,13:35:30,21.45,0.0,6,12870,卖盘
378,13:36:00,21.44,-0.01,1,2144,卖盘
379,13:36:04,21.44,0.0,1,2144,卖盘
380,13:36:21,21.45,0.01,3,6435,买盘
381,13:36:54,21.46,0.01,5,10730,买盘
382,13:38:39,21.46,0.0,1,2146,买盘
383,13:38:57,21.46,0.0,9,19314,买盘
384,13:39:12,21.47,0.01,1,2147,买盘
385,13:39:21,21.47,0.0,1,2147,买盘
386,13:39:36,21.48,0.01,30,64426,买盘
387,13:39:45,21.5,0.02,71,152606,买盘
388,13:41:00,21.5,0.0,4,8600,买盘
389,13:41:09,21.53,0.03,21,45213,买盘
390,13:41:33,21.5,-0.03,1,2150,卖盘
391,13:41:39,21.48,-0.02,1,2148,卖盘
392,13:42:00,21.48,0.0,1,2148,卖盘
393,13:42:42,21.53,0.05,28,60275,买盘
394,13:42:54,21.53,0.0,3,6459,卖盘
395,13:44:00,21.53,0.0,1,2153,卖盘
396,13:44:12,21.56,0.03,4,8624,买盘
397,13:44:30,21.55,-0.01,32,68960,买盘
398,13:45:12,21.54,-0.01,2,4308,买盘
399,13:45:33,21.55,0.01,6,12930,卖盘
400,13:47:36,21.54,-0.01,2,4308,买盘
401,13:48:04,21.48,-0.06,1,2148,卖盘
402,13:48:51,21.54,0.06,10,21540,买盘
403,13:49:42,21.49,-0.05,2,4298,卖盘
404,13:49:51,21.48,-0.01,1,2148,卖盘
405,13:50:00,21.48,0.0,1,2148,卖盘
406,13:52:00,21.51,0.03,1,2151,卖盘
407,13:52:06,21.55,0.04,19,40944,买盘
408,13:52:09,21.51,-0.04,1,2151,卖盘
409,13:52:21,21.51,0.0,6,12906,卖盘
410,13:53:30,21.55,0.04,21,45255,买盘
411,13:53:42,21.56,0.01,9,19404,买盘
412,13:53:45,21.57,0.01,24,51764,买盘
413,13:53:57,21.58,0.01,1,2158,买盘
414,13:54:04,21.57,-0.01,1,2157,卖盘
415,13:54:15,21.58,0.01,1,2158,买盘
416,13:54:39,21.58,0.0,4,8632,买盘
417,13:55:04,21.6,0.02,11,23746,买盘
418,13:56:36,21.6,0.0,19,41040,卖盘
419,13:57:27,21.6,0.0,3,6480,买盘
420,13:58:12,21.58,-0.02,2,4316,卖盘
421,13:59:09,21.58,0.0,12,25896,买盘
422,13:59:36,21.59,0.01,2,4318,买盘
423,13:59:54,21.59,0.0,2,4318,卖盘
424,14:00:00,21.59,0.0,1,2159,卖盘
425,14:00:57,21.58,-0.01,1,2158,卖盘
426,14:02:13,21.6,0.02,8,17280,买盘
427,14:02:40,21.64,0.04,10,21640,买盘
428,14:03:04,21.65,0.01,10,21650,买盘
429,14:03:30,21.66,0.01,1,2166,买盘
430,14:04:04,21.66,0.0,2,4332,买盘
431,14:04:10,21.68,0.02,8,17338,买盘
432,14:04:24,21.69,0.01,10,21690,买盘
433,14:04:31,21.69,0.0,3,6507,买盘
434,14:04:57,21.69,0.0,2,4338,卖盘
435,14:05:03,21.69,0.0,2,4338,买盘
436,14:05:10,21.69,0.0,6,13014,买盘
437,14:05:39,21.69,0.0,4,8676,卖盘
438,14:06:01,21.68,-0.01,30,65040,卖盘
439,14:06:04,21.68,0.0,4,8672,卖盘
440,14:06:33,21.64,-0.04,1,2164,买盘
441,14:08:04,21.62,-0.02,10,21620,卖盘
442,14:08:39,21.62,0.0,2,4324,买盘
443,14:08:48,21.61,-0.01,5,10805,卖盘
444,14:09:00,21.61,0.0,3,6482,买盘
445,14:09:03,21.61,0.0,10,21610,买盘
446,14:09:39,21.61,0.0,6,12966,买盘
447,14:10:04,21.62,0.01,16,34592,买盘
448,14:10:39,21.65,0.03,10,21650,买盘
449,14:11:36,21.65,0.0,5,10825,买盘
450,14:12:00,21.66,0.01,10,21660,买盘
451,14:12:12,21.66,0.0,2,4332,卖盘
452,14:12:18,21.67,0.01,1,2167,买盘
453,14:12:39,21.67,0.0,14,30338,买盘
454,14:12:45,21.69,0.02,52,112752,买盘
455,14:13:30,21.71,0.02,12,26052,买盘
456,14:13:45,21.75,0.04,357,776361,买盘
457,14:14:21,21.75,0.0,10,21750,卖盘
458,14:14:33,21.75,0.0,4,8700,卖盘
459,14:15:15,21.78,0.03,6,13068,买盘
460,14:15:19,21.8,0.02,12,26160,买盘
461,14:15:34,21.8,0.0,2,4360,卖盘
462,14:15:42,21.83,0.03,20,43660,买盘
463,14:15:57,21.83,0.0,4,8732,买盘
464,14:16:06,21.83,0.0,7,15259,买盘
465,14:16:12,21.85,0.02,20,43700,买盘
466,14:16:36,21.86,0.01,10,21860,买盘
467,14:16:39,21.85,-0.01,10,21850,卖盘
468,14:17:00,21.84,-0.01,6,13114,卖盘
469,14:17:27,21.86,0.02,3,6558,买盘
470,14:18:48,21.8,-0.04,5,10900,卖盘
471,14:19:06,21.8,0.0,1,2180,卖盘
472,14:19:24,21.83,0.03,1,2183,买盘
473,14:19:42,21.81,-0.02,1,2181,卖盘
474,14:20:21,21.83,0.02,1,2183,买盘
475,14:21:12,21.81,-0.02,8,17448,卖盘
476,14:21:15,21.83,0.02,13,27764,买盘
477,14:21:37,21.83,0.0,5,10915,卖盘
478,14:22:12,21.8,-0.03,10,21801,买盘
479,14:22:24,21.8,0.0,1,2790,卖盘
480,14:23:39,21.78,-0.02,79,172062,卖盘
481,14:23:57,21.78,0.0,3,6534,买盘
482,14:24:00,21.77,-0.01,53,114097,卖盘
483,14:24:57,21.77,0.0,1,2177,卖盘
484,14:25:45,21.77,0.0,5,10885,卖盘
485,14:27:39,21.77,0.0,2,4354,卖盘
486,14:28:36,21.78,0.01,1,2178,买盘
487,14:29:12,21.77,-0.01,71,154567,卖盘
488,14:30:13,21.78,0.01,20,43560,买盘
489,14:30:15,21.78,0.0,5,10890,买盘
490,14:30:36,21.77,-0.01,5,10885,卖盘
491,14:30:48,21.78,0.01,10,21780,买盘
492,14:31:27,21.78,0.0,10,21780,买盘
493,14:31:33,21.78,0.0,17,37026,买盘
494,14:31:51,21.78,0.0,68,148104,买盘
495,14:32:58,21.78,0.0,1,2178,卖盘
496,14:33:12,21.78,0.0,5,10890,卖盘
497,14:33:15,21.78,0.0,5,10890,卖盘
498,14:34:48,21.8,0.02,1,2180,买盘
499,14:35:12,21.8,0.0,1,2180,买盘
500,14:35:24,21.8,0.0,1,2180,买盘
501,14:36:42,21.8,0.0,1,2180,买盘
502,14:36:45,21.78,-0.02,1,2178,卖盘
503,14:38:39,21.79,0.01,1,2179,买盘
504,14:39:18,21.79,0.0,6,13074,卖盘
505,14:39:24,21.79,0.0,1,2179,卖盘
506,14:39:27,21.79,0.0,9,19611,卖盘
507,14:41:00,21.79,0.0,6,13074,买盘
508,14:41:03,21.79,0.0,2,4358,买盘
509,14:41:06,21.79,0.0,2,4358,买盘
510,14:42:00,21.78,-0.01,4,8712,卖盘
511,14:42:15,21.77,-0.01,1,2177,卖盘
512,14:42:18,21.77,0.0,4,8708,卖盘
513,14:42:24,21.77,0.0,4,8711,卖盘
514,14:43:24,21.78,0.01,5,10890,买盘
515,14:44:36,21.78,0.0,10,21780,卖盘
516,14:44:48,21.77,-0.01,8,17416,卖盘
517,14:45:33,21.78,0.01,4,8712,买盘
518,14:45:45,21.78,0.0,1,2178,卖盘
519,14:45:57,21.77,-0.01,2,4354,卖盘
520,14:47:09,21.77,0.0,100,217700,卖盘
521,14:47:12,21.78,0.01,1,2178,买盘
522,14:47:21,21.77,-0.01,11,23953,卖盘
523,14:47:48,21.77,0.0,30,65310,卖盘
524,14:48:04,21.77,0.0,9,19593,卖盘
525,14:48:24,21.77,0.0,3,6662,卖盘
526,14:49:04,21.77,0.0,600,1306200,卖盘
527,14:49:06,21.77,0.0,81,177491,卖盘
528,14:49:36,21.77,0.0,29,61979,买盘
529,14:49:48,21.77,0.0,5,10885,卖盘
530,14:49:57,21.77,0.0,1,2177,卖盘
531,14:50:06,21.78,0.01,23,50094,买盘
532,14:50:09,21.78,0.0,150,326700,卖盘
533,14:51:00,21.78,0.0,1,2178,卖盘
534,14:51:21,21.78,0.0,10,21780,卖盘
535,14:51:51,21.78,0.0,8,17424,卖盘
536,14:52:03,21.79,0.01,4,8716,买盘
537,14:52:24,21.79,0.0,4,8716,卖盘
538,14:52:51,21.79,0.0,1,2179,卖盘
539,14:53:33,21.79,0.0,1,2179,买盘
540,14:54:04,21.78,-0.01,14,30492,卖盘
541,14:54:27,21.79,0.01,10,21790,买盘
542,14:54:34,21.78,-0.01,21,45738,卖盘
543,14:54:45,21.78,0.0,6,13070,卖盘
544,14:54:52,21.78,0.0,30,65340,卖盘
545,14:55:36,21.78,0.0,1,2178,卖盘
546,14:55:48,21.79,0.01,2,4358,买盘
547,14:55:51,21.79,0.0,12,26148,卖盘
548,14:56:03,21.79,0.0,1,2179,卖盘
549,14:56:09,21.8,0.01,2,4360,买盘
550,14:56:18,21.8,0.0,10,21800,买盘
551,14:56:24,21.8,0.0,8,17440,买盘
552,15:00:04,21.79,-0.01,95,207005,卖盘
