,time,price,change,volume,amount,type
0,09:25:04,13.6,0.0,67,91120,卖盘
1,09:30:04,13.62,0.02,8,10896,买盘
2,09:30:07,13.6,-0.02,33,44880,卖盘
3,09:30:10,13.6,0.0,13,17680,买盘
4,09:30:13,13.6,0.0,1,1360,买盘
5,09:30:19,13.62,0.02,17,23148,买盘
6,09:30:25,13.62,0.0,2,2724,买盘
7,09:30:27,13.62,0.0,17,23154,买盘
8,09:30:36,13.61,-0.01,9,12249,卖盘
9,09:30:46,13.62,0.01,1,1362,买盘
10,09:30:49,13.62,0.0,18,24503,买盘
11,09:30:52,13.61,-0.01,3,4083,卖盘
12,09:30:55,13.61,0.0,23,31323,中性盘
13,09:31:01,13.62,0.01,3,4085,买盘
14,09:31:07,13.61,-0.01,2,2722,买盘
15,09:31:10,13.62,0.01,1,1362,买盘
16,09:31:16,13.62,0.0,6,8172,买盘
17,09:31:19,13.61,-0.01,50,68050,卖盘
18,09:31:21,13.62,0.01,15,20430,买盘
19,09:31:25,13.61,-0.01,19,25859,卖盘
20,09:31:31,13.6,-0.01,16,21763,卖盘
21,09:31:34,13.61,0.01,3,4083,买盘
22,09:31:37,13.6,-0.01,14,19040,卖盘
23,09:31:40,13.6,0.0,26,35360,卖盘
24,09:31:43,13.6,0.0,1,1360,买盘
25,09:31:46,13.58,-0.02,7,9506,卖盘
26,09:31:49,13.6,0.02,7,9520,买盘
27,09:31:52,13.58,-0.02,9,12222,卖盘
28,09:31:55,13.58,0.0,2,2716,买盘
29,09:31:57,13.58,0.0,1,1358,买盘
30,09:32:04,13.56,-0.02,2,2712,卖盘
31,09:32:10,13.56,0.0,3,4068,卖盘
32,09:32:12,13.58,0.02,18,24438,买盘
33,09:32:15,13.56,-0.02,30,40732,卖盘
34,09:32:19,13.56,0.0,46,62376,买盘
35,09:32:22,13.56,0.0,3,4068,买盘
36,09:32:25,13.56,0.0,27,36612,买盘
37,09:32:28,13.56,0.0,40,54240,买盘
38,09:32:31,13.56,0.0,4,5424,买盘
39,09:32:34,13.58,0.02,17,23086,买盘
40,09:32:37,13.58,0.0,15,20370,买盘
41,09:32:40,13.58,0.0,33,44814,买盘
42,09:32:43,13.6,0.02,98,133086,买盘
43,09:32:52,13.62,0.02,1,1362,买盘
44,09:32:58,13.62,0.0,5,6808,买盘
45,09:33:01,13.62,0.0,3,4086,买盘
46,09:33:04,13.6,-0.02,6,8160,买盘
47,09:33:07,13.6,0.0,6,8160,买盘
48,09:33:09,13.62,0.02,1,1362,买盘
49,09:33:31,13.62,0.0,5,6810,买盘
50,09:33:37,13.62,0.0,1,1362,买盘
51,09:33:39,13.61,-0.01,2,2723,卖盘
52,09:33:42,13.61,0.0,17,23137,买盘
53,09:33:58,13.6,-0.01,96,130560,卖盘
54,09:34:04,13.6,0.0,20,27200,买盘
55,09:34:07,13.61,0.01,100,136016,买盘
56,09:34:09,13.61,0.0,5,6805,买盘
57,09:34:13,13.61,0.0,2,2719,买盘
58,09:34:19,13.62,0.01,5,6810,买盘
59,09:34:22,13.62,0.0,14,19068,买盘
60,09:34:33,13.61,-0.01,37,50362,卖盘
61,09:34:40,13.61,0.0,1,1361,买盘
62,09:34:58,13.61,0.0,25,34025,买盘
63,09:35:01,13.6,-0.01,100,136048,卖盘
64,09:35:04,13.6,0.0,8,10880,买盘
65,09:35:07,13.6,0.0,2,2720,买盘
66,09:35:09,13.6,0.0,41,55760,买盘
67,09:35:12,13.6,0.0,10,13600,买盘
68,09:35:16,13.6,0.0,17,23120,买盘
69,09:35:19,13.6,0.0,63,85680,买盘
70,09:35:22,13.6,0.0,13,17680,买盘
71,09:35:25,13.61,0.01,4,5444,买盘
72,09:35:28,13.62,0.01,2,2724,买盘
73,09:35:31,13.62,0.0,80,108956,买盘
74,09:35:34,13.69,0.07,10,13685,买盘
75,09:35:40,13.69,0.0,1,1369,买盘
76,09:35:49,13.69,0.0,22,30118,买盘
77,09:35:52,13.69,0.0,9,12321,中性盘
78,09:35:57,13.7,0.01,90,123278,买盘
79,09:36:10,13.63,-0.07,350,479408,卖盘
80,09:36:16,13.63,0.0,10,13630,卖盘
81,09:36:22,13.63,0.0,22,30044,卖盘
82,09:36:31,13.64,0.01,18,24566,卖盘
83,09:36:37,13.65,0.01,17,23210,卖盘
84,09:36:40,13.65,0.0,3,4095,卖盘
85,09:36:42,13.67,0.02,6,8197,买盘
86,09:36:46,13.66,-0.01,6,8196,卖盘
87,09:36:55,13.67,0.01,5,6836,中性盘
88,09:37:04,13.67,0.0,11,15037,买盘
89,09:37:06,13.66,-0.01,1,1366,卖盘
90,09:37:13,13.66,0.0,1,1366,买盘
91,09:37:16,13.67,0.01,53,72449,买盘
92,09:37:19,13.66,-0.01,28,38263,卖盘
93,09:37:22,13.65,-0.01,10,13650,卖盘
94,09:37:24,13.65,0.0,15,20475,买盘
95,09:37:28,13.65,0.0,27,36855,买盘
96,09:37:34,13.65,0.0,22,30030,买盘
97,09:37:37,13.64,-0.01,25,34115,卖盘
98,09:37:39,13.65,0.01,3,4095,买盘
99,09:37:43,13.65,0.0,11,15015,买盘
100,09:37:46,13.65,0.0,10,13650,买盘
101,09:37:49,13.64,-0.01,5,6820,卖盘
102,09:37:52,13.64,0.0,3,4093,卖盘
103,09:37:55,13.65,0.01,32,43676,买盘
104,09:37:58,13.64,-0.01,3,4092,卖盘
105,09:38:01,13.65,0.01,2,2730,买盘
106,09:38:04,13.65,0.0,21,28645,买盘
107,09:38:10,13.65,0.0,4,5457,买盘
108,09:38:16,13.65,0.0,2,2730,买盘
109,09:38:21,13.65,0.0,31,42315,买盘
110,09:38:24,13.66,0.01,100,136536,买盘
111,09:38:28,13.66,0.0,24,32784,买盘
112,09:38:31,13.66,0.0,18,24588,买盘
113,09:38:34,13.66,0.0,1,1366,买盘
114,09:38:46,13.68,0.02,6,8208,买盘
115,09:38:49,13.68,0.0,1,1368,买盘
116,09:38:58,13.68,0.0,6,8208,买盘
117,09:39:06,13.67,-0.01,67,91614,卖盘
118,09:39:13,13.67,0.0,13,17771,买盘
119,09:39:19,13.67,0.0,1,1367,买盘
120,09:39:21,13.67,0.0,4,5468,买盘
121,09:39:31,13.67,0.0,57,77919,买盘
122,09:39:34,13.67,0.0,6,8202,买盘
123,09:39:37,13.67,0.0,18,24606,买盘
124,09:39:39,13.67,0.0,31,42377,买盘
125,09:39:43,13.67,0.0,55,75185,买盘
126,09:39:46,13.67,0.0,16,21857,买盘
127,09:39:49,13.67,0.0,1,1367,买盘
128,09:40:10,13.7,0.03,417,571188,买盘
129,09:40:12,13.7,0.0,31,42466,买盘
130,09:40:16,13.72,0.02,31,42532,买盘
131,09:40:19,13.72,0.0,11,15092,买盘
132,09:40:21,13.68,-0.04,11,15072,卖盘
133,09:40:34,13.69,0.01,15,20535,卖盘
134,09:40:37,13.69,0.0,11,15060,卖盘
135,09:40:43,13.72,0.03,20,27440,买盘
136,09:41:16,13.7,-0.02,15,20550,卖盘
137,09:41:19,13.71,0.01,1,1371,买盘
138,09:41:22,13.72,0.01,40,54860,买盘
139,09:41:25,13.72,0.0,32,43887,买盘
140,09:41:28,13.72,0.0,22,30194,卖盘
141,09:41:31,13.72,0.0,1,1372,卖盘
142,09:41:34,13.72,0.0,10,13720,卖盘
143,09:41:46,13.73,0.01,1,1373,买盘
144,09:41:52,13.72,-0.01,7,9604,卖盘
145,09:42:04,13.74,0.02,20,27480,买盘
146,09:42:06,13.72,-0.02,6,8232,卖盘
147,09:42:10,13.73,0.01,3,4119,买盘
148,09:42:13,13.74,0.01,5,6870,买盘
149,09:42:16,13.72,-0.02,7,9606,卖盘
150,09:42:19,13.74,0.02,1,1374,买盘
151,09:42:22,13.72,-0.02,2,2744,卖盘
152,09:42:25,13.74,0.02,15,20603,买盘
153,09:42:28,13.74,0.0,15,20600,买盘
154,09:42:30,13.74,0.0,12,16488,买盘
155,09:42:40,13.74,0.0,24,32975,买盘
156,09:42:46,13.74,0.0,4,5496,买盘
157,09:42:51,13.73,-0.01,42,57670,卖盘
158,09:42:54,13.73,0.0,13,17849,买盘
159,09:42:58,13.73,0.0,20,27460,买盘
160,09:43:04,13.73,0.0,19,26087,买盘
161,09:43:07,13.74,0.01,42,57708,买盘
162,09:43:09,13.73,-0.01,2,2746,卖盘
163,09:43:13,13.74,0.01,16,21980,买盘
164,09:43:16,13.74,0.0,4,5496,卖盘
165,09:43:18,13.74,0.0,18,24732,卖盘
166,09:43:22,13.74,0.0,2,2748,买盘
167,09:43:25,13.74,0.0,1,1374,卖盘
168,09:43:30,13.75,0.01,5,6875,买盘
169,09:43:34,13.74,-0.01,7,9618,卖盘
170,09:43:37,13.74,0.0,123,169131,卖盘
171,09:43:49,13.74,0.0,23,31602,买盘
172,09:43:51,13.73,-0.01,1,1373,卖盘
173,09:43:58,13.74,0.01,1,1374,买盘
174,09:44:10,13.73,-0.01,12,16487,卖盘
175,09:44:15,13.74,0.01,50,68700,买盘
176,09:44:19,13.74,0.0,1,1374,买盘
177,09:44:25,13.73,-0.01,6,8650,卖盘
178,09:44:28,13.74,0.01,50,68700,买盘
179,09:44:31,13.74,0.0,12,16488,买盘
180,09:44:34,13.73,-0.01,24,32968,卖盘
181,09:44:40,13.74,0.01,4,5496,买盘
182,09:44:43,13.76,0.02,30,41278,买盘
183,09:44:46,13.74,-0.02,1,1374,买盘
184,09:44:52,13.77,0.03,30,41282,买盘
185,09:44:55,13.73,-0.04,18,24303,卖盘
186,09:45:01,13.73,0.0,6,8238,买盘
187,09:45:04,13.72,-0.01,2,2744,卖盘
188,09:45:10,13.72,0.0,24,34094,卖盘
189,09:45:13,13.73,0.01,5,6865,买盘
190,09:45:16,13.73,0.0,10,13730,买盘
191,09:45:19,13.72,-0.01,15,20374,卖盘
192,09:45:22,13.73,0.01,69,94737,买盘
193,09:45:25,13.72,-0.01,49,67228,卖盘
194,09:45:28,13.72,0.0,18,24696,卖盘
195,09:45:30,13.72,0.0,6,8232,卖盘
196,09:45:34,13.7,-0.02,44,60341,卖盘
197,09:45:49,13.7,0.0,1,1370,卖盘
198,09:45:52,13.72,0.02,1,1372,买盘
199,09:45:54,13.71,-0.01,2,2742,中性盘
200,09:45:57,13.71,0.0,4,5484,买盘
201,09:46:04,13.7,-0.01,5,6850,卖盘
202,09:46:10,13.7,0.0,51,70144,卖盘
203,09:46:19,13.7,0.0,7,9590,卖盘
204,09:46:22,13.71,0.01,4,5481,买盘
205,09:46:25,13.71,0.0,2,2742,买盘
206,09:46:28,13.7,-0.01,17,23291,卖盘
207,09:46:31,13.7,0.0,19,26030,卖盘
208,09:46:40,13.71,0.01,3,4113,买盘
209,09:46:46,13.72,0.01,12,16462,买盘
210,09:46:49,13.71,-0.01,2,2742,卖盘
211,09:46:55,13.71,0.0,1,1371,买盘
212,09:46:58,13.72,0.01,12,16463,买盘
213,09:47:01,13.72,0.0,73,100156,卖盘
214,09:47:06,13.71,-0.01,17,23307,买盘
215,09:47:16,13.7,-0.01,3,4110,卖盘
216,09:47:22,13.71,0.01,1,1371,买盘
217,09:47:31,13.71,0.0,51,69920,买盘
218,09:47:34,13.7,-0.01,75,101517,卖盘
219,09:47:37,13.7,0.0,8,10960,买盘
220,09:47:42,13.69,-0.01,1,1369,卖盘
221,09:47:52,13.7,0.01,1,1370,买盘
222,09:48:04,13.69,-0.01,1,1369,卖盘
223,09:48:13,13.7,0.0,2,1507,卖盘
224,09:48:25,13.7,0.0,12,16440,买盘
225,09:48:37,13.7,0.0,49,67125,买盘
226,09:48:40,13.7,0.0,4,5480,买盘
227,09:48:43,13.7,0.0,1,1370,买盘
228,09:48:46,13.7,0.0,1,1370,买盘
229,09:48:49,13.7,0.0,1,1370,买盘
230,09:48:52,13.7,0.0,1,1370,买盘
231,09:49:10,13.7,0.0,15,20550,买盘
232,09:49:13,13.69,-0.01,11,15065,卖盘
233,09:49:16,13.7,0.01,7,9590,买盘
234,09:49:19,13.7,0.0,11,15070,买盘
235,09:49:28,13.72,0.02,49,67195,买盘
236,09:49:40,13.72,0.0,4,5488,买盘
237,09:49:43,13.7,-0.02,7,10138,卖盘
238,09:49:49,13.7,0.0,6,8220,卖盘
239,09:49:51,13.7,0.0,1,1370,卖盘
240,09:49:55,13.69,-0.01,1,1370,买盘
241,09:49:58,13.69,0.0,5,6845,卖盘
242,09:50:01,13.69,0.0,9,12321,卖盘
243,09:50:04,13.72,0.03,151,206647,买盘
244,09:50:07,13.67,-0.05,13,17771,卖盘
245,09:50:09,13.72,0.05,15,20525,买盘
246,09:50:13,13.71,-0.01,24,32893,中性盘
247,09:50:15,13.66,-0.05,4,5465,买盘
248,09:50:19,13.71,0.05,185,252739,买盘
249,09:50:25,13.71,0.0,59,80889,买盘
250,09:50:34,13.72,0.01,512,699801,买盘
251,09:50:37,13.72,0.0,17,23324,买盘
252,09:50:43,13.72,0.0,28,38416,买盘
253,09:50:46,13.72,0.0,39,53371,买盘
254,09:50:49,13.74,0.02,307,419834,买盘
255,09:50:55,13.75,0.01,10,13750,买盘
256,09:51:04,13.75,0.0,65,89282,买盘
257,09:51:06,13.76,0.01,48,66018,买盘
258,09:51:13,13.76,0.0,20,27505,卖盘
259,09:51:16,13.76,0.0,11,15136,买盘
260,09:51:19,13.77,0.01,10,13758,买盘
261,09:51:21,13.78,0.01,13,17905,买盘
262,09:51:30,13.76,-0.02,16,21986,买盘
263,09:51:34,13.76,0.0,51,70142,买盘
264,09:51:40,13.76,0.0,100,137558,买盘
265,09:51:42,13.7,-0.06,6,8232,卖盘
266,09:51:49,13.7,0.0,74,101322,买盘
267,09:52:04,13.68,-0.02,73,100206,卖盘
268,09:52:06,13.7,0.02,6,8220,买盘
269,09:52:10,13.75,0.05,4,5651,卖盘
270,09:52:13,13.75,0.0,10,13750,买盘
271,09:52:18,13.75,0.0,2,2745,买盘
272,09:52:28,13.75,0.0,4,5500,买盘
273,09:52:34,13.7,-0.05,68,93208,卖盘
274,09:52:37,13.75,0.05,21,28869,买盘
275,09:52:39,13.75,0.0,1,1375,买盘
276,09:52:43,13.75,0.0,3,4125,买盘
277,09:52:46,13.75,0.0,17,23375,买盘
278,09:52:49,13.71,-0.04,2,2742,卖盘
279,09:52:52,13.75,0.04,98,134539,买盘
280,09:52:58,13.75,0.0,3,4125,买盘
281,09:53:04,13.7,-0.05,135,185475,卖盘
282,09:53:10,13.76,0.06,54,74004,买盘
283,09:53:16,13.75,-0.01,9,12375,卖盘
284,09:53:19,13.7,-0.05,2,2740,卖盘
285,09:53:25,13.7,0.0,1,1370,买盘
286,09:53:28,13.7,0.0,5,6850,买盘
287,09:53:31,13.7,0.0,2,2740,买盘
288,09:53:34,13.68,-0.02,61,83509,卖盘
289,09:53:43,13.75,0.07,4,5500,买盘
290,09:53:49,13.7,-0.05,31,42485,卖盘
291,09:54:04,13.7,0.0,27,37007,卖盘
292,09:54:06,13.75,0.05,1,1375,买盘
293,09:54:09,13.75,0.0,3,4125,买盘
294,09:54:12,13.75,0.0,1,1375,买盘
295,09:54:19,13.71,-0.04,59,80936,卖盘
296,09:54:22,13.75,0.04,26,35750,买盘
297,09:54:28,13.75,0.0,80,110000,买盘
298,09:54:34,13.71,-0.04,56,76816,卖盘
299,09:54:39,13.74,0.03,4,5496,买盘
300,09:54:45,13.74,0.0,1,1374,买盘
301,09:54:49,13.72,-0.02,93,127600,卖盘
302,09:54:55,13.75,0.03,76,104500,买盘
303,09:55:03,13.73,-0.02,55,75532,卖盘
304,09:55:07,13.75,0.02,4,5500,买盘
305,09:55:19,13.75,0.0,10,13750,买盘
306,09:55:31,13.73,-0.02,100,137300,卖盘
307,09:55:37,13.74,0.01,26,35724,买盘
308,09:55:39,13.74,0.0,3,4122,买盘
309,09:55:43,13.74,0.0,21,28834,买盘
310,09:55:46,13.74,0.0,17,23358,买盘
311,09:55:49,13.74,0.0,17,23358,买盘
312,09:55:52,13.74,0.0,6,8244,买盘
313,09:55:55,13.75,0.01,27,37125,买盘
314,09:56:07,13.75,0.0,5,6875,买盘
315,09:56:10,13.74,-0.01,312,429374,卖盘
316,09:56:25,13.72,-0.02,103,141405,卖盘
317,09:56:31,13.72,0.0,9,12349,卖盘
318,09:56:40,13.72,0.0,105,144075,卖盘
319,09:56:58,13.73,0.01,20,27496,卖盘
320,09:57:01,13.74,0.01,3,4122,卖盘
321,09:57:06,13.74,0.0,1,1374,卖盘
322,09:57:10,13.76,0.02,25,34400,买盘
323,09:57:12,13.76,0.0,3,4128,买盘
324,09:57:19,13.76,0.0,7,9632,买盘
325,09:57:22,13.76,0.0,10,13760,买盘
326,09:57:25,13.76,0.0,15,20640,买盘
327,09:57:28,13.76,0.0,14,19270,买盘
328,09:57:31,13.76,0.0,3,4128,卖盘
329,09:57:34,13.76,0.0,12,16512,卖盘
330,09:57:37,13.77,0.01,7,9639,买盘
331,09:57:40,13.77,0.0,14,19278,买盘
332,09:57:43,13.78,0.01,4,5512,买盘
333,09:57:46,13.78,0.0,15,20666,买盘
334,09:57:49,13.78,0.0,8,11024,买盘
335,09:57:55,13.78,0.0,5,6890,买盘
336,09:58:01,13.78,0.0,55,75785,买盘
337,09:58:04,13.78,0.0,21,28938,买盘
338,09:58:10,13.79,0.01,51,70328,买盘
339,09:58:13,13.79,0.0,4,5516,买盘
340,09:58:19,13.77,-0.02,145,199737,卖盘
341,09:58:22,13.77,0.0,10,13770,买盘
342,09:58:25,13.77,0.0,2,2754,买盘
343,09:58:30,13.77,0.0,90,123930,买盘
344,09:58:33,13.75,-0.02,7,9630,卖盘
345,09:58:37,13.75,0.0,4,5500,买盘
346,09:58:40,13.75,0.0,11,15125,买盘
347,09:58:46,13.75,0.0,2,2750,买盘
348,09:58:52,13.75,0.0,15,20625,买盘
349,09:59:07,13.75,0.0,11,15125,买盘
350,09:59:10,13.77,0.02,9,12381,买盘
351,09:59:22,13.78,0.01,17,23426,买盘
352,09:59:28,13.78,0.0,1,1378,买盘
353,09:59:31,13.78,0.0,4,5512,买盘
354,09:59:37,13.78,0.0,3,4134,买盘
355,09:59:40,13.77,-0.01,4,5508,卖盘
356,09:59:43,13.77,0.0,5,6885,买盘
357,09:59:46,13.77,0.0,6,8262,买盘
358,09:59:49,13.77,0.0,10,13761,买盘
359,09:59:51,13.76,-0.01,9,12384,卖盘
360,09:59:55,13.77,0.01,14,19269,买盘
361,09:59:58,13.76,-0.01,10,13760,卖盘
362,10:00:01,13.77,0.01,22,30285,买盘
363,10:00:04,13.78,0.01,14,19282,买盘
364,10:00:07,13.78,0.0,44,60662,买盘
365,10:00:10,13.78,0.0,12,16536,卖盘
366,10:00:13,13.79,0.01,36,49633,买盘
367,10:00:16,13.79,0.0,165,227300,买盘
368,10:00:19,13.79,0.0,508,701136,卖盘
369,10:00:22,13.79,0.0,2,2758,卖盘
370,10:00:25,13.8,0.01,15,20700,中性盘
371,10:00:27,13.8,0.0,13,17940,卖盘
372,10:00:31,13.79,-0.01,6,8274,卖盘
373,10:00:33,13.8,0.01,96,132480,买盘
374,10:00:36,13.8,0.0,9,12420,卖盘
375,10:00:40,13.81,0.01,27,37264,中性盘
376,10:00:43,13.81,0.0,12,16572,卖盘
377,10:00:46,13.8,-0.01,206,284376,卖盘
378,10:00:49,13.79,-0.01,187,258192,卖盘
379,10:00:52,13.81,0.02,2,2762,买盘
380,10:00:55,13.82,0.01,206,284665,买盘
381,10:00:58,13.82,0.0,12,16584,卖盘
382,10:01:00,13.82,0.0,52,71868,卖盘
383,10:01:04,13.8,-0.02,1,1380,买盘
384,10:01:07,13.85,0.05,230,318090,买盘
385,10:01:13,13.79,-0.06,6,8274,卖盘
386,10:01:19,13.8,0.01,6,8280,中性盘
387,10:01:25,13.82,0.02,9,12438,买盘
388,10:01:31,13.85,0.03,16,22148,买盘
389,10:01:34,13.8,-0.05,133,183651,卖盘
390,10:01:37,13.8,0.0,20,27600,卖盘
391,10:01:46,13.8,0.0,20,27610,卖盘
392,10:01:58,13.8,0.0,15,20708,卖盘
393,10:02:01,13.81,0.01,12,16564,中性盘
394,10:02:10,13.8,-0.01,100,138000,卖盘
395,10:02:16,13.8,0.0,2,2760,卖盘
396,10:02:19,13.8,0.0,15,20700,买盘
397,10:02:22,13.8,0.0,6,8280,买盘
398,10:02:28,13.8,0.0,6,8280,买盘
399,10:02:31,13.81,0.01,5,6905,买盘
400,10:02:36,13.81,0.0,15,20715,买盘
401,10:02:46,13.81,0.0,18,24858,卖盘
402,10:02:49,13.8,-0.01,11,15187,卖盘
403,10:02:52,13.82,0.02,27,37289,买盘
404,10:03:01,13.82,0.0,6,8290,买盘
405,10:03:04,13.82,0.0,9,12438,买盘
406,10:03:10,13.81,-0.01,1,1381,卖盘
407,10:03:13,13.81,0.0,13,17953,买盘
408,10:03:19,13.81,0.0,10,13810,买盘
409,10:03:22,13.81,0.0,1,1381,买盘
410,10:03:25,13.81,0.0,5,6904,买盘
411,10:03:27,13.81,0.0,1,1381,买盘
412,10:03:31,13.81,0.0,8,11048,买盘
413,10:03:34,13.8,-0.01,7,9660,卖盘
414,10:03:40,13.81,0.01,39,53855,买盘
415,10:03:43,13.81,0.0,14,19330,买盘
416,10:03:45,13.82,0.01,34,46961,买盘
417,10:03:55,13.79,-0.03,29,40018,卖盘
418,10:03:57,13.81,0.02,20,27620,买盘
419,10:04:01,13.81,0.0,4,5524,买盘
420,10:04:04,13.8,-0.01,9,12420,卖盘
421,10:04:09,13.81,0.01,2,2762,买盘
422,10:04:15,13.8,-0.01,10,13808,卖盘
423,10:04:22,13.8,0.0,3,4140,卖盘
424,10:04:31,13.8,0.0,1,1380,卖盘
425,10:04:34,13.8,0.0,13,17945,卖盘
426,10:04:43,13.81,0.01,18,24843,买盘
427,10:04:49,13.81,0.0,1,1381,买盘
428,10:04:52,13.79,-0.02,6,8274,卖盘
429,10:05:00,13.82,0.03,9,12438,买盘
430,10:05:04,13.81,-0.01,3,4141,中性盘
431,10:05:10,13.81,0.0,4,5524,买盘
432,10:05:13,13.79,-0.02,3,4139,卖盘
433,10:05:16,13.82,0.03,15,20729,买盘
434,10:05:18,13.82,0.0,85,117470,买盘
435,10:05:22,13.79,-0.03,7,9654,卖盘
436,10:05:25,13.85,0.06,165,228205,买盘
437,10:05:28,13.87,0.02,96,133052,买盘
438,10:05:31,13.81,-0.06,77,106668,卖盘
439,10:05:33,13.89,0.08,49,68042,买盘
440,10:05:37,13.89,0.0,16,22224,买盘
441,10:05:40,13.81,-0.08,50,69113,卖盘
442,10:05:43,13.8,-0.01,57,78918,卖盘
443,10:05:46,13.81,0.01,46,63487,买盘
444,10:05:49,13.81,0.0,37,51097,买盘
445,10:05:51,13.8,-0.01,88,121490,卖盘
446,10:05:54,13.81,0.01,1,1381,中性盘
447,10:05:57,13.81,0.0,1,1381,卖盘
448,10:06:01,13.81,0.0,27,37305,卖盘
449,10:06:04,13.87,0.06,1,1387,买盘
450,10:06:07,13.87,0.0,340,469739,买盘
451,10:06:10,13.87,0.0,18,24966,买盘
452,10:06:13,13.82,-0.05,9,12438,卖盘
453,10:06:22,13.86,0.04,40,55440,买盘
454,10:06:31,13.86,0.0,4,5544,买盘
455,10:06:34,13.86,0.0,53,73449,买盘
456,10:06:37,13.86,0.0,1,1386,买盘
457,10:06:40,13.86,0.0,16,22176,买盘
458,10:06:46,13.87,0.01,2,2774,买盘
459,10:06:49,13.87,0.0,154,213598,买盘
460,10:07:01,13.89,0.02,3,4167,买盘
461,10:07:04,13.89,0.0,5,6945,买盘
462,10:07:13,13.9,0.01,52,72230,买盘
463,10:07:22,13.9,0.0,17,23625,买盘
464,10:07:25,13.89,-0.01,11,15279,卖盘
465,10:07:27,13.89,0.0,8,11112,买盘
466,10:07:30,13.9,0.01,7,9726,买盘
467,10:07:49,13.9,0.0,1,1390,买盘
468,10:07:52,13.87,-0.03,102,141550,卖盘
469,10:08:01,13.9,0.03,10,13895,买盘
470,10:08:04,13.9,0.0,6,8340,买盘
471,10:08:07,13.89,-0.01,1,1389,卖盘
472,10:08:19,13.89,0.0,10,13878,买盘
473,10:08:25,13.87,-0.02,20,27740,卖盘
474,10:08:27,13.89,0.02,101,140008,买盘
475,10:08:31,13.86,-0.03,7,9702,卖盘
476,10:08:34,13.89,0.03,70,97001,买盘
477,10:08:37,13.83,-0.06,29,40107,卖盘
478,10:08:39,13.83,0.0,4,5532,卖盘
479,10:08:43,13.83,0.0,3,4149,卖盘
480,10:08:46,13.83,0.0,54,74669,卖盘
481,10:08:49,13.88,0.05,5,6920,买盘
482,10:09:03,13.88,0.0,7,9716,买盘
483,10:09:07,13.85,-0.03,2,2770,卖盘
484,10:09:13,13.85,0.0,26,36010,买盘
485,10:09:16,13.85,0.0,19,26315,买盘
486,10:09:19,13.85,0.0,6,8310,买盘
487,10:09:33,13.87,0.02,6,8322,买盘
488,10:09:37,13.87,0.0,2,2774,买盘
489,10:09:52,13.85,-0.02,9,12465,卖盘
490,10:09:54,13.85,0.0,3,4155,卖盘
491,10:09:57,13.84,-0.01,2,2769,卖盘
492,10:10:00,13.84,0.0,2,2770,卖盘
493,10:10:04,13.85,0.01,14,19383,中性盘
494,10:10:07,13.83,-0.02,7,9687,卖盘
495,10:10:09,13.86,0.03,15,20766,买盘
496,10:10:13,13.82,-0.04,105,145200,卖盘
497,10:10:16,13.86,0.04,8,11084,买盘
498,10:10:19,13.87,0.01,4,5547,买盘
499,10:10:21,13.87,0.0,49,67933,买盘
500,10:10:24,13.87,0.0,64,88735,买盘
501,10:10:27,13.87,0.0,39,54093,买盘
502,10:10:31,13.87,0.0,7,9709,买盘
503,10:10:34,13.87,0.0,4,5548,买盘
504,10:10:37,13.87,0.0,4,5548,买盘
505,10:10:40,13.82,-0.05,72,99618,卖盘
506,10:10:52,13.87,0.05,21,29127,买盘
507,10:11:04,13.87,0.0,22,30514,买盘
508,10:11:06,13.82,-0.05,51,70506,卖盘
509,10:11:12,13.82,0.0,11,15202,卖盘
510,10:11:25,13.87,0.05,100,138688,买盘
511,10:11:27,13.86,-0.01,1,1386,中性盘
512,10:11:30,13.83,-0.03,3,4152,卖盘
513,10:11:33,13.86,0.03,9,12474,买盘
514,10:11:55,13.83,-0.03,5,6915,卖盘
515,10:12:04,13.86,0.03,4,5544,买盘
516,10:12:09,13.86,0.0,9,12474,买盘
517,10:12:13,13.86,0.0,1,1386,买盘
518,10:12:28,13.85,-0.01,12,16620,卖盘
519,10:12:31,13.86,0.01,48,66528,买盘
520,10:12:33,13.87,0.01,12,16678,买盘
521,10:12:46,13.86,-0.01,17,23562,卖盘
522,10:12:49,13.86,0.0,17,23562,卖盘
523,10:12:52,13.87,0.01,13,18031,买盘
524,10:12:55,13.86,-0.01,30,41580,卖盘
525,10:12:57,13.86,0.0,15,20790,卖盘
526,10:13:01,13.87,0.01,10,13870,买盘
527,10:13:04,13.87,0.0,4,5548,买盘
528,10:13:07,13.86,-0.01,11,15249,卖盘
529,10:13:19,13.86,0.0,5,6930,卖盘
530,10:13:22,13.86,0.0,52,72030,卖盘
531,10:13:33,13.85,-0.01,4,5540,买盘
532,10:13:37,13.85,0.0,1,1385,买盘
533,10:13:40,13.85,0.0,9,12465,买盘
534,10:13:43,13.85,0.0,1,1385,买盘
535,10:13:46,13.85,0.0,1,1385,买盘
536,10:13:48,13.85,0.0,1,1385,买盘
537,10:13:52,13.85,0.0,2,2770,买盘
538,10:13:55,13.85,0.0,1,1385,买盘
539,10:13:58,13.85,0.0,1,1385,买盘
540,10:14:01,13.85,0.0,6,8310,买盘
541,10:14:04,13.85,0.0,3,4155,买盘
542,10:14:07,13.85,0.0,1,1385,买盘
543,10:14:10,13.84,-0.01,7,9688,卖盘
544,10:14:12,13.85,0.01,3,4197,买盘
545,10:14:25,13.88,0.03,72,99896,买盘
546,10:14:37,13.88,0.0,4,5552,买盘
547,10:14:40,13.89,0.01,51,70800,买盘
548,10:14:45,13.89,0.0,15,20835,买盘
549,10:14:49,13.89,0.0,36,50004,买盘
550,10:14:52,13.89,0.0,25,34725,买盘
551,10:15:07,13.89,0.0,4,5554,买盘
552,10:15:09,13.85,-0.04,50,69254,卖盘
553,10:15:28,13.89,0.04,20,27780,买盘
554,10:15:31,13.89,0.0,1,1389,买盘
555,10:15:37,13.89,0.0,3,4167,买盘
556,10:15:52,13.86,-0.03,12,16632,卖盘
557,10:15:58,13.85,-0.01,22,30498,卖盘
558,10:16:01,13.85,0.0,6,8310,卖盘
559,10:16:06,13.88,0.03,6,8322,买盘
560,10:16:09,13.86,-0.02,6,8316,卖盘
561,10:16:16,13.88,0.02,1,1388,买盘
562,10:16:28,13.88,0.0,107,148322,买盘
563,10:16:30,13.88,0.0,3,4164,买盘
564,10:16:36,13.86,-0.02,69,95643,卖盘
565,10:16:40,13.86,0.0,17,23562,卖盘
566,10:16:51,13.86,0.0,2,2772,卖盘
567,10:16:58,13.86,0.0,56,77619,卖盘
568,10:17:01,13.86,0.0,10,13860,卖盘
569,10:17:04,13.85,-0.01,15,20775,卖盘
570,10:17:07,13.86,0.01,16,22161,买盘
571,10:17:13,13.85,-0.01,40,55358,卖盘
572,10:17:37,13.85,0.0,4,5540,买盘
573,10:17:40,13.84,-0.01,6,8304,卖盘
574,10:17:58,13.85,0.01,6,8310,买盘
575,10:18:07,13.85,0.0,1,1385,买盘
576,10:18:22,13.84,-0.01,10,13840,卖盘
577,10:18:24,13.84,0.0,21,29064,卖盘
578,10:18:27,13.85,0.01,40,55400,买盘
579,10:18:37,13.85,0.0,1,1385,买盘
580,10:18:49,13.84,-0.01,12,16608,卖盘
581,10:18:55,13.84,0.0,27,37368,卖盘
582,10:19:31,13.84,0.0,20,27680,买盘
583,10:19:40,13.84,0.0,30,41520,买盘
584,10:19:43,13.83,-0.01,15,20745,卖盘
585,10:19:46,13.84,0.01,8,11072,买盘
586,10:19:49,13.84,0.0,21,29058,买盘
587,10:19:52,13.83,-0.01,6,8298,卖盘
588,10:19:54,13.83,0.0,6,8298,卖盘
589,10:19:58,13.83,0.0,17,23511,卖盘
590,10:20:01,13.83,0.0,50,69150,卖盘
591,10:20:04,13.83,0.0,49,67758,买盘
592,10:20:07,13.82,-0.01,17,23499,卖盘
593,10:20:10,13.83,0.01,13,17967,买盘
594,10:20:13,13.82,-0.01,12,16584,卖盘
595,10:20:16,13.82,0.0,12,16584,卖盘
596,10:20:18,13.82,0.0,49,67718,卖盘
597,10:20:46,13.81,-0.01,137,189212,卖盘
598,10:20:49,13.81,0.0,1,1381,买盘
599,10:20:58,13.81,0.0,5,6905,买盘
600,10:21:13,13.8,-0.01,10,13800,卖盘
601,10:21:22,13.81,0.01,4,5524,买盘
602,10:21:28,13.81,0.0,11,15191,买盘
603,10:21:31,13.81,0.0,15,20715,买盘
604,10:21:34,13.81,0.0,14,19334,买盘
605,10:21:39,13.81,0.0,10,13810,买盘
606,10:21:43,13.81,0.0,16,22096,买盘
607,10:21:46,13.81,0.0,5,6905,买盘
608,10:21:49,13.81,0.0,30,41430,买盘
609,10:21:58,13.81,0.0,22,30382,卖盘
610,10:22:04,13.83,0.02,3,4149,买盘
611,10:22:15,13.82,-0.01,50,69100,买盘
612,10:22:19,13.82,0.0,9,12438,买盘
613,10:22:22,13.82,0.0,17,23412,买盘
614,10:22:28,13.81,-0.01,15,19920,卖盘
615,10:22:37,13.81,0.0,5,7554,卖盘
616,10:22:43,13.82,0.01,10,13820,买盘
617,10:22:46,13.84,0.02,107,148033,买盘
618,10:22:49,13.84,0.0,11,15338,买盘
619,10:22:58,13.82,-0.02,1,1382,卖盘
620,10:23:04,13.82,0.0,34,46988,卖盘
621,10:23:12,13.82,0.0,3,4146,卖盘
622,10:23:16,13.81,-0.01,29,40067,卖盘
623,10:23:19,13.81,0.0,17,23477,卖盘
624,10:23:22,13.81,0.0,28,38679,卖盘
625,10:23:25,13.81,0.0,47,64907,卖盘
626,10:23:28,13.8,-0.01,33,45161,卖盘
627,10:23:31,13.8,0.0,10,13807,卖盘
628,10:23:34,13.8,0.0,31,42790,卖盘
629,10:23:37,13.8,0.0,30,41400,卖盘
630,10:23:40,13.8,0.0,22,30360,卖盘
631,10:23:43,13.8,0.0,9,12420,卖盘
632,10:23:46,13.8,0.0,8,11040,卖盘
633,10:23:52,13.8,0.0,30,41400,卖盘
634,10:23:55,13.8,0.0,9,12820,卖盘
635,10:23:57,13.8,0.0,24,33120,卖盘
636,10:24:01,13.8,0.0,26,35880,卖盘
637,10:24:04,13.8,0.0,26,35880,卖盘
638,10:24:07,13.8,0.0,25,34500,卖盘
639,10:24:10,13.8,0.0,85,117346,卖盘
640,10:24:12,13.8,0.0,39,53378,卖盘
641,10:24:19,13.8,0.0,5,6900,中性盘
642,10:24:25,13.8,0.0,8,11040,买盘
643,10:24:28,13.79,-0.01,17,23455,卖盘
644,10:24:34,13.81,0.02,8,11048,买盘
645,10:24:39,13.81,0.0,2,2762,买盘
646,10:25:10,13.81,0.0,5,6905,买盘
647,10:25:18,13.8,-0.01,5,6900,卖盘
648,10:25:25,13.8,0.0,15,20700,卖盘
649,10:25:43,13.81,0.01,2,2762,买盘
650,10:25:49,13.8,-0.01,6,8280,卖盘
651,10:26:01,13.8,0.0,10,13805,卖盘
652,10:26:10,13.82,0.02,1,1382,买盘
653,10:26:13,13.8,-0.02,18,24840,卖盘
654,10:26:22,13.8,0.0,2,2760,卖盘
655,10:26:24,13.8,0.0,9,12420,买盘
656,10:26:40,13.82,0.02,3,4146,买盘
657,10:26:46,13.8,-0.02,5,6900,卖盘
658,10:26:54,13.81,0.01,11,15191,买盘
659,10:27:25,13.8,-0.01,10,13800,卖盘
660,10:27:28,13.81,0.01,3,4143,买盘
661,10:27:34,13.82,0.01,30,41460,买盘
662,10:27:37,13.83,0.01,17,23505,买盘
663,10:28:01,13.82,-0.01,12,16582,买盘
664,10:28:12,13.82,0.0,5,6910,买盘
665,10:28:16,13.82,0.0,6,8292,买盘
666,10:28:27,13.82,0.0,1,1382,卖盘
667,10:28:31,13.83,0.01,2,2766,买盘
668,10:29:01,13.83,0.0,2,2766,买盘
669,10:29:31,13.82,-0.01,5,6910,买盘
670,10:29:43,13.82,0.0,5,6910,买盘
671,10:29:49,13.81,-0.01,2,2762,卖盘
672,10:29:55,13.81,0.0,2,2762,卖盘
673,10:29:57,13.81,0.0,2,2762,卖盘
674,10:30:00,13.81,0.0,2,2762,卖盘
675,10:30:04,13.81,0.0,4,5524,卖盘
676,10:30:07,13.81,0.0,3,4143,卖盘
677,10:30:10,13.82,0.01,28,38680,买盘
678,10:30:13,13.82,0.0,20,27637,买盘
679,10:30:15,13.83,0.01,146,201866,买盘
680,10:30:19,13.84,0.01,123,170157,买盘
681,10:30:22,13.84,0.0,3,4152,买盘
682,10:30:24,13.84,0.0,40,55360,买盘
683,10:30:28,13.84,0.0,1,1384,买盘
684,10:30:31,13.84,0.0,1,1384,买盘
685,10:30:34,13.84,0.0,22,30448,买盘
686,10:30:37,13.84,0.0,6,8304,买盘
687,10:30:43,13.84,0.0,4,5536,买盘
688,10:30:46,13.84,0.0,1,1384,买盘
689,10:30:49,13.84,0.0,10,13840,买盘
690,10:30:52,13.83,-0.01,15,20745,卖盘
691,10:31:09,13.84,0.01,5,6920,买盘
692,10:31:12,13.84,0.0,1,1384,买盘
693,10:31:16,13.84,0.0,3,4152,卖盘
694,10:31:19,13.84,0.0,1,1384,买盘
695,10:31:31,13.84,0.0,1,1384,买盘
696,10:31:34,13.84,0.0,6,8304,买盘
697,10:31:58,13.83,-0.01,8,11064,卖盘
698,10:32:01,13.83,0.0,3,4149,卖盘
699,10:32:04,13.84,0.01,14,19367,买盘
700,10:32:07,13.83,-0.01,23,31802,卖盘
701,10:32:10,13.82,-0.01,1,1382,卖盘
702,10:32:28,13.81,-0.01,5,6905,卖盘
703,10:32:34,13.81,0.0,1,1381,买盘
704,10:32:36,13.81,0.0,2,2762,买盘
705,10:32:40,13.81,0.0,11,15191,买盘
706,10:32:43,13.8,-0.01,8,11040,卖盘
707,10:32:55,13.8,0.0,6,8284,卖盘
708,10:33:04,13.81,0.01,3,4143,卖盘
709,10:33:07,13.81,0.0,15,20715,卖盘
710,10:33:10,13.8,-0.01,19,26230,卖盘
711,10:34:04,13.81,0.01,3,4143,卖盘
712,10:34:07,13.8,-0.01,47,64863,卖盘
713,10:34:13,13.8,0.0,17,23460,卖盘
714,10:34:18,13.8,0.0,17,23460,卖盘
715,10:34:22,13.8,0.0,6,8280,卖盘
716,10:34:24,13.8,0.0,4,5520,卖盘
717,10:34:27,13.8,0.0,6,8280,卖盘
718,10:34:31,13.8,0.0,54,74520,卖盘
719,10:34:55,13.8,0.0,7,9660,买盘
720,10:35:16,13.8,0.0,1,1380,买盘
721,10:35:21,13.8,0.0,10,13800,买盘
722,10:35:28,13.8,0.0,2,2760,买盘
723,10:35:34,13.79,-0.01,3,4137,卖盘
724,10:35:37,13.79,0.0,6,8274,卖盘
725,10:35:39,13.79,0.0,17,23450,卖盘
726,10:35:42,13.79,0.0,6,8274,卖盘
727,10:35:49,13.8,0.01,2,2760,买盘
728,10:35:52,13.79,-0.01,36,49644,卖盘
729,10:35:55,13.79,0.0,17,23443,卖盘
730,10:35:58,13.79,0.0,12,16548,卖盘
731,10:36:01,13.79,0.0,3,4137,卖盘
732,10:36:07,13.79,0.0,228,314412,卖盘
733,10:36:10,13.78,-0.01,31,42739,卖盘
734,10:36:13,13.78,0.0,53,73034,卖盘
735,10:36:15,13.79,0.01,50,68950,买盘
736,10:36:18,13.77,-0.02,79,108837,卖盘
737,10:36:28,13.76,-0.01,31,42682,卖盘
738,10:36:34,13.76,0.0,20,27520,卖盘
739,10:36:52,13.77,0.01,1,1377,中性盘
740,10:36:58,13.76,-0.01,30,41280,卖盘
741,10:37:24,13.77,0.01,1,1377,卖盘
742,10:37:31,13.77,0.0,3,4131,买盘
743,10:37:42,13.77,0.0,3,4131,卖盘
744,10:37:46,13.77,0.0,104,143208,买盘
745,10:37:49,13.76,-0.01,21,28913,卖盘
746,10:37:52,13.76,0.0,100,137600,卖盘
747,10:38:12,13.77,0.01,2,2754,买盘
748,10:38:15,13.77,0.0,1,1377,买盘
749,10:38:46,13.77,0.0,4,5508,买盘
750,10:39:06,13.77,0.0,2,2754,买盘
751,10:39:19,13.77,0.0,17,23409,买盘
752,10:39:49,13.76,-0.01,3,4128,卖盘
753,10:39:51,13.76,0.0,3,4128,卖盘
754,10:39:55,13.76,0.0,3,4128,卖盘
755,10:39:58,13.76,0.0,3,4128,卖盘
756,10:40:00,13.76,0.0,3,4128,卖盘
757,10:40:04,13.76,0.0,3,4128,卖盘
758,10:40:07,13.76,0.0,3,4128,卖盘
759,10:40:10,13.76,0.0,3,4128,卖盘
760,10:40:13,13.76,0.0,3,4128,卖盘
761,10:40:16,13.76,0.0,11,15136,卖盘
762,10:40:18,13.78,0.02,100,137742,买盘
763,10:40:33,13.77,-0.01,2,2754,卖盘
764,10:40:48,13.77,0.0,4,5508,卖盘
765,10:41:21,13.77,0.0,10,13770,卖盘
766,10:41:24,13.78,0.01,4,5512,买盘
767,10:41:30,13.78,0.0,20,27560,买盘
768,10:41:40,13.78,0.0,3,4134,买盘
769,10:41:57,13.78,0.0,3,4134,买盘
770,10:42:04,13.77,-0.01,40,55080,卖盘
771,10:42:10,13.78,0.01,37,50952,买盘
772,10:42:31,13.77,-0.01,5,6885,卖盘
773,10:42:36,13.78,0.01,50,68900,买盘
774,10:42:40,13.78,0.0,4,5512,买盘
775,10:43:07,13.78,0.0,3,4134,买盘
776,10:43:10,13.79,0.01,4,5516,买盘
777,10:43:40,13.79,0.0,1,1379,买盘
778,10:43:48,13.79,0.0,4,5516,买盘
779,10:44:22,13.78,-0.01,1,1378,卖盘
780,10:44:40,13.78,0.0,10,13780,卖盘
781,10:44:42,13.78,0.0,5,6890,卖盘
782,10:44:45,13.78,0.0,20,27560,买盘
783,10:45:09,13.78,0.0,5,6890,买盘
784,10:45:52,13.77,-0.01,20,27540,卖盘
785,10:45:58,13.78,0.01,5,6890,买盘
786,10:46:04,13.77,-0.01,5,6885,卖盘
787,10:46:12,13.77,0.0,10,13774,卖盘
788,10:46:18,13.77,0.0,2,2754,买盘
789,10:46:24,13.78,0.01,12,16536,买盘
790,10:46:27,13.77,-0.01,1,1377,卖盘
791,10:46:34,13.77,0.0,20,27540,买盘
792,10:46:37,13.77,0.0,7,9639,卖盘
793,10:46:42,13.78,0.01,1,1378,买盘
794,10:46:52,13.78,0.0,6,8268,买盘
795,10:46:55,13.8,0.02,17,23448,买盘
796,10:47:04,13.81,0.01,21,28996,买盘
797,10:47:07,13.77,-0.04,25,34516,卖盘
798,10:47:31,13.77,0.0,14,19278,卖盘
799,10:47:58,13.8,0.03,6,8280,买盘
800,10:48:13,13.8,0.0,5,6900,买盘
801,10:48:31,13.8,0.0,2,2760,买盘
802,10:48:43,13.79,-0.01,1,1379,买盘
803,10:49:34,13.79,0.0,7,9653,买盘
804,10:49:36,13.77,-0.02,4,5508,卖盘
805,10:49:48,13.77,0.0,1,1377,卖盘
806,10:49:51,13.77,0.0,1,1377,卖盘
807,10:49:55,13.77,0.0,1,1377,卖盘
808,10:49:58,13.77,0.0,1,1377,卖盘
809,10:50:10,13.78,0.01,1,1378,卖盘
810,10:50:12,13.79,0.01,2,2757,买盘
811,10:50:16,13.78,-0.01,1,1378,卖盘
812,10:50:18,13.78,0.0,4,5512,卖盘
813,10:50:31,13.78,0.0,3,4134,卖盘
814,10:50:51,13.78,0.0,7,9646,卖盘
815,10:51:19,13.78,0.0,5,6890,卖盘
816,10:52:07,13.79,0.01,12,16548,买盘
817,10:52:13,13.79,0.0,4,5516,买盘
818,10:52:28,13.79,0.0,3,4137,买盘
819,10:52:33,13.79,0.0,2,2758,买盘
820,10:52:43,13.8,0.01,3,4139,买盘
821,10:52:49,13.79,-0.01,4,5516,卖盘
822,10:53:13,13.8,0.01,4,5520,买盘
823,10:53:16,13.8,0.0,5,6900,买盘
824,10:53:19,13.8,0.0,15,20700,买盘
825,10:53:30,13.8,0.0,30,41400,买盘
826,10:53:34,13.8,0.0,15,20700,买盘
827,10:53:40,13.8,0.0,9,12420,买盘
828,10:53:43,13.79,-0.01,5,6895,卖盘
829,10:53:45,13.8,0.01,3,4140,买盘
830,10:53:51,13.8,0.0,20,27600,买盘
831,10:53:54,13.8,0.0,14,19320,买盘
832,10:53:57,13.8,0.0,28,38640,买盘
833,10:54:04,13.79,-0.01,1,1379,卖盘
834,10:54:06,13.8,0.01,28,38640,买盘
835,10:54:10,13.8,0.0,67,92460,买盘
836,10:54:16,13.8,0.0,1,1380,买盘
837,10:54:25,13.8,0.0,2,2760,买盘
838,10:54:34,13.79,-0.01,53,73087,卖盘
839,10:54:45,13.79,0.0,4,5516,买盘
840,10:54:49,13.78,-0.01,4,5512,卖盘
841,10:54:52,13.79,0.01,10,13790,买盘
842,10:55:01,13.79,0.0,4,5516,买盘
843,10:55:04,13.79,0.0,49,67571,买盘
844,10:55:15,13.79,0.0,3,4137,买盘
845,10:55:21,13.79,0.0,30,41370,买盘
846,10:55:45,13.8,0.01,31,42780,买盘
847,10:55:52,13.79,-0.01,20,27580,卖盘
848,10:55:55,13.79,0.0,1,1379,买盘
849,10:56:46,13.79,0.0,3,4137,买盘
850,10:56:52,13.78,-0.01,6,8268,卖盘
851,10:56:58,13.79,0.01,18,24822,买盘
852,10:57:04,13.79,0.0,1,1379,买盘
853,10:57:09,13.79,0.0,7,9653,买盘
854,10:57:46,13.79,0.0,16,22069,卖盘
855,10:58:16,13.79,0.0,3,4137,买盘
856,10:58:37,13.78,-0.01,6,8268,卖盘
857,10:58:39,13.79,0.01,5,6895,买盘
858,10:58:45,13.79,0.0,1,1379,买盘
859,10:58:51,13.79,0.0,1,1379,卖盘
860,10:59:09,13.79,0.0,1,1379,卖盘
861,10:59:33,13.8,0.01,30,41400,买盘
862,10:59:36,13.8,0.0,15,20700,买盘
863,10:59:43,13.8,0.0,10,13800,买盘
864,10:59:49,13.8,0.0,20,27597,买盘
865,10:59:55,13.8,0.0,38,52436,买盘
866,10:59:58,13.8,0.0,3,4140,买盘
867,11:00:01,13.79,-0.01,6,8274,卖盘
868,11:00:04,13.79,0.0,5,6895,卖盘
869,11:00:06,13.79,0.0,1,1379,卖盘
870,11:00:10,13.79,0.0,1,1379,卖盘
871,11:00:13,13.78,-0.01,6,8268,卖盘
872,11:00:16,13.78,0.0,6,8268,卖盘
873,11:00:28,13.78,0.0,50,68900,卖盘
874,11:01:00,13.79,0.01,3,4137,卖盘
875,11:01:04,13.79,0.0,8,11032,卖盘
876,11:01:19,13.8,0.01,2,2760,买盘
877,11:01:25,13.78,-0.02,81,111618,卖盘
878,11:01:43,13.8,0.02,30,41400,买盘
879,11:01:48,13.77,-0.03,94,129438,卖盘
880,11:02:49,13.8,0.03,1,1380,买盘
881,11:02:55,13.78,-0.02,41,56498,卖盘
882,11:03:10,13.78,0.0,8,11023,买盘
883,11:03:16,13.79,0.01,2,2758,卖盘
884,11:03:21,13.77,-0.02,17,23409,卖盘
885,11:03:49,13.79,0.02,17,23417,买盘
886,11:03:55,13.79,0.0,3,4137,买盘
887,11:04:01,13.77,-0.02,11,15147,卖盘
888,11:04:06,13.77,0.0,11,15147,买盘
889,11:04:10,13.77,0.0,3,4131,买盘
890,11:04:13,13.77,0.0,51,70227,买盘
891,11:04:15,13.79,0.02,57,78549,买盘
892,11:04:18,13.79,0.0,23,31717,买盘
893,11:04:22,13.79,0.0,6,8274,买盘
894,11:04:49,13.79,0.0,3,4137,买盘
895,11:05:16,13.79,0.0,25,34475,买盘
896,11:05:19,13.79,0.0,1,1379,买盘
897,11:05:52,13.8,0.01,69,95194,买盘
898,11:05:54,13.8,0.0,15,20700,买盘
899,11:06:40,13.8,0.0,10,13800,买盘
900,11:06:49,13.8,0.0,3,4140,买盘
901,11:06:54,13.79,-0.01,1,1379,卖盘
902,11:06:57,13.79,0.0,5,6895,卖盘
903,11:07:07,13.8,0.01,5,6900,买盘
904,11:07:34,13.8,0.0,5,6900,买盘
905,11:08:49,13.8,0.0,10,13800,买盘
906,11:09:00,13.8,0.0,7,9660,买盘
907,11:09:07,13.8,0.0,10,13800,买盘
908,11:09:19,13.8,0.0,1,1380,买盘
909,11:09:34,13.8,0.0,4,5520,买盘
910,11:09:46,13.8,0.0,5,6900,买盘
911,11:09:51,13.79,-0.01,5,6895,卖盘
912,11:10:10,13.78,-0.01,3,4135,卖盘
913,11:10:13,13.78,0.0,6,8268,卖盘
914,11:10:16,13.78,0.0,2,2756,卖盘
915,11:10:49,13.78,0.0,2,2756,卖盘
916,11:11:13,13.8,0.02,5,6900,买盘
917,11:11:21,13.8,0.0,1,1380,买盘
918,11:11:24,13.8,0.0,66,91022,买盘
919,11:11:28,13.78,-0.02,1,1378,卖盘
920,11:11:34,13.78,0.0,3,4134,卖盘
921,11:11:46,13.79,0.01,11,15169,中性盘
922,11:12:01,13.78,-0.01,1,1102,卖盘
923,11:12:07,13.78,0.0,12,16536,卖盘
924,11:12:13,13.78,0.0,11,15158,卖盘
925,11:12:21,13.79,0.01,2,2758,买盘
926,11:12:39,13.79,0.0,6,8274,买盘
927,11:12:43,13.79,0.0,2,2758,买盘
928,11:12:52,13.78,-0.01,16,22052,卖盘
929,11:12:54,13.79,0.01,1,1379,买盘
930,11:12:57,13.78,-0.01,11,15158,卖盘
931,11:13:16,13.78,0.0,12,16536,卖盘
932,11:13:18,13.78,0.0,170,234536,卖盘
933,11:13:21,13.78,0.0,3,4134,买盘
934,11:13:25,13.78,0.0,55,75772,买盘
935,11:13:28,13.77,-0.01,3,4131,卖盘
936,11:13:36,13.77,0.0,12,16524,卖盘
937,11:13:43,13.78,0.01,4,5236,买盘
938,11:13:46,13.78,0.0,1,1378,卖盘
939,11:13:49,13.78,0.0,5,6890,卖盘
940,11:13:57,13.78,0.0,8,11300,卖盘
941,11:14:01,13.77,-0.01,2,2754,卖盘
942,11:14:10,13.77,0.0,3,4131,卖盘
943,11:14:21,13.77,0.0,18,24786,卖盘
944,11:14:27,13.77,0.0,12,16524,卖盘
945,11:14:31,13.77,0.0,20,27540,卖盘
946,11:14:36,13.77,0.0,2,2754,卖盘
947,11:14:39,13.76,-0.01,10,13769,卖盘
948,11:14:49,13.76,0.0,9,12384,卖盘
949,11:14:52,13.76,0.0,3,4128,卖盘
950,11:14:55,13.75,-0.01,439,603843,卖盘
951,11:14:58,13.75,0.0,10,13750,买盘
952,11:15:10,13.73,-0.02,27,37093,卖盘
953,11:15:18,13.73,0.0,4,5492,卖盘
954,11:15:25,13.73,0.0,66,90618,卖盘
955,11:15:37,13.73,0.0,19,26087,卖盘
956,11:15:43,13.73,0.0,7,9611,买盘
957,11:15:48,13.73,0.0,1,1373,买盘
958,11:15:55,13.73,0.0,5,6865,买盘
959,11:15:58,13.73,0.0,9,12632,卖盘
960,11:16:06,13.75,0.02,50,68750,买盘
961,11:16:09,13.72,-0.03,127,174278,卖盘
962,11:16:13,13.75,0.03,1,1375,买盘
963,11:16:42,13.75,0.0,1,1375,卖盘
964,11:16:57,13.75,0.0,4,5500,卖盘
965,11:17:21,13.78,0.03,1,1378,买盘
966,11:17:24,13.73,-0.05,24,32952,卖盘
967,11:17:27,13.72,-0.01,9,12352,卖盘
968,11:17:34,13.72,0.0,12,16464,卖盘
969,11:18:25,13.76,0.04,1,1376,买盘
970,11:18:54,13.73,-0.03,6,8239,卖盘
971,11:18:58,13.73,0.0,28,38526,卖盘
972,11:19:04,13.73,0.0,12,16476,卖盘
973,11:19:06,13.73,0.0,12,16476,卖盘
974,11:19:51,13.73,0.0,2,2746,卖盘
975,11:19:57,13.73,0.0,3,4119,卖盘
976,11:20:00,13.73,0.0,2,2746,卖盘
977,11:20:04,13.74,0.01,1,1374,卖盘
978,11:21:01,13.74,0.0,1,1374,卖盘
979,11:21:15,13.76,0.02,3,4128,买盘
980,11:21:21,13.74,-0.02,14,19236,卖盘
981,11:21:30,13.76,0.02,4,5504,买盘
982,11:21:45,13.76,0.0,54,74304,买盘
983,11:22:33,13.77,0.01,13,17901,买盘
984,11:23:04,13.78,0.01,10,13780,买盘
985,11:23:51,13.78,0.0,71,97838,买盘
986,11:23:54,13.78,0.0,1,1378,买盘
987,11:24:12,13.78,0.0,10,13780,买盘
988,11:24:24,13.77,-0.01,9,12393,卖盘
989,11:24:31,13.77,0.0,18,24786,买盘
990,11:24:33,13.78,0.01,30,41337,买盘
991,11:24:36,13.78,0.0,15,20670,买盘
992,11:25:57,13.78,0.0,3,4134,买盘
993,11:26:12,13.78,0.0,7,9646,买盘
994,11:26:21,13.77,-0.01,1,1377,卖盘
995,11:26:28,13.78,0.01,1,1378,买盘
996,11:26:36,13.77,-0.01,15,20655,卖盘
997,11:26:39,13.77,0.0,18,24786,卖盘
998,11:26:58,13.78,0.01,1,1378,买盘
999,11:27:28,13.78,0.0,3,4134,买盘
1000,11:27:46,13.78,0.0,18,24804,买盘
1001,11:27:52,13.77,-0.01,4,5511,卖盘
1002,11:27:57,13.78,0.01,14,19292,买盘
1003,11:28:22,13.77,-0.01,4,5508,卖盘
1004,11:28:27,13.78,0.01,5,6890,买盘
1005,11:28:33,13.77,-0.01,3,4131,卖盘
1006,11:29:07,13.77,0.0,5,6885,卖盘
1007,11:29:12,13.76,-0.01,16,22016,卖盘
1008,11:29:24,13.76,0.0,5,6880,卖盘
1009,13:00:07,13.78,0.02,72,99216,买盘
1010,13:00:09,13.78,0.0,5,6890,卖盘
1011,13:00:12,13.77,-0.01,23,31677,卖盘
1012,13:00:15,13.76,-0.01,17,23402,卖盘
1013,13:00:24,13.76,0.0,6,8256,卖盘
1014,13:00:27,13.79,0.03,11,15142,买盘
1015,13:00:30,13.76,-0.03,24,33024,卖盘
1016,13:00:33,13.76,0.0,6,8256,卖盘
1017,13:00:48,13.76,0.0,1,1376,卖盘
1018,13:00:57,13.78,0.02,1,1378,买盘
1019,13:01:07,13.76,-0.02,1,1376,卖盘
1020,13:01:57,13.78,0.02,2,2756,买盘
1021,13:02:04,13.76,-0.02,1,1376,卖盘
1022,13:02:09,13.76,0.0,2,2752,卖盘
1023,13:02:12,13.76,0.0,1,1376,卖盘
1024,13:02:15,13.76,0.0,1,1376,卖盘
1025,13:02:19,13.76,0.0,1,1376,卖盘
1026,13:02:21,13.76,0.0,1,1376,卖盘
1027,13:02:24,13.76,0.0,1,1376,卖盘
1028,13:02:27,13.78,0.02,2,2754,买盘
1029,13:02:30,13.77,-0.01,2,2754,卖盘
1030,13:02:40,13.77,0.0,5,6885,卖盘
1031,13:03:51,13.78,0.01,50,68900,买盘
1032,13:04:21,13.77,-0.01,1,1377,卖盘
1033,13:04:25,13.77,0.0,2,2754,卖盘
1034,13:04:39,13.77,0.0,4,5508,买盘
1035,13:04:42,13.77,0.0,10,13770,买盘
1036,13:04:45,13.77,0.0,3,4131,买盘
1037,13:04:51,13.76,-0.01,10,13760,卖盘
1038,13:04:57,13.77,0.01,1,1377,买盘
1039,13:05:15,13.77,0.0,12,16524,买盘
1040,13:05:28,13.77,0.0,1,1377,买盘
1041,13:06:04,13.77,0.0,1,1377,买盘
1042,13:06:07,13.77,0.0,1,1377,买盘
1043,13:06:22,13.76,-0.01,3,3853,卖盘
1044,13:06:30,13.76,0.0,3,4128,卖盘
1045,13:06:33,13.76,0.0,3,4128,卖盘
1046,13:06:40,13.76,0.0,50,68800,卖盘
1047,13:06:42,13.77,0.01,10,13770,买盘
1048,13:06:54,13.77,0.0,2,2754,买盘
1049,13:06:58,13.77,0.0,5,6885,买盘
1050,13:07:06,13.76,-0.01,1,1376,卖盘
1051,13:07:15,13.76,0.0,20,27520,卖盘
1052,13:07:33,13.77,0.01,1,1377,买盘
1053,13:07:37,13.77,0.0,8,11016,买盘
1054,13:07:39,13.77,0.0,31,42687,买盘
1055,13:07:48,13.78,0.01,7,9646,买盘
1056,13:07:54,13.78,0.0,1,1378,买盘
1057,13:08:00,13.78,0.0,4,5512,买盘
1058,13:08:21,13.79,0.01,35,48265,买盘
1059,13:08:24,13.79,0.0,3,4137,卖盘
1060,13:08:27,13.79,0.0,1,1379,卖盘
1061,13:09:04,13.8,0.01,33,45540,买盘
1062,13:09:30,13.79,-0.01,6,8274,买盘
1063,13:09:46,13.79,0.0,15,20685,买盘
1064,13:10:00,13.79,0.0,15,20685,买盘
1065,13:10:04,13.8,0.01,57,78651,买盘
1066,13:10:10,13.8,0.0,13,17940,买盘
1067,13:10:30,13.8,0.0,2,2760,买盘
1068,13:10:36,13.8,0.0,7,9660,买盘
1069,13:10:39,13.8,0.0,10,13800,买盘
1070,13:10:55,13.79,-0.01,2,2758,卖盘
1071,13:11:06,13.8,0.01,1,1380,买盘
1072,13:11:13,13.79,-0.01,1,1379,买盘
1073,13:11:16,13.79,0.0,3,4137,卖盘
1074,13:11:22,13.78,-0.01,2,2757,卖盘
1075,13:11:36,13.79,0.01,10,13790,买盘
1076,13:12:00,13.79,0.0,2,2758,买盘
1077,13:12:07,13.78,-0.01,2,2756,卖盘
1078,13:12:13,13.78,0.0,2,2756,卖盘
1079,13:12:19,13.78,0.0,2,2756,卖盘
1080,13:12:21,13.78,0.0,10,13780,卖盘
1081,13:12:24,13.77,-0.01,2,2754,卖盘
1082,13:12:27,13.77,0.0,2,2754,卖盘
1083,13:12:31,13.77,0.0,3,4131,卖盘
1084,13:12:43,13.78,0.01,1,1378,买盘
1085,13:12:48,13.78,0.0,10,13780,买盘
1086,13:12:51,13.78,0.0,1,1378,买盘
1087,13:13:30,13.77,-0.01,17,23409,卖盘
1088,13:13:34,13.77,0.0,2,2754,买盘
1089,13:13:36,13.77,0.0,2,2754,买盘
1090,13:13:43,13.78,0.01,1,1378,买盘
1091,13:13:58,13.79,0.01,6,8274,买盘
1092,13:14:13,13.79,0.0,2,2758,买盘
1093,13:14:19,13.79,0.0,10,13790,买盘
1094,13:14:40,13.78,-0.01,15,20670,卖盘
1095,13:14:43,13.78,0.0,3,4134,买盘
1096,13:14:45,13.78,0.0,3,4134,买盘
1097,13:14:49,13.8,0.02,20,27596,买盘
1098,13:15:00,13.79,-0.01,12,16548,买盘
1099,13:15:04,13.8,0.01,17,23460,买盘
1100,13:15:09,13.8,0.0,5,6900,买盘
1101,13:15:15,13.8,0.0,5,6900,买盘
1102,13:15:34,13.8,0.0,10,13800,买盘
1103,13:15:39,13.79,-0.01,10,13790,卖盘
1104,13:15:51,13.8,0.01,8,11040,买盘
1105,13:16:04,13.79,-0.01,18,24822,卖盘
1106,13:16:18,13.79,0.0,19,26201,卖盘
1107,13:16:30,13.76,-0.03,115,158528,卖盘
1108,13:16:36,13.76,0.0,13,17613,买盘
1109,13:17:01,13.77,0.01,19,26163,中性盘
1110,13:17:18,13.79,0.02,10,13790,卖盘
1111,13:17:37,13.79,0.0,4,5516,卖盘
1112,13:18:27,13.76,-0.03,17,23392,卖盘
1113,13:18:30,13.76,0.0,6,8256,卖盘
1114,13:18:33,13.75,-0.01,24,33007,卖盘
1115,13:18:40,13.75,0.0,39,53649,卖盘
1116,13:18:45,13.75,0.0,8,11007,卖盘
1117,13:18:54,13.75,0.0,47,64643,卖盘
1118,13:19:01,13.75,0.0,32,44000,卖盘
1119,13:19:04,13.75,0.0,7,9625,卖盘
1120,13:19:10,13.75,0.0,7,9625,卖盘
1121,13:19:13,13.75,0.0,6,8250,卖盘
1122,13:19:16,13.75,0.0,6,8250,卖盘
1123,13:19:19,13.75,0.0,3,4125,卖盘
1124,13:19:34,13.74,-0.01,30,41233,卖盘
1125,13:19:49,13.75,0.01,4,5170,卖盘
1126,13:20:36,13.75,0.0,1,1375,卖盘
1127,13:20:55,13.74,-0.01,25,34363,卖盘
1128,13:21:16,13.74,0.0,1,1374,卖盘
1129,13:21:43,13.75,0.01,18,24733,买盘
1130,13:21:48,13.74,-0.01,17,23358,卖盘
1131,13:21:51,13.74,0.0,19,26106,卖盘
1132,13:21:58,13.74,0.0,24,32976,卖盘
1133,13:22:01,13.75,0.01,10,13750,买盘
1134,13:22:04,13.74,-0.01,7,9618,卖盘
1135,13:22:06,13.75,0.01,8,10997,买盘
1136,13:22:09,13.75,0.0,5,6875,卖盘
1137,13:22:13,13.75,0.0,5,6875,卖盘
1138,13:22:16,13.75,0.0,4,5500,卖盘
1139,13:22:18,13.75,0.0,1,1375,卖盘
1140,13:22:21,13.75,0.0,1,1375,卖盘
1141,13:22:24,13.74,-0.01,5,6870,卖盘
1142,13:22:27,13.74,0.0,5,6870,卖盘
1143,13:22:30,13.75,0.01,3,4125,卖盘
1144,13:22:36,13.74,-0.01,15,20616,卖盘
1145,13:23:06,13.75,0.01,1,1375,卖盘
1146,13:23:33,13.75,0.0,18,24750,卖盘
1147,13:23:51,13.76,0.01,7,9632,买盘
1148,13:24:09,13.77,0.01,10,13770,买盘
1149,13:24:21,13.77,0.0,20,27540,买盘
1150,13:25:10,13.79,0.02,10,13790,买盘
1151,13:25:52,13.79,0.0,10,13790,买盘
1152,13:26:12,13.79,0.0,9,12406,买盘
1153,13:27:00,13.79,0.0,21,28948,买盘
1154,13:27:04,13.77,-0.02,2,2754,卖盘
1155,13:27:19,13.77,0.0,34,46826,卖盘
1156,13:27:27,13.78,0.01,1,1378,卖盘
1157,13:28:18,13.76,-0.02,6,8256,卖盘
1158,13:28:22,13.76,0.0,19,26144,买盘
1159,13:28:42,13.76,0.0,11,15136,买盘
1160,13:28:55,13.75,-0.01,26,35750,卖盘
1161,13:29:16,13.75,0.0,22,30250,卖盘
1162,13:29:33,13.76,0.01,5,6880,买盘
1163,13:29:51,13.76,0.0,6,8256,买盘
1164,13:30:12,13.76,0.0,1,1376,买盘
1165,13:30:37,13.76,0.0,2,2752,买盘
1166,13:31:07,13.75,-0.01,1,1375,卖盘
1167,13:31:18,13.76,0.01,10,13760,买盘
1168,13:31:24,13.76,0.0,15,20640,买盘
1169,13:31:27,13.75,-0.01,10,13750,卖盘
1170,13:31:43,13.75,0.0,1,1375,卖盘
1171,13:31:55,13.76,0.01,4,5504,买盘
1172,13:31:57,13.76,0.0,27,37152,买盘
1173,13:32:04,13.75,-0.01,7,9629,卖盘
1174,13:32:07,13.76,0.01,13,17885,买盘
1175,13:32:09,13.76,0.0,8,11004,买盘
1176,13:32:12,13.76,0.0,23,31644,买盘
1177,13:32:15,13.76,0.0,3,4128,卖盘
1178,13:32:18,13.76,0.0,1,1376,卖盘
1179,13:32:22,13.76,0.0,1,1376,卖盘
1180,13:32:25,13.75,-0.01,5,6875,卖盘
1181,13:32:28,13.75,0.0,5,6875,卖盘
1182,13:32:31,13.75,0.0,5,6875,卖盘
1183,13:32:36,13.75,0.0,14,19250,卖盘
1184,13:32:46,13.75,0.0,20,27500,买盘
1185,13:33:07,13.75,0.0,10,13750,买盘
1186,13:33:48,13.74,-0.01,200,274811,卖盘
1187,13:33:57,13.74,0.0,4,5496,卖盘
1188,13:34:04,13.74,0.0,17,23358,卖盘
1189,13:34:07,13.74,0.0,17,23358,卖盘
1190,13:34:12,13.74,0.0,4,5496,卖盘
1191,13:34:16,13.74,0.0,3,4122,卖盘
1192,13:34:22,13.73,-0.01,17,23343,卖盘
1193,13:34:25,13.73,0.0,17,23342,卖盘
1194,13:34:30,13.73,0.0,3,4119,卖盘
1195,13:34:34,13.73,0.0,3,4119,卖盘
1196,13:34:36,13.73,0.0,6,8238,卖盘
1197,13:34:40,13.73,0.0,42,57666,卖盘
1198,13:34:43,13.72,-0.01,30,41160,买盘
1199,13:34:46,13.73,0.01,4,5492,卖盘
1200,13:34:52,13.72,-0.01,6,8233,卖盘
1201,13:35:31,13.72,0.0,1,1372,卖盘
1202,13:36:10,13.74,0.02,16,21984,卖盘
1203,13:36:22,13.72,-0.02,17,23338,卖盘
1204,13:36:27,13.73,0.01,4,5492,买盘
1205,13:36:30,13.73,0.0,1,1373,卖盘
1206,13:37:06,13.73,0.0,17,23341,卖盘
1207,13:37:13,13.73,0.0,13,17849,买盘
1208,13:38:19,13.73,0.0,8,10435,卖盘
1209,13:38:49,13.73,0.0,1,1373,卖盘
1210,13:38:55,13.73,0.0,8,11533,卖盘
1211,13:39:00,13.73,0.0,41,56293,买盘
1212,13:39:07,13.73,0.0,24,32394,买盘
1213,13:39:10,13.73,0.0,14,19222,卖盘
1214,13:39:27,13.73,0.0,1,1373,卖盘
1215,13:39:45,13.73,0.0,15,20595,买盘
1216,13:40:25,13.72,-0.01,100,137238,卖盘
1217,13:40:42,13.72,0.0,14,19209,卖盘
1218,13:40:54,13.72,0.0,80,109760,卖盘
1219,13:41:34,13.75,0.03,35,48105,买盘
1220,13:41:36,13.73,-0.02,18,24748,卖盘
1221,13:41:39,13.72,-0.01,67,92445,卖盘
1222,13:41:43,13.72,0.0,17,23324,买盘
1223,13:42:01,13.72,0.0,15,20580,买盘
1224,13:42:04,13.71,-0.01,19,26059,卖盘
1225,13:42:07,13.72,0.01,12,16455,买盘
1226,13:42:10,13.71,-0.01,59,80889,卖盘
1227,13:42:13,13.71,0.0,19,26056,卖盘
1228,13:42:16,13.71,0.0,12,16452,卖盘
1229,13:42:19,13.71,0.0,3,4113,卖盘
1230,13:42:21,13.7,-0.01,12,16440,卖盘
1231,13:42:24,13.7,0.0,12,16440,卖盘
1232,13:42:28,13.72,0.02,15,20556,买盘
1233,13:42:31,13.7,-0.02,12,16440,卖盘
1234,13:42:43,13.7,0.0,14,19728,卖盘
1235,13:43:01,13.7,0.0,1,1370,卖盘
1236,13:43:04,13.72,0.02,13,17836,买盘
1237,13:43:19,13.7,-0.02,131,178933,卖盘
1238,13:43:37,13.69,-0.01,1,1369,卖盘
1239,13:43:43,13.7,0.01,10,13700,买盘
1240,13:43:46,13.7,0.0,8,10955,买盘
1241,13:43:52,13.7,0.0,3,4110,买盘
1242,13:44:00,13.69,-0.01,17,23273,卖盘
1243,13:44:04,13.68,-0.01,20,27374,卖盘
1244,13:44:13,13.68,0.0,6,8208,卖盘
1245,13:44:28,13.68,0.0,3,4104,卖盘
1246,13:44:36,13.68,0.0,1,1368,卖盘
1247,13:44:52,13.69,0.01,10,13690,买盘
1248,13:45:01,13.68,-0.01,4,5472,卖盘
1249,13:45:18,13.68,0.0,40,54720,卖盘
1250,13:45:21,13.69,0.01,15,20534,买盘
1251,13:45:27,13.68,-0.01,1,1368,卖盘
1252,13:45:34,13.68,0.0,2,2736,买盘
1253,13:45:40,13.68,0.0,1,1368,买盘
1254,13:45:55,13.69,0.01,17,23273,中性盘
1255,13:45:57,13.68,-0.01,8,10944,卖盘
1256,13:46:10,13.69,0.01,9,12321,买盘
1257,13:46:24,13.7,0.01,17,23286,买盘
1258,13:46:48,13.7,0.0,4,5480,买盘
1259,13:46:55,13.7,0.0,6,8220,买盘
1260,13:47:01,13.7,0.0,2,2740,买盘
1261,13:47:48,13.7,0.0,21,28770,买盘
1262,13:47:58,13.7,0.0,2,2740,买盘
1263,13:48:04,13.7,0.0,12,16440,买盘
1264,13:48:10,13.7,0.0,12,16440,买盘
1265,13:48:12,13.72,0.02,13,17827,买盘
1266,13:48:21,13.65,-0.07,1222,1668694,卖盘
1267,13:48:27,13.64,-0.01,5,6820,卖盘
1268,13:48:34,13.64,0.0,12,16376,卖盘
1269,13:49:15,13.69,0.05,17,23273,买盘
1270,13:49:49,13.69,0.0,15,20534,买盘
1271,13:50:01,13.69,0.0,3,4107,买盘
1272,13:51:49,13.68,-0.01,1,1368,卖盘
1273,13:51:54,13.69,0.01,17,23259,买盘
1274,13:52:04,13.66,-0.03,1,1366,卖盘
1275,13:52:07,13.66,0.0,1,1366,卖盘
1276,13:52:16,13.67,0.01,1,1367,卖盘
1277,13:52:18,13.67,0.0,2,2734,卖盘
1278,13:52:21,13.67,0.0,1,1367,卖盘
1279,13:52:25,13.67,0.0,21,28707,卖盘
1280,13:52:27,13.68,0.01,3,4102,买盘
1281,13:52:30,13.68,0.0,3,4104,卖盘
1282,13:52:36,13.68,0.0,3,4104,卖盘
1283,13:52:39,13.66,-0.02,63,86111,卖盘
1284,13:52:45,13.65,-0.01,37,50505,买盘
1285,13:53:09,13.65,0.0,17,23207,卖盘
1286,13:53:16,13.68,0.03,20,27351,买盘
1287,13:53:18,13.68,0.0,17,23256,买盘
1288,13:53:22,13.69,0.01,34,46544,买盘
1289,13:53:25,13.69,0.0,40,54760,买盘
1290,13:53:27,13.69,0.0,17,23273,买盘
1291,13:53:36,13.68,-0.01,1,1368,买盘
1292,13:54:24,13.68,0.0,1,1368,卖盘
1293,13:54:33,13.68,0.0,13,17784,卖盘
1294,13:54:39,13.68,0.0,10,13680,卖盘
1295,13:54:46,13.69,0.01,10,13690,买盘
1296,13:54:49,13.65,-0.04,12,16390,卖盘
1297,13:55:01,13.65,0.0,12,16380,卖盘
1298,13:55:04,13.65,0.0,12,16380,卖盘
1299,13:55:07,13.66,0.01,6,8196,卖盘
1300,13:55:10,13.66,0.0,6,8196,卖盘
1301,13:56:21,13.66,0.0,6,8196,卖盘
1302,13:56:25,13.66,0.0,21,28686,卖盘
1303,13:56:28,13.66,0.0,3,4098,卖盘
1304,13:56:31,13.69,0.03,15,20517,买盘
1305,13:56:34,13.66,-0.03,38,51908,卖盘
1306,13:56:40,13.65,-0.01,13,17776,卖盘
1307,13:56:43,13.65,0.0,3,4095,卖盘
1308,13:56:45,13.65,0.0,3,4095,卖盘
1309,13:56:49,13.68,0.03,14,19143,中性盘
1310,13:56:58,13.68,0.0,8,10944,卖盘
1311,13:57:01,13.68,0.0,1,1368,卖盘
1312,13:57:07,13.69,0.01,2,2738,买盘
1313,13:57:09,13.69,0.0,10,13690,买盘
1314,13:57:19,13.69,0.0,11,15059,买盘
1315,13:57:25,13.69,0.0,2,2738,卖盘
1316,13:57:37,13.69,0.0,10,13690,卖盘
1317,13:57:52,13.7,0.01,12,16440,买盘
1318,13:58:01,13.7,0.0,18,24658,买盘
1319,13:58:04,13.7,0.0,17,23290,买盘
1320,13:58:13,13.7,0.0,10,13700,买盘
1321,13:58:18,13.69,-0.01,3,4107,卖盘
1322,13:58:22,13.7,0.01,5,6850,买盘
1323,13:58:27,13.7,0.0,17,23290,买盘
1324,13:58:33,13.7,0.0,5,6850,买盘
1325,13:58:42,13.7,0.0,16,21920,买盘
1326,13:58:48,13.7,0.0,15,20550,买盘
1327,13:59:01,13.7,0.0,27,36990,买盘
1328,13:59:10,13.7,0.0,1,1370,买盘
1329,13:59:22,13.71,0.01,17,23307,买盘
1330,13:59:31,13.7,-0.01,11,15070,卖盘
1331,13:59:42,13.71,0.01,16,21936,买盘
1332,13:59:48,13.7,-0.01,10,13700,卖盘
1333,13:59:58,13.7,0.0,48,65760,卖盘
1334,14:00:01,13.7,0.0,12,16440,买盘
1335,14:00:13,13.7,0.0,15,20550,买盘
1336,14:00:19,13.69,-0.01,8,10952,卖盘
1337,14:00:22,13.7,0.01,17,23278,买盘
1338,14:00:36,13.7,0.0,6,8220,买盘
1339,14:00:39,13.68,-0.02,1,1368,卖盘
1340,14:00:42,13.7,0.02,6,8220,买盘
1341,14:00:51,13.69,-0.01,5,6845,卖盘
1342,14:01:10,13.7,0.01,17,23290,买盘
1343,14:01:22,13.7,0.0,14,19180,买盘
1344,14:01:24,13.7,0.0,1,1370,买盘
1345,14:01:27,13.71,0.01,50,68511,买盘
1346,14:01:37,13.69,-0.02,20,27380,卖盘
1347,14:02:01,13.69,0.0,5,6845,买盘
1348,14:02:04,13.69,0.0,7,9583,买盘
1349,14:02:06,13.68,-0.01,10,13685,卖盘
1350,14:02:10,13.68,0.0,4,5472,卖盘
1351,14:02:12,13.67,-0.01,2,2735,卖盘
1352,14:02:16,13.67,0.0,5,6835,卖盘
1353,14:02:19,13.67,0.0,6,8202,卖盘
1354,14:02:22,13.67,0.0,5,6835,卖盘
1355,14:02:24,13.68,0.01,5,6840,卖盘
1356,14:02:27,13.68,0.0,4,5472,卖盘
1357,14:02:30,13.68,0.0,1,1368,卖盘
1358,14:02:48,13.68,0.0,1,1368,卖盘
1359,14:03:07,13.69,0.01,11,15059,买盘
1360,14:03:51,13.69,0.0,12,16428,买盘
1361,14:03:54,13.68,-0.01,3,4104,卖盘
1362,14:04:13,13.68,0.0,5,6840,卖盘
1363,14:04:57,13.68,0.0,9,12312,买盘
1364,14:05:13,13.65,-0.03,170,232596,卖盘
1365,14:05:28,13.69,0.04,8,10946,买盘
1366,14:06:00,13.66,-0.03,1,1366,卖盘
1367,14:07:24,13.66,0.0,23,31465,卖盘
1368,14:07:42,13.66,0.0,4,5464,卖盘
1369,14:07:54,13.66,0.0,3,4098,卖盘
1370,14:08:10,13.65,-0.01,30,40953,卖盘
1371,14:08:37,13.68,0.03,15,20519,买盘
1372,14:08:42,13.67,-0.01,3,4101,卖盘
1373,14:09:07,13.68,0.01,8,10944,卖盘
1374,14:09:16,13.69,0.01,104,142364,买盘
1375,14:09:40,13.68,-0.01,6,8208,卖盘
1376,14:09:48,13.69,0.01,38,52022,买盘
1377,14:09:52,13.69,0.0,18,24642,买盘
1378,14:09:55,13.69,0.0,3,4107,买盘
1379,14:09:58,13.69,0.0,18,24642,买盘
1380,14:10:01,13.69,0.0,5,6845,卖盘
1381,14:10:07,13.7,0.01,19,26030,买盘
1382,14:10:13,13.7,0.0,1,1370,卖盘
1383,14:10:54,13.71,0.01,3,4113,买盘
1384,14:11:06,13.71,0.0,10,13710,买盘
1385,14:11:34,13.69,-0.02,9,12329,卖盘
1386,14:11:37,13.69,0.0,3,4107,卖盘
1387,14:11:45,13.71,0.02,55,75405,买盘
1388,14:11:48,13.71,0.0,3,4113,卖盘
1389,14:12:04,13.69,-0.02,4,5476,卖盘
1390,14:12:06,13.69,0.0,4,5476,卖盘
1391,14:12:10,13.69,0.0,2,2740,卖盘
1392,14:12:12,13.69,0.0,1,1369,卖盘
1393,14:12:15,13.68,-0.01,4,5472,卖盘
1394,14:12:19,13.68,0.0,4,5472,卖盘
1395,14:12:22,13.68,0.0,1,1368,卖盘
1396,14:12:25,13.68,0.0,1,1368,卖盘
1397,14:12:28,13.69,0.01,5,6845,卖盘
1398,14:12:30,13.69,0.0,4,5476,卖盘
1399,14:12:36,13.69,0.0,1,1369,卖盘
1400,14:13:43,13.7,0.01,40,54800,买盘
1401,14:13:58,13.69,-0.01,25,34225,卖盘
1402,14:14:36,13.7,0.01,20,27388,买盘
1403,14:14:49,13.7,0.0,17,23289,买盘
1404,14:17:00,13.69,-0.01,3,4107,买盘
1405,14:17:18,13.68,-0.01,42,57456,卖盘
1406,14:17:34,13.68,0.0,1,1368,买盘
1407,14:17:36,13.68,0.0,1,1368,买盘
1408,14:17:49,13.68,0.0,2,2736,买盘
1409,14:17:55,13.68,0.0,17,23256,买盘
1410,14:17:57,13.68,0.0,3,4104,买盘
1411,14:18:33,13.68,0.0,1,1368,买盘
1412,14:18:52,13.67,-0.01,1,1367,卖盘
1413,14:19:04,13.68,0.01,10,13680,买盘
1414,14:20:37,13.68,0.0,7,9576,买盘
1415,14:20:40,13.68,0.0,15,20520,买盘
1416,14:20:43,13.68,0.0,36,49248,买盘
1417,14:20:49,13.68,0.0,10,13680,买盘
1418,14:20:52,13.68,0.0,27,36926,买盘
1419,14:20:55,13.68,0.0,17,23256,买盘
1420,14:20:58,13.68,0.0,6,8208,买盘
1421,14:21:00,13.68,0.0,10,13680,买盘
1422,14:21:04,13.68,0.0,2,2736,买盘
1423,14:21:06,13.68,0.0,1,1368,买盘
1424,14:21:09,13.69,0.01,8,10329,买盘
1425,14:21:16,13.69,0.0,8,10952,卖盘
1426,14:21:31,13.69,0.0,7,9589,卖盘
1427,14:22:00,13.69,0.0,9,12321,卖盘
1428,14:22:04,13.69,0.0,3,4107,卖盘
1429,14:22:06,13.69,0.0,3,4107,卖盘
1430,14:22:09,13.69,0.0,1,1369,卖盘
1431,14:22:13,13.69,0.0,1,1369,卖盘
1432,14:22:16,13.69,0.0,3,4107,卖盘
1433,14:22:19,13.69,0.0,3,4107,卖盘
1434,14:22:22,13.69,0.0,4,5476,卖盘
1435,14:22:24,13.68,-0.01,27,36980,卖盘
1436,14:22:28,13.68,0.0,5,6840,卖盘
1437,14:22:31,13.68,0.0,5,6840,卖盘
1438,14:22:40,13.7,0.02,17,23285,买盘
1439,14:23:01,13.69,-0.01,39,53391,卖盘
1440,14:23:04,13.69,0.0,1,1369,买盘
1441,14:23:22,13.68,-0.01,3,4104,卖盘
1442,14:23:34,13.68,0.0,10,13680,卖盘
1443,14:24:04,13.68,0.0,6,8208,卖盘
1444,14:24:07,13.68,0.0,10,13680,卖盘
1445,14:24:15,13.68,0.0,2,2736,卖盘
1446,14:24:57,13.68,0.0,7,9576,卖盘
1447,14:25:19,13.69,0.01,4,5476,买盘
1448,14:25:43,13.69,0.0,6,8214,买盘
1449,14:25:58,13.69,0.0,10,13690,买盘
1450,14:26:12,13.69,0.0,28,38332,买盘
1451,14:26:36,13.68,-0.01,32,44392,卖盘
1452,14:26:43,13.68,0.0,10,13680,买盘
1453,14:26:55,13.68,0.0,17,23256,买盘
1454,14:27:06,13.68,0.0,17,23256,买盘
1455,14:27:27,13.67,-0.01,27,36909,卖盘
1456,14:27:37,13.67,0.0,39,53313,卖盘
1457,14:27:43,13.67,0.0,9,12303,卖盘
1458,14:27:48,13.67,0.0,34,46478,卖盘
1459,14:27:51,13.67,0.0,10,13670,卖盘
1460,14:28:10,13.66,-0.01,6,8196,卖盘
1461,14:28:13,13.66,0.0,83,113651,卖盘
1462,14:28:16,13.66,0.0,10,13660,卖盘
1463,14:28:19,13.66,0.0,10,13660,卖盘
1464,14:28:21,13.66,0.0,10,13660,卖盘
1465,14:28:25,13.66,0.0,10,13660,卖盘
1466,14:28:28,13.66,0.0,10,13660,卖盘
1467,14:28:31,13.66,0.0,15,20490,卖盘
1468,14:28:34,13.67,0.01,32,43729,买盘
1469,14:28:37,13.66,-0.01,11,15026,卖盘
1470,14:28:40,13.66,0.0,24,32528,卖盘
1471,14:28:43,13.65,-0.01,14,19110,卖盘
1472,14:28:46,13.65,0.0,12,16380,卖盘
1473,14:28:49,13.65,0.0,18,24570,卖盘
1474,14:28:51,13.65,0.0,19,25935,卖盘
1475,14:28:55,13.65,0.0,10,13650,卖盘
1476,14:28:58,13.65,0.0,1,956,买盘
1477,14:29:00,13.64,-0.01,18,24552,卖盘
1478,14:29:03,13.64,0.0,18,24552,卖盘
1479,14:29:06,13.66,0.02,40,54544,买盘
1480,14:29:13,13.66,0.0,10,13660,买盘
1481,14:29:24,13.66,0.0,17,23222,买盘
1482,14:29:31,13.66,0.0,17,23222,买盘
1483,14:29:43,13.66,0.0,10,13660,买盘
1484,14:29:52,13.65,-0.01,2,2730,卖盘
1485,14:29:54,13.66,0.01,27,36882,买盘
1486,14:30:00,13.66,0.0,9,12567,买盘
1487,14:30:04,13.68,0.02,17,23256,买盘
1488,14:30:25,13.68,0.0,5,6840,买盘
1489,14:30:46,13.68,0.0,26,35568,买盘
1490,14:30:52,13.68,0.0,10,13680,买盘
1491,14:31:06,13.68,0.0,46,62928,买盘
1492,14:31:12,13.68,0.0,5,6840,买盘
1493,14:31:25,13.68,0.0,5,6840,买盘
1494,14:31:54,13.68,0.0,2,2735,买盘
1495,14:31:58,13.68,0.0,2,2736,买盘
1496,14:32:01,13.68,0.0,1,1368,买盘
1497,14:32:04,13.67,-0.01,3,4101,卖盘
1498,14:32:06,13.67,0.0,2,2734,卖盘
1499,14:32:10,13.67,0.0,11,15037,卖盘
1500,14:32:12,13.68,0.01,21,29479,买盘
1501,14:32:15,13.68,0.0,1,1368,卖盘
1502,14:32:27,13.69,0.01,35,47874,买盘
1503,14:32:34,13.69,0.0,42,57364,买盘
1504,14:32:36,13.64,-0.05,42,56544,卖盘
1505,14:32:40,13.64,0.0,6,8184,买盘
1506,14:32:46,13.64,0.0,50,68200,买盘
1507,14:32:48,13.64,0.0,27,36828,买盘
1508,14:32:51,13.64,0.0,14,19846,买盘
1509,14:33:04,13.68,0.04,5,6840,买盘
1510,14:33:19,13.64,-0.04,52,70988,卖盘
1511,14:33:22,13.64,0.0,21,28647,卖盘
1512,14:33:36,13.63,-0.01,3,4089,卖盘
1513,14:33:43,13.64,0.01,5,6820,买盘
1514,14:33:46,13.63,-0.01,3,4089,卖盘
1515,14:33:49,13.63,0.0,3,4089,卖盘
1516,14:33:52,13.64,0.01,6,8184,买盘
1517,14:33:54,13.64,0.0,10,13634,买盘
1518,14:34:10,13.64,0.0,3,4092,买盘
1519,14:34:13,13.64,0.0,2,2728,买盘
1520,14:34:16,13.63,-0.01,30,40890,卖盘
1521,14:34:34,13.64,0.01,10,13640,买盘
1522,14:34:37,13.64,0.0,1,1364,买盘
1523,14:34:48,13.64,0.0,5,6820,买盘
1524,14:34:54,13.63,-0.01,5,6571,卖盘
1525,14:35:01,13.64,0.01,11,15004,买盘
1526,14:35:04,13.64,0.0,25,34100,买盘
1527,14:35:10,13.64,0.0,1,1364,买盘
1528,14:35:16,13.64,0.0,10,13640,买盘
1529,14:35:19,13.64,0.0,4,5456,买盘
1530,14:35:21,13.64,0.0,1,1364,买盘
1531,14:35:24,13.64,0.0,1,1364,买盘
1532,14:35:28,13.64,0.0,4,5456,买盘
1533,14:35:31,13.64,0.0,2,2728,买盘
1534,14:35:34,13.64,0.0,52,70878,买盘
1535,14:35:36,13.64,0.0,8,10912,买盘
1536,14:35:46,13.63,-0.01,110,150029,卖盘
1537,14:36:28,13.65,0.02,1,1365,买盘
1538,14:36:46,13.65,0.0,6,8190,卖盘
1539,14:37:04,13.66,0.01,2,2732,买盘
1540,14:37:10,13.66,0.0,1,1366,卖盘
1541,14:37:25,13.66,0.0,3,4098,卖盘
1542,14:37:30,13.67,0.01,3,4101,买盘
1543,14:37:45,13.65,-0.02,11,15017,卖盘
1544,14:38:04,13.66,0.01,1,1366,买盘
1545,14:38:06,13.65,-0.01,10,13650,卖盘
1546,14:38:13,13.66,0.01,10,13660,买盘
1547,14:38:24,13.66,0.0,4,5464,买盘
1548,14:38:28,13.66,0.0,7,9562,买盘
1549,14:38:31,13.66,0.0,7,9562,买盘
1550,14:38:34,13.66,0.0,3,4098,买盘
1551,14:38:40,13.66,0.0,7,9562,买盘
1552,14:38:45,13.65,-0.01,8,10927,卖盘
1553,14:38:49,13.66,0.01,2,2732,买盘
1554,14:38:55,13.66,0.0,11,15026,买盘
1555,14:38:57,13.66,0.0,8,10928,买盘
1556,14:39:00,13.66,0.0,4,5464,买盘
1557,14:39:04,13.66,0.0,4,5464,买盘
1558,14:39:06,13.66,0.0,4,5464,买盘
1559,14:39:25,13.66,0.0,20,27320,卖盘
1560,14:39:37,13.67,0.01,34,46478,买盘
1561,14:39:40,13.67,0.0,17,23239,买盘
1562,14:39:43,13.67,0.0,1,1367,买盘
1563,14:39:55,13.67,0.0,17,23239,买盘
1564,14:40:00,13.67,0.0,24,32808,买盘
1565,14:40:04,13.68,0.01,17,23255,买盘
1566,14:40:21,13.68,0.0,18,24624,买盘
1567,14:40:25,13.67,-0.01,9,12303,卖盘
1568,14:40:28,13.67,0.0,7,9569,买盘
1569,14:40:34,13.67,0.0,10,13670,买盘
1570,14:40:40,13.67,0.0,5,6835,买盘
1571,14:40:43,13.67,0.0,21,28707,买盘
1572,14:41:01,13.67,0.0,19,25973,买盘
1573,14:41:07,13.66,-0.01,15,20504,卖盘
1574,14:41:10,13.66,0.0,1,1366,卖盘
1575,14:41:13,13.67,0.01,1,1367,买盘
1576,14:41:15,13.67,0.0,1,1367,买盘
1577,14:41:21,13.67,0.0,35,47845,买盘
1578,14:41:24,13.67,0.0,38,51946,买盘
1579,14:41:27,13.67,0.0,11,15037,买盘
1580,14:41:30,13.67,0.0,5,6835,买盘
1581,14:41:42,13.67,0.0,16,21052,买盘
1582,14:42:04,13.67,0.0,6,8202,卖盘
1583,14:42:06,13.67,0.0,8,10936,卖盘
1584,14:42:09,13.67,0.0,7,9569,卖盘
1585,14:42:13,13.67,0.0,6,8202,卖盘
1586,14:42:16,13.68,0.01,7,9570,买盘
1587,14:42:22,13.68,0.0,22,30096,买盘
1588,14:42:31,13.68,0.0,23,31464,买盘
1589,14:42:34,13.67,-0.01,11,15038,卖盘
1590,14:42:49,13.68,0.01,1,1368,买盘
1591,14:42:51,13.68,0.0,11,15048,买盘
1592,14:42:55,13.68,0.0,28,38304,买盘
1593,14:43:09,13.68,0.0,26,35568,买盘
1594,14:43:15,13.68,0.0,36,49248,买盘
1595,14:43:22,13.69,0.01,48,65690,买盘
1596,14:43:25,13.69,0.0,51,69819,买盘
1597,14:43:28,13.69,0.0,21,28749,买盘
1598,14:43:31,13.7,0.01,47,64332,买盘
1599,14:43:33,13.7,0.0,170,232900,买盘
1600,14:43:36,13.7,0.0,34,46580,买盘
1601,14:43:39,13.7,0.0,29,39730,买盘
1602,14:43:43,13.7,0.0,25,34250,买盘
1603,14:43:52,13.7,0.0,4,5480,买盘
1604,14:43:54,13.7,0.0,8,10960,买盘
1605,14:43:58,13.72,0.02,30,41152,买盘
1606,14:44:04,13.72,0.0,15,20580,买盘
1607,14:44:07,13.72,0.0,43,58996,买盘
1608,14:44:10,13.71,-0.01,30,41155,卖盘
1609,14:44:13,13.71,0.0,21,28798,卖盘
1610,14:44:15,13.71,0.0,10,13710,卖盘
1611,14:44:21,13.71,0.0,9,12340,卖盘
1612,14:44:43,13.72,0.01,26,35672,买盘
1613,14:44:46,13.72,0.0,28,38416,买盘
1614,14:44:49,13.72,0.0,5,6860,买盘
1615,14:44:51,13.71,-0.01,59,81011,卖盘
1616,14:45:04,13.71,0.0,40,54879,卖盘
1617,14:45:07,13.71,0.0,12,16452,买盘
1618,14:45:13,13.71,0.0,9,12339,买盘
1619,14:45:22,13.71,0.0,107,146697,买盘
1620,14:45:25,13.71,0.0,5,6855,买盘
1621,14:45:28,13.71,0.0,21,28791,买盘
1622,14:45:40,13.71,0.0,6,8226,买盘
1623,14:45:43,13.72,0.01,10,13720,卖盘
1624,14:46:01,13.73,0.01,31,42563,买盘
1625,14:46:07,13.73,0.0,27,37071,买盘
1626,14:46:10,13.73,0.0,15,20595,买盘
1627,14:46:13,13.73,0.0,8,10984,买盘
1628,14:46:25,13.73,0.0,19,26087,买盘
1629,14:46:34,13.74,0.01,35,48090,买盘
1630,14:46:40,13.74,0.0,2,2747,买盘
1631,14:46:43,13.74,0.0,17,23358,买盘
1632,14:47:01,13.75,0.01,31,42622,买盘
1633,14:47:10,13.75,0.0,17,23375,买盘
1634,14:47:15,13.75,0.0,11,15115,买盘
1635,14:47:19,13.75,0.0,12,16500,买盘
1636,14:47:28,13.74,-0.01,12,16488,卖盘
1637,14:47:31,13.74,0.0,6,8244,买盘
1638,14:47:34,13.74,0.0,2,2748,买盘
1639,14:47:46,13.75,0.01,8,10994,买盘
1640,14:47:51,13.75,0.0,63,86625,买盘
1641,14:47:54,13.75,0.0,5,6875,买盘
1642,14:48:01,13.75,0.0,47,64625,买盘
1643,14:48:10,13.76,0.01,23,31648,买盘
1644,14:48:19,13.77,0.01,13,17892,买盘
1645,14:48:34,13.76,-0.01,2,2752,卖盘
1646,14:48:43,13.77,0.01,19,26163,买盘
1647,14:49:01,13.77,0.0,10,13770,买盘
1648,14:49:06,13.77,0.0,1,1377,买盘
1649,14:49:10,13.77,0.0,1,1377,买盘
1650,14:49:19,13.77,0.0,13,18039,买盘
1651,14:49:25,13.77,0.0,15,20655,买盘
1652,14:49:34,13.77,0.0,21,28917,买盘
1653,14:49:40,13.77,0.0,4,5508,买盘
1654,14:49:42,13.78,0.01,7,9642,买盘
1655,14:49:52,13.77,-0.01,1,1377,卖盘
1656,14:49:55,13.77,0.0,7,9639,卖盘
1657,14:50:07,13.77,0.0,8,11016,买盘
1658,14:50:31,13.78,0.01,6,8268,买盘
1659,14:50:34,13.78,0.0,11,15158,买盘
1660,14:50:55,13.78,0.0,39,53742,买盘
1661,14:50:58,13.77,-0.01,24,33061,卖盘
1662,14:51:01,13.78,0.01,1,1378,买盘
1663,14:51:10,13.78,0.0,15,20670,买盘
1664,14:51:12,13.78,0.0,5,6890,买盘
1665,14:51:31,13.78,0.0,5,6890,买盘
1666,14:51:55,13.78,0.0,35,48220,买盘
1667,14:51:58,13.78,0.0,22,30316,买盘
1668,14:52:01,13.78,0.0,29,39962,卖盘
1669,14:52:04,13.78,0.0,8,11024,卖盘
1670,14:52:07,13.78,0.0,7,9646,卖盘
1671,14:52:09,13.79,0.01,65,89586,买盘
1672,14:52:13,13.77,-0.02,1,1377,卖盘
1673,14:52:16,13.78,0.01,19,26165,买盘
1674,14:52:21,13.78,0.0,5,6890,买盘
1675,14:52:37,13.75,-0.03,4,5502,卖盘
1676,14:52:43,13.75,0.0,23,31626,卖盘
1677,14:52:46,13.75,0.0,2,2750,买盘
1678,14:52:52,13.75,0.0,1,1375,买盘
1679,14:52:55,13.78,0.03,45,61967,买盘
1680,14:52:58,13.75,-0.03,10,13750,中性盘
1681,14:53:06,13.75,0.0,1,1375,买盘
1682,14:53:16,13.78,0.03,15,20663,买盘
1683,14:53:21,13.75,-0.03,10,13750,卖盘
1684,14:53:43,13.76,0.01,10,13760,卖盘
1685,14:53:49,13.78,0.02,10,13778,买盘
1686,14:54:07,13.76,-0.02,2,2752,买盘
1687,14:54:09,13.75,-0.01,11,15142,卖盘
1688,14:54:16,13.75,0.0,9,12390,卖盘
1689,14:54:28,13.75,0.0,5,6875,卖盘
1690,14:54:33,13.77,0.02,12,16524,买盘
1691,14:54:40,13.77,0.0,50,68850,卖盘
1692,14:54:46,13.77,0.0,26,35803,卖盘
1693,14:54:52,13.77,0.0,5,6885,卖盘
1694,14:55:01,13.77,0.0,20,27540,卖盘
1695,14:55:13,13.78,0.01,7,9646,买盘
1696,14:55:15,13.78,0.0,1,1378,买盘
1697,14:55:19,13.77,-0.01,5,6885,卖盘
1698,14:55:22,13.77,0.0,48,66136,卖盘
1699,14:55:25,13.79,0.02,20,27569,买盘
1700,14:55:31,13.77,-0.02,5,6885,卖盘
1701,14:55:37,13.77,0.0,7,9639,卖盘
1702,14:55:40,13.77,0.0,7,9639,卖盘
1703,14:55:43,13.77,0.0,7,9639,卖盘
1704,14:55:46,13.77,0.0,8,11016,卖盘
1705,14:55:49,13.77,0.0,8,11016,卖盘
1706,14:55:55,13.79,0.02,3,4137,买盘
1707,14:55:58,13.79,0.0,6,8271,买盘
1708,14:56:01,13.79,0.0,5,6892,买盘
1709,14:56:04,13.78,-0.01,35,48230,卖盘
1710,14:56:07,13.78,0.0,34,46852,卖盘
1711,14:56:10,13.78,0.0,34,46852,卖盘
1712,14:56:13,13.78,0.0,51,70278,卖盘
1713,14:56:16,13.78,0.0,34,46852,卖盘
1714,14:56:19,13.78,0.0,32,44096,卖盘
1715,14:56:22,13.77,-0.01,6,8265,卖盘
1716,14:56:25,13.77,0.0,2,2754,卖盘
1717,14:56:31,13.79,0.02,6,8272,买盘
1718,14:56:33,13.77,-0.02,1,1377,卖盘
1719,14:56:40,13.78,0.01,2,2757,中性盘
1720,14:56:43,13.77,-0.01,41,56457,卖盘
1721,14:56:46,13.77,0.0,6,8262,买盘
1722,14:56:49,13.75,-0.02,1,1375,卖盘
1723,14:56:51,13.78,0.03,15,20658,买盘
1724,15:00:04,13.77,-0.01,343,472311,买盘
