,time,price,change,volume,amount,type
0,09:25:04,8.3,0.0,25,20750,卖盘
1,09:30:04,8.29,-0.01,24,19796,买盘
2,09:30:16,8.28,-0.01,1,828,卖盘
3,09:30:18,8.29,0.01,61,50549,买盘
4,09:30:22,8.29,0.0,9,7461,买盘
5,09:30:46,8.3,0.01,49,40639,买盘
6,09:31:09,8.3,0.0,4,3320,卖盘
7,09:31:34,8.3,0.0,1,830,卖盘
8,09:31:37,8.3,0.0,1,830,买盘
9,09:31:45,8.3,0.0,9,7470,卖盘
10,09:31:54,8.3,0.0,1,830,卖盘
11,09:32:10,8.3,0.0,3,2490,买盘
12,09:32:25,8.34,0.04,7,5835,买盘
13,09:32:58,8.34,0.0,9,7506,买盘
14,09:33:06,8.38,0.04,8,6694,买盘
15,09:33:19,8.34,-0.04,23,19182,卖盘
16,09:33:21,8.34,0.0,1,834,卖盘
17,09:34:16,8.35,0.01,23,19227,卖盘
18,09:34:24,8.35,0.0,8,6680,买盘
19,09:34:34,8.35,0.0,12,10019,买盘
20,09:34:42,8.36,0.01,12,10022,买盘
21,09:34:55,8.35,-0.01,10,8350,卖盘
22,09:35:04,8.35,0.0,1,835,卖盘
23,09:35:09,8.35,0.0,8,6680,卖盘
24,09:35:13,8.34,-0.01,3,2502,卖盘
25,09:35:16,8.34,0.0,18,15012,卖盘
26,09:35:25,8.34,0.0,11,9174,买盘
27,09:35:30,8.32,-0.02,16,13312,卖盘
28,09:35:36,8.32,0.0,9,7488,买盘
29,09:35:40,8.31,-0.01,2,1662,卖盘
30,09:35:43,8.32,0.01,33,27456,买盘
31,09:35:46,8.31,-0.01,2,1662,卖盘
32,09:36:04,8.31,0.0,1,831,卖盘
33,09:36:33,8.31,0.0,18,14958,卖盘
34,09:36:37,8.31,0.0,3,2493,卖盘
35,09:36:43,8.31,0.0,8,6648,买盘
36,09:36:51,8.31,0.0,6,4986,买盘
37,09:36:54,8.31,0.0,13,10803,买盘
38,09:37:09,8.28,-0.03,26,21591,卖盘
39,09:37:34,8.32,0.04,9,7487,买盘
40,09:37:49,8.31,-0.01,1,831,卖盘
41,09:38:16,8.32,0.01,41,34104,买盘
42,09:38:22,8.32,0.0,6,4992,买盘
43,09:38:46,8.31,-0.01,22,18282,买盘
44,09:38:57,8.3,-0.01,2,1660,卖盘
45,09:39:10,8.3,0.0,12,9960,卖盘
46,09:39:22,8.3,0.0,7,5815,卖盘
47,09:39:27,8.3,0.0,5,4150,卖盘
48,09:39:31,8.32,0.02,7,5823,买盘
49,09:39:51,8.31,-0.01,1,831,买盘
50,09:40:07,8.31,0.0,15,12465,卖盘
51,09:40:13,8.31,0.0,22,18282,买盘
52,09:40:21,8.31,0.0,1,831,买盘
53,09:40:24,8.32,0.01,9,7480,买盘
54,09:40:37,8.31,-0.01,5,4155,卖盘
55,09:40:46,8.31,0.0,1,831,卖盘
56,09:40:51,8.32,0.01,10,8320,买盘
57,09:41:04,8.32,0.0,12,9984,买盘
58,09:41:06,8.32,0.0,16,13312,买盘
59,09:41:22,8.34,0.02,3,2502,买盘
60,09:41:46,8.35,0.01,21,17535,买盘
61,09:41:48,8.35,0.0,1,835,卖盘
62,09:41:58,8.33,-0.02,1,833,卖盘
63,09:42:01,8.32,-0.01,5,4160,卖盘
64,09:42:04,8.32,0.0,3,2496,买盘
65,09:42:10,8.31,-0.01,27,22437,卖盘
66,09:42:15,8.31,0.0,4,3324,买盘
67,09:42:28,8.31,0.0,1,831,买盘
68,09:42:31,8.31,0.0,1,831,买盘
69,09:42:34,8.31,0.0,1,831,买盘
70,09:42:36,8.31,0.0,4,3324,买盘
71,09:42:42,8.31,0.0,5,4156,卖盘
72,09:42:45,8.31,0.0,8,6648,买盘
73,09:42:55,8.32,0.01,3,2496,买盘
74,09:43:12,8.35,0.03,10,8350,买盘
75,09:44:04,8.33,-0.02,10,8330,卖盘
76,09:44:10,8.33,0.0,2,1666,卖盘
77,09:44:22,8.32,-0.01,16,13312,卖盘
78,09:44:27,8.32,0.0,4,3328,买盘
79,09:44:34,8.33,0.01,1,833,买盘
80,09:44:46,8.33,0.0,2,1666,买盘
81,09:44:49,8.33,0.0,1,833,卖盘
82,09:44:54,8.33,0.0,14,11662,卖盘
83,09:44:58,8.33,0.0,8,6664,卖盘
84,09:45:00,8.32,-0.01,2,1664,卖盘
85,09:45:04,8.31,-0.01,3,3058,卖盘
86,09:45:07,8.31,0.0,3,2709,卖盘
87,09:45:10,8.3,-0.01,10,8108,卖盘
88,09:45:13,8.3,0.0,8,6383,卖盘
89,09:45:15,8.3,0.0,5,4117,卖盘
90,09:45:19,8.3,0.0,8,6466,卖盘
91,09:45:22,8.3,0.0,3,2873,卖盘
92,09:45:24,8.29,-0.01,5,4165,卖盘
93,09:45:28,8.29,0.0,3,2727,卖盘
94,09:45:31,8.29,0.0,11,8879,卖盘
95,09:45:34,8.29,0.0,5,4012,卖盘
96,09:45:37,8.28,-0.01,8,6317,卖盘
97,09:45:40,8.28,0.0,3,3171,卖盘
98,09:45:42,8.28,0.0,4,3304,卖盘
99,09:45:45,8.28,0.0,4,2732,卖盘
100,09:45:48,8.29,0.01,36,30048,中性盘
101,09:45:51,8.29,0.0,9,7610,卖盘
102,09:45:55,8.29,0.0,5,4153,卖盘
103,09:45:58,8.29,0.0,6,5115,卖盘
104,09:46:01,8.29,0.0,18,14967,卖盘
105,09:46:04,8.29,0.0,5,4294,卖盘
106,09:46:06,8.3,0.01,5,4142,中性盘
107,09:46:13,8.29,-0.01,8,6581,卖盘
108,09:46:15,8.28,-0.01,3,2542,买盘
109,09:46:19,8.29,0.01,8,6599,卖盘
110,09:46:22,8.28,-0.01,17,13716,卖盘
111,09:46:25,8.28,0.0,4,3171,卖盘
112,09:46:27,8.28,0.0,4,3469,卖盘
113,09:46:30,8.28,0.0,8,6680,卖盘
114,09:46:37,8.27,-0.01,5,3866,卖盘
115,09:46:39,8.27,0.0,4,3333,卖盘
116,09:46:43,8.28,0.01,7,6247,买盘
117,09:46:46,8.27,-0.01,8,6806,卖盘
118,09:46:49,8.27,0.0,4,2770,卖盘
119,09:46:52,8.28,0.01,16,13680,卖盘
120,09:46:54,8.28,0.0,5,3527,卖盘
121,09:47:00,8.28,0.0,5,4330,卖盘
122,09:47:22,8.28,0.0,3,2484,买盘
123,09:47:24,8.28,0.0,6,4968,买盘
124,09:47:36,8.28,0.0,2,1656,买盘
125,09:47:39,8.28,0.0,2,1656,买盘
126,09:47:43,8.28,0.0,11,8918,买盘
127,09:47:46,8.29,0.01,1,829,买盘
128,09:47:49,8.3,0.01,3,2490,买盘
129,09:48:04,8.34,0.04,13,10810,买盘
130,09:48:22,8.3,-0.04,2,1660,买盘
131,09:48:24,8.32,0.02,4,3327,买盘
132,09:48:51,8.31,-0.01,9,7479,卖盘
133,09:48:55,8.31,0.0,6,4986,买盘
134,09:49:06,8.3,-0.01,3,2490,卖盘
135,09:49:13,8.32,0.02,25,20785,买盘
136,09:50:25,8.32,0.0,35,29086,买盘
137,09:50:31,8.3,-0.02,1,830,卖盘
138,09:50:34,8.3,0.0,1,830,卖盘
139,09:50:39,8.3,0.0,1,830,卖盘
140,09:50:43,8.31,0.01,21,17450,买盘
141,09:50:46,8.31,0.0,2,1662,卖盘
142,09:50:48,8.3,-0.01,1,830,卖盘
143,09:50:51,8.3,0.0,1,830,卖盘
144,09:51:40,8.32,0.02,24,19966,买盘
145,09:51:52,8.32,0.0,6,4992,买盘
146,09:52:04,8.32,0.0,1,832,买盘
147,09:52:13,8.32,0.0,22,18304,买盘
148,09:53:00,8.3,-0.02,10,8300,卖盘
149,09:53:16,8.3,0.0,5,4150,卖盘
150,09:53:22,8.31,0.01,6,4986,买盘
151,09:53:28,8.3,-0.01,1,830,卖盘
152,09:53:33,8.31,0.01,1,831,买盘
153,09:53:45,8.31,0.0,22,18282,买盘
154,09:53:55,8.31,0.0,15,12465,买盘
155,09:54:00,8.31,0.0,2,1662,卖盘
156,09:54:04,8.31,0.0,1,831,卖盘
157,09:54:07,8.31,0.0,11,9141,卖盘
158,09:54:09,8.31,0.0,2,1662,卖盘
159,09:54:12,8.31,0.0,3,2493,卖盘
160,09:54:16,8.3,-0.01,1,830,卖盘
161,09:54:19,8.3,0.0,2,1660,卖盘
162,09:54:22,8.3,0.0,1,830,卖盘
163,09:54:24,8.3,0.0,1,830,卖盘
164,09:54:27,8.3,0.0,4,3320,卖盘
165,09:54:31,8.3,0.0,3,2490,卖盘
166,09:54:36,8.3,0.0,2,1660,卖盘
167,09:54:43,8.3,0.0,10,8300,卖盘
168,09:54:51,8.31,0.01,6,4986,买盘
169,09:54:55,8.3,-0.01,2,1660,卖盘
170,09:54:58,8.3,0.0,1,830,卖盘
171,09:55:01,8.3,0.0,1,830,卖盘
172,09:55:04,8.3,0.0,1,830,卖盘
173,09:55:07,8.3,0.0,1,830,卖盘
174,09:55:10,8.3,0.0,1,830,卖盘
175,09:55:13,8.3,0.0,1,830,卖盘
176,09:55:16,8.31,0.01,23,19112,买盘
177,09:55:25,8.3,-0.01,1,830,卖盘
178,09:55:28,8.3,0.0,1,830,卖盘
179,09:55:30,8.3,0.0,1,830,卖盘
180,09:55:34,8.3,0.0,1,830,卖盘
181,09:55:37,8.31,0.01,19,15788,买盘
182,09:55:45,8.31,0.0,9,7479,买盘
183,09:56:24,8.31,0.0,7,5817,买盘
184,09:56:28,8.3,-0.01,5,4150,卖盘
185,09:56:40,8.3,0.0,17,14110,买盘
186,09:56:42,8.3,0.0,9,7470,买盘
187,09:56:46,8.3,0.0,7,5810,买盘
188,09:57:04,8.3,0.0,19,15770,卖盘
189,09:57:07,8.3,0.0,1,830,卖盘
190,09:57:15,8.3,0.0,10,8300,卖盘
191,09:57:48,8.3,0.0,7,5810,卖盘
192,09:57:55,8.3,0.0,6,4980,买盘
193,09:58:07,8.3,0.0,24,19915,买盘
194,09:58:12,8.29,-0.01,14,11606,买盘
195,09:58:24,8.29,0.0,8,6632,卖盘
196,09:58:37,8.29,0.0,7,5803,买盘
197,09:58:46,8.29,0.0,5,4145,买盘
198,09:58:52,8.3,0.01,19,15770,买盘
199,09:59:21,8.3,0.0,6,4980,买盘
200,09:59:24,8.3,0.0,14,11620,买盘
201,09:59:40,8.3,0.0,13,10790,买盘
202,09:59:46,8.3,0.0,11,9130,买盘
203,10:00:04,8.3,0.0,11,9130,卖盘
204,10:00:24,8.28,-0.02,18,14904,卖盘
205,10:00:52,8.29,0.01,6,4974,买盘
206,10:01:12,8.29,0.0,17,14093,买盘
207,10:01:15,8.3,0.01,8,6640,买盘
208,10:01:27,8.29,-0.01,6,4974,卖盘
209,10:01:30,8.28,-0.01,17,14076,卖盘
210,10:01:34,8.28,0.0,20,16560,卖盘
211,10:01:52,8.28,0.0,14,11592,买盘
212,10:01:57,8.28,0.0,11,9107,买盘
213,10:02:00,8.27,-0.01,15,12406,卖盘
214,10:02:06,8.27,0.0,6,4962,卖盘
215,10:02:24,8.29,0.02,6,4974,买盘
216,10:02:43,8.29,0.0,22,18238,买盘
217,10:02:49,8.27,-0.02,39,32281,卖盘
218,10:02:52,8.29,0.02,12,9948,买盘
219,10:02:58,8.28,-0.01,1,828,卖盘
220,10:03:21,8.27,-0.01,1,827,卖盘
221,10:03:25,8.27,0.0,12,10238,卖盘
222,10:03:36,8.27,0.0,20,16540,买盘
223,10:03:39,8.26,-0.01,1,826,卖盘
224,10:03:55,8.27,0.01,21,17367,买盘
225,10:04:12,8.27,0.0,22,18194,买盘
226,10:04:21,8.27,0.0,5,4135,买盘
227,10:04:30,8.26,-0.01,12,9912,卖盘
228,10:04:34,8.26,0.0,16,13216,买盘
229,10:04:40,8.25,-0.01,1,825,卖盘
230,10:04:43,8.26,0.01,8,6608,买盘
231,10:04:54,8.27,0.01,8,6616,买盘
232,10:05:01,8.27,0.0,8,6616,买盘
233,10:05:04,8.26,-0.01,23,18998,卖盘
234,10:05:10,8.27,0.01,4,3308,买盘
235,10:05:22,8.27,0.0,8,6302,买盘
236,10:05:24,8.27,0.0,2,1968,卖盘
237,10:05:31,8.27,0.0,1,827,买盘
238,10:05:37,8.26,-0.01,15,12390,卖盘
239,10:05:42,8.27,0.01,16,12918,买盘
240,10:05:57,8.27,0.0,2,1654,卖盘
241,10:06:07,8.27,0.0,2,1654,卖盘
242,10:06:15,8.28,0.01,16,13235,买盘
243,10:06:19,8.27,-0.01,15,12405,卖盘
244,10:06:30,8.27,0.0,1,827,卖盘
245,10:06:34,8.28,0.01,3,2484,买盘
246,10:06:42,8.27,-0.01,3,2795,卖盘
247,10:06:52,8.27,0.0,6,4962,买盘
248,10:06:55,8.26,-0.01,8,6608,卖盘
249,10:07:06,8.26,0.0,3,2478,卖盘
250,10:07:10,8.27,0.01,15,12405,买盘
251,10:07:12,8.27,0.0,19,15713,买盘
252,10:07:40,8.27,0.0,14,11578,卖盘
253,10:07:58,8.27,0.0,20,16540,卖盘
254,10:08:04,8.27,0.0,4,3308,卖盘
255,10:08:07,8.27,0.0,7,5789,卖盘
256,10:08:21,8.28,0.01,6,4968,买盘
257,10:08:42,8.28,0.0,11,9108,买盘
258,10:08:49,8.28,0.0,3,2484,买盘
259,10:09:12,8.27,-0.01,3,2481,卖盘
260,10:09:16,8.27,0.0,20,16540,卖盘
261,10:09:24,8.27,0.0,11,9097,卖盘
262,10:09:27,8.27,0.0,2,1654,卖盘
263,10:09:33,8.26,-0.01,10,8260,卖盘
264,10:09:48,8.27,0.01,1,827,买盘
265,10:10:04,8.26,-0.01,4,3304,卖盘
266,10:10:07,8.26,0.0,27,22302,卖盘
267,10:10:25,8.26,0.0,24,19821,买盘
268,10:10:28,8.25,-0.01,11,9081,卖盘
269,10:10:30,8.26,0.01,9,7434,卖盘
270,10:10:33,8.26,0.0,5,4130,卖盘
271,10:10:37,8.26,0.0,1,826,卖盘
272,10:10:40,8.26,0.0,1,826,卖盘
273,10:10:43,8.26,0.0,3,2478,卖盘
274,10:10:46,8.25,-0.01,3,2475,卖盘
275,10:10:48,8.25,0.0,2,1650,卖盘
276,10:10:51,8.25,0.0,15,12375,卖盘
277,10:10:55,8.25,0.0,2,1650,卖盘
278,10:11:01,8.25,0.0,6,4950,买盘
279,10:11:04,8.25,0.0,1,825,卖盘
280,10:11:07,8.25,0.0,11,9075,卖盘
281,10:11:12,8.25,0.0,9,7425,买盘
282,10:11:16,8.25,0.0,1,825,卖盘
283,10:11:36,8.25,0.0,4,3300,买盘
284,10:11:52,8.26,0.01,9,7434,买盘
285,10:11:55,8.25,-0.01,19,15675,卖盘
286,10:12:04,8.25,0.0,4,3300,卖盘
287,10:12:07,8.25,0.0,6,4950,卖盘
288,10:12:12,8.24,-0.01,18,14832,卖盘
289,10:12:15,8.24,0.0,6,4944,卖盘
290,10:12:28,8.24,0.0,7,5768,买盘
291,10:12:33,8.23,-0.01,81,66672,卖盘
292,10:12:39,8.22,-0.01,4,3288,卖盘
293,10:12:48,8.22,0.0,3,2466,卖盘
294,10:13:01,8.22,0.0,2,1644,卖盘
295,10:13:04,8.22,0.0,5,4110,卖盘
296,10:13:33,8.22,0.0,48,39475,卖盘
297,10:13:40,8.22,0.0,20,16440,买盘
298,10:13:43,8.21,-0.01,10,8211,卖盘
299,10:14:04,8.21,0.0,3,2463,卖盘
300,10:14:07,8.21,0.0,3,2463,卖盘
301,10:14:12,8.21,0.0,49,40229,卖盘
302,10:14:15,8.2,-0.01,6,4920,卖盘
303,10:14:22,8.2,0.0,3,2460,卖盘
304,10:14:36,8.2,0.0,15,12300,卖盘
305,10:14:40,8.2,0.0,1,820,卖盘
306,10:14:48,8.2,0.0,2,1640,卖盘
307,10:15:04,8.2,0.0,3,2460,卖盘
308,10:15:13,8.2,0.0,1,820,卖盘
309,10:15:16,8.21,0.01,15,12315,买盘
310,10:15:31,8.21,0.0,12,9852,买盘
311,10:15:51,8.22,0.01,14,11508,买盘
312,10:16:04,8.21,-0.01,4,3285,卖盘
313,10:16:06,8.2,-0.01,8,6560,卖盘
314,10:16:09,8.2,0.0,10,8200,卖盘
315,10:16:16,8.21,0.01,1,821,买盘
316,10:16:22,8.21,0.0,8,6568,买盘
317,10:16:37,8.22,0.01,10,8220,买盘
318,10:16:40,8.22,0.0,8,6576,买盘
319,10:16:42,8.22,0.0,25,20550,买盘
320,10:16:46,8.22,0.0,13,10686,买盘
321,10:16:49,8.22,0.0,33,27126,买盘
322,10:16:52,8.22,0.0,16,13152,买盘
323,10:16:54,8.21,-0.01,10,8219,卖盘
324,10:17:00,8.22,0.01,7,5754,买盘
325,10:18:00,8.22,0.0,3,2466,买盘
326,10:18:04,8.21,-0.01,13,10683,卖盘
327,10:18:06,8.21,0.0,4,3284,卖盘
328,10:18:48,8.22,0.01,2,1644,买盘
329,10:18:58,8.22,0.0,34,27948,买盘
330,10:19:06,8.22,0.0,4,3288,买盘
331,10:19:12,8.22,0.0,7,5754,买盘
332,10:19:16,8.22,0.0,5,4110,买盘
333,10:19:19,8.22,0.0,12,9864,买盘
334,10:19:21,8.21,-0.01,1,821,卖盘
335,10:20:06,8.21,0.0,3,2463,卖盘
336,10:20:13,8.21,0.0,8,6568,卖盘
337,10:20:58,8.22,0.01,20,16440,买盘
338,10:21:00,8.21,-0.01,2,1642,卖盘
339,10:21:31,8.22,0.01,1,822,买盘
340,10:21:34,8.22,0.0,10,8220,买盘
341,10:21:49,8.22,0.0,3,2466,买盘
342,10:21:51,8.22,0.0,5,4110,买盘
343,10:21:57,8.22,0.0,17,13974,买盘
344,10:22:01,8.22,0.0,3,2466,买盘
345,10:22:06,8.22,0.0,26,21372,买盘
346,10:23:15,8.22,0.0,2,1644,买盘
347,10:23:18,8.22,0.0,52,42744,买盘
348,10:24:33,8.22,0.0,1,822,卖盘
349,10:24:54,8.23,0.01,20,16460,买盘
350,10:25:37,8.22,-0.01,22,18084,卖盘
351,10:25:42,8.23,0.01,95,78185,买盘
352,10:25:48,8.23,0.0,82,67486,买盘
353,10:25:54,8.23,0.0,76,62548,买盘
354,10:26:00,8.23,0.0,59,48557,买盘
355,10:26:06,8.23,0.0,88,72424,买盘
356,10:26:13,8.22,-0.01,24,19728,卖盘
357,10:26:37,8.23,0.01,81,66663,买盘
358,10:26:42,8.23,0.0,90,74070,买盘
359,10:26:48,8.23,0.0,79,65017,买盘
360,10:26:54,8.23,0.0,68,55964,买盘
361,10:27:00,8.23,0.0,82,67486,买盘
362,10:27:09,8.23,0.0,1,823,买盘
363,10:27:12,8.23,0.0,17,13991,买盘
364,10:27:30,8.23,0.0,50,41150,买盘
365,10:27:36,8.23,0.0,50,41150,买盘
366,10:27:42,8.23,0.0,40,32920,买盘
367,10:27:45,8.23,0.0,60,49380,买盘
368,10:28:15,8.23,0.0,2,1646,买盘
369,10:28:22,8.23,0.0,84,69132,买盘
370,10:28:25,8.23,0.0,93,76539,买盘
371,10:28:31,8.23,0.0,71,58433,买盘
372,10:28:33,8.23,0.0,10,8230,买盘
373,10:28:36,8.23,0.0,90,74070,买盘
374,10:28:42,8.23,0.0,62,51026,买盘
375,10:28:48,8.23,0.0,6,4938,买盘
376,10:28:54,8.23,0.0,50,41150,买盘
377,10:28:57,8.23,0.0,50,41150,买盘
378,10:29:04,8.23,0.0,30,24690,买盘
379,10:29:06,8.23,0.0,78,64186,买盘
380,10:29:16,8.23,0.0,50,41150,买盘
381,10:29:19,8.23,0.0,9,7407,买盘
382,10:29:21,8.23,0.0,50,41150,买盘
383,10:29:24,8.23,0.0,40,32920,买盘
384,10:29:31,8.23,0.0,60,49380,买盘
385,10:29:40,8.23,0.0,80,65840,买盘
386,10:29:45,8.23,0.0,80,65840,买盘
387,10:29:51,8.23,0.0,40,32920,买盘
388,10:30:06,8.22,-0.01,39,32058,卖盘
389,10:30:15,8.23,0.01,3,2469,买盘
390,10:30:24,8.22,-0.01,51,41922,卖盘
391,10:30:34,8.21,-0.01,1,821,卖盘
392,10:30:36,8.21,0.0,7,5747,卖盘
393,10:30:39,8.21,0.0,4,3284,卖盘
394,10:31:15,8.22,0.01,50,41100,买盘
395,10:31:19,8.21,-0.01,51,41871,卖盘
396,10:31:21,8.22,0.01,10,8220,买盘
397,10:31:40,8.22,0.0,3,2466,买盘
398,10:32:42,8.21,-0.01,19,15599,卖盘
399,10:32:49,8.21,0.0,1,821,卖盘
400,10:32:51,8.22,0.01,1,822,买盘
401,10:33:21,8.22,0.0,2,1644,买盘
402,10:33:24,8.22,0.0,1,822,买盘
403,10:33:27,8.22,0.0,1,822,买盘
404,10:33:45,8.22,0.0,13,10686,买盘
405,10:34:04,8.22,0.0,9,7398,买盘
406,10:34:06,8.21,-0.01,5,4105,卖盘
407,10:34:15,8.22,0.01,12,9864,买盘
408,10:34:33,8.22,0.0,11,9040,买盘
409,10:34:49,8.22,0.0,1,822,买盘
410,10:35:00,8.21,-0.01,6,4926,卖盘
411,10:35:04,8.22,0.01,5,4110,买盘
412,10:35:07,8.22,0.0,14,11507,买盘
413,10:35:10,8.22,0.0,13,10686,买盘
414,10:35:13,8.22,0.0,14,11508,买盘
415,10:35:15,8.22,0.0,3,2466,买盘
416,10:35:18,8.22,0.0,7,5754,买盘
417,10:35:22,8.22,0.0,6,4932,买盘
418,10:35:25,8.22,0.0,62,50964,买盘
419,10:35:28,8.22,0.0,6,4932,买盘
420,10:35:31,8.22,0.0,50,41100,买盘
421,10:35:33,8.22,0.0,40,32880,买盘
422,10:35:36,8.22,0.0,92,75624,买盘
423,10:35:40,8.22,0.0,33,27126,买盘
424,10:35:43,8.22,0.0,104,85488,买盘
425,10:35:46,8.22,0.0,82,67404,买盘
426,10:36:28,8.22,0.0,13,10686,卖盘
427,10:36:52,8.23,0.01,5,4115,买盘
428,10:37:01,8.23,0.0,4,3292,买盘
429,10:37:51,8.23,0.0,6,4938,买盘
430,10:37:54,8.23,0.0,5,4115,买盘
431,10:38:27,8.23,0.0,30,24690,买盘
432,10:38:30,8.23,0.0,89,73247,买盘
433,10:38:48,8.23,0.0,10,8233,卖盘
434,10:39:00,8.24,0.01,1,824,卖盘
435,10:39:06,8.26,0.02,48,39626,买盘
436,10:39:21,8.23,-0.03,13,10710,卖盘
437,10:39:33,8.23,0.0,5,4115,卖盘
438,10:39:55,8.24,0.01,72,59388,卖盘
439,10:40:06,8.25,0.01,40,32981,买盘
440,10:40:13,8.25,0.0,50,41211,买盘
441,10:40:18,8.25,0.0,50,41250,买盘
442,10:40:21,8.25,0.0,82,67646,买盘
443,10:40:27,8.25,0.0,80,66000,买盘
444,10:40:33,8.25,0.0,40,33000,买盘
445,10:40:36,8.25,0.0,2,1650,买盘
446,10:40:48,8.25,0.0,67,55275,买盘
447,10:40:51,8.25,0.0,113,93225,卖盘
448,10:40:58,8.25,0.0,20,16500,买盘
449,10:41:06,8.24,-0.01,2,1648,中性盘
450,10:41:39,8.24,0.0,1,824,卖盘
451,10:42:00,8.25,0.01,16,13200,买盘
452,10:42:06,8.24,-0.01,1,824,卖盘
453,10:42:12,8.24,0.0,20,16480,卖盘
454,10:42:21,8.24,0.0,18,14832,卖盘
455,10:42:36,8.24,0.0,4,3296,买盘
456,10:42:58,8.23,-0.01,7,5761,卖盘
457,10:43:01,8.24,0.01,15,12360,买盘
458,10:43:36,8.24,0.0,14,11536,买盘
459,10:43:39,8.24,0.0,16,13184,买盘
460,10:44:06,8.24,0.0,21,17304,买盘
461,10:44:12,8.23,-0.01,51,41973,卖盘
462,10:44:15,8.24,0.01,17,14008,买盘
463,10:44:54,8.24,0.0,3,2472,买盘
464,10:45:15,8.24,0.0,24,19776,买盘
465,10:45:24,8.24,0.0,18,14819,买盘
466,10:45:36,8.24,0.0,4,3296,买盘
467,10:46:12,8.23,-0.01,15,12345,卖盘
468,10:46:21,8.23,0.0,18,14814,卖盘
469,10:46:33,8.23,0.0,6,4938,卖盘
470,10:47:00,8.22,-0.01,10,8220,卖盘
471,10:47:09,8.23,0.01,112,92176,买盘
472,10:47:15,8.23,0.0,38,31274,卖盘
473,10:47:18,8.23,0.0,83,68309,买盘
474,10:47:21,8.23,0.0,40,32920,卖盘
475,10:47:24,8.23,0.0,88,72424,卖盘
476,10:47:30,8.23,0.0,39,32097,卖盘
477,10:47:42,8.23,0.0,5,4115,买盘
478,10:47:45,8.22,-0.01,14,11508,卖盘
479,10:48:04,8.22,0.0,2,1644,卖盘
480,10:48:16,8.23,0.01,228,187644,买盘
481,10:48:18,8.23,0.0,12,9876,卖盘
482,10:48:21,8.23,0.0,39,32097,买盘
483,10:48:24,8.23,0.0,50,41150,卖盘
484,10:48:33,8.23,0.0,40,32920,卖盘
485,10:48:39,8.23,0.0,43,35389,卖盘
486,10:48:57,8.23,0.0,100,82300,买盘
487,10:49:00,8.23,0.0,3,2469,买盘
488,10:49:06,8.23,0.0,99,81477,买盘
489,10:49:13,8.23,0.0,80,65840,卖盘
490,10:49:15,8.23,0.0,21,17283,卖盘
491,10:49:48,8.23,0.0,113,92999,买盘
492,10:49:52,8.23,0.0,7,5761,卖盘
493,10:49:57,8.23,0.0,145,119335,买盘
494,10:50:03,8.23,0.0,36,29628,卖盘
495,10:50:18,8.23,0.0,200,164600,买盘
496,10:50:39,8.23,0.0,221,181883,买盘
497,10:50:42,8.23,0.0,4,3292,卖盘
498,10:50:45,8.23,0.0,5,4115,卖盘
499,10:50:51,8.23,0.0,159,130857,买盘
500,10:50:57,8.23,0.0,87,71601,卖盘
501,10:51:09,8.23,0.0,24,19752,卖盘
502,10:51:21,8.23,0.0,3,2469,买盘
503,10:52:06,8.22,-0.01,1,822,卖盘
504,10:52:24,8.23,0.01,70,57610,买盘
505,10:52:30,8.23,0.0,97,79831,买盘
506,10:52:33,8.23,0.0,33,27159,卖盘
507,10:52:36,8.23,0.0,100,82300,买盘
508,10:52:45,8.23,0.0,103,84769,买盘
509,10:52:48,8.23,0.0,48,39504,卖盘
510,10:52:51,8.23,0.0,34,27982,买盘
511,10:52:54,8.23,0.0,25,20575,卖盘
512,10:53:15,8.23,0.0,163,134149,买盘
513,10:53:21,8.23,0.0,37,30451,卖盘
514,10:53:24,8.23,0.0,46,37858,买盘
515,10:53:30,8.23,0.0,56,46088,卖盘
516,10:53:36,8.24,0.01,43,35417,买盘
517,10:53:39,8.24,0.0,96,79104,卖盘
518,10:53:43,8.24,0.0,1,824,卖盘
519,10:54:09,8.23,-0.01,50,41150,买盘
520,10:54:15,8.23,0.0,3,2469,买盘
521,10:54:27,8.23,0.0,60,49380,买盘
522,10:54:39,8.23,0.0,2,1646,买盘
523,10:54:42,8.23,0.0,5,4115,买盘
524,10:54:51,8.23,0.0,1,823,买盘
525,10:55:09,8.23,0.0,1,823,买盘
526,10:55:12,8.23,0.0,1,823,买盘
527,10:55:25,8.23,0.0,37,30451,买盘
528,10:55:28,8.23,0.0,1,823,买盘
529,10:55:36,8.23,0.0,2,1646,买盘
530,10:55:40,8.23,0.0,24,19752,买盘
531,10:55:42,8.24,0.01,10,8240,买盘
532,10:57:00,8.24,0.0,1,824,买盘
533,10:57:12,8.24,0.0,21,17304,买盘
534,10:57:57,8.24,0.0,45,37080,买盘
535,10:58:33,8.24,0.0,40,32960,买盘
536,10:59:00,8.24,0.0,31,25544,买盘
537,10:59:04,8.23,-0.01,3,2469,卖盘
538,10:59:33,8.24,0.01,3,2472,买盘
539,10:59:36,8.24,0.0,59,48616,买盘
540,10:59:57,8.23,-0.01,5,4115,卖盘
541,11:00:04,8.24,0.01,42,34608,买盘
542,11:00:06,8.23,-0.01,2,1647,卖盘
543,11:00:54,8.24,0.01,52,42848,买盘
544,11:01:00,8.24,0.0,22,18128,买盘
545,11:01:15,8.23,-0.01,16,13168,卖盘
546,11:01:36,8.24,0.01,9,7416,买盘
547,11:02:27,8.24,0.0,129,106296,买盘
548,11:02:39,8.25,0.01,2,1650,买盘
549,11:03:07,8.24,-0.01,28,23072,卖盘
550,11:04:06,8.25,0.01,57,47025,买盘
551,11:04:45,8.25,0.0,45,37125,买盘
552,11:04:57,8.25,0.0,2,1650,买盘
553,11:05:28,8.25,0.0,4,3300,买盘
554,11:05:34,8.25,0.0,2,1650,买盘
555,11:05:39,8.24,-0.01,26,21424,卖盘
556,11:06:06,8.25,0.01,51,42075,买盘
557,11:06:39,8.25,0.0,2,1650,买盘
558,11:07:19,8.25,0.0,70,57750,买盘
559,11:07:33,8.24,-0.01,122,100529,卖盘
560,11:07:54,8.25,0.01,31,25575,买盘
561,11:08:00,8.25,0.0,24,19800,买盘
562,11:08:24,8.25,0.0,18,14850,买盘
563,11:08:30,8.25,0.0,27,22275,买盘
564,11:08:45,8.25,0.0,9,7425,买盘
565,11:09:57,8.25,0.0,33,27225,买盘
566,11:10:06,8.24,-0.01,1,824,卖盘
567,11:10:21,8.25,0.01,73,60225,买盘
568,11:10:33,8.24,-0.01,27,22248,卖盘
569,11:10:45,8.25,0.01,1,825,买盘
570,11:10:51,8.25,0.0,3,2475,买盘
571,11:11:27,8.25,0.0,52,42900,买盘
572,11:11:30,8.25,0.0,3,2475,买盘
573,11:11:39,8.25,0.0,10,8250,买盘
574,11:12:18,8.25,0.0,59,48675,买盘
575,11:13:28,8.25,0.0,29,23923,买盘
576,11:13:36,8.25,0.0,37,30525,买盘
577,11:13:51,8.26,0.01,73,60230,买盘
578,11:14:21,8.25,-0.01,8,6600,卖盘
579,11:14:36,8.25,0.0,4,3300,买盘
580,11:14:57,8.25,0.0,70,57750,买盘
581,11:15:00,8.25,0.0,2,1650,买盘
582,11:15:09,8.25,0.0,3,2475,买盘
583,11:15:18,8.27,0.02,99,81760,买盘
584,11:15:31,8.27,0.0,1,827,买盘
585,11:15:51,8.26,-0.01,2,1652,卖盘
586,11:15:57,8.26,0.0,8,6608,卖盘
587,11:16:24,8.26,0.0,16,13216,卖盘
588,11:16:39,8.26,0.0,2,1652,买盘
589,11:16:43,8.26,0.0,26,21476,卖盘
590,11:16:54,8.25,-0.01,3,2475,卖盘
591,11:17:06,8.25,0.0,5,4125,买盘
592,11:17:22,8.25,0.0,1,825,卖盘
593,11:17:30,8.25,0.0,13,10725,买盘
594,11:17:36,8.25,0.0,18,14850,买盘
595,11:17:42,8.25,0.0,1,825,买盘
596,11:17:57,8.25,0.0,23,18975,卖盘
597,11:18:57,8.25,0.0,39,32175,买盘
598,11:20:01,8.25,0.0,105,86525,买盘
599,11:20:10,8.25,0.0,52,42900,买盘
600,11:21:21,8.25,0.0,73,60187,买盘
601,11:23:30,8.26,0.01,73,60249,买盘
602,11:23:42,8.26,0.0,1,826,买盘
603,11:24:03,8.26,0.0,4,3304,买盘
604,11:24:30,8.25,-0.01,14,11550,买盘
605,11:24:36,8.25,0.0,4,3300,买盘
606,11:24:45,8.25,0.0,20,16500,买盘
607,11:24:48,8.27,0.02,74,61156,买盘
608,11:25:09,8.28,0.01,73,60408,买盘
609,11:25:54,8.28,0.0,50,41400,买盘
610,11:27:19,8.26,-0.02,1,826,卖盘
611,11:27:21,8.26,0.0,48,39648,卖盘
612,11:27:31,8.26,0.0,12,9912,买盘
613,11:28:09,8.26,0.0,16,13216,买盘
614,11:28:33,8.26,0.0,14,11564,买盘
615,11:28:39,8.26,0.0,21,17346,买盘
616,11:28:57,8.26,0.0,7,5782,买盘
617,11:29:39,8.26,0.0,40,33040,买盘
618,13:00:04,8.27,0.01,5,4131,买盘
619,13:00:15,8.26,-0.01,1,826,卖盘
620,13:00:45,8.26,0.0,3,2065,卖盘
621,13:00:48,8.26,0.0,128,105673,买盘
622,13:00:54,8.26,0.0,99,81738,买盘
623,13:01:00,8.26,0.0,70,57820,买盘
624,13:01:06,8.26,0.0,96,79296,买盘
625,13:01:09,8.26,0.0,68,56168,买盘
626,13:01:16,8.26,0.0,102,84252,买盘
627,13:01:18,8.26,0.0,2,1652,买盘
628,13:01:21,8.26,0.0,13,11149,买盘
629,13:01:24,8.26,0.0,79,64841,卖盘
630,13:01:30,8.26,0.0,68,56168,买盘
631,13:01:36,8.26,0.0,96,79296,买盘
632,13:01:39,8.26,0.0,70,57820,买盘
633,13:01:45,8.26,0.0,81,66906,买盘
634,13:01:51,8.26,0.0,1,826,买盘
635,13:01:54,8.26,0.0,93,76818,买盘
636,13:01:57,8.26,0.0,10,8260,买盘
637,13:02:24,8.26,0.0,7,6195,买盘
638,13:02:30,8.26,0.0,95,78057,卖盘
639,13:02:33,8.26,0.0,58,48319,买盘
640,13:02:36,8.26,0.0,24,19411,卖盘
641,13:02:39,8.26,0.0,90,74340,买盘
642,13:02:46,8.26,0.0,79,65254,买盘
643,13:02:52,8.26,0.0,68,56168,买盘
644,13:02:57,8.26,0.0,82,67732,买盘
645,13:03:12,8.26,0.0,43,35516,买盘
646,13:03:18,8.26,0.0,57,47082,买盘
647,13:03:28,8.26,0.0,84,69384,买盘
648,13:03:33,8.26,0.0,93,76818,买盘
649,13:03:43,8.26,0.0,71,58646,买盘
650,13:03:51,8.26,0.0,90,74340,买盘
651,13:04:00,8.26,0.0,72,59452,买盘
652,13:04:33,8.26,0.0,12,10325,买盘
653,13:04:36,8.26,0.0,28,22715,卖盘
654,13:04:45,8.26,0.0,60,49552,买盘
655,13:04:51,8.26,0.0,80,66078,买盘
656,13:04:57,8.26,0.0,80,66080,买盘
657,13:05:04,8.26,0.0,40,33040,买盘
658,13:05:09,8.26,0.0,60,49560,买盘
659,13:05:12,8.26,0.0,60,49560,买盘
660,13:05:15,8.26,0.0,2,1652,买盘
661,13:05:18,8.26,0.0,80,66080,买盘
662,13:05:36,8.26,0.0,30,24780,买盘
663,13:05:39,8.26,0.0,70,57820,买盘
664,13:05:45,8.26,0.0,52,42952,买盘
665,13:05:51,8.26,0.0,48,39648,买盘
666,13:05:57,8.26,0.0,59,48732,买盘
667,13:06:04,8.26,0.0,41,33866,买盘
668,13:06:09,8.26,0.0,40,33040,买盘
669,13:06:12,8.26,0.0,60,49560,买盘
670,13:06:18,8.26,0.0,25,20650,买盘
671,13:06:24,8.26,0.0,75,61950,买盘
672,13:07:00,8.26,0.0,37,30975,买盘
673,13:07:06,8.26,0.0,63,51625,卖盘
674,13:07:15,8.26,0.0,61,50799,买盘
675,13:07:18,8.26,0.0,1,826,卖盘
676,13:07:21,8.26,0.0,38,30975,卖盘
677,13:07:25,8.26,0.0,40,33040,买盘
678,13:07:28,8.26,0.0,60,49560,买盘
679,13:07:33,8.26,0.0,43,35931,买盘
680,13:07:37,8.26,0.0,37,30149,卖盘
681,13:07:39,8.26,0.0,21,17346,买盘
682,13:07:42,8.26,0.0,23,19411,买盘
683,13:07:45,8.26,0.0,81,66493,卖盘
684,13:07:54,8.26,0.0,80,66080,买盘
685,13:08:01,8.26,0.0,12,9912,买盘
686,13:08:04,8.26,0.0,76,63189,买盘
687,13:08:06,8.26,0.0,4,2891,卖盘
688,13:08:12,8.26,0.0,40,33040,买盘
689,13:08:18,8.25,-0.01,1,825,买盘
690,13:08:21,8.24,-0.01,4,3296,卖盘
691,13:08:24,8.26,0.02,50,41300,买盘
692,13:08:33,8.26,0.0,50,41300,买盘
693,13:08:45,8.26,0.0,90,74340,买盘
694,13:08:51,8.26,0.0,90,74340,买盘
695,13:08:57,8.26,0.0,20,16520,买盘
696,13:09:18,8.26,0.0,42,35105,买盘
697,13:09:24,8.26,0.0,63,51625,卖盘
698,13:09:30,8.26,0.0,43,35518,买盘
699,13:09:34,8.26,0.0,17,14455,买盘
700,13:09:36,8.26,0.0,40,32627,卖盘
701,13:09:42,8.26,0.0,40,33453,买盘
702,13:09:48,8.26,0.0,64,52451,卖盘
703,13:09:51,8.26,0.0,50,41300,买盘
704,13:09:54,8.26,0.0,50,41300,买盘
705,13:10:00,8.26,0.0,66,54516,买盘
706,13:10:03,8.26,0.0,34,28084,买盘
707,13:10:06,8.24,-0.02,1,824,卖盘
708,13:10:09,8.26,0.02,70,57820,买盘
709,13:10:13,8.26,0.0,30,24780,买盘
710,13:10:21,8.26,0.0,74,61124,买盘
711,13:10:27,8.26,0.0,26,21476,买盘
712,13:10:30,8.26,0.0,50,41300,买盘
713,13:10:36,8.26,0.0,50,41300,买盘
714,13:10:48,8.26,0.0,80,66080,买盘
715,13:10:57,8.26,0.0,80,66080,买盘
716,13:11:00,8.25,-0.01,1,825,卖盘
717,13:11:07,8.26,0.01,40,33040,买盘
718,13:11:10,8.26,0.0,4,3304,买盘
719,13:11:16,8.26,0.0,42,35105,买盘
720,13:11:48,8.27,0.01,2,1654,买盘
721,13:12:09,8.27,0.0,3,2481,买盘
722,13:12:48,8.26,-0.01,3,2478,卖盘
723,13:13:09,8.26,0.0,41,33866,买盘
724,13:13:39,8.25,-0.01,2,1650,卖盘
725,13:14:12,8.24,-0.01,42,34629,卖盘
726,13:14:27,8.24,0.0,1,824,卖盘
727,13:15:15,8.24,0.0,5,4120,卖盘
728,13:15:21,8.25,0.01,39,32175,买盘
729,13:15:24,8.25,0.0,61,50325,卖盘
730,13:15:27,8.25,0.0,6,4950,买盘
731,13:15:31,8.25,0.0,40,33000,买盘
732,13:15:33,8.25,0.0,60,49500,买盘
733,13:15:39,8.25,0.0,1,825,买盘
734,13:15:42,8.25,0.0,38,31350,买盘
735,13:15:45,8.25,0.0,75,61875,买盘
736,13:15:51,8.25,0.0,40,33000,买盘
737,13:15:54,8.25,0.0,60,49500,买盘
738,13:16:03,8.25,0.0,50,41250,买盘
739,13:16:06,8.25,0.0,50,41250,买盘
740,13:16:10,8.25,0.0,3,2475,买盘
741,13:16:51,8.25,0.0,4,3300,买盘
742,13:17:15,8.24,-0.01,2,1648,卖盘
743,13:18:24,8.25,0.01,18,14850,买盘
744,13:19:00,8.25,0.0,6,4948,买盘
745,13:19:06,8.25,0.0,33,27225,买盘
746,13:19:33,8.24,-0.01,50,41200,卖盘
747,13:19:45,8.24,0.0,43,35432,卖盘
748,13:19:48,8.24,0.0,65,53560,买盘
749,13:19:57,8.24,0.0,50,41200,买盘
750,13:20:06,8.24,0.0,60,49440,买盘
751,13:20:12,8.24,0.0,40,32960,买盘
752,13:20:15,8.24,0.0,50,41200,买盘
753,13:20:18,8.24,0.0,3,2472,买盘
754,13:20:21,8.24,0.0,50,41200,买盘
755,13:20:24,8.24,0.0,30,24720,买盘
756,13:20:30,8.24,0.0,26,21424,买盘
757,13:20:45,8.25,0.01,2,1650,买盘
758,13:21:00,8.24,-0.01,48,39552,卖盘
759,13:21:03,8.24,0.0,74,60976,买盘
760,13:21:10,8.24,0.0,80,65920,卖盘
761,13:21:15,8.24,0.0,90,74160,卖盘
762,13:21:18,8.24,0.0,61,50264,买盘
763,13:21:24,8.24,0.0,103,84872,卖盘
764,13:21:27,8.24,0.0,1,824,买盘
765,13:21:30,8.24,0.0,46,37904,买盘
766,13:21:33,8.24,0.0,70,57680,卖盘
767,13:21:39,8.24,0.0,130,107120,卖盘
768,13:21:48,8.24,0.0,150,123600,卖盘
769,13:21:51,8.24,0.0,24,19776,卖盘
770,13:21:55,8.24,0.0,81,66744,买盘
771,13:21:58,8.24,0.0,45,37080,买盘
772,13:22:06,8.24,0.0,21,17304,卖盘
773,13:22:19,8.24,0.0,127,104648,卖盘
774,13:22:24,8.24,0.0,22,18128,买盘
775,13:22:27,8.24,0.0,10,8240,卖盘
776,13:22:30,8.24,0.0,50,41200,买盘
777,13:22:33,8.24,0.0,69,56856,卖盘
778,13:22:37,8.24,0.0,50,41200,买盘
779,13:22:39,8.24,0.0,30,24720,买盘
780,13:22:42,8.24,0.0,70,57680,买盘
781,13:22:51,8.24,0.0,7,5768,买盘
782,13:22:54,8.24,0.0,50,41200,买盘
783,13:23:00,8.24,0.0,9,7416,买盘
784,13:23:06,8.24,0.0,50,41200,买盘
785,13:23:15,8.24,0.0,60,49440,买盘
786,13:23:18,8.24,0.0,50,41200,买盘
787,13:24:01,8.25,0.01,73,60167,买盘
788,13:24:18,8.24,-0.01,145,119480,卖盘
789,13:24:21,8.24,0.0,8,6592,买盘
790,13:24:24,8.24,0.0,52,42848,卖盘
791,13:24:39,8.24,0.0,30,24720,买盘
792,13:24:46,8.24,0.0,50,41200,买盘
793,13:24:48,8.24,0.0,19,15656,买盘
794,13:25:10,8.25,0.01,50,41250,买盘
795,13:25:34,8.24,-0.01,5,4120,卖盘
796,13:26:04,8.24,0.0,9,7416,卖盘
797,13:27:04,8.24,0.0,1,824,卖盘
798,13:27:06,8.24,0.0,16,13184,卖盘
799,13:27:49,8.24,0.0,9,7416,卖盘
800,13:28:06,8.24,0.0,20,16480,卖盘
801,13:28:18,8.25,0.01,50,41250,买盘
802,13:29:06,8.25,0.0,16,13200,买盘
803,13:29:15,8.25,0.0,2,1650,卖盘
804,13:29:19,8.25,0.0,8,6600,卖盘
805,13:29:24,8.25,0.0,7,5775,买盘
806,13:29:31,8.24,-0.01,6,4944,卖盘
807,13:29:40,8.24,0.0,3,2472,买盘
808,13:30:06,8.24,0.0,1,824,卖盘
809,13:30:39,8.24,0.0,1,824,卖盘
810,13:30:57,8.24,0.0,29,23896,卖盘
811,13:31:06,8.24,0.0,28,23072,买盘
812,13:31:15,8.23,-0.01,6,4938,卖盘
813,13:31:33,8.24,0.01,3,2472,买盘
814,13:31:36,8.24,0.0,19,15656,卖盘
815,13:32:09,8.24,0.0,2,1648,卖盘
816,13:32:42,8.24,0.0,15,12360,买盘
817,13:33:06,8.24,0.0,45,37080,买盘
818,13:33:51,8.24,0.0,3,2472,买盘
819,13:33:55,8.23,-0.01,6,4938,卖盘
820,13:33:57,8.24,0.01,20,16480,买盘
821,13:34:06,8.23,-0.01,1,823,卖盘
822,13:34:15,8.23,0.0,1,823,卖盘
823,13:34:18,8.24,0.01,81,66744,买盘
824,13:34:24,8.24,0.0,50,41200,买盘
825,13:34:33,8.24,0.0,60,49440,卖盘
826,13:34:39,8.24,0.0,40,32960,卖盘
827,13:34:45,8.24,0.0,93,76632,卖盘
828,13:34:48,8.24,0.0,40,32960,买盘
829,13:35:15,8.24,0.0,104,85696,买盘
830,13:35:21,8.24,0.0,96,79104,卖盘
831,13:35:27,8.24,0.0,60,49440,买盘
832,13:35:33,8.24,0.0,40,32960,买盘
833,13:35:42,8.24,0.0,150,123600,买盘
834,13:35:48,8.24,0.0,50,41200,买盘
835,13:37:04,8.24,0.0,40,32960,买盘
836,13:37:09,8.24,0.0,60,49440,买盘
837,13:37:12,8.24,0.0,160,131840,买盘
838,13:37:18,8.24,0.0,40,32960,买盘
839,13:37:30,8.24,0.0,50,41200,买盘
840,13:37:36,8.24,0.0,50,41200,买盘
841,13:38:18,8.24,0.0,60,49440,买盘
842,13:38:24,8.24,0.0,40,32960,买盘
843,13:38:42,8.24,0.0,8,6592,买盘
844,13:38:58,8.24,0.0,5,4120,买盘
845,13:39:00,8.24,0.0,14,11536,买盘
846,13:39:12,8.24,0.0,1,824,买盘
847,13:39:18,8.24,0.0,2,1648,买盘
848,13:39:21,8.24,0.0,2,1648,买盘
849,13:39:25,8.24,0.0,1,824,买盘
850,13:39:30,8.24,0.0,121,99704,买盘
851,13:39:33,8.24,0.0,46,37904,买盘
852,13:39:36,8.24,0.0,34,28016,卖盘
853,13:39:39,8.24,0.0,73,60152,买盘
854,13:39:48,8.25,0.01,97,79935,买盘
855,13:39:51,8.24,-0.01,10,8240,卖盘
856,13:39:57,8.24,0.0,60,49440,卖盘
857,13:40:04,8.25,0.01,95,78315,买盘
858,13:40:06,8.24,-0.01,81,66744,卖盘
859,13:40:09,8.24,0.0,50,41200,卖盘
860,13:40:12,8.24,0.0,50,41200,卖盘
861,13:40:33,8.24,0.0,37,30488,卖盘
862,13:40:58,8.24,0.0,80,65920,买盘
863,13:41:04,8.24,0.0,30,24720,买盘
864,13:41:06,8.24,0.0,81,66744,卖盘
865,13:41:09,8.24,0.0,70,57680,卖盘
866,13:41:16,8.24,0.0,50,41200,卖盘
867,13:41:18,8.24,0.0,48,39552,买盘
868,13:41:21,8.24,0.0,68,56032,卖盘
869,13:41:24,8.24,0.0,84,69216,卖盘
870,13:41:34,8.24,0.0,5,4120,买盘
871,13:42:09,8.23,-0.01,92,75716,卖盘
872,13:42:21,8.23,0.0,3,2470,卖盘
873,13:42:36,8.24,0.01,74,60972,买盘
874,13:42:45,8.24,0.0,130,107120,买盘
875,13:42:48,8.24,0.0,40,32960,买盘
876,13:42:54,8.24,0.0,64,52736,买盘
877,13:43:04,8.24,0.0,160,131840,买盘
878,13:43:09,8.24,0.0,40,32960,买盘
879,13:43:33,8.24,0.0,71,58504,买盘
880,13:43:37,8.24,0.0,44,36256,买盘
881,13:43:43,8.24,0.0,101,83224,买盘
882,13:43:45,8.24,0.0,39,32136,卖盘
883,13:43:48,8.24,0.0,60,49440,买盘
884,13:43:54,8.24,0.0,87,71688,买盘
885,13:43:57,8.24,0.0,13,10712,卖盘
886,13:44:15,8.24,0.0,80,65920,买盘
887,13:44:21,8.24,0.0,20,16480,买盘
888,13:44:30,8.23,-0.01,7,5761,卖盘
889,13:44:51,8.24,0.01,150,123600,买盘
890,13:44:54,8.24,0.0,50,41200,买盘
891,13:44:57,8.24,0.0,40,32960,买盘
892,13:45:00,8.24,0.0,1,824,买盘
893,13:45:04,8.24,0.0,60,49440,买盘
894,13:45:06,8.24,0.0,9,7416,买盘
895,13:45:09,8.24,0.0,40,32960,买盘
896,13:45:15,8.24,0.0,60,49440,买盘
897,13:45:21,8.24,0.0,67,55208,买盘
898,13:45:24,8.24,0.0,13,10712,卖盘
899,13:45:27,8.24,0.0,20,16480,买盘
900,13:45:51,8.24,0.0,140,115360,买盘
901,13:45:57,8.24,0.0,60,49440,买盘
902,13:46:04,8.24,0.0,45,37080,买盘
903,13:46:06,8.23,-0.01,1,823,卖盘
904,13:46:09,8.24,0.01,55,45320,买盘
905,13:46:15,8.24,0.0,130,107120,买盘
906,13:46:24,8.24,0.0,70,57680,买盘
907,13:46:42,8.24,0.0,3,2472,买盘
908,13:47:00,8.24,0.0,160,131840,买盘
909,13:47:06,8.24,0.0,40,32960,买盘
910,13:47:09,8.24,0.0,55,45320,买盘
911,13:47:15,8.24,0.0,45,37080,买盘
912,13:47:19,8.24,0.0,100,82400,买盘
913,13:47:22,8.24,0.0,104,85696,买盘
914,13:47:39,8.24,0.0,17,14008,买盘
915,13:48:00,8.24,0.0,129,106296,买盘
916,13:48:04,8.24,0.0,45,37080,卖盘
917,13:48:06,8.24,0.0,30,24720,卖盘
918,13:48:12,8.24,0.0,70,57680,买盘
919,13:48:15,8.24,0.0,30,24720,买盘
920,13:48:36,8.24,0.0,130,107120,买盘
921,13:48:39,8.23,-0.01,18,14822,卖盘
922,13:48:42,8.24,0.01,71,58503,买盘
923,13:50:36,8.23,-0.01,20,16460,卖盘
924,13:50:54,8.24,0.01,1,824,买盘
925,13:51:06,8.23,-0.01,1,823,卖盘
926,13:51:09,8.23,0.0,45,37035,卖盘
927,13:52:06,8.23,0.0,1,823,卖盘
928,13:52:12,8.24,0.01,5,4120,买盘
929,13:52:37,8.24,0.0,8,6592,买盘
930,13:53:12,8.23,-0.01,2,1646,卖盘
931,13:53:33,8.23,0.0,23,18929,卖盘
932,13:54:04,8.23,0.0,1,823,卖盘
933,13:54:15,8.23,0.0,75,61725,卖盘
934,13:54:18,8.23,0.0,25,20575,卖盘
935,13:54:48,8.22,-0.01,7,5754,卖盘
936,13:54:57,8.22,0.0,2,1644,卖盘
937,13:55:04,8.22,0.0,23,18906,卖盘
938,13:55:12,8.23,0.01,1,823,买盘
939,13:55:36,8.22,-0.01,45,36990,卖盘
940,13:55:42,8.23,0.01,18,14814,买盘
941,13:56:06,8.22,-0.01,5,4110,卖盘
942,13:56:09,8.22,0.0,22,18084,卖盘
943,13:56:18,8.23,0.01,48,39487,买盘
944,13:56:48,8.22,-0.01,2,1644,卖盘
945,13:57:21,8.23,0.01,6,4938,买盘
946,13:58:15,8.23,0.0,6,4938,买盘
947,13:58:27,8.22,-0.01,2,1644,卖盘
948,13:58:39,8.23,0.01,10,8230,买盘
949,13:58:42,8.23,0.0,22,18106,买盘
950,14:00:06,8.23,0.0,200,164600,买盘
951,14:00:12,8.23,0.0,11,9053,买盘
952,14:01:09,8.23,0.0,10,8230,买盘
953,14:01:30,8.22,-0.01,120,98640,卖盘
954,14:01:43,8.22,0.0,50,41100,卖盘
955,14:01:57,8.22,0.0,27,22194,卖盘
956,14:02:06,8.21,-0.01,2,1642,卖盘
957,14:02:12,8.21,0.0,2,1642,卖盘
958,14:02:15,8.21,0.0,11,9031,卖盘
959,14:02:51,8.21,0.0,7,5747,卖盘
960,14:03:12,8.21,0.0,10,8210,卖盘
961,14:03:45,8.22,0.01,99,81378,买盘
962,14:04:09,8.22,0.0,182,149604,卖盘
963,14:04:12,8.22,0.0,5,4110,买盘
964,14:04:18,8.22,0.0,18,14796,买盘
965,14:04:24,8.22,0.0,120,98640,卖盘
966,14:04:45,8.22,0.0,79,64938,卖盘
967,14:04:51,8.22,0.0,23,18906,买盘
968,14:05:06,8.22,0.0,100,82200,卖盘
969,14:05:12,8.22,0.0,68,55896,卖盘
970,14:06:09,8.21,-0.01,20,16420,卖盘
971,14:06:12,8.21,0.0,1,821,卖盘
972,14:06:15,8.21,0.0,1,821,卖盘
973,14:06:18,8.21,0.0,12,9852,卖盘
974,14:06:27,8.21,0.0,2,1642,卖盘
975,14:06:33,8.22,0.01,12,9864,买盘
976,14:06:42,8.21,-0.01,120,98520,卖盘
977,14:06:48,8.22,0.01,12,9864,买盘
978,14:06:54,8.21,-0.01,100,82100,卖盘
979,14:07:36,8.21,0.0,2,1642,卖盘
980,14:07:39,8.21,0.0,30,24630,卖盘
981,14:07:45,8.2,-0.01,3,2460,卖盘
982,14:07:52,8.21,0.01,26,21346,买盘
983,14:07:55,8.21,0.0,5,4105,卖盘
984,14:08:01,8.21,0.0,169,138749,卖盘
985,14:08:12,8.2,-0.01,50,41000,卖盘
986,14:08:15,8.21,0.01,7,5747,买盘
987,14:08:27,8.21,0.0,5,4105,买盘
988,14:09:04,8.21,0.0,32,26272,买盘
989,14:09:18,8.21,0.0,12,9852,买盘
990,14:09:33,8.21,0.0,26,21346,买盘
991,14:09:36,8.21,0.0,21,17241,买盘
992,14:09:51,8.21,0.0,9,7389,卖盘
993,14:09:54,8.21,0.0,10,8210,买盘
994,14:09:57,8.21,0.0,34,27914,买盘
995,14:10:04,8.21,0.0,16,13136,买盘
996,14:10:15,8.21,0.0,1,821,卖盘
997,14:10:24,8.21,0.0,1,821,卖盘
998,14:10:27,8.21,0.0,45,36945,卖盘
999,14:11:00,8.21,0.0,63,51723,卖盘
1000,14:11:30,8.21,0.0,10,8210,卖盘
1001,14:12:06,8.21,0.0,1,821,卖盘
1002,14:12:19,8.21,0.0,35,28735,卖盘
1003,14:12:25,8.21,0.0,42,34482,卖盘
1004,14:12:30,8.21,0.0,54,44334,卖盘
1005,14:12:33,8.21,0.0,2,1642,卖盘
1006,14:12:36,8.21,0.0,21,17241,卖盘
1007,14:12:51,8.21,0.0,2,1642,卖盘
1008,14:12:54,8.21,0.0,3,2463,卖盘
1009,14:13:09,8.21,0.0,1,821,卖盘
1010,14:13:27,8.21,0.0,1,821,卖盘
1011,14:13:36,8.21,0.0,148,121508,卖盘
1012,14:14:04,8.2,-0.01,9,7380,卖盘
1013,14:14:06,8.21,0.01,98,80458,买盘
1014,14:14:18,8.21,0.0,27,22167,买盘
1015,14:14:24,8.21,0.0,17,13957,买盘
1016,14:14:30,8.22,0.01,5,4110,买盘
1017,14:14:34,8.21,-0.01,1,821,卖盘
1018,14:14:39,8.21,0.0,2,1642,卖盘
1019,14:14:49,8.21,0.0,58,47618,卖盘
1020,14:15:06,8.21,0.0,28,22988,卖盘
1021,14:15:13,8.21,0.0,5,4105,买盘
1022,14:15:21,8.21,0.0,28,22988,买盘
1023,14:15:24,8.21,0.0,3,2463,买盘
1024,14:15:27,8.21,0.0,21,17241,买盘
1025,14:15:49,8.2,-0.01,300,246025,卖盘
1026,14:15:54,8.21,0.01,1,821,买盘
1027,14:15:57,8.21,0.0,5,4105,卖盘
1028,14:16:00,8.21,0.0,43,35303,卖盘
1029,14:16:12,8.2,-0.01,9,7380,卖盘
1030,14:16:21,8.2,0.0,4,3280,卖盘
1031,14:16:24,8.22,0.02,50,41088,买盘
1032,14:16:27,8.2,-0.02,2,1640,卖盘
1033,14:16:45,8.22,0.02,5,4106,买盘
1034,14:17:00,8.2,-0.02,10,8200,卖盘
1035,14:17:10,8.21,0.01,58,47618,买盘
1036,14:17:15,8.21,0.0,8,6568,买盘
1037,14:17:27,8.21,0.0,1,821,卖盘
1038,14:17:48,8.21,0.0,1,821,卖盘
1039,14:17:51,8.21,0.0,216,177336,卖盘
1040,14:18:30,8.21,0.0,200,164200,买盘
1041,14:18:54,8.2,-0.01,1,820,卖盘
1042,14:19:09,8.21,0.01,210,172410,买盘
1043,14:19:12,8.21,0.0,5,4105,买盘
1044,14:19:24,8.21,0.0,105,86205,买盘
1045,14:19:48,8.21,0.0,93,76353,卖盘
1046,14:19:54,8.21,0.0,80,65680,买盘
1047,14:19:58,8.21,0.0,7,5747,买盘
1048,14:20:09,8.21,0.0,100,82100,卖盘
1049,14:20:27,8.21,0.0,1,821,卖盘
1050,14:20:54,8.21,0.0,180,147780,卖盘
1051,14:20:57,8.21,0.0,4,3284,卖盘
1052,14:21:00,8.21,0.0,3,2463,卖盘
1053,14:21:04,8.21,0.0,1,821,卖盘
1054,14:21:10,8.21,0.0,43,35303,卖盘
1055,14:21:15,8.21,0.0,12,9852,买盘
1056,14:21:21,8.22,0.01,90,73911,买盘
1057,14:21:51,8.21,-0.01,199,163379,卖盘
1058,14:21:54,8.21,0.0,2,1643,卖盘
1059,14:22:07,8.21,0.0,14,11494,卖盘
1060,14:22:30,8.2,-0.01,15,12300,卖盘
1061,14:23:00,8.2,0.0,100,82000,卖盘
1062,14:23:06,8.2,0.0,24,19680,卖盘
1063,14:23:39,8.19,-0.01,2,1638,卖盘
1064,14:24:39,8.19,0.0,3,2457,卖盘
1065,14:24:54,8.2,0.01,5,4100,买盘
1066,14:24:57,8.19,-0.01,12,9829,卖盘
1067,14:25:06,8.2,0.01,102,83565,买盘
1068,14:28:40,8.2,0.0,24,19680,卖盘
1069,14:29:09,8.21,0.01,1,821,买盘
1070,14:29:33,8.21,0.0,3,2461,买盘
1071,14:30:12,8.21,0.0,60,49260,买盘
1072,14:30:27,8.21,0.0,60,49260,买盘
1073,14:30:42,8.21,0.0,30,24630,买盘
1074,14:30:45,8.21,0.0,16,13136,买盘
1075,14:30:48,8.22,0.01,262,215277,买盘
1076,14:30:54,8.21,-0.01,52,42692,卖盘
1077,14:31:09,8.25,0.04,200,164825,买盘
1078,14:31:39,8.24,-0.01,42,34608,买盘
1079,14:31:42,8.24,0.0,38,31312,卖盘
1080,14:31:48,8.24,0.0,7,5768,买盘
1081,14:31:51,8.24,0.0,1,824,卖盘
1082,14:31:54,8.24,0.0,1,824,卖盘
1083,14:31:57,8.24,0.0,1,824,卖盘
1084,14:32:01,8.24,0.0,1,824,卖盘
1085,14:32:12,8.24,0.0,1,824,卖盘
1086,14:32:22,8.24,0.0,34,28016,卖盘
1087,14:32:25,8.24,0.0,1,824,卖盘
1088,14:32:27,8.24,0.0,15,12360,卖盘
1089,14:32:33,8.24,0.0,2,1648,买盘
1090,14:32:36,8.24,0.0,18,14832,卖盘
1091,14:32:49,8.24,0.0,50,41200,买盘
1092,14:32:57,8.24,0.0,13,10712,买盘
1093,14:33:04,8.24,0.0,7,5768,卖盘
1094,14:33:09,8.24,0.0,50,41200,买盘
1095,14:33:21,8.23,-0.01,1,823,买盘
1096,14:33:33,8.24,0.01,12,9888,买盘
1097,14:33:36,8.24,0.0,8,6592,卖盘
1098,14:33:39,8.24,0.0,38,31312,买盘
1099,14:33:42,8.24,0.0,12,9888,卖盘
1100,14:33:48,8.24,0.0,24,19776,买盘
1101,14:34:24,8.24,0.0,53,43672,买盘
1102,14:34:36,8.23,-0.01,29,23867,中性盘
1103,14:34:42,8.23,0.0,24,19752,卖盘
1104,14:34:45,8.23,0.0,3,2469,买盘
1105,14:34:51,8.23,0.0,7,5761,买盘
1106,14:35:06,8.23,0.0,47,38681,卖盘
1107,14:35:12,8.23,0.0,18,14814,卖盘
1108,14:35:18,8.23,0.0,15,12345,买盘
1109,14:35:30,8.24,0.01,38,31312,买盘
1110,14:35:33,8.24,0.0,32,26368,卖盘
1111,14:35:36,8.24,0.0,30,24720,买盘
1112,14:36:36,8.25,0.01,100,82474,买盘
1113,14:36:51,8.25,0.0,50,41250,买盘
1114,14:37:00,8.25,0.0,30,24750,买盘
1115,14:37:09,8.25,0.0,50,41250,买盘
1116,14:37:15,8.25,0.0,50,41250,买盘
1117,14:37:27,8.25,0.0,60,49500,买盘
1118,14:37:33,8.25,0.0,14,11550,卖盘
1119,14:37:37,8.25,0.0,30,24750,买盘
1120,14:37:42,8.25,0.0,30,24750,买盘
1121,14:38:07,8.25,0.0,44,36300,买盘
1122,14:38:09,8.25,0.0,16,13200,卖盘
1123,14:38:15,8.25,0.0,35,28875,买盘
1124,14:38:28,8.25,0.0,38,31350,买盘
1125,14:38:31,8.25,0.0,12,9900,卖盘
1126,14:38:33,8.25,0.0,11,9075,买盘
1127,14:38:36,8.25,0.0,9,7425,卖盘
1128,14:38:54,8.24,-0.01,12,9888,卖盘
1129,14:38:57,8.25,0.01,106,87444,买盘
1130,14:39:10,8.24,-0.01,27,22274,卖盘
1131,14:39:21,8.25,0.01,56,46183,买盘
1132,14:39:24,8.23,-0.02,28,23072,卖盘
1133,14:39:27,8.25,0.02,30,24738,买盘
1134,14:39:36,8.25,0.0,30,24750,买盘
1135,14:39:48,8.25,0.0,42,34649,买盘
1136,14:39:51,8.23,-0.02,16,13184,卖盘
1137,14:39:54,8.25,0.02,28,23100,买盘
1138,14:40:00,8.25,0.0,22,18150,卖盘
1139,14:40:16,8.24,-0.01,37,30488,卖盘
1140,14:40:24,8.24,0.0,22,18128,卖盘
1141,14:40:51,8.25,0.01,88,72600,买盘
1142,14:40:54,8.25,0.0,2,1650,卖盘
1143,14:41:09,8.25,0.0,70,57750,买盘
1144,14:41:12,8.25,0.0,4,3300,买盘
1145,14:41:24,8.25,0.0,16,13200,卖盘
1146,14:41:45,8.25,0.0,60,49500,买盘
1147,14:41:54,8.26,0.01,50,41296,买盘
1148,14:42:24,8.26,0.0,70,57820,买盘
1149,14:42:36,8.26,0.0,33,27258,买盘
1150,14:42:39,8.26,0.0,32,26432,卖盘
1151,14:42:46,8.26,0.0,30,24780,卖盘
1152,14:42:48,8.26,0.0,6,4956,卖盘
1153,14:42:51,8.27,0.01,4,3308,买盘
1154,14:42:54,8.26,-0.01,1,826,卖盘
1155,14:42:57,8.26,0.0,60,49560,买盘
1156,14:43:07,8.26,0.0,51,42126,买盘
1157,14:43:12,8.26,0.0,14,11564,卖盘
1158,14:43:28,8.26,0.0,60,49560,买盘
1159,14:43:31,8.26,0.0,5,4130,卖盘
1160,14:43:33,8.26,0.0,19,15694,买盘
1161,14:43:37,8.26,0.0,1,826,卖盘
1162,14:43:48,8.26,0.0,3,2478,买盘
1163,14:43:54,8.25,-0.01,34,28050,卖盘
1164,14:44:04,8.25,0.0,14,11550,卖盘
1165,14:44:07,8.25,0.0,12,9900,卖盘
1166,14:44:15,8.25,0.0,35,28875,卖盘
1167,14:44:21,8.25,0.0,31,25575,卖盘
1168,14:44:36,8.25,0.0,7,5775,卖盘
1169,14:44:39,8.26,0.01,59,48734,买盘
1170,14:44:42,8.26,0.0,11,9086,卖盘
1171,14:44:51,8.26,0.0,10,8260,买盘
1172,14:44:54,8.26,0.0,10,8260,卖盘
1173,14:45:00,8.26,0.0,50,41300,买盘
1174,14:45:06,8.26,0.0,6,4956,买盘
1175,14:45:09,8.26,0.0,8,6608,买盘
1176,14:45:16,8.26,0.0,50,41300,买盘
1177,14:45:21,8.26,0.0,30,24780,买盘
1178,14:45:33,8.26,0.0,66,54516,买盘
1179,14:45:40,8.26,0.0,4,3304,卖盘
1180,14:45:43,8.26,0.0,19,15694,买盘
1181,14:45:48,8.26,0.0,21,17346,卖盘
1182,14:45:57,8.26,0.0,37,30207,买盘
1183,14:46:19,8.26,0.0,13,11101,卖盘
1184,14:46:22,8.26,0.0,32,26077,买盘
1185,14:46:24,8.26,0.0,14,11919,卖盘
1186,14:46:43,8.26,0.0,4,3304,买盘
1187,14:46:45,8.25,-0.01,55,45375,卖盘
1188,14:46:52,8.25,0.0,55,45375,买盘
1189,14:46:57,8.25,0.0,25,20625,卖盘
1190,14:47:10,8.26,0.01,48,39606,买盘
1191,14:47:18,8.25,-0.01,38,31350,卖盘
1192,14:47:24,8.25,0.0,52,42900,卖盘
1193,14:47:28,8.25,0.0,31,25575,卖盘
1194,14:47:36,8.25,0.0,27,22275,卖盘
1195,14:47:40,8.25,0.0,23,18975,买盘
1196,14:47:42,8.25,0.0,27,22275,卖盘
1197,14:47:48,8.25,0.0,35,28875,买盘
1198,14:47:57,8.25,0.0,37,30525,卖盘
1199,14:48:00,8.25,0.0,63,51975,买盘
1200,14:48:07,8.25,0.0,12,9900,卖盘
1201,14:48:13,8.25,0.0,25,20625,买盘
1202,14:48:24,8.25,0.0,29,23925,卖盘
1203,14:48:40,8.25,0.0,53,43725,卖盘
1204,14:48:48,8.25,0.0,75,61875,卖盘
1205,14:48:57,8.25,0.0,25,20625,卖盘
1206,14:49:00,8.25,0.0,30,24750,卖盘
1207,14:49:06,8.25,0.0,1,825,卖盘
1208,14:49:30,8.25,0.0,73,60225,卖盘
1209,14:49:36,8.25,0.0,29,23925,卖盘
1210,14:49:43,8.25,0.0,28,23100,卖盘
1211,14:49:51,8.26,0.01,57,47044,买盘
1212,14:49:54,8.25,-0.01,47,38775,卖盘
1213,14:50:04,8.25,0.0,37,30525,卖盘
1214,14:50:15,8.25,0.0,47,38775,卖盘
1215,14:50:22,8.25,0.0,34,28050,卖盘
1216,14:50:24,8.25,0.0,1,825,卖盘
1217,14:50:28,8.25,0.0,41,33825,卖盘
1218,14:50:31,8.25,0.0,27,22275,卖盘
1219,14:50:36,8.25,0.0,63,51972,买盘
1220,14:50:43,8.25,0.0,53,43725,买盘
1221,14:50:54,8.25,0.0,2,1650,卖盘
1222,14:50:57,8.25,0.0,52,42900,卖盘
1223,14:51:01,8.25,0.0,38,31350,卖盘
1224,14:51:04,8.25,0.0,26,21450,买盘
1225,14:51:07,8.25,0.0,8,6600,卖盘
1226,14:51:09,8.25,0.0,41,33825,卖盘
1227,14:51:13,8.26,0.01,17,14042,买盘
1228,14:51:28,8.25,-0.01,41,33825,卖盘
1229,14:51:31,8.25,0.0,33,27225,卖盘
1230,14:51:34,8.25,0.0,11,9075,买盘
1231,14:51:39,8.25,0.0,6,4950,卖盘
1232,14:51:48,8.25,0.0,21,17325,买盘
1233,14:51:54,8.25,0.0,3,2475,卖盘
1234,14:52:01,8.25,0.0,22,18150,卖盘
1235,14:52:04,8.25,0.0,17,14025,买盘
1236,14:52:07,8.25,0.0,33,27225,卖盘
1237,14:52:10,8.25,0.0,16,13200,买盘
1238,14:52:16,8.25,0.0,18,14850,卖盘
1239,14:52:21,8.25,0.0,25,20625,卖盘
1240,14:52:24,8.25,0.0,2,1650,卖盘
1241,14:52:27,8.25,0.0,29,23925,卖盘
1242,14:52:34,8.25,0.0,16,13200,卖盘
1243,14:52:40,8.25,0.0,7,5781,卖盘
1244,14:52:43,8.25,0.0,25,20625,卖盘
1245,14:52:48,8.25,0.0,82,67650,买盘
1246,14:52:54,8.25,0.0,38,31350,卖盘
1247,14:52:57,8.25,0.0,56,46200,买盘
1248,14:53:01,8.25,0.0,1,825,卖盘
1249,14:53:04,8.25,0.0,1,825,卖盘
1250,14:53:06,8.25,0.0,2,1650,卖盘
1251,14:53:09,8.25,0.0,15,12375,卖盘
1252,14:53:12,8.25,0.0,61,50325,卖盘
1253,14:53:16,8.25,0.0,20,16500,买盘
1254,14:53:19,8.25,0.0,45,37125,卖盘
1255,14:53:22,8.25,0.0,28,23100,卖盘
1256,14:53:24,8.25,0.0,1,825,卖盘
1257,14:53:27,8.25,0.0,2,1650,卖盘
1258,14:53:30,8.25,0.0,1,825,卖盘
1259,14:53:33,8.25,0.0,15,12375,卖盘
1260,14:53:39,8.25,0.0,7,5775,卖盘
1261,14:53:45,8.25,0.0,67,55275,卖盘
1262,14:53:48,8.25,0.0,1,825,卖盘
1263,14:53:52,8.25,0.0,36,29700,卖盘
1264,14:53:55,8.25,0.0,2,1650,卖盘
1265,14:53:58,8.25,0.0,38,31350,卖盘
1266,14:54:00,8.25,0.0,1,825,卖盘
1267,14:54:03,8.25,0.0,86,70950,卖盘
1268,14:54:06,8.25,0.0,5,4125,卖盘
1269,14:54:13,8.25,0.0,32,26400,卖盘
1270,14:54:16,8.25,0.0,33,27225,卖盘
1271,14:54:25,8.25,0.0,44,36300,卖盘
1272,14:54:28,8.25,0.0,75,61880,买盘
1273,14:54:33,8.25,0.0,6,4950,买盘
1274,14:54:36,8.25,0.0,1,825,卖盘
1275,14:54:39,8.25,0.0,41,33825,卖盘
1276,14:54:43,8.26,0.01,1,826,买盘
1277,14:54:51,8.25,-0.01,48,39600,卖盘
1278,14:54:55,8.25,0.0,1,825,卖盘
1279,14:54:57,8.25,0.0,29,23925,卖盘
1280,14:55:04,8.25,0.0,44,36300,卖盘
1281,14:55:07,8.25,0.0,34,28050,卖盘
1282,14:55:15,8.25,0.0,48,39600,卖盘
1283,14:55:18,8.25,0.0,35,28875,卖盘
1284,14:55:24,8.25,0.0,41,33825,卖盘
1285,14:55:48,8.25,0.0,4,3300,卖盘
1286,14:56:13,8.25,0.0,60,49500,卖盘
1287,14:56:16,8.25,0.0,34,28050,卖盘
1288,14:56:19,8.25,0.0,23,18975,买盘
1289,14:56:24,8.25,0.0,39,32175,卖盘
1290,14:56:31,8.25,0.0,48,39600,卖盘
1291,14:56:34,8.26,0.01,2,1651,买盘
1292,14:56:37,8.26,0.0,5,4128,买盘
1293,14:56:40,8.26,0.0,83,68476,买盘
1294,14:56:43,8.25,-0.01,68,56101,卖盘
1295,14:56:46,8.26,0.01,1,826,买盘
1296,14:56:48,8.26,0.0,62,51151,买盘
1297,14:56:58,8.25,-0.01,40,33000,卖盘
1298,14:57:00,8.25,0.0,39,32175,卖盘
1299,15:00:04,8.26,0.01,449,370874,卖盘
