,time,price,change,volume,amount,type
0,09:25:04,24.99,-0.09,17,42483,卖盘
1,09:30:07,25.34,0.35,1,2534,中性盘
2,09:30:22,25.1,-0.24,2,5020,买盘
3,09:30:25,25.1,0.0,1,2510,买盘
4,09:30:28,25.1,0.0,1,2510,买盘
5,09:30:37,25.03,-0.07,2,5006,卖盘
6,09:30:43,25.03,0.0,5,12515,卖盘
7,09:30:49,25.04,0.01,1,2504,中性盘
8,09:31:04,25.08,0.04,4,10032,买盘
9,09:31:10,25.04,-0.04,1,2504,卖盘
10,09:31:13,25.08,0.04,1,2508,买盘
11,09:31:16,25.08,0.0,1,2508,买盘
12,09:31:19,25.08,0.0,7,17556,卖盘
13,09:31:31,25.05,-0.03,2,5010,卖盘
14,09:31:34,25.07,0.02,23,57653,买盘
15,09:31:40,25.04,-0.03,2,5008,卖盘
16,09:31:43,25.04,0.0,1,2504,卖盘
17,09:32:01,25.02,-0.02,4,10008,卖盘
18,09:32:10,25.01,-0.01,1,2501,卖盘
19,09:32:13,25.01,0.0,6,15006,卖盘
20,09:32:19,25.02,0.01,21,52541,中性盘
21,09:32:22,25.02,0.0,1,2502,买盘
22,09:32:25,25.0,-0.02,66,165001,卖盘
23,09:32:28,25.0,0.0,10,24988,买盘
24,09:32:31,25.0,0.0,10,25000,买盘
25,09:32:37,25.0,0.0,3,7500,买盘
26,09:32:40,25.0,0.0,1,2500,买盘
27,09:32:43,24.96,-0.04,2,4992,卖盘
28,09:32:49,24.96,0.0,1,2496,卖盘
29,09:32:55,25.0,0.04,40,100000,买盘
30,09:33:01,24.99,-0.01,18,44998,中性盘
31,09:33:04,25.0,0.01,90,224934,买盘
32,09:33:07,25.07,0.07,1,2507,买盘
33,09:33:10,25.0,-0.07,4,10000,卖盘
34,09:33:13,25.1,0.1,16,40160,买盘
35,09:33:16,25.0,-0.1,5,12500,卖盘
36,09:33:46,25.07,0.07,4,10028,中性盘
37,09:34:01,25.07,0.0,3,7521,买盘
38,09:34:13,25.07,0.0,4,10028,买盘
39,09:34:46,25.02,-0.05,2,5008,卖盘
40,09:35:10,25.02,0.0,5,12510,卖盘
41,09:35:37,25.02,0.0,3,7506,卖盘
42,09:35:46,25.02,0.0,5,12510,卖盘
43,09:35:49,25.04,0.02,17,42568,买盘
44,09:36:10,25.04,0.0,1,2504,卖盘
45,09:36:13,25.04,0.0,3,7512,卖盘
46,09:36:16,25.05,0.01,3,7515,买盘
47,09:36:43,25.05,0.0,5,12525,卖盘
48,09:36:49,25.06,0.01,5,12530,买盘
49,09:36:55,25.08,0.02,6,15046,买盘
50,09:37:07,25.09,0.01,2,5018,买盘
51,09:37:10,25.09,0.0,1,2509,卖盘
52,09:37:40,25.11,0.02,2,5022,卖盘
53,09:37:55,25.1,-0.01,23,57730,卖盘
54,09:37:58,25.22,0.12,5,12599,买盘
55,09:38:16,25.1,-0.12,4,10040,卖盘
56,09:38:28,25.3,0.2,20,50537,买盘
57,09:38:40,25.12,-0.18,3,7536,卖盘
58,09:38:43,25.12,0.0,7,17584,买盘
59,09:38:46,25.13,0.01,1,2513,买盘
60,09:39:07,25.21,0.08,15,37815,买盘
61,09:39:10,25.13,-0.08,2,5026,卖盘
62,09:39:13,25.13,0.0,3,7539,卖盘
63,09:39:37,25.15,0.02,4,10060,卖盘
64,09:39:40,25.15,0.0,3,7545,卖盘
65,09:39:52,25.19,0.04,9,22667,买盘
66,09:40:07,25.15,-0.04,2,5030,卖盘
67,09:40:10,25.15,0.0,1,2515,卖盘
68,09:40:22,25.12,-0.03,11,27637,卖盘
69,09:40:34,25.12,0.0,8,20096,卖盘
70,09:40:37,25.11,-0.01,47,118024,卖盘
71,09:40:46,25.1,-0.01,6,15060,卖盘
72,09:40:52,25.05,-0.05,38,95190,卖盘
73,09:41:31,25.05,0.0,7,17535,卖盘
74,09:41:58,25.06,0.01,2,5012,卖盘
75,09:42:13,25.06,0.0,5,12530,买盘
76,09:42:19,25.06,0.0,3,7518,买盘
77,09:42:40,25.09,0.03,1,2509,买盘
78,09:42:46,25.09,0.0,1,2509,卖盘
79,09:42:58,25.09,0.0,4,10036,卖盘
80,09:43:01,25.1,0.01,4,10040,买盘
81,09:43:07,25.09,-0.01,14,35126,卖盘
82,09:43:10,25.09,0.0,8,20072,买盘
83,09:43:25,25.07,-0.02,4,10030,卖盘
84,09:43:28,25.07,0.0,3,7521,卖盘
85,09:43:37,25.09,0.02,10,25090,买盘
86,09:44:13,25.07,-0.02,3,7521,卖盘
87,09:44:16,25.07,0.0,6,15042,卖盘
88,09:44:31,25.07,0.0,1,2507,卖盘
89,09:44:46,25.06,-0.01,2,5012,卖盘
90,09:44:55,25.06,0.0,3,7518,卖盘
91,09:45:07,25.08,0.02,10,25080,买盘
92,09:45:13,25.08,0.0,1,2508,中性盘
93,09:45:19,25.08,0.0,2,5017,卖盘
94,09:46:01,25.1,0.02,1,2510,买盘
95,09:47:07,25.15,0.05,35,88025,买盘
96,09:47:31,25.19,0.04,5,12595,买盘
97,09:47:43,25.19,0.0,11,27709,买盘
98,09:47:46,25.19,0.0,9,22671,买盘
99,09:48:22,25.16,-0.03,3,7551,卖盘
100,09:48:25,25.2,0.04,29,73065,买盘
101,09:48:46,25.2,0.0,6,15152,卖盘
102,09:48:49,25.28,0.08,10,25255,买盘
103,09:48:58,25.19,-0.09,2,5038,卖盘
104,09:49:16,25.16,-0.03,1,2516,卖盘
105,09:49:25,25.15,-0.01,1,2515,卖盘
106,09:49:31,25.19,0.04,1,2519,买盘
107,09:49:37,25.19,0.0,1,2519,卖盘
108,09:49:40,25.2,0.01,4,10080,中性盘
109,09:49:46,25.19,-0.01,8,20152,卖盘
110,09:49:55,25.15,-0.04,1,2515,卖盘
111,09:50:01,25.15,0.0,3,7545,卖盘
112,09:50:19,25.09,-0.06,2,5018,卖盘
113,09:50:22,25.1,0.01,3,7530,买盘
114,09:50:31,25.1,0.0,2,5020,买盘
115,09:50:58,25.12,0.02,7,17584,卖盘
116,09:51:04,25.15,0.03,1,2515,买盘
117,09:51:49,25.15,0.0,4,10060,卖盘
118,09:52:01,25.12,-0.03,2,5024,卖盘
119,09:52:10,25.1,-0.02,8,20080,卖盘
120,09:52:13,25.09,-0.01,15,37635,卖盘
121,09:52:19,25.09,0.0,2,5018,卖盘
122,09:52:31,25.08,-0.01,17,42636,卖盘
123,09:52:34,25.08,0.0,1,2508,卖盘
124,09:52:46,25.08,0.0,6,15048,买盘
125,09:52:49,25.09,0.01,1,2509,卖盘
126,09:53:19,25.09,0.0,10,25090,卖盘
127,09:53:40,25.09,0.0,3,7527,卖盘
128,09:53:58,25.09,0.0,11,27599,买盘
129,09:54:04,25.09,0.0,6,15054,卖盘
130,09:54:07,25.09,0.0,6,15054,卖盘
131,09:54:13,25.09,0.0,14,35126,买盘
132,09:54:16,25.09,0.0,6,15052,买盘
133,09:54:34,25.1,0.01,1,2510,买盘
134,09:54:40,25.09,-0.01,1,2509,卖盘
135,09:55:13,25.09,0.0,10,25090,买盘
136,09:55:16,25.08,-0.01,21,52675,卖盘
137,09:56:01,25.09,0.01,5,12545,卖盘
138,09:56:04,25.09,0.0,5,12545,卖盘
139,09:56:10,25.08,-0.01,9,22572,卖盘
140,09:56:19,25.08,0.0,9,22572,买盘
141,09:56:22,25.08,0.0,22,55176,买盘
142,09:56:25,25.07,-0.01,10,25070,卖盘
143,09:56:40,25.09,0.02,14,35125,买盘
144,09:56:46,25.07,-0.02,1,2507,卖盘
145,09:56:52,25.08,0.01,1,2508,买盘
146,09:56:58,25.08,0.0,5,12540,买盘
147,09:57:13,25.09,0.01,17,42651,买盘
148,09:57:28,25.09,0.0,22,55198,买盘
149,09:57:34,25.09,0.0,15,37635,买盘
150,09:57:37,25.09,0.0,3,7527,买盘
151,09:57:40,25.15,0.06,29,72801,买盘
152,09:58:13,25.15,0.0,2,5030,买盘
153,09:58:31,25.24,0.09,11,27764,买盘
154,09:58:37,25.24,0.0,2,5048,卖盘
155,09:58:43,25.24,0.0,2,5048,卖盘
156,09:58:46,25.26,0.02,9,22724,买盘
157,09:58:49,25.26,0.0,9,22734,买盘
158,09:58:58,25.26,0.0,8,20208,卖盘
159,09:59:04,25.26,0.0,32,80832,卖盘
160,09:59:10,25.26,0.0,12,30312,买盘
161,09:59:22,25.26,0.0,13,32838,卖盘
162,09:59:25,25.26,0.0,7,17688,卖盘
163,09:59:28,25.26,0.0,6,15156,卖盘
164,09:59:31,25.26,0.0,4,10104,卖盘
165,10:00:04,25.16,-0.1,1,2516,卖盘
166,10:00:10,25.26,0.1,5,12630,买盘
167,10:01:19,25.26,0.0,22,55566,买盘
168,10:01:40,25.24,-0.02,1,2524,买盘
169,10:02:01,25.24,0.0,19,47956,卖盘
170,10:02:22,25.18,-0.06,1,2518,卖盘
171,10:02:27,25.18,0.0,7,17626,卖盘
172,10:02:49,25.2,0.02,1,2520,买盘
173,10:03:01,25.18,-0.02,1,2518,卖盘
174,10:04:46,25.18,0.0,1,2518,卖盘
175,10:05:07,25.18,0.0,1,2518,卖盘
176,10:06:07,25.19,0.01,1,2519,卖盘
177,10:06:40,25.19,0.0,3,7557,卖盘
178,10:06:58,25.19,0.0,8,20152,买盘
179,10:07:18,25.19,0.0,1,2519,买盘
180,10:08:07,25.19,0.0,1,2519,卖盘
181,10:09:13,25.2,0.01,4,10080,买盘
182,10:09:27,25.22,0.02,2,5044,买盘
183,10:09:37,25.2,-0.02,7,17640,卖盘
184,10:10:00,25.2,0.0,8,20163,卖盘
185,10:10:13,25.18,-0.02,2,5036,卖盘
186,10:10:16,25.18,0.0,9,22662,卖盘
187,10:10:49,25.2,0.02,2,5038,买盘
188,10:11:01,25.18,-0.02,2,5036,卖盘
189,10:11:09,25.19,0.01,4,10073,买盘
190,10:12:04,25.2,0.01,7,17637,买盘
191,10:12:25,25.12,-0.08,6,15077,卖盘
192,10:12:37,25.16,0.04,2,5032,买盘
193,10:12:57,25.19,0.03,2,5038,买盘
194,10:13:31,25.19,0.0,10,25190,卖盘
195,10:13:45,25.19,0.0,18,45342,卖盘
196,10:14:43,25.17,-0.02,1,2517,卖盘
197,10:15:07,25.17,0.0,1,2517,卖盘
198,10:15:13,25.19,0.02,10,25190,买盘
199,10:15:40,25.19,0.0,4,10076,买盘
200,10:15:51,25.2,0.01,4,10080,买盘
201,10:16:18,25.2,0.0,4,10080,买盘
202,10:16:40,25.2,0.0,3,7560,买盘
203,10:16:52,25.2,0.0,2,5040,买盘
204,10:17:07,25.23,0.03,2,5043,买盘
205,10:17:13,25.24,0.01,3,7572,买盘
206,10:17:40,25.25,0.01,5,12625,买盘
207,10:17:49,25.25,0.0,4,10100,买盘
208,10:17:55,25.25,0.0,1,2525,卖盘
209,10:18:00,25.25,0.0,2,5050,卖盘
210,10:18:04,25.26,0.01,11,27782,买盘
211,10:18:15,25.26,0.0,2,5052,买盘
212,10:18:19,25.25,-0.01,3,7575,卖盘
213,10:18:25,25.27,0.02,50,126339,买盘
214,10:18:28,25.27,0.0,2,5054,卖盘
215,10:18:55,25.27,0.0,3,7581,卖盘
216,10:18:58,25.29,0.02,10,25286,买盘
217,10:19:07,25.27,-0.02,1,2527,卖盘
218,10:19:16,25.28,0.01,3,7584,买盘
219,10:19:28,25.27,-0.01,2,5054,卖盘
220,10:19:40,25.27,0.0,1,2527,卖盘
221,10:19:43,25.28,0.01,1,2528,买盘
222,10:21:16,25.28,0.0,25,63172,买盘
223,10:21:19,25.28,0.0,1,2528,卖盘
224,10:21:33,25.28,0.0,5,12640,卖盘
225,10:21:51,25.29,0.01,6,15174,买盘
226,10:22:01,25.28,-0.01,5,12640,卖盘
227,10:22:19,25.28,0.0,10,25280,卖盘
228,10:22:31,25.28,0.0,9,22752,卖盘
229,10:25:13,25.22,-0.06,1,2522,卖盘
230,10:25:40,25.22,0.0,1,2522,卖盘
231,10:25:43,25.22,0.0,1,2522,卖盘
232,10:25:46,25.24,0.02,1,2524,买盘
233,10:25:52,25.27,0.03,9,22737,买盘
234,10:26:04,25.27,0.0,8,20216,买盘
235,10:26:07,25.27,0.0,10,25270,买盘
236,10:26:19,25.28,0.01,10,25280,买盘
237,10:26:31,25.29,0.01,6,15174,买盘
238,10:26:33,25.29,0.0,25,63225,卖盘
239,10:26:37,25.3,0.01,1,2530,买盘
240,10:26:42,25.3,0.0,10,25300,买盘
241,10:26:45,25.3,0.0,1,2530,买盘
242,10:26:49,25.3,0.0,9,22770,买盘
243,10:26:55,25.3,0.0,1,2530,买盘
244,10:26:58,25.3,0.0,12,30360,买盘
245,10:27:04,25.3,0.0,5,12650,买盘
246,10:27:07,25.3,0.0,10,25300,买盘
247,10:27:10,25.3,0.0,5,12650,买盘
248,10:27:22,25.33,0.03,1,2533,买盘
249,10:27:39,25.34,0.01,27,68394,买盘
250,10:27:43,25.35,0.01,13,32947,买盘
251,10:27:49,25.36,0.01,1,2536,买盘
252,10:27:55,25.36,0.0,1,2536,买盘
253,10:27:58,25.36,0.0,1,2536,卖盘
254,10:28:04,25.4,0.04,31,78673,买盘
255,10:28:07,25.37,-0.03,1,2537,中性盘
256,10:28:10,25.5,0.13,88,224059,买盘
257,10:28:16,25.5,0.0,2,5100,卖盘
258,10:28:19,25.45,-0.05,2,5090,卖盘
259,10:28:22,25.54,0.09,31,79134,买盘
260,10:28:25,25.51,-0.03,19,48459,买盘
261,10:28:31,25.54,0.03,11,28091,买盘
262,10:28:33,25.54,0.0,5,12770,买盘
263,10:28:36,25.56,0.02,30,76648,买盘
264,10:28:39,25.57,0.01,3,7671,买盘
265,10:28:43,25.56,-0.01,1,2556,卖盘
266,10:28:46,25.57,0.01,9,23011,买盘
267,10:28:49,25.56,-0.01,7,17894,卖盘
268,10:28:52,25.58,0.02,6,15345,买盘
269,10:28:55,25.58,0.0,2,5116,买盘
270,10:28:58,25.56,-0.02,27,69026,卖盘
271,10:29:01,25.6,0.04,27,69088,买盘
272,10:29:04,25.6,0.0,7,17920,买盘
273,10:29:07,25.58,-0.02,1,2558,卖盘
274,10:29:09,25.58,0.0,9,23044,卖盘
275,10:29:13,25.61,0.03,2,5122,卖盘
276,10:29:16,25.64,0.03,36,92241,买盘
277,10:29:19,25.6,-0.04,4,10243,卖盘
278,10:29:25,25.6,0.0,13,33280,卖盘
279,10:29:28,25.56,-0.04,1,2556,卖盘
280,10:29:31,25.65,0.09,105,269049,买盘
281,10:29:33,25.65,0.0,7,17955,卖盘
282,10:29:36,25.65,0.0,2,5130,卖盘
283,10:29:39,25.67,0.02,21,53900,买盘
284,10:29:43,25.66,-0.01,12,30792,卖盘
285,10:29:46,25.66,0.0,104,266885,卖盘
286,10:29:49,25.67,0.01,30,77305,买盘
287,10:29:52,25.67,0.0,11,28237,卖盘
288,10:29:55,25.68,0.01,5,12840,中性盘
289,10:29:58,25.79,0.11,50,128577,买盘
290,10:30:01,25.65,-0.14,66,169303,卖盘
291,10:30:10,25.7,0.05,1,2570,卖盘
292,10:30:13,25.74,0.04,4,10292,中性盘
293,10:30:16,25.76,0.02,21,54002,买盘
294,10:30:19,25.76,0.0,14,36040,买盘
295,10:30:21,25.65,-0.11,35,89829,卖盘
296,10:30:31,25.65,0.0,20,51335,卖盘
297,10:30:37,25.7,0.05,10,25685,买盘
298,10:30:49,25.66,-0.04,5,12830,卖盘
299,10:30:52,25.66,0.0,9,23094,卖盘
300,10:30:55,25.66,0.0,4,10270,卖盘
301,10:30:58,25.7,0.04,12,30834,买盘
302,10:31:04,25.65,-0.05,26,66692,卖盘
303,10:31:10,25.65,0.0,101,259180,卖盘
304,10:31:16,25.65,0.0,23,58998,卖盘
305,10:31:19,25.65,0.0,8,20520,卖盘
306,10:31:21,25.68,0.03,8,20544,买盘
307,10:31:27,25.66,-0.02,9,23107,卖盘
308,10:31:34,25.67,0.01,1,2567,买盘
309,10:31:37,25.66,-0.01,13,33360,卖盘
310,10:31:40,25.66,0.0,3,7698,卖盘
311,10:31:46,25.65,-0.01,133,341155,卖盘
312,10:31:49,25.65,0.0,48,123120,卖盘
313,10:31:51,25.65,0.0,17,43605,卖盘
314,10:31:54,25.65,0.0,24,61560,卖盘
315,10:31:58,25.65,0.0,10,25650,卖盘
316,10:32:01,25.65,0.0,8,20520,卖盘
317,10:32:24,25.51,-0.14,20,51030,卖盘
318,10:32:31,25.65,0.14,20,51284,买盘
319,10:32:40,25.53,-0.12,2,5106,卖盘
320,10:32:43,25.53,0.0,11,28083,卖盘
321,10:32:46,25.53,0.0,7,17871,卖盘
322,10:32:48,25.53,0.0,23,58719,买盘
323,10:32:52,25.6,0.07,1,2560,卖盘
324,10:33:04,25.6,0.0,2,5120,卖盘
325,10:33:15,25.6,0.0,3,7680,买盘
326,10:33:25,25.6,0.0,2,5120,买盘
327,10:33:40,25.55,-0.05,5,12775,卖盘
328,10:33:49,25.6,0.05,4,10240,买盘
329,10:33:52,25.55,-0.05,3,7665,卖盘
330,10:34:06,25.55,0.0,11,28105,卖盘
331,10:34:13,25.55,0.0,1,2555,卖盘
332,10:34:15,25.55,0.0,2,5110,卖盘
333,10:34:30,25.58,0.03,3,7674,买盘
334,10:34:37,25.58,0.0,1,2558,卖盘
335,10:34:40,25.65,0.07,84,215102,买盘
336,10:34:43,25.65,0.0,9,23085,卖盘
337,10:34:58,25.59,-0.06,25,64041,卖盘
338,10:35:00,25.65,0.06,18,46170,买盘
339,10:35:07,25.6,-0.05,1,2560,卖盘
340,10:35:16,25.65,0.05,6,15390,买盘
341,10:35:28,25.65,0.0,5,12822,买盘
342,10:35:30,25.6,-0.05,4,10241,卖盘
343,10:35:39,25.6,0.0,2,5120,卖盘
344,10:35:46,25.6,0.0,5,12800,卖盘
345,10:35:55,25.6,0.0,39,99840,卖盘
346,10:36:09,25.6,0.0,17,43519,买盘
347,10:36:25,25.6,0.0,2,5120,卖盘
348,10:36:28,25.6,0.0,1,2560,卖盘
349,10:36:30,25.64,0.04,16,41018,买盘
350,10:36:34,25.6,-0.04,36,92216,卖盘
351,10:36:46,25.63,0.03,3,7689,卖盘
352,10:36:55,25.63,0.0,3,7689,卖盘
353,10:37:04,25.63,0.0,1,2563,卖盘
354,10:37:07,25.63,0.0,3,7690,卖盘
355,10:37:19,25.63,0.0,1,2563,卖盘
356,10:37:24,25.63,0.0,1,2563,卖盘
357,10:37:33,25.63,0.0,5,12815,卖盘
358,10:37:37,25.63,0.0,1,2563,卖盘
359,10:37:51,25.6,-0.03,16,40960,卖盘
360,10:37:55,25.63,0.03,27,69187,买盘
361,10:37:57,25.63,0.0,3,7689,卖盘
362,10:38:07,25.63,0.0,1,2563,卖盘
363,10:38:10,25.63,0.0,7,17941,卖盘
364,10:39:10,25.53,-0.1,2,5108,卖盘
365,10:39:21,25.6,0.07,2,5120,中性盘
366,10:39:25,25.53,-0.07,4,10212,卖盘
367,10:39:40,25.53,0.0,5,12765,卖盘
368,10:39:46,25.5,-0.03,14,35722,卖盘
369,10:40:04,25.5,0.0,14,35700,卖盘
370,10:40:07,25.5,0.0,58,147900,卖盘
371,10:40:40,25.56,0.06,1,2556,买盘
372,10:40:43,25.56,0.0,3,7668,卖盘
373,10:40:58,25.54,-0.02,17,43418,买盘
374,10:41:09,25.54,0.0,1,2554,卖盘
375,10:41:19,25.54,0.0,5,12770,卖盘
376,10:41:25,25.54,0.0,1,2554,卖盘
377,10:41:46,25.51,-0.03,16,40816,卖盘
378,10:41:52,25.51,0.0,1,2551,买盘
379,10:42:07,25.51,0.0,1,2551,卖盘
380,10:42:34,25.51,0.0,15,38265,卖盘
381,10:42:49,25.5,-0.01,2,5100,卖盘
382,10:42:55,25.5,0.0,10,25500,卖盘
383,10:43:07,25.5,0.0,2,5100,卖盘
384,10:43:13,25.5,0.0,1,2550,卖盘
385,10:43:19,25.5,0.0,3,7650,卖盘
386,10:43:31,25.5,0.0,10,25500,卖盘
387,10:43:34,25.5,0.0,6,15300,卖盘
388,10:43:37,25.5,0.0,15,38250,卖盘
389,10:43:45,25.5,0.0,10,25500,卖盘
390,10:44:04,25.5,0.0,9,22950,卖盘
391,10:44:07,25.5,0.0,1,2550,买盘
392,10:44:15,25.43,-0.07,1,2543,买盘
393,10:45:07,25.43,0.0,1,2543,卖盘
394,10:45:37,25.43,0.0,1,2543,卖盘
395,10:45:55,25.44,0.01,2,5090,卖盘
396,10:46:07,25.49,0.05,1,2549,买盘
397,10:46:10,25.49,0.0,1,2549,卖盘
398,10:46:22,25.5,0.01,1,2550,买盘
399,10:47:31,25.49,-0.01,10,25490,卖盘
400,10:48:06,25.49,0.0,1,2549,卖盘
401,10:49:07,25.49,0.0,1,2549,卖盘
402,10:49:40,25.49,0.0,1,2549,卖盘
403,10:49:42,25.49,0.0,2,5098,卖盘
404,10:50:04,25.5,0.01,15,38250,买盘
405,10:51:16,25.5,0.0,4,10200,买盘
406,10:51:46,25.5,0.0,4,10200,买盘
407,10:51:52,25.49,-0.01,5,12749,卖盘
408,10:51:58,25.5,0.01,2,5100,买盘
409,10:52:01,25.5,0.0,8,20400,买盘
410,10:52:13,25.5,0.0,10,25500,买盘
411,10:52:22,25.49,-0.01,1,2549,卖盘
412,10:52:37,25.49,0.0,5,12745,卖盘
413,10:52:46,25.5,0.01,10,25500,买盘
414,10:53:00,25.49,-0.01,1,2549,卖盘
415,10:53:21,25.49,0.0,15,38235,卖盘
416,10:56:00,25.45,-0.04,1,2545,卖盘
417,10:56:09,25.47,0.02,1,2547,买盘
418,10:56:21,25.47,0.0,1,2547,卖盘
419,10:56:34,25.5,0.03,24,61179,买盘
420,10:57:28,25.5,0.0,40,102000,买盘
421,10:59:06,25.47,-0.03,1,2547,卖盘
422,10:59:25,25.49,0.02,2,5098,买盘
423,11:00:01,25.49,0.0,1,2549,卖盘
424,11:00:52,25.49,0.0,2,5098,卖盘
425,11:01:01,25.47,-0.02,3,7641,卖盘
426,11:01:19,25.47,0.0,3,7641,卖盘
427,11:01:25,25.48,0.01,2,5096,买盘
428,11:01:28,25.48,0.0,1,2548,卖盘
429,11:01:58,25.48,0.0,2,5096,卖盘
430,11:02:01,25.48,0.0,1,2548,卖盘
431,11:02:25,25.47,-0.01,2,5095,卖盘
432,11:03:34,25.49,0.02,2,5098,买盘
433,11:03:36,25.47,-0.02,2,5094,卖盘
434,11:03:58,25.47,0.0,10,25470,卖盘
435,11:05:21,25.49,0.02,39,99411,买盘
436,11:05:25,25.49,0.0,1,2549,买盘
437,11:05:52,25.51,0.02,2,5102,买盘
438,11:06:15,25.51,0.0,2,5102,买盘
439,11:06:21,25.49,-0.02,2,5100,卖盘
440,11:08:43,25.5,0.01,2,5100,卖盘
441,11:09:13,25.54,0.04,1,2554,买盘
442,11:10:31,25.54,0.0,1,2554,买盘
443,11:10:45,25.55,0.01,1,2555,卖盘
444,11:10:55,25.55,0.0,1,2555,卖盘
445,11:11:13,25.57,0.02,3,7669,买盘
446,11:11:46,25.56,-0.01,8,20448,卖盘
447,11:11:58,25.55,-0.01,2,5110,卖盘
448,11:12:07,25.55,0.0,2,5110,卖盘
449,11:14:07,25.5,-0.05,2,5100,卖盘
450,11:15:31,25.49,-0.01,20,50987,卖盘
451,11:16:07,25.47,-0.02,10,25486,卖盘
452,11:16:19,25.51,0.04,3,7651,买盘
453,11:18:28,25.46,-0.05,4,10184,卖盘
454,11:19:04,25.5,0.04,24,61200,买盘
455,11:19:48,25.47,-0.03,1,2547,卖盘
456,11:20:25,25.46,-0.01,1,2546,卖盘
457,11:20:37,25.46,0.0,2,5092,卖盘
458,11:21:19,25.5,0.04,25,63737,买盘
459,11:23:07,25.5,0.0,10,25500,买盘
460,11:25:04,25.49,-0.01,12,30588,买盘
461,11:25:06,25.49,0.0,1,2549,卖盘
462,11:25:13,25.51,0.02,55,140293,买盘
463,11:25:21,25.49,-0.02,9,22941,卖盘
464,11:27:28,25.51,0.02,5,12755,卖盘
465,11:27:51,25.52,0.01,5,12760,买盘
466,11:29:07,25.51,-0.01,4,10204,卖盘
467,11:29:19,25.53,0.02,9,22977,买盘
468,11:29:57,25.54,0.01,1,2554,买盘
469,13:00:07,25.54,0.0,6,15324,买盘
470,13:00:39,25.54,0.0,3,7662,卖盘
471,13:01:06,25.55,0.01,5,12775,买盘
472,13:02:00,25.54,-0.01,1,2554,卖盘
473,13:02:07,25.54,0.0,4,10216,卖盘
474,13:03:48,25.5,-0.04,3,7650,卖盘
475,13:04:24,25.5,0.0,1,2550,卖盘
476,13:05:18,25.55,0.05,16,40874,买盘
477,13:05:33,25.55,0.0,1,2555,买盘
478,13:05:39,25.5,-0.05,19,48490,卖盘
479,13:06:01,25.49,-0.01,4,10196,卖盘
480,13:06:04,25.5,0.01,4,10191,买盘
481,13:06:27,25.46,-0.04,1,2546,卖盘
482,13:08:16,25.45,-0.01,4,10180,卖盘
483,13:09:01,25.46,0.01,11,28034,卖盘
484,13:09:19,25.5,0.04,1,2550,买盘
485,13:09:39,25.5,0.0,3,7650,买盘
486,13:10:21,25.5,0.0,1,2550,卖盘
487,13:11:19,25.5,0.0,5,12750,卖盘
488,13:12:00,25.5,0.0,1,2550,卖盘
489,13:13:25,25.49,-0.01,1,2549,买盘
490,13:14:10,25.5,0.01,4,10200,买盘
491,13:14:45,25.54,0.04,2,5108,买盘
492,13:15:15,25.55,0.01,10,25550,买盘
493,13:16:09,25.55,0.0,5,12775,买盘
494,13:17:04,25.56,0.01,15,38340,买盘
495,13:17:42,25.56,0.0,7,17892,买盘
496,13:17:49,25.55,-0.01,10,25553,卖盘
497,13:20:22,25.55,0.0,1,2555,卖盘
498,13:20:34,25.6,0.05,11,28151,买盘
499,13:22:25,25.6,0.0,3,7680,买盘
500,13:22:28,25.55,-0.05,2,5110,卖盘
501,13:24:15,25.6,0.05,62,158703,买盘
502,13:24:45,25.6,0.0,6,15360,买盘
503,13:24:49,25.51,-0.09,2,5102,卖盘
504,13:25:55,25.52,0.01,2,5104,卖盘
505,13:26:07,25.52,0.0,1,2552,卖盘
506,13:27:01,25.58,0.06,15,38348,买盘
507,13:27:07,25.58,0.0,1,2558,卖盘
508,13:27:13,25.58,0.0,6,15348,中性盘
509,13:28:07,25.58,0.0,3,7673,买盘
510,13:28:43,25.57,-0.01,10,25570,卖盘
511,13:28:55,25.57,0.0,4,10228,买盘
512,13:29:04,25.57,0.0,5,12785,卖盘
513,13:29:13,25.57,0.0,2,5114,卖盘
514,13:29:25,25.57,0.0,1,2557,卖盘
515,13:30:49,25.54,-0.03,1,2554,卖盘
516,13:30:52,25.53,-0.01,7,17871,卖盘
517,13:32:13,25.54,0.01,2,5108,买盘
518,13:32:24,25.53,-0.01,5,12765,卖盘
519,13:32:30,25.54,0.01,1,2554,买盘
520,13:33:04,25.54,0.0,1,2554,卖盘
521,13:33:22,25.54,0.0,4,10216,卖盘
522,13:33:48,25.54,0.0,1,2554,卖盘
523,13:33:51,25.56,0.02,5,12776,买盘
524,13:34:52,25.53,-0.03,3,7659,卖盘
525,13:35:45,25.56,0.03,5,12778,买盘
526,13:36:04,25.57,0.01,22,56253,买盘
527,13:36:48,25.57,0.0,3,7671,买盘
528,13:37:33,25.56,-0.01,3,7668,卖盘
529,13:39:55,25.53,-0.03,7,17871,卖盘
530,13:40:06,25.53,0.0,6,15318,卖盘
531,13:40:43,25.53,0.0,5,12765,买盘
532,13:42:10,25.54,0.01,1,2554,买盘
533,13:42:13,25.54,0.0,1,2554,卖盘
534,13:42:25,25.54,0.0,17,43418,卖盘
535,13:42:27,25.53,-0.01,1,2553,卖盘
536,13:42:40,25.53,0.0,10,25530,卖盘
537,13:42:51,25.53,0.0,3,7659,卖盘
538,13:42:57,25.53,0.0,1,2553,卖盘
539,13:43:25,25.52,-0.01,1,2552,卖盘
540,13:43:54,25.52,0.0,1,2552,卖盘
541,13:44:12,25.52,0.0,27,68941,卖盘
542,13:45:07,25.52,0.0,11,28072,买盘
543,13:45:46,25.52,0.0,3,7656,卖盘
544,13:46:34,25.52,0.0,9,22968,买盘
545,13:47:25,25.51,-0.01,5,12755,卖盘
546,13:47:30,25.51,0.0,18,45918,卖盘
547,13:47:39,25.5,-0.01,1,2550,卖盘
548,13:47:51,25.5,0.0,17,43350,卖盘
549,13:47:57,25.49,-0.01,2,5098,卖盘
550,13:48:04,25.49,0.0,3,7647,卖盘
551,13:48:13,25.5,0.01,33,84144,买盘
552,13:48:37,25.46,-0.04,8,20368,卖盘
553,13:49:09,25.45,-0.01,1,2545,卖盘
554,13:49:22,25.45,0.0,5,12725,卖盘
555,13:49:24,25.46,0.01,7,17822,买盘
556,13:49:37,25.46,0.0,2,5092,卖盘
557,13:49:46,25.46,0.0,10,25460,卖盘
558,13:50:04,25.46,0.0,1,2546,卖盘
559,13:50:42,25.5,0.04,12,30594,买盘
560,13:50:48,25.45,-0.05,6,15270,卖盘
561,13:51:43,25.45,0.0,1,2545,卖盘
562,13:52:25,25.45,0.0,1,2545,卖盘
563,13:53:25,25.46,0.01,2,5092,卖盘
564,13:55:04,25.51,0.05,8,20399,买盘
565,13:56:16,25.55,0.04,19,48544,买盘
566,13:56:27,25.55,0.0,10,25550,买盘
567,13:56:31,25.55,0.0,4,10220,卖盘
568,13:56:34,25.55,0.0,5,12775,卖盘
569,13:57:09,25.59,0.04,128,327282,买盘
570,13:58:36,25.5,-0.09,2,5100,卖盘
571,14:00:31,25.5,0.0,2,5100,卖盘
572,14:00:52,25.55,0.05,6,15329,买盘
573,14:01:01,25.55,0.0,3,7665,卖盘
574,14:01:16,25.5,-0.05,5,12750,卖盘
575,14:01:43,25.48,-0.02,3,7644,卖盘
576,14:01:51,25.47,-0.01,10,25470,卖盘
577,14:02:01,25.47,0.0,1,2547,卖盘
578,14:02:13,25.49,0.02,36,91715,买盘
579,14:02:28,25.46,-0.03,5,12730,卖盘
580,14:02:39,25.46,0.0,3,7638,卖盘
581,14:02:55,25.46,0.0,13,33098,卖盘
582,14:03:04,25.45,-0.01,35,89075,卖盘
583,14:03:25,25.45,0.0,1,2545,卖盘
584,14:03:27,25.45,0.0,2,5090,卖盘
585,14:03:43,25.45,0.0,2,5090,买盘
586,14:04:00,25.44,-0.01,6,15264,卖盘
587,14:04:04,25.44,0.0,1,2544,卖盘
588,14:04:37,25.44,0.0,17,43248,买盘
589,14:04:49,25.4,-0.04,4,10164,卖盘
590,14:05:07,25.45,0.05,2,5090,买盘
591,14:05:12,25.46,0.01,1,2546,买盘
592,14:05:37,25.49,0.03,17,43318,买盘
593,14:07:40,25.54,0.05,5,12769,买盘
594,14:07:55,25.54,0.0,2,5108,买盘
595,14:08:10,25.45,-0.09,1,2545,中性盘
596,14:08:21,25.44,-0.01,5,12721,卖盘
597,14:08:28,25.44,0.0,13,33072,买盘
598,14:08:34,25.43,-0.01,18,45774,卖盘
599,14:11:28,25.46,0.03,4,10184,卖盘
600,14:12:09,25.53,0.07,5,12756,买盘
601,14:12:34,25.52,-0.01,1,2552,买盘
602,14:13:10,25.53,0.01,6,15308,买盘
603,14:13:16,25.43,-0.1,13,33059,卖盘
604,14:14:42,25.47,0.04,1,2547,卖盘
605,14:14:52,25.46,-0.01,3,7638,卖盘
606,14:15:22,25.48,0.02,2,5096,买盘
607,14:15:28,25.49,0.01,1,2549,买盘
608,14:15:30,25.48,-0.01,10,25482,卖盘
609,14:15:43,25.49,0.01,1,2549,卖盘
610,14:15:45,25.49,0.0,1,2549,卖盘
611,14:15:49,25.49,0.0,1,2549,卖盘
612,14:15:52,25.49,0.0,1,2549,卖盘
613,14:15:55,25.49,0.0,4,10196,卖盘
614,14:16:55,25.49,0.0,4,10193,买盘
615,14:17:28,25.46,-0.03,4,10184,卖盘
616,14:17:31,25.46,0.0,1,2546,卖盘
617,14:18:16,25.54,0.08,66,168535,买盘
618,14:18:19,25.54,0.0,1,2554,卖盘
619,14:18:21,25.54,0.0,15,38310,卖盘
620,14:18:51,25.55,0.01,8,20440,买盘
621,14:20:21,25.49,-0.06,8,20392,卖盘
622,14:21:07,25.49,0.0,1,2549,卖盘
623,14:23:31,25.5,0.01,1,2550,卖盘
624,14:23:43,25.55,0.05,2,5110,买盘
625,14:24:51,25.55,0.0,6,15330,买盘
626,14:24:58,25.55,0.0,3,7665,卖盘
627,14:25:10,25.51,-0.04,1,2551,卖盘
628,14:26:07,25.51,0.0,1,2551,卖盘
629,14:26:55,25.54,0.03,2,5107,买盘
630,14:26:58,25.57,0.03,23,58807,买盘
631,14:27:01,25.57,0.0,1,2557,卖盘
632,14:27:04,25.56,-0.01,3,7668,买盘
633,14:27:25,25.58,0.02,12,30696,买盘
634,14:27:28,25.58,0.0,2,5116,买盘
635,14:27:34,25.51,-0.07,6,15306,卖盘
636,14:27:43,25.58,0.07,5,12786,买盘
637,14:27:55,25.51,-0.07,59,150530,卖盘
638,14:28:04,25.51,0.0,4,10204,买盘
639,14:28:10,25.51,0.0,2,5102,买盘
640,14:28:31,25.51,0.0,15,38265,买盘
641,14:29:16,25.58,0.07,14,35804,买盘
642,14:29:34,25.58,0.0,5,12789,买盘
643,14:30:49,25.51,-0.07,2,5102,卖盘
644,14:30:55,25.58,0.07,30,76672,买盘
645,14:32:55,25.55,-0.03,20,51100,买盘
646,14:33:40,25.57,0.02,43,109854,买盘
647,14:33:43,25.5,-0.07,5,12750,卖盘
648,14:35:04,25.5,0.0,10,25506,卖盘
649,14:35:37,25.5,0.0,39,99450,卖盘
650,14:35:40,25.5,0.0,46,117300,卖盘
651,14:35:58,25.48,-0.02,4,10192,卖盘
652,14:36:01,25.48,0.0,4,10192,卖盘
653,14:36:19,25.5,0.02,17,43318,买盘
654,14:37:01,25.5,0.0,13,33144,买盘
655,14:38:46,25.5,0.0,1,2550,买盘
656,14:39:07,25.5,0.0,1,2550,卖盘
657,14:39:31,25.5,0.0,5,12746,买盘
658,14:41:09,25.53,0.03,33,84208,买盘
659,14:43:01,25.52,-0.01,5,12760,买盘
660,14:43:22,25.52,0.0,18,45936,买盘
661,14:43:25,25.45,-0.07,10,25450,卖盘
662,14:43:28,25.55,0.1,42,107240,买盘
663,14:43:31,25.45,-0.1,1,2545,卖盘
664,14:43:37,25.45,0.0,2,5090,卖盘
665,14:43:46,25.52,0.07,50,127439,买盘
666,14:45:13,25.56,0.04,163,418977,买盘
667,14:45:55,25.56,0.0,2,5112,买盘
668,14:46:19,25.5,-0.06,2,5100,卖盘
669,14:46:52,25.56,0.06,4,10224,买盘
670,14:47:10,25.5,-0.06,16,40800,卖盘
671,14:47:24,25.55,0.05,20,51096,买盘
672,14:47:52,25.54,-0.01,1,2554,买盘
673,14:48:05,25.54,0.0,23,58742,卖盘
674,14:48:10,25.54,0.0,5,12770,卖盘
675,14:48:25,25.54,0.0,1,2554,卖盘
676,14:48:28,25.55,0.01,1,2555,买盘
677,14:48:54,25.54,-0.01,4,10216,卖盘
678,14:49:16,25.55,0.01,10,25550,买盘
679,14:49:28,25.55,0.0,1,2555,买盘
680,14:49:37,25.55,0.0,1,2555,卖盘
681,14:50:04,25.56,0.01,2,5112,买盘
682,14:50:10,25.56,0.0,2,5112,买盘
683,14:50:28,25.56,0.0,2,5112,买盘
684,14:50:49,25.57,0.01,31,79258,买盘
685,14:51:07,25.57,0.0,1,2557,卖盘
686,14:51:16,25.58,0.01,102,260944,买盘
687,14:51:28,25.58,0.0,1,2558,卖盘
688,14:51:31,25.59,0.01,16,40944,买盘
689,14:51:46,25.59,0.0,6,15354,买盘
690,14:51:55,25.6,0.01,1,2560,买盘
691,14:52:04,25.6,0.0,17,43520,买盘
692,14:52:07,25.6,0.0,20,51200,买盘
693,14:52:10,25.59,-0.01,5,12795,卖盘
694,14:52:13,25.6,0.01,33,84480,买盘
695,14:52:16,25.59,-0.01,7,17913,卖盘
696,14:52:43,25.59,0.0,1,2559,卖盘
697,14:53:04,25.59,0.0,39,99838,卖盘
698,14:53:07,25.6,0.01,6,15360,买盘
699,14:53:19,25.59,-0.01,6,15354,卖盘
700,14:53:22,25.59,0.0,54,138186,卖盘
701,14:53:34,25.58,-0.01,6,15348,卖盘
702,14:53:49,25.58,0.0,1,2558,买盘
703,14:53:55,25.57,-0.01,46,117674,卖盘
704,14:54:07,25.58,0.01,3,7674,买盘
705,14:54:10,25.56,-0.02,20,51125,卖盘
706,14:54:25,25.58,0.02,2,5116,买盘
707,14:54:49,25.52,-0.06,2,5108,卖盘
708,14:54:55,25.58,0.06,1,2558,买盘
709,14:55:28,25.51,-0.07,32,81654,卖盘
710,14:55:40,25.51,0.0,5,12755,卖盘
711,14:56:01,25.56,0.05,3,7667,买盘
712,14:56:04,25.52,-0.04,1,2552,卖盘
713,14:56:28,25.52,0.0,5,12760,卖盘
714,14:56:34,25.52,0.0,46,117578,卖盘
715,14:56:40,25.46,-0.06,1,2546,卖盘
716,14:56:43,25.47,0.01,2,5094,中性盘
717,14:56:49,25.52,0.05,2,5104,买盘
718,15:00:05,25.41,-0.11,121,307461,卖盘
