,time,price,change,volume,amount,type
0,09:25:04,14.91,0.02,8,11928,卖盘
1,09:30:01,14.92,0.01,11,16412,买盘
2,09:30:04,14.93,0.01,27,40289,买盘
3,09:30:07,14.95,0.02,18,26883,买盘
4,09:30:12,14.99,0.04,10,14988,买盘
5,09:30:16,14.99,0.0,9,13491,买盘
6,09:30:19,14.96,-0.03,1,1496,卖盘
7,09:30:22,14.99,0.03,3,4497,买盘
8,09:30:25,14.99,0.0,13,19487,卖盘
9,09:30:27,14.99,0.0,6,8994,卖盘
10,09:30:33,14.97,-0.02,4,5988,卖盘
11,09:30:37,14.97,0.0,12,17978,卖盘
12,09:30:40,14.94,-0.03,2,2988,卖盘
13,09:30:46,14.94,0.0,30,44771,买盘
14,09:30:52,14.99,0.05,20,29936,买盘
15,09:30:54,14.92,-0.07,17,25416,卖盘
16,09:30:58,14.94,0.02,2,2988,买盘
17,09:31:18,14.96,0.02,4,5984,卖盘
18,09:31:22,14.96,0.0,3,4488,卖盘
19,09:31:28,14.97,0.01,6,8983,买盘
20,09:31:31,14.96,-0.01,10,14965,卖盘
21,09:31:33,14.98,0.02,31,46397,买盘
22,09:31:37,14.96,-0.02,2,2992,买盘
23,09:31:45,14.97,0.01,11,16466,买盘
24,09:31:49,14.97,0.0,3,4491,卖盘
25,09:31:55,14.97,0.0,24,35928,卖盘
26,09:31:58,14.96,-0.01,7,10477,卖盘
27,09:32:10,14.93,-0.03,2,2986,卖盘
28,09:32:12,14.95,0.02,9,13455,买盘
29,09:32:16,14.95,0.0,16,23920,买盘
30,09:32:19,14.96,0.01,6,8974,买盘
31,09:32:22,14.96,0.0,4,5984,买盘
32,09:32:25,14.95,-0.01,7,10465,卖盘
33,09:32:27,14.96,0.01,3,4488,买盘
34,09:32:30,14.97,0.01,7,10479,买盘
35,09:32:33,14.98,0.01,22,32948,买盘
36,09:32:37,14.98,0.0,4,5992,买盘
37,09:32:40,14.96,-0.02,78,116831,卖盘
38,09:32:43,14.94,-0.02,24,35880,卖盘
39,09:32:46,14.94,0.0,18,26892,买盘
40,09:32:49,14.96,0.02,3,4488,买盘
41,09:32:51,14.91,-0.05,106,158137,卖盘
42,09:33:04,14.96,0.05,2,2992,买盘
43,09:33:07,14.96,0.0,1,1496,买盘
44,09:33:09,14.96,0.0,1,1496,买盘
45,09:33:16,14.96,0.0,4,5984,买盘
46,09:33:19,14.97,0.01,3,4491,买盘
47,09:33:24,14.97,0.0,9,13468,买盘
48,09:33:28,14.96,-0.01,7,10473,买盘
49,09:33:31,14.93,-0.03,4,5975,卖盘
50,09:33:42,14.96,0.03,5,7480,中性盘
51,09:33:45,14.96,0.0,5,7480,卖盘
52,09:33:51,14.96,0.0,1,1496,买盘
53,09:34:01,14.95,-0.01,1,1495,买盘
54,09:34:09,14.95,0.0,3,4485,买盘
55,09:34:16,14.94,-0.01,10,14940,卖盘
56,09:34:22,14.95,0.01,1,1495,买盘
57,09:34:40,14.95,0.0,2,2990,买盘
58,09:34:43,14.95,0.0,5,7475,买盘
59,09:34:46,14.95,0.0,9,13455,买盘
60,09:34:52,14.96,0.01,6,8976,买盘
61,09:35:06,14.95,-0.01,5,7475,卖盘
62,09:35:19,14.96,0.01,11,16456,买盘
63,09:35:22,14.95,-0.01,21,31395,卖盘
64,09:35:25,14.95,0.0,5,7475,卖盘
65,09:35:33,14.95,0.0,6,8970,卖盘
66,09:35:36,14.96,0.01,7,10472,买盘
67,09:35:40,14.95,-0.01,19,28405,卖盘
68,09:35:49,14.95,0.0,2,2990,买盘
69,09:35:54,14.94,-0.01,10,14940,卖盘
70,09:36:04,14.94,0.0,13,19422,卖盘
71,09:36:07,14.94,0.0,4,5976,卖盘
72,09:36:16,14.94,0.0,1,1494,买盘
73,09:36:22,14.94,0.0,11,16428,买盘
74,09:36:28,14.93,-0.01,47,70171,卖盘
75,09:36:31,14.94,0.01,10,14935,买盘
76,09:36:34,14.93,-0.01,6,8958,卖盘
77,09:36:37,14.93,0.0,1,1493,卖盘
78,09:36:40,14.93,0.0,7,10453,卖盘
79,09:36:42,14.93,0.0,1,1493,买盘
80,09:36:51,14.92,-0.01,9,13436,卖盘
81,09:36:55,14.92,0.0,3,4476,卖盘
82,09:36:58,14.92,0.0,12,17904,卖盘
83,09:37:01,14.92,0.0,1,1492,卖盘
84,09:37:04,14.92,0.0,2,2984,卖盘
85,09:37:07,14.92,0.0,14,20888,卖盘
86,09:37:10,14.92,0.0,1,1492,卖盘
87,09:37:13,14.92,0.0,1,1492,卖盘
88,09:37:19,14.92,0.0,1,1492,卖盘
89,09:37:28,14.92,0.0,2,2984,卖盘
90,09:37:31,14.92,0.0,20,29840,卖盘
91,09:37:34,14.92,0.0,13,19406,卖盘
92,09:37:43,14.92,0.0,1,1492,卖盘
93,09:37:49,14.93,0.01,6,8958,买盘
94,09:37:51,14.93,0.0,11,16423,买盘
95,09:37:55,14.94,0.01,4,5967,买盘
96,09:38:01,14.91,-0.03,57,84987,卖盘
97,09:38:03,14.91,0.0,4,5964,买盘
98,09:38:25,14.91,0.0,7,10437,卖盘
99,09:38:34,14.91,0.0,1,1491,卖盘
100,09:38:40,14.9,-0.01,87,129630,卖盘
101,09:38:43,14.9,0.0,24,35760,卖盘
102,09:38:49,14.89,-0.01,7,10423,卖盘
103,09:38:52,14.89,0.0,5,7445,卖盘
104,09:38:55,14.89,0.0,23,34247,卖盘
105,09:38:58,14.88,-0.01,59,87850,卖盘
106,09:39:00,14.87,-0.01,243,361543,卖盘
107,09:39:04,14.85,-0.02,101,150117,卖盘
108,09:39:06,14.87,0.02,73,109065,买盘
109,09:39:09,14.84,-0.03,7,10391,卖盘
110,09:39:12,14.84,0.0,3,4452,卖盘
111,09:39:15,14.84,0.0,2,2345,卖盘
112,09:39:19,14.82,-0.02,15,22230,卖盘
113,09:39:22,14.82,0.0,85,125970,卖盘
114,09:39:27,14.82,0.0,1,1482,中性盘
115,09:39:30,14.83,0.01,21,31127,买盘
116,09:39:37,14.81,-0.02,8,11848,卖盘
117,09:39:39,14.81,0.0,3,4443,卖盘
118,09:39:43,14.81,0.0,1,1481,卖盘
119,09:39:46,14.81,0.0,12,17772,卖盘
120,09:39:51,14.81,0.0,17,25177,卖盘
121,09:39:54,14.82,0.01,26,38532,买盘
122,09:39:57,14.82,0.0,21,31125,卖盘
123,09:40:01,14.82,0.0,11,16302,卖盘
124,09:40:04,14.82,0.0,1,1482,卖盘
125,09:40:06,14.84,0.02,8,11858,买盘
126,09:40:10,14.84,0.0,2,2968,卖盘
127,09:40:19,14.84,0.0,2,2967,买盘
128,09:40:22,14.84,0.0,5,7420,买盘
129,09:40:24,14.84,0.0,5,7420,买盘
130,09:40:34,14.86,0.02,1,1486,买盘
131,09:40:40,14.85,-0.01,13,19305,卖盘
132,09:40:43,14.85,0.0,1,1485,买盘
133,09:40:46,14.84,-0.01,9,13356,卖盘
134,09:40:51,14.85,0.01,2,2970,买盘
135,09:40:55,14.84,-0.01,8,11883,卖盘
136,09:40:58,14.85,0.01,5,7425,中性盘
137,09:41:01,14.85,0.0,14,20789,买盘
138,09:41:04,14.85,0.0,1,1485,买盘
139,09:41:06,14.84,-0.01,7,10391,卖盘
140,09:41:10,14.84,0.0,7,10388,卖盘
141,09:41:12,14.85,0.01,7,10395,卖盘
142,09:41:16,14.85,0.0,3,4455,中性盘
143,09:41:19,14.85,0.0,2,2970,卖盘
144,09:41:28,14.83,-0.02,1,1483,卖盘
145,09:41:37,14.83,0.0,7,10381,卖盘
146,09:41:42,14.83,0.0,2,2966,买盘
147,09:41:46,14.83,0.0,13,19279,买盘
148,09:41:49,14.83,0.0,3,4448,买盘
149,09:41:52,14.83,0.0,1,1483,卖盘
150,09:41:55,14.84,0.01,2,2968,买盘
151,09:42:04,14.83,-0.01,4,5932,卖盘
152,09:42:06,14.84,0.01,8,11869,买盘
153,09:42:09,14.83,-0.01,7,10383,卖盘
154,09:42:12,14.85,0.02,1,1485,买盘
155,09:42:16,14.83,-0.02,5,7415,卖盘
156,09:42:19,14.85,0.02,1,1485,买盘
157,09:42:22,14.83,-0.02,2,2966,卖盘
158,09:42:25,14.85,0.02,6,8909,买盘
159,09:42:31,14.84,-0.01,1,1484,买盘
160,09:42:33,14.83,-0.01,3,4451,卖盘
161,09:42:39,14.85,0.02,8,11880,买盘
162,09:42:49,14.85,0.0,1,1485,卖盘
163,09:42:52,14.85,0.0,1,1485,卖盘
164,09:42:55,14.86,0.01,14,20801,买盘
165,09:43:04,14.86,0.0,18,26748,卖盘
166,09:43:06,14.86,0.0,8,11895,卖盘
167,09:43:25,14.87,0.01,12,17844,买盘
168,09:43:34,14.86,-0.01,1,1486,卖盘
169,09:43:49,14.87,0.01,5,7435,买盘
170,09:43:52,14.86,-0.01,1,1486,卖盘
171,09:43:54,14.86,0.0,1,1486,卖盘
172,09:44:01,14.86,0.0,5,7430,卖盘
173,09:44:04,14.86,0.0,9,13374,卖盘
174,09:44:07,14.86,0.0,7,10402,买盘
175,09:44:09,14.86,0.0,2,2972,中性盘
176,09:44:13,14.87,0.01,1,1487,买盘
177,09:44:22,14.86,-0.01,1,1486,卖盘
178,09:44:34,14.87,0.01,2,2974,买盘
179,09:44:49,14.85,-0.02,1,1485,卖盘
180,09:44:55,14.85,0.0,1,1485,买盘
181,09:45:01,14.85,0.0,3,4455,卖盘
182,09:45:04,14.86,0.01,4,5944,买盘
183,09:45:06,14.85,-0.01,4,5940,卖盘
184,09:45:10,14.85,0.0,10,14851,卖盘
185,09:45:12,14.86,0.01,3,4458,买盘
186,09:45:15,14.86,0.0,13,19318,买盘
187,09:45:19,14.86,0.0,2,2972,卖盘
188,09:45:22,14.86,0.0,1,1486,买盘
189,09:45:36,14.84,-0.02,1,1484,卖盘
190,09:45:55,14.84,0.0,5,7420,卖盘
191,09:45:58,14.85,0.01,9,13357,买盘
192,09:46:04,14.86,0.01,3,4458,买盘
193,09:46:07,14.85,-0.01,38,56430,卖盘
194,09:46:10,14.86,0.01,3,4458,买盘
195,09:46:13,14.87,0.01,55,81756,买盘
196,09:46:15,14.88,0.01,1,1488,买盘
197,09:46:46,14.87,-0.01,72,107064,卖盘
198,09:46:49,14.88,0.01,5,7440,中性盘
199,09:46:55,14.87,-0.01,1,1487,卖盘
200,09:46:58,14.87,0.0,9,13383,卖盘
201,09:47:04,14.88,0.01,2,2976,买盘
202,09:47:07,14.87,-0.01,16,23792,卖盘
203,09:47:13,14.87,0.0,9,13383,卖盘
204,09:47:21,14.87,0.0,10,14870,卖盘
205,09:47:52,14.88,0.01,18,26784,买盘
206,09:47:55,14.87,-0.01,4,5948,卖盘
207,09:47:57,14.88,0.01,2,2976,买盘
208,09:48:04,14.88,0.0,2,2976,买盘
209,09:48:09,14.88,0.0,15,22306,买盘
210,09:48:16,14.87,-0.01,3,4461,卖盘
211,09:48:19,14.88,0.01,5,7439,买盘
212,09:48:24,14.88,0.0,2,2976,买盘
213,09:48:43,14.88,0.0,17,25296,买盘
214,09:48:52,14.88,0.0,1,1488,卖盘
215,09:48:58,14.88,0.0,1,1488,卖盘
216,09:49:09,14.88,0.0,20,29774,卖盘
217,09:49:16,14.88,0.0,11,16368,卖盘
218,09:49:19,14.89,0.01,65,96731,中性盘
219,09:49:22,14.89,0.0,3,4467,买盘
220,09:49:25,14.9,0.01,21,31289,买盘
221,09:49:40,14.87,-0.03,1,1487,卖盘
222,09:49:43,14.87,0.0,5,7435,卖盘
223,09:49:46,14.89,0.02,3,4463,买盘
224,09:49:49,14.87,-0.02,8,11908,卖盘
225,09:49:58,14.86,-0.01,1,1486,卖盘
226,09:50:04,14.89,0.03,6,8924,买盘
227,09:50:07,14.86,-0.03,42,62412,卖盘
228,09:50:24,14.83,-0.03,165,244892,卖盘
229,09:50:28,14.85,0.02,2,2970,买盘
230,09:50:30,14.83,-0.02,6,8904,卖盘
231,09:50:49,14.83,0.0,7,10386,卖盘
232,09:50:52,14.83,0.0,3,4449,卖盘
233,09:50:58,14.83,0.0,104,154232,卖盘
234,09:51:01,14.83,0.0,23,34109,卖盘
235,09:51:04,14.83,0.0,4,5932,卖盘
236,09:51:07,14.82,-0.01,26,38545,卖盘
237,09:51:10,14.82,0.0,3,4446,卖盘
238,09:51:12,14.82,0.0,143,211926,卖盘
239,09:51:16,14.8,-0.02,68,100691,卖盘
240,09:51:19,14.82,0.02,5,7410,中性盘
241,09:51:22,14.83,0.01,13,19261,买盘
242,09:51:28,14.8,-0.03,18,26640,卖盘
243,09:51:36,14.8,0.0,4,5920,卖盘
244,09:51:42,14.82,0.02,39,57722,中性盘
245,09:51:48,14.8,-0.02,1,1480,卖盘
246,09:51:52,14.8,0.0,10,14800,卖盘
247,09:52:01,14.8,0.0,1,1480,卖盘
248,09:52:03,14.82,0.02,1,1482,买盘
249,09:52:06,14.8,-0.02,20,29603,卖盘
250,09:52:10,14.8,0.0,2,2962,卖盘
251,09:52:13,14.8,0.0,5,7400,卖盘
252,09:52:16,14.82,0.02,1,1482,买盘
253,09:52:31,14.8,-0.02,11,16280,卖盘
254,09:52:33,14.8,0.0,7,10360,卖盘
255,09:52:43,14.8,0.0,15,22200,卖盘
256,09:52:52,14.82,0.02,6,8892,买盘
257,09:53:01,14.82,0.0,5,7410,买盘
258,09:53:04,14.81,-0.01,9,13333,卖盘
259,09:53:19,14.8,-0.01,35,51800,卖盘
260,09:53:22,14.8,0.0,1,1480,卖盘
261,09:53:24,14.83,0.03,5,7415,买盘
262,09:53:31,14.81,-0.02,3,4443,卖盘
263,09:53:34,14.8,-0.01,1,1480,卖盘
264,09:53:37,14.8,0.0,5,7400,卖盘
265,09:53:40,14.8,0.0,11,16280,卖盘
266,09:53:43,14.8,0.0,10,14800,卖盘
267,09:53:46,14.8,0.0,6,8880,卖盘
268,09:53:49,14.78,-0.02,2,2956,卖盘
269,09:53:51,14.78,0.0,6,8867,买盘
270,09:54:00,14.8,0.02,8,11834,买盘
271,09:54:04,14.79,-0.01,1,1479,中性盘
272,09:54:07,14.79,0.0,5,7395,卖盘
273,09:54:19,14.82,0.03,5,7410,买盘
274,09:54:34,14.79,-0.03,13,19227,卖盘
275,09:54:37,14.79,0.0,7,10353,卖盘
276,09:54:46,14.79,0.0,11,16269,卖盘
277,09:54:51,14.78,-0.01,1,1478,卖盘
278,09:54:54,14.79,0.01,4,5916,买盘
279,09:55:07,14.79,0.0,1,1479,卖盘
280,09:55:33,14.79,0.0,6,8877,卖盘
281,09:55:36,14.79,0.0,1,1479,卖盘
282,09:55:40,14.79,0.0,5,7395,卖盘
283,09:55:43,14.8,0.01,5,7402,中性盘
284,09:55:49,14.8,0.0,4,5920,卖盘
285,09:55:52,14.82,0.02,6,8890,买盘
286,09:56:07,14.8,-0.02,1,1480,卖盘
287,09:56:37,14.8,0.0,2,2960,卖盘
288,09:56:40,14.8,0.0,1,1480,卖盘
289,09:56:46,14.8,0.0,1,1480,卖盘
290,09:56:55,14.8,0.0,2,2960,卖盘
291,09:57:01,14.8,0.0,1,1480,卖盘
292,09:57:04,14.8,0.0,5,7400,卖盘
293,09:57:07,14.8,0.0,3,4440,卖盘
294,09:57:09,14.8,0.0,1,1480,卖盘
295,09:57:12,14.8,0.0,16,23680,卖盘
296,09:57:15,14.8,0.0,2,2960,卖盘
297,09:57:19,14.8,0.0,1,1480,卖盘
298,09:57:25,14.8,0.0,9,13332,卖盘
299,09:57:30,14.8,0.0,5,7400,卖盘
300,09:57:36,14.8,0.0,7,10360,卖盘
301,09:57:43,14.8,0.0,4,5920,卖盘
302,09:57:46,14.8,0.0,4,5920,卖盘
303,09:57:54,14.8,0.0,5,7400,卖盘
304,09:58:01,14.82,0.02,10,14810,买盘
305,09:58:10,14.8,-0.02,1,1480,卖盘
306,09:58:16,14.82,0.02,1,1482,买盘
307,09:58:37,14.8,-0.02,7,10360,卖盘
308,09:58:42,14.8,0.0,6,8880,卖盘
309,09:58:48,14.8,0.0,2,2960,卖盘
310,09:58:51,14.8,0.0,8,11845,卖盘
311,09:58:58,14.8,0.0,15,22200,卖盘
312,09:59:09,14.8,0.0,9,13323,卖盘
313,09:59:25,14.8,0.0,9,13320,卖盘
314,09:59:40,14.8,0.0,10,14800,买盘
315,09:59:58,14.8,0.0,53,78440,买盘
316,10:00:13,14.8,0.0,1,1480,卖盘
317,10:00:22,14.82,0.02,6,8892,买盘
318,10:00:43,14.8,-0.02,7,10360,卖盘
319,10:00:49,14.8,0.0,6,8880,卖盘
320,10:00:52,14.8,0.0,5,7400,卖盘
321,10:01:04,14.81,0.01,3,4443,买盘
322,10:01:07,14.81,0.0,7,10367,卖盘
323,10:01:13,14.8,-0.01,30,44400,卖盘
324,10:01:34,14.81,0.01,2,2962,买盘
325,10:01:37,14.81,0.0,8,11848,买盘
326,10:01:43,14.81,0.0,10,14810,卖盘
327,10:01:45,14.8,-0.01,11,16280,卖盘
328,10:01:52,14.8,0.0,6,8885,卖盘
329,10:02:16,14.8,0.0,3,4440,卖盘
330,10:02:46,14.8,0.0,10,14800,卖盘
331,10:02:48,14.8,0.0,7,10360,卖盘
332,10:02:51,14.8,0.0,10,14800,卖盘
333,10:03:15,14.8,0.0,1,1480,买盘
334,10:03:18,14.79,-0.01,8,11837,卖盘
335,10:03:34,14.8,0.01,8,11840,买盘
336,10:03:46,14.8,0.0,8,11840,卖盘
337,10:03:48,14.8,0.0,2,2960,卖盘
338,10:03:54,14.8,0.0,8,11838,买盘
339,10:04:07,14.8,0.0,1,1480,买盘
340,10:04:46,14.8,0.0,16,23680,卖盘
341,10:04:51,14.8,0.0,2,2960,买盘
342,10:05:16,14.82,0.02,49,72618,买盘
343,10:05:37,14.82,0.0,2,2964,卖盘
344,10:05:48,14.8,-0.02,18,26674,卖盘
345,10:06:04,14.81,0.01,1,1481,卖盘
346,10:06:06,14.81,0.0,15,22215,卖盘
347,10:06:15,14.82,0.01,11,16302,买盘
348,10:06:18,14.82,0.0,10,14820,买盘
349,10:06:21,14.83,0.01,2,2966,买盘
350,10:06:24,14.82,-0.01,9,13338,卖盘
351,10:06:49,14.81,-0.01,3,4443,卖盘
352,10:06:54,14.81,0.0,2,2962,卖盘
353,10:07:01,14.81,0.0,1,1481,买盘
354,10:07:10,14.81,0.0,1,1481,卖盘
355,10:07:18,14.81,0.0,1,1481,卖盘
356,10:07:21,14.81,0.0,3,4443,卖盘
357,10:07:31,14.8,-0.01,3,4440,卖盘
358,10:07:34,14.8,0.0,3,4440,卖盘
359,10:07:40,14.8,0.0,5,7400,卖盘
360,10:07:52,14.8,0.0,5,7400,卖盘
361,10:07:55,14.8,0.0,5,7400,卖盘
362,10:07:58,14.81,0.01,11,16290,买盘
363,10:08:01,14.8,-0.01,5,7400,卖盘
364,10:08:04,14.8,0.0,7,10360,卖盘
365,10:08:13,14.8,0.0,3,4441,卖盘
366,10:08:31,14.81,0.01,2,2962,买盘
367,10:08:34,14.81,0.0,1,1481,买盘
368,10:08:52,14.8,-0.01,18,26649,卖盘
369,10:09:04,14.8,0.0,1,1480,卖盘
370,10:09:25,14.8,0.0,64,94720,卖盘
371,10:09:45,14.8,0.0,6,8880,买盘
372,10:09:49,14.8,0.0,1,1480,买盘
373,10:09:55,14.79,-0.01,1,1479,卖盘
374,10:09:58,14.79,0.0,13,19227,卖盘
375,10:10:00,14.8,0.01,5,7400,买盘
376,10:10:03,14.8,0.0,3,4440,卖盘
377,10:10:10,14.8,0.0,2,2960,卖盘
378,10:10:19,14.79,-0.01,8,11832,卖盘
379,10:10:43,14.79,0.0,5,7395,卖盘
380,10:10:49,14.8,0.01,12,17759,买盘
381,10:10:55,14.8,0.0,7,10360,卖盘
382,10:10:58,14.8,0.0,15,22200,卖盘
383,10:11:04,14.79,-0.01,4,5916,卖盘
384,10:11:16,14.8,0.01,1,1480,买盘
385,10:11:37,14.79,-0.01,1,1479,卖盘
386,10:11:55,14.8,0.01,8,11840,卖盘
387,10:11:57,14.8,0.0,1,1480,卖盘
388,10:12:00,14.8,0.0,1,1480,卖盘
389,10:12:18,14.8,0.0,11,16280,买盘
390,10:12:37,14.8,0.0,3,4440,卖盘
391,10:12:52,14.8,0.0,6,8880,卖盘
392,10:12:57,14.79,-0.01,6,8874,卖盘
393,10:13:03,14.79,0.0,4,5916,卖盘
394,10:13:10,14.8,0.01,20,29595,买盘
395,10:13:12,14.8,0.0,4,5920,卖盘
396,10:13:16,14.8,0.0,2,2960,卖盘
397,10:13:19,14.8,0.0,5,7400,卖盘
398,10:13:28,14.8,0.0,2,2960,卖盘
399,10:13:31,14.8,0.0,12,17760,卖盘
400,10:13:43,14.8,0.0,1,1480,卖盘
401,10:13:55,14.81,0.01,2,2962,买盘
402,10:13:58,14.8,-0.01,9,13320,卖盘
403,10:14:04,14.8,0.0,8,11840,卖盘
404,10:14:09,14.8,0.0,1,1480,卖盘
405,10:14:25,14.8,0.0,1,1480,卖盘
406,10:14:40,14.8,0.0,25,37000,买盘
407,10:15:04,14.8,0.0,11,16280,买盘
408,10:15:07,14.8,0.0,1,1480,卖盘
409,10:15:09,14.8,0.0,9,13320,卖盘
410,10:15:16,14.8,0.0,33,48840,卖盘
411,10:15:27,14.8,0.0,8,11840,卖盘
412,10:15:55,14.8,0.0,3,4439,买盘
413,10:16:00,14.79,-0.01,6,8874,卖盘
414,10:16:07,14.8,0.01,15,22195,买盘
415,10:16:13,14.79,-0.01,1,1479,卖盘
416,10:16:15,14.79,0.0,2,2959,卖盘
417,10:16:22,14.79,0.0,1,1479,卖盘
418,10:16:30,14.79,0.0,1,1479,卖盘
419,10:16:40,14.79,0.0,1,1479,卖盘
420,10:16:52,14.81,0.02,34,50336,买盘
421,10:16:57,14.81,0.0,1,1481,卖盘
422,10:17:04,14.81,0.0,4,5924,卖盘
423,10:17:07,14.81,0.0,1,1481,卖盘
424,10:17:13,14.81,0.0,1,1481,卖盘
425,10:17:16,14.81,0.0,1,1481,卖盘
426,10:17:22,14.81,0.0,1,1481,卖盘
427,10:17:31,14.81,0.0,1,1481,卖盘
428,10:17:34,14.81,0.0,1,1481,卖盘
429,10:17:40,14.81,0.0,1,1481,卖盘
430,10:17:43,14.81,0.0,1,1481,卖盘
431,10:17:46,14.81,0.0,1,1481,卖盘
432,10:17:52,14.81,0.0,1,1481,卖盘
433,10:17:58,14.81,0.0,1,1481,卖盘
434,10:18:10,14.81,0.0,3,4443,卖盘
435,10:18:13,14.81,0.0,3,4443,卖盘
436,10:18:19,14.81,0.0,3,4443,卖盘
437,10:18:22,14.81,0.0,2,2962,卖盘
438,10:18:25,14.81,0.0,1,1481,买盘
439,10:18:28,14.79,-0.02,2,2958,卖盘
440,10:18:33,14.79,0.0,5,7395,卖盘
441,10:18:37,14.8,0.01,5,7400,中性盘
442,10:18:51,14.8,0.0,1,1480,卖盘
443,10:18:58,14.8,0.0,3,4440,卖盘
444,10:19:10,14.8,0.0,16,23680,卖盘
445,10:19:22,14.8,0.0,8,11840,卖盘
446,10:19:28,14.8,0.0,8,11840,卖盘
447,10:19:31,14.8,0.0,2,2960,卖盘
448,10:19:40,14.81,0.01,1,1481,买盘
449,10:19:57,14.81,0.0,4,5924,买盘
450,10:20:04,14.81,0.0,21,31101,买盘
451,10:20:13,14.81,0.0,10,14810,卖盘
452,10:20:21,14.81,0.0,13,19253,卖盘
453,10:20:28,14.81,0.0,5,7405,卖盘
454,10:20:55,14.82,0.01,2,2964,买盘
455,10:21:12,14.82,0.0,1,1482,买盘
456,10:21:22,14.81,-0.01,4,5924,卖盘
457,10:21:24,14.81,0.0,1,1481,卖盘
458,10:21:28,14.81,0.0,3,4443,卖盘
459,10:21:31,14.81,0.0,4,5924,卖盘
460,10:21:40,14.81,0.0,3,4443,卖盘
461,10:21:43,14.81,0.0,4,5924,卖盘
462,10:21:46,14.81,0.0,9,13329,卖盘
463,10:22:01,14.8,-0.01,1,1480,卖盘
464,10:22:25,14.81,0.01,9,13322,买盘
465,10:22:27,14.8,-0.01,7,10360,卖盘
466,10:22:34,14.8,0.0,4,5920,卖盘
467,10:22:57,14.8,0.0,9,13320,卖盘
468,10:23:04,14.8,0.0,50,74000,卖盘
469,10:23:07,14.8,0.0,14,20720,卖盘
470,10:23:10,14.8,0.0,3,4440,卖盘
471,10:23:13,14.8,0.0,3,4440,卖盘
472,10:23:24,14.8,0.0,6,8880,卖盘
473,10:23:30,14.8,0.0,6,8880,卖盘
474,10:23:34,14.8,0.0,3,4440,卖盘
475,10:23:49,14.8,0.0,5,7400,买盘
476,10:24:06,14.79,-0.01,59,87261,卖盘
477,10:24:12,14.79,0.0,20,29580,卖盘
478,10:24:25,14.79,0.0,5,7395,卖盘
479,10:24:31,14.79,0.0,4,5916,卖盘
480,10:24:36,14.79,0.0,5,7395,卖盘
481,10:24:39,14.79,0.0,5,7395,卖盘
482,10:24:43,14.79,0.0,29,42891,卖盘
483,10:24:49,14.79,0.0,3,4437,卖盘
484,10:24:52,14.79,0.0,1,1479,卖盘
485,10:25:28,14.79,0.0,5,7395,卖盘
486,10:25:31,14.79,0.0,55,81345,卖盘
487,10:25:36,14.78,-0.01,8,11824,卖盘
488,10:25:40,14.79,0.01,2,2958,买盘
489,10:25:52,14.78,-0.01,56,82768,卖盘
490,10:25:58,14.78,0.0,42,62076,卖盘
491,10:26:01,14.78,0.0,6,8868,卖盘
492,10:26:04,14.78,0.0,6,8868,卖盘
493,10:26:07,14.78,0.0,5,7390,卖盘
494,10:26:10,14.78,0.0,1,1478,卖盘
495,10:26:28,14.78,0.0,6,8868,卖盘
496,10:26:49,14.78,0.0,1,1478,卖盘
497,10:26:55,14.78,0.0,27,39906,卖盘
498,10:27:04,14.77,-0.01,5,7385,卖盘
499,10:27:16,14.76,-0.01,100,147615,卖盘
500,10:27:18,14.76,0.0,1,1476,卖盘
501,10:27:21,14.76,0.0,1,1476,卖盘
502,10:27:33,14.76,0.0,2,2952,卖盘
503,10:27:43,14.76,0.0,13,19188,买盘
504,10:27:46,14.76,0.0,5,7380,买盘
505,10:27:58,14.78,0.02,6,8868,买盘
506,10:28:00,14.76,-0.02,2,2952,卖盘
507,10:28:13,14.78,0.02,6,8868,买盘
508,10:28:16,14.78,0.0,1,1478,买盘
509,10:28:31,14.77,-0.01,6,8862,卖盘
510,10:28:33,14.78,0.01,11,16256,买盘
511,10:28:57,14.78,0.0,1,1478,卖盘
512,10:29:04,14.78,0.0,7,10352,卖盘
513,10:29:06,14.79,0.01,24,35494,买盘
514,10:29:19,14.79,0.0,4,5916,卖盘
515,10:29:33,14.79,0.0,4,5916,买盘
516,10:29:52,14.79,0.0,6,8874,卖盘
517,10:29:55,14.8,0.01,1,1480,买盘
518,10:30:21,14.79,-0.01,6,8874,卖盘
519,10:30:49,14.78,-0.01,4,5914,卖盘
520,10:30:52,14.78,0.0,1,1478,卖盘
521,10:30:55,14.79,0.01,2,2958,买盘
522,10:31:01,14.79,0.0,43,63560,买盘
523,10:31:04,14.78,-0.01,31,45818,卖盘
524,10:31:07,14.77,-0.01,38,56126,卖盘
525,10:31:09,14.77,0.0,6,8862,卖盘
526,10:31:13,14.76,-0.01,1,1476,卖盘
527,10:31:21,14.77,0.01,1,1477,买盘
528,10:31:24,14.77,0.0,15,22145,买盘
529,10:31:27,14.77,0.0,8,11816,买盘
530,10:31:31,14.76,-0.01,50,73800,卖盘
531,10:31:45,14.77,0.01,7,10339,买盘
532,10:31:58,14.76,-0.01,1,1476,卖盘
533,10:32:01,14.76,0.0,15,22156,卖盘
534,10:32:04,14.76,0.0,2,2952,卖盘
535,10:32:10,14.76,0.0,2,2952,卖盘
536,10:33:13,14.78,0.02,8,11824,买盘
537,10:33:15,14.79,0.01,18,26607,买盘
538,10:34:00,14.78,-0.01,2,2956,买盘
539,10:34:15,14.77,-0.01,14,20678,卖盘
540,10:34:19,14.77,0.0,1,1477,买盘
541,10:34:33,14.77,0.0,7,10339,买盘
542,10:34:49,14.77,0.0,4,5908,买盘
543,10:35:00,14.77,0.0,6,8862,买盘
544,10:35:04,14.77,0.0,1,1477,卖盘
545,10:35:16,14.79,0.02,11,16268,买盘
546,10:35:30,14.79,0.0,10,14790,买盘
547,10:36:16,14.78,-0.01,2,2956,买盘
548,10:36:19,14.78,0.0,19,28069,中性盘
549,10:36:22,14.79,0.01,4,5916,买盘
550,10:36:43,14.78,-0.01,2,2956,卖盘
551,10:36:46,14.8,0.02,9,13315,买盘
552,10:36:48,14.8,0.0,2,2960,买盘
553,10:37:04,14.79,-0.01,1,1479,买盘
554,10:37:07,14.8,0.01,131,193878,买盘
555,10:37:10,14.8,0.0,25,37000,买盘
556,10:37:13,14.8,0.0,35,51800,买盘
557,10:37:16,14.8,0.0,6,8880,买盘
558,10:37:19,14.81,0.01,8,11848,买盘
559,10:37:21,14.82,0.01,1,1482,买盘
560,10:37:30,14.82,0.0,3,5233,卖盘
561,10:37:33,14.82,0.0,64,94201,卖盘
562,10:37:51,14.79,-0.03,1,1583,卖盘
563,10:37:55,14.79,0.0,9,13311,卖盘
564,10:38:04,14.79,0.0,4,6303,卖盘
565,10:38:37,14.79,0.0,5,7780,卖盘
566,10:38:49,14.79,0.0,5,7395,卖盘
567,10:38:52,14.79,0.0,1,1479,卖盘
568,10:38:55,14.79,0.0,3,4437,卖盘
569,10:38:58,14.79,0.0,3,4437,卖盘
570,10:39:01,14.79,0.0,10,13917,卖盘
571,10:39:13,14.76,-0.03,37,54612,卖盘
572,10:39:15,14.76,0.0,23,33948,买盘
573,10:39:21,14.79,0.03,2,2958,买盘
574,10:39:55,14.75,-0.04,5,7375,卖盘
575,10:39:57,14.75,0.0,67,98825,卖盘
576,10:40:04,14.75,0.0,6,8850,卖盘
577,10:40:07,14.75,0.0,1,1475,卖盘
578,10:40:16,14.75,0.0,5,7375,卖盘
579,10:40:19,14.75,0.0,2,2950,卖盘
580,10:40:21,14.74,-0.01,31,45711,卖盘
581,10:40:25,14.74,0.0,4,5896,买盘
582,10:41:06,14.77,0.03,1,1477,买盘
583,10:41:09,14.77,0.0,1,1477,买盘
584,10:41:13,14.77,0.0,4,5908,买盘
585,10:41:24,14.75,-0.02,23,33929,卖盘
586,10:41:37,14.77,0.02,2,2954,买盘
587,10:41:49,14.77,0.0,10,14770,买盘
588,10:41:58,14.77,0.0,2,2954,买盘
589,10:42:01,14.77,0.0,2,2954,买盘
590,10:42:13,14.76,-0.01,6,8856,卖盘
591,10:42:22,14.75,-0.01,20,29500,卖盘
592,10:42:42,14.75,0.0,8,11800,卖盘
593,10:42:46,14.74,-0.01,3,4422,卖盘
594,10:42:49,14.71,-0.03,314,462444,卖盘
595,10:42:55,14.75,0.04,20,29499,买盘
596,10:43:22,14.74,-0.01,14,20636,卖盘
597,10:43:25,14.75,0.01,1,1475,买盘
598,10:44:01,14.75,0.0,4,5900,买盘
599,10:44:39,14.76,0.01,30,44273,买盘
600,10:45:09,14.74,-0.02,7,10318,卖盘
601,10:45:28,14.74,0.0,22,32430,卖盘
602,10:45:31,14.74,0.0,1,1474,卖盘
603,10:45:46,14.73,-0.01,9,13257,卖盘
604,10:45:48,14.72,-0.01,1,1472,卖盘
605,10:45:58,14.72,0.0,25,36800,卖盘
606,10:46:01,14.72,0.0,8,11776,卖盘
607,10:46:04,14.71,-0.01,190,279506,卖盘
608,10:46:07,14.71,0.0,21,30891,卖盘
609,10:46:10,14.71,0.0,9,13239,卖盘
610,10:46:13,14.72,0.01,5,7357,买盘
611,10:46:24,14.72,0.0,2,2944,买盘
612,10:46:28,14.72,0.0,1,1472,买盘
613,10:46:43,14.71,-0.01,2,2942,卖盘
614,10:46:45,14.72,0.01,1,1472,买盘
615,10:46:51,14.72,0.0,5,7360,买盘
616,10:46:54,14.71,-0.01,9,13239,卖盘
617,10:47:04,14.71,0.0,2,2942,卖盘
618,10:47:25,14.72,0.01,6,8832,买盘
619,10:47:28,14.73,0.01,15,22094,买盘
620,10:47:43,14.73,0.0,2,2946,买盘
621,10:47:46,14.72,-0.01,2,2944,卖盘
622,10:47:52,14.73,0.01,2,2946,买盘
623,10:47:58,14.73,0.0,7,10311,买盘
624,10:48:25,14.73,0.0,10,14730,买盘
625,10:48:43,14.73,0.0,6,8838,买盘
626,10:48:52,14.72,-0.01,1,1472,卖盘
627,10:48:58,14.73,0.01,50,73650,买盘
628,10:49:01,14.72,-0.01,10,14720,卖盘
629,10:49:15,14.73,0.01,6,8838,买盘
630,10:49:25,14.73,0.0,4,5891,买盘
631,10:49:27,14.73,0.0,1,1473,买盘
632,10:49:31,14.75,0.02,14,20638,买盘
633,10:50:10,14.75,0.0,8,11800,买盘
634,10:50:16,14.75,0.0,9,13275,买盘
635,10:50:31,14.76,0.01,20,29520,买盘
636,10:50:42,14.76,0.0,7,11439,买盘
637,10:50:46,14.76,0.0,1,1476,卖盘
638,10:51:00,14.77,0.01,27,39879,买盘
639,10:51:04,14.77,0.0,1,1477,卖盘
640,10:51:10,14.77,0.0,14,20678,卖盘
641,10:51:24,14.77,0.0,20,29567,卖盘
642,10:51:36,14.78,0.01,10,14780,卖盘
643,10:51:43,14.77,-0.01,25,36925,卖盘
644,10:51:58,14.77,0.0,25,36925,买盘
645,10:52:22,14.77,0.0,1,1477,卖盘
646,10:52:25,14.76,-0.01,33,47623,卖盘
647,10:52:52,14.75,-0.01,38,56050,卖盘
648,10:52:54,14.74,-0.01,3,4422,卖盘
649,10:53:04,14.74,0.0,1,1474,卖盘
650,10:53:07,14.74,0.0,4,5897,卖盘
651,10:53:18,14.75,0.01,10,14750,买盘
652,10:54:19,14.74,-0.01,12,17698,卖盘
653,10:54:24,14.74,0.0,42,61908,卖盘
654,10:54:28,14.74,0.0,1,1474,买盘
655,10:54:31,14.75,0.01,22,32443,买盘
656,10:54:40,14.75,0.0,4,5900,买盘
657,10:54:51,14.75,0.0,1,1475,卖盘
658,10:55:04,14.75,0.0,13,19175,卖盘
659,10:55:48,14.73,-0.02,30,44190,卖盘
660,10:55:51,14.75,0.02,2,2950,买盘
661,10:56:16,14.75,0.0,1,1475,买盘
662,10:56:21,14.75,0.0,2,2950,买盘
663,10:56:49,14.75,0.0,7,10310,买盘
664,10:56:52,14.72,-0.03,1,1472,卖盘
665,10:57:19,14.73,0.01,2,2946,卖盘
666,10:57:21,14.74,0.01,14,20636,买盘
667,10:57:37,14.73,-0.01,1,1473,卖盘
668,10:57:39,14.73,0.0,43,63339,卖盘
669,10:58:07,14.73,0.0,30,44190,买盘
670,10:58:18,14.73,0.0,3,4419,买盘
671,10:58:33,14.72,-0.01,1,1472,卖盘
672,10:58:36,14.73,0.01,1,1473,买盘
673,10:58:45,14.72,-0.01,2,2944,卖盘
674,10:58:51,14.73,0.01,2,2946,买盘
675,10:58:55,14.72,-0.01,60,88320,卖盘
676,10:59:04,14.72,0.0,4,5888,卖盘
677,10:59:06,14.72,0.0,1,1472,卖盘
678,10:59:16,14.72,0.0,1,1472,卖盘
679,10:59:18,14.73,0.01,3,4419,买盘
680,10:59:36,14.73,0.0,17,25040,买盘
681,10:59:51,14.72,-0.01,3,4416,卖盘
682,10:59:54,14.72,0.0,2,2944,卖盘
683,10:59:58,14.72,0.0,3,4416,卖盘
684,11:00:04,14.71,-0.01,4,5884,卖盘
685,11:00:06,14.71,0.0,4,5884,卖盘
686,11:00:13,14.71,0.0,3,4413,卖盘
687,11:00:19,14.71,0.0,16,23536,卖盘
688,11:00:40,14.71,0.0,4,5884,卖盘
689,11:00:55,14.71,0.0,34,50014,卖盘
690,11:01:01,14.73,0.02,14,20620,买盘
691,11:01:49,14.73,0.0,6,8838,买盘
692,11:01:52,14.72,-0.01,1,1472,卖盘
693,11:02:21,14.72,0.0,1,1472,卖盘
694,11:02:30,14.72,0.0,1,1472,卖盘
695,11:02:33,14.73,0.01,2,2946,买盘
696,11:02:36,14.73,0.0,1,1473,买盘
697,11:02:43,14.73,0.0,5,7365,买盘
698,11:03:04,14.72,-0.01,1,1472,卖盘
699,11:03:13,14.72,0.0,2,2944,卖盘
700,11:03:30,14.72,0.0,1,1472,卖盘
701,11:03:40,14.73,0.01,1,1473,买盘
702,11:03:57,14.72,-0.01,41,60352,卖盘
703,11:04:25,14.71,-0.01,100,147122,卖盘
704,11:04:27,14.71,0.0,3,4415,卖盘
705,11:04:31,14.71,0.0,1,1471,卖盘
706,11:04:34,14.71,0.0,1,1471,卖盘
707,11:04:37,14.71,0.0,5,7355,卖盘
708,11:04:39,14.71,0.0,1,1471,卖盘
709,11:04:52,14.72,0.01,2,2944,买盘
710,11:04:58,14.71,-0.01,1,1471,卖盘
711,11:05:21,14.71,0.0,1,1471,卖盘
712,11:05:24,14.71,0.0,1,1471,卖盘
713,11:05:39,14.71,0.0,2,2943,卖盘
714,11:05:45,14.72,0.01,1,1472,买盘
715,11:05:52,14.71,-0.01,5,7355,卖盘
716,11:05:55,14.71,0.0,1,1471,卖盘
717,11:06:01,14.72,0.01,3,4416,买盘
718,11:06:18,14.71,-0.01,14,20594,卖盘
719,11:06:43,14.71,0.0,16,23536,卖盘
720,11:06:48,14.71,0.0,17,25007,卖盘
721,11:06:51,14.71,0.0,11,16181,卖盘
722,11:06:54,14.72,0.01,13,19128,买盘
723,11:06:58,14.71,-0.01,8,11768,卖盘
724,11:07:10,14.7,-0.01,36,52941,卖盘
725,11:07:13,14.71,0.01,10,14710,中性盘
726,11:07:16,14.7,-0.01,1,1470,卖盘
727,11:07:18,14.7,0.0,3,4410,卖盘
728,11:07:21,14.7,0.0,18,26460,卖盘
729,11:07:24,14.7,0.0,49,72030,卖盘
730,11:07:28,14.69,-0.01,11,16166,卖盘
731,11:07:31,14.68,-0.01,41,60196,卖盘
732,11:07:34,14.68,0.0,9,13212,卖盘
733,11:07:37,14.68,0.0,12,17616,卖盘
734,11:07:40,14.68,0.0,5,7340,卖盘
735,11:07:43,14.68,0.0,4,5872,卖盘
736,11:07:46,14.67,-0.01,17,24939,卖盘
737,11:07:49,14.67,0.0,9,13203,卖盘
738,11:07:52,14.67,0.0,13,19071,卖盘
739,11:07:54,14.67,0.0,9,13203,卖盘
740,11:08:01,14.67,0.0,7,10269,卖盘
741,11:08:04,14.66,-0.01,7,10262,卖盘
742,11:08:12,14.66,0.0,29,42542,卖盘
743,11:08:15,14.66,0.0,27,39594,卖盘
744,11:08:19,14.66,0.0,1,1466,卖盘
745,11:08:24,14.66,0.0,10,14660,卖盘
746,11:08:27,14.67,0.01,2,2934,买盘
747,11:08:46,14.66,-0.01,3,4398,卖盘
748,11:08:49,14.67,0.01,2,2934,买盘
749,11:09:18,14.68,0.01,10,14680,卖盘
750,11:09:43,14.67,-0.01,1,1467,卖盘
751,11:10:37,14.68,0.01,1,1468,卖盘
752,11:10:45,14.7,0.02,10,14700,买盘
753,11:11:10,14.68,-0.02,1,1468,卖盘
754,11:11:37,14.69,0.01,7,10283,卖盘
755,11:11:39,14.69,0.0,24,35256,卖盘
756,11:12:01,14.68,-0.01,5,7340,卖盘
757,11:12:04,14.68,0.0,5,7340,卖盘
758,11:12:42,14.67,-0.01,81,118832,卖盘
759,11:12:45,14.67,0.0,2,2934,卖盘
760,11:12:48,14.67,0.0,5,7335,卖盘
761,11:12:52,14.67,0.0,1,1467,卖盘
762,11:12:54,14.67,0.0,1,1467,卖盘
763,11:12:58,14.67,0.0,1,1467,卖盘
764,11:13:00,14.67,0.0,1,1467,卖盘
765,11:13:22,14.68,0.01,2,2936,买盘
766,11:13:37,14.68,0.0,2,2936,买盘
767,11:13:39,14.68,0.0,5,7340,卖盘
768,11:13:42,14.68,0.0,1,1468,买盘
769,11:13:45,14.68,0.0,4,5872,卖盘
770,11:14:12,14.67,-0.01,1,1467,卖盘
771,11:14:15,14.68,0.01,4,5872,卖盘
772,11:14:19,14.67,-0.01,1,1467,卖盘
773,11:14:40,14.67,0.0,34,49878,卖盘
774,11:14:43,14.66,-0.01,14,20524,卖盘
775,11:14:46,14.66,0.0,4,5864,卖盘
776,11:14:49,14.66,0.0,26,38116,卖盘
777,11:14:52,14.66,0.0,60,87960,卖盘
778,11:14:55,14.65,-0.01,79,115735,卖盘
779,11:15:01,14.62,-0.03,5,7310,卖盘
780,11:15:04,14.62,0.0,10,14620,卖盘
781,11:15:07,14.62,0.0,5,7310,卖盘
782,11:15:13,14.62,0.0,21,30702,卖盘
783,11:15:16,14.62,0.0,6,8772,卖盘
784,11:15:25,14.62,0.0,20,29240,卖盘
785,11:15:27,14.63,0.01,7,10241,买盘
786,11:15:31,14.62,-0.01,27,39477,卖盘
787,11:15:33,14.62,0.0,4,5848,卖盘
788,11:15:37,14.62,0.0,3,4386,卖盘
789,11:15:43,14.62,0.0,8,11698,卖盘
790,11:16:06,14.62,0.0,10,14620,卖盘
791,11:17:45,14.63,0.01,4,5852,卖盘
792,11:17:55,14.63,0.0,20,29260,卖盘
793,11:18:10,14.64,0.01,2,2928,买盘
794,11:18:34,14.64,0.0,2,2928,买盘
795,11:18:39,14.64,0.0,1,1464,买盘
796,11:18:51,14.63,-0.01,1,1463,卖盘
797,11:18:58,14.64,0.01,9,13176,买盘
798,11:19:06,14.64,0.0,12,17568,买盘
799,11:19:18,14.63,-0.01,5,7315,卖盘
800,11:19:27,14.63,0.0,1,1463,卖盘
801,11:19:39,14.63,0.0,28,40964,卖盘
802,11:19:42,14.64,0.01,6,8789,中性盘
803,11:20:36,14.64,0.0,2,2928,卖盘
804,11:20:55,14.64,0.0,1,1464,卖盘
805,11:20:57,14.63,-0.01,64,93650,卖盘
806,11:21:28,14.62,-0.01,27,39474,卖盘
807,11:21:31,14.63,0.01,3,4389,买盘
808,11:21:43,14.63,0.0,20,29260,买盘
809,11:21:51,14.63,0.0,2,2926,买盘
810,11:21:54,14.63,0.0,1,1463,买盘
811,11:22:06,14.62,-0.01,80,117046,卖盘
812,11:22:45,14.64,0.02,5,7320,买盘
813,11:22:48,14.64,0.0,15,21960,买盘
814,11:22:57,14.65,0.01,2,2930,买盘
815,11:23:09,14.64,-0.01,1,1464,卖盘
816,11:23:13,14.65,0.01,3,4395,买盘
817,11:23:18,14.64,-0.01,17,24888,卖盘
818,11:23:28,14.64,0.0,10,14640,买盘
819,11:23:55,14.63,-0.01,5,7319,卖盘
820,11:24:51,14.63,0.0,1,1463,卖盘
821,11:24:58,14.64,0.01,1,1464,买盘
822,11:25:15,14.64,0.0,2,2927,买盘
823,11:25:19,14.63,-0.01,1,1463,卖盘
824,11:25:24,14.64,0.01,35,51240,买盘
825,11:25:36,14.63,-0.01,129,188727,卖盘
826,11:25:48,14.63,0.0,61,89242,买盘
827,11:25:51,14.63,0.0,2,2926,买盘
828,11:26:04,14.62,-0.01,78,114036,卖盘
829,11:27:01,14.64,0.02,50,73170,买盘
830,11:27:04,14.63,-0.01,25,36575,卖盘
831,11:27:18,14.63,0.0,4,5852,买盘
832,11:27:21,14.63,0.0,127,185801,买盘
833,11:28:04,14.63,0.0,5,7315,卖盘
834,11:28:07,14.64,0.01,86,125904,买盘
835,11:28:24,14.64,0.0,6,8784,卖盘
836,11:28:33,14.65,0.01,2,2930,买盘
837,11:28:42,14.65,0.0,13,19045,买盘
838,11:29:04,14.67,0.02,26,38142,买盘
839,11:29:06,14.67,0.0,2,2934,买盘
840,11:29:24,14.67,0.0,2,2934,买盘
841,11:29:27,14.65,-0.02,5,7325,卖盘
842,13:00:04,14.66,0.01,59,86524,中性盘
843,13:00:07,14.66,0.0,1,1466,卖盘
844,13:00:15,14.67,0.01,3,4401,买盘
845,13:00:22,14.68,0.01,2,2936,买盘
846,13:01:30,14.7,0.02,100,146896,买盘
847,13:01:33,14.66,-0.04,1,1466,卖盘
848,13:01:42,14.67,0.01,1,1467,卖盘
849,13:01:51,14.67,0.0,3,4401,买盘
850,13:02:36,14.7,0.03,15,22042,买盘
851,13:02:54,14.67,-0.03,1,1467,卖盘
852,13:03:12,14.69,0.02,6,8814,买盘
853,13:03:15,14.69,0.0,4,5876,卖盘
854,13:03:24,14.67,-0.02,13,19071,卖盘
855,13:03:42,14.67,0.0,39,57213,买盘
856,13:04:03,14.65,-0.02,37,54205,卖盘
857,13:04:18,14.65,0.0,15,21970,买盘
858,13:04:21,14.65,0.0,1,1465,买盘
859,13:04:42,14.65,0.0,2,2930,买盘
860,13:04:54,14.65,0.0,19,27835,买盘
861,13:05:04,14.65,0.0,6,8790,买盘
862,13:05:33,14.65,0.0,5,7325,卖盘
863,13:05:36,14.67,0.02,35,51345,买盘
864,13:05:58,14.65,-0.02,7,10255,卖盘
865,13:06:06,14.65,0.0,5,7325,卖盘
866,13:06:36,14.65,0.0,1,1465,卖盘
867,13:06:48,14.63,-0.02,98,143505,卖盘
868,13:06:57,14.63,0.0,4,5852,卖盘
869,13:07:18,14.63,0.0,6,8778,卖盘
870,13:07:21,14.67,0.04,14,20534,买盘
871,13:08:00,14.67,0.0,5,7333,买盘
872,13:08:07,14.63,-0.04,96,140457,卖盘
873,13:08:27,14.66,0.03,3,4398,买盘
874,13:08:30,14.65,-0.01,10,14650,卖盘
875,13:08:33,14.65,0.0,1,1465,卖盘
876,13:08:39,14.66,0.01,1,1466,买盘
877,13:08:51,14.66,0.0,2,2932,买盘
878,13:08:57,14.66,0.0,1,1466,卖盘
879,13:09:01,14.65,-0.01,9,13191,卖盘
880,13:09:04,14.65,0.0,5,7325,卖盘
881,13:09:07,14.67,0.02,7,10268,买盘
882,13:09:27,14.66,-0.01,1,1466,买盘
883,13:10:10,14.67,0.01,2,2934,买盘
884,13:10:13,14.67,0.0,35,51345,买盘
885,13:10:39,14.67,0.0,50,73350,买盘
886,13:11:04,14.65,-0.02,41,60065,卖盘
887,13:11:42,14.66,0.01,1,1466,卖盘
888,13:12:00,14.67,0.01,1,1467,买盘
889,13:12:21,14.66,-0.01,1,1466,卖盘
890,13:12:51,14.66,0.0,1,1466,卖盘
891,13:13:46,14.67,0.01,14,20538,买盘
892,13:13:49,14.66,-0.01,15,21991,卖盘
893,13:14:00,14.67,0.01,28,41076,买盘
894,13:14:10,14.66,-0.01,4,5864,卖盘
895,13:14:19,14.67,0.01,5,7335,买盘
896,13:14:22,14.67,0.0,6,8802,买盘
897,13:14:39,14.67,0.0,241,353547,买盘
898,13:14:43,14.69,0.02,2,2938,买盘
899,13:14:58,14.69,0.0,14,20566,卖盘
900,13:15:07,14.69,0.0,1,1469,卖盘
901,13:15:42,14.69,0.0,15,22035,卖盘
902,13:16:13,14.68,-0.01,12,17616,卖盘
903,13:16:15,14.69,0.01,14,20564,买盘
904,13:16:18,14.67,-0.02,14,20541,卖盘
905,13:17:22,14.69,0.02,2,2938,买盘
906,13:17:36,14.69,0.0,1,1469,买盘
907,13:17:39,14.68,-0.01,37,54325,卖盘
908,13:17:42,14.68,0.0,1,1468,卖盘
909,13:18:12,14.7,0.02,8,11760,买盘
910,13:18:16,14.68,-0.02,16,23489,卖盘
911,13:18:48,14.69,0.01,5,7345,卖盘
912,13:18:51,14.69,0.0,12,17628,卖盘
913,13:18:54,14.69,0.0,11,16159,卖盘
914,13:19:00,14.67,-0.02,20,29343,卖盘
915,13:19:04,14.67,0.0,1,1467,买盘
916,13:19:43,14.68,0.01,3,4404,卖盘
917,13:19:54,14.69,0.01,1,1469,卖盘
918,13:19:57,14.68,-0.01,10,14689,卖盘
919,13:20:09,14.68,0.0,10,14680,卖盘
920,13:20:42,14.69,0.01,1,1469,买盘
921,13:20:45,14.68,-0.01,6,8809,卖盘
922,13:20:48,14.69,0.01,3,4407,买盘
923,13:20:57,14.69,0.0,2,2938,买盘
924,13:21:39,14.68,-0.01,1,1468,卖盘
925,13:21:43,14.69,0.01,2,2938,买盘
926,13:21:51,14.69,0.0,2,2938,买盘
927,13:21:54,14.69,0.0,1,1469,买盘
928,13:22:19,14.69,0.0,5,7345,买盘
929,13:22:21,14.69,0.0,1,1469,买盘
930,13:22:31,14.68,-0.01,4,5872,卖盘
931,13:22:51,14.7,0.02,50,73490,买盘
932,13:23:10,14.7,0.0,19,27929,买盘
933,13:23:15,14.7,0.0,92,135240,买盘
934,13:23:37,14.73,0.03,1,1473,买盘
935,13:23:48,14.73,0.0,10,14730,买盘
936,13:23:55,14.73,0.0,8,12049,买盘
937,13:24:04,14.75,0.02,1,1475,买盘
938,13:24:07,14.73,-0.02,1,1473,卖盘
939,13:24:31,14.73,0.0,4,5892,卖盘
940,13:24:34,14.75,0.02,14,20649,买盘
941,13:24:36,14.73,-0.02,6,8838,卖盘
942,13:24:40,14.74,0.01,4,5896,中性盘
943,13:24:45,14.74,0.0,1,1474,卖盘
944,13:24:52,14.74,0.0,1,1474,卖盘
945,13:25:19,14.74,0.0,10,14740,卖盘
946,13:25:22,14.75,0.01,9,13267,买盘
947,13:25:24,14.75,0.0,2,2950,买盘
948,13:25:52,14.75,0.0,2,2950,买盘
949,13:26:01,14.74,-0.01,5,7370,卖盘
950,13:26:15,14.75,0.01,3,4425,买盘
951,13:26:19,14.74,-0.01,10,14740,卖盘
952,13:26:31,14.74,0.0,2,2948,卖盘
953,13:26:34,14.74,0.0,5,7370,卖盘
954,13:26:58,14.75,0.01,3,4425,买盘
955,13:27:25,14.74,-0.01,5,7370,卖盘
956,13:28:07,14.74,0.0,10,14740,卖盘
957,13:28:09,14.74,0.0,1,1474,卖盘
958,13:28:22,14.76,0.02,68,101446,买盘
959,13:28:28,14.76,0.0,31,45756,卖盘
960,13:28:30,14.76,0.0,24,35373,买盘
961,13:28:33,14.76,0.0,8,10701,卖盘
962,13:28:49,14.76,0.0,10,14760,买盘
963,13:28:55,14.76,0.0,7,10332,买盘
964,13:29:00,14.77,0.01,4,5908,卖盘
965,13:29:04,14.77,0.0,3,4431,买盘
966,13:29:07,14.77,0.0,5,7385,卖盘
967,13:29:10,14.77,0.0,2,2954,买盘
968,13:29:16,14.77,0.0,3,4431,中性盘
969,13:29:19,14.77,0.0,20,29540,买盘
970,13:29:24,14.77,0.0,7,10339,买盘
971,13:29:37,14.77,0.0,6,8862,卖盘
972,13:29:39,14.78,0.01,7,10345,买盘
973,13:29:42,14.78,0.0,16,23648,卖盘
974,13:30:13,14.79,0.01,20,29575,买盘
975,13:30:28,14.76,-0.03,2,2952,卖盘
976,13:30:40,14.73,-0.03,1,1473,卖盘
977,13:30:46,14.73,0.0,7,10311,卖盘
978,13:30:49,14.73,0.0,3,4419,卖盘
979,13:31:10,14.74,0.01,1,1474,买盘
980,13:31:22,14.73,-0.01,4,5892,卖盘
981,13:31:27,14.74,0.01,7,10315,买盘
982,13:31:34,14.73,-0.01,1,1473,卖盘
983,13:31:36,14.78,0.05,14,20684,买盘
984,13:31:39,14.78,0.0,3,4434,中性盘
985,13:33:04,14.77,-0.01,5,7385,买盘
986,13:33:22,14.74,-0.03,4,5896,卖盘
987,13:34:09,14.76,0.02,4,5904,买盘
988,13:34:21,14.77,0.01,14,20677,买盘
989,13:34:25,14.76,-0.01,2,2952,卖盘
990,13:34:28,14.76,0.0,4,5904,买盘
991,13:34:30,14.76,0.0,1,1476,卖盘
992,13:34:57,14.76,0.0,3,4428,买盘
993,13:35:16,14.76,0.0,1,1476,买盘
994,13:35:21,14.77,0.01,14,20677,买盘
995,13:35:36,14.74,-0.03,7,10318,卖盘
996,13:36:19,14.77,0.03,5,7385,买盘
997,13:36:24,14.75,-0.02,5,7375,卖盘
998,13:36:48,14.75,0.0,1,1475,卖盘
999,13:38:12,14.75,0.0,3,4425,卖盘
1000,13:38:34,14.76,0.01,4,5904,买盘
1001,13:39:16,14.75,-0.01,18,26550,卖盘
1002,13:39:30,14.75,0.0,4,5900,买盘
1003,13:39:33,14.75,0.0,3,4425,卖盘
1004,13:39:37,14.75,0.0,3,4425,卖盘
1005,13:39:51,14.75,0.0,5,7375,卖盘
1006,13:39:55,14.75,0.0,14,20650,卖盘
1007,13:39:57,14.74,-0.01,3,4422,卖盘
1008,13:40:00,14.74,0.0,1,1474,卖盘
1009,13:40:16,14.74,0.0,4,5896,卖盘
1010,13:40:19,14.74,0.0,14,20636,卖盘
1011,13:40:43,14.74,0.0,1,1474,买盘
1012,13:40:45,14.74,0.0,1,1474,买盘
1013,13:40:51,14.74,0.0,4,5896,买盘
1014,13:41:07,14.75,0.01,1,1475,买盘
1015,13:41:10,14.75,0.0,4,5900,卖盘
1016,13:41:19,14.75,0.0,10,14750,卖盘
1017,13:41:21,14.75,0.0,1,1475,卖盘
1018,13:41:24,14.75,0.0,1,1475,卖盘
1019,13:41:27,14.75,0.0,1,1475,卖盘
1020,13:41:30,14.75,0.0,16,23600,卖盘
1021,13:41:34,14.74,-0.01,1,1474,卖盘
1022,13:41:37,14.74,0.0,1,1474,卖盘
1023,13:41:40,14.74,0.0,1,1474,卖盘
1024,13:41:43,14.74,0.0,1,1474,卖盘
1025,13:41:46,14.74,0.0,2,2948,卖盘
1026,13:41:49,14.74,0.0,4,5896,卖盘
1027,13:41:51,14.74,0.0,2,2948,卖盘
1028,13:41:54,14.74,0.0,1,1474,卖盘
1029,13:41:58,14.74,0.0,1,1474,卖盘
1030,13:42:00,14.74,0.0,1,1474,卖盘
1031,13:42:04,14.74,0.0,1,1474,卖盘
1032,13:42:07,14.74,0.0,5,7370,卖盘
1033,13:42:10,14.74,0.0,7,10318,卖盘
1034,13:42:31,14.73,-0.01,1,2224,卖盘
1035,13:42:40,14.73,0.0,45,65269,卖盘
1036,13:42:43,14.73,0.0,3,4417,买盘
1037,13:42:45,14.72,-0.01,3,4416,买盘
1038,13:42:51,14.72,0.0,3,4418,卖盘
1039,13:42:54,14.71,-0.01,3,4415,卖盘
1040,13:43:22,14.73,0.02,20,29460,买盘
1041,13:43:31,14.73,0.0,1,1473,买盘
1042,13:43:54,14.73,0.0,1,1473,买盘
1043,13:44:04,14.74,0.01,4,5895,卖盘
1044,13:44:49,14.73,-0.01,4,5892,卖盘
1045,13:45:22,14.73,0.0,15,22095,卖盘
1046,13:45:25,14.72,-0.01,2,2944,卖盘
1047,13:45:27,14.72,0.0,12,17664,卖盘
1048,13:45:37,14.71,-0.01,2,2942,卖盘
1049,13:45:39,14.71,0.0,7,10297,卖盘
1050,13:45:42,14.71,0.0,22,32344,买盘
1051,13:45:48,14.69,-0.02,1,1469,卖盘
1052,13:46:12,14.69,0.0,4,5879,卖盘
1053,13:46:22,14.69,0.0,19,27915,卖盘
1054,13:46:25,14.68,-0.01,3,4405,卖盘
1055,13:46:52,14.69,0.01,63,92547,买盘
1056,13:47:04,14.7,0.01,3,4410,买盘
1057,13:47:33,14.7,0.0,1,1470,卖盘
1058,13:48:04,14.72,0.02,4,5888,买盘
1059,13:48:37,14.7,-0.02,1,1470,卖盘
1060,13:48:39,14.74,0.04,14,20618,买盘
1061,13:48:54,14.72,-0.02,1,1472,买盘
1062,13:49:09,14.72,0.0,1,1472,卖盘
1063,13:49:15,14.72,0.0,5,7360,买盘
1064,13:49:33,14.71,-0.01,2,2942,卖盘
1065,13:49:37,14.71,0.0,3,4413,卖盘
1066,13:50:04,14.71,0.0,1,1471,卖盘
1067,13:50:19,14.72,0.01,4,5888,买盘
1068,13:50:34,14.71,-0.01,1,1471,卖盘
1069,13:50:55,14.71,0.0,2,2942,卖盘
1070,13:51:00,14.71,0.0,1,1471,卖盘
1071,13:51:21,14.73,0.02,7,10311,买盘
1072,13:51:30,14.73,0.0,1,1473,买盘
1073,13:51:51,14.73,0.0,3,4419,买盘
1074,13:52:00,14.72,-0.01,1,1472,卖盘
1075,13:52:04,14.73,0.01,14,20622,买盘
1076,13:52:28,14.72,-0.01,1,1472,卖盘
1077,13:52:34,14.72,0.0,6,8837,卖盘
1078,13:52:58,14.72,0.0,2,2944,卖盘
1079,13:53:22,14.73,0.01,1,1473,买盘
1080,13:53:28,14.72,-0.01,1,1472,卖盘
1081,13:53:40,14.72,0.0,2,2944,卖盘
1082,13:53:42,14.73,0.01,14,20622,买盘
1083,13:53:45,14.73,0.0,5,7365,买盘
1084,13:53:54,14.72,-0.01,1,1472,卖盘
1085,13:53:57,14.72,0.0,9,13248,卖盘
1086,13:54:24,14.72,0.0,2,2944,卖盘
1087,13:54:51,14.72,0.0,1,1472,卖盘
1088,13:54:55,14.72,0.0,1,1472,卖盘
1089,13:54:58,14.73,0.01,5,7365,买盘
1090,13:55:21,14.72,-0.01,2,2944,卖盘
1091,13:55:36,14.74,0.02,14,20629,买盘
1092,13:56:18,14.75,0.01,5,7371,买盘
1093,13:56:58,14.74,-0.01,10,14731,买盘
1094,13:57:01,14.73,-0.01,21,30933,卖盘
1095,13:57:04,14.73,0.0,6,8838,卖盘
1096,13:57:07,14.72,-0.01,6,8832,卖盘
1097,13:57:09,14.71,-0.01,15,22054,中性盘
1098,13:57:12,14.69,-0.02,17,24973,卖盘
1099,13:57:16,14.69,0.0,6,8814,卖盘
1100,13:57:19,14.68,-0.01,3,4404,卖盘
1101,13:57:22,14.69,0.01,3,4407,卖盘
1102,13:57:42,14.7,0.01,1,1470,买盘
1103,13:57:45,14.7,0.0,3,4410,买盘
1104,13:57:52,14.7,0.0,9,13230,买盘
1105,13:58:10,14.72,0.02,2,2944,买盘
1106,13:58:13,14.72,0.0,2,2944,买盘
1107,13:58:36,14.72,0.0,10,14720,卖盘
1108,13:59:15,14.72,0.0,1,1472,卖盘
1109,13:59:19,14.72,0.0,1,1472,卖盘
1110,13:59:43,14.72,0.0,1,1472,卖盘
1111,13:59:45,14.72,0.0,11,16192,卖盘
1112,13:59:48,14.72,0.0,13,19136,卖盘
1113,13:59:52,14.73,0.01,2,2946,买盘
1114,14:00:12,14.71,-0.02,1,1471,卖盘
1115,14:00:22,14.71,0.0,2,2942,卖盘
1116,14:00:34,14.71,0.0,7,10297,卖盘
1117,14:00:36,14.71,0.0,1,1471,卖盘
1118,14:00:40,14.71,0.0,1,1471,卖盘
1119,14:00:49,14.7,-0.01,2,2940,卖盘
1120,14:00:51,14.7,0.0,1,1470,卖盘
1121,14:00:55,14.7,0.0,38,55860,卖盘
1122,14:00:57,14.7,0.0,24,35259,买盘
1123,14:01:01,14.7,0.0,5,7350,买盘
1124,14:01:09,14.68,-0.02,19,27892,卖盘
1125,14:01:13,14.67,-0.01,33,48411,卖盘
1126,14:01:16,14.67,0.0,2,2934,卖盘
1127,14:01:19,14.67,0.0,1,1467,买盘
1128,14:01:22,14.66,-0.01,2,2933,卖盘
1129,14:01:28,14.67,0.01,3,4401,买盘
1130,14:01:30,14.66,-0.01,1,1466,卖盘
1131,14:01:37,14.67,0.01,4,5868,买盘
1132,14:01:40,14.67,0.0,4,5867,买盘
1133,14:01:58,14.67,0.0,1,1467,卖盘
1134,14:02:18,14.67,0.0,7,10269,卖盘
1135,14:02:51,14.67,0.0,8,11736,卖盘
1136,14:03:04,14.68,0.01,4,5872,买盘
1137,14:03:10,14.69,0.01,27,39637,买盘
1138,14:03:40,14.69,0.0,27,39663,卖盘
1139,14:03:55,14.69,0.0,2,2938,卖盘
1140,14:04:07,14.69,0.0,3,4407,卖盘
1141,14:04:10,14.69,0.0,3,4407,卖盘
1142,14:04:13,14.69,0.0,6,8814,买盘
1143,14:04:25,14.68,-0.01,4,5872,卖盘
1144,14:04:28,14.68,0.0,1,1468,卖盘
1145,14:04:45,14.7,0.02,1,1470,买盘
1146,14:04:48,14.7,0.0,8,11755,买盘
1147,14:04:54,14.7,0.0,2,2940,卖盘
1148,14:04:57,14.69,-0.01,3,4407,中性盘
1149,14:05:21,14.71,0.02,4,5884,买盘
1150,14:05:28,14.71,0.0,7,10297,买盘
1151,14:05:43,14.73,0.02,3,4418,买盘
1152,14:05:49,14.73,0.0,2,2946,卖盘
1153,14:05:55,14.74,0.01,11,16213,买盘
1154,14:05:57,14.74,0.0,11,16214,买盘
1155,14:06:00,14.73,-0.01,10,14733,卖盘
1156,14:06:06,14.76,0.03,22,32453,买盘
1157,14:06:22,14.74,-0.02,2,2948,卖盘
1158,14:06:25,14.76,0.02,4,6922,买盘
1159,14:06:28,14.76,0.0,6,8856,卖盘
1160,14:06:40,14.76,0.0,19,28044,卖盘
1161,14:06:43,14.75,-0.01,33,47663,卖盘
1162,14:06:45,14.75,0.0,5,7375,买盘
1163,14:06:52,14.74,-0.01,1,1474,中性盘
1164,14:06:55,14.74,0.0,8,11790,中性盘
1165,14:06:58,14.72,-0.02,1,1472,卖盘
1166,14:07:00,14.72,0.0,1,1472,买盘
1167,14:07:06,14.74,0.02,1,1474,买盘
1168,14:07:22,14.72,-0.02,17,25038,卖盘
1169,14:07:25,14.74,0.02,9,13266,买盘
1170,14:07:28,14.75,0.01,2,2950,买盘
1171,14:07:31,14.74,-0.01,1,1474,卖盘
1172,14:07:34,14.74,0.0,1,1474,买盘
1173,14:07:46,14.74,0.0,2,2948,卖盘
1174,14:07:49,14.74,0.0,7,10318,卖盘
1175,14:08:07,14.7,-0.04,1,1470,卖盘
1176,14:08:19,14.7,0.0,5,7350,卖盘
1177,14:08:21,14.73,0.03,2,2946,买盘
1178,14:08:49,14.72,-0.01,2,2944,买盘
1179,14:09:04,14.72,0.0,2,2944,买盘
1180,14:09:10,14.73,0.01,4,5891,买盘
1181,14:09:34,14.73,0.0,2,2946,买盘
1182,14:09:37,14.73,0.0,2,2946,买盘
1183,14:09:43,14.73,0.0,2,2946,买盘
1184,14:09:49,14.73,0.0,3,4417,买盘
1185,14:09:55,14.73,0.0,6,8838,买盘
1186,14:09:58,14.73,0.0,9,13257,买盘
1187,14:10:04,14.73,0.0,9,13257,买盘
1188,14:10:09,14.73,0.0,2,2946,买盘
1189,14:10:16,14.73,0.0,5,7365,买盘
1190,14:10:22,14.73,0.0,5,7365,买盘
1191,14:10:36,14.73,0.0,13,19149,买盘
1192,14:10:39,14.72,-0.01,2,2944,卖盘
1193,14:10:48,14.72,0.0,4,5888,卖盘
1194,14:10:51,14.72,0.0,3,4416,卖盘
1195,14:11:43,14.72,0.0,5,7360,卖盘
1196,14:11:46,14.72,0.0,2,2944,卖盘
1197,14:11:49,14.72,0.0,9,13248,卖盘
1198,14:11:52,14.72,0.0,2,2944,卖盘
1199,14:11:55,14.72,0.0,1,1472,卖盘
1200,14:11:58,14.71,-0.01,9,13247,卖盘
1201,14:12:06,14.73,0.02,12,17671,买盘
1202,14:12:19,14.71,-0.02,3,4413,卖盘
1203,14:12:51,14.71,0.0,1,1471,卖盘
1204,14:12:54,14.7,-0.01,14,20590,卖盘
1205,14:13:10,14.7,0.0,19,27930,卖盘
1206,14:14:09,14.71,0.01,3,4413,买盘
1207,14:14:16,14.7,-0.01,2,2940,卖盘
1208,14:14:37,14.71,0.01,2,2942,买盘
1209,14:14:40,14.7,-0.01,1,1470,卖盘
1210,14:14:45,14.7,0.0,4,5880,卖盘
1211,14:14:49,14.7,0.0,2,2940,卖盘
1212,14:15:04,14.7,0.0,1,1470,卖盘
1213,14:15:12,14.7,0.0,4,5880,卖盘
1214,14:15:30,14.71,0.01,5,7355,买盘
1215,14:15:34,14.71,0.0,5,7355,买盘
1216,14:15:39,14.7,-0.01,2,2940,卖盘
1217,14:15:43,14.74,0.04,9,13249,买盘
1218,14:15:45,14.74,0.0,4,5896,卖盘
1219,14:16:04,14.74,0.0,8,11781,买盘
1220,14:16:46,14.71,-0.03,1,1471,卖盘
1221,14:16:51,14.74,0.03,2,2948,买盘
1222,14:17:01,14.74,0.0,1,1474,买盘
1223,14:17:25,14.72,-0.02,1,1472,中性盘
1224,14:17:28,14.72,0.0,1,1472,卖盘
1225,14:17:39,14.74,0.02,2,2948,买盘
1226,14:17:58,14.73,-0.01,4,5892,买盘
1227,14:18:04,14.74,0.01,5,7367,买盘
1228,14:18:51,14.73,-0.01,1,1473,卖盘
1229,14:18:54,14.76,0.03,14,20650,买盘
1230,14:19:19,14.74,-0.02,1,1474,卖盘
1231,14:19:22,14.74,0.0,5,7370,卖盘
1232,14:19:27,14.74,0.0,17,25058,卖盘
1233,14:19:30,14.74,0.0,6,8843,买盘
1234,14:20:16,14.74,0.0,21,30941,买盘
1235,14:21:06,14.72,-0.02,1,1472,卖盘
1236,14:21:19,14.75,0.03,5,7375,买盘
1237,14:21:45,14.75,0.0,2,2950,买盘
1238,14:21:52,14.73,-0.02,1,1473,中性盘
1239,14:22:12,14.75,0.02,2,2950,买盘
1240,14:22:16,14.75,0.0,14,20650,买盘
1241,14:22:19,14.75,0.0,3,4425,买盘
1242,14:22:25,14.76,0.01,4,5904,买盘
1243,14:22:42,14.76,0.0,1,1476,买盘
1244,14:22:46,14.76,0.0,9,13284,买盘
1245,14:22:49,14.76,0.0,1,1476,卖盘
1246,14:22:52,14.76,0.0,2,2952,买盘
1247,14:23:25,14.78,0.02,89,131495,买盘
1248,14:23:28,14.78,0.0,26,38428,卖盘
1249,14:23:52,14.78,0.0,50,73891,买盘
1250,14:23:55,14.8,0.02,14,20709,买盘
1251,14:23:58,14.76,-0.04,2,2952,卖盘
1252,14:24:22,14.79,0.03,2,2958,买盘
1253,14:25:22,14.78,-0.01,2,2956,买盘
1254,14:25:46,14.78,0.0,2,2956,买盘
1255,14:25:49,14.78,0.0,2,2956,卖盘
1256,14:25:55,14.78,0.0,1,1478,卖盘
1257,14:25:58,14.8,0.02,14,20708,买盘
1258,14:26:01,14.78,-0.02,1,1478,卖盘
1259,14:26:18,14.78,0.0,7,10346,卖盘
1260,14:26:25,14.79,0.01,4,5916,买盘
1261,14:26:28,14.79,0.0,2,2958,买盘
1262,14:26:31,14.79,0.0,4,5916,买盘
1263,14:26:34,14.79,0.0,13,19227,买盘
1264,14:26:40,14.79,0.0,4,5916,买盘
1265,14:26:43,14.79,0.0,5,7395,买盘
1266,14:26:46,14.8,0.01,2,2960,买盘
1267,14:26:49,14.8,0.0,4,5920,买盘
1268,14:26:52,14.8,0.0,4,5920,买盘
1269,14:26:55,14.8,0.0,10,14800,买盘
1270,14:26:58,14.8,0.0,4,5920,买盘
1271,14:27:01,14.8,0.0,5,7400,买盘
1272,14:27:04,14.8,0.0,17,25160,买盘
1273,14:27:07,14.8,0.0,8,11840,买盘
1274,14:27:10,14.8,0.0,90,133200,买盘
1275,14:27:13,14.82,0.02,71,105868,买盘
1276,14:27:16,14.82,0.0,11,16298,买盘
1277,14:27:19,14.82,0.0,2,2964,买盘
1278,14:27:28,14.82,0.0,1,1482,买盘
1279,14:27:34,14.82,0.0,3,4446,买盘
1280,14:27:40,14.82,0.0,1,1482,买盘
1281,14:27:46,14.81,-0.01,1,1481,卖盘
1282,14:27:49,14.82,0.01,83,123006,买盘
1283,14:27:52,14.82,0.0,1,1482,卖盘
1284,14:27:55,14.83,0.01,13,19279,买盘
1285,14:27:58,14.83,0.0,3,4449,买盘
1286,14:28:10,14.85,0.02,100,148472,买盘
1287,14:28:34,14.83,-0.02,12,17796,卖盘
1288,14:28:36,14.84,0.01,18,26682,买盘
1289,14:28:40,14.84,0.0,96,142464,买盘
1290,14:28:42,14.84,0.0,41,60845,卖盘
1291,14:28:46,14.82,-0.02,33,48906,卖盘
1292,14:28:49,14.81,-0.01,3,4443,卖盘
1293,14:28:57,14.81,0.0,5,7405,买盘
1294,14:29:04,14.81,0.0,5,7405,买盘
1295,14:29:16,14.8,-0.01,3,4440,买盘
1296,14:29:25,14.81,0.01,10,14810,买盘
1297,14:29:30,14.8,-0.01,54,79920,卖盘
1298,14:29:52,14.8,0.0,3,4440,卖盘
1299,14:29:55,14.8,0.0,6,8880,卖盘
1300,14:29:58,14.8,0.0,3,4440,卖盘
1301,14:30:09,14.79,-0.01,34,50286,卖盘
1302,14:30:13,14.79,0.0,8,11832,卖盘
1303,14:30:16,14.78,-0.01,26,38428,卖盘
1304,14:30:19,14.79,0.01,11,16267,买盘
1305,14:30:22,14.79,0.0,2,2958,买盘
1306,14:30:31,14.79,0.0,2,2958,买盘
1307,14:30:34,14.76,-0.03,1,1476,卖盘
1308,14:30:43,14.76,0.0,1,1476,买盘
1309,14:30:55,14.77,0.01,1,1477,买盘
1310,14:31:06,14.76,-0.01,20,29520,卖盘
1311,14:31:13,14.78,0.02,2,2956,买盘
1312,14:31:52,14.77,-0.01,1,1477,买盘
1313,14:32:04,14.77,0.0,1,1477,卖盘
1314,14:32:22,14.77,0.0,3,4431,卖盘
1315,14:33:16,14.76,-0.01,1,1476,卖盘
1316,14:33:25,14.77,0.01,10,14770,买盘
1317,14:33:49,14.77,0.0,2,2954,买盘
1318,14:33:52,14.77,0.0,20,29540,买盘
1319,14:34:07,14.78,0.01,11,16256,买盘
1320,14:34:25,14.78,0.0,34,50225,买盘
1321,14:35:22,14.78,0.0,12,17735,买盘
1322,14:35:28,14.76,-0.02,1,1476,卖盘
1323,14:35:30,14.76,0.0,6,8856,卖盘
1324,14:35:33,14.76,0.0,11,16236,卖盘
1325,14:35:37,14.75,-0.01,8,11803,卖盘
1326,14:35:40,14.75,0.0,9,13275,卖盘
1327,14:35:43,14.75,0.0,21,30975,卖盘
1328,14:35:46,14.74,-0.01,35,51611,卖盘
1329,14:35:49,14.74,0.0,21,30954,卖盘
1330,14:35:52,14.74,0.0,16,23584,卖盘
1331,14:35:55,14.73,-0.01,25,36837,卖盘
1332,14:35:58,14.73,0.0,5,7365,卖盘
1333,14:36:00,14.72,-0.01,14,20619,卖盘
1334,14:36:04,14.72,0.0,5,7360,卖盘
1335,14:36:06,14.72,0.0,12,17664,卖盘
1336,14:36:09,14.71,-0.01,15,22065,卖盘
1337,14:36:22,14.71,0.0,1,1471,卖盘
1338,14:36:30,14.71,0.0,3,4413,卖盘
1339,14:36:39,14.72,0.01,39,57408,买盘
1340,14:36:51,14.73,0.01,1,1473,卖盘
1341,14:37:04,14.73,0.0,1,1473,卖盘
1342,14:37:45,14.73,0.0,1,1473,卖盘
1343,14:38:15,14.73,0.0,20,29460,卖盘
1344,14:38:19,14.73,0.0,5,7365,中性盘
1345,14:39:36,14.73,0.0,1,1473,中性盘
1346,14:39:52,14.73,0.0,8,11784,卖盘
1347,14:40:10,14.73,0.0,3,4419,卖盘
1348,14:40:37,14.74,0.01,20,29471,买盘
1349,14:40:40,14.72,-0.02,1,1472,卖盘
1350,14:41:03,14.73,0.01,10,14730,卖盘
1351,14:41:31,14.72,-0.01,5,7360,卖盘
1352,14:41:34,14.73,0.01,13,19149,买盘
1353,14:41:43,14.72,-0.01,22,32385,卖盘
1354,14:41:46,14.72,0.0,18,26496,买盘
1355,14:41:49,14.72,0.0,1,1472,卖盘
1356,14:41:54,14.72,0.0,15,22080,买盘
1357,14:42:01,14.72,0.0,9,13248,卖盘
1358,14:42:04,14.74,0.02,3,4420,买盘
1359,14:42:19,14.74,0.0,2,2948,买盘
1360,14:42:37,14.74,0.0,1,1474,买盘
1361,14:42:52,14.73,-0.01,1,1473,卖盘
1362,14:43:04,14.73,0.0,11,16203,卖盘
1363,14:43:16,14.73,0.0,4,5892,买盘
1364,14:43:19,14.72,-0.01,1,1472,卖盘
1365,14:43:31,14.73,0.01,5,7365,买盘
1366,14:43:34,14.73,0.0,4,5892,买盘
1367,14:43:36,14.73,0.0,1,1473,卖盘
1368,14:44:10,14.73,0.0,14,20622,卖盘
1369,14:44:13,14.72,-0.01,19,27968,卖盘
1370,14:44:46,14.71,-0.01,13,19123,卖盘
1371,14:44:48,14.71,0.0,38,55898,卖盘
1372,14:44:58,14.7,-0.01,100,147000,卖盘
1373,14:45:01,14.7,0.0,12,17640,卖盘
1374,14:45:04,14.69,-0.01,25,36740,卖盘
1375,14:45:22,14.68,-0.01,18,26424,卖盘
1376,14:45:28,14.67,-0.01,10,14670,卖盘
1377,14:45:33,14.67,0.0,22,32274,卖盘
1378,14:45:36,14.66,-0.01,3,4398,卖盘
1379,14:45:48,14.66,0.0,8,11728,卖盘
1380,14:45:51,14.66,0.0,24,35184,卖盘
1381,14:45:55,14.66,0.0,13,19058,卖盘
1382,14:45:57,14.67,0.01,13,19062,买盘
1383,14:46:04,14.66,-0.01,5,7330,卖盘
1384,14:46:07,14.67,0.01,19,27873,买盘
1385,14:46:10,14.67,0.0,57,83619,买盘
1386,14:46:22,14.68,0.01,13,19084,买盘
1387,14:46:28,14.67,-0.01,20,29340,卖盘
1388,14:46:39,14.68,0.01,6,8808,买盘
1389,14:46:52,14.68,0.0,8,11744,买盘
1390,14:46:55,14.68,0.0,8,11744,买盘
1391,14:47:01,14.68,0.0,5,7340,买盘
1392,14:47:04,14.67,-0.01,5,7335,卖盘
1393,14:47:07,14.68,0.01,134,196712,买盘
1394,14:47:09,14.68,0.0,318,466824,买盘
1395,14:47:12,14.68,0.0,125,183500,买盘
1396,14:47:16,14.68,0.0,82,120479,买盘
1397,14:47:22,14.71,0.03,4,5884,买盘
1398,14:47:24,14.72,0.01,2,2944,买盘
1399,14:47:37,14.73,0.01,7,10311,中性盘
1400,14:47:40,14.71,-0.02,30,44159,卖盘
1401,14:47:43,14.7,-0.01,4,5880,卖盘
1402,14:47:46,14.7,0.0,1,1470,卖盘
1403,14:47:55,14.7,0.0,1,1470,卖盘
1404,14:47:58,14.69,-0.01,3,4407,卖盘
1405,14:48:07,14.69,0.0,5,7345,卖盘
1406,14:48:09,14.7,0.01,7,10290,买盘
1407,14:48:16,14.71,0.01,2,2942,买盘
1408,14:48:25,14.71,0.0,4,5884,买盘
1409,14:48:37,14.69,-0.02,13,19097,卖盘
1410,14:48:39,14.71,0.02,14,20594,买盘
1411,14:48:52,14.69,-0.02,1,1469,卖盘
1412,14:49:00,14.7,0.01,1,1470,买盘
1413,14:49:03,14.69,-0.01,11,16159,卖盘
1414,14:49:10,14.68,-0.01,5,7340,卖盘
1415,14:49:13,14.68,0.0,14,20552,卖盘
1416,14:49:16,14.69,0.01,2,2938,买盘
1417,14:49:19,14.69,0.0,3,4407,买盘
1418,14:49:22,14.69,0.0,4,5876,卖盘
1419,14:49:40,14.69,0.0,6,8814,卖盘
1420,14:49:52,14.7,0.01,6,8820,买盘
1421,14:50:01,14.69,-0.01,8,11752,卖盘
1422,14:50:04,14.69,0.0,13,19097,卖盘
1423,14:50:06,14.69,0.0,37,54353,卖盘
1424,14:50:10,14.69,0.0,1,1469,买盘
1425,14:50:16,14.69,0.0,7,10283,买盘
1426,14:50:22,14.69,0.0,10,14690,买盘
1427,14:50:28,14.68,-0.01,5,7340,卖盘
1428,14:50:31,14.69,0.01,13,19097,买盘
1429,14:50:34,14.68,-0.01,19,27897,卖盘
1430,14:50:37,14.68,0.0,6,8808,卖盘
1431,14:50:39,14.68,0.0,24,35232,卖盘
1432,14:50:43,14.67,-0.01,157,230387,卖盘
1433,14:50:49,14.69,0.02,2,2938,买盘
1434,14:50:54,14.67,-0.02,50,73350,卖盘
1435,14:50:58,14.68,0.01,1,1468,买盘
1436,14:51:01,14.67,-0.01,12,17604,卖盘
1437,14:51:04,14.66,-0.01,1,1466,卖盘
1438,14:51:06,14.66,0.0,9,13194,卖盘
1439,14:51:10,14.66,0.0,7,10262,卖盘
1440,14:51:16,14.66,0.0,3,4398,卖盘
1441,14:51:24,14.67,0.01,8,11736,卖盘
1442,14:51:27,14.66,-0.01,1,1466,卖盘
1443,14:51:31,14.67,0.01,1,1467,买盘
1444,14:51:34,14.66,-0.01,1,1466,卖盘
1445,14:51:36,14.66,0.0,4,5864,卖盘
1446,14:51:40,14.66,0.0,5,7330,卖盘
1447,14:51:46,14.67,0.01,4,5868,买盘
1448,14:51:49,14.67,0.0,1,1467,买盘
1449,14:51:58,14.66,-0.01,9,13194,卖盘
1450,14:52:01,14.65,-0.01,200,293176,卖盘
1451,14:52:04,14.65,0.0,8,11720,卖盘
1452,14:52:07,14.66,0.01,6,8796,中性盘
1453,14:52:10,14.66,0.0,9,13194,卖盘
1454,14:52:34,14.66,0.0,5,7887,卖盘
1455,14:52:46,14.67,0.01,149,218583,买盘
1456,14:52:58,14.66,-0.01,229,335833,卖盘
1457,14:53:10,14.75,0.09,13,19171,买盘
1458,14:53:15,14.66,-0.09,7,10262,卖盘
1459,14:53:19,14.76,0.1,100,147473,买盘
1460,14:53:31,14.66,-0.1,40,58675,卖盘
1461,14:53:37,14.67,0.01,5,7335,中性盘
1462,14:53:40,14.68,0.01,31,45508,买盘
1463,14:53:49,14.68,0.0,4,5872,卖盘
1464,14:53:52,14.67,-0.01,7,10269,卖盘
1465,14:53:55,14.74,0.07,1,1474,买盘
1466,14:54:19,14.68,-0.06,1,1013,卖盘
1467,14:55:04,14.71,0.03,2,2942,买盘
1468,14:55:19,14.68,-0.03,41,60643,卖盘
1469,14:55:24,14.7,0.02,50,73457,买盘
1470,14:55:33,14.68,-0.02,1,1468,卖盘
1471,14:55:43,14.7,0.02,1,1470,买盘
1472,14:55:52,14.69,-0.01,19,27911,卖盘
1473,14:56:01,14.69,0.0,16,23504,卖盘
1474,14:56:04,14.68,-0.01,6,8808,卖盘
1475,14:56:18,14.7,0.02,1,1470,买盘
1476,14:56:22,14.7,0.0,1,1470,买盘
1477,14:56:34,14.68,-0.02,5,7341,卖盘
1478,14:56:37,14.68,0.0,2,2936,卖盘
1479,14:56:40,14.69,0.01,75,110096,买盘
1480,15:00:05,14.68,-0.01,86,126248,卖盘
