,time,price,change,volume,amount,type
0,09:25:05,14.24,-0.23,247,352013,买盘
1,09:30:01,14.27,0.03,9,12843,买盘
2,09:30:04,14.29,0.02,62,88658,中性盘
3,09:30:07,14.29,0.0,30,42897,卖盘
4,09:30:10,14.42,0.13,9,12970,买盘
5,09:30:13,14.44,0.02,5,7220,卖盘
6,09:30:16,14.41,-0.03,1,1441,卖盘
7,09:30:19,14.38,-0.03,6,8628,买盘
8,09:30:22,14.38,0.0,7,10066,买盘
9,09:30:25,14.38,0.0,1,1438,买盘
10,09:30:28,14.35,-0.03,20,28720,卖盘
11,09:30:31,14.44,0.09,27,38887,买盘
12,09:30:34,14.44,0.0,4,5776,中性盘
13,09:30:37,14.44,0.0,26,37516,买盘
14,09:30:46,14.42,-0.02,1,1442,买盘
15,09:30:49,14.43,0.01,5,7212,买盘
16,09:30:55,14.43,0.0,1,1443,买盘
17,09:31:07,14.43,0.0,6,8660,卖盘
18,09:31:10,14.42,-0.01,28,40403,卖盘
19,09:31:16,14.4,-0.02,13,18687,中性盘
20,09:31:30,14.41,0.01,16,23056,买盘
21,09:31:33,14.38,-0.03,46,66148,卖盘
22,09:31:36,14.38,0.0,49,70462,买盘
23,09:31:40,14.38,0.0,30,43143,买盘
24,09:31:43,14.38,0.0,7,10066,买盘
25,09:31:46,14.38,0.0,5,7190,买盘
26,09:31:49,14.41,0.03,2,2882,买盘
27,09:31:58,14.37,-0.04,6,8622,卖盘
28,09:32:09,14.37,0.0,6,8622,卖盘
29,09:32:19,14.41,0.04,1,1441,买盘
30,09:32:22,14.41,0.0,1,1441,买盘
31,09:32:31,14.39,-0.02,8,11512,卖盘
32,09:32:37,14.41,0.02,16,23056,买盘
33,09:32:40,14.4,-0.01,1,1440,卖盘
34,09:32:43,14.4,0.0,3,4320,卖盘
35,09:32:45,14.4,0.0,5,7200,卖盘
36,09:32:49,14.4,0.0,20,28794,买盘
37,09:32:52,14.4,0.0,3,4320,买盘
38,09:32:57,14.41,0.01,23,33143,买盘
39,09:33:01,14.41,0.0,10,14410,卖盘
40,09:33:04,14.42,0.01,5,7210,买盘
41,09:33:12,14.42,0.0,40,57680,卖盘
42,09:33:34,14.45,0.03,2,2890,买盘
43,09:33:43,14.45,0.0,23,33235,买盘
44,09:33:46,14.45,0.0,7,10115,卖盘
45,09:33:52,14.43,-0.02,3,4329,卖盘
46,09:34:04,14.47,0.04,1,1447,买盘
47,09:34:07,14.44,-0.03,2,2888,卖盘
48,09:34:10,14.48,0.04,46,66553,买盘
49,09:34:12,14.45,-0.03,14,20230,卖盘
50,09:34:15,14.47,0.02,1,1447,买盘
51,09:34:18,14.45,-0.02,2,2890,卖盘
52,09:34:22,14.47,0.02,3,4341,买盘
53,09:34:25,14.47,0.0,6,8682,卖盘
54,09:34:28,14.47,0.0,20,28924,买盘
55,09:34:31,14.45,-0.02,18,26027,卖盘
56,09:34:33,14.45,0.0,2,2890,买盘
57,09:34:36,14.47,0.02,1,1447,买盘
58,09:34:43,14.47,0.0,13,18811,买盘
59,09:34:52,14.45,-0.02,20,28926,卖盘
60,09:35:01,14.47,0.02,1,1447,买盘
61,09:35:07,14.47,0.0,12,17364,卖盘
62,09:35:10,14.48,0.01,21,30388,买盘
63,09:35:19,14.48,0.0,10,14480,买盘
64,09:35:22,14.48,0.0,1,1448,买盘
65,09:35:25,14.49,0.01,4,5795,买盘
66,09:35:28,14.48,-0.01,1,1448,卖盘
67,09:35:30,14.47,-0.01,32,46351,卖盘
68,09:35:46,14.5,0.03,17,24650,买盘
69,09:35:52,14.5,0.0,1,1450,买盘
70,09:35:55,14.48,-0.02,5,7240,卖盘
71,09:36:01,14.51,0.03,24,34824,买盘
72,09:36:09,14.48,-0.03,22,31864,卖盘
73,09:36:16,14.51,0.03,2,2902,买盘
74,09:36:19,14.49,-0.02,5,7245,卖盘
75,09:36:22,14.49,0.0,1,1449,卖盘
76,09:36:25,14.52,0.03,24,34829,买盘
77,09:36:34,14.49,-0.03,32,46368,卖盘
78,09:36:40,14.49,0.0,3,4347,买盘
79,09:36:42,14.52,0.03,22,31913,买盘
80,09:36:49,14.51,-0.01,1,1451,中性盘
81,09:36:58,14.49,-0.02,15,21745,卖盘
82,09:37:04,14.49,0.0,5,7245,买盘
83,09:37:07,14.49,0.0,15,21735,买盘
84,09:37:09,14.49,0.0,4,5796,卖盘
85,09:37:16,14.49,0.0,1,1449,卖盘
86,09:37:22,14.51,0.02,21,30471,买盘
87,09:37:36,14.5,-0.01,6,8700,卖盘
88,09:37:40,14.5,0.0,149,215903,卖盘
89,09:37:43,14.51,0.01,11,15951,买盘
90,09:38:01,14.5,-0.01,1,1450,买盘
91,09:38:22,14.48,-0.02,24,34752,卖盘
92,09:38:28,14.48,0.0,6,8688,卖盘
93,09:38:30,14.5,0.02,1,1450,买盘
94,09:38:34,14.48,-0.02,1,1448,买盘
95,09:38:37,14.49,0.01,1,1449,中性盘
96,09:38:40,14.5,0.01,15,21750,买盘
97,09:38:49,14.5,0.0,1,1450,卖盘
98,09:38:52,14.5,0.0,3,4350,买盘
99,09:38:55,14.5,0.0,6,8700,买盘
100,09:38:58,14.51,0.01,2,2902,买盘
101,09:39:04,14.51,0.0,11,16483,买盘
102,09:39:06,14.51,0.0,31,44971,买盘
103,09:39:09,14.5,-0.01,19,27563,卖盘
104,09:39:16,14.5,0.0,15,21752,卖盘
105,09:39:19,14.51,0.01,1,1451,买盘
106,09:39:22,14.51,0.0,1,1451,买盘
107,09:39:25,14.51,0.0,16,23216,买盘
108,09:39:33,14.5,-0.01,1,1450,卖盘
109,09:39:55,14.51,0.01,9,13059,买盘
110,09:40:10,14.51,0.0,5,7255,卖盘
111,09:40:13,14.51,0.0,1,1451,卖盘
112,09:40:22,14.52,0.01,14,20328,买盘
113,09:40:52,14.52,0.0,27,39204,买盘
114,09:40:55,14.55,0.03,40,58177,买盘
115,09:41:00,14.55,0.0,1,1455,买盘
116,09:41:07,14.55,0.0,1,1455,买盘
117,09:41:10,14.52,-0.03,6,8712,卖盘
118,09:41:15,14.55,0.03,25,36375,买盘
119,09:41:30,14.57,0.02,21,30596,买盘
120,09:41:34,14.57,0.0,3,4371,买盘
121,09:41:36,14.57,0.0,18,26209,买盘
122,09:41:40,14.57,0.0,2,2914,买盘
123,09:41:43,14.57,0.0,2,2914,买盘
124,09:41:46,14.58,0.01,44,64142,买盘
125,09:41:49,14.59,0.01,13,18967,买盘
126,09:41:52,14.6,0.01,39,56938,买盘
127,09:41:55,14.6,0.0,5,7300,买盘
128,09:41:58,14.61,0.01,2,2922,买盘
129,09:42:04,14.6,-0.01,4,5145,卖盘
130,09:42:07,14.62,0.02,2,2924,买盘
131,09:42:09,14.63,0.01,20,29250,买盘
132,09:42:13,14.61,-0.02,3,4383,卖盘
133,09:42:16,14.62,0.01,11,16082,买盘
134,09:42:22,14.63,0.01,7,10241,买盘
135,09:42:25,14.62,-0.01,5,7310,卖盘
136,09:42:28,14.62,0.0,12,17544,卖盘
137,09:42:31,14.62,0.0,18,26316,卖盘
138,09:42:34,14.61,-0.01,50,73050,卖盘
139,09:42:37,14.6,-0.01,40,59101,卖盘
140,09:42:39,14.58,-0.02,3,4374,卖盘
141,09:42:42,14.58,0.0,4,5832,卖盘
142,09:42:46,14.6,0.02,83,121071,买盘
143,09:42:52,14.58,-0.02,1,1458,买盘
144,09:43:01,14.56,-0.02,1,1456,卖盘
145,09:43:04,14.56,0.0,1,1456,中性盘
146,09:43:10,14.55,-0.01,27,39292,卖盘
147,09:43:13,14.55,0.0,3,4365,买盘
148,09:43:22,14.55,0.0,5,7266,买盘
149,09:43:24,14.55,0.0,4,5820,买盘
150,09:43:31,14.55,0.0,4,5820,买盘
151,09:43:34,14.55,0.0,5,7275,买盘
152,09:43:37,14.55,0.0,9,13095,买盘
153,09:43:43,14.54,-0.01,12,17462,卖盘
154,09:43:46,14.55,0.01,20,29095,买盘
155,09:43:55,14.55,0.0,23,33465,卖盘
156,09:43:58,14.59,0.04,18,26262,买盘
157,09:44:06,14.56,-0.03,1,1456,卖盘
158,09:44:09,14.56,0.0,1,1456,卖盘
159,09:44:12,14.56,0.0,2,2912,卖盘
160,09:44:15,14.56,0.0,1,1456,卖盘
161,09:44:19,14.56,0.0,2,2912,卖盘
162,09:44:22,14.56,0.0,2,2912,卖盘
163,09:44:25,14.56,0.0,3,4368,卖盘
164,09:44:28,14.56,0.0,3,4368,卖盘
165,09:44:31,14.56,0.0,12,17472,卖盘
166,09:44:34,14.56,0.0,7,10192,卖盘
167,09:44:36,14.56,0.0,12,17472,卖盘
168,09:44:43,14.56,0.0,1,1456,卖盘
169,09:44:49,14.56,0.0,1,1456,卖盘
170,09:44:55,14.56,0.0,1,1456,卖盘
171,09:44:58,14.56,0.0,13,18928,卖盘
172,09:45:01,14.56,0.0,1,1456,卖盘
173,09:45:04,14.57,0.01,6,8741,买盘
174,09:45:07,14.56,-0.01,2,2913,卖盘
175,09:45:16,14.57,0.01,1,1457,买盘
176,09:45:34,14.57,0.0,5,7285,买盘
177,09:45:36,14.57,0.0,1,1457,买盘
178,09:45:48,14.57,0.0,7,10199,买盘
179,09:46:01,14.56,-0.01,1,1456,卖盘
180,09:46:04,14.56,0.0,1,1456,卖盘
181,09:46:07,14.57,0.01,4,5827,买盘
182,09:46:10,14.56,-0.01,1,1456,卖盘
183,09:46:13,14.56,0.0,1,1456,卖盘
184,09:46:18,14.56,0.0,3,4659,卖盘
185,09:46:21,14.56,0.0,13,18928,卖盘
186,09:46:25,14.56,0.0,17,24461,卖盘
187,09:46:28,14.55,-0.01,4,5820,卖盘
188,09:46:34,14.56,0.01,5,7280,买盘
189,09:46:42,14.55,-0.01,32,46560,卖盘
190,09:46:46,14.55,0.0,38,55320,卖盘
191,09:46:49,14.55,0.0,3,4365,卖盘
192,09:46:58,14.55,0.0,14,20370,卖盘
193,09:47:01,14.55,0.0,1,1455,卖盘
194,09:47:04,14.55,0.0,19,27645,卖盘
195,09:47:07,14.55,0.0,6,8730,卖盘
196,09:47:15,14.54,-0.01,1,1454,卖盘
197,09:47:18,14.54,0.0,1,1454,卖盘
198,09:47:25,14.54,0.0,1,1454,买盘
199,09:47:43,14.51,-0.03,1,1451,卖盘
200,09:47:49,14.51,0.0,1,1451,卖盘
201,09:47:55,14.51,0.0,13,18863,卖盘
202,09:49:00,14.52,0.01,13,18883,卖盘
203,09:49:04,14.54,0.02,1,1454,买盘
204,09:49:15,14.54,0.0,1,1454,买盘
205,09:49:25,14.53,-0.01,38,55214,卖盘
206,09:49:28,14.52,-0.01,1,1452,卖盘
207,09:49:31,14.52,0.0,17,24684,卖盘
208,09:49:34,14.53,0.01,9,13075,买盘
209,09:49:37,14.52,-0.01,3,4356,卖盘
210,09:49:40,14.53,0.01,15,21794,买盘
211,09:49:43,14.53,0.0,8,11624,卖盘
212,09:49:46,14.53,0.0,1,1453,卖盘
213,09:49:55,14.53,0.0,13,18889,卖盘
214,09:49:58,14.54,0.01,21,30534,买盘
215,09:50:04,14.54,0.0,18,26172,买盘
216,09:50:07,14.54,0.0,12,17448,买盘
217,09:50:10,14.55,0.01,2,2910,买盘
218,09:50:13,14.55,0.0,17,24735,买盘
219,09:50:33,14.55,0.0,34,49470,卖盘
220,09:50:37,14.55,0.0,16,23290,卖盘
221,09:50:58,14.54,-0.01,1,1454,卖盘
222,09:51:07,14.54,0.0,5,7270,卖盘
223,09:51:12,14.54,0.0,6,8724,卖盘
224,09:51:27,14.54,0.0,22,31988,卖盘
225,09:51:34,14.54,0.0,13,18902,卖盘
226,09:51:43,14.54,0.0,1,1454,卖盘
227,09:51:46,14.54,0.0,1,1454,卖盘
228,09:51:48,14.54,0.0,13,18902,卖盘
229,09:51:51,14.55,0.01,3,4365,买盘
230,09:51:55,14.54,-0.01,1,1454,卖盘
231,09:52:01,14.54,0.0,1,1454,卖盘
232,09:52:04,14.55,0.01,5,7275,买盘
233,09:52:16,14.54,-0.01,2,2908,卖盘
234,09:52:22,14.54,0.0,5,7270,卖盘
235,09:52:28,14.54,0.0,5,7270,卖盘
236,09:52:33,14.55,0.01,3,4365,买盘
237,09:52:37,14.55,0.0,2,2910,买盘
238,09:52:39,14.55,0.0,31,45105,买盘
239,09:52:43,14.57,0.02,38,55314,买盘
240,09:52:46,14.57,0.0,1,1457,买盘
241,09:53:01,14.55,-0.02,2,2910,卖盘
242,09:53:04,14.58,0.03,60,87440,买盘
243,09:53:07,14.58,0.0,9,13122,买盘
244,09:53:19,14.58,0.0,6,8748,买盘
245,09:53:22,14.58,0.0,1,1458,买盘
246,09:53:31,14.58,0.0,10,14580,买盘
247,09:53:40,14.58,0.0,13,18954,卖盘
248,09:53:43,14.58,0.0,5,7290,卖盘
249,09:53:46,14.58,0.0,23,33534,卖盘
250,09:53:49,14.58,0.0,10,14580,卖盘
251,09:53:52,14.57,-0.01,4,5828,卖盘
252,09:53:54,14.56,-0.01,1,1456,卖盘
253,09:53:58,14.56,0.0,2,2912,卖盘
254,09:54:01,14.54,-0.02,13,18908,卖盘
255,09:54:19,14.55,0.01,50,72750,卖盘
256,09:54:28,14.55,0.0,1,1455,卖盘
257,09:54:34,14.55,0.0,22,32018,卖盘
258,09:54:40,14.55,0.0,13,18915,卖盘
259,09:54:57,14.56,0.01,2,2912,买盘
260,09:55:04,14.56,0.0,30,43680,卖盘
261,09:55:12,14.55,-0.01,48,69882,卖盘
262,09:55:19,14.57,0.02,14,20398,买盘
263,09:55:21,14.55,-0.02,5,7275,卖盘
264,09:55:24,14.55,0.0,6,8730,卖盘
265,09:55:34,14.55,0.0,58,84569,卖盘
266,09:55:36,14.55,0.0,2,2910,卖盘
267,09:55:39,14.55,0.0,33,48015,卖盘
268,09:55:46,14.55,0.0,4,5820,买盘
269,09:56:04,14.55,0.0,44,64019,买盘
270,09:56:09,14.54,-0.01,5,7270,卖盘
271,09:56:22,14.57,0.03,5,7285,买盘
272,09:56:34,14.57,0.0,13,18941,买盘
273,09:56:39,14.57,0.0,38,55366,卖盘
274,09:56:55,14.59,0.02,15,21885,买盘
275,09:57:01,14.6,0.01,1,1460,买盘
276,09:57:07,14.56,-0.04,1,1456,卖盘
277,09:57:13,14.61,0.05,10,14604,买盘
278,09:57:19,14.56,-0.05,2,2912,卖盘
279,09:57:25,14.59,0.03,3,4377,买盘
280,09:57:28,14.6,0.01,9,13140,买盘
281,09:57:37,14.56,-0.04,6,8736,卖盘
282,09:57:40,14.59,0.03,5,7295,买盘
283,09:57:43,14.6,0.01,10,14600,买盘
284,09:57:48,14.6,0.0,3,4380,买盘
285,09:57:58,14.6,0.0,41,59850,买盘
286,09:58:13,14.59,-0.01,11,16049,买盘
287,09:58:34,14.58,-0.01,1,1458,买盘
288,09:58:37,14.58,0.0,4,5832,卖盘
289,09:58:40,14.59,0.01,11,16049,买盘
290,09:58:52,14.59,0.0,25,36475,买盘
291,09:58:58,14.6,0.01,37,54019,买盘
292,09:59:01,14.6,0.0,2,2920,买盘
293,09:59:04,14.59,-0.01,10,14590,中性盘
294,09:59:07,14.6,0.01,3,4380,买盘
295,09:59:25,14.58,-0.02,20,29550,卖盘
296,09:59:31,14.59,0.01,8,11678,中性盘
297,09:59:33,14.6,0.01,19,27735,买盘
298,09:59:37,14.6,0.0,29,42340,买盘
299,09:59:43,14.61,0.01,12,17532,买盘
300,09:59:46,14.63,0.02,10,14612,买盘
301,09:59:52,14.62,-0.01,11,16082,卖盘
302,09:59:57,14.64,0.02,24,35123,买盘
303,10:00:10,14.62,-0.02,12,17544,卖盘
304,10:00:24,14.62,0.0,22,32164,卖盘
305,10:00:27,14.62,0.0,27,39474,卖盘
306,10:00:31,14.64,0.02,35,51208,买盘
307,10:00:34,14.62,-0.02,1,351,卖盘
308,10:00:37,14.62,0.0,3,4386,卖盘
309,10:00:43,14.62,0.0,2,2924,卖盘
310,10:00:48,14.62,0.0,14,21579,卖盘
311,10:00:55,14.61,-0.01,3,4383,卖盘
312,10:01:01,14.62,0.01,10,14620,买盘
313,10:01:04,14.61,-0.01,13,18993,卖盘
314,10:01:06,14.61,0.0,89,130081,卖盘
315,10:01:27,14.6,-0.01,7,10220,卖盘
316,10:01:34,14.61,0.01,4,5844,买盘
317,10:01:43,14.6,-0.01,34,49640,卖盘
318,10:01:49,14.59,-0.01,1,1459,卖盘
319,10:01:58,14.59,0.0,3,4377,卖盘
320,10:02:01,14.59,0.0,19,27721,卖盘
321,10:02:07,14.6,0.01,14,20427,买盘
322,10:02:09,14.59,-0.01,10,14590,卖盘
323,10:02:13,14.59,0.0,26,37934,买盘
324,10:02:16,14.58,-0.01,4,5832,卖盘
325,10:02:19,14.58,0.0,2,2566,卖盘
326,10:02:22,14.57,-0.01,1,1457,卖盘
327,10:02:37,14.57,0.0,4,5828,卖盘
328,10:02:39,14.57,0.0,15,21855,卖盘
329,10:02:43,14.57,0.0,3,4371,卖盘
330,10:02:48,14.58,0.01,10,14572,买盘
331,10:03:00,14.57,-0.01,1,1457,买盘
332,10:03:31,14.53,-0.04,100,145408,卖盘
333,10:03:51,14.54,0.01,5,7270,买盘
334,10:03:55,14.53,-0.01,1,872,卖盘
335,10:04:04,14.53,0.0,13,18889,卖盘
336,10:04:16,14.53,0.0,13,18889,卖盘
337,10:04:25,14.53,0.0,7,10171,卖盘
338,10:04:27,14.55,0.02,6,8730,买盘
339,10:04:39,14.55,0.0,5,7275,买盘
340,10:04:42,14.55,0.0,4,5820,卖盘
341,10:04:45,14.55,0.0,1,1455,买盘
342,10:05:01,14.58,0.03,7,10203,买盘
343,10:05:34,14.56,-0.02,1,1456,买盘
344,10:05:40,14.56,0.0,2,2912,卖盘
345,10:05:42,14.56,0.0,1,1456,卖盘
346,10:05:46,14.58,0.02,32,46629,买盘
347,10:05:58,14.56,-0.02,1,1456,卖盘
348,10:06:04,14.56,0.0,31,45136,卖盘
349,10:06:06,14.56,0.0,13,18928,卖盘
350,10:06:10,14.55,-0.01,5,7275,卖盘
351,10:06:21,14.56,0.01,50,72792,买盘
352,10:06:24,14.55,-0.01,6,8730,买盘
353,10:06:36,14.55,0.0,1,2241,卖盘
354,10:06:43,14.55,0.0,2,2124,卖盘
355,10:06:52,14.54,-0.01,1,1454,卖盘
356,10:06:58,14.54,0.0,13,18902,卖盘
357,10:07:10,14.54,0.0,13,18902,卖盘
358,10:07:16,14.55,0.01,35,50925,买盘
359,10:07:34,14.55,0.0,6,8730,买盘
360,10:07:46,14.56,0.01,44,64037,买盘
361,10:07:52,14.53,-0.03,12,17447,卖盘
362,10:08:13,14.54,0.01,1,1454,卖盘
363,10:08:34,14.54,0.0,4,5816,买盘
364,10:08:46,14.54,0.0,53,77062,买盘
365,10:08:49,14.53,-0.01,4,5812,卖盘
366,10:08:55,14.53,0.0,9,13077,卖盘
367,10:08:58,14.53,0.0,7,10171,卖盘
368,10:09:01,14.53,0.0,5,7265,卖盘
369,10:09:16,14.54,0.01,1,1454,买盘
370,10:09:25,14.53,-0.01,1,785,卖盘
371,10:09:27,14.53,0.0,13,18889,卖盘
372,10:09:34,14.54,0.01,4,5816,买盘
373,10:09:49,14.54,0.0,16,23264,买盘
374,10:09:52,14.54,0.0,21,30534,买盘
375,10:09:54,14.54,0.0,6,8724,买盘
376,10:09:58,14.53,-0.01,14,20346,卖盘
377,10:10:04,14.54,0.01,3,4362,买盘
378,10:10:07,14.54,0.0,27,39253,买盘
379,10:10:10,14.55,0.01,15,21812,买盘
380,10:10:22,14.55,0.0,4,5820,买盘
381,10:10:25,14.55,0.0,1,1455,买盘
382,10:10:34,14.55,0.0,3,4365,买盘
383,10:10:37,14.56,0.01,16,23287,买盘
384,10:10:46,14.56,0.0,5,7280,买盘
385,10:10:49,14.56,0.0,2,2912,买盘
386,10:11:04,14.55,-0.01,3,4365,中性盘
387,10:11:16,14.55,0.0,3,4365,买盘
388,10:11:22,14.55,0.0,18,26190,买盘
389,10:11:25,14.58,0.03,31,45156,买盘
390,10:11:28,14.58,0.0,6,8748,卖盘
391,10:11:31,14.58,0.0,13,18954,买盘
392,10:12:00,14.58,0.0,16,23328,买盘
393,10:12:16,14.59,0.01,8,11666,买盘
394,10:12:24,14.55,-0.04,17,24737,卖盘
395,10:12:28,14.59,0.04,6,8750,买盘
396,10:12:31,14.55,-0.04,5,7275,卖盘
397,10:12:51,14.56,0.01,25,37186,买盘
398,10:12:54,14.55,-0.01,23,33465,卖盘
399,10:13:12,14.55,0.0,1,873,卖盘
400,10:13:16,14.56,0.01,16,23296,买盘
401,10:13:49,14.55,-0.01,1,1455,卖盘
402,10:13:52,14.55,0.0,1,1455,卖盘
403,10:13:55,14.55,0.0,5,7275,卖盘
404,10:13:58,14.56,0.01,9,13104,买盘
405,10:14:04,14.55,-0.01,21,30351,卖盘
406,10:14:07,14.55,0.0,11,16003,买盘
407,10:14:09,14.55,0.0,35,50925,买盘
408,10:14:49,14.54,-0.01,9,13871,卖盘
409,10:14:52,14.54,0.0,5,7270,卖盘
410,10:15:07,14.54,0.0,2,2908,卖盘
411,10:15:10,14.54,0.0,29,42166,卖盘
412,10:15:19,14.5,-0.04,62,90106,卖盘
413,10:15:46,14.51,0.01,4,5804,卖盘
414,10:15:49,14.51,0.0,1,1451,买盘
415,10:16:04,14.51,0.0,1,1451,卖盘
416,10:16:10,14.54,0.03,5,7270,买盘
417,10:16:19,14.55,0.01,3,4363,买盘
418,10:16:24,14.52,-0.03,1,784,卖盘
419,10:16:42,14.54,0.02,9,13086,买盘
420,10:16:52,14.52,-0.02,1,1452,卖盘
421,10:16:55,14.54,0.02,1,1454,买盘
422,10:17:18,14.52,-0.02,19,27614,卖盘
423,10:18:07,14.52,0.0,8,11620,卖盘
424,10:18:42,14.53,0.01,3,4359,卖盘
425,10:18:52,14.53,0.0,5,7265,卖盘
426,10:19:13,14.53,0.0,7,10171,卖盘
427,10:20:00,14.53,0.0,38,54996,卖盘
428,10:20:13,14.52,0.0,1,1452,卖盘
429,10:20:30,14.52,0.0,5,7260,卖盘
430,10:20:40,14.52,0.0,5,7260,卖盘
431,10:20:49,14.52,0.0,4,5808,卖盘
432,10:20:51,14.52,0.0,3,3906,卖盘
433,10:20:55,14.53,0.01,2,2906,买盘
434,10:21:19,14.52,-0.01,2,2904,卖盘
435,10:21:27,14.52,0.0,1,1452,卖盘
436,10:21:33,14.52,0.0,1,1452,卖盘
437,10:21:42,14.52,0.0,3,4356,卖盘
438,10:21:46,14.52,0.0,8,11617,卖盘
439,10:21:49,14.52,0.0,1,1452,卖盘
440,10:22:01,14.52,0.0,6,8712,卖盘
441,10:22:04,14.52,0.0,8,11616,卖盘
442,10:22:13,14.52,0.0,1,1452,卖盘
443,10:22:18,14.52,0.0,2,2904,卖盘
444,10:22:22,14.52,0.0,4,5808,卖盘
445,10:22:25,14.52,0.0,24,34848,卖盘
446,10:22:28,14.51,-0.01,43,62401,卖盘
447,10:22:31,14.5,-0.01,12,17402,卖盘
448,10:22:34,14.5,0.0,2,2900,卖盘
449,10:22:37,14.5,0.0,13,19068,卖盘
450,10:22:42,14.5,0.0,8,11600,卖盘
451,10:22:46,14.5,0.0,5,7250,卖盘
452,10:22:49,14.5,0.0,15,21750,卖盘
453,10:22:52,14.5,0.0,16,23200,卖盘
454,10:22:55,14.5,0.0,15,21750,卖盘
455,10:22:57,14.5,0.0,25,36250,卖盘
456,10:23:01,14.5,0.0,43,62379,卖盘
457,10:23:04,14.48,-0.02,2,2896,卖盘
458,10:23:09,14.48,0.0,2,2896,卖盘
459,10:23:13,14.48,0.0,1,1448,卖盘
460,10:23:16,14.49,0.01,1,1449,买盘
461,10:23:19,14.48,-0.01,5,7240,卖盘
462,10:24:04,14.48,0.0,5,7240,卖盘
463,10:24:12,14.49,0.01,75,108477,买盘
464,10:24:15,14.49,0.0,3,4347,买盘
465,10:24:22,14.49,0.0,3,4347,买盘
466,10:24:31,14.5,0.01,6,8700,买盘
467,10:24:40,14.49,-0.01,1,869,卖盘
468,10:24:52,14.49,0.0,1,1449,卖盘
469,10:25:01,14.49,0.0,12,17388,卖盘
470,10:26:06,14.51,0.02,1,1451,买盘
471,10:26:24,14.5,-0.01,1,1450,卖盘
472,10:26:31,14.49,-0.01,1,1449,卖盘
473,10:26:34,14.5,0.01,7,10148,买盘
474,10:26:37,14.5,0.0,3,4350,卖盘
475,10:26:43,14.49,-0.01,1,1449,卖盘
476,10:26:49,14.5,0.01,2,2900,买盘
477,10:27:04,14.5,0.0,8,11600,买盘
478,10:27:31,14.5,0.0,1,1450,中性盘
479,10:27:34,14.51,0.01,8,11822,买盘
480,10:27:37,14.5,-0.01,1,1450,卖盘
481,10:27:43,14.51,0.01,15,21765,买盘
482,10:27:46,14.52,0.01,14,20315,买盘
483,10:27:49,14.52,0.0,1,1452,买盘
484,10:27:51,14.51,-0.01,8,11611,卖盘
485,10:27:58,14.51,0.0,2,2235,卖盘
486,10:28:55,14.52,0.01,6,8712,卖盘
487,10:28:57,14.55,0.03,37,53795,买盘
488,10:29:07,14.55,0.0,12,17460,买盘
489,10:29:19,14.52,-0.03,5,7260,卖盘
490,10:29:55,14.53,0.01,1,1453,卖盘
491,10:30:01,14.53,0.0,1,1453,卖盘
492,10:30:34,14.54,0.01,4,5816,买盘
493,10:30:36,14.55,0.01,1,1455,买盘
494,10:30:39,14.54,-0.01,1,1454,卖盘
495,10:30:42,14.54,0.0,37,53798,卖盘
496,10:30:45,14.53,-0.01,8,11624,卖盘
497,10:30:54,14.53,0.0,38,55214,卖盘
498,10:31:01,14.52,-0.01,13,18876,卖盘
499,10:31:04,14.53,0.01,6,8715,买盘
500,10:31:12,14.51,-0.02,15,21777,卖盘
501,10:31:15,14.49,-0.02,21,30434,卖盘
502,10:31:37,14.49,0.0,2,2898,卖盘
503,10:31:48,14.51,0.02,5,7255,买盘
504,10:32:07,14.52,0.01,6,8712,买盘
505,10:32:22,14.52,0.0,6,8712,卖盘
506,10:32:34,14.53,0.01,1,1453,买盘
507,10:32:37,14.53,0.0,2,2906,买盘
508,10:32:55,14.53,0.0,5,7265,买盘
509,10:33:07,14.53,0.0,2,2906,买盘
510,10:33:10,14.53,0.0,2,2906,买盘
511,10:33:13,14.53,0.0,1,1453,买盘
512,10:33:16,14.53,0.0,3,4359,买盘
513,10:33:19,14.53,0.0,21,30513,买盘
514,10:33:24,14.55,0.02,7,10183,买盘
515,10:33:31,14.55,0.0,1,1455,买盘
516,10:33:36,14.55,0.0,1,1455,买盘
517,10:33:39,14.55,0.0,1,1455,买盘
518,10:33:49,14.53,-0.02,17,24711,卖盘
519,10:33:55,14.53,0.0,1,872,卖盘
520,10:33:58,14.55,0.02,5,7275,买盘
521,10:34:10,14.55,0.0,2,2910,买盘
522,10:34:13,14.53,-0.02,34,49605,卖盘
523,10:34:16,14.54,0.01,3,3693,买盘
524,10:34:24,14.53,-0.01,6,9764,卖盘
525,10:34:30,14.5,-0.03,2,2900,卖盘
526,10:34:34,14.5,0.0,14,20300,买盘
527,10:34:42,14.52,0.02,1,1452,买盘
528,10:34:45,14.52,0.0,1,1452,买盘
529,10:34:49,14.52,0.0,2,2904,卖盘
530,10:34:58,14.52,0.0,2,2323,卖盘
531,10:35:07,14.52,0.0,11,15972,卖盘
532,10:35:13,14.52,0.0,1,1452,卖盘
533,10:35:15,14.53,0.01,1,1453,买盘
534,10:35:19,14.52,-0.01,3,4356,卖盘
535,10:35:22,14.51,-0.01,27,39181,卖盘
536,10:35:25,14.51,0.0,17,24667,卖盘
537,10:35:28,14.52,0.01,2,2904,买盘
538,10:35:34,14.52,0.0,10,15091,买盘
539,10:35:37,14.51,-0.01,1,1451,买盘
540,10:35:46,14.51,0.0,1,1451,买盘
541,10:35:49,14.48,-0.03,22,31885,卖盘
542,10:36:04,14.49,0.01,7,10143,卖盘
543,10:36:07,14.51,0.02,6,8696,买盘
544,10:36:10,14.49,-0.02,1,1449,卖盘
545,10:36:12,14.49,0.0,1,1666,买盘
546,10:36:33,14.51,0.02,3,4352,买盘
547,10:36:36,14.51,0.0,2,2902,卖盘
548,10:36:40,14.51,0.0,7,10157,买盘
549,10:36:42,14.51,0.0,6,8706,卖盘
550,10:36:46,14.52,0.01,9,13066,买盘
551,10:36:48,14.5,-0.02,17,24660,卖盘
552,10:36:55,14.51,0.01,1,1451,买盘
553,10:36:58,14.5,-0.01,6,8702,卖盘
554,10:37:01,14.5,0.0,1,1450,卖盘
555,10:37:06,14.51,0.01,4,5804,卖盘
556,10:37:10,14.52,0.01,3,4354,买盘
557,10:37:13,14.51,-0.01,1,784,卖盘
558,10:37:15,14.51,0.0,6,8706,卖盘
559,10:37:36,14.52,0.01,1,1452,买盘
560,10:37:51,14.51,-0.01,10,14515,卖盘
561,10:37:55,14.52,0.01,2,2904,买盘
562,10:37:58,14.51,-0.01,1,1451,卖盘
563,10:38:06,14.51,0.0,1,1451,卖盘
564,10:38:10,14.51,0.0,10,14510,卖盘
565,10:38:13,14.51,0.0,2,2902,卖盘
566,10:38:18,14.51,0.0,2,2902,卖盘
567,10:38:22,14.52,0.01,20,29022,买盘
568,10:38:25,14.51,-0.01,14,20314,卖盘
569,10:38:28,14.51,0.0,14,20315,卖盘
570,10:38:31,14.51,0.0,5,7255,卖盘
571,10:38:34,14.51,0.0,20,29020,卖盘
572,10:38:37,14.48,-0.03,17,25317,卖盘
573,10:38:40,14.5,0.02,2,2898,买盘
574,10:38:43,14.48,-0.02,3,4348,卖盘
575,10:38:46,14.48,0.0,1,1448,卖盘
576,10:38:52,14.48,0.0,2,2896,卖盘
577,10:38:58,14.48,0.0,23,33304,卖盘
578,10:39:01,14.48,0.0,1,1448,买盘
579,10:39:07,14.49,0.01,12,16601,买盘
580,10:39:16,14.49,0.0,1,1449,买盘
581,10:39:25,14.49,0.0,6,8694,买盘
582,10:39:36,14.49,0.0,2,2898,买盘
583,10:39:49,14.49,0.0,6,7912,卖盘
584,10:39:58,14.5,0.01,1,1450,买盘
585,10:40:10,14.49,-0.01,2,2899,卖盘
586,10:40:13,14.49,0.0,4,5796,卖盘
587,10:40:16,14.49,0.0,2,2898,卖盘
588,10:40:19,14.49,0.0,1,1449,卖盘
589,10:40:31,14.5,0.01,2,2900,买盘
590,10:40:34,14.5,0.0,7,10150,买盘
591,10:40:37,14.49,-0.01,1,217,卖盘
592,10:40:48,14.5,0.01,6,8700,买盘
593,10:40:51,14.5,0.0,19,27666,买盘
594,10:40:55,14.51,0.01,11,15961,买盘
595,10:41:01,14.52,0.01,1,1974,买盘
596,10:41:07,14.52,0.0,1,1452,买盘
597,10:41:10,14.52,0.0,11,15391,买盘
598,10:41:22,14.52,0.0,5,7260,卖盘
599,10:41:24,14.53,0.01,3,4359,买盘
600,10:41:40,14.53,0.0,2,2906,买盘
601,10:41:43,14.53,0.0,12,17436,买盘
602,10:41:45,14.53,0.0,3,4359,买盘
603,10:41:54,14.53,0.0,8,11631,卖盘
604,10:41:58,14.55,0.02,7,10180,买盘
605,10:42:01,14.54,-0.01,11,15994,卖盘
606,10:42:04,14.54,0.0,2,2908,买盘
607,10:42:06,14.55,0.01,4,5817,买盘
608,10:42:10,14.54,-0.01,39,56706,卖盘
609,10:42:13,14.54,0.0,1,1454,卖盘
610,10:42:15,14.54,0.0,6,8725,卖盘
611,10:42:18,14.54,0.0,2,2908,卖盘
612,10:42:21,14.53,-0.01,6,8718,卖盘
613,10:42:28,14.53,0.0,2,2906,买盘
614,10:42:31,14.53,0.0,7,10171,买盘
615,10:42:34,14.55,0.02,33,48015,买盘
616,10:42:40,14.55,0.0,1,1455,买盘
617,10:42:42,14.54,-0.01,7,10178,中性盘
618,10:42:48,14.53,-0.01,6,8718,卖盘
619,10:43:04,14.54,0.01,1,1454,买盘
620,10:43:07,14.55,0.01,1,1455,买盘
621,10:43:10,14.55,0.0,3,4365,买盘
622,10:43:12,14.55,0.0,1,1455,买盘
623,10:43:18,14.55,0.0,1,1673,买盘
624,10:43:31,14.55,0.0,37,53835,买盘
625,10:43:34,14.56,0.01,9,13104,买盘
626,10:43:37,14.56,0.0,7,10192,买盘
627,10:43:40,14.57,0.01,3,4371,买盘
628,10:43:42,14.57,0.0,1,1457,卖盘
629,10:43:51,14.57,0.0,2,2915,卖盘
630,10:43:58,14.57,0.0,5,7285,卖盘
631,10:44:04,14.58,0.01,51,74358,买盘
632,10:44:06,14.59,0.01,1,1459,买盘
633,10:44:19,14.59,0.0,6,8749,买盘
634,10:44:22,14.58,-0.01,1,1458,中性盘
635,10:44:25,14.57,-0.01,6,8742,卖盘
636,10:44:34,14.59,0.02,54,78781,买盘
637,10:44:36,14.59,0.0,2,2918,买盘
638,10:44:43,14.59,0.0,1,1459,卖盘
639,10:44:55,14.58,-0.01,2,2334,卖盘
640,10:45:03,14.6,0.02,28,40880,买盘
641,10:45:06,14.6,0.0,7,10220,买盘
642,10:45:09,14.59,-0.01,5,7295,卖盘
643,10:45:13,14.6,0.01,3,4380,买盘
644,10:45:15,14.6,0.0,1,1460,买盘
645,10:45:25,14.6,0.0,3,4380,买盘
646,10:45:28,14.6,0.0,4,5840,买盘
647,10:45:31,14.6,0.0,2,2920,买盘
648,10:45:34,14.6,0.0,1,1460,买盘
649,10:45:46,14.61,0.01,2,2922,买盘
650,10:45:55,14.61,0.0,20,29220,买盘
651,10:46:00,14.61,0.0,3,4383,买盘
652,10:46:04,14.63,0.02,5,7315,买盘
653,10:46:16,14.63,0.0,1,1463,买盘
654,10:46:18,14.63,0.0,3,4389,买盘
655,10:46:25,14.61,-0.02,6,8766,卖盘
656,10:46:27,14.63,0.02,7,10240,买盘
657,10:46:31,14.61,-0.02,2,2922,卖盘
658,10:46:33,14.62,0.01,39,57018,买盘
659,10:46:39,14.61,-0.01,21,30682,卖盘
660,10:46:43,14.61,0.0,2,2922,卖盘
661,10:46:45,14.61,0.0,2,2922,卖盘
662,10:46:49,14.62,0.01,7,10228,买盘
663,10:46:51,14.61,-0.01,2,3141,卖盘
664,10:46:54,14.61,0.0,58,84519,卖盘
665,10:46:57,14.6,-0.01,10,14600,卖盘
666,10:47:04,14.6,0.0,18,26280,买盘
667,10:47:06,14.61,0.01,1,1461,买盘
668,10:47:31,14.6,-0.01,79,115340,卖盘
669,10:47:34,14.6,0.0,65,94900,买盘
670,10:47:37,14.6,0.0,1,1460,买盘
671,10:47:42,14.6,0.0,6,8755,买盘
672,10:48:04,14.6,0.0,5,7300,买盘
673,10:48:09,14.59,-0.01,3,4378,卖盘
674,10:48:27,14.59,0.0,1,1459,卖盘
675,10:48:30,14.59,0.0,13,18967,卖盘
676,10:48:40,14.6,0.01,1,1460,买盘
677,10:48:42,14.6,0.0,1,1460,买盘
678,10:48:45,14.59,-0.01,5,7296,卖盘
679,10:48:54,14.59,0.0,4,5836,卖盘
680,10:48:58,14.59,0.0,8,11672,卖盘
681,10:49:12,14.6,0.01,3,4380,买盘
682,10:49:18,14.6,0.0,2,2920,买盘
683,10:49:36,14.59,-0.01,4,5836,卖盘
684,10:49:40,14.6,0.01,20,29200,买盘
685,10:49:42,14.6,0.0,4,5838,买盘
686,10:49:45,14.6,0.0,1,1460,买盘
687,10:49:48,14.59,-0.01,6,8755,卖盘
688,10:49:51,14.59,0.0,9,13131,卖盘
689,10:49:58,14.59,0.0,7,9994,卖盘
690,10:50:07,14.59,0.0,3,4375,买盘
691,10:50:09,14.58,-0.01,5,7290,卖盘
692,10:50:12,14.58,0.0,1,1166,买盘
693,10:50:24,14.57,-0.01,1,1457,卖盘
694,10:50:33,14.56,-0.01,10,14560,卖盘
695,10:50:46,14.57,0.01,3,4370,买盘
696,10:50:48,14.57,0.0,2,2914,买盘
697,10:50:51,14.57,0.0,1,1457,买盘
698,10:50:54,14.56,-0.01,4,5827,卖盘
699,10:51:01,14.56,0.0,42,61152,卖盘
700,10:51:04,14.56,0.0,1,1456,买盘
701,10:51:12,14.55,-0.01,7,10185,卖盘
702,10:51:27,14.55,0.0,4,5820,卖盘
703,10:51:31,14.56,0.01,5,7280,买盘
704,10:51:37,14.55,-0.01,3,4365,卖盘
705,10:51:39,14.56,0.01,1,1456,中性盘
706,10:51:42,14.56,0.0,1,1456,买盘
707,10:51:55,14.56,0.01,2,2912,买盘
708,10:51:57,14.55,-0.01,2,2910,卖盘
709,10:52:01,14.56,0.01,3,4368,买盘
710,10:52:04,14.55,-0.01,3,4365,卖盘
711,10:52:06,14.57,0.02,1,1457,买盘
712,10:52:10,14.56,-0.01,3,4368,卖盘
713,10:52:16,14.56,0.0,2,2912,买盘
714,10:52:19,14.55,-0.01,3,4367,卖盘
715,10:52:21,14.55,0.0,5,7275,卖盘
716,10:52:25,14.55,0.0,1,1455,卖盘
717,10:52:31,14.56,0.01,4,5823,买盘
718,10:52:34,14.56,0.0,2,2912,买盘
719,10:52:40,14.55,-0.01,2,2911,卖盘
720,10:52:49,14.55,0.0,48,69622,卖盘
721,10:52:58,14.53,-0.02,1,1453,中性盘
722,10:53:10,14.55,0.02,1,1455,买盘
723,10:53:16,14.5,-0.05,5,7252,卖盘
724,10:53:28,14.54,0.04,2,2879,买盘
725,10:53:34,14.54,0.0,6,8724,卖盘
726,10:53:43,14.55,0.01,50,72750,买盘
727,10:53:45,14.54,-0.01,11,15994,卖盘
728,10:53:55,14.54,0.0,3,4362,卖盘
729,10:53:58,14.55,0.01,1,1455,买盘
730,10:54:10,14.55,0.0,5,7275,买盘
731,10:54:12,14.55,0.0,1,1455,买盘
732,10:54:18,14.54,-0.01,5,7270,卖盘
733,10:54:25,14.54,0.0,5,7270,卖盘
734,10:54:31,14.55,0.01,2,2910,买盘
735,10:54:39,14.55,0.0,5,7275,买盘
736,10:55:01,14.55,0.0,13,18905,买盘
737,10:55:04,14.55,0.0,3,4365,买盘
738,10:55:16,14.55,0.0,1,1455,买盘
739,10:55:31,14.54,-0.01,5,7270,卖盘
740,10:55:33,14.55,0.01,4,5820,买盘
741,10:55:46,14.54,-0.01,1,1454,卖盘
742,10:55:49,14.54,0.0,1,1454,卖盘
743,10:55:52,14.54,0.0,9,13086,卖盘
744,10:55:55,14.54,0.0,1,1454,卖盘
745,10:56:04,14.54,0.0,1,1454,卖盘
746,10:56:07,14.54,0.0,3,4364,卖盘
747,10:56:19,14.54,0.0,8,11633,卖盘
748,10:56:28,14.54,0.0,6,8724,卖盘
749,10:56:33,14.54,0.0,10,14545,卖盘
750,10:56:36,14.55,0.01,1,1455,买盘
751,10:56:49,14.54,-0.01,5,7270,卖盘
752,10:57:01,14.54,0.0,1,1454,卖盘
753,10:57:06,14.54,0.0,50,72700,卖盘
754,10:57:09,14.55,0.01,41,59655,买盘
755,10:57:22,14.55,0.0,1,1455,买盘
756,10:57:40,14.55,0.0,11,16000,买盘
757,10:57:43,14.55,0.0,1,1455,买盘
758,10:57:52,14.54,-0.01,1,1454,卖盘
759,10:58:13,14.55,0.01,5,7464,买盘
760,10:58:34,14.55,0.0,9,12906,卖盘
761,10:58:37,14.55,0.0,1,1455,买盘
762,10:59:00,14.57,0.02,4,5825,买盘
763,10:59:07,14.56,-0.01,10,14560,卖盘
764,10:59:13,14.56,0.0,1,1456,卖盘
765,10:59:21,14.56,0.0,29,42224,卖盘
766,10:59:31,14.55,-0.01,9,13095,卖盘
767,10:59:34,14.55,0.0,103,149868,卖盘
768,10:59:36,14.54,-0.01,9,12905,买盘
769,10:59:40,14.56,0.02,1,1454,卖盘
770,10:59:51,14.51,-0.05,7,10161,卖盘
771,11:00:01,14.53,0.02,1,1453,卖盘
772,11:00:04,14.51,-0.02,1,1451,卖盘
773,11:00:07,14.51,0.0,7,10157,卖盘
774,11:00:10,14.53,0.02,1,1453,买盘
775,11:00:13,14.51,-0.02,1,1451,卖盘
776,11:00:15,14.5,-0.01,5,7252,卖盘
777,11:00:18,14.52,0.02,3,4356,买盘
778,11:00:22,14.52,0.0,2,2904,买盘
779,11:00:25,14.52,0.0,1,1452,买盘
780,11:00:31,14.53,0.01,2,2905,买盘
781,11:00:43,14.53,0.0,1,1453,买盘
782,11:01:15,14.5,-0.03,32,46400,卖盘
783,11:01:31,14.47,-0.03,9,13023,卖盘
784,11:01:37,14.47,0.0,10,14470,卖盘
785,11:01:43,14.47,0.0,27,39069,卖盘
786,11:01:45,14.49,0.02,1,1449,买盘
787,11:01:58,14.47,-0.02,3,4341,卖盘
788,11:02:24,14.47,0.0,1,1447,卖盘
789,11:02:34,14.47,0.0,25,36175,卖盘
790,11:02:37,14.47,0.0,7,10129,买盘
791,11:02:46,14.46,-0.01,4,5784,卖盘
792,11:02:49,14.46,0.0,6,8677,卖盘
793,11:02:55,14.45,-0.01,1,1445,卖盘
794,11:03:07,14.45,0.0,2,2890,卖盘
795,11:03:10,14.46,0.01,4,5784,买盘
796,11:03:22,14.46,0.0,19,27474,买盘
797,11:03:25,14.46,0.0,24,34704,买盘
798,11:03:28,14.46,0.0,5,7230,买盘
799,11:03:31,14.46,0.0,5,7230,买盘
800,11:03:34,14.46,0.0,4,5784,买盘
801,11:03:37,14.46,0.0,3,4338,买盘
802,11:03:40,14.46,0.0,11,15906,买盘
803,11:03:43,14.46,0.0,25,36130,买盘
804,11:03:52,14.46,0.0,1,1446,买盘
805,11:03:58,14.45,-0.01,4,5780,卖盘
806,11:04:00,14.45,0.0,18,25986,买盘
807,11:04:04,14.44,-0.01,9,12996,买盘
808,11:04:07,14.44,0.0,16,23107,卖盘
809,11:04:16,14.46,0.02,54,78084,买盘
810,11:04:22,14.47,0.01,6,8682,买盘
811,11:04:25,14.47,0.0,4,5788,买盘
812,11:04:28,14.47,0.0,2,2894,买盘
813,11:04:48,14.45,-0.02,6,8675,卖盘
814,11:04:51,14.47,0.02,10,14470,买盘
815,11:04:58,14.45,-0.02,1,1445,卖盘
816,11:05:01,14.46,0.01,1,1446,中性盘
817,11:05:07,14.46,0.0,10,14461,卖盘
818,11:05:09,14.46,0.0,6,8676,卖盘
819,11:05:12,14.46,0.0,6,8676,卖盘
820,11:05:15,14.46,0.0,3,4338,卖盘
821,11:05:18,14.46,0.0,14,20244,卖盘
822,11:05:22,14.44,-0.02,16,23128,卖盘
823,11:05:25,14.44,0.0,12,17328,卖盘
824,11:05:27,14.42,-0.02,3,4328,卖盘
825,11:05:31,14.42,0.0,8,11536,卖盘
826,11:05:34,14.42,0.0,7,10094,卖盘
827,11:05:37,14.42,0.0,2,2884,卖盘
828,11:05:40,14.41,-0.01,3,4323,卖盘
829,11:05:43,14.41,0.0,3,4323,卖盘
830,11:05:46,14.41,0.0,4,5764,卖盘
831,11:05:49,14.41,0.0,4,5764,卖盘
832,11:05:52,14.41,0.0,3,4323,卖盘
833,11:05:58,14.38,-0.03,19,27323,卖盘
834,11:06:06,14.42,0.04,3,4323,买盘
835,11:06:10,14.39,-0.03,2,2881,卖盘
836,11:06:16,14.39,0.0,21,30196,买盘
837,11:06:25,14.4,0.01,3,4320,买盘
838,11:06:34,14.4,0.0,5,7200,卖盘
839,11:06:37,14.39,-0.01,14,20128,中性盘
840,11:06:46,14.42,0.03,28,40306,买盘
841,11:06:52,14.37,-0.05,12,17254,卖盘
842,11:06:58,14.37,0.0,71,102027,卖盘
843,11:07:04,14.41,0.04,1,1441,买盘
844,11:07:13,14.37,-0.04,13,18685,卖盘
845,11:07:16,14.41,0.04,3,4323,买盘
846,11:07:27,14.4,-0.01,90,129600,买盘
847,11:07:31,14.41,0.01,18,25938,买盘
848,11:07:36,14.41,0.0,1,1441,卖盘
849,11:07:40,14.42,0.01,1,1442,买盘
850,11:07:46,14.43,0.02,1,1443,买盘
851,11:07:55,14.42,-0.01,1,1442,卖盘
852,11:08:16,14.42,0.0,23,33166,买盘
853,11:08:18,14.43,0.01,9,12987,买盘
854,11:08:22,14.43,0.0,4,5772,买盘
855,11:08:34,14.43,0.0,7,10101,买盘
856,11:08:37,14.44,0.01,4,5776,买盘
857,11:08:43,14.44,0.0,8,11552,买盘
858,11:09:12,14.44,0.0,1,1444,卖盘
859,11:09:18,14.44,0.0,8,11553,卖盘
860,11:09:24,14.44,0.0,1,1444,卖盘
861,11:09:28,14.45,0.01,14,20216,买盘
862,11:09:30,14.42,-0.03,5,7213,卖盘
863,11:09:33,14.41,-0.01,12,16723,卖盘
864,11:09:36,14.41,0.0,7,10087,卖盘
865,11:09:39,14.41,0.0,6,8646,卖盘
866,11:09:43,14.41,0.0,2,2882,卖盘
867,11:09:46,14.41,0.0,2,2882,卖盘
868,11:09:49,14.41,0.0,7,10663,卖盘
869,11:10:01,14.4,-0.01,1,1440,卖盘
870,11:10:19,14.4,0.0,1,1440,卖盘
871,11:10:22,14.41,0.01,1,1441,买盘
872,11:10:25,14.41,0.0,5,6629,买盘
873,11:10:27,14.42,0.01,1,1442,买盘
874,11:10:31,14.41,-0.01,16,23641,卖盘
875,11:10:34,14.38,-0.03,57,81497,卖盘
876,11:10:48,14.39,0.01,1,1439,卖盘
877,11:11:04,14.41,0.02,5,7205,买盘
878,11:11:06,14.41,0.0,3,4323,买盘
879,11:11:15,14.4,-0.01,10,14400,卖盘
880,11:11:18,14.41,0.01,3,4323,买盘
881,11:11:37,14.41,0.0,11,15851,买盘
882,11:11:40,14.41,0.0,6,8646,买盘
883,11:11:55,14.4,-0.01,10,14404,卖盘
884,11:12:00,14.43,0.03,1,1443,买盘
885,11:12:04,14.43,0.0,6,8656,买盘
886,11:12:07,14.42,-0.01,2,2884,中性盘
887,11:12:25,14.45,0.03,13,18785,买盘
888,11:12:40,14.43,-0.02,3,4331,卖盘
889,11:12:43,14.43,0.0,4,5772,卖盘
890,11:12:45,14.42,-0.01,1,1442,卖盘
891,11:12:48,14.4,-0.02,13,18723,卖盘
892,11:12:51,14.4,0.0,2,2881,卖盘
893,11:12:55,14.41,0.01,1,1441,卖盘
894,11:13:07,14.41,0.0,1,1441,卖盘
895,11:13:43,14.45,0.04,1,1445,买盘
896,11:14:01,14.41,-0.04,4,5776,卖盘
897,11:14:04,14.41,0.0,3,4323,卖盘
898,11:14:18,14.41,0.0,12,17292,卖盘
899,11:14:34,14.41,0.0,3,4323,卖盘
900,11:14:40,14.41,0.0,2,2882,卖盘
901,11:14:46,14.45,0.04,8,11532,买盘
902,11:14:52,14.41,-0.04,15,21651,卖盘
903,11:15:07,14.41,0.0,3,4323,卖盘
904,11:15:16,14.43,0.02,4,5768,卖盘
905,11:15:18,14.43,0.0,1,1443,卖盘
906,11:15:21,14.43,0.0,1,1443,卖盘
907,11:15:25,14.41,-0.02,16,23086,卖盘
908,11:15:31,14.41,0.0,1,1441,卖盘
909,11:15:34,14.41,0.0,4,5764,卖盘
910,11:15:36,14.41,0.0,1,1441,卖盘
911,11:15:40,14.41,0.0,2,2882,卖盘
912,11:15:43,14.41,0.0,3,4323,卖盘
913,11:15:46,14.41,0.0,2,2882,卖盘
914,11:15:49,14.43,0.02,1,1443,买盘
915,11:15:54,14.4,-0.03,1,1440,卖盘
916,11:16:04,14.4,0.0,10,14400,卖盘
917,11:16:10,14.4,0.0,1,1440,卖盘
918,11:16:46,14.4,0.0,5,7200,卖盘
919,11:16:52,14.43,0.03,1,1443,买盘
920,11:17:00,14.41,-0.02,1,1441,卖盘
921,11:17:25,14.43,0.02,1,1443,买盘
922,11:17:30,14.41,-0.02,13,18733,卖盘
923,11:17:40,14.41,0.0,9,12969,卖盘
924,11:17:48,14.41,0.0,5,7205,卖盘
925,11:17:52,14.41,0.0,1,1441,卖盘
926,11:17:57,14.41,0.0,9,12969,卖盘
927,11:18:00,14.41,0.0,3,4323,卖盘
928,11:18:03,14.41,0.0,1,1441,卖盘
929,11:18:07,14.41,0.0,4,5766,卖盘
930,11:18:10,14.41,0.0,7,10087,卖盘
931,11:18:13,14.41,0.0,1,1441,卖盘
932,11:18:16,14.4,-0.01,20,28819,卖盘
933,11:18:21,14.4,0.0,1,1440,卖盘
934,11:18:31,14.4,0.0,1,1440,卖盘
935,11:18:34,14.4,0.0,33,47520,卖盘
936,11:18:40,14.39,-0.01,13,18707,卖盘
937,11:18:54,14.37,-0.02,5,7187,卖盘
938,11:19:01,14.38,0.01,1,1438,买盘
939,11:19:10,14.4,0.02,1,1440,买盘
940,11:19:27,14.37,-0.03,10,14370,卖盘
941,11:19:37,14.37,0.0,8,11496,卖盘
942,11:19:40,14.37,0.0,2,3449,卖盘
943,11:19:42,14.36,-0.01,1,1436,卖盘
944,11:19:48,14.36,0.0,1,1436,卖盘
945,11:19:51,14.36,0.0,1,1436,卖盘
946,11:19:55,14.36,0.0,12,17232,卖盘
947,11:19:58,14.35,-0.01,1,1435,卖盘
948,11:20:01,14.35,0.0,14,20090,卖盘
949,11:20:10,14.35,0.0,1,1435,卖盘
950,11:20:13,14.35,0.0,40,57401,卖盘
951,11:20:19,14.34,-0.01,11,15784,卖盘
952,11:20:22,14.34,0.0,1,1434,卖盘
953,11:20:34,14.34,0.0,11,15774,卖盘
954,11:20:37,14.34,0.0,1,1434,卖盘
955,11:20:40,14.34,0.0,2,2868,卖盘
956,11:20:46,14.3,-0.04,150,214791,卖盘
957,11:20:48,14.35,0.05,1,1435,买盘
958,11:20:55,14.34,-0.01,67,96079,买盘
959,11:20:58,14.3,-0.04,130,185980,卖盘
960,11:21:07,14.31,0.01,4,5724,卖盘
961,11:21:13,14.34,0.03,5,7170,买盘
962,11:21:16,14.34,0.0,1,1434,买盘
963,11:21:22,14.33,-0.01,6,8598,买盘
964,11:21:28,14.34,0.01,28,40152,买盘
965,11:21:31,14.35,0.01,2,2870,买盘
966,11:21:34,14.32,-0.03,2,2864,卖盘
967,11:21:40,14.33,0.01,15,21511,中性盘
968,11:21:43,14.35,0.02,30,43050,买盘
969,11:21:48,14.37,0.02,10,14370,买盘
970,11:21:55,14.37,0.0,2,2874,卖盘
971,11:22:10,14.37,0.0,2,2874,卖盘
972,11:22:19,14.4,0.03,1,1440,买盘
973,11:22:22,14.4,0.0,5,7200,买盘
974,11:22:28,14.37,-0.03,2,2874,卖盘
975,11:22:40,14.37,0.0,2,2874,卖盘
976,11:23:04,14.38,0.01,2,2876,卖盘
977,11:23:07,14.38,0.0,4,5752,卖盘
978,11:23:16,14.38,0.0,7,10066,卖盘
979,11:23:22,14.4,0.02,1,1440,买盘
980,11:23:31,14.38,-0.02,2,2876,卖盘
981,11:23:39,14.4,0.02,69,99360,买盘
982,11:23:46,14.43,0.03,1,1443,买盘
983,11:23:52,14.43,0.0,1,1443,买盘
984,11:23:55,14.43,0.0,9,12987,买盘
985,11:24:04,14.42,-0.01,1,1442,卖盘
986,11:24:07,14.44,0.02,10,14440,买盘
987,11:24:10,14.43,-0.01,1,1443,中性盘
988,11:24:36,14.43,0.0,5,7216,卖盘
989,11:24:42,14.44,0.01,5,7220,买盘
990,11:24:51,14.43,-0.01,37,53391,卖盘
991,11:24:54,14.43,0.0,2,2886,卖盘
992,11:25:19,14.4,-0.03,85,122430,卖盘
993,11:25:22,14.4,0.0,2,2880,卖盘
994,11:25:36,14.4,0.0,7,10080,卖盘
995,11:25:39,14.44,0.04,1,1444,买盘
996,11:25:42,14.4,-0.04,2,2880,卖盘
997,11:25:54,14.4,0.0,1,1440,卖盘
998,11:26:06,14.43,0.03,1,1443,买盘
999,11:26:09,14.43,0.0,3,4329,买盘
1000,11:26:31,14.43,0.0,3,4329,买盘
1001,11:26:42,14.43,0.0,1,1443,买盘
1002,11:26:58,14.43,0.0,1,1443,买盘
1003,11:27:01,14.43,0.0,10,14424,买盘
1004,11:27:31,14.43,0.0,5,7215,买盘
1005,11:27:37,14.4,-0.03,1,1440,卖盘
1006,11:27:45,14.43,0.03,1,1443,买盘
1007,11:27:49,14.43,0.0,1,1443,买盘
1008,11:28:10,14.42,-0.01,1,1442,买盘
1009,11:28:13,14.4,-0.02,3,4320,卖盘
1010,11:28:21,14.43,0.03,8,11544,买盘
1011,11:28:31,14.43,0.0,3,4329,买盘
1012,11:28:34,14.36,-0.07,2,2879,卖盘
1013,11:28:48,14.41,0.05,1,1441,买盘
1014,11:29:07,14.4,-0.01,5,7200,中性盘
1015,11:29:12,14.39,-0.01,1,1439,中性盘
1016,11:29:15,14.38,-0.01,8,11504,卖盘
1017,11:29:22,14.38,0.0,28,40264,中性盘
1018,11:29:27,14.37,-0.01,15,21542,中性盘
1019,11:29:31,14.36,-0.01,15,21543,卖盘
1020,11:29:34,14.36,0.0,1,1436,卖盘
1021,11:29:45,14.38,0.02,1,1438,买盘
1022,11:29:51,14.39,0.01,128,183543,买盘
1023,11:29:54,14.33,-0.06,1,1433,卖盘
1024,13:00:04,14.33,0.0,123,176164,卖盘
1025,13:00:19,14.38,0.05,5,7178,买盘
1026,13:00:21,14.34,-0.04,1,1434,中性盘
1027,13:00:24,14.34,0.0,1,1434,卖盘
1028,13:00:27,14.34,0.0,9,12906,卖盘
1029,13:00:31,14.33,-0.01,21,30101,卖盘
1030,13:00:33,14.33,0.0,105,150477,卖盘
1031,13:00:43,14.33,0.0,2,2866,中性盘
1032,13:00:54,14.34,0.01,3,4302,卖盘
1033,13:01:04,14.38,0.04,1,1438,买盘
1034,13:01:07,14.38,0.0,3,4306,买盘
1035,13:01:24,14.35,-0.03,3,4305,卖盘
1036,13:01:48,14.35,0.0,3,4305,卖盘
1037,13:01:51,14.35,0.0,1,1435,卖盘
1038,13:01:57,14.35,0.0,3,4305,卖盘
1039,13:02:07,14.37,0.02,1,1437,买盘
1040,13:02:24,14.37,0.0,3,4311,买盘
1041,13:02:30,14.36,-0.01,3,4308,卖盘
1042,13:02:33,14.36,0.0,3,4308,买盘
1043,13:03:00,14.36,0.0,3,4308,卖盘
1044,13:03:12,14.37,0.01,14,20105,买盘
1045,13:03:25,14.36,-0.01,1,1436,卖盘
1046,13:03:37,14.36,0.0,25,35900,卖盘
1047,13:03:42,14.36,0.0,2,2872,卖盘
1048,13:03:48,14.33,-0.03,12,17196,卖盘
1049,13:03:54,14.36,0.03,2,2872,买盘
1050,13:04:12,14.36,0.0,1,1436,买盘
1051,13:04:57,14.35,-0.01,4,5740,卖盘
1052,13:05:00,14.36,0.01,16,22976,买盘
1053,13:05:10,14.35,-0.01,1,1435,卖盘
1054,13:05:18,14.36,0.01,1,1436,买盘
1055,13:05:22,14.36,0.0,11,15795,买盘
1056,13:05:24,14.36,0.0,2,2872,买盘
1057,13:05:27,14.36,0.0,1,1436,买盘
1058,13:05:40,14.35,-0.01,1,1435,卖盘
1059,13:05:43,14.36,0.01,6,8614,买盘
1060,13:05:45,14.36,0.0,2,2872,卖盘
1061,13:05:48,14.36,0.0,35,50260,买盘
1062,13:05:51,14.36,0.0,1,1436,卖盘
1063,13:06:00,14.35,-0.01,1,1435,卖盘
1064,13:06:09,14.35,0.0,18,25830,卖盘
1065,13:06:12,14.35,0.0,3,4305,卖盘
1066,13:06:15,14.35,0.0,2,2870,买盘
1067,13:06:19,14.35,0.0,6,8610,卖盘
1068,13:06:25,14.33,-0.02,13,18631,卖盘
1069,13:06:28,14.32,-0.01,17,24347,卖盘
1070,13:06:31,14.32,0.0,5,7160,卖盘
1071,13:06:34,14.32,0.0,1,1432,卖盘
1072,13:06:40,14.32,0.0,7,10024,卖盘
1073,13:06:43,14.32,0.0,4,5728,卖盘
1074,13:06:49,14.32,0.0,1,1432,卖盘
1075,13:06:52,14.32,0.0,2,2864,卖盘
1076,13:06:55,14.32,0.0,9,12889,卖盘
1077,13:07:01,14.32,0.0,23,32936,卖盘
1078,13:07:22,14.31,-0.01,4,5727,卖盘
1079,13:07:30,14.32,0.01,2,2865,卖盘
1080,13:07:37,14.33,0.01,3,4299,买盘
1081,13:07:43,14.33,0.0,5,7165,卖盘
1082,13:07:54,14.33,0.0,1,1433,卖盘
1083,13:08:07,14.34,0.01,8,11472,买盘
1084,13:08:10,14.35,0.01,1,1435,买盘
1085,13:08:12,14.34,-0.01,1,1434,卖盘
1086,13:08:28,14.35,0.01,2,2869,买盘
1087,13:08:31,14.34,-0.01,1,1434,卖盘
1088,13:08:37,14.35,0.01,1,1435,买盘
1089,13:08:49,14.35,0.0,6,8610,买盘
1090,13:08:51,14.35,0.0,2,2870,买盘
1091,13:09:13,14.36,0.01,6,8616,买盘
1092,13:09:15,14.36,0.0,1,1436,买盘
1093,13:09:25,14.36,0.0,4,5744,卖盘
1094,13:09:33,14.37,0.01,1,1437,买盘
1095,13:10:04,14.36,-0.01,1,1436,卖盘
1096,13:10:07,14.37,0.01,11,15807,买盘
1097,13:10:10,14.37,0.0,1,1437,买盘
1098,13:10:12,14.37,0.0,1,1437,卖盘
1099,13:10:31,14.38,0.01,6,8628,买盘
1100,13:10:34,14.38,0.0,2,2876,买盘
1101,13:10:37,14.38,0.0,7,10066,买盘
1102,13:10:40,14.38,0.0,3,4314,买盘
1103,13:10:43,14.38,0.0,6,8628,买盘
1104,13:10:46,14.37,-0.01,5,7189,卖盘
1105,13:10:55,14.37,0.0,1,1437,卖盘
1106,13:10:57,14.41,0.04,37,53268,买盘
1107,13:11:04,14.38,-0.03,2,2876,卖盘
1108,13:11:07,14.38,0.0,17,24446,买盘
1109,13:11:10,14.37,-0.01,4,5750,卖盘
1110,13:11:12,14.37,0.0,22,31622,卖盘
1111,13:11:15,14.38,0.01,3,4314,买盘
1112,13:11:25,14.37,-0.01,7,10060,卖盘
1113,13:11:37,14.39,0.02,2,2878,卖盘
1114,13:11:40,14.39,0.0,1,1439,买盘
1115,13:11:43,14.38,-0.01,4,5753,卖盘
1116,13:11:46,14.38,0.0,17,24446,卖盘
1117,13:12:06,14.39,0.01,6,8632,买盘
1118,13:12:45,14.4,0.01,1,1440,买盘
1119,13:12:48,14.37,-0.03,12,17244,卖盘
1120,13:13:12,14.37,0.0,2,2874,卖盘
1121,13:13:16,14.37,0.0,12,17244,卖盘
1122,13:13:24,14.37,0.0,9,12933,卖盘
1123,13:13:51,14.37,0.0,1,1437,买盘
1124,13:14:12,14.36,-0.01,8,11488,卖盘
1125,13:14:16,14.37,0.01,13,18658,买盘
1126,13:14:28,14.36,-0.01,3,4308,卖盘
1127,13:14:55,14.36,0.0,5,7180,卖盘
1128,13:14:58,14.37,0.01,1,1437,买盘
1129,13:15:04,14.33,-0.04,82,117605,卖盘
1130,13:15:15,14.37,0.04,6,8622,买盘
1131,13:15:18,14.37,0.0,4,5748,卖盘
1132,13:15:55,14.35,-0.02,2,2870,买盘
1133,13:16:09,14.34,-0.01,1,1434,卖盘
1134,13:16:34,14.34,0.0,9,12906,卖盘
1135,13:16:55,14.35,0.01,1,1435,买盘
1136,13:17:01,14.35,0.0,1,1435,买盘
1137,13:17:04,14.35,0.0,20,28700,买盘
1138,13:17:07,14.35,0.0,18,25830,买盘
1139,13:17:09,14.37,0.02,2,2874,买盘
1140,13:17:13,14.37,0.0,2,2874,中性盘
1141,13:17:18,14.37,0.0,2,2874,买盘
1142,13:17:54,14.37,0.0,2,2874,买盘
1143,13:17:58,14.37,0.0,2,2874,买盘
1144,13:18:01,14.38,0.01,39,56050,买盘
1145,13:18:04,14.38,0.0,2,2876,买盘
1146,13:18:06,14.39,0.01,1,1439,买盘
1147,13:18:12,14.39,0.0,5,7195,卖盘
1148,13:18:54,14.4,0.01,1,1440,买盘
1149,13:19:13,14.4,0.0,1,1440,买盘
1150,13:19:55,14.4,0.0,1,1440,买盘
1151,13:20:10,14.39,-0.01,1,1439,买盘
1152,13:20:48,14.39,0.0,37,53243,买盘
1153,13:20:55,14.39,0.0,1,1439,买盘
1154,13:21:04,14.4,0.01,36,51839,买盘
1155,13:21:16,14.4,0.0,2,2880,买盘
1156,13:21:52,14.4,0.0,2,2880,买盘
1157,13:21:55,14.4,0.0,1,1440,买盘
1158,13:21:57,14.4,0.0,20,28800,买盘
1159,13:22:00,14.4,0.0,24,34560,买盘
1160,13:22:04,14.4,0.0,14,20160,买盘
1161,13:22:06,14.4,0.0,15,21600,买盘
1162,13:22:09,14.4,0.0,30,43200,买盘
1163,13:22:22,14.41,0.01,1,1441,买盘
1164,13:22:33,14.41,0.0,1,1441,买盘
1165,13:22:49,14.4,-0.01,24,34560,卖盘
1166,13:22:55,14.4,0.0,2,2880,买盘
1167,13:23:10,14.4,0.0,1,1440,中性盘
1168,13:23:27,14.4,0.0,29,41761,卖盘
1169,13:23:49,14.39,-0.01,8,11512,卖盘
1170,13:23:55,14.41,0.02,6,8641,买盘
1171,13:23:58,14.4,-0.01,11,15842,卖盘
1172,13:24:01,14.41,0.01,23,33127,买盘
1173,13:24:04,14.41,0.0,30,43230,买盘
1174,13:24:06,14.41,0.0,29,41789,买盘
1175,13:24:09,14.41,0.0,6,8646,买盘
1176,13:24:13,14.41,0.0,32,46090,买盘
1177,13:24:15,14.41,0.0,4,5764,买盘
1178,13:24:18,14.41,0.0,2,2882,买盘
1179,13:24:28,14.44,0.03,1,1444,买盘
1180,13:24:37,14.45,0.01,74,106813,买盘
1181,13:24:51,14.44,-0.01,2,2888,买盘
1182,13:24:55,14.44,0.0,1,1444,买盘
1183,13:25:04,14.45,0.01,7,10111,买盘
1184,13:25:13,14.46,0.01,8,11561,买盘
1185,13:25:28,14.46,0.0,7,10122,买盘
1186,13:25:34,14.46,0.0,1,1446,买盘
1187,13:25:37,14.48,0.02,8,11582,买盘
1188,13:25:51,14.48,0.0,6,8688,买盘
1189,13:25:55,14.48,0.0,1,1448,买盘
1190,13:26:13,14.48,0.0,17,24622,买盘
1191,13:26:16,14.48,0.0,7,10136,中性盘
1192,13:26:28,14.49,0.01,6,8692,买盘
1193,13:26:34,14.5,0.01,17,24616,买盘
1194,13:26:36,14.45,-0.05,2,2890,卖盘
1195,13:26:39,14.5,0.05,2,2895,买盘
1196,13:26:48,14.5,0.0,7,10150,买盘
1197,13:26:51,14.5,0.0,3,4349,买盘
1198,13:26:55,14.5,0.0,1,1450,买盘
1199,13:27:04,14.5,0.0,9,13050,买盘
1200,13:27:07,14.45,-0.05,1,1445,卖盘
1201,13:27:22,14.5,0.05,24,34800,买盘
1202,13:27:36,14.49,-0.01,3,4347,买盘
1203,13:27:46,14.49,0.0,6,8694,买盘
1204,13:27:52,14.49,0.0,6,8694,买盘
1205,13:27:54,14.49,0.0,1,1449,买盘
1206,13:28:04,14.46,-0.03,1,1446,卖盘
1207,13:28:16,14.46,0.0,1,1446,卖盘
1208,13:28:43,14.49,0.03,1,1449,买盘
1209,13:28:55,14.49,0.0,1,1449,买盘
1210,13:29:13,14.49,0.0,7,10143,买盘
1211,13:29:19,14.5,0.01,7,10147,买盘
1212,13:29:28,14.5,0.0,9,13050,买盘
1213,13:29:33,14.5,0.0,5,7250,买盘
1214,13:29:49,14.5,0.0,1,1450,买盘
1215,13:30:28,14.48,-0.02,1,1448,卖盘
1216,13:30:31,14.48,0.0,18,26064,卖盘
1217,13:30:36,14.5,0.02,12,17389,买盘
1218,13:30:46,14.5,0.0,6,8700,买盘
1219,13:30:54,14.5,0.0,1,1450,买盘
1220,13:30:57,14.5,0.0,4,5800,买盘
1221,13:31:06,14.46,-0.04,1,1446,卖盘
1222,13:31:13,14.45,-0.01,50,72276,卖盘
1223,13:31:19,14.5,0.05,20,28990,买盘
1224,13:31:37,14.49,-0.01,6,8693,买盘
1225,13:31:51,14.49,0.0,1,1449,买盘
1226,13:31:54,14.49,0.0,1,1449,买盘
1227,13:32:19,14.49,0.0,4,5796,买盘
1228,13:32:21,14.47,-0.02,1,1447,卖盘
1229,13:32:25,14.47,0.0,2,2895,卖盘
1230,13:32:45,14.49,0.02,8,11592,买盘
1231,13:32:55,14.47,-0.02,6,8682,卖盘
1232,13:32:58,14.49,0.02,8,11592,买盘
1233,13:33:19,14.49,0.0,5,7245,买盘
1234,13:33:21,14.47,-0.02,5,7235,卖盘
1235,13:33:31,14.47,0.0,1,1447,买盘
1236,13:33:49,14.46,-0.01,3,4338,买盘
1237,13:33:57,14.45,-0.01,6,8670,卖盘
1238,13:34:04,14.47,0.02,8,11573,买盘
1239,13:34:12,14.47,0.0,1,1447,买盘
1240,13:35:00,14.47,0.0,7,10129,买盘
1241,13:35:09,14.47,0.0,1,1447,买盘
1242,13:35:24,14.46,-0.01,5,7230,卖盘
1243,13:35:27,14.47,0.01,5,7235,买盘
1244,13:35:43,14.46,-0.01,7,10122,卖盘
1245,13:35:48,14.47,0.01,7,10126,买盘
1246,13:35:58,14.46,-0.01,6,8676,买盘
1247,13:36:10,14.46,0.0,1,1446,买盘
1248,13:36:16,14.46,0.0,3,4338,买盘
1249,13:36:18,14.46,0.0,5,7230,买盘
1250,13:36:21,14.46,0.0,9,13014,买盘
1251,13:36:24,14.46,0.0,26,37596,买盘
1252,13:36:37,14.47,0.01,14,20258,买盘
1253,13:36:39,14.47,0.0,18,26046,买盘
1254,13:36:42,14.47,0.0,4,5788,卖盘
1255,13:36:45,14.46,-0.01,5,7230,卖盘
1256,13:36:48,14.46,0.0,5,7230,买盘
1257,13:36:51,14.46,0.0,17,24581,买盘
1258,13:36:58,14.45,-0.01,5,7225,卖盘
1259,13:37:01,14.45,0.0,4,5780,卖盘
1260,13:37:04,14.45,0.0,24,34690,卖盘
1261,13:37:06,14.44,-0.01,4,5776,卖盘
1262,13:37:10,14.43,-0.01,23,33210,卖盘
1263,13:37:15,14.44,0.01,2,2887,买盘
1264,13:37:19,14.44,0.0,20,28880,买盘
1265,13:37:34,14.43,-0.01,13,18779,卖盘
1266,13:37:39,14.43,0.0,1,1443,买盘
1267,13:37:55,14.42,-0.01,50,72100,卖盘
1268,13:38:04,14.45,0.03,27,38991,买盘
1269,13:38:07,14.43,-0.02,3,4329,卖盘
1270,13:38:22,14.43,0.0,6,8658,买盘
1271,13:38:43,14.43,0.0,3,4329,买盘
1272,13:38:46,14.43,0.0,5,7215,买盘
1273,13:38:49,14.43,0.0,1,1443,买盘
1274,13:38:51,14.45,0.02,6,8668,买盘
1275,13:39:15,14.45,0.0,14,20230,买盘
1276,13:39:19,14.45,0.0,1,1445,买盘
1277,13:39:22,14.45,0.0,6,8670,买盘
1278,13:39:39,14.45,0.0,1,1445,买盘
1279,13:39:46,14.45,0.0,3,4334,买盘
1280,13:39:49,14.45,0.0,1,1445,卖盘
1281,13:39:52,14.45,0.0,5,7225,买盘
1282,13:40:15,14.45,0.0,1,1445,买盘
1283,13:40:25,14.46,0.01,1,1446,买盘
1284,13:40:42,14.46,0.0,6,8676,买盘
1285,13:40:45,14.46,0.0,2,2892,买盘
1286,13:40:48,14.46,0.0,6,8676,买盘
1287,13:40:52,14.46,0.0,9,13014,买盘
1288,13:40:55,14.46,0.0,2,2892,买盘
1289,13:41:18,14.45,-0.01,4,5780,卖盘
1290,13:41:21,14.45,0.0,3,4335,卖盘
1291,13:41:25,14.44,-0.01,1,1444,卖盘
1292,13:41:28,14.46,0.02,15,21667,买盘
1293,13:41:31,14.45,-0.01,1,1445,中性盘
1294,13:41:42,14.45,0.0,8,11560,中性盘
1295,13:41:58,14.44,-0.01,3,4332,卖盘
1296,13:42:07,14.45,0.01,4,5780,买盘
1297,13:42:13,14.45,0.0,4,5780,买盘
1298,13:42:36,14.44,-0.01,1,1444,中性盘
1299,13:42:39,14.43,-0.01,2,2886,卖盘
1300,13:42:42,14.43,0.0,2,2886,卖盘
1301,13:42:45,14.43,0.0,1,1443,买盘
1302,13:42:55,14.44,0.01,1,1444,买盘
1303,13:43:12,14.41,-0.03,11,15857,卖盘
1304,13:43:30,14.41,0.0,4,5764,卖盘
1305,13:43:33,14.41,0.0,3,4323,买盘
1306,13:44:15,14.41,0.0,6,8646,卖盘
1307,13:44:25,14.41,0.0,3,4323,卖盘
1308,13:44:30,14.43,0.02,3,4329,买盘
1309,13:44:39,14.41,-0.02,2,2882,卖盘
1310,13:44:42,14.43,0.02,1,1443,买盘
1311,13:44:48,14.41,-0.02,12,17292,卖盘
1312,13:44:51,14.41,0.0,2,2882,卖盘
1313,13:45:07,14.41,0.0,2,2882,卖盘
1314,13:45:10,14.43,0.02,28,40380,买盘
1315,13:45:22,14.42,-0.01,2,2884,买盘
1316,13:45:42,14.42,0.0,2,2884,买盘
1317,13:45:45,14.42,0.0,1,1442,买盘
1318,13:45:58,14.41,-0.01,12,17292,卖盘
1319,13:46:01,14.41,0.0,2,2882,卖盘
1320,13:46:04,14.41,0.0,1,1441,卖盘
1321,13:46:07,14.4,-0.01,8,11525,卖盘
1322,13:46:09,14.41,0.01,1,1441,买盘
1323,13:46:16,14.4,-0.01,12,17280,卖盘
1324,13:46:27,14.4,0.0,1,1440,卖盘
1325,13:46:30,14.4,0.0,2,2880,卖盘
1326,13:46:33,14.4,0.0,1,1440,卖盘
1327,13:46:37,14.4,0.0,4,5760,卖盘
1328,13:46:40,14.4,0.0,13,18720,卖盘
1329,13:46:43,14.4,0.0,32,46083,卖盘
1330,13:46:46,14.4,0.0,9,12960,卖盘
1331,13:46:49,14.4,0.0,2,2880,卖盘
1332,13:46:52,14.41,0.01,2,2881,买盘
1333,13:47:07,14.4,-0.01,3,4320,卖盘
1334,13:47:15,14.4,0.0,5,7200,卖盘
1335,13:47:49,14.4,0.0,10,14400,卖盘
1336,13:47:52,14.41,0.01,1,1441,买盘
1337,13:48:01,14.41,0.0,2,2882,买盘
1338,13:48:25,14.42,0.01,12,17293,买盘
1339,13:48:34,14.41,-0.01,3,4323,卖盘
1340,13:48:52,14.41,0.0,1,1441,卖盘
1341,13:48:54,14.42,0.01,8,11536,买盘
1342,13:48:58,14.42,0.0,1,1442,买盘
1343,13:49:07,14.43,0.01,7,10097,买盘
1344,13:49:09,14.42,-0.01,5,7210,买盘
1345,13:49:13,14.42,0.0,4,5768,买盘
1346,13:49:22,14.41,-0.01,16,23077,卖盘
1347,13:49:25,14.44,0.03,5,7220,买盘
1348,13:49:31,14.41,-0.03,15,21628,卖盘
1349,13:49:45,14.46,0.05,7,10119,买盘
1350,13:49:49,14.45,-0.01,1,1445,卖盘
1351,13:49:54,14.45,0.0,18,26010,买盘
1352,13:50:04,14.45,0.0,1,1445,买盘
1353,13:50:16,14.45,0.0,5,7222,买盘
1354,13:50:19,14.45,0.0,3,4335,买盘
1355,13:50:24,14.46,0.01,8,11566,买盘
1356,13:50:51,14.46,0.0,6,8673,买盘
1357,13:50:54,14.47,0.01,13,18805,买盘
1358,13:51:09,14.48,0.01,39,56435,买盘
1359,13:51:15,14.45,-0.03,2,2890,买盘
1360,13:51:18,14.45,0.0,3,4335,买盘
1361,13:51:31,14.46,0.01,1,1446,买盘
1362,13:51:45,14.44,-0.02,3,4332,卖盘
1363,13:52:07,14.44,0.0,20,28880,买盘
1364,13:52:24,14.46,0.02,28,40434,买盘
1365,13:52:42,14.46,0.0,1,1446,买盘
1366,13:53:12,14.45,-0.01,1,1445,买盘
1367,13:54:10,14.42,-0.03,6,8655,卖盘
1368,13:54:19,14.44,0.02,1,1444,中性盘
1369,13:54:42,14.45,0.01,1,1445,买盘
1370,13:55:19,14.45,0.0,1,1445,买盘
1371,13:55:28,14.45,0.0,4,5780,买盘
1372,13:56:01,14.44,-0.01,4,5776,买盘
1373,13:56:25,14.44,0.0,1,1444,买盘
1374,13:56:34,14.44,0.0,3,4332,买盘
1375,13:56:46,14.42,-0.02,4,5768,卖盘
1376,13:56:48,14.42,0.0,1,1442,买盘
1377,13:57:01,14.41,-0.01,13,18741,卖盘
1378,13:57:31,14.43,0.02,1,1443,买盘
1379,13:58:28,14.42,-0.01,1,1442,买盘
1380,13:58:36,14.42,0.0,1,1442,买盘
1381,13:58:45,14.41,-0.01,3,4323,卖盘
1382,13:59:04,14.41,0.0,1,1441,卖盘
1383,13:59:19,14.41,0.0,1,1441,卖盘
1384,13:59:27,14.42,0.01,1,1442,买盘
1385,13:59:33,14.42,0.0,272,390688,买盘
1386,13:59:49,14.4,-0.02,1,1440,买盘
1387,13:59:52,14.38,-0.02,1,1438,卖盘
1388,14:00:30,14.4,0.02,3,4320,卖盘
1389,14:00:34,14.4,0.0,2,2880,卖盘
1390,14:00:39,14.4,0.0,7,10081,卖盘
1391,14:00:43,14.4,0.0,3,4320,买盘
1392,14:01:33,14.42,0.02,15,21618,买盘
1393,14:01:37,14.42,0.0,43,62006,买盘
1394,14:01:40,14.43,0.01,27,38951,买盘
1395,14:01:42,14.44,0.01,55,79368,买盘
1396,14:01:45,14.44,0.0,7,10108,买盘
1397,14:01:49,14.45,0.01,51,73646,买盘
1398,14:01:52,14.45,0.0,42,60690,买盘
1399,14:01:54,14.45,0.0,10,14450,买盘
1400,14:01:57,14.46,0.01,21,30346,买盘
1401,14:02:04,14.46,0.0,6,8676,买盘
1402,14:02:19,14.48,0.02,5,7240,买盘
1403,14:02:22,14.45,-0.03,20,28930,卖盘
1404,14:02:51,14.47,0.02,1,1447,买盘
1405,14:02:54,14.47,0.0,2,2894,买盘
1406,14:03:00,14.46,-0.01,11,15906,买盘
1407,14:03:04,14.46,0.0,18,26028,买盘
1408,14:03:10,14.46,0.0,1,1446,买盘
1409,14:03:19,14.46,0.0,20,28920,买盘
1410,14:03:28,14.46,0.0,1,1446,买盘
1411,14:03:49,14.47,0.01,1,1447,买盘
1412,14:04:13,14.46,-0.01,4,5784,卖盘
1413,14:04:19,14.45,-0.01,7,10115,卖盘
1414,14:04:22,14.45,0.0,1,1445,卖盘
1415,14:04:34,14.45,0.0,4,5780,买盘
1416,14:04:55,14.45,0.0,1,1445,买盘
1417,14:05:04,14.45,0.0,4,5780,买盘
1418,14:05:07,14.43,-0.02,13,18759,卖盘
1419,14:05:16,14.43,0.0,2,2886,卖盘
1420,14:05:19,14.43,0.0,2,2886,买盘
1421,14:05:25,14.42,-0.01,1,1442,卖盘
1422,14:05:28,14.42,0.0,3,4326,卖盘
1423,14:05:31,14.43,0.01,1,1443,卖盘
1424,14:05:37,14.43,0.0,21,30303,卖盘
1425,14:05:40,14.47,0.04,2,2890,买盘
1426,14:05:43,14.43,-0.04,2,2886,卖盘
1427,14:05:46,14.45,0.02,4,5774,买盘
1428,14:05:49,14.42,-0.03,7,10096,卖盘
1429,14:05:52,14.42,0.0,14,20214,买盘
1430,14:05:55,14.44,0.02,6,8658,中性盘
1431,14:06:01,14.43,-0.01,1,1443,买盘
1432,14:06:04,14.43,0.0,9,12984,买盘
1433,14:06:07,14.42,-0.01,4,5768,卖盘
1434,14:06:10,14.42,0.0,15,21630,买盘
1435,14:06:12,14.42,0.0,2,2884,买盘
1436,14:06:16,14.42,0.0,4,5768,卖盘
1437,14:06:18,14.42,0.0,11,15862,卖盘
1438,14:06:25,14.42,0.0,7,10094,卖盘
1439,14:06:28,14.42,0.0,1,1442,卖盘
1440,14:06:37,14.46,0.04,5,7214,中性盘
1441,14:06:39,14.42,-0.04,1,1442,卖盘
1442,14:07:07,14.45,0.03,1,1445,买盘
1443,14:07:55,14.42,-0.03,1,1442,卖盘
1444,14:07:58,14.42,0.0,1,1442,卖盘
1445,14:08:06,14.43,0.01,1,1443,买盘
1446,14:08:09,14.43,0.0,2,2886,买盘
1447,14:08:13,14.43,0.0,1,1443,卖盘
1448,14:08:16,14.43,0.0,1,1443,卖盘
1449,14:08:19,14.43,0.0,2,2886,买盘
1450,14:08:24,14.43,0.0,4,5772,卖盘
1451,14:08:30,14.43,0.0,4,5772,买盘
1452,14:09:01,14.4,-0.03,27,38903,卖盘
1453,14:09:04,14.39,-0.01,7,10073,卖盘
1454,14:09:07,14.4,0.01,1,1440,买盘
1455,14:09:13,14.4,0.0,1,1440,买盘
1456,14:09:16,14.4,0.0,235,337450,买盘
1457,14:09:24,14.42,0.02,1,1442,买盘
1458,14:09:36,14.43,0.01,1,1443,买盘
1459,14:09:39,14.43,0.0,3,4329,买盘
1460,14:10:18,14.44,0.01,1,1444,买盘
1461,14:10:49,14.43,-0.01,1,1443,卖盘
1462,14:10:51,14.43,0.0,1,1443,卖盘
1463,14:11:16,14.44,0.01,1,1444,买盘
1464,14:11:33,14.44,0.0,1,1444,买盘
1465,14:11:52,14.44,0.0,1,1444,买盘
1466,14:12:21,14.44,0.0,1,1444,买盘
1467,14:12:27,14.44,0.0,3,4332,买盘
1468,14:12:40,14.43,-0.01,1,1443,卖盘
1469,14:13:28,14.44,0.01,1,1444,买盘
1470,14:13:30,14.43,-0.01,8,11545,卖盘
1471,14:13:43,14.43,0.0,2,2886,买盘
1472,14:13:46,14.43,0.0,7,10101,买盘
1473,14:13:48,14.43,0.0,3,4329,买盘
1474,14:14:31,14.44,0.01,1,1444,买盘
1475,14:14:34,14.44,0.0,3,4332,买盘
1476,14:14:39,14.45,0.01,2,2890,买盘
1477,14:14:42,14.44,-0.01,1,1444,卖盘
1478,14:14:45,14.43,-0.01,1,1443,卖盘
1479,14:15:10,14.43,0.0,1,1443,卖盘
1480,14:15:13,14.44,0.01,9,12995,买盘
1481,14:15:16,14.44,0.0,3,4332,卖盘
1482,14:15:34,14.44,0.0,2,2888,买盘
1483,14:15:37,14.44,0.0,8,11552,买盘
1484,14:15:52,14.43,-0.01,1,1443,卖盘
1485,14:15:55,14.44,0.01,2,2888,买盘
1486,14:15:58,14.44,0.0,4,5776,卖盘
1487,14:16:01,14.44,0.0,2,2888,买盘
1488,14:16:07,14.44,0.0,4,5776,买盘
1489,14:16:16,14.43,-0.01,4,5772,卖盘
1490,14:16:27,14.44,0.01,12,17328,买盘
1491,14:16:34,14.45,0.01,7,10111,买盘
1492,14:16:37,14.45,0.0,8,11560,买盘
1493,14:16:40,14.45,0.0,37,53465,买盘
1494,14:16:42,14.45,0.0,1,1445,买盘
1495,14:17:16,14.47,0.02,2,2894,买盘
1496,14:17:19,14.46,-0.01,7,10122,中性盘
1497,14:17:31,14.46,0.0,1,1446,买盘
1498,14:17:37,14.46,0.0,2,2892,买盘
1499,14:17:43,14.46,0.0,1,1446,买盘
1500,14:17:46,14.46,0.0,1,1446,买盘
1501,14:17:52,14.46,0.0,7,10122,买盘
1502,14:18:01,14.47,0.01,26,37622,买盘
1503,14:18:07,14.47,0.0,8,11576,买盘
1504,14:18:09,14.47,0.0,28,40516,买盘
1505,14:18:13,14.47,0.0,1,1447,买盘
1506,14:18:15,14.47,0.0,1,1447,买盘
1507,14:18:18,14.47,0.0,1,1447,买盘
1508,14:18:21,14.48,0.01,19,27512,买盘
1509,14:18:31,14.48,0.0,1,1448,买盘
1510,14:18:40,14.48,0.0,1,1448,买盘
1511,14:18:48,14.48,0.0,1,1448,买盘
1512,14:19:10,14.48,0.0,7,10136,买盘
1513,14:19:16,14.49,0.01,10,14490,买盘
1514,14:19:19,14.49,0.0,2,2898,买盘
1515,14:19:24,14.49,0.0,7,10143,买盘
1516,14:19:31,14.49,0.0,1,1449,买盘
1517,14:19:37,14.49,0.0,13,18837,买盘
1518,14:19:43,14.49,0.0,1,1449,买盘
1519,14:19:48,14.49,0.0,9,13041,买盘
1520,14:19:52,14.49,0.0,72,104264,买盘
1521,14:20:09,14.46,-0.03,14,20244,卖盘
1522,14:20:13,14.46,0.0,10,14442,买盘
1523,14:20:16,14.46,0.0,1,1446,买盘
1524,14:20:21,14.48,0.02,2,2895,买盘
1525,14:20:37,14.48,0.0,1,1448,买盘
1526,14:20:43,14.48,0.0,3,4342,买盘
1527,14:20:46,14.48,0.0,1,1448,买盘
1528,14:20:55,14.48,0.0,1,1448,买盘
1529,14:21:10,14.49,0.01,51,73878,买盘
1530,14:21:18,14.49,0.0,1,1449,买盘
1531,14:21:40,14.49,0.0,1,1449,买盘
1532,14:21:43,14.49,0.0,1,1449,买盘
1533,14:21:46,14.49,0.0,1,1449,买盘
1534,14:22:01,14.49,0.0,1,1449,买盘
1535,14:22:04,14.49,0.0,1,1449,买盘
1536,14:22:07,14.49,0.0,1,1449,买盘
1537,14:22:31,14.49,0.0,1,1449,买盘
1538,14:22:36,14.48,-0.01,1,1448,卖盘
1539,14:22:40,14.48,0.0,16,23168,卖盘
1540,14:22:49,14.49,0.01,2,2898,买盘
1541,14:22:52,14.48,-0.01,4,5793,卖盘
1542,14:22:57,14.48,0.0,1,1448,买盘
1543,14:23:10,14.44,-0.04,5,7224,卖盘
1544,14:23:13,14.44,0.0,6,8664,中性盘
1545,14:23:49,14.47,0.03,17,24599,买盘
1546,14:23:51,14.47,0.0,40,57880,买盘
1547,14:23:55,14.49,0.02,4,5794,买盘
1548,14:23:58,14.49,0.0,8,11592,买盘
1549,14:24:01,14.49,0.0,1,1449,买盘
1550,14:24:04,14.5,0.01,2,2900,买盘
1551,14:24:07,14.49,-0.01,20,28982,卖盘
1552,14:24:12,14.49,0.0,5,7244,买盘
1553,14:24:15,14.5,0.01,9,13048,买盘
1554,14:24:25,14.5,0.0,1,1450,买盘
1555,14:24:28,14.5,0.0,14,20300,买盘
1556,14:24:34,14.5,0.0,38,55100,买盘
1557,14:24:37,14.5,0.0,25,36250,买盘
1558,14:24:40,14.5,0.0,2,2900,买盘
1559,14:24:45,14.51,0.01,8,11607,买盘
1560,14:24:49,14.51,0.0,5,7255,买盘
1561,14:24:52,14.51,0.0,2,2902,买盘
1562,14:24:55,14.5,-0.01,14,20301,卖盘
1563,14:24:58,14.51,0.01,8,11607,买盘
1564,14:25:01,14.51,0.0,4,5804,买盘
1565,14:25:04,14.51,0.0,8,11608,买盘
1566,14:25:07,14.51,0.0,13,18863,买盘
1567,14:25:10,14.5,-0.01,17,24662,卖盘
1568,14:25:13,14.52,0.02,9,13063,买盘
1569,14:25:16,14.52,0.0,11,15972,买盘
1570,14:25:19,14.52,0.0,6,8712,买盘
1571,14:25:24,14.52,0.0,7,10164,买盘
1572,14:25:31,14.52,0.0,12,17424,买盘
1573,14:25:37,14.51,-0.01,21,30471,买盘
1574,14:25:42,14.51,0.0,1,1451,买盘
1575,14:25:55,14.51,0.0,6,8706,买盘
1576,14:26:01,14.51,0.0,1,1451,买盘
1577,14:26:04,14.51,0.0,5,7255,买盘
1578,14:26:13,14.51,0.0,5,7255,买盘
1579,14:26:16,14.51,0.0,1,1451,买盘
1580,14:26:18,14.52,0.01,1,1452,买盘
1581,14:26:31,14.52,0.0,1,1452,买盘
1582,14:26:33,14.52,0.0,10,14520,买盘
1583,14:26:36,14.52,0.0,1,1452,买盘
1584,14:26:40,14.51,-0.01,1,1451,中性盘
1585,14:26:46,14.52,0.01,2,2904,买盘
1586,14:26:55,14.51,-0.01,16,23216,中性盘
1587,14:27:01,14.51,0.0,2,2902,买盘
1588,14:27:10,14.51,0.0,1,1451,买盘
1589,14:27:16,14.5,-0.01,22,31901,卖盘
1590,14:27:19,14.5,0.0,1,1450,买盘
1591,14:27:51,14.5,0.0,1,1450,买盘
1592,14:28:10,14.5,0.0,2,2899,买盘
1593,14:28:19,14.5,0.0,1,1450,买盘
1594,14:28:22,14.5,0.0,2,2900,买盘
1595,14:28:34,14.5,0.0,1,1450,买盘
1596,14:28:43,14.5,0.0,40,58000,买盘
1597,14:28:54,14.49,-0.01,2,2899,卖盘
1598,14:28:58,14.5,0.01,9,13050,买盘
1599,14:29:12,14.5,0.0,1,1450,买盘
1600,14:29:21,14.5,0.0,1,1450,买盘
1601,14:29:24,14.49,-0.01,11,15939,卖盘
1602,14:29:28,14.5,0.01,2,2900,买盘
1603,14:29:43,14.5,0.0,2,2900,买盘
1604,14:30:00,14.49,-0.01,1,1449,卖盘
1605,14:30:13,14.5,0.01,11,15948,买盘
1606,14:30:16,14.5,0.0,3,4350,买盘
1607,14:30:31,14.5,0.0,4,5799,买盘
1608,14:30:40,14.49,-0.01,1,1449,卖盘
1609,14:31:04,14.5,0.01,4,5800,买盘
1610,14:31:07,14.5,0.0,38,55100,买盘
1611,14:31:09,14.5,0.0,6,8700,买盘
1612,14:31:13,14.5,0.0,2,2900,买盘
1613,14:31:16,14.5,0.0,1,1450,买盘
1614,14:31:19,14.5,0.0,2,2900,买盘
1615,14:31:22,14.5,0.0,20,29000,买盘
1616,14:31:28,14.5,0.0,19,27550,买盘
1617,14:31:31,14.52,0.02,37,53691,买盘
1618,14:31:34,14.52,0.0,1,1452,买盘
1619,14:31:43,14.52,0.0,1,1452,买盘
1620,14:31:46,14.5,-0.02,33,47910,卖盘
1621,14:31:58,14.51,0.01,11,15961,买盘
1622,14:32:01,14.52,0.01,3,4356,买盘
1623,14:32:04,14.52,0.0,25,36198,买盘
1624,14:32:10,14.54,0.02,25,36327,买盘
1625,14:32:12,14.51,-0.03,50,72592,卖盘
1626,14:32:15,14.54,0.03,1,1454,买盘
1627,14:32:28,14.54,0.0,6,8724,买盘
1628,14:32:34,14.54,0.0,1,1454,买盘
1629,14:32:37,14.54,0.0,1,1454,买盘
1630,14:32:40,14.54,0.0,1,1454,买盘
1631,14:32:46,14.54,0.0,11,15994,买盘
1632,14:32:58,14.54,0.0,10,14540,卖盘
1633,14:33:04,14.54,0.0,14,20357,卖盘
1634,14:33:12,14.54,0.0,2,2908,买盘
1635,14:33:25,14.54,0.0,2,2908,买盘
1636,14:33:27,14.54,0.0,2,2908,买盘
1637,14:33:31,14.54,0.0,2,2908,买盘
1638,14:33:34,14.54,0.0,4,5814,买盘
1639,14:33:37,14.54,0.0,5,7270,买盘
1640,14:33:40,14.54,0.0,1,1454,买盘
1641,14:33:43,14.54,0.0,2,2908,买盘
1642,14:33:49,14.54,0.0,3,4362,买盘
1643,14:33:52,14.53,-0.01,1,1453,中性盘
1644,14:34:01,14.53,0.0,2,2906,买盘
1645,14:34:07,14.53,0.0,7,10171,买盘
1646,14:34:13,14.54,0.01,2,2907,买盘
1647,14:34:31,14.54,0.0,4,5816,买盘
1648,14:34:34,14.54,0.0,1,1454,买盘
1649,14:34:43,14.53,-0.01,1,1453,卖盘
1650,14:34:46,14.54,0.01,4,5813,买盘
1651,14:34:49,14.54,0.0,1,1454,买盘
1652,14:34:57,14.54,0.0,5,7270,买盘
1653,14:35:06,14.54,0.0,2,2908,买盘
1654,14:35:13,14.54,0.0,3,4362,买盘
1655,14:35:28,14.54,0.0,1,1454,买盘
1656,14:35:30,14.54,0.0,4,5816,买盘
1657,14:35:37,14.53,-0.01,3,4361,卖盘
1658,14:35:43,14.53,0.0,1,1453,卖盘
1659,14:35:45,14.54,0.01,1,1454,买盘
1660,14:35:49,14.54,0.0,1,1454,买盘
1661,14:35:51,14.54,0.0,2,2908,买盘
1662,14:35:55,14.54,0.0,2,2908,买盘
1663,14:35:57,14.53,-0.01,36,52308,卖盘
1664,14:36:07,14.53,0.0,7,10171,买盘
1665,14:36:10,14.52,-0.01,33,47916,卖盘
1666,14:36:43,14.52,0.0,2,2904,卖盘
1667,14:36:46,14.52,0.0,1,1452,买盘
1668,14:36:52,14.52,0.0,1,1452,买盘
1669,14:36:55,14.52,0.0,1,1452,买盘
1670,14:37:13,14.52,0.0,38,55176,买盘
1671,14:37:15,14.52,0.0,1,1452,买盘
1672,14:37:25,14.51,-0.01,7,10157,卖盘
1673,14:37:37,14.52,0.01,9,13068,买盘
1674,14:37:40,14.52,0.0,13,18876,买盘
1675,14:37:55,14.53,0.01,1,1453,买盘
1676,14:37:57,14.53,0.0,10,14522,买盘
1677,14:38:16,14.53,0.0,1,1453,买盘
1678,14:38:34,14.53,0.0,1,1453,买盘
1679,14:38:46,14.52,-0.01,12,17424,卖盘
1680,14:38:49,14.53,0.01,67,97336,买盘
1681,14:38:58,14.53,0.0,1,1453,买盘
1682,14:39:04,14.53,0.0,1,1453,买盘
1683,14:39:06,14.52,-0.01,1,1452,卖盘
1684,14:39:13,14.53,0.01,1,1453,买盘
1685,14:39:22,14.53,0.0,5,7265,买盘
1686,14:39:31,14.53,0.0,30,43590,买盘
1687,14:39:46,14.53,0.0,1,1453,买盘
1688,14:39:49,14.52,-0.01,15,21780,卖盘
1689,14:39:55,14.52,0.0,1,1452,卖盘
1690,14:39:58,14.52,0.0,1,1452,买盘
1691,14:40:01,14.52,0.0,2,2904,卖盘
1692,14:40:04,14.53,0.01,1,1453,买盘
1693,14:40:16,14.53,0.0,10,14530,买盘
1694,14:40:31,14.52,-0.01,10,14520,卖盘
1695,14:40:40,14.51,-0.01,2,2902,卖盘
1696,14:40:43,14.51,0.0,3,4353,卖盘
1697,14:41:01,14.52,0.01,1,1452,买盘
1698,14:41:10,14.51,-0.01,11,15963,卖盘
1699,14:41:19,14.52,0.01,1,1452,买盘
1700,14:41:24,14.51,-0.01,3,4353,卖盘
1701,14:41:31,14.51,0.0,4,5804,卖盘
1702,14:41:34,14.52,0.01,1,1452,买盘
1703,14:41:43,14.51,-0.01,10,14510,卖盘
1704,14:41:46,14.51,0.0,14,20314,卖盘
1705,14:41:49,14.51,0.0,4,5804,卖盘
1706,14:41:51,14.51,0.0,1,1451,卖盘
1707,14:41:55,14.51,0.0,1,1451,卖盘
1708,14:42:07,14.5,-0.01,9,13053,卖盘
1709,14:42:16,14.52,0.02,1,1452,买盘
1710,14:42:36,14.5,-0.02,8,11601,卖盘
1711,14:42:49,14.51,0.01,20,29020,买盘
1712,14:43:04,14.5,-0.01,1,1450,卖盘
1713,14:43:07,14.51,0.01,17,24651,买盘
1714,14:43:13,14.51,0.0,8,11608,买盘
1715,14:43:25,14.51,0.0,1,1451,买盘
1716,14:43:30,14.5,-0.01,1,1450,卖盘
1717,14:43:43,14.5,0.0,18,26100,卖盘
1718,14:43:49,14.5,0.0,10,14500,卖盘
1719,14:43:52,14.5,0.0,2,2900,卖盘
1720,14:44:06,14.5,0.0,5,7250,卖盘
1721,14:44:13,14.5,0.0,6,8700,卖盘
1722,14:44:19,14.51,0.01,2,2902,买盘
1723,14:44:28,14.51,0.0,9,13059,买盘
1724,14:44:31,14.5,-0.01,54,78402,卖盘
1725,14:44:46,14.49,-0.01,3,4347,卖盘
1726,14:45:09,14.48,-0.01,80,115919,卖盘
1727,14:45:25,14.5,0.02,1,1450,买盘
1728,14:45:28,14.49,-0.01,4,5796,卖盘
1729,14:45:55,14.48,-0.01,10,14480,卖盘
1730,14:45:58,14.5,0.02,4,5799,买盘
1731,14:46:04,14.49,-0.01,2,2898,买盘
1732,14:46:10,14.49,0.0,2,2898,卖盘
1733,14:46:13,14.48,-0.01,6,8690,卖盘
1734,14:46:16,14.49,0.01,2,2898,中性盘
1735,14:46:19,14.49,0.0,8,11592,买盘
1736,14:46:31,14.49,0.0,8,11599,卖盘
1737,14:46:40,14.5,0.01,3,4350,买盘
1738,14:46:55,14.49,-0.01,5,7245,卖盘
1739,14:46:58,14.5,0.01,2,2900,买盘
1740,14:47:16,14.5,0.0,13,18850,买盘
1741,14:47:19,14.5,0.0,6,8700,买盘
1742,14:47:27,14.5,0.0,1,1450,买盘
1743,14:47:37,14.49,-0.01,33,47817,卖盘
1744,14:47:40,14.49,0.0,1,1449,卖盘
1745,14:47:43,14.48,-0.01,4,5792,卖盘
1746,14:47:49,14.5,0.02,2,2900,买盘
1747,14:47:54,14.48,-0.02,68,98473,卖盘
1748,14:47:57,14.5,0.02,20,29000,买盘
1749,14:48:06,14.48,-0.02,7,10148,卖盘
1750,14:48:19,14.48,0.0,2,2896,卖盘
1751,14:48:22,14.49,0.01,10,14490,买盘
1752,14:48:33,14.5,0.01,21,30411,买盘
1753,14:48:54,14.49,-0.01,8,11599,卖盘
1754,14:48:57,14.49,0.0,5,7245,卖盘
1755,14:49:22,14.5,0.01,15,21745,买盘
1756,14:49:34,14.49,-0.01,3,4349,卖盘
1757,14:49:40,14.5,0.01,1,1450,买盘
1758,14:49:42,14.5,0.0,6,8700,买盘
1759,14:50:06,14.49,-0.01,9,13048,卖盘
1760,14:50:10,14.5,0.01,3,4350,买盘
1761,14:50:12,14.5,0.0,7,10150,买盘
1762,14:50:19,14.5,0.0,1,1450,买盘
1763,14:50:25,14.5,0.0,20,29000,买盘
1764,14:50:28,14.5,0.0,7,10150,买盘
1765,14:50:31,14.49,-0.01,3,4347,卖盘
1766,14:50:39,14.5,0.01,6,8700,买盘
1767,14:50:46,14.5,0.0,4,5800,买盘
1768,14:51:01,14.5,0.0,10,14500,买盘
1769,14:51:12,14.5,0.0,6,8700,买盘
1770,14:51:15,14.5,0.0,23,33248,买盘
1771,14:51:31,14.51,0.01,4,5804,买盘
1772,14:51:40,14.51,0.0,3,4353,买盘
1773,14:51:43,14.51,0.0,8,11608,买盘
1774,14:51:46,14.51,0.0,1,1451,买盘
1775,14:52:04,14.51,0.0,23,33373,买盘
1776,14:52:18,14.51,0.0,16,23209,买盘
1777,14:52:28,14.51,0.0,2,2902,卖盘
1778,14:52:34,14.5,-0.01,37,53660,卖盘
1779,14:52:37,14.48,-0.02,2,2898,卖盘
1780,14:52:40,14.48,0.0,1,1448,卖盘
1781,14:52:51,14.49,0.01,3,4346,买盘
1782,14:52:55,14.48,-0.01,18,26064,卖盘
1783,14:52:57,14.48,0.0,2,2896,卖盘
1784,14:53:00,14.48,0.0,12,17387,卖盘
1785,14:53:04,14.48,0.0,10,14480,卖盘
1786,14:53:10,14.48,0.0,1,1448,买盘
1787,14:53:12,14.47,-0.01,112,162073,卖盘
1788,14:53:19,14.47,0.0,2,2894,卖盘
1789,14:53:22,14.46,-0.01,25,36150,卖盘
1790,14:53:36,14.5,0.04,19,27522,买盘
1791,14:53:39,14.46,-0.04,6,8676,中性盘
1792,14:53:45,14.45,-0.01,45,65025,卖盘
1793,14:53:58,14.51,0.06,1,1451,买盘
1794,14:54:04,14.45,-0.06,5,7225,卖盘
1795,14:54:06,14.51,0.06,12,17412,买盘
1796,14:54:10,14.45,-0.06,2,2890,卖盘
1797,14:54:22,14.45,0.0,6,8670,卖盘
1798,14:54:28,14.51,0.06,1,1451,买盘
1799,14:54:37,14.51,0.0,7,10157,买盘
1800,14:54:40,14.51,0.0,6,8706,买盘
1801,14:54:46,14.51,0.0,2,2902,买盘
1802,14:55:04,14.48,-0.03,122,177680,卖盘
1803,14:55:07,14.51,0.03,48,69499,买盘
1804,14:55:13,14.5,-0.01,6,8700,买盘
1805,14:55:16,14.45,-0.05,1,1445,卖盘
1806,14:55:34,14.46,0.01,1,1446,卖盘
1807,14:55:52,14.47,0.01,2,2895,卖盘
1808,14:55:58,14.47,0.0,1,1447,卖盘
1809,14:56:01,14.48,0.01,6,8688,买盘
1810,14:56:04,14.47,-0.01,2,2894,卖盘
1811,14:56:07,14.47,0.0,11,15917,卖盘
1812,14:56:15,14.48,0.01,1,1448,买盘
1813,14:56:25,14.5,0.02,5,7244,买盘
1814,14:56:28,14.5,0.0,1,1450,买盘
1815,14:56:37,14.47,-0.03,1,1085,卖盘
1816,15:00:04,14.48,0.01,365,528520,卖盘
