,time,price,change,volume,amount,type
0,09:25:04,8.26,0.0,18,14868,卖盘
1,09:30:04,8.24,-0.02,44,36279,卖盘
2,09:30:07,8.22,-0.02,56,46057,卖盘
3,09:30:10,8.21,-0.01,43,35318,卖盘
4,09:30:12,8.21,0.0,6,4926,卖盘
5,09:30:15,8.21,0.0,16,13136,卖盘
6,09:30:24,8.21,0.0,6,4926,卖盘
7,09:30:27,8.22,0.01,3,2466,买盘
8,09:30:39,8.21,-0.01,4,3284,卖盘
9,09:30:42,8.22,0.01,1,822,买盘
10,09:30:45,8.22,0.0,7,5754,买盘
11,09:30:48,8.22,0.0,7,5754,买盘
12,09:30:51,8.22,0.0,9,7394,买盘
13,09:31:03,8.22,0.0,213,175025,买盘
14,09:31:12,8.22,0.0,5,4110,卖盘
15,09:31:15,8.22,0.0,29,23838,卖盘
16,09:31:18,8.22,0.0,6,4932,卖盘
17,09:31:21,8.22,0.0,10,8228,卖盘
18,09:31:24,8.22,0.0,6,4937,卖盘
19,09:31:27,8.22,0.0,7,5756,卖盘
20,09:31:36,8.23,0.01,13,10699,卖盘
21,09:31:39,8.23,0.0,3,2469,买盘
22,09:31:42,8.23,0.0,6,4934,卖盘
23,09:31:45,8.23,0.0,4,3292,卖盘
24,09:31:48,8.23,0.0,2,1646,中性盘
25,09:32:06,8.22,-0.01,6,4932,卖盘
26,09:32:12,8.23,0.01,7,5761,买盘
27,09:32:15,8.22,-0.01,10,8220,卖盘
28,09:32:18,8.23,0.01,6,4938,买盘
29,09:32:21,8.23,0.0,107,87973,买盘
30,09:32:30,8.22,-0.01,28,23020,卖盘
31,09:32:36,8.22,0.0,31,25495,卖盘
32,09:32:42,8.22,0.0,12,9864,卖盘
33,09:32:45,8.23,0.01,11,9047,买盘
34,09:32:49,8.23,0.0,16,13162,买盘
35,09:32:51,8.22,-0.01,6,4932,卖盘
36,09:32:54,8.23,0.01,1,823,买盘
37,09:33:04,8.22,-0.01,34,27948,卖盘
38,09:33:09,8.21,-0.01,6,4926,卖盘
39,09:33:15,8.22,0.01,3,2466,买盘
40,09:33:18,8.21,-0.01,6,4926,卖盘
41,09:33:21,8.21,0.0,12,9852,卖盘
42,09:33:24,8.21,0.0,6,4926,卖盘
43,09:33:27,8.22,0.01,5,4110,买盘
44,09:33:30,8.21,-0.01,6,4926,卖盘
45,09:33:40,8.21,0.0,4,3284,卖盘
46,09:33:43,8.22,0.01,92,75542,买盘
47,09:33:48,8.21,-0.01,12,9852,卖盘
48,09:33:55,8.21,0.0,18,14784,卖盘
49,09:34:00,8.21,0.0,6,4926,卖盘
50,09:34:04,8.21,0.0,12,9852,卖盘
51,09:34:09,8.21,0.0,6,4926,卖盘
52,09:34:18,8.22,0.01,5,4110,买盘
53,09:34:22,8.22,0.0,17,13968,买盘
54,09:34:27,8.2,-0.02,284,232984,卖盘
55,09:34:30,8.22,0.02,1,822,卖盘
56,09:34:33,8.22,0.0,5,4110,卖盘
57,09:34:36,8.21,-0.01,4,3284,卖盘
58,09:34:39,8.19,-0.02,73,59832,卖盘
59,09:34:42,8.2,0.01,8,6554,中性盘
60,09:34:46,8.19,-0.01,6,4914,卖盘
61,09:34:49,8.19,0.0,10,8190,卖盘
62,09:34:51,8.2,0.01,182,149014,买盘
63,09:34:54,8.19,-0.01,6,4914,卖盘
64,09:34:57,8.2,0.01,2,1640,买盘
65,09:35:00,8.2,0.0,11,9009,买盘
66,09:35:03,8.2,0.0,2,1640,卖盘
67,09:35:07,8.2,0.0,9,7380,卖盘
68,09:35:09,8.2,0.0,7,5740,卖盘
69,09:35:12,8.19,-0.01,20,16380,卖盘
70,09:35:16,8.19,0.0,10,8190,卖盘
71,09:35:19,8.18,-0.01,15,12270,卖盘
72,09:35:21,8.19,0.01,191,156161,买盘
73,09:35:24,8.16,-0.03,11,8991,中性盘
74,09:35:28,8.16,0.0,12,9792,卖盘
75,09:35:30,8.16,0.0,11,8978,卖盘
76,09:35:33,8.18,0.02,3,2454,买盘
77,09:35:37,8.17,-0.01,12,9804,卖盘
78,09:35:40,8.15,-0.02,93,75887,卖盘
79,09:35:43,8.17,0.02,7,5719,中性盘
80,09:35:45,8.15,-0.02,6,4890,卖盘
81,09:35:48,8.15,0.0,8,6520,卖盘
82,09:35:51,8.15,0.0,6,4890,卖盘
83,09:35:57,8.16,0.01,6,4896,卖盘
84,09:36:00,8.15,-0.01,135,110045,卖盘
85,09:36:03,8.16,0.01,6,4896,中性盘
86,09:36:06,8.16,0.0,4,3264,卖盘
87,09:36:10,8.16,0.0,9,7344,买盘
88,09:36:12,8.15,-0.01,10,8150,卖盘
89,09:36:21,8.15,0.0,6,4890,卖盘
90,09:36:24,8.16,0.01,68,55488,买盘
91,09:36:27,8.17,0.01,107,87320,买盘
92,09:36:30,8.17,0.0,105,85785,卖盘
93,09:36:37,8.17,0.0,74,60458,卖盘
94,09:36:43,8.16,-0.01,6,4896,卖盘
95,09:36:45,8.17,0.01,7,5719,买盘
96,09:36:48,8.17,0.0,32,26144,买盘
97,09:36:51,8.17,0.0,78,63726,买盘
98,09:36:54,8.17,0.0,10,8170,买盘
99,09:36:57,8.16,-0.01,216,176256,卖盘
100,09:37:03,8.16,0.0,3,2448,买盘
101,09:37:06,8.16,0.0,50,40800,买盘
102,09:37:12,8.16,0.0,16,13050,买盘
103,09:37:15,8.17,0.01,96,78344,买盘
104,09:37:18,8.16,-0.01,6,4896,卖盘
105,09:37:21,8.16,0.0,6,4896,卖盘
106,09:37:34,8.17,0.01,20,16340,买盘
107,09:37:42,8.17,0.0,1,817,买盘
108,09:37:51,8.18,0.01,21,17178,买盘
109,09:37:54,8.18,0.0,27,22086,买盘
110,09:37:57,8.18,0.0,2,1636,买盘
111,09:38:06,8.18,0.0,18,14724,卖盘
112,09:38:12,8.17,-0.01,6,4902,卖盘
113,09:38:21,8.17,0.0,8,6538,卖盘
114,09:38:24,8.18,0.01,26,21238,买盘
115,09:38:31,8.17,-0.01,18,14712,卖盘
116,09:38:34,8.17,0.0,16,13082,卖盘
117,09:38:36,8.17,0.0,6,4902,卖盘
118,09:38:40,8.16,-0.01,12,9802,卖盘
119,09:38:45,8.18,0.02,138,112884,中性盘
120,09:38:48,8.17,-0.01,169,138241,卖盘
121,09:38:51,8.17,0.0,57,46557,买盘
122,09:38:57,8.16,-0.01,12,9806,卖盘
123,09:39:00,8.17,0.01,6,4902,卖盘
124,09:39:10,8.17,0.0,9,7353,卖盘
125,09:39:15,8.17,0.0,36,29412,卖盘
126,09:39:18,8.19,0.02,1,819,买盘
127,09:39:24,8.19,0.0,12,9828,买盘
128,09:39:28,8.19,0.0,59,48321,买盘
129,09:39:33,8.19,0.0,12,9828,买盘
130,09:39:39,8.17,-0.02,6,4902,卖盘
131,09:39:42,8.17,0.0,19,15523,卖盘
132,09:39:51,8.19,0.02,1,819,买盘
133,09:39:57,8.19,0.0,3,2457,买盘
134,09:40:00,8.19,0.0,7,5733,买盘
135,09:40:09,8.17,-0.02,9,7353,卖盘
136,09:40:16,8.16,-0.01,82,66934,卖盘
137,09:40:21,8.19,0.03,4,3276,买盘
138,09:40:24,8.19,0.0,13,10623,买盘
139,09:40:27,8.16,-0.03,66,53860,卖盘
140,09:40:30,8.17,0.01,12,9804,中性盘
141,09:40:36,8.16,-0.01,19,15533,卖盘
142,09:40:48,8.16,0.0,6,4898,卖盘
143,09:40:51,8.19,0.03,2,1638,买盘
144,09:41:04,8.17,-0.02,9,7353,卖盘
145,09:41:06,8.19,0.02,17,13923,买盘
146,09:41:12,8.18,-0.01,9,7362,卖盘
147,09:41:16,8.18,0.0,12,9816,卖盘
148,09:41:24,8.2,0.02,1,820,买盘
149,09:41:27,8.2,0.0,2,1640,买盘
150,09:41:30,8.2,0.0,10,8200,买盘
151,09:41:39,8.18,-0.02,1,818,卖盘
152,09:41:46,8.19,0.01,7,5733,买盘
153,09:41:55,8.19,0.0,9,7371,卖盘
154,09:41:58,8.2,0.01,1,820,买盘
155,09:42:07,8.2,0.0,1,820,买盘
156,09:42:10,8.2,0.0,10,8192,买盘
157,09:42:15,8.2,0.0,12,9840,买盘
158,09:42:25,8.2,0.0,2,1640,买盘
159,09:42:27,8.19,-0.01,9,7371,卖盘
160,09:42:33,8.2,0.01,9,7380,卖盘
161,09:42:36,8.2,0.0,6,4920,卖盘
162,09:42:39,8.19,-0.01,10,8191,卖盘
163,09:42:45,8.19,0.0,9,7371,卖盘
164,09:43:15,8.2,0.01,6,4920,卖盘
165,09:43:22,8.22,0.02,6,4932,买盘
166,09:43:25,8.22,0.0,12,9864,买盘
167,09:43:33,8.21,-0.01,2,1642,买盘
168,09:43:48,8.21,0.0,6,4926,买盘
169,09:43:54,8.21,0.0,4,3284,买盘
170,09:44:06,8.2,-0.01,14,11480,卖盘
171,09:44:12,8.2,0.0,15,12288,买盘
172,09:44:21,8.2,0.0,11,9020,买盘
173,09:44:27,8.2,0.0,1,820,买盘
174,09:44:49,8.2,0.0,5,4100,买盘
175,09:44:54,8.2,0.0,2,1640,买盘
176,09:44:57,8.19,-0.01,6,4914,卖盘
177,09:45:00,8.2,0.01,2,1640,买盘
178,09:45:04,8.2,0.0,10,8200,买盘
179,09:45:06,8.18,-0.02,73,59719,卖盘
180,09:45:09,8.18,0.0,18,14724,卖盘
181,09:45:12,8.18,0.0,150,122700,卖盘
182,09:45:15,8.18,0.0,12,9816,卖盘
183,09:45:18,8.18,0.0,18,14724,卖盘
184,09:45:21,8.18,0.0,6,4908,卖盘
185,09:45:24,8.19,0.01,2,1638,买盘
186,09:45:31,8.18,-0.01,20,16360,卖盘
187,09:45:34,8.19,0.01,10,8190,买盘
188,09:45:39,8.17,-0.02,79,64571,卖盘
189,09:45:57,8.18,0.01,37,30233,买盘
190,09:46:04,8.18,0.0,5,4090,买盘
191,09:46:06,8.18,0.0,2,1636,买盘
192,09:46:12,8.17,-0.01,6,4902,卖盘
193,09:46:15,8.18,0.01,3,2454,买盘
194,09:46:25,8.18,0.0,15,12270,卖盘
195,09:46:27,8.19,0.01,3,2457,买盘
196,09:46:42,8.18,-0.01,7,5726,卖盘
197,09:46:45,8.17,-0.01,390,318740,卖盘
198,09:46:49,8.19,0.02,1,819,买盘
199,09:46:51,8.19,0.0,7,5733,买盘
200,09:46:55,8.19,0.0,1,819,买盘
201,09:46:57,8.17,-0.02,37,30229,卖盘
202,09:47:00,8.19,0.02,6,4914,买盘
203,09:47:18,8.19,0.0,98,80262,买盘
204,09:47:21,8.19,0.0,2,1638,买盘
205,09:47:28,8.19,0.0,13,10647,买盘
206,09:47:33,8.19,0.0,3,2457,买盘
207,09:47:55,8.19,0.0,1,819,买盘
208,09:48:00,8.19,0.0,29,23751,买盘
209,09:48:16,8.19,0.0,29,23751,卖盘
210,09:48:21,8.19,0.0,3,2457,买盘
211,09:48:30,8.19,0.0,6,4914,买盘
212,09:48:33,8.19,0.0,5,4095,买盘
213,09:48:42,8.17,-0.02,248,202696,卖盘
214,09:48:51,8.19,0.02,5,4095,买盘
215,09:48:54,8.19,0.0,3,2457,买盘
216,09:48:57,8.18,-0.01,32,26181,卖盘
217,09:49:15,8.18,0.0,182,148876,买盘
218,09:49:36,8.19,0.01,144,117936,买盘
219,09:49:39,8.19,0.0,5,4095,卖盘
220,09:49:42,8.2,0.01,31,25391,买盘
221,09:49:49,8.19,-0.01,37,30309,卖盘
222,09:49:54,8.19,0.0,1,819,买盘
223,09:49:57,8.19,0.0,2,1638,买盘
224,09:50:15,8.19,0.0,36,29484,买盘
225,09:50:27,8.2,0.01,7,5740,买盘
226,09:50:39,8.2,0.0,50,41000,买盘
227,09:50:45,8.19,-0.01,16,13114,卖盘
228,09:50:54,8.2,0.01,12,9834,买盘
229,09:50:57,8.2,0.0,1,820,买盘
230,09:51:00,8.19,-0.01,6,4914,卖盘
231,09:51:04,8.19,0.0,79,64701,卖盘
232,09:51:06,8.19,0.0,6,4914,卖盘
233,09:51:12,8.2,0.01,6,4920,买盘
234,09:51:21,8.2,0.0,4,3280,买盘
235,09:51:27,8.2,0.0,8,6560,买盘
236,09:51:45,8.2,0.0,8,6560,买盘
237,09:51:48,8.2,0.0,3,2460,买盘
238,09:51:54,8.21,0.01,1,821,买盘
239,09:51:57,8.2,-0.01,4,3280,卖盘
240,09:52:12,8.21,0.01,4,3284,买盘
241,09:52:19,8.21,0.0,5,4105,买盘
242,09:52:25,8.21,0.0,5,4105,买盘
243,09:52:27,8.2,-0.01,16,13120,卖盘
244,09:52:42,8.21,0.01,7,5747,买盘
245,09:52:45,8.19,-0.02,1,819,卖盘
246,09:52:48,8.21,0.02,2,1642,买盘
247,09:52:52,8.21,0.0,7,5747,买盘
248,09:52:55,8.21,0.0,1,821,买盘
249,09:53:00,8.19,-0.02,13,10647,卖盘
250,09:53:04,8.19,0.0,6,4914,卖盘
251,09:53:12,8.21,0.02,23,18871,买盘
252,09:53:18,8.21,0.0,2,1642,买盘
253,09:53:22,8.19,-0.02,6,4914,卖盘
254,09:53:24,8.19,0.0,6,4914,卖盘
255,09:53:27,8.19,0.0,6,4914,卖盘
256,09:53:30,8.19,0.0,6,4914,卖盘
257,09:53:36,8.19,0.0,12,9828,卖盘
258,09:53:39,8.19,0.0,137,112203,卖盘
259,09:53:42,8.2,0.01,6,4920,买盘
260,09:53:48,8.2,0.0,2,1640,买盘
261,09:53:54,8.19,-0.01,77,63063,卖盘
262,09:54:00,8.19,0.0,77,63063,卖盘
263,09:54:06,8.18,-0.01,12,9816,卖盘
264,09:54:09,8.21,0.03,1,821,买盘
265,09:54:18,8.21,0.0,5,4105,买盘
266,09:54:42,8.2,-0.01,7,5740,买盘
267,09:54:45,8.2,0.0,2,1640,买盘
268,09:54:55,8.2,0.0,1,820,买盘
269,09:55:15,8.2,0.0,132,108240,买盘
270,09:55:18,8.2,0.0,9,7380,买盘
271,09:55:21,8.2,0.0,1,820,买盘
272,09:55:45,8.21,0.01,209,172016,买盘
273,09:55:51,8.22,0.01,1,822,买盘
274,09:56:00,8.21,-0.01,1,821,卖盘
275,09:56:04,8.21,0.0,1,821,卖盘
276,09:56:06,8.2,-0.01,6,4925,卖盘
277,09:56:13,8.22,0.02,2,1644,买盘
278,09:56:15,8.22,0.0,3,2466,买盘
279,09:56:42,8.22,0.0,12,9864,买盘
280,09:56:51,8.21,-0.01,1,821,买盘
281,09:56:54,8.21,0.0,7,5747,买盘
282,09:57:15,8.22,0.01,185,152070,买盘
283,09:57:18,8.22,0.0,2,1644,卖盘
284,09:57:45,8.21,-0.01,1,821,卖盘
285,09:57:48,8.22,0.01,7,5752,买盘
286,09:57:51,8.21,-0.01,1,821,卖盘
287,09:57:54,8.22,0.01,1,822,买盘
288,09:57:57,8.21,-0.01,1,821,卖盘
289,09:58:01,8.21,0.0,1,821,卖盘
290,09:58:04,8.22,0.01,37,30406,买盘
291,09:58:46,8.2,-0.02,1,820,卖盘
292,09:58:57,8.22,0.02,4,3288,买盘
293,09:59:00,8.22,0.0,55,45108,买盘
294,09:59:21,8.2,-0.02,6,4920,卖盘
295,09:59:27,8.22,0.02,10,8220,买盘
296,09:59:30,8.2,-0.02,6,4920,卖盘
297,09:59:33,8.22,0.02,3,2466,买盘
298,09:59:36,8.22,0.0,7,5754,买盘
299,09:59:42,8.2,-0.02,123,100434,卖盘
300,09:59:45,8.2,0.0,13,10660,买盘
301,09:59:54,8.2,0.0,1,820,买盘
302,09:59:57,8.2,0.0,6,4920,买盘
303,10:00:04,8.2,0.0,3,2460,买盘
304,10:00:27,8.2,0.0,4,3280,买盘
305,10:00:30,8.2,0.0,9,7380,买盘
306,10:00:42,8.2,0.0,15,12300,买盘
307,10:00:48,8.19,-0.01,1,819,卖盘
308,10:00:54,8.2,0.01,1,820,买盘
309,10:01:06,8.2,0.0,5,4100,买盘
310,10:01:15,8.2,0.0,6,4920,买盘
311,10:01:18,8.2,0.0,9,7380,买盘
312,10:01:21,8.2,0.0,4,3280,买盘
313,10:01:24,8.2,0.0,2,1640,买盘
314,10:01:27,8.2,0.0,11,9020,买盘
315,10:01:30,8.2,0.0,14,11480,买盘
316,10:01:33,8.2,0.0,19,15580,买盘
317,10:01:36,8.2,0.0,14,11480,买盘
318,10:01:39,8.2,0.0,17,13940,买盘
319,10:01:42,8.2,0.0,28,22960,买盘
320,10:01:45,8.2,0.0,20,16400,买盘
321,10:01:49,8.2,0.0,130,107026,买盘
322,10:01:52,8.22,0.02,2,1644,买盘
323,10:02:00,8.22,0.0,2,1644,买盘
324,10:02:12,8.21,-0.01,3,2463,卖盘
325,10:02:27,8.21,0.0,100,82100,卖盘
326,10:02:36,8.21,0.0,4,3284,买盘
327,10:02:42,8.21,0.0,4,3284,买盘
328,10:02:45,8.21,0.0,45,36912,买盘
329,10:02:48,8.21,0.0,9,7388,买盘
330,10:02:51,8.21,0.0,2,1642,买盘
331,10:02:54,8.2,-0.01,12,9840,卖盘
332,10:03:01,8.21,0.01,5,4105,买盘
333,10:03:04,8.21,0.0,3,2463,买盘
334,10:03:06,8.21,0.0,4,3284,买盘
335,10:03:09,8.21,0.0,2,1642,买盘
336,10:03:12,8.21,0.0,5,4105,买盘
337,10:03:15,8.21,0.0,3,2463,买盘
338,10:03:18,8.21,0.0,2,1642,买盘
339,10:03:31,8.21,0.0,30,24605,买盘
340,10:03:34,8.21,0.0,2,1642,买盘
341,10:03:37,8.21,0.0,5,4105,买盘
342,10:03:39,8.21,0.0,1,821,买盘
343,10:03:42,8.21,0.0,4,3284,买盘
344,10:03:45,8.21,0.0,1,821,买盘
345,10:03:55,8.21,0.0,4,3284,买盘
346,10:03:57,8.21,0.0,4,3284,买盘
347,10:04:04,8.21,0.0,3,2463,买盘
348,10:04:16,8.2,-0.01,26,21320,卖盘
349,10:04:27,8.2,0.0,6,4920,卖盘
350,10:04:30,8.21,0.01,2,1642,买盘
351,10:04:36,8.2,-0.01,12,9840,卖盘
352,10:04:40,8.21,0.01,14,11482,买盘
353,10:04:48,8.2,-0.01,7,5740,卖盘
354,10:05:09,8.21,0.01,4,3284,买盘
355,10:05:30,8.21,0.0,10,8210,买盘
356,10:05:45,8.2,-0.01,1,820,卖盘
357,10:06:09,8.21,0.01,6,4926,买盘
358,10:06:27,8.2,-0.01,6,4920,卖盘
359,10:06:33,8.2,0.0,12,9840,卖盘
360,10:06:36,8.2,0.0,12,9840,卖盘
361,10:06:39,8.21,0.01,5,4105,买盘
362,10:06:43,8.2,-0.01,6,4920,卖盘
363,10:06:48,8.21,0.01,2,1642,买盘
364,10:06:54,8.2,-0.01,6,4920,卖盘
365,10:07:09,8.21,0.01,1,821,买盘
366,10:07:36,8.2,-0.01,2,1640,卖盘
367,10:07:48,8.2,0.0,1,820,卖盘
368,10:08:40,8.21,0.01,6,4926,买盘
369,10:08:45,8.2,-0.01,9,7380,卖盘
370,10:09:09,8.21,0.01,5,4105,买盘
371,10:09:37,8.21,0.0,1,821,买盘
372,10:09:39,8.21,0.0,7,5741,买盘
373,10:09:42,8.2,-0.01,12,9840,卖盘
374,10:09:48,8.2,0.0,1,820,卖盘
375,10:09:57,8.2,0.0,6,4920,卖盘
376,10:10:09,8.2,0.0,104,85284,卖盘
377,10:10:12,8.19,-0.01,23,18422,卖盘
378,10:10:19,8.19,0.0,12,9828,卖盘
379,10:10:21,8.19,0.0,29,23751,卖盘
380,10:10:27,8.19,0.0,714,584766,卖盘
381,10:10:36,8.2,0.01,2,1640,买盘
382,10:10:39,8.2,0.0,1,820,买盘
383,10:10:42,8.2,0.0,13,10660,买盘
384,10:10:45,8.18,-0.02,6,4908,卖盘
385,10:10:48,8.2,0.02,2,1640,买盘
386,10:11:09,8.2,0.0,5,4100,买盘
387,10:11:15,8.18,-0.02,339,277302,卖盘
388,10:11:27,8.18,0.0,50,40900,买盘
389,10:11:36,8.17,-0.01,130,106210,卖盘
390,10:11:39,8.18,0.01,1,818,买盘
391,10:11:49,8.17,-0.01,1,817,卖盘
392,10:12:12,8.18,0.01,1,818,买盘
393,10:12:27,8.18,0.0,62,50716,买盘
394,10:12:30,8.18,0.0,16,13088,买盘
395,10:12:33,8.18,0.0,16,13088,买盘
396,10:12:36,8.18,0.0,13,10634,卖盘
397,10:12:42,8.2,0.02,1,820,买盘
398,10:12:51,8.18,-0.02,1,818,卖盘
399,10:13:09,8.19,0.01,1,819,买盘
400,10:13:15,8.19,0.0,1,819,买盘
401,10:13:39,8.19,0.0,2,1638,买盘
402,10:14:09,8.19,0.0,2,1638,买盘
403,10:14:12,8.19,0.0,1,819,买盘
404,10:14:48,8.18,-0.01,1,818,卖盘
405,10:15:00,8.19,0.01,1,819,买盘
406,10:15:10,8.19,0.0,2,1638,买盘
407,10:15:40,8.19,0.0,11,9009,买盘
408,10:16:00,8.18,-0.01,6,4908,卖盘
409,10:16:03,8.19,0.01,5,4095,买盘
410,10:16:09,8.19,0.0,1,819,买盘
411,10:16:48,8.18,-0.01,1,818,卖盘
412,10:16:51,8.19,0.01,2,1638,买盘
413,10:17:04,8.19,0.0,3,2457,买盘
414,10:17:30,8.19,0.0,11,9009,买盘
415,10:17:33,8.19,0.0,4,3276,买盘
416,10:17:36,8.19,0.0,3,2457,买盘
417,10:17:55,8.19,0.0,13,10647,买盘
418,10:18:04,8.19,0.0,2,1638,买盘
419,10:18:06,8.19,0.0,6,4914,买盘
420,10:18:18,8.19,0.0,3,2457,买盘
421,10:18:33,8.18,-0.01,6,4908,卖盘
422,10:18:42,8.18,0.0,6,4908,卖盘
423,10:18:48,8.18,0.0,1,818,卖盘
424,10:19:06,8.18,0.0,6,4908,卖盘
425,10:19:15,8.18,0.0,6,4908,卖盘
426,10:19:18,8.18,0.0,189,154602,卖盘
427,10:19:21,8.17,-0.01,18,14706,卖盘
428,10:19:27,8.17,0.0,98,80066,卖盘
429,10:19:30,8.17,0.0,6,4902,卖盘
430,10:19:33,8.18,0.01,10,8171,买盘
431,10:19:39,8.18,0.0,306,250302,买盘
432,10:19:46,8.17,-0.01,9,7353,卖盘
433,10:19:49,8.17,0.0,6,4902,卖盘
434,10:19:51,8.17,0.0,100,81700,卖盘
435,10:19:57,8.17,0.0,12,9804,卖盘
436,10:20:07,8.17,0.0,77,62909,卖盘
437,10:20:19,8.17,0.0,167,136439,卖盘
438,10:20:24,8.17,0.0,18,14706,卖盘
439,10:20:36,8.16,-0.01,100,81600,卖盘
440,10:20:45,8.16,0.0,217,177072,卖盘
441,10:20:48,8.16,0.0,1,816,卖盘
442,10:20:51,8.16,0.0,7,5712,卖盘
443,10:20:57,8.16,0.0,41,33456,卖盘
444,10:21:06,8.18,0.02,5,4090,买盘
445,10:21:27,8.16,-0.02,361,295000,卖盘
446,10:21:31,8.16,0.0,20,16320,卖盘
447,10:21:37,8.18,0.02,5,4090,买盘
448,10:21:43,8.18,0.0,10,8180,买盘
449,10:21:48,8.16,-0.02,1,816,卖盘
450,10:22:06,8.18,0.02,1,818,买盘
451,10:22:09,8.18,0.0,2,1636,买盘
452,10:22:30,8.18,0.0,10,8180,买盘
453,10:22:36,8.18,0.0,1,818,买盘
454,10:23:03,8.18,0.0,7,5726,买盘
455,10:23:24,8.18,0.0,6,4908,买盘
456,10:23:36,8.18,0.0,2,1636,买盘
457,10:23:45,8.17,-0.01,3,2451,卖盘
458,10:23:48,8.17,0.0,1,817,卖盘
459,10:23:57,8.17,0.0,50,40850,卖盘
460,10:24:04,8.18,0.01,1,818,买盘
461,10:24:06,8.17,-0.01,85,69445,卖盘
462,10:24:33,8.17,0.0,35,28595,卖盘
463,10:24:36,8.18,0.01,6,4908,买盘
464,10:25:09,8.17,-0.01,5,4085,卖盘
465,10:25:36,8.18,0.01,1,818,买盘
466,10:25:52,8.17,-0.01,1,817,卖盘
467,10:26:06,8.18,0.01,1,818,买盘
468,10:26:27,8.18,0.0,10,8180,买盘
469,10:28:04,8.18,0.0,23,18814,买盘
470,10:28:15,8.17,-0.01,12,9804,卖盘
471,10:28:21,8.18,0.01,21,17178,买盘
472,10:28:40,8.18,0.0,5,4090,买盘
473,10:28:42,8.18,0.0,5,4090,买盘
474,10:29:03,8.18,0.0,8,6544,买盘
475,10:29:06,8.18,0.0,2,1636,买盘
476,10:29:09,8.18,0.0,300,245400,买盘
477,10:29:27,8.18,0.0,10,8180,买盘
478,10:30:06,8.17,-0.01,217,177289,卖盘
479,10:30:12,8.17,0.0,53,43301,卖盘
480,10:30:15,8.18,0.01,200,163600,买盘
481,10:30:18,8.17,-0.01,77,62909,卖盘
482,10:30:21,8.18,0.01,27,22086,买盘
483,10:30:42,8.18,0.0,50,40900,买盘
484,10:30:48,8.18,0.0,10,8180,买盘
485,10:31:12,8.18,0.0,3,2454,买盘
486,10:31:15,8.17,-0.01,1,817,卖盘
487,10:32:36,8.18,0.01,2,1636,买盘
488,10:32:39,8.18,0.0,10,8180,买盘
489,10:33:00,8.18,0.0,5,4090,买盘
490,10:33:06,8.18,0.0,1,818,买盘
491,10:33:12,8.18,0.0,5,4090,买盘
492,10:33:15,8.18,0.0,1,818,买盘
493,10:34:36,8.18,0.0,2,1636,买盘
494,10:34:57,8.17,-0.01,6,4902,卖盘
495,10:35:24,8.17,0.0,21,17157,卖盘
496,10:35:27,8.17,0.0,217,177289,卖盘
497,10:35:30,8.17,0.0,6,4902,卖盘
498,10:35:36,8.17,0.0,6,4905,卖盘
499,10:35:45,8.17,0.0,12,9814,卖盘
500,10:35:55,8.17,0.0,1,817,卖盘
501,10:36:00,8.17,0.0,9,7353,卖盘
502,10:36:04,8.17,0.0,2,1634,卖盘
503,10:36:06,8.18,0.01,9,7362,买盘
504,10:36:15,8.18,0.0,1,818,买盘
505,10:36:28,8.17,-0.01,169,138086,卖盘
506,10:36:36,8.18,0.01,1,818,买盘
507,10:37:09,8.18,0.0,4,3272,买盘
508,10:37:21,8.18,0.0,394,322292,买盘
509,10:37:36,8.18,0.0,1,818,买盘
510,10:38:06,8.17,-0.01,113,92321,卖盘
511,10:38:09,8.18,0.01,287,234763,买盘
512,10:38:13,8.2,0.02,7,5740,买盘
513,10:38:36,8.19,-0.01,2,1638,买盘
514,10:39:06,8.19,0.0,4,3276,买盘
515,10:39:30,8.19,0.0,6,4914,买盘
516,10:39:51,8.19,0.0,20,16380,买盘
517,10:41:06,8.19,0.0,5,4095,买盘
518,10:41:36,8.19,0.0,1,819,买盘
519,10:41:55,8.18,-0.01,1,818,卖盘
520,10:42:00,8.18,0.0,306,250308,卖盘
521,10:42:06,8.18,0.0,8,6544,买盘
522,10:42:25,8.16,-0.02,46,37577,卖盘
523,10:43:10,8.18,0.02,3,2454,买盘
524,10:43:15,8.16,-0.02,9,7344,卖盘
525,10:43:30,8.16,0.0,10,8160,卖盘
526,10:43:33,8.16,0.0,8,6528,卖盘
527,10:43:36,8.18,0.02,1,818,买盘
528,10:43:45,8.17,-0.01,9,7353,卖盘
529,10:43:57,8.17,0.0,1,817,卖盘
530,10:44:06,8.17,0.0,8,6536,买盘
531,10:44:10,8.18,0.01,10,8180,买盘
532,10:45:06,8.18,0.0,6,4908,买盘
533,10:45:09,8.17,-0.01,4,3268,卖盘
534,10:45:36,8.17,0.0,1,817,买盘
535,10:45:39,8.18,0.01,1,818,买盘
536,10:46:06,8.18,0.0,4,3272,买盘
537,10:46:30,8.16,-0.02,13,10609,卖盘
538,10:46:39,8.18,0.02,2,1636,买盘
539,10:46:42,8.16,-0.02,217,177072,卖盘
540,10:47:04,8.16,0.0,11,8976,卖盘
541,10:47:10,8.17,0.01,5,4085,买盘
542,10:47:12,8.17,0.0,12,9804,买盘
543,10:47:15,8.18,0.01,2,1636,买盘
544,10:47:36,8.17,-0.01,1,817,买盘
545,10:47:51,8.17,0.0,25,20425,买盘
546,10:48:06,8.17,0.0,1,817,买盘
547,10:48:57,8.16,-0.01,5,4080,卖盘
548,10:49:09,8.17,0.01,4,3268,买盘
549,10:49:21,8.17,0.0,20,16340,买盘
550,10:49:24,8.18,0.01,3,2454,买盘
551,10:49:27,8.17,-0.01,14,11438,卖盘
552,10:49:40,8.17,0.0,14,11442,卖盘
553,10:49:43,8.17,0.0,1,817,卖盘
554,10:49:46,8.17,0.0,1,817,买盘
555,10:49:49,8.17,0.0,328,267676,买盘
556,10:50:40,8.17,0.0,1,817,卖盘
557,10:51:18,8.18,0.01,30,24540,买盘
558,10:51:40,8.18,0.0,5,4090,买盘
559,10:51:42,8.18,0.0,1,818,买盘
560,10:51:45,8.18,0.0,134,109612,买盘
561,10:52:09,8.18,0.0,1,818,买盘
562,10:52:12,8.18,0.0,2,1636,买盘
563,10:52:39,8.18,0.0,1,818,买盘
564,10:52:48,8.17,-0.01,7,5719,卖盘
565,10:52:54,8.18,0.01,5,4090,卖盘
566,10:53:27,8.18,0.0,3,2454,买盘
567,10:53:30,8.18,0.0,3,2454,买盘
568,10:53:33,8.18,0.0,3,2454,买盘
569,10:53:37,8.18,0.0,1,818,买盘
570,10:53:40,8.19,0.01,4,3276,买盘
571,10:54:09,8.19,0.0,5,4095,买盘
572,10:54:39,8.19,0.0,1,819,买盘
573,10:54:48,8.18,-0.01,1,818,卖盘
574,10:55:09,8.18,0.0,1,818,买盘
575,10:55:12,8.18,0.0,1,818,买盘
576,10:55:15,8.18,0.0,1,818,买盘
577,10:55:39,8.18,0.0,6,4908,买盘
578,10:55:52,8.18,0.0,9,7362,买盘
579,10:56:09,8.18,0.0,5,4090,买盘
580,10:56:36,8.18,0.0,4,3272,买盘
581,10:56:39,8.18,0.0,13,10634,买盘
582,10:56:42,8.18,0.0,4,3272,买盘
583,10:56:45,8.17,-0.01,1,817,卖盘
584,10:57:10,8.18,0.01,1,818,买盘
585,10:57:18,8.17,-0.01,11,8987,卖盘
586,10:57:39,8.18,0.01,1,818,买盘
587,10:57:54,8.18,0.0,170,139060,买盘
588,10:57:57,8.19,0.01,13,10647,买盘
589,10:58:39,8.19,0.0,1,819,买盘
590,10:59:09,8.18,-0.01,4,3272,买盘
591,10:59:12,8.18,0.0,10,8180,买盘
592,10:59:39,8.18,0.0,1,818,买盘
593,11:00:09,8.18,0.0,1,818,买盘
594,11:00:39,8.18,0.0,1,818,买盘
595,11:01:18,8.17,-0.01,10,8170,卖盘
596,11:01:21,8.18,0.01,2,1636,买盘
597,11:01:48,8.17,-0.01,9,7353,卖盘
598,11:02:03,8.17,0.0,1,817,卖盘
599,11:02:09,8.18,0.01,1,818,买盘
600,11:02:36,8.18,0.0,2,1636,买盘
601,11:03:06,8.18,0.0,2,1636,买盘
602,11:03:39,8.18,0.0,1,818,买盘
603,11:03:42,8.17,-0.01,1,817,卖盘
604,11:04:39,8.18,0.01,6,4908,买盘
605,11:04:42,8.18,0.0,15,12270,买盘
606,11:04:48,8.17,-0.01,217,177289,卖盘
607,11:05:09,8.18,0.01,4,3272,买盘
608,11:05:25,8.17,-0.01,8,6536,卖盘
609,11:05:33,8.17,0.0,6,4902,卖盘
610,11:05:36,8.17,0.0,13,10621,卖盘
611,11:05:39,8.17,0.0,7,5720,卖盘
612,11:05:45,8.17,0.0,20,16340,卖盘
613,11:05:51,8.17,0.0,69,56373,卖盘
614,11:05:54,8.17,0.0,1,817,卖盘
615,11:05:57,8.17,0.0,1,817,卖盘
616,11:06:00,8.17,0.0,70,57190,卖盘
617,11:06:09,8.17,0.0,6,4902,买盘
618,11:06:39,8.17,0.0,1,817,买盘
619,11:06:54,8.16,-0.01,855,697680,卖盘
620,11:06:57,8.16,0.0,17,13872,卖盘
621,11:07:00,8.16,0.0,139,113000,卖盘
622,11:07:03,8.15,-0.01,138,112470,卖盘
623,11:07:06,8.15,0.0,26,21190,卖盘
624,11:07:33,8.15,0.0,6,4890,卖盘
625,11:08:04,8.15,0.0,405,330075,卖盘
626,11:08:09,8.17,0.02,13,10609,买盘
627,11:08:39,8.17,0.0,2,1634,买盘
628,11:09:06,8.15,-0.02,10,8150,卖盘
629,11:09:39,8.16,0.01,7,5712,买盘
630,11:09:42,8.16,0.0,2,1632,买盘
631,11:09:48,8.15,-0.01,5,4075,卖盘
632,11:09:54,8.15,0.0,1106,901390,卖盘
633,11:09:57,8.15,0.0,46,37490,卖盘
634,11:10:00,8.15,0.0,134,109210,卖盘
635,11:10:03,8.15,0.0,28,22841,卖盘
636,11:10:06,8.15,0.0,5,4075,卖盘
637,11:10:09,8.16,0.01,5,4080,买盘
638,11:10:16,8.16,0.0,74,60367,买盘
639,11:10:39,8.16,0.0,1,816,买盘
640,11:10:42,8.16,0.0,13,10608,买盘
641,11:11:09,8.16,0.0,6,4896,买盘
642,11:11:27,8.15,-0.01,217,176955,卖盘
643,11:11:54,8.15,0.0,79,64385,买盘
644,11:12:06,8.15,0.0,41,33415,买盘
645,11:12:24,8.17,0.02,52,42484,买盘
646,11:12:39,8.17,0.0,6,4902,买盘
647,11:13:09,8.17,0.0,1,817,买盘
648,11:13:39,8.17,0.0,1,817,买盘
649,11:14:09,8.17,0.0,1,817,买盘
650,11:14:24,8.16,-0.01,6,4896,卖盘
651,11:14:33,8.15,-0.01,12,9784,卖盘
652,11:14:42,8.15,0.0,7,5707,卖盘
653,11:15:12,8.15,0.0,15,12231,卖盘
654,11:15:27,8.15,0.0,6,4890,卖盘
655,11:15:43,8.17,0.02,1,817,买盘
656,11:15:49,8.17,0.0,51,41667,买盘
657,11:16:03,8.15,-0.02,67,54605,卖盘
658,11:16:12,8.17,0.02,1,817,买盘
659,11:16:51,8.16,-0.01,10,8160,卖盘
660,11:16:54,8.16,0.0,13,10608,买盘
661,11:17:57,8.15,-0.01,22,17930,卖盘
662,11:18:00,8.16,0.01,2,1632,买盘
663,11:18:06,8.15,-0.01,395,321925,卖盘
664,11:18:30,8.15,0.0,50,40750,买盘
665,11:18:57,8.15,0.0,16,13040,买盘
666,11:19:30,8.15,0.0,3,2445,卖盘
667,11:20:12,8.15,0.0,26,21190,卖盘
668,11:20:39,8.16,0.01,1,816,买盘
669,11:20:54,8.16,0.0,20,16320,买盘
670,11:21:37,8.16,0.0,216,176256,买盘
671,11:21:45,8.16,0.0,3,2448,卖盘
672,11:22:15,8.16,0.0,190,155040,卖盘
673,11:22:18,8.17,0.01,13,10611,买盘
674,11:22:21,8.17,0.0,136,111112,买盘
675,11:22:24,8.17,0.0,10,8170,卖盘
676,11:22:33,8.18,0.01,12,9816,买盘
677,11:22:45,8.18,0.0,12,9816,买盘
678,11:22:57,8.17,-0.01,54,44118,卖盘
679,11:25:04,8.16,-0.01,2,1632,卖盘
680,11:25:06,8.17,0.01,2,1634,买盘
681,11:26:12,8.15,-0.02,99,80773,卖盘
682,11:26:27,8.16,0.01,1,816,卖盘
683,11:26:43,8.15,-0.01,9,7335,卖盘
684,11:26:54,8.15,0.0,9,7335,卖盘
685,11:27:00,8.15,0.0,46,37490,卖盘
686,11:27:04,8.16,0.01,15,12240,买盘
687,11:27:06,8.15,-0.01,8,6520,卖盘
688,11:28:33,8.15,0.0,7,5705,卖盘
689,11:28:37,8.17,0.02,16,13072,买盘
690,11:29:18,8.16,-0.01,1,816,卖盘
691,11:29:33,8.16,0.0,38,31008,卖盘
692,13:00:04,8.15,-0.01,6,4890,卖盘
693,13:00:07,8.15,0.0,84,68460,卖盘
694,13:00:19,8.15,0.0,6,4890,卖盘
695,13:00:21,8.15,0.0,10,8150,卖盘
696,13:00:27,8.15,0.0,16,13040,卖盘
697,13:00:30,8.16,0.01,2,1632,买盘
698,13:01:27,8.16,0.0,125,102000,买盘
699,13:01:57,8.16,0.0,100,81600,买盘
700,13:02:39,8.15,-0.01,20,16300,卖盘
701,13:02:42,8.16,0.01,2,1632,买盘
702,13:03:15,8.16,0.0,5,4080,买盘
703,13:03:36,8.16,0.0,10,8160,买盘
704,13:03:48,8.15,-0.01,8,6520,卖盘
705,13:04:09,8.15,0.0,140,114100,卖盘
706,13:04:15,8.15,0.0,3,2445,卖盘
707,13:04:36,8.17,0.02,129,105303,买盘
708,13:04:39,8.18,0.01,13,10634,买盘
709,13:04:48,8.17,-0.01,1,817,卖盘
710,13:04:51,8.17,0.0,8,6536,卖盘
711,13:05:27,8.16,-0.01,6,4896,卖盘
712,13:05:31,8.16,0.0,4,3264,卖盘
713,13:05:36,8.16,0.0,7,5712,卖盘
714,13:05:39,8.16,0.0,4,3264,卖盘
715,13:05:42,8.16,0.0,1,1452,卖盘
716,13:05:45,8.16,0.0,5,4080,卖盘
717,13:05:48,8.16,0.0,1,816,卖盘
718,13:05:51,8.16,0.0,2,996,卖盘
719,13:06:06,8.15,-0.01,6,4890,卖盘
720,13:06:27,8.15,0.0,100,81500,卖盘
721,13:06:48,8.15,0.0,100,81500,卖盘
722,13:07:03,8.15,0.0,900,733500,卖盘
723,13:07:15,8.15,0.0,12,9780,卖盘
724,13:08:33,8.15,0.0,1,815,卖盘
725,13:08:36,8.15,0.0,15,12225,卖盘
726,13:08:51,8.15,0.0,24,19560,卖盘
727,13:08:54,8.15,0.0,8,6520,卖盘
728,13:08:57,8.16,0.01,65,53040,买盘
729,13:09:06,8.16,0.0,42,34272,卖盘
730,13:09:45,8.14,-0.02,580,472188,卖盘
731,13:10:06,8.14,0.0,26,21164,卖盘
732,13:10:13,8.14,0.0,6,4884,卖盘
733,13:10:15,8.14,0.0,6,4884,卖盘
734,13:10:21,8.16,0.02,16,13056,买盘
735,13:10:34,8.14,-0.02,600,488400,卖盘
736,13:10:36,8.14,0.0,6,4884,卖盘
737,13:11:27,8.14,0.0,53,43142,卖盘
738,13:11:31,8.14,0.0,8,6512,卖盘
739,13:11:40,8.15,0.01,14,11410,买盘
740,13:12:00,8.15,0.0,40,32600,卖盘
741,13:12:04,8.16,0.01,13,10608,买盘
742,13:12:16,8.14,-0.02,1,814,卖盘
743,13:14:06,8.15,0.01,3,2445,卖盘
744,13:14:09,8.16,0.01,2,1632,买盘
745,13:14:15,8.15,-0.01,10,8150,卖盘
746,13:14:36,8.15,0.0,7,5705,卖盘
747,13:14:54,8.16,0.01,10,8160,买盘
748,13:15:36,8.15,-0.01,151,123065,卖盘
749,13:16:18,8.14,-0.01,5,4070,卖盘
750,13:16:27,8.14,0.0,296,240944,卖盘
751,13:16:45,8.13,-0.01,5,4065,卖盘
752,13:16:48,8.14,0.01,4,3256,买盘
753,13:16:51,8.14,0.0,10,8140,卖盘
754,13:17:06,8.14,0.0,6,4884,卖盘
755,13:17:09,8.14,0.0,44,35816,卖盘
756,13:17:22,8.13,-0.01,1520,1235760,卖盘
757,13:17:24,8.13,0.0,11,8943,卖盘
758,13:17:39,8.13,0.0,75,60975,卖盘
759,13:17:55,8.12,-0.01,9,7308,卖盘
760,13:18:00,8.12,0.0,500,406000,卖盘
761,13:18:04,8.12,0.0,9,7308,卖盘
762,13:18:15,8.12,0.0,1,812,卖盘
763,13:18:18,8.12,0.0,3,2436,卖盘
764,13:18:49,8.12,0.0,6,4872,卖盘
765,13:18:52,8.13,0.01,13,10569,买盘
766,13:18:57,8.13,0.0,108,87804,买盘
767,13:19:39,8.14,0.01,10,8140,买盘
768,13:20:12,8.13,-0.01,8,6504,卖盘
769,13:20:36,8.13,0.0,10,8130,卖盘
770,13:20:42,8.13,0.0,1,813,卖盘
771,13:21:15,8.13,0.0,9,7317,卖盘
772,13:21:39,8.13,0.0,16,13008,卖盘
773,13:22:01,8.13,0.0,4,3252,卖盘
774,13:22:09,8.14,0.01,25,20350,买盘
775,13:22:16,8.13,-0.01,6,4878,卖盘
776,13:22:39,8.13,0.0,9,7317,卖盘
777,13:22:43,8.14,0.01,12,9758,买盘
778,13:23:06,8.14,0.0,10,8140,买盘
779,13:23:15,8.13,-0.01,299,243087,卖盘
780,13:24:03,8.13,0.0,5,4065,卖盘
781,13:24:16,8.13,0.0,11,8943,卖盘
782,13:24:45,8.13,0.0,9,7317,卖盘
783,13:25:15,8.13,0.0,17,13821,卖盘
784,13:25:33,8.14,0.01,33,26862,买盘
785,13:25:36,8.16,0.02,117,95333,买盘
786,13:25:48,8.15,-0.01,5,4075,卖盘
787,13:26:04,8.15,0.0,2,1630,卖盘
788,13:26:24,8.15,0.0,5,4075,卖盘
789,13:27:45,8.15,0.0,204,166260,卖盘
790,13:27:51,8.15,0.0,50,40750,卖盘
791,13:28:09,8.16,0.01,10,8160,买盘
792,13:28:15,8.15,-0.01,6,4890,卖盘
793,13:28:40,8.16,0.01,2,1632,买盘
794,13:28:45,8.15,-0.01,3,2445,卖盘
795,13:29:06,8.15,0.0,20,16300,卖盘
796,13:29:15,8.15,0.0,6,4890,卖盘
797,13:29:18,8.16,0.01,44,35904,买盘
798,13:29:21,8.16,0.0,7,5712,卖盘
799,13:29:27,8.16,0.0,5,4080,卖盘
800,13:29:30,8.15,-0.01,7,5705,卖盘
801,13:30:24,8.15,0.0,200,163000,卖盘
802,13:30:27,8.16,0.01,15,12240,买盘
803,13:31:57,8.15,-0.01,8,6520,卖盘
804,13:32:42,8.15,0.0,5,4075,卖盘
805,13:32:45,8.16,0.01,13,10608,买盘
806,13:33:00,8.15,-0.01,10,8150,卖盘
807,13:33:12,8.15,0.0,6,4890,卖盘
808,13:33:27,8.15,0.0,200,163000,卖盘
809,13:33:36,8.15,0.0,52,42380,卖盘
810,13:33:39,8.15,0.0,291,237165,卖盘
811,13:33:54,8.14,-0.01,58,47212,卖盘
812,13:33:57,8.14,0.0,10,8140,卖盘
813,13:34:04,8.14,0.0,6,4884,卖盘
814,13:34:09,8.14,0.0,524,426536,卖盘
815,13:34:33,8.13,-0.01,100,81300,卖盘
816,13:34:36,8.12,-0.01,1000,812589,卖盘
817,13:35:12,8.13,0.01,2,1626,买盘
818,13:35:30,8.13,0.0,11,8943,买盘
819,13:35:33,8.13,0.0,6,4878,买盘
820,13:35:36,8.13,0.0,1,813,买盘
821,13:35:39,8.13,0.0,1,813,买盘
822,13:35:42,8.13,0.0,16,13008,卖盘
823,13:35:57,8.13,0.0,4,3252,买盘
824,13:36:39,8.13,0.0,85,69105,卖盘
825,13:36:42,8.13,0.0,2,1626,买盘
826,13:36:45,8.11,-0.02,1000,811872,卖盘
827,13:37:13,8.13,0.02,21,17073,买盘
828,13:37:31,8.11,-0.02,1000,811010,卖盘
829,13:37:39,8.11,0.0,300,243300,卖盘
830,13:37:51,8.13,0.02,19,15447,买盘
831,13:37:58,8.11,-0.02,411,333321,卖盘
832,13:38:06,8.11,0.0,30,24330,买盘
833,13:38:27,8.11,0.0,200,162200,买盘
834,13:38:33,8.11,0.0,21,17031,买盘
835,13:38:48,8.12,0.01,20,16240,买盘
836,13:38:54,8.12,0.0,7,5684,卖盘
837,13:39:04,8.12,0.0,34,27608,卖盘
838,13:39:10,8.13,0.01,50,40650,买盘
839,13:39:24,8.13,0.0,150,121950,买盘
840,13:39:33,8.13,0.0,23,18699,买盘
841,13:39:39,8.13,0.0,100,81300,买盘
842,13:40:10,8.13,0.0,10,8130,卖盘
843,13:40:12,8.14,0.01,14,11396,买盘
844,13:40:31,8.13,-0.01,62,50406,卖盘
845,13:40:33,8.11,-0.02,500,405941,卖盘
846,13:40:36,8.11,0.0,105,85155,卖盘
847,13:40:52,8.11,0.0,6,4866,买盘
848,13:40:57,8.11,0.0,10,8110,买盘
849,13:41:00,8.11,0.0,321,260331,买盘
850,13:41:04,8.11,0.0,10,8110,买盘
851,13:41:06,8.11,0.0,155,125565,买盘
852,13:41:12,8.11,0.0,59,47849,买盘
853,13:41:21,8.1,-0.01,500,405080,卖盘
854,13:41:24,8.13,0.03,345,280485,买盘
855,13:42:15,8.11,-0.02,491,398269,卖盘
856,13:42:18,8.11,0.0,2,1622,买盘
857,13:42:33,8.1,-0.01,136,110160,卖盘
858,13:42:36,8.1,0.0,46,37260,卖盘
859,13:42:48,8.11,0.01,11,8921,买盘
860,13:42:51,8.1,-0.01,6,4860,卖盘
861,13:43:09,8.1,0.0,27,21891,卖盘
862,13:43:15,8.1,0.0,60,48600,卖盘
863,13:43:27,8.11,0.01,80,64880,买盘
864,13:43:30,8.12,0.01,13,10556,买盘
865,13:43:51,8.1,-0.02,800,648128,卖盘
866,13:44:24,8.1,0.0,38,30780,卖盘
867,13:44:27,8.1,0.0,89,72090,卖盘
868,13:44:30,8.11,0.01,8,6488,买盘
869,13:44:34,8.1,-0.01,100,81003,卖盘
870,13:44:48,8.1,0.0,200,162161,卖盘
871,13:44:51,8.1,0.0,70,56711,卖盘
872,13:44:57,8.11,0.01,1,811,卖盘
873,13:45:00,8.12,0.01,14,11367,买盘
874,13:45:18,8.12,0.0,11,8932,买盘
875,13:45:34,8.11,-0.01,72,58402,卖盘
876,13:46:00,8.13,0.02,10,8130,买盘
877,13:46:03,8.13,0.0,21,17074,卖盘
878,13:46:39,8.13,0.0,10,8131,卖盘
879,13:46:48,8.14,0.01,4,3256,卖盘
880,13:46:51,8.14,0.0,22,17908,卖盘
881,13:47:03,8.15,0.01,6,4890,买盘
882,13:47:49,8.11,-0.04,19,15433,卖盘
883,13:48:03,8.13,0.02,6,4878,卖盘
884,13:48:06,8.15,0.02,8,6508,买盘
885,13:50:21,8.12,-0.03,35,28420,卖盘
886,13:50:42,8.12,0.0,30,24360,卖盘
887,13:50:45,8.11,-0.01,36,29202,卖盘
888,13:50:49,8.12,0.01,6,4872,中性盘
889,13:50:57,8.12,0.0,6,4872,卖盘
890,13:51:04,8.11,-0.01,70,56806,卖盘
891,13:52:51,8.13,0.02,1,813,买盘
892,13:52:54,8.13,0.0,15,12195,买盘
893,13:54:36,8.12,-0.01,1,812,卖盘
894,13:54:39,8.13,0.01,15,12195,买盘
895,13:54:48,8.12,-0.01,20,16240,卖盘
896,13:54:51,8.13,0.01,1,813,买盘
897,13:55:03,8.12,-0.01,108,87696,卖盘
898,13:55:48,8.12,0.0,90,73080,卖盘
899,13:56:54,8.12,0.0,1,812,买盘
900,13:57:06,8.12,0.0,142,115304,买盘
901,13:57:09,8.12,0.0,12,9744,卖盘
902,13:57:12,8.13,0.01,51,41463,买盘
903,13:57:18,8.13,0.0,5,4065,卖盘
904,13:57:30,8.13,0.0,44,35772,卖盘
905,13:57:33,8.13,0.0,5,4065,买盘
906,13:57:39,8.13,0.0,45,36585,买盘
907,13:57:51,8.13,0.0,1,813,买盘
908,13:58:03,8.13,0.0,113,91869,买盘
909,13:58:28,8.13,0.0,88,71544,卖盘
910,13:58:31,8.13,0.0,12,9756,买盘
911,13:58:42,8.13,0.0,18,14634,卖盘
912,13:58:51,8.13,0.0,10,8130,买盘
913,13:58:54,8.13,0.0,10,8130,买盘
914,14:00:07,8.12,-0.01,32,25984,卖盘
915,14:00:12,8.12,0.0,6,4872,卖盘
916,14:00:15,8.13,0.01,2,1626,买盘
917,14:00:18,8.13,0.0,7,5691,买盘
918,14:00:24,8.13,0.0,2,1626,买盘
919,14:00:34,8.13,0.0,2,1626,买盘
920,14:00:36,8.12,-0.01,6,4872,卖盘
921,14:00:42,8.12,0.0,18,14616,卖盘
922,14:00:48,8.13,0.01,1,813,买盘
923,14:00:54,8.12,-0.01,15,12180,卖盘
924,14:01:00,8.12,0.0,12,9744,卖盘
925,14:01:04,8.11,-0.01,955,774625,卖盘
926,14:01:06,8.11,0.0,44,35684,买盘
927,14:01:12,8.1,-0.01,32,25920,卖盘
928,14:01:15,8.11,0.01,1,811,买盘
929,14:01:19,8.11,0.0,26,21086,买盘
930,14:01:22,8.11,0.0,8,6488,买盘
931,14:01:33,8.1,-0.01,3,2430,卖盘
932,14:01:36,8.11,0.01,37,30007,买盘
933,14:01:39,8.1,-0.01,2145,1737468,卖盘
934,14:01:42,8.1,0.0,30,24300,买盘
935,14:01:54,8.1,0.0,74,59940,买盘
936,14:01:57,8.09,-0.01,40,32360,卖盘
937,14:02:00,8.1,0.01,757,613170,买盘
938,14:02:03,8.13,0.03,39,31614,买盘
939,14:02:18,8.13,0.0,6,4877,买盘
940,14:02:21,8.13,0.0,8,6504,买盘
941,14:02:36,8.13,0.0,1,813,买盘
942,14:02:45,8.13,0.0,55,44712,买盘
943,14:02:48,8.14,0.01,5,4069,买盘
944,14:02:51,8.1,-0.04,243,196830,卖盘
945,14:02:54,8.1,0.0,66,53460,买盘
946,14:02:57,8.09,-0.01,50,40450,卖盘
947,14:03:10,8.1,0.01,123,99598,买盘
948,14:03:12,8.1,0.0,513,415530,买盘
949,14:03:16,8.1,0.0,69,55890,买盘
950,14:03:18,8.1,0.0,11,8910,买盘
951,14:03:21,8.1,0.0,5,4050,买盘
952,14:03:28,8.1,0.0,217,175770,买盘
953,14:03:31,8.1,0.0,506,409860,买盘
954,14:03:34,8.1,0.0,104,84240,买盘
955,14:03:36,8.1,0.0,185,149850,买盘
956,14:03:42,8.13,0.03,4,3252,买盘
957,14:03:48,8.13,0.0,4,3252,买盘
958,14:03:54,8.13,0.0,68,55284,买盘
959,14:04:01,8.13,0.0,1,813,买盘
960,14:04:04,8.11,-0.02,32,25952,卖盘
961,14:04:06,8.14,0.03,137,111467,买盘
962,14:04:19,8.14,0.0,69,56166,买盘
963,14:04:21,8.14,0.0,9,7326,买盘
964,14:04:42,8.13,-0.01,278,226014,买盘
965,14:04:54,8.13,0.0,109,88617,买盘
966,14:05:03,8.11,-0.02,33,26763,卖盘
967,14:05:06,8.13,0.02,124,100812,买盘
968,14:05:09,8.13,0.0,5,4065,卖盘
969,14:05:19,8.14,0.01,68,55352,买盘
970,14:05:21,8.13,-0.01,7,5691,中性盘
971,14:05:40,8.13,0.0,300,243900,买盘
972,14:05:42,8.13,0.0,193,156909,买盘
973,14:05:48,8.13,0.0,18,14642,卖盘
974,14:05:51,8.14,0.01,9,7326,买盘
975,14:05:54,8.14,0.0,111,90354,买盘
976,14:05:57,8.14,0.0,100,81400,买盘
977,14:06:03,8.13,-0.01,32,26016,卖盘
978,14:06:06,8.14,0.01,9,7326,买盘
979,14:06:12,8.14,0.0,1,814,买盘
980,14:06:15,8.14,0.0,89,72446,买盘
981,14:06:27,8.15,0.01,78,63509,买盘
982,14:06:34,8.15,0.0,8,6520,买盘
983,14:06:39,8.15,0.0,97,79055,买盘
984,14:06:48,8.15,0.0,9,7335,买盘
985,14:06:54,8.15,0.0,68,55420,买盘
986,14:07:04,8.13,-0.02,30,24390,卖盘
987,14:07:06,8.13,0.0,11,8967,卖盘
988,14:07:18,8.14,0.01,4,3256,买盘
989,14:07:36,8.15,0.01,9,7335,买盘
990,14:07:39,8.15,0.0,98,79870,买盘
991,14:07:42,8.15,0.0,13,10595,卖盘
992,14:07:48,8.16,0.01,8,6528,买盘
993,14:07:51,8.16,0.0,9,7344,买盘
994,14:07:57,8.16,0.0,109,88944,买盘
995,14:08:04,8.16,0.0,152,124002,买盘
996,14:08:09,8.16,0.0,50,40800,卖盘
997,14:08:16,8.17,0.01,2,1634,买盘
998,14:08:19,8.16,-0.01,58,47336,卖盘
999,14:08:21,8.16,0.0,21,17136,卖盘
1000,14:08:24,8.16,0.0,58,47328,买盘
1001,14:08:27,8.16,0.0,6,4896,买盘
1002,14:08:36,8.16,0.0,123,100368,买盘
1003,14:08:42,8.16,0.0,12,9792,买盘
1004,14:08:48,8.17,0.01,111,90687,买盘
1005,14:08:51,8.17,0.0,9,7353,买盘
1006,14:08:57,8.16,-0.01,113,92299,卖盘
1007,14:09:04,8.17,0.01,58,47355,买盘
1008,14:09:06,8.17,0.0,1,817,买盘
1009,14:09:15,8.16,-0.01,10,8160,卖盘
1010,14:09:21,8.17,0.01,101,82517,买盘
1011,14:09:33,8.17,0.0,128,104576,买盘
1012,14:09:42,8.17,0.0,62,50654,买盘
1013,14:09:45,8.18,0.01,103,84218,买盘
1014,14:09:48,8.18,0.0,4,3272,买盘
1015,14:09:52,8.18,0.0,9,7362,买盘
1016,14:10:04,8.18,0.0,97,79346,买盘
1017,14:10:06,8.17,-0.01,54,44094,买盘
1018,14:10:19,8.17,0.0,8,6536,买盘
1019,14:10:22,8.17,0.0,9,7353,买盘
1020,14:10:24,8.17,0.0,6,4902,买盘
1021,14:10:30,8.16,-0.01,50,40800,卖盘
1022,14:10:33,8.17,0.01,107,87419,买盘
1023,14:10:36,8.17,0.0,10,8170,买盘
1024,14:10:39,8.17,0.0,151,123367,买盘
1025,14:10:42,8.17,0.0,3,2451,买盘
1026,14:10:46,8.17,0.0,3,2451,买盘
1027,14:10:49,8.17,0.0,13,10623,买盘
1028,14:10:51,8.18,0.01,123,100587,买盘
1029,14:10:54,8.17,-0.01,10,8170,卖盘
1030,14:11:04,8.16,-0.01,31,25296,卖盘
1031,14:11:06,8.18,0.02,256,209353,买盘
1032,14:11:15,8.16,-0.02,7,5712,卖盘
1033,14:11:21,8.16,0.0,12,9792,卖盘
1034,14:11:27,8.18,0.02,103,84254,买盘
1035,14:11:57,8.16,-0.02,2,1632,卖盘
1036,14:12:04,8.18,0.02,85,69470,买盘
1037,14:12:18,8.18,0.0,11,8998,买盘
1038,14:12:24,8.18,0.0,107,87526,买盘
1039,14:12:36,8.18,0.0,92,75256,买盘
1040,14:12:54,8.18,0.0,158,129244,买盘
1041,14:13:04,8.16,-0.02,33,26932,卖盘
1042,14:13:09,8.19,0.03,58,47474,买盘
1043,14:13:18,8.18,-0.01,3,2454,买盘
1044,14:13:21,8.18,0.0,2,1636,买盘
1045,14:13:33,8.19,0.01,13,10647,买盘
1046,14:13:42,8.18,-0.01,20,16360,买盘
1047,14:13:48,8.19,0.01,17,13917,买盘
1048,14:14:03,8.19,0.0,121,98971,买盘
1049,14:14:15,8.19,0.0,107,87582,买盘
1050,14:14:21,8.18,-0.01,1,818,买盘
1051,14:14:24,8.18,0.0,1,818,买盘
1052,14:14:33,8.18,0.0,1,818,买盘
1053,14:14:36,8.18,0.0,1,818,买盘
1054,14:14:39,8.18,0.0,1,818,买盘
1055,14:14:42,8.18,0.0,1,818,买盘
1056,14:14:48,8.18,0.0,16,13088,买盘
1057,14:14:51,8.18,0.0,2,1636,买盘
1058,14:14:54,8.19,0.01,113,92516,买盘
1059,14:15:06,8.19,0.0,148,121104,买盘
1060,14:15:15,8.18,-0.01,1,818,中性盘
1061,14:15:39,8.19,0.01,207,169363,买盘
1062,14:15:48,8.19,0.0,117,95823,买盘
1063,14:15:57,8.19,0.0,68,55667,买盘
1064,14:16:03,8.19,0.0,44,35937,买盘
1065,14:16:18,8.18,-0.01,18,14724,买盘
1066,14:16:24,8.19,0.01,234,191576,买盘
1067,14:16:48,8.18,-0.01,15,12270,买盘
1068,14:17:03,8.18,0.0,157,128326,买盘
1069,14:17:13,8.18,0.0,50,40900,买盘
1070,14:17:15,8.16,-0.02,15,12240,卖盘
1071,14:17:18,8.18,0.02,118,96621,买盘
1072,14:17:24,8.18,0.0,5,4090,买盘
1073,14:17:30,8.16,-0.02,121,98912,卖盘
1074,14:17:33,8.18,0.02,1,818,买盘
1075,14:17:36,8.18,0.0,1,818,买盘
1076,14:17:48,8.18,0.0,6,4908,买盘
1077,14:17:54,8.17,-0.01,6,4902,卖盘
1078,14:18:00,8.18,0.01,156,127608,买盘
1079,14:18:03,8.17,-0.01,32,26144,卖盘
1080,14:18:06,8.17,0.0,8,6536,卖盘
1081,14:18:09,8.18,0.01,38,31072,买盘
1082,14:18:12,8.19,0.01,251,205549,买盘
1083,14:18:16,8.18,-0.01,64,52364,卖盘
1084,14:18:36,8.19,0.01,2,1638,买盘
1085,14:18:39,8.18,-0.01,10,8183,卖盘
1086,14:18:49,8.18,0.0,50,40900,卖盘
1087,14:18:55,8.18,0.0,41,33538,卖盘
1088,14:19:00,8.18,0.0,25,20450,卖盘
1089,14:19:05,8.18,0.0,31,25358,卖盘
1090,14:19:18,8.18,0.0,28,22916,卖盘
1091,14:19:24,8.19,0.01,22,18018,买盘
1092,14:19:27,8.18,-0.01,10,8180,卖盘
1093,14:19:33,8.19,0.01,22,18018,买盘
1094,14:19:39,8.18,-0.01,1,818,卖盘
1095,14:19:42,8.18,0.0,29,23722,卖盘
1096,14:19:48,8.18,0.0,1,818,卖盘
1097,14:19:51,8.18,0.0,6,4908,卖盘
1098,14:19:57,8.18,0.0,14,11452,卖盘
1099,14:20:04,8.18,0.0,31,26094,卖盘
1100,14:20:09,8.18,0.0,203,165318,卖盘
1101,14:20:18,8.17,-0.01,2,1635,卖盘
1102,14:20:25,8.16,-0.01,871,711235,卖盘
1103,14:20:33,8.16,0.0,1,816,卖盘
1104,14:21:03,8.16,0.0,1,816,卖盘
1105,14:21:18,8.16,0.0,1,816,卖盘
1106,14:21:24,8.16,0.0,1,816,卖盘
1107,14:21:30,8.17,0.01,1,817,买盘
1108,14:21:48,8.16,-0.01,2,1632,卖盘
1109,14:21:54,8.16,0.0,16,13056,卖盘
1110,14:22:04,8.16,0.0,2,1632,卖盘
1111,14:22:48,8.16,0.0,1,816,卖盘
1112,14:22:54,8.16,0.0,3,2448,卖盘
1113,14:22:57,8.16,0.0,1,816,卖盘
1114,14:23:04,8.16,0.0,1,816,卖盘
1115,14:23:21,8.17,0.01,15,12255,买盘
1116,14:23:48,8.17,0.0,1,817,买盘
1117,14:23:51,8.17,0.0,2,1634,买盘
1118,14:23:58,8.17,0.0,7,5719,买盘
1119,14:24:09,8.17,0.0,4,3268,买盘
1120,14:24:18,8.16,-0.01,1,816,卖盘
1121,14:24:48,8.16,0.0,1,816,卖盘
1122,14:25:09,8.17,0.01,6,4902,买盘
1123,14:25:18,8.17,0.0,13,10621,买盘
1124,14:25:27,8.17,0.0,66,53922,买盘
1125,14:25:39,8.17,0.0,8,6536,卖盘
1126,14:26:24,8.17,0.0,177,144609,卖盘
1127,14:26:33,8.17,0.0,5,4085,卖盘
1128,14:26:46,8.17,0.0,42,34314,卖盘
1129,14:27:18,8.17,0.0,1,817,卖盘
1130,14:27:24,8.16,-0.01,135,110172,卖盘
1131,14:27:36,8.16,0.0,6,4896,卖盘
1132,14:27:39,8.16,0.0,6,4896,卖盘
1133,14:27:45,8.17,0.01,2,1634,买盘
1134,14:27:48,8.16,-0.01,1,816,卖盘
1135,14:28:04,8.16,0.0,1,816,卖盘
1136,14:28:18,8.17,0.01,4,3266,买盘
1137,14:28:21,8.16,-0.01,5,4080,卖盘
1138,14:28:33,8.17,0.01,4,3268,买盘
1139,14:28:39,8.17,0.0,1,817,买盘
1140,14:28:45,8.17,0.0,1,817,买盘
1141,14:28:51,8.17,0.0,19,15523,买盘
1142,14:28:57,8.17,0.0,4,3268,买盘
1143,14:29:00,8.18,0.01,2,1636,买盘
1144,14:29:18,8.18,0.0,2,1636,买盘
1145,14:29:33,8.18,0.0,15,12270,买盘
1146,14:29:39,8.18,0.0,2,1636,买盘
1147,14:30:21,8.18,0.0,2,1636,买盘
1148,14:30:30,8.17,-0.01,8,6536,卖盘
1149,14:30:33,8.17,0.0,1,817,买盘
1150,14:30:36,8.17,0.0,3,2451,买盘
1151,14:30:39,8.17,0.0,1,817,买盘
1152,14:30:42,8.17,0.0,1,817,买盘
1153,14:30:45,8.17,0.0,1,817,买盘
1154,14:30:48,8.17,0.0,1,817,买盘
1155,14:30:51,8.17,0.0,1,817,买盘
1156,14:30:54,8.17,0.0,11,8987,买盘
1157,14:31:16,8.17,0.0,1,817,卖盘
1158,14:31:21,8.18,0.01,1,818,买盘
1159,14:31:30,8.18,0.0,1,818,买盘
1160,14:31:48,8.18,0.0,2,1636,买盘
1161,14:32:04,8.18,0.0,2,1636,买盘
1162,14:32:06,8.18,0.0,2,1636,买盘
1163,14:32:12,8.18,0.0,2,1636,买盘
1164,14:32:42,8.18,0.0,220,179960,买盘
1165,14:33:09,8.17,-0.01,40,32680,卖盘
1166,14:33:27,8.18,0.01,1,818,买盘
1167,14:33:33,8.17,-0.01,8,6536,卖盘
1168,14:33:39,8.17,0.0,10,8170,卖盘
1169,14:34:18,8.17,0.0,30,24510,卖盘
1170,14:34:42,8.17,0.0,5,4085,卖盘
1171,14:34:48,8.17,0.0,3,2451,卖盘
1172,14:35:06,8.18,0.01,1,818,买盘
1173,14:35:18,8.17,-0.01,4,3268,卖盘
1174,14:35:21,8.17,0.0,11,8987,卖盘
1175,14:35:27,8.17,0.0,2,1634,买盘
1176,14:35:30,8.17,0.0,5,4085,买盘
1177,14:35:33,8.17,0.0,7,5719,买盘
1178,14:35:36,8.17,0.0,68,55556,买盘
1179,14:35:40,8.18,0.01,8,6538,买盘
1180,14:35:42,8.18,0.0,20,16360,买盘
1181,14:35:45,8.17,-0.01,60,49062,卖盘
1182,14:35:48,8.18,0.01,21,17178,买盘
1183,14:35:51,8.18,0.0,26,21268,买盘
1184,14:35:54,8.18,0.0,24,19632,买盘
1185,14:35:57,8.19,0.01,270,220906,买盘
1186,14:36:00,8.18,-0.01,112,91691,卖盘
1187,14:36:04,8.18,0.0,16,13088,买盘
1188,14:36:06,8.18,0.0,2,1636,买盘
1189,14:36:09,8.18,0.0,3,2454,买盘
1190,14:36:12,8.18,0.0,2,1636,买盘
1191,14:36:15,8.18,0.0,3,2454,买盘
1192,14:36:19,8.18,0.0,44,35992,买盘
1193,14:36:30,8.18,0.0,10,8180,卖盘
1194,14:37:10,8.18,0.0,40,32720,卖盘
1195,14:37:24,8.18,0.0,61,49898,卖盘
1196,14:37:45,8.18,0.0,2,1636,买盘
1197,14:37:48,8.18,0.0,4,3272,买盘
1198,14:37:51,8.18,0.0,2,1636,买盘
1199,14:37:54,8.18,0.0,9,7362,买盘
1200,14:38:00,8.18,0.0,2,1636,买盘
1201,14:38:06,8.18,0.0,1,818,买盘
1202,14:38:10,8.18,0.0,15,12270,买盘
1203,14:38:13,8.18,0.0,4,3272,买盘
1204,14:38:15,8.18,0.0,3,2454,买盘
1205,14:38:24,8.17,-0.01,6,4902,卖盘
1206,14:38:45,8.17,0.0,1,817,卖盘
1207,14:39:18,8.17,0.0,6,4902,卖盘
1208,14:40:18,8.17,0.0,1,817,卖盘
1209,14:40:48,8.17,0.0,2,1634,卖盘
1210,14:40:51,8.17,0.0,22,17976,卖盘
1211,14:41:10,8.17,0.0,72,58824,卖盘
1212,14:41:18,8.17,0.0,4,3268,卖盘
1213,14:41:48,8.17,0.0,3,2451,卖盘
1214,14:42:06,8.17,0.0,6,4902,卖盘
1215,14:42:19,8.17,0.0,2,1634,卖盘
1216,14:42:22,8.17,0.0,3,2451,卖盘
1217,14:42:24,8.16,-0.01,6,4896,卖盘
1218,14:42:49,8.16,0.0,2,1632,卖盘
1219,14:43:01,8.16,0.0,7,5712,卖盘
1220,14:43:19,8.16,0.0,3,2448,卖盘
1221,14:43:21,8.17,0.01,6,4902,买盘
1222,14:43:24,8.17,0.0,7,5719,卖盘
1223,14:43:39,8.18,0.01,4,3272,买盘
1224,14:44:19,8.17,-0.01,1,817,卖盘
1225,14:44:36,8.17,0.0,9,7353,卖盘
1226,14:44:39,8.17,0.0,1,817,买盘
1227,14:44:48,8.16,-0.01,4,3264,卖盘
1228,14:44:57,8.17,0.01,5,4085,买盘
1229,14:45:06,8.17,0.0,11,8981,买盘
1230,14:45:10,8.17,0.0,5,4085,卖盘
1231,14:45:21,8.16,-0.01,39,31824,卖盘
1232,14:45:45,8.16,0.0,82,66912,卖盘
1233,14:45:48,8.16,0.0,227,185232,卖盘
1234,14:46:06,8.16,0.0,10,8160,买盘
1235,14:46:18,8.15,-0.01,1,815,卖盘
1236,14:46:31,8.16,0.01,100,81600,买盘
1237,14:46:33,8.16,0.0,2,1632,买盘
1238,14:46:48,8.16,0.0,13,10608,买盘
1239,14:47:48,8.15,-0.01,4,3260,卖盘
1240,14:47:54,8.15,0.0,5,4075,卖盘
1241,14:48:18,8.15,0.0,2,1630,卖盘
1242,14:48:36,8.16,0.01,20,16320,买盘
1243,14:48:49,8.15,-0.01,1,815,卖盘
1244,14:49:13,8.16,0.01,10,8160,买盘
1245,14:49:18,8.15,-0.01,3,2445,卖盘
1246,14:49:49,8.15,0.0,92,74980,卖盘
1247,14:49:54,8.15,0.0,6,4890,卖盘
1248,14:50:04,8.15,0.0,5,4075,卖盘
1249,14:50:24,8.16,0.01,6,4896,买盘
1250,14:50:27,8.15,-0.01,2,1630,卖盘
1251,14:50:48,8.15,0.0,50,40750,卖盘
1252,14:50:58,8.15,0.0,9,7335,卖盘
1253,14:51:04,8.15,0.0,170,138569,卖盘
1254,14:51:09,8.15,0.0,1,815,卖盘
1255,14:51:19,8.16,0.01,2,1632,买盘
1256,14:51:30,8.15,-0.01,855,696825,卖盘
1257,14:51:45,8.14,-0.01,1,814,卖盘
1258,14:51:51,8.14,0.0,2,1628,卖盘
1259,14:51:54,8.14,0.0,69,56166,卖盘
1260,14:51:57,8.15,0.01,157,127955,买盘
1261,14:52:00,8.14,-0.01,500,407064,卖盘
1262,14:52:15,8.15,0.01,3,2443,买盘
1263,14:52:39,8.15,0.0,9,7335,卖盘
1264,14:52:46,8.15,0.0,13,10595,卖盘
1265,14:53:00,8.15,0.0,1,815,买盘
1266,14:53:27,8.15,0.0,59,48085,买盘
1267,14:53:42,8.15,0.0,54,44010,卖盘
1268,14:53:54,8.15,0.0,12,9780,卖盘
1269,14:53:58,8.15,0.0,48,39120,买盘
1270,14:54:10,8.15,0.0,3,2445,卖盘
1271,14:54:18,8.15,0.0,50,40750,卖盘
1272,14:54:21,8.15,0.0,1,815,卖盘
1273,14:54:42,8.15,0.0,20,16300,卖盘
1274,14:54:45,8.16,0.01,42,34247,买盘
1275,14:54:51,8.15,-0.01,165,134475,卖盘
1276,14:54:58,8.15,0.0,5,4075,买盘
1277,14:55:01,8.15,0.0,20,16300,买盘
1278,14:55:24,8.14,-0.01,22,17908,卖盘
1279,14:55:27,8.14,0.0,45,36630,卖盘
1280,14:55:36,8.15,0.01,4,3259,买盘
1281,14:55:39,8.15,0.0,1,815,买盘
1282,14:55:42,8.15,0.0,29,23612,买盘
1283,14:55:46,8.15,0.0,2,1630,买盘
1284,14:55:54,8.15,0.0,1,815,买盘
1285,14:56:03,8.15,0.0,5,4075,买盘
1286,14:56:18,8.14,-0.01,60,48840,卖盘
1287,14:56:21,8.15,0.01,46,37457,买盘
1288,14:56:27,8.14,-0.01,60,48840,卖盘
1289,14:56:33,8.15,0.01,1,815,买盘
1290,14:56:45,8.14,-0.01,131,106644,卖盘
1291,14:56:51,8.15,0.01,1,815,买盘
1292,14:56:54,8.14,-0.01,150,122100,卖盘
1293,15:00:04,8.19,0.05,2000,1638000,买盘
