,time,price,change,volume,amount,type
0,09:25:05,14.72,-0.09,365,537280,买盘
1,09:30:05,14.72,0.0,69,101521,中性盘
2,09:30:07,14.71,-0.01,160,235378,卖盘
3,09:30:10,14.71,0.0,22,32341,买盘
4,09:30:13,14.71,0.0,7,10295,买盘
5,09:30:25,14.68,-0.03,49,71941,卖盘
6,09:30:28,14.68,0.0,1,1468,买盘
7,09:30:31,14.68,0.0,1,1468,中性盘
8,09:30:34,14.67,-0.01,56,82152,卖盘
9,09:30:37,14.68,0.01,2,2936,买盘
10,09:30:40,14.68,0.0,12,17616,买盘
11,09:30:43,14.67,-0.01,19,27880,卖盘
12,09:30:52,14.67,0.0,101,148177,卖盘
13,09:30:58,14.68,0.01,5,7340,卖盘
14,09:31:07,14.69,0.01,33,48477,买盘
15,09:31:10,14.68,-0.01,10,14680,卖盘
16,09:31:16,14.69,0.01,7,10283,中性盘
17,09:31:19,14.68,-0.01,15,22020,卖盘
18,09:31:22,14.68,0.0,53,77804,买盘
19,09:31:31,14.68,0.0,8,11744,买盘
20,09:31:34,14.68,0.0,10,14680,买盘
21,09:31:37,14.68,0.0,4,5872,买盘
22,09:31:40,14.67,-0.01,36,52827,卖盘
23,09:31:43,14.68,0.01,51,74847,买盘
24,09:31:49,14.68,0.0,18,26424,买盘
25,09:32:01,14.69,0.01,7,10281,买盘
26,09:32:04,14.7,0.01,7,10290,买盘
27,09:32:10,14.7,0.0,20,29400,卖盘
28,09:32:13,14.71,0.01,45,66195,买盘
29,09:32:16,14.7,-0.01,2,2940,卖盘
30,09:32:22,14.71,0.01,9,13237,买盘
31,09:32:28,14.7,-0.01,10,14700,卖盘
32,09:32:37,14.7,0.0,95,139650,卖盘
33,09:32:40,14.71,0.01,27,39692,买盘
34,09:32:46,14.69,-0.02,11,16159,卖盘
35,09:32:49,14.71,0.02,13,19120,买盘
36,09:32:52,14.7,-0.01,27,39690,卖盘
37,09:32:55,14.71,0.01,17,25007,买盘
38,09:33:04,14.7,-0.01,83,122055,卖盘
39,09:33:07,14.71,0.01,5,7355,买盘
40,09:33:10,14.71,0.0,22,32362,买盘
41,09:33:13,14.72,0.01,3,4414,买盘
42,09:33:16,14.71,-0.01,2,2946,卖盘
43,09:33:22,14.75,0.04,12,17700,买盘
44,09:33:28,14.74,-0.01,1,1474,卖盘
45,09:33:34,14.74,0.0,22,32444,卖盘
46,09:33:49,14.73,-0.01,5,7365,卖盘
47,09:33:52,14.72,-0.01,30,44160,卖盘
48,09:33:55,14.74,0.02,155,228312,买盘
49,09:33:58,14.75,0.01,4,5900,买盘
50,09:34:04,14.75,0.0,29,42747,买盘
51,09:34:13,14.75,0.0,12,17700,买盘
52,09:34:16,14.75,0.0,3,4425,买盘
53,09:34:19,14.76,0.01,1,1476,卖盘
54,09:34:22,14.76,0.0,35,51660,卖盘
55,09:34:25,14.76,0.0,19,28044,卖盘
56,09:34:28,14.75,-0.01,67,98852,卖盘
57,09:34:34,14.77,0.02,78,115181,买盘
58,09:34:37,14.77,0.0,7,10339,卖盘
59,09:34:40,14.75,-0.02,40,59034,卖盘
60,09:34:43,14.74,-0.01,10,14740,卖盘
61,09:34:46,14.74,0.0,35,51602,卖盘
62,09:34:49,14.74,0.0,66,97285,卖盘
63,09:34:52,14.75,0.01,21,30974,买盘
64,09:34:55,14.74,-0.01,27,39799,卖盘
65,09:34:58,14.75,0.01,10,14750,买盘
66,09:35:01,14.75,0.0,32,47200,买盘
67,09:35:04,14.75,0.0,34,50150,卖盘
68,09:35:07,14.74,-0.01,57,84057,卖盘
69,09:35:10,14.74,0.0,1,1474,买盘
70,09:35:13,14.72,-0.02,11,16192,卖盘
71,09:35:16,14.72,0.0,3,4416,卖盘
72,09:35:19,14.72,0.0,1,1472,买盘
73,09:35:22,14.69,-0.03,49,72030,卖盘
74,09:35:28,14.69,0.0,36,52966,卖盘
75,09:35:37,14.69,0.0,5,7345,卖盘
76,09:35:40,14.69,0.0,10,14690,卖盘
77,09:35:49,14.69,0.0,2,2938,卖盘
78,09:35:58,14.69,0.0,31,45539,卖盘
79,09:36:04,14.68,-0.01,35,51380,卖盘
80,09:36:07,14.68,0.0,5,7340,卖盘
81,09:36:13,14.68,0.0,2,2936,卖盘
82,09:36:16,14.68,0.0,5,7340,卖盘
83,09:36:31,14.69,0.01,79,115929,买盘
84,09:36:34,14.67,-0.02,6,8802,卖盘
85,09:36:40,14.68,0.01,19,27892,买盘
86,09:36:43,14.68,0.0,5,7340,买盘
87,09:36:46,14.67,-0.01,47,68949,卖盘
88,09:36:49,14.67,0.0,1,1467,买盘
89,09:36:52,14.67,0.0,6,8802,买盘
90,09:36:55,14.67,0.0,22,32258,买盘
91,09:36:58,14.67,0.0,6,8802,卖盘
92,09:37:01,14.66,-0.01,44,64575,卖盘
93,09:37:04,14.68,0.02,22,32296,买盘
94,09:37:10,14.69,0.01,65,95445,买盘
95,09:37:13,14.67,-0.02,50,73351,卖盘
96,09:37:16,14.68,0.01,7,10276,买盘
97,09:37:19,14.68,0.0,18,26424,卖盘
98,09:37:43,14.71,0.03,9,13239,买盘
99,09:38:01,14.69,-0.02,1,1469,卖盘
100,09:38:22,14.69,0.0,30,44070,卖盘
101,09:38:28,14.69,0.0,16,23504,卖盘
102,09:38:40,14.72,0.03,11,16192,买盘
103,09:38:55,14.72,0.0,2,2944,卖盘
104,09:39:01,14.7,-0.02,7,10300,卖盘
105,09:39:13,14.7,0.0,15,22050,卖盘
106,09:39:19,14.7,0.0,1,1470,卖盘
107,09:39:25,14.7,0.0,23,33810,卖盘
108,09:39:31,14.7,0.0,22,32340,卖盘
109,09:39:37,14.7,0.0,13,19105,买盘
110,09:39:46,14.69,-0.01,20,29387,卖盘
111,09:39:49,14.71,0.02,3,4411,买盘
112,09:39:55,14.68,-0.03,8,11744,卖盘
113,09:40:22,14.7,0.02,4,5880,买盘
114,09:40:40,14.71,0.01,18,26478,买盘
115,09:40:52,14.71,0.0,5,7355,卖盘
116,09:40:58,14.71,0.0,1,1471,买盘
117,09:41:10,14.71,0.0,30,44130,买盘
118,09:41:13,14.71,0.0,24,35304,买盘
119,09:41:25,14.7,-0.01,21,30880,卖盘
120,09:41:37,14.7,0.0,23,33810,卖盘
121,09:41:49,14.71,0.01,45,66169,买盘
122,09:41:58,14.71,0.0,13,19132,卖盘
123,09:42:01,14.72,0.01,50,73600,买盘
124,09:42:04,14.73,0.01,111,163396,买盘
125,09:42:07,14.74,0.01,5,7370,买盘
126,09:42:10,14.73,-0.01,22,32415,卖盘
127,09:42:19,14.73,0.0,1,1473,卖盘
128,09:42:31,14.75,0.02,5,7375,买盘
129,09:42:34,14.73,-0.02,13,19149,卖盘
130,09:42:49,14.75,0.02,20,29500,买盘
131,09:42:52,14.75,0.0,3,4425,卖盘
132,09:42:55,14.75,0.0,31,45726,卖盘
133,09:43:01,14.76,0.01,6,8856,买盘
134,09:43:07,14.75,-0.01,19,28025,卖盘
135,09:43:13,14.76,0.01,13,19188,买盘
136,09:43:22,14.76,0.0,8,11808,卖盘
137,09:43:28,14.77,0.01,53,78231,买盘
138,09:43:37,14.75,-0.02,9,13275,卖盘
139,09:43:40,14.76,0.01,3,4428,买盘
140,09:43:43,14.75,-0.01,1,1475,卖盘
141,09:43:46,14.76,0.01,18,26568,买盘
142,09:43:49,14.76,0.0,34,50184,卖盘
143,09:44:19,14.77,0.01,64,94474,买盘
144,09:44:22,14.76,-0.01,148,218463,卖盘
145,09:44:28,14.77,0.01,15,22155,买盘
146,09:44:31,14.77,0.0,29,42833,卖盘
147,09:44:37,14.78,0.01,42,62076,买盘
148,09:44:43,14.78,0.0,6,8868,买盘
149,09:44:52,14.78,0.0,20,29560,卖盘
150,09:45:01,14.78,0.0,17,25126,卖盘
151,09:45:07,14.78,0.0,1,1478,卖盘
152,09:45:10,14.76,-0.02,53,78294,卖盘
153,09:45:16,14.79,0.03,28,41411,买盘
154,09:45:31,14.79,0.0,10,14790,买盘
155,09:45:40,14.79,0.0,18,26622,买盘
156,09:45:43,14.79,0.0,45,66555,卖盘
157,09:45:46,14.79,0.0,47,69513,卖盘
158,09:45:55,14.79,0.0,203,300237,卖盘
159,09:46:04,14.79,0.0,29,42875,买盘
160,09:46:10,14.77,-0.02,11,16247,卖盘
161,09:46:16,14.79,0.02,13,19207,买盘
162,09:46:31,14.77,-0.02,300,443100,卖盘
163,09:46:37,14.77,0.0,22,32482,买盘
164,09:46:40,14.78,0.01,92,135936,买盘
165,09:46:43,14.79,0.01,15,22175,买盘
166,09:46:46,14.79,0.0,7,10353,买盘
167,09:46:52,14.78,-0.01,7,10346,卖盘
168,09:46:58,14.78,0.0,45,66515,卖盘
169,09:47:10,14.79,0.01,2,2958,买盘
170,09:47:13,14.79,0.0,7,10353,买盘
171,09:47:31,14.79,0.0,16,23664,买盘
172,09:47:43,14.78,-0.01,13,19222,卖盘
173,09:47:46,14.78,0.0,7,10346,卖盘
174,09:47:49,14.78,0.0,16,23658,卖盘
175,09:47:58,14.78,0.0,2,2956,卖盘
176,09:48:04,14.78,0.0,21,31038,卖盘
177,09:48:19,14.78,0.0,19,28082,买盘
178,09:48:28,14.78,0.0,2,2956,卖盘
179,09:48:31,14.78,0.0,5,7390,卖盘
180,09:48:58,14.79,0.01,9,13311,买盘
181,09:49:19,14.79,0.0,21,31059,买盘
182,09:49:22,14.75,-0.04,70,103293,卖盘
183,09:49:28,14.75,0.0,3,4425,买盘
184,09:49:52,14.75,0.0,10,14750,买盘
185,09:50:37,14.76,0.01,5,7380,卖盘
186,09:50:40,14.76,0.0,1,1476,卖盘
187,09:50:49,14.76,0.0,2,2952,卖盘
188,09:50:52,14.78,0.02,2,2956,买盘
189,09:51:13,14.77,-0.01,6,8862,卖盘
190,09:51:25,14.77,0.0,10,14770,买盘
191,09:51:34,14.78,0.01,21,31020,买盘
192,09:51:46,14.78,0.0,2,2956,买盘
193,09:51:49,14.78,0.0,6,8868,买盘
194,09:52:01,14.78,0.0,1,1478,卖盘
195,09:52:07,14.78,0.0,13,19214,卖盘
196,09:52:19,14.78,0.0,8,11824,买盘
197,09:52:25,14.77,-0.01,8,11816,卖盘
198,09:52:40,14.77,0.0,4,5908,卖盘
199,09:53:01,14.76,-0.01,41,60534,卖盘
200,09:53:10,14.77,0.01,1,1477,卖盘
201,09:53:25,14.75,-0.02,21,30993,卖盘
202,09:53:40,14.75,0.0,2,2950,卖盘
203,09:53:46,14.75,0.0,6,8851,卖盘
204,09:53:52,14.75,0.0,21,30975,卖盘
205,09:53:55,14.75,0.0,3,4425,卖盘
206,09:54:07,14.75,0.0,1,1475,卖盘
207,09:54:22,14.75,0.0,10,14750,卖盘
208,09:54:34,14.75,0.0,1,1475,卖盘
209,09:55:04,14.75,0.0,8,11800,卖盘
210,09:55:40,14.75,0.0,30,44250,卖盘
211,09:55:43,14.76,0.01,4,5904,买盘
212,09:55:49,14.75,-0.01,11,16225,卖盘
213,09:55:55,14.75,0.0,10,14750,卖盘
214,09:55:58,14.75,0.0,2,2950,卖盘
215,09:56:01,14.75,0.0,6,8850,卖盘
216,09:56:07,14.75,0.0,22,32450,卖盘
217,09:56:19,14.75,0.0,34,50150,买盘
218,09:56:25,14.75,0.0,1,1475,卖盘
219,09:56:46,14.75,0.0,10,14750,买盘
220,09:56:49,14.74,-0.01,5,7370,卖盘
221,09:57:04,14.74,0.0,30,44220,卖盘
222,09:57:52,14.74,0.0,10,14740,卖盘
223,09:58:01,14.74,0.0,10,14740,卖盘
224,09:58:43,14.75,0.01,5,7375,买盘
225,09:58:52,14.73,-0.02,137,201852,卖盘
226,09:58:58,14.74,0.01,1,1474,买盘
227,09:59:28,14.73,-0.01,9,13257,卖盘
228,09:59:43,14.74,0.01,60,88390,买盘
229,10:00:10,14.73,-0.01,2,2946,卖盘
230,10:00:28,14.74,0.01,20,29480,买盘
231,10:00:43,14.74,0.0,3,4422,买盘
232,10:00:46,14.74,0.0,1,1474,卖盘
233,10:00:52,14.74,0.0,7,10318,卖盘
234,10:00:55,14.74,0.0,10,14740,买盘
235,10:01:01,14.73,-0.01,7,10311,卖盘
236,10:01:04,14.73,0.0,1,1473,卖盘
237,10:01:10,14.74,0.01,13,19162,中性盘
238,10:01:28,14.75,0.01,1,1475,买盘
239,10:01:31,14.74,-0.01,3,4422,卖盘
240,10:01:40,14.75,0.01,45,66375,买盘
241,10:01:46,14.76,0.01,2,2952,买盘
242,10:01:49,14.76,0.0,55,81180,买盘
243,10:01:52,14.76,0.0,33,48708,买盘
244,10:01:55,14.76,0.0,15,22140,买盘
245,10:01:58,14.77,0.01,55,81208,买盘
246,10:02:07,14.79,0.02,1,1479,买盘
247,10:02:10,14.79,0.0,4,5916,买盘
248,10:02:16,14.79,0.0,2,2958,卖盘
249,10:02:22,14.8,0.01,2,2960,买盘
250,10:02:25,14.8,0.0,14,20720,买盘
251,10:02:31,14.8,0.0,6,8880,买盘
252,10:02:43,14.8,0.0,18,26640,买盘
253,10:02:46,14.8,0.0,1,1480,买盘
254,10:03:04,14.81,0.01,24,35538,买盘
255,10:03:16,14.8,-0.01,32,47372,卖盘
256,10:03:19,14.8,0.0,1,1480,买盘
257,10:03:34,14.8,0.0,8,11840,买盘
258,10:03:37,14.8,0.0,9,13320,买盘
259,10:04:04,14.8,0.0,5,7400,卖盘
260,10:04:07,14.79,-0.01,73,107990,卖盘
261,10:04:10,14.82,0.03,16,23712,买盘
262,10:04:13,14.82,0.0,16,23712,买盘
263,10:04:22,14.82,0.0,62,91829,买盘
264,10:04:31,14.82,0.0,25,37050,买盘
265,10:04:58,14.82,0.0,12,17784,买盘
266,10:05:01,14.81,-0.01,1,1481,卖盘
267,10:05:07,14.8,-0.01,71,105080,卖盘
268,10:05:43,14.8,0.0,32,47360,卖盘
269,10:05:49,14.79,-0.01,40,59160,卖盘
270,10:05:58,14.79,0.0,1,1479,买盘
271,10:06:04,14.79,0.0,1,1479,卖盘
272,10:06:07,14.79,0.0,7,10353,买盘
273,10:06:16,14.78,-0.01,12,17736,卖盘
274,10:06:25,14.78,0.0,2,2956,卖盘
275,10:06:43,14.78,0.0,3,4434,卖盘
276,10:06:46,14.78,0.0,1,1478,卖盘
277,10:07:07,14.78,0.0,7,10346,卖盘
278,10:07:25,14.78,0.0,3,4434,买盘
279,10:07:34,14.78,0.0,13,19214,卖盘
280,10:07:40,14.79,0.01,5,7391,买盘
281,10:08:01,14.77,-0.02,30,44310,卖盘
282,10:08:24,14.77,0.0,6,8862,卖盘
283,10:09:01,14.79,0.02,7,10353,买盘
284,10:09:52,14.79,0.0,57,84283,买盘
285,10:09:58,14.8,0.01,56,82880,买盘
286,10:10:07,14.8,0.0,8,11840,卖盘
287,10:10:10,14.8,0.0,18,26640,卖盘
288,10:10:16,14.8,0.0,5,7400,买盘
289,10:10:19,14.79,-0.01,21,31059,卖盘
290,10:10:25,14.79,0.0,6,8874,卖盘
291,10:10:31,14.8,0.01,5,7400,买盘
292,10:10:34,14.79,-0.01,103,152347,卖盘
293,10:10:37,14.79,0.0,23,34017,卖盘
294,10:10:40,14.79,0.0,2,2958,买盘
295,10:10:49,14.77,-0.02,3,4431,卖盘
296,10:10:52,14.77,0.0,1,1477,卖盘
297,10:10:55,14.77,0.0,67,98959,卖盘
298,10:11:01,14.76,-0.01,41,60516,卖盘
299,10:11:04,14.77,0.01,200,295400,买盘
300,10:11:10,14.77,0.0,40,59051,买盘
301,10:11:13,14.76,-0.01,3,4428,卖盘
302,10:11:25,14.77,0.01,2,2954,买盘
303,10:11:28,14.77,0.0,21,31017,买盘
304,10:11:31,14.77,0.0,1,1477,卖盘
305,10:11:58,14.77,0.0,1,1477,卖盘
306,10:12:07,14.77,0.0,1,1477,卖盘
307,10:12:13,14.77,0.0,1,1477,买盘
308,10:12:16,14.77,0.0,3,4431,卖盘
309,10:12:25,14.78,0.01,2,2956,买盘
310,10:12:28,14.77,-0.01,8,11816,卖盘
311,10:12:55,14.77,0.0,12,17727,卖盘
312,10:12:58,14.77,0.0,3,4431,买盘
313,10:13:16,14.77,0.0,7,10339,买盘
314,10:13:22,14.77,0.0,1,1477,买盘
315,10:13:25,14.76,-0.01,15,22140,卖盘
316,10:13:34,14.77,0.01,30,44310,买盘
317,10:13:37,14.77,0.0,4,5908,卖盘
318,10:14:16,14.78,0.01,1,1478,买盘
319,10:14:22,14.78,0.0,1,1478,买盘
320,10:14:25,14.78,0.0,5,7390,买盘
321,10:14:28,14.78,0.0,3,4434,买盘
322,10:14:31,14.78,0.0,1,1478,卖盘
323,10:14:37,14.78,0.0,5,7390,卖盘
324,10:15:07,14.79,0.01,10,14790,买盘
325,10:15:10,14.79,0.0,5,7395,买盘
326,10:15:34,14.79,0.0,14,20706,卖盘
327,10:15:43,14.79,0.0,4,5916,买盘
328,10:15:46,14.79,0.0,1,1479,买盘
329,10:16:04,14.79,0.0,4,5916,买盘
330,10:16:06,14.79,0.0,8,11832,买盘
331,10:16:10,14.79,0.0,2,2958,卖盘
332,10:16:18,14.78,-0.01,4,5912,卖盘
333,10:16:25,14.78,0.0,14,20692,卖盘
334,10:16:52,14.78,0.0,3,4434,买盘
335,10:16:55,14.78,0.0,10,14780,卖盘
336,10:17:01,14.79,0.01,1,1479,卖盘
337,10:17:46,14.8,0.01,24,35520,买盘
338,10:17:55,14.81,0.01,5,7405,买盘
339,10:18:22,14.81,0.0,20,29620,买盘
340,10:18:25,14.81,0.0,60,88860,买盘
341,10:18:31,14.81,0.0,1,1481,买盘
342,10:18:37,14.81,0.0,1,1481,买盘
343,10:18:43,14.81,0.0,3,4443,买盘
344,10:18:49,14.81,0.0,6,8886,买盘
345,10:18:58,14.81,0.0,4,5924,买盘
346,10:19:07,14.82,0.01,14,20748,买盘
347,10:19:13,14.82,0.0,1,1482,卖盘
348,10:19:19,14.83,0.01,10,14830,买盘
349,10:19:25,14.83,0.0,3,4447,买盘
350,10:19:28,14.83,0.0,5,7415,买盘
351,10:19:34,14.83,0.0,5,7415,买盘
352,10:19:37,14.82,-0.01,75,111150,卖盘
353,10:19:40,14.83,0.01,6,8898,买盘
354,10:19:46,14.83,0.0,2,2966,卖盘
355,10:19:49,14.83,0.0,6,8898,买盘
356,10:19:52,14.82,-0.01,1,1482,卖盘
357,10:19:58,14.82,0.0,1,1482,卖盘
358,10:20:07,14.84,0.02,80,118581,买盘
359,10:20:10,14.82,-0.02,14,20748,卖盘
360,10:20:19,14.8,-0.02,31,45880,卖盘
361,10:20:22,14.8,0.0,11,16280,卖盘
362,10:20:25,14.8,0.0,6,8880,买盘
363,10:20:28,14.82,0.02,5,7410,买盘
364,10:20:31,14.79,-0.03,11,16269,卖盘
365,10:20:49,14.78,-0.01,13,19214,卖盘
366,10:20:52,14.78,0.0,9,13302,卖盘
367,10:21:19,14.77,-0.01,16,23632,卖盘
368,10:21:22,14.77,0.0,1,1477,卖盘
369,10:21:25,14.78,0.01,10,14780,买盘
370,10:21:28,14.77,-0.01,1,1477,卖盘
371,10:21:31,14.77,0.0,6,8862,卖盘
372,10:21:55,14.77,0.0,14,20678,卖盘
373,10:21:58,14.77,0.0,10,14770,买盘
374,10:22:19,14.77,0.0,3,4431,买盘
375,10:22:28,14.77,0.0,42,62034,买盘
376,10:22:31,14.77,0.0,1,1477,卖盘
377,10:22:34,14.76,-0.01,40,59067,卖盘
378,10:22:37,14.77,0.01,2,2954,卖盘
379,10:22:43,14.77,0.0,2,2954,卖盘
380,10:22:58,14.78,0.01,2,2956,买盘
381,10:23:31,14.78,0.0,2,2956,买盘
382,10:23:37,14.78,0.0,1,1478,买盘
383,10:23:46,14.78,0.0,1,1478,卖盘
384,10:23:49,14.78,0.0,44,65072,卖盘
385,10:23:52,14.78,0.0,1,1478,买盘
386,10:23:55,14.78,0.0,3,4434,买盘
387,10:24:31,14.78,0.0,15,22171,卖盘
388,10:24:55,14.8,0.02,2,2960,买盘
389,10:24:58,14.78,-0.02,15,22170,卖盘
390,10:25:04,14.78,0.0,2,2956,卖盘
391,10:25:07,14.78,0.0,2,2956,卖盘
392,10:25:22,14.79,0.01,1,1479,卖盘
393,10:25:28,14.8,0.01,11,16280,买盘
394,10:25:55,14.81,0.01,14,20733,买盘
395,10:25:58,14.81,0.0,5,7405,买盘
396,10:26:01,14.81,0.0,4,5924,买盘
397,10:26:10,14.8,-0.01,10,14800,卖盘
398,10:26:19,14.8,0.0,14,20720,卖盘
399,10:26:22,14.82,0.02,9,13335,买盘
400,10:26:40,14.82,0.0,5,7410,买盘
401,10:27:07,14.82,0.0,5,7410,买盘
402,10:27:19,14.81,-0.01,2,2962,卖盘
403,10:27:25,14.82,0.01,10,14820,买盘
404,10:27:28,14.81,-0.01,5,7405,买盘
405,10:27:49,14.81,0.0,28,41468,买盘
406,10:27:52,14.8,-0.01,61,90280,卖盘
407,10:27:58,14.8,0.0,4,5920,卖盘
408,10:28:18,14.8,0.0,10,14800,买盘
409,10:28:24,14.8,0.0,2,2960,买盘
410,10:28:27,14.8,0.0,5,7400,买盘
411,10:29:51,14.8,0.0,18,26640,买盘
412,10:30:04,14.8,0.0,2,2960,买盘
413,10:30:07,14.8,0.0,5,7400,卖盘
414,10:30:13,14.8,0.0,6,8880,卖盘
415,10:30:43,14.79,-0.01,19,28101,卖盘
416,10:31:01,14.79,0.0,17,25143,买盘
417,10:31:25,14.78,-0.01,5,7390,卖盘
418,10:31:28,14.78,0.0,10,14780,卖盘
419,10:31:49,14.78,0.0,4,5912,卖盘
420,10:32:01,14.78,0.0,3,4434,买盘
421,10:32:16,14.77,-0.01,15,22155,卖盘
422,10:32:37,14.78,0.01,21,31038,买盘
423,10:32:40,14.78,0.0,3,4434,买盘
424,10:32:49,14.78,0.0,36,53208,买盘
425,10:32:52,14.78,0.0,1,1478,卖盘
426,10:32:55,14.79,0.01,8,11832,买盘
427,10:32:58,14.79,0.0,6,8874,买盘
428,10:33:01,14.79,0.0,5,7395,买盘
429,10:33:04,14.79,0.0,25,36975,买盘
430,10:33:16,14.8,0.01,1,1480,买盘
431,10:33:22,14.8,0.0,5,7400,买盘
432,10:33:25,14.81,0.01,29,42929,买盘
433,10:33:28,14.8,-0.01,2,2960,中性盘
434,10:33:31,14.8,0.0,15,22200,卖盘
435,10:33:37,14.8,0.0,2,2960,买盘
436,10:33:43,14.79,-0.01,3,4437,卖盘
437,10:33:55,14.79,0.0,2,2958,卖盘
438,10:34:07,14.79,0.0,13,19237,卖盘
439,10:34:16,14.8,0.01,15,22200,买盘
440,10:34:28,14.79,-0.01,1,1479,卖盘
441,10:34:31,14.79,0.0,2,2958,卖盘
442,10:34:46,14.79,0.0,26,38454,卖盘
443,10:34:58,14.79,0.0,1,1479,买盘
444,10:35:07,14.78,-0.01,75,110850,卖盘
445,10:35:13,14.78,0.0,5,7390,卖盘
446,10:35:25,14.77,-0.01,1,1477,卖盘
447,10:35:28,14.77,0.0,1,1477,卖盘
448,10:35:37,14.77,0.0,5,7385,卖盘
449,10:35:40,14.77,0.0,5,7385,卖盘
450,10:35:49,14.77,0.0,26,38403,卖盘
451,10:35:55,14.76,-0.01,127,187452,卖盘
452,10:35:58,14.76,0.0,13,19188,买盘
453,10:36:04,14.76,0.0,7,10332,卖盘
454,10:36:19,14.75,-0.01,6,8850,卖盘
455,10:36:22,14.75,0.0,36,53100,卖盘
456,10:36:31,14.74,-0.01,31,45694,卖盘
457,10:36:37,14.73,-0.01,21,30933,卖盘
458,10:36:43,14.73,0.0,1,1473,买盘
459,10:36:58,14.73,0.0,5,7365,买盘
460,10:37:01,14.72,-0.01,28,41216,卖盘
461,10:37:04,14.72,0.0,18,26496,买盘
462,10:37:10,14.71,-0.01,7,10297,卖盘
463,10:37:16,14.72,0.01,56,82432,买盘
464,10:37:19,14.73,0.01,2,2946,买盘
465,10:37:22,14.73,0.0,16,23562,买盘
466,10:37:49,14.72,-0.01,30,44166,卖盘
467,10:37:52,14.74,0.02,2,2948,买盘
468,10:37:58,14.74,0.0,4,5896,买盘
469,10:38:04,14.72,-0.02,2,2944,卖盘
470,10:38:07,14.74,0.02,3,4422,买盘
471,10:38:31,14.76,0.02,9,13284,买盘
472,10:38:37,14.74,-0.02,1,1474,卖盘
473,10:38:46,14.76,0.02,4,5904,买盘
474,10:39:10,14.77,0.01,101,149115,买盘
475,10:39:13,14.77,0.0,10,14770,卖盘
476,10:39:25,14.77,0.0,5,7385,卖盘
477,10:39:37,14.77,0.0,15,22155,卖盘
478,10:40:16,14.76,-0.01,3,4428,卖盘
479,10:40:19,14.75,-0.01,26,38350,卖盘
480,10:40:22,14.75,0.0,1,1475,买盘
481,10:40:43,14.75,0.0,50,73750,买盘
482,10:40:55,14.74,-0.01,5,7374,卖盘
483,10:41:37,14.74,0.0,2,2948,卖盘
484,10:41:43,14.74,0.0,5,7370,卖盘
485,10:41:46,14.72,-0.02,60,88381,卖盘
486,10:41:49,14.71,-0.01,7,10301,卖盘
487,10:41:55,14.72,0.01,1,1472,买盘
488,10:42:01,14.71,-0.01,50,73550,卖盘
489,10:42:04,14.72,0.01,1,1472,买盘
490,10:42:16,14.72,0.0,13,19136,买盘
491,10:42:19,14.72,0.0,10,14720,卖盘
492,10:42:40,14.72,0.0,16,23552,卖盘
493,10:42:49,14.74,0.02,2,2948,买盘
494,10:42:55,14.72,-0.02,9,13248,卖盘
495,10:42:58,14.72,0.0,14,20608,卖盘
496,10:43:13,14.72,0.0,3,4416,买盘
497,10:43:19,14.72,0.0,7,10304,买盘
498,10:43:22,14.72,0.0,2,2944,卖盘
499,10:43:55,14.72,0.0,4,5888,卖盘
500,10:44:04,14.72,0.0,1,1472,卖盘
501,10:44:37,14.72,0.0,1,1472,卖盘
502,10:44:46,14.72,0.0,4,5889,卖盘
503,10:44:49,14.74,0.02,10,14736,买盘
504,10:44:58,14.74,0.0,17,25058,买盘
505,10:45:04,14.74,0.0,34,50116,卖盘
506,10:45:07,14.74,0.0,1,1474,卖盘
507,10:45:10,14.75,0.01,9,13269,买盘
508,10:45:49,14.73,-0.02,5,7365,卖盘
509,10:45:52,14.74,0.01,2,2948,买盘
510,10:46:07,14.73,-0.01,60,88341,卖盘
511,10:47:10,14.73,0.0,1,1473,买盘
512,10:47:13,14.73,0.0,8,11784,买盘
513,10:47:16,14.73,0.0,35,51555,买盘
514,10:47:46,14.73,0.0,27,39771,卖盘
515,10:47:52,14.73,0.0,10,14730,卖盘
516,10:47:58,14.73,0.0,1,1473,卖盘
517,10:48:15,14.72,-0.01,50,73600,卖盘
518,10:48:21,14.73,0.01,2,2946,买盘
519,10:48:25,14.72,-0.01,14,20614,卖盘
520,10:48:28,14.73,0.01,3,4419,买盘
521,10:48:43,14.72,-0.01,10,14720,卖盘
522,10:48:49,14.73,0.01,2,2946,买盘
523,10:48:55,14.72,-0.01,5,7361,卖盘
524,10:49:07,14.73,0.01,2,2946,卖盘
525,10:49:10,14.73,0.0,10,14730,卖盘
526,10:49:13,14.74,0.01,1,1474,买盘
527,10:49:16,14.74,0.0,38,56012,买盘
528,10:49:19,14.74,0.0,2,2948,卖盘
529,10:49:28,14.74,0.0,2,2948,卖盘
530,10:49:37,14.75,0.01,22,32450,买盘
531,10:49:46,14.75,0.0,48,70800,买盘
532,10:49:55,14.75,0.0,9,13275,卖盘
533,10:50:13,14.74,-0.01,29,42766,卖盘
534,10:50:19,14.74,0.0,5,7370,买盘
535,10:50:22,14.74,0.0,4,5896,买盘
536,10:50:25,14.74,0.0,12,17688,买盘
537,10:50:49,14.74,0.0,2,2948,卖盘
538,10:50:52,14.75,0.01,21,30975,买盘
539,10:51:16,14.76,0.01,5,7380,买盘
540,10:51:25,14.75,-0.01,2,2950,卖盘
541,10:51:46,14.75,0.0,15,22125,卖盘
542,10:51:49,14.76,0.01,2,2952,买盘
543,10:52:04,14.76,0.0,6,8856,买盘
544,10:52:28,14.75,-0.01,5,7375,卖盘
545,10:52:43,14.76,0.01,5,7380,买盘
546,10:52:58,14.75,-0.01,2,2950,卖盘
547,10:53:22,14.75,0.0,20,29500,卖盘
548,10:53:25,14.75,0.0,21,30979,卖盘
549,10:53:28,14.75,0.0,55,81125,买盘
550,10:54:43,14.75,0.0,17,25075,买盘
551,10:54:52,14.75,0.0,7,10325,买盘
552,10:55:01,14.75,0.0,1,1475,买盘
553,10:55:04,14.75,0.0,29,42775,买盘
554,10:55:55,14.75,0.0,30,44250,买盘
555,10:56:01,14.75,0.0,5,7375,买盘
556,10:56:04,14.74,-0.01,10,14740,卖盘
557,10:56:12,14.74,0.0,2,2948,卖盘
558,10:56:21,14.74,0.0,11,16214,卖盘
559,10:56:24,14.74,0.0,18,26532,卖盘
560,10:56:31,14.74,0.0,2,2948,卖盘
561,10:56:37,14.74,0.0,11,16214,卖盘
562,10:56:40,14.75,0.01,5,7375,买盘
563,10:56:55,14.74,-0.01,5,7370,卖盘
564,10:57:04,14.74,0.0,2,2948,卖盘
565,10:57:16,14.73,-0.01,60,88380,卖盘
566,10:57:19,14.73,0.0,8,11784,卖盘
567,10:57:34,14.73,0.0,12,17676,卖盘
568,10:57:52,14.73,0.0,5,7365,卖盘
569,10:57:58,14.73,0.0,7,10311,卖盘
570,10:58:00,14.73,0.0,5,7365,买盘
571,10:58:22,14.72,-0.01,39,57408,卖盘
572,10:58:31,14.72,0.0,10,14720,买盘
573,10:58:37,14.72,0.0,17,25024,买盘
574,10:58:40,14.72,0.0,4,5888,买盘
575,10:58:43,14.72,0.0,1,1472,卖盘
576,10:58:49,14.72,0.0,5,7360,买盘
577,10:58:55,14.72,0.0,27,39744,买盘
578,10:59:04,14.72,0.0,6,8832,卖盘
579,10:59:10,14.72,0.0,11,16192,卖盘
580,10:59:13,14.72,0.0,6,8832,卖盘
581,10:59:25,14.72,0.0,5,7360,买盘
582,10:59:31,14.72,0.0,10,14720,买盘
583,10:59:40,14.72,0.0,3,4416,买盘
584,10:59:46,14.72,0.0,20,29440,买盘
585,10:59:55,14.71,-0.01,6,8826,卖盘
586,11:00:01,14.71,0.0,51,75021,卖盘
587,11:00:10,14.71,0.0,18,26478,卖盘
588,11:00:16,14.7,-0.01,5,7350,卖盘
589,11:00:25,14.71,0.01,10,14710,买盘
590,11:00:40,14.7,-0.01,22,32340,卖盘
591,11:00:46,14.7,0.0,2,2940,卖盘
592,11:00:49,14.7,0.0,35,51450,卖盘
593,11:00:55,14.7,0.0,8,11760,卖盘
594,11:00:57,14.7,0.0,12,17640,卖盘
595,11:01:06,14.7,0.0,24,35280,卖盘
596,11:01:22,14.69,-0.01,16,23504,卖盘
597,11:01:25,14.69,0.0,10,14690,卖盘
598,11:01:33,14.69,0.0,10,14690,卖盘
599,11:01:43,14.69,0.0,3,4407,卖盘
600,11:01:46,14.69,0.0,29,42601,卖盘
601,11:01:49,14.69,0.0,1,1469,买盘
602,11:02:06,14.68,-0.01,15,22020,卖盘
603,11:02:10,14.68,0.0,219,321492,卖盘
604,11:02:13,14.68,0.0,3,4404,买盘
605,11:02:16,14.66,-0.02,11,16126,卖盘
606,11:02:21,14.66,0.0,12,17592,卖盘
607,11:02:25,14.66,0.0,1,1466,买盘
608,11:02:36,14.66,0.0,3,4398,买盘
609,11:02:46,14.66,0.0,15,21990,买盘
610,11:02:49,14.66,0.0,6,8796,卖盘
611,11:02:52,14.66,0.0,5,7330,买盘
612,11:02:55,14.66,0.0,3,4398,卖盘
613,11:03:15,14.67,0.01,2,2934,买盘
614,11:03:24,14.67,0.0,1,1467,买盘
615,11:03:27,14.65,-0.02,70,102591,卖盘
616,11:03:31,14.66,0.01,7,10262,买盘
617,11:03:40,14.66,0.0,10,14660,卖盘
618,11:03:49,14.66,0.0,7,10262,卖盘
619,11:04:00,14.66,0.0,12,17592,卖盘
620,11:04:07,14.67,0.01,1,1467,买盘
621,11:04:13,14.67,0.0,10,14670,买盘
622,11:04:16,14.67,0.0,2,2934,买盘
623,11:04:19,14.67,0.0,6,8801,买盘
624,11:04:21,14.67,0.0,63,92421,买盘
625,11:04:27,14.67,0.0,50,73350,卖盘
626,11:04:31,14.68,0.01,4,5872,买盘
627,11:04:37,14.68,0.0,59,86612,买盘
628,11:05:07,14.68,0.0,2,2936,卖盘
629,11:05:15,14.71,0.03,9,13239,买盘
630,11:05:22,14.71,0.0,4,5884,卖盘
631,11:05:28,14.68,-0.03,20,29377,卖盘
632,11:05:43,14.69,0.01,4,5876,买盘
633,11:05:49,14.68,-0.01,10,14681,卖盘
634,11:05:52,14.68,0.0,4,5872,卖盘
635,11:05:55,14.68,0.0,21,30828,卖盘
636,11:06:01,14.69,0.01,2,2938,卖盘
637,11:06:04,14.69,0.0,2,2938,卖盘
638,11:06:10,14.7,0.01,2,2940,买盘
639,11:06:27,14.69,-0.01,2,2938,卖盘
640,11:06:31,14.69,0.0,1,1469,卖盘
641,11:06:34,14.69,0.0,2,2938,卖盘
642,11:06:37,14.69,0.0,8,11752,卖盘
643,11:06:49,14.68,-0.01,19,27892,卖盘
644,11:06:52,14.68,0.0,3,4404,卖盘
645,11:06:55,14.67,-0.01,21,30807,卖盘
646,11:06:58,14.67,0.0,44,64548,卖盘
647,11:07:01,14.66,-0.01,101,148069,卖盘
648,11:07:07,14.65,-0.01,15,21975,卖盘
649,11:07:10,14.65,0.0,6,8790,卖盘
650,11:07:19,14.65,0.0,16,23440,卖盘
651,11:07:22,14.63,-0.02,60,87815,卖盘
652,11:07:25,14.65,0.02,2,2930,买盘
653,11:07:37,14.63,-0.02,7,10241,卖盘
654,11:07:40,14.63,0.0,2,2926,卖盘
655,11:07:49,14.63,0.0,3,4389,买盘
656,11:07:52,14.62,-0.01,10,14620,卖盘
657,11:07:58,14.63,0.01,22,32184,买盘
658,11:08:01,14.63,0.0,9,13167,买盘
659,11:08:04,14.62,-0.01,10,14620,卖盘
660,11:08:07,14.62,0.0,5,7310,卖盘
661,11:08:16,14.63,0.01,4,5852,买盘
662,11:08:19,14.62,-0.01,5,7310,卖盘
663,11:08:22,14.62,0.0,11,16082,卖盘
664,11:08:25,14.62,0.0,9,13158,买盘
665,11:08:28,14.62,0.0,3,4386,买盘
666,11:08:34,14.62,0.0,16,23392,卖盘
667,11:08:37,14.63,0.01,11,16093,买盘
668,11:08:43,14.62,-0.01,22,32183,卖盘
669,11:08:49,14.63,0.01,4,5852,卖盘
670,11:09:01,14.62,-0.01,56,81897,卖盘
671,11:09:19,14.63,0.01,20,29260,买盘
672,11:09:25,14.63,0.0,11,16093,卖盘
673,11:09:28,14.63,0.0,55,80415,买盘
674,11:09:31,14.63,0.0,10,14630,买盘
675,11:09:34,14.63,0.0,24,35112,买盘
676,11:09:43,14.63,0.0,10,14630,卖盘
677,11:09:46,14.65,0.02,5,7325,买盘
678,11:10:01,14.62,-0.03,20,29279,卖盘
679,11:10:16,14.63,0.01,3,4389,买盘
680,11:10:19,14.63,0.0,3,4389,买盘
681,11:10:28,14.63,0.0,8,11704,买盘
682,11:10:49,14.64,0.01,3,4392,卖盘
683,11:11:25,14.63,-0.01,45,65840,卖盘
684,11:11:27,14.63,0.0,6,8778,买盘
685,11:11:49,14.64,0.01,20,29267,卖盘
686,11:11:58,14.64,0.0,5,7320,卖盘
687,11:12:28,14.64,0.0,13,19032,买盘
688,11:12:31,14.64,0.0,15,21960,卖盘
689,11:12:49,14.64,0.0,6,8784,买盘
690,11:12:55,14.63,-0.01,3,4389,卖盘
691,11:13:07,14.63,0.0,8,11704,卖盘
692,11:13:10,14.64,0.01,5,7320,买盘
693,11:13:13,14.63,-0.01,24,35117,卖盘
694,11:13:37,14.65,0.02,1,1465,买盘
695,11:13:40,14.64,-0.01,2,2928,卖盘
696,11:13:43,14.65,0.01,9,13185,买盘
697,11:13:55,14.65,0.0,2,2930,卖盘
698,11:14:07,14.65,0.0,5,7325,卖盘
699,11:15:34,14.64,-0.01,17,24888,卖盘
700,11:15:46,14.62,-0.02,100,146240,卖盘
701,11:15:52,14.62,0.0,4,5848,卖盘
702,11:16:01,14.62,0.0,7,10234,卖盘
703,11:16:13,14.62,0.0,4,5848,卖盘
704,11:16:16,14.62,0.0,46,67258,卖盘
705,11:16:22,14.63,0.01,5,7315,买盘
706,11:16:28,14.62,-0.01,5,7310,卖盘
707,11:16:40,14.62,0.0,6,8772,卖盘
708,11:16:46,14.62,0.0,3,4386,买盘
709,11:17:07,14.62,0.0,3,4386,买盘
710,11:17:25,14.62,0.0,13,19006,买盘
711,11:17:30,14.61,-0.01,246,359550,卖盘
712,11:17:34,14.62,0.01,6,8768,中性盘
713,11:17:43,14.61,-0.01,1,1461,买盘
714,11:17:46,14.61,0.0,9,13149,卖盘
715,11:17:58,14.6,-0.01,2,2920,卖盘
716,11:18:01,14.6,0.0,27,39420,卖盘
717,11:18:04,14.61,0.01,3,4383,买盘
718,11:18:10,14.64,0.03,6,8780,买盘
719,11:18:36,14.63,-0.01,1,1463,卖盘
720,11:19:10,14.63,0.0,10,14630,买盘
721,11:19:16,14.63,0.0,10,14630,买盘
722,11:19:22,14.62,-0.01,10,14620,卖盘
723,11:19:28,14.62,0.0,4,5848,卖盘
724,11:19:31,14.62,0.0,1,1462,卖盘
725,11:19:34,14.62,0.0,50,73110,卖盘
726,11:19:37,14.62,0.0,3,4386,卖盘
727,11:19:43,14.63,0.01,1,1463,卖盘
728,11:19:57,14.62,-0.01,1,1462,卖盘
729,11:20:04,14.63,0.01,5,7315,买盘
730,11:20:22,14.63,0.0,6,8778,买盘
731,11:20:33,14.63,0.0,4,6788,买盘
732,11:20:58,14.64,0.01,10,14640,买盘
733,11:21:07,14.64,0.0,5,7320,买盘
734,11:21:21,14.65,0.01,9,13185,买盘
735,11:21:25,14.65,0.0,8,11713,买盘
736,11:21:52,14.66,0.01,1,1466,买盘
737,11:22:13,14.65,-0.01,2,2930,卖盘
738,11:22:31,14.66,0.01,10,14660,买盘
739,11:22:49,14.67,0.01,5,7335,买盘
740,11:23:22,14.66,-0.01,6,8796,卖盘
741,11:24:48,14.65,-0.01,12,17580,卖盘
742,11:25:01,14.64,-0.01,5,7320,卖盘
743,11:25:39,14.64,0.0,4,5856,买盘
744,11:25:46,14.64,0.0,31,45384,买盘
745,11:26:09,14.63,-0.01,16,23413,卖盘
746,11:26:39,14.64,0.01,1,1464,中性盘
747,11:27:22,14.67,0.03,10,14660,买盘
748,11:27:57,14.66,-0.01,20,29320,买盘
749,11:28:58,14.65,-0.01,10,14650,卖盘
750,11:29:09,14.65,0.0,10,14650,买盘
751,11:29:54,14.64,-0.01,4,5856,卖盘
752,13:00:08,14.66,0.02,104,152231,买盘
753,13:00:10,14.63,-0.03,10,14630,卖盘
754,13:00:19,14.63,0.0,3,4389,卖盘
755,13:00:22,14.63,0.0,8,11704,卖盘
756,13:00:25,14.63,0.0,4,4916,卖盘
757,13:00:40,14.62,-0.01,24,35088,卖盘
758,13:00:43,14.62,0.0,22,32164,卖盘
759,13:00:48,14.61,-0.01,13,18993,卖盘
760,13:00:55,14.6,-0.01,102,149001,卖盘
761,13:00:58,14.61,0.01,49,71545,买盘
762,13:01:19,14.61,0.0,5,7305,买盘
763,13:01:22,14.6,-0.01,33,48180,卖盘
764,13:01:25,14.6,0.0,189,275940,卖盘
765,13:01:28,14.6,0.0,15,21900,卖盘
766,13:01:49,14.6,0.0,2,2920,卖盘
767,13:02:00,14.59,-0.01,58,84650,卖盘
768,13:02:10,14.59,0.0,5,7295,卖盘
769,13:02:21,14.59,0.0,4,5836,卖盘
770,13:02:31,14.6,0.01,107,156041,买盘
771,13:02:34,14.59,-0.01,2,2918,买盘
772,13:02:43,14.58,-0.01,16,23328,卖盘
773,13:02:49,14.58,0.0,16,23328,卖盘
774,13:02:55,14.58,0.0,29,42282,卖盘
775,13:02:58,14.58,0.0,10,14580,卖盘
776,13:03:01,14.58,0.0,21,30618,卖盘
777,13:03:04,14.58,0.0,1,1458,卖盘
778,13:03:07,14.58,0.0,13,18954,卖盘
779,13:03:09,14.57,-0.01,7,10199,卖盘
780,13:03:28,14.57,0.0,30,43710,买盘
781,13:03:37,14.56,-0.01,39,56785,卖盘
782,13:03:40,14.56,0.0,2,2912,卖盘
783,13:03:46,14.57,0.01,3,4371,买盘
784,13:03:55,14.57,0.0,41,59697,买盘
785,13:04:01,14.56,-0.01,51,74256,卖盘
786,13:04:07,14.56,0.0,52,75712,卖盘
787,13:04:13,14.55,-0.01,90,131006,卖盘
788,13:04:16,14.55,0.0,15,21825,卖盘
789,13:04:24,14.55,0.0,33,48015,卖盘
790,13:04:31,14.55,0.0,15,21825,卖盘
791,13:04:46,14.53,-0.02,42,61048,卖盘
792,13:04:55,14.52,-0.01,38,55176,卖盘
793,13:05:07,14.53,0.01,10,14530,买盘
794,13:05:22,14.53,0.0,19,27607,买盘
795,13:05:49,14.53,0.0,17,24703,卖盘
796,13:06:04,14.52,-0.01,62,90024,卖盘
797,13:06:07,14.52,0.0,95,137940,卖盘
798,13:06:22,14.51,-0.01,1,1451,卖盘
799,13:06:25,14.52,0.01,8,11616,买盘
800,13:06:28,14.52,0.0,5,7260,买盘
801,13:06:31,14.51,-0.01,102,148002,卖盘
802,13:06:34,14.52,0.01,1,1452,买盘
803,13:06:37,14.51,-0.01,6,8706,卖盘
804,13:06:40,14.5,-0.01,62,89900,卖盘
805,13:06:55,14.5,0.0,65,94260,卖盘
806,13:06:58,14.51,0.01,5,7255,买盘
807,13:07:04,14.5,-0.01,45,65250,卖盘
808,13:07:07,14.5,0.0,10,14500,卖盘
809,13:07:10,14.5,0.0,19,27565,卖盘
810,13:07:13,14.5,0.0,10,14500,卖盘
811,13:07:19,14.5,0.0,14,20314,卖盘
812,13:07:22,14.5,0.0,10,14500,买盘
813,13:07:34,14.5,0.0,20,29000,买盘
814,13:07:37,14.48,-0.02,97,140499,卖盘
815,13:07:43,14.48,0.0,4,5792,买盘
816,13:07:49,14.48,0.0,10,14480,买盘
817,13:07:52,14.47,-0.01,6,8682,卖盘
818,13:07:55,14.48,0.01,3,4344,买盘
819,13:07:58,14.48,0.0,10,14480,买盘
820,13:08:01,14.48,0.0,3,4344,买盘
821,13:08:04,14.48,0.0,4,5792,买盘
822,13:08:07,14.47,-0.01,6,8682,卖盘
823,13:08:16,14.47,0.0,18,26046,卖盘
824,13:08:19,14.48,0.01,9,13032,买盘
825,13:08:22,14.47,-0.01,17,24599,卖盘
826,13:08:25,14.47,0.0,15,21705,卖盘
827,13:08:28,14.48,0.01,40,57895,买盘
828,13:08:37,14.46,-0.02,10,14466,卖盘
829,13:08:46,14.47,0.01,10,14470,买盘
830,13:08:49,14.47,0.0,2,2894,卖盘
831,13:08:55,14.47,0.0,5,7235,卖盘
832,13:09:06,14.46,-0.01,21,30372,卖盘
833,13:09:19,14.48,0.02,20,28960,买盘
834,13:09:25,14.48,0.0,7,10136,买盘
835,13:09:37,14.48,0.0,4,5792,买盘
836,13:09:40,14.48,0.0,6,8688,买盘
837,13:09:43,14.47,-0.01,28,40516,卖盘
838,13:09:52,14.47,0.0,2,2894,卖盘
839,13:09:55,14.47,0.0,2,2894,买盘
840,13:09:58,14.47,0.0,3,4341,买盘
841,13:10:04,14.47,0.0,15,21705,买盘
842,13:10:07,14.47,0.0,30,43410,买盘
843,13:10:13,14.46,-0.01,4,5784,卖盘
844,13:10:19,14.46,0.0,1,1446,卖盘
845,13:10:25,14.46,0.0,5,7230,卖盘
846,13:10:37,14.45,-0.01,45,65061,卖盘
847,13:10:43,14.45,0.0,2,2890,卖盘
848,13:10:46,14.46,0.01,27,39042,买盘
849,13:10:49,14.45,-0.01,56,80923,卖盘
850,13:10:55,14.46,0.01,1,1446,买盘
851,13:10:58,14.46,0.0,3,4336,买盘
852,13:11:13,14.45,-0.01,40,57800,卖盘
853,13:11:16,14.46,0.01,5,7230,买盘
854,13:11:34,14.46,0.0,2,2892,买盘
855,13:11:37,14.46,0.0,11,15906,买盘
856,13:11:40,14.46,0.0,31,44826,买盘
857,13:11:46,14.46,0.0,31,44813,买盘
858,13:11:49,14.45,-0.01,50,72265,卖盘
859,13:11:52,14.45,0.0,31,44802,卖盘
860,13:11:55,14.45,0.0,11,15895,买盘
861,13:12:05,14.45,0.0,43,62135,买盘
862,13:12:07,14.45,0.0,9,13005,买盘
863,13:12:16,14.47,0.02,73,105631,买盘
864,13:12:19,14.47,0.0,7,10127,买盘
865,13:12:28,14.47,0.0,14,20258,买盘
866,13:12:34,14.48,0.01,35,50647,买盘
867,13:12:43,14.48,0.0,14,20272,买盘
868,13:12:52,14.48,0.0,4,5792,买盘
869,13:13:10,14.48,0.0,1,1448,买盘
870,13:13:28,14.47,-0.01,7,10129,卖盘
871,13:13:31,14.48,0.01,1,1448,买盘
872,13:13:34,14.48,0.0,5,7240,买盘
873,13:13:43,14.48,0.0,20,28960,买盘
874,13:13:52,14.48,0.0,29,41977,买盘
875,13:13:58,14.48,0.0,6,8688,买盘
876,13:14:19,14.48,0.0,2,2896,卖盘
877,13:14:40,14.48,0.0,3,4344,买盘
878,13:15:04,14.49,0.01,3,4347,买盘
879,13:15:07,14.49,0.0,1,1449,买盘
880,13:15:10,14.49,0.0,4,5796,买盘
881,13:15:22,14.49,0.0,2,2898,买盘
882,13:15:25,14.49,0.0,3,4347,买盘
883,13:15:28,14.49,0.0,5,7245,买盘
884,13:15:46,14.49,0.0,6,8694,买盘
885,13:16:19,14.49,0.0,11,15939,买盘
886,13:16:34,14.49,0.0,3,4347,卖盘
887,13:16:43,14.5,0.01,8,11600,买盘
888,13:16:58,14.49,-0.01,4,5796,卖盘
889,13:17:01,14.49,0.0,7,10143,卖盘
890,13:17:04,14.49,0.0,1,1449,买盘
891,13:17:19,14.48,-0.01,5,7240,卖盘
892,13:17:25,14.48,0.0,84,121632,卖盘
893,13:17:39,14.47,-0.01,22,31834,卖盘
894,13:17:46,14.48,0.01,32,46336,买盘
895,13:17:55,14.47,-0.01,2,2894,卖盘
896,13:17:58,14.47,0.0,6,8682,卖盘
897,13:18:01,14.47,0.0,30,43410,卖盘
898,13:18:07,14.47,0.0,11,15917,卖盘
899,13:18:16,14.46,-0.01,18,26028,卖盘
900,13:18:19,14.46,0.0,188,271848,卖盘
901,13:18:31,14.46,0.0,3,4338,卖盘
902,13:18:39,14.46,0.0,3,4338,卖盘
903,13:18:43,14.47,0.01,2,2894,买盘
904,13:19:10,14.46,-0.01,8,11568,卖盘
905,13:19:13,14.46,0.0,1,1446,卖盘
906,13:19:19,14.46,0.0,7,10122,卖盘
907,13:19:25,14.46,0.0,7,10122,卖盘
908,13:19:31,14.46,0.0,13,18798,卖盘
909,13:19:34,14.46,0.0,3,4338,买盘
910,13:19:52,14.46,0.0,10,14460,买盘
911,13:20:01,14.45,-0.01,131,189295,卖盘
912,13:20:05,14.45,0.0,4,5780,买盘
913,13:20:10,14.45,0.0,5,7225,买盘
914,13:20:16,14.45,0.0,5,7225,买盘
915,13:20:25,14.44,-0.01,7,10108,卖盘
916,13:20:34,14.44,0.0,10,14440,卖盘
917,13:20:37,14.44,0.0,19,27436,卖盘
918,13:20:40,14.44,0.0,2,2888,卖盘
919,13:20:49,14.45,0.01,1,1445,买盘
920,13:20:52,14.44,-0.01,39,56316,卖盘
921,13:20:58,14.44,0.0,27,38988,卖盘
922,13:21:01,14.44,0.0,4,5776,买盘
923,13:21:04,14.44,0.0,15,21660,买盘
924,13:21:07,14.43,-0.01,111,160173,卖盘
925,13:21:10,14.44,0.01,2,2888,买盘
926,13:21:25,14.44,0.0,2,2888,买盘
927,13:21:31,14.44,0.0,7,10108,买盘
928,13:21:34,14.43,-0.01,12,17316,卖盘
929,13:21:40,14.44,0.01,1,1444,买盘
930,13:21:46,14.43,-0.01,24,34632,卖盘
931,13:21:49,14.44,0.01,11,15884,买盘
932,13:21:52,14.44,0.0,13,18762,买盘
933,13:21:55,14.44,0.0,4,5776,买盘
934,13:21:58,14.43,-0.01,3,4329,卖盘
935,13:22:01,14.43,0.0,16,23091,卖盘
936,13:22:04,14.44,0.01,2,2888,买盘
937,13:22:07,14.44,0.0,1,1444,买盘
938,13:22:10,14.43,-0.01,37,53395,卖盘
939,13:22:13,14.44,0.01,22,31754,买盘
940,13:22:16,14.44,0.0,12,17328,买盘
941,13:22:28,14.44,0.0,11,15884,买盘
942,13:22:31,14.44,0.0,9,12996,买盘
943,13:22:49,14.45,0.01,2,2890,买盘
944,13:23:01,14.45,0.0,10,14450,买盘
945,13:23:07,14.45,0.0,10,14450,买盘
946,13:23:10,14.45,0.0,6,8670,买盘
947,13:23:13,14.45,0.0,2,2890,买盘
948,13:23:22,14.45,0.0,7,10115,买盘
949,13:23:31,14.44,-0.01,95,137207,卖盘
950,13:23:34,14.44,0.0,21,30324,买盘
951,13:23:37,14.43,-0.01,2,2886,卖盘
952,13:23:40,14.44,0.01,10,14440,买盘
953,13:23:49,14.43,-0.01,15,21645,卖盘
954,13:23:58,14.44,0.01,5,7220,买盘
955,13:24:04,14.43,-0.01,1,1443,卖盘
956,13:24:34,14.43,0.0,3,4329,卖盘
957,13:24:37,14.43,0.0,10,14430,卖盘
958,13:24:52,14.43,0.0,21,30303,卖盘
959,13:25:04,14.44,0.01,60,86583,买盘
960,13:25:07,14.44,0.0,3,4332,买盘
961,13:25:16,14.43,-0.01,20,28860,卖盘
962,13:25:22,14.43,0.0,29,41847,卖盘
963,13:25:25,14.43,0.0,5,7215,买盘
964,13:25:28,14.43,0.0,10,14430,买盘
965,13:25:46,14.43,0.0,2,2886,买盘
966,13:25:49,14.43,0.0,4,5772,卖盘
967,13:25:55,14.43,0.0,20,28860,卖盘
968,13:26:07,14.44,0.01,240,346550,买盘
969,13:26:10,14.44,0.0,1,1444,卖盘
970,13:26:13,14.44,0.0,9,13001,卖盘
971,13:26:19,14.44,0.0,4,5777,卖盘
972,13:26:25,14.45,0.01,1,1445,买盘
973,13:26:28,14.45,0.0,5,7225,买盘
974,13:26:49,14.46,0.01,2,2892,买盘
975,13:26:58,14.46,0.0,12,17352,买盘
976,13:27:04,14.46,0.0,1,1446,卖盘
977,13:27:19,14.46,0.0,5,7230,卖盘
978,13:27:46,14.46,0.0,10,14460,卖盘
979,13:27:49,14.46,0.0,10,14460,卖盘
980,13:27:52,14.47,0.01,14,20258,买盘
981,13:28:01,14.46,-0.01,5,7230,卖盘
982,13:28:07,14.47,0.01,3,4341,买盘
983,13:28:19,14.47,0.0,1,1447,买盘
984,13:28:22,14.47,0.0,4,5788,卖盘
985,13:28:46,14.48,0.01,20,28960,买盘
986,13:29:18,14.5,0.02,30,43500,买盘
987,13:29:25,14.48,-0.02,1,1448,卖盘
988,13:29:48,14.47,-0.01,5,7235,卖盘
989,13:29:52,14.5,0.03,10,14498,买盘
990,13:30:31,14.49,-0.01,7,10143,卖盘
991,13:30:45,14.48,-0.01,1,1448,卖盘
992,13:30:54,14.48,0.0,10,14480,卖盘
993,13:30:58,14.47,-0.01,13,18811,卖盘
994,13:31:10,14.47,0.0,1,1447,卖盘
995,13:31:19,14.48,0.01,2,2896,买盘
996,13:31:25,14.48,0.0,8,11584,买盘
997,13:31:28,14.47,-0.01,18,26046,卖盘
998,13:31:31,14.47,0.0,2,2894,买盘
999,13:31:34,14.47,0.0,8,11576,卖盘
1000,13:31:46,14.46,-0.01,60,86760,卖盘
1001,13:31:57,14.46,0.0,14,20244,卖盘
1002,13:32:06,14.45,-0.01,62,89596,卖盘
1003,13:32:18,14.45,0.0,5,7225,买盘
1004,13:32:25,14.45,0.0,20,28900,买盘
1005,13:32:37,14.45,0.0,5,7225,买盘
1006,13:32:40,14.45,0.0,68,98260,买盘
1007,13:32:43,14.44,-0.01,195,281580,卖盘
1008,13:32:58,14.45,0.01,20,28900,买盘
1009,13:33:04,14.45,0.0,5,7225,买盘
1010,13:33:10,14.45,0.0,2,2890,买盘
1011,13:33:13,14.45,0.0,13,18785,买盘
1012,13:33:37,14.45,0.0,14,20230,卖盘
1013,13:33:40,14.44,-0.01,6,8665,卖盘
1014,13:33:43,14.45,0.01,8,11560,买盘
1015,13:33:49,14.45,0.0,59,85197,买盘
1016,13:34:04,14.45,0.0,24,34660,买盘
1017,13:34:10,14.44,-0.01,3,4332,卖盘
1018,13:34:13,14.44,0.0,49,70756,卖盘
1019,13:34:16,14.44,0.0,73,105412,卖盘
1020,13:34:19,14.44,0.0,86,124184,卖盘
1021,13:34:22,14.44,0.0,19,27436,卖盘
1022,13:34:25,14.44,0.0,75,108300,卖盘
1023,13:34:31,14.44,0.0,8,11552,买盘
1024,13:34:34,14.44,0.0,12,17321,买盘
1025,13:34:46,14.43,-0.01,7,10101,卖盘
1026,13:34:49,14.44,0.01,8,11552,买盘
1027,13:34:52,14.43,-0.01,10,14430,卖盘
1028,13:34:55,14.43,0.0,4,5772,卖盘
1029,13:35:01,14.43,0.0,7,10101,卖盘
1030,13:35:13,14.42,-0.01,64,92288,卖盘
1031,13:35:28,14.41,-0.01,5,7205,卖盘
1032,13:35:31,14.42,0.01,2,2884,买盘
1033,13:35:34,14.42,0.0,6,8652,买盘
1034,13:35:37,14.41,-0.01,101,145583,卖盘
1035,13:35:40,14.43,0.02,2,2886,买盘
1036,13:35:46,14.41,-0.02,9,12977,卖盘
1037,13:35:58,14.44,0.03,4,5776,买盘
1038,13:36:04,14.42,-0.02,80,115360,卖盘
1039,13:36:07,14.44,0.02,14,20216,买盘
1040,13:36:16,14.45,0.01,44,63539,买盘
1041,13:36:22,14.45,0.0,7,10115,买盘
1042,13:36:37,14.47,0.02,5,7235,买盘
1043,13:36:43,14.45,-0.02,10,14455,卖盘
1044,13:37:01,14.46,0.01,1,1446,中性盘
1045,13:37:19,14.46,0.0,4,5784,买盘
1046,13:37:22,14.45,-0.01,6,8672,卖盘
1047,13:37:31,14.47,0.02,3,4341,买盘
1048,13:37:49,14.48,0.01,10,14480,买盘
1049,13:37:55,14.47,-0.01,2,2894,卖盘
1050,13:38:10,14.46,-0.01,10,14460,卖盘
1051,13:38:16,14.47,0.01,3,4341,买盘
1052,13:38:22,14.47,0.0,1,1447,卖盘
1053,13:38:25,14.45,-0.02,8,11562,卖盘
1054,13:39:07,14.47,0.02,1,1447,卖盘
1055,13:39:16,14.47,0.0,1,1447,卖盘
1056,13:40:07,14.46,-0.01,2,2892,卖盘
1057,13:40:13,14.47,0.01,13,18811,买盘
1058,13:40:16,14.47,0.0,8,11576,卖盘
1059,13:40:25,14.5,0.03,50,72424,买盘
1060,13:40:31,14.5,0.0,5,7250,买盘
1061,13:40:43,14.5,0.0,1,1450,买盘
1062,13:40:55,14.5,0.0,2,2900,卖盘
1063,13:41:16,14.48,-0.02,5,7240,卖盘
1064,13:41:28,14.49,0.01,4,5796,买盘
1065,13:41:34,14.48,-0.01,8,11584,卖盘
1066,13:41:46,14.49,0.01,45,65205,买盘
1067,13:42:13,14.49,0.0,40,57960,卖盘
1068,13:42:19,14.5,0.01,100,145000,买盘
1069,13:42:31,14.5,0.0,8,11600,买盘
1070,13:42:49,14.52,0.02,5,7260,买盘
1071,13:42:52,14.5,-0.02,5,7255,卖盘
1072,13:42:58,14.49,-0.01,2,2898,卖盘
1073,13:43:19,14.48,-0.01,5,7240,卖盘
1074,13:43:22,14.5,0.02,5,7246,买盘
1075,13:44:10,14.52,0.02,13,18876,买盘
1076,13:44:25,14.51,-0.01,5,7255,卖盘
1077,13:45:09,14.51,0.0,5,7255,买盘
1078,13:45:22,14.5,-0.01,7,10150,卖盘
1079,13:45:49,14.5,0.0,1,1450,买盘
1080,13:45:52,14.5,0.0,5,7250,买盘
1081,13:45:55,14.5,0.0,5,7250,买盘
1082,13:46:01,14.49,-0.01,6,8694,卖盘
1083,13:46:07,14.49,0.0,2,2898,卖盘
1084,13:46:25,14.5,0.01,24,34800,买盘
1085,13:46:58,14.5,0.0,10,14500,卖盘
1086,13:47:10,14.5,0.0,1,1450,卖盘
1087,13:47:19,14.51,0.01,16,23216,买盘
1088,13:47:34,14.51,0.0,4,5804,买盘
1089,13:47:37,14.51,0.0,6,8706,买盘
1090,13:47:49,14.52,0.01,1,1452,买盘
1091,13:48:19,14.52,0.0,3,4356,买盘
1092,13:48:22,14.52,0.0,2,2904,买盘
1093,13:48:24,14.52,0.0,7,10164,买盘
1094,13:48:31,14.55,0.03,3,4365,买盘
1095,13:49:16,14.53,-0.02,6,8718,卖盘
1096,13:49:21,14.54,0.01,110,159938,买盘
1097,13:49:46,14.53,-0.01,5,7265,买盘
1098,13:49:55,14.52,-0.01,19,27588,卖盘
1099,13:50:00,14.52,0.0,5,7260,卖盘
1100,13:50:04,14.53,0.01,25,36315,买盘
1101,13:50:22,14.52,-0.01,2,2904,卖盘
1102,13:50:37,14.52,0.0,2,2904,卖盘
1103,13:50:40,14.53,0.01,12,17436,买盘
1104,13:50:58,14.52,-0.01,5,7260,卖盘
1105,13:51:22,14.51,-0.01,26,37726,卖盘
1106,13:51:28,14.51,0.0,16,23216,卖盘
1107,13:51:30,14.52,0.01,20,29029,买盘
1108,13:51:37,14.52,0.0,1,1452,买盘
1109,13:51:40,14.52,0.0,11,15972,买盘
1110,13:52:36,14.51,-0.01,2,2902,买盘
1111,13:52:39,14.5,-0.01,65,94250,卖盘
1112,13:52:45,14.5,0.0,57,82650,卖盘
1113,13:53:31,14.5,0.0,10,14500,买盘
1114,13:53:34,14.49,-0.01,10,14490,卖盘
1115,13:54:13,14.49,0.0,5,7244,买盘
1116,13:54:55,14.5,0.01,1,1450,卖盘
1117,13:55:13,14.49,-0.01,14,20286,卖盘
1118,13:55:46,14.49,0.0,10,14490,买盘
1119,13:55:54,14.49,0.0,1,1449,买盘
1120,13:56:07,14.48,-0.01,34,49232,卖盘
1121,13:56:28,14.47,-0.01,14,20258,卖盘
1122,13:56:39,14.48,0.01,31,44888,买盘
1123,13:56:42,14.48,0.0,107,154722,买盘
1124,13:57:22,14.46,-0.02,2,2892,卖盘
1125,13:57:36,14.46,0.0,4,5784,卖盘
1126,13:58:25,14.41,-0.05,266,383966,卖盘
1127,13:59:01,14.41,0.0,81,116784,卖盘
1128,13:59:13,14.48,0.07,7,10134,买盘
1129,13:59:19,14.42,-0.06,40,57684,卖盘
1130,13:59:36,14.48,0.06,2,2896,买盘
1131,14:00:37,14.45,-0.03,10,14450,卖盘
1132,14:00:49,14.42,-0.03,90,129846,卖盘
1133,14:01:13,14.42,0.0,16,23075,卖盘
1134,14:01:25,14.45,0.03,9,12989,买盘
1135,14:02:28,14.45,0.0,11,15895,卖盘
1136,14:03:01,14.43,-0.02,6,8668,卖盘
1137,14:03:04,14.43,0.0,16,23098,卖盘
1138,14:03:07,14.45,0.02,6,8664,买盘
1139,14:03:10,14.42,-0.03,94,135555,卖盘
1140,14:03:16,14.42,0.0,5,7210,买盘
1141,14:03:31,14.42,0.0,2,2884,买盘
1142,14:03:43,14.43,0.01,5,7215,买盘
1143,14:03:46,14.42,-0.01,25,36050,卖盘
1144,14:03:57,14.43,0.01,30,43622,买盘
1145,14:04:22,14.43,0.0,75,107893,卖盘
1146,14:04:31,14.43,0.0,2,2886,买盘
1147,14:04:49,14.42,-0.01,9,12978,卖盘
1148,14:05:28,14.43,0.01,6,8658,买盘
1149,14:05:49,14.43,0.0,10,14430,买盘
1150,14:06:04,14.43,0.0,13,18759,买盘
1151,14:06:09,14.43,0.0,1,1443,买盘
1152,14:06:13,14.42,-0.01,1,1442,卖盘
1153,14:06:19,14.43,0.01,5,7215,买盘
1154,14:06:21,14.43,0.0,19,27413,买盘
1155,14:06:28,14.43,0.0,3,4329,买盘
1156,14:06:31,14.43,0.0,4,6104,买盘
1157,14:06:43,14.43,0.0,3,4329,卖盘
1158,14:06:55,14.43,0.0,3,4329,卖盘
1159,14:07:19,14.43,0.0,7,10106,卖盘
1160,14:07:43,14.43,0.0,38,54502,卖盘
1161,14:07:55,14.43,0.0,60,86580,买盘
1162,14:07:57,14.43,0.0,2,2886,买盘
1163,14:08:28,14.44,0.01,1,1444,买盘
1164,14:08:46,14.45,0.01,2,2890,买盘
1165,14:08:49,14.45,0.0,1,1445,买盘
1166,14:09:07,14.45,0.0,10,14450,买盘
1167,14:09:10,14.46,0.01,2,2892,买盘
1168,14:09:13,14.46,0.0,1,1446,卖盘
1169,14:09:28,14.46,0.0,10,14460,卖盘
1170,14:10:04,14.47,0.01,3,4341,卖盘
1171,14:10:13,14.46,-0.01,6,8676,卖盘
1172,14:10:22,14.45,-0.01,23,33235,卖盘
1173,14:10:25,14.45,0.0,1,1445,卖盘
1174,14:10:28,14.45,0.0,9,13005,卖盘
1175,14:10:40,14.44,-0.01,67,96748,卖盘
1176,14:10:46,14.44,0.0,14,20216,买盘
1177,14:10:52,14.43,-0.01,36,51948,卖盘
1178,14:11:22,14.48,0.05,3,4342,买盘
1179,14:11:28,14.46,-0.02,20,28939,卖盘
1180,14:11:34,14.46,0.0,5,7230,卖盘
1181,14:11:40,14.46,0.0,17,24582,买盘
1182,14:11:52,14.46,0.0,7,10122,卖盘
1183,14:12:22,14.47,0.01,4,5788,买盘
1184,14:12:25,14.49,0.02,83,120195,买盘
1185,14:12:37,14.5,0.01,2,2900,买盘
1186,14:12:49,14.49,-0.01,5,7245,卖盘
1187,14:13:25,14.49,0.0,1,1449,卖盘
1188,14:13:48,14.49,0.0,24,34776,卖盘
1189,14:14:45,14.48,-0.01,5,7240,买盘
1190,14:14:55,14.49,0.01,21,30429,买盘
1191,14:15:01,14.5,0.01,3,4350,买盘
1192,14:15:13,14.5,0.0,10,14500,买盘
1193,14:16:31,14.5,0.0,10,14500,买盘
1194,14:17:22,14.49,-0.01,9,13045,卖盘
1195,14:17:25,14.5,0.01,16,23200,买盘
1196,14:17:43,14.49,-0.01,20,28980,卖盘
1197,14:17:52,14.49,0.0,13,18837,卖盘
1198,14:17:55,14.49,0.0,4,5796,买盘
1199,14:18:25,14.49,0.0,10,14490,卖盘
1200,14:18:31,14.5,0.01,2,2900,买盘
1201,14:18:40,14.49,-0.01,20,28980,卖盘
1202,14:19:01,14.49,0.0,47,68103,卖盘
1203,14:19:13,14.49,0.0,26,37674,卖盘
1204,14:19:19,14.49,0.0,31,44919,卖盘
1205,14:19:39,14.48,-0.01,3,4344,卖盘
1206,14:19:46,14.48,0.0,5,7243,卖盘
1207,14:20:04,14.48,0.0,25,36200,卖盘
1208,14:20:13,14.49,0.01,12,17388,买盘
1209,14:20:34,14.48,-0.01,14,20272,卖盘
1210,14:20:58,14.48,0.0,5,7240,买盘
1211,14:21:10,14.47,-0.01,48,69456,卖盘
1212,14:21:22,14.46,-0.01,3,4338,卖盘
1213,14:21:34,14.45,-0.01,17,24565,卖盘
1214,14:21:37,14.44,-0.01,7,10108,卖盘
1215,14:22:10,14.44,0.0,30,43320,卖盘
1216,14:22:22,14.44,0.0,1,1444,买盘
1217,14:22:25,14.44,0.0,1,1444,买盘
1218,14:22:34,14.44,0.0,1,1444,买盘
1219,14:22:39,14.43,-0.01,27,38961,卖盘
1220,14:22:43,14.43,0.0,30,43290,卖盘
1221,14:22:52,14.44,0.01,20,28880,买盘
1222,14:22:57,14.43,-0.01,27,38629,卖盘
1223,14:23:07,14.43,0.0,3,4661,买盘
1224,14:23:16,14.42,-0.01,165,237660,卖盘
1225,14:23:18,14.42,0.0,9,12978,买盘
1226,14:23:28,14.41,-0.01,74,106637,卖盘
1227,14:23:31,14.42,0.01,10,14420,买盘
1228,14:23:43,14.42,0.0,16,23404,买盘
1229,14:24:10,14.42,0.0,9,12646,卖盘
1230,14:24:22,14.42,0.0,5,7210,买盘
1231,14:24:39,14.42,0.0,10,14420,买盘
1232,14:24:43,14.42,0.0,5,7210,买盘
1233,14:24:46,14.42,0.0,14,20188,买盘
1234,14:24:49,14.41,-0.01,20,28820,卖盘
1235,14:24:54,14.42,0.01,4,5768,买盘
1236,14:24:58,14.42,0.0,14,20188,买盘
1237,14:25:04,14.42,0.0,12,17625,买盘
1238,14:25:43,14.43,0.01,15,21645,买盘
1239,14:26:07,14.43,0.0,3,4329,卖盘
1240,14:26:22,14.43,0.0,5,7215,卖盘
1241,14:26:28,14.43,0.0,10,14430,卖盘
1242,14:27:05,14.44,0.01,1,1444,买盘
1243,14:28:01,14.45,0.01,11,15895,卖盘
1244,14:28:07,14.44,-0.01,27,38988,卖盘
1245,14:28:25,14.45,0.01,4,5780,买盘
1246,14:28:49,14.43,-0.02,74,106788,卖盘
1247,14:29:04,14.42,-0.01,1,1442,卖盘
1248,14:29:10,14.43,0.01,16,23078,买盘
1249,14:29:55,14.43,0.0,1,1443,买盘
1250,14:30:13,14.45,0.02,1,1445,买盘
1251,14:30:31,14.46,0.01,10,14456,买盘
1252,14:30:49,14.45,-0.01,10,14450,卖盘
1253,14:30:55,14.46,0.01,41,59286,买盘
1254,14:31:01,14.47,0.01,3,4341,买盘
1255,14:31:07,14.48,0.01,25,36178,买盘
1256,14:31:10,14.48,0.0,1,1448,买盘
1257,14:31:13,14.47,-0.01,6,8682,买盘
1258,14:31:16,14.47,0.0,2,2894,买盘
1259,14:31:19,14.47,0.0,18,26046,买盘
1260,14:31:31,14.46,-0.01,1,1446,卖盘
1261,14:31:52,14.47,0.01,10,14470,买盘
1262,14:32:04,14.47,0.0,6,8682,买盘
1263,14:32:16,14.47,0.0,5,7235,买盘
1264,14:32:19,14.47,0.0,5,7235,买盘
1265,14:32:22,14.47,0.0,3,4341,买盘
1266,14:32:28,14.47,0.0,10,14470,卖盘
1267,14:32:30,14.47,0.0,10,14470,卖盘
1268,14:32:40,14.47,0.0,10,14470,卖盘
1269,14:32:52,14.47,0.0,10,14470,卖盘
1270,14:33:01,14.47,0.0,20,28940,卖盘
1271,14:33:18,14.46,-0.01,26,37596,卖盘
1272,14:33:22,14.46,0.0,8,11568,卖盘
1273,14:33:34,14.48,0.02,122,176560,买盘
1274,14:33:37,14.48,0.0,1,1448,卖盘
1275,14:33:43,14.48,0.0,38,55024,卖盘
1276,14:33:49,14.48,0.0,128,185344,卖盘
1277,14:33:55,14.48,0.0,5,7240,买盘
1278,14:34:07,14.48,0.0,5,7240,买盘
1279,14:34:27,14.48,0.0,1,1448,买盘
1280,14:35:01,14.48,0.0,12,17366,买盘
1281,14:35:16,14.46,-0.02,1,1446,卖盘
1282,14:35:28,14.48,0.02,2,2896,买盘
1283,14:35:31,14.46,-0.02,40,57850,卖盘
1284,14:35:34,14.48,0.02,20,28960,买盘
1285,14:35:52,14.48,0.0,2,2896,买盘
1286,14:36:01,14.48,0.0,1,1448,买盘
1287,14:36:05,14.5,0.02,103,149262,买盘
1288,14:36:46,14.48,-0.02,12,17376,卖盘
1289,14:37:10,14.5,0.02,61,88445,买盘
1290,14:37:28,14.51,0.01,10,14510,买盘
1291,14:37:46,14.5,-0.01,1,1450,卖盘
1292,14:37:49,14.51,0.01,31,44981,买盘
1293,14:37:52,14.51,0.0,1,1451,卖盘
1294,14:38:01,14.52,0.01,1,1452,卖盘
1295,14:38:10,14.53,0.01,4,5812,买盘
1296,14:38:16,14.55,0.02,104,151289,买盘
1297,14:38:28,14.53,-0.02,12,17436,卖盘
1298,14:38:34,14.53,0.0,13,18889,买盘
1299,14:38:46,14.53,0.0,10,14530,买盘
1300,14:39:01,14.53,0.0,1,1453,买盘
1301,14:39:10,14.53,0.0,9,13077,买盘
1302,14:39:16,14.52,-0.01,49,71148,卖盘
1303,14:39:25,14.53,0.01,5,7265,买盘
1304,14:39:28,14.51,-0.02,50,72550,卖盘
1305,14:39:31,14.51,0.0,10,14510,卖盘
1306,14:39:34,14.52,0.01,14,20324,中性盘
1307,14:39:37,14.51,-0.01,6,8706,卖盘
1308,14:40:16,14.5,-0.01,2,2900,卖盘
1309,14:40:22,14.5,0.0,8,11600,卖盘
1310,14:40:25,14.5,0.0,3,4350,买盘
1311,14:40:28,14.5,0.0,10,14500,卖盘
1312,14:40:34,14.5,0.0,7,10150,卖盘
1313,14:40:46,14.5,0.0,1,1450,买盘
1314,14:41:05,14.47,-0.03,13,18811,卖盘
1315,14:41:34,14.49,0.02,16,23184,买盘
1316,14:41:49,14.5,0.01,5,7250,买盘
1317,14:42:01,14.5,0.0,9,13050,买盘
1318,14:42:04,14.49,-0.01,50,72451,卖盘
1319,14:42:13,14.49,0.0,6,8699,卖盘
1320,14:42:43,14.49,0.0,31,44919,卖盘
1321,14:43:04,14.49,0.0,63,91287,卖盘
1322,14:43:10,14.49,0.0,3,4347,卖盘
1323,14:43:28,14.49,0.0,3,4347,买盘
1324,14:43:40,14.49,0.0,3,4347,买盘
1325,14:43:43,14.49,0.0,6,8694,卖盘
1326,14:43:49,14.49,0.0,2,2898,卖盘
1327,14:43:58,14.49,0.0,12,17388,卖盘
1328,14:44:01,14.49,0.0,1,1449,卖盘
1329,14:44:13,14.49,0.0,2,2898,卖盘
1330,14:44:19,14.49,0.0,1,1449,卖盘
1331,14:44:28,14.49,0.0,2,2898,卖盘
1332,14:44:40,14.49,0.0,15,21735,卖盘
1333,14:44:52,14.47,-0.02,14,20258,卖盘
1334,14:44:58,14.47,0.0,4,5788,买盘
1335,14:45:07,14.47,0.0,16,23152,买盘
1336,14:45:10,14.46,-0.01,14,20244,卖盘
1337,14:45:13,14.46,0.0,20,28920,卖盘
1338,14:45:37,14.45,-0.01,10,14450,卖盘
1339,14:45:52,14.46,0.01,1,1446,买盘
1340,14:45:58,14.46,0.0,5,7229,买盘
1341,14:46:01,14.46,0.0,6,8676,卖盘
1342,14:46:07,14.45,-0.01,34,49130,卖盘
1343,14:46:19,14.46,0.01,10,14460,买盘
1344,14:46:25,14.45,-0.01,24,34680,卖盘
1345,14:46:28,14.46,0.01,50,72300,买盘
1346,14:46:31,14.46,0.0,1,1446,买盘
1347,14:46:34,14.45,-0.01,33,47685,卖盘
1348,14:46:37,14.46,0.01,28,40474,买盘
1349,14:46:43,14.45,-0.01,31,44812,卖盘
1350,14:47:01,14.47,0.02,3,4341,买盘
1351,14:47:25,14.47,0.0,13,18811,买盘
1352,14:47:28,14.48,0.01,4,5792,卖盘
1353,14:47:46,14.48,0.0,2,2896,卖盘
1354,14:47:52,14.48,0.0,11,15928,卖盘
1355,14:48:01,14.48,0.0,10,14480,卖盘
1356,14:48:04,14.49,0.01,1,1449,买盘
1357,14:48:10,14.48,-0.01,44,63712,卖盘
1358,14:48:22,14.47,-0.01,4,5788,卖盘
1359,14:48:31,14.48,0.01,21,30405,买盘
1360,14:48:34,14.48,0.0,4,5792,卖盘
1361,14:48:40,14.47,-0.01,10,14470,卖盘
1362,14:48:49,14.47,0.0,3,4341,卖盘
1363,14:48:55,14.46,-0.01,32,46272,卖盘
1364,14:49:01,14.46,0.0,23,33258,卖盘
1365,14:49:05,14.46,0.0,4,5784,买盘
1366,14:49:07,14.46,0.0,6,8676,买盘
1367,14:49:22,14.46,0.0,1,1446,买盘
1368,14:49:49,14.45,-0.01,60,86750,卖盘
1369,14:50:01,14.44,-0.01,61,88424,卖盘
1370,14:50:07,14.45,0.01,3,4335,卖盘
1371,14:50:25,14.44,-0.01,10,14440,卖盘
1372,14:50:28,14.44,0.0,1,1444,卖盘
1373,14:50:31,14.44,0.0,6,8664,卖盘
1374,14:50:34,14.44,0.0,29,41876,卖盘
1375,14:50:43,14.44,0.0,11,15581,卖盘
1376,14:50:49,14.44,0.0,69,99939,买盘
1377,14:50:52,14.44,0.0,30,43330,卖盘
1378,14:50:55,14.43,-0.01,5,6913,买盘
1379,14:51:10,14.45,0.02,62,89866,买盘
1380,14:51:13,14.45,0.0,42,60690,卖盘
1381,14:51:16,14.45,0.0,5,7225,卖盘
1382,14:51:22,14.46,0.01,20,28920,买盘
1383,14:51:25,14.45,-0.01,3,4335,卖盘
1384,14:51:31,14.45,0.0,5,7225,卖盘
1385,14:51:34,14.45,0.0,18,26010,卖盘
1386,14:51:37,14.45,0.0,15,21372,卖盘
1387,14:51:40,14.44,-0.01,1,1444,买盘
1388,14:51:49,14.43,-0.01,2,2886,卖盘
1389,14:51:52,14.43,0.0,12,17316,卖盘
1390,14:51:55,14.43,0.0,16,23088,卖盘
1391,14:52:01,14.43,0.0,24,34632,卖盘
1392,14:52:04,14.43,0.0,20,28860,卖盘
1393,14:52:10,14.44,0.01,3,4332,买盘
1394,14:52:19,14.44,0.0,89,128482,买盘
1395,14:52:31,14.45,0.01,9,13005,买盘
1396,14:52:34,14.45,0.0,1,1445,卖盘
1397,14:53:04,14.45,0.0,103,148835,买盘
1398,14:53:07,14.45,0.0,16,23120,卖盘
1399,14:53:19,14.45,0.0,50,72250,卖盘
1400,14:53:25,14.45,0.0,24,34680,卖盘
1401,14:53:28,14.45,0.0,27,39015,卖盘
1402,14:53:31,14.46,0.01,36,52056,买盘
1403,14:53:34,14.46,0.0,16,23136,卖盘
1404,14:53:37,14.46,0.0,10,14460,卖盘
1405,14:53:46,14.46,0.0,23,33258,卖盘
1406,14:53:49,14.46,0.0,44,63624,卖盘
1407,14:53:52,14.46,0.0,51,73746,买盘
1408,14:54:01,14.46,0.0,30,43380,买盘
1409,14:54:13,14.46,0.0,2,2892,买盘
1410,14:54:16,14.45,-0.01,28,40460,卖盘
1411,14:54:22,14.45,0.0,1,1445,卖盘
1412,14:54:25,14.46,0.01,11,15906,买盘
1413,14:54:31,14.45,-0.01,70,101150,卖盘
1414,14:54:34,14.45,0.0,73,105485,卖盘
1415,14:54:40,14.44,-0.01,22,31774,卖盘
1416,14:54:58,14.44,0.0,5,7220,买盘
1417,14:55:04,14.43,-0.01,8,11544,卖盘
1418,14:55:07,14.43,0.0,50,72150,卖盘
1419,14:55:10,14.44,0.01,7,10108,买盘
1420,14:55:13,14.43,-0.01,20,28860,卖盘
1421,14:55:16,14.43,0.0,33,47619,卖盘
1422,14:55:31,14.43,0.0,29,41827,买盘
1423,14:55:40,14.42,-0.01,28,40387,卖盘
1424,14:55:43,14.42,0.0,19,27408,卖盘
1425,14:55:46,14.43,0.01,32,46176,买盘
1426,14:55:49,14.42,-0.01,50,72126,卖盘
1427,14:55:55,14.42,0.0,22,31724,卖盘
1428,14:56:04,14.42,0.0,3,4326,卖盘
1429,14:56:07,14.42,0.0,100,144200,卖盘
1430,14:56:10,14.42,0.0,7,10094,卖盘
1431,14:56:13,14.42,0.0,2,2884,卖盘
1432,14:56:25,14.43,0.01,69,99525,中性盘
1433,14:56:28,14.42,-0.01,28,40398,卖盘
1434,14:56:34,14.42,0.0,5,6878,卖盘
1435,14:56:40,14.42,0.0,2,2884,买盘
1436,14:56:49,14.41,-0.01,6,8646,卖盘
1437,14:56:52,14.42,0.01,2,2883,买盘
1438,14:57:01,14.42,0.0,200,288400,买盘
1439,14:57:04,14.42,0.0,9,12978,买盘
1440,15:00:05,14.42,0.0,384,554060,卖盘
