,time,price,change,volume,amount,type
0,09:25:04,10.88,-0.16,25,27200,卖盘
1,09:30:05,10.88,0.0,35,38374,买盘
2,09:30:07,10.89,0.01,43,46787,中性盘
3,09:30:13,11.03,0.01,6,6614,买盘
4,09:30:16,11.02,-0.01,15,16467,卖盘
5,09:30:19,10.98,-0.04,4,4392,卖盘
6,09:30:22,10.9,-0.08,5,5466,卖盘
7,09:30:25,10.9,0.0,32,34880,买盘
8,09:30:28,10.9,0.0,63,68670,买盘
9,09:30:43,11.01,0.11,6,6601,买盘
10,09:30:52,10.9,-0.11,30,32713,卖盘
11,09:31:01,10.99,0.09,3,3297,买盘
12,09:31:13,10.99,0.0,17,18684,卖盘
13,09:31:16,10.99,0.0,30,32970,卖盘
14,09:31:19,10.99,0.0,8,8792,卖盘
15,09:31:22,10.96,-0.03,3,3288,买盘
16,09:31:25,10.9,-0.06,1,1090,卖盘
17,09:31:37,10.93,0.03,8,8744,中性盘
18,09:31:40,10.93,0.0,3,3279,买盘
19,09:31:46,10.92,-0.01,1,1092,买盘
20,09:31:55,10.92,0.0,1,1092,卖盘
21,09:32:04,10.92,0.0,1,1092,卖盘
22,09:32:10,10.92,0.0,1,1092,卖盘
23,09:32:13,10.9,-0.02,5,5450,卖盘
24,09:32:16,11.0,0.1,147,161635,买盘
25,09:32:19,11.0,0.0,2,2200,卖盘
26,09:32:22,11.0,0.0,1,1100,卖盘
27,09:32:52,10.95,-0.05,1,1095,卖盘
28,09:32:55,10.96,0.01,11,12056,买盘
29,09:32:58,10.95,-0.01,1,1095,卖盘
30,09:33:01,10.96,0.01,2,2192,买盘
31,09:33:04,11.01,0.05,150,164948,买盘
32,09:33:07,10.95,-0.06,1,1095,卖盘
33,09:33:52,10.95,0.0,10,10950,卖盘
34,09:33:58,10.96,0.01,2,2192,中性盘
35,09:34:04,10.95,-0.01,2,2190,卖盘
36,09:34:13,10.91,-0.04,4,4368,卖盘
37,09:34:19,11.01,0.1,128,140776,买盘
38,09:34:25,11.01,0.0,24,26424,卖盘
39,09:34:28,11.01,0.0,2,2202,卖盘
40,09:34:37,10.93,-0.08,12,13116,卖盘
41,09:34:55,10.99,0.06,1,1099,买盘
42,09:35:25,10.95,-0.04,71,77747,卖盘
43,09:35:31,10.99,0.04,10,10985,买盘
44,09:35:34,10.97,-0.02,3,3291,卖盘
45,09:35:43,10.97,0.0,16,17552,卖盘
46,09:35:46,10.98,0.01,3,3294,买盘
47,09:35:52,10.98,0.0,10,10980,卖盘
48,09:35:58,10.98,0.0,43,47214,卖盘
49,09:36:01,10.98,0.0,29,31855,卖盘
50,09:36:04,10.98,0.0,3,3294,卖盘
51,09:36:07,10.98,0.0,10,10980,卖盘
52,09:36:10,10.98,0.0,5,5545,卖盘
53,09:36:13,10.97,-0.01,12,13174,卖盘
54,09:36:19,10.97,0.0,1,1097,卖盘
55,09:36:22,10.97,0.0,2,2139,卖盘
56,09:36:43,10.94,-0.03,6,6565,卖盘
57,09:37:07,10.94,0.0,5,5470,买盘
58,09:37:46,10.94,0.0,10,10940,买盘
59,09:37:49,10.94,0.0,3,3282,买盘
60,09:38:01,10.93,-0.01,64,69993,卖盘
61,09:38:07,10.92,-0.01,1,1092,卖盘
62,09:38:13,10.9,-0.02,6,6543,卖盘
63,09:38:37,10.9,0.0,10,10900,卖盘
64,09:38:52,10.88,-0.02,45,49030,卖盘
65,09:39:16,10.9,0.02,1,1090,买盘
66,09:39:25,10.88,-0.02,40,43520,卖盘
67,09:39:37,10.88,0.0,11,11968,卖盘
68,09:39:49,10.89,0.01,28,30487,买盘
69,09:39:58,10.87,-0.02,20,21747,卖盘
70,09:40:01,10.89,0.02,6,6534,买盘
71,09:40:10,10.89,0.0,1,1089,买盘
72,09:40:13,10.88,-0.01,6,6528,卖盘
73,09:40:28,10.9,0.02,2,2180,买盘
74,09:40:31,10.91,0.01,1,1091,买盘
75,09:40:40,10.91,0.0,6,6546,买盘
76,09:40:43,10.91,0.0,10,10910,买盘
77,09:40:49,10.91,0.0,1,1091,卖盘
78,09:40:55,10.93,0.02,2,2186,买盘
79,09:41:19,10.93,0.0,15,16395,买盘
80,09:41:28,10.91,-0.02,5,5455,卖盘
81,09:41:31,10.91,0.0,3,3273,卖盘
82,09:41:40,10.91,0.0,6,6546,卖盘
83,09:41:43,10.91,0.0,11,12001,卖盘
84,09:41:46,10.91,0.0,3,3273,卖盘
85,09:41:52,10.91,0.0,9,9819,卖盘
86,09:41:55,10.92,0.01,1,1092,买盘
87,09:41:58,10.91,-0.01,1,1091,卖盘
88,09:42:04,10.9,-0.01,18,19627,卖盘
89,09:42:13,10.88,-0.02,7,7616,卖盘
90,09:42:16,10.93,0.05,153,167192,买盘
91,09:42:31,10.94,0.01,11,12034,买盘
92,09:42:40,10.94,0.0,3,3282,买盘
93,09:42:52,10.94,0.0,12,13128,买盘
94,09:43:07,10.94,0.0,28,30633,卖盘
95,09:43:40,10.94,0.0,20,21880,卖盘
96,09:43:46,10.94,0.0,5,5470,卖盘
97,09:43:49,10.94,0.0,6,6564,卖盘
98,09:43:55,10.94,0.0,1,1094,卖盘
99,09:44:07,10.93,-0.01,5,5465,卖盘
100,09:44:10,10.93,0.0,6,6558,卖盘
101,09:44:13,10.93,0.0,8,8744,卖盘
102,09:44:22,10.93,0.0,14,15302,卖盘
103,09:44:28,10.94,0.01,10,10940,买盘
104,09:44:40,10.94,0.0,2,2188,中性盘
105,09:44:43,10.93,-0.01,17,18581,卖盘
106,09:45:37,10.93,0.0,11,12023,卖盘
107,09:46:01,10.91,-0.02,6,6546,卖盘
108,09:46:07,10.91,0.0,16,17456,买盘
109,09:46:10,10.91,0.0,1,1091,买盘
110,09:46:13,10.9,-0.01,8,8720,卖盘
111,09:46:16,10.91,0.01,2,2182,买盘
112,09:46:37,10.91,0.0,10,10910,卖盘
113,09:47:01,10.91,0.0,10,10910,买盘
114,09:47:07,10.9,-0.01,59,64310,卖盘
115,09:47:22,10.9,0.0,1,1090,买盘
116,09:47:37,10.88,-0.02,13,14144,卖盘
117,09:47:43,10.89,0.01,1,1089,买盘
118,09:47:46,10.88,-0.01,44,47872,卖盘
119,09:47:49,10.89,0.01,1,1089,买盘
120,09:47:58,10.88,-0.01,1,1088,卖盘
121,09:48:01,10.89,0.01,20,21780,买盘
122,09:48:07,10.89,0.0,7,7622,买盘
123,09:48:10,10.88,-0.01,20,21762,卖盘
124,09:48:13,10.89,0.01,6,6534,卖盘
125,09:48:16,10.89,0.0,1,1089,卖盘
126,09:48:19,10.89,0.0,2,2178,卖盘
127,09:48:31,10.89,0.0,1,1089,买盘
128,09:48:46,10.9,0.01,1,1090,卖盘
129,09:48:55,10.89,-0.01,10,10890,卖盘
130,09:48:58,10.89,0.0,10,10895,卖盘
131,09:49:01,10.89,0.0,11,11979,卖盘
132,09:49:04,10.89,0.0,10,10890,卖盘
133,09:49:07,10.89,0.0,14,15246,卖盘
134,09:49:10,10.89,0.0,20,21780,卖盘
135,09:49:13,10.89,0.0,21,22869,卖盘
136,09:49:16,10.89,0.0,16,17424,卖盘
137,09:49:19,10.88,-0.01,7,7616,卖盘
138,09:49:22,10.88,0.0,67,72852,卖盘
139,09:49:25,10.87,-0.01,53,57611,卖盘
140,09:49:28,10.88,0.01,13,14911,买盘
141,09:49:31,10.88,0.0,4,4349,买盘
142,09:49:34,10.87,-0.01,3,3261,卖盘
143,09:49:37,10.87,0.0,3,3261,卖盘
144,09:49:40,10.87,0.0,14,15218,卖盘
145,09:49:52,10.87,0.0,30,32610,卖盘
146,09:50:01,10.87,0.0,139,150321,卖盘
147,09:50:04,10.85,-0.02,25,27140,卖盘
148,09:50:07,10.85,0.0,5,5425,买盘
149,09:50:13,10.84,-0.01,4,4336,卖盘
150,09:50:28,10.83,-0.01,2,2166,卖盘
151,09:50:34,10.84,0.01,2,2168,买盘
152,09:50:40,10.84,0.0,8,8674,卖盘
153,09:50:43,10.85,0.01,14,15190,买盘
154,09:50:46,10.85,0.0,3,3255,买盘
155,09:50:49,10.84,-0.01,26,28188,卖盘
156,09:50:52,10.84,0.0,26,28184,买盘
157,09:50:55,10.84,0.0,8,8672,买盘
158,09:51:01,10.85,0.01,1,1085,买盘
159,09:51:07,10.85,0.0,30,32550,买盘
160,09:51:10,10.85,0.0,8,8680,买盘
161,09:51:13,10.85,0.0,41,44485,买盘
162,09:51:16,10.84,-0.01,78,84590,卖盘
163,09:51:22,10.85,0.01,2,2171,卖盘
164,09:51:46,10.85,0.0,8,8680,买盘
165,09:51:52,10.87,0.02,14,15218,买盘
166,09:52:06,10.85,-0.02,53,57513,卖盘
167,09:52:13,10.84,-0.01,8,8672,卖盘
168,09:52:25,10.84,0.0,4,4339,卖盘
169,09:52:28,10.84,0.0,10,10840,卖盘
170,09:52:34,10.84,0.0,7,7588,卖盘
171,09:53:01,10.9,0.06,4,4360,买盘
172,09:54:07,10.9,0.0,6,6540,买盘
173,09:54:16,10.85,-0.05,5,5428,卖盘
174,09:54:25,10.86,0.01,23,24957,卖盘
175,09:54:31,10.86,0.0,1,1086,买盘
176,09:54:34,10.86,0.0,2,2172,买盘
177,09:54:40,10.86,0.0,5,5430,买盘
178,09:54:43,10.86,0.0,1,1086,买盘
179,09:54:49,10.86,0.0,1,1086,买盘
180,09:54:52,10.86,0.0,1,1086,买盘
181,09:54:55,10.85,-0.01,1,1085,卖盘
182,09:54:58,10.86,0.01,5,5430,买盘
183,09:55:01,10.9,0.04,6,6536,买盘
184,09:55:34,10.99,0.09,210,229859,买盘
185,09:55:40,10.99,0.0,45,49455,卖盘
186,09:55:43,10.9,-0.09,52,57139,卖盘
187,09:56:13,10.9,0.0,5,5451,卖盘
188,09:56:19,10.91,0.01,1,1091,卖盘
189,09:57:13,10.97,0.06,6,6582,买盘
190,09:57:19,10.96,-0.01,29,31661,买盘
191,09:57:40,10.94,-0.02,2,2188,买盘
192,09:57:49,10.94,0.0,5,5470,买盘
193,09:58:07,10.94,0.0,11,12034,买盘
194,09:58:10,10.94,0.0,1,1094,买盘
195,09:58:13,10.9,-0.04,12,13091,卖盘
196,09:58:16,10.9,0.0,16,17440,卖盘
197,09:58:22,10.9,0.0,8,8720,卖盘
198,09:58:25,10.9,0.0,14,15265,卖盘
199,09:58:28,10.91,0.01,3,3273,中性盘
200,09:58:40,10.94,0.03,1,1094,买盘
201,09:58:46,10.94,0.0,8,8752,买盘
202,09:59:19,10.96,0.02,9,9850,买盘
203,09:59:31,10.96,0.0,1,1096,买盘
204,09:59:46,10.96,0.0,5,5480,买盘
205,09:59:49,10.96,0.0,20,21920,卖盘
206,09:59:52,10.96,0.0,157,170990,卖盘
207,10:00:07,10.96,0.0,1,1096,中性盘
208,10:00:16,10.89,-0.07,6,6534,卖盘
209,10:00:22,10.88,-0.01,2,2176,卖盘
210,10:00:28,10.86,-0.02,34,37015,卖盘
211,10:00:43,10.86,0.0,12,13037,卖盘
212,10:00:46,10.85,-0.01,20,21708,卖盘
213,10:00:49,10.86,0.01,3,3258,买盘
214,10:00:52,10.84,-0.02,38,41229,卖盘
215,10:01:10,10.87,0.03,3,3261,卖盘
216,10:01:16,10.85,-0.02,30,32580,卖盘
217,10:01:19,10.87,0.02,1,1087,中性盘
218,10:01:25,10.87,0.0,7,7609,卖盘
219,10:01:55,10.92,0.05,1,1092,买盘
220,10:02:07,10.92,0.0,2,2184,买盘
221,10:02:15,10.88,-0.04,4,4352,卖盘
222,10:02:22,10.88,0.0,4,4352,卖盘
223,10:02:34,10.9,0.02,2,2180,买盘
224,10:02:58,10.88,-0.02,27,29376,卖盘
225,10:03:01,10.88,0.0,1,1088,买盘
226,10:03:07,10.88,0.0,3,3264,买盘
227,10:04:07,10.88,0.0,1,1088,买盘
228,10:04:16,10.87,-0.01,6,6522,卖盘
229,10:04:19,10.88,0.01,1,1088,买盘
230,10:05:06,10.88,0.0,2,2176,买盘
231,10:05:49,10.88,0.0,155,168214,买盘
232,10:05:52,10.88,0.0,7,7616,买盘
233,10:06:04,10.88,0.0,3,3264,买盘
234,10:06:16,10.88,0.0,4,4352,卖盘
235,10:06:37,10.88,0.0,1,1088,卖盘
236,10:06:46,10.85,-0.03,12,13026,卖盘
237,10:06:58,10.86,0.01,2,2172,买盘
238,10:07:04,10.86,0.0,1,1086,买盘
239,10:07:10,10.86,0.0,1,543,卖盘
240,10:07:25,10.88,0.02,2,2176,买盘
241,10:07:43,10.9,0.02,1,1090,买盘
242,10:08:07,10.9,0.0,2,2180,买盘
243,10:08:16,10.86,-0.04,7,7606,卖盘
244,10:08:49,10.86,0.0,34,36924,卖盘
245,10:08:55,10.86,0.0,16,17376,买盘
246,10:09:07,10.9,0.04,1,1090,买盘
247,10:09:09,10.85,-0.05,56,60761,卖盘
248,10:09:19,10.86,0.01,48,52128,卖盘
249,10:09:21,10.86,0.0,2,2172,买盘
250,10:09:31,10.89,0.03,1,1089,买盘
251,10:10:07,10.89,0.0,1,1089,买盘
252,10:10:16,10.85,-0.04,7,7600,卖盘
253,10:10:22,10.89,0.04,2,2178,中性盘
254,10:10:28,10.89,0.0,3,3267,卖盘
255,10:10:40,10.86,-0.03,50,54300,卖盘
256,10:11:07,10.9,0.04,6,6540,买盘
257,10:11:49,10.89,-0.01,15,16335,买盘
258,10:12:01,10.89,0.0,1,1089,买盘
259,10:12:07,10.89,0.0,2,2178,买盘
260,10:12:16,10.87,-0.02,3,3261,卖盘
261,10:12:37,10.89,0.02,6,6534,买盘
262,10:12:40,10.86,-0.03,50,54324,卖盘
263,10:12:49,10.85,-0.01,12,13022,卖盘
264,10:12:51,10.86,0.01,13,14106,中性盘
265,10:12:55,10.87,0.01,1,1087,卖盘
266,10:13:07,10.86,-0.01,1,1086,买盘
267,10:13:13,10.85,-0.01,49,53165,卖盘
268,10:13:16,10.84,-0.01,12,13008,卖盘
269,10:13:28,10.83,-0.01,12,13007,卖盘
270,10:13:40,10.85,0.02,5,5425,买盘
271,10:13:46,10.8,-0.05,300,324390,卖盘
272,10:13:58,10.77,-0.03,12,12936,卖盘
273,10:14:07,10.84,0.07,3,3252,买盘
274,10:14:09,10.77,-0.07,12,12924,卖盘
275,10:14:16,10.78,0.01,7,7550,卖盘
276,10:14:49,10.78,0.0,12,12936,卖盘
277,10:15:07,10.78,0.0,12,12937,卖盘
278,10:15:40,10.82,0.04,6,6492,买盘
279,10:15:55,10.82,0.0,8,8656,买盘
280,10:16:04,10.83,0.01,8,8664,买盘
281,10:16:10,10.83,0.0,1,1083,买盘
282,10:16:16,10.82,-0.01,5,5410,卖盘
283,10:16:46,10.82,0.0,12,12984,卖盘
284,10:16:55,10.82,0.0,9,9738,卖盘
285,10:17:01,10.82,0.0,1,1082,买盘
286,10:17:07,10.82,0.0,4,4328,买盘
287,10:17:28,10.82,0.0,2,2164,买盘
288,10:17:33,10.81,-0.01,2,2162,中性盘
289,10:17:48,10.8,-0.01,12,12960,卖盘
290,10:18:01,10.8,0.0,12,12960,卖盘
291,10:18:16,10.8,0.0,5,5400,卖盘
292,10:18:36,10.8,0.0,17,18360,卖盘
293,10:18:43,10.8,0.0,3,3240,买盘
294,10:19:04,10.8,0.0,10,10800,买盘
295,10:19:07,10.8,0.0,2,2160,买盘
296,10:19:34,10.79,-0.01,8,8632,卖盘
297,10:20:07,10.8,0.01,2,2160,买盘
298,10:20:15,10.79,-0.01,8,8632,卖盘
299,10:20:31,10.8,0.01,7,7560,买盘
300,10:20:36,10.79,-0.01,26,28054,卖盘
301,10:20:52,10.8,0.01,6,6480,买盘
302,10:21:07,10.78,-0.02,21,22646,卖盘
303,10:21:19,10.79,0.01,5,5395,卖盘
304,10:21:34,10.79,0.0,5,5395,卖盘
305,10:21:37,10.79,0.0,7,7553,卖盘
306,10:22:07,10.8,0.01,5,5400,买盘
307,10:22:13,10.8,0.0,11,11880,买盘
308,10:22:16,10.79,-0.01,5,5395,卖盘
309,10:22:19,10.8,0.01,7,7558,买盘
310,10:22:43,10.79,-0.01,1,1079,卖盘
311,10:22:49,10.8,0.01,1,1080,买盘
312,10:22:55,10.82,0.02,1,1082,买盘
313,10:22:58,10.8,-0.02,10,10800,卖盘
314,10:23:04,10.8,0.0,2,2160,卖盘
315,10:23:10,10.8,0.0,2,2160,卖盘
316,10:23:13,10.79,-0.01,2,2158,卖盘
317,10:23:42,10.8,0.01,3,3240,卖盘
318,10:23:52,10.8,0.0,5,5400,卖盘
319,10:24:07,10.82,0.02,1,1082,买盘
320,10:24:15,10.8,-0.02,6,6480,卖盘
321,10:24:22,10.8,0.0,4,4320,卖盘
322,10:24:34,10.81,0.01,10,10810,中性盘
323,10:24:43,10.8,-0.01,83,89640,卖盘
324,10:24:46,10.8,0.0,1,1080,买盘
325,10:24:52,10.8,0.0,2,2160,买盘
326,10:25:07,10.8,0.0,1,1080,买盘
327,10:25:10,10.8,0.0,1,1080,买盘
328,10:25:13,10.8,0.0,14,15120,买盘
329,10:25:40,10.81,0.01,1,1081,卖盘
330,10:25:58,10.8,-0.01,6,6480,卖盘
331,10:26:07,10.81,0.01,2,2162,买盘
332,10:26:10,10.8,-0.01,108,116640,卖盘
333,10:26:13,10.8,0.0,6,6480,买盘
334,10:26:19,10.79,-0.01,5,5396,卖盘
335,10:26:34,10.81,0.02,2,2162,买盘
336,10:27:04,10.81,0.0,2,2162,中性盘
337,10:27:10,10.8,-0.01,3,3241,卖盘
338,10:27:28,10.8,0.0,1,1080,卖盘
339,10:27:31,10.79,-0.01,12,12948,卖盘
340,10:27:37,10.79,0.0,83,89557,卖盘
341,10:28:01,10.78,-0.01,12,12936,卖盘
342,10:28:04,10.78,0.0,2,2156,卖盘
343,10:28:07,10.78,0.0,11,11859,卖盘
344,10:28:10,10.79,0.01,5,5395,买盘
345,10:28:19,10.78,-0.01,75,80850,卖盘
346,10:28:22,10.78,0.0,40,43120,卖盘
347,10:28:28,10.78,0.0,53,57134,卖盘
348,10:28:31,10.78,0.0,7,7546,卖盘
349,10:28:40,10.78,0.0,22,23716,买盘
350,10:28:43,10.78,0.0,6,6468,卖盘
351,10:28:52,10.79,0.01,16,17264,买盘
352,10:29:19,10.79,0.0,6,6474,卖盘
353,10:30:01,10.79,0.0,3,3237,卖盘
354,10:30:07,10.81,0.02,1,1081,买盘
355,10:30:16,10.79,-0.02,4,4316,卖盘
356,10:30:46,10.8,0.01,15,16200,卖盘
357,10:30:52,10.8,0.0,9,9720,买盘
358,10:30:55,10.8,0.0,8,8640,买盘
359,10:30:58,10.8,0.0,1,1080,买盘
360,10:31:01,10.8,0.0,7,7560,买盘
361,10:31:10,10.81,0.01,1,1081,中性盘
362,10:31:16,10.81,0.0,1,1081,卖盘
363,10:31:34,10.82,0.01,1,1082,买盘
364,10:31:40,10.81,-0.01,2,2162,中性盘
365,10:32:07,10.81,0.0,2,2162,买盘
366,10:32:10,10.81,0.0,8,8648,买盘
367,10:32:19,10.81,0.0,6,6486,卖盘
368,10:33:28,10.81,0.0,5,5405,卖盘
369,10:33:34,10.82,0.01,7,7574,买盘
370,10:34:07,10.82,0.0,1,1082,买盘
371,10:34:19,10.8,-0.02,6,6482,卖盘
372,10:35:07,10.81,0.01,12,12972,卖盘
373,10:35:37,10.82,0.01,1,1082,买盘
374,10:35:49,10.82,0.0,8,8656,买盘
375,10:36:07,10.81,-0.01,2,2163,卖盘
376,10:36:16,10.81,0.0,7,7567,卖盘
377,10:36:19,10.8,-0.01,6,6480,卖盘
378,10:36:22,10.81,0.01,2,2162,中性盘
379,10:36:25,10.8,-0.01,18,19440,卖盘
380,10:36:49,10.8,0.0,1,1080,卖盘
381,10:37:01,10.8,0.0,3,3240,卖盘
382,10:37:16,10.82,0.02,5,5410,买盘
383,10:37:40,10.8,-0.02,18,19456,卖盘
384,10:38:04,10.81,0.01,1,1081,中性盘
385,10:38:19,10.8,-0.01,7,7560,卖盘
386,10:39:07,10.82,0.02,1,1082,买盘
387,10:39:34,10.8,-0.02,6,6480,卖盘
388,10:39:55,10.8,0.0,6,6480,卖盘
389,10:40:07,10.82,0.02,1,1082,买盘
390,10:40:19,10.8,-0.02,5,5400,卖盘
391,10:40:31,10.82,0.02,1,1082,买盘
392,10:40:49,10.8,-0.02,3,3240,卖盘
393,10:41:58,10.82,0.02,1,1082,买盘
394,10:42:04,10.82,0.0,1,1082,买盘
395,10:42:07,10.82,0.0,22,23804,买盘
396,10:42:10,10.82,0.0,1,1082,买盘
397,10:42:13,10.82,0.0,10,10820,买盘
398,10:42:16,10.83,0.01,5,5415,买盘
399,10:42:19,10.82,-0.01,6,6493,卖盘
400,10:42:22,10.83,0.01,1,1083,买盘
401,10:42:25,10.83,0.0,1,1083,买盘
402,10:42:28,10.83,0.0,2,2166,买盘
403,10:42:46,10.84,0.01,1,1084,买盘
404,10:43:07,10.84,0.0,5,5420,买盘
405,10:44:07,10.84,0.0,2,2168,买盘
406,10:44:19,10.82,-0.02,5,5414,卖盘
407,10:44:21,10.84,0.02,1,1084,买盘
408,10:45:07,10.84,0.0,1,1084,买盘
409,10:45:22,10.84,0.0,2,2168,买盘
410,10:45:30,10.83,-0.01,1,1083,卖盘
411,10:45:34,10.83,0.0,7,7581,卖盘
412,10:45:52,10.81,-0.02,32,34602,卖盘
413,10:45:55,10.81,0.0,50,54050,卖盘
414,10:46:19,10.81,0.0,4,4324,卖盘
415,10:48:09,10.82,0.01,6,6492,卖盘
416,10:48:18,10.81,-0.01,7,7567,卖盘
417,10:49:10,10.82,0.01,2,2164,买盘
418,10:49:40,10.81,-0.01,18,19458,卖盘
419,10:49:55,10.81,0.0,1,1081,卖盘
420,10:50:07,10.82,0.01,2,2164,买盘
421,10:50:12,10.82,0.0,8,8656,买盘
422,10:50:19,10.81,-0.01,5,5405,卖盘
423,10:50:55,10.82,0.01,1,1082,买盘
424,10:51:07,10.81,-0.01,19,20540,卖盘
425,10:51:10,10.82,0.01,52,56264,买盘
426,10:51:13,10.82,0.0,48,51936,卖盘
427,10:51:22,10.82,0.0,5,5410,卖盘
428,10:51:25,10.81,-0.01,5,5405,卖盘
429,10:51:31,10.81,0.0,12,12972,卖盘
430,10:51:40,10.82,0.01,1,1082,买盘
431,10:51:49,10.82,0.0,4,4328,卖盘
432,10:51:58,10.82,0.0,12,12984,卖盘
433,10:52:01,10.82,0.0,13,14066,卖盘
434,10:52:07,10.82,0.0,1,1082,买盘
435,10:52:13,10.81,-0.01,16,17296,卖盘
436,10:52:22,10.8,-0.01,6,6480,卖盘
437,10:52:25,10.8,0.0,2,2160,卖盘
438,10:52:40,10.8,0.0,18,19440,卖盘
439,10:53:07,10.8,0.0,70,75600,卖盘
440,10:53:37,10.79,-0.01,2,2158,卖盘
441,10:53:40,10.79,0.0,3,3237,卖盘
442,10:53:43,10.79,0.0,12,12948,卖盘
443,10:53:49,10.79,0.0,12,12948,卖盘
444,10:53:55,10.8,0.01,1,1080,买盘
445,10:54:04,10.79,-0.01,12,12948,卖盘
446,10:54:07,10.8,0.01,1,1080,买盘
447,10:54:10,10.79,-0.01,18,19422,卖盘
448,10:54:13,10.79,0.0,21,22659,卖盘
449,10:54:16,10.79,0.0,3,3237,卖盘
450,10:54:19,10.79,0.0,9,9711,卖盘
451,10:54:25,10.79,0.0,4,4316,卖盘
452,10:54:31,10.79,0.0,2,2158,卖盘
453,10:54:33,10.79,0.0,1,1079,卖盘
454,10:54:48,10.78,-0.01,12,12938,卖盘
455,10:55:37,10.78,0.0,12,12938,卖盘
456,10:55:40,10.78,0.0,2,2156,卖盘
457,10:56:04,10.78,0.0,1,1078,卖盘
458,10:56:07,10.79,0.01,2,2158,买盘
459,10:56:22,10.78,-0.01,5,5390,卖盘
460,10:56:45,10.79,0.01,3,3237,买盘
461,10:57:04,10.79,0.0,22,23738,买盘
462,10:57:10,10.79,0.0,18,19422,卖盘
463,10:57:22,10.8,0.01,2,2160,买盘
464,10:57:46,10.82,0.02,5,5408,买盘
465,10:57:52,10.8,-0.02,1,1080,中性盘
466,10:58:21,10.79,-0.01,8,8633,卖盘
467,10:59:07,10.83,0.04,2,2166,买盘
468,10:59:31,10.8,-0.03,20,21600,卖盘
469,11:00:01,10.83,0.03,2,2166,买盘
470,11:00:07,10.81,-0.02,3,3243,卖盘
471,11:00:10,10.81,0.0,8,8648,卖盘
472,11:00:22,10.8,-0.01,5,5400,卖盘
473,11:00:39,10.81,0.01,3,3243,买盘
474,11:01:40,10.8,-0.01,18,19440,卖盘
475,11:02:22,10.8,0.0,5,5400,卖盘
476,11:02:40,10.8,0.0,20,21600,卖盘
477,11:03:10,10.8,0.0,18,19440,卖盘
478,11:03:43,10.81,0.01,8,8648,买盘
479,11:04:10,10.83,0.02,1,1083,买盘
480,11:04:22,10.81,-0.02,4,4324,卖盘
481,11:04:40,10.81,0.0,6,6489,卖盘
482,11:04:51,10.81,0.0,2,2162,卖盘
483,11:05:04,10.81,0.0,58,62698,买盘
484,11:05:15,10.81,0.0,18,19458,卖盘
485,11:05:37,10.81,0.0,15,16215,卖盘
486,11:05:49,10.81,0.0,2,2162,买盘
487,11:05:52,10.8,-0.01,12,12960,卖盘
488,11:05:55,10.79,-0.01,47,50730,卖盘
489,11:05:57,10.79,0.0,12,12948,卖盘
490,11:06:01,10.8,0.01,4,4320,买盘
491,11:06:07,10.8,0.0,3,3240,卖盘
492,11:06:10,10.8,0.0,3,3240,卖盘
493,11:06:16,10.79,-0.01,12,12948,卖盘
494,11:06:22,10.79,0.0,4,4316,卖盘
495,11:06:28,10.79,0.0,1,1079,卖盘
496,11:06:34,10.79,0.0,3,3237,卖盘
497,11:06:43,10.8,0.01,52,56160,买盘
498,11:07:40,10.79,-0.01,18,19422,卖盘
499,11:07:46,10.79,0.0,3,3237,卖盘
500,11:08:01,10.79,0.0,20,21580,卖盘
501,11:08:22,10.79,0.0,8,8632,卖盘
502,11:08:52,10.79,0.0,1,1079,卖盘
503,11:09:10,10.79,0.0,18,19422,卖盘
504,11:09:13,10.8,0.01,4,4320,买盘
505,11:09:46,10.8,0.0,2,2160,买盘
506,11:09:58,10.81,0.01,1,1081,买盘
507,11:10:22,10.79,-0.02,7,7556,卖盘
508,11:10:37,10.79,0.0,18,19422,卖盘
509,11:10:40,10.79,0.0,104,112218,卖盘
510,11:10:49,10.79,0.0,10,10790,买盘
511,11:11:19,10.79,0.0,1,1079,买盘
512,11:11:25,10.79,0.0,3,3237,买盘
513,11:12:09,10.79,0.0,2,2158,卖盘
514,11:12:16,10.79,0.0,7,7553,买盘
515,11:12:25,10.78,-0.01,7,7546,卖盘
516,11:13:04,10.79,0.01,2,2158,买盘
517,11:13:37,10.78,-0.01,18,19404,卖盘
518,11:13:58,10.78,0.0,10,10780,卖盘
519,11:14:01,10.79,0.01,1,1079,买盘
520,11:14:19,10.79,0.0,5,5395,买盘
521,11:14:21,10.78,-0.01,4,4312,卖盘
522,11:15:13,10.78,0.0,24,25872,卖盘
523,11:15:33,10.79,0.01,2,2158,卖盘
524,11:16:25,10.78,-0.01,5,5390,卖盘
525,11:16:33,10.79,0.01,10,10790,买盘
526,11:16:37,10.78,-0.01,18,19404,卖盘
527,11:16:48,10.78,0.0,1,1078,卖盘
528,11:17:19,10.79,0.01,1,1079,买盘
529,11:17:33,10.78,-0.01,12,12936,卖盘
530,11:17:37,10.78,0.0,12,12936,卖盘
531,11:18:10,10.79,0.01,20,21562,买盘
532,11:18:21,10.78,-0.01,4,4312,卖盘
533,11:18:34,10.78,0.0,1,1078,卖盘
534,11:19:07,10.79,0.01,1,1079,买盘
535,11:19:13,10.79,0.0,2,2158,买盘
536,11:19:25,10.78,-0.01,2,2156,卖盘
537,11:19:27,10.78,0.0,1,1078,卖盘
538,11:19:40,10.78,0.0,18,19404,卖盘
539,11:19:54,10.79,0.01,5,5395,买盘
540,11:20:13,10.78,-0.01,20,21560,卖盘
541,11:20:25,10.79,0.01,7,7547,买盘
542,11:20:37,10.79,0.0,1,1079,买盘
543,11:21:04,10.78,-0.01,3,3234,卖盘
544,11:21:13,10.78,0.0,1,1078,卖盘
545,11:21:15,10.78,0.0,22,23716,卖盘
546,11:22:04,10.78,0.0,2,2156,卖盘
547,11:22:25,10.78,0.0,6,6468,卖盘
548,11:22:52,10.79,0.01,2,2158,买盘
549,11:22:58,10.78,-0.01,3,3234,卖盘
550,11:23:06,10.79,0.01,10,10790,买盘
551,11:23:45,10.8,0.01,2,2160,买盘
552,11:23:51,10.79,-0.01,3,3238,卖盘
553,11:24:24,10.79,0.0,7,7553,卖盘
554,11:25:24,10.77,-0.02,100,107771,卖盘
555,11:26:19,10.77,0.0,153,164393,卖盘
556,11:26:25,10.77,0.0,5,5385,卖盘
557,11:26:28,10.77,0.0,2,2154,卖盘
558,11:27:22,10.77,0.0,1,1077,卖盘
559,11:28:09,10.79,0.02,1,1079,买盘
560,11:28:12,10.77,-0.02,2,2154,卖盘
561,11:28:25,10.77,0.0,4,4308,卖盘
562,11:29:22,10.77,0.0,4,4308,卖盘
563,11:29:33,10.77,0.0,1,1077,卖盘
564,11:29:37,10.77,0.0,26,28002,卖盘
565,13:00:07,10.77,0.0,10,10770,卖盘
566,13:00:12,10.79,0.02,5,5395,卖盘
567,13:00:15,10.79,0.0,5,5395,卖盘
568,13:00:24,10.79,0.0,9,9697,买盘
569,13:01:01,10.79,0.0,5,5395,买盘
570,13:01:06,10.79,0.0,2,2158,买盘
571,13:01:30,10.79,0.0,2,2158,卖盘
572,13:01:36,10.79,0.0,1,1079,卖盘
573,13:02:25,10.79,0.0,6,6474,卖盘
574,13:02:36,10.79,0.0,1,1079,卖盘
575,13:03:48,10.79,0.0,3,3238,卖盘
576,13:04:18,10.79,0.0,1,1079,卖盘
577,13:04:21,10.8,0.01,2,2160,买盘
578,13:04:28,10.79,-0.01,8,8632,卖盘
579,13:05:04,10.8,0.01,1,1080,买盘
580,13:05:28,10.8,0.0,1,1080,买盘
581,13:05:31,10.8,0.0,7,7560,买盘
582,13:05:46,10.8,0.0,2,2160,买盘
583,13:05:51,10.8,0.0,2,2160,买盘
584,13:06:25,10.79,-0.01,4,4316,卖盘
585,13:06:30,10.8,0.01,69,74520,买盘
586,13:06:36,10.81,0.01,1,1081,买盘
587,13:06:42,10.83,0.02,5,5414,买盘
588,13:06:51,10.83,0.0,1,1083,买盘
589,13:06:57,10.83,0.0,15,16245,买盘
590,13:07:04,10.83,0.0,1,1083,买盘
591,13:07:15,10.83,0.0,31,33573,买盘
592,13:08:25,10.8,-0.03,4,4322,卖盘
593,13:09:04,10.81,0.01,10,10810,卖盘
594,13:09:10,10.81,0.0,5,5405,买盘
595,13:10:01,10.82,0.01,1,1082,买盘
596,13:10:10,10.82,0.0,3,3246,买盘
597,13:10:16,10.82,0.0,2,2164,买盘
598,13:10:22,10.83,0.01,1,1083,买盘
599,13:10:28,10.83,0.0,36,38974,买盘
600,13:10:46,10.84,0.01,1,1084,买盘
601,13:10:52,10.84,0.0,37,40650,买盘
602,13:10:57,10.85,0.01,1,1085,买盘
603,13:11:16,10.84,-0.01,1,1084,卖盘
604,13:11:19,10.84,0.0,1,1084,卖盘
605,13:11:46,10.85,0.01,14,15190,买盘
606,13:11:58,10.84,-0.01,2,2168,卖盘
607,13:12:25,10.84,0.0,8,8672,卖盘
608,13:13:45,10.85,0.01,22,23870,买盘
609,13:13:49,10.86,0.01,1,1086,买盘
610,13:13:52,10.85,-0.01,5,5425,卖盘
611,13:13:55,10.85,0.0,3,3255,卖盘
612,13:13:58,10.85,0.0,2,2170,买盘
613,13:14:28,10.84,-0.01,5,5420,卖盘
614,13:14:34,10.84,0.0,1,1084,卖盘
615,13:14:55,10.83,-0.01,21,22212,卖盘
616,13:15:04,10.83,0.0,4,4328,买盘
617,13:15:09,10.83,0.0,1,1083,买盘
618,13:15:12,10.83,0.0,1,1083,买盘
619,13:15:15,10.83,0.0,30,32490,买盘
620,13:15:19,10.83,0.0,1,1624,卖盘
621,13:15:25,10.85,0.02,2,2170,买盘
622,13:15:27,10.85,0.0,1,1085,买盘
623,13:15:31,10.85,0.0,1,1085,买盘
624,13:15:40,10.85,0.0,1,1085,卖盘
625,13:15:45,10.85,0.0,2,2170,买盘
626,13:16:06,10.85,0.0,5,5425,买盘
627,13:16:13,10.86,0.01,2,2172,买盘
628,13:16:27,10.81,-0.05,7,7567,卖盘
629,13:16:40,10.86,0.05,31,33666,买盘
630,13:17:10,10.86,0.0,2,2172,买盘
631,13:17:13,10.85,-0.01,2,2170,中性盘
632,13:17:18,10.85,0.0,1,1085,买盘
633,13:18:07,10.85,0.0,7,7595,买盘
634,13:18:28,10.85,0.0,4,4340,卖盘
635,13:18:31,10.86,0.01,24,26064,买盘
636,13:18:43,10.86,0.0,12,13032,卖盘
637,13:18:46,10.86,0.0,3,3258,卖盘
638,13:19:55,10.86,0.0,1,1086,买盘
639,13:20:10,10.86,0.0,10,10860,买盘
640,13:20:16,10.86,0.0,1,1086,买盘
641,13:20:22,10.86,0.0,1,1086,买盘
642,13:20:28,10.85,-0.01,5,5426,卖盘
643,13:20:30,10.86,0.01,3,3258,买盘
644,13:20:37,10.86,0.0,2,2172,买盘
645,13:20:55,10.86,0.0,2,2172,买盘
646,13:21:25,10.87,0.01,42,45654,买盘
647,13:22:13,10.87,0.0,8,8696,买盘
648,13:22:27,10.87,0.0,7,7609,卖盘
649,13:22:40,10.88,0.01,38,41344,买盘
650,13:22:49,10.89,0.01,5,5445,买盘
651,13:23:00,10.89,0.0,5,5445,买盘
652,13:23:07,10.88,-0.01,29,31552,卖盘
653,13:23:10,10.88,0.0,1,1088,买盘
654,13:23:36,10.88,0.0,1,1088,买盘
655,13:23:58,10.88,0.0,17,18496,买盘
656,13:24:04,10.88,0.0,2,2176,买盘
657,13:24:13,10.86,-0.02,100,108611,卖盘
658,13:24:19,10.86,0.0,2,2172,卖盘
659,13:24:27,10.86,0.0,5,5430,卖盘
660,13:24:31,10.88,0.02,5,5440,买盘
661,13:25:09,10.88,0.0,1,1088,买盘
662,13:26:04,10.88,0.0,1,1088,买盘
663,13:26:16,10.88,0.0,5,5440,买盘
664,13:26:19,10.88,0.0,5,5440,买盘
665,13:26:22,10.88,0.0,7,7616,买盘
666,13:26:27,10.88,0.0,5,5440,买盘
667,13:26:31,10.86,-0.02,6,6517,卖盘
668,13:26:37,10.88,0.02,10,10880,买盘
669,13:26:40,10.88,0.0,5,5440,买盘
670,13:26:52,10.87,-0.01,10,10870,买盘
671,13:26:54,10.87,0.0,10,10870,买盘
672,13:26:57,10.87,0.0,4,4348,买盘
673,13:27:00,10.87,0.0,4,4348,买盘
674,13:27:04,10.88,0.01,4,4350,买盘
675,13:27:07,10.88,0.0,5,5440,买盘
676,13:27:10,10.88,0.0,1,1088,买盘
677,13:27:13,10.88,0.0,3,3264,买盘
678,13:27:46,10.88,0.0,2,2176,买盘
679,13:27:55,10.88,0.0,2,2175,买盘
680,13:28:25,10.87,-0.01,1,1087,买盘
681,13:28:28,10.86,-0.01,7,7602,卖盘
682,13:28:31,10.87,0.01,1,1087,买盘
683,13:28:33,10.87,0.0,1,1087,买盘
684,13:28:37,10.87,0.0,1,1087,买盘
685,13:28:39,10.87,0.0,1,1087,买盘
686,13:28:42,10.87,0.0,1,1087,买盘
687,13:28:46,10.87,0.0,1,1087,买盘
688,13:28:48,10.87,0.0,1,1087,买盘
689,13:28:52,10.87,0.0,7,7609,买盘
690,13:28:58,10.88,0.01,1,1088,买盘
691,13:29:01,10.88,0.0,1,1088,买盘
692,13:29:04,10.88,0.0,1,1088,买盘
693,13:29:06,10.88,0.0,1,1088,买盘
694,13:29:10,10.88,0.0,3,3264,买盘
695,13:29:12,10.88,0.0,1,1088,买盘
696,13:29:15,10.88,0.0,1,1088,买盘
697,13:29:19,10.88,0.0,3,3264,买盘
698,13:29:22,10.88,0.0,2,2176,买盘
699,13:29:25,10.88,0.0,3,3264,买盘
700,13:29:31,10.88,0.0,4,4352,买盘
701,13:29:34,10.89,0.01,4,4354,买盘
702,13:29:37,10.89,0.0,5,5445,买盘
703,13:29:40,10.89,0.0,12,13068,买盘
704,13:29:43,10.89,0.0,9,9801,买盘
705,13:29:46,10.9,0.01,7,7626,买盘
706,13:29:52,10.9,0.0,2,2180,买盘
707,13:29:55,10.9,0.0,7,7630,买盘
708,13:30:31,10.88,-0.02,7,7616,卖盘
709,13:30:39,10.9,0.02,1,1090,买盘
710,13:30:46,10.9,0.0,2,2180,买盘
711,13:30:55,10.9,0.0,1,1090,买盘
712,13:31:30,10.9,0.0,6,6540,买盘
713,13:31:42,10.9,0.0,8,8720,买盘
714,13:31:45,10.88,-0.02,13,14144,卖盘
715,13:32:31,10.88,0.0,9,9248,卖盘
716,13:33:07,10.88,0.0,2,2176,卖盘
717,13:33:34,10.89,0.01,1,1089,买盘
718,13:34:07,10.88,-0.01,1,1088,卖盘
719,13:34:31,10.88,0.0,4,4352,卖盘
720,13:35:07,10.88,0.0,2,2176,卖盘
721,13:35:33,10.89,0.01,4,4356,买盘
722,13:35:37,10.89,0.0,1,1089,买盘
723,13:36:07,10.88,-0.01,1,1088,卖盘
724,13:36:28,10.9,0.02,34,37060,买盘
725,13:36:30,10.9,0.0,5,5450,卖盘
726,13:36:40,10.9,0.0,3,3270,卖盘
727,13:36:49,10.89,-0.01,1,1089,买盘
728,13:37:27,10.89,0.0,2,2178,买盘
729,13:37:31,10.89,0.0,2,2178,卖盘
730,13:38:31,10.89,0.0,8,8712,卖盘
731,13:38:40,10.9,0.01,7,7630,买盘
732,13:38:46,10.9,0.0,1,1090,卖盘
733,13:40:10,10.91,0.01,1,1091,买盘
734,13:40:22,10.91,0.0,10,10910,买盘
735,13:40:34,10.9,-0.01,6,6540,卖盘
736,13:40:43,10.91,0.01,4,4364,买盘
737,13:40:52,10.91,0.0,5,5455,买盘
738,13:41:01,10.91,0.0,36,39276,买盘
739,13:41:07,10.91,0.0,6,6546,买盘
740,13:41:09,10.91,0.0,2,2182,卖盘
741,13:42:22,10.92,0.01,3,3276,买盘
742,13:42:31,10.91,-0.01,7,7637,卖盘
743,13:42:40,10.92,0.01,1,1092,买盘
744,13:42:49,10.92,0.0,29,31668,买盘
745,13:43:10,10.93,0.01,5,5465,买盘
746,13:43:25,10.93,0.0,1,1093,买盘
747,13:43:28,10.93,0.0,6,6558,买盘
748,13:43:49,10.92,-0.01,31,33852,卖盘
749,13:43:55,10.92,0.0,8,8736,卖盘
750,13:43:58,10.92,0.0,2,2184,卖盘
751,13:44:01,10.92,0.0,17,18564,卖盘
752,13:44:04,10.92,0.0,4,4368,卖盘
753,13:44:07,10.92,0.0,2,2184,卖盘
754,13:44:10,10.92,0.0,2,2184,卖盘
755,13:44:19,10.92,0.0,8,8736,卖盘
756,13:44:25,10.91,-0.01,7,7637,卖盘
757,13:44:34,10.9,-0.01,18,19610,买盘
758,13:45:10,10.89,-0.01,2,2178,卖盘
759,13:45:19,10.9,0.01,11,11990,买盘
760,13:45:22,10.89,-0.01,1,1089,卖盘
761,13:45:28,10.89,0.0,1,1089,卖盘
762,13:46:34,10.89,0.0,7,7623,卖盘
763,13:46:36,10.9,0.01,40,43600,买盘
764,13:47:55,10.9,0.0,30,32700,卖盘
765,13:48:34,10.91,0.01,4,4364,卖盘
766,13:48:48,10.91,0.0,23,25093,卖盘
767,13:49:10,10.9,-0.01,1,1090,卖盘
768,13:50:04,10.91,0.01,1,1091,买盘
769,13:50:31,10.9,-0.01,4,4360,卖盘
770,13:50:52,10.91,0.01,6,6546,买盘
771,13:51:07,10.91,0.0,2,2182,买盘
772,13:51:13,10.9,-0.01,3,3272,卖盘
773,13:51:19,10.91,0.01,16,17456,买盘
774,13:51:25,10.91,0.0,1,1091,买盘
775,13:51:34,10.91,0.0,1,1091,买盘
776,13:51:37,10.91,0.0,1,1091,买盘
777,13:51:52,10.91,0.0,15,16365,买盘
778,13:51:55,10.91,0.0,21,22911,买盘
779,13:51:58,10.91,0.0,2,2182,买盘
780,13:52:01,10.91,0.0,2,2182,买盘
781,13:52:04,10.91,0.0,7,7637,买盘
782,13:52:13,10.91,0.0,1,1091,卖盘
783,13:52:28,10.93,0.02,16,17488,买盘
784,13:52:31,10.93,0.0,4,4372,买盘
785,13:52:34,10.91,-0.02,4,4364,卖盘
786,13:53:07,10.93,0.02,6,6558,买盘
787,13:53:16,10.93,0.0,13,14210,卖盘
788,13:53:25,10.94,0.01,1,1094,买盘
789,13:53:40,10.94,0.0,44,48136,买盘
790,13:53:46,10.94,0.0,21,22974,买盘
791,13:53:52,10.94,0.0,14,15316,买盘
792,13:53:55,10.95,0.01,29,31728,买盘
793,13:54:04,10.95,0.0,77,84315,买盘
794,13:54:10,10.96,0.01,5,5480,买盘
795,13:54:13,10.95,-0.01,22,24092,卖盘
796,13:54:34,10.95,0.0,7,7665,卖盘
797,13:54:43,10.96,0.01,6,6576,买盘
798,13:54:58,10.96,0.0,66,72336,买盘
799,13:55:01,10.95,-0.01,20,21900,卖盘
800,13:55:10,10.96,0.01,1,1096,买盘
801,13:55:13,10.96,0.0,44,48224,买盘
802,13:55:40,10.96,0.0,19,20824,卖盘
803,13:55:46,10.95,-0.01,5,5475,卖盘
804,13:56:04,10.96,0.01,19,20824,买盘
805,13:56:10,10.96,0.0,27,29592,买盘
806,13:56:13,10.96,0.0,1,1096,卖盘
807,13:56:21,10.97,0.01,12,13164,买盘
808,13:56:33,10.96,-0.01,6,6576,卖盘
809,13:56:42,10.97,0.01,1,1097,买盘
810,13:56:49,10.97,0.0,7,7679,买盘
811,13:57:07,10.97,0.0,80,87760,买盘
812,13:57:42,10.97,0.0,2,2194,卖盘
813,13:58:13,10.98,0.01,6,6588,买盘
814,13:58:15,10.97,-0.01,27,29619,卖盘
815,13:58:34,10.97,0.0,7,7679,卖盘
816,13:58:43,10.97,0.0,9,9873,卖盘
817,13:58:49,10.98,0.01,12,13173,买盘
818,13:59:01,10.97,-0.01,7,7679,买盘
819,13:59:13,10.97,0.0,20,21940,买盘
820,13:59:16,10.96,-0.01,1,1096,卖盘
821,13:59:28,10.97,0.01,1,1097,买盘
822,13:59:34,10.99,0.02,190,208777,买盘
823,13:59:37,10.97,-0.02,10,10970,卖盘
824,14:00:01,10.98,0.01,1,1098,买盘
825,14:00:13,10.98,0.0,1,1098,买盘
826,14:00:16,10.98,0.0,2,2195,买盘
827,14:00:34,10.97,-0.01,5,5485,卖盘
828,14:00:43,10.98,0.01,6,6588,买盘
829,14:00:46,10.97,-0.01,30,32910,卖盘
830,14:00:52,10.98,0.01,56,61488,买盘
831,14:00:58,10.98,0.0,5,5490,卖盘
832,14:01:13,11.0,0.02,12,13200,买盘
833,14:01:15,10.98,-0.02,31,34040,卖盘
834,14:01:43,11.0,0.02,249,273900,买盘
835,14:01:46,11.01,0.01,5,5505,买盘
836,14:01:52,11.02,0.01,20,22040,买盘
837,14:01:55,11.03,0.01,1,1103,买盘
838,14:02:07,11.02,-0.01,5,5513,卖盘
839,14:02:19,11.04,0.02,12,13237,买盘
840,14:02:22,11.02,-0.02,3,3306,卖盘
841,14:02:28,11.02,0.0,2,2204,卖盘
842,14:02:31,11.02,0.0,8,8816,买盘
843,14:02:34,11.01,-0.01,9,9923,卖盘
844,14:02:55,11.04,0.03,49,54094,买盘
845,14:02:58,11.04,0.0,12,13248,买盘
846,14:03:01,11.04,0.0,12,13248,买盘
847,14:03:10,11.04,0.0,4,4416,买盘
848,14:03:16,11.05,0.01,12,13257,买盘
849,14:03:22,11.02,-0.03,10,11022,卖盘
850,14:03:58,11.03,0.01,1,1103,卖盘
851,14:04:34,11.02,-0.01,4,4408,卖盘
852,14:04:58,11.03,0.01,12,13236,买盘
853,14:05:01,11.03,0.0,12,13236,卖盘
854,14:05:16,11.04,0.01,12,13248,买盘
855,14:05:46,11.03,-0.01,3,3311,卖盘
856,14:06:10,11.04,0.01,10,11040,买盘
857,14:06:13,11.03,-0.01,9,9927,卖盘
858,14:06:16,11.03,0.0,66,72798,卖盘
859,14:06:22,11.03,0.0,2,2206,卖盘
860,14:06:34,11.02,-0.01,7,7714,卖盘
861,14:06:37,11.02,0.0,4,4408,卖盘
862,14:06:40,11.02,0.0,1,1102,卖盘
863,14:06:43,11.02,0.0,26,28652,卖盘
864,14:06:46,11.02,0.0,1,1102,卖盘
865,14:06:49,11.02,0.0,2,2204,卖盘
866,14:06:55,11.02,0.0,30,33060,卖盘
867,14:07:01,11.02,0.0,10,11020,买盘
868,14:07:09,11.02,0.0,5,5510,买盘
869,14:07:57,11.02,0.0,9,9918,买盘
870,14:08:00,11.02,0.0,12,13224,买盘
871,14:08:34,11.01,-0.01,7,7707,卖盘
872,14:08:58,11.01,0.0,10,11010,卖盘
873,14:09:57,11.03,0.02,12,13229,买盘
874,14:10:16,11.03,0.0,1,1103,买盘
875,14:10:25,11.03,0.0,12,13236,买盘
876,14:10:34,11.01,-0.02,7,7711,卖盘
877,14:10:43,11.04,0.03,12,13245,买盘
878,14:11:25,11.04,0.0,12,13246,买盘
879,14:12:16,11.04,0.0,12,13248,买盘
880,14:12:34,11.02,-0.02,6,6612,卖盘
881,14:13:07,11.04,0.02,12,13248,买盘
882,14:13:19,11.03,-0.01,1,1103,卖盘
883,14:13:22,11.04,0.01,30,33120,买盘
884,14:13:25,11.04,0.0,5,5520,买盘
885,14:13:28,11.04,0.0,2,2208,买盘
886,14:13:31,11.05,0.01,4,4420,买盘
887,14:13:34,11.05,0.0,1,1105,买盘
888,14:13:37,11.05,0.0,1,1105,买盘
889,14:13:52,11.05,0.0,2,2210,买盘
890,14:14:01,11.05,0.0,6,6630,买盘
891,14:14:19,11.05,0.0,1,1105,买盘
892,14:14:30,11.05,0.0,34,37570,买盘
893,14:14:33,11.04,-0.01,4,4416,卖盘
894,14:14:37,11.05,0.01,4,4419,买盘
895,14:15:01,11.04,-0.01,3,3312,卖盘
896,14:15:04,11.04,0.0,8,8832,卖盘
897,14:15:07,11.03,-0.01,1,1103,卖盘
898,14:15:16,11.04,0.01,30,33120,买盘
899,14:15:22,11.05,0.01,12,13260,买盘
900,14:15:25,11.05,0.0,14,15470,买盘
901,14:15:31,11.05,0.0,2,2210,买盘
902,14:15:37,11.05,0.0,1,1105,买盘
903,14:15:43,11.05,0.0,12,13260,买盘
904,14:15:46,11.05,0.0,1,1105,买盘
905,14:16:25,11.07,0.02,1,1107,买盘
906,14:16:28,11.07,0.0,10,11070,买盘
907,14:16:34,11.07,0.0,7,7749,卖盘
908,14:16:46,11.07,0.0,1,1107,卖盘
909,14:17:04,11.06,-0.01,23,25457,卖盘
910,14:17:19,11.06,0.0,20,22120,买盘
911,14:17:31,11.06,0.0,2,2212,买盘
912,14:17:52,11.06,0.0,12,13272,买盘
913,14:18:01,11.06,0.0,14,15484,买盘
914,14:18:04,11.06,0.0,8,8848,买盘
915,14:18:10,11.07,0.01,1,1107,买盘
916,14:18:13,11.08,0.01,2,2216,买盘
917,14:18:28,11.09,0.01,91,100865,买盘
918,14:18:34,11.07,-0.02,1,1107,卖盘
919,14:18:37,11.06,-0.01,4,4425,卖盘
920,14:19:04,11.09,0.03,15,16635,买盘
921,14:19:10,11.09,0.0,1,1109,买盘
922,14:19:28,11.07,-0.02,2,2214,卖盘
923,14:19:34,11.07,0.0,28,30996,卖盘
924,14:19:37,11.07,0.0,10,11070,买盘
925,14:19:58,11.07,0.0,42,46494,买盘
926,14:20:07,11.06,-0.01,40,44240,卖盘
927,14:20:13,11.06,0.0,10,11060,卖盘
928,14:20:37,11.06,0.0,4,4424,卖盘
929,14:21:01,11.06,0.0,30,33180,卖盘
930,14:21:07,11.06,0.0,5,5530,卖盘
931,14:21:10,11.06,0.0,5,5530,卖盘
932,14:21:25,11.04,-0.02,12,13248,卖盘
933,14:22:22,11.04,0.0,2,2208,卖盘
934,14:22:37,11.04,0.0,6,6624,卖盘
935,14:22:49,11.04,0.0,22,24288,卖盘
936,14:23:07,11.04,0.0,15,16560,卖盘
937,14:24:04,11.05,0.01,25,27630,卖盘
938,14:24:07,11.06,0.01,2,2212,买盘
939,14:24:10,11.05,-0.01,3,3315,卖盘
940,14:24:19,11.05,0.0,1,1105,卖盘
941,14:24:31,11.05,0.0,1,1105,卖盘
942,14:24:37,11.04,-0.01,6,6624,卖盘
943,14:25:22,11.04,0.0,5,5520,卖盘
944,14:25:31,11.06,0.02,20,22117,买盘
945,14:25:40,11.08,0.02,219,242504,买盘
946,14:25:57,11.09,0.01,20,22180,买盘
947,14:26:22,11.08,-0.01,1,1108,卖盘
948,14:26:28,11.08,0.0,2,2216,卖盘
949,14:26:31,11.08,0.0,14,15512,卖盘
950,14:26:37,11.08,0.0,6,6648,卖盘
951,14:26:58,11.08,0.0,3,3324,卖盘
952,14:27:16,11.11,0.03,158,175408,买盘
953,14:27:49,11.09,-0.02,2,2218,中性盘
954,14:28:16,11.08,-0.01,10,11080,卖盘
955,14:28:22,11.08,0.0,5,5540,卖盘
956,14:28:24,11.08,0.0,10,11080,卖盘
957,14:28:28,11.08,0.0,32,35456,卖盘
958,14:28:37,11.08,0.0,17,18821,买盘
959,14:28:58,11.08,0.0,12,13296,买盘
960,14:29:01,11.04,-0.04,40,44161,卖盘
961,14:29:07,11.07,0.03,1,1107,中性盘
962,14:29:16,11.07,0.0,1,1107,买盘
963,14:29:21,11.07,0.0,1,1107,买盘
964,14:30:01,11.06,-0.01,10,11060,卖盘
965,14:30:04,11.05,-0.01,30,33151,卖盘
966,14:30:22,11.03,-0.02,72,79469,卖盘
967,14:30:36,11.07,0.04,32,35408,买盘
968,14:30:43,11.07,0.0,12,13284,卖盘
969,14:32:25,11.07,0.0,9,9963,买盘
970,14:32:36,11.07,0.0,4,4428,卖盘
971,14:33:25,11.07,0.0,30,33210,卖盘
972,14:33:37,11.07,0.0,5,5535,卖盘
973,14:34:37,11.07,0.0,6,6642,卖盘
974,14:34:49,11.08,0.01,13,14404,买盘
975,14:35:04,11.1,0.02,12,13317,买盘
976,14:35:12,11.1,0.0,22,24420,买盘
977,14:35:22,11.1,0.0,7,7770,卖盘
978,14:35:42,11.08,-0.02,5,5540,卖盘
979,14:35:45,11.1,0.02,2,2220,买盘
980,14:36:16,11.1,0.0,2,2220,买盘
981,14:36:19,11.08,-0.02,1,1108,卖盘
982,14:36:37,11.08,0.0,7,7756,卖盘
983,14:36:52,11.08,0.0,4,4432,卖盘
984,14:37:22,11.08,0.0,1,1108,买盘
985,14:37:31,11.07,-0.01,11,12177,卖盘
986,14:37:37,11.07,0.0,1,1107,买盘
987,14:37:43,11.07,0.0,1,1107,买盘
988,14:37:49,11.07,0.0,1,1107,买盘
989,14:37:55,11.07,0.0,2,2214,买盘
990,14:38:01,11.07,0.0,1,1107,买盘
991,14:38:16,11.07,0.0,2,2214,买盘
992,14:38:37,11.06,-0.01,7,7743,卖盘
993,14:38:49,11.07,0.01,2,2214,买盘
994,14:40:31,11.07,0.0,30,33210,卖盘
995,14:40:37,11.06,-0.01,4,4424,卖盘
996,14:40:43,11.07,0.01,5,5535,买盘
997,14:41:13,11.06,-0.01,15,16606,卖盘
998,14:41:25,11.08,0.02,13,14403,买盘
999,14:41:55,11.08,0.0,34,37672,买盘
1000,14:42:01,11.08,0.0,1,1108,卖盘
1001,14:42:04,11.08,0.0,1,1108,卖盘
1002,14:42:31,11.08,0.0,10,11080,卖盘
1003,14:42:37,11.08,0.0,1,1108,卖盘
1004,14:42:40,11.07,-0.01,6,6642,卖盘
1005,14:44:28,11.07,0.0,17,18819,卖盘
1006,14:44:37,11.07,0.0,6,6642,卖盘
1007,14:44:46,11.07,0.0,20,22140,卖盘
1008,14:44:55,11.06,-0.01,11,12166,卖盘
1009,14:45:01,11.06,0.0,2,2212,卖盘
1010,14:45:04,11.06,0.0,4,4424,卖盘
1011,14:46:01,11.06,0.0,1,1106,卖盘
1012,14:46:22,11.07,0.01,31,34317,买盘
1013,14:46:37,11.07,0.0,6,6642,买盘
1014,14:47:34,11.07,0.0,1,1107,卖盘
1015,14:47:37,11.08,0.01,1,1108,买盘
1016,14:48:07,11.07,-0.01,57,63099,卖盘
1017,14:48:13,11.07,0.0,2,2214,卖盘
1018,14:48:22,11.07,0.0,13,14391,卖盘
1019,14:48:28,11.08,0.01,73,80876,买盘
1020,14:48:40,11.08,0.0,5,5540,买盘
1021,14:48:43,11.08,0.0,36,39888,卖盘
1022,14:49:04,11.08,0.0,20,22160,买盘
1023,14:49:07,11.06,-0.02,2,2214,卖盘
1024,14:49:55,11.07,0.01,1,1107,卖盘
1025,14:50:22,11.07,0.0,1,1107,卖盘
1026,14:50:43,11.07,0.0,1,1107,卖盘
1027,14:51:04,11.08,0.01,69,76452,买盘
1028,14:51:10,11.07,-0.01,1,1107,卖盘
1029,14:51:28,11.07,0.0,4,4428,卖盘
1030,14:51:31,11.07,0.0,2,2214,卖盘
1031,14:51:37,11.06,-0.01,39,43153,卖盘
1032,14:51:49,11.06,0.0,50,55300,买盘
1033,14:52:01,11.05,-0.01,2,2210,卖盘
1034,14:52:07,11.05,0.0,11,12155,卖盘
1035,14:52:16,11.05,0.0,1,1105,卖盘
1036,14:52:19,11.06,0.01,28,30968,买盘
1037,14:52:34,11.05,-0.01,21,23205,卖盘
1038,14:52:43,11.05,0.0,1,1105,卖盘
1039,14:53:04,11.05,0.0,1,1105,卖盘
1040,14:53:34,11.05,0.0,14,15470,卖盘
1041,14:53:52,11.05,0.0,2,2210,卖盘
1042,14:54:10,11.05,0.0,2,2210,卖盘
1043,14:54:22,11.06,0.01,69,76314,买盘
1044,14:54:28,11.06,0.0,1,1106,买盘
1045,14:54:37,11.06,0.0,39,43132,买盘
1046,14:54:55,11.06,0.0,1,1106,卖盘
1047,14:55:16,11.06,0.0,98,108388,卖盘
1048,14:55:28,11.06,0.0,4,4424,卖盘
1049,14:55:31,11.06,0.0,1,1106,卖盘
1050,14:55:55,11.07,0.01,1,1107,买盘
1051,14:56:01,11.07,0.0,7,7749,买盘
1052,14:56:19,11.06,-0.01,8,8848,卖盘
1053,14:56:22,11.06,0.0,6,6641,卖盘
1054,14:56:40,11.07,0.01,3,3321,买盘
1055,14:56:43,11.07,0.0,3,3321,买盘
1056,15:00:05,11.07,0.0,88,97416,卖盘
