,time,price,change,volume,amount,type
0,09:25:05,5.59,-0.1,952,532520,卖盘
1,09:30:00,5.6,0.01,14,7840,中性盘
2,09:30:04,5.61,0.01,135,75994,中性盘
3,09:30:06,5.6,-0.01,263,147446,卖盘
4,09:30:10,5.6,0.0,207,115920,卖盘
5,09:30:19,5.63,0.03,100,56300,买盘
6,09:30:31,5.61,-0.02,100,56200,卖盘
7,09:30:39,5.63,0.02,2,1126,卖盘
8,09:30:46,5.63,0.0,5,2815,买盘
9,09:30:49,5.6,-0.03,294,164926,卖盘
10,09:30:52,5.61,0.01,98,54978,买盘
11,09:30:55,5.61,0.0,13,7293,买盘
12,09:30:58,5.61,0.0,129,72369,买盘
13,09:31:00,5.61,0.0,229,128469,买盘
14,09:31:04,5.64,0.03,415,233089,买盘
15,09:31:18,5.64,0.0,106,59784,买盘
16,09:31:22,5.64,0.0,156,87984,买盘
17,09:31:24,5.64,0.0,1,564,卖盘
18,09:31:31,5.65,0.01,55,31075,买盘
19,09:31:34,5.64,-0.01,321,180923,卖盘
20,09:31:37,5.64,0.0,10,5640,买盘
21,09:31:49,5.64,0.0,98,55187,买盘
22,09:31:52,5.62,-0.02,43,24172,卖盘
23,09:31:55,5.62,0.0,200,112400,卖盘
24,09:32:01,5.63,0.01,33,18579,卖盘
25,09:32:06,5.6,-0.03,1270,712213,卖盘
26,09:32:10,5.61,0.01,50,28050,卖盘
27,09:32:13,5.62,0.01,5,2810,买盘
28,09:32:16,5.6,-0.02,60,33620,卖盘
29,09:32:18,5.62,0.02,797,446338,买盘
30,09:32:22,5.6,-0.02,85,47600,卖盘
31,09:32:25,5.6,0.0,829,464240,卖盘
32,09:32:27,5.6,0.0,4,2240,买盘
33,09:32:34,5.59,-0.01,156,87204,卖盘
34,09:32:37,5.6,0.01,32,17920,买盘
35,09:32:40,5.6,0.0,203,113580,买盘
36,09:32:43,5.59,-0.01,228,127452,卖盘
37,09:32:45,5.6,0.01,10,5595,买盘
38,09:32:48,5.59,-0.01,261,146041,卖盘
39,09:32:52,5.59,0.0,43,24037,卖盘
40,09:33:01,5.6,0.01,9,5040,买盘
41,09:33:04,5.59,-0.01,50,27950,卖盘
42,09:33:07,5.6,0.01,10,5600,买盘
43,09:33:10,5.59,-0.01,2,1118,卖盘
44,09:33:13,5.59,0.0,8,4472,卖盘
45,09:33:22,5.6,0.01,3,1680,买盘
46,09:33:25,5.58,-0.02,473,263692,卖盘
47,09:33:28,5.59,0.01,34,19328,买盘
48,09:33:34,5.59,0.0,1,559,卖盘
49,09:33:45,5.6,0.01,979,548240,买盘
50,09:33:48,5.6,0.0,580,324800,买盘
51,09:33:55,5.65,0.05,100,56417,买盘
52,09:34:06,5.63,-0.02,1,563,卖盘
53,09:34:10,5.65,0.02,1,565,买盘
54,09:34:16,5.65,0.0,70,39540,买盘
55,09:34:22,5.64,-0.01,296,166944,中性盘
56,09:34:24,5.63,-0.01,24,13512,卖盘
57,09:34:28,5.63,0.0,27,15211,卖盘
58,09:34:31,5.63,0.0,8,4504,买盘
59,09:34:34,5.62,-0.01,7,3934,卖盘
60,09:34:37,5.63,0.01,23,12949,买盘
61,09:34:40,5.63,0.0,5,2815,卖盘
62,09:34:42,5.63,0.0,10,5630,卖盘
63,09:34:46,5.63,0.0,37,20831,卖盘
64,09:34:49,5.63,0.0,14,7892,卖盘
65,09:34:52,5.63,0.0,84,47292,卖盘
66,09:34:55,5.64,0.01,50,28200,买盘
67,09:35:00,5.63,-0.01,5,2815,卖盘
68,09:35:04,5.63,0.0,10,5630,卖盘
69,09:35:06,5.63,0.0,8,4504,卖盘
70,09:35:13,5.63,0.0,81,45675,卖盘
71,09:35:19,5.64,0.01,7,3948,买盘
72,09:35:22,5.63,-0.01,165,92895,卖盘
73,09:35:24,5.63,0.0,90,50670,买盘
74,09:35:27,5.63,0.0,4,2252,买盘
75,09:35:31,5.63,0.0,47,26478,卖盘
76,09:35:34,5.63,0.0,50,28150,卖盘
77,09:35:37,5.63,0.0,3,1689,买盘
78,09:35:42,5.63,0.0,70,39410,买盘
79,09:36:00,5.63,0.0,89,50107,买盘
80,09:36:04,5.63,0.0,58,32597,买盘
81,09:36:10,5.62,-0.01,1,562,卖盘
82,09:36:15,5.63,0.01,66,37158,买盘
83,09:36:21,5.62,-0.01,180,101160,卖盘
84,09:36:24,5.62,0.0,20,11240,卖盘
85,09:36:30,5.62,0.0,40,22480,买盘
86,09:36:34,5.62,0.0,117,65754,买盘
87,09:36:36,5.61,-0.01,37,20773,卖盘
88,09:36:39,5.61,0.0,456,255816,卖盘
89,09:36:43,5.61,0.0,10,5610,买盘
90,09:36:46,5.61,0.0,3,1683,买盘
91,09:36:49,5.61,0.0,10,5610,买盘
92,09:36:52,5.61,0.0,69,38709,买盘
93,09:36:54,5.6,-0.01,59,33045,卖盘
94,09:37:00,5.6,0.0,179,100240,卖盘
95,09:37:04,5.6,0.0,8,4480,卖盘
96,09:37:07,5.61,0.01,80,44880,买盘
97,09:37:10,5.6,-0.01,70,39200,卖盘
98,09:37:16,5.6,0.0,51,28560,卖盘
99,09:37:19,5.6,0.0,26,14560,卖盘
100,09:37:21,5.61,0.01,2,1122,买盘
101,09:37:25,5.61,0.0,31,17378,买盘
102,09:37:31,5.61,0.0,16,8976,卖盘
103,09:37:34,5.61,0.0,90,50490,卖盘
104,09:37:42,5.61,0.0,73,40953,买盘
105,09:37:49,5.61,0.0,83,46563,买盘
106,09:37:55,5.62,0.01,4,2248,买盘
107,09:37:57,5.62,0.0,29,16017,买盘
108,09:38:04,5.62,0.0,63,35687,卖盘
109,09:38:09,5.61,-0.01,39,21879,卖盘
110,09:38:13,5.61,0.0,35,19635,买盘
111,09:38:18,5.61,0.0,9,5049,卖盘
112,09:38:27,5.61,0.0,123,69003,卖盘
113,09:38:34,5.62,0.01,87,48894,买盘
114,09:38:40,5.61,-0.01,20,11220,卖盘
115,09:38:49,5.62,0.01,63,35406,买盘
116,09:38:52,5.62,0.0,150,84300,买盘
117,09:38:55,5.62,0.0,48,26695,买盘
118,09:39:04,5.62,0.0,93,52547,卖盘
119,09:39:07,5.63,0.01,82,46110,买盘
120,09:39:25,5.63,0.0,110,61930,买盘
121,09:39:28,5.62,-0.01,1,562,买盘
122,09:39:33,5.62,0.0,36,20232,买盘
123,09:39:36,5.61,-0.01,334,187374,卖盘
124,09:39:40,5.61,0.0,86,48246,买盘
125,09:39:49,5.6,-0.01,20,11200,卖盘
126,09:39:55,5.61,0.01,14,7853,买盘
127,09:39:58,5.61,0.0,76,42636,买盘
128,09:40:04,5.6,-0.01,180,100820,卖盘
129,09:40:10,5.61,0.01,10,5610,卖盘
130,09:40:13,5.6,-0.01,10,5605,卖盘
131,09:40:16,5.6,0.0,131,73492,卖盘
132,09:40:19,5.61,0.01,3,1683,买盘
133,09:40:22,5.6,-0.01,1571,878773,卖盘
134,09:40:28,5.6,0.0,76,42560,买盘
135,09:40:31,5.62,0.02,90,50580,买盘
136,09:40:34,5.61,-0.01,106,59466,卖盘
137,09:40:37,5.61,0.0,48,26928,卖盘
138,09:40:43,5.58,-0.03,500,279325,卖盘
139,09:40:49,5.61,0.03,66,37026,买盘
140,09:40:52,5.61,0.0,1,561,卖盘
141,09:41:07,5.6,-0.01,185,103685,卖盘
142,09:41:19,5.6,0.0,10,5600,买盘
143,09:41:22,5.58,-0.02,174,96726,卖盘
144,09:41:25,5.58,0.0,16,8928,买盘
145,09:41:31,5.57,-0.01,48,26736,卖盘
146,09:41:37,5.58,0.01,10,5580,买盘
147,09:41:40,5.57,-0.01,127,70819,卖盘
148,09:41:42,5.57,0.0,35,19495,卖盘
149,09:41:46,5.57,0.0,160,89120,卖盘
150,09:41:49,5.57,0.0,108,60156,买盘
151,09:41:54,5.57,0.0,100,55700,卖盘
152,09:41:57,5.58,0.01,284,158819,买盘
153,09:42:01,5.58,0.0,26,14508,卖盘
154,09:42:04,5.58,0.0,148,82232,卖盘
155,09:42:07,5.58,0.0,36,20088,买盘
156,09:42:10,5.58,0.0,26,14860,买盘
157,09:42:13,5.6,0.02,54,30240,买盘
158,09:42:15,5.58,-0.02,33,18456,卖盘
159,09:42:19,5.58,0.0,51,28460,卖盘
160,09:42:30,5.6,0.02,92,51520,买盘
161,09:42:34,5.6,0.0,50,28000,买盘
162,09:42:37,5.6,0.0,10,5600,买盘
163,09:42:49,5.6,0.0,77,43120,买盘
164,09:42:51,5.6,0.0,21,11760,卖盘
165,09:42:55,5.6,0.0,25,14000,买盘
166,09:42:57,5.59,-0.01,6,3357,卖盘
167,09:43:04,5.61,0.02,63,35328,买盘
168,09:43:07,5.61,0.0,16,8976,买盘
169,09:43:15,5.61,0.0,179,100419,买盘
170,09:43:19,5.61,0.0,2,1122,买盘
171,09:43:22,5.61,0.0,86,48246,买盘
172,09:43:27,5.61,0.0,19,10659,买盘
173,09:43:30,5.61,0.0,56,31416,买盘
174,09:43:39,5.62,0.01,64,35965,买盘
175,09:43:43,5.6,-0.02,30,16800,卖盘
176,09:43:49,5.62,0.02,111,62074,买盘
177,09:43:51,5.62,0.0,30,16860,买盘
178,09:43:54,5.62,0.0,47,26414,买盘
179,09:43:57,5.62,0.0,13,7306,买盘
180,09:44:12,5.63,0.01,947,532894,买盘
181,09:44:16,5.62,-0.01,6,3372,卖盘
182,09:44:18,5.61,-0.01,40,22452,卖盘
183,09:44:24,5.62,0.01,12,6744,卖盘
184,09:44:30,5.63,0.01,144,81072,买盘
185,09:44:33,5.62,-0.01,20,11240,卖盘
186,09:44:36,5.62,0.0,9,5058,买盘
187,09:44:46,5.62,0.0,92,51704,买盘
188,09:44:48,5.62,0.0,17,9553,买盘
189,09:45:00,5.63,0.01,50,28150,买盘
190,09:45:04,5.62,-0.01,227,127574,卖盘
191,09:45:16,5.62,0.0,8,4496,买盘
192,09:45:22,5.62,0.0,75,42150,买盘
193,09:45:24,5.61,-0.01,20,11220,卖盘
194,09:45:28,5.61,0.0,45,25250,卖盘
195,09:45:30,5.61,0.0,5,2805,卖盘
196,09:45:36,5.61,0.0,94,52734,卖盘
197,09:45:40,5.62,0.01,98,55076,买盘
198,09:45:48,5.62,0.0,10,5620,卖盘
199,09:45:51,5.62,0.0,20,11240,卖盘
200,09:45:55,5.63,0.01,65,36595,买盘
201,09:45:57,5.63,0.0,3,1689,买盘
202,09:46:00,5.61,-0.02,112,62866,卖盘
203,09:46:10,5.62,0.01,2,1124,卖盘
204,09:46:13,5.63,0.01,82,46166,买盘
205,09:46:30,5.63,0.0,60,33780,买盘
206,09:46:33,5.62,-0.01,71,39902,卖盘
207,09:46:37,5.62,0.0,55,30910,卖盘
208,09:46:45,5.63,0.01,77,43351,买盘
209,09:46:48,5.63,0.0,215,121045,买盘
210,09:46:51,5.62,-0.01,16,8992,卖盘
211,09:46:55,5.63,0.01,265,149195,买盘
212,09:46:57,5.63,0.0,123,68968,买盘
213,09:47:04,5.64,0.01,95,53580,买盘
214,09:47:06,5.64,0.0,11,6204,买盘
215,09:47:09,5.64,0.0,462,260568,买盘
216,09:47:18,5.64,0.0,11,6204,卖盘
217,09:47:21,5.65,0.01,71,40114,买盘
218,09:47:37,5.65,0.0,274,154496,买盘
219,09:47:48,5.65,0.0,248,140120,买盘
220,09:47:55,5.65,0.0,74,41877,卖盘
221,09:47:57,5.65,0.0,6,3390,买盘
222,09:48:04,5.65,0.0,77,43505,买盘
223,09:48:06,5.64,-0.01,51,28764,卖盘
224,09:48:12,5.64,0.0,234,132061,卖盘
225,09:48:18,5.64,0.0,5,2820,买盘
226,09:48:22,5.64,0.0,47,26501,买盘
227,09:48:28,5.64,0.0,62,34968,买盘
228,09:48:30,5.64,0.0,45,25380,买盘
229,09:48:33,5.65,0.01,17,9605,买盘
230,09:48:40,5.65,0.0,89,50143,买盘
231,09:48:45,5.65,0.0,81,45765,买盘
232,09:48:57,5.64,-0.01,10,5640,买盘
233,09:49:04,5.64,0.0,52,29328,买盘
234,09:49:09,5.63,-0.01,137,77206,卖盘
235,09:49:15,5.63,0.0,10,5630,卖盘
236,09:49:18,5.64,0.01,26,14664,买盘
237,09:49:24,5.64,0.0,30,16920,卖盘
238,09:49:30,5.64,0.0,24,13536,卖盘
239,09:49:36,5.64,0.0,26,14664,买盘
240,09:49:39,5.63,-0.01,126,71005,卖盘
241,09:49:45,5.64,0.01,4,2256,买盘
242,09:49:51,5.64,0.0,2,1128,买盘
243,09:49:54,5.64,0.0,23,12972,卖盘
244,09:50:00,5.65,0.01,330,186450,买盘
245,09:50:06,5.64,-0.01,60,33840,卖盘
246,09:50:09,5.66,0.02,122,68996,买盘
247,09:50:13,5.64,-0.02,3,1692,卖盘
248,09:50:15,5.66,0.02,50,28300,买盘
249,09:50:21,5.65,-0.01,5,2825,买盘
250,09:50:27,5.65,0.0,65,36725,买盘
251,09:50:30,5.65,0.0,8,4520,买盘
252,09:50:33,5.64,-0.01,3,1692,卖盘
253,09:50:39,5.65,0.01,10,5650,买盘
254,09:50:45,5.64,-0.01,99,55919,卖盘
255,09:50:54,5.64,0.0,23,12972,卖盘
256,09:51:00,5.64,0.0,65,36660,买盘
257,09:51:03,5.63,-0.01,57,32097,卖盘
258,09:51:18,5.64,0.01,11,6204,买盘
259,09:51:25,5.65,0.01,82,46268,买盘
260,09:51:30,5.64,-0.01,5,2820,卖盘
261,09:51:33,5.65,0.01,522,294735,买盘
262,09:51:46,5.65,0.0,22,12430,买盘
263,09:51:52,5.65,0.0,130,73367,买盘
264,09:51:54,5.64,-0.01,97,54744,卖盘
265,09:51:58,5.64,0.0,33,18612,买盘
266,09:52:04,5.65,0.01,10,5650,买盘
267,09:52:10,5.65,0.0,92,51980,买盘
268,09:52:12,5.64,-0.01,81,45764,卖盘
269,09:52:24,5.65,0.01,60,33900,买盘
270,09:52:28,5.64,-0.01,84,47445,卖盘
271,09:52:31,5.65,0.01,43,24280,买盘
272,09:52:34,5.64,-0.01,7,3948,卖盘
273,09:52:40,5.64,0.0,80,45120,买盘
274,09:52:42,5.64,0.0,64,36096,买盘
275,09:52:45,5.65,0.01,1,565,买盘
276,09:52:48,5.64,-0.01,39,21996,卖盘
277,09:53:00,5.64,0.0,63,35532,买盘
278,09:53:18,5.63,-0.01,124,69894,卖盘
279,09:53:22,5.64,0.01,2,1128,买盘
280,09:53:25,5.63,-0.01,49,27587,卖盘
281,09:53:28,5.63,0.0,23,12949,卖盘
282,09:53:33,5.64,0.01,77,43428,买盘
283,09:53:36,5.64,0.0,23,12972,买盘
284,09:53:49,5.63,-0.01,10,5630,卖盘
285,09:53:51,5.64,0.01,87,49068,买盘
286,09:53:57,5.63,-0.01,62,34906,卖盘
287,09:54:10,5.63,0.0,93,52359,买盘
288,09:54:12,5.63,0.0,8,4504,买盘
289,09:54:25,5.62,-0.01,67,37711,卖盘
290,09:54:28,5.62,0.0,16,9261,卖盘
291,09:54:42,5.63,0.01,89,50107,买盘
292,09:55:01,5.63,0.0,67,37721,买盘
293,09:55:04,5.63,0.0,36,20268,买盘
294,09:55:06,5.62,-0.01,28,15736,卖盘
295,09:55:18,5.63,0.01,84,47292,买盘
296,09:55:27,5.62,-0.01,10,5620,卖盘
297,09:55:30,5.62,0.0,94,52828,卖盘
298,09:55:33,5.63,0.01,63,35469,买盘
299,09:55:43,5.63,0.0,6,3378,买盘
300,09:55:51,5.63,0.0,57,32091,买盘
301,09:56:00,5.63,0.0,20,11260,卖盘
302,09:56:03,5.64,0.01,1,564,买盘
303,09:56:10,5.64,0.0,98,55272,买盘
304,09:56:16,5.64,0.0,13,7332,买盘
305,09:56:21,5.64,0.0,13,7332,买盘
306,09:56:24,5.64,0.0,143,80584,买盘
307,09:56:30,5.62,-0.02,71,39930,卖盘
308,09:56:33,5.63,0.01,155,87265,买盘
309,09:56:42,5.63,0.0,97,54607,买盘
310,09:56:51,5.63,0.0,50,28150,买盘
311,09:56:57,5.63,0.0,155,87265,买盘
312,09:57:00,5.63,0.0,167,94021,买盘
313,09:57:12,5.64,0.01,2,1128,买盘
314,09:57:15,5.64,0.0,88,49632,买盘
315,09:57:27,5.63,-0.01,67,37721,卖盘
316,09:57:30,5.64,0.01,20,11280,买盘
317,09:57:34,5.64,0.0,66,37224,买盘
318,09:57:45,5.64,0.0,103,58092,买盘
319,09:57:51,5.65,0.01,63,35595,买盘
320,09:57:55,5.64,-0.01,4,2256,卖盘
321,09:58:00,5.65,0.01,100,56500,买盘
322,09:58:06,5.65,0.0,152,85880,买盘
323,09:58:09,5.65,0.0,20,11300,买盘
324,09:58:13,5.65,0.0,28,15820,买盘
325,09:58:16,5.65,0.0,100,56500,买盘
326,09:58:18,5.65,0.0,1,565,买盘
327,09:58:21,5.65,0.0,20,11300,买盘
328,09:58:25,5.65,0.0,43,24295,买盘
329,09:58:36,5.65,0.0,186,105090,卖盘
330,09:58:39,5.65,0.0,6,3390,买盘
331,09:58:42,5.65,0.0,121,68365,买盘
332,09:58:57,5.66,0.01,93,52638,买盘
333,09:59:00,5.66,0.0,81,45846,买盘
334,09:59:06,5.66,0.0,3,1698,买盘
335,09:59:09,5.66,0.0,303,171498,买盘
336,09:59:12,5.66,0.0,36,20376,买盘
337,09:59:15,5.67,0.01,17,9638,买盘
338,09:59:28,5.65,-0.02,333,188350,卖盘
339,09:59:31,5.67,0.02,150,85050,买盘
340,09:59:33,5.67,0.0,100,56700,卖盘
341,09:59:36,5.67,0.0,196,111132,卖盘
342,09:59:39,5.67,0.0,15,8505,买盘
343,09:59:49,5.67,0.0,69,39123,买盘
344,09:59:52,5.67,0.0,307,174069,买盘
345,09:59:58,5.67,0.0,11,6237,买盘
346,10:00:03,5.66,-0.01,10,5660,卖盘
347,10:00:06,5.67,0.01,94,53298,买盘
348,10:00:09,5.66,-0.01,27,15282,卖盘
349,10:00:16,5.67,0.01,43,24381,买盘
350,10:00:19,5.67,0.0,4,2268,买盘
351,10:00:24,5.67,0.0,61,34587,买盘
352,10:00:31,5.66,-0.01,1,566,卖盘
353,10:00:33,5.66,0.0,11,6226,卖盘
354,10:00:39,5.67,0.01,62,35154,买盘
355,10:00:42,5.67,0.0,18,10206,买盘
356,10:00:48,5.66,-0.01,55,31130,卖盘
357,10:00:51,5.66,0.0,4,2264,买盘
358,10:00:57,5.66,0.0,41,23206,买盘
359,10:01:01,5.66,0.0,71,40186,卖盘
360,10:01:06,5.65,-0.01,100,56500,卖盘
361,10:01:19,5.66,0.01,79,44714,买盘
362,10:01:21,5.66,0.0,1,566,卖盘
363,10:01:31,5.67,0.01,70,39677,买盘
364,10:01:34,5.67,0.0,17,9639,买盘
365,10:01:36,5.67,0.0,200,113400,买盘
366,10:01:39,5.67,0.0,20,11330,买盘
367,10:01:45,5.67,0.0,4,2268,买盘
368,10:01:48,5.68,0.01,89,50552,买盘
369,10:01:57,5.68,0.0,13,7384,买盘
370,10:02:07,5.68,0.0,68,38624,买盘
371,10:02:18,5.68,0.0,15,8520,买盘
372,10:02:24,5.67,-0.01,151,85686,卖盘
373,10:02:34,5.67,0.0,20,11340,卖盘
374,10:02:36,5.67,0.0,50,28370,卖盘
375,10:02:39,5.68,0.01,83,47144,买盘
376,10:02:42,5.68,0.0,106,60208,买盘
377,10:02:48,5.68,0.0,100,56800,买盘
378,10:02:57,5.68,0.0,60,34080,买盘
379,10:03:03,5.67,-0.01,1,567,卖盘
380,10:03:06,5.68,0.01,15,8520,买盘
381,10:03:10,5.67,-0.01,50,28350,卖盘
382,10:03:15,5.67,0.0,100,56780,卖盘
383,10:03:21,5.67,0.0,93,52731,卖盘
384,10:03:30,5.67,0.0,95,53865,买盘
385,10:03:36,5.67,0.0,30,17010,买盘
386,10:03:39,5.67,0.0,56,31752,买盘
387,10:03:48,5.67,0.0,74,41958,买盘
388,10:03:51,5.66,-0.01,119,67354,卖盘
389,10:04:06,5.67,0.01,72,40821,买盘
390,10:04:21,5.68,0.01,72,40896,买盘
391,10:04:33,5.68,0.0,67,38056,买盘
392,10:04:39,5.69,0.01,66,37554,买盘
393,10:04:45,5.68,-0.01,10,5680,卖盘
394,10:04:48,5.68,0.0,25,14200,卖盘
395,10:04:54,5.68,0.0,14,7952,卖盘
396,10:04:57,5.68,0.0,84,47712,买盘
397,10:05:00,5.67,-0.01,3,1701,卖盘
398,10:05:04,5.67,0.0,2,1134,卖盘
399,10:05:09,5.67,0.0,151,85617,卖盘
400,10:05:12,5.68,0.01,82,46576,买盘
401,10:05:22,5.68,0.0,25,14200,买盘
402,10:05:30,5.68,0.0,104,59072,买盘
403,10:05:39,5.67,-0.01,25,14175,卖盘
404,10:05:48,5.68,0.01,79,44872,买盘
405,10:06:04,5.68,0.0,75,42600,买盘
406,10:06:09,5.68,0.0,6,3408,买盘
407,10:06:18,5.67,-0.01,12,6804,卖盘
408,10:06:21,5.68,0.01,94,53392,买盘
409,10:06:27,5.67,-0.01,56,31752,卖盘
410,10:06:30,5.67,0.0,33,18711,卖盘
411,10:06:34,5.67,0.0,4,2268,买盘
412,10:06:39,5.67,0.0,36,20412,买盘
413,10:06:42,5.67,0.0,152,86184,卖盘
414,10:06:48,5.67,0.0,5,2835,买盘
415,10:06:54,5.67,0.0,20,11338,买盘
416,10:07:06,5.67,0.0,7,3969,卖盘
417,10:07:09,5.67,0.0,4,2268,卖盘
418,10:07:12,5.68,0.01,68,38624,买盘
419,10:07:16,5.68,0.0,18,10224,买盘
420,10:07:30,5.68,0.0,63,35784,买盘
421,10:07:33,5.68,0.0,15,8520,买盘
422,10:07:36,5.68,0.0,5,2840,买盘
423,10:07:46,5.68,0.0,42,23856,买盘
424,10:08:03,5.69,0.01,80,45520,买盘
425,10:08:06,5.68,-0.01,107,60776,卖盘
426,10:08:21,5.68,0.0,97,55096,买盘
427,10:08:36,5.68,0.0,74,42032,买盘
428,10:08:39,5.68,0.0,10,5680,买盘
429,10:08:45,5.67,-0.01,100,56700,卖盘
430,10:08:48,5.68,0.01,20,11360,买盘
431,10:08:54,5.68,0.0,91,51688,买盘
432,10:08:57,5.67,-0.01,18,10214,卖盘
433,10:09:06,5.67,0.0,20,11340,卖盘
434,10:09:09,5.67,0.0,42,23814,卖盘
435,10:09:12,5.68,0.01,71,40270,买盘
436,10:09:18,5.67,-0.01,20,11340,卖盘
437,10:09:27,5.67,0.0,86,48762,买盘
438,10:09:33,5.66,-0.01,1,566,卖盘
439,10:09:45,5.67,0.01,86,48741,买盘
440,10:09:48,5.67,0.0,1,567,买盘
441,10:09:51,5.66,-0.01,1,566,卖盘
442,10:09:57,5.66,0.0,185,104710,卖盘
443,10:10:00,5.68,0.02,72,40837,买盘
444,10:10:09,5.67,-0.01,5,2839,卖盘
445,10:10:12,5.67,0.0,21,11907,卖盘
446,10:10:15,5.67,0.0,3,1701,卖盘
447,10:10:18,5.68,0.01,61,34648,买盘
448,10:10:27,5.68,0.0,78,44304,买盘
449,10:10:34,5.68,0.0,16,9088,买盘
450,10:10:37,5.68,0.0,19,10792,买盘
451,10:10:55,5.69,0.01,47,26743,买盘
452,10:10:58,5.69,0.0,29,16501,卖盘
453,10:11:07,5.68,-0.01,105,59640,卖盘
454,10:11:12,5.69,0.01,1099,623236,买盘
455,10:11:22,5.68,-0.01,647,367496,中性盘
456,10:11:24,5.68,0.0,110,62480,卖盘
457,10:11:28,5.68,0.0,215,122190,卖盘
458,10:11:31,5.67,-0.01,18,10206,卖盘
459,10:11:34,5.68,0.01,10,5680,买盘
460,10:11:36,5.67,-0.01,11,6237,卖盘
461,10:11:40,5.67,0.0,968,548856,卖盘
462,10:11:46,5.67,0.0,129,73143,买盘
463,10:11:48,5.66,-0.01,170,96220,卖盘
464,10:11:58,5.66,0.0,20,11320,买盘
465,10:12:01,5.65,-0.01,50,28250,卖盘
466,10:12:04,5.66,0.01,221,125086,买盘
467,10:12:06,5.66,0.0,17,9622,买盘
468,10:12:13,5.65,-0.01,232,131080,卖盘
469,10:12:19,5.66,0.01,84,47544,买盘
470,10:12:22,5.65,-0.01,200,113000,卖盘
471,10:12:24,5.65,0.0,10,5650,卖盘
472,10:12:36,5.65,0.0,91,51476,卖盘
473,10:12:40,5.65,0.0,68,38420,卖盘
474,10:12:43,5.65,0.0,254,143510,卖盘
475,10:12:49,5.65,0.0,300,169500,买盘
476,10:12:55,5.65,0.0,55,31075,买盘
477,10:12:58,5.64,-0.01,112,63205,卖盘
478,10:13:00,5.64,0.0,70,39480,买盘
479,10:13:12,5.64,0.0,91,51375,卖盘
480,10:13:19,5.64,0.0,25,14115,卖盘
481,10:13:25,5.65,0.01,54,30510,卖盘
482,10:13:31,5.66,0.01,425,240450,买盘
483,10:13:46,5.66,0.0,49,27734,卖盘
484,10:13:49,5.67,0.01,2,1134,买盘
485,10:13:57,5.67,0.0,8,4536,买盘
486,10:14:04,5.67,0.0,24,13608,卖盘
487,10:14:18,5.67,0.0,18,10206,卖盘
488,10:14:21,5.67,0.0,5,2835,买盘
489,10:14:30,5.68,0.01,500,283759,买盘
490,10:14:36,5.66,-0.02,218,123388,卖盘
491,10:14:39,5.67,0.01,4,2268,卖盘
492,10:14:42,5.67,0.0,51,28917,卖盘
493,10:14:55,5.67,0.0,50,28350,买盘
494,10:15:10,5.67,0.0,3,1701,买盘
495,10:15:21,5.67,0.0,102,57832,买盘
496,10:15:27,5.66,-0.01,49,27734,卖盘
497,10:15:46,5.66,0.0,32,18112,卖盘
498,10:15:48,5.67,0.01,195,110565,买盘
499,10:15:54,5.66,-0.01,38,21522,卖盘
500,10:16:06,5.67,0.01,19,10773,买盘
501,10:16:09,5.67,0.0,4,2268,买盘
502,10:16:27,5.68,0.01,20,11360,买盘
503,10:16:36,5.67,-0.01,25,14175,卖盘
504,10:16:43,5.67,0.0,1,567,卖盘
505,10:16:48,5.68,0.01,3,1704,买盘
506,10:16:57,5.68,0.0,2,1136,买盘
507,10:17:00,5.67,-0.01,100,56700,卖盘
508,10:17:09,5.67,0.0,10,5670,卖盘
509,10:17:15,5.68,0.01,18,10224,买盘
510,10:17:30,5.66,-0.02,157,88866,卖盘
511,10:17:36,5.68,0.02,30,17040,买盘
512,10:17:48,5.68,0.0,44,24992,买盘
513,10:17:58,5.66,-0.02,15,8490,卖盘
514,10:18:13,5.66,0.0,21,11906,卖盘
515,10:18:24,5.66,0.0,4,2264,卖盘
516,10:18:33,5.67,0.01,37,20979,买盘
517,10:18:45,5.66,-0.01,21,11886,卖盘
518,10:18:48,5.66,0.0,4,2264,卖盘
519,10:18:51,5.66,0.0,5,2830,卖盘
520,10:18:57,5.66,0.0,153,86598,卖盘
521,10:19:12,5.66,0.0,5,2830,买盘
522,10:19:18,5.66,0.0,1,566,买盘
523,10:19:21,5.66,0.0,20,11320,买盘
524,10:19:24,5.66,0.0,2,1132,买盘
525,10:19:28,5.65,-0.01,32,18080,卖盘
526,10:19:31,5.66,0.01,5,2830,买盘
527,10:19:45,5.65,-0.01,4,2260,卖盘
528,10:19:48,5.66,0.01,20,11320,买盘
529,10:19:57,5.67,0.01,297,168200,买盘
530,10:20:00,5.67,0.0,50,28350,卖盘
531,10:20:09,5.67,0.0,5,2835,卖盘
532,10:20:24,5.68,0.01,23,13064,买盘
533,10:20:37,5.68,0.0,500,284000,买盘
534,10:20:39,5.68,0.0,20,11360,买盘
535,10:20:48,5.68,0.0,5,2840,买盘
536,10:21:00,5.67,-0.01,1,567,卖盘
537,10:21:22,5.67,0.0,403,228501,卖盘
538,10:21:30,5.68,0.01,9,5112,买盘
539,10:21:57,5.68,0.0,175,99400,买盘
540,10:22:21,5.67,-0.01,6,3402,卖盘
541,10:22:30,5.67,0.0,20,11340,卖盘
542,10:22:51,5.68,0.01,1,568,买盘
543,10:23:04,5.67,-0.01,14,7938,卖盘
544,10:23:27,5.66,-0.01,149,84480,卖盘
545,10:23:42,5.68,0.02,39,22152,买盘
546,10:23:54,5.67,-0.01,28,15886,卖盘
547,10:24:25,5.68,0.01,10,5680,买盘
548,10:24:30,5.67,-0.01,33,18711,卖盘
549,10:24:36,5.68,0.01,140,79513,买盘
550,10:24:57,5.67,-0.01,11,6237,买盘
551,10:25:07,5.67,0.0,2,1134,卖盘
552,10:25:37,5.68,0.01,2,1136,买盘
553,10:25:45,5.68,0.0,3,1704,买盘
554,10:25:48,5.68,0.0,2,1136,买盘
555,10:26:01,5.67,-0.01,34,19288,卖盘
556,10:26:07,5.68,0.01,30,17040,买盘
557,10:26:21,5.67,-0.01,20,11340,卖盘
558,10:26:27,5.68,0.01,5,2840,买盘
559,10:26:48,5.68,0.0,5,2840,买盘
560,10:26:54,5.68,0.0,5,2840,买盘
561,10:26:57,5.67,-0.01,10,5670,卖盘
562,10:27:00,5.67,0.0,100,56700,卖盘
563,10:27:12,5.68,0.01,1,568,买盘
564,10:27:21,5.68,0.0,100,56800,买盘
565,10:28:16,5.67,-0.01,1,567,卖盘
566,10:28:45,5.67,0.0,6,3402,卖盘
567,10:29:07,5.67,0.0,36,20412,卖盘
568,10:29:36,5.67,0.0,140,79380,买盘
569,10:29:39,5.67,0.0,1,567,买盘
570,10:30:33,5.66,-0.01,20,11320,卖盘
571,10:31:12,5.66,0.0,142,80372,卖盘
572,10:31:39,5.66,0.0,10,5660,买盘
573,10:31:51,5.65,-0.01,9,5085,卖盘
574,10:31:54,5.66,0.01,25,14150,买盘
575,10:31:57,5.66,0.0,200,113200,买盘
576,10:32:12,5.65,-0.01,3,1695,卖盘
577,10:32:21,5.66,0.01,73,41318,买盘
578,10:32:30,5.66,0.0,50,28300,卖盘
579,10:32:33,5.66,0.0,163,92258,卖盘
580,10:32:43,5.65,-0.01,89,50285,卖盘
581,10:32:57,5.65,0.0,3,1695,卖盘
582,10:33:09,5.65,0.0,4,2260,卖盘
583,10:33:12,5.66,0.01,10,5660,买盘
584,10:33:48,5.65,-0.01,82,46330,卖盘
585,10:33:54,5.66,0.01,1,566,买盘
586,10:33:57,5.66,0.0,4,2264,买盘
587,10:34:12,5.65,-0.01,16,9040,卖盘
588,10:34:15,5.65,0.0,140,79100,卖盘
589,10:34:24,5.66,0.01,5,2830,买盘
590,10:34:27,5.65,-0.01,183,103395,卖盘
591,10:34:48,5.65,0.0,20,11300,卖盘
592,10:34:51,5.65,0.0,98,55370,卖盘
593,10:35:13,5.65,0.0,8,4520,卖盘
594,10:35:27,5.65,0.0,10,5650,卖盘
595,10:35:30,5.65,0.0,10,5650,卖盘
596,10:35:36,5.65,0.0,16,9040,卖盘
597,10:35:39,5.65,0.0,26,14690,卖盘
598,10:35:45,5.65,0.0,4,2260,卖盘
599,10:35:54,5.65,0.0,18,10170,卖盘
600,10:35:58,5.65,0.0,6,3390,卖盘
601,10:36:01,5.66,0.01,20,11320,买盘
602,10:36:09,5.65,-0.01,1,565,卖盘
603,10:36:24,5.65,0.0,12,6780,卖盘
604,10:37:03,5.65,0.0,414,233910,卖盘
605,10:37:07,5.65,0.0,2,1130,买盘
606,10:37:27,5.64,-0.01,15,8460,卖盘
607,10:37:34,5.65,0.01,10,5650,买盘
608,10:37:42,5.65,0.0,2,1130,买盘
609,10:38:04,5.65,0.0,5,2825,买盘
610,10:38:12,5.65,0.0,10,5650,买盘
611,10:38:31,5.65,0.0,50,28250,买盘
612,10:38:34,5.65,0.0,70,39550,买盘
613,10:38:48,5.66,0.01,10,5660,买盘
614,10:38:51,5.65,-0.01,4,2260,卖盘
615,10:39:09,5.66,0.01,10,5660,买盘
616,10:39:12,5.66,0.0,50,28300,买盘
617,10:39:15,5.66,0.0,33,18678,买盘
618,10:39:36,5.66,0.0,17,9622,卖盘
619,10:39:39,5.66,0.0,16,9056,买盘
620,10:39:45,5.66,0.0,1,566,卖盘
621,10:39:57,5.66,0.0,8,4528,卖盘
622,10:40:13,5.67,0.01,4,2268,买盘
623,10:40:24,5.67,0.0,29,16443,买盘
624,10:40:33,5.67,0.0,431,244377,买盘
625,10:40:43,5.67,0.0,41,23247,买盘
626,10:40:46,5.67,0.0,1,567,买盘
627,10:40:48,5.67,0.0,20,11340,买盘
628,10:40:51,5.67,0.0,26,14742,买盘
629,10:40:57,5.67,0.0,4,2268,买盘
630,10:41:00,5.67,0.0,15,8505,卖盘
631,10:41:04,5.67,0.0,10,5670,买盘
632,10:41:33,5.66,-0.01,1,566,卖盘
633,10:41:51,5.67,0.01,12,6804,买盘
634,10:42:09,5.67,0.0,107,60669,买盘
635,10:42:45,5.66,-0.01,7,3962,卖盘
636,10:42:51,5.67,0.01,35,19845,买盘
637,10:43:03,5.67,0.0,15,8505,买盘
638,10:43:06,5.66,-0.01,32,18139,卖盘
639,10:43:09,5.66,0.0,28,15848,卖盘
640,10:43:24,5.67,0.01,35,19845,买盘
641,10:43:30,5.67,0.0,23,13041,买盘
642,10:43:33,5.66,-0.01,126,71331,卖盘
643,10:43:57,5.66,0.0,18,10188,卖盘
644,10:44:48,5.66,0.0,5,2830,卖盘
645,10:44:54,5.66,0.0,50,28300,卖盘
646,10:44:57,5.66,0.0,100,56600,卖盘
647,10:45:18,5.67,0.01,20,11340,买盘
648,10:45:51,5.67,0.0,18,10206,买盘
649,10:46:06,5.66,-0.01,40,22640,卖盘
650,10:46:09,5.66,0.0,5,2830,卖盘
651,10:46:21,5.66,0.0,100,56600,卖盘
652,10:46:31,5.66,0.0,3,1698,卖盘
653,10:46:33,5.66,0.0,63,35658,卖盘
654,10:47:00,5.66,0.0,17,9622,买盘
655,10:47:36,5.65,-0.01,8,4520,卖盘
656,10:48:06,5.65,0.0,20,11300,卖盘
657,10:48:12,5.66,0.01,20,11320,买盘
658,10:48:15,5.66,0.0,1,566,买盘
659,10:48:24,5.65,-0.01,18,10170,卖盘
660,10:48:36,5.65,0.0,10,5650,卖盘
661,10:48:42,5.65,0.0,7,3955,卖盘
662,10:49:00,5.65,0.0,18,10170,卖盘
663,10:49:33,5.65,0.0,74,41810,卖盘
664,10:50:06,5.65,0.0,8,4521,卖盘
665,10:50:21,5.65,0.0,44,24860,卖盘
666,10:50:24,5.66,0.01,6,3396,买盘
667,10:50:27,5.66,0.0,4,2264,卖盘
668,10:50:42,5.66,0.0,6,3396,买盘
669,10:51:04,5.66,0.0,51,28866,卖盘
670,10:51:27,5.65,-0.01,362,204638,卖盘
671,10:51:36,5.67,0.02,20,11340,买盘
672,10:51:39,5.66,-0.01,1,566,卖盘
673,10:51:51,5.66,0.0,2,1132,卖盘
674,10:52:15,5.66,0.0,2,1132,卖盘
675,10:52:30,5.65,-0.01,51,28845,卖盘
676,10:52:36,5.66,0.01,10,5660,买盘
677,10:52:39,5.66,0.0,22,12452,买盘
678,10:52:54,5.66,0.0,17,9622,买盘
679,10:53:10,5.66,0.0,3,1698,买盘
680,10:53:13,5.66,0.0,47,26602,买盘
681,10:53:24,5.66,0.0,23,13018,买盘
682,10:53:43,5.66,0.0,6,3396,买盘
683,10:53:57,5.66,0.0,10,5660,买盘
684,10:54:18,5.67,0.01,5,2835,买盘
685,10:54:45,5.66,-0.01,127,71882,卖盘
686,10:54:54,5.66,0.0,78,44148,买盘
687,10:55:27,5.66,0.0,300,169800,卖盘
688,10:55:57,5.66,0.0,300,169800,卖盘
689,10:56:04,5.66,0.0,10,5660,卖盘
690,10:56:25,5.65,-0.01,51,28815,卖盘
691,10:56:27,5.66,0.01,8,4528,买盘
692,10:56:36,5.66,0.0,134,75844,买盘
693,10:56:39,5.66,0.0,43,24338,卖盘
694,10:56:57,5.66,0.0,200,113200,卖盘
695,10:57:12,5.66,0.0,3,1698,卖盘
696,10:57:24,5.66,0.0,35,19810,卖盘
697,10:57:33,5.66,0.0,10,5660,买盘
698,10:58:12,5.65,-0.01,25,14125,卖盘
699,10:58:45,5.65,0.0,8,4520,卖盘
700,10:59:42,5.65,0.0,35,19775,卖盘
701,10:59:45,5.66,0.01,353,199798,买盘
702,11:00:04,5.65,-0.01,12,6780,卖盘
703,11:00:09,5.65,0.0,2,1130,卖盘
704,11:01:27,5.65,0.0,5,2825,卖盘
705,11:01:48,5.65,0.0,5,2825,卖盘
706,11:01:57,5.66,0.01,7,3962,买盘
707,11:02:12,5.66,0.0,112,63392,买盘
708,11:02:21,5.66,0.0,6,3396,买盘
709,11:02:30,5.66,0.0,7,3962,买盘
710,11:02:42,5.66,0.0,6,3396,买盘
711,11:02:45,5.65,-0.01,11,6215,卖盘
712,11:02:48,5.66,0.01,50,28300,买盘
713,11:02:51,5.66,0.0,7,3962,买盘
714,11:03:03,5.66,0.0,7,3962,买盘
715,11:03:19,5.67,0.01,6,3399,买盘
716,11:03:27,5.67,0.0,6,3402,买盘
717,11:03:36,5.67,0.0,7,3969,买盘
718,11:03:48,5.67,0.0,6,3402,买盘
719,11:03:51,5.66,-0.01,85,48110,卖盘
720,11:03:57,5.65,-0.01,9,5092,卖盘
721,11:04:12,5.66,0.01,7,3962,买盘
722,11:04:24,5.65,-0.01,8,4527,卖盘
723,11:04:31,5.66,0.01,6,3396,买盘
724,11:04:39,5.66,0.0,32,18112,买盘
725,11:04:42,5.65,-0.01,1,565,卖盘
726,11:04:48,5.66,0.01,7,3962,买盘
727,11:04:51,5.65,-0.01,145,81925,卖盘
728,11:04:54,5.66,0.01,113,63958,买盘
729,11:04:57,5.65,-0.01,38,21470,卖盘
730,11:05:04,5.66,0.01,6,3396,买盘
731,11:05:09,5.65,-0.01,200,113000,卖盘
732,11:05:18,5.66,0.01,7,3962,买盘
733,11:05:24,5.66,0.0,7,3962,买盘
734,11:05:31,5.65,-0.01,53,29945,卖盘
735,11:05:33,5.66,0.01,232,131312,买盘
736,11:05:36,5.66,0.0,8,4528,买盘
737,11:05:51,5.66,0.0,7,3962,买盘
738,11:05:54,5.66,0.0,17,9622,买盘
739,11:05:57,5.65,-0.01,2,1131,卖盘
740,11:06:04,5.66,0.01,6,3396,买盘
741,11:06:09,5.66,0.0,7,3962,买盘
742,11:06:21,5.66,0.0,6,3396,买盘
743,11:06:33,5.66,0.0,7,3962,买盘
744,11:06:45,5.66,0.0,7,3962,买盘
745,11:06:49,5.65,-0.01,50,28250,卖盘
746,11:06:54,5.66,0.01,7,3962,买盘
747,11:07:04,5.66,0.0,20,11320,买盘
748,11:07:06,5.66,0.0,6,3396,买盘
749,11:07:18,5.66,0.0,8,4528,买盘
750,11:07:24,5.66,0.0,20,11320,买盘
751,11:07:33,5.66,0.0,6,3396,买盘
752,11:07:39,5.66,0.0,6,3396,买盘
753,11:07:48,5.66,0.0,10,5660,买盘
754,11:07:51,5.66,0.0,8,4528,买盘
755,11:08:00,5.65,-0.01,15,8475,卖盘
756,11:08:06,5.66,0.01,6,3396,买盘
757,11:08:12,5.66,0.0,7,3962,买盘
758,11:08:27,5.66,0.0,7,3962,买盘
759,11:08:36,5.66,0.0,7,3962,买盘
760,11:08:48,5.66,0.0,7,3962,买盘
761,11:08:54,5.66,0.0,7,3962,买盘
762,11:09:09,5.66,0.0,7,3962,买盘
763,11:09:21,5.66,0.0,6,3396,买盘
764,11:09:30,5.66,0.0,7,3962,买盘
765,11:09:40,5.66,0.0,7,3962,买盘
766,11:09:45,5.66,0.0,9,5094,买盘
767,11:09:57,5.66,0.0,7,3962,买盘
768,11:10:00,5.66,0.0,7,3962,买盘
769,11:10:16,5.66,0.0,33,18678,买盘
770,11:10:18,5.66,0.0,4,2264,买盘
771,11:10:21,5.66,0.0,4,2264,卖盘
772,11:10:27,5.67,0.01,7,3969,买盘
773,11:10:39,5.67,0.0,6,3402,买盘
774,11:10:48,5.67,0.0,8,4536,买盘
775,11:10:57,5.66,-0.01,66,37372,卖盘
776,11:11:12,5.67,0.01,7,3969,买盘
777,11:11:18,5.67,0.0,7,3969,买盘
778,11:11:27,5.67,0.0,6,3402,买盘
779,11:11:30,5.67,0.0,26,14742,买盘
780,11:11:36,5.66,-0.01,28,15848,卖盘
781,11:11:42,5.66,0.0,7,3962,买盘
782,11:11:54,5.66,0.0,7,3962,买盘
783,11:12:03,5.66,0.0,7,3962,买盘
784,11:12:15,5.66,0.0,8,4528,买盘
785,11:12:18,5.66,0.0,1,566,买盘
786,11:12:24,5.66,0.0,7,3962,买盘
787,11:12:39,5.66,0.0,33,18678,买盘
788,11:12:48,5.66,0.0,7,3962,买盘
789,11:12:57,5.66,0.0,8,4528,买盘
790,11:13:06,5.65,-0.01,3,1695,卖盘
791,11:13:09,5.66,0.01,6,3396,买盘
792,11:13:18,5.66,0.0,7,3962,买盘
793,11:13:30,5.66,0.0,24,13567,买盘
794,11:13:36,5.65,-0.01,1,565,卖盘
795,11:13:39,5.65,0.0,452,255380,卖盘
796,11:13:45,5.65,0.0,33,18645,买盘
797,11:13:48,5.65,0.0,1,565,买盘
798,11:13:57,5.65,0.0,7,3955,买盘
799,11:14:00,5.64,-0.01,571,322044,卖盘
800,11:14:04,5.64,0.0,6,3384,买盘
801,11:14:06,5.63,-0.01,71,39973,卖盘
802,11:14:09,5.64,0.01,28,15770,买盘
803,11:14:18,5.64,0.0,12,6768,买盘
804,11:14:21,5.63,-0.01,67,37721,卖盘
805,11:14:30,5.63,0.0,357,201305,卖盘
806,11:14:33,5.63,0.0,68,38284,卖盘
807,11:14:40,5.63,0.0,82,46166,卖盘
808,11:14:43,5.65,0.02,7,3955,买盘
809,11:14:51,5.64,-0.01,7,3948,中性盘
810,11:14:55,5.63,-0.01,113,63619,卖盘
811,11:14:57,5.64,0.01,34,19176,买盘
812,11:15:03,5.63,-0.01,18,10134,卖盘
813,11:15:09,5.64,0.01,7,3948,买盘
814,11:15:18,5.63,-0.01,15,8445,卖盘
815,11:15:21,5.63,0.0,18,10138,卖盘
816,11:15:27,5.63,0.0,58,32661,卖盘
817,11:15:33,5.64,0.01,7,3948,买盘
818,11:15:45,5.64,0.0,7,3948,买盘
819,11:15:54,5.65,0.01,344,194074,买盘
820,11:16:04,5.65,0.0,217,122605,买盘
821,11:16:07,5.65,0.0,6,3390,买盘
822,11:16:10,5.65,0.0,77,43505,买盘
823,11:16:15,5.65,0.0,59,33275,买盘
824,11:16:22,5.65,0.0,7,3955,买盘
825,11:16:28,5.63,-0.02,56,31528,卖盘
826,11:16:30,5.65,0.02,7,3955,买盘
827,11:16:36,5.65,0.0,5,2825,买盘
828,11:16:39,5.65,0.0,7,3955,买盘
829,11:16:51,5.65,0.0,7,3955,买盘
830,11:16:54,5.65,0.0,1,565,买盘
831,11:17:04,5.65,0.0,7,3955,买盘
832,11:17:12,5.65,0.0,8,4520,买盘
833,11:17:15,5.63,-0.02,15,8445,卖盘
834,11:17:21,5.65,0.02,1,565,买盘
835,11:17:24,5.63,-0.02,7,3953,卖盘
836,11:17:27,5.65,0.02,27,15255,买盘
837,11:17:33,5.65,0.0,4,2254,买盘
838,11:17:51,5.64,-0.01,27,15228,买盘
839,11:17:55,5.63,-0.01,6,3382,卖盘
840,11:18:30,5.64,0.01,27,15228,买盘
841,11:19:04,5.63,-0.01,1,563,卖盘
842,11:19:06,5.64,0.01,5,2820,买盘
843,11:19:12,5.64,0.0,88,49632,买盘
844,11:19:15,5.63,-0.01,9,5067,卖盘
845,11:19:51,5.64,0.01,26,14664,买盘
846,11:19:54,5.64,0.0,17,9588,买盘
847,11:20:06,5.64,0.0,13,7332,卖盘
848,11:20:12,5.64,0.0,9,5076,买盘
849,11:20:15,5.64,0.0,4,2256,买盘
850,11:20:54,5.64,0.0,27,15228,买盘
851,11:21:22,5.64,0.0,12,6768,买盘
852,11:21:24,5.64,0.0,5,2820,买盘
853,11:21:30,5.64,0.0,11,6204,买盘
854,11:21:42,5.64,0.0,12,6768,买盘
855,11:21:51,5.63,-0.01,11,6193,卖盘
856,11:21:54,5.64,0.01,11,6204,买盘
857,11:21:57,5.63,-0.01,2,1126,卖盘
858,11:22:06,5.65,0.02,12,6778,买盘
859,11:22:15,5.65,0.0,10,5650,买盘
860,11:22:18,5.65,0.0,27,15255,买盘
861,11:22:28,5.65,0.0,13,7345,买盘
862,11:22:36,5.65,0.0,17,9605,买盘
863,11:22:45,5.65,0.0,6,3390,买盘
864,11:22:51,5.65,0.0,11,6215,买盘
865,11:22:58,5.65,0.0,12,6780,买盘
866,11:23:09,5.65,0.0,10,5650,买盘
867,11:23:18,5.65,0.0,27,15255,买盘
868,11:23:21,5.65,0.0,14,7910,买盘
869,11:23:33,5.65,0.0,11,6215,买盘
870,11:23:45,5.65,0.0,11,6215,买盘
871,11:23:51,5.65,0.0,4,2260,买盘
872,11:23:55,5.65,0.0,11,6215,买盘
873,11:24:06,5.65,0.0,11,6215,买盘
874,11:24:15,5.65,0.0,11,6215,买盘
875,11:24:31,5.65,0.0,12,6780,买盘
876,11:24:39,5.65,0.0,37,20905,买盘
877,11:24:51,5.65,0.0,13,7345,买盘
878,11:24:57,5.65,0.0,5,2825,买盘
879,11:25:04,5.65,0.0,10,5650,买盘
880,11:25:15,5.65,0.0,12,6780,买盘
881,11:25:21,5.65,0.0,12,6780,买盘
882,11:25:33,5.65,0.0,11,6215,买盘
883,11:25:46,5.65,0.0,27,15255,买盘
884,11:25:48,5.65,0.0,12,6780,买盘
885,11:25:57,5.65,0.0,12,6780,买盘
886,11:26:06,5.65,0.0,4,2260,买盘
887,11:26:12,5.65,0.0,11,6215,买盘
888,11:26:15,5.64,-0.01,5,2820,卖盘
889,11:26:18,5.64,0.0,10,5640,卖盘
890,11:26:21,5.65,0.01,12,6780,买盘
891,11:26:30,5.65,0.0,12,6780,买盘
892,11:26:34,5.65,0.0,68,38420,买盘
893,11:26:42,5.65,0.0,11,6215,买盘
894,11:26:51,5.65,0.0,39,22035,买盘
895,11:27:04,5.65,0.0,15,8473,买盘
896,11:27:12,5.65,0.0,11,6215,买盘
897,11:27:27,5.65,0.0,10,5650,买盘
898,11:27:30,5.65,0.0,5,2825,买盘
899,11:27:36,5.65,0.0,11,6215,买盘
900,11:27:51,5.65,0.0,12,6780,买盘
901,11:27:57,5.65,0.0,12,6780,买盘
902,11:28:04,5.65,0.0,27,15255,买盘
903,11:28:06,5.64,-0.01,9,5076,卖盘
904,11:28:09,5.65,0.01,2,1130,买盘
905,11:28:12,5.65,0.0,13,7345,买盘
906,11:28:24,5.65,0.0,12,6780,买盘
907,11:28:30,5.65,0.0,11,6215,买盘
908,11:28:42,5.65,0.0,5,2825,买盘
909,11:28:45,5.66,0.01,12,6784,买盘
910,11:28:54,5.66,0.0,12,6792,买盘
911,11:29:06,5.66,0.0,12,6792,买盘
912,11:29:09,5.66,0.0,1,566,买盘
913,11:29:18,5.66,0.0,11,6226,买盘
914,11:29:21,5.66,0.0,10,5660,买盘
915,11:29:24,5.66,0.0,26,14716,买盘
916,11:29:27,5.66,0.0,11,6226,买盘
917,11:29:36,5.66,0.0,50,28300,买盘
918,11:29:39,5.66,0.0,12,6792,买盘
919,11:29:45,5.66,0.0,4,2264,买盘
920,11:29:51,5.66,0.0,12,6792,买盘
921,11:29:57,5.66,0.0,11,6226,买盘
922,13:00:04,5.66,0.0,63,35595,买盘
923,13:00:12,5.66,0.0,13,7358,买盘
924,13:00:15,5.65,-0.01,1,565,卖盘
925,13:00:21,5.66,0.01,10,5660,买盘
926,13:00:33,5.66,0.0,1,566,买盘
927,13:00:39,5.66,0.0,27,15282,买盘
928,13:00:57,5.66,0.0,5,2830,买盘
929,13:01:04,5.65,-0.01,41,23165,卖盘
930,13:01:21,5.64,-0.01,40,22560,卖盘
931,13:01:39,5.65,0.01,18,10170,买盘
932,13:01:51,5.65,0.0,11,6215,卖盘
933,13:02:15,5.66,0.01,4,2264,买盘
934,13:03:00,5.66,0.0,26,14716,买盘
935,13:03:09,5.65,-0.01,70,39550,卖盘
936,13:03:30,5.66,0.01,5,2830,买盘
937,13:03:42,5.65,-0.01,30,16950,卖盘
938,13:03:54,5.66,0.01,129,73014,买盘
939,13:04:00,5.65,-0.01,250,141250,卖盘
940,13:04:06,5.66,0.01,14,7912,买盘
941,13:04:12,5.66,0.0,39,22074,买盘
942,13:04:24,5.65,-0.01,12,6780,买盘
943,13:04:33,5.65,0.0,15,8475,买盘
944,13:04:48,5.65,0.0,12,6780,买盘
945,13:05:00,5.65,0.0,11,6215,买盘
946,13:05:03,5.64,-0.01,24,13536,卖盘
947,13:05:12,5.65,0.01,10,5650,买盘
948,13:05:18,5.65,0.0,12,6780,买盘
949,13:05:21,5.65,0.0,1,565,买盘
950,13:05:24,5.65,0.0,27,15255,买盘
951,13:05:33,5.65,0.0,12,6780,买盘
952,13:05:45,5.65,0.0,11,6215,买盘
953,13:05:51,5.65,0.0,5,2825,买盘
954,13:05:54,5.65,0.0,11,6215,买盘
955,13:06:04,5.65,0.0,12,6780,买盘
956,13:06:15,5.65,0.0,11,6215,买盘
957,13:06:27,5.65,0.0,12,6780,买盘
958,13:06:30,5.65,0.0,40,22600,买盘
959,13:06:33,5.65,0.0,14,7907,买盘
960,13:06:36,5.66,0.01,11,6226,买盘
961,13:06:51,5.66,0.0,12,6792,买盘
962,13:06:57,5.66,0.0,11,6226,买盘
963,13:07:06,5.66,0.0,5,2830,买盘
964,13:07:12,5.66,0.0,12,6792,买盘
965,13:07:24,5.66,0.0,11,6226,买盘
966,13:07:30,5.65,-0.01,30,16962,卖盘
967,13:07:42,5.66,0.01,11,6226,买盘
968,13:07:45,5.66,0.0,26,14716,买盘
969,13:07:54,5.66,0.0,11,6226,买盘
970,13:08:04,5.67,0.01,10,5661,买盘
971,13:08:12,5.67,0.0,4,2268,买盘
972,13:08:15,5.67,0.0,13,7371,买盘
973,13:08:28,5.67,0.0,5,2835,买盘
974,13:08:30,5.67,0.0,12,6804,买盘
975,13:08:42,5.67,0.0,11,6237,买盘
976,13:08:48,5.67,0.0,12,6804,买盘
977,13:08:51,5.67,0.0,5,2835,买盘
978,13:09:00,5.67,0.0,27,15309,买盘
979,13:09:04,5.67,0.0,12,6804,买盘
980,13:09:09,5.67,0.0,16,9072,买盘
981,13:09:24,5.67,0.0,5,2835,买盘
982,13:09:27,5.67,0.0,10,5670,买盘
983,13:09:36,5.67,0.0,12,6804,买盘
984,13:09:45,5.67,0.0,12,6804,买盘
985,13:09:54,5.66,-0.01,2,1132,卖盘
986,13:09:57,5.67,0.01,11,6237,买盘
987,13:10:00,5.67,0.0,30,17010,买盘
988,13:10:09,5.67,0.0,11,6237,买盘
989,13:10:18,5.67,0.0,27,15309,买盘
990,13:10:21,5.67,0.0,13,7371,买盘
991,13:10:27,5.67,0.0,12,6804,买盘
992,13:10:36,5.67,0.0,4,2268,买盘
993,13:10:39,5.67,0.0,11,6237,买盘
994,13:10:54,5.67,0.0,12,6804,买盘
995,13:11:04,5.67,0.0,11,6237,买盘
996,13:11:12,5.67,0.0,11,6237,买盘
997,13:11:22,5.67,0.0,26,14742,买盘
998,13:11:27,5.67,0.0,12,6804,买盘
999,13:11:33,5.67,0.0,1,567,买盘
1000,13:11:39,5.67,0.0,12,6804,买盘
1001,13:11:42,5.66,-0.01,6,3396,卖盘
1002,13:11:52,5.66,0.0,12,6792,买盘
1003,13:11:55,5.66,0.0,5,2830,买盘
1004,13:12:00,5.66,0.0,11,6226,买盘
1005,13:12:09,5.66,0.0,10,5660,买盘
1006,13:12:24,5.66,0.0,12,6792,买盘
1007,13:12:30,5.66,0.0,12,6792,买盘
1008,13:12:33,5.66,0.0,57,32262,买盘
1009,13:12:42,5.66,0.0,12,6792,买盘
1010,13:12:51,5.66,0.0,30,16980,买盘
1011,13:12:58,5.66,0.0,11,6226,买盘
1012,13:13:04,5.66,0.0,13,7358,买盘
1013,13:13:09,5.66,0.0,24,13565,买盘
1014,13:13:15,5.67,0.01,6,3399,买盘
1015,13:13:18,5.66,-0.01,2,1132,卖盘
1016,13:13:36,5.66,0.0,5,2830,卖盘
1017,13:13:48,5.66,0.0,27,15282,买盘
1018,13:14:12,5.65,-0.01,1,565,卖盘
1019,13:14:36,5.65,0.0,4,2260,卖盘
1020,13:14:54,5.66,0.01,4,2264,买盘
1021,13:15:01,5.65,-0.01,1,565,买盘
1022,13:15:04,5.66,0.01,27,15278,买盘
1023,13:15:39,5.66,0.0,7,3958,买盘
1024,13:15:54,5.66,0.0,100,56600,买盘
1025,13:15:57,5.66,0.0,1,566,买盘
1026,13:16:04,5.66,0.0,26,14716,买盘
1027,13:16:46,5.66,0.0,4,2264,买盘
1028,13:17:00,5.66,0.0,10,5660,买盘
1029,13:17:12,5.64,-0.02,9,5076,卖盘
1030,13:17:27,5.66,0.02,27,15282,买盘
1031,13:17:54,5.64,-0.02,15,8469,卖盘
1032,13:18:27,5.64,0.0,1,564,卖盘
1033,13:18:36,5.66,0.02,27,15282,买盘
1034,13:19:01,5.66,0.0,11,6226,买盘
1035,13:19:10,5.66,0.0,12,6792,买盘
1036,13:19:15,5.66,0.0,4,2264,买盘
1037,13:19:21,5.66,0.0,11,6226,买盘
1038,13:19:33,5.66,0.0,11,6226,买盘
1039,13:19:42,5.66,0.0,12,6792,买盘
1040,13:19:45,5.64,-0.02,150,84600,卖盘
1041,13:19:52,5.66,0.02,26,14716,买盘
1042,13:19:57,5.66,0.0,12,6792,买盘
1043,13:20:03,5.66,0.0,11,6226,买盘
1044,13:20:18,5.66,0.0,12,6792,买盘
1045,13:20:22,5.66,0.0,1,566,买盘
1046,13:20:24,5.66,0.0,17,9622,买盘
1047,13:20:42,5.66,0.0,12,6792,买盘
1048,13:20:45,5.66,0.0,11,6226,买盘
1049,13:20:55,5.66,0.0,27,15282,买盘
1050,13:21:00,5.66,0.0,11,6226,买盘
1051,13:21:04,5.64,-0.02,40,22560,卖盘
1052,13:21:06,5.64,0.0,114,64297,卖盘
1053,13:21:10,5.64,0.0,11,6204,买盘
1054,13:21:21,5.64,0.0,10,5640,买盘
1055,13:21:30,5.65,0.01,12,6780,买盘
1056,13:21:34,5.63,-0.02,152,85576,卖盘
1057,13:21:37,5.65,0.02,4,2260,买盘
1058,13:21:42,5.66,0.01,11,6226,买盘
1059,13:21:45,5.62,-0.04,24,13491,卖盘
1060,13:22:04,5.65,0.03,12,6780,买盘
1061,13:22:12,5.65,0.0,27,15255,买盘
1062,13:22:24,5.65,0.0,12,6780,买盘
1063,13:22:33,5.65,0.0,12,6780,买盘
1064,13:22:36,5.65,0.0,4,2260,买盘
1065,13:22:42,5.65,0.0,12,6780,买盘
1066,13:22:45,5.65,0.0,4,2260,买盘
1067,13:22:48,5.65,0.0,18,10170,买盘
1068,13:23:06,5.65,0.0,11,6215,买盘
1069,13:23:12,5.65,0.0,11,6215,买盘
1070,13:23:21,5.65,0.0,12,6780,买盘
1071,13:23:25,5.65,0.0,77,43505,买盘
1072,13:23:36,5.65,0.0,13,7345,买盘
1073,13:23:42,5.65,0.0,12,6780,买盘
1074,13:23:57,5.65,0.0,13,7343,买盘
1075,13:24:00,5.65,0.0,5,2825,买盘
1076,13:24:06,5.65,0.0,13,7345,买盘
1077,13:24:18,5.65,0.0,11,6215,买盘
1078,13:24:21,5.64,-0.01,1,564,卖盘
1079,13:24:27,5.64,0.0,13,7343,卖盘
1080,13:24:30,5.65,0.01,1,565,买盘
1081,13:24:33,5.65,0.0,26,14690,买盘
1082,13:24:45,5.65,0.0,11,6215,买盘
1083,13:24:54,5.65,0.0,13,7345,买盘
1084,13:25:04,5.66,0.01,11,6224,买盘
1085,13:25:12,5.66,0.0,12,6792,买盘
1086,13:25:15,5.66,0.0,4,2264,买盘
1087,13:25:18,5.65,-0.01,2,1130,卖盘
1088,13:25:21,5.66,0.01,13,7356,买盘
1089,13:25:40,5.66,0.0,12,6792,买盘
1090,13:25:51,5.66,0.0,13,7358,买盘
1091,13:25:54,5.66,0.0,27,15282,买盘
1092,13:25:57,5.65,-0.01,4,2260,卖盘
1093,13:26:00,5.65,0.0,2,1130,卖盘
1094,13:26:03,5.66,0.01,14,7922,买盘
1095,13:26:06,5.65,-0.01,15,8475,卖盘
1096,13:26:09,5.66,0.01,11,6217,买盘
1097,13:26:18,5.64,-0.02,2,1128,卖盘
1098,13:26:21,5.66,0.02,11,6226,买盘
1099,13:26:24,5.66,0.0,5,2830,买盘
1100,13:26:28,5.66,0.0,5,2830,买盘
1101,13:26:30,5.66,0.0,13,7358,买盘
1102,13:26:45,5.66,0.0,11,6226,买盘
1103,13:26:48,5.65,-0.01,10,5650,卖盘
1104,13:26:54,5.66,0.01,11,6226,买盘
1105,13:27:06,5.66,0.0,27,15276,买盘
1106,13:27:09,5.66,0.0,12,6792,买盘
1107,13:27:15,5.66,0.0,11,6226,买盘
1108,13:27:24,5.66,0.0,11,6226,买盘
1109,13:27:36,5.66,0.0,15,8490,买盘
1110,13:27:39,5.64,-0.02,1,564,卖盘
1111,13:27:54,5.65,0.01,12,6780,买盘
1112,13:28:00,5.66,0.01,12,6788,买盘
1113,13:28:15,5.65,-0.01,39,22035,买盘
1114,13:28:48,5.65,0.0,15,8475,买盘
1115,13:28:51,5.64,-0.01,9,5076,卖盘
1116,13:29:09,5.64,0.0,10,5640,卖盘
1117,13:29:30,5.65,0.01,26,14690,买盘
1118,13:29:33,5.64,-0.01,41,23124,卖盘
1119,13:30:00,5.64,0.0,9,5076,买盘
1120,13:30:07,5.64,0.0,1,564,卖盘
1121,13:30:10,5.64,0.0,14,7896,卖盘
1122,13:30:24,5.64,0.0,6,3384,买盘
1123,13:30:33,5.64,0.0,85,47940,卖盘
1124,13:30:39,5.64,0.0,27,15228,买盘
1125,13:31:12,5.64,0.0,4,2256,买盘
1126,13:31:48,5.64,0.0,27,15228,买盘
1127,13:32:00,5.63,-0.01,100,56300,卖盘
1128,13:32:13,5.63,0.0,20,11260,卖盘
1129,13:32:21,5.64,0.01,5,2820,买盘
1130,13:32:33,5.63,-0.01,20,11260,卖盘
1131,13:32:54,5.64,0.01,26,14664,买盘
1132,13:32:57,5.63,-0.01,700,394100,卖盘
1133,13:33:04,5.63,0.0,153,86139,卖盘
1134,13:33:19,5.62,-0.01,5,2810,卖盘
1135,13:33:30,5.62,0.0,12,6744,卖盘
1136,13:33:39,5.63,0.01,4,2252,买盘
1137,13:33:42,5.62,-0.01,5,2810,卖盘
1138,13:33:54,5.62,0.0,3,1686,卖盘
1139,13:34:00,5.62,0.0,15,8430,卖盘
1140,13:34:06,5.63,0.01,27,15201,买盘
1141,13:34:09,5.62,-0.01,50,28100,卖盘
1142,13:34:18,5.62,0.0,66,37092,卖盘
1143,13:34:30,5.62,0.0,78,43836,卖盘
1144,13:34:33,5.62,0.0,18,9863,卖盘
1145,13:34:36,5.62,0.0,1,562,买盘
1146,13:34:45,5.62,0.0,6,3372,买盘
1147,13:34:48,5.62,0.0,18,10116,买盘
1148,13:34:57,5.61,-0.01,59,33103,卖盘
1149,13:35:00,5.62,0.01,7,3934,买盘
1150,13:35:09,5.61,-0.01,565,316965,卖盘
1151,13:35:12,5.61,0.0,1,561,买盘
1152,13:35:18,5.61,0.0,113,63393,买盘
1153,13:35:21,5.61,0.0,70,39270,买盘
1154,13:35:24,5.61,0.0,23,12903,卖盘
1155,13:35:30,5.62,0.01,39,21915,买盘
1156,13:35:36,5.61,-0.01,60,33660,卖盘
1157,13:35:39,5.62,0.01,11,6182,买盘
1158,13:35:45,5.61,-0.01,100,56100,卖盘
1159,13:35:48,5.6,-0.01,221,123900,卖盘
1160,13:35:52,5.62,0.02,12,6744,买盘
1161,13:35:54,5.62,0.0,105,58910,买盘
1162,13:35:57,5.62,0.0,5,2810,买盘
1163,13:36:03,5.62,0.0,12,6744,买盘
1164,13:36:06,5.62,0.0,12,6744,买盘
1165,13:36:09,5.61,-0.01,100,56100,卖盘
1166,13:36:21,5.62,0.01,11,6182,买盘
1167,13:36:24,5.61,-0.01,273,153153,卖盘
1168,13:36:31,5.61,0.0,13,7293,买盘
1169,13:36:45,5.61,0.0,10,5610,买盘
1170,13:36:48,5.6,-0.01,113,63280,卖盘
1171,13:36:54,5.61,0.01,39,21879,买盘
1172,13:37:04,5.61,0.0,12,6732,买盘
1173,13:37:12,5.61,0.0,4,2244,买盘
1174,13:37:15,5.61,0.0,30,16830,买盘
1175,13:37:18,5.61,0.0,12,6732,买盘
1176,13:37:27,5.6,-0.01,54,30240,卖盘
1177,13:37:30,5.61,0.01,21,11781,买盘
1178,13:37:36,5.61,0.0,220,123420,买盘
1179,13:37:45,5.62,0.01,90,50502,买盘
1180,13:37:54,5.62,0.0,41,23021,买盘
1181,13:38:03,5.62,0.0,11,6182,买盘
1182,13:38:16,5.63,0.01,13,7318,买盘
1183,13:38:27,5.63,0.0,25,14075,买盘
1184,13:38:30,5.63,0.0,11,6193,买盘
1185,13:38:39,5.62,-0.01,56,31489,卖盘
1186,13:38:42,5.62,0.0,14,7880,卖盘
1187,13:38:52,5.62,0.0,52,29207,卖盘
1188,13:38:55,5.62,0.0,11,6182,买盘
1189,13:39:01,5.62,0.0,11,6182,买盘
1190,13:39:04,5.62,0.0,27,15174,买盘
1191,13:39:06,5.61,-0.01,231,129591,卖盘
1192,13:39:09,5.61,0.0,41,23001,买盘
1193,13:39:18,5.61,0.0,12,6732,买盘
1194,13:39:30,5.61,0.0,13,7293,买盘
1195,13:39:45,5.61,0.0,54,30294,买盘
1196,13:39:48,5.61,0.0,11,6171,买盘
1197,13:39:57,5.61,0.0,12,6732,买盘
1198,13:40:06,5.61,0.0,38,21318,买盘
1199,13:40:09,5.6,-0.01,10,5600,卖盘
1200,13:40:12,5.61,0.01,443,248123,买盘
1201,13:40:21,5.61,0.0,100,56050,买盘
1202,13:40:27,5.61,0.0,19,10659,买盘
1203,13:40:36,5.6,-0.01,91,50960,卖盘
1204,13:40:45,5.61,0.01,137,76731,买盘
1205,13:40:48,5.6,-0.01,39,21840,卖盘
1206,13:40:52,5.61,0.01,5,2805,买盘
1207,13:40:57,5.6,-0.01,111,62171,卖盘
1208,13:41:00,5.61,0.01,12,6732,买盘
1209,13:41:15,5.61,0.0,12,6732,买盘
1210,13:41:27,5.61,0.0,33,18492,买盘
1211,13:41:33,5.61,0.0,27,15146,买盘
1212,13:41:36,5.61,0.0,5,2805,买盘
1213,13:41:40,5.61,0.0,87,48807,买盘
1214,13:41:48,5.61,0.0,22,12342,买盘
1215,13:42:01,5.61,0.0,4,2244,买盘
1216,13:42:07,5.61,0.0,11,6171,买盘
1217,13:42:12,5.61,0.0,11,6171,买盘
1218,13:42:21,5.61,0.0,12,6732,买盘
1219,13:42:24,5.61,0.0,71,39831,买盘
1220,13:42:27,5.61,0.0,50,28050,买盘
1221,13:42:30,5.61,0.0,27,15147,买盘
1222,13:42:33,5.61,0.0,1,561,买盘
1223,13:42:36,5.61,0.0,10,5610,买盘
1224,13:42:39,5.62,0.01,184,103421,买盘
1225,13:42:42,5.62,0.0,75,42150,卖盘
1226,13:42:48,5.62,0.0,20,11240,卖盘
1227,13:42:54,5.63,0.01,12,6756,买盘
1228,13:42:57,5.63,0.0,190,106899,买盘
1229,13:43:15,5.65,0.02,13,7345,买盘
1230,13:43:24,5.65,0.0,55,31075,买盘
1231,13:43:27,5.65,0.0,15,8475,买盘
1232,13:43:36,5.65,0.0,11,6215,买盘
1233,13:43:45,5.65,0.0,27,15255,买盘
1234,13:43:54,5.65,0.0,11,6215,买盘
1235,13:44:09,5.65,0.0,23,12995,买盘
1236,13:44:13,5.65,0.0,8,4520,买盘
1237,13:44:27,5.65,0.0,11,6215,买盘
1238,13:44:30,5.65,0.0,5,2825,买盘
1239,13:44:33,5.65,0.0,30,16950,买盘
1240,13:44:39,5.65,0.0,16,9040,买盘
1241,13:44:48,5.64,-0.01,118,66552,卖盘
1242,13:44:51,5.65,0.01,19,10735,买盘
1243,13:45:00,5.65,0.0,27,15255,买盘
1244,13:45:12,5.64,-0.01,5,2820,卖盘
1245,13:45:21,5.64,0.0,3,1692,卖盘
1246,13:45:30,5.64,0.0,100,56400,买盘
1247,13:45:33,5.64,0.0,4,2256,买盘
1248,13:46:12,5.62,-0.02,172,96747,卖盘
1249,13:46:55,5.64,0.02,53,29890,买盘
1250,13:47:00,5.63,-0.01,63,35469,卖盘
1251,13:47:12,5.63,0.0,2,1126,买盘
1252,13:47:18,5.63,0.0,12,6756,买盘
1253,13:47:33,5.63,0.0,23,12949,买盘
1254,13:47:46,5.64,0.01,171,96444,买盘
1255,13:47:54,5.63,-0.01,1,563,卖盘
1256,13:47:57,5.64,0.01,4,2256,买盘
1257,13:48:03,5.63,-0.01,35,19705,卖盘
1258,13:48:09,5.63,0.0,15,8445,买盘
1259,13:48:12,5.64,0.01,256,144384,买盘
1260,13:48:16,5.63,-0.01,13,7319,卖盘
1261,13:48:27,5.64,0.01,4,2256,买盘
1262,13:48:30,5.63,-0.01,1,563,卖盘
1263,13:48:42,5.64,0.01,27,15228,买盘
1264,13:48:45,5.63,-0.01,5,2815,卖盘
1265,13:48:54,5.65,0.02,152,85807,买盘
1266,13:49:00,5.64,-0.01,8,4512,买盘
1267,13:49:06,5.64,0.0,2,1128,买盘
1268,13:49:21,5.65,0.01,100,56500,买盘
1269,13:49:24,5.65,0.0,5,2825,买盘
1270,13:49:27,5.65,0.0,274,154810,买盘
1271,13:49:30,5.65,0.0,48,27425,买盘
1272,13:49:39,5.65,0.0,7,3955,卖盘
1273,13:49:42,5.66,0.01,70,39620,买盘
1274,13:49:45,5.66,0.0,79,44714,买盘
1275,13:49:48,5.66,0.0,97,54902,卖盘
1276,13:49:51,5.66,0.0,1,566,买盘
1277,13:49:58,5.67,0.01,60,34006,买盘
1278,13:50:01,5.66,-0.01,30,16980,中性盘
1279,13:50:06,5.67,0.01,100,56680,买盘
1280,13:50:09,5.67,0.0,28,15876,买盘
1281,13:50:21,5.67,0.0,21,11907,买盘
1282,13:50:34,5.67,0.0,7,3974,卖盘
1283,13:50:37,5.67,0.0,43,24381,卖盘
1284,13:50:42,5.67,0.0,12,6804,买盘
1285,13:50:51,5.66,-0.01,17,9622,卖盘
1286,13:50:54,5.67,0.01,235,133234,买盘
1287,13:51:04,5.68,0.01,111,63048,买盘
1288,13:51:09,5.68,0.0,13,7384,买盘
1289,13:51:12,5.68,0.0,161,91448,买盘
1290,13:51:15,5.68,0.0,78,44304,买盘
1291,13:51:21,5.68,0.0,52,29536,买盘
1292,13:51:24,5.67,-0.01,180,102060,卖盘
1293,13:51:27,5.68,0.01,3,1704,买盘
1294,13:51:30,5.67,-0.01,103,58404,卖盘
1295,13:51:33,5.68,0.01,12,6816,买盘
1296,13:51:36,5.67,-0.01,241,136647,卖盘
1297,13:51:42,5.67,0.0,5,2835,买盘
1298,13:51:48,5.67,0.0,17,9639,买盘
1299,13:52:03,5.67,0.0,10,5670,买盘
1300,13:52:09,5.66,-0.01,63,35658,卖盘
1301,13:52:12,5.66,0.0,27,15282,买盘
1302,13:52:18,5.65,-0.01,2,1130,卖盘
1303,13:52:21,5.66,0.01,10,5660,买盘
1304,13:52:24,5.67,0.01,12,6804,买盘
1305,13:52:27,5.67,0.0,91,51597,买盘
1306,13:52:39,5.67,0.0,11,6237,买盘
1307,13:52:45,5.67,0.0,17,9639,买盘
1308,13:53:00,5.67,0.0,69,39123,买盘
1309,13:53:04,5.65,-0.02,1,565,卖盘
1310,13:53:06,5.66,0.01,4,2264,买盘
1311,13:53:09,5.66,0.0,19,10754,买盘
1312,13:53:12,5.67,0.01,62,35154,买盘
1313,13:53:18,5.67,0.0,12,6804,买盘
1314,13:53:21,5.66,-0.01,28,15848,卖盘
1315,13:53:25,5.66,0.0,27,15282,买盘
1316,13:53:30,5.66,0.0,13,7358,买盘
1317,13:53:42,5.65,-0.01,10,5650,卖盘
1318,13:53:45,5.65,0.0,6,3390,卖盘
1319,13:53:54,5.66,0.01,10,5660,买盘
1320,13:54:00,5.66,0.0,10,5660,买盘
1321,13:54:04,5.66,0.0,4,2264,买盘
1322,13:54:06,5.65,-0.01,3,1695,卖盘
1323,13:54:09,5.65,0.0,3,1695,卖盘
1324,13:54:24,5.66,0.01,24,13584,买盘
1325,13:54:34,5.66,0.0,13,7358,买盘
1326,13:54:40,5.65,-0.01,1,565,卖盘
1327,13:54:42,5.66,0.01,126,71316,买盘
1328,13:54:45,5.66,0.0,12,6792,买盘
1329,13:54:48,5.66,0.0,20,11320,买盘
1330,13:54:51,5.66,0.0,15,8490,买盘
1331,13:55:00,5.66,0.0,13,7358,买盘
1332,13:55:16,5.66,0.0,5,2830,买盘
1333,13:55:18,5.66,0.0,10,5660,买盘
1334,13:55:21,5.66,0.0,11,6226,买盘
1335,13:55:36,5.66,0.0,225,127350,买盘
1336,13:55:42,5.67,0.01,38,21546,买盘
1337,13:55:48,5.66,-0.01,3,1698,卖盘
1338,13:55:55,5.67,0.01,12,6804,买盘
1339,13:55:58,5.67,0.0,54,30618,买盘
1340,13:56:01,5.67,0.0,39,22113,买盘
1341,13:56:18,5.68,0.01,13,7384,买盘
1342,13:56:27,5.68,0.0,4,2272,买盘
1343,13:56:30,5.68,0.0,11,6248,买盘
1344,13:56:36,5.68,0.0,100,56800,买盘
1345,13:56:39,5.67,-0.01,16,9072,卖盘
1346,13:56:45,5.67,0.0,13,7381,卖盘
1347,13:56:48,5.68,0.01,12,6816,买盘
1348,13:56:51,5.68,0.0,20,11360,买盘
1349,13:56:54,5.68,0.0,27,15336,买盘
1350,13:56:57,5.68,0.0,3,1704,买盘
1351,13:57:00,5.68,0.0,13,7384,买盘
1352,13:57:03,5.68,0.0,30,17040,买盘
1353,13:57:06,5.67,-0.01,1,567,卖盘
1354,13:57:15,5.68,0.01,25,14187,买盘
1355,13:57:18,5.67,-0.01,30,17010,卖盘
1356,13:57:21,5.68,0.01,51,28968,买盘
1357,13:57:27,5.68,0.0,11,6248,买盘
1358,13:57:33,5.68,0.0,5,2840,买盘
1359,13:57:42,5.68,0.0,51,28968,买盘
1360,13:57:45,5.68,0.0,1,568,买盘
1361,13:57:48,5.68,0.0,11,6248,买盘
1362,13:57:54,5.67,-0.01,800,453600,卖盘
1363,13:57:57,5.68,0.01,41,23258,买盘
1364,13:58:07,5.67,-0.01,2,1134,卖盘
1365,13:58:10,5.66,-0.01,54,30564,卖盘
1366,13:58:12,5.66,0.0,172,97352,买盘
1367,13:58:19,5.66,0.0,27,15282,买盘
1368,13:58:22,5.67,0.01,176,99691,买盘
1369,13:58:27,5.67,0.0,12,6804,买盘
1370,13:58:30,5.67,0.0,66,37422,买盘
1371,13:58:36,5.67,0.0,11,6237,买盘
1372,13:58:42,5.65,-0.02,9,5085,卖盘
1373,13:58:48,5.67,0.02,46,26082,买盘
1374,13:58:54,5.67,0.0,5,2835,买盘
1375,13:59:01,5.67,0.0,12,6804,买盘
1376,13:59:12,5.67,0.0,11,6237,买盘
1377,13:59:18,5.67,0.0,26,14742,买盘
1378,13:59:24,5.65,-0.02,5,2825,卖盘
1379,13:59:33,5.67,0.02,12,6804,买盘
1380,13:59:45,5.66,-0.01,12,6803,卖盘
1381,14:00:03,5.67,0.01,12,6804,买盘
1382,14:00:06,5.67,0.0,4,2268,买盘
1383,14:00:24,5.67,0.0,11,6237,买盘
1384,14:00:27,5.67,0.0,2,1134,买盘
1385,14:00:30,5.67,0.0,11,6237,买盘
1386,14:00:33,5.67,0.0,27,15309,买盘
1387,14:00:57,5.67,0.0,16,9068,买盘
1388,14:01:00,5.66,-0.01,8,4528,卖盘
1389,14:01:09,5.67,0.01,15,8505,买盘
1390,14:01:21,5.67,0.0,13,7371,买盘
1391,14:01:33,5.67,0.0,11,6237,买盘
1392,14:01:42,5.67,0.0,11,6237,买盘
1393,14:01:45,5.66,-0.01,51,28866,卖盘
1394,14:01:51,5.67,0.01,38,21546,买盘
1395,14:02:00,5.67,0.0,13,7371,买盘
1396,14:02:10,5.67,0.0,10,5670,买盘
1397,14:02:18,5.67,0.0,11,6237,买盘
1398,14:02:30,5.67,0.0,10,5670,买盘
1399,14:03:00,5.66,-0.01,36,20402,卖盘
1400,14:03:33,5.67,0.01,5,2835,买盘
1401,14:03:48,5.67,0.0,70,39690,买盘
1402,14:04:12,5.67,0.0,45,25515,买盘
1403,14:04:18,5.67,0.0,27,15309,买盘
1404,14:04:25,5.67,0.0,55,31185,买盘
1405,14:04:39,5.68,0.01,194,110192,买盘
1406,14:04:42,5.68,0.0,1,568,买盘
1407,14:04:54,5.68,0.0,4,2272,买盘
1408,14:05:00,5.67,-0.01,57,32319,卖盘
1409,14:05:04,5.68,0.01,104,59072,买盘
1410,14:05:12,5.68,0.0,12,6816,买盘
1411,14:05:18,5.69,0.01,196,111478,买盘
1412,14:05:21,5.68,-0.01,1,568,中性盘
1413,14:05:27,5.68,0.0,15,8520,买盘
1414,14:05:30,5.68,0.0,10,5680,卖盘
1415,14:05:33,5.68,0.0,1,568,卖盘
1416,14:05:36,5.68,0.0,102,58037,卖盘
1417,14:05:43,5.68,0.0,1,568,买盘
1418,14:05:57,5.69,0.01,125,71125,买盘
1419,14:06:00,5.69,0.0,100,56900,买盘
1420,14:06:09,5.69,0.0,5,2845,买盘
1421,14:06:12,5.68,-0.01,1,568,卖盘
1422,14:06:15,5.69,0.01,13,7397,买盘
1423,14:06:18,5.69,0.0,181,102989,买盘
1424,14:06:21,5.69,0.0,20,11380,买盘
1425,14:06:24,5.69,0.0,96,54624,买盘
1426,14:06:27,5.69,0.0,153,87057,买盘
1427,14:06:30,5.69,0.0,41,23329,买盘
1428,14:06:36,5.7,0.01,27,15390,买盘
1429,14:06:39,5.69,-0.01,5,2845,卖盘
1430,14:06:42,5.69,0.0,10,5690,卖盘
1431,14:06:45,5.7,0.01,90,51300,买盘
1432,14:06:48,5.7,0.0,148,84360,买盘
1433,14:07:04,5.7,0.0,2,1140,卖盘
1434,14:07:06,5.71,0.01,100,57100,买盘
1435,14:07:09,5.71,0.0,23,13133,卖盘
1436,14:07:12,5.71,0.0,10,5710,买盘
1437,14:07:15,5.71,0.0,95,54245,买盘
1438,14:07:18,5.71,0.0,141,80511,买盘
1439,14:07:22,5.72,0.01,49,28028,买盘
1440,14:07:24,5.71,-0.01,52,29692,卖盘
1441,14:07:28,5.72,0.01,138,78936,买盘
1442,14:07:34,5.72,0.0,17,9723,买盘
1443,14:07:39,5.72,0.0,147,84084,买盘
1444,14:07:42,5.72,0.0,26,14872,买盘
1445,14:07:45,5.72,0.0,145,82940,买盘
1446,14:07:48,5.72,0.0,20,11440,买盘
1447,14:07:51,5.72,0.0,139,79508,买盘
1448,14:07:54,5.72,0.0,50,28600,卖盘
1449,14:08:01,5.73,0.01,17,9741,买盘
1450,14:08:09,5.72,-0.01,332,190126,卖盘
1451,14:08:15,5.72,0.0,1,572,买盘
1452,14:08:19,5.72,0.0,14,8008,买盘
1453,14:08:21,5.72,0.0,10,5720,买盘
1454,14:08:27,5.72,0.0,133,76076,买盘
1455,14:08:33,5.72,0.0,100,57200,买盘
1456,14:08:42,5.72,0.0,1,572,买盘
1457,14:08:49,5.72,0.0,17,9724,买盘
1458,14:08:51,5.73,0.01,167,95661,买盘
1459,14:08:54,5.72,-0.01,36,20592,中性盘
1460,14:08:57,5.72,0.0,39,22308,卖盘
1461,14:09:00,5.72,0.0,8,4576,买盘
1462,14:09:04,5.72,0.0,100,57200,买盘
1463,14:09:07,5.72,0.0,47,26884,买盘
1464,14:09:09,5.71,-0.01,236,134945,卖盘
1465,14:09:15,5.72,0.01,175,100003,买盘
1466,14:09:21,5.72,0.0,15,8580,卖盘
1467,14:09:34,5.72,0.0,157,89804,买盘
1468,14:09:37,5.72,0.0,52,29630,卖盘
1469,14:09:40,5.72,0.0,50,28600,卖盘
1470,14:09:43,5.73,0.01,30,17277,买盘
1471,14:09:48,5.72,-0.01,20,11440,买盘
1472,14:09:51,5.72,0.0,38,21736,买盘
1473,14:09:54,5.72,0.0,31,17732,卖盘
1474,14:09:57,5.73,0.01,177,101262,买盘
1475,14:10:03,5.73,0.0,1,573,买盘
1476,14:10:18,5.73,0.0,27,15471,买盘
1477,14:10:22,5.73,0.0,8,4584,买盘
1478,14:10:24,5.73,0.0,300,171780,买盘
1479,14:10:28,5.73,0.0,200,114600,买盘
1480,14:10:33,5.73,0.0,9,5157,买盘
1481,14:10:45,5.72,-0.01,4,2288,买盘
1482,14:10:51,5.71,-0.01,10,5710,卖盘
1483,14:10:54,5.72,0.01,2,1144,买盘
1484,14:11:12,5.72,0.0,2,1144,买盘
1485,14:11:21,5.71,-0.01,285,162735,卖盘
1486,14:11:27,5.71,0.0,26,14846,买盘
1487,14:11:45,5.72,0.01,137,78297,买盘
1488,14:11:48,5.7,-0.02,10,5700,卖盘
1489,14:11:55,5.71,0.01,2,1142,卖盘
1490,14:11:57,5.71,0.0,16,9136,卖盘
1491,14:12:06,5.71,0.0,5,2855,买盘
1492,14:12:12,5.7,-0.01,50,28500,卖盘
1493,14:12:24,5.71,0.01,248,141608,买盘
1494,14:12:33,5.71,0.0,27,15417,买盘
1495,14:12:45,5.71,0.0,169,96499,买盘
1496,14:12:54,5.71,0.0,71,40541,买盘
1497,14:13:03,5.71,0.0,14,7994,买盘
1498,14:13:06,5.7,-0.01,50,28500,卖盘
1499,14:13:09,5.71,0.01,10,5710,买盘
1500,14:13:16,5.71,0.0,5,2855,买盘
1501,14:13:18,5.71,0.0,45,25695,买盘
1502,14:13:21,5.71,0.0,10,5710,买盘
1503,14:13:27,5.71,0.0,23,13133,买盘
1504,14:13:33,5.71,0.0,10,5710,买盘
1505,14:13:48,5.71,0.0,27,15417,买盘
1506,14:13:57,5.7,-0.01,215,122550,卖盘
1507,14:14:06,5.7,0.0,1,570,买盘
1508,14:14:22,5.7,0.0,4,2280,买盘
1509,14:15:06,5.7,0.0,27,15390,买盘
1510,14:15:09,5.7,0.0,15,8550,买盘
1511,14:15:12,5.7,0.0,5,2850,买盘
1512,14:15:33,5.7,0.0,50,28500,买盘
1513,14:15:36,5.7,0.0,5,2850,买盘
1514,14:15:48,5.7,0.0,29,16530,买盘
1515,14:15:52,5.69,-0.01,180,102420,卖盘
1516,14:16:09,5.7,0.01,26,14820,买盘
1517,14:16:15,5.7,0.0,35,19950,买盘
1518,14:16:18,5.7,0.0,35,19950,买盘
1519,14:16:27,5.7,0.0,204,116280,卖盘
1520,14:16:36,5.7,0.0,7,3990,买盘
1521,14:16:57,5.7,0.0,4,2280,买盘
1522,14:17:00,5.7,0.0,51,29070,买盘
1523,14:17:18,5.7,0.0,7,3990,买盘
1524,14:17:21,5.7,0.0,10,5700,卖盘
1525,14:17:27,5.7,0.0,10,5700,卖盘
1526,14:17:39,5.71,0.01,3,1713,买盘
1527,14:18:04,5.71,0.0,5,2855,买盘
1528,14:18:10,5.71,0.0,200,114200,买盘
1529,14:18:39,5.71,0.0,26,14836,买盘
1530,14:18:42,5.71,0.0,2,1142,卖盘
1531,14:18:45,5.71,0.0,34,19414,卖盘
1532,14:18:57,5.7,-0.01,85,48450,卖盘
1533,14:19:00,5.7,0.0,36,20520,卖盘
1534,14:19:04,5.7,0.0,19,10830,卖盘
1535,14:19:06,5.7,0.0,75,42750,卖盘
1536,14:19:09,5.69,-0.01,1,569,卖盘
1537,14:19:15,5.7,0.01,4,2280,买盘
1538,14:19:27,5.69,-0.01,743,422767,卖盘
1539,14:19:33,5.69,0.0,20,11380,买盘
1540,14:19:45,5.69,0.0,26,14794,买盘
1541,14:19:51,5.68,-0.01,214,121552,卖盘
1542,14:19:54,5.68,0.0,15,8520,买盘
1543,14:20:00,5.67,-0.01,250,141750,卖盘
1544,14:20:12,5.67,0.0,9,5103,卖盘
1545,14:20:18,5.67,0.0,41,23247,买盘
1546,14:20:24,5.67,0.0,5,2835,卖盘
1547,14:20:27,5.68,0.01,5,2840,买盘
1548,14:20:54,5.68,0.0,27,15336,买盘
1549,14:21:25,5.68,0.0,16,9088,买盘
1550,14:21:39,5.68,0.0,5,2840,买盘
1551,14:21:45,5.68,0.0,16,9088,买盘
1552,14:21:54,5.68,0.0,106,60208,买盘
1553,14:22:06,5.67,-0.01,5,2835,卖盘
1554,14:22:09,5.68,0.01,1,568,买盘
1555,14:22:12,5.67,-0.01,4,2268,卖盘
1556,14:22:16,5.68,0.01,27,15336,买盘
1557,14:22:21,5.68,0.0,58,32944,买盘
1558,14:22:24,5.68,0.0,20,11360,买盘
1559,14:22:27,5.68,0.0,5,2840,买盘
1560,14:22:31,5.68,0.0,26,14768,卖盘
1561,14:22:33,5.68,0.0,19,10792,买盘
1562,14:22:36,5.68,0.0,100,56800,买盘
1563,14:22:42,5.67,-0.01,81,45927,卖盘
1564,14:22:45,5.68,0.01,10,5680,买盘
1565,14:22:48,5.68,0.0,43,24385,买盘
1566,14:23:30,5.68,0.0,27,15336,买盘
1567,14:23:57,5.68,0.0,46,26128,买盘
1568,14:24:06,5.68,0.0,5,2840,买盘
1569,14:24:12,5.68,0.0,2,1136,买盘
1570,14:24:21,5.68,0.0,10,5680,买盘
1571,14:24:27,5.68,0.0,80,45440,买盘
1572,14:24:33,5.69,0.01,106,60262,买盘
1573,14:24:42,5.69,0.0,26,14794,买盘
1574,14:25:15,5.69,0.0,4,2276,买盘
1575,14:25:21,5.68,-0.01,50,28400,卖盘
1576,14:25:24,5.69,0.01,116,66004,买盘
1577,14:25:57,5.69,0.0,54,30726,买盘
1578,14:26:00,5.7,0.01,11,6270,买盘
1579,14:26:15,5.7,0.0,10,5700,买盘
1580,14:26:24,5.7,0.0,11,6270,买盘
1581,14:26:28,5.7,0.0,5,2850,买盘
1582,14:26:33,5.7,0.0,10,5700,买盘
1583,14:26:36,5.7,0.0,220,125400,买盘
1584,14:26:49,5.71,0.01,10,5710,买盘
1585,14:26:54,5.71,0.0,37,21127,买盘
1586,14:26:57,5.72,0.01,125,71468,买盘
1587,14:27:09,5.72,0.0,9,5148,买盘
1588,14:27:18,5.72,0.0,17,9724,买盘
1589,14:27:22,5.72,0.0,10,5720,买盘
1590,14:27:27,5.72,0.0,3,1716,买盘
1591,14:27:30,5.72,0.0,17,9724,买盘
1592,14:27:33,5.72,0.0,4,2288,买盘
1593,14:27:39,5.72,0.0,30,17160,买盘
1594,14:27:43,5.72,0.0,11,6292,买盘
1595,14:27:46,5.71,-0.01,29,16559,卖盘
1596,14:27:51,5.72,0.01,146,83512,买盘
1597,14:27:54,5.71,-0.01,20,11420,卖盘
1598,14:28:04,5.71,0.0,11,6281,买盘
1599,14:28:09,5.7,-0.01,10,5700,卖盘
1600,14:28:15,5.71,0.01,37,21127,买盘
1601,14:28:21,5.71,0.0,94,53674,买盘
1602,14:28:24,5.71,0.0,54,30834,卖盘
1603,14:28:37,5.71,0.0,11,6281,买盘
1604,14:28:45,5.7,-0.01,15,8550,卖盘
1605,14:28:48,5.71,0.01,10,5710,买盘
1606,14:28:51,5.71,0.0,5,2855,买盘
1607,14:28:54,5.7,-0.01,10,5700,卖盘
1608,14:28:57,5.72,0.02,11,6284,买盘
1609,14:29:06,5.71,-0.01,10,5710,买盘
1610,14:29:12,5.7,-0.01,1,570,卖盘
1611,14:29:18,5.71,0.01,30,17110,买盘
1612,14:29:21,5.71,0.0,52,29692,买盘
1613,14:29:30,5.72,0.01,11,6292,买盘
1614,14:29:33,5.72,0.0,1,572,买盘
1615,14:29:36,5.72,0.0,65,37180,买盘
1616,14:29:39,5.72,0.0,9,5148,买盘
1617,14:29:43,5.72,0.0,103,58916,买盘
1618,14:29:57,5.72,0.0,16,9152,买盘
1619,14:30:03,5.72,0.0,24,13728,买盘
1620,14:30:19,5.72,0.0,11,6292,买盘
1621,14:30:27,5.72,0.0,55,31415,买盘
1622,14:30:30,5.72,0.0,170,97240,买盘
1623,14:30:36,5.73,0.01,38,21744,买盘
1624,14:30:39,5.72,-0.01,19,10868,卖盘
1625,14:30:42,5.73,0.01,28,16044,买盘
1626,14:30:48,5.73,0.0,7,4011,买盘
1627,14:30:51,5.72,-0.01,281,160732,卖盘
1628,14:30:57,5.72,0.0,68,38896,买盘
1629,14:31:00,5.72,0.0,8,4576,买盘
1630,14:31:13,5.72,0.0,4,2288,买盘
1631,14:31:19,5.71,-0.01,10,5710,卖盘
1632,14:31:27,5.71,0.0,6,3426,卖盘
1633,14:31:30,5.71,0.0,9,5139,卖盘
1634,14:31:33,5.71,0.0,1,571,买盘
1635,14:31:39,5.71,0.0,29,16559,卖盘
1636,14:31:42,5.71,0.0,2,1142,卖盘
1637,14:31:54,5.72,0.01,31,17708,买盘
1638,14:32:22,5.71,-0.01,5,2855,买盘
1639,14:32:27,5.71,0.0,5,2855,买盘
1640,14:32:30,5.71,0.0,1,571,卖盘
1641,14:32:33,5.71,0.0,30,17130,买盘
1642,14:32:45,5.7,-0.01,1,570,卖盘
1643,14:33:03,5.71,0.01,26,14846,买盘
1644,14:33:06,5.7,-0.01,433,246810,卖盘
1645,14:33:10,5.7,0.0,20,11400,买盘
1646,14:33:18,5.69,-0.01,25,14225,卖盘
1647,14:33:22,5.7,0.01,1,570,买盘
1648,14:33:27,5.7,0.0,2,1140,买盘
1649,14:33:36,5.7,0.0,4,2280,买盘
1650,14:33:39,5.69,-0.01,20,11380,卖盘
1651,14:33:46,5.69,0.0,10,5690,卖盘
1652,14:33:52,5.69,0.0,10,5690,卖盘
1653,14:33:57,5.69,0.0,66,37554,卖盘
1654,14:34:04,5.69,0.0,27,15363,卖盘
1655,14:34:10,5.68,-0.01,183,103944,卖盘
1656,14:34:12,5.68,0.0,234,132912,卖盘
1657,14:34:16,5.68,0.0,10,5680,卖盘
1658,14:34:24,5.68,0.0,21,11927,买盘
1659,14:34:30,5.69,0.01,30,17070,买盘
1660,14:34:42,5.68,-0.01,8,4544,卖盘
1661,14:34:48,5.69,0.01,64,36356,买盘
1662,14:34:57,5.69,0.0,7,3983,买盘
1663,14:35:09,5.69,0.0,15,8535,买盘
1664,14:35:12,5.68,-0.01,1,568,中性盘
1665,14:35:18,5.68,0.0,27,15336,买盘
1666,14:36:04,5.68,0.0,5,2840,买盘
1667,14:36:06,5.67,-0.01,195,110565,卖盘
1668,14:36:12,5.67,0.0,110,62370,买盘
1669,14:36:33,5.68,0.01,27,15336,买盘
1670,14:36:51,5.68,0.0,200,113600,买盘
1671,14:36:54,5.68,0.0,1,568,买盘
1672,14:37:22,5.68,0.0,178,101104,买盘
1673,14:37:39,5.68,0.0,32,18176,卖盘
1674,14:37:48,5.68,0.0,4,2272,买盘
1675,14:38:00,5.68,0.0,1,568,买盘
1676,14:38:07,5.68,0.0,20,11360,买盘
1677,14:38:18,5.68,0.0,10,5680,买盘
1678,14:38:24,5.68,0.0,100,56800,买盘
1679,14:38:27,5.68,0.0,10,5680,买盘
1680,14:38:30,5.68,0.0,3,1704,买盘
1681,14:38:45,5.68,0.0,40,22720,买盘
1682,14:38:48,5.68,0.0,8,4544,卖盘
1683,14:38:51,5.68,0.0,10,5680,卖盘
1684,14:38:54,5.69,0.01,53,30157,买盘
1685,14:39:12,5.68,-0.01,6,3413,卖盘
1686,14:39:54,5.68,0.0,84,47712,卖盘
1687,14:40:30,5.69,0.01,3,1707,买盘
1688,14:40:36,5.69,0.0,100,56900,买盘
1689,14:40:51,5.69,0.0,37,21053,买盘
1690,14:40:57,5.68,-0.01,201,114368,卖盘
1691,14:41:06,5.68,0.0,200,113600,卖盘
1692,14:41:39,5.68,0.0,20,11360,卖盘
1693,14:41:48,5.68,0.0,300,170400,卖盘
1694,14:41:51,5.68,0.0,2,1136,卖盘
1695,14:41:54,5.68,0.0,9,5112,卖盘
1696,14:42:03,5.68,0.0,3,1704,卖盘
1697,14:42:06,5.69,0.01,1,569,买盘
1698,14:42:10,5.68,-0.01,18,10224,卖盘
1699,14:42:18,5.68,0.0,5,2840,买盘
1700,14:42:27,5.68,0.0,100,56800,买盘
1701,14:42:30,5.68,0.0,2,1136,买盘
1702,14:42:36,5.68,0.0,28,15904,买盘
1703,14:42:42,5.67,-0.01,2,1134,卖盘
1704,14:42:54,5.68,0.01,19,10792,买盘
1705,14:43:01,5.68,0.0,2,1136,买盘
1706,14:43:19,5.68,0.0,5,2840,买盘
1707,14:43:30,5.68,0.0,5,2840,买盘
1708,14:43:45,5.68,0.0,10,5680,买盘
1709,14:44:15,5.68,0.0,23,13064,买盘
1710,14:44:21,5.68,0.0,174,98832,买盘
1711,14:44:27,5.67,-0.01,21,11907,卖盘
1712,14:44:42,5.68,0.01,20,11360,买盘
1713,14:45:00,5.67,-0.01,64,36288,卖盘
1714,14:45:16,5.68,0.01,36,20448,买盘
1715,14:45:30,5.68,0.0,20,11360,买盘
1716,14:45:33,5.68,0.0,3,1704,买盘
1717,14:45:43,5.68,0.0,14,7952,买盘
1718,14:45:45,5.68,0.0,126,71548,买盘
1719,14:45:51,5.68,0.0,10,5680,买盘
1720,14:45:54,5.68,0.0,106,60208,买盘
1721,14:46:16,5.67,-0.01,40,22685,卖盘
1722,14:46:54,5.67,0.0,16,9072,卖盘
1723,14:47:15,5.67,0.0,5,2835,卖盘
1724,14:47:18,5.67,0.0,60,34021,卖盘
1725,14:47:42,5.67,0.0,480,272160,卖盘
1726,14:47:45,5.67,0.0,16,9072,卖盘
1727,14:47:58,5.67,0.0,5,2835,买盘
1728,14:48:04,5.66,-0.01,180,102057,卖盘
1729,14:48:12,5.66,0.0,1,566,卖盘
1730,14:48:18,5.67,0.01,20,11340,买盘
1731,14:48:24,5.66,-0.01,100,56600,卖盘
1732,14:48:28,5.66,0.0,1,566,卖盘
1733,14:48:45,5.66,0.0,30,16980,卖盘
1734,14:48:48,5.66,0.0,60,33960,卖盘
1735,14:49:07,5.66,0.0,249,140934,卖盘
1736,14:49:09,5.66,0.0,49,27734,卖盘
1737,14:49:12,5.66,0.0,4,2264,卖盘
1738,14:49:15,5.66,0.0,2,1132,卖盘
1739,14:49:21,5.66,0.0,18,10188,卖盘
1740,14:49:27,5.66,0.0,253,143183,卖盘
1741,14:49:36,5.65,-0.01,1,565,卖盘
1742,14:49:39,5.65,0.0,4,2260,卖盘
1743,14:49:42,5.65,0.0,132,74702,卖盘
1744,14:50:09,5.65,0.0,5,2825,卖盘
1745,14:50:12,5.66,0.01,35,19810,买盘
1746,14:50:18,5.66,0.0,75,42449,买盘
1747,14:50:21,5.66,0.0,2,1132,卖盘
1748,14:50:31,5.66,0.0,9,5094,卖盘
1749,14:50:40,5.66,0.0,6,3396,卖盘
1750,14:50:58,5.67,0.01,20,11340,买盘
1751,14:51:07,5.66,-0.01,4,2264,卖盘
1752,14:51:22,5.67,0.01,20,11340,买盘
1753,14:51:25,5.67,0.0,10,5670,买盘
1754,14:51:34,5.67,0.0,32,18144,买盘
1755,14:51:45,5.67,0.0,8,4536,买盘
1756,14:51:48,5.67,0.0,11,6227,买盘
1757,14:51:51,5.67,0.0,50,28350,买盘
1758,14:52:04,5.67,0.0,131,74277,买盘
1759,14:52:12,5.67,0.0,27,15309,卖盘
1760,14:52:16,5.67,0.0,50,28350,卖盘
1761,14:52:24,5.67,0.0,10,5670,卖盘
1762,14:52:31,5.67,0.0,30,17010,卖盘
1763,14:52:33,5.67,0.0,50,28350,卖盘
1764,14:52:40,5.67,0.0,1,567,卖盘
1765,14:52:43,5.66,-0.01,29,16442,卖盘
1766,14:52:48,5.67,0.01,62,35154,买盘
1767,14:52:52,5.68,0.01,34,19312,买盘
1768,14:52:54,5.67,-0.01,50,28350,卖盘
1769,14:53:25,5.67,0.0,17,9639,卖盘
1770,14:53:28,5.67,0.0,160,90720,卖盘
1771,14:53:30,5.67,0.0,5,2835,卖盘
1772,14:53:33,5.67,0.0,8,4536,卖盘
1773,14:53:48,5.68,0.01,20,11360,买盘
1774,14:53:52,5.68,0.0,70,39760,买盘
1775,14:53:58,5.68,0.0,10,5680,买盘
1776,14:54:00,5.67,-0.01,30,17010,卖盘
1777,14:54:07,5.68,0.01,78,44304,买盘
1778,14:54:09,5.67,-0.01,5,2835,卖盘
1779,14:54:16,5.67,0.0,130,73710,卖盘
1780,14:54:25,5.67,0.0,5,2835,卖盘
1781,14:54:27,5.67,0.0,21,11907,卖盘
1782,14:54:42,5.67,0.0,1,567,卖盘
1783,14:54:51,5.67,0.0,7,3974,卖盘
1784,14:54:54,5.67,0.0,21,11907,卖盘
1785,14:54:57,5.68,0.01,36,20448,买盘
1786,14:55:10,5.67,-0.01,20,11350,卖盘
1787,14:55:13,5.67,0.0,1,567,卖盘
1788,14:55:19,5.68,0.01,41,23288,买盘
1789,14:55:22,5.67,-0.01,2,1134,卖盘
1790,14:55:33,5.67,0.0,35,19850,卖盘
1791,14:55:43,5.68,0.01,84,47669,买盘
1792,14:55:46,5.68,0.0,206,117008,买盘
1793,14:55:51,5.68,0.0,1,568,买盘
1794,14:55:58,5.68,0.0,105,59635,买盘
1795,14:56:00,5.68,0.0,10,5680,买盘
1796,14:56:04,5.68,0.0,80,45440,卖盘
1797,14:56:10,5.68,0.0,50,28400,卖盘
1798,14:56:13,5.68,0.0,97,55192,卖盘
1799,14:56:24,5.68,0.0,99,56232,卖盘
1800,14:56:33,5.68,0.0,20,11360,买盘
1801,14:56:37,5.68,0.0,10,5680,买盘
1802,14:56:45,5.68,0.0,67,38056,卖盘
1803,14:56:49,5.68,0.0,33,18744,买盘
1804,14:56:52,5.69,0.01,64,36416,买盘
1805,14:56:55,5.69,0.0,2,1138,买盘
1806,14:57:00,5.68,-0.01,220,125160,卖盘
1807,15:00:05,5.71,0.03,1670,953570,卖盘
