,time,price,change,volume,amount,type
0,09:25:05,5.61,-0.04,1088,610368,买盘
1,09:30:04,5.64,0.03,581,325873,中性盘
2,09:30:07,5.61,-0.03,10,5610,卖盘
3,09:30:10,5.61,0.0,50,28050,卖盘
4,09:30:24,5.64,0.03,37,20868,买盘
5,09:30:43,5.63,-0.01,11,6193,卖盘
6,09:30:46,5.64,0.01,69,38916,买盘
7,09:30:51,5.63,-0.01,23,12949,卖盘
8,09:31:04,5.63,0.0,48,27024,卖盘
9,09:31:06,5.63,0.0,47,26461,卖盘
10,09:31:10,5.63,0.0,28,15764,卖盘
11,09:31:22,5.63,0.0,63,35469,卖盘
12,09:31:36,5.62,-0.01,16,8992,卖盘
13,09:31:46,5.63,0.01,267,150292,买盘
14,09:31:54,5.62,-0.01,2,1124,卖盘
15,09:32:01,5.62,0.0,50,28120,卖盘
16,09:32:04,5.63,0.01,52,29276,买盘
17,09:32:10,5.63,0.0,21,11823,买盘
18,09:32:19,5.64,0.01,77,43428,买盘
19,09:32:22,5.64,0.0,4,2256,买盘
20,09:32:24,5.64,0.0,183,103132,买盘
21,09:32:33,5.64,0.0,50,28200,卖盘
22,09:32:39,5.64,0.0,52,29328,卖盘
23,09:32:58,5.64,0.0,45,25380,买盘
24,09:33:01,5.64,0.0,5,2820,买盘
25,09:33:07,5.63,-0.01,11,6193,卖盘
26,09:33:15,5.63,0.0,288,162144,卖盘
27,09:33:22,5.63,0.0,12,6756,买盘
28,09:33:34,5.63,0.0,128,72064,卖盘
29,09:34:10,5.63,0.0,66,37127,买盘
30,09:34:18,5.62,-0.01,2,1124,卖盘
31,09:34:25,5.6,-0.02,485,271869,卖盘
32,09:34:31,5.62,0.02,2,1124,中性盘
33,09:34:34,5.62,0.0,48,26976,卖盘
34,09:34:36,5.62,0.0,36,20232,买盘
35,09:34:43,5.62,0.0,2,1124,买盘
36,09:34:46,5.62,0.0,5,2810,买盘
37,09:34:49,5.62,0.0,33,18546,买盘
38,09:34:51,5.62,0.0,114,64033,买盘
39,09:34:58,5.62,0.0,70,39340,买盘
40,09:35:00,5.62,0.0,5,2810,买盘
41,09:35:04,5.61,-0.01,10,5610,卖盘
42,09:35:10,5.62,0.01,3,1686,买盘
43,09:35:13,5.62,0.0,36,20232,买盘
44,09:35:22,5.62,0.0,70,39340,卖盘
45,09:35:25,5.62,0.0,9,5058,买盘
46,09:35:33,5.62,0.0,5,2810,卖盘
47,09:35:37,5.62,0.0,8,4496,卖盘
48,09:35:40,5.63,0.01,20,11260,买盘
49,09:35:43,5.63,0.0,9,5067,买盘
50,09:35:45,5.63,0.0,15,8445,买盘
51,09:35:48,5.63,0.0,448,252224,买盘
52,09:35:52,5.64,0.01,58,32712,买盘
53,09:35:58,5.64,0.0,6,3384,买盘
54,09:36:04,5.64,0.0,78,43990,买盘
55,09:36:06,5.64,0.0,12,6768,卖盘
56,09:36:16,5.64,0.0,8,4512,买盘
57,09:36:21,5.63,-0.01,16,9008,卖盘
58,09:36:28,5.64,0.01,40,22560,买盘
59,09:36:31,5.64,0.0,152,85728,买盘
60,09:36:34,5.64,0.0,3,1692,卖盘
61,09:36:37,5.64,0.0,9,5076,卖盘
62,09:36:46,5.64,0.0,33,18612,卖盘
63,09:36:57,5.64,0.0,10,5640,买盘
64,09:37:04,5.64,0.0,14,7896,买盘
65,09:37:07,5.64,0.0,100,56400,买盘
66,09:37:18,5.64,0.0,10,5640,买盘
67,09:37:27,5.64,0.0,131,73884,买盘
68,09:37:31,5.65,0.01,265,149725,买盘
69,09:37:37,5.64,-0.01,47,26512,卖盘
70,09:37:42,5.62,-0.02,649,364945,卖盘
71,09:37:45,5.62,0.0,20,11240,买盘
72,09:37:52,5.62,0.0,194,109028,买盘
73,09:37:54,5.62,0.0,6,3372,买盘
74,09:37:57,5.62,0.0,3,1686,买盘
75,09:38:01,5.62,0.0,4,2248,买盘
76,09:38:15,5.62,0.0,2,1124,买盘
77,09:39:01,5.61,-0.01,207,116133,卖盘
78,09:39:30,5.61,0.0,10,5610,卖盘
79,09:39:33,5.61,0.0,52,29172,卖盘
80,09:39:37,5.61,0.0,109,61149,买盘
81,09:39:40,5.61,0.0,3,1683,买盘
82,09:39:43,5.61,0.0,3,1683,买盘
83,09:39:46,5.61,0.0,2,1122,买盘
84,09:39:49,5.61,0.0,3,1683,买盘
85,09:39:52,5.61,0.0,3,1683,买盘
86,09:39:54,5.6,-0.01,83,46483,卖盘
87,09:39:58,5.61,0.01,223,124903,买盘
88,09:40:04,5.61,0.0,50,28050,卖盘
89,09:40:25,5.61,0.0,80,44880,买盘
90,09:40:30,5.61,0.0,9,5049,卖盘
91,09:40:34,5.61,0.0,3,1683,卖盘
92,09:40:55,5.64,0.03,388,218699,买盘
93,09:41:04,5.64,0.0,157,88548,卖盘
94,09:41:07,5.64,0.0,244,137616,卖盘
95,09:41:22,5.64,0.0,2,1128,买盘
96,09:41:33,5.64,0.0,13,7332,买盘
97,09:42:09,5.64,0.0,1,564,买盘
98,09:42:22,5.64,0.0,101,56964,买盘
99,09:42:30,5.63,-0.01,92,51796,卖盘
100,09:42:37,5.63,0.0,2,1126,卖盘
101,09:42:55,5.63,0.0,20,11260,卖盘
102,09:43:04,5.63,0.0,2,1126,卖盘
103,09:43:06,5.64,0.01,20,11280,买盘
104,09:43:09,5.63,-0.01,80,45040,卖盘
105,09:43:16,5.64,0.01,9,5076,买盘
106,09:43:24,5.63,-0.01,53,29837,卖盘
107,09:43:39,5.64,0.01,30,16920,买盘
108,09:43:43,5.64,0.0,100,56400,买盘
109,09:43:48,5.64,0.0,12,6766,买盘
110,09:43:55,5.64,0.0,1,564,买盘
111,09:44:04,5.64,0.0,80,45120,买盘
112,09:44:09,5.64,0.0,40,22560,买盘
113,09:44:13,5.64,0.0,4,2256,买盘
114,09:44:16,5.64,0.0,3,1692,买盘
115,09:44:19,5.63,-0.01,8,4510,卖盘
116,09:44:31,5.63,0.0,91,51233,卖盘
117,09:44:46,5.63,0.0,2,1126,卖盘
118,09:44:49,5.63,0.0,10,5630,卖盘
119,09:45:04,5.63,0.0,3,1689,卖盘
120,09:45:06,5.63,0.0,151,85013,卖盘
121,09:45:10,5.63,0.0,11,6193,卖盘
122,09:45:13,5.64,0.01,375,211500,买盘
123,09:45:16,5.64,0.0,116,65424,卖盘
124,09:45:21,5.64,0.0,7,3948,卖盘
125,09:45:42,5.64,0.0,212,119588,卖盘
126,09:45:52,5.64,0.0,2,1128,卖盘
127,09:45:54,5.64,0.0,78,44019,卖盘
128,09:45:57,5.64,0.0,2,1128,卖盘
129,09:46:12,5.64,0.0,33,18617,卖盘
130,09:46:27,5.63,-0.01,17,9571,卖盘
131,09:46:30,5.64,0.01,43,24252,买盘
132,09:46:37,5.64,0.0,7,3948,卖盘
133,09:46:42,5.63,-0.01,3,1689,卖盘
134,09:47:06,5.63,0.0,81,45603,卖盘
135,09:47:12,5.63,0.0,3,1689,卖盘
136,09:47:30,5.63,0.0,8,4504,卖盘
137,09:47:33,5.63,0.0,4,2252,卖盘
138,09:47:54,5.63,0.0,17,9571,卖盘
139,09:48:00,5.63,0.0,2,1126,卖盘
140,09:48:15,5.63,0.0,30,16890,卖盘
141,09:48:22,5.63,0.0,6,3378,卖盘
142,09:48:25,5.64,0.01,371,209041,买盘
143,09:48:39,5.64,0.0,57,32148,卖盘
144,09:48:48,5.64,0.0,4,2256,卖盘
145,09:48:51,5.65,0.01,20,11300,买盘
146,09:48:57,5.65,0.0,20,11300,买盘
147,09:49:00,5.65,0.0,1,565,买盘
148,09:49:06,5.64,-0.01,68,38352,卖盘
149,09:49:22,5.64,0.0,37,20868,卖盘
150,09:49:24,5.64,0.0,20,11280,买盘
151,09:49:37,5.64,0.0,21,11844,买盘
152,09:49:49,5.64,0.0,2,1128,卖盘
153,09:50:03,5.64,0.0,50,28200,卖盘
154,09:50:06,5.65,0.01,12,6778,买盘
155,09:50:36,5.64,-0.01,2,1128,卖盘
156,09:50:39,5.64,0.0,15,8460,卖盘
157,09:50:57,5.64,0.0,3,1692,卖盘
158,09:51:04,5.65,0.01,22,12430,买盘
159,09:51:27,5.64,-0.01,7,3948,卖盘
160,09:51:31,5.64,0.0,562,317066,卖盘
161,09:51:34,5.65,0.01,368,207784,买盘
162,09:51:37,5.65,0.0,10,5650,卖盘
163,09:51:51,5.64,-0.01,10,5647,卖盘
164,09:52:12,5.64,0.0,2,1128,卖盘
165,09:52:30,5.64,0.0,30,16920,卖盘
166,09:52:33,5.64,0.0,2,1128,卖盘
167,09:52:36,5.64,0.0,5,2820,卖盘
168,09:52:40,5.64,0.0,27,15228,卖盘
169,09:52:54,5.63,-0.01,37,20831,卖盘
170,09:52:58,5.64,0.01,10,5640,买盘
171,09:53:00,5.64,0.0,288,162224,买盘
172,09:53:04,5.64,0.0,10,5640,买盘
173,09:53:16,5.64,0.0,3,1692,卖盘
174,09:53:34,5.65,0.01,5,2825,买盘
175,09:53:57,5.64,-0.01,2,1128,卖盘
176,09:54:06,5.64,0.0,176,99264,卖盘
177,09:54:09,5.64,0.0,122,68808,买盘
178,09:54:12,5.63,-0.01,4,2252,卖盘
179,09:54:19,5.64,0.01,2,1128,买盘
180,09:54:27,5.64,0.0,35,19740,卖盘
181,09:54:30,5.64,0.0,10,5640,卖盘
182,09:54:36,5.63,-0.01,25,14098,卖盘
183,09:54:42,5.65,0.02,600,338943,买盘
184,09:55:00,5.64,-0.01,2,1128,卖盘
185,09:55:04,5.65,0.01,20,11300,买盘
186,09:55:06,5.65,0.0,34,19210,买盘
187,09:55:09,5.65,0.0,197,111305,买盘
188,09:55:12,5.65,0.0,7,3955,买盘
189,09:55:15,5.65,0.0,74,41810,买盘
190,09:55:21,5.66,0.01,270,152820,买盘
191,09:55:24,5.66,0.0,4,2264,买盘
192,09:55:27,5.66,0.0,2,1132,买盘
193,09:55:33,5.66,0.0,29,16414,买盘
194,09:55:37,5.66,0.0,250,141350,买盘
195,09:55:39,5.67,0.01,500,283219,买盘
196,09:55:48,5.66,-0.01,25,14173,卖盘
197,09:55:54,5.66,0.0,800,452800,卖盘
198,09:55:57,5.67,0.01,25,14175,买盘
199,09:56:04,5.68,0.01,400,227023,买盘
200,09:56:06,5.66,-0.02,300,169845,卖盘
201,09:56:09,5.67,0.01,52,29484,买盘
202,09:56:12,5.67,0.0,10,5670,买盘
203,09:56:15,5.68,0.01,575,326358,买盘
204,09:56:19,5.68,0.0,200,113600,卖盘
205,09:56:22,5.67,-0.01,134,76154,卖盘
206,09:56:24,5.7,0.03,1000,569006,买盘
207,09:56:30,5.7,0.0,87,49576,买盘
208,09:56:36,5.7,0.0,59,33578,买盘
209,09:56:39,5.7,0.0,117,66690,买盘
210,09:56:42,5.7,0.0,408,232410,买盘
211,09:56:46,5.69,-0.01,581,330970,卖盘
212,09:56:49,5.69,0.0,36,20501,卖盘
213,09:56:51,5.7,0.01,20,11400,买盘
214,09:56:54,5.69,-0.01,202,114984,卖盘
215,09:56:57,5.69,0.0,11,6259,卖盘
216,09:57:00,5.7,0.01,150,85479,买盘
217,09:57:04,5.7,0.0,96,54720,买盘
218,09:57:07,5.7,0.0,10,5700,卖盘
219,09:57:09,5.71,0.01,608,347194,买盘
220,09:57:12,5.7,-0.01,210,119818,卖盘
221,09:57:15,5.72,0.02,111,63482,买盘
222,09:57:18,5.73,0.01,628,359406,买盘
223,09:57:22,5.73,0.0,53,30355,买盘
224,09:57:24,5.72,-0.01,60,34320,卖盘
225,09:57:27,5.72,0.0,2,1144,卖盘
226,09:57:30,5.72,0.0,237,135617,卖盘
227,09:57:33,5.72,0.0,278,159227,卖盘
228,09:57:37,5.73,0.01,1876,1072935,买盘
229,09:57:42,5.72,-0.01,84,48048,买盘
230,09:57:45,5.73,0.01,230,131729,买盘
231,09:57:48,5.73,0.0,23,13179,买盘
232,09:57:51,5.77,0.04,2254,1295593,买盘
233,09:57:54,5.76,-0.01,144,82674,中性盘
234,09:57:57,5.78,0.02,704,406300,买盘
235,09:58:00,5.76,-0.02,233,134381,中性盘
236,09:58:04,5.76,0.0,185,106726,卖盘
237,09:58:06,5.76,0.0,170,97920,买盘
238,09:58:09,5.76,0.0,53,30528,买盘
239,09:58:12,5.75,-0.01,273,157290,卖盘
240,09:58:16,5.74,-0.01,404,232296,卖盘
241,09:58:19,5.76,0.02,227,130563,买盘
242,09:58:22,5.75,-0.01,140,80549,卖盘
243,09:58:24,5.74,-0.01,140,80577,卖盘
244,09:58:30,5.75,0.01,1042,598946,卖盘
245,09:58:33,5.76,0.01,102,58678,买盘
246,09:58:36,5.75,-0.01,577,332197,买盘
247,09:58:40,5.74,-0.01,7,4018,买盘
248,09:58:43,5.75,0.01,60,34466,买盘
249,09:58:46,5.74,-0.01,5,2870,卖盘
250,09:58:48,5.73,-0.01,244,140250,卖盘
251,09:58:51,5.75,0.02,111,63781,买盘
252,09:58:54,5.75,0.0,38,21846,买盘
253,09:58:57,5.74,-0.01,60,34496,卖盘
254,09:59:00,5.74,0.0,8,4592,卖盘
255,09:59:04,5.74,0.0,238,136712,卖盘
256,09:59:06,5.74,0.0,90,51660,卖盘
257,09:59:09,5.74,0.0,49,28132,卖盘
258,09:59:12,5.74,0.0,317,181974,卖盘
259,09:59:15,5.74,0.0,786,451167,卖盘
260,09:59:18,5.74,0.0,101,57933,买盘
261,09:59:21,5.74,0.0,134,76910,买盘
262,09:59:24,5.74,0.0,87,49938,买盘
263,09:59:27,5.74,0.0,53,30709,买盘
264,09:59:33,5.74,0.0,47,26691,卖盘
265,09:59:36,5.74,0.0,21,12054,买盘
266,09:59:42,5.74,0.0,843,483108,买盘
267,09:59:46,5.74,0.0,656,376840,卖盘
268,09:59:48,5.73,-0.01,177,101579,卖盘
269,09:59:52,5.74,0.01,200,114800,买盘
270,09:59:54,5.73,-0.01,4,2292,卖盘
271,09:59:57,5.74,0.01,80,45920,买盘
272,10:00:00,5.74,0.0,37,21238,买盘
273,10:00:03,5.74,0.0,25,14334,买盘
274,10:00:06,5.73,-0.01,123,70593,卖盘
275,10:00:09,5.74,0.01,61,35019,买盘
276,10:00:16,5.74,0.0,6,3444,卖盘
277,10:00:18,5.74,0.0,44,25286,卖盘
278,10:00:21,5.75,0.01,7,4025,买盘
279,10:00:24,5.75,0.0,42,24150,买盘
280,10:00:27,5.74,-0.01,6,3444,卖盘
281,10:00:31,5.74,0.0,6,3444,卖盘
282,10:00:33,5.75,0.01,10,5747,买盘
283,10:00:39,5.73,-0.02,47,26974,卖盘
284,10:00:48,5.73,0.0,228,130641,卖盘
285,10:00:52,5.73,0.0,21,12033,买盘
286,10:00:55,5.72,-0.01,10,5720,卖盘
287,10:00:57,5.73,0.01,57,32658,买盘
288,10:01:00,5.73,0.0,13,7445,买盘
289,10:01:03,5.72,-0.01,23,13156,卖盘
290,10:01:06,5.73,0.01,50,28650,买盘
291,10:01:09,5.73,0.0,20,11460,买盘
292,10:01:12,5.72,-0.01,340,194516,卖盘
293,10:01:18,5.73,0.01,7,4011,买盘
294,10:01:21,5.72,-0.01,4,2288,卖盘
295,10:01:24,5.73,0.01,7,4011,买盘
296,10:01:34,5.72,-0.01,3,1716,卖盘
297,10:01:36,5.73,0.01,30,17190,买盘
298,10:01:45,5.72,-0.01,231,132142,卖盘
299,10:01:48,5.73,0.01,9,5157,买盘
300,10:01:54,5.72,-0.01,36,20592,卖盘
301,10:01:57,5.72,0.0,4,2288,卖盘
302,10:02:01,5.72,0.0,1,572,卖盘
303,10:02:03,5.7,-0.02,802,457947,卖盘
304,10:02:07,5.7,0.0,9,5140,卖盘
305,10:02:16,5.71,0.01,2,1142,卖盘
306,10:02:18,5.71,0.0,4,2284,卖盘
307,10:02:24,5.72,0.01,89,50908,买盘
308,10:02:27,5.72,0.0,1,572,卖盘
309,10:02:30,5.72,0.0,1,572,卖盘
310,10:02:40,5.72,0.0,11,6292,买盘
311,10:02:51,5.73,0.01,346,198258,买盘
312,10:02:57,5.73,0.0,20,11460,卖盘
313,10:03:01,5.73,0.0,134,76782,卖盘
314,10:03:16,5.72,-0.01,2,1144,卖盘
315,10:03:30,5.73,0.01,51,29223,买盘
316,10:03:40,5.73,0.0,11,6303,买盘
317,10:03:48,5.72,-0.01,2,1144,卖盘
318,10:03:57,5.72,0.0,95,54340,卖盘
319,10:04:00,5.72,0.0,19,10868,卖盘
320,10:04:04,5.72,0.0,19,10868,卖盘
321,10:04:06,5.72,0.0,159,90948,卖盘
322,10:04:10,5.73,0.01,100,57290,买盘
323,10:04:16,5.72,-0.01,10,5720,卖盘
324,10:04:18,5.72,0.0,45,25740,卖盘
325,10:04:24,5.72,0.0,2,1144,卖盘
326,10:04:27,5.73,0.01,17,9741,买盘
327,10:04:30,5.73,0.0,100,57300,买盘
328,10:04:33,5.73,0.0,182,104286,买盘
329,10:04:36,5.73,0.0,400,229200,卖盘
330,10:04:42,5.74,0.01,100,57400,买盘
331,10:04:45,5.73,-0.01,40,22920,卖盘
332,10:04:49,5.73,0.0,16,9168,卖盘
333,10:04:52,5.73,0.0,13,7449,卖盘
334,10:04:55,5.74,0.01,50,28663,买盘
335,10:04:57,5.75,0.01,298,171057,买盘
336,10:05:00,5.74,-0.01,10,5740,卖盘
337,10:05:04,5.74,0.0,2,1148,卖盘
338,10:05:06,5.74,0.0,10,5740,卖盘
339,10:05:09,5.74,0.0,11,6314,卖盘
340,10:05:12,5.74,0.0,45,25830,卖盘
341,10:05:22,5.73,-0.01,18,10314,卖盘
342,10:05:25,5.73,0.0,9,5157,卖盘
343,10:05:28,5.73,0.0,5,2865,卖盘
344,10:05:30,5.73,0.0,14,8022,卖盘
345,10:05:33,5.73,0.0,32,18336,卖盘
346,10:05:36,5.73,0.0,35,20055,买盘
347,10:05:39,5.73,0.0,5,2865,卖盘
348,10:05:45,5.73,0.0,27,15471,卖盘
349,10:05:48,5.73,0.0,74,42402,卖盘
350,10:05:54,5.72,-0.01,198,113256,卖盘
351,10:05:57,5.73,0.01,1,573,买盘
352,10:06:00,5.72,-0.01,10,5720,卖盘
353,10:06:04,5.72,0.0,57,32604,卖盘
354,10:06:06,5.73,0.01,100,57300,买盘
355,10:06:10,5.71,-0.02,442,252749,卖盘
356,10:06:18,5.71,0.0,2,1142,卖盘
357,10:06:21,5.71,0.0,4,2284,卖盘
358,10:06:42,5.71,0.0,2,1142,卖盘
359,10:06:52,5.71,0.0,10,5710,卖盘
360,10:07:00,5.71,0.0,21,11991,卖盘
361,10:07:03,5.71,0.0,102,58264,卖盘
362,10:07:06,5.71,0.0,32,18272,卖盘
363,10:07:09,5.72,0.01,210,120120,买盘
364,10:07:13,5.72,0.0,10,5720,卖盘
365,10:07:15,5.72,0.0,13,7436,卖盘
366,10:07:18,5.72,0.0,10,5720,卖盘
367,10:07:21,5.72,0.0,8,4576,卖盘
368,10:07:24,5.72,0.0,32,18304,卖盘
369,10:07:27,5.72,0.0,17,9724,卖盘
370,10:07:33,5.72,0.0,1,572,买盘
371,10:07:39,5.71,-0.01,20,11420,卖盘
372,10:07:42,5.71,0.0,42,24022,卖盘
373,10:08:04,5.71,0.0,44,25124,卖盘
374,10:08:06,5.71,0.0,102,58342,卖盘
375,10:08:25,5.71,0.0,130,74230,卖盘
376,10:08:27,5.71,0.0,3,1713,卖盘
377,10:08:33,5.71,0.0,18,10278,卖盘
378,10:08:39,5.71,0.0,4,2284,卖盘
379,10:08:42,5.71,0.0,179,102209,卖盘
380,10:08:51,5.71,0.0,11,6281,买盘
381,10:08:54,5.7,-0.01,501,285570,卖盘
382,10:09:00,5.71,0.01,300,171300,买盘
383,10:09:04,5.7,-0.01,2,1140,卖盘
384,10:09:06,5.7,0.0,55,31350,卖盘
385,10:09:15,5.71,0.01,15,8565,买盘
386,10:09:33,5.7,-0.01,2,1140,卖盘
387,10:09:37,5.71,0.01,76,43396,买盘
388,10:09:42,5.71,0.0,36,20556,买盘
389,10:09:51,5.7,-0.01,2,1140,卖盘
390,10:09:54,5.7,0.0,20,11400,卖盘
391,10:09:57,5.7,0.0,40,22800,卖盘
392,10:10:01,5.7,0.0,50,28500,卖盘
393,10:10:10,5.7,0.0,74,42180,卖盘
394,10:10:16,5.7,0.0,11,6270,卖盘
395,10:10:18,5.71,0.01,6,3426,买盘
396,10:10:21,5.71,0.0,122,69662,买盘
397,10:10:24,5.71,0.0,47,26837,买盘
398,10:10:27,5.71,0.0,106,60520,买盘
399,10:10:33,5.71,0.0,3,1713,买盘
400,10:10:45,5.71,0.0,10,5710,买盘
401,10:10:49,5.71,0.0,66,37686,买盘
402,10:10:57,5.71,0.0,214,122194,买盘
403,10:11:03,5.72,0.01,7,4004,买盘
404,10:11:06,5.71,-0.01,27,15417,卖盘
405,10:11:10,5.72,0.01,21,12012,买盘
406,10:11:18,5.72,0.0,100,57200,买盘
407,10:11:24,5.72,0.0,71,40612,买盘
408,10:11:33,5.72,0.0,10,5720,买盘
409,10:11:36,5.72,0.0,72,41184,买盘
410,10:11:39,5.72,0.0,10,5720,买盘
411,10:11:42,5.72,0.0,5,2860,买盘
412,10:11:57,5.72,0.0,68,38896,买盘
413,10:12:09,5.72,0.0,3,1716,卖盘
414,10:12:12,5.72,0.0,50,28600,卖盘
415,10:12:15,5.72,0.0,5,2860,卖盘
416,10:12:21,5.73,0.01,30,17190,买盘
417,10:12:30,5.73,0.0,50,28650,买盘
418,10:12:39,5.73,0.0,187,107151,买盘
419,10:12:45,5.72,-0.01,2,1144,卖盘
420,10:12:48,5.73,0.01,50,28650,买盘
421,10:12:51,5.72,-0.01,100,57200,卖盘
422,10:13:04,5.72,0.0,133,76076,卖盘
423,10:13:06,5.71,-0.01,117,66807,卖盘
424,10:13:09,5.72,0.01,10,5720,买盘
425,10:13:18,5.72,0.0,69,39457,买盘
426,10:13:30,5.72,0.0,5,2860,买盘
427,10:13:39,5.72,0.0,229,130888,买盘
428,10:13:45,5.72,0.0,36,20592,买盘
429,10:14:19,5.71,-0.01,5,2855,卖盘
430,10:14:22,5.71,0.0,2,1142,卖盘
431,10:14:42,5.71,0.0,80,45680,卖盘
432,10:14:48,5.71,0.0,50,28550,卖盘
433,10:14:51,5.71,0.0,26,14846,卖盘
434,10:14:54,5.71,0.0,4,2284,卖盘
435,10:15:00,5.71,0.0,10,5710,卖盘
436,10:15:30,5.71,0.0,30,17130,卖盘
437,10:15:33,5.71,0.0,20,11420,卖盘
438,10:15:39,5.71,0.0,2,1142,卖盘
439,10:15:52,5.71,0.0,65,37115,卖盘
440,10:16:09,5.71,0.0,1,571,卖盘
441,10:17:00,5.71,0.0,9,5139,卖盘
442,10:17:13,5.72,0.01,5,2860,买盘
443,10:17:30,5.71,-0.01,76,43416,卖盘
444,10:17:33,5.72,0.01,130,74360,买盘
445,10:17:36,5.72,0.0,13,7436,买盘
446,10:17:45,5.72,0.0,55,31460,买盘
447,10:17:48,5.72,0.0,25,14300,买盘
448,10:17:51,5.72,0.0,32,18304,买盘
449,10:17:55,5.72,0.0,41,23452,卖盘
450,10:17:57,5.73,0.01,33,18900,买盘
451,10:18:04,5.71,-0.02,20,11425,卖盘
452,10:18:09,5.73,0.02,5,2865,买盘
453,10:18:13,5.73,0.0,1,573,买盘
454,10:18:39,5.72,-0.01,1,572,买盘
455,10:18:45,5.73,0.01,61,34953,买盘
456,10:18:54,5.72,-0.01,1,572,卖盘
457,10:19:03,5.72,0.0,30,17160,卖盘
458,10:19:06,5.72,0.0,10,5720,卖盘
459,10:19:09,5.72,0.0,43,24596,卖盘
460,10:19:24,5.72,0.0,50,28600,卖盘
461,10:19:54,5.72,0.0,3,1716,卖盘
462,10:20:04,5.72,0.0,2,1144,卖盘
463,10:20:33,5.72,0.0,16,9152,买盘
464,10:20:45,5.72,0.0,10,5720,买盘
465,10:20:55,5.72,0.0,500,286000,买盘
466,10:20:57,5.71,-0.01,30,17130,卖盘
467,10:21:15,5.71,0.0,13,7426,卖盘
468,10:21:27,5.71,0.0,30,17130,卖盘
469,10:21:57,5.71,0.0,30,17130,卖盘
470,10:22:09,5.71,0.0,44,25144,卖盘
471,10:22:15,5.71,0.0,30,17130,卖盘
472,10:22:18,5.71,0.0,70,39970,卖盘
473,10:22:27,5.71,0.0,38,21698,卖盘
474,10:22:42,5.71,0.0,10,5710,卖盘
475,10:22:45,5.71,0.0,200,114200,卖盘
476,10:22:54,5.71,0.0,10,5710,卖盘
477,10:22:57,5.71,0.0,28,15988,卖盘
478,10:23:13,5.71,0.0,4,2284,买盘
479,10:23:27,5.7,-0.01,30,17100,卖盘
480,10:23:30,5.7,0.0,80,45600,卖盘
481,10:23:33,5.7,0.0,1,570,卖盘
482,10:23:42,5.71,0.01,20,11420,买盘
483,10:23:52,5.7,-0.01,33,18833,卖盘
484,10:23:58,5.7,0.0,30,17100,卖盘
485,10:24:04,5.7,0.0,5,2850,卖盘
486,10:24:09,5.71,0.01,86,49106,买盘
487,10:24:15,5.7,-0.01,387,220590,卖盘
488,10:24:27,5.69,-0.01,30,17070,卖盘
489,10:24:30,5.7,0.01,50,28500,买盘
490,10:24:39,5.7,0.0,67,38190,买盘
491,10:24:54,5.7,0.0,13,7410,卖盘
492,10:24:57,5.7,0.0,12,6840,买盘
493,10:25:07,5.7,0.0,25,14250,买盘
494,10:25:09,5.71,0.01,68,38800,买盘
495,10:25:15,5.71,0.0,11,6281,买盘
496,10:25:28,5.7,-0.01,30,17100,卖盘
497,10:25:43,5.7,0.0,1,570,卖盘
498,10:25:57,5.7,0.0,30,17100,卖盘
499,10:26:09,5.71,0.01,2,1142,买盘
500,10:26:24,5.71,0.0,97,55387,买盘
501,10:26:27,5.7,-0.01,30,17100,卖盘
502,10:26:45,5.71,0.01,2,1142,买盘
503,10:26:54,5.71,0.0,1,571,买盘
504,10:26:57,5.7,-0.01,30,17100,卖盘
505,10:27:12,5.7,0.0,5,2850,卖盘
506,10:27:27,5.7,0.0,30,17100,卖盘
507,10:27:37,5.7,0.0,87,49590,卖盘
508,10:27:51,5.71,0.01,16,9136,买盘
509,10:27:58,5.7,-0.01,30,17100,卖盘
510,10:28:15,5.71,0.01,75,42825,买盘
511,10:28:27,5.7,-0.01,30,17100,卖盘
512,10:28:54,5.71,0.01,50,28550,买盘
513,10:28:57,5.7,-0.01,30,17100,卖盘
514,10:29:18,5.7,0.0,10,5700,卖盘
515,10:29:28,5.7,0.0,30,17100,卖盘
516,10:29:54,5.7,0.0,3,1710,卖盘
517,10:29:57,5.7,0.0,30,17100,卖盘
518,10:30:04,5.7,0.0,5,2850,卖盘
519,10:30:27,5.7,0.0,40,22800,卖盘
520,10:30:33,5.7,0.0,5,2850,卖盘
521,10:30:39,5.71,0.01,112,63952,买盘
522,10:30:42,5.7,-0.01,10,5700,卖盘
523,10:30:48,5.71,0.01,10,5710,买盘
524,10:30:58,5.7,-0.01,30,17100,卖盘
525,10:31:00,5.71,0.01,10,5710,买盘
526,10:31:18,5.71,0.0,4,2284,买盘
527,10:31:27,5.7,-0.01,30,17100,卖盘
528,10:31:58,5.7,0.0,64,36480,卖盘
529,10:32:01,5.71,0.01,3,1713,买盘
530,10:32:15,5.71,0.0,58,33118,买盘
531,10:32:22,5.71,0.0,10,5710,买盘
532,10:32:24,5.7,-0.01,177,100890,卖盘
533,10:32:27,5.7,0.0,30,17100,卖盘
534,10:32:34,5.71,0.01,6,3426,买盘
535,10:32:39,5.7,-0.01,10,5700,卖盘
536,10:32:45,5.71,0.01,55,31405,买盘
537,10:32:52,5.71,0.0,53,30263,买盘
538,10:32:57,5.7,-0.01,30,17100,卖盘
539,10:33:00,5.71,0.01,80,45680,买盘
540,10:33:27,5.7,-0.01,30,17100,卖盘
541,10:33:36,5.71,0.01,10,5710,买盘
542,10:33:39,5.71,0.0,2,1142,买盘
543,10:33:57,5.7,-0.01,30,17100,卖盘
544,10:34:06,5.71,0.01,10,5710,买盘
545,10:34:10,5.71,0.0,20,11420,买盘
546,10:34:13,5.71,0.0,1,571,买盘
547,10:34:27,5.7,-0.01,30,17100,卖盘
548,10:34:30,5.7,0.0,44,25082,卖盘
549,10:34:57,5.7,0.0,330,188100,卖盘
550,10:35:06,5.7,0.0,2,1140,卖盘
551,10:35:12,5.71,0.01,10,5710,买盘
552,10:35:22,5.71,0.0,100,57100,买盘
553,10:35:27,5.7,-0.01,30,17100,卖盘
554,10:35:34,5.71,0.01,7,3997,买盘
555,10:35:57,5.7,-0.01,30,17100,卖盘
556,10:36:00,5.71,0.01,21,11991,买盘
557,10:36:04,5.71,0.0,10,5710,买盘
558,10:36:09,5.7,-0.01,18,10260,卖盘
559,10:36:27,5.7,0.0,30,17100,卖盘
560,10:36:48,5.71,0.01,5,2855,买盘
561,10:36:57,5.7,-0.01,30,17100,卖盘
562,10:37:27,5.7,0.0,30,17100,卖盘
563,10:37:45,5.71,0.01,5,2855,买盘
564,10:37:57,5.7,-0.01,30,17100,卖盘
565,10:38:15,5.7,0.0,6,3420,卖盘
566,10:38:28,5.7,0.0,30,17100,卖盘
567,10:38:33,5.7,0.0,148,84360,卖盘
568,10:38:45,5.7,0.0,20,11400,卖盘
569,10:38:54,5.7,0.0,80,45600,卖盘
570,10:38:58,5.7,0.0,30,17100,卖盘
571,10:39:00,5.7,0.0,200,114000,卖盘
572,10:39:04,5.7,0.0,1,570,卖盘
573,10:39:12,5.7,0.0,59,33630,卖盘
574,10:39:24,5.7,0.0,10,5700,卖盘
575,10:39:27,5.7,0.0,18,10260,卖盘
576,10:39:43,5.7,0.0,3,1710,买盘
577,10:39:46,5.7,0.0,3,1710,买盘
578,10:39:57,5.69,-0.01,75,42675,卖盘
579,10:40:27,5.69,0.0,78,44444,卖盘
580,10:40:57,5.69,0.0,30,17070,卖盘
581,10:41:12,5.7,0.01,17,9690,买盘
582,10:41:21,5.7,0.0,10,5700,卖盘
583,10:41:27,5.69,-0.01,30,17070,卖盘
584,10:41:48,5.69,0.0,20,11380,卖盘
585,10:41:57,5.69,0.0,49,27881,卖盘
586,10:42:21,5.69,0.0,2,1138,卖盘
587,10:42:28,5.69,0.0,30,17070,卖盘
588,10:42:57,5.69,0.0,185,105420,卖盘
589,10:43:00,5.69,0.0,29,16501,卖盘
590,10:43:04,5.69,0.0,5,2845,卖盘
591,10:43:06,5.7,0.01,79,45030,买盘
592,10:43:27,5.7,0.0,30,17100,卖盘
593,10:43:34,5.69,-0.01,315,179235,卖盘
594,10:43:48,5.69,0.0,155,88195,买盘
595,10:43:57,5.68,-0.01,30,17040,卖盘
596,10:44:00,5.68,0.0,1,568,卖盘
597,10:44:09,5.68,0.0,59,33512,卖盘
598,10:44:22,5.68,0.0,40,22720,卖盘
599,10:44:25,5.69,0.01,30,17070,买盘
600,10:44:27,5.69,0.0,26,14794,卖盘
601,10:44:39,5.69,0.0,42,23898,买盘
602,10:44:51,5.69,0.0,23,13087,卖盘
603,10:44:54,5.69,0.0,30,17070,买盘
604,10:44:57,5.68,-0.01,30,17040,卖盘
605,10:45:03,5.69,0.01,20,11380,买盘
606,10:45:06,5.68,-0.01,1,568,卖盘
607,10:45:15,5.69,0.01,52,29588,买盘
608,10:45:27,5.68,-0.01,33,18747,卖盘
609,10:45:33,5.68,0.0,5,2840,卖盘
610,10:45:36,5.68,0.0,1,568,卖盘
611,10:45:57,5.68,0.0,50,28420,卖盘
612,10:46:15,5.68,0.0,30,17040,卖盘
613,10:46:18,5.68,0.0,8,4544,卖盘
614,10:46:27,5.68,0.0,30,17040,卖盘
615,10:46:45,5.68,0.0,5,2844,卖盘
616,10:46:57,5.68,0.0,30,17040,卖盘
617,10:47:27,5.68,0.0,30,17040,卖盘
618,10:47:37,5.69,0.01,8,4552,买盘
619,10:47:57,5.69,0.0,30,17070,卖盘
620,10:48:03,5.69,0.0,2,1138,卖盘
621,10:48:27,5.68,-0.01,30,17040,卖盘
622,10:48:57,5.68,0.0,30,17040,卖盘
623,10:49:00,5.68,0.0,48,27264,卖盘
624,10:49:06,5.68,0.0,11,6248,买盘
625,10:49:12,5.68,0.0,15,8520,买盘
626,10:49:18,5.7,0.02,68,38712,买盘
627,10:49:27,5.67,-0.03,30,17010,卖盘
628,10:49:57,5.67,0.0,30,17010,卖盘
629,10:50:04,5.67,0.0,50,28350,卖盘
630,10:50:12,5.68,0.01,12,6816,卖盘
631,10:50:15,5.68,0.0,2,1136,卖盘
632,10:50:18,5.68,0.0,2,1136,卖盘
633,10:50:21,5.68,0.0,1,568,卖盘
634,10:50:28,5.68,0.0,3,1704,卖盘
635,10:50:39,5.68,0.0,20,11360,买盘
636,10:50:43,5.68,0.0,15,8520,买盘
637,10:50:57,5.68,0.0,10,5680,卖盘
638,10:51:18,5.68,0.0,4,2272,买盘
639,10:51:27,5.67,-0.01,24,13608,卖盘
640,10:51:31,5.67,0.0,6,3402,卖盘
641,10:51:33,5.67,0.0,154,87318,卖盘
642,10:51:42,5.67,0.0,14,7938,买盘
643,10:51:57,5.66,-0.01,98,55536,卖盘
644,10:52:03,5.67,0.01,7,3969,买盘
645,10:52:15,5.67,0.0,50,28350,买盘
646,10:52:27,5.66,-0.01,30,16980,卖盘
647,10:52:36,5.66,0.0,180,101890,卖盘
648,10:52:45,5.67,0.01,37,20979,买盘
649,10:52:48,5.66,-0.01,63,35671,卖盘
650,10:52:57,5.66,0.0,30,16980,卖盘
651,10:53:00,5.66,0.0,13,7358,卖盘
652,10:53:27,5.66,0.0,30,16980,卖盘
653,10:53:39,5.66,0.0,30,16980,卖盘
654,10:53:58,5.66,0.0,30,16980,卖盘
655,10:54:07,5.67,0.01,50,28350,买盘
656,10:54:28,5.66,-0.01,30,16980,卖盘
657,10:54:36,5.67,0.01,9,5103,买盘
658,10:54:45,5.67,0.0,87,49329,买盘
659,10:54:49,5.66,-0.01,354,200477,卖盘
660,10:54:54,5.66,0.0,46,26036,买盘
661,10:54:57,5.66,0.0,30,16980,卖盘
662,10:55:00,5.66,0.0,189,106974,卖盘
663,10:55:15,5.66,0.0,10,5660,买盘
664,10:55:27,5.65,-0.01,30,16950,卖盘
665,10:55:30,5.66,0.01,1,566,买盘
666,10:55:37,5.65,-0.01,700,395694,卖盘
667,10:55:51,5.65,0.0,38,21470,卖盘
668,10:55:57,5.65,0.0,130,73450,卖盘
669,10:56:00,5.65,0.0,100,56500,卖盘
670,10:56:04,5.65,0.0,22,12430,卖盘
671,10:56:06,5.65,0.0,425,240737,卖盘
672,10:56:16,5.65,0.0,7,3955,买盘
673,10:56:24,5.64,-0.01,220,124100,卖盘
674,10:56:27,5.64,0.0,17,9588,卖盘
675,10:56:36,5.64,0.0,267,150338,买盘
676,10:56:39,5.63,-0.01,1,563,卖盘
677,10:56:51,5.63,0.0,4,2252,买盘
678,10:56:57,5.62,-0.01,98,55144,卖盘
679,10:57:00,5.62,0.0,100,56200,卖盘
680,10:57:03,5.63,0.01,335,188386,买盘
681,10:57:13,5.64,0.01,8,4512,买盘
682,10:57:24,5.64,0.0,143,80652,卖盘
683,10:57:28,5.63,-0.01,30,16890,卖盘
684,10:57:30,5.64,0.01,47,26508,买盘
685,10:57:33,5.64,0.0,7,3948,买盘
686,10:57:54,5.64,0.0,4,2256,买盘
687,10:57:57,5.64,0.0,23,12972,卖盘
688,10:58:00,5.64,0.0,7,3948,卖盘
689,10:58:16,5.64,0.0,135,76140,卖盘
690,10:58:18,5.64,0.0,1,564,买盘
691,10:58:22,5.65,0.01,200,112930,买盘
692,10:58:27,5.65,0.0,23,12995,卖盘
693,10:58:30,5.65,0.0,51,28815,卖盘
694,10:58:39,5.65,0.0,1,565,买盘
695,10:58:42,5.65,0.0,25,14125,买盘
696,10:58:45,5.65,0.0,44,24860,卖盘
697,10:58:54,5.65,0.0,5,2825,买盘
698,10:58:57,5.63,-0.02,155,87527,卖盘
699,10:59:00,5.63,0.0,6,3378,卖盘
700,10:59:09,5.65,0.02,100,56460,买盘
701,10:59:21,5.65,0.0,7,3955,买盘
702,10:59:27,5.63,-0.02,23,12949,卖盘
703,10:59:30,5.63,0.0,7,3941,卖盘
704,10:59:36,5.64,0.01,10,5640,买盘
705,10:59:39,5.64,0.0,12,6768,卖盘
706,10:59:58,5.63,-0.01,100,56328,卖盘
707,11:00:01,5.64,0.01,10,5640,买盘
708,11:00:04,5.63,-0.01,53,29866,卖盘
709,11:00:07,5.63,0.0,6,3378,买盘
710,11:00:09,5.63,0.0,58,32614,买盘
711,11:00:13,5.63,0.0,1,563,卖盘
712,11:00:28,5.63,0.0,57,32091,卖盘
713,11:00:33,5.63,0.0,9,5067,买盘
714,11:00:36,5.63,0.0,64,36032,买盘
715,11:00:39,5.64,0.01,36,20304,卖盘
716,11:00:48,5.62,-0.02,100,56200,卖盘
717,11:00:58,5.62,0.0,30,16860,卖盘
718,11:01:00,5.62,0.0,13,7306,卖盘
719,11:01:09,5.63,0.01,100,56300,卖盘
720,11:01:18,5.63,0.0,68,38284,买盘
721,11:01:27,5.62,-0.01,30,16860,卖盘
722,11:01:31,5.62,0.0,20,11240,卖盘
723,11:01:34,5.63,0.01,8,4504,买盘
724,11:01:40,5.63,0.0,80,45040,买盘
725,11:01:48,5.63,0.0,1,563,买盘
726,11:01:58,5.63,0.0,18,10134,卖盘
727,11:02:06,5.64,0.01,46,25932,买盘
728,11:02:09,5.64,0.0,4,2256,卖盘
729,11:02:12,5.64,0.0,20,11280,买盘
730,11:02:18,5.62,-0.02,100,56200,卖盘
731,11:02:27,5.63,0.01,18,10134,卖盘
732,11:02:39,5.63,0.0,2,1126,买盘
733,11:02:52,5.63,0.0,23,12949,买盘
734,11:02:57,5.63,0.0,127,71501,卖盘
735,11:03:09,5.62,-0.01,30,16860,卖盘
736,11:03:12,5.63,0.01,1,563,买盘
737,11:03:24,5.63,0.0,22,12386,买盘
738,11:03:27,5.61,-0.02,523,293545,卖盘
739,11:03:39,5.61,0.0,30,16830,卖盘
740,11:03:48,5.63,0.02,16,9008,买盘
741,11:04:00,5.63,0.0,30,16890,卖盘
742,11:04:06,5.63,0.0,4,2252,卖盘
743,11:04:18,5.61,-0.02,3,1683,卖盘
744,11:04:21,5.63,0.02,13,7319,买盘
745,11:04:27,5.63,0.0,87,48981,卖盘
746,11:04:30,5.62,-0.01,3,1686,卖盘
747,11:04:42,5.63,0.01,43,24209,买盘
748,11:04:45,5.62,-0.01,84,47215,卖盘
749,11:04:51,5.61,-0.01,277,155397,卖盘
750,11:04:54,5.61,0.0,3,1683,买盘
751,11:04:57,5.61,0.0,10,5610,买盘
752,11:05:00,5.6,-0.01,50,28000,卖盘
753,11:05:06,5.61,0.01,10,5610,买盘
754,11:05:09,5.6,-0.01,300,168040,卖盘
755,11:05:18,5.61,0.01,11,6171,买盘
756,11:05:25,5.61,0.0,1,561,卖盘
757,11:05:28,5.61,0.0,25,14025,卖盘
758,11:05:30,5.61,0.0,8,4488,卖盘
759,11:05:34,5.61,0.0,2,1122,卖盘
760,11:05:37,5.6,-0.01,250,140120,卖盘
761,11:05:40,5.6,0.0,3,1680,买盘
762,11:05:43,5.6,0.0,18,10080,买盘
763,11:05:48,5.62,0.02,79,44340,买盘
764,11:05:57,5.6,-0.02,23,12880,卖盘
765,11:06:01,5.6,0.0,7,3920,卖盘
766,11:06:04,5.6,0.0,3,1680,卖盘
767,11:06:19,5.6,0.0,137,76720,卖盘
768,11:06:28,5.59,-0.01,23,12857,卖盘
769,11:06:31,5.59,0.0,7,3913,卖盘
770,11:06:37,5.59,0.0,50,27950,卖盘
771,11:06:43,5.59,0.0,174,97373,卖盘
772,11:06:45,5.58,-0.01,996,555845,卖盘
773,11:06:58,5.59,0.01,31,17329,卖盘
774,11:07:04,5.59,0.0,50,27950,卖盘
775,11:07:06,5.59,0.0,197,110123,卖盘
776,11:07:18,5.59,0.0,10,5590,买盘
777,11:07:21,5.58,-0.01,124,69202,卖盘
778,11:07:24,5.59,0.01,72,40248,买盘
779,11:07:27,5.58,-0.01,30,16740,卖盘
780,11:07:33,5.55,-0.03,1000,555900,卖盘
781,11:07:37,5.59,0.04,47,26273,买盘
782,11:07:39,5.59,0.0,30,16770,卖盘
783,11:07:42,5.59,0.0,1,559,卖盘
784,11:07:46,5.59,0.0,42,23478,卖盘
785,11:07:54,5.59,0.0,8,4472,买盘
786,11:07:57,5.59,0.0,32,17888,卖盘
787,11:08:00,5.59,0.0,6,3354,卖盘
788,11:08:09,5.6,0.01,38,21280,买盘
789,11:08:21,5.6,0.0,14,7840,买盘
790,11:08:28,5.59,-0.01,130,72770,卖盘
791,11:08:30,5.6,0.01,1,560,买盘
792,11:08:39,5.59,-0.01,384,214666,卖盘
793,11:08:54,5.58,-0.01,50,27900,卖盘
794,11:08:57,5.59,0.01,78,43602,买盘
795,11:09:28,5.59,0.0,30,16770,卖盘
796,11:09:37,5.6,0.01,10,5600,买盘
797,11:09:40,5.6,0.0,10,5600,买盘
798,11:10:01,5.59,-0.01,30,16770,卖盘
799,11:10:09,5.6,0.01,1,560,买盘
800,11:10:21,5.6,0.0,61,34160,买盘
801,11:10:24,5.59,-0.01,20,11180,卖盘
802,11:10:30,5.59,0.0,30,16770,卖盘
803,11:10:42,5.59,0.0,12,6708,卖盘
804,11:10:51,5.59,0.0,20,11180,卖盘
805,11:11:00,5.59,0.0,30,16770,卖盘
806,11:11:06,5.6,0.01,150,84000,买盘
807,11:11:09,5.6,0.0,36,20160,买盘
808,11:11:25,5.61,0.01,3,1683,买盘
809,11:11:30,5.61,0.0,22,12342,卖盘
810,11:11:36,5.61,0.0,8,4488,买盘
811,11:11:48,5.61,0.0,10,5610,卖盘
812,11:12:00,5.61,0.0,12,6732,卖盘
813,11:12:04,5.62,0.01,119,66860,买盘
814,11:12:28,5.62,0.0,39,21918,买盘
815,11:12:30,5.6,-0.02,30,16800,卖盘
816,11:12:57,5.6,0.0,24,13440,卖盘
817,11:13:01,5.6,0.0,6,3360,卖盘
818,11:13:27,5.6,0.0,23,12880,卖盘
819,11:13:31,5.6,0.0,7,3920,卖盘
820,11:13:39,5.61,0.01,5,2805,中性盘
821,11:14:01,5.61,0.0,30,16830,卖盘
822,11:14:27,5.62,0.01,100,56200,买盘
823,11:14:30,5.61,-0.01,30,16830,卖盘
824,11:14:34,5.62,0.01,93,52266,买盘
825,11:14:42,5.62,0.0,3,1686,卖盘
826,11:14:57,5.62,0.0,4,2248,卖盘
827,11:15:12,5.62,0.0,26,14612,买盘
828,11:15:24,5.63,0.01,77,43351,买盘
829,11:15:27,5.63,0.0,3,1689,卖盘
830,11:15:36,5.62,-0.01,24,13488,卖盘
831,11:15:45,5.61,-0.01,45,25250,卖盘
832,11:15:57,5.61,0.0,50,28050,卖盘
833,11:16:12,5.62,0.01,150,84300,买盘
834,11:16:27,5.61,-0.01,13,7293,卖盘
835,11:16:33,5.61,0.0,5,2805,买盘
836,11:16:42,5.61,0.0,30,16830,买盘
837,11:16:54,5.61,0.0,16,8976,买盘
838,11:17:00,5.6,-0.01,100,56035,卖盘
839,11:17:27,5.6,0.0,55,30800,卖盘
840,11:18:00,5.59,-0.01,50,27950,卖盘
841,11:18:21,5.59,0.0,18,10241,卖盘
842,11:18:30,5.59,0.0,30,16770,卖盘
843,11:18:36,5.59,0.0,34,19030,卖盘
844,11:18:39,5.59,0.0,49,27212,卖盘
845,11:18:45,5.59,0.0,124,69316,买盘
846,11:18:48,5.59,0.0,7,4092,买盘
847,11:19:00,5.59,0.0,1,559,卖盘
848,11:19:04,5.59,0.0,1,559,买盘
849,11:19:06,5.58,-0.01,371,207034,卖盘
850,11:19:21,5.57,-0.01,5,2785,卖盘
851,11:19:30,5.57,0.0,30,16710,卖盘
852,11:19:36,5.57,0.0,80,44560,卖盘
853,11:19:48,5.55,-0.02,375,208413,卖盘
854,11:20:00,5.56,0.01,30,16690,卖盘
855,11:20:06,5.56,0.0,8,4448,卖盘
856,11:20:09,5.58,0.02,22,12252,买盘
857,11:20:24,5.56,-0.02,17,9452,卖盘
858,11:20:27,5.56,0.0,4,2224,买盘
859,11:20:30,5.55,-0.01,30,16650,卖盘
860,11:20:34,5.56,0.01,5,2780,买盘
861,11:20:45,5.56,0.0,57,31692,卖盘
862,11:20:48,5.56,0.0,43,23908,卖盘
863,11:20:55,5.58,0.02,31,17276,买盘
864,11:20:58,5.56,-0.02,20,11120,卖盘
865,11:21:01,5.56,0.0,30,16680,卖盘
866,11:21:12,5.56,0.0,10,5560,卖盘
867,11:21:28,5.56,0.0,3,1668,卖盘
868,11:21:30,5.56,0.0,30,16680,卖盘
869,11:21:39,5.56,0.0,77,42812,卖盘
870,11:21:46,5.56,0.0,83,46148,卖盘
871,11:21:57,5.56,0.0,23,12788,卖盘
872,11:22:01,5.56,0.0,7,3892,卖盘
873,11:22:21,5.56,0.0,110,61160,卖盘
874,11:22:24,5.56,0.0,1,556,买盘
875,11:22:27,5.55,-0.01,272,151035,卖盘
876,11:22:30,5.56,0.01,6,3336,卖盘
877,11:23:00,5.56,0.0,30,16692,卖盘
878,11:23:27,5.56,0.0,10,5568,卖盘
879,11:23:33,5.57,0.01,7,3899,买盘
880,11:23:48,5.57,0.0,23,12811,买盘
881,11:24:00,5.57,0.0,30,16710,卖盘
882,11:24:04,5.58,0.01,20,11160,买盘
883,11:24:06,5.58,0.0,20,11160,买盘
884,11:24:12,5.58,0.0,40,22320,买盘
885,11:24:27,5.58,0.0,45,25110,买盘
886,11:24:30,5.57,-0.01,30,16710,卖盘
887,11:24:57,5.58,0.01,391,218178,买盘
888,11:25:00,5.57,-0.01,169,94272,卖盘
889,11:25:06,5.58,0.01,22,12288,卖盘
890,11:25:09,5.58,0.0,7,3906,买盘
891,11:25:24,5.58,0.0,50,27900,买盘
892,11:25:30,5.57,-0.01,30,16710,卖盘
893,11:25:45,5.6,0.03,86,48160,买盘
894,11:25:48,5.6,0.0,5,2800,买盘
895,11:26:00,5.57,-0.03,30,16710,卖盘
896,11:26:12,5.59,0.02,2,1118,买盘
897,11:26:30,5.58,-0.01,30,16740,卖盘
898,11:27:01,5.58,0.0,30,16740,卖盘
899,11:27:31,5.58,0.0,30,16760,卖盘
900,11:27:36,5.6,0.02,15,8400,买盘
901,11:27:39,5.6,0.0,1,560,卖盘
902,11:27:57,5.6,0.0,1,560,卖盘
903,11:28:00,5.6,0.0,30,16800,卖盘
904,11:28:03,5.6,0.0,2,1120,卖盘
905,11:28:06,5.6,0.0,2,1120,卖盘
906,11:28:09,5.6,0.0,2,1120,卖盘
907,11:28:12,5.6,0.0,2,1120,卖盘
908,11:28:15,5.6,0.0,2,1120,卖盘
909,11:28:18,5.6,0.0,1,560,卖盘
910,11:28:21,5.61,0.01,11,6170,买盘
911,11:28:24,5.6,-0.01,1,560,卖盘
912,11:28:30,5.6,0.0,16,8960,卖盘
913,11:28:33,5.6,0.0,15,8400,买盘
914,11:28:42,5.6,0.0,13,7280,买盘
915,11:29:00,5.6,0.0,30,16800,卖盘
916,11:29:21,5.62,0.02,96,53881,买盘
917,11:29:24,5.62,0.0,2,1124,卖盘
918,11:29:27,5.62,0.0,15,8430,卖盘
919,11:29:48,5.62,0.0,10,5620,买盘
920,11:30:01,5.61,-0.01,30,16830,卖盘
921,13:00:01,5.61,0.0,78,43758,卖盘
922,13:00:04,5.6,-0.01,354,198275,卖盘
923,13:00:07,5.58,-0.02,309,172543,卖盘
924,13:00:21,5.56,-0.02,400,222753,卖盘
925,13:00:30,5.56,0.0,30,16680,卖盘
926,13:00:48,5.59,0.03,5,2795,买盘
927,13:01:00,5.59,0.0,61,34099,卖盘
928,13:01:30,5.56,-0.03,30,16680,卖盘
929,13:02:00,5.56,0.0,30,16680,卖盘
930,13:02:15,5.56,0.0,1,556,卖盘
931,13:02:21,5.59,0.03,48,26832,买盘
932,13:02:30,5.56,-0.03,30,16680,卖盘
933,13:03:00,5.57,0.01,1,557,卖盘
934,13:03:09,5.57,0.0,20,11140,买盘
935,13:03:27,5.56,-0.01,23,12788,卖盘
936,13:03:30,5.56,0.0,7,3892,卖盘
937,13:03:45,5.57,0.01,9,5013,买盘
938,13:03:57,5.57,0.0,23,12811,卖盘
939,13:04:00,5.57,0.0,7,3899,卖盘
940,13:04:30,5.57,0.0,30,16710,卖盘
941,13:05:00,5.58,0.01,30,16740,卖盘
942,13:05:04,5.58,0.0,1,558,卖盘
943,13:05:06,5.58,0.0,1,558,卖盘
944,13:05:09,5.58,0.0,8,4464,卖盘
945,13:05:30,5.57,-0.01,30,16710,卖盘
946,13:06:00,5.57,0.0,30,16710,卖盘
947,13:06:15,5.58,0.01,13,7254,买盘
948,13:06:19,5.58,0.0,11,6138,卖盘
949,13:06:22,5.58,0.0,5,2790,卖盘
950,13:06:24,5.58,0.0,6,3348,卖盘
951,13:06:27,5.58,0.0,13,7254,卖盘
952,13:06:30,5.58,0.0,53,29574,卖盘
953,13:06:33,5.58,0.0,17,9486,卖盘
954,13:06:36,5.58,0.0,19,10602,卖盘
955,13:06:39,5.58,0.0,13,7254,卖盘
956,13:06:42,5.58,0.0,12,6696,卖盘
957,13:06:45,5.58,0.0,7,3906,卖盘
958,13:06:48,5.58,0.0,10,5580,卖盘
959,13:06:51,5.58,0.0,7,3906,卖盘
960,13:06:54,5.58,0.0,41,22878,卖盘
961,13:06:57,5.58,0.0,2,1116,卖盘
962,13:07:00,5.58,0.0,28,15624,卖盘
963,13:07:30,5.57,-0.01,30,16710,卖盘
964,13:08:01,5.57,0.0,30,16710,卖盘
965,13:08:06,5.57,0.0,105,58485,卖盘
966,13:08:31,5.56,-0.01,30,16680,卖盘
967,13:08:40,5.56,0.0,2,1112,卖盘
968,13:09:00,5.56,0.0,30,16680,卖盘
969,13:09:21,5.56,0.0,337,187372,卖盘
970,13:09:30,5.55,-0.01,30,16650,卖盘
971,13:09:33,5.56,0.01,23,12788,买盘
972,13:09:39,5.55,-0.01,1,555,卖盘
973,13:09:49,5.56,0.01,9,5004,买盘
974,13:10:00,5.55,-0.01,30,16650,卖盘
975,13:10:09,5.55,0.0,53,29415,卖盘
976,13:10:27,5.56,0.01,100,55600,买盘
977,13:10:30,5.55,-0.01,30,16650,卖盘
978,13:10:39,5.56,0.01,80,44480,买盘
979,13:10:42,5.56,0.0,20,11120,买盘
980,13:10:57,5.57,0.01,200,111400,买盘
981,13:11:00,5.57,0.0,30,16710,卖盘
982,13:11:31,5.57,0.0,30,16710,卖盘
983,13:11:36,5.57,0.0,4,2228,卖盘
984,13:11:48,5.57,0.0,30,16710,卖盘
985,13:12:00,5.57,0.0,30,16710,卖盘
986,13:12:15,5.57,0.0,1,557,卖盘
987,13:12:30,5.57,0.0,5,2785,卖盘
988,13:12:39,5.57,0.0,20,11140,买盘
989,13:12:42,5.57,0.0,5,2785,买盘
990,13:12:45,5.55,-0.02,780,432984,卖盘
991,13:13:01,5.54,-0.01,102,56508,卖盘
992,13:13:06,5.55,0.01,100,55500,买盘
993,13:13:18,5.55,0.0,8,4440,买盘
994,13:13:27,5.53,-0.02,600,332240,卖盘
995,13:13:33,5.54,0.01,45,24930,买盘
996,13:13:54,5.54,0.0,270,149580,卖盘
997,13:13:57,5.54,0.0,25,13850,卖盘
998,13:14:00,5.53,-0.01,127,70279,卖盘
999,13:14:24,5.57,0.04,69,38423,买盘
1000,13:14:30,5.57,0.0,30,16710,卖盘
1001,13:14:57,5.57,0.0,1,557,卖盘
1002,13:15:09,5.54,-0.03,15,8319,卖盘
1003,13:15:30,5.54,0.0,30,16620,卖盘
1004,13:15:36,5.54,0.0,1,554,卖盘
1005,13:15:54,5.56,0.02,8,4448,买盘
1006,13:16:00,5.56,0.0,30,16680,卖盘
1007,13:16:06,5.56,0.0,12,6672,卖盘
1008,13:16:13,5.56,0.0,31,17236,买盘
1009,13:16:18,5.56,0.0,7,3892,买盘
1010,13:16:30,5.56,0.0,35,19460,卖盘
1011,13:16:33,5.56,0.0,50,27800,卖盘
1012,13:16:42,5.55,-0.01,15,8333,卖盘
1013,13:17:00,5.57,0.02,94,52298,买盘
1014,13:17:15,5.57,0.0,36,20052,卖盘
1015,13:17:30,5.55,-0.02,30,16650,卖盘
1016,13:17:34,5.57,0.02,10,5570,买盘
1017,13:18:00,5.56,-0.01,20,11120,卖盘
1018,13:18:09,5.56,0.0,11,6116,买盘
1019,13:18:30,5.55,-0.01,30,16650,卖盘
1020,13:18:37,5.55,0.0,14,7770,卖盘
1021,13:18:45,5.56,0.01,159,88404,买盘
1022,13:18:51,5.56,0.0,25,13900,卖盘
1023,13:18:54,5.56,0.0,12,6672,卖盘
1024,13:19:00,5.56,0.0,4,2224,卖盘
1025,13:19:15,5.56,0.0,100,55600,买盘
1026,13:19:24,5.56,0.0,30,16680,买盘
1027,13:19:31,5.55,-0.01,67,37185,卖盘
1028,13:19:45,5.55,0.0,36,19980,买盘
1029,13:20:00,5.55,0.0,30,16650,卖盘
1030,13:20:12,5.56,0.01,1,556,买盘
1031,13:20:19,5.56,0.0,98,54485,买盘
1032,13:20:31,5.56,0.0,6,3336,卖盘
1033,13:20:33,5.56,0.0,10,5560,买盘
1034,13:20:39,5.56,0.0,5,2780,买盘
1035,13:20:58,5.56,0.0,10,5560,买盘
1036,13:21:00,5.56,0.0,30,16680,卖盘
1037,13:21:15,5.56,0.0,60,33360,卖盘
1038,13:21:30,5.55,-0.01,30,16650,卖盘
1039,13:21:39,5.56,0.01,17,9452,买盘
1040,13:21:57,5.56,0.0,50,27800,卖盘
1041,13:22:00,5.56,0.0,30,16680,卖盘
1042,13:22:18,5.55,-0.01,181,100508,卖盘
1043,13:22:30,5.55,0.0,30,16650,卖盘
1044,13:22:48,5.56,0.01,1,556,卖盘
1045,13:23:00,5.56,0.0,30,16680,卖盘
1046,13:23:30,5.56,0.0,30,16680,卖盘
1047,13:23:42,5.56,0.0,1,556,卖盘
1048,13:23:46,5.56,0.0,13,7228,卖盘
1049,13:23:58,5.57,0.01,62,34534,买盘
1050,13:24:01,5.56,-0.01,35,19465,卖盘
1051,13:24:04,5.57,0.01,17,9469,买盘
1052,13:24:06,5.57,0.0,30,16710,买盘
1053,13:24:10,5.57,0.0,69,38433,买盘
1054,13:24:12,5.57,0.0,24,13368,买盘
1055,13:24:16,5.57,0.0,37,20609,买盘
1056,13:24:30,5.57,0.0,30,16710,卖盘
1057,13:24:42,5.58,0.01,49,27342,买盘
1058,13:24:45,5.58,0.0,53,29574,买盘
1059,13:24:48,5.59,0.01,93,51987,买盘
1060,13:24:54,5.59,0.0,8,4472,买盘
1061,13:25:01,5.58,-0.01,30,16740,卖盘
1062,13:25:04,5.59,0.01,8,4472,买盘
1063,13:25:12,5.59,0.0,15,8385,卖盘
1064,13:25:30,5.59,0.0,30,16770,卖盘
1065,13:25:33,5.59,0.0,1,559,卖盘
1066,13:25:36,5.59,0.0,1,559,卖盘
1067,13:25:39,5.59,0.0,1,559,卖盘
1068,13:25:43,5.6,0.01,21,11759,买盘
1069,13:25:45,5.59,-0.01,1,559,卖盘
1070,13:25:48,5.59,0.0,1,559,卖盘
1071,13:25:51,5.59,0.0,1,559,卖盘
1072,13:25:54,5.59,0.0,61,34159,卖盘
1073,13:26:01,5.59,0.0,30,16770,卖盘
1074,13:26:16,5.6,0.01,100,56000,买盘
1075,13:26:24,5.6,0.0,5,2800,买盘
1076,13:26:30,5.59,-0.01,30,16770,卖盘
1077,13:26:33,5.6,0.01,81,45360,买盘
1078,13:26:36,5.6,0.0,19,10640,卖盘
1079,13:26:45,5.6,0.0,2,1120,买盘
1080,13:26:48,5.6,0.0,1,560,卖盘
1081,13:26:51,5.6,0.0,1,560,卖盘
1082,13:26:54,5.6,0.0,1,560,卖盘
1083,13:26:57,5.6,0.0,1,560,卖盘
1084,13:27:00,5.6,0.0,31,17360,卖盘
1085,13:27:04,5.6,0.0,1,560,卖盘
1086,13:27:06,5.6,0.0,1,560,卖盘
1087,13:27:09,5.6,0.0,1,560,卖盘
1088,13:27:12,5.6,0.0,1,560,卖盘
1089,13:27:15,5.6,0.0,1,560,卖盘
1090,13:27:18,5.6,0.0,1,560,卖盘
1091,13:27:22,5.6,0.0,4,2240,卖盘
1092,13:27:27,5.6,0.0,1,560,卖盘
1093,13:27:30,5.6,0.0,130,72900,卖盘
1094,13:28:00,5.59,-0.01,30,16770,卖盘
1095,13:28:12,5.59,0.0,8,4472,卖盘
1096,13:28:24,5.6,0.01,10,5600,买盘
1097,13:28:30,5.59,-0.01,30,16770,卖盘
1098,13:28:46,5.59,0.0,49,27391,卖盘
1099,13:29:00,5.58,-0.01,30,16740,卖盘
1100,13:29:04,5.58,0.0,2,1116,卖盘
1101,13:29:10,5.59,0.01,100,55900,买盘
1102,13:29:19,5.59,0.0,81,45279,买盘
1103,13:29:30,5.59,0.0,30,16770,卖盘
1104,13:30:00,5.59,0.0,30,16770,卖盘
1105,13:30:30,5.59,0.0,30,16770,卖盘
1106,13:30:33,5.59,0.0,5,2795,卖盘
1107,13:30:36,5.59,0.0,3,1677,卖盘
1108,13:30:39,5.59,0.0,3,1677,卖盘
1109,13:30:42,5.59,0.0,107,59863,卖盘
1110,13:30:45,5.59,0.0,2,1118,卖盘
1111,13:30:51,5.59,0.0,1,559,卖盘
1112,13:30:54,5.59,0.0,1,559,卖盘
1113,13:30:57,5.59,0.0,1,559,卖盘
1114,13:31:00,5.59,0.0,31,17329,卖盘
1115,13:31:03,5.59,0.0,1,559,卖盘
1116,13:31:06,5.59,0.0,1,559,卖盘
1117,13:31:09,5.59,0.0,1,559,卖盘
1118,13:31:13,5.59,0.0,1,559,卖盘
1119,13:31:15,5.59,0.0,1,559,卖盘
1120,13:31:18,5.59,0.0,1,559,卖盘
1121,13:31:21,5.59,0.0,1,559,卖盘
1122,13:31:24,5.59,0.0,1,559,卖盘
1123,13:31:27,5.59,0.0,1,559,卖盘
1124,13:31:30,5.59,0.0,31,17329,卖盘
1125,13:31:51,5.6,0.01,10,5600,买盘
1126,13:32:01,5.59,-0.01,30,16770,卖盘
1127,13:32:30,5.59,0.0,30,16770,卖盘
1128,13:32:33,5.6,0.01,4,2240,买盘
1129,13:32:45,5.6,0.0,83,46480,买盘
1130,13:32:48,5.6,0.0,1,560,卖盘
1131,13:32:52,5.59,-0.01,21,11755,卖盘
1132,13:33:01,5.59,0.0,30,16770,卖盘
1133,13:33:31,5.59,0.0,30,16770,卖盘
1134,13:33:34,5.6,0.01,112,62720,买盘
1135,13:33:37,5.6,0.0,1,560,卖盘
1136,13:33:39,5.6,0.0,1,560,卖盘
1137,13:33:57,5.61,0.01,40,22420,买盘
1138,13:34:00,5.6,-0.01,30,16800,卖盘
1139,13:34:15,5.6,0.0,2,1120,卖盘
1140,13:34:24,5.6,0.0,50,28000,卖盘
1141,13:34:30,5.6,0.0,30,16800,卖盘
1142,13:34:33,5.6,0.0,4,2240,卖盘
1143,13:34:48,5.61,0.01,5,2805,买盘
1144,13:34:51,5.6,-0.01,100,56000,卖盘
1145,13:34:57,5.61,0.01,20,11220,买盘
1146,13:35:00,5.6,-0.01,15,8400,卖盘
1147,13:35:24,5.6,0.0,5,2800,买盘
1148,13:35:30,5.59,-0.01,30,16770,卖盘
1149,13:36:00,5.59,0.0,30,16770,卖盘
1150,13:36:12,5.6,0.01,10,5600,买盘
1151,13:36:18,5.6,0.0,1,560,卖盘
1152,13:36:21,5.6,0.0,6,3360,卖盘
1153,13:36:24,5.6,0.0,1,560,卖盘
1154,13:36:28,5.6,0.0,1,560,卖盘
1155,13:36:30,5.6,0.0,31,17360,卖盘
1156,13:36:34,5.6,0.0,1,560,卖盘
1157,13:36:42,5.59,-0.01,38,21242,卖盘
1158,13:36:48,5.59,0.0,12,6708,买盘
1159,13:37:00,5.58,-0.01,30,16740,卖盘
1160,13:37:15,5.61,0.03,3,1683,买盘
1161,13:37:22,5.61,0.0,1,561,买盘
1162,13:37:30,5.59,-0.02,30,16770,卖盘
1163,13:37:42,5.59,0.0,10,5590,卖盘
1164,13:37:45,5.59,0.0,10,5590,卖盘
1165,13:37:48,5.59,0.0,4,2236,卖盘
1166,13:37:52,5.59,0.0,5,2795,卖盘
1167,13:37:55,5.59,0.0,1,559,卖盘
1168,13:37:58,5.59,0.0,1,559,卖盘
1169,13:38:01,5.59,0.0,31,17329,卖盘
1170,13:38:04,5.59,0.0,1,559,卖盘
1171,13:38:07,5.59,0.0,1,559,卖盘
1172,13:38:10,5.59,0.0,1,559,卖盘
1173,13:38:12,5.59,0.0,1,559,卖盘
1174,13:38:15,5.59,0.0,1,559,卖盘
1175,13:38:18,5.59,0.0,1,559,卖盘
1176,13:38:21,5.59,0.0,1,559,卖盘
1177,13:38:24,5.59,0.0,1,559,卖盘
1178,13:38:30,5.58,-0.01,30,16740,卖盘
1179,13:38:48,5.58,0.0,3,1674,卖盘
1180,13:39:00,5.58,0.0,30,16740,卖盘
1181,13:39:15,5.57,-0.01,198,110310,卖盘
1182,13:39:25,5.57,0.0,152,84664,卖盘
1183,13:39:27,5.57,0.0,57,31749,卖盘
1184,13:39:31,5.57,0.0,30,16710,卖盘
1185,13:39:33,5.56,-0.01,99,55107,卖盘
1186,13:39:42,5.56,0.0,56,31136,卖盘
1187,13:39:51,5.59,0.03,181,100667,买盘
1188,13:40:00,5.55,-0.04,30,16650,卖盘
1189,13:40:03,5.54,-0.01,158,87621,卖盘
1190,13:40:09,5.55,0.01,7,3885,买盘
1191,13:40:12,5.55,0.0,248,137414,买盘
1192,13:40:24,5.54,-0.01,170,94180,卖盘
1193,13:40:27,5.54,0.0,4,2216,买盘
1194,13:40:30,5.54,0.0,30,16620,卖盘
1195,13:40:39,5.54,0.0,79,43816,卖盘
1196,13:40:45,5.54,0.0,66,36564,卖盘
1197,13:40:52,5.54,0.0,19,10526,卖盘
1198,13:40:55,5.56,0.02,1,556,买盘
1199,13:40:58,5.54,-0.02,93,51522,卖盘
1200,13:41:01,5.54,0.0,30,16620,卖盘
1201,13:41:06,5.54,0.0,78,43213,卖盘
1202,13:41:15,5.55,0.01,52,28860,卖盘
1203,13:41:28,5.56,0.01,69,38299,买盘
1204,13:41:30,5.55,-0.01,30,16666,卖盘
1205,13:41:36,5.58,0.03,93,51607,买盘
1206,13:41:52,5.55,-0.03,39,21645,卖盘
1207,13:41:54,5.55,0.0,60,33300,卖盘
1208,13:42:00,5.55,0.0,30,16650,卖盘
1209,13:42:06,5.55,0.0,1,555,卖盘
1210,13:42:12,5.58,0.03,49,27342,买盘
1211,13:42:30,5.55,-0.03,30,16650,卖盘
1212,13:43:00,5.56,0.01,30,16680,卖盘
1213,13:43:27,5.56,0.0,42,23352,卖盘
1214,13:43:30,5.56,0.0,30,16680,卖盘
1215,13:43:45,5.57,0.01,50,27850,买盘
1216,13:43:54,5.57,0.0,37,20609,买盘
1217,13:44:00,5.56,-0.01,30,16680,卖盘
1218,13:44:30,5.56,0.0,30,16680,卖盘
1219,13:44:39,5.56,0.0,176,97856,卖盘
1220,13:44:54,5.56,0.0,20,11120,买盘
1221,13:45:00,5.55,-0.01,30,16650,卖盘
1222,13:45:03,5.56,0.01,2,1112,买盘
1223,13:45:06,5.55,-0.01,18,9990,卖盘
1224,13:45:22,5.56,0.01,25,13880,买盘
1225,13:45:27,5.55,-0.01,27,14985,卖盘
1226,13:45:30,5.55,0.0,30,16650,卖盘
1227,13:45:45,5.55,0.0,100,55500,卖盘
1228,13:45:48,5.55,0.0,9,4995,卖盘
1229,13:45:51,5.55,0.0,6,3330,卖盘
1230,13:45:54,5.55,0.0,4,2220,卖盘
1231,13:45:57,5.55,0.0,10,5550,卖盘
1232,13:46:00,5.55,0.0,43,23865,卖盘
1233,13:46:04,5.55,0.0,15,8325,卖盘
1234,13:46:06,5.55,0.0,16,8880,卖盘
1235,13:46:09,5.55,0.0,105,58275,卖盘
1236,13:46:12,5.55,0.0,15,8325,卖盘
1237,13:46:15,5.55,0.0,63,34965,卖盘
1238,13:46:18,5.55,0.0,8,4440,卖盘
1239,13:46:21,5.55,0.0,9,4995,卖盘
1240,13:46:24,5.55,0.0,5,2775,卖盘
1241,13:46:27,5.55,0.0,3,1665,卖盘
1242,13:46:30,5.55,0.0,34,18870,卖盘
1243,13:46:36,5.55,0.0,22,12210,卖盘
1244,13:47:00,5.54,-0.01,45,24945,卖盘
1245,13:47:06,5.55,0.01,30,16650,买盘
1246,13:47:24,5.55,0.0,10,5550,买盘
1247,13:47:30,5.54,-0.01,30,16620,卖盘
1248,13:48:00,5.54,0.0,30,16620,卖盘
1249,13:48:27,5.55,0.01,15,8325,买盘
1250,13:48:33,5.55,0.0,9,4995,买盘
1251,13:48:39,5.55,0.0,15,8325,卖盘
1252,13:48:42,5.55,0.0,1,555,卖盘
1253,13:48:46,5.55,0.0,1,555,卖盘
1254,13:48:48,5.55,0.0,1,555,卖盘
1255,13:48:51,5.55,0.0,87,48285,卖盘
1256,13:48:57,5.54,-0.01,566,313564,卖盘
1257,13:49:04,5.54,0.0,5,2770,买盘
1258,13:49:06,5.54,0.0,2,1108,买盘
1259,13:49:12,5.54,0.0,50,27700,买盘
1260,13:49:15,5.54,0.0,25,13850,买盘
1261,13:49:18,5.54,0.0,1262,697903,买盘
1262,13:49:21,5.54,0.0,11,6093,买盘
1263,13:49:36,5.53,-0.01,93,51496,卖盘
1264,13:49:57,5.53,0.0,1,553,买盘
1265,13:50:04,5.52,-0.01,2,1104,卖盘
1266,13:50:09,5.52,0.0,13,7176,卖盘
1267,13:50:15,5.52,0.0,20,11040,卖盘
1268,13:50:18,5.53,0.01,26,14378,买盘
1269,13:50:24,5.52,-0.01,637,351644,卖盘
1270,13:50:27,5.52,0.0,12,6624,买盘
1271,13:50:42,5.52,0.0,80,44160,买盘
1272,13:50:45,5.52,0.0,30,16560,买盘
1273,13:50:51,5.52,0.0,95,52440,买盘
1274,13:50:54,5.52,0.0,104,57408,买盘
1275,13:50:57,5.52,0.0,4,2208,买盘
1276,13:51:00,5.52,0.0,38,20976,买盘
1277,13:51:04,5.52,0.0,12,6624,买盘
1278,13:51:12,5.52,0.0,18,9936,买盘
1279,13:51:18,5.53,0.01,19,10490,买盘
1280,13:51:27,5.51,-0.02,500,275542,卖盘
1281,13:51:42,5.51,0.0,546,301096,卖盘
1282,13:51:45,5.51,0.0,6,3306,买盘
1283,13:52:36,5.52,0.01,50,27600,卖盘
1284,13:52:51,5.51,-0.01,52,28652,卖盘
1285,13:53:04,5.52,0.01,7,3864,买盘
1286,13:53:09,5.5,-0.02,672,370055,卖盘
1287,13:53:12,5.52,0.02,80,44160,买盘
1288,13:53:15,5.52,0.0,363,200376,买盘
1289,13:53:18,5.52,0.0,5,2760,卖盘
1290,13:53:31,5.53,0.01,20,11060,买盘
1291,13:54:04,5.52,-0.01,90,49751,卖盘
1292,13:54:18,5.52,0.0,42,23204,卖盘
1293,13:54:24,5.52,0.0,50,27600,卖盘
1294,13:54:30,5.52,0.0,186,102692,卖盘
1295,13:56:22,5.53,0.01,1,553,买盘
1296,13:56:30,5.53,0.0,1,553,卖盘
1297,13:56:39,5.55,0.02,20,11100,买盘
1298,13:56:48,5.55,0.0,5,2775,买盘
1299,13:57:33,5.53,-0.02,53,29309,卖盘
1300,13:57:48,5.53,0.0,20,11060,买盘
1301,13:57:57,5.53,0.0,52,28756,买盘
1302,13:58:21,5.55,0.02,3,1665,买盘
1303,13:59:12,5.53,-0.02,5,2765,卖盘
1304,13:59:57,5.54,0.01,1,554,买盘
1305,14:00:45,5.54,0.0,27,14958,买盘
1306,14:00:51,5.52,-0.02,98,54135,卖盘
1307,14:01:12,5.51,-0.01,800,441191,卖盘
1308,14:01:27,5.53,0.02,13,7189,买盘
1309,14:01:31,5.53,0.0,7,3871,买盘
1310,14:01:40,5.54,0.01,58,32132,买盘
1311,14:01:51,5.53,-0.01,1,553,买盘
1312,14:01:54,5.53,0.0,9,4977,买盘
1313,14:02:07,5.53,0.0,46,25440,卖盘
1314,14:02:13,5.53,0.0,35,19355,卖盘
1315,14:02:24,5.55,0.02,2,1110,买盘
1316,14:02:33,5.54,-0.01,10,5540,卖盘
1317,14:02:36,5.56,0.02,506,280760,买盘
1318,14:02:42,5.55,-0.01,20,11100,卖盘
1319,14:03:00,5.56,0.01,30,16680,买盘
1320,14:03:04,5.55,-0.01,35,19425,卖盘
1321,14:03:06,5.55,0.0,73,40515,卖盘
1322,14:03:12,5.56,0.01,20,11120,买盘
1323,14:03:30,5.55,-0.01,55,30583,卖盘
1324,14:03:39,5.57,0.02,10,5570,买盘
1325,14:03:42,5.57,0.0,1,557,卖盘
1326,14:03:45,5.57,0.0,1,557,卖盘
1327,14:03:48,5.57,0.0,2,1115,卖盘
1328,14:03:51,5.58,0.01,31,17297,买盘
1329,14:03:54,5.57,-0.01,1,557,卖盘
1330,14:03:57,5.58,0.01,63,35154,买盘
1331,14:04:00,5.58,0.0,4,2232,卖盘
1332,14:04:04,5.58,0.0,4,2232,卖盘
1333,14:04:06,5.58,0.0,9,5022,卖盘
1334,14:04:09,5.58,0.0,40,22320,卖盘
1335,14:04:12,5.57,-0.01,3,1671,卖盘
1336,14:04:49,5.57,0.0,118,65726,卖盘
1337,14:04:51,5.57,0.0,57,31749,买盘
1338,14:05:45,5.56,-0.01,3,1668,卖盘
1339,14:05:57,5.57,0.01,60,33420,买盘
1340,14:06:06,5.57,0.0,35,19495,卖盘
1341,14:06:12,5.58,0.01,57,31799,买盘
1342,14:06:27,5.58,0.0,3,1674,买盘
1343,14:06:36,5.58,0.0,49,27342,买盘
1344,14:06:45,5.58,0.0,60,33480,买盘
1345,14:06:57,5.57,-0.01,190,105830,卖盘
1346,14:07:27,5.57,0.0,2,1114,卖盘
1347,14:08:03,5.57,0.0,5,2785,卖盘
1348,14:08:12,5.57,0.0,4,2228,卖盘
1349,14:08:24,5.57,0.0,12,6684,卖盘
1350,14:08:33,5.57,0.0,17,9469,卖盘
1351,14:09:09,5.57,0.0,10,5570,卖盘
1352,14:09:15,5.57,0.0,100,55700,卖盘
1353,14:09:42,5.57,0.0,20,11140,卖盘
1354,14:09:58,5.57,0.0,100,55700,卖盘
1355,14:10:18,5.57,0.0,141,78537,卖盘
1356,14:10:27,5.57,0.0,32,17824,买盘
1357,14:10:34,5.57,0.0,63,35091,卖盘
1358,14:10:39,5.57,0.0,55,30635,买盘
1359,14:10:51,5.57,0.0,15,8355,买盘
1360,14:11:18,5.57,0.0,22,12274,卖盘
1361,14:11:30,5.57,0.0,5,2785,卖盘
1362,14:11:40,5.58,0.01,13,7254,买盘
1363,14:11:51,5.58,0.0,67,37386,买盘
1364,14:11:54,5.58,0.0,20,11160,买盘
1365,14:12:21,5.58,0.0,35,19530,买盘
1366,14:12:48,5.58,0.0,50,27900,卖盘
1367,14:12:51,5.58,0.0,18,10044,卖盘
1368,14:12:54,5.58,0.0,1,558,卖盘
1369,14:13:03,5.59,0.01,164,91676,买盘
1370,14:13:06,5.59,0.0,53,29627,买盘
1371,14:13:15,5.59,0.0,20,11180,买盘
1372,14:13:36,5.59,0.0,68,38012,买盘
1373,14:13:39,5.59,0.0,100,55900,买盘
1374,14:13:54,5.59,0.0,11,6149,买盘
1375,14:14:00,5.59,0.0,44,24596,卖盘
1376,14:14:09,5.59,0.0,6,3354,买盘
1377,14:14:12,5.59,0.0,1,559,卖盘
1378,14:14:16,5.59,0.0,1,559,卖盘
1379,14:14:21,5.59,0.0,6,3354,卖盘
1380,14:14:25,5.59,0.0,3,1677,买盘
1381,14:14:36,5.59,0.0,1,559,买盘
1382,14:14:39,5.59,0.0,1,559,卖盘
1383,14:14:42,5.59,0.0,1,559,卖盘
1384,14:14:45,5.59,0.0,1,559,卖盘
1385,14:14:51,5.59,0.0,16,8944,卖盘
1386,14:14:55,5.59,0.0,1,559,卖盘
1387,14:14:57,5.59,0.0,1,559,卖盘
1388,14:15:00,5.59,0.0,1,559,卖盘
1389,14:15:04,5.59,0.0,1,559,卖盘
1390,14:15:06,5.59,0.0,1,559,卖盘
1391,14:15:09,5.59,0.0,5,2795,卖盘
1392,14:15:15,5.6,0.01,50,27972,买盘
1393,14:15:42,5.59,-0.01,59,32981,买盘
1394,14:16:00,5.59,0.0,37,20683,买盘
1395,14:16:09,5.6,0.01,120,67200,买盘
1396,14:16:18,5.6,0.0,4,2240,买盘
1397,14:16:22,5.59,-0.01,10,5590,卖盘
1398,14:16:31,5.59,0.0,30,16770,卖盘
1399,14:16:42,5.59,0.0,28,15652,卖盘
1400,14:16:45,5.59,0.0,142,79378,买盘
1401,14:16:49,5.6,0.01,7,3920,买盘
1402,14:17:12,5.6,0.0,63,35280,买盘
1403,14:17:19,5.6,0.0,50,28000,买盘
1404,14:17:24,5.6,0.0,36,20160,买盘
1405,14:17:27,5.6,0.0,5,2800,买盘
1406,14:17:30,5.6,0.0,9,5040,买盘
1407,14:17:33,5.6,0.0,10,5600,卖盘
1408,14:17:36,5.62,0.02,532,298892,买盘
1409,14:17:49,5.64,0.02,85,47896,买盘
1410,14:17:52,5.64,0.0,64,36091,买盘
1411,14:17:57,5.64,0.0,35,19740,买盘
1412,14:18:06,5.64,0.0,6,3384,卖盘
1413,14:18:09,5.64,0.0,1,564,卖盘
1414,14:18:12,5.64,0.0,56,31584,卖盘
1415,14:18:15,5.64,0.0,9,5076,卖盘
1416,14:18:18,5.64,0.0,8,4512,卖盘
1417,14:18:21,5.64,0.0,59,33276,卖盘
1418,14:18:24,5.64,0.0,26,14664,卖盘
1419,14:18:27,5.64,0.0,4,2256,买盘
1420,14:18:31,5.63,-0.01,1,563,卖盘
1421,14:18:33,5.64,0.01,103,58136,买盘
1422,14:18:48,5.65,0.01,179,100588,买盘
1423,14:18:55,5.65,0.0,53,29945,买盘
1424,14:18:58,5.65,0.0,20,11300,买盘
1425,14:19:06,5.65,0.0,20,11300,买盘
1426,14:19:12,5.64,-0.01,5,2820,中性盘
1427,14:19:30,5.64,0.0,100,56345,买盘
1428,14:19:33,5.63,-0.01,2,1126,中性盘
1429,14:19:36,5.64,0.01,1,564,买盘
1430,14:19:39,5.63,-0.01,12,6756,卖盘
1431,14:19:48,5.64,0.01,169,95316,买盘
1432,14:19:51,5.65,0.01,142,80230,买盘
1433,14:19:54,5.64,-0.01,57,32158,卖盘
1434,14:20:21,5.64,0.0,65,36660,卖盘
1435,14:20:24,5.64,0.0,17,9588,卖盘
1436,14:20:27,5.64,0.0,8,4512,卖盘
1437,14:20:31,5.64,0.0,91,51324,卖盘
1438,14:20:33,5.64,0.0,12,6768,卖盘
1439,14:20:36,5.64,0.0,87,49068,卖盘
1440,14:20:43,5.64,0.0,1,564,卖盘
1441,14:20:45,5.64,0.0,10,5640,卖盘
1442,14:20:48,5.63,-0.01,1,563,卖盘
1443,14:20:54,5.65,0.02,149,84142,买盘
1444,14:20:57,5.64,-0.01,17,9588,买盘
1445,14:21:21,5.64,0.0,80,45120,卖盘
1446,14:21:24,5.64,0.0,31,17484,卖盘
1447,14:21:27,5.64,0.0,18,10152,卖盘
1448,14:21:30,5.64,0.0,53,29892,卖盘
1449,14:21:33,5.65,0.01,25,14120,买盘
1450,14:21:36,5.64,-0.01,46,25944,卖盘
1451,14:21:45,5.64,0.0,14,7896,卖盘
1452,14:21:54,5.65,0.01,154,86924,买盘
1453,14:22:16,5.63,-0.02,3,1689,卖盘
1454,14:22:22,5.65,0.02,55,31075,买盘
1455,14:22:33,5.64,-0.01,10,5640,卖盘
1456,14:22:36,5.63,-0.01,5,2815,卖盘
1457,14:22:45,5.64,0.01,14,7896,买盘
1458,14:22:57,5.65,0.01,149,84142,买盘
1459,14:23:16,5.65,0.0,10,5650,买盘
1460,14:23:24,5.64,-0.01,20,11280,买盘
1461,14:23:34,5.63,-0.01,25,14075,卖盘
1462,14:23:57,5.64,0.01,149,84036,买盘
1463,14:24:04,5.64,0.0,2,1128,买盘
1464,14:24:28,5.64,0.0,165,93060,买盘
1465,14:24:48,5.64,0.0,17,9588,卖盘
1466,14:24:55,5.65,0.01,1,565,买盘
1467,14:25:00,5.65,0.0,149,84185,买盘
1468,14:25:07,5.65,0.0,22,12430,买盘
1469,14:25:12,5.64,-0.01,210,118646,卖盘
1470,14:25:18,5.65,0.01,15,8475,卖盘
1471,14:25:24,5.65,0.0,20,11300,卖盘
1472,14:25:34,5.65,0.0,10,5650,卖盘
1473,14:25:39,5.65,0.0,40,22600,卖盘
1474,14:25:48,5.65,0.0,3,1695,卖盘
1475,14:25:51,5.66,0.01,500,283000,买盘
1476,14:26:00,5.66,0.0,149,84334,买盘
1477,14:26:04,5.66,0.0,83,46978,买盘
1478,14:26:09,5.67,0.01,27,15309,买盘
1479,14:26:16,5.67,0.0,250,141750,买盘
1480,14:26:18,5.67,0.0,13,7371,买盘
1481,14:26:33,5.67,0.0,20,11340,买盘
1482,14:26:39,5.67,0.0,216,122472,买盘
1483,14:26:51,5.68,0.01,220,124960,买盘
1484,14:27:00,5.69,0.01,149,84781,买盘
1485,14:27:06,5.69,0.0,109,62021,买盘
1486,14:27:09,5.7,0.01,50,28482,买盘
1487,14:27:16,5.7,0.0,102,58052,买盘
1488,14:27:19,5.69,-0.01,13,7405,卖盘
1489,14:27:22,5.69,0.0,1,569,买盘
1490,14:27:28,5.68,-0.01,50,28400,卖盘
1491,14:27:31,5.68,0.0,119,67592,卖盘
1492,14:27:33,5.68,0.0,111,63048,卖盘
1493,14:27:37,5.69,0.01,12,6825,买盘
1494,14:27:40,5.67,-0.02,1,567,卖盘
1495,14:27:43,5.67,0.0,1,567,卖盘
1496,14:27:45,5.67,0.0,6,3402,卖盘
1497,14:27:48,5.66,-0.01,11,6226,卖盘
1498,14:27:54,5.66,0.0,31,17546,买盘
1499,14:28:00,5.66,0.0,135,76410,买盘
1500,14:28:04,5.67,0.01,221,125487,买盘
1501,14:28:06,5.68,0.01,57,32376,买盘
1502,14:28:15,5.68,0.0,6,3408,卖盘
1503,14:28:18,5.68,0.0,4,2272,卖盘
1504,14:28:30,5.68,0.0,80,45440,买盘
1505,14:28:43,5.68,0.0,5,2840,买盘
1506,14:28:52,5.68,0.0,10,5680,买盘
1507,14:29:00,5.67,-0.01,27,15309,卖盘
1508,14:29:06,5.68,0.01,150,85127,买盘
1509,14:29:39,5.66,-0.02,50,28300,卖盘
1510,14:29:46,5.66,0.0,100,56600,卖盘
1511,14:29:48,5.67,0.01,100,56700,买盘
1512,14:30:00,5.66,-0.01,50,28300,卖盘
1513,14:30:04,5.66,0.0,2,1132,卖盘
1514,14:30:07,5.68,0.02,149,84517,买盘
1515,14:30:24,5.67,-0.01,45,25515,买盘
1516,14:30:34,5.67,0.0,14,7938,卖盘
1517,14:30:39,5.68,0.01,11,6248,买盘
1518,14:30:45,5.68,0.0,252,143136,买盘
1519,14:30:54,5.68,0.0,3,1704,买盘
1520,14:31:09,5.69,0.01,149,84732,买盘
1521,14:31:19,5.7,0.01,605,344337,买盘
1522,14:31:24,5.69,-0.01,17,9673,卖盘
1523,14:31:28,5.7,0.01,30,17100,买盘
1524,14:31:30,5.69,-0.01,6,3414,卖盘
1525,14:31:33,5.7,0.01,100,57000,买盘
1526,14:31:36,5.7,0.0,100,57000,买盘
1527,14:31:42,5.7,0.0,1160,661200,买盘
1528,14:31:45,5.71,0.01,8,4568,买盘
1529,14:31:49,5.71,0.0,100,57100,买盘
1530,14:31:52,5.7,-0.01,194,110590,卖盘
1531,14:31:58,5.7,0.0,65,37065,卖盘
1532,14:32:00,5.71,0.01,82,46822,买盘
1533,14:32:09,5.71,0.0,158,90218,买盘
1534,14:32:12,5.71,0.0,1,571,买盘
1535,14:32:18,5.71,0.0,38,21698,买盘
1536,14:32:21,5.71,0.0,8,4568,买盘
1537,14:32:24,5.71,0.0,11,6281,买盘
1538,14:32:31,5.71,0.0,33,18843,买盘
1539,14:32:34,5.7,-0.01,25,14250,卖盘
1540,14:32:36,5.7,0.0,242,137940,卖盘
1541,14:32:45,5.7,0.0,52,29640,卖盘
1542,14:32:48,5.7,0.0,54,30780,卖盘
1543,14:32:51,5.7,0.0,15,8550,卖盘
1544,14:32:54,5.7,0.0,4,2280,买盘
1545,14:33:09,5.7,0.0,151,86070,买盘
1546,14:33:12,5.71,0.01,149,84990,买盘
1547,14:33:24,5.7,-0.01,16,9120,买盘
1548,14:33:34,5.7,0.0,124,70680,买盘
1549,14:33:42,5.71,0.01,10,5710,买盘
1550,14:33:48,5.71,0.0,6,3426,买盘
1551,14:33:51,5.71,0.0,50,28550,买盘
1552,14:33:54,5.71,0.0,50,28550,买盘
1553,14:33:57,5.7,-0.01,72,41040,卖盘
1554,14:34:00,5.7,0.0,50,28500,卖盘
1555,14:34:04,5.71,0.01,10,5710,买盘
1556,14:34:07,5.7,-0.01,40,22800,卖盘
1557,14:34:09,5.7,0.0,15,8550,卖盘
1558,14:34:12,5.71,0.01,199,113625,买盘
1559,14:34:42,5.71,0.0,50,28550,买盘
1560,14:34:57,5.71,0.0,4,2284,买盘
1561,14:35:06,5.7,-0.01,20,11400,卖盘
1562,14:35:12,5.71,0.01,149,85039,买盘
1563,14:35:42,5.7,-0.01,61,34770,买盘
1564,14:36:09,5.7,0.0,119,67830,卖盘
1565,14:36:18,5.7,0.0,151,86070,买盘
1566,14:36:51,5.69,-0.01,24,13656,卖盘
1567,14:36:57,5.69,0.0,8,4552,卖盘
1568,14:37:18,5.7,0.01,149,84930,买盘
1569,14:37:33,5.7,0.0,94,53580,买盘
1570,14:37:57,5.7,0.0,5,2850,买盘
1571,14:38:06,5.69,-0.01,223,126887,卖盘
1572,14:38:12,5.69,0.0,20,11380,卖盘
1573,14:38:19,5.7,0.01,149,84930,买盘
1574,14:38:22,5.69,-0.01,10,5690,卖盘
1575,14:38:28,5.7,0.01,5,2850,买盘
1576,14:38:30,5.7,0.0,26,14820,买盘
1577,14:38:33,5.69,-0.01,92,52348,卖盘
1578,14:38:40,5.69,0.0,5,2845,卖盘
1579,14:38:42,5.69,0.0,10,5690,卖盘
1580,14:39:00,5.67,-0.02,20,11340,卖盘
1581,14:39:13,5.69,0.02,50,28402,买盘
1582,14:39:22,5.69,0.0,149,84777,买盘
1583,14:40:00,5.67,-0.02,3,1701,卖盘
1584,14:40:21,5.69,0.02,179,101685,买盘
1585,14:40:42,5.67,-0.02,3,1701,卖盘
1586,14:40:51,5.69,0.02,10,5690,买盘
1587,14:40:55,5.67,-0.02,30,17010,卖盘
1588,14:41:06,5.67,0.0,20,11340,卖盘
1589,14:41:21,5.69,0.02,149,84701,买盘
1590,14:41:24,5.67,-0.02,6,3402,卖盘
1591,14:41:54,5.67,0.0,4,2268,买盘
1592,14:42:04,5.66,-0.01,3,1698,卖盘
1593,14:42:15,5.66,0.0,580,328280,卖盘
1594,14:42:21,5.66,0.0,5,2830,卖盘
1595,14:42:24,5.67,0.01,70,39690,买盘
1596,14:42:30,5.68,0.01,60,34063,买盘
1597,14:42:33,5.68,0.0,19,10792,卖盘
1598,14:43:27,5.68,0.0,51,28960,买盘
1599,14:43:30,5.69,0.01,98,55675,买盘
1600,14:44:25,5.67,-0.02,50,28350,卖盘
1601,14:44:30,5.68,0.01,149,84632,买盘
1602,14:45:04,5.68,0.0,10,5680,买盘
1603,14:45:13,5.68,0.0,336,190848,买盘
1604,14:45:27,5.69,0.01,149,84781,买盘
1605,14:45:42,5.69,0.0,19,10811,买盘
1606,14:45:45,5.68,-0.01,88,49984,卖盘
1607,14:45:54,5.68,0.0,3,1704,买盘
1608,14:45:57,5.68,0.0,2,1136,卖盘
1609,14:46:03,5.67,-0.01,106,60102,卖盘
1610,14:46:15,5.66,-0.01,22,12452,卖盘
1611,14:46:22,5.67,0.01,193,109431,买盘
1612,14:46:27,5.67,0.0,5,2835,卖盘
1613,14:46:33,5.69,0.02,149,84688,买盘
1614,14:46:36,5.67,-0.02,72,40824,卖盘
1615,14:46:39,5.69,0.02,40,22760,买盘
1616,14:46:48,5.67,-0.02,53,30051,卖盘
1617,14:47:06,5.67,0.0,53,30051,卖盘
1618,14:47:12,5.67,0.0,3,1701,卖盘
1619,14:47:15,5.67,0.0,4,2268,卖盘
1620,14:47:30,5.67,0.0,5,2835,卖盘
1621,14:47:33,5.69,0.02,149,84743,买盘
1622,14:47:36,5.67,-0.02,144,81648,卖盘
1623,14:47:45,5.67,0.0,8,4536,买盘
1624,14:47:57,5.67,0.0,38,21546,买盘
1625,14:48:04,5.67,0.0,103,58401,卖盘
1626,14:48:06,5.67,0.0,1,567,卖盘
1627,14:48:15,5.67,0.0,39,22113,卖盘
1628,14:48:24,5.68,0.01,160,90880,买盘
1629,14:48:27,5.67,-0.01,5,2835,卖盘
1630,14:48:36,5.69,0.02,150,85231,买盘
1631,14:48:54,5.67,-0.02,1,567,卖盘
1632,14:49:04,5.67,0.0,65,36855,卖盘
1633,14:49:12,5.67,0.0,11,6237,买盘
1634,14:49:30,5.67,0.0,50,28350,买盘
1635,14:49:36,5.68,0.01,96,54517,买盘
1636,14:49:39,5.68,0.0,64,36352,买盘
1637,14:49:42,5.68,0.0,74,41936,买盘
1638,14:50:18,5.67,-0.01,30,17010,买盘
1639,14:50:36,5.67,0.0,47,26649,买盘
1640,14:50:39,5.68,0.01,125,71000,买盘
1641,14:51:04,5.68,0.0,36,20448,买盘
1642,14:51:09,5.68,0.0,28,15904,买盘
1643,14:51:40,5.67,-0.01,10,5670,卖盘
1644,14:51:57,5.67,0.0,100,56700,卖盘
1645,14:52:06,5.67,0.0,26,14742,卖盘
1646,14:52:12,5.68,0.01,61,34648,买盘
1647,14:52:21,5.67,-0.01,23,13041,卖盘
1648,14:52:36,5.67,0.0,1,567,卖盘
1649,14:52:45,5.67,0.0,35,19845,卖盘
1650,14:52:48,5.67,0.0,50,28350,卖盘
1651,14:52:54,5.67,0.0,2,1134,卖盘
1652,14:52:58,5.67,0.0,3,1701,卖盘
1653,14:53:00,5.67,0.0,100,56700,卖盘
1654,14:53:04,5.67,0.0,46,26082,卖盘
1655,14:53:06,5.67,0.0,10,5670,卖盘
1656,14:53:15,5.66,-0.01,250,141500,卖盘
1657,14:53:22,5.66,0.0,72,40752,卖盘
1658,14:53:34,5.66,0.0,20,11320,卖盘
1659,14:53:45,5.67,0.01,8,4536,买盘
1660,14:53:57,5.66,-0.01,6,3396,卖盘
1661,14:54:10,5.66,0.0,155,87730,买盘
1662,14:54:13,5.66,0.0,10,5660,卖盘
1663,14:54:18,5.66,0.0,21,11886,卖盘
1664,14:54:39,5.66,0.0,30,16980,卖盘
1665,14:54:45,5.66,0.0,1,566,买盘
1666,14:54:57,5.66,0.0,75,42450,买盘
1667,14:55:00,5.66,0.0,40,22640,卖盘
1668,14:55:10,5.66,0.0,39,22074,卖盘
1669,14:55:21,5.66,0.0,25,14150,卖盘
1670,14:55:46,5.66,0.0,10,5660,买盘
1671,14:55:52,5.66,0.0,20,11320,买盘
1672,14:55:54,5.65,-0.01,132,74580,卖盘
1673,14:55:57,5.66,0.01,280,158480,买盘
1674,14:56:01,5.66,0.0,15,8490,买盘
1675,14:56:04,5.65,-0.01,30,16950,卖盘
1676,14:56:12,5.66,0.01,20,11320,买盘
1677,14:56:25,5.66,0.0,33,18678,买盘
1678,14:56:28,5.66,0.0,195,110366,买盘
1679,14:56:31,5.66,0.0,5,2830,卖盘
1680,14:56:37,5.66,0.0,8,4528,卖盘
1681,14:56:40,5.66,0.0,20,11320,卖盘
1682,14:56:45,5.66,0.0,42,23785,卖盘
1683,15:00:04,5.66,0.0,851,481660,卖盘
