,time,price,change,volume,amount,type
0,09:25:04,4.44,0.01,3592,1594848,卖盘
1,09:30:04,4.46,0.02,2152,960844,买盘
2,09:30:07,4.45,-0.01,3070,1368505,卖盘
3,09:30:10,4.46,0.01,526,234358,买盘
4,09:30:13,4.46,0.0,156,69564,买盘
5,09:30:16,4.45,-0.01,1683,750488,卖盘
6,09:30:19,4.47,0.02,477,212986,买盘
7,09:30:22,4.47,0.0,55,24538,买盘
8,09:30:25,4.47,0.0,230,102610,买盘
9,09:30:28,4.48,0.01,63,28176,买盘
10,09:30:31,4.47,-0.01,445,198625,卖盘
11,09:30:34,4.47,0.0,295,131805,买盘
12,09:30:37,4.47,0.0,65,29055,买盘
13,09:30:40,4.47,0.0,210,93820,买盘
14,09:30:43,4.46,-0.01,860,383835,卖盘
15,09:30:46,4.47,0.01,281,125575,买盘
16,09:30:49,4.46,-0.01,1212,539680,卖盘
17,09:30:52,4.45,-0.01,220,98034,卖盘
18,09:30:55,4.46,0.01,325,144945,买盘
19,09:30:58,4.46,0.0,119,53012,买盘
20,09:31:01,4.45,-0.01,1463,651295,卖盘
21,09:31:04,4.45,0.0,237,105465,卖盘
22,09:31:07,4.46,0.01,470,209224,买盘
23,09:31:10,4.46,0.0,1116,496995,买盘
24,09:31:13,4.46,0.0,571,254199,买盘
25,09:31:16,4.45,-0.01,146,64970,卖盘
26,09:31:19,4.45,0.0,250,111250,卖盘
27,09:31:22,4.45,0.0,295,131275,买盘
28,09:31:25,4.46,0.01,284,126344,买盘
29,09:31:28,4.45,-0.01,85,37825,中性盘
30,09:31:31,4.44,-0.01,1619,718884,卖盘
31,09:31:34,4.44,0.0,27,11988,买盘
32,09:31:37,4.44,0.0,429,190476,买盘
33,09:31:40,4.43,-0.01,61,27026,卖盘
34,09:31:43,4.44,0.01,111,49204,买盘
35,09:31:46,4.44,0.0,20,8880,买盘
36,09:31:49,4.43,-0.01,50,22174,卖盘
37,09:31:52,4.43,0.0,378,167756,卖盘
38,09:31:55,4.44,0.01,496,219915,买盘
39,09:31:58,4.43,-0.01,89,39427,卖盘
40,09:32:01,4.43,0.0,84,37212,卖盘
41,09:32:05,4.44,0.01,100,44400,买盘
42,09:32:07,4.43,-0.01,48,21270,卖盘
43,09:32:10,4.43,0.0,584,258795,卖盘
44,09:32:13,4.44,0.01,18,7992,买盘
45,09:32:16,4.43,-0.01,142,62928,卖盘
46,09:32:19,4.43,0.0,67,29726,卖盘
47,09:32:22,4.43,0.0,139,61587,卖盘
48,09:32:25,4.43,0.0,426,189056,卖盘
49,09:32:28,4.44,0.01,45,19980,买盘
50,09:32:30,4.44,0.0,152,67487,买盘
51,09:32:34,4.43,-0.01,233,103219,卖盘
52,09:32:37,4.43,0.0,88,39043,卖盘
53,09:32:40,4.43,0.0,506,224617,卖盘
54,09:32:43,4.46,0.03,2108,938222,买盘
55,09:32:46,4.43,-0.03,29,12847,卖盘
56,09:32:49,4.44,0.01,30,13320,卖盘
57,09:32:52,4.44,0.0,9,3996,卖盘
58,09:32:55,4.44,0.0,57,25308,卖盘
59,09:32:58,4.5,0.06,2851,1278639,买盘
60,09:33:01,4.5,0.0,326,146700,卖盘
61,09:33:04,4.5,0.0,232,104400,卖盘
62,09:33:07,4.51,0.01,211,95032,买盘
63,09:33:10,4.5,-0.01,796,358569,卖盘
64,09:33:13,4.5,0.0,619,278574,卖盘
65,09:33:16,4.49,-0.01,693,311808,卖盘
66,09:33:19,4.49,0.0,116,52148,买盘
67,09:33:22,4.5,0.01,35,15750,买盘
68,09:33:25,4.49,-0.01,20,8990,卖盘
69,09:33:28,4.49,0.0,270,121379,卖盘
70,09:33:31,4.48,-0.01,134,59940,中性盘
71,09:33:34,4.49,0.01,150,67169,买盘
72,09:33:37,4.49,0.0,2689,1207355,买盘
73,09:33:40,4.49,0.0,45,20205,卖盘
74,09:33:43,4.49,0.0,629,282421,卖盘
75,09:33:46,4.49,0.0,192,86293,卖盘
76,09:33:49,4.5,0.01,245,110183,买盘
77,09:33:52,4.49,-0.01,109,48978,卖盘
78,09:33:55,4.49,0.0,14,6286,买盘
79,09:34:01,4.48,-0.01,123,55178,卖盘
80,09:34:04,4.48,0.0,74,33191,买盘
81,09:34:07,4.48,0.0,171,76608,买盘
82,09:34:13,4.48,0.0,134,60087,买盘
83,09:34:16,4.48,0.0,79,35328,买盘
84,09:34:19,4.47,-0.01,389,173954,卖盘
85,09:34:22,4.47,0.0,153,68381,买盘
86,09:34:25,4.47,0.0,9,4023,买盘
87,09:34:28,4.47,0.0,39,17433,买盘
88,09:34:31,4.47,0.0,160,71520,买盘
89,09:34:34,4.48,0.01,141,63043,买盘
90,09:34:37,4.47,-0.01,39,17447,卖盘
91,09:34:40,4.47,0.0,130,58110,卖盘
92,09:34:43,4.48,0.01,267,119429,买盘
93,09:34:46,4.47,-0.01,83,37104,卖盘
94,09:34:49,4.47,0.0,163,72964,卖盘
95,09:34:52,4.47,0.0,72,32236,卖盘
96,09:34:55,4.47,0.0,263,117810,卖盘
97,09:34:58,4.47,0.0,619,276723,卖盘
98,09:35:01,4.47,0.0,148,66156,买盘
99,09:35:04,4.47,0.0,30,13410,买盘
100,09:35:07,4.46,-0.01,86,38432,卖盘
101,09:35:10,4.47,0.01,276,123154,买盘
102,09:35:13,4.46,-0.01,163,72748,卖盘
103,09:35:15,4.46,0.0,452,201517,卖盘
104,09:35:19,4.46,0.0,56,25008,买盘
105,09:35:22,4.46,0.0,84,37509,买盘
106,09:35:25,4.47,0.01,75,33466,买盘
107,09:35:27,4.46,-0.01,141,62986,卖盘
108,09:35:31,4.46,0.0,23,10258,买盘
109,09:35:34,4.47,0.01,13,5804,买盘
110,09:35:37,4.46,-0.01,126,56196,卖盘
111,09:35:40,4.46,0.0,123,54951,卖盘
112,09:35:42,4.47,0.01,66,29461,买盘
113,09:35:46,4.47,0.0,533,238004,买盘
114,09:35:49,4.47,0.0,119,53193,买盘
115,09:35:52,4.47,0.0,2,894,买盘
116,09:35:55,4.47,0.0,174,77778,买盘
117,09:35:58,4.47,0.0,217,96791,买盘
118,09:36:01,4.47,0.0,381,170307,买盘
119,09:36:04,4.47,0.0,33,14751,买盘
120,09:36:06,4.47,0.0,221,98772,买盘
121,09:36:10,4.47,0.0,6,2682,买盘
122,09:36:12,4.48,0.01,510,228127,买盘
123,09:36:16,4.48,0.0,210,94070,买盘
124,09:36:18,4.48,0.0,167,74816,买盘
125,09:36:21,4.48,0.0,384,172022,买盘
126,09:36:25,4.48,0.0,84,37632,买盘
127,09:36:28,4.48,0.0,387,173376,买盘
128,09:36:31,4.47,-0.01,383,171555,卖盘
129,09:36:34,4.48,0.01,133,59583,买盘
130,09:36:36,4.48,0.0,54,24192,买盘
131,09:36:39,4.48,0.0,110,49280,买盘
132,09:36:46,4.48,0.0,38,17024,卖盘
133,09:36:49,4.49,0.01,83,37258,买盘
134,09:36:52,4.49,0.0,102,45751,买盘
135,09:36:55,4.49,0.0,32,14368,买盘
136,09:36:58,4.49,0.0,134,60166,买盘
137,09:37:01,4.49,0.0,166,74529,买盘
138,09:37:04,4.5,0.01,1631,733286,买盘
139,09:37:07,4.5,0.0,147,66150,卖盘
140,09:37:10,4.52,0.02,910,410580,买盘
141,09:37:13,4.51,-0.01,10,4510,卖盘
142,09:37:16,4.52,0.01,43,19436,买盘
143,09:37:19,4.55,0.03,2807,1273646,买盘
144,09:37:22,4.55,0.0,194,88372,卖盘
145,09:37:25,4.56,0.01,562,255892,买盘
146,09:37:27,4.56,0.0,2632,1198926,买盘
147,09:37:30,4.56,0.0,1831,834054,卖盘
148,09:37:33,4.54,-0.02,576,262396,卖盘
149,09:37:37,4.55,0.01,1402,637650,买盘
150,09:37:40,4.55,0.0,465,211560,买盘
151,09:37:43,4.52,-0.03,486,220568,卖盘
152,09:37:46,4.53,0.01,360,163162,中性盘
153,09:37:49,4.54,0.01,454,205673,买盘
154,09:37:51,4.54,0.0,239,108240,买盘
155,09:37:54,4.52,-0.02,235,106476,卖盘
156,09:37:58,4.52,0.0,987,445063,买盘
157,09:38:01,4.52,0.0,403,182148,买盘
158,09:38:04,4.53,0.01,396,179240,买盘
159,09:38:07,4.52,-0.01,426,192555,卖盘
160,09:38:10,4.51,-0.01,893,402340,卖盘
161,09:38:13,4.51,0.0,353,159340,买盘
162,09:38:15,4.51,0.0,68,30668,买盘
163,09:38:19,4.5,-0.01,241,108626,卖盘
164,09:38:22,4.51,0.01,707,318441,买盘
165,09:38:25,4.5,-0.01,373,168387,卖盘
166,09:38:28,4.51,0.01,353,159255,买盘
167,09:38:31,4.51,0.0,273,123105,卖盘
168,09:38:34,4.51,0.0,16,7216,买盘
169,09:38:37,4.51,0.0,491,221571,买盘
170,09:38:40,4.52,0.01,264,119323,买盘
171,09:38:43,4.51,-0.01,267,120665,卖盘
172,09:38:46,4.52,0.01,794,358352,买盘
173,09:38:49,4.52,0.0,1095,494968,买盘
174,09:38:51,4.51,-0.01,116,52316,卖盘
175,09:38:55,4.52,0.01,502,226984,买盘
176,09:38:58,4.52,0.0,170,76898,卖盘
177,09:39:01,4.52,0.0,170,76840,卖盘
178,09:39:05,4.52,0.0,631,285197,卖盘
179,09:39:07,4.52,0.0,182,82264,买盘
180,09:39:10,4.51,-0.01,1118,505076,卖盘
181,09:39:13,4.52,0.01,168,75790,买盘
182,09:39:16,4.49,-0.03,1398,629654,卖盘
183,09:39:19,4.5,0.01,16,7209,中性盘
184,09:39:22,4.51,0.01,42,18942,买盘
185,09:39:25,4.51,0.0,193,87037,买盘
186,09:39:28,4.5,-0.01,250,112533,卖盘
187,09:39:31,4.5,0.0,103,46451,卖盘
188,09:39:34,4.51,0.01,155,69815,买盘
189,09:39:37,4.5,-0.01,391,176203,卖盘
190,09:39:40,4.51,0.01,55,24771,中性盘
191,09:39:43,4.5,-0.01,612,275400,卖盘
192,09:39:46,4.5,0.0,91,40908,买盘
193,09:39:49,4.5,0.0,265,119250,买盘
194,09:39:52,4.5,0.0,12,5400,买盘
195,09:39:55,4.5,0.0,90,40497,买盘
196,09:39:58,4.5,0.0,1421,638078,买盘
197,09:40:00,4.5,0.0,124,55769,买盘
198,09:40:04,4.5,0.0,376,169045,买盘
199,09:40:07,4.5,0.0,25,11230,买盘
200,09:40:10,4.5,0.0,250,112500,买盘
201,09:40:13,4.5,0.0,475,213311,买盘
202,09:40:16,4.5,0.0,185,83232,买盘
203,09:40:19,4.5,0.0,51,22950,买盘
204,09:40:25,4.51,0.01,162,73000,买盘
205,09:40:28,4.51,0.0,162,73010,买盘
206,09:40:31,4.51,0.0,294,132430,买盘
207,09:40:34,4.51,0.0,486,219157,买盘
208,09:40:37,4.52,0.01,9,4068,买盘
209,09:40:40,4.52,0.0,70,31640,买盘
210,09:40:43,4.52,0.0,108,48811,买盘
211,09:40:46,4.51,-0.01,371,167372,卖盘
212,09:40:48,4.52,0.01,214,96728,买盘
213,09:40:52,4.51,-0.01,1034,466462,卖盘
214,09:40:55,4.51,0.0,110,49610,买盘
215,09:40:58,4.51,0.0,303,136603,买盘
216,09:41:01,4.51,0.0,820,369836,买盘
217,09:41:04,4.52,0.01,561,253222,买盘
218,09:41:07,4.51,-0.01,310,139865,卖盘
219,09:41:10,4.52,0.01,203,91558,买盘
220,09:41:13,4.52,0.0,9,4068,买盘
221,09:41:16,4.51,-0.01,341,154094,卖盘
222,09:41:19,4.52,0.01,68,30670,买盘
223,09:41:22,4.51,-0.01,275,124210,卖盘
224,09:41:25,4.51,0.0,366,165140,卖盘
225,09:41:28,4.52,0.01,129,58220,买盘
226,09:41:31,4.52,0.0,1291,583484,买盘
227,09:41:34,4.52,0.0,3275,1481670,卖盘
228,09:41:36,4.51,-0.01,38,17142,卖盘
229,09:41:40,4.52,0.01,83,37516,买盘
230,09:41:43,4.52,0.0,247,111635,买盘
231,09:41:46,4.53,0.01,593,268157,买盘
232,09:41:49,4.52,-0.01,108,48842,卖盘
233,09:41:52,4.52,0.0,8,3616,卖盘
234,09:41:54,4.52,0.0,152,68814,卖盘
235,09:41:57,4.53,0.01,93,42083,买盘
236,09:42:01,4.52,-0.01,288,130274,卖盘
237,09:42:04,4.52,0.0,352,159144,卖盘
238,09:42:07,4.52,0.0,796,359892,卖盘
239,09:42:10,4.52,0.0,260,117625,卖盘
240,09:42:13,4.52,0.0,707,319564,卖盘
241,09:42:15,4.52,0.0,244,110288,卖盘
242,09:42:19,4.52,0.0,833,376563,卖盘
243,09:42:22,4.52,0.0,148,66896,买盘
244,09:42:24,4.52,0.0,407,183640,买盘
245,09:42:28,4.52,0.0,440,198702,买盘
246,09:42:31,4.51,-0.01,702,316607,卖盘
247,09:42:34,4.52,0.01,681,306854,买盘
248,09:42:37,4.5,-0.02,341,153472,卖盘
249,09:42:39,4.5,0.0,445,200348,卖盘
250,09:42:42,4.5,0.0,920,414068,卖盘
251,09:42:46,4.5,0.0,303,136360,卖盘
252,09:42:49,4.49,-0.01,229,102947,卖盘
253,09:42:52,4.49,0.0,122,54818,卖盘
254,09:42:55,4.5,0.01,150,67455,买盘
255,09:42:58,4.49,-0.01,41,18409,卖盘
256,09:43:01,4.5,0.01,931,418944,买盘
257,09:43:04,4.49,-0.01,179,80522,卖盘
258,09:43:07,4.49,0.0,18,8092,卖盘
259,09:43:13,4.5,0.01,48,21595,买盘
260,09:43:16,4.49,-0.01,101,45349,卖盘
261,09:43:19,4.5,0.01,898,403331,买盘
262,09:43:21,4.5,0.0,91,40887,买盘
263,09:43:24,4.5,0.0,63,28344,买盘
264,09:43:28,4.5,0.0,50,22500,买盘
265,09:43:31,4.49,-0.01,83,37345,卖盘
266,09:43:33,4.5,0.01,160,72000,买盘
267,09:43:37,4.5,0.0,620,279000,买盘
268,09:43:40,4.49,-0.01,116,52140,卖盘
269,09:43:43,4.5,0.01,16,7195,买盘
270,09:43:46,4.5,0.0,250,112500,买盘
271,09:43:49,4.5,0.0,169,76050,买盘
272,09:43:52,4.5,0.0,98,44100,买盘
273,09:43:58,4.51,0.01,150,67650,买盘
274,09:44:00,4.51,0.0,84,37880,买盘
275,09:44:06,4.51,0.0,343,154691,买盘
276,09:44:10,4.51,0.0,10,4510,中性盘
277,09:44:13,4.52,0.01,209,94468,买盘
278,09:44:16,4.51,-0.01,14,6314,卖盘
279,09:44:19,4.51,0.0,7,3163,卖盘
280,09:44:22,4.52,0.01,165,74535,买盘
281,09:44:25,4.52,0.0,410,185320,买盘
282,09:44:28,4.52,0.0,57,25731,卖盘
283,09:44:30,4.52,0.0,225,101700,买盘
284,09:44:34,4.52,0.0,36,16272,卖盘
285,09:44:37,4.52,0.0,82,37064,卖盘
286,09:44:40,4.52,0.0,84,37904,买盘
287,09:44:43,4.52,0.0,92,41584,买盘
288,09:44:46,4.51,-0.01,1594,718986,卖盘
289,09:44:49,4.52,0.01,82,37064,买盘
290,09:44:52,4.52,0.0,133,60116,买盘
291,09:44:55,4.52,0.0,283,127782,买盘
292,09:44:58,4.51,-0.01,141,63655,卖盘
293,09:45:01,4.52,0.01,129,58307,买盘
294,09:45:04,4.51,-0.01,427,192587,卖盘
295,09:45:06,4.51,0.0,586,264788,卖盘
296,09:45:09,4.51,0.0,348,157040,卖盘
297,09:45:13,4.51,0.0,15,6765,卖盘
298,09:45:16,4.51,0.0,29,13079,卖盘
299,09:45:18,4.51,0.0,499,225189,卖盘
300,09:45:21,4.51,0.0,47,21197,卖盘
301,09:45:24,4.52,0.01,172,77708,买盘
302,09:45:28,4.52,0.0,1670,753917,买盘
303,09:45:31,4.51,-0.01,22,9920,买盘
304,09:45:33,4.51,0.0,1509,679059,买盘
305,09:45:36,4.51,0.0,33,14883,买盘
306,09:45:40,4.5,-0.01,659,296911,卖盘
307,09:45:43,4.5,0.0,796,358200,买盘
308,09:45:46,4.5,0.0,313,140847,买盘
309,09:45:49,4.5,0.0,7,3150,买盘
310,09:45:52,4.5,0.0,63,28350,买盘
311,09:45:55,4.5,0.0,10,4500,买盘
312,09:45:58,4.49,-0.01,178,79975,卖盘
313,09:46:01,4.5,0.01,34,15276,买盘
314,09:46:04,4.5,0.0,26,11700,买盘
315,09:46:07,4.5,0.0,97,43650,买盘
316,09:46:10,4.49,-0.01,10,4490,卖盘
317,09:46:13,4.5,0.01,67,30150,买盘
318,09:46:16,4.49,-0.01,6,2694,卖盘
319,09:46:19,4.5,0.01,38,17098,买盘
320,09:46:22,4.49,-0.01,131,58829,卖盘
321,09:46:25,4.5,0.01,329,148050,买盘
322,09:46:28,4.5,0.0,58,26100,买盘
323,09:46:34,4.5,0.0,8,3600,卖盘
324,09:46:36,4.5,0.0,3,1350,卖盘
325,09:46:40,4.51,0.01,220,99220,买盘
326,09:46:42,4.5,-0.01,10,4500,卖盘
327,09:46:46,4.51,0.01,1,451,买盘
328,09:46:49,4.5,-0.01,21,9450,卖盘
329,09:46:55,4.51,0.01,334,150614,买盘
330,09:47:00,4.5,-0.01,215,96765,卖盘
331,09:47:04,4.51,0.01,154,69454,买盘
332,09:47:06,4.51,0.0,52,23452,买盘
333,09:47:10,4.51,0.0,36,16236,买盘
334,09:47:13,4.5,-0.01,12,5402,卖盘
335,09:47:15,4.51,0.01,149,67199,买盘
336,09:47:18,4.51,0.0,193,87040,买盘
337,09:47:22,4.5,-0.01,127,57272,卖盘
338,09:47:25,4.51,0.01,19,8569,买盘
339,09:47:27,4.51,0.0,109,49159,买盘
340,09:47:31,4.51,0.0,16,7216,卖盘
341,09:47:34,4.51,0.0,56,25256,买盘
342,09:47:37,4.51,0.0,191,86124,卖盘
343,09:47:40,4.51,0.0,3,1353,中性盘
344,09:47:43,4.51,0.0,29,13099,卖盘
345,09:47:46,4.52,0.01,475,214575,买盘
346,09:47:55,4.52,0.0,170,76801,买盘
347,09:47:57,4.52,0.0,498,225096,买盘
348,09:48:01,4.53,0.01,44,19932,买盘
349,09:48:04,4.51,-0.02,64,28900,卖盘
350,09:48:07,4.52,0.01,10,4520,买盘
351,09:48:13,4.52,0.0,400,180800,买盘
352,09:48:16,4.52,0.0,306,138312,买盘
353,09:48:19,4.52,0.0,218,98536,买盘
354,09:48:22,4.52,0.0,837,378324,买盘
355,09:48:25,4.52,0.0,76,34352,买盘
356,09:48:28,4.52,0.0,122,55144,买盘
357,09:48:30,4.52,0.0,391,176664,买盘
358,09:48:34,4.53,0.01,42,19026,买盘
359,09:48:36,4.52,-0.01,16,7232,卖盘
360,09:48:40,4.52,0.0,27,12204,卖盘
361,09:48:43,4.53,0.01,33,14949,买盘
362,09:48:46,4.53,0.0,29,13124,买盘
363,09:48:49,4.52,-0.01,542,245444,卖盘
364,09:48:52,4.52,0.0,117,52971,卖盘
365,09:48:54,4.53,0.01,31,14043,买盘
366,09:48:58,4.53,0.0,235,106455,买盘
367,09:49:01,4.53,0.0,10,4530,买盘
368,09:49:04,4.53,0.0,108,48924,买盘
369,09:49:07,4.52,-0.01,309,139757,卖盘
370,09:49:09,4.52,0.0,100,45200,卖盘
371,09:49:13,4.53,0.01,127,57431,买盘
372,09:49:16,4.52,-0.01,132,59725,卖盘
373,09:49:19,4.53,0.01,627,283576,买盘
374,09:49:21,4.51,-0.02,60,27102,卖盘
375,09:49:25,4.52,0.01,215,97180,买盘
376,09:49:27,4.52,0.0,596,268814,买盘
377,09:49:31,4.51,-0.01,730,329230,卖盘
378,09:49:34,4.52,0.01,254,114612,买盘
379,09:49:37,4.51,-0.01,84,37884,卖盘
380,09:49:39,4.51,0.0,50,22550,买盘
381,09:49:43,4.51,0.0,463,208813,卖盘
382,09:49:46,4.51,0.0,29,13079,买盘
383,09:49:49,4.51,0.0,10,4510,买盘
384,09:49:52,4.5,-0.01,527,237177,卖盘
385,09:49:55,4.5,0.0,100,45060,卖盘
386,09:49:58,4.5,0.0,44,19800,卖盘
387,09:50:01,4.5,0.0,221,99455,卖盘
388,09:50:04,4.5,0.0,552,248563,卖盘
389,09:50:07,4.5,0.0,381,171511,卖盘
390,09:50:10,4.5,0.0,320,144000,卖盘
391,09:50:12,4.5,0.0,66,29700,买盘
392,09:50:19,4.5,0.0,62,27900,买盘
393,09:50:22,4.5,0.0,49,22050,买盘
394,09:50:25,4.5,0.0,1181,531450,买盘
395,09:50:28,4.5,0.0,129,57942,买盘
396,09:50:31,4.5,0.0,68,30600,买盘
397,09:50:34,4.49,-0.01,59,26518,卖盘
398,09:50:40,4.5,0.01,2,900,卖盘
399,09:50:46,4.5,0.0,150,67500,卖盘
400,09:50:49,4.51,0.01,32,14432,买盘
401,09:50:51,4.5,-0.01,234,105336,卖盘
402,09:50:57,4.5,0.0,76,34250,卖盘
403,09:51:00,4.5,0.0,63,28402,卖盘
404,09:51:04,4.5,0.0,47,21150,卖盘
405,09:51:07,4.51,0.01,227,102154,买盘
406,09:51:10,4.51,0.0,530,239030,买盘
407,09:51:12,4.51,0.0,24,10824,买盘
408,09:51:16,4.51,0.0,74,33374,买盘
409,09:51:19,4.51,0.0,2,902,买盘
410,09:51:22,4.5,-0.01,31,13950,卖盘
411,09:51:25,4.51,0.01,679,306229,买盘
412,09:51:28,4.52,0.01,197,88891,买盘
413,09:51:34,4.51,-0.01,270,121756,买盘
414,09:51:37,4.51,0.0,87,39237,买盘
415,09:51:39,4.51,0.0,189,85239,买盘
416,09:51:43,4.51,0.0,36,16236,买盘
417,09:51:46,4.51,0.0,40,18040,买盘
418,09:51:49,4.51,0.0,165,74400,买盘
419,09:51:52,4.51,0.0,228,102887,买盘
420,09:51:55,4.52,0.01,3,1356,买盘
421,09:52:01,4.52,0.0,78,35256,买盘
422,09:52:04,4.51,-0.01,94,42394,卖盘
423,09:52:06,4.51,0.0,455,205542,卖盘
424,09:52:10,4.52,0.01,42,18984,买盘
425,09:52:12,4.52,0.0,141,63732,买盘
426,09:52:19,4.52,0.0,2,904,买盘
427,09:52:22,4.52,0.0,53,23956,买盘
428,09:52:25,4.52,0.0,14,6328,买盘
429,09:52:28,4.52,0.0,25,11285,买盘
430,09:52:31,4.52,0.0,86,38811,买盘
431,09:52:34,4.52,0.0,17,7684,买盘
432,09:52:40,4.52,0.0,22,9944,买盘
433,09:52:42,4.52,0.0,44,19888,买盘
434,09:52:46,4.51,-0.01,310,140108,卖盘
435,09:52:49,4.52,0.01,60,27120,买盘
436,09:52:52,4.52,0.0,41,18532,买盘
437,09:52:55,4.52,0.0,31,14009,买盘
438,09:52:58,4.52,0.0,67,30284,买盘
439,09:53:01,4.52,0.0,32,14449,买盘
440,09:53:04,4.52,0.0,156,70512,买盘
441,09:53:07,4.51,-0.01,1242,560142,卖盘
442,09:53:10,4.52,0.01,93,42011,买盘
443,09:53:13,4.52,0.0,8,3616,买盘
444,09:53:16,4.52,0.0,16,7232,卖盘
445,09:53:19,4.52,0.0,50,22600,买盘
446,09:53:25,4.51,-0.01,4,1804,卖盘
447,09:53:27,4.51,0.0,167,75343,卖盘
448,09:53:31,4.51,0.0,132,59648,卖盘
449,09:53:34,4.52,0.01,20,9040,买盘
450,09:53:37,4.51,-0.01,69,31119,卖盘
451,09:53:42,4.51,0.0,267,120606,卖盘
452,09:53:46,4.52,0.01,60,27120,买盘
453,09:53:49,4.51,-0.01,28,12648,卖盘
454,09:53:55,4.52,0.01,10,4520,买盘
455,09:53:58,4.52,0.0,2,904,买盘
456,09:54:01,4.51,-0.01,70,31598,卖盘
457,09:54:04,4.51,0.0,215,97108,卖盘
458,09:54:06,4.51,0.0,69,31119,卖盘
459,09:54:10,4.51,0.0,43,19393,卖盘
460,09:54:16,4.52,0.01,10,4520,买盘
461,09:54:19,4.52,0.0,1,452,买盘
462,09:54:22,4.52,0.0,162,73224,买盘
463,09:54:25,4.52,0.0,11,4972,卖盘
464,09:54:27,4.52,0.0,28,12659,卖盘
465,09:54:31,4.52,0.0,302,136520,卖盘
466,09:54:33,4.53,0.01,47,21251,买盘
467,09:54:37,4.52,-0.01,11,4972,卖盘
468,09:54:40,4.52,0.0,41,18532,卖盘
469,09:54:43,4.52,0.0,1098,497160,卖盘
470,09:54:46,4.52,0.0,66,29852,买盘
471,09:54:49,4.52,0.0,73,33009,卖盘
472,09:54:54,4.52,0.0,5,2260,中性盘
473,09:54:58,4.52,0.0,175,79100,买盘
474,09:55:04,4.52,0.0,1,452,买盘
475,09:55:06,4.52,0.0,2,904,买盘
476,09:55:09,4.52,0.0,41,18532,买盘
477,09:55:13,4.52,0.0,145,65540,买盘
478,09:55:15,4.52,0.0,32,14452,买盘
479,09:55:19,4.51,-0.01,89,40139,卖盘
480,09:55:22,4.52,0.01,80,36120,买盘
481,09:55:25,4.51,-0.01,84,37964,卖盘
482,09:55:28,4.51,0.0,192,86724,卖盘
483,09:55:31,4.51,0.0,85,38335,卖盘
484,09:55:34,4.52,0.01,3,1356,买盘
485,09:55:37,4.51,-0.01,160,72160,卖盘
486,09:55:39,4.51,0.0,68,30672,卖盘
487,09:55:42,4.52,0.01,7,3159,买盘
488,09:55:46,4.51,-0.01,292,131692,卖盘
489,09:55:48,4.51,0.0,73,32923,买盘
490,09:55:51,4.51,0.0,100,45100,买盘
491,09:55:55,4.51,0.0,33,14883,买盘
492,09:55:57,4.51,0.0,10,4510,买盘
493,09:56:01,4.51,0.0,85,38335,买盘
494,09:56:04,4.5,-0.01,13,5850,卖盘
495,09:56:07,4.52,0.02,76,34307,买盘
496,09:56:10,4.52,0.0,67,30284,买盘
497,09:56:12,4.52,0.0,56,25276,买盘
498,09:56:15,4.52,0.0,5,2260,买盘
499,09:56:19,4.51,-0.01,150,67750,卖盘
500,09:56:21,4.51,0.0,10,4510,卖盘
501,09:56:28,4.51,0.0,56,25256,卖盘
502,09:56:31,4.52,0.01,54,24358,买盘
503,09:56:33,4.51,-0.01,23,10373,卖盘
504,09:56:36,4.51,0.0,78,35178,卖盘
505,09:56:40,4.51,0.0,10,4510,卖盘
506,09:56:42,4.51,0.0,119,53768,卖盘
507,09:56:46,4.51,0.0,28,12628,卖盘
508,09:56:49,4.52,0.01,2,904,买盘
509,09:56:51,4.51,-0.01,109,49209,卖盘
510,09:56:55,4.52,0.01,42,18943,买盘
511,09:56:58,4.52,0.0,32,14464,买盘
512,09:57:00,4.51,-0.01,4,1804,卖盘
513,09:57:04,4.52,0.01,117,52884,买盘
514,09:57:07,4.51,-0.01,53,23946,卖盘
515,09:57:16,4.51,0.0,15,6765,卖盘
516,09:57:19,4.52,0.01,95,42920,买盘
517,09:57:22,4.51,-0.01,18,8118,卖盘
518,09:57:24,4.52,0.01,21,9492,买盘
519,09:57:27,4.51,-0.01,67,30217,卖盘
520,09:57:31,4.51,0.0,29,13079,卖盘
521,09:57:34,4.51,0.0,40,18040,卖盘
522,09:57:37,4.51,0.0,450,202961,卖盘
523,09:57:40,4.51,0.0,36,16261,卖盘
524,09:57:43,4.51,0.0,818,368918,卖盘
525,09:57:49,4.5,-0.01,44,19831,卖盘
526,09:57:55,4.51,0.01,90,40590,买盘
527,09:57:58,4.51,0.0,7,3157,买盘
528,09:58:01,4.5,-0.01,21,9465,卖盘
529,09:58:04,4.5,0.0,4,1802,卖盘
530,09:58:07,4.5,0.0,35,15750,卖盘
531,09:58:10,4.5,0.0,5,2250,卖盘
532,09:58:13,4.5,0.0,147,66250,卖盘
533,09:58:16,4.51,0.01,27,12177,买盘
534,09:58:19,4.5,-0.01,71,31980,卖盘
535,09:58:22,4.51,0.01,5,2255,买盘
536,09:58:24,4.51,0.0,8,3607,买盘
537,09:58:28,4.5,-0.01,40,18000,卖盘
538,09:58:31,4.5,0.0,129,58079,卖盘
539,09:58:33,4.5,0.0,33,14860,卖盘
540,09:58:36,4.5,0.0,40,18000,卖盘
541,09:58:40,4.5,0.0,1153,518850,卖盘
542,09:58:42,4.5,0.0,82,36900,卖盘
543,09:58:49,4.5,0.0,231,103950,卖盘
544,09:58:52,4.5,0.0,90,40500,卖盘
545,09:58:55,4.5,0.0,12,5400,卖盘
546,09:58:58,4.5,0.0,217,97650,卖盘
547,09:59:01,4.5,0.0,456,205200,卖盘
548,09:59:04,4.5,0.0,217,97650,卖盘
549,09:59:07,4.49,-0.01,93,41757,卖盘
550,09:59:10,4.5,0.01,5,2250,买盘
551,09:59:13,4.49,-0.01,50,22450,卖盘
552,09:59:16,4.5,0.01,88,39562,买盘
553,09:59:19,4.49,-0.01,199,89438,卖盘
554,09:59:22,4.49,0.0,50,22450,卖盘
555,09:59:25,4.5,0.01,8,3600,买盘
556,09:59:28,4.49,-0.01,93,41757,卖盘
557,09:59:34,4.49,0.0,12,5390,卖盘
558,09:59:37,4.5,0.01,102,45803,买盘
559,09:59:39,4.49,-0.01,18,8082,卖盘
560,09:59:43,4.49,0.0,69,30989,卖盘
561,09:59:45,4.49,0.0,61,27389,卖盘
562,09:59:49,4.49,0.0,397,178268,卖盘
563,09:59:52,4.5,0.01,12,5392,买盘
564,09:59:55,4.49,-0.01,11,4939,卖盘
565,09:59:58,4.49,0.0,280,125720,卖盘
566,10:00:01,4.49,0.0,181,81269,卖盘
567,10:00:07,4.49,0.0,287,128863,卖盘
568,10:00:09,4.49,0.0,144,64661,卖盘
569,10:00:13,4.49,0.0,260,116740,卖盘
570,10:00:16,4.49,0.0,24,10776,买盘
571,10:00:19,4.49,0.0,2,898,买盘
572,10:00:22,4.48,-0.01,46,20608,卖盘
573,10:00:25,4.49,0.01,21,9421,买盘
574,10:00:28,4.49,0.0,166,74388,买盘
575,10:00:31,4.49,0.0,495,222255,买盘
576,10:00:34,4.49,0.0,1,449,卖盘
577,10:00:37,4.49,0.0,36,16164,卖盘
578,10:00:39,4.49,0.0,440,197560,卖盘
579,10:00:43,4.49,0.0,52,23348,买盘
580,10:00:49,4.49,0.0,188,84392,卖盘
581,10:00:52,4.49,0.0,32,14368,买盘
582,10:00:55,4.49,0.0,11,4939,卖盘
583,10:00:58,4.49,0.0,66,29684,卖盘
584,10:01:01,4.49,0.0,79,35473,卖盘
585,10:01:07,4.49,0.0,10,4490,卖盘
586,10:01:10,4.5,0.01,110,49393,买盘
587,10:01:13,4.49,-0.01,2,898,卖盘
588,10:01:16,4.49,0.0,40,17960,卖盘
589,10:01:22,4.49,0.0,5,2245,卖盘
590,10:01:28,4.5,0.01,70,31500,买盘
591,10:01:34,4.49,-0.01,119,53431,卖盘
592,10:01:37,4.49,0.0,1,449,卖盘
593,10:01:42,4.5,0.01,15,6750,买盘
594,10:01:46,4.49,-0.01,7,3147,卖盘
595,10:01:49,4.5,0.01,27,12150,买盘
596,10:01:52,4.49,-0.01,71,31880,卖盘
597,10:01:54,4.5,0.01,86,38700,买盘
598,10:01:58,4.5,0.0,10,4500,买盘
599,10:02:01,4.49,-0.01,167,75115,卖盘
600,10:02:04,4.5,0.01,500,225000,买盘
601,10:02:07,4.49,-0.01,73,32779,卖盘
602,10:02:10,4.5,0.01,55,24710,买盘
603,10:02:13,4.5,0.0,294,132295,买盘
604,10:02:16,4.5,0.0,105,47206,买盘
605,10:02:19,4.5,0.0,92,41400,买盘
606,10:02:22,4.49,-0.01,20,8990,卖盘
607,10:02:24,4.5,0.01,73,32850,买盘
608,10:02:27,4.5,0.0,72,32400,买盘
609,10:02:31,4.5,0.0,27,12150,买盘
610,10:02:34,4.5,0.0,27,12150,卖盘
611,10:02:37,4.5,0.0,53,23850,卖盘
612,10:02:45,4.5,0.0,23,10370,卖盘
613,10:02:49,4.5,0.0,31,13950,卖盘
614,10:02:52,4.51,0.01,11,4958,买盘
615,10:02:54,4.51,0.0,37,16687,买盘
616,10:02:57,4.51,0.0,89,40053,买盘
617,10:03:01,4.5,-0.01,200,90000,卖盘
618,10:03:13,4.51,0.01,100,45100,买盘
619,10:03:22,4.51,0.0,27,12170,买盘
620,10:03:28,4.51,0.0,57,25657,买盘
621,10:03:31,4.51,0.0,44,19844,买盘
622,10:03:37,4.51,0.0,5,2255,买盘
623,10:03:40,4.5,-0.01,6,2700,卖盘
624,10:03:45,4.51,0.01,76,34276,买盘
625,10:03:55,4.5,-0.01,47,21183,卖盘
626,10:03:58,4.5,0.0,15,6750,卖盘
627,10:04:01,4.51,0.01,53,23903,买盘
628,10:04:04,4.51,0.0,142,64042,买盘
629,10:04:06,4.51,0.0,1660,748660,买盘
630,10:04:10,4.51,0.0,1,451,卖盘
631,10:04:16,4.51,0.0,5,2255,卖盘
632,10:04:22,4.51,0.0,3,1353,卖盘
633,10:04:25,4.52,0.01,9,4068,买盘
634,10:04:31,4.51,-0.01,30,13530,卖盘
635,10:04:37,4.52,0.01,50,22600,买盘
636,10:04:40,4.51,-0.01,93,41994,卖盘
637,10:04:42,4.51,0.0,103,46461,卖盘
638,10:04:49,4.51,0.0,71,32021,买盘
639,10:04:52,4.51,0.0,70,31570,买盘
640,10:04:55,4.51,0.0,199,89749,买盘
641,10:04:58,4.51,0.0,54,24354,买盘
642,10:05:01,4.51,0.0,30,13530,买盘
643,10:05:04,4.51,0.0,17,7667,买盘
644,10:05:19,4.51,0.0,32,14432,买盘
645,10:05:22,4.51,0.0,80,36080,买盘
646,10:05:25,4.51,0.0,2,902,买盘
647,10:05:28,4.51,0.0,145,65395,买盘
648,10:05:34,4.51,0.0,300,135266,买盘
649,10:05:37,4.5,-0.01,7,3150,卖盘
650,10:05:40,4.51,0.01,35,15785,买盘
651,10:05:43,4.51,0.0,5,2255,买盘
652,10:05:49,4.51,0.0,8,3608,买盘
653,10:05:52,4.51,0.0,147,66297,买盘
654,10:05:58,4.51,0.0,105,47355,卖盘
655,10:06:04,4.51,0.0,1,451,卖盘
656,10:06:06,4.51,0.0,3,1355,卖盘
657,10:06:09,4.51,0.0,79,35680,卖盘
658,10:06:12,4.51,0.0,10,4510,卖盘
659,10:06:16,4.51,0.0,195,87945,卖盘
660,10:06:22,4.51,0.0,785,354035,卖盘
661,10:06:28,4.51,0.0,20,9020,买盘
662,10:06:31,4.51,0.0,9,4059,买盘
663,10:06:34,4.51,0.0,107,48357,卖盘
664,10:06:36,4.52,0.01,10,4520,买盘
665,10:06:40,4.51,-0.01,64,28926,卖盘
666,10:06:52,4.51,0.0,244,110044,卖盘
667,10:06:55,4.52,0.01,36,16256,买盘
668,10:06:58,4.52,0.0,112,50614,买盘
669,10:07:04,4.52,0.0,22,9944,买盘
670,10:07:06,4.52,0.0,5,2260,买盘
671,10:07:10,4.52,0.0,3,1356,买盘
672,10:07:12,4.52,0.0,128,57756,买盘
673,10:07:15,4.51,-0.01,130,58750,卖盘
674,10:07:25,4.51,0.0,116,52316,卖盘
675,10:07:28,4.51,0.0,2,902,买盘
676,10:07:31,4.51,0.0,36,16236,买盘
677,10:07:36,4.51,0.0,67,30217,买盘
678,10:07:40,4.5,-0.01,1,450,卖盘
679,10:07:42,4.51,0.01,22,9902,买盘
680,10:07:45,4.5,-0.01,18,8108,卖盘
681,10:07:49,4.51,0.01,165,74415,买盘
682,10:07:58,4.51,0.0,31,13981,买盘
683,10:08:06,4.51,0.0,5,2255,买盘
684,10:08:09,4.51,0.0,42,18942,买盘
685,10:08:13,4.5,-0.01,69,31062,卖盘
686,10:08:15,4.51,0.01,703,317053,买盘
687,10:08:19,4.51,0.0,46,20723,买盘
688,10:08:22,4.51,0.0,11,4961,买盘
689,10:08:25,4.51,0.0,126,56826,买盘
690,10:08:33,4.51,0.0,195,87945,卖盘
691,10:08:46,4.51,0.0,20,9020,买盘
692,10:08:49,4.51,0.0,24,10824,买盘
693,10:09:01,4.5,-0.01,92,41400,卖盘
694,10:09:06,4.5,0.0,100,45000,卖盘
695,10:09:10,4.51,0.01,335,151085,买盘
696,10:09:15,4.5,-0.01,30,13500,卖盘
697,10:09:34,4.51,0.01,209,94259,买盘
698,10:09:40,4.5,-0.01,35,15750,卖盘
699,10:09:42,4.51,0.01,37,16687,买盘
700,10:09:45,4.51,0.0,54,24354,买盘
701,10:09:48,4.5,-0.01,4,1800,卖盘
702,10:09:58,4.51,0.01,23,10373,买盘
703,10:10:04,4.51,0.0,97,43747,买盘
704,10:10:07,4.51,0.0,9,4059,买盘
705,10:10:10,4.51,0.0,65,29315,买盘
706,10:10:16,4.51,0.0,7,3157,买盘
707,10:10:19,4.5,-0.01,75,33803,卖盘
708,10:10:22,4.51,0.01,6,2706,买盘
709,10:10:25,4.51,0.0,349,157399,买盘
710,10:10:27,4.5,-0.01,171,77050,卖盘
711,10:10:31,4.51,0.01,157,70787,买盘
712,10:10:34,4.51,0.0,91,41018,买盘
713,10:10:36,4.51,0.0,4,1804,卖盘
714,10:10:43,4.51,0.0,13,5863,卖盘
715,10:10:45,4.51,0.0,6,2706,卖盘
716,10:10:51,4.51,0.0,10,4510,卖盘
717,10:10:54,4.51,0.0,36,16236,卖盘
718,10:10:58,4.51,0.0,50,22550,卖盘
719,10:11:00,4.51,0.0,125,56463,卖盘
720,10:11:03,4.51,0.0,10,4510,卖盘
721,10:11:07,4.51,0.0,5,2255,卖盘
722,10:11:09,4.51,0.0,24,10824,卖盘
723,10:11:19,4.51,0.0,94,42394,卖盘
724,10:11:25,4.51,0.0,77,34727,卖盘
725,10:11:28,4.51,0.0,66,29786,卖盘
726,10:11:34,4.51,0.0,21,9477,卖盘
727,10:11:37,4.52,0.01,20,9040,买盘
728,10:11:40,4.51,-0.01,4,1804,卖盘
729,10:11:43,4.52,0.01,66,29816,买盘
730,10:11:49,4.51,-0.01,40,18040,卖盘
731,10:11:51,4.52,0.01,12,5424,买盘
732,10:11:55,4.52,0.0,30,13560,买盘
733,10:11:58,4.52,0.0,4,1808,买盘
734,10:12:00,4.52,0.0,7,3164,买盘
735,10:12:04,4.52,0.0,20,9025,买盘
736,10:12:07,4.52,0.0,449,202948,买盘
737,10:12:10,4.52,0.0,118,53336,买盘
738,10:12:13,4.52,0.0,169,76388,买盘
739,10:12:16,4.52,0.0,388,175376,买盘
740,10:12:19,4.52,0.0,128,57841,买盘
741,10:12:21,4.52,0.0,101,45650,卖盘
742,10:12:24,4.52,0.0,81,36612,买盘
743,10:12:28,4.52,0.0,32,14464,卖盘
744,10:12:31,4.52,0.0,15,6780,买盘
745,10:12:34,4.53,0.01,25,11325,买盘
746,10:12:37,4.52,-0.01,46,20812,卖盘
747,10:12:42,4.53,0.01,207,93574,买盘
748,10:12:46,4.53,0.0,52,23554,买盘
749,10:12:52,4.53,0.0,6,2718,买盘
750,10:12:55,4.53,0.0,70,31698,买盘
751,10:12:58,4.52,-0.01,48,21723,卖盘
752,10:13:01,4.53,0.01,125,56625,买盘
753,10:13:06,4.52,-0.01,39,17666,卖盘
754,10:13:10,4.53,0.01,312,141336,买盘
755,10:13:13,4.53,0.0,10,4530,买盘
756,10:13:16,4.52,-0.01,347,157185,卖盘
757,10:13:19,4.53,0.01,51,23103,买盘
758,10:13:22,4.53,0.0,90,40731,买盘
759,10:13:28,4.53,0.0,88,39864,买盘
760,10:13:30,4.53,0.0,12,5435,买盘
761,10:13:37,4.53,0.0,35,15850,买盘
762,10:13:40,4.53,0.0,3,1359,买盘
763,10:13:43,4.53,0.0,16,7248,买盘
764,10:13:45,4.52,-0.01,36,16302,卖盘
765,10:13:49,4.53,0.01,200,90600,买盘
766,10:13:52,4.53,0.0,200,90560,买盘
767,10:13:55,4.53,0.0,40,18120,买盘
768,10:14:01,4.53,0.0,152,68856,买盘
769,10:14:04,4.53,0.0,16,7248,买盘
770,10:14:10,4.53,0.0,221,100113,买盘
771,10:14:13,4.52,-0.01,88,39841,卖盘
772,10:14:15,4.53,0.01,50,22650,买盘
773,10:14:19,4.53,0.0,205,92865,买盘
774,10:14:21,4.53,0.0,328,148584,买盘
775,10:14:28,4.53,0.0,22,9966,买盘
776,10:14:30,4.53,0.0,85,38505,买盘
777,10:14:33,4.53,0.0,55,24880,买盘
778,10:14:37,4.53,0.0,47,21223,买盘
779,10:14:39,4.53,0.0,101,45753,卖盘
780,10:14:52,4.53,0.0,7,3171,卖盘
781,10:14:58,4.54,0.01,3,1362,买盘
782,10:15:00,4.54,0.0,324,146899,买盘
783,10:15:04,4.54,0.0,1034,469436,买盘
784,10:15:07,4.55,0.01,442,201102,买盘
785,10:15:10,4.55,0.0,20,9100,买盘
786,10:15:13,4.55,0.0,131,59599,买盘
787,10:15:15,4.56,0.01,287,130462,买盘
788,10:15:19,4.56,0.0,3,1368,买盘
789,10:15:25,4.56,0.0,655,298655,买盘
790,10:15:28,4.56,0.0,250,113980,买盘
791,10:15:31,4.56,0.0,26,11856,卖盘
792,10:15:34,4.56,0.0,192,87675,卖盘
793,10:15:36,4.57,0.01,340,155289,买盘
794,10:15:39,4.57,0.0,167,76308,买盘
795,10:15:43,4.57,0.0,570,260490,买盘
796,10:15:45,4.58,0.01,716,327808,买盘
797,10:15:49,4.57,-0.01,168,76892,卖盘
798,10:15:52,4.58,0.01,504,230817,买盘
799,10:15:55,4.59,0.01,619,283523,买盘
800,10:15:58,4.59,0.0,1381,633783,买盘
801,10:16:01,4.59,0.0,267,122490,买盘
802,10:16:04,4.6,0.01,138,63417,买盘
803,10:16:06,4.6,0.0,102,46865,买盘
804,10:16:10,4.6,0.0,818,376155,买盘
805,10:16:13,4.6,0.0,1285,590480,买盘
806,10:16:16,4.6,0.0,524,240941,买盘
807,10:16:19,4.6,0.0,286,131545,买盘
808,10:16:21,4.59,-0.01,785,360943,卖盘
809,10:16:25,4.6,0.01,593,272535,买盘
810,10:16:28,4.58,-0.02,730,335633,卖盘
811,10:16:31,4.59,0.01,294,134946,买盘
812,10:16:34,4.59,0.0,532,243918,买盘
813,10:16:37,4.58,-0.01,217,99386,卖盘
814,10:16:40,4.58,0.0,305,139680,买盘
815,10:16:43,4.57,-0.01,539,246433,卖盘
816,10:16:46,4.57,0.0,630,288282,卖盘
817,10:16:49,4.56,-0.01,551,251232,卖盘
818,10:16:55,4.57,0.01,641,292436,买盘
819,10:16:57,4.56,-0.01,400,182177,卖盘
820,10:17:01,4.56,0.0,279,127161,卖盘
821,10:17:04,4.55,-0.01,80,36458,卖盘
822,10:17:06,4.55,0.0,466,212359,卖盘
823,10:17:10,4.55,0.0,275,125125,卖盘
824,10:17:13,4.55,0.0,260,118300,买盘
825,10:17:16,4.54,-0.01,197,89623,卖盘
826,10:17:19,4.53,-0.01,172,77963,卖盘
827,10:17:22,4.53,0.0,110,50012,卖盘
828,10:17:24,4.55,0.02,157,71385,买盘
829,10:17:28,4.55,0.0,371,168756,买盘
830,10:17:34,4.54,-0.01,215,97800,卖盘
831,10:17:37,4.55,0.01,50,22750,买盘
832,10:17:40,4.55,0.0,40,18200,买盘
833,10:17:43,4.55,0.0,289,131495,买盘
834,10:17:46,4.55,0.0,64,29120,买盘
835,10:17:49,4.55,0.0,60,27300,买盘
836,10:17:52,4.55,0.0,22,10010,买盘
837,10:17:55,4.55,0.0,69,31395,卖盘
838,10:17:58,4.55,0.0,100,45500,卖盘
839,10:18:00,4.55,0.0,182,82860,卖盘
840,10:18:07,4.55,0.0,33,15027,卖盘
841,10:18:10,4.56,0.01,33,15048,买盘
842,10:18:13,4.56,0.0,561,255803,买盘
843,10:18:16,4.56,0.0,169,76988,买盘
844,10:18:19,4.56,0.0,95,43320,买盘
845,10:18:21,4.56,0.0,18,8208,买盘
846,10:18:25,4.55,-0.01,39,17756,卖盘
847,10:18:28,4.56,0.01,15,6830,买盘
848,10:18:31,4.56,0.0,803,366168,买盘
849,10:18:34,4.56,0.0,125,57000,买盘
850,10:18:37,4.56,0.0,345,157320,买盘
851,10:18:40,4.56,0.0,439,200384,买盘
852,10:18:43,4.56,0.0,153,69768,卖盘
853,10:18:45,4.57,0.01,313,142771,买盘
854,10:18:49,4.57,0.0,71,32387,买盘
855,10:18:51,4.56,-0.01,230,104905,卖盘
856,10:18:54,4.56,0.0,112,51072,买盘
857,10:18:58,4.56,0.0,318,145008,买盘
858,10:19:01,4.56,0.0,110,50102,买盘
859,10:19:04,4.55,-0.01,647,294732,卖盘
860,10:19:07,4.56,0.01,655,298140,买盘
861,10:19:10,4.55,-0.01,168,76473,卖盘
862,10:19:13,4.55,0.0,50,22750,买盘
863,10:19:16,4.55,0.0,119,54035,买盘
864,10:19:19,4.55,0.0,190,86450,买盘
865,10:19:22,4.54,-0.01,121,54975,卖盘
866,10:19:25,4.54,0.0,434,197037,卖盘
867,10:19:28,4.54,0.0,10,4540,买盘
868,10:19:33,4.54,0.0,72,32688,买盘
869,10:19:36,4.54,0.0,6,2724,买盘
870,10:19:40,4.54,0.0,59,26786,买盘
871,10:19:43,4.54,0.0,22,9988,买盘
872,10:19:46,4.53,-0.01,36,16308,卖盘
873,10:19:48,4.54,0.01,62,28148,买盘
874,10:19:51,4.53,-0.01,109,49480,卖盘
875,10:19:54,4.54,0.01,50,22700,中性盘
876,10:19:58,4.54,0.0,24,10896,卖盘
877,10:20:01,4.54,0.0,106,48124,买盘
878,10:20:04,4.55,0.01,167,75832,买盘
879,10:20:07,4.54,-0.01,26,11804,卖盘
880,10:20:10,4.54,0.0,13,5902,卖盘
881,10:20:12,4.53,-0.01,31,14055,卖盘
882,10:20:18,4.54,0.01,71,32235,卖盘
883,10:20:22,4.55,0.01,25,11365,买盘
884,10:20:25,4.54,-0.01,85,38590,卖盘
885,10:20:28,4.55,0.01,139,63121,买盘
886,10:20:31,4.54,-0.01,2,908,卖盘
887,10:20:34,4.55,0.01,151,68555,买盘
888,10:20:37,4.55,0.0,84,38220,买盘
889,10:20:40,4.55,0.0,104,47320,买盘
890,10:20:43,4.55,0.0,65,29574,买盘
891,10:20:46,4.55,0.0,204,92620,买盘
892,10:20:52,4.55,0.0,5,2275,买盘
893,10:20:58,4.55,0.0,303,137855,买盘
894,10:21:01,4.55,0.0,10,4550,买盘
895,10:21:04,4.55,0.0,81,36855,买盘
896,10:21:09,4.55,0.0,2,910,买盘
897,10:21:12,4.55,0.0,144,65456,买盘
898,10:21:15,4.55,0.0,5,2275,买盘
899,10:21:19,4.55,0.0,15,6825,买盘
900,10:21:22,4.55,0.0,1,455,买盘
901,10:21:25,4.54,-0.01,440,200090,卖盘
902,10:21:28,4.55,0.01,50,22750,买盘
903,10:21:31,4.55,0.0,15,6825,买盘
904,10:21:36,4.55,0.0,8,3640,买盘
905,10:21:39,4.55,0.0,2,910,买盘
906,10:21:43,4.55,0.0,12,5460,买盘
907,10:21:45,4.54,-0.01,12,5456,卖盘
908,10:21:52,4.55,0.01,60,27300,买盘
909,10:21:54,4.55,0.0,16,7277,买盘
910,10:21:58,4.55,0.0,244,111010,买盘
911,10:22:01,4.54,-0.01,4,1816,卖盘
912,10:22:04,4.55,0.01,12,5460,买盘
913,10:22:07,4.55,0.0,187,85040,买盘
914,10:22:12,4.54,-0.01,54,24569,卖盘
915,10:22:19,4.55,0.01,80,36400,买盘
916,10:22:22,4.54,-0.01,218,98990,卖盘
917,10:22:27,4.54,0.0,5,2270,卖盘
918,10:22:30,4.54,0.0,1,454,卖盘
919,10:22:34,4.54,0.0,109,49486,卖盘
920,10:22:37,4.54,0.0,80,36380,卖盘
921,10:22:40,4.55,0.01,6,2730,买盘
922,10:22:43,4.55,0.0,34,15456,买盘
923,10:22:46,4.54,-0.01,39,17706,卖盘
924,10:22:49,4.55,0.01,95,43225,买盘
925,10:22:51,4.55,0.0,100,45500,买盘
926,10:22:55,4.55,0.0,56,25480,买盘
927,10:23:01,4.54,-0.01,110,49967,卖盘
928,10:23:04,4.55,0.01,444,202020,买盘
929,10:23:07,4.55,0.0,53,24115,买盘
930,10:23:13,4.55,0.0,60,27300,买盘
931,10:23:16,4.54,-0.01,314,142590,卖盘
932,10:23:18,4.54,0.0,27,12263,卖盘
933,10:23:25,4.55,0.01,14,6365,买盘
934,10:23:28,4.55,0.0,159,72287,买盘
935,10:23:31,4.54,-0.01,1,454,卖盘
936,10:23:34,4.54,0.0,56,25430,卖盘
937,10:23:37,4.55,0.01,11,5005,买盘
938,10:23:43,4.55,0.0,80,36400,买盘
939,10:23:46,4.54,-0.01,95,43144,卖盘
940,10:23:52,4.54,0.0,115,52210,卖盘
941,10:23:55,4.54,0.0,694,315076,卖盘
942,10:23:57,4.54,0.0,56,25424,卖盘
943,10:24:00,4.54,0.0,1150,522100,卖盘
944,10:24:04,4.53,-0.01,1495,677235,卖盘
945,10:24:10,4.53,0.0,596,270428,卖盘
946,10:24:12,4.54,0.01,64,29042,买盘
947,10:24:16,4.53,-0.01,183,82967,卖盘
948,10:24:22,4.52,-0.01,11,4972,卖盘
949,10:24:31,4.52,0.0,142,64308,卖盘
950,10:24:33,4.52,0.0,2,904,卖盘
951,10:24:40,4.52,0.0,105,47460,卖盘
952,10:24:42,4.52,0.0,13,5876,卖盘
953,10:24:49,4.53,0.01,123,55719,买盘
954,10:24:52,4.52,-0.01,5,2260,卖盘
955,10:24:55,4.53,0.01,20,9060,买盘
956,10:24:58,4.53,0.0,33,14949,买盘
957,10:25:04,4.53,0.0,3,1359,买盘
958,10:25:06,4.53,0.0,30,13590,买盘
959,10:25:19,4.53,0.0,36,16308,买盘
960,10:25:22,4.52,-0.01,4,1808,卖盘
961,10:25:27,4.52,0.0,49,22148,卖盘
962,10:25:34,4.52,0.0,200,90400,卖盘
963,10:25:36,4.52,0.0,10,4520,卖盘
964,10:25:43,4.53,0.01,115,52095,买盘
965,10:25:45,4.53,0.0,21,9513,买盘
966,10:25:52,4.53,0.0,2,906,买盘
967,10:26:00,4.53,0.0,80,36240,买盘
968,10:26:04,4.52,-0.01,100,45200,卖盘
969,10:26:07,4.53,0.01,199,89992,买盘
970,10:26:10,4.53,0.0,10,4530,买盘
971,10:26:16,4.53,0.0,21,9513,买盘
972,10:26:19,4.52,-0.01,120,54260,卖盘
973,10:26:28,4.52,0.0,114,51542,卖盘
974,10:26:31,4.53,0.01,45,20385,买盘
975,10:26:34,4.52,-0.01,23,10396,卖盘
976,10:26:40,4.53,0.01,306,138323,买盘
977,10:26:43,4.53,0.0,15,6795,买盘
978,10:26:46,4.53,0.0,100,45300,买盘
979,10:26:49,4.53,0.0,10,4530,买盘
980,10:26:52,4.52,-0.01,104,47012,卖盘
981,10:26:55,4.53,0.01,30,13590,买盘
982,10:27:01,4.52,-0.01,29,13112,卖盘
983,10:27:04,4.53,0.01,217,98276,买盘
984,10:27:07,4.53,0.0,168,76104,买盘
985,10:27:13,4.53,0.0,59,26727,买盘
986,10:27:16,4.53,0.0,50,22650,买盘
987,10:27:18,4.53,0.0,59,26727,买盘
988,10:27:21,4.52,-0.01,15,6780,卖盘
989,10:27:25,4.52,0.0,38,17209,卖盘
990,10:27:28,4.53,0.01,112,50736,买盘
991,10:27:30,4.53,0.0,133,60249,买盘
992,10:27:33,4.52,-0.01,8,3616,卖盘
993,10:27:37,4.52,0.0,5,2260,卖盘
994,10:27:39,4.53,0.01,10,4530,买盘
995,10:27:43,4.53,0.0,104,47112,买盘
996,10:27:46,4.52,-0.01,32,14464,卖盘
997,10:27:49,4.53,0.01,71,32095,买盘
998,10:28:04,4.53,0.0,20,9060,卖盘
999,10:28:10,4.53,0.0,20,9060,卖盘
1000,10:28:13,4.53,0.0,38,17244,卖盘
1001,10:28:19,4.54,0.01,3,1362,买盘
1002,10:28:22,4.53,-0.01,44,19932,卖盘
1003,10:28:25,4.53,0.0,230,104190,卖盘
1004,10:28:28,4.53,0.0,13,5889,卖盘
1005,10:28:30,4.54,0.01,2,908,买盘
1006,10:28:33,4.54,0.0,75,33980,买盘
1007,10:28:37,4.53,-0.01,3,1359,卖盘
1008,10:28:40,4.53,0.0,43,19501,卖盘
1009,10:28:43,4.53,0.0,161,73033,卖盘
1010,10:28:46,4.53,0.0,41,18667,卖盘
1011,10:28:49,4.53,0.0,11,4983,买盘
1012,10:29:06,4.53,0.0,50,22650,买盘
1013,10:29:12,4.52,-0.01,50,22600,卖盘
1014,10:29:19,4.53,0.01,42,19026,买盘
1015,10:29:21,4.52,-0.01,40,18080,卖盘
1016,10:29:27,4.53,0.01,7,3171,买盘
1017,10:29:37,4.52,-0.01,31,14012,卖盘
1018,10:29:40,4.53,0.01,20,9060,买盘
1019,10:29:42,4.52,-0.01,10,4520,卖盘
1020,10:29:46,4.53,0.01,205,92865,买盘
1021,10:29:58,4.53,0.0,20,9060,买盘
1022,10:30:00,4.53,0.0,4,1812,买盘
1023,10:30:04,4.52,-0.01,53,23959,卖盘
1024,10:30:10,4.53,0.01,60,27180,买盘
1025,10:30:12,4.52,-0.01,40,18080,卖盘
1026,10:30:19,4.53,0.01,4,1812,买盘
1027,10:30:34,4.52,-0.01,30,13560,卖盘
1028,10:30:37,4.52,0.0,81,36612,卖盘
1029,10:30:46,4.53,0.01,1,453,买盘
1030,10:30:49,4.52,-0.01,5,2260,卖盘
1031,10:30:55,4.53,0.01,17,7701,买盘
1032,10:31:15,4.53,0.0,26,11763,买盘
1033,10:31:18,4.53,0.0,26,11778,买盘
1034,10:31:25,4.52,-0.01,3,1356,卖盘
1035,10:31:30,4.52,0.0,45,20340,卖盘
1036,10:31:33,4.52,0.0,41,18532,卖盘
1037,10:31:36,4.53,0.01,240,108720,买盘
1038,10:31:52,4.53,0.0,23,10419,买盘
1039,10:31:55,4.53,0.0,50,22650,买盘
1040,10:31:58,4.53,0.0,67,30299,买盘
1041,10:32:10,4.53,0.0,4,1812,买盘
1042,10:32:16,4.53,0.0,4,1812,买盘
1043,10:32:18,4.53,0.0,25,11325,买盘
1044,10:32:28,4.53,0.0,18,8152,买盘
1045,10:32:31,4.52,-0.01,200,90400,卖盘
1046,10:32:33,4.53,0.01,120,54360,买盘
1047,10:32:36,4.52,-0.01,191,86486,卖盘
1048,10:32:43,4.52,0.0,40,18080,卖盘
1049,10:32:46,4.52,0.0,202,91304,卖盘
1050,10:32:51,4.52,0.0,177,80004,卖盘
1051,10:32:55,4.52,0.0,16,7232,卖盘
1052,10:32:58,4.52,0.0,120,54240,卖盘
1053,10:33:01,4.52,0.0,159,71868,卖盘
1054,10:33:03,4.53,0.01,232,104865,买盘
1055,10:33:07,4.52,-0.01,150,67800,卖盘
1056,10:33:09,4.52,0.0,30,13566,卖盘
1057,10:33:12,4.52,0.0,12,5424,卖盘
1058,10:33:18,4.51,-0.01,29,13079,卖盘
1059,10:33:22,4.51,0.0,87,39237,卖盘
1060,10:33:25,4.51,0.0,70,31577,卖盘
1061,10:33:28,4.51,0.0,159,71759,卖盘
1062,10:33:31,4.51,0.0,105,47355,卖盘
1063,10:33:34,4.51,0.0,108,48708,卖盘
1064,10:33:36,4.52,0.01,296,133504,买盘
1065,10:33:40,4.51,-0.01,138,62238,卖盘
1066,10:33:43,4.51,0.0,115,51865,卖盘
1067,10:33:46,4.51,0.0,105,47355,卖盘
1068,10:33:49,4.51,0.0,85,38335,卖盘
1069,10:33:52,4.51,0.0,109,49159,卖盘
1070,10:33:55,4.51,0.0,47,21197,卖盘
1071,10:33:58,4.51,0.0,206,92906,卖盘
1072,10:34:01,4.51,0.0,16,7216,卖盘
1073,10:34:04,4.52,0.01,2,904,买盘
1074,10:34:06,4.52,0.0,42,18943,买盘
1075,10:34:10,4.51,-0.01,122,54954,卖盘
1076,10:34:16,4.51,0.0,18,8118,卖盘
1077,10:34:22,4.52,0.01,10,4520,买盘
1078,10:34:31,4.51,-0.01,240,108240,卖盘
1079,10:34:37,4.5,-0.01,630,284077,卖盘
1080,10:34:49,4.51,0.01,20,9030,卖盘
1081,10:34:51,4.51,0.0,18,8118,买盘
1082,10:34:58,4.51,0.0,196,88396,卖盘
1083,10:35:01,4.51,0.0,55,24805,卖盘
1084,10:35:07,4.51,0.0,80,36080,卖盘
1085,10:35:09,4.51,0.0,100,45103,卖盘
1086,10:35:12,4.51,0.0,13,5863,买盘
1087,10:35:18,4.51,0.0,52,23482,卖盘
1088,10:35:25,4.52,0.01,339,153228,买盘
1089,10:35:31,4.51,-0.01,5,2255,卖盘
1090,10:35:40,4.52,0.01,59,26668,买盘
1091,10:35:43,4.51,-0.01,10,4510,卖盘
1092,10:35:52,4.52,0.01,237,107124,买盘
1093,10:36:01,4.52,0.0,50,22600,买盘
1094,10:36:22,4.52,0.0,10,4520,买盘
1095,10:36:25,4.52,0.0,18,8136,买盘
1096,10:36:34,4.52,0.0,69,31188,买盘
1097,10:36:46,4.52,0.0,5,2260,买盘
1098,10:36:52,4.51,-0.01,5,2255,卖盘
1099,10:36:55,4.51,0.0,29,13085,卖盘
1100,10:37:01,4.51,0.0,6,2706,卖盘
1101,10:37:04,4.52,0.01,53,23915,买盘
1102,10:37:06,4.51,-0.01,240,108440,卖盘
1103,10:37:16,4.52,0.01,25,11300,买盘
1104,10:37:19,4.52,0.0,20,9040,买盘
1105,10:37:22,4.51,-0.01,5,2255,卖盘
1106,10:37:24,4.51,0.0,5,2258,卖盘
1107,10:37:27,4.52,0.01,28,12656,买盘
1108,10:37:31,4.52,0.0,61,27572,买盘
1109,10:37:34,4.52,0.0,2,904,买盘
1110,10:37:36,4.51,-0.01,30,13530,卖盘
1111,10:37:45,4.51,0.0,5,2255,卖盘
1112,10:37:52,4.52,0.01,110,49720,买盘
1113,10:37:55,4.52,0.0,20,9040,买盘
1114,10:37:58,4.51,-0.01,40,18040,卖盘
1115,10:38:06,4.51,0.0,41,18491,卖盘
1116,10:38:13,4.52,0.01,73,32951,买盘
1117,10:38:18,4.52,0.0,1,452,买盘
1118,10:38:27,4.52,0.0,10,4520,买盘
1119,10:38:33,4.52,0.0,2,904,买盘
1120,10:38:37,4.52,0.0,20,9040,买盘
1121,10:38:42,4.52,0.0,65,29380,买盘
1122,10:38:48,4.52,0.0,50,22600,买盘
1123,10:38:54,4.52,0.0,65,29380,买盘
1124,10:39:00,4.52,0.0,79,35708,买盘
1125,10:39:04,4.52,0.0,13,5876,买盘
1126,10:39:10,4.52,0.0,31,14011,买盘
1127,10:39:13,4.52,0.0,59,26668,买盘
1128,10:39:15,4.52,0.0,20,9040,买盘
1129,10:39:18,4.52,0.0,1,452,买盘
1130,10:39:22,4.52,0.0,65,29380,买盘
1131,10:39:28,4.51,-0.01,27,12177,卖盘
1132,10:39:30,4.52,0.01,200,90400,买盘
1133,10:39:33,4.52,0.0,251,113411,买盘
1134,10:39:39,4.52,0.0,31,14012,买盘
1135,10:39:42,4.52,0.0,20,9040,买盘
1136,10:39:45,4.52,0.0,17,7684,卖盘
1137,10:39:48,4.52,0.0,2,904,买盘
1138,10:39:51,4.52,0.0,95,42920,买盘
1139,10:40:04,4.52,0.0,1,452,卖盘
1140,10:40:06,4.52,0.0,40,18080,卖盘
1141,10:40:15,4.52,0.0,142,64184,卖盘
1142,10:40:18,4.53,0.01,10,4530,买盘
1143,10:40:21,4.52,-0.01,1,452,卖盘
1144,10:40:24,4.52,0.0,103,46556,卖盘
1145,10:40:30,4.52,0.0,2,904,卖盘
1146,10:40:34,4.52,0.0,214,96842,卖盘
1147,10:40:37,4.52,0.0,8,3616,买盘
1148,10:40:43,4.52,0.0,13,5876,买盘
1149,10:40:52,4.52,0.0,55,24860,买盘
1150,10:40:58,4.52,0.0,16,7232,买盘
1151,10:41:01,4.52,0.0,254,114723,买盘
1152,10:41:04,4.52,0.0,9,4068,卖盘
1153,10:41:13,4.52,0.0,48,21658,买盘
1154,10:41:25,4.52,0.0,30,13560,买盘
1155,10:41:43,4.52,0.0,24,10848,买盘
1156,10:41:46,4.51,-0.01,246,110946,卖盘
1157,10:41:49,4.52,0.01,250,113000,买盘
1158,10:41:58,4.52,0.0,30,13545,买盘
1159,10:42:00,4.52,0.0,150,67800,买盘
1160,10:42:04,4.52,0.0,28,12656,买盘
1161,10:42:07,4.52,0.0,105,47460,买盘
1162,10:42:12,4.52,0.0,33,14916,卖盘
1163,10:42:18,4.52,0.0,173,78196,卖盘
1164,10:42:21,4.53,0.01,12,5436,买盘
1165,10:42:24,4.52,-0.01,89,40228,卖盘
1166,10:42:30,4.52,0.0,444,200688,买盘
1167,10:42:33,4.52,0.0,1,452,卖盘
1168,10:43:00,4.52,0.0,35,15820,卖盘
1169,10:43:04,4.52,0.0,78,35256,卖盘
1170,10:43:28,4.51,-0.01,59,26652,卖盘
1171,10:43:43,4.51,0.0,3,1353,卖盘
1172,10:43:45,4.51,0.0,20,9020,卖盘
1173,10:43:49,4.51,0.0,10,4510,卖盘
1174,10:43:51,4.51,0.0,172,77584,卖盘
1175,10:43:54,4.51,0.0,89,40139,卖盘
1176,10:43:57,4.51,0.0,10,4510,卖盘
1177,10:44:04,4.51,0.0,313,141163,卖盘
1178,10:44:07,4.51,0.0,54,24354,卖盘
1179,10:44:10,4.51,0.0,406,183106,卖盘
1180,10:44:13,4.51,0.0,287,129437,卖盘
1181,10:44:16,4.51,0.0,240,108003,中性盘
1182,10:44:19,4.51,0.0,20,9020,买盘
1183,10:44:25,4.5,-0.01,30,13520,卖盘
1184,10:44:42,4.5,0.0,220,99000,卖盘
1185,10:44:45,4.5,0.0,250,112500,卖盘
1186,10:44:49,4.5,0.0,782,351900,卖盘
1187,10:44:52,4.5,0.0,60,27000,卖盘
1188,10:44:55,4.51,0.01,106,47710,买盘
1189,10:44:58,4.5,-0.01,233,104860,卖盘
1190,10:45:00,4.5,0.0,525,236250,卖盘
1191,10:45:04,4.51,0.01,92,41401,买盘
1192,10:45:06,4.5,-0.01,773,347850,卖盘
1193,10:45:10,4.49,-0.01,101,45478,卖盘
1194,10:45:13,4.5,0.01,59,26550,买盘
1195,10:45:16,4.5,0.0,9,4050,买盘
1196,10:45:19,4.49,-0.01,54,24246,卖盘
1197,10:45:22,4.49,0.0,2,898,卖盘
1198,10:45:25,4.49,0.0,13,5837,卖盘
1199,10:45:28,4.49,0.0,152,68248,卖盘
1200,10:45:30,4.49,0.0,350,157150,卖盘
1201,10:45:33,4.5,0.01,56,25146,买盘
1202,10:45:36,4.49,-0.01,78,35022,卖盘
1203,10:45:39,4.49,0.0,22,9878,卖盘
1204,10:45:42,4.49,0.0,83,37267,卖盘
1205,10:45:45,4.48,-0.01,91,40842,卖盘
1206,10:45:49,4.49,0.01,54,24236,中性盘
1207,10:45:52,4.49,0.0,36,16164,卖盘
1208,10:45:55,4.49,0.0,116,52084,卖盘
1209,10:45:58,4.49,0.0,170,76330,卖盘
1210,10:46:00,4.49,0.0,29,13021,卖盘
1211,10:46:07,4.48,-0.01,44,19716,卖盘
1212,10:46:13,4.48,0.0,68,30474,卖盘
1213,10:46:16,4.48,0.0,15,6720,卖盘
1214,10:46:18,4.49,0.01,5,2245,买盘
1215,10:46:21,4.48,-0.01,85,38080,卖盘
1216,10:46:25,4.48,0.0,40,17920,卖盘
1217,10:46:31,4.49,0.01,20,8980,买盘
1218,10:46:42,4.49,0.0,30,13470,买盘
1219,10:46:48,4.48,-0.01,80,35870,卖盘
1220,10:46:55,4.49,0.01,68,30522,买盘
1221,10:46:58,4.49,0.0,17,7628,买盘
1222,10:47:04,4.49,0.0,123,55227,买盘
1223,10:47:10,4.48,-0.01,2,896,卖盘
1224,10:47:12,4.49,0.01,32,14368,买盘
1225,10:47:16,4.49,0.0,30,13470,买盘
1226,10:47:18,4.48,-0.01,8,3584,卖盘
1227,10:47:21,4.48,0.0,53,23764,卖盘
1228,10:47:24,4.49,0.01,47,21103,买盘
1229,10:47:28,4.48,-0.01,60,26880,卖盘
1230,10:47:30,4.48,0.0,25,11200,卖盘
1231,10:47:37,4.49,0.01,45,20205,买盘
1232,10:47:40,4.48,-0.01,110,49290,卖盘
1233,10:47:43,4.48,0.0,33,14784,卖盘
1234,10:47:46,4.49,0.01,26,11674,买盘
1235,10:47:49,4.48,-0.01,25,11205,卖盘
1236,10:47:52,4.49,0.01,5,2245,买盘
1237,10:47:55,4.49,0.0,120,53880,买盘
1238,10:48:01,4.48,-0.01,1192,534016,卖盘
1239,10:48:06,4.48,0.0,63,28229,卖盘
1240,10:48:10,4.49,0.01,238,106634,买盘
1241,10:48:13,4.48,-0.01,149,66752,卖盘
1242,10:48:19,4.48,0.0,298,133504,卖盘
1243,10:48:22,4.48,0.0,70,31360,买盘
1244,10:48:31,4.48,0.0,87,38976,买盘
1245,10:48:34,4.48,0.0,8,3584,买盘
1246,10:48:40,4.47,-0.01,800,357600,卖盘
1247,10:48:43,4.48,0.01,28,12544,买盘
1248,10:48:45,4.47,-0.01,39,17433,卖盘
1249,10:48:48,4.47,0.0,12,5364,卖盘
1250,10:48:52,4.48,0.01,50,22400,买盘
1251,10:48:54,4.47,-0.01,5,2235,卖盘
1252,10:48:58,4.47,0.0,70,31290,卖盘
1253,10:49:01,4.48,0.01,514,230258,买盘
1254,10:49:10,4.48,0.0,5,2240,买盘
1255,10:49:13,4.48,0.0,90,40320,买盘
1256,10:49:19,4.48,0.0,88,39394,买盘
1257,10:49:21,4.48,0.0,10,4480,卖盘
1258,10:49:33,4.48,0.0,169,75744,卖盘
1259,10:49:37,4.49,0.01,100,44900,买盘
1260,10:49:40,4.48,-0.01,10,4480,卖盘
1261,10:49:43,4.48,0.0,185,82880,卖盘
1262,10:49:46,4.49,0.01,100,44826,买盘
1263,10:49:48,4.49,0.0,13,5837,买盘
1264,10:49:55,4.49,0.0,44,19756,买盘
1265,10:49:58,4.49,0.0,22,9878,买盘
1266,10:50:01,4.47,-0.02,1130,505783,卖盘
1267,10:50:07,4.48,0.01,20,8960,买盘
1268,10:50:10,4.49,0.01,77,34523,买盘
1269,10:50:13,4.47,-0.02,46,20562,卖盘
1270,10:50:21,4.47,0.0,28,12548,卖盘
1271,10:50:27,4.49,0.02,11,4939,买盘
1272,10:50:31,4.48,-0.01,15,6720,卖盘
1273,10:50:36,4.48,0.0,1,448,卖盘
1274,10:50:40,4.48,0.0,124,55552,卖盘
1275,10:50:43,4.48,0.0,100,44800,买盘
1276,10:50:46,4.48,0.0,58,25984,买盘
1277,10:50:49,4.48,0.0,60,26880,买盘
1278,10:50:51,4.48,0.0,40,17920,买盘
1279,10:50:55,4.48,0.0,141,63168,买盘
1280,10:51:01,4.48,0.0,7,3136,卖盘
1281,10:51:04,4.48,0.0,31,13888,卖盘
1282,10:51:06,4.48,0.0,107,47955,卖盘
1283,10:51:10,4.49,0.01,141,63173,买盘
1284,10:51:15,4.48,-0.01,51,22848,买盘
1285,10:51:18,4.48,0.0,1,448,买盘
1286,10:51:22,4.48,0.0,6,2688,买盘
1287,10:51:25,4.47,-0.01,8,3576,卖盘
1288,10:51:28,4.48,0.01,165,73920,买盘
1289,10:51:40,4.48,0.0,20,8960,卖盘
1290,10:51:43,4.48,0.0,18,8064,卖盘
1291,10:51:46,4.48,0.0,22,9856,卖盘
1292,10:51:55,4.49,0.01,7,3143,买盘
1293,10:51:57,4.48,-0.01,101,45348,卖盘
1294,10:52:01,4.48,0.0,5,2240,卖盘
1295,10:52:04,4.48,0.0,50,22400,卖盘
1296,10:52:07,4.48,0.0,243,108864,卖盘
1297,10:52:12,4.49,0.01,10,4490,买盘
1298,10:52:16,4.48,-0.01,38,17057,卖盘
1299,10:52:30,4.48,0.0,20,8960,卖盘
1300,10:52:43,4.49,0.01,174,78126,买盘
1301,10:52:49,4.49,0.0,2,898,买盘
1302,10:52:55,4.49,0.0,10,4490,买盘
1303,10:52:58,4.49,0.0,32,14368,买盘
1304,10:53:00,4.49,0.0,20,8980,买盘
1305,10:53:04,4.49,0.0,136,61064,买盘
1306,10:53:10,4.49,0.0,120,53880,买盘
1307,10:53:13,4.49,0.0,37,16604,买盘
1308,10:53:18,4.49,0.0,129,57921,买盘
1309,10:53:31,4.49,0.0,7,3143,买盘
1310,10:53:33,4.49,0.0,20,8980,买盘
1311,10:53:39,4.49,0.0,3,1347,买盘
1312,10:53:42,4.49,0.0,19,8531,买盘
1313,10:53:46,4.49,0.0,85,38165,买盘
1314,10:53:49,4.49,0.0,20,8980,买盘
1315,10:53:51,4.49,0.0,10,4490,买盘
1316,10:53:58,4.49,0.0,64,28736,买盘
1317,10:54:01,4.49,0.0,18,8082,买盘
1318,10:54:04,4.49,0.0,118,52982,买盘
1319,10:54:07,4.49,0.0,1,449,买盘
1320,10:54:12,4.49,0.0,8,3592,买盘
1321,10:54:15,4.49,0.0,10,4490,买盘
1322,10:54:18,4.49,0.0,19,8531,买盘
1323,10:54:22,4.49,0.0,107,48043,买盘
1324,10:54:28,4.48,-0.01,336,150550,卖盘
1325,10:55:01,4.49,0.01,6,2694,卖盘
1326,10:55:06,4.49,0.0,61,27389,卖盘
1327,10:55:10,4.49,0.0,30,13470,卖盘
1328,10:55:19,4.5,0.01,8,3600,买盘
1329,10:55:22,4.5,0.0,3,1350,买盘
1330,10:55:25,4.5,0.0,10,4500,买盘
1331,10:55:28,4.5,0.0,27,12150,买盘
1332,10:55:34,4.5,0.0,40,18000,买盘
1333,10:55:36,4.5,0.0,115,51681,买盘
1334,10:55:43,4.5,0.0,10,4500,买盘
1335,10:55:54,4.5,0.0,50,22500,买盘
1336,10:55:57,4.5,0.0,415,186750,买盘
1337,10:56:01,4.5,0.0,11,4950,买盘
1338,10:56:04,4.5,0.0,81,36450,买盘
1339,10:56:06,4.5,0.0,75,33750,买盘
1340,10:56:13,4.5,0.0,476,214200,买盘
1341,10:56:15,4.5,0.0,13,5782,买盘
1342,10:56:42,4.51,0.01,66,29766,买盘
1343,10:56:51,4.51,0.0,3,1353,买盘
1344,10:57:00,4.51,0.0,12,5412,买盘
1345,10:57:04,4.5,-0.01,24,10814,卖盘
1346,10:57:13,4.5,0.0,61,27450,卖盘
1347,10:57:16,4.5,0.0,1,450,卖盘
1348,10:57:18,4.51,0.01,29,13079,买盘
1349,10:57:22,4.5,-0.01,15,6750,卖盘
1350,10:57:24,4.5,0.0,55,24750,卖盘
1351,10:57:31,4.5,0.0,108,48668,卖盘
1352,10:57:33,4.5,0.0,22,9900,买盘
1353,10:57:40,4.5,0.0,40,18000,买盘
1354,10:57:43,4.5,0.0,19,8550,买盘
1355,10:57:45,4.49,-0.01,30,13470,卖盘
1356,10:58:04,4.5,0.01,10,4500,买盘
1357,10:58:07,4.5,0.0,275,123688,买盘
1358,10:58:18,4.5,0.0,20,9000,买盘
1359,10:58:22,4.5,0.0,20,9000,买盘
1360,10:58:25,4.49,-0.01,24,10776,卖盘
1361,10:58:34,4.49,0.0,320,143980,卖盘
1362,10:58:40,4.49,0.0,33,14817,卖盘
1363,10:58:46,4.49,0.0,222,99678,卖盘
1364,10:58:48,4.5,0.01,1,450,买盘
1365,10:58:57,4.5,0.0,2,900,买盘
1366,10:59:04,4.5,0.0,8,3600,买盘
1367,10:59:06,4.49,-0.01,934,419325,卖盘
1368,10:59:13,4.49,0.0,62,27838,卖盘
1369,10:59:16,4.5,0.01,10,4500,买盘
1370,10:59:21,4.5,0.0,33,14850,买盘
1371,10:59:40,4.5,0.0,5,2250,买盘
1372,10:59:43,4.5,0.0,30,13500,买盘
1373,10:59:45,4.5,0.0,1,450,买盘
1374,10:59:49,4.49,-0.01,55,24695,卖盘
1375,10:59:52,4.49,0.0,15,6735,卖盘
1376,10:59:58,4.5,0.01,53,23810,买盘
1377,11:00:04,4.5,0.0,11,4950,买盘
1378,11:00:09,4.5,0.0,11,4949,买盘
1379,11:00:13,4.49,-0.01,17,7633,卖盘
1380,11:00:16,4.5,0.01,55,24700,买盘
1381,11:00:22,4.5,0.0,42,18900,买盘
1382,11:00:25,4.49,-0.01,46,20654,卖盘
1383,11:00:30,4.5,0.01,35,15750,买盘
1384,11:00:54,4.5,0.0,33,14835,买盘
1385,11:01:01,4.49,-0.01,15,6735,卖盘
1386,11:01:07,4.49,0.0,70,31440,卖盘
1387,11:01:15,4.49,0.0,70,31430,卖盘
1388,11:01:18,4.49,0.0,214,96086,卖盘
1389,11:01:31,4.49,0.0,63,28287,卖盘
1390,11:01:36,4.49,0.0,8,3592,卖盘
1391,11:01:43,4.49,0.0,3,1347,卖盘
1392,11:01:46,4.49,0.0,16,7184,卖盘
1393,11:01:58,4.49,0.0,31,13919,卖盘
1394,11:02:04,4.49,0.0,422,189513,卖盘
1395,11:02:10,4.49,0.0,20,9047,卖盘
1396,11:02:21,4.49,0.0,4,1796,买盘
1397,11:02:33,4.49,0.0,22,9878,买盘
1398,11:02:46,4.49,0.0,50,22450,买盘
1399,11:02:49,4.48,-0.01,57,25536,卖盘
1400,11:02:51,4.49,0.01,19,8531,买盘
1401,11:02:57,4.49,0.0,10,4490,买盘
1402,11:03:00,4.48,-0.01,1,448,卖盘
1403,11:03:04,4.49,0.01,813,364234,买盘
1404,11:03:12,4.49,0.0,5,2245,买盘
1405,11:03:15,4.49,0.0,15,6735,买盘
1406,11:03:18,4.49,0.0,24,10776,买盘
1407,11:03:31,4.48,-0.01,20,8960,卖盘
1408,11:03:42,4.49,0.01,110,49390,买盘
1409,11:03:58,4.49,0.0,3,1347,买盘
1410,11:04:01,4.49,0.0,309,138674,买盘
1411,11:04:07,4.49,0.0,10,4490,卖盘
1412,11:04:13,4.5,0.01,40,18000,买盘
1413,11:04:16,4.49,-0.01,21,9429,卖盘
1414,11:04:19,4.49,0.0,260,116740,卖盘
1415,11:04:22,4.49,0.0,399,179151,卖盘
1416,11:04:31,4.49,0.0,2,898,卖盘
1417,11:04:33,4.5,0.01,32,14370,买盘
1418,11:04:40,4.49,-0.01,35,15715,卖盘
1419,11:04:49,4.49,0.0,9,4041,卖盘
1420,11:04:52,4.5,0.01,92,41400,买盘
1421,11:04:58,4.49,-0.01,44,19756,卖盘
1422,11:05:15,4.5,0.01,402,180900,买盘
1423,11:05:25,4.5,0.0,121,54450,买盘
1424,11:05:31,4.5,0.0,2,900,买盘
1425,11:05:34,4.5,0.0,53,23850,买盘
1426,11:05:43,4.5,0.0,18,8100,买盘
1427,11:05:51,4.5,0.0,100,45000,买盘
1428,11:05:54,4.5,0.0,29,13050,买盘
1429,11:05:57,4.5,0.0,50,22500,买盘
1430,11:06:25,4.5,0.0,130,58500,买盘
1431,11:06:31,4.5,0.0,10,4500,买盘
1432,11:06:34,4.5,0.0,45,20250,买盘
1433,11:06:36,4.5,0.0,142,63900,买盘
1434,11:06:39,4.5,0.0,54,24300,买盘
1435,11:06:55,4.5,0.0,13,5850,卖盘
1436,11:06:57,4.5,0.0,35,15750,买盘
1437,11:07:00,4.51,0.01,14,6306,买盘
1438,11:07:04,4.49,-0.02,76,34140,卖盘
1439,11:07:10,4.5,0.01,6,2700,买盘
1440,11:07:12,4.5,0.0,5,2250,卖盘
1441,11:07:24,4.5,0.0,4,1800,买盘
1442,11:07:33,4.5,0.0,10,4500,买盘
1443,11:07:49,4.49,-0.01,5,2245,卖盘
1444,11:07:58,4.5,0.01,27,12150,买盘
1445,11:08:01,4.49,-0.01,807,362410,卖盘
1446,11:08:04,4.49,0.0,7,3143,买盘
1447,11:08:06,4.48,-0.01,174,77952,卖盘
1448,11:08:09,4.49,0.01,68,30532,买盘
1449,11:08:36,4.48,-0.01,951,426048,卖盘
1450,11:08:39,4.49,0.01,145,65105,买盘
1451,11:08:46,4.48,-0.01,22,9856,卖盘
1452,11:08:48,4.49,0.01,49,22001,买盘
1453,11:08:51,4.48,-0.01,133,59584,卖盘
1454,11:09:04,4.49,0.01,64,28686,买盘
1455,11:09:09,4.48,-0.01,13,5824,卖盘
1456,11:09:25,4.48,0.0,977,437696,卖盘
1457,11:09:31,4.48,0.0,5,2240,买盘
1458,11:09:52,4.48,0.0,25,11195,买盘
1459,11:09:58,4.48,0.0,44,19707,买盘
1460,11:10:01,4.47,-0.01,35,15645,卖盘
1461,11:10:04,4.48,0.01,70,31360,买盘
1462,11:10:09,4.47,-0.01,55,24585,卖盘
1463,11:10:19,4.47,0.0,227,101469,卖盘
1464,11:10:28,4.48,0.01,5,2240,买盘
1465,11:10:33,4.47,-0.01,52,23293,卖盘
1466,11:10:39,4.48,0.01,171,76608,买盘
1467,11:10:45,4.47,-0.01,19,8493,卖盘
1468,11:10:48,4.48,0.01,176,78848,买盘
1469,11:10:51,4.48,0.0,4,1792,买盘
1470,11:10:55,4.48,0.0,68,30418,买盘
1471,11:11:01,4.47,-0.01,580,259313,卖盘
1472,11:11:04,4.47,0.0,42,18774,卖盘
1473,11:11:06,4.47,0.0,450,201150,卖盘
1474,11:11:09,4.47,0.0,100,44700,卖盘
1475,11:11:12,4.48,0.01,37,16543,买盘
1476,11:11:16,4.47,-0.01,188,84036,卖盘
1477,11:11:24,4.47,0.0,30,13410,卖盘
1478,11:11:28,4.47,0.0,50,22350,卖盘
1479,11:11:37,4.48,0.01,50,22400,买盘
1480,11:11:40,4.48,0.0,1,448,买盘
1481,11:11:48,4.48,0.0,487,218176,买盘
1482,11:11:57,4.48,0.0,13,5824,卖盘
1483,11:12:00,4.48,0.0,17,7616,买盘
1484,11:12:07,4.49,0.01,11,4939,买盘
1485,11:12:12,4.48,-0.01,50,22400,卖盘
1486,11:12:33,4.48,0.0,71,31808,卖盘
1487,11:12:36,4.48,0.0,7,3136,买盘
1488,11:12:39,4.48,0.0,37,16576,买盘
1489,11:12:43,4.48,0.0,1,448,卖盘
1490,11:12:49,4.49,0.01,193,86590,买盘
1491,11:12:57,4.5,0.01,51,22950,买盘
1492,11:13:07,4.5,0.0,12,5400,买盘
1493,11:13:19,4.49,-0.01,1,449,卖盘
1494,11:13:22,4.5,0.01,30,13500,买盘
1495,11:13:27,4.5,0.0,40,18000,买盘
1496,11:13:43,4.5,0.0,39,17550,买盘
1497,11:13:46,4.49,-0.01,86,38617,卖盘
1498,11:13:52,4.5,0.01,25,11250,买盘
1499,11:14:06,4.5,0.0,20,9000,买盘
1500,11:14:25,4.5,0.0,4,1800,买盘
1501,11:14:28,4.5,0.0,6,2700,买盘
1502,11:14:34,4.49,-0.01,10,4490,卖盘
1503,11:14:40,4.5,0.01,3,1350,买盘
1504,11:14:52,4.5,0.0,280,126000,买盘
1505,11:14:55,4.5,0.0,5,2250,买盘
1506,11:15:07,4.5,0.0,813,365850,买盘
1507,11:15:13,4.5,0.0,18,8083,买盘
1508,11:15:34,4.5,0.0,155,69759,卖盘
1509,11:15:52,4.5,0.0,30,13500,卖盘
1510,11:16:04,4.51,0.01,5,2255,买盘
1511,11:16:10,4.51,0.0,102,46000,买盘
1512,11:16:25,4.51,0.0,10,4510,买盘
1513,11:16:28,4.51,0.0,44,19844,买盘
1514,11:16:37,4.51,0.0,25,11275,买盘
1515,11:16:43,4.51,0.0,20,9020,买盘
1516,11:16:45,4.51,0.0,12,5412,买盘
1517,11:16:49,4.51,0.0,30,13530,买盘
1518,11:16:57,4.51,0.0,200,90200,买盘
1519,11:17:01,4.51,0.0,29,13079,买盘
1520,11:17:07,4.51,0.0,10,4510,买盘
1521,11:17:10,4.51,0.0,20,9020,买盘
1522,11:17:13,4.51,0.0,45,20295,买盘
1523,11:17:19,4.51,0.0,1,451,买盘
1524,11:17:24,4.51,0.0,130,58630,买盘
1525,11:17:46,4.51,0.0,17,7667,买盘
1526,11:17:52,4.5,-0.01,200,90000,卖盘
1527,11:18:01,4.5,0.0,132,59425,卖盘
1528,11:18:04,4.49,-0.01,201,90431,卖盘
1529,11:18:07,4.5,0.01,70,31500,买盘
1530,11:18:10,4.5,0.0,1,450,卖盘
1531,11:18:13,4.51,0.01,1,451,买盘
1532,11:18:22,4.5,-0.01,21,9450,卖盘
1533,11:18:27,4.51,0.01,10,4510,买盘
1534,11:18:34,4.5,-0.01,10,4500,卖盘
1535,11:18:36,4.5,0.0,39,17550,卖盘
1536,11:18:55,4.51,0.01,1,451,买盘
1537,11:19:00,4.5,-0.01,155,69750,卖盘
1538,11:19:04,4.51,0.01,153,69003,买盘
1539,11:19:16,4.51,0.0,10,4510,买盘
1540,11:19:28,4.51,0.0,30,13530,买盘
1541,11:19:36,4.51,0.0,100,45100,买盘
1542,11:19:42,4.51,0.0,130,58605,买盘
1543,11:19:45,4.51,0.0,15,6765,买盘
1544,11:20:04,4.5,-0.01,20,9000,卖盘
1545,11:20:12,4.51,0.01,64,28864,买盘
1546,11:20:21,4.51,0.0,587,264737,买盘
1547,11:20:34,4.51,0.0,15,6765,买盘
1548,11:20:37,4.51,0.0,15,6765,卖盘
1549,11:20:51,4.52,0.01,40,18080,买盘
1550,11:20:55,4.51,-0.01,6,2706,卖盘
1551,11:20:57,4.52,0.01,333,150516,买盘
1552,11:21:12,4.52,0.0,29,13108,买盘
1553,11:21:19,4.52,0.0,105,47455,买盘
1554,11:21:22,4.52,0.0,22,9944,卖盘
1555,11:21:25,4.51,-0.01,286,129037,卖盘
1556,11:21:28,4.51,0.0,10,4510,买盘
1557,11:21:34,4.51,0.0,13,5863,买盘
1558,11:21:36,4.51,0.0,20,9020,买盘
1559,11:21:39,4.51,0.0,30,13530,买盘
1560,11:21:42,4.51,0.0,16,7215,买盘
1561,11:21:45,4.51,0.0,22,9922,买盘
1562,11:21:49,4.5,-0.01,1,450,卖盘
1563,11:21:57,4.51,0.01,1,451,买盘
1564,11:22:19,4.5,-0.01,131,59071,卖盘
1565,11:22:27,4.5,0.0,86,38700,卖盘
1566,11:22:37,4.51,0.01,100,45100,买盘
1567,11:22:43,4.51,0.0,30,13530,买盘
1568,11:22:45,4.51,0.0,29,13079,买盘
1569,11:22:49,4.51,0.0,16,7216,买盘
1570,11:22:54,4.5,-0.01,12,5411,卖盘
1571,11:22:58,4.51,0.01,4,1804,买盘
1572,11:23:04,4.51,0.0,2,902,买盘
1573,11:23:13,4.51,0.0,5,2255,买盘
1574,11:23:19,4.51,0.0,4,1804,买盘
1575,11:23:22,4.51,0.0,11,4961,买盘
1576,11:23:31,4.51,0.0,5,2255,买盘
1577,11:23:37,4.51,0.0,9,4059,买盘
1578,11:23:43,4.5,-0.01,284,127800,卖盘
1579,11:23:46,4.51,0.01,28,12628,买盘
1580,11:23:52,4.51,0.0,24,10801,买盘
1581,11:23:57,4.51,0.0,100,45100,买盘
1582,11:24:00,4.51,0.0,47,21197,买盘
1583,11:24:04,4.51,0.0,1,451,买盘
1584,11:24:06,4.51,0.0,5,2255,买盘
1585,11:24:09,4.51,0.0,30,13530,买盘
1586,11:24:13,4.5,-0.01,4,1800,卖盘
1587,11:24:16,4.51,0.01,85,38335,买盘
1588,11:24:19,4.51,0.0,34,15315,买盘
1589,11:24:22,4.51,0.0,60,27060,买盘
1590,11:24:25,4.51,0.0,50,22550,买盘
1591,11:24:39,4.51,0.0,20,9020,买盘
1592,11:24:45,4.5,-0.01,31,13959,卖盘
1593,11:24:48,4.51,0.01,162,72962,买盘
1594,11:24:55,4.52,0.01,10,4520,买盘
1595,11:24:58,4.51,-0.01,17,7667,卖盘
1596,11:25:04,4.51,0.0,25,11275,卖盘
1597,11:25:07,4.51,0.0,4,1804,卖盘
1598,11:25:21,4.51,0.0,1,451,买盘
1599,11:25:24,4.51,0.0,7,3157,买盘
1600,11:25:27,4.51,0.0,83,37433,买盘
1601,11:25:30,4.51,0.0,10,4510,买盘
1602,11:25:37,4.51,0.0,30,13530,买盘
1603,11:26:06,4.51,0.0,24,10824,买盘
1604,11:26:31,4.51,0.0,30,13530,买盘
1605,11:26:33,4.5,-0.01,11,4950,卖盘
1606,11:26:43,4.51,0.01,10,4510,买盘
1607,11:26:46,4.51,0.0,1,451,买盘
1608,11:26:49,4.5,-0.01,5,2250,卖盘
1609,11:26:54,4.5,0.0,39,17550,卖盘
1610,11:27:01,4.51,0.01,20,9020,买盘
1611,11:27:04,4.5,-0.01,35,15750,卖盘
1612,11:27:10,4.5,0.0,130,58500,卖盘
1613,11:27:12,4.5,0.0,125,56250,卖盘
1614,11:27:16,4.5,0.0,84,37800,卖盘
1615,11:27:28,4.5,0.0,16,7200,卖盘
1616,11:27:31,4.51,0.01,106,47706,买盘
1617,11:27:33,4.5,-0.01,30,13500,卖盘
1618,11:27:40,4.5,0.0,108,48600,卖盘
1619,11:27:43,4.5,0.0,115,51750,卖盘
1620,11:27:46,4.5,0.0,105,47250,买盘
1621,11:27:49,4.5,0.0,6,2700,卖盘
1622,11:27:52,4.5,0.0,4,1800,买盘
1623,11:28:01,4.5,0.0,6,2700,买盘
1624,11:28:16,4.5,0.0,5,2250,买盘
1625,11:28:21,4.5,0.0,4,1800,买盘
1626,11:28:34,4.5,0.0,8,3600,买盘
1627,11:28:39,4.5,0.0,52,23400,买盘
1628,11:28:43,4.5,0.0,18,8086,买盘
1629,11:28:52,4.5,0.0,4,1800,买盘
1630,11:29:04,4.5,0.0,1,450,买盘
1631,11:29:10,4.49,-0.01,20,8980,卖盘
1632,11:29:25,4.5,0.01,34,15300,买盘
1633,11:29:31,4.49,-0.01,40,17960,卖盘
1634,11:29:34,4.49,0.0,4,1796,卖盘
1635,11:29:37,4.49,0.0,1,449,卖盘
1636,11:29:43,4.5,0.01,10,4500,买盘
1637,11:29:51,4.5,0.0,510,229001,买盘
1638,11:29:54,4.5,0.0,1,450,买盘
1639,13:00:05,4.5,0.0,413,185848,买盘
1640,13:00:07,4.5,0.0,340,153112,买盘
1641,13:00:09,4.5,0.0,118,53100,卖盘
1642,13:00:13,4.5,0.0,22,9900,卖盘
1643,13:00:24,4.51,0.01,40,18040,买盘
1644,13:00:33,4.51,0.0,10,4510,买盘
1645,13:00:39,4.5,-0.01,30,13500,卖盘
1646,13:00:48,4.51,0.01,109,49159,买盘
1647,13:00:51,4.5,-0.01,23,10350,卖盘
1648,13:01:07,4.51,0.01,20,9020,买盘
1649,13:01:12,4.51,0.0,38,17138,买盘
1650,13:01:22,4.51,0.0,31,13981,买盘
1651,13:01:37,4.51,0.0,84,37884,买盘
1652,13:01:39,4.51,0.0,20,9020,买盘
1653,13:01:42,4.51,0.0,30,13530,买盘
1654,13:01:45,4.53,0.02,500,226232,买盘
1655,13:01:58,4.53,0.0,2,906,买盘
1656,13:02:00,4.53,0.0,125,56625,买盘
1657,13:02:07,4.52,-0.01,50,22600,卖盘
1658,13:02:16,4.51,-0.01,223,100573,卖盘
1659,13:02:21,4.52,0.01,79,35708,买盘
1660,13:02:40,4.51,-0.01,202,91102,卖盘
1661,13:02:57,4.51,0.0,80,36080,卖盘
1662,13:03:00,4.52,0.01,6,2712,买盘
1663,13:03:09,4.51,-0.01,30,13530,卖盘
1664,13:03:13,4.51,0.0,20,9020,中性盘
1665,13:03:24,4.52,0.01,85,38420,买盘
1666,13:03:28,4.52,0.0,3,1356,买盘
1667,13:03:31,4.51,-0.01,60,27060,卖盘
1668,13:03:33,4.51,0.0,79,35664,中性盘
1669,13:03:40,4.51,0.0,11,4961,卖盘
1670,13:04:01,4.51,0.0,9,4059,卖盘
1671,13:04:04,4.52,0.01,22,9944,买盘
1672,13:04:06,4.52,0.0,1,452,买盘
1673,13:04:10,4.51,-0.01,163,73513,卖盘
1674,13:04:18,4.52,0.01,66,29832,买盘
1675,13:04:27,4.52,0.0,519,234588,买盘
1676,13:04:34,4.51,-0.01,2,902,卖盘
1677,13:04:40,4.52,0.01,25,11300,买盘
1678,13:04:42,4.52,0.0,4,1808,买盘
1679,13:04:51,4.53,0.01,710,321423,买盘
1680,13:05:09,4.51,-0.02,228,102883,卖盘
1681,13:05:12,4.53,0.02,31,14043,买盘
1682,13:05:15,4.53,0.0,114,51642,买盘
1683,13:05:18,4.53,0.0,17,7701,买盘
1684,13:05:21,4.53,0.0,30,13590,买盘
1685,13:05:27,4.53,0.0,2,906,买盘
1686,13:05:34,4.52,-0.01,4,1808,卖盘
1687,13:05:37,4.53,0.01,24,10872,买盘
1688,13:05:43,4.53,0.0,96,43488,买盘
1689,13:05:46,4.52,-0.01,22,9944,卖盘
1690,13:05:54,4.53,0.01,17,7700,买盘
1691,13:06:00,4.53,0.0,100,45300,买盘
1692,13:06:09,4.52,-0.01,137,61944,卖盘
1693,13:06:21,4.53,0.01,45,20385,买盘
1694,13:06:24,4.52,-0.01,219,98988,卖盘
1695,13:06:28,4.52,0.0,12,5424,卖盘
1696,13:06:31,4.52,0.0,358,161816,卖盘
1697,13:06:36,4.53,0.01,50,22650,买盘
1698,13:06:52,4.52,-0.01,39,17632,中性盘
1699,13:06:55,4.52,0.0,15,6780,卖盘
1700,13:07:04,4.51,-0.01,11,4971,卖盘
1701,13:07:10,4.52,0.01,13,5876,买盘
1702,13:07:16,4.52,0.0,50,22600,买盘
1703,13:07:19,4.52,0.0,42,18974,买盘
1704,13:07:31,4.52,0.0,46,20791,买盘
1705,13:07:33,4.52,0.0,62,27982,买盘
1706,13:07:39,4.51,-0.01,20,9021,卖盘
1707,13:07:42,4.52,0.01,10,4520,买盘
1708,13:07:45,4.52,0.0,13,5876,买盘
1709,13:07:49,4.52,0.0,5,2260,买盘
1710,13:07:55,4.51,-0.01,2,902,卖盘
1711,13:08:01,4.52,0.01,100,45200,买盘
1712,13:08:09,4.51,-0.01,117,52767,卖盘
1713,13:08:15,4.52,0.01,139,62826,买盘
1714,13:08:18,4.51,-0.01,2,902,卖盘
1715,13:08:30,4.52,0.01,90,40680,买盘
1716,13:08:37,4.52,0.0,9,4068,买盘
1717,13:08:39,4.51,-0.01,1,451,卖盘
1718,13:08:42,4.51,0.0,40,18040,卖盘
1719,13:08:45,4.52,0.01,2,904,买盘
1720,13:08:54,4.52,0.0,50,22600,买盘
1721,13:08:58,4.52,0.0,15,6780,买盘
1722,13:09:01,4.51,-0.01,1,451,卖盘
1723,13:09:04,4.52,0.01,6,2712,买盘
1724,13:09:07,4.52,0.0,56,25312,买盘
1725,13:09:13,4.52,0.0,50,22600,卖盘
1726,13:09:21,4.53,0.01,219,99207,买盘
1727,13:09:36,4.53,0.0,37,16761,买盘
1728,13:09:45,4.52,-0.01,2,904,卖盘
1729,13:09:54,4.53,0.01,216,97848,买盘
1730,13:09:57,4.52,-0.01,20,9040,卖盘
1731,13:10:09,4.52,0.0,118,53336,卖盘
1732,13:10:19,4.53,0.01,48,21744,买盘
1733,13:10:22,4.53,0.0,1,453,买盘
1734,13:10:30,4.53,0.0,13,5879,买盘
1735,13:10:33,4.52,-0.01,14,6328,卖盘
1736,13:10:36,4.53,0.01,7,3171,买盘
1737,13:10:39,4.53,0.0,2,906,买盘
1738,13:10:42,4.53,0.0,2,906,买盘
1739,13:10:48,4.53,0.0,38,17214,买盘
1740,13:10:54,4.53,0.0,1,453,买盘
1741,13:10:57,4.53,0.0,16,7238,买盘
1742,13:11:16,4.53,0.0,15,6790,买盘
1743,13:11:21,4.53,0.0,100,45300,买盘
1744,13:11:24,4.53,0.0,35,15855,买盘
1745,13:11:33,4.53,0.0,2,906,买盘
1746,13:11:42,4.53,0.0,6,2718,买盘
1747,13:11:49,4.52,-0.01,1,452,卖盘
1748,13:11:55,4.53,0.01,2,906,买盘
1749,13:12:06,4.53,0.0,205,92860,买盘
1750,13:12:09,4.52,-0.01,117,52884,卖盘
1751,13:12:12,4.52,0.0,500,226000,卖盘
1752,13:12:15,4.52,0.0,101,45652,卖盘
1753,13:12:18,4.52,0.0,22,9944,卖盘
1754,13:12:24,4.52,0.0,5,2260,买盘
1755,13:12:36,4.52,0.0,1,452,买盘
1756,13:12:42,4.52,0.0,24,10848,买盘
1757,13:12:46,4.52,0.0,2,904,买盘
1758,13:12:52,4.52,0.0,167,75367,买盘
1759,13:13:06,4.52,0.0,2,904,买盘
1760,13:13:48,4.51,-0.01,31,14001,卖盘
1761,13:13:52,4.51,0.0,3,1353,卖盘
1762,13:14:04,4.52,0.01,10,4520,买盘
1763,13:14:09,4.51,-0.01,117,52767,卖盘
1764,13:14:16,4.52,0.01,4,1808,买盘
1765,13:14:28,4.51,-0.01,30,13530,卖盘
1766,13:14:37,4.51,0.0,115,51965,卖盘
1767,13:14:42,4.51,0.0,35,15785,卖盘
1768,13:14:49,4.51,0.0,29,13079,卖盘
1769,13:14:55,4.51,0.0,300,135300,卖盘
1770,13:14:57,4.51,0.0,3,1353,卖盘
1771,13:15:04,4.51,0.0,77,34727,卖盘
1772,13:15:06,4.52,0.01,56,25312,买盘
1773,13:15:09,4.51,-0.01,84,37884,卖盘
1774,13:15:27,4.52,0.01,30,13560,买盘
1775,13:15:31,4.51,-0.01,5,2255,卖盘
1776,13:15:34,4.52,0.01,23,10396,买盘
1777,13:15:37,4.52,0.0,10,4520,买盘
1778,13:15:46,4.52,0.0,57,25764,买盘
1779,13:15:52,4.51,-0.01,2,902,卖盘
1780,13:15:55,4.52,0.01,20,9040,买盘
1781,13:16:09,4.51,-0.01,131,59094,卖盘
1782,13:16:16,4.51,0.0,9,4059,卖盘
1783,13:16:19,4.52,0.01,20,9040,买盘
1784,13:16:30,4.51,-0.01,3,1353,卖盘
1785,13:16:40,4.52,0.01,2,904,买盘
1786,13:16:49,4.51,-0.01,13,5863,卖盘
1787,13:16:52,4.51,0.0,1608,725208,卖盘
1788,13:17:10,4.51,0.0,177,79827,买盘
1789,13:17:19,4.51,0.0,115,51865,买盘
1790,13:17:22,4.51,0.0,10,4510,买盘
1791,13:17:28,4.51,0.0,138,62238,买盘
1792,13:17:46,4.5,-0.01,17,7650,卖盘
1793,13:17:51,4.51,0.01,300,135300,买盘
1794,13:17:54,4.51,0.0,23,10370,买盘
1795,13:18:01,4.51,0.0,35,15779,买盘
1796,13:18:09,4.5,-0.01,117,52650,卖盘
1797,13:18:12,4.51,0.01,23,10373,买盘
1798,13:18:15,4.51,0.0,13,5863,买盘
1799,13:18:25,4.51,0.0,207,93357,买盘
1800,13:18:30,4.51,0.0,12,5412,买盘
1801,13:18:48,4.5,-0.01,3,1350,卖盘
1802,13:19:00,4.51,0.01,10,4510,买盘
1803,13:19:04,4.51,0.0,20,9020,买盘
1804,13:19:06,4.5,-0.01,28,12600,卖盘
1805,13:19:16,4.5,0.0,195,87750,卖盘
1806,13:19:25,4.5,0.0,44,19800,卖盘
1807,13:19:27,4.51,0.01,220,99220,买盘
1808,13:19:34,4.51,0.0,14,6314,买盘
1809,13:19:43,4.5,-0.01,200,90000,卖盘
1810,13:20:01,4.51,0.01,10,4510,买盘
1811,13:20:07,4.51,0.0,8,3608,买盘
1812,13:20:10,4.5,-0.01,238,107137,卖盘
1813,13:20:12,4.51,0.01,3,1353,买盘
1814,13:20:16,4.5,-0.01,23,10350,卖盘
1815,13:20:24,4.51,0.01,15,6765,买盘
1816,13:20:34,4.5,-0.01,22,9900,卖盘
1817,13:20:40,4.5,0.0,120,54000,卖盘
1818,13:20:43,4.51,0.01,5,2255,买盘
1819,13:20:51,4.5,-0.01,125,56250,卖盘
1820,13:21:01,4.5,0.0,12,5400,卖盘
1821,13:21:04,4.5,0.0,75,33750,卖盘
1822,13:21:07,4.51,0.01,1,451,买盘
1823,13:21:09,4.51,0.0,5,2255,买盘
1824,13:21:16,4.5,-0.01,11,4950,卖盘
1825,13:21:19,4.51,0.01,30,13530,买盘
1826,13:21:25,4.51,0.0,3,1353,买盘
1827,13:21:30,4.5,-0.01,456,205646,卖盘
1828,13:21:33,4.5,0.0,102,45900,卖盘
1829,13:21:37,4.51,0.01,41,18491,买盘
1830,13:21:52,4.5,-0.01,8,3605,卖盘
1831,13:22:10,4.5,0.0,117,52650,卖盘
1832,13:22:19,4.5,0.0,7,3150,卖盘
1833,13:22:21,4.5,0.0,28,12600,卖盘
1834,13:22:24,4.51,0.01,39,17589,买盘
1835,13:22:28,4.5,-0.01,31,13950,卖盘
1836,13:22:36,4.5,0.0,20,9000,卖盘
1837,13:22:46,4.5,0.0,18,8100,卖盘
1838,13:22:55,4.5,0.0,5,2250,卖盘
1839,13:22:58,4.5,0.0,3,1350,卖盘
1840,13:23:25,4.5,0.0,55,24750,卖盘
1841,13:23:42,4.5,0.0,27,12150,卖盘
1842,13:23:46,4.5,0.0,33,14870,卖盘
1843,13:23:48,4.51,0.01,50,22550,买盘
1844,13:24:04,4.5,-0.01,2,900,卖盘
1845,13:24:09,4.5,0.0,117,52650,卖盘
1846,13:24:15,4.51,0.01,24,10824,买盘
1847,13:24:18,4.51,0.0,196,88396,买盘
1848,13:24:21,4.5,-0.01,42,18900,卖盘
1849,13:24:31,4.5,0.0,8,3600,卖盘
1850,13:24:33,4.5,0.0,220,99000,卖盘
1851,13:24:39,4.5,0.0,262,117900,卖盘
1852,13:24:42,4.51,0.01,4,1804,买盘
1853,13:24:45,4.5,-0.01,7,3150,卖盘
1854,13:24:48,4.5,0.0,157,70653,卖盘
1855,13:24:52,4.5,0.0,2,900,卖盘
1856,13:24:55,4.5,0.0,205,92250,卖盘
1857,13:24:57,4.5,0.0,1066,479700,卖盘
1858,13:25:10,4.5,0.0,25,11250,买盘
1859,13:25:13,4.49,-0.01,15,6735,卖盘
1860,13:25:24,4.49,0.0,67,30083,卖盘
1861,13:25:27,4.49,0.0,400,179600,卖盘
1862,13:25:30,4.49,0.0,96,43104,卖盘
1863,13:25:43,4.5,0.01,122,54850,买盘
1864,13:25:46,4.49,-0.01,265,118985,卖盘
1865,13:25:48,4.49,0.0,16,7184,卖盘
1866,13:25:52,4.49,0.0,12,5388,卖盘
1867,13:25:57,4.49,0.0,133,59717,卖盘
1868,13:26:01,4.49,0.0,147,66003,卖盘
1869,13:26:04,4.49,0.0,54,24313,卖盘
1870,13:26:10,4.48,-0.01,118,52864,卖盘
1871,13:26:16,4.49,0.01,105,47145,买盘
1872,13:26:19,4.49,0.0,29,13021,买盘
1873,13:26:22,4.48,-0.01,49,21952,卖盘
1874,13:26:24,4.48,0.0,65,29120,卖盘
1875,13:26:28,4.49,0.01,50,22450,买盘
1876,13:26:34,4.48,-0.01,14,6272,卖盘
1877,13:26:37,4.48,0.0,43,19264,卖盘
1878,13:26:43,4.48,0.0,30,13440,卖盘
1879,13:26:48,4.49,0.01,82,36818,买盘
1880,13:26:51,4.48,-0.01,96,42983,卖盘
1881,13:26:57,4.49,0.01,29,13021,卖盘
1882,13:27:07,4.49,0.0,35,15715,卖盘
1883,13:27:10,4.49,0.0,1079,485471,卖盘
1884,13:27:13,4.49,0.0,48,21552,卖盘
1885,13:27:16,4.49,0.0,36,16164,卖盘
1886,13:27:19,4.49,0.0,41,18409,中性盘
1887,13:27:22,4.49,0.0,65,29185,卖盘
1888,13:27:31,4.5,0.01,1000,450000,买盘
1889,13:27:34,4.49,-0.01,32,14368,卖盘
1890,13:27:37,4.48,-0.01,384,172032,卖盘
1891,13:27:39,4.48,0.0,38,17054,卖盘
1892,13:27:46,4.49,0.01,20,8980,买盘
1893,13:27:52,4.49,0.0,41,18378,买盘
1894,13:27:58,4.49,0.0,164,73636,买盘
1895,13:28:01,4.49,0.0,111,49839,卖盘
1896,13:28:07,4.49,0.0,10,4490,卖盘
1897,13:28:09,4.49,0.0,135,60615,卖盘
1898,13:28:12,4.49,0.0,50,22450,买盘
1899,13:28:15,4.49,0.0,6,2694,买盘
1900,13:28:19,4.49,0.0,20,8980,买盘
1901,13:28:22,4.49,0.0,33,14817,买盘
1902,13:28:31,4.49,0.0,21,9429,买盘
1903,13:28:34,4.49,0.0,35,15715,卖盘
1904,13:28:37,4.5,0.01,500,225000,买盘
1905,13:28:42,4.5,0.0,4,1800,买盘
1906,13:29:01,4.49,-0.01,5,2245,卖盘
1907,13:29:06,4.5,0.01,10,4500,买盘
1908,13:29:13,4.49,-0.01,3,1347,卖盘
1909,13:29:16,4.49,0.0,37,16613,卖盘
1910,13:29:21,4.5,0.01,126,56700,买盘
1911,13:29:24,4.5,0.0,30,13500,买盘
1912,13:29:31,4.49,-0.01,10,4490,卖盘
1913,13:29:36,4.49,0.0,12,5388,卖盘
1914,13:29:39,4.49,0.0,2,898,卖盘
1915,13:29:42,4.49,0.0,74,33226,卖盘
1916,13:30:00,4.5,0.01,200,90000,买盘
1917,13:30:10,4.49,-0.01,117,52533,卖盘
1918,13:30:16,4.5,0.01,20,9000,买盘
1919,13:30:40,4.5,0.0,33,14850,买盘
1920,13:30:46,4.49,-0.01,15,6735,卖盘
1921,13:30:49,4.49,0.0,266,119484,卖盘
1922,13:30:52,4.5,0.01,5,2250,买盘
1923,13:30:55,4.49,-0.01,43,19327,卖盘
1924,13:30:58,4.49,0.0,3,1347,卖盘
1925,13:31:04,4.5,0.01,55,24750,买盘
1926,13:31:13,4.49,-0.01,26,11674,卖盘
1927,13:31:22,4.5,0.01,48,21600,买盘
1928,13:31:25,4.5,0.0,100,45000,买盘
1929,13:31:33,4.5,0.0,50,22500,买盘
1930,13:31:39,4.49,-0.01,119,53441,卖盘
1931,13:31:42,4.49,0.0,154,69146,卖盘
1932,13:31:52,4.49,0.0,158,70946,卖盘
1933,13:32:04,4.49,0.0,48,21552,卖盘
1934,13:32:09,4.49,0.0,118,52982,卖盘
1935,13:32:13,4.49,0.0,14,6297,卖盘
1936,13:32:36,4.49,0.0,336,150864,卖盘
1937,13:32:55,4.49,0.0,3,1347,卖盘
1938,13:33:01,4.49,0.0,60,26940,卖盘
1939,13:33:06,4.49,0.0,10,4490,卖盘
1940,13:33:12,4.48,-0.01,201,90250,卖盘
1941,13:33:18,4.5,0.02,2,900,买盘
1942,13:33:28,4.48,-0.02,10,4480,卖盘
1943,13:33:31,4.49,0.01,37,16613,买盘
1944,13:33:43,4.49,0.0,43,19307,卖盘
1945,13:33:52,4.48,-0.01,9,4032,卖盘
1946,13:33:54,4.49,0.01,15,6725,买盘
1947,13:33:57,4.49,0.0,50,22450,买盘
1948,13:34:10,4.48,-0.01,117,52416,卖盘
1949,13:34:16,4.48,0.0,2,896,卖盘
1950,13:34:19,4.48,0.0,31,13888,卖盘
1951,13:34:22,4.49,0.01,6,2694,买盘
1952,13:34:24,4.49,0.0,12,5378,买盘
1953,13:34:30,4.48,-0.01,253,113570,卖盘
1954,13:34:34,4.49,0.01,138,61962,买盘
1955,13:34:51,4.48,-0.01,5,2240,卖盘
1956,13:34:58,4.48,0.0,3,1344,卖盘
1957,13:35:01,4.49,0.01,20,8980,买盘
1958,13:35:04,4.49,0.0,91,40859,买盘
1959,13:35:10,4.49,0.0,10,4490,买盘
1960,13:35:13,4.49,0.0,21,9428,买盘
1961,13:35:16,4.49,0.0,20,8980,买盘
1962,13:35:19,4.48,-0.01,30,13440,卖盘
1963,13:35:22,4.49,0.01,37,16613,买盘
1964,13:35:24,4.49,0.0,27,12123,买盘
1965,13:35:31,4.48,-0.01,67,30016,卖盘
1966,13:35:39,4.49,0.01,64,28736,买盘
1967,13:35:46,4.48,-0.01,60,26880,卖盘
1968,13:35:51,4.48,0.0,225,100855,卖盘
1969,13:35:54,4.49,0.01,174,78126,买盘
1970,13:36:04,4.48,-0.01,3,1344,卖盘
1971,13:36:09,4.48,0.0,122,54656,卖盘
1972,13:36:12,4.48,0.0,64,28702,卖盘
1973,13:36:15,4.48,0.0,262,117406,卖盘
1974,13:36:30,4.49,0.01,202,90698,买盘
1975,13:36:40,4.49,0.0,12,5388,买盘
1976,13:36:45,4.49,0.0,161,72289,买盘
1977,13:36:52,4.49,0.0,86,38614,卖盘
1978,13:36:58,4.49,0.0,217,97433,卖盘
1979,13:37:18,4.49,0.0,10,4490,卖盘
1980,13:37:22,4.49,0.0,44,19756,卖盘
1981,13:37:28,4.49,0.0,35,15715,卖盘
1982,13:37:31,4.49,0.0,5,2245,买盘
1983,13:37:37,4.49,0.0,17,7633,卖盘
1984,13:37:40,4.5,0.01,100,45000,买盘
1985,13:37:46,4.49,-0.01,2,898,卖盘
1986,13:37:51,4.49,0.0,12,5388,卖盘
1987,13:38:00,4.49,0.0,11,4939,卖盘
1988,13:38:09,4.49,0.0,117,52533,卖盘
1989,13:38:12,4.49,0.0,94,42206,卖盘
1990,13:38:16,4.49,0.0,23,10347,卖盘
1991,13:38:19,4.49,0.0,74,33226,卖盘
1992,13:38:22,4.49,0.0,21,9429,买盘
1993,13:38:28,4.49,0.0,124,55676,买盘
1994,13:38:34,4.49,0.0,58,26042,卖盘
1995,13:38:36,4.49,0.0,34,15266,卖盘
1996,13:38:49,4.49,0.0,39,17511,卖盘
1997,13:38:58,4.49,0.0,10,4490,买盘
1998,13:39:01,4.48,-0.01,1015,454869,卖盘
1999,13:39:04,4.48,0.0,51,22848,卖盘
2000,13:39:07,4.48,0.0,107,47936,卖盘
2001,13:39:10,4.48,0.0,14,6272,卖盘
2002,13:39:13,4.49,0.01,28,12572,买盘
2003,13:39:15,4.48,-0.01,40,17940,卖盘
2004,13:39:18,4.48,0.0,60,26880,卖盘
2005,13:39:21,4.48,0.0,11,4928,卖盘
2006,13:39:24,4.48,0.0,1,448,卖盘
2007,13:39:37,4.48,0.0,5,2240,卖盘
2008,13:39:42,4.48,0.0,35,15680,卖盘
2009,13:39:48,4.48,0.0,70,31360,卖盘
2010,13:39:51,4.48,0.0,3,1344,卖盘
2011,13:39:55,4.48,0.0,6,2688,卖盘
2012,13:40:01,4.48,0.0,2,896,卖盘
2013,13:40:04,4.48,0.0,37,16576,卖盘
2014,13:40:07,4.48,0.0,22,9856,卖盘
2015,13:40:09,4.48,0.0,117,52416,卖盘
2016,13:40:13,4.48,0.0,42,18816,卖盘
2017,13:40:19,4.49,0.01,101,45349,买盘
2018,13:40:31,4.48,-0.01,32,14336,卖盘
2019,13:40:37,4.49,0.01,134,60146,买盘
2020,13:40:49,4.49,0.0,130,58370,买盘
2021,13:40:58,4.49,0.0,26,11674,买盘
2022,13:41:06,4.48,-0.01,3,1344,卖盘
2023,13:41:10,4.49,0.01,20,8980,买盘
2024,13:41:16,4.48,-0.01,64,28672,卖盘
2025,13:41:18,4.49,0.01,37,16613,买盘
2026,13:41:21,4.49,0.0,32,14368,买盘
2027,13:41:31,4.48,-0.01,47,21056,卖盘
2028,13:41:34,4.48,0.0,94,42112,卖盘
2029,13:41:43,4.48,0.0,43,19264,卖盘
2030,13:41:49,4.48,0.0,112,50176,卖盘
2031,13:41:51,4.49,0.01,291,130397,买盘
2032,13:41:57,4.48,-0.01,100,44800,卖盘
2033,13:42:01,4.48,0.0,55,24640,卖盘
2034,13:42:04,4.49,0.01,50,22450,买盘
2035,13:42:10,4.48,-0.01,118,52864,卖盘
2036,13:42:12,4.49,0.01,51,22851,买盘
2037,13:42:15,4.48,-0.01,46,20608,卖盘
2038,13:42:19,4.48,0.0,10,4480,卖盘
2039,13:42:22,4.48,0.0,41,18368,卖盘
2040,13:42:34,4.49,0.01,3,1347,买盘
2041,13:42:43,4.49,0.0,5,2245,买盘
2042,13:42:55,4.48,-0.01,8,3584,卖盘
2043,13:43:01,4.48,0.0,51,22848,卖盘
2044,13:43:04,4.48,0.0,48,21504,卖盘
2045,13:43:06,4.48,0.0,3,1344,卖盘
2046,13:43:09,4.48,0.0,35,15685,卖盘
2047,13:43:16,4.48,0.0,30,13440,卖盘
2048,13:43:22,4.48,0.0,50,22400,卖盘
2049,13:43:25,4.48,0.0,42,18816,卖盘
2050,13:43:31,4.48,0.0,62,27776,卖盘
2051,13:43:33,4.48,0.0,20,8960,卖盘
2052,13:43:39,4.48,0.0,39,17472,卖盘
2053,13:43:43,4.49,0.01,22,9866,买盘
2054,13:43:52,4.48,-0.01,3,1344,卖盘
2055,13:44:04,4.48,0.0,41,18368,卖盘
2056,13:44:07,4.48,0.0,56,25092,卖盘
2057,13:44:09,4.48,0.0,318,142464,卖盘
2058,13:44:16,4.48,0.0,272,121856,卖盘
2059,13:44:21,4.47,-0.01,85,38170,买盘
2060,13:44:24,4.47,0.0,32,14304,卖盘
2061,13:44:30,4.47,0.0,50,22350,卖盘
2062,13:44:33,4.47,0.0,118,52746,卖盘
2063,13:44:39,4.47,0.0,91,40753,卖盘
2064,13:44:46,4.48,0.01,20,8960,买盘
2065,13:44:55,4.47,-0.01,18,8046,卖盘
2066,13:45:07,4.48,0.01,119,53312,买盘
2067,13:45:10,4.47,-0.01,3,1341,卖盘
2068,13:45:13,4.47,0.0,60,26820,卖盘
2069,13:45:16,4.47,0.0,22,9834,卖盘
2070,13:45:21,4.48,0.01,215,96320,买盘
2071,13:45:31,4.48,0.0,80,35840,卖盘
2072,13:45:37,4.48,0.0,10,4480,卖盘
2073,13:45:40,4.48,0.0,44,19712,买盘
2074,13:45:49,4.48,0.0,145,64839,买盘
2075,13:45:58,4.48,0.0,38,17024,买盘
2076,13:46:07,4.47,-0.01,3,1341,卖盘
2077,13:46:10,4.47,0.0,117,52299,卖盘
2078,13:46:18,4.48,0.01,41,18334,买盘
2079,13:46:21,4.48,0.0,31,13878,买盘
2080,13:46:25,4.47,-0.01,57,25479,卖盘
2081,13:46:34,4.48,0.01,9,4032,买盘
2082,13:46:40,4.47,-0.01,146,65262,卖盘
2083,13:46:43,4.48,0.01,100,44800,买盘
2084,13:46:45,4.47,-0.01,51,22797,卖盘
2085,13:46:52,4.47,0.0,28,12516,卖盘
2086,13:46:55,4.48,0.01,11,4928,买盘
2087,13:46:58,4.47,-0.01,3,1341,卖盘
2088,13:47:00,4.47,0.0,2,894,卖盘
2089,13:47:04,4.47,0.0,1,447,卖盘
2090,13:47:06,4.48,0.01,120,53740,买盘
2091,13:47:12,4.47,-0.01,373,166854,卖盘
2092,13:47:15,4.48,0.01,10,4480,买盘
2093,13:47:21,4.47,-0.01,6,2682,卖盘
2094,13:47:36,4.48,0.01,474,212352,买盘
2095,13:47:40,4.48,0.0,20,8960,卖盘
2096,13:47:52,4.48,0.0,60,26880,卖盘
2097,13:47:57,4.48,0.0,369,165312,卖盘
2098,13:48:00,4.49,0.01,618,277482,买盘
2099,13:48:10,4.48,-0.01,118,52864,卖盘
2100,13:48:13,4.49,0.01,8,3592,买盘
2101,13:48:16,4.48,-0.01,23,10304,卖盘
2102,13:48:18,4.48,0.0,10,4480,卖盘
2103,13:48:22,4.49,0.01,9,4041,买盘
2104,13:48:25,4.48,-0.01,27,12096,卖盘
2105,13:48:45,4.49,0.01,10,4490,买盘
2106,13:48:51,4.48,-0.01,2,896,卖盘
2107,13:48:54,4.48,0.0,41,18368,卖盘
2108,13:48:58,4.49,0.01,1,449,买盘
2109,13:49:01,4.48,-0.01,45,20204,卖盘
2110,13:49:04,4.49,0.01,122,54778,买盘
2111,13:49:12,4.48,-0.01,9,4032,卖盘
2112,13:49:15,4.48,0.0,23,10305,卖盘
2113,13:49:36,4.48,0.0,1,448,卖盘
2114,13:49:40,4.48,0.0,27,12096,卖盘
2115,13:49:42,4.48,0.0,50,22400,卖盘
2116,13:49:52,4.48,0.0,60,26880,卖盘
2117,13:49:55,4.48,0.0,42,18816,卖盘
2118,13:50:01,4.48,0.0,15,6720,卖盘
2119,13:50:06,4.48,0.0,80,35840,卖盘
2120,13:50:10,4.48,0.0,270,120960,卖盘
2121,13:50:19,4.48,0.0,1,448,卖盘
2122,13:50:31,4.48,0.0,1,448,卖盘
2123,13:50:34,4.48,0.0,89,39872,卖盘
2124,13:50:43,4.48,0.0,6,2688,卖盘
2125,13:50:58,4.48,0.0,90,40320,卖盘
2126,13:51:00,4.49,0.01,58,26042,买盘
2127,13:51:10,4.48,-0.01,9,4032,卖盘
2128,13:51:13,4.48,0.0,3,1344,卖盘
2129,13:51:30,4.48,0.0,272,121856,卖盘
2130,13:51:42,4.48,0.0,3,1344,卖盘
2131,13:51:55,4.48,0.0,60,26880,卖盘
2132,13:52:10,4.48,0.0,118,52864,卖盘
2133,13:52:13,4.49,0.01,31,13901,买盘
2134,13:52:16,4.48,-0.01,159,71232,卖盘
2135,13:52:19,4.49,0.01,45,20190,买盘
2136,13:52:28,4.48,-0.01,172,77056,卖盘
2137,13:52:34,4.48,0.0,15,6720,卖盘
2138,13:52:36,4.48,0.0,99,44352,卖盘
2139,13:52:40,4.48,0.0,6,2688,卖盘
2140,13:52:43,4.49,0.01,10,4490,买盘
2141,13:52:48,4.48,-0.01,24,10752,卖盘
2142,13:52:57,4.48,0.0,22,9876,卖盘
2143,13:53:00,4.48,0.0,371,166208,卖盘
2144,13:53:07,4.47,-0.01,1048,468456,卖盘
2145,13:53:22,4.47,0.0,49,21903,卖盘
2146,13:53:25,4.48,0.01,126,56448,买盘
2147,13:53:33,4.47,-0.01,410,183270,卖盘
2148,13:53:37,4.47,0.0,103,46041,卖盘
2149,13:53:40,4.46,-0.01,36,16080,卖盘
2150,13:53:42,4.48,0.02,4,1789,买盘
2151,13:53:55,4.47,-0.01,10,4470,买盘
2152,13:54:04,4.47,0.0,100,44700,买盘
2153,13:54:10,4.46,-0.01,117,52182,卖盘
2154,13:54:13,4.47,0.01,324,144805,买盘
2155,13:54:22,4.47,0.0,50,22350,卖盘
2156,13:54:24,4.47,0.0,21,9387,卖盘
2157,13:54:30,4.47,0.0,23,10281,中性盘
2158,13:54:39,4.47,0.0,2,894,买盘
2159,13:54:43,4.47,0.0,100,44700,买盘
2160,13:54:46,4.47,0.0,30,13410,买盘
2161,13:54:55,4.47,0.0,45,20115,买盘
2162,13:54:58,4.47,0.0,3,1341,卖盘
2163,13:55:10,4.48,0.01,9,4032,买盘
2164,13:55:13,4.47,-0.01,225,100575,卖盘
2165,13:55:16,4.47,0.0,670,299490,买盘
2166,13:55:19,4.47,0.0,10,4470,买盘
2167,13:55:25,4.47,0.0,33,14751,买盘
2168,13:55:31,4.47,0.0,52,23244,买盘
2169,13:55:34,4.46,-0.01,40,17840,卖盘
2170,13:55:37,4.47,0.01,12,5364,买盘
2171,13:55:40,4.46,-0.01,1,446,卖盘
2172,13:55:43,4.46,0.0,10,4460,卖盘
2173,13:55:46,4.46,0.0,490,218940,卖盘
2174,13:55:52,4.46,0.0,225,100350,卖盘
2175,13:55:55,4.46,0.0,117,52236,卖盘
2176,13:55:58,4.46,0.0,32,14272,卖盘
2177,13:56:01,4.46,0.0,122,54494,卖盘
2178,13:56:04,4.46,0.0,178,79388,卖盘
2179,13:56:07,4.46,0.0,99,44154,卖盘
2180,13:56:09,4.46,0.0,139,61994,卖盘
2181,13:56:13,4.47,0.01,75,33499,买盘
2182,13:56:16,4.46,-0.01,100,44600,卖盘
2183,13:56:19,4.46,0.0,10,4460,卖盘
2184,13:56:25,4.46,0.0,40,17840,卖盘
2185,13:56:28,4.46,0.0,23,10258,卖盘
2186,13:56:37,4.46,0.0,62,27652,卖盘
2187,13:56:39,4.46,0.0,36,16056,卖盘
2188,13:56:43,4.46,0.0,12,5352,卖盘
2189,13:56:49,4.46,0.0,15,6690,卖盘
2190,13:56:52,4.46,0.0,19,8474,卖盘
2191,13:56:58,4.46,0.0,172,76712,卖盘
2192,13:57:01,4.46,0.0,30,13380,卖盘
2193,13:57:04,4.46,0.0,35,15610,卖盘
2194,13:57:06,4.47,0.01,18,8046,买盘
2195,13:57:10,4.46,-0.01,40,17840,卖盘
2196,13:57:16,4.46,0.0,100,44600,卖盘
2197,13:57:19,4.46,0.0,180,80287,卖盘
2198,13:57:21,4.46,0.0,4,1784,卖盘
2199,13:57:25,4.46,0.0,137,61102,卖盘
2200,13:57:31,4.46,0.0,5,2230,卖盘
2201,13:57:39,4.47,0.01,10,4463,买盘
2202,13:57:46,4.47,0.0,2,894,买盘
2203,13:57:52,4.47,0.0,50,22350,买盘
2204,13:57:58,4.46,-0.01,12,5353,卖盘
2205,13:58:04,4.47,0.01,2,894,买盘
2206,13:58:10,4.47,0.0,218,97328,买盘
2207,13:58:13,4.46,-0.01,10,4460,卖盘
2208,13:58:16,4.46,0.0,13,5808,卖盘
2209,13:58:19,4.46,0.0,16,7136,卖盘
2210,13:58:22,4.46,0.0,24,10704,卖盘
2211,13:58:25,4.47,0.01,17,7594,买盘
2212,13:58:30,4.47,0.0,50,22350,买盘
2213,13:58:33,4.47,0.0,115,51405,买盘
2214,13:58:37,4.47,0.0,20,8940,买盘
2215,13:58:40,4.47,0.0,120,53640,买盘
2216,13:58:42,4.46,-0.01,27,12042,卖盘
2217,13:58:48,4.47,0.01,15,6705,买盘
2218,13:58:51,4.46,-0.01,50,22320,卖盘
2219,13:58:55,4.46,0.0,25,11150,卖盘
2220,13:59:01,4.47,0.01,30,13410,买盘
2221,13:59:06,4.46,-0.01,410,182860,卖盘
2222,13:59:09,4.47,0.01,33,14751,买盘
2223,13:59:12,4.47,0.0,73,32631,买盘
2224,13:59:18,4.46,-0.01,29,12937,卖盘
2225,13:59:40,4.47,0.01,40,17880,买盘
2226,13:59:43,4.47,0.0,14,6258,买盘
2227,13:59:49,4.47,0.0,11,4917,买盘
2228,13:59:51,4.47,0.0,33,14748,买盘
2229,13:59:58,4.47,0.0,19,8493,买盘
2230,14:00:01,4.46,-0.01,3,1338,卖盘
2231,14:00:04,4.47,0.01,20,8940,买盘
2232,14:00:06,4.47,0.0,74,33078,买盘
2233,14:00:10,4.46,-0.01,117,52182,卖盘
2234,14:00:22,4.46,0.0,67,29882,卖盘
2235,14:00:24,4.46,0.0,10,4460,卖盘
2236,14:00:28,4.46,0.0,131,58426,卖盘
2237,14:00:34,4.46,0.0,197,87862,卖盘
2238,14:00:36,4.46,0.0,5,2230,卖盘
2239,14:00:40,4.46,0.0,123,54858,卖盘
2240,14:00:43,4.46,0.0,58,25868,卖盘
2241,14:00:46,4.46,0.0,557,248422,卖盘
2242,14:00:55,4.46,0.0,47,20962,买盘
2243,14:00:58,4.45,-0.01,380,169100,卖盘
2244,14:01:01,4.46,0.01,133,59315,买盘
2245,14:01:07,4.45,-0.01,10,4450,卖盘
2246,14:01:10,4.45,0.0,8,3560,卖盘
2247,14:01:13,4.45,0.0,300,133500,卖盘
2248,14:01:19,4.45,0.0,62,27595,卖盘
2249,14:01:25,4.45,0.0,142,63190,卖盘
2250,14:01:27,4.45,0.0,26,11570,卖盘
2251,14:01:30,4.45,0.0,40,17800,卖盘
2252,14:01:34,4.45,0.0,61,27145,卖盘
2253,14:01:40,4.45,0.0,2,890,卖盘
2254,14:01:43,4.45,0.0,212,94340,卖盘
2255,14:01:46,4.45,0.0,35,15575,卖盘
2256,14:01:49,4.45,0.0,318,141510,卖盘
2257,14:01:52,4.45,0.0,150,66750,卖盘
2258,14:01:55,4.45,0.0,218,97010,卖盘
2259,14:01:58,4.45,0.0,84,37384,卖盘
2260,14:02:07,4.44,-0.01,143,63492,卖盘
2261,14:02:10,4.44,0.0,127,56388,卖盘
2262,14:02:19,4.45,0.01,62,27577,买盘
2263,14:02:25,4.44,-0.01,107,47508,卖盘
2264,14:02:28,4.44,0.0,197,87468,卖盘
2265,14:02:34,4.45,0.01,25,11105,买盘
2266,14:02:36,4.44,-0.01,4,1776,卖盘
2267,14:02:40,4.44,0.0,9,3996,卖盘
2268,14:02:42,4.45,0.01,477,212264,买盘
2269,14:02:48,4.45,0.0,2,890,买盘
2270,14:02:52,4.44,-0.01,75,33370,卖盘
2271,14:02:55,4.45,0.01,185,82240,买盘
2272,14:02:58,4.45,0.0,163,72532,买盘
2273,14:03:01,4.44,-0.01,30,13320,卖盘
2274,14:03:04,4.45,0.01,475,211372,买盘
2275,14:03:10,4.45,0.0,67,29815,买盘
2276,14:03:16,4.46,0.01,25,11130,买盘
2277,14:03:19,4.45,-0.01,5,2225,卖盘
2278,14:03:24,4.45,0.0,70,31150,卖盘
2279,14:03:28,4.46,0.01,100,44600,买盘
2280,14:03:33,4.45,-0.01,56,24920,卖盘
2281,14:03:39,4.45,0.0,82,36562,卖盘
2282,14:03:43,4.45,0.0,555,246975,卖盘
2283,14:03:46,4.45,0.0,103,45935,卖盘
2284,14:03:49,4.45,0.0,3,1335,卖盘
2285,14:03:52,4.46,0.01,2,892,买盘
2286,14:03:55,4.45,-0.01,77,34265,卖盘
2287,14:03:58,4.45,0.0,3,1335,卖盘
2288,14:04:04,4.46,0.01,20,8920,买盘
2289,14:04:06,4.45,-0.01,113,50305,卖盘
2290,14:04:10,4.45,0.0,138,61430,卖盘
2291,14:04:22,4.46,0.01,901,401846,买盘
2292,14:04:31,4.47,0.01,60,26820,买盘
2293,14:04:34,4.46,-0.01,81,36126,卖盘
2294,14:04:40,4.47,0.01,10,4470,买盘
2295,14:04:46,4.47,0.0,1,447,买盘
2296,14:04:48,4.47,0.0,100,44700,买盘
2297,14:04:52,4.47,0.0,23,10281,买盘
2298,14:04:57,4.47,0.0,51,22797,买盘
2299,14:05:01,4.47,0.0,20,8940,买盘
2300,14:05:04,4.47,0.0,221,98787,买盘
2301,14:05:07,4.47,0.0,10,4470,买盘
2302,14:05:09,4.46,-0.01,203,90738,卖盘
2303,14:05:13,4.46,0.0,33,14718,卖盘
2304,14:05:19,4.47,0.01,57,25479,买盘
2305,14:05:34,4.48,0.01,1,448,买盘
2306,14:05:36,4.47,-0.01,95,42465,卖盘
2307,14:05:42,4.48,0.01,24,10748,买盘
2308,14:05:49,4.48,0.0,50,22400,买盘
2309,14:05:58,4.47,-0.01,500,223500,卖盘
2310,14:06:04,4.47,0.0,119,53193,卖盘
2311,14:06:07,4.47,0.0,12,5364,买盘
2312,14:06:09,4.46,-0.01,199,88854,卖盘
2313,14:06:19,4.47,0.01,34,15198,卖盘
2314,14:06:25,4.47,0.0,20,8940,卖盘
2315,14:06:34,4.48,0.01,30,13440,买盘
2316,14:06:37,4.47,-0.01,77,34419,卖盘
2317,14:06:40,4.47,0.0,31,13857,卖盘
2318,14:06:42,4.47,0.0,10,4470,卖盘
2319,14:06:48,4.47,0.0,424,189528,卖盘
2320,14:06:52,4.47,0.0,102,45584,买盘
2321,14:06:58,4.47,0.0,4,1788,买盘
2322,14:07:01,4.47,0.0,13,5811,买盘
2323,14:07:04,4.47,0.0,202,90294,买盘
2324,14:07:07,4.46,-0.01,3,1338,卖盘
2325,14:07:09,4.47,0.01,20,8940,买盘
2326,14:07:12,4.46,-0.01,150,66956,卖盘
2327,14:07:15,4.46,0.0,1066,475436,卖盘
2328,14:07:22,4.46,0.0,235,104810,卖盘
2329,14:07:25,4.46,0.0,6,2676,卖盘
2330,14:07:28,4.46,0.0,50,22300,卖盘
2331,14:07:31,4.47,0.01,8,3576,买盘
2332,14:07:48,4.47,0.0,8,3576,买盘
2333,14:08:10,4.46,-0.01,121,53966,卖盘
2334,14:08:13,4.46,0.0,233,103918,卖盘
2335,14:08:19,4.46,0.0,94,41924,卖盘
2336,14:08:25,4.46,0.0,86,38356,卖盘
2337,14:08:31,4.46,0.0,4,1784,卖盘
2338,14:08:34,4.46,0.0,9,4014,买盘
2339,14:08:37,4.46,0.0,80,35680,买盘
2340,14:08:43,4.46,0.0,32,14272,买盘
2341,14:08:45,4.46,0.0,89,39694,买盘
2342,14:08:52,4.46,0.0,11,4906,卖盘
2343,14:08:57,4.47,0.01,37,16509,买盘
2344,14:09:04,4.46,-0.01,24,10704,卖盘
2345,14:09:06,4.46,0.0,56,24976,卖盘
2346,14:09:09,4.46,0.0,15,6690,卖盘
2347,14:09:12,4.46,0.0,41,18286,卖盘
2348,14:09:16,4.46,0.0,26,11596,买盘
2349,14:09:19,4.45,-0.01,50,22250,卖盘
2350,14:09:22,4.46,0.01,10,4460,买盘
2351,14:09:25,4.46,0.0,20,8920,买盘
2352,14:09:46,4.45,-0.01,20,8900,卖盘
2353,14:09:52,4.46,0.01,66,29436,买盘
2354,14:10:04,4.46,0.0,135,60200,买盘
2355,14:10:06,4.46,0.0,4,1784,买盘
2356,14:10:10,4.45,-0.01,117,52065,卖盘
2357,14:10:12,4.45,0.0,21,9363,卖盘
2358,14:10:15,4.45,0.0,10,4450,卖盘
2359,14:10:18,4.46,0.01,10,4460,买盘
2360,14:10:21,4.45,-0.01,103,45835,卖盘
2361,14:10:25,4.46,0.01,23,10258,买盘
2362,14:10:40,4.46,0.0,11,4906,买盘
2363,14:10:43,4.46,0.0,3,1338,买盘
2364,14:10:48,4.46,0.0,31,13826,卖盘
2365,14:11:04,4.46,0.0,3,1338,卖盘
2366,14:11:07,4.46,0.0,168,74928,卖盘
2367,14:11:10,4.46,0.0,52,23192,买盘
2368,14:11:22,4.46,0.0,20,8920,卖盘
2369,14:11:25,4.46,0.0,10,4460,卖盘
2370,14:11:31,4.46,0.0,52,23192,卖盘
2371,14:11:43,4.46,0.0,76,33896,卖盘
2372,14:11:45,4.47,0.01,110,49170,买盘
2373,14:11:48,4.47,0.0,200,89400,买盘
2374,14:11:52,4.46,-0.01,63,28112,卖盘
2375,14:11:58,4.47,0.01,219,97893,买盘
2376,14:12:07,4.46,-0.01,7,3127,卖盘
2377,14:12:10,4.46,0.0,117,52182,卖盘
2378,14:12:12,4.46,0.0,94,41924,卖盘
2379,14:12:19,4.46,0.0,51,22746,卖盘
2380,14:12:28,4.46,0.0,25,11150,卖盘
2381,14:12:31,4.46,0.0,62,27662,卖盘
2382,14:12:34,4.46,0.0,60,26760,卖盘
2383,14:12:45,4.47,0.01,20,8940,买盘
2384,14:12:49,4.47,0.0,25,11175,买盘
2385,14:12:52,4.47,0.0,171,76437,买盘
2386,14:12:58,4.47,0.0,5,2235,买盘
2387,14:13:06,4.47,0.0,10,4470,买盘
2388,14:13:10,4.47,0.0,56,24981,买盘
2389,14:13:12,4.46,-0.01,103,46038,卖盘
2390,14:13:19,4.47,0.01,214,95564,买盘
2391,14:13:22,4.47,0.0,79,35279,买盘
2392,14:13:27,4.47,0.0,25,11175,买盘
2393,14:13:30,4.47,0.0,99,44253,买盘
2394,14:13:34,4.47,0.0,20,8940,买盘
2395,14:13:37,4.47,0.0,40,17880,买盘
2396,14:13:40,4.47,0.0,102,45594,买盘
2397,14:13:42,4.47,0.0,42,18774,买盘
2398,14:13:46,4.47,0.0,49,21903,卖盘
2399,14:14:04,4.46,-0.01,4,1784,卖盘
2400,14:14:06,4.47,0.01,18,8046,买盘
2401,14:14:10,4.46,-0.01,168,75059,卖盘
2402,14:14:22,4.47,0.01,62,27714,卖盘
2403,14:14:37,4.47,0.0,52,23244,卖盘
2404,14:14:39,4.47,0.0,30,13410,卖盘
2405,14:14:48,4.47,0.0,12,5370,卖盘
2406,14:14:51,4.47,0.0,67,29949,卖盘
2407,14:14:55,4.47,0.0,52,23244,卖盘
2408,14:15:01,4.47,0.0,96,42912,卖盘
2409,14:15:07,4.48,0.01,67,29979,买盘
2410,14:15:10,4.47,-0.01,10,4470,卖盘
2411,14:15:16,4.47,0.0,54,24138,卖盘
2412,14:15:19,4.47,0.0,6,2682,买盘
2413,14:15:21,4.47,0.0,9,4023,卖盘
2414,14:15:25,4.47,0.0,37,16539,买盘
2415,14:15:27,4.47,0.0,6,2682,买盘
2416,14:15:31,4.47,0.0,25,11175,买盘
2417,14:15:34,4.47,0.0,20,8940,买盘
2418,14:15:37,4.47,0.0,4,1788,买盘
2419,14:15:40,4.47,0.0,69,30843,卖盘
2420,14:15:49,4.47,0.0,50,22350,买盘
2421,14:15:52,4.46,-0.01,24,10704,卖盘
2422,14:16:00,4.47,0.01,105,46935,买盘
2423,14:16:07,4.47,0.0,20,8940,买盘
2424,14:16:10,4.46,-0.01,117,52182,卖盘
2425,14:16:19,4.46,0.0,10,4460,卖盘
2426,14:16:22,4.47,0.01,114,50958,买盘
2427,14:16:25,4.47,0.0,2,894,买盘
2428,14:16:31,4.47,0.0,73,32631,买盘
2429,14:16:55,4.47,0.0,15,6705,买盘
2430,14:16:58,4.46,-0.01,4,1784,卖盘
2431,14:17:09,4.47,0.01,74,33078,买盘
2432,14:17:12,4.47,0.0,777,347299,买盘
2433,14:17:25,4.46,-0.01,8,3568,卖盘
2434,14:17:31,4.46,0.0,3,1338,卖盘
2435,14:17:33,4.47,0.01,30,13410,买盘
2436,14:17:37,4.47,0.0,222,99234,买盘
2437,14:17:39,4.46,-0.01,100,44650,卖盘
2438,14:17:43,4.47,0.01,2,894,买盘
2439,14:17:46,4.46,-0.01,142,63332,卖盘
2440,14:17:49,4.47,0.01,100,44700,买盘
2441,14:17:57,4.46,-0.01,3,1338,卖盘
2442,14:18:04,4.46,0.0,1,446,卖盘
2443,14:18:10,4.46,0.0,117,52182,卖盘
2444,14:18:16,4.47,0.01,23,10281,买盘
2445,14:18:18,4.47,0.0,20,8940,买盘
2446,14:18:22,4.47,0.0,100,44700,买盘
2447,14:18:27,4.47,0.0,10,4470,买盘
2448,14:18:33,4.47,0.0,34,15198,买盘
2449,14:18:40,4.47,0.0,6,2682,买盘
2450,14:18:43,4.47,0.0,58,25926,买盘
2451,14:18:49,4.47,0.0,48,21456,买盘
2452,14:18:52,4.47,0.0,10,4470,卖盘
2453,14:19:04,4.47,0.0,22,9834,卖盘
2454,14:19:06,4.47,0.0,3,1341,卖盘
2455,14:19:13,4.48,0.01,266,119161,买盘
2456,14:19:16,4.48,0.0,3,1344,买盘
2457,14:19:24,4.47,-0.01,181,80910,卖盘
2458,14:19:37,4.47,0.0,132,59126,卖盘
2459,14:19:40,4.47,0.0,19,8493,卖盘
2460,14:19:52,4.47,0.0,1868,833039,卖盘
2461,14:19:54,4.48,0.01,130,58210,买盘
2462,14:19:57,4.48,0.0,100,44797,买盘
2463,14:20:07,4.48,0.0,100,44729,买盘
2464,14:20:16,4.46,-0.02,10,4460,卖盘
2465,14:20:22,4.46,0.0,18,8028,买盘
2466,14:20:28,4.46,0.0,9,4014,买盘
2467,14:20:30,4.46,0.0,1,446,卖盘
2468,14:20:40,4.46,0.0,20,8920,卖盘
2469,14:20:48,4.46,0.0,12,5352,卖盘
2470,14:20:51,4.46,0.0,128,57185,买盘
2471,14:21:01,4.47,0.01,1,447,买盘
2472,14:21:04,4.46,-0.01,43,19178,卖盘
2473,14:21:07,4.46,0.0,13,5798,买盘
2474,14:21:10,4.46,0.0,7,3122,卖盘
2475,14:21:13,4.45,-0.01,4,1781,卖盘
2476,14:21:15,4.46,0.01,173,77044,买盘
2477,14:21:27,4.46,0.0,20,8920,卖盘
2478,14:21:43,4.46,0.0,20,8920,卖盘
2479,14:21:52,4.47,0.01,16,7152,买盘
2480,14:21:55,4.46,-0.01,30,13380,卖盘
2481,14:21:58,4.46,0.0,3,1338,卖盘
2482,14:22:07,4.47,0.01,20,8940,买盘
2483,14:22:10,4.46,-0.01,142,63332,卖盘
2484,14:22:13,4.46,0.0,2,892,卖盘
2485,14:22:16,4.46,0.0,19,8474,卖盘
2486,14:22:18,4.47,0.01,32,14304,买盘
2487,14:22:24,4.47,0.0,14,6258,买盘
2488,14:22:28,4.47,0.0,10,4470,买盘
2489,14:22:31,4.46,-0.01,9,4014,卖盘
2490,14:22:34,4.47,0.01,8,3569,买盘
2491,14:22:43,4.46,-0.01,55,24530,卖盘
2492,14:22:46,4.46,0.0,10,4460,卖盘
2493,14:22:52,4.47,0.01,261,116667,买盘
2494,14:22:58,4.46,-0.01,10,4460,卖盘
2495,14:23:00,4.46,0.0,5,2230,卖盘
2496,14:23:13,4.47,0.01,23,10261,买盘
2497,14:23:25,4.46,-0.01,1,446,卖盘
2498,14:23:27,4.47,0.01,7,3129,买盘
2499,14:23:31,4.47,0.0,13,5811,买盘
2500,14:23:40,4.47,0.0,10,4470,买盘
2501,14:23:42,4.47,0.0,2,894,买盘
2502,14:23:49,4.46,-0.01,162,72252,卖盘
2503,14:23:51,4.47,0.01,13,5811,买盘
2504,14:24:00,4.47,0.0,50,22350,买盘
2505,14:24:04,4.46,-0.01,3,1338,卖盘
2506,14:24:10,4.46,0.0,118,52628,卖盘
2507,14:24:13,4.47,0.01,10,4470,买盘
2508,14:24:16,4.47,0.0,3,1341,买盘
2509,14:24:19,4.47,0.0,15,6705,买盘
2510,14:24:24,4.46,-0.01,106,47276,卖盘
2511,14:24:34,4.47,0.01,568,253896,买盘
2512,14:24:46,4.47,0.0,19,8493,卖盘
2513,14:24:51,4.47,0.0,10,4470,买盘
2514,14:25:04,4.47,0.0,16,7152,买盘
2515,14:25:06,4.47,0.0,6,2682,卖盘
2516,14:25:13,4.47,0.0,11,4917,卖盘
2517,14:25:22,4.47,0.0,3,1341,卖盘
2518,14:25:25,4.47,0.0,198,88506,卖盘
2519,14:25:28,4.47,0.0,50,22350,买盘
2520,14:25:31,4.47,0.0,4,1788,买盘
2521,14:25:34,4.47,0.0,28,12516,买盘
2522,14:25:42,4.46,-0.01,500,223000,卖盘
2523,14:25:46,4.47,0.01,52,23200,买盘
2524,14:25:49,4.47,0.0,61,27267,买盘
2525,14:25:52,4.47,0.0,150,67050,买盘
2526,14:26:01,4.46,-0.01,1,446,卖盘
2527,14:26:09,4.46,0.0,120,53520,卖盘
2528,14:26:18,4.47,0.01,265,118455,买盘
2529,14:26:25,4.47,0.0,1,447,买盘
2530,14:26:34,4.47,0.0,50,22350,买盘
2531,14:26:37,4.47,0.0,2,894,买盘
2532,14:26:39,4.47,0.0,37,16539,买盘
2533,14:26:43,4.47,0.0,50,22350,买盘
2534,14:26:46,4.47,0.0,93,41571,买盘
2535,14:26:48,4.46,-0.01,10,4460,卖盘
2536,14:26:52,4.47,0.01,8,3576,买盘
2537,14:26:55,4.47,0.0,52,23244,买盘
2538,14:26:58,4.47,0.0,11,4917,买盘
2539,14:27:01,4.47,0.0,13,5811,买盘
2540,14:27:04,4.47,0.0,158,70626,买盘
2541,14:27:10,4.47,0.0,35,15645,卖盘
2542,14:27:13,4.47,0.0,3,1341,卖盘
2543,14:27:21,4.47,0.0,131,58557,卖盘
2544,14:27:28,4.48,0.01,1594,714112,买盘
2545,14:27:31,4.48,0.0,7,3136,卖盘
2546,14:27:33,4.49,0.01,16,7184,买盘
2547,14:27:37,4.49,0.0,80,35920,买盘
2548,14:27:40,4.49,0.0,3,1347,买盘
2549,14:27:43,4.49,0.0,7,3143,买盘
2550,14:27:45,4.49,0.0,130,58370,买盘
2551,14:27:48,4.48,-0.01,252,113072,卖盘
2552,14:27:52,4.49,0.01,486,218147,买盘
2553,14:27:54,4.49,0.0,33,14817,卖盘
2554,14:27:58,4.5,0.01,56,25200,买盘
2555,14:28:00,4.49,-0.01,12,5388,卖盘
2556,14:28:04,4.5,0.01,9,4042,买盘
2557,14:28:07,4.5,0.0,175,78750,买盘
2558,14:28:09,4.49,-0.01,123,55227,卖盘
2559,14:28:13,4.5,0.01,83,37350,买盘
2560,14:28:19,4.49,-0.01,393,176702,卖盘
2561,14:28:22,4.49,0.0,74,33293,卖盘
2562,14:28:27,4.49,0.0,20,8980,买盘
2563,14:28:30,4.49,0.0,25,11225,买盘
2564,14:28:34,4.49,0.0,20,8980,买盘
2565,14:28:36,4.48,-0.01,19,8512,卖盘
2566,14:28:40,4.48,0.0,125,56049,卖盘
2567,14:28:42,4.49,0.01,20,8980,买盘
2568,14:28:45,4.48,-0.01,3,1344,卖盘
2569,14:28:52,4.48,0.0,78,34987,卖盘
2570,14:28:55,4.48,0.0,29,13012,卖盘
2571,14:28:58,4.49,0.01,100,44900,买盘
2572,14:29:01,4.48,-0.01,68,30464,卖盘
2573,14:29:04,4.49,0.01,174,78126,买盘
2574,14:29:07,4.49,0.0,140,62860,买盘
2575,14:29:10,4.49,0.0,17,7617,买盘
2576,14:29:13,4.48,-0.01,223,99982,卖盘
2577,14:29:22,4.48,0.0,608,272384,卖盘
2578,14:29:25,4.48,0.0,29,12992,买盘
2579,14:29:34,4.48,0.0,100,44800,买盘
2580,14:29:37,4.47,-0.01,35,15645,卖盘
2581,14:29:39,4.47,0.0,13,5811,卖盘
2582,14:29:51,4.47,0.0,81,36207,卖盘
2583,14:29:54,4.47,0.0,15,6705,卖盘
2584,14:30:06,4.47,0.0,115,51419,卖盘
2585,14:30:10,4.47,0.0,267,119505,卖盘
2586,14:30:13,4.48,0.01,1,448,中性盘
2587,14:30:16,4.48,0.0,34,15232,卖盘
2588,14:30:21,4.48,0.0,4,1792,卖盘
2589,14:30:28,4.48,0.0,89,39872,卖盘
2590,14:30:31,4.49,0.01,155,69442,买盘
2591,14:30:33,4.48,-0.01,266,119188,卖盘
2592,14:30:37,4.49,0.01,123,55190,买盘
2593,14:30:40,4.48,-0.01,106,47488,卖盘
2594,14:30:43,4.49,0.01,4,1796,买盘
2595,14:30:49,4.49,0.0,16,7184,买盘
2596,14:30:51,4.48,-0.01,103,46144,卖盘
2597,14:31:04,4.48,0.0,155,69440,卖盘
2598,14:31:07,4.48,0.0,87,38996,卖盘
2599,14:31:25,4.48,0.0,34,15232,卖盘
2600,14:31:31,4.48,0.0,6,2688,卖盘
2601,14:31:34,4.48,0.0,172,77056,卖盘
2602,14:31:40,4.48,0.0,39,17472,卖盘
2603,14:31:43,4.48,0.0,318,142464,卖盘
2604,14:31:57,4.48,0.0,1,448,买盘
2605,14:32:04,4.48,0.0,256,114688,买盘
2606,14:32:06,4.48,0.0,146,65408,买盘
2607,14:32:09,4.47,-0.01,178,79694,卖盘
2608,14:32:13,4.48,0.01,49,21952,卖盘
2609,14:32:16,4.48,0.0,48,21504,卖盘
2610,14:32:19,4.48,0.0,2,896,卖盘
2611,14:32:22,4.48,0.0,7,3136,卖盘
2612,14:32:25,4.48,0.0,10,4480,卖盘
2613,14:32:28,4.48,0.0,35,15680,卖盘
2614,14:32:31,4.49,0.01,48,21520,买盘
2615,14:32:33,4.48,-0.01,56,25088,卖盘
2616,14:32:46,4.49,0.01,82,36758,买盘
2617,14:32:57,4.49,0.0,31,13919,买盘
2618,14:33:04,4.49,0.0,366,164068,买盘
2619,14:33:07,4.48,-0.01,20,8960,卖盘
2620,14:33:13,4.49,0.01,975,437708,买盘
2621,14:33:16,4.48,-0.01,237,106201,卖盘
2622,14:33:19,4.48,0.0,50,22400,卖盘
2623,14:33:22,4.5,0.02,43,19350,买盘
2624,14:33:25,4.49,-0.01,50,22450,卖盘
2625,14:33:28,4.49,0.0,272,122128,卖盘
2626,14:33:39,4.49,0.0,43,19307,卖盘
2627,14:33:43,4.49,0.0,8,3592,卖盘
2628,14:33:45,4.49,0.0,174,78295,卖盘
2629,14:33:49,4.49,0.0,15,6735,卖盘
2630,14:34:06,4.49,0.0,30,13470,卖盘
2631,14:34:09,4.49,0.0,117,52533,卖盘
2632,14:34:15,4.49,0.0,14,6286,卖盘
2633,14:34:22,4.49,0.0,100,44900,卖盘
2634,14:34:31,4.49,0.0,10,4490,卖盘
2635,14:34:33,4.49,0.0,234,105066,卖盘
2636,14:34:40,4.49,0.0,98,44002,卖盘
2637,14:34:43,4.49,0.0,11,4939,卖盘
2638,14:34:46,4.49,0.0,88,39512,买盘
2639,14:34:48,4.49,0.0,10,4490,买盘
2640,14:34:52,4.49,0.0,56,25144,卖盘
2641,14:34:58,4.49,0.0,20,8980,卖盘
2642,14:35:09,4.48,-0.01,183,81985,卖盘
2643,14:35:12,4.49,0.01,1,449,买盘
2644,14:35:16,4.49,0.0,93,41757,买盘
2645,14:35:19,4.49,0.0,10,4490,卖盘
2646,14:35:24,4.49,0.0,25,11225,卖盘
2647,14:35:28,4.49,0.0,39,17511,卖盘
2648,14:35:33,4.49,0.0,37,16613,买盘
2649,14:35:36,4.5,0.01,14,6300,买盘
2650,14:35:43,4.49,-0.01,57,25593,卖盘
2651,14:35:49,4.49,0.0,155,69595,买盘
2652,14:35:52,4.49,0.0,28,12572,买盘
2653,14:36:01,4.49,0.0,10,4490,卖盘
2654,14:36:04,4.5,0.01,439,197550,买盘
2655,14:36:07,4.49,-0.01,135,60720,卖盘
2656,14:36:09,4.5,0.01,165,74088,买盘
2657,14:36:13,4.5,0.0,639,287517,买盘
2658,14:36:16,4.49,-0.01,50,22460,卖盘
2659,14:36:19,4.5,0.01,129,57996,买盘
2660,14:36:22,4.5,0.0,40,18000,买盘
2661,14:36:25,4.5,0.0,8,3600,买盘
2662,14:36:34,4.5,0.0,25,11250,卖盘
2663,14:36:37,4.5,0.0,21,9469,卖盘
2664,14:36:39,4.51,0.01,64,28864,买盘
2665,14:36:42,4.51,0.0,7,3157,买盘
2666,14:36:46,4.51,0.0,50,22530,买盘
2667,14:36:52,4.51,0.0,415,187165,买盘
2668,14:36:58,4.51,0.0,29,13079,买盘
2669,14:37:01,4.51,0.0,10,4510,买盘
2670,14:37:04,4.51,0.0,73,32913,买盘
2671,14:37:07,4.51,0.0,34,15334,买盘
2672,14:37:10,4.51,0.0,15,6765,买盘
2673,14:37:13,4.5,-0.01,86,38785,卖盘
2674,14:37:19,4.51,0.01,53,23903,买盘
2675,14:37:22,4.5,-0.01,29,13053,卖盘
2676,14:37:25,4.51,0.01,20,9020,买盘
2677,14:37:27,4.5,-0.01,21,9450,卖盘
2678,14:37:31,4.51,0.01,48,21648,买盘
2679,14:37:34,4.5,-0.01,167,75311,卖盘
2680,14:37:37,4.52,0.02,1631,736766,买盘
2681,14:37:39,4.53,0.01,50,22650,买盘
2682,14:37:43,4.52,-0.01,52,23504,卖盘
2683,14:37:45,4.52,0.0,21,9492,买盘
2684,14:37:48,4.52,0.0,9,4068,买盘
2685,14:37:52,4.53,0.01,50,22650,买盘
2686,14:37:54,4.52,-0.01,752,340611,卖盘
2687,14:37:58,4.53,0.01,50,22650,买盘
2688,14:38:00,4.53,0.0,153,69195,买盘
2689,14:38:04,4.52,-0.01,12,5424,卖盘
2690,14:38:07,4.53,0.01,109,49377,买盘
2691,14:38:10,4.52,-0.01,117,52884,卖盘
2692,14:38:13,4.53,0.01,293,132729,买盘
2693,14:38:15,4.52,-0.01,141,63762,卖盘
2694,14:38:19,4.53,0.01,83,37599,买盘
2695,14:38:22,4.53,0.0,49,22185,买盘
2696,14:38:25,4.52,-0.01,237,107124,卖盘
2697,14:38:27,4.52,0.0,40,18080,买盘
2698,14:38:31,4.52,0.0,41,18532,买盘
2699,14:38:34,4.52,0.0,347,156864,买盘
2700,14:38:37,4.52,0.0,188,85026,卖盘
2701,14:38:40,4.52,0.0,827,374029,卖盘
2702,14:38:43,4.51,-0.01,11,4967,卖盘
2703,14:38:51,4.52,0.01,41,18512,买盘
2704,14:38:55,4.52,0.0,13,5876,买盘
2705,14:38:58,4.52,0.0,29,13095,买盘
2706,14:39:01,4.52,0.0,27,12204,买盘
2707,14:39:07,4.52,0.0,100,45200,买盘
2708,14:39:10,4.52,0.0,631,285196,买盘
2709,14:39:13,4.52,0.0,73,32963,买盘
2710,14:39:18,4.51,-0.01,10,4510,卖盘
2711,14:39:22,4.51,0.0,9,4059,卖盘
2712,14:39:25,4.51,0.0,6,2706,卖盘
2713,14:39:28,4.51,0.0,440,198854,卖盘
2714,14:39:30,4.51,0.0,10,4510,卖盘
2715,14:39:34,4.52,0.01,5,2260,买盘
2716,14:39:36,4.52,0.0,200,90400,买盘
2717,14:39:40,4.51,-0.01,32,14432,卖盘
2718,14:39:43,4.51,0.0,25,11275,卖盘
2719,14:39:45,4.52,0.01,20,9030,买盘
2720,14:39:48,4.52,0.0,348,157296,买盘
2721,14:39:52,4.52,0.0,3,1356,买盘
2722,14:39:55,4.52,0.0,1,452,买盘
2723,14:39:58,4.51,-0.01,66,29766,卖盘
2724,14:40:04,4.52,0.01,20,9040,买盘
2725,14:40:07,4.52,0.0,990,447449,买盘
2726,14:40:10,4.52,0.0,144,65088,卖盘
2727,14:40:16,4.52,0.0,29,13108,卖盘
2728,14:40:22,4.52,0.0,385,174020,卖盘
2729,14:40:28,4.52,0.0,306,138206,卖盘
2730,14:40:31,4.52,0.0,324,146607,卖盘
2731,14:40:34,4.52,0.0,3,1356,卖盘
2732,14:40:37,4.52,0.0,97,43844,买盘
2733,14:40:39,4.52,0.0,104,47008,卖盘
2734,14:40:43,4.52,0.0,12,5424,买盘
2735,14:40:46,4.52,0.0,85,38379,买盘
2736,14:40:52,4.51,-0.01,15,6765,卖盘
2737,14:40:55,4.52,0.01,61,27572,买盘
2738,14:41:04,4.52,0.0,80,36160,买盘
2739,14:41:06,4.52,0.0,430,194350,买盘
2740,14:41:09,4.52,0.0,250,112984,买盘
2741,14:41:13,4.52,0.0,6,2712,卖盘
2742,14:41:16,4.52,0.0,3,1356,卖盘
2743,14:41:19,4.52,0.0,66,29832,卖盘
2744,14:41:22,4.52,0.0,41,18532,卖盘
2745,14:41:25,4.52,0.0,44,19888,卖盘
2746,14:41:28,4.52,0.0,25,11300,卖盘
2747,14:41:30,4.52,0.0,130,58760,卖盘
2748,14:41:34,4.52,0.0,18,8136,买盘
2749,14:41:40,4.52,0.0,59,26618,买盘
2750,14:41:43,4.52,0.0,31,14012,买盘
2751,14:41:45,4.51,-0.01,241,108741,卖盘
2752,14:41:48,4.51,0.0,91,41041,卖盘
2753,14:41:51,4.52,0.01,270,121774,买盘
2754,14:41:58,4.52,0.0,53,23934,买盘
2755,14:42:01,4.51,-0.01,7,3157,卖盘
2756,14:42:04,4.51,0.0,134,60434,卖盘
2757,14:42:07,4.51,0.0,52,23452,卖盘
2758,14:42:10,4.52,0.01,279,125929,买盘
2759,14:42:16,4.51,-0.01,14,6314,卖盘
2760,14:42:19,4.51,0.0,71,32021,卖盘
2761,14:42:22,4.51,0.0,713,321563,卖盘
2762,14:42:28,4.51,0.0,10,4510,买盘
2763,14:42:31,4.51,0.0,20,9020,买盘
2764,14:42:34,4.5,-0.01,526,237193,卖盘
2765,14:42:37,4.51,0.01,159,71709,买盘
2766,14:42:40,4.5,-0.01,16,7200,卖盘
2767,14:42:54,4.51,0.01,204,91962,买盘
2768,14:42:57,4.51,0.0,5,2255,卖盘
2769,14:43:01,4.51,0.0,6,2706,卖盘
2770,14:43:04,4.52,0.01,70,31590,买盘
2771,14:43:07,4.51,-0.01,185,83435,卖盘
2772,14:43:10,4.5,-0.01,671,302600,卖盘
2773,14:43:13,4.5,0.0,70,31531,卖盘
2774,14:43:16,4.5,0.0,8,3600,卖盘
2775,14:43:22,4.51,0.01,83,37420,买盘
2776,14:43:25,4.5,-0.01,50,22500,卖盘
2777,14:43:28,4.5,0.0,56,25200,卖盘
2778,14:43:31,4.5,0.0,33,14850,卖盘
2779,14:43:33,4.51,0.01,144,64900,买盘
2780,14:43:36,4.5,-0.01,22,9900,卖盘
2781,14:43:39,4.5,0.0,485,218707,卖盘
2782,14:43:49,4.51,0.01,5,2255,买盘
2783,14:43:54,4.51,0.0,50,22550,买盘
2784,14:43:58,4.5,-0.01,35,15750,卖盘
2785,14:44:07,4.5,0.0,33,14850,卖盘
2786,14:44:10,4.5,0.0,161,72450,卖盘
2787,14:44:13,4.5,0.0,40,18000,卖盘
2788,14:44:15,4.5,0.0,2,901,卖盘
2789,14:44:19,4.5,0.0,42,18900,卖盘
2790,14:44:25,4.5,0.0,5,2253,卖盘
2791,14:44:40,4.5,0.0,212,95400,卖盘
2792,14:44:43,4.51,0.01,99,44649,买盘
2793,14:44:52,4.5,-0.01,77,34650,卖盘
2794,14:44:55,4.5,0.0,44,19800,卖盘
2795,14:44:58,4.51,0.01,60,27060,买盘
2796,14:45:01,4.5,-0.01,50,22510,卖盘
2797,14:45:04,4.5,0.0,30,13500,卖盘
2798,14:45:07,4.51,0.01,40,18010,买盘
2799,14:45:09,4.51,0.0,13,5863,买盘
2800,14:45:13,4.5,-0.01,5,2250,卖盘
2801,14:45:28,4.5,0.0,20,9000,卖盘
2802,14:45:31,4.51,0.01,277,124660,买盘
2803,14:45:33,4.5,-0.01,20,9000,卖盘
2804,14:45:43,4.5,0.0,3,1350,卖盘
2805,14:45:46,4.51,0.01,748,337348,买盘
2806,14:45:52,4.5,-0.01,1010,454500,卖盘
2807,14:45:55,4.49,-0.01,596,268194,卖盘
2808,14:45:57,4.5,0.01,20,9000,买盘
2809,14:46:01,4.5,0.0,188,84778,买盘
2810,14:46:04,4.51,0.01,53,23903,买盘
2811,14:46:06,4.5,-0.01,32,14400,卖盘
2812,14:46:09,4.5,0.0,118,53100,卖盘
2813,14:46:19,4.51,0.01,30,13530,买盘
2814,14:46:25,4.5,-0.01,84,37800,卖盘
2815,14:46:28,4.51,0.01,10,4510,买盘
2816,14:46:30,4.5,-0.01,172,77400,卖盘
2817,14:46:33,4.51,0.01,5,2255,买盘
2818,14:46:37,4.51,0.0,16,7216,买盘
2819,14:46:43,4.51,0.0,54,24354,买盘
2820,14:46:46,4.51,0.0,65,29315,买盘
2821,14:46:49,4.51,0.0,50,22550,买盘
2822,14:46:54,4.51,0.0,12,5412,买盘
2823,14:46:58,4.51,0.0,157,70800,买盘
2824,14:47:01,4.5,-0.01,83,37373,卖盘
2825,14:47:07,4.51,0.01,236,106405,买盘
2826,14:47:10,4.51,0.0,10,4510,买盘
2827,14:47:13,4.5,-0.01,29,13059,卖盘
2828,14:47:19,4.51,0.01,35,15785,买盘
2829,14:47:22,4.51,0.0,5,2255,买盘
2830,14:47:25,4.51,0.0,94,42394,买盘
2831,14:47:31,4.51,0.0,50,22550,买盘
2832,14:47:34,4.5,-0.01,25,11270,卖盘
2833,14:47:40,4.51,0.01,23,10373,买盘
2834,14:47:45,4.51,0.0,155,69904,买盘
2835,14:47:52,4.51,0.0,297,133943,买盘
2836,14:47:55,4.51,0.0,117,52767,买盘
2837,14:48:01,4.51,0.0,15,6770,卖盘
2838,14:48:07,4.51,0.0,42,18942,卖盘
2839,14:48:10,4.51,0.0,121,54571,卖盘
2840,14:48:13,4.51,0.0,38,17138,卖盘
2841,14:48:19,4.52,0.01,300,135600,买盘
2842,14:48:22,4.52,0.0,80,36160,买盘
2843,14:48:28,4.51,-0.01,100,45100,卖盘
2844,14:48:33,4.51,0.0,22,9922,卖盘
2845,14:48:37,4.51,0.0,113,50963,卖盘
2846,14:48:40,4.52,0.01,20,9040,买盘
2847,14:48:43,4.52,0.0,31,14012,买盘
2848,14:48:46,4.52,0.0,6,2712,买盘
2849,14:48:52,4.52,0.0,13,5876,买盘
2850,14:48:55,4.52,0.0,50,22600,买盘
