,time,price,change,volume,amount,type
0,09:30:07,12.99,0.0,76,98300,买盘
1,09:30:31,12.94,-0.05,3,3882,买盘
2,09:30:34,12.94,0.0,1,1294,买盘
3,09:30:37,12.96,0.02,2,2592,卖盘
4,09:30:40,12.94,-0.02,1,1294,买盘
5,09:30:43,12.94,0.0,1,1294,买盘
6,09:30:46,12.94,0.0,1,1294,买盘
7,09:30:49,12.94,0.0,6,7764,买盘
8,09:30:52,12.94,0.0,1,1294,买盘
9,09:30:55,12.96,0.02,4,5178,买盘
10,09:32:19,12.97,0.01,4,5188,买盘
11,09:32:22,12.95,-0.02,31,40180,卖盘
12,09:32:25,12.98,0.03,1,1298,买盘
13,09:32:31,12.98,0.0,1,1298,买盘
14,09:32:34,12.98,0.0,1,1298,买盘
15,09:32:37,12.98,0.0,1,1298,买盘
16,09:32:40,12.98,0.0,1,1298,买盘
17,09:32:43,12.98,0.0,1,1298,买盘
18,09:32:46,12.98,0.0,1,1298,买盘
19,09:32:49,12.98,0.0,1,1298,买盘
20,09:32:52,12.98,0.0,1,1298,买盘
21,09:32:55,12.98,0.0,1,1298,买盘
22,09:32:58,12.98,0.0,1,1298,买盘
23,09:33:01,12.98,0.0,1,1298,买盘
24,09:33:05,12.98,0.0,1,1298,买盘
25,09:33:07,12.98,0.0,1,1298,买盘
26,09:33:10,12.98,0.0,19,24646,买盘
27,09:33:13,13.0,0.02,1,1300,中性盘
28,09:33:52,13.07,0.07,4,5228,买盘
29,09:33:55,12.98,-0.09,3,3894,卖盘
30,09:34:37,12.98,0.0,5,6490,卖盘
31,09:34:43,12.98,0.0,5,6490,卖盘
32,09:35:19,12.98,0.0,15,19470,卖盘
33,09:35:49,12.97,-0.01,3,3891,买盘
34,09:36:34,12.96,-0.01,7,9072,卖盘
35,09:36:52,12.96,0.0,6,7776,卖盘
36,09:38:19,12.96,0.0,2,2592,卖盘
37,09:38:25,12.96,0.0,10,12960,卖盘
38,09:38:28,12.96,0.0,1,1296,卖盘
39,09:38:31,12.96,0.0,3,3888,卖盘
40,09:38:40,12.95,-0.01,5,6475,卖盘
41,09:40:10,12.96,0.01,18,23328,买盘
42,09:40:13,12.95,-0.01,8,10360,卖盘
43,09:40:34,12.95,0.0,1,1295,买盘
44,09:40:52,12.91,-0.04,49,63310,卖盘
45,09:40:55,12.91,0.0,53,68423,买盘
46,09:41:13,12.91,0.0,20,25820,买盘
47,09:41:19,12.91,0.0,1,1291,买盘
48,09:41:22,12.91,0.0,1,1291,买盘
49,09:41:31,12.92,0.01,1,1292,中性盘
50,09:42:37,12.94,0.02,5,6470,卖盘
51,09:42:43,12.92,-0.02,20,25845,卖盘
52,09:43:05,12.91,-0.01,5,6455,卖盘
53,09:43:07,12.91,0.0,9,11619,卖盘
54,09:43:13,12.91,0.0,1,1291,卖盘
55,09:43:31,12.92,0.01,20,25840,买盘
56,09:43:37,12.92,0.0,1,1292,买盘
57,09:43:49,12.92,0.0,3,3876,买盘
58,09:43:52,12.92,0.0,1,1292,买盘
59,09:44:01,12.92,0.0,5,6460,买盘
60,09:44:10,12.95,0.03,10,12950,买盘
61,09:44:19,12.95,0.0,5,6475,买盘
62,09:44:40,12.95,0.0,1,1295,买盘
63,09:44:43,12.95,0.0,1,1295,卖盘
64,09:45:07,12.97,0.02,9,11673,买盘
65,09:45:58,12.96,-0.01,1,1296,买盘
66,09:46:01,12.96,0.0,4,5184,买盘
67,09:46:07,12.96,0.0,1,1296,卖盘
68,09:46:10,12.96,0.0,3,3888,卖盘
69,09:46:31,12.96,0.0,2,2592,卖盘
70,09:46:34,12.95,-0.01,2,2590,卖盘
71,09:46:43,12.95,0.0,6,7770,卖盘
72,09:47:04,12.97,0.02,35,45387,买盘
73,09:48:04,12.97,0.0,8,10376,买盘
74,09:48:10,12.97,0.0,1,1297,卖盘
75,09:48:13,12.97,0.0,3,3891,卖盘
76,09:48:16,12.97,0.0,4,5188,卖盘
77,09:49:28,12.93,-0.04,5,6465,卖盘
78,09:49:34,12.93,0.0,5,6465,卖盘
79,09:49:37,12.92,-0.01,3,3876,卖盘
80,09:50:13,12.92,0.0,8,10336,卖盘
81,09:50:28,12.93,0.01,6,7758,买盘
82,09:51:07,12.93,0.0,4,5172,卖盘
83,09:51:52,12.93,0.0,1,1293,买盘
84,09:52:34,12.93,0.0,5,6465,买盘
85,09:53:25,12.93,0.0,30,38820,卖盘
86,09:55:13,12.93,0.0,26,33618,卖盘
87,09:56:16,12.93,0.0,1,1293,卖盘
88,09:56:28,12.94,0.01,7,9058,买盘
89,09:56:43,12.94,0.0,2,2588,卖盘
90,09:56:49,12.94,0.0,2,2588,卖盘
91,09:57:10,12.94,0.0,2,2588,卖盘
92,09:57:22,12.94,0.0,16,20704,中性盘
93,09:57:28,12.93,-0.01,4,5172,卖盘
94,09:57:49,12.93,0.0,62,80166,卖盘
95,09:57:54,12.93,0.0,6,7758,卖盘
96,09:57:58,12.91,-0.02,17,21954,卖盘
97,09:59:43,12.94,0.03,8,10352,卖盘
98,09:59:55,12.94,0.0,29,37526,买盘
99,10:00:04,12.93,-0.01,8,10345,卖盘
100,10:01:10,12.93,0.0,1,1293,卖盘
101,10:01:16,12.94,0.01,2,2588,买盘
102,10:03:10,12.94,0.0,14,18116,买盘
103,10:03:28,12.94,0.0,15,19410,卖盘
104,10:03:37,12.93,-0.01,4,5173,卖盘
105,10:03:57,12.94,0.01,5,6470,买盘
106,10:04:04,12.94,0.0,32,41408,买盘
107,10:04:10,12.94,0.0,1,1294,卖盘
108,10:04:22,12.95,0.01,10,12950,买盘
109,10:04:25,12.95,0.0,50,64750,买盘
110,10:04:31,12.95,0.0,1,1295,买盘
111,10:04:34,12.95,0.0,19,24605,买盘
112,10:05:01,12.95,0.0,8,10360,卖盘
113,10:05:16,12.95,0.0,2,2590,买盘
114,10:05:19,12.95,0.0,57,73815,买盘
115,10:05:22,12.96,0.01,31,40166,买盘
116,10:05:25,12.96,0.0,3,3888,买盘
117,10:05:28,12.96,0.0,3,3888,买盘
118,10:05:31,12.96,0.0,3,3887,买盘
119,10:05:40,12.96,0.0,45,58320,买盘
120,10:05:58,12.98,0.02,13,16872,买盘
121,10:06:07,12.98,0.0,5,6510,卖盘
122,10:06:43,13.03,0.05,6,7818,买盘
123,10:06:55,13.04,0.01,5,6519,买盘
124,10:07:07,13.04,0.0,3,3912,买盘
125,10:07:16,13.04,0.0,4,5216,买盘
126,10:07:19,13.04,0.0,8,10427,买盘
127,10:07:28,13.04,0.0,2,2608,买盘
128,10:07:46,13.05,0.01,10,13050,买盘
129,10:07:49,13.05,0.0,3,3915,买盘
130,10:07:55,13.06,0.01,1,1306,买盘
131,10:08:10,13.05,-0.01,5,6525,买盘
132,10:08:31,13.04,-0.01,70,91280,卖盘
133,10:08:37,13.04,0.0,10,13040,卖盘
134,10:08:40,13.04,0.0,11,14344,卖盘
135,10:08:46,13.04,0.0,9,11736,卖盘
136,10:08:52,13.04,0.0,13,16952,卖盘
137,10:09:28,13.04,0.0,15,19558,买盘
138,10:10:07,13.0,-0.04,2,2600,卖盘
139,10:11:22,13.0,0.0,4,5200,买盘
140,10:11:46,13.0,0.0,1,1300,卖盘
141,10:11:52,13.03,0.03,10,13030,买盘
142,10:11:58,13.04,0.01,4,5216,买盘
143,10:12:07,13.04,0.0,10,13040,买盘
144,10:12:28,13.05,0.01,16,20876,买盘
145,10:12:37,13.04,-0.01,36,46944,卖盘
146,10:12:55,13.0,-0.04,3,3900,卖盘
147,10:13:04,13.0,0.0,3,3900,卖盘
148,10:13:07,13.0,0.0,1,1300,卖盘
149,10:13:10,13.0,0.0,8,10400,卖盘
150,10:13:31,13.0,0.0,1,1300,卖盘
151,10:14:07,13.0,0.0,1,1300,卖盘
152,10:14:37,13.0,0.0,5,6500,卖盘
153,10:14:58,13.01,0.01,2,2602,卖盘
154,10:15:07,13.01,0.0,1,1301,卖盘
155,10:16:07,13.01,0.0,1,1301,卖盘
156,10:16:28,13.01,0.0,20,26020,卖盘
157,10:16:58,13.0,-0.01,7,9100,卖盘
158,10:17:06,13.0,0.0,1,1300,卖盘
159,10:17:12,13.0,0.0,16,20800,卖盘
160,10:17:34,13.0,0.0,26,33800,卖盘
161,10:17:52,12.99,-0.01,1,1299,卖盘
162,10:17:55,12.99,0.0,1,1299,卖盘
163,10:18:07,12.99,0.0,1,1299,卖盘
164,10:18:37,13.0,0.01,6,7800,买盘
165,10:19:04,13.0,0.0,6,7800,卖盘
166,10:19:31,13.0,0.0,10,13000,买盘
167,10:19:43,13.0,0.0,4,5200,买盘
168,10:20:07,13.0,0.0,21,27300,买盘
169,10:21:07,13.0,0.0,1,1300,卖盘
170,10:21:51,13.0,0.0,10,13000,卖盘
171,10:22:07,13.0,0.0,1,1300,卖盘
172,10:22:21,13.0,0.0,3,3900,卖盘
173,10:22:34,12.99,-0.01,15,19485,卖盘
174,10:22:46,12.98,-0.01,2,2596,卖盘
175,10:23:06,12.98,0.0,11,14278,卖盘
176,10:25:33,12.98,0.0,2,2596,买盘
177,10:26:19,12.97,-0.01,1,1297,卖盘
178,10:27:07,12.97,0.0,1,1297,卖盘
179,10:27:43,12.98,0.01,8,10384,买盘
180,10:28:19,12.98,0.0,6,7788,买盘
181,10:29:07,12.98,0.0,1,1298,卖盘
182,10:30:07,12.98,0.0,1,1298,卖盘
183,10:31:04,12.98,0.0,5,6490,卖盘
184,10:31:07,12.99,0.01,9,11690,买盘
185,10:31:10,12.99,0.0,5,6495,买盘
186,10:32:28,12.99,0.0,3,3897,买盘
187,10:32:46,13.01,0.02,2,2602,买盘
188,10:33:07,12.99,-0.02,3,3897,卖盘
189,10:34:01,13.0,0.01,15,19500,买盘
190,10:35:22,12.99,-0.01,11,14289,卖盘
191,10:35:25,12.99,0.0,6,7794,卖盘
192,10:35:37,13.0,0.01,11,14300,买盘
193,10:36:07,13.0,0.0,3,3900,卖盘
194,10:36:24,13.0,0.0,5,6500,卖盘
195,10:36:33,13.01,0.01,35,45535,买盘
196,10:36:55,13.0,-0.01,1,1300,卖盘
197,10:37:43,13.0,0.0,5,6500,卖盘
198,10:37:46,13.0,0.0,1,1300,卖盘
199,10:37:49,13.0,0.0,36,46800,卖盘
200,10:37:52,13.0,0.0,36,46800,卖盘
201,10:37:55,13.0,0.0,7,9100,卖盘
202,10:37:58,13.0,0.0,25,32500,卖盘
203,10:38:01,13.0,0.0,103,133900,卖盘
204,10:38:04,13.0,0.0,20,26000,卖盘
205,10:38:07,13.0,0.0,35,45500,卖盘
206,10:38:10,13.0,0.0,107,139100,卖盘
207,10:38:16,12.97,-0.03,3,3891,卖盘
208,10:38:19,12.97,0.0,3,3891,卖盘
209,10:38:46,12.97,0.0,8,10376,卖盘
210,10:38:51,12.97,0.0,6,7782,卖盘
211,10:38:58,12.97,0.0,8,10376,买盘
212,10:39:24,12.96,-0.01,2,2592,卖盘
213,10:40:28,12.96,0.0,10,12960,卖盘
214,10:41:10,12.96,0.0,24,31104,卖盘
215,10:41:13,12.96,0.0,1,1296,卖盘
216,10:41:34,12.97,0.01,1,1297,买盘
217,10:41:40,12.97,0.0,1,1297,买盘
218,10:41:43,12.97,0.0,2,2594,买盘
219,10:41:46,12.97,0.0,3,3891,买盘
220,10:41:49,12.98,0.01,1,1298,买盘
221,10:41:52,12.99,0.01,1,1299,买盘
222,10:41:55,13.0,0.01,8,10396,买盘
223,10:42:01,13.01,0.01,1,1301,买盘
224,10:42:16,13.01,0.0,2,2602,买盘
225,10:42:19,13.01,0.0,3,3903,买盘
226,10:42:49,13.01,0.0,2,2602,买盘
227,10:43:07,13.01,0.0,1,1301,卖盘
228,10:43:33,13.03,0.02,3,3908,买盘
229,10:44:04,13.03,0.0,5,6515,买盘
230,10:44:07,13.03,0.0,1,1303,卖盘
231,10:45:01,13.03,0.0,2,2606,卖盘
232,10:45:07,13.03,0.0,1,1303,卖盘
233,10:45:13,13.03,0.0,7,9121,卖盘
234,10:45:43,13.03,0.0,9,11727,中性盘
235,10:45:49,13.03,0.0,11,14333,卖盘
236,10:46:00,13.0,-0.03,5,6500,卖盘
237,10:46:16,13.0,0.0,10,13000,买盘
238,10:47:07,13.0,0.0,2,2600,卖盘
239,10:47:19,13.04,0.04,47,61270,买盘
240,10:48:04,13.04,0.0,20,26080,买盘
241,10:48:42,13.02,-0.02,1,1302,卖盘
242,10:49:07,13.02,0.0,1,1302,卖盘
243,10:49:37,13.04,0.02,3,3912,买盘
244,10:49:46,13.03,-0.01,30,39107,卖盘
245,10:50:07,13.03,0.0,1,1303,卖盘
246,10:50:09,13.04,0.01,4,5216,买盘
247,10:50:55,13.05,0.01,5,6525,买盘
248,10:51:01,13.05,0.0,5,6525,买盘
249,10:51:28,13.03,-0.02,1,1303,卖盘
250,10:51:34,13.03,0.0,1,1303,卖盘
251,10:51:43,13.04,0.01,30,39120,买盘
252,10:51:55,13.04,0.0,42,54768,买盘
253,10:52:00,13.04,0.0,2,2608,卖盘
254,10:52:04,13.04,0.0,5,6520,卖盘
255,10:52:07,13.04,0.0,1,1304,卖盘
256,10:52:10,13.04,0.0,10,13040,卖盘
257,10:52:13,13.04,0.0,1,1304,卖盘
258,10:52:18,13.04,0.0,10,13040,卖盘
259,10:52:21,13.04,0.0,1,1304,卖盘
260,10:52:24,13.05,0.01,31,40454,买盘
261,10:52:31,13.04,-0.01,9,11736,卖盘
262,10:53:31,13.04,0.0,2,2608,买盘
263,10:53:55,13.05,0.01,35,45675,买盘
264,10:54:07,13.05,0.0,1,1305,卖盘
265,10:54:28,13.05,0.0,2,2610,卖盘
266,10:55:01,13.05,0.0,14,18270,买盘
267,10:55:07,13.05,0.0,1,1305,卖盘
268,10:55:13,13.05,0.0,3,3915,卖盘
269,10:55:37,13.05,0.0,78,101790,卖盘
270,10:56:16,13.05,0.0,23,30015,买盘
271,10:56:40,13.05,0.0,9,11745,卖盘
272,10:56:52,13.05,0.0,1,1305,卖盘
273,10:56:58,13.05,0.0,6,7830,卖盘
274,10:57:04,13.04,-0.01,100,130400,卖盘
275,10:57:07,13.04,0.0,70,91280,卖盘
276,10:57:13,13.03,-0.01,1,1303,卖盘
277,10:57:48,13.03,0.0,8,10424,卖盘
278,10:58:07,13.03,0.0,1,1303,卖盘
279,10:58:28,13.04,0.01,1,1304,买盘
280,10:58:45,13.05,0.01,11,14355,买盘
281,10:59:07,13.06,0.01,41,53540,买盘
282,10:59:09,13.06,0.0,1,1306,中性盘
283,11:00:07,13.06,0.0,69,90114,卖盘
284,11:01:28,13.05,-0.01,1,1305,买盘
285,11:02:09,13.04,-0.01,6,7824,卖盘
286,11:02:45,13.06,0.02,1,1306,买盘
287,11:04:55,13.05,-0.01,2,2610,买盘
288,11:05:07,13.05,0.0,19,24795,卖盘
289,11:05:48,13.05,0.0,9,11745,卖盘
290,11:05:52,13.05,0.0,10,13050,卖盘
291,11:06:10,13.05,0.0,39,50895,卖盘
292,11:06:15,13.05,0.0,5,6525,卖盘
293,11:07:07,13.04,-0.01,24,31296,卖盘
294,11:07:09,13.04,0.0,16,20864,买盘
295,11:07:12,13.04,0.0,7,9128,卖盘
296,11:07:33,13.04,0.0,23,29992,买盘
297,11:09:58,13.03,-0.01,15,19545,卖盘
298,11:10:36,13.03,0.0,2,2606,卖盘
299,11:11:06,13.03,0.0,1,1303,卖盘
300,11:11:37,13.03,0.0,96,125088,卖盘
301,11:11:43,13.03,0.0,3,3909,卖盘
302,11:11:49,13.03,0.0,20,26060,卖盘
303,11:11:52,13.03,0.0,3,3909,卖盘
304,11:12:33,13.03,0.0,3,3909,买盘
305,11:13:49,13.03,0.0,1,1303,买盘
306,11:14:51,13.01,-0.02,1,1301,卖盘
307,11:15:18,13.01,0.0,5,6505,卖盘
308,11:17:10,13.01,0.0,2,2602,卖盘
309,11:17:37,13.01,0.0,2,2602,卖盘
310,11:18:36,13.0,-0.01,1,1300,卖盘
311,11:19:12,13.0,0.0,1,1300,卖盘
312,11:19:33,13.0,0.0,8,10400,卖盘
313,11:19:49,13.01,0.01,9,11709,买盘
314,11:23:40,13.01,0.0,5,6505,卖盘
315,11:24:34,13.01,0.0,11,14311,卖盘
316,11:25:16,13.01,0.0,9,11709,卖盘
317,11:25:55,12.98,-0.03,8,10384,卖盘
318,11:26:04,12.97,-0.01,1,1297,卖盘
319,11:26:07,12.99,0.02,10,12985,买盘
320,11:26:36,12.96,-0.03,50,64808,卖盘
321,11:27:46,12.97,0.01,1,1297,中性盘
322,11:28:31,12.98,0.01,1,1298,买盘
323,11:28:36,12.98,0.0,1,1298,买盘
324,11:28:49,12.98,0.0,1,1298,卖盘
325,11:29:25,12.97,-0.01,14,18158,卖盘
326,13:00:07,12.96,-0.01,16,20738,卖盘
327,13:00:19,12.96,0.0,3,3888,卖盘
328,13:00:22,12.96,0.0,1,1296,卖盘
329,13:00:25,12.95,-0.01,5,6479,卖盘
330,13:00:28,12.95,0.0,2,2590,卖盘
331,13:00:34,12.95,0.0,7,9065,卖盘
332,13:00:37,12.94,-0.01,1,1294,卖盘
333,13:00:54,12.94,0.0,8,10352,卖盘
334,13:01:58,12.95,0.01,4,5180,买盘
335,13:02:25,12.96,0.01,5,6480,买盘
336,13:05:15,12.96,0.0,3,3888,买盘
337,13:05:46,12.97,0.01,14,18158,买盘
338,13:09:19,12.97,0.0,26,33722,卖盘
339,13:10:31,12.97,0.0,2,2594,卖盘
340,13:10:43,12.97,0.0,8,10376,卖盘
341,13:10:58,12.97,0.0,2,2594,卖盘
342,13:11:01,12.97,0.0,1,1297,卖盘
343,13:11:09,12.96,-0.01,12,15554,卖盘
344,13:11:39,12.97,0.01,1,1297,买盘
345,13:12:58,12.98,0.01,1,1298,买盘
346,13:13:31,12.99,0.01,32,41568,买盘
347,13:16:10,12.97,-0.02,3,3891,卖盘
348,13:17:33,12.98,0.01,2,2596,买盘
349,13:18:57,12.98,0.0,1,1298,卖盘
350,13:19:04,12.98,0.0,4,5192,卖盘
351,13:19:34,12.97,-0.01,6,7782,卖盘
352,13:19:43,12.97,0.0,1,1297,卖盘
353,13:20:01,12.97,0.0,1,1297,卖盘
354,13:20:36,12.96,-0.01,10,12960,卖盘
355,13:21:36,12.98,0.02,1,1298,买盘
356,13:22:30,12.98,0.0,10,12980,卖盘
357,13:23:25,12.99,0.01,8,10392,买盘
358,13:23:46,12.99,0.0,14,18186,卖盘
359,13:23:52,12.99,0.0,4,5196,卖盘
360,13:24:36,13.01,0.02,30,38997,买盘
361,13:26:58,12.98,-0.03,15,19470,卖盘
362,13:27:46,12.96,-0.02,5,6488,卖盘
363,13:28:04,12.96,0.0,2,2592,卖盘
364,13:28:18,12.96,0.0,5,6480,卖盘
365,13:29:12,12.96,0.0,6,7776,卖盘
366,13:29:34,12.96,0.0,20,25920,卖盘
367,13:29:46,12.96,0.0,1,1296,卖盘
368,13:29:55,12.96,0.0,5,6480,卖盘
369,13:30:01,12.96,0.0,1,1296,卖盘
370,13:30:25,12.96,0.0,9,11664,卖盘
371,13:30:57,12.95,-0.01,30,38850,卖盘
372,13:31:58,12.95,0.0,4,5180,卖盘
373,13:32:01,12.95,0.0,16,20720,卖盘
374,13:32:37,12.95,0.0,14,18130,买盘
375,13:33:25,12.94,-0.01,10,12940,卖盘
376,13:33:30,12.94,0.0,1,1294,卖盘
377,13:34:13,12.95,0.01,10,12950,买盘
378,13:34:31,12.96,0.01,6,7776,买盘
379,13:34:40,12.96,0.0,2,2592,买盘
380,13:35:13,12.97,0.01,1,1297,卖盘
381,13:35:43,12.98,0.01,6,7788,买盘
382,13:35:46,12.97,-0.01,3,3891,卖盘
383,13:37:43,12.99,0.02,8,10392,买盘
384,13:38:21,12.97,-0.02,1,1297,卖盘
385,13:39:04,12.98,0.01,2,2596,买盘
386,13:39:58,12.99,0.01,8,10392,买盘
387,13:40:22,13.0,0.01,9,11700,买盘
388,13:41:33,13.02,0.02,43,55966,买盘
389,13:41:55,13.03,0.01,10,13030,买盘
390,13:42:07,13.02,-0.01,10,13020,卖盘
391,13:42:34,13.02,0.0,1,1302,卖盘
392,13:43:22,13.03,0.01,105,136809,买盘
393,13:44:16,12.99,-0.04,10,12995,卖盘
394,13:44:39,13.02,0.03,3,3906,买盘
395,13:45:07,13.03,0.01,18,23454,买盘
396,13:45:16,13.03,0.0,1,1303,卖盘
397,13:47:16,13.03,0.0,1,1303,卖盘
398,13:47:46,13.03,0.0,11,14333,卖盘
399,13:48:30,13.02,-0.01,1,1302,卖盘
400,13:49:00,13.02,0.0,2,2604,卖盘
401,13:49:18,13.05,0.03,200,260760,买盘
402,13:50:40,13.05,0.0,3,3915,买盘
403,13:50:43,13.05,0.0,5,6525,买盘
404,13:50:46,13.05,0.0,13,16965,买盘
405,13:50:49,13.05,0.0,67,87435,买盘
406,13:50:52,13.06,0.01,11,14365,买盘
407,13:51:52,13.06,0.0,1,1306,买盘
408,13:52:07,13.06,0.0,21,27426,买盘
409,13:52:22,13.06,0.0,51,66606,买盘
410,13:52:25,13.06,0.0,7,9142,买盘
411,13:52:37,13.06,0.0,26,33956,买盘
412,13:52:40,13.06,0.0,34,44404,卖盘
413,13:52:46,13.06,0.0,4,5224,买盘
414,13:52:58,13.06,0.0,8,10447,买盘
415,13:53:04,13.06,0.0,43,56158,买盘
416,13:53:16,13.07,0.01,2,2614,买盘
417,13:53:34,13.07,0.0,3,3921,买盘
418,13:53:37,13.07,0.0,5,6535,卖盘
419,13:53:46,13.08,0.01,40,52320,买盘
420,13:54:04,13.07,-0.01,11,14377,卖盘
421,13:54:28,13.07,0.0,8,10456,卖盘
422,13:54:34,13.07,0.0,21,27447,卖盘
423,13:55:12,13.06,-0.01,46,60109,卖盘
424,13:56:37,13.08,0.02,2,2616,买盘
425,13:56:49,13.06,-0.02,6,7836,卖盘
426,13:57:13,13.07,0.01,3,3921,买盘
427,13:57:31,13.07,0.0,5,6535,买盘
428,13:58:28,13.07,0.0,6,7842,买盘
429,13:59:12,13.06,-0.01,12,15672,卖盘
430,13:59:19,13.06,0.0,13,16978,卖盘
431,13:59:34,13.06,0.0,7,9142,卖盘
432,13:59:49,13.06,0.0,30,39180,卖盘
433,13:59:52,13.07,0.01,3,3921,买盘
434,13:59:55,13.06,-0.01,1,1306,卖盘
435,14:00:10,13.06,0.0,14,18284,卖盘
436,14:00:24,13.06,0.0,6,7836,卖盘
437,14:01:04,13.05,-0.01,8,10441,卖盘
438,14:01:10,13.06,0.01,1,1306,买盘
439,14:01:49,13.05,-0.01,17,22185,卖盘
440,14:03:31,13.05,0.0,1,1305,卖盘
441,14:03:34,13.05,0.0,5,6525,卖盘
442,14:04:36,13.05,0.0,12,15660,卖盘
443,14:04:58,13.06,0.01,5,6530,买盘
444,14:05:01,13.06,0.0,3,3918,买盘
445,14:05:07,13.06,0.0,2,2612,买盘
446,14:05:19,13.06,0.0,3,3918,卖盘
447,14:05:42,13.06,0.0,4,5224,卖盘
448,14:06:37,13.06,0.0,8,10448,卖盘
449,14:06:55,13.06,0.0,5,6530,卖盘
450,14:07:10,13.05,-0.01,24,31320,卖盘
451,14:07:13,13.05,0.0,3,3915,卖盘
452,14:07:22,13.04,-0.01,1,1304,卖盘
453,14:08:30,13.05,0.01,4,5220,买盘
454,14:08:40,13.05,0.0,2,2610,卖盘
455,14:11:57,13.04,-0.01,1,1304,卖盘
456,14:12:00,13.04,0.0,1,1304,卖盘
457,14:14:28,13.04,0.0,1,1304,卖盘
458,14:14:39,13.04,0.0,1,1304,卖盘
459,14:15:24,13.04,0.0,1,1304,卖盘
460,14:15:43,13.04,0.0,5,6520,卖盘
461,14:16:01,13.04,0.0,27,35208,卖盘
462,14:17:09,13.03,-0.01,10,13030,卖盘
463,14:17:52,13.04,0.01,10,13040,买盘
464,14:17:58,13.04,0.0,1,1304,买盘
465,14:18:04,13.04,0.0,2,2608,买盘
466,14:18:09,13.04,0.0,1,1304,买盘
467,14:18:19,13.04,0.0,27,35208,买盘
468,14:18:28,13.03,-0.01,4,5215,卖盘
469,14:18:42,13.04,0.01,8,10425,买盘
470,14:19:45,13.05,0.01,5,6525,买盘
471,14:21:40,13.05,0.0,2,2610,买盘
472,14:22:37,13.05,0.0,10,13050,买盘
473,14:22:43,13.04,-0.01,22,28688,卖盘
474,14:23:07,13.04,0.0,4,5216,买盘
475,14:23:57,13.03,-0.01,1,1303,卖盘
476,14:24:10,13.04,0.01,4,5216,买盘
477,14:25:00,13.04,0.0,16,20864,卖盘
478,14:27:28,13.04,0.0,2,2608,买盘
479,14:27:31,13.03,-0.01,29,37787,卖盘
480,14:27:33,13.04,0.01,2,2608,买盘
481,14:27:40,13.04,0.0,4,5216,买盘
482,14:27:48,13.04,0.0,3,3912,买盘
483,14:27:51,13.04,0.0,2,2608,买盘
484,14:28:12,13.04,0.0,5,6520,买盘
485,14:28:16,13.04,0.0,32,41728,买盘
486,14:28:25,13.03,-0.01,9,11727,卖盘
487,14:28:34,13.05,0.02,5,6523,买盘
488,14:28:39,13.05,0.0,1,1305,买盘
489,14:28:46,13.06,0.01,1,1306,买盘
490,14:31:15,13.06,0.0,17,22202,卖盘
491,14:31:25,13.06,0.0,2,2612,卖盘
492,14:32:46,13.06,0.0,4,5224,卖盘
493,14:33:34,13.06,0.0,5,6530,卖盘
494,14:33:37,13.06,0.0,15,19600,卖盘
495,14:33:55,13.06,0.0,1,1306,卖盘
496,14:34:31,13.06,0.0,21,27426,卖盘
497,14:35:10,13.06,0.0,3,3918,卖盘
498,14:35:31,13.06,0.0,4,5224,卖盘
499,14:36:46,13.06,0.0,5,6530,卖盘
500,14:37:10,13.06,0.0,3,3918,卖盘
501,14:37:24,13.05,-0.01,15,19575,卖盘
502,14:37:52,13.05,0.0,2,2610,卖盘
503,14:38:13,13.05,0.0,10,13050,卖盘
504,14:39:25,13.05,0.0,4,5220,卖盘
505,14:39:31,13.05,0.0,5,6525,买盘
506,14:41:22,13.04,-0.01,1,1304,卖盘
507,14:44:33,13.04,0.0,4,5216,卖盘
508,14:45:22,13.04,0.0,8,10432,卖盘
509,14:46:49,13.04,0.0,5,6520,买盘
510,14:47:07,13.03,-0.01,2,2606,卖盘
511,14:48:04,13.03,0.0,2,2606,卖盘
512,14:48:19,13.04,0.01,3,3912,买盘
513,14:48:46,13.05,0.01,10,13050,买盘
514,14:49:04,13.05,0.0,20,26100,买盘
515,14:49:10,13.04,-0.01,2,2608,卖盘
516,14:49:19,13.04,0.0,7,9128,卖盘
517,14:49:58,13.05,0.01,8,10440,买盘
518,14:50:04,13.04,-0.01,2,2608,卖盘
519,14:50:37,13.04,0.0,3,3912,卖盘
520,14:51:04,13.04,0.0,2,2608,卖盘
521,14:51:46,13.05,0.01,20,26100,买盘
522,14:51:49,13.05,0.0,6,7830,买盘
523,14:51:52,13.04,-0.01,1,1304,卖盘
524,14:52:07,13.04,0.0,1,1304,卖盘
525,14:52:13,13.04,0.0,36,46944,卖盘
526,14:52:40,13.04,0.0,26,33904,买盘
527,14:52:49,13.04,0.0,3,3912,买盘
528,14:53:07,13.04,0.0,2,2608,卖盘
529,14:53:16,13.04,0.0,9,11736,卖盘
530,14:53:37,13.05,0.01,10,13050,买盘
531,14:54:10,13.05,0.0,10,13050,卖盘
532,14:54:31,13.04,-0.01,10,13040,卖盘
533,14:54:37,13.05,0.01,45,58710,买盘
534,14:55:16,13.04,-0.01,16,20864,卖盘
535,14:55:43,13.04,0.0,10,13040,买盘
536,14:55:55,13.04,0.0,3,3912,买盘
537,14:56:31,13.04,0.0,4,5216,买盘
538,14:56:37,13.03,-0.01,4,5212,卖盘
539,14:56:43,13.03,0.0,3,3909,卖盘
540,14:56:52,13.04,0.01,1,1304,买盘
541,15:00:04,13.03,-0.01,56,72968,卖盘
