,time,price,change,volume,amount,type
0,09:31:40,18.05,0.05,6,10828,买盘
1,09:31:49,18.03,-0.02,16,28848,卖盘
2,09:31:52,18.01,-0.02,3,5403,卖盘
3,09:31:58,18.0,-0.01,1,1800,卖盘
4,09:32:04,18.0,0.0,1,1800,卖盘
5,09:32:40,18.02,0.02,6,10812,卖盘
6,09:32:55,18.02,0.0,10,18020,卖盘
7,09:33:10,18.03,0.01,2,3606,卖盘
8,09:33:22,18.05,0.02,9,16245,买盘
9,09:33:28,18.05,0.0,2,3610,买盘
10,09:34:10,18.06,0.01,5,9029,买盘
11,09:35:07,18.06,0.0,1,1806,买盘
12,09:35:13,18.06,0.0,1,1806,买盘
13,09:36:01,18.12,0.06,1,1812,买盘
14,09:36:58,18.07,-0.05,8,14456,卖盘
15,09:37:40,18.06,-0.01,10,18060,卖盘
16,09:40:16,17.98,-0.08,18,32364,卖盘
17,09:40:25,17.98,0.0,4,7192,买盘
18,09:40:55,18.06,0.08,9,16254,买盘
19,09:41:04,17.98,-0.08,17,30566,卖盘
20,09:41:10,17.98,0.0,2,3596,买盘
21,09:41:52,17.98,0.0,1,1798,买盘
22,09:44:49,18.0,0.02,2,3600,卖盘
23,09:46:28,18.01,0.01,2,3602,卖盘
24,09:46:52,18.0,-0.01,1,1800,卖盘
25,09:46:55,18.07,0.07,9,16248,买盘
26,09:46:58,18.0,-0.07,38,68415,卖盘
27,09:47:07,18.07,0.07,11,19877,买盘
28,09:47:16,18.08,0.01,11,19885,买盘
29,09:49:31,18.06,-0.02,5,9030,买盘
30,09:51:13,18.06,0.0,35,63210,买盘
31,09:53:25,18.09,0.03,42,75966,买盘
32,09:54:13,18.09,0.0,2,3618,卖盘
33,09:54:22,18.12,0.03,1,1812,买盘
34,09:54:40,18.12,0.0,5,9060,买盘
35,09:55:07,18.12,0.0,5,9060,卖盘
36,09:55:31,18.12,0.0,1,1812,卖盘
37,09:55:34,18.12,0.0,3,5436,卖盘
38,09:55:37,18.12,0.0,3,5436,卖盘
39,09:55:55,18.08,-0.04,56,101254,卖盘
40,09:56:13,18.08,0.0,1,1808,买盘
41,09:56:37,18.07,-0.01,2,3614,卖盘
42,09:56:49,18.08,0.01,3,5424,买盘
43,09:56:52,18.12,0.04,6,10872,买盘
44,09:57:04,18.13,0.01,11,19941,买盘
45,09:57:10,18.13,0.0,21,38073,买盘
46,09:57:46,18.09,-0.04,2,3618,卖盘
47,09:58:37,18.14,0.05,12,21758,买盘
48,09:58:40,18.14,0.0,4,7256,买盘
49,09:59:28,18.14,0.0,7,12698,买盘
50,09:59:31,18.1,-0.04,1,1810,卖盘
51,10:00:01,18.14,0.04,3,5442,中性盘
52,10:00:49,18.14,0.0,4,7256,买盘
53,10:01:04,18.16,0.02,110,199662,买盘
54,10:01:28,18.16,0.0,2,3632,买盘
55,10:01:31,18.16,0.0,5,9080,买盘
56,10:02:58,18.16,0.0,12,21792,买盘
57,10:04:43,18.16,0.0,10,18160,买盘
58,10:04:58,18.18,0.02,5,9090,买盘
59,10:05:13,18.18,0.0,17,30906,买盘
60,10:05:19,18.28,0.1,26,47492,买盘
61,10:05:34,18.3,0.02,42,76826,买盘
62,10:05:58,18.3,0.0,10,18300,卖盘
63,10:06:01,18.31,0.01,10,18310,买盘
64,10:06:16,18.14,-0.17,10,18151,卖盘
65,10:07:01,18.25,0.11,10,18250,买盘
66,10:08:37,18.15,-0.1,70,127106,卖盘
67,10:08:52,18.29,0.14,18,32890,买盘
68,10:08:58,18.29,0.0,96,175584,卖盘
69,10:09:04,18.29,0.0,94,171926,卖盘
70,10:09:07,18.3,0.01,7,12810,买盘
71,10:09:10,18.29,-0.01,35,64015,卖盘
72,10:09:13,18.29,0.0,12,21948,卖盘
73,10:09:16,18.29,0.0,6,10974,卖盘
74,10:09:19,18.29,0.0,8,14632,卖盘
75,10:09:22,18.29,0.0,91,166439,卖盘
76,10:09:46,18.15,-0.14,2,3630,买盘
77,10:09:49,18.15,0.0,2,3630,买盘
78,10:09:52,18.15,0.0,1,1815,买盘
79,10:09:55,18.15,0.0,1,1815,买盘
80,10:09:58,18.15,0.0,1,1815,买盘
81,10:10:01,18.15,0.0,1,1815,买盘
82,10:10:04,18.15,0.0,8,14520,买盘
83,10:10:07,18.15,0.0,1,1815,买盘
84,10:10:10,18.15,0.0,1,1815,卖盘
85,10:10:16,18.14,-0.01,1,1814,买盘
86,10:10:25,18.14,0.0,1,1814,买盘
87,10:10:46,18.12,-0.02,200,362677,卖盘
88,10:11:52,18.26,0.14,2,3652,买盘
89,10:12:22,18.26,0.0,5,9130,卖盘
90,10:12:34,18.27,0.01,7,12789,买盘
91,10:12:52,18.27,0.0,6,10962,卖盘
92,10:13:13,18.29,0.02,46,84110,买盘
93,10:13:31,18.26,-0.03,5,9130,卖盘
94,10:13:34,18.26,0.0,7,12782,卖盘
95,10:14:01,18.26,0.0,17,31042,买盘
96,10:14:43,18.25,-0.01,3,5475,买盘
97,10:14:46,18.25,0.0,7,12775,买盘
98,10:15:13,18.26,0.01,8,14608,买盘
99,10:15:16,18.26,0.0,5,9130,卖盘
100,10:15:58,18.27,0.01,10,18270,买盘
101,10:16:19,18.28,0.01,2,3656,买盘
102,10:16:40,18.28,0.0,1,1828,买盘
103,10:16:46,18.28,0.0,1,1828,卖盘
104,10:17:07,18.28,0.0,6,10968,卖盘
105,10:17:16,18.28,0.0,8,14624,卖盘
106,10:17:33,18.29,0.01,1,1829,买盘
107,10:17:42,18.29,0.0,12,21948,买盘
108,10:20:34,18.2,-0.09,1,1820,卖盘
109,10:23:25,18.21,0.01,10,18210,卖盘
110,10:23:52,18.28,0.07,1,1828,买盘
111,10:25:33,18.21,-0.07,2,3642,卖盘
112,10:26:46,18.21,0.0,5,9105,卖盘
113,10:27:42,18.21,0.0,1,1821,卖盘
114,10:28:43,18.26,0.05,4,7304,买盘
115,10:30:10,18.22,-0.04,1,1822,卖盘
116,10:30:16,18.25,0.03,1,1825,买盘
117,10:32:33,18.25,0.0,2,3650,买盘
118,10:34:16,18.22,-0.03,4,7288,卖盘
119,10:34:54,18.22,0.0,2,3644,卖盘
120,10:35:25,18.21,-0.01,7,12747,卖盘
121,10:36:19,18.2,-0.01,6,10920,卖盘
122,10:36:22,18.2,0.0,3,5460,卖盘
123,10:37:31,18.2,0.0,2,3640,卖盘
124,10:39:31,18.2,0.0,2,3640,买盘
125,10:41:49,18.18,-0.02,1,1818,卖盘
126,10:43:46,18.16,-0.02,50,90803,卖盘
127,10:43:52,18.2,0.04,10,18200,买盘
128,10:44:58,18.16,-0.04,3,5448,卖盘
129,10:45:51,18.16,0.0,1,1816,买盘
130,10:50:24,18.16,0.0,1,1816,买盘
131,10:51:28,18.2,0.04,10,18200,买盘
132,10:52:01,18.16,-0.04,10,18160,买盘
133,10:52:10,18.16,0.0,3,5448,买盘
134,10:52:19,18.16,0.0,10,18160,买盘
135,10:52:25,18.16,0.0,10,18160,买盘
136,10:52:36,18.16,0.0,20,36320,买盘
137,10:53:13,18.16,0.0,17,30872,买盘
138,10:53:25,18.16,0.0,3,5448,卖盘
139,10:53:33,18.16,0.0,1,1816,买盘
140,10:53:40,18.16,0.0,1,1816,买盘
141,10:53:46,18.16,0.0,1,1816,买盘
142,10:54:16,18.16,0.0,2,3632,买盘
143,10:54:49,18.16,0.0,2,3632,买盘
144,10:54:58,18.16,0.0,2,3632,买盘
145,10:55:04,18.16,0.0,12,21792,买盘
146,10:55:25,18.16,0.0,26,47216,买盘
147,10:55:58,18.16,0.0,3,5448,卖盘
148,10:56:16,18.15,-0.01,10,18150,卖盘
149,10:56:49,18.13,-0.02,8,14505,卖盘
150,11:01:19,18.13,0.0,10,18130,卖盘
151,11:03:13,18.23,0.1,28,51034,买盘
152,11:13:52,18.15,-0.08,5,9075,卖盘
153,11:14:43,18.2,0.05,1,1820,买盘
154,11:18:42,18.2,0.0,4,7280,买盘
155,11:25:10,18.19,-0.01,3,5457,买盘
156,11:26:42,18.2,0.01,10,18200,买盘
157,13:00:07,18.19,-0.01,1,1819,卖盘
158,13:01:31,18.2,0.01,1,1820,买盘
159,13:06:57,18.19,-0.01,2,3638,卖盘
160,13:07:18,18.19,0.0,7,12733,卖盘
161,13:07:55,18.19,0.0,2,3638,买盘
162,13:08:49,18.15,-0.04,15,27225,卖盘
163,13:08:52,18.15,0.0,5,9075,买盘
164,13:09:24,18.18,0.03,40,72720,买盘
165,13:09:54,18.18,0.0,80,145440,买盘
166,13:10:21,18.16,-0.02,3,5448,卖盘
167,13:10:39,18.19,0.03,20,36371,买盘
168,13:11:40,18.16,-0.03,2,3632,卖盘
169,13:12:37,18.13,-0.03,8,14504,卖盘
170,13:17:34,18.19,0.06,6,10914,买盘
171,13:21:10,18.17,-0.02,2,3634,卖盘
172,13:23:09,18.16,-0.01,5,9080,卖盘
173,13:24:09,18.14,-0.02,100,181417,卖盘
174,13:32:55,18.17,0.03,7,12719,买盘
175,13:34:40,18.15,-0.02,4,7260,卖盘
176,13:35:16,18.15,0.0,3,5445,卖盘
177,13:36:00,18.14,-0.01,20,36280,卖盘
178,13:44:42,18.14,0.0,2,3628,卖盘
179,13:46:43,18.16,0.02,5,9080,买盘
180,13:47:31,18.16,0.0,5,9080,卖盘
181,13:47:48,18.16,0.0,6,10896,卖盘
182,13:48:49,18.15,-0.01,1,1815,卖盘
183,13:49:12,18.15,0.0,2,3630,买盘
184,13:49:28,18.15,0.0,2,3630,买盘
185,13:49:34,18.14,-0.01,13,23582,卖盘
186,13:49:58,18.15,0.01,5,9075,买盘
187,13:51:01,18.16,0.01,8,14528,买盘
188,13:54:01,18.15,-0.01,1,1815,卖盘
189,13:58:13,18.15,0.0,11,19965,卖盘
190,13:59:13,18.14,-0.01,12,21768,卖盘
191,14:00:10,18.14,0.0,5,9070,卖盘
192,14:00:25,18.14,0.0,5,9070,卖盘
193,14:00:28,18.14,0.0,19,34466,卖盘
194,14:01:34,18.15,0.01,1,1815,买盘
195,14:02:33,18.14,-0.01,2,3628,卖盘
196,14:02:40,18.15,0.01,24,43560,买盘
197,14:05:00,18.16,0.01,5,9080,买盘
198,14:08:43,18.15,-0.01,20,36300,卖盘
199,14:10:01,18.14,-0.01,9,16328,卖盘
200,14:10:27,18.17,0.03,12,21804,买盘
201,14:10:54,18.17,0.0,5,9085,买盘
202,14:12:40,18.15,-0.02,4,7260,卖盘
203,14:13:37,18.15,0.0,3,5445,买盘
204,14:19:06,18.14,-0.01,1,1814,卖盘
205,14:21:58,18.15,0.01,5,9075,买盘
206,14:22:24,18.15,0.0,10,18150,买盘
207,14:22:28,18.15,0.0,4,7260,买盘
208,14:22:55,18.15,0.0,3,5445,买盘
209,14:24:31,18.15,0.0,5,9075,买盘
210,14:27:06,18.15,0.0,6,10890,买盘
211,14:28:45,18.18,0.03,2,3636,买盘
212,14:29:28,18.17,-0.01,2,3634,买盘
213,14:29:55,18.17,0.0,5,9085,卖盘
214,14:30:58,18.18,0.01,5,9090,买盘
215,14:32:31,18.17,-0.01,1,1817,卖盘
216,14:32:49,18.18,0.01,20,36360,买盘
217,14:34:13,18.18,0.0,9,16362,买盘
218,14:34:21,18.18,0.0,14,25452,买盘
219,14:34:27,18.18,0.0,2,3636,买盘
220,14:34:46,18.18,0.0,3,5454,买盘
221,14:38:00,18.18,0.0,5,9090,买盘
222,14:39:52,18.19,0.01,24,43656,买盘
223,14:40:09,18.2,0.01,31,56420,买盘
224,14:40:49,18.21,0.01,8,14568,买盘
225,14:42:06,18.21,0.0,5,9105,买盘
226,14:42:25,18.2,-0.01,5,9100,卖盘
227,14:42:58,18.2,0.0,22,40040,卖盘
228,14:43:40,18.21,0.01,26,47346,买盘
229,14:44:04,18.21,0.0,11,20031,买盘
230,14:45:01,18.22,0.01,12,21862,买盘
231,14:45:04,18.2,-0.02,10,18200,卖盘
232,14:45:16,18.2,0.0,12,21840,买盘
233,14:45:19,18.22,0.02,28,51010,买盘
234,14:45:22,18.2,-0.02,1,1820,中性盘
235,14:45:25,18.22,0.02,7,12752,买盘
236,14:45:46,18.23,0.01,1,1823,买盘
237,14:45:58,18.23,0.0,35,63805,买盘
238,14:46:34,18.22,-0.01,5,9110,卖盘
239,14:46:46,18.25,0.03,8,14600,买盘
240,14:47:07,18.25,0.0,1,1825,买盘
241,14:47:13,18.26,0.01,8,14606,买盘
242,14:48:55,18.25,-0.01,19,34675,买盘
243,14:49:55,18.23,-0.02,4,7292,卖盘
244,14:50:19,18.25,0.02,25,45577,买盘
245,14:50:22,18.25,0.0,2,3650,卖盘
246,14:51:01,18.26,0.01,29,52954,买盘
247,14:51:22,18.25,-0.01,3,5475,卖盘
248,14:51:31,18.26,0.01,2,3652,买盘
249,14:51:55,18.25,-0.01,5,9125,卖盘
250,14:52:07,18.25,0.0,10,18250,卖盘
251,14:52:16,18.26,0.01,29,52945,买盘
252,14:52:22,18.26,0.0,1,1826,买盘
253,14:53:07,18.26,0.0,5,9130,买盘
254,14:53:19,18.26,0.0,3,5478,买盘
255,14:53:22,18.25,-0.01,1,1825,卖盘
256,14:53:31,18.25,0.0,10,18250,卖盘
257,14:53:34,18.25,0.0,32,58400,卖盘
258,14:53:40,18.25,0.0,20,36500,卖盘
259,14:53:43,18.25,0.0,14,25550,卖盘
260,14:53:49,18.25,0.0,9,16425,卖盘
261,14:53:58,18.25,0.0,1,1825,卖盘
262,14:54:01,18.25,0.0,6,10950,卖盘
263,14:54:34,18.25,0.0,12,21900,买盘
264,14:55:19,18.2,-0.05,5,9100,卖盘
265,14:55:31,18.19,-0.01,23,41837,卖盘
266,14:55:55,18.17,-0.02,10,18170,卖盘
267,14:56:10,18.25,0.08,1,1825,买盘
268,14:56:13,18.25,0.0,22,40150,买盘
269,14:56:19,18.25,0.0,1,1825,卖盘
270,14:56:22,18.25,0.0,1,1825,卖盘
271,14:56:25,18.25,0.0,1,1825,卖盘
272,14:56:28,18.25,0.0,2,3650,卖盘
273,14:56:43,18.2,-0.05,1,1820,买盘
274,14:56:55,18.2,0.0,2,3640,买盘
275,14:57:03,18.2,0.0,3,5460,买盘
276,15:00:05,18.2,0.0,33,60060,卖盘
