,time,price,change,volume,amount,type
0,09:25:05,10.21,0.02,46,46966,卖盘
1,09:30:07,10.25,0.04,105,107382,买盘
2,09:30:13,10.24,-0.01,2,2048,卖盘
3,09:30:16,10.25,0.01,4,4100,买盘
4,09:30:22,10.25,0.0,3,3075,买盘
5,09:30:25,10.24,-0.01,50,51222,卖盘
6,09:30:27,10.24,0.0,60,61464,卖盘
7,09:30:30,10.24,0.0,50,51204,卖盘
8,09:30:37,10.27,0.03,109,111918,买盘
9,09:30:40,10.27,0.0,30,30810,卖盘
10,09:30:43,10.27,0.0,50,51350,卖盘
11,09:30:46,10.27,0.0,1,1027,卖盘
12,09:30:49,10.27,0.0,27,27732,卖盘
13,09:30:52,10.27,0.0,27,27729,买盘
14,09:30:57,10.25,-0.02,50,51262,卖盘
15,09:31:01,10.27,0.02,46,47241,买盘
16,09:31:04,10.26,-0.01,51,52326,卖盘
17,09:31:06,10.26,0.0,6,6156,卖盘
18,09:31:10,10.26,0.0,8,8211,卖盘
19,09:31:13,10.25,-0.01,52,53328,卖盘
20,09:31:16,10.25,0.0,2,2050,买盘
21,09:31:22,10.25,0.0,5,5125,买盘
22,09:31:25,10.25,0.0,10,10250,买盘
23,09:31:28,10.24,-0.01,6,6144,卖盘
24,09:31:30,10.25,0.01,20,20500,买盘
25,09:31:34,10.25,0.0,55,56375,买盘
26,09:31:37,10.25,0.0,10,10250,卖盘
27,09:31:40,10.25,0.0,50,51250,卖盘
28,09:31:43,10.26,0.01,60,61560,买盘
29,09:31:49,10.25,-0.01,53,54328,卖盘
30,09:31:52,10.25,0.0,13,13325,卖盘
31,09:31:55,10.26,0.01,102,104552,买盘
32,09:32:01,10.25,-0.01,27,27675,卖盘
33,09:32:07,10.25,0.0,4,4100,买盘
34,09:32:09,10.24,-0.01,100,102400,卖盘
35,09:32:12,10.25,0.01,45,46125,买盘
36,09:32:19,10.25,0.0,58,59450,卖盘
37,09:32:22,10.25,0.0,36,35967,买盘
38,09:32:25,10.25,0.0,52,53250,买盘
39,09:32:27,10.25,0.0,3,3075,买盘
40,09:32:31,10.25,0.0,2,2050,买盘
41,09:32:34,10.26,0.01,141,144553,买盘
42,09:32:40,10.26,0.0,105,107558,买盘
43,09:32:43,10.25,-0.01,20,21012,中性盘
44,09:32:49,10.25,0.0,50,51250,卖盘
45,09:32:51,10.25,0.0,50,51250,卖盘
46,09:32:55,10.25,0.0,55,56350,卖盘
47,09:32:58,10.25,0.0,5,5125,买盘
48,09:33:01,10.25,0.0,5,5125,买盘
49,09:33:07,10.24,-0.01,121,123972,卖盘
50,09:33:10,10.26,0.02,30,30780,买盘
51,09:33:19,10.26,0.0,129,132354,买盘
52,09:33:24,10.25,-0.01,10,10250,卖盘
53,09:33:28,10.26,0.01,10,10260,买盘
54,09:33:31,10.26,0.0,1,1026,买盘
55,09:33:34,10.26,0.0,50,51300,买盘
56,09:33:40,10.26,0.0,8,8208,买盘
57,09:33:43,10.26,0.0,5,5130,买盘
58,09:33:49,10.26,0.0,6,6156,买盘
59,09:33:51,10.26,0.0,36,36936,买盘
60,09:33:58,10.25,-0.01,150,153753,卖盘
61,09:34:01,10.26,0.01,19,19494,买盘
62,09:34:09,10.26,0.0,167,171250,买盘
63,09:34:13,10.26,0.0,50,51300,卖盘
64,09:34:16,10.26,0.0,38,38979,卖盘
65,09:34:19,10.27,0.01,203,208475,买盘
66,09:34:22,10.26,-0.01,70,71867,卖盘
67,09:34:25,10.26,0.0,4,4104,卖盘
68,09:34:28,10.26,0.0,56,57456,卖盘
69,09:34:34,10.27,0.01,11,11297,买盘
70,09:34:39,10.27,0.0,2,2054,买盘
71,09:34:46,10.27,0.0,30,30795,卖盘
72,09:34:49,10.27,0.0,3,3081,卖盘
73,09:34:52,10.28,0.01,3,3084,买盘
74,09:34:55,10.27,-0.01,44,45208,卖盘
75,09:35:04,10.27,0.0,13,13351,买盘
76,09:35:06,10.27,0.0,55,56470,买盘
77,09:35:10,10.27,0.0,32,32864,买盘
78,09:35:13,10.27,0.0,5,5135,买盘
79,09:35:16,10.26,-0.01,139,142649,卖盘
80,09:35:25,10.27,0.01,128,131456,买盘
81,09:35:28,10.27,0.0,10,10270,买盘
82,09:35:31,10.26,-0.01,67,68742,卖盘
83,09:35:33,10.27,0.01,47,48236,买盘
84,09:35:36,10.27,0.0,26,26702,买盘
85,09:35:40,10.27,0.0,19,19513,买盘
86,09:35:49,10.27,0.0,164,168398,买盘
87,09:35:52,10.27,0.0,7,7189,买盘
88,09:35:55,10.27,0.0,50,51350,卖盘
89,09:36:04,10.27,0.0,50,51350,卖盘
90,09:36:07,10.27,0.0,10,10270,卖盘
91,09:36:09,10.27,0.0,95,97609,卖盘
92,09:36:16,10.27,0.0,11,11297,买盘
93,09:36:19,10.27,0.0,8,8216,买盘
94,09:36:24,10.26,-0.01,12,12314,卖盘
95,09:36:43,10.26,0.0,100,102600,卖盘
96,09:36:46,10.26,0.0,149,152874,卖盘
97,09:36:48,10.26,0.0,2,2052,买盘
98,09:36:58,10.25,-0.01,20,20510,卖盘
99,09:37:04,10.26,0.01,199,204144,买盘
100,09:37:06,10.26,0.0,25,25650,卖盘
101,09:37:10,10.26,0.0,22,22572,卖盘
102,09:37:13,10.26,0.0,1,1026,卖盘
103,09:37:16,10.26,0.0,22,22572,卖盘
104,09:37:19,10.26,0.0,29,29754,买盘
105,09:37:31,10.26,0.0,5,5130,买盘
106,09:37:36,10.26,0.0,8,8208,买盘
107,09:37:52,10.25,-0.01,30,30750,卖盘
108,09:37:55,10.25,0.0,5,5125,卖盘
109,09:38:10,10.25,0.0,30,30776,卖盘
110,09:38:16,10.25,0.0,55,56410,卖盘
111,09:38:21,10.25,0.0,29,29737,卖盘
112,09:38:27,10.26,0.01,41,42066,买盘
113,09:38:34,10.26,0.0,96,98496,买盘
114,09:38:37,10.25,-0.01,265,271625,卖盘
115,09:38:58,10.24,-0.01,10,10240,卖盘
116,09:39:04,10.24,0.0,49,50181,卖盘
117,09:39:06,10.24,0.0,39,39936,卖盘
118,09:39:10,10.24,0.0,2,2048,卖盘
119,09:39:12,10.25,0.01,108,110700,买盘
120,09:39:19,10.24,-0.01,8,8192,卖盘
121,09:39:37,10.24,0.0,30,31232,卖盘
122,09:39:54,10.24,0.0,87,88576,买盘
123,09:40:00,10.24,0.0,5,5120,卖盘
124,09:40:04,10.24,0.0,2,2048,卖盘
125,09:40:13,10.24,0.0,3,3072,卖盘
126,09:40:19,10.24,0.0,27,27655,卖盘
127,09:40:28,10.24,0.0,38,38943,卖盘
128,09:40:34,10.25,0.01,1,1025,买盘
129,09:40:37,10.24,-0.01,1,1024,卖盘
130,09:40:40,10.24,0.0,82,84480,卖盘
131,09:40:49,10.24,0.0,3,3072,买盘
132,09:40:51,10.23,-0.01,32,32736,卖盘
133,09:41:06,10.24,0.01,210,214736,买盘
134,09:41:10,10.25,0.01,120,122890,买盘
135,09:41:13,10.23,-0.02,1,1023,卖盘
136,09:41:16,10.23,0.0,4,4092,买盘
137,09:41:19,10.23,0.0,2,2046,买盘
138,09:41:25,10.24,0.01,1,1024,中性盘
139,09:41:40,10.24,0.0,1,1024,卖盘
140,09:41:46,10.24,0.0,2,2048,买盘
141,09:41:49,10.25,0.01,10,10250,买盘
142,09:41:55,10.23,-0.02,17,17394,卖盘
143,09:41:58,10.2,-0.03,462,472051,卖盘
144,09:42:01,10.2,0.0,50,51000,买盘
145,09:42:04,10.2,0.0,8,8160,买盘
146,09:42:06,10.19,-0.01,5,5097,卖盘
147,09:42:09,10.2,0.01,83,84660,买盘
148,09:42:13,10.2,0.0,24,24480,买盘
149,09:42:16,10.19,-0.01,254,259075,卖盘
150,09:42:19,10.2,0.01,25,25500,买盘
151,09:42:22,10.23,0.03,128,130581,买盘
152,09:42:31,10.24,0.01,2,2048,卖盘
153,09:42:34,10.24,0.0,24,24577,卖盘
154,09:42:49,10.25,0.01,15,15369,买盘
155,09:43:13,10.24,-0.01,35,35806,买盘
156,09:43:15,10.23,-0.01,8,8184,卖盘
157,09:43:19,10.24,0.01,2,2048,买盘
158,09:43:25,10.24,0.0,5,5120,买盘
159,09:43:28,10.24,0.0,12,12286,买盘
160,09:43:40,10.23,-0.01,29,29667,卖盘
161,09:43:43,10.23,0.0,188,192374,卖盘
162,09:43:52,10.24,0.01,100,102361,买盘
163,09:44:04,10.21,-0.03,10,10211,卖盘
164,09:44:19,10.22,0.01,22,22484,卖盘
165,09:44:22,10.23,0.01,40,40920,买盘
166,09:44:25,10.23,0.0,10,10230,卖盘
167,09:44:27,10.23,0.0,167,170823,买盘
168,09:44:31,10.23,0.0,23,23529,卖盘
169,09:44:46,10.24,0.01,50,51200,买盘
170,09:44:49,10.24,0.0,1,1024,买盘
171,09:44:58,10.24,0.0,50,51200,买盘
172,09:45:07,10.24,0.0,15,15360,买盘
173,09:45:13,10.23,-0.01,20,20460,卖盘
174,09:45:19,10.24,0.01,10,10240,买盘
175,09:45:34,10.24,0.0,28,28672,买盘
176,09:45:39,10.24,0.0,36,36864,买盘
177,09:45:49,10.24,0.0,64,65536,买盘
178,09:45:52,10.24,0.0,5,5120,买盘
179,09:45:55,10.24,0.0,51,52214,买盘
180,09:45:58,10.24,0.0,15,15360,买盘
181,09:46:01,10.24,0.0,21,21504,买盘
182,09:46:06,10.24,0.0,14,14349,卖盘
183,09:46:10,10.24,0.0,11,11264,卖盘
184,09:46:13,10.24,0.0,10,10240,卖盘
185,09:46:18,10.25,0.01,1,1025,买盘
186,09:46:28,10.24,-0.01,22,22528,卖盘
187,09:46:46,10.25,0.01,10,10250,买盘
188,09:46:49,10.24,-0.01,14,14336,卖盘
189,09:46:51,10.25,0.01,10,10250,买盘
190,09:47:04,10.25,0.0,5,5125,买盘
191,09:47:16,10.25,0.0,97,99425,买盘
192,09:47:22,10.25,0.0,9,9225,买盘
193,09:47:25,10.28,0.03,1020,1047278,买盘
194,09:47:39,10.28,0.0,46,47268,买盘
195,09:47:43,10.28,0.0,14,14385,买盘
196,09:47:46,10.28,0.0,30,30830,买盘
197,09:47:49,10.28,0.0,12,12336,买盘
198,09:47:52,10.28,0.0,16,16448,买盘
199,09:47:55,10.28,0.0,28,28784,买盘
200,09:47:58,10.28,0.0,5,5140,买盘
201,09:48:01,10.28,0.0,5,5140,买盘
202,09:48:06,10.27,-0.01,7,7189,卖盘
203,09:48:09,10.28,0.01,21,21588,买盘
204,09:48:16,10.27,-0.01,3,3081,卖盘
205,09:48:24,10.28,0.01,1,1028,买盘
206,09:48:28,10.27,-0.01,110,113070,卖盘
207,09:48:31,10.27,0.0,9,9243,卖盘
208,09:48:34,10.27,0.0,1,1027,买盘
209,09:48:40,10.27,0.0,5,5135,卖盘
210,09:48:46,10.27,0.0,32,32864,卖盘
211,09:48:52,10.28,0.01,3,3084,买盘
212,09:48:55,10.28,0.0,1,1028,买盘
213,09:49:01,10.28,0.0,111,114103,买盘
214,09:49:04,10.27,-0.01,14,14387,卖盘
215,09:49:07,10.27,0.0,97,99619,卖盘
216,09:49:16,10.27,0.0,10,10270,买盘
217,09:49:19,10.27,0.0,10,10270,买盘
218,09:49:21,10.2,-0.07,1350,1379188,卖盘
219,09:49:25,10.2,0.0,10,10200,买盘
220,09:49:28,10.2,0.0,24,24480,买盘
221,09:49:31,10.2,0.0,24,24480,买盘
222,09:49:33,10.2,0.0,102,104040,买盘
223,09:49:37,10.2,0.0,27,27540,买盘
224,09:49:40,10.21,0.01,473,482470,买盘
225,09:49:58,10.25,0.04,10,10250,卖盘
226,09:50:07,10.26,0.01,2,2051,中性盘
227,09:50:09,10.26,0.0,5,5130,买盘
228,09:50:13,10.26,0.0,44,45144,买盘
229,09:50:16,10.26,0.0,2,2052,买盘
230,09:50:22,10.26,0.0,20,20520,中性盘
231,09:50:24,10.26,0.0,7,7182,买盘
232,09:50:31,10.26,0.0,5,5130,买盘
233,09:50:34,10.23,-0.03,115,117658,卖盘
234,09:50:37,10.23,0.0,25,25575,买盘
235,09:50:40,10.23,0.0,30,30690,买盘
236,09:50:46,10.23,0.0,30,30690,买盘
237,09:50:52,10.23,0.0,10,10230,卖盘
238,09:51:06,10.23,0.0,1,1023,卖盘
239,09:51:31,10.24,0.01,1,1024,卖盘
240,09:51:39,10.24,0.0,12,12288,卖盘
241,09:51:42,10.24,0.0,30,30720,买盘
242,09:51:46,10.24,0.0,6,6144,买盘
243,09:51:49,10.24,0.0,2,2048,买盘
244,09:52:06,10.24,0.0,1,1024,卖盘
245,09:52:10,10.26,0.02,5,5130,买盘
246,09:52:31,10.26,0.0,5,5130,买盘
247,09:52:49,10.26,0.0,8,8208,买盘
248,09:53:16,10.25,-0.01,45,46125,卖盘
249,09:53:18,10.25,0.0,14,14350,买盘
250,09:53:25,10.25,0.0,50,51250,买盘
251,09:53:28,10.25,0.0,43,44075,买盘
252,09:53:49,10.26,0.01,12,12312,买盘
253,09:53:54,10.25,-0.01,7,7175,卖盘
254,09:54:07,10.25,0.0,1,1025,卖盘
255,09:54:22,10.25,0.0,73,74825,卖盘
256,09:54:25,10.25,0.0,40,41000,卖盘
257,09:54:28,10.25,0.0,3,3075,卖盘
258,09:54:43,10.26,0.01,33,33854,买盘
259,09:54:46,10.25,-0.01,1,1025,卖盘
260,09:54:52,10.25,0.0,1,1025,卖盘
261,09:55:01,10.25,0.0,1,1025,卖盘
262,09:55:04,10.26,0.01,1,1026,买盘
263,09:55:13,10.25,-0.01,1,1025,卖盘
264,09:55:24,10.26,0.01,14,14364,买盘
265,09:55:40,10.25,-0.01,1,1025,卖盘
266,09:55:43,10.26,0.01,11,11286,买盘
267,09:55:46,10.25,-0.01,126,129176,卖盘
268,09:55:49,10.25,0.0,10,10250,卖盘
269,09:56:09,10.25,0.0,16,16400,卖盘
270,09:56:19,10.25,0.0,2,2050,卖盘
271,09:56:28,10.25,0.0,83,85075,卖盘
272,09:56:34,10.25,0.0,10,10250,卖盘
273,09:56:48,10.25,0.0,28,28700,卖盘
274,09:56:55,10.25,0.0,1,1025,卖盘
275,09:57:04,10.25,0.0,37,37947,卖盘
276,09:57:16,10.25,0.0,4,4100,卖盘
277,09:57:25,10.25,0.0,5,5125,卖盘
278,09:57:31,10.25,0.0,5,5125,卖盘
279,09:57:40,10.25,0.0,24,24600,买盘
280,09:57:43,10.26,0.01,2,2052,买盘
281,09:57:46,10.25,-0.01,39,39977,卖盘
282,09:57:49,10.25,0.0,10,10250,卖盘
283,09:57:52,10.26,0.01,24,24624,买盘
284,09:58:00,10.26,0.0,74,75924,买盘
285,09:58:10,10.26,0.0,10,10260,买盘
286,09:58:13,10.25,-0.01,2,2050,卖盘
287,09:58:16,10.25,0.0,4,4100,买盘
288,09:58:19,10.25,0.0,1,1025,买盘
289,09:58:34,10.25,0.0,10,10250,卖盘
290,09:58:46,10.25,0.0,74,75850,卖盘
291,09:59:13,10.25,0.0,7,7175,买盘
292,09:59:16,10.25,0.0,15,15371,买盘
293,09:59:55,10.24,-0.01,10,10240,卖盘
294,10:00:07,10.24,0.0,213,218112,卖盘
295,10:00:10,10.25,0.01,280,286900,买盘
296,10:00:22,10.25,0.0,1,1025,卖盘
297,10:00:31,10.25,0.0,126,129150,卖盘
298,10:00:54,10.25,0.0,12,12298,买盘
299,10:01:07,10.24,-0.01,63,64512,卖盘
300,10:01:10,10.24,0.0,20,20480,买盘
301,10:01:55,10.23,-0.01,71,72633,卖盘
302,10:01:58,10.24,0.01,5,5120,买盘
303,10:02:01,10.23,-0.01,1,1023,卖盘
304,10:02:22,10.23,0.0,3,3069,卖盘
305,10:02:33,10.23,0.0,72,73656,卖盘
306,10:02:54,10.22,-0.01,1,1022,卖盘
307,10:02:57,10.23,0.01,22,22506,买盘
308,10:03:10,10.22,-0.01,50,51100,卖盘
309,10:03:31,10.22,0.0,80,81790,卖盘
310,10:03:49,10.23,0.01,4,4092,买盘
311,10:03:52,10.23,0.0,12,12276,买盘
312,10:03:57,10.23,0.0,35,35805,买盘
313,10:04:13,10.23,0.0,41,41943,买盘
314,10:04:28,10.23,0.0,31,31713,买盘
315,10:04:33,10.23,0.0,6,6138,买盘
316,10:04:39,10.23,0.0,31,31713,买盘
317,10:04:49,10.23,0.0,30,30690,卖盘
318,10:04:52,10.24,0.01,35,35840,买盘
319,10:05:06,10.23,-0.01,15,15355,卖盘
320,10:05:25,10.23,0.0,5,5115,卖盘
321,10:05:43,10.23,0.0,5,5115,卖盘
322,10:05:48,10.23,0.0,9,9207,卖盘
323,10:05:55,10.23,0.0,2,2046,卖盘
324,10:06:01,10.23,0.0,43,43989,卖盘
325,10:06:04,10.23,0.0,2,2046,卖盘
326,10:06:10,10.23,0.0,6,6138,卖盘
327,10:06:16,10.23,0.0,1,1023,卖盘
328,10:06:25,10.23,0.0,9,9207,卖盘
329,10:06:52,10.23,0.0,2,2046,买盘
330,10:07:01,10.23,0.0,50,51150,买盘
331,10:07:04,10.22,-0.01,220,224883,卖盘
332,10:07:07,10.23,0.01,1,1023,中性盘
333,10:07:13,10.24,0.01,13,13312,买盘
334,10:07:18,10.23,-0.01,1,1023,卖盘
335,10:07:22,10.24,0.01,19,19456,买盘
336,10:07:27,10.23,-0.01,20,20460,卖盘
337,10:07:36,10.22,-0.01,1,1022,卖盘
338,10:07:52,10.23,0.01,30,30690,买盘
339,10:07:58,10.23,0.0,2,2046,买盘
340,10:08:07,10.24,0.01,2,2048,买盘
341,10:08:16,10.24,0.0,1,1024,买盘
342,10:08:49,10.24,0.0,10,10240,买盘
343,10:08:52,10.24,0.0,1,1024,买盘
344,10:09:07,10.23,-0.01,1,1023,卖盘
345,10:09:09,10.24,0.01,29,29696,买盘
346,10:09:15,10.23,-0.01,2,2046,卖盘
347,10:09:19,10.23,0.0,3,3069,卖盘
348,10:09:24,10.24,0.01,14,14336,买盘
349,10:09:43,10.24,0.0,51,52274,卖盘
350,10:10:10,10.25,0.01,2,2050,买盘
351,10:10:28,10.25,0.0,1,1025,买盘
352,10:11:04,10.25,0.0,29,29725,买盘
353,10:11:10,10.25,0.0,10,10250,买盘
354,10:11:13,10.24,-0.01,9,9216,卖盘
355,10:11:22,10.24,0.0,9,9217,卖盘
356,10:11:31,10.24,0.0,2,2048,买盘
357,10:11:58,10.23,-0.01,6,6138,卖盘
358,10:12:01,10.23,0.0,15,15345,卖盘
359,10:12:06,10.23,0.0,1,1023,卖盘
360,10:12:28,10.23,0.0,17,17391,卖盘
361,10:12:39,10.23,0.0,32,32736,卖盘
362,10:12:58,10.23,0.0,1,1023,卖盘
363,10:13:16,10.24,0.01,2,2048,买盘
364,10:13:31,10.23,-0.01,10,10230,卖盘
365,10:13:55,10.24,0.01,47,48128,买盘
366,10:14:06,10.23,-0.01,1,1023,卖盘
367,10:14:13,10.24,0.01,2,2048,买盘
368,10:14:28,10.23,-0.01,2,2046,卖盘
369,10:14:40,10.23,0.0,5,5115,卖盘
370,10:14:46,10.23,0.0,21,21483,卖盘
371,10:15:07,10.24,0.01,2,2048,买盘
372,10:15:16,10.23,-0.01,5,5115,卖盘
373,10:15:22,10.23,0.0,5,5115,卖盘
374,10:15:33,10.24,0.01,7,7162,买盘
375,10:15:43,10.23,-0.01,17,17391,卖盘
376,10:16:22,10.24,0.01,3,3072,买盘
377,10:16:31,10.24,0.0,1,1024,买盘
378,10:16:46,10.24,0.0,42,43008,买盘
379,10:16:58,10.24,0.0,3,3072,买盘
380,10:17:16,10.24,0.0,7,7163,买盘
381,10:17:40,10.24,0.0,22,22528,买盘
382,10:17:46,10.24,0.0,3,3072,买盘
383,10:17:52,10.23,-0.01,47,48081,卖盘
384,10:18:22,10.23,0.0,1,1023,卖盘
385,10:18:30,10.23,0.0,1,1023,卖盘
386,10:18:42,10.24,0.01,16,16384,买盘
387,10:18:55,10.24,0.0,5,5117,买盘
388,10:18:58,10.24,0.0,2,2048,买盘
389,10:19:04,10.23,-0.01,19,19437,卖盘
390,10:19:07,10.23,0.0,53,54219,卖盘
391,10:19:12,10.23,0.0,17,17391,买盘
392,10:19:36,10.23,0.0,10,10230,卖盘
393,10:19:52,10.24,0.01,285,291840,买盘
394,10:19:55,10.24,0.0,38,38907,买盘
395,10:20:01,10.24,0.0,1,1024,卖盘
396,10:20:04,10.24,0.0,5,5120,卖盘
397,10:20:12,10.25,0.01,5,5125,买盘
398,10:20:28,10.25,0.0,50,51250,买盘
399,10:20:37,10.24,-0.01,10,10240,卖盘
400,10:20:40,10.26,0.02,16,16402,买盘
401,10:20:42,10.24,-0.02,20,20480,卖盘
402,10:21:01,10.26,0.02,21,21546,买盘
403,10:21:12,10.26,0.0,6,6156,买盘
404,10:21:21,10.26,0.0,310,318060,买盘
405,10:21:28,10.26,0.0,41,42066,买盘
406,10:21:43,10.26,0.0,23,23598,买盘
407,10:21:48,10.26,0.0,50,51300,买盘
408,10:22:10,10.26,0.0,9,9234,买盘
409,10:22:16,10.26,0.0,2,2052,买盘
410,10:22:25,10.26,0.0,2,2052,买盘
411,10:22:27,10.26,0.0,6,6156,买盘
412,10:22:40,10.25,-0.01,2,2050,卖盘
413,10:22:58,10.26,0.01,74,75914,买盘
414,10:23:10,10.25,-0.01,10,10250,卖盘
415,10:23:13,10.26,0.01,119,122075,买盘
416,10:23:16,10.25,-0.01,3,3075,卖盘
417,10:23:19,10.25,0.0,9,9225,卖盘
418,10:23:24,10.25,0.0,2,2050,卖盘
419,10:23:31,10.25,0.0,9,9225,卖盘
420,10:23:37,10.26,0.01,10,10260,买盘
421,10:23:40,10.26,0.0,1,1026,买盘
422,10:23:43,10.26,0.0,3,3078,买盘
423,10:23:46,10.26,0.0,10,10260,买盘
424,10:23:55,10.25,-0.01,1,1025,卖盘
425,10:24:09,10.25,0.0,1,1025,卖盘
426,10:24:16,10.25,0.0,1,1025,卖盘
427,10:24:22,10.26,0.01,90,92330,买盘
428,10:24:25,10.26,0.0,15,15390,买盘
429,10:24:31,10.26,0.0,44,45144,买盘
430,10:24:34,10.26,0.0,156,160056,买盘
431,10:24:37,10.26,0.0,8,8208,卖盘
432,10:24:40,10.26,0.0,55,56430,卖盘
433,10:24:49,10.26,0.0,10,10260,买盘
434,10:24:52,10.26,0.0,54,55404,买盘
435,10:24:55,10.26,0.0,47,48222,卖盘
436,10:24:58,10.25,-0.01,2,2050,卖盘
437,10:25:01,10.26,0.01,50,51300,买盘
438,10:25:04,10.26,0.0,3,3078,买盘
439,10:25:18,10.27,0.01,3,3081,买盘
440,10:25:28,10.27,0.0,483,496041,买盘
441,10:25:33,10.27,0.0,17,17459,卖盘
442,10:25:40,10.27,0.0,2,2054,买盘
443,10:25:43,10.27,0.0,3,3081,卖盘
444,10:25:52,10.28,0.01,150,154133,买盘
445,10:25:55,10.27,-0.01,21,21567,卖盘
446,10:25:58,10.27,0.0,4,4108,卖盘
447,10:26:01,10.27,0.0,10,10270,卖盘
448,10:26:09,10.28,0.01,625,642500,买盘
449,10:26:13,10.31,0.03,1200,1235712,买盘
450,10:26:19,10.28,-0.03,32,32896,卖盘
451,10:26:28,10.31,0.03,30,30920,买盘
452,10:26:31,10.3,-0.01,11,11330,中性盘
453,10:26:34,10.31,0.01,54,55674,买盘
454,10:26:36,10.31,0.0,57,58252,买盘
455,10:26:40,10.33,0.02,88,90822,买盘
456,10:26:42,10.32,-0.01,40,41311,中性盘
457,10:26:45,10.33,0.01,59,60947,买盘
458,10:26:49,10.34,0.01,101,104401,买盘
459,10:26:52,10.35,0.01,232,240001,买盘
460,10:26:55,10.35,0.0,252,260820,买盘
461,10:26:58,10.35,0.0,121,125235,卖盘
462,10:27:01,10.36,0.01,19,19679,买盘
463,10:27:04,10.38,0.02,192,198999,买盘
464,10:27:07,10.36,-0.02,170,176233,卖盘
465,10:27:10,10.38,0.02,19,19694,买盘
466,10:27:13,10.38,0.0,345,358105,买盘
467,10:27:16,10.38,0.0,13,13474,买盘
468,10:27:19,10.38,0.0,80,83001,买盘
469,10:27:21,10.38,0.0,79,82002,卖盘
470,10:27:24,10.39,0.01,51,53025,买盘
471,10:27:27,10.4,0.01,148,153794,买盘
472,10:27:31,10.4,0.0,96,99776,买盘
473,10:27:33,10.4,0.0,10,10400,买盘
474,10:27:37,10.39,-0.01,43,44686,卖盘
475,10:27:40,10.39,0.0,78,81094,卖盘
476,10:27:43,10.41,0.02,160,166395,买盘
477,10:27:46,10.4,-0.01,91,94665,卖盘
478,10:27:49,10.4,0.0,138,143520,卖盘
479,10:27:52,10.41,0.01,639,665617,买盘
480,10:27:55,10.41,0.0,18,18738,卖盘
481,10:27:58,10.41,0.0,212,220692,卖盘
482,10:28:00,10.41,0.0,34,35404,卖盘
483,10:28:04,10.41,0.0,172,179076,买盘
484,10:28:06,10.41,0.0,233,242708,卖盘
485,10:28:10,10.4,-0.01,117,121712,卖盘
486,10:28:13,10.41,0.01,245,254754,买盘
487,10:28:16,10.41,0.0,55,57185,买盘
488,10:28:19,10.4,-0.01,43,44739,中性盘
489,10:28:22,10.4,0.0,42,43680,买盘
490,10:28:25,10.4,0.0,18,18720,买盘
491,10:28:27,10.41,0.01,176,183152,买盘
492,10:28:31,10.4,-0.01,43,44720,卖盘
493,10:28:34,10.4,0.0,71,73810,买盘
494,10:28:37,10.39,-0.01,211,219421,卖盘
495,10:28:40,10.4,0.01,74,76946,中性盘
496,10:28:43,10.39,-0.01,167,173804,卖盘
497,10:28:45,10.39,0.0,28,29092,买盘
498,10:28:49,10.39,0.0,41,42571,买盘
499,10:28:52,10.39,0.0,44,45684,买盘
500,10:28:55,10.39,0.0,140,145341,买盘
501,10:29:01,10.38,-0.01,10,10380,买盘
502,10:29:04,10.38,0.0,19,19722,买盘
503,10:29:07,10.38,0.0,58,60194,卖盘
504,10:29:09,10.38,0.0,18,18681,买盘
505,10:29:13,10.38,0.0,8,8301,买盘
506,10:29:16,10.37,-0.01,3,3111,卖盘
507,10:29:19,10.37,0.0,2,2074,买盘
508,10:29:22,10.38,0.01,50,51877,买盘
509,10:29:25,10.37,-0.01,1,1037,中性盘
510,10:29:28,10.37,0.0,10,10370,买盘
511,10:29:30,10.37,0.0,8,8296,买盘
512,10:29:34,10.37,0.0,2,2074,买盘
513,10:29:39,10.37,0.0,32,33182,买盘
514,10:29:46,10.36,-0.01,20,20744,卖盘
515,10:29:49,10.38,0.02,5,5190,买盘
516,10:29:52,10.38,0.0,203,210686,买盘
517,10:29:58,10.37,-0.01,53,54951,卖盘
518,10:30:01,10.37,0.0,258,267748,买盘
519,10:30:07,10.37,0.0,10,10370,卖盘
520,10:30:10,10.37,0.0,8,8299,卖盘
521,10:30:13,10.37,0.0,73,75787,卖盘
522,10:30:15,10.37,0.0,104,107858,卖盘
523,10:30:28,10.38,0.01,50,51900,中性盘
524,10:30:33,10.38,0.0,119,123522,买盘
525,10:30:37,10.39,0.01,35,36343,买盘
526,10:30:39,10.39,0.0,10,10390,买盘
527,10:30:43,10.38,-0.01,5,5190,卖盘
528,10:30:46,10.39,0.01,145,150555,买盘
529,10:30:49,10.39,0.0,33,34287,买盘
530,10:30:52,10.38,-0.01,35,36330,卖盘
531,10:30:58,10.38,0.0,2,2076,卖盘
532,10:31:01,10.39,0.01,31,32209,买盘
533,10:31:03,10.38,-0.01,2,2076,卖盘
534,10:31:06,10.39,0.01,121,125717,买盘
535,10:31:10,10.39,0.0,15,15582,买盘
536,10:31:12,10.38,-0.01,27,28026,卖盘
537,10:31:15,10.39,0.01,212,220268,买盘
538,10:31:18,10.39,0.0,2,2078,卖盘
539,10:31:21,10.39,0.0,36,37430,卖盘
540,10:31:27,10.4,0.01,697,724860,买盘
541,10:31:30,10.42,0.02,386,401910,买盘
542,10:31:33,10.42,0.0,303,315706,买盘
543,10:31:37,10.45,0.03,447,466716,买盘
544,10:31:40,10.45,0.0,31,32395,买盘
545,10:31:43,10.45,0.0,84,87832,买盘
546,10:31:46,10.5,0.05,1162,1218275,买盘
547,10:31:49,10.47,-0.03,59,61694,卖盘
548,10:31:52,10.48,0.01,37,38770,中性盘
549,10:31:55,10.5,0.02,33,34642,买盘
550,10:31:58,10.52,0.02,184,193446,买盘
551,10:32:01,10.54,0.02,37,38980,买盘
552,10:32:04,10.52,-0.02,124,130593,卖盘
553,10:32:07,10.51,-0.01,295,310296,卖盘
554,10:32:10,10.49,-0.02,163,171413,卖盘
555,10:32:13,10.52,0.03,128,134546,买盘
556,10:32:15,10.48,-0.04,152,159192,卖盘
557,10:32:19,10.52,0.04,385,404642,买盘
558,10:32:21,10.5,-0.02,22,23120,卖盘
559,10:32:24,10.49,-0.01,33,34618,卖盘
560,10:32:28,10.5,0.01,125,131176,买盘
561,10:32:31,10.49,-0.01,46,48255,中性盘
562,10:32:34,10.5,0.01,97,101791,买盘
563,10:32:37,10.5,0.0,67,70324,卖盘
564,10:32:40,10.49,-0.01,173,181487,卖盘
565,10:32:43,10.48,-0.01,38,39832,卖盘
566,10:32:46,10.48,0.0,78,81744,卖盘
567,10:32:49,10.48,0.0,46,48208,买盘
568,10:32:51,10.47,-0.01,81,84808,卖盘
569,10:32:55,10.46,-0.01,3,3138,卖盘
570,10:32:57,10.47,0.01,75,78471,买盘
571,10:33:00,10.47,0.0,42,43939,买盘
572,10:33:04,10.46,-0.01,24,25104,卖盘
573,10:33:06,10.46,0.0,54,56492,卖盘
574,10:33:10,10.46,0.0,64,66926,卖盘
575,10:33:13,10.46,0.0,54,56472,买盘
576,10:33:16,10.45,-0.01,27,28235,卖盘
577,10:33:18,10.46,0.01,171,178855,买盘
578,10:33:22,10.45,-0.01,20,20900,卖盘
579,10:33:25,10.46,0.01,38,39732,买盘
580,10:33:28,10.46,0.0,70,73180,买盘
581,10:33:30,10.46,0.0,32,33462,买盘
582,10:33:34,10.46,0.0,42,43932,卖盘
583,10:33:37,10.46,0.0,28,29288,卖盘
584,10:33:40,10.47,0.01,91,95227,买盘
585,10:33:43,10.46,-0.01,56,58597,中性盘
586,10:33:45,10.47,0.01,20,20927,买盘
587,10:33:49,10.45,-0.02,130,135886,卖盘
588,10:33:51,10.46,0.01,43,44978,买盘
589,10:33:55,10.47,0.01,65,68000,买盘
590,10:33:57,10.49,0.02,626,656148,买盘
591,10:34:01,10.49,0.0,24,25176,卖盘
592,10:34:04,10.49,0.0,94,98606,卖盘
593,10:34:06,10.5,0.01,75,78691,买盘
594,10:34:10,10.49,-0.01,369,387243,卖盘
595,10:34:13,10.49,0.0,460,482968,卖盘
596,10:34:16,10.49,0.0,101,105979,卖盘
597,10:34:19,10.48,-0.01,7,7336,卖盘
598,10:34:22,10.49,0.01,100,104887,买盘
599,10:34:25,10.48,-0.01,5,5244,中性盘
600,10:34:28,10.47,-0.01,96,100681,卖盘
601,10:34:31,10.49,0.02,153,160496,买盘
602,10:34:33,10.49,0.0,8,8389,买盘
603,10:34:37,10.48,-0.01,17,17816,卖盘
604,10:34:40,10.48,0.0,18,18866,卖盘
605,10:34:43,10.49,0.01,1,1049,买盘
606,10:34:46,10.48,-0.01,40,41921,卖盘
607,10:34:49,10.49,0.01,81,84948,买盘
608,10:34:52,10.48,-0.01,115,120550,卖盘
609,10:34:54,10.48,0.0,24,25152,卖盘
610,10:34:58,10.48,0.0,97,101676,卖盘
611,10:35:00,10.48,0.0,104,109000,卖盘
612,10:35:04,10.48,0.0,115,120525,卖盘
613,10:35:07,10.48,0.0,20,20957,买盘
614,10:35:09,10.48,0.0,138,144515,买盘
615,10:35:13,10.47,-0.01,93,97398,卖盘
616,10:35:16,10.47,0.0,80,83752,卖盘
617,10:35:19,10.47,0.0,36,37676,买盘
618,10:35:22,10.46,-0.01,49,51276,卖盘
619,10:35:25,10.47,0.01,58,60720,买盘
620,10:35:27,10.46,-0.01,66,69036,卖盘
621,10:35:31,10.47,0.01,4,4185,买盘
622,10:35:34,10.46,-0.01,101,105646,卖盘
623,10:35:37,10.46,0.0,7,7322,买盘
624,10:35:46,10.46,0.0,46,48116,买盘
625,10:35:49,10.45,-0.01,61,63745,卖盘
626,10:35:52,10.46,0.01,101,105618,买盘
627,10:35:57,10.45,-0.01,53,55385,卖盘
628,10:36:07,10.44,-0.01,70,73080,卖盘
629,10:36:10,10.45,0.01,2,2090,买盘
630,10:36:12,10.43,-0.02,79,82439,卖盘
631,10:36:16,10.44,0.01,5,5220,买盘
632,10:36:25,10.44,0.0,1,1044,买盘
633,10:36:28,10.43,-0.01,32,33390,卖盘
634,10:36:30,10.44,0.01,11,11484,中性盘
635,10:36:34,10.44,0.0,19,19836,卖盘
636,10:36:37,10.44,0.0,10,10440,卖盘
637,10:36:40,10.44,0.0,35,36573,卖盘
638,10:36:43,10.44,0.0,16,16711,卖盘
639,10:36:46,10.44,0.0,157,164025,卖盘
640,10:36:48,10.45,0.01,33,34485,中性盘
641,10:36:51,10.45,0.0,1,1045,卖盘
642,10:36:55,10.45,0.0,97,101443,卖盘
643,10:36:58,10.45,0.0,30,31350,卖盘
644,10:37:01,10.46,0.01,52,54392,买盘
645,10:37:04,10.45,-0.01,3,3135,卖盘
646,10:37:07,10.46,0.01,44,46022,买盘
647,10:37:10,10.45,-0.01,74,77366,卖盘
648,10:37:13,10.46,0.01,36,37645,买盘
649,10:37:15,10.46,0.0,2,2092,买盘
650,10:37:19,10.47,0.01,2,2094,买盘
651,10:37:21,10.46,-0.01,122,127612,卖盘
652,10:37:24,10.47,0.01,1,1047,买盘
653,10:37:27,10.47,0.0,66,69102,买盘
654,10:37:33,10.46,-0.01,116,121427,卖盘
655,10:37:36,10.47,0.01,68,71186,买盘
656,10:37:40,10.47,0.0,11,11517,卖盘
657,10:37:43,10.48,0.01,617,646888,买盘
658,10:37:46,10.48,0.0,11,11518,买盘
659,10:37:49,10.49,0.01,8,8387,买盘
660,10:37:52,10.49,0.0,4,4196,买盘
661,10:37:55,10.49,0.0,14,14686,买盘
662,10:37:57,10.49,0.0,79,82886,买盘
663,10:38:00,10.5,0.01,189,198421,买盘
664,10:38:04,10.5,0.0,176,184694,买盘
665,10:38:06,10.5,0.0,377,395925,买盘
666,10:38:10,10.51,0.01,80,84055,买盘
667,10:38:12,10.5,-0.01,225,236523,卖盘
668,10:38:16,10.5,0.0,170,178800,卖盘
669,10:38:19,10.52,0.02,27,28404,买盘
670,10:38:22,10.52,0.0,3,3156,买盘
671,10:38:25,10.52,0.0,320,336598,买盘
672,10:38:28,10.52,0.0,8,8416,卖盘
673,10:38:31,10.53,0.01,130,136770,买盘
674,10:38:34,10.52,-0.01,153,161001,卖盘
675,10:38:37,10.52,0.0,439,462257,卖盘
676,10:38:40,10.53,0.01,276,290844,中性盘
677,10:38:42,10.53,0.0,117,123248,卖盘
678,10:38:46,10.55,0.02,190,200302,买盘
679,10:38:49,10.55,0.0,259,273245,买盘
680,10:38:52,10.55,0.0,75,79125,买盘
681,10:38:55,10.55,0.0,46,48547,卖盘
682,10:38:58,10.56,0.01,308,325168,买盘
683,10:39:01,10.54,-0.02,694,731570,卖盘
684,10:39:04,10.53,-0.01,527,555967,卖盘
685,10:39:06,10.53,0.0,103,108459,买盘
686,10:39:09,10.55,0.02,149,157065,买盘
687,10:39:12,10.53,-0.02,51,53748,卖盘
688,10:39:15,10.53,0.0,31,32633,买盘
689,10:39:19,10.53,0.0,310,326279,买盘
690,10:39:21,10.52,-0.01,170,178840,卖盘
691,10:39:24,10.52,0.0,164,172530,买盘
692,10:39:28,10.52,0.0,66,69458,卖盘
693,10:39:31,10.51,-0.01,2,2102,卖盘
694,10:39:34,10.52,0.01,99,104097,买盘
695,10:39:37,10.51,-0.01,4,4204,中性盘
696,10:39:40,10.52,0.01,26,27336,买盘
697,10:39:43,10.51,-0.01,263,276686,卖盘
698,10:39:46,10.5,-0.01,34,35730,卖盘
699,10:39:49,10.51,0.01,17,17867,买盘
700,10:39:51,10.51,0.0,4,4204,买盘
701,10:39:55,10.5,-0.01,22,23120,卖盘
702,10:39:57,10.5,0.0,51,53566,卖盘
703,10:40:00,10.5,0.0,4,4201,卖盘
704,10:40:07,10.5,0.0,10,10500,卖盘
705,10:40:10,10.5,0.0,67,70350,买盘
706,10:40:13,10.5,0.0,98,102930,买盘
707,10:40:16,10.49,-0.01,30,31480,卖盘
708,10:40:19,10.5,0.01,5,5250,买盘
709,10:40:21,10.48,-0.02,31,32511,卖盘
710,10:40:24,10.49,0.01,14,14686,买盘
711,10:40:28,10.49,0.0,114,119567,买盘
712,10:40:31,10.49,0.0,45,47205,买盘
713,10:40:34,10.49,0.0,26,27278,买盘
714,10:40:37,10.5,0.01,113,118641,买盘
715,10:40:43,10.49,-0.01,65,68185,卖盘
716,10:40:46,10.5,0.01,40,41685,买盘
717,10:40:49,10.5,0.0,4,4200,卖盘
718,10:40:52,10.5,0.0,9,9458,卖盘
719,10:40:55,10.51,0.01,224,235220,买盘
720,10:40:57,10.5,-0.01,73,76654,卖盘
721,10:41:01,10.51,0.01,4,4204,买盘
722,10:41:04,10.5,-0.01,65,68250,卖盘
723,10:41:07,10.5,0.0,50,52515,卖盘
724,10:41:13,10.5,0.0,107,112426,卖盘
725,10:41:16,10.51,0.01,8,8408,买盘
726,10:41:19,10.51,0.0,96,100886,买盘
727,10:41:21,10.51,0.0,55,57805,卖盘
728,10:41:27,10.52,0.01,59,62055,买盘
729,10:41:31,10.51,-0.01,76,79893,卖盘
730,10:41:34,10.51,0.0,24,25224,卖盘
731,10:41:37,10.52,0.01,18,18929,买盘
732,10:41:40,10.51,-0.01,136,143071,卖盘
733,10:41:43,10.51,0.0,62,65164,卖盘
734,10:41:45,10.52,0.01,70,73620,买盘
735,10:41:48,10.52,0.0,65,68380,卖盘
736,10:41:52,10.52,0.0,20,21040,卖盘
737,10:41:55,10.53,0.01,84,88449,买盘
738,10:41:58,10.52,-0.01,117,123087,卖盘
739,10:42:01,10.51,-0.01,96,100984,卖盘
740,10:42:04,10.52,0.01,1,1052,买盘
741,10:42:06,10.53,0.01,150,157827,买盘
742,10:42:10,10.51,-0.02,10,10510,卖盘
743,10:42:13,10.52,0.01,62,65219,买盘
744,10:42:16,10.52,0.0,12,12624,买盘
745,10:42:18,10.52,0.0,91,95732,买盘
746,10:42:21,10.52,0.0,15,15780,卖盘
747,10:42:25,10.51,-0.01,6,6307,卖盘
748,10:42:28,10.52,0.01,6,6312,买盘
749,10:42:31,10.52,0.0,50,52567,买盘
750,10:42:34,10.5,-0.02,223,234311,卖盘
751,10:42:36,10.5,0.0,97,101786,买盘
752,10:42:40,10.5,0.0,3,3150,买盘
753,10:42:43,10.49,-0.01,122,128004,卖盘
754,10:42:46,10.49,0.0,5,5245,买盘
755,10:42:49,10.49,0.0,3,3147,买盘
756,10:42:55,10.48,-0.01,60,62880,卖盘
757,10:42:58,10.48,0.0,25,26205,卖盘
758,10:43:01,10.47,-0.01,315,330071,卖盘
759,10:43:07,10.48,0.01,6,6288,中性盘
760,10:43:10,10.48,0.0,4,4192,卖盘
761,10:43:12,10.48,0.0,49,51334,买盘
762,10:43:19,10.49,0.01,7,7338,买盘
763,10:43:22,10.47,-0.02,170,178020,卖盘
764,10:43:25,10.47,0.0,35,36645,买盘
765,10:43:30,10.48,0.01,61,63911,买盘
766,10:43:34,10.48,0.0,31,32488,卖盘
767,10:43:37,10.48,0.0,20,20960,卖盘
768,10:43:40,10.48,0.0,35,36680,卖盘
769,10:43:46,10.48,0.0,169,177227,卖盘
770,10:43:48,10.48,0.0,54,56592,卖盘
771,10:43:52,10.48,0.0,28,29344,买盘
772,10:43:55,10.48,0.0,11,11528,卖盘
773,10:43:58,10.48,0.0,1,1048,卖盘
774,10:44:01,10.48,0.0,3,3144,卖盘
775,10:44:07,10.49,0.01,109,114341,买盘
776,10:44:15,10.49,0.0,1,1049,卖盘
777,10:44:25,10.49,0.0,46,48254,卖盘
778,10:44:27,10.5,0.01,31,32542,买盘
779,10:44:31,10.49,-0.01,23,24148,卖盘
780,10:44:37,10.5,0.01,42,44100,买盘
781,10:44:42,10.49,-0.01,10,10490,卖盘
782,10:44:45,10.5,0.01,2,2100,买盘
783,10:44:48,10.5,0.0,77,80850,买盘
784,10:44:52,10.49,-0.01,64,67198,卖盘
785,10:44:55,10.49,0.0,3,3147,卖盘
786,10:44:58,10.5,0.01,5,5250,买盘
787,10:45:04,10.49,-0.01,1,1049,卖盘
788,10:45:07,10.5,0.01,6,6300,买盘
789,10:45:12,10.49,-0.01,1,1049,卖盘
790,10:45:22,10.49,0.0,10,10490,卖盘
791,10:45:25,10.49,0.0,80,83920,卖盘
792,10:45:31,10.49,0.0,202,211898,卖盘
793,10:45:37,10.48,-0.01,75,78652,卖盘
794,10:45:43,10.49,0.01,11,11539,买盘
795,10:45:46,10.49,0.0,336,352464,买盘
796,10:45:58,10.49,0.0,199,208751,卖盘
797,10:46:01,10.49,0.0,4,4196,买盘
798,10:46:07,10.48,-0.01,538,563831,卖盘
799,10:46:09,10.48,0.0,13,13624,买盘
800,10:46:13,10.48,0.0,19,19912,买盘
801,10:46:16,10.48,0.0,34,35632,买盘
802,10:46:19,10.48,0.0,70,73360,买盘
803,10:46:22,10.47,-0.01,8,8376,卖盘
804,10:46:33,10.47,0.0,66,69132,卖盘
805,10:46:45,10.47,0.0,51,53398,卖盘
806,10:46:51,10.47,0.0,77,80619,卖盘
807,10:46:54,10.47,0.0,30,31410,买盘
808,10:46:58,10.47,0.0,2,2094,买盘
809,10:47:01,10.46,-0.01,1,1046,卖盘
810,10:47:04,10.47,0.01,34,35577,买盘
811,10:47:10,10.46,-0.01,40,41840,卖盘
812,10:47:13,10.47,0.01,3,3141,买盘
813,10:47:18,10.46,-0.01,46,48116,卖盘
814,10:47:21,10.47,0.01,5,5235,买盘
815,10:47:25,10.47,0.0,31,32457,买盘
816,10:47:28,10.46,-0.01,44,46062,卖盘
817,10:47:31,10.46,0.0,15,15690,卖盘
818,10:47:36,10.46,0.0,10,10460,卖盘
819,10:47:39,10.46,0.0,11,11506,卖盘
820,10:47:43,10.47,0.01,50,52350,买盘
821,10:47:49,10.47,0.0,160,167520,买盘
822,10:47:52,10.47,0.0,22,23034,卖盘
823,10:47:58,10.48,0.01,23,24094,买盘
824,10:48:01,10.48,0.0,30,31440,买盘
825,10:48:04,10.47,-0.01,35,36665,卖盘
826,10:48:07,10.48,0.01,4,4192,中性盘
827,10:48:12,10.49,0.01,7,7343,买盘
828,10:48:30,10.49,0.0,79,82871,买盘
829,10:48:34,10.49,0.0,80,83920,买盘
830,10:48:42,10.49,0.0,8,8398,卖盘
831,10:48:46,10.49,0.0,94,98606,卖盘
832,10:48:49,10.49,0.0,105,110386,买盘
833,10:48:51,10.5,0.01,196,205800,买盘
834,10:48:54,10.5,0.0,480,504000,买盘
835,10:48:58,10.51,0.01,2,2102,买盘
836,10:49:01,10.5,-0.01,6,6300,卖盘
837,10:49:07,10.5,0.0,159,167085,卖盘
838,10:49:09,10.51,0.01,109,114559,买盘
839,10:49:16,10.5,-0.01,5,5250,卖盘
840,10:49:19,10.5,0.0,1,1050,卖盘
841,10:49:22,10.5,0.0,107,112357,卖盘
842,10:49:25,10.51,0.01,69,72516,买盘
843,10:49:27,10.51,0.0,6,6306,买盘
844,10:49:31,10.51,0.0,32,33622,买盘
845,10:49:34,10.5,-0.01,3,3150,卖盘
846,10:49:37,10.5,0.0,12,12602,卖盘
847,10:49:43,10.5,0.0,299,314170,卖盘
848,10:49:45,10.5,0.0,5,5250,买盘
849,10:49:52,10.5,0.0,1,1050,买盘
850,10:49:58,10.5,0.0,2,2100,买盘
851,10:50:01,10.5,0.0,2,2100,买盘
852,10:50:04,10.49,-0.01,46,48299,卖盘
853,10:50:07,10.49,0.0,45,47248,卖盘
854,10:50:13,10.5,0.01,70,73500,买盘
855,10:50:18,10.5,0.0,10,10500,卖盘
856,10:50:25,10.5,0.0,1,1050,卖盘
857,10:50:28,10.51,0.01,2,2102,买盘
858,10:50:31,10.5,-0.01,22,23100,卖盘
859,10:50:34,10.49,-0.01,5,5249,卖盘
860,10:50:36,10.5,0.01,124,130200,买盘
861,10:50:42,10.5,0.0,6,6300,买盘
862,10:50:46,10.5,0.0,81,85030,买盘
863,10:50:52,10.5,0.0,1,1050,买盘
864,10:50:55,10.5,0.0,20,21000,卖盘
865,10:50:57,10.5,0.0,28,29400,卖盘
866,10:51:00,10.5,0.0,24,25200,买盘
867,10:51:07,10.5,0.0,10,10500,买盘
868,10:51:10,10.5,0.0,6,6300,买盘
869,10:51:12,10.5,0.0,91,95550,买盘
870,10:51:16,10.5,0.0,3,3150,买盘
871,10:51:24,10.5,0.0,3,3150,买盘
872,10:51:31,10.5,0.0,15,15749,买盘
873,10:51:36,10.49,-0.01,10,10490,卖盘
874,10:51:42,10.5,0.01,19,19950,买盘
875,10:51:49,10.49,-0.01,110,115390,卖盘
876,10:52:00,10.49,0.0,5,5245,卖盘
877,10:52:04,10.49,0.0,43,45109,卖盘
878,10:52:13,10.5,0.01,8,8400,买盘
879,10:52:19,10.49,-0.01,50,52450,卖盘
880,10:52:24,10.49,0.0,10,10490,卖盘
881,10:52:31,10.5,0.01,200,210000,买盘
882,10:52:33,10.49,-0.01,1,1049,卖盘
883,10:52:42,10.5,0.01,50,52500,买盘
884,10:53:00,10.5,0.0,54,56700,买盘
885,10:53:04,10.5,0.0,120,126000,买盘
886,10:53:12,10.5,0.0,10,10500,买盘
887,10:53:15,10.49,-0.01,22,23096,卖盘
888,10:53:18,10.5,0.01,5,5250,买盘
889,10:53:27,10.49,-0.01,15,15745,卖盘
890,10:53:31,10.5,0.01,1,1050,买盘
891,10:53:34,10.49,-0.01,5,5245,卖盘
892,10:53:37,10.49,0.0,46,48254,卖盘
893,10:53:48,10.49,0.0,5,5245,卖盘
894,10:53:51,10.5,0.01,2,2100,买盘
895,10:53:57,10.49,-0.01,72,75548,卖盘
896,10:54:04,10.5,0.01,7,7345,买盘
897,10:54:07,10.49,-0.01,50,52450,卖盘
898,10:54:12,10.5,0.01,5,5250,买盘
899,10:54:15,10.49,-0.01,50,52450,卖盘
900,10:54:18,10.5,0.01,2,2100,买盘
901,10:54:24,10.5,0.0,13,13650,买盘
902,10:54:28,10.5,0.0,10,10500,买盘
903,10:54:31,10.49,-0.01,50,52450,卖盘
904,10:54:37,10.49,0.0,10,10490,卖盘
905,10:54:43,10.5,0.01,5,5250,买盘
906,10:54:51,10.49,-0.01,72,75528,卖盘
907,10:54:55,10.49,0.0,3,3147,卖盘
908,10:54:58,10.5,0.01,10,10500,买盘
909,10:55:01,10.5,0.0,12,12600,买盘
910,10:55:06,10.49,-0.01,2,2098,卖盘
911,10:55:18,10.49,0.0,1,1049,卖盘
912,10:55:30,10.5,0.01,20,21000,买盘
913,10:55:33,10.5,0.0,72,75600,买盘
914,10:55:36,10.5,0.0,13,13640,买盘
915,10:55:39,10.5,0.0,10,10500,买盘
916,10:55:42,10.5,0.0,50,52499,买盘
917,10:55:49,10.49,-0.01,11,11539,卖盘
918,10:55:55,10.5,0.01,1,1050,买盘
919,10:55:57,10.49,-0.01,19,19931,卖盘
920,10:56:12,10.49,0.0,2,2098,卖盘
921,10:56:19,10.5,0.01,2,2100,买盘
922,10:56:24,10.5,0.0,4,4200,买盘
923,10:56:34,10.49,-0.01,2,2098,卖盘
924,10:56:40,10.5,0.01,2,2100,买盘
925,10:57:04,10.5,0.0,8,8400,买盘
926,10:57:06,10.5,0.0,1,1050,买盘
927,10:57:13,10.49,-0.01,38,39862,卖盘
928,10:57:15,10.49,0.0,14,14695,卖盘
929,10:57:19,10.5,0.01,101,106050,买盘
930,10:57:28,10.49,-0.01,1,1049,卖盘
931,10:57:30,10.49,0.0,50,52450,卖盘
932,10:57:33,10.5,0.01,3,3150,买盘
933,10:57:37,10.5,0.0,65,68230,买盘
934,10:57:40,10.49,-0.01,2,2098,卖盘
935,10:57:46,10.5,0.01,5,5250,买盘
936,10:57:49,10.49,-0.01,100,104900,卖盘
937,10:57:52,10.49,0.0,100,104900,卖盘
938,10:57:55,10.5,0.01,10,10500,买盘
939,10:58:04,10.49,-0.01,1,1049,卖盘
940,10:58:10,10.49,0.0,24,25176,卖盘
941,10:58:13,10.49,0.0,8,8392,卖盘
942,10:58:22,10.49,0.0,5,5245,卖盘
943,10:58:24,10.49,0.0,2,2098,卖盘
944,10:58:27,10.49,0.0,10,10490,卖盘
945,10:58:36,10.49,0.0,100,104900,卖盘
946,10:58:40,10.49,0.0,56,58756,卖盘
947,10:58:46,10.49,0.0,13,13637,卖盘
948,10:58:49,10.49,0.0,39,40911,买盘
949,10:58:55,10.5,0.01,4,4200,买盘
950,10:58:58,10.49,-0.01,15,15735,卖盘
951,10:59:10,10.49,0.0,32,33568,卖盘
952,10:59:18,10.49,0.0,30,31470,卖盘
953,10:59:25,10.49,0.0,3,3147,卖盘
954,10:59:28,10.49,0.0,19,19942,卖盘
955,10:59:36,10.49,0.0,26,27274,买盘
956,10:59:39,10.49,0.0,74,77675,卖盘
957,10:59:51,10.48,-0.01,166,173979,卖盘
958,11:00:04,10.49,0.01,9,9441,买盘
959,11:00:22,10.48,-0.01,149,156261,卖盘
960,11:00:25,10.49,0.01,1,1049,买盘
961,11:00:36,10.49,0.0,2,2098,买盘
962,11:00:52,10.49,0.0,10,10490,买盘
963,11:00:55,10.49,0.0,20,20980,买盘
964,11:00:58,10.49,0.0,3,3147,买盘
965,11:01:09,10.49,0.0,6,6294,买盘
966,11:01:28,10.48,-0.01,1,1048,卖盘
967,11:01:40,10.48,0.0,48,50334,卖盘
968,11:01:43,10.49,0.01,2,2098,买盘
969,11:01:49,10.48,-0.01,10,10480,卖盘
970,11:01:52,10.48,0.0,1,1048,卖盘
971,11:01:55,10.49,0.01,1,1049,买盘
972,11:01:57,10.48,-0.01,10,10480,卖盘
973,11:02:16,10.49,0.01,10,10490,买盘
974,11:02:22,10.48,-0.01,30,31440,卖盘
975,11:02:28,10.48,0.0,4,4192,卖盘
976,11:02:30,10.48,0.0,10,10480,卖盘
977,11:02:36,10.49,0.01,8,8392,买盘
978,11:02:40,10.48,-0.01,4,4192,卖盘
979,11:02:43,10.48,0.0,50,52400,卖盘
980,11:02:48,10.48,0.0,15,15720,卖盘
981,11:02:58,10.48,0.0,11,11528,卖盘
982,11:03:06,10.48,0.0,10,10480,卖盘
983,11:03:10,10.48,0.0,1,1048,卖盘
984,11:03:13,10.49,0.01,1,1049,买盘
985,11:03:21,10.48,-0.01,1,1048,卖盘
986,11:03:24,10.49,0.01,1,1049,买盘
987,11:03:33,10.49,0.0,10,10490,买盘
988,11:03:40,10.49,0.0,19,19931,买盘
989,11:03:48,10.48,-0.01,8,8384,卖盘
990,11:03:54,10.49,0.01,12,12578,买盘
991,11:03:57,10.49,0.0,6,6294,买盘
992,11:04:01,10.49,0.0,42,44058,买盘
993,11:04:06,10.49,0.0,210,220280,买盘
994,11:04:10,10.48,-0.01,1,1048,卖盘
995,11:04:31,10.48,0.0,64,67132,卖盘
996,11:04:49,10.48,0.0,12,12576,卖盘
997,11:04:55,10.49,0.01,10,10490,买盘
998,11:05:07,10.48,-0.01,5,5240,卖盘
999,11:05:10,10.48,0.0,20,20960,卖盘
1000,11:05:18,10.49,0.01,50,52450,买盘
1001,11:05:27,10.49,0.0,9,9441,买盘
1002,11:05:33,10.49,0.0,1,1049,买盘
1003,11:05:36,10.49,0.0,22,23078,买盘
1004,11:05:48,10.49,0.0,14,14686,买盘
1005,11:05:52,10.49,0.0,29,30411,买盘
1006,11:06:07,10.49,0.0,10,10490,买盘
1007,11:06:10,10.49,0.0,50,52450,买盘
1008,11:06:25,10.48,-0.01,6,6288,卖盘
1009,11:06:28,10.49,0.01,81,84969,买盘
1010,11:06:34,10.49,0.0,1,1049,买盘
1011,11:06:37,10.49,0.0,39,40911,买盘
1012,11:06:40,10.49,0.0,3,3147,买盘
1013,11:06:43,10.48,-0.01,1,1048,卖盘
1014,11:06:46,10.48,0.0,4,4192,卖盘
1015,11:07:10,10.49,0.01,1,1049,买盘
1016,11:07:19,10.48,-0.01,3,3144,卖盘
1017,11:07:21,10.49,0.01,6,6294,买盘
1018,11:07:28,10.49,0.0,110,115290,买盘
1019,11:07:34,10.48,-0.01,205,214840,卖盘
1020,11:07:37,10.49,0.01,66,69234,买盘
1021,11:07:40,10.48,-0.01,9,9432,卖盘
1022,11:07:49,10.49,0.01,20,20980,买盘
1023,11:07:57,10.48,-0.01,2,2096,卖盘
1024,11:08:04,10.48,0.0,51,53488,卖盘
1025,11:08:12,10.49,0.01,21,22029,买盘
1026,11:08:15,10.48,-0.01,558,585714,卖盘
1027,11:08:30,10.5,0.02,2,2100,买盘
1028,11:08:36,10.49,-0.01,37,38813,卖盘
1029,11:08:46,10.49,0.0,20,20980,买盘
1030,11:08:49,10.49,0.0,6,6294,买盘
1031,11:08:57,10.49,0.0,14,14685,买盘
1032,11:09:01,10.48,-0.01,5,5240,卖盘
1033,11:09:07,10.48,0.0,3,3144,卖盘
1034,11:09:13,10.49,0.01,50,52450,买盘
1035,11:09:16,10.49,0.0,5,5245,买盘
1036,11:09:18,10.48,-0.01,9,9440,卖盘
1037,11:09:22,10.49,0.01,5,5245,买盘
1038,11:09:25,10.49,0.0,28,29372,买盘
1039,11:09:28,10.49,0.0,57,59793,买盘
1040,11:09:46,10.49,0.0,20,20980,买盘
1041,11:09:52,10.49,0.0,15,15735,买盘
1042,11:09:57,10.5,0.01,25,26243,买盘
1043,11:10:04,10.49,-0.01,10,10490,中性盘
1044,11:10:10,10.49,0.0,10,10490,卖盘
1045,11:10:15,10.49,0.0,25,26225,买盘
1046,11:10:22,10.49,0.0,3,3147,买盘
1047,11:10:25,10.5,0.01,26,27281,买盘
1048,11:10:31,10.49,-0.01,12,12588,卖盘
1049,11:10:34,10.49,0.0,1,1049,买盘
1050,11:10:40,10.49,0.0,2,2098,卖盘
1051,11:10:46,10.49,0.0,20,20980,卖盘
1052,11:10:48,10.49,0.0,40,41990,卖盘
1053,11:10:58,10.49,0.0,47,49303,卖盘
1054,11:11:07,10.49,0.0,5,5245,买盘
1055,11:11:09,10.49,0.0,2,2098,买盘
1056,11:11:15,10.49,0.0,13,13637,买盘
1057,11:11:22,10.49,0.0,2,2098,买盘
1058,11:11:25,10.48,-0.01,10,10488,卖盘
1059,11:11:27,10.48,0.0,11,11529,卖盘
1060,11:11:37,10.49,0.01,10,10490,买盘
1061,11:11:40,10.49,0.0,31,32519,买盘
1062,11:11:46,10.48,-0.01,5,5240,卖盘
1063,11:11:54,10.48,0.0,17,17816,卖盘
1064,11:12:04,10.48,0.0,1,1048,卖盘
1065,11:12:10,10.48,0.0,50,52400,卖盘
1066,11:12:13,10.48,0.0,152,159391,卖盘
1067,11:12:27,10.48,0.0,300,314400,卖盘
1068,11:12:34,10.49,0.01,88,92312,买盘
1069,11:12:36,10.48,-0.01,30,31440,卖盘
1070,11:12:43,10.48,0.0,6,6293,卖盘
1071,11:12:45,10.48,0.0,5,5242,卖盘
1072,11:12:48,10.49,0.01,10,10490,买盘
1073,11:12:52,10.49,0.0,3,3147,买盘
1074,11:12:58,10.49,0.0,3,3147,买盘
1075,11:13:16,10.49,0.0,60,62940,买盘
1076,11:13:22,10.49,0.0,144,151056,买盘
1077,11:13:31,10.49,0.0,5,5245,卖盘
1078,11:13:37,10.49,0.0,30,31470,卖盘
1079,11:13:39,10.49,0.0,12,12588,卖盘
1080,11:13:55,10.49,0.0,2,2098,买盘
1081,11:14:09,10.49,0.0,67,70283,买盘
1082,11:14:15,10.48,-0.01,1,1048,卖盘
1083,11:14:31,10.48,0.0,59,61832,卖盘
1084,11:14:36,10.49,0.01,4,4196,买盘
1085,11:14:43,10.48,-0.01,30,31440,卖盘
1086,11:14:49,10.48,0.0,44,46112,卖盘
1087,11:14:51,10.49,0.01,1,1049,买盘
1088,11:14:54,10.49,0.0,20,20964,买盘
1089,11:15:01,10.48,-0.01,7,7336,卖盘
1090,11:15:04,10.49,0.01,20,20980,买盘
1091,11:15:07,10.48,-0.01,338,354224,卖盘
1092,11:15:10,10.48,0.0,62,64976,买盘
1093,11:15:13,10.48,0.0,11,11527,买盘
1094,11:15:16,10.47,-0.01,120,125640,卖盘
1095,11:15:19,10.46,-0.01,50,52306,卖盘
1096,11:15:22,10.47,0.01,2,2094,中性盘
1097,11:15:25,10.48,0.01,30,31422,买盘
1098,11:15:30,10.47,-0.01,3,3141,卖盘
1099,11:15:33,10.47,0.0,4,4188,卖盘
1100,11:15:37,10.47,0.0,17,17799,卖盘
1101,11:15:40,10.46,-0.01,6,6276,卖盘
1102,11:15:42,10.46,0.0,8,8368,卖盘
1103,11:15:46,10.46,0.0,13,13601,卖盘
1104,11:15:49,10.47,0.01,35,36615,买盘
1105,11:15:52,10.46,-0.01,1,1046,卖盘
1106,11:15:55,10.46,0.0,10,10460,卖盘
1107,11:16:00,10.47,0.01,14,14656,买盘
1108,11:16:04,10.46,-0.01,16,16736,卖盘
1109,11:16:10,10.46,0.0,2,2092,卖盘
1110,11:16:12,10.46,0.0,18,18828,卖盘
1111,11:16:25,10.45,-0.01,5,5225,卖盘
1112,11:16:28,10.45,0.0,4,4180,卖盘
1113,11:16:31,10.46,0.01,49,51254,买盘
1114,11:16:33,10.46,0.0,4,4184,卖盘
1115,11:16:37,10.46,0.0,1,1046,买盘
1116,11:16:45,10.46,0.0,15,15690,买盘
1117,11:16:48,10.45,-0.01,42,43911,卖盘
1118,11:16:51,10.46,0.01,3,3138,买盘
1119,11:16:54,10.46,0.0,3,3138,买盘
1120,11:16:57,10.46,0.0,3,3138,买盘
1121,11:17:01,10.46,0.0,3,3138,卖盘
1122,11:17:12,10.46,0.0,5,5230,卖盘
1123,11:17:30,10.47,0.01,91,95277,买盘
1124,11:17:36,10.47,0.0,14,14658,卖盘
1125,11:17:39,10.47,0.0,54,56545,卖盘
1126,11:17:46,10.46,-0.01,12,12554,卖盘
1127,11:17:52,10.47,0.01,2,2094,买盘
1128,11:17:55,10.47,0.0,1,1047,买盘
1129,11:17:57,10.47,0.0,1,1047,买盘
1130,11:18:04,10.46,-0.01,6,6276,卖盘
1131,11:18:06,10.46,0.0,1,1046,卖盘
1132,11:18:15,10.47,0.01,2,2094,买盘
1133,11:18:24,10.46,-0.01,80,83680,卖盘
1134,11:18:30,10.46,0.0,25,26150,卖盘
1135,11:18:34,10.46,0.0,40,41840,卖盘
1136,11:18:37,10.46,0.0,13,13598,卖盘
1137,11:18:40,10.46,0.0,2,2699,卖盘
1138,11:18:43,10.46,0.0,4,3577,卖盘
1139,11:18:57,10.46,0.0,2,2092,卖盘
1140,11:19:04,10.46,0.0,2,2092,买盘
1141,11:19:09,10.47,0.01,45,47086,买盘
1142,11:19:16,10.45,-0.02,6,6275,卖盘
1143,11:19:18,10.46,0.01,1,1046,买盘
1144,11:19:22,10.46,0.0,10,10460,买盘
1145,11:19:24,10.45,-0.01,10,10450,卖盘
1146,11:19:39,10.45,0.0,10,10450,卖盘
1147,11:19:43,10.46,0.01,1,1046,买盘
1148,11:19:48,10.46,0.0,15,15690,买盘
1149,11:19:52,10.46,0.0,23,24058,买盘
1150,11:20:01,10.46,0.0,5,5230,卖盘
1151,11:20:04,10.46,0.0,35,36610,卖盘
1152,11:20:07,10.46,0.0,15,15690,买盘
1153,11:20:09,10.46,0.0,5,5230,卖盘
1154,11:20:12,10.46,0.0,2,2092,卖盘
1155,11:20:31,10.45,-0.01,25,26125,卖盘
1156,11:20:46,10.46,0.01,6,6276,买盘
1157,11:20:51,10.46,0.0,10,10460,买盘
1158,11:21:04,10.45,-0.01,1,1045,卖盘
1159,11:21:10,10.46,0.01,4,4184,买盘
1160,11:21:15,10.46,0.0,10,10460,卖盘
1161,11:21:25,10.46,0.0,5,5230,买盘
1162,11:21:28,10.46,0.0,100,104600,买盘
1163,11:21:34,10.46,0.0,12,12549,买盘
1164,11:21:46,10.46,0.0,10,10460,买盘
1165,11:21:58,10.46,0.0,29,30316,买盘
1166,11:22:21,10.46,0.0,4,4184,买盘
1167,11:22:24,10.46,0.0,52,54392,买盘
1168,11:22:40,10.46,0.0,10,10460,卖盘
1169,11:22:49,10.46,0.0,2,2092,卖盘
1170,11:22:54,10.47,0.01,6,6282,买盘
1171,11:22:57,10.46,-0.01,66,69036,卖盘
1172,11:23:00,10.46,0.0,2,2092,买盘
1173,11:23:04,10.46,0.0,31,32426,买盘
1174,11:23:09,10.46,0.0,10,10460,卖盘
1175,11:23:18,10.46,0.0,13,13598,卖盘
1176,11:23:24,10.47,0.01,50,52350,买盘
1177,11:23:34,10.46,-0.01,7,7324,卖盘
1178,11:23:45,10.47,0.01,51,53397,买盘
1179,11:23:52,10.47,0.0,14,14658,买盘
1180,11:24:13,10.46,-0.01,20,20930,卖盘
1181,11:24:18,10.46,0.0,6,6276,卖盘
1182,11:24:22,10.47,0.01,4,4188,买盘
1183,11:24:25,10.47,0.0,24,25128,买盘
1184,11:24:31,10.47,0.0,7,7329,买盘
1185,11:24:39,10.46,-0.01,50,52300,卖盘
1186,11:24:58,10.47,0.01,10,10470,买盘
1187,11:25:04,10.46,-0.01,11,11506,卖盘
1188,11:25:09,10.47,0.01,30,31410,买盘
1189,11:25:18,10.47,0.0,22,23641,买盘
1190,11:25:24,10.47,0.0,3,3141,卖盘
1191,11:25:28,10.47,0.0,2,1487,卖盘
1192,11:25:36,10.46,-0.01,88,92048,卖盘
1193,11:25:42,10.46,0.0,10,10460,买盘
1194,11:25:48,10.46,0.0,14,14644,买盘
1195,11:25:54,10.46,0.0,10,10460,买盘
1196,11:26:00,10.45,-0.01,1,1045,卖盘
1197,11:26:07,10.46,0.01,5,5230,买盘
1198,11:26:09,10.46,0.0,6,6276,买盘
1199,11:26:13,10.45,-0.01,16,16726,卖盘
1200,11:26:19,10.46,0.01,4,4184,买盘
1201,11:26:24,10.46,0.0,7,7322,卖盘
1202,11:26:45,10.46,0.0,4,4184,卖盘
1203,11:26:54,10.47,0.01,41,43534,买盘
1204,11:27:07,10.47,0.0,8,8376,卖盘
1205,11:27:22,10.48,0.01,12,12574,买盘
1206,11:27:24,10.48,0.0,8,8384,买盘
1207,11:27:49,10.47,-0.01,2,2094,卖盘
1208,11:27:54,10.47,0.0,50,52350,卖盘
1209,11:27:57,10.48,0.01,424,444352,买盘
1210,11:28:00,10.48,0.0,51,53448,买盘
1211,11:28:04,10.48,0.0,2,2096,买盘
1212,11:28:07,10.48,0.0,202,211696,买盘
1213,11:28:10,10.47,-0.01,6,6283,卖盘
1214,11:28:24,10.49,0.02,6,6294,买盘
1215,11:28:31,10.47,-0.02,59,61774,卖盘
1216,11:28:49,10.49,0.02,5,5244,买盘
1217,11:29:10,10.49,0.0,34,35666,买盘
1218,11:29:19,10.48,-0.01,1,1048,卖盘
1219,11:29:36,10.49,0.01,10,10490,买盘
1220,11:29:43,10.48,-0.01,9,9432,卖盘
1221,11:29:45,10.49,0.01,55,57675,买盘
1222,11:29:52,10.48,-0.01,70,73410,卖盘
1223,11:29:57,10.48,0.0,27,28296,卖盘
1224,11:30:01,10.49,0.01,6,6294,买盘
1225,11:30:04,10.49,0.0,4,4196,买盘
1226,13:00:04,10.49,0.0,3,3146,买盘
1227,13:00:07,10.5,0.01,258,270643,买盘
1228,13:00:18,10.49,-0.01,8,8392,卖盘
1229,13:00:28,10.49,0.0,92,96508,卖盘
1230,13:00:39,10.48,-0.01,3,3144,卖盘
1231,13:01:00,10.48,0.0,2,2096,卖盘
1232,13:01:15,10.49,0.01,5,5245,买盘
1233,13:01:42,10.49,0.0,3,3147,买盘
1234,13:01:48,10.5,0.01,119,124850,买盘
1235,13:01:52,10.49,-0.01,2,2098,卖盘
1236,13:02:00,10.49,0.0,1,1049,卖盘
1237,13:02:30,10.49,0.0,11,11539,卖盘
1238,13:02:33,10.49,0.0,1,1049,买盘
1239,13:02:36,10.49,0.0,8,8392,买盘
1240,13:02:42,10.49,0.0,30,31470,买盘
1241,13:02:45,10.48,-0.01,1,1048,卖盘
1242,13:03:12,10.49,0.01,4,4196,买盘
1243,13:03:27,10.48,-0.01,12,12576,卖盘
1244,13:03:33,10.48,0.0,1,1048,卖盘
1245,13:03:45,10.48,0.0,1,1048,卖盘
1246,13:03:54,10.49,0.01,2,2098,买盘
1247,13:03:57,10.48,-0.01,10,10480,卖盘
1248,13:04:04,10.48,0.0,18,18864,卖盘
1249,13:04:18,10.47,-0.01,1,1047,卖盘
1250,13:04:27,10.48,0.01,12,12576,买盘
1251,13:04:36,10.48,0.0,4,4192,卖盘
1252,13:04:42,10.47,-0.01,1,1047,卖盘
1253,13:04:51,10.47,0.0,12,12564,卖盘
1254,13:05:10,10.48,0.01,3,3144,买盘
1255,13:05:15,10.48,0.0,2,2096,买盘
1256,13:05:45,10.48,0.0,4,4192,买盘
1257,13:05:48,10.47,-0.01,20,20940,卖盘
1258,13:06:01,10.48,0.01,100,104800,买盘
1259,13:06:04,10.47,-0.01,60,62820,卖盘
1260,13:06:09,10.47,0.0,1,1047,卖盘
1261,13:06:12,10.47,0.0,2,2094,卖盘
1262,13:06:16,10.47,0.0,9,9423,卖盘
1263,13:06:19,10.47,0.0,1,1047,卖盘
1264,13:06:30,10.47,0.0,96,100512,卖盘
1265,13:06:37,10.48,0.01,53,55541,买盘
1266,13:06:43,10.48,0.0,20,20959,买盘
1267,13:06:45,10.46,-0.02,20,20920,卖盘
1268,13:06:57,10.46,0.0,39,40794,卖盘
1269,13:07:15,10.47,0.01,1,1047,卖盘
1270,13:07:24,10.47,0.0,2,2094,卖盘
1271,13:07:36,10.48,0.01,52,54496,买盘
1272,13:07:48,10.47,-0.01,1,1047,卖盘
1273,13:07:54,10.47,0.0,78,81666,卖盘
1274,13:07:57,10.47,0.0,22,23034,买盘
1275,13:08:04,10.48,0.01,32,33536,卖盘
1276,13:08:07,10.48,0.0,33,34584,卖盘
1277,13:08:10,10.48,0.0,9,9432,卖盘
1278,13:08:13,10.48,0.0,6,6288,卖盘
1279,13:08:16,10.48,0.0,119,124712,卖盘
1280,13:08:48,10.47,-0.01,5,5235,卖盘
1281,13:08:54,10.47,0.0,6,6282,卖盘
1282,13:09:12,10.47,0.0,14,14658,卖盘
1283,13:09:16,10.47,0.0,6,6282,买盘
1284,13:09:33,10.47,0.0,10,10470,买盘
1285,13:09:39,10.46,-0.01,5,5230,卖盘
1286,13:09:42,10.46,0.0,1,1046,卖盘
1287,13:09:58,10.46,0.0,40,41840,卖盘
1288,13:10:10,10.47,0.01,191,199796,买盘
1289,13:10:21,10.46,-0.01,1,1046,卖盘
1290,13:10:28,10.47,0.01,1,1047,买盘
1291,13:10:36,10.46,-0.01,709,741614,卖盘
1292,13:10:46,10.46,0.0,100,104600,买盘
1293,13:11:06,10.45,-0.01,59,61655,卖盘
1294,13:11:09,10.45,0.0,191,199595,卖盘
1295,13:11:12,10.46,0.01,17,17782,买盘
1296,13:11:15,10.45,-0.01,2,2090,卖盘
1297,13:11:19,10.45,0.0,48,50160,卖盘
1298,13:11:25,10.45,0.0,92,96144,卖盘
1299,13:11:37,10.45,0.0,50,52250,买盘
1300,13:11:42,10.45,0.0,2,2090,买盘
1301,13:11:45,10.45,0.0,50,52250,买盘
1302,13:11:54,10.44,-0.01,20,20880,卖盘
1303,13:12:04,10.44,0.0,25,26100,卖盘
1304,13:12:07,10.45,0.01,30,31350,买盘
1305,13:12:21,10.44,-0.01,11,11486,卖盘
1306,13:12:27,10.45,0.01,23,24035,买盘
1307,13:12:30,10.45,0.0,2,2090,卖盘
1308,13:12:33,10.45,0.0,1,1045,买盘
1309,13:12:51,10.46,0.01,16,16736,买盘
1310,13:13:04,10.45,-0.01,2,2090,卖盘
1311,13:13:07,10.46,0.01,28,29288,买盘
1312,13:13:16,10.47,0.01,2,2094,卖盘
1313,13:13:19,10.47,0.0,1,1047,卖盘
1314,13:13:22,10.46,-0.01,10,10460,卖盘
1315,13:13:34,10.47,0.01,1,1047,买盘
1316,13:13:37,10.47,0.0,7,7334,卖盘
1317,13:13:39,10.47,0.0,2,2094,中性盘
1318,13:13:54,10.46,-0.01,17,17810,卖盘
1319,13:14:10,10.47,0.01,14,14658,买盘
1320,13:14:16,10.47,0.0,11,11517,卖盘
1321,13:14:19,10.48,0.01,14,14672,买盘
1322,13:14:28,10.48,0.0,10,10480,买盘
1323,13:14:40,10.47,-0.01,2,2094,卖盘
1324,13:14:42,10.47,0.0,3,3141,卖盘
1325,13:15:01,10.47,0.0,5,5235,卖盘
1326,13:15:12,10.48,0.01,1,1048,买盘
1327,13:15:15,10.47,-0.01,6,6282,卖盘
1328,13:15:40,10.48,0.01,19,19912,买盘
1329,13:15:48,10.48,0.0,49,51352,买盘
1330,13:15:51,10.47,-0.01,2,2094,卖盘
1331,13:15:57,10.48,0.01,53,55544,买盘
1332,13:16:06,10.49,0.01,1,1049,买盘
1333,13:16:13,10.49,0.0,3,3147,买盘
1334,13:16:28,10.49,0.0,25,26225,买盘
1335,13:16:33,10.49,0.0,6,6294,买盘
1336,13:16:36,10.49,0.0,5,5245,买盘
1337,13:16:39,10.49,0.0,10,10490,买盘
1338,13:16:43,10.49,0.0,101,105949,买盘
1339,13:16:48,10.49,0.0,31,32519,买盘
1340,13:16:54,10.49,0.0,1,1049,买盘
1341,13:16:57,10.49,0.0,4,4196,买盘
1342,13:17:21,10.48,-0.01,1,1048,卖盘
1343,13:17:36,10.49,0.01,25,26225,买盘
1344,13:17:45,10.49,0.0,60,62940,买盘
1345,13:17:48,10.48,-0.01,100,104800,卖盘
1346,13:17:51,10.49,0.01,91,95456,买盘
1347,13:17:55,10.49,0.0,5,5245,买盘
1348,13:18:07,10.49,0.0,6,6294,买盘
1349,13:18:12,10.49,0.0,1,1049,买盘
1350,13:18:18,10.48,-0.01,8,8384,卖盘
1351,13:18:30,10.48,0.0,24,25152,卖盘
1352,13:18:40,10.48,0.0,4,4192,卖盘
1353,13:18:43,10.48,0.0,30,31440,卖盘
1354,13:18:46,10.48,0.0,12,12576,卖盘
1355,13:18:48,10.48,0.0,85,89080,卖盘
1356,13:19:19,10.47,-0.01,6,6282,卖盘
1357,13:19:30,10.48,0.01,1,1048,买盘
1358,13:19:39,10.47,-0.01,1,1047,卖盘
1359,13:20:00,10.47,0.0,4,4188,卖盘
1360,13:20:07,10.48,0.01,10,10480,买盘
1361,13:20:22,10.47,-0.01,26,27222,卖盘
1362,13:20:39,10.47,0.0,1,1047,卖盘
1363,13:20:45,10.47,0.0,1,1047,卖盘
1364,13:20:51,10.47,0.0,6,6282,卖盘
1365,13:20:54,10.47,0.0,12,12564,卖盘
1366,13:20:57,10.47,0.0,3,3141,卖盘
1367,13:21:13,10.47,0.0,20,20940,卖盘
1368,13:21:24,10.47,0.0,1,1047,卖盘
1369,13:21:28,10.47,0.0,10,10470,卖盘
1370,13:21:34,10.47,0.0,25,26175,卖盘
1371,13:21:54,10.47,0.0,20,20940,买盘
1372,13:21:57,10.47,0.0,20,20940,买盘
1373,13:22:04,10.47,0.0,2,2094,买盘
1374,13:22:07,10.47,0.0,13,13611,买盘
1375,13:22:13,10.47,0.0,9,9423,卖盘
1376,13:22:22,10.47,0.0,10,10470,卖盘
1377,13:22:30,10.47,0.0,5,5235,卖盘
1378,13:22:37,10.48,0.01,4,4192,买盘
1379,13:22:40,10.48,0.0,18,18864,买盘
1380,13:22:43,10.48,0.0,22,23056,买盘
1381,13:22:57,10.48,0.0,18,18864,买盘
1382,13:23:01,10.48,0.0,7,7336,买盘
1383,13:23:09,10.48,0.0,23,24104,买盘
1384,13:23:12,10.48,0.0,3,3144,买盘
1385,13:23:16,10.48,0.0,8,8384,买盘
1386,13:23:22,10.47,-0.01,4,4188,卖盘
1387,13:23:34,10.47,0.0,5,5235,卖盘
1388,13:23:45,10.48,0.01,1,1048,买盘
1389,13:23:48,10.48,0.0,61,63928,买盘
1390,13:23:58,10.48,0.0,13,13624,买盘
1391,13:24:01,10.48,0.0,17,17816,买盘
1392,13:24:04,10.48,0.0,3,3144,买盘
1393,13:24:07,10.48,0.0,8,8384,买盘
1394,13:24:10,10.48,0.0,12,12576,买盘
1395,13:24:13,10.48,0.0,5,5240,买盘
1396,13:24:19,10.48,0.0,10,10480,买盘
1397,13:24:31,10.48,0.0,26,27248,买盘
1398,13:24:51,10.47,-0.01,10,10470,卖盘
1399,13:25:04,10.47,0.0,1,1047,卖盘
1400,13:25:13,10.48,0.01,40,41920,买盘
1401,13:25:33,10.48,0.0,29,30392,买盘
1402,13:25:52,10.48,0.0,10,10480,卖盘
1403,13:26:04,10.48,0.0,20,20960,卖盘
1404,13:26:13,10.48,0.0,10,10480,卖盘
1405,13:26:18,10.49,0.01,5,5245,买盘
1406,13:26:27,10.48,-0.01,2,2096,卖盘
1407,13:26:37,10.49,0.01,251,263299,买盘
1408,13:26:43,10.5,0.01,111,116550,买盘
1409,13:26:55,10.5,0.0,23,24150,买盘
1410,13:27:01,10.5,0.0,1,1050,买盘
1411,13:27:04,10.5,0.0,35,36745,买盘
1412,13:27:09,10.5,0.0,342,359100,买盘
1413,13:27:13,10.5,0.0,50,52500,卖盘
1414,13:27:16,10.5,0.0,5,5250,卖盘
1415,13:27:19,10.5,0.0,41,43050,卖盘
1416,13:27:25,10.5,0.0,12,12600,买盘
1417,13:27:28,10.5,0.0,1,1050,卖盘
1418,13:27:31,10.5,0.0,16,16800,卖盘
1419,13:27:37,10.5,0.0,54,56742,卖盘
1420,13:27:40,10.5,0.0,1,1050,卖盘
1421,13:27:46,10.51,0.01,89,93489,买盘
1422,13:27:49,10.51,0.0,60,63010,买盘
1423,13:27:52,10.5,-0.01,3,3108,卖盘
1424,13:28:01,10.5,0.0,14,14700,买盘
1425,13:28:04,10.5,0.0,1,1050,买盘
1426,13:28:07,10.5,0.0,23,24150,买盘
1427,13:28:28,10.5,0.0,100,105000,买盘
1428,13:28:33,10.5,0.0,51,53549,买盘
1429,13:28:37,10.5,0.0,16,16800,买盘
1430,13:28:43,10.5,0.0,2,2100,买盘
1431,13:28:46,10.51,0.01,123,129236,买盘
1432,13:28:52,10.5,-0.01,9,9450,卖盘
1433,13:28:54,10.5,0.0,6,6300,买盘
1434,13:28:57,10.5,0.0,35,36750,买盘
1435,13:29:00,10.51,0.01,59,61952,买盘
1436,13:29:04,10.51,0.0,22,23122,买盘
1437,13:29:06,10.51,0.0,2,2102,买盘
1438,13:29:10,10.51,0.0,2,2102,买盘
1439,13:29:13,10.51,0.0,2,2102,买盘
1440,13:29:16,10.51,0.0,57,59907,买盘
1441,13:29:19,10.51,0.0,29,30521,买盘
1442,13:29:24,10.51,0.0,5,5255,卖盘
1443,13:29:28,10.51,0.0,10,10510,卖盘
1444,13:29:30,10.51,0.0,1,1009,买盘
1445,13:29:37,10.52,0.01,40,42064,买盘
1446,13:29:40,10.52,0.0,30,31560,买盘
1447,13:29:45,10.52,0.0,15,15780,买盘
1448,13:29:51,10.52,0.0,16,16832,买盘
1449,13:29:57,10.52,0.0,60,63099,买盘
1450,13:30:01,10.52,0.0,10,10520,买盘
1451,13:30:07,10.51,-0.01,12,12610,买盘
1452,13:30:16,10.53,0.02,511,537763,买盘
1453,13:30:22,10.5,-0.03,59,61950,卖盘
1454,13:30:31,10.51,0.01,54,56754,买盘
1455,13:30:34,10.51,0.0,7,7357,买盘
1456,13:30:40,10.51,0.0,20,21020,买盘
1457,13:30:52,10.51,0.0,26,27326,买盘
1458,13:30:54,10.51,0.0,17,17867,买盘
1459,13:30:57,10.51,0.0,3,3153,买盘
1460,13:31:01,10.51,0.0,4,4204,卖盘
1461,13:31:04,10.51,0.0,4,4204,卖盘
1462,13:31:07,10.5,-0.01,9,9454,卖盘
1463,13:31:10,10.5,0.0,10,10500,卖盘
1464,13:31:13,10.51,0.01,2,2102,买盘
1465,13:31:16,10.51,0.0,8,8408,买盘
1466,13:31:22,10.51,0.0,7,7357,卖盘
1467,13:31:33,10.51,0.0,35,36785,卖盘
1468,13:31:43,10.51,0.0,33,34683,卖盘
1469,13:32:04,10.5,-0.01,35,36754,卖盘
1470,13:32:07,10.5,0.0,29,30450,卖盘
1471,13:32:10,10.51,0.01,2,2102,买盘
1472,13:32:13,10.51,0.0,1,1051,买盘
1473,13:32:16,10.5,-0.01,25,26252,卖盘
1474,13:32:21,10.5,0.0,10,10500,卖盘
1475,13:32:27,10.5,0.0,2,2100,卖盘
1476,13:32:40,10.5,0.0,5,5250,卖盘
1477,13:32:43,10.5,0.0,60,63000,卖盘
1478,13:32:49,10.5,0.0,5,5250,卖盘
1479,13:32:57,10.51,0.01,2,2102,买盘
1480,13:33:00,10.5,-0.01,10,10500,卖盘
1481,13:33:04,10.5,0.0,14,14700,卖盘
1482,13:33:10,10.51,0.01,1,1051,买盘
1483,13:33:21,10.5,-0.01,50,52500,卖盘
1484,13:33:28,10.5,0.0,1,1050,买盘
1485,13:33:42,10.5,0.0,4,4200,买盘
1486,13:34:01,10.5,0.0,10,10500,买盘
1487,13:34:15,10.49,-0.01,30,31470,卖盘
1488,13:34:31,10.49,0.0,12,12588,卖盘
1489,13:34:39,10.49,0.0,2,2098,买盘
1490,13:34:54,10.49,0.0,5,5245,买盘
1491,13:35:19,10.49,0.0,6,6299,卖盘
1492,13:35:30,10.49,0.0,15,15735,卖盘
1493,13:35:36,10.49,0.0,11,11539,卖盘
1494,13:35:45,10.49,0.0,1,1049,卖盘
1495,13:35:52,10.5,0.01,188,197400,买盘
1496,13:35:54,10.5,0.0,35,36750,买盘
1497,13:36:10,10.5,0.0,1,1050,买盘
1498,13:36:43,10.5,0.0,35,36750,买盘
1499,13:36:57,10.5,0.0,1,1050,买盘
1500,13:37:09,10.49,-0.01,1,1049,卖盘
1501,13:37:18,10.49,0.0,10,10490,卖盘
1502,13:37:21,10.5,0.01,7,7350,买盘
1503,13:37:25,10.5,0.0,1,1050,买盘
1504,13:37:33,10.5,0.0,6,6300,买盘
1505,13:37:40,10.49,-0.01,5,5245,卖盘
1506,13:37:46,10.49,0.0,9,9441,卖盘
1507,13:37:55,10.49,0.0,6,6294,卖盘
1508,13:38:15,10.49,0.0,10,10490,卖盘
1509,13:38:18,10.49,0.0,12,12588,卖盘
1510,13:38:22,10.49,0.0,9,9441,卖盘
1511,13:38:25,10.49,0.0,9,9441,卖盘
1512,13:38:31,10.49,0.0,1,1049,买盘
1513,13:38:40,10.49,0.0,2,2098,买盘
1514,13:39:12,10.49,0.0,21,22029,买盘
1515,13:39:28,10.49,0.0,7,7343,买盘
1516,13:39:40,10.48,-0.01,142,148816,卖盘
1517,13:39:57,10.48,0.0,6,6284,买盘
1518,13:40:00,10.48,0.0,2,2096,买盘
1519,13:40:16,10.46,-0.02,228,238598,卖盘
1520,13:40:22,10.48,0.02,20,20949,买盘
1521,13:40:48,10.47,-0.01,8,8376,买盘
1522,13:40:52,10.47,0.0,50,52350,买盘
1523,13:40:58,10.47,0.0,31,32457,买盘
1524,13:41:01,10.47,0.0,10,10470,卖盘
1525,13:41:04,10.47,0.0,3,3141,卖盘
1526,13:41:07,10.47,0.0,1,1047,卖盘
1527,13:41:10,10.48,0.01,1,1048,买盘
1528,13:41:16,10.47,-0.01,1,1047,卖盘
1529,13:41:40,10.47,0.0,21,21987,卖盘
1530,13:42:16,10.47,0.0,30,31410,卖盘
1531,13:42:19,10.48,0.01,50,52400,买盘
1532,13:42:22,10.47,-0.01,9,9423,卖盘
1533,13:42:31,10.48,0.01,2,2096,买盘
1534,13:42:39,10.48,0.0,14,14672,买盘
1535,13:42:54,10.47,-0.01,1,1047,卖盘
1536,13:43:19,10.48,0.01,14,14667,买盘
1537,13:43:25,10.48,0.0,3,3144,买盘
1538,13:43:31,10.47,-0.01,20,20940,卖盘
1539,13:43:46,10.48,0.01,4,4192,买盘
1540,13:43:48,10.48,0.0,1,1048,买盘
1541,13:44:09,10.48,0.0,309,323832,买盘
1542,13:44:25,10.48,0.0,1,1048,卖盘
1543,13:44:34,10.48,0.0,3,3144,卖盘
1544,13:44:37,10.48,0.0,12,12576,卖盘
1545,13:45:10,10.49,0.01,2,2098,买盘
1546,13:45:13,10.48,-0.01,2,2096,卖盘
1547,13:45:16,10.48,0.0,2,2096,卖盘
1548,13:45:19,10.49,0.01,5,5245,买盘
1549,13:45:34,10.48,-0.01,10,10480,卖盘
1550,13:45:51,10.49,0.01,8,8392,买盘
1551,13:46:12,10.49,0.0,75,78675,买盘
1552,13:46:22,10.49,0.0,4,4196,买盘
1553,13:46:31,10.49,0.0,2,2098,买盘
1554,13:46:37,10.49,0.0,10,10490,买盘
1555,13:46:57,10.49,0.0,7,7343,买盘
1556,13:47:07,10.48,-0.01,17,17816,卖盘
1557,13:47:13,10.48,0.0,7,7336,卖盘
1558,13:47:33,10.49,0.01,1,1049,买盘
1559,13:47:36,10.48,-0.01,2,2096,卖盘
1560,13:47:42,10.49,0.01,72,75528,买盘
1561,13:47:51,10.49,0.0,2,2098,买盘
1562,13:47:57,10.49,0.0,1,1049,买盘
1563,13:48:13,10.48,-0.01,14,14672,卖盘
1564,13:48:19,10.48,0.0,5,5240,卖盘
1565,13:48:22,10.49,0.01,2,2098,买盘
1566,13:48:28,10.48,-0.01,8,8384,卖盘
1567,13:48:30,10.48,0.0,50,52400,卖盘
1568,13:48:37,10.48,0.0,17,17816,卖盘
1569,13:48:43,10.48,0.0,1,1048,卖盘
1570,13:48:54,10.48,0.0,4,4192,卖盘
1571,13:48:57,10.49,0.01,10,10490,买盘
1572,13:49:00,10.49,0.0,11,11531,买盘
1573,13:49:04,10.48,-0.01,37,38776,卖盘
1574,13:49:30,10.49,0.01,90,94410,买盘
1575,13:49:33,10.48,-0.01,5,5240,卖盘
1576,13:49:40,10.48,0.0,1,1048,卖盘
1577,13:49:51,10.48,0.0,7,7336,卖盘
1578,13:49:58,10.48,0.0,2,2096,买盘
1579,13:50:16,10.48,0.0,5,5240,买盘
1580,13:50:52,10.48,0.0,8,8384,买盘
1581,13:51:01,10.47,-0.01,8,8376,卖盘
1582,13:51:09,10.47,0.0,126,131922,卖盘
1583,13:51:24,10.47,0.0,70,73270,买盘
1584,13:51:27,10.47,0.0,18,18846,买盘
1585,13:51:30,10.47,0.0,1,1047,卖盘
1586,13:51:43,10.47,0.0,15,15705,卖盘
1587,13:51:46,10.47,0.0,64,67008,卖盘
1588,13:51:52,10.46,-0.01,1,1046,卖盘
1589,13:52:01,10.47,0.01,9,9423,买盘
1590,13:52:04,10.47,0.0,5,5235,买盘
1591,13:52:15,10.47,0.0,2,2094,买盘
1592,13:52:28,10.47,0.0,8,8376,卖盘
1593,13:52:37,10.48,0.01,133,139384,买盘
1594,13:52:46,10.48,0.0,32,33536,买盘
1595,13:52:55,10.48,0.0,26,27248,买盘
1596,13:52:58,10.47,-0.01,15,15705,卖盘
1597,13:53:04,10.47,0.0,26,27222,买盘
1598,13:53:07,10.47,0.0,21,21987,买盘
1599,13:53:09,10.48,0.01,85,89053,买盘
1600,13:53:43,10.48,0.0,9,9432,卖盘
1601,13:53:45,10.48,0.0,20,20960,卖盘
1602,13:53:48,10.48,0.0,30,31440,卖盘
1603,13:53:54,10.48,0.0,5,5240,卖盘
1604,13:54:16,10.48,0.0,1,1048,卖盘
1605,13:54:24,10.48,0.0,4,4192,卖盘
1606,13:54:34,10.48,0.0,3,3144,卖盘
1607,13:54:40,10.48,0.0,3,3144,卖盘
1608,13:54:42,10.49,0.01,2,2098,买盘
1609,13:55:06,10.48,-0.01,3,3144,卖盘
1610,13:55:10,10.49,0.01,93,97557,买盘
1611,13:55:22,10.49,0.0,1,1049,买盘
1612,13:55:28,10.48,-0.01,3,3144,卖盘
1613,13:55:31,10.48,0.0,106,111088,卖盘
1614,13:55:34,10.48,0.0,2,2096,卖盘
1615,13:55:36,10.48,0.0,8,8384,卖盘
1616,13:55:40,10.48,0.0,1,1048,卖盘
1617,13:55:46,10.49,0.01,5,5245,买盘
1618,13:55:55,10.48,-0.01,9,9432,卖盘
1619,13:56:04,10.48,0.0,4,4192,买盘
1620,13:56:12,10.48,0.0,4,4192,买盘
1621,13:56:34,10.48,0.0,54,56592,买盘
1622,13:56:37,10.48,0.0,96,100608,卖盘
1623,13:56:39,10.48,0.0,2,2096,买盘
1624,13:56:49,10.48,0.0,8,8384,买盘
1625,13:57:01,10.48,0.0,98,102704,买盘
1626,13:57:07,10.48,0.0,1,1048,卖盘
1627,13:57:09,10.48,0.0,7,7336,卖盘
1628,13:57:15,10.47,-0.01,1,1047,卖盘
1629,13:57:31,10.48,0.01,22,23056,买盘
1630,13:57:34,10.48,0.0,2,2096,卖盘
1631,13:57:39,10.48,0.0,9,9432,卖盘
1632,13:57:42,10.48,0.0,5,5240,卖盘
1633,13:57:49,10.48,0.0,8,8384,卖盘
1634,13:57:52,10.48,0.0,8,8384,卖盘
1635,13:58:04,10.48,0.0,16,16768,买盘
1636,13:58:06,10.48,0.0,10,10480,买盘
1637,13:58:16,10.47,-0.01,1,1047,卖盘
1638,13:58:18,10.47,0.0,10,10470,卖盘
1639,13:58:43,10.47,0.0,50,52350,卖盘
1640,13:58:46,10.47,0.0,1,1047,卖盘
1641,13:59:09,10.47,0.0,5,5235,卖盘
1642,14:00:07,10.47,0.0,30,31410,卖盘
1643,14:00:10,10.47,0.0,1,1047,卖盘
1644,14:00:16,10.47,0.0,1,1047,卖盘
1645,14:00:22,10.47,0.0,3,3141,卖盘
1646,14:00:28,10.48,0.01,2,2096,买盘
1647,14:00:43,10.47,-0.01,4,4188,卖盘
1648,14:01:01,10.47,0.0,5,5235,卖盘
1649,14:01:13,10.47,0.0,90,94230,卖盘
1650,14:01:16,10.47,0.0,17,17799,卖盘
1651,14:01:19,10.47,0.0,28,29316,卖盘
1652,14:01:22,10.47,0.0,10,10470,买盘
1653,14:01:25,10.47,0.0,5,5235,买盘
1654,14:01:37,10.46,-0.01,12,12553,卖盘
1655,14:01:52,10.46,0.0,242,253132,卖盘
1656,14:02:01,10.46,0.0,33,34518,买盘
1657,14:02:04,10.45,-0.01,27,28215,卖盘
1658,14:02:07,10.45,0.0,19,19855,卖盘
1659,14:02:09,10.45,0.0,131,136895,卖盘
1660,14:02:24,10.44,-0.01,136,142017,卖盘
1661,14:02:28,10.44,0.0,10,10440,卖盘
1662,14:02:31,10.45,0.01,100,104500,买盘
1663,14:02:34,10.44,-0.01,88,91872,卖盘
1664,14:02:39,10.44,0.0,19,19835,买盘
1665,14:02:43,10.45,0.01,92,96116,买盘
1666,14:02:49,10.44,-0.01,13,13584,卖盘
1667,14:02:52,10.45,0.01,18,18808,中性盘
1668,14:02:55,10.45,0.0,65,67925,卖盘
1669,14:03:01,10.45,0.0,19,19855,卖盘
1670,14:03:07,10.45,0.0,3,3135,买盘
1671,14:03:10,10.45,0.0,27,28215,买盘
1672,14:03:13,10.45,0.0,26,27170,买盘
1673,14:03:16,10.45,0.0,17,17765,卖盘
1674,14:03:19,10.45,0.0,30,31350,卖盘
1675,14:03:33,10.45,0.0,9,9405,卖盘
1676,14:03:36,10.45,0.0,32,33440,卖盘
1677,14:03:55,10.45,0.0,15,15675,卖盘
1678,14:03:58,10.45,0.0,7,7315,买盘
1679,14:04:01,10.45,0.0,48,50160,买盘
1680,14:04:04,10.45,0.0,15,15675,卖盘
1681,14:04:12,10.45,0.0,23,24048,卖盘
1682,14:04:19,10.45,0.0,37,38667,卖盘
1683,14:04:25,10.45,0.0,4,4180,卖盘
1684,14:04:34,10.45,0.0,30,31350,卖盘
1685,14:04:37,10.46,0.01,50,52300,买盘
1686,14:04:43,10.45,-0.01,2,2090,买盘
1687,14:04:46,10.45,0.0,19,19855,买盘
1688,14:04:49,10.45,0.0,27,28215,买盘
1689,14:04:55,10.45,0.0,6,6270,卖盘
1690,14:04:58,10.45,0.0,2,2090,卖盘
1691,14:05:09,10.45,0.0,15,15680,卖盘
1692,14:05:22,10.45,0.0,10,10450,卖盘
1693,14:05:28,10.46,0.01,85,88892,买盘
1694,14:05:31,10.46,0.0,86,89956,买盘
1695,14:05:46,10.47,0.01,55,57540,买盘
1696,14:05:49,10.47,0.0,3,3141,买盘
1697,14:05:55,10.47,0.0,50,52350,买盘
1698,14:05:58,10.47,0.0,20,20940,买盘
1699,14:06:04,10.48,0.01,8,8384,买盘
1700,14:06:07,10.48,0.0,55,57640,买盘
1701,14:06:09,10.49,0.01,6,6289,买盘
1702,14:06:16,10.49,0.0,10,10490,买盘
1703,14:06:28,10.49,0.0,41,43009,买盘
1704,14:06:31,10.49,0.0,14,14686,买盘
1705,14:06:37,10.48,-0.01,33,34588,卖盘
1706,14:06:43,10.48,0.0,2,2096,买盘
1707,14:06:49,10.49,0.01,20,20961,买盘
1708,14:07:19,10.49,0.0,14,14686,买盘
1709,14:07:22,10.48,-0.01,6,6288,卖盘
1710,14:07:28,10.48,0.0,6,6288,卖盘
1711,14:07:31,10.48,0.0,6,6288,卖盘
1712,14:07:34,10.49,0.01,10,10486,买盘
1713,14:08:00,10.48,-0.01,2,2096,买盘
1714,14:08:22,10.48,0.0,78,81744,买盘
1715,14:08:25,10.47,-0.01,41,42931,卖盘
1716,14:08:27,10.47,0.0,2,2094,买盘
1717,14:08:40,10.47,0.0,78,81666,买盘
1718,14:08:52,10.46,-0.01,23,24058,卖盘
1719,14:08:58,10.46,0.0,30,31380,卖盘
1720,14:09:04,10.46,0.0,9,9414,卖盘
1721,14:09:25,10.46,0.0,32,33472,卖盘
1722,14:09:36,10.46,0.0,10,10460,买盘
1723,14:09:43,10.46,0.0,28,29288,买盘
1724,14:09:52,10.47,0.01,4,4188,买盘
1725,14:09:58,10.46,-0.01,53,55476,卖盘
1726,14:10:04,10.47,0.01,32,33504,买盘
1727,14:10:06,10.46,-0.01,13,13601,卖盘
1728,14:10:09,10.47,0.01,56,58632,买盘
1729,14:10:12,10.47,0.0,10,10470,买盘
1730,14:10:16,10.47,0.0,1,1047,买盘
1731,14:10:25,10.47,0.0,10,10470,卖盘
1732,14:10:34,10.47,0.0,11,11517,卖盘
1733,14:10:52,10.48,0.01,3,3144,买盘
1734,14:11:13,10.47,-0.01,20,20940,卖盘
1735,14:11:25,10.47,0.0,1,1047,卖盘
1736,14:11:33,10.48,0.01,2,2096,买盘
1737,14:11:36,10.47,-0.01,30,31410,卖盘
1738,14:11:58,10.47,0.0,2,2094,卖盘
1739,14:12:07,10.47,0.0,12,12564,卖盘
1740,14:12:16,10.47,0.0,70,73290,卖盘
1741,14:12:31,10.47,0.0,100,104700,卖盘
1742,14:12:37,10.47,0.0,7,7329,卖盘
1743,14:12:49,10.47,0.0,47,49209,卖盘
1744,14:13:07,10.47,0.0,29,30363,买盘
1745,14:13:16,10.47,0.0,18,18846,买盘
1746,14:13:19,10.46,-0.01,1,1046,卖盘
1747,14:13:21,10.46,0.0,11,11506,卖盘
1748,14:13:36,10.46,0.0,57,59669,卖盘
1749,14:13:45,10.46,0.0,1,1046,卖盘
1750,14:13:54,10.47,0.01,10,10470,买盘
1751,14:14:04,10.46,-0.01,4,4184,卖盘
1752,14:14:34,10.46,0.0,100,104600,卖盘
1753,14:14:48,10.47,0.01,5,5235,买盘
1754,14:15:06,10.46,-0.01,1,1046,卖盘
1755,14:15:09,10.46,0.0,40,41840,卖盘
1756,14:15:31,10.47,0.01,32,33504,买盘
1757,14:15:45,10.46,-0.01,10,10460,卖盘
1758,14:15:48,10.46,0.0,1,1046,卖盘
1759,14:15:58,10.46,0.0,3,3138,卖盘
1760,14:16:00,10.46,0.0,50,52300,卖盘
1761,14:16:07,10.46,0.0,1,1046,卖盘
1762,14:16:27,10.46,0.0,6,6276,卖盘
1763,14:16:37,10.46,0.0,44,46024,卖盘
1764,14:16:46,10.47,0.01,3,3141,买盘
1765,14:16:49,10.46,-0.01,14,14644,卖盘
1766,14:16:54,10.46,0.0,10,10460,卖盘
1767,14:17:19,10.46,0.0,43,44978,卖盘
1768,14:17:34,10.47,0.01,5,5235,买盘
1769,14:17:39,10.47,0.0,9,9423,买盘
1770,14:17:46,10.47,0.0,19,19893,买盘
1771,14:17:57,10.47,0.0,10,10470,买盘
1772,14:18:00,10.47,0.0,32,33504,买盘
1773,14:18:04,10.47,0.0,53,55491,买盘
1774,14:18:07,10.47,0.0,51,53397,买盘
1775,14:18:10,10.47,0.0,44,46068,买盘
1776,14:18:13,10.47,0.0,18,18846,买盘
1777,14:18:37,10.47,0.0,5,5235,卖盘
1778,14:18:43,10.47,0.0,1,1047,卖盘
1779,14:18:49,10.48,0.01,10,10480,买盘
1780,14:19:00,10.47,-0.01,7,7329,卖盘
1781,14:19:09,10.47,0.0,10,10470,卖盘
1782,14:19:24,10.47,0.0,33,34554,卖盘
1783,14:19:43,10.48,0.01,1,1048,买盘
1784,14:20:16,10.47,-0.01,2,2094,卖盘
1785,14:20:43,10.48,0.01,30,31440,买盘
1786,14:21:04,10.47,-0.01,105,109935,卖盘
1787,14:21:21,10.47,0.0,2,2094,买盘
1788,14:21:37,10.47,0.0,15,15705,买盘
1789,14:21:52,10.46,-0.01,1,1046,卖盘
1790,14:22:19,10.46,0.0,171,179104,卖盘
1791,14:22:25,10.46,0.0,28,29293,卖盘
1792,14:22:37,10.47,0.01,6,6282,卖盘
1793,14:22:40,10.47,0.0,5,5235,买盘
1794,14:22:42,10.47,0.0,25,26175,买盘
1795,14:22:51,10.47,0.0,19,19893,卖盘
1796,14:22:55,10.47,0.0,4,4188,买盘
1797,14:22:58,10.47,0.0,1,1047,买盘
1798,14:23:01,10.48,0.01,106,111058,买盘
1799,14:23:13,10.48,0.0,5,5240,买盘
1800,14:23:19,10.48,0.0,61,63928,买盘
1801,14:23:22,10.47,-0.01,120,125640,卖盘
1802,14:23:25,10.47,0.0,1,1047,卖盘
1803,14:23:48,10.48,0.01,15,15720,买盘
1804,14:24:04,10.48,0.0,37,38776,买盘
1805,14:24:07,10.47,-0.01,1,1047,卖盘
1806,14:24:19,10.47,0.0,5,5235,卖盘
1807,14:24:22,10.47,0.0,200,209400,卖盘
1808,14:24:24,10.48,0.01,7,7336,买盘
1809,14:24:28,10.48,0.0,7,7330,买盘
1810,14:24:31,10.47,-0.01,95,99465,卖盘
1811,14:24:34,10.47,0.0,3,3141,买盘
1812,14:24:39,10.47,0.0,2,2094,买盘
1813,14:24:46,10.47,0.0,1,1047,卖盘
1814,14:24:52,10.47,0.0,18,18846,卖盘
1815,14:25:01,10.48,0.01,18,18864,买盘
1816,14:25:16,10.48,0.0,20,20960,买盘
1817,14:25:19,10.48,0.0,4,4192,买盘
1818,14:25:27,10.47,-0.01,102,106794,卖盘
1819,14:25:31,10.47,0.0,11,11527,卖盘
1820,14:25:34,10.48,0.01,8,8384,买盘
1821,14:25:45,10.47,-0.01,2,2094,卖盘
1822,14:25:55,10.48,0.01,104,108992,买盘
1823,14:26:10,10.47,-0.01,251,262798,卖盘
1824,14:26:15,10.47,0.0,20,20940,买盘
1825,14:26:22,10.47,0.0,11,11517,买盘
1826,14:26:43,10.48,0.01,2,2096,买盘
1827,14:26:55,10.48,0.0,13,13624,买盘
1828,14:27:01,10.48,0.0,1,1048,买盘
1829,14:27:07,10.48,0.0,1,1048,买盘
1830,14:27:19,10.48,0.0,5,5240,买盘
1831,14:27:25,10.48,0.0,192,201258,买盘
1832,14:27:37,10.48,0.0,3,3144,卖盘
1833,14:27:40,10.49,0.01,36,37764,买盘
1834,14:27:46,10.49,0.0,30,31470,买盘
1835,14:27:48,10.49,0.0,10,10490,买盘
1836,14:28:04,10.49,0.0,41,42979,买盘
1837,14:28:10,10.49,0.0,33,34617,买盘
1838,14:28:13,10.49,0.0,55,57650,买盘
1839,14:28:16,10.49,0.0,30,31470,买盘
1840,14:28:19,10.49,0.0,13,13637,买盘
1841,14:28:22,10.49,0.0,4,4196,买盘
1842,14:28:28,10.48,-0.01,66,69224,卖盘
1843,14:28:30,10.49,0.01,6,6290,买盘
1844,14:28:58,10.48,-0.01,342,358374,卖盘
1845,14:29:07,10.48,0.0,107,112136,买盘
1846,14:29:34,10.48,0.0,10,10480,买盘
1847,14:30:10,10.48,0.0,3,3144,买盘
1848,14:30:13,10.47,-0.01,216,226152,卖盘
1849,14:30:16,10.47,0.0,50,52350,买盘
1850,14:30:28,10.47,0.0,11,11517,买盘
1851,14:30:31,10.47,0.0,23,24081,买盘
1852,14:30:49,10.47,0.0,10,10470,卖盘
1853,14:31:36,10.47,0.0,94,97947,卖盘
1854,14:31:40,10.48,0.01,1,1048,买盘
1855,14:31:43,10.47,-0.01,372,389955,卖盘
1856,14:31:46,10.47,0.0,21,21987,买盘
1857,14:31:48,10.47,0.0,101,105747,买盘
1858,14:31:58,10.48,0.01,238,249374,买盘
1859,14:32:07,10.47,-0.01,5,5235,中性盘
1860,14:32:10,10.47,0.0,2,2094,买盘
1861,14:32:16,10.47,0.0,4,4188,买盘
1862,14:32:31,10.47,0.0,26,27222,买盘
1863,14:32:39,10.47,0.0,30,31410,卖盘
1864,14:32:52,10.47,0.0,4,4188,卖盘
1865,14:32:58,10.47,0.0,269,281643,卖盘
1866,14:33:19,10.47,0.0,4,4188,买盘
1867,14:33:31,10.47,0.0,2,2094,买盘
1868,14:33:40,10.47,0.0,6,6282,买盘
1869,14:33:46,10.47,0.0,1,1047,买盘
1870,14:33:55,10.46,-0.01,10,10460,卖盘
1871,14:33:58,10.46,0.0,21,21967,卖盘
1872,14:34:15,10.47,0.01,10,10470,买盘
1873,14:34:24,10.47,0.0,8,8376,买盘
1874,14:34:27,10.47,0.0,10,10470,买盘
1875,14:34:31,10.46,-0.01,60,62760,卖盘
1876,14:34:37,10.47,0.01,20,20940,买盘
1877,14:34:43,10.46,-0.01,98,102508,卖盘
1878,14:34:49,10.47,0.01,1,1047,买盘
1879,14:34:52,10.46,-0.01,1,1046,卖盘
1880,14:34:55,10.46,0.0,10,10460,卖盘
1881,14:35:01,10.45,-0.01,1000,1045633,卖盘
1882,14:35:04,10.45,0.0,5,5225,买盘
1883,14:35:16,10.44,-0.01,5,5220,卖盘
1884,14:35:22,10.45,0.01,4,4180,买盘
1885,14:35:24,10.44,-0.01,112,116928,卖盘
1886,14:35:28,10.45,0.01,111,115995,买盘
1887,14:35:31,10.45,0.0,47,48584,买盘
1888,14:35:43,10.46,0.01,1,1046,买盘
1889,14:35:46,10.45,-0.01,3,3135,卖盘
1890,14:35:49,10.45,0.0,5,5225,卖盘
1891,14:35:52,10.45,0.0,20,20900,卖盘
1892,14:35:54,10.45,0.0,2,2090,卖盘
1893,14:35:58,10.45,0.0,2,2090,卖盘
1894,14:36:01,10.45,0.0,2,2091,卖盘
1895,14:36:07,10.45,0.0,5,5225,卖盘
1896,14:36:19,10.46,0.01,16,16731,买盘
1897,14:36:22,10.45,-0.01,1,1045,卖盘
1898,14:36:25,10.45,0.0,3,3135,卖盘
1899,14:36:27,10.45,0.0,5,5225,卖盘
1900,14:36:36,10.46,0.01,10,10460,买盘
1901,14:36:40,10.45,-0.01,300,313500,卖盘
1902,14:36:43,10.45,0.0,2,2090,卖盘
1903,14:36:48,10.46,0.01,11,11505,买盘
1904,14:37:01,10.45,-0.01,6,6270,卖盘
1905,14:37:06,10.45,0.0,199,207955,卖盘
1906,14:37:19,10.45,0.0,1,1045,卖盘
1907,14:37:28,10.45,0.0,174,181831,卖盘
1908,14:37:37,10.45,0.0,3,3135,买盘
1909,14:37:40,10.44,-0.01,50,52249,卖盘
1910,14:37:46,10.45,0.01,3,3135,卖盘
1911,14:37:52,10.46,0.01,346,361291,买盘
1912,14:37:58,10.45,-0.01,10,10450,卖盘
1913,14:38:01,10.44,-0.01,16,16705,卖盘
1914,14:38:07,10.45,0.01,1,1045,买盘
1915,14:38:13,10.44,-0.01,268,279802,卖盘
1916,14:38:22,10.44,0.0,108,113274,卖盘
1917,14:38:25,10.44,0.0,10,10440,买盘
1918,14:38:43,10.43,-0.01,392,408856,卖盘
1919,14:38:46,10.43,0.0,77,80311,买盘
1920,14:38:55,10.4,-0.03,554,576828,卖盘
1921,14:38:58,10.43,0.03,69,71967,买盘
1922,14:39:01,10.42,-0.01,5,5210,中性盘
1923,14:39:04,10.42,0.0,50,52100,买盘
1924,14:39:07,10.4,-0.02,17,17680,卖盘
1925,14:39:09,10.42,0.02,2,2084,买盘
1926,14:39:12,10.42,0.0,143,149006,买盘
1927,14:39:25,10.42,0.0,31,32302,卖盘
1928,14:39:28,10.43,0.01,39,40658,买盘
1929,14:39:31,10.42,-0.01,40,41680,卖盘
1930,14:39:37,10.42,0.0,9,9378,买盘
1931,14:39:40,10.42,0.0,50,52100,买盘
1932,14:39:43,10.41,-0.01,20,20820,卖盘
1933,14:39:46,10.42,0.01,73,76007,买盘
1934,14:39:52,10.42,0.0,52,54183,买盘
1935,14:39:55,10.42,0.0,7,7294,买盘
1936,14:40:01,10.42,0.0,149,155258,买盘
1937,14:40:04,10.41,-0.01,77,80157,卖盘
1938,14:40:07,10.43,0.02,66,68815,买盘
1939,14:40:13,10.41,-0.02,205,213470,卖盘
1940,14:40:16,10.42,0.01,9,9370,买盘
1941,14:40:34,10.44,0.02,1,1044,买盘
1942,14:40:46,10.42,-0.02,4,4168,卖盘
1943,14:40:49,10.44,0.02,11,11484,买盘
1944,14:40:57,10.43,-0.01,18,18774,买盘
1945,14:41:01,10.43,0.0,5,5215,买盘
1946,14:41:04,10.43,0.0,1,1043,买盘
1947,14:41:07,10.42,-0.01,200,208479,卖盘
1948,14:41:15,10.43,0.01,86,89699,卖盘
1949,14:41:24,10.43,0.0,122,127246,卖盘
1950,14:41:31,10.43,0.0,10,10430,卖盘
1951,14:41:49,10.43,0.0,5,5215,卖盘
1952,14:42:04,10.43,0.0,10,10430,卖盘
1953,14:42:10,10.44,0.01,30,31320,买盘
1954,14:42:16,10.43,-0.01,1,1043,卖盘
1955,14:42:19,10.44,0.01,5,5220,买盘
1956,14:42:22,10.44,0.0,9,9396,买盘
1957,14:42:31,10.43,-0.01,1,1043,卖盘
1958,14:42:34,10.43,0.0,5,5215,卖盘
1959,14:42:37,10.44,0.01,13,13572,买盘
1960,14:42:46,10.44,0.0,3,3132,买盘
1961,14:42:49,10.43,-0.01,17,17732,卖盘
1962,14:42:54,10.44,0.01,10,10440,买盘
1963,14:43:07,10.43,-0.01,5,5215,卖盘
1964,14:43:15,10.44,0.01,103,107532,买盘
1965,14:43:40,10.44,0.0,21,21924,买盘
1966,14:43:43,10.43,-0.01,108,112644,卖盘
1967,14:43:46,10.44,0.01,3,3132,买盘
1968,14:43:49,10.44,0.0,5,5220,买盘
1969,14:44:07,10.44,0.0,8,8352,买盘
1970,14:44:16,10.44,0.0,3,3132,买盘
1971,14:44:22,10.43,-0.01,3,3129,卖盘
1972,14:44:31,10.43,0.0,10,10430,卖盘
1973,14:44:34,10.44,0.01,1,1044,买盘
1974,14:44:46,10.43,-0.01,32,33393,卖盘
1975,14:44:49,10.43,0.0,72,75096,卖盘
1976,14:44:55,10.43,0.0,1,1043,买盘
1977,14:44:58,10.43,0.0,2,2086,买盘
1978,14:45:01,10.43,0.0,1,1043,买盘
1979,14:45:04,10.43,0.0,21,21892,卖盘
1980,14:45:07,10.43,0.0,4,4172,买盘
1981,14:45:18,10.42,-0.01,28,29181,卖盘
1982,14:45:22,10.43,0.01,13,13559,买盘
1983,14:45:31,10.43,0.0,100,104300,买盘
1984,14:46:01,10.43,0.0,2,2086,买盘
1985,14:46:07,10.43,0.0,101,105243,买盘
1986,14:46:16,10.42,-0.01,10,10420,卖盘
1987,14:46:22,10.42,0.0,11,11463,卖盘
1988,14:46:25,10.42,0.0,10,10420,卖盘
1989,14:46:31,10.42,0.0,30,31260,卖盘
1990,14:46:34,10.42,0.0,10,10420,卖盘
1991,14:46:37,10.42,0.0,34,35428,卖盘
1992,14:46:42,10.43,0.01,157,163726,买盘
1993,14:46:49,10.43,0.0,4,4172,买盘
1994,14:46:52,10.43,0.0,2,2086,买盘
1995,14:46:57,10.43,0.0,5,5215,买盘
1996,14:47:01,10.43,0.0,2,2086,买盘
1997,14:47:07,10.43,0.0,1,1043,买盘
1998,14:47:16,10.42,-0.01,1,1042,卖盘
1999,14:47:28,10.42,0.0,102,106384,卖盘
2000,14:47:34,10.43,0.01,1,1043,买盘
2001,14:47:37,10.43,0.0,23,23989,买盘
2002,14:47:40,10.43,0.0,7,7301,买盘
2003,14:47:43,10.43,0.0,8,8339,买盘
2004,14:47:46,10.43,0.0,5,5215,买盘
2005,14:47:55,10.42,-0.01,48,50016,卖盘
2006,14:48:04,10.43,0.01,1,1043,买盘
2007,14:48:09,10.43,0.0,3,3129,买盘
2008,14:48:13,10.42,-0.01,4,4168,卖盘
2009,14:48:16,10.42,0.0,12,12504,卖盘
2010,14:48:22,10.43,0.01,20,20860,买盘
2011,14:48:37,10.43,0.0,81,84483,买盘
2012,14:48:40,10.42,-0.01,3,3126,卖盘
2013,14:48:43,10.42,0.0,6,6252,卖盘
2014,14:48:49,10.43,0.01,5,5215,买盘
2015,14:48:58,10.42,-0.01,25,26050,卖盘
2016,14:49:03,10.42,0.0,5,5210,卖盘
2017,14:49:07,10.42,0.0,3,3126,卖盘
2018,14:49:10,10.43,0.01,9,9383,买盘
2019,14:49:13,10.42,-0.01,20,20840,卖盘
2020,14:49:16,10.43,0.01,20,20860,买盘
2021,14:49:22,10.43,0.0,140,145902,买盘
2022,14:49:31,10.43,0.0,12,12516,买盘
2023,14:49:39,10.42,-0.01,13,13551,卖盘
2024,14:49:43,10.42,0.0,72,75025,卖盘
2025,14:49:45,10.43,0.01,36,37528,买盘
2026,14:49:52,10.42,-0.01,33,34387,卖盘
2027,14:50:04,10.43,0.01,1,1043,买盘
2028,14:50:10,10.43,0.0,211,219902,买盘
2029,14:50:13,10.42,-0.01,33,34387,卖盘
2030,14:50:16,10.43,0.01,4,4172,买盘
2031,14:50:19,10.42,-0.01,3,3126,卖盘
2032,14:50:21,10.42,0.0,47,48981,卖盘
2033,14:50:37,10.42,0.0,85,88570,卖盘
2034,14:50:40,10.42,0.0,6,6252,买盘
2035,14:50:43,10.42,0.0,64,66688,买盘
2036,14:50:46,10.42,0.0,6,6252,买盘
2037,14:50:49,10.42,0.0,28,29176,买盘
2038,14:50:52,10.42,0.0,29,30218,买盘
2039,14:50:54,10.42,0.0,5,5210,买盘
2040,14:50:57,10.42,0.0,50,52100,买盘
2041,14:51:00,10.42,0.0,4,4168,买盘
2042,14:51:07,10.42,0.0,2,2084,买盘
2043,14:51:13,10.41,-0.01,4,4164,卖盘
2044,14:51:19,10.42,0.01,1,1042,买盘
2045,14:51:21,10.41,-0.01,20,20820,卖盘
2046,14:51:27,10.41,0.0,100,104100,卖盘
2047,14:51:33,10.42,0.01,73,75996,买盘
2048,14:51:36,10.41,-0.01,53,55174,卖盘
2049,14:51:40,10.41,0.0,12,12492,卖盘
2050,14:51:43,10.41,0.0,327,340407,卖盘
2051,14:51:46,10.41,0.0,10,10410,买盘
2052,14:51:49,10.41,0.0,10,10410,买盘
2053,14:51:52,10.41,0.0,2,2082,买盘
2054,14:51:55,10.41,0.0,1,1041,买盘
2055,14:52:04,10.41,0.0,10,10410,买盘
2056,14:52:07,10.41,0.0,10,10410,买盘
2057,14:52:10,10.4,-0.01,20,20816,卖盘
2058,14:52:13,10.4,0.0,100,104000,卖盘
2059,14:52:28,10.41,0.01,14,14564,买盘
2060,14:52:31,10.4,-0.01,54,56183,卖盘
2061,14:52:34,10.4,0.0,18,17878,卖盘
2062,14:52:40,10.41,0.01,5,5205,买盘
2063,14:52:43,10.4,-0.01,40,41600,卖盘
2064,14:52:46,10.4,0.0,222,230880,卖盘
2065,14:52:48,10.41,0.01,167,173703,买盘
2066,14:52:51,10.41,0.0,32,33312,买盘
2067,14:52:55,10.41,0.0,220,229020,买盘
2068,14:52:58,10.4,-0.01,24,24960,卖盘
2069,14:53:01,10.4,0.0,20,20800,卖盘
2070,14:53:04,10.4,0.0,10,10400,卖盘
2071,14:53:07,10.4,0.0,3,3122,卖盘
2072,14:53:10,10.4,0.0,20,20810,卖盘
2073,14:53:13,10.4,0.0,9,9363,卖盘
2074,14:53:15,10.4,0.0,41,42640,卖盘
2075,14:53:22,10.4,0.0,5,5201,卖盘
2076,14:53:25,10.41,0.01,27,28102,买盘
2077,14:53:28,10.4,-0.01,32,33280,卖盘
2078,14:53:31,10.41,0.01,9,9364,买盘
2079,14:53:37,10.4,-0.01,2,2080,卖盘
2080,14:53:40,10.4,0.0,4,4160,卖盘
2081,14:53:42,10.41,0.01,120,124920,买盘
2082,14:53:46,10.4,-0.01,151,157051,卖盘
2083,14:53:49,10.4,0.0,24,24974,卖盘
2084,14:53:52,10.41,0.01,2,2082,买盘
2085,14:53:55,10.4,-0.01,2,2080,卖盘
2086,14:54:00,10.4,0.0,12,12480,卖盘
2087,14:54:04,10.4,0.0,33,34320,卖盘
2088,14:54:07,10.4,0.0,2,2080,卖盘
2089,14:54:10,10.4,0.0,43,44720,卖盘
2090,14:54:13,10.4,0.0,5,5200,卖盘
2091,14:54:16,10.41,0.01,38,39525,买盘
2092,14:54:19,10.4,-0.01,31,32240,卖盘
2093,14:54:25,10.4,0.0,14,14562,卖盘
2094,14:54:28,10.4,0.0,9,9360,卖盘
2095,14:54:34,10.4,0.0,202,210922,卖盘
2096,14:54:37,10.4,0.0,24,24960,买盘
2097,14:54:45,10.4,0.0,16,16640,买盘
2098,14:54:49,10.4,0.0,28,29120,买盘
2099,14:54:52,10.4,0.0,2,2080,买盘
2100,14:54:55,10.4,0.0,40,40758,买盘
2101,14:54:58,10.4,0.0,2,2080,卖盘
2102,14:55:01,10.4,0.0,16,16640,卖盘
2103,14:55:04,10.41,0.01,23,23943,买盘
2104,14:55:07,10.4,-0.01,10,10400,卖盘
2105,14:55:10,10.41,0.01,9,9369,买盘
2106,14:55:13,10.41,0.0,23,23943,买盘
2107,14:55:16,10.4,-0.01,20,20800,卖盘
2108,14:55:18,10.4,0.0,2,2080,卖盘
2109,14:55:22,10.4,0.0,262,272556,卖盘
2110,14:55:25,10.4,0.0,246,255842,卖盘
2111,14:55:28,10.4,0.0,4,4160,卖盘
2112,14:55:30,10.4,0.0,1,1040,卖盘
2113,14:55:34,10.4,0.0,163,169632,卖盘
2114,14:55:36,10.4,0.0,145,151642,卖盘
2115,14:55:40,10.4,0.0,50,52000,买盘
2116,14:55:43,10.4,0.0,354,368160,买盘
2117,14:55:46,10.4,0.0,5,5200,买盘
2118,14:55:49,10.41,0.01,73,75118,买盘
2119,14:55:55,10.41,0.0,350,364350,买盘
2120,14:55:58,10.4,-0.01,96,100682,卖盘
2121,14:56:01,10.4,0.0,4,3318,买盘
2122,14:56:07,10.4,0.0,36,38282,卖盘
2123,14:56:10,10.41,0.01,120,124910,买盘
2124,14:56:13,10.41,0.0,5,5205,买盘
2125,14:56:16,10.4,-0.01,60,62400,买盘
2126,14:56:19,10.4,0.0,10,10400,买盘
2127,14:56:22,10.4,0.0,129,134160,买盘
2128,14:56:25,10.4,0.0,16,16639,买盘
2129,14:56:28,10.4,0.0,8,8320,买盘
2130,14:56:31,10.41,0.01,6,6246,买盘
2131,14:56:34,10.4,-0.01,47,48880,卖盘
2132,14:56:37,10.4,0.0,133,138199,买盘
2133,14:56:40,10.4,0.0,23,23920,买盘
2134,14:56:45,10.41,0.01,38,39530,买盘
2135,14:56:49,10.4,-0.01,6,6240,卖盘
2136,14:56:55,10.4,0.0,8,8320,卖盘
2137,14:57:01,10.41,0.01,3,3123,买盘
2138,14:57:04,10.4,-0.01,1,1040,卖盘
2139,15:00:05,10.41,0.01,1066,1109706,卖盘
