,time,price,change,volume,amount,type
0,09:25:04,10.18,-0.04,4,4072,卖盘
1,09:30:04,10.18,0.0,4,4072,卖盘
2,09:30:58,10.25,0.07,6,6150,买盘
3,09:31:01,10.25,0.0,1,1025,买盘
4,09:31:09,10.25,0.0,3,3075,买盘
5,09:31:13,10.25,0.0,3,3075,卖盘
6,09:31:27,10.22,-0.03,2,2044,卖盘
7,09:32:24,10.23,0.01,3,3069,买盘
8,09:32:43,10.23,0.0,17,17391,卖盘
9,09:32:46,10.23,0.0,1,1023,买盘
10,09:33:06,10.23,0.0,11,11253,买盘
11,09:33:10,10.23,0.0,1,1023,买盘
12,09:33:28,10.23,0.0,22,22506,买盘
13,09:33:40,10.23,0.0,6,6138,买盘
14,09:33:45,10.23,0.0,5,5115,买盘
15,09:34:04,10.23,0.0,70,71605,买盘
16,09:34:37,10.22,-0.01,10,10220,卖盘
17,09:34:40,10.22,0.0,15,15330,买盘
18,09:34:46,10.22,0.0,10,10220,买盘
19,09:35:00,10.22,0.0,19,19418,买盘
20,09:35:07,10.22,0.0,1,1022,卖盘
21,09:35:16,10.21,-0.01,4,4084,卖盘
22,09:35:34,10.22,0.01,1,1022,买盘
23,09:35:54,10.21,-0.01,15,15315,卖盘
24,09:35:57,10.22,0.01,6,6132,买盘
25,09:36:01,10.21,-0.01,5,5105,卖盘
26,09:36:07,10.22,0.01,30,30650,买盘
27,09:36:49,10.22,0.0,19,19410,买盘
28,09:37:04,10.23,0.01,2,2046,买盘
29,09:37:06,10.23,0.0,4,4092,卖盘
30,09:37:22,10.23,0.0,8,8184,买盘
31,09:37:25,10.24,0.01,31,31716,买盘
32,09:37:57,10.24,0.0,24,24576,买盘
33,09:38:27,10.25,0.01,6,6150,买盘
34,09:38:40,10.25,0.0,5,5125,买盘
35,09:39:01,10.24,-0.01,5,5120,卖盘
36,09:39:04,10.25,0.01,5,5125,买盘
37,09:39:16,10.24,-0.01,5,5120,卖盘
38,09:39:40,10.24,0.0,5,5120,买盘
39,09:40:22,10.24,0.0,14,14336,买盘
40,09:40:28,10.24,0.0,1,1024,买盘
41,09:40:43,10.24,0.0,3,3072,卖盘
42,09:40:58,10.25,0.01,1,1025,买盘
43,09:41:21,10.24,-0.01,6,6144,卖盘
44,09:41:57,10.24,0.0,20,20480,卖盘
45,09:42:01,10.24,0.0,16,16384,卖盘
46,09:42:10,10.24,0.0,4,4096,买盘
47,09:42:18,10.23,-0.01,30,30690,卖盘
48,09:42:31,10.23,0.0,15,15345,卖盘
49,09:42:54,10.23,0.0,15,15345,卖盘
50,09:43:31,10.24,0.01,15,15360,买盘
51,09:43:52,10.24,0.0,3,3072,买盘
52,09:44:19,10.23,-0.01,40,40920,卖盘
53,09:44:39,10.24,0.01,20,20480,买盘
54,09:44:42,10.24,0.0,40,40960,买盘
55,09:44:46,10.24,0.0,12,12287,买盘
56,09:44:49,10.24,0.0,9,9216,买盘
57,09:44:52,10.24,0.0,28,28672,买盘
58,09:44:54,10.25,0.01,5,5121,买盘
59,09:44:58,10.25,0.0,4,4100,买盘
60,09:45:01,10.25,0.0,6,6150,买盘
61,09:45:04,10.25,0.0,5,5125,买盘
62,09:45:13,10.24,-0.01,10,10240,卖盘
63,09:45:19,10.24,0.0,1,1024,卖盘
64,09:45:33,10.24,0.0,22,22528,卖盘
65,09:45:37,10.25,0.01,76,77872,买盘
66,09:46:13,10.25,0.0,35,35875,卖盘
67,09:46:36,10.23,-0.02,20,20460,卖盘
68,09:46:55,10.25,0.02,12,12300,买盘
69,09:47:13,10.26,0.01,7,7182,买盘
70,09:47:31,10.26,0.0,4,4104,卖盘
71,09:47:39,10.26,0.0,6,6156,买盘
72,09:47:46,10.26,0.0,3,3078,卖盘
73,09:48:19,10.25,-0.01,5,5125,卖盘
74,09:48:22,10.26,0.01,50,51290,买盘
75,09:48:28,10.25,-0.01,29,29725,卖盘
76,09:48:31,10.25,0.0,5,5125,卖盘
77,09:48:34,10.25,0.0,26,26650,卖盘
78,09:48:36,10.25,0.0,17,17425,卖盘
79,09:48:40,10.25,0.0,18,18450,卖盘
80,09:48:43,10.23,-0.02,2,2046,卖盘
81,09:48:46,10.23,0.0,3,3069,卖盘
82,09:48:48,10.23,0.0,2,2046,卖盘
83,09:48:52,10.23,0.0,6,6138,卖盘
84,09:48:55,10.23,0.0,3,3069,卖盘
85,09:48:58,10.23,0.0,2,2046,卖盘
86,09:49:04,10.23,0.0,1,1023,卖盘
87,09:49:16,10.23,0.0,5,5115,卖盘
88,09:49:55,10.23,0.0,2,2046,卖盘
89,09:50:31,10.23,0.0,4,4092,卖盘
90,09:50:52,10.23,0.0,3,3069,买盘
91,09:51:04,10.22,-0.01,1,1022,卖盘
92,09:52:21,10.22,0.0,82,83804,卖盘
93,09:52:30,10.22,0.0,5,5110,买盘
94,09:52:36,10.22,0.0,2,2044,买盘
95,09:52:49,10.22,0.0,2,2044,卖盘
96,09:53:07,10.22,0.0,10,10220,卖盘
97,09:53:12,10.22,0.0,9,9198,卖盘
98,09:53:36,10.21,-0.01,1,1021,卖盘
99,09:53:48,10.22,0.01,10,10220,买盘
100,09:54:01,10.22,0.0,6,6132,买盘
101,09:54:31,10.22,0.0,16,16352,卖盘
102,09:54:39,10.22,0.0,5,5110,买盘
103,09:54:54,10.22,0.0,22,22484,买盘
104,09:54:57,10.21,-0.01,10,10210,卖盘
105,09:55:09,10.21,0.0,30,30630,卖盘
106,09:55:22,10.21,0.0,16,16336,买盘
107,09:56:06,10.21,0.0,22,22462,卖盘
108,09:56:19,10.21,0.0,8,8168,卖盘
109,09:56:28,10.2,-0.01,10,10200,卖盘
110,09:56:42,10.2,0.0,59,60189,卖盘
111,09:56:57,10.2,0.0,14,14290,卖盘
112,09:57:04,10.21,0.01,5,5105,买盘
113,09:57:22,10.2,-0.01,4,4080,卖盘
114,09:57:42,10.21,0.01,10,10210,买盘
115,09:57:54,10.21,0.0,10,10210,买盘
116,09:58:07,10.2,-0.01,1,1020,卖盘
117,09:59:09,10.2,0.0,7,7140,卖盘
118,09:59:12,10.2,0.0,20,20400,卖盘
119,09:59:21,10.21,0.01,8,8168,买盘
120,09:59:34,10.21,0.0,2,2042,卖盘
121,09:59:39,10.21,0.0,10,10202,买盘
122,09:59:42,10.22,0.01,8,8176,买盘
123,10:00:16,10.18,-0.04,100,101825,卖盘
124,10:00:55,10.19,0.01,8,8152,卖盘
125,10:01:22,10.21,0.02,4,4084,买盘
126,10:01:55,10.21,0.0,10,10210,买盘
127,10:03:22,10.2,-0.01,100,102000,卖盘
128,10:03:37,10.2,0.0,5,5100,卖盘
129,10:04:04,10.19,-0.01,9,9171,卖盘
130,10:04:48,10.2,0.01,15,15300,买盘
131,10:04:52,10.2,0.0,5,5100,卖盘
132,10:05:25,10.2,0.0,20,20400,卖盘
133,10:05:39,10.2,0.0,5,5100,卖盘
134,10:07:33,10.2,0.0,10,10200,买盘
135,10:08:33,10.18,-0.02,20,20372,卖盘
136,10:09:01,10.17,-0.01,20,20351,卖盘
137,10:09:09,10.16,-0.01,45,45743,卖盘
138,10:10:21,10.17,0.01,10,10170,卖盘
139,10:11:07,10.18,0.01,5,5090,买盘
140,10:11:31,10.17,-0.01,28,28476,卖盘
141,10:11:42,10.17,0.0,3,3051,买盘
142,10:11:49,10.16,-0.01,5,5080,卖盘
143,10:11:55,10.17,0.01,3,3051,买盘
144,10:11:58,10.17,0.0,22,22374,买盘
145,10:12:01,10.17,0.0,11,11187,买盘
146,10:12:12,10.17,0.0,2,2034,买盘
147,10:12:30,10.17,0.0,2,2034,买盘
148,10:12:37,10.17,0.0,30,30510,买盘
149,10:12:49,10.17,0.0,36,36612,买盘
150,10:12:57,10.17,0.0,12,12204,买盘
151,10:13:07,10.17,0.0,10,10170,卖盘
152,10:14:49,10.16,-0.01,40,40660,卖盘
153,10:15:01,10.16,0.0,47,47752,卖盘
154,10:15:06,10.16,0.0,25,25400,买盘
155,10:16:22,10.16,0.0,9,9144,卖盘
156,10:16:33,10.16,0.0,3,3048,买盘
157,10:16:54,10.16,0.0,3,3048,买盘
158,10:17:15,10.15,-0.01,19,19285,卖盘
159,10:17:24,10.15,0.0,20,20300,卖盘
160,10:18:06,10.16,0.01,1,1016,买盘
161,10:18:27,10.15,-0.01,4,4060,卖盘
162,10:18:45,10.16,0.01,4,4064,买盘
163,10:18:51,10.16,0.0,1,1016,买盘
164,10:19:06,10.15,-0.01,17,17255,卖盘
165,10:19:09,10.15,0.0,3,3045,买盘
166,10:19:12,10.16,0.01,6,6095,买盘
167,10:19:27,10.15,-0.01,5,5075,买盘
168,10:19:45,10.16,0.01,4,4064,买盘
169,10:20:01,10.16,0.0,50,50800,买盘
170,10:20:30,10.15,-0.01,1,1015,卖盘
171,10:21:04,10.15,0.0,3,3045,卖盘
172,10:21:28,10.16,0.01,5,5080,买盘
173,10:21:39,10.16,0.0,1,1016,买盘
174,10:21:45,10.16,0.0,10,10160,买盘
175,10:22:04,10.16,0.0,10,10160,买盘
176,10:22:13,10.16,0.0,4,4064,买盘
177,10:22:24,10.15,-0.01,15,15225,卖盘
178,10:22:40,10.15,0.0,21,21315,卖盘
179,10:23:04,10.15,0.0,9,9135,卖盘
180,10:23:10,10.15,0.0,200,203000,卖盘
181,10:23:30,10.15,0.0,6,6090,卖盘
182,10:23:39,10.15,0.0,12,12180,卖盘
183,10:24:00,10.16,0.01,10,10154,买盘
184,10:24:04,10.14,-0.02,8,8112,卖盘
185,10:24:10,10.14,0.0,9,9126,卖盘
186,10:24:36,10.14,0.0,39,39508,买盘
187,10:24:45,10.14,0.0,3,3042,卖盘
188,10:24:51,10.14,0.0,3,3042,卖盘
189,10:25:15,10.14,0.0,5,5070,卖盘
190,10:25:46,10.14,0.0,3,3042,卖盘
191,10:25:57,10.13,-0.01,18,18234,买盘
192,10:26:15,10.13,0.0,35,35455,卖盘
193,10:26:30,10.13,0.0,2,2026,买盘
194,10:26:43,10.13,0.0,4,4052,买盘
195,10:26:46,10.13,0.0,10,10130,买盘
196,10:27:10,10.1,-0.03,362,366011,卖盘
197,10:27:45,10.08,-0.02,15,15122,卖盘
198,10:27:57,10.07,-0.01,47,47427,卖盘
199,10:28:00,10.09,0.02,1,1009,卖盘
200,10:28:04,10.07,-0.02,20,20158,卖盘
201,10:28:12,10.1,0.03,1,1010,买盘
202,10:28:15,10.1,0.0,7,7070,买盘
203,10:29:09,10.1,0.0,6,6060,卖盘
204,10:29:15,10.1,0.0,1,1010,卖盘
205,10:30:30,10.1,0.0,37,37376,卖盘
206,10:30:39,10.13,0.03,3,3037,买盘
207,10:31:22,10.1,-0.03,50,50500,卖盘
208,10:32:12,10.11,0.01,10,10110,卖盘
209,10:32:30,10.11,0.0,41,41415,买盘
210,10:32:37,10.11,0.0,4,4044,买盘
211,10:32:57,10.1,-0.01,50,50524,卖盘
212,10:33:10,10.1,0.0,12,12120,卖盘
213,10:33:18,10.1,0.0,3,3030,买盘
214,10:33:33,10.1,0.0,21,21210,买盘
215,10:33:54,10.09,-0.01,26,26249,卖盘
216,10:34:06,10.09,0.0,1,1009,卖盘
217,10:34:21,10.1,0.01,16,16159,买盘
218,10:34:27,10.1,0.0,20,20200,卖盘
219,10:34:33,10.1,0.0,29,29290,卖盘
220,10:34:51,10.1,0.0,18,18180,买盘
221,10:35:58,10.1,0.0,12,12120,卖盘
222,10:36:07,10.1,0.0,15,15150,卖盘
223,10:36:22,10.1,0.0,12,12120,卖盘
224,10:36:51,10.1,0.0,20,20200,卖盘
225,10:37:15,10.1,0.0,5,5050,买盘
226,10:37:25,10.08,-0.02,200,201746,卖盘
227,10:37:27,10.1,0.02,4,4040,买盘
228,10:37:54,10.09,-0.01,5,5045,卖盘
229,10:38:04,10.1,0.01,10,10100,买盘
230,10:38:10,10.09,-0.01,30,30270,卖盘
231,10:38:13,10.1,0.01,41,41410,买盘
232,10:38:21,10.1,0.0,1,1010,买盘
233,10:38:24,10.1,0.0,4,4040,买盘
234,10:38:31,10.11,0.01,5,5055,买盘
235,10:38:46,10.1,-0.01,12,12120,卖盘
236,10:38:49,10.11,0.01,7,7077,买盘
237,10:38:57,10.1,-0.01,20,20200,卖盘
238,10:39:04,10.1,0.0,9,9090,买盘
239,10:39:06,10.09,-0.01,1,1009,卖盘
240,10:39:13,10.1,0.01,5,5050,买盘
241,10:39:30,10.1,0.0,30,30300,卖盘
242,10:39:37,10.11,0.01,5,5055,买盘
243,10:39:42,10.11,0.0,61,61671,买盘
244,10:39:55,10.11,0.0,2,2022,买盘
245,10:40:00,10.11,0.0,1,1011,买盘
246,10:40:04,10.11,0.0,1,1011,买盘
247,10:40:51,10.12,0.01,2,2024,买盘
248,10:41:22,10.12,0.0,12,12144,卖盘
249,10:41:46,10.1,-0.02,25,25260,卖盘
250,10:42:12,10.1,0.0,50,50510,卖盘
251,10:42:31,10.12,0.02,4,4048,买盘
252,10:42:36,10.12,0.0,2,2024,买盘
253,10:42:42,10.12,0.0,8,8096,卖盘
254,10:44:21,10.13,0.01,16,16202,买盘
255,10:44:42,10.13,0.0,2,2026,买盘
256,10:45:01,10.12,-0.01,20,20240,卖盘
257,10:45:03,10.13,0.01,18,18234,买盘
258,10:45:57,10.12,-0.01,1,1012,卖盘
259,10:46:55,10.13,0.01,10,10130,买盘
260,10:47:43,10.13,0.0,5,5065,买盘
261,10:48:13,10.14,0.01,1,1014,买盘
262,10:48:27,10.15,0.01,5,5075,买盘
263,10:48:51,10.15,0.0,10,10150,卖盘
264,10:48:57,10.15,0.0,5,5075,卖盘
265,10:49:18,10.15,0.0,1,1015,卖盘
266,10:50:27,10.15,0.0,1,1015,买盘
267,10:50:51,10.15,0.0,10,10150,卖盘
268,10:51:12,10.15,0.0,39,39585,卖盘
269,10:51:18,10.15,0.0,6,6095,卖盘
270,10:52:04,10.14,-0.01,13,13182,卖盘
271,10:52:15,10.15,0.01,4,4060,买盘
272,10:52:19,10.14,-0.01,5,5070,卖盘
273,10:52:24,10.15,0.01,3,3045,买盘
274,10:53:51,10.14,-0.01,11,11154,卖盘
275,10:55:06,10.12,-0.02,111,112460,卖盘
276,10:55:28,10.12,0.0,100,101200,卖盘
277,10:55:54,10.12,0.0,40,40480,卖盘
278,10:56:13,10.12,0.0,1,1012,卖盘
279,10:58:31,10.13,0.01,10,10130,卖盘
280,10:58:36,10.1,-0.03,50,50564,卖盘
281,10:59:28,10.1,0.0,25,25250,卖盘
282,10:59:36,10.1,0.0,9,9090,卖盘
283,10:59:55,10.12,0.02,1,1012,买盘
284,10:59:58,10.12,0.0,1,1012,买盘
285,11:00:00,10.12,0.0,10,10120,买盘
286,11:00:04,10.12,0.0,1,1012,买盘
287,11:00:06,10.12,0.0,1,1012,买盘
288,11:00:10,10.12,0.0,1,1012,买盘
289,11:00:16,10.11,-0.01,2,2022,卖盘
290,11:00:25,10.12,0.01,3,3036,买盘
291,11:00:28,10.12,0.0,2,2024,买盘
292,11:00:31,10.12,0.0,1,1012,买盘
293,11:00:33,10.12,0.0,1,1012,买盘
294,11:00:36,10.12,0.0,5,5060,买盘
295,11:00:52,10.14,0.02,1,1014,买盘
296,11:00:54,10.14,0.0,3,3042,买盘
297,11:01:06,10.15,0.01,89,90306,买盘
298,11:01:34,10.12,-0.03,100,101250,卖盘
299,11:01:57,10.16,0.04,289,293619,买盘
300,11:03:04,10.16,0.0,1,1016,卖盘
301,11:03:36,10.16,0.0,10,10160,卖盘
302,11:04:30,10.18,0.02,49,49838,买盘
303,11:05:09,10.18,0.0,3,3054,买盘
304,11:07:54,10.19,0.01,30,30570,买盘
305,11:08:12,10.19,0.0,10,10190,卖盘
306,11:08:18,10.2,0.01,1,1020,买盘
307,11:08:28,10.2,0.0,11,11220,买盘
308,11:08:34,10.2,0.0,23,23460,买盘
309,11:08:45,10.21,0.01,1,1021,买盘
310,11:08:57,10.2,-0.01,25,25500,卖盘
311,11:09:15,10.2,0.0,9,9180,卖盘
312,11:09:18,10.2,0.0,6,6120,卖盘
313,11:09:24,10.2,0.0,34,34680,卖盘
314,11:09:42,10.2,0.0,9,9180,卖盘
315,11:09:45,10.2,0.0,15,15300,卖盘
316,11:09:54,10.2,0.0,2,2040,卖盘
317,11:10:04,10.2,0.0,29,29580,卖盘
318,11:10:15,10.2,0.0,12,12240,买盘
319,11:10:21,10.19,-0.01,10,10190,卖盘
320,11:10:39,10.19,0.0,6,6114,卖盘
321,11:12:40,10.19,0.0,20,20380,买盘
322,11:15:27,10.18,-0.01,4,4072,卖盘
323,11:16:39,10.18,0.0,57,58026,买盘
324,11:16:54,10.18,0.0,20,20360,卖盘
325,11:17:37,10.19,0.01,21,21379,买盘
326,11:17:52,10.19,0.0,6,6114,买盘
327,11:19:30,10.22,0.03,618,631209,买盘
328,11:19:48,10.23,0.01,1,1023,买盘
329,11:19:57,10.24,0.01,20,20480,买盘
330,11:20:12,10.25,0.01,20,20496,买盘
331,11:20:21,10.25,0.0,17,17425,买盘
332,11:20:24,10.25,0.0,20,20500,买盘
333,11:20:46,10.24,-0.01,1,1024,买盘
334,11:20:57,10.24,0.0,10,10240,买盘
335,11:21:06,10.24,0.0,1,1024,买盘
336,11:21:10,10.24,0.0,17,17408,买盘
337,11:21:15,10.24,0.0,10,10240,买盘
338,11:21:21,10.23,-0.01,10,10230,卖盘
339,11:21:27,10.24,0.01,9,9216,买盘
340,11:21:33,10.23,-0.01,5,5115,卖盘
341,11:22:04,10.24,0.01,11,11264,买盘
342,11:22:33,10.23,-0.01,5,5115,卖盘
343,11:22:42,10.22,-0.01,1,1022,卖盘
344,11:23:00,10.23,0.01,10,10230,买盘
345,11:25:07,10.22,-0.01,3,3066,卖盘
346,11:25:21,10.23,0.01,4,4092,买盘
347,11:25:51,10.22,-0.01,9,9198,卖盘
348,11:25:57,10.23,0.01,10,10230,买盘
349,11:27:21,10.23,0.0,3,3069,买盘
350,11:27:54,10.23,0.0,40,40920,买盘
351,11:28:15,10.23,0.0,2,2046,买盘
352,11:29:00,10.23,0.0,50,51150,买盘
353,11:29:18,10.22,-0.01,100,102200,卖盘
354,11:29:27,10.22,0.0,10,10220,卖盘
355,11:29:36,10.22,0.0,8,8176,卖盘
356,13:00:04,10.22,0.0,15,15330,卖盘
357,13:00:06,10.23,0.01,79,80802,买盘
358,13:00:24,10.24,0.01,40,40960,买盘
359,13:00:48,10.24,0.0,2,2048,买盘
360,13:01:36,10.23,-0.01,27,27621,卖盘
361,13:01:45,10.23,0.0,11,11253,卖盘
362,13:02:21,10.23,0.0,70,71610,卖盘
363,13:02:30,10.23,0.0,7,7161,卖盘
364,13:03:06,10.21,-0.02,5,5105,卖盘
365,13:04:51,10.2,-0.01,7,7140,卖盘
366,13:05:48,10.21,0.01,30,30630,买盘
367,13:07:33,10.21,0.0,20,20420,卖盘
368,13:10:06,10.21,0.0,2,2042,卖盘
369,13:10:43,10.21,0.0,6,6126,买盘
370,13:12:36,10.22,0.01,4,4088,卖盘
371,13:13:18,10.23,0.01,44,45012,买盘
372,13:13:52,10.21,-0.02,3,3063,卖盘
373,13:13:57,10.22,0.01,1,1022,买盘
374,13:14:48,10.22,0.0,17,17374,卖盘
375,13:15:04,10.22,0.0,2,2044,卖盘
376,13:17:09,10.21,-0.01,10,10210,卖盘
377,13:17:33,10.21,0.0,86,87806,卖盘
378,13:17:54,10.2,-0.01,13,13260,卖盘
379,13:18:21,10.2,0.0,36,37118,卖盘
380,13:19:03,10.2,0.0,8,8160,卖盘
381,13:20:30,10.2,0.0,1,1020,卖盘
382,13:21:22,10.2,0.0,5,5100,卖盘
383,13:21:48,10.2,0.0,7,6742,卖盘
384,13:22:03,10.19,-0.01,16,16304,卖盘
385,13:22:36,10.19,0.0,12,12228,卖盘
386,13:22:42,10.19,0.0,9,9171,卖盘
387,13:23:36,10.19,0.0,9,9171,卖盘
388,13:24:36,10.2,0.01,1,1418,买盘
389,13:24:58,10.2,0.0,5,5100,卖盘
390,13:27:33,10.21,0.01,3,3063,买盘
391,13:27:57,10.16,-0.05,725,737023,卖盘
392,13:28:21,10.16,0.0,6,6096,买盘
393,13:28:24,10.16,0.0,148,150764,买盘
394,13:32:16,10.17,0.01,2,2034,卖盘
395,13:32:28,10.2,0.03,23,23447,买盘
396,13:32:30,10.17,-0.03,30,30534,卖盘
397,13:32:51,10.17,0.0,3,3051,买盘
398,13:32:55,10.17,0.0,17,17289,买盘
399,13:32:57,10.17,0.0,22,22374,买盘
400,13:33:00,10.17,0.0,21,21357,买盘
401,13:33:04,10.17,0.0,25,25425,买盘
402,13:33:06,10.17,0.0,20,20340,买盘
403,13:33:09,10.17,0.0,21,21357,买盘
404,13:33:12,10.17,0.0,22,22374,买盘
405,13:33:15,10.17,0.0,22,22374,买盘
406,13:33:22,10.17,0.0,160,162720,买盘
407,13:33:33,10.17,0.0,60,61020,买盘
408,13:33:43,10.17,0.0,77,78309,买盘
409,13:37:30,10.18,0.01,5,5090,卖盘
410,13:37:57,10.2,0.02,6,6114,买盘
411,13:41:24,10.2,0.0,82,83640,买盘
412,13:41:39,10.2,0.0,6,6120,卖盘
413,13:42:06,10.21,0.01,23,23483,买盘
414,13:43:30,10.2,-0.01,1,1020,卖盘
415,13:46:09,10.18,-0.02,10,10180,卖盘
416,13:46:57,10.2,0.02,19,19380,买盘
417,13:47:45,10.21,0.01,120,122520,买盘
418,13:48:57,10.22,0.01,2,2044,买盘
419,13:49:09,10.22,0.0,2,2044,买盘
420,13:49:34,10.21,-0.01,2,2042,卖盘
421,13:50:22,10.18,-0.03,1,1018,卖盘
422,13:50:39,10.2,0.02,2,2040,卖盘
423,13:50:45,10.2,0.0,18,18360,卖盘
424,13:52:24,10.18,-0.02,10,10180,卖盘
425,13:52:37,10.18,0.0,100,101800,卖盘
426,13:52:45,10.19,0.01,34,34646,中性盘
427,13:52:49,10.19,0.0,10,10190,卖盘
428,13:52:57,10.18,-0.01,33,33625,卖盘
429,13:53:12,10.18,0.0,20,20360,卖盘
430,13:53:33,10.18,0.0,6,6108,卖盘
431,13:54:24,10.2,0.02,4,4080,买盘
432,13:54:33,10.18,-0.02,30,30552,卖盘
433,13:58:18,10.19,0.01,10,10190,卖盘
434,13:58:36,10.2,0.01,50,51000,买盘
435,13:58:48,10.19,-0.01,3,3057,卖盘
436,13:59:12,10.2,0.01,3,3060,买盘
437,13:59:45,10.21,0.01,1,1021,买盘
438,14:01:09,10.22,0.01,82,83790,买盘
439,14:02:03,10.21,-0.01,10,10210,买盘
440,14:02:45,10.22,0.01,1,1022,买盘
441,14:02:48,10.22,0.0,9,9198,买盘
442,14:03:09,10.22,0.0,10,10220,卖盘
443,14:03:48,10.21,-0.01,10,10210,卖盘
444,14:04:33,10.2,-0.01,70,71400,卖盘
445,14:05:15,10.19,-0.01,5,5095,卖盘
446,14:05:31,10.19,0.0,8,8152,卖盘
447,14:06:19,10.18,-0.01,50,50900,卖盘
448,14:06:25,10.18,0.0,14,14252,卖盘
449,14:06:43,10.18,0.0,49,49882,卖盘
450,14:06:48,10.17,-0.01,10,10170,卖盘
451,14:07:12,10.16,-0.01,100,101689,卖盘
452,14:07:21,10.16,0.0,22,22352,卖盘
453,14:07:58,10.16,0.0,10,10160,卖盘
454,14:08:55,10.18,0.02,7,7126,买盘
455,14:09:13,10.18,0.0,19,19342,卖盘
456,14:10:06,10.17,-0.01,8,8136,卖盘
457,14:10:46,10.17,0.0,2,2034,卖盘
458,14:11:00,10.16,-0.01,30,30480,卖盘
459,14:11:30,10.16,0.0,1,1016,卖盘
460,14:11:34,10.16,0.0,2,2032,卖盘
461,14:12:42,10.16,0.0,20,20320,卖盘
462,14:12:54,10.16,0.0,17,17272,卖盘
463,14:14:21,10.16,0.0,27,27456,卖盘
464,14:14:24,10.16,0.0,10,10160,卖盘
465,14:14:33,10.16,0.0,2,2032,卖盘
466,14:15:45,10.17,0.01,20,20340,卖盘
467,14:16:04,10.18,0.01,1,1018,买盘
468,14:18:00,10.19,0.01,15,15280,买盘
469,14:18:04,10.18,-0.01,50,50900,卖盘
470,14:18:13,10.18,0.0,40,40720,卖盘
471,14:20:45,10.18,0.0,20,20360,卖盘
472,14:20:48,10.19,0.01,10,10190,买盘
473,14:21:36,10.18,-0.01,3,3054,卖盘
474,14:22:49,10.17,-0.01,40,40680,卖盘
475,14:23:21,10.17,0.0,1,1017,卖盘
476,14:24:21,10.16,-0.01,40,40647,卖盘
477,14:24:51,10.16,0.0,1,1016,卖盘
478,14:24:54,10.16,0.0,38,38608,买盘
479,14:25:06,10.16,0.0,1,1016,买盘
480,14:25:12,10.16,0.0,79,80264,买盘
481,14:25:48,10.18,0.02,12,12216,买盘
482,14:25:51,10.17,-0.01,20,20340,卖盘
483,14:27:24,10.18,0.01,13,13234,买盘
484,14:28:54,10.17,-0.01,3,3051,卖盘
485,14:28:57,10.17,0.0,7,7119,卖盘
486,14:29:36,10.17,0.0,10,10170,买盘
487,14:29:48,10.16,-0.01,5,5080,卖盘
488,14:30:28,10.16,0.0,8,8128,卖盘
489,14:32:18,10.15,-0.01,400,406005,卖盘
490,14:32:31,10.15,0.0,21,21315,卖盘
491,14:32:43,10.14,-0.01,86,87225,卖盘
492,14:32:55,10.12,-0.02,28,28352,卖盘
493,14:33:04,10.11,-0.01,41,41451,卖盘
494,14:33:21,10.12,0.01,2,2024,买盘
495,14:33:27,10.12,0.0,5,5060,卖盘
496,14:33:40,10.12,0.0,20,20240,卖盘
497,14:33:58,10.12,0.0,12,12144,卖盘
498,14:34:31,10.12,0.0,1,739,卖盘
499,14:35:25,10.13,0.0,11,11143,卖盘
500,14:35:28,10.15,0.02,10,10142,买盘
501,14:36:45,10.15,0.0,17,17255,买盘
502,14:36:51,10.13,-0.02,13,13169,卖盘
503,14:37:46,10.12,-0.01,110,111389,卖盘
504,14:37:54,10.1,-0.02,250,252632,卖盘
505,14:38:58,10.12,0.02,30,30360,卖盘
506,14:39:01,10.12,0.0,7,7084,卖盘
507,14:39:13,10.13,0.01,10,10130,卖盘
508,14:39:49,10.12,-0.01,5,5060,卖盘
509,14:39:51,10.12,0.0,26,26312,卖盘
510,14:40:04,10.13,0.01,1,1013,买盘
511,14:40:28,10.13,0.0,4,4052,卖盘
512,14:41:01,10.13,0.0,33,33401,买盘
513,14:41:10,10.12,-0.01,6,6074,卖盘
514,14:41:16,10.12,0.0,4,4048,买盘
515,14:42:07,10.11,-0.01,11,11121,卖盘
516,14:42:52,10.12,0.01,3,3036,卖盘
517,14:43:34,10.11,-0.01,90,90990,卖盘
518,14:43:43,10.11,0.0,20,20220,卖盘
519,14:43:46,10.11,0.0,6,6066,卖盘
520,14:43:55,10.11,0.0,1,1011,买盘
521,14:44:10,10.1,-0.01,2,2020,卖盘
522,14:44:19,10.11,0.01,50,50550,买盘
523,14:44:31,10.12,0.01,11,11132,买盘
524,14:44:36,10.12,0.0,4,4048,卖盘
525,14:45:09,10.15,0.03,1,1015,买盘
526,14:45:49,10.12,-0.03,20,20240,卖盘
527,14:46:24,10.13,0.01,2,2026,卖盘
528,14:46:27,10.13,0.0,18,18234,卖盘
529,14:46:43,10.13,0.0,5,5065,买盘
530,14:47:12,10.15,0.02,3,3045,买盘
531,14:47:40,10.15,0.0,3,3045,买盘
532,14:48:07,10.15,0.0,10,10150,买盘
533,14:48:16,10.14,-0.01,9,9126,卖盘
534,14:48:33,10.13,-0.01,44,44572,卖盘
535,14:48:55,10.13,0.0,2,2026,买盘
536,14:49:01,10.13,0.0,3,3039,买盘
537,14:49:09,10.13,0.0,3,3039,买盘
538,14:49:13,10.13,0.0,2,2026,买盘
539,14:49:22,10.12,-0.01,23,23287,卖盘
540,14:49:58,10.12,0.0,5,5060,卖盘
541,14:50:13,10.12,0.0,43,43516,卖盘
542,14:50:18,10.12,0.0,1,1012,买盘
543,14:50:22,10.12,0.0,3,3036,买盘
544,14:50:25,10.13,0.01,44,44557,买盘
545,14:51:55,10.14,0.01,106,107470,买盘
546,14:52:09,10.14,0.0,10,10140,买盘
547,14:52:40,10.13,-0.01,6,6078,卖盘
548,14:52:57,10.12,-0.01,4,4048,卖盘
549,14:53:01,10.13,0.01,10,10130,买盘
550,14:53:06,10.13,0.0,2,2026,买盘
551,14:53:19,10.13,0.0,10,10130,买盘
552,14:53:22,10.13,0.0,10,10130,买盘
553,14:53:28,10.13,0.0,6,6078,买盘
554,14:53:33,10.13,0.0,10,10130,买盘
555,14:53:37,10.13,0.0,7,7091,买盘
556,14:53:49,10.14,0.01,1,1014,买盘
557,14:53:52,10.13,-0.01,19,19247,卖盘
558,14:53:55,10.13,0.0,63,63819,买盘
559,14:54:19,10.13,0.0,2,2026,买盘
560,14:54:22,10.13,0.0,55,55665,买盘
561,14:54:34,10.12,-0.01,64,64768,卖盘
562,14:54:45,10.13,0.01,30,30390,买盘
563,14:55:04,10.13,0.0,5,5065,买盘
564,14:55:13,10.12,-0.01,1,1012,卖盘
565,14:55:18,10.12,0.0,26,26312,买盘
566,14:55:25,10.12,0.0,20,20240,买盘
567,14:55:27,10.12,0.0,1,1012,买盘
568,14:55:34,10.12,0.0,5,5060,买盘
569,14:55:37,10.11,-0.01,10,10110,卖盘
570,14:55:49,10.12,0.01,10,10120,买盘
571,14:56:01,10.12,0.0,40,40489,卖盘
572,14:56:06,10.12,0.0,5,5060,卖盘
573,14:56:18,10.12,0.0,10,10120,买盘
574,14:56:28,10.11,-0.01,5,5055,卖盘
575,14:56:31,10.12,0.01,20,20240,买盘
576,14:56:37,10.11,-0.01,65,65715,卖盘
577,14:56:40,10.13,0.02,78,78999,买盘
578,14:56:48,10.13,0.0,8,8104,卖盘
579,14:57:01,10.13,0.0,4,4052,卖盘
580,15:00:04,10.13,0.0,228,230964,卖盘
