,time,price,change,volume,amount,type
0,09:25:04,8.75,0.05,645,564375,买盘
1,09:30:00,8.81,0.06,164,144320,买盘
2,09:30:04,8.76,-0.05,609,534733,卖盘
3,09:30:07,8.78,0.02,69,60559,买盘
4,09:30:09,8.82,0.04,678,596512,买盘
5,09:30:12,8.82,0.0,219,193342,卖盘
6,09:30:15,8.77,-0.05,616,541417,卖盘
7,09:30:18,8.82,0.05,46,40580,中性盘
8,09:30:21,8.83,0.01,87,76792,买盘
9,09:30:24,8.83,0.0,171,151007,卖盘
10,09:30:27,8.83,0.0,200,176647,卖盘
11,09:30:31,8.83,0.0,307,271148,卖盘
12,09:30:34,8.84,0.01,173,152851,买盘
13,09:30:36,8.83,-0.01,372,328478,卖盘
14,09:30:39,8.81,-0.02,8,7054,卖盘
15,09:30:42,8.81,0.0,84,74073,卖盘
16,09:30:45,8.82,0.01,90,79351,买盘
17,09:30:49,8.81,-0.01,73,64347,卖盘
18,09:30:51,8.8,-0.01,71,62480,中性盘
19,09:30:54,8.79,-0.01,9,7910,中性盘
20,09:30:57,8.78,-0.01,290,255395,卖盘
21,09:31:01,8.81,0.03,62,54620,买盘
22,09:31:04,8.79,-0.02,100,88094,卖盘
23,09:31:06,8.8,0.01,96,84515,买盘
24,09:31:09,8.79,-0.01,152,133731,卖盘
25,09:31:12,8.79,0.0,121,106475,卖盘
26,09:31:16,8.8,0.01,58,51039,买盘
27,09:31:18,8.82,0.02,239,210466,买盘
28,09:31:21,8.79,-0.03,74,65169,卖盘
29,09:31:24,8.81,0.02,14,12333,买盘
30,09:31:27,8.81,0.0,127,111887,买盘
31,09:31:30,8.8,-0.01,161,141699,卖盘
32,09:31:33,8.82,0.02,178,156843,买盘
33,09:31:36,8.82,0.0,8,7052,买盘
34,09:31:39,8.81,-0.01,22,19382,卖盘
35,09:31:42,8.81,0.0,55,48455,卖盘
36,09:31:45,8.81,0.0,33,29073,卖盘
37,09:31:48,8.81,0.0,9,7934,卖盘
38,09:31:52,8.81,0.0,38,33507,卖盘
39,09:31:54,8.82,0.01,10,8815,买盘
40,09:31:57,8.82,0.0,113,99595,买盘
41,09:32:00,8.81,-0.01,2,1762,卖盘
42,09:32:04,8.81,0.0,18,15857,买盘
43,09:32:06,8.81,0.0,343,302521,卖盘
44,09:32:09,8.82,0.01,14,12345,买盘
45,09:32:12,8.8,-0.02,44,38733,卖盘
46,09:32:15,8.81,0.01,100,88100,买盘
47,09:32:18,8.82,0.01,57,50261,买盘
48,09:32:21,8.82,0.0,78,68796,买盘
49,09:32:25,8.82,0.0,115,101438,卖盘
50,09:32:27,8.82,0.0,13,11466,买盘
51,09:32:30,8.82,0.0,39,34388,买盘
52,09:32:34,8.81,-0.01,61,53741,卖盘
53,09:32:36,8.81,0.0,28,24688,卖盘
54,09:32:39,8.81,0.0,8,7050,卖盘
55,09:32:43,8.81,0.0,1,881,卖盘
56,09:32:45,8.82,0.01,3,2646,买盘
57,09:32:48,8.82,0.0,1,882,买盘
58,09:32:54,8.82,0.0,6,5291,买盘
59,09:32:57,8.81,-0.01,238,209880,卖盘
60,09:33:00,8.82,0.01,97,85531,买盘
61,09:33:04,8.82,0.0,126,111674,买盘
62,09:33:06,8.83,0.01,5,4415,买盘
63,09:33:09,8.82,-0.01,141,124414,卖盘
64,09:33:12,8.82,0.0,65,57330,买盘
65,09:33:18,8.82,0.0,121,106720,买盘
66,09:33:21,8.82,0.0,16,14112,买盘
67,09:33:24,8.82,0.0,99,87316,买盘
68,09:33:30,8.81,-0.01,145,127759,卖盘
69,09:33:33,8.82,0.01,213,187860,买盘
70,09:33:37,8.81,-0.01,18,15858,卖盘
71,09:33:39,8.81,0.0,61,53797,卖盘
72,09:33:42,8.81,0.0,66,58196,卖盘
73,09:33:45,8.81,0.0,20,17635,卖盘
74,09:33:51,8.83,0.02,84,74102,买盘
75,09:33:54,8.82,-0.01,32,28224,卖盘
76,09:33:57,8.82,0.0,1,882,卖盘
77,09:34:01,8.82,0.0,64,56450,卖盘
78,09:34:04,8.82,0.0,27,23820,卖盘
79,09:34:06,8.81,-0.01,248,218735,卖盘
80,09:34:09,8.81,0.0,4,3526,卖盘
81,09:34:13,8.82,0.01,30,26485,买盘
82,09:34:15,8.81,-0.01,115,101422,卖盘
83,09:34:18,8.83,0.02,48,42382,买盘
84,09:34:21,8.82,-0.01,17,14994,买盘
85,09:34:24,8.82,0.0,16,14112,买盘
86,09:34:28,8.82,0.0,3,2646,买盘
87,09:34:30,8.82,0.0,13,11466,买盘
88,09:34:33,8.82,0.0,8,7055,买盘
89,09:34:36,8.81,-0.01,14,12334,卖盘
90,09:34:39,8.81,0.0,163,143648,卖盘
91,09:34:42,8.81,0.0,1,881,卖盘
92,09:34:45,8.81,0.0,99,87228,卖盘
93,09:34:48,8.82,0.01,53,46133,买盘
94,09:34:51,8.82,0.0,127,112011,买盘
95,09:34:54,8.81,-0.01,5,4405,卖盘
96,09:34:57,8.81,0.0,10,8810,卖盘
97,09:35:00,8.81,0.0,60,52860,买盘
98,09:35:04,8.8,-0.01,205,180402,卖盘
99,09:35:06,8.81,0.01,19,17100,买盘
100,09:35:09,8.81,0.0,21,18140,卖盘
101,09:35:13,8.81,0.0,75,66075,买盘
102,09:35:15,8.81,0.0,29,25549,买盘
103,09:35:18,8.8,-0.01,73,64251,卖盘
104,09:35:21,8.81,0.01,14,12334,买盘
105,09:35:24,8.8,-0.01,47,41387,卖盘
106,09:35:27,8.8,0.0,32,28173,卖盘
107,09:35:30,8.81,0.01,87,76627,买盘
108,09:35:33,8.8,-0.01,325,286003,卖盘
109,09:35:36,8.8,0.0,46,40480,买盘
110,09:35:39,8.8,0.0,27,23760,买盘
111,09:35:42,8.79,-0.01,136,119619,卖盘
112,09:35:48,8.8,0.01,46,40479,买盘
113,09:35:51,8.8,0.0,3,2639,买盘
114,09:35:54,8.8,0.0,16,14080,买盘
115,09:35:57,8.79,-0.01,37,32533,卖盘
116,09:36:00,8.8,0.01,6,5279,买盘
117,09:36:04,8.79,-0.01,3,2639,卖盘
118,09:36:06,8.8,0.01,19,16715,买盘
119,09:36:09,8.8,0.0,21,18467,买盘
120,09:36:12,8.8,0.0,24,21113,买盘
121,09:36:15,8.78,-0.02,16,14073,卖盘
122,09:36:18,8.79,0.01,40,35160,买盘
123,09:36:21,8.78,-0.01,155,136240,卖盘
124,09:36:24,8.79,0.01,18,15818,买盘
125,09:36:27,8.78,-0.01,48,42144,卖盘
126,09:36:30,8.77,-0.01,63,55283,卖盘
127,09:36:33,8.78,0.01,135,118530,买盘
128,09:36:36,8.77,-0.01,316,277317,卖盘
129,09:36:39,8.77,0.0,195,171015,买盘
130,09:36:42,8.78,0.01,65,57008,买盘
131,09:36:45,8.77,-0.01,33,28943,卖盘
132,09:36:48,8.77,0.0,93,81559,卖盘
133,09:36:51,8.77,0.0,13,11401,买盘
134,09:36:54,8.77,0.0,15,13155,买盘
135,09:36:57,8.77,0.0,2,1754,买盘
136,09:37:00,8.77,0.0,8,7016,买盘
137,09:37:04,8.77,0.0,111,97242,买盘
138,09:37:06,8.77,0.0,154,134923,买盘
139,09:37:09,8.76,-0.01,21,18396,买盘
140,09:37:13,8.76,0.0,28,24516,买盘
141,09:37:16,8.76,0.0,48,42048,买盘
142,09:37:18,8.76,0.0,36,31536,买盘
143,09:37:21,8.76,0.0,8,7015,卖盘
144,09:37:24,8.76,0.0,51,44676,卖盘
145,09:37:27,8.77,0.01,62,54371,买盘
146,09:37:31,8.77,0.0,18,15786,买盘
147,09:37:33,8.77,0.0,17,14909,买盘
148,09:37:36,8.77,0.0,106,92962,买盘
149,09:37:39,8.77,0.0,194,170138,买盘
150,09:37:43,8.78,0.01,99,86819,买盘
151,09:37:45,8.79,0.01,668,586522,买盘
152,09:37:48,8.79,0.0,177,155583,买盘
153,09:37:51,8.79,0.0,88,77352,买盘
154,09:37:55,8.79,0.0,20,17587,卖盘
155,09:37:57,8.79,0.0,123,108117,卖盘
156,09:38:00,8.8,0.01,74,65120,买盘
157,09:38:04,8.8,0.0,98,86240,买盘
158,09:38:06,8.8,0.0,47,41357,买盘
159,09:38:12,8.8,0.0,18,15840,买盘
160,09:38:15,8.8,0.0,38,33440,买盘
161,09:38:18,8.8,0.0,11,9680,买盘
162,09:38:21,8.79,-0.01,142,124925,卖盘
163,09:38:24,8.8,0.01,15,13200,买盘
164,09:38:27,8.8,0.0,10,8800,卖盘
165,09:38:30,8.79,-0.01,15,13186,卖盘
166,09:38:33,8.8,0.01,1,880,买盘
167,09:38:36,8.8,0.0,69,60719,买盘
168,09:38:39,8.8,0.0,51,44880,卖盘
169,09:38:42,8.81,0.01,16,14085,买盘
170,09:38:46,8.8,-0.01,46,40502,卖盘
171,09:38:52,8.8,0.0,13,11446,卖盘
172,09:38:54,8.8,0.0,5,4400,卖盘
173,09:38:57,8.8,0.0,255,224545,卖盘
174,09:39:04,8.8,0.0,200,176000,卖盘
175,09:39:06,8.8,0.0,95,83624,卖盘
176,09:39:09,8.79,-0.01,113,99439,卖盘
177,09:39:12,8.79,0.0,78,68562,卖盘
178,09:39:15,8.79,0.0,82,72075,买盘
179,09:39:19,8.8,0.01,21,18474,买盘
180,09:39:21,8.79,-0.01,10,8790,买盘
181,09:39:24,8.78,-0.01,61,53558,卖盘
182,09:39:27,8.79,0.01,11,9669,买盘
183,09:39:30,8.78,-0.01,30,26340,卖盘
184,09:39:33,8.79,0.01,34,29881,买盘
185,09:39:36,8.78,-0.01,2,1756,卖盘
186,09:39:39,8.79,0.01,62,54441,买盘
187,09:39:42,8.79,0.0,39,34261,买盘
188,09:39:46,8.78,-0.01,25,21950,卖盘
189,09:39:48,8.79,0.01,16,14059,买盘
190,09:39:51,8.79,0.0,134,117680,买盘
191,09:39:54,8.79,0.0,138,121170,买盘
192,09:39:57,8.78,-0.01,16,14048,卖盘
193,09:40:00,8.78,0.0,18,15806,买盘
194,09:40:04,8.76,-0.02,12,10534,卖盘
195,09:40:06,8.78,0.02,12,10536,买盘
196,09:40:09,8.79,0.01,24,21084,买盘
197,09:40:12,8.78,-0.01,63,55349,卖盘
198,09:40:15,8.79,0.01,70,61502,买盘
199,09:40:18,8.76,-0.03,92,80630,卖盘
200,09:40:21,8.78,0.02,16,14048,买盘
201,09:40:24,8.78,0.0,53,46514,买盘
202,09:40:27,8.76,-0.02,33,28964,卖盘
203,09:40:30,8.78,0.02,13,11414,买盘
204,09:40:33,8.7,-0.08,3742,3258717,卖盘
205,09:40:36,8.7,0.0,4326,3763590,买盘
206,09:40:39,8.7,0.0,1899,1652130,买盘
207,09:40:43,8.75,0.05,228,198495,买盘
208,09:40:45,8.74,-0.01,23,20102,中性盘
209,09:40:48,8.74,0.0,1,874,买盘
210,09:40:51,8.7,-0.04,118,102800,卖盘
211,09:40:54,8.7,0.0,569,495029,买盘
212,09:40:58,8.7,0.0,218,189660,买盘
213,09:41:00,8.74,0.04,2,1748,买盘
214,09:41:04,8.73,-0.01,66,57629,中性盘
215,09:41:06,8.73,0.0,12,10503,卖盘
216,09:41:09,8.73,0.0,34,29620,卖盘
217,09:41:12,8.76,0.03,20,17520,买盘
218,09:41:15,8.73,-0.03,8,6984,卖盘
219,09:41:18,8.73,0.0,7,6110,买盘
220,09:41:22,8.71,-0.02,6,5227,卖盘
221,09:41:24,8.72,0.01,4,3488,卖盘
222,09:41:27,8.74,0.02,100,87400,买盘
223,09:41:30,8.76,0.02,45,39420,买盘
224,09:41:39,8.74,-0.02,51,44579,卖盘
225,09:41:43,8.76,0.02,51,44676,买盘
226,09:41:45,8.74,-0.02,98,85824,卖盘
227,09:41:48,8.75,0.01,1,875,买盘
228,09:41:51,8.76,0.01,160,140101,买盘
229,09:42:01,8.75,-0.01,4,3500,买盘
230,09:42:04,8.74,-0.01,20,17494,卖盘
231,09:42:06,8.75,0.01,4,3500,买盘
232,09:42:10,8.74,-0.01,86,75202,卖盘
233,09:42:12,8.74,0.0,94,82168,卖盘
234,09:42:21,8.74,0.0,10,8740,卖盘
235,09:42:24,8.74,0.0,4,3496,卖盘
236,09:42:27,8.74,0.0,1,874,卖盘
237,09:42:30,8.75,0.01,8,7000,买盘
238,09:42:33,8.75,0.0,19,16625,买盘
239,09:42:36,8.75,0.0,5,4375,买盘
240,09:42:39,8.75,0.0,20,17492,买盘
241,09:42:42,8.74,-0.01,41,35855,卖盘
242,09:42:45,8.75,0.01,15,13124,买盘
243,09:42:48,8.75,0.0,2,1750,买盘
244,09:42:52,8.75,0.0,32,28000,买盘
245,09:42:55,8.76,0.01,4,3504,买盘
246,09:42:57,8.75,-0.01,15,13125,卖盘
247,09:43:00,8.76,0.01,186,162936,买盘
248,09:43:03,8.75,-0.01,22,19264,卖盘
249,09:43:06,8.76,0.01,45,39422,卖盘
250,09:43:10,8.77,0.01,63,55249,买盘
251,09:43:18,8.77,0.0,29,25433,买盘
252,09:43:21,8.76,-0.01,51,44704,卖盘
253,09:43:25,8.77,0.01,7,6139,买盘
254,09:43:28,8.77,0.0,13,11401,买盘
255,09:43:33,8.77,0.0,204,178908,买盘
256,09:43:36,8.76,-0.01,4,3507,卖盘
257,09:43:39,8.77,0.01,7,6139,中性盘
258,09:43:42,8.78,0.01,164,143849,买盘
259,09:43:45,8.78,0.0,108,94824,买盘
260,09:43:48,8.78,0.0,5,4390,买盘
261,09:43:54,8.76,-0.02,4,3504,卖盘
262,09:43:57,8.78,0.02,8,7024,买盘
263,09:44:04,8.78,0.0,107,93936,买盘
264,09:44:06,8.76,-0.02,9,7895,卖盘
265,09:44:09,8.78,0.02,25,21950,买盘
266,09:44:12,8.76,-0.02,10,8760,卖盘
267,09:44:15,8.78,0.02,8,7024,买盘
268,09:44:18,8.78,0.0,15,13170,买盘
269,09:44:22,8.77,-0.01,10,8770,卖盘
270,09:44:27,8.77,0.0,12,10526,卖盘
271,09:44:30,8.77,0.0,1,877,卖盘
272,09:44:33,8.78,0.01,164,143838,买盘
273,09:44:36,8.77,-0.01,198,173645,卖盘
274,09:44:39,8.76,-0.01,392,343504,卖盘
275,09:44:42,8.76,0.0,74,64811,买盘
276,09:44:46,8.76,0.0,67,58692,卖盘
277,09:44:48,8.76,0.0,27,23646,买盘
278,09:44:51,8.75,-0.01,115,100625,卖盘
279,09:44:54,8.75,0.0,129,112915,卖盘
280,09:44:57,8.75,0.0,47,41125,卖盘
281,09:45:00,8.75,0.0,17,14872,买盘
282,09:45:03,8.75,0.0,6,5251,卖盘
283,09:45:06,8.75,0.0,3,2625,卖盘
284,09:45:12,8.75,0.0,7,6126,卖盘
285,09:45:15,8.76,0.01,12,10512,买盘
286,09:45:18,8.75,-0.01,10,8750,卖盘
287,09:45:21,8.75,0.0,9,7880,卖盘
288,09:45:24,8.76,0.01,4,3504,买盘
289,09:45:27,8.76,0.0,139,121746,买盘
290,09:45:30,8.75,-0.01,60,52507,卖盘
291,09:45:33,8.76,0.01,17,14892,买盘
292,09:45:37,8.75,-0.01,306,267750,卖盘
293,09:45:39,8.75,0.0,102,89332,卖盘
294,09:45:42,8.76,0.01,13,11385,买盘
295,09:45:45,8.76,0.0,2,1752,买盘
296,09:45:48,8.75,-0.01,63,55182,卖盘
297,09:45:51,8.76,0.01,22,19272,买盘
298,09:45:55,8.75,-0.01,41,35905,卖盘
299,09:45:57,8.76,0.01,38,33288,买盘
300,09:46:00,8.75,-0.01,103,90213,卖盘
301,09:46:04,8.76,0.01,34,29783,买盘
302,09:46:06,8.76,0.0,237,207612,买盘
303,09:46:09,8.76,0.0,31,27156,卖盘
304,09:46:12,8.76,0.0,143,125267,买盘
305,09:46:15,8.77,0.01,261,228644,买盘
306,09:46:19,8.77,0.0,102,89433,买盘
307,09:46:21,8.76,-0.01,17,14905,卖盘
308,09:46:24,8.77,0.01,70,61390,买盘
309,09:46:27,8.77,0.0,183,160491,买盘
310,09:46:30,8.77,0.0,69,60513,买盘
311,09:46:33,8.77,0.0,51,44727,买盘
312,09:46:36,8.77,0.0,65,56949,买盘
313,09:46:39,8.78,0.01,187,164063,买盘
314,09:46:46,8.77,-0.01,1,877,买盘
315,09:46:48,8.76,-0.01,31,27157,卖盘
316,09:46:51,8.77,0.01,25,21925,买盘
317,09:46:57,8.77,0.0,58,50866,买盘
318,09:47:04,8.77,0.0,25,21925,买盘
319,09:47:06,8.77,0.0,2,1754,卖盘
320,09:47:09,8.77,0.0,11,9647,卖盘
321,09:47:12,8.78,0.01,1,878,买盘
322,09:47:15,8.78,0.0,12,10533,买盘
323,09:47:21,8.77,-0.01,261,228897,卖盘
324,09:47:24,8.77,0.0,9,7887,买盘
325,09:47:31,8.77,0.0,25,21925,买盘
326,09:47:39,8.76,-0.01,37,32412,卖盘
327,09:47:43,8.77,0.01,16,14032,买盘
328,09:47:46,8.77,0.0,118,103504,卖盘
329,09:47:48,8.77,0.0,111,97347,卖盘
330,09:47:51,8.77,0.0,12,10524,卖盘
331,09:47:54,8.77,0.0,2,1754,卖盘
332,09:48:01,8.77,0.0,1,877,卖盘
333,09:48:04,8.77,0.0,72,63175,卖盘
334,09:48:06,8.77,0.0,151,132427,卖盘
335,09:48:09,8.78,0.01,2,1755,买盘
336,09:48:15,8.78,0.0,2,1756,买盘
337,09:48:18,8.78,0.0,5,4390,买盘
338,09:48:21,8.78,0.0,33,28974,买盘
339,09:48:24,8.78,0.0,21,18434,买盘
340,09:48:30,8.78,0.0,19,16682,买盘
341,09:48:36,8.78,0.0,51,44747,买盘
342,09:48:39,8.77,-0.01,24,21065,卖盘
343,09:48:45,8.78,0.01,7,6146,买盘
344,09:48:48,8.77,-0.01,195,171204,卖盘
345,09:48:51,8.77,0.0,185,162245,卖盘
346,09:48:54,8.77,0.0,77,67561,卖盘
347,09:48:57,8.77,0.0,144,126288,卖盘
348,09:49:00,8.77,0.0,29,25453,卖盘
349,09:49:06,8.77,0.0,26,22802,卖盘
350,09:49:09,8.77,0.0,101,88576,买盘
351,09:49:13,8.77,0.0,61,53497,买盘
352,09:49:15,8.77,0.0,2,1754,买盘
353,09:49:22,8.77,0.0,19,16663,买盘
354,09:49:24,8.76,-0.01,4,3504,卖盘
355,09:49:27,8.77,0.01,20,17540,买盘
356,09:49:30,8.76,-0.01,40,35040,卖盘
357,09:49:33,8.77,0.01,1,877,买盘
358,09:49:36,8.76,-0.01,1,876,卖盘
359,09:49:39,8.76,0.0,26,22794,卖盘
360,09:49:42,8.77,0.01,1,877,买盘
361,09:49:48,8.76,-0.01,6,5256,卖盘
362,09:49:51,8.76,0.0,119,104263,卖盘
363,09:49:54,8.76,0.0,134,117384,卖盘
364,09:49:57,8.76,0.0,85,74460,买盘
365,09:50:00,8.75,-0.01,12,10500,卖盘
366,09:50:03,8.76,0.01,1,876,买盘
367,09:50:07,8.76,0.0,3,2628,买盘
368,09:50:10,8.76,0.0,20,17520,买盘
369,09:50:12,8.75,-0.01,20,17500,卖盘
370,09:50:21,8.75,0.0,11,9625,卖盘
371,09:50:24,8.75,0.0,332,290500,卖盘
372,09:50:27,8.75,0.0,1,875,买盘
373,09:50:31,8.74,-0.01,236,206381,卖盘
374,09:50:33,8.74,0.0,31,27094,卖盘
375,09:50:36,8.75,0.01,108,94431,买盘
376,09:50:39,8.73,-0.02,7,6111,卖盘
377,09:50:42,8.73,0.0,104,90873,卖盘
378,09:50:45,8.73,0.0,72,62880,卖盘
379,09:50:48,8.73,0.0,69,60237,卖盘
380,09:50:51,8.73,0.0,10,8731,卖盘
381,09:50:54,8.73,0.0,5,4366,卖盘
382,09:50:57,8.74,0.01,521,454484,买盘
383,09:51:01,8.74,0.0,12,10488,买盘
384,09:51:04,8.74,0.0,73,63797,买盘
385,09:51:06,8.72,-0.02,14,12224,中性盘
386,09:51:09,8.74,0.02,57,49776,买盘
387,09:51:12,8.74,0.0,8,6992,买盘
388,09:51:15,8.74,0.0,14,12236,买盘
389,09:51:18,8.75,0.01,42,36682,买盘
390,09:51:21,8.74,-0.01,3,2622,卖盘
391,09:51:24,8.75,0.01,18,15750,买盘
392,09:51:27,8.75,0.0,1,875,买盘
393,09:51:31,8.75,0.0,5,4375,买盘
394,09:51:33,8.74,-0.01,10,8740,卖盘
395,09:51:39,8.75,0.01,24,21000,买盘
396,09:51:42,8.75,0.0,45,39375,买盘
397,09:51:46,8.74,-0.01,75,65550,卖盘
398,09:51:49,8.73,-0.01,46,40188,卖盘
399,09:51:52,8.74,0.01,56,48944,买盘
400,09:51:54,8.73,-0.01,37,32301,卖盘
401,09:51:57,8.73,0.0,2,1746,卖盘
402,09:52:04,8.7,-0.03,1600,1392886,卖盘
403,09:52:06,8.74,0.04,22,19212,买盘
404,09:52:09,8.74,0.0,4,3492,买盘
405,09:52:12,8.7,-0.04,6,5240,卖盘
406,09:52:16,8.7,0.0,62,53940,卖盘
407,09:52:21,8.72,0.02,28,24408,中性盘
408,09:52:24,8.71,-0.01,155,135159,中性盘
409,09:52:27,8.72,0.01,30,26160,买盘
410,09:52:30,8.72,0.0,10,8719,买盘
411,09:52:33,8.71,-0.01,242,210902,卖盘
412,09:52:37,8.71,0.0,73,63611,卖盘
413,09:52:40,8.71,0.0,72,62712,买盘
414,09:52:42,8.71,0.0,17,14807,买盘
415,09:52:45,8.7,-0.01,1,870,卖盘
416,09:52:48,8.7,0.0,52,45242,卖盘
417,09:52:51,8.7,0.0,134,116580,卖盘
418,09:52:54,8.7,0.0,106,92220,卖盘
419,09:52:57,8.7,0.0,415,361086,卖盘
420,09:53:00,8.7,0.0,235,204324,卖盘
421,09:53:03,8.7,0.0,36,31320,买盘
422,09:53:07,8.7,0.0,21,18270,卖盘
423,09:53:10,8.69,-0.01,8,6952,卖盘
424,09:53:13,8.69,0.0,1,869,卖盘
425,09:53:15,8.7,0.01,5,4350,买盘
426,09:53:18,8.69,-0.01,146,126874,卖盘
427,09:53:21,8.68,-0.01,104,90272,卖盘
428,09:53:25,8.69,0.01,81,70273,买盘
429,09:53:27,8.69,0.0,1,869,买盘
430,09:53:30,8.68,-0.01,23,19964,卖盘
431,09:53:33,8.69,0.01,2,1738,买盘
432,09:53:37,8.68,-0.01,100,86800,卖盘
433,09:53:40,8.67,-0.01,37,32108,卖盘
434,09:53:42,8.67,0.0,38,32946,卖盘
435,09:53:45,8.67,0.0,69,59823,卖盘
436,09:53:48,8.67,0.0,87,75429,卖盘
437,09:53:52,8.67,0.0,4,3467,买盘
438,09:53:54,8.67,0.0,280,242498,买盘
439,09:53:57,8.67,0.0,1289,1115659,买盘
440,09:54:00,8.66,-0.01,86,74476,买盘
441,09:54:04,8.66,0.0,40,34640,买盘
442,09:54:06,8.65,-0.01,74,64033,中性盘
443,09:54:09,8.65,0.0,99,85635,买盘
444,09:54:12,8.66,0.01,120,103898,买盘
445,09:54:16,8.65,-0.01,11,9515,卖盘
446,09:54:18,8.65,0.0,96,83040,卖盘
447,09:54:21,8.66,0.01,345,298770,卖盘
448,09:54:24,8.66,0.0,225,194850,卖盘
449,09:54:27,8.66,0.0,73,63218,卖盘
450,09:54:30,8.66,0.0,396,342936,卖盘
451,09:54:33,8.66,0.0,92,79651,卖盘
452,09:54:36,8.66,0.0,63,54548,买盘
453,09:54:39,8.65,-0.01,16,13840,卖盘
454,09:54:42,8.66,0.01,37,32019,买盘
455,09:54:45,8.65,-0.01,3,2595,卖盘
456,09:54:48,8.66,0.01,69,59710,买盘
457,09:54:51,8.65,-0.01,46,39790,卖盘
458,09:54:57,8.65,0.0,187,161755,卖盘
459,09:55:00,8.65,0.0,9,7785,卖盘
460,09:55:04,8.65,0.0,213,184445,卖盘
461,09:55:06,8.65,0.0,41,35465,卖盘
462,09:55:10,8.66,0.01,108,93502,买盘
463,09:55:13,8.66,0.0,9,7790,买盘
464,09:55:15,8.66,0.0,49,42415,买盘
465,09:55:18,8.65,-0.01,1,865,卖盘
466,09:55:21,8.65,0.0,106,91900,卖盘
467,09:55:24,8.67,0.02,28,24270,买盘
468,09:55:27,8.67,0.0,11,9536,买盘
469,09:55:30,8.67,0.0,91,78897,买盘
470,09:55:33,8.68,0.01,49,42497,买盘
471,09:55:36,8.67,-0.01,40,34707,卖盘
472,09:55:39,8.68,0.01,98,84970,买盘
473,09:55:42,8.68,0.0,23,19964,买盘
474,09:55:45,8.68,0.0,14,12152,买盘
475,09:55:48,8.68,0.0,78,67631,买盘
476,09:55:51,8.68,0.0,22,19096,买盘
477,09:55:54,8.68,0.0,14,12151,买盘
478,09:55:57,8.68,0.0,22,19096,买盘
479,09:56:01,8.67,-0.01,107,92869,卖盘
480,09:56:04,8.67,0.0,1,867,卖盘
481,09:56:06,8.68,0.01,10,8680,中性盘
482,09:56:09,8.68,0.0,7,6076,买盘
483,09:56:12,8.69,0.01,29,25188,买盘
484,09:56:15,8.68,-0.01,101,87667,卖盘
485,09:56:21,8.68,0.0,114,98961,卖盘
486,09:56:24,8.68,0.0,4,3472,卖盘
487,09:56:27,8.68,0.0,61,52975,卖盘
488,09:56:33,8.68,0.0,66,57288,买盘
489,09:56:36,8.68,0.0,31,26908,买盘
490,09:56:39,8.67,-0.01,38,32972,卖盘
491,09:56:42,8.67,0.0,36,31247,卖盘
492,09:56:45,8.67,0.0,1,867,卖盘
493,09:56:48,8.67,0.0,10,8670,卖盘
494,09:56:51,8.68,0.01,54,46823,买盘
495,09:56:54,8.68,0.0,77,66836,买盘
496,09:56:57,8.68,0.0,72,62496,买盘
497,09:57:01,8.67,-0.01,30,26010,卖盘
498,09:57:07,8.68,0.01,8,6944,买盘
499,09:57:09,8.67,-0.01,7,6069,卖盘
500,09:57:12,8.68,0.01,42,36455,买盘
501,09:57:15,8.68,0.0,23,19947,买盘
502,09:57:19,8.68,0.0,36,31248,买盘
503,09:57:21,8.67,-0.01,4,3468,卖盘
504,09:57:24,8.68,0.01,45,39060,买盘
505,09:57:31,8.68,0.0,5,4340,买盘
506,09:57:33,8.68,0.0,3,2604,买盘
507,09:57:37,8.68,0.0,45,39060,买盘
508,09:57:39,8.67,-0.01,150,130050,卖盘
509,09:57:42,8.68,0.01,56,48608,买盘
510,09:57:45,8.67,-0.01,10,8670,卖盘
511,09:57:48,8.67,0.0,10,8670,卖盘
512,09:57:54,8.67,0.0,20,17340,卖盘
513,09:57:58,8.67,0.0,63,54624,卖盘
514,09:58:00,8.67,0.0,87,75429,卖盘
515,09:58:04,8.67,0.0,49,42483,卖盘
516,09:58:06,8.67,0.0,107,92803,卖盘
517,09:58:09,8.66,-0.01,324,280719,卖盘
518,09:58:12,8.66,0.0,296,256336,买盘
519,09:58:18,8.66,0.0,16,13856,买盘
520,09:58:21,8.66,0.0,14,12120,买盘
521,09:58:24,8.66,0.0,27,23376,买盘
522,09:58:27,8.66,0.0,76,65816,买盘
523,09:58:31,8.66,0.0,30,25971,买盘
524,09:58:33,8.66,0.0,40,34640,买盘
525,09:58:36,8.66,0.0,40,34634,买盘
526,09:58:39,8.67,0.01,943,816656,买盘
527,09:58:42,8.68,0.01,78,67704,买盘
528,09:58:45,8.68,0.0,15,13020,买盘
529,09:58:48,8.68,0.0,31,26908,买盘
530,09:58:51,8.68,0.0,46,39928,买盘
531,09:58:54,8.67,-0.01,120,104158,卖盘
532,09:58:58,8.67,0.0,179,155313,卖盘
533,09:59:04,8.69,0.02,27,23463,买盘
534,09:59:06,8.69,0.0,5,4345,买盘
535,09:59:13,8.69,0.0,11,9559,买盘
536,09:59:16,8.69,0.0,17,14773,买盘
537,09:59:18,8.69,0.0,5,4345,买盘
538,09:59:21,8.69,0.0,119,103410,买盘
539,09:59:24,8.69,0.0,8,6952,卖盘
540,09:59:28,8.7,0.01,14,12180,买盘
541,09:59:30,8.7,0.0,6,5220,买盘
542,09:59:33,8.69,-0.01,3,2607,卖盘
543,09:59:39,8.71,0.02,258,224974,买盘
544,09:59:42,8.7,-0.01,34,29580,卖盘
545,09:59:46,8.71,0.01,11,9580,买盘
546,09:59:48,8.7,-0.01,50,43500,卖盘
547,09:59:52,8.7,0.0,59,51380,卖盘
548,10:00:00,8.7,0.0,51,44370,卖盘
549,10:00:04,8.71,0.01,17,14800,买盘
550,10:00:06,8.71,0.0,135,117451,买盘
551,10:00:09,8.7,-0.01,167,144776,卖盘
552,10:00:15,8.7,0.0,6,5219,买盘
553,10:00:18,8.7,0.0,61,53070,买盘
554,10:00:24,8.69,-0.01,5,4345,卖盘
555,10:00:30,8.69,0.0,50,43450,卖盘
556,10:00:36,8.69,0.0,3,2607,卖盘
557,10:00:39,8.7,0.01,76,66612,买盘
558,10:00:42,8.69,-0.01,23,20000,卖盘
559,10:00:45,8.71,0.02,5,4355,买盘
560,10:00:48,8.69,-0.02,16,13919,卖盘
561,10:00:51,8.7,0.01,5,4350,中性盘
562,10:00:54,8.7,0.0,39,33930,买盘
563,10:01:00,8.7,0.0,110,95700,买盘
564,10:01:04,8.7,0.0,5,4350,卖盘
565,10:01:09,8.7,0.0,148,128807,卖盘
566,10:01:15,8.7,0.0,6,5220,卖盘
567,10:01:19,8.71,0.01,50,43550,买盘
568,10:01:21,8.7,-0.01,2,1740,卖盘
569,10:01:27,8.7,0.0,1,870,卖盘
570,10:01:30,8.71,0.01,5,4355,买盘
571,10:01:34,8.71,0.0,122,106260,买盘
572,10:01:36,8.71,0.0,73,63583,买盘
573,10:01:39,8.71,0.0,78,67937,买盘
574,10:01:42,8.71,0.0,16,13936,买盘
575,10:01:45,8.71,0.0,76,66196,买盘
576,10:01:48,8.74,0.03,60,52426,买盘
577,10:01:51,8.71,-0.03,18,15703,卖盘
578,10:01:54,8.74,0.03,28,24405,买盘
579,10:02:00,8.71,-0.03,300,261300,卖盘
580,10:02:04,8.74,0.03,13,11362,买盘
581,10:02:06,8.72,-0.02,27,23544,卖盘
582,10:02:09,8.72,0.0,2,1745,卖盘
583,10:02:13,8.72,0.0,62,54064,卖盘
584,10:02:16,8.72,0.0,51,44472,卖盘
585,10:02:18,8.73,0.01,8,6984,买盘
586,10:02:21,8.72,-0.01,6,5232,卖盘
587,10:02:24,8.71,-0.01,120,104540,卖盘
588,10:02:27,8.71,0.0,9,7844,卖盘
589,10:02:30,8.71,0.0,6,5226,卖盘
590,10:02:33,8.72,0.01,36,31392,买盘
591,10:02:36,8.71,-0.01,221,192406,卖盘
592,10:02:39,8.7,-0.01,9,7836,卖盘
593,10:02:43,8.71,0.01,6,5226,买盘
594,10:02:45,8.7,-0.01,368,320178,卖盘
595,10:02:51,8.7,0.0,1,870,卖盘
596,10:02:54,8.71,0.01,2,1742,卖盘
597,10:02:58,8.71,0.0,7,6097,卖盘
598,10:03:06,8.72,0.01,52,45342,买盘
599,10:03:12,8.72,0.0,30,26160,买盘
600,10:03:15,8.71,-0.01,13,11323,卖盘
601,10:03:21,8.71,0.0,6,5228,卖盘
602,10:03:30,8.72,0.01,75,65400,买盘
603,10:03:36,8.71,-0.01,245,213651,卖盘
604,10:03:39,8.71,0.0,127,110617,卖盘
605,10:03:42,8.71,0.0,2,1742,买盘
606,10:03:48,8.71,0.0,6,5226,卖盘
607,10:04:04,8.72,0.01,27,23541,买盘
608,10:04:06,8.71,-0.01,10,8710,卖盘
609,10:04:09,8.7,-0.01,1,870,卖盘
610,10:04:12,8.7,0.0,1,870,卖盘
611,10:04:18,8.71,0.01,2,1742,买盘
612,10:04:21,8.72,0.01,85,74052,买盘
613,10:04:24,8.72,0.0,47,40982,买盘
614,10:04:30,8.7,-0.02,12,10440,卖盘
615,10:04:39,8.7,0.0,1,870,卖盘
616,10:04:42,8.71,0.01,53,46181,卖盘
617,10:04:45,8.72,0.01,5,4360,买盘
618,10:04:51,8.72,0.0,35,30520,买盘
619,10:04:54,8.71,-0.01,2,1742,卖盘
620,10:04:58,8.71,0.0,3,2613,卖盘
621,10:05:00,8.71,0.0,19,16549,卖盘
622,10:05:09,8.71,0.0,35,30485,卖盘
623,10:05:12,8.71,0.0,5,4359,卖盘
624,10:05:16,8.7,-0.01,172,149699,卖盘
625,10:05:18,8.7,0.0,197,171390,买盘
626,10:05:21,8.69,-0.01,21,18267,卖盘
627,10:05:24,8.7,0.01,12,10434,买盘
628,10:05:27,8.7,0.0,98,85237,买盘
629,10:05:31,8.7,0.0,192,167045,买盘
630,10:05:33,8.71,0.01,27,23501,买盘
631,10:05:36,8.71,0.0,44,38324,买盘
632,10:05:39,8.72,0.01,22,19167,买盘
633,10:05:46,8.72,0.0,172,149984,买盘
634,10:05:48,8.72,0.0,1,872,买盘
635,10:05:52,8.71,-0.01,54,47055,卖盘
636,10:05:54,8.72,0.01,2,1744,买盘
637,10:05:57,8.72,0.0,7,6453,买盘
638,10:06:04,8.73,0.01,13,11342,买盘
639,10:06:06,8.73,0.0,40,34910,买盘
640,10:06:09,8.72,-0.01,13,10987,卖盘
641,10:06:12,8.72,0.0,11,9941,买盘
642,10:06:15,8.73,0.01,13,11349,买盘
643,10:06:24,8.73,0.0,89,77697,买盘
644,10:06:27,8.72,-0.01,102,88944,卖盘
645,10:06:34,8.73,0.01,5,4365,买盘
646,10:06:36,8.72,-0.01,12,10464,卖盘
647,10:06:39,8.72,0.0,1,872,卖盘
648,10:06:45,8.73,0.01,32,27936,买盘
649,10:06:55,8.73,0.0,32,27936,买盘
650,10:06:57,8.72,-0.01,10,8720,卖盘
651,10:07:00,8.72,0.0,12,10464,卖盘
652,10:07:04,8.7,-0.02,250,217836,卖盘
653,10:07:12,8.72,0.02,4,3486,买盘
654,10:07:16,8.73,0.01,3,2616,买盘
655,10:07:19,8.72,-0.01,3,2616,卖盘
656,10:07:21,8.72,0.0,4,3488,卖盘
657,10:07:24,8.72,0.0,12,10464,卖盘
658,10:07:27,8.72,0.0,51,44472,卖盘
659,10:07:33,8.72,0.0,43,37496,卖盘
660,10:07:39,8.72,0.0,18,15696,卖盘
661,10:07:42,8.72,0.0,1,872,卖盘
662,10:07:48,8.72,0.0,160,139520,卖盘
663,10:07:51,8.72,0.0,14,12208,卖盘
664,10:07:55,8.72,0.0,13,11336,买盘
665,10:07:57,8.71,-0.01,31,27020,卖盘
666,10:08:04,8.72,0.01,5,4360,买盘
667,10:08:06,8.72,0.0,14,12205,卖盘
668,10:08:09,8.72,0.0,64,55808,卖盘
669,10:08:12,8.72,0.0,20,17444,中性盘
670,10:08:15,8.72,0.0,44,38368,买盘
671,10:08:18,8.71,-0.01,75,65399,卖盘
672,10:08:21,8.72,0.01,31,27032,买盘
673,10:08:24,8.71,-0.01,25,21775,卖盘
674,10:08:27,8.71,0.0,55,47894,卖盘
675,10:08:31,8.71,0.0,7,6097,卖盘
676,10:08:33,8.72,0.01,12,10458,买盘
677,10:08:36,8.71,-0.01,701,608407,卖盘
678,10:08:39,8.71,0.0,19,16547,买盘
679,10:08:42,8.71,0.0,67,58352,卖盘
680,10:08:46,8.7,-0.01,1,870,卖盘
681,10:08:48,8.7,0.0,1,870,卖盘
682,10:08:51,8.7,0.0,150,130500,卖盘
683,10:08:54,8.71,0.01,81,70127,买盘
684,10:09:00,8.71,0.0,30,26130,买盘
685,10:09:04,8.72,0.01,43,37436,买盘
686,10:09:09,8.68,-0.04,12,10416,卖盘
687,10:09:15,8.7,0.02,10,8694,中性盘
688,10:09:19,8.7,0.0,12,10440,买盘
689,10:09:27,8.67,-0.03,73,63385,卖盘
690,10:09:31,8.69,0.02,5,4345,卖盘
691,10:09:39,8.68,-0.01,74,64316,卖盘
692,10:09:45,8.67,-0.01,1,867,卖盘
693,10:09:51,8.67,0.0,61,52932,卖盘
694,10:09:57,8.7,0.03,25,21710,买盘
695,10:10:04,8.7,0.0,5,4341,买盘
696,10:10:06,8.69,-0.01,33,28678,买盘
697,10:10:12,8.69,0.0,1,869,卖盘
698,10:10:15,8.7,0.01,1,870,买盘
699,10:10:18,8.69,-0.01,10,8693,卖盘
700,10:10:21,8.69,0.0,6,5214,卖盘
701,10:10:25,8.69,0.0,18,15642,买盘
702,10:10:27,8.69,0.0,56,48663,买盘
703,10:10:39,8.68,-0.01,5,4340,卖盘
704,10:10:46,8.68,0.0,95,82461,卖盘
705,10:10:48,8.69,0.01,27,23463,买盘
706,10:10:54,8.68,-0.01,67,58138,买盘
707,10:10:57,8.69,0.01,30,26059,买盘
708,10:11:00,8.67,-0.02,207,179469,卖盘
709,10:11:04,8.67,0.0,14,12138,买盘
710,10:11:06,8.66,-0.01,5,4334,卖盘
711,10:11:09,8.67,0.01,395,342458,买盘
712,10:11:12,8.67,0.0,55,47686,买盘
713,10:11:15,8.67,0.0,7,6075,卖盘
714,10:11:21,8.69,0.02,6,5213,买盘
715,10:11:24,8.69,0.0,5,4345,买盘
716,10:11:27,8.68,-0.01,118,102538,卖盘
717,10:11:30,8.7,0.02,349,302895,买盘
718,10:11:33,8.7,0.0,23,20010,买盘
719,10:11:36,8.69,-0.01,35,30426,卖盘
720,10:11:39,8.7,0.01,184,160080,买盘
721,10:11:42,8.7,0.0,3,2610,买盘
722,10:11:45,8.71,0.01,10,8710,买盘
723,10:11:49,8.71,0.0,11,9576,买盘
724,10:11:51,8.71,0.0,45,39195,买盘
725,10:11:54,8.71,0.0,166,144586,买盘
726,10:11:57,8.71,0.0,10,8715,卖盘
727,10:12:00,8.72,0.01,37,32264,买盘
728,10:12:04,8.71,-0.01,45,39214,卖盘
729,10:12:06,8.71,0.0,10,8710,卖盘
730,10:12:12,8.72,0.01,102,88936,买盘
731,10:12:15,8.72,0.0,12,10464,买盘
732,10:12:18,8.72,0.0,29,25288,买盘
733,10:12:21,8.72,0.0,35,30520,买盘
734,10:12:24,8.71,-0.01,3,2613,卖盘
735,10:12:27,8.71,0.0,1,871,卖盘
736,10:12:33,8.72,0.01,5,4360,买盘
737,10:12:36,8.71,-0.01,125,108884,卖盘
738,10:12:45,8.71,0.0,152,132392,卖盘
739,10:12:51,8.71,0.0,24,20904,买盘
740,10:12:54,8.7,-0.01,1,870,卖盘
741,10:12:57,8.71,0.01,4,3484,买盘
742,10:13:04,8.71,0.0,36,31356,买盘
743,10:13:10,8.7,-0.01,9,7830,卖盘
744,10:13:13,8.7,0.0,1,870,卖盘
745,10:13:15,8.71,0.01,16,13936,买盘
746,10:13:18,8.71,0.0,12,10448,买盘
747,10:13:22,8.71,0.0,6,5230,卖盘
748,10:13:27,8.71,0.0,19,16549,卖盘
749,10:13:30,8.7,-0.01,107,93158,卖盘
750,10:13:33,8.7,0.0,44,38280,买盘
751,10:13:36,8.71,0.01,5,4352,买盘
752,10:13:40,8.69,-0.02,102,88701,卖盘
753,10:13:42,8.7,0.01,21,18270,中性盘
754,10:13:45,8.7,0.0,34,29580,买盘
755,10:13:57,8.71,0.01,30,26104,买盘
756,10:14:00,8.71,0.0,17,14807,买盘
757,10:14:04,8.71,0.0,14,12193,买盘
758,10:14:06,8.71,0.0,5,4355,卖盘
759,10:14:12,8.7,-0.01,1,870,卖盘
760,10:14:15,8.69,-0.01,70,60875,卖盘
761,10:14:22,8.7,0.01,50,43500,买盘
762,10:14:27,8.69,-0.01,1,869,卖盘
763,10:14:34,8.69,0.0,2,1738,卖盘
764,10:14:37,8.69,0.0,3,2607,卖盘
765,10:14:39,8.69,0.0,9,7821,卖盘
766,10:14:48,8.69,0.0,2,1738,卖盘
767,10:14:54,8.7,0.01,12,10440,买盘
768,10:14:57,8.7,0.0,2,1740,买盘
769,10:15:04,8.7,0.0,17,14787,买盘
770,10:15:07,8.69,-0.01,116,100843,卖盘
771,10:15:09,8.7,0.01,7,6086,买盘
772,10:15:13,8.7,0.0,1,870,卖盘
773,10:15:15,8.7,0.0,51,44370,卖盘
774,10:15:18,8.7,0.0,10,8700,卖盘
775,10:15:21,8.71,0.01,35,30462,买盘
776,10:15:28,8.7,-0.01,57,49590,卖盘
777,10:15:30,8.71,0.01,29,25249,买盘
778,10:15:33,8.69,-0.02,135,117415,卖盘
779,10:15:36,8.68,-0.01,114,99033,卖盘
780,10:15:45,8.71,0.03,17,14793,买盘
781,10:15:48,8.71,0.0,24,20904,买盘
782,10:15:51,8.71,0.0,2,1742,买盘
783,10:15:54,8.71,0.0,2,1742,卖盘
784,10:15:57,8.71,0.0,11,9581,卖盘
785,10:16:06,8.71,0.0,10,8710,卖盘
786,10:16:09,8.71,0.0,3,2615,卖盘
787,10:16:12,8.72,0.01,16,13952,买盘
788,10:16:15,8.71,-0.01,6,5226,卖盘
789,10:16:18,8.7,-0.01,35,30483,卖盘
790,10:16:27,8.71,0.01,7,6097,买盘
791,10:16:30,8.7,-0.01,92,80066,卖盘
792,10:16:34,8.71,0.01,6,5231,中性盘
793,10:16:39,8.72,0.01,22,19184,买盘
794,10:16:42,8.7,-0.02,45,39187,卖盘
795,10:16:46,8.71,0.01,13,11328,买盘
796,10:16:48,8.71,0.0,4,3484,卖盘
797,10:16:51,8.72,0.01,4,3488,买盘
798,10:16:54,8.71,-0.01,10,8710,卖盘
799,10:16:57,8.71,0.0,9,7847,卖盘
800,10:17:00,8.72,0.01,4,3488,买盘
801,10:17:04,8.71,-0.01,3,2615,卖盘
802,10:17:09,8.71,0.0,6,5226,卖盘
803,10:17:12,8.71,0.0,3,2613,卖盘
804,10:17:15,8.71,0.0,24,20926,卖盘
805,10:17:19,8.72,0.01,49,42728,买盘
806,10:17:21,8.72,0.0,8,6975,买盘
807,10:17:24,8.71,-0.01,6,5231,卖盘
808,10:17:27,8.71,0.0,1,871,卖盘
809,10:17:31,8.71,0.0,28,24402,卖盘
810,10:17:33,8.71,0.0,2,1742,卖盘
811,10:17:36,8.71,0.0,24,20925,卖盘
812,10:17:39,8.71,0.0,3,2613,卖盘
813,10:17:42,8.72,0.01,35,30497,买盘
814,10:17:45,8.71,-0.01,50,43550,卖盘
815,10:17:48,8.71,0.0,28,24407,卖盘
816,10:17:52,8.71,0.0,6,5226,卖盘
817,10:17:54,8.71,0.0,9,7839,卖盘
818,10:17:57,8.71,0.0,30,26134,卖盘
819,10:18:00,8.71,0.0,6,5226,卖盘
820,10:18:04,8.71,0.0,19,16549,卖盘
821,10:18:06,8.71,0.0,14,12196,卖盘
822,10:18:09,8.71,0.0,40,34865,卖盘
823,10:18:12,8.71,0.0,16,13948,卖盘
824,10:18:15,8.72,0.01,35,30519,买盘
825,10:18:18,8.72,0.0,15,13077,买盘
826,10:18:21,8.71,-0.01,10,8710,卖盘
827,10:18:24,8.71,0.0,76,66196,卖盘
828,10:18:27,8.71,0.0,14,12199,卖盘
829,10:18:31,8.71,0.0,26,22662,卖盘
830,10:18:33,8.71,0.0,1,871,卖盘
831,10:18:36,8.7,-0.01,120,104460,卖盘
832,10:18:39,8.72,0.02,17,14820,买盘
833,10:18:48,8.72,0.0,12,10463,买盘
834,10:18:51,8.7,-0.02,45,39152,卖盘
835,10:18:54,8.72,0.02,32,27904,买盘
836,10:18:57,8.71,-0.01,8,6972,卖盘
837,10:19:00,8.72,0.01,7,6102,买盘
838,10:19:04,8.72,0.0,4,3487,买盘
839,10:19:06,8.72,0.0,12,10464,买盘
840,10:19:09,8.71,-0.01,39,33969,卖盘
841,10:19:12,8.71,0.0,7,6097,卖盘
842,10:19:15,8.72,0.01,24,20926,买盘
843,10:19:18,8.71,-0.01,3,2613,卖盘
844,10:19:21,8.71,0.0,3,2613,卖盘
845,10:19:24,8.71,0.0,18,15694,卖盘
846,10:19:28,8.72,0.01,17,14818,买盘
847,10:19:30,8.69,-0.03,45,39119,卖盘
848,10:19:34,8.69,0.0,1,869,卖盘
849,10:19:36,8.72,0.03,12,10464,买盘
850,10:19:39,8.72,0.0,5,4360,买盘
851,10:19:42,8.72,0.0,5,4358,买盘
852,10:19:45,8.71,-0.01,3,2613,卖盘
853,10:19:49,8.71,0.0,3,2613,卖盘
854,10:19:52,8.71,0.0,3,2613,卖盘
855,10:19:54,8.71,0.0,29,25273,卖盘
856,10:19:57,8.71,0.0,167,145454,买盘
857,10:20:00,8.71,0.0,14,12192,买盘
858,10:20:03,8.71,0.0,10,8710,买盘
859,10:20:06,8.71,0.0,5,4355,买盘
860,10:20:09,8.7,-0.01,2,1741,卖盘
861,10:20:13,8.7,0.0,21,18271,卖盘
862,10:20:16,8.71,0.01,29,25258,买盘
863,10:20:21,8.69,-0.02,62,53932,卖盘
864,10:20:24,8.71,0.02,12,10452,买盘
865,10:20:27,8.7,-0.01,23,20022,卖盘
866,10:20:30,8.71,0.01,19,16549,买盘
867,10:20:33,8.7,-0.01,1,870,卖盘
868,10:20:36,8.71,0.01,17,14806,买盘
869,10:20:39,8.71,0.0,1,871,买盘
870,10:20:42,8.71,0.0,17,14807,买盘
871,10:20:45,8.71,0.0,95,82745,买盘
872,10:20:48,8.72,0.01,21,18310,买盘
873,10:20:51,8.72,0.0,35,30520,买盘
874,10:20:54,8.72,0.0,40,34880,买盘
875,10:20:57,8.72,0.0,9,7848,买盘
876,10:21:00,8.72,0.0,32,27903,买盘
877,10:21:04,8.71,-0.01,12,10459,卖盘
878,10:21:06,8.72,0.01,1,872,买盘
879,10:21:10,8.71,-0.01,2,1743,卖盘
880,10:21:13,8.72,0.01,1,872,买盘
881,10:21:15,8.72,0.0,9,7847,买盘
882,10:21:21,8.72,0.0,12,10464,买盘
883,10:21:24,8.71,-0.01,3,2615,卖盘
884,10:21:27,8.72,0.01,1,872,买盘
885,10:21:30,8.72,0.0,12,10464,买盘
886,10:21:36,8.71,-0.01,13,11323,卖盘
887,10:21:42,8.72,0.01,4,3488,买盘
888,10:21:45,8.72,0.0,2,1744,买盘
889,10:21:51,8.71,-0.01,13,11335,卖盘
890,10:21:54,8.72,0.01,12,10464,买盘
891,10:21:57,8.71,-0.01,13,11323,卖盘
892,10:22:01,8.71,0.0,3,2613,卖盘
893,10:22:03,8.72,0.01,2,1744,买盘
894,10:22:09,8.71,-0.01,1,871,卖盘
895,10:22:18,8.72,0.01,27,23538,买盘
896,10:22:21,8.71,-0.01,28,24388,卖盘
897,10:22:24,8.72,0.01,31,27018,买盘
898,10:22:27,8.71,-0.01,10,8710,卖盘
899,10:22:30,8.71,0.0,34,29614,卖盘
900,10:22:33,8.71,0.0,17,14807,卖盘
901,10:22:37,8.69,-0.02,160,139221,卖盘
902,10:22:39,8.69,0.0,2,1738,卖盘
903,10:22:45,8.69,0.0,66,57484,卖盘
904,10:22:51,8.7,0.01,15,13051,卖盘
905,10:22:55,8.69,-0.01,8,6957,卖盘
906,10:22:57,8.7,0.01,2,1740,卖盘
907,10:23:00,8.71,0.01,61,53113,买盘
908,10:23:04,8.7,-0.01,45,39191,卖盘
909,10:23:06,8.71,0.01,7,6097,买盘
910,10:23:09,8.71,0.0,36,31356,卖盘
911,10:23:13,8.7,-0.01,18,15673,卖盘
912,10:23:15,8.7,0.0,13,11310,卖盘
913,10:23:18,8.7,0.0,80,69698,卖盘
914,10:23:21,8.71,0.01,12,10452,买盘
915,10:23:24,8.7,-0.01,3,2610,卖盘
916,10:23:27,8.7,0.0,3,2610,卖盘
917,10:23:30,8.71,0.01,11,9578,中性盘
918,10:23:33,8.7,-0.01,16,13920,卖盘
919,10:23:36,8.7,0.0,19,16530,卖盘
920,10:23:39,8.69,-0.01,30,26090,卖盘
921,10:23:43,8.69,0.0,21,18249,卖盘
922,10:23:45,8.69,0.0,10,8690,卖盘
923,10:23:48,8.7,0.01,25,21737,买盘
924,10:23:51,8.69,-0.01,70,60893,卖盘
925,10:23:57,8.72,0.03,5,4360,买盘
926,10:24:01,8.69,-0.03,3,2607,卖盘
927,10:24:04,8.69,0.0,3,2607,卖盘
928,10:24:06,8.69,0.0,3,2607,卖盘
929,10:24:09,8.71,0.02,10,8700,买盘
930,10:24:13,8.69,-0.02,9,7824,卖盘
931,10:24:15,8.69,0.0,12,10428,卖盘
932,10:24:18,8.69,0.0,12,10428,卖盘
933,10:24:21,8.69,0.0,14,12166,卖盘
934,10:24:24,8.69,0.0,13,11297,卖盘
935,10:24:27,8.69,0.0,8,6952,卖盘
936,10:24:30,8.69,0.0,35,30415,卖盘
937,10:24:33,8.69,0.0,2,1738,卖盘
938,10:24:36,8.69,0.0,55,47782,买盘
939,10:24:39,8.68,-0.01,45,39097,卖盘
940,10:24:51,8.69,0.01,1,869,买盘
941,10:25:01,8.69,0.0,9,7821,买盘
942,10:25:06,8.69,0.0,71,61699,买盘
943,10:25:09,8.69,0.0,54,46925,买盘
944,10:25:15,8.68,-0.01,13,11296,卖盘
945,10:25:18,8.69,0.01,18,15642,买盘
946,10:25:24,8.69,0.0,4,3476,买盘
947,10:25:27,8.69,0.0,15,13035,买盘
948,10:25:30,8.68,-0.01,3,2604,卖盘
949,10:25:33,8.69,0.01,10,8690,买盘
950,10:25:37,8.69,0.0,2,1738,买盘
951,10:25:39,8.69,0.0,32,27805,买盘
952,10:25:42,8.69,0.0,66,57354,买盘
953,10:25:46,8.7,0.01,5,4350,买盘
954,10:25:51,8.7,0.0,19,16529,买盘
955,10:25:54,8.7,0.0,2,1740,买盘
956,10:25:57,8.7,0.0,5,4350,买盘
957,10:26:01,8.7,0.0,57,49590,买盘
958,10:26:04,8.7,0.0,8,6960,买盘
959,10:26:06,8.7,0.0,30,26100,买盘
960,10:26:09,8.7,0.0,13,11334,卖盘
961,10:26:15,8.71,0.01,3,2613,卖盘
962,10:26:18,8.71,0.0,29,25259,卖盘
963,10:26:21,8.71,0.0,75,65325,卖盘
964,10:26:24,8.71,0.0,16,13928,买盘
965,10:26:27,8.7,-0.01,15,13053,卖盘
966,10:26:31,8.7,0.0,43,37410,卖盘
967,10:26:34,8.7,0.0,10,8700,卖盘
968,10:26:36,8.69,-0.01,28,24364,卖盘
969,10:26:39,8.7,0.01,11,9566,买盘
970,10:26:42,8.7,0.0,10,8700,卖盘
971,10:26:46,8.71,0.01,8,6966,买盘
972,10:26:48,8.7,-0.01,23,20010,卖盘
973,10:26:51,8.7,0.0,25,21749,卖盘
974,10:26:54,8.7,0.0,48,41795,卖盘
975,10:26:57,8.7,0.0,2,1740,卖盘
976,10:27:00,8.71,0.01,22,19160,买盘
977,10:27:04,8.7,-0.01,19,16540,卖盘
978,10:27:06,8.7,0.0,21,18270,卖盘
979,10:27:09,8.7,0.0,23,20019,卖盘
980,10:27:12,8.69,-0.01,193,167756,卖盘
981,10:27:15,8.69,0.0,11,9559,买盘
982,10:27:18,8.7,0.01,55,47801,买盘
983,10:27:24,8.71,0.01,9,7827,买盘
984,10:27:27,8.7,-0.01,22,19140,中性盘
985,10:27:30,8.7,0.0,24,20880,买盘
986,10:27:33,8.7,0.0,3,2610,卖盘
987,10:27:36,8.7,0.0,15,13050,卖盘
988,10:27:39,8.7,0.0,7,6090,卖盘
989,10:27:42,8.71,0.01,34,29587,买盘
990,10:27:45,8.71,0.0,5,4355,买盘
991,10:27:48,8.7,-0.01,5,4350,卖盘
992,10:27:52,8.7,0.0,7,6090,卖盘
993,10:27:55,8.7,0.0,11,9570,卖盘
994,10:27:57,8.7,0.0,53,46116,卖盘
995,10:28:00,8.7,0.0,9,7830,卖盘
996,10:28:03,8.7,0.0,6,5220,卖盘
997,10:28:06,8.7,0.0,5,4350,卖盘
998,10:28:09,8.71,0.01,11,9575,买盘
999,10:28:12,8.69,-0.02,4,3476,卖盘
1000,10:28:15,8.69,0.0,186,161619,卖盘
1001,10:28:18,8.7,0.01,87,75584,买盘
1002,10:28:21,8.67,-0.03,160,138927,卖盘
1003,10:28:24,8.7,0.03,17,14790,买盘
1004,10:28:28,8.7,0.0,5,4350,买盘
1005,10:28:30,8.67,-0.03,1,867,卖盘
1006,10:28:36,8.7,0.03,6,5220,买盘
1007,10:28:39,8.68,-0.02,1,868,卖盘
1008,10:28:42,8.67,-0.01,3,2602,卖盘
1009,10:28:45,8.67,0.0,1,867,卖盘
1010,10:28:52,8.68,0.01,1,868,卖盘
1011,10:28:57,8.69,0.01,2,1738,买盘
1012,10:29:00,8.69,0.0,6,5214,卖盘
1013,10:29:04,8.69,0.0,13,11303,卖盘
1014,10:29:06,8.69,0.0,23,20005,卖盘
1015,10:29:10,8.7,0.01,6,5219,买盘
1016,10:29:18,8.69,-0.01,35,30449,中性盘
1017,10:29:21,8.69,0.0,2,1738,卖盘
1018,10:29:24,8.69,0.0,7,6083,卖盘
1019,10:29:27,8.7,0.01,37,32168,买盘
1020,10:29:33,8.68,-0.02,5,4340,卖盘
1021,10:29:37,8.68,0.0,7,6085,卖盘
1022,10:29:40,8.7,0.02,42,36530,买盘
1023,10:29:42,8.68,-0.02,1,868,卖盘
1024,10:29:45,8.68,0.0,6,5218,卖盘
1025,10:29:48,8.68,0.0,21,18228,卖盘
1026,10:29:51,8.68,0.0,97,84195,买盘
1027,10:29:54,8.68,0.0,11,9538,买盘
1028,10:30:06,8.67,-0.01,28,24299,卖盘
1029,10:30:09,8.69,0.02,7,6081,买盘
1030,10:30:12,8.67,-0.02,3,2601,卖盘
1031,10:30:15,8.67,0.0,1,867,卖盘
1032,10:30:27,8.69,0.02,16,13876,买盘
1033,10:30:33,8.67,-0.02,12,10404,卖盘
1034,10:30:42,8.67,0.0,18,15621,卖盘
1035,10:30:45,8.67,0.0,70,60690,卖盘
1036,10:30:48,8.69,0.02,110,95590,卖盘
1037,10:30:51,8.69,0.0,51,44319,卖盘
1038,10:30:54,8.67,-0.02,14,12138,卖盘
1039,10:30:57,8.67,0.0,5,4335,卖盘
1040,10:31:01,8.67,0.0,6,5202,卖盘
1041,10:31:04,8.68,0.01,54,46826,中性盘
1042,10:31:07,8.67,-0.01,181,156967,卖盘
1043,10:31:09,8.67,0.0,9,7803,卖盘
1044,10:31:12,8.67,0.0,54,46863,卖盘
1045,10:31:15,8.66,-0.01,195,169023,卖盘
1046,10:31:18,8.66,0.0,10,8660,卖盘
1047,10:31:21,8.66,0.0,3,2598,卖盘
1048,10:31:24,8.66,0.0,30,25980,卖盘
1049,10:31:27,8.66,0.0,11,9526,卖盘
1050,10:31:36,8.66,0.0,99,85734,卖盘
1051,10:31:40,8.66,0.0,13,11268,卖盘
1052,10:31:43,8.68,0.02,29,25172,买盘
1053,10:31:45,8.66,-0.02,21,18186,卖盘
1054,10:31:48,8.66,0.0,51,44218,卖盘
1055,10:31:51,8.66,0.0,14,12124,卖盘
1056,10:32:00,8.66,0.0,10,8660,卖盘
1057,10:32:09,8.66,0.0,11,9526,卖盘
1058,10:32:12,8.66,0.0,37,32064,卖盘
1059,10:32:18,8.68,0.02,5,4339,买盘
1060,10:32:21,8.66,-0.02,7,6062,卖盘
1061,10:32:24,8.67,0.01,9,7803,中性盘
1062,10:32:33,8.67,0.0,2,1733,买盘
1063,10:32:36,8.67,0.0,1,867,卖盘
1064,10:32:39,8.67,0.0,3,2601,卖盘
1065,10:32:42,8.67,0.0,3,2601,卖盘
1066,10:32:45,8.68,0.01,7,6072,买盘
1067,10:32:48,8.68,0.0,8,6942,买盘
1068,10:32:51,8.66,-0.02,44,38147,卖盘
1069,10:32:57,8.67,0.01,98,84966,买盘
1070,10:33:01,8.66,-0.01,301,260666,卖盘
1071,10:33:04,8.66,0.0,21,18186,卖盘
1072,10:33:06,8.67,0.01,5,4335,买盘
1073,10:33:12,8.67,0.0,18,15606,买盘
1074,10:33:15,8.67,0.0,148,128316,买盘
1075,10:33:25,8.66,-0.01,135,117040,卖盘
1076,10:33:36,8.67,0.01,1,867,卖盘
1077,10:33:39,8.68,0.01,5,4337,买盘
1078,10:33:42,8.68,0.0,5,4340,买盘
1079,10:33:46,8.68,0.0,345,299460,买盘
1080,10:33:51,8.68,0.0,1,868,卖盘
1081,10:33:54,8.68,0.0,3,2604,卖盘
1082,10:34:01,8.68,0.0,1,868,卖盘
1083,10:34:04,8.68,0.0,49,42560,卖盘
1084,10:34:10,8.68,0.0,35,30380,卖盘
1085,10:34:12,8.68,0.0,4,3472,卖盘
1086,10:34:18,8.68,0.0,3,2604,卖盘
1087,10:34:21,8.68,0.0,7,6076,卖盘
1088,10:34:24,8.68,0.0,4,3472,卖盘
1089,10:34:28,8.68,0.0,3,2604,卖盘
1090,10:34:30,8.69,0.01,154,133681,买盘
1091,10:34:33,8.68,-0.01,7,6076,卖盘
1092,10:34:36,8.69,0.01,10,8688,买盘
1093,10:34:39,8.69,0.0,19,16511,买盘
1094,10:34:42,8.68,-0.01,112,97216,卖盘
1095,10:34:45,8.68,0.0,46,39928,买盘
1096,10:34:48,8.67,-0.01,26,22542,卖盘
1097,10:34:51,8.67,0.0,11,9543,卖盘
1098,10:34:54,8.68,0.01,20,17359,买盘
1099,10:34:57,8.67,-0.01,222,192493,卖盘
1100,10:35:01,8.68,0.01,7,6074,买盘
1101,10:35:04,8.68,0.0,28,24304,买盘
1102,10:35:06,8.68,0.0,309,268212,买盘
1103,10:35:09,8.68,0.0,2,1736,中性盘
1104,10:35:12,8.68,0.0,1,868,卖盘
1105,10:35:15,8.69,0.01,4,3476,买盘
1106,10:35:27,8.69,0.0,120,104210,买盘
1107,10:35:30,8.69,0.0,75,65175,买盘
1108,10:35:33,8.69,0.0,4,3476,买盘
1109,10:35:36,8.7,0.01,58,50413,买盘
1110,10:35:39,8.7,0.0,22,19140,买盘
1111,10:35:42,8.7,0.0,84,73080,买盘
1112,10:35:48,8.7,0.0,111,96570,买盘
1113,10:35:51,8.71,0.01,69,60035,买盘
1114,10:35:54,8.7,-0.01,1,870,卖盘
1115,10:35:57,8.71,0.01,10,8710,买盘
1116,10:36:00,8.71,0.0,23,20033,买盘
1117,10:36:04,8.71,0.0,64,55741,买盘
1118,10:36:06,8.71,0.0,172,149812,买盘
1119,10:36:10,8.7,-0.01,112,97525,卖盘
1120,10:36:19,8.7,0.0,26,22620,卖盘
1121,10:36:24,8.7,0.0,2,1740,卖盘
1122,10:36:27,8.71,0.01,5,4355,买盘
1123,10:36:30,8.71,0.0,206,179226,买盘
1124,10:36:33,8.71,0.0,6,5224,买盘
1125,10:36:39,8.69,-0.02,8,6960,卖盘
1126,10:36:49,8.71,0.02,40,34810,买盘
1127,10:36:55,8.7,-0.01,11,9576,卖盘
1128,10:36:58,8.7,0.0,21,18270,买盘
1129,10:37:04,8.7,0.0,12,10440,卖盘
1130,10:37:06,8.7,0.0,8,6960,买盘
1131,10:37:09,8.71,0.01,95,82685,买盘
1132,10:37:16,8.71,0.0,5,4355,买盘
1133,10:37:18,8.71,0.0,10,8710,买盘
1134,10:37:21,8.71,0.0,5,4355,买盘
1135,10:37:24,8.71,0.0,8,6968,买盘
1136,10:37:27,8.69,-0.02,4,3482,卖盘
1137,10:37:34,8.71,0.02,28,24383,买盘
1138,10:37:36,8.7,-0.01,3,2610,卖盘
1139,10:37:48,8.71,0.01,5,4355,买盘
1140,10:37:51,8.71,0.0,34,29614,买盘
1141,10:37:54,8.71,0.0,13,11321,买盘
1142,10:38:04,8.7,-0.01,2,1740,卖盘
1143,10:38:06,8.71,0.01,22,19160,买盘
1144,10:38:12,8.7,-0.01,7,6090,卖盘
1145,10:38:15,8.7,0.0,2,1740,卖盘
1146,10:38:18,8.71,0.01,92,80070,买盘
1147,10:38:21,8.69,-0.02,164,142562,卖盘
1148,10:38:27,8.69,0.0,7,6083,卖盘
1149,10:38:33,8.7,0.01,3,2610,买盘
1150,10:38:36,8.69,-0.01,139,120791,卖盘
1151,10:38:39,8.7,0.01,25,21748,买盘
1152,10:38:42,8.69,-0.01,4,3476,卖盘
1153,10:38:45,8.69,0.0,11,9559,卖盘
1154,10:38:48,8.69,0.0,7,6083,卖盘
1155,10:38:51,8.69,0.0,8,6952,卖盘
1156,10:38:54,8.69,0.0,49,42611,卖盘
1157,10:38:57,8.7,0.01,5,4349,买盘
1158,10:39:00,8.7,0.0,14,12174,买盘
1159,10:39:04,8.69,-0.01,5,4345,卖盘
1160,10:39:06,8.7,0.01,12,10440,买盘
1161,10:39:09,8.7,0.0,21,18270,买盘
1162,10:39:12,8.7,0.0,5,4350,买盘
1163,10:39:16,8.7,0.0,52,45240,买盘
1164,10:39:19,8.7,0.0,35,30421,买盘
1165,10:39:21,8.7,0.0,3,2610,卖盘
1166,10:39:24,8.7,0.0,5,4350,卖盘
1167,10:39:27,8.7,0.0,2,1740,卖盘
1168,10:39:31,8.71,0.01,12,10450,买盘
1169,10:39:33,8.7,-0.01,51,44370,卖盘
1170,10:39:36,8.69,-0.01,9,7831,卖盘
1171,10:39:39,8.7,0.01,6,5220,中性盘
1172,10:39:42,8.69,-0.01,11,9561,卖盘
1173,10:39:45,8.69,0.0,2,1738,卖盘
1174,10:39:48,8.69,0.0,12,10428,卖盘
1175,10:39:51,8.7,0.01,22,19138,买盘
1176,10:39:55,8.7,0.0,203,176610,卖盘
1177,10:39:57,8.7,0.0,189,164431,卖盘
1178,10:40:00,8.69,-0.01,101,87869,卖盘
1179,10:40:03,8.69,0.0,55,47807,卖盘
1180,10:40:06,8.69,0.0,29,25217,卖盘
1181,10:40:09,8.71,0.02,41,35681,买盘
1182,10:40:13,8.69,-0.02,10,8690,卖盘
1183,10:40:15,8.69,0.0,7,6083,卖盘
1184,10:40:18,8.71,0.02,73,63517,买盘
1185,10:40:21,8.71,0.0,13,11312,买盘
1186,10:40:24,8.7,-0.01,4,3480,卖盘
1187,10:40:27,8.7,0.0,4,3479,卖盘
1188,10:40:30,8.7,0.0,17,14792,卖盘
1189,10:40:33,8.7,0.0,25,21750,卖盘
1190,10:40:36,8.71,0.01,19,16535,买盘
1191,10:40:39,8.71,0.0,35,30455,买盘
1192,10:40:45,8.7,-0.01,4,3480,买盘
1193,10:40:48,8.7,0.0,13,11321,卖盘
1194,10:40:51,8.69,-0.01,129,112112,卖盘
1195,10:40:54,8.69,0.0,1,869,卖盘
1196,10:40:57,8.7,0.01,1,870,买盘
1197,10:41:01,8.69,-0.01,34,29546,卖盘
1198,10:41:03,8.69,0.0,4,3476,卖盘
1199,10:41:06,8.69,0.0,2,1738,卖盘
1200,10:41:09,8.69,0.0,9,7827,卖盘
1201,10:41:12,8.7,0.01,105,91247,买盘
1202,10:41:15,8.7,0.0,9,7835,买盘
1203,10:41:18,8.69,-0.01,44,38240,卖盘
1204,10:41:21,8.69,0.0,1,869,卖盘
1205,10:41:24,8.69,0.0,4,3476,卖盘
1206,10:41:27,8.69,0.0,31,26939,卖盘
1207,10:41:31,8.69,0.0,143,124314,卖盘
1208,10:41:33,8.7,0.01,16,13907,买盘
1209,10:41:36,8.7,0.0,42,36532,买盘
1210,10:41:39,8.69,-0.01,88,76472,卖盘
1211,10:41:42,8.69,0.0,100,86868,买盘
1212,10:41:54,8.69,0.0,382,331925,买盘
1213,10:41:57,8.69,0.0,54,46926,中性盘
1214,10:42:06,8.7,0.01,6,5220,买盘
1215,10:42:15,8.7,0.0,5,4350,买盘
1216,10:42:21,8.7,0.0,37,32190,买盘
1217,10:42:24,8.7,0.0,42,36540,卖盘
1218,10:42:27,8.7,0.0,17,14790,卖盘
1219,10:42:30,8.7,0.0,13,11310,卖盘
1220,10:42:33,8.7,0.0,22,19140,卖盘
1221,10:42:37,8.7,0.0,32,27845,卖盘
1222,10:42:39,8.7,0.0,15,13050,卖盘
1223,10:42:42,8.7,0.0,10,8700,卖盘
1224,10:42:45,8.71,0.01,20,17406,买盘
1225,10:42:48,8.7,-0.01,41,35670,卖盘
1226,10:42:51,8.7,0.0,20,17400,卖盘
1227,10:42:54,8.7,0.0,14,12180,卖盘
1228,10:42:58,8.69,-0.01,60,52179,卖盘
1229,10:43:00,8.7,0.01,29,25230,买盘
1230,10:43:04,8.71,0.01,6,5225,买盘
1231,10:43:15,8.69,-0.02,41,35641,卖盘
1232,10:43:18,8.69,0.0,18,15642,卖盘
1233,10:43:21,8.69,0.0,17,14778,卖盘
1234,10:43:24,8.69,0.0,35,30424,卖盘
1235,10:43:27,8.69,0.0,40,34780,卖盘
1236,10:43:30,8.7,0.01,22,19132,买盘
1237,10:43:33,8.69,-0.01,17,14784,卖盘
1238,10:43:36,8.7,0.01,52,45236,买盘
1239,10:43:39,8.7,0.0,32,27835,买盘
1240,10:43:42,8.69,-0.01,38,33036,卖盘
1241,10:43:52,8.7,0.01,8,6960,卖盘
1242,10:43:54,8.71,0.01,28,24372,买盘
1243,10:43:57,8.7,-0.01,6,5220,卖盘
1244,10:44:00,8.7,0.0,21,18270,卖盘
1245,10:44:04,8.7,0.0,6,5220,卖盘
1246,10:44:06,8.7,0.0,30,26100,卖盘
1247,10:44:09,8.7,0.0,14,12176,买盘
1248,10:44:12,8.7,0.0,6,5220,买盘
1249,10:44:15,8.69,-0.01,69,59988,卖盘
1250,10:44:18,8.69,0.0,58,50456,卖盘
1251,10:44:21,8.69,0.0,24,20856,卖盘
1252,10:44:24,8.7,0.01,23,19993,买盘
1253,10:44:27,8.69,-0.01,15,13035,卖盘
1254,10:44:31,8.69,0.0,85,73870,卖盘
1255,10:44:33,8.69,0.0,81,70382,买盘
1256,10:44:37,8.68,-0.01,137,118999,卖盘
1257,10:44:39,8.7,0.02,1,870,买盘
1258,10:44:42,8.7,0.0,5,4350,卖盘
1259,10:44:45,8.7,0.0,3,2607,买盘
1260,10:44:48,8.7,0.0,3,2610,卖盘
1261,10:44:51,8.69,-0.01,48,41713,卖盘
1262,10:44:54,8.69,0.0,74,64315,卖盘
1263,10:44:57,8.71,0.02,5,4351,买盘
1264,10:45:00,8.69,-0.02,5,4345,卖盘
1265,10:45:03,8.69,0.0,3,2607,卖盘
1266,10:45:06,8.69,0.0,2,1738,卖盘
1267,10:45:09,8.69,0.0,2,1738,卖盘
1268,10:45:12,8.69,0.0,44,38236,卖盘
1269,10:45:16,8.69,0.0,44,38236,卖盘
1270,10:45:18,8.69,0.0,27,23463,卖盘
1271,10:45:21,8.68,-0.01,183,158850,卖盘
1272,10:45:24,8.68,0.0,273,237012,卖盘
1273,10:45:27,8.68,0.0,74,64233,卖盘
1274,10:45:30,8.68,0.0,73,63365,卖盘
1275,10:45:33,8.68,0.0,109,94692,卖盘
1276,10:45:36,8.68,0.0,44,38192,卖盘
1277,10:45:39,8.68,0.0,35,30380,卖盘
1278,10:45:42,8.68,0.0,65,56420,卖盘
1279,10:45:45,8.68,0.0,32,27776,卖盘
1280,10:45:48,8.67,-0.01,33,28624,卖盘
1281,10:45:52,8.67,0.0,11,9547,卖盘
1282,10:45:54,8.67,0.0,22,19090,卖盘
1283,10:45:57,8.67,0.0,10,8670,卖盘
1284,10:46:00,8.67,0.0,10,8670,卖盘
1285,10:46:04,8.67,0.0,41,35607,卖盘
1286,10:46:06,8.67,0.0,103,89338,卖盘
1287,10:46:09,8.69,0.02,4,3472,买盘
1288,10:46:12,8.67,-0.02,4,3468,卖盘
1289,10:46:16,8.67,0.0,5,4335,卖盘
1290,10:46:18,8.67,0.0,4,3468,卖盘
1291,10:46:21,8.67,0.0,26,22542,卖盘
1292,10:46:27,8.67,0.0,21,18207,卖盘
1293,10:46:30,8.68,0.01,33,28638,买盘
1294,10:46:36,8.67,-0.01,2,1734,卖盘
1295,10:46:39,8.67,0.0,88,76296,卖盘
1296,10:46:42,8.67,0.0,88,76277,买盘
1297,10:46:46,8.67,0.0,20,17340,买盘
1298,10:46:51,8.67,0.0,2,1734,买盘
1299,10:46:54,8.67,0.0,18,15606,买盘
1300,10:46:57,8.67,0.0,7,6068,买盘
1301,10:47:03,8.66,-0.01,3,2598,卖盘
1302,10:47:06,8.67,0.01,5,4335,买盘
1303,10:47:12,8.67,0.0,10,8670,买盘
1304,10:47:15,8.66,-0.01,80,69286,卖盘
1305,10:47:18,8.66,0.0,1,866,卖盘
1306,10:47:21,8.67,0.01,16,13872,买盘
1307,10:47:24,8.67,0.0,274,237558,买盘
1308,10:47:27,8.67,0.0,549,475983,买盘
1309,10:47:30,8.68,0.01,2,1736,买盘
1310,10:47:33,8.68,0.0,5,4340,买盘
1311,10:47:36,8.67,-0.01,4,3468,卖盘
1312,10:47:39,8.68,0.01,10,8680,买盘
1313,10:47:42,8.68,0.0,8,6944,买盘
1314,10:47:45,8.67,-0.01,3,2601,卖盘
1315,10:47:48,8.67,0.0,1,867,卖盘
1316,10:47:54,8.67,0.0,1,867,卖盘
1317,10:47:57,8.67,0.0,1,867,卖盘
1318,10:48:04,8.67,0.0,30,26010,卖盘
1319,10:48:09,8.68,0.01,6,5208,买盘
1320,10:48:13,8.68,0.0,10,8680,买盘
1321,10:48:15,8.68,0.0,5,4340,买盘
1322,10:48:21,8.67,-0.01,97,84099,卖盘
1323,10:48:28,8.68,0.01,25,21698,买盘
1324,10:48:30,8.68,0.0,7,6076,卖盘
1325,10:48:34,8.68,0.0,3,2604,卖盘
1326,10:48:36,8.69,0.01,9,7817,买盘
1327,10:48:39,8.68,-0.01,6,5208,卖盘
1328,10:48:42,8.68,0.0,13,11290,卖盘
1329,10:48:45,8.68,0.0,11,9548,卖盘
1330,10:48:48,8.68,0.0,5,4340,卖盘
1331,10:48:52,8.68,0.0,5,4340,卖盘
1332,10:48:54,8.68,0.0,7,6076,卖盘
1333,10:48:57,8.68,0.0,9,7812,卖盘
1334,10:49:00,8.68,0.0,8,6944,卖盘
1335,10:49:03,8.68,0.0,37,32116,卖盘
1336,10:49:06,8.68,0.0,4,3472,卖盘
1337,10:49:09,8.69,0.01,10,8686,买盘
1338,10:49:12,8.68,-0.01,30,26040,卖盘
1339,10:49:16,8.69,0.01,5,4345,买盘
1340,10:49:18,8.68,-0.01,1,868,卖盘
1341,10:49:21,8.68,0.0,1,868,卖盘
1342,10:49:24,8.68,0.0,3,2604,卖盘
1343,10:49:27,8.68,0.0,5,4340,卖盘
1344,10:49:33,8.68,0.0,9,7812,卖盘
1345,10:49:36,8.68,0.0,7,6076,卖盘
1346,10:49:39,8.68,0.0,3,2604,卖盘
1347,10:49:42,8.68,0.0,67,58156,卖盘
1348,10:49:45,8.67,-0.01,76,65965,卖盘
1349,10:49:54,8.67,0.0,1,867,卖盘
1350,10:49:57,8.67,0.0,1,867,卖盘
1351,10:50:00,8.67,0.0,60,52020,卖盘
1352,10:50:03,8.67,0.0,32,27744,卖盘
1353,10:50:06,8.68,0.01,2,1735,买盘
1354,10:50:12,8.68,0.0,4,3472,买盘
1355,10:50:15,8.68,0.0,9,7812,买盘
1356,10:50:18,8.67,-0.01,3,2601,卖盘
1357,10:50:21,8.68,0.01,34,29512,买盘
1358,10:50:24,8.68,0.0,98,85064,买盘
1359,10:50:27,8.68,0.0,56,48669,买盘
1360,10:50:30,8.69,0.01,222,192918,买盘
1361,10:50:39,8.68,-0.01,1,868,卖盘
1362,10:50:48,8.68,0.0,2,1736,卖盘
1363,10:51:04,8.68,0.0,29,25172,卖盘
1364,10:51:06,8.69,0.01,14,12166,买盘
1365,10:51:09,8.69,0.0,9,7821,买盘
1366,10:51:18,8.68,-0.01,2,1736,卖盘
1367,10:51:21,8.69,0.01,1,869,买盘
1368,10:51:33,8.68,-0.01,5,4340,卖盘
1369,10:51:37,8.68,0.0,194,168425,卖盘
1370,10:51:48,8.68,0.0,20,17367,卖盘
1371,10:51:57,8.68,0.0,1,868,卖盘
1372,10:52:00,8.68,0.0,1,868,卖盘
1373,10:52:04,8.69,0.01,82,71207,买盘
1374,10:52:15,8.69,0.0,18,15642,买盘
1375,10:52:21,8.68,-0.01,3,2604,卖盘
1376,10:52:30,8.69,0.01,1,869,买盘
1377,10:52:33,8.69,0.0,36,31284,买盘
1378,10:52:37,8.68,-0.01,1,868,卖盘
1379,10:52:42,8.7,0.02,64,55628,买盘
1380,10:52:45,8.69,-0.01,3,2607,中性盘
1381,10:52:48,8.7,0.01,11,9570,买盘
1382,10:52:51,8.7,0.0,38,33060,买盘
1383,10:52:54,8.7,0.0,48,41760,买盘
1384,10:52:57,8.69,-0.01,10,8699,卖盘
1385,10:53:00,8.69,0.0,5,4345,卖盘
1386,10:53:04,8.69,0.0,30,26070,卖盘
1387,10:53:12,8.7,0.01,13,11310,买盘
1388,10:53:15,8.7,0.0,14,12180,买盘
1389,10:53:18,8.7,0.0,3,2610,买盘
1390,10:53:21,8.69,-0.01,4,3476,卖盘
1391,10:53:24,8.69,0.0,11,9559,卖盘
1392,10:53:30,8.69,0.0,12,10428,卖盘
1393,10:53:33,8.69,0.0,109,94808,卖盘
1394,10:53:43,8.69,0.0,5,4345,卖盘
1395,10:53:46,8.69,0.0,76,66101,卖盘
1396,10:53:48,8.69,0.0,2,1738,卖盘
1397,10:53:57,8.69,0.0,1,869,卖盘
1398,10:54:04,8.69,0.0,29,25201,卖盘
1399,10:54:21,8.7,0.01,66,57419,买盘
1400,10:54:24,8.69,-0.01,3,2607,卖盘
1401,10:54:27,8.7,0.01,180,156600,买盘
1402,10:54:30,8.7,0.0,501,435870,买盘
1403,10:54:33,8.71,0.01,159,138417,买盘
1404,10:54:36,8.71,0.0,305,265655,买盘
1405,10:54:39,8.75,0.04,1751,1526985,买盘
1406,10:54:42,8.75,0.0,11,9625,买盘
1407,10:54:45,8.75,0.0,21,18375,买盘
1408,10:54:48,8.75,0.0,11,9625,买盘
1409,10:54:51,8.75,0.0,21,18375,买盘
1410,10:54:54,8.75,0.0,5,4375,买盘
1411,10:54:57,8.75,0.0,405,354375,买盘
1412,10:55:00,8.75,0.0,5,4375,买盘
1413,10:55:04,8.74,-0.01,195,170624,卖盘
1414,10:55:06,8.75,0.01,71,62125,买盘
1415,10:55:09,8.75,0.0,30,26250,卖盘
1416,10:55:12,8.75,0.0,199,174125,卖盘
1417,10:55:16,8.75,0.0,19,16625,买盘
1418,10:55:19,8.75,0.0,7,6125,买盘
1419,10:55:22,8.75,0.0,4,3500,买盘
1420,10:55:28,8.75,0.0,8,7000,买盘
1421,10:55:30,8.75,0.0,45,39375,买盘
1422,10:55:33,8.75,0.0,18,15746,买盘
1423,10:55:42,8.73,-0.02,8,6984,卖盘
1424,10:55:45,8.74,0.01,38,33212,买盘
1425,10:55:54,8.74,0.0,12,10488,买盘
1426,10:55:57,8.73,-0.01,1,873,卖盘
1427,10:56:04,8.73,0.0,29,25317,卖盘
1428,10:56:06,8.74,0.01,10,8740,买盘
1429,10:56:12,8.73,-0.01,1,873,卖盘
1430,10:56:15,8.74,0.01,1,874,买盘
1431,10:56:18,8.73,-0.01,2,1746,卖盘
1432,10:56:24,8.74,0.01,101,88344,买盘
1433,10:56:27,8.74,0.0,2,1748,卖盘
1434,10:56:45,8.74,0.0,3,2623,卖盘
1435,10:56:51,8.75,0.01,63,55065,买盘
1436,10:56:57,8.74,-0.01,20,17480,买盘
1437,10:57:04,8.74,0.0,17,14858,买盘
1438,10:57:06,8.74,0.0,3,2622,买盘
1439,10:57:09,8.74,0.0,40,34960,买盘
1440,10:57:12,8.74,0.0,32,27968,卖盘
1441,10:57:15,8.73,-0.01,46,40159,卖盘
1442,10:57:18,8.74,0.01,5,4370,买盘
1443,10:57:21,8.73,-0.01,1,873,卖盘
1444,10:57:27,8.74,0.01,12,10478,买盘
1445,10:57:30,8.74,0.0,670,586218,买盘
1446,10:57:36,8.73,-0.01,101,88173,卖盘
1447,10:57:39,8.73,0.0,63,55061,卖盘
1448,10:57:45,8.74,0.01,21,18354,买盘
1449,10:57:48,8.74,0.0,60,52440,买盘
1450,10:57:51,8.74,0.0,7,6118,买盘
1451,10:57:54,8.74,0.0,13,11362,买盘
1452,10:58:00,8.73,-0.01,4,3492,卖盘
1453,10:58:04,8.74,0.01,71,62025,买盘
1454,10:58:09,8.75,0.01,230,201208,买盘
1455,10:58:15,8.74,-0.01,61,53309,买盘
1456,10:58:18,8.74,0.0,13,11362,卖盘
1457,10:58:21,8.76,0.02,17,14880,买盘
1458,10:58:24,8.74,-0.02,4,3496,卖盘
1459,10:58:27,8.74,0.0,10,8740,卖盘
1460,10:58:30,8.76,0.02,2,1750,买盘
1461,10:58:36,8.75,-0.01,13,11375,卖盘
1462,10:58:39,8.75,0.0,106,92846,卖盘
1463,10:58:42,8.75,0.0,7,6125,卖盘
1464,10:58:45,8.75,0.0,5,4375,卖盘
1465,10:58:48,8.75,0.0,16,14000,卖盘
1466,10:58:51,8.76,0.01,8,7007,买盘
1467,10:58:54,8.75,-0.01,6,5250,卖盘
1468,10:58:57,8.75,0.0,27,23625,卖盘
1469,10:59:01,8.75,0.0,47,41136,卖盘
1470,10:59:04,8.74,-0.01,64,55987,卖盘
1471,10:59:06,8.75,0.01,22,19250,买盘
1472,10:59:09,8.75,0.0,10,8750,买盘
1473,10:59:12,8.75,0.0,15,13125,买盘
1474,10:59:15,8.75,0.0,83,72625,买盘
1475,10:59:18,8.75,0.0,8,7000,买盘
1476,10:59:21,8.75,0.0,20,17495,买盘
1477,10:59:24,8.75,0.0,10,8750,买盘
1478,10:59:27,8.75,0.0,15,13125,买盘
1479,10:59:31,8.75,0.0,61,53362,买盘
1480,10:59:33,8.75,0.0,39,34124,买盘
1481,10:59:36,8.75,0.0,10,8750,买盘
1482,10:59:39,8.75,0.0,5,4375,买盘
1483,10:59:42,8.75,0.0,8,7000,买盘
1484,10:59:49,8.75,0.0,4,3500,买盘
1485,10:59:52,8.75,0.0,6,5250,买盘
1486,11:00:01,8.75,0.0,24,21000,买盘
1487,11:00:04,8.75,0.0,1,875,买盘
1488,11:00:06,8.74,-0.01,41,35874,卖盘
1489,11:00:09,8.74,0.0,2,1748,卖盘
1490,11:00:18,8.75,0.01,11,9619,买盘
1491,11:00:24,8.74,-0.01,8,6998,卖盘
1492,11:00:27,8.75,0.01,141,123375,买盘
1493,11:00:30,8.75,0.0,41,35875,买盘
1494,11:00:33,8.75,0.0,241,210835,买盘
1495,11:00:37,8.75,0.0,16,14000,卖盘
1496,11:00:42,8.76,0.01,66,57816,买盘
1497,11:00:45,8.75,-0.01,9,7877,卖盘
1498,11:00:48,8.76,0.01,31,27130,买盘
1499,11:00:52,8.76,0.0,5,4380,买盘
1500,11:01:01,8.76,0.0,1,876,买盘
1501,11:01:04,8.75,-0.01,16,14015,卖盘
1502,11:01:07,8.76,0.01,5,4380,买盘
1503,11:01:27,8.75,-0.01,6,5254,卖盘
1504,11:01:30,8.76,0.01,9,7879,买盘
1505,11:01:33,8.76,0.0,16,14006,买盘
1506,11:01:36,8.75,-0.01,8,7000,卖盘
1507,11:01:39,8.75,0.0,13,11375,卖盘
1508,11:01:42,8.76,0.01,143,125255,买盘
1509,11:01:45,8.76,0.0,23,20148,买盘
1510,11:01:48,8.76,0.0,5,4380,买盘
1511,11:01:51,8.75,-0.01,107,93631,卖盘
1512,11:01:54,8.76,0.01,10,8760,买盘
1513,11:02:01,8.76,0.0,1,876,买盘
1514,11:02:04,8.76,0.0,52,45552,买盘
1515,11:02:06,8.75,-0.01,1,875,卖盘
1516,11:02:15,8.76,0.01,1,876,买盘
1517,11:02:18,8.76,0.0,3,2628,买盘
1518,11:02:21,8.76,0.0,1,876,买盘
1519,11:02:24,8.75,-0.01,16,14010,卖盘
1520,11:02:27,8.75,0.0,13,11385,卖盘
1521,11:02:30,8.75,0.0,25,21880,卖盘
1522,11:02:33,8.76,0.01,6,5256,买盘
1523,11:02:36,8.76,0.0,12,10502,买盘
1524,11:02:39,8.76,0.0,236,206732,买盘
1525,11:02:42,8.76,0.0,39,34164,买盘
1526,11:02:46,8.76,0.0,7,6132,买盘
1527,11:02:48,8.76,0.0,18,15768,买盘
1528,11:02:51,8.76,0.0,44,38544,买盘
1529,11:03:00,8.77,0.01,5,4385,买盘
1530,11:03:03,8.77,0.0,1,877,买盘
1531,11:03:07,8.77,0.0,26,22802,买盘
1532,11:03:13,8.77,0.0,11,9647,买盘
1533,11:03:15,8.77,0.0,126,110475,买盘
1534,11:03:18,8.76,-0.01,25,21906,卖盘
1535,11:03:21,8.76,0.0,181,158556,卖盘
1536,11:03:24,8.76,0.0,88,77088,买盘
1537,11:03:30,8.76,0.0,4,3504,买盘
1538,11:03:36,8.75,-0.01,77,67447,卖盘
1539,11:03:39,8.76,0.01,61,53426,买盘
1540,11:03:42,8.76,0.0,9,7881,买盘
1541,11:03:45,8.76,0.0,7,6131,买盘
1542,11:03:48,8.76,0.0,310,271560,买盘
1543,11:03:51,8.76,0.0,61,53436,买盘
1544,11:03:54,8.76,0.0,1,876,买盘
1545,11:03:57,8.76,0.0,2,1752,买盘
1546,11:04:00,8.75,-0.01,5,4375,卖盘
1547,11:04:12,8.75,0.0,100,87500,卖盘
1548,11:04:15,8.76,0.01,8,7001,买盘
1549,11:04:18,8.75,-0.01,152,133000,卖盘
1550,11:04:21,8.75,0.0,132,115500,买盘
1551,11:04:25,8.75,0.0,27,23624,买盘
1552,11:04:27,8.74,-0.01,2,1748,卖盘
1553,11:04:33,8.75,0.01,5,4375,买盘
1554,11:04:39,8.74,-0.01,42,36711,卖盘
1555,11:04:42,8.75,0.01,8,6999,买盘
1556,11:04:45,8.75,0.0,1,875,买盘
1557,11:04:51,8.75,0.0,38,33250,买盘
1558,11:04:57,8.74,-0.01,101,88278,卖盘
1559,11:05:00,8.75,0.01,6,5250,买盘
1560,11:05:03,8.74,-0.01,1,874,卖盘
1561,11:05:10,8.74,0.0,50,43700,卖盘
1562,11:05:12,8.75,0.01,5,4375,买盘
1563,11:05:16,8.75,0.0,1,875,买盘
1564,11:05:18,8.75,0.0,76,66500,买盘
1565,11:05:21,8.75,0.0,53,46374,买盘
1566,11:05:24,8.75,0.0,106,92741,买盘
1567,11:05:27,8.76,0.01,236,206545,买盘
1568,11:05:31,8.76,0.0,256,224256,买盘
1569,11:05:34,8.77,0.01,53,46588,买盘
1570,11:05:36,8.77,0.0,11,9647,买盘
1571,11:05:39,8.77,0.0,15,13155,买盘
1572,11:05:42,8.76,-0.01,48,42083,卖盘
1573,11:05:45,8.77,0.01,34,29714,买盘
1574,11:05:49,8.76,-0.01,42,36792,卖盘
1575,11:05:54,8.76,0.0,2,1752,卖盘
1576,11:06:04,8.77,0.01,7,6139,买盘
1577,11:06:09,8.77,0.0,66,57882,买盘
1578,11:06:13,8.77,0.0,5,4385,买盘
1579,11:06:15,8.77,0.0,2,1754,买盘
1580,11:06:18,8.77,0.0,48,42096,买盘
1581,11:06:21,8.77,0.0,31,27187,买盘
1582,11:06:30,8.76,-0.01,10,8765,卖盘
1583,11:06:34,8.77,0.01,1,877,买盘
1584,11:06:40,8.76,-0.01,8,7014,卖盘
1585,11:06:42,8.76,0.0,30,26300,卖盘
1586,11:06:45,8.77,0.01,6,5262,买盘
1587,11:06:58,8.77,0.0,5,4385,买盘
1588,11:07:00,8.77,0.0,2,1753,买盘
1589,11:07:04,8.76,-0.01,1,876,卖盘
1590,11:07:06,8.76,0.0,6,5261,卖盘
1591,11:07:09,8.76,0.0,4,3505,卖盘
1592,11:07:12,8.76,0.0,1,876,卖盘
1593,11:07:15,8.76,0.0,5,4380,卖盘
1594,11:07:18,8.76,0.0,139,121764,卖盘
1595,11:07:21,8.75,-0.01,114,99750,卖盘
1596,11:07:24,8.76,0.01,49,42914,买盘
1597,11:07:31,8.76,0.0,76,66501,买盘
1598,11:07:34,8.75,-0.01,1,875,卖盘
1599,11:07:36,8.75,0.0,6,5250,卖盘
1600,11:07:39,8.75,0.0,4,3500,卖盘
1601,11:07:45,8.75,0.0,19,16629,卖盘
1602,11:07:48,8.75,0.0,1,875,卖盘
1603,11:07:51,8.75,0.0,37,32381,卖盘
1604,11:07:57,8.74,-0.01,109,95330,卖盘
1605,11:08:00,8.76,0.02,32,28032,买盘
1606,11:08:07,8.76,0.0,17,14892,买盘
1607,11:08:09,8.75,-0.01,26,22750,卖盘
1608,11:08:18,8.75,0.0,39,34161,卖盘
1609,11:08:21,8.75,0.0,4,3500,卖盘
1610,11:08:24,8.75,0.0,2,1750,卖盘
1611,11:08:30,8.76,0.01,20,17507,买盘
1612,11:08:33,8.76,0.0,102,89275,买盘
1613,11:08:36,8.75,-0.01,26,22750,卖盘
1614,11:08:40,8.75,0.0,44,38487,买盘
1615,11:08:42,8.75,0.0,15,13123,卖盘
1616,11:08:45,8.75,0.0,9,7867,买盘
1617,11:08:48,8.75,0.0,31,27097,买盘
1618,11:08:51,8.74,-0.01,9,7866,卖盘
1619,11:08:54,8.74,0.0,94,82221,卖盘
1620,11:08:57,8.74,0.0,18,15741,卖盘
1621,11:09:00,8.74,0.0,64,55936,卖盘
1622,11:09:04,8.74,0.0,18,15732,卖盘
1623,11:09:06,8.74,0.0,10,8740,卖盘
1624,11:09:09,8.75,0.01,19,16611,买盘
1625,11:09:12,8.74,-0.01,17,14858,卖盘
1626,11:09:15,8.75,0.01,39,34087,买盘
1627,11:09:18,8.74,-0.01,26,22724,卖盘
1628,11:09:22,8.73,-0.01,89,77766,卖盘
1629,11:09:24,8.73,0.0,39,34059,卖盘
1630,11:09:27,8.73,0.0,115,100453,卖盘
1631,11:09:30,8.73,0.0,42,36666,卖盘
1632,11:09:33,8.73,0.0,55,48019,卖盘
1633,11:09:36,8.73,0.0,47,41031,卖盘
1634,11:09:39,8.73,0.0,34,29682,卖盘
1635,11:09:42,8.73,0.0,43,37539,卖盘
1636,11:09:45,8.74,0.01,23,20080,买盘
1637,11:09:49,8.73,-0.01,13,11349,卖盘
1638,11:09:51,8.74,0.01,21,18339,买盘
1639,11:09:54,8.73,-0.01,48,41940,卖盘
1640,11:10:09,8.74,0.01,1,874,买盘
1641,11:10:15,8.74,0.0,6,5244,买盘
1642,11:10:18,8.74,0.0,68,59432,买盘
1643,11:10:21,8.74,0.0,64,55936,买盘
1644,11:10:24,8.74,0.0,20,17480,买盘
1645,11:10:27,8.75,0.01,53,46358,买盘
1646,11:10:30,8.75,0.0,21,18375,买盘
1647,11:10:36,8.75,0.0,10,8750,买盘
1648,11:10:39,8.74,-0.01,22,19228,卖盘
1649,11:10:42,8.75,0.01,34,29745,买盘
1650,11:10:45,8.75,0.0,4,3497,买盘
1651,11:10:51,8.74,-0.01,10,8740,卖盘
1652,11:10:57,8.74,0.0,83,72542,卖盘
1653,11:11:00,8.73,-0.01,3,2619,卖盘
1654,11:11:13,8.74,0.01,2,1748,卖盘
1655,11:11:16,8.75,0.01,2,1749,买盘
1656,11:11:19,8.74,-0.01,1,874,卖盘
1657,11:11:21,8.74,0.0,1,874,卖盘
1658,11:11:24,8.74,0.0,8,6992,卖盘
1659,11:11:30,8.73,-0.01,9,7857,卖盘
1660,11:11:33,8.74,0.01,52,45448,买盘
1661,11:11:36,8.75,0.01,4,3499,买盘
1662,11:11:39,8.75,0.0,17,14875,买盘
1663,11:11:42,8.75,0.0,4,3500,买盘
1664,11:11:48,8.75,0.0,5,4372,买盘
1665,11:11:51,8.73,-0.02,3,2619,卖盘
1666,11:11:54,8.73,0.0,19,16587,卖盘
1667,11:11:57,8.73,0.0,2,1746,卖盘
1668,11:12:04,8.73,0.0,2,1746,卖盘
1669,11:12:07,8.74,0.01,10,8740,买盘
1670,11:12:16,8.73,-0.01,9,7863,卖盘
1671,11:12:18,8.74,0.01,3,2622,买盘
1672,11:12:24,8.74,0.0,1,874,买盘
1673,11:12:27,8.73,-0.01,1,873,卖盘
1674,11:12:33,8.74,0.01,55,48062,买盘
1675,11:12:36,8.72,-0.02,91,79416,卖盘
1676,11:12:45,8.73,0.01,2,1746,卖盘
1677,11:12:48,8.74,0.01,7,6117,买盘
1678,11:12:51,8.73,-0.01,7,6111,卖盘
1679,11:12:54,8.74,0.01,20,17468,买盘
1680,11:12:57,8.73,-0.01,3,2619,卖盘
1681,11:13:00,8.73,0.0,1,873,卖盘
1682,11:13:03,8.74,0.01,2,1747,买盘
1683,11:13:06,8.73,-0.01,1,873,卖盘
1684,11:13:09,8.73,0.0,21,18353,卖盘
1685,11:13:12,8.73,0.0,1,873,卖盘
1686,11:13:15,8.74,0.01,8,6989,买盘
1687,11:13:18,8.73,-0.01,1,873,卖盘
1688,11:13:21,8.74,0.01,29,25345,买盘
1689,11:13:25,8.74,0.0,29,25345,买盘
1690,11:13:28,8.73,-0.01,14,12222,卖盘
1691,11:13:31,8.73,0.0,1,873,卖盘
1692,11:13:33,8.73,0.0,4,3493,卖盘
1693,11:13:36,8.73,0.0,5,4365,买盘
1694,11:13:39,8.73,0.0,45,39285,买盘
1695,11:13:42,8.73,0.0,4,3492,买盘
1696,11:13:45,8.73,0.0,30,26190,买盘
1697,11:13:48,8.72,-0.01,7,6104,卖盘
1698,11:13:54,8.73,0.01,6,5238,买盘
1699,11:13:57,8.73,0.0,95,82925,买盘
1700,11:14:00,8.73,0.0,59,51507,卖盘
1701,11:14:03,8.73,0.0,2,1747,卖盘
1702,11:14:06,8.73,0.0,10,8730,卖盘
1703,11:14:09,8.73,0.0,3,2619,卖盘
1704,11:14:15,8.74,0.01,5,4370,买盘
1705,11:14:21,8.74,0.0,44,38456,买盘
1706,11:14:24,8.73,-0.01,9,7857,卖盘
1707,11:14:31,8.74,0.01,5,4370,买盘
1708,11:14:33,8.74,0.0,38,33212,买盘
1709,11:14:42,8.73,-0.01,2,1746,卖盘
1710,11:14:45,8.73,0.0,5,4365,卖盘
1711,11:14:51,8.74,0.01,12,10488,买盘
1712,11:14:54,8.73,-0.01,7,6115,卖盘
1713,11:15:00,8.73,0.0,10,8730,卖盘
1714,11:15:03,8.74,0.01,27,23598,买盘
1715,11:15:10,8.74,0.0,2,1748,买盘
1716,11:15:12,8.73,-0.01,5,4365,卖盘
1717,11:15:18,8.73,0.0,168,146664,卖盘
1718,11:15:21,8.72,-0.01,629,548970,卖盘
1719,11:15:24,8.72,0.0,25,21800,卖盘
1720,11:15:28,8.72,0.0,43,37576,卖盘
1721,11:15:33,8.74,0.02,33,28838,买盘
1722,11:15:48,8.72,-0.02,11,9595,卖盘
1723,11:15:51,8.73,0.01,1,873,卖盘
1724,11:15:54,8.72,-0.01,8,6977,卖盘
1725,11:15:57,8.73,0.01,1,873,买盘
1726,11:16:00,8.72,-0.01,13,11336,卖盘
1727,11:16:04,8.72,0.0,5,4360,卖盘
1728,11:16:07,8.74,0.02,185,161693,买盘
1729,11:16:12,8.73,-0.01,6,5243,中性盘
1730,11:16:18,8.74,0.01,1,874,买盘
1731,11:16:21,8.74,0.0,5,4370,买盘
1732,11:16:27,8.74,0.0,6,5244,买盘
1733,11:16:30,8.74,0.0,6,5243,买盘
1734,11:16:34,8.72,-0.02,1,872,卖盘
1735,11:16:36,8.73,0.01,3,2618,买盘
1736,11:16:40,8.72,-0.01,53,46257,卖盘
1737,11:16:46,8.72,0.0,2,1744,卖盘
1738,11:16:48,8.73,0.01,1,873,买盘
1739,11:16:54,8.71,-0.02,286,249391,卖盘
1740,11:16:57,8.72,0.01,35,30519,买盘
1741,11:17:00,8.71,-0.01,2,1742,卖盘
1742,11:17:04,8.71,0.0,15,13072,卖盘
1743,11:17:09,8.72,0.01,12,10456,买盘
1744,11:17:12,8.72,0.0,3,2614,买盘
1745,11:17:15,8.72,0.0,5,4360,买盘
1746,11:17:19,8.72,0.0,1,872,买盘
1747,11:17:22,8.7,-0.02,4,3483,卖盘
1748,11:17:27,8.72,0.02,36,31374,买盘
1749,11:17:30,8.72,0.0,12,10464,买盘
1750,11:17:33,8.7,-0.02,5,4350,卖盘
1751,11:17:36,8.72,0.02,5,4360,买盘
1752,11:17:39,8.71,-0.01,1,871,卖盘
1753,11:17:42,8.72,0.01,6,5229,买盘
1754,11:17:46,8.72,0.0,10,8717,买盘
1755,11:17:48,8.72,0.0,5,4354,买盘
1756,11:17:51,8.71,-0.01,1,871,卖盘
1757,11:17:55,8.71,0.0,26,22671,卖盘
1758,11:17:57,8.72,0.01,5,4360,买盘
1759,11:18:00,8.72,0.0,15,13080,买盘
1760,11:18:04,8.72,0.0,9,7848,买盘
1761,11:18:09,8.72,0.0,39,34007,买盘
1762,11:18:16,8.71,-0.01,26,22739,卖盘
1763,11:18:18,8.72,0.01,15,13073,买盘
1764,11:18:27,8.72,0.0,17,14824,买盘
1765,11:18:30,8.72,0.0,7,6104,买盘
1766,11:18:36,8.72,0.0,13,11336,买盘
1767,11:18:39,8.71,-0.01,2,1742,卖盘
1768,11:18:42,8.7,-0.01,3,2611,卖盘
1769,11:18:48,8.72,0.02,2,1743,买盘
1770,11:18:52,8.72,0.0,16,13951,买盘
1771,11:19:00,8.72,0.0,9,7848,买盘
1772,11:19:03,8.72,0.0,5,4360,买盘
1773,11:19:06,8.71,-0.01,10,8717,卖盘
1774,11:19:09,8.72,0.01,59,51448,买盘
1775,11:19:18,8.72,0.0,17,14830,买盘
1776,11:19:24,8.71,-0.01,29,25273,卖盘
1777,11:19:33,8.72,0.01,3,2616,中性盘
1778,11:19:39,8.71,-0.01,1,871,卖盘
1779,11:19:42,8.72,0.01,32,27904,买盘
1780,11:19:57,8.72,0.0,25,21800,买盘
1781,11:20:01,8.73,0.01,7,6110,买盘
1782,11:20:04,8.73,0.0,1,873,买盘
1783,11:20:06,8.73,0.0,10,8730,买盘
1784,11:20:15,8.73,0.0,118,102942,买盘
1785,11:20:18,8.73,0.0,2,1746,卖盘
1786,11:20:21,8.72,-0.01,3,2616,卖盘
1787,11:20:25,8.74,0.02,52,45394,买盘
1788,11:20:27,8.72,-0.02,1,872,卖盘
1789,11:20:34,8.74,0.02,10,8740,买盘
1790,11:20:36,8.73,-0.01,3,2619,卖盘
1791,11:20:39,8.74,0.01,32,27961,买盘
1792,11:20:42,8.73,-0.01,1,873,卖盘
1793,11:20:51,8.73,0.0,1,873,卖盘
1794,11:20:54,8.74,0.01,25,21850,买盘
1795,11:20:57,8.73,-0.01,1,873,卖盘
1796,11:21:03,8.74,0.01,1,874,买盘
1797,11:21:12,8.73,-0.01,1,873,卖盘
1798,11:21:15,8.74,0.01,28,24472,买盘
1799,11:21:21,8.74,0.0,17,14858,买盘
1800,11:21:30,8.75,0.01,9,7864,买盘
1801,11:21:33,8.75,0.0,29,25375,买盘
1802,11:21:36,8.74,-0.01,101,88374,卖盘
1803,11:21:39,8.75,0.01,26,22746,买盘
1804,11:21:43,8.75,0.0,118,103250,卖盘
1805,11:21:45,8.75,0.0,6,5250,买盘
1806,11:21:48,8.75,0.0,20,17500,买盘
1807,11:21:52,8.74,-0.01,8,7000,卖盘
1808,11:21:54,8.75,0.01,5,4371,中性盘
1809,11:21:57,8.75,0.0,2,1750,卖盘
1810,11:22:00,8.76,0.01,6,5255,买盘
1811,11:22:03,8.74,-0.02,33,28898,卖盘
1812,11:22:06,8.75,0.01,11,9625,卖盘
1813,11:22:09,8.75,0.0,4,3499,买盘
1814,11:22:12,8.74,-0.01,26,22748,卖盘
1815,11:22:15,8.75,0.01,13,11372,买盘
1816,11:22:21,8.74,-0.01,23,20124,卖盘
1817,11:22:24,8.75,0.01,23,20125,买盘
1818,11:22:27,8.75,0.0,24,21000,买盘
1819,11:22:33,8.74,-0.01,2,1749,卖盘
1820,11:22:36,8.74,0.0,33,28842,卖盘
1821,11:22:43,8.74,0.0,9,7875,卖盘
1822,11:22:46,8.75,0.01,1,875,中性盘
1823,11:22:48,8.74,-0.01,34,29747,卖盘
1824,11:22:51,8.74,0.0,3,2622,卖盘
1825,11:22:54,8.74,0.0,2,1748,卖盘
1826,11:22:57,8.75,0.01,5,4375,买盘
1827,11:23:01,8.75,0.0,10,8750,买盘
1828,11:23:04,8.75,0.0,23,20125,买盘
1829,11:23:06,8.73,-0.02,82,71665,卖盘
1830,11:23:12,8.75,0.02,9,7873,买盘
1831,11:23:15,8.73,-0.02,101,88173,卖盘
1832,11:23:18,8.74,0.01,2,1747,买盘
1833,11:23:21,8.74,0.0,36,31464,买盘
1834,11:23:24,8.74,0.0,6,5243,买盘
1835,11:23:42,8.75,0.01,51,44623,买盘
1836,11:23:45,8.74,-0.01,1,874,卖盘
1837,11:23:48,8.75,0.01,1,875,买盘
1838,11:23:51,8.75,0.0,21,18375,买盘
1839,11:23:54,8.74,-0.01,1,874,卖盘
1840,11:24:03,8.7,-0.04,827,720246,卖盘
1841,11:24:07,8.7,0.0,902,784740,买盘
1842,11:24:09,8.7,0.0,190,165300,买盘
1843,11:24:12,8.7,0.0,998,868260,买盘
1844,11:24:15,8.7,0.0,85,74019,卖盘
1845,11:24:18,8.71,0.01,59,51613,卖盘
1846,11:24:25,8.74,0.03,42,36707,买盘
1847,11:24:27,8.74,0.0,5,4370,买盘
1848,11:24:31,8.74,0.0,31,27094,买盘
1849,11:24:39,8.73,-0.01,4,3492,卖盘
1850,11:24:42,8.74,0.01,246,214978,买盘
1851,11:24:45,8.74,0.0,129,112746,卖盘
1852,11:24:48,8.7,-0.04,3,2615,卖盘
1853,11:24:51,8.73,0.03,1,873,卖盘
1854,11:24:54,8.74,0.01,37,32338,买盘
1855,11:24:57,8.75,0.01,36,31478,买盘
1856,11:25:00,8.75,0.0,5,4375,买盘
1857,11:25:06,8.75,0.0,27,23625,买盘
1858,11:25:09,8.75,0.0,1,875,买盘
1859,11:25:12,8.74,-0.01,46,40249,卖盘
1860,11:25:16,8.75,0.01,6,5250,买盘
1861,11:25:18,8.75,0.0,223,195146,买盘
1862,11:25:24,8.76,0.01,40,35040,买盘
1863,11:25:27,8.75,-0.01,182,159250,卖盘
1864,11:25:31,8.75,0.0,2,1750,卖盘
1865,11:25:36,8.76,0.01,84,73584,买盘
1866,11:25:42,8.75,-0.01,27,23651,卖盘
1867,11:25:45,8.75,0.0,78,68250,卖盘
1868,11:25:48,8.76,0.01,1,876,买盘
1869,11:25:51,8.74,-0.02,2,1748,卖盘
1870,11:25:54,8.75,0.01,6,5255,中性盘
1871,11:25:57,8.76,0.01,27,23652,买盘
1872,11:26:06,8.74,-0.02,4,3497,卖盘
1873,11:26:09,8.76,0.02,43,37663,买盘
1874,11:26:19,8.75,-0.01,1,875,买盘
1875,11:26:24,8.74,-0.01,51,44671,卖盘
1876,11:26:27,8.74,0.0,1,874,卖盘
1877,11:26:33,8.75,0.01,1,875,买盘
1878,11:26:36,8.75,0.0,7,6121,中性盘
1879,11:26:39,8.75,0.0,67,58625,买盘
1880,11:26:42,8.73,-0.02,1,873,卖盘
1881,11:26:46,8.73,0.0,1,873,卖盘
1882,11:26:54,8.75,0.02,19,16625,买盘
1883,11:26:57,8.73,-0.02,1,873,卖盘
1884,11:27:00,8.73,0.0,2,1746,卖盘
1885,11:27:04,8.74,0.01,1,874,买盘
1886,11:27:06,8.74,0.0,5,4370,买盘
1887,11:27:09,8.74,0.0,18,15732,买盘
1888,11:27:15,8.72,-0.02,3,2616,卖盘
1889,11:27:22,8.74,0.02,5,4370,买盘
1890,11:27:33,8.75,0.01,22,19232,买盘
1891,11:27:36,8.74,-0.01,1,874,卖盘
1892,11:27:42,8.75,0.01,6,5250,买盘
1893,11:27:51,8.74,-0.01,1,874,卖盘
1894,11:27:54,8.74,0.0,32,27998,卖盘
1895,11:27:57,8.75,0.01,2,1750,买盘
1896,11:28:00,8.75,0.0,19,16624,买盘
1897,11:28:04,8.75,0.0,9,7873,买盘
1898,11:28:15,8.74,-0.01,8,6999,卖盘
1899,11:28:18,8.74,0.0,84,73416,卖盘
1900,11:28:27,8.75,0.01,10,8750,买盘
1901,11:28:33,8.75,0.0,8,6998,买盘
1902,11:28:36,8.74,-0.01,10,8740,卖盘
1903,11:28:46,8.74,0.0,1,874,卖盘
1904,11:28:48,8.75,0.01,198,173250,买盘
1905,11:28:57,8.76,0.01,1,876,买盘
1906,11:29:00,8.76,0.0,5,4380,买盘
1907,11:29:04,8.75,-0.01,25,21872,卖盘
1908,11:29:06,8.74,-0.01,27,23598,卖盘
1909,11:29:09,8.73,-0.01,135,117855,卖盘
1910,11:29:12,8.73,0.0,113,98649,卖盘
1911,11:29:15,8.72,-0.01,1,872,卖盘
1912,11:29:18,8.74,0.02,21,18354,买盘
1913,11:29:21,8.72,-0.02,1,872,卖盘
1914,11:29:24,8.74,0.02,12,10482,买盘
1915,11:29:33,8.74,0.0,20,17480,买盘
1916,11:29:39,8.74,0.0,1,874,卖盘
1917,11:29:42,8.74,0.0,1,874,卖盘
1918,11:29:48,8.76,0.02,2,1750,买盘
1919,13:00:04,8.75,-0.01,210,183920,中性盘
1920,13:00:06,8.75,0.0,123,107639,卖盘
1921,13:00:09,8.75,0.0,5,4375,买盘
1922,13:00:12,8.74,-0.01,2,1749,卖盘
1923,13:00:18,8.76,0.02,35,30660,买盘
1924,13:00:24,8.74,-0.02,80,70003,卖盘
1925,13:00:30,8.74,0.0,2,1748,卖盘
1926,13:00:33,8.74,0.0,2,1748,卖盘
1927,13:00:39,8.73,-0.01,100,87398,卖盘
1928,13:00:48,8.74,0.01,1,874,买盘
1929,13:00:51,8.73,-0.01,2,1746,卖盘
1930,13:00:54,8.73,0.0,19,16602,卖盘
1931,13:01:03,8.73,0.0,2,1746,卖盘
1932,13:01:09,8.74,0.01,4,3496,买盘
1933,13:01:13,8.74,0.0,9,7866,买盘
1934,13:01:15,8.73,-0.01,1,873,卖盘
1935,13:01:18,8.74,0.01,1,874,买盘
1936,13:01:21,8.73,-0.01,2,1746,卖盘
1937,13:01:24,8.73,0.0,5,4369,卖盘
1938,13:01:27,8.74,0.01,23,20102,买盘
1939,13:01:36,8.73,-0.01,4,3492,卖盘
1940,13:01:39,8.74,0.01,4,3496,买盘
1941,13:01:48,8.73,-0.01,6,5238,卖盘
1942,13:01:51,8.73,0.0,2,1747,卖盘
1943,13:02:00,8.73,0.0,15,13095,卖盘
1944,13:02:06,8.73,0.0,4,3492,卖盘
1945,13:02:12,8.73,0.0,23,20087,卖盘
1946,13:02:18,8.74,0.01,1,874,买盘
1947,13:02:21,8.74,0.0,4,3495,买盘
1948,13:02:24,8.73,-0.01,41,35793,卖盘
1949,13:02:27,8.73,0.0,77,67153,买盘
1950,13:02:30,8.74,0.01,9,7862,买盘
1951,13:02:33,8.72,-0.02,2,1744,卖盘
1952,13:02:39,8.72,0.0,100,87200,卖盘
1953,13:02:42,8.74,0.02,4,3496,买盘
1954,13:02:48,8.74,0.0,6,5234,买盘
1955,13:02:54,8.72,-0.02,197,171794,卖盘
1956,13:02:57,8.74,0.02,20,17456,买盘
1957,13:03:06,8.74,0.0,7,6115,买盘
1958,13:03:15,8.71,-0.03,53,46170,卖盘
1959,13:03:18,8.71,0.0,3,2613,卖盘
1960,13:03:21,8.72,0.01,1,872,买盘
1961,13:03:28,8.72,0.0,2,1744,卖盘
1962,13:03:33,8.74,0.02,2,1746,买盘
1963,13:03:36,8.73,-0.01,9,7849,中性盘
1964,13:03:39,8.73,0.0,8,6982,买盘
1965,13:03:42,8.72,-0.01,41,35752,卖盘
1966,13:03:45,8.72,0.0,1,872,买盘
1967,13:03:48,8.72,0.0,2,1744,买盘
1968,13:03:54,8.71,-0.01,1,871,卖盘
1969,13:04:00,8.71,0.0,4,3484,卖盘
1970,13:04:04,8.71,0.0,3,2613,卖盘
1971,13:04:06,8.71,0.0,290,252591,卖盘
1972,13:04:09,8.71,0.0,5,4355,买盘
1973,13:04:12,8.7,-0.01,12,10440,卖盘
1974,13:04:15,8.7,0.0,1,870,卖盘
1975,13:04:18,8.7,0.0,2,1740,卖盘
1976,13:04:21,8.7,0.0,3,2610,买盘
1977,13:04:24,8.7,0.0,6,5225,卖盘
1978,13:04:27,8.69,-0.01,9,7826,卖盘
1979,13:04:30,8.7,0.01,2,1740,卖盘
1980,13:04:33,8.69,-0.01,51,44321,卖盘
1981,13:04:36,8.7,0.01,2,1742,卖盘
1982,13:04:39,8.7,0.0,2,1740,卖盘
1983,13:04:42,8.7,0.0,5,4350,卖盘
1984,13:04:48,8.7,0.0,125,108750,卖盘
1985,13:04:51,8.72,0.02,93,80966,买盘
1986,13:04:54,8.7,-0.02,5,4350,卖盘
1987,13:05:00,8.7,0.0,6,5220,卖盘
1988,13:05:04,8.71,0.01,8,6966,买盘
1989,13:05:06,8.71,0.0,8,6968,买盘
1990,13:05:09,8.69,-0.02,3,2608,卖盘
1991,13:05:18,8.69,0.0,8,6962,卖盘
1992,13:05:21,8.72,0.03,58,50527,买盘
1993,13:05:24,8.69,-0.03,30,26085,卖盘
1994,13:05:27,8.69,0.0,2,1740,卖盘
1995,13:05:33,8.71,0.02,12,10448,买盘
1996,13:05:36,8.71,0.0,5,4355,卖盘
1997,13:05:39,8.71,0.0,11,9581,卖盘
1998,13:05:42,8.71,0.0,1,871,买盘
1999,13:05:45,8.71,0.0,7,6095,买盘
2000,13:05:51,8.7,-0.01,4,3480,卖盘
2001,13:05:54,8.7,0.0,1,870,卖盘
2002,13:05:57,8.71,0.01,5,4355,买盘
2003,13:06:04,8.71,0.0,1,871,买盘
2004,13:06:09,8.71,0.0,2,1742,买盘
2005,13:06:12,8.7,-0.01,66,57420,卖盘
2006,13:06:15,8.7,0.0,11,9574,卖盘
2007,13:06:18,8.7,0.0,29,25234,卖盘
2008,13:06:21,8.7,0.0,23,20010,买盘
2009,13:06:24,8.7,0.0,2,1740,买盘
2010,13:06:33,8.72,0.02,7,6097,买盘
2011,13:06:36,8.71,-0.01,1,871,中性盘
2012,13:06:39,8.7,-0.01,3,2610,卖盘
2013,13:06:45,8.72,0.02,5,4358,买盘
2014,13:06:48,8.71,-0.01,1,871,中性盘
2015,13:06:51,8.7,-0.01,2,1740,卖盘
2016,13:06:54,8.7,0.0,1,870,卖盘
2017,13:06:57,8.71,0.01,2,1742,买盘
2018,13:07:00,8.69,-0.02,66,57422,卖盘
2019,13:07:06,8.69,0.0,2,1738,卖盘
2020,13:07:09,8.69,0.0,1,869,卖盘
2021,13:07:12,8.71,0.02,5,4355,买盘
2022,13:07:15,8.69,-0.02,2,1738,卖盘
2023,13:07:18,8.69,0.0,100,86900,卖盘
2024,13:07:21,8.71,0.02,9,7839,买盘
2025,13:07:24,8.69,-0.02,1,869,卖盘
2026,13:07:27,8.71,0.02,4,3484,买盘
2027,13:07:30,8.69,-0.02,208,180752,卖盘
2028,13:07:39,8.69,0.0,57,49486,买盘
2029,13:07:45,8.69,0.0,5,4345,买盘
2030,13:07:48,8.68,-0.01,4,3472,卖盘
2031,13:07:51,8.69,0.01,82,71187,买盘
2032,13:08:00,8.69,0.0,35,30415,买盘
2033,13:08:04,8.69,0.0,547,475343,买盘
2034,13:08:06,8.69,0.0,1,869,卖盘
2035,13:08:09,8.7,0.01,57,49590,买盘
2036,13:08:12,8.7,0.0,4,3480,卖盘
2037,13:08:18,8.7,0.0,47,40933,卖盘
2038,13:08:21,8.7,0.0,115,100159,卖盘
2039,13:08:24,8.71,0.01,30,26130,买盘
2040,13:08:27,8.71,0.0,28,24388,卖盘
2041,13:08:33,8.71,0.0,2,1742,卖盘
2042,13:08:36,8.71,0.0,1,871,卖盘
2043,13:08:39,8.72,0.01,6,5231,买盘
2044,13:08:48,8.71,-0.01,1,871,卖盘
2045,13:08:51,8.72,0.01,11,9591,买盘
2046,13:08:54,8.71,-0.01,1,871,卖盘
2047,13:08:57,8.71,0.0,7,6097,卖盘
2048,13:09:00,8.71,0.0,1,871,卖盘
2049,13:09:03,8.72,0.01,19,16554,买盘
2050,13:09:06,8.71,-0.01,3,2613,卖盘
2051,13:09:09,8.71,0.0,3,2613,卖盘
2052,13:09:12,8.71,0.0,1,871,卖盘
2053,13:09:18,8.72,0.01,5,4360,买盘
2054,13:09:21,8.72,0.0,1,872,买盘
2055,13:09:24,8.71,-0.01,2,1742,卖盘
2056,13:09:27,8.71,0.0,1,871,卖盘
2057,13:09:30,8.72,0.01,19,16566,买盘
2058,13:09:33,8.72,0.0,5,4360,买盘
2059,13:09:36,8.72,0.0,3,2616,买盘
2060,13:09:39,8.71,-0.01,2,1742,卖盘
2061,13:09:42,8.71,0.0,1,871,卖盘
2062,13:09:48,8.72,0.01,6,5232,买盘
2063,13:09:51,8.72,0.0,5,4360,买盘
2064,13:09:57,8.72,0.0,61,53172,买盘
2065,13:10:00,8.72,0.0,18,15696,买盘
2066,13:10:03,8.71,-0.01,1,871,卖盘
2067,13:10:06,8.71,0.0,5,4358,卖盘
2068,13:10:09,8.71,0.0,39,34003,卖盘
2069,13:10:12,8.72,0.01,19,16568,买盘
2070,13:10:15,8.72,0.0,5,4360,买盘
2071,13:10:18,8.74,0.02,9,7866,买盘
2072,13:10:21,8.72,-0.02,42,36706,卖盘
2073,13:10:24,8.74,0.02,8,6988,买盘
2074,13:10:27,8.72,-0.02,49,42728,卖盘
2075,13:10:30,8.72,0.0,2,1744,买盘
2076,13:10:33,8.74,0.02,4,3496,买盘
2077,13:10:36,8.74,0.0,1,874,买盘
2078,13:10:39,8.74,0.0,24,20974,买盘
2079,13:10:45,8.72,-0.02,13,11336,卖盘
2080,13:10:48,8.74,0.02,6,5240,买盘
2081,13:10:51,8.72,-0.02,3,2616,卖盘
2082,13:10:57,8.72,0.0,2,1744,卖盘
2083,13:11:00,8.72,0.0,54,47098,卖盘
2084,13:11:04,8.72,0.0,1,872,卖盘
2085,13:11:07,8.72,0.0,25,21800,卖盘
2086,13:11:09,8.72,0.0,20,17440,买盘
2087,13:11:13,8.72,0.0,14,12207,买盘
2088,13:11:15,8.72,0.0,11,9592,买盘
2089,13:11:21,8.72,0.0,5,4360,买盘
2090,13:11:24,8.71,-0.01,2,1742,卖盘
2091,13:11:27,8.72,0.01,46,40112,买盘
2092,13:11:30,8.72,0.0,13,11336,买盘
2093,13:11:33,8.72,0.0,19,16564,买盘
2094,13:11:36,8.72,0.0,16,13950,买盘
2095,13:11:39,8.72,0.0,24,20928,买盘
2096,13:11:43,8.72,0.0,14,12208,买盘
2097,13:11:45,8.73,0.01,6,5238,买盘
2098,13:11:51,8.74,0.01,13,11362,买盘
2099,13:11:54,8.72,-0.02,41,35769,卖盘
2100,13:11:57,8.72,0.0,16,13950,买盘
2101,13:12:04,8.74,0.02,25,21850,买盘
2102,13:12:06,8.72,-0.02,55,48036,卖盘
2103,13:12:09,8.74,0.02,15,13110,买盘
2104,13:12:12,8.74,0.0,13,11362,买盘
2105,13:12:24,8.74,0.0,35,30590,买盘
2106,13:12:30,8.73,-0.01,29,25323,卖盘
2107,13:12:33,8.72,-0.01,23,20074,卖盘
2108,13:12:37,8.72,0.0,2,1745,卖盘
2109,13:12:39,8.73,0.01,16,13973,买盘
2110,13:12:48,8.73,0.0,1,873,卖盘
2111,13:12:52,8.73,0.0,25,21849,卖盘
2112,13:12:55,8.74,0.01,107,93518,买盘
2113,13:12:57,8.73,-0.01,1,873,卖盘
2114,13:13:00,8.74,0.01,102,89148,买盘
2115,13:13:04,8.74,0.0,23,20102,买盘
2116,13:13:06,8.74,0.0,15,13107,买盘
2117,13:13:09,8.74,0.0,59,51566,买盘
2118,13:13:12,8.75,0.01,31,27124,买盘
2119,13:13:18,8.75,0.0,27,23625,买盘
2120,13:13:27,8.75,0.0,45,39375,买盘
2121,13:13:33,8.74,-0.01,2,1748,卖盘
2122,13:13:36,8.75,0.01,1,875,买盘
2123,13:13:45,8.75,0.0,4,3500,买盘
2124,13:13:51,8.75,0.0,1,875,买盘
2125,13:13:57,8.75,0.0,7,6123,买盘
2126,13:14:04,8.74,-0.01,2,1748,卖盘
2127,13:14:06,8.74,0.0,75,65550,卖盘
2128,13:14:09,8.73,-0.01,4,3492,卖盘
2129,13:14:12,8.73,0.0,72,62860,卖盘
2130,13:14:15,8.73,0.0,1,873,卖盘
2131,13:14:21,8.74,0.01,15,13096,买盘
2132,13:14:24,8.73,-0.01,1,873,卖盘
2133,13:14:27,8.74,0.01,4,3496,买盘
2134,13:14:33,8.73,-0.01,5,4365,卖盘
2135,13:14:42,8.74,0.01,8,6989,买盘
2136,13:14:45,8.73,-0.01,1,873,卖盘
2137,13:14:48,8.73,0.0,4,3492,卖盘
2138,13:14:51,8.73,0.0,179,156267,卖盘
2139,13:15:00,8.73,0.0,10,8730,买盘
2140,13:15:03,8.72,-0.01,5,4360,卖盘
2141,13:15:07,8.72,0.0,2,1744,卖盘
2142,13:15:09,8.72,0.0,1,872,卖盘
2143,13:15:12,8.72,0.0,64,55808,卖盘
2144,13:15:18,8.73,0.01,73,63711,买盘
2145,13:15:21,8.73,0.0,111,96803,买盘
2146,13:15:24,8.73,0.0,40,34920,买盘
2147,13:15:28,8.73,0.0,21,18333,买盘
2148,13:15:30,8.73,0.0,9,7855,买盘
2149,13:15:36,8.72,-0.01,2,1744,中性盘
2150,13:15:39,8.73,0.01,5,4364,买盘
2151,13:15:42,8.73,0.0,24,20951,买盘
2152,13:15:48,8.72,-0.01,11,9601,卖盘
2153,13:15:51,8.72,0.0,6,5233,买盘
2154,13:15:54,8.72,0.0,2,1744,卖盘
2155,13:16:00,8.73,0.01,7,6109,买盘
2156,13:16:04,8.73,0.0,5,4365,买盘
2157,13:16:06,8.73,0.0,2,1746,买盘
2158,13:16:10,8.73,0.0,9,7857,买盘
2159,13:16:13,8.73,0.0,69,60167,买盘
2160,13:16:15,8.73,0.0,118,103014,买盘
2161,13:16:18,8.73,0.0,4,3492,买盘
2162,13:16:21,8.73,0.0,4,3486,买盘
2163,13:16:24,8.73,0.0,7,6111,买盘
2164,13:16:27,8.73,0.0,4,3492,买盘
2165,13:16:30,8.73,0.0,4,3492,买盘
2166,13:16:33,8.73,0.0,6,5238,买盘
2167,13:16:36,8.72,-0.01,1,872,卖盘
2168,13:16:39,8.73,0.01,5,4365,买盘
2169,13:16:42,8.72,-0.01,4,3488,卖盘
2170,13:16:45,8.73,0.01,69,60237,买盘
2171,13:16:51,8.73,0.0,1,873,买盘
2172,13:16:57,8.73,0.0,8,6982,买盘
2173,13:17:00,8.72,-0.01,7,6109,卖盘
2174,13:17:04,8.72,0.0,3,2616,卖盘
2175,13:17:06,8.72,0.0,5,4360,卖盘
2176,13:17:09,8.73,0.01,7,6109,买盘
2177,13:17:15,8.73,0.0,6,5238,买盘
2178,13:17:19,8.73,0.0,4,3492,买盘
2179,13:17:22,8.73,0.0,22,19203,买盘
2180,13:17:27,8.73,0.0,4,3492,买盘
2181,13:17:30,8.73,0.0,29,25317,买盘
2182,13:17:36,8.73,0.0,1,873,买盘
2183,13:17:39,8.73,0.0,8,6981,买盘
2184,13:17:43,8.72,-0.01,25,21820,卖盘
2185,13:17:45,8.73,0.01,4,3492,买盘
2186,13:17:51,8.72,-0.01,1,872,卖盘
2187,13:17:57,8.73,0.01,1,873,买盘
2188,13:18:00,8.73,0.0,2,1746,买盘
2189,13:18:04,8.73,0.0,20,17460,买盘
2190,13:18:06,8.72,-0.01,58,50577,卖盘
2191,13:18:09,8.73,0.01,1,873,买盘
2192,13:18:15,8.73,0.0,5,4365,买盘
2193,13:18:18,8.73,0.0,3,2619,买盘
2194,13:18:24,8.72,-0.01,3,2618,卖盘
2195,13:18:27,8.72,0.0,60,52325,卖盘
2196,13:18:33,8.73,0.01,4,3492,买盘
2197,13:18:36,8.72,-0.01,20,17457,卖盘
2198,13:18:42,8.73,0.01,1,873,买盘
2199,13:18:45,8.72,-0.01,1,872,卖盘
2200,13:18:48,8.72,0.0,7,6104,卖盘
2201,13:19:01,8.71,-0.01,63,54915,卖盘
2202,13:19:06,8.73,0.02,1,873,买盘
2203,13:19:12,8.73,0.0,5,4365,买盘
2204,13:19:18,8.71,-0.02,1,871,卖盘
2205,13:19:22,8.71,0.0,56,48776,卖盘
2206,13:19:27,8.71,0.0,14,12194,卖盘
2207,13:19:33,8.71,0.0,7,6107,卖盘
2208,13:19:36,8.73,0.02,10,8727,买盘
2209,13:19:39,8.71,-0.02,16,13959,卖盘
2210,13:19:42,8.71,0.0,1,871,卖盘
2211,13:19:48,8.71,0.0,3,2613,卖盘
2212,13:19:54,8.71,0.0,14,12194,卖盘
2213,13:19:57,8.72,0.01,75,65326,买盘
2214,13:20:00,8.72,0.0,7,6104,卖盘
2215,13:20:06,8.73,0.01,273,238058,买盘
2216,13:20:09,8.72,-0.01,95,82851,卖盘
2217,13:20:12,8.73,0.01,16,13967,买盘
2218,13:20:15,8.72,-0.01,2,1744,卖盘
2219,13:20:18,8.73,0.01,40,34920,买盘
2220,13:20:21,8.72,-0.01,11,9597,卖盘
2221,13:20:24,8.71,-0.01,2,1743,卖盘
2222,13:20:27,8.72,0.01,42,36624,卖盘
2223,13:20:34,8.73,0.01,4,3492,买盘
2224,13:20:36,8.73,0.0,1,873,买盘
2225,13:20:42,8.71,-0.02,10,8711,卖盘
2226,13:20:51,8.73,0.02,6,5238,买盘
2227,13:20:54,8.72,-0.01,2,1744,卖盘
2228,13:20:58,8.73,0.01,9,7857,买盘
2229,13:21:00,8.73,0.0,1,873,买盘
2230,13:21:03,8.73,0.0,10,8730,买盘
2231,13:21:06,8.72,-0.01,68,59296,卖盘
2232,13:21:13,8.73,0.01,12,10469,买盘
2233,13:21:16,8.73,0.0,18,15712,买盘
2234,13:21:21,8.72,-0.01,66,57610,买盘
2235,13:21:24,8.72,0.0,2,1744,买盘
2236,13:21:27,8.72,0.0,13,11336,买盘
2237,13:21:30,8.71,-0.01,39,34005,卖盘
2238,13:21:33,8.72,0.01,6,5232,买盘
2239,13:21:42,8.71,-0.01,14,12194,卖盘
2240,13:21:45,8.73,0.02,5,4361,买盘
2241,13:21:48,8.71,-0.02,8,6968,卖盘
2242,13:21:54,8.72,0.01,29,25289,卖盘
2243,13:21:57,8.72,0.0,6,5232,买盘
2244,13:22:00,8.72,0.0,20,17440,买盘
2245,13:22:04,8.72,0.0,45,39240,买盘
2246,13:22:09,8.71,-0.01,3,2613,卖盘
2247,13:22:16,8.73,0.02,7,6109,买盘
2248,13:22:19,8.73,0.0,47,40983,买盘
2249,13:22:21,8.73,0.0,3,2615,买盘
2250,13:22:24,8.71,-0.02,2,1742,卖盘
2251,13:22:30,8.72,0.01,11,9592,买盘
2252,13:22:33,8.73,0.01,10,8730,买盘
2253,13:22:37,8.73,0.0,2,1746,买盘
2254,13:22:40,8.73,0.0,8,6984,买盘
2255,13:22:42,8.73,0.0,27,23571,买盘
2256,13:22:45,8.72,-0.01,6,5235,卖盘
2257,13:22:48,8.72,0.0,4,3488,卖盘
2258,13:22:51,8.73,0.01,10,8730,买盘
2259,13:22:54,8.73,0.0,1,873,买盘
2260,13:22:57,8.73,0.0,9,7853,买盘
2261,13:23:00,8.73,0.0,38,33174,买盘
2262,13:23:06,8.73,0.0,14,12222,买盘
2263,13:23:12,8.73,0.0,7,6111,买盘
2264,13:23:15,8.73,0.0,9,7857,买盘
2265,13:23:18,8.73,0.0,70,61107,买盘
2266,13:23:21,8.73,0.0,6,5238,买盘
2267,13:23:24,8.73,0.0,21,18333,买盘
2268,13:23:27,8.72,-0.01,2,1744,卖盘
2269,13:23:33,8.73,0.01,5,4365,买盘
2270,13:23:42,8.73,0.0,4,3489,买盘
2271,13:23:45,8.73,0.0,12,10476,买盘
2272,13:23:52,8.73,0.0,9,7857,买盘
2273,13:23:54,8.73,0.0,35,30555,买盘
2274,13:23:57,8.73,0.0,49,42777,买盘
2275,13:24:00,8.73,0.0,30,26190,买盘
2276,13:24:04,8.73,0.0,35,30549,买盘
2277,13:24:06,8.74,0.01,10,8740,买盘
2278,13:24:12,8.74,0.0,63,55059,买盘
2279,13:24:15,8.74,0.0,19,16606,买盘
2280,13:24:21,8.74,0.0,1,874,买盘
2281,13:24:24,8.73,-0.01,3,2619,卖盘
2282,13:24:36,8.74,0.01,1,874,买盘
2283,13:24:39,8.73,-0.01,17,14855,卖盘
2284,13:24:45,8.73,0.0,5,4365,卖盘
2285,13:24:57,8.74,0.01,10,8735,买盘
2286,13:25:00,8.73,-0.01,61,53253,卖盘
2287,13:25:06,8.74,0.01,1,874,买盘
2288,13:25:09,8.73,-0.01,5,4365,卖盘
2289,13:25:12,8.74,0.01,5,4370,买盘
2290,13:25:15,8.74,0.0,10,8740,买盘
2291,13:25:18,8.74,0.0,40,34960,买盘
2292,13:25:27,8.73,-0.01,11,9607,卖盘
2293,13:25:31,8.73,0.0,77,67221,卖盘
2294,13:25:34,8.73,0.0,159,138837,卖盘
2295,13:25:37,8.73,0.0,24,20952,买盘
2296,13:25:39,8.73,0.0,103,89943,买盘
2297,13:25:42,8.74,0.01,18,15706,买盘
2298,13:25:52,8.72,-0.02,2,1744,卖盘
2299,13:25:55,8.72,0.0,2,1744,卖盘
2300,13:25:58,8.73,0.01,18,15724,卖盘
2301,13:26:00,8.73,0.0,59,51507,卖盘
2302,13:26:06,8.74,0.01,1,874,买盘
2303,13:26:21,8.74,0.0,8,6992,买盘
2304,13:26:33,8.73,-0.01,25,21842,卖盘
2305,13:26:36,8.74,0.01,2,1747,买盘
2306,13:26:39,8.73,-0.01,3,2619,卖盘
2307,13:26:45,8.73,0.0,81,70713,卖盘
2308,13:26:48,8.73,0.0,1,873,卖盘
2309,13:26:51,8.73,0.0,126,109998,卖盘
2310,13:26:54,8.75,0.02,560,489331,买盘
2311,13:26:57,8.74,-0.01,1,874,卖盘
2312,13:27:01,8.75,0.01,5,4374,买盘
2313,13:27:04,8.74,-0.01,3,2622,卖盘
2314,13:27:06,8.75,0.01,5,4371,买盘
2315,13:27:09,8.74,-0.01,27,23598,卖盘
2316,13:27:12,8.75,0.01,241,210868,买盘
2317,13:27:15,8.75,0.0,6,5250,卖盘
2318,13:27:18,8.75,0.0,288,252000,卖盘
2319,13:27:22,8.75,0.0,239,209125,卖盘
2320,13:27:25,8.75,0.0,151,132125,卖盘
2321,13:27:28,8.75,0.0,584,511000,卖盘
2322,13:27:30,8.74,-0.01,31,27098,卖盘
2323,13:27:33,8.74,0.0,42,36708,卖盘
2324,13:27:36,8.74,0.0,14,12236,卖盘
2325,13:27:39,8.73,-0.01,110,96032,卖盘
2326,13:27:45,8.74,0.01,2,1748,卖盘
2327,13:27:49,8.74,0.0,11,9614,卖盘
2328,13:27:52,8.74,0.0,7,6118,卖盘
2329,13:27:55,8.75,0.01,1,875,买盘
2330,13:27:58,8.74,-0.01,1,874,卖盘
2331,13:28:00,8.74,0.0,1,874,卖盘
2332,13:28:04,8.74,0.0,3,2622,卖盘
2333,13:28:06,8.74,0.0,47,41098,卖盘
2334,13:28:12,8.74,0.0,5,4370,买盘
2335,13:28:15,8.73,-0.01,2,1746,卖盘
2336,13:28:19,8.73,0.0,4,3492,卖盘
2337,13:28:21,8.74,0.01,1,874,买盘
2338,13:28:24,8.73,-0.01,49,42777,卖盘
2339,13:28:30,8.74,0.01,74,64672,买盘
2340,13:28:39,8.74,0.0,5,4370,卖盘
2341,13:28:42,8.75,0.01,16,13999,买盘
2342,13:28:52,8.75,0.0,8,7000,买盘
2343,13:28:57,8.74,-0.01,4,3496,卖盘
2344,13:29:04,8.74,0.0,14,12244,卖盘
2345,13:29:09,8.75,0.01,1,875,买盘
2346,13:29:13,8.74,-0.01,4,3496,卖盘
2347,13:29:18,8.74,0.0,7,6122,卖盘
2348,13:29:21,8.75,0.01,2,1750,买盘
2349,13:29:24,8.75,0.0,201,175874,买盘
2350,13:29:27,8.75,0.0,160,139997,买盘
2351,13:29:34,8.75,0.0,13,11387,卖盘
2352,13:29:42,8.76,0.01,11,9636,买盘
2353,13:29:45,8.75,-0.01,9,7879,卖盘
2354,13:29:48,8.75,0.0,21,18390,卖盘
2355,13:29:51,8.75,0.0,4,3500,卖盘
2356,13:29:54,8.76,0.01,1,876,买盘
2357,13:30:01,8.75,-0.01,3,2625,卖盘
2358,13:30:06,8.75,0.0,77,67390,卖盘
2359,13:30:09,8.75,0.0,20,17500,卖盘
2360,13:30:12,8.76,0.01,9,7884,买盘
2361,13:30:15,8.76,0.0,1,876,买盘
2362,13:30:18,8.76,0.0,40,35040,买盘
2363,13:30:24,8.76,0.0,1,876,买盘
2364,13:30:27,8.76,0.0,4,3504,买盘
2365,13:30:33,8.77,0.01,500,438394,买盘
2366,13:30:36,8.75,-0.02,2,1750,卖盘
2367,13:30:39,8.77,0.02,13,11401,买盘
2368,13:30:42,8.77,0.0,5,4385,卖盘
2369,13:30:45,8.77,0.0,8,7016,卖盘
2370,13:30:48,8.78,0.01,5,4389,买盘
2371,13:30:54,8.77,-0.01,1,877,买盘
2372,13:30:57,8.78,0.01,4,3509,买盘
2373,13:31:01,8.76,-0.02,7,6132,卖盘
2374,13:31:06,8.78,0.02,5,4390,买盘
2375,13:31:09,8.78,0.0,365,320470,买盘
2376,13:31:12,8.78,0.0,4,3512,买盘
2377,13:31:24,8.78,0.0,1,878,买盘
2378,13:31:33,8.78,0.0,1,878,买盘
2379,13:31:36,8.77,-0.01,1,877,卖盘
2380,13:31:39,8.77,0.0,8,7022,卖盘
2381,13:31:42,8.78,0.01,5,4386,买盘
2382,13:31:45,8.78,0.0,242,212476,买盘
2383,13:31:48,8.78,0.0,33,28974,买盘
2384,13:31:51,8.77,-0.01,25,21935,卖盘
2385,13:31:54,8.77,0.0,2,1754,卖盘
2386,13:32:00,8.78,0.01,20,17560,买盘
2387,13:32:09,8.77,-0.01,4,3509,卖盘
2388,13:32:15,8.77,0.0,333,292046,卖盘
2389,13:32:18,8.76,-0.01,6,5256,卖盘
2390,13:32:21,8.76,0.0,6,5256,卖盘
2391,13:32:27,8.77,0.01,5,4385,买盘
2392,13:32:30,8.77,0.0,26,22798,买盘
2393,13:32:33,8.76,-0.01,1,876,卖盘
2394,13:32:36,8.77,0.01,7,6139,买盘
2395,13:32:39,8.76,-0.01,4,3504,卖盘
2396,13:32:45,8.76,0.0,353,309228,卖盘
2397,13:32:48,8.75,-0.01,6,5250,卖盘
2398,13:32:51,8.75,0.0,564,493500,卖盘
2399,13:33:04,8.76,0.01,24,21040,买盘
2400,13:33:07,8.77,0.01,5,4381,买盘
2401,13:33:10,8.76,-0.01,5,4380,卖盘
2402,13:33:12,8.76,0.0,77,67452,卖盘
2403,13:33:18,8.76,0.0,62,54312,卖盘
2404,13:33:21,8.77,0.01,101,88571,买盘
2405,13:33:30,8.76,-0.01,1,876,买盘
2406,13:33:33,8.75,-0.01,1,875,卖盘
2407,13:33:36,8.76,0.01,1,876,买盘
2408,13:33:39,8.75,-0.01,2,1750,卖盘
2409,13:33:42,8.75,0.0,4,3500,卖盘
2410,13:33:51,8.76,0.01,6,5256,买盘
2411,13:33:55,8.75,-0.01,125,109495,卖盘
2412,13:33:57,8.76,0.01,6,5252,买盘
2413,13:34:01,8.74,-0.02,82,71741,卖盘
2414,13:34:06,8.75,0.01,13,11375,买盘
2415,13:34:10,8.75,0.0,1,875,买盘
2416,13:34:18,8.74,-0.01,2,1748,卖盘
2417,13:34:33,8.74,0.0,3,2622,卖盘
2418,13:34:36,8.74,0.0,101,88274,卖盘
2419,13:34:39,8.75,0.01,1,875,买盘
2420,13:34:45,8.75,0.0,20,17500,买盘
2421,13:34:48,8.74,-0.01,3,2622,卖盘
2422,13:34:51,8.75,0.01,101,88275,买盘
2423,13:34:54,8.74,-0.01,5,4370,卖盘
2424,13:35:03,8.75,0.01,4,3500,买盘
2425,13:35:09,8.74,-0.01,28,24478,卖盘
2426,13:35:12,8.74,0.0,169,147706,卖盘
2427,13:35:15,8.74,0.0,101,88222,买盘
2428,13:35:18,8.73,-0.01,2,1746,卖盘
2429,13:35:21,8.74,0.01,2,1748,买盘
2430,13:35:24,8.74,0.0,1,874,买盘
2431,13:35:27,8.72,-0.02,61,53188,卖盘
2432,13:35:30,8.72,0.0,6,5232,卖盘
2433,13:35:33,8.72,0.0,1,872,卖盘
2434,13:35:36,8.72,0.0,9,7847,卖盘
2435,13:35:43,8.72,0.0,58,50580,卖盘
2436,13:35:51,8.74,0.02,3,2618,买盘
2437,13:36:00,8.72,-0.02,102,88944,卖盘
2438,13:36:06,8.72,0.0,85,74120,卖盘
2439,13:36:12,8.73,0.01,1,873,买盘
2440,13:36:15,8.72,-0.01,4,3489,卖盘
2441,13:36:18,8.73,0.01,78,68065,买盘
2442,13:36:21,8.72,-0.01,1,872,卖盘
2443,13:36:24,8.73,0.01,1,873,买盘
2444,13:36:27,8.72,-0.01,5,4360,卖盘
2445,13:36:33,8.73,0.01,2,1746,买盘
2446,13:36:36,8.73,0.0,12,10471,买盘
2447,13:36:39,8.74,0.01,31,27079,买盘
2448,13:36:42,8.73,-0.01,25,21825,卖盘
2449,13:36:45,8.73,0.0,4,3492,买盘
2450,13:36:51,8.73,0.0,27,23571,买盘
2451,13:36:57,8.73,0.0,5,4365,卖盘
2452,13:37:06,8.74,0.01,35,30590,买盘
2453,13:37:09,8.73,-0.01,2,1746,卖盘
2454,13:37:12,8.73,0.0,5,4365,卖盘
2455,13:37:15,8.73,0.0,4,3492,卖盘
2456,13:37:18,8.73,0.0,7,6112,卖盘
2457,13:37:21,8.73,0.0,80,69840,卖盘
2458,13:37:24,8.74,0.01,1,874,买盘
2459,13:37:27,8.73,-0.01,4,3492,卖盘
2460,13:37:36,8.73,0.0,1,873,卖盘
2461,13:37:39,8.73,0.0,25,21831,卖盘
2462,13:37:45,8.74,0.01,203,177419,买盘
2463,13:37:51,8.74,0.0,1,874,买盘
2464,13:37:58,8.73,-0.01,9,7863,卖盘
2465,13:38:01,8.74,0.01,14,12236,买盘
2466,13:38:04,8.74,0.0,193,168563,买盘
2467,13:38:24,8.74,0.0,1,874,买盘
2468,13:38:36,8.74,0.0,5,4370,买盘
2469,13:38:39,8.74,0.0,27,23598,买盘
2470,13:38:42,8.74,0.0,20,17480,买盘
2471,13:38:45,8.74,0.0,5,4370,买盘
2472,13:38:48,8.74,0.0,107,93518,买盘
2473,13:38:51,8.74,0.0,173,151202,买盘
2474,13:38:54,8.74,0.0,99,86523,买盘
2475,13:38:57,8.74,0.0,32,27967,买盘
2476,13:39:00,8.75,0.01,102,89153,买盘
2477,13:39:04,8.75,0.0,10,8750,买盘
2478,13:39:09,8.75,0.0,19,16625,买盘
2479,13:39:12,8.75,0.0,8,6999,买盘
2480,13:39:15,8.75,0.0,11,9625,买盘
2481,13:39:18,8.75,0.0,51,44625,买盘
2482,13:39:21,8.75,0.0,338,295750,买盘
2483,13:39:24,8.75,0.0,459,401625,买盘
2484,13:39:27,8.76,0.01,163,142701,买盘
2485,13:39:30,8.76,0.0,107,93732,买盘
2486,13:39:33,8.73,-0.03,506,442397,卖盘
2487,13:39:36,8.74,0.01,262,228986,买盘
2488,13:39:39,8.74,0.0,64,55935,买盘
2489,13:39:42,8.74,0.0,28,24472,买盘
2490,13:39:45,8.74,0.0,192,167808,买盘
2491,13:39:51,8.76,0.02,6,5256,买盘
2492,13:39:54,8.76,0.0,6,5256,买盘
2493,13:40:00,8.74,-0.02,1000,874556,卖盘
2494,13:40:04,8.76,0.02,5,4380,买盘
2495,13:40:06,8.75,-0.01,8,7000,中性盘
2496,13:40:09,8.75,0.0,14,12250,买盘
2497,13:40:12,8.74,-0.01,68,59526,卖盘
2498,13:40:15,8.76,0.02,242,211990,买盘
2499,13:40:19,8.76,0.0,24,21024,买盘
2500,13:40:21,8.76,0.0,15,13140,买盘
2501,13:40:24,8.75,-0.01,11,9633,卖盘
2502,13:40:27,8.75,0.0,4,3500,卖盘
2503,13:40:30,8.74,-0.01,1528,1335718,卖盘
2504,13:40:33,8.74,0.0,7,6118,买盘
2505,13:40:36,8.74,0.0,15,13109,买盘
2506,13:40:39,8.74,0.0,362,316387,买盘
2507,13:40:42,8.76,0.02,800,700620,买盘
2508,13:40:45,8.73,-0.03,2,1746,卖盘
2509,13:40:49,8.76,0.03,12,10512,中性盘
2510,13:40:51,8.74,-0.02,4,3496,卖盘
2511,13:40:57,8.73,-0.01,1261,1101015,卖盘
2512,13:41:00,8.73,0.0,108,94236,买盘
2513,13:41:04,8.73,0.0,132,115236,买盘
2514,13:41:09,8.73,0.0,1,873,买盘
2515,13:41:12,8.73,0.0,25,21825,买盘
2516,13:41:16,8.73,0.0,20,17460,买盘
2517,13:41:21,8.73,0.0,562,490622,买盘
2518,13:41:24,8.73,0.0,6,5238,买盘
2519,13:41:27,8.72,-0.01,17,14838,卖盘
2520,13:41:30,8.73,0.01,29,25317,买盘
2521,13:41:39,8.73,0.0,12,10492,卖盘
2522,13:41:42,8.75,0.02,2,1750,买盘
2523,13:41:51,8.72,-0.03,939,819810,卖盘
2524,13:41:54,8.73,0.01,10,8730,买盘
2525,13:41:57,8.73,0.0,56,48888,买盘
2526,13:42:00,8.73,0.0,2,1748,卖盘
2527,13:42:10,8.74,0.01,13,11351,中性盘
2528,13:42:15,8.73,-0.01,4,3492,卖盘
2529,13:42:21,8.74,0.01,15,13110,买盘
2530,13:42:24,8.74,0.0,39,34086,买盘
2531,13:42:36,8.74,0.0,270,235980,卖盘
2532,13:42:39,8.74,0.0,1,874,卖盘
2533,13:42:43,8.75,0.01,17,14875,买盘
2534,13:42:48,8.75,0.0,150,131250,买盘
2535,13:42:51,8.75,0.0,1,875,买盘
2536,13:42:57,8.75,0.0,6,5250,买盘
2537,13:43:01,8.75,0.0,11,9619,买盘
2538,13:43:04,8.74,-0.01,5,4370,卖盘
2539,13:43:06,8.75,0.01,40,35000,买盘
2540,13:43:15,8.75,0.0,1174,1027250,卖盘
2541,13:43:18,8.74,-0.01,14,12236,卖盘
2542,13:43:21,8.74,0.0,391,341694,卖盘
2543,13:43:24,8.73,-0.01,47,41042,卖盘
2544,13:43:27,8.73,0.0,60,52380,卖盘
2545,13:43:30,8.73,0.0,11,9604,卖盘
2546,13:43:33,8.74,0.01,16,13973,买盘
2547,13:43:36,8.73,-0.01,7,6111,卖盘
2548,13:43:39,8.74,0.01,10,8735,买盘
2549,13:43:42,8.73,-0.01,3,2619,卖盘
2550,13:43:45,8.74,0.01,54,47190,买盘
2551,13:43:48,8.73,-0.01,12,10476,卖盘
2552,13:43:51,8.73,0.0,9,7857,卖盘
2553,13:43:54,8.74,0.01,5,4366,买盘
2554,13:43:57,8.73,-0.01,8,6984,卖盘
2555,13:44:00,8.74,0.01,14,12223,买盘
2556,13:44:04,8.73,-0.01,15,13095,卖盘
2557,13:44:06,8.73,0.0,3,2619,卖盘
2558,13:44:09,8.73,0.0,3,2619,卖盘
2559,13:44:12,8.73,0.0,3,2619,卖盘
2560,13:44:15,8.73,0.0,3,2619,卖盘
2561,13:44:18,8.73,0.0,4,3492,卖盘
2562,13:44:21,8.73,0.0,3,2619,卖盘
2563,13:44:24,8.73,0.0,32,27937,卖盘
2564,13:44:27,8.72,-0.01,299,260801,卖盘
2565,13:44:30,8.71,-0.01,71,61841,卖盘
2566,13:44:34,8.71,0.0,41,35711,卖盘
2567,13:44:36,8.71,0.0,1,871,卖盘
2568,13:44:39,8.72,0.01,4,3488,买盘
2569,13:44:42,8.72,0.0,101,88072,卖盘
2570,13:44:48,8.72,0.0,6,5232,卖盘
2571,13:44:54,8.73,0.01,8,6977,买盘
2572,13:45:00,8.72,-0.01,40,34880,卖盘
2573,13:45:04,8.72,0.0,43,37496,卖盘
2574,13:45:06,8.71,-0.01,5,4355,卖盘
2575,13:45:12,8.72,0.01,373,325243,买盘
2576,13:45:15,8.72,0.0,40,34880,买盘
2577,13:45:21,8.72,0.0,241,210142,买盘
2578,13:45:27,8.72,0.0,79,68888,买盘
2579,13:45:30,8.72,0.0,24,20928,买盘
2580,13:45:33,8.72,0.0,320,279040,买盘
2581,13:45:39,8.72,0.0,2,1743,买盘
2582,13:45:42,8.71,-0.01,35,30511,卖盘
2583,13:45:45,8.71,0.0,64,55744,卖盘
2584,13:45:51,8.71,0.0,10,8710,卖盘
2585,13:45:54,8.71,0.0,319,278165,卖盘
2586,13:45:57,8.72,0.01,1,872,买盘
2587,13:46:09,8.72,0.0,1,872,买盘
2588,13:46:15,8.72,0.0,8,6976,买盘
2589,13:46:18,8.71,-0.01,3,2613,卖盘
2590,13:46:21,8.72,0.01,210,183120,买盘
2591,13:46:27,8.72,0.0,5,4360,买盘
2592,13:46:30,8.72,0.0,23,20056,买盘
2593,13:46:33,8.72,0.0,31,27032,买盘
2594,13:46:36,8.72,0.0,2,1744,卖盘
2595,13:46:39,8.72,0.0,1,872,卖盘
2596,13:46:42,8.73,0.01,1,873,买盘
2597,13:46:45,8.72,-0.01,78,68030,卖盘
2598,13:46:48,8.73,0.01,7,6111,买盘
2599,13:46:51,8.71,-0.02,358,312172,卖盘
2600,13:47:00,8.72,0.01,1,872,买盘
2601,13:47:03,8.72,0.0,45,39200,买盘
2602,13:47:09,8.72,0.0,4,3488,买盘
2603,13:47:12,8.72,0.0,1,872,买盘
2604,13:47:21,8.72,0.0,27,23544,买盘
2605,13:47:24,8.71,-0.01,12,10462,卖盘
2606,13:47:27,8.72,0.01,27,23544,买盘
2607,13:47:30,8.72,0.0,80,69760,买盘
2608,13:47:33,8.71,-0.01,6,5226,卖盘
2609,13:47:36,8.73,0.02,6,5238,买盘
2610,13:47:39,8.71,-0.02,447,389398,卖盘
2611,13:47:42,8.71,0.0,55,47905,买盘
2612,13:47:45,8.7,-0.01,64,55711,卖盘
2613,13:47:51,8.71,0.01,13,11323,买盘
2614,13:47:54,8.71,0.0,3,2613,卖盘
2615,13:48:00,8.72,0.01,32,27877,买盘
2616,13:48:04,8.71,-0.01,2,1742,卖盘
2617,13:48:09,8.72,0.01,1,872,买盘
2618,13:48:12,8.71,-0.01,412,358852,卖盘
2619,13:48:15,8.71,0.0,10,8710,买盘
2620,13:48:18,8.71,0.0,50,43507,买盘
2621,13:48:21,8.71,0.0,6,5226,买盘
2622,13:48:33,8.7,-0.01,6,5220,卖盘
2623,13:48:36,8.69,-0.01,499,434129,卖盘
2624,13:48:39,8.7,0.01,39,33930,买盘
2625,13:48:42,8.69,-0.01,62,53939,卖盘
2626,13:48:45,8.69,0.0,329,286161,卖盘
2627,13:48:48,8.7,0.01,147,127888,买盘
2628,13:48:51,8.7,0.0,2,1740,中性盘
2629,13:49:06,8.72,0.02,156,135877,买盘
2630,13:49:15,8.72,0.0,6,5232,买盘
2631,13:49:24,8.7,-0.02,187,162793,卖盘
2632,13:49:27,8.7,0.0,6,5220,买盘
2633,13:49:30,8.7,0.0,64,55680,买盘
2634,13:49:33,8.7,0.0,297,258383,买盘
2635,13:49:45,8.7,0.0,6,5220,卖盘
2636,13:49:51,8.72,0.02,10,8720,买盘
2637,13:49:54,8.72,0.0,1,872,买盘
2638,13:49:57,8.7,-0.02,507,441090,卖盘
2639,13:50:04,8.7,0.0,4,3480,卖盘
2640,13:50:09,8.72,0.02,1,872,买盘
2641,13:50:12,8.72,0.0,41,35752,买盘
2642,13:50:18,8.7,-0.02,4,3480,卖盘
2643,13:50:21,8.72,0.02,17,14824,买盘
2644,13:50:24,8.72,0.0,18,15662,买盘
2645,13:50:31,8.72,0.0,132,115104,买盘
2646,13:50:33,8.7,-0.02,9,7830,卖盘
2647,13:50:39,8.7,0.0,156,135720,卖盘
2648,13:50:42,8.69,-0.01,1,869,卖盘
2649,13:50:45,8.7,0.01,31,26970,买盘
2650,13:50:51,8.7,0.0,14,12176,买盘
2651,13:50:54,8.7,0.0,1,870,买盘
2652,13:50:58,8.69,-0.01,358,311472,卖盘
2653,13:51:01,8.7,0.01,5,4350,中性盘
2654,13:51:04,8.69,-0.01,500,434574,卖盘
2655,13:51:09,8.69,0.0,2,1738,卖盘
2656,13:51:19,8.71,0.02,8,6968,买盘
2657,13:51:24,8.71,0.0,8,6961,买盘
2658,13:51:36,8.7,-0.01,15,13064,卖盘
2659,13:51:39,8.7,0.0,4,3480,卖盘
2660,13:51:42,8.71,0.01,6,5226,买盘
2661,13:51:48,8.71,0.0,5,4355,买盘
2662,13:51:54,8.7,-0.01,2,1741,卖盘
2663,13:52:00,8.7,0.0,14,12180,卖盘
2664,13:52:07,8.69,-0.01,229,199228,卖盘
2665,13:52:12,8.69,0.0,8,6957,卖盘
2666,13:52:15,8.7,0.01,6,5220,买盘
2667,13:52:18,8.69,-0.01,10,8698,卖盘
2668,13:52:21,8.7,0.01,569,494691,买盘
2669,13:52:24,8.7,0.0,21,18270,买盘
2670,13:52:27,8.69,-0.01,84,72996,卖盘
2671,13:52:33,8.68,-0.01,7,6082,卖盘
2672,13:52:40,8.69,0.01,82,71257,买盘
2673,13:52:42,8.68,-0.01,2,1736,卖盘
2674,13:52:48,8.68,0.0,296,256928,卖盘
2675,13:52:51,8.69,0.01,4,3476,买盘
2676,13:52:54,8.68,-0.01,1,868,卖盘
2677,13:53:00,8.69,0.01,175,152075,买盘
2678,13:53:03,8.68,-0.01,414,359465,卖盘
2679,13:53:06,8.68,0.0,5,4340,买盘
2680,13:53:09,8.68,0.0,18,15624,买盘
2681,13:53:12,8.67,-0.01,2,1735,卖盘
2682,13:53:15,8.68,0.01,250,217000,买盘
2683,13:53:18,8.67,-0.01,1,867,卖盘
2684,13:53:21,8.68,0.01,5,4340,买盘
2685,13:53:27,8.67,-0.01,50,43392,卖盘
2686,13:53:36,8.68,0.01,4,3472,买盘
2687,13:53:39,8.67,-0.01,2,1735,卖盘
2688,13:53:42,8.67,0.0,81,70227,卖盘
2689,13:53:45,8.67,0.0,1,867,卖盘
2690,13:53:48,8.67,0.0,36,31246,卖盘
2691,13:53:51,8.68,0.01,103,89402,买盘
2692,13:53:54,8.68,0.0,123,106763,买盘
2693,13:53:57,8.68,0.0,109,94610,买盘
2694,13:54:00,8.68,0.0,37,32116,买盘
2695,13:54:06,8.68,0.0,17,14771,卖盘
2696,13:54:09,8.7,0.02,8,6946,中性盘
2697,13:54:12,8.7,0.0,6,5220,买盘
2698,13:54:15,8.67,-0.03,548,475259,卖盘
2699,13:54:18,8.67,0.0,15,13005,买盘
2700,13:54:21,8.67,0.0,10,8670,买盘
2701,13:54:24,8.67,0.0,6,5202,买盘
2702,13:54:27,8.67,0.0,168,145656,买盘
2703,13:54:30,8.66,-0.01,3,2600,卖盘
2704,13:54:33,8.66,0.0,11,9531,卖盘
2705,13:54:36,8.67,0.01,9,7797,买盘
2706,13:54:39,8.67,0.0,38,32945,买盘
2707,13:54:42,8.67,0.0,1,867,买盘
2708,13:54:46,8.67,0.0,301,260967,买盘
2709,13:54:49,8.66,-0.01,1071,927501,卖盘
2710,13:54:51,8.66,0.0,135,116800,买盘
2711,13:54:54,8.66,0.0,39,33774,买盘
2712,13:54:57,8.65,-0.01,18,15587,卖盘
2713,13:55:01,8.65,0.0,240,207786,卖盘
2714,13:55:04,8.65,0.0,70,60550,卖盘
2715,13:55:06,8.66,0.01,1,866,买盘
2716,13:55:09,8.66,0.0,18,15587,买盘
2717,13:55:12,8.66,0.0,241,208706,买盘
2718,13:55:15,8.66,0.0,15,12988,买盘
2719,13:55:18,8.65,-0.01,130,112477,卖盘
2720,13:55:21,8.66,0.01,2,1732,买盘
2721,13:55:25,8.65,-0.01,8,6925,卖盘
2722,13:55:27,8.65,0.0,3,2595,卖盘
2723,13:55:31,8.65,0.0,9,7790,卖盘
2724,13:55:36,8.66,0.01,239,206909,买盘
2725,13:55:39,8.66,0.0,25,21649,买盘
2726,13:55:42,8.65,-0.01,21,18185,卖盘
2727,13:55:45,8.66,0.01,46,39833,买盘
2728,13:55:48,8.66,0.0,80,69276,买盘
2729,13:55:51,8.66,0.0,44,38104,买盘
2730,13:55:54,8.66,0.0,136,117776,买盘
2731,13:55:58,8.66,0.0,226,195716,买盘
2732,13:56:00,8.66,0.0,304,263264,买盘
2733,13:56:04,8.66,0.0,80,69276,买盘
2734,13:56:06,8.65,-0.01,69,59725,卖盘
2735,13:56:09,8.66,0.01,16,13856,买盘
2736,13:56:12,8.66,0.0,122,105652,买盘
2737,13:56:15,8.66,0.0,63,54558,买盘
2738,13:56:18,8.66,0.0,7,6059,买盘
2739,13:56:21,8.65,-0.01,3,2595,卖盘
2740,13:56:24,8.66,0.01,11,9526,买盘
2741,13:56:27,8.65,-0.01,48,41520,卖盘
2742,13:56:30,8.66,0.01,126,109113,买盘
2743,13:56:33,8.66,0.0,7,6062,买盘
2744,13:56:39,8.66,0.0,1,866,买盘
2745,13:56:42,8.66,0.0,3,2597,买盘
2746,13:56:46,8.66,0.0,6,5194,买盘
2747,13:56:51,8.65,-0.01,8,6920,卖盘
2748,13:56:54,8.66,0.01,80,69280,买盘
2749,13:56:57,8.66,0.0,17,14720,买盘
2750,13:57:00,8.66,0.0,26,22516,买盘
2751,13:57:04,8.66,0.0,7,6063,卖盘
2752,13:57:06,8.67,0.01,32,27714,买盘
2753,13:57:09,8.68,0.01,11,9541,买盘
2754,13:57:15,8.66,-0.02,38,32943,卖盘
2755,13:57:18,8.67,0.01,23,19941,买盘
2756,13:57:21,8.67,0.0,19,16471,买盘
2757,13:57:24,8.68,0.01,30,26040,买盘
2758,13:57:27,8.68,0.0,18,15623,买盘
2759,13:57:30,8.68,0.0,9,7812,买盘
2760,13:57:33,8.67,-0.01,125,108515,卖盘
2761,13:57:36,8.69,0.02,40,34760,买盘
2762,13:57:39,8.69,0.0,10,8690,买盘
2763,13:57:42,8.68,-0.01,8,6949,卖盘
2764,13:57:45,8.69,0.01,54,46923,买盘
2765,13:57:48,8.68,-0.01,7,6079,卖盘
2766,13:57:51,8.69,0.01,5,4345,买盘
2767,13:57:54,8.69,0.0,5,4345,买盘
2768,13:57:57,8.68,-0.01,2,1736,卖盘
2769,13:58:00,8.67,-0.01,592,513852,卖盘
2770,13:58:03,8.67,0.0,51,44217,卖盘
2771,13:58:06,8.67,0.0,53,45956,卖盘
2772,13:58:09,8.66,-0.01,26,22516,卖盘
2773,13:58:12,8.66,0.0,18,15588,卖盘
2774,13:58:15,8.66,0.0,363,314602,卖盘
2775,13:58:18,8.66,0.0,2,1732,卖盘
2776,13:58:21,8.66,0.0,5,4331,卖盘
2777,13:58:24,8.67,0.01,10,8661,买盘
2778,13:58:28,8.66,-0.01,6,5196,卖盘
2779,13:58:30,8.66,0.0,2,1732,卖盘
2780,13:58:33,8.67,0.01,13,11268,买盘
2781,13:58:36,8.66,-0.01,10,8660,卖盘
2782,13:58:39,8.67,0.01,97,84003,买盘
2783,13:58:42,8.66,-0.01,3,2598,卖盘
2784,13:58:45,8.66,0.0,28,24254,卖盘
2785,13:58:48,8.66,0.0,1,866,卖盘
2786,13:58:54,8.65,-0.01,407,352349,卖盘
2787,13:58:57,8.67,0.02,1,867,买盘
2788,13:59:00,8.66,-0.01,1,866,卖盘
2789,13:59:04,8.66,0.0,5,4330,卖盘
2790,13:59:06,8.66,0.0,48,41568,卖盘
2791,13:59:09,8.66,0.0,12,10392,卖盘
2792,13:59:12,8.65,-0.01,62,53674,卖盘
2793,13:59:15,8.66,0.01,28,24253,卖盘
2794,13:59:18,8.67,0.01,1,867,买盘
2795,13:59:21,8.66,-0.01,38,32913,卖盘
2796,13:59:27,8.66,0.0,4,3465,卖盘
2797,13:59:30,8.66,0.0,1,866,卖盘
2798,13:59:33,8.67,0.01,19,16473,买盘
2799,13:59:39,8.66,-0.01,108,93611,卖盘
2800,13:59:42,8.67,0.01,1,867,买盘
2801,13:59:45,8.66,-0.01,1,866,卖盘
2802,13:59:51,8.65,-0.01,650,562379,卖盘
2803,13:59:54,8.66,0.01,1,866,卖盘
2804,13:59:57,8.66,0.0,6,5196,卖盘
2805,14:00:00,8.66,0.0,8,6928,卖盘
2806,14:00:04,8.67,0.01,1,867,买盘
2807,14:00:06,8.66,-0.01,11,9535,卖盘
2808,14:00:09,8.66,0.0,12,10399,卖盘
2809,14:00:12,8.66,0.0,335,290151,卖盘
2810,14:00:15,8.65,-0.01,143,123789,卖盘
2811,14:00:19,8.65,0.0,12,10400,卖盘
2812,14:00:30,8.65,0.0,2,1730,卖盘
2813,14:00:33,8.65,0.0,71,61435,卖盘
2814,14:00:40,8.66,0.01,25,21647,卖盘
2815,14:00:43,8.66,0.0,2,1733,卖盘
2816,14:00:48,8.67,0.01,5,4335,买盘
2817,14:00:55,8.65,-0.02,274,237064,卖盘
2818,14:00:57,8.65,0.0,23,19891,买盘
2819,14:01:00,8.65,0.0,201,173865,买盘
2820,14:01:03,8.65,0.0,2,1730,买盘
2821,14:01:06,8.65,0.0,145,125425,买盘
2822,14:01:09,8.65,0.0,55,47575,买盘
2823,14:01:12,8.67,0.02,50,43262,买盘
2824,14:01:24,8.67,0.0,12,10396,买盘
2825,14:01:30,8.67,0.0,13,11268,买盘
2826,14:01:33,8.67,0.0,12,10403,买盘
2827,14:01:36,8.67,0.0,10,8670,买盘
2828,14:01:39,8.65,-0.02,147,127306,卖盘
2829,14:01:42,8.66,0.01,6,5196,买盘
2830,14:01:45,8.66,0.0,184,159344,买盘
2831,14:01:48,8.66,0.0,10,8660,买盘
2832,14:01:51,8.66,0.0,210,181860,买盘
2833,14:01:54,8.66,0.0,105,90928,买盘
2834,14:02:00,8.66,0.0,1,866,卖盘
2835,14:02:06,8.67,0.01,82,71033,买盘
2836,14:02:09,8.67,0.0,1,867,买盘
2837,14:02:12,8.67,0.0,26,22542,买盘
2838,14:02:15,8.67,0.0,2,1734,买盘
2839,14:02:18,8.66,-0.01,1,866,卖盘
2840,14:02:22,8.66,0.0,3,2598,卖盘
2841,14:02:24,8.66,0.0,157,135962,卖盘
2842,14:02:27,8.67,0.01,512,444302,买盘
2843,14:02:33,8.67,0.0,8,6936,卖盘
2844,14:02:39,8.69,0.02,3,2607,买盘
2845,14:02:43,8.67,-0.02,404,351068,卖盘
2846,14:02:45,8.67,0.0,48,42026,卖盘
2847,14:02:48,8.69,0.02,66,57344,买盘
2848,14:02:52,8.69,0.0,23,19985,买盘
2849,14:02:54,8.69,0.0,12,10428,卖盘
2850,14:02:57,8.68,-0.01,1,868,中性盘
2851,14:03:00,8.67,-0.01,1,867,卖盘
2852,14:03:04,8.68,0.01,15,13016,买盘
2853,14:03:06,8.67,-0.01,3,2601,卖盘
2854,14:03:09,8.67,0.0,6,4825,卖盘
2855,14:03:12,8.67,0.0,192,166464,卖盘
2856,14:03:24,8.67,0.0,10,8670,买盘
2857,14:03:27,8.66,-0.01,15,12990,卖盘
2858,14:03:30,8.66,0.0,2,1732,卖盘
2859,14:03:33,8.66,0.0,6,5196,卖盘
2860,14:03:36,8.67,0.01,18,15606,买盘
2861,14:03:39,8.66,-0.01,5,4331,卖盘
2862,14:03:42,8.66,0.0,4,3464,卖盘
2863,14:03:45,8.66,0.0,2,1732,卖盘
2864,14:03:48,8.66,0.0,3,2598,卖盘
2865,14:03:51,8.67,0.01,8,6934,买盘
2866,14:03:57,8.66,-0.01,2,1732,卖盘
2867,14:04:04,8.66,0.0,6,5197,卖盘
2868,14:04:07,8.66,0.0,1,866,卖盘
2869,14:04:10,8.66,0.0,2,1732,卖盘
2870,14:04:12,8.66,0.0,3,2598,卖盘
2871,14:04:15,8.67,0.01,2,1734,买盘
2872,14:04:18,8.65,-0.02,288,249230,卖盘
2873,14:04:21,8.64,-0.01,2,1728,卖盘
2874,14:04:30,8.63,-0.01,260,224637,卖盘
2875,14:04:34,8.63,0.0,3,2589,卖盘
2876,14:04:36,8.64,0.01,141,121824,买盘
2877,14:04:42,8.64,0.0,8,6911,买盘
2878,14:04:48,8.62,-0.02,1437,1239487,卖盘
2879,14:04:51,8.63,0.01,9,7773,中性盘
2880,14:04:54,8.63,0.0,12,10356,卖盘
2881,14:05:00,8.63,0.0,13,11219,卖盘
2882,14:05:04,8.63,0.0,6,5178,卖盘
2883,14:05:06,8.63,0.0,3,2589,卖盘
2884,14:05:09,8.64,0.01,62,53552,买盘
2885,14:05:12,8.63,-0.01,65,56095,卖盘
2886,14:05:15,8.63,0.0,14,12082,卖盘
2887,14:05:18,8.63,0.0,254,219203,卖盘
2888,14:05:21,8.62,-0.01,19,16395,卖盘
2889,14:05:24,8.63,0.01,88,75944,买盘
2890,14:05:27,8.63,0.0,17,14686,卖盘
2891,14:05:30,8.64,0.01,33,28512,买盘
2892,14:05:33,8.64,0.0,68,58745,买盘
2893,14:05:36,8.64,0.0,56,48384,买盘
