,time,price,change,volume,amount,type
0,09:25:04,8.79,-0.05,224,196896,卖盘
1,09:30:04,8.76,-0.03,268,235387,卖盘
2,09:30:06,8.74,-0.02,110,96293,卖盘
3,09:30:10,8.79,0.05,398,349372,买盘
4,09:30:21,8.8,0.01,2,1760,买盘
5,09:30:24,8.8,0.0,61,53676,买盘
6,09:30:33,8.8,0.0,2,1760,卖盘
7,09:30:48,8.82,0.02,2,1764,买盘
8,09:30:55,8.82,0.0,8,7056,买盘
9,09:31:04,8.82,0.0,27,23814,卖盘
10,09:31:06,8.84,0.02,19,16788,买盘
11,09:31:09,8.81,-0.03,36,31809,卖盘
12,09:31:12,8.85,0.04,50,44150,买盘
13,09:31:18,8.81,-0.04,9,7929,卖盘
14,09:31:24,8.85,0.04,18,15930,买盘
15,09:31:27,8.85,0.0,3,2655,卖盘
16,09:31:30,8.84,-0.01,27,23868,买盘
17,09:31:36,8.84,0.0,41,36242,买盘
18,09:31:39,8.87,0.03,13,11528,买盘
19,09:31:43,8.87,0.0,41,36367,卖盘
20,09:31:46,8.87,0.0,4,3548,卖盘
21,09:31:48,8.87,0.0,41,36367,卖盘
22,09:31:51,8.85,-0.02,11,9741,卖盘
23,09:31:54,8.87,0.02,83,73618,买盘
24,09:31:57,8.86,-0.01,5,4430,卖盘
25,09:32:06,8.85,-0.01,10,8850,卖盘
26,09:32:09,8.84,-0.01,13,11493,卖盘
27,09:32:12,8.84,0.0,21,18593,卖盘
28,09:32:15,8.86,0.02,28,24784,买盘
29,09:32:18,8.84,-0.02,17,15028,卖盘
30,09:32:21,8.84,0.0,10,8838,买盘
31,09:32:24,8.84,0.0,90,79480,买盘
32,09:32:27,8.83,-0.01,1,883,卖盘
33,09:32:33,8.83,0.0,13,11479,卖盘
34,09:32:37,8.83,0.0,1,883,卖盘
35,09:32:40,8.83,0.0,3,2649,卖盘
36,09:32:42,8.83,0.0,3,2649,买盘
37,09:32:45,8.82,-0.01,33,29140,卖盘
38,09:32:54,8.83,0.01,5,4415,买盘
39,09:32:57,8.81,-0.02,38,33537,卖盘
40,09:33:00,8.84,0.03,144,127247,买盘
41,09:33:06,8.81,-0.03,1,881,卖盘
42,09:33:09,8.81,0.0,1,881,卖盘
43,09:33:15,8.81,0.0,1,881,卖盘
44,09:33:27,8.82,0.01,1,882,卖盘
45,09:33:36,8.82,0.0,1,882,卖盘
46,09:33:46,8.83,0.01,1,883,卖盘
47,09:33:49,8.84,0.01,73,64501,买盘
48,09:33:57,8.82,-0.02,6,5292,卖盘
49,09:34:00,8.85,0.03,80,70753,买盘
50,09:34:03,8.82,-0.03,142,125655,卖盘
51,09:34:06,8.84,0.02,1,884,中性盘
52,09:34:15,8.86,0.02,1,886,卖盘
53,09:34:18,8.86,0.0,47,41642,卖盘
54,09:34:21,8.87,0.01,61,54107,买盘
55,09:34:25,8.86,-0.01,31,27511,卖盘
56,09:34:27,8.86,0.0,1,886,卖盘
57,09:34:33,8.87,0.01,6,5322,卖盘
58,09:34:36,8.87,0.0,1,887,卖盘
59,09:34:39,8.89,0.02,63,56001,买盘
60,09:34:42,8.88,-0.01,5,4440,卖盘
61,09:34:45,8.87,-0.01,1,887,卖盘
62,09:34:48,8.88,0.01,8,7104,买盘
63,09:34:51,8.87,-0.01,3,2661,卖盘
64,09:34:54,8.87,0.0,51,45268,卖盘
65,09:34:57,8.87,0.0,20,17739,买盘
66,09:35:00,8.86,-0.01,2,1772,卖盘
67,09:35:04,8.86,0.0,6,5316,卖盘
68,09:35:06,8.86,0.0,369,327158,卖盘
69,09:35:12,8.85,-0.01,10,8850,卖盘
70,09:35:18,8.85,0.0,1,885,卖盘
71,09:35:24,8.85,0.0,24,21240,卖盘
72,09:35:27,8.85,0.0,24,21239,买盘
73,09:35:33,8.84,-0.01,5,4420,卖盘
74,09:35:36,8.84,0.0,1,884,卖盘
75,09:35:39,8.84,0.0,134,118456,卖盘
76,09:35:42,8.84,0.0,19,16795,买盘
77,09:35:45,8.83,-0.01,13,11491,卖盘
78,09:35:51,8.84,0.01,4,3536,买盘
79,09:35:54,8.83,-0.01,68,60057,卖盘
80,09:35:57,8.82,-0.01,1,882,卖盘
81,09:36:03,8.82,0.0,5,4410,卖盘
82,09:36:06,8.82,0.0,41,36162,卖盘
83,09:36:09,8.82,0.0,10,8820,卖盘
84,09:36:12,8.83,0.01,21,18543,买盘
85,09:36:15,8.82,-0.01,1,882,卖盘
86,09:36:21,8.82,0.0,11,9702,卖盘
87,09:36:24,8.83,0.01,4,3532,买盘
88,09:36:27,8.82,-0.01,8,7056,卖盘
89,09:36:33,8.82,0.0,31,27342,卖盘
90,09:36:36,8.82,0.0,1,882,卖盘
91,09:36:39,8.83,0.01,12,10596,买盘
92,09:36:42,8.83,0.0,15,13245,买盘
93,09:36:45,8.82,-0.01,1,882,卖盘
94,09:36:48,8.82,0.0,10,8827,卖盘
95,09:36:51,8.82,0.0,31,27342,卖盘
96,09:36:54,8.82,0.0,1,882,卖盘
97,09:36:57,8.82,0.0,1,882,卖盘
98,09:37:03,8.82,0.0,5,4410,卖盘
99,09:37:06,8.82,0.0,21,18522,卖盘
100,09:37:09,8.82,0.0,64,56470,卖盘
101,09:37:15,8.82,0.0,1,882,卖盘
102,09:37:27,8.82,0.0,1,882,卖盘
103,09:37:30,8.82,0.0,15,13230,卖盘
104,09:37:33,8.82,0.0,137,120834,卖盘
105,09:37:37,8.82,0.0,11,9702,卖盘
106,09:37:39,8.82,0.0,2,1764,卖盘
107,09:37:42,8.83,0.01,270,238250,买盘
108,09:37:45,8.83,0.0,23,20309,卖盘
109,09:37:51,8.83,0.0,38,33554,卖盘
110,09:37:58,8.81,-0.02,1,881,卖盘
111,09:38:04,8.82,0.01,63,55624,中性盘
112,09:38:09,8.82,0.0,11,9702,卖盘
113,09:38:12,8.83,0.01,5,4415,买盘
114,09:38:19,8.82,-0.01,51,45011,卖盘
115,09:38:24,8.82,0.0,10,8820,买盘
116,09:38:27,8.81,-0.01,123,108383,卖盘
117,09:38:30,8.81,0.0,1,881,买盘
118,09:38:36,8.8,-0.01,122,107393,卖盘
119,09:38:39,8.81,0.01,39,34324,买盘
120,09:38:42,8.81,0.0,20,17620,买盘
121,09:38:46,8.79,-0.02,37,32523,卖盘
122,09:38:54,8.78,-0.01,61,53558,卖盘
123,09:39:00,8.76,-0.02,65,56990,卖盘
124,09:39:04,8.76,0.0,8,7011,卖盘
125,09:39:10,8.76,0.0,76,66617,卖盘
126,09:39:12,8.76,0.0,2,1752,卖盘
127,09:39:15,8.79,0.03,2,1758,买盘
128,09:39:18,8.79,0.0,2,1758,买盘
129,09:39:24,8.79,0.0,44,38637,买盘
130,09:39:27,8.79,0.0,46,40434,买盘
131,09:39:30,8.79,0.0,102,89612,卖盘
132,09:39:33,8.79,0.0,9,7915,中性盘
133,09:39:36,8.8,0.01,44,38720,买盘
134,09:39:39,8.8,0.0,3,2640,卖盘
135,09:39:57,8.8,0.0,77,67760,卖盘
136,09:40:04,8.79,-0.01,5,4395,卖盘
137,09:40:06,8.8,0.01,90,79200,买盘
138,09:40:09,8.79,-0.01,78,68580,卖盘
139,09:40:16,8.79,0.0,44,38676,买盘
140,09:40:18,8.79,0.0,28,24612,买盘
141,09:40:31,8.81,0.02,3,2643,买盘
142,09:40:33,8.79,-0.02,5,4395,卖盘
143,09:40:36,8.79,0.0,30,26370,卖盘
144,09:40:45,8.79,0.0,157,138023,卖盘
145,09:40:48,8.79,0.0,24,21096,卖盘
146,09:40:54,8.8,0.01,112,98560,买盘
147,09:40:57,8.8,0.0,35,30800,卖盘
148,09:41:04,8.8,0.0,54,47569,卖盘
149,09:41:06,8.81,0.01,42,37002,买盘
150,09:41:09,8.8,-0.01,290,255213,卖盘
151,09:41:16,8.81,0.01,10,8810,买盘
152,09:41:18,8.81,0.0,20,17620,买盘
153,09:41:21,8.81,0.0,2,1762,买盘
154,09:41:27,8.81,0.0,35,30835,卖盘
155,09:41:33,8.81,0.0,5,4405,卖盘
156,09:41:36,8.81,0.0,5,4405,卖盘
157,09:41:40,8.81,0.0,7,6167,卖盘
158,09:41:45,8.8,-0.01,95,83600,卖盘
159,09:42:00,8.8,0.0,5,4400,卖盘
160,09:42:04,8.8,0.0,33,29040,卖盘
161,09:42:06,8.8,0.0,4,3520,卖盘
162,09:42:12,8.8,0.0,5,4400,卖盘
163,09:42:15,8.81,0.01,1,881,买盘
164,09:42:21,8.81,0.0,14,12333,买盘
165,09:42:24,8.81,0.0,15,13215,卖盘
166,09:42:33,8.81,0.0,5,4405,卖盘
167,09:42:46,8.81,0.0,5,4405,卖盘
168,09:42:54,8.81,0.0,37,32597,卖盘
169,09:43:03,8.81,0.0,5,4405,卖盘
170,09:43:06,8.82,0.01,10,8820,买盘
171,09:43:33,8.81,-0.01,1,881,卖盘
172,09:43:46,8.81,0.0,5,4405,卖盘
173,09:43:54,8.81,0.0,12,10572,卖盘
174,09:43:57,8.81,0.0,167,147127,卖盘
175,09:44:06,8.81,0.0,30,26430,买盘
176,09:44:12,8.8,-0.01,10,8800,卖盘
177,09:44:21,8.8,0.0,2,1760,卖盘
178,09:44:42,8.8,0.0,20,17600,卖盘
179,09:45:03,8.8,0.0,12,10560,卖盘
180,09:45:15,8.8,0.0,9,7920,买盘
181,09:45:30,8.8,0.0,4,3520,买盘
182,09:45:33,8.8,0.0,5,4400,买盘
183,09:45:39,8.8,0.0,2,1760,买盘
184,09:45:45,8.8,0.0,10,8800,买盘
185,09:45:51,8.79,-0.01,3,2637,卖盘
186,09:45:54,8.8,0.01,38,33440,买盘
187,09:46:00,8.79,-0.01,3,2637,卖盘
188,09:46:28,8.79,0.0,97,85263,卖盘
189,09:46:33,8.79,0.0,7,6153,买盘
190,09:46:36,8.78,-0.01,29,25462,卖盘
191,09:46:39,8.78,0.0,34,29852,卖盘
192,09:46:51,8.77,-0.01,46,40342,卖盘
193,09:46:54,8.78,0.01,8,7024,买盘
194,09:46:57,8.78,0.0,21,18420,买盘
195,09:47:00,8.77,-0.01,10,8770,卖盘
196,09:47:09,8.77,0.0,45,39468,卖盘
197,09:47:15,8.77,0.0,22,19294,买盘
198,09:47:21,8.77,0.0,20,17522,买盘
199,09:47:27,8.76,-0.01,40,35040,卖盘
200,09:47:30,8.77,0.01,2,1754,买盘
201,09:47:36,8.76,-0.01,3,2628,卖盘
202,09:47:39,8.76,0.0,13,11390,卖盘
203,09:47:46,8.76,0.0,73,64627,卖盘
204,09:47:48,8.76,0.0,81,70334,卖盘
205,09:47:51,8.75,-0.01,4,3503,卖盘
206,09:47:57,8.74,-0.01,205,179275,卖盘
207,09:48:00,8.74,0.0,32,27968,买盘
208,09:48:04,8.74,0.0,20,17480,买盘
209,09:48:06,8.74,0.0,19,16601,买盘
210,09:48:09,8.75,0.01,13,11364,买盘
211,09:48:12,8.74,-0.01,20,17480,中性盘
212,09:48:18,8.75,0.01,6,5250,买盘
213,09:48:27,8.75,0.0,402,352125,卖盘
214,09:48:30,8.75,0.0,15,13135,卖盘
215,09:48:33,8.75,0.0,7,6127,卖盘
216,09:48:36,8.76,0.01,10,8758,买盘
217,09:48:39,8.76,0.0,14,12264,卖盘
218,09:48:45,8.76,0.0,75,65700,买盘
219,09:48:48,8.76,0.0,37,32412,买盘
220,09:48:51,8.76,0.0,34,30406,买盘
221,09:49:04,8.76,0.0,37,32412,卖盘
222,09:49:18,8.78,0.02,156,136968,买盘
223,09:49:33,8.76,-0.02,4,3510,卖盘
224,09:49:48,8.77,0.01,20,17540,卖盘
225,09:49:54,8.77,0.0,10,8770,卖盘
226,09:49:57,8.76,-0.01,1,876,卖盘
227,09:50:01,8.77,0.01,60,52857,买盘
228,09:50:12,8.77,0.0,20,17540,卖盘
229,09:50:27,8.77,0.0,35,30458,卖盘
230,09:50:36,8.77,0.0,27,23679,买盘
231,09:50:39,8.77,0.0,5,4622,买盘
232,09:50:42,8.77,0.0,29,25433,卖盘
233,09:50:45,8.77,0.0,23,20171,卖盘
234,09:50:51,8.78,0.01,14,12292,买盘
235,09:50:57,8.78,0.0,78,68484,买盘
236,09:51:04,8.78,0.0,40,35120,买盘
237,09:51:06,8.78,0.0,10,8780,买盘
238,09:51:09,8.78,0.0,18,15803,买盘
239,09:51:12,8.78,0.0,7,6146,买盘
240,09:51:18,8.77,-0.01,237,207849,卖盘
241,09:51:33,8.76,-0.01,8,7008,卖盘
242,09:51:36,8.76,0.0,182,158810,卖盘
243,09:51:51,8.76,0.0,10,8760,买盘
244,09:51:57,8.76,0.0,53,46428,买盘
245,09:52:06,8.76,0.0,10,8760,买盘
246,09:52:09,8.76,0.0,13,11387,买盘
247,09:52:12,8.76,0.0,5,4380,买盘
248,09:52:27,8.76,0.0,1,876,买盘
249,09:52:33,8.76,0.0,10,8760,买盘
250,09:52:45,8.75,-0.01,5,4375,卖盘
251,09:52:54,8.76,0.01,5,4380,买盘
252,09:53:00,8.76,0.0,45,40042,买盘
253,09:53:04,8.76,0.0,10,8760,卖盘
254,09:53:12,8.76,0.0,2,1130,卖盘
255,09:53:21,8.76,0.0,1,876,买盘
256,09:53:27,8.76,0.0,48,42670,买盘
257,09:53:30,8.76,0.0,21,17774,卖盘
258,09:53:33,8.76,0.0,10,8760,买盘
259,09:53:36,8.76,0.0,8,7008,买盘
260,09:53:51,8.76,0.0,1,876,卖盘
261,09:54:00,8.76,0.0,6,5256,买盘
262,09:54:06,8.75,-0.01,9,7879,卖盘
263,09:54:21,8.75,0.0,36,31500,卖盘
264,09:54:27,8.76,0.01,3,2628,买盘
265,09:54:30,8.75,-0.01,100,87500,卖盘
266,09:54:36,8.75,0.0,7,6125,卖盘
267,09:54:40,8.74,-0.01,21,18369,卖盘
268,09:54:46,8.74,0.0,11,9614,卖盘
269,09:55:04,8.75,0.01,23,20125,买盘
270,09:55:06,8.74,-0.01,20,17480,卖盘
271,09:55:12,8.74,0.0,3,2622,卖盘
272,09:55:19,8.75,0.01,2,1750,买盘
273,09:55:28,8.75,0.0,1,875,买盘
274,09:55:30,8.75,0.0,15,13125,买盘
275,09:55:36,8.75,0.0,5,4375,卖盘
276,09:55:39,8.75,0.0,3,2625,卖盘
277,09:55:51,8.75,0.0,50,43750,卖盘
278,09:55:54,8.75,0.0,1,875,卖盘
279,09:56:15,8.75,0.0,15,13125,买盘
280,09:56:24,8.75,0.0,5,4375,买盘
281,09:56:36,8.75,0.0,10,8750,买盘
282,09:56:42,8.75,0.0,69,60375,买盘
283,09:56:54,8.75,0.0,5,4375,卖盘
284,09:57:15,8.74,-0.01,107,94139,卖盘
285,09:57:18,8.75,0.01,75,65625,买盘
286,09:57:27,8.75,0.0,28,24500,卖盘
287,09:58:03,8.76,0.01,22,19270,买盘
288,09:58:09,8.75,-0.01,77,67375,卖盘
289,09:58:27,8.76,0.01,3,2628,买盘
290,09:58:36,8.75,-0.01,7,6125,卖盘
291,09:58:42,8.74,-0.01,122,106639,卖盘
292,09:58:54,8.75,0.01,25,21875,卖盘
293,09:58:57,8.75,0.0,20,17500,买盘
294,09:59:09,8.76,0.01,7,6127,买盘
295,09:59:25,8.76,0.0,5,4380,买盘
296,09:59:39,8.76,0.0,74,64766,买盘
297,09:59:42,8.76,0.0,3,2628,买盘
298,10:00:04,8.76,0.0,12,10512,买盘
299,10:00:12,8.76,0.0,11,9636,买盘
300,10:00:16,8.76,0.0,1,876,买盘
301,10:00:18,8.76,0.0,1,876,买盘
302,10:00:22,8.76,0.0,15,13140,买盘
303,10:00:24,8.76,0.0,6,5256,买盘
304,10:00:33,8.77,0.01,2,1754,买盘
305,10:00:36,8.77,0.0,7,6139,买盘
306,10:00:39,8.77,0.0,23,20171,买盘
307,10:00:42,8.77,0.0,16,14032,买盘
308,10:00:45,8.77,0.0,2,1754,买盘
309,10:00:48,8.77,0.0,16,14032,买盘
310,10:00:51,8.77,0.0,18,15786,买盘
311,10:00:54,8.76,-0.01,6,5256,卖盘
312,10:00:58,8.76,0.0,2,1752,卖盘
313,10:01:12,8.76,0.0,12,10512,卖盘
314,10:01:22,8.77,0.01,44,38588,买盘
315,10:01:33,8.77,0.0,100,87700,买盘
316,10:01:36,8.77,0.0,12,10524,买盘
317,10:01:39,8.77,0.0,48,42096,买盘
318,10:01:42,8.76,-0.01,5,4383,卖盘
319,10:01:45,8.8,0.04,109,95820,买盘
320,10:01:54,8.82,0.02,130,114573,买盘
321,10:02:04,8.83,0.01,109,96233,买盘
322,10:02:09,8.84,0.01,130,114891,买盘
323,10:02:15,8.84,0.0,43,38012,买盘
324,10:02:18,8.84,0.0,170,150390,卖盘
325,10:02:21,8.83,-0.01,5,4415,卖盘
326,10:02:24,8.84,0.01,19,16794,买盘
327,10:02:27,8.83,-0.01,60,53002,卖盘
328,10:02:31,8.84,0.01,108,95470,买盘
329,10:02:36,8.88,0.04,117,103730,买盘
330,10:02:39,8.83,-0.05,23,20309,卖盘
331,10:02:42,8.83,0.0,9,7947,卖盘
332,10:02:45,8.84,0.01,10,8840,买盘
333,10:02:48,8.84,0.0,29,25636,买盘
334,10:02:51,8.84,0.0,13,11492,买盘
335,10:02:54,8.83,-0.01,8,7067,卖盘
336,10:02:57,8.83,0.0,13,11479,卖盘
337,10:03:04,8.83,0.0,79,69757,卖盘
338,10:03:13,8.83,0.0,85,75055,买盘
339,10:03:18,8.83,0.0,1,883,卖盘
340,10:03:24,8.83,0.0,1,883,卖盘
341,10:03:28,8.83,0.0,1,883,卖盘
342,10:03:31,8.83,0.0,1,883,卖盘
343,10:03:33,8.83,0.0,3,2649,卖盘
344,10:03:36,8.83,0.0,11,9713,卖盘
345,10:03:39,8.84,0.01,55,48601,买盘
346,10:03:42,8.84,0.0,1,884,卖盘
347,10:03:45,8.84,0.0,3,2652,卖盘
348,10:03:48,8.84,0.0,56,49504,卖盘
349,10:03:52,8.84,0.0,9,7956,买盘
350,10:04:18,8.83,-0.01,6,5298,买盘
351,10:04:28,8.82,-0.01,9,7938,卖盘
352,10:04:31,8.82,0.0,12,10584,买盘
353,10:04:36,8.81,-0.01,20,17620,卖盘
354,10:04:42,8.81,0.0,70,61670,卖盘
355,10:04:52,8.8,-0.01,20,17615,卖盘
356,10:04:54,8.8,0.0,8,7040,卖盘
357,10:04:57,8.8,0.0,10,8800,卖盘
358,10:05:03,8.81,0.01,5,4405,买盘
359,10:05:06,8.82,0.01,161,141943,买盘
360,10:05:13,8.82,0.0,39,34398,卖盘
361,10:05:18,8.82,0.0,5,4410,买盘
362,10:05:30,8.82,0.0,56,49392,买盘
363,10:06:06,8.83,0.01,5,4415,买盘
364,10:06:25,8.82,-0.01,1,882,卖盘
365,10:06:45,8.82,0.0,50,44100,卖盘
366,10:06:48,8.82,0.0,2,1764,卖盘
367,10:06:52,8.82,0.0,2,1764,卖盘
368,10:06:54,8.82,0.0,1,882,卖盘
369,10:07:15,8.82,0.0,26,22932,买盘
370,10:07:18,8.82,0.0,2,1764,买盘
371,10:08:06,8.82,0.0,3,2646,买盘
372,10:08:19,8.81,-0.01,28,24668,卖盘
373,10:08:39,8.81,0.0,15,13215,中性盘
374,10:08:48,8.81,0.0,4,3524,卖盘
375,10:08:54,8.81,0.0,3,2643,卖盘
376,10:09:15,8.8,-0.01,61,53680,卖盘
377,10:09:27,8.8,0.0,50,44000,买盘
378,10:09:30,8.79,-0.01,1,879,卖盘
379,10:09:33,8.79,0.0,38,33402,卖盘
380,10:09:42,8.78,-0.01,9,7902,卖盘
381,10:09:45,8.78,0.0,43,37763,卖盘
382,10:09:55,8.78,0.0,10,8780,买盘
383,10:09:57,8.78,0.0,24,21072,买盘
384,10:10:00,8.78,0.0,24,21070,买盘
385,10:10:06,8.78,0.0,13,11414,买盘
386,10:10:39,8.78,0.0,19,16682,卖盘
387,10:10:45,8.78,0.0,9,7902,买盘
388,10:11:03,8.78,0.0,30,26340,中性盘
389,10:11:19,8.77,-0.01,188,164876,卖盘
390,10:11:21,8.77,0.0,12,10524,买盘
391,10:11:24,8.77,0.0,1,877,买盘
392,10:11:27,8.76,-0.01,3,2628,卖盘
393,10:12:00,8.77,0.01,27,23679,卖盘
394,10:12:12,8.77,0.0,7,6139,买盘
395,10:12:16,8.77,0.0,7,6139,买盘
396,10:12:24,8.78,0.01,4,3512,买盘
397,10:12:33,8.78,0.0,13,11414,买盘
398,10:12:58,8.78,0.0,35,30730,买盘
399,10:13:01,8.78,0.0,1,878,卖盘
400,10:13:04,8.78,0.0,50,43900,卖盘
401,10:13:18,8.78,0.0,31,27218,卖盘
402,10:13:21,8.78,0.0,1,878,买盘
403,10:13:45,8.78,0.0,47,41266,买盘
404,10:13:48,8.77,-0.01,71,62267,卖盘
405,10:13:51,8.77,0.0,9,7893,买盘
406,10:13:54,8.77,0.0,51,44727,买盘
407,10:14:15,8.77,0.0,8,7016,卖盘
408,10:14:21,8.77,0.0,96,84192,卖盘
409,10:14:48,8.76,-0.01,12,10512,卖盘
410,10:15:07,8.76,0.0,36,31536,卖盘
411,10:15:12,8.77,0.01,5,4385,买盘
412,10:15:19,8.77,0.0,29,25433,买盘
413,10:15:24,8.76,-0.01,28,24528,卖盘
414,10:15:27,8.77,0.01,2,1754,买盘
415,10:15:30,8.77,0.0,27,23679,买盘
416,10:15:33,8.77,0.0,14,12278,买盘
417,10:15:42,8.77,0.0,7,6139,买盘
418,10:15:48,8.77,0.0,30,26310,买盘
419,10:15:57,8.77,0.0,6,5262,买盘
420,10:16:21,8.77,0.0,11,9647,卖盘
421,10:16:28,8.78,0.01,12,10536,买盘
422,10:16:54,8.77,-0.01,2,1754,卖盘
423,10:16:57,8.78,0.01,5,4390,买盘
424,10:17:04,8.77,-0.01,1,877,卖盘
425,10:17:18,8.77,0.0,21,18417,卖盘
426,10:17:21,8.77,0.0,27,23679,卖盘
427,10:17:36,8.77,0.0,21,18417,买盘
428,10:17:39,8.76,-0.01,50,43800,卖盘
429,10:17:45,8.77,0.01,5,4385,买盘
430,10:17:54,8.77,0.0,20,17540,买盘
431,10:18:07,8.77,0.0,2,1754,买盘
432,10:18:09,8.77,0.0,1,877,买盘
433,10:18:12,8.76,-0.01,5,4380,卖盘
434,10:18:21,8.76,0.0,195,170820,卖盘
435,10:18:24,8.75,-0.01,1,875,卖盘
436,10:18:28,8.76,0.01,7,6132,买盘
437,10:18:36,8.75,-0.01,60,52553,卖盘
438,10:18:39,8.75,0.0,365,319395,卖盘
439,10:18:54,8.75,0.0,95,83155,卖盘
440,10:18:57,8.76,0.01,10,8760,买盘
441,10:19:04,8.75,-0.01,10,8750,卖盘
442,10:19:12,8.75,0.0,2,1750,卖盘
443,10:19:19,8.76,0.01,220,192720,买盘
444,10:19:42,8.76,0.0,200,175200,卖盘
445,10:20:06,8.76,0.0,12,10512,卖盘
446,10:20:12,8.76,0.0,27,23652,卖盘
447,10:20:31,8.76,0.0,43,37668,买盘
448,10:20:48,8.76,0.0,1,876,卖盘
449,10:21:06,8.76,0.0,30,26280,买盘
450,10:21:09,8.76,0.0,34,29784,买盘
451,10:21:12,8.75,-0.01,40,35000,卖盘
452,10:21:30,8.75,0.0,20,17500,卖盘
453,10:21:36,8.76,0.01,44,38544,买盘
454,10:21:42,8.75,-0.01,6,5252,卖盘
455,10:21:45,8.75,0.0,6,5250,卖盘
456,10:22:01,8.75,0.0,4,3500,卖盘
457,10:22:15,8.75,0.0,63,55125,卖盘
458,10:22:18,8.75,0.0,298,260759,卖盘
459,10:23:04,8.74,-0.01,51,44584,卖盘
460,10:23:06,8.74,0.0,42,36708,卖盘
461,10:23:12,8.75,0.01,1,875,买盘
462,10:23:24,8.74,-0.01,5,4370,卖盘
463,10:23:30,8.75,0.01,30,26250,买盘
464,10:23:33,8.74,-0.01,174,152076,卖盘
465,10:23:39,8.74,0.0,15,13110,买盘
466,10:23:45,8.74,0.0,9,7865,买盘
467,10:23:48,8.74,0.0,12,10488,买盘
468,10:23:51,8.74,0.0,22,19228,卖盘
469,10:24:06,8.74,0.0,68,59432,卖盘
470,10:24:12,8.74,0.0,20,17480,买盘
471,10:24:19,8.74,0.0,24,20976,买盘
472,10:24:25,8.73,-0.01,72,62856,卖盘
473,10:24:33,8.73,0.0,171,149283,卖盘
474,10:24:36,8.73,0.0,19,16587,买盘
475,10:24:48,8.74,0.01,2,1748,买盘
476,10:24:51,8.73,-0.01,2,1746,卖盘
477,10:25:01,8.73,0.0,5,4365,卖盘
478,10:25:39,8.74,0.01,5,4370,买盘
479,10:25:45,8.73,-0.01,280,244440,卖盘
480,10:25:57,8.73,0.0,30,26190,卖盘
481,10:26:00,8.73,0.0,1,873,买盘
482,10:26:06,8.73,0.0,48,41904,买盘
483,10:26:16,8.72,-0.01,300,261754,卖盘
484,10:26:24,8.72,0.0,2,1744,卖盘
485,10:26:27,8.73,0.01,7,6111,买盘
486,10:26:33,8.72,-0.01,44,38398,卖盘
487,10:26:39,8.73,0.01,17,14841,买盘
488,10:26:42,8.72,-0.01,236,205792,卖盘
489,10:26:48,8.72,0.0,253,220616,卖盘
490,10:26:54,8.72,0.0,10,8720,买盘
491,10:26:57,8.72,0.0,1,872,买盘
492,10:27:00,8.72,0.0,10,8720,买盘
493,10:27:04,8.71,-0.01,201,175072,卖盘
494,10:27:06,8.72,0.01,37,32264,买盘
495,10:27:39,8.73,0.01,22,19206,买盘
496,10:27:42,8.73,0.0,39,34047,卖盘
497,10:27:54,8.73,0.0,6,5238,卖盘
498,10:28:00,8.74,0.01,10,8740,买盘
499,10:29:15,8.74,0.0,2,1748,买盘
500,10:29:21,8.73,-0.01,26,22698,卖盘
501,10:29:30,8.73,0.0,85,74205,卖盘
502,10:29:37,8.72,-0.01,23,20056,卖盘
503,10:29:39,8.73,0.01,21,18333,买盘
504,10:30:06,8.73,0.0,20,17460,卖盘
505,10:30:21,8.73,0.0,57,49761,卖盘
506,10:30:27,8.73,0.0,56,48888,买盘
507,10:30:36,8.74,0.01,10,8740,买盘
508,10:30:51,8.74,0.0,20,17480,买盘
509,10:31:00,8.74,0.0,10,8740,买盘
510,10:31:04,8.74,0.0,6,5244,买盘
511,10:31:06,8.74,0.0,2,1748,买盘
512,10:31:15,8.74,0.0,8,6992,买盘
513,10:31:21,8.73,-0.01,45,39327,卖盘
514,10:31:27,8.73,0.0,123,107382,卖盘
515,10:31:36,8.73,0.0,2,1746,买盘
516,10:31:42,8.73,0.0,9,7857,买盘
517,10:31:46,8.73,0.0,3,2619,买盘
518,10:31:54,8.73,0.0,5,4365,买盘
519,10:31:57,8.73,0.0,10,8730,买盘
520,10:32:04,8.73,0.0,1,873,买盘
521,10:32:09,8.73,0.0,3,2619,买盘
522,10:32:24,8.73,0.0,15,13095,卖盘
523,10:32:48,8.73,0.0,45,39305,卖盘
524,10:32:51,8.74,0.01,2,1748,买盘
525,10:33:25,8.74,0.0,11,9614,买盘
526,10:33:45,8.73,-0.01,169,147537,卖盘
527,10:33:51,8.73,0.0,3,2619,买盘
528,10:33:54,8.73,0.0,6,5238,买盘
529,10:33:57,8.73,0.0,5,4365,买盘
530,10:34:03,8.73,0.0,3,2619,买盘
531,10:34:12,8.73,0.0,11,9603,买盘
532,10:34:21,8.73,0.0,4,3492,买盘
533,10:34:27,8.73,0.0,10,8730,卖盘
534,10:34:39,8.74,0.01,56,48944,买盘
535,10:34:54,8.74,0.0,68,59432,卖盘
536,10:35:00,8.74,0.0,11,9614,买盘
537,10:35:27,8.74,0.0,20,17480,买盘
538,10:35:39,8.73,-0.01,10,8730,卖盘
539,10:36:00,8.73,0.0,30,26190,卖盘
540,10:36:21,8.74,0.01,60,52440,买盘
541,10:36:25,8.73,-0.01,201,175473,卖盘
542,10:36:30,8.74,0.01,220,192280,买盘
543,10:37:12,8.75,0.01,250,218750,买盘
544,10:37:18,8.74,-0.01,100,87400,卖盘
545,10:37:31,8.74,0.0,46,40204,卖盘
546,10:38:00,8.74,0.0,2,1748,卖盘
547,10:38:33,8.75,0.01,69,60375,买盘
548,10:38:45,8.76,0.01,60,52560,买盘
549,10:38:57,8.76,0.0,56,49056,买盘
550,10:39:00,8.76,0.0,2,1752,卖盘
551,10:39:04,8.76,0.0,5,4380,卖盘
552,10:39:06,8.76,0.0,25,21920,卖盘
553,10:39:09,8.76,0.0,3,2628,卖盘
554,10:39:12,8.76,0.0,2,1752,卖盘
555,10:39:15,8.76,0.0,3,2628,卖盘
556,10:39:18,8.76,0.0,2,1752,卖盘
557,10:39:22,8.77,0.01,97,85068,买盘
558,10:39:39,8.77,0.0,5,4385,卖盘
559,10:39:45,8.78,0.01,130,114140,买盘
560,10:39:48,8.77,-0.01,35,30695,卖盘
561,10:39:51,8.78,0.01,10,8780,买盘
562,10:39:54,8.78,0.0,18,15804,中性盘
563,10:39:57,8.78,0.0,1,878,卖盘
564,10:40:00,8.78,0.0,32,28126,卖盘
565,10:40:03,8.78,0.0,10,8780,卖盘
566,10:40:06,8.78,0.0,39,34242,卖盘
567,10:40:09,8.77,-0.01,1,877,卖盘
568,10:40:12,8.78,0.01,45,39510,买盘
569,10:40:34,8.78,0.0,6,5268,买盘
570,10:40:37,8.78,0.0,163,143114,买盘
571,10:40:45,8.78,0.0,38,33401,卖盘
572,10:40:48,8.78,0.0,20,17560,卖盘
573,10:40:57,8.78,0.0,16,14048,卖盘
574,10:41:00,8.78,0.0,1,878,买盘
575,10:41:03,8.78,0.0,10,8780,买盘
576,10:41:21,8.78,0.0,40,35120,买盘
577,10:41:36,8.78,0.0,3,2634,买盘
578,10:41:40,8.78,0.0,56,49118,买盘
579,10:41:42,8.77,-0.01,112,98224,卖盘
580,10:41:45,8.77,0.0,60,52620,买盘
581,10:41:57,8.75,-0.02,11,9625,卖盘
582,10:42:12,8.75,0.0,44,38540,卖盘
583,10:42:15,8.75,0.0,9,7875,买盘
584,10:42:18,8.75,0.0,2,1750,买盘
585,10:42:21,8.75,0.0,36,31500,买盘
586,10:42:24,8.75,0.0,12,10500,买盘
587,10:42:27,8.75,0.0,4,3500,买盘
588,10:42:42,8.77,0.02,21,18417,买盘
589,10:42:45,8.77,0.0,5,4385,买盘
590,10:43:36,8.77,0.0,7,6139,买盘
591,10:43:57,8.75,-0.02,68,59500,卖盘
592,10:44:21,8.77,0.02,2,1754,买盘
593,10:44:30,8.77,0.0,40,35065,买盘
594,10:45:24,8.76,-0.01,30,26280,买盘
595,10:45:27,8.75,-0.01,5,4375,卖盘
596,10:45:49,8.75,0.0,2,1750,卖盘
597,10:45:51,8.75,0.0,200,175000,卖盘
598,10:46:06,8.75,0.0,22,19250,卖盘
599,10:46:24,8.74,-0.01,92,80439,卖盘
600,10:46:39,8.74,0.0,4,3496,买盘
601,10:46:58,8.74,0.0,3,2622,买盘
602,10:47:04,8.73,-0.01,32,27936,卖盘
603,10:47:06,8.74,0.01,9,7866,买盘
604,10:48:00,8.74,0.0,13,11362,卖盘
605,10:48:12,8.73,-0.01,56,48888,卖盘
606,10:48:24,8.73,0.0,145,126585,卖盘
607,10:48:31,8.73,0.0,1,873,买盘
608,10:48:42,8.73,0.0,1,873,买盘
609,10:48:54,8.72,-0.01,20,17440,卖盘
610,10:48:58,8.73,0.01,6,5238,买盘
611,10:49:18,8.73,0.0,6,5238,买盘
612,10:49:39,8.72,-0.01,11,9592,卖盘
613,10:50:21,8.73,0.01,7,6111,买盘
614,10:50:45,8.73,0.0,7,6111,买盘
615,10:50:51,8.73,0.0,20,17460,买盘
616,10:50:57,8.73,0.0,1,873,买盘
617,10:51:24,8.73,0.0,64,55872,买盘
618,10:51:30,8.73,0.0,50,43650,买盘
619,10:51:33,8.73,0.0,13,11349,买盘
620,10:51:39,8.73,0.0,1,873,买盘
621,10:52:03,8.73,0.0,1,873,买盘
622,10:52:06,8.73,0.0,9,7857,买盘
623,10:52:18,8.73,0.0,2,1746,买盘
624,10:52:21,8.73,0.0,26,22698,买盘
625,10:52:36,8.74,0.01,1,874,买盘
626,10:52:46,8.73,-0.01,10,8730,卖盘
627,10:53:12,8.74,0.01,20,17480,买盘
628,10:53:15,8.73,-0.01,11,9603,卖盘
629,10:53:18,8.73,0.0,10,8730,买盘
630,10:53:30,8.73,0.0,27,23571,买盘
631,10:54:00,8.74,0.01,19,16606,买盘
632,10:54:33,8.74,0.0,26,22724,卖盘
633,10:54:45,8.74,0.0,2,1748,买盘
634,10:54:48,8.73,-0.01,500,436619,卖盘
635,10:55:24,8.74,0.01,5,4370,买盘
636,10:55:33,8.74,0.0,6,5244,买盘
637,10:55:39,8.73,-0.01,31,27073,卖盘
638,10:55:48,8.74,0.01,14,12236,买盘
639,10:55:57,8.73,-0.01,55,48015,卖盘
640,10:56:39,8.73,0.0,12,10476,卖盘
641,10:57:10,8.73,0.0,15,13095,卖盘
642,10:57:15,8.73,0.0,29,25317,卖盘
643,10:57:27,8.73,0.0,17,14848,卖盘
644,10:57:39,8.73,0.0,99,86427,卖盘
645,10:57:42,8.72,-0.01,2,1744,卖盘
646,10:58:06,8.73,0.01,19,16587,买盘
647,10:58:18,8.73,0.0,6,5238,买盘
648,10:58:39,8.73,0.0,2,1746,卖盘
649,10:58:45,8.74,0.01,5,4370,买盘
650,10:59:15,8.74,0.0,16,13984,买盘
651,10:59:18,8.74,0.0,4,3496,买盘
652,10:59:27,8.74,0.0,20,17480,买盘
653,10:59:39,8.73,-0.01,336,293328,卖盘
654,10:59:42,8.73,0.0,2,1746,买盘
655,11:00:00,8.72,-0.01,255,222360,卖盘
656,11:00:09,8.72,0.0,45,39240,买盘
657,11:00:27,8.74,0.02,32,27937,买盘
658,11:00:48,8.74,0.0,1,874,买盘
659,11:02:06,8.73,-0.01,10,8730,买盘
660,11:02:48,8.73,0.0,5,4365,买盘
661,11:03:09,8.73,0.0,43,37539,买盘
662,11:03:36,8.74,0.01,30,26220,买盘
663,11:03:45,8.74,0.0,20,17480,买盘
664,11:04:00,8.74,0.0,3,2622,买盘
665,11:04:15,8.74,0.0,10,8740,买盘
666,11:04:18,8.74,0.0,13,11362,买盘
667,11:04:37,8.75,0.01,15,13125,买盘
668,11:05:33,8.75,0.0,22,19250,买盘
669,11:06:18,8.74,-0.01,6,5244,卖盘
670,11:06:48,8.74,0.0,2,1748,卖盘
671,11:07:15,8.74,0.0,37,32358,卖盘
672,11:07:21,8.74,0.0,87,76038,卖盘
673,11:07:30,8.73,-0.01,5,4365,卖盘
674,11:07:45,8.74,0.01,23,20099,买盘
675,11:08:45,8.73,-0.01,104,90792,卖盘
676,11:09:18,8.73,0.0,1,873,卖盘
677,11:09:30,8.73,0.0,10,8730,卖盘
678,11:10:09,8.73,0.0,2,1746,卖盘
679,11:11:00,8.73,0.0,450,392850,卖盘
680,11:11:39,8.73,0.0,10,8730,卖盘
681,11:12:09,8.72,-0.01,23,20056,卖盘
682,11:12:21,8.72,0.0,11,9592,卖盘
683,11:12:24,8.72,0.0,25,21800,卖盘
684,11:12:42,8.72,0.0,3,2616,卖盘
685,11:12:45,8.72,0.0,44,38368,卖盘
686,11:12:54,8.72,0.0,335,292120,卖盘
687,11:13:06,8.72,0.0,16,13952,买盘
688,11:13:21,8.72,0.0,1,872,买盘
689,11:13:30,8.72,0.0,70,61040,买盘
690,11:13:36,8.72,0.0,8,6976,卖盘
691,11:13:43,8.72,0.0,34,29648,卖盘
692,11:13:46,8.73,0.01,24,20941,买盘
693,11:13:54,8.73,0.0,3,2619,买盘
694,11:13:57,8.73,0.0,4,3492,买盘
695,11:14:00,8.73,0.0,3,2619,买盘
696,11:14:03,8.73,0.0,13,11349,买盘
697,11:14:19,8.73,0.0,2,1746,卖盘
698,11:14:27,8.73,0.0,40,34920,买盘
699,11:14:33,8.73,0.0,10,8730,买盘
700,11:14:36,8.73,0.0,1,873,买盘
701,11:14:42,8.73,0.0,2,1746,买盘
702,11:14:45,8.72,-0.01,89,77614,卖盘
703,11:14:48,8.72,0.0,6,5236,卖盘
704,11:14:52,8.72,0.0,16,13952,买盘
705,11:14:58,8.72,0.0,47,40984,卖盘
706,11:15:00,8.72,0.0,113,98536,买盘
707,11:15:04,8.72,0.0,22,19184,买盘
708,11:15:07,8.72,0.0,37,32264,买盘
709,11:15:09,8.73,0.01,6,5238,买盘
710,11:15:12,8.73,0.0,6,5238,买盘
711,11:15:15,8.73,0.0,7,6111,买盘
712,11:15:18,8.74,0.01,41,35806,买盘
713,11:15:21,8.74,0.0,9,7866,买盘
714,11:15:24,8.74,0.0,18,15732,买盘
715,11:15:27,8.74,0.0,6,5244,买盘
716,11:15:30,8.74,0.0,4,3496,买盘
717,11:15:34,8.75,0.01,2,1749,买盘
718,11:16:09,8.75,0.0,58,50750,买盘
719,11:17:18,8.75,0.0,19,16625,买盘
720,11:17:27,8.75,0.0,3,2625,卖盘
721,11:17:45,8.75,0.0,58,50750,卖盘
722,11:17:57,8.75,0.0,5,4375,卖盘
723,11:18:01,8.75,0.0,2,1750,卖盘
724,11:18:30,8.76,0.01,180,157680,买盘
725,11:18:39,8.76,0.0,5,4380,卖盘
726,11:18:45,8.76,0.0,7,6132,卖盘
727,11:18:51,8.76,0.0,1,876,卖盘
728,11:19:04,8.77,0.01,18,15776,买盘
729,11:19:12,8.76,-0.01,1,876,买盘
730,11:19:16,8.76,0.0,1,876,卖盘
731,11:19:42,8.75,-0.01,4,3500,卖盘
732,11:19:54,8.75,0.0,24,21000,卖盘
733,11:20:04,8.75,0.0,15,13125,卖盘
734,11:20:15,8.75,0.0,8,7000,买盘
735,11:20:24,8.75,0.0,55,48125,卖盘
736,11:20:45,8.75,0.0,68,59500,买盘
737,11:20:57,8.75,0.0,1,875,买盘
738,11:21:18,8.74,-0.01,30,26220,卖盘
739,11:21:27,8.74,0.0,13,11362,买盘
740,11:21:30,8.74,0.0,4,3496,买盘
741,11:21:39,8.74,0.0,2,1748,买盘
742,11:21:42,8.74,0.0,36,31464,买盘
743,11:21:45,8.74,0.0,3,2622,买盘
744,11:21:48,8.74,0.0,2,1748,买盘
745,11:21:51,8.74,0.0,7,6118,买盘
746,11:21:54,8.74,0.0,21,18354,买盘
747,11:22:12,8.74,0.0,2,1748,卖盘
748,11:22:15,8.75,0.01,30,26237,买盘
749,11:23:06,8.74,-0.01,60,52440,卖盘
750,11:23:18,8.74,0.0,10,8740,买盘
751,11:23:21,8.74,0.0,2,1748,买盘
752,11:23:30,8.74,0.0,1,874,买盘
753,11:23:39,8.74,0.0,15,13110,买盘
754,11:23:43,8.74,0.0,13,11362,买盘
755,11:23:51,8.75,0.01,1,875,买盘
756,11:24:00,8.75,0.0,22,19250,买盘
757,11:24:42,8.75,0.0,6,5250,卖盘
758,11:25:00,8.75,0.0,5,4375,卖盘
759,11:25:12,8.73,-0.02,175,152825,卖盘
760,11:25:33,8.73,0.0,79,68984,卖盘
761,11:25:48,8.73,0.0,1,873,卖盘
762,11:27:19,8.74,0.01,19,16602,买盘
763,11:27:21,8.74,0.0,6,5244,买盘
764,11:27:24,8.74,0.0,2,1748,买盘
765,11:27:27,8.74,0.0,3,2622,买盘
766,11:27:39,8.74,0.0,24,20976,买盘
767,11:27:43,8.74,0.0,2,1748,买盘
768,11:27:49,8.73,-0.01,221,192957,卖盘
769,11:27:57,8.75,0.02,43,37625,买盘
770,11:28:15,8.73,-0.02,11,9603,卖盘
771,11:29:00,8.75,0.02,5,4375,买盘
772,11:29:18,8.75,0.0,12,10500,买盘
773,11:29:34,8.74,-0.01,9,7866,卖盘
774,11:29:51,8.74,0.0,7,6118,卖盘
775,13:00:05,8.75,0.01,171,149463,买盘
776,13:00:16,8.74,-0.01,1,874,买盘
777,13:00:18,8.74,0.0,3,2622,买盘
778,13:00:27,8.74,0.0,26,22724,卖盘
779,13:00:48,8.75,0.01,6,5250,买盘
780,13:01:21,8.76,0.01,20,17520,买盘
781,13:01:33,8.76,0.0,17,14892,买盘
782,13:01:36,8.75,-0.01,4,3500,卖盘
783,13:02:04,8.75,0.0,183,160125,卖盘
784,13:02:18,8.75,0.0,5,4375,买盘
785,13:02:57,8.75,0.0,20,17500,买盘
786,13:03:24,8.75,0.0,19,16625,买盘
787,13:03:30,8.74,-0.01,1,874,卖盘
788,13:04:03,8.74,0.0,100,87400,卖盘
789,13:04:21,8.74,0.0,3,2622,卖盘
790,13:04:30,8.74,0.0,58,50692,买盘
791,13:04:48,8.74,0.0,3,2622,买盘
792,13:04:54,8.73,-0.01,51,44523,卖盘
793,13:05:00,8.74,0.01,1,874,买盘
794,13:05:27,8.73,-0.01,32,27936,卖盘
795,13:05:37,8.74,0.01,20,17480,买盘
796,13:06:27,8.74,0.0,82,71668,卖盘
797,13:06:33,8.74,0.0,10,8740,买盘
798,13:06:42,8.74,0.0,3,2622,买盘
799,13:06:51,8.74,0.0,5,4370,买盘
800,13:07:12,8.75,0.01,64,56000,买盘
801,13:07:21,8.74,-0.01,7,6118,卖盘
802,13:07:27,8.74,0.0,16,13984,买盘
803,13:07:39,8.73,-0.01,19,16587,卖盘
804,13:07:57,8.73,0.0,389,339597,卖盘
805,13:08:03,8.73,0.0,20,17460,买盘
806,13:08:24,8.73,0.0,2,1746,买盘
807,13:08:27,8.72,-0.01,80,69333,卖盘
808,13:08:39,8.72,0.0,109,95057,卖盘
809,13:08:48,8.73,0.01,3,2619,买盘
810,13:09:18,8.73,0.0,56,48888,买盘
811,13:09:21,8.73,0.0,10,8730,买盘
812,13:09:30,8.73,0.0,76,66348,买盘
813,13:10:04,8.72,-0.01,154,134715,卖盘
814,13:10:15,8.72,0.0,10,8720,买盘
815,13:10:19,8.72,0.0,13,11335,买盘
816,13:10:30,8.72,0.0,3,2616,买盘
817,13:10:36,8.72,0.0,10,8720,买盘
818,13:10:51,8.72,0.0,1,872,买盘
819,13:11:00,8.72,0.0,5,4360,买盘
820,13:11:06,8.71,-0.01,10,8710,卖盘
821,13:11:09,8.72,0.01,3,2616,买盘
822,13:11:27,8.72,0.0,2,1317,买盘
823,13:12:39,8.72,0.0,18,15696,卖盘
824,13:13:06,8.72,0.0,3,2616,卖盘
825,13:13:21,8.73,0.01,9,7857,买盘
826,13:13:46,8.73,0.0,2,1746,买盘
827,13:14:09,8.73,0.0,11,9603,买盘
828,13:14:15,8.73,0.0,5,4365,买盘
829,13:14:51,8.72,-0.01,15,13080,卖盘
830,13:15:12,8.73,0.01,11,9603,买盘
831,13:15:15,8.72,-0.01,46,40112,卖盘
832,13:15:21,8.72,0.0,7,6104,卖盘
833,13:15:39,8.72,0.0,1,872,卖盘
834,13:15:49,8.72,0.0,79,69315,卖盘
835,13:16:27,8.72,0.0,43,37069,买盘
836,13:17:30,8.72,0.0,3,2616,卖盘
837,13:17:54,8.72,0.0,10,8720,卖盘
838,13:18:27,8.73,0.01,8,6984,买盘
839,13:19:00,8.72,-0.01,2,1744,卖盘
840,13:19:15,8.72,0.0,100,87200,卖盘
841,13:19:45,8.72,0.0,1,872,卖盘
842,13:20:09,8.72,0.0,39,34008,卖盘
843,13:20:24,8.72,0.0,129,112488,卖盘
844,13:20:27,8.72,0.0,10,8720,卖盘
845,13:20:30,8.72,0.0,11,9592,卖盘
846,13:20:33,8.72,0.0,11,9592,卖盘
847,13:20:36,8.72,0.0,324,282955,卖盘
848,13:20:45,8.72,0.0,40,34880,买盘
849,13:21:06,8.72,0.0,2,1744,买盘
850,13:21:30,8.72,0.0,47,40984,买盘
851,13:21:39,8.72,0.0,24,20928,买盘
852,13:21:48,8.72,0.0,1,872,买盘
853,13:21:57,8.72,0.0,31,27032,买盘
854,13:22:00,8.72,0.0,7,6104,买盘
855,13:22:04,8.72,0.0,1,872,买盘
856,13:22:12,8.72,0.0,425,370183,买盘
857,13:22:36,8.72,0.0,22,19184,买盘
858,13:22:40,8.71,-0.01,200,174200,卖盘
859,13:22:43,8.71,0.0,4,3484,卖盘
860,13:22:46,8.71,0.0,33,28744,卖盘
861,13:22:49,8.71,0.0,119,103649,卖盘
862,13:22:54,8.7,-0.01,18,15660,卖盘
863,13:22:57,8.7,0.0,14,12180,卖盘
864,13:23:00,8.7,0.0,2,1740,卖盘
865,13:23:09,8.7,0.0,2,1740,卖盘
866,13:23:19,8.7,0.0,98,85260,卖盘
867,13:23:42,8.7,0.0,78,67860,卖盘
868,13:24:09,8.7,0.0,234,203580,卖盘
869,13:24:12,8.7,0.0,10,8700,买盘
870,13:24:27,8.69,-0.01,34,29550,卖盘
871,13:24:33,8.7,0.01,9,7830,买盘
872,13:24:39,8.69,-0.01,8,6952,卖盘
873,13:24:48,8.69,0.0,102,88638,卖盘
874,13:24:54,8.7,0.01,6,5220,买盘
875,13:25:24,8.7,0.0,9,7830,买盘
876,13:25:30,8.7,0.0,98,85260,买盘
877,13:25:36,8.7,0.0,23,20010,卖盘
878,13:25:43,8.7,0.0,18,15660,买盘
879,13:25:51,8.7,0.0,85,73950,卖盘
880,13:26:48,8.7,0.0,18,15660,卖盘
881,13:26:51,8.7,0.0,6,5220,卖盘
882,13:27:12,8.7,0.0,5,4350,卖盘
883,13:28:03,8.7,0.0,20,17400,卖盘
884,13:28:27,8.7,0.0,20,17400,卖盘
885,13:28:48,8.71,0.01,66,57486,买盘
886,13:29:15,8.71,0.0,20,17420,买盘
887,13:29:36,8.71,0.0,12,10452,买盘
888,13:30:45,8.71,0.0,1,871,买盘
889,13:30:51,8.7,-0.01,24,20880,卖盘
890,13:30:57,8.71,0.01,2,1742,买盘
891,13:31:27,8.7,-0.01,68,59160,卖盘
892,13:31:48,8.7,0.0,15,13050,卖盘
893,13:32:33,8.7,0.0,70,60900,卖盘
894,13:33:33,8.7,0.0,18,15660,卖盘
895,13:33:37,8.71,0.01,89,77489,买盘
896,13:33:39,8.7,-0.01,6,5220,卖盘
897,13:33:48,8.7,0.0,25,21750,卖盘
898,13:33:51,8.7,0.0,3,2610,卖盘
899,13:34:13,8.7,0.0,8,6960,卖盘
900,13:34:33,8.7,0.0,10,8700,卖盘
901,13:34:58,8.71,0.01,8,6965,买盘
902,13:35:09,8.71,0.0,7,6097,买盘
903,13:35:27,8.71,0.0,40,34840,买盘
904,13:35:30,8.71,0.0,7,6097,买盘
905,13:35:54,8.71,0.0,45,39195,买盘
906,13:36:00,8.71,0.0,172,149812,买盘
907,13:36:33,8.72,0.01,10,8720,买盘
908,13:37:45,8.72,0.0,10,8720,买盘
909,13:37:48,8.72,0.0,1,872,买盘
910,13:38:03,8.72,0.0,2,1744,买盘
911,13:38:09,8.72,0.0,5,4360,买盘
912,13:38:12,8.71,-0.01,100,87100,卖盘
913,13:38:21,8.71,0.0,20,17420,卖盘
914,13:38:27,8.71,0.0,2,1742,卖盘
915,13:38:33,8.72,0.01,10,8720,买盘
916,13:38:54,8.72,0.0,20,17440,买盘
917,13:39:15,8.71,-0.01,10,8710,卖盘
918,13:39:30,8.71,0.0,8,6968,买盘
919,13:40:21,8.7,-0.01,3,2610,卖盘
920,13:40:39,8.7,0.0,1,870,卖盘
921,13:40:51,8.7,0.0,119,103530,卖盘
922,13:41:18,8.7,0.0,9,7830,卖盘
923,13:41:37,8.71,0.01,4,3484,买盘
924,13:41:54,8.71,0.0,82,71422,买盘
925,13:42:00,8.7,-0.01,431,374970,卖盘
926,13:42:09,8.71,0.01,6,5226,买盘
927,13:42:12,8.7,-0.01,24,20894,卖盘
928,13:42:33,8.71,0.01,71,61841,卖盘
929,13:42:39,8.71,0.0,12,10452,卖盘
930,13:42:51,8.71,0.0,14,12194,买盘
931,13:44:09,8.71,0.0,10,8710,买盘
932,13:45:15,8.7,-0.01,31,26970,卖盘
933,13:45:39,8.7,0.0,14,12180,卖盘
934,13:45:54,8.7,0.0,116,100920,卖盘
935,13:45:57,8.7,0.0,2,1740,卖盘
936,13:46:00,8.7,0.0,3,2610,卖盘
937,13:46:09,8.7,0.0,100,87000,卖盘
938,13:46:12,8.7,0.0,2,1740,卖盘
939,13:46:15,8.7,0.0,4,3480,卖盘
940,13:46:21,8.69,-0.01,26,22594,卖盘
941,13:46:39,8.69,0.0,4,3476,卖盘
942,13:47:00,8.69,0.0,10,8690,卖盘
943,13:47:15,8.69,0.0,10,8690,卖盘
944,13:47:24,8.69,0.0,10,8690,卖盘
945,13:47:36,8.69,0.0,205,178145,卖盘
946,13:47:45,8.69,0.0,9,7821,卖盘
947,13:47:54,8.7,0.01,13,11310,买盘
948,13:48:06,8.7,0.0,10,8700,卖盘
949,13:48:21,8.7,0.0,20,17400,卖盘
950,13:48:30,8.7,0.0,10,8700,卖盘
951,13:48:42,8.7,0.0,1,870,卖盘
952,13:48:51,8.71,0.01,40,34840,买盘
953,13:49:06,8.7,-0.01,4,3480,卖盘
954,13:49:36,8.7,0.0,4,3480,卖盘
955,13:49:39,8.71,0.01,20,17420,买盘
956,13:49:57,8.71,0.0,5,4355,买盘
957,13:50:18,8.71,0.0,3,2613,买盘
958,13:50:45,8.7,-0.01,1,870,卖盘
959,13:51:15,8.7,0.0,3,2610,卖盘
960,13:51:24,8.7,0.0,6,5220,卖盘
961,13:51:54,8.71,0.01,7,6097,买盘
962,13:52:13,8.7,-0.01,1,870,卖盘
963,13:52:15,8.7,0.0,2,1740,卖盘
964,13:52:18,8.7,0.0,7,6090,卖盘
965,13:52:21,8.7,0.0,9,7830,卖盘
966,13:52:25,8.71,0.01,55,47901,买盘
967,13:52:33,8.7,-0.01,3,2611,卖盘
968,13:52:36,8.7,0.0,2,1740,卖盘
969,13:52:39,8.7,0.0,27,23490,卖盘
970,13:52:42,8.7,0.0,9,7830,卖盘
971,13:52:45,8.7,0.0,9,7830,卖盘
972,13:52:48,8.7,0.0,10,8701,卖盘
973,13:52:51,8.7,0.0,11,9570,卖盘
974,13:52:54,8.7,0.0,4,3480,卖盘
975,13:52:57,8.7,0.0,26,22620,卖盘
976,13:53:00,8.7,0.0,11,9570,卖盘
977,13:53:12,8.7,0.0,8,6960,买盘
978,13:53:24,8.69,-0.01,1,869,卖盘
979,13:53:42,8.7,0.01,1,870,卖盘
980,13:53:45,8.7,0.0,19,16530,卖盘
981,13:54:09,8.69,-0.01,2,1738,卖盘
982,13:54:21,8.69,0.0,14,12166,卖盘
983,13:54:30,8.7,0.01,15,13050,买盘
984,13:54:36,8.69,-0.01,443,384967,卖盘
985,13:54:57,8.68,-0.01,12,10418,卖盘
986,13:55:06,8.68,0.0,37,32116,卖盘
987,13:55:19,8.68,0.0,50,43400,卖盘
988,13:55:21,8.69,0.01,9,7821,买盘
989,13:55:27,8.68,-0.01,17,14756,卖盘
990,13:55:31,8.69,0.01,53,46057,买盘
991,13:55:37,8.69,0.0,1,869,卖盘
992,13:55:40,8.69,0.0,46,39974,卖盘
993,13:55:48,8.68,-0.01,40,34720,卖盘
994,13:55:51,8.68,0.0,5,4340,卖盘
995,13:55:54,8.68,0.0,44,38192,卖盘
996,13:56:04,8.68,0.0,5,4340,卖盘
997,13:56:18,8.67,-0.01,341,295741,卖盘
998,13:56:21,8.65,-0.02,568,492116,卖盘
999,13:56:30,8.65,0.0,1,865,卖盘
1000,13:56:52,8.65,0.0,163,141027,卖盘
1001,13:56:57,8.66,0.01,5,4330,买盘
1002,13:57:00,8.65,-0.01,53,45895,卖盘
1003,13:57:06,8.64,-0.01,257,222300,卖盘
1004,13:57:09,8.66,0.02,51,44117,买盘
1005,13:57:21,8.66,0.0,3,2598,卖盘
1006,13:57:36,8.66,0.0,25,21650,买盘
1007,13:57:39,8.66,0.0,6,5196,买盘
1008,13:57:51,8.66,0.0,5,4330,卖盘
1009,13:58:00,8.66,0.0,112,96992,卖盘
1010,13:58:04,8.67,0.01,26,22519,买盘
1011,13:58:06,8.67,0.0,16,13872,卖盘
1012,13:58:21,8.68,0.01,2,1736,买盘
1013,13:58:33,8.68,0.0,45,39060,卖盘
1014,13:58:42,8.68,0.0,59,51212,卖盘
1015,13:59:00,8.68,0.0,86,74648,卖盘
1016,13:59:06,8.67,-0.01,76,65892,卖盘
1017,13:59:30,8.67,0.0,7,6069,卖盘
1018,13:59:48,8.67,0.0,1,867,卖盘
1019,13:59:57,8.67,0.0,100,86700,卖盘
1020,14:00:04,8.68,0.01,11,9538,买盘
1021,14:00:06,8.68,0.0,2,1736,卖盘
1022,14:00:27,8.67,-0.01,4,3468,卖盘
1023,14:00:30,8.67,0.0,116,100572,卖盘
1024,14:00:39,8.67,0.0,60,52020,买盘
1025,14:00:52,8.67,0.0,55,47685,买盘
1026,14:00:57,8.67,0.0,10,8670,卖盘
1027,14:01:03,8.67,0.0,9,7803,卖盘
1028,14:01:06,8.67,0.0,1,867,买盘
1029,14:01:09,8.66,-0.01,472,408764,卖盘
1030,14:01:12,8.68,0.02,20,17360,买盘
1031,14:01:36,8.65,-0.03,55,47596,卖盘
1032,14:01:51,8.67,0.02,34,29451,买盘
1033,14:01:54,8.67,0.0,1,867,买盘
1034,14:02:00,8.65,-0.02,250,216250,卖盘
1035,14:02:09,8.67,0.02,33,28611,买盘
1036,14:02:12,8.67,0.0,28,24276,卖盘
1037,14:02:30,8.67,0.0,53,45951,卖盘
1038,14:02:36,8.67,0.0,73,63291,卖盘
1039,14:02:42,8.67,0.0,17,14739,卖盘
1040,14:02:45,8.67,0.0,42,36414,卖盘
1041,14:02:48,8.67,0.0,7,6069,买盘
1042,14:03:13,8.66,-0.01,8,6928,卖盘
1043,14:03:30,8.66,0.0,26,22516,买盘
1044,14:03:33,8.65,-0.01,3,2595,卖盘
1045,14:03:36,8.66,0.01,6,5196,买盘
1046,14:03:39,8.66,0.0,81,70146,买盘
1047,14:03:49,8.67,0.01,27,23409,买盘
1048,14:03:57,8.67,0.0,1,867,卖盘
1049,14:04:00,8.68,0.01,9,7812,买盘
1050,14:04:12,8.68,0.0,5,4340,买盘
1051,14:04:18,8.68,0.0,18,15624,买盘
1052,14:04:30,8.68,0.0,19,16492,买盘
1053,14:04:33,8.68,0.0,14,12152,买盘
1054,14:04:36,8.68,0.0,10,8680,买盘
1055,14:04:51,8.68,0.0,3,2604,买盘
1056,14:05:21,8.68,0.0,1,868,买盘
1057,14:05:24,8.68,0.0,11,9548,买盘
1058,14:05:36,8.68,0.0,6,5208,买盘
1059,14:06:21,8.68,0.0,36,31248,卖盘
1060,14:06:30,8.68,0.0,79,68572,买盘
1061,14:07:00,8.67,-0.01,10,8676,卖盘
1062,14:08:18,8.68,0.01,70,60760,买盘
1063,14:08:21,8.68,0.0,35,30380,卖盘
1064,14:08:36,8.68,0.0,100,86800,卖盘
1065,14:08:57,8.68,0.0,37,32116,卖盘
1066,14:09:00,8.69,0.01,94,81665,买盘
1067,14:09:09,8.69,0.0,8,6952,买盘
1068,14:09:12,8.68,-0.01,10,8680,卖盘
1069,14:09:18,8.68,0.0,10,8680,买盘
1070,14:09:36,8.68,0.0,16,13900,卖盘
1071,14:09:48,8.68,0.0,43,37324,卖盘
1072,14:10:09,8.67,-0.01,30,26010,卖盘
1073,14:10:12,8.67,0.0,24,20808,卖盘
1074,14:10:18,8.68,0.01,115,99820,买盘
1075,14:10:21,8.67,-0.01,5,4335,卖盘
1076,14:11:04,8.68,0.01,6,5208,买盘
1077,14:11:06,8.68,0.0,7,6076,买盘
1078,14:11:18,8.68,0.0,36,31248,买盘
1079,14:11:21,8.67,-0.01,27,23409,卖盘
1080,14:11:24,8.68,0.01,32,27776,买盘
1081,14:11:28,8.68,0.0,12,10416,买盘
1082,14:12:01,8.68,0.0,1,868,卖盘
1083,14:12:06,8.69,0.01,17,14773,买盘
1084,14:12:24,8.69,0.0,6,5214,买盘
1085,14:12:27,8.69,0.0,30,26070,买盘
1086,14:12:42,8.69,0.0,10,8690,买盘
1087,14:12:45,8.69,0.0,9,7821,买盘
1088,14:12:52,8.69,0.0,2,1738,买盘
1089,14:13:12,8.69,0.0,47,40843,买盘
1090,14:13:34,8.69,0.0,52,45188,卖盘
1091,14:13:42,8.7,0.01,20,17400,买盘
1092,14:13:57,8.7,0.0,2,1740,买盘
1093,14:14:36,8.7,0.0,36,31320,买盘
1094,14:14:54,8.7,0.0,20,17400,买盘
1095,14:15:09,8.7,0.0,3,2610,买盘
1096,14:15:39,8.69,-0.01,13,11297,卖盘
1097,14:16:10,8.69,0.0,2,1738,买盘
1098,14:16:39,8.69,0.0,8,6952,买盘
1099,14:17:27,8.68,-0.01,18,15624,卖盘
1100,14:17:30,8.68,0.0,97,84196,卖盘
1101,14:18:01,8.69,0.01,71,61699,买盘
1102,14:18:21,8.69,0.0,6,5214,买盘
1103,14:18:30,8.68,-0.01,24,20832,卖盘
1104,14:18:54,8.7,0.02,211,183532,买盘
1105,14:19:27,8.69,-0.01,7,6083,买盘
1106,14:19:33,8.69,0.0,14,12162,买盘
1107,14:19:39,8.69,0.0,33,28677,买盘
1108,14:20:42,8.69,0.0,26,22594,卖盘
1109,14:20:55,8.69,0.0,25,21725,买盘
1110,14:22:45,8.7,0.01,19,16530,买盘
1111,14:22:57,8.7,0.0,100,87000,买盘
1112,14:23:00,8.7,0.0,24,20880,买盘
1113,14:23:06,8.7,0.0,20,17400,卖盘
1114,14:23:30,8.7,0.0,5,4350,卖盘
1115,14:23:42,8.71,0.01,20,17420,买盘
1116,14:24:06,8.71,0.0,10,8710,买盘
1117,14:24:39,8.71,0.0,6,5226,买盘
1118,14:24:42,8.71,0.0,5,4355,买盘
1119,14:24:54,8.71,0.0,11,9581,买盘
1120,14:24:57,8.71,0.0,36,31356,买盘
1121,14:25:06,8.71,0.0,50,43550,卖盘
1122,14:25:12,8.71,0.0,20,17420,卖盘
1123,14:25:18,8.71,0.0,4,3484,卖盘
1124,14:25:21,8.71,0.0,12,10452,卖盘
1125,14:25:36,8.72,0.01,10,8720,买盘
1126,14:26:09,8.72,0.0,7,6104,买盘
1127,14:26:12,8.71,-0.01,3,2613,卖盘
1128,14:26:15,8.71,0.0,21,18291,卖盘
1129,14:26:48,8.7,-0.01,1,870,卖盘
1130,14:26:57,8.71,0.01,12,10452,买盘
1131,14:27:12,8.71,0.0,1,871,卖盘
1132,14:27:21,8.71,0.0,28,24388,卖盘
1133,14:27:25,8.72,0.01,76,66272,买盘
1134,14:27:28,8.72,0.0,19,16558,买盘
1135,14:27:39,8.73,0.01,162,141293,买盘
1136,14:27:42,8.73,0.0,41,35793,买盘
1137,14:27:48,8.74,0.01,206,179864,买盘
1138,14:27:51,8.74,0.0,48,41952,买盘
1139,14:28:00,8.74,0.0,21,18354,买盘
1140,14:28:03,8.76,0.02,246,215266,买盘
1141,14:28:06,8.74,-0.02,1,874,中性盘
1142,14:28:09,8.76,0.02,198,173448,买盘
1143,14:28:12,8.76,0.0,64,56014,买盘
1144,14:28:21,8.79,0.03,269,236068,买盘
1145,14:28:24,8.76,-0.03,5,4380,买盘
1146,14:28:27,8.79,0.03,289,253703,买盘
1147,14:28:33,8.79,0.0,299,262701,买盘
1148,14:28:42,8.76,-0.03,295,259072,卖盘
1149,14:28:45,8.76,0.0,15,13140,买盘
1150,14:28:49,8.76,0.0,69,60444,买盘
1151,14:28:52,8.8,0.04,296,260219,买盘
1152,14:28:58,8.8,0.0,500,439781,买盘
1153,14:29:04,8.8,0.0,195,170771,买盘
1154,14:29:06,8.8,0.0,14,12320,卖盘
1155,14:29:12,8.8,0.0,8,7040,卖盘
1156,14:29:15,8.8,0.0,27,23760,卖盘
1157,14:29:18,8.8,0.0,95,83600,卖盘
1158,14:29:21,8.8,0.0,7,6160,卖盘
1159,14:29:24,8.8,0.0,134,117920,卖盘
1160,14:29:27,8.8,0.0,108,95865,卖盘
1161,14:29:33,8.8,0.0,6,5280,买盘
1162,14:29:36,8.8,0.0,200,176000,买盘
1163,14:29:45,8.8,0.0,249,219001,买盘
1164,14:29:51,8.8,0.0,278,244430,买盘
1165,14:29:58,8.82,0.02,346,304786,买盘
1166,14:30:09,8.78,-0.04,5,4390,买盘
1167,14:30:25,8.78,0.0,12,10543,卖盘
1168,14:30:27,8.78,0.0,20,17560,卖盘
1169,14:30:30,8.78,0.0,4,3512,卖盘
1170,14:30:36,8.78,0.0,5,4390,卖盘
1171,14:30:48,8.78,0.0,112,98336,买盘
1172,14:31:00,8.8,0.02,499,438818,买盘
1173,14:31:04,8.82,0.02,499,439621,买盘
1174,14:31:10,8.83,0.01,490,432471,买盘
1175,14:31:12,8.85,0.02,490,433166,买盘
1176,14:31:15,8.83,-0.02,6,5298,买盘
1177,14:31:18,8.88,0.05,489,433656,买盘
1178,14:31:21,8.9,0.02,487,433069,买盘
1179,14:31:27,8.92,0.02,75,66000,买盘
1180,14:31:30,8.92,0.0,10,8920,卖盘
1181,14:31:33,8.92,0.0,424,379002,卖盘
1182,14:31:36,8.92,0.0,13,11596,买盘
1183,14:31:39,8.92,0.0,120,107123,买盘
1184,14:31:42,8.93,0.01,39,34005,买盘
1185,14:31:45,8.9,-0.03,150,134593,卖盘
1186,14:31:48,8.9,0.0,15,13350,买盘
1187,14:31:51,8.92,0.02,110,98106,买盘
1188,14:31:57,8.91,-0.01,94,83607,买盘
1189,14:32:06,8.89,-0.02,25,22215,中性盘
1190,14:32:09,8.88,-0.01,204,181388,卖盘
1191,14:32:16,8.89,0.01,170,151081,买盘
1192,14:32:19,8.87,-0.02,48,42576,卖盘
1193,14:32:22,8.89,0.02,121,107368,买盘
1194,14:32:25,8.88,-0.01,26,23088,卖盘
1195,14:32:30,8.85,-0.03,146,129460,卖盘
1196,14:32:33,8.88,0.03,117,103791,买盘
1197,14:32:36,8.88,0.0,4,3552,卖盘
1198,14:32:39,8.88,0.0,20,17760,卖盘
1199,14:32:42,8.88,0.0,90,79920,卖盘
1200,14:32:46,8.88,0.0,109,96792,卖盘
1201,14:32:49,8.89,0.01,37,32859,买盘
1202,14:32:57,8.87,-0.02,12,10644,买盘
1203,14:33:00,8.85,-0.02,1,885,卖盘
1204,14:33:03,8.85,0.0,4,3540,买盘
1205,14:33:09,8.85,0.0,42,37170,买盘
1206,14:33:12,8.85,0.0,19,16815,卖盘
1207,14:33:24,8.83,-0.02,59,52147,卖盘
1208,14:33:27,8.84,0.01,7,6188,中性盘
1209,14:33:33,8.85,0.01,50,44250,买盘
1210,14:33:36,8.86,0.01,5,4430,买盘
1211,14:33:39,8.86,0.0,18,15948,卖盘
1212,14:33:42,8.85,-0.01,30,26551,卖盘
1213,14:33:48,8.86,0.01,98,86749,买盘
1214,14:33:54,8.86,0.0,25,22150,买盘
1215,14:33:57,8.84,-0.02,72,63685,卖盘
1216,14:34:09,8.86,0.02,96,85036,买盘
1217,14:34:15,8.86,0.0,58,51342,买盘
1218,14:34:18,8.86,0.0,20,17720,买盘
1219,14:34:24,8.86,0.0,55,48730,买盘
1220,14:34:27,8.86,0.0,63,55770,中性盘
1221,14:34:30,8.87,0.01,22,19504,买盘
1222,14:34:33,8.87,0.0,40,35480,买盘
1223,14:34:36,8.86,-0.01,16,14191,卖盘
1224,14:34:45,8.87,0.01,36,31904,买盘
1225,14:34:48,8.87,0.0,43,38125,买盘
1226,14:34:51,8.86,-0.01,45,39870,卖盘
1227,14:34:54,8.85,-0.01,19,16832,卖盘
1228,14:35:04,8.85,0.0,85,75260,卖盘
1229,14:35:06,8.85,0.0,76,67260,卖盘
1230,14:35:09,8.85,0.0,44,38911,买盘
1231,14:35:27,8.84,-0.01,41,36244,卖盘
1232,14:35:33,8.84,0.0,30,26520,卖盘
1233,14:35:43,8.84,0.0,93,82212,卖盘
1234,14:35:45,8.84,0.0,17,15028,买盘
1235,14:35:51,8.83,-0.01,64,56512,卖盘
1236,14:35:54,8.84,0.01,2,1768,买盘
1237,14:36:00,8.83,-0.01,62,54746,卖盘
1238,14:36:06,8.83,0.0,41,36203,卖盘
1239,14:36:13,8.83,0.0,53,46848,卖盘
1240,14:36:15,8.84,0.01,10,8840,中性盘
1241,14:36:21,8.85,0.01,20,17700,买盘
1242,14:36:27,8.84,-0.01,29,25636,卖盘
1243,14:36:30,8.84,0.0,16,14145,卖盘
1244,14:36:42,8.85,0.01,95,84025,买盘
1245,14:36:45,8.85,0.0,5,4425,卖盘
1246,14:36:48,8.85,0.0,10,8850,卖盘
1247,14:37:12,8.84,-0.01,45,39796,卖盘
1248,14:37:15,8.84,0.0,10,8840,卖盘
1249,14:37:18,8.84,0.0,35,30940,卖盘
1250,14:37:33,8.84,0.0,23,20332,买盘
1251,14:37:51,8.84,0.0,40,35330,买盘
1252,14:38:00,8.83,-0.01,49,43267,卖盘
1253,14:38:06,8.83,0.0,160,141280,卖盘
1254,14:38:15,8.83,0.0,57,50331,卖盘
1255,14:38:18,8.83,0.0,1,883,卖盘
1256,14:38:24,8.83,0.0,64,56512,卖盘
1257,14:38:27,8.84,0.01,2,1768,买盘
1258,14:38:31,8.83,-0.01,263,232229,卖盘
1259,14:38:34,8.83,0.0,77,67991,卖盘
1260,14:38:39,8.83,0.0,30,26490,买盘
1261,14:38:54,8.81,-0.02,151,133031,卖盘
1262,14:38:57,8.81,0.0,26,22906,买盘
1263,14:39:04,8.8,-0.01,39,34320,卖盘
1264,14:39:06,8.81,0.01,42,37002,买盘
1265,14:39:09,8.8,-0.01,2,1760,卖盘
1266,14:39:12,8.81,0.01,11,9691,买盘
1267,14:39:15,8.81,0.0,42,37002,买盘
1268,14:39:21,8.81,0.0,39,34359,卖盘
1269,14:39:27,8.82,0.01,20,17640,买盘
1270,14:39:30,8.82,0.0,1,882,卖盘
1271,14:39:33,8.81,-0.01,66,58149,卖盘
1272,14:39:42,8.8,-0.01,30,26400,卖盘
1273,14:39:45,8.81,0.01,2,1762,买盘
1274,14:39:52,8.8,-0.01,98,86240,卖盘
1275,14:40:04,8.79,-0.01,45,39555,卖盘
1276,14:40:12,8.79,0.0,17,14943,买盘
1277,14:40:15,8.79,0.0,3,2637,买盘
1278,14:40:19,8.78,-0.01,51,44828,卖盘
1279,14:40:22,8.79,0.01,18,15822,买盘
1280,14:40:39,8.79,0.0,22,19338,卖盘
1281,14:40:42,8.8,0.01,20,17590,买盘
1282,14:40:54,8.8,0.0,23,20240,买盘
1283,14:40:57,8.81,0.01,14,12334,买盘
1284,14:41:00,8.81,0.0,44,38764,买盘
1285,14:41:03,8.81,0.0,29,25549,买盘
1286,14:41:13,8.82,0.01,103,90846,买盘
1287,14:41:19,8.82,0.0,61,53802,买盘
1288,14:41:21,8.82,0.0,7,6174,买盘
1289,14:41:30,8.83,0.01,15,13245,买盘
1290,14:41:36,8.83,0.0,12,10596,买盘
1291,14:41:51,8.82,-0.01,41,36162,卖盘
1292,14:41:54,8.83,0.01,10,8830,买盘
1293,14:41:57,8.83,0.0,10,8830,买盘
1294,14:42:04,8.8,-0.03,82,72223,卖盘
1295,14:42:07,8.8,0.0,19,16720,买盘
1296,14:42:10,8.83,0.03,10,8830,买盘
1297,14:42:24,8.82,-0.01,1,882,买盘
1298,14:42:30,8.82,0.0,10,8820,买盘
1299,14:43:09,8.82,0.0,96,84672,买盘
1300,14:43:18,8.82,0.0,18,15876,卖盘
1301,14:43:36,8.81,-0.01,8,7048,买盘
1302,14:43:39,8.81,0.0,5,4405,买盘
1303,14:43:51,8.8,-0.01,43,37843,卖盘
1304,14:43:54,8.8,0.0,7,6160,买盘
1305,14:44:24,8.83,0.03,2,1766,买盘
1306,14:44:45,8.81,-0.02,10,8810,卖盘
1307,14:44:48,8.82,0.01,4,3528,中性盘
1308,14:45:00,8.81,-0.01,40,35240,卖盘
1309,14:45:16,8.8,-0.01,8,7040,卖盘
1310,14:45:24,8.8,0.0,1,880,卖盘
1311,14:45:27,8.8,0.0,45,39600,卖盘
1312,14:45:30,8.8,0.0,55,48400,买盘
1313,14:45:43,8.81,0.01,28,24668,买盘
1314,14:45:49,8.8,-0.01,17,14960,卖盘
1315,14:46:00,8.81,0.01,6,5286,买盘
1316,14:46:04,8.81,0.0,7,6167,卖盘
1317,14:46:06,8.81,0.0,16,14096,卖盘
1318,14:46:09,8.81,0.0,1,881,卖盘
1319,14:46:21,8.81,0.0,25,22025,卖盘
1320,14:46:24,8.81,0.0,25,22025,买盘
1321,14:46:27,8.8,-0.01,1,880,卖盘
1322,14:46:43,8.81,0.01,21,18501,买盘
1323,14:46:45,8.81,0.0,9,7929,买盘
1324,14:46:54,8.81,0.0,70,61738,卖盘
1325,14:46:58,8.82,0.01,8,7056,买盘
1326,14:47:04,8.82,0.0,1,882,买盘
1327,14:47:07,8.82,0.0,6,5292,买盘
1328,14:47:12,8.82,0.0,10,8820,卖盘
1329,14:47:25,8.83,0.01,60,52980,买盘
1330,14:47:37,8.82,-0.01,63,55566,卖盘
1331,14:47:40,8.83,0.01,10,8830,买盘
1332,14:47:58,8.81,-0.02,2,1762,卖盘
1333,14:48:00,8.82,0.01,10,8820,买盘
1334,14:48:06,8.82,0.0,1,882,买盘
1335,14:48:18,8.82,0.0,35,30870,买盘
1336,14:48:21,8.82,0.0,3,2646,买盘
1337,14:48:33,8.82,0.0,38,33516,买盘
1338,14:48:36,8.81,-0.01,1,881,卖盘
1339,14:48:45,8.82,0.01,39,34398,买盘
1340,14:48:54,8.83,0.01,5,4415,买盘
1341,14:48:57,8.82,-0.01,451,398183,卖盘
1342,14:49:06,8.82,0.0,13,11469,卖盘
1343,14:49:15,8.83,0.01,110,97130,买盘
1344,14:49:24,8.84,0.01,300,265200,买盘
1345,14:49:33,8.84,0.0,13,11492,买盘
1346,14:49:51,8.85,0.01,148,130980,买盘
1347,14:49:54,8.85,0.0,50,44250,卖盘
1348,14:50:09,8.86,0.01,3,2658,买盘
1349,14:50:21,8.86,0.0,7,6202,买盘
1350,14:50:24,8.85,-0.01,11,9736,卖盘
1351,14:50:27,8.86,0.01,5,4430,买盘
1352,14:50:30,8.86,0.0,5,4430,买盘
1353,14:50:33,8.86,0.0,8,7088,买盘
1354,14:50:39,8.85,-0.01,1,885,卖盘
1355,14:50:42,8.85,0.0,5,4425,卖盘
1356,14:50:45,8.85,0.0,95,84081,卖盘
1357,14:50:48,8.86,0.01,10,8860,买盘
1358,14:51:00,8.85,-0.01,56,49562,卖盘
1359,14:51:04,8.85,0.0,18,15930,卖盘
1360,14:51:06,8.86,0.01,11,9741,买盘
1361,14:51:09,8.86,0.0,1,886,买盘
1362,14:51:18,8.85,-0.01,138,122130,买盘
1363,14:51:21,8.85,0.0,10,8850,卖盘
1364,14:51:28,8.85,0.0,10,8850,卖盘
1365,14:51:30,8.85,0.0,35,30975,卖盘
1366,14:51:33,8.85,0.0,7,6195,买盘
1367,14:51:36,8.85,0.0,2,1770,买盘
1368,14:51:45,8.84,-0.01,67,59229,卖盘
1369,14:51:51,8.84,0.0,10,8840,卖盘
1370,14:51:54,8.85,0.01,81,71685,买盘
1371,14:52:00,8.85,0.0,13,11505,卖盘
1372,14:52:03,8.85,0.0,14,12390,卖盘
1373,14:52:06,8.85,0.0,28,24780,卖盘
1374,14:52:18,8.85,0.0,5,4425,买盘
1375,14:52:27,8.84,-0.01,15,13260,卖盘
1376,14:52:30,8.84,0.0,20,17680,卖盘
1377,14:52:42,8.84,0.0,30,26520,卖盘
1378,14:52:48,8.84,0.0,6,5304,卖盘
1379,14:52:51,8.84,0.0,10,8840,买盘
1380,14:52:54,8.83,-0.01,12,10596,卖盘
1381,14:52:57,8.83,0.0,1,883,卖盘
1382,14:53:06,8.84,0.01,2,1768,买盘
1383,14:53:09,8.84,0.0,8,7072,买盘
1384,14:53:12,8.83,-0.01,98,86534,卖盘
1385,14:53:15,8.87,0.04,521,461334,买盘
1386,14:53:25,8.89,0.02,511,454055,买盘
1387,14:53:30,8.87,-0.02,547,486750,卖盘
1388,14:53:36,8.87,0.0,5,4435,卖盘
1389,14:53:39,8.87,0.0,16,14192,买盘
1390,14:53:42,8.87,0.0,10,8870,买盘
1391,14:53:45,8.87,0.0,12,10644,买盘
1392,14:53:48,8.87,0.0,540,480532,买盘
1393,14:53:54,8.87,0.0,6,5322,卖盘
1394,14:53:57,8.87,0.0,3,2661,买盘
1395,14:54:00,8.93,0.06,559,498207,买盘
1396,14:54:06,8.9,-0.03,660,589308,买盘
1397,14:54:09,8.88,-0.02,5,4440,卖盘
1398,14:54:12,8.88,0.0,36,31968,卖盘
1399,14:54:15,8.88,0.0,645,576720,卖盘
1400,14:54:18,8.88,0.0,20,17746,买盘
1401,14:54:21,8.95,0.07,930,830822,买盘
1402,14:54:28,8.95,0.0,495,442813,买盘
1403,14:54:34,8.95,0.0,509,455027,买盘
1404,14:54:37,8.94,-0.01,19,16986,买盘
1405,14:54:39,8.92,-0.02,54,48260,卖盘
1406,14:54:45,8.93,0.01,3,2679,买盘
1407,14:54:51,8.93,0.0,27,24111,买盘
1408,14:54:54,8.92,-0.01,45,40177,卖盘
1409,14:54:57,8.93,0.01,13,11609,买盘
1410,14:55:00,8.93,0.0,32,28550,卖盘
1411,14:55:04,8.93,0.0,20,17860,买盘
1412,14:55:06,8.93,0.0,36,32118,买盘
1413,14:55:12,8.93,0.0,28,24979,买盘
1414,14:55:19,8.93,0.0,42,37489,买盘
1415,14:55:21,8.93,0.0,4,3572,买盘
1416,14:55:25,8.92,-0.01,17,15164,卖盘
1417,14:55:30,8.9,-0.02,5,4450,卖盘
1418,14:55:42,8.9,0.0,8,7120,卖盘
1419,14:55:45,8.9,0.0,46,40940,卖盘
1420,14:55:48,8.9,0.0,27,24030,买盘
1421,14:55:51,8.9,0.0,83,73870,买盘
1422,14:55:54,8.91,0.01,77,68563,买盘
1423,14:55:57,8.91,0.0,7,6237,卖盘
1424,14:56:00,8.91,0.0,10,8910,卖盘
1425,14:56:04,8.91,0.0,85,75735,卖盘
1426,14:56:06,8.89,-0.02,35,31136,卖盘
1427,14:56:12,8.91,0.02,250,222554,买盘
1428,14:56:18,8.9,-0.01,20,17800,卖盘
1429,14:56:24,8.9,0.0,16,14240,卖盘
1430,14:56:27,8.9,0.0,55,48950,卖盘
1431,14:56:31,8.9,0.0,53,47179,买盘
1432,14:56:33,8.9,0.0,42,37380,买盘
1433,14:56:36,8.9,0.0,70,62300,买盘
1434,14:56:42,8.89,-0.01,193,171767,卖盘
1435,14:56:45,8.89,0.0,50,44450,卖盘
1436,14:56:48,8.9,0.01,125,111166,买盘
1437,14:56:57,8.9,0.0,3,2670,买盘
1438,14:57:00,8.9,0.0,15,13340,买盘
1439,15:00:04,8.88,-0.02,1694,1504272,卖盘
