,time,price,change,volume,amount,type
0,09:25:04,5.03,-0.02,258,129774,卖盘
1,09:30:07,5.03,0.0,197,99262,卖盘
2,09:30:10,5.03,0.0,26,13078,买盘
3,09:30:13,5.02,-0.01,71,35696,卖盘
4,09:30:18,5.05,0.03,10,5050,买盘
5,09:30:34,5.05,0.0,10,5050,买盘
6,09:30:48,5.05,0.0,11,5555,卖盘
7,09:30:52,5.05,0.0,1,505,卖盘
8,09:30:58,5.05,0.0,30,15134,买盘
9,09:31:05,5.06,0.01,28,14160,买盘
10,09:31:10,5.06,0.0,1,506,卖盘
11,09:31:16,5.06,0.0,6,3036,卖盘
12,09:31:19,5.07,0.01,8,4051,买盘
13,09:31:25,5.06,-0.01,10,5060,卖盘
14,09:31:31,5.06,0.0,17,8602,买盘
15,09:31:34,5.07,0.01,110,55711,买盘
16,09:31:36,5.06,-0.01,10,5060,买盘
17,09:31:43,5.06,0.0,10,5060,卖盘
18,09:31:52,5.07,0.01,15,7605,买盘
19,09:31:58,5.07,0.0,70,35490,买盘
20,09:32:10,5.07,0.0,67,33922,买盘
21,09:32:16,5.06,-0.01,49,24842,卖盘
22,09:32:19,5.06,0.0,36,18216,买盘
23,09:32:22,5.06,0.0,217,109802,买盘
24,09:32:25,5.06,0.0,6,3036,买盘
25,09:32:28,5.06,0.0,1,506,买盘
26,09:32:31,5.06,0.0,5,2530,买盘
27,09:32:34,5.06,0.0,6,3031,买盘
28,09:32:37,5.06,0.0,1,506,买盘
29,09:32:40,5.05,-0.01,11,5556,卖盘
30,09:32:43,5.06,0.01,101,51105,买盘
31,09:32:45,5.05,-0.01,100,50590,卖盘
32,09:32:55,5.06,0.01,1,506,买盘
33,09:32:58,5.06,0.0,1,506,买盘
34,09:33:01,5.07,0.01,31,15716,买盘
35,09:33:13,5.07,0.0,23,11661,买盘
36,09:33:19,5.07,0.0,42,21294,买盘
37,09:33:28,5.07,0.0,50,25328,买盘
38,09:33:34,5.07,0.0,220,111540,买盘
39,09:33:40,5.07,0.0,1,507,买盘
40,09:33:42,5.07,0.0,1,507,买盘
41,09:33:52,5.07,0.0,30,15210,买盘
42,09:33:57,5.07,0.0,41,20787,卖盘
43,09:34:01,5.07,0.0,19,9633,买盘
44,09:34:13,5.07,0.0,121,61418,卖盘
45,09:34:16,5.06,-0.01,154,77975,卖盘
46,09:34:27,5.07,0.01,3,1521,买盘
47,09:34:31,5.07,0.0,1,507,买盘
48,09:34:34,5.07,0.0,6,3042,买盘
49,09:34:40,5.07,0.0,126,63882,买盘
50,09:34:46,5.06,-0.01,2,1012,卖盘
51,09:34:49,5.07,0.01,66,33462,买盘
52,09:34:58,5.07,0.0,15,7591,买盘
53,09:35:01,5.06,-0.01,10,5060,卖盘
54,09:35:04,5.06,0.0,18,9108,卖盘
55,09:35:07,5.06,0.0,5,2530,买盘
56,09:35:10,5.06,0.0,456,230300,买盘
57,09:35:12,5.06,0.0,1,506,买盘
58,09:35:16,5.06,0.0,16,8096,买盘
59,09:35:19,5.05,-0.01,16,8083,卖盘
60,09:35:25,5.05,0.0,78,39390,买盘
61,09:35:28,5.05,0.0,10,5050,买盘
62,09:35:30,5.05,0.0,4,2020,买盘
63,09:35:34,5.05,0.0,2,1010,买盘
64,09:35:37,5.05,0.0,46,23230,买盘
65,09:35:43,5.05,0.0,17,8585,卖盘
66,09:35:46,5.05,0.0,1,505,卖盘
67,09:35:52,5.05,0.0,10,5050,卖盘
68,09:35:55,5.05,0.0,37,18685,卖盘
69,09:35:57,5.05,0.0,16,8080,卖盘
70,09:36:01,5.05,0.0,28,14150,卖盘
71,09:36:04,5.05,0.0,48,24240,卖盘
72,09:36:12,5.05,0.0,10,5050,卖盘
73,09:36:16,5.05,0.0,148,74740,卖盘
74,09:36:25,5.05,0.0,15,7575,买盘
75,09:36:31,5.05,0.0,1,505,买盘
76,09:36:34,5.05,0.0,6,3030,买盘
77,09:36:37,5.05,0.0,3,1515,买盘
78,09:36:40,5.05,0.0,234,118170,买盘
79,09:36:46,5.06,0.01,1,506,买盘
80,09:36:49,5.06,0.0,1,506,买盘
81,09:36:52,5.06,0.0,1,506,买盘
82,09:36:55,5.06,0.0,1,506,买盘
83,09:36:58,5.06,0.0,29,14674,买盘
84,09:37:07,5.06,0.0,5,2530,卖盘
85,09:37:10,5.06,0.0,1,506,卖盘
86,09:37:16,5.07,0.01,144,72883,买盘
87,09:37:18,5.07,0.0,165,83643,买盘
88,09:37:34,5.07,0.0,10,5070,卖盘
89,09:37:46,5.07,0.0,9,4563,卖盘
90,09:37:49,5.07,0.0,42,21294,买盘
91,09:37:55,5.07,0.0,43,21801,卖盘
92,09:38:01,5.07,0.0,3,1521,卖盘
93,09:38:04,5.08,0.01,36,18288,买盘
94,09:38:10,5.1,0.02,1289,656712,买盘
95,09:38:13,5.1,0.0,10,5100,卖盘
96,09:38:16,5.1,0.0,5,2550,卖盘
97,09:38:19,5.11,0.01,31,15841,买盘
98,09:38:22,5.1,-0.01,26,13260,卖盘
99,09:38:24,5.11,0.01,10,5110,买盘
100,09:38:31,5.11,0.0,46,23488,卖盘
101,09:38:34,5.11,0.0,26,13286,买盘
102,09:38:37,5.11,0.0,21,10721,买盘
103,09:38:40,5.11,0.0,7,3577,买盘
104,09:38:43,5.12,0.01,116,59367,买盘
105,09:38:46,5.11,-0.01,18,9198,卖盘
106,09:38:49,5.11,0.0,142,72569,买盘
107,09:38:52,5.11,0.0,118,60298,买盘
108,09:38:55,5.11,0.0,115,58765,卖盘
109,09:38:58,5.11,0.0,61,31171,买盘
110,09:39:01,5.12,0.01,211,107753,买盘
111,09:39:04,5.11,-0.01,41,20972,中性盘
112,09:39:07,5.11,0.0,207,105643,买盘
113,09:39:10,5.11,0.0,181,92399,买盘
114,09:39:13,5.11,0.0,34,17374,买盘
115,09:39:16,5.11,0.0,56,28616,买盘
116,09:39:19,5.1,-0.01,177,90270,卖盘
117,09:39:21,5.11,0.01,279,142296,买盘
118,09:39:24,5.1,-0.01,20,10200,卖盘
119,09:39:28,5.1,0.0,79,40291,卖盘
120,09:39:30,5.1,0.0,94,47980,卖盘
121,09:39:34,5.1,0.0,187,95372,卖盘
122,09:39:37,5.09,-0.01,2,1018,中性盘
123,09:39:40,5.09,0.0,3,1527,买盘
124,09:39:46,5.08,-0.01,1,508,卖盘
125,09:39:49,5.09,0.01,10,5090,中性盘
126,09:39:52,5.09,0.0,10,5090,卖盘
127,09:39:55,5.1,0.01,36,18360,买盘
128,09:39:58,5.1,0.0,50,25500,买盘
129,09:40:01,5.09,-0.01,195,99256,卖盘
130,09:40:04,5.09,0.0,118,60109,卖盘
131,09:40:07,5.09,0.0,33,16797,买盘
132,09:40:10,5.09,0.0,30,15270,买盘
133,09:40:13,5.09,0.0,36,18324,买盘
134,09:40:16,5.08,-0.01,6,3048,卖盘
135,09:40:19,5.09,0.01,200,101800,买盘
136,09:40:22,5.09,0.0,238,121142,买盘
137,09:40:30,5.09,0.0,86,43774,卖盘
138,09:40:34,5.1,0.01,5,2550,买盘
139,09:40:37,5.1,0.0,20,10200,买盘
140,09:40:40,5.1,0.0,22,11220,买盘
141,09:40:43,5.1,0.0,120,61190,买盘
142,09:40:45,5.1,0.0,227,115770,买盘
143,09:40:49,5.1,0.0,32,16320,买盘
144,09:40:52,5.1,0.0,80,40800,卖盘
145,09:40:55,5.1,0.0,414,211540,卖盘
146,09:40:57,5.1,0.0,95,48450,卖盘
147,09:41:00,5.11,0.01,21,10731,买盘
148,09:41:04,5.1,-0.01,39,19893,卖盘
149,09:41:07,5.12,0.02,40,20480,买盘
150,09:41:12,5.1,-0.02,70,35729,卖盘
151,09:41:16,5.11,0.01,2,1022,中性盘
152,09:41:22,5.11,0.0,9,4599,买盘
153,09:41:25,5.11,0.0,32,16352,买盘
154,09:41:28,5.11,0.0,8,4088,卖盘
155,09:41:31,5.12,0.01,51,26095,买盘
156,09:41:33,5.12,0.0,11,5632,买盘
157,09:41:37,5.12,0.0,18,9216,买盘
158,09:41:43,5.12,0.0,4,2048,买盘
159,09:41:45,5.12,0.0,65,33273,买盘
160,09:41:52,5.11,-0.01,18,9205,卖盘
161,09:41:55,5.12,0.01,305,156160,买盘
162,09:41:58,5.12,0.0,52,26589,买盘
163,09:42:04,5.12,0.0,8,4096,买盘
164,09:42:07,5.12,0.0,1,512,买盘
165,09:42:10,5.12,0.0,41,20992,买盘
166,09:42:16,5.11,-0.01,5,2555,卖盘
167,09:42:19,5.12,0.01,5,2560,买盘
168,09:42:22,5.11,-0.01,12,6132,卖盘
169,09:42:28,5.12,0.01,42,21504,买盘
170,09:42:31,5.11,-0.01,109,55699,卖盘
171,09:42:34,5.11,0.0,163,83293,卖盘
172,09:42:40,5.11,0.0,12,6132,买盘
173,09:42:43,5.11,0.0,23,11753,买盘
174,09:42:49,5.11,0.0,29,14796,买盘
175,09:42:52,5.1,-0.01,270,137700,卖盘
176,09:42:58,5.1,0.0,5,2550,卖盘
177,09:43:04,5.1,0.0,104,53040,卖盘
178,09:43:06,5.1,0.0,3,1530,卖盘
179,09:43:10,5.1,0.0,118,60180,卖盘
180,09:43:19,5.1,0.0,49,24990,买盘
181,09:43:25,5.1,0.0,25,12750,买盘
182,09:43:28,5.09,-0.01,4,2036,卖盘
183,09:43:31,5.1,0.01,8,4080,买盘
184,09:43:37,5.1,0.0,13,6630,买盘
185,09:43:43,5.1,0.0,4,2040,买盘
186,09:43:46,5.1,0.0,159,81090,买盘
187,09:43:48,5.1,0.0,16,8160,买盘
188,09:43:52,5.1,0.0,84,42840,买盘
189,09:43:55,5.1,0.0,60,30600,买盘
190,09:43:57,5.1,0.0,48,24448,买盘
191,09:44:01,5.1,0.0,89,45390,买盘
192,09:44:04,5.1,0.0,15,7650,买盘
193,09:44:07,5.1,0.0,121,61710,买盘
194,09:44:10,5.1,0.0,8,4080,买盘
195,09:44:13,5.1,0.0,64,32640,买盘
196,09:44:16,5.1,0.0,57,29070,卖盘
197,09:44:19,5.1,0.0,130,66321,卖盘
198,09:44:25,5.1,0.0,126,64260,卖盘
199,09:44:28,5.11,0.01,64,32666,买盘
200,09:44:34,5.1,-0.01,1,510,卖盘
201,09:44:40,5.1,0.0,11,5610,卖盘
202,09:44:43,5.1,0.0,53,27030,卖盘
203,09:44:46,5.1,0.0,7,3570,买盘
204,09:44:52,5.1,0.0,10,5100,卖盘
205,09:44:58,5.1,0.0,50,25500,卖盘
206,09:45:01,5.1,0.0,10,5100,卖盘
207,09:45:06,5.1,0.0,38,19380,卖盘
208,09:45:10,5.1,0.0,70,35758,卖盘
209,09:45:15,5.1,0.0,8,4080,卖盘
210,09:45:28,5.11,0.01,33,16863,买盘
211,09:45:37,5.11,0.0,4,2044,买盘
212,09:45:40,5.1,-0.01,79,40290,卖盘
213,09:45:49,5.1,0.0,49,24990,卖盘
214,09:45:51,5.1,0.0,10,5100,卖盘
215,09:45:55,5.1,0.0,5,2550,卖盘
216,09:46:01,5.11,0.01,50,25550,买盘
217,09:46:07,5.1,-0.01,83,42330,卖盘
218,09:46:10,5.1,0.0,25,12750,卖盘
219,09:46:13,5.11,0.01,36,18391,买盘
220,09:46:28,5.1,-0.01,15,7650,卖盘
221,09:46:31,5.1,0.0,72,36720,卖盘
222,09:46:43,5.11,0.01,14,7154,买盘
223,09:46:46,5.11,0.0,239,122124,买盘
224,09:46:52,5.11,0.0,5,2555,买盘
225,09:46:58,5.11,0.0,7,3577,买盘
226,09:47:01,5.11,0.0,1,511,买盘
227,09:47:07,5.11,0.0,104,53144,买盘
228,09:47:16,5.11,0.0,10,5110,买盘
229,09:47:19,5.11,0.0,95,48515,买盘
230,09:47:31,5.11,0.0,15,7665,买盘
231,09:47:37,5.11,0.0,50,25550,买盘
232,09:47:42,5.1,-0.01,8,4080,卖盘
233,09:47:52,5.1,0.0,5,2550,卖盘
234,09:48:04,5.1,0.0,30,15300,卖盘
235,09:48:16,5.1,0.0,50,25500,卖盘
236,09:48:18,5.1,0.0,16,8160,卖盘
237,09:48:22,5.11,0.01,10,5110,买盘
238,09:48:28,5.1,-0.01,31,15810,卖盘
239,09:48:34,5.1,0.0,3,1530,卖盘
240,09:48:43,5.1,0.0,24,12240,卖盘
241,09:48:55,5.11,0.01,4,2044,买盘
242,09:48:58,5.11,0.0,6,3066,买盘
243,09:49:13,5.11,0.0,60,30660,买盘
244,09:49:19,5.11,0.0,66,33726,买盘
245,09:49:25,5.1,-0.01,3,1530,卖盘
246,09:49:28,5.1,0.0,4,2040,卖盘
247,09:49:31,5.1,0.0,34,17340,卖盘
248,09:49:37,5.1,0.0,25,12750,卖盘
249,09:49:40,5.1,0.0,204,104040,卖盘
250,09:49:49,5.1,0.0,1,510,买盘
251,09:49:52,5.09,-0.01,200,101800,卖盘
252,09:49:55,5.1,0.01,20,10200,买盘
253,09:50:13,5.1,0.0,18,9180,买盘
254,09:50:22,5.09,-0.01,54,27487,卖盘
255,09:50:25,5.09,0.0,20,10180,卖盘
256,09:50:37,5.09,0.0,12,6108,卖盘
257,09:50:42,5.09,0.0,10,5090,卖盘
258,09:50:58,5.09,0.0,15,7635,卖盘
259,09:51:01,5.09,0.0,156,79404,卖盘
260,09:51:09,5.1,0.01,91,46321,买盘
261,09:51:13,5.09,-0.01,1,509,中性盘
262,09:51:16,5.08,-0.01,30,15240,卖盘
263,09:51:19,5.1,0.02,48,24416,买盘
264,09:51:22,5.1,0.0,4,2040,买盘
265,09:51:25,5.08,-0.02,10,5080,卖盘
266,09:51:28,5.09,0.01,10,5090,中性盘
267,09:51:51,5.08,-0.01,500,254201,卖盘
268,09:51:58,5.08,0.0,88,44704,买盘
269,09:52:01,5.08,0.0,13,6604,买盘
270,09:52:07,5.08,0.0,19,9652,买盘
271,09:52:15,5.08,0.0,5,2540,卖盘
272,09:52:19,5.08,0.0,8,4064,卖盘
273,09:52:22,5.09,0.01,2,1018,买盘
274,09:52:25,5.09,0.0,4,2034,买盘
275,09:52:28,5.09,0.0,68,34612,买盘
276,09:52:34,5.09,0.0,9,4581,卖盘
277,09:52:40,5.09,0.0,7,3563,卖盘
278,09:53:07,5.1,0.01,7,3568,买盘
279,09:53:18,5.09,-0.01,1,509,卖盘
280,09:53:31,5.09,0.0,56,28504,卖盘
281,09:53:40,5.09,0.0,1,509,卖盘
282,09:53:46,5.09,0.0,8,4072,卖盘
283,09:53:52,5.09,0.0,16,8144,卖盘
284,09:54:07,5.1,0.01,5,2550,买盘
285,09:54:10,5.1,0.0,12,6120,买盘
286,09:54:12,5.1,0.0,19,9690,买盘
287,09:54:15,5.09,-0.01,104,52963,卖盘
288,09:54:18,5.1,0.01,19,9690,买盘
289,09:54:22,5.1,0.0,317,161370,买盘
290,09:54:25,5.1,0.0,66,33660,买盘
291,09:54:31,5.1,0.0,39,19890,买盘
292,09:54:34,5.1,0.0,13,6630,买盘
293,09:54:37,5.1,0.0,82,41820,买盘
294,09:54:40,5.1,0.0,10,5100,买盘
295,09:54:43,5.1,0.0,49,24985,买盘
296,09:54:46,5.1,0.0,10,5100,买盘
297,09:54:55,5.09,-0.01,8,4072,卖盘
298,09:55:01,5.1,0.01,25,12750,买盘
299,09:55:06,5.1,0.0,4,2040,买盘
300,09:55:10,5.1,0.0,14,7140,买盘
301,09:55:16,5.09,-0.01,30,15283,卖盘
302,09:55:30,5.1,0.01,562,286620,买盘
303,09:55:37,5.09,-0.01,125,63663,卖盘
304,09:55:40,5.09,0.0,115,58535,卖盘
305,09:56:04,5.1,0.01,39,19890,卖盘
306,09:56:06,5.11,0.01,209,106799,买盘
307,09:56:22,5.11,0.0,66,33726,买盘
308,09:56:31,5.1,-0.01,33,16839,卖盘
309,09:56:34,5.11,0.01,29,14819,买盘
310,09:56:40,5.1,-0.01,5,2550,卖盘
311,09:56:49,5.11,0.01,3,1533,买盘
312,09:56:52,5.11,0.0,10,5110,买盘
313,09:56:54,5.11,0.0,45,22995,买盘
314,09:57:07,5.1,-0.01,76,38760,卖盘
315,09:57:10,5.1,0.0,71,36210,卖盘
316,09:57:13,5.1,0.0,36,18360,卖盘
317,09:57:22,5.1,0.0,50,25500,卖盘
318,09:57:25,5.1,0.0,30,15300,卖盘
319,09:57:28,5.1,0.0,37,18871,卖盘
320,09:57:36,5.1,0.0,50,25500,卖盘
321,09:57:40,5.1,0.0,50,25500,卖盘
322,09:57:43,5.1,0.0,3,1530,买盘
323,09:57:46,5.1,0.0,20,10200,买盘
324,09:58:04,5.1,0.0,22,11210,买盘
325,09:58:10,5.09,-0.01,84,42756,卖盘
326,09:58:25,5.09,0.0,130,66170,卖盘
327,09:58:37,5.09,0.0,40,20360,卖盘
328,09:58:40,5.09,0.0,40,20360,卖盘
329,09:58:43,5.09,0.0,70,35630,卖盘
330,09:58:45,5.09,0.0,20,10180,卖盘
331,09:58:52,5.09,0.0,100,50900,卖盘
332,09:59:01,5.09,0.0,12,6108,卖盘
333,09:59:06,5.09,0.0,46,23414,买盘
334,09:59:13,5.1,0.01,38,19380,买盘
335,09:59:25,5.09,-0.01,356,181204,卖盘
336,09:59:39,5.09,0.0,33,16797,买盘
337,10:00:04,5.09,0.0,31,15779,买盘
338,10:00:22,5.08,-0.01,10,5080,卖盘
339,10:00:25,5.09,0.01,5,2545,买盘
340,10:00:37,5.09,0.0,11,5599,买盘
341,10:00:39,5.09,0.0,3,1527,买盘
342,10:00:42,5.09,0.0,1,509,买盘
343,10:00:46,5.09,0.0,211,107399,买盘
344,10:00:49,5.09,0.0,95,48333,买盘
345,10:00:52,5.09,0.0,36,18324,买盘
346,10:00:55,5.09,0.0,16,8144,买盘
347,10:00:57,5.09,0.0,59,30031,买盘
348,10:01:04,5.09,0.0,100,50900,买盘
349,10:01:10,5.09,0.0,32,16288,买盘
350,10:01:12,5.08,-0.01,20,10169,卖盘
351,10:01:22,5.1,0.02,3,1530,买盘
352,10:01:28,5.1,0.0,260,132600,买盘
353,10:01:49,5.1,0.0,45,22950,买盘
354,10:01:55,5.1,0.0,10,5100,卖盘
355,10:02:01,5.11,0.01,1,511,买盘
356,10:02:04,5.1,-0.01,25,12750,卖盘
357,10:02:07,5.11,0.01,10,5110,买盘
358,10:02:16,5.1,-0.01,42,21420,卖盘
359,10:02:19,5.11,0.01,17,8687,买盘
360,10:02:30,5.1,-0.01,160,81600,卖盘
361,10:02:37,5.1,0.0,5,2550,买盘
362,10:02:40,5.1,0.0,18,9180,买盘
363,10:02:49,5.1,0.0,10,5100,买盘
364,10:03:01,5.1,0.0,10,5100,卖盘
365,10:03:04,5.1,0.0,127,64770,卖盘
366,10:03:07,5.11,0.01,47,24017,买盘
367,10:03:13,5.11,0.0,54,27580,买盘
368,10:03:37,5.11,0.0,165,84315,买盘
369,10:03:40,5.11,0.0,78,39858,买盘
370,10:03:46,5.11,0.0,40,20440,买盘
371,10:03:49,5.11,0.0,98,50078,买盘
372,10:03:52,5.11,0.0,40,20440,买盘
373,10:03:55,5.1,-0.01,563,287433,卖盘
374,10:04:19,5.11,0.01,400,204400,卖盘
375,10:04:34,5.11,0.0,2,1022,卖盘
376,10:04:37,5.11,0.0,50,25550,买盘
377,10:04:43,5.12,0.01,30,15352,买盘
378,10:04:55,5.11,-0.01,20,10220,买盘
379,10:05:01,5.11,0.0,50,25550,买盘
380,10:05:07,5.12,0.01,30,15360,买盘
381,10:05:10,5.12,0.0,10,5120,买盘
382,10:05:13,5.12,0.0,20,10240,买盘
383,10:05:19,5.12,0.0,130,66432,买盘
384,10:05:22,5.11,-0.01,78,39858,卖盘
385,10:05:37,5.11,0.0,40,20440,买盘
386,10:05:43,5.11,0.0,49,25079,卖盘
387,10:05:46,5.11,0.0,70,35770,卖盘
388,10:05:52,5.12,0.01,281,143872,买盘
389,10:06:01,5.11,-0.01,10,5110,卖盘
390,10:06:04,5.12,0.01,97,49664,买盘
391,10:06:07,5.12,0.0,20,10240,买盘
392,10:06:10,5.12,0.0,26,13312,买盘
393,10:06:13,5.12,0.0,200,102400,买盘
394,10:06:16,5.12,0.0,95,48640,买盘
395,10:06:19,5.12,0.0,94,48128,买盘
396,10:06:22,5.12,0.0,192,98304,卖盘
397,10:06:25,5.12,0.0,60,30720,买盘
398,10:06:28,5.12,0.0,60,30720,买盘
399,10:06:31,5.12,0.0,8,4096,买盘
400,10:06:37,5.12,0.0,50,25600,买盘
401,10:06:40,5.12,0.0,11,5632,买盘
402,10:06:43,5.12,0.0,254,130048,买盘
403,10:06:49,5.12,0.0,22,11264,卖盘
404,10:06:52,5.12,0.0,20,10240,卖盘
405,10:07:04,5.12,0.0,200,102400,卖盘
406,10:07:19,5.12,0.0,80,40960,卖盘
407,10:07:22,5.12,0.0,16,8192,卖盘
408,10:07:25,5.12,0.0,38,19456,卖盘
409,10:07:28,5.12,0.0,16,8192,买盘
410,10:07:34,5.12,0.0,13,6656,买盘
411,10:07:40,5.12,0.0,17,8704,买盘
412,10:07:55,5.11,-0.01,30,15330,卖盘
413,10:07:58,5.12,0.01,70,35840,买盘
414,10:08:01,5.11,-0.01,74,37848,卖盘
415,10:08:04,5.12,0.01,11,5632,买盘
416,10:08:07,5.12,0.0,318,162510,买盘
417,10:08:22,5.12,0.0,148,75776,买盘
418,10:08:25,5.12,0.0,10,5120,卖盘
419,10:08:28,5.12,0.0,9,4608,卖盘
420,10:08:43,5.12,0.0,14,7178,卖盘
421,10:08:46,5.12,0.0,20,10240,卖盘
422,10:08:49,5.13,0.01,200,102600,买盘
423,10:09:04,5.13,0.0,12,6151,买盘
424,10:09:16,5.12,-0.01,505,258560,卖盘
425,10:09:21,5.13,0.01,50,25650,买盘
426,10:09:24,5.12,-0.01,391,200426,卖盘
427,10:09:34,5.13,0.01,10,5130,买盘
428,10:09:40,5.12,-0.01,96,49192,卖盘
429,10:09:54,5.12,0.0,47,24064,卖盘
430,10:09:58,5.13,0.01,127,65052,买盘
431,10:10:04,5.13,0.0,15,7691,买盘
432,10:10:10,5.12,-0.01,5,2560,买盘
433,10:10:16,5.12,0.0,12,6144,买盘
434,10:10:19,5.11,-0.01,41,20951,卖盘
435,10:10:34,5.11,0.0,6,3066,卖盘
436,10:10:55,5.11,0.0,19,9720,卖盘
437,10:10:58,5.11,0.0,14,7154,卖盘
438,10:11:01,5.12,0.01,13,6656,买盘
439,10:11:43,5.12,0.0,10,5120,买盘
440,10:11:45,5.12,0.0,16,8192,买盘
441,10:11:52,5.12,0.0,10,5120,买盘
442,10:12:07,5.12,0.0,4,2048,买盘
443,10:12:16,5.11,-0.01,316,161476,卖盘
444,10:12:28,5.11,0.0,100,51100,卖盘
445,10:12:55,5.11,0.0,39,19929,卖盘
446,10:13:01,5.11,0.0,34,17374,卖盘
447,10:13:04,5.1,-0.01,36,18362,卖盘
448,10:13:06,5.1,0.0,2,1020,卖盘
449,10:13:37,5.11,0.01,12,6134,卖盘
450,10:13:52,5.1,-0.01,30,15300,卖盘
451,10:13:58,5.11,0.01,23,11753,买盘
452,10:14:06,5.11,0.0,17,8687,买盘
453,10:14:09,5.11,0.0,3,1533,卖盘
454,10:14:19,5.11,0.0,43,21973,卖盘
455,10:14:52,5.12,0.01,36,18402,买盘
456,10:15:03,5.11,-0.01,20,10220,卖盘
457,10:15:07,5.11,0.0,74,37814,卖盘
458,10:15:28,5.11,0.0,20,10220,卖盘
459,10:15:36,5.12,0.01,73,37353,买盘
460,10:15:46,5.11,-0.01,10,5110,卖盘
461,10:15:49,5.11,0.0,6,3066,卖盘
462,10:16:04,5.11,0.0,34,17374,卖盘
463,10:16:25,5.11,0.0,10,5110,卖盘
464,10:16:40,5.11,0.0,25,12775,卖盘
465,10:16:46,5.11,0.0,52,26572,卖盘
466,10:16:48,5.11,0.0,24,12264,卖盘
467,10:16:58,5.11,0.0,20,10220,卖盘
468,10:17:01,5.11,0.0,20,10220,卖盘
469,10:17:12,5.11,0.0,10,5110,卖盘
470,10:17:16,5.11,0.0,97,49567,卖盘
471,10:17:19,5.11,0.0,5,2555,卖盘
472,10:17:22,5.11,0.0,13,6643,卖盘
473,10:17:28,5.11,0.0,1,511,卖盘
474,10:17:34,5.11,0.0,60,30670,卖盘
475,10:17:43,5.11,0.0,55,28105,卖盘
476,10:17:46,5.12,0.01,5,2560,买盘
477,10:17:52,5.11,-0.01,20,10220,卖盘
478,10:17:55,5.11,0.0,10,5110,卖盘
479,10:18:01,5.11,0.0,28,14308,买盘
480,10:18:04,5.11,0.0,10,5110,买盘
481,10:18:16,5.11,0.0,5,2555,买盘
482,10:18:19,5.11,0.0,7,3577,买盘
483,10:18:30,5.1,-0.01,34,17340,卖盘
484,10:18:34,5.12,0.02,100,51140,买盘
485,10:18:45,5.11,-0.01,10,5110,买盘
486,10:18:51,5.11,0.0,4,2044,卖盘
487,10:19:10,5.11,0.0,20,10220,卖盘
488,10:19:12,5.11,0.0,11,5621,卖盘
489,10:19:18,5.11,0.0,17,8687,买盘
490,10:19:25,5.11,0.0,23,11753,买盘
491,10:19:46,5.11,0.0,10,5110,买盘
492,10:20:01,5.11,0.0,9,4599,买盘
493,10:20:16,5.1,-0.01,44,22440,卖盘
494,10:20:22,5.11,0.01,41,20951,买盘
495,10:20:31,5.1,-0.01,76,38779,卖盘
496,10:21:04,5.1,0.0,130,66300,卖盘
497,10:21:12,5.09,-0.01,20,10180,卖盘
498,10:21:19,5.1,0.01,100,51000,买盘
499,10:21:49,5.1,0.0,40,20400,买盘
500,10:21:52,5.1,0.0,52,26520,买盘
501,10:22:04,5.1,0.0,10,5100,买盘
502,10:22:18,5.09,-0.01,47,23923,卖盘
503,10:22:34,5.09,0.0,30,15270,卖盘
504,10:22:40,5.12,0.03,392,200190,买盘
505,10:22:43,5.09,-0.03,70,35630,卖盘
506,10:23:28,5.09,0.0,90,45810,卖盘
507,10:23:31,5.09,0.0,5,2545,卖盘
508,10:23:37,5.09,0.0,28,14252,卖盘
509,10:23:55,5.1,0.01,50,25500,卖盘
510,10:24:28,5.1,0.0,14,7140,卖盘
511,10:24:52,5.1,0.0,23,11730,卖盘
512,10:25:18,5.1,0.0,41,20910,卖盘
513,10:25:30,5.11,0.01,1,511,买盘
514,10:25:52,5.11,0.0,45,22991,买盘
515,10:26:04,5.1,-0.01,13,6630,卖盘
516,10:26:37,5.1,0.0,10,5100,卖盘
517,10:26:49,5.1,0.0,9,4590,卖盘
518,10:28:01,5.11,0.01,10,5110,买盘
519,10:28:22,5.11,0.0,78,39858,买盘
520,10:28:58,5.11,0.0,5,2555,买盘
521,10:29:07,5.11,0.0,20,10220,买盘
522,10:29:10,5.11,0.0,39,19929,买盘
523,10:29:19,5.11,0.0,175,89425,买盘
524,10:29:30,5.11,0.0,58,29638,买盘
525,10:30:09,5.1,-0.01,28,14280,卖盘
526,10:30:18,5.11,0.01,50,25550,买盘
527,10:30:31,5.1,-0.01,1,510,卖盘
528,10:31:01,5.1,0.0,59,30090,卖盘
529,10:31:04,5.1,0.0,6,3060,卖盘
530,10:31:58,5.1,0.0,29,14790,卖盘
531,10:32:04,5.1,0.0,20,10200,卖盘
532,10:32:10,5.1,0.0,220,112200,卖盘
533,10:32:25,5.1,0.0,35,17850,卖盘
534,10:32:42,5.1,0.0,138,70380,卖盘
535,10:33:07,5.09,-0.01,128,65152,卖盘
536,10:33:13,5.09,0.0,20,10180,卖盘
537,10:33:16,5.09,0.0,419,213333,卖盘
538,10:33:27,5.09,0.0,7,3563,卖盘
539,10:33:31,5.09,0.0,28,14252,卖盘
540,10:33:34,5.09,0.0,10,5090,卖盘
541,10:33:46,5.09,0.0,37,18833,卖盘
542,10:33:49,5.09,0.0,45,22905,卖盘
543,10:33:55,5.09,0.0,41,20869,卖盘
544,10:34:24,5.09,0.0,22,11198,买盘
545,10:34:28,5.08,-0.01,6,3048,卖盘
546,10:34:37,5.09,0.01,40,20360,买盘
547,10:34:52,5.09,0.0,10,5090,买盘
548,10:35:01,5.09,0.0,40,20360,买盘
549,10:35:18,5.09,0.0,1,509,买盘
550,10:35:46,5.08,-0.01,20,10160,卖盘
551,10:35:52,5.09,0.01,101,51409,买盘
552,10:36:00,5.08,-0.01,100,50800,卖盘
553,10:36:07,5.08,0.0,38,19304,卖盘
554,10:36:13,5.09,0.01,10,5090,买盘
555,10:36:24,5.08,-0.01,38,19304,卖盘
556,10:36:42,5.08,0.0,4,2032,卖盘
557,10:36:51,5.08,0.0,101,51408,卖盘
558,10:36:58,5.08,0.0,61,30988,卖盘
559,10:37:12,5.08,0.0,10,5080,卖盘
560,10:37:43,5.08,0.0,25,12700,卖盘
561,10:37:46,5.08,0.0,30,15240,卖盘
562,10:37:49,5.08,0.0,13,6604,卖盘
563,10:37:52,5.09,0.01,94,47846,买盘
564,10:37:58,5.09,0.0,1,509,卖盘
565,10:38:04,5.09,0.0,50,25450,卖盘
566,10:38:10,5.09,0.0,12,6108,卖盘
567,10:38:22,5.08,-0.01,59,29972,卖盘
568,10:38:30,5.08,0.0,26,13208,卖盘
569,10:38:37,5.08,0.0,140,71120,卖盘
570,10:38:40,5.08,0.0,3,1524,买盘
571,10:38:49,5.07,-0.01,120,60840,卖盘
572,10:38:58,5.07,0.0,264,133848,卖盘
573,10:39:04,5.07,0.0,165,83655,卖盘
574,10:39:07,5.07,0.0,45,22801,买盘
575,10:39:18,5.07,0.0,141,71487,买盘
576,10:39:22,5.07,0.0,63,31941,买盘
577,10:39:30,5.07,0.0,13,6591,卖盘
578,10:39:37,5.07,0.0,12,6084,卖盘
579,10:39:46,5.08,0.01,19,9652,买盘
580,10:39:54,5.08,0.0,38,19304,买盘
581,10:39:58,5.07,-0.01,43,21801,卖盘
582,10:40:01,5.08,0.01,4,2032,买盘
583,10:40:07,5.08,0.0,20,10160,买盘
584,10:40:10,5.07,-0.01,20,10140,卖盘
585,10:40:13,5.09,0.02,220,111980,买盘
586,10:40:28,5.09,0.0,41,20869,买盘
587,10:41:06,5.08,-0.01,2,1016,买盘
588,10:41:13,5.08,0.0,13,6604,卖盘
589,10:41:25,5.08,0.0,25,12700,卖盘
590,10:41:40,5.08,0.0,16,8128,卖盘
591,10:41:43,5.08,0.0,2,1016,买盘
592,10:41:46,5.09,0.01,300,152673,买盘
593,10:41:52,5.09,0.0,92,46828,买盘
594,10:42:25,5.09,0.0,3,1527,买盘
595,10:42:34,5.09,0.0,20,10180,买盘
596,10:42:37,5.09,0.0,50,25450,买盘
597,10:42:40,5.09,0.0,2,1018,买盘
598,10:43:16,5.09,0.0,5,2545,卖盘
599,10:43:19,5.1,0.01,100,51000,买盘
600,10:43:21,5.09,-0.01,8,4072,卖盘
601,10:43:43,5.09,0.0,77,39193,卖盘
602,10:43:49,5.1,0.01,3,1530,买盘
603,10:43:55,5.09,-0.01,39,19851,卖盘
604,10:44:00,5.09,0.0,7,3563,买盘
605,10:44:18,5.09,0.0,90,45810,卖盘
606,10:44:30,5.09,0.0,358,182222,卖盘
607,10:45:04,5.09,0.0,90,45810,买盘
608,10:45:10,5.08,-0.01,1,508,卖盘
609,10:45:21,5.09,0.01,150,76350,买盘
610,10:45:25,5.09,0.0,142,72278,卖盘
611,10:45:37,5.09,0.0,10,5090,卖盘
612,10:45:46,5.09,0.0,17,8653,卖盘
613,10:46:04,5.09,0.0,7,3563,卖盘
614,10:46:16,5.1,0.01,90,45900,买盘
615,10:46:24,5.09,-0.01,41,20869,卖盘
616,10:46:48,5.09,0.0,121,61589,买盘
617,10:46:58,5.09,0.0,9,4581,卖盘
618,10:47:04,5.09,0.0,7,3563,买盘
619,10:47:19,5.09,0.0,22,11198,买盘
620,10:47:22,5.1,0.01,32,16320,买盘
621,10:48:07,5.09,-0.01,2,1018,卖盘
622,10:48:10,5.1,0.01,21,10710,买盘
623,10:48:21,5.09,-0.01,7,3563,卖盘
624,10:48:39,5.1,0.01,268,136680,买盘
625,10:48:52,5.09,-0.01,27,13743,卖盘
626,10:48:55,5.1,0.01,3,1530,买盘
627,10:49:01,5.09,-0.01,155,78895,卖盘
628,10:49:10,5.09,0.0,35,17815,卖盘
629,10:49:25,5.09,0.0,35,17815,卖盘
630,10:49:30,5.09,0.0,271,137939,卖盘
631,10:49:34,5.09,0.0,41,20869,卖盘
632,10:49:39,5.09,0.0,30,15270,卖盘
633,10:49:45,5.09,0.0,12,6108,卖盘
634,10:50:09,5.09,0.0,6,3054,卖盘
635,10:50:16,5.09,0.0,3,1527,卖盘
636,10:51:04,5.09,0.0,107,54463,卖盘
637,10:51:31,5.09,0.0,283,144047,卖盘
638,10:51:37,5.1,0.01,92,46920,买盘
639,10:52:22,5.1,0.0,23,11730,买盘
640,10:53:07,5.09,-0.01,51,25959,卖盘
641,10:53:16,5.09,0.0,63,32067,卖盘
642,10:53:34,5.09,0.0,20,10180,卖盘
643,10:53:49,5.09,0.0,80,40720,卖盘
644,10:54:00,5.09,0.0,129,65661,卖盘
645,10:54:25,5.09,0.0,6,3054,卖盘
646,10:54:43,5.09,0.0,10,5090,卖盘
647,10:55:01,5.1,0.01,9,4590,买盘
648,10:55:04,5.09,-0.01,36,18324,卖盘
649,10:55:22,5.09,0.0,42,21378,卖盘
650,10:55:46,5.09,0.0,1,509,卖盘
651,10:55:49,5.09,0.0,5,2545,卖盘
652,10:55:58,5.09,0.0,100,50900,卖盘
653,10:56:25,5.1,0.01,21,10710,买盘
654,10:56:37,5.09,-0.01,7,3563,卖盘
655,10:57:21,5.09,0.0,39,19851,卖盘
656,10:58:09,5.09,0.0,483,245847,卖盘
657,10:58:12,5.09,0.0,15,7635,买盘
658,10:58:18,5.1,0.01,86,43860,买盘
659,10:58:28,5.09,-0.01,14,7126,卖盘
660,10:59:06,5.09,0.0,41,20869,卖盘
661,10:59:37,5.09,0.0,1,509,卖盘
662,10:59:45,5.09,0.0,10,5090,卖盘
663,10:59:48,5.09,0.0,35,17815,卖盘
664,11:00:04,5.09,0.0,219,111471,卖盘
665,11:00:16,5.09,0.0,43,21887,卖盘
666,11:01:10,5.1,0.01,3,1530,买盘
667,11:01:34,5.1,0.0,81,41310,买盘
668,11:01:36,5.1,0.0,20,10200,买盘
669,11:02:07,5.09,-0.01,47,23923,卖盘
670,11:02:09,5.09,0.0,100,50900,卖盘
671,11:02:12,5.09,0.0,14,7126,卖盘
672,11:02:24,5.1,0.01,20,10200,买盘
673,11:02:27,5.1,0.0,40,20400,买盘
674,11:02:39,5.09,-0.01,697,354773,卖盘
675,11:02:42,5.09,0.0,64,32576,买盘
676,11:03:01,5.09,0.0,539,274351,买盘
677,11:03:09,5.09,0.0,9,4581,卖盘
678,11:03:37,5.1,0.01,26,13260,买盘
679,11:03:42,5.09,-0.01,9,4581,卖盘
680,11:04:22,5.1,0.01,2,1020,买盘
681,11:04:31,5.09,-0.01,1,509,卖盘
682,11:04:42,5.09,0.0,8,4072,卖盘
683,11:04:46,5.09,0.0,20,10180,卖盘
684,11:04:49,5.1,0.01,26,13260,买盘
685,11:05:22,5.1,0.0,100,51000,买盘
686,11:05:25,5.1,0.0,2,1020,买盘
687,11:05:28,5.1,0.0,10,5100,买盘
688,11:06:07,5.09,-0.01,10,5090,卖盘
689,11:06:25,5.09,0.0,20,10180,卖盘
690,11:07:06,5.1,0.01,1,510,买盘
691,11:07:19,5.09,-0.01,10,5090,卖盘
692,11:08:13,5.09,0.0,10,5090,卖盘
693,11:08:18,5.09,0.0,116,59044,卖盘
694,11:08:28,5.09,0.0,2,1018,卖盘
695,11:08:40,5.1,0.01,10,5100,买盘
696,11:08:51,5.1,0.0,2,1020,买盘
697,11:09:18,5.1,0.0,193,98254,买盘
698,11:09:28,5.1,0.0,50,25456,买盘
699,11:10:48,5.09,-0.01,10,5090,卖盘
700,11:11:21,5.09,0.0,291,148119,卖盘
701,11:11:54,5.09,0.0,134,68206,买盘
702,11:12:18,5.08,-0.01,28,14224,卖盘
703,11:12:22,5.09,0.01,20,10180,买盘
704,11:12:40,5.08,-0.01,59,29972,卖盘
705,11:12:52,5.09,0.01,50,25450,买盘
706,11:13:21,5.08,-0.01,58,29464,卖盘
707,11:13:40,5.08,0.0,16,8128,卖盘
708,11:13:46,5.08,0.0,120,60960,卖盘
709,11:14:06,5.08,0.0,75,38100,卖盘
710,11:14:09,5.08,0.0,30,15240,卖盘
711,11:14:25,5.08,0.0,3,1524,卖盘
712,11:14:27,5.08,0.0,9,4572,卖盘
713,11:14:33,5.08,0.0,5,2540,卖盘
714,11:14:43,5.09,0.01,30,15270,买盘
715,11:14:51,5.08,-0.01,68,34544,卖盘
716,11:14:57,5.08,0.0,180,91440,卖盘
717,11:15:01,5.08,0.0,18,9144,卖盘
718,11:15:07,5.09,0.01,10,5090,买盘
719,11:15:18,5.08,-0.01,5,2540,卖盘
720,11:15:27,5.08,0.0,43,21844,卖盘
721,11:15:55,5.08,0.0,5,2540,卖盘
722,11:15:58,5.08,0.0,16,8128,卖盘
723,11:16:09,5.08,0.0,15,7620,卖盘
724,11:16:27,5.08,0.0,64,32512,卖盘
725,11:16:36,5.08,0.0,420,213360,卖盘
726,11:16:54,5.07,-0.01,14,7098,卖盘
727,11:17:06,5.07,0.0,10,5070,卖盘
728,11:17:25,5.07,0.0,348,176436,卖盘
729,11:17:28,5.07,0.0,45,22815,卖盘
730,11:17:34,5.07,0.0,66,33462,卖盘
731,11:17:40,5.07,0.0,47,23829,卖盘
732,11:17:42,5.07,0.0,190,96330,买盘
733,11:17:45,5.07,0.0,15,7605,卖盘
734,11:17:54,5.07,0.0,25,12675,卖盘
735,11:18:01,5.06,-0.01,446,225946,卖盘
736,11:18:13,5.07,0.01,5,2535,买盘
737,11:18:16,5.07,0.0,7,3549,卖盘
738,11:18:36,5.07,0.0,22,11154,卖盘
739,11:18:40,5.07,0.0,5,2535,买盘
740,11:18:54,5.07,0.0,16,8112,买盘
741,11:19:04,5.07,0.0,5,2535,买盘
742,11:19:28,5.06,-0.01,435,220110,卖盘
743,11:19:39,5.06,0.0,250,126500,卖盘
744,11:19:43,5.06,0.0,60,30360,卖盘
745,11:19:45,5.06,0.0,9,4554,卖盘
746,11:19:58,5.07,0.01,10,5070,买盘
747,11:20:01,5.06,-0.01,10,5060,卖盘
748,11:20:12,5.07,0.01,149,75543,买盘
749,11:20:30,5.07,0.0,22,11154,买盘
750,11:20:58,5.07,0.0,19,9633,买盘
751,11:21:10,5.07,0.0,5,2535,买盘
752,11:21:13,5.06,-0.01,5,2530,卖盘
753,11:21:45,5.07,0.01,20,10140,买盘
754,11:22:19,5.07,0.0,10,5070,买盘
755,11:22:21,5.06,-0.01,35,17710,卖盘
756,11:22:25,5.06,0.0,347,175888,卖盘
757,11:22:45,5.06,0.0,50,25300,卖盘
758,11:22:57,5.07,0.01,3,1521,买盘
759,11:23:04,5.06,-0.01,17,8602,卖盘
760,11:23:24,5.07,0.01,13,6591,买盘
761,11:23:33,5.07,0.0,100,50700,买盘
762,11:23:37,5.07,0.0,31,15717,买盘
763,11:23:39,5.06,-0.01,1,506,卖盘
764,11:23:42,5.06,0.0,69,34964,卖盘
765,11:24:04,5.06,0.0,5,2530,卖盘
766,11:24:25,5.07,0.01,100,50700,买盘
767,11:24:34,5.07,0.0,2,1014,买盘
768,11:24:43,5.06,-0.01,31,15714,卖盘
769,11:24:45,5.07,0.01,72,36504,买盘
770,11:25:07,5.07,0.0,25,12675,卖盘
771,11:25:12,5.07,0.0,7,3549,卖盘
772,11:25:43,5.07,0.0,3,1521,买盘
773,11:25:46,5.07,0.0,9,4563,卖盘
774,11:25:58,5.06,-0.01,159,80454,卖盘
775,11:26:15,5.06,0.0,200,101200,卖盘
776,11:26:25,5.06,0.0,5,2530,卖盘
777,11:26:34,5.06,0.0,11,5566,卖盘
778,11:26:36,5.06,0.0,40,20240,卖盘
779,11:27:01,5.06,0.0,13,6578,卖盘
780,11:27:04,5.06,0.0,321,162426,卖盘
781,11:27:31,5.05,-0.01,427,215635,卖盘
782,11:27:34,5.05,0.0,50,25250,卖盘
783,11:27:37,5.05,0.0,13,6565,卖盘
784,11:28:04,5.06,0.01,20,10120,买盘
785,11:28:10,5.05,-0.01,31,15655,卖盘
786,11:28:19,5.05,0.0,12,6062,卖盘
787,11:28:22,5.05,0.0,33,16665,卖盘
788,11:28:37,5.05,0.0,51,25755,卖盘
789,11:28:48,5.06,0.01,5,2530,买盘
790,11:28:51,5.05,-0.01,10,5050,卖盘
791,11:28:57,5.06,0.01,306,154836,买盘
792,11:29:04,5.06,0.0,22,11132,卖盘
793,11:29:10,5.06,0.0,62,31372,卖盘
794,11:29:39,5.06,0.0,3,1518,卖盘
795,11:29:57,5.06,0.0,5,2530,卖盘
796,13:00:07,5.06,0.0,115,58269,卖盘
797,13:00:18,5.06,0.0,43,21758,卖盘
798,13:00:22,5.06,0.0,4,2024,卖盘
799,13:00:25,5.06,0.0,19,9614,卖盘
800,13:00:28,5.06,0.0,19,9614,卖盘
801,13:00:31,5.06,0.0,39,19734,卖盘
802,13:00:34,5.06,0.0,33,16698,卖盘
803,13:00:37,5.06,0.0,64,32384,卖盘
804,13:00:40,5.06,0.0,250,126500,卖盘
805,13:00:43,5.06,0.0,33,16698,卖盘
806,13:00:46,5.06,0.0,16,8096,卖盘
807,13:00:49,5.06,0.0,12,6072,卖盘
808,13:00:52,5.06,0.0,9,4554,卖盘
809,13:00:54,5.06,0.0,10,5060,卖盘
810,13:00:57,5.06,0.0,6,3036,卖盘
811,13:01:00,5.06,0.0,4,2024,卖盘
812,13:01:04,5.06,0.0,3,1518,卖盘
813,13:01:33,5.06,0.0,3,1518,卖盘
814,13:01:54,5.06,0.0,6,3036,卖盘
815,13:02:42,5.06,0.0,10,5060,卖盘
816,13:02:54,5.06,0.0,2,1012,卖盘
817,13:03:48,5.06,0.0,1,506,卖盘
818,13:04:22,5.06,0.0,70,35420,卖盘
819,13:04:24,5.06,0.0,10,5060,卖盘
820,13:04:37,5.06,0.0,128,64768,卖盘
821,13:05:01,5.06,0.0,10,5060,卖盘
822,13:05:04,5.06,0.0,11,5566,买盘
823,13:05:24,5.06,0.0,9,4554,买盘
824,13:05:36,5.06,0.0,1,506,卖盘
825,13:05:42,5.06,0.0,20,10120,卖盘
826,13:06:43,5.07,0.01,70,35490,买盘
827,13:07:24,5.07,0.0,9,4563,卖盘
828,13:08:04,5.08,0.01,100,50800,买盘
829,13:08:10,5.07,-0.01,5,2535,卖盘
830,13:08:24,5.07,0.0,30,15210,卖盘
831,13:08:37,5.08,0.01,40,20320,买盘
832,13:08:45,5.07,-0.01,41,20787,卖盘
833,13:08:55,5.08,0.01,441,224028,买盘
834,13:09:13,5.08,0.0,50,25400,卖盘
835,13:09:36,5.09,0.01,78,39702,买盘
836,13:09:46,5.08,-0.01,120,60960,卖盘
837,13:10:00,5.09,0.01,21,10689,买盘
838,13:10:25,5.08,-0.01,98,49874,卖盘
839,13:10:37,5.08,0.0,50,25400,卖盘
840,13:10:42,5.08,0.0,94,47752,卖盘
841,13:10:49,5.08,0.0,64,32512,买盘
842,13:10:51,5.08,0.0,11,5588,卖盘
843,13:10:58,5.08,0.0,25,12700,卖盘
844,13:11:12,5.08,0.0,20,10160,买盘
845,13:11:15,5.07,-0.01,7,3549,卖盘
846,13:11:28,5.07,0.0,299,151593,卖盘
847,13:11:45,5.06,-0.01,5,2530,卖盘
848,13:12:10,5.06,0.0,8,4048,卖盘
849,13:12:12,5.07,0.01,33,16731,买盘
850,13:12:24,5.06,-0.01,300,151800,卖盘
851,13:12:45,5.07,0.01,36,18252,买盘
852,13:12:49,5.06,-0.01,3,1518,卖盘
853,13:13:01,5.07,0.01,24,12168,买盘
854,13:13:16,5.06,-0.01,20,10120,卖盘
855,13:13:19,5.07,0.01,12,6084,买盘
856,13:13:28,5.07,0.0,2,1014,买盘
857,13:13:36,5.07,0.0,30,15210,买盘
858,13:13:39,5.07,0.0,59,29913,买盘
859,13:14:07,5.07,0.0,40,20280,买盘
860,13:14:25,5.07,0.0,48,24336,买盘
861,13:14:31,5.07,0.0,3,1521,买盘
862,13:15:25,5.06,-0.01,21,10626,卖盘
863,13:15:36,5.06,0.0,7,3542,卖盘
864,13:16:06,5.06,0.0,80,40480,卖盘
865,13:16:12,5.07,0.01,35,17745,买盘
866,13:16:18,5.07,0.0,5,2535,买盘
867,13:16:57,5.06,-0.01,1,506,卖盘
868,13:17:21,5.07,0.01,9,4563,买盘
869,13:17:51,5.06,-0.01,7,3542,卖盘
870,13:18:27,5.06,0.0,75,37950,卖盘
871,13:19:16,5.06,0.0,6,3036,卖盘
872,13:20:16,5.06,0.0,66,33396,卖盘
873,13:20:22,5.06,0.0,8,4048,卖盘
874,13:20:34,5.06,0.0,5,2530,卖盘
875,13:20:37,5.06,0.0,70,35420,卖盘
876,13:20:52,5.06,0.0,240,121440,卖盘
877,13:21:22,5.06,0.0,1,506,买盘
878,13:21:34,5.06,0.0,11,5566,买盘
879,13:21:52,5.06,0.0,69,34914,买盘
880,13:22:24,5.06,0.0,6,3036,卖盘
881,13:22:36,5.06,0.0,177,89562,卖盘
882,13:23:25,5.05,-0.01,22,11124,卖盘
883,13:23:34,5.05,0.0,32,16160,卖盘
884,13:23:55,5.05,0.0,3,1515,卖盘
885,13:24:01,5.05,0.0,2,1010,卖盘
886,13:24:18,5.05,0.0,10,5050,卖盘
887,13:24:21,5.05,0.0,10,5050,卖盘
888,13:24:24,5.05,0.0,4,2020,卖盘
889,13:24:28,5.06,0.01,17,8602,买盘
890,13:24:30,5.05,-0.01,10,5050,卖盘
891,13:25:34,5.05,0.0,30,15150,卖盘
892,13:25:36,5.05,0.0,100,50500,卖盘
893,13:26:01,5.06,0.01,5,2530,买盘
894,13:26:15,5.06,0.0,1,506,买盘
895,13:26:36,5.05,-0.01,21,10605,卖盘
896,13:27:06,5.06,0.01,11,5566,买盘
897,13:27:15,5.05,-0.01,2,1010,卖盘
898,13:27:22,5.05,0.0,1,505,卖盘
899,13:27:31,5.05,0.0,12,6060,卖盘
900,13:27:46,5.06,0.01,409,206546,买盘
901,13:27:49,5.05,-0.01,5,2525,卖盘
902,13:27:55,5.05,0.0,106,53530,卖盘
903,13:27:58,5.04,-0.01,599,301995,卖盘
904,13:28:10,5.04,0.0,37,18648,买盘
905,13:28:18,5.04,0.0,10,5040,买盘
906,13:28:28,5.04,0.0,7,3528,买盘
907,13:28:31,5.04,0.0,20,10080,买盘
908,13:28:34,5.03,-0.01,10,5030,卖盘
909,13:28:37,5.03,0.0,20,10060,卖盘
910,13:28:43,5.04,0.01,10,5040,买盘
911,13:28:54,5.03,-0.01,20,10060,卖盘
912,13:29:04,5.04,0.01,17,8568,买盘
913,13:29:12,5.04,0.0,28,14112,买盘
914,13:29:19,5.04,0.0,5,2520,买盘
915,13:29:28,5.03,-0.01,2,1006,卖盘
916,13:29:43,5.03,0.0,9,4527,卖盘
917,13:29:46,5.03,0.0,18,9054,卖盘
918,13:29:58,5.04,0.01,15,7560,买盘
919,13:30:01,5.03,-0.01,405,203715,卖盘
920,13:30:10,5.03,0.0,179,90037,卖盘
921,13:30:13,5.03,0.0,165,82995,卖盘
922,13:30:27,5.03,0.0,30,15090,买盘
923,13:30:31,5.03,0.0,40,20120,买盘
924,13:30:40,5.02,-0.01,240,120480,卖盘
925,13:30:43,5.03,0.01,10,5030,买盘
926,13:30:48,5.03,0.0,2,1006,买盘
927,13:30:51,5.03,0.0,10,5030,买盘
928,13:30:54,5.02,-0.01,40,20080,卖盘
929,13:30:57,5.02,0.0,34,17068,卖盘
930,13:31:00,5.02,0.0,94,47188,卖盘
931,13:31:07,5.03,0.01,169,85007,买盘
932,13:31:10,5.03,0.0,28,14084,买盘
933,13:31:13,5.03,0.0,5,2515,买盘
934,13:31:19,5.02,-0.01,3,1508,卖盘
935,13:31:22,5.02,0.0,21,10546,卖盘
936,13:31:25,5.03,0.01,151,75873,买盘
937,13:31:34,5.03,0.0,12,6026,买盘
938,13:31:42,5.02,-0.01,10,5020,卖盘
939,13:31:49,5.03,0.01,195,98085,买盘
940,13:31:55,5.03,0.0,58,29164,买盘
941,13:31:58,5.03,0.0,49,24647,买盘
942,13:32:16,5.03,0.0,1,503,卖盘
943,13:32:36,5.03,0.0,16,8048,卖盘
944,13:32:43,5.03,0.0,10,5030,卖盘
945,13:33:15,5.04,0.01,67,33761,买盘
946,13:33:37,5.04,0.0,47,23688,买盘
947,13:33:46,5.04,0.0,13,6552,买盘
948,13:33:58,5.04,0.0,50,25200,买盘
949,13:34:01,5.04,0.0,33,16632,买盘
950,13:34:04,5.04,0.0,5,2520,买盘
951,13:34:12,5.04,0.0,8,4032,买盘
952,13:34:15,5.03,-0.01,4,2013,卖盘
953,13:34:57,5.04,0.01,3,1512,卖盘
954,13:35:16,5.04,0.0,12,6048,卖盘
955,13:35:19,5.05,0.01,23,11615,买盘
956,13:35:33,5.05,0.0,240,121000,买盘
957,13:35:49,5.05,0.0,100,50500,买盘
958,13:35:52,5.05,0.0,50,25250,买盘
959,13:35:58,5.06,0.01,16,8081,买盘
960,13:36:04,5.05,-0.01,47,23762,卖盘
961,13:36:15,5.05,0.0,1,505,卖盘
962,13:36:19,5.05,0.0,86,43430,卖盘
963,13:36:28,5.06,0.01,30,15180,买盘
964,13:36:34,5.05,-0.01,30,15150,卖盘
965,13:36:37,5.05,0.0,50,25250,卖盘
966,13:36:52,5.05,0.0,4,2020,卖盘
967,13:36:57,5.05,0.0,130,65650,卖盘
968,13:37:04,5.05,0.0,118,59590,卖盘
969,13:37:10,5.05,0.0,4,2020,卖盘
970,13:37:13,5.05,0.0,5,2525,卖盘
971,13:37:22,5.05,0.0,14,7070,卖盘
972,13:37:30,5.05,0.0,10,5050,卖盘
973,13:37:42,5.05,0.0,68,34340,卖盘
974,13:38:04,5.04,-0.01,20,10080,卖盘
975,13:38:13,5.04,0.0,1,504,卖盘
976,13:38:24,5.04,0.0,70,35280,卖盘
977,13:38:31,5.04,0.0,9,4536,卖盘
978,13:38:49,5.04,0.0,117,58968,卖盘
979,13:39:13,5.04,0.0,1,504,卖盘
980,13:39:25,5.05,0.01,4,2020,买盘
981,13:39:37,5.05,0.0,10,5050,买盘
982,13:39:40,5.05,0.0,7,3535,买盘
983,13:39:45,5.05,0.0,10,5050,买盘
984,13:39:49,5.05,0.0,20,10100,买盘
985,13:39:52,5.05,0.0,2,1010,买盘
986,13:39:58,5.05,0.0,11,5554,买盘
987,13:40:01,5.05,0.0,70,35350,买盘
988,13:40:04,5.05,0.0,11,5555,买盘
989,13:40:07,5.05,0.0,2,1010,买盘
990,13:40:10,5.05,0.0,1,505,卖盘
991,13:40:19,5.04,-0.01,129,65122,卖盘
992,13:40:34,5.05,0.01,5,2525,卖盘
993,13:40:46,5.05,0.0,18,9090,卖盘
994,13:40:49,5.06,0.01,3,1518,买盘
995,13:41:13,5.05,-0.01,1,505,卖盘
996,13:41:33,5.05,0.0,1,505,卖盘
997,13:41:40,5.05,0.0,92,46530,卖盘
998,13:41:55,5.05,0.0,14,7070,卖盘
999,13:42:01,5.05,0.0,1,505,卖盘
1000,13:42:15,5.05,0.0,1,505,卖盘
1001,13:42:46,5.06,0.01,6,3036,买盘
1002,13:43:09,5.06,0.0,20,10120,买盘
1003,13:43:16,5.05,-0.01,1,505,卖盘
1004,13:44:01,5.05,0.0,5,2525,卖盘
1005,13:44:16,5.05,0.0,1,505,卖盘
1006,13:44:49,5.06,0.01,152,76912,买盘
1007,13:44:52,5.06,0.0,70,35420,卖盘
1008,13:45:15,5.06,0.0,2,1012,卖盘
1009,13:45:18,5.07,0.01,17,8619,买盘
1010,13:45:34,5.07,0.0,7,3549,买盘
1011,13:45:37,5.07,0.0,202,102414,买盘
1012,13:45:49,5.07,0.0,17,8619,卖盘
1013,13:46:06,5.08,0.01,10,5080,买盘
1014,13:46:09,5.08,0.0,300,152400,买盘
1015,13:46:12,5.07,-0.01,1,507,卖盘
1016,13:46:16,5.08,0.01,5,2540,买盘
1017,13:46:31,5.07,-0.01,50,25350,卖盘
1018,13:46:49,5.07,0.0,100,50700,卖盘
1019,13:47:01,5.08,0.01,16,8128,买盘
1020,13:47:04,5.07,-0.01,1,507,卖盘
1021,13:47:07,5.07,0.0,7,3549,卖盘
1022,13:47:10,5.07,0.0,3,1523,卖盘
1023,13:47:12,5.08,0.01,59,29972,买盘
1024,13:47:25,5.08,0.0,6,3048,买盘
1025,13:47:52,5.07,-0.01,21,10658,卖盘
1026,13:48:04,5.08,0.01,94,47752,买盘
1027,13:48:09,5.07,-0.01,1,507,卖盘
1028,13:48:18,5.07,0.0,1,507,卖盘
1029,13:48:36,5.07,0.0,2,1014,卖盘
1030,13:48:39,5.08,0.01,50,25400,买盘
1031,13:48:58,5.07,-0.01,5,2535,卖盘
1032,13:49:07,5.07,0.0,1,507,卖盘
1033,13:49:10,5.07,0.0,1,507,卖盘
1034,13:49:22,5.07,0.0,20,10140,卖盘
1035,13:49:31,5.07,0.0,14,7098,卖盘
1036,13:49:40,5.07,0.0,4,2028,买盘
1037,13:49:52,5.07,0.0,4,2028,买盘
1038,13:50:12,5.07,0.0,18,9128,卖盘
1039,13:50:18,5.07,0.0,5,2535,买盘
1040,13:50:33,5.08,0.01,369,187452,买盘
1041,13:50:42,5.09,0.01,7,3563,买盘
1042,13:51:10,5.07,-0.02,300,152260,卖盘
1043,13:51:22,5.09,0.02,590,300309,买盘
1044,13:51:40,5.09,0.0,146,74314,买盘
1045,13:51:46,5.09,0.0,32,16288,卖盘
1046,13:52:04,5.1,0.01,43,21930,买盘
1047,13:52:07,5.1,0.0,137,69869,买盘
1048,13:52:10,5.09,-0.01,59,30081,卖盘
1049,13:52:13,5.09,0.0,43,21887,买盘
1050,13:52:28,5.09,0.0,13,6617,买盘
1051,13:52:33,5.09,0.0,6,3054,卖盘
1052,13:52:46,5.09,0.0,5,2545,卖盘
1053,13:52:49,5.08,-0.01,20,10160,卖盘
1054,13:52:52,5.1,0.02,100,50995,买盘
1055,13:53:16,5.08,-0.02,1,508,卖盘
1056,13:53:25,5.09,0.01,100,50900,买盘
1057,13:53:37,5.08,-0.01,24,12192,卖盘
1058,13:53:40,5.08,0.0,30,15240,卖盘
1059,13:53:43,5.09,0.01,100,50900,买盘
1060,13:53:46,5.09,0.0,100,50900,买盘
1061,13:53:51,5.09,0.0,100,50900,买盘
1062,13:53:58,5.09,0.0,1,509,买盘
1063,13:54:01,5.09,0.0,1,509,买盘
1064,13:54:07,5.09,0.0,50,25450,买盘
1065,13:54:13,5.08,-0.01,2,1016,卖盘
1066,13:54:18,5.09,0.01,39,19851,买盘
1067,13:54:34,5.09,0.0,5,2545,买盘
1068,13:54:37,5.09,0.0,8,4072,买盘
1069,13:54:55,5.08,-0.01,1,508,卖盘
1070,13:54:58,5.08,0.0,37,18808,卖盘
1071,13:55:04,5.09,0.01,10,5090,买盘
1072,13:55:19,5.09,0.0,1,509,买盘
1073,13:55:25,5.09,0.0,1,509,买盘
1074,13:55:34,5.09,0.0,92,46828,买盘
1075,13:55:45,5.09,0.0,60,30540,卖盘
1076,13:55:49,5.09,0.0,73,37157,卖盘
1077,13:55:52,5.1,0.01,130,66273,买盘
1078,13:55:55,5.09,-0.01,22,11198,中性盘
1079,13:55:58,5.08,-0.01,1,508,卖盘
1080,13:56:01,5.1,0.02,32,16293,买盘
1081,13:56:25,5.1,0.0,42,21420,买盘
1082,13:56:28,5.09,-0.01,6,3054,卖盘
1083,13:56:36,5.1,0.01,35,17850,买盘
1084,13:56:46,5.1,0.0,13,6630,买盘
1085,13:56:55,5.1,0.0,13,6630,买盘
1086,13:57:01,5.09,-0.01,1,509,卖盘
1087,13:57:04,5.1,0.01,29,14790,买盘
1088,13:57:25,5.1,0.0,10,5100,买盘
1089,13:57:40,5.09,-0.01,1,509,卖盘
1090,13:58:04,5.09,0.0,294,149666,卖盘
1091,13:58:16,5.09,0.0,19,9671,卖盘
1092,13:58:21,5.09,0.0,25,12725,卖盘
1093,13:58:25,5.09,0.0,2,1018,卖盘
1094,13:58:39,5.08,-0.01,1,508,卖盘
1095,13:59:10,5.08,0.0,4,2032,卖盘
1096,13:59:18,5.08,0.0,1,508,卖盘
1097,13:59:37,5.09,0.01,50,25450,买盘
1098,13:59:49,5.08,-0.01,2,1016,卖盘
1099,13:59:57,5.08,0.0,2,1016,卖盘
1100,14:00:34,5.08,0.0,10,5080,卖盘
1101,14:00:40,5.08,0.0,1,508,卖盘
1102,14:00:43,5.08,0.0,1,508,卖盘
1103,14:00:49,5.09,0.01,35,17815,买盘
1104,14:01:10,5.09,0.0,50,25450,买盘
1105,14:02:00,5.08,-0.01,1,508,卖盘
1106,14:02:22,5.08,0.0,27,13716,卖盘
1107,14:02:54,5.08,0.0,10,5080,卖盘
1108,14:02:57,5.08,0.0,1,508,卖盘
1109,14:03:01,5.08,0.0,5,2540,卖盘
1110,14:03:13,5.08,0.0,298,151384,卖盘
1111,14:03:24,5.08,0.0,35,17780,卖盘
1112,14:03:34,5.08,0.0,317,161036,卖盘
1113,14:03:40,5.08,0.0,1,508,卖盘
1114,14:03:46,5.08,0.0,85,43180,卖盘
1115,14:03:55,5.08,0.0,30,15240,卖盘
1116,14:04:04,5.08,0.0,5,2540,卖盘
1117,14:04:06,5.08,0.0,5,2540,卖盘
1118,14:04:18,5.09,0.01,8,4072,买盘
1119,14:04:24,5.08,-0.01,5,2540,卖盘
1120,14:04:33,5.09,0.01,21,10669,买盘
1121,14:04:36,5.08,-0.01,1,508,卖盘
1122,14:04:49,5.08,0.0,63,32004,卖盘
1123,14:04:52,5.08,0.0,1,508,卖盘
1124,14:04:55,5.08,0.0,25,12700,卖盘
1125,14:04:58,5.09,0.01,59,30031,买盘
1126,14:05:04,5.09,0.0,100,50900,买盘
1127,14:05:16,5.09,0.0,19,9671,买盘
1128,14:05:19,5.08,-0.01,2,1016,卖盘
1129,14:05:36,5.09,0.01,100,50900,买盘
1130,14:05:39,5.09,0.0,58,29522,买盘
1131,14:05:45,5.08,-0.01,1,508,卖盘
1132,14:06:04,5.08,0.0,10,5080,卖盘
1133,14:06:10,5.08,0.0,145,73660,卖盘
1134,14:06:18,5.08,0.0,28,14224,卖盘
1135,14:06:37,5.08,0.0,98,49784,卖盘
1136,14:06:45,5.08,0.0,38,19304,卖盘
1137,14:06:52,5.08,0.0,1,508,卖盘
1138,14:06:58,5.08,0.0,9,4572,卖盘
1139,14:07:01,5.08,0.0,74,37592,卖盘
1140,14:07:07,5.08,0.0,195,99060,卖盘
1141,14:07:13,5.07,-0.01,114,57798,卖盘
1142,14:07:28,5.08,0.01,1,508,买盘
1143,14:07:31,5.07,-0.01,18,9126,卖盘
1144,14:07:49,5.07,0.0,1,507,卖盘
1145,14:08:12,5.07,0.0,23,11661,卖盘
1146,14:08:16,5.07,0.0,15,7605,卖盘
1147,14:08:33,5.08,0.01,10,5080,买盘
1148,14:08:55,5.07,-0.01,78,39546,卖盘
1149,14:09:12,5.07,0.0,1,507,卖盘
1150,14:09:22,5.07,0.0,4,2028,卖盘
1151,14:09:48,5.07,0.0,2,1014,卖盘
1152,14:10:06,5.07,0.0,10,5070,卖盘
1153,14:10:42,5.07,0.0,1,507,卖盘
1154,14:11:10,5.08,0.01,395,201122,买盘
1155,14:11:16,5.08,0.0,2,1016,卖盘
1156,14:11:22,5.09,0.01,20,10180,买盘
1157,14:11:25,5.1,0.01,2032,1035452,买盘
1158,14:11:31,5.11,0.01,323,165053,买盘
1159,14:11:36,5.11,0.0,500,255500,买盘
1160,14:11:40,5.11,0.0,93,47523,买盘
1161,14:11:43,5.12,0.01,27,13824,买盘
1162,14:11:46,5.12,0.0,340,174080,买盘
1163,14:11:49,5.12,0.0,116,59332,买盘
1164,14:11:51,5.12,0.0,501,256241,买盘
1165,14:11:57,5.13,0.01,425,218011,买盘
1166,14:12:00,5.13,0.0,149,76330,买盘
1167,14:12:04,5.13,0.0,14,7181,买盘
1168,14:12:06,5.13,0.0,65,33345,买盘
1169,14:12:10,5.14,0.01,461,236659,买盘
1170,14:12:13,5.14,0.0,234,120226,买盘
1171,14:12:19,5.14,0.0,145,74530,买盘
1172,14:12:22,5.15,0.01,531,272954,买盘
1173,14:12:25,5.15,0.0,231,118965,买盘
1174,14:12:28,5.15,0.0,124,63845,买盘
1175,14:12:31,5.16,0.01,578,297680,买盘
1176,14:12:33,5.15,-0.01,289,149118,卖盘
1177,14:12:36,5.16,0.01,208,107227,买盘
1178,14:12:39,5.18,0.02,951,492166,买盘
1179,14:12:43,5.19,0.01,137,70971,买盘
1180,14:12:46,5.19,0.0,294,152442,买盘
1181,14:12:49,5.2,0.01,817,424420,买盘
1182,14:12:51,5.2,0.0,473,245848,买盘
1183,14:12:55,5.22,0.02,618,321641,买盘
1184,14:12:57,5.2,-0.02,460,239796,卖盘
1185,14:13:00,5.22,0.02,25,13030,中性盘
1186,14:13:04,5.23,0.01,312,163153,买盘
1187,14:13:07,5.23,0.0,250,130710,买盘
1188,14:13:09,5.23,0.0,339,177358,买盘
1189,14:13:12,5.23,0.0,348,182200,卖盘
1190,14:13:15,5.23,0.0,356,186157,卖盘
1191,14:13:19,5.22,-0.01,738,385976,卖盘
1192,14:13:22,5.23,0.01,367,191577,买盘
1193,14:13:25,5.22,-0.01,260,135826,卖盘
1194,14:13:28,5.21,-0.01,615,320506,卖盘
1195,14:13:31,5.21,0.0,306,159420,买盘
1196,14:13:34,5.21,0.0,372,193427,买盘
1197,14:13:37,5.19,-0.02,192,99758,卖盘
1198,14:13:39,5.19,0.0,21,10899,买盘
1199,14:13:42,5.2,0.01,377,195864,买盘
1200,14:13:46,5.19,-0.01,58,30068,中性盘
1201,14:13:49,5.18,-0.01,25,12970,卖盘
1202,14:13:51,5.19,0.01,90,46699,买盘
1203,14:13:55,5.18,-0.01,53,27452,中性盘
1204,14:13:58,5.18,0.0,90,46620,买盘
1205,14:14:01,5.18,0.0,43,22274,买盘
1206,14:14:04,5.18,0.0,112,57914,买盘
1207,14:14:07,5.18,0.0,465,241208,买盘
1208,14:14:09,5.18,0.0,246,127463,卖盘
1209,14:14:12,5.19,0.01,363,188347,买盘
1210,14:14:15,5.2,0.01,318,165281,买盘
1211,14:14:18,5.19,-0.01,1008,524114,卖盘
1212,14:14:21,5.21,0.02,635,329681,买盘
1213,14:14:25,5.21,0.0,20,10410,买盘
1214,14:14:28,5.21,0.0,363,189017,买盘
1215,14:14:31,5.21,0.0,449,233750,买盘
1216,14:14:34,5.21,0.0,219,114079,买盘
1217,14:14:36,5.22,0.01,521,271346,买盘
1218,14:14:39,5.21,-0.01,235,122439,卖盘
1219,14:14:43,5.21,0.0,155,80861,卖盘
1220,14:14:46,5.22,0.01,610,318370,买盘
1221,14:14:49,5.22,0.0,151,78799,买盘
1222,14:14:52,5.22,0.0,625,326288,卖盘
1223,14:14:55,5.23,0.01,82,42829,买盘
1224,14:14:58,5.23,0.0,457,238854,买盘
1225,14:15:01,5.22,-0.01,249,130135,卖盘
1226,14:15:04,5.23,0.01,356,186070,买盘
1227,14:15:07,5.22,-0.01,936,488988,卖盘
1228,14:15:10,5.2,-0.02,1650,860091,卖盘
1229,14:15:13,5.18,-0.02,397,206244,卖盘
1230,14:15:16,5.21,0.03,17,8845,买盘
1231,14:15:18,5.21,0.0,20,10420,买盘
1232,14:15:22,5.21,0.0,164,85286,买盘
1233,14:15:24,5.21,0.0,92,47863,买盘
1234,14:15:27,5.21,0.0,605,315110,买盘
1235,14:15:31,5.2,-0.01,47,24408,买盘
1236,14:15:34,5.18,-0.02,11,5712,卖盘
1237,14:15:36,5.18,0.0,72,37336,卖盘
1238,14:15:39,5.19,0.01,257,133369,买盘
1239,14:15:42,5.18,-0.01,50,25910,卖盘
1240,14:15:46,5.18,0.0,86,44548,买盘
1241,14:15:49,5.19,0.01,3,1557,买盘
1242,14:15:52,5.18,-0.01,58,30101,卖盘
1243,14:15:55,5.18,0.0,875,452743,卖盘
1244,14:15:57,5.18,0.0,44,22782,买盘
1245,14:16:00,5.18,0.0,110,56980,买盘
1246,14:16:04,5.18,0.0,33,17076,买盘
1247,14:16:06,5.17,-0.01,30,15510,卖盘
1248,14:16:09,5.18,0.01,16,8288,买盘
1249,14:16:13,5.18,0.0,308,159544,买盘
1250,14:16:16,5.18,0.0,45,23310,卖盘
1251,14:16:18,5.17,-0.01,125,64745,卖盘
1252,14:16:22,5.19,0.02,1042,540510,买盘
1253,14:16:24,5.18,-0.01,5,2590,中性盘
1254,14:16:28,5.18,0.0,270,139724,买盘
1255,14:16:31,5.19,0.01,53,27476,买盘
1256,14:16:34,5.19,0.0,84,43574,买盘
1257,14:16:36,5.18,-0.01,9,4662,卖盘
1258,14:16:39,5.18,0.0,200,103600,卖盘
1259,14:16:42,5.19,0.01,237,122973,买盘
1260,14:16:45,5.19,0.0,105,54495,买盘
1261,14:16:49,5.19,0.0,194,100686,买盘
1262,14:16:51,5.19,0.0,140,72660,卖盘
1263,14:16:55,5.19,0.0,30,15570,卖盘
1264,14:17:01,5.2,0.01,71,36860,买盘
1265,14:17:04,5.19,-0.01,294,152826,卖盘
1266,14:17:06,5.19,0.0,69,35868,卖盘
1267,14:17:09,5.2,0.01,717,372825,买盘
1268,14:17:13,5.2,0.0,6,3120,卖盘
1269,14:17:16,5.2,0.0,15,7800,卖盘
1270,14:17:19,5.21,0.01,1,521,买盘
1271,14:17:22,5.2,-0.01,22,11444,卖盘
1272,14:17:25,5.21,0.01,10,5210,买盘
1273,14:17:27,5.2,-0.01,245,127471,卖盘
1274,14:17:31,5.21,0.01,291,151611,买盘
1275,14:17:34,5.2,-0.01,1097,571453,卖盘
1276,14:17:37,5.21,0.01,767,399273,买盘
1277,14:17:40,5.2,-0.01,159,82771,卖盘
1278,14:17:43,5.2,0.0,266,138321,买盘
1279,14:17:46,5.2,0.0,20,10400,买盘
1280,14:17:48,5.19,-0.01,5,2595,卖盘
1281,14:17:52,5.19,0.0,331,171860,卖盘
1282,14:17:55,5.19,0.0,201,104519,卖盘
1283,14:17:58,5.2,0.01,56,29110,买盘
1284,14:18:01,5.2,0.0,86,44699,买盘
1285,14:18:04,5.2,0.0,67,34790,买盘
1286,14:18:06,5.19,-0.01,38,19750,卖盘
1287,14:18:09,5.2,0.01,293,152523,买盘
1288,14:18:13,5.19,-0.01,27,14030,卖盘
1289,14:18:16,5.2,0.01,15,7790,买盘
1290,14:18:18,5.19,-0.01,314,163013,卖盘
1291,14:18:24,5.19,0.0,173,89787,卖盘
1292,14:18:28,5.2,0.01,244,126781,买盘
1293,14:18:34,5.2,0.0,28,14535,买盘
1294,14:18:36,5.19,-0.01,29,15051,卖盘
1295,14:18:39,5.19,0.0,68,35314,卖盘
1296,14:18:42,5.19,0.0,15,7785,买盘
1297,14:18:46,5.19,0.0,40,20721,买盘
1298,14:18:52,5.18,-0.01,62,32177,卖盘
1299,14:18:55,5.19,0.01,297,154143,买盘
1300,14:18:58,5.19,0.0,40,20760,卖盘
1301,14:19:01,5.19,0.0,4,2076,卖盘
1302,14:19:04,5.2,0.01,77,39999,买盘
1303,14:19:07,5.19,-0.01,135,70065,卖盘
1304,14:19:10,5.2,0.01,214,111042,买盘
1305,14:19:12,5.19,-0.01,41,21279,卖盘
1306,14:19:22,5.19,0.0,259,134421,买盘
1307,14:19:25,5.18,-0.01,10,5180,卖盘
1308,14:19:34,5.19,0.01,266,138054,买盘
1309,14:19:37,5.19,0.0,250,129925,卖盘
1310,14:19:39,5.19,0.0,20,10380,卖盘
1311,14:19:42,5.19,0.0,30,15570,卖盘
1312,14:19:45,5.19,0.0,29,15051,卖盘
1313,14:19:49,5.19,0.0,155,80445,卖盘
1314,14:19:52,5.19,0.0,27,14013,卖盘
1315,14:19:55,5.19,0.0,30,15570,卖盘
1316,14:19:58,5.19,0.0,11,5709,卖盘
1317,14:20:06,5.2,0.01,77,40017,买盘
1318,14:20:09,5.19,-0.01,83,43077,卖盘
1319,14:20:18,5.18,-0.01,43,22282,卖盘
1320,14:20:25,5.18,0.0,25,12955,卖盘
1321,14:20:28,5.18,0.0,103,53354,卖盘
1322,14:20:31,5.18,0.0,50,25900,卖盘
1323,14:20:37,5.18,0.0,141,73038,卖盘
1324,14:20:39,5.18,0.0,60,31080,卖盘
1325,14:20:42,5.18,0.0,209,108262,卖盘
1326,14:20:52,5.18,0.0,40,20720,买盘
1327,14:20:58,5.17,-0.01,25,12926,卖盘
1328,14:21:04,5.18,0.01,153,79254,买盘
1329,14:21:09,5.18,0.0,50,25900,买盘
1330,14:21:13,5.18,0.0,32,16576,买盘
1331,14:21:16,5.17,-0.01,10,5170,卖盘
1332,14:21:18,5.18,0.01,59,30522,买盘
1333,14:21:27,5.18,0.0,181,93758,买盘
1334,14:21:31,5.18,0.0,113,58534,卖盘
1335,14:21:34,5.18,0.0,120,62160,卖盘
1336,14:21:40,5.18,0.0,13,6734,卖盘
1337,14:21:46,5.17,-0.01,236,122013,卖盘
1338,14:21:49,5.18,0.01,43,22264,买盘
1339,14:21:55,5.18,0.0,70,36259,买盘
1340,14:22:01,5.17,-0.01,50,25850,卖盘
1341,14:22:04,5.18,0.01,5,2590,买盘
1342,14:22:09,5.18,0.0,12,6214,买盘
1343,14:22:12,5.18,0.0,16,8288,买盘
1344,14:22:19,5.18,0.0,5,2590,买盘
1345,14:22:22,5.17,-0.01,10,5170,卖盘
1346,14:22:31,5.17,0.0,23,11891,卖盘
1347,14:22:34,5.18,0.01,222,114994,买盘
1348,14:22:37,5.18,0.0,44,22785,买盘
1349,14:22:40,5.18,0.0,185,95830,买盘
1350,14:22:43,5.17,-0.01,5,2585,卖盘
1351,14:22:45,5.18,0.01,130,67340,买盘
1352,14:22:48,5.17,-0.01,18,9306,卖盘
1353,14:23:00,5.17,0.0,85,43952,卖盘
1354,14:23:13,5.18,0.01,82,42476,买盘
1355,14:23:19,5.18,0.0,27,13986,买盘
1356,14:23:24,5.18,0.0,90,46620,买盘
1357,14:23:27,5.18,0.0,6,3108,卖盘
1358,14:23:31,5.18,0.0,19,9842,卖盘
1359,14:23:34,5.18,0.0,45,23310,买盘
1360,14:23:37,5.18,0.0,151,78218,买盘
1361,14:23:40,5.18,0.0,54,27972,买盘
1362,14:23:49,5.17,-0.01,106,54858,卖盘
1363,14:23:54,5.17,0.0,77,39809,卖盘
1364,14:24:04,5.18,0.01,26,13468,买盘
1365,14:24:10,5.16,-0.02,684,353416,卖盘
1366,14:24:15,5.18,0.02,70,36260,买盘
1367,14:24:21,5.17,-0.01,16,8272,卖盘
1368,14:24:34,5.16,-0.01,30,15480,卖盘
1369,14:24:37,5.17,0.01,55,28435,买盘
1370,14:24:46,5.17,0.0,50,25850,卖盘
1371,14:24:49,5.17,0.0,130,67210,卖盘
1372,14:24:52,5.17,0.0,15,7755,卖盘
1373,14:24:57,5.17,0.0,37,19129,卖盘
1374,14:25:00,5.17,0.0,87,44979,买盘
1375,14:25:04,5.17,0.0,24,12408,卖盘
1376,14:25:21,5.17,0.0,46,23782,买盘
1377,14:25:39,5.17,0.0,369,190773,卖盘
1378,14:25:45,5.17,0.0,25,12934,卖盘
1379,14:25:48,5.17,0.0,1,517,买盘
1380,14:25:51,5.17,0.0,5,2585,买盘
1381,14:25:54,5.17,0.0,5,2585,卖盘
1382,14:26:13,5.16,-0.01,19,9805,卖盘
1383,14:26:19,5.17,0.01,4,2068,买盘
1384,14:26:28,5.17,0.0,84,43428,买盘
1385,14:26:31,5.17,0.0,33,17061,卖盘
1386,14:26:34,5.17,0.0,149,77033,卖盘
1387,14:26:42,5.17,0.0,14,7238,卖盘
1388,14:26:49,5.17,0.0,5,2585,卖盘
1389,14:26:52,5.17,0.0,9,4653,卖盘
1390,14:26:55,5.17,0.0,97,50149,卖盘
1391,14:27:04,5.17,0.0,100,51700,买盘
1392,14:27:18,5.16,-0.01,117,60372,卖盘
1393,14:27:21,5.17,0.01,1,517,买盘
1394,14:27:27,5.17,0.0,5,2585,买盘
1395,14:27:34,5.17,0.0,55,28435,买盘
1396,14:27:48,5.17,0.0,20,10340,买盘
1397,14:27:52,5.17,0.0,79,40843,买盘
1398,14:27:55,5.17,0.0,16,8267,买盘
1399,14:27:57,5.16,-0.01,5,2584,卖盘
1400,14:28:04,5.16,0.0,100,51600,卖盘
1401,14:28:06,5.17,0.01,265,136743,买盘
1402,14:28:19,5.16,-0.01,92,47481,卖盘
1403,14:28:25,5.17,0.01,7,3619,买盘
1404,14:28:31,5.16,-0.01,4,2064,卖盘
1405,14:28:36,5.16,0.0,10,5160,卖盘
1406,14:28:40,5.17,0.01,5,2585,买盘
1407,14:28:46,5.17,0.0,145,74927,买盘
1408,14:28:49,5.16,-0.01,150,77400,卖盘
1409,14:28:55,5.17,0.01,7,3619,买盘
1410,14:28:58,5.16,-0.01,77,39808,卖盘
1411,14:29:01,5.17,0.01,24,12403,买盘
1412,14:29:07,5.16,-0.01,3,1548,卖盘
1413,14:29:10,5.17,0.01,64,33088,买盘
1414,14:29:19,5.16,-0.01,40,20640,卖盘
1415,14:29:22,5.16,0.0,5,2580,卖盘
1416,14:29:40,5.17,0.01,21,10857,买盘
1417,14:29:46,5.16,-0.01,38,19608,卖盘
1418,14:29:52,5.16,0.0,100,51600,卖盘
1419,14:29:57,5.17,0.01,10,5170,买盘
1420,14:30:13,5.17,0.0,23,11891,买盘
1421,14:30:31,5.16,-0.01,350,180600,卖盘
1422,14:30:46,5.16,0.0,250,129000,卖盘
1423,14:30:52,5.16,0.0,89,45924,卖盘
1424,14:30:55,5.16,0.0,9,4644,买盘
1425,14:30:58,5.16,0.0,20,10320,卖盘
1426,14:31:04,5.16,0.0,40,20640,卖盘
1427,14:31:07,5.16,0.0,200,103200,卖盘
1428,14:31:22,5.16,0.0,44,22704,卖盘
1429,14:31:25,5.16,0.0,85,43860,卖盘
1430,14:31:28,5.16,0.0,43,22188,卖盘
1431,14:31:33,5.16,0.0,1,516,卖盘
1432,14:31:37,5.16,0.0,25,12900,卖盘
1433,14:31:43,5.16,0.0,12,6192,卖盘
1434,14:31:46,5.16,0.0,50,25800,卖盘
1435,14:31:58,5.16,0.0,8,4128,卖盘
1436,14:32:01,5.16,0.0,68,35088,卖盘
1437,14:32:12,5.16,0.0,152,78432,买盘
1438,14:32:49,5.16,0.0,9,4644,卖盘
1439,14:32:52,5.16,0.0,5,2580,卖盘
1440,14:32:55,5.16,0.0,116,59856,卖盘
1441,14:32:58,5.16,0.0,7,3612,卖盘
1442,14:33:00,5.16,0.0,94,48504,卖盘
1443,14:33:04,5.16,0.0,10,5160,买盘
1444,14:33:12,5.16,0.0,16,8256,买盘
1445,14:33:19,5.16,0.0,2,1032,卖盘
1446,14:33:34,5.16,0.0,14,7224,卖盘
1447,14:33:42,5.16,0.0,7,3618,卖盘
1448,14:33:46,5.16,0.0,7,3612,卖盘
1449,14:33:52,5.16,0.0,4,2064,卖盘
1450,14:34:04,5.16,0.0,20,10320,卖盘
1451,14:34:07,5.16,0.0,6,3096,卖盘
1452,14:34:10,5.16,0.0,50,25800,卖盘
1453,14:34:12,5.16,0.0,140,72240,卖盘
1454,14:34:19,5.16,0.0,9,4644,卖盘
1455,14:34:28,5.16,0.0,91,46956,卖盘
1456,14:34:34,5.16,0.0,20,10320,买盘
1457,14:34:40,5.16,0.0,15,7740,买盘
1458,14:34:45,5.16,0.0,154,79464,买盘
1459,14:34:57,5.16,0.0,96,49536,买盘
1460,14:35:01,5.16,0.0,5,2580,卖盘
1461,14:35:04,5.16,0.0,41,21156,卖盘
1462,14:35:07,5.16,0.0,10,5160,卖盘
1463,14:35:15,5.16,0.0,25,12902,卖盘
1464,14:35:19,5.16,0.0,76,39177,买盘
1465,14:35:31,5.16,0.0,84,43344,卖盘
1466,14:35:34,5.16,0.0,100,51600,卖盘
1467,14:35:37,5.16,0.0,34,17554,卖盘
1468,14:35:39,5.16,0.0,10,5160,买盘
1469,14:35:45,5.16,0.0,26,13416,买盘
1470,14:35:52,5.16,0.0,4,2064,买盘
1471,14:35:55,5.16,0.0,8,4128,买盘
1472,14:36:07,5.15,-0.01,134,69013,卖盘
1473,14:36:10,5.16,0.01,25,12900,买盘
1474,14:36:16,5.15,-0.01,50,25750,卖盘
1475,14:36:18,5.15,0.0,100,51500,卖盘
1476,14:36:34,5.15,0.0,9,4635,卖盘
1477,14:36:36,5.16,0.01,12,6192,买盘
1478,14:36:42,5.15,-0.01,151,77886,卖盘
1479,14:36:45,5.15,0.0,2,1030,卖盘
1480,14:36:58,5.15,0.0,10,5150,卖盘
1481,14:37:01,5.15,0.0,125,64375,卖盘
1482,14:37:10,5.15,0.0,25,12875,卖盘
1483,14:37:13,5.15,0.0,50,25750,卖盘
1484,14:37:24,5.15,0.0,294,151410,卖盘
1485,14:37:28,5.15,0.0,60,30900,卖盘
1486,14:37:30,5.16,0.01,38,19608,买盘
1487,14:37:34,5.15,-0.01,7,3605,卖盘
1488,14:37:46,5.14,-0.01,20,10280,卖盘
1489,14:37:51,5.15,0.01,6,3090,买盘
1490,14:37:57,5.14,-0.01,118,60652,卖盘
1491,14:38:04,5.15,0.01,90,46350,买盘
1492,14:38:06,5.14,-0.01,132,67940,卖盘
1493,14:38:13,5.15,0.01,5,2575,买盘
1494,14:38:16,5.15,0.0,1,515,买盘
1495,14:38:22,5.15,0.0,7,3605,买盘
1496,14:38:25,5.15,0.0,29,14935,买盘
1497,14:38:28,5.15,0.0,22,11330,买盘
1498,14:38:34,5.15,0.0,10,5150,买盘
1499,14:38:37,5.15,0.0,40,20600,买盘
1500,14:38:39,5.15,0.0,30,15450,买盘
1501,14:38:43,5.15,0.0,130,66950,买盘
1502,14:38:46,5.15,0.0,57,29355,买盘
1503,14:38:58,5.16,0.01,37,19092,买盘
1504,14:39:25,5.16,0.0,13,6696,买盘
1505,14:39:28,5.16,0.0,368,189888,买盘
1506,14:39:31,5.15,-0.01,3,1547,卖盘
1507,14:39:52,5.16,0.01,30,15480,买盘
1508,14:40:00,5.15,-0.01,3,1545,卖盘
1509,14:40:04,5.16,0.01,3,1548,买盘
1510,14:40:39,5.15,-0.01,1,515,卖盘
1511,14:40:43,5.15,0.0,9,4635,卖盘
1512,14:40:51,5.15,0.0,4,2060,卖盘
1513,14:40:54,5.15,0.0,155,79825,卖盘
1514,14:41:01,5.15,0.0,34,17510,卖盘
1515,14:41:04,5.15,0.0,12,6182,卖盘
1516,14:41:13,5.15,0.0,2,1030,卖盘
1517,14:41:16,5.15,0.0,28,14420,卖盘
1518,14:41:18,5.15,0.0,50,25750,卖盘
1519,14:41:25,5.15,0.0,80,41205,卖盘
1520,14:41:28,5.15,0.0,41,21115,卖盘
1521,14:41:42,5.16,0.01,250,128772,买盘
1522,14:41:58,5.15,-0.01,17,8755,卖盘
1523,14:42:04,5.15,0.0,2,1030,买盘
1524,14:42:07,5.15,0.0,21,10815,买盘
1525,14:42:22,5.15,0.0,143,73645,卖盘
1526,14:42:25,5.15,0.0,24,12360,买盘
1527,14:42:37,5.14,-0.01,20,10280,卖盘
1528,14:42:40,5.14,0.0,51,26245,卖盘
1529,14:42:43,5.15,0.01,2,1030,买盘
1530,14:42:51,5.14,-0.01,1,514,卖盘
1531,14:42:54,5.14,0.0,285,146770,卖盘
1532,14:43:07,5.14,0.0,7,3598,卖盘
1533,14:43:10,5.14,0.0,39,20046,卖盘
1534,14:43:13,5.15,0.01,32,16468,买盘
1535,14:43:16,5.14,-0.01,520,267280,卖盘
1536,14:43:19,5.14,0.0,38,19550,卖盘
1537,14:43:25,5.14,0.0,47,24158,卖盘
1538,14:43:28,5.14,0.0,10,5140,买盘
1539,14:43:31,5.14,0.0,3,1542,买盘
1540,14:43:34,5.14,0.0,52,26728,买盘
1541,14:43:43,5.14,0.0,10,5140,买盘
1542,14:43:49,5.14,0.0,523,268822,买盘
1543,14:43:55,5.14,0.0,116,59624,卖盘
1544,14:44:01,5.15,0.01,60,30890,买盘
1545,14:44:04,5.14,-0.01,254,130556,卖盘
1546,14:44:07,5.15,0.01,95,48925,买盘
1547,14:44:09,5.14,-0.01,11,5654,卖盘
1548,14:44:16,5.14,0.0,322,165788,卖盘
1549,14:44:25,5.16,0.02,73,37606,买盘
1550,14:44:28,5.15,-0.01,44,22660,卖盘
1551,14:44:31,5.14,-0.01,100,51400,卖盘
1552,14:44:46,5.15,0.01,36,18540,买盘
1553,14:44:52,5.15,0.0,58,29870,卖盘
1554,14:44:55,5.14,-0.01,1,514,卖盘
1555,14:45:04,5.15,0.01,15,7725,买盘
1556,14:45:07,5.14,-0.01,2,1028,卖盘
1557,14:45:16,5.15,0.01,19,9785,买盘
1558,14:45:19,5.14,-0.01,500,257000,卖盘
1559,14:45:28,5.14,0.0,200,102800,卖盘
1560,14:45:31,5.15,0.01,20,10300,买盘
1561,14:45:34,5.14,-0.01,144,74016,卖盘
1562,14:45:43,5.14,0.0,30,15420,买盘
1563,14:45:49,5.14,0.0,113,58082,买盘
1564,14:45:52,5.14,0.0,52,26728,买盘
1565,14:45:55,5.14,0.0,10,5140,买盘
1566,14:45:58,5.14,0.0,2,1028,买盘
1567,14:46:01,5.14,0.0,45,23130,买盘
1568,14:46:04,5.14,0.0,6,3084,卖盘
1569,14:46:09,5.14,0.0,20,10280,卖盘
1570,14:46:19,5.14,0.0,26,13364,卖盘
1571,14:46:28,5.14,0.0,16,8224,卖盘
1572,14:46:37,5.14,0.0,10,5140,卖盘
1573,14:47:01,5.15,0.01,10,5150,买盘
1574,14:47:22,5.15,0.0,2,1030,买盘
1575,14:47:25,5.14,-0.01,2,1028,卖盘
1576,14:47:34,5.14,0.0,9,4626,卖盘
1577,14:47:40,5.15,0.01,10,5150,买盘
1578,14:47:43,5.14,-0.01,29,14906,卖盘
1579,14:47:49,5.15,0.01,100,51500,买盘
1580,14:47:52,5.14,-0.01,100,51400,卖盘
1581,14:47:58,5.15,0.01,5,2575,买盘
1582,14:48:04,5.14,-0.01,43,22102,卖盘
1583,14:48:09,5.15,0.01,217,111755,买盘
1584,14:48:13,5.15,0.0,7,3605,买盘
1585,14:48:16,5.15,0.0,1,515,买盘
1586,14:48:19,5.15,0.0,96,49440,买盘
1587,14:48:22,5.15,0.0,16,8240,买盘
1588,14:48:25,5.15,0.0,15,7725,买盘
1589,14:48:28,5.14,-0.01,60,30897,卖盘
1590,14:48:31,5.14,0.0,10,5140,卖盘
1591,14:48:34,5.15,0.01,10,5150,买盘
1592,14:48:37,5.15,0.0,12,6180,买盘
1593,14:48:40,5.14,-0.01,45,23130,卖盘
1594,14:48:42,5.15,0.01,43,22145,买盘
1595,14:48:49,5.16,0.01,1,516,买盘
1596,14:49:07,5.16,0.0,658,339528,买盘
1597,14:49:10,5.15,-0.01,500,257672,卖盘
1598,14:49:16,5.16,0.01,43,22188,中性盘
1599,14:49:18,5.16,0.0,1,516,买盘
1600,14:49:22,5.16,0.0,74,38184,买盘
1601,14:49:25,5.16,0.0,12,6192,买盘
1602,14:49:28,5.16,0.0,58,29928,买盘
1603,14:49:31,5.16,0.0,8,4128,买盘
1604,14:49:37,5.16,0.0,50,25800,买盘
1605,14:49:40,5.16,0.0,378,195048,买盘
1606,14:49:43,5.17,0.01,38,19646,买盘
1607,14:49:49,5.16,-0.01,64,33024,卖盘
1608,14:49:52,5.16,0.0,1,516,卖盘
1609,14:49:55,5.16,0.0,39,20124,卖盘
1610,14:49:58,5.17,0.01,22,11374,买盘
1611,14:50:04,5.17,0.0,6,3102,买盘
1612,14:50:07,5.17,0.0,1,517,买盘
1613,14:50:16,5.16,-0.01,51,26316,卖盘
1614,14:50:25,5.16,0.0,12,6192,卖盘
1615,14:50:31,5.16,0.0,41,21156,卖盘
1616,14:50:34,5.16,0.0,30,15480,卖盘
1617,14:50:37,5.16,0.0,72,37152,卖盘
1618,14:50:40,5.16,0.0,137,70692,卖盘
1619,14:50:46,5.16,0.0,54,27860,买盘
1620,14:50:49,5.15,-0.01,3,1545,卖盘
1621,14:50:51,5.16,0.01,62,31992,买盘
1622,14:51:13,5.15,-0.01,11,5665,卖盘
1623,14:51:25,5.16,0.01,2,1032,买盘
1624,14:51:33,5.16,0.0,55,28327,买盘
1625,14:51:36,5.16,0.0,19,9804,买盘
1626,14:51:40,5.17,0.01,541,279175,买盘
1627,14:51:43,5.16,-0.01,50,25800,卖盘
1628,14:51:49,5.16,0.0,80,41280,卖盘
1629,14:51:51,5.16,0.0,5,2580,卖盘
1630,14:51:55,5.16,0.0,20,10320,卖盘
1631,14:51:57,5.17,0.01,51,26366,买盘
1632,14:52:01,5.16,-0.01,4,2064,卖盘
1633,14:52:06,5.17,0.01,14,7238,买盘
1634,14:52:10,5.16,-0.01,53,27348,卖盘
1635,14:52:16,5.17,0.01,30,15510,买盘
1636,14:52:22,5.16,-0.01,145,74820,卖盘
1637,14:52:28,5.16,0.0,31,15996,卖盘
1638,14:52:31,5.16,0.0,108,55728,卖盘
1639,14:52:34,5.16,0.0,41,21156,卖盘
1640,14:52:37,5.16,0.0,70,36120,卖盘
1641,14:52:40,5.17,0.01,113,58388,买盘
1642,14:52:43,5.16,-0.01,1,516,卖盘
1643,14:52:46,5.16,0.0,28,14448,卖盘
1644,14:52:49,5.16,0.0,65,33540,买盘
1645,14:52:57,5.16,0.0,30,15480,买盘
1646,14:53:13,5.16,0.0,10,5160,买盘
1647,14:53:16,5.16,0.0,20,10320,买盘
1648,14:53:22,5.15,-0.01,20,10300,卖盘
1649,14:53:27,5.16,0.01,41,21156,买盘
1650,14:53:37,5.16,0.0,2,1032,买盘
1651,14:53:43,5.16,0.0,1,516,买盘
1652,14:53:45,5.16,0.0,390,201240,买盘
1653,14:53:48,5.15,-0.01,5,2575,卖盘
1654,14:53:52,5.16,0.01,45,23180,买盘
1655,14:54:04,5.16,0.0,33,17028,买盘
1656,14:54:07,5.15,-0.01,10,5150,卖盘
1657,14:54:16,5.16,0.01,34,17544,买盘
1658,14:54:19,5.16,0.0,110,56760,买盘
1659,14:54:28,5.16,0.0,5,2580,买盘
1660,14:54:37,5.16,0.0,234,120744,买盘
1661,14:54:42,5.16,0.0,138,71208,买盘
1662,14:54:45,5.15,-0.01,500,257500,卖盘
1663,14:54:49,5.15,0.0,509,262144,卖盘
1664,14:54:52,5.16,0.01,16,8256,买盘
1665,14:54:55,5.15,-0.01,601,309616,卖盘
1666,14:54:58,5.16,0.01,6,3096,买盘
1667,14:55:01,5.16,0.0,522,268852,买盘
1668,14:55:04,5.15,-0.01,343,176645,卖盘
1669,14:55:07,5.15,0.0,128,65920,买盘
1670,14:55:10,5.15,0.0,10,5150,买盘
1671,14:55:13,5.15,0.0,14,7210,买盘
1672,14:55:19,5.15,0.0,31,15965,买盘
1673,14:55:22,5.15,0.0,30,15450,买盘
1674,14:55:25,5.15,0.0,47,24203,买盘
1675,14:55:28,5.15,0.0,9,4635,买盘
1676,14:55:31,5.15,0.0,10,5150,买盘
1677,14:55:34,5.14,-0.01,5,2570,卖盘
1678,14:55:36,5.15,0.01,119,61285,买盘
1679,14:55:39,5.15,0.0,3,1545,卖盘
1680,14:55:52,5.15,0.0,51,26265,买盘
1681,14:55:55,5.15,0.0,60,30900,买盘
1682,14:56:04,5.15,0.0,120,61800,买盘
1683,14:56:10,5.15,0.0,103,53045,买盘
1684,14:56:13,5.15,0.0,10,5150,买盘
1685,14:56:16,5.15,0.0,60,30900,买盘
1686,14:56:19,5.15,0.0,10,5150,卖盘
1687,14:56:22,5.15,0.0,5,2575,卖盘
1688,14:56:25,5.15,0.0,92,47380,卖盘
1689,14:56:28,5.16,0.01,305,157275,买盘
1690,14:56:30,5.15,-0.01,4,2060,卖盘
1691,14:56:34,5.15,0.0,17,8765,卖盘
1692,14:56:37,5.15,0.0,211,108826,卖盘
1693,14:56:40,5.15,0.0,550,283499,卖盘
1694,14:56:43,5.15,0.0,25,12875,卖盘
1695,14:56:46,5.15,0.0,9,4635,卖盘
1696,14:56:48,5.15,0.0,22,11330,卖盘
1697,14:56:52,5.16,0.01,256,132092,买盘
1698,14:56:54,5.15,-0.01,1,515,卖盘
1699,14:56:58,5.16,0.01,202,104032,买盘
1700,14:57:04,5.15,-0.01,600,309000,卖盘
1701,15:00:04,5.16,0.01,2826,1458216,卖盘
