,time,price,change,volume,amount,type
0,09:25:04,15.0,-0.01,1,1500,卖盘
1,09:30:04,15.0,0.0,9,13501,卖盘
2,09:30:06,15.01,0.01,12,18003,买盘
3,09:30:16,15.0,-0.01,1,1500,卖盘
4,09:30:48,15.05,0.05,24,36120,买盘
5,09:31:10,15.11,0.06,3,4533,买盘
6,09:31:13,15.0,-0.11,96,144461,卖盘
7,09:31:15,15.0,0.0,6,9000,买盘
8,09:31:49,15.01,0.01,2,3002,卖盘
9,09:31:52,15.01,0.0,1,1501,卖盘
10,09:32:04,15.03,0.02,2,3006,买盘
11,09:32:06,15.01,-0.02,1,1501,中性盘
12,09:32:12,15.02,0.01,1,1502,卖盘
13,09:32:16,15.03,0.01,11,16533,中性盘
14,09:32:19,15.04,0.01,1,1504,买盘
15,09:32:28,15.06,0.02,2,3012,买盘
16,09:32:31,15.06,0.0,1,1506,买盘
17,09:32:34,15.06,0.0,1,1506,买盘
18,09:32:37,15.06,0.0,1,1506,买盘
19,09:32:40,15.06,0.0,2,3012,买盘
20,09:32:43,15.06,0.0,1,1506,买盘
21,09:32:52,15.09,0.03,1,1509,买盘
22,09:33:19,15.1,0.01,10,15100,买盘
23,09:33:21,15.12,0.02,1,1512,买盘
24,09:33:24,15.12,0.0,1,1512,买盘
25,09:33:40,15.11,-0.01,16,24182,卖盘
26,09:33:42,15.13,0.02,2,3026,买盘
27,09:33:55,15.11,-0.02,1,1511,卖盘
28,09:34:01,15.11,0.0,10,15110,卖盘
29,09:34:04,15.11,0.0,7,10577,卖盘
30,09:34:07,15.11,0.0,20,30220,卖盘
31,09:34:10,15.11,0.0,14,21154,卖盘
32,09:34:12,15.11,0.0,1,1511,卖盘
33,09:35:07,15.11,0.0,2,3022,买盘
34,09:35:22,15.1,-0.01,1,1510,买盘
35,09:35:37,15.1,0.0,1,1510,买盘
36,09:35:52,15.1,0.0,2,3020,买盘
37,09:35:55,15.06,-0.04,8,12048,卖盘
38,09:35:57,15.06,0.0,2,3012,买盘
39,09:36:04,15.1,0.04,1,1510,买盘
40,09:36:09,15.1,0.0,3,4530,买盘
41,09:36:12,15.1,0.0,2,3020,买盘
42,09:36:21,15.1,0.0,2,3020,买盘
43,09:36:34,15.1,0.0,1,1510,买盘
44,09:36:49,15.1,0.0,1,1510,买盘
45,09:37:04,15.1,0.0,2,3020,买盘
46,09:37:07,15.1,0.0,2,3020,买盘
47,09:37:10,15.11,0.01,4,6044,买盘
48,09:37:22,15.11,0.0,6,9066,买盘
49,09:37:34,15.12,0.01,2,3024,买盘
50,09:37:37,15.12,0.0,1,1512,买盘
51,09:37:40,15.12,0.0,4,6048,卖盘
52,09:37:49,15.12,0.0,4,6049,卖盘
53,09:37:52,15.12,0.0,1,1512,卖盘
54,09:38:04,15.13,0.01,6,9074,买盘
55,09:38:07,15.12,-0.01,1,1512,卖盘
56,09:38:13,15.13,0.01,4,6050,买盘
57,09:38:19,15.12,-0.01,7,10584,卖盘
58,09:38:22,15.12,0.0,5,7561,卖盘
59,09:38:28,15.11,-0.01,6,9066,卖盘
60,09:38:31,15.11,0.0,5,7555,卖盘
61,09:38:34,15.11,0.0,1,1511,买盘
62,09:38:40,15.11,0.0,1,1511,买盘
63,09:38:43,15.11,0.0,2,3022,买盘
64,09:38:49,15.12,0.01,2,3021,买盘
65,09:38:55,15.07,-0.05,1,1507,卖盘
66,09:39:01,15.07,0.0,1,1507,买盘
67,09:39:04,15.07,0.0,2,3014,卖盘
68,09:39:07,15.07,0.0,2,3018,卖盘
69,09:39:19,15.11,0.04,3,4529,买盘
70,09:39:28,15.07,-0.04,2,3014,卖盘
71,09:39:34,15.11,0.04,1,1511,买盘
72,09:39:52,15.11,0.0,1,1511,买盘
73,09:40:07,15.11,0.0,1,1511,买盘
74,09:40:10,15.11,0.0,1,1511,卖盘
75,09:40:22,15.12,0.01,1,1512,买盘
76,09:40:34,15.12,0.0,2,3024,买盘
77,09:40:52,15.12,0.0,1,1512,买盘
78,09:41:07,15.12,0.0,2,3024,买盘
79,09:41:12,15.12,0.0,1,1512,买盘
80,09:41:22,15.12,0.0,2,3024,买盘
81,09:41:37,15.11,-0.01,1,1511,买盘
82,09:41:39,15.1,-0.01,1,1510,卖盘
83,09:41:52,15.12,0.02,2,3024,买盘
84,09:42:04,15.12,0.0,1,1512,买盘
85,09:42:19,15.12,0.0,2,3024,买盘
86,09:42:31,15.1,-0.02,3,4530,卖盘
87,09:42:34,15.1,0.0,1,1510,卖盘
88,09:42:36,15.1,0.0,5,7552,卖盘
89,09:42:40,15.1,0.0,1,1510,卖盘
90,09:42:43,15.1,0.0,4,6040,卖盘
91,09:42:46,15.1,0.0,2,3020,卖盘
92,09:42:49,15.12,0.02,2,3022,买盘
93,09:42:52,15.1,-0.02,3,4530,卖盘
94,09:42:55,15.1,0.0,2,3020,卖盘
95,09:42:58,15.1,0.0,1,1510,卖盘
96,09:43:01,15.08,-0.02,1,1508,卖盘
97,09:43:06,15.1,0.02,2,3018,买盘
98,09:43:19,15.1,0.0,1,1510,买盘
99,09:43:22,15.1,0.0,1,1510,买盘
100,09:43:25,15.1,0.0,10,15100,买盘
101,09:43:28,15.1,0.0,1,1510,买盘
102,09:43:34,15.12,0.02,2,3024,买盘
103,09:43:52,15.12,0.0,1,1512,买盘
104,09:44:01,15.14,0.02,62,93802,买盘
105,09:44:04,15.14,0.0,1,1514,买盘
106,09:44:07,15.15,0.01,1,1515,买盘
107,09:44:10,15.15,0.0,1,1515,买盘
108,09:44:22,15.15,0.0,2,3030,买盘
109,09:44:25,15.15,0.0,40,60600,买盘
110,09:44:34,15.15,0.0,11,16665,买盘
111,09:44:49,15.15,0.0,2,3030,买盘
112,09:44:54,15.15,0.0,8,12120,买盘
113,09:45:04,15.15,0.0,1,1515,买盘
114,09:45:15,15.15,0.0,6,9090,卖盘
115,09:45:22,15.16,0.01,2,3032,买盘
116,09:45:25,15.15,-0.01,15,22725,卖盘
117,09:45:37,15.15,0.0,2,3030,买盘
118,09:45:46,15.14,-0.01,5,7570,卖盘
119,09:45:51,15.15,0.01,1,1515,买盘
120,09:46:07,15.15,0.0,2,3030,买盘
121,09:46:13,15.16,0.01,13,19708,买盘
122,09:46:22,15.15,-0.01,1,1515,买盘
123,09:46:31,15.15,0.0,1,1515,买盘
124,09:46:37,15.15,0.0,1,1515,买盘
125,09:46:51,15.15,0.0,2,3030,买盘
126,09:47:06,15.15,0.0,1,1515,买盘
127,09:47:19,15.14,-0.01,2,3028,卖盘
128,09:47:21,15.15,0.01,2,3030,买盘
129,09:47:28,15.15,0.0,5,7575,买盘
130,09:47:37,15.16,0.01,1,1516,买盘
131,09:47:52,15.16,0.0,2,3032,买盘
132,09:48:06,15.16,0.0,1,1516,买盘
133,09:48:22,15.16,0.0,1,1516,买盘
134,09:48:37,15.16,0.0,5,7580,买盘
135,09:48:46,15.16,0.0,1,1516,买盘
136,09:48:52,15.16,0.0,1,1516,买盘
137,09:48:55,15.16,0.0,5,7580,买盘
138,09:49:01,15.15,-0.01,2,3030,卖盘
139,09:49:07,15.15,0.0,16,24242,卖盘
140,09:49:19,15.15,0.0,3,4545,卖盘
141,09:49:21,15.15,0.0,12,18181,卖盘
142,09:49:25,15.13,-0.02,3,4539,卖盘
143,09:49:31,15.11,-0.02,5,7555,卖盘
144,09:49:34,15.11,0.0,3,4533,卖盘
145,09:49:37,15.12,0.01,1,1512,买盘
146,09:49:52,15.13,0.01,1,1513,买盘
147,09:50:04,15.15,0.02,4,6060,买盘
148,09:50:07,15.13,-0.02,3,4539,卖盘
149,09:50:22,15.13,0.0,2,3026,买盘
150,09:50:37,15.13,0.0,1,1513,中性盘
151,09:50:52,15.15,0.02,1,1515,买盘
152,09:51:06,15.15,0.0,4,6060,买盘
153,09:51:16,15.15,0.0,5,7575,买盘
154,09:51:22,15.15,0.0,1,1515,买盘
155,09:51:36,15.15,0.0,2,3030,买盘
156,09:51:43,15.15,0.0,6,9090,买盘
157,09:51:51,15.16,0.01,1,1516,买盘
158,09:52:07,15.16,0.0,1,1516,买盘
159,09:52:13,15.14,-0.02,3,4542,卖盘
160,09:52:19,15.14,0.0,9,13626,买盘
161,09:52:37,15.17,0.03,1,1517,买盘
162,09:52:52,15.17,0.0,2,3034,买盘
163,09:53:07,15.16,-0.01,1,1516,买盘
164,09:53:10,15.16,0.0,15,22740,买盘
165,09:53:18,15.16,0.0,4,6064,买盘
166,09:53:22,15.2,0.04,100,151806,买盘
167,09:53:25,15.18,-0.02,1,1518,买盘
168,09:53:34,15.2,0.02,1,1520,买盘
169,09:53:37,15.2,0.0,1,1520,买盘
170,09:53:52,15.2,0.0,9,13680,买盘
171,09:53:58,15.2,0.0,2,3040,买盘
172,09:54:07,15.2,0.0,2,3040,买盘
173,09:54:15,15.2,0.0,5,7600,买盘
174,09:54:22,15.2,0.0,1,1520,中性盘
175,09:54:37,15.2,0.0,2,3040,买盘
176,09:54:52,15.2,0.0,1,1520,买盘
177,09:55:06,15.2,0.0,1,1520,买盘
178,09:55:22,15.2,0.0,2,3040,买盘
179,09:55:30,15.2,0.0,70,106400,买盘
180,09:55:37,15.2,0.0,6,9115,买盘
181,09:55:48,15.19,-0.01,2,3038,卖盘
182,09:55:52,15.2,0.01,2,3040,买盘
183,09:56:06,15.2,0.0,1,1520,买盘
184,09:56:22,15.2,0.0,1,1520,买盘
185,09:56:34,15.2,0.0,15,22800,买盘
186,09:56:36,15.2,0.0,22,33440,买盘
187,09:56:40,15.2,0.0,1,1520,买盘
188,09:56:49,15.19,-0.01,3,4557,卖盘
189,09:56:51,15.19,0.0,4,6078,卖盘
190,09:56:54,15.19,0.0,7,10643,卖盘
191,09:56:58,15.19,0.0,2,3038,卖盘
192,09:57:01,15.19,0.0,3,4557,卖盘
193,09:57:04,15.19,0.0,1,1519,卖盘
194,09:57:07,15.19,0.0,2,3038,买盘
195,09:57:22,15.21,0.02,1,1521,买盘
196,09:57:25,15.21,0.0,5,7602,买盘
197,09:57:36,15.21,0.0,2,3042,买盘
198,09:57:49,15.16,-0.05,4,6064,卖盘
199,09:57:52,15.16,0.0,4,6064,卖盘
200,09:57:55,15.16,0.0,3,4548,卖盘
201,09:57:58,15.16,0.0,2,3032,卖盘
202,09:58:01,15.16,0.0,2,3032,卖盘
203,09:58:04,15.16,0.0,3,4548,卖盘
204,09:58:07,15.16,0.0,3,4548,卖盘
205,09:58:10,15.16,0.0,3,4548,卖盘
206,09:58:16,15.17,0.01,1,1517,卖盘
207,09:58:43,15.19,0.02,1,1519,买盘
208,09:58:58,15.2,0.01,2,3040,买盘
209,09:59:01,15.2,0.0,2,3040,买盘
210,09:59:04,15.21,0.01,2,3041,买盘
211,09:59:46,15.2,-0.01,1,1520,卖盘
212,09:59:54,15.19,-0.01,5,7599,卖盘
213,09:59:57,15.19,0.0,1,1519,卖盘
214,10:00:12,15.2,0.01,1,1520,买盘
215,10:00:16,15.19,-0.01,2,3038,卖盘
216,10:00:22,15.18,-0.01,3,4554,卖盘
217,10:00:25,15.19,0.01,3,4555,买盘
218,10:00:34,15.19,0.0,1,1519,买盘
219,10:00:36,15.19,0.0,1,1519,买盘
220,10:00:39,15.19,0.0,1,1519,买盘
221,10:00:42,15.19,0.0,1,1519,买盘
222,10:00:46,15.2,0.01,2,3040,买盘
223,10:00:49,15.2,0.0,4,6080,买盘
224,10:00:55,15.2,0.0,1,1520,买盘
225,10:00:57,15.2,0.0,3,4560,买盘
226,10:01:01,15.21,0.01,8,12163,买盘
227,10:01:04,15.21,0.0,9,13689,买盘
228,10:01:07,15.21,0.0,15,22815,买盘
229,10:01:10,15.21,0.0,10,15210,买盘
230,10:01:12,15.21,0.0,10,15210,买盘
231,10:01:16,15.21,0.0,32,48672,买盘
232,10:01:19,15.21,0.0,9,13689,买盘
233,10:01:22,15.21,0.0,1,1521,买盘
234,10:01:25,15.21,0.0,2,3042,买盘
235,10:01:27,15.21,0.0,1,1521,买盘
236,10:01:31,15.21,0.0,1,1521,买盘
237,10:01:34,15.21,0.0,1,1521,买盘
238,10:01:36,15.21,0.0,1,1521,买盘
239,10:01:40,15.21,0.0,1,1521,买盘
240,10:01:43,15.21,0.0,3,4563,买盘
241,10:01:45,15.21,0.0,1,1521,买盘
242,10:01:55,15.24,0.03,1,1524,买盘
243,10:02:09,15.24,0.0,2,3048,买盘
244,10:02:22,15.21,-0.03,6,9141,卖盘
245,10:02:25,15.21,0.0,1,1521,买盘
246,10:02:40,15.23,0.02,2,3046,买盘
247,10:02:54,15.23,0.0,1,1523,买盘
248,10:03:07,15.23,0.0,1,1523,买盘
249,10:03:10,15.23,0.0,1,1523,买盘
250,10:03:52,15.2,-0.03,2,3040,卖盘
251,10:03:55,15.2,0.0,2,3040,卖盘
252,10:03:57,15.2,0.0,2,3040,卖盘
253,10:04:01,15.2,0.0,1,1520,卖盘
254,10:04:04,15.2,0.0,2,3040,卖盘
255,10:04:07,15.2,0.0,11,16720,卖盘
256,10:04:10,15.2,0.0,1,1520,卖盘
257,10:04:13,15.2,0.0,6,9128,卖盘
258,10:04:16,15.2,0.0,2,3040,卖盘
259,10:04:19,15.2,0.0,1,1520,卖盘
260,10:04:22,15.2,0.0,4,6080,卖盘
261,10:04:25,15.19,-0.01,2,3038,卖盘
262,10:04:28,15.19,0.0,2,3038,卖盘
263,10:04:30,15.19,0.0,1,1519,卖盘
264,10:04:34,15.19,0.0,2,3038,卖盘
265,10:05:04,15.21,0.02,1,1521,买盘
266,10:05:19,15.21,0.0,1,1521,买盘
267,10:05:22,15.21,0.0,2,3042,买盘
268,10:05:34,15.22,0.01,1,1522,买盘
269,10:05:49,15.22,0.0,1,1522,买盘
270,10:05:55,15.22,0.0,6,9132,卖盘
271,10:05:58,15.22,0.0,5,7610,买盘
272,10:06:04,15.22,0.0,5,7610,买盘
273,10:06:07,15.22,0.0,1,1522,买盘
274,10:06:19,15.21,-0.01,3,4564,卖盘
275,10:06:30,15.22,0.01,1,1522,买盘
276,10:06:34,15.22,0.0,2,3044,买盘
277,10:06:46,15.22,0.0,2,3044,买盘
278,10:06:52,15.23,0.01,1,1523,买盘
279,10:06:54,15.23,0.0,29,44167,买盘
280,10:07:04,15.24,0.01,5,7619,买盘
281,10:07:07,15.24,0.0,2,3048,买盘
282,10:07:10,15.25,0.01,44,67057,买盘
283,10:07:15,15.25,0.0,2,3050,买盘
284,10:07:19,15.25,0.0,3,4575,买盘
285,10:07:25,15.24,-0.01,2,3048,卖盘
286,10:07:34,15.25,0.01,2,3050,买盘
287,10:07:40,15.25,0.0,1,1525,买盘
288,10:07:42,15.25,0.0,3,4575,买盘
289,10:07:49,15.25,0.0,1,1525,买盘
290,10:07:52,15.24,-0.01,1,1524,卖盘
291,10:08:04,15.25,0.01,1,1525,买盘
292,10:08:22,15.25,0.0,2,3050,买盘
293,10:08:25,15.25,0.0,3,4575,买盘
294,10:08:28,15.25,0.0,3,4575,买盘
295,10:08:37,15.25,0.0,1,1525,买盘
296,10:08:49,15.25,0.0,5,7625,买盘
297,10:08:51,15.25,0.0,2,3050,买盘
298,10:09:01,15.22,-0.03,1,1522,卖盘
299,10:09:04,15.25,0.03,5,7625,买盘
300,10:09:19,15.23,-0.02,2,3046,卖盘
301,10:09:34,15.23,0.0,2,3046,买盘
302,10:09:37,15.23,0.0,5,7615,买盘
303,10:09:46,15.21,-0.02,8,12178,卖盘
304,10:09:49,15.25,0.04,3,4567,买盘
305,10:09:52,15.21,-0.04,2,3042,卖盘
306,10:09:54,15.21,0.0,13,19773,卖盘
307,10:09:58,15.21,0.0,5,7605,卖盘
308,10:10:01,15.21,0.0,2,3042,卖盘
309,10:10:04,15.25,0.04,4,6092,买盘
310,10:10:07,15.21,-0.04,2,3042,卖盘
311,10:10:19,15.2,-0.01,1,1520,买盘
312,10:10:22,15.2,0.0,2,3040,买盘
313,10:10:25,15.2,0.0,3,4560,卖盘
314,10:10:33,15.21,0.01,1,1521,买盘
315,10:10:40,15.21,0.0,1,1521,卖盘
316,10:10:43,15.21,0.0,1,1521,卖盘
317,10:10:49,15.25,0.04,2,3050,买盘
318,10:10:52,15.26,0.01,170,259350,买盘
319,10:11:04,15.26,0.0,1,1526,买盘
320,10:11:22,15.26,0.0,7,10682,买盘
321,10:11:37,15.26,0.0,1,1526,买盘
322,10:11:49,15.26,0.0,4,6104,买盘
323,10:12:07,15.26,0.0,2,3052,买盘
324,10:12:22,15.26,0.0,1,1526,买盘
325,10:12:25,15.22,-0.04,2,3044,卖盘
326,10:12:28,15.21,-0.01,4,6084,卖盘
327,10:12:37,15.23,0.02,1,1523,买盘
328,10:12:40,15.23,0.0,1,1523,卖盘
329,10:12:43,15.21,-0.02,1,1521,卖盘
330,10:12:45,15.22,0.01,1,1522,卖盘
331,10:12:49,15.21,-0.01,1,1521,卖盘
332,10:13:04,15.21,0.0,1,1521,买盘
333,10:13:06,15.17,-0.04,2,3038,卖盘
334,10:13:10,15.21,0.04,1,1521,卖盘
335,10:13:19,15.24,0.03,1,1524,买盘
336,10:13:34,15.26,0.02,1,1526,买盘
337,10:13:49,15.24,-0.02,5,7620,卖盘
338,10:13:52,15.24,0.0,2,3048,买盘
339,10:13:58,15.16,-0.08,3,4548,卖盘
340,10:14:06,15.24,0.08,1,1524,买盘
341,10:14:22,15.26,0.02,2,3052,买盘
342,10:14:34,15.25,-0.01,1,1525,买盘
343,10:14:49,15.24,-0.01,1,1524,中性盘
344,10:14:58,15.24,0.0,5,7620,买盘
345,10:15:07,15.24,0.0,2,3048,买盘
346,10:15:22,15.25,0.01,1,1525,买盘
347,10:15:28,15.16,-0.09,4,6066,卖盘
348,10:15:36,15.25,0.09,2,3050,买盘
349,10:15:49,15.24,-0.01,291,440627,买盘
350,10:15:54,15.23,-0.01,1,1523,买盘
351,10:16:07,15.23,0.0,1,1523,买盘
352,10:16:22,15.23,0.0,2,3046,买盘
353,10:16:36,15.23,0.0,1,1523,买盘
354,10:16:52,15.23,0.0,2,3046,买盘
355,10:16:55,15.23,0.0,5,7615,买盘
356,10:16:58,15.16,-0.07,3,4548,卖盘
357,10:17:04,15.2,0.04,2,3037,买盘
358,10:17:06,15.2,0.0,1,1520,买盘
359,10:17:19,15.2,0.0,1,1520,买盘
360,10:17:37,15.22,0.02,1,1522,买盘
361,10:17:49,15.22,0.0,1,1522,买盘
362,10:17:54,15.22,0.0,2,4414,买盘
363,10:17:58,15.22,0.0,2,1674,卖盘
364,10:18:06,15.22,0.0,3,4566,买盘
365,10:18:22,15.22,0.0,1,1522,买盘
366,10:18:27,15.2,-0.02,4,6080,卖盘
367,10:18:34,15.22,0.02,6,9132,买盘
368,10:18:51,15.22,0.0,1,1522,买盘
369,10:18:54,15.22,0.0,6,9132,买盘
370,10:19:00,15.21,-0.01,1,1521,卖盘
371,10:19:07,15.2,-0.01,1,1520,买盘
372,10:19:22,15.2,0.0,2,3040,买盘
373,10:19:37,15.2,0.0,1,1520,买盘
374,10:19:52,15.2,0.0,2,3040,买盘
375,10:19:55,15.16,-0.04,2,3032,卖盘
376,10:19:58,15.16,0.0,4,6064,卖盘
377,10:20:07,15.17,0.01,6,9105,卖盘
378,10:20:10,15.17,0.0,1,1517,卖盘
379,10:20:22,15.2,0.03,1,1520,买盘
380,10:20:28,15.2,0.0,5,7600,买盘
381,10:20:37,15.2,0.0,2,3040,买盘
382,10:20:51,15.2,0.0,1,1520,买盘
383,10:21:04,15.2,0.0,2,3040,买盘
384,10:21:21,15.2,0.0,1,1520,买盘
385,10:21:31,15.18,-0.02,4,6072,卖盘
386,10:21:33,15.15,-0.03,56,85003,卖盘
387,10:21:37,15.19,0.04,2,3037,中性盘
388,10:21:51,15.2,0.01,2,3040,买盘
389,10:22:07,15.2,0.0,1,1520,买盘
390,10:22:12,15.2,0.0,5,7600,买盘
391,10:22:21,15.2,0.0,2,3040,买盘
392,10:22:34,15.2,0.0,10,15200,买盘
393,10:22:36,15.2,0.0,11,16720,卖盘
394,10:22:52,15.2,0.0,2,3039,买盘
395,10:22:57,15.15,-0.05,3,4545,卖盘
396,10:23:04,15.15,0.0,1,1515,卖盘
397,10:23:07,15.2,0.05,1,1520,买盘
398,10:23:10,15.15,-0.05,10,15045,卖盘
399,10:23:28,15.14,-0.01,2,2923,买盘
400,10:23:37,15.14,0.0,2,3028,买盘
401,10:23:52,15.14,0.0,1,1514,买盘
402,10:24:07,15.2,0.06,2,3040,买盘
403,10:24:16,15.06,-0.14,100,150919,卖盘
404,10:24:18,15.07,0.01,5,7640,卖盘
405,10:24:28,15.08,0.01,4,6033,卖盘
406,10:24:37,15.1,0.02,1,1510,买盘
407,10:24:40,15.1,0.0,21,31710,买盘
408,10:24:52,15.17,0.07,2,3034,买盘
409,10:25:07,15.17,0.0,1,1517,买盘
410,10:25:22,15.16,-0.01,2,3032,买盘
411,10:25:36,15.16,0.0,1,1516,买盘
412,10:25:52,15.16,0.0,6,9096,买盘
413,10:26:00,15.13,-0.03,3,4539,卖盘
414,10:26:06,15.16,0.03,2,3032,买盘
415,10:26:22,15.16,0.0,1,1516,买盘
416,10:26:36,15.16,0.0,2,3032,买盘
417,10:26:52,15.16,0.0,1,1516,买盘
418,10:27:07,15.16,0.0,1,1516,买盘
419,10:27:21,15.16,0.0,2,3032,买盘
420,10:27:30,15.13,-0.03,9,13633,卖盘
421,10:27:37,15.16,0.03,1,1516,买盘
422,10:27:52,15.16,0.0,2,3032,买盘
423,10:28:07,15.16,0.0,1,1516,买盘
424,10:28:15,15.15,-0.01,1,1515,卖盘
425,10:28:18,15.16,0.01,1,1516,买盘
426,10:28:22,15.16,0.0,2,3032,买盘
427,10:28:37,15.17,0.01,1,1517,买盘
428,10:28:51,15.17,0.0,1,1517,中性盘
429,10:29:01,15.15,-0.02,3,4545,卖盘
430,10:29:06,15.17,0.02,2,3034,买盘
431,10:29:22,15.19,0.02,1,1519,买盘
432,10:29:25,15.19,0.0,5,7595,买盘
433,10:29:36,15.19,0.0,2,3038,买盘
434,10:29:45,15.16,-0.03,1,1516,卖盘
435,10:29:48,15.16,0.0,1,1516,卖盘
436,10:29:51,15.16,0.0,2,3035,卖盘
437,10:30:06,15.19,0.03,1,1519,买盘
438,10:30:21,15.19,0.0,1,1519,买盘
439,10:30:31,15.13,-0.06,4,6061,卖盘
440,10:30:39,15.17,0.04,1,1517,买盘
441,10:31:04,15.17,0.0,2,3034,卖盘
442,10:31:19,15.17,0.0,5,7585,买盘
443,10:31:42,15.18,0.01,1,1518,买盘
444,10:31:46,15.14,-0.04,1,1514,卖盘
445,10:32:01,15.13,-0.01,4,6052,卖盘
446,10:33:04,15.17,0.04,3,4551,买盘
447,10:33:07,15.17,0.0,1,1517,卖盘
448,10:33:27,15.17,0.0,2,3035,卖盘
449,10:33:31,15.14,-0.03,3,4545,卖盘
450,10:33:34,15.14,0.0,1,1514,买盘
451,10:34:45,15.17,0.03,5,7585,买盘
452,10:35:04,15.14,-0.03,4,6056,卖盘
453,10:36:31,15.15,0.01,3,4545,卖盘
454,10:36:36,15.13,-0.02,1,1513,卖盘
455,10:36:39,15.17,0.04,2,3034,买盘
456,10:36:51,15.18,0.01,1,1518,买盘
457,10:37:15,15.17,-0.01,1,1517,卖盘
458,10:37:18,15.17,0.0,1,1517,卖盘
459,10:37:21,15.17,0.0,1,1517,卖盘
460,10:37:36,15.18,0.01,4,6068,买盘
461,10:37:43,15.13,-0.05,1,1513,卖盘
462,10:38:43,15.18,0.05,1,1518,买盘
463,10:38:49,15.18,0.0,1,1518,卖盘
464,10:39:04,15.18,0.0,1,1518,卖盘
465,10:39:07,15.2,0.02,5,7596,买盘
466,10:39:34,15.18,-0.02,2,3036,卖盘
467,10:39:39,15.15,-0.03,3,4545,卖盘
468,10:39:51,15.14,-0.01,1,1514,卖盘
469,10:40:01,15.13,-0.01,1,1513,卖盘
470,10:40:04,15.13,0.0,1,1513,卖盘
471,10:40:13,15.13,0.0,1,1513,卖盘
472,10:40:18,15.17,0.04,1,1517,买盘
473,10:40:25,15.17,0.0,5,7585,买盘
474,10:40:37,15.17,0.0,3,4551,买盘
475,10:40:52,15.13,-0.04,5,7565,卖盘
476,10:40:58,15.13,0.0,1,1513,卖盘
477,10:41:25,15.17,0.04,1,1517,买盘
478,10:41:28,15.17,0.0,4,6068,买盘
479,10:41:37,15.17,0.0,1,1517,买盘
480,10:41:49,15.15,-0.02,2,3032,卖盘
481,10:42:01,15.17,0.02,5,7585,买盘
482,10:42:04,15.15,-0.02,1,1515,卖盘
483,10:42:07,15.18,0.03,37,56147,买盘
484,10:42:09,15.17,-0.01,2,3034,卖盘
485,10:42:52,15.17,0.0,4,6068,卖盘
486,10:43:03,15.17,0.0,1,1517,卖盘
487,10:43:10,15.17,0.0,1,1517,卖盘
488,10:43:36,15.18,0.01,4,6072,买盘
489,10:44:00,15.18,0.0,5,7590,买盘
490,10:44:12,15.17,-0.01,1,1517,卖盘
491,10:44:18,15.17,0.0,1,1517,卖盘
492,10:44:51,15.13,-0.04,5,7566,卖盘
493,10:45:07,15.14,0.01,1,1514,买盘
494,10:45:16,15.17,0.03,1,1517,买盘
495,10:45:18,15.14,-0.03,1,1514,卖盘
496,10:45:34,15.17,0.03,1,1471,卖盘
497,10:45:37,15.17,0.0,1,1517,卖盘
498,10:45:40,15.17,0.0,1,1517,卖盘
499,10:45:43,15.17,0.0,1,1517,卖盘
500,10:45:45,15.17,0.0,1,1517,卖盘
501,10:46:24,15.15,-0.02,1,1515,卖盘
502,10:46:36,15.17,0.02,4,6022,买盘
503,10:46:43,15.18,0.01,1,1518,买盘
504,10:46:52,15.15,-0.03,5,7577,卖盘
505,10:47:04,15.15,0.0,1,1515,卖盘
506,10:47:21,15.17,0.02,3,4551,买盘
507,10:48:07,15.18,0.01,3,4554,买盘
508,10:48:52,15.15,-0.03,3,4596,卖盘
509,10:48:55,15.15,0.0,2,3030,买盘
510,10:49:01,15.14,-0.01,2,3028,卖盘
511,10:49:09,15.15,0.01,1,1470,卖盘
512,10:49:36,15.18,0.03,4,6072,买盘
513,10:50:51,15.15,-0.03,4,6061,卖盘
514,10:51:01,15.17,0.02,1,1517,买盘
515,10:51:04,15.17,0.0,3,4551,卖盘
516,10:51:06,15.17,0.0,5,7589,卖盘
517,10:51:42,15.15,0.0,1,1515,买盘
518,10:51:55,15.15,0.0,3,4500,买盘
519,10:52:04,15.15,0.0,1,1515,卖盘
520,10:52:37,15.18,0.03,3,4554,买盘
521,10:52:45,15.16,-0.02,1,1516,卖盘
522,10:52:51,15.18,0.02,10,15165,买盘
523,10:52:54,15.15,-0.03,4,6060,卖盘
524,10:53:01,15.15,0.0,1,1515,卖盘
525,10:53:58,15.18,0.03,2,3036,买盘
526,10:54:04,15.16,-0.02,1,1516,卖盘
527,10:54:07,15.18,0.02,1,1518,买盘
528,10:54:36,15.19,0.01,1,1519,卖盘
529,10:54:43,15.18,-0.01,6,9113,卖盘
530,10:54:51,15.18,0.0,5,7590,卖盘
531,10:54:55,15.18,0.0,1,1518,卖盘
532,10:55:04,15.18,0.0,1,1518,卖盘
533,10:55:07,15.18,0.0,1,1518,买盘
534,10:55:12,15.15,-0.03,1,1515,卖盘
535,10:55:21,15.18,0.03,2,3036,买盘
536,10:55:30,15.15,-0.03,1,1515,卖盘
537,10:55:36,15.19,0.04,2,3038,买盘
538,10:55:39,15.19,0.0,1,1519,卖盘
539,10:55:51,15.19,0.0,4,6078,卖盘
540,10:56:03,15.15,-0.04,1,1515,卖盘
541,10:56:07,15.19,0.04,1,1519,买盘
542,10:56:12,15.15,-0.04,1,1515,卖盘
543,10:56:21,15.19,0.04,1,1519,买盘
544,10:56:36,15.2,0.01,2,3040,买盘
545,10:56:40,15.16,-0.04,1,1516,卖盘
546,10:56:43,15.15,-0.01,1,1515,卖盘
547,10:56:45,15.15,0.0,6,9111,卖盘
548,10:56:49,15.16,0.01,1,1516,卖盘
549,10:56:52,15.15,-0.01,7,10610,卖盘
550,10:57:01,15.15,0.0,3,4545,卖盘
551,10:57:06,15.2,0.05,5,7600,买盘
552,10:57:12,15.15,-0.05,2,3030,卖盘
553,10:57:21,15.2,0.05,1,1520,买盘
554,10:57:24,15.15,-0.05,1,1515,卖盘
555,10:57:36,15.2,0.05,2,3040,买盘
556,10:57:48,15.15,-0.05,1,1515,卖盘
557,10:57:51,15.2,0.05,1,1520,买盘
558,10:58:07,15.2,0.0,1,1520,买盘
559,10:58:18,15.2,0.0,5,7600,买盘
560,10:58:21,15.2,0.0,2,3040,买盘
561,10:58:24,15.2,0.0,10,15200,买盘
562,10:58:36,15.2,0.0,5,7600,买盘
563,10:58:51,15.16,-0.04,7,10620,卖盘
564,10:59:06,15.2,0.04,1,1520,买盘
565,10:59:21,15.2,0.0,1,1520,买盘
566,10:59:36,15.2,0.0,2,3040,买盘
567,10:59:52,15.22,0.02,1,1522,买盘
568,10:59:57,15.14,-0.08,3,4543,卖盘
569,11:00:04,15.22,0.08,5,7610,买盘
570,11:00:07,15.22,0.0,5,7610,买盘
571,11:00:10,15.14,-0.08,1,1514,卖盘
572,11:00:12,15.22,0.08,1,1522,买盘
573,11:00:21,15.22,0.0,1,1522,买盘
574,11:00:36,15.22,0.0,1,1522,买盘
575,11:00:51,15.14,-0.08,7,10615,卖盘
576,11:01:06,15.22,0.08,1,1522,买盘
577,11:01:24,15.2,-0.02,2,3040,买盘
578,11:01:36,15.2,0.0,2,3040,买盘
579,11:01:39,15.2,0.0,1,1520,卖盘
580,11:01:42,15.22,0.02,2,3044,买盘
581,11:01:45,15.2,-0.02,2,3040,卖盘
582,11:01:48,15.22,0.02,6,9130,买盘
583,11:01:51,15.2,-0.02,2,3040,卖盘
584,11:01:54,15.22,0.02,1,1522,买盘
585,11:02:06,15.22,0.0,2,3044,买盘
586,11:02:21,15.22,0.0,1,1522,买盘
587,11:02:36,15.22,0.0,2,3044,买盘
588,11:02:52,15.17,-0.05,6,9106,卖盘
589,11:03:06,15.2,0.03,6,9120,买盘
590,11:03:22,15.2,0.0,1,1520,买盘
591,11:03:36,15.2,0.0,1,1520,买盘
592,11:03:42,15.2,0.0,4,6080,买盘
593,11:03:51,15.2,0.0,2,3040,买盘
594,11:04:06,15.2,0.0,1,1520,买盘
595,11:04:21,15.2,0.0,2,3040,买盘
596,11:04:36,15.2,0.0,4,6080,买盘
597,11:04:52,15.2,0.0,5,7592,买盘
598,11:04:55,15.18,-0.02,1,1518,卖盘
599,11:04:58,15.18,0.0,1,1518,卖盘
600,11:05:01,15.18,0.0,1,1518,卖盘
601,11:05:09,15.2,0.02,2,3040,买盘
602,11:05:12,15.2,0.0,1,1520,买盘
603,11:05:19,15.2,0.0,5,7600,买盘
604,11:05:22,15.2,0.0,1,1520,买盘
605,11:05:34,15.19,-0.01,8,12157,卖盘
606,11:05:36,15.2,0.01,2,3039,买盘
607,11:05:51,15.19,-0.01,1,1519,买盘
608,11:06:07,15.2,0.01,5,7600,买盘
609,11:06:22,15.2,0.0,2,3040,买盘
610,11:06:36,15.2,0.0,1,1520,买盘
611,11:06:43,15.19,-0.01,5,7595,中性盘
612,11:06:51,15.19,0.0,2,3038,买盘
613,11:06:55,15.14,-0.05,5,7579,卖盘
614,11:07:06,15.19,0.05,1,1519,买盘
615,11:07:09,15.19,0.0,5,7595,买盘
616,11:07:24,15.19,0.0,2,3038,买盘
617,11:07:36,15.19,0.0,5,7595,买盘
618,11:07:51,15.2,0.01,1,1520,买盘
619,11:08:09,15.2,0.0,2,3040,买盘
620,11:08:24,15.2,0.0,1,1520,买盘
621,11:08:39,15.2,0.0,2,3040,买盘
622,11:08:51,15.18,-0.02,6,9110,卖盘
623,11:09:00,15.2,0.02,5,7600,买盘
624,11:09:07,15.2,0.0,4,6080,买盘
625,11:09:10,15.17,-0.03,1,1517,卖盘
626,11:09:22,15.2,0.03,2,3040,买盘
627,11:09:36,15.2,0.0,1,1520,买盘
628,11:09:51,15.2,0.0,2,3040,买盘
629,11:09:57,15.2,0.0,1,1520,买盘
630,11:10:06,15.19,-0.01,1,1519,中性盘
631,11:10:21,15.19,0.0,1,1519,买盘
632,11:10:37,15.19,0.0,4,6076,买盘
633,11:10:39,15.19,0.0,2,3038,买盘
634,11:10:45,15.19,0.0,2,3038,买盘
635,11:10:51,15.2,0.01,1,1520,买盘
636,11:10:54,15.19,-0.01,4,6076,卖盘
637,11:11:09,15.2,0.01,2,3040,买盘
638,11:11:12,15.17,-0.03,1,1517,卖盘
639,11:11:24,15.2,0.03,1,1520,买盘
640,11:11:27,15.17,-0.03,1,1517,卖盘
641,11:11:37,15.2,0.03,1,1520,买盘
642,11:11:54,15.2,0.0,2,3040,买盘
643,11:12:00,15.17,-0.03,2,3034,卖盘
644,11:12:06,15.19,0.02,3,4557,买盘
645,11:12:09,15.19,0.0,1,1519,卖盘
646,11:12:24,15.2,0.01,2,3040,买盘
647,11:12:30,15.2,0.0,5,7600,买盘
648,11:12:37,15.2,0.0,1,1520,买盘
649,11:12:51,15.2,0.0,2,3040,买盘
650,11:12:54,15.15,-0.05,5,7576,卖盘
651,11:13:06,15.2,0.05,1,1520,买盘
652,11:13:21,15.2,0.0,1,1520,买盘
653,11:13:37,15.2,0.0,6,9120,买盘
654,11:13:51,15.2,0.0,1,1520,买盘
655,11:14:06,15.2,0.0,2,3040,买盘
656,11:14:21,15.2,0.0,1,1520,买盘
657,11:14:36,15.2,0.0,6,9120,买盘
658,11:14:51,15.2,0.0,2,3040,买盘
659,11:14:54,15.15,-0.05,5,7576,卖盘
660,11:15:06,15.2,0.05,5,7600,买盘
661,11:15:21,15.21,0.01,2,3042,买盘
662,11:15:33,15.2,-0.01,5,7600,卖盘
663,11:15:39,15.2,0.0,1,1520,买盘
664,11:15:45,15.2,0.0,2,3040,中性盘
665,11:15:48,15.15,-0.05,7,10605,卖盘
666,11:15:52,15.15,0.0,1,1515,买盘
667,11:15:54,15.15,0.0,2,3030,买盘
668,11:16:03,15.15,0.0,2,3030,买盘
669,11:16:09,15.2,0.05,2,3040,买盘
670,11:16:24,15.2,0.0,6,9120,买盘
671,11:16:36,15.2,0.0,3,4560,买盘
672,11:16:39,15.2,0.0,2,3040,买盘
673,11:16:51,15.2,0.0,1,1520,买盘
674,11:16:54,15.15,-0.05,5,7575,卖盘
675,11:17:06,15.2,0.05,1,1520,买盘
676,11:17:22,15.2,0.0,2,3040,买盘
677,11:17:36,15.2,0.0,1,1520,买盘
678,11:17:54,15.2,0.0,2,3040,买盘
679,11:17:57,15.2,0.0,4,6080,买盘
680,11:18:06,15.2,0.0,4,6080,买盘
681,11:18:09,15.2,0.0,1,1520,买盘
682,11:18:21,15.2,0.0,2,3040,买盘
683,11:18:30,15.2,0.0,1,1520,买盘
684,11:18:39,15.2,0.0,1,1520,买盘
685,11:18:51,15.2,0.0,1,1520,买盘
686,11:18:54,15.15,-0.05,4,6060,卖盘
687,11:19:09,15.2,0.05,2,3040,买盘
688,11:19:24,15.2,0.0,1,1520,买盘
689,11:19:36,15.2,0.0,3,4560,买盘
690,11:19:39,15.2,0.0,2,3040,买盘
691,11:19:48,15.2,0.0,1,1520,买盘
692,11:19:51,15.21,0.01,1,1521,买盘
693,11:19:54,15.2,-0.01,4,6080,卖盘
694,11:20:09,15.2,0.0,1,1520,买盘
695,11:20:54,15.15,-0.05,5,7576,卖盘
696,11:21:06,15.19,0.04,1,1519,买盘
697,11:21:10,15.19,0.0,4,6076,卖盘
698,11:21:33,15.2,0.01,5,7600,买盘
699,11:21:48,15.15,-0.05,1,1515,卖盘
700,11:21:51,15.15,0.0,1,1515,卖盘
701,11:21:54,15.15,0.0,1,1515,卖盘
702,11:22:36,15.19,0.04,4,6076,买盘
703,11:22:54,15.15,-0.04,5,7575,卖盘
704,11:23:42,15.2,0.05,1,1520,买盘
705,11:23:48,15.2,0.0,5,7600,买盘
706,11:24:06,15.2,0.0,3,4560,买盘
707,11:24:54,15.15,-0.05,5,7576,卖盘
708,11:24:57,15.15,0.0,1,1515,卖盘
709,11:25:03,15.14,-0.01,5,7570,卖盘
710,11:25:10,15.19,0.05,5,7595,买盘
711,11:25:22,15.15,-0.04,1,1515,卖盘
712,11:25:36,15.19,0.04,4,6076,买盘
713,11:26:33,15.19,0.0,4,6076,买盘
714,11:26:55,15.14,-0.05,5,7570,卖盘
715,11:27:01,15.14,0.0,16,24244,卖盘
716,11:27:07,15.14,0.0,7,10614,卖盘
717,11:28:04,15.13,-0.01,20,30261,卖盘
718,11:28:18,15.13,0.0,2,3026,卖盘
719,11:28:30,15.13,0.0,1,1513,买盘
720,11:28:36,15.13,0.0,3,4539,买盘
721,11:28:48,15.13,0.0,5,7565,买盘
722,11:28:54,15.11,-0.02,5,7555,卖盘
723,11:29:15,15.11,0.0,1,1511,卖盘
724,11:29:18,15.11,0.0,1,1511,卖盘
725,11:29:33,15.12,0.01,3,4536,卖盘
726,11:29:36,15.11,-0.01,2,3022,卖盘
727,13:00:04,15.11,0.0,40,60451,卖盘
728,13:00:10,15.18,0.07,1,1518,买盘
729,13:00:13,15.18,0.0,1,1518,卖盘
730,13:00:15,15.18,0.0,2,3036,卖盘
731,13:00:22,15.12,-0.06,1,1512,卖盘
732,13:00:31,15.12,0.0,1,1512,卖盘
733,13:00:34,15.12,0.0,5,7560,买盘
734,13:00:37,15.11,-0.01,31,46841,卖盘
735,13:00:40,15.11,0.0,2,3022,卖盘
736,13:00:57,15.11,0.0,5,7555,卖盘
737,13:01:09,15.11,0.0,5,7555,卖盘
738,13:01:12,15.12,0.01,1,1512,买盘
739,13:01:36,15.18,0.06,3,4554,买盘
740,13:02:06,15.12,-0.06,1,1512,卖盘
741,13:02:09,15.12,0.0,1,1512,卖盘
742,13:02:27,15.17,0.05,5,7585,买盘
743,13:02:57,15.12,-0.05,4,6048,卖盘
744,13:03:07,15.16,0.04,4,6064,中性盘
745,13:03:24,15.16,0.0,4,6052,买盘
746,13:04:09,15.16,0.0,4,6064,买盘
747,13:04:34,15.12,-0.04,1,1512,卖盘
748,13:04:37,15.16,0.04,54,81620,买盘
749,13:04:55,15.11,-0.05,5,7555,卖盘
750,13:05:48,15.11,0.0,12,18133,卖盘
751,13:06:07,15.16,0.05,8,12128,买盘
752,13:06:57,15.11,-0.05,5,7555,卖盘
753,13:07:15,15.16,0.05,1,1516,买盘
754,13:07:39,15.16,0.0,4,6064,买盘
755,13:07:51,15.17,0.01,5,7585,买盘
756,13:08:30,15.17,0.0,1,1517,买盘
757,13:08:57,15.12,-0.05,4,6048,卖盘
758,13:09:06,15.17,0.05,4,6068,买盘
759,13:09:18,15.1,-0.07,500,755490,卖盘
760,13:09:36,15.16,0.06,5,7580,买盘
761,13:10:39,15.11,-0.05,4,6059,卖盘
762,13:10:58,15.1,-0.01,5,7550,卖盘
763,13:11:30,15.16,0.06,5,7580,买盘
764,13:11:48,15.16,0.0,1,1516,买盘
765,13:12:06,15.15,-0.01,4,6060,中性盘
766,13:12:10,15.11,-0.04,1,1511,卖盘
767,13:12:58,15.1,-0.01,5,7551,卖盘
768,13:13:01,15.15,0.05,1,1515,买盘
769,13:13:04,15.15,0.0,5,7575,买盘
770,13:13:22,15.16,0.01,5,7580,买盘
771,13:13:36,15.16,0.0,3,4548,买盘
772,13:14:09,15.12,-0.04,1,1512,卖盘
773,13:14:12,15.11,-0.01,1,1511,卖盘
774,13:14:16,15.11,0.0,1,1511,卖盘
775,13:14:58,15.11,0.0,5,7555,卖盘
776,13:15:10,15.1,-0.01,59,89131,卖盘
777,13:15:18,15.16,0.06,5,7580,买盘
778,13:16:27,15.11,-0.05,8,12088,卖盘
779,13:16:36,15.11,0.0,4,6044,买盘
780,13:16:42,15.11,0.0,1,1511,买盘
781,13:16:48,15.11,0.0,1,1511,买盘
782,13:16:57,15.1,-0.01,4,6040,卖盘
783,13:17:00,15.11,0.01,5,7555,买盘
784,13:17:15,15.11,0.0,5,7555,买盘
785,13:18:07,15.11,0.0,3,4533,买盘
786,13:18:46,15.11,0.0,4,6044,买盘
787,13:18:57,15.09,-0.02,5,7546,卖盘
788,13:19:21,15.09,0.0,16,24144,卖盘
789,13:19:36,15.09,0.0,4,6036,买盘
790,13:20:24,15.09,0.0,5,7545,买盘
791,13:20:57,15.08,-0.01,5,7540,卖盘
792,13:21:00,15.09,0.01,5,7545,买盘
793,13:21:06,15.15,0.06,4,6060,买盘
794,13:21:45,15.16,0.01,1,1516,买盘
795,13:21:51,15.09,-0.07,1,1509,卖盘
796,13:22:18,15.09,0.0,5,7545,买盘
797,13:22:21,15.09,0.0,1,1509,买盘
798,13:22:24,15.08,-0.01,1,1508,卖盘
799,13:22:27,15.08,0.0,1,1508,卖盘
800,13:22:36,15.09,0.01,3,4527,买盘
801,13:22:49,15.08,-0.01,8,12064,卖盘
802,13:22:58,15.07,-0.01,4,6028,卖盘
803,13:23:21,15.07,0.0,5,7535,卖盘
804,13:24:09,15.07,0.0,68,102485,卖盘
805,13:24:24,15.07,0.0,20,30140,卖盘
806,13:24:27,15.07,0.0,12,18084,卖盘
807,13:24:45,15.08,0.01,1,1508,买盘
808,13:24:58,15.07,-0.01,5,7535,卖盘
809,13:25:04,15.08,0.01,2,3016,买盘
810,13:25:16,15.08,0.0,1,1508,买盘
811,13:25:19,15.08,0.0,1,1508,买盘
812,13:25:30,15.08,0.0,2,3016,买盘
813,13:25:36,15.08,0.0,3,4524,买盘
814,13:25:45,15.08,0.0,1,1508,买盘
815,13:25:51,15.08,0.0,5,7540,买盘
816,13:26:01,15.08,0.0,2,3016,买盘
817,13:26:15,15.08,0.0,1,1508,买盘
818,13:26:30,15.08,0.0,2,3016,买盘
819,13:26:42,15.08,0.0,1,1508,买盘
820,13:26:48,15.08,0.0,1,1508,买盘
821,13:27:00,15.07,-0.01,7,10551,卖盘
822,13:27:06,15.07,0.0,60,90420,卖盘
823,13:27:09,15.08,0.01,9,13572,买盘
824,13:27:15,15.08,0.0,1,1508,买盘
825,13:27:31,15.08,0.0,2,3016,买盘
826,13:27:37,15.07,-0.01,24,36168,卖盘
827,13:27:39,15.07,0.0,69,103983,卖盘
828,13:27:42,15.08,0.01,19,28638,买盘
829,13:27:45,15.08,0.0,3,4522,买盘
830,13:28:00,15.08,0.0,3,4523,买盘
831,13:28:18,15.08,0.0,2,3016,买盘
832,13:28:31,15.07,-0.01,22,33156,卖盘
833,13:28:37,15.08,0.01,4,6032,买盘
834,13:28:48,15.08,0.0,1,1508,买盘
835,13:28:57,15.07,-0.01,20,30140,卖盘
836,13:29:00,15.07,0.0,5,7535,卖盘
837,13:29:04,15.08,0.01,1,1508,买盘
838,13:29:15,15.08,0.0,2,3016,买盘
839,13:29:28,15.08,0.0,5,7540,买盘
840,13:29:31,15.08,0.0,1,1508,买盘
841,13:29:46,15.08,0.0,2,3016,买盘
842,13:30:04,15.08,0.0,1,1508,买盘
843,13:30:07,15.08,0.0,24,36172,买盘
844,13:30:10,15.07,-0.01,3,4521,卖盘
845,13:30:16,15.08,0.01,2,3016,买盘
846,13:30:21,15.07,-0.01,37,55760,卖盘
847,13:30:34,15.08,0.01,1,1508,买盘
848,13:30:37,15.08,0.0,40,60320,买盘
849,13:30:40,15.07,-0.01,10,15070,卖盘
850,13:30:48,15.08,0.01,2,3016,买盘
851,13:30:54,15.07,-0.01,15,22605,卖盘
852,13:30:57,15.07,0.0,4,6028,卖盘
853,13:31:00,15.08,0.01,1,1508,买盘
854,13:31:10,15.08,0.0,5,7540,买盘
855,13:31:19,15.07,-0.01,14,21100,卖盘
856,13:31:25,15.07,0.0,20,30140,卖盘
857,13:31:34,15.08,0.01,1,1508,买盘
858,13:31:37,15.08,0.0,4,6032,买盘
859,13:31:49,15.08,0.0,2,3016,买盘
860,13:32:04,15.08,0.0,1,1508,买盘
861,13:32:19,15.08,0.0,22,33156,买盘
862,13:32:27,15.08,0.0,1,1508,买盘
863,13:32:31,15.08,0.0,1,1508,买盘
864,13:32:49,15.07,-0.01,12,18086,卖盘
865,13:32:57,15.08,0.01,9,13567,买盘
866,13:33:04,15.08,0.0,1,1508,买盘
867,13:33:06,15.08,0.0,1,1508,买盘
868,13:33:09,15.08,0.0,3,4524,买盘
869,13:33:15,15.08,0.0,1,1508,买盘
870,13:33:31,15.08,0.0,2,3016,买盘
871,13:33:33,15.07,-0.01,5,7535,卖盘
872,13:33:46,15.08,0.01,1,1508,买盘
873,13:34:01,15.08,0.0,2,3016,买盘
874,13:34:07,15.08,0.0,1,1508,买盘
875,13:34:15,15.07,-0.01,11,16578,卖盘
876,13:34:31,15.08,0.01,2,3016,买盘
877,13:34:33,15.08,0.0,1,1508,买盘
878,13:34:37,15.08,0.0,4,6032,买盘
879,13:34:46,15.08,0.0,6,9048,买盘
880,13:34:57,15.07,-0.01,10,15070,卖盘
881,13:35:00,15.08,0.01,7,10551,买盘
882,13:35:10,15.08,0.0,1,1508,买盘
883,13:35:19,15.08,0.0,1,1508,买盘
884,13:35:33,15.08,0.0,3,4524,买盘
885,13:35:49,15.08,0.0,1,1508,买盘
886,13:36:04,15.08,0.0,1,1508,买盘
887,13:36:07,15.09,0.01,4,6036,买盘
888,13:36:19,15.09,0.0,1,1509,买盘
889,13:36:24,15.09,0.0,5,7545,买盘
890,13:36:34,15.09,0.0,2,3018,买盘
891,13:36:37,15.09,0.0,5,7545,买盘
892,13:36:46,15.09,0.0,1,1509,买盘
893,13:37:00,15.09,0.0,6,9044,买盘
894,13:37:18,15.12,0.03,1,1512,买盘
895,13:37:30,15.12,0.0,1,1512,买盘
896,13:37:36,15.12,0.0,3,4536,买盘
897,13:37:45,15.12,0.0,2,3024,买盘
898,13:38:00,15.12,0.0,1,1512,买盘
899,13:38:18,15.12,0.0,2,3024,买盘
900,13:38:27,15.12,0.0,5,7560,买盘
901,13:38:34,15.12,0.0,1,1512,买盘
902,13:38:45,15.12,0.0,2,3024,买盘
903,13:39:00,15.06,-0.06,5,7531,卖盘
904,13:39:04,15.12,0.06,1,1512,买盘
905,13:39:09,15.12,0.0,4,6048,买盘
906,13:39:19,15.12,0.0,2,3024,买盘
907,13:39:33,15.12,0.0,1,1512,买盘
908,13:39:49,15.12,0.0,2,3024,买盘
909,13:40:01,15.12,0.0,1,1512,买盘
910,13:40:16,15.12,0.0,1,1512,买盘
911,13:40:19,15.12,0.0,2,3024,中性盘
912,13:40:31,15.13,0.01,5,7565,买盘
913,13:40:33,15.13,0.0,1,1513,买盘
914,13:40:37,15.13,0.0,4,6052,买盘
915,13:40:49,15.13,0.0,2,3026,买盘
916,13:41:01,15.08,-0.05,5,7541,卖盘
917,13:41:04,15.13,0.05,1,1513,买盘
918,13:41:16,15.13,0.0,1,1513,买盘
919,13:41:28,15.13,0.0,6,9078,买盘
920,13:41:33,15.15,0.02,2,3030,买盘
921,13:41:46,15.15,0.0,1,1515,买盘
922,13:41:57,15.15,0.0,5,7575,买盘
923,13:42:01,15.15,0.0,2,3030,买盘
924,13:42:04,15.06,-0.09,17,25669,卖盘
925,13:42:09,15.15,0.09,3,4545,买盘
926,13:42:18,15.15,0.0,1,1515,买盘
927,13:42:31,15.15,0.0,2,3030,买盘
928,13:42:48,15.15,0.0,1,1515,买盘
929,13:43:01,15.15,0.0,6,9058,买盘
930,13:43:19,15.16,0.01,1,1516,买盘
931,13:43:33,15.16,0.0,2,3032,买盘
932,13:43:40,15.16,0.0,4,6064,买盘
933,13:43:49,15.16,0.0,1,1516,买盘
934,13:43:58,15.16,0.0,5,7580,买盘
935,13:44:04,15.16,0.0,2,3032,买盘
936,13:44:19,15.16,0.0,13,19611,买盘
937,13:44:33,15.16,0.0,2,3032,买盘
938,13:44:36,15.16,0.0,30,45480,买盘
939,13:44:49,15.16,0.0,1,1516,买盘
940,13:45:01,15.1,-0.06,5,7550,卖盘
941,13:45:04,15.16,0.06,2,3032,买盘
942,13:45:07,15.16,0.0,3,4548,买盘
943,13:45:12,15.16,0.0,1,1516,买盘
944,13:45:18,15.16,0.0,1,1516,买盘
945,13:45:34,15.16,0.0,1,1516,买盘
946,13:45:37,15.16,0.0,5,7580,买盘
947,13:45:49,15.15,-0.01,2,3030,买盘
948,13:46:04,15.15,0.0,1,1515,买盘
949,13:46:21,15.15,0.0,2,3030,买盘
950,13:46:34,15.15,0.0,1,1515,买盘
951,13:46:36,15.15,0.0,5,7575,买盘
952,13:46:43,15.16,0.01,1,1516,买盘
953,13:46:51,15.16,0.0,2,3032,买盘
954,13:47:01,15.11,-0.05,8,12103,卖盘
955,13:47:07,15.16,0.05,1,1516,买盘
956,13:47:12,15.16,0.0,1,1516,买盘
957,13:47:21,15.16,0.0,7,10612,买盘
958,13:47:24,15.12,-0.04,18,27216,卖盘
959,13:47:28,15.16,0.04,2,3032,买盘
960,13:47:33,15.16,0.0,1,1516,买盘
961,13:47:40,15.16,0.0,1,1516,买盘
962,13:47:46,15.16,0.0,1,1516,买盘
963,13:47:49,15.16,0.0,2,3032,买盘
964,13:47:58,15.16,0.0,2,3032,买盘
965,13:48:07,15.16,0.0,5,7580,买盘
966,13:48:12,15.16,0.0,1,1516,买盘
967,13:48:18,15.16,0.0,2,3032,买盘
968,13:48:21,15.16,0.0,1,1516,中性盘
969,13:48:30,15.16,0.0,2,3032,买盘
970,13:48:33,15.16,0.0,1,1516,买盘
971,13:48:42,15.16,0.0,5,7580,买盘
972,13:48:51,15.16,0.0,2,3032,买盘
973,13:48:58,15.16,0.0,2,3032,买盘
974,13:49:00,15.1,-0.06,5,7554,卖盘
975,13:49:04,15.15,0.05,1,1515,买盘
976,13:49:15,15.15,0.0,5,7575,买盘
977,13:49:18,15.15,0.0,2,3030,买盘
978,13:49:28,15.15,0.0,2,3030,买盘
979,13:49:34,15.1,-0.05,10,15103,卖盘
980,13:49:36,15.15,0.05,1,1515,卖盘
981,13:49:39,15.16,0.01,3,4548,买盘
982,13:49:42,15.16,0.0,1,1516,买盘
983,13:49:48,15.16,0.0,1,1516,买盘
984,13:49:57,15.16,0.0,2,3032,买盘
985,13:50:00,15.16,0.0,1,1516,买盘
986,13:50:12,15.16,0.0,1,1516,买盘
987,13:50:27,15.15,-0.01,2,3030,中性盘
988,13:50:42,15.15,0.0,1,1515,买盘
989,13:50:58,15.15,0.0,6,9090,买盘
990,13:51:01,15.1,-0.05,4,6041,卖盘
991,13:51:07,15.15,0.05,4,6060,买盘
992,13:51:15,15.16,0.01,2,3032,买盘
993,13:51:31,15.16,0.0,1,1516,买盘
994,13:51:42,15.16,0.0,2,3032,买盘
995,13:51:57,15.16,0.0,1,1516,买盘
996,13:52:13,15.16,0.0,2,3032,买盘
997,13:52:16,15.14,-0.02,1,1514,中性盘
998,13:52:31,15.16,0.02,1,1516,买盘
999,13:52:39,15.17,0.01,4,6068,买盘
1000,13:52:42,15.17,0.0,2,3034,买盘
1001,13:52:58,15.17,0.0,5,7585,买盘
1002,13:53:00,15.14,-0.03,6,9088,卖盘
1003,13:53:13,15.16,0.02,1,1516,买盘
1004,13:53:19,15.17,0.01,1,1517,买盘
1005,13:53:28,15.17,0.0,1,1517,买盘
1006,13:53:30,15.16,-0.01,1,1516,卖盘
1007,13:53:34,15.16,0.0,1,1516,卖盘
1008,13:53:37,15.16,0.0,3,4548,买盘
1009,13:53:46,15.17,0.01,2,3034,买盘
1010,13:54:01,15.17,0.0,1,1517,买盘
1011,13:54:10,15.17,0.0,3,4551,买盘
1012,13:54:16,15.17,0.0,2,3034,买盘
1013,13:54:18,15.17,0.0,10,15170,买盘
1014,13:54:22,15.17,0.0,10,15170,卖盘
1015,13:54:28,15.17,0.0,1,1517,买盘
1016,13:54:37,15.17,0.0,5,7585,买盘
1017,13:54:43,15.16,-0.01,6,9098,卖盘
1018,13:54:46,15.16,0.0,16,24256,买盘
1019,13:55:01,15.12,-0.04,6,9079,卖盘
1020,13:55:12,15.17,0.05,1,1517,买盘
1021,13:55:19,15.12,-0.05,1,1512,卖盘
1022,13:55:27,15.17,0.05,2,3034,买盘
1023,13:55:34,15.17,0.0,3,4551,买盘
1024,13:55:40,15.17,0.0,4,6068,买盘
1025,13:55:45,15.19,0.02,1,1519,买盘
1026,13:56:01,15.19,0.0,2,3038,买盘
1027,13:56:13,15.18,-0.01,1,1518,买盘
1028,13:56:28,15.18,0.0,1,1518,买盘
1029,13:56:31,15.18,0.0,2,3036,卖盘
1030,13:56:43,15.19,0.01,1,1519,买盘
1031,13:56:46,15.19,0.0,20,30380,买盘
1032,13:56:58,15.19,0.0,2,3038,买盘
1033,13:57:04,15.18,-0.01,4,6072,卖盘
1034,13:57:07,15.19,0.01,3,4557,买盘
1035,13:57:15,15.19,0.0,2,3038,买盘
1036,13:57:31,15.19,0.0,4,6076,买盘
1037,13:57:37,15.2,0.01,12,18234,买盘
1038,13:57:42,15.19,-0.01,1,1519,买盘
1039,13:57:46,15.19,0.0,1,1519,买盘
1040,13:57:58,15.19,0.0,2,3038,买盘
1041,13:58:01,15.19,0.0,2,3038,买盘
1042,13:58:13,15.19,0.0,4,6076,买盘
1043,13:58:19,15.19,0.0,3,4557,卖盘
1044,13:58:21,15.19,0.0,1,1519,买盘
1045,13:58:31,15.19,0.0,4,6076,买盘
1046,13:58:39,15.19,0.0,4,6076,买盘
1047,13:58:46,15.19,0.0,1,1519,买盘
1048,13:58:49,15.19,0.0,1,1519,买盘
1049,13:58:58,15.19,0.0,2,3038,买盘
1050,13:59:00,15.13,-0.06,7,10603,卖盘
1051,13:59:13,15.19,0.06,2,3038,买盘
1052,13:59:25,15.13,-0.06,1,1513,卖盘
1053,13:59:28,15.19,0.06,1,1519,买盘
1054,13:59:33,15.19,0.0,2,3038,买盘
1055,13:59:43,15.18,-0.01,2,3036,买盘
1056,13:59:45,15.18,0.0,1,1518,买盘
1057,13:59:57,15.18,0.0,1,1518,买盘
1058,14:00:04,15.18,0.0,2,3036,买盘
1059,14:00:07,15.14,-0.04,21,31831,卖盘
1060,14:00:13,15.19,0.05,2,3038,买盘
1061,14:00:15,15.19,0.0,1,1519,买盘
1062,14:00:19,15.14,-0.05,1,1514,卖盘
1063,14:00:27,15.19,0.05,2,3038,买盘
1064,14:00:34,15.19,0.0,1,1519,买盘
1065,14:00:40,15.18,-0.01,12,18216,买盘
1066,14:00:49,15.18,0.0,3,4554,买盘
1067,14:00:51,15.18,0.0,25,37950,买盘
1068,14:01:01,15.18,0.0,1,1518,买盘
1069,14:01:04,15.18,0.0,7,10607,中性盘
1070,14:01:10,15.19,0.01,12,18223,买盘
1071,14:01:13,15.19,0.0,1,1519,买盘
1072,14:01:21,15.18,-0.01,2,3036,卖盘
1073,14:01:28,15.18,0.0,3,4554,买盘
1074,14:01:37,15.2,0.02,39,59267,买盘
1075,14:01:42,15.2,0.0,2,3040,买盘
1076,14:01:49,15.2,0.0,2,3040,买盘
1077,14:01:52,15.2,0.0,5,7600,买盘
1078,14:02:00,15.19,-0.01,2,3038,卖盘
1079,14:02:04,15.2,0.01,2,3040,买盘
1080,14:02:13,15.2,0.0,3,4560,买盘
1081,14:02:19,15.2,0.0,4,6080,买盘
1082,14:02:21,15.2,0.0,8,12160,买盘
1083,14:02:28,15.19,-0.01,4,6076,卖盘
1084,14:02:31,15.19,0.0,1,1519,买盘
1085,14:02:33,15.19,0.0,1,1519,买盘
1086,14:02:43,15.19,0.0,2,3038,买盘
1087,14:02:45,15.19,0.0,2,3038,买盘
1088,14:02:57,15.19,0.0,2,3038,买盘
1089,14:03:04,15.15,-0.04,5,7575,卖盘
1090,14:03:07,15.19,0.04,4,6076,买盘
1091,14:03:13,15.19,0.0,1,1519,买盘
1092,14:03:19,15.19,0.0,2,3038,买盘
1093,14:03:27,15.19,0.0,1,1519,买盘
1094,14:03:31,15.19,0.0,2,3038,买盘
1095,14:03:34,15.19,0.0,1,1519,买盘
1096,14:03:37,15.19,0.0,12,18228,买盘
1097,14:03:46,15.19,0.0,3,4557,买盘
1098,14:03:49,15.19,0.0,16,24304,买盘
1099,14:04:00,15.19,0.0,3,4557,买盘
1100,14:04:13,15.19,0.0,1,1519,买盘
1101,14:04:18,15.16,-0.03,3,4556,卖盘
1102,14:04:30,15.2,0.04,3,4560,买盘
1103,14:04:40,15.2,0.0,3,4560,买盘
1104,14:04:46,15.2,0.0,2,3040,买盘
1105,14:04:49,15.2,0.0,1,1520,买盘
1106,14:04:58,15.2,0.0,2,3040,买盘
1107,14:05:00,15.2,0.0,1,1520,买盘
1108,14:05:04,15.16,-0.04,4,6064,卖盘
1109,14:05:12,15.2,0.04,1,1520,买盘
1110,14:05:19,15.2,0.0,2,3040,买盘
1111,14:05:25,15.2,0.0,5,7600,买盘
1112,14:05:28,15.2,0.0,2,3040,买盘
1113,14:05:34,15.2,0.0,1,1520,买盘
1114,14:05:43,15.2,0.0,1,1520,买盘
1115,14:05:45,15.2,0.0,1,1520,买盘
1116,14:06:01,15.2,0.0,2,3040,买盘
1117,14:06:04,15.2,0.0,2,3040,买盘
1118,14:06:07,15.2,0.0,4,6080,买盘
1119,14:06:13,15.18,-0.02,1,1518,卖盘
1120,14:06:16,15.18,0.0,1,1518,买盘
1121,14:06:27,15.2,0.02,2,3040,买盘
1122,14:06:33,15.18,-0.02,1,1518,卖盘
1123,14:06:37,15.2,0.02,2,3040,买盘
1124,14:06:49,15.2,0.0,2,3040,买盘
1125,14:07:01,15.2,0.0,4,6080,买盘
1126,14:07:04,15.17,-0.03,5,7585,卖盘
1127,14:07:07,15.19,0.02,5,7595,中性盘
1128,14:07:16,15.18,-0.01,2,3036,卖盘
1129,14:07:18,15.19,0.01,1,1519,买盘
1130,14:07:30,15.19,0.0,3,4557,买盘
1131,14:07:39,15.19,0.0,4,6076,买盘
1132,14:07:46,15.19,0.0,3,4557,买盘
1133,14:08:00,15.19,0.0,1,1519,买盘
1134,14:08:06,15.19,0.0,2,3038,买盘
1135,14:08:10,15.18,-0.01,2,3036,卖盘
1136,14:08:16,15.19,0.01,1,1519,买盘
1137,14:08:19,15.19,0.0,2,3038,买盘
1138,14:08:21,15.19,0.0,18,27342,买盘
1139,14:08:31,15.2,0.01,3,4560,买盘
1140,14:08:33,15.19,-0.01,2,3039,卖盘
1141,14:08:46,15.2,0.01,3,4560,买盘
1142,14:08:58,15.2,0.0,1,1520,买盘
1143,14:09:00,15.2,0.0,11,16716,买盘
1144,14:09:04,15.19,-0.01,5,7595,卖盘
1145,14:09:09,15.2,0.01,3,4560,买盘
1146,14:09:12,15.2,0.0,3,4560,买盘
1147,14:09:15,15.19,-0.01,6,9119,卖盘
1148,14:09:28,15.2,0.01,1,1520,买盘
1149,14:09:30,15.2,0.0,2,3040,买盘
1150,14:09:45,15.2,0.0,2,3040,买盘
1151,14:09:48,15.2,0.0,1,1520,买盘
1152,14:10:00,15.2,0.0,1,1520,买盘
1153,14:10:03,15.2,0.0,93,141360,买盘
1154,14:10:06,15.19,-0.01,6,9114,卖盘
1155,14:10:13,15.2,0.01,2,3040,买盘
1156,14:10:15,15.2,0.0,2,3040,买盘
1157,14:10:19,15.2,0.0,2,3040,买盘
1158,14:10:21,15.2,0.0,1,1520,买盘
1159,14:10:31,15.2,0.0,1,1520,买盘
1160,14:10:33,15.2,0.0,8,12160,买盘
1161,14:10:36,15.21,0.01,4,6084,买盘
1162,14:10:45,15.21,0.0,7,10647,买盘
1163,14:10:49,15.21,0.0,2,3042,买盘
1164,14:11:01,15.21,0.0,10,15210,买盘
1165,14:11:04,15.21,0.0,4,6084,卖盘
1166,14:11:07,15.22,0.01,1,1522,买盘
1167,14:11:13,15.22,0.0,4,6088,买盘
1168,14:11:18,15.22,0.0,2,3044,买盘
1169,14:11:31,15.22,0.0,2,3044,买盘
1170,14:11:43,15.22,0.0,1,1522,买盘
1171,14:11:45,15.22,0.0,1,1522,买盘
1172,14:11:49,15.22,0.0,2,3044,买盘
1173,14:11:51,15.21,-0.01,20,30420,卖盘
1174,14:12:00,15.22,0.01,1,1522,买盘
1175,14:12:03,15.22,0.0,1,1522,买盘
1176,14:12:06,15.22,0.0,4,6088,买盘
1177,14:12:18,15.21,-0.01,8,12168,卖盘
1178,14:12:30,15.21,0.0,2,3042,买盘
1179,14:12:45,15.22,0.01,2,3044,买盘
1180,14:12:51,15.21,-0.01,1,1521,卖盘
1181,14:13:04,15.2,-0.01,6,9125,卖盘
1182,14:13:15,15.22,0.02,2,3044,买盘
1183,14:13:31,15.22,0.0,1,1522,买盘
1184,14:13:34,15.22,0.0,2,3044,买盘
1185,14:13:36,15.22,0.0,3,4566,买盘
1186,14:13:45,15.22,0.0,1,1522,买盘
1187,14:14:00,15.22,0.0,2,3044,买盘
1188,14:14:15,15.22,0.0,1,1522,买盘
1189,14:14:25,15.22,0.0,5,7610,买盘
1190,14:14:31,15.22,0.0,2,3044,买盘
1191,14:14:46,15.22,0.0,1,1522,买盘
1192,14:15:01,15.22,0.0,2,3044,买盘
1193,14:15:04,15.21,-0.01,5,7605,卖盘
1194,14:15:10,15.22,0.01,4,6088,买盘
1195,14:15:12,15.21,-0.01,21,31941,卖盘
1196,14:15:16,15.22,0.01,1,1522,买盘
1197,14:15:27,15.2,-0.02,3,4562,卖盘
1198,14:15:31,15.21,0.01,2,3042,买盘
1199,14:15:46,15.21,0.0,1,1521,买盘
1200,14:16:00,15.21,0.0,2,3042,买盘
1201,14:16:15,15.21,0.0,1,1521,买盘
1202,14:16:22,15.21,0.0,2,3042,买盘
1203,14:16:30,15.22,0.01,3,4566,买盘
1204,14:16:39,15.22,0.0,3,4566,买盘
1205,14:16:45,15.22,0.0,2,3044,买盘
1206,14:16:49,15.21,-0.01,10,15212,卖盘
1207,14:17:04,15.2,-0.01,5,7600,卖盘
1208,14:17:13,15.21,0.01,2,3042,买盘
1209,14:17:16,15.22,0.01,1,1522,买盘
1210,14:17:27,15.22,0.0,1,1522,买盘
1211,14:17:34,15.22,0.0,2,3044,买盘
1212,14:17:48,15.22,0.0,3,4566,买盘
1213,14:18:01,15.22,0.0,5,7610,买盘
1214,14:18:04,15.22,0.0,3,4562,买盘
1215,14:18:06,15.22,0.0,4,6088,买盘
1216,14:18:15,15.22,0.0,4,6088,买盘
1217,14:18:18,15.22,0.0,13,19786,买盘
1218,14:18:22,15.21,-0.01,4,6084,卖盘
1219,14:18:27,15.21,0.0,1,1521,买盘
1220,14:18:30,15.21,0.0,1,1521,买盘
1221,14:18:42,15.21,0.0,2,3042,买盘
1222,14:18:49,15.21,0.0,2,3042,买盘
1223,14:19:01,15.21,0.0,2,3043,中性盘
1224,14:19:12,15.22,0.01,2,3044,买盘
1225,14:19:18,15.22,0.0,2,3044,买盘
1226,14:19:30,15.22,0.0,2,3044,买盘
1227,14:19:36,15.22,0.0,4,6088,买盘
1228,14:19:45,15.22,0.0,1,1522,买盘
1229,14:19:49,15.22,0.0,7,10654,买盘
1230,14:19:55,15.21,-0.01,2,3042,卖盘
1231,14:20:00,15.21,0.0,2,3042,卖盘
1232,14:20:04,15.21,0.0,3,4563,买盘
1233,14:20:12,15.21,0.0,1,1521,买盘
1234,14:20:18,15.21,0.0,2,3042,买盘
1235,14:20:30,15.21,0.0,1,1521,买盘
1236,14:20:33,15.2,-0.01,7,10642,卖盘
1237,14:20:42,15.2,0.0,2,3040,卖盘
1238,14:20:46,15.22,0.02,3,4566,买盘
1239,14:20:58,15.22,0.0,2,3044,买盘
1240,14:21:04,15.22,0.0,1,1522,买盘
1241,14:21:06,15.21,-0.01,1,1521,卖盘
1242,14:21:09,15.21,0.0,3,4563,买盘
1243,14:21:27,15.2,-0.01,2,3040,卖盘
1244,14:21:31,15.21,0.01,1,1521,买盘
1245,14:21:37,15.21,0.0,8,12168,买盘
1246,14:21:46,15.21,0.0,1,1521,买盘
1247,14:21:48,15.21,0.0,2,3042,买盘
1248,14:21:51,15.21,0.0,3,4563,买盘
1249,14:22:01,15.21,0.0,2,3042,买盘
1250,14:22:04,15.21,0.0,1,1521,买盘
1251,14:22:09,15.2,-0.01,6,9121,卖盘
1252,14:22:15,15.21,0.01,2,3042,买盘
1253,14:22:18,15.2,-0.01,2,3040,卖盘
1254,14:22:21,15.21,0.01,2,3042,买盘
1255,14:22:30,15.21,0.0,2,3042,买盘
1256,14:22:34,15.21,0.0,7,10643,买盘
1257,14:22:40,15.21,0.0,4,6084,买盘
1258,14:22:45,15.21,0.0,1,1521,买盘
1259,14:22:48,15.21,0.0,1,1521,买盘
1260,14:22:52,15.21,0.0,2,3042,买盘
1261,14:23:00,15.21,0.0,2,3042,买盘
1262,14:23:07,15.21,0.0,1,1521,买盘
1263,14:23:09,15.2,-0.01,2,3040,卖盘
1264,14:23:19,15.21,0.01,2,3042,买盘
1265,14:23:22,15.21,0.0,2,3042,买盘
1266,14:23:31,15.21,0.0,11,16726,买盘
1267,14:23:36,15.21,0.0,1,1521,买盘
1268,14:23:45,15.21,0.0,2,3042,买盘
1269,14:23:51,15.21,0.0,2,3042,买盘
1270,14:24:04,15.19,-0.02,3,4561,卖盘
1271,14:24:07,15.22,0.03,1,1522,买盘
1272,14:24:09,15.22,0.0,4,6088,买盘
1273,14:24:15,15.22,0.0,2,3044,买盘
1274,14:24:21,15.22,0.0,2,3044,买盘
1275,14:24:31,15.2,-0.02,3,4560,中性盘
1276,14:24:34,15.19,-0.01,4,6077,卖盘
1277,14:24:37,15.19,0.0,1,1519,买盘
1278,14:24:42,15.22,0.03,2,3044,买盘
1279,14:24:52,15.22,0.0,1,1522,买盘
1280,14:24:55,15.17,-0.05,2,3034,卖盘
1281,14:25:00,15.22,0.05,1,1522,买盘
1282,14:25:06,15.22,0.0,2,3044,买盘
1283,14:25:15,15.22,0.0,2,3044,买盘
1284,14:25:21,15.17,-0.05,2,3039,卖盘
1285,14:25:31,15.22,0.05,1,1522,买盘
1286,14:25:37,15.22,0.0,10,15220,买盘
1287,14:25:48,15.17,-0.05,3,4556,卖盘
1288,14:25:51,15.22,0.05,1,1522,买盘
1289,14:26:04,15.22,0.0,2,3044,买盘
1290,14:26:07,15.22,0.0,2,3044,买盘
1291,14:26:15,15.22,0.0,1,1522,买盘
1292,14:26:21,15.22,0.0,1,1522,买盘
1293,14:26:24,15.19,-0.03,2,3038,卖盘
1294,14:26:31,15.22,0.03,2,3044,买盘
1295,14:26:36,15.22,0.0,6,9121,买盘
1296,14:26:46,15.22,0.0,1,1522,买盘
1297,14:26:49,15.21,-0.01,5,7605,卖盘
1298,14:26:52,15.22,0.01,1,1522,买盘
1299,14:26:58,15.22,0.0,1,1522,买盘
1300,14:27:00,15.22,0.0,2,3044,买盘
1301,14:27:04,15.19,-0.03,1,1519,卖盘
1302,14:27:07,15.22,0.03,2,3044,买盘
1303,14:27:10,15.22,0.0,4,6088,买盘
1304,14:27:15,15.22,0.0,1,1522,买盘
1305,14:27:21,15.17,-0.05,2,3039,卖盘
1306,14:27:24,15.17,0.0,27,40959,卖盘
1307,14:27:30,15.22,0.05,2,3044,买盘
1308,14:27:36,15.22,0.0,2,3044,买盘
1309,14:27:45,15.22,0.0,1,1522,买盘
1310,14:27:52,15.22,0.0,1,1522,买盘
1311,14:28:01,15.21,-0.01,2,3042,买盘
1312,14:28:06,15.21,0.0,1,1521,买盘
1313,14:28:16,15.21,0.0,1,1521,买盘
1314,14:28:22,15.21,0.0,2,3042,买盘
1315,14:28:34,15.21,0.0,2,3042,买盘
1316,14:28:36,15.21,0.0,9,13664,买盘
1317,14:28:49,15.21,0.0,1,1521,买盘
1318,14:28:52,15.21,0.0,2,3042,买盘
1319,14:29:01,15.21,0.0,1,1521,买盘
1320,14:29:07,15.21,0.0,1,1521,买盘
1321,14:29:16,15.21,0.0,2,3042,买盘
1322,14:29:22,15.21,0.0,6,9126,买盘
1323,14:29:31,15.21,0.0,1,1521,买盘
1324,14:29:37,15.21,0.0,2,3042,买盘
1325,14:29:49,15.21,0.0,1,1521,买盘
1326,14:30:04,15.22,0.01,1,1522,买盘
1327,14:30:06,15.22,0.0,5,7610,买盘
1328,14:30:13,15.22,0.0,5,7610,买盘
1329,14:30:16,15.22,0.0,2,3044,买盘
1330,14:30:22,15.22,0.0,2,3044,买盘
1331,14:30:25,15.22,0.0,1,1522,买盘
1332,14:30:31,15.22,0.0,1,1522,买盘
1333,14:30:36,15.22,0.0,5,7593,买盘
1334,14:30:45,15.23,0.01,2,3046,买盘
1335,14:30:52,15.23,0.0,1,1523,买盘
1336,14:31:04,15.23,0.0,1,1523,买盘
1337,14:31:09,15.23,0.0,2,3046,买盘
1338,14:31:16,15.23,0.0,2,3046,买盘
1339,14:31:22,15.23,0.0,1,1523,买盘
1340,14:31:28,15.2,-0.03,9,13680,卖盘
1341,14:31:30,15.2,0.0,9,13680,买盘
1342,14:31:37,15.23,0.03,2,3046,买盘
1343,14:31:40,15.23,0.0,4,6092,买盘
1344,14:31:49,15.23,0.0,2,3046,买盘
1345,14:31:51,15.23,0.0,1,1523,买盘
1346,14:32:01,15.23,0.0,1,1523,买盘
1347,14:32:09,15.23,0.0,2,3046,买盘
1348,14:32:16,15.23,0.0,1,1523,买盘
1349,14:32:22,15.23,0.0,1,1523,买盘
1350,14:32:33,15.23,0.0,2,3046,买盘
1351,14:32:37,15.17,-0.06,7,10631,卖盘
1352,14:32:40,15.23,0.06,1,1523,买盘
1353,14:32:49,15.23,0.0,1,1523,买盘
1354,14:32:52,15.23,0.0,1,1523,中性盘
1355,14:33:00,15.24,0.01,2,3048,买盘
1356,14:33:06,15.24,0.0,5,7620,买盘
1357,14:33:16,15.24,0.0,1,1524,买盘
1358,14:33:22,15.24,0.0,1,1524,买盘
1359,14:33:34,15.24,0.0,2,3048,买盘
1360,14:33:37,15.24,0.0,2,3048,买盘
1361,14:33:45,15.24,0.0,1,1524,买盘
1362,14:33:51,15.23,-0.01,1,1523,买盘
1363,14:34:04,15.23,0.0,2,3046,买盘
1364,14:34:07,15.23,0.0,1,1523,买盘
1365,14:34:10,15.23,0.0,1,1523,买盘
1366,14:34:15,15.24,0.01,1,1524,买盘
1367,14:34:22,15.24,0.0,2,3048,买盘
1368,14:34:31,15.24,0.0,2,3048,买盘
1369,14:34:37,15.18,-0.06,5,7590,卖盘
1370,14:34:40,15.24,0.06,5,7620,买盘
1371,14:34:45,15.24,0.0,1,1524,买盘
1372,14:34:51,15.24,0.0,2,3048,买盘
1373,14:34:57,15.24,0.0,1,1524,买盘
1374,14:35:04,15.24,0.0,2,3048,买盘
1375,14:35:07,15.24,0.0,1,1524,买盘
1376,14:35:15,15.24,0.0,1,1524,买盘
1377,14:35:22,15.24,0.0,2,3048,买盘
1378,14:35:31,15.24,0.0,1,1524,买盘
1379,14:35:37,15.24,0.0,1,1524,买盘
1380,14:35:45,15.24,0.0,2,3048,买盘
1381,14:35:52,15.24,0.0,2,3048,买盘
1382,14:36:01,15.24,0.0,1,1524,买盘
1383,14:36:07,15.24,0.0,5,7620,买盘
1384,14:36:16,15.24,0.0,2,3048,买盘
1385,14:36:22,15.24,0.0,2,3048,买盘
1386,14:36:34,15.24,0.0,2,3048,买盘
1387,14:36:36,15.24,0.0,7,10644,买盘
1388,14:36:39,15.21,-0.03,3,4563,卖盘
1389,14:36:49,15.24,0.03,2,3048,买盘
1390,14:36:52,15.24,0.0,2,3048,买盘
1391,14:37:04,15.18,-0.06,9,13668,卖盘
1392,14:37:10,15.24,0.06,1,1524,买盘
1393,14:37:18,15.24,0.0,2,3048,买盘
1394,14:37:24,15.24,0.0,2,3048,买盘
1395,14:37:30,15.24,0.0,1,1524,买盘
1396,14:37:39,15.24,0.0,5,7620,买盘
1397,14:37:46,15.18,-0.06,7,10626,卖盘
1398,14:37:49,15.18,0.0,1,1518,买盘
1399,14:37:55,15.24,0.06,8,12150,买盘
1400,14:38:04,15.21,-0.03,1,1521,中性盘
1401,14:38:06,15.24,0.03,2,3048,买盘
1402,14:38:09,15.21,-0.03,1,1521,中性盘
1403,14:38:19,15.21,0.0,1,1521,买盘
1404,14:38:22,15.21,0.0,1,1521,买盘
1405,14:38:34,15.21,0.0,2,3042,买盘
1406,14:38:37,15.21,0.0,2,3042,买盘
1407,14:38:39,15.2,-0.01,9,13680,卖盘
1408,14:38:43,15.2,0.0,1,1520,买盘
1409,14:38:46,15.2,0.0,1,1520,买盘
1410,14:38:52,15.2,0.0,1,1520,买盘
1411,14:39:01,15.21,0.01,2,3041,买盘
1412,14:39:07,15.21,0.0,2,3042,买盘
1413,14:39:19,15.23,0.02,1,1523,买盘
1414,14:39:21,15.23,0.0,1,1523,买盘
1415,14:39:34,15.22,-0.01,5,7614,卖盘
1416,14:39:36,15.24,0.02,2,3048,买盘
1417,14:39:46,15.24,0.0,1,1524,买盘
1418,14:39:49,15.24,0.0,1,1524,买盘
1419,14:39:52,15.24,0.0,1,1524,买盘
1420,14:40:04,15.24,0.0,2,3048,买盘
1421,14:40:09,15.24,0.0,2,3048,买盘
1422,14:40:18,15.24,0.0,1,1524,买盘
1423,14:40:21,15.24,0.0,1,1524,买盘
1424,14:40:31,15.23,-0.01,29,44169,卖盘
1425,14:40:34,15.23,0.0,7,10661,卖盘
1426,14:40:36,15.24,0.01,8,12191,买盘
1427,14:40:39,15.23,-0.01,1,1523,中性盘
1428,14:40:45,15.23,0.0,1,1523,买盘
1429,14:40:54,15.23,0.0,2,3046,买盘
1430,14:40:57,15.2,-0.03,1,1520,卖盘
1431,14:41:01,15.23,0.03,1,1523,买盘
1432,14:41:04,15.23,0.0,2,3046,买盘
1433,14:41:06,15.23,0.0,1,1523,买盘
1434,14:41:10,15.17,-0.06,10,15170,卖盘
1435,14:41:16,15.23,0.06,1,1523,买盘
1436,14:41:22,15.23,0.0,2,3046,买盘
1437,14:41:28,15.15,-0.08,10,15150,卖盘
1438,14:41:31,15.23,0.08,1,1523,买盘
1439,14:41:37,15.23,0.0,1,1523,买盘
1440,14:41:40,15.15,-0.08,1,1515,卖盘
1441,14:41:46,15.22,0.07,2,3044,中性盘
1442,14:41:51,15.15,-0.07,31,46979,卖盘
1443,14:42:01,15.22,0.07,1,1522,买盘
1444,14:42:07,15.22,0.0,1,1522,买盘
1445,14:42:09,15.22,0.0,4,6088,买盘
1446,14:42:15,15.22,0.0,1,1522,买盘
1447,14:42:22,15.22,0.0,2,3044,买盘
1448,14:42:25,15.18,-0.04,7,10630,卖盘
1449,14:42:34,15.2,0.02,2,3040,卖盘
1450,14:42:37,15.2,0.0,1,1520,买盘
1451,14:42:49,15.15,-0.05,2,3030,卖盘
1452,14:42:51,15.2,0.05,2,3040,买盘
1453,14:42:58,15.15,-0.05,9,13635,买盘
1454,14:43:00,15.15,0.0,49,74235,买盘
1455,14:43:04,15.14,-0.01,11,16654,卖盘
1456,14:43:07,15.15,0.01,1,1515,买盘
1457,14:43:21,15.15,0.0,1,1515,买盘
1458,14:43:40,15.2,0.05,6,9120,买盘
1459,14:43:43,15.17,-0.03,4,6068,卖盘
1460,14:43:52,15.17,0.0,4,6073,卖盘
1461,14:43:55,15.18,0.01,2,3036,买盘
1462,14:44:07,15.17,-0.01,6,9090,买盘
1463,14:44:22,15.17,0.0,1,1517,买盘
1464,14:44:28,15.17,0.0,8,12136,买盘
1465,14:44:37,15.13,-0.04,36,54468,卖盘
1466,14:44:40,15.18,0.05,2,3036,买盘
1467,14:44:46,15.13,-0.05,7,10591,卖盘
1468,14:44:52,15.18,0.05,1,1518,买盘
1469,14:45:00,15.13,-0.05,5,7565,卖盘
1470,14:45:07,15.18,0.05,5,7590,买盘
1471,14:45:12,15.18,0.0,3,4554,买盘
1472,14:45:21,15.18,0.0,1,1518,买盘
1473,14:45:25,15.13,-0.05,5,7565,卖盘
1474,14:45:40,15.13,0.0,2,3026,买盘
1475,14:45:43,15.13,0.0,28,42364,买盘
1476,14:45:46,15.17,0.04,7,10595,买盘
1477,14:45:49,15.12,-0.05,38,57457,卖盘
1478,14:45:52,15.13,0.01,1,1513,买盘
1479,14:45:55,15.12,-0.01,5,7563,卖盘
1480,14:46:01,15.11,-0.01,2,3022,卖盘
1481,14:46:09,15.12,0.01,6,9072,买盘
1482,14:46:22,15.17,0.05,1,1517,买盘
1483,14:46:36,15.17,0.0,1,1517,买盘
1484,14:46:40,15.17,0.0,104,156806,买盘
1485,14:46:51,15.17,0.0,12,18094,买盘
1486,14:47:16,15.06,-0.11,43,64758,卖盘
1487,14:47:27,15.11,0.05,3,4533,卖盘
1488,14:47:40,15.07,-0.04,82,123574,卖盘
1489,14:48:04,15.08,0.01,30,45240,买盘
1490,14:48:09,15.07,-0.01,40,60283,卖盘
1491,14:48:13,15.07,0.0,8,12056,买盘
1492,14:48:46,15.11,0.04,1,1511,卖盘
1493,14:48:55,15.08,-0.03,16,24128,卖盘
1494,14:49:09,15.07,-0.01,147,221530,卖盘
1495,14:49:40,15.11,0.04,4,6044,买盘
1496,14:50:10,15.11,0.0,6,9066,买盘
1497,14:51:07,15.14,0.03,15,22710,买盘
1498,14:51:16,15.14,0.0,4,6056,买盘
1499,14:51:25,15.15,0.01,7,10605,买盘
1500,14:51:57,15.11,-0.04,6,9066,卖盘
1501,14:52:13,15.1,-0.01,5,7550,卖盘
1502,14:52:16,15.08,-0.02,6,9048,中性盘
1503,14:52:22,15.1,0.02,5,7550,买盘
1504,14:52:25,15.07,-0.03,67,100969,卖盘
1505,14:53:04,15.07,0.0,10,15070,卖盘
1506,14:53:13,15.1,0.03,1,1510,买盘
1507,14:53:34,15.1,0.0,5,7550,卖盘
1508,14:53:37,15.1,0.0,2,3020,卖盘
1509,14:54:07,15.06,-0.04,92,138552,卖盘
1510,14:54:09,15.1,0.04,3,4530,买盘
1511,14:55:01,15.07,-0.03,23,34661,卖盘
1512,14:55:42,15.1,0.03,14,21140,买盘
1513,14:56:04,15.07,-0.03,5,7535,卖盘
1514,14:56:06,15.08,0.01,7,10556,中性盘
1515,14:56:13,15.1,0.02,18,27180,买盘
1516,14:56:19,15.1,0.0,25,37750,卖盘
1517,14:56:36,15.09,-0.01,1,1509,卖盘
1518,15:00:04,15.17,0.08,202,306434,卖盘
