,time,price,change,volume,amount,type
0,09:25:05,13.21,0.01,24,31704,中性盘
1,09:30:04,13.21,0.0,78,103038,卖盘
2,09:30:07,13.21,0.0,62,82098,卖盘
3,09:30:46,13.18,-0.03,2,2636,买盘
4,09:30:58,13.18,0.0,15,19770,买盘
5,09:31:07,13.18,0.0,2,2636,买盘
6,09:31:13,13.18,0.0,5,6590,买盘
7,09:31:31,13.18,0.0,7,9226,买盘
8,09:31:34,13.18,0.0,10,13180,卖盘
9,09:31:43,13.19,0.01,5,6595,买盘
10,09:32:37,13.21,0.02,8,10568,买盘
11,09:32:43,13.21,0.0,10,13210,买盘
12,09:32:46,13.21,0.0,4,5284,买盘
13,09:32:49,13.21,0.0,2,2642,买盘
14,09:32:52,13.21,0.0,1,1321,买盘
15,09:32:55,13.21,0.0,20,26420,买盘
16,09:33:01,13.21,0.0,16,21136,买盘
17,09:33:04,13.21,0.0,5,6605,买盘
18,09:33:10,13.21,0.0,9,11889,卖盘
19,09:34:37,13.24,0.03,6,7944,卖盘
20,09:34:43,13.23,-0.01,5,6615,卖盘
21,09:34:49,13.24,0.01,1,1324,卖盘
22,09:34:52,13.24,0.0,1,1324,中性盘
23,09:35:34,13.24,0.0,6,7944,中性盘
24,09:35:40,13.23,-0.01,1,1323,卖盘
25,09:35:49,13.22,-0.01,11,14542,卖盘
26,09:36:07,13.24,0.02,2,2647,买盘
27,09:36:13,13.21,-0.03,9,11899,卖盘
28,09:36:28,13.25,0.04,17,22522,买盘
29,09:36:31,13.21,-0.04,3,3963,卖盘
30,09:36:40,13.25,0.04,20,26500,买盘
31,09:36:52,13.25,0.0,2,2650,买盘
32,09:37:52,13.22,-0.03,14,18508,卖盘
33,09:37:58,13.21,-0.01,2,2643,卖盘
34,09:38:46,13.22,0.01,2,2644,卖盘
35,09:39:04,13.21,-0.01,15,19815,卖盘
36,09:39:10,13.21,0.0,50,66052,卖盘
37,09:39:16,13.2,-0.01,4,5280,卖盘
38,09:39:19,13.29,0.09,70,92703,买盘
39,09:39:22,13.18,-0.11,7,9229,卖盘
40,09:39:55,13.19,0.01,2,2639,卖盘
41,09:39:58,13.2,0.01,3,3958,买盘
42,09:40:10,13.2,0.0,28,36960,卖盘
43,09:40:13,13.2,0.0,9,11880,卖盘
44,09:40:16,13.19,-0.01,2,2638,卖盘
45,09:40:19,13.18,-0.01,8,10547,卖盘
46,09:40:22,13.18,0.0,1,1318,卖盘
47,09:40:25,13.18,0.0,24,31632,卖盘
48,09:40:31,13.1,-0.08,10,13118,卖盘
49,09:40:52,13.1,0.0,1,1310,卖盘
50,09:40:55,13.23,0.13,69,90945,买盘
51,09:41:28,13.22,-0.01,6,7932,买盘
52,09:41:43,13.22,0.0,2,2644,买盘
53,09:41:46,13.13,-0.09,3,3939,卖盘
54,09:42:13,13.13,0.0,32,42026,卖盘
55,09:42:16,13.2,0.07,5,6600,买盘
56,09:42:25,13.2,0.0,1,1320,卖盘
57,09:42:28,13.15,-0.05,1,1315,卖盘
58,09:42:43,13.21,0.06,4,5284,买盘
59,09:42:49,13.22,0.01,74,97800,买盘
60,09:43:01,13.21,-0.01,15,19815,买盘
61,09:43:19,13.22,0.01,16,21152,买盘
62,09:43:31,13.2,-0.02,5,6600,买盘
63,09:43:40,13.2,0.0,15,19800,买盘
64,09:44:40,13.2,0.0,20,26414,卖盘
65,09:45:07,13.22,0.02,1,1322,买盘
66,09:45:28,13.22,0.0,32,42304,买盘
67,09:46:22,13.22,0.0,2,2644,中性盘
68,09:46:31,13.22,0.0,26,34372,买盘
69,09:47:16,13.21,-0.01,3,3964,卖盘
70,09:47:37,13.21,0.0,10,13210,买盘
71,09:47:43,13.21,0.0,5,6605,买盘
72,09:48:01,13.23,0.02,2,2646,买盘
73,09:48:16,13.23,0.0,14,18526,卖盘
74,09:48:40,13.25,0.02,20,26500,买盘
75,09:49:43,13.25,0.0,1,1325,买盘
76,09:49:49,13.25,0.0,9,11925,买盘
77,09:49:58,13.25,0.0,10,13250,卖盘
78,09:50:22,13.25,0.0,5,6625,卖盘
79,09:50:25,13.25,0.0,6,7950,买盘
80,09:50:40,13.25,0.0,1,1325,卖盘
81,09:50:43,13.25,0.0,3,3975,买盘
82,09:50:46,13.26,0.01,5,6629,买盘
83,09:51:28,13.26,0.0,10,13260,买盘
84,09:51:37,13.25,-0.01,1,1325,卖盘
85,09:51:52,13.24,-0.01,1,1324,卖盘
86,09:51:58,13.23,-0.01,2,2646,卖盘
87,09:52:04,13.23,0.0,1,1323,卖盘
88,09:52:10,13.25,0.02,31,41067,买盘
89,09:52:34,13.23,-0.02,19,25137,卖盘
90,09:53:43,13.23,0.0,11,14553,买盘
91,09:54:07,13.23,0.0,1,1323,买盘
92,09:54:22,13.23,0.0,1,1323,买盘
93,09:55:07,13.22,-0.01,5,6610,买盘
94,09:55:16,13.22,0.0,1,1322,买盘
95,09:56:28,13.22,0.0,1,1322,买盘
96,09:56:37,13.2,-0.02,14,18480,卖盘
97,09:56:46,13.2,0.0,1,1320,买盘
98,09:56:52,13.2,0.0,5,6600,买盘
99,09:56:58,13.22,0.02,1,1322,买盘
100,09:57:43,13.21,-0.01,8,10568,买盘
101,09:57:52,13.21,0.0,2,2642,卖盘
102,09:59:16,13.21,0.0,3,3963,买盘
103,10:00:16,13.21,0.0,1,1321,买盘
104,10:00:25,13.21,0.0,1,1321,买盘
105,10:00:46,13.22,0.01,16,21152,买盘
106,10:00:58,13.23,0.01,1,1323,买盘
107,10:01:43,13.23,0.0,3,3969,买盘
108,10:02:01,13.24,0.01,1,1324,卖盘
109,10:02:07,13.24,0.0,1,1324,卖盘
110,10:02:10,13.24,0.0,1,1324,买盘
111,10:02:46,13.22,-0.02,4,5288,卖盘
112,10:02:52,13.22,0.0,2,2644,买盘
113,10:04:01,13.24,0.02,2,2648,买盘
114,10:04:16,13.24,0.0,23,30452,买盘
115,10:04:31,13.25,0.01,5,6625,买盘
116,10:04:37,13.24,-0.01,9,11916,卖盘
117,10:05:07,13.24,0.0,3,3972,卖盘
118,10:06:07,13.25,0.01,1,1325,买盘
119,10:06:28,13.25,0.0,1,1325,买盘
120,10:07:04,13.24,-0.01,10,13240,卖盘
121,10:07:12,13.24,0.0,3,3972,卖盘
122,10:07:43,13.23,-0.01,9,11907,卖盘
123,10:07:49,13.23,0.0,1,1323,卖盘
124,10:08:04,13.22,-0.01,2,2644,卖盘
125,10:09:34,13.23,0.01,1,1323,买盘
126,10:09:52,13.23,0.0,1,1323,买盘
127,10:10:58,13.22,-0.01,4,5288,卖盘
128,10:11:10,13.2,-0.02,1,1320,卖盘
129,10:11:13,13.19,-0.01,34,44875,卖盘
130,10:11:19,13.19,0.0,26,34294,卖盘
131,10:11:22,13.18,-0.01,6,7912,卖盘
132,10:11:25,13.18,0.0,31,40858,卖盘
133,10:11:28,13.18,0.0,37,48766,卖盘
134,10:11:40,13.15,-0.03,87,114576,卖盘
135,10:12:04,13.1,-0.05,15,19650,卖盘
136,10:12:10,13.1,0.0,13,17042,卖盘
137,10:12:28,13.08,-0.02,5,6540,卖盘
138,10:12:31,13.09,0.01,1,1309,买盘
139,10:12:43,13.06,-0.03,30,39193,卖盘
140,10:12:49,13.07,0.01,14,18298,买盘
141,10:13:01,13.09,0.02,48,62832,买盘
142,10:13:04,13.09,0.0,14,18326,买盘
143,10:13:07,13.06,-0.03,15,19595,卖盘
144,10:13:13,13.07,0.01,10,13070,买盘
145,10:13:19,13.07,0.0,5,6535,买盘
146,10:13:22,13.1,0.03,19,24845,买盘
147,10:13:25,13.08,-0.02,6,7848,中性盘
148,10:13:28,13.08,0.0,22,28776,买盘
149,10:13:31,13.13,0.05,1,1313,买盘
150,10:13:40,13.22,0.09,30,39660,买盘
151,10:13:43,13.24,0.02,5,6620,买盘
152,10:13:46,13.22,-0.02,14,18508,卖盘
153,10:13:49,13.22,0.0,1,1322,卖盘
154,10:13:52,13.22,0.0,2,2645,卖盘
155,10:13:55,13.22,0.0,5,6610,卖盘
156,10:13:58,13.22,0.0,1,1322,卖盘
157,10:14:01,13.22,0.0,6,7932,卖盘
158,10:14:04,13.22,0.0,15,19830,卖盘
159,10:14:16,13.14,-0.08,3,3942,买盘
160,10:14:34,13.14,0.0,5,6570,买盘
161,10:14:37,13.14,0.0,14,18383,买盘
162,10:14:40,13.14,0.0,1,1314,买盘
163,10:14:49,13.13,-0.01,3,3939,卖盘
164,10:14:58,13.14,0.01,14,18396,中性盘
165,10:15:04,13.14,0.0,5,6570,卖盘
166,10:15:31,13.13,-0.01,3,3939,卖盘
167,10:15:34,13.13,0.0,22,28886,卖盘
168,10:15:37,13.13,0.0,1,1313,买盘
169,10:16:10,13.12,-0.01,16,20992,买盘
170,10:16:22,13.12,0.0,12,15744,买盘
171,10:16:43,13.12,0.0,9,11808,买盘
172,10:16:46,13.12,0.0,1,1312,卖盘
173,10:16:55,13.12,0.0,30,39360,买盘
174,10:17:10,13.12,0.0,4,5248,买盘
175,10:17:13,13.11,-0.01,30,39330,卖盘
176,10:17:40,13.12,0.01,7,9184,买盘
177,10:17:46,13.11,-0.01,9,11799,卖盘
178,10:18:04,13.11,0.0,8,10488,卖盘
179,10:18:25,13.12,0.01,10,13120,买盘
180,10:18:34,13.12,0.0,1,1312,买盘
181,10:18:37,13.12,0.0,5,6560,买盘
182,10:18:49,13.12,0.0,1,1312,买盘
183,10:18:55,13.12,0.0,5,6560,买盘
184,10:19:01,13.12,0.0,1,1312,买盘
185,10:19:13,13.12,0.0,20,26240,买盘
186,10:19:28,13.12,0.0,10,13120,卖盘
187,10:19:43,13.12,0.0,2,2624,买盘
188,10:19:52,13.12,0.0,8,10496,买盘
189,10:20:37,13.12,0.0,7,9184,卖盘
190,10:21:25,13.12,0.0,6,7872,卖盘
191,10:21:34,13.13,0.01,1,1313,买盘
192,10:22:01,13.12,-0.01,1,1312,卖盘
193,10:22:43,13.12,0.0,16,20992,卖盘
194,10:23:04,13.12,0.0,17,22304,买盘
195,10:23:07,13.11,-0.01,17,22292,卖盘
196,10:23:40,13.12,0.01,4,5248,卖盘
197,10:23:49,13.13,0.01,9,11817,买盘
198,10:24:13,13.13,0.0,15,19695,买盘
199,10:24:40,13.13,0.0,1,1313,买盘
200,10:24:58,13.13,0.0,20,26260,买盘
201,10:25:34,13.13,0.0,10,13130,买盘
202,10:26:25,13.18,0.05,1,1318,买盘
203,10:26:40,13.18,0.0,1,1318,买盘
204,10:29:37,13.18,0.0,1,1318,买盘
205,10:29:55,13.18,0.0,5,6590,买盘
206,10:30:40,13.17,-0.01,3,3951,卖盘
207,10:30:43,13.17,0.0,1,1317,买盘
208,10:31:07,13.16,-0.01,1,1316,卖盘
209,10:32:04,13.14,-0.02,7,9200,卖盘
210,10:32:25,13.12,-0.02,72,94533,卖盘
211,10:32:58,13.12,0.0,18,23617,卖盘
212,10:33:04,13.11,-0.01,1,1311,卖盘
213,10:33:25,13.09,-0.02,40,52374,卖盘
214,10:33:55,13.16,0.07,16,21056,买盘
215,10:34:22,13.1,-0.06,30,39325,卖盘
216,10:34:28,13.1,0.0,1,1310,买盘
217,10:34:33,13.1,0.0,1,1310,买盘
218,10:34:37,13.1,0.0,1,1310,买盘
219,10:34:40,13.1,0.0,1,1310,买盘
220,10:34:43,13.1,0.0,2,2620,买盘
221,10:34:46,13.1,0.0,4,5240,买盘
222,10:34:49,13.1,0.0,2,2620,买盘
223,10:34:52,13.1,0.0,3,3930,买盘
224,10:34:55,13.1,0.0,3,3930,买盘
225,10:35:00,13.1,0.0,2,2620,买盘
226,10:35:04,13.1,0.0,78,102180,买盘
227,10:35:10,13.16,0.06,1,1316,买盘
228,10:35:13,13.16,0.0,1,1316,买盘
229,10:35:48,13.16,0.0,1,1316,买盘
230,10:36:46,13.15,-0.01,1,1315,买盘
231,10:36:52,13.15,0.0,9,11835,买盘
232,10:38:34,13.17,0.02,3,3949,买盘
233,10:38:43,13.17,0.0,1,1317,卖盘
234,10:38:55,13.17,0.0,3,3951,卖盘
235,10:39:01,13.16,-0.01,27,35569,卖盘
236,10:39:40,13.16,0.0,4,5264,卖盘
237,10:41:12,13.18,0.02,4,5272,买盘
238,10:41:34,13.2,0.02,11,14519,买盘
239,10:42:01,13.2,0.0,1,1320,卖盘
240,10:42:07,13.21,0.01,2,2642,买盘
241,10:43:27,13.2,-0.01,41,54120,买盘
242,10:43:46,13.21,0.01,4,5284,买盘
243,10:43:58,13.22,0.01,5,6610,买盘
244,10:44:07,13.23,0.01,9,11895,买盘
245,10:44:16,13.23,0.0,15,19845,买盘
246,10:45:10,13.21,-0.02,2,2642,卖盘
247,10:47:01,13.19,-0.02,5,6595,买盘
248,10:47:10,13.19,0.0,4,5276,买盘
249,10:47:22,13.19,0.0,16,21104,买盘
250,10:47:28,13.2,0.01,2,2640,买盘
251,10:47:34,13.2,0.0,1,1320,买盘
252,10:47:39,13.2,0.0,7,9240,买盘
253,10:47:46,13.23,0.03,1,1323,买盘
254,10:48:22,13.22,-0.01,6,7932,卖盘
255,10:49:16,13.22,0.0,5,6613,卖盘
256,10:50:13,13.23,0.01,3,3969,买盘
257,10:50:21,13.24,0.01,8,10592,买盘
258,10:50:28,13.25,0.01,4,5300,买盘
259,10:50:34,13.25,0.0,29,38425,买盘
260,10:50:57,13.26,0.01,5,6630,买盘
261,10:51:01,13.26,0.0,18,23868,买盘
262,10:51:25,13.26,0.0,10,13260,买盘
263,10:51:36,13.28,0.02,1,1328,买盘
264,10:51:40,13.28,0.0,10,13280,买盘
265,10:51:55,13.3,0.02,18,23920,买盘
266,10:52:19,13.3,0.0,29,38570,买盘
267,10:52:36,13.3,0.0,4,5320,卖盘
268,10:52:39,13.32,0.02,3,3996,买盘
269,10:52:46,13.32,0.0,3,3996,卖盘
270,10:52:49,13.33,0.01,1,1333,中性盘
271,10:52:52,13.36,0.03,2,2672,买盘
272,10:52:58,13.34,-0.02,5,6670,买盘
273,10:53:04,13.36,0.02,23,30714,买盘
274,10:53:34,13.38,0.02,103,137397,买盘
275,10:53:43,13.38,0.0,116,155208,卖盘
276,10:53:49,13.39,0.01,26,34814,买盘
277,10:53:52,13.4,0.01,36,48232,买盘
278,10:54:01,13.46,0.06,20,26920,中性盘
279,10:54:12,13.47,0.01,3,4039,买盘
280,10:54:15,13.46,-0.01,33,44388,买盘
281,10:54:22,13.46,0.0,40,53840,卖盘
282,10:54:25,13.38,-0.08,6,8040,卖盘
283,10:56:00,13.39,0.01,4,5355,买盘
284,10:56:06,13.39,0.0,2,2678,卖盘
285,10:56:22,13.45,0.06,54,72538,买盘
286,10:56:25,13.38,-0.07,1,1338,卖盘
287,10:56:37,13.45,0.07,29,38972,买盘
288,10:56:40,13.4,-0.05,7,9384,卖盘
289,10:56:51,13.45,0.05,13,17485,买盘
290,10:56:54,13.45,0.0,4,5380,卖盘
291,10:57:00,13.41,-0.04,2,2681,中性盘
292,10:57:04,13.4,-0.01,2,2680,卖盘
293,10:57:07,13.4,0.0,1,1340,卖盘
294,10:57:10,13.4,0.0,1,1340,卖盘
295,10:57:13,13.4,0.0,1,1340,卖盘
296,10:57:16,13.4,0.0,1,1340,卖盘
297,10:57:21,13.4,0.0,5,6700,卖盘
298,10:57:33,13.41,0.01,72,96519,买盘
299,10:57:46,13.41,0.0,10,13410,卖盘
300,10:57:52,13.43,0.02,5,6715,中性盘
301,10:58:01,13.38,-0.05,1,1338,卖盘
302,10:58:27,13.37,-0.01,20,26740,卖盘
303,10:59:07,13.33,-0.04,10,13330,卖盘
304,11:00:19,13.34,0.01,17,22678,卖盘
305,11:00:22,13.34,0.0,5,6670,买盘
306,11:00:46,13.38,0.04,7,9366,买盘
307,11:01:46,13.38,0.0,5,6690,卖盘
308,11:02:30,13.39,0.01,11,14729,买盘
309,11:02:33,13.39,0.0,10,13390,卖盘
310,11:02:45,13.39,0.0,1,1339,卖盘
311,11:02:52,13.39,0.0,1,1339,卖盘
312,11:02:57,13.39,0.0,1,1339,卖盘
313,11:03:00,13.39,0.0,1,1339,卖盘
314,11:03:04,13.39,0.0,3,4017,卖盘
315,11:03:06,13.39,0.0,1,1339,卖盘
316,11:03:09,13.39,0.0,1,1339,卖盘
317,11:03:13,13.39,0.0,1,1339,卖盘
318,11:03:19,13.39,0.0,1,1339,卖盘
319,11:04:34,13.36,-0.03,9,12024,卖盘
320,11:04:55,13.36,0.0,4,5344,卖盘
321,11:05:07,13.35,-0.01,2,2671,卖盘
322,11:05:33,13.35,0.0,5,6675,卖盘
323,11:06:00,13.35,0.0,10,13350,卖盘
324,11:06:15,13.35,0.0,15,20025,卖盘
325,11:06:21,13.35,0.0,1,1335,买盘
326,11:06:43,13.34,-0.01,1,1334,卖盘
327,11:06:49,13.33,-0.01,9,11997,卖盘
328,11:08:37,13.31,-0.02,8,10648,卖盘
329,11:09:10,13.31,0.0,9,11979,卖盘
330,11:09:40,13.31,0.0,6,7986,买盘
331,11:09:43,13.31,0.0,1,1331,卖盘
332,11:09:52,13.31,0.0,5,6655,卖盘
333,11:10:19,13.32,0.01,4,5326,买盘
334,11:10:34,13.3,-0.02,1,1330,卖盘
335,11:10:42,13.31,0.01,1,1331,卖盘
336,11:10:45,13.25,-0.06,11,14575,卖盘
337,11:10:54,13.25,0.0,3,3975,买盘
338,11:11:40,13.24,-0.01,3,3972,卖盘
339,11:11:46,13.25,0.01,21,27813,买盘
340,11:11:52,13.24,-0.01,11,14564,卖盘
341,11:12:06,13.24,0.0,13,17212,卖盘
342,11:12:09,13.25,0.01,10,13250,买盘
343,11:12:16,13.24,-0.01,2,2648,卖盘
344,11:12:28,13.24,0.0,12,15888,卖盘
345,11:12:37,13.24,0.0,11,14564,卖盘
346,11:12:52,13.24,0.0,1,1324,卖盘
347,11:13:07,13.23,-0.01,2,2646,买盘
348,11:13:16,13.24,0.01,23,30441,买盘
349,11:13:37,13.24,0.0,18,23832,卖盘
350,11:14:04,13.23,-0.01,5,6615,卖盘
351,11:14:34,13.22,-0.01,5,6610,卖盘
352,11:14:36,13.22,0.0,2,2644,卖盘
353,11:14:43,13.22,0.0,5,6610,卖盘
354,11:15:13,13.22,0.0,42,55524,买盘
355,11:15:19,13.22,0.0,10,13220,买盘
356,11:15:25,13.22,0.0,5,6610,卖盘
357,11:15:34,13.22,0.0,12,15864,卖盘
358,11:15:55,13.23,0.01,16,21168,买盘
359,11:18:51,13.25,0.02,2,2651,卖盘
360,11:19:09,13.23,-0.02,42,55572,卖盘
361,11:19:40,13.23,0.0,3,3969,买盘
362,11:19:52,13.23,0.0,12,15876,买盘
363,11:20:27,13.23,0.0,1,1323,卖盘
364,11:22:31,13.23,0.0,2,2646,卖盘
365,11:22:55,13.23,0.0,9,11913,卖盘
366,11:22:58,13.23,0.0,15,19845,买盘
367,11:24:34,13.25,0.02,1,1325,卖盘
368,11:24:43,13.22,-0.03,44,58182,卖盘
369,11:24:49,13.22,0.0,13,17186,买盘
370,11:27:31,13.22,0.0,10,13220,买盘
371,11:28:25,13.22,0.0,25,33050,买盘
372,11:28:49,13.22,0.0,7,9254,买盘
373,11:29:18,13.22,0.0,3,3966,买盘
374,11:30:03,13.3,0.08,1,1330,买盘
375,13:01:06,13.29,-0.01,1,1329,买盘
376,13:02:25,13.29,0.0,1,1329,买盘
377,13:02:52,13.29,0.0,2,2658,卖盘
378,13:02:57,13.22,-0.07,20,26566,卖盘
379,13:06:07,13.21,-0.01,19,25100,卖盘
380,13:07:34,13.28,0.07,2,2656,买盘
381,13:07:46,13.28,0.0,12,15936,卖盘
382,13:07:58,13.28,0.0,18,23904,卖盘
383,13:08:04,13.28,0.0,2,2656,卖盘
384,13:12:24,13.27,-0.01,1,1327,买盘
385,13:12:43,13.23,-0.04,2,2646,卖盘
386,13:14:28,13.27,0.04,5,6635,买盘
387,13:15:37,13.27,0.0,13,17251,买盘
388,13:15:42,13.27,0.0,24,31848,卖盘
389,13:15:49,13.27,0.0,1,1327,卖盘
390,13:15:51,13.28,0.01,45,59719,买盘
391,13:15:58,13.25,-0.03,1,1325,卖盘
392,13:16:30,13.28,0.03,5,6638,买盘
393,13:17:40,13.28,0.0,14,18587,买盘
394,13:17:46,13.28,0.0,3,3984,卖盘
395,13:17:52,13.28,0.0,1,1328,卖盘
396,13:17:58,13.28,0.0,1,1328,卖盘
397,13:18:04,13.28,0.0,1,1328,卖盘
398,13:20:25,13.28,0.0,1,1328,买盘
399,13:20:45,13.22,-0.06,13,17189,卖盘
400,13:20:52,13.22,0.0,12,15864,买盘
401,13:21:01,13.22,0.0,5,6610,买盘
402,13:24:04,13.28,0.06,1,1328,买盘
403,13:24:16,13.28,0.0,1,1328,买盘
404,13:24:42,13.23,-0.05,9,11907,卖盘
405,13:25:13,13.21,-0.02,25,33037,卖盘
406,13:28:36,13.24,0.03,1,1324,卖盘
407,13:28:49,13.25,0.01,1,1325,卖盘
408,13:29:54,13.23,-0.02,4,5292,卖盘
409,13:32:13,13.24,0.01,1,1324,卖盘
410,13:32:19,13.23,-0.01,1,1323,卖盘
411,13:32:25,13.23,0.0,1,1323,卖盘
412,13:32:31,13.21,-0.02,1,1321,卖盘
413,13:32:37,13.21,0.0,2,2644,卖盘
414,13:32:43,13.21,0.0,1,1321,卖盘
415,13:32:49,13.21,0.0,1,1321,卖盘
416,13:32:52,13.21,0.0,4,5284,卖盘
417,13:32:55,13.2,-0.01,1,1320,卖盘
418,13:33:22,13.2,0.0,9,11880,卖盘
419,13:33:40,13.18,-0.02,6,7908,卖盘
420,13:33:46,13.21,0.03,4,5284,买盘
421,13:35:07,13.21,0.0,1,1321,买盘
422,13:35:25,13.18,-0.03,8,10548,卖盘
423,13:35:40,13.18,0.0,1,1318,卖盘
424,13:36:07,13.18,0.0,1,1318,买盘
425,13:37:34,13.17,-0.01,10,13170,卖盘
426,13:38:13,13.17,0.0,6,7902,买盘
427,13:38:19,13.16,-0.01,2,2632,卖盘
428,13:38:31,13.1,-0.06,100,131120,卖盘
429,13:38:52,13.14,0.04,11,14454,卖盘
430,13:39:24,13.14,0.0,2,2629,卖盘
431,13:39:57,13.14,0.0,4,5256,买盘
432,13:40:19,13.14,0.0,5,6570,买盘
433,13:40:58,13.14,0.0,5,6570,买盘
434,13:41:48,13.14,0.0,2,2628,买盘
435,13:41:55,13.13,-0.01,9,11817,卖盘
436,13:43:07,13.18,0.05,1,1318,买盘
437,13:43:19,13.18,0.0,1,1318,买盘
438,13:45:52,13.23,0.05,1,1323,买盘
439,13:46:19,13.19,-0.04,1,1319,卖盘
440,13:46:30,13.19,0.0,1,1319,卖盘
441,13:48:49,13.23,0.04,7,9261,买盘
442,13:50:31,13.23,0.0,1,1323,买盘
443,13:50:34,13.23,0.0,4,5292,买盘
444,13:51:15,13.23,0.0,1,1323,卖盘
445,13:51:21,13.23,0.0,1,1323,卖盘
446,13:51:25,13.23,0.0,24,31752,卖盘
447,13:53:04,13.23,0.0,1,1323,买盘
448,13:54:01,13.21,-0.02,1,1321,卖盘
449,13:54:07,13.21,0.0,2,2642,卖盘
450,13:54:12,13.2,-0.01,1,1320,卖盘
451,13:54:51,13.19,-0.01,15,19785,卖盘
452,13:54:57,13.19,0.0,1,1319,买盘
453,13:56:52,13.18,-0.01,3,3954,卖盘
454,13:57:19,13.17,-0.01,13,17121,卖盘
455,13:57:37,13.17,0.0,13,17121,卖盘
456,13:57:40,13.17,0.0,9,11853,卖盘
457,13:57:46,13.16,-0.01,1,1316,卖盘
458,13:57:48,13.16,0.0,1,1316,卖盘
459,13:57:52,13.16,0.0,1,1316,卖盘
460,13:57:54,13.16,0.0,12,15792,卖盘
461,13:58:31,13.15,-0.01,4,5260,卖盘
462,13:58:33,13.15,0.0,3,3945,买盘
463,13:59:01,13.15,0.0,3,3945,买盘
464,13:59:04,13.14,-0.01,13,17082,卖盘
465,13:59:06,13.15,0.01,3,3945,买盘
466,13:59:21,13.16,0.01,12,15792,买盘
467,13:59:31,13.16,0.0,2,2632,卖盘
468,13:59:55,13.16,0.0,12,15785,买盘
469,14:00:16,13.15,-0.01,12,15780,卖盘
470,14:00:37,13.17,0.02,1,1317,中性盘
471,14:00:43,13.16,-0.01,1,1974,卖盘
472,14:01:01,13.17,0.01,4,5268,买盘
473,14:01:34,13.19,0.02,8,10548,买盘
474,14:05:58,13.24,0.05,6,7944,买盘
475,14:06:22,13.24,0.0,16,21184,买盘
476,14:06:25,13.21,-0.03,2,2642,卖盘
477,14:07:04,13.23,0.02,2,2646,卖盘
478,14:07:54,13.25,0.02,7,9275,中性盘
479,14:08:07,13.25,0.0,10,13250,卖盘
480,14:08:22,13.27,0.02,35,46416,买盘
481,14:08:31,13.27,0.0,2,2654,买盘
482,14:08:40,13.27,0.0,4,5308,买盘
483,14:08:43,13.27,0.0,4,5308,买盘
484,14:09:31,13.26,-0.01,5,6630,卖盘
485,14:09:58,13.26,0.0,3,3978,买盘
486,14:10:52,13.26,0.0,6,7958,卖盘
487,14:11:10,13.26,0.0,2,2652,卖盘
488,14:12:10,13.26,0.0,4,5304,卖盘
489,14:12:52,13.27,0.01,5,6635,卖盘
490,14:13:01,13.27,0.0,6,7962,买盘
491,14:13:16,13.26,-0.01,15,19890,卖盘
492,14:13:28,13.25,-0.01,22,29150,卖盘
493,14:14:22,13.26,0.01,1,1326,卖盘
494,14:14:46,13.26,0.0,3,3978,买盘
495,14:15:43,13.25,-0.01,3,3975,卖盘
496,14:18:31,13.24,-0.01,3,3972,卖盘
497,14:22:42,13.22,-0.02,23,30406,卖盘
498,14:22:55,13.22,0.0,2,2644,买盘
499,14:23:04,13.2,-0.02,13,17162,卖盘
500,14:24:12,13.2,0.0,2,2640,买盘
501,14:24:37,13.2,0.0,1,1320,买盘
502,14:24:40,13.2,0.0,1,1320,买盘
503,14:24:43,13.2,0.0,1,1320,买盘
504,14:24:46,13.2,0.0,1,1320,买盘
505,14:25:07,13.22,0.02,11,14542,买盘
506,14:25:16,13.24,0.02,21,27804,买盘
507,14:25:25,13.25,0.01,3,3975,买盘
508,14:25:28,13.25,0.0,6,7950,买盘
509,14:25:40,13.26,0.01,4,5304,买盘
510,14:25:43,13.26,0.0,9,11934,买盘
511,14:25:52,13.26,0.0,6,7956,卖盘
512,14:26:31,13.27,0.01,1,1327,买盘
513,14:26:40,13.25,-0.02,3,3975,卖盘
514,14:26:52,13.26,0.01,1,1326,卖盘
515,14:27:01,13.22,-0.04,30,39707,卖盘
516,14:27:10,13.23,0.01,3,3969,买盘
517,14:27:34,13.23,0.0,17,22491,买盘
518,14:27:55,13.24,0.01,9,11916,买盘
519,14:28:21,13.23,-0.01,19,25137,卖盘
520,14:29:13,13.23,0.0,1,1323,卖盘
521,14:29:22,13.23,0.0,18,23814,买盘
522,14:29:58,13.23,0.0,12,15876,卖盘
523,14:30:10,13.23,0.0,6,7938,买盘
524,14:30:46,13.23,0.0,17,22491,卖盘
525,14:31:33,13.22,-0.01,5,6610,卖盘
526,14:33:01,13.22,0.0,10,13220,买盘
527,14:33:13,13.2,-0.02,11,14525,卖盘
528,14:33:31,13.2,0.0,1,1320,卖盘
529,14:33:34,13.2,0.0,1,1320,卖盘
530,14:33:52,13.2,0.0,1,1320,卖盘
531,14:33:55,13.2,0.0,1,1320,卖盘
532,14:33:58,13.2,0.0,1,1320,卖盘
533,14:34:46,13.19,-0.01,22,29020,卖盘
534,14:35:48,13.17,-0.02,2,2634,卖盘
535,14:36:46,13.16,-0.01,9,11192,卖盘
536,14:37:28,13.15,-0.01,29,38135,卖盘
537,14:37:40,13.13,-0.02,44,57838,卖盘
538,14:38:16,13.14,0.01,6,7918,卖盘
539,14:38:28,13.15,0.01,25,32875,卖盘
540,14:38:40,13.15,0.0,13,17098,卖盘
541,14:38:45,13.15,0.0,4,5260,买盘
542,14:38:55,13.15,0.0,49,64435,买盘
543,14:39:43,13.22,0.07,2,2644,买盘
544,14:40:04,13.15,-0.07,98,128905,卖盘
545,14:40:27,13.15,0.0,29,37486,卖盘
546,14:40:49,13.15,0.0,16,21040,买盘
547,14:41:07,13.15,0.0,24,31560,买盘
548,14:41:13,13.15,0.0,10,13150,买盘
549,14:41:19,13.15,0.0,17,22355,买盘
550,14:41:31,13.15,0.0,23,30245,买盘
551,14:41:34,13.15,0.0,2,2630,买盘
552,14:41:49,13.15,0.0,2,2630,买盘
553,14:42:07,13.14,-0.01,44,57816,卖盘
554,14:42:19,13.14,0.0,13,17082,卖盘
555,14:42:31,13.13,-0.01,120,157609,卖盘
556,14:42:33,13.15,0.02,7,9862,买盘
557,14:42:49,13.15,0.0,3,3288,卖盘
558,14:43:15,13.15,0.0,10,13150,买盘
559,14:45:13,13.15,0.0,15,19068,卖盘
560,14:46:01,13.15,0.0,2,2630,买盘
561,14:46:07,13.15,0.0,1,1315,买盘
562,14:46:40,13.15,0.0,10,13150,买盘
563,14:49:01,13.15,0.0,5,6575,卖盘
564,14:49:58,13.15,0.0,1,1315,卖盘
565,14:50:01,13.15,0.0,13,16438,卖盘
566,14:50:07,13.14,-0.01,1,1314,卖盘
567,14:50:25,13.14,0.0,1,1314,卖盘
568,14:50:40,13.13,-0.01,48,63026,卖盘
569,14:50:43,13.13,0.0,7,9191,卖盘
570,14:50:46,13.15,0.02,1,1315,买盘
571,14:50:49,13.14,-0.01,5,6570,卖盘
572,14:50:52,13.14,0.0,2,2628,卖盘
573,14:50:58,13.13,-0.01,4,5252,卖盘
574,14:51:04,13.13,0.0,1,1313,卖盘
575,14:51:22,13.13,0.0,53,69589,卖盘
576,14:51:25,13.14,0.01,29,38106,买盘
577,14:51:28,13.14,0.0,1,1314,卖盘
578,14:51:37,13.14,0.0,20,26280,卖盘
579,14:51:58,13.13,-0.01,28,36764,卖盘
580,14:52:22,13.12,-0.01,20,26250,卖盘
581,14:53:13,13.12,0.0,13,17056,卖盘
582,14:53:22,13.13,0.01,30,39390,买盘
583,14:53:25,13.12,-0.01,1,1312,卖盘
584,14:54:04,13.13,0.01,1,1313,卖盘
585,14:54:10,13.13,0.0,4,5252,卖盘
586,14:54:19,13.14,0.01,3,3941,买盘
587,14:54:25,13.13,-0.01,5,6565,卖盘
588,14:54:43,13.12,-0.01,10,13121,卖盘
589,14:54:49,13.12,0.0,1,1312,卖盘
590,14:55:19,13.13,0.01,1,1313,卖盘
591,14:55:25,13.13,0.0,2,2626,卖盘
592,14:55:31,13.13,0.0,1,1313,卖盘
593,14:55:37,13.13,0.0,1,1313,卖盘
594,14:55:40,13.13,0.0,6,7878,卖盘
595,14:55:43,13.13,0.0,2,2626,卖盘
596,14:55:46,13.14,0.01,23,30222,买盘
597,14:56:19,13.14,0.0,3,3942,卖盘
598,14:56:31,13.15,0.01,2,2630,买盘
599,14:56:34,13.14,-0.01,2,2628,卖盘
600,14:56:43,13.14,0.0,1,1314,买盘
601,15:00:05,13.14,0.0,79,103806,卖盘
