,time,price,change,volume,amount,type
0,09:25:04,21.53,0.07,50,107650,买盘
1,09:30:04,21.55,0.02,19,41004,中性盘
2,09:30:07,21.56,0.01,47,101474,中性盘
3,09:30:10,21.59,0.03,30,64770,买盘
4,09:30:13,21.54,-0.05,4,8618,卖盘
5,09:30:22,21.54,0.0,2,4309,卖盘
6,09:30:25,21.57,0.03,1,3450,卖盘
7,09:30:40,21.54,-0.03,2,4308,卖盘
8,09:30:43,21.54,0.0,11,23698,卖盘
9,09:30:46,21.54,0.0,2,4308,卖盘
10,09:30:52,21.54,0.0,55,118489,卖盘
11,09:30:54,21.54,0.0,10,21540,买盘
12,09:30:58,21.53,-0.01,69,148557,卖盘
13,09:31:04,21.53,0.0,2,4306,卖盘
14,09:31:13,21.53,0.0,13,27989,卖盘
15,09:31:16,21.53,0.0,285,613642,卖盘
16,09:31:22,21.52,-0.01,38,81790,卖盘
17,09:31:28,21.5,-0.02,3,6450,卖盘
18,09:31:31,21.5,0.0,6,12903,卖盘
19,09:31:34,21.5,0.0,1,2150,卖盘
20,09:31:37,21.5,0.0,2,4300,卖盘
21,09:31:46,21.5,0.0,20,43003,卖盘
22,09:31:49,21.5,0.0,5,10750,卖盘
23,09:31:52,21.5,0.0,2,4300,卖盘
24,09:31:55,21.51,0.01,20,43020,买盘
25,09:32:01,21.5,-0.01,33,70950,卖盘
26,09:32:05,21.5,0.0,24,51600,卖盘
27,09:32:10,21.48,-0.02,1,2148,卖盘
28,09:32:13,21.47,-0.01,1,2147,卖盘
29,09:32:16,21.5,0.03,7,15046,买盘
30,09:32:22,21.46,-0.04,2,4292,买盘
31,09:32:25,21.5,0.04,11,23623,买盘
32,09:32:34,21.49,-0.01,21,45129,买盘
33,09:32:37,21.48,-0.01,9,19332,中性盘
34,09:32:40,21.48,0.0,20,42984,卖盘
35,09:32:43,21.5,0.02,11,23650,买盘
36,09:32:46,21.5,0.0,10,21496,买盘
37,09:32:48,21.47,-0.03,35,75181,卖盘
38,09:32:55,21.47,0.0,2,4294,买盘
39,09:32:57,21.47,0.0,2,4294,买盘
40,09:33:01,21.47,0.0,3,6441,买盘
41,09:33:07,21.47,0.0,4,8588,买盘
42,09:33:10,21.46,-0.01,1,2146,卖盘
43,09:33:13,21.47,0.01,10,21470,买盘
44,09:33:16,21.47,0.0,1,2147,买盘
45,09:33:19,21.47,0.0,8,17175,买盘
46,09:33:22,21.46,-0.01,3,6438,卖盘
47,09:33:30,21.47,0.01,1,2147,买盘
48,09:33:34,21.49,0.02,13,27913,买盘
49,09:33:40,21.46,-0.03,1,2146,卖盘
50,09:33:46,21.46,0.0,3,6438,卖盘
51,09:33:51,21.46,0.0,4,8584,卖盘
52,09:33:55,21.46,0.0,3,6440,卖盘
53,09:33:58,21.46,0.0,22,47212,卖盘
54,09:34:04,21.47,0.01,1,2147,买盘
55,09:34:13,21.48,0.01,7,15031,买盘
56,09:34:16,21.46,-0.02,7,15022,卖盘
57,09:34:19,21.47,0.01,5,10735,买盘
58,09:34:25,21.49,0.02,7,15039,买盘
59,09:34:28,21.49,0.0,7,15041,买盘
60,09:34:31,21.51,0.02,15,32233,买盘
61,09:34:40,21.47,-0.04,5,10735,卖盘
62,09:34:54,21.49,0.02,2,4298,卖盘
63,09:35:04,21.51,0.02,1,2151,买盘
64,09:35:13,21.49,-0.02,4,8596,卖盘
65,09:35:16,21.49,0.0,2,4298,卖盘
66,09:35:19,21.5,0.01,6,12899,买盘
67,09:35:21,21.5,0.0,2,4300,卖盘
68,09:35:25,21.51,0.01,7,15057,买盘
69,09:35:36,21.51,0.0,1,2151,买盘
70,09:35:40,21.51,0.0,4,8607,卖盘
71,09:35:43,21.51,0.0,3,6453,卖盘
72,09:35:46,21.52,0.01,16,34432,买盘
73,09:35:48,21.52,0.0,10,21520,买盘
74,09:35:55,21.52,0.0,3,6456,卖盘
75,09:36:04,21.52,0.0,29,62409,卖盘
76,09:36:10,21.52,0.0,34,73168,卖盘
77,09:36:13,21.52,0.0,38,81776,卖盘
78,09:36:16,21.51,-0.01,5,10755,卖盘
79,09:36:19,21.51,0.0,25,53775,卖盘
80,09:36:22,21.5,-0.01,11,23666,卖盘
81,09:36:25,21.49,-0.01,119,255870,卖盘
82,09:36:28,21.47,-0.02,66,141707,卖盘
83,09:36:34,21.51,0.04,38,81666,买盘
84,09:36:37,21.51,0.0,18,38718,卖盘
85,09:36:40,21.46,-0.05,38,81733,卖盘
86,09:36:43,21.46,0.0,10,21460,卖盘
87,09:36:46,21.46,0.0,1,2146,卖盘
88,09:36:52,21.46,0.0,1,2146,卖盘
89,09:36:58,21.47,0.01,60,128820,卖盘
90,09:37:04,21.49,0.02,1,2149,买盘
91,09:37:07,21.46,-0.03,21,45086,卖盘
92,09:37:10,21.46,0.0,9,19333,卖盘
93,09:37:13,21.47,0.01,7,15029,买盘
94,09:37:16,21.46,-0.01,4,8584,卖盘
95,09:37:19,21.46,0.0,1,2146,卖盘
96,09:37:22,21.46,0.0,4,8584,卖盘
97,09:37:25,21.48,0.02,43,92350,买盘
98,09:37:28,21.48,0.0,2,4296,卖盘
99,09:37:40,21.49,0.01,9,19339,买盘
100,09:37:43,21.49,0.0,20,42971,买盘
101,09:37:58,21.48,-0.01,8,17184,买盘
102,09:38:04,21.48,0.0,11,23628,买盘
103,09:38:13,21.48,0.0,5,10740,买盘
104,09:38:16,21.48,0.0,5,10740,买盘
105,09:38:19,21.48,0.0,1,2148,卖盘
106,09:38:33,21.49,0.01,27,58023,买盘
107,09:38:37,21.49,0.0,2,4298,卖盘
108,09:38:46,21.49,0.0,1,2149,卖盘
109,09:38:51,21.48,-0.01,8,17184,卖盘
110,09:38:58,21.47,-0.01,5,10735,卖盘
111,09:39:01,21.51,0.04,6,12906,买盘
112,09:39:22,21.47,-0.04,2,4294,卖盘
113,09:39:28,21.47,0.0,5,10735,卖盘
114,09:39:52,21.47,0.0,1,2147,卖盘
115,09:39:54,21.47,0.0,4,8588,卖盘
116,09:39:57,21.47,0.0,1,2147,卖盘
117,09:40:25,21.47,0.0,3,6441,卖盘
118,09:40:28,21.47,0.0,2,4294,卖盘
119,09:40:33,21.47,0.0,2,4294,卖盘
120,09:40:40,21.47,0.0,1,2147,卖盘
121,09:40:54,21.46,-0.01,33,70825,卖盘
122,09:40:57,21.46,0.0,5,10730,卖盘
123,09:41:00,21.46,0.0,96,206016,卖盘
124,09:41:07,21.45,-0.01,170,364671,卖盘
125,09:41:12,21.43,-0.02,6,12858,卖盘
126,09:41:16,21.43,0.0,3,6429,卖盘
127,09:41:22,21.43,0.0,80,171440,卖盘
128,09:41:25,21.41,-0.02,6,12846,卖盘
129,09:41:31,21.41,0.0,12,25692,卖盘
130,09:41:34,21.41,0.0,39,83499,卖盘
131,09:41:40,21.43,0.02,46,98533,买盘
132,09:41:46,21.4,-0.03,3,6420,卖盘
133,09:41:52,21.4,0.0,4,8561,卖盘
134,09:41:55,21.41,0.01,9,19269,买盘
135,09:42:01,21.41,0.0,30,64288,卖盘
136,09:42:19,21.43,0.02,11,23573,买盘
137,09:42:28,21.41,-0.02,6,12846,卖盘
138,09:42:31,21.43,0.02,169,362167,买盘
139,09:42:33,21.43,0.0,8,17144,卖盘
140,09:42:37,21.46,0.03,6,12875,买盘
141,09:42:49,21.45,-0.01,1,2145,卖盘
142,09:42:55,21.45,0.0,2,4290,卖盘
143,09:43:01,21.47,0.02,3,6441,卖盘
144,09:43:16,21.45,-0.02,8,17165,卖盘
145,09:43:22,21.49,0.04,38,81621,买盘
146,09:43:25,21.49,0.0,7,15043,卖盘
147,09:43:27,21.49,0.0,3,6447,卖盘
148,09:43:37,21.49,0.0,7,15043,卖盘
149,09:43:43,21.49,0.0,8,17197,卖盘
150,09:43:54,21.49,0.0,2,4298,买盘
151,09:43:57,21.5,0.01,13,27950,买盘
152,09:44:01,21.49,-0.01,6,12894,卖盘
153,09:44:04,21.49,0.0,6,12894,卖盘
154,09:44:16,21.47,-0.02,5,10735,卖盘
155,09:44:28,21.45,-0.02,6,12870,卖盘
156,09:44:39,21.45,0.0,1,2574,卖盘
157,09:44:52,21.45,0.0,3,6435,卖盘
158,09:44:55,21.44,-0.01,4,8577,买盘
159,09:45:24,21.48,0.04,2,4296,卖盘
160,09:45:28,21.5,0.02,13,27945,买盘
161,09:45:30,21.48,-0.02,1,2148,卖盘
162,09:45:39,21.5,0.02,17,36539,买盘
163,09:45:43,21.5,0.0,10,21500,买盘
164,09:45:49,21.46,-0.04,4,8584,卖盘
165,09:45:54,21.46,0.0,1,2146,卖盘
166,09:46:01,21.46,0.0,1,2146,卖盘
167,09:46:04,21.5,0.04,1,2150,买盘
168,09:46:19,21.46,-0.04,6,12876,卖盘
169,09:46:21,21.5,0.04,17,36550,买盘
170,09:46:27,21.46,-0.04,2,4296,卖盘
171,09:46:45,21.51,0.05,22,47322,买盘
172,09:46:49,21.46,-0.05,3,6438,卖盘
173,09:46:52,21.46,0.0,1,2146,卖盘
174,09:46:57,21.51,0.05,3,6453,买盘
175,09:47:00,21.47,-0.04,1,2147,卖盘
176,09:47:13,21.47,0.0,10,21470,卖盘
177,09:47:22,21.46,-0.01,2,4292,卖盘
178,09:47:30,21.46,0.0,5,10730,卖盘
179,09:47:37,21.5,0.04,2,4300,买盘
180,09:47:39,21.5,0.0,1,2150,买盘
181,09:47:46,21.47,-0.03,14,30058,卖盘
182,09:47:49,21.5,0.03,38,81682,买盘
183,09:47:55,21.5,0.0,1,2150,卖盘
184,09:47:58,21.51,0.01,3,6451,买盘
185,09:48:01,21.5,-0.01,3,6450,卖盘
186,09:48:10,21.51,0.01,3,6453,买盘
187,09:48:16,21.5,-0.01,14,30100,卖盘
188,09:48:19,21.5,0.0,14,30100,卖盘
189,09:48:22,21.47,-0.03,17,36541,卖盘
190,09:48:24,21.46,-0.01,7,15022,卖盘
191,09:48:34,21.46,0.0,7,15022,卖盘
192,09:48:40,21.46,0.0,7,15022,卖盘
193,09:48:43,21.47,0.01,5,10735,买盘
194,09:48:46,21.47,0.0,3,6441,买盘
195,09:48:49,21.46,-0.01,3,6439,卖盘
196,09:48:52,21.47,0.01,1,2147,买盘
197,09:48:55,21.47,0.0,1,2147,买盘
198,09:48:58,21.47,0.0,4,8586,买盘
199,09:49:00,21.46,-0.01,4,8584,卖盘
200,09:49:04,21.47,0.01,4,8588,买盘
201,09:49:22,21.46,-0.01,1,2146,卖盘
202,09:49:28,21.55,0.09,152,327000,买盘
203,09:49:52,21.47,-0.08,4,8598,卖盘
204,09:49:55,21.46,-0.01,4,8584,卖盘
205,09:49:57,21.47,0.01,2,4294,中性盘
206,09:50:18,21.51,0.04,3,6453,买盘
207,09:50:25,21.47,-0.04,1,2147,卖盘
208,09:50:28,21.47,0.0,1,2147,卖盘
209,09:50:31,21.47,0.0,3,6441,卖盘
210,09:50:49,21.47,0.0,6,12882,卖盘
211,09:50:52,21.47,0.0,2,4294,卖盘
212,09:50:55,21.47,0.0,6,12882,卖盘
213,09:51:13,21.51,0.04,1,2151,买盘
214,09:51:28,21.47,-0.04,4,8588,卖盘
215,09:51:30,21.47,0.0,1,2147,卖盘
216,09:51:37,21.51,0.04,1,2151,买盘
217,09:51:52,21.48,-0.03,4,8592,卖盘
218,09:51:54,21.47,-0.01,2,4295,卖盘
219,09:51:57,21.47,0.0,1,2147,卖盘
220,09:52:04,21.47,0.0,5,10735,卖盘
221,09:52:24,21.47,0.0,10,21482,卖盘
222,09:52:52,21.47,0.0,1,2147,卖盘
223,09:52:58,21.47,0.0,5,10735,卖盘
224,09:53:21,21.49,0.02,1,2149,卖盘
225,09:53:31,21.49,0.0,6,12894,卖盘
226,09:53:37,21.51,0.02,5,10755,买盘
227,09:53:40,21.51,0.0,5,10755,买盘
228,09:53:48,21.51,0.0,10,21510,买盘
229,09:53:55,21.49,-0.02,8,17206,卖盘
230,09:53:58,21.49,0.0,5,10745,卖盘
231,09:54:04,21.51,0.02,7,15057,买盘
232,09:54:06,21.49,-0.02,4,8596,卖盘
233,09:54:16,21.51,0.02,10,21510,买盘
234,09:54:19,21.49,-0.02,4,8596,卖盘
235,09:54:25,21.49,0.0,3,6447,卖盘
236,09:54:36,21.49,0.0,4,8596,卖盘
237,09:54:43,21.5,0.01,7,15050,买盘
238,09:54:46,21.49,-0.01,7,15043,卖盘
239,09:54:52,21.5,0.01,8,17200,买盘
240,09:54:58,21.5,0.0,3,6450,卖盘
241,09:55:01,21.5,0.0,5,10750,卖盘
242,09:55:04,21.5,0.0,10,21500,卖盘
243,09:55:07,21.5,0.0,6,12900,卖盘
244,09:55:09,21.49,-0.01,18,38682,卖盘
245,09:55:16,21.49,0.0,8,17192,卖盘
246,09:55:22,21.49,0.0,4,8596,卖盘
247,09:55:24,21.49,0.0,6,12894,卖盘
248,09:55:28,21.48,-0.01,10,21483,卖盘
249,09:55:34,21.48,0.0,32,68736,卖盘
250,09:55:49,21.47,-0.01,4,8588,卖盘
251,09:55:54,21.47,0.0,1,2147,卖盘
252,09:55:58,21.47,0.0,2,4294,卖盘
253,09:56:00,21.47,0.0,2,4294,卖盘
254,09:56:04,21.47,0.0,13,27911,卖盘
255,09:56:07,21.49,0.02,76,163234,买盘
256,09:56:10,21.47,-0.02,16,34361,卖盘
257,09:56:15,21.47,0.0,45,96615,买盘
258,09:56:24,21.46,-0.01,9,19314,卖盘
259,09:56:28,21.46,0.0,2,4292,卖盘
260,09:56:52,21.46,0.0,6,12876,卖盘
261,09:56:55,21.46,0.0,1,2146,卖盘
262,09:57:01,21.46,0.0,6,12876,卖盘
263,09:57:07,21.47,0.01,2,4294,买盘
264,09:57:12,21.47,0.0,11,23617,买盘
265,09:57:25,21.46,-0.01,6,12876,卖盘
266,09:57:31,21.47,0.01,2,4293,买盘
267,09:57:33,21.46,-0.01,4,8584,卖盘
268,09:57:36,21.47,0.01,1,2147,买盘
269,09:57:49,21.45,-0.02,2,4290,卖盘
270,09:57:52,21.47,0.02,1,2147,买盘
271,09:57:58,21.45,-0.02,1,2145,卖盘
272,09:58:01,21.47,0.02,17,36493,买盘
273,09:58:04,21.47,0.0,3,6441,买盘
274,09:58:07,21.48,0.01,19,40795,买盘
275,09:58:22,21.45,-0.03,6,12874,卖盘
276,09:58:28,21.45,0.0,1,2145,卖盘
277,09:58:31,21.49,0.04,2,4298,买盘
278,09:58:33,21.49,0.0,7,15043,买盘
279,09:58:37,21.49,0.0,1,2149,买盘
280,09:58:40,21.49,0.0,8,17192,买盘
281,09:58:43,21.5,0.01,20,43000,买盘
282,09:58:46,21.51,0.01,9,19359,买盘
283,09:58:49,21.52,0.01,70,150581,买盘
284,09:58:52,21.53,0.01,4,8612,买盘
285,09:58:55,21.52,-0.01,4,8608,卖盘
286,09:58:58,21.53,0.01,1,2153,买盘
287,09:59:00,21.53,0.0,10,21530,买盘
288,09:59:03,21.54,0.01,15,32310,买盘
289,09:59:07,21.55,0.01,15,32325,买盘
290,09:59:16,21.55,0.0,14,30170,卖盘
291,09:59:19,21.53,-0.02,11,23706,卖盘
292,09:59:24,21.53,0.0,2,4306,卖盘
293,09:59:27,21.55,0.02,4,8616,买盘
294,09:59:34,21.56,0.01,14,30184,买盘
295,09:59:43,21.55,-0.01,40,86188,买盘
296,09:59:52,21.53,-0.02,4,8612,卖盘
297,09:59:58,21.52,-0.01,12,25835,卖盘
298,10:00:04,21.53,0.01,11,23683,买盘
299,10:00:12,21.51,-0.02,42,90346,卖盘
300,10:00:16,21.53,0.02,15,32279,买盘
301,10:00:40,21.53,0.0,5,10765,买盘
302,10:00:43,21.53,0.0,10,21530,买盘
303,10:00:54,21.54,0.01,7,15078,买盘
304,10:01:04,21.55,0.01,22,47410,买盘
305,10:01:07,21.54,-0.01,45,96932,卖盘
306,10:01:16,21.54,0.0,1,2154,卖盘
307,10:01:33,21.54,0.0,15,32297,买盘
308,10:01:49,21.55,0.01,2,4310,买盘
309,10:02:04,21.55,0.0,2,4310,买盘
310,10:02:24,21.55,0.0,15,32325,卖盘
311,10:02:31,21.54,-0.01,28,60334,卖盘
312,10:02:39,21.55,0.01,14,30170,卖盘
313,10:02:49,21.55,0.0,8,17240,卖盘
314,10:02:52,21.55,0.0,8,17240,买盘
315,10:02:55,21.54,-0.01,18,38773,卖盘
316,10:03:01,21.54,0.0,1,2154,卖盘
317,10:03:03,21.54,0.0,5,10770,卖盘
318,10:03:37,21.53,-0.01,8,17224,卖盘
319,10:04:04,21.53,0.0,16,34448,卖盘
320,10:04:10,21.52,-0.01,8,17216,卖盘
321,10:04:19,21.53,0.01,2,4306,买盘
322,10:04:22,21.52,-0.01,10,21527,卖盘
323,10:04:34,21.54,0.02,2,4308,买盘
324,10:04:39,21.52,-0.02,7,15064,卖盘
325,10:04:42,21.54,0.02,2,4308,买盘
326,10:04:52,21.54,0.0,1,2154,买盘
327,10:05:01,21.54,0.0,1,2154,买盘
328,10:05:15,21.51,-0.03,8,17212,卖盘
329,10:05:31,21.54,0.03,1,2154,买盘
330,10:05:39,21.51,-0.03,8,17208,卖盘
331,10:05:42,21.54,0.03,12,25848,买盘
332,10:05:52,21.54,0.0,1,2154,买盘
333,10:05:55,21.55,0.01,26,56016,买盘
334,10:06:01,21.55,0.0,3,6465,买盘
335,10:06:04,21.55,0.0,7,15085,买盘
336,10:06:06,21.52,-0.03,8,17216,中性盘
337,10:06:13,21.55,0.03,6,12930,买盘
338,10:06:37,21.54,-0.01,7,15078,卖盘
339,10:06:39,21.52,-0.02,10,21526,卖盘
340,10:06:49,21.55,0.03,11,23698,买盘
341,10:07:10,21.52,-0.03,8,17216,卖盘
342,10:07:13,21.55,0.03,15,32325,买盘
343,10:07:18,21.55,0.0,17,36635,买盘
344,10:07:24,21.56,0.01,10,21560,买盘
345,10:07:31,21.57,0.01,38,81966,买盘
346,10:07:37,21.56,-0.01,101,217950,卖盘
347,10:07:48,21.57,0.01,3,6471,买盘
348,10:07:55,21.57,0.0,2,4314,买盘
349,10:08:01,21.58,0.01,10,21580,买盘
350,10:08:13,21.58,0.0,14,29780,买盘
351,10:08:25,21.59,0.01,6,12954,买盘
352,10:08:33,21.58,-0.01,15,32802,卖盘
353,10:09:00,21.59,0.01,41,88501,买盘
354,10:09:03,21.58,-0.01,4,8632,买盘
355,10:09:13,21.59,0.01,10,21582,买盘
356,10:10:16,21.58,-0.01,7,15106,买盘
357,10:10:19,21.58,0.0,7,15106,买盘
358,10:10:22,21.59,0.01,8,17266,买盘
359,10:10:25,21.59,0.0,5,10795,买盘
360,10:10:27,21.59,0.0,14,30226,买盘
361,10:10:30,21.59,0.0,30,64338,买盘
362,10:10:34,21.6,0.01,29,62640,买盘
363,10:10:37,21.6,0.0,38,82080,买盘
364,10:10:46,21.61,0.01,21,45367,买盘
365,10:10:52,21.61,0.0,14,30254,买盘
366,10:10:55,21.61,0.0,9,19449,买盘
367,10:11:31,21.63,0.02,5,10815,买盘
368,10:11:37,21.63,0.0,1,2163,买盘
369,10:11:42,21.61,-0.02,10,21612,卖盘
370,10:11:52,21.62,0.01,9,19458,中性盘
371,10:12:01,21.62,0.0,1,2162,买盘
372,10:12:10,21.61,-0.01,5,10805,卖盘
373,10:12:15,21.62,0.01,10,21620,买盘
374,10:12:22,21.61,-0.01,14,30254,卖盘
375,10:12:30,21.6,-0.01,25,54000,卖盘
376,10:12:43,21.59,-0.01,7,15113,卖盘
377,10:12:46,21.59,0.0,8,17272,卖盘
378,10:13:01,21.6,0.01,30,64800,买盘
379,10:13:12,21.59,-0.01,2,4318,卖盘
380,10:13:34,21.59,0.0,26,56134,卖盘
381,10:13:40,21.6,0.01,7,15120,买盘
382,10:13:43,21.59,-0.01,5,10795,卖盘
383,10:14:00,21.59,0.0,2,4318,卖盘
384,10:14:04,21.6,0.01,7,15117,买盘
385,10:14:10,21.61,0.01,21,45361,买盘
386,10:14:22,21.58,-0.03,5,10790,卖盘
387,10:14:28,21.58,0.0,4,8632,买盘
388,10:14:40,21.6,0.02,20,43200,买盘
389,10:14:52,21.61,0.01,1,2161,买盘
390,10:14:55,21.61,0.0,7,15127,买盘
391,10:14:57,21.6,-0.01,20,43200,卖盘
392,10:15:10,21.63,0.03,100,216213,买盘
393,10:15:13,21.6,-0.03,13,28080,卖盘
394,10:16:52,21.62,0.02,3,6486,买盘
395,10:16:55,21.62,0.0,9,19458,买盘
396,10:17:12,21.62,0.0,2,4324,买盘
397,10:17:16,21.61,-0.01,3,6485,卖盘
398,10:17:27,21.61,0.0,77,166514,卖盘
399,10:17:40,21.61,0.0,5,10805,卖盘
400,10:17:42,21.64,0.03,10,21637,买盘
401,10:17:57,21.65,0.01,233,504361,买盘
402,10:18:13,21.65,0.0,10,21650,买盘
403,10:18:28,21.62,-0.03,12,25965,卖盘
404,10:18:37,21.65,0.03,20,43297,买盘
405,10:18:40,21.63,-0.02,4,8652,卖盘
406,10:18:51,21.65,0.02,30,64908,买盘
407,10:18:58,21.62,-0.03,35,75670,卖盘
408,10:19:31,21.62,0.0,9,19458,买盘
409,10:19:42,21.62,0.0,6,12972,买盘
410,10:19:58,21.62,0.0,1,2162,卖盘
411,10:20:06,21.63,0.01,20,43260,买盘
412,10:20:21,21.64,0.01,7,15148,买盘
413,10:20:30,21.62,-0.02,65,140572,卖盘
414,10:20:34,21.62,0.0,2,4324,买盘
415,10:20:55,21.62,0.0,15,32430,买盘
416,10:21:04,21.62,0.0,10,21620,买盘
417,10:21:10,21.62,0.0,20,43240,买盘
418,10:21:16,21.62,0.0,13,28106,买盘
419,10:21:31,21.62,0.0,3,6486,卖盘
420,10:21:37,21.65,0.03,11,23814,买盘
421,10:21:54,21.62,-0.03,10,21620,卖盘
422,10:21:57,21.64,0.02,1,2164,买盘
423,10:22:01,21.64,0.0,1,2164,卖盘
424,10:22:04,21.64,0.0,5,10820,卖盘
425,10:22:06,21.64,0.0,2,4328,卖盘
426,10:22:15,21.65,0.01,7,15155,买盘
427,10:22:22,21.63,-0.02,20,43279,卖盘
428,10:23:00,21.62,-0.01,20,43240,卖盘
429,10:23:06,21.63,0.01,10,21630,买盘
430,10:23:13,21.62,-0.01,14,30268,卖盘
431,10:23:19,21.62,0.0,10,21620,卖盘
432,10:23:28,21.62,0.0,13,28106,卖盘
433,10:23:40,21.61,-0.01,10,21610,卖盘
434,10:23:57,21.61,0.0,19,41059,卖盘
435,10:24:07,21.61,0.0,20,43220,卖盘
436,10:24:09,21.61,0.0,1,2161,卖盘
437,10:24:19,21.61,0.0,1,2161,卖盘
438,10:24:22,21.61,0.0,5,10805,卖盘
439,10:24:25,21.61,0.0,5,10805,卖盘
440,10:24:28,21.6,-0.01,12,25934,卖盘
441,10:24:31,21.61,0.01,1,2161,买盘
442,10:25:16,21.6,-0.01,9,19440,卖盘
443,10:25:22,21.6,0.0,1,2160,卖盘
444,10:25:33,21.6,0.0,7,15120,买盘
445,10:25:42,21.6,0.0,3,6480,买盘
446,10:25:45,21.61,0.01,21,45381,买盘
447,10:25:58,21.62,0.01,7,15131,买盘
448,10:26:19,21.62,0.0,33,71346,买盘
449,10:26:21,21.62,0.0,4,8648,买盘
450,10:26:31,21.63,0.01,6,12978,买盘
451,10:26:33,21.64,0.01,7,15148,买盘
452,10:26:43,21.65,0.01,73,158045,买盘
453,10:26:55,21.66,0.01,4,8664,买盘
454,10:26:58,21.66,0.0,3,6497,买盘
455,10:27:01,21.68,0.02,154,333849,买盘
456,10:27:10,21.68,0.0,10,21680,买盘
457,10:27:13,21.69,0.01,21,45543,买盘
458,10:27:16,21.69,0.0,40,86760,买盘
459,10:27:19,21.69,0.0,50,108450,买盘
460,10:27:22,21.69,0.0,12,26028,买盘
461,10:27:24,21.69,0.0,2,4338,卖盘
462,10:27:27,21.69,0.0,2,4338,卖盘
463,10:27:34,21.7,0.01,86,186620,买盘
464,10:27:37,21.71,0.01,7,15197,买盘
465,10:27:40,21.72,0.01,71,154151,买盘
466,10:27:46,21.73,0.01,22,47806,买盘
467,10:27:52,21.75,0.02,10,21750,买盘
468,10:27:55,21.76,0.01,7,15227,买盘
469,10:27:58,21.75,-0.01,2,4350,卖盘
470,10:28:01,21.76,0.01,5,10880,买盘
471,10:28:04,21.75,-0.01,1,2175,卖盘
472,10:28:07,21.76,0.01,7,15232,买盘
473,10:28:10,21.75,-0.01,19,41325,卖盘
474,10:28:12,21.75,0.0,74,160957,卖盘
475,10:28:16,21.75,0.0,44,95700,卖盘
476,10:28:18,21.75,0.0,55,119625,买盘
477,10:28:21,21.75,0.0,4,8700,买盘
478,10:28:24,21.73,-0.02,1,2173,卖盘
479,10:28:28,21.75,0.02,20,43499,买盘
480,10:28:31,21.75,0.0,24,52200,买盘
481,10:28:34,21.75,0.0,14,30450,买盘
482,10:28:37,21.75,0.0,10,21750,卖盘
483,10:28:42,21.75,0.0,52,113100,卖盘
484,10:28:55,21.73,-0.02,6,13038,卖盘
485,10:28:58,21.75,0.02,5,10875,买盘
486,10:29:01,21.74,-0.01,5,10870,中性盘
487,10:29:13,21.74,0.0,23,50000,买盘
488,10:29:19,21.73,-0.01,1,2173,卖盘
489,10:29:22,21.73,0.0,11,23901,买盘
490,10:29:25,21.74,0.01,7,15213,买盘
491,10:29:31,21.73,-0.01,7,15207,买盘
492,10:29:33,21.71,-0.02,1,2171,卖盘
493,10:29:37,21.71,0.0,7,15197,买盘
494,10:29:48,21.73,0.02,7,15203,买盘
495,10:29:55,21.71,-0.02,19,41249,买盘
496,10:29:58,21.73,0.02,1,2173,买盘
497,10:30:01,21.73,0.0,7,15211,买盘
498,10:30:13,21.72,-0.01,1,2172,买盘
499,10:30:16,21.73,0.01,21,45614,买盘
500,10:30:28,21.73,0.0,3,6515,买盘
501,10:30:37,21.73,0.0,4,8692,买盘
502,10:30:43,21.7,-0.03,43,93378,卖盘
503,10:30:46,21.75,0.05,195,423903,买盘
504,10:31:00,21.76,0.01,1,2176,买盘
505,10:31:04,21.76,0.0,25,54400,买盘
506,10:31:10,21.76,0.0,5,10880,买盘
507,10:31:13,21.76,0.0,39,84830,买盘
508,10:31:16,21.77,0.01,40,87080,买盘
509,10:31:25,21.78,0.01,10,21776,买盘
510,10:31:28,21.77,-0.01,40,87080,卖盘
511,10:31:31,21.76,-0.01,23,50069,卖盘
512,10:31:37,21.76,0.0,1,2176,卖盘
513,10:31:40,21.76,0.0,31,67456,卖盘
514,10:31:43,21.76,0.0,3,6528,卖盘
515,10:31:46,21.77,0.01,30,65290,买盘
516,10:31:49,21.76,-0.01,51,110976,卖盘
517,10:31:52,21.76,0.0,5,10880,卖盘
518,10:31:55,21.77,0.01,40,87055,买盘
519,10:31:58,21.75,-0.02,17,36977,卖盘
520,10:32:01,21.76,0.01,1,2176,中性盘
521,10:32:10,21.75,-0.01,3,6525,卖盘
522,10:32:16,21.75,0.0,67,145725,卖盘
523,10:32:19,21.75,0.0,40,87000,卖盘
524,10:32:22,21.75,0.0,20,43500,卖盘
525,10:32:39,21.75,0.0,18,39150,卖盘
526,10:32:46,21.75,0.0,17,36975,卖盘
527,10:32:49,21.75,0.0,18,39150,卖盘
528,10:32:55,21.75,0.0,20,43500,卖盘
529,10:33:01,21.75,0.0,30,65250,卖盘
530,10:33:04,21.76,0.01,1,2176,买盘
531,10:33:07,21.75,-0.01,162,352350,卖盘
532,10:33:19,21.75,0.0,2,4350,买盘
533,10:33:21,21.7,-0.05,25,54358,卖盘
534,10:33:25,21.75,0.05,7,15225,买盘
535,10:33:31,21.73,-0.02,14,30422,买盘
536,10:33:34,21.73,0.0,20,43460,买盘
537,10:33:37,21.73,0.0,7,15211,买盘
538,10:33:40,21.73,0.0,4,8692,买盘
539,10:33:43,21.74,0.01,6,13044,买盘
540,10:33:46,21.73,-0.01,18,39114,中性盘
541,10:33:49,21.75,0.02,7,15220,买盘
542,10:33:52,21.75,0.0,20,43495,买盘
543,10:33:58,21.75,0.0,7,15224,买盘
544,10:34:01,21.75,0.0,71,154425,买盘
545,10:34:07,21.75,0.0,5,10875,买盘
546,10:34:10,21.75,0.0,2,4350,买盘
547,10:34:13,21.75,0.0,4,8700,买盘
548,10:34:16,21.75,0.0,16,34800,买盘
549,10:34:19,21.75,0.0,22,47850,买盘
550,10:34:22,21.74,-0.01,35,76115,卖盘
551,10:34:24,21.76,0.02,10,21760,买盘
552,10:34:30,21.77,0.01,48,104488,买盘
553,10:34:34,21.78,0.01,141,307082,买盘
554,10:34:40,21.75,-0.03,96,208833,卖盘
555,10:34:46,21.78,0.03,16,34848,买盘
556,10:34:49,21.79,0.01,50,108938,买盘
557,10:34:57,21.79,0.0,12,26129,买盘
558,10:35:04,21.79,0.0,51,111129,买盘
559,10:35:07,21.76,-0.03,7,15233,卖盘
560,10:35:10,21.79,0.03,5,10895,买盘
561,10:35:15,21.79,0.0,21,45748,买盘
562,10:35:25,21.79,0.0,208,453188,买盘
563,10:35:31,21.8,0.01,280,610400,买盘
564,10:35:34,21.8,0.0,349,760820,买盘
565,10:35:37,21.8,0.0,56,122080,买盘
566,10:35:40,21.76,-0.04,19,41380,卖盘
567,10:35:43,21.8,0.04,96,209268,买盘
568,10:35:46,21.8,0.0,8,17440,卖盘
569,10:35:55,21.8,0.0,9,19618,买盘
570,10:36:01,21.79,-0.01,1,2179,买盘
571,10:36:04,21.79,0.0,13,28327,买盘
572,10:36:07,21.79,0.0,3,6537,买盘
573,10:36:10,21.78,-0.01,10,21780,卖盘
574,10:36:15,21.83,0.05,157,342526,买盘
575,10:36:21,21.78,-0.05,5,10890,卖盘
576,10:36:31,21.82,0.04,2,4364,买盘
577,10:36:34,21.8,-0.02,10,21800,买盘
578,10:36:52,21.79,-0.01,13,28327,卖盘
579,10:36:57,21.79,0.0,2,4358,卖盘
580,10:37:06,21.78,-0.01,20,43560,卖盘
581,10:37:10,21.78,0.0,6,13068,卖盘
582,10:37:13,21.78,0.0,10,21780,卖盘
583,10:37:16,21.79,0.01,2,4358,买盘
584,10:37:21,21.79,0.0,2,4358,买盘
585,10:37:31,21.78,-0.01,19,41382,卖盘
586,10:37:40,21.78,0.0,3,6534,卖盘
587,10:37:48,21.78,0.0,10,21780,卖盘
588,10:37:51,21.79,0.01,32,69714,买盘
589,10:38:01,21.78,-0.01,7,15246,买盘
590,10:38:10,21.77,-0.01,38,82726,卖盘
591,10:38:16,21.78,0.01,10,21780,买盘
592,10:38:19,21.77,-0.01,12,26126,卖盘
593,10:38:22,21.78,0.01,4,8712,买盘
594,10:38:33,21.78,0.0,23,50094,买盘
595,10:38:43,21.78,0.0,3,6534,买盘
596,10:38:55,21.78,0.0,5,10890,卖盘
597,10:39:07,21.78,0.0,7,15251,卖盘
598,10:39:10,21.79,0.01,8,17432,买盘
599,10:39:16,21.79,0.0,12,26143,买盘
600,10:39:19,21.78,-0.01,20,43560,卖盘
601,10:39:22,21.79,0.01,9,19611,买盘
602,10:39:28,21.79,0.0,14,30506,买盘
603,10:39:31,21.79,0.0,1,2179,卖盘
604,10:39:36,21.8,0.01,12,26155,买盘
605,10:39:39,21.79,-0.01,18,39222,卖盘
606,10:39:52,21.79,0.0,22,47938,买盘
607,10:40:04,21.79,0.0,20,43580,卖盘
608,10:40:07,21.79,0.0,10,21790,买盘
609,10:40:10,21.8,0.01,20,43600,买盘
610,10:40:19,21.8,0.0,7,15260,买盘
611,10:40:21,21.8,0.0,3,6540,买盘
612,10:40:25,21.8,0.0,7,15258,买盘
613,10:40:27,21.79,-0.01,45,98073,卖盘
614,10:40:31,21.8,0.01,50,109000,买盘
615,10:40:34,21.8,0.0,2,4360,买盘
616,10:40:37,21.79,-0.01,53,115512,卖盘
617,10:40:51,21.79,0.0,2,4358,买盘
618,10:40:55,21.8,0.01,18,39240,卖盘
619,10:41:07,21.8,0.0,10,21800,卖盘
620,10:41:16,21.8,0.0,21,45780,卖盘
621,10:41:21,21.81,0.01,6,13081,买盘
622,10:41:24,21.8,-0.01,5,10900,卖盘
623,10:41:27,21.81,0.01,22,47976,买盘
624,10:41:39,21.8,-0.01,11,23980,买盘
625,10:41:43,21.8,0.0,50,109000,买盘
626,10:41:46,21.8,0.0,9,19620,买盘
627,10:41:52,21.8,0.0,6,13080,卖盘
628,10:41:55,21.8,0.0,3,6540,卖盘
629,10:41:58,21.8,0.0,7,15260,卖盘
630,10:42:04,21.8,0.0,26,56680,买盘
631,10:42:10,21.8,0.0,2,4360,卖盘
632,10:42:16,21.8,0.0,33,71940,卖盘
633,10:42:25,21.8,0.0,10,21800,买盘
634,10:42:30,21.79,-0.01,15,32685,卖盘
635,10:42:33,21.8,0.01,2,4360,买盘
636,10:42:37,21.8,0.0,10,21800,买盘
637,10:42:58,21.8,0.0,19,41420,买盘
638,10:43:07,21.79,-0.01,9,19613,卖盘
639,10:43:10,21.79,0.0,13,28327,卖盘
640,10:43:13,21.79,0.0,10,21790,卖盘
641,10:43:22,21.79,0.0,21,45759,卖盘
642,10:43:31,21.79,0.0,1,2179,买盘
643,10:43:34,21.79,0.0,7,15253,买盘
644,10:43:37,21.79,0.0,7,15253,买盘
645,10:43:39,21.79,0.0,5,10895,买盘
646,10:43:43,21.79,0.0,32,69718,买盘
647,10:43:46,21.8,0.01,81,176505,买盘
648,10:43:49,21.8,0.0,14,30520,买盘
649,10:43:52,21.8,0.0,7,15260,买盘
650,10:43:55,21.78,-0.02,12,26140,卖盘
651,10:43:57,21.8,0.02,50,109000,买盘
652,10:44:01,21.79,-0.01,3,6537,买盘
653,10:44:04,21.79,0.0,6,13074,买盘
654,10:44:06,21.8,0.01,1,2180,买盘
655,10:44:09,21.8,0.0,10,21800,中性盘
656,10:44:16,21.8,0.0,10,21800,卖盘
657,10:44:19,21.81,0.01,4,8724,买盘
658,10:44:22,21.81,0.0,14,30521,买盘
659,10:44:27,21.8,-0.01,10,21800,卖盘
660,10:44:31,21.8,0.0,3,6540,卖盘
661,10:44:33,21.8,0.0,17,37060,卖盘
662,10:44:52,21.79,-0.01,11,23976,卖盘
663,10:44:55,21.8,0.01,2,4360,买盘
664,10:44:58,21.8,0.0,12,26160,买盘
665,10:45:04,21.79,-0.01,20,43594,卖盘
666,10:45:07,21.79,0.0,3,6537,买盘
667,10:45:15,21.79,0.0,3,6537,买盘
668,10:45:22,21.8,0.01,9,19620,买盘
669,10:45:40,21.8,0.0,10,21800,卖盘
670,10:45:46,21.81,0.01,23,50163,买盘
671,10:45:52,21.81,0.0,5,10905,买盘
672,10:45:55,21.81,0.0,2,4362,买盘
673,10:46:07,21.81,0.0,3,6543,买盘
674,10:46:15,21.81,0.0,10,21810,买盘
675,10:46:19,21.82,0.01,64,139648,买盘
676,10:46:22,21.82,0.0,1,2182,卖盘
677,10:46:28,21.83,0.01,2,4366,买盘
678,10:46:34,21.83,0.0,30,65490,买盘
679,10:46:40,21.82,-0.01,13,28366,卖盘
680,10:46:45,21.83,0.01,4,8732,买盘
681,10:46:48,21.82,-0.01,2,4364,卖盘
682,10:47:04,21.83,0.01,45,98235,买盘
683,10:47:21,21.85,0.02,100,218473,买盘
684,10:47:28,21.84,-0.01,33,72067,中性盘
685,10:47:31,21.84,0.0,4,8737,卖盘
686,10:47:34,21.84,0.0,63,137669,卖盘
687,10:47:36,21.84,0.0,4,8738,卖盘
688,10:47:46,21.84,0.0,3,6552,卖盘
689,10:47:49,21.84,0.0,15,32764,卖盘
690,10:47:55,21.84,0.0,50,109247,卖盘
691,10:47:57,21.84,0.0,11,24024,卖盘
692,10:48:01,21.84,0.0,28,61152,卖盘
693,10:48:04,21.84,0.0,2,4368,买盘
694,10:48:07,21.83,-0.01,1,2183,卖盘
695,10:48:09,21.86,0.03,81,176983,买盘
696,10:48:25,21.85,-0.01,1,2185,中性盘
697,10:48:33,21.86,0.01,1,2186,买盘
698,10:48:42,21.86,0.0,3,6558,买盘
699,10:48:46,21.86,0.0,70,153000,买盘
700,10:48:49,21.86,0.0,4,8744,买盘
701,10:48:52,21.85,-0.01,10,21854,卖盘
702,10:49:04,21.86,0.01,46,100556,买盘
703,10:49:07,21.85,-0.01,20,43700,卖盘
704,10:49:13,21.85,0.0,20,43700,卖盘
705,10:49:16,21.85,0.0,39,85216,卖盘
706,10:49:22,21.85,0.0,3,6555,卖盘
707,10:49:28,21.84,-0.01,1,2184,卖盘
708,10:49:37,21.85,0.01,11,24035,买盘
709,10:49:40,21.84,-0.01,1,2184,卖盘
710,10:49:48,21.84,0.0,5,10920,买盘
711,10:49:51,21.84,0.0,1,2184,中性盘
712,10:49:54,21.85,0.01,1,2185,买盘
713,10:50:01,21.84,-0.01,7,15288,卖盘
714,10:50:04,21.84,0.0,30,65520,买盘
715,10:50:13,21.83,-0.01,41,89503,卖盘
716,10:50:18,21.82,-0.01,92,200744,卖盘
717,10:50:24,21.82,0.0,28,61104,卖盘
718,10:50:31,21.82,0.0,11,24003,卖盘
719,10:50:37,21.82,0.0,4,8728,卖盘
720,10:50:40,21.82,0.0,72,157104,卖盘
721,10:50:46,21.82,0.0,10,21820,买盘
722,10:50:55,21.8,-0.02,10,21801,卖盘
723,10:51:04,21.8,0.0,20,43600,卖盘
724,10:51:07,21.82,0.02,12,26184,买盘
725,10:51:36,21.8,-0.02,3,6540,卖盘
726,10:51:43,21.8,0.0,3,6540,买盘
727,10:51:45,21.82,0.02,100,218176,买盘
728,10:51:54,21.79,-0.03,10,21790,卖盘
729,10:52:01,21.82,0.03,100,218192,买盘
730,10:52:07,21.79,-0.03,10,21790,卖盘
731,10:52:10,21.82,0.03,23,50186,买盘
732,10:52:16,21.82,0.0,3,6546,卖盘
733,10:52:25,21.8,-0.02,2,4360,买盘
734,10:52:37,21.8,0.0,13,28340,买盘
735,10:53:16,21.8,0.0,1,2180,买盘
736,10:53:43,21.8,0.0,4,8720,买盘
737,10:53:52,21.79,-0.01,34,74087,卖盘
738,10:54:04,21.79,0.0,10,21790,买盘
739,10:54:10,21.79,0.0,7,15253,买盘
740,10:54:16,21.78,-0.01,9,19602,卖盘
741,10:54:19,21.78,0.0,7,15246,卖盘
742,10:54:21,21.79,0.01,9,19611,买盘
743,10:54:24,21.8,0.01,7,15254,买盘
744,10:54:27,21.8,0.0,13,28334,买盘
745,10:54:33,21.81,0.01,7,15266,买盘
746,10:54:40,21.79,-0.02,2,4358,卖盘
747,10:54:42,21.82,0.03,16,34908,买盘
748,10:54:49,21.82,0.0,1,2182,买盘
749,10:54:52,21.83,0.01,7,15278,买盘
750,10:54:58,21.8,-0.03,21,45780,卖盘
751,10:55:09,21.79,-0.01,1,2179,卖盘
752,10:55:12,21.79,0.0,15,32685,卖盘
753,10:55:15,21.79,0.0,3,6537,卖盘
754,10:55:22,21.8,0.01,2,4360,买盘
755,10:55:31,21.8,0.0,15,32700,买盘
756,10:55:37,21.8,0.0,10,21800,买盘
757,10:55:40,21.79,-0.01,2,4358,卖盘
758,10:55:45,21.8,0.01,1,2180,买盘
759,10:55:52,21.8,0.0,20,43600,买盘
760,10:55:57,21.8,0.0,10,21800,买盘
761,10:56:04,21.8,0.0,25,54490,买盘
762,10:56:10,21.8,0.0,2,4360,卖盘
763,10:56:25,21.82,0.02,6,13092,买盘
764,10:56:31,21.84,0.02,28,61133,买盘
765,10:56:45,21.83,-0.01,3,6543,买盘
766,10:57:01,21.84,0.01,28,61146,买盘
767,10:57:06,21.81,-0.03,3,6543,卖盘
768,10:57:10,21.83,0.02,10,21830,卖盘
769,10:57:16,21.83,0.0,1,2183,卖盘
770,10:57:19,21.85,0.02,108,235838,买盘
771,10:57:43,21.81,-0.04,1,2181,卖盘
772,10:57:45,21.8,-0.01,2,4360,卖盘
773,10:57:51,21.81,0.01,1,2181,买盘
774,10:58:06,21.81,0.0,1,2181,买盘
775,10:58:12,21.8,-0.01,10,21800,卖盘
776,10:58:16,21.83,0.03,10,21810,买盘
777,10:58:19,21.84,0.01,22,48047,买盘
778,10:58:22,21.84,0.0,28,61152,买盘
779,10:58:28,21.83,-0.01,3,6549,买盘
780,10:58:31,21.84,0.01,14,30576,买盘
781,10:58:34,21.84,0.0,6,13104,买盘
782,10:58:37,21.85,0.01,14,30588,买盘
783,10:58:46,21.83,-0.02,142,310321,卖盘
784,10:58:49,21.87,0.04,222,485430,买盘
785,10:58:58,21.88,0.01,109,238489,买盘
786,10:59:01,21.88,0.0,2,4376,买盘
787,10:59:07,21.88,0.0,6,13128,买盘
788,10:59:16,21.87,-0.01,2,4374,卖盘
789,10:59:22,21.88,0.01,6,13128,买盘
790,10:59:25,21.89,0.01,320,700182,买盘
791,10:59:42,21.86,-0.03,16,34999,卖盘
792,10:59:46,21.86,0.0,2,4372,卖盘
793,10:59:51,21.89,0.03,1,2189,买盘
794,10:59:54,21.88,-0.01,2,4376,中性盘
795,11:00:16,21.88,0.0,2,4376,买盘
796,11:00:19,21.86,-0.02,1,2186,卖盘
797,11:00:28,21.86,0.0,1,2186,卖盘
798,11:00:43,21.87,0.01,5,10935,买盘
799,11:00:46,21.88,0.01,200,437598,买盘
800,11:00:49,21.88,0.0,3,6560,买盘
801,11:00:52,21.88,0.0,50,109400,买盘
802,11:01:04,21.89,0.01,226,494645,买盘
803,11:01:06,21.89,0.0,2,4378,卖盘
804,11:01:16,21.9,0.01,30,65696,买盘
805,11:01:19,21.89,-0.01,3,6564,买盘
806,11:01:21,21.9,0.01,50,109491,买盘
807,11:01:28,21.89,-0.01,8,17512,买盘
808,11:01:31,21.89,0.0,30,65670,买盘
809,11:01:34,21.89,0.0,7,15323,买盘
810,11:01:49,21.89,0.0,3,6568,卖盘
811,11:01:55,21.89,0.0,15,32835,卖盘
812,11:02:01,21.89,0.0,5,10945,买盘
813,11:02:04,21.89,0.0,3,6567,买盘
814,11:02:06,21.88,-0.01,50,109400,买盘
815,11:02:19,21.86,-0.02,2,4372,卖盘
816,11:02:22,21.88,0.02,3,6562,买盘
817,11:02:33,21.86,-0.02,48,104928,卖盘
818,11:02:37,21.86,0.0,41,89626,买盘
819,11:02:40,21.86,0.0,6,13116,卖盘
820,11:02:46,21.88,0.02,1,2188,买盘
821,11:02:49,21.86,-0.02,1,2186,卖盘
822,11:02:51,21.86,0.0,2,4372,卖盘
823,11:03:00,21.86,0.0,11,24046,买盘
824,11:03:03,21.88,0.02,58,126895,买盘
825,11:03:10,21.88,0.0,1,2188,卖盘
826,11:03:16,21.88,0.0,2,4376,卖盘
827,11:03:19,21.88,0.0,2,4376,卖盘
828,11:03:34,21.88,0.0,9,19699,卖盘
829,11:03:37,21.89,0.01,7,15323,买盘
830,11:03:40,21.88,-0.01,5,10940,卖盘
831,11:03:43,21.89,0.01,1,2189,买盘
832,11:03:49,21.88,-0.01,2,4376,卖盘
833,11:03:55,21.88,0.0,3,6564,卖盘
834,11:03:58,21.86,-0.02,36,78696,卖盘
835,11:04:03,21.89,0.03,7,15322,买盘
836,11:04:06,21.89,0.0,7,15320,买盘
837,11:04:19,21.86,-0.03,11,24046,卖盘
838,11:04:37,21.86,0.0,5,10930,卖盘
839,11:04:43,21.88,0.02,1,2188,买盘
840,11:04:45,21.86,-0.02,1,2186,卖盘
841,11:04:49,21.86,0.0,2,4372,卖盘
842,11:05:04,21.89,0.03,69,151032,买盘
843,11:05:16,21.86,-0.03,49,107130,卖盘
844,11:05:22,21.86,0.0,1,2186,买盘
845,11:05:25,21.89,0.03,15,32829,买盘
846,11:05:27,21.89,0.0,35,76615,买盘
847,11:05:30,21.9,0.01,35,76637,买盘
848,11:05:34,21.9,0.0,7,15330,买盘
849,11:05:40,21.9,0.0,42,91980,买盘
850,11:05:42,21.9,0.0,6,13140,买盘
851,11:05:45,21.9,0.0,70,153300,买盘
852,11:05:49,21.9,0.0,1,2190,卖盘
853,11:05:58,21.9,0.0,3,6570,卖盘
854,11:06:10,21.9,0.0,6,13140,卖盘
855,11:06:12,21.9,0.0,101,221190,卖盘
856,11:06:15,21.93,0.03,5,10965,买盘
857,11:06:19,21.9,-0.03,2,4380,卖盘
858,11:06:22,21.93,0.03,10,21930,买盘
859,11:06:34,21.9,-0.03,10,21900,卖盘
860,11:06:37,21.93,0.03,2,4386,买盘
861,11:06:42,21.93,0.0,1,2193,买盘
862,11:06:49,21.9,-0.03,22,48240,卖盘
863,11:06:52,21.93,0.03,4,8772,买盘
864,11:07:03,21.93,0.0,46,100878,买盘
865,11:07:16,21.93,0.0,8,17544,卖盘
866,11:07:19,21.9,-0.03,1,2190,卖盘
867,11:07:22,21.94,0.04,20,43868,买盘
868,11:07:40,21.93,-0.01,11,24123,买盘
869,11:07:46,21.94,0.01,65,142581,买盘
870,11:07:49,21.9,-0.04,2,4380,卖盘
871,11:08:12,21.9,0.0,3,6570,卖盘
872,11:08:19,21.9,0.0,2,4380,卖盘
873,11:08:21,21.92,0.02,50,109600,买盘
874,11:08:24,21.92,0.0,2,4384,买盘
875,11:08:31,21.9,-0.02,50,109500,卖盘
876,11:08:39,21.91,0.01,5,10955,买盘
877,11:08:49,21.9,-0.01,2,4381,卖盘
878,11:09:00,21.91,0.01,1,2191,买盘
879,11:09:07,21.9,-0.01,1,2190,卖盘
880,11:09:21,21.9,0.0,2,4380,卖盘
881,11:09:34,21.91,0.01,3,6573,买盘
882,11:09:39,21.9,-0.01,3,6570,卖盘
883,11:09:42,21.91,0.01,1,2191,买盘
884,11:09:49,21.9,-0.01,42,91982,卖盘
885,11:09:52,21.89,-0.01,2,4378,卖盘
886,11:10:13,21.9,0.01,14,30655,买盘
887,11:10:22,21.88,-0.02,1,2188,卖盘
888,11:10:37,21.9,0.02,14,30660,买盘
889,11:10:39,21.92,0.02,1,2192,买盘
890,11:10:52,21.9,-0.02,2,4380,卖盘
891,11:11:22,21.9,0.0,9,19710,卖盘
892,11:11:46,21.91,0.01,11,24101,买盘
893,11:11:52,21.9,-0.01,2,4380,卖盘
894,11:11:55,21.91,0.01,1,2191,买盘
895,11:12:00,21.91,0.0,33,72303,买盘
896,11:12:04,21.91,0.0,8,17528,卖盘
897,11:12:06,21.91,0.0,5,10955,卖盘
898,11:12:10,21.91,0.0,28,61348,卖盘
899,11:12:13,21.92,0.01,22,48204,买盘
900,11:12:16,21.91,-0.01,3,6573,卖盘
901,11:12:19,21.91,0.0,3,6573,卖盘
902,11:12:22,21.9,-0.01,2,4380,卖盘
903,11:12:24,21.9,0.0,9,19710,卖盘
904,11:12:30,21.9,0.0,8,17520,卖盘
905,11:12:37,21.91,0.01,2,4381,买盘
906,11:12:40,21.9,-0.01,18,39420,卖盘
907,11:12:52,21.88,-0.02,1,2188,卖盘
908,11:12:54,21.9,0.02,39,85370,买盘
909,11:12:58,21.9,0.0,2,4380,卖盘
910,11:13:09,21.9,0.0,57,124830,卖盘
911,11:13:16,21.9,0.0,12,26280,卖盘
912,11:13:18,21.88,-0.02,4,8752,中性盘
913,11:13:22,21.87,-0.01,2,4374,卖盘
914,11:13:28,21.88,0.01,6,13128,买盘
915,11:13:31,21.87,-0.01,10,21870,卖盘
916,11:13:36,21.88,0.01,2,4376,买盘
917,11:13:40,21.88,0.0,1,2188,买盘
918,11:13:52,21.87,-0.01,2,4374,卖盘
919,11:13:57,21.9,0.03,59,129206,买盘
920,11:14:15,21.9,0.0,4,8760,卖盘
921,11:14:18,21.9,0.0,9,19710,卖盘
922,11:14:22,21.9,0.0,1,2190,卖盘
923,11:14:25,21.91,0.01,50,109550,买盘
924,11:14:42,21.91,0.0,16,35041,买盘
925,11:14:52,21.91,0.0,25,54776,卖盘
926,11:14:55,21.91,0.0,10,21910,卖盘
927,11:15:09,21.9,-0.01,10,21900,卖盘
928,11:15:15,21.9,0.0,3,6570,卖盘
929,11:15:22,21.91,0.01,6,13144,买盘
930,11:15:28,21.9,-0.01,42,91980,卖盘
931,11:15:46,21.9,0.0,7,15330,买盘
932,11:15:48,21.9,0.0,1,2190,买盘
933,11:15:51,21.87,-0.03,3,6567,卖盘
934,11:16:06,21.87,0.0,1,2187,卖盘
935,11:16:22,21.87,0.0,2,4374,卖盘
936,11:16:28,21.89,0.02,1,2189,买盘
937,11:16:43,21.9,0.01,18,39407,买盘
938,11:16:46,21.9,0.0,7,15330,买盘
939,11:16:49,21.9,0.0,8,17520,买盘
940,11:16:55,21.87,-0.03,2,4376,卖盘
941,11:16:58,21.91,0.04,36,78847,买盘
942,11:17:04,21.9,-0.01,18,39420,卖盘
943,11:17:07,21.91,0.01,7,15337,买盘
944,11:17:21,21.9,-0.01,16,35040,卖盘
945,11:17:24,21.91,0.01,3,6572,买盘
946,11:17:37,21.91,0.0,2,4382,买盘
947,11:17:42,21.91,0.0,1,2191,买盘
948,11:17:46,21.91,0.0,6,13141,买盘
949,11:17:51,21.91,0.0,1,2191,买盘
950,11:17:54,21.87,-0.04,4,8756,卖盘
951,11:18:22,21.89,0.02,10,21890,卖盘
952,11:18:25,21.89,0.0,14,30658,卖盘
953,11:18:30,21.9,0.01,18,39420,买盘
954,11:18:37,21.91,0.01,1,2191,买盘
955,11:18:43,21.91,0.0,27,59137,买盘
956,11:18:46,21.9,-0.01,1,2190,卖盘
957,11:18:49,21.9,0.0,1,2190,买盘
958,11:18:52,21.9,0.0,1,2190,买盘
959,11:18:55,21.89,-0.01,1,2189,卖盘
960,11:18:57,21.9,0.01,9,19710,买盘
961,11:19:07,21.9,0.0,18,39420,买盘
962,11:19:09,21.91,0.01,13,28483,买盘
963,11:19:22,21.9,-0.01,2,4380,卖盘
964,11:19:31,21.91,0.01,2,4382,买盘
965,11:19:36,21.91,0.0,1,2191,买盘
966,11:19:39,21.9,-0.01,13,28470,卖盘
967,11:19:52,21.9,0.0,2,4380,买盘
968,11:19:55,21.89,-0.01,2,4378,卖盘
969,11:20:04,21.9,0.01,2,4380,买盘
970,11:20:09,21.9,0.0,3,6570,买盘
971,11:20:22,21.9,0.0,1,2190,买盘
972,11:20:25,21.89,-0.01,1,2189,卖盘
973,11:20:54,21.89,0.0,2,4378,卖盘
974,11:20:57,21.91,0.02,63,138026,买盘
975,11:21:04,21.9,-0.01,1,2190,买盘
976,11:21:10,21.89,-0.01,14,30646,卖盘
977,11:21:13,21.9,0.01,1,2190,买盘
978,11:21:15,21.9,0.0,4,8760,买盘
979,11:21:19,21.89,-0.01,12,26268,卖盘
980,11:21:22,21.89,0.0,10,21890,卖盘
981,11:21:25,21.89,0.0,1,2189,卖盘
982,11:21:37,21.89,0.0,3,6567,卖盘
983,11:21:45,21.9,0.01,1,2190,买盘
984,11:21:55,21.89,-0.01,2,4378,卖盘
985,11:22:00,21.9,0.01,1,2190,买盘
986,11:22:06,21.89,-0.01,2,4378,卖盘
987,11:22:12,21.9,0.01,9,19702,买盘
988,11:22:16,21.9,0.0,2,4380,买盘
989,11:22:25,21.89,-0.01,23,50345,中性盘
990,11:22:28,21.89,0.0,7,15323,买盘
991,11:22:31,21.91,0.02,139,304432,买盘
992,11:22:33,21.91,0.0,14,30674,买盘
993,11:22:37,21.91,0.0,1,2191,买盘
994,11:22:40,21.91,0.0,2,4382,买盘
995,11:22:42,21.91,0.0,22,48202,买盘
996,11:22:46,21.91,0.0,1,876,卖盘
997,11:22:55,21.91,0.0,54,118367,卖盘
998,11:23:00,21.93,0.02,50,109621,买盘
999,11:23:07,21.93,0.0,86,188598,买盘
1000,11:23:10,21.93,0.0,1,2193,买盘
1001,11:23:13,21.93,0.0,3,6579,买盘
1002,11:23:16,21.93,0.0,2,4386,买盘
1003,11:23:24,21.92,-0.01,1,2192,卖盘
1004,11:23:34,21.93,0.01,1,2193,买盘
1005,11:23:37,21.93,0.0,2,4386,买盘
1006,11:23:57,21.93,0.0,4,8772,买盘
1007,11:24:01,21.92,-0.01,10,21920,卖盘
1008,11:24:15,21.92,0.0,2,4384,买盘
1009,11:24:18,21.94,0.02,242,530746,买盘
1010,11:24:21,21.92,-0.02,2,4384,中性盘
1011,11:24:34,21.94,0.02,3,6582,买盘
1012,11:24:43,21.94,0.0,7,15358,买盘
1013,11:24:46,21.94,0.0,1,2194,买盘
1014,11:24:49,21.93,-0.01,86,188744,卖盘
1015,11:25:16,21.94,0.01,3,6582,卖盘
1016,11:25:22,21.94,0.0,2,4388,卖盘
1017,11:25:25,21.94,0.0,3,6582,卖盘
1018,11:25:34,21.94,0.0,10,21942,卖盘
1019,11:25:39,21.94,0.0,10,21940,买盘
1020,11:25:46,21.94,0.0,2,4388,买盘
1021,11:26:19,21.94,0.0,1,2194,买盘
1022,11:26:43,21.94,0.0,62,136028,买盘
1023,11:26:46,21.94,0.0,1,2194,卖盘
1024,11:26:51,21.95,0.01,1,2195,买盘
1025,11:26:55,21.95,0.0,1,2195,买盘
1026,11:27:04,21.94,-0.01,94,206236,卖盘
1027,11:27:13,21.94,0.0,1,2194,卖盘
1028,11:27:18,21.94,0.0,3,6582,买盘
1029,11:27:24,21.94,0.0,8,17552,买盘
1030,11:27:34,21.94,0.0,6,13166,中性盘
1031,11:27:46,21.95,0.01,9,19755,买盘
1032,11:27:49,21.94,-0.01,65,142617,卖盘
1033,11:27:52,21.95,0.01,7,15365,买盘
1034,11:27:55,21.94,-0.01,4,8776,卖盘
1035,11:28:00,21.94,0.0,50,109700,买盘
1036,11:28:03,21.94,0.0,7,15358,买盘
1037,11:28:18,21.95,0.01,12,26332,买盘
1038,11:28:25,21.94,-0.01,25,54850,买盘
1039,11:28:33,21.95,0.01,1,2195,买盘
1040,11:28:49,21.94,-0.01,2,4388,卖盘
1041,11:29:10,21.94,0.0,14,30717,卖盘
1042,11:29:13,21.94,0.0,5,10970,卖盘
1043,11:29:25,21.94,0.0,2,4388,卖盘
1044,11:29:28,21.94,0.0,2,4388,卖盘
1045,11:29:31,21.94,0.0,10,21940,卖盘
1046,11:29:34,21.94,0.0,11,24135,卖盘
1047,11:29:36,21.94,0.0,5,10970,卖盘
1048,11:29:40,21.95,0.01,51,111945,买盘
1049,11:29:46,21.94,-0.01,45,98730,卖盘
1050,11:29:49,21.95,0.01,12,26340,买盘
1051,11:29:55,21.95,0.0,17,37305,买盘
1052,11:30:01,21.95,0.0,7,15365,买盘
1053,13:00:05,21.95,0.0,19,41705,买盘
1054,13:00:07,21.96,0.01,462,1014865,买盘
1055,13:00:10,21.96,0.0,7,15372,卖盘
1056,13:00:13,21.96,0.0,10,21960,卖盘
1057,13:00:15,21.96,0.0,7,15372,卖盘
1058,13:00:19,21.97,0.01,20,43940,买盘
1059,13:00:21,21.96,-0.01,2,4392,卖盘
1060,13:00:25,21.96,0.0,21,46116,卖盘
1061,13:00:27,21.96,0.0,4,8784,卖盘
1062,13:00:31,21.96,0.0,7,15372,卖盘
1063,13:00:34,21.97,0.01,29,63706,买盘
1064,13:00:37,21.96,-0.01,7,15372,卖盘
1065,13:00:42,21.97,0.01,14,30754,买盘
1066,13:00:49,21.97,0.0,10,21970,买盘
1067,13:00:55,21.97,0.0,15,32955,买盘
1068,13:00:58,21.96,-0.01,34,74664,卖盘
1069,13:01:01,21.96,0.0,1,2196,卖盘
1070,13:01:04,21.96,0.0,69,151524,卖盘
1071,13:01:06,21.96,0.0,165,362341,卖盘
1072,13:01:10,21.96,0.0,35,76421,卖盘
1073,13:01:16,21.95,-0.01,13,28547,卖盘
1074,13:01:18,21.95,0.0,1,2195,卖盘
1075,13:01:21,21.95,0.0,57,125115,卖盘
1076,13:01:25,21.95,0.0,100,220478,卖盘
1077,13:01:28,21.95,0.0,7,14487,卖盘
1078,13:01:34,21.95,0.0,1,2195,买盘
1079,13:01:36,21.94,-0.01,20,43880,卖盘
1080,13:01:43,21.94,0.0,50,109700,卖盘
1081,13:01:48,21.94,0.0,1,2194,卖盘
1082,13:01:54,21.95,0.01,10,22828,买盘
1083,13:01:58,21.95,0.0,5,10975,卖盘
1084,13:02:00,21.94,-0.01,40,86916,卖盘
1085,13:02:04,21.94,0.0,5,10970,买盘
1086,13:02:13,21.94,0.0,5,11848,买盘
1087,13:02:16,21.94,0.0,1,2194,卖盘
1088,13:02:19,21.94,0.0,3,6582,卖盘
1089,13:02:30,21.95,0.01,1,2195,买盘
1090,13:03:21,21.95,0.0,5,10975,买盘
1091,13:03:31,21.95,0.0,1,2195,买盘
1092,13:03:55,21.95,0.0,3,6585,买盘
1093,13:04:21,21.94,-0.01,5,10970,卖盘
1094,13:04:31,21.95,0.01,1,2195,买盘
1095,13:04:49,21.94,-0.01,7,14480,卖盘
1096,13:05:01,21.94,0.0,9,20624,买盘
1097,13:05:04,21.94,0.0,10,21940,卖盘
1098,13:05:28,21.95,0.01,1,2195,买盘
1099,13:05:33,21.93,-0.02,70,153544,卖盘
1100,13:05:39,21.95,0.02,11,24583,买盘
1101,13:06:04,21.95,0.0,50,109750,买盘
1102,13:06:19,21.94,-0.01,5,10970,卖盘
1103,13:06:39,21.95,0.01,20,43900,买盘
1104,13:06:49,21.95,0.0,1,2195,买盘
1105,13:06:51,21.94,-0.01,2,4388,卖盘
1106,13:07:09,21.94,0.0,8,17552,卖盘
1107,13:07:15,21.94,0.0,5,10531,卖盘
1108,13:07:28,21.93,-0.01,1,2193,卖盘
1109,13:07:31,21.93,0.0,2,4386,卖盘
1110,13:07:34,21.93,0.0,11,23246,卖盘
1111,13:07:37,21.93,0.0,1,2193,买盘
1112,13:07:43,21.93,0.0,3,6579,买盘
1113,13:07:48,21.92,-0.01,1,2192,卖盘
1114,13:07:57,21.93,0.01,109,239137,卖盘
1115,13:08:13,21.92,-0.01,4,8768,卖盘
1116,13:08:33,21.94,0.02,18,41233,买盘
1117,13:08:40,21.94,0.0,5,10970,卖盘
1118,13:08:48,21.94,0.0,21,46074,卖盘
1119,13:08:57,21.94,0.0,7,13603,卖盘
1120,13:09:21,21.93,-0.01,73,161843,卖盘
1121,13:09:30,21.95,0.02,101,221688,买盘
1122,13:09:34,21.93,-0.02,16,35088,卖盘
1123,13:09:48,21.94,0.01,2,4388,买盘
1124,13:09:51,21.95,0.01,2,4390,买盘
1125,13:10:28,21.95,0.0,1,2195,买盘
1126,13:10:43,21.93,-0.02,29,63616,卖盘
1127,13:10:49,21.95,0.02,196,430220,买盘
1128,13:10:54,21.95,0.0,3,6585,卖盘
1129,13:11:25,21.96,0.01,1,2196,买盘
1130,13:11:31,21.95,-0.01,3,6585,卖盘
1131,13:11:54,21.94,-0.01,1,2194,卖盘
1132,13:12:12,21.94,0.0,119,261186,卖盘
1133,13:12:18,21.94,0.0,1,2194,买盘
1134,13:12:21,21.94,0.0,1,2194,买盘
1135,13:12:28,21.94,0.0,23,50462,买盘
1136,13:13:01,21.95,0.01,28,61460,买盘
1137,13:13:31,21.95,0.0,50,109750,买盘
1138,13:13:40,21.95,0.0,1,2195,买盘
1139,13:13:55,21.94,-0.01,11,22730,卖盘
1140,13:13:57,21.94,0.0,29,65030,卖盘
1141,13:14:00,21.96,0.02,73,160225,买盘
1142,13:14:10,21.94,-0.02,2,4388,中性盘
1143,13:14:37,21.95,0.01,1,2195,买盘
1144,13:14:52,21.94,-0.01,302,663282,中性盘
1145,13:14:58,21.95,0.01,30,65850,买盘
1146,13:15:04,21.95,0.0,1,2195,中性盘
1147,13:15:07,21.95,0.0,10,21950,卖盘
1148,13:15:33,21.96,0.01,1,2196,买盘
1149,13:15:39,21.96,0.0,2,4392,买盘
1150,13:15:42,21.96,0.0,1,2196,买盘
1151,13:15:45,21.97,0.01,100,219692,买盘
1152,13:16:12,21.97,0.0,22,46928,买盘
1153,13:16:25,21.97,0.0,1,2197,卖盘
1154,13:16:31,21.98,0.01,1,2198,买盘
1155,13:16:42,21.97,-0.01,10,21970,卖盘
1156,13:16:52,21.97,0.0,6,13182,卖盘
1157,13:16:54,21.98,0.01,21,46158,买盘
1158,13:17:00,21.98,0.0,30,65940,买盘
1159,13:17:09,21.98,0.0,20,43960,买盘
1160,13:17:19,21.98,0.0,20,43960,买盘
1161,13:17:24,21.97,-0.01,2,4394,卖盘
1162,13:17:28,21.98,0.01,207,455865,买盘
1163,13:17:37,21.98,0.0,94,206704,卖盘
1164,13:17:40,21.99,0.01,54,118746,买盘
1165,13:17:43,21.98,-0.01,20,43960,卖盘
1166,13:17:49,22.0,0.02,93,204527,买盘
1167,13:17:54,22.0,0.0,300,660000,买盘
1168,13:17:57,22.0,0.0,61,134200,买盘
1169,13:18:00,22.0,0.0,105,231000,买盘
1170,13:18:04,22.01,0.01,4,8804,买盘
1171,13:18:07,22.05,0.04,237,522259,买盘
1172,13:18:10,22.01,-0.04,20,44020,中性盘
1173,13:18:24,22.03,0.02,1,2203,买盘
1174,13:18:28,22.05,0.02,93,205060,买盘
1175,13:18:42,22.03,-0.02,2,4406,买盘
1176,13:18:51,22.01,-0.02,10,22010,卖盘
1177,13:18:55,22.04,0.03,14,30852,买盘
1178,13:19:04,22.04,0.0,6,13219,买盘
1179,13:19:07,22.03,-0.01,1,2203,卖盘
1180,13:19:10,22.05,0.02,81,178563,买盘
1181,13:19:13,22.04,-0.01,5,11020,中性盘
1182,13:19:16,22.04,0.0,10,22040,卖盘
1183,13:19:22,22.04,0.0,1,2204,卖盘
1184,13:19:25,22.05,0.01,257,566673,买盘
1185,13:19:30,22.03,-0.02,4,8812,卖盘
1186,13:19:34,22.04,0.01,2,4408,买盘
1187,13:19:40,22.04,0.0,3,6612,买盘
1188,13:19:48,22.03,-0.01,5,11016,卖盘
1189,13:19:52,22.03,0.0,2,4406,卖盘
1190,13:20:01,22.03,0.0,6,13218,买盘
1191,13:20:13,22.03,0.0,2,4406,买盘
1192,13:20:28,22.02,-0.01,10,22020,卖盘
1193,13:20:36,22.02,0.0,15,33030,卖盘
1194,13:20:46,22.02,0.0,15,33030,买盘
1195,13:20:52,22.01,-0.01,1,2201,卖盘
1196,13:20:55,22.02,0.01,1,2202,买盘
1197,13:21:22,22.02,0.0,4,8808,买盘
1198,13:21:30,22.02,0.0,1,2202,买盘
1199,13:21:37,22.01,-0.01,1,2201,卖盘
1200,13:21:42,22.01,0.0,127,279535,卖盘
1201,13:21:49,22.01,0.0,5,11005,卖盘
1202,13:21:52,22.01,0.0,10,22010,卖盘
1203,13:21:54,22.02,0.01,51,112260,买盘
1204,13:21:57,22.0,-0.02,25,55013,卖盘
1205,13:22:10,22.02,0.02,11,24222,买盘
1206,13:22:12,22.0,-0.02,20,44000,卖盘
1207,13:22:24,22.01,0.01,1,2201,买盘
1208,13:22:28,22.01,0.0,35,77002,买盘
1209,13:22:34,22.0,-0.01,5,11000,卖盘
1210,13:22:37,22.0,0.0,3,6600,卖盘
1211,13:22:46,22.0,0.0,22,48400,卖盘
1212,13:22:49,21.99,-0.01,7,15393,卖盘
1213,13:22:55,22.0,0.01,2,4400,买盘
1214,13:23:01,21.99,-0.01,32,70368,卖盘
1215,13:23:03,21.98,-0.01,33,72560,卖盘
1216,13:23:06,21.99,0.01,18,39565,中性盘
1217,13:23:10,21.98,-0.01,7,15386,卖盘
1218,13:23:12,21.98,0.0,1,2198,卖盘
1219,13:23:19,21.98,0.0,3,6594,卖盘
1220,13:23:22,21.98,0.0,5,10991,卖盘
1221,13:23:30,21.98,0.0,7,15386,卖盘
1222,13:23:34,21.98,0.0,10,21980,卖盘
1223,13:23:42,21.98,0.0,3,6594,卖盘
1224,13:23:45,21.98,0.0,5,10990,卖盘
1225,13:23:55,21.98,0.0,2,4396,卖盘
1226,13:24:00,21.98,0.0,5,10990,卖盘
1227,13:24:04,21.98,0.0,18,38685,卖盘
1228,13:24:10,21.98,0.0,2,4396,买盘
1229,13:24:13,21.97,-0.01,5,10985,卖盘
1230,13:24:22,21.98,0.01,1,2198,买盘
1231,13:24:40,21.97,-0.01,1,2197,卖盘
1232,13:24:54,21.97,0.0,1,2197,卖盘
1233,13:25:10,21.97,0.0,25,54925,卖盘
1234,13:25:16,21.97,0.0,1,3603,卖盘
1235,13:25:25,21.97,0.0,1,2197,买盘
1236,13:25:43,21.97,0.0,1,2197,买盘
1237,13:25:49,21.97,0.0,2,4394,买盘
1238,13:25:58,21.96,-0.01,20,43920,卖盘
1239,13:26:01,21.97,0.01,4,8788,买盘
1240,13:26:21,21.97,0.0,21,46136,买盘
1241,13:26:24,21.96,-0.01,5,10980,卖盘
1242,13:26:28,21.96,0.0,59,129564,卖盘
1243,13:26:31,21.96,0.0,1,2196,买盘
1244,13:26:33,21.96,0.0,7,15372,买盘
1245,13:26:39,21.96,0.0,1,2196,买盘
1246,13:26:45,21.96,0.0,1,2196,买盘
1247,13:26:58,21.95,-0.01,10,21950,卖盘
1248,13:27:13,21.95,0.0,12,26340,卖盘
1249,13:27:16,21.95,0.0,19,41705,卖盘
1250,13:27:21,21.96,0.01,1,2196,买盘
1251,13:27:31,21.95,-0.01,30,65850,卖盘
1252,13:27:43,21.95,0.0,10,21950,卖盘
1253,13:27:45,21.95,0.0,10,21950,卖盘
1254,13:27:51,21.96,0.01,1,2196,买盘
1255,13:27:58,21.96,0.0,7,15372,买盘
1256,13:28:04,21.96,0.0,5,10980,买盘
1257,13:28:10,21.96,0.0,8,17568,买盘
1258,13:28:19,21.96,0.0,5,10978,买盘
1259,13:28:28,21.97,0.01,1,2197,买盘
1260,13:28:57,21.96,-0.01,1,2196,卖盘
1261,13:29:04,21.96,0.0,5,10980,买盘
1262,13:29:24,21.96,0.0,1,2196,买盘
1263,13:29:27,21.95,-0.01,8,17560,卖盘
1264,13:29:31,21.96,0.01,4,8784,买盘
1265,13:29:34,21.97,0.01,1,2197,买盘
1266,13:30:04,21.96,-0.01,1,2196,卖盘
1267,13:30:16,21.96,0.0,1,2196,卖盘
1268,13:30:19,21.96,0.0,10,21960,卖盘
1269,13:30:22,21.96,0.0,15,32940,卖盘
1270,13:30:24,21.97,0.01,1,2197,买盘
1271,13:30:48,21.97,0.0,87,189733,买盘
1272,13:30:51,21.97,0.0,2,4394,卖盘
1273,13:30:54,21.97,0.0,11,25573,卖盘
1274,13:31:01,21.97,0.0,6,13182,买盘
1275,13:31:21,21.96,-0.01,5,10980,卖盘
1276,13:31:34,21.96,0.0,8,17568,卖盘
1277,13:31:43,21.96,0.0,5,10980,卖盘
1278,13:32:07,21.96,0.0,40,87840,卖盘
1279,13:32:52,21.97,0.01,100,219700,买盘
1280,13:33:13,21.96,-0.01,10,21960,卖盘
1281,13:33:16,21.96,0.0,8,17568,卖盘
1282,13:33:27,21.96,0.0,2,4392,买盘
1283,13:34:01,21.96,0.0,2,4392,买盘
1284,13:34:13,21.96,0.0,6,13176,买盘
1285,13:34:19,21.95,-0.01,15,32925,卖盘
1286,13:34:31,21.95,0.0,8,17560,卖盘
1287,13:34:43,21.95,0.0,1,2195,卖盘
1288,13:34:51,21.95,0.0,15,32925,卖盘
1289,13:35:07,21.95,0.0,2,4390,卖盘
1290,13:35:13,21.95,0.0,20,43900,卖盘
1291,13:35:18,21.95,0.0,7,15365,卖盘
1292,13:35:25,21.95,0.0,50,109750,卖盘
1293,13:35:31,21.95,0.0,1,2195,卖盘
1294,13:35:36,21.95,0.0,82,179990,卖盘
1295,13:35:46,21.95,0.0,25,54875,买盘
1296,13:35:49,21.95,0.0,10,21950,卖盘
1297,13:35:57,21.95,0.0,32,70240,卖盘
1298,13:36:01,21.95,0.0,5,10975,卖盘
1299,13:36:04,21.95,0.0,16,35120,卖盘
1300,13:36:07,21.95,0.0,16,35120,卖盘
1301,13:36:22,21.93,-0.02,7,15351,卖盘
1302,13:36:31,21.93,0.0,2,4386,卖盘
1303,13:36:34,21.93,0.0,2,4386,卖盘
1304,13:36:37,21.93,0.0,1,2193,卖盘
1305,13:36:40,21.93,0.0,4,8772,卖盘
1306,13:36:46,21.93,0.0,6,13158,卖盘
1307,13:36:49,21.93,0.0,1,2193,卖盘
1308,13:36:58,21.93,0.0,1,2193,卖盘
1309,13:37:04,21.92,-0.01,80,175389,卖盘
1310,13:37:19,21.92,0.0,110,241120,卖盘
1311,13:37:24,21.92,0.0,5,9206,卖盘
1312,13:37:30,21.9,-0.02,1,2190,卖盘
1313,13:37:46,21.9,0.0,4,8760,卖盘
1314,13:38:06,21.88,-0.02,10,21880,卖盘
1315,13:38:22,21.88,0.0,5,10940,买盘
1316,13:38:27,21.88,0.0,32,70016,买盘
1317,13:38:31,21.87,-0.01,29,63423,卖盘
1318,13:38:34,21.87,0.0,15,32819,卖盘
1319,13:38:40,21.87,0.0,1,2187,卖盘
1320,13:38:46,21.87,0.0,6,13122,卖盘
1321,13:38:52,21.88,0.01,45,98460,买盘
1322,13:38:54,21.88,0.0,5,10940,卖盘
1323,13:38:58,21.89,0.01,17,37213,买盘
1324,13:39:15,21.87,-0.02,10,21875,卖盘
1325,13:39:57,21.89,0.02,3,6567,买盘
1326,13:40:07,21.89,0.0,10,21890,卖盘
1327,13:40:13,21.89,0.0,17,37213,卖盘
1328,13:40:16,21.89,0.0,3,6567,买盘
1329,13:40:28,21.92,0.03,97,212562,买盘
1330,13:40:33,21.92,0.0,4,8769,卖盘
1331,13:40:55,21.9,-0.02,17,37230,买盘
1332,13:41:04,21.9,0.0,6,13140,买盘
1333,13:41:10,21.89,-0.01,6,13138,卖盘
1334,13:41:16,21.9,0.01,5,10950,中性盘
1335,13:41:31,21.89,-0.01,5,10945,卖盘
1336,13:41:43,21.9,0.01,6,13140,买盘
1337,13:41:51,21.9,0.0,2,4380,买盘
1338,13:42:18,21.9,0.0,2,4380,买盘
1339,13:42:24,21.9,0.0,5,10950,买盘
1340,13:42:37,21.9,0.0,2,4380,卖盘
1341,13:42:46,21.9,0.0,11,24090,卖盘
1342,13:42:55,21.9,0.0,2,4380,卖盘
1343,13:43:10,21.9,0.0,23,50370,买盘
1344,13:43:15,21.9,0.0,31,67890,卖盘
1345,13:43:21,21.92,0.02,5,10960,买盘
1346,13:43:46,21.92,0.0,30,65760,买盘
1347,13:43:55,21.92,0.0,18,39456,买盘
1348,13:44:15,21.93,0.01,3,6579,买盘
1349,13:44:19,21.93,0.0,7,15351,卖盘
1350,13:44:39,21.92,-0.01,10,21920,卖盘
1351,13:45:01,21.92,0.0,1,2192,买盘
1352,13:45:15,21.91,-0.01,20,43820,卖盘
1353,13:45:22,21.92,0.01,4,8768,买盘
1354,13:45:25,21.91,-0.01,50,109551,卖盘
1355,13:46:00,21.91,0.0,2,4382,卖盘
1356,13:46:39,21.91,0.0,37,81067,卖盘
1357,13:47:03,21.91,0.0,7,15337,卖盘
1358,13:47:18,21.91,0.0,3,6573,买盘
1359,13:47:34,21.91,0.0,20,43820,卖盘
1360,13:47:43,21.91,0.0,2,4382,卖盘
1361,13:47:48,21.92,0.01,1,2192,买盘
1362,13:47:51,21.91,-0.01,10,21911,卖盘
1363,13:48:24,21.91,0.0,12,26292,卖盘
1364,13:48:39,21.91,0.0,1,2191,卖盘
1365,13:48:42,21.91,0.0,1,2191,卖盘
1366,13:49:04,21.91,0.0,2,4382,卖盘
1367,13:49:18,21.92,0.01,13,28487,买盘
1368,13:49:57,21.92,0.0,5,10960,卖盘
1369,13:50:13,21.91,-0.01,50,109551,卖盘
1370,13:50:24,21.9,-0.01,5,10951,卖盘
1371,13:50:45,21.91,0.01,46,100786,卖盘
1372,13:50:48,21.91,0.0,7,15337,卖盘
1373,13:50:58,21.91,0.0,2,4382,卖盘
1374,13:51:07,21.91,0.0,5,10955,卖盘
1375,13:51:21,21.91,0.0,12,26292,买盘
1376,13:51:37,21.9,-0.01,60,131400,卖盘
1377,13:51:40,21.91,0.01,5,10955,买盘
1378,13:51:52,21.91,0.0,4,8764,卖盘
1379,13:52:10,21.93,0.02,10,21926,买盘
1380,13:52:19,21.91,-0.02,8,17535,卖盘
1381,13:52:21,21.92,0.01,22,48203,买盘
1382,13:52:27,21.94,0.02,14,30703,买盘
1383,13:52:46,21.94,0.0,7,15358,买盘
1384,13:52:49,21.94,0.0,5,10970,买盘
1385,13:52:52,21.96,0.02,98,215129,买盘
1386,13:52:55,21.95,-0.01,5,10977,卖盘
1387,13:53:01,21.97,0.02,2,4394,买盘
1388,13:53:13,21.96,-0.01,6,13176,卖盘
1389,13:53:34,21.95,-0.01,1,2195,卖盘
1390,13:53:42,21.95,0.0,1,2195,买盘
1391,13:53:45,21.93,-0.02,200,438690,卖盘
1392,13:53:55,21.93,0.0,20,43894,卖盘
1393,13:54:12,21.93,0.0,1,2193,卖盘
1394,13:54:45,21.93,0.0,145,317985,卖盘
1395,13:54:55,21.93,0.0,5,10965,买盘
1396,13:55:13,21.92,-0.01,1,2192,卖盘
1397,13:56:01,21.92,0.0,29,63568,卖盘
1398,13:56:06,21.92,0.0,12,26304,买盘
1399,13:56:13,21.92,0.0,4,8768,买盘
1400,13:56:15,21.91,-0.01,1,2191,卖盘
1401,13:56:18,21.91,0.0,25,54775,卖盘
1402,13:56:22,21.91,0.0,21,46031,卖盘
1403,13:56:31,21.91,0.0,10,21910,卖盘
1404,13:56:34,21.91,0.0,2,4382,卖盘
1405,13:56:46,21.91,0.0,10,21910,卖盘
1406,13:56:51,21.91,0.0,8,17528,卖盘
1407,13:57:04,21.91,0.0,24,52584,卖盘
1408,13:57:52,21.9,-0.01,29,63510,卖盘
1409,13:57:58,21.9,0.0,70,153300,卖盘
1410,13:58:01,21.9,0.0,22,48180,卖盘
1411,13:58:12,21.89,-0.01,13,28457,卖盘
1412,13:58:16,21.88,-0.01,4,8752,卖盘
1413,13:58:42,21.9,0.02,7,15330,买盘
1414,13:58:45,21.88,-0.02,12,26256,卖盘
1415,13:58:55,21.88,0.0,30,65640,买盘
1416,13:59:30,21.88,0.0,3,6564,买盘
1417,13:59:33,21.88,0.0,1,2188,卖盘
1418,13:59:49,21.88,0.0,5,10940,卖盘
1419,13:59:55,21.87,-0.01,41,91453,卖盘
1420,14:00:19,21.89,0.02,5,10945,买盘
1421,14:00:22,21.87,-0.02,5,10935,卖盘
1422,14:00:27,21.87,0.0,55,118535,卖盘
1423,14:00:34,21.87,0.0,20,43740,买盘
1424,14:00:37,21.87,0.0,10,21870,买盘
1425,14:00:40,21.87,0.0,10,21870,买盘
1426,14:00:43,21.87,0.0,5,12685,买盘
1427,14:00:46,21.87,0.0,5,9185,卖盘
1428,14:00:58,21.87,0.0,5,10935,卖盘
1429,14:01:13,21.87,0.0,10,21870,卖盘
1430,14:01:16,21.87,0.0,50,109350,卖盘
1431,14:01:33,21.87,0.0,238,520516,卖盘
1432,14:01:43,21.9,0.03,24,52548,买盘
1433,14:01:49,21.88,-0.02,5,10152,卖盘
1434,14:02:34,21.9,0.02,11,24090,买盘
1435,14:02:52,21.9,0.0,39,85410,卖盘
1436,14:03:46,21.89,-0.01,10,21890,买盘
1437,14:03:55,21.9,0.01,13,28470,买盘
1438,14:04:10,21.89,-0.01,46,100694,卖盘
1439,14:04:25,21.9,0.01,28,61320,买盘
1440,14:04:34,21.9,0.0,12,26280,买盘
1441,14:05:04,21.91,0.01,7,15337,买盘
1442,14:05:19,21.91,0.0,2,4382,买盘
1443,14:05:49,21.91,0.0,10,21910,买盘
1444,14:06:34,21.91,0.0,7,15337,卖盘
1445,14:06:37,21.92,0.01,3,6576,中性盘
1446,14:06:55,21.91,-0.01,4,8764,卖盘
1447,14:06:58,21.95,0.04,32,70216,买盘
1448,14:07:00,21.91,-0.04,5,10955,卖盘
1449,14:07:43,21.95,0.04,29,63635,买盘
1450,14:07:52,21.93,-0.02,2,4386,卖盘
1451,14:08:01,21.94,0.01,1,2194,买盘
1452,14:08:10,21.94,0.0,13,28522,买盘
1453,14:08:16,21.94,0.0,7,15358,卖盘
1454,14:08:33,21.94,0.0,7,15358,卖盘
1455,14:08:39,21.95,0.01,11,24145,买盘
1456,14:08:52,21.95,0.0,5,10975,卖盘
1457,14:08:58,21.95,0.0,10,21950,卖盘
1458,14:09:04,21.95,0.0,2,4390,卖盘
1459,14:09:21,21.96,0.01,30,65857,买盘
1460,14:10:25,21.92,-0.04,9,19728,卖盘
1461,14:10:43,21.94,0.02,1,2194,买盘
1462,14:10:49,21.94,0.0,1,2194,买盘
1463,14:10:54,21.94,0.0,11,24134,买盘
1464,14:10:58,21.94,0.0,10,21940,卖盘
1465,14:11:19,21.94,0.0,2,4388,卖盘
1466,14:11:25,21.94,0.0,1,2194,卖盘
1467,14:11:43,21.94,0.0,12,26334,卖盘
1468,14:11:55,21.96,0.02,9,19764,买盘
1469,14:12:46,21.96,0.0,8,17565,买盘
1470,14:13:55,21.96,0.0,100,219579,买盘
1471,14:14:25,21.95,-0.01,5,10975,买盘
1472,14:14:27,21.97,0.02,40,87859,买盘
1473,14:14:31,21.96,-0.01,3,6588,卖盘
1474,14:14:43,21.97,0.01,17,37349,买盘
1475,14:15:00,21.97,0.0,2,4394,卖盘
1476,14:15:07,21.97,0.0,18,39546,卖盘
1477,14:15:15,21.97,0.0,15,32955,卖盘
1478,14:15:21,21.97,0.0,1,2197,卖盘
1479,14:15:24,21.97,0.0,10,21970,卖盘
1480,14:15:28,21.97,0.0,1,2197,卖盘
1481,14:15:31,21.97,0.0,7,15379,卖盘
1482,14:15:37,21.97,0.0,12,26364,卖盘
1483,14:15:40,21.97,0.0,8,17576,卖盘
1484,14:15:43,21.98,0.01,20,43941,买盘
1485,14:15:58,21.96,-0.02,35,76860,卖盘
1486,14:16:01,21.96,0.0,4,8784,卖盘
1487,14:16:10,21.92,-0.04,7,15344,卖盘
1488,14:16:16,21.92,0.0,7,15344,卖盘
1489,14:16:19,21.92,0.0,10,21920,卖盘
1490,14:16:22,21.92,0.0,24,52609,卖盘
1491,14:16:40,21.92,0.0,10,21929,卖盘
1492,14:16:46,21.92,0.0,9,19728,卖盘
1493,14:17:04,21.92,0.0,34,74528,卖盘
1494,14:17:37,21.92,0.0,10,21920,买盘
1495,14:17:40,21.93,0.01,55,120593,买盘
1496,14:18:36,21.93,0.0,1,2193,卖盘
1497,14:18:39,21.93,0.0,6,13158,卖盘
1498,14:18:43,21.93,0.0,1,2193,卖盘
1499,14:19:22,21.93,0.0,44,96492,买盘
1500,14:19:25,21.92,-0.01,57,124959,卖盘
1501,14:19:45,21.91,-0.01,24,52603,卖盘
1502,14:19:48,21.92,0.01,13,28496,买盘
1503,14:19:52,21.91,-0.01,112,245392,卖盘
1504,14:20:06,21.9,-0.01,1,2190,卖盘
1505,14:20:19,21.91,0.01,60,131460,买盘
1506,14:20:21,21.9,-0.01,2,4380,卖盘
1507,14:20:58,21.9,0.0,3,5694,卖盘
1508,14:21:12,21.9,0.0,5,10950,卖盘
1509,14:21:25,21.9,0.0,8,17520,卖盘
1510,14:21:46,21.91,0.01,2,4382,买盘
1511,14:21:51,21.9,-0.01,24,52560,卖盘
1512,14:22:07,21.92,0.02,8,17536,买盘
1513,14:22:40,21.9,-0.02,20,43806,卖盘
1514,14:23:43,21.92,0.02,7,15344,买盘
1515,14:24:00,21.92,0.0,5,10960,买盘
1516,14:24:39,21.91,-0.01,14,30674,买盘
1517,14:24:57,21.9,-0.01,66,144540,卖盘
1518,14:25:04,21.9,0.0,1,2190,卖盘
1519,14:25:12,21.9,0.0,2,4380,卖盘
1520,14:25:16,21.9,0.0,1,2190,卖盘
1521,14:25:27,21.9,0.0,2,4380,卖盘
1522,14:25:48,21.9,0.0,31,67890,卖盘
1523,14:26:07,21.89,-0.01,1,2189,买盘
1524,14:26:49,21.9,0.01,5,10950,买盘
1525,14:27:13,21.9,0.0,7,15330,卖盘
1526,14:27:28,21.91,0.01,4,8764,买盘
1527,14:27:33,21.9,-0.01,20,43800,卖盘
1528,14:27:37,21.9,0.0,2,4380,卖盘
1529,14:27:58,21.9,0.0,10,21900,卖盘
1530,14:28:16,21.9,0.0,5,10950,卖盘
1531,14:28:46,21.9,0.0,10,21900,卖盘
1532,14:28:55,21.9,0.0,25,54760,卖盘
1533,14:28:57,21.9,0.0,8,17520,卖盘
1534,14:29:15,21.9,0.0,10,21900,卖盘
1535,14:29:27,21.9,0.0,21,45990,卖盘
1536,14:29:30,21.89,-0.01,2,4378,卖盘
1537,14:30:01,21.91,0.02,14,30665,买盘
1538,14:30:07,21.89,-0.02,9,19701,卖盘
1539,14:30:22,21.91,0.02,7,15337,买盘
1540,14:30:34,21.91,0.0,50,109550,买盘
1541,14:30:46,21.91,0.0,22,48202,买盘
1542,14:30:58,21.91,0.0,50,109550,买盘
1543,14:31:13,21.91,0.0,1,2191,买盘
1544,14:31:16,21.91,0.0,10,21910,买盘
1545,14:31:18,21.91,0.0,10,21910,买盘
1546,14:31:24,21.91,0.0,18,39438,买盘
1547,14:31:34,21.91,0.0,8,17528,买盘
1548,14:31:52,21.92,0.01,48,105202,买盘
1549,14:31:57,21.92,0.0,9,19728,卖盘
1550,14:32:10,21.92,0.0,10,21920,卖盘
1551,14:32:16,21.93,0.01,10,21930,买盘
1552,14:33:13,21.93,0.0,5,10965,买盘
1553,14:33:18,21.93,0.0,3,6579,买盘
1554,14:33:21,21.92,-0.01,1,2192,卖盘
1555,14:33:40,21.92,0.0,5,10960,卖盘
1556,14:34:04,21.93,0.01,3,6579,买盘
1557,14:34:19,21.92,-0.01,7,15348,卖盘
1558,14:34:22,21.92,0.0,7,15344,卖盘
1559,14:34:28,21.92,0.0,1,2192,卖盘
1560,14:35:34,21.93,0.01,10,21930,买盘
1561,14:35:39,21.93,0.0,2,4386,买盘
1562,14:35:55,21.93,0.0,31,67983,买盘
1563,14:36:00,21.93,0.0,30,65790,卖盘
1564,14:36:03,21.93,0.0,5,10965,卖盘
1565,14:36:07,21.93,0.0,1,2193,卖盘
1566,14:36:25,21.92,-0.01,18,39456,卖盘
1567,14:36:28,21.93,0.01,16,35088,买盘
1568,14:37:19,21.92,-0.01,5,10960,卖盘
1569,14:37:49,21.93,0.01,12,26306,买盘
1570,14:38:03,21.92,-0.01,6,13152,卖盘
1571,14:38:06,21.92,0.0,6,13152,卖盘
1572,14:38:16,21.92,0.0,6,13152,卖盘
1573,14:38:22,21.92,0.0,1,2192,卖盘
1574,14:38:33,21.92,0.0,6,13152,卖盘
1575,14:38:46,21.92,0.0,2,4384,买盘
1576,14:39:37,21.91,-0.01,30,65730,买盘
1577,14:40:10,21.9,-0.01,11,24091,卖盘
1578,14:40:21,21.91,0.01,3,6573,买盘
1579,14:40:37,21.9,-0.01,8,17520,卖盘
1580,14:40:49,21.9,0.0,21,45990,卖盘
1581,14:41:12,21.89,-0.01,10,21890,卖盘
1582,14:41:16,21.9,0.01,3,6570,买盘
1583,14:41:19,21.9,0.0,36,78840,买盘
1584,14:41:36,21.9,0.0,3,6570,卖盘
1585,14:41:39,21.9,0.0,5,10950,卖盘
1586,14:42:00,21.9,0.0,59,129260,卖盘
1587,14:42:04,21.9,0.0,8,17520,卖盘
1588,14:42:19,21.91,0.01,1,2191,买盘
1589,14:42:28,21.9,-0.01,20,43800,卖盘
1590,14:42:33,21.9,0.0,1,2190,卖盘
1591,14:43:13,21.91,0.01,2,4382,买盘
1592,14:43:34,21.91,0.0,17,37237,买盘
1593,14:43:40,21.9,-0.01,10,21900,卖盘
1594,14:43:43,21.9,0.0,14,30660,卖盘
1595,14:43:58,21.9,0.0,26,56940,卖盘
1596,14:44:01,21.9,0.0,1,2190,卖盘
1597,14:44:07,21.9,0.0,10,21900,卖盘
1598,14:44:13,21.9,0.0,2,4380,卖盘
1599,14:44:19,21.9,0.0,2,4380,卖盘
1600,14:44:24,21.9,0.0,1,2190,卖盘
1601,14:44:30,21.9,0.0,10,21900,卖盘
1602,14:44:43,21.9,0.0,5,10950,买盘
1603,14:44:46,21.9,0.0,25,54750,买盘
1604,14:45:10,21.89,-0.01,8,17512,卖盘
1605,14:45:22,21.89,0.0,8,17512,买盘
1606,14:45:33,21.89,0.0,5,10945,买盘
1607,14:45:40,21.89,0.0,1,2189,买盘
1608,14:45:42,21.88,-0.01,4,8752,卖盘
1609,14:45:49,21.88,0.0,20,43760,卖盘
1610,14:45:58,21.88,0.0,3,6564,卖盘
1611,14:46:01,21.88,0.0,3,6564,卖盘
1612,14:46:04,21.88,0.0,5,10940,买盘
1613,14:46:13,21.88,0.0,20,43760,买盘
1614,14:46:16,21.88,0.0,3,6564,买盘
1615,14:46:18,21.88,0.0,46,100648,买盘
1616,14:46:21,21.88,0.0,1,2188,卖盘
1617,14:46:24,21.87,-0.01,50,109353,卖盘
1618,14:46:31,21.89,0.02,10,21890,买盘
1619,14:46:37,21.88,-0.01,4,8752,卖盘
1620,14:46:54,21.88,0.0,3,6564,买盘
1621,14:47:04,21.87,-0.01,13,28431,卖盘
1622,14:47:06,21.88,0.01,3,6564,买盘
1623,14:47:09,21.88,0.0,7,15316,卖盘
1624,14:47:16,21.88,0.0,5,10940,卖盘
1625,14:47:25,21.88,0.0,8,17507,卖盘
1626,14:47:31,21.88,0.0,10,21880,卖盘
1627,14:47:36,21.88,0.0,10,21880,卖盘
1628,14:47:54,21.88,0.0,12,26256,卖盘
1629,14:48:01,21.89,0.01,111,242979,买盘
1630,14:48:04,21.89,0.0,1,2189,卖盘
1631,14:48:16,21.89,0.0,18,39402,卖盘
1632,14:48:22,21.89,0.0,22,48158,买盘
1633,14:48:27,21.89,0.0,5,10945,买盘
1634,14:48:31,21.88,-0.01,3,6564,卖盘
1635,14:48:43,21.89,0.01,3,6567,买盘
1636,14:48:48,21.88,-0.01,5,10940,卖盘
1637,14:48:54,21.88,0.0,42,91936,卖盘
1638,14:48:57,21.88,0.0,1,2188,卖盘
1639,14:49:04,21.88,0.0,5,10940,卖盘
1640,14:49:07,21.88,0.0,20,43760,卖盘
1641,14:49:19,21.88,0.0,4,8752,卖盘
1642,14:49:27,21.88,0.0,7,15316,卖盘
1643,14:49:34,21.88,0.0,1,2188,卖盘
1644,14:49:46,21.9,0.02,50,109500,买盘
1645,14:49:55,21.9,0.0,14,30660,买盘
1646,14:50:04,21.9,0.0,139,304410,买盘
1647,14:50:10,21.89,-0.01,2,4378,买盘
1648,14:50:13,21.9,0.01,5,10948,买盘
1649,14:50:16,21.9,0.0,10,21900,买盘
1650,14:50:28,21.89,-0.01,10,21890,卖盘
1651,14:50:40,21.9,0.01,5,10950,买盘
1652,14:50:58,21.9,0.0,55,120691,买盘
1653,14:51:01,21.9,0.0,60,131400,卖盘
1654,14:51:04,21.9,0.0,1,2190,卖盘
1655,14:51:19,21.91,0.01,3,6573,买盘
1656,14:51:22,21.9,-0.01,9,19710,卖盘
1657,14:51:27,21.9,0.0,15,32850,卖盘
1658,14:51:37,21.9,0.0,7,15330,卖盘
1659,14:51:49,21.91,0.01,1,2191,买盘
1660,14:51:57,21.9,-0.01,7,15330,卖盘
1661,14:52:01,21.9,0.0,6,13140,卖盘
1662,14:52:07,21.91,0.01,11,24101,买盘
1663,14:52:10,21.9,-0.01,34,74460,卖盘
1664,14:52:13,21.91,0.01,40,87640,买盘
1665,14:52:28,21.9,-0.01,20,43800,卖盘
1666,14:52:42,21.9,0.0,3,6570,卖盘
1667,14:52:52,21.9,0.0,5,10950,卖盘
1668,14:52:58,21.91,0.01,15,32855,买盘
1669,14:53:01,21.9,-0.01,1,2190,卖盘
1670,14:53:04,21.91,0.01,1,2191,买盘
1671,14:53:07,21.91,0.0,28,61348,买盘
1672,14:53:22,21.91,0.0,10,21910,买盘
1673,14:53:25,21.91,0.0,2,4382,买盘
1674,14:53:28,21.91,0.0,52,114808,买盘
1675,14:53:34,21.91,0.0,1,2191,卖盘
1676,14:53:46,21.92,0.01,3,6576,买盘
1677,14:53:49,21.91,-0.01,10,21910,卖盘
1678,14:53:55,21.91,0.0,101,221292,卖盘
1679,14:53:58,21.92,0.01,5,10960,买盘
1680,14:54:04,21.91,-0.01,25,54780,卖盘
1681,14:54:07,21.91,0.0,33,72330,卖盘
1682,14:54:10,21.91,0.0,12,25416,卖盘
1683,14:54:13,21.91,0.0,28,61348,买盘
1684,14:54:16,21.91,0.0,110,241886,买盘
1685,14:54:22,21.92,0.01,1,2192,买盘
1686,14:54:28,21.91,-0.01,7,15337,卖盘
1687,14:54:49,21.92,0.01,2,4384,买盘
1688,14:54:52,21.91,-0.01,17,37247,卖盘
1689,14:54:55,21.91,0.0,1,2191,卖盘
1690,14:55:07,21.91,0.0,5,10955,卖盘
1691,14:55:13,21.92,0.01,21,46020,买盘
1692,14:55:16,21.92,0.0,1,2192,买盘
1693,14:55:19,21.91,-0.01,50,109550,卖盘
1694,14:55:28,21.92,0.01,16,35072,买盘
1695,14:55:31,21.92,0.0,10,21920,买盘
1696,14:55:40,21.91,-0.01,20,43820,卖盘
1697,14:55:43,21.91,0.0,14,29798,卖盘
1698,14:55:46,21.92,0.01,64,140280,买盘
1699,14:55:49,21.92,0.0,2,4384,买盘
1700,14:55:55,21.92,0.0,3,6576,买盘
1701,14:55:57,21.91,-0.01,1,2191,中性盘
1702,14:56:07,21.92,0.01,33,72328,买盘
1703,14:56:16,21.9,-0.02,5,10950,卖盘
1704,14:56:22,21.91,0.01,45,98595,买盘
1705,14:56:30,21.9,-0.01,10,21900,卖盘
1706,14:56:34,21.9,0.0,5,10950,卖盘
1707,14:56:40,21.9,0.0,11,24090,卖盘
1708,14:56:49,21.9,0.0,7,15332,卖盘
1709,14:56:52,21.91,0.01,5,10955,买盘
1710,14:56:58,21.9,-0.01,38,82979,卖盘
1711,14:57:00,21.93,0.03,120,263031,买盘
1712,15:00:05,21.89,-0.04,406,888734,卖盘
