,time,price,change,volume,amount,type
0,09:25:04,13.18,0.02,323,425714,卖盘
1,09:30:04,13.19,0.01,2,2638,买盘
2,09:30:07,13.19,0.0,83,109453,买盘
3,09:30:10,13.18,-0.01,18,23725,卖盘
4,09:30:13,13.19,0.01,6,7914,买盘
5,09:30:16,13.18,-0.01,3,3954,卖盘
6,09:30:19,13.18,0.0,51,67218,卖盘
7,09:30:22,13.18,0.0,10,13180,卖盘
8,09:30:25,13.18,0.0,6,7908,买盘
9,09:30:28,13.18,0.0,4,5272,买盘
10,09:30:31,13.18,0.0,15,19770,买盘
11,09:30:34,13.18,0.0,2,2636,买盘
12,09:30:37,13.18,0.0,2,2636,买盘
13,09:30:40,13.18,0.0,13,17134,买盘
14,09:30:43,13.18,0.0,15,19770,买盘
15,09:30:46,13.17,-0.01,6,7902,卖盘
16,09:30:49,13.18,0.01,2,2636,买盘
17,09:30:52,13.17,-0.01,10,13170,卖盘
18,09:30:55,13.18,0.01,13,17125,买盘
19,09:31:01,13.17,-0.01,40,52680,卖盘
20,09:31:10,13.17,0.0,1,1317,卖盘
21,09:31:19,13.17,0.0,6,7902,卖盘
22,09:31:25,13.17,0.0,50,65850,卖盘
23,09:31:28,13.17,0.0,74,97458,卖盘
24,09:31:40,13.16,-0.01,13,17118,卖盘
25,09:31:43,13.16,0.0,44,57905,卖盘
26,09:31:46,13.16,0.0,15,19747,卖盘
27,09:31:49,13.16,0.0,22,28952,卖盘
28,09:31:52,13.16,0.0,9,11849,卖盘
29,09:31:55,13.17,0.01,3,3949,买盘
30,09:31:58,13.16,-0.01,5,6580,卖盘
31,09:32:01,13.16,0.0,47,61852,卖盘
32,09:32:16,13.15,-0.01,6,7890,卖盘
33,09:32:19,13.15,0.0,161,211715,卖盘
34,09:32:22,13.15,0.0,12,15780,卖盘
35,09:32:25,13.15,0.0,13,17104,卖盘
36,09:32:28,13.15,0.0,88,115720,卖盘
37,09:32:37,13.14,-0.01,36,47304,卖盘
38,09:32:43,13.14,0.0,1,1314,卖盘
39,09:32:46,13.14,0.0,4,5256,卖盘
40,09:32:49,13.14,0.0,5,6570,卖盘
41,09:32:52,13.14,0.0,10,13140,卖盘
42,09:32:55,13.15,0.01,121,159003,买盘
43,09:32:58,13.14,-0.01,11,14454,卖盘
44,09:33:04,13.14,0.0,11,14454,卖盘
45,09:33:10,13.14,0.0,22,28908,卖盘
46,09:33:13,13.14,0.0,15,19710,卖盘
47,09:33:16,13.15,0.01,21,27606,买盘
48,09:33:19,13.14,-0.01,55,72270,卖盘
49,09:33:28,13.14,0.0,93,122202,卖盘
50,09:33:31,13.14,0.0,6,7884,卖盘
51,09:33:37,13.14,0.0,10,13140,卖盘
52,09:33:40,13.14,0.0,17,22338,卖盘
53,09:33:43,13.15,0.01,80,105200,买盘
54,09:33:46,13.14,-0.01,5,6570,卖盘
55,09:33:49,13.14,0.0,14,18396,卖盘
56,09:33:58,13.14,0.0,20,26280,买盘
57,09:34:10,13.13,-0.01,178,233714,卖盘
58,09:34:13,13.14,0.01,216,283824,买盘
59,09:34:16,13.14,0.0,14,18396,卖盘
60,09:34:22,13.14,0.0,20,26280,买盘
61,09:34:28,13.14,0.0,5,6570,买盘
62,09:34:31,13.13,-0.01,9,11817,卖盘
63,09:34:34,13.14,0.01,12,16635,买盘
64,09:34:43,13.14,0.0,1,1459,卖盘
65,09:34:49,13.14,0.0,126,165564,卖盘
66,09:34:52,13.14,0.0,8,10512,卖盘
67,09:34:58,13.14,0.0,34,43664,卖盘
68,09:35:07,13.13,-0.01,1,1313,卖盘
69,09:35:10,13.13,0.0,71,93271,卖盘
70,09:35:16,13.13,0.0,15,19695,卖盘
71,09:35:19,13.14,0.01,13,18094,买盘
72,09:35:22,13.13,-0.01,18,22629,卖盘
73,09:35:28,13.14,0.01,1,1314,买盘
74,09:35:31,13.13,-0.01,21,27573,卖盘
75,09:35:34,13.14,0.01,1,1314,买盘
76,09:35:40,13.14,0.0,1,2326,卖盘
77,09:35:46,13.14,0.0,157,205286,卖盘
78,09:35:49,13.13,-0.01,6,7878,卖盘
79,09:35:52,13.14,0.01,1,1314,买盘
80,09:35:55,13.13,-0.01,20,26260,卖盘
81,09:36:07,13.14,0.01,1,1314,买盘
82,09:36:10,13.13,-0.01,78,102414,卖盘
83,09:36:22,13.14,0.01,85,111690,买盘
84,09:36:34,13.14,0.0,22,28908,买盘
85,09:36:37,13.13,-0.01,103,135340,卖盘
86,09:36:40,13.14,0.01,71,94302,买盘
87,09:36:46,13.14,0.0,6,7884,卖盘
88,09:36:49,13.14,0.0,77,101178,卖盘
89,09:36:52,13.14,0.0,24,31536,卖盘
90,09:36:55,13.14,0.0,13,17082,卖盘
91,09:36:58,13.14,0.0,6,7884,卖盘
92,09:37:01,13.15,0.01,4,5257,买盘
93,09:37:04,13.14,-0.01,52,68328,卖盘
94,09:37:13,13.14,0.0,10,13140,卖盘
95,09:37:16,13.14,0.0,20,26280,卖盘
96,09:37:25,13.14,0.0,116,152424,卖盘
97,09:37:28,13.14,0.0,2,2628,卖盘
98,09:37:31,13.15,0.01,250,328750,买盘
99,09:37:34,13.15,0.0,181,238015,买盘
100,09:37:37,13.25,0.1,2000,2640334,买盘
101,09:37:40,13.22,-0.03,112,148010,买盘
102,09:37:43,13.24,0.02,71,94004,卖盘
103,09:37:46,13.19,-0.05,177,234168,卖盘
104,09:37:49,13.25,0.06,335,443805,买盘
105,09:37:52,13.23,-0.02,15,19845,中性盘
106,09:37:55,13.28,0.05,2028,2692644,买盘
107,09:37:58,13.28,0.0,538,715465,卖盘
108,09:38:01,13.3,0.02,456,606418,买盘
109,09:38:04,13.29,-0.01,165,219173,中性盘
110,09:38:07,13.29,0.0,103,136887,卖盘
111,09:38:10,13.27,-0.02,185,245798,卖盘
112,09:38:13,13.28,0.01,123,163362,中性盘
113,09:38:16,13.29,0.01,202,268441,买盘
114,09:38:19,13.3,0.01,300,398837,买盘
115,09:38:25,13.27,-0.03,355,471346,中性盘
116,09:38:28,13.26,-0.01,20,26520,中性盘
117,09:38:31,13.28,0.02,125,165902,买盘
118,09:38:34,13.26,-0.02,56,74255,买盘
119,09:38:37,13.24,-0.02,150,198674,卖盘
120,09:38:40,13.27,0.03,666,884262,买盘
121,09:38:43,13.28,0.01,211,280013,买盘
122,09:38:45,13.29,0.01,36,47804,买盘
123,09:38:49,13.25,-0.04,41,54340,中性盘
124,09:38:52,13.24,-0.01,5,6620,卖盘
125,09:38:55,13.28,0.04,315,417796,买盘
126,09:39:01,13.24,-0.04,39,51706,卖盘
127,09:39:07,13.24,0.0,24,31748,买盘
128,09:39:10,13.21,-0.03,42,55523,卖盘
129,09:39:13,13.22,0.01,30,39660,中性盘
130,09:39:16,13.21,-0.01,14,18494,卖盘
131,09:39:19,13.21,0.0,12,15852,卖盘
132,09:39:22,13.21,0.0,23,30383,卖盘
133,09:39:25,13.22,0.01,70,92480,买盘
134,09:39:28,13.24,0.02,815,1078690,买盘
135,09:39:31,13.2,-0.04,23,30360,卖盘
136,09:39:34,13.27,0.07,1188,1572724,买盘
137,09:39:37,13.2,-0.07,26,34337,卖盘
138,09:39:40,13.19,-0.01,23,30347,卖盘
139,09:39:42,13.21,0.02,125,165113,买盘
140,09:39:46,13.21,0.0,70,92458,买盘
141,09:39:49,13.19,-0.02,84,110842,卖盘
142,09:39:55,13.23,0.04,119,157437,买盘
143,09:39:58,13.24,0.01,127,168148,买盘
144,09:40:01,13.24,0.0,4,5298,卖盘
145,09:40:04,13.23,-0.01,96,127028,卖盘
146,09:40:10,13.23,0.0,16,21168,卖盘
147,09:40:13,13.23,0.0,8,10587,卖盘
148,09:40:16,13.23,0.0,6,7938,买盘
149,09:40:19,13.23,0.0,5,6615,买盘
150,09:40:25,13.24,0.01,236,312226,买盘
151,09:40:28,13.22,-0.02,126,166579,卖盘
152,09:40:31,13.22,0.0,7,9254,买盘
153,09:40:37,13.21,-0.01,68,89845,卖盘
154,09:40:40,13.22,0.01,11,14542,买盘
155,09:40:43,13.21,-0.01,35,46235,卖盘
156,09:40:46,13.21,0.0,5,6605,买盘
157,09:40:52,13.21,0.0,25,33002,买盘
158,09:40:55,13.2,-0.01,10,13200,卖盘
159,09:40:58,13.2,0.0,82,108275,卖盘
160,09:41:01,13.22,0.02,9,11893,买盘
161,09:41:04,13.21,-0.01,2,2642,中性盘
162,09:41:07,13.22,0.01,15,19830,买盘
163,09:41:13,13.22,0.0,30,39660,买盘
164,09:41:19,13.22,0.0,10,13220,卖盘
165,09:41:22,13.22,0.0,9,11898,卖盘
166,09:41:25,13.22,0.0,3,3966,卖盘
167,09:41:28,13.22,0.0,14,18508,买盘
168,09:41:31,13.21,-0.01,20,26424,卖盘
169,09:41:34,13.22,0.01,126,166391,买盘
170,09:41:37,13.21,-0.01,9,11895,中性盘
171,09:41:40,13.21,0.0,4,5284,买盘
172,09:41:43,13.21,0.0,8,10568,买盘
173,09:41:46,13.2,-0.01,34,44907,卖盘
174,09:41:48,13.2,0.0,70,92408,卖盘
175,09:41:55,13.19,-0.01,47,62017,卖盘
176,09:41:58,13.2,0.01,14,18469,买盘
177,09:42:01,13.19,-0.01,26,34297,卖盘
178,09:42:05,13.19,0.0,12,15828,卖盘
179,09:42:07,13.19,0.0,2,2638,卖盘
180,09:42:10,13.19,0.0,101,133225,卖盘
181,09:42:13,13.19,0.0,94,123986,卖盘
182,09:42:16,13.2,0.01,208,274560,买盘
183,09:42:19,13.19,-0.01,178,234965,卖盘
184,09:42:22,13.22,0.03,83,109720,买盘
185,09:42:25,13.22,0.0,52,68764,卖盘
186,09:42:31,13.2,-0.02,5,6600,买盘
187,09:42:34,13.2,0.0,3,3960,买盘
188,09:42:37,13.2,0.0,14,18480,买盘
189,09:42:40,13.2,0.0,35,46174,买盘
190,09:42:46,13.2,0.0,29,38280,买盘
191,09:42:52,13.21,0.01,107,141338,买盘
192,09:42:55,13.21,0.0,183,241754,卖盘
193,09:42:58,13.21,0.0,32,42274,卖盘
194,09:43:01,13.2,-0.01,6,7921,卖盘
195,09:43:04,13.2,0.0,6,7920,卖盘
196,09:43:10,13.21,0.01,122,161162,买盘
197,09:43:13,13.22,0.01,272,359328,买盘
198,09:43:16,13.23,0.01,199,263147,买盘
199,09:43:22,13.24,0.01,185,244745,买盘
200,09:43:31,13.22,-0.02,12,15864,买盘
201,09:43:37,13.22,0.0,44,58168,买盘
202,09:43:43,13.22,0.0,46,60799,买盘
203,09:43:46,13.2,-0.02,29,38302,卖盘
204,09:43:49,13.22,0.02,30,39660,买盘
205,09:43:52,13.23,0.01,125,165371,买盘
206,09:43:55,13.22,-0.01,12,15869,卖盘
207,09:43:58,13.22,0.0,6,7932,买盘
208,09:44:00,13.22,0.0,17,22474,买盘
209,09:44:05,13.22,0.0,10,13220,买盘
210,09:44:10,13.22,0.0,16,21152,买盘
211,09:44:13,13.22,0.0,14,18508,卖盘
212,09:44:16,13.22,0.0,3,3966,买盘
213,09:44:19,13.22,0.0,3,3966,买盘
214,09:44:22,13.22,0.0,4,5288,买盘
215,09:44:25,13.22,0.0,7,9254,买盘
216,09:44:31,13.21,-0.01,22,29064,卖盘
217,09:44:34,13.21,0.0,5,6605,卖盘
218,09:44:37,13.21,0.0,17,22457,卖盘
219,09:44:46,13.2,-0.01,12,15840,卖盘
220,09:44:49,13.22,0.02,168,221982,买盘
221,09:44:52,13.22,0.0,38,50224,买盘
222,09:45:01,13.2,-0.02,20,26400,卖盘
223,09:45:10,13.21,0.01,5,6605,买盘
224,09:45:16,13.2,-0.01,8,10560,卖盘
225,09:45:22,13.2,0.0,2,2640,买盘
226,09:45:31,13.18,-0.02,147,193877,卖盘
227,09:45:34,13.18,0.0,125,164952,卖盘
228,09:45:37,13.18,0.0,110,145005,卖盘
229,09:45:43,13.18,0.0,81,106760,卖盘
230,09:45:46,13.18,0.0,123,162114,卖盘
231,09:45:49,13.18,0.0,16,21088,卖盘
232,09:46:01,13.18,0.0,27,35586,卖盘
233,09:46:07,13.18,0.0,97,127750,买盘
234,09:46:16,13.17,-0.01,76,100092,卖盘
235,09:46:19,13.17,0.0,16,21072,卖盘
236,09:46:25,13.17,0.0,10,13170,卖盘
237,09:46:28,13.16,-0.01,7,9212,卖盘
238,09:46:31,13.16,0.0,57,75013,卖盘
239,09:46:34,13.16,0.0,108,142159,卖盘
240,09:46:37,13.17,0.01,73,96070,买盘
241,09:46:40,13.16,-0.01,180,236880,卖盘
242,09:46:43,13.17,0.01,93,122390,买盘
243,09:46:46,13.16,-0.01,12,15792,卖盘
244,09:46:49,13.16,0.0,2,2632,买盘
245,09:46:55,13.16,0.0,155,203827,买盘
246,09:46:58,13.15,-0.01,289,380055,卖盘
247,09:47:04,13.15,0.0,1,1315,卖盘
248,09:47:07,13.15,0.0,9,11837,卖盘
249,09:47:10,13.15,0.0,35,46025,卖盘
250,09:47:19,13.14,-0.01,32,42048,卖盘
251,09:47:22,13.16,0.02,418,549490,买盘
252,09:47:25,13.14,-0.02,674,886826,卖盘
253,09:47:28,13.14,0.0,361,476095,买盘
254,09:47:31,13.25,0.11,1051,1391360,买盘
255,09:47:34,13.25,0.0,79,104675,卖盘
256,09:47:37,13.19,-0.06,49,64853,中性盘
257,09:47:40,13.25,0.06,156,206278,买盘
258,09:47:43,13.28,0.03,1536,2037348,买盘
259,09:47:46,13.28,0.0,158,209661,买盘
260,09:47:49,13.22,-0.06,301,399078,卖盘
261,09:47:52,13.28,0.06,952,1262172,买盘
262,09:47:55,13.29,0.01,488,647796,买盘
263,09:47:58,13.22,-0.07,21,27846,中性盘
264,09:48:04,13.29,0.07,660,875688,买盘
265,09:48:07,13.3,0.01,1199,1593559,买盘
266,09:48:10,13.35,0.05,1885,2510372,买盘
267,09:48:13,13.35,0.0,208,277504,买盘
268,09:48:16,13.31,-0.04,169,224939,卖盘
269,09:48:19,13.29,-0.02,150,199326,卖盘
270,09:48:22,13.35,0.06,1656,2209231,买盘
271,09:48:25,13.35,0.0,283,377805,卖盘
272,09:48:28,13.35,0.0,271,361785,卖盘
273,09:48:31,13.3,-0.05,116,154950,卖盘
274,09:48:34,13.3,0.0,68,90453,卖盘
275,09:48:37,13.3,0.0,217,288630,卖盘
276,09:48:40,13.33,0.03,355,472294,买盘
277,09:48:43,13.32,-0.01,7,9324,买盘
278,09:48:46,13.29,-0.03,259,344340,卖盘
279,09:48:49,13.31,0.02,102,135610,买盘
280,09:48:52,13.3,-0.01,73,97079,卖盘
281,09:48:55,13.33,0.03,215,286461,买盘
282,09:48:58,13.31,-0.02,183,243535,买盘
283,09:49:01,13.33,0.02,225,299789,买盘
284,09:49:04,13.3,-0.03,13,17290,中性盘
285,09:49:07,13.32,0.02,168,223546,买盘
286,09:49:10,13.32,0.0,156,207347,买盘
287,09:49:13,13.28,-0.04,5,6640,买盘
288,09:49:19,13.3,0.02,17,22610,买盘
289,09:49:22,13.28,-0.02,103,136956,卖盘
290,09:49:28,13.28,0.0,41,54448,买盘
291,09:49:31,13.28,0.0,33,43809,买盘
292,09:49:34,13.27,-0.01,13,17254,卖盘
293,09:49:37,13.27,0.0,6,7962,卖盘
294,09:49:40,13.28,0.01,9,11952,买盘
295,09:49:43,13.27,-0.01,26,34502,卖盘
296,09:49:55,13.26,-0.01,32,42432,卖盘
297,09:49:58,13.29,0.03,468,621233,买盘
298,09:50:04,13.25,-0.04,185,245125,卖盘
299,09:50:07,13.25,0.0,169,223925,卖盘
300,09:50:10,13.24,-0.01,147,194759,卖盘
301,09:50:13,13.26,0.02,40,53002,买盘
302,09:50:16,13.25,-0.01,127,168400,卖盘
303,09:50:19,13.25,0.0,119,157675,买盘
304,09:50:22,13.28,0.03,193,256059,买盘
305,09:50:25,13.29,0.01,188,249840,买盘
306,09:50:28,13.29,0.0,243,323072,卖盘
307,09:50:31,13.29,0.0,39,51831,卖盘
308,09:50:34,13.31,0.02,366,486791,买盘
309,09:50:37,13.28,-0.03,20,26561,卖盘
310,09:50:40,13.29,0.01,159,211420,买盘
311,09:50:43,13.28,-0.01,29,38512,中性盘
312,09:50:49,13.3,0.02,126,167552,买盘
313,09:50:52,13.27,-0.03,50,66394,卖盘
314,09:50:55,13.27,0.0,218,289907,卖盘
315,09:50:58,13.3,0.03,30,39900,买盘
316,09:51:01,13.3,0.0,297,394994,买盘
317,09:51:04,13.31,0.01,278,369895,买盘
318,09:51:07,13.27,-0.04,59,78434,卖盘
319,09:51:10,13.31,0.04,324,430740,买盘
320,09:51:13,13.26,-0.05,66,87541,卖盘
321,09:51:16,13.3,0.04,14,18620,买盘
322,09:51:19,13.29,-0.01,46,61164,中性盘
323,09:51:22,13.29,0.0,6,7974,买盘
324,09:51:25,13.29,0.0,2,2658,买盘
325,09:51:28,13.28,-0.01,26,34542,中性盘
326,09:51:31,13.28,0.0,23,30544,买盘
327,09:51:37,13.26,-0.02,200,265532,卖盘
328,09:51:40,13.29,0.03,133,176655,买盘
329,09:51:43,13.3,0.01,265,352383,买盘
330,09:51:46,13.28,-0.02,18,23906,卖盘
331,09:51:49,13.29,0.01,146,193891,买盘
332,09:51:58,13.28,-0.01,15,19920,买盘
333,09:52:01,13.27,-0.01,25,33177,卖盘
334,09:52:04,13.28,0.01,101,134040,买盘
335,09:52:07,13.28,0.0,11,14608,买盘
336,09:52:13,13.27,-0.01,5,6635,卖盘
337,09:52:24,13.28,0.01,2,2656,买盘
338,09:52:28,13.27,-0.01,9,11944,卖盘
339,09:52:34,13.28,0.01,184,244352,买盘
340,09:52:37,13.28,0.0,1,1328,买盘
341,09:52:43,13.29,0.01,13,17264,买盘
342,09:52:46,13.29,0.0,2,2658,买盘
343,09:52:49,13.28,-0.01,11,14608,卖盘
344,09:52:52,13.29,0.01,15,19935,买盘
345,09:52:55,13.29,0.0,21,27889,买盘
346,09:52:57,13.28,-0.01,25,33200,卖盘
347,09:53:01,13.28,0.0,41,54448,卖盘
348,09:53:04,13.28,0.0,2,2656,买盘
349,09:53:07,13.27,-0.01,20,26540,卖盘
350,09:53:13,13.28,0.01,20,26554,买盘
351,09:53:16,13.28,0.0,193,256304,买盘
352,09:53:19,13.28,0.0,13,17264,卖盘
353,09:53:22,13.29,0.01,18,23922,买盘
354,09:53:25,13.29,0.0,2,2658,买盘
355,09:53:28,13.26,-0.03,32,42487,卖盘
356,09:53:34,13.28,0.02,5,6640,买盘
357,09:53:37,13.28,0.0,1,1328,买盘
358,09:53:40,13.27,-0.01,2,2654,中性盘
359,09:53:43,13.27,0.0,3,3981,买盘
360,09:53:46,13.27,0.0,4,5308,买盘
361,09:53:49,13.26,-0.01,6,7956,卖盘
362,09:53:52,13.26,0.0,17,22545,卖盘
363,09:53:55,13.26,0.0,8,10608,卖盘
364,09:53:58,13.26,0.0,14,18566,卖盘
365,09:54:01,13.26,0.0,52,68915,卖盘
366,09:54:04,13.26,0.0,10,13260,买盘
367,09:54:10,13.26,0.0,11,14586,买盘
368,09:54:16,13.26,0.0,44,58344,买盘
369,09:54:18,13.27,0.01,207,274689,买盘
370,09:54:22,13.28,0.01,364,483286,买盘
371,09:54:25,13.29,0.01,30,39842,买盘
372,09:54:28,13.27,-0.02,15,19905,卖盘
373,09:54:34,13.27,0.0,13,17251,买盘
374,09:54:36,13.27,0.0,2,2654,买盘
375,09:54:40,13.27,0.0,11,14590,买盘
376,09:54:43,13.26,-0.01,35,46410,卖盘
377,09:54:46,13.27,0.01,31,41122,买盘
378,09:55:04,13.27,0.0,14,18565,买盘
379,09:55:07,13.27,0.0,3,3981,买盘
380,09:55:10,13.26,-0.01,9,11934,卖盘
381,09:55:13,13.27,0.01,87,115444,买盘
382,09:55:16,13.27,0.0,5,6635,买盘
383,09:55:19,13.26,-0.01,5,6630,卖盘
384,09:55:22,13.27,0.01,8,10616,买盘
385,09:55:25,13.27,0.0,5,6635,买盘
386,09:55:30,13.27,0.0,3,3981,买盘
387,09:55:34,13.27,0.0,2,2654,买盘
388,09:55:37,13.26,-0.01,13,17238,卖盘
389,09:55:40,13.27,0.01,4,5308,买盘
390,09:55:43,13.26,-0.01,6,7956,卖盘
391,09:55:46,13.27,0.01,2,2654,买盘
392,09:55:49,13.27,0.0,3,3981,买盘
393,09:55:55,13.26,-0.01,34,45084,卖盘
394,09:55:57,13.26,0.0,3,3978,买盘
395,09:56:01,13.26,0.0,67,88842,买盘
396,09:56:04,13.27,0.01,83,110089,买盘
397,09:56:07,13.25,-0.02,17,22530,卖盘
398,09:56:13,13.26,0.01,11,14586,买盘
399,09:56:16,13.27,0.01,99,131305,买盘
400,09:56:19,13.27,0.0,46,61006,买盘
401,09:56:25,13.25,-0.02,23,30475,卖盘
402,09:56:28,13.26,0.01,17,22527,买盘
403,09:56:31,13.26,0.0,40,53035,买盘
404,09:56:34,13.25,-0.01,12,15900,卖盘
405,09:56:37,13.27,0.02,41,54378,买盘
406,09:56:40,13.26,-0.01,5,6630,卖盘
407,09:56:43,13.27,0.01,2,2654,买盘
408,09:56:49,13.26,-0.01,2,2653,卖盘
409,09:56:52,13.26,0.0,2,2652,买盘
410,09:57:01,13.26,0.0,11,14586,买盘
411,09:57:07,13.26,0.0,1,1326,买盘
412,09:57:10,13.26,0.0,3,3978,买盘
413,09:57:12,13.26,0.0,1,1326,买盘
414,09:57:16,13.25,-0.01,17,22525,卖盘
415,09:57:22,13.26,0.01,65,86190,买盘
416,09:57:25,13.26,0.0,2,2652,买盘
417,09:57:28,13.26,0.0,4,5303,买盘
418,09:57:31,13.27,0.01,25,33154,买盘
419,09:57:42,13.26,-0.01,11,14586,买盘
420,09:57:55,13.26,0.0,2,2652,买盘
421,09:57:57,13.26,0.0,16,21201,买盘
422,09:58:04,13.26,0.0,11,14586,买盘
423,09:58:16,13.25,-0.01,5,6625,卖盘
424,09:58:21,13.26,0.01,5,6630,买盘
425,09:58:31,13.26,0.0,79,104754,买盘
426,09:58:34,13.25,-0.01,14,18563,卖盘
427,09:58:37,13.26,0.01,5,6630,中性盘
428,09:58:46,13.25,-0.01,45,59625,卖盘
429,09:58:49,13.26,0.01,5,6630,买盘
430,09:58:52,13.25,-0.01,41,54325,卖盘
431,09:58:55,13.26,0.01,85,112698,买盘
432,09:58:58,13.25,-0.01,22,29152,卖盘
433,09:59:01,13.26,0.01,8,10608,买盘
434,09:59:04,13.25,-0.01,22,29150,卖盘
435,09:59:07,13.25,0.0,36,47700,卖盘
436,09:59:10,13.25,0.0,32,42400,卖盘
437,09:59:13,13.25,0.0,40,53000,卖盘
438,09:59:19,13.25,0.0,52,68900,卖盘
439,09:59:22,13.25,0.0,9,11925,卖盘
440,09:59:24,13.26,0.01,35,46388,买盘
441,09:59:27,13.25,-0.01,32,42400,卖盘
442,09:59:37,13.24,-0.01,60,79440,卖盘
443,09:59:43,13.25,0.01,56,74168,买盘
444,09:59:46,13.25,0.0,116,153655,买盘
445,09:59:49,13.26,0.01,111,147051,买盘
446,09:59:52,13.25,-0.01,55,72899,中性盘
447,09:59:55,13.25,0.0,10,13248,买盘
448,09:59:58,13.25,0.0,2,2650,买盘
449,10:00:04,13.25,0.0,53,70195,买盘
450,10:00:07,13.25,0.0,81,107306,买盘
451,10:00:10,13.25,0.0,106,140454,买盘
452,10:00:13,13.26,0.01,89,117995,买盘
453,10:00:16,13.27,0.01,74,98150,买盘
454,10:00:21,13.24,-0.03,17,22515,卖盘
455,10:00:25,13.24,0.0,15,19860,买盘
456,10:00:28,13.24,0.0,10,13240,买盘
457,10:00:31,13.25,0.01,38,50350,买盘
458,10:00:34,13.25,0.0,40,53000,买盘
459,10:00:37,13.26,0.01,98,129929,买盘
460,10:00:40,13.24,-0.02,44,58266,卖盘
461,10:00:42,13.24,0.0,15,19860,买盘
462,10:00:46,13.24,0.0,2,2648,买盘
463,10:00:49,13.27,0.03,155,205343,买盘
464,10:01:13,13.25,-0.02,110,145750,买盘
465,10:01:16,13.26,0.01,124,164410,买盘
466,10:01:19,13.26,0.0,2,2652,买盘
467,10:01:21,13.24,-0.02,24,31783,卖盘
468,10:01:31,13.25,0.01,1,1325,买盘
469,10:01:37,13.24,-0.01,74,98027,卖盘
470,10:01:40,13.24,0.0,63,83463,卖盘
471,10:01:46,13.25,0.01,93,123225,买盘
472,10:01:49,13.26,0.01,131,173669,买盘
473,10:01:52,13.26,0.0,35,46400,买盘
474,10:01:55,13.25,-0.01,23,30484,中性盘
475,10:01:58,13.26,0.01,50,66264,买盘
476,10:02:00,13.26,0.0,16,21202,买盘
477,10:02:04,13.25,-0.01,22,29150,中性盘
478,10:02:07,13.26,0.01,755,1000993,买盘
479,10:02:10,13.24,-0.02,198,262378,卖盘
480,10:02:13,13.24,0.0,1,1324,买盘
481,10:02:16,13.25,0.01,117,154929,买盘
482,10:02:19,13.25,0.0,50,66250,买盘
483,10:02:22,13.24,-0.01,1,1324,卖盘
484,10:02:24,13.24,0.0,2,2648,买盘
485,10:02:28,13.23,-0.01,24,31761,卖盘
486,10:02:31,13.24,0.01,105,138933,买盘
487,10:02:34,13.24,0.0,15,19860,买盘
488,10:02:37,13.23,-0.01,70,92625,卖盘
489,10:02:40,13.24,0.01,10,13240,买盘
490,10:02:43,13.23,-0.01,93,123039,卖盘
491,10:02:46,13.23,0.0,91,120393,卖盘
492,10:02:49,13.24,0.01,197,260793,买盘
493,10:02:51,13.25,0.01,215,284699,买盘
494,10:02:54,13.26,0.01,215,284988,买盘
495,10:02:58,13.26,0.0,22,29117,买盘
496,10:03:04,13.25,-0.01,4,5300,买盘
497,10:03:07,13.24,-0.01,1,1324,卖盘
498,10:03:15,13.23,-0.01,32,42336,卖盘
499,10:03:19,13.23,0.0,40,52936,买盘
500,10:03:22,13.25,0.02,125,165567,买盘
501,10:03:25,13.24,-0.01,11,14564,买盘
502,10:03:31,13.25,0.01,113,149614,买盘
503,10:03:37,13.26,0.01,168,222583,买盘
504,10:03:40,13.25,-0.01,15,19875,买盘
505,10:03:42,13.24,-0.01,49,64876,买盘
506,10:03:46,13.24,0.0,15,19860,卖盘
507,10:03:49,13.24,0.0,12,15888,卖盘
508,10:03:52,13.25,0.01,32,42373,买盘
509,10:03:55,13.24,-0.01,45,59580,卖盘
510,10:03:58,13.24,0.0,5,6620,买盘
511,10:04:01,13.24,0.0,32,42349,买盘
512,10:04:04,13.24,0.0,65,86060,买盘
513,10:04:06,13.25,0.01,224,296701,买盘
514,10:04:10,13.25,0.0,8,10600,卖盘
515,10:04:13,13.25,0.0,174,230718,卖盘
516,10:04:16,13.25,0.0,22,29180,卖盘
517,10:04:19,13.25,0.0,14,18550,买盘
518,10:04:27,13.25,0.0,99,131175,买盘
519,10:04:31,13.25,0.0,99,131175,买盘
520,10:04:34,13.25,0.0,98,129802,买盘
521,10:04:37,13.25,0.0,21,27806,买盘
522,10:04:49,13.24,-0.01,2,2648,买盘
523,10:04:52,13.24,0.0,29,38373,买盘
524,10:04:55,13.23,-0.01,35,46305,卖盘
525,10:04:58,13.23,0.0,88,116492,卖盘
526,10:05:01,13.23,0.0,273,361654,卖盘
527,10:05:04,13.23,0.0,23,30440,卖盘
528,10:05:13,13.24,0.01,5,6620,买盘
529,10:05:16,13.23,-0.01,20,26460,卖盘
530,10:05:19,13.23,0.0,24,31752,卖盘
531,10:05:22,13.23,0.0,23,30429,卖盘
532,10:05:25,13.23,0.0,6,7938,卖盘
533,10:05:28,13.24,0.01,20,26465,买盘
534,10:05:30,13.23,-0.01,12,15876,卖盘
535,10:05:33,13.23,0.0,12,15876,卖盘
536,10:05:37,13.23,0.0,23,30431,卖盘
537,10:05:40,13.23,0.0,18,23815,卖盘
538,10:05:43,13.23,0.0,5,6615,买盘
539,10:05:49,13.22,-0.01,15,19830,卖盘
540,10:05:55,13.23,0.01,5,6615,买盘
541,10:06:01,13.23,0.0,35,46279,买盘
542,10:06:07,13.22,-0.01,105,138810,卖盘
543,10:06:10,13.22,0.0,26,34374,卖盘
544,10:06:13,13.22,0.0,15,19830,卖盘
545,10:06:16,13.23,0.01,16,21155,买盘
546,10:06:19,13.22,-0.01,25,33050,卖盘
547,10:06:22,13.22,0.0,32,42304,卖盘
548,10:06:31,13.23,0.01,27,35696,买盘
549,10:06:34,13.22,-0.01,47,62134,卖盘
550,10:06:37,13.22,0.0,144,190503,卖盘
551,10:06:39,13.22,0.0,185,244900,卖盘
552,10:06:43,13.23,0.01,2,2646,买盘
553,10:06:46,13.23,0.0,3,3969,买盘
554,10:06:49,13.23,0.0,1,1323,买盘
555,10:06:52,13.23,0.0,9,11907,卖盘
556,10:06:55,13.23,0.0,13,17199,卖盘
557,10:07:00,13.23,0.0,3,3969,买盘
558,10:07:13,13.22,-0.01,22,29084,卖盘
559,10:07:16,13.23,0.01,16,21154,买盘
560,10:07:19,13.22,-0.01,8,10576,卖盘
561,10:07:25,13.22,0.0,6,7934,卖盘
562,10:07:28,13.22,0.0,3,3966,买盘
563,10:07:31,13.22,0.0,4,5288,买盘
564,10:07:34,13.22,0.0,6,7932,买盘
565,10:07:37,13.22,0.0,15,19830,买盘
566,10:07:42,13.22,0.0,2,2644,买盘
567,10:07:45,13.22,0.0,2,2644,买盘
568,10:07:49,13.22,0.0,10,13220,卖盘
569,10:07:52,13.22,0.0,4,5288,卖盘
570,10:08:07,13.21,-0.01,11,14531,卖盘
571,10:08:31,13.22,0.01,86,113692,买盘
572,10:08:37,13.23,0.01,117,154791,买盘
573,10:08:43,13.23,0.0,8,10584,卖盘
574,10:08:46,13.23,0.0,28,37068,买盘
575,10:08:55,13.23,0.0,35,46305,买盘
576,10:08:58,13.24,0.01,20,26455,买盘
577,10:09:09,13.23,-0.01,6,7938,买盘
578,10:09:13,13.23,0.0,97,128331,买盘
579,10:09:15,13.23,0.0,2,2646,卖盘
580,10:09:19,13.23,0.0,122,161488,买盘
581,10:09:28,13.23,0.0,3,3969,买盘
582,10:09:31,13.23,0.0,8,10584,买盘
583,10:09:33,13.22,-0.01,23,30406,卖盘
584,10:09:40,13.23,0.01,2,2646,买盘
585,10:09:46,13.22,-0.01,16,21153,卖盘
586,10:09:52,13.22,0.0,12,15864,卖盘
587,10:09:55,13.23,0.01,13,17199,买盘
588,10:10:07,13.23,0.0,3,3969,买盘
589,10:10:16,13.23,0.0,10,13230,买盘
590,10:10:22,13.23,0.0,2,2646,买盘
591,10:10:34,13.22,-0.01,11,14542,卖盘
592,10:10:39,13.23,0.01,1,1323,买盘
593,10:10:48,13.22,-0.01,15,19830,卖盘
594,10:10:52,13.23,0.01,2,2646,买盘
595,10:11:04,13.23,0.0,3,3969,买盘
596,10:11:09,13.23,0.0,17,22477,买盘
597,10:11:13,13.22,-0.01,30,39663,卖盘
598,10:11:16,13.23,0.01,16,21155,买盘
599,10:11:19,13.22,-0.01,29,38340,卖盘
600,10:11:22,13.22,0.0,18,23798,卖盘
601,10:11:25,13.22,0.0,11,14542,卖盘
602,10:11:28,13.23,0.01,115,152145,买盘
603,10:11:31,13.24,0.01,34,44985,买盘
604,10:11:36,13.23,-0.01,6,7938,卖盘
605,10:11:40,13.23,0.0,21,27783,卖盘
606,10:11:42,13.23,0.0,3,3969,买盘
607,10:12:07,13.23,0.0,66,87318,买盘
608,10:12:19,13.24,0.01,1,1324,买盘
609,10:12:25,13.24,0.0,7,9268,买盘
610,10:12:28,13.23,-0.01,20,26460,卖盘
611,10:12:31,13.23,0.0,20,26460,买盘
612,10:12:34,13.23,0.0,15,19845,买盘
613,10:12:40,13.23,0.0,1,1323,买盘
614,10:12:52,13.22,-0.01,21,27762,卖盘
615,10:12:57,13.23,0.01,14,18510,买盘
616,10:13:01,13.22,-0.01,8,10576,卖盘
617,10:13:04,13.22,0.0,30,39660,卖盘
618,10:13:19,13.22,0.0,16,21152,卖盘
619,10:13:22,13.22,0.0,9,11898,卖盘
620,10:13:40,13.22,0.0,1,1322,卖盘
621,10:13:49,13.22,0.0,15,19830,卖盘
622,10:13:52,13.22,0.0,19,25118,卖盘
623,10:13:58,13.22,0.0,29,38338,卖盘
624,10:14:06,13.22,0.0,5,6610,卖盘
625,10:14:10,13.22,0.0,5,6610,卖盘
626,10:14:13,13.22,0.0,28,37016,卖盘
627,10:14:18,13.22,0.0,14,18513,卖盘
628,10:14:25,13.22,0.0,6,7932,卖盘
629,10:14:31,13.22,0.0,7,9254,卖盘
630,10:14:43,13.22,0.0,6,7932,卖盘
631,10:14:49,13.22,0.0,9,11898,买盘
632,10:15:01,13.21,-0.01,19,25099,卖盘
633,10:15:04,13.21,0.0,14,18494,卖盘
634,10:15:07,13.21,0.0,20,26420,卖盘
635,10:15:09,13.21,0.0,12,15852,卖盘
636,10:15:13,13.21,0.0,8,10568,卖盘
637,10:15:19,13.21,0.0,44,58124,卖盘
638,10:15:22,13.21,0.0,9,11889,卖盘
639,10:15:25,13.21,0.0,28,36988,卖盘
640,10:15:28,13.21,0.0,17,22457,卖盘
641,10:15:31,13.21,0.0,28,36990,卖盘
642,10:15:34,13.22,0.01,10,13220,买盘
643,10:15:37,13.21,-0.01,58,76618,卖盘
644,10:15:40,13.21,0.0,87,115012,卖盘
645,10:15:43,13.23,0.02,3,3969,买盘
646,10:15:46,13.21,-0.02,23,30383,卖盘
647,10:15:49,13.22,0.01,104,137386,买盘
648,10:15:52,13.21,-0.01,20,26420,卖盘
649,10:15:58,13.22,0.01,17,22459,买盘
650,10:16:27,13.21,-0.01,19,25099,卖盘
651,10:16:31,13.22,0.01,17,22459,买盘
652,10:16:43,13.22,0.0,2,2644,买盘
653,10:16:55,13.21,-0.01,4,5284,卖盘
654,10:17:04,13.22,0.01,3,3966,买盘
655,10:17:16,13.22,0.0,2,2644,买盘
656,10:17:19,13.21,-0.01,5,6605,卖盘
657,10:17:22,13.21,0.0,17,22459,卖盘
658,10:17:25,13.21,0.0,25,33025,卖盘
659,10:17:30,13.22,0.01,2,2644,买盘
660,10:17:37,13.21,-0.01,26,34349,卖盘
661,10:17:40,13.22,0.01,2,2644,买盘
662,10:17:42,13.21,-0.01,7,9247,卖盘
663,10:17:46,13.22,0.01,1,1322,买盘
664,10:18:10,13.21,-0.01,14,18494,卖盘
665,10:18:13,13.21,0.0,16,21138,卖盘
666,10:18:16,13.22,0.01,16,21138,买盘
667,10:18:19,13.21,-0.01,21,27741,卖盘
668,10:18:22,13.22,0.01,39,51520,买盘
669,10:18:31,13.21,-0.01,56,73976,卖盘
670,10:18:33,13.22,0.01,2,2644,买盘
671,10:18:49,13.21,-0.01,24,31704,卖盘
672,10:18:55,13.21,0.0,16,21136,卖盘
673,10:18:58,13.21,0.0,5,6605,卖盘
674,10:19:00,13.21,0.0,27,35667,卖盘
675,10:19:04,13.21,0.0,17,22457,卖盘
676,10:19:07,13.21,0.0,27,35667,卖盘
677,10:19:13,13.21,0.0,9,11889,卖盘
678,10:19:16,13.22,0.01,14,18496,买盘
679,10:19:18,13.21,-0.01,8,10568,卖盘
680,10:19:22,13.22,0.01,2,2644,买盘
681,10:19:28,13.21,-0.01,10,13210,卖盘
682,10:19:37,13.21,0.0,15,19815,卖盘
683,10:19:39,13.22,0.01,2,2644,买盘
684,10:19:43,13.21,-0.01,18,23778,卖盘
685,10:19:46,13.22,0.01,4,5288,买盘
686,10:19:54,13.21,-0.01,31,40951,卖盘
687,10:19:58,13.21,0.0,15,19818,卖盘
688,10:20:00,13.21,0.0,9,11890,卖盘
689,10:20:07,13.21,0.0,10,13210,卖盘
690,10:20:10,13.22,0.01,3,3966,买盘
691,10:20:13,13.22,0.0,29,38311,买盘
692,10:20:15,13.22,0.0,19,25100,买盘
693,10:20:19,13.2,-0.02,127,167710,卖盘
694,10:20:22,13.21,0.01,2,2642,中性盘
695,10:20:25,13.21,0.0,13,17173,买盘
696,10:20:28,13.21,0.0,2,2642,买盘
697,10:20:34,13.2,-0.01,90,118855,卖盘
698,10:20:37,13.2,0.0,39,51482,卖盘
699,10:20:40,13.2,0.0,57,75255,卖盘
700,10:20:43,13.2,0.0,25,33000,卖盘
701,10:20:46,13.2,0.0,9,11880,卖盘
702,10:20:52,13.21,0.01,75,99075,买盘
703,10:20:54,13.21,0.0,2,2642,买盘
704,10:20:58,13.21,0.0,25,33025,买盘
705,10:21:01,13.21,0.0,8,10563,买盘
706,10:21:04,13.21,0.0,19,25099,卖盘
707,10:21:07,13.2,-0.01,29,38287,卖盘
708,10:21:12,13.21,0.01,2,2642,买盘
709,10:21:19,13.2,-0.01,127,167640,卖盘
710,10:21:22,13.21,0.01,2,2642,买盘
711,10:21:31,13.21,0.0,111,146631,买盘
712,10:21:36,13.23,0.02,140,185080,买盘
713,10:21:43,13.21,-0.02,10,13210,卖盘
714,10:21:49,13.22,0.01,2,2644,买盘
715,10:21:58,13.21,-0.01,2,2642,卖盘
716,10:22:04,13.21,0.0,7,9247,买盘
717,10:22:16,13.2,-0.01,9,11880,卖盘
718,10:22:18,13.19,-0.01,127,167615,卖盘
719,10:22:21,13.2,0.01,5,6600,中性盘
720,10:22:25,13.2,0.0,4,5280,买盘
721,10:22:31,13.2,0.0,51,67320,买盘
722,10:22:34,13.2,0.0,12,15840,买盘
723,10:22:37,13.2,0.0,1,1320,买盘
724,10:22:40,13.2,0.0,9,11880,买盘
725,10:22:46,13.2,0.0,35,46200,买盘
726,10:22:54,13.2,0.0,36,47520,买盘
727,10:23:04,13.22,0.02,120,158577,买盘
728,10:23:06,13.19,-0.03,53,69932,卖盘
729,10:23:10,13.19,0.0,9,11871,买盘
730,10:23:13,13.19,0.0,420,553980,买盘
731,10:23:19,13.2,0.01,99,130680,卖盘
732,10:23:22,13.2,0.0,1,1320,买盘
733,10:23:24,13.2,0.0,6,7920,买盘
734,10:23:31,13.22,0.02,400,528048,买盘
735,10:23:37,13.24,0.02,260,344083,买盘
736,10:23:40,13.2,-0.04,30,39600,买盘
737,10:23:43,13.23,0.03,17,22479,买盘
738,10:23:46,13.23,0.0,9,11907,买盘
739,10:23:49,13.23,0.0,4,5292,买盘
740,10:23:51,13.24,0.01,13,17210,买盘
741,10:24:01,13.22,-0.02,12,15864,卖盘
742,10:24:04,13.23,0.01,2,2646,买盘
743,10:24:10,13.24,0.01,25,33083,买盘
744,10:24:25,13.23,-0.01,3,3969,卖盘
745,10:24:27,13.23,0.0,1,1323,买盘
746,10:24:34,13.24,0.01,11,14554,买盘
747,10:24:40,13.23,-0.01,5,6615,卖盘
748,10:24:43,13.23,0.0,3,3969,买盘
749,10:24:49,13.23,0.0,5,6615,买盘
750,10:24:52,13.22,-0.01,3,3966,卖盘
751,10:25:04,13.22,0.0,8,10578,卖盘
752,10:25:07,13.22,0.0,12,15867,卖盘
753,10:25:19,13.22,0.0,15,19818,买盘
754,10:25:22,13.22,0.0,35,46270,买盘
755,10:25:24,13.21,-0.01,13,17173,卖盘
756,10:25:28,13.23,0.02,35,46279,买盘
757,10:25:34,13.2,-0.03,23,30380,卖盘
758,10:25:36,13.23,0.03,2,2646,买盘
759,10:25:39,13.2,-0.03,23,30360,卖盘
760,10:25:42,13.2,0.0,21,27738,卖盘
761,10:25:49,13.22,0.02,3,3966,买盘
762,10:26:04,13.22,0.0,10,13220,买盘
763,10:26:07,13.21,-0.01,6,7926,卖盘
764,10:26:16,13.2,-0.01,25,33002,卖盘
765,10:26:18,13.21,0.01,2,2642,买盘
766,10:26:28,13.2,-0.01,9,11880,卖盘
767,10:26:43,13.2,0.0,17,22444,卖盘
768,10:26:48,13.2,0.0,12,15844,卖盘
769,10:26:55,13.21,0.01,90,118881,买盘
770,10:26:58,13.22,0.01,23,30385,买盘
771,10:27:01,13.21,-0.01,7,9247,卖盘
772,10:27:07,13.21,0.0,6,7926,买盘
773,10:27:10,13.2,-0.01,23,30360,卖盘
774,10:27:13,13.2,0.0,58,76560,卖盘
775,10:27:16,13.21,0.01,56,73976,买盘
776,10:27:25,13.21,0.0,22,29043,买盘
777,10:27:34,13.2,-0.01,9,11880,卖盘
778,10:27:37,13.21,0.01,2,2642,买盘
779,10:27:49,13.2,-0.01,6,7920,卖盘
780,10:27:54,13.2,0.0,16,21120,卖盘
781,10:27:58,13.2,0.0,29,38280,卖盘
782,10:28:01,13.2,0.0,5,6600,卖盘
783,10:28:04,13.2,0.0,5,6600,买盘
784,10:28:07,13.2,0.0,1,1320,买盘
785,10:28:10,13.2,0.0,1,1320,买盘
786,10:28:13,13.2,0.0,2,2640,买盘
787,10:28:16,13.19,-0.01,1,1319,卖盘
788,10:28:19,13.2,0.01,8,10560,买盘
789,10:28:22,13.2,0.0,65,85800,买盘
790,10:28:28,13.21,0.01,153,201966,买盘
791,10:28:30,13.21,0.0,23,30341,买盘
792,10:28:40,13.19,-0.02,26,34294,卖盘
793,10:28:43,13.2,0.01,19,25065,中性盘
794,10:28:49,13.2,0.0,2,2640,买盘
795,10:28:52,13.19,-0.01,20,26387,卖盘
796,10:28:57,13.2,0.01,153,201894,买盘
797,10:29:01,13.21,0.01,102,134742,买盘
798,10:29:04,13.22,0.01,121,159962,买盘
799,10:29:10,13.22,0.0,2,2644,买盘
800,10:29:13,13.22,0.0,3,3966,买盘
801,10:29:16,13.22,0.0,11,14536,买盘
802,10:29:19,13.22,0.0,6,7932,买盘
803,10:29:22,13.21,-0.01,2,2642,卖盘
804,10:29:25,13.21,0.0,2,2642,卖盘
805,10:29:28,13.22,0.01,3,3966,买盘
806,10:29:34,13.22,0.0,2,2644,买盘
807,10:29:39,13.21,-0.01,8,10568,卖盘
808,10:29:51,13.2,-0.01,7,9240,卖盘
809,10:29:58,13.2,0.0,9,11880,卖盘
810,10:30:04,13.2,0.0,5,6600,卖盘
811,10:30:07,13.21,0.01,7,9241,买盘
812,10:30:10,13.2,-0.01,21,27720,卖盘
813,10:30:16,13.2,0.0,6,7920,卖盘
814,10:30:19,13.21,0.01,2,2642,买盘
815,10:30:22,13.21,0.0,26,34346,买盘
816,10:30:25,13.2,-0.01,8,10562,卖盘
817,10:30:28,13.21,0.01,6,7926,买盘
818,10:30:31,13.21,0.0,5,6605,买盘
819,10:30:37,13.21,0.0,4,5284,买盘
820,10:30:40,13.2,-0.01,9,11880,卖盘
821,10:30:43,13.19,-0.01,33,43553,卖盘
822,10:30:49,13.2,0.01,25,33000,买盘
823,10:31:10,13.2,0.0,2,2640,买盘
824,10:31:13,13.19,-0.01,40,52762,卖盘
825,10:31:16,13.19,0.0,6,7914,卖盘
826,10:31:19,13.19,0.0,46,60674,卖盘
827,10:31:22,13.19,0.0,27,35613,卖盘
828,10:31:25,13.21,0.02,92,121416,买盘
829,10:31:28,13.19,-0.02,56,73864,卖盘
830,10:31:31,13.19,0.0,45,59355,卖盘
831,10:31:34,13.19,0.0,52,68592,卖盘
832,10:31:37,13.2,0.01,15,19800,中性盘
833,10:31:40,13.2,0.0,47,62040,卖盘
834,10:31:43,13.2,0.0,30,39600,买盘
835,10:31:52,13.19,-0.01,25,32975,卖盘
836,10:31:55,13.2,0.01,87,114775,买盘
837,10:31:58,13.19,-0.01,55,72545,卖盘
838,10:32:04,13.19,0.0,11,14509,买盘
839,10:32:07,13.19,0.0,21,27699,买盘
840,10:32:13,13.19,0.0,1,1319,买盘
841,10:32:25,13.19,0.0,6,7914,买盘
842,10:32:27,13.18,-0.01,1356,1787208,卖盘
843,10:32:34,13.19,0.01,28,36912,买盘
844,10:32:42,13.19,0.0,2,2638,买盘
845,10:32:49,13.19,0.0,15,19785,买盘
846,10:32:52,13.2,0.01,52,68640,买盘
847,10:32:55,13.21,0.01,37,48877,买盘
848,10:32:58,13.21,0.0,2,2642,买盘
849,10:33:04,13.2,-0.01,7,9240,卖盘
850,10:33:07,13.2,0.0,6,7920,卖盘
851,10:33:12,13.21,0.01,351,463401,买盘
852,10:33:16,13.19,-0.02,1,1319,卖盘
853,10:33:19,13.24,0.05,230,304163,买盘
854,10:33:22,13.25,0.01,285,377518,买盘
855,10:33:25,13.27,0.02,372,493329,买盘
856,10:33:28,13.27,0.0,128,169845,买盘
857,10:33:31,13.27,0.0,12,15924,卖盘
858,10:33:37,13.25,-0.02,6,7950,买盘
859,10:33:40,13.25,0.0,5,6625,买盘
860,10:33:46,13.24,-0.01,1,1324,卖盘
861,10:33:49,13.24,0.0,3,3974,卖盘
862,10:33:52,13.24,0.0,9,11918,卖盘
863,10:33:55,13.25,0.01,9,11925,买盘
864,10:33:58,13.25,0.0,13,17225,买盘
865,10:34:07,13.24,-0.01,19,25156,卖盘
866,10:34:10,13.24,0.0,2,2648,买盘
867,10:34:13,13.24,0.0,10,13240,买盘
868,10:34:19,13.23,-0.01,17,22492,卖盘
869,10:34:22,13.24,0.01,2,2648,买盘
870,10:34:25,13.23,-0.01,2,2647,卖盘
871,10:34:31,13.23,0.0,2,2646,买盘
872,10:34:34,13.23,0.0,53,70119,买盘
873,10:34:37,13.23,0.0,1,1323,卖盘
874,10:34:40,13.23,0.0,23,30429,卖盘
875,10:34:43,13.23,0.0,25,33075,卖盘
876,10:34:57,13.23,0.0,17,22493,卖盘
877,10:35:04,13.23,0.0,3,3969,卖盘
878,10:35:13,13.23,0.0,1,1323,买盘
879,10:35:16,13.22,-0.01,19,25118,卖盘
880,10:35:22,13.21,-0.01,12,15852,卖盘
881,10:35:25,13.22,0.01,36,47586,买盘
882,10:35:27,13.21,-0.01,12,15852,卖盘
883,10:35:58,13.21,0.0,1,1321,买盘
884,10:36:01,13.2,-0.01,5,6600,卖盘
885,10:36:16,13.21,0.01,2,2642,买盘
886,10:36:21,13.2,-0.01,15,19800,卖盘
887,10:36:24,13.2,0.0,50,66000,卖盘
888,10:36:28,13.21,0.01,1,1321,买盘
889,10:36:30,13.2,-0.01,7,9241,卖盘
890,10:36:33,13.2,0.0,6,7920,买盘
891,10:36:52,13.2,0.0,33,43560,卖盘
892,10:36:55,13.2,0.0,8,10560,卖盘
893,10:37:00,13.2,0.0,10,13200,卖盘
894,10:37:04,13.2,0.0,12,15840,卖盘
895,10:37:13,13.2,0.0,2,2640,卖盘
896,10:37:22,13.2,0.0,6,7920,卖盘
897,10:37:24,13.2,0.0,10,13200,卖盘
898,10:37:28,13.2,0.0,2,2640,卖盘
899,10:37:34,13.21,0.01,1,1321,买盘
900,10:37:46,13.21,0.0,5,6605,买盘
901,10:38:01,13.21,0.0,2,2642,买盘
902,10:38:04,13.21,0.0,12,15852,买盘
903,10:38:06,13.21,0.0,10,13210,买盘
904,10:38:34,13.2,-0.01,3,3960,卖盘
905,10:38:37,13.2,0.0,1,1320,买盘
906,10:39:04,13.2,0.0,4,5280,买盘
907,10:39:36,13.2,0.0,2,2640,买盘
908,10:39:42,13.2,0.0,1,1320,买盘
909,10:40:00,13.2,0.0,20,26400,买盘
910,10:40:04,13.19,-0.01,85,112119,卖盘
911,10:40:07,13.19,0.0,13,17148,卖盘
912,10:40:10,13.2,0.01,9,11880,买盘
913,10:40:13,13.2,0.0,10,13200,买盘
914,10:40:19,13.19,-0.01,8,10552,卖盘
915,10:40:21,13.19,0.0,20,26380,卖盘
916,10:40:28,13.2,0.01,41,54080,买盘
917,10:40:37,13.2,0.0,1,1320,买盘
918,10:40:40,13.19,-0.01,5,6595,卖盘
919,10:40:43,13.2,0.01,16,21105,买盘
920,10:40:57,13.19,-0.01,31,40890,卖盘
921,10:41:01,13.19,0.0,12,15828,卖盘
922,10:41:04,13.19,0.0,25,32975,卖盘
923,10:41:06,13.2,0.01,6,7915,买盘
924,10:41:10,13.19,-0.01,5,6595,卖盘
925,10:41:18,13.2,0.01,21,27701,买盘
926,10:41:28,13.19,-0.01,51,67317,卖盘
927,10:41:40,13.2,0.01,12,15840,买盘
928,10:41:52,13.19,-0.01,22,29028,卖盘
929,10:41:57,13.2,0.01,1,1320,买盘
930,10:42:00,13.2,0.0,20,26400,买盘
931,10:42:07,13.2,0.0,12,15840,买盘
932,10:42:22,13.19,-0.01,4,5276,卖盘
933,10:42:25,13.24,0.05,448,592425,买盘
934,10:42:28,13.24,0.0,16,21184,卖盘
935,10:42:30,13.24,0.0,1,1324,卖盘
936,10:42:34,13.24,0.0,18,23834,卖盘
937,10:42:36,13.24,0.0,19,25156,卖盘
938,10:42:40,13.24,0.0,1,1324,买盘
939,10:42:43,13.24,0.0,2,2648,买盘
940,10:42:46,13.23,-0.01,55,72765,卖盘
941,10:42:49,13.23,0.0,2,2646,买盘
942,10:43:10,13.23,0.0,2,2646,买盘
943,10:43:19,13.23,0.0,1,1323,买盘
944,10:43:28,13.23,0.0,12,15876,买盘
945,10:43:34,13.23,0.0,2,2646,买盘
946,10:43:45,13.23,0.0,1,1323,买盘
947,10:43:49,13.23,0.0,1,1323,买盘
948,10:43:55,13.23,0.0,7,9261,买盘
949,10:44:19,13.23,0.0,5,6615,买盘
950,10:44:22,13.22,-0.01,23,30406,卖盘
951,10:44:37,13.22,0.0,23,30406,卖盘
952,10:44:46,13.23,0.01,3,3969,买盘
953,10:44:55,13.23,0.0,3,3969,买盘
954,10:45:10,13.23,0.0,1,1323,买盘
955,10:45:13,13.23,0.0,3,3967,买盘
956,10:45:49,13.22,-0.01,9,11898,卖盘
957,10:46:01,13.22,0.0,20,26440,卖盘
958,10:46:13,13.23,0.01,3,3969,买盘
959,10:46:16,13.23,0.0,1,1323,买盘
960,10:46:27,13.23,0.0,3,3969,买盘
961,10:46:51,13.23,0.0,3,3969,买盘
962,10:47:04,13.22,-0.01,9,11898,卖盘
963,10:47:16,13.23,0.01,2,2646,买盘
964,10:47:49,13.22,-0.01,10,13220,卖盘
965,10:47:54,13.23,0.01,1,1323,买盘
966,10:48:07,13.23,0.0,6,7933,买盘
967,10:48:10,13.23,0.0,9,11902,买盘
968,10:48:13,13.22,-0.01,12,15864,卖盘
969,10:48:28,13.21,-0.01,25,33038,卖盘
970,10:48:31,13.21,0.0,23,30383,卖盘
971,10:48:33,13.22,0.01,1,1322,买盘
972,10:48:40,13.21,-0.01,12,15852,卖盘
973,10:48:43,13.22,0.01,1,1322,买盘
974,10:48:51,13.21,-0.01,5,6605,卖盘
975,10:48:54,13.21,0.0,5,6605,卖盘
976,10:48:58,13.22,0.01,1,1322,买盘
977,10:49:07,13.22,0.0,45,59490,买盘
978,10:49:25,13.22,0.0,3,3966,买盘
979,10:49:28,13.21,-0.01,2,2642,卖盘
980,10:49:37,13.21,0.0,2,2643,卖盘
981,10:49:40,13.22,0.01,1,1322,买盘
982,10:49:49,13.2,-0.02,23,30368,卖盘
983,10:49:52,13.2,0.0,6,7920,卖盘
984,10:49:55,13.2,0.0,22,29040,卖盘
985,10:49:58,13.2,0.0,18,23760,卖盘
986,10:50:04,13.21,0.01,1,1321,买盘
987,10:50:10,13.2,-0.01,6,7920,卖盘
988,10:50:13,13.21,0.01,109,143989,买盘
989,10:50:16,13.22,0.01,1,1322,买盘
990,10:50:19,13.21,-0.01,23,30383,卖盘
991,10:50:22,13.22,0.01,1,1322,买盘
992,10:50:25,13.21,-0.01,5,6605,卖盘
993,10:50:34,13.21,0.0,1,1321,买盘
994,10:50:49,13.2,-0.01,12,15840,卖盘
995,10:50:52,13.21,0.01,9,11881,买盘
996,10:50:55,13.21,0.0,5,6605,买盘
997,10:50:58,13.21,0.0,53,70004,买盘
998,10:51:01,13.21,0.0,54,71334,卖盘
999,10:51:04,13.22,0.01,1,1322,买盘
1000,10:51:07,13.21,-0.01,32,42272,卖盘
1001,10:51:09,13.21,0.0,8,10568,卖盘
1002,10:51:16,13.21,0.0,28,36988,卖盘
1003,10:51:18,13.21,0.0,13,17174,卖盘
1004,10:51:22,13.21,0.0,5,6605,卖盘
1005,10:51:28,13.21,0.0,9,11889,卖盘
1006,10:51:33,13.21,0.0,1,1321,卖盘
1007,10:51:37,13.21,0.0,1,1321,买盘
1008,10:51:40,13.21,0.0,6,7926,买盘
1009,10:51:43,13.2,-0.01,24,31684,卖盘
1010,10:51:46,13.21,0.01,17,22441,买盘
1011,10:51:48,13.2,-0.01,23,30360,卖盘
1012,10:51:51,13.2,0.0,7,9240,卖盘
1013,10:52:04,13.21,0.01,20,26420,买盘
1014,10:52:06,13.2,-0.01,5,6600,卖盘
1015,10:52:10,13.2,0.0,9,11881,卖盘
1016,10:52:13,13.2,0.0,12,15840,卖盘
1017,10:52:18,13.22,0.02,51,67393,买盘
1018,10:52:24,13.2,-0.02,20,26400,卖盘
1019,10:52:30,13.2,0.0,12,15840,卖盘
1020,10:52:34,13.21,0.01,6,7921,买盘
1021,10:52:42,13.2,-0.01,16,21120,卖盘
1022,10:52:45,13.2,0.0,53,69980,卖盘
1023,10:52:49,13.2,0.0,17,22440,卖盘
1024,10:52:51,13.2,0.0,49,64682,卖盘
1025,10:52:55,13.2,0.0,11,14520,卖盘
1026,10:53:09,13.2,0.0,17,22440,卖盘
1027,10:53:15,13.21,0.01,1,1321,买盘
1028,10:53:22,13.2,-0.01,41,54080,买盘
1029,10:53:28,13.19,-0.01,31,40889,卖盘
1030,10:53:31,13.19,0.0,16,21104,卖盘
1031,10:53:34,13.19,0.0,14,18466,卖盘
1032,10:53:37,13.19,0.0,64,84417,卖盘
1033,10:53:39,13.19,0.0,9,11872,卖盘
1034,10:53:42,13.19,0.0,20,26380,卖盘
1035,10:53:45,13.19,0.0,19,25061,卖盘
1036,10:53:48,13.2,0.01,1,1320,买盘
1037,10:53:58,13.19,-0.01,56,73864,卖盘
1038,10:54:00,13.19,0.0,6,7914,卖盘
1039,10:54:04,13.19,0.0,22,29018,卖盘
1040,10:54:06,13.19,0.0,22,29018,卖盘
1041,10:54:18,13.19,0.0,32,42208,卖盘
1042,10:54:22,13.19,0.0,11,14509,卖盘
1043,10:54:25,13.2,0.01,12,15840,买盘
1044,10:54:40,13.19,-0.01,21,27699,卖盘
1045,10:54:46,13.2,0.01,1,1320,买盘
1046,10:54:48,13.19,-0.01,55,72545,卖盘
1047,10:54:54,13.19,0.0,60,79140,卖盘
1048,10:54:58,13.2,0.01,1,1320,买盘
1049,10:55:07,13.19,-0.01,50,65950,卖盘
1050,10:55:13,13.19,0.0,59,77821,卖盘
1051,10:55:19,13.19,0.0,52,68588,卖盘
1052,10:55:25,13.19,0.0,106,139814,卖盘
1053,10:55:28,13.2,0.01,1,1320,买盘
1054,10:55:46,13.19,-0.01,66,87054,卖盘
1055,10:55:55,13.19,0.0,63,83097,卖盘
1056,10:56:01,13.19,0.0,69,91011,卖盘
1057,10:56:07,13.19,0.0,75,98925,卖盘
1058,10:56:10,13.19,0.0,12,15828,卖盘
1059,10:56:13,13.19,0.0,6,7914,卖盘
1060,10:56:16,13.19,0.0,70,92330,卖盘
1061,10:56:22,13.19,0.0,9,11871,卖盘
1062,10:56:30,13.19,0.0,90,118710,卖盘
1063,10:56:33,13.19,0.0,15,19785,卖盘
1064,10:56:36,13.19,0.0,33,43527,卖盘
1065,10:56:40,13.19,0.0,9,11871,卖盘
1066,10:56:43,13.19,0.0,66,87054,卖盘
1067,10:56:49,13.19,0.0,40,52760,卖盘
1068,10:56:52,13.19,0.0,15,19785,卖盘
1069,10:56:55,13.19,0.0,89,117391,卖盘
1070,10:56:58,13.19,0.0,48,63312,卖盘
1071,10:57:01,13.19,0.0,47,61993,卖盘
1072,10:57:04,13.19,0.0,92,121348,卖盘
1073,10:57:06,13.19,0.0,51,67269,卖盘
1074,10:57:09,13.19,0.0,39,51441,卖盘
1075,10:57:13,13.19,0.0,28,36932,卖盘
1076,10:57:16,13.19,0.0,28,36932,卖盘
1077,10:57:19,13.19,0.0,22,29018,卖盘
1078,10:57:22,13.19,0.0,13,17147,卖盘
1079,10:57:25,13.19,0.0,25,32975,卖盘
1080,10:57:28,13.19,0.0,24,31656,卖盘
1081,10:57:31,13.19,0.0,23,30337,卖盘
1082,10:57:33,13.19,0.0,48,63312,卖盘
1083,10:57:37,13.19,0.0,23,30337,卖盘
1084,10:57:40,13.19,0.0,15,19785,卖盘
1085,10:57:42,13.19,0.0,23,30337,卖盘
1086,10:57:45,13.19,0.0,11,14509,卖盘
1087,10:57:48,13.19,0.0,15,19790,卖盘
1088,10:57:55,13.2,0.01,14,18470,买盘
1089,10:58:00,13.19,-0.01,9,11871,卖盘
1090,10:58:04,13.2,0.01,49,64666,买盘
1091,10:58:06,13.2,0.0,2,2640,买盘
1092,10:58:09,13.19,-0.01,15,19785,卖盘
1093,10:58:13,13.19,0.0,19,25061,卖盘
1094,10:58:16,13.19,0.0,12,15828,卖盘
1095,10:58:19,13.19,0.0,44,58036,卖盘
1096,10:58:22,13.19,0.0,38,50122,卖盘
1097,10:58:25,13.19,0.0,67,88373,卖盘
1098,10:58:30,13.2,0.01,2,2640,买盘
1099,10:58:34,13.2,0.0,3,3960,买盘
1100,10:58:37,13.2,0.0,5,6600,买盘
1101,10:58:39,13.2,0.0,4,5280,买盘
1102,10:58:42,13.19,-0.01,13,17147,卖盘
1103,10:58:55,13.2,0.01,14,18480,买盘
1104,10:59:09,13.2,0.0,73,96360,买盘
1105,10:59:13,13.21,0.01,27,35667,买盘
1106,10:59:15,13.22,0.01,67,88572,买盘
1107,10:59:19,13.21,-0.01,16,21145,卖盘
1108,10:59:25,13.22,0.01,2,2643,买盘
1109,10:59:36,13.22,0.0,118,155849,买盘
1110,10:59:40,13.22,0.0,15,19830,卖盘
1111,10:59:42,13.22,0.0,39,51558,卖盘
1112,10:59:45,13.22,0.0,7,9254,卖盘
1113,10:59:49,13.22,0.0,2,2644,卖盘
1114,10:59:58,13.22,0.0,1,1322,买盘
1115,11:00:01,13.2,-0.02,2,2640,卖盘
1116,11:00:07,13.22,0.02,1,1322,买盘
1117,11:00:25,13.2,-0.02,72,95040,卖盘
1118,11:00:31,13.2,0.0,31,40920,卖盘
1119,11:00:34,13.2,0.0,16,21120,卖盘
1120,11:00:46,13.21,0.01,21,27741,买盘
1121,11:00:49,13.22,0.01,2,2644,买盘
1122,11:00:52,13.21,-0.01,9,11889,卖盘
1123,11:00:55,13.22,0.01,1,1322,买盘
1124,11:01:06,13.21,-0.01,9,11889,卖盘
1125,11:01:16,13.21,0.0,6,7926,卖盘
1126,11:01:22,13.22,0.01,15,19824,买盘
1127,11:01:25,13.21,-0.01,3,3963,卖盘
1128,11:01:58,13.21,0.0,2,2642,买盘
1129,11:02:00,13.2,-0.01,1,1320,卖盘
1130,11:02:10,13.19,-0.01,4,5276,卖盘
1131,11:02:13,13.2,0.01,25,33000,买盘
1132,11:02:16,13.21,0.01,100,132047,买盘
1133,11:02:18,13.21,0.0,25,32979,买盘
1134,11:02:21,13.2,-0.01,32,42246,卖盘
1135,11:02:24,13.2,0.0,23,30360,卖盘
1136,11:02:34,13.21,0.01,58,76563,买盘
1137,11:02:36,13.21,0.0,27,35617,买盘
1138,11:02:40,13.19,-0.02,23,30337,卖盘
1139,11:02:43,13.2,0.01,23,30361,卖盘
1140,11:02:46,13.2,0.0,15,19800,卖盘
1141,11:02:49,13.21,0.01,83,109544,买盘
1142,11:03:01,13.19,-0.02,26,34294,卖盘
1143,11:03:04,13.2,0.01,55,72600,买盘
1144,11:03:06,13.2,0.0,45,59400,卖盘
1145,11:03:10,13.2,0.0,2,2640,卖盘
1146,11:03:13,13.2,0.0,28,36960,卖盘
1147,11:03:19,13.21,0.01,2,2642,买盘
1148,11:03:22,13.2,-0.01,23,30360,卖盘
1149,11:03:28,13.2,0.0,9,11880,卖盘
1150,11:03:31,13.2,0.0,5,6600,卖盘
1151,11:03:36,13.2,0.0,5,6600,卖盘
1152,11:03:43,13.21,0.01,1,1321,买盘
1153,11:03:46,13.2,-0.01,5,6600,卖盘
1154,11:03:58,13.2,0.0,9,11880,卖盘
1155,11:04:07,13.2,0.0,5,6600,卖盘
1156,11:04:12,13.2,0.0,5,6600,卖盘
1157,11:04:16,13.19,-0.01,36,47484,卖盘
1158,11:04:18,13.2,0.01,2,2640,买盘
1159,11:04:28,13.2,0.0,41,54120,买盘
1160,11:04:31,13.19,-0.01,20,26380,卖盘
1161,11:04:34,13.2,0.01,37,48805,买盘
1162,11:04:43,13.19,-0.01,22,29018,卖盘
1163,11:04:49,13.19,0.0,45,59369,卖盘
1164,11:04:52,13.19,0.0,23,30337,卖盘
1165,11:05:04,13.2,0.01,2,2640,买盘
1166,11:05:07,13.2,0.0,3,3958,买盘
1167,11:06:24,13.19,-0.01,26,34294,卖盘
1168,11:06:28,13.2,0.01,1,1320,买盘
1169,11:06:30,13.19,-0.01,4,5276,卖盘
1170,11:06:49,13.19,0.0,3,3957,卖盘
1171,11:06:54,13.19,0.0,7,9233,卖盘
1172,11:06:58,13.19,0.0,18,23744,卖盘
1173,11:07:01,13.2,0.01,49,64632,买盘
1174,11:07:04,13.19,-0.01,30,39570,卖盘
1175,11:07:06,13.19,0.0,45,59356,卖盘
1176,11:07:09,13.2,0.01,2,2640,买盘
1177,11:07:22,13.2,0.0,2,2640,买盘
1178,11:08:01,13.19,-0.01,32,42208,卖盘
1179,11:08:10,13.19,0.0,12,15828,卖盘
1180,11:08:16,13.2,0.01,10,13192,买盘
1181,11:08:19,13.2,0.0,1,1320,买盘
1182,11:08:21,13.19,-0.01,23,30337,卖盘
1183,11:08:25,13.19,0.0,34,44847,卖盘
1184,11:08:28,13.2,0.01,5,6600,买盘
1185,11:08:31,13.19,-0.01,12,15828,卖盘
1186,11:08:33,13.2,0.01,1,1320,买盘
1187,11:08:37,13.2,0.0,10,13194,买盘
1188,11:08:40,13.19,-0.01,12,15828,卖盘
1189,11:08:52,13.19,0.0,5,6595,卖盘
1190,11:08:54,13.19,0.0,5,6595,卖盘
1191,11:08:57,13.19,0.0,23,30337,卖盘
1192,11:09:01,13.19,0.0,17,22423,卖盘
1193,11:09:04,13.2,0.01,11,14510,买盘
1194,11:09:22,13.19,-0.01,6,7914,卖盘
1195,11:09:25,13.19,0.0,22,29018,卖盘
1196,11:09:30,13.19,0.0,27,35620,卖盘
1197,11:09:46,13.2,0.01,111,146520,买盘
1198,11:09:49,13.19,-0.01,16,21104,卖盘
1199,11:09:51,13.21,0.02,95,125488,买盘
1200,11:09:55,13.22,0.01,12,15860,买盘
1201,11:10:24,13.21,-0.01,37,48877,买盘
1202,11:10:28,13.21,0.0,14,18494,卖盘
1203,11:10:31,13.21,0.0,9,11889,卖盘
1204,11:10:33,13.21,0.0,5,6605,卖盘
1205,11:10:42,13.19,-0.02,23,30339,卖盘
1206,11:10:46,13.21,0.02,7,9247,买盘
1207,11:12:00,13.2,-0.01,55,72600,买盘
1208,11:12:04,13.21,0.01,21,27721,买盘
1209,11:12:07,13.2,-0.01,39,51514,卖盘
1210,11:12:10,13.2,0.0,1,1320,买盘
1211,11:12:15,13.2,0.0,1,1320,买盘
1212,11:12:18,13.2,0.0,12,15840,买盘
1213,11:12:24,13.21,0.01,8,10561,买盘
1214,11:12:28,13.2,-0.01,12,15840,卖盘
1215,11:12:31,13.2,0.0,5,6600,卖盘
1216,11:12:34,13.2,0.0,11,14520,卖盘
1217,11:12:37,13.21,0.01,1,1321,买盘
1218,11:13:04,13.19,-0.02,30,39570,卖盘
1219,11:13:22,13.2,0.01,5,6600,买盘
1220,11:13:31,13.19,-0.01,14,18466,卖盘
1221,11:13:34,13.2,0.01,21,27707,买盘
1222,11:13:46,13.2,0.0,8,10560,买盘
1223,11:14:33,13.19,-0.01,23,30337,卖盘
1224,11:14:39,13.19,0.0,10,13190,卖盘
1225,11:14:48,13.2,0.01,1,1320,买盘
1226,11:15:46,13.2,0.0,11,14520,买盘
1227,11:15:49,13.19,-0.01,5,6595,卖盘
1228,11:16:01,13.2,0.01,5,6600,买盘
1229,11:17:24,13.2,0.0,45,59400,买盘
1230,11:17:36,13.21,0.01,1,1321,买盘
1231,11:17:42,13.2,-0.01,18,23760,卖盘
1232,11:17:49,13.21,0.01,2,2642,买盘
1233,11:18:09,13.2,-0.01,16,21120,卖盘
1234,11:18:12,13.2,0.0,5,6600,卖盘
1235,11:18:19,13.21,0.01,1,1321,买盘
1236,11:18:48,13.21,0.0,6,7926,买盘
1237,11:19:12,13.2,-0.01,2,2640,卖盘
1238,11:19:43,13.2,0.0,1,1320,卖盘
1239,11:19:54,13.21,0.01,18,23778,买盘
1240,11:19:57,13.21,0.0,6,7926,买盘
1241,11:20:01,13.21,0.0,15,19815,买盘
1242,11:20:04,13.21,0.0,8,10568,买盘
1243,11:20:07,13.21,0.0,9,11889,买盘
1244,11:20:10,13.21,0.0,43,56803,买盘
1245,11:20:13,13.21,0.0,5,6605,买盘
1246,11:20:16,13.21,0.0,6,7926,买盘
1247,11:20:22,13.21,0.0,6,7926,买盘
1248,11:20:25,13.21,0.0,48,63408,买盘
1249,11:21:18,13.2,-0.01,4,5280,卖盘
1250,11:21:24,13.2,0.0,2,2640,买盘
1251,11:21:30,13.2,0.0,1,1320,买盘
1252,11:21:43,13.21,0.01,11,14521,买盘
1253,11:22:10,13.21,0.0,10,13210,买盘
1254,11:22:22,13.21,0.0,1,1321,买盘
1255,11:22:54,13.21,0.0,1,1321,买盘
1256,11:24:13,13.2,-0.01,12,15840,卖盘
1257,11:24:19,13.2,0.0,7,9241,卖盘
1258,11:24:27,13.21,0.01,1,1321,买盘
1259,11:24:30,13.2,-0.01,50,66000,卖盘
1260,11:24:33,13.21,0.01,37,48841,买盘
1261,11:24:36,13.2,-0.01,6,7920,卖盘
1262,11:24:40,13.21,0.01,1,1321,买盘
1263,11:24:48,13.2,-0.01,3,3960,卖盘
1264,11:25:01,13.21,0.01,1,1321,买盘
1265,11:25:28,13.2,-0.01,5,6600,卖盘
1266,11:25:31,13.21,0.01,5,6605,买盘
1267,11:25:37,13.2,-0.01,6,7920,卖盘
1268,11:25:40,13.21,0.01,1,1321,买盘
1269,11:26:00,13.21,0.0,17,22457,买盘
1270,11:26:06,13.2,-0.01,11,14520,卖盘
1271,11:26:10,13.2,0.0,52,68640,卖盘
1272,11:26:13,13.2,0.0,20,26400,卖盘
1273,11:26:15,13.2,0.0,9,11880,卖盘
1274,11:26:22,13.2,0.0,1,1320,卖盘
1275,11:26:46,13.21,0.01,50,66050,买盘
1276,11:26:52,13.21,0.0,2,2642,卖盘
1277,11:26:54,13.2,-0.01,16,21120,卖盘
1278,11:26:57,13.21,0.01,1,1321,买盘
1279,11:27:01,13.22,0.01,5,6609,买盘
1280,11:27:25,13.2,-0.02,5,6600,卖盘
1281,11:27:27,13.21,0.01,1,1321,买盘
1282,11:27:57,13.2,-0.01,13,17160,卖盘
1283,11:28:04,13.2,0.0,8,10561,卖盘
1284,11:28:07,13.2,0.0,6,7920,卖盘
1285,11:28:09,13.2,0.0,3,3960,卖盘
1286,11:28:19,13.19,-0.01,15,19785,卖盘
1287,11:28:58,13.2,0.01,2,2640,买盘
1288,11:29:10,13.19,-0.01,27,35633,卖盘
1289,11:29:18,13.2,0.01,48,63360,买盘
1290,11:29:22,13.21,0.01,2,2642,买盘
1291,11:29:57,13.21,0.0,2,2642,买盘
1292,11:30:01,13.2,-0.01,7,9240,卖盘
1293,11:30:04,13.21,0.01,2,2642,买盘
1294,13:00:04,13.2,-0.01,4,5280,卖盘
1295,13:00:07,13.19,-0.01,166,219205,卖盘
1296,13:00:13,13.2,0.01,2,2640,卖盘
1297,13:00:21,13.21,0.01,2,2642,买盘
1298,13:00:24,13.21,0.0,2,2642,买盘
1299,13:00:27,13.21,0.0,2,2642,买盘
1300,13:00:51,13.2,-0.01,12,15840,卖盘
1301,13:01:04,13.2,0.0,5,6600,卖盘
1302,13:01:07,13.2,0.0,3,3960,卖盘
1303,13:01:25,13.2,0.0,2,2640,卖盘
1304,13:01:31,13.21,0.01,2,2642,买盘
1305,13:01:39,13.2,-0.01,30,39600,卖盘
1306,13:01:46,13.2,0.0,1,1320,买盘
1307,13:01:52,13.21,0.01,6,7926,买盘
1308,13:02:07,13.21,0.0,11,14531,买盘
1309,13:02:15,13.2,-0.01,2,2640,卖盘
1310,13:02:18,13.2,0.0,1,1320,买盘
1311,13:02:24,13.2,0.0,16,21120,买盘
1312,13:02:27,13.2,0.0,16,21120,买盘
1313,13:02:30,13.2,0.0,14,18480,买盘
1314,13:02:33,13.21,0.01,45,59420,买盘
1315,13:02:52,13.2,-0.01,10,13200,买盘
1316,13:03:00,13.19,-0.01,16,21104,卖盘
1317,13:03:07,13.2,0.01,1,1320,买盘
1318,13:03:12,13.19,-0.01,8,10552,卖盘
1319,13:03:21,13.19,0.0,23,30337,卖盘
1320,13:03:24,13.19,0.0,6,7914,卖盘
1321,13:03:27,13.19,0.0,14,18466,卖盘
1322,13:03:30,13.19,0.0,32,42208,卖盘
1323,13:03:33,13.19,0.0,8,10552,卖盘
1324,13:03:46,13.19,0.0,13,17147,卖盘
1325,13:03:48,13.2,0.01,9,11872,买盘
1326,13:03:51,13.19,-0.01,5,6595,卖盘
1327,13:03:55,13.21,0.02,58,76563,买盘
1328,13:04:07,13.19,-0.02,13,17147,卖盘
1329,13:04:25,13.19,0.0,16,21104,卖盘
1330,13:04:28,13.2,0.01,3,3960,买盘
1331,13:04:33,13.19,-0.01,10,13190,卖盘
1332,13:04:39,13.19,0.0,20,26380,卖盘
1333,13:04:43,13.2,0.01,43,56760,买盘
1334,13:04:49,13.21,0.01,54,71334,买盘
1335,13:04:52,13.22,0.01,6,7927,买盘
1336,13:04:54,13.21,-0.01,6,7926,卖盘
1337,13:04:58,13.21,0.0,2,2642,买盘
1338,13:05:01,13.2,-0.01,14,18480,卖盘
1339,13:05:06,13.2,0.0,1,1320,买盘
1340,13:05:10,13.21,0.01,5,6605,买盘
1341,13:05:15,13.19,-0.02,44,58037,卖盘
1342,13:05:19,13.19,0.0,10,13190,卖盘
1343,13:05:27,13.19,0.0,62,81784,卖盘
1344,13:05:30,13.19,0.0,23,30337,卖盘
1345,13:05:42,13.19,0.0,16,21104,卖盘
1346,13:05:57,13.19,0.0,3,3957,卖盘
1347,13:06:19,13.19,0.0,7,9233,卖盘
1348,13:06:22,13.19,0.0,4,5276,卖盘
1349,13:06:33,13.19,0.0,2,2638,买盘
1350,13:06:36,13.19,0.0,7,9233,买盘
1351,13:06:39,13.19,0.0,4,5276,买盘
1352,13:06:42,13.2,0.01,5,6597,买盘
1353,13:06:45,13.19,-0.01,3,3957,中性盘
1354,13:06:55,13.19,0.0,5,6595,买盘
1355,13:06:58,13.19,0.0,21,27699,买盘
1356,13:07:04,13.2,0.01,56,73920,买盘
1357,13:07:06,13.21,0.01,116,153236,买盘
1358,13:07:10,13.22,0.01,1,1322,买盘
1359,13:07:13,13.21,-0.01,6,7926,卖盘
1360,13:07:24,13.21,0.0,7,9241,买盘
1361,13:07:27,13.2,-0.01,4,5280,卖盘
1362,13:07:42,13.2,0.0,3,3960,买盘
1363,13:07:46,13.19,-0.01,1,1319,卖盘
1364,13:07:49,13.2,0.01,2,2640,买盘
1365,13:07:54,13.19,-0.01,18,23742,卖盘
1366,13:08:09,13.2,0.01,2,2640,买盘
1367,13:08:19,13.19,-0.01,52,68617,卖盘
1368,13:08:21,13.2,0.01,56,73865,买盘
1369,13:08:24,13.19,-0.01,49,64631,卖盘
1370,13:08:28,13.18,-0.01,62,81776,卖盘
1371,13:08:36,13.19,0.01,6,7914,卖盘
1372,13:08:52,13.18,-0.01,23,30314,卖盘
1373,13:08:55,13.18,0.0,12,15816,卖盘
1374,13:08:58,13.18,0.0,22,28996,卖盘
1375,13:09:04,13.19,0.01,24,31633,买盘
1376,13:09:07,13.18,-0.01,48,63264,卖盘
1377,13:09:12,13.18,0.0,136,179323,卖盘
1378,13:09:16,13.18,0.0,130,171494,卖盘
1379,13:09:19,13.2,0.02,2,2640,买盘
1380,13:09:22,13.18,-0.02,45,59325,卖盘
1381,13:09:24,13.18,0.0,36,47449,卖盘
1382,13:09:27,13.18,0.0,26,34268,卖盘
1383,13:09:30,13.21,0.03,113,149143,买盘
1384,13:09:33,13.18,-0.03,40,52720,卖盘
1385,13:09:40,13.19,0.01,24,31633,中性盘
1386,13:09:46,13.19,0.0,10,13190,买盘
1387,13:09:48,13.18,-0.01,230,303140,卖盘
1388,13:09:52,13.19,0.01,1,1319,买盘
1389,13:10:04,13.2,0.01,16,21108,买盘
1390,13:10:22,13.19,-0.01,3,3957,买盘
1391,13:10:24,13.19,0.0,1,1319,买盘
1392,13:10:37,13.19,0.0,8,10552,买盘
1393,13:10:39,13.2,0.01,71,93720,买盘
1394,13:10:42,13.2,0.0,17,22440,买盘
1395,13:10:45,13.19,-0.01,46,60709,卖盘
1396,13:10:48,13.2,0.01,22,29040,买盘
1397,13:10:51,13.21,0.01,50,66022,买盘
1398,13:10:54,13.19,-0.02,39,51441,卖盘
1399,13:10:58,13.2,0.01,2,2640,买盘
1400,13:11:00,13.2,0.0,2,2640,买盘
1401,13:11:04,13.18,-0.02,12,15822,卖盘
1402,13:11:06,13.18,0.0,6,7908,卖盘
1403,13:11:12,13.18,0.0,25,32959,卖盘
1404,13:11:22,13.18,0.0,57,75126,卖盘
1405,13:11:25,13.2,0.02,11,14520,买盘
1406,13:11:34,13.2,0.0,1,1320,买盘
1407,13:11:37,13.2,0.0,13,17138,买盘
1408,13:11:40,13.18,-0.02,10,13180,卖盘
1409,13:11:45,13.2,0.02,2,2640,买盘
1410,13:11:48,13.2,0.0,88,116088,买盘
1411,13:11:54,13.2,0.0,1,1320,买盘
1412,13:12:10,13.18,-0.02,6,7908,卖盘
1413,13:12:22,13.2,0.02,2,2640,买盘
1414,13:12:25,13.19,-0.01,2,2638,卖盘
1415,13:12:30,13.19,0.0,2,2638,买盘
1416,13:12:43,13.18,-0.01,20,26360,卖盘
1417,13:12:45,13.18,0.0,23,30314,卖盘
1418,13:12:49,13.18,0.0,7,9226,卖盘
1419,13:12:51,13.19,0.01,39,51441,买盘
1420,13:12:55,13.2,0.01,56,73920,买盘
1421,13:12:58,13.2,0.0,4,5280,卖盘
1422,13:13:04,13.2,0.0,10,13200,卖盘
1423,13:13:13,13.19,-0.01,6,7914,卖盘
1424,13:13:15,13.2,0.01,3,3959,买盘
1425,13:13:18,13.19,-0.01,1,1319,买盘
1426,13:13:57,13.18,-0.01,12,15816,卖盘
1427,13:14:01,13.18,0.0,6,7908,卖盘
1428,13:14:10,13.19,0.01,1,1319,买盘
1429,13:14:15,13.18,-0.01,5,6590,卖盘
1430,13:14:28,13.18,0.0,5,6590,卖盘
1431,13:14:31,13.19,0.01,35,46160,买盘
1432,13:14:33,13.19,0.0,2,2638,买盘
1433,13:14:42,13.19,0.0,2,2638,买盘
1434,13:14:49,13.2,0.01,84,110880,买盘
1435,13:14:51,13.21,0.01,119,157199,买盘
1436,13:14:55,13.21,0.0,31,40976,卖盘
1437,13:15:10,13.21,0.0,2,2642,买盘
1438,13:15:18,13.21,0.0,3,3963,买盘
1439,13:15:25,13.2,-0.01,2,2641,卖盘
1440,13:15:28,13.21,0.01,2,2642,买盘
1441,13:15:34,13.21,0.0,68,89828,买盘
1442,13:15:39,13.22,0.01,1,1322,买盘
1443,13:15:42,13.21,-0.01,18,23780,卖盘
1444,13:15:45,13.21,0.0,2,2642,买盘
1445,13:15:49,13.2,-0.01,23,30360,卖盘
1446,13:15:52,13.2,0.0,11,14525,卖盘
1447,13:15:55,13.2,0.0,12,15840,卖盘
1448,13:15:57,13.2,0.0,8,10562,卖盘
1449,13:16:06,13.2,0.0,12,15840,卖盘
1450,13:16:09,13.2,0.0,15,19801,卖盘
1451,13:16:12,13.2,0.0,11,14520,卖盘
1452,13:16:16,13.2,0.0,2,2640,买盘
1453,13:16:27,13.19,-0.01,6,7914,卖盘
1454,13:16:30,13.19,0.0,22,29018,卖盘
1455,13:16:40,13.19,0.0,23,30337,卖盘
1456,13:16:43,13.19,0.0,22,29018,卖盘
1457,13:16:45,13.18,-0.01,67,88361,卖盘
1458,13:16:48,13.18,0.0,35,46188,卖盘
1459,13:16:51,13.2,0.02,2,2640,买盘
1460,13:17:04,13.18,-0.02,12,15816,卖盘
1461,13:17:18,13.18,0.0,3,3954,卖盘
1462,13:17:22,13.18,0.0,12,15816,卖盘
1463,13:17:25,13.2,0.02,66,87072,买盘
1464,13:17:28,13.18,-0.02,2,2636,卖盘
1465,13:17:31,13.2,0.02,40,52782,买盘
1466,13:17:34,13.2,0.0,12,15840,卖盘
1467,13:17:36,13.2,0.0,2,2640,卖盘
1468,13:17:40,13.2,0.0,2,2640,买盘
1469,13:17:45,13.2,0.0,65,85818,买盘
1470,13:17:49,13.2,0.0,2,2640,买盘
1471,13:18:01,13.18,-0.02,18,23726,卖盘
1472,13:18:04,13.18,0.0,12,15816,卖盘
1473,13:18:06,13.2,0.02,28,36914,买盘
1474,13:18:10,13.18,-0.02,26,34268,卖盘
1475,13:18:13,13.18,0.0,22,28998,卖盘
1476,13:18:16,13.2,0.02,39,51404,买盘
1477,13:18:19,13.17,-0.03,23,30302,卖盘
1478,13:18:25,13.17,0.0,9,11853,卖盘
1479,13:18:33,13.18,0.01,315,415170,买盘
1480,13:18:37,13.18,0.0,451,594418,买盘
1481,13:18:42,13.18,0.0,2,2636,卖盘
1482,13:18:46,13.2,0.02,70,92378,买盘
1483,13:18:52,13.2,0.0,17,22440,卖盘
1484,13:19:01,13.2,0.0,16,21120,买盘
1485,13:19:06,13.19,-0.01,11,14516,卖盘
1486,13:19:12,13.19,0.0,9,11871,卖盘
1487,13:19:40,13.23,0.04,310,409781,买盘
1488,13:19:46,13.25,0.02,355,469922,买盘
1489,13:19:49,13.26,0.01,265,351109,买盘
1490,13:19:52,13.25,-0.01,33,43725,中性盘
1491,13:20:07,13.25,0.0,100,132450,买盘
1492,13:20:16,13.24,-0.01,20,26470,买盘
1493,13:20:19,13.23,-0.01,16,21168,卖盘
1494,13:20:28,13.24,0.01,100,132345,买盘
1495,13:20:40,13.23,-0.01,10,13230,卖盘
1496,13:20:43,13.24,0.01,1,1324,买盘
1497,13:20:46,13.23,-0.01,6,7938,卖盘
1498,13:20:55,13.23,0.0,1,1323,买盘
1499,13:20:58,13.22,-0.01,10,13220,卖盘
1500,13:21:01,13.22,0.0,45,59516,卖盘
1501,13:21:04,13.21,-0.01,28,36988,卖盘
1502,13:21:07,13.2,-0.01,23,30367,卖盘
1503,13:21:09,13.2,0.0,8,10562,卖盘
1504,13:21:12,13.2,0.0,19,25081,卖盘
1505,13:21:22,13.21,0.01,100,132020,买盘
1506,13:21:25,13.2,-0.01,2,2640,买盘
1507,13:21:28,13.2,0.0,3,3960,买盘
1508,13:21:39,13.2,0.0,1,1320,买盘
1509,13:21:46,13.19,-0.01,23,30337,卖盘
1510,13:21:49,13.19,0.0,15,19785,卖盘
1511,13:21:52,13.2,0.01,3,3960,买盘
1512,13:22:28,13.24,0.04,150,198468,买盘
1513,13:22:43,13.23,-0.01,4,5292,买盘
1514,13:22:45,13.23,0.0,1,1323,买盘
1515,13:23:04,13.23,0.0,1,1323,买盘
1516,13:23:16,13.22,-0.01,12,15864,卖盘
1517,13:23:19,13.23,0.01,6,7933,买盘
1518,13:23:22,13.22,-0.01,12,15864,卖盘
1519,13:23:25,13.23,0.01,5,6615,买盘
1520,13:23:28,13.21,-0.02,8,10575,卖盘
1521,13:23:31,13.23,0.02,1,1323,买盘
1522,13:23:34,13.21,-0.02,12,15852,卖盘
1523,13:23:36,13.22,0.01,9,11890,买盘
1524,13:23:39,13.2,-0.02,23,30375,卖盘
1525,13:23:45,13.22,0.02,1,1322,买盘
1526,13:23:55,13.21,-0.01,7,9247,买盘
1527,13:23:57,13.22,0.01,7,9254,买盘
1528,13:24:04,13.22,0.0,1,1322,买盘
1529,13:24:18,13.2,-0.02,18,23762,卖盘
1530,13:24:21,13.22,0.02,1,1322,买盘
1531,13:24:24,13.2,-0.02,20,26400,卖盘
1532,13:24:31,13.2,0.0,10,13200,卖盘
1533,13:24:37,13.2,0.0,5,6600,卖盘
1534,13:24:42,13.2,0.0,10,13200,卖盘
1535,13:24:48,13.22,0.02,1,1322,买盘
1536,13:25:09,13.2,-0.02,8,10560,卖盘
1537,13:25:15,13.2,0.0,15,19800,卖盘
1538,13:25:18,13.2,0.0,3,3962,卖盘
1539,13:25:24,13.2,0.0,11,14520,买盘
1540,13:25:30,13.21,0.01,17,22457,买盘
1541,13:25:33,13.18,-0.03,233,307238,卖盘
1542,13:25:45,13.21,0.03,1,1321,买盘
1543,13:25:51,13.19,-0.02,6,7914,买盘
1544,13:25:54,13.19,0.0,11,14509,买盘
1545,13:25:58,13.19,0.0,1,1319,买盘
1546,13:26:01,13.2,0.01,26,34318,买盘
1547,13:26:27,13.2,0.0,25,33000,买盘
1548,13:26:30,13.18,-0.02,23,30314,卖盘
1549,13:26:34,13.2,0.02,13,17136,买盘
1550,13:26:54,13.18,-0.02,13,17134,卖盘
1551,13:26:57,13.2,0.02,1,1320,买盘
1552,13:27:09,13.18,-0.02,38,50084,卖盘
1553,13:27:13,13.2,0.02,13,17136,买盘
1554,13:27:34,13.18,-0.02,23,30314,卖盘
1555,13:27:40,13.18,0.0,8,10546,卖盘
1556,13:27:45,13.18,0.0,23,30314,卖盘
1557,13:27:48,13.18,0.0,7,9226,卖盘
1558,13:27:52,13.18,0.0,9,11862,卖盘
1559,13:27:54,13.19,0.01,27,35639,中性盘
1560,13:28:04,13.18,-0.01,14,18452,卖盘
1561,13:28:07,13.18,0.0,38,50084,卖盘
1562,13:28:09,13.18,0.0,6,7909,卖盘
1563,13:28:12,13.18,0.0,12,15816,卖盘
1564,13:28:15,13.18,0.0,14,18452,卖盘
1565,13:28:19,13.19,0.01,1,1319,买盘
1566,13:28:25,13.18,-0.01,2,2636,卖盘
1567,13:28:31,13.18,0.0,8,10544,卖盘
1568,13:28:36,13.2,0.02,35,46171,买盘
1569,13:28:39,13.21,0.01,99,130715,买盘
1570,13:28:46,13.2,-0.01,15,19800,买盘
1571,13:28:49,13.2,0.0,17,22440,买盘
1572,13:28:58,13.21,0.01,65,85865,买盘
1573,13:29:01,13.21,0.0,11,14531,买盘
1574,13:29:04,13.21,0.0,50,66035,买盘
1575,13:29:07,13.19,-0.02,29,38269,卖盘
1576,13:29:12,13.2,0.01,5,6600,买盘
1577,13:29:18,13.19,-0.01,131,172896,卖盘
1578,13:29:21,13.19,0.0,48,63405,卖盘
1579,13:29:24,13.19,0.0,2,2638,买盘
1580,13:29:31,13.18,-0.01,23,30314,卖盘
1581,13:29:33,13.19,0.01,8,10545,买盘
1582,13:29:36,13.18,-0.01,12,15816,卖盘
1583,13:29:43,13.21,0.03,66,87137,买盘
1584,13:29:51,13.18,-0.03,12,15818,卖盘
1585,13:29:55,13.2,0.02,1,1320,买盘
1586,13:30:37,13.18,-0.02,9,11862,卖盘
1587,13:30:51,13.18,0.0,18,23724,卖盘
1588,13:30:54,13.19,0.01,21,27699,买盘
1589,13:30:58,13.18,-0.01,20,26360,卖盘
1590,13:31:01,13.19,0.01,1,1319,买盘
1591,13:31:18,13.18,-0.01,18,23724,卖盘
1592,13:31:21,13.18,0.0,22,28997,卖盘
1593,13:31:25,13.18,0.0,5,6590,卖盘
1594,13:31:28,13.19,0.01,15,19785,买盘
1595,13:31:34,13.19,0.0,10,13190,买盘
1596,13:31:42,13.18,-0.01,2,2636,卖盘
1597,13:31:55,13.19,0.01,4,5276,买盘
1598,13:32:04,13.19,0.0,1,1319,买盘
1599,13:32:13,13.19,0.0,9,11871,买盘
1600,13:32:22,13.19,0.0,2,2638,买盘
1601,13:32:25,13.19,0.0,21,27699,买盘
1602,13:32:31,13.2,0.01,3,3959,买盘
1603,13:32:33,13.19,-0.01,1,1319,卖盘
1604,13:32:36,13.19,0.0,5,6595,卖盘
1605,13:32:39,13.19,0.0,2,2638,买盘
1606,13:32:43,13.2,0.01,10,13200,买盘
1607,13:32:58,13.19,-0.01,2,2638,卖盘
1608,13:33:01,13.19,0.0,1,1319,买盘
1609,13:33:22,13.18,-0.01,23,30314,卖盘
1610,13:33:25,13.18,0.0,14,18454,卖盘
1611,13:33:28,13.18,0.0,22,28996,卖盘
1612,13:33:30,13.19,0.01,19,25043,买盘
1613,13:33:33,13.18,-0.01,5,6590,卖盘
1614,13:33:36,13.18,0.0,5,6590,卖盘
1615,13:33:40,13.18,0.0,13,17136,卖盘
1616,13:33:43,13.2,0.02,1,1320,买盘
1617,13:33:49,13.18,-0.02,18,23724,卖盘
1618,13:33:51,13.2,0.02,1,1320,买盘
1619,13:33:55,13.18,-0.02,38,50084,卖盘
1620,13:33:58,13.18,0.0,46,60629,卖盘
1621,13:34:00,13.18,0.0,26,34268,卖盘
1622,13:34:04,13.18,0.0,11,14498,卖盘
1623,13:34:06,13.19,0.01,24,31633,买盘
1624,13:34:15,13.18,-0.01,9,11862,卖盘
1625,13:34:18,13.19,0.01,1,1319,买盘
1626,13:34:46,13.18,-0.01,1,1318,卖盘
1627,13:34:49,13.18,0.0,39,51432,卖盘
1628,13:34:55,13.19,0.01,1,1319,买盘
1629,13:35:01,13.18,-0.01,23,30314,卖盘
1630,13:35:04,13.18,0.0,1,1318,卖盘
1631,13:35:07,13.18,0.0,12,15817,卖盘
1632,13:35:10,13.19,0.01,3,3957,买盘
1633,13:35:13,13.19,0.0,21,27679,买盘
1634,13:35:19,13.2,0.01,5,6598,买盘
1635,13:35:31,13.18,-0.02,29,38222,卖盘
1636,13:35:34,13.18,0.0,1,1318,买盘
1637,13:35:46,13.18,0.0,142,187156,买盘
1638,13:35:49,13.19,0.01,60,79140,买盘
1639,13:35:52,13.2,0.01,149,196020,买盘
1640,13:35:55,13.21,0.01,97,128137,买盘
1641,13:35:58,13.22,0.01,21,27762,买盘
1642,13:36:04,13.21,-0.01,10,13210,卖盘
1643,13:36:07,13.22,0.01,7,9248,买盘
1644,13:36:10,13.21,-0.01,12,15852,卖盘
1645,13:36:16,13.22,0.01,2,2644,买盘
1646,13:36:27,13.22,0.0,3,3966,买盘
1647,13:36:34,13.21,-0.01,10,13210,卖盘
1648,13:36:43,13.21,0.0,1,1321,买盘
1649,13:36:46,13.2,-0.01,14,18481,卖盘
1650,13:36:49,13.21,0.01,6,7926,买盘
1651,13:36:52,13.2,-0.01,18,23766,卖盘
1652,13:36:55,13.2,0.0,15,19800,卖盘
1653,13:36:57,13.2,0.0,5,6600,卖盘
1654,13:37:00,13.2,0.0,2,3300,卖盘
1655,13:37:04,13.2,0.0,1,1320,买盘
1656,13:37:10,13.19,-0.01,44,58046,卖盘
1657,13:37:19,13.2,0.01,9,11872,中性盘
1658,13:37:22,13.2,0.0,15,19800,买盘
1659,13:37:25,13.19,-0.01,12,15828,卖盘
1660,13:37:28,13.19,0.0,6,7915,卖盘
1661,13:37:30,13.18,-0.01,13,17144,卖盘
1662,13:37:43,13.18,0.0,23,30314,卖盘
1663,13:37:46,13.18,0.0,17,22406,卖盘
1664,13:37:48,13.19,0.01,21,27679,买盘
1665,13:37:51,13.18,-0.01,20,26360,卖盘
1666,13:37:54,13.19,0.01,1,1319,买盘
1667,13:38:04,13.18,-0.01,15,19770,卖盘
1668,13:38:07,13.19,0.01,2,2638,买盘
1669,13:38:10,13.17,-0.02,14,17790,卖盘
1670,13:38:22,13.19,0.02,9,11870,买盘
1671,13:38:25,13.18,-0.01,13,17142,中性盘
1672,13:38:31,13.18,0.0,2,2638,卖盘
1673,13:38:34,13.19,0.01,3,3957,买盘
1674,13:38:37,13.19,0.0,2,2638,买盘
1675,13:39:07,13.19,0.0,22,29018,买盘
1676,13:39:09,13.19,0.0,22,29018,买盘
1677,13:39:16,13.2,0.01,37,48816,买盘
1678,13:39:46,13.18,-0.02,12,15816,卖盘
1679,13:39:48,13.18,0.0,11,14498,卖盘
1680,13:39:51,13.19,0.01,8,10540,买盘
1681,13:39:54,13.17,-0.02,15,19755,卖盘
1682,13:39:57,13.19,0.02,27,35563,买盘
1683,13:40:04,13.19,0.0,37,48803,买盘
1684,13:40:07,13.2,0.01,56,73920,买盘
1685,13:40:10,13.21,0.01,57,75297,买盘
1686,13:40:12,13.22,0.01,72,95184,买盘
1687,13:40:16,13.23,0.01,3,3969,买盘
1688,13:40:24,13.22,-0.01,26,34372,卖盘
1689,13:40:30,13.22,0.0,2,2644,买盘
1690,13:40:45,13.21,-0.01,4,5284,卖盘
1691,13:41:19,13.21,0.0,2,2642,买盘
1692,13:41:22,13.2,-0.01,40,52814,卖盘
1693,13:41:28,13.22,0.02,1,1322,买盘
1694,13:41:31,13.22,0.0,34,44948,买盘
1695,13:42:01,13.2,-0.02,17,22440,卖盘
1696,13:42:04,13.22,0.02,1,1322,买盘
1697,13:42:12,13.22,0.0,1,1322,买盘
1698,13:42:28,13.19,-0.03,50,65950,卖盘
1699,13:42:33,13.19,0.0,1,1319,卖盘
1700,13:42:36,13.21,0.02,16,21136,买盘
1701,13:42:46,13.2,-0.01,1,1320,买盘
1702,13:42:48,13.19,-0.01,13,17147,卖盘
1703,13:42:52,13.2,0.01,1,1320,买盘
1704,13:43:13,13.2,0.0,6,7920,买盘
1705,13:43:39,13.19,-0.01,3,3957,卖盘
1706,13:43:42,13.2,0.01,16,21105,买盘
1707,13:43:45,13.2,0.0,1,1320,买盘
1708,13:43:58,13.19,-0.01,13,17147,卖盘
1709,13:44:01,13.19,0.0,1,1319,卖盘
1710,13:44:07,13.19,0.0,8,10552,卖盘
1711,13:44:22,13.2,0.01,57,75240,买盘
1712,13:45:01,13.2,0.0,10,13200,买盘
1713,13:45:07,13.19,-0.01,7,9233,卖盘
1714,13:45:09,13.2,0.01,11,14520,买盘
1715,13:45:13,13.2,0.0,3,3960,买盘
1716,13:45:25,13.19,-0.01,4,5276,卖盘
1717,13:45:28,13.2,0.01,1,1320,买盘
1718,13:45:30,13.2,0.0,98,129360,买盘
1719,13:45:40,13.19,-0.01,20,26380,卖盘
1720,13:45:43,13.2,0.01,1,1320,买盘
1721,13:45:55,13.2,0.0,8,10560,买盘
1722,13:46:04,13.19,-0.01,23,30337,卖盘
1723,13:46:09,13.2,0.01,1,1320,买盘
1724,13:46:18,13.2,0.0,90,118800,买盘
1725,13:46:24,13.2,0.0,12,15841,卖盘
1726,13:46:30,13.2,0.0,2,2640,买盘
1727,13:46:33,13.2,0.0,18,23760,买盘
1728,13:46:37,13.2,0.0,6,7920,卖盘
1729,13:46:45,13.2,0.0,5,6600,卖盘
1730,13:46:49,13.2,0.0,4,5280,卖盘
1731,13:46:54,13.2,0.0,2,2640,卖盘
1732,13:47:10,13.2,0.0,6,7920,卖盘
1733,13:47:21,13.2,0.0,1,1320,卖盘
1734,13:47:24,13.2,0.0,4,5280,买盘
1735,13:47:36,13.2,0.0,1,1320,卖盘
1736,13:47:42,13.2,0.0,1,1320,买盘
1737,13:48:16,13.2,0.0,2,2640,买盘
1738,13:48:33,13.19,-0.01,7,9233,卖盘
1739,13:48:39,13.2,0.01,1,1320,买盘
1740,13:48:43,13.19,-0.01,8,10552,卖盘
1741,13:48:46,13.19,0.0,28,36932,卖盘
1742,13:48:49,13.19,0.0,21,27699,卖盘
1743,13:48:52,13.19,0.0,6,7914,卖盘
1744,13:48:55,13.19,0.0,24,31657,卖盘
1745,13:48:58,13.19,0.0,43,56717,卖盘
1746,13:49:01,13.19,0.0,15,19785,卖盘
1747,13:49:13,13.2,0.01,30,39600,买盘
1748,13:49:22,13.2,0.0,17,22440,买盘
1749,13:49:43,13.19,-0.01,16,21104,卖盘
1750,13:49:49,13.19,0.0,33,43527,卖盘
1751,13:49:51,13.19,0.0,12,15828,卖盘
1752,13:49:54,13.19,0.0,6,7914,卖盘
1753,13:49:57,13.19,0.0,25,32988,卖盘
1754,13:50:01,13.19,0.0,8,10552,卖盘
1755,13:50:13,13.19,0.0,11,14509,卖盘
1756,13:50:16,13.19,0.0,23,30337,卖盘
1757,13:50:18,13.19,0.0,6,7914,卖盘
1758,13:50:25,13.19,0.0,12,15828,卖盘
1759,13:50:28,13.19,0.0,20,26381,卖盘
1760,13:50:31,13.19,0.0,30,39570,卖盘
1761,13:50:34,13.19,0.0,12,15828,卖盘
1762,13:50:45,13.2,0.01,1,1320,买盘
1763,13:50:48,13.19,-0.01,15,19785,卖盘
1764,13:51:15,13.2,0.01,1,1320,买盘
1765,13:51:40,13.19,-0.01,6,7914,卖盘
1766,13:51:49,13.2,0.01,6,7920,买盘
1767,13:52:06,13.19,-0.01,5,6595,卖盘
1768,13:52:19,13.19,0.0,6,7914,卖盘
1769,13:52:22,13.19,0.0,40,52760,卖盘
1770,13:52:25,13.19,0.0,6,7914,卖盘
1771,13:52:31,13.2,0.01,1,1320,买盘
1772,13:52:43,13.19,-0.01,5,6595,卖盘
1773,13:52:52,13.19,0.0,2,2638,卖盘
1774,13:53:09,13.2,0.01,27,35633,买盘
1775,13:53:22,13.19,-0.01,12,15828,卖盘
1776,13:53:24,13.19,0.0,5,6595,卖盘
1777,13:53:27,13.2,0.01,1,1320,买盘
1778,13:53:45,13.19,-0.01,12,15828,卖盘
1779,13:53:48,13.19,0.0,11,14509,卖盘
1780,13:53:54,13.19,0.0,6,7914,卖盘
1781,13:54:04,13.19,0.0,10,13190,卖盘
1782,13:54:06,13.19,0.0,7,9233,卖盘
1783,13:54:13,13.2,0.01,16,21094,买盘
1784,13:54:22,13.19,-0.01,12,15828,卖盘
1785,13:54:28,13.18,-0.01,13,17145,卖盘
1786,13:54:31,13.2,0.02,1,1320,买盘
1787,13:54:37,13.19,-0.01,8,10552,中性盘
1788,13:55:12,13.19,0.0,1,1319,买盘
1789,13:55:16,13.19,0.0,17,22423,买盘
1790,13:55:24,13.18,-0.01,9,11862,卖盘
1791,13:55:27,13.19,0.01,1,1319,买盘
1792,13:55:42,13.18,-0.01,74,97551,卖盘
1793,13:55:45,13.2,0.02,1,1320,买盘
1794,13:56:07,13.2,0.0,7,9240,买盘
1795,13:56:13,13.19,-0.01,6,7914,卖盘
1796,13:56:16,13.2,0.01,1,1320,买盘
1797,13:56:19,13.19,-0.01,5,6595,卖盘
1798,13:56:21,13.19,0.0,5,6595,卖盘
1799,13:56:31,13.18,-0.01,16,21090,卖盘
1800,13:56:34,13.2,0.02,1,1320,买盘
1801,13:56:37,13.18,-0.02,6,7908,卖盘
1802,13:56:39,13.19,0.01,10,13181,买盘
1803,13:56:45,13.18,-0.01,12,15816,卖盘
1804,13:56:49,13.18,0.0,8,10544,卖盘
1805,13:56:52,13.19,0.01,17,22413,买盘
1806,13:57:24,13.19,0.0,5,6595,买盘
1807,13:57:40,13.18,-0.01,1,1318,卖盘
1808,13:57:43,13.19,0.01,1,1319,买盘
1809,13:57:58,13.18,-0.01,23,30314,卖盘
1810,13:58:01,13.18,0.0,8,10545,卖盘
1811,13:58:07,13.19,0.01,1,1319,买盘
1812,13:58:21,13.19,0.0,29,38251,买盘
1813,13:58:28,13.19,0.0,1,1319,买盘
1814,13:59:22,13.19,0.0,50,65950,买盘
1815,13:59:28,13.19,0.0,2,2638,买盘
1816,13:59:34,13.19,0.0,1,1319,买盘
1817,13:59:39,13.19,0.0,11,14509,买盘
1818,13:59:46,13.18,-0.01,20,26360,卖盘
1819,13:59:52,13.19,0.01,1,1319,买盘
1820,13:59:55,13.18,-0.01,14,18452,卖盘
1821,14:00:01,13.19,0.01,1,1319,买盘
1822,14:00:15,13.19,0.0,4,5276,买盘
1823,14:00:19,13.19,0.0,10,13190,买盘
1824,14:00:34,13.19,0.0,54,71226,买盘
1825,14:00:40,13.19,0.0,18,23742,卖盘
1826,14:00:43,13.19,0.0,9,11871,卖盘
1827,14:00:46,13.2,0.01,1,1320,买盘
1828,14:00:48,13.19,-0.01,64,84416,卖盘
1829,14:00:54,13.2,0.01,1,1320,买盘
1830,14:01:04,13.19,-0.01,7,9233,卖盘
1831,14:01:06,13.19,0.0,28,36932,卖盘
1832,14:01:10,13.19,0.0,1,1319,买盘
1833,14:01:16,13.19,0.0,2,2638,买盘
1834,14:01:39,13.19,0.0,1,1319,买盘
1835,14:02:13,13.19,0.0,10,13190,买盘
1836,14:02:31,13.19,0.0,52,68588,买盘
1837,14:02:34,13.19,0.0,22,29018,买盘
1838,14:02:46,13.19,0.0,1,1319,买盘
1839,14:02:52,13.19,0.0,3,3957,买盘
1840,14:03:12,13.19,0.0,10,13190,买盘
1841,14:03:27,13.19,0.0,6,7914,买盘
1842,14:03:30,13.19,0.0,10,13190,买盘
1843,14:03:34,13.19,0.0,61,80459,买盘
1844,14:03:43,13.19,0.0,8,10552,卖盘
1845,14:03:49,13.19,0.0,10,13190,卖盘
1846,14:03:58,13.19,0.0,52,68638,卖盘
1847,14:04:07,13.2,0.01,1,1320,买盘
1848,14:04:25,13.19,-0.01,5,6595,卖盘
1849,14:04:28,13.18,-0.01,13,17145,卖盘
1850,14:04:34,13.2,0.02,1,1320,买盘
1851,14:05:25,13.18,-0.02,25,32950,卖盘
1852,14:05:28,13.19,0.01,1,1319,买盘
1853,14:05:30,13.18,-0.01,7,9226,卖盘
1854,14:05:36,13.19,0.01,8,10552,买盘
1855,14:06:22,13.19,0.0,4,5276,买盘
1856,14:06:43,13.19,0.0,7,9233,买盘
1857,14:06:49,13.18,-0.01,10,13180,卖盘
1858,14:06:52,13.19,0.01,2,2638,买盘
1859,14:06:55,13.18,-0.01,61,80398,卖盘
1860,14:06:57,13.18,0.0,1,1318,卖盘
1861,14:07:01,13.18,0.0,55,72490,卖盘
1862,14:07:04,13.18,0.0,55,72490,卖盘
1863,14:07:10,13.18,0.0,12,15816,卖盘
1864,14:07:39,13.19,0.01,1,1319,买盘
1865,14:07:46,13.18,-0.01,40,52720,卖盘
1866,14:08:01,13.18,0.0,3,3956,卖盘
1867,14:08:13,13.18,0.0,20,26360,卖盘
1868,14:08:25,13.19,0.01,19,25061,买盘
1869,14:08:37,13.18,-0.01,1,1318,卖盘
1870,14:08:49,13.19,0.01,1,1319,买盘
1871,14:08:52,13.18,-0.01,18,23724,卖盘
1872,14:08:58,13.19,0.01,4,5276,买盘
1873,14:09:09,13.18,-0.01,5,6590,卖盘
1874,14:09:16,13.19,0.01,10,13190,买盘
1875,14:09:25,13.19,0.0,93,122667,买盘
1876,14:09:28,13.19,0.0,21,27679,买盘
1877,14:09:31,13.19,0.0,1,1319,买盘
1878,14:09:42,13.18,-0.01,2,2636,卖盘
1879,14:09:49,13.19,0.01,3,3957,买盘
1880,14:10:01,13.18,-0.01,18,23724,卖盘
1881,14:10:13,13.19,0.01,1,1319,买盘
1882,14:10:25,13.19,0.0,4,5276,买盘
1883,14:10:28,13.19,0.0,48,63312,卖盘
1884,14:10:34,13.19,0.0,25,32975,卖盘
1885,14:10:37,13.19,0.0,4,5277,卖盘
1886,14:10:40,13.2,0.01,2,2640,买盘
1887,14:10:43,13.19,-0.01,41,54079,卖盘
1888,14:10:45,13.19,0.0,9,11871,卖盘
1889,14:10:49,13.19,0.0,20,26380,卖盘
1890,14:11:04,13.19,0.0,34,44846,卖盘
1891,14:11:22,13.18,-0.01,12,15816,卖盘
1892,14:11:28,13.19,0.01,10,13190,买盘
1893,14:11:34,13.18,-0.01,10,13180,卖盘
1894,14:11:46,13.18,0.0,3,3954,卖盘
1895,14:11:54,13.19,0.01,1,1319,买盘
1896,14:12:46,13.19,0.0,3,3957,买盘
1897,14:12:51,13.18,-0.01,23,30314,卖盘
1898,14:12:54,13.18,0.0,35,46130,卖盘
1899,14:12:58,13.18,0.0,52,68536,卖盘
1900,14:13:00,13.18,0.0,58,76444,卖盘
1901,14:13:04,13.18,0.0,232,305776,卖盘
1902,14:13:07,13.18,0.0,18,23724,卖盘
1903,14:13:10,13.18,0.0,47,61948,卖盘
1904,14:13:13,13.18,0.0,6,7908,卖盘
1905,14:13:15,13.18,0.0,8,10544,卖盘
1906,14:13:19,13.18,0.0,6,7908,卖盘
1907,14:13:21,13.18,0.0,11,14498,卖盘
1908,14:13:27,13.18,0.0,81,106759,卖盘
1909,14:13:31,13.18,0.0,3,3954,卖盘
1910,14:13:34,13.19,0.01,87,114672,买盘
1911,14:13:37,13.18,-0.01,29,38222,卖盘
1912,14:13:40,13.19,0.01,107,141027,买盘
1913,14:14:03,13.18,-0.01,9,11862,卖盘
1914,14:14:07,13.18,0.0,13,17146,卖盘
1915,14:14:13,13.18,0.0,20,26360,卖盘
1916,14:14:21,13.18,0.0,5,6590,卖盘
1917,14:14:57,13.19,0.01,1,1319,买盘
1918,14:15:04,13.18,-0.01,166,218788,卖盘
1919,14:15:07,13.18,0.0,9,11862,卖盘
1920,14:15:12,13.18,0.0,145,191110,卖盘
1921,14:15:19,13.18,0.0,66,86988,卖盘
1922,14:15:22,13.18,0.0,18,23724,卖盘
1923,14:15:25,13.18,0.0,38,50085,卖盘
1924,14:15:31,13.18,0.0,5,6590,卖盘
1925,14:15:34,13.19,0.01,16,21096,买盘
1926,14:15:52,13.18,-0.01,15,19770,卖盘
1927,14:15:55,13.18,0.0,35,46130,卖盘
1928,14:15:58,13.18,0.0,63,83034,卖盘
1929,14:16:01,13.18,0.0,138,181884,卖盘
1930,14:16:04,13.17,-0.01,86,113291,卖盘
1931,14:16:07,13.17,0.0,38,50046,卖盘
1932,14:16:09,13.17,0.0,60,79020,卖盘
1933,14:16:12,13.17,0.0,115,151465,卖盘
1934,14:16:16,13.17,0.0,70,92190,卖盘
1935,14:16:19,13.18,0.01,102,134436,买盘
1936,14:16:22,13.17,-0.01,34,44794,卖盘
1937,14:16:25,13.17,0.0,50,65850,卖盘
1938,14:16:31,13.17,0.0,139,183086,卖盘
1939,14:16:36,13.17,0.0,25,32927,卖盘
1940,14:16:40,13.19,0.02,39,51365,买盘
1941,14:16:43,13.17,-0.02,25,32925,卖盘
1942,14:16:45,13.17,0.0,66,86977,卖盘
1943,14:16:49,13.17,0.0,82,107994,卖盘
1944,14:16:52,13.17,0.0,57,75069,卖盘
1945,14:16:55,13.17,0.0,72,94824,卖盘
1946,14:16:57,13.17,0.0,114,150148,卖盘
1947,14:17:01,13.18,0.01,81,106711,买盘
1948,14:17:04,13.17,-0.01,120,158040,卖盘
1949,14:17:07,13.17,0.0,100,131700,卖盘
1950,14:17:16,13.18,0.01,1,1318,买盘
1951,14:17:34,13.17,-0.01,23,30291,卖盘
1952,14:17:37,13.17,0.0,41,53997,卖盘
1953,14:17:40,13.17,0.0,33,43461,卖盘
1954,14:17:43,13.17,0.0,166,218622,卖盘
1955,14:17:46,13.18,0.01,1,1318,买盘
1956,14:17:52,13.17,-0.01,2,2634,卖盘
1957,14:17:57,13.18,0.01,124,163309,买盘
1958,14:18:04,13.18,0.0,77,101410,买盘
1959,14:18:09,13.17,-0.01,6,7902,卖盘
1960,14:18:18,13.17,0.0,12,15804,卖盘
1961,14:18:21,13.17,0.0,12,15804,卖盘
1962,14:18:25,13.17,0.0,22,28974,卖盘
1963,14:18:33,13.18,0.01,9,11856,买盘
1964,14:18:43,13.17,-0.01,15,19755,卖盘
1965,14:18:45,13.17,0.0,15,19760,卖盘
1966,14:18:52,13.17,0.0,23,30291,卖盘
1967,14:18:55,13.18,0.01,9,11855,买盘
1968,14:18:58,13.17,-0.01,15,19755,卖盘
1969,14:19:01,13.17,0.0,5,6585,卖盘
1970,14:19:06,13.17,0.0,7,9220,卖盘
1971,14:19:10,13.18,0.01,1,1318,买盘
1972,14:19:16,13.17,-0.01,4,5268,卖盘
1973,14:19:22,13.18,0.01,2,2636,买盘
1974,14:19:24,13.17,-0.01,30,39510,卖盘
1975,14:19:27,13.17,0.0,37,48729,卖盘
1976,14:19:34,13.17,0.0,21,27663,卖盘
1977,14:19:37,13.17,0.0,3,3951,卖盘
1978,14:19:40,13.17,0.0,31,40828,卖盘
1979,14:19:43,13.17,0.0,123,161991,卖盘
1980,14:19:46,13.17,0.0,25,32925,卖盘
1981,14:19:49,13.17,0.0,36,47412,卖盘
1982,14:19:55,13.17,0.0,50,65850,卖盘
1983,14:20:04,13.18,0.01,1,1318,买盘
1984,14:20:22,13.18,0.0,7,9226,买盘
1985,14:20:28,13.18,0.0,1,1318,买盘
1986,14:20:34,13.18,0.0,416,548615,买盘
1987,14:20:40,13.18,0.0,22,28996,卖盘
1988,14:20:43,13.18,0.0,6,7908,卖盘
1989,14:20:46,13.17,-0.01,6,7902,卖盘
1990,14:20:49,13.2,0.03,1,1320,买盘
1991,14:21:04,13.17,-0.03,1,1317,卖盘
1992,14:21:22,13.2,0.03,2,2640,买盘
1993,14:21:24,13.19,-0.01,10,13190,卖盘
1994,14:21:31,13.18,-0.01,6,7910,卖盘
1995,14:21:37,13.19,0.01,1,1319,买盘
1996,14:21:40,13.19,0.0,8,10552,卖盘
1997,14:22:01,13.19,0.0,2,2638,买盘
1998,14:22:04,13.18,-0.01,20,26360,卖盘
1999,14:22:07,13.18,0.0,9,11862,卖盘
2000,14:22:31,13.18,0.0,22,28996,卖盘
2001,14:22:34,13.18,0.0,1,1318,卖盘
2002,14:22:37,13.19,0.01,1,1319,买盘
2003,14:22:46,13.18,-0.01,9,11862,卖盘
2004,14:22:51,13.18,0.0,24,31633,卖盘
2005,14:22:55,13.18,0.0,6,7908,卖盘
2006,14:22:58,13.18,0.0,9,11862,卖盘
2007,14:23:01,13.18,0.0,12,15816,卖盘
2008,14:23:04,13.19,0.01,2,2638,买盘
2009,14:23:07,13.18,-0.01,127,167386,卖盘
2010,14:23:10,13.18,0.0,8,10544,买盘
2011,14:23:16,13.17,-0.01,35,46095,卖盘
2012,14:23:19,13.17,0.0,23,30291,卖盘
2013,14:23:22,13.18,0.01,66,86998,买盘
2014,14:23:24,13.18,0.0,1,1318,买盘
2015,14:23:28,13.19,0.01,15,19777,买盘
2016,14:23:34,13.17,-0.02,1,1317,卖盘
2017,14:23:40,13.18,0.01,20,26360,买盘
2018,14:23:42,13.17,-0.01,30,39510,卖盘
2019,14:23:45,13.18,0.01,1,1318,买盘
2020,14:23:49,13.17,-0.01,51,67167,卖盘
2021,14:23:55,13.17,0.0,13,17121,卖盘
2022,14:23:58,13.17,0.0,8,10537,卖盘
2023,14:24:00,13.17,0.0,30,39510,卖盘
2024,14:24:04,13.18,0.01,2,2636,买盘
2025,14:24:10,13.17,-0.01,23,30291,卖盘
2026,14:24:13,13.17,0.0,33,43462,卖盘
2027,14:24:16,13.17,0.0,13,17122,卖盘
2028,14:24:19,13.17,0.0,34,44779,卖盘
2029,14:24:21,13.17,0.0,19,25023,卖盘
2030,14:24:25,13.17,0.0,11,14487,卖盘
2031,14:24:28,13.17,0.0,12,15804,卖盘
2032,14:24:31,13.17,0.0,8,10536,卖盘
2033,14:24:34,13.17,0.0,23,30291,卖盘
2034,14:24:37,13.17,0.0,218,287114,卖盘
2035,14:24:40,13.17,0.0,104,136968,卖盘
2036,14:24:43,13.17,0.0,240,316080,卖盘
2037,14:24:45,13.18,0.01,340,447830,买盘
2038,14:24:49,13.17,-0.01,169,222573,卖盘
2039,14:24:52,13.17,0.0,56,73752,卖盘
2040,14:25:04,13.17,0.0,25,32925,卖盘
2041,14:25:06,13.17,0.0,12,15804,卖盘
2042,14:25:10,13.17,0.0,45,59265,卖盘
2043,14:25:13,13.17,0.0,42,55314,卖盘
2044,14:25:16,13.18,0.01,13,17134,买盘
2045,14:25:18,13.17,-0.01,25,32927,卖盘
2046,14:25:25,13.18,0.01,25,32926,买盘
2047,14:25:28,13.17,-0.01,23,30291,卖盘
2048,14:25:30,13.17,0.0,12,15804,卖盘
2049,14:25:34,13.17,0.0,149,196233,卖盘
2050,14:25:40,13.17,0.0,23,30291,卖盘
2051,14:25:43,13.17,0.0,200,263400,卖盘
2052,14:25:46,13.17,0.0,26,34242,卖盘
2053,14:25:55,13.17,0.0,65,85605,卖盘
2054,14:25:58,13.18,0.01,48,63264,买盘
2055,14:26:01,13.2,0.02,222,292744,买盘
2056,14:26:13,13.2,0.0,30,39582,买盘
2057,14:26:25,13.19,-0.01,24,31656,卖盘
2058,14:26:28,13.18,-0.01,37,48799,卖盘
2059,14:26:36,13.2,0.02,9,11872,买盘
2060,14:26:40,13.2,0.0,55,72600,买盘
2061,14:27:25,13.19,-0.01,12,15828,卖盘
2062,14:27:27,13.18,-0.01,6,7908,卖盘
2063,14:27:33,13.19,0.01,1,1319,买盘
2064,14:27:46,13.18,-0.01,58,76444,卖盘
2065,14:27:52,13.18,0.0,50,65900,卖盘
2066,14:28:01,13.18,0.0,36,47448,卖盘
2067,14:28:04,13.2,0.02,100,131925,买盘
2068,14:28:13,13.18,-0.02,15,19770,卖盘
2069,14:28:16,13.19,0.01,1,1319,买盘
2070,14:28:18,13.18,-0.01,14,18452,卖盘
2071,14:28:21,13.18,0.0,9,11862,卖盘
2072,14:28:28,13.18,0.0,8,10544,卖盘
2073,14:28:31,13.18,0.0,23,30314,卖盘
2074,14:28:34,13.19,0.01,21,27679,买盘
2075,14:28:37,13.18,-0.01,7,9226,卖盘
2076,14:28:40,13.18,0.0,66,86988,卖盘
2077,14:28:43,13.19,0.01,32,42178,买盘
2078,14:28:48,13.19,0.0,38,50122,买盘
2079,14:28:55,13.18,-0.01,4,5272,卖盘
2080,14:29:01,13.19,0.01,2,2638,买盘
2081,14:29:09,13.19,0.0,15,19785,买盘
2082,14:29:13,13.18,-0.01,7,9226,卖盘
2083,14:29:16,13.18,0.0,2,2636,卖盘
2084,14:29:24,13.19,0.01,1,1319,买盘
2085,14:29:37,13.18,-0.01,5,6590,卖盘
2086,14:29:46,13.18,0.0,7,9226,卖盘
2087,14:29:52,13.18,0.0,12,15816,卖盘
2088,14:30:04,13.19,0.01,2,2638,买盘
2089,14:30:22,13.18,-0.01,12,15816,卖盘
2090,14:30:25,13.18,0.0,8,10544,卖盘
2091,14:30:31,13.19,0.01,1,1319,买盘
2092,14:30:33,13.18,-0.01,12,15816,卖盘
2093,14:30:36,13.18,0.0,9,11863,卖盘
2094,14:30:43,13.19,0.01,21,27677,买盘
2095,14:31:01,13.18,-0.01,18,23716,买盘
2096,14:31:04,13.17,-0.01,1,1317,卖盘
2097,14:31:07,13.18,0.01,1,1318,买盘
2098,14:31:09,13.17,-0.01,1,1317,卖盘
2099,14:31:19,13.17,0.0,16,21072,卖盘
2100,14:31:22,13.17,0.0,22,28974,卖盘
2101,14:31:28,13.17,0.0,17,22389,卖盘
2102,14:31:34,13.17,0.0,1,1317,卖盘
2103,14:31:49,13.17,0.0,1,1317,卖盘
2104,14:32:04,13.17,0.0,32,42144,卖盘
2105,14:32:06,13.18,0.01,23,30314,买盘
2106,14:32:19,13.17,-0.01,26,34242,卖盘
2107,14:32:22,13.18,0.01,24,31616,买盘
2108,14:32:31,13.18,0.0,1,1318,买盘
2109,14:32:36,13.17,-0.01,16,21072,卖盘
2110,14:33:00,13.17,0.0,17,22391,卖盘
2111,14:33:04,13.17,0.0,23,30291,卖盘
2112,14:33:06,13.17,0.0,55,72455,卖盘
2113,14:33:10,13.17,0.0,23,30291,卖盘
2114,14:33:13,13.17,0.0,210,276570,卖盘
2115,14:33:16,13.17,0.0,35,46095,卖盘
2116,14:33:19,13.17,0.0,100,131700,卖盘
2117,14:33:22,13.17,0.0,342,450414,卖盘
2118,14:33:24,13.17,0.0,55,72435,卖盘
2119,14:33:27,13.17,0.0,23,30291,卖盘
2120,14:33:31,13.17,0.0,76,100092,卖盘
2121,14:33:33,13.17,0.0,94,123798,卖盘
2122,14:33:40,13.2,0.03,200,263755,买盘
2123,14:34:04,13.18,-0.02,40,52720,卖盘
2124,14:34:10,13.18,0.0,10,13180,卖盘
2125,14:34:25,13.18,0.0,10,13180,卖盘
2126,14:34:27,13.19,0.01,8,10552,买盘
2127,14:34:46,13.18,-0.01,3,3954,卖盘
2128,14:34:55,13.18,0.0,5,6590,买盘
2129,14:34:58,13.18,0.0,47,61946,买盘
2130,14:35:01,13.17,-0.01,203,267351,卖盘
2131,14:35:07,13.18,0.01,16,21088,买盘
2132,14:35:10,13.17,-0.01,374,492608,卖盘
2133,14:35:16,13.18,0.01,11,14498,买盘
2134,14:35:25,13.18,0.0,8,10544,卖盘
2135,14:35:43,13.18,0.0,100,131800,买盘
2136,14:35:52,13.17,-0.01,56,73760,卖盘
2137,14:35:55,13.17,0.0,69,90873,卖盘
2138,14:36:01,13.17,0.0,306,403002,卖盘
2139,14:36:07,13.18,0.01,3,3954,中性盘
2140,14:36:10,13.18,0.0,25,32950,买盘
2141,14:36:16,13.18,0.0,15,19770,买盘
2142,14:36:19,13.18,0.0,3,3954,买盘
2143,14:36:22,13.18,0.0,14,18452,买盘
2144,14:36:24,13.18,0.0,164,216152,买盘
2145,14:36:28,13.18,0.0,11,14498,买盘
2146,14:36:34,13.18,0.0,2,2636,买盘
2147,14:36:40,13.19,0.01,7,9233,买盘
2148,14:36:57,13.18,-0.01,5,6590,卖盘
2149,14:37:13,13.17,-0.01,12,15804,卖盘
2150,14:37:31,13.17,0.0,4,5268,卖盘
2151,14:37:55,13.18,0.01,5,6590,买盘
2152,14:38:01,13.18,0.0,11,14498,买盘
2153,14:38:04,13.18,0.0,12,15816,卖盘
2154,14:38:07,13.18,0.0,6,7908,卖盘
2155,14:38:09,13.18,0.0,23,30314,卖盘
2156,14:38:13,13.18,0.0,117,154206,卖盘
2157,14:38:25,13.18,0.0,9,11862,卖盘
2158,14:38:28,13.18,0.0,10,13180,卖盘
2159,14:38:31,13.18,0.0,7,9226,卖盘
2160,14:38:34,13.18,0.0,5,6590,卖盘
2161,14:38:43,13.18,0.0,9,11862,卖盘
2162,14:38:49,13.18,0.0,1,1318,买盘
2163,14:38:55,13.18,0.0,15,19770,买盘
2164,14:39:01,13.18,0.0,1,1318,买盘
2165,14:39:07,13.18,0.0,5,6590,买盘
2166,14:39:10,13.18,0.0,4,5272,买盘
2167,14:39:19,13.17,-0.01,3,3951,卖盘
2168,14:39:30,13.18,0.01,10,13180,买盘
2169,14:39:33,13.18,0.0,5,6590,买盘
2170,14:39:37,13.18,0.0,3,3954,买盘
2171,14:39:58,13.17,-0.01,23,30291,卖盘
2172,14:40:01,13.17,0.0,28,36881,卖盘
2173,14:40:04,13.18,0.01,1,1318,买盘
2174,14:40:07,13.17,-0.01,232,305544,卖盘
2175,14:40:10,13.17,0.0,8,10536,卖盘
2176,14:40:13,13.18,0.01,2,2636,买盘
2177,14:40:16,13.17,-0.01,11,14487,卖盘
2178,14:40:19,13.17,0.0,10,13170,卖盘
2179,14:40:22,13.17,0.0,15,19755,卖盘
2180,14:40:28,13.17,0.0,230,302910,卖盘
2181,14:40:31,13.17,0.0,230,302910,卖盘
2182,14:40:40,13.18,0.01,3,3954,买盘
2183,14:40:48,13.17,-0.01,140,184380,卖盘
2184,14:40:54,13.17,0.0,25,32925,卖盘
2185,14:40:58,13.17,0.0,56,73752,卖盘
2186,14:41:01,13.17,0.0,45,59285,卖盘
2187,14:41:04,13.17,0.0,8,10537,卖盘
2188,14:41:10,13.18,0.01,1,1318,买盘
2189,14:41:13,13.17,-0.01,19,25023,卖盘
2190,14:41:19,13.18,0.01,11,14498,买盘
2191,14:41:21,13.17,-0.01,19,25682,卖盘
2192,14:41:25,13.18,0.01,5,5928,买盘
2193,14:41:28,13.17,-0.01,12,15804,卖盘
2194,14:41:31,13.17,0.0,6,7902,卖盘
2195,14:41:34,13.17,0.0,12,15804,卖盘
2196,14:41:52,13.17,0.0,1,1317,卖盘
2197,14:41:55,13.16,-0.01,82,107930,卖盘
2198,14:41:58,13.18,0.02,1,1318,买盘
2199,14:42:01,13.16,-0.02,118,155288,卖盘
2200,14:42:04,13.16,0.0,107,140812,卖盘
2201,14:42:07,13.16,0.0,140,184240,卖盘
2202,14:42:10,13.16,0.0,37,48694,卖盘
2203,14:42:13,13.19,0.03,72,94906,买盘
2204,14:42:25,13.19,0.0,177,233402,买盘
2205,14:42:28,13.2,0.01,127,167559,买盘
2206,14:42:37,13.18,-0.02,11,14498,卖盘
2207,14:42:40,13.18,0.0,1,1318,买盘
2208,14:42:43,13.18,0.0,1,1318,买盘
2209,14:42:46,13.18,0.0,7,9226,买盘
2210,14:42:49,13.18,0.0,1,1318,买盘
2211,14:42:52,13.18,0.0,1,1318,买盘
2212,14:42:58,13.17,-0.01,35,46095,卖盘
2213,14:43:01,13.17,0.0,5,6585,卖盘
2214,14:43:04,13.18,0.01,14,18440,买盘
2215,14:43:06,13.17,-0.01,14,18438,卖盘
2216,14:43:10,13.18,0.01,21,27666,买盘
2217,14:43:13,13.17,-0.01,8,10536,卖盘
2218,14:43:40,13.18,0.01,1,1318,买盘
2219,14:43:43,13.17,-0.01,10,13170,卖盘
2220,14:43:46,13.17,0.0,7,9219,卖盘
2221,14:43:55,13.18,0.01,1,1318,买盘
2222,14:43:58,13.17,-0.01,9,11853,卖盘
2223,14:44:04,13.17,0.0,15,19755,买盘
2224,14:44:07,13.16,-0.01,1,1316,卖盘
2225,14:44:16,13.17,0.01,2,2634,买盘
2226,14:44:25,13.17,0.0,2,2634,买盘
2227,14:44:28,13.17,0.0,1,1317,买盘
2228,14:44:34,13.16,-0.01,24,31584,卖盘
2229,14:44:37,13.16,0.0,23,30268,卖盘
2230,14:44:40,13.16,0.0,7,9212,卖盘
2231,14:44:45,13.16,0.0,15,19740,卖盘
2232,14:44:49,13.16,0.0,24,31586,卖盘
2233,14:44:52,13.17,0.01,10,13170,买盘
2234,14:44:55,13.16,-0.01,23,30268,卖盘
2235,14:44:58,13.17,0.01,46,60547,买盘
2236,14:45:00,13.16,-0.01,35,46060,卖盘
2237,14:45:04,13.16,0.0,5,6580,卖盘
2238,14:45:07,13.16,0.0,46,60536,卖盘
2239,14:45:13,13.16,0.0,25,32900,卖盘
2240,14:45:16,13.16,0.0,37,48717,卖盘
2241,14:45:22,13.16,0.0,30,39480,卖盘
2242,14:45:28,13.16,0.0,30,39480,卖盘
2243,14:45:31,13.16,0.0,38,50008,卖盘
2244,14:45:34,13.16,0.0,27,35532,卖盘
2245,14:45:37,13.17,0.01,31,40797,买盘
2246,14:45:42,13.16,-0.01,12,15792,卖盘
2247,14:45:46,13.16,0.0,35,46060,卖盘
2248,14:45:49,13.16,0.0,111,146186,卖盘
2249,14:45:55,13.16,0.0,4,5264,卖盘
2250,14:45:58,13.18,0.02,168,221424,买盘
2251,14:46:01,13.18,0.0,44,57908,买盘
2252,14:46:04,13.16,-0.02,56,73718,卖盘
2253,14:46:07,13.16,0.0,23,30268,卖盘
2254,14:46:10,13.18,0.02,29,38202,买盘
2255,14:46:13,13.16,-0.02,15,19740,卖盘
2256,14:46:19,13.18,0.02,39,51367,买盘
2257,14:46:22,13.16,-0.02,16,21056,卖盘
2258,14:46:25,13.18,0.02,32,42116,买盘
2259,14:46:28,13.16,-0.02,100,131600,卖盘
2260,14:46:30,13.18,0.02,3,3954,买盘
2261,14:46:34,13.16,-0.02,22,28952,卖盘
2262,14:46:36,13.16,0.0,58,76368,卖盘
2263,14:46:40,13.16,0.0,23,30268,卖盘
2264,14:46:43,13.16,0.0,41,53956,卖盘
2265,14:46:46,13.16,0.0,28,36854,卖盘
2266,14:46:49,13.16,0.0,23,30268,卖盘
2267,14:46:52,13.18,0.02,43,56604,买盘
2268,14:46:55,13.16,-0.02,15,19740,卖盘
2269,14:47:04,13.16,0.0,18,23688,卖盘
2270,14:47:07,13.18,0.02,1,1318,买盘
2271,14:47:10,13.16,-0.02,18,23688,卖盘
2272,14:47:13,13.18,0.02,10,13180,买盘
2273,14:47:16,13.18,0.0,315,415170,买盘
2274,14:47:19,13.18,0.0,13,17134,买盘
2275,14:47:25,13.16,-0.02,219,288823,卖盘
2276,14:47:28,13.18,0.02,14,18452,买盘
2277,14:47:30,13.18,0.0,5,6590,买盘
2278,14:47:34,13.18,0.0,50,65870,买盘
2279,14:47:37,13.18,0.0,36,47448,买盘
2280,14:47:49,13.16,-0.02,100,131600,卖盘
2281,14:47:55,13.16,0.0,13,17118,卖盘
2282,14:47:58,13.16,0.0,37,48692,卖盘
2283,14:48:01,13.16,0.0,14,18426,卖盘
2284,14:48:04,13.16,0.0,48,63169,卖盘
2285,14:48:07,13.17,0.01,23,30269,买盘
2286,14:48:10,13.16,-0.01,49,64494,卖盘
2287,14:48:13,13.16,0.0,12,15792,卖盘
2288,14:48:16,13.16,0.0,8,10528,卖盘
2289,14:48:19,13.16,0.0,26,34217,卖盘
2290,14:48:22,13.16,0.0,23,30268,卖盘
2291,14:48:25,13.16,0.0,14,18426,卖盘
2292,14:48:28,13.16,0.0,20,26320,卖盘
2293,14:48:31,13.16,0.0,8,10528,卖盘
2294,14:48:37,13.16,0.0,14,18424,卖盘
2295,14:48:40,13.16,0.0,100,131600,卖盘
2296,14:48:46,13.16,0.0,15,19740,卖盘
2297,14:48:49,13.16,0.0,5,6580,卖盘
2298,14:48:52,13.16,0.0,35,46060,卖盘
2299,14:48:55,13.16,0.0,12,15792,卖盘
2300,14:48:57,13.16,0.0,35,46060,卖盘
2301,14:49:01,13.16,0.0,19,25004,卖盘
2302,14:49:07,13.16,0.0,33,43428,卖盘
2303,14:49:10,13.17,0.01,5,6585,买盘
2304,14:49:16,13.16,-0.01,57,75014,卖盘
2305,14:49:25,13.16,0.0,105,138180,卖盘
2306,14:49:28,13.17,0.01,24,31585,买盘
2307,14:49:31,13.16,-0.01,37,48692,卖盘
2308,14:49:34,13.16,0.0,98,128968,卖盘
2309,14:49:37,13.16,0.0,10,13162,卖盘
2310,14:49:40,13.16,0.0,11,14476,卖盘
2311,14:49:43,13.16,0.0,49,64487,卖盘
2312,14:49:46,13.16,0.0,25,32900,卖盘
2313,14:49:49,13.16,0.0,44,57916,卖盘
2314,14:49:52,13.17,0.01,106,139573,买盘
2315,14:49:55,13.16,-0.01,22,28952,卖盘
2316,14:49:57,13.17,0.01,9,11853,买盘
2317,14:50:01,13.16,-0.01,2,2632,卖盘
2318,14:50:04,13.17,0.01,1,1317,买盘
2319,14:50:13,13.16,-0.01,14,18429,卖盘
2320,14:50:16,13.16,0.0,12,15792,卖盘
2321,14:50:19,13.17,0.01,2,2634,买盘
2322,14:50:22,13.16,-0.01,6,7896,卖盘
2323,14:50:28,13.17,0.01,17,22374,买盘
2324,14:50:31,13.16,-0.01,22,28952,卖盘
2325,14:50:34,13.16,0.0,33,43428,卖盘
2326,14:50:37,13.17,0.01,3,3951,买盘
2327,14:50:40,13.16,-0.01,38,50015,卖盘
2328,14:50:43,13.17,0.01,10,13161,买盘
2329,14:50:46,13.17,0.0,3,3951,买盘
2330,14:50:49,13.16,-0.01,18,23690,卖盘
2331,14:50:52,13.16,0.0,21,27637,卖盘
2332,14:50:55,13.16,0.0,43,56588,卖盘
2333,14:50:58,13.16,0.0,13,17109,卖盘
2334,14:51:01,13.17,0.01,1,1317,买盘
2335,14:51:07,13.16,-0.01,35,46060,卖盘
2336,14:51:10,13.16,0.0,37,48692,卖盘
2337,14:51:13,13.16,0.0,12,15792,卖盘
2338,14:51:16,13.17,0.01,18,23693,买盘
2339,14:51:19,13.16,-0.01,5,6580,卖盘
2340,14:51:22,13.16,0.0,5,6580,卖盘
2341,14:51:25,13.16,0.0,68,89488,卖盘
2342,14:51:31,13.17,0.01,93,122456,买盘
2343,14:51:34,13.16,-0.01,30,39480,卖盘
2344,14:51:37,13.17,0.01,43,56596,买盘
2345,14:51:52,13.16,-0.01,98,128968,卖盘
2346,14:51:55,13.17,0.01,1,1317,买盘
2347,14:52:01,13.17,0.0,22,28954,买盘
2348,14:52:04,13.16,-0.01,7,9212,卖盘
2349,14:52:07,13.17,0.01,1,1317,买盘
2350,14:52:10,13.16,-0.01,55,72390,卖盘
2351,14:52:13,13.16,0.0,16,21056,卖盘
2352,14:52:16,13.16,0.0,30,39486,卖盘
2353,14:52:19,13.16,0.0,27,35542,卖盘
2354,14:52:25,13.16,0.0,11,14476,卖盘
2355,14:52:28,13.16,0.0,9,11844,卖盘
2356,14:52:31,13.16,0.0,14,18424,卖盘
2357,14:52:34,13.16,0.0,26,34216,卖盘
2358,14:52:43,13.16,0.0,10,13160,卖盘
2359,14:52:58,13.16,0.0,30,39480,卖盘
2360,14:53:07,13.16,0.0,11,14476,卖盘
2361,14:53:16,13.17,0.01,10,13170,买盘
2362,14:53:19,13.16,-0.01,205,269780,卖盘
2363,14:53:25,13.16,0.0,64,84225,卖盘
2364,14:53:28,13.16,0.0,47,61852,卖盘
2365,14:53:31,13.16,0.0,54,71064,卖盘
2366,14:53:34,13.16,0.0,54,71064,卖盘
2367,14:53:37,13.16,0.0,20,26320,卖盘
2368,14:53:40,13.16,0.0,41,53956,卖盘
2369,14:53:43,13.16,0.0,72,94752,卖盘
2370,14:53:46,13.16,0.0,25,32900,卖盘
2371,14:53:49,13.16,0.0,51,67116,卖盘
2372,14:53:58,13.16,0.0,45,59220,卖盘
2373,14:54:01,13.17,0.01,89,117213,买盘
2374,14:54:07,13.17,0.0,11,14487,卖盘
2375,14:54:10,13.16,-0.01,36,47401,卖盘
2376,14:54:13,13.16,0.0,6,7896,卖盘
2377,14:54:16,13.16,0.0,15,19740,卖盘
2378,14:54:19,13.16,0.0,21,27636,卖盘
2379,14:54:22,13.15,-0.01,48,63159,卖盘
2380,14:54:25,13.16,0.01,7,9212,买盘
2381,14:54:28,13.16,0.0,67,88172,买盘
2382,14:54:31,13.15,-0.01,49,64445,卖盘
2383,14:54:34,13.16,0.01,11,14476,买盘
2384,14:54:37,13.15,-0.01,26,34193,卖盘
2385,14:54:40,13.15,0.0,61,80228,卖盘
2386,14:54:43,13.16,0.01,44,57889,买盘
2387,14:54:46,13.15,-0.01,36,47351,卖盘
2388,14:54:49,13.15,0.0,23,30245,卖盘
2389,14:54:52,13.15,0.0,38,49992,卖盘
2390,14:54:55,13.16,0.01,15,19727,买盘
2391,14:54:58,13.16,0.0,73,96007,买盘
2392,14:55:01,13.15,-0.01,86,113130,卖盘
2393,14:55:04,13.15,0.0,60,78915,卖盘
2394,14:55:07,13.15,0.0,26,34190,卖盘
2395,14:55:10,13.15,0.0,57,74956,卖盘
2396,14:55:13,13.16,0.01,27,35506,买盘
2397,14:55:16,13.15,-0.01,91,119733,卖盘
2398,14:55:22,13.16,0.01,30,39480,买盘
2399,14:55:25,13.15,-0.01,10,13150,卖盘
2400,14:55:28,13.15,0.0,14,18411,卖盘
2401,14:55:31,13.16,0.01,322,423507,买盘
2402,14:55:34,13.15,-0.01,22,28932,卖盘
2403,14:55:37,13.16,0.01,11,14476,买盘
2404,14:55:40,13.16,0.0,36,47376,买盘
2405,14:55:43,13.16,0.0,20,26320,买盘
2406,14:55:46,13.16,0.0,107,140812,卖盘
2407,14:55:49,13.16,0.0,5,6580,卖盘
2408,14:55:52,13.16,0.0,79,103964,卖盘
2409,14:55:55,13.16,0.0,67,88172,卖盘
2410,14:55:58,13.16,0.0,15,19740,卖盘
2411,14:56:01,13.16,0.0,28,36848,卖盘
2412,14:56:04,13.16,0.0,30,39480,买盘
2413,14:56:07,13.16,0.0,9,11844,卖盘
2414,14:56:10,13.16,0.0,58,76333,卖盘
2415,14:56:13,13.16,0.0,19,25004,卖盘
2416,14:56:16,13.16,0.0,13,17108,买盘
2417,14:56:19,13.16,0.0,30,39480,卖盘
2418,14:56:22,13.16,0.0,33,43428,卖盘
2419,14:56:25,13.16,0.0,47,61852,卖盘
2420,14:56:28,13.16,0.0,55,72390,卖盘
2421,14:56:31,13.16,0.0,29,38164,卖盘
2422,14:56:34,13.15,-0.01,14,18416,卖盘
2423,14:56:37,13.16,0.01,66,86856,买盘
2424,14:56:40,13.16,0.0,8,10528,卖盘
2425,14:56:43,13.17,0.01,30,39510,买盘
2426,14:56:55,13.16,-0.01,2031,2670242,卖盘
2427,14:56:58,13.16,0.0,9,11844,买盘
2428,14:57:01,13.16,0.0,700,921200,买盘
2429,14:57:04,13.16,0.0,20,26320,买盘
2430,15:00:04,13.2,0.04,3135,4138200,买盘
