,time,price,change,volume,amount,type
0,09:25:05,13.33,-0.02,1304,1738232,卖盘
1,09:30:04,13.35,0.02,55,73343,买盘
2,09:30:07,13.35,0.0,153,204188,卖盘
3,09:30:10,13.35,0.0,18,24030,卖盘
4,09:30:13,13.35,0.0,40,53400,卖盘
5,09:30:19,13.35,0.0,7,9345,卖盘
6,09:30:22,13.35,0.0,4,5340,买盘
7,09:30:31,13.34,-0.01,3,4002,卖盘
8,09:30:34,13.33,-0.01,10,13330,卖盘
9,09:30:40,13.33,0.0,7,9331,卖盘
10,09:30:55,13.33,0.0,189,252103,卖盘
11,09:30:58,13.37,0.04,876,1170421,买盘
12,09:31:01,13.37,0.0,4,5348,卖盘
13,09:31:04,13.37,0.0,191,255367,卖盘
14,09:31:07,13.37,0.0,6,8022,卖盘
15,09:31:13,13.37,0.0,20,26740,买盘
16,09:31:16,13.38,0.01,510,682172,买盘
17,09:31:19,13.39,0.01,476,636673,买盘
18,09:31:22,13.39,0.0,501,670793,买盘
19,09:31:25,13.35,-0.04,56,74760,卖盘
20,09:31:28,13.37,0.02,113,150981,买盘
21,09:31:31,13.35,-0.02,1,1335,卖盘
22,09:31:34,13.35,0.0,135,180440,卖盘
23,09:31:37,13.39,0.04,763,1021033,买盘
24,09:31:40,13.42,0.03,2237,2997515,买盘
25,09:31:43,13.4,-0.02,158,211528,买盘
26,09:31:46,13.37,-0.03,304,407306,卖盘
27,09:31:49,13.43,0.06,1022,1370356,买盘
28,09:31:52,13.4,-0.03,1058,1421480,中性盘
29,09:31:55,13.4,0.0,42,56280,卖盘
30,09:31:58,13.41,0.01,143,191748,买盘
31,09:32:01,13.38,-0.03,170,227700,卖盘
32,09:32:04,13.4,0.02,127,170289,买盘
33,09:32:07,13.4,0.0,209,280158,买盘
34,09:32:16,13.4,0.0,10,13400,买盘
35,09:32:22,13.4,0.0,171,228952,买盘
36,09:32:25,13.39,-0.01,48,64234,买盘
37,09:32:28,13.4,0.01,149,199551,买盘
38,09:32:31,13.45,0.05,4362,5854024,买盘
39,09:32:34,13.37,-0.08,651,875491,卖盘
40,09:32:37,13.45,0.08,125,167619,买盘
41,09:32:40,13.46,0.01,1000,1345047,买盘
42,09:32:43,13.38,-0.08,41,54870,卖盘
43,09:32:46,13.4,0.02,70,93940,买盘
44,09:32:49,13.4,0.0,52,69680,买盘
45,09:32:52,13.42,0.02,58,77758,买盘
46,09:32:55,13.42,0.0,51,68440,买盘
47,09:32:58,13.43,0.01,100,134220,买盘
48,09:33:01,13.41,-0.02,40,53640,卖盘
49,09:33:04,13.41,0.0,16,21456,卖盘
50,09:33:10,13.43,0.02,244,327328,买盘
51,09:33:13,13.43,0.0,2749,3695900,买盘
52,09:33:16,13.44,0.01,172,231121,中性盘
53,09:33:19,13.45,0.01,384,515701,买盘
54,09:33:22,13.45,0.0,214,287182,买盘
55,09:33:25,13.4,-0.05,10,13400,卖盘
56,09:33:28,13.43,0.03,12,16116,买盘
57,09:33:31,13.43,0.0,21,28201,买盘
58,09:33:34,13.44,0.01,141,189391,买盘
59,09:33:37,13.44,0.0,41,55078,买盘
60,09:33:40,13.43,-0.01,116,155812,中性盘
61,09:33:43,13.42,-0.01,124,166516,卖盘
62,09:33:46,13.43,0.01,138,185306,买盘
63,09:33:49,13.43,0.0,37,49629,买盘
64,09:33:52,13.43,0.0,43,57749,买盘
65,09:33:55,13.41,-0.02,57,76493,卖盘
66,09:33:58,13.42,0.01,153,205226,买盘
67,09:34:01,13.43,0.01,333,447183,买盘
68,09:34:04,13.42,-0.01,38,50996,买盘
69,09:34:07,13.42,0.0,69,92488,买盘
70,09:34:10,13.42,0.0,25,33528,买盘
71,09:34:16,13.42,0.0,40,53680,买盘
72,09:34:19,13.43,0.01,88,118086,买盘
73,09:34:22,13.4,-0.03,111,148916,卖盘
74,09:34:25,13.42,0.02,10,13420,买盘
75,09:34:28,13.41,-0.01,56,75110,卖盘
76,09:34:31,13.42,0.01,12,16104,买盘
77,09:34:34,13.41,-0.01,11,14751,卖盘
78,09:34:40,13.41,0.0,35,46905,买盘
79,09:34:43,13.4,-0.01,69,92460,卖盘
80,09:34:46,13.4,0.0,71,95201,卖盘
81,09:34:49,13.41,0.01,117,156861,买盘
82,09:34:52,13.4,-0.01,12,16091,卖盘
83,09:34:55,13.4,0.0,10,13400,买盘
84,09:34:58,13.4,0.0,83,111185,买盘
85,09:35:01,13.4,0.0,24,32160,卖盘
86,09:35:04,13.4,0.0,150,201005,卖盘
87,09:35:07,13.4,0.0,26,34840,卖盘
88,09:35:10,13.4,0.0,29,38860,卖盘
89,09:35:13,13.47,0.07,5000,6720660,买盘
90,09:35:16,13.5,0.03,5128,6910249,买盘
91,09:35:19,13.4,-0.1,251,336749,中性盘
92,09:35:22,13.4,0.0,37,49580,买盘
93,09:35:28,13.44,0.04,3014,4074317,卖盘
94,09:35:31,13.45,0.01,7,9415,中性盘
95,09:35:34,13.45,0.0,58,77958,中性盘
96,09:35:37,13.45,0.0,50,67242,买盘
97,09:35:40,13.54,0.09,1335,1802192,买盘
98,09:35:43,13.54,0.0,109,147586,卖盘
99,09:35:46,13.55,0.01,672,909998,中性盘
100,09:35:49,13.56,0.01,904,1224702,买盘
101,09:35:52,13.54,-0.02,1108,1499262,卖盘
102,09:35:55,13.52,-0.02,159,214856,卖盘
103,09:35:58,13.51,-0.01,141,190512,卖盘
104,09:36:01,13.51,0.0,60,81068,卖盘
105,09:36:04,13.51,0.0,104,140512,卖盘
106,09:36:07,13.5,-0.01,205,277089,卖盘
107,09:36:10,13.51,0.01,168,227107,中性盘
108,09:36:13,13.51,0.0,110,148610,买盘
109,09:36:16,13.5,-0.01,215,290256,卖盘
110,09:36:19,13.5,0.0,150,202512,卖盘
111,09:36:22,13.49,-0.01,56,75567,卖盘
112,09:36:25,13.5,0.01,76,102537,买盘
113,09:36:28,13.51,0.01,623,840950,买盘
114,09:36:31,13.46,-0.05,259,348964,卖盘
115,09:36:34,13.49,0.03,123,165927,买盘
116,09:36:37,13.48,-0.01,2,2696,卖盘
117,09:36:43,13.45,-0.03,74,99591,卖盘
118,09:36:46,13.46,0.01,33,44419,买盘
119,09:36:49,13.46,0.0,227,305922,卖盘
120,09:36:52,13.46,0.0,98,131927,卖盘
121,09:36:55,13.47,0.01,114,153546,买盘
122,09:36:58,13.48,0.01,568,764954,买盘
123,09:37:01,13.46,-0.02,135,181818,卖盘
124,09:37:04,13.46,0.0,436,586856,买盘
125,09:37:07,13.47,0.01,318,428342,买盘
126,09:37:10,13.47,0.0,93,125281,卖盘
127,09:37:13,13.48,0.01,285,384180,买盘
128,09:37:16,13.48,0.0,140,188720,卖盘
129,09:37:19,13.48,0.0,120,161760,卖盘
130,09:37:22,13.47,-0.01,159,214257,卖盘
131,09:37:25,13.48,0.01,421,567760,买盘
132,09:37:28,13.48,0.0,130,175172,买盘
133,09:37:31,13.47,-0.01,176,237214,卖盘
134,09:37:34,13.49,0.02,215,289874,买盘
135,09:37:37,13.48,-0.01,41,55203,中性盘
136,09:37:40,13.46,-0.02,251,337853,卖盘
137,09:37:43,13.46,0.0,47,63293,卖盘
138,09:37:46,13.48,0.02,158,212869,买盘
139,09:37:49,13.45,-0.03,284,382485,卖盘
140,09:37:52,13.47,0.02,21,28287,中性盘
141,09:37:55,13.45,-0.02,121,162840,卖盘
142,09:37:58,13.47,0.02,41,55247,中性盘
143,09:38:01,13.46,-0.01,58,78069,卖盘
144,09:38:04,13.47,0.01,128,172321,买盘
145,09:38:07,13.47,0.0,329,442920,买盘
146,09:38:10,13.45,-0.02,196,263673,卖盘
147,09:38:13,13.47,0.02,415,558874,买盘
148,09:38:16,13.45,-0.02,55,73976,卖盘
149,09:38:19,13.45,0.0,37,49777,卖盘
150,09:38:22,13.45,0.0,119,160149,卖盘
151,09:38:25,13.45,0.0,134,180318,卖盘
152,09:38:28,13.45,0.0,91,122395,买盘
153,09:38:31,13.44,-0.01,123,165353,卖盘
154,09:38:34,13.45,0.01,206,277159,中性盘
155,09:38:37,13.45,0.0,255,343345,买盘
156,09:38:40,13.47,0.02,326,439025,买盘
157,09:38:43,13.46,-0.01,63,84816,卖盘
158,09:38:46,13.45,-0.01,24,32280,卖盘
159,09:38:49,13.46,0.01,239,321672,买盘
160,09:38:52,13.46,0.0,40,53840,买盘
161,09:38:55,13.45,-0.01,60,80737,卖盘
162,09:38:58,13.46,0.01,117,157417,买盘
163,09:39:01,13.44,-0.02,46,61860,卖盘
164,09:39:04,13.44,0.0,11,14785,卖盘
165,09:39:07,13.44,0.0,356,478779,卖盘
166,09:39:10,13.45,0.01,117,157269,中性盘
167,09:39:13,13.44,-0.01,457,614855,中性盘
168,09:39:16,13.44,0.0,258,347115,卖盘
169,09:39:19,13.44,0.0,42,56460,卖盘
170,09:39:22,13.45,0.01,133,178930,买盘
171,09:39:25,13.44,-0.01,20,26880,买盘
172,09:39:28,13.46,0.02,377,507006,买盘
173,09:39:31,13.45,-0.01,88,118360,中性盘
174,09:39:34,13.45,0.0,175,235111,买盘
175,09:39:37,13.45,0.0,105,141144,买盘
176,09:39:40,13.44,-0.01,86,115523,中性盘
177,09:39:43,13.44,0.0,163,219072,买盘
178,09:39:46,13.43,-0.01,84,112879,卖盘
179,09:39:49,13.44,0.01,72,96712,买盘
180,09:39:52,13.44,0.0,70,94056,买盘
181,09:39:55,13.42,-0.02,35,47004,卖盘
182,09:40:01,13.42,0.0,104,139571,卖盘
183,09:40:04,13.42,0.0,624,838171,卖盘
184,09:40:07,13.42,0.0,100,134404,卖盘
185,09:40:10,13.45,0.03,225,302525,买盘
186,09:40:13,13.45,0.0,351,472410,卖盘
187,09:40:16,13.46,0.01,110,148060,中性盘
188,09:40:19,13.45,-0.01,39,52455,卖盘
189,09:40:22,13.44,-0.01,12,16128,中性盘
190,09:40:25,13.45,0.01,110,147927,买盘
191,09:40:28,13.47,0.02,548,737667,买盘
192,09:40:31,13.47,0.0,609,820323,卖盘
193,09:40:34,13.47,0.0,255,343485,卖盘
194,09:40:37,13.44,-0.03,92,123698,卖盘
195,09:40:40,13.43,-0.01,12,16127,卖盘
196,09:40:43,13.45,0.02,44,59180,买盘
197,09:40:49,13.45,0.0,23,30935,买盘
198,09:40:52,13.45,0.0,359,482855,买盘
199,09:40:55,13.44,-0.01,5,6720,卖盘
200,09:40:58,13.44,0.0,56,75274,买盘
201,09:41:04,13.45,0.01,315,423534,买盘
202,09:41:07,13.43,-0.02,27,36261,卖盘
203,09:41:10,13.43,0.0,65,87304,卖盘
204,09:41:13,13.44,0.01,69,92741,卖盘
205,09:41:16,13.44,0.0,21,28225,卖盘
206,09:41:19,13.44,0.0,376,505644,卖盘
207,09:41:22,13.44,0.0,19,25529,买盘
208,09:41:28,13.44,0.0,4,5376,买盘
209,09:41:37,13.44,0.0,283,380352,买盘
210,09:41:40,13.44,0.0,4,5376,买盘
211,09:41:43,13.43,-0.01,50,67172,卖盘
212,09:41:46,13.44,0.01,26,34944,卖盘
213,09:41:49,13.45,0.01,272,365840,买盘
214,09:41:52,13.44,-0.01,43,57806,卖盘
215,09:41:55,13.45,0.01,107,143837,买盘
216,09:41:58,13.45,0.0,19,25555,卖盘
217,09:42:01,13.43,-0.02,276,371162,卖盘
218,09:42:04,13.46,0.03,459,617428,买盘
219,09:42:07,13.45,-0.01,81,108935,中性盘
220,09:42:10,13.44,-0.01,44,59140,卖盘
221,09:42:13,13.44,0.0,31,41684,卖盘
222,09:42:16,13.43,-0.01,10,13433,卖盘
223,09:42:19,13.44,0.01,33,44352,买盘
224,09:42:22,13.43,-0.01,30,40290,卖盘
225,09:42:25,13.43,0.0,60,80597,卖盘
226,09:42:28,13.42,-0.01,80,107419,卖盘
227,09:42:31,13.43,0.01,16,21488,买盘
228,09:42:34,13.43,0.0,17,22831,买盘
229,09:42:40,13.43,0.0,50,67150,买盘
230,09:42:43,13.43,0.0,20,26860,买盘
231,09:42:46,13.43,0.0,50,67150,买盘
232,09:42:49,13.42,-0.01,125,167795,卖盘
233,09:42:52,13.42,0.0,643,863102,卖盘
234,09:42:55,13.42,0.0,102,137034,卖盘
235,09:42:58,13.42,0.0,7,9394,买盘
236,09:43:01,13.42,0.0,30,40260,买盘
237,09:43:04,13.42,0.0,2,2684,买盘
238,09:43:10,13.42,0.0,40,53680,买盘
239,09:43:13,13.42,0.0,71,95282,买盘
240,09:43:16,13.43,0.01,217,291431,买盘
241,09:43:19,13.42,-0.01,283,380085,卖盘
242,09:43:25,13.42,0.0,16,21472,卖盘
243,09:43:31,13.44,0.02,191,256704,买盘
244,09:43:34,13.44,0.0,21,28224,卖盘
245,09:43:37,13.43,-0.01,13,17459,买盘
246,09:43:46,13.43,0.0,18,24174,买盘
247,09:43:49,13.42,-0.01,18,24156,卖盘
248,09:43:52,13.43,0.01,59,79237,买盘
249,09:43:55,13.43,0.0,35,46985,买盘
250,09:43:58,13.43,0.0,59,79188,买盘
251,09:44:01,13.43,0.0,103,138251,买盘
252,09:44:04,13.42,-0.01,50,67120,卖盘
253,09:44:07,13.41,-0.01,29,38904,卖盘
254,09:44:10,13.43,0.02,65,87255,买盘
255,09:44:13,13.42,-0.01,39,52376,卖盘
256,09:44:16,13.42,0.0,27,36234,卖盘
257,09:44:19,13.42,0.0,50,67100,买盘
258,09:44:22,13.43,0.01,99,132950,买盘
259,09:44:25,13.44,0.01,55,73896,买盘
260,09:44:28,13.42,-0.02,14,18788,卖盘
261,09:44:34,13.42,0.0,47,63114,买盘
262,09:44:40,13.42,0.0,2,2684,买盘
263,09:44:43,13.42,0.0,57,76494,买盘
264,09:44:46,13.43,0.01,78,104741,买盘
265,09:44:52,13.43,0.0,17,22831,买盘
266,09:45:01,13.43,0.0,87,116841,买盘
267,09:45:04,13.42,-0.01,40,53683,卖盘
268,09:45:07,13.42,0.0,355,476903,卖盘
269,09:45:10,13.43,0.01,28,37616,中性盘
270,09:45:13,13.42,-0.01,38,51023,卖盘
271,09:45:16,13.42,0.0,71,95313,卖盘
272,09:45:19,13.42,0.0,26,34892,卖盘
273,09:45:22,13.43,0.01,82,110097,买盘
274,09:45:25,13.43,0.0,1,1343,买盘
275,09:45:28,13.42,-0.01,1,1342,中性盘
276,09:45:31,13.43,0.01,10,13418,买盘
277,09:45:34,13.42,-0.01,24,32208,中性盘
278,09:45:36,13.42,0.0,12,16104,卖盘
279,09:45:40,13.42,0.0,23,30866,买盘
280,09:45:46,13.42,0.0,40,53680,卖盘
281,09:45:49,13.42,0.0,22,29524,卖盘
282,09:45:52,13.42,0.0,4,5368,卖盘
283,09:45:55,13.43,0.01,788,1058205,买盘
284,09:46:01,13.42,-0.01,6,8052,买盘
285,09:46:04,13.42,0.0,27,36234,买盘
286,09:46:07,13.44,0.02,215,288645,买盘
287,09:46:10,13.41,-0.03,50,67050,卖盘
288,09:46:16,13.42,0.01,6,8052,中性盘
289,09:46:19,13.42,0.0,3,4026,买盘
290,09:46:34,13.41,-0.01,55,73755,卖盘
291,09:46:37,13.41,0.0,314,421359,卖盘
292,09:46:40,13.41,0.0,181,242756,卖盘
293,09:46:43,13.43,0.02,15,20144,买盘
294,09:46:46,13.41,-0.02,49,65709,卖盘
295,09:46:49,13.41,0.0,44,59014,卖盘
296,09:46:52,13.41,0.0,12,16092,卖盘
297,09:46:55,13.42,0.01,135,181120,买盘
298,09:46:58,13.43,0.01,125,167782,买盘
299,09:47:01,13.42,-0.01,17,22814,买盘
300,09:47:04,13.41,-0.01,6,8046,卖盘
301,09:47:07,13.41,0.0,73,97920,卖盘
302,09:47:10,13.41,0.0,57,76447,卖盘
303,09:47:12,13.43,0.02,99,132874,买盘
304,09:47:16,13.41,-0.02,22,29507,卖盘
305,09:47:19,13.41,0.0,22,29502,卖盘
306,09:47:22,13.41,0.0,28,37548,卖盘
307,09:47:28,13.42,0.01,96,128832,买盘
308,09:47:31,13.43,0.01,218,292763,买盘
309,09:47:34,13.41,-0.02,13,17437,卖盘
310,09:47:36,13.42,0.01,20,26840,买盘
311,09:47:40,13.44,0.02,171,229652,买盘
312,09:47:43,13.41,-0.03,35,46995,卖盘
313,09:47:46,13.44,0.03,10,13440,买盘
314,09:47:52,13.43,-0.01,10,13430,买盘
315,09:47:58,13.42,-0.01,15,20125,买盘
316,09:48:01,13.42,0.0,10,13420,买盘
317,09:48:04,13.42,0.0,21,28182,买盘
318,09:48:07,13.41,-0.01,38,50965,卖盘
319,09:48:10,13.42,0.01,40,53650,买盘
320,09:48:13,13.42,0.0,86,115379,买盘
321,09:48:16,13.42,0.0,40,53680,买盘
322,09:48:19,13.41,-0.01,33,44253,卖盘
323,09:48:22,13.43,0.02,66,88581,买盘
324,09:48:25,13.41,-0.02,157,210537,卖盘
325,09:48:31,13.41,0.0,20,26820,卖盘
326,09:48:34,13.41,0.0,537,721007,卖盘
327,09:48:37,13.44,0.03,310,416430,买盘
328,09:48:43,13.42,-0.02,22,29524,买盘
329,09:48:46,13.42,0.0,103,138196,买盘
330,09:48:52,13.41,-0.01,24,32184,卖盘
331,09:48:58,13.41,0.0,250,335463,买盘
332,09:49:01,13.41,0.0,12,16092,买盘
333,09:49:04,13.43,0.02,197,264359,买盘
334,09:49:07,13.43,0.0,33,44319,卖盘
335,09:49:10,13.41,-0.02,42,56322,卖盘
336,09:49:13,13.42,0.01,10,13420,买盘
337,09:49:16,13.41,-0.01,110,147590,卖盘
338,09:49:19,13.41,0.0,140,187824,卖盘
339,09:49:22,13.41,0.0,56,75106,卖盘
340,09:49:25,13.42,0.01,27,36218,买盘
341,09:49:28,13.41,-0.01,49,65709,卖盘
342,09:49:31,13.42,0.01,12,16104,买盘
343,09:49:34,13.42,0.0,53,71121,买盘
344,09:49:37,13.41,-0.01,13,17445,卖盘
345,09:49:43,13.41,0.0,11,14756,卖盘
346,09:49:46,13.41,0.0,20,26820,买盘
347,09:49:49,13.41,0.0,31,41581,买盘
348,09:49:52,13.41,0.0,5,6705,买盘
349,09:49:55,13.41,0.0,34,45594,买盘
350,09:49:58,13.41,0.0,33,44253,买盘
351,09:50:01,13.41,0.0,110,147446,买盘
352,09:50:04,13.41,0.0,3,4023,卖盘
353,09:50:07,13.41,0.0,31,41571,买盘
354,09:50:10,13.4,-0.01,64,85760,卖盘
355,09:50:13,13.41,0.01,12,16092,买盘
356,09:50:19,13.41,0.0,13,17433,买盘
357,09:50:25,13.41,0.0,1,1341,买盘
358,09:50:27,13.41,0.0,68,91130,买盘
359,09:50:31,13.41,0.0,10,13405,买盘
360,09:50:33,13.41,0.0,90,120631,买盘
361,09:50:37,13.41,0.0,50,67001,买盘
362,09:50:40,13.4,-0.01,92,123292,卖盘
363,09:50:42,13.41,0.01,381,510657,买盘
364,09:50:49,13.41,0.0,25,33525,买盘
365,09:50:52,13.42,0.01,215,288530,买盘
366,09:50:55,13.41,-0.01,58,77778,卖盘
367,09:50:58,13.41,0.0,62,83223,卖盘
368,09:51:01,13.41,0.0,55,73755,卖盘
369,09:51:07,13.43,0.02,160,214797,买盘
370,09:51:10,13.43,0.0,1,1343,买盘
371,09:51:12,13.44,0.01,245,329141,买盘
372,09:51:16,13.44,0.0,50,67161,买盘
373,09:51:19,13.43,-0.01,34,45662,卖盘
374,09:51:22,13.43,0.0,23,30889,卖盘
375,09:51:25,13.43,0.0,11,14773,买盘
376,09:51:27,13.43,0.0,2,2686,买盘
377,09:51:34,13.42,-0.01,41,55022,买盘
378,09:51:37,13.41,-0.01,20,26820,卖盘
379,09:51:40,13.41,0.0,54,72450,卖盘
380,09:51:43,13.42,0.01,6,8052,买盘
381,09:51:46,13.42,0.0,2,2684,买盘
382,09:51:49,13.41,-0.01,38,50975,卖盘
383,09:51:51,13.42,0.01,16,21472,买盘
384,09:51:55,13.42,0.0,41,55015,买盘
385,09:52:01,13.41,-0.01,22,29502,卖盘
386,09:52:04,13.4,-0.01,5,6701,卖盘
387,09:52:07,13.4,0.0,76,101956,卖盘
388,09:52:09,13.42,0.02,130,174458,买盘
389,09:52:13,13.42,0.0,11,14772,卖盘
390,09:52:16,13.42,0.0,3,4026,买盘
391,09:52:19,13.42,0.0,5,6710,买盘
392,09:52:22,13.41,-0.01,25,33536,卖盘
393,09:52:25,13.41,0.0,13,17433,买盘
394,09:52:28,13.4,-0.01,11,14740,卖盘
395,09:52:31,13.4,0.0,5,6700,卖盘
396,09:52:34,13.4,0.0,15,20100,卖盘
397,09:52:37,13.4,0.0,44,58960,卖盘
398,09:52:40,13.4,0.0,19,25460,卖盘
399,09:52:43,13.41,0.01,7,9383,买盘
400,09:52:52,13.41,0.0,3,4023,买盘
401,09:53:01,13.41,0.0,8,10728,买盘
402,09:53:04,13.4,-0.01,33,44220,卖盘
403,09:53:07,13.41,0.01,39,52299,买盘
404,09:53:10,13.45,0.04,1031,1385169,买盘
405,09:53:13,13.44,-0.01,27,36210,买盘
406,09:53:16,13.45,0.01,300,403365,买盘
407,09:53:19,13.43,-0.02,14,18802,买盘
408,09:53:22,13.43,0.0,3,4029,买盘
409,09:53:25,13.42,-0.01,3,4026,卖盘
410,09:53:28,13.43,0.01,85,114155,买盘
411,09:53:34,13.43,0.0,24,32232,卖盘
412,09:53:37,13.43,0.0,95,127665,卖盘
413,09:53:40,13.44,0.01,24,32223,买盘
414,09:53:43,13.43,-0.01,16,21488,卖盘
415,09:53:46,13.42,-0.01,31,41618,卖盘
416,09:53:49,13.43,0.01,21,28203,买盘
417,09:53:52,13.43,0.0,35,47005,买盘
418,09:53:55,13.43,0.0,63,84609,买盘
419,09:53:58,13.42,-0.01,11,14772,卖盘
420,09:54:01,13.42,0.0,58,77860,卖盘
421,09:54:04,13.43,0.01,1,1343,买盘
422,09:54:07,13.45,0.02,355,477094,买盘
423,09:54:13,13.43,-0.02,33,44319,买盘
424,09:54:19,13.43,0.0,32,42976,买盘
425,09:54:22,13.44,0.01,99,133050,买盘
426,09:54:25,13.44,0.0,12,16128,买盘
427,09:54:28,13.41,-0.03,49,65769,卖盘
428,09:54:31,13.44,0.03,13,17472,买盘
429,09:54:46,13.42,-0.02,9,12078,卖盘
430,09:54:49,13.43,0.01,88,118184,买盘
431,09:54:52,13.44,0.01,73,98031,买盘
432,09:55:00,13.42,-0.02,44,59061,卖盘
433,09:55:04,13.43,0.01,127,170577,买盘
434,09:55:07,13.43,0.0,7,9401,买盘
435,09:55:09,13.43,0.0,15,20145,买盘
436,09:55:13,13.42,-0.01,31,41612,卖盘
437,09:55:16,13.43,0.01,13,17459,买盘
438,09:55:22,13.43,0.0,21,28188,买盘
439,09:55:25,13.42,-0.01,118,158356,卖盘
440,09:55:28,13.42,0.0,28,37554,买盘
441,09:55:31,13.43,0.01,155,208061,买盘
442,09:55:34,13.43,0.0,130,174433,买盘
443,09:55:37,13.42,-0.01,42,56354,中性盘
444,09:55:43,13.43,0.01,88,118116,买盘
445,09:55:46,13.42,-0.01,4,5368,买盘
446,09:55:49,13.42,0.0,49,65723,买盘
447,09:55:51,13.42,0.0,2,2684,买盘
448,09:55:55,13.41,-0.01,102,136870,卖盘
449,09:55:58,13.41,0.0,38,50963,卖盘
450,09:56:01,13.4,-0.01,53,71099,卖盘
451,09:56:04,13.4,0.0,26,34851,卖盘
452,09:56:10,13.41,0.01,25,33525,买盘
453,09:56:12,13.41,0.0,40,53640,买盘
454,09:56:22,13.41,0.0,108,144728,买盘
455,09:56:25,13.4,-0.01,25,33500,卖盘
456,09:56:28,13.4,0.0,46,61640,卖盘
457,09:56:31,13.4,0.0,116,155550,卖盘
458,09:56:34,13.4,0.0,40,53600,卖盘
459,09:56:46,13.42,0.02,219,293810,买盘
460,09:56:52,13.4,-0.02,152,204015,卖盘
461,09:56:55,13.42,0.02,49,65782,中性盘
462,09:57:04,13.41,-0.01,45,60357,卖盘
463,09:57:07,13.4,-0.01,141,189164,卖盘
464,09:57:13,13.42,0.02,140,187908,买盘
465,09:57:15,13.42,0.0,6,8052,买盘
466,09:57:19,13.41,-0.01,43,57633,中性盘
467,09:57:22,13.41,0.0,7,9387,买盘
468,09:57:25,13.4,-0.01,43,57632,卖盘
469,09:57:28,13.42,0.02,51,68397,买盘
470,09:57:30,13.41,-0.01,59,79119,卖盘
471,09:57:40,13.41,0.0,15,20115,卖盘
472,09:57:43,13.42,0.01,92,123464,买盘
473,09:57:46,13.41,-0.01,104,139486,卖盘
474,09:58:01,13.41,0.0,45,60345,买盘
475,09:58:04,13.41,0.0,10,13410,买盘
476,09:58:07,13.41,0.0,196,262814,买盘
477,09:58:10,13.42,0.01,63,84546,买盘
478,09:58:13,13.43,0.01,255,342338,买盘
479,09:58:16,13.42,-0.01,30,40260,买盘
480,09:58:19,13.42,0.0,20,26840,买盘
481,09:58:22,13.41,-0.01,40,53645,卖盘
482,09:58:25,13.42,0.01,28,37576,买盘
483,09:58:28,13.42,0.0,18,24156,买盘
484,09:58:30,13.42,0.0,42,56339,买盘
485,09:58:34,13.42,0.0,75,100619,买盘
486,09:58:37,13.41,-0.01,11,14751,卖盘
487,09:58:40,13.41,0.0,18,24138,买盘
488,09:58:43,13.4,-0.01,184,246564,卖盘
489,09:58:46,13.4,0.0,47,62996,卖盘
490,09:58:49,13.41,0.01,66,88506,买盘
491,09:58:52,13.42,0.01,139,186458,买盘
492,09:58:54,13.41,-0.01,5,6705,买盘
493,09:58:58,13.4,-0.01,34,45576,卖盘
494,09:59:01,13.4,0.0,88,117986,卖盘
495,09:59:04,13.42,0.02,73,97893,买盘
496,09:59:16,13.4,-0.02,29,38880,卖盘
497,09:59:19,13.41,0.01,80,107266,买盘
498,09:59:22,13.41,0.0,34,45564,买盘
499,09:59:28,13.4,-0.01,13,17420,卖盘
500,09:59:31,13.4,0.0,2,2680,买盘
501,09:59:34,13.4,0.0,246,329440,买盘
502,09:59:37,13.4,0.0,81,108540,买盘
503,09:59:39,13.42,0.02,494,661777,买盘
504,09:59:43,13.42,0.0,10,13420,买盘
505,09:59:46,13.41,-0.01,26,34866,中性盘
506,09:59:49,13.42,0.01,15,20121,买盘
507,09:59:55,13.41,-0.01,12,16092,买盘
508,09:59:58,13.4,-0.01,10,13400,卖盘
509,10:00:00,13.41,0.01,4,5364,买盘
510,10:00:04,13.41,0.0,25,33520,买盘
511,10:00:07,13.41,0.0,31,41571,买盘
512,10:00:10,13.4,-0.01,4,5360,卖盘
513,10:00:13,13.41,0.01,12,16092,买盘
514,10:00:16,13.4,-0.01,28,37522,卖盘
515,10:00:18,13.4,0.0,11,14742,卖盘
516,10:00:22,13.4,0.0,9,12062,卖盘
517,10:00:24,13.4,0.0,14,18762,卖盘
518,10:00:27,13.41,0.01,22,29490,买盘
519,10:00:31,13.41,0.0,22,29500,买盘
520,10:00:34,13.41,0.0,82,109839,买盘
521,10:00:40,13.4,-0.01,2,2680,卖盘
522,10:00:43,13.4,0.0,23,30820,买盘
523,10:00:45,13.39,-0.01,2,2678,卖盘
524,10:00:49,13.41,0.02,85,113874,买盘
525,10:00:55,13.41,0.0,16,21456,买盘
526,10:00:58,13.41,0.0,25,33502,买盘
527,10:01:01,13.4,-0.01,21,28140,卖盘
528,10:01:04,13.4,0.0,2,2680,卖盘
529,10:01:06,13.41,0.01,20,26817,买盘
530,10:01:16,13.4,-0.01,4,5360,买盘
531,10:01:24,13.39,-0.01,62,83020,卖盘
532,10:01:28,13.39,0.0,24,32136,卖盘
533,10:01:31,13.39,0.0,72,96481,卖盘
534,10:01:34,13.39,0.0,25,33480,卖盘
535,10:01:37,13.39,0.0,46,61605,卖盘
536,10:01:40,13.39,0.0,44,58927,卖盘
537,10:01:43,13.39,0.0,18,24105,卖盘
538,10:01:46,13.39,0.0,14,18746,卖盘
539,10:01:49,13.4,0.01,21,28131,买盘
540,10:01:52,13.4,0.0,17,22766,买盘
541,10:01:55,13.39,-0.01,8,10712,卖盘
542,10:01:58,13.4,0.01,17,22766,买盘
543,10:02:01,13.4,0.0,19,25444,买盘
544,10:02:07,13.4,0.0,7,9380,买盘
545,10:02:10,13.39,-0.01,11,14729,卖盘
546,10:02:16,13.4,0.01,6,8040,买盘
547,10:02:19,13.39,-0.01,3,4017,卖盘
548,10:02:25,13.39,0.0,30,40170,买盘
549,10:02:27,13.4,0.01,13,17420,买盘
550,10:02:52,13.4,0.0,13,17420,买盘
551,10:02:55,13.4,0.0,125,167480,买盘
552,10:02:58,13.4,0.0,7,9380,卖盘
553,10:03:01,13.41,0.01,243,325863,买盘
554,10:03:04,13.41,0.0,152,203976,卖盘
555,10:03:07,13.43,0.02,1,1343,买盘
556,10:03:10,13.41,-0.02,23,30865,卖盘
557,10:03:13,13.41,0.0,17,22797,卖盘
558,10:03:16,13.41,0.0,18,24138,卖盘
559,10:03:19,13.41,0.0,22,29509,卖盘
560,10:03:22,13.41,0.0,9,12069,卖盘
561,10:03:24,13.41,0.0,8,10728,卖盘
562,10:03:28,13.41,0.0,7,9387,买盘
563,10:03:31,13.41,0.0,16,21456,卖盘
564,10:03:36,13.42,0.01,71,95264,买盘
565,10:03:40,13.42,0.0,1,1342,买盘
566,10:03:43,13.4,-0.02,44,58982,卖盘
567,10:03:48,13.41,0.01,75,100550,中性盘
568,10:03:55,13.42,0.01,1,1342,买盘
569,10:03:58,13.42,0.0,27,36190,买盘
570,10:04:01,13.42,0.0,37,49608,买盘
571,10:04:04,13.4,-0.02,72,96480,卖盘
572,10:04:07,13.42,0.02,8,10736,买盘
573,10:04:10,13.39,-0.03,55,73647,卖盘
574,10:04:13,13.39,0.0,54,72364,卖盘
575,10:04:16,13.39,0.0,26,34829,卖盘
576,10:04:19,13.39,0.0,106,142175,卖盘
577,10:04:22,13.41,0.02,16,21456,买盘
578,10:04:25,13.39,-0.02,50,66982,卖盘
579,10:04:30,13.41,0.02,55,73755,买盘
580,10:04:34,13.41,0.0,41,54981,卖盘
581,10:04:37,13.42,0.01,22,29522,买盘
582,10:04:39,13.41,-0.01,10,13410,买盘
583,10:04:45,13.4,-0.01,10,13400,卖盘
584,10:04:52,13.42,0.02,155,207927,买盘
585,10:04:58,13.41,-0.01,8,10728,卖盘
586,10:05:01,13.42,0.01,36,48260,买盘
587,10:05:04,13.42,0.0,9,12070,买盘
588,10:05:07,13.42,0.0,11,14742,买盘
589,10:05:10,13.4,-0.02,34,45560,卖盘
590,10:05:15,13.4,0.0,33,44220,卖盘
591,10:05:19,13.4,0.0,31,41540,卖盘
592,10:05:25,13.41,0.01,110,147510,买盘
593,10:05:28,13.41,0.0,38,50922,买盘
594,10:05:34,13.41,0.0,15,20115,买盘
595,10:05:37,13.4,-0.01,105,140700,卖盘
596,10:05:40,13.41,0.01,15,20115,买盘
597,10:05:46,13.41,0.0,118,158208,买盘
598,10:05:52,13.42,0.01,88,118067,买盘
599,10:05:55,13.4,-0.02,33,44220,卖盘
600,10:05:58,13.4,0.0,26,34840,卖盘
601,10:06:01,13.4,0.0,23,30832,卖盘
602,10:06:04,13.41,0.01,3,4023,买盘
603,10:06:13,13.41,0.0,113,151533,买盘
604,10:06:16,13.42,0.01,21,28169,买盘
605,10:06:19,13.41,-0.01,35,46905,中性盘
606,10:06:24,13.4,-0.01,21,28145,卖盘
607,10:06:28,13.4,0.0,24,32160,卖盘
608,10:06:30,13.4,0.0,9,12060,卖盘
609,10:06:34,13.4,0.0,80,107266,卖盘
610,10:06:36,13.4,0.0,239,320635,卖盘
611,10:06:39,13.4,0.0,62,83102,卖盘
612,10:06:48,13.42,0.02,66,88522,买盘
613,10:06:55,13.4,-0.02,29,38860,卖盘
614,10:06:58,13.43,0.03,128,171723,买盘
615,10:07:10,13.41,-0.02,75,100640,卖盘
616,10:07:13,13.42,0.01,1,1342,买盘
617,10:07:19,13.41,-0.01,35,46961,卖盘
618,10:07:28,13.42,0.01,155,207972,买盘
619,10:07:39,13.4,-0.02,7,9380,卖盘
620,10:07:43,13.41,0.01,20,26820,买盘
621,10:07:49,13.41,0.0,30,40230,买盘
622,10:07:52,13.4,-0.01,31,41594,卖盘
623,10:07:55,13.4,0.0,47,63034,卖盘
624,10:08:00,13.41,0.01,40,53607,中性盘
625,10:08:04,13.42,0.01,35,46913,买盘
626,10:08:10,13.4,-0.02,19,25470,卖盘
627,10:08:13,13.41,0.01,14,18774,买盘
628,10:08:18,13.41,0.0,75,100570,买盘
629,10:08:21,13.41,0.0,10,13410,买盘
630,10:08:25,13.4,-0.01,11,14742,卖盘
631,10:08:28,13.41,0.01,36,48251,买盘
632,10:08:30,13.41,0.0,22,29487,买盘
633,10:08:34,13.4,-0.01,47,62955,买盘
634,10:08:37,13.4,0.0,17,22780,买盘
635,10:08:39,13.4,0.0,410,549000,买盘
636,10:08:43,13.39,-0.01,86,115154,卖盘
637,10:08:46,13.39,0.0,10,13390,买盘
638,10:08:49,13.39,0.0,12,16068,买盘
639,10:08:52,13.38,-0.01,66,88308,卖盘
640,10:08:58,13.4,0.02,456,611040,买盘
641,10:09:01,13.4,0.0,30,40200,卖盘
642,10:09:04,13.4,0.0,31,41540,卖盘
643,10:09:10,13.39,-0.01,99,132663,卖盘
644,10:09:13,13.42,0.03,238,319232,买盘
645,10:09:19,13.4,-0.02,11,14740,买盘
646,10:09:25,13.4,0.0,25,33500,买盘
647,10:09:28,13.4,0.0,15,20100,卖盘
648,10:09:31,13.41,0.01,23,30831,买盘
649,10:09:34,13.4,-0.01,37,49605,卖盘
650,10:09:37,13.4,0.0,49,65675,卖盘
651,10:09:40,13.41,0.01,6,8046,买盘
652,10:09:43,13.4,-0.01,20,26800,卖盘
653,10:09:46,13.4,0.0,42,56302,卖盘
654,10:09:52,13.39,-0.01,33,44233,卖盘
655,10:10:01,13.4,0.01,60,80389,买盘
656,10:10:04,13.4,0.0,27,36180,卖盘
657,10:10:07,13.4,0.0,13,17420,卖盘
658,10:10:10,13.41,0.01,107,143487,买盘
659,10:10:13,13.42,0.01,37,49633,买盘
660,10:10:16,13.42,0.0,55,73728,买盘
661,10:10:19,13.4,-0.02,9,12060,卖盘
662,10:10:25,13.4,0.0,20,26800,买盘
663,10:10:27,13.41,0.01,28,37537,买盘
664,10:10:31,13.41,0.0,41,54923,买盘
665,10:10:34,13.39,-0.02,10,13391,卖盘
666,10:10:37,13.4,0.01,85,113880,买盘
667,10:10:43,13.38,-0.02,130,174200,卖盘
668,10:10:46,13.41,0.03,155,207818,买盘
669,10:10:49,13.42,0.01,59,78995,买盘
670,10:10:52,13.42,0.0,35,46944,买盘
671,10:10:55,13.39,-0.03,11,14729,卖盘
672,10:11:01,13.41,0.02,36,48272,买盘
673,10:11:04,13.38,-0.03,20,26772,卖盘
674,10:11:06,13.41,0.03,11,14742,买盘
675,10:11:10,13.39,-0.02,96,128487,中性盘
676,10:11:13,13.4,0.01,99,132492,买盘
677,10:11:19,13.4,0.0,50,67000,买盘
678,10:11:22,13.41,0.01,188,252108,买盘
679,10:11:25,13.42,0.01,127,170314,买盘
680,10:11:28,13.4,-0.02,10,13400,买盘
681,10:11:31,13.4,0.0,10,13400,买盘
682,10:11:37,13.41,0.01,55,73743,买盘
683,10:11:43,13.39,-0.02,20,26782,卖盘
684,10:11:46,13.42,0.03,143,191688,买盘
685,10:11:49,13.38,-0.04,101,135160,卖盘
686,10:11:52,13.4,0.02,11,14740,买盘
687,10:11:55,13.39,-0.01,12,16068,中性盘
688,10:11:58,13.38,-0.01,30,40140,卖盘
689,10:12:01,13.39,0.01,1,1339,买盘
690,10:12:04,13.4,0.01,99,132635,买盘
691,10:12:10,13.38,-0.02,34,45492,卖盘
692,10:12:13,13.38,0.0,40,53530,卖盘
693,10:12:16,13.38,0.0,115,154063,卖盘
694,10:12:19,13.39,0.01,32,42848,卖盘
695,10:12:21,13.39,0.0,57,76298,买盘
696,10:12:28,13.4,0.01,88,117864,买盘
697,10:12:31,13.4,0.0,188,251663,买盘
698,10:12:37,13.38,-0.02,66,88308,卖盘
699,10:12:40,13.38,0.0,108,144504,卖盘
700,10:12:45,13.38,0.0,232,310700,卖盘
701,10:12:48,13.38,0.0,77,103026,卖盘
702,10:12:51,13.42,0.04,315,422543,买盘
703,10:12:54,13.42,0.0,2,2684,买盘
704,10:12:58,13.39,-0.03,2,2678,中性盘
705,10:13:01,13.39,0.0,1,1339,买盘
706,10:13:04,13.39,0.0,1,1339,买盘
707,10:13:07,13.38,-0.01,79,105739,卖盘
708,10:13:09,13.4,0.02,11,14740,买盘
709,10:13:13,13.39,-0.01,38,50875,卖盘
710,10:13:16,13.38,-0.01,98,131144,卖盘
711,10:13:19,13.39,0.01,5,6695,买盘
712,10:13:22,13.39,0.0,55,73612,买盘
713,10:13:34,13.38,-0.01,228,305072,卖盘
714,10:13:36,13.38,0.0,133,178053,卖盘
715,10:13:40,13.38,0.0,180,241009,卖盘
716,10:13:43,13.39,0.01,15,20085,中性盘
717,10:13:46,13.39,0.0,15,20085,买盘
718,10:13:49,13.39,0.0,15,20085,买盘
719,10:13:52,13.38,-0.01,33,44154,卖盘
720,10:13:55,13.4,0.02,111,148630,买盘
721,10:14:07,13.39,-0.01,5,6695,买盘
722,10:14:09,13.39,0.0,2,2678,买盘
723,10:14:13,13.39,0.0,11,14729,买盘
724,10:14:16,13.39,0.0,28,37492,买盘
725,10:14:25,13.39,0.0,10,13390,买盘
726,10:14:28,13.39,0.0,64,85696,买盘
727,10:14:31,13.39,0.0,221,296074,卖盘
728,10:14:39,13.4,0.01,26,34840,买盘
729,10:14:46,13.38,-0.02,120,160565,卖盘
730,10:15:01,13.4,0.02,16,21440,买盘
731,10:15:12,13.38,-0.02,51,68238,卖盘
732,10:15:19,13.4,0.02,64,85760,买盘
733,10:15:25,13.41,0.01,147,197122,买盘
734,10:15:28,13.42,0.01,276,370383,买盘
735,10:15:31,13.42,0.0,21,28182,卖盘
736,10:15:34,13.4,-0.02,25,33504,卖盘
737,10:15:43,13.41,0.01,22,29502,买盘
738,10:15:46,13.41,0.0,15,20115,买盘
739,10:15:52,13.42,0.01,25,33527,买盘
740,10:15:55,13.41,-0.01,10,13410,买盘
741,10:15:58,13.41,0.0,4,5364,买盘
742,10:16:04,13.41,0.0,58,77755,买盘
743,10:16:07,13.41,0.0,15,20115,买盘
744,10:16:10,13.4,-0.01,129,172990,卖盘
745,10:16:16,13.41,0.01,2,2682,买盘
746,10:16:19,13.4,-0.01,12,16080,卖盘
747,10:16:22,13.41,0.01,61,81801,买盘
748,10:16:24,13.41,0.0,3,4023,买盘
749,10:16:28,13.41,0.0,15,20115,买盘
750,10:16:31,13.4,-0.01,123,164967,卖盘
751,10:16:34,13.41,0.01,14,18774,买盘
752,10:16:37,13.41,0.0,6,8041,买盘
753,10:16:40,13.41,0.0,55,73755,买盘
754,10:16:42,13.41,0.0,55,73755,买盘
755,10:16:46,13.4,-0.01,33,44220,卖盘
756,10:16:49,13.42,0.02,55,73787,买盘
757,10:16:55,13.41,-0.01,5,6705,买盘
758,10:16:58,13.4,-0.01,44,58974,卖盘
759,10:17:04,13.42,0.02,88,118040,买盘
760,10:17:24,13.4,-0.02,36,48240,卖盘
761,10:17:28,13.41,0.01,5,6705,买盘
762,10:17:30,13.41,0.0,10,13410,买盘
763,10:17:33,13.4,-0.01,26,34853,卖盘
764,10:17:37,13.42,0.02,30,40252,买盘
765,10:17:52,13.41,-0.01,20,26820,中性盘
766,10:17:55,13.4,-0.01,56,75040,卖盘
767,10:17:58,13.41,0.01,1,1341,买盘
768,10:18:01,13.41,0.0,24,32175,买盘
769,10:18:10,13.4,-0.01,23,30820,卖盘
770,10:18:13,13.41,0.01,32,42912,买盘
771,10:18:16,13.4,-0.01,16,21440,卖盘
772,10:18:19,13.4,0.0,5,6700,卖盘
773,10:18:31,13.4,0.0,5,6700,卖盘
774,10:18:57,13.4,0.0,30,40200,卖盘
775,10:19:07,13.41,0.01,9,12064,买盘
776,10:19:09,13.4,-0.01,15,20100,卖盘
777,10:19:13,13.4,0.0,5,6700,卖盘
778,10:19:18,13.4,0.0,4,5360,卖盘
779,10:19:33,13.4,0.0,2,2680,买盘
780,10:19:37,13.4,0.0,2,2680,买盘
781,10:19:49,13.41,0.01,4,5364,买盘
782,10:20:04,13.41,0.0,13,17433,买盘
783,10:20:07,13.41,0.0,2,2682,买盘
784,10:20:16,13.4,-0.01,9,12060,卖盘
785,10:20:22,13.4,0.0,28,37537,卖盘
786,10:20:25,13.41,0.01,5,6705,买盘
787,10:20:31,13.4,-0.01,23,30820,卖盘
788,10:20:33,13.41,0.01,454,607752,买盘
789,10:21:01,13.41,0.0,11,14751,买盘
790,10:21:13,13.4,-0.01,31,41551,卖盘
791,10:21:15,13.41,0.01,7,9387,买盘
792,10:21:19,13.38,-0.03,10,13382,卖盘
793,10:21:25,13.38,0.0,78,104376,卖盘
794,10:21:27,13.41,0.03,4,5364,买盘
795,10:21:52,13.41,0.0,9,12069,买盘
796,10:22:16,13.4,-0.01,5,6700,中性盘
797,10:22:22,13.4,0.0,7,9380,买盘
798,10:22:25,13.4,0.0,23,30820,买盘
799,10:22:28,13.41,0.01,23,30822,买盘
800,10:22:31,13.41,0.0,31,41571,买盘
801,10:23:01,13.39,-0.02,3,4017,卖盘
802,10:23:07,13.4,0.01,15,20087,买盘
803,10:23:19,13.4,0.0,89,119245,买盘
804,10:23:22,13.39,-0.01,15,20085,中性盘
805,10:23:25,13.39,0.0,6,8034,买盘
806,10:23:28,13.4,0.01,16,21440,买盘
807,10:23:36,13.39,-0.01,6,8034,卖盘
808,10:23:52,13.4,0.01,1046,1401640,买盘
809,10:23:55,13.41,0.01,25,33525,买盘
810,10:23:58,13.41,0.0,55,73745,买盘
811,10:24:01,13.41,0.0,16,21456,买盘
812,10:24:04,13.41,0.0,19,25479,买盘
813,10:24:06,13.41,0.0,22,29502,买盘
814,10:24:10,13.41,0.0,11,14751,买盘
815,10:24:13,13.41,0.0,110,147421,买盘
816,10:24:16,13.4,-0.01,123,164820,卖盘
817,10:24:19,13.39,-0.01,35,46870,卖盘
818,10:24:22,13.39,0.0,12,16068,买盘
819,10:24:25,13.39,0.0,8,10712,买盘
820,10:24:28,13.4,0.01,14,18760,买盘
821,10:24:31,13.4,0.0,15,20100,买盘
822,10:24:34,13.4,0.0,21,28140,买盘
823,10:24:40,13.41,0.01,99,132681,买盘
824,10:24:52,13.39,-0.02,24,32136,卖盘
825,10:24:58,13.41,0.02,39,52267,买盘
826,10:25:07,13.39,-0.02,9,12051,卖盘
827,10:25:13,13.41,0.02,36,48276,买盘
828,10:25:22,13.39,-0.02,25,33475,卖盘
829,10:25:31,13.4,0.01,160,214400,卖盘
830,10:25:34,13.41,0.01,15,20115,买盘
831,10:25:37,13.41,0.0,239,320349,买盘
832,10:25:39,13.4,-0.01,156,209040,卖盘
833,10:25:43,13.4,0.0,23,30820,卖盘
834,10:25:48,13.4,0.0,3,4020,买盘
835,10:26:04,13.41,0.01,4,5364,买盘
836,10:26:06,13.39,-0.02,10,13397,卖盘
837,10:26:16,13.41,0.02,8,10728,买盘
838,10:26:27,13.39,-0.02,35,46865,卖盘
839,10:26:31,13.41,0.02,20,26820,买盘
840,10:26:34,13.41,0.0,10,13410,买盘
841,10:26:55,13.4,-0.01,4,5360,卖盘
842,10:26:57,13.4,0.0,2,2680,买盘
843,10:27:01,13.4,0.0,4,5360,买盘
844,10:27:04,13.41,0.01,25,33518,买盘
845,10:27:07,13.41,0.0,5,6705,买盘
846,10:27:16,13.4,-0.01,43,57620,买盘
847,10:27:19,13.41,0.01,3,4023,买盘
848,10:27:25,13.4,-0.01,124,166160,卖盘
849,10:27:28,13.4,0.0,23,30820,卖盘
850,10:27:31,13.4,0.0,33,44220,卖盘
851,10:27:34,13.4,0.0,15,20100,卖盘
852,10:27:37,13.41,0.01,1,1341,买盘
853,10:27:40,13.4,-0.01,30,40200,卖盘
854,10:27:46,13.4,0.0,9,12060,卖盘
855,10:27:49,13.41,0.01,2,2682,买盘
856,10:27:54,13.41,0.0,6,8046,买盘
857,10:28:18,13.4,-0.01,1,1340,买盘
858,10:28:28,13.4,0.0,22,29480,买盘
859,10:28:31,13.4,0.0,22,29480,买盘
860,10:28:34,13.4,0.0,31,41540,买盘
861,10:28:37,13.41,0.01,31,41554,买盘
862,10:28:43,13.4,-0.01,14,18760,中性盘
863,10:28:51,13.4,0.0,11,14740,买盘
864,10:28:57,13.41,0.01,38,50942,买盘
865,10:29:09,13.4,-0.01,25,33500,卖盘
866,10:29:16,13.41,0.01,12,16092,买盘
867,10:29:28,13.4,-0.01,19,25460,卖盘
868,10:29:31,13.4,0.0,56,75040,卖盘
869,10:29:34,13.41,0.01,11,14751,买盘
870,10:29:36,13.41,0.0,5,6705,买盘
871,10:29:39,13.4,-0.01,1,1340,卖盘
872,10:29:43,13.41,0.01,3,4023,买盘
873,10:29:51,13.41,0.0,5,6705,买盘
874,10:29:55,13.41,0.0,117,156897,买盘
875,10:29:58,13.41,0.0,19,25479,卖盘
876,10:30:01,13.41,0.0,6,8046,卖盘
877,10:30:04,13.42,0.01,16,21466,买盘
878,10:30:09,13.4,-0.02,16,21440,卖盘
879,10:30:28,13.4,0.0,22,29480,卖盘
880,10:30:31,13.4,0.0,20,26800,卖盘
881,10:30:54,13.4,0.0,19,25460,卖盘
882,10:31:01,13.4,0.0,21,28140,卖盘
883,10:31:09,13.41,0.01,12,16092,买盘
884,10:31:12,13.41,0.0,3,4023,买盘
885,10:31:15,13.4,-0.01,16,21440,卖盘
886,10:31:19,13.4,0.0,24,32160,卖盘
887,10:31:22,13.41,0.01,9,12062,买盘
888,10:31:25,13.4,-0.01,6,8040,卖盘
889,10:31:28,13.4,0.0,9,12060,卖盘
890,10:31:30,13.4,0.0,5,6700,卖盘
891,10:31:33,13.4,0.0,1,1340,买盘
892,10:31:40,13.41,0.01,6,8042,买盘
893,10:32:07,13.41,0.0,3,4023,买盘
894,10:32:31,13.4,-0.01,14,18760,卖盘
895,10:32:46,13.4,0.0,19,25460,买盘
896,10:32:49,13.41,0.01,74,99167,买盘
897,10:32:52,13.4,-0.01,3,4020,中性盘
898,10:32:55,13.39,-0.01,16,21424,卖盘
899,10:32:58,13.4,0.01,8,10720,买盘
900,10:33:01,13.4,0.0,14,18760,买盘
901,10:33:04,13.41,0.01,14,18767,买盘
902,10:33:07,13.39,-0.02,26,34815,卖盘
903,10:33:10,13.41,0.02,1,1341,买盘
904,10:33:16,13.4,-0.01,20,26800,卖盘
905,10:33:19,13.41,0.01,13,17421,买盘
906,10:33:22,13.4,-0.01,5,6700,卖盘
907,10:33:24,13.41,0.01,142,190411,买盘
908,10:33:27,13.39,-0.02,19,25441,卖盘
909,10:33:31,13.39,0.0,96,128550,卖盘
910,10:33:33,13.41,0.02,74,99206,买盘
911,10:33:36,13.41,0.0,40,53640,卖盘
912,10:33:40,13.41,0.0,12,16092,卖盘
913,10:33:43,13.41,0.0,15,20115,卖盘
914,10:33:45,13.41,0.0,9,12069,卖盘
915,10:33:52,13.41,0.0,1,1341,买盘
916,10:33:58,13.39,-0.02,19,25441,卖盘
917,10:34:01,13.41,0.02,1,1341,买盘
918,10:34:10,13.39,-0.02,30,40170,卖盘
919,10:34:13,13.41,0.02,1,1341,买盘
920,10:34:16,13.4,-0.01,26,34815,中性盘
921,10:34:19,13.39,-0.01,16,21424,卖盘
922,10:34:21,13.4,0.01,1,1340,买盘
923,10:34:24,13.4,0.0,25,33500,买盘
924,10:34:27,13.4,0.0,30,40180,买盘
925,10:34:31,13.39,-0.01,46,61633,卖盘
926,10:34:34,13.41,0.02,1,1341,买盘
927,10:34:40,13.4,-0.01,27,36154,中性盘
928,10:34:45,13.39,-0.01,15,20085,卖盘
929,10:34:49,13.4,0.01,47,62946,买盘
930,10:34:52,13.39,-0.01,10,13390,卖盘
931,10:34:55,13.4,0.01,1,1340,买盘
932,10:34:58,13.39,-0.01,66,88419,卖盘
933,10:35:01,13.4,0.01,14,18755,买盘
934,10:35:04,13.4,0.0,15,20100,买盘
935,10:35:07,13.41,0.01,35,46916,买盘
936,10:35:13,13.39,-0.02,10,13390,卖盘
937,10:35:15,13.41,0.02,1,1341,买盘
938,10:35:19,13.39,-0.02,6,8034,卖盘
939,10:35:22,13.41,0.02,1,1341,买盘
940,10:35:25,13.41,0.0,16,21426,买盘
941,10:35:28,13.39,-0.02,10,13390,卖盘
942,10:35:30,13.41,0.02,1,1341,买盘
943,10:35:37,13.39,-0.02,5,6695,卖盘
944,10:35:40,13.39,0.0,11,14729,买盘
945,10:35:43,13.39,0.0,1,1339,买盘
946,10:35:46,13.4,0.01,2,2680,买盘
947,10:35:49,13.41,0.01,105,140741,买盘
948,10:35:55,13.39,-0.02,25,33475,卖盘
949,10:35:57,13.4,0.01,1,1340,买盘
950,10:36:04,13.39,-0.01,16,21424,卖盘
951,10:36:10,13.4,0.01,13,17420,买盘
952,10:36:16,13.4,0.0,1,1340,买盘
953,10:36:21,13.4,0.0,2,2680,买盘
954,10:36:24,13.39,-0.01,21,28119,卖盘
955,10:36:28,13.39,0.0,45,60256,卖盘
956,10:36:31,13.4,0.01,1,1340,买盘
957,10:36:40,13.4,0.0,28,37493,买盘
958,10:36:48,13.39,-0.01,20,26780,卖盘
959,10:36:52,13.4,0.01,5,6700,买盘
960,10:36:55,13.39,-0.01,11,14730,卖盘
961,10:36:58,13.38,-0.01,59,78970,卖盘
962,10:37:01,13.4,0.02,1,1340,买盘
963,10:37:16,13.39,-0.01,19,25441,卖盘
964,10:37:18,13.4,0.01,13,17420,买盘
965,10:37:22,13.39,-0.01,9,12053,卖盘
966,10:37:27,13.4,0.01,67,89764,买盘
967,10:37:49,13.4,0.0,2,2680,买盘
968,10:37:51,13.4,0.0,11,14730,买盘
969,10:37:58,13.4,0.0,91,121760,买盘
970,10:38:13,13.4,0.0,1,1340,买盘
971,10:38:16,13.4,0.0,9,12060,买盘
972,10:38:18,13.4,0.0,6,8035,买盘
973,10:38:22,13.39,-0.01,10,13390,卖盘
974,10:38:25,13.39,0.0,1,1339,买盘
975,10:38:31,13.38,-0.01,23,30784,卖盘
976,10:38:34,13.4,0.02,1,1340,买盘
977,10:38:40,13.39,-0.01,3,4017,买盘
978,10:38:43,13.4,0.01,31,41534,买盘
979,10:38:58,13.4,0.0,1,1340,买盘
980,10:39:07,13.4,0.0,3,4020,买盘
981,10:39:09,13.4,0.0,17,22780,买盘
982,10:39:19,13.39,-0.01,11,14729,卖盘
983,10:39:22,13.4,0.01,1,1340,买盘
984,10:39:25,13.39,-0.01,15,20085,卖盘
985,10:39:28,13.4,0.01,1,1340,买盘
986,10:39:31,13.39,-0.01,6,8034,卖盘
987,10:39:34,13.39,0.0,1,1339,买盘
988,10:39:40,13.4,0.01,15,20089,买盘
989,10:39:52,13.4,0.0,9,12060,买盘
990,10:39:58,13.4,0.0,8,10720,买盘
991,10:40:04,13.4,0.0,15,20100,买盘
992,10:40:16,13.4,0.0,1,1340,买盘
993,10:40:21,13.39,-0.01,7,9373,卖盘
994,10:40:25,13.4,0.01,1,1340,买盘
995,10:40:34,13.39,-0.01,11,14729,卖盘
996,10:40:42,13.4,0.01,1,1340,买盘
997,10:40:46,13.39,-0.01,11,14729,卖盘
998,10:40:48,13.4,0.01,1,1340,买盘
999,10:40:58,13.39,-0.01,28,37493,卖盘
1000,10:41:01,13.4,0.01,1,1340,买盘
1001,10:41:07,13.39,-0.01,7,9373,卖盘
1002,10:41:22,13.39,0.0,6,8034,卖盘
1003,10:41:33,13.4,0.01,40,53585,买盘
1004,10:41:40,13.39,-0.01,12,16068,卖盘
1005,10:41:43,13.4,0.01,1,1340,买盘
1006,10:41:48,13.39,-0.01,8,10712,卖盘
1007,10:41:51,13.39,0.0,6,8034,卖盘
1008,10:41:54,13.39,0.0,1,1339,卖盘
1009,10:42:01,13.39,0.0,7,9373,买盘
1010,10:42:04,13.4,0.01,31,41498,买盘
1011,10:42:06,13.39,-0.01,10,13390,中性盘
1012,10:42:13,13.4,0.01,1,1340,买盘
1013,10:42:16,13.39,-0.01,12,16068,卖盘
1014,10:42:18,13.4,0.01,16,21422,买盘
1015,10:42:21,13.39,-0.01,61,81679,卖盘
1016,10:42:25,13.39,0.0,42,56238,卖盘
1017,10:42:31,13.39,0.0,11,14729,买盘
1018,10:42:34,13.4,0.01,5,6696,买盘
1019,10:42:37,13.39,-0.01,4,5356,买盘
1020,10:42:40,13.38,-0.01,18,24085,卖盘
1021,10:42:42,13.39,0.01,35,46865,买盘
1022,10:42:46,13.39,0.0,5,6695,买盘
1023,10:42:51,13.38,-0.01,70,93660,卖盘
1024,10:42:58,13.39,0.01,25,33475,买盘
1025,10:43:00,13.39,0.0,23,30797,买盘
1026,10:43:04,13.39,0.0,17,22763,买盘
1027,10:43:07,13.39,0.0,23,30797,买盘
1028,10:43:10,13.39,0.0,12,16068,买盘
1029,10:43:16,13.38,-0.01,57,76291,卖盘
1030,10:43:22,13.39,0.01,87,116493,买盘
1031,10:43:28,13.39,0.0,8,10712,卖盘
1032,10:43:31,13.4,0.01,11,14740,买盘
1033,10:43:43,13.39,-0.01,20,26780,卖盘
1034,10:43:45,13.4,0.01,5,6700,买盘
1035,10:43:58,13.39,-0.01,6,8034,卖盘
1036,10:44:01,13.4,0.01,10,13400,买盘
1037,10:44:09,13.4,0.0,23,30808,买盘
1038,10:44:13,13.39,-0.01,20,26780,卖盘
1039,10:44:16,13.39,0.0,22,29459,卖盘
1040,10:44:19,13.4,0.01,13,17409,买盘
1041,10:44:22,13.4,0.0,6,8035,买盘
1042,10:44:25,13.4,0.0,24,32137,买盘
1043,10:44:28,13.39,-0.01,3,4017,卖盘
1044,10:44:31,13.39,0.0,12,16059,买盘
1045,10:44:37,13.4,0.01,18,24117,买盘
1046,10:44:39,13.38,-0.02,22,29439,卖盘
1047,10:44:43,13.4,0.02,11,14740,买盘
1048,10:44:45,13.38,-0.02,8,10704,卖盘
1049,10:44:48,13.38,0.0,16,21409,卖盘
1050,10:44:51,13.38,0.0,50,66913,卖盘
1051,10:44:55,13.4,0.02,10,13400,买盘
1052,10:44:57,13.39,-0.01,22,29458,卖盘
1053,10:45:03,13.39,0.0,1,1339,买盘
1054,10:45:09,13.39,0.0,10,13390,买盘
1055,10:45:15,13.39,0.0,66,88374,买盘
1056,10:45:22,13.39,0.0,25,33475,买盘
1057,10:45:25,13.4,0.01,30,40181,买盘
1058,10:45:39,13.39,-0.01,10,13390,买盘
1059,10:45:43,13.39,0.0,18,24102,买盘
1060,10:45:46,13.4,0.01,31,41512,买盘
1061,10:46:16,13.38,-0.02,22,29436,卖盘
1062,10:46:18,13.39,0.01,1,1339,买盘
1063,10:46:25,13.39,0.0,38,50882,买盘
1064,10:46:49,13.39,0.0,1,1339,买盘
1065,10:46:55,13.39,0.0,2,2678,买盘
1066,10:47:06,13.39,0.0,2,2678,买盘
1067,10:47:16,13.39,0.0,7,9373,买盘
1068,10:47:22,13.39,0.0,1,1339,买盘
1069,10:47:25,13.39,0.0,2,2678,买盘
1070,10:47:31,13.39,0.0,27,36153,买盘
1071,10:47:37,13.39,0.0,3,4017,买盘
1072,10:47:40,13.38,-0.01,40,53520,卖盘
1073,10:47:42,13.39,0.01,2,2678,买盘
1074,10:47:45,13.38,-0.01,30,40140,卖盘
1075,10:47:49,13.39,0.01,3,4017,买盘
1076,10:48:04,13.38,-0.01,60,80280,卖盘
1077,10:48:07,13.39,0.01,1,1339,买盘
1078,10:48:25,13.38,-0.01,10,13380,卖盘
1079,10:48:31,13.39,0.01,3,4017,买盘
1080,10:48:37,13.38,-0.01,10,13380,卖盘
1081,10:48:43,13.39,0.01,2,2678,买盘
1082,10:48:49,13.38,-0.01,7,9366,卖盘
1083,10:48:52,13.39,0.01,4,5356,买盘
1084,10:49:31,13.39,0.0,37,49543,买盘
1085,10:49:37,13.39,0.0,2,2678,买盘
1086,10:49:45,13.4,0.01,9,12052,买盘
1087,10:49:55,13.39,-0.01,23,30798,卖盘
1088,10:49:58,13.4,0.01,6,8035,买盘
1089,10:50:01,13.39,-0.01,25,33475,卖盘
1090,10:50:04,13.4,0.01,4,5357,买盘
1091,10:50:09,13.4,0.0,16,21425,买盘
1092,10:50:18,13.4,0.0,16,21429,买盘
1093,10:50:24,13.39,-0.01,19,25441,卖盘
1094,10:50:28,13.4,0.01,1,1340,买盘
1095,10:50:31,13.39,-0.01,11,14729,卖盘
1096,10:50:33,13.4,0.01,13,17408,买盘
1097,10:50:37,13.39,-0.01,6,8034,卖盘
1098,10:50:40,13.38,-0.01,80,107040,卖盘
1099,10:50:43,13.39,0.01,2,2678,买盘
1100,10:50:57,13.38,-0.01,32,42816,卖盘
1101,10:51:04,13.38,0.0,1,1338,卖盘
1102,10:51:09,13.39,0.01,5,6695,买盘
1103,10:51:31,13.38,-0.01,32,42816,卖盘
1104,10:51:37,13.38,0.0,103,137814,卖盘
1105,10:51:40,13.39,0.01,24,32136,买盘
1106,10:51:42,13.4,0.01,2,2680,买盘
1107,10:51:49,13.39,-0.01,10,13390,卖盘
1108,10:51:52,13.39,0.0,11,14729,买盘
1109,10:51:57,13.39,0.0,15,20085,买盘
1110,10:52:01,13.4,0.01,20,26789,买盘
1111,10:52:16,13.4,0.0,84,112560,买盘
1112,10:52:31,13.38,-0.02,17,22747,卖盘
1113,10:52:34,13.4,0.02,118,158120,买盘
1114,10:52:37,13.41,0.01,2,2682,买盘
1115,10:52:40,13.4,-0.01,2,2680,卖盘
1116,10:52:49,13.38,-0.02,90,120423,卖盘
1117,10:52:52,13.41,0.03,1,1341,买盘
1118,10:52:58,13.4,-0.01,56,74930,买盘
1119,10:53:07,13.39,-0.01,32,42827,中性盘
1120,10:53:10,13.39,0.0,16,21424,买盘
1121,10:53:12,13.39,0.0,13,17407,卖盘
1122,10:53:16,13.4,0.01,20,26800,买盘
1123,10:53:18,13.38,-0.02,50,66934,卖盘
1124,10:53:21,13.39,0.01,1,1339,买盘
1125,10:53:25,13.39,0.0,18,24102,买盘
1126,10:53:31,13.4,0.01,35,46866,买盘
1127,10:53:34,13.39,-0.01,15,20085,卖盘
1128,10:53:37,13.4,0.01,1,1340,买盘
1129,10:53:49,13.39,-0.01,73,97748,卖盘
1130,10:53:52,13.39,0.0,36,48204,买盘
1131,10:53:55,13.39,0.0,17,22765,卖盘
1132,10:53:58,13.39,0.0,7,9374,卖盘
1133,10:54:01,13.4,0.01,10,13391,买盘
1134,10:54:07,13.39,-0.01,16,21424,卖盘
1135,10:54:10,13.4,0.01,2,2680,买盘
1136,10:54:12,13.39,-0.01,50,66950,卖盘
1137,10:54:15,13.4,0.01,1,1340,买盘
1138,10:54:33,13.39,-0.01,36,48204,卖盘
1139,10:54:42,13.4,0.01,1,1340,买盘
1140,10:54:52,13.39,-0.01,56,74984,卖盘
1141,10:54:54,13.4,0.01,1,1340,买盘
1142,10:54:58,13.39,-0.01,98,131222,卖盘
1143,10:55:04,13.4,0.01,7,9380,买盘
1144,10:55:12,13.4,0.0,7,9380,买盘
1145,10:55:19,13.39,-0.01,61,81689,卖盘
1146,10:55:22,13.39,0.0,15,20085,卖盘
1147,10:55:31,13.4,0.01,32,42850,买盘
1148,10:55:40,13.39,-0.01,45,60255,卖盘
1149,10:55:43,13.4,0.01,1,1340,买盘
1150,10:55:52,13.4,0.0,41,54900,买盘
1151,10:56:07,13.4,0.0,31,41510,买盘
1152,10:56:10,13.39,-0.01,6,8034,卖盘
1153,10:56:13,13.4,0.01,1,1340,买盘
1154,10:56:22,13.4,0.0,23,30798,买盘
1155,10:56:28,13.39,-0.01,10,13395,卖盘
1156,10:56:31,13.4,0.01,1,1340,买盘
1157,10:56:36,13.39,-0.01,20,26780,卖盘
1158,10:56:40,13.4,0.01,1,1340,买盘
1159,10:56:43,13.39,-0.01,19,25441,卖盘
1160,10:56:49,13.4,0.01,83,111220,买盘
1161,10:56:51,13.39,-0.01,25,33475,卖盘
1162,10:56:54,13.4,0.01,1,1340,买盘
1163,10:57:01,13.4,0.0,7,9380,买盘
1164,10:57:06,13.39,-0.01,20,26780,卖盘
1165,10:57:13,13.39,0.0,53,70968,卖盘
1166,10:57:25,13.4,0.01,1,1340,买盘
1167,10:57:28,13.4,0.0,106,142014,买盘
1168,10:57:31,13.4,0.0,1,1340,买盘
1169,10:57:34,13.39,-0.01,25,33475,卖盘
1170,10:57:37,13.39,0.0,15,20085,卖盘
1171,10:57:40,13.4,0.01,1,1340,买盘
1172,10:57:43,13.4,0.0,44,58927,买盘
1173,10:57:57,13.4,0.0,15,20093,买盘
1174,10:58:01,13.4,0.0,31,41510,买盘
1175,10:58:10,13.39,-0.01,45,60255,卖盘
1176,10:58:19,13.39,0.0,11,14730,卖盘
1177,10:58:22,13.4,0.01,1,1340,买盘
1178,10:58:25,13.4,0.0,1,1340,买盘
1179,10:58:28,13.4,0.0,16,21425,买盘
1180,10:58:37,13.4,0.0,50,67000,买盘
1181,10:58:40,13.39,-0.01,40,53560,卖盘
1182,10:58:43,13.4,0.01,1,1340,买盘
1183,10:58:49,13.4,0.0,73,97748,买盘
1184,10:59:19,13.4,0.0,56,74985,买盘
1185,10:59:22,13.39,-0.01,58,77662,卖盘
1186,10:59:25,13.4,0.01,14,18754,买盘
1187,10:59:40,13.39,-0.01,12,16068,卖盘
1188,10:59:52,13.39,0.0,1,1339,买盘
1189,10:59:58,13.39,0.0,1,1339,买盘
1190,11:00:01,13.38,-0.01,99,132462,卖盘
1191,11:00:07,13.38,0.0,21,28098,卖盘
1192,11:00:10,13.39,0.01,41,54899,买盘
1193,11:00:13,13.4,0.01,41,54935,买盘
1194,11:00:16,13.39,-0.01,26,34814,卖盘
1195,11:00:19,13.39,0.0,42,56238,卖盘
1196,11:00:22,13.39,0.0,23,30797,买盘
1197,11:00:28,13.39,0.0,175,234325,买盘
1198,11:00:31,13.4,0.01,207,277229,买盘
1199,11:00:34,13.4,0.0,4,5360,卖盘
1200,11:00:37,13.38,-0.02,20,26765,卖盘
1201,11:00:40,13.38,0.0,211,282329,卖盘
1202,11:00:43,13.4,0.02,11,14740,买盘
1203,11:00:46,13.4,0.0,1,1340,买盘
1204,11:00:49,13.4,0.0,20,26800,买盘
1205,11:00:51,13.4,0.0,1,1340,买盘
1206,11:00:58,13.38,-0.02,204,273095,卖盘
1207,11:01:04,13.4,0.02,1,1340,买盘
1208,11:01:13,13.4,0.0,85,113900,买盘
1209,11:01:19,13.38,-0.02,35,46860,卖盘
1210,11:01:22,13.4,0.02,1,1340,买盘
1211,11:01:25,13.4,0.0,23,30798,买盘
1212,11:01:28,13.4,0.0,26,34840,买盘
1213,11:01:46,13.39,-0.01,45,60255,卖盘
1214,11:02:01,13.39,0.0,3,4017,卖盘
1215,11:02:04,13.39,0.0,55,73645,卖盘
1216,11:02:10,13.39,0.0,1,1339,买盘
1217,11:02:16,13.39,0.0,26,34814,买盘
1218,11:02:19,13.39,0.0,49,65611,买盘
1219,11:02:22,13.39,0.0,56,74984,买盘
1220,11:02:27,13.4,0.01,222,297480,买盘
1221,11:02:31,13.4,0.0,1,1340,买盘
1222,11:02:37,13.4,0.0,10,13400,买盘
1223,11:02:40,13.41,0.01,15,20109,买盘
1224,11:03:04,13.4,-0.01,54,72335,买盘
1225,11:03:07,13.4,0.0,4,5360,卖盘
1226,11:03:10,13.4,0.0,2,2680,买盘
1227,11:03:13,13.4,0.0,17,22780,买盘
1228,11:03:16,13.4,0.0,1,1340,买盘
1229,11:03:25,13.41,0.01,21,28150,买盘
1230,11:03:34,13.41,0.0,1,1341,买盘
1231,11:03:40,13.4,-0.01,6,8040,卖盘
1232,11:03:43,13.41,0.01,4,5364,买盘
1233,11:03:46,13.41,0.0,9,12069,买盘
1234,11:03:58,13.4,-0.01,4,5360,卖盘
1235,11:04:10,13.39,-0.01,15,20085,卖盘
1236,11:04:13,13.4,0.01,5,6700,买盘
1237,11:04:16,13.39,-0.01,66,88374,卖盘
1238,11:04:18,13.4,0.01,1,1340,买盘
1239,11:04:25,13.4,0.0,91,121940,买盘
1240,11:04:28,13.41,0.01,1,1341,买盘
1241,11:04:37,13.4,-0.01,15,20100,卖盘
1242,11:04:40,13.4,0.0,4,5360,卖盘
1243,11:04:43,13.4,0.0,1,1340,买盘
1244,11:04:45,13.4,0.0,1,1340,买盘
1245,11:04:51,13.4,0.0,20,26800,买盘
1246,11:04:55,13.4,0.0,3,4020,买盘
1247,11:05:13,13.4,0.0,16,21440,买盘
1248,11:05:16,13.4,0.0,132,176880,买盘
1249,11:05:22,13.4,0.0,1,1340,中性盘
1250,11:05:25,13.39,-0.01,6,8038,卖盘
1251,11:05:28,13.4,0.01,1,1340,买盘
1252,11:05:37,13.4,0.0,15,20100,买盘
1253,11:05:43,13.4,0.0,7,9380,买盘
1254,11:05:55,13.4,0.0,1,1340,买盘
1255,11:05:58,13.4,0.0,1,1340,买盘
1256,11:06:01,13.4,0.0,25,33500,买盘
1257,11:06:22,13.39,-0.01,800,1071200,卖盘
1258,11:06:25,13.4,0.01,2,2680,买盘
1259,11:06:28,13.39,-0.01,5,6695,卖盘
1260,11:06:31,13.4,0.01,1,1340,买盘
1261,11:06:34,13.39,-0.01,100,133900,卖盘
1262,11:06:37,13.4,0.01,1,1340,买盘
1263,11:06:40,13.39,-0.01,104,139256,卖盘
1264,11:06:43,13.39,0.0,4,5356,买盘
1265,11:06:49,13.4,0.01,21,28134,买盘
1266,11:06:55,13.38,-0.02,238,318444,卖盘
1267,11:06:58,13.39,0.01,1,1339,买盘
1268,11:07:01,13.38,-0.01,11,14718,卖盘
1269,11:07:04,13.39,0.01,1,1339,买盘
1270,11:07:10,13.4,0.01,11,14734,买盘
1271,11:07:25,13.4,0.0,7,9380,买盘
1272,11:07:31,13.39,-0.01,20,26790,卖盘
1273,11:07:34,13.39,0.0,2,2678,买盘
1274,11:07:37,13.39,0.0,28,37492,买盘
1275,11:07:40,13.4,0.01,4,5360,买盘
1276,11:07:55,13.39,-0.01,1,1339,卖盘
1277,11:07:58,13.39,0.0,1,1339,买盘
1278,11:08:01,13.39,0.0,7,9373,买盘
1279,11:08:04,13.4,0.01,12,16079,买盘
1280,11:08:07,13.39,-0.01,2,2678,卖盘
1281,11:08:10,13.39,0.0,2,2678,卖盘
1282,11:08:13,13.39,0.0,1,1339,买盘
1283,11:08:19,13.4,0.01,5,6698,买盘
1284,11:08:40,13.4,0.0,13,17408,买盘
1285,11:08:43,13.39,-0.01,6,8034,卖盘
1286,11:08:46,13.4,0.01,3,4020,买盘
1287,11:08:52,13.39,-0.01,41,54929,卖盘
1288,11:08:55,13.4,0.01,1,1340,买盘
1289,11:09:07,13.4,0.0,17,22780,买盘
1290,11:09:10,13.4,0.0,13,17420,买盘
1291,11:09:19,13.39,-0.01,8,10712,卖盘
1292,11:09:22,13.4,0.01,1,1340,买盘
1293,11:09:37,13.39,-0.01,15,20085,卖盘
1294,11:09:39,13.39,0.0,1,1339,买盘
1295,11:09:43,13.39,0.0,1,1339,买盘
1296,11:09:46,13.4,0.01,6,8037,买盘
1297,11:10:01,13.4,0.0,6,8035,买盘
1298,11:10:07,13.39,-0.01,16,21425,卖盘
1299,11:10:10,13.4,0.01,27,36158,买盘
1300,11:10:13,13.39,-0.01,15,20085,卖盘
1301,11:10:16,13.39,0.0,6,8035,卖盘
1302,11:10:19,13.4,0.01,1,1340,买盘
1303,11:10:31,13.4,0.0,9,12052,买盘
1304,11:11:06,13.39,-0.01,9,12051,卖盘
1305,11:11:09,13.4,0.01,1,1340,买盘
1306,11:11:18,13.4,0.0,4,5360,买盘
1307,11:11:25,13.4,0.0,20,26800,买盘
1308,11:11:28,13.4,0.0,18,24120,买盘
1309,11:11:31,13.4,0.0,45,60285,买盘
1310,11:11:34,13.4,0.0,5,6700,买盘
1311,11:11:37,13.4,0.0,4,5360,买盘
1312,11:11:43,13.39,-0.01,9,12053,卖盘
1313,11:11:52,13.4,0.01,3,4020,买盘
1314,11:11:55,13.4,0.0,12,16080,买盘
1315,11:11:57,13.4,0.0,48,64320,买盘
1316,11:12:00,13.4,0.0,15,20100,买盘
1317,11:12:04,13.41,0.01,7,9387,买盘
1318,11:12:07,13.41,0.0,62,83103,买盘
1319,11:12:10,13.4,-0.01,55,73713,卖盘
1320,11:12:13,13.4,0.0,21,28126,买盘
1321,11:12:16,13.4,0.0,3,4020,买盘
1322,11:12:18,13.4,0.0,3,4020,买盘
1323,11:12:28,13.4,0.0,4,5360,买盘
1324,11:12:34,13.4,0.0,4,5360,买盘
1325,11:12:37,13.4,0.0,4,5360,买盘
1326,11:12:40,13.4,0.0,2,2680,买盘
1327,11:12:43,13.4,0.0,10,13393,买盘
1328,11:12:46,13.39,-0.01,9,12051,卖盘
1329,11:12:49,13.4,0.01,1,1340,买盘
1330,11:12:55,13.4,0.0,2,2680,买盘
1331,11:13:04,13.4,0.0,48,64234,买盘
1332,11:13:15,13.39,-0.01,7,9373,卖盘
1333,11:13:19,13.4,0.01,1,1340,买盘
1334,11:13:31,13.4,0.0,7,9380,买盘
1335,11:13:37,13.39,-0.01,19,25441,卖盘
1336,11:13:45,13.4,0.01,1,1340,买盘
1337,11:14:28,13.39,-0.01,9,12051,卖盘
1338,11:14:30,13.4,0.01,1,1340,买盘
1339,11:15:04,13.4,0.0,11,14730,买盘
1340,11:15:13,13.4,0.0,20,26800,买盘
1341,11:15:18,13.4,0.0,29,38860,买盘
1342,11:15:25,13.4,0.0,6,8040,买盘
1343,11:15:31,13.4,0.0,3,4019,买盘
1344,11:15:34,13.39,-0.01,6,8034,卖盘
1345,11:15:37,13.4,0.01,30,40200,买盘
1346,11:15:52,13.39,-0.01,2,2678,卖盘
1347,11:15:58,13.4,0.01,1,1340,买盘
1348,11:16:10,13.38,-0.02,20,26774,卖盘
1349,11:16:22,13.4,0.02,64,85760,买盘
1350,11:16:28,13.38,-0.02,29,38823,卖盘
1351,11:16:31,13.39,0.01,10,13390,中性盘
1352,11:16:34,13.39,0.0,10,13390,卖盘
1353,11:16:46,13.4,0.01,7,9372,买盘
1354,11:16:49,13.4,0.0,9,12060,买盘
1355,11:16:52,13.39,-0.01,30,40195,卖盘
1356,11:16:55,13.4,0.01,5,6700,买盘
1357,11:16:57,13.4,0.0,29,38821,买盘
1358,11:17:04,13.39,-0.01,15,20085,中性盘
1359,11:17:07,13.39,0.0,37,49543,买盘
1360,11:17:10,13.39,0.0,27,36153,买盘
1361,11:17:13,13.4,0.01,2,2680,买盘
1362,11:17:16,13.38,-0.02,244,326483,卖盘
1363,11:17:19,13.38,0.0,600,802800,卖盘
1364,11:17:22,13.38,0.0,25,33455,卖盘
1365,11:17:25,13.4,0.02,21,28100,买盘
1366,11:17:48,13.4,0.0,19,25460,买盘
1367,11:18:10,13.4,0.0,1,1340,买盘
1368,11:18:28,13.4,0.0,19,25460,买盘
1369,11:18:40,13.39,-0.01,7,9374,卖盘
1370,11:18:46,13.4,0.01,1,1340,买盘
1371,11:18:49,13.4,0.0,4,5360,买盘
1372,11:18:52,13.4,0.0,16,21440,买盘
1373,11:18:54,13.4,0.0,5,6700,买盘
1374,11:18:58,13.4,0.0,1,1340,买盘
1375,11:19:19,13.39,-0.01,9,12051,卖盘
1376,11:19:22,13.4,0.01,1,1340,买盘
1377,11:19:37,13.39,-0.01,8,10712,卖盘
1378,11:19:43,13.4,0.01,1,1340,买盘
1379,11:19:49,13.4,0.0,6,8040,买盘
1380,11:19:58,13.4,0.0,11,14740,买盘
1381,11:20:31,13.39,-0.01,1,1339,卖盘
1382,11:20:34,13.4,0.01,1,1340,买盘
1383,11:20:37,13.39,-0.01,18,24112,卖盘
1384,11:20:40,13.39,0.0,1,1339,买盘
1385,11:20:43,13.39,0.0,1,1339,买盘
1386,11:20:48,13.39,0.0,1,1339,买盘
1387,11:20:52,13.38,-0.01,30,40140,卖盘
1388,11:20:58,13.39,0.01,19,25441,买盘
1389,11:21:01,13.38,-0.01,4,5352,卖盘
1390,11:21:04,13.39,0.01,20,26780,买盘
1391,11:21:07,13.4,0.01,99,132594,买盘
1392,11:21:10,13.39,-0.01,30,40170,买盘
1393,11:21:13,13.38,-0.01,6,8031,卖盘
1394,11:21:16,13.4,0.02,23,30820,买盘
1395,11:21:19,13.4,0.0,11,14740,买盘
1396,11:21:46,13.38,-0.02,300,401403,卖盘
1397,11:21:49,13.4,0.02,14,18760,买盘
1398,11:21:52,13.4,0.0,12,16080,买盘
1399,11:21:55,13.4,0.0,10,13400,买盘
1400,11:21:58,13.4,0.0,19,25460,买盘
1401,11:22:01,13.4,0.0,55,73700,买盘
1402,11:22:04,13.4,0.0,8,10720,买盘
1403,11:22:07,13.39,-0.01,16,21426,卖盘
1404,11:22:10,13.39,0.0,3,4017,买盘
1405,11:22:13,13.39,0.0,3,4017,买盘
1406,11:22:19,13.4,0.01,8,10720,买盘
1407,11:22:25,13.4,0.0,17,22780,买盘
1408,11:22:28,13.4,0.0,42,56265,买盘
1409,11:22:31,13.4,0.0,49,65627,买盘
1410,11:22:34,13.4,0.0,35,46888,买盘
1411,11:22:37,13.4,0.0,38,50920,买盘
1412,11:22:40,13.4,0.0,54,72396,买盘
1413,11:22:43,13.41,0.01,97,130028,买盘
1414,11:22:46,13.4,-0.01,59,79114,中性盘
1415,11:22:49,13.41,0.01,34,45549,买盘
1416,11:22:52,13.41,0.0,124,165987,买盘
1417,11:22:55,13.4,-0.01,45,60286,买盘
1418,11:22:58,13.4,0.0,11,14740,买盘
1419,11:23:01,13.41,0.01,27,36162,买盘
1420,11:23:04,13.39,-0.02,21,28129,卖盘
1421,11:23:07,13.4,0.01,13,17415,买盘
1422,11:23:10,13.4,0.0,9,12060,买盘
1423,11:23:12,13.39,-0.01,39,52251,卖盘
1424,11:23:16,13.4,0.01,38,50915,买盘
1425,11:23:19,13.4,0.0,31,41540,买盘
1426,11:23:22,13.41,0.01,106,142122,买盘
1427,11:23:25,13.41,0.0,83,111303,买盘
1428,11:23:28,13.42,0.01,248,332680,买盘
1429,11:23:31,13.41,-0.01,171,229457,中性盘
1430,11:23:33,13.42,0.01,82,109976,买盘
1431,11:23:37,13.39,-0.03,5,6696,卖盘
1432,11:23:46,13.41,0.02,1,1341,买盘
1433,11:23:55,13.4,-0.01,3,4020,买盘
1434,11:24:01,13.4,0.0,3,4020,买盘
1435,11:24:04,13.4,0.0,10,13400,买盘
1436,11:24:22,13.4,0.0,1,1340,买盘
1437,11:24:30,13.39,-0.01,23,30797,卖盘
1438,11:24:33,13.4,0.01,14,18760,买盘
1439,11:24:36,13.39,-0.01,33,44187,卖盘
1440,11:24:39,13.4,0.01,1,1340,买盘
1441,11:24:51,13.4,0.0,1,1340,买盘
1442,11:25:01,13.39,-0.01,20,26780,卖盘
1443,11:25:10,13.4,0.01,15,20100,买盘
1444,11:25:16,13.4,0.0,12,16080,买盘
1445,11:25:25,13.4,0.0,14,18760,买盘
1446,11:25:33,13.39,-0.01,33,44187,卖盘
1447,11:25:36,13.39,0.0,3,4017,卖盘
1448,11:25:42,13.4,0.01,1,1340,买盘
1449,11:25:45,13.4,0.0,8,10720,买盘
1450,11:26:06,13.39,-0.01,36,48204,卖盘
1451,11:26:09,13.4,0.01,1,1340,买盘
1452,11:26:16,13.39,-0.01,10,13390,卖盘
1453,11:26:19,13.39,0.0,16,21424,卖盘
1454,11:26:22,13.39,0.0,9,12051,卖盘
1455,11:26:28,13.4,0.01,1,1340,买盘
1456,11:26:45,13.4,0.0,12,16080,买盘
1457,11:26:48,13.39,-0.01,4,5356,卖盘
1458,11:26:51,13.39,0.0,1,1339,买盘
1459,11:26:55,13.4,0.01,11,14730,买盘
1460,11:27:01,13.4,0.0,9,12060,买盘
1461,11:27:06,13.4,0.0,22,29480,买盘
1462,11:27:49,13.4,0.0,11,14740,买盘
1463,11:28:13,13.4,0.0,3,4020,买盘
1464,11:28:28,13.39,-0.01,15,20085,卖盘
1465,11:28:31,13.39,0.0,15,20085,卖盘
1466,11:28:40,13.39,0.0,10,13390,卖盘
1467,11:28:43,13.39,0.0,23,30808,卖盘
1468,11:28:52,13.39,0.0,7,9373,卖盘
1469,11:28:55,13.4,0.01,1,1340,买盘
1470,11:29:09,13.4,0.0,38,50920,买盘
1471,11:29:12,13.39,-0.01,1,1339,卖盘
1472,11:29:22,13.39,0.0,25,33475,卖盘
1473,11:29:24,13.39,0.0,5,6695,卖盘
1474,11:29:27,13.4,0.01,1,1340,买盘
1475,11:29:37,13.39,-0.01,5,6695,买盘
1476,11:29:40,13.38,-0.01,25,33458,卖盘
1477,11:29:43,13.38,0.0,55,73633,卖盘
1478,11:29:46,13.4,0.02,17,22748,买盘
1479,11:29:48,13.39,-0.01,25,33475,中性盘
1480,11:29:51,13.39,0.0,21,28120,卖盘
1481,11:29:55,13.39,0.0,1,1339,买盘
1482,11:29:57,13.39,0.0,1,1339,买盘
1483,11:30:04,13.38,-0.01,100,133800,卖盘
1484,13:00:05,13.39,0.01,86,115154,买盘
1485,13:00:07,13.39,0.0,23,30797,中性盘
1486,13:00:10,13.4,0.01,1,1340,买盘
1487,13:00:13,13.4,0.0,2,2680,买盘
1488,13:00:16,13.4,0.0,22,29480,买盘
1489,13:00:19,13.39,-0.01,41,54916,卖盘
1490,13:00:22,13.39,0.0,49,65628,卖盘
1491,13:00:24,13.39,0.0,1,1339,买盘
1492,13:00:33,13.38,-0.01,57,76267,卖盘
1493,13:00:36,13.39,0.01,2,2678,买盘
1494,13:00:40,13.39,0.0,13,17407,买盘
1495,13:00:43,13.39,0.0,5,6695,买盘
1496,13:00:46,13.39,0.0,3,4017,买盘
1497,13:00:49,13.39,0.0,40,53560,买盘
1498,13:00:55,13.39,0.0,3,4017,买盘
1499,13:00:57,13.39,0.0,15,20085,买盘
1500,13:01:00,13.39,0.0,3,4017,买盘
1501,13:01:04,13.4,0.01,35,46883,买盘
1502,13:01:09,13.39,-0.01,1,1339,买盘
1503,13:01:15,13.39,0.0,1,1339,买盘
1504,13:01:19,13.39,0.0,4,5356,买盘
1505,13:01:21,13.39,0.0,1,1339,买盘
1506,13:01:25,13.39,0.0,2,2678,买盘
1507,13:01:40,13.39,0.0,2,2678,买盘
1508,13:01:43,13.39,0.0,1,1339,买盘
1509,13:02:00,13.38,-0.01,37,49508,卖盘
1510,13:02:04,13.39,0.01,1,1339,买盘
1511,13:02:10,13.39,0.0,23,30775,买盘
1512,13:02:15,13.39,0.0,4,5356,买盘
1513,13:02:18,13.39,0.0,3,4017,买盘
1514,13:02:33,13.39,0.0,6,8034,买盘
1515,13:03:16,13.39,0.0,55,73645,买盘
1516,13:03:19,13.39,0.0,1,1339,买盘
1517,13:03:22,13.39,0.0,13,17407,买盘
1518,13:03:28,13.39,0.0,12,16068,买盘
1519,13:03:31,13.39,0.0,13,17407,买盘
1520,13:03:34,13.4,0.01,45,60293,买盘
1521,13:03:39,13.39,-0.01,8,10712,卖盘
1522,13:03:42,13.4,0.01,1,1340,买盘
1523,13:03:48,13.4,0.0,1,1340,买盘
1524,13:04:37,13.39,-0.01,9,12051,卖盘
1525,13:04:43,13.4,0.01,2,2680,买盘
1526,13:04:52,13.39,-0.01,7,9373,卖盘
1527,13:05:07,13.39,0.0,10,13394,卖盘
1528,13:05:12,13.39,0.0,1,1339,卖盘
1529,13:05:22,13.39,0.0,2,2678,买盘
1530,13:05:25,13.39,0.0,5,6695,买盘
1531,13:05:27,13.4,0.01,10,13392,买盘
1532,13:05:31,13.38,-0.02,45,60210,卖盘
1533,13:05:33,13.39,0.01,1,1339,中性盘
1534,13:05:40,13.39,0.0,3,4017,买盘
1535,13:05:46,13.39,0.0,2,2678,买盘
1536,13:05:49,13.39,0.0,10,13390,买盘
1537,13:05:51,13.38,-0.01,79,105754,卖盘
1538,13:05:54,13.4,0.02,149,199660,买盘
1539,13:05:58,13.41,0.01,11,14751,买盘
1540,13:06:00,13.4,-0.01,11,14745,卖盘
1541,13:06:04,13.41,0.01,22,29490,买盘
1542,13:06:25,13.39,-0.02,7,9373,卖盘
1543,13:06:28,13.39,0.0,12,16070,卖盘
1544,13:06:31,13.39,0.0,9,12051,买盘
1545,13:06:34,13.39,0.0,31,41509,买盘
1546,13:06:40,13.39,0.0,55,73645,买盘
1547,13:06:43,13.4,0.01,135,180888,买盘
1548,13:06:55,13.4,0.0,83,111191,买盘
1549,13:06:57,13.4,0.0,29,38849,买盘
1550,13:07:04,13.4,0.0,3,4020,买盘
1551,13:07:10,13.38,-0.02,12,16056,卖盘
1552,13:07:16,13.39,0.01,18,24102,买盘
1553,13:07:18,13.38,-0.01,38,50854,卖盘
1554,13:07:22,13.38,0.0,139,186061,卖盘
1555,13:07:25,13.4,0.02,131,175540,买盘
1556,13:07:27,13.39,-0.01,37,49523,买盘
1557,13:07:34,13.38,-0.01,109,145863,卖盘
1558,13:07:40,13.4,0.02,45,60257,买盘
1559,13:07:52,13.39,-0.01,8,10712,卖盘
1560,13:07:54,13.38,-0.01,23,30776,卖盘
1561,13:07:58,13.39,0.01,108,144524,中性盘
1562,13:08:07,13.38,-0.01,98,131134,卖盘
1563,13:08:10,13.38,0.0,75,100390,卖盘
1564,13:08:13,13.38,0.0,19,25422,卖盘
1565,13:08:15,13.4,0.02,60,80355,买盘
1566,13:08:25,13.38,-0.02,50,66900,卖盘
1567,13:08:31,13.39,0.01,1,1339,买盘
1568,13:08:40,13.38,-0.01,26,34788,卖盘
1569,13:08:43,13.4,0.02,99,132577,买盘
1570,13:08:46,13.39,-0.01,5,6695,买盘
1571,13:08:49,13.38,-0.01,22,29436,卖盘
1572,13:08:52,13.39,0.01,35,46865,买盘
1573,13:08:55,13.38,-0.01,42,56244,卖盘
1574,13:08:57,13.38,0.0,10,13380,卖盘
1575,13:09:00,13.39,0.01,10,13390,买盘
1576,13:09:04,13.39,0.0,22,29458,买盘
1577,13:09:09,13.39,0.0,5,6695,买盘
1578,13:09:13,13.38,-0.01,29,38819,卖盘
1579,13:09:22,13.39,0.01,1,1339,买盘
1580,13:09:31,13.38,-0.01,59,78942,卖盘
1581,13:09:33,13.39,0.01,2,2678,买盘
1582,13:09:49,13.39,0.0,120,160680,买盘
1583,13:09:52,13.39,0.0,23,30797,卖盘
1584,13:09:55,13.39,0.0,2,2678,买盘
1585,13:09:58,13.39,0.0,12,16068,买盘
1586,13:10:01,13.39,0.0,12,16068,买盘
1587,13:10:04,13.38,-0.01,36,48168,卖盘
1588,13:10:07,13.39,0.01,77,103103,买盘
1589,13:10:21,13.39,0.0,58,77662,买盘
1590,13:10:25,13.4,0.01,455,609675,买盘
1591,13:10:28,13.4,0.0,2,2680,买盘
1592,13:10:46,13.4,0.0,2,2680,买盘
1593,13:10:55,13.4,0.0,31,41480,买盘
1594,13:11:04,13.4,0.0,160,214400,买盘
1595,13:11:10,13.4,0.0,3,4020,买盘
1596,13:11:22,13.4,0.0,31,41480,买盘
1597,13:11:25,13.38,-0.02,20,26780,卖盘
1598,13:11:28,13.4,0.02,2,2680,买盘
1599,13:11:31,13.38,-0.02,125,167250,卖盘
1600,13:11:34,13.39,0.01,1,1339,买盘
1601,13:11:37,13.39,0.0,30,40170,买盘
1602,13:11:40,13.39,0.0,20,26780,买盘
1603,13:11:43,13.39,0.0,11,14729,买盘
1604,13:11:48,13.39,0.0,10,13390,买盘
1605,13:11:58,13.39,0.0,8,10706,买盘
1606,13:12:01,13.39,0.0,8,10705,买盘
1607,13:12:15,13.39,0.0,2,2678,买盘
1608,13:12:22,13.39,0.0,3,4017,买盘
1609,13:12:34,13.39,0.0,12,16068,买盘
1610,13:12:45,13.38,-0.01,6,8028,卖盘
1611,13:12:58,13.39,0.01,1,1339,买盘
1612,13:13:04,13.39,0.0,2,2678,买盘
1613,13:13:07,13.39,0.0,21,28101,买盘
1614,13:13:12,13.38,-0.01,7,9366,卖盘
1615,13:13:16,13.39,0.01,1,1339,买盘
1616,13:13:22,13.39,0.0,21,28119,买盘
1617,13:13:24,13.39,0.0,19,25441,买盘
1618,13:13:27,13.39,0.0,3,4017,买盘
1619,13:13:33,13.39,0.0,1,1339,买盘
1620,13:13:37,13.39,0.0,11,14729,买盘
1621,13:13:43,13.38,-0.01,31,41478,卖盘
1622,13:13:55,13.39,0.01,38,50849,买盘
1623,13:13:58,13.39,0.0,2,2678,买盘
1624,13:14:09,13.38,-0.01,13,17394,卖盘
1625,13:14:12,13.39,0.01,3,4017,买盘
1626,13:14:18,13.39,0.0,33,44155,买盘
1627,13:14:28,13.39,0.0,5,6693,买盘
1628,13:14:52,13.38,-0.01,34,45492,卖盘
1629,13:14:55,13.39,0.01,16,21424,买盘
1630,13:15:01,13.38,-0.01,100,133800,卖盘
1631,13:15:15,13.38,0.0,22,29436,卖盘
1632,13:15:18,13.39,0.01,2,2678,买盘
1633,13:15:34,13.38,-0.01,67,89683,卖盘
1634,13:15:39,13.38,0.0,23,30776,卖盘
1635,13:15:43,13.38,0.0,15,20070,卖盘
1636,13:15:45,13.39,0.01,1,1339,买盘
1637,13:15:52,13.38,-0.01,31,41478,卖盘
1638,13:15:55,13.39,0.01,3,4017,买盘
1639,13:15:58,13.38,-0.01,100,133800,卖盘
1640,13:16:01,13.39,0.01,2,2678,买盘
1641,13:16:06,13.39,0.0,1,1339,买盘
1642,13:16:09,13.38,-0.01,13,17394,卖盘
1643,13:16:13,13.39,0.01,2,2678,买盘
1644,13:16:22,13.38,-0.01,30,40140,卖盘
1645,13:16:25,13.39,0.01,3,4017,买盘
1646,13:16:42,13.39,0.0,16,21424,买盘
1647,13:16:46,13.39,0.0,14,18733,买盘
1648,13:16:55,13.38,-0.01,12,16056,卖盘
1649,13:16:58,13.38,0.0,4,5354,卖盘
1650,13:17:01,13.39,0.01,19,25423,买盘
1651,13:17:15,13.38,-0.01,15,20070,卖盘
1652,13:17:19,13.39,0.01,3,4017,买盘
1653,13:17:22,13.39,0.0,12,16057,买盘
1654,13:17:30,13.39,0.0,33,44156,买盘
1655,13:17:40,13.38,-0.01,10,13380,卖盘
1656,13:17:43,13.38,0.0,10,13381,卖盘
1657,13:17:46,13.38,0.0,12,16059,卖盘
1658,13:17:49,13.39,0.01,1,1339,买盘
1659,13:18:04,13.39,0.0,22,29438,买盘
1660,13:18:10,13.39,0.0,11,14719,买盘
1661,13:18:12,13.38,-0.01,220,294360,卖盘
1662,13:18:15,13.39,0.01,16,21410,买盘
1663,13:18:22,13.38,-0.01,83,111054,卖盘
1664,13:18:25,13.39,0.01,1,1339,买盘
1665,13:18:45,13.38,-0.01,10,13380,卖盘
1666,13:18:51,13.39,0.01,2,2678,买盘
1667,13:18:57,13.39,0.0,20,26768,买盘
1668,13:19:01,13.38,-0.01,11,14718,卖盘
1669,13:19:04,13.39,0.01,1,1339,买盘
1670,13:19:09,13.38,-0.01,7,9366,卖盘
1671,13:19:13,13.39,0.01,2,2678,买盘
1672,13:19:16,13.38,-0.01,9,12042,卖盘
1673,13:19:19,13.39,0.01,1,1339,买盘
1674,13:19:22,13.38,-0.01,8,10704,卖盘
1675,13:19:25,13.39,0.01,2,2678,买盘
1676,13:19:34,13.39,0.0,3,4017,买盘
1677,13:19:55,13.38,-0.01,11,14718,卖盘
1678,13:19:58,13.38,0.0,5,6690,卖盘
1679,13:20:04,13.39,0.01,2,2678,买盘
1680,13:20:10,13.38,-0.01,9,12042,卖盘
1681,13:20:22,13.39,0.01,1,1339,买盘
1682,13:20:34,13.38,-0.01,12,16056,卖盘
1683,13:20:37,13.39,0.01,1,1339,买盘
1684,13:20:52,13.38,-0.01,11,14721,卖盘
1685,13:20:55,13.39,0.01,3,4017,买盘
1686,13:21:10,13.38,-0.01,9,12042,卖盘
1687,13:21:16,13.39,0.01,1,1339,买盘
1688,13:21:19,13.38,-0.01,20,26762,卖盘
1689,13:21:22,13.39,0.01,3,4017,买盘
1690,13:21:49,13.38,-0.01,29,38811,卖盘
1691,13:21:52,13.38,0.0,29,38819,卖盘
1692,13:21:58,13.38,0.0,5,6690,卖盘
1693,13:22:00,13.39,0.01,1,1339,买盘
1694,13:22:19,13.39,0.0,44,58916,买盘
1695,13:22:43,13.39,0.0,46,61594,买盘
1696,13:22:46,13.38,-0.01,11,14718,卖盘
1697,13:22:52,13.39,0.01,2,2678,买盘
1698,13:22:58,13.39,0.0,10,13390,买盘
1699,13:23:04,13.38,-0.01,13,17394,卖盘
1700,13:23:06,13.39,0.01,1,1339,买盘
1701,13:23:28,13.38,-0.01,10,13382,卖盘
1702,13:23:30,13.39,0.01,2,2678,买盘
1703,13:23:39,13.39,0.0,6,8029,买盘
1704,13:23:49,13.39,0.0,5,6695,买盘
1705,13:23:58,13.38,-0.01,44,58889,卖盘
1706,13:24:01,13.39,0.01,2,2678,买盘
1707,13:24:04,13.39,0.0,4,5356,买盘
1708,13:24:07,13.39,0.0,18,24102,买盘
1709,13:24:10,13.39,0.0,62,82958,买盘
1710,13:24:13,13.39,0.0,49,65566,买盘
1711,13:24:22,13.38,-0.01,23,30774,卖盘
1712,13:24:25,13.39,0.01,2,2678,买盘
1713,13:24:28,13.38,-0.01,16,21408,卖盘
1714,13:24:34,13.39,0.01,4,5356,买盘
1715,13:24:37,13.39,0.0,2,2678,买盘
1716,13:24:40,13.39,0.0,46,61594,买盘
1717,13:24:49,13.38,-0.01,11,14718,卖盘
1718,13:24:51,13.39,0.01,2,2678,买盘
1719,13:24:55,13.39,0.0,22,29445,买盘
1720,13:24:58,13.38,-0.01,9,12042,卖盘
1721,13:25:01,13.39,0.01,2,2678,买盘
1722,13:25:10,13.39,0.0,119,159223,买盘
1723,13:25:13,13.39,0.0,10,13390,买盘
1724,13:25:15,13.38,-0.01,65,86970,卖盘
1725,13:25:18,13.39,0.01,6,8034,买盘
1726,13:25:37,13.39,0.0,4,5356,买盘
1727,13:25:43,13.38,-0.01,11,14718,卖盘
1728,13:25:46,13.39,0.01,4,5356,买盘
1729,13:25:55,13.38,-0.01,8,10704,卖盘
1730,13:25:58,13.39,0.01,2,2678,买盘
1731,13:26:01,13.39,0.0,5,6695,买盘
1732,13:26:13,13.39,0.0,21,28101,买盘
1733,13:26:22,13.38,-0.01,10,13380,卖盘
1734,13:26:24,13.39,0.01,10,13390,买盘
1735,13:26:36,13.38,-0.01,30,40140,卖盘
1736,13:26:43,13.38,0.0,26,34788,卖盘
1737,13:26:45,13.38,0.0,11,14718,卖盘
1738,13:26:49,13.39,0.01,2,2678,买盘
1739,13:26:52,13.39,0.0,5,6695,买盘
1740,13:27:04,13.38,-0.01,16,21408,卖盘
1741,13:27:07,13.39,0.01,1,1339,买盘
1742,13:27:12,13.39,0.0,2,2678,买盘
1743,13:27:25,13.38,-0.01,5,6690,卖盘
1744,13:27:31,13.38,0.0,150,200700,卖盘
1745,13:27:36,13.39,0.01,10,13390,买盘
1746,13:28:01,13.39,0.0,46,61549,买盘
1747,13:28:07,13.39,0.0,112,149858,买盘
1748,13:28:16,13.39,0.0,6,8034,买盘
1749,13:28:18,13.39,0.0,75,100360,买盘
1750,13:28:25,13.39,0.0,130,173950,买盘
1751,13:28:28,13.38,-0.01,114,152547,卖盘
1752,13:28:31,13.39,0.01,26,34814,买盘
1753,13:28:34,13.38,-0.01,139,185990,卖盘
1754,13:28:36,13.39,0.01,1,1339,买盘
1755,13:28:39,13.38,-0.01,33,44154,卖盘
1756,13:28:43,13.38,0.0,152,203378,卖盘
1757,13:28:46,13.39,0.01,1,1339,买盘
1758,13:28:49,13.38,-0.01,20,26760,卖盘
1759,13:28:55,13.38,0.0,88,117744,卖盘
1760,13:28:58,13.39,0.01,2,2678,买盘
1761,13:29:01,13.39,0.0,3,4017,买盘
1762,13:29:10,13.39,0.0,46,61549,买盘
1763,13:29:16,13.39,0.0,10,13390,买盘
1764,13:29:28,13.39,0.0,10,13390,买盘
1765,13:29:31,13.38,-0.01,40,53520,卖盘
1766,13:29:33,13.38,0.0,70,93660,卖盘
1767,13:29:40,13.38,0.0,24,32112,卖盘
1768,13:29:43,13.39,0.01,1,1339,买盘
1769,13:29:46,13.38,-0.01,26,34788,卖盘
1770,13:29:49,13.39,0.01,2,2678,买盘
1771,13:29:52,13.39,0.0,3,4017,买盘
1772,13:30:19,13.38,-0.01,190,254320,卖盘
1773,13:30:22,13.39,0.01,1,1339,买盘
1774,13:30:25,13.38,-0.01,31,41478,卖盘
1775,13:30:28,13.39,0.01,23,30797,买盘
1776,13:30:31,13.39,0.0,14,18742,买盘
1777,13:30:33,13.39,0.0,2,2678,买盘
1778,13:30:36,13.39,0.0,4,5356,买盘
1779,13:30:40,13.38,-0.01,99,132462,卖盘
1780,13:30:43,13.39,0.01,76,101689,买盘
1781,13:30:46,13.38,-0.01,82,109716,卖盘
1782,13:30:49,13.39,0.01,3,4017,买盘
1783,13:30:52,13.39,0.0,59,78951,买盘
1784,13:31:01,13.39,0.0,48,64226,买盘
1785,13:31:04,13.39,0.0,4,5356,买盘
1786,13:31:07,13.39,0.0,40,53521,买盘
1787,13:31:10,13.39,0.0,89,119085,买盘
1788,13:31:16,13.38,-0.01,8,10705,卖盘
1789,13:31:19,13.39,0.01,34,45504,买盘
1790,13:31:25,13.39,0.0,14,18746,买盘
1791,13:31:30,13.38,-0.01,113,151219,卖盘
1792,13:31:34,13.38,0.0,26,34789,卖盘
1793,13:31:37,13.39,0.01,2,2678,买盘
1794,13:32:10,13.39,0.0,2,2678,买盘
1795,13:32:16,13.39,0.0,222,297037,买盘
1796,13:32:28,13.39,0.0,13,17407,买盘
1797,13:32:52,13.38,-0.01,10,13380,卖盘
1798,13:32:58,13.39,0.01,1,1339,买盘
1799,13:33:10,13.39,0.0,10,13390,买盘
1800,13:33:34,13.38,-0.01,260,347880,卖盘
1801,13:33:37,13.39,0.01,2,2678,买盘
1802,13:33:40,13.38,-0.01,46,61548,卖盘
1803,13:33:43,13.38,0.0,21,28099,卖盘
1804,13:33:45,13.39,0.01,2,2678,买盘
1805,13:34:16,13.39,0.0,35,46853,买盘
1806,13:34:18,13.39,0.0,10,13390,买盘
1807,13:34:22,13.39,0.0,20,26780,买盘
1808,13:34:25,13.38,-0.01,70,93674,卖盘
1809,13:34:27,13.38,0.0,50,66901,卖盘
1810,13:34:30,13.39,0.01,2,2678,买盘
1811,13:34:33,13.38,-0.01,25,33450,卖盘
1812,13:34:37,13.38,0.0,11,14719,卖盘
1813,13:34:40,13.39,0.01,57,76268,买盘
1814,13:34:58,13.38,-0.01,40,53520,卖盘
1815,13:35:00,13.38,0.0,15,20070,卖盘
1816,13:35:04,13.38,0.0,11,14718,卖盘
1817,13:35:07,13.39,0.01,1,1339,买盘
1818,13:35:13,13.38,-0.01,33,44154,卖盘
1819,13:35:16,13.38,0.0,1,1338,卖盘
1820,13:35:22,13.38,0.0,41,54858,卖盘
1821,13:35:24,13.39,0.01,16,21412,买盘
1822,13:35:31,13.38,-0.01,50,66900,卖盘
1823,13:35:37,13.38,0.0,12,16056,卖盘
1824,13:35:46,13.39,0.01,1,1339,买盘
1825,13:35:51,13.39,0.0,5,6695,买盘
1826,13:35:58,13.38,-0.01,28,37464,卖盘
1827,13:36:01,13.39,0.01,2,2678,买盘
1828,13:36:04,13.38,-0.01,16,21408,卖盘
1829,13:36:07,13.39,0.01,10,13390,买盘
1830,13:36:22,13.38,-0.01,8,10704,卖盘
1831,13:36:25,13.38,0.0,32,42818,卖盘
1832,13:36:28,13.39,0.01,1,1339,买盘
1833,13:36:34,13.41,0.02,715,958110,买盘
1834,13:36:39,13.41,0.0,46,61686,卖盘
1835,13:36:42,13.41,0.0,2,2682,买盘
1836,13:36:45,13.38,-0.03,56,74928,卖盘
1837,13:36:48,13.41,0.03,17,22786,买盘
1838,13:36:52,13.41,0.0,1,1341,买盘
1839,13:36:54,13.38,-0.03,4,5352,卖盘
1840,13:36:58,13.4,0.02,36,48174,买盘
1841,13:37:01,13.4,0.0,23,30778,买盘
1842,13:37:04,13.4,0.0,4,5354,买盘
1843,13:37:06,13.39,-0.01,10,13390,卖盘
1844,13:37:10,13.39,0.0,12,16070,卖盘
1845,13:37:13,13.39,0.0,1,1339,买盘
1846,13:37:15,13.39,0.0,2,2678,买盘
1847,13:37:19,13.39,0.0,55,73605,买盘
1848,13:37:22,13.39,0.0,25,33460,买盘
1849,13:37:25,13.4,0.01,14,18760,买盘
1850,13:38:15,13.38,-0.02,9,12042,卖盘
1851,13:38:18,13.39,0.01,1,1339,买盘
1852,13:38:24,13.38,-0.01,22,29436,卖盘
1853,13:38:27,13.39,0.01,102,136578,买盘
1854,13:38:31,13.4,0.01,29,38859,买盘
1855,13:38:39,13.39,-0.01,2,2678,卖盘
1856,13:38:46,13.39,0.0,1,1339,买盘
1857,13:38:49,13.39,0.0,20,26780,买盘
1858,13:38:52,13.39,0.0,10,13390,买盘
1859,13:38:54,13.39,0.0,12,16068,买盘
1860,13:39:19,13.38,-0.01,10,13380,卖盘
1861,13:39:22,13.39,0.01,22,29438,买盘
1862,13:39:25,13.38,-0.01,10,13380,卖盘
1863,13:39:31,13.39,0.01,1,1339,买盘
1864,13:39:42,13.39,0.0,2,2678,买盘
1865,13:39:55,13.38,-0.01,8,10704,卖盘
1866,13:39:58,13.39,0.01,2,2678,买盘
1867,13:40:01,13.38,-0.01,66,88308,卖盘
1868,13:40:04,13.39,0.01,1,1339,买盘
1869,13:40:07,13.39,0.0,25,33452,买盘
1870,13:40:22,13.38,-0.01,11,14718,卖盘
1871,13:40:25,13.39,0.01,1,1339,买盘
1872,13:40:45,13.38,-0.01,7,9366,卖盘
1873,13:40:52,13.39,0.01,6,8031,买盘
1874,13:40:55,13.38,-0.01,10,13380,卖盘
1875,13:41:04,13.39,0.01,4,5356,买盘
1876,13:41:13,13.38,-0.01,25,33450,卖盘
1877,13:41:16,13.39,0.01,1,1339,买盘
1878,13:41:25,13.38,-0.01,30,40140,卖盘
1879,13:41:28,13.38,0.0,61,81620,卖盘
1880,13:41:34,13.38,0.0,10,13380,卖盘
1881,13:41:37,13.39,0.01,2,2678,买盘
1882,13:41:46,13.38,-0.01,11,14718,卖盘
1883,13:41:49,13.38,0.0,40,53520,卖盘
1884,13:41:52,13.39,0.01,27,36128,买盘
1885,13:41:55,13.39,0.0,1,1339,买盘
1886,13:41:58,13.38,-0.01,36,48168,卖盘
1887,13:42:01,13.38,0.0,63,84294,卖盘
1888,13:42:03,13.39,0.01,2,2678,买盘
1889,13:42:22,13.38,-0.01,56,74928,卖盘
1890,13:42:40,13.4,0.02,243,325479,买盘
1891,13:42:42,13.41,0.01,116,155504,买盘
1892,13:42:46,13.41,0.0,175,234669,买盘
1893,13:42:49,13.45,0.04,2226,2989773,买盘
1894,13:42:52,13.48,0.03,1606,2162316,买盘
1895,13:42:57,13.5,0.02,2447,3302899,买盘
1896,13:43:01,13.5,0.0,197,265952,卖盘
1897,13:43:04,13.5,0.0,55,74250,卖盘
1898,13:43:06,13.5,0.0,490,660420,卖盘
1899,13:43:09,13.5,0.0,215,290165,买盘
1900,13:43:12,13.49,-0.01,50,67410,中性盘
1901,13:43:15,13.51,0.02,592,800362,买盘
1902,13:43:19,13.48,-0.03,113,151381,卖盘
1903,13:43:22,13.48,0.0,306,413138,卖盘
1904,13:43:24,13.49,0.01,224,302796,中性盘
1905,13:43:27,13.49,0.0,187,252463,买盘
1906,13:43:30,13.5,0.01,232,313321,中性盘
1907,13:43:33,13.53,0.03,591,800003,买盘
1908,13:43:36,13.49,-0.04,272,367974,卖盘
1909,13:43:40,13.53,0.04,421,568026,买盘
1910,13:43:42,13.52,-0.01,334,451709,中性盘
1911,13:43:46,13.52,0.0,3196,4331571,买盘
1912,13:43:49,13.52,0.0,523,706896,买盘
1913,13:43:52,13.6,0.08,2192,2976953,买盘
1914,13:43:55,13.6,0.0,252,342078,买盘
1915,13:43:57,13.59,-0.01,440,598237,中性盘
1916,13:44:01,13.58,-0.01,472,641011,卖盘
1917,13:44:04,13.59,0.01,207,281415,买盘
1918,13:44:06,13.59,0.0,249,338154,卖盘
1919,13:44:10,13.59,0.0,237,322080,买盘
1920,13:44:13,13.59,0.0,232,314982,买盘
1921,13:44:16,13.6,0.01,530,719166,买盘
1922,13:44:19,13.59,-0.01,231,314022,买盘
1923,13:44:22,13.6,0.01,339,460856,买盘
1924,13:44:25,13.56,-0.04,322,437203,卖盘
1925,13:44:28,13.58,0.02,223,302700,买盘
1926,13:44:30,13.58,0.0,112,151996,买盘
1927,13:44:33,13.56,-0.02,110,149262,卖盘
1928,13:44:36,13.57,0.01,305,413551,买盘
1929,13:44:39,13.56,-0.01,49,66470,中性盘
1930,13:44:42,13.56,0.0,70,94761,买盘
1931,13:44:45,13.53,-0.03,86,116421,买盘
1932,13:44:49,13.56,0.03,451,611063,买盘
1933,13:44:51,13.53,-0.03,535,725166,中性盘
1934,13:44:55,13.53,0.0,178,240844,卖盘
1935,13:44:58,13.52,-0.01,175,236733,卖盘
1936,13:45:01,13.56,0.04,155,209788,买盘
1937,13:45:04,13.53,-0.03,13,17589,买盘
1938,13:45:07,13.51,-0.02,31,41891,卖盘
1939,13:45:10,13.51,0.0,107,144557,买盘
1940,13:45:13,13.5,-0.01,49,66150,卖盘
1941,13:45:16,13.5,0.0,105,141733,买盘
1942,13:45:19,13.5,0.0,154,207900,买盘
1943,13:45:22,13.51,0.01,268,361852,买盘
1944,13:45:25,13.5,-0.01,112,151237,中性盘
1945,13:45:28,13.51,0.01,139,187631,买盘
1946,13:45:30,13.52,0.01,234,316030,买盘
1947,13:45:34,13.52,0.0,109,147187,买盘
1948,13:45:37,13.52,0.0,349,471542,买盘
1949,13:45:40,13.5,-0.02,118,159338,卖盘
1950,13:45:43,13.53,0.03,620,837632,买盘
1951,13:45:45,13.5,-0.03,423,571455,中性盘
1952,13:45:48,13.5,0.0,222,299800,买盘
1953,13:45:52,13.51,0.01,135,182220,中性盘
1954,13:45:54,13.53,0.02,284,383912,买盘
1955,13:45:58,13.53,0.0,155,209715,卖盘
1956,13:46:01,13.53,0.0,762,1030986,卖盘
1957,13:46:04,13.53,0.0,65,87862,卖盘
1958,13:46:07,13.53,0.0,105,142090,买盘
1959,13:46:13,13.51,-0.02,78,105464,卖盘
1960,13:46:16,13.52,0.01,38,51376,买盘
1961,13:46:19,13.52,0.0,107,144598,买盘
1962,13:46:22,13.52,0.0,72,97297,买盘
1963,13:46:25,13.51,-0.01,22,29722,中性盘
1964,13:46:27,13.51,0.0,291,392887,买盘
1965,13:46:30,13.5,-0.01,106,143105,卖盘
1966,13:46:33,13.5,0.0,61,82350,买盘
1967,13:46:37,13.5,0.0,214,288708,买盘
1968,13:46:40,13.49,-0.01,34,45866,卖盘
1969,13:46:43,13.5,0.01,318,429198,买盘
1970,13:46:46,13.49,-0.01,71,95728,中性盘
1971,13:46:49,13.48,-0.01,41,55268,卖盘
1972,13:46:52,13.49,0.01,89,120016,买盘
1973,13:46:55,13.49,0.0,457,616178,买盘
1974,13:46:57,13.5,0.01,308,415639,买盘
1975,13:47:01,13.49,-0.01,50,67450,卖盘
1976,13:47:04,13.5,0.01,139,187558,买盘
1977,13:47:07,13.49,-0.01,48,64757,卖盘
1978,13:47:10,13.47,-0.02,23,30983,卖盘
1979,13:47:12,13.49,0.02,154,207690,买盘
1980,13:47:15,13.48,-0.01,72,97040,卖盘
1981,13:47:19,13.47,-0.01,61,82172,卖盘
1982,13:47:22,13.47,0.0,65,87571,卖盘
1983,13:47:24,13.48,0.01,147,198058,买盘
1984,13:47:28,13.47,-0.01,19,25593,卖盘
1985,13:47:30,13.47,0.0,1,1347,买盘
1986,13:47:34,13.47,0.0,77,103653,买盘
1987,13:47:37,13.46,-0.01,75,100950,卖盘
1988,13:47:39,13.46,0.0,351,472446,卖盘
1989,13:47:42,13.47,0.01,167,224808,买盘
1990,13:47:46,13.46,-0.01,10,13460,中性盘
1991,13:47:49,13.46,0.0,5,6730,买盘
1992,13:47:52,13.46,0.0,122,164125,买盘
1993,13:47:58,13.46,0.0,29,39034,买盘
1994,13:48:01,13.46,0.0,40,53840,买盘
1995,13:48:04,13.46,0.0,36,48456,买盘
1996,13:48:06,13.47,0.01,314,422942,买盘
1997,13:48:10,13.46,-0.01,168,226429,卖盘
1998,13:48:13,13.46,0.0,139,187096,卖盘
1999,13:48:16,13.49,0.03,216,291333,买盘
2000,13:48:22,13.49,0.0,182,245503,买盘
2001,13:48:25,13.48,-0.01,43,57964,卖盘
2002,13:48:30,13.48,0.0,34,45832,买盘
2003,13:48:34,13.49,0.01,102,137549,买盘
2004,13:48:37,13.49,0.0,85,114624,买盘
2005,13:48:39,13.47,-0.02,210,282884,卖盘
2006,13:48:43,13.49,0.02,45,60687,买盘
2007,13:48:46,13.5,0.01,25,33734,买盘
2008,13:48:49,13.5,0.0,10,13492,买盘
2009,13:48:52,13.5,0.0,33,44535,买盘
2010,13:48:54,13.49,-0.01,20,26980,卖盘
2011,13:48:58,13.5,0.01,4,5400,买盘
2012,13:49:01,13.5,0.0,73,98550,买盘
2013,13:49:04,13.52,0.02,820,1107706,买盘
2014,13:49:07,13.52,0.0,41,55428,买盘
2015,13:49:10,13.55,0.03,515,697112,买盘
2016,13:49:13,13.49,-0.06,68,91775,卖盘
2017,13:49:15,13.5,0.01,45,60737,买盘
2018,13:49:18,13.5,0.0,13,17550,买盘
2019,13:49:22,13.52,0.02,12,16232,卖盘
2020,13:49:25,13.53,0.01,129,174621,买盘
2021,13:49:28,13.54,0.01,32,43305,买盘
2022,13:49:31,13.5,-0.04,180,243242,卖盘
2023,13:49:34,13.55,0.05,122,165127,买盘
2024,13:49:37,13.54,-0.01,65,87954,买盘
2025,13:49:40,13.52,-0.02,29,39208,买盘
2026,13:49:42,13.52,0.0,11,14872,买盘
2027,13:49:45,13.54,0.02,69,93350,买盘
2028,13:49:49,13.54,0.0,214,289581,买盘
2029,13:49:52,13.52,-0.02,43,58136,卖盘
2030,13:49:58,13.53,0.01,37,50038,买盘
2031,13:50:01,13.52,-0.01,28,37856,卖盘
2032,13:50:04,13.52,0.0,20,27040,买盘
2033,13:50:07,13.53,0.01,75,101420,买盘
2034,13:50:10,13.51,-0.02,161,217629,卖盘
2035,13:50:13,13.52,0.01,46,62178,中性盘
2036,13:50:16,13.51,-0.01,21,28371,卖盘
2037,13:50:19,13.51,0.0,69,93230,卖盘
2038,13:50:22,13.51,0.0,78,105390,买盘
2039,13:50:24,13.51,0.0,151,204022,卖盘
2040,13:50:27,13.51,0.0,48,64812,买盘
2041,13:50:30,13.51,0.0,23,31073,买盘
2042,13:50:34,13.51,0.0,315,425565,买盘
2043,13:50:37,13.51,0.0,159,214951,买盘
2044,13:50:40,13.53,0.02,177,239356,买盘
2045,13:50:43,13.51,-0.02,18,24318,中性盘
2046,13:50:45,13.5,-0.01,20,27002,卖盘
2047,13:50:49,13.5,0.0,30,40502,卖盘
2048,13:50:52,13.52,0.02,18,24336,买盘
2049,13:50:54,13.52,0.0,2,2704,买盘
2050,13:50:58,13.5,-0.02,30,40523,卖盘
2051,13:51:00,13.52,0.02,16,21632,买盘
2052,13:51:04,13.52,0.0,156,210891,买盘
2053,13:51:06,13.53,0.01,160,216352,买盘
2054,13:51:13,13.52,-0.01,25,33780,买盘
2055,13:51:15,13.52,0.0,51,68891,买盘
2056,13:51:18,13.5,-0.02,117,158109,卖盘
2057,13:51:22,13.52,0.02,63,85111,买盘
2058,13:51:24,13.52,0.0,102,137772,买盘
2059,13:51:28,13.5,-0.02,51,68852,卖盘
2060,13:51:31,13.51,0.01,9,12159,中性盘
2061,13:51:34,13.51,0.0,86,116174,买盘
2062,13:51:37,13.51,0.0,56,75601,买盘
2063,13:51:40,13.5,-0.01,34,45933,卖盘
2064,13:51:43,13.51,0.01,25,33775,买盘
2065,13:51:46,13.5,-0.01,47,63473,卖盘
2066,13:51:49,13.51,0.01,32,43220,买盘
2067,13:51:51,13.51,0.0,90,121522,买盘
2068,13:51:55,13.5,-0.01,24,32406,卖盘
2069,13:51:57,13.51,0.01,14,18914,买盘
2070,13:52:00,13.5,-0.01,19,25665,卖盘
2071,13:52:04,13.51,0.01,88,118832,买盘
2072,13:52:07,13.5,-0.01,22,29700,中性盘
2073,13:52:10,13.5,0.0,2,2700,买盘
2074,13:52:13,13.5,0.0,10,13500,买盘
2075,13:52:16,13.5,0.0,16,21600,买盘
2076,13:52:19,13.5,0.0,35,47250,买盘
2077,13:52:22,13.52,0.02,102,137806,买盘
2078,13:52:25,13.53,0.01,314,424178,买盘
2079,13:52:27,13.53,0.0,10,13503,买盘
2080,13:52:31,13.5,-0.03,40,54000,卖盘
2081,13:52:33,13.5,0.0,66,89104,卖盘
2082,13:52:36,13.51,0.01,203,274476,卖盘
2083,13:52:39,13.5,-0.01,87,117516,卖盘
2084,13:52:43,13.51,0.01,10,13510,中性盘
2085,13:52:46,13.51,0.0,34,45934,买盘
2086,13:52:49,13.51,0.0,5,6755,买盘
2087,13:52:51,13.51,0.0,90,121519,买盘
2088,13:52:55,13.5,-0.01,69,93152,卖盘
2089,13:52:57,13.5,0.0,84,113415,卖盘
2090,13:53:01,13.5,0.0,14,18900,买盘
2091,13:53:04,13.5,0.0,35,47250,买盘
2092,13:53:06,13.5,0.0,100,135000,买盘
2093,13:53:10,13.5,0.0,51,68844,买盘
2094,13:53:12,13.5,0.0,43,58017,买盘
2095,13:53:16,13.49,-0.01,103,139045,卖盘
2096,13:53:18,13.51,0.02,149,201215,买盘
2097,13:53:21,13.5,-0.01,31,41850,买盘
2098,13:53:24,13.51,0.01,98,132316,买盘
2099,13:53:27,13.5,-0.01,36,48600,中性盘
2100,13:53:31,13.51,0.01,99,133664,买盘
2101,13:53:34,13.5,-0.01,93,125495,买盘
2102,13:53:37,13.49,-0.01,108,145745,卖盘
2103,13:53:39,13.5,0.01,75,101250,买盘
2104,13:53:43,13.5,0.0,366,494304,买盘
2105,13:53:45,13.5,0.0,67,90421,卖盘
2106,13:53:52,13.49,-0.01,10,13490,买盘
2107,13:53:55,13.49,0.0,40,53960,买盘
2108,13:53:58,13.49,0.0,10,13490,买盘
2109,13:54:01,13.48,-0.01,121,163198,卖盘
2110,13:54:04,13.5,0.02,429,579137,买盘
2111,13:54:06,13.51,0.01,152,205295,买盘
2112,13:54:10,13.5,-0.01,33,44570,卖盘
2113,13:54:13,13.5,0.0,2,2700,买盘
2114,13:54:16,13.5,0.0,16,21600,买盘
2115,13:54:19,13.5,0.0,14,18900,买盘
2116,13:54:22,13.49,-0.01,10,13490,买盘
2117,13:54:25,13.5,0.01,32,43169,买盘
2118,13:54:27,13.48,-0.02,32,43176,卖盘
2119,13:54:30,13.49,0.01,38,51282,买盘
2120,13:54:34,13.49,0.0,15,20235,买盘
2121,13:54:37,13.48,-0.01,56,75488,卖盘
2122,13:54:40,13.49,0.01,75,101130,买盘
2123,13:54:42,13.49,0.0,123,165927,卖盘
2124,13:54:46,13.49,0.0,55,74195,卖盘
2125,13:54:52,13.49,0.0,15,20235,买盘
2126,13:54:55,13.5,0.01,51,68803,买盘
2127,13:54:58,13.48,-0.02,12,16176,卖盘
2128,13:55:04,13.48,0.0,29,39106,卖盘
2129,13:55:06,13.48,0.0,28,37746,卖盘
2130,13:55:10,13.48,0.0,116,156456,卖盘
2131,13:55:13,13.49,0.01,19,25626,买盘
2132,13:55:16,13.48,-0.01,48,64740,卖盘
2133,13:55:19,13.5,0.02,95,128143,买盘
2134,13:55:22,13.48,-0.02,69,93012,卖盘
2135,13:55:25,13.48,0.0,91,122684,卖盘
2136,13:55:28,13.49,0.01,19,25624,买盘
2137,13:55:31,13.48,-0.01,54,72812,卖盘
2138,13:55:34,13.49,0.01,75,101109,买盘
2139,13:55:37,13.49,0.0,19,25615,买盘
2140,13:55:40,13.48,-0.01,63,84944,卖盘
2141,13:55:43,13.48,0.0,23,31011,卖盘
2142,13:55:46,13.48,0.0,18,24273,卖盘
2143,13:55:49,13.49,0.01,196,264384,买盘
2144,13:55:52,13.5,0.01,215,290218,买盘
2145,13:55:54,13.51,0.01,314,424084,买盘
2146,13:55:57,13.5,-0.01,37,49950,买盘
2147,13:56:07,13.49,-0.01,13,17530,买盘
2148,13:56:10,13.5,0.01,12,16200,买盘
2149,13:56:13,13.5,0.0,18,24289,买盘
2150,13:56:16,13.5,0.0,84,113338,买盘
2151,13:56:18,13.49,-0.01,85,114686,卖盘
2152,13:56:22,13.49,0.0,145,195615,卖盘
2153,13:56:25,13.49,0.0,9,12141,买盘
2154,13:56:28,13.49,0.0,61,82289,买盘
2155,13:56:31,13.49,0.0,182,245516,买盘
2156,13:56:34,13.49,0.0,68,91709,买盘
2157,13:56:37,13.49,0.0,39,52596,买盘
2158,13:56:40,13.49,0.0,63,84979,买盘
2159,13:56:43,13.48,-0.01,70,94416,卖盘
2160,13:56:46,13.49,0.01,113,152491,买盘
2161,13:56:48,13.49,0.0,47,63380,买盘
2162,13:56:55,13.48,-0.01,54,72800,买盘
2163,13:56:58,13.48,0.0,149,200729,买盘
2164,13:57:01,13.49,0.01,218,293832,买盘
2165,13:57:04,13.49,0.0,2,2698,买盘
2166,13:57:09,13.49,0.0,22,29678,买盘
2167,13:57:13,13.49,0.0,30,40470,买盘
2168,13:57:19,13.47,-0.02,55,74088,卖盘
2169,13:57:22,13.47,0.0,15,20205,买盘
2170,13:57:25,13.47,0.0,7,9429,买盘
2171,13:57:28,13.47,0.0,38,51186,买盘
2172,13:57:31,13.47,0.0,394,530718,买盘
2173,13:57:34,13.48,0.01,35,47180,买盘
2174,13:57:37,13.49,0.01,180,242618,买盘
2175,13:57:43,13.5,0.01,399,538539,买盘
2176,13:57:45,13.51,0.01,568,767131,买盘
2177,13:57:48,13.49,-0.02,34,45877,中性盘
2178,13:57:52,13.5,0.01,40,53985,买盘
2179,13:57:54,13.5,0.0,31,41838,买盘
2180,13:57:57,13.49,-0.01,80,107996,卖盘
2181,13:58:01,13.5,0.01,79,106591,买盘
2182,13:58:04,13.49,-0.01,67,90469,中性盘
2183,13:58:07,13.5,0.01,32,43189,买盘
2184,13:58:10,13.49,-0.01,23,31027,买盘
2185,13:58:13,13.49,0.0,4,5396,买盘
2186,13:58:19,13.49,0.0,16,21584,买盘
2187,13:58:22,13.49,0.0,16,21584,买盘
2188,13:58:25,13.48,-0.01,171,230566,卖盘
2189,13:58:28,13.47,-0.01,58,78184,卖盘
2190,13:58:31,13.48,0.01,3,4044,买盘
2191,13:58:34,13.48,0.0,55,74140,买盘
2192,13:58:36,13.48,0.0,15,20208,买盘
2193,13:58:40,13.48,0.0,156,210288,买盘
2194,13:58:45,13.47,-0.01,22,29634,卖盘
2195,13:58:49,13.48,0.01,376,506848,买盘
2196,13:58:52,13.47,-0.01,206,277831,卖盘
2197,13:58:54,13.5,0.03,144,194212,买盘
2198,13:58:58,13.48,-0.02,12,16176,买盘
2199,13:59:04,13.5,0.02,244,329225,买盘
2200,13:59:16,13.48,-0.02,41,55268,卖盘
2201,13:59:19,13.48,0.0,46,62008,卖盘
2202,13:59:22,13.48,0.0,10,13480,买盘
2203,13:59:25,13.47,-0.01,15,20205,卖盘
2204,13:59:27,13.48,0.01,23,30993,买盘
2205,13:59:33,13.48,0.0,233,314047,买盘
2206,13:59:36,13.48,0.0,25,33678,买盘
2207,13:59:39,13.48,0.0,5,6740,买盘
2208,13:59:42,13.48,0.0,218,293930,买盘
2209,13:59:46,13.48,0.0,5,6740,买盘
2210,13:59:49,13.48,0.0,15,20220,买盘
2211,13:59:52,13.47,-0.01,9,12123,卖盘
2212,13:59:55,13.48,0.01,211,284414,买盘
2213,13:59:57,13.47,-0.01,37,49839,卖盘
2214,14:00:01,13.47,0.0,12,16164,卖盘
2215,14:00:03,13.47,0.0,35,47145,卖盘
2216,14:00:25,13.48,0.01,7,9436,买盘
2217,14:00:30,13.47,-0.01,707,953714,卖盘
2218,14:00:34,13.47,0.0,10,13470,买盘
2219,14:00:36,13.47,0.0,3,4041,买盘
2220,14:00:43,13.5,0.03,41,55350,买盘
2221,14:00:49,13.48,-0.02,48,64717,卖盘
2222,14:00:52,13.5,0.02,8,10793,买盘
2223,14:00:58,13.49,-0.01,11,14839,买盘
2224,14:01:04,13.48,-0.01,26,35048,卖盘
2225,14:01:06,13.48,0.0,48,64704,卖盘
2226,14:01:13,13.48,0.0,10,13480,买盘
2227,14:01:16,13.47,-0.01,57,76779,卖盘
2228,14:01:19,13.47,0.0,36,48497,卖盘
2229,14:01:22,13.48,0.01,92,123993,买盘
2230,14:01:24,13.47,-0.01,76,102411,卖盘
2231,14:01:27,13.47,0.0,107,144151,卖盘
2232,14:01:31,13.47,0.0,20,26940,卖盘
2233,14:01:34,13.47,0.0,11,14818,卖盘
2234,14:01:37,13.49,0.02,100,134822,买盘
2235,14:01:43,13.47,-0.02,37,49839,卖盘
2236,14:01:46,13.47,0.0,27,36369,卖盘
2237,14:01:49,13.47,0.0,10,13470,买盘
2238,14:01:52,13.47,0.0,105,141452,买盘
2239,14:01:55,13.47,0.0,22,29634,买盘
2240,14:02:01,13.47,0.0,268,360996,卖盘
2241,14:02:04,13.46,-0.01,34,45783,卖盘
2242,14:02:07,13.47,0.01,7,9429,买盘
2243,14:02:10,13.47,0.0,1,1347,买盘
2244,14:02:13,13.48,0.01,53,71415,买盘
2245,14:02:16,13.47,-0.01,913,1232132,卖盘
2246,14:02:19,13.47,0.0,112,150864,买盘
2247,14:02:43,13.48,0.01,1,1348,买盘
2248,14:02:49,13.47,-0.01,56,75432,卖盘
2249,14:02:52,13.47,0.0,169,227643,卖盘
2250,14:02:55,13.48,0.01,18,24264,买盘
2251,14:03:01,13.47,-0.01,12,16164,卖盘
2252,14:03:06,13.47,0.0,33,44451,卖盘
2253,14:03:10,13.47,0.0,12,16164,卖盘
2254,14:03:13,13.48,0.01,2,2696,买盘
2255,14:03:16,13.47,-0.01,22,29634,卖盘
2256,14:03:22,13.48,0.01,193,260127,买盘
2257,14:03:25,13.47,-0.01,50,67350,卖盘
2258,14:03:28,13.49,0.02,315,424693,买盘
2259,14:03:31,13.47,-0.02,31,41761,卖盘
2260,14:03:34,13.5,0.03,360,485690,买盘
2261,14:03:46,13.48,-0.02,160,215680,买盘
2262,14:03:49,13.47,-0.01,18,24248,卖盘
2263,14:03:55,13.47,0.0,9,12123,卖盘
2264,14:03:58,13.47,0.0,35,47145,卖盘
2265,14:04:01,13.47,0.0,28,37719,卖盘
2266,14:04:04,13.47,0.0,40,53890,卖盘
2267,14:04:07,13.46,-0.01,32,43097,卖盘
2268,14:04:13,13.46,0.0,25,33655,卖盘
2269,14:04:16,13.47,0.01,50,67330,买盘
2270,14:04:19,13.47,0.0,5,6735,买盘
2271,14:04:24,13.47,0.0,12,16164,买盘
2272,14:04:27,13.47,0.0,184,247848,买盘
2273,14:04:31,13.47,0.0,286,385524,卖盘
2274,14:04:34,13.47,0.0,6,8082,买盘
2275,14:04:36,13.48,0.01,327,440566,买盘
2276,14:04:46,13.49,0.01,176,237424,买盘
2277,14:04:49,13.48,-0.01,70,94392,卖盘
2278,14:04:55,13.46,-0.02,288,387886,卖盘
2279,14:04:58,13.49,0.03,35,47215,买盘
2280,14:05:01,13.49,0.0,60,80940,卖盘
2281,14:05:07,13.46,-0.03,23,30965,卖盘
2282,14:05:13,13.47,0.01,44,59282,卖盘
2283,14:05:16,13.46,-0.01,103,138717,卖盘
2284,14:05:19,13.48,0.02,32,43124,买盘
2285,14:05:25,13.46,-0.02,123,165574,卖盘
2286,14:05:28,13.47,0.01,15,20205,卖盘
2287,14:05:33,13.48,0.01,1,1348,买盘
2288,14:05:37,13.47,-0.01,2,2694,卖盘
2289,14:05:43,13.47,0.0,10,13470,买盘
2290,14:05:46,13.47,0.0,2,2694,买盘
2291,14:05:49,13.46,-0.01,560,753760,卖盘
2292,14:05:52,13.48,0.02,46,61966,买盘
2293,14:05:55,13.46,-0.02,257,346079,卖盘
2294,14:05:58,13.47,0.01,47,63345,卖盘
2295,14:06:01,13.47,0.0,26,35022,卖盘
2296,14:06:04,13.47,0.0,28,37716,卖盘
2297,14:06:07,13.48,0.01,30,40422,买盘
2298,14:06:16,13.47,-0.01,10,13470,买盘
2299,14:06:22,13.47,0.0,1,1347,买盘
2300,14:06:25,13.47,0.0,68,91596,买盘
2301,14:06:31,13.47,0.0,13,17501,买盘
2302,14:06:34,13.47,0.0,58,78126,买盘
2303,14:06:37,13.47,0.0,5,6735,买盘
2304,14:06:39,13.46,-0.01,98,131908,卖盘
2305,14:06:43,13.46,0.0,8,10768,卖盘
2306,14:06:46,13.47,0.01,35,47145,买盘
2307,14:06:51,13.47,0.0,23,30981,买盘
2308,14:06:54,13.47,0.0,95,127965,买盘
2309,14:07:01,13.48,0.01,172,231850,买盘
2310,14:07:04,13.47,-0.01,27,36369,卖盘
2311,14:07:10,13.47,0.0,226,304671,卖盘
2312,14:07:13,13.48,0.01,10,13480,买盘
2313,14:07:22,13.46,-0.02,360,484560,卖盘
2314,14:07:34,13.46,0.0,20,26920,卖盘
2315,14:07:40,13.46,0.0,20,26920,卖盘
2316,14:07:58,13.46,0.0,40,53840,卖盘
2317,14:08:00,13.47,0.01,47,63272,买盘
2318,14:08:06,13.47,0.0,16,21552,买盘
2319,14:08:22,13.47,0.0,8,10776,买盘
2320,14:08:28,13.47,0.0,4,5388,买盘
2321,14:08:33,13.46,-0.01,53,71338,卖盘
2322,14:08:37,13.47,0.01,26,35008,买盘
2323,14:08:40,13.47,0.0,133,179082,买盘
2324,14:08:42,13.48,0.01,79,106492,买盘
2325,14:08:46,13.48,0.0,11,14830,卖盘
2326,14:08:58,13.47,-0.01,27,36378,卖盘
2327,14:09:01,13.47,0.0,20,26940,卖盘
2328,14:09:04,13.47,0.0,5,6735,卖盘
2329,14:09:07,13.47,0.0,12,16164,买盘
2330,14:09:10,13.47,0.0,13,17511,买盘
2331,14:09:13,13.47,0.0,56,75409,买盘
2332,14:09:16,13.46,-0.01,20,26935,卖盘
2333,14:09:19,13.48,0.02,55,74102,买盘
2334,14:09:22,13.47,-0.01,32,43104,中性盘
2335,14:09:24,13.48,0.01,87,117276,买盘
2336,14:09:28,13.49,0.01,290,391184,买盘
2337,14:09:31,13.5,0.01,306,413086,买盘
2338,14:09:34,13.5,0.0,18,24300,卖盘
2339,14:09:36,13.5,0.0,48,64821,卖盘
2340,14:09:42,13.52,0.02,277,374496,买盘
2341,14:09:46,13.53,0.01,55,74415,买盘
2342,14:09:49,13.53,0.0,32,43273,买盘
2343,14:09:51,13.51,-0.02,8,10808,卖盘
2344,14:10:01,13.5,-0.01,55,74250,卖盘
2345,14:10:04,13.51,0.01,76,102640,买盘
2346,14:10:07,13.5,-0.01,22,29710,卖盘
2347,14:10:10,13.52,0.02,106,143252,买盘
2348,14:10:12,13.51,-0.01,10,13510,卖盘
2349,14:10:15,13.52,0.01,14,18918,买盘
2350,14:10:19,13.51,-0.01,3,4053,买盘
2351,14:10:22,13.51,0.0,38,51338,买盘
2352,14:10:25,13.51,0.0,26,35126,卖盘
2353,14:10:30,13.51,0.0,23,31085,卖盘
2354,14:10:34,13.51,0.0,43,58097,卖盘
2355,14:10:37,13.52,0.01,35,47304,买盘
2356,14:10:40,13.51,-0.01,8,10808,卖盘
2357,14:10:46,13.52,0.01,27,36483,买盘
2358,14:10:49,13.51,-0.01,6,8106,卖盘
2359,14:10:54,13.51,0.0,90,121590,买盘
2360,14:11:00,13.51,0.0,23,31073,买盘
2361,14:11:04,13.51,0.0,12,16212,卖盘
2362,14:11:07,13.52,0.01,90,121610,买盘
2363,14:11:10,13.52,0.0,27,36480,买盘
2364,14:11:13,13.51,-0.01,7,9457,卖盘
2365,14:11:16,13.52,0.01,41,55425,买盘
2366,14:11:22,13.51,-0.01,12,16212,卖盘
2367,14:11:25,13.51,0.0,18,24318,卖盘
2368,14:11:33,13.5,-0.01,39,52652,卖盘
2369,14:11:36,13.5,0.0,42,56700,卖盘
2370,14:11:42,13.5,0.0,84,113426,买盘
2371,14:11:46,13.5,0.0,2,2700,买盘
2372,14:11:49,13.49,-0.01,87,117437,卖盘
2373,14:11:52,13.5,0.01,10,13500,中性盘
2374,14:11:54,13.49,-0.01,35,47215,卖盘
2375,14:11:57,13.49,0.0,7,9443,买盘
2376,14:12:01,13.48,-0.01,19,25612,卖盘
2377,14:12:04,13.49,0.01,7,9443,买盘
2378,14:12:07,13.49,0.0,177,238718,买盘
2379,14:12:10,13.49,0.0,158,212972,买盘
2380,14:12:16,13.47,-0.02,193,260263,卖盘
2381,14:12:19,13.47,0.0,162,218567,卖盘
2382,14:12:21,13.5,0.03,69,93020,买盘
2383,14:12:24,13.47,-0.03,23,30981,卖盘
2384,14:12:31,13.48,0.01,52,70132,卖盘
2385,14:12:33,13.47,-0.01,19,25593,卖盘
2386,14:12:37,13.48,0.01,127,171222,买盘
2387,14:12:46,13.48,0.0,44,59283,买盘
2388,14:12:51,13.47,-0.01,16,21552,卖盘
2389,14:12:54,13.47,0.0,16,21552,卖盘
2390,14:12:58,13.47,0.0,8,10776,卖盘
2391,14:13:01,13.47,0.0,15,20205,卖盘
2392,14:13:04,13.47,0.0,25,33675,卖盘
2393,14:13:06,13.47,0.0,29,39063,卖盘
2394,14:13:10,13.47,0.0,30,40410,卖盘
2395,14:13:13,13.47,0.0,37,49839,卖盘
2396,14:13:28,13.46,-0.01,5,6730,卖盘
2397,14:13:30,13.46,0.0,251,337846,卖盘
2398,14:13:34,13.46,0.0,15,20190,卖盘
2399,14:13:36,13.46,0.0,35,47112,卖盘
2400,14:13:40,13.47,0.01,12,16164,买盘
2401,14:13:43,13.46,-0.01,25,33659,卖盘
2402,14:13:46,13.46,0.0,23,30958,卖盘
2403,14:13:55,13.47,0.01,74,99678,买盘
2404,14:13:58,13.48,0.01,127,171196,买盘
2405,14:14:01,13.46,-0.02,99,133263,卖盘
2406,14:14:04,13.46,0.0,19,25574,卖盘
2407,14:14:06,13.49,0.03,161,217070,买盘
2408,14:14:09,13.47,-0.02,25,33675,中性盘
2409,14:14:13,13.47,0.0,4,5388,买盘
2410,14:14:16,13.47,0.0,1,1347,买盘
2411,14:14:19,13.48,0.01,11,14823,买盘
2412,14:14:25,13.46,-0.02,184,247665,卖盘
2413,14:14:28,13.47,0.01,25,33655,中性盘
2414,14:14:31,13.47,0.0,2,2694,买盘
2415,14:14:37,13.47,0.0,33,44451,买盘
2416,14:14:39,13.47,0.0,26,35022,买盘
2417,14:14:42,13.46,-0.01,28,37692,卖盘
2418,14:14:48,13.47,0.01,46,61942,买盘
2419,14:14:51,13.47,0.0,34,45775,买盘
2420,14:14:55,13.47,0.0,25,33652,买盘
2421,14:15:01,13.46,-0.01,20,26920,卖盘
2422,14:15:04,13.47,0.01,1,1347,买盘
2423,14:15:13,13.47,0.0,130,175110,买盘
2424,14:15:16,13.48,0.01,112,150964,买盘
2425,14:15:19,13.49,0.01,161,217189,买盘
2426,14:15:21,13.49,0.0,104,140384,卖盘
2427,14:15:24,13.49,0.0,12,16188,买盘
2428,14:15:28,13.48,-0.01,19,25612,卖盘
2429,14:15:40,13.48,0.0,47,63339,买盘
2430,14:15:43,13.48,0.0,2,2696,买盘
2431,14:15:46,13.47,-0.01,21,28287,卖盘
2432,14:15:52,13.49,0.02,147,198193,买盘
2433,14:15:55,13.49,0.0,13,17537,卖盘
2434,14:15:58,13.48,-0.01,11,14828,卖盘
2435,14:16:01,13.48,0.0,95,128060,卖盘
2436,14:16:04,13.48,0.0,20,26960,卖盘
2437,14:16:07,13.48,0.0,44,59326,卖盘
2438,14:16:09,13.48,0.0,12,16176,买盘
2439,14:16:18,13.47,-0.01,30,40410,卖盘
2440,14:16:22,13.47,0.0,24,32328,卖盘
2441,14:16:25,13.48,0.01,27,36384,买盘
2442,14:16:27,13.48,0.0,61,82205,买盘
2443,14:16:31,13.47,-0.01,29,39067,卖盘
2444,14:16:34,13.48,0.01,1,1348,买盘
2445,14:16:37,13.48,0.0,85,114572,买盘
2446,14:16:40,13.47,-0.01,22,29637,中性盘
2447,14:16:42,13.48,0.01,2,2696,买盘
2448,14:16:46,13.48,0.0,15,20211,买盘
2449,14:16:49,13.48,0.0,3,4044,买盘
2450,14:16:52,13.47,-0.01,15,20205,卖盘
2451,14:16:55,13.47,0.0,79,106414,卖盘
2452,14:16:58,13.48,0.01,87,117276,买盘
2453,14:17:07,13.47,-0.01,250,336750,卖盘
2454,14:17:10,13.47,0.0,189,254583,卖盘
2455,14:17:12,13.47,0.0,70,94290,卖盘
2456,14:17:16,13.47,0.0,19,25596,卖盘
2457,14:17:19,13.47,0.0,3,4041,买盘
2458,14:17:22,13.47,0.0,580,780700,买盘
2459,14:17:24,13.46,-0.01,342,460332,卖盘
2460,14:17:28,13.46,0.0,55,74030,卖盘
2461,14:17:31,13.47,0.01,127,171053,买盘
2462,14:17:34,13.46,-0.01,52,70060,卖盘
2463,14:17:37,13.47,0.01,15,20205,买盘
2464,14:17:40,13.47,0.0,49,66005,卖盘
2465,14:17:43,13.46,-0.01,25,33650,卖盘
2466,14:17:46,13.47,0.01,13,17500,买盘
2467,14:17:49,13.46,-0.01,53,71390,卖盘
2468,14:17:52,13.47,0.01,28,37716,买盘
2469,14:17:55,13.47,0.0,61,82167,买盘
2470,14:17:58,13.48,0.01,95,128060,买盘
2471,14:18:01,13.47,-0.01,26,35026,卖盘
2472,14:18:04,13.47,0.0,33,44478,卖盘
2473,14:18:07,13.47,0.0,20,26950,卖盘
2474,14:18:10,13.48,0.01,10,13480,买盘
2475,14:18:13,13.47,-0.01,25,33676,卖盘
2476,14:18:16,13.47,0.0,116,156253,卖盘
2477,14:18:18,13.48,0.01,85,114497,买盘
2478,14:18:21,13.47,-0.01,9,12123,卖盘
2479,14:18:24,13.47,0.0,7,9429,买盘
2480,14:18:27,13.46,-0.01,33,44433,卖盘
2481,14:18:31,13.47,0.01,45,60615,买盘
2482,14:18:34,13.48,0.01,90,121270,买盘
2483,14:18:37,13.47,-0.01,15,20205,中性盘
2484,14:18:40,13.47,0.0,60,80820,买盘
2485,14:18:43,13.46,-0.01,21,28266,卖盘
2486,14:18:46,13.46,0.0,47,63283,卖盘
2487,14:18:48,13.47,0.01,3,4041,买盘
2488,14:18:52,13.46,-0.01,43,57892,卖盘
2489,14:18:55,13.48,0.02,14,18864,买盘
2490,14:19:01,13.46,-0.02,71,95616,卖盘
2491,14:19:04,13.47,0.01,1,1347,买盘
2492,14:19:07,13.47,0.0,10,13470,买盘
2493,14:19:10,13.46,-0.01,30,40382,卖盘
2494,14:19:13,13.46,0.0,28,37692,卖盘
2495,14:19:19,13.47,0.01,7,9429,买盘
2496,14:19:22,13.47,0.0,55,74085,买盘
2497,14:19:27,13.47,0.0,27,36369,买盘
2498,14:19:43,13.46,-0.01,25,33650,卖盘
2499,14:19:46,13.46,0.0,98,131959,卖盘
2500,14:19:49,13.46,0.0,246,331120,卖盘
2501,14:19:52,13.47,0.01,19,25578,买盘
2502,14:19:55,13.47,0.0,10,13470,买盘
2503,14:19:58,13.47,0.0,44,59268,买盘
2504,14:20:01,13.46,-0.01,20,26920,卖盘
2505,14:20:04,13.47,0.01,9,12123,买盘
2506,14:20:07,13.46,-0.01,15,20190,卖盘
2507,14:20:13,13.47,0.01,1,1347,买盘
2508,14:20:16,13.47,0.0,1,1347,买盘
2509,14:20:18,13.46,-0.01,12,16154,卖盘
2510,14:20:22,13.47,0.01,4,5388,买盘
2511,14:20:25,13.46,-0.01,37,49808,卖盘
2512,14:20:28,13.46,0.0,35,47115,卖盘
2513,14:20:31,13.47,0.01,2,2694,买盘
2514,14:20:34,13.46,-0.01,27,36343,卖盘
2515,14:20:37,13.47,0.01,16,21537,买盘
2516,14:20:40,13.46,-0.01,9,12114,卖盘
2517,14:20:43,13.46,0.0,11,14806,卖盘
2518,14:20:49,13.47,0.01,10,13470,买盘
2519,14:20:55,13.46,-0.01,15,20190,卖盘
2520,14:20:57,13.46,0.0,25,33651,卖盘
2521,14:21:01,13.46,0.0,35,47113,卖盘
2522,14:21:04,13.46,0.0,22,29616,卖盘
2523,14:21:07,13.46,0.0,23,30958,卖盘
2524,14:21:10,13.47,0.01,1,1347,买盘
2525,14:21:13,13.46,-0.01,75,100959,卖盘
2526,14:21:16,13.46,0.0,57,76723,卖盘
2527,14:21:19,13.46,0.0,48,64614,卖盘
2528,14:21:22,13.46,0.0,32,43074,卖盘
2529,14:21:25,13.47,0.01,21,28267,买盘
2530,14:21:28,13.46,-0.01,161,216706,卖盘
2531,14:21:30,13.47,0.01,79,106335,买盘
2532,14:21:33,13.47,0.0,67,90185,买盘
2533,14:21:40,13.46,-0.01,21,28266,卖盘
2534,14:21:46,13.46,0.0,7,9422,卖盘
2535,14:21:49,13.46,0.0,22,29615,卖盘
2536,14:21:55,13.47,0.01,3,4041,买盘
2537,14:21:58,13.47,0.0,159,214164,买盘
2538,14:22:01,13.48,0.01,127,171196,买盘
2539,14:22:04,13.49,0.01,88,118476,买盘
2540,14:22:09,13.48,-0.01,77,103678,买盘
2541,14:22:13,13.48,0.0,18,24252,买盘
2542,14:22:16,13.47,-0.01,27,36369,卖盘
2543,14:22:18,13.48,0.01,18,24253,买盘
2544,14:22:25,13.47,-0.01,10,13470,买盘
2545,14:22:27,13.46,-0.01,9,12115,卖盘
2546,14:22:31,13.46,0.0,72,96977,卖盘
2547,14:22:34,13.46,0.0,12,16152,卖盘
2548,14:22:36,13.47,0.01,9,12115,买盘
2549,14:22:40,13.46,-0.01,65,87490,中性盘
2550,14:22:42,13.46,0.0,12,16152,买盘
2551,14:22:45,13.46,0.0,67,90182,买盘
2552,14:22:49,13.46,0.0,32,43072,买盘
2553,14:22:55,13.46,0.0,19,25574,卖盘
2554,14:22:58,13.46,0.0,14,18844,买盘
2555,14:23:00,13.46,0.0,20,26920,卖盘
2556,14:23:04,13.47,0.01,25,33652,买盘
2557,14:23:06,13.46,-0.01,6,8076,卖盘
2558,14:23:10,13.46,0.0,15,20190,卖盘
2559,14:23:16,13.46,0.0,19,25574,卖盘
2560,14:23:19,13.46,0.0,18,24234,卖盘
2561,14:23:22,13.46,0.0,24,32304,卖盘
2562,14:23:25,13.46,0.0,26,34996,卖盘
2563,14:23:27,13.46,0.0,18,24228,卖盘
2564,14:23:34,13.46,0.0,301,405253,买盘
2565,14:23:37,13.48,0.02,101,136038,买盘
2566,14:23:40,13.48,0.0,1,1348,买盘
2567,14:23:46,13.46,-0.02,19,25574,卖盘
2568,14:23:49,13.46,0.0,32,43072,卖盘
2569,14:23:51,13.46,0.0,22,29612,卖盘
2570,14:23:58,13.46,0.0,3,4038,买盘
2571,14:24:01,13.47,0.01,102,137353,买盘
2572,14:24:04,13.46,-0.01,17,22882,买盘
2573,14:24:07,13.47,0.01,119,160225,买盘
2574,14:24:10,13.46,-0.01,58,78071,卖盘
2575,14:24:13,13.47,0.01,53,71360,买盘
2576,14:24:15,13.46,-0.01,19,25574,卖盘
2577,14:24:18,13.46,0.0,15,20190,卖盘
2578,14:24:22,13.46,0.0,15,20190,卖盘
2579,14:24:25,13.46,0.0,25,33650,卖盘
2580,14:24:28,13.46,0.0,12,16152,卖盘
2581,14:24:31,13.46,0.0,17,22882,卖盘
2582,14:24:34,13.46,0.0,19,25574,卖盘
2583,14:24:40,13.46,0.0,20,26920,卖盘
2584,14:24:43,13.46,0.0,21,28266,卖盘
2585,14:24:45,13.47,0.01,126,169599,买盘
2586,14:24:49,13.46,-0.01,66,88841,卖盘
2587,14:24:52,13.46,0.0,22,29612,卖盘
2588,14:24:55,13.46,0.0,27,36354,卖盘
2589,14:25:01,13.47,0.01,3,4041,买盘
2590,14:25:07,13.46,-0.01,11,14806,卖盘
2591,14:25:13,13.47,0.01,4,5388,买盘
2592,14:25:16,13.46,-0.01,23,30960,卖盘
2593,14:25:22,13.47,0.01,48,64656,买盘
2594,14:25:24,13.46,-0.01,23,30959,卖盘
2595,14:25:28,13.47,0.01,8,10776,买盘
2596,14:25:31,13.47,0.0,1,1347,买盘
2597,14:25:37,13.47,0.0,75,100959,买盘
2598,14:25:40,13.46,-0.01,34,45784,卖盘
2599,14:25:43,13.46,0.0,8,10768,卖盘
2600,14:25:46,13.47,0.01,55,74085,买盘
2601,14:25:49,13.47,0.0,15,20205,买盘
2602,14:25:52,13.47,0.0,77,103719,买盘
2603,14:25:55,13.47,0.0,4,5388,卖盘
2604,14:25:58,13.47,0.0,11,14817,买盘
2605,14:26:01,13.46,-0.01,12,16152,卖盘
2606,14:26:04,13.47,0.01,100,134608,买盘
2607,14:26:07,13.47,0.0,62,83458,买盘
2608,14:26:10,13.47,0.0,4,5388,买盘
2609,14:26:13,13.47,0.0,2,2694,买盘
2610,14:26:16,13.47,0.0,33,44428,买盘
2611,14:26:18,13.47,0.0,8,10776,买盘
2612,14:26:22,13.46,-0.01,15,20190,卖盘
2613,14:26:25,13.47,0.01,97,130619,买盘
2614,14:26:28,13.47,0.0,6,8077,买盘
2615,14:26:31,13.47,0.0,61,82167,买盘
2616,14:26:33,13.47,0.0,5,6735,卖盘
2617,14:26:37,13.47,0.0,9,12123,卖盘
2618,14:26:43,13.47,0.0,5,6735,买盘
2619,14:26:52,13.47,0.0,35,47145,买盘
2620,14:26:58,13.47,0.0,3,4041,买盘
2621,14:27:01,13.46,-0.01,34,45764,卖盘
2622,14:27:04,13.46,0.0,16,21537,卖盘
2623,14:27:10,13.46,0.0,46,61917,卖盘
2624,14:27:16,13.46,0.0,58,78068,卖盘
2625,14:27:19,13.47,0.01,12,16155,买盘
2626,14:27:25,13.46,-0.01,37,49802,卖盘
2627,14:27:28,13.47,0.01,2,2694,买盘
2628,14:27:31,13.46,-0.01,73,98278,卖盘
2629,14:27:34,13.47,0.01,12,16155,买盘
2630,14:27:37,13.46,-0.01,8,10768,卖盘
2631,14:27:40,13.46,0.0,41,55187,卖盘
2632,14:27:43,13.47,0.01,18,24240,买盘
2633,14:27:46,13.47,0.0,30,40410,买盘
2634,14:27:49,13.46,-0.01,2,2692,卖盘
2635,14:27:51,13.47,0.01,1,1347,买盘
2636,14:27:54,13.47,0.0,17,22884,买盘
2637,14:27:57,13.46,-0.01,60,80760,卖盘
2638,14:28:04,13.47,0.01,2,2694,买盘
2639,14:28:10,13.47,0.0,66,88902,买盘
2640,14:28:16,13.46,-0.01,20,26920,卖盘
2641,14:28:19,13.46,0.0,22,29612,卖盘
2642,14:28:22,13.47,0.01,11,14817,买盘
2643,14:28:30,13.47,0.0,26,35000,买盘
2644,14:28:34,13.47,0.0,16,21538,买盘
2645,14:28:37,13.47,0.0,2,2694,买盘
2646,14:28:58,13.46,-0.01,100,134600,卖盘
2647,14:29:01,13.47,0.01,73,98331,买盘
2648,14:29:04,13.47,0.0,20,26940,买盘
2649,14:29:12,13.47,0.0,11,14817,卖盘
2650,14:29:15,13.47,0.0,27,36369,卖盘
2651,14:29:18,13.47,0.0,354,476840,卖盘
2652,14:29:24,13.47,0.0,9,12123,卖盘
2653,14:29:28,13.47,0.0,33,44451,卖盘
2654,14:29:31,13.47,0.0,7,9429,买盘
2655,14:29:37,13.47,0.0,1,1347,买盘
2656,14:29:40,13.48,0.01,51,68710,买盘
2657,14:29:46,13.47,-0.01,8,10776,买盘
2658,14:29:49,13.47,0.0,1,1347,买盘
2659,14:29:52,13.47,0.0,22,29634,买盘
2660,14:29:55,13.48,0.01,12,16171,买盘
2661,14:30:13,13.47,-0.01,40,53880,卖盘
2662,14:30:16,13.47,0.0,32,43105,卖盘
2663,14:30:19,13.47,0.0,9,12123,卖盘
2664,14:30:22,13.47,0.0,19,25593,卖盘
2665,14:30:25,13.47,0.0,12,16168,卖盘
2666,14:30:27,13.47,0.0,9,12123,卖盘
2667,14:30:31,13.47,0.0,5,6735,卖盘
2668,14:30:34,13.48,0.01,21,28308,买盘
2669,14:30:37,13.47,-0.01,5,6735,卖盘
2670,14:30:40,13.47,0.0,6,8082,卖盘
2671,14:30:43,13.47,0.0,38,51209,卖盘
2672,14:30:45,13.48,0.01,171,230508,买盘
2673,14:30:49,13.48,0.0,15,20220,卖盘
2674,14:30:52,13.48,0.0,15,20220,卖盘
2675,14:30:55,13.48,0.0,41,55268,卖盘
2676,14:31:00,13.48,0.0,22,29656,卖盘
2677,14:31:04,13.48,0.0,2,2696,买盘
2678,14:31:10,13.48,0.0,17,22900,买盘
2679,14:31:13,13.47,-0.01,11,14817,卖盘
2680,14:31:16,13.48,0.01,3,4044,买盘
2681,14:31:19,13.48,0.0,3,4044,买盘
2682,14:31:25,13.47,-0.01,24,32328,卖盘
2683,14:31:28,13.48,0.01,1,1348,买盘
2684,14:31:31,13.47,-0.01,13,17511,卖盘
2685,14:31:34,13.47,0.0,8,10776,卖盘
2686,14:31:36,13.48,0.01,2,2696,买盘
2687,14:31:40,13.48,0.0,20,26960,买盘
2688,14:31:46,13.47,-0.01,36,48492,卖盘
2689,14:31:49,13.48,0.01,308,415459,买盘
2690,14:31:52,13.48,0.0,11,14828,卖盘
2691,14:31:55,13.48,0.0,1,1065,买盘
2692,14:31:58,13.48,0.0,2,2696,买盘
2693,14:32:01,13.48,0.0,1,1348,买盘
2694,14:32:04,13.48,0.0,41,55268,买盘
2695,14:32:07,13.49,0.01,57,76830,买盘
2696,14:32:10,13.48,-0.01,15,20220,卖盘
2697,14:32:12,13.48,0.0,7,9436,卖盘
2698,14:32:16,13.48,0.0,35,47189,卖盘
2699,14:32:18,13.48,0.0,173,233204,卖盘
2700,14:32:22,13.47,-0.01,36,48523,卖盘
2701,14:32:28,13.48,0.01,3,4044,买盘
2702,14:32:31,13.48,0.0,19,25612,买盘
2703,14:32:34,13.48,0.0,8,10784,买盘
2704,14:32:43,13.48,0.0,3,4044,买盘
2705,14:32:49,13.48,0.0,29,39092,买盘
2706,14:32:52,13.48,0.0,46,62008,买盘
2707,14:32:55,13.48,0.0,15,20220,卖盘
2708,14:32:58,13.48,0.0,18,24264,卖盘
2709,14:33:04,13.48,0.0,1,1348,卖盘
2710,14:33:07,13.48,0.0,8,10784,卖盘
2711,14:33:10,13.48,0.0,12,16176,卖盘
2712,14:33:12,13.49,0.01,22,29663,买盘
2713,14:33:16,13.49,0.0,35,47200,买盘
2714,14:33:19,13.49,0.0,34,47121,买盘
2715,14:33:22,13.49,0.0,25,33718,买盘
2716,14:33:25,13.49,0.0,84,112250,买盘
2717,14:33:34,13.49,0.0,7,9443,卖盘
2718,14:33:43,13.5,0.01,2,2700,买盘
2719,14:33:46,13.49,-0.01,2,2698,卖盘
2720,14:33:49,13.49,0.0,125,168716,卖盘
2721,14:33:52,13.49,0.0,33,45583,卖盘
2722,14:34:01,13.49,0.0,17,21867,买盘
2723,14:34:07,13.49,0.0,26,35074,卖盘
2724,14:34:10,13.5,0.01,26,35080,买盘
2725,14:34:13,13.5,0.0,2,2700,买盘
2726,14:34:16,13.49,-0.01,19,25634,卖盘
2727,14:34:18,13.5,0.01,3,4050,买盘
2728,14:34:21,13.5,0.0,43,59094,买盘
2729,14:34:28,13.48,-0.02,20,26960,卖盘
2730,14:34:31,13.49,0.01,5,6748,卖盘
2731,14:34:37,13.49,0.0,12,16188,买盘
2732,14:34:40,13.5,0.01,10,13494,买盘
2733,14:34:46,13.49,-0.01,32,43168,买盘
2734,14:34:52,13.49,0.0,15,20235,买盘
2735,14:34:55,13.49,0.0,28,37772,买盘
2736,14:34:57,13.49,0.0,20,26980,买盘
2737,14:35:00,13.49,0.0,2,2698,买盘
2738,14:35:13,13.5,0.01,26,35100,买盘
2739,14:35:19,13.48,-0.02,100,134817,卖盘
2740,14:35:25,13.5,0.02,19,25650,买盘
2741,14:35:28,13.5,0.0,11,14839,买盘
2742,14:35:37,13.5,0.0,8,10800,买盘
2743,14:35:45,13.5,0.0,13,17550,买盘
2744,14:35:49,13.5,0.0,19,25650,买盘
2745,14:35:55,13.5,0.0,51,68850,买盘
2746,14:35:58,13.5,0.0,15,20250,买盘
2747,14:36:01,13.5,0.0,10,13500,买盘
2748,14:36:04,13.5,0.0,7,9450,买盘
2749,14:36:10,13.5,0.0,5,6750,买盘
2750,14:36:13,13.5,0.0,25,33750,买盘
2751,14:36:16,13.5,0.0,12,16200,买盘
2752,14:36:30,13.5,0.0,20,27000,买盘
2753,14:36:34,13.5,0.0,10,13500,买盘
2754,14:36:37,13.49,-0.01,35,47235,卖盘
2755,14:36:43,13.49,0.0,32,43185,卖盘
2756,14:36:49,13.5,0.01,20,26993,买盘
2757,14:36:52,13.5,0.0,5,6747,买盘
2758,14:36:55,13.5,0.0,7,9450,买盘
2759,14:37:01,13.49,-0.01,20,26980,卖盘
2760,14:37:04,13.5,0.01,2,2700,买盘
2761,14:37:13,13.5,0.0,5,6750,买盘
2762,14:37:16,13.5,0.0,21,28350,买盘
2763,14:37:19,13.49,-0.01,21,28329,卖盘
