,time,price,change,volume,amount,type
0,09:30:04,11.9,0.01,45,53550,卖盘
1,09:30:07,11.9,0.0,65,77380,卖盘
2,09:30:19,11.89,-0.01,1,1189,买盘
3,09:30:22,11.82,-0.07,2,2364,卖盘
4,09:30:28,11.89,0.07,1,1189,买盘
5,09:30:40,11.89,0.0,1,1189,买盘
6,09:30:49,11.88,-0.01,1,1188,中性盘
7,09:30:52,11.89,0.01,2,2378,买盘
8,09:31:13,11.89,0.0,1,1189,买盘
9,09:31:19,11.83,-0.06,5,5921,卖盘
10,09:31:31,11.83,0.0,5,5915,卖盘
11,09:31:43,11.88,0.05,1,1188,买盘
12,09:31:46,11.88,0.0,1,1188,买盘
13,09:31:49,11.88,0.0,1,1188,买盘
14,09:32:10,11.87,-0.01,2,2374,买盘
15,09:32:37,11.87,0.0,14,16605,买盘
16,09:32:40,11.87,0.0,80,94960,卖盘
17,09:32:46,11.88,0.01,2,2376,买盘
18,09:32:49,11.88,0.0,1,1188,买盘
19,09:33:07,11.87,-0.01,7,8309,卖盘
20,09:33:16,11.87,0.0,1,1187,买盘
21,09:33:19,11.87,0.0,1,1187,买盘
22,09:33:31,11.85,-0.02,3,3555,卖盘
23,09:33:43,11.87,0.02,1,1187,买盘
24,09:33:46,11.87,0.0,1,1187,买盘
25,09:33:49,11.87,0.0,1,1187,买盘
26,09:33:58,11.87,0.0,1,1187,买盘
27,09:34:13,11.87,0.0,13,15431,买盘
28,09:34:22,11.87,0.0,1,1187,买盘
29,09:34:46,11.87,0.0,1,1187,买盘
30,09:34:52,11.87,0.0,1,1187,买盘
31,09:34:55,11.87,0.0,4,4748,买盘
32,09:35:05,11.83,-0.04,6,7102,卖盘
33,09:35:34,11.87,0.04,9,10683,卖盘
34,09:35:51,11.86,-0.01,3,3558,买盘
35,09:36:13,11.87,0.01,13,15431,买盘
36,09:36:25,11.86,-0.01,17,20175,卖盘
37,09:36:27,11.86,0.0,3,3558,买盘
38,09:36:34,11.86,0.0,1,1186,买盘
39,09:36:43,11.86,0.0,7,8302,买盘
40,09:36:58,11.85,-0.01,6,7111,卖盘
41,09:37:01,11.86,0.01,4,4735,买盘
42,09:37:07,11.83,-0.03,1,1183,卖盘
43,09:37:16,11.85,0.02,1,1185,买盘
44,09:37:31,11.85,0.0,2,2370,买盘
45,09:37:43,11.85,0.0,7,8293,买盘
46,09:37:55,11.83,-0.02,7,8283,卖盘
47,09:38:01,11.86,0.03,1,1186,买盘
48,09:38:13,11.85,-0.01,2,2370,买盘
49,09:38:16,11.85,0.0,1,1185,买盘
50,09:38:25,11.85,0.0,2,2370,卖盘
51,09:38:34,11.85,0.0,1,1185,买盘
52,09:38:37,11.85,0.0,1,1185,买盘
53,09:38:40,11.83,-0.02,4,4732,卖盘
54,09:38:43,11.85,0.02,1,1185,买盘
55,09:38:46,11.85,0.0,1,1185,买盘
56,09:38:58,11.83,-0.02,20,23660,卖盘
57,09:39:04,11.83,0.0,3,3549,卖盘
58,09:39:10,11.84,0.01,3,3552,买盘
59,09:39:19,11.84,0.0,3,3552,卖盘
60,09:39:34,11.84,0.0,1,1184,买盘
61,09:39:43,11.84,0.0,5,5916,买盘
62,09:39:46,11.84,0.0,2,2368,买盘
63,09:39:52,11.84,0.0,3,3552,买盘
64,09:40:05,11.85,0.01,1,1185,买盘
65,09:40:10,11.84,-0.01,1,1184,买盘
66,09:40:22,11.84,0.0,1,1184,买盘
67,09:40:28,11.84,0.0,1,1184,买盘
68,09:40:31,11.84,0.0,1,1184,买盘
69,09:40:34,11.84,0.0,1,1184,买盘
70,09:40:46,11.85,0.01,1,1185,买盘
71,09:40:49,11.84,-0.01,1,1184,卖盘
72,09:40:58,11.84,0.0,1,1184,买盘
73,09:41:06,11.83,-0.01,8,9464,卖盘
74,09:41:28,11.84,0.01,2,2368,卖盘
75,09:41:43,11.84,0.0,3,3552,买盘
76,09:41:46,11.84,0.0,1,1184,买盘
77,09:41:58,11.82,-0.02,1,1182,卖盘
78,09:42:01,11.82,0.0,3,3546,卖盘
79,09:42:07,11.84,0.02,1,1184,买盘
80,09:42:10,11.84,0.0,1,1184,买盘
81,09:42:13,11.84,0.0,6,7094,买盘
82,09:42:19,11.82,-0.02,1,1182,卖盘
83,09:42:21,11.82,0.0,2,2364,卖盘
84,09:42:25,11.83,0.01,3,3549,买盘
85,09:42:40,11.84,0.01,1,1184,买盘
86,09:42:46,11.83,-0.01,9,10647,卖盘
87,09:42:49,11.84,0.01,1,1184,买盘
88,09:43:04,11.83,-0.01,8,9464,卖盘
89,09:43:09,11.83,0.0,2,2366,买盘
90,09:43:16,11.83,0.0,2,2366,买盘
91,09:43:19,11.82,-0.01,5,5910,卖盘
92,09:43:25,11.82,0.0,1,1182,买盘
93,09:43:34,11.82,0.0,1,1182,买盘
94,09:43:40,11.82,0.0,1,1182,买盘
95,09:43:43,11.81,-0.01,1,1181,卖盘
96,09:43:49,11.81,0.0,4,4724,卖盘
97,09:43:58,11.82,0.01,61,72019,买盘
98,09:44:00,11.82,0.0,1,1182,买盘
99,09:44:13,11.82,0.0,34,40188,买盘
100,09:44:16,11.82,0.0,15,17730,买盘
101,09:44:25,11.82,0.0,3,3546,中性盘
102,09:44:28,11.81,-0.01,2,2363,卖盘
103,09:44:33,11.84,0.03,1,1184,买盘
104,09:44:40,11.84,0.0,1,1184,买盘
105,09:44:43,11.84,0.0,1,1184,买盘
106,09:45:07,11.81,-0.03,1,1181,卖盘
107,09:45:10,11.84,0.03,2,2368,买盘
108,09:45:22,11.81,-0.03,1,1181,卖盘
109,09:45:28,11.84,0.03,4,4727,买盘
110,09:45:40,11.83,-0.01,1,1183,买盘
111,09:45:43,11.83,0.0,1,1183,买盘
112,09:45:46,11.81,-0.02,13,15353,卖盘
113,09:46:01,11.81,0.0,5,5905,卖盘
114,09:46:04,11.81,0.0,5,5905,卖盘
115,09:46:07,11.82,0.01,55,64933,买盘
116,09:46:10,11.8,-0.02,8,9442,卖盘
117,09:46:16,11.81,0.01,2,2362,买盘
118,09:46:19,11.81,0.0,1,1181,买盘
119,09:46:28,11.81,0.0,2,2362,买盘
120,09:46:40,11.81,0.0,10,11810,卖盘
121,09:46:45,11.81,0.0,1,1181,买盘
122,09:46:58,11.81,0.0,1,1181,买盘
123,09:47:00,11.81,0.0,1,1181,买盘
124,09:47:04,11.8,-0.01,10,11800,卖盘
125,09:47:07,11.8,0.0,18,21240,卖盘
126,09:47:28,11.8,0.0,30,35400,卖盘
127,09:47:31,11.81,0.01,1,1181,买盘
128,09:47:40,11.81,0.0,2,2362,买盘
129,09:47:43,11.8,-0.01,20,23600,卖盘
130,09:47:51,11.8,0.0,5,5900,买盘
131,09:47:58,11.79,-0.01,2,2358,卖盘
132,09:48:07,11.8,0.01,3,3540,买盘
133,09:48:10,11.8,0.0,6,7080,买盘
134,09:48:16,11.8,0.0,1,1180,买盘
135,09:48:31,11.79,-0.01,1,1179,卖盘
136,09:48:37,11.8,0.01,1,1180,买盘
137,09:48:40,11.8,0.0,1,1180,买盘
138,09:48:49,11.79,-0.01,9,10611,卖盘
139,09:49:01,11.8,0.01,5,5900,买盘
140,09:49:10,11.8,0.0,1,1180,买盘
141,09:49:13,11.8,0.0,1,1180,买盘
142,09:49:28,11.8,0.0,10,11800,买盘
143,09:49:31,11.8,0.0,1,1180,买盘
144,09:49:34,11.8,0.0,41,48378,买盘
145,09:49:37,11.8,0.0,1,1180,买盘
146,09:49:43,11.8,0.0,10,11800,买盘
147,09:49:48,11.8,0.0,2,2360,买盘
148,09:50:01,11.81,0.01,1,1181,买盘
149,09:50:10,11.81,0.0,1,1181,买盘
150,09:50:12,11.81,0.0,1,1181,买盘
151,09:50:34,11.81,0.0,1,1181,买盘
152,09:50:40,11.81,0.0,2,2362,买盘
153,09:50:46,11.81,0.0,1,1181,买盘
154,09:51:10,11.81,0.0,2,2362,买盘
155,09:51:16,11.81,0.0,1,1181,买盘
156,09:51:31,11.81,0.0,1,1181,买盘
157,09:51:40,11.81,0.0,1,1181,买盘
158,09:51:52,11.81,0.0,10,11810,买盘
159,09:52:01,11.81,0.0,7,8267,买盘
160,09:52:04,11.8,-0.01,2,2360,卖盘
161,09:52:07,11.81,0.01,2,2362,买盘
162,09:52:15,11.81,0.0,1,1181,买盘
163,09:52:19,11.81,0.0,15,17715,买盘
164,09:52:31,11.81,0.0,10,11810,买盘
165,09:52:34,11.8,-0.01,6,7080,卖盘
166,09:52:37,11.81,0.01,33,38973,买盘
167,09:52:40,11.81,0.0,2,2362,买盘
168,09:52:43,11.81,0.0,1,1181,买盘
169,09:52:48,11.81,0.0,15,17715,买盘
170,09:53:00,11.82,0.01,1,1182,买盘
171,09:53:28,11.83,0.01,1,1183,买盘
172,09:53:31,11.83,0.0,1,1183,买盘
173,09:53:37,11.83,0.0,1,1183,买盘
174,09:53:49,11.83,0.0,18,21294,买盘
175,09:54:07,11.84,0.01,1,1184,买盘
176,09:54:09,11.83,-0.01,6,7099,卖盘
177,09:54:13,11.83,0.0,2,2366,卖盘
178,09:54:28,11.84,0.01,1,1184,买盘
179,09:54:37,11.84,0.0,8,9463,买盘
180,09:54:40,11.82,-0.02,2,2365,卖盘
181,09:54:43,11.83,0.01,5,5915,买盘
182,09:55:05,11.84,0.01,2,2368,买盘
183,09:55:07,11.84,0.0,1,1184,买盘
184,09:55:10,11.83,-0.01,3,3550,卖盘
185,09:55:19,11.83,0.0,2,2366,卖盘
186,09:55:25,11.83,0.0,15,17745,卖盘
187,09:55:34,11.83,0.0,2,2366,买盘
188,09:55:49,11.82,-0.01,10,11820,卖盘
189,09:56:04,11.83,0.01,1,1183,买盘
190,09:56:07,11.83,0.0,1,1183,买盘
191,09:56:10,11.83,0.0,7,8275,买盘
192,09:56:31,11.83,0.0,1,1183,买盘
193,09:56:37,11.83,0.0,1,1183,买盘
194,09:56:52,11.82,-0.01,1,1182,卖盘
195,09:57:04,11.83,0.01,2,2366,买盘
196,09:57:10,11.82,-0.01,21,24822,卖盘
197,09:57:27,11.82,0.0,1,1182,买盘
198,09:57:55,11.82,0.0,1,1182,买盘
199,09:58:22,11.81,-0.01,50,59050,卖盘
200,09:58:25,11.81,0.0,44,51964,买盘
201,09:58:28,11.81,0.0,1,1181,买盘
202,09:58:34,11.8,-0.01,1,1180,卖盘
203,09:58:37,11.8,0.0,84,99120,卖盘
204,09:58:55,11.79,-0.01,31,36549,卖盘
205,09:59:01,11.79,0.0,6,7074,买盘
206,09:59:13,11.78,-0.01,43,50654,卖盘
207,09:59:16,11.78,0.0,20,23560,买盘
208,09:59:43,11.77,-0.01,3,3531,买盘
209,09:59:49,11.77,0.0,1,1177,买盘
210,09:59:52,11.76,-0.01,25,29400,卖盘
211,09:59:55,11.77,0.01,3,3531,买盘
212,10:00:07,11.77,0.0,2,2354,卖盘
213,10:00:10,11.76,-0.01,47,55283,卖盘
214,10:00:22,11.76,0.0,9,10584,买盘
215,10:00:25,11.76,0.0,6,7056,买盘
216,10:00:34,11.75,-0.01,66,77554,卖盘
217,10:00:48,11.73,-0.02,31,36372,卖盘
218,10:01:07,11.73,0.0,3,3521,卖盘
219,10:01:16,11.74,0.01,19,22306,买盘
220,10:01:19,11.74,0.0,3,3522,卖盘
221,10:01:24,11.74,0.0,14,16436,卖盘
222,10:01:28,11.74,0.0,10,11740,买盘
223,10:01:34,11.74,0.0,1,1174,买盘
224,10:01:58,11.75,0.01,4,4700,买盘
225,10:02:10,11.75,0.0,3,3525,买盘
226,10:02:13,11.74,-0.01,1,1174,卖盘
227,10:02:19,11.75,0.01,76,89300,买盘
228,10:02:25,11.75,0.0,1,1175,买盘
229,10:02:31,11.75,0.0,18,21150,买盘
230,10:02:37,11.75,0.0,10,11750,买盘
231,10:02:57,11.75,0.0,10,11750,买盘
232,10:03:25,11.75,0.0,20,23500,买盘
233,10:04:28,11.75,0.0,3,3525,买盘
234,10:05:07,11.75,0.0,2,2350,卖盘
235,10:05:19,11.74,-0.01,30,35249,卖盘
236,10:05:31,11.74,0.0,58,68092,卖盘
237,10:05:37,11.73,-0.01,1,1173,卖盘
238,10:05:43,11.74,0.01,31,36393,买盘
239,10:05:58,11.73,-0.01,47,55131,卖盘
240,10:06:01,11.73,0.0,50,58650,买盘
241,10:06:07,11.73,0.0,2,2346,买盘
242,10:06:10,11.73,0.0,7,8211,买盘
243,10:06:16,11.73,0.0,1,1173,卖盘
244,10:06:37,11.74,0.01,64,75136,买盘
245,10:06:46,11.73,-0.01,2,2346,卖盘
246,10:06:52,11.73,0.0,4,4692,中性盘
247,10:07:07,11.73,0.0,1,1173,卖盘
248,10:08:58,11.73,0.0,106,124338,卖盘
249,10:09:01,11.73,0.0,1,1173,买盘
250,10:09:19,11.72,-0.01,2,2344,卖盘
251,10:09:22,11.73,0.01,7,8211,买盘
252,10:09:25,11.72,-0.01,4,4688,卖盘
253,10:09:46,11.73,0.01,2,2346,买盘
254,10:10:18,11.73,0.0,22,25806,卖盘
255,10:10:24,11.73,0.0,17,19941,卖盘
256,10:10:31,11.74,0.01,6,7044,买盘
257,10:10:34,11.74,0.0,16,18784,卖盘
258,10:10:37,11.74,0.0,7,8218,卖盘
259,10:10:49,11.74,0.0,1,1174,卖盘
260,10:10:52,11.74,0.0,5,5870,买盘
261,10:11:34,11.74,0.0,1,1174,卖盘
262,10:12:04,11.74,0.0,2,2348,卖盘
263,10:12:10,11.75,0.01,10,11750,买盘
264,10:12:40,11.75,0.0,1,1175,买盘
265,10:12:52,11.75,0.0,6,7050,买盘
266,10:13:07,11.75,0.0,2,2350,卖盘
267,10:13:21,11.77,0.02,6,7052,买盘
268,10:13:46,11.75,-0.02,6,7050,卖盘
269,10:13:55,11.77,0.02,8,9402,买盘
270,10:14:01,11.75,-0.02,5,5875,卖盘
271,10:14:07,11.75,0.0,1,1175,卖盘
272,10:14:19,11.75,0.0,11,12925,卖盘
273,10:14:22,11.75,0.0,2,2351,卖盘
274,10:14:28,11.75,0.0,1,1175,买盘
275,10:14:49,11.75,0.0,8,9400,买盘
276,10:14:54,11.75,0.0,5,5875,卖盘
277,10:14:58,11.76,0.01,1,1176,买盘
278,10:15:13,11.75,-0.01,10,11750,卖盘
279,10:15:37,11.75,0.0,20,23500,卖盘
280,10:15:54,11.75,0.0,1,1175,买盘
281,10:16:04,11.74,-0.01,1,1174,卖盘
282,10:16:10,11.74,0.0,1,1174,卖盘
283,10:16:13,11.74,0.0,2,2348,卖盘
284,10:16:16,11.74,0.0,7,8218,卖盘
285,10:16:21,11.75,0.01,1,1175,买盘
286,10:16:25,11.74,-0.01,2,2348,卖盘
287,10:16:46,11.74,0.0,5,5870,卖盘
288,10:17:07,11.74,0.0,1,1174,卖盘
289,10:17:25,11.74,0.0,5,5870,卖盘
290,10:17:28,11.75,0.01,1,1175,买盘
291,10:17:58,11.75,0.0,1,1175,买盘
292,10:18:04,11.75,0.0,2,2350,买盘
293,10:18:21,11.74,-0.01,5,5874,卖盘
294,10:18:28,11.74,0.0,1,1174,卖盘
295,10:18:51,11.75,0.01,1,1175,买盘
296,10:19:04,11.75,0.0,8,9400,买盘
297,10:19:07,11.75,0.0,5,5875,卖盘
298,10:19:28,11.76,0.01,1,1176,买盘
299,10:19:52,11.76,0.0,8,9401,买盘
300,10:19:55,11.76,0.0,1,1176,买盘
301,10:20:40,11.75,-0.01,1,1175,卖盘
302,10:21:01,11.76,0.01,1,1176,买盘
303,10:21:10,11.75,-0.01,1,1175,卖盘
304,10:21:22,11.74,-0.01,1,1174,卖盘
305,10:21:31,11.75,0.01,1,1175,买盘
306,10:21:52,11.75,0.0,7,8225,买盘
307,10:22:07,11.75,0.0,1,1175,卖盘
308,10:22:22,11.76,0.01,1,1176,买盘
309,10:22:58,11.76,0.0,1,1176,买盘
310,10:23:10,11.74,-0.02,59,69296,卖盘
311,10:23:40,11.75,0.01,1,1175,买盘
312,10:23:58,11.76,0.01,1,1176,买盘
313,10:24:28,11.75,-0.01,20,23500,卖盘
314,10:24:52,11.75,0.0,2,2350,买盘
315,10:25:01,11.74,-0.01,27,31698,卖盘
316,10:25:06,11.74,0.0,1,1174,卖盘
317,10:25:52,11.75,0.01,1,1175,买盘
318,10:26:19,11.7,-0.05,438,512765,卖盘
319,10:26:30,11.7,0.0,1,1170,买盘
320,10:26:37,11.7,0.0,7,8190,买盘
321,10:26:40,11.7,0.0,3,3510,卖盘
322,10:27:07,11.7,0.0,9,10530,卖盘
323,10:27:18,11.72,0.02,4,4688,买盘
324,10:27:28,11.72,0.0,1,1172,买盘
325,10:27:46,11.7,-0.02,7,8190,卖盘
326,10:27:58,11.71,0.01,1,1171,买盘
327,10:28:16,11.71,0.0,9,10539,买盘
328,10:28:25,11.71,0.0,1,1171,卖盘
329,10:28:48,11.7,-0.01,7,8196,卖盘
330,10:29:01,11.72,0.02,1,1172,买盘
331,10:29:19,11.7,-0.02,5,5850,卖盘
332,10:29:25,11.72,0.02,1,1172,买盘
333,10:29:34,11.72,0.0,6,7032,买盘
334,10:29:37,11.71,-0.01,2,2342,卖盘
335,10:29:58,11.72,0.01,6,7032,买盘
336,10:30:01,11.72,0.0,1,1172,买盘
337,10:30:34,11.71,-0.01,1,1171,卖盘
338,10:30:55,11.71,0.0,10,11710,卖盘
339,10:31:01,11.7,-0.01,59,69030,卖盘
340,10:31:06,11.7,0.0,10,11700,卖盘
341,10:31:19,11.7,0.0,11,12870,卖盘
342,10:31:22,11.69,-0.01,74,86512,卖盘
343,10:31:24,11.71,0.02,3,3509,买盘
344,10:31:55,11.69,-0.02,29,33901,卖盘
345,10:32:13,11.69,0.0,17,19873,买盘
346,10:32:31,11.7,0.01,1,1170,买盘
347,10:32:37,11.69,-0.01,40,46760,卖盘
348,10:32:49,11.69,0.0,25,29225,卖盘
349,10:33:01,11.69,0.0,5,5845,买盘
350,10:33:10,11.68,-0.01,23,26869,卖盘
351,10:33:16,11.69,0.01,10,11690,中性盘
352,10:33:37,11.69,0.0,17,19873,买盘
353,10:33:40,11.69,0.0,1,1169,卖盘
354,10:33:55,11.7,0.01,2,2340,买盘
355,10:34:07,11.69,-0.01,18,21045,卖盘
356,10:34:18,11.7,0.01,3,3510,买盘
357,10:34:52,11.71,0.01,2,2342,买盘
358,10:35:28,11.72,0.01,1,1172,买盘
359,10:36:07,11.72,0.0,5,5860,买盘
360,10:36:27,11.71,-0.01,1,1171,卖盘
361,10:36:55,11.7,-0.01,7,8195,卖盘
362,10:37:01,11.72,0.02,1,1172,买盘
363,10:37:39,11.7,-0.02,6,7020,卖盘
364,10:37:58,11.7,0.0,2,2340,卖盘
365,10:38:07,11.7,0.0,2,2340,卖盘
366,10:38:22,11.7,0.0,10,11700,卖盘
367,10:38:25,11.7,0.0,27,31590,卖盘
368,10:38:28,11.7,0.0,1,1170,买盘
369,10:38:33,11.69,-0.01,10,11690,卖盘
370,10:38:40,11.69,0.0,1,1169,卖盘
371,10:39:10,11.69,0.0,1,1169,卖盘
372,10:39:27,11.7,0.01,2,2340,买盘
373,10:39:42,11.69,-0.01,1,1169,卖盘
374,10:40:04,11.69,0.0,2,2338,卖盘
375,10:40:48,11.69,0.0,2,2338,卖盘
376,10:40:52,11.7,0.01,20,23400,买盘
377,10:40:55,11.69,-0.01,30,35070,卖盘
378,10:41:00,11.7,0.01,1,1170,买盘
379,10:41:07,11.7,0.0,1,1170,中性盘
380,10:43:19,11.7,0.0,8,9360,卖盘
381,10:43:49,11.7,0.0,50,58500,卖盘
382,10:44:10,11.7,0.0,1,1170,卖盘
383,10:44:16,11.7,0.0,49,57330,买盘
384,10:44:55,11.7,0.0,20,23400,卖盘
385,10:45:01,11.7,0.0,19,22230,买盘
386,10:45:04,11.7,0.0,1,1170,卖盘
387,10:45:43,11.7,0.0,1,1170,卖盘
388,10:45:46,11.7,0.0,10,11700,卖盘
389,10:45:51,11.7,0.0,4,4680,卖盘
390,10:45:58,11.7,0.0,1,1170,卖盘
391,10:46:04,11.69,-0.01,37,43267,卖盘
392,10:46:07,11.69,0.0,11,12859,卖盘
393,10:46:25,11.68,-0.01,5,5840,卖盘
394,10:46:37,11.68,0.0,21,24528,卖盘
395,10:46:55,11.69,0.01,3,3507,买盘
396,10:46:58,11.69,0.0,2,2338,买盘
397,10:47:09,11.68,-0.01,27,31536,卖盘
398,10:47:22,11.69,0.01,9,10521,买盘
399,10:47:48,11.69,0.0,2,2338,卖盘
400,10:48:10,11.7,0.01,1,1170,买盘
401,10:48:12,11.7,0.0,1,1170,买盘
402,10:48:19,11.7,0.0,1,1170,买盘
403,10:49:10,11.7,0.0,7,8190,买盘
404,10:49:54,11.7,0.0,7,8190,卖盘
405,10:50:01,11.69,-0.01,2,2338,卖盘
406,10:51:04,11.7,0.01,1,1170,买盘
407,10:51:07,11.7,0.0,1,1170,买盘
408,10:51:49,11.7,0.0,3,3510,买盘
409,10:52:13,11.69,-0.01,112,131020,卖盘
410,10:52:54,11.69,0.0,1,1169,卖盘
411,10:53:28,11.7,0.01,4,4680,买盘
412,10:54:07,11.71,0.01,2,2342,买盘
413,10:54:19,11.71,0.0,14,16390,买盘
414,10:54:55,11.69,-0.02,8,9352,卖盘
415,10:54:58,11.7,0.01,1,1170,买盘
416,10:55:13,11.71,0.01,1,1171,买盘
417,10:55:21,11.71,0.0,5,5855,买盘
418,10:55:45,11.71,0.0,2,2342,买盘
419,10:56:10,11.71,0.0,1,1171,买盘
420,10:56:19,11.7,-0.01,8,9360,卖盘
421,10:57:07,11.71,0.01,1,1171,买盘
422,10:57:40,11.71,0.0,5,5855,买盘
423,10:57:43,11.67,-0.04,384,448716,卖盘
424,10:57:52,11.67,0.0,4,4668,买盘
425,10:58:01,11.67,0.0,3,3501,买盘
426,10:58:07,11.66,-0.01,10,11660,卖盘
427,10:58:09,11.67,0.01,1,1167,买盘
428,10:58:28,11.67,0.0,30,35010,买盘
429,10:58:31,11.67,0.0,20,23340,买盘
430,10:58:34,11.67,0.0,30,35010,买盘
431,10:58:36,11.67,0.0,2,2334,买盘
432,10:58:39,11.67,0.0,20,23340,买盘
433,10:58:46,11.67,0.0,6,7002,买盘
434,10:58:49,11.67,0.0,6,7002,买盘
435,10:59:07,11.67,0.0,2,2334,卖盘
436,10:59:37,11.71,0.04,1,1171,买盘
437,10:59:58,11.67,-0.04,5,5836,卖盘
438,11:00:01,11.67,0.0,3,3501,卖盘
439,11:00:21,11.67,0.0,41,47857,卖盘
440,11:00:31,11.67,0.0,1,1167,卖盘
441,11:00:37,11.7,0.03,1,1170,买盘
442,11:00:57,11.67,-0.03,1,1167,卖盘
443,11:01:25,11.67,0.0,17,19839,卖盘
444,11:01:40,11.69,0.02,1,1169,买盘
445,11:01:45,11.67,-0.02,1,1167,卖盘
446,11:02:01,11.67,0.0,1,1167,卖盘
447,11:02:04,11.67,0.0,3,3501,卖盘
448,11:02:13,11.67,0.0,2,2334,卖盘
449,11:02:28,11.67,0.0,7,8169,卖盘
450,11:02:34,11.68,0.01,3,3504,买盘
451,11:02:37,11.68,0.0,3,3504,卖盘
452,11:03:19,11.68,0.0,12,14016,卖盘
453,11:04:07,11.69,0.01,4,4671,买盘
454,11:04:34,11.69,0.0,1,1169,买盘
455,11:05:01,11.7,0.01,2,2340,买盘
456,11:05:10,11.71,0.01,1,1171,买盘
457,11:06:06,11.71,0.0,1,1171,买盘
458,11:07:07,11.71,0.0,1,1171,买盘
459,11:08:09,11.71,0.0,1,1171,买盘
460,11:08:37,11.71,0.0,5,5855,买盘
461,11:08:49,11.72,0.01,1,1172,买盘
462,11:08:55,11.72,0.0,1,1172,卖盘
463,11:08:58,11.72,0.0,10,11720,卖盘
464,11:09:04,11.73,0.01,11,12896,买盘
465,11:09:25,11.73,0.0,6,7038,买盘
466,11:09:28,11.73,0.0,4,4692,卖盘
467,11:09:39,11.74,0.01,1,1174,买盘
468,11:10:04,11.74,0.0,13,15262,买盘
469,11:10:12,11.73,-0.01,1,1173,卖盘
470,11:10:34,11.74,0.01,7,8218,买盘
471,11:10:57,11.75,0.01,20,23500,买盘
472,11:11:22,11.74,-0.01,14,16436,卖盘
473,11:11:40,11.74,0.0,1,1174,买盘
474,11:12:37,11.73,-0.01,7,8211,卖盘
475,11:12:40,11.74,0.01,1,1174,买盘
476,11:12:46,11.73,-0.01,32,37536,卖盘
477,11:14:04,11.72,-0.01,1,1172,买盘
478,11:14:12,11.73,0.01,1,1173,买盘
479,11:15:12,11.74,0.01,1,1174,买盘
480,11:15:39,11.72,-0.02,1,1172,卖盘
481,11:15:48,11.73,0.01,2,2346,中性盘
482,11:16:07,11.74,0.01,4,4696,买盘
483,11:16:09,11.74,0.0,5,5870,卖盘
484,11:16:16,11.74,0.0,4,4696,卖盘
485,11:16:22,11.73,-0.01,1,1173,卖盘
486,11:16:28,11.74,0.01,2,2348,买盘
487,11:17:04,11.75,0.01,20,23500,买盘
488,11:17:13,11.75,0.0,1,1175,买盘
489,11:18:10,11.75,0.0,1,1175,买盘
490,11:18:18,11.75,0.0,2,2350,买盘
491,11:18:25,11.74,-0.01,5,5870,卖盘
492,11:19:13,11.74,0.0,1,1174,卖盘
493,11:19:40,11.75,0.01,1,1175,买盘
494,11:19:52,11.74,-0.01,1,1174,卖盘
495,11:20:10,11.74,0.0,11,12914,卖盘
496,11:20:43,11.75,0.01,1,1175,买盘
497,11:20:49,11.73,-0.02,2,2346,卖盘
498,11:21:39,11.74,0.01,1,1174,买盘
499,11:22:16,11.73,-0.01,1,1173,卖盘
500,11:22:40,11.74,0.01,1,1174,买盘
501,11:23:00,11.73,-0.01,24,28152,卖盘
502,11:23:34,11.72,-0.01,3,3516,卖盘
503,11:23:46,11.71,-0.01,5,5855,卖盘
504,11:24:00,11.69,-0.02,5,5845,卖盘
505,11:24:13,11.67,-0.02,53,61888,卖盘
506,11:25:13,11.71,0.04,1,1171,买盘
507,11:25:16,11.68,-0.03,1,1168,卖盘
508,11:26:10,11.71,0.03,7,8197,买盘
509,11:26:18,11.69,-0.02,27,31565,卖盘
510,11:26:28,11.68,-0.01,6,7008,卖盘
511,11:26:30,11.69,0.01,13,15197,买盘
512,11:26:52,11.72,0.03,9,10545,买盘
513,11:26:57,11.72,0.0,1,1172,卖盘
514,11:27:15,11.73,0.01,1,1173,买盘
515,11:27:52,11.72,-0.01,5,5860,卖盘
516,11:28:16,11.73,0.01,6,7038,买盘
517,11:29:06,11.73,0.0,14,16422,卖盘
518,11:29:33,11.73,0.0,10,11730,买盘
519,11:29:43,11.73,0.0,1,1173,买盘
520,13:00:07,11.73,0.0,7,8211,买盘
521,13:00:43,11.74,0.01,1,1174,买盘
522,13:00:45,11.73,-0.01,10,11730,卖盘
523,13:01:04,11.73,0.0,9,10557,卖盘
524,13:01:21,11.73,0.0,7,8211,卖盘
525,13:01:24,11.73,0.0,1,1173,卖盘
526,13:01:46,11.74,0.01,1,1174,买盘
527,13:02:43,11.74,0.0,1,1174,买盘
528,13:04:00,11.73,-0.01,117,138297,卖盘
529,13:04:12,11.74,0.01,1,1174,买盘
530,13:04:27,11.73,-0.01,5,5865,卖盘
531,13:05:15,11.74,0.01,1,1174,买盘
532,13:05:58,11.73,-0.01,6,7038,卖盘
533,13:06:10,11.73,0.0,10,11730,卖盘
534,13:06:15,11.73,0.0,2,2347,卖盘
535,13:07:16,11.74,0.01,1,1174,买盘
536,13:07:27,11.73,-0.01,1,1173,卖盘
537,13:08:16,11.74,0.01,1,1174,买盘
538,13:08:28,11.73,-0.01,80,93840,卖盘
539,13:08:34,11.73,0.0,1,117,买盘
540,13:08:52,11.72,-0.01,7,8204,卖盘
541,13:09:12,11.72,0.0,20,23440,卖盘
542,13:09:46,11.73,0.01,1,1173,买盘
543,13:10:25,11.72,-0.01,5,5860,卖盘
544,13:10:28,11.72,0.0,1,1172,卖盘
545,13:10:40,11.72,0.0,5,5860,卖盘
546,13:10:46,11.73,0.01,1,1173,买盘
547,13:10:58,11.72,-0.01,7,8204,卖盘
548,13:11:33,11.7,-0.02,30,35100,卖盘
549,13:11:43,11.71,0.01,1,1171,买盘
550,13:11:49,11.7,-0.01,2,2340,卖盘
551,13:11:55,11.7,0.0,30,35100,卖盘
552,13:12:43,11.71,0.01,1,1171,买盘
553,13:13:22,11.71,0.0,6,7026,买盘
554,13:13:31,11.7,-0.01,30,35114,卖盘
555,13:15:43,11.71,0.01,1,1171,买盘
556,13:16:42,11.71,0.0,1,1171,卖盘
557,13:17:43,11.72,0.01,31,36332,买盘
558,13:17:46,11.72,0.0,1,1172,买盘
559,13:18:31,11.73,0.01,1,1173,买盘
560,13:18:43,11.74,0.01,3,3522,买盘
561,13:19:10,11.75,0.01,3,3525,买盘
562,13:19:31,11.74,-0.01,2,2348,卖盘
563,13:19:55,11.73,-0.01,5,5865,卖盘
564,13:20:01,11.75,0.02,16,18799,买盘
565,13:21:37,11.77,0.02,100,117553,买盘
566,13:22:34,11.73,-0.04,6,7038,卖盘
567,13:22:49,11.74,0.01,1,1174,买盘
568,13:23:10,11.74,0.0,3,3522,卖盘
569,13:24:36,11.74,0.0,1,1174,卖盘
570,13:25:00,11.73,-0.01,1,1173,卖盘
571,13:26:34,11.74,0.01,2,2348,卖盘
572,13:26:43,11.73,-0.01,11,12903,卖盘
573,13:26:49,11.73,0.0,4,4692,卖盘
574,13:26:55,11.73,0.0,6,7038,卖盘
575,13:27:01,11.73,0.0,6,7038,卖盘
576,13:27:16,11.73,0.0,2,2346,买盘
577,13:27:19,11.73,0.0,4,4691,买盘
578,13:27:57,11.7,-0.03,110,128772,卖盘
579,13:28:52,11.7,0.0,1,1170,卖盘
580,13:30:16,11.71,0.01,2,2342,卖盘
581,13:30:52,11.71,0.0,2,2342,卖盘
582,13:31:49,11.71,0.0,1,1171,卖盘
583,13:32:19,11.71,0.0,1,1171,卖盘
584,13:32:51,11.71,0.0,1,1171,卖盘
585,13:33:19,11.7,-0.01,200,234091,卖盘
586,13:33:30,11.7,0.0,105,122850,卖盘
587,13:33:46,11.69,-0.01,1,1169,卖盘
588,13:33:55,11.69,0.0,2,2338,卖盘
589,13:34:01,11.69,0.0,15,17535,卖盘
590,13:34:04,11.69,0.0,2,2338,卖盘
591,13:34:06,11.69,0.0,3,3507,卖盘
592,13:34:10,11.69,0.0,1,1169,卖盘
593,13:34:46,11.69,0.0,30,35070,卖盘
594,13:34:54,11.68,-0.01,1,1168,卖盘
595,13:34:58,11.68,0.0,10,11680,卖盘
596,13:35:25,11.68,0.0,30,35040,卖盘
597,13:35:27,11.68,0.0,7,8176,卖盘
598,13:35:33,11.68,0.0,2,2336,卖盘
599,13:35:37,11.68,0.0,11,12848,卖盘
600,13:35:40,11.68,0.0,1,1168,卖盘
601,13:36:46,11.68,0.0,2,2336,卖盘
602,13:37:01,11.68,0.0,1,1168,卖盘
603,13:37:46,11.68,0.0,3,3504,卖盘
604,13:37:54,11.68,0.0,7,8176,卖盘
605,13:38:10,11.68,0.0,13,15184,卖盘
606,13:38:28,11.66,-0.02,100,116664,卖盘
607,13:39:10,11.66,0.0,50,58302,卖盘
608,13:39:39,11.66,0.0,1,1166,卖盘
609,13:40:28,11.67,0.01,1,1167,买盘
610,13:40:37,11.66,-0.01,97,113102,卖盘
611,13:40:55,11.66,0.0,1,1166,卖盘
612,13:41:10,11.67,0.01,32,37344,买盘
613,13:41:48,11.67,0.0,17,19839,买盘
614,13:42:31,11.67,0.0,1,1167,卖盘
615,13:43:27,11.67,0.0,2,2334,卖盘
616,13:43:37,11.67,0.0,1,1167,卖盘
617,13:44:25,11.67,0.0,36,42012,卖盘
618,13:44:31,11.67,0.0,1,1167,卖盘
619,13:44:34,11.68,0.01,11,12848,买盘
620,13:44:40,11.68,0.0,3,3504,卖盘
621,13:44:46,11.68,0.0,1,1168,卖盘
622,13:45:19,11.66,-0.02,60,69972,卖盘
623,13:45:33,11.66,0.0,1,1166,卖盘
624,13:45:40,11.65,-0.01,60,69927,卖盘
625,13:45:52,11.65,0.0,100,116520,卖盘
626,13:45:57,11.65,0.0,5,5825,卖盘
627,13:46:01,11.65,0.0,35,40775,卖盘
628,13:46:16,11.65,0.0,50,58250,卖盘
629,13:46:22,11.65,0.0,82,95530,卖盘
630,13:46:33,11.65,0.0,4,4660,卖盘
631,13:46:37,11.65,0.0,2,2330,卖盘
632,13:46:46,11.65,0.0,6,6990,卖盘
633,13:47:13,11.65,0.0,2,2330,卖盘
634,13:47:18,11.65,0.0,25,29125,卖盘
635,13:47:31,11.65,0.0,28,32620,卖盘
636,13:47:37,11.66,0.01,8,9322,买盘
637,13:47:42,11.66,0.0,2,2332,卖盘
638,13:47:49,11.66,0.0,2,2332,卖盘
639,13:47:55,11.66,0.0,2,2332,卖盘
640,13:48:00,11.66,0.0,2,2332,卖盘
641,13:48:06,11.65,-0.01,5,5825,卖盘
642,13:48:19,11.67,0.02,8,9333,买盘
643,13:48:25,11.67,0.0,2,2334,卖盘
644,13:48:31,11.67,0.0,7,8169,卖盘
645,13:48:37,11.67,0.0,2,2334,卖盘
646,13:48:40,11.67,0.0,1,1167,卖盘
647,13:49:07,11.66,-0.01,5,5830,卖盘
648,13:50:40,11.66,0.01,1,1166,买盘
649,13:50:46,11.66,0.0,5,5830,买盘
650,13:51:07,11.65,-0.01,67,78055,卖盘
651,13:51:34,11.65,0.0,20,23300,卖盘
652,13:52:31,11.66,0.01,7,8162,买盘
653,13:52:43,11.66,0.0,3,3498,卖盘
654,13:54:12,11.67,0.01,2,2334,买盘
655,13:54:28,11.66,-0.01,1,1166,卖盘
656,13:55:15,11.65,-0.01,26,30306,卖盘
657,13:55:22,11.65,0.0,11,12815,卖盘
658,13:55:31,11.65,0.0,2,2330,卖盘
659,13:55:37,11.65,0.0,2,2330,卖盘
660,13:55:46,11.65,0.0,6,6990,卖盘
661,13:55:52,11.65,0.0,5,5825,卖盘
662,13:55:58,11.64,-0.01,605,704292,卖盘
663,13:56:01,11.65,0.01,4,4660,中性盘
664,13:56:04,11.64,-0.01,36,41904,卖盘
665,13:56:07,11.62,-0.02,252,293174,卖盘
666,13:56:10,11.62,0.0,1,1162,卖盘
667,13:56:13,11.62,0.0,6,6972,卖盘
668,13:56:16,11.61,-0.01,3,2612,买盘
669,13:56:21,11.61,0.0,3,3483,卖盘
670,13:56:27,11.61,0.0,18,20898,卖盘
671,13:56:54,11.6,-0.01,6,6960,卖盘
672,13:56:58,11.6,0.0,103,119483,卖盘
673,13:57:07,11.6,0.0,15,17404,卖盘
674,13:57:16,11.6,0.0,135,156600,卖盘
675,13:57:19,11.61,0.01,20,23205,买盘
676,13:57:52,11.58,-0.03,101,116958,卖盘
677,13:57:58,11.58,0.0,39,45162,卖盘
678,13:58:01,11.58,0.0,1,1158,买盘
679,13:58:07,11.58,0.0,1,1158,卖盘
680,13:58:25,11.57,-0.01,1,1157,卖盘
681,13:58:49,11.55,-0.02,145,167515,卖盘
682,13:58:55,11.55,0.0,3,3465,买盘
683,13:58:58,11.52,-0.03,1,1152,卖盘
684,13:59:12,11.51,-0.01,11,12670,卖盘
685,13:59:25,11.52,0.01,20,23040,买盘
686,13:59:28,11.51,-0.01,31,35684,卖盘
687,13:59:31,11.51,0.0,2,2302,买盘
688,13:59:40,11.51,0.0,31,35681,买盘
689,13:59:46,11.51,0.0,10,11510,买盘
690,13:59:49,11.51,0.0,1,1151,买盘
691,13:59:52,11.51,0.0,13,14963,买盘
692,13:59:55,11.51,0.0,8,9208,买盘
693,13:59:58,11.5,-0.01,50,57521,卖盘
694,14:00:00,11.52,0.02,1,1152,买盘
695,14:00:13,11.52,0.0,5,5756,买盘
696,14:00:34,11.53,0.01,3,3459,买盘
697,14:00:54,11.54,0.01,1,1154,买盘
698,14:01:07,11.52,-0.02,33,38053,卖盘
699,14:01:25,11.52,0.0,33,38026,卖盘
700,14:01:28,11.52,0.0,19,21888,买盘
701,14:01:34,11.52,0.0,18,20736,卖盘
702,14:01:37,11.52,0.0,5,5760,买盘
703,14:01:46,11.52,0.0,23,26496,买盘
704,14:01:52,11.53,0.01,1,1153,买盘
705,14:01:55,11.53,0.0,1,1153,买盘
706,14:01:58,11.53,0.0,1,1153,买盘
707,14:02:01,11.53,0.0,1,1153,买盘
708,14:02:19,11.53,0.0,4,4612,买盘
709,14:02:22,11.53,0.0,3,3459,买盘
710,14:02:27,11.53,0.0,1,1153,买盘
711,14:02:34,11.53,0.0,10,11530,买盘
712,14:02:58,11.54,0.01,24,27696,买盘
713,14:03:07,11.54,0.0,1,1154,卖盘
714,14:03:19,11.55,0.01,1,1155,买盘
715,14:03:25,11.55,0.0,10,11550,买盘
716,14:03:51,11.53,-0.02,74,85333,卖盘
717,14:04:00,11.51,-0.02,240,276297,卖盘
718,14:04:04,11.53,0.02,70,80710,买盘
719,14:04:15,11.54,0.01,31,35774,买盘
720,14:04:22,11.54,0.0,1,1154,卖盘
721,14:04:25,11.54,0.0,15,17310,卖盘
722,14:04:37,11.53,-0.01,6,6918,卖盘
723,14:04:40,11.54,0.01,2,2308,卖盘
724,14:04:48,11.53,-0.01,34,39202,卖盘
725,14:05:07,11.53,0.0,3,3459,买盘
726,14:05:15,11.53,0.0,82,94546,买盘
727,14:05:19,11.53,0.0,18,20754,卖盘
728,14:05:49,11.52,-0.01,20,23040,卖盘
729,14:06:01,11.52,0.0,1,1152,卖盘
730,14:06:13,11.53,0.01,5,5765,买盘
731,14:06:16,11.52,-0.01,2,2304,卖盘
732,14:06:28,11.52,0.0,3,3456,卖盘
733,14:06:34,11.52,0.0,36,41472,卖盘
734,14:06:49,11.51,-0.01,100,115100,卖盘
735,14:06:52,11.51,0.0,40,46040,卖盘
736,14:06:55,11.51,0.0,131,150786,卖盘
737,14:06:58,11.51,0.0,54,62154,卖盘
738,14:07:01,11.5,-0.01,58,66704,卖盘
739,14:07:04,11.5,0.0,4,4600,卖盘
740,14:07:07,11.5,0.0,22,25300,卖盘
741,14:07:10,11.5,0.0,7,8050,卖盘
742,14:07:13,11.5,0.0,6,6900,卖盘
743,14:07:16,11.5,0.0,8,9200,卖盘
744,14:07:19,11.5,0.0,2,2300,卖盘
745,14:07:24,11.5,0.0,10,11500,卖盘
746,14:07:31,11.5,0.0,13,14950,卖盘
747,14:07:49,11.5,0.0,6,6899,买盘
748,14:07:52,11.49,-0.01,2,2298,卖盘
749,14:08:12,11.49,0.0,49,56301,卖盘
750,14:08:15,11.49,0.0,6,6894,卖盘
751,14:08:25,11.48,-0.01,2,2296,卖盘
752,14:08:31,11.48,0.0,34,39032,卖盘
753,14:08:39,11.47,-0.01,40,45880,卖盘
754,14:08:58,11.48,0.01,5,5740,买盘
755,14:09:10,11.48,0.0,1,1148,买盘
756,14:09:19,11.48,0.0,40,45920,买盘
757,14:09:27,11.48,0.0,50,57400,买盘
758,14:09:31,11.46,-0.02,26,29807,卖盘
759,14:09:34,11.46,0.0,11,12606,买盘
760,14:09:37,11.45,-0.01,2,2290,卖盘
761,14:09:40,11.48,0.03,47,53884,买盘
762,14:09:42,11.48,0.0,1,1148,卖盘
763,14:09:46,11.5,0.02,213,244947,买盘
764,14:09:52,11.51,0.01,1,1151,买盘
765,14:09:58,11.5,-0.01,1,1150,卖盘
766,14:10:07,11.51,0.01,4,4604,买盘
767,14:10:10,11.5,-0.01,11,12656,卖盘
768,14:10:13,11.5,0.0,200,230000,卖盘
769,14:10:40,11.5,0.0,10,11504,卖盘
770,14:11:01,11.5,0.0,56,64400,卖盘
771,14:11:13,11.47,-0.03,395,453158,卖盘
772,14:11:28,11.47,0.0,1,1147,买盘
773,14:11:43,11.47,0.0,1,1147,买盘
774,14:11:49,11.47,0.0,8,9176,买盘
775,14:12:37,11.48,0.01,25,28700,卖盘
776,14:13:01,11.49,0.01,2,2298,卖盘
777,14:13:31,11.5,0.01,4,4600,买盘
778,14:13:45,11.5,0.0,2,2300,卖盘
779,14:14:13,11.5,0.0,25,28750,卖盘
780,14:14:19,11.49,-0.01,3,3447,卖盘
781,14:14:46,11.5,0.01,64,73600,买盘
782,14:14:51,11.49,-0.01,50,57492,卖盘
783,14:14:58,11.48,-0.01,8,9184,卖盘
784,14:15:46,11.48,0.0,20,22960,卖盘
785,14:16:42,11.43,-0.05,180,206320,卖盘
786,14:16:55,11.43,0.0,63,72045,卖盘
787,14:17:10,11.4,-0.03,500,570381,卖盘
788,14:17:25,11.42,0.02,17,19430,卖盘
789,14:18:34,11.49,0.07,66,75834,买盘
790,14:18:54,11.49,0.0,5,5745,卖盘
791,14:18:58,11.5,0.01,80,92000,买盘
792,14:20:10,11.5,0.0,5,5750,买盘
793,14:20:15,11.49,-0.01,1,1149,卖盘
794,14:20:22,11.5,0.01,5,5750,买盘
795,14:20:28,11.49,-0.01,1,1149,卖盘
796,14:20:37,11.49,0.0,27,31023,卖盘
797,14:21:15,11.49,0.0,6,6892,买盘
798,14:21:25,11.45,-0.04,200,229132,卖盘
799,14:21:46,11.46,0.01,2,2292,买盘
800,14:22:22,11.46,0.0,1,1146,买盘
801,14:22:28,11.46,0.0,18,20628,买盘
802,14:22:43,11.46,0.0,15,17190,卖盘
803,14:23:16,11.46,0.0,1,1146,卖盘
804,14:23:18,11.43,-0.03,40,45805,卖盘
805,14:23:43,11.43,0.0,51,58293,卖盘
806,14:23:52,11.4,-0.03,205,233837,卖盘
807,14:24:43,11.47,0.07,4,4588,买盘
808,14:24:49,11.49,0.02,5,5744,买盘
809,14:25:46,11.47,-0.02,16,18352,卖盘
810,14:26:13,11.47,0.0,14,16058,买盘
811,14:26:39,11.47,0.0,1,1147,中性盘
812,14:26:43,11.47,0.0,1,1147,卖盘
813,14:26:46,11.47,0.0,1,1147,卖盘
814,14:27:07,11.47,0.0,7,8029,卖盘
815,14:27:34,11.4,-0.07,244,278481,卖盘
816,14:27:43,11.4,0.0,10,11400,买盘
817,14:27:46,11.4,0.0,1,1140,买盘
818,14:27:48,11.4,0.0,14,15960,买盘
819,14:27:52,11.4,0.0,11,12540,买盘
820,14:27:55,11.4,0.0,13,14820,买盘
821,14:27:58,11.4,0.0,1,1140,买盘
822,14:28:01,11.4,0.0,9,10260,买盘
823,14:28:19,11.4,0.0,20,22800,卖盘
824,14:28:22,11.4,0.0,3,3420,卖盘
825,14:28:31,11.47,0.07,1,1147,买盘
826,14:28:42,11.47,0.0,1,1147,卖盘
827,14:28:46,11.47,0.0,19,21793,卖盘
828,14:29:13,11.47,0.0,40,45880,买盘
829,14:30:25,11.44,-0.03,18,20592,卖盘
830,14:31:28,11.44,0.0,22,25168,卖盘
831,14:31:31,11.44,0.0,2,2288,买盘
832,14:32:28,11.43,-0.01,2,2286,卖盘
833,14:32:34,11.44,0.01,2,2288,买盘
834,14:32:37,11.44,0.0,1,1144,买盘
835,14:32:40,11.44,0.0,1,1144,买盘
836,14:32:43,11.43,-0.01,28,32004,卖盘
837,14:32:46,11.43,0.0,1,1143,买盘
838,14:32:52,11.43,0.0,4,4572,买盘
839,14:32:58,11.43,0.0,1,1143,买盘
840,14:33:04,11.43,0.0,1,1143,买盘
841,14:33:07,11.41,-0.02,110,125530,卖盘
842,14:33:10,11.43,0.02,1,1143,买盘
843,14:33:49,11.42,-0.01,10,11420,买盘
844,14:34:22,11.43,0.01,10,11430,买盘
845,14:34:34,11.42,-0.01,1,1142,卖盘
846,14:34:40,11.43,0.01,10,11430,买盘
847,14:34:58,11.43,0.0,18,20574,买盘
848,14:35:01,11.43,0.0,5,5715,买盘
849,14:35:04,11.43,0.0,1,1143,买盘
850,14:35:07,11.43,0.0,1,1143,买盘
851,14:35:10,11.43,0.0,1,1143,买盘
852,14:35:13,11.43,0.0,1,1143,买盘
853,14:35:31,11.43,0.0,66,75438,卖盘
854,14:35:42,11.42,-0.01,20,22846,卖盘
855,14:38:22,11.43,0.01,2,2286,卖盘
856,14:38:34,11.43,0.0,15,17145,卖盘
857,14:38:46,11.41,-0.02,50,57081,卖盘
858,14:38:58,11.41,0.0,56,63896,卖盘
859,14:39:25,11.4,-0.01,30,34200,卖盘
860,14:39:28,11.4,0.0,31,35340,卖盘
861,14:39:37,11.4,0.0,48,54720,卖盘
862,14:39:39,11.41,0.01,50,57041,买盘
863,14:40:16,11.4,-0.01,5,5700,买盘
864,14:40:28,11.4,0.0,39,44460,买盘
865,14:40:31,11.4,0.0,2,2280,卖盘
866,14:40:37,11.4,0.0,10,11400,卖盘
867,14:40:49,11.4,0.0,9,10260,卖盘
868,14:40:55,11.4,0.0,2,2280,买盘
869,14:40:58,11.39,-0.01,21,23919,卖盘
870,14:41:04,11.4,0.01,10,11400,买盘
871,14:41:07,11.41,0.01,30,34202,买盘
872,14:41:10,11.39,-0.02,30,34210,卖盘
873,14:41:43,11.4,0.01,11,12540,买盘
874,14:42:34,11.4,0.0,30,34223,卖盘
875,14:43:04,11.4,0.0,30,34200,卖盘
876,14:43:19,11.4,0.0,64,72960,卖盘
877,14:43:31,11.4,0.0,5,5700,卖盘
878,14:43:46,11.4,0.0,11,12540,卖盘
879,14:44:07,11.39,-0.01,14,15946,卖盘
880,14:44:25,11.4,0.01,75,85500,买盘
881,14:44:31,11.39,-0.01,2,2278,卖盘
882,14:45:04,11.4,0.01,9,10260,买盘
883,14:45:13,11.41,0.01,5,5705,买盘
884,14:45:22,11.4,-0.01,24,27360,卖盘
885,14:45:55,11.4,0.0,5,5700,卖盘
886,14:46:01,11.4,0.0,16,18240,卖盘
887,14:46:22,11.41,0.01,6,6846,买盘
888,14:46:37,11.41,0.0,44,50204,卖盘
889,14:46:55,11.41,0.0,1,1141,买盘
890,14:47:10,11.41,0.0,2,2282,买盘
891,14:47:13,11.41,0.0,4,4564,买盘
892,14:47:19,11.41,0.0,14,15974,卖盘
893,14:47:43,11.4,-0.01,23,26220,卖盘
894,14:48:01,11.41,0.01,42,47922,买盘
895,14:48:04,11.41,0.0,2,2282,卖盘
896,14:48:22,11.41,0.0,7,7987,卖盘
897,14:48:34,11.41,0.0,49,55909,卖盘
898,14:49:22,11.4,-0.01,52,59280,卖盘
899,14:49:25,11.41,0.01,1,1141,买盘
900,14:49:43,11.39,-0.02,20,22780,卖盘
901,14:49:46,11.39,0.0,10,11390,卖盘
902,14:49:55,11.39,0.0,5,5695,买盘
903,14:50:01,11.38,-0.01,2,2276,卖盘
904,14:50:04,11.38,0.0,24,27312,卖盘
905,14:50:10,11.38,0.0,2,2276,买盘
906,14:50:16,11.37,0.0,50,55997,卖盘
907,14:50:31,11.36,-0.01,53,60208,卖盘
908,14:50:37,11.36,0.0,118,134048,卖盘
909,14:50:40,11.36,0.0,7,7948,买盘
910,14:50:43,11.34,-0.02,2,2268,卖盘
911,14:50:55,11.34,0.0,11,12474,卖盘
912,14:50:58,11.36,0.02,12,13628,买盘
913,14:51:04,11.33,-0.03,43,48740,卖盘
914,14:51:10,11.35,0.02,3,3405,卖盘
915,14:51:13,11.34,-0.01,2,2268,买盘
916,14:51:19,11.34,0.0,4,4536,中性盘
917,14:51:31,11.33,-0.01,18,20394,卖盘
918,14:51:37,11.34,0.01,5,5668,买盘
919,14:51:40,11.33,-0.01,15,16995,卖盘
920,14:51:43,11.33,0.0,1,1133,买盘
921,14:51:49,11.31,-0.02,2,2262,卖盘
922,14:51:52,11.33,0.02,2,2266,买盘
923,14:51:55,11.33,0.0,20,22660,卖盘
924,14:52:07,11.33,0.0,64,72542,卖盘
925,14:52:16,11.33,0.0,5,5665,买盘
926,14:52:25,11.33,0.0,6,6798,买盘
927,14:52:28,11.33,0.0,50,56650,卖盘
928,14:52:34,11.33,0.0,1,1133,卖盘
929,14:52:37,11.33,0.0,50,56650,卖盘
930,14:52:43,11.33,0.0,12,13596,卖盘
931,14:52:49,11.33,0.0,10,11330,买盘
932,14:52:52,11.33,0.0,3,3399,买盘
933,14:52:55,11.33,0.0,3,3399,买盘
934,14:53:01,11.33,0.0,40,45320,买盘
935,14:53:04,11.32,-0.01,27,30564,卖盘
936,14:53:07,11.33,0.01,1,1133,买盘
937,14:53:10,11.33,0.0,5,5665,买盘
938,14:53:13,11.32,-0.01,26,29432,卖盘
939,14:53:16,11.31,-0.01,4,4525,卖盘
940,14:53:22,11.32,0.01,50,56600,买盘
941,14:53:25,11.31,-0.01,9,10179,卖盘
942,14:53:28,11.31,0.0,32,36195,卖盘
943,14:53:31,11.32,0.01,30,33944,买盘
944,14:53:34,11.32,0.0,11,12452,买盘
945,14:53:40,11.3,-0.02,73,82491,卖盘
946,14:53:43,11.31,0.01,9,10179,买盘
947,14:53:46,11.3,-0.01,1,1130,卖盘
948,14:53:55,11.28,-0.02,2,2256,卖盘
949,14:54:01,11.27,-0.01,4,4508,卖盘
950,14:54:28,11.28,0.01,102,115093,卖盘
951,14:54:31,11.3,0.02,25,28250,买盘
952,14:54:34,11.26,-0.04,168,189416,卖盘
953,14:54:37,11.26,0.0,5,5630,买盘
954,14:54:40,11.26,0.0,13,14638,买盘
955,14:54:43,11.26,0.0,7,7882,买盘
956,14:54:46,11.26,0.0,1,1126,买盘
957,14:54:49,11.26,0.0,1,1126,买盘
958,14:54:52,11.3,0.04,14,15792,买盘
959,14:54:55,11.25,-0.05,18,20253,卖盘
960,14:54:58,11.26,0.01,10,11260,中性盘
961,14:55:01,11.25,-0.01,5,5625,卖盘
962,14:55:04,11.26,0.01,8,9008,买盘
963,14:55:07,11.3,0.04,67,75336,买盘
964,14:55:16,11.25,-0.05,53,59672,卖盘
965,14:55:19,11.25,0.0,10,11250,买盘
966,14:55:22,11.28,0.03,54,60801,买盘
967,14:55:25,11.26,-0.02,2,2252,买盘
968,14:55:28,11.26,0.0,12,13500,买盘
969,14:55:31,11.25,-0.01,5,5625,买盘
970,14:55:34,11.26,0.01,10,11258,买盘
971,14:55:37,11.26,0.0,5,5630,买盘
972,14:55:43,11.25,-0.01,17,19127,卖盘
973,14:55:46,11.25,0.0,23,25875,卖盘
974,14:55:52,11.25,0.0,30,33750,买盘
975,14:55:55,11.25,0.0,22,24750,买盘
976,14:55:58,11.25,0.0,21,23625,买盘
977,14:56:01,11.24,-0.01,30,33724,卖盘
978,14:56:04,11.24,0.0,26,29233,卖盘
979,14:56:07,11.24,0.0,5,5620,买盘
980,14:56:10,11.24,0.0,1,1124,买盘
981,14:56:13,11.24,0.0,21,23604,买盘
982,14:56:25,11.25,0.01,8,8997,买盘
983,14:56:28,11.25,0.0,26,29250,买盘
984,14:56:34,11.25,0.0,49,55106,买盘
985,14:56:37,11.24,-0.01,1,1124,卖盘
986,14:56:40,11.25,0.01,46,51750,买盘
987,14:56:46,11.24,-0.01,101,113528,卖盘
988,14:56:49,11.24,0.0,8,8992,卖盘
989,14:56:52,11.24,0.0,37,41588,买盘
990,14:56:55,11.24,0.0,10,11240,买盘
991,14:56:58,11.23,-0.01,80,89840,卖盘
992,14:57:01,11.23,0.0,5,5615,买盘
993,15:00:04,11.2,-0.03,623,698230,卖盘
