,time,price,change,volume,amount,type
0,09:30:10,11.73,-0.09,8,9384,卖盘
1,09:30:31,11.73,0.0,8,9384,卖盘
2,09:30:40,11.73,0.0,1,1173,卖盘
3,09:32:16,11.74,0.01,28,32872,卖盘
4,09:32:31,11.81,0.07,25,29505,买盘
5,09:32:34,11.81,0.0,1,1181,卖盘
6,09:32:37,11.81,0.0,7,8267,卖盘
7,09:32:40,11.81,0.0,15,17715,卖盘
8,09:32:43,11.81,0.0,40,47250,卖盘
9,09:32:46,11.81,0.0,10,11810,卖盘
10,09:32:49,11.81,0.0,1,1181,卖盘
11,09:32:55,11.74,-0.07,3,3522,卖盘
12,09:33:04,11.81,0.07,1,1181,买盘
13,09:33:10,11.81,0.0,5,5905,卖盘
14,09:33:16,11.81,0.0,1,1181,卖盘
15,09:33:37,11.77,-0.04,2,2354,卖盘
16,09:33:46,11.77,0.0,1,1177,卖盘
17,09:33:54,11.8,0.03,37,43658,买盘
18,09:34:04,11.8,0.0,5,5900,卖盘
19,09:34:10,11.8,0.0,3,3540,卖盘
20,09:34:16,11.8,0.0,6,7080,卖盘
21,09:34:19,11.8,0.0,3,3540,卖盘
22,09:34:22,11.8,0.0,1,1180,卖盘
23,09:34:25,11.8,0.0,6,7080,卖盘
24,09:34:31,11.8,0.0,6,7080,卖盘
25,09:34:37,11.8,0.0,5,5900,卖盘
26,09:34:40,11.8,0.0,3,3540,卖盘
27,09:35:04,11.8,0.0,10,11800,买盘
28,09:35:25,11.76,-0.04,2,2352,卖盘
29,09:35:58,11.76,0.0,1,1176,卖盘
30,09:36:01,11.76,0.0,6,7056,卖盘
31,09:36:16,11.77,0.01,1,1177,卖盘
32,09:36:19,11.77,0.0,6,7062,卖盘
33,09:36:28,11.77,0.0,1,1177,卖盘
34,09:36:31,11.77,0.0,3,3531,卖盘
35,09:36:40,11.76,-0.01,91,107035,卖盘
36,09:36:46,11.76,0.0,1,1176,卖盘
37,09:36:49,11.76,0.0,4,4704,卖盘
38,09:36:52,11.76,0.0,3,3528,卖盘
39,09:36:55,11.76,0.0,2,2352,卖盘
40,09:37:01,11.76,0.0,1,1176,卖盘
41,09:37:04,11.77,0.01,5,5885,买盘
42,09:37:07,11.76,-0.01,1,1176,卖盘
43,09:37:13,11.76,0.0,1,1176,卖盘
44,09:37:16,11.76,0.0,3,3528,卖盘
45,09:37:25,11.76,0.0,3,3528,卖盘
46,09:37:28,11.76,0.0,2,2352,卖盘
47,09:37:37,11.76,0.0,2,2352,卖盘
48,09:37:40,11.76,0.0,1,1176,卖盘
49,09:37:46,11.76,0.0,1,1176,卖盘
50,09:37:49,11.76,0.0,10,11760,买盘
51,09:37:52,11.76,0.0,8,9408,卖盘
52,09:38:04,11.76,0.0,3,3528,卖盘
53,09:38:07,11.76,0.0,2,2352,卖盘
54,09:39:22,11.76,0.0,5,5880,卖盘
55,09:39:31,11.76,0.0,1,1176,卖盘
56,09:39:52,11.76,0.0,2,2352,卖盘
57,09:39:58,11.76,0.0,6,7056,卖盘
58,09:40:01,11.76,0.0,3,3528,卖盘
59,09:40:07,11.76,0.0,2,2352,卖盘
60,09:40:10,11.75,-0.01,8,9403,卖盘
61,09:40:13,11.76,0.01,5,5880,买盘
62,09:40:25,11.76,0.0,14,16464,买盘
63,09:40:31,11.76,0.0,6,7056,买盘
64,09:40:49,11.76,0.0,25,29400,买盘
65,09:40:58,11.75,-0.01,4,4700,卖盘
66,09:41:04,11.75,0.0,29,34075,卖盘
67,09:41:10,11.75,0.0,10,11750,卖盘
68,09:41:16,11.75,0.0,7,8225,卖盘
69,09:41:22,11.75,0.0,14,16450,卖盘
70,09:41:28,11.75,0.0,1,1175,卖盘
71,09:41:31,11.75,0.0,4,4700,卖盘
72,09:41:37,11.75,0.0,5,5875,卖盘
73,09:41:43,11.75,0.0,3,3525,卖盘
74,09:41:46,11.75,0.0,7,8225,卖盘
75,09:41:49,11.75,0.0,2,2350,卖盘
76,09:41:55,11.75,0.0,2,2350,卖盘
77,09:42:01,11.75,0.0,2,2350,卖盘
78,09:42:04,11.75,0.0,1,1175,卖盘
79,09:42:10,11.75,0.0,1,1175,卖盘
80,09:42:13,11.75,0.0,1,1175,卖盘
81,09:42:16,11.75,0.0,1,1175,卖盘
82,09:42:19,11.75,0.0,1,1175,卖盘
83,09:42:37,11.74,-0.01,1,1174,卖盘
84,09:42:46,11.74,0.0,2,2348,卖盘
85,09:42:52,11.74,0.0,5,5870,卖盘
86,09:43:10,11.72,-0.02,68,79785,卖盘
87,09:43:34,11.72,0.0,6,7032,卖盘
88,09:43:49,11.73,0.01,3,3519,中性盘
89,09:43:58,11.73,0.0,4,4692,卖盘
90,09:44:01,11.75,0.02,19,22325,买盘
91,09:44:09,11.75,0.0,3,3525,卖盘
92,09:44:13,11.75,0.0,3,3525,卖盘
93,09:44:19,11.75,0.0,1,1175,卖盘
94,09:44:28,11.75,0.0,2,2350,卖盘
95,09:44:31,11.75,0.0,42,49350,卖盘
96,09:44:37,11.75,0.0,4,4700,卖盘
97,09:44:40,11.75,0.0,9,10575,卖盘
98,09:44:43,11.75,0.0,2,2350,卖盘
99,09:44:46,11.75,0.0,2,2350,卖盘
100,09:44:52,11.75,0.0,2,2350,卖盘
101,09:44:58,11.75,0.0,1,1175,卖盘
102,09:45:04,11.75,0.0,2,2350,卖盘
103,09:45:10,11.75,0.0,2,2350,卖盘
104,09:45:16,11.75,0.0,1,1175,卖盘
105,09:45:19,11.75,0.0,1,1175,卖盘
106,09:45:25,11.75,0.0,1,1175,卖盘
107,09:45:31,11.77,0.02,57,67069,买盘
108,09:45:33,11.77,0.0,6,7062,卖盘
109,09:45:37,11.77,0.0,1,1177,卖盘
110,09:45:43,11.77,0.0,3,3531,卖盘
111,09:45:52,11.78,0.01,1,1178,买盘
112,09:46:01,11.78,0.0,5,5890,买盘
113,09:46:06,11.77,-0.01,3,3533,卖盘
114,09:46:13,11.77,0.0,1,1177,卖盘
115,09:46:16,11.77,0.0,1,1177,卖盘
116,09:46:24,11.77,0.0,1,1177,卖盘
117,09:46:28,11.77,0.0,1,1177,卖盘
118,09:46:34,11.77,0.0,1,1177,卖盘
119,09:46:55,11.79,0.02,2,2358,买盘
120,09:46:58,11.8,0.01,2,2360,买盘
121,09:47:01,11.79,-0.01,1,1179,卖盘
122,09:47:06,11.79,0.0,1,1179,卖盘
123,09:47:09,11.79,0.0,1,1179,卖盘
124,09:47:16,11.79,0.0,1,1179,卖盘
125,09:47:22,11.79,0.0,1,1179,卖盘
126,09:47:25,11.79,0.0,1,1179,卖盘
127,09:47:31,11.79,0.0,1,1179,卖盘
128,09:47:37,11.79,0.0,1,1179,卖盘
129,09:48:22,11.77,-0.02,1,1177,卖盘
130,09:48:57,11.77,0.0,1,1177,卖盘
131,09:49:19,11.77,0.0,4,4708,卖盘
132,09:50:16,11.77,0.0,1,1177,卖盘
133,09:51:01,11.77,0.0,20,23540,卖盘
134,09:51:04,11.78,0.01,3,3534,买盘
135,09:51:07,11.78,0.0,42,49476,卖盘
136,09:51:13,11.75,-0.03,16,18820,卖盘
137,09:51:19,11.75,0.0,6,7065,卖盘
138,09:51:34,11.75,0.0,9,10575,卖盘
139,09:51:40,11.75,0.0,10,11750,卖盘
140,09:51:43,11.75,0.0,8,9400,卖盘
141,09:52:13,11.75,0.0,2,2350,卖盘
142,09:52:37,11.75,0.0,1,1175,卖盘
143,09:52:52,11.75,0.0,6,7050,卖盘
144,09:52:55,11.75,0.0,1,1175,卖盘
145,09:52:58,11.76,0.01,4,4704,买盘
146,09:53:04,11.76,0.0,12,14113,卖盘
147,09:53:55,11.76,0.0,386,453937,卖盘
148,09:54:01,11.75,-0.01,6,7050,卖盘
149,09:54:04,11.75,0.0,3,3525,卖盘
150,09:54:19,11.75,0.0,4,4700,卖盘
151,09:54:28,11.75,0.0,54,63450,卖盘
152,09:54:43,11.74,-0.01,7,8218,卖盘
153,09:54:46,11.74,0.0,9,10566,卖盘
154,09:54:49,11.74,0.0,2,2348,卖盘
155,09:54:52,11.74,0.0,9,10566,卖盘
156,09:54:54,11.71,-0.03,171,200521,卖盘
157,09:55:04,11.71,0.0,3,3513,卖盘
158,09:55:10,11.71,0.0,1,1171,卖盘
159,09:55:13,11.71,0.0,4,4684,卖盘
160,09:55:19,11.71,0.0,3,3513,卖盘
161,09:55:22,11.71,0.0,2,2342,卖盘
162,09:55:28,11.71,0.0,3,3513,卖盘
163,09:55:31,11.71,0.0,4,4684,卖盘
164,09:55:37,11.71,0.0,5,5855,卖盘
165,09:55:43,11.71,0.0,3,3513,卖盘
166,09:55:49,11.71,0.0,5,5855,卖盘
167,09:55:52,11.72,0.01,3,3516,买盘
168,09:55:58,11.71,-0.01,3,3513,卖盘
169,09:56:04,11.71,0.0,2,2342,卖盘
170,09:56:10,11.71,0.0,14,16404,卖盘
171,09:56:16,11.71,0.0,148,173308,卖盘
172,09:56:22,11.7,-0.01,13,15210,卖盘
173,09:56:25,11.7,0.0,2,2340,卖盘
174,09:56:28,11.7,0.0,6,7020,卖盘
175,09:56:34,11.7,0.0,1,1170,卖盘
176,09:56:37,11.7,0.0,3,3510,卖盘
177,09:56:43,11.7,0.0,5,5850,卖盘
178,09:56:49,11.7,0.0,2,2340,卖盘
179,09:56:55,11.7,0.0,5,5850,卖盘
180,09:56:58,11.7,0.0,4,4680,卖盘
181,09:57:04,11.7,0.0,3,3510,卖盘
182,09:57:07,11.7,0.0,3,3510,卖盘
183,09:57:10,11.7,0.0,8,9360,卖盘
184,09:57:16,11.7,0.0,2,2340,买盘
185,09:57:25,11.69,-0.01,3,3507,卖盘
186,09:57:31,11.69,0.0,4,4676,卖盘
187,09:57:33,11.69,0.0,2,2338,卖盘
188,09:57:39,11.69,0.0,2,2338,卖盘
189,09:57:43,11.69,0.0,2,2338,卖盘
190,09:57:49,11.69,0.0,2,2338,卖盘
191,09:57:52,11.69,0.0,3,3507,卖盘
192,09:58:22,11.69,0.0,2,2338,卖盘
193,09:58:25,11.69,0.0,4,4676,卖盘
194,09:58:31,11.69,0.0,88,102872,卖盘
195,09:58:34,11.7,0.01,15,17550,买盘
196,09:58:37,11.69,-0.01,12,14038,卖盘
197,09:58:40,11.69,0.0,4,4676,卖盘
198,09:58:49,11.69,0.0,3,3507,卖盘
199,09:58:55,11.69,0.0,3,3507,卖盘
200,09:58:58,11.69,0.0,2,2338,卖盘
201,09:59:01,11.7,0.01,6,7020,买盘
202,09:59:04,11.69,-0.01,2,2338,卖盘
203,09:59:07,11.69,0.0,2,2338,卖盘
204,09:59:10,11.72,0.03,165,193308,买盘
205,09:59:13,11.72,0.0,1,1172,卖盘
206,09:59:19,11.72,0.0,5,5862,卖盘
207,09:59:25,11.72,0.0,4,4688,卖盘
208,09:59:28,11.73,0.01,5,5865,买盘
209,09:59:37,11.73,0.0,2,2346,卖盘
210,09:59:43,11.73,0.0,27,31696,卖盘
211,09:59:46,11.73,0.0,2,2346,卖盘
212,09:59:52,11.73,0.0,2,2346,卖盘
213,09:59:55,11.74,0.01,10,11740,买盘
214,09:59:58,11.73,-0.01,1,1173,卖盘
215,10:00:01,11.73,0.0,1,1173,卖盘
216,10:00:07,11.74,0.01,10,11740,买盘
217,10:00:19,11.72,-0.02,2,2344,卖盘
218,10:00:28,11.72,0.0,44,51568,卖盘
219,10:00:43,11.7,-0.02,1,1170,卖盘
220,10:00:49,11.72,0.02,10,11719,买盘
221,10:00:55,11.7,-0.02,1,1170,卖盘
222,10:01:06,11.7,0.0,1,1170,卖盘
223,10:01:10,11.7,0.0,3,3510,卖盘
224,10:01:16,11.69,-0.01,52,60792,卖盘
225,10:01:19,11.7,0.01,1,1170,卖盘
226,10:01:28,11.7,0.0,2,2340,卖盘
227,10:01:34,11.7,0.0,2,2340,卖盘
228,10:01:37,11.7,0.0,2,2340,卖盘
229,10:01:39,11.7,0.0,2,2340,卖盘
230,10:01:46,11.7,0.0,3,3510,卖盘
231,10:01:48,11.7,0.0,2,2340,卖盘
232,10:01:55,11.7,0.0,1,1170,卖盘
233,10:02:01,11.7,0.0,1,1170,卖盘
234,10:02:04,11.7,0.0,1,1170,卖盘
235,10:02:10,11.7,0.0,1,1170,卖盘
236,10:02:13,11.7,0.0,1,1170,卖盘
237,10:02:34,11.7,0.0,1,1170,卖盘
238,10:02:36,11.7,0.0,1,1170,卖盘
239,10:02:43,11.7,0.0,2,2340,卖盘
240,10:02:46,11.7,0.0,4,4680,卖盘
241,10:02:49,11.7,0.0,1,1170,卖盘
242,10:03:01,11.7,0.0,13,15210,卖盘
243,10:03:07,11.7,0.0,19,22230,卖盘
244,10:03:10,11.7,0.0,2,2340,卖盘
245,10:03:13,11.7,0.0,2,2340,卖盘
246,10:03:19,11.7,0.0,1,1170,卖盘
247,10:03:22,11.7,0.0,1,1170,卖盘
248,10:03:25,11.7,0.0,2,2340,卖盘
249,10:03:31,11.7,0.0,1,1170,卖盘
250,10:03:34,11.7,0.0,4,4680,卖盘
251,10:03:40,11.7,0.0,1,1170,卖盘
252,10:03:46,11.7,0.0,1,1170,卖盘
253,10:03:49,11.7,0.0,1,1170,卖盘
254,10:04:22,11.71,0.01,6,7026,买盘
255,10:04:43,11.73,0.02,7,8205,买盘
256,10:05:18,11.72,-0.01,10,11720,卖盘
257,10:05:37,11.72,0.0,15,17580,买盘
258,10:05:40,11.72,0.0,1,1172,卖盘
259,10:06:06,11.72,0.0,1,1172,卖盘
260,10:07:04,11.72,0.0,2,2344,卖盘
261,10:07:10,11.72,0.0,2,2345,卖盘
262,10:07:13,11.73,0.01,1,1173,买盘
263,10:07:16,11.72,-0.01,2,2344,卖盘
264,10:07:19,11.73,0.01,1,1173,买盘
265,10:07:25,11.73,0.0,1,1173,买盘
266,10:07:27,11.72,-0.01,2,2344,卖盘
267,10:07:31,11.73,0.01,1,1173,买盘
268,10:07:34,11.72,-0.01,3,3517,卖盘
269,10:07:37,11.74,0.02,51,60019,买盘
270,10:07:42,11.73,-0.01,133,156058,卖盘
271,10:07:46,11.73,0.0,3,3519,卖盘
272,10:07:52,11.81,0.08,3,3543,买盘
273,10:08:04,11.83,0.02,30,35470,买盘
274,10:08:07,11.83,0.0,2,2366,卖盘
275,10:08:12,11.77,-0.06,4,4708,卖盘
276,10:08:25,11.77,0.0,1,1177,买盘
277,10:08:31,11.81,0.04,24,28374,买盘
278,10:08:37,11.77,-0.04,3,3539,卖盘
279,10:09:18,11.77,0.0,12,14124,卖盘
280,10:09:28,11.77,0.0,2,2354,卖盘
281,10:09:31,11.77,0.0,2,2354,卖盘
282,10:09:37,11.8,0.03,16,18874,买盘
283,10:09:40,11.77,-0.03,1,1177,卖盘
284,10:09:42,11.77,0.0,1,1177,卖盘
285,10:09:48,11.77,0.0,1,1177,卖盘
286,10:09:52,11.84,0.07,30,35501,买盘
287,10:09:54,11.77,-0.07,1,1177,卖盘
288,10:09:58,11.77,0.0,1,1177,卖盘
289,10:11:07,11.78,0.01,2,2356,卖盘
290,10:12:33,11.78,0.0,14,16492,卖盘
291,10:12:46,11.77,-0.01,91,107107,卖盘
292,10:12:51,11.74,-0.03,1,1174,卖盘
293,10:12:58,11.77,0.03,82,96469,买盘
294,10:13:09,11.74,-0.03,4,4696,卖盘
295,10:13:13,11.76,0.02,6,7051,买盘
296,10:13:24,11.74,-0.02,1,1174,卖盘
297,10:13:39,11.73,-0.01,5,5865,卖盘
298,10:13:49,11.73,0.0,1,1173,买盘
299,10:13:51,11.72,-0.01,5,5860,卖盘
300,10:13:55,11.72,0.0,1,1172,买盘
301,10:13:58,11.72,0.0,3,3516,买盘
302,10:14:04,11.73,0.01,1,1173,买盘
303,10:14:07,11.73,0.0,4,4692,卖盘
304,10:14:19,11.73,0.0,2,2346,卖盘
305,10:14:22,11.73,0.0,7,8211,卖盘
306,10:14:25,11.73,0.0,2,2346,卖盘
307,10:14:27,11.76,0.03,7,8230,买盘
308,10:14:34,11.73,-0.03,6,7044,卖盘
309,10:14:40,11.74,0.01,2,2348,卖盘
310,10:14:55,11.74,0.0,3,3522,卖盘
311,10:15:01,11.73,-0.01,2,2346,卖盘
312,10:15:07,11.73,0.0,4,4692,卖盘
313,10:15:13,11.74,0.01,2,2348,卖盘
314,10:15:16,11.76,0.02,3,3528,买盘
315,10:15:18,11.76,0.0,1,1176,卖盘
316,10:15:21,11.74,-0.02,2,2350,卖盘
317,10:15:28,11.74,0.0,2,2348,卖盘
318,10:15:40,11.74,0.0,2,2348,卖盘
319,10:15:43,11.77,0.03,7,8239,买盘
320,10:15:49,11.74,-0.03,1,1174,买盘
321,10:15:57,11.74,0.0,1,1174,买盘
322,10:16:04,11.74,0.0,12,14086,买盘
323,10:16:07,11.74,0.0,1,1174,买盘
324,10:16:09,11.73,-0.01,8,9387,卖盘
325,10:16:13,11.74,0.01,2,2348,中性盘
326,10:16:19,11.74,0.0,1,1174,卖盘
327,10:16:21,11.74,0.0,2,2348,卖盘
328,10:16:28,11.74,0.0,3,3522,卖盘
329,10:16:31,11.74,0.0,2,2348,卖盘
330,10:16:37,11.77,0.03,16,18828,买盘
331,10:16:39,11.77,0.0,11,12944,买盘
332,10:16:43,11.74,-0.03,11,12924,卖盘
333,10:16:46,11.77,0.03,4,4708,买盘
334,10:16:49,11.74,-0.03,2,2348,卖盘
335,10:16:52,11.74,0.0,2,2348,卖盘
336,10:16:55,11.74,0.0,24,28217,卖盘
337,10:16:58,11.74,0.0,2,2348,卖盘
338,10:17:07,11.74,0.0,1,1174,卖盘
339,10:17:13,11.74,0.0,10,11740,卖盘
340,10:17:19,11.74,0.0,2,2348,卖盘
341,10:17:31,11.74,0.0,5,5877,卖盘
342,10:17:37,11.74,0.0,1,1174,卖盘
343,10:18:10,11.73,-0.01,2,2346,卖盘
344,10:18:15,11.73,0.0,2,2346,卖盘
345,10:18:19,11.73,0.0,2,2346,卖盘
346,10:18:25,11.73,0.0,2,2346,卖盘
347,10:18:37,11.73,0.0,2,2346,卖盘
348,10:18:40,11.74,0.01,4,4696,买盘
349,10:18:46,11.74,0.0,17,19958,卖盘
350,10:19:07,11.74,0.0,2,2348,卖盘
351,10:19:28,11.76,0.02,2,2352,买盘
352,10:19:31,11.74,-0.02,11,12922,卖盘
353,10:19:37,11.74,0.0,10,11740,卖盘
354,10:19:43,11.74,0.0,3,3522,卖盘
355,10:20:06,11.74,0.0,1,1174,卖盘
356,10:21:07,11.75,0.01,2,2350,卖盘
357,10:21:31,11.76,0.01,2,2352,买盘
358,10:21:55,11.77,0.01,10,11768,买盘
359,10:22:13,11.77,0.0,4,4708,买盘
360,10:22:22,11.77,0.0,1,1177,买盘
361,10:23:10,11.75,-0.02,2,2350,卖盘
362,10:23:13,11.75,0.0,2,2350,卖盘
363,10:23:16,11.77,0.02,71,83567,买盘
364,10:23:19,11.77,0.0,4,4708,卖盘
365,10:23:22,11.77,0.0,1,1177,卖盘
366,10:23:27,11.77,0.0,2,2354,卖盘
367,10:23:31,11.77,0.0,2,2354,卖盘
368,10:23:40,11.77,0.0,20,23540,卖盘
369,10:23:43,11.75,-0.02,4,4704,卖盘
370,10:23:46,11.75,0.0,2,2350,卖盘
371,10:23:52,11.75,0.0,4,4700,卖盘
372,10:24:25,11.74,-0.01,1,1174,卖盘
373,10:24:34,11.74,0.0,2,2348,卖盘
374,10:24:42,11.75,0.01,6,7050,买盘
375,10:24:55,11.76,0.01,2,2352,买盘
376,10:25:52,11.76,0.0,25,29400,买盘
377,10:25:58,11.76,0.0,14,16464,买盘
378,10:26:04,11.76,0.0,1,1176,买盘
379,10:26:07,11.76,0.0,10,11760,买盘
380,10:26:10,11.76,0.0,4,4704,买盘
381,10:26:25,11.78,0.02,1,1178,买盘
382,10:26:34,11.76,-0.02,2,2352,卖盘
383,10:26:43,11.77,0.01,2,2354,卖盘
384,10:26:49,11.77,0.0,2,2354,卖盘
385,10:26:52,11.77,0.0,2,2354,卖盘
386,10:26:58,11.78,0.01,1,1178,买盘
387,10:27:04,11.78,0.0,1,1178,买盘
388,10:27:10,11.78,0.0,4,4712,买盘
389,10:27:22,11.8,0.02,1,1180,买盘
390,10:27:25,11.8,0.0,1,1180,买盘
391,10:27:28,11.8,0.0,1,1180,买盘
392,10:27:31,11.8,0.0,1,1180,买盘
393,10:27:34,11.8,0.0,8,9440,买盘
394,10:27:58,11.8,0.0,2,2360,卖盘
395,10:28:04,11.8,0.0,1,1180,卖盘
396,10:28:34,11.81,0.01,1,1181,买盘
397,10:28:55,11.82,0.01,2,2364,买盘
398,10:28:58,11.82,0.0,3,3546,卖盘
399,10:29:07,11.82,0.0,1,1182,卖盘
400,10:29:25,11.83,0.01,12,14196,买盘
401,10:29:40,11.84,0.01,8,9469,买盘
402,10:29:43,11.83,-0.01,9,10651,卖盘
403,10:29:52,11.83,0.0,2,2366,卖盘
404,10:30:04,11.84,0.01,1,1184,买盘
405,10:30:07,11.83,-0.01,1,1183,卖盘
406,10:30:10,11.84,0.01,1,1184,买盘
407,10:30:40,11.83,-0.01,2,2366,卖盘
408,10:30:43,11.81,-0.02,8,9454,卖盘
409,10:31:10,11.81,0.0,2,2362,卖盘
410,10:31:19,11.81,0.0,1,1181,卖盘
411,10:31:31,11.81,0.0,21,24806,卖盘
412,10:31:34,11.84,0.03,56,66294,买盘
413,10:31:37,11.84,0.0,2,2368,卖盘
414,10:31:43,11.84,0.0,35,41440,卖盘
415,10:31:49,11.84,0.0,15,17760,卖盘
416,10:31:52,11.81,-0.03,1,1181,卖盘
417,10:31:58,11.81,0.0,2,2362,卖盘
418,10:32:22,11.81,0.0,31,36626,卖盘
419,10:32:37,11.81,0.0,2,2362,卖盘
420,10:32:52,11.83,0.02,5,5914,买盘
421,10:32:58,11.82,-0.01,1,1182,卖盘
422,10:33:01,11.82,0.0,1,1182,卖盘
423,10:33:07,11.82,0.0,1,1182,卖盘
424,10:33:10,11.82,0.0,1,1182,卖盘
425,10:33:16,11.82,0.0,1,1182,卖盘
426,10:33:22,11.82,0.0,1,1182,卖盘
427,10:33:28,11.82,0.0,1,1182,卖盘
428,10:33:34,11.83,0.01,2,2365,买盘
429,10:33:37,11.82,-0.01,11,13012,卖盘
430,10:33:40,11.83,0.01,1,1183,买盘
431,10:33:43,11.83,0.0,4,4732,买盘
432,10:33:46,11.83,0.0,9,10647,买盘
433,10:33:49,11.84,0.01,1,1184,买盘
434,10:33:52,11.84,0.0,1,1184,买盘
435,10:33:55,11.84,0.0,1,1184,买盘
436,10:33:58,11.84,0.0,1,1184,买盘
437,10:34:10,11.85,0.01,30,35538,买盘
438,10:34:22,11.85,0.0,1,1185,卖盘
439,10:34:25,11.85,0.0,9,10673,卖盘
440,10:34:31,11.85,0.0,1,1185,卖盘
441,10:34:37,11.85,0.0,1,1185,卖盘
442,10:34:58,11.85,0.0,11,13035,卖盘
443,10:35:13,11.84,-0.01,2,2368,卖盘
444,10:35:16,11.84,0.0,10,11840,卖盘
445,10:35:22,11.84,0.0,3,3552,卖盘
446,10:35:28,11.83,-0.01,4,4732,卖盘
447,10:35:40,11.83,0.0,4,4732,卖盘
448,10:35:58,11.82,-0.01,1,1182,卖盘
449,10:36:01,11.82,0.0,4,4728,卖盘
450,10:36:04,11.82,0.0,9,10638,卖盘
451,10:36:16,11.81,-0.01,1,1181,卖盘
452,10:36:19,11.81,0.0,3,3543,卖盘
453,10:36:25,11.81,0.0,10,11810,卖盘
454,10:36:28,11.82,0.01,2,2364,买盘
455,10:36:55,11.81,-0.01,1,1181,卖盘
456,10:37:01,11.82,0.01,25,29550,买盘
457,10:37:13,11.81,-0.01,1,1181,卖盘
458,10:37:22,11.81,0.0,1,1181,卖盘
459,10:37:37,11.81,0.0,1,1181,卖盘
460,10:37:43,11.81,0.0,1,1181,卖盘
461,10:37:45,11.81,0.0,1,1181,卖盘
462,10:37:49,11.82,0.01,5,5910,买盘
463,10:37:54,11.81,-0.01,1,1181,卖盘
464,10:38:01,11.82,0.01,5,5910,买盘
465,10:38:07,11.82,0.0,2,2364,卖盘
466,10:38:10,11.82,0.0,1,1182,卖盘
467,10:38:13,11.83,0.01,17,20111,买盘
468,10:38:16,11.83,0.0,1,1183,卖盘
469,10:38:19,11.83,0.0,20,23660,卖盘
470,10:38:22,11.83,0.0,2,2366,卖盘
471,10:38:25,11.83,0.0,2,2366,卖盘
472,10:38:28,11.85,0.02,96,113743,买盘
473,10:38:31,11.85,0.0,2,2370,卖盘
474,10:38:34,11.83,-0.02,3,3553,卖盘
475,10:38:40,11.83,0.0,1,1183,卖盘
476,10:38:43,11.83,0.0,1,1183,卖盘
477,10:38:46,11.83,0.0,18,21294,卖盘
478,10:38:49,11.83,0.0,1,1183,卖盘
479,10:38:55,11.83,0.0,1,1183,卖盘
480,10:39:07,11.83,0.0,3,3551,卖盘
481,10:39:28,11.83,0.0,1,1183,卖盘
482,10:39:39,11.83,0.0,4,4732,卖盘
483,10:39:49,11.83,0.0,1,1183,买盘
484,10:39:52,11.82,-0.01,1,1182,卖盘
485,10:39:58,11.82,0.0,1,1182,卖盘
486,10:40:10,11.83,0.01,2,2365,买盘
487,10:40:13,11.83,0.0,1,1183,买盘
488,10:40:16,11.82,-0.01,16,18913,卖盘
489,10:40:19,11.83,0.01,2,2366,买盘
490,10:40:24,11.84,0.01,20,23680,买盘
491,10:40:28,11.82,-0.02,1,1182,卖盘
492,10:40:34,11.83,0.01,1,1183,卖盘
493,10:40:40,11.83,0.0,1,1183,卖盘
494,10:40:43,11.82,-0.01,1,1182,卖盘
495,10:40:49,11.82,0.0,1,1182,卖盘
496,10:40:52,11.83,0.01,1,1183,买盘
497,10:41:04,11.83,0.01,1,1183,中性盘
498,10:41:10,11.84,0.01,1,1184,买盘
499,10:41:46,11.84,0.0,3,3552,买盘
500,10:41:55,11.84,0.0,1,1184,卖盘
501,10:42:04,11.84,0.0,1,1184,卖盘
502,10:42:16,11.85,0.01,5,5925,买盘
503,10:42:49,11.85,0.0,20,23700,买盘
504,10:43:01,11.85,0.0,4,4740,买盘
505,10:44:19,11.85,0.0,1,1185,卖盘
506,10:44:22,11.85,0.0,4,4740,卖盘
507,10:44:31,11.85,0.0,5,5925,卖盘
508,10:44:43,11.86,0.01,1,1186,买盘
509,10:44:58,11.86,0.0,1,1186,买盘
510,10:45:07,11.86,0.0,2,2372,买盘
511,10:45:16,11.86,0.0,30,35580,买盘
512,10:45:27,11.87,0.01,7,8309,买盘
513,10:45:43,11.88,0.01,35,41565,买盘
514,10:46:07,11.88,0.0,1,1188,卖盘
515,10:46:13,11.88,0.0,8,9504,卖盘
516,10:46:16,11.88,0.0,25,29700,卖盘
517,10:46:25,11.88,0.0,2,2376,卖盘
518,10:46:31,11.88,0.0,43,51084,卖盘
519,10:46:43,11.89,0.01,27,32087,买盘
520,10:47:28,11.87,-0.02,10,11870,卖盘
521,10:47:37,11.88,0.01,1,1188,卖盘
522,10:47:40,11.88,0.0,2,2376,卖盘
523,10:48:01,11.88,0.0,6,7128,卖盘
524,10:48:07,11.88,0.0,11,13068,卖盘
525,10:48:34,11.87,-0.01,10,11870,卖盘
526,10:48:52,11.87,0.0,2,2374,买盘
527,10:49:07,11.87,0.0,4,4748,买盘
528,10:50:13,11.87,0.0,10,11870,买盘
529,10:50:18,11.88,0.01,1,1188,买盘
530,10:50:40,11.89,0.01,25,29725,买盘
531,10:50:55,11.9,0.01,52,61870,买盘
532,10:51:01,11.91,0.01,1,1191,买盘
533,10:51:19,11.91,0.0,15,17865,买盘
534,10:51:21,11.91,0.0,1,1191,卖盘
535,10:51:25,11.91,0.0,4,4764,卖盘
536,10:51:36,11.91,0.0,55,65505,买盘
537,10:51:43,11.91,0.0,85,101235,买盘
538,10:52:07,11.91,0.0,2,2382,卖盘
539,10:52:19,11.91,0.0,5,5955,卖盘
540,10:52:37,11.92,0.01,64,76288,买盘
541,10:52:43,11.92,0.0,1,1192,卖盘
542,10:52:45,11.91,-0.01,30,35730,卖盘
543,10:53:04,11.92,0.01,3,3576,卖盘
544,10:53:07,11.92,0.0,1,1192,卖盘
545,10:53:12,11.92,0.0,16,19072,卖盘
546,10:54:01,11.91,-0.01,10,11910,卖盘
547,10:54:07,11.91,0.0,4,4764,卖盘
548,10:54:13,11.92,0.01,146,173901,买盘
549,10:54:19,11.91,-0.01,13,15483,卖盘
550,10:54:22,11.91,0.0,20,23820,卖盘
551,10:55:46,11.88,-0.03,5,5940,卖盘
552,10:56:07,11.88,0.0,1,1188,卖盘
553,10:56:25,11.89,0.01,2,2378,买盘
554,10:56:31,11.9,0.01,1,1190,买盘
555,10:56:43,11.9,0.0,6,7140,买盘
556,10:56:46,11.9,0.0,131,155890,卖盘
557,10:57:01,11.91,0.01,5,5955,买盘
558,10:57:19,11.91,0.0,10,11910,买盘
559,10:58:06,11.91,0.0,1,1191,卖盘
560,10:58:19,11.91,0.0,2,2382,卖盘
561,10:58:25,11.91,0.0,1,1191,卖盘
562,10:58:28,11.92,0.01,22,26223,买盘
563,10:58:31,11.92,0.0,24,28608,卖盘
564,10:58:49,11.93,0.01,28,33404,买盘
565,10:59:06,11.93,0.0,2,2386,卖盘
566,10:59:09,11.94,0.01,30,35820,买盘
567,10:59:16,11.94,0.0,2,2388,买盘
568,10:59:37,11.93,-0.01,48,57264,卖盘
569,10:59:43,11.93,0.0,26,31018,买盘
570,11:00:01,11.92,-0.01,20,23840,卖盘
571,11:00:31,11.9,-0.02,7,8330,卖盘
572,11:00:43,11.89,-0.01,37,43993,卖盘
573,11:00:58,11.87,-0.02,29,34423,卖盘
574,11:01:04,11.87,0.0,3,3561,买盘
575,11:01:07,11.86,-0.01,25,29650,卖盘
576,11:01:10,11.87,0.01,1,1187,买盘
577,11:01:13,11.87,0.0,9,10683,买盘
578,11:01:15,11.87,0.0,15,17805,买盘
579,11:01:18,11.87,0.0,5,5935,买盘
580,11:01:24,11.87,0.0,3,3561,买盘
581,11:01:31,11.88,0.01,1,1188,买盘
582,11:02:04,11.87,-0.01,1,1187,卖盘
583,11:02:55,11.88,0.01,1,1188,买盘
584,11:03:00,11.87,-0.01,60,71220,卖盘
585,11:03:46,11.87,0.0,1,1068,卖盘
586,11:03:52,11.88,0.01,1,1188,买盘
587,11:04:16,11.89,0.01,2,2378,买盘
588,11:04:19,11.89,0.0,1,1189,买盘
589,11:04:22,11.89,0.0,1,1189,买盘
590,11:04:25,11.89,0.0,1,1189,买盘
591,11:04:31,11.89,0.0,2,2378,买盘
592,11:04:46,11.89,0.0,1,1189,买盘
593,11:04:58,11.89,0.0,1,1189,买盘
594,11:05:25,11.9,0.01,1,1190,买盘
595,11:05:37,11.9,0.0,1,1190,买盘
596,11:05:55,11.9,0.0,1,1190,买盘
597,11:06:01,11.92,0.02,30,35751,买盘
598,11:06:07,11.92,0.0,10,11920,卖盘
599,11:06:28,11.93,0.01,30,35790,买盘
600,11:06:40,11.93,0.0,35,41755,买盘
601,11:06:42,11.94,0.01,20,23872,买盘
602,11:07:04,11.94,0.0,23,27461,买盘
603,11:07:25,11.93,-0.01,11,13123,卖盘
604,11:07:57,11.93,0.0,201,239792,买盘
605,11:08:10,11.93,0.0,86,102598,买盘
606,11:08:19,11.94,0.01,5,5970,买盘
607,11:08:33,11.93,-0.01,1,1193,卖盘
608,11:08:46,11.93,0.0,10,11930,卖盘
609,11:09:10,11.94,0.01,50,59700,买盘
610,11:10:09,11.94,0.0,33,39374,买盘
611,11:10:16,11.94,0.0,1,1194,卖盘
612,11:10:46,11.94,0.0,11,13134,卖盘
613,11:11:22,11.94,0.0,20,23880,买盘
614,11:11:40,11.93,-0.01,4,4772,卖盘
615,11:11:46,11.93,0.0,43,51299,卖盘
616,11:11:58,11.93,0.0,10,11930,卖盘
617,11:12:04,11.93,0.0,15,17895,卖盘
618,11:12:07,11.93,0.0,125,149125,卖盘
619,11:12:13,11.93,0.0,12,14316,卖盘
620,11:12:16,11.93,0.0,10,11930,卖盘
621,11:12:25,11.93,0.0,13,15509,卖盘
622,11:12:28,11.93,0.0,31,36983,卖盘
623,11:12:34,11.93,0.0,5,5965,卖盘
624,11:12:37,11.93,0.0,4,4772,卖盘
625,11:12:40,11.93,0.0,1,1193,卖盘
626,11:12:46,11.93,0.0,2,2386,卖盘
627,11:12:58,11.92,-0.01,50,59600,卖盘
628,11:13:04,11.92,0.0,1,1192,卖盘
629,11:13:12,11.92,0.0,6,7152,卖盘
630,11:13:16,11.92,0.0,14,16688,卖盘
631,11:13:19,11.92,0.0,19,22648,卖盘
632,11:13:28,11.92,0.0,8,9536,卖盘
633,11:13:31,11.92,0.0,15,17880,卖盘
634,11:13:34,11.92,0.0,13,15496,卖盘
635,11:13:36,11.92,0.0,12,14304,卖盘
636,11:13:43,11.92,0.0,32,38144,卖盘
637,11:13:49,11.92,0.0,26,30992,卖盘
638,11:13:55,11.92,0.0,1,1192,卖盘
639,11:14:01,11.92,0.0,3,3576,卖盘
640,11:14:10,11.92,0.0,10,11918,买盘
641,11:14:25,11.89,-0.03,9,10701,卖盘
642,11:14:31,11.89,0.0,15,17835,卖盘
643,11:14:39,11.9,0.01,1,1190,买盘
644,11:14:52,11.9,0.0,7,8330,卖盘
645,11:15:43,11.9,0.0,10,11900,卖盘
646,11:15:54,11.9,0.0,15,17850,卖盘
647,11:16:10,11.9,0.0,25,29750,买盘
648,11:16:16,11.91,0.01,1,1191,买盘
649,11:16:22,11.91,0.0,1,1191,买盘
650,11:16:28,11.91,0.0,1,1191,买盘
651,11:17:01,11.92,0.01,1,1192,买盘
652,11:18:31,11.91,-0.01,1,1191,卖盘
653,11:19:10,11.92,0.01,23,27416,买盘
654,11:19:16,11.91,-0.01,90,107191,卖盘
655,11:19:25,11.91,0.0,30,35730,买盘
656,11:19:31,11.91,0.0,15,17865,买盘
657,11:19:46,11.92,0.01,1,1192,买盘
658,11:20:31,11.91,-0.01,59,70269,卖盘
659,11:21:16,11.92,0.01,5,5960,买盘
660,11:21:25,11.92,0.0,8,9536,买盘
661,11:21:28,11.93,0.01,10,11928,买盘
662,11:21:40,11.91,-0.02,30,35730,卖盘
663,11:21:48,11.91,0.0,2,2382,卖盘
664,11:21:58,11.91,0.0,1,1191,买盘
665,11:22:01,11.91,0.0,2,2382,买盘
666,11:22:10,11.93,0.02,33,39369,买盘
667,11:22:13,11.95,0.02,16,19105,买盘
668,11:22:19,11.95,0.0,6,7160,买盘
669,11:22:31,11.95,0.0,30,35850,买盘
670,11:22:36,11.95,0.0,13,15535,买盘
671,11:23:13,11.95,0.0,7,8365,买盘
672,11:23:22,11.95,0.0,1,1195,买盘
673,11:24:18,11.93,-0.02,4,4772,卖盘
674,11:25:22,11.94,0.01,1,1194,买盘
675,11:25:27,11.94,0.0,2,2388,卖盘
676,11:26:07,11.93,-0.01,26,31018,卖盘
677,11:26:12,11.93,0.0,1,1193,买盘
678,11:26:19,11.93,0.0,1,1193,买盘
679,11:26:22,11.92,-0.01,1,1192,买盘
680,11:26:25,11.92,0.0,1,1192,买盘
681,11:26:28,11.93,0.01,1,1193,买盘
682,11:26:31,11.93,0.0,1,1193,买盘
683,11:26:34,11.93,0.0,1,1193,买盘
684,11:26:37,11.93,0.0,6,7158,买盘
685,11:26:46,11.94,0.01,1,1194,买盘
686,11:26:49,11.94,0.0,1,1194,买盘
687,11:26:52,11.94,0.0,1,1194,买盘
688,11:27:46,11.95,0.01,18,21509,买盘
689,11:28:19,11.96,0.01,22,26298,买盘
690,11:29:09,11.96,0.0,10,11960,买盘
691,11:29:37,11.94,-0.02,1,1194,卖盘
692,13:00:07,11.9,-0.04,400,476442,卖盘
693,13:00:10,11.95,0.05,119,141650,买盘
694,13:00:13,11.95,0.0,7,8365,卖盘
695,13:00:24,11.96,0.01,10,11960,买盘
696,13:00:55,11.95,-0.01,24,28680,卖盘
697,13:00:58,11.89,-0.06,32,38058,卖盘
698,13:01:01,11.96,0.07,42,50225,买盘
699,13:01:45,11.9,-0.06,2,2380,卖盘
700,13:02:58,11.95,0.05,1,1195,买盘
701,13:03:46,11.91,-0.04,8,9528,卖盘
702,13:04:01,11.91,0.0,2,2382,卖盘
703,13:04:07,11.91,0.0,2,2382,买盘
704,13:04:13,11.91,0.0,1,1191,买盘
705,13:04:18,11.91,0.0,1,1191,买盘
706,13:04:25,11.91,0.0,1,1191,买盘
707,13:04:28,11.91,0.0,2,2382,买盘
708,13:04:31,11.91,0.0,1,1191,买盘
709,13:04:34,11.91,0.0,2,2382,买盘
710,13:04:37,11.91,0.0,1,1191,买盘
711,13:04:49,11.91,0.0,8,9528,买盘
712,13:04:51,11.96,0.05,8,9562,买盘
713,13:05:09,11.93,-0.03,8,9544,买盘
714,13:05:15,11.97,0.04,90,107669,买盘
715,13:07:40,11.91,-0.06,3,3573,卖盘
716,13:07:46,11.91,0.0,2,2382,卖盘
717,13:07:55,11.91,0.0,1,1191,卖盘
718,13:10:28,11.91,0.0,1,1191,卖盘
719,13:11:16,11.91,0.0,3,3573,卖盘
720,13:11:31,11.93,0.02,4,4772,买盘
721,13:12:31,11.93,0.0,4,4772,卖盘
722,13:12:58,11.93,0.0,13,15509,买盘
723,13:13:06,11.93,0.0,14,16702,卖盘
724,13:13:49,11.93,0.0,11,13123,卖盘
725,13:14:13,11.93,0.0,2,2386,卖盘
726,13:14:28,11.93,0.0,16,19088,卖盘
727,13:15:43,11.92,-0.01,1,1192,买盘
728,13:15:52,11.92,0.0,1,1192,买盘
729,13:18:13,11.91,-0.01,1,1191,卖盘
730,13:18:36,11.91,0.0,20,23820,卖盘
731,13:18:43,11.91,0.0,1,1191,卖盘
732,13:19:09,11.91,0.0,1,1191,卖盘
733,13:19:22,11.91,0.0,1,1191,卖盘
734,13:19:46,11.91,0.0,5,5955,卖盘
735,13:20:07,11.91,0.0,1,1191,卖盘
736,13:20:42,11.92,0.01,5,5960,买盘
737,13:21:37,11.92,0.0,1,1192,卖盘
738,13:22:04,11.93,0.01,9,10737,买盘
739,13:22:13,11.93,0.0,4,4772,买盘
740,13:22:16,11.93,0.0,7,8351,卖盘
741,13:22:49,11.93,0.0,10,11930,卖盘
742,13:22:54,11.93,0.0,19,22667,卖盘
743,13:22:57,11.92,-0.01,5,5960,卖盘
744,13:23:25,11.91,-0.01,1,1191,卖盘
745,13:23:28,11.91,0.0,16,19056,卖盘
746,13:23:31,11.91,0.0,10,11970,卖盘
747,13:23:46,11.91,0.0,2,2382,卖盘
748,13:24:01,11.92,0.01,35,41720,买盘
749,13:24:30,11.92,0.0,1,1192,卖盘
750,13:24:36,11.92,0.0,10,11920,卖盘
751,13:26:40,11.92,0.0,20,23840,卖盘
752,13:26:55,11.92,0.0,1,1192,卖盘
753,13:27:04,11.92,0.0,19,22648,卖盘
754,13:27:48,11.91,-0.01,20,23820,卖盘
755,13:29:21,11.9,-0.01,97,115435,卖盘
756,13:29:28,11.9,0.0,1,1190,卖盘
757,13:29:46,11.9,0.0,1,1190,卖盘
758,13:29:49,11.91,0.01,10,11910,买盘
759,13:30:01,11.9,-0.01,30,35700,卖盘
760,13:30:22,11.9,0.0,10,11900,卖盘
761,13:30:25,11.9,0.0,20,23740,卖盘
762,13:31:07,11.9,0.0,1,1190,买盘
763,13:31:12,11.9,0.0,1,1190,买盘
764,13:31:19,11.89,-0.01,1,1189,卖盘
765,13:31:24,11.9,0.01,30,35760,买盘
766,13:31:40,11.9,0.0,5,5890,卖盘
767,13:31:55,11.9,0.0,25,29750,买盘
768,13:32:04,11.9,0.0,4,4820,买盘
769,13:33:21,11.9,0.0,1,1190,卖盘
770,13:33:52,11.91,0.01,18,21438,买盘
771,13:34:19,11.9,-0.01,1,1190,卖盘
772,13:34:33,11.9,0.0,1,1190,卖盘
773,13:34:54,11.9,0.0,1,1190,卖盘
774,13:36:19,11.9,0.0,1,1190,卖盘
775,13:36:55,11.9,0.0,14,16600,卖盘
776,13:37:16,11.89,-0.01,8,9512,卖盘
777,13:37:49,11.89,0.0,1,1189,卖盘
778,13:38:43,11.89,0.0,3,3567,卖盘
779,13:38:58,11.89,0.0,49,58261,卖盘
780,13:39:01,11.89,0.0,10,11890,卖盘
781,13:39:22,11.89,0.0,1,1189,卖盘
782,13:39:31,11.88,-0.01,185,219797,卖盘
783,13:39:33,11.85,-0.03,50,59361,卖盘
784,13:40:16,11.86,0.01,10,11860,卖盘
785,13:40:25,11.86,0.0,1,1186,卖盘
786,13:40:49,11.86,0.0,20,23720,卖盘
787,13:40:57,11.86,0.0,1,1186,卖盘
788,13:41:04,11.87,0.01,4,4748,买盘
789,13:41:13,11.87,0.0,1,1187,卖盘
790,13:42:12,11.88,0.01,3,3564,买盘
791,13:42:43,11.87,-0.01,18,21373,卖盘
792,13:42:52,11.89,0.02,1,1189,买盘
793,13:43:10,11.89,0.0,9,10701,卖盘
794,13:43:13,11.88,-0.01,8,9504,买盘
795,13:43:40,11.86,-0.02,28,33216,卖盘
796,13:43:43,11.86,0.0,1,1186,卖盘
797,13:44:10,11.86,0.0,6,7116,卖盘
798,13:46:21,11.87,0.01,2,2374,买盘
799,13:46:46,11.87,0.0,1,1187,买盘
800,13:49:40,11.88,0.01,15,17820,买盘
801,13:49:43,11.88,0.0,1,1188,卖盘
802,13:49:46,11.88,0.0,2,2376,卖盘
803,13:50:04,11.89,0.01,49,58261,买盘
804,13:50:22,11.88,-0.01,11,13068,卖盘
805,13:50:58,11.88,0.0,1,1188,卖盘
806,13:51:04,11.88,0.0,9,10692,卖盘
807,13:51:34,11.87,-0.01,10,11870,买盘
808,13:51:37,11.87,0.0,1,1187,卖盘
809,13:53:16,11.9,0.03,50,59458,买盘
810,13:53:30,11.92,0.02,50,59597,买盘
811,13:53:58,11.92,0.0,50,59600,买盘
812,13:55:13,11.91,-0.01,1,1191,买盘
813,13:56:22,11.92,0.01,20,23840,买盘
814,13:57:04,11.92,0.0,4,4768,买盘
815,13:57:43,11.92,0.0,2,2444,买盘
816,13:57:48,11.92,0.0,3,3516,卖盘
817,13:58:09,11.91,-0.01,19,22629,卖盘
818,13:58:16,11.93,0.02,43,51335,买盘
819,13:58:22,11.93,0.0,5,5965,卖盘
820,13:58:36,11.93,0.0,12,14256,卖盘
821,13:59:52,11.93,0.0,30,35789,买盘
822,14:00:22,11.93,0.0,1,1133,买盘
823,14:00:46,11.93,0.0,60,71573,买盘
824,14:01:55,11.93,0.0,15,17894,买盘
825,14:02:10,11.92,-0.01,1,1192,卖盘
826,14:04:01,11.91,-0.01,74,88134,卖盘
827,14:04:09,11.9,-0.01,50,59500,卖盘
828,14:04:24,11.91,0.01,18,21438,买盘
829,14:06:19,11.92,0.01,20,23838,买盘
830,14:06:55,11.93,0.01,20,23842,买盘
831,14:07:21,11.91,-0.02,1,1191,买盘
832,14:07:46,11.91,0.0,8,9528,卖盘
833,14:07:49,11.93,0.02,19,22662,买盘
834,14:09:07,11.92,-0.01,1,1192,买盘
835,14:09:21,11.93,0.01,9,10737,买盘
836,14:09:55,11.91,-0.02,20,23820,卖盘
837,14:10:16,11.91,0.0,3,3573,卖盘
838,14:10:57,11.91,0.0,1,1191,卖盘
839,14:11:15,11.92,0.01,6,7152,买盘
840,14:11:19,11.92,0.0,45,53640,买盘
841,14:11:25,11.93,0.01,5,5965,买盘
842,14:11:31,11.92,-0.01,5,5960,卖盘
843,14:11:52,11.92,0.0,4,4768,卖盘
844,14:12:22,11.92,0.0,6,7152,卖盘
845,14:12:28,11.92,0.0,1,1192,买盘
846,14:12:46,11.95,0.03,153,182750,买盘
847,14:12:52,11.95,0.0,3,3585,卖盘
848,14:13:01,11.98,0.03,297,355489,买盘
849,14:13:04,11.98,0.0,1,1198,卖盘
850,14:13:28,11.99,0.01,9,10791,买盘
851,14:13:31,11.98,-0.01,17,20366,卖盘
852,14:13:37,11.99,0.01,42,50353,买盘
853,14:13:40,11.99,0.0,6,7194,卖盘
854,14:13:43,11.99,0.0,69,82731,卖盘
855,14:13:52,11.99,0.0,56,67144,卖盘
856,14:14:40,11.96,-0.03,5,5980,中性盘
857,14:14:51,11.95,-0.01,29,34655,卖盘
858,14:15:25,11.94,-0.01,3,3582,买盘
859,14:15:54,11.91,-0.03,1,1191,卖盘
860,14:16:10,11.91,0.0,9,10719,卖盘
861,14:19:04,11.92,0.01,3,3576,卖盘
862,14:20:13,11.93,0.01,3,3579,买盘
863,14:20:22,11.93,0.0,28,33404,买盘
864,14:20:37,11.93,0.0,5,5965,买盘
865,14:20:49,11.92,-0.01,50,59600,卖盘
866,14:20:55,11.92,0.0,3,3576,卖盘
867,14:20:58,11.98,0.06,23,27523,买盘
868,14:21:01,11.92,-0.06,11,13112,卖盘
869,14:22:10,11.92,0.0,1,1192,买盘
870,14:22:13,11.93,0.01,4,4772,买盘
871,14:22:16,11.91,-0.02,24,28612,卖盘
872,14:22:19,11.92,0.01,1,1192,买盘
873,14:22:21,11.94,0.02,1,1194,买盘
874,14:23:43,11.93,-0.01,1,1193,买盘
875,14:25:43,11.92,-0.01,4,4768,卖盘
876,14:25:52,11.92,0.0,5,5960,买盘
877,14:25:58,11.92,0.0,1,1192,买盘
878,14:26:25,11.92,0.0,2,2384,买盘
879,14:28:07,11.92,0.0,1,1192,卖盘
880,14:29:43,11.92,0.0,2,2384,卖盘
881,14:30:19,11.92,0.0,7,8344,卖盘
882,14:30:49,11.93,0.01,20,23860,买盘
883,14:31:13,11.93,0.0,11,13123,买盘
884,14:32:31,11.93,0.0,1,1193,卖盘
885,14:35:55,11.93,0.0,10,11930,卖盘
886,14:36:01,11.93,0.0,2,2386,卖盘
887,14:36:21,11.93,0.0,2,2386,卖盘
888,14:36:28,11.93,0.0,5,5965,卖盘
889,14:38:00,11.93,0.0,10,11930,卖盘
890,14:38:22,11.94,0.01,12,14328,买盘
891,14:38:39,11.94,0.0,29,34626,买盘
892,14:39:34,11.94,0.0,20,23880,买盘
893,14:39:52,11.94,0.0,10,11940,卖盘
894,14:40:19,11.94,0.0,27,32238,卖盘
895,14:40:52,11.93,-0.01,3,3579,卖盘
896,14:41:43,11.94,0.01,15,17899,买盘
897,14:42:12,11.93,-0.01,13,15509,卖盘
898,14:42:19,11.93,0.0,3,3579,卖盘
899,14:42:25,11.93,0.0,1,1193,卖盘
900,14:42:27,11.92,-0.01,10,11923,卖盘
901,14:42:49,11.92,0.0,10,11920,卖盘
902,14:43:21,11.93,0.01,5,5965,买盘
903,14:43:34,11.92,-0.01,10,11920,卖盘
904,14:43:40,11.93,0.01,19,22667,买盘
905,14:43:58,11.93,0.0,21,25053,买盘
906,14:44:37,11.92,-0.01,1,1192,卖盘
907,14:46:52,11.93,0.01,18,21474,买盘
908,14:47:13,11.92,-0.01,135,160920,卖盘
909,14:47:31,11.91,-0.01,1,1191,卖盘
910,14:47:37,11.91,0.0,3,3573,卖盘
911,14:48:04,11.91,0.0,50,59550,卖盘
912,14:48:13,11.91,0.0,1,1191,卖盘
913,14:48:33,11.9,-0.01,4,4760,卖盘
914,14:48:48,11.9,0.0,6,7140,卖盘
915,14:48:52,11.9,0.0,18,21420,卖盘
916,14:49:57,11.89,-0.01,44,52316,卖盘
917,14:50:15,11.88,-0.01,1,1188,卖盘
918,14:50:22,11.88,0.0,94,111672,卖盘
919,14:50:39,11.88,0.0,36,42768,卖盘
920,14:50:52,11.87,-0.01,9,10683,卖盘
921,14:51:58,11.87,0.0,1,1187,卖盘
922,14:52:13,11.88,0.01,90,106920,买盘
923,14:52:16,11.88,0.0,12,14256,买盘
924,14:52:25,11.88,0.0,63,74547,买盘
925,14:52:46,11.88,0.0,21,25245,卖盘
926,14:53:01,11.88,0.0,5,5940,买盘
927,14:53:25,11.88,0.0,34,40095,买盘
928,14:53:40,11.88,0.0,1,1188,卖盘
929,14:53:49,11.88,0.0,3,3564,卖盘
930,14:53:55,11.88,0.0,16,19305,卖盘
931,14:54:13,11.88,0.0,20,23760,买盘
932,14:54:55,11.88,0.0,1,1188,买盘
933,14:55:01,11.87,-0.01,1,1187,卖盘
934,14:55:13,11.88,0.01,10,11880,买盘
935,14:55:19,11.87,-0.01,14,16618,卖盘
936,14:55:25,11.87,0.0,34,40358,卖盘
937,14:55:55,11.87,0.0,30,35610,买盘
938,14:56:10,11.86,-0.01,20,23720,卖盘
939,14:56:19,11.89,0.03,150,177909,买盘
940,14:56:43,11.89,0.0,20,24077,买盘
941,14:56:49,11.86,-0.03,4,4744,卖盘
942,15:00:05,11.89,0.03,43,51127,卖盘
