,time,price,change,volume,amount,type
0,09:25:04,3.68,-0.01,88,32384,卖盘
1,09:30:04,3.69,0.01,2,738,买盘
2,09:30:07,3.71,0.02,20,7399,买盘
3,09:30:13,3.72,0.01,16,5951,买盘
4,09:30:16,3.71,-0.01,1,371,卖盘
5,09:30:25,3.72,0.01,2,744,买盘
6,09:30:31,3.72,0.0,1,372,买盘
7,09:30:36,3.72,0.0,10,3720,买盘
8,09:30:40,3.72,0.0,29,10788,买盘
9,09:30:43,3.72,0.0,296,110112,买盘
10,09:30:45,3.72,0.0,3,1116,买盘
11,09:30:48,3.72,0.0,7,2604,买盘
12,09:30:52,3.72,0.0,1,372,买盘
13,09:30:55,3.72,0.0,1,372,买盘
14,09:30:58,3.72,0.0,14,5208,买盘
15,09:31:01,3.72,0.0,15,5580,买盘
16,09:31:04,3.72,0.0,11,4092,买盘
17,09:31:07,3.72,0.0,7,2604,买盘
18,09:31:10,3.72,0.0,19,7068,买盘
19,09:31:16,3.72,0.0,16,5952,买盘
20,09:31:19,3.74,0.02,113,42226,买盘
21,09:31:25,3.71,-0.03,49,18223,卖盘
22,09:31:40,3.73,0.02,6,2238,卖盘
23,09:31:58,3.73,0.0,17,6341,卖盘
24,09:32:07,3.74,0.01,3,1122,买盘
25,09:32:09,3.73,-0.01,211,78749,卖盘
26,09:32:13,3.74,0.01,58,21692,买盘
27,09:32:19,3.74,0.0,19,7106,买盘
28,09:32:25,3.74,0.0,50,18700,买盘
29,09:32:28,3.74,0.0,7,2618,买盘
30,09:32:30,3.74,0.0,13,4862,买盘
31,09:32:57,3.74,0.0,100,37400,买盘
32,09:33:06,3.74,0.0,71,26554,买盘
33,09:33:13,3.74,0.0,37,13838,卖盘
34,09:33:16,3.75,0.01,125,46875,买盘
35,09:33:34,3.75,0.0,45,16875,买盘
36,09:33:36,3.75,0.0,35,13125,买盘
37,09:33:40,3.75,0.0,18,6750,买盘
38,09:33:43,3.75,0.0,44,16500,买盘
39,09:33:49,3.76,0.01,2,752,买盘
40,09:33:52,3.75,-0.01,4,1503,卖盘
41,09:33:55,3.76,0.01,6,2256,买盘
42,09:33:58,3.75,-0.01,18,6753,卖盘
43,09:34:01,3.76,0.01,1,376,买盘
44,09:34:25,3.76,0.0,27,10152,买盘
45,09:34:31,3.76,0.0,5,1880,买盘
46,09:34:34,3.75,-0.01,34,12750,卖盘
47,09:34:49,3.76,0.01,1,376,买盘
48,09:34:55,3.76,0.0,2,752,买盘
49,09:35:07,3.75,-0.01,29,10875,卖盘
50,09:35:10,3.76,0.01,18,6768,买盘
51,09:35:19,3.75,-0.01,1,375,卖盘
52,09:35:25,3.76,0.01,4,1504,买盘
53,09:35:31,3.76,0.0,26,9776,买盘
54,09:35:42,3.75,-0.01,1,375,卖盘
55,09:35:46,3.76,0.01,10,3760,买盘
56,09:35:55,3.76,0.0,59,22183,买盘
57,09:35:58,3.76,0.0,7,2632,买盘
58,09:36:01,3.76,0.0,39,14663,买盘
59,09:36:06,3.75,-0.01,2,750,卖盘
60,09:36:16,3.76,0.01,1,376,买盘
61,09:36:18,3.76,0.0,106,39856,买盘
62,09:36:21,3.76,0.0,10,3760,买盘
63,09:36:25,3.75,-0.01,69,25894,卖盘
64,09:36:28,3.76,0.01,5,1880,买盘
65,09:36:34,3.75,-0.01,24,9000,卖盘
66,09:36:46,3.76,0.01,2,752,买盘
67,09:37:16,3.75,-0.01,6,2250,卖盘
68,09:37:19,3.76,0.01,6,2256,买盘
69,09:37:25,3.75,-0.01,8,3007,卖盘
70,09:37:30,3.75,0.0,710,266260,卖盘
71,09:37:33,3.75,0.0,50,18750,卖盘
72,09:37:37,3.76,0.01,16,6016,买盘
73,09:37:43,3.75,-0.01,22,8253,卖盘
74,09:37:49,3.75,0.0,24,9000,卖盘
75,09:37:51,3.75,0.0,10,3750,卖盘
76,09:37:54,3.76,0.01,5,1880,买盘
77,09:38:01,3.76,0.0,23,8648,买盘
78,09:38:09,3.76,0.0,2,752,买盘
79,09:38:13,3.76,0.0,58,21808,买盘
80,09:38:19,3.76,0.0,13,4888,买盘
81,09:38:34,3.76,0.0,20,7520,买盘
82,09:38:37,3.75,-0.01,10,3752,卖盘
83,09:38:40,3.76,0.01,20,7520,买盘
84,09:38:43,3.76,0.0,437,164316,买盘
85,09:38:51,3.77,0.01,1,377,买盘
86,09:38:54,3.76,-0.01,55,20680,卖盘
87,09:38:58,3.76,0.0,156,58656,卖盘
88,09:39:00,3.77,0.01,341,128557,买盘
89,09:39:07,3.77,0.0,26,9802,卖盘
90,09:39:28,3.77,0.0,10,3770,卖盘
91,09:39:37,3.77,0.0,30,11310,卖盘
92,09:39:43,3.78,0.01,6,2268,买盘
93,09:39:52,3.78,0.0,15,5670,买盘
94,09:40:00,3.77,-0.01,15,5655,卖盘
95,09:40:07,3.78,0.01,10,3780,买盘
96,09:40:10,3.78,0.0,5,1890,买盘
97,09:40:28,3.78,0.0,10,3780,买盘
98,09:40:37,3.78,0.0,3,1134,买盘
99,09:40:46,3.78,0.0,3,1134,买盘
100,09:40:52,3.78,0.0,6,2268,买盘
101,09:41:04,3.77,-0.01,85,32045,卖盘
102,09:41:16,3.77,0.0,100,37700,卖盘
103,09:41:19,3.77,0.0,15,5655,卖盘
104,09:41:28,3.77,0.0,81,30537,卖盘
105,09:41:34,3.77,0.0,269,101413,卖盘
106,09:41:40,3.77,0.0,2,754,卖盘
107,09:41:43,3.77,0.0,101,38078,卖盘
108,09:41:46,3.77,0.0,55,20735,卖盘
109,09:41:51,3.77,0.0,110,41470,卖盘
110,09:41:54,3.77,0.0,180,67860,卖盘
111,09:41:57,3.77,0.0,515,194155,卖盘
112,09:42:01,3.76,-0.01,63,23693,卖盘
113,09:42:04,3.75,-0.01,16,6001,卖盘
114,09:42:06,3.75,0.0,8,3000,卖盘
115,09:42:13,3.75,0.0,13,4875,卖盘
116,09:42:15,3.75,0.0,11,4125,卖盘
117,09:42:18,3.76,0.01,1,376,买盘
118,09:42:24,3.75,-0.01,3,1127,卖盘
119,09:42:28,3.75,0.0,4,1500,卖盘
120,09:42:55,3.75,0.0,37,13875,卖盘
121,09:43:43,3.75,0.0,10,3750,卖盘
122,09:44:13,3.75,0.0,12,4502,卖盘
123,09:44:16,3.76,0.01,7,2632,买盘
124,09:44:55,3.76,0.0,4,1504,买盘
125,09:45:13,3.76,0.0,4,1504,卖盘
126,09:45:18,3.76,0.0,100,37600,卖盘
127,09:45:24,3.77,0.01,2,754,买盘
128,09:45:31,3.77,0.0,16,6032,买盘
129,09:45:33,3.77,0.0,12,4524,买盘
130,09:45:36,3.76,-0.01,7,2632,卖盘
131,09:45:49,3.76,0.0,26,9776,卖盘
132,09:45:55,3.76,0.0,5,1880,卖盘
133,09:46:01,3.77,0.01,18,6786,买盘
134,09:46:13,3.76,-0.01,4,1504,卖盘
135,09:46:34,3.77,0.01,7,2635,买盘
136,09:46:46,3.77,0.0,79,29783,买盘
137,09:46:49,3.76,-0.01,5,1880,卖盘
138,09:47:04,3.76,0.0,11,4141,卖盘
139,09:47:22,3.77,0.01,13,4901,买盘
140,09:47:31,3.76,-0.01,4,1504,卖盘
141,09:47:49,3.77,0.01,13,4901,买盘
142,09:47:55,3.76,-0.01,4,1504,卖盘
143,09:47:57,3.77,0.01,24,9048,买盘
144,09:48:01,3.77,0.0,1,377,买盘
145,09:48:04,3.76,-0.01,3,1128,卖盘
146,09:48:07,3.77,0.01,2,754,买盘
147,09:48:13,3.77,0.0,6,2258,买盘
148,09:48:19,3.76,-0.01,3,1128,卖盘
149,09:48:28,3.77,0.01,4,1508,买盘
150,09:48:30,3.76,-0.01,1,376,卖盘
151,09:48:34,3.77,0.01,201,75773,买盘
152,09:48:40,3.76,-0.01,6,2256,卖盘
153,09:48:43,3.77,0.01,73,27521,买盘
154,09:48:49,3.77,0.0,10,3770,买盘
155,09:48:54,3.76,-0.01,11,4136,卖盘
156,09:49:09,3.76,0.0,5,1880,卖盘
157,09:49:27,3.76,0.0,40,15040,卖盘
158,09:49:34,3.76,0.0,35,13160,卖盘
159,09:49:37,3.76,0.0,46,17301,卖盘
160,09:49:49,3.76,0.0,1,376,买盘
161,09:49:55,3.76,0.0,2,752,买盘
162,09:50:10,3.75,-0.01,399,149625,卖盘
163,09:50:16,3.76,0.01,21,7877,买盘
164,09:50:22,3.76,0.0,9,3384,买盘
165,09:50:25,3.76,0.0,8,3008,买盘
166,09:50:28,3.76,0.0,92,34559,买盘
167,09:50:31,3.76,0.0,11,4136,买盘
168,09:50:34,3.75,-0.01,80,30000,卖盘
169,09:50:37,3.75,0.0,7,2625,中性盘
170,09:50:43,3.76,0.01,9,3379,买盘
171,09:50:46,3.76,0.0,3,1128,买盘
172,09:50:48,3.76,0.0,20,7520,买盘
173,09:50:54,3.76,0.0,1,376,买盘
174,09:51:00,3.76,0.0,7,2632,买盘
175,09:51:07,3.75,-0.01,4,1501,卖盘
176,09:51:12,3.76,0.01,3,1128,中性盘
177,09:51:22,3.75,-0.01,4,1500,卖盘
178,09:51:28,3.75,0.0,3,1125,卖盘
179,09:51:34,3.77,0.02,5,1885,买盘
180,09:51:39,3.76,-0.01,4,1504,卖盘
181,09:51:43,3.77,0.01,3,1131,买盘
182,09:51:49,3.77,0.0,13,4898,买盘
183,09:51:52,3.77,0.0,4,1508,买盘
184,09:52:12,3.76,-0.01,4,1504,卖盘
185,09:52:22,3.76,0.0,3,1128,卖盘
186,09:52:31,3.76,0.0,4,1504,卖盘
187,09:52:37,3.76,0.0,1,376,卖盘
188,09:52:58,3.76,0.0,16,6012,买盘
189,09:53:13,3.76,0.0,2,752,买盘
190,09:53:16,3.75,-0.01,3,1125,卖盘
191,09:53:18,3.76,0.01,9,3384,买盘
192,09:53:25,3.75,-0.01,4,1500,卖盘
193,09:53:31,3.75,0.0,3,1125,卖盘
194,09:53:46,3.75,0.0,4,1500,卖盘
195,09:53:52,3.75,0.0,3,1125,卖盘
196,09:54:06,3.76,0.01,4,1504,买盘
197,09:54:31,3.76,0.0,112,42112,买盘
198,09:54:43,3.77,0.01,2,754,买盘
199,09:54:46,3.76,-0.01,9,3384,卖盘
200,09:54:51,3.77,0.01,14,5273,买盘
201,09:55:04,3.77,0.0,7,2639,买盘
202,09:55:13,3.77,0.0,4,1508,买盘
203,09:55:15,3.76,-0.01,7,2632,卖盘
204,09:55:22,3.76,0.0,3,1128,卖盘
205,09:55:31,3.76,0.0,4,1504,卖盘
206,09:55:37,3.77,0.01,2,754,买盘
207,09:55:42,3.76,-0.01,3,1128,卖盘
208,09:55:46,3.77,0.01,1,377,买盘
209,09:55:48,3.77,0.0,15,5655,买盘
210,09:55:51,3.76,-0.01,4,1504,卖盘
211,09:55:57,3.76,0.0,3,1128,卖盘
212,09:56:12,3.77,0.01,2,754,买盘
213,09:56:19,3.76,-0.01,4,1504,卖盘
214,09:56:21,3.77,0.01,14,5278,买盘
215,09:56:28,3.76,-0.01,3,1128,卖盘
216,09:56:46,3.76,0.0,4,1504,卖盘
217,09:56:51,3.76,0.0,3,1128,卖盘
218,09:57:04,3.76,0.0,4,1504,卖盘
219,09:57:16,3.76,0.0,3,1128,卖盘
220,09:57:19,3.77,0.01,1,377,买盘
221,09:57:27,3.77,0.0,9,3388,买盘
222,09:57:46,3.77,0.0,1,377,买盘
223,09:57:49,3.77,0.0,12,4521,买盘
224,09:57:55,3.77,0.0,1,377,买盘
225,09:58:01,3.76,-0.01,4,1504,卖盘
226,09:58:07,3.77,0.01,6,2262,买盘
227,09:58:13,3.76,-0.01,3,1128,卖盘
228,09:58:24,3.77,0.01,1,377,买盘
229,09:58:31,3.76,-0.01,4,1504,卖盘
230,09:58:33,3.77,0.01,6,2262,买盘
231,09:58:36,3.77,0.0,4,1508,买盘
232,09:58:40,3.76,-0.01,3,1128,卖盘
233,09:58:49,3.76,0.0,4,1504,卖盘
234,09:58:55,3.77,0.01,2,754,买盘
235,09:58:58,3.77,0.0,58,21866,买盘
236,09:59:01,3.76,-0.01,3,1128,卖盘
237,09:59:10,3.77,0.01,2,754,买盘
238,09:59:13,3.76,-0.01,5,1880,卖盘
239,09:59:19,3.77,0.01,28,10537,买盘
240,09:59:22,3.77,0.0,5,1885,买盘
241,09:59:25,3.77,0.0,5,1885,买盘
242,09:59:28,3.77,0.0,6,2262,买盘
243,09:59:31,3.76,-0.01,5,1880,卖盘
244,09:59:37,3.76,0.0,5,1881,卖盘
245,09:59:43,3.77,0.01,8,3016,买盘
246,09:59:45,3.77,0.0,1,377,买盘
247,09:59:49,3.77,0.0,7,2635,买盘
248,09:59:52,3.77,0.0,7,2639,买盘
249,09:59:55,3.76,-0.01,3,1128,卖盘
250,10:00:13,3.76,0.0,4,1504,卖盘
251,10:00:31,3.77,0.01,6,2262,买盘
252,10:00:34,3.77,0.0,108,40688,买盘
253,10:00:37,3.77,0.0,43,16208,买盘
254,10:00:39,3.77,0.0,41,15451,买盘
255,10:00:43,3.77,0.0,35,13195,买盘
256,10:00:45,3.77,0.0,41,15446,买盘
257,10:00:49,3.77,0.0,15,5655,买盘
258,10:00:52,3.77,0.0,9,3386,买盘
259,10:00:54,3.77,0.0,11,4140,买盘
260,10:00:58,3.77,0.0,11,4147,买盘
261,10:01:01,3.77,0.0,11,4141,买盘
262,10:01:07,3.77,0.0,599,225819,买盘
263,10:01:10,3.77,0.0,120,45235,买盘
264,10:01:16,3.77,0.0,31,11687,卖盘
265,10:01:22,3.77,0.0,14,5278,卖盘
266,10:01:25,3.78,0.01,36,13589,买盘
267,10:01:31,3.77,-0.01,8,3016,卖盘
268,10:01:37,3.77,0.0,4,1508,卖盘
269,10:01:40,3.77,0.0,5,1885,卖盘
270,10:01:42,3.78,0.01,1,378,买盘
271,10:01:46,3.77,-0.01,19,7163,卖盘
272,10:01:52,3.77,0.0,3,1131,卖盘
273,10:01:54,3.77,0.0,4,1508,卖盘
274,10:02:01,3.77,0.0,4,1508,卖盘
275,10:02:13,3.78,0.01,1,378,买盘
276,10:02:19,3.78,0.0,13,4910,买盘
277,10:02:24,3.77,-0.01,4,1508,卖盘
278,10:02:39,3.77,0.0,4,1508,卖盘
279,10:02:45,3.77,0.0,4,1508,卖盘
280,10:02:49,3.78,0.01,1,378,买盘
281,10:02:54,3.77,-0.01,4,1508,卖盘
282,10:03:01,3.77,0.0,4,1508,卖盘
283,10:03:07,3.78,0.01,50,18900,买盘
284,10:03:16,3.77,-0.01,5,1885,卖盘
285,10:03:19,3.78,0.01,16,6048,买盘
286,10:03:22,3.77,-0.01,5,1885,卖盘
287,10:03:37,3.78,0.01,5,1886,买盘
288,10:03:40,3.78,0.0,2,756,买盘
289,10:03:45,3.77,-0.01,4,1508,卖盘
290,10:03:48,3.78,0.01,1,378,买盘
291,10:03:52,3.78,0.0,9,3402,买盘
292,10:03:55,3.77,-0.01,30,11310,卖盘
293,10:03:58,3.77,0.0,4,1508,卖盘
294,10:04:04,3.77,0.0,4,1508,卖盘
295,10:04:13,3.77,0.0,5,1885,卖盘
296,10:04:18,3.78,0.01,7,2642,买盘
297,10:04:28,3.77,-0.01,4,1508,卖盘
298,10:04:37,3.77,0.0,4,1508,卖盘
299,10:04:42,3.78,0.01,1,378,买盘
300,10:04:55,3.77,-0.01,4,1508,卖盘
301,10:05:06,3.77,0.0,4,1508,卖盘
302,10:05:16,3.78,0.01,6,2264,买盘
303,10:05:19,3.78,0.0,9,3402,买盘
304,10:05:22,3.78,0.0,6,2268,买盘
305,10:05:25,3.77,-0.01,18,6786,卖盘
306,10:05:34,3.77,0.0,5,1885,卖盘
307,10:05:49,3.78,0.01,5,1886,买盘
308,10:06:06,3.78,0.0,4,1512,买盘
309,10:06:09,3.77,-0.01,4,1508,卖盘
310,10:06:40,3.77,0.0,4,1508,卖盘
311,10:06:42,3.78,0.01,1,378,买盘
312,10:06:52,3.78,0.0,9,3402,买盘
313,10:07:01,3.78,0.0,1,378,买盘
314,10:07:06,3.78,0.0,8,3020,买盘
315,10:07:22,3.77,-0.01,4,1508,卖盘
316,10:07:58,3.78,0.01,1,378,买盘
317,10:08:01,3.78,0.0,1,378,买盘
318,10:08:04,3.78,0.0,4,1512,买盘
319,10:08:06,3.78,0.0,7,2642,买盘
320,10:08:09,3.78,0.0,2,756,买盘
321,10:08:22,3.78,0.0,9,3402,买盘
322,10:08:25,3.77,-0.01,4,1508,卖盘
323,10:08:27,3.77,0.0,17,6409,卖盘
324,10:08:33,3.77,0.0,7,2639,卖盘
325,10:08:46,3.77,0.0,35,13195,卖盘
326,10:08:49,3.77,0.0,15,5655,卖盘
327,10:08:55,3.77,0.0,85,32045,卖盘
328,10:08:58,3.78,0.01,80,30240,买盘
329,10:09:04,3.77,-0.01,9,3393,卖盘
330,10:09:10,3.77,0.0,3,1131,卖盘
331,10:09:13,3.78,0.01,1,378,买盘
332,10:09:19,3.77,-0.01,204,76908,卖盘
333,10:09:22,3.77,0.0,27,10179,卖盘
334,10:09:27,3.77,0.0,305,114986,卖盘
335,10:09:30,3.77,0.0,26,9802,卖盘
336,10:09:37,3.77,0.0,28,10556,买盘
337,10:09:40,3.76,-0.01,19,7144,卖盘
338,10:09:42,3.76,0.0,14,5264,卖盘
339,10:09:45,3.77,0.01,19,7146,买盘
340,10:09:52,3.77,0.0,9,3393,买盘
341,10:09:55,3.77,0.0,45,16922,买盘
342,10:09:58,3.76,-0.01,4,1504,卖盘
343,10:10:01,3.76,0.0,8,3008,卖盘
344,10:10:10,3.76,0.0,5,1880,卖盘
345,10:10:13,3.76,0.0,4,1504,卖盘
346,10:10:16,3.76,0.0,7,2632,卖盘
347,10:10:19,3.77,0.01,8,3016,买盘
348,10:10:25,3.76,-0.01,154,57904,卖盘
349,10:10:27,3.76,0.0,3,1128,卖盘
350,10:10:31,3.76,0.0,9,3384,卖盘
351,10:10:36,3.77,0.01,7,2639,买盘
352,10:10:48,3.76,-0.01,5,1880,卖盘
353,10:11:09,3.77,0.01,2,754,买盘
354,10:11:22,3.77,0.0,58,21866,买盘
355,10:11:25,3.77,0.0,10,3770,买盘
356,10:11:28,3.77,0.0,58,21866,买盘
357,10:11:30,3.77,0.0,15,5655,买盘
358,10:11:34,3.77,0.0,6,2262,卖盘
359,10:11:43,3.77,0.0,6,2262,卖盘
360,10:11:46,3.77,0.0,4,1508,卖盘
361,10:11:49,3.77,0.0,4,1508,卖盘
362,10:12:04,3.78,0.01,77,29080,买盘
363,10:12:07,3.78,0.0,3,1134,买盘
364,10:12:10,3.77,-0.01,4,1508,卖盘
365,10:12:13,3.77,0.0,8,3016,卖盘
366,10:12:16,3.78,0.01,20,7560,买盘
367,10:12:21,3.77,-0.01,6,2262,卖盘
368,10:12:24,3.77,0.0,53,19981,卖盘
369,10:12:34,3.77,0.0,400,150800,卖盘
370,10:12:37,3.77,0.0,5,1885,卖盘
371,10:12:40,3.77,0.0,9,3393,卖盘
372,10:12:42,3.77,0.0,6,2262,卖盘
373,10:12:46,3.78,0.01,1,378,买盘
374,10:12:51,3.77,-0.01,21,7926,卖盘
375,10:13:04,3.77,0.0,15,5655,卖盘
376,10:13:13,3.78,0.01,55,20786,买盘
377,10:13:28,3.77,-0.01,5,1885,卖盘
378,10:13:40,3.77,0.0,5,1885,卖盘
379,10:13:43,3.77,0.0,200,75400,卖盘
380,10:13:45,3.77,0.0,4,1508,卖盘
381,10:13:49,3.77,0.0,50,18850,卖盘
382,10:13:52,3.77,0.0,3,1131,卖盘
383,10:13:58,3.78,0.01,52,19656,买盘
384,10:14:01,3.77,-0.01,9,3393,卖盘
385,10:14:10,3.78,0.01,2,756,买盘
386,10:14:15,3.78,0.0,45,17010,买盘
387,10:14:19,3.77,-0.01,11,4153,卖盘
388,10:14:21,3.78,0.01,9,3402,买盘
389,10:14:25,3.77,-0.01,3,1131,卖盘
390,10:14:30,3.77,0.0,170,64090,卖盘
391,10:14:33,3.77,0.0,5,1885,卖盘
392,10:14:43,3.78,0.01,69,26032,买盘
393,10:14:46,3.77,-0.01,4,1508,卖盘
394,10:14:52,3.77,0.0,8,3016,卖盘
395,10:14:55,3.77,0.0,79,29783,卖盘
396,10:15:10,3.76,-0.01,23,8666,卖盘
397,10:15:13,3.76,0.0,4,1504,卖盘
398,10:15:15,3.76,0.0,5,1880,卖盘
399,10:15:43,3.76,0.0,4,1504,卖盘
400,10:15:45,3.76,0.0,5,1882,卖盘
401,10:15:49,3.76,0.0,4,1504,卖盘
402,10:15:52,3.77,0.01,9,3393,买盘
403,10:15:58,3.76,-0.01,4,1504,卖盘
404,10:16:01,3.76,0.0,3,1128,卖盘
405,10:16:04,3.76,0.0,4,1504,卖盘
406,10:16:13,3.76,0.0,4,1504,卖盘
407,10:16:16,3.76,0.0,3,1128,卖盘
408,10:16:19,3.76,0.0,4,1504,卖盘
409,10:16:34,3.76,0.0,4,1504,卖盘
410,10:16:40,3.76,0.0,3,1128,卖盘
411,10:16:55,3.76,0.0,9,3384,买盘
412,10:17:06,3.76,0.0,3,1128,买盘
413,10:17:13,3.76,0.0,1,376,买盘
414,10:17:34,3.76,0.0,1,376,买盘
415,10:17:37,3.76,0.0,56,21056,买盘
416,10:17:40,3.76,0.0,3,1128,卖盘
417,10:17:43,3.76,0.0,7,2632,卖盘
418,10:17:52,3.76,0.0,6,2257,卖盘
419,10:17:55,3.76,0.0,4,1504,卖盘
420,10:17:58,3.77,0.01,6,2262,买盘
421,10:18:04,3.77,0.0,65,24505,买盘
422,10:18:07,3.77,0.0,99,37323,买盘
423,10:18:10,3.77,0.0,86,32422,买盘
424,10:18:13,3.77,0.0,55,20735,买盘
425,10:18:16,3.77,0.0,4,1508,买盘
426,10:18:19,3.77,0.0,3,1131,买盘
427,10:18:21,3.77,0.0,2,754,买盘
428,10:18:25,3.77,0.0,1,377,买盘
429,10:18:31,3.77,0.0,59,22243,买盘
430,10:18:40,3.77,0.0,6,2262,买盘
431,10:18:43,3.77,0.0,3,1131,卖盘
432,10:18:45,3.77,0.0,5,1885,卖盘
433,10:19:19,3.77,0.0,10,3770,卖盘
434,10:20:10,3.77,0.0,10,3770,卖盘
435,10:20:12,3.78,0.01,2,756,买盘
436,10:21:06,3.78,0.0,3,1134,买盘
437,10:22:07,3.78,0.0,4,1512,买盘
438,10:22:19,3.78,0.0,1,378,买盘
439,10:22:34,3.78,0.0,1,378,买盘
440,10:22:43,3.78,0.0,177,66906,买盘
441,10:23:04,3.77,-0.01,9,3393,卖盘
442,10:23:07,3.78,0.01,4,1512,买盘
443,10:23:34,3.78,0.0,572,216216,买盘
444,10:23:39,3.78,0.0,21,7938,卖盘
445,10:23:43,3.78,0.0,18,6804,买盘
446,10:23:46,3.78,0.0,113,42714,卖盘
447,10:23:49,3.78,0.0,14,5292,买盘
448,10:23:55,3.78,0.0,2,756,买盘
449,10:24:06,3.78,0.0,4,1512,买盘
450,10:24:16,3.78,0.0,1,378,买盘
451,10:24:33,3.77,-0.01,114,42978,卖盘
452,10:24:58,3.77,0.0,30,11310,卖盘
453,10:25:10,3.78,0.01,20,7560,买盘
454,10:26:07,3.78,0.0,4,1512,买盘
455,10:26:40,3.78,0.0,7,2646,买盘
456,10:27:07,3.78,0.0,4,1512,买盘
457,10:27:33,3.77,-0.01,18,6786,卖盘
458,10:27:39,3.78,0.01,2,756,买盘
459,10:27:46,3.78,0.0,1,378,买盘
460,10:28:06,3.78,0.0,4,1512,买盘
461,10:28:15,3.77,-0.01,75,28275,卖盘
462,10:28:19,3.78,0.01,100,37800,买盘
463,10:28:58,3.77,-0.01,3,1131,卖盘
464,10:30:10,3.78,0.01,4,1512,买盘
465,10:30:25,3.78,0.0,58,21924,买盘
466,10:30:37,3.78,0.0,1,378,买盘
467,10:30:40,3.78,0.0,23,8694,买盘
468,10:30:51,3.78,0.0,7,2646,买盘
469,10:30:57,3.77,-0.01,4,1508,卖盘
470,10:31:00,3.77,0.0,3,1131,卖盘
471,10:31:07,3.78,0.01,18,6804,买盘
472,10:31:15,3.78,0.0,11,4154,买盘
473,10:31:18,3.77,-0.01,3,1131,卖盘
474,10:31:21,3.77,0.0,4,1508,卖盘
475,10:31:55,3.78,0.01,6,2268,买盘
476,10:32:00,3.77,-0.01,60,22620,卖盘
477,10:33:18,3.78,0.01,1,378,买盘
478,10:34:06,3.78,0.0,3,1134,买盘
479,10:34:13,3.77,-0.01,68,25636,卖盘
480,10:34:22,3.78,0.01,4,1512,买盘
481,10:34:49,3.78,0.0,1,378,买盘
482,10:36:19,3.78,0.0,7,2646,买盘
483,10:36:28,3.77,-0.01,130,49010,卖盘
484,10:36:52,3.77,0.0,276,104052,卖盘
485,10:36:58,3.78,0.01,1,378,买盘
486,10:37:01,3.77,-0.01,245,92365,卖盘
487,10:37:16,3.77,0.0,2,754,买盘
488,10:37:19,3.76,-0.01,10,3760,卖盘
489,10:37:58,3.76,0.0,4,1504,卖盘
490,10:38:21,3.76,0.0,89,33464,卖盘
491,10:38:27,3.75,-0.01,6,2250,卖盘
492,10:38:33,3.75,0.0,5,1875,卖盘
493,10:38:37,3.75,0.0,9,3375,卖盘
494,10:38:48,3.75,0.0,4,1500,卖盘
495,10:38:54,3.75,0.0,3,1125,卖盘
496,10:39:00,3.75,0.0,7,2625,卖盘
497,10:39:13,3.75,0.0,4,1500,卖盘
498,10:39:15,3.75,0.0,3,1125,卖盘
499,10:39:18,3.75,0.0,7,2625,卖盘
500,10:39:39,3.75,0.0,4,1500,卖盘
501,10:39:42,3.75,0.0,3,1125,卖盘
502,10:39:45,3.75,0.0,7,2625,卖盘
503,10:40:04,3.75,0.0,4,1500,卖盘
504,10:40:06,3.75,0.0,3,1125,卖盘
505,10:40:09,3.75,0.0,4,1500,卖盘
506,10:40:43,3.75,0.0,4,1500,卖盘
507,10:40:49,3.75,0.0,3,1125,卖盘
508,10:40:55,3.75,0.0,7,2625,卖盘
509,10:41:01,3.75,0.0,100,37500,卖盘
510,10:41:06,3.75,0.0,6,2250,卖盘
511,10:41:13,3.75,0.0,5,1875,卖盘
512,10:41:18,3.75,0.0,6,2250,卖盘
513,10:41:21,3.76,0.01,3,1128,买盘
514,10:41:28,3.75,-0.01,4,1500,卖盘
515,10:41:34,3.75,0.0,3,1125,卖盘
516,10:41:37,3.75,0.0,14,5250,卖盘
517,10:41:49,3.76,0.01,7,2628,买盘
518,10:41:51,3.76,0.0,2,752,买盘
519,10:41:54,3.75,-0.01,3,1125,卖盘
520,10:41:58,3.75,0.0,4,1500,卖盘
521,10:42:04,3.76,0.01,7,2632,买盘
522,10:42:10,3.75,-0.01,4,1500,卖盘
523,10:42:12,3.75,0.0,3,1125,卖盘
524,10:42:43,3.75,0.0,4,1500,卖盘
525,10:42:46,3.75,0.0,3,1125,卖盘
526,10:43:09,3.75,0.0,4,1500,卖盘
527,10:43:13,3.75,0.0,3,1125,卖盘
528,10:43:49,3.75,0.0,4,1500,卖盘
529,10:43:54,3.75,0.0,3,1125,卖盘
530,10:44:19,3.75,0.0,395,148125,卖盘
531,10:44:25,3.75,0.0,8,3000,卖盘
532,10:44:55,3.75,0.0,12,4500,卖盘
533,10:45:19,3.75,0.0,4,1500,卖盘
534,10:45:42,3.75,0.0,24,9000,卖盘
535,10:46:07,3.75,0.0,4,1500,卖盘
536,10:46:51,3.76,0.01,1,376,买盘
537,10:47:07,3.76,0.0,3,1128,买盘
538,10:47:12,3.75,-0.01,4,1500,卖盘
539,10:47:33,3.75,0.0,10,3750,卖盘
540,10:47:52,3.75,0.0,2,750,卖盘
541,10:48:13,3.75,0.0,4,1500,卖盘
542,10:48:22,3.75,0.0,2,750,卖盘
543,10:48:25,3.76,0.01,1,376,买盘
544,10:48:40,3.75,-0.01,542,203250,卖盘
545,10:48:52,3.75,0.0,2,750,卖盘
546,10:48:58,3.75,0.0,15,5625,卖盘
547,10:49:13,3.75,0.0,1,375,卖盘
548,10:49:21,3.75,0.0,8,3000,卖盘
549,10:49:24,3.75,0.0,2,750,卖盘
550,10:49:46,3.76,0.01,27,10152,买盘
551,10:49:48,3.76,0.0,5,1876,买盘
552,10:49:51,3.76,0.0,3,1126,买盘
553,10:49:58,3.76,0.0,9,3384,买盘
554,10:50:07,3.76,0.0,4,1504,买盘
555,10:50:21,3.75,-0.01,1,375,卖盘
556,10:50:25,3.75,0.0,2,750,卖盘
557,10:50:51,3.75,0.0,2,750,卖盘
558,10:51:18,3.76,0.01,847,318472,买盘
559,10:51:22,3.76,0.0,2,752,卖盘
560,10:51:28,3.76,0.0,20,7520,卖盘
561,10:51:30,3.77,0.01,1,377,买盘
562,10:51:40,3.77,0.0,8,3016,买盘
563,10:51:43,3.76,-0.01,4,1504,卖盘
564,10:51:52,3.76,0.0,26,9800,卖盘
565,10:51:57,3.76,0.0,4,1504,卖盘
566,10:52:07,3.76,0.0,1,376,卖盘
567,10:52:12,3.76,0.0,1,376,卖盘
568,10:52:16,3.76,0.0,70,26320,卖盘
569,10:52:22,3.76,0.0,252,94752,卖盘
570,10:52:27,3.76,0.0,250,94000,卖盘
571,10:52:34,3.76,0.0,9,3384,卖盘
572,10:52:40,3.76,0.0,200,75200,卖盘
573,10:52:43,3.76,0.0,188,70688,卖盘
574,10:52:46,3.76,0.0,12,4512,买盘
575,10:52:52,3.76,0.0,82,30832,卖盘
576,10:52:55,3.75,-0.01,3,1126,卖盘
577,10:52:58,3.76,0.01,160,60160,买盘
578,10:53:00,3.76,0.0,4,1504,买盘
579,10:53:04,3.76,0.0,20,7520,买盘
580,10:53:07,3.76,0.0,19,7144,买盘
581,10:53:10,3.76,0.0,1,376,买盘
582,10:53:13,3.76,0.0,58,21808,买盘
583,10:53:25,3.75,-0.01,2,750,卖盘
584,10:53:55,3.75,0.0,102,38250,卖盘
585,10:53:58,3.76,0.01,5,1880,买盘
586,10:54:07,3.76,0.0,4,1504,买盘
587,10:54:22,3.75,-0.01,2,750,卖盘
588,10:54:40,3.76,0.01,6,2256,买盘
589,10:54:55,3.75,-0.01,2,750,卖盘
590,10:55:25,3.75,0.0,2,750,卖盘
591,10:56:46,3.76,0.01,39,14664,买盘
592,10:56:49,3.76,0.0,41,15416,买盘
593,10:56:57,3.75,-0.01,100,37500,卖盘
594,10:57:13,3.75,0.0,100,37500,卖盘
595,10:57:31,3.76,0.01,39,14664,买盘
596,10:57:45,3.75,-0.01,6,2250,卖盘
597,10:58:18,3.76,0.01,45,16916,买盘
598,10:58:31,3.76,0.0,41,15416,买盘
599,10:58:40,3.76,0.0,41,15416,买盘
600,10:58:45,3.75,-0.01,6,2250,卖盘
601,10:59:06,3.76,0.01,4,1504,买盘
602,10:59:10,3.76,0.0,39,14664,买盘
603,10:59:13,3.75,-0.01,4,1500,卖盘
604,10:59:27,3.76,0.01,39,14664,买盘
605,10:59:34,3.75,-0.01,5,1875,卖盘
606,10:59:49,3.75,0.0,4,1500,卖盘
607,11:00:01,3.76,0.01,4,1504,买盘
608,11:00:06,3.76,0.0,39,14664,买盘
609,11:00:16,3.76,0.0,3,1128,买盘
610,11:00:22,3.76,0.0,41,15416,买盘
611,11:00:34,3.76,0.0,41,15416,买盘
612,11:00:49,3.76,0.0,41,15416,买盘
613,11:00:58,3.76,0.0,41,15416,买盘
614,11:01:01,3.76,0.0,41,15416,买盘
615,11:01:15,3.76,0.0,41,15416,买盘
616,11:01:31,3.76,0.0,40,15040,买盘
617,11:01:46,3.76,0.0,27,10152,买盘
618,11:01:57,3.76,0.0,41,15416,买盘
619,11:02:16,3.76,0.0,24,9024,买盘
620,11:02:30,3.76,0.0,26,9776,买盘
621,11:03:10,3.76,0.0,1,376,买盘
622,11:03:36,3.76,0.0,58,21808,买盘
623,11:03:42,3.76,0.0,119,44744,买盘
624,11:03:49,3.76,0.0,48,18048,买盘
625,11:03:55,3.77,0.01,2,754,买盘
626,11:04:13,3.77,0.0,3,1131,买盘
627,11:04:46,3.77,0.0,3,1131,买盘
628,11:04:52,3.76,-0.01,1,376,卖盘
629,11:04:55,3.77,0.01,1,377,买盘
630,11:04:58,3.76,-0.01,1,376,卖盘
631,11:05:04,3.76,0.0,1,376,卖盘
632,11:06:39,3.76,0.0,65,24440,卖盘
633,11:06:45,3.77,0.01,14,5265,买盘
634,11:06:51,3.76,-0.01,3,1128,卖盘
635,11:06:57,3.76,0.0,30,11280,卖盘
636,11:07:00,3.76,0.0,10,3760,卖盘
637,11:07:04,3.76,0.0,1,376,卖盘
638,11:07:33,3.76,0.0,1,376,卖盘
639,11:07:51,3.76,0.0,21,7896,卖盘
640,11:07:58,3.76,0.0,3,1128,卖盘
641,11:08:27,3.77,0.01,1,377,买盘
642,11:08:51,3.76,-0.01,5,1880,卖盘
643,11:09:58,3.76,0.0,2,752,卖盘
644,11:10:12,3.77,0.01,1,377,买盘
645,11:10:28,3.76,-0.01,2,752,卖盘
646,11:11:00,3.77,0.01,62,23372,买盘
647,11:11:06,3.76,-0.01,1,376,卖盘
648,11:11:09,3.77,0.01,1,377,买盘
649,11:11:28,3.76,-0.01,2,752,卖盘
650,11:11:57,3.76,0.0,2,752,卖盘
651,11:12:16,3.77,0.01,1,377,买盘
652,11:13:24,3.77,0.0,58,21866,买盘
653,11:13:27,3.77,0.0,3,1131,买盘
654,11:13:33,3.77,0.0,20,7540,买盘
655,11:13:52,3.77,0.0,4,1508,买盘
656,11:13:55,3.77,0.0,4,1508,买盘
657,11:13:57,3.77,0.0,5,1885,买盘
658,11:14:01,3.77,0.0,179,67483,买盘
659,11:14:04,3.77,0.0,19,7163,买盘
660,11:14:06,3.77,0.0,222,83694,买盘
661,11:14:09,3.77,0.0,25,9425,买盘
662,11:14:13,3.77,0.0,46,17342,买盘
663,11:14:15,3.77,0.0,413,155701,买盘
664,11:14:52,3.78,0.01,19,7182,买盘
665,11:15:01,3.78,0.0,1,378,买盘
666,11:15:21,3.77,-0.01,10,3770,卖盘
667,11:15:25,3.78,0.01,211,79758,买盘
668,11:15:27,3.78,0.0,567,214326,买盘
669,11:15:37,3.78,0.0,327,123606,卖盘
670,11:15:43,3.79,0.01,1,379,买盘
671,11:15:52,3.79,0.0,5,1895,买盘
672,11:15:55,3.78,-0.01,40,15120,卖盘
673,11:16:01,3.79,0.01,38,14402,买盘
674,11:16:07,3.79,0.0,65,24635,买盘
675,11:17:33,3.79,0.0,1,379,买盘
676,11:17:54,3.79,0.0,6,2274,买盘
677,11:19:36,3.79,0.0,1,379,买盘
678,11:19:52,3.78,-0.01,3,1134,卖盘
679,11:20:07,3.79,0.01,58,21982,买盘
680,11:20:21,3.78,-0.01,3,1134,卖盘
681,11:20:31,3.79,0.01,4,1516,买盘
682,11:20:51,3.78,-0.01,3,1134,卖盘
683,11:20:54,3.79,0.01,1,379,买盘
684,11:21:22,3.79,0.0,4,1513,买盘
685,11:21:51,3.78,-0.01,4,1512,卖盘
686,11:22:10,3.78,0.0,81,30618,卖盘
687,11:22:21,3.78,0.0,3,1134,卖盘
688,11:22:52,3.78,0.0,3,1134,卖盘
689,11:23:16,3.78,0.0,3,1134,卖盘
690,11:23:22,3.78,0.0,3,1134,卖盘
691,11:23:28,3.79,0.01,1,379,买盘
692,11:23:43,3.79,0.0,5,1895,买盘
693,11:23:52,3.78,-0.01,3,1134,卖盘
694,11:24:00,3.78,0.0,50,18900,卖盘
695,11:24:22,3.78,0.0,3,1134,卖盘
696,11:24:52,3.78,0.0,3,1134,卖盘
697,11:25:24,3.78,0.0,3,1134,卖盘
698,11:25:27,3.79,0.01,1,379,买盘
699,11:25:55,3.78,-0.01,3,1134,卖盘
700,11:26:04,3.79,0.01,1,379,买盘
701,11:26:22,3.79,0.0,24,9096,买盘
702,11:26:25,3.78,-0.01,4,1512,卖盘
703,11:26:46,3.78,0.0,96,36288,卖盘
704,11:26:54,3.78,0.0,58,21929,卖盘
705,11:27:04,3.79,0.01,41,15539,买盘
706,11:27:10,3.79,0.0,41,15539,买盘
707,11:27:22,3.79,0.0,34,12886,买盘
708,11:27:25,3.78,-0.01,3,1134,卖盘
709,11:27:52,3.79,0.01,5,1895,买盘
710,11:27:55,3.78,-0.01,3,1134,卖盘
711,11:27:57,3.78,0.0,10,3780,卖盘
712,11:28:06,3.78,0.0,24,9072,卖盘
713,11:28:10,3.78,0.0,22,8316,卖盘
714,11:28:24,3.78,0.0,3,1134,卖盘
715,11:28:52,3.78,0.0,3,1134,卖盘
716,11:29:04,3.79,0.01,9,3411,买盘
717,11:29:18,3.8,0.01,1331,505216,买盘
718,11:29:25,3.8,0.0,3,1140,卖盘
719,11:29:49,3.8,0.0,52,19766,卖盘
720,11:29:54,3.8,0.0,4,1520,卖盘
721,11:29:57,3.81,0.01,5,1905,买盘
722,13:00:07,3.81,0.0,131,49881,买盘
723,13:00:09,3.8,-0.01,219,83430,卖盘
724,13:00:13,3.81,0.01,65,24765,买盘
725,13:00:16,3.82,0.01,125,47667,买盘
726,13:00:19,3.82,0.0,2,764,买盘
727,13:00:22,3.81,-0.01,37,14097,中性盘
728,13:00:24,3.8,-0.01,3,1140,卖盘
729,13:00:30,3.81,0.01,14,5334,买盘
730,13:00:33,3.81,0.0,40,15240,买盘
731,13:00:36,3.81,0.0,25,9525,买盘
732,13:00:42,3.81,0.0,1,381,买盘
733,13:00:48,3.81,0.0,7,2667,买盘
734,13:00:51,3.81,0.0,1,381,中性盘
735,13:00:54,3.81,0.0,5,1901,买盘
736,13:01:24,3.8,-0.01,3,1140,卖盘
737,13:01:42,3.8,0.0,3,1140,卖盘
738,13:01:54,3.8,0.0,3,1140,卖盘
739,13:02:24,3.8,0.0,3,1140,卖盘
740,13:02:55,3.8,0.0,3,1140,卖盘
741,13:03:24,3.8,0.0,3,1140,卖盘
742,13:03:42,3.81,0.01,5,1905,买盘
743,13:03:55,3.8,-0.01,3,1140,卖盘
744,13:04:01,3.81,0.01,3,1143,买盘
745,13:04:18,3.81,0.0,1,381,买盘
746,13:04:24,3.81,0.0,7,2664,买盘
747,13:04:54,3.8,-0.01,3,1140,卖盘
748,13:04:57,3.81,0.01,6,2286,买盘
749,13:05:18,3.81,0.0,1,381,买盘
750,13:05:24,3.81,0.0,6,2282,买盘
751,13:05:31,3.81,0.0,1,381,买盘
752,13:05:34,3.81,0.0,72,27432,买盘
753,13:05:40,3.81,0.0,49,18669,买盘
754,13:05:49,3.81,0.0,4,1524,买盘
755,13:05:51,3.81,0.0,8,3048,买盘
756,13:05:54,3.8,-0.01,3,1140,卖盘
757,13:06:00,3.81,0.01,1,381,买盘
758,13:06:07,3.81,0.0,1,381,买盘
759,13:06:12,3.81,0.0,1,381,买盘
760,13:06:15,3.81,0.0,6,2286,买盘
761,13:06:18,3.81,0.0,21,8001,买盘
762,13:06:24,3.8,-0.01,3,1140,卖盘
763,13:06:34,3.81,0.01,15,5715,买盘
764,13:06:39,3.82,0.01,4,1528,买盘
765,13:06:42,3.81,-0.01,10,3810,卖盘
766,13:06:45,3.81,0.0,58,22098,卖盘
767,13:06:52,3.81,0.0,14,5334,卖盘
768,13:06:55,3.81,0.0,3,1143,卖盘
769,13:06:57,3.82,0.01,1,382,买盘
770,13:07:06,3.81,-0.01,172,65532,卖盘
771,13:07:10,3.81,0.0,12,4572,卖盘
772,13:07:27,3.81,0.0,3,1143,卖盘
773,13:07:49,3.81,0.0,6,2286,卖盘
774,13:07:55,3.81,0.0,6,2286,卖盘
775,13:07:57,3.82,0.01,6,2289,买盘
776,13:08:09,3.82,0.0,47,17954,买盘
777,13:08:15,3.82,0.0,8,3056,买盘
778,13:08:21,3.82,0.0,1,382,买盘
779,13:08:24,3.81,-0.01,3,1143,卖盘
780,13:08:58,3.81,0.0,3,1143,卖盘
781,13:09:24,3.82,0.01,3,1146,买盘
782,13:09:27,3.81,-0.01,53,20243,卖盘
783,13:09:30,3.82,0.01,1,382,买盘
784,13:09:36,3.82,0.0,60,22920,买盘
785,13:09:42,3.82,0.0,41,15662,买盘
786,13:09:57,3.81,-0.01,8,3052,卖盘
787,13:10:01,3.82,0.01,1,382,买盘
788,13:10:06,3.82,0.0,40,15280,买盘
789,13:10:25,3.81,-0.01,3,1143,卖盘
790,13:10:33,3.82,0.01,10,3820,买盘
791,13:10:39,3.81,-0.01,30,11430,卖盘
792,13:10:57,3.81,0.0,3,1143,卖盘
793,13:11:19,3.82,0.01,1,382,买盘
794,13:11:24,3.82,0.0,96,36672,买盘
795,13:11:27,3.81,-0.01,3,1143,卖盘
796,13:11:33,3.81,0.0,30,11430,卖盘
797,13:11:55,3.81,0.0,3,1143,卖盘
798,13:12:01,3.82,0.01,100,38200,买盘
799,13:12:06,3.82,0.0,47,17954,买盘
800,13:12:15,3.82,0.0,40,15280,买盘
801,13:12:27,3.82,0.0,12,4581,中性盘
802,13:12:31,3.82,0.0,90,34380,买盘
803,13:12:34,3.82,0.0,1,382,买盘
804,13:12:36,3.83,0.01,70,26787,买盘
805,13:12:52,3.83,0.0,47,18001,买盘
806,13:12:55,3.83,0.0,250,95750,买盘
807,13:12:57,3.82,-0.01,4,1529,卖盘
808,13:13:04,3.82,0.0,30,11460,卖盘
809,13:13:10,3.83,0.01,108,41364,买盘
810,13:13:13,3.83,0.0,45,17235,买盘
811,13:13:16,3.83,0.0,36,13788,买盘
812,13:13:19,3.83,0.0,17,6511,买盘
813,13:13:25,3.83,0.0,72,27576,买盘
814,13:13:28,3.83,0.0,3,1149,卖盘
815,13:13:31,3.83,0.0,50,19150,卖盘
816,13:13:37,3.83,0.0,24,9192,卖盘
817,13:13:48,3.83,0.0,124,47596,卖盘
818,13:13:52,3.83,0.0,30,11490,卖盘
819,13:13:55,3.83,0.0,248,95004,卖盘
820,13:13:58,3.83,0.0,154,59123,卖盘
821,13:14:00,3.84,0.01,7,2688,买盘
822,13:14:07,3.83,-0.01,111,42514,卖盘
823,13:14:13,3.83,0.0,269,103027,卖盘
824,13:14:16,3.83,0.0,100,38300,卖盘
825,13:14:22,3.83,0.0,19,7281,卖盘
826,13:14:28,3.83,0.0,125,47875,卖盘
827,13:14:42,3.84,0.01,500,192000,买盘
828,13:14:49,3.83,-0.01,16,6128,卖盘
829,13:14:52,3.84,0.01,148,56832,买盘
830,13:14:57,3.84,0.0,3,1152,卖盘
831,13:15:06,3.84,0.0,40,15360,卖盘
832,13:15:13,3.85,0.01,10,3850,买盘
833,13:15:16,3.84,-0.01,20,7680,卖盘
834,13:15:21,3.84,0.0,181,69504,卖盘
835,13:15:27,3.84,0.0,139,53376,卖盘
836,13:15:34,3.85,0.01,10,3850,买盘
837,13:15:39,3.84,-0.01,76,29185,卖盘
838,13:15:42,3.85,0.01,214,82190,买盘
839,13:15:46,3.84,-0.01,20,7680,卖盘
840,13:15:52,3.85,0.01,19,7315,买盘
841,13:15:58,3.85,0.0,1392,535920,买盘
842,13:16:01,3.85,0.0,500,192500,卖盘
843,13:16:06,3.86,0.01,58,22380,买盘
844,13:16:09,3.86,0.0,69,26584,买盘
845,13:16:12,3.85,-0.01,65,25025,卖盘
846,13:16:24,3.85,0.0,40,15400,卖盘
847,13:16:28,3.85,0.0,18,6930,卖盘
848,13:16:33,3.85,0.0,44,16940,卖盘
849,13:16:36,3.85,0.0,109,41965,卖盘
850,13:16:40,3.85,0.0,52,20020,卖盘
851,13:16:49,3.85,0.0,134,51590,买盘
852,13:16:58,3.85,0.0,34,13087,买盘
853,13:17:01,3.84,-0.01,4,1536,卖盘
854,13:17:04,3.84,0.0,2,768,买盘
855,13:17:07,3.84,0.0,25,9600,卖盘
856,13:17:19,3.84,0.0,168,64512,卖盘
857,13:17:27,3.83,-0.01,93,35705,卖盘
858,13:17:33,3.83,0.0,7,2681,买盘
859,13:17:46,3.83,0.0,4,1532,卖盘
860,13:17:58,3.83,0.0,3,1149,卖盘
861,13:18:01,3.84,0.01,30,11520,买盘
862,13:18:18,3.84,0.0,24,9216,买盘
863,13:18:22,3.84,0.0,94,36096,买盘
864,13:18:25,3.84,0.0,332,127176,买盘
865,13:18:30,3.83,-0.01,3,1149,卖盘
866,13:18:39,3.84,0.01,278,106752,买盘
867,13:18:51,3.84,0.0,36,13824,买盘
868,13:18:57,3.83,-0.01,29,11133,卖盘
869,13:19:04,3.84,0.01,2,768,买盘
870,13:19:45,3.84,0.0,1,384,买盘
871,13:19:51,3.83,-0.01,188,72004,卖盘
872,13:19:58,3.84,0.01,10,3840,买盘
873,13:20:07,3.83,-0.01,340,130220,卖盘
874,13:20:16,3.83,0.0,24,9192,卖盘
875,13:20:48,3.82,-0.01,217,82894,卖盘
876,13:20:58,3.82,0.0,33,12606,卖盘
877,13:22:19,3.82,0.0,2,764,卖盘
878,13:22:52,3.83,0.01,100,38300,买盘
879,13:22:55,3.83,0.0,1,383,买盘
880,13:22:58,3.83,0.0,69,26427,买盘
881,13:23:30,3.83,0.0,75,28725,卖盘
882,13:23:33,3.83,0.0,35,13405,买盘
883,13:23:42,3.83,0.0,50,19150,卖盘
884,13:23:48,3.83,0.0,4,1532,卖盘
885,13:24:01,3.83,0.0,8,3064,卖盘
886,13:24:25,3.84,0.01,3,1152,买盘
887,13:24:57,3.84,0.0,7,2688,买盘
888,13:25:16,3.84,0.0,5,1920,买盘
889,13:25:43,3.83,-0.01,1,383,卖盘
890,13:25:48,3.83,0.0,7,2681,卖盘
891,13:26:12,3.83,0.0,100,38300,卖盘
892,13:26:40,3.84,0.01,6,2304,买盘
893,13:26:45,3.84,0.0,40,15360,买盘
894,13:26:48,3.83,-0.01,44,16852,卖盘
895,13:26:54,3.84,0.01,47,18048,买盘
896,13:27:07,3.84,0.0,42,16128,买盘
897,13:27:10,3.84,0.0,1,384,买盘
898,13:27:16,3.84,0.0,38,14592,买盘
899,13:27:27,3.84,0.0,38,14592,买盘
900,13:27:37,3.84,0.0,39,14976,买盘
901,13:27:46,3.84,0.0,40,15360,买盘
902,13:27:55,3.84,0.0,39,14976,买盘
903,13:28:07,3.84,0.0,38,14592,买盘
904,13:28:15,3.84,0.0,40,15360,买盘
905,13:28:27,3.84,0.0,38,14592,买盘
906,13:28:37,3.84,0.0,44,16896,买盘
907,13:28:48,3.84,0.0,25,9600,买盘
908,13:28:55,3.84,0.0,25,9600,买盘
909,13:29:06,3.83,-0.01,20,7660,卖盘
910,13:29:31,3.83,0.0,73,27959,卖盘
911,13:29:34,3.84,0.01,94,36096,买盘
912,13:29:36,3.83,-0.01,10,3830,卖盘
913,13:29:48,3.83,0.0,200,76600,卖盘
914,13:29:51,3.84,0.01,1,384,买盘
915,13:30:16,3.84,0.0,20,7680,买盘
916,13:30:22,3.84,0.0,60,23040,买盘
917,13:30:28,3.84,0.0,1,384,买盘
918,13:32:45,3.84,0.0,1,384,买盘
919,13:33:18,3.83,-0.01,1,383,卖盘
920,13:33:31,3.83,0.0,6,2298,卖盘
921,13:33:40,3.83,0.0,50,19150,卖盘
922,13:33:45,3.83,0.0,3,1149,卖盘
923,13:34:01,3.83,0.0,10,3830,卖盘
924,13:34:06,3.84,0.01,1,384,买盘
925,13:34:16,3.83,-0.01,10,3830,卖盘
926,13:34:43,3.83,0.0,1,383,卖盘
927,13:35:13,3.83,0.0,5,1915,卖盘
928,13:35:19,3.83,0.0,50,19150,卖盘
929,13:35:24,3.83,0.0,17,6511,卖盘
930,13:35:34,3.83,0.0,7,2681,卖盘
931,13:35:46,3.83,0.0,539,206437,卖盘
932,13:36:12,3.83,0.0,5,1915,卖盘
933,13:36:15,3.83,0.0,43,16469,卖盘
934,13:36:25,3.82,-0.01,5,1910,卖盘
935,13:36:27,3.83,0.01,112,42896,买盘
936,13:36:33,3.83,0.0,1,383,卖盘
937,13:36:36,3.84,0.01,80,30717,买盘
938,13:36:43,3.84,0.0,8,3072,买盘
939,13:36:48,3.83,-0.01,23,8809,卖盘
940,13:37:01,3.83,0.0,300,114900,卖盘
941,13:37:04,3.83,0.0,4,1532,卖盘
942,13:37:10,3.84,0.01,1,384,买盘
943,13:37:13,3.83,-0.01,4,1532,卖盘
944,13:37:15,3.83,0.0,10,3830,卖盘
945,13:38:12,3.83,0.0,49,18767,卖盘
946,13:38:25,3.83,0.0,15,5745,卖盘
947,13:39:30,3.83,0.0,1,383,卖盘
948,13:39:37,3.83,0.0,27,10341,卖盘
949,13:39:40,3.83,0.0,8,3064,卖盘
950,13:40:13,3.84,0.01,8,3072,买盘
951,13:40:15,3.83,-0.01,40,15320,卖盘
952,13:40:25,3.83,0.0,10,3830,卖盘
953,13:40:28,3.84,0.01,1,384,买盘
954,13:40:40,3.84,0.0,2,768,买盘
955,13:40:49,3.84,0.0,62,23808,买盘
956,13:40:58,3.84,0.0,1,384,买盘
957,13:41:01,3.84,0.0,10,3840,买盘
958,13:41:04,3.84,0.0,6,2304,买盘
959,13:41:24,3.84,0.0,37,14208,买盘
960,13:41:31,3.84,0.0,65,24960,买盘
961,13:41:37,3.84,0.0,7,2688,买盘
962,13:41:43,3.84,0.0,1,384,买盘
963,13:41:46,3.84,0.0,344,132096,买盘
964,13:41:51,3.84,0.0,30,11520,买盘
965,13:41:54,3.84,0.0,20,7680,买盘
966,13:42:06,3.84,0.0,38,14592,买盘
967,13:42:30,3.84,0.0,6,2385,买盘
968,13:43:13,3.85,0.01,39,15015,买盘
969,13:43:19,3.84,-0.01,5,1920,卖盘
970,13:43:22,3.85,0.01,102,39270,买盘
971,13:43:33,3.85,0.0,41,15785,买盘
972,13:43:36,3.84,-0.01,10,3840,卖盘
973,13:43:39,3.85,0.01,11,4235,买盘
974,13:43:48,3.85,0.0,24,9240,买盘
975,13:43:57,3.85,0.0,43,16555,买盘
976,13:44:04,3.85,0.0,101,38885,买盘
977,13:44:09,3.85,0.0,9,3465,买盘
978,13:44:13,3.85,0.0,200,77000,买盘
979,13:44:16,3.85,0.0,50,19250,买盘
980,13:44:19,3.85,0.0,231,88935,买盘
981,13:44:21,3.85,0.0,8,3080,买盘
982,13:44:24,3.85,0.0,130,50050,买盘
983,13:44:27,3.85,0.0,106,40810,买盘
984,13:44:30,3.85,0.0,100,38500,买盘
985,13:44:33,3.85,0.0,10,3850,买盘
986,13:44:37,3.85,0.0,4,1540,买盘
987,13:44:43,3.85,0.0,7,2697,卖盘
988,13:44:55,3.85,0.0,10,3855,卖盘
989,13:44:57,3.86,0.01,400,154355,买盘
990,13:45:07,3.85,-0.01,4,1540,卖盘
991,13:45:16,3.85,0.0,14,5390,卖盘
992,13:45:19,3.85,0.0,45,17325,卖盘
993,13:45:21,3.85,0.0,15,5775,卖盘
994,13:45:31,3.85,0.0,157,60445,卖盘
995,13:45:34,3.85,0.0,128,49104,买盘
996,13:45:42,3.83,-0.02,167,64193,卖盘
997,13:45:55,3.85,0.02,119,45815,买盘
998,13:46:18,3.84,-0.01,5,1920,卖盘
999,13:46:31,3.84,0.0,37,14208,卖盘
1000,13:46:40,3.84,0.0,9,3456,卖盘
1001,13:46:45,3.85,0.01,1,385,买盘
1002,13:46:48,3.85,0.0,1,385,买盘
1003,13:47:18,3.84,-0.01,100,38400,卖盘
1004,13:47:25,3.84,0.0,398,152832,卖盘
1005,13:47:33,3.84,0.0,100,38400,卖盘
1006,13:47:43,3.85,0.01,1,385,买盘
1007,13:48:00,3.84,-0.01,10,3840,卖盘
1008,13:48:25,3.84,0.0,200,76800,卖盘
1009,13:48:28,3.85,0.01,370,142450,买盘
1010,13:48:31,3.85,0.0,50,19250,卖盘
1011,13:48:36,3.86,0.01,4,1544,买盘
1012,13:49:25,3.85,-0.01,4,1540,卖盘
1013,13:49:31,3.86,0.01,100,38600,买盘
1014,13:49:36,3.85,-0.01,31,11936,卖盘
1015,13:49:40,3.85,0.0,10,3850,卖盘
1016,13:49:45,3.86,0.01,201,77586,买盘
1017,13:49:55,3.86,0.0,105,40530,买盘
1018,13:50:01,3.85,-0.01,200,77000,卖盘
1019,13:50:34,3.85,0.0,6,2310,卖盘
1020,13:50:45,3.85,0.0,1,385,卖盘
1021,13:50:49,3.85,0.0,31,11935,卖盘
1022,13:50:58,3.86,0.01,1,386,买盘
1023,13:51:13,3.85,-0.01,5,1925,卖盘
1024,13:51:25,3.85,0.0,6,2311,卖盘
1025,13:51:30,3.85,0.0,6,2315,卖盘
1026,13:51:36,3.85,0.0,3,1155,卖盘
1027,13:51:52,3.85,0.0,23,8855,卖盘
1028,13:52:04,3.85,0.0,4,1540,卖盘
1029,13:52:16,3.85,0.0,5,1925,卖盘
1030,13:52:28,3.86,0.01,125,48225,买盘
1031,13:52:40,3.86,0.0,5,1930,买盘
1032,13:52:46,3.85,-0.01,350,134750,卖盘
1033,13:52:48,3.85,0.0,213,82005,卖盘
1034,13:52:52,3.85,0.0,7,2695,卖盘
1035,13:52:55,3.85,0.0,32,12320,卖盘
1036,13:53:00,3.85,0.0,52,20020,卖盘
1037,13:53:07,3.85,0.0,68,26180,卖盘
1038,13:53:10,3.85,0.0,50,19250,卖盘
1039,13:53:13,3.85,0.0,60,23100,卖盘
1040,13:53:16,3.85,0.0,41,15785,卖盘
1041,13:53:28,3.84,-0.01,50,19200,卖盘
1042,13:53:40,3.84,0.0,2,768,卖盘
1043,13:53:55,3.84,0.0,50,19200,卖盘
1044,13:54:01,3.84,0.0,20,7680,卖盘
1045,13:54:04,3.84,0.0,80,30720,卖盘
1046,13:54:07,3.84,0.0,28,10752,卖盘
1047,13:54:22,3.83,-0.01,40,15320,卖盘
1048,13:54:24,3.83,0.0,30,11490,卖盘
1049,13:54:28,3.83,0.0,50,19150,卖盘
1050,13:54:30,3.83,0.0,1,383,卖盘
1051,13:54:39,3.84,0.01,6,2299,买盘
1052,13:54:43,3.83,-0.01,3,1149,卖盘
1053,13:54:49,3.83,0.0,10,3830,卖盘
1054,13:54:52,3.82,-0.01,50,19121,卖盘
1055,13:55:22,3.82,0.0,100,38200,卖盘
1056,13:55:28,3.82,0.0,42,16044,卖盘
1057,13:55:37,3.82,0.0,240,91680,卖盘
1058,13:55:40,3.82,0.0,84,32088,买盘
1059,13:55:55,3.82,0.0,20,7640,卖盘
1060,13:56:22,3.82,0.0,1,382,卖盘
1061,13:56:34,3.82,0.0,7,2674,卖盘
1062,13:56:37,3.83,0.01,27,10331,买盘
1063,13:56:43,3.83,0.0,100,38300,卖盘
1064,13:57:01,3.83,0.0,3,1149,卖盘
1065,13:57:19,3.83,0.0,1,383,卖盘
1066,13:57:28,3.84,0.01,2,768,买盘
1067,13:57:36,3.84,0.0,59,22656,买盘
1068,13:58:04,3.84,0.0,1,384,买盘
1069,13:58:19,3.83,-0.01,5,1915,卖盘
1070,13:58:33,3.83,0.0,369,141327,卖盘
1071,13:59:43,3.83,0.0,65,24937,卖盘
1072,14:01:07,3.83,0.0,1,383,买盘
1073,14:01:13,3.83,0.0,7,2681,买盘
1074,14:01:19,3.82,-0.01,10,3820,卖盘
1075,14:01:37,3.82,0.0,100,38200,卖盘
1076,14:01:46,3.83,0.01,42,16086,买盘
1077,14:02:19,3.82,-0.01,49,18718,卖盘
1078,14:02:31,3.82,0.0,2,764,卖盘
1079,14:02:46,3.83,0.01,1,383,买盘
1080,14:02:48,3.82,-0.01,30,11460,卖盘
1081,14:02:58,3.83,0.01,9,3447,买盘
1082,14:03:24,3.82,-0.01,200,76400,卖盘
1083,14:03:58,3.83,0.01,58,22214,买盘
1084,14:04:04,3.83,0.0,13,4969,买盘
1085,14:04:06,3.82,-0.01,90,34380,卖盘
1086,14:05:28,3.83,0.01,47,18001,买盘
1087,14:05:33,3.82,-0.01,7,2674,卖盘
1088,14:05:42,3.83,0.01,1,383,买盘
1089,14:05:46,3.82,-0.01,1,382,卖盘
1090,14:06:04,3.83,0.01,45,17235,买盘
1091,14:06:07,3.82,-0.01,130,49660,卖盘
1092,14:06:16,3.81,-0.01,5,1907,卖盘
1093,14:06:22,3.83,0.02,86,32938,买盘
1094,14:06:25,3.82,-0.01,5,1910,卖盘
1095,14:06:34,3.82,0.0,1,382,卖盘
1096,14:06:37,3.82,0.0,3,1146,卖盘
1097,14:06:42,3.82,0.0,11,4202,卖盘
1098,14:06:52,3.82,0.0,23,8786,卖盘
1099,14:07:09,3.82,0.0,3,1146,卖盘
1100,14:07:31,3.82,0.0,5,1910,卖盘
1101,14:07:34,3.84,0.02,390,149673,买盘
1102,14:08:06,3.85,0.01,139,53515,买盘
1103,14:08:09,3.85,0.0,423,162855,买盘
1104,14:08:22,3.85,0.0,54,20835,卖盘
1105,14:08:25,3.86,0.01,35,13510,买盘
1106,14:08:40,3.86,0.0,12,4632,买盘
1107,14:08:45,3.85,-0.01,408,157088,卖盘
1108,14:08:52,3.85,0.0,242,93170,卖盘
1109,14:08:57,3.85,0.0,30,11550,买盘
1110,14:09:09,3.85,0.0,100,38500,买盘
1111,14:09:16,3.85,0.0,204,78540,买盘
1112,14:09:31,3.85,0.0,3,1155,买盘
1113,14:09:40,3.84,-0.01,5,1920,卖盘
1114,14:09:42,3.84,0.0,3,1152,卖盘
1115,14:09:49,3.85,0.01,117,45045,买盘
1116,14:10:18,3.85,0.0,463,178255,卖盘
1117,14:10:21,3.85,0.0,137,52745,买盘
1118,14:10:28,3.85,0.0,16,6160,卖盘
1119,14:10:31,3.86,0.01,2,772,买盘
1120,14:10:43,3.85,-0.01,20,7700,卖盘
1121,14:10:51,3.86,0.01,42,16212,买盘
1122,14:10:55,3.85,-0.01,27,10395,卖盘
1123,14:11:01,3.86,0.01,48,18528,买盘
1124,14:11:04,3.86,0.0,5,1930,买盘
1125,14:11:22,3.86,0.0,32,12352,买盘
1126,14:11:25,3.86,0.0,100,38600,买盘
1127,14:11:28,3.86,0.0,23,8878,买盘
1128,14:11:31,3.86,0.0,36,13896,买盘
1129,14:11:34,3.86,0.0,13,5018,买盘
1130,14:11:48,3.85,-0.01,30,11550,卖盘
1131,14:11:52,3.85,0.0,173,66605,卖盘
1132,14:11:55,3.85,0.0,135,51975,买盘
1133,14:11:57,3.85,0.0,5,1925,买盘
1134,14:12:16,3.85,0.0,10,3850,卖盘
1135,14:12:24,3.85,0.0,8,3080,卖盘
1136,14:12:45,3.86,0.01,2,772,买盘
1137,14:13:12,3.86,0.0,13,5018,买盘
1138,14:13:16,3.86,0.0,321,123635,买盘
1139,14:13:19,3.85,-0.01,5,1925,卖盘
1140,14:13:40,3.85,0.0,64,24640,卖盘
1141,14:13:46,3.85,0.0,1,385,买盘
1142,14:13:49,3.85,0.0,25,9625,买盘
1143,14:13:51,3.85,0.0,17,6545,卖盘
1144,14:14:31,3.85,0.0,1,385,买盘
1145,14:14:37,3.85,0.0,1,385,买盘
1146,14:15:13,3.84,-0.01,30,11520,卖盘
1147,14:15:16,3.85,0.01,1,385,买盘
1148,14:15:34,3.85,0.0,21,8085,买盘
1149,14:15:37,3.85,0.0,9,3465,买盘
1150,14:16:16,3.84,-0.01,9,3456,卖盘
1151,14:16:25,3.84,0.0,3,1152,卖盘
1152,14:16:42,3.84,0.0,50,19200,卖盘
1153,14:16:55,3.85,0.01,1,385,买盘
1154,14:16:58,3.85,0.0,3,1155,买盘
1155,14:17:22,3.84,-0.01,22,8448,卖盘
1156,14:17:46,3.85,0.01,1,385,买盘
1157,14:17:54,3.85,0.0,14,5390,买盘
1158,14:18:18,3.84,-0.01,205,78720,卖盘
1159,14:18:24,3.86,0.02,1069,412134,买盘
1160,14:18:33,3.85,-0.01,100,38500,买盘
1161,14:18:49,3.86,0.01,506,195296,买盘
1162,14:18:58,3.86,0.0,6,2316,买盘
1163,14:19:00,3.85,-0.01,1,385,卖盘
1164,14:19:13,3.86,0.01,100,38557,买盘
1165,14:19:27,3.85,-0.01,24,9240,买盘
1166,14:19:40,3.86,0.01,14,5404,买盘
1167,14:19:43,3.86,0.0,10,3860,买盘
1168,14:19:49,3.87,0.01,1064,411169,买盘
1169,14:19:52,3.85,-0.02,11,4235,卖盘
1170,14:20:00,3.86,0.01,77,29722,买盘
1171,14:20:07,3.86,0.0,9,3474,卖盘
1172,14:20:16,3.87,0.01,61,23556,买盘
1173,14:20:25,3.86,-0.01,21,8106,卖盘
1174,14:20:28,3.86,0.0,63,24318,买盘
1175,14:20:34,3.85,-0.01,6,2310,卖盘
1176,14:20:37,3.86,0.01,5,1930,买盘
1177,14:20:40,3.87,0.01,130,50197,买盘
1178,14:20:46,3.86,-0.01,10,3859,买盘
1179,14:20:55,3.86,0.0,1,386,买盘
1180,14:20:58,3.86,0.0,5,1930,买盘
1181,14:21:01,3.85,-0.01,25,9625,卖盘
1182,14:21:04,3.85,0.0,16,6160,卖盘
1183,14:21:15,3.85,0.0,4,1540,卖盘
1184,14:21:19,3.85,0.0,30,11550,卖盘
1185,14:21:25,3.85,0.0,4,1540,卖盘
1186,14:21:31,3.86,0.01,137,52882,买盘
1187,14:21:34,3.86,0.0,41,15826,卖盘
1188,14:21:40,3.86,0.0,13,5018,卖盘
1189,14:21:43,3.87,0.01,140,54180,买盘
1190,14:21:52,3.87,0.0,53,20488,买盘
1191,14:22:07,3.86,-0.01,2,772,卖盘
1192,14:22:10,3.87,0.01,1,387,买盘
1193,14:22:16,3.86,-0.01,5,1930,卖盘
1194,14:22:18,3.87,0.01,25,9675,买盘
1195,14:22:24,3.87,0.0,25,9675,买盘
1196,14:22:43,3.87,0.0,100,38700,买盘
1197,14:22:52,3.87,0.0,34,13158,买盘
1198,14:22:58,3.87,0.0,1,387,买盘
1199,14:23:13,3.85,-0.02,381,147023,卖盘
1200,14:23:15,3.85,0.0,2,770,买盘
1201,14:23:18,3.87,0.02,61,23587,买盘
1202,14:23:25,3.86,-0.01,250,96500,卖盘
1203,14:23:27,3.86,0.0,10,3860,卖盘
1204,14:23:33,3.88,0.02,560,216893,买盘
1205,14:24:04,3.87,-0.01,37,14319,卖盘
1206,14:24:10,3.87,0.0,2,774,买盘
1207,14:24:12,3.87,0.0,7,2709,买盘
1208,14:24:16,3.87,0.0,10,3870,卖盘
1209,14:24:21,3.86,-0.01,60,23215,卖盘
1210,14:24:24,3.87,0.01,58,22454,卖盘
1211,14:24:27,3.87,0.0,76,29412,卖盘
1212,14:24:34,3.88,0.01,10,3880,买盘
1213,14:24:37,3.86,-0.02,35,13540,卖盘
1214,14:24:40,3.87,0.01,51,19737,买盘
1215,14:24:46,3.87,0.0,2,774,买盘
1216,14:24:58,3.87,0.0,39,15093,买盘
1217,14:25:04,3.87,0.0,24,9288,卖盘
1218,14:25:18,3.87,0.0,24,9292,卖盘
1219,14:25:28,3.87,0.0,3,1161,买盘
1220,14:25:34,3.87,0.0,4,1548,买盘
1221,14:26:18,3.87,0.0,30,11610,买盘
1222,14:26:28,3.86,-0.01,10,3860,卖盘
1223,14:26:31,3.86,0.0,13,5018,卖盘
1224,14:26:46,3.87,0.01,1,387,买盘
1225,14:27:04,3.86,-0.01,14,5404,卖盘
1226,14:27:07,3.86,0.0,40,15440,买盘
1227,14:27:13,3.86,0.0,59,22774,买盘
1228,14:27:15,3.86,0.0,17,6562,买盘
1229,14:27:25,3.86,0.0,39,15054,买盘
1230,14:27:28,3.86,0.0,3,1158,买盘
1231,14:27:33,3.85,-0.01,15,5775,卖盘
1232,14:27:54,3.85,0.0,21,8085,卖盘
1233,14:28:07,3.86,0.01,167,64462,买盘
1234,14:28:19,3.85,-0.01,4,1540,卖盘
1235,14:28:30,3.85,0.0,65,25025,卖盘
1236,14:28:34,3.85,0.0,35,13475,买盘
1237,14:28:36,3.85,0.0,10,3850,买盘
1238,14:28:55,3.85,0.0,37,14245,卖盘
1239,14:28:58,3.86,0.01,4,1544,买盘
1240,14:29:13,3.86,0.0,1,386,买盘
1241,14:29:25,3.85,-0.01,27,10395,卖盘
1242,14:29:28,3.86,0.01,33,12738,买盘
1243,14:29:30,3.85,-0.01,70,26950,卖盘
1244,14:29:45,3.86,0.01,1,386,买盘
1245,14:29:58,3.86,0.0,1,386,买盘
1246,14:30:13,3.86,0.0,1,386,买盘
1247,14:30:28,3.85,-0.01,2,770,卖盘
1248,14:30:37,3.86,0.01,1,386,买盘
1249,14:30:43,3.86,0.0,36,13896,买盘
1250,14:30:57,3.85,-0.01,4,1541,卖盘
1251,14:31:07,3.85,0.0,5,1925,卖盘
1252,14:31:10,3.85,0.0,49,18865,卖盘
1253,14:31:13,3.85,0.0,1,385,买盘
1254,14:31:28,3.85,0.0,3,1155,卖盘
1255,14:31:40,3.86,0.01,110,42360,买盘
1256,14:31:51,3.86,0.0,30,11566,买盘
1257,14:31:55,3.85,-0.01,3,1155,卖盘
1258,14:32:25,3.85,0.0,3,1155,卖盘
1259,14:32:54,3.85,0.0,6,2310,卖盘
1260,14:32:57,3.86,0.01,1,386,买盘
1261,14:33:07,3.85,-0.01,86,33110,卖盘
1262,14:33:16,3.85,0.0,20,7700,卖盘
1263,14:33:22,3.85,0.0,3,1155,卖盘
1264,14:33:25,3.85,0.0,10,3850,卖盘
1265,14:33:28,3.86,0.01,12,4632,买盘
1266,14:33:57,3.86,0.0,1,386,买盘
1267,14:34:01,3.86,0.0,10,3860,买盘
1268,14:34:04,3.85,-0.01,71,27335,卖盘
1269,14:34:06,3.86,0.01,39,15054,买盘
1270,14:34:09,3.85,-0.01,4,1540,卖盘
1271,14:34:12,3.86,0.01,5,1930,买盘
1272,14:34:43,3.86,0.0,501,192886,买盘
1273,14:34:52,3.86,0.0,38,14668,买盘
1274,14:34:58,3.85,-0.01,10,3850,卖盘
1275,14:35:04,3.85,0.0,30,11550,卖盘
1276,14:35:12,3.85,0.0,39,15015,卖盘
1277,14:35:19,3.85,0.0,1,385,买盘
1278,14:35:28,3.86,0.01,11,4246,买盘
1279,14:35:36,3.86,0.0,19,7334,买盘
1280,14:35:45,3.85,-0.01,4,1540,卖盘
1281,14:35:49,3.85,0.0,6,2310,买盘
1282,14:35:52,3.85,0.0,30,11550,中性盘
1283,14:36:04,3.86,0.01,42,16212,买盘
1284,14:36:16,3.85,-0.01,1,385,卖盘
1285,14:36:34,3.85,0.0,78,30030,卖盘
1286,14:36:42,3.86,0.01,12,4632,买盘
1287,14:36:48,3.85,-0.01,1,385,中性盘
1288,14:36:55,3.85,0.0,1,385,卖盘
1289,14:37:19,3.85,0.0,10,3850,卖盘
1290,14:37:39,3.85,0.0,5,1925,卖盘
1291,14:37:43,3.85,0.0,88,33880,买盘
1292,14:38:40,3.85,0.0,71,27335,卖盘
1293,14:38:46,3.85,0.0,129,49665,卖盘
1294,14:39:28,3.85,0.0,30,11550,卖盘
1295,14:39:30,3.85,0.0,29,11165,卖盘
1296,14:39:40,3.84,-0.01,1,384,卖盘
1297,14:39:48,3.84,0.0,291,111744,卖盘
1298,14:39:52,3.84,0.0,9,3456,买盘
1299,14:40:19,3.84,0.0,38,14592,卖盘
1300,14:40:25,3.84,0.0,2,768,买盘
1301,14:40:39,3.84,0.0,21,8064,买盘
1302,14:40:49,3.84,0.0,39,14976,买盘
1303,14:41:13,3.84,0.0,315,121156,卖盘
1304,14:41:25,3.86,0.02,7,2702,买盘
1305,14:41:37,3.84,-0.02,315,120960,卖盘
1306,14:42:07,3.84,0.0,9,3456,卖盘
1307,14:42:28,3.86,0.02,9,3474,买盘
1308,14:43:07,3.84,-0.02,6,2304,卖盘
1309,14:43:28,3.85,0.01,1,385,买盘
1310,14:43:51,3.84,-0.01,112,43008,卖盘
1311,14:43:58,3.84,0.0,14,5376,卖盘
1312,14:44:01,3.84,0.0,36,13824,买盘
1313,14:44:22,3.84,0.0,123,47232,卖盘
1314,14:44:36,3.84,0.0,50,19200,卖盘
1315,14:44:58,3.84,0.0,18,6912,卖盘
1316,14:45:01,3.84,0.0,17,6528,买盘
1317,14:45:43,3.84,0.0,176,67584,买盘
1318,14:45:55,3.85,0.01,58,22330,买盘
1319,14:46:37,3.85,0.0,5,1925,买盘
1320,14:46:40,3.84,-0.01,154,59136,卖盘
1321,14:46:46,3.84,0.0,10,3840,卖盘
1322,14:46:49,3.84,0.0,10,3840,中性盘
1323,14:46:51,3.84,0.0,1,384,卖盘
1324,14:46:58,3.84,0.0,4,1536,买盘
1325,14:47:07,3.84,0.0,5,1920,买盘
1326,14:47:13,3.84,0.0,6,2304,卖盘
1327,14:47:16,3.84,0.0,54,20736,卖盘
1328,14:47:58,3.85,0.01,2,770,买盘
1329,14:48:24,3.84,-0.01,141,54144,卖盘
1330,14:48:28,3.84,0.0,2,768,买盘
1331,14:48:31,3.84,0.0,86,33024,买盘
1332,14:48:37,3.84,0.0,50,19200,买盘
1333,14:48:40,3.84,0.0,31,11904,买盘
1334,14:48:57,3.84,0.0,141,54144,卖盘
1335,14:49:13,3.84,0.0,4,1536,买盘
1336,14:49:16,3.84,0.0,133,51072,买盘
1337,14:49:31,3.84,0.0,57,21908,卖盘
1338,14:49:45,3.84,0.0,40,15360,买盘
1339,14:49:55,3.84,0.0,51,19584,买盘
1340,14:50:01,3.83,-0.01,20,7660,卖盘
1341,14:50:07,3.85,0.02,16,6160,买盘
1342,14:50:13,3.85,0.0,43,16545,买盘
1343,14:50:28,3.85,0.0,35,13475,买盘
1344,14:50:37,3.85,0.0,16,6160,买盘
1345,14:50:40,3.85,0.0,34,13090,买盘
1346,14:50:57,3.85,0.0,2,770,买盘
1347,14:51:07,3.85,0.0,16,6160,买盘
1348,14:51:12,3.84,-0.01,20,7680,卖盘
1349,14:51:28,3.85,0.01,3,1155,买盘
1350,14:51:31,3.84,-0.01,94,36096,卖盘
1351,14:51:34,3.85,0.01,5,1925,买盘
1352,14:51:36,3.85,0.0,16,6160,买盘
1353,14:51:43,3.85,0.0,10,3850,买盘
1354,14:52:01,3.85,0.0,2,770,买盘
1355,14:52:07,3.85,0.0,16,6160,买盘
1356,14:52:13,3.85,0.0,101,38785,买盘
1357,14:52:15,3.85,0.0,100,38500,买盘
1358,14:52:28,3.85,0.0,188,72380,买盘
1359,14:52:31,3.85,0.0,6,2310,买盘
1360,14:52:37,3.85,0.0,16,6160,买盘
1361,14:52:40,3.85,0.0,12,4620,买盘
1362,14:53:07,3.85,0.0,16,6160,买盘
1363,14:53:10,3.84,-0.01,110,42260,卖盘
1364,14:53:15,3.85,0.01,258,99330,买盘
1365,14:53:31,3.84,-0.01,9,3456,卖盘
1366,14:53:37,3.85,0.01,34,13090,买盘
1367,14:53:46,3.85,0.0,30,11550,买盘
1368,14:53:52,3.85,0.0,4,1540,买盘
1369,14:54:04,3.86,0.01,30,11563,买盘
1370,14:54:07,3.86,0.0,16,6176,买盘
1371,14:54:19,3.85,-0.01,10,3850,卖盘
1372,14:54:28,3.85,0.0,12,4620,卖盘
1373,14:54:37,3.85,0.0,26,10026,卖盘
1374,14:54:43,3.85,0.0,58,22330,卖盘
1375,14:54:55,3.85,0.0,114,43890,买盘
1376,14:55:04,3.85,0.0,120,46200,卖盘
1377,14:55:07,3.85,0.0,16,6160,买盘
1378,14:55:19,3.84,-0.01,12,4608,卖盘
1379,14:55:22,3.85,0.01,200,77000,买盘
1380,14:55:31,3.85,0.0,68,26180,买盘
1381,14:55:37,3.85,0.0,16,6160,买盘
1382,14:55:40,3.84,-0.01,2,768,卖盘
1383,14:55:46,3.85,0.01,100,38500,买盘
1384,14:55:57,3.85,0.0,108,41580,买盘
1385,14:56:07,3.85,0.0,49,18865,卖盘
1386,14:56:16,3.85,0.0,7,2695,买盘
1387,14:56:25,3.85,0.0,1,385,买盘
1388,14:56:31,3.85,0.0,75,28875,买盘
1389,14:56:34,3.85,0.0,2,770,买盘
1390,14:56:37,3.85,0.0,16,6160,买盘
1391,14:56:43,3.85,0.0,13,4995,买盘
1392,14:56:48,3.85,0.0,365,140525,买盘
1393,14:56:55,3.85,0.0,14,5390,买盘
1394,14:56:58,3.85,0.0,17,6545,卖盘
1395,14:57:00,3.85,0.0,16,6160,买盘
1396,15:00:04,3.86,0.01,906,349716,卖盘
