,time,price,change,volume,amount,type
0,09:25:04,3.85,-0.01,581,223685,买盘
1,09:30:04,3.86,0.01,111,42798,买盘
2,09:30:10,3.86,0.0,5,1934,卖盘
3,09:30:19,3.86,0.0,14,5404,卖盘
4,09:30:22,3.87,0.01,1,387,买盘
5,09:30:25,3.87,0.0,2,774,买盘
6,09:30:37,3.87,0.0,56,21672,买盘
7,09:30:40,3.88,0.01,59,22892,买盘
8,09:30:43,3.87,-0.01,1,387,卖盘
9,09:30:46,3.88,0.01,2,776,买盘
10,09:30:49,3.88,0.0,5,1940,买盘
11,09:30:52,3.86,-0.02,66,25506,卖盘
12,09:30:55,3.88,0.02,7,2713,买盘
13,09:31:01,3.87,-0.01,2,774,买盘
14,09:31:04,3.86,-0.01,105,40535,卖盘
15,09:31:07,3.87,0.01,10,3870,买盘
16,09:31:13,3.87,0.0,237,91719,买盘
17,09:31:16,3.87,0.0,114,44118,买盘
18,09:31:22,3.88,0.01,1,388,买盘
19,09:31:28,3.87,-0.01,86,33282,卖盘
20,09:31:31,3.87,0.0,10,3870,买盘
21,09:31:37,3.87,0.0,15,5805,买盘
22,09:31:46,3.88,0.01,186,72135,买盘
23,09:31:49,3.86,-0.02,141,54447,卖盘
24,09:31:52,3.86,0.0,5,1930,买盘
25,09:31:55,3.86,0.0,5,1930,买盘
26,09:32:01,3.86,0.0,15,5790,买盘
27,09:32:10,3.85,-0.01,644,247955,卖盘
28,09:32:13,3.87,0.02,20,7740,买盘
29,09:32:16,3.87,0.0,9,3483,买盘
30,09:32:19,3.87,0.0,1,387,买盘
31,09:32:22,3.86,-0.01,50,19300,卖盘
32,09:32:37,3.85,-0.01,10,3850,卖盘
33,09:32:40,3.85,0.0,5,1925,买盘
34,09:32:43,3.86,0.01,89,34266,买盘
35,09:32:49,3.86,0.0,5,1930,买盘
36,09:32:52,3.85,-0.01,161,61985,卖盘
37,09:32:58,3.85,0.0,45,17325,卖盘
38,09:33:07,3.85,0.0,165,63529,卖盘
39,09:33:13,3.86,0.01,3,1158,买盘
40,09:33:16,3.86,0.0,2,772,买盘
41,09:33:19,3.86,0.0,21,8092,买盘
42,09:33:28,3.86,0.0,21,8091,买盘
43,09:33:40,3.85,-0.01,12,4624,卖盘
44,09:33:43,3.86,0.01,3,1158,买盘
45,09:33:46,3.86,0.0,5,1930,买盘
46,09:33:49,3.86,0.0,1,386,买盘
47,09:33:52,3.85,-0.01,100,38500,卖盘
48,09:33:55,3.86,0.01,3,1158,买盘
49,09:34:04,3.86,0.0,2,772,买盘
50,09:34:07,3.86,0.0,15,5790,买盘
51,09:34:09,3.85,-0.01,20,7700,卖盘
52,09:34:16,3.86,0.01,11,4246,买盘
53,09:34:25,3.86,0.0,2,772,买盘
54,09:34:31,3.86,0.0,24,9264,买盘
55,09:34:40,3.85,-0.01,8,3083,卖盘
56,09:34:43,3.86,0.01,9,3474,买盘
57,09:34:46,3.86,0.0,3,1158,买盘
58,09:34:49,3.85,-0.01,15,5775,卖盘
59,09:34:52,3.85,0.0,16,6163,卖盘
60,09:34:54,3.86,0.01,5,1930,买盘
61,09:35:01,3.85,-0.01,70,26950,卖盘
62,09:35:10,3.86,0.01,2,772,买盘
63,09:35:13,3.85,-0.01,64,24644,卖盘
64,09:35:19,3.86,0.01,2,772,买盘
65,09:35:33,3.85,-0.01,240,92400,卖盘
66,09:35:40,3.85,0.0,1,385,买盘
67,09:35:49,3.85,0.0,4,1540,买盘
68,09:35:51,3.85,0.0,3,1155,买盘
69,09:35:54,3.85,0.0,5,1925,买盘
70,09:35:58,3.85,0.0,6,2310,买盘
71,09:36:04,3.85,0.0,2,770,买盘
72,09:36:07,3.85,0.0,45,17325,买盘
73,09:36:10,3.86,0.01,4,1544,买盘
74,09:36:13,3.86,0.0,3,1158,买盘
75,09:36:19,3.86,0.0,134,51724,买盘
76,09:36:31,3.86,0.0,16,6176,卖盘
77,09:36:37,3.87,0.01,23,8893,买盘
78,09:36:40,3.86,-0.01,16,6176,卖盘
79,09:36:45,3.86,0.0,2,772,买盘
80,09:36:51,3.86,0.0,2,772,买盘
81,09:36:55,3.85,-0.01,3,1155,卖盘
82,09:37:01,3.86,0.01,20,7720,买盘
83,09:37:07,3.86,0.0,5,1930,卖盘
84,09:37:10,3.86,0.0,8,3088,买盘
85,09:37:13,3.86,0.0,7,2702,买盘
86,09:37:31,3.85,-0.01,67,25850,卖盘
87,09:37:49,3.85,0.0,13,5005,卖盘
88,09:37:51,3.86,0.01,17,6546,买盘
89,09:37:55,3.86,0.0,2,772,买盘
90,09:37:57,3.86,0.0,8,3088,买盘
91,09:38:07,3.86,0.0,3,1158,买盘
92,09:38:19,3.87,0.01,5,1935,买盘
93,09:38:22,3.87,0.0,14,5418,买盘
94,09:38:25,3.86,-0.01,19,7334,卖盘
95,09:38:28,3.87,0.01,4,1548,买盘
96,09:38:31,3.87,0.0,9,3477,买盘
97,09:38:34,3.86,-0.01,7,2702,卖盘
98,09:38:40,3.86,0.0,1,386,买盘
99,09:38:46,3.86,0.0,14,5404,买盘
100,09:38:55,3.87,0.01,65,25154,买盘
101,09:39:00,3.87,0.0,7,2706,买盘
102,09:39:07,3.87,0.0,15,5804,买盘
103,09:39:10,3.87,0.0,21,8127,买盘
104,09:39:13,3.85,-0.02,12,4620,卖盘
105,09:39:15,3.86,0.01,1,386,卖盘
106,09:39:19,3.86,0.0,9,3474,卖盘
107,09:39:28,3.86,0.0,2,772,买盘
108,09:39:30,3.86,0.0,38,14658,买盘
109,09:39:43,3.86,0.0,5,1930,买盘
110,09:39:49,3.86,0.0,8,3088,买盘
111,09:39:55,3.86,0.0,12,4633,卖盘
112,09:39:57,3.86,0.0,48,18528,卖盘
113,09:40:01,3.86,0.0,11,4246,买盘
114,09:40:04,3.86,0.0,4,1544,买盘
115,09:40:10,3.85,-0.01,23,8855,卖盘
116,09:40:24,3.86,0.01,173,66778,买盘
117,09:40:37,3.86,0.0,4,1544,买盘
118,09:40:43,3.86,0.0,3,1158,买盘
119,09:40:51,3.85,-0.01,28,10780,卖盘
120,09:41:04,3.85,0.0,50,19250,卖盘
121,09:41:06,3.86,0.01,19,7334,买盘
122,09:41:16,3.86,0.0,6,2316,买盘
123,09:41:31,3.86,0.0,4,1544,买盘
124,09:41:40,3.85,-0.01,18,6930,卖盘
125,09:41:46,3.86,0.01,6,2316,买盘
126,09:41:49,3.86,0.0,2,772,买盘
127,09:41:52,3.86,0.0,3,1158,买盘
128,09:42:01,3.86,0.0,2,772,买盘
129,09:42:06,3.86,0.0,3,1158,买盘
130,09:42:10,3.86,0.0,46,17756,买盘
131,09:42:16,3.87,0.01,4,1548,买盘
132,09:42:19,3.87,0.0,2,774,买盘
133,09:42:22,3.86,-0.01,35,13512,卖盘
134,09:42:28,3.86,0.0,29,11194,卖盘
135,09:42:36,3.87,0.01,17,6579,买盘
136,09:42:39,3.87,0.0,133,51471,买盘
137,09:42:46,3.87,0.0,28,10838,卖盘
138,09:42:49,3.87,0.0,15,5810,卖盘
139,09:42:55,3.86,-0.01,3,1158,卖盘
140,09:43:19,3.87,0.01,5,1935,买盘
141,09:43:22,3.87,0.0,7,2709,买盘
142,09:43:28,3.87,0.0,1,387,买盘
143,09:43:34,3.87,0.0,10,3870,卖盘
144,09:43:37,3.87,0.0,12,4644,卖盘
145,09:43:46,3.87,0.0,4,1548,买盘
146,09:43:49,3.87,0.0,3,1161,买盘
147,09:43:52,3.86,-0.01,28,10808,卖盘
148,09:43:54,3.87,0.01,1,387,买盘
149,09:44:07,3.87,0.0,7,2709,买盘
150,09:44:16,3.87,0.0,2,774,买盘
151,09:44:19,3.87,0.0,5,1935,买盘
152,09:44:22,3.87,0.0,1,387,买盘
153,09:44:36,3.87,0.0,39,15093,买盘
154,09:44:46,3.87,0.0,9,3477,买盘
155,09:44:49,3.87,0.0,1,387,买盘
156,09:44:55,3.86,-0.01,9,3475,卖盘
157,09:45:04,3.86,0.0,22,8505,卖盘
158,09:45:19,3.88,0.02,31,11969,买盘
159,09:45:22,3.88,0.0,6,2328,买盘
160,09:45:31,3.87,-0.01,5,1935,卖盘
161,09:45:34,3.87,0.0,5,1938,卖盘
162,09:45:37,3.88,0.01,34,13181,买盘
163,09:45:43,3.87,-0.01,4,1548,买盘
164,09:45:46,3.87,0.0,3,1161,卖盘
165,09:45:48,3.88,0.01,5,1940,买盘
166,09:46:04,3.88,0.0,84,32592,买盘
167,09:46:07,3.88,0.0,2,776,买盘
168,09:46:10,3.88,0.0,4,1552,买盘
169,09:46:13,3.88,0.0,209,81092,买盘
170,09:46:16,3.88,0.0,10,3880,卖盘
171,09:46:22,3.89,0.01,15,5835,买盘
172,09:46:31,3.89,0.0,3,1167,买盘
173,09:46:34,3.89,0.0,10,3890,买盘
174,09:46:37,3.89,0.0,3,1167,买盘
175,09:46:39,3.89,0.0,40,15560,买盘
176,09:46:49,3.89,0.0,513,199544,买盘
177,09:46:52,3.88,-0.01,59,22935,卖盘
178,09:46:58,3.89,0.01,5,1945,买盘
179,09:47:09,3.89,0.0,5,1945,买盘
180,09:47:13,3.89,0.0,1,389,买盘
181,09:47:19,3.89,0.0,1,389,买盘
182,09:47:25,3.89,0.0,71,27619,买盘
183,09:47:27,3.89,0.0,39,15171,买盘
184,09:47:30,3.91,0.02,557,217069,买盘
185,09:47:37,3.9,-0.01,6,2339,买盘
186,09:47:40,3.9,0.0,2,780,买盘
187,09:47:52,3.9,0.0,64,24960,买盘
188,09:47:57,3.9,0.0,5,1950,卖盘
189,09:48:04,3.9,0.0,111,43291,卖盘
190,09:48:07,3.91,0.01,11,4293,买盘
191,09:48:10,3.9,-0.01,55,21454,卖盘
192,09:48:13,3.91,0.01,603,235843,买盘
193,09:48:22,3.89,-0.02,1,389,卖盘
194,09:48:25,3.89,0.0,10,3890,卖盘
195,09:48:28,3.89,0.0,9,3501,买盘
196,09:48:30,3.88,-0.01,86,33368,卖盘
197,09:48:34,3.89,0.01,5,1945,买盘
198,09:48:37,3.89,0.0,14,5446,中性盘
199,09:48:52,3.88,-0.01,100,38800,卖盘
200,09:48:55,3.88,0.0,3,1164,卖盘
201,09:49:04,3.89,0.01,1,389,买盘
202,09:49:07,3.89,0.0,4,1554,买盘
203,09:49:09,3.89,0.0,1,389,买盘
204,09:49:13,3.89,0.0,4,1556,买盘
205,09:49:19,3.89,0.0,20,7780,买盘
206,09:49:31,3.89,0.0,9,3501,买盘
207,09:49:36,3.89,0.0,3,1167,买盘
208,09:49:40,3.89,0.0,21,8169,买盘
209,09:49:43,3.89,0.0,3,1167,买盘
210,09:49:46,3.89,0.0,3,1167,买盘
211,09:49:49,3.89,0.0,15,5822,买盘
212,09:49:55,3.88,-0.01,17,6596,卖盘
213,09:49:58,3.88,0.0,18,6984,卖盘
214,09:50:00,3.89,0.01,5,1944,买盘
215,09:50:04,3.89,0.0,2,778,买盘
216,09:50:07,3.88,-0.01,65,25220,卖盘
217,09:50:10,3.88,0.0,40,15522,卖盘
218,09:50:13,3.88,0.0,10,3880,卖盘
219,09:50:16,3.89,0.01,30,11670,买盘
220,09:50:19,3.88,-0.01,1,388,卖盘
221,09:50:22,3.88,0.0,2,776,卖盘
222,09:50:25,3.88,0.0,4,1552,卖盘
223,09:50:28,3.88,0.0,18,6984,卖盘
224,09:50:39,3.89,0.01,4,1556,买盘
225,09:50:43,3.89,0.0,1,389,买盘
226,09:50:49,3.89,0.0,9,3501,买盘
227,09:51:04,3.89,0.0,4,1556,买盘
228,09:51:07,3.89,0.0,20,7780,买盘
229,09:51:12,3.89,0.0,4,1556,买盘
230,09:51:22,3.88,-0.01,34,13202,卖盘
231,09:51:25,3.88,0.0,92,35696,卖盘
232,09:51:33,3.89,0.01,4,1556,买盘
233,09:51:36,3.88,-0.01,20,7760,卖盘
234,09:51:42,3.89,0.01,1,389,买盘
235,09:51:45,3.88,-0.01,45,17460,卖盘
236,09:51:48,3.89,0.01,2,778,买盘
237,09:51:52,3.88,-0.01,189,73332,卖盘
238,09:52:06,3.88,0.0,4,1552,买盘
239,09:52:10,3.88,0.0,4,1552,买盘
240,09:52:22,3.88,0.0,154,59752,买盘
241,09:52:25,3.88,0.0,16,6208,卖盘
242,09:52:33,3.88,0.0,11,4268,买盘
243,09:52:36,3.88,0.0,4,1552,买盘
244,09:52:48,3.87,-0.01,13,5031,卖盘
245,09:52:52,3.87,0.0,15,5805,卖盘
246,09:52:58,3.88,0.01,5,1940,买盘
247,09:53:04,3.88,0.0,1,388,买盘
248,09:53:06,3.88,0.0,36,13964,买盘
249,09:53:10,3.88,0.0,4,1552,买盘
250,09:53:13,3.88,0.0,4,1552,买盘
251,09:53:19,3.88,0.0,82,31739,买盘
252,09:53:34,3.88,0.0,22,8536,买盘
253,09:53:40,3.88,0.0,4,1552,买盘
254,09:53:43,3.88,0.0,3,1164,买盘
255,09:53:58,3.87,-0.01,15,5808,卖盘
256,09:54:04,3.87,0.0,7,2711,卖盘
257,09:54:10,3.88,0.01,5,1940,买盘
258,09:54:16,3.87,-0.01,6,2322,卖盘
259,09:54:19,3.87,0.0,15,5805,卖盘
260,09:54:21,3.87,0.0,15,5805,卖盘
261,09:54:25,3.87,0.0,70,27090,卖盘
262,09:54:28,3.87,0.0,27,10449,卖盘
263,09:54:34,3.88,0.01,129,49926,买盘
264,09:54:37,3.88,0.0,4,1552,买盘
265,09:54:54,3.87,-0.01,6,2322,卖盘
266,09:55:01,3.87,0.0,5,1938,卖盘
267,09:55:04,3.88,0.01,1,388,买盘
268,09:55:07,3.88,0.0,4,1552,买盘
269,09:55:10,3.88,0.0,1,388,买盘
270,09:55:13,3.87,-0.01,1,387,卖盘
271,09:55:19,3.88,0.01,3,1164,买盘
272,09:55:36,3.88,0.0,5,1940,买盘
273,09:55:40,3.88,0.0,4,1552,买盘
274,09:55:46,3.88,0.0,5,1940,买盘
275,09:55:49,3.87,-0.01,28,10836,卖盘
276,09:55:58,3.87,0.0,10,3870,卖盘
277,09:56:01,3.87,0.0,78,30186,卖盘
278,09:56:04,3.88,0.01,2,776,买盘
279,09:56:07,3.88,0.0,3,1164,买盘
280,09:56:10,3.86,-0.02,158,61145,卖盘
281,09:56:13,3.87,0.01,3,1161,买盘
282,09:56:16,3.87,0.0,23,8901,买盘
283,09:56:33,3.87,0.0,5,1935,买盘
284,09:56:40,3.87,0.0,73,28251,买盘
285,09:56:55,3.86,-0.01,1,386,卖盘
286,09:57:01,3.87,0.01,4,1548,买盘
287,09:57:04,3.87,0.0,4,1548,买盘
288,09:57:09,3.87,0.0,4,1548,买盘
289,09:57:12,3.87,0.0,2,774,买盘
290,09:57:22,3.87,0.0,22,8500,买盘
291,09:57:28,3.86,-0.01,16,6176,卖盘
292,09:57:30,3.87,0.01,3,1161,买盘
293,09:57:33,3.87,0.0,1,387,买盘
294,09:57:40,3.87,0.0,4,1548,买盘
295,09:57:43,3.87,0.0,30,11610,买盘
296,09:57:46,3.86,-0.01,1,386,卖盘
297,09:58:01,3.86,0.0,11,4246,卖盘
298,09:58:04,3.87,0.01,4,1548,买盘
299,09:58:06,3.87,0.0,2,774,买盘
300,09:58:10,3.87,0.0,2,774,买盘
301,09:58:34,3.87,0.0,4,1547,买盘
302,09:58:37,3.87,0.0,1,387,买盘
303,09:58:40,3.87,0.0,4,1545,买盘
304,09:58:51,3.86,-0.01,25,9650,卖盘
305,09:58:55,3.86,0.0,13,5018,卖盘
306,09:58:58,3.86,0.0,5,1930,卖盘
307,09:59:04,3.87,0.01,1,387,买盘
308,09:59:09,3.87,0.0,1,387,买盘
309,09:59:13,3.87,0.0,4,1548,买盘
310,09:59:16,3.87,0.0,46,17772,买盘
311,09:59:25,3.87,0.0,13,5031,买盘
312,09:59:34,3.86,-0.01,27,10424,卖盘
313,09:59:37,3.87,0.01,2,774,买盘
314,09:59:43,3.87,0.0,3,1161,买盘
315,10:00:07,3.87,0.0,1,387,买盘
316,10:00:16,3.87,0.0,5,1935,买盘
317,10:00:19,3.86,-0.01,14,5404,卖盘
318,10:00:22,3.86,0.0,15,5790,卖盘
319,10:00:25,3.87,0.01,1,387,买盘
320,10:00:31,3.87,0.0,2,774,买盘
321,10:00:34,3.87,0.0,25,9655,买盘
322,10:00:49,3.87,0.0,11,4257,买盘
323,10:00:52,3.87,0.0,3,1161,买盘
324,10:00:55,3.86,-0.01,3,1158,卖盘
325,10:00:57,3.87,0.01,150,58050,买盘
326,10:01:07,3.87,0.0,6,2322,买盘
327,10:01:10,3.87,0.0,4,1548,买盘
328,10:01:34,3.87,0.0,3,1161,买盘
329,10:01:40,3.87,0.0,1,387,买盘
330,10:01:52,3.87,0.0,18,6951,买盘
331,10:02:19,3.87,0.0,3,1161,买盘
332,10:02:37,3.87,0.0,3,1161,买盘
333,10:03:04,3.86,-0.01,100,38600,卖盘
334,10:03:10,3.87,0.01,6,2322,买盘
335,10:03:13,3.87,0.0,100,38700,买盘
336,10:03:22,3.86,-0.01,15,5790,卖盘
337,10:03:37,3.87,0.01,6,2322,买盘
338,10:03:48,3.86,-0.01,1,386,卖盘
339,10:03:52,3.87,0.01,13,5031,买盘
340,10:04:00,3.86,-0.01,26,10042,卖盘
341,10:04:07,3.86,0.0,4,1544,卖盘
342,10:04:36,3.87,0.01,3,1161,买盘
343,10:04:48,3.87,0.0,1,387,买盘
344,10:05:06,3.87,0.0,17,6579,买盘
345,10:05:13,3.87,0.0,6,2322,买盘
346,10:05:37,3.87,0.0,3,1161,买盘
347,10:06:24,3.86,-0.01,117,45162,卖盘
348,10:06:31,3.87,0.01,3,1161,买盘
349,10:06:43,3.87,0.0,1,387,买盘
350,10:06:55,3.86,-0.01,261,100746,卖盘
351,10:06:57,3.87,0.01,3,1161,买盘
352,10:07:10,3.86,-0.01,238,91868,卖盘
353,10:07:13,3.87,0.01,14,5418,买盘
354,10:07:21,3.86,-0.01,34,13124,卖盘
355,10:07:40,3.87,0.01,77,29799,买盘
356,10:08:19,3.87,0.0,1,387,买盘
357,10:08:25,3.87,0.0,8,3096,买盘
358,10:08:52,3.87,0.0,8,3096,买盘
359,10:09:19,3.87,0.0,1,387,买盘
360,10:09:25,3.87,0.0,9,3483,买盘
361,10:09:31,3.86,-0.01,1,386,卖盘
362,10:09:37,3.86,0.0,252,97272,卖盘
363,10:09:42,3.86,0.0,14,5404,卖盘
364,10:09:49,3.86,0.0,3,1158,卖盘
365,10:09:55,3.86,0.0,3,1158,卖盘
366,10:09:58,3.87,0.01,8,3096,买盘
367,10:10:00,3.86,-0.01,16,6176,卖盘
368,10:10:07,3.86,0.0,4,1544,卖盘
369,10:10:16,3.86,0.0,28,10808,卖盘
370,10:10:22,3.86,0.0,1,386,卖盘
371,10:10:28,3.87,0.01,8,3096,买盘
372,10:10:49,3.87,0.0,554,214398,买盘
373,10:10:55,3.87,0.0,10,3870,买盘
374,10:11:01,3.86,-0.01,192,74112,卖盘
375,10:11:07,3.86,0.0,11,4254,卖盘
376,10:11:16,3.87,0.01,164,63468,买盘
377,10:11:21,3.87,0.0,77,29799,买盘
378,10:11:24,3.87,0.0,3,1161,买盘
379,10:11:28,3.87,0.0,8,3096,买盘
380,10:11:55,3.87,0.0,9,3483,买盘
381,10:12:06,3.87,0.0,3,1161,买盘
382,10:12:13,3.87,0.0,3,1161,买盘
383,10:12:18,3.86,-0.01,412,159033,卖盘
384,10:12:25,3.87,0.01,8,3096,买盘
385,10:12:37,3.86,-0.01,126,48636,卖盘
386,10:12:55,3.86,0.0,11,4254,卖盘
387,10:13:07,3.86,0.0,7,2705,卖盘
388,10:13:24,3.87,0.01,8,3096,买盘
389,10:13:31,3.87,0.0,8,3096,买盘
390,10:13:37,3.87,0.0,124,47988,买盘
391,10:13:40,3.87,0.0,4,1548,买盘
392,10:13:43,3.87,0.0,38,14706,买盘
393,10:13:49,3.87,0.0,15,5805,买盘
394,10:13:55,3.87,0.0,9,3483,买盘
395,10:13:58,3.87,0.0,177,68499,买盘
396,10:14:04,3.87,0.0,2,774,买盘
397,10:14:07,3.87,0.0,50,19350,买盘
398,10:14:13,3.87,0.0,1,387,买盘
399,10:14:19,3.87,0.0,1,387,买盘
400,10:14:25,3.87,0.0,8,3096,买盘
401,10:14:31,3.87,0.0,13,5031,买盘
402,10:14:55,3.87,0.0,2,774,买盘
403,10:15:19,3.87,0.0,1,387,买盘
404,10:15:57,3.87,0.0,5,1932,买盘
405,10:16:00,3.86,-0.01,66,25527,卖盘
406,10:16:13,3.87,0.01,3,1161,买盘
407,10:16:18,3.87,0.0,11,4257,买盘
408,10:16:30,3.87,0.0,6,2322,买盘
409,10:17:04,3.87,0.0,64,24768,买盘
410,10:17:07,3.87,0.0,4,1548,卖盘
411,10:17:10,3.86,-0.01,201,77623,卖盘
412,10:17:52,3.87,0.01,10,3870,卖盘
413,10:18:28,3.87,0.0,25,9675,卖盘
414,10:18:55,3.86,-0.01,3,1158,卖盘
415,10:19:22,3.86,0.0,139,53654,卖盘
416,10:19:25,3.87,0.01,1,387,买盘
417,10:19:28,3.87,0.0,6,2322,买盘
418,10:19:34,3.87,0.0,30,11610,买盘
419,10:19:40,3.87,0.0,6,2322,买盘
420,10:19:43,3.87,0.0,1,387,买盘
421,10:19:46,3.87,0.0,1,387,买盘
422,10:20:10,3.87,0.0,1,387,买盘
423,10:20:37,3.86,-0.01,3,1158,卖盘
424,10:21:01,3.87,0.01,1,387,买盘
425,10:21:19,3.87,0.0,4,1548,买盘
426,10:21:28,3.87,0.0,14,5418,买盘
427,10:21:31,3.86,-0.01,11,4256,卖盘
428,10:21:43,3.86,0.0,99,38214,卖盘
429,10:21:48,3.87,0.01,6,2322,买盘
430,10:21:51,3.86,-0.01,12,4633,卖盘
431,10:21:55,3.86,0.0,3,1158,卖盘
432,10:22:16,3.86,0.0,12,4632,卖盘
433,10:22:40,3.87,0.01,11,4256,买盘
434,10:22:54,3.87,0.0,3,1161,买盘
435,10:23:04,3.87,0.0,1,387,买盘
436,10:23:10,3.87,0.0,1,387,买盘
437,10:23:19,3.87,0.0,2,774,买盘
438,10:23:43,3.87,0.0,50,19350,买盘
439,10:23:49,3.87,0.0,3,1161,买盘
440,10:23:58,3.87,0.0,11,4257,买盘
441,10:24:55,3.86,-0.01,2,772,卖盘
442,10:25:16,3.87,0.01,3,1161,买盘
443,10:25:22,3.87,0.0,3,1161,买盘
444,10:25:52,3.87,0.0,320,123840,买盘
445,10:25:55,3.87,0.0,3,1161,卖盘
446,10:26:01,3.87,0.0,200,77406,卖盘
447,10:26:07,3.87,0.0,6,2322,买盘
448,10:26:25,3.87,0.0,34,13158,买盘
449,10:26:49,3.87,0.0,38,14706,买盘
450,10:26:55,3.87,0.0,3,1161,买盘
451,10:27:04,3.87,0.0,3,1161,买盘
452,10:27:10,3.87,0.0,40,15480,买盘
453,10:27:16,3.87,0.0,3,1161,买盘
454,10:27:25,3.87,0.0,3,1161,买盘
455,10:27:28,3.87,0.0,40,15480,买盘
456,10:27:39,3.87,0.0,3,1161,买盘
457,10:27:49,3.87,0.0,20,7817,买盘
458,10:27:52,3.87,0.0,1,387,卖盘
459,10:27:58,3.88,0.01,1,388,买盘
460,10:28:01,3.87,-0.01,10,3870,卖盘
461,10:28:07,3.87,0.0,4,1548,卖盘
462,10:28:33,3.88,0.01,5,1940,买盘
463,10:28:55,3.88,0.0,3,1164,买盘
464,10:30:21,3.88,0.0,5,1940,买盘
465,10:30:33,3.88,0.0,3,1164,买盘
466,10:30:52,3.87,-0.01,23,8901,卖盘
467,10:30:58,3.88,0.01,3,1164,买盘
468,10:31:19,3.88,0.0,3,1164,买盘
469,10:31:27,3.87,-0.01,1,387,卖盘
470,10:31:31,3.88,0.01,8,3104,买盘
471,10:31:37,3.88,0.0,169,65572,买盘
472,10:31:46,3.88,0.0,3,1164,买盘
473,10:31:58,3.88,0.0,20,7760,买盘
474,10:32:28,3.88,0.0,3,1164,买盘
475,10:32:43,3.87,-0.01,124,47988,卖盘
476,10:32:48,3.88,0.01,3,1164,买盘
477,10:32:51,3.87,-0.01,50,19350,卖盘
478,10:32:55,3.88,0.01,1,388,买盘
479,10:32:58,3.88,0.0,10,3880,买盘
480,10:33:01,3.87,-0.01,21,8127,卖盘
481,10:33:04,3.88,0.01,2,776,买盘
482,10:33:07,3.87,-0.01,11,4264,卖盘
483,10:33:10,3.88,0.01,1,388,买盘
484,10:33:13,3.88,0.0,2,776,买盘
485,10:33:25,3.88,0.0,3,1164,买盘
486,10:33:34,3.87,-0.01,46,17802,卖盘
487,10:33:46,3.87,0.0,120,46440,卖盘
488,10:33:52,3.87,0.0,11,4257,卖盘
489,10:34:04,3.87,0.0,91,35217,卖盘
490,10:34:06,3.87,0.0,4,1548,卖盘
491,10:34:13,3.87,0.0,1,387,卖盘
492,10:34:19,3.87,0.0,2,774,卖盘
493,10:34:52,3.87,0.0,50,19350,卖盘
494,10:34:58,3.87,0.0,1,387,卖盘
495,10:35:04,3.87,0.0,1,387,卖盘
496,10:35:06,3.87,0.0,4,1548,卖盘
497,10:35:22,3.87,0.0,1,387,卖盘
498,10:35:25,3.87,0.0,1,387,卖盘
499,10:35:34,3.87,0.0,57,22059,卖盘
500,10:35:39,3.87,0.0,3,1161,买盘
501,10:35:49,3.87,0.0,3,1161,买盘
502,10:36:04,3.87,0.0,10,3870,买盘
503,10:36:13,3.87,0.0,3,1161,买盘
504,10:36:46,3.86,-0.01,1,386,卖盘
505,10:36:51,3.87,0.01,3,1161,买盘
506,10:36:55,3.86,-0.01,3,1158,卖盘
507,10:37:10,3.87,0.01,3,1161,买盘
508,10:37:37,3.86,-0.01,3,1158,卖盘
509,10:37:43,3.86,0.0,2,772,卖盘
510,10:37:48,3.87,0.01,3,1161,买盘
511,10:37:51,3.86,-0.01,10,3860,卖盘
512,10:37:55,3.87,0.01,11,4257,买盘
513,10:37:57,3.86,-0.01,1,386,卖盘
514,10:38:00,3.87,0.01,4,1547,买盘
515,10:38:07,3.87,0.0,3,1161,买盘
516,10:38:25,3.87,0.0,10,3870,买盘
517,10:38:55,3.86,-0.01,12,4643,卖盘
518,10:39:01,3.87,0.01,6,2322,买盘
519,10:39:24,3.87,0.0,20,7740,买盘
520,10:39:31,3.87,0.0,3,1161,买盘
521,10:39:49,3.86,-0.01,126,48636,卖盘
522,10:39:55,3.87,0.01,56,21627,买盘
523,10:39:57,3.86,-0.01,1,386,卖盘
524,10:40:10,3.86,0.0,4,1547,卖盘
525,10:40:25,3.86,0.0,17,6573,卖盘
526,10:40:55,3.87,0.01,10,3870,买盘
527,10:40:58,3.86,-0.01,2,772,卖盘
528,10:41:04,3.86,0.0,1,386,卖盘
529,10:41:09,3.87,0.01,7,2709,买盘
530,10:41:19,3.87,0.0,46,17802,买盘
531,10:41:25,3.87,0.0,11,4257,买盘
532,10:41:28,3.87,0.0,34,13158,买盘
533,10:41:55,3.87,0.0,10,3870,买盘
534,10:41:58,3.86,-0.01,1,386,卖盘
535,10:42:01,3.87,0.01,14,5418,买盘
536,10:42:10,3.87,0.0,15,5805,买盘
537,10:42:15,3.86,-0.01,2,773,卖盘
538,10:42:25,3.87,0.01,11,4257,买盘
539,10:42:28,3.86,-0.01,3,1158,卖盘
540,10:42:34,3.87,0.01,3,1161,买盘
541,10:42:49,3.86,-0.01,3,1158,卖盘
542,10:42:55,3.87,0.01,14,5415,买盘
543,10:43:00,3.86,-0.01,1,386,卖盘
544,10:43:25,3.87,0.01,10,3870,买盘
545,10:43:31,3.87,0.0,4,1548,买盘
546,10:43:55,3.87,0.0,11,4257,买盘
547,10:43:58,3.86,-0.01,1,386,卖盘
548,10:44:01,3.87,0.01,3,1161,买盘
549,10:44:10,3.87,0.0,3,1161,买盘
550,10:44:24,3.87,0.0,2,774,买盘
551,10:44:49,3.87,0.0,1,387,买盘
552,10:44:58,3.86,-0.01,1,386,卖盘
553,10:45:04,3.87,0.01,1,387,买盘
554,10:46:22,3.87,0.0,3,1161,买盘
555,10:46:28,3.87,0.0,1,387,买盘
556,10:47:01,3.87,0.0,40,15430,买盘
557,10:47:04,3.87,0.0,2,774,卖盘
558,10:47:06,3.88,0.01,12,4652,买盘
559,10:47:13,3.88,0.0,3,1164,买盘
560,10:47:55,3.88,0.0,4,1552,买盘
561,10:48:54,3.87,-0.01,3,1161,卖盘
562,10:49:04,3.87,0.0,15,5805,卖盘
563,10:49:07,3.87,0.0,3,1161,卖盘
564,10:49:18,3.88,0.01,4,1552,买盘
565,10:49:31,3.88,0.0,4,1552,买盘
566,10:50:40,3.87,-0.01,26,10062,卖盘
567,10:50:46,3.87,0.0,4,1548,卖盘
568,10:50:49,3.87,0.0,1,387,卖盘
569,10:50:54,3.88,0.01,13,5044,买盘
570,10:51:06,3.87,-0.01,1,387,卖盘
571,10:51:55,3.87,0.0,10,3870,卖盘
572,10:52:07,3.87,0.0,4,1548,卖盘
573,10:52:09,3.87,0.0,1,387,卖盘
574,10:52:13,3.87,0.0,1,387,卖盘
575,10:52:22,3.87,0.0,1,387,卖盘
576,10:53:00,3.87,0.0,1,387,卖盘
577,10:53:07,3.87,0.0,4,1548,卖盘
578,10:53:21,3.87,0.0,1,387,卖盘
579,10:53:34,3.87,0.0,50,19350,卖盘
580,10:53:43,3.87,0.0,45,17415,卖盘
581,10:53:57,3.87,0.0,11,4257,卖盘
582,10:54:01,3.88,0.01,17,6595,买盘
583,10:54:07,3.87,-0.01,3,1161,卖盘
584,10:54:16,3.87,0.0,1,387,卖盘
585,10:54:34,3.87,0.0,1,387,卖盘
586,10:54:55,3.87,0.0,3,1161,卖盘
587,10:55:06,3.87,0.0,4,1548,卖盘
588,10:55:24,3.87,0.0,28,10836,卖盘
589,10:55:28,3.87,0.0,72,27864,卖盘
590,10:55:34,3.87,0.0,139,53793,卖盘
591,10:55:37,3.87,0.0,23,8901,卖盘
592,10:55:45,3.87,0.0,50,19350,卖盘
593,10:55:48,3.87,0.0,3,1161,卖盘
594,10:55:51,3.87,0.0,3,1161,卖盘
595,10:55:54,3.87,0.0,10,3870,卖盘
596,10:55:58,3.87,0.0,1,387,卖盘
597,10:56:06,3.87,0.0,4,1548,卖盘
598,10:56:09,3.87,0.0,31,12047,卖盘
599,10:56:12,3.87,0.0,1,387,买盘
600,10:56:16,3.88,0.01,6,2324,买盘
601,10:56:31,3.88,0.0,16,6208,买盘
602,10:56:37,3.88,0.0,8,3104,买盘
603,10:56:43,3.88,0.0,1,388,买盘
604,10:56:52,3.88,0.0,38,14744,买盘
605,10:56:58,3.88,0.0,8,3104,买盘
606,10:57:04,3.88,0.0,3,1162,买盘
607,10:57:09,3.88,0.0,2,776,买盘
608,10:57:12,3.88,0.0,38,14744,买盘
609,10:57:19,3.87,-0.01,5,1935,买盘
610,10:57:21,3.86,-0.01,1,386,卖盘
611,10:57:25,3.87,0.01,9,3483,买盘
612,10:57:33,3.87,0.0,3,1161,买盘
613,10:57:37,3.86,-0.01,1,386,卖盘
614,10:57:40,3.87,0.01,3,1161,买盘
615,10:57:52,3.87,0.0,1,387,买盘
616,10:58:40,3.87,0.0,14,5418,买盘
617,10:58:45,3.86,-0.01,4,1547,卖盘
618,10:59:01,3.86,0.0,1,386,卖盘
619,10:59:04,3.87,0.01,4,1548,买盘
620,10:59:06,3.86,-0.01,4,1544,卖盘
621,10:59:12,3.87,0.01,1,387,买盘
622,10:59:18,3.86,-0.01,3,1158,卖盘
623,10:59:31,3.86,0.0,1,386,卖盘
624,10:59:37,3.87,0.01,1,387,买盘
625,10:59:54,3.86,-0.01,35,13510,卖盘
626,10:59:58,3.86,0.0,2,772,卖盘
627,11:00:01,3.87,0.01,8,3096,买盘
628,11:00:06,3.87,0.0,2,774,买盘
629,11:00:28,3.86,-0.01,20,7720,卖盘
630,11:00:31,3.87,0.01,3,1161,买盘
631,11:00:33,3.87,0.0,7,2709,买盘
632,11:00:55,3.86,-0.01,5,1932,卖盘
633,11:00:58,3.86,0.0,1,386,卖盘
634,11:01:01,3.87,0.01,1,387,买盘
635,11:01:19,3.86,-0.01,1,386,卖盘
636,11:01:25,3.87,0.01,1,387,买盘
637,11:01:58,3.86,-0.01,1,386,卖盘
638,11:02:04,3.87,0.01,1,387,买盘
639,11:02:48,3.87,0.0,4,1548,买盘
640,11:02:55,3.87,0.0,1,387,买盘
641,11:02:58,3.86,-0.01,1,386,卖盘
642,11:03:07,3.87,0.01,1,387,买盘
643,11:03:10,3.87,0.0,1,387,买盘
644,11:03:13,3.87,0.0,1,387,买盘
645,11:03:16,3.86,-0.01,47,18142,卖盘
646,11:03:18,3.87,0.01,1,387,买盘
647,11:03:22,3.87,0.0,9,3483,买盘
648,11:03:40,3.86,-0.01,5,1930,卖盘
649,11:03:46,3.87,0.01,6,2322,买盘
650,11:03:48,3.86,-0.01,1,386,卖盘
651,11:03:58,3.86,0.0,13,5019,卖盘
652,11:04:04,3.87,0.01,36,13932,买盘
653,11:04:16,3.87,0.0,8,3096,买盘
654,11:04:28,3.87,0.0,24,9288,买盘
655,11:04:34,3.87,0.0,1,387,买盘
656,11:04:39,3.87,0.0,5,1935,买盘
657,11:04:46,3.87,0.0,3,1161,买盘
658,11:04:55,3.87,0.0,2,774,买盘
659,11:05:01,3.86,-0.01,1,386,卖盘
660,11:05:06,3.87,0.01,1,387,买盘
661,11:05:13,3.87,0.0,1,387,买盘
662,11:05:36,3.87,0.0,3,1161,买盘
663,11:05:48,3.86,-0.01,6,2316,卖盘
664,11:05:55,3.87,0.01,2,774,买盘
665,11:05:58,3.86,-0.01,1,386,卖盘
666,11:06:01,3.86,0.0,1,386,卖盘
667,11:06:04,3.87,0.01,1,387,买盘
668,11:06:09,3.87,0.0,1,387,买盘
669,11:06:15,3.87,0.0,3,1161,买盘
670,11:06:18,3.86,-0.01,6,2316,卖盘
671,11:06:25,3.87,0.01,25,9675,买盘
672,11:06:31,3.87,0.0,1,387,买盘
673,11:06:37,3.87,0.0,5,1935,买盘
674,11:06:54,3.86,-0.01,3,1158,卖盘
675,11:07:01,3.87,0.01,1,387,买盘
676,11:07:10,3.87,0.0,1,387,买盘
677,11:07:16,3.87,0.0,1,387,买盘
678,11:07:22,3.86,-0.01,183,70638,卖盘
679,11:07:28,3.87,0.01,34,13158,买盘
680,11:07:34,3.87,0.0,3,1161,买盘
681,11:07:43,3.87,0.0,1,387,买盘
682,11:08:12,3.87,0.0,1,387,买盘
683,11:08:43,3.87,0.0,1,387,买盘
684,11:09:15,3.87,0.0,1,387,买盘
685,11:09:22,3.87,0.0,3,1161,买盘
686,11:09:36,3.86,-0.01,50,19300,卖盘
687,11:09:49,3.87,0.01,1,387,买盘
688,11:10:22,3.86,-0.01,79,30495,卖盘
689,11:11:04,3.87,0.01,1,387,买盘
690,11:11:16,3.87,0.0,9,3483,买盘
691,11:11:25,3.87,0.0,21,8127,买盘
692,11:11:27,3.87,0.0,1,387,买盘
693,11:11:43,3.87,0.0,40,15480,买盘
694,11:12:01,3.87,0.0,1,387,买盘
695,11:12:04,3.87,0.0,38,14706,买盘
696,11:12:24,3.87,0.0,34,13158,买盘
697,11:12:34,3.87,0.0,4,1548,买盘
698,11:12:39,3.87,0.0,1,387,买盘
699,11:12:54,3.86,-0.01,3,1158,卖盘
700,11:13:16,3.87,0.01,1,387,买盘
701,11:13:28,3.87,0.0,2,774,买盘
702,11:13:34,3.87,0.0,1,387,买盘
703,11:13:37,3.86,-0.01,50,19300,卖盘
704,11:13:55,3.86,0.0,11,4246,卖盘
705,11:14:09,3.87,0.01,1,387,买盘
706,11:14:57,3.86,-0.01,2,773,卖盘
707,11:15:25,3.86,0.0,135,52110,卖盘
708,11:15:27,3.86,0.0,127,49022,卖盘
709,11:15:31,3.87,0.01,12,4644,买盘
710,11:15:58,3.86,-0.01,1,386,卖盘
711,11:16:01,3.86,0.0,1,386,卖盘
712,11:16:04,3.87,0.01,19,7338,买盘
713,11:16:09,3.86,-0.01,2386,920996,卖盘
714,11:16:15,3.85,-0.01,12,4626,卖盘
715,11:16:21,3.85,0.0,2,770,卖盘
716,11:17:15,3.85,0.0,10,3850,卖盘
717,11:17:52,3.85,0.0,11,4235,卖盘
718,11:18:01,3.85,0.0,1,385,卖盘
719,11:18:37,3.85,0.0,271,104335,卖盘
720,11:18:52,3.85,0.0,29,11165,买盘
721,11:18:55,3.85,0.0,3,1155,卖盘
722,11:18:58,3.85,0.0,1,385,卖盘
723,11:19:01,3.85,0.0,1,385,卖盘
724,11:19:55,3.85,0.0,10,3850,卖盘
725,11:19:57,3.85,0.0,1,385,卖盘
726,11:20:04,3.85,0.0,14,5390,卖盘
727,11:20:21,3.84,-0.01,27,10368,卖盘
728,11:20:58,3.84,0.0,15,5760,卖盘
729,11:21:40,3.84,0.0,2,768,卖盘
730,11:21:58,3.84,0.0,16,6158,卖盘
731,11:22:04,3.84,0.0,11,4224,卖盘
732,11:23:00,3.84,0.0,22,8448,卖盘
733,11:24:01,3.84,0.0,1,384,卖盘
734,11:24:04,3.84,0.0,10,3840,卖盘
735,11:24:33,3.84,0.0,2,768,卖盘
736,11:24:54,3.84,0.0,3,1152,卖盘
737,11:24:58,3.84,0.0,51,19634,卖盘
738,11:25:01,3.84,0.0,1,384,卖盘
739,11:25:36,3.85,0.01,12,4620,买盘
740,11:26:28,3.85,0.0,10,3850,买盘
741,11:26:49,3.85,0.0,15,5775,买盘
742,11:27:01,3.85,0.0,1,385,卖盘
743,11:27:34,3.86,0.01,37,14282,买盘
744,11:27:57,3.85,-0.01,1,385,卖盘
745,11:28:01,3.85,0.0,1,385,卖盘
746,11:28:24,3.85,0.0,37,14245,卖盘
747,11:28:57,3.84,-0.01,3,1154,卖盘
748,11:29:22,3.84,0.0,80,30720,卖盘
749,11:30:01,3.84,0.0,1,384,卖盘
750,11:30:04,3.84,0.0,10,3840,卖盘
751,13:00:07,3.84,0.0,20,7690,卖盘
752,13:00:15,3.85,0.01,4,1540,买盘
753,13:00:24,3.84,-0.01,70,26880,卖盘
754,13:00:28,3.84,0.0,1,384,卖盘
755,13:00:54,3.84,0.0,2,768,卖盘
756,13:01:45,3.84,0.0,1,384,卖盘
757,13:02:00,3.84,0.0,11,4224,卖盘
758,13:02:57,3.84,0.0,3,1152,卖盘
759,13:03:10,3.84,0.0,1,384,卖盘
760,13:03:15,3.84,0.0,119,45696,卖盘
761,13:03:18,3.84,0.0,6,2304,买盘
762,13:03:22,3.83,-0.01,1,383,卖盘
763,13:03:37,3.83,0.0,72,27576,卖盘
764,13:03:45,3.83,0.0,1,383,卖盘
765,13:04:04,3.84,0.01,5,1920,买盘
766,13:04:07,3.83,-0.01,10,3830,卖盘
767,13:04:12,3.84,0.01,17,6528,买盘
768,13:04:33,3.83,-0.01,1,383,卖盘
769,13:05:24,3.84,0.01,1,384,买盘
770,13:06:01,3.83,-0.01,23,8809,卖盘
771,13:06:12,3.83,0.0,3,1149,卖盘
772,13:06:19,3.83,0.0,1,383,卖盘
773,13:06:24,3.83,0.0,1,383,卖盘
774,13:06:54,3.83,0.0,3,1149,卖盘
775,13:06:58,3.83,0.0,1,383,卖盘
776,13:07:42,3.83,0.0,70,26810,卖盘
777,13:07:58,3.83,0.0,11,4213,卖盘
778,13:08:00,3.83,0.0,1,383,卖盘
779,13:08:10,3.83,0.0,1,383,卖盘
780,13:08:22,3.83,0.0,6,2298,卖盘
781,13:08:57,3.83,0.0,1,383,卖盘
782,13:09:16,3.83,0.0,1,383,卖盘
783,13:09:19,3.83,0.0,3,1149,卖盘
784,13:09:36,3.83,0.0,106,40598,卖盘
785,13:09:58,3.83,0.0,1,383,卖盘
786,13:10:06,3.83,0.0,22,8426,卖盘
787,13:10:58,3.82,-0.01,1,382,卖盘
788,13:11:01,3.82,0.0,1,382,卖盘
789,13:11:25,3.82,0.0,10,3820,卖盘
790,13:11:30,3.82,0.0,1,382,卖盘
791,13:11:58,3.82,0.0,16,6112,卖盘
792,13:12:10,3.82,0.0,1,382,卖盘
793,13:12:54,3.82,0.0,3,1146,卖盘
794,13:13:00,3.82,0.0,3,1146,卖盘
795,13:13:13,3.83,0.01,83,31789,买盘
796,13:14:00,3.83,0.0,2,766,卖盘
797,13:14:04,3.83,0.0,10,3830,卖盘
798,13:14:12,3.84,0.01,23,8832,买盘
799,13:14:37,3.83,-0.01,1,383,卖盘
800,13:15:43,3.84,0.01,1,384,买盘
801,13:16:01,3.83,-0.01,1,383,卖盘
802,13:16:04,3.83,0.0,1,383,卖盘
803,13:16:13,3.83,0.0,50,19150,卖盘
804,13:16:57,3.83,0.0,1,383,卖盘
805,13:17:00,3.83,0.0,1,383,卖盘
806,13:17:12,3.84,0.01,1,384,买盘
807,13:17:33,3.84,0.0,1,384,买盘
808,13:17:36,3.83,-0.01,1,383,卖盘
809,13:17:45,3.83,0.0,78,29942,卖盘
810,13:17:58,3.83,0.0,10,3830,卖盘
811,13:18:01,3.83,0.0,1,383,卖盘
812,13:18:55,3.83,0.0,3,1149,卖盘
813,13:19:09,3.84,0.01,76,29184,买盘
814,13:19:24,3.85,0.01,169,64990,买盘
815,13:19:27,3.85,0.0,1,385,卖盘
816,13:20:31,3.84,-0.01,2,768,卖盘
817,13:20:57,3.84,0.0,28,10752,买盘
818,13:21:04,3.84,0.0,3,1152,买盘
819,13:21:36,3.84,0.0,21,8064,买盘
820,13:22:04,3.84,0.0,14,5380,卖盘
821,13:22:06,3.85,0.01,27,10395,买盘
822,13:22:19,3.84,-0.01,30,11520,卖盘
823,13:22:24,3.84,0.0,7,2688,买盘
824,13:23:12,3.84,0.0,6,2304,卖盘
825,13:23:18,3.84,0.0,25,9600,买盘
826,13:23:55,3.84,0.0,11,4224,卖盘
827,13:24:21,3.84,0.0,11,4224,卖盘
828,13:24:54,3.84,0.0,3,1152,卖盘
829,13:25:58,3.84,0.0,11,4224,卖盘
830,13:26:45,3.84,0.0,2,768,卖盘
831,13:27:19,3.84,0.0,15,5760,卖盘
832,13:27:54,3.84,0.0,10,3840,卖盘
833,13:28:07,3.84,0.0,1,384,卖盘
834,13:28:30,3.84,0.0,14,5376,卖盘
835,13:29:04,3.85,0.01,14,5390,买盘
836,13:29:07,3.85,0.0,5,1925,买盘
837,13:29:25,3.84,-0.01,1,384,卖盘
838,13:29:48,3.84,0.0,1,384,卖盘
839,13:29:57,3.84,0.0,3,1153,卖盘
840,13:30:04,3.84,0.0,11,4224,卖盘
841,13:30:22,3.85,0.01,10,3850,买盘
842,13:30:25,3.84,-0.01,1,384,卖盘
843,13:30:40,3.84,0.0,1,384,卖盘
844,13:30:49,3.84,0.0,23,8832,卖盘
845,13:30:52,3.84,0.0,4,1536,卖盘
846,13:30:55,3.84,0.0,3,1152,卖盘
847,13:30:58,3.84,0.0,3,1152,卖盘
848,13:31:27,3.84,0.0,4,1536,卖盘
849,13:31:49,3.84,0.0,2,768,卖盘
850,13:31:58,3.84,0.0,1,384,卖盘
851,13:32:04,3.84,0.0,1,384,卖盘
852,13:32:07,3.84,0.0,11,4225,卖盘
853,13:32:24,3.84,0.0,23,8832,卖盘
854,13:32:34,3.84,0.0,8,3072,卖盘
855,13:32:40,3.84,0.0,1,384,卖盘
856,13:32:58,3.84,0.0,2,768,卖盘
857,13:33:04,3.84,0.0,4,1536,卖盘
858,13:33:22,3.84,0.0,1,384,卖盘
859,13:33:36,3.84,0.0,10,3840,卖盘
860,13:33:55,3.84,0.0,5,1920,卖盘
861,13:34:07,3.84,0.0,11,4224,卖盘
862,13:34:34,3.84,0.0,1,384,卖盘
863,13:34:57,3.85,0.01,3,1155,买盘
864,13:35:01,3.84,-0.01,1,384,卖盘
865,13:35:06,3.84,0.0,98,37632,卖盘
866,13:35:09,3.84,0.0,1,384,卖盘
867,13:35:22,3.84,0.0,37,14208,卖盘
868,13:35:31,3.83,-0.01,1,383,卖盘
869,13:35:34,3.83,0.0,1,383,卖盘
870,13:35:49,3.83,0.0,1,383,卖盘
871,13:35:58,3.83,0.0,1,383,卖盘
872,13:36:01,3.84,0.01,88,33791,买盘
873,13:36:04,3.83,-0.01,195,74685,卖盘
874,13:36:22,3.83,0.0,94,36002,卖盘
875,13:36:27,3.83,0.0,36,13788,卖盘
876,13:36:43,3.83,0.0,67,25661,卖盘
877,13:36:54,3.82,-0.01,3,1146,卖盘
878,13:36:58,3.82,0.0,1,382,卖盘
879,13:37:04,3.82,0.0,1,382,卖盘
880,13:37:10,3.82,0.0,4,1528,卖盘
881,13:37:58,3.82,0.0,11,4202,卖盘
882,13:38:31,3.82,0.0,2,764,卖盘
883,13:38:58,3.82,0.0,2,764,卖盘
884,13:39:22,3.82,0.0,1,382,卖盘
885,13:39:33,3.82,0.0,1,382,卖盘
886,13:39:37,3.82,0.0,5,1910,卖盘
887,13:39:40,3.82,0.0,3,1146,卖盘
888,13:39:57,3.82,0.0,11,4202,卖盘
889,13:40:00,3.82,0.0,1,382,卖盘
890,13:40:51,3.82,0.0,1,382,卖盘
891,13:40:58,3.82,0.0,1,382,卖盘
892,13:41:30,3.82,0.0,3,1146,卖盘
893,13:41:46,3.83,0.01,70,26810,买盘
894,13:41:58,3.82,-0.01,1,382,卖盘
895,13:42:10,3.82,0.0,1,382,卖盘
896,13:42:13,3.83,0.01,10,3830,买盘
897,13:42:19,3.83,0.0,1,383,买盘
898,13:42:55,3.82,-0.01,3,1146,卖盘
899,13:42:57,3.82,0.0,1,382,卖盘
900,13:43:19,3.82,0.0,1,382,卖盘
901,13:43:54,3.82,0.0,60,22920,卖盘
902,13:43:57,3.82,0.0,1,382,卖盘
903,13:44:01,3.82,0.0,11,4202,卖盘
904,13:44:04,3.82,0.0,37,14134,卖盘
905,13:44:12,3.82,0.0,1,382,卖盘
906,13:44:19,3.82,0.0,1,382,卖盘
907,13:44:22,3.83,0.01,1,383,买盘
908,13:44:25,3.82,-0.01,31,11842,卖盘
909,13:44:31,3.82,0.0,65,24830,卖盘
910,13:44:34,3.82,0.0,1,382,卖盘
911,13:44:42,3.82,0.0,41,15662,卖盘
912,13:44:52,3.82,0.0,21,8022,卖盘
913,13:44:58,3.82,0.0,1,382,卖盘
914,13:45:48,3.82,0.0,2,764,卖盘
915,13:45:51,3.82,0.0,4,1528,卖盘
916,13:45:57,3.82,0.0,2,764,卖盘
917,13:46:09,3.82,0.0,15,5730,卖盘
918,13:46:28,3.82,0.0,4,1528,卖盘
919,13:46:37,3.82,0.0,13,4966,卖盘
920,13:46:49,3.82,0.0,2,764,卖盘
921,13:46:55,3.82,0.0,20,7640,卖盘
922,13:47:01,3.82,0.0,2,764,卖盘
923,13:47:10,3.82,0.0,14,5348,卖盘
924,13:47:18,3.82,0.0,1,382,卖盘
925,13:47:24,3.82,0.0,23,8786,卖盘
926,13:47:30,3.82,0.0,36,13752,卖盘
927,13:47:45,3.82,0.0,1,382,卖盘
928,13:47:48,3.82,0.0,230,87860,卖盘
929,13:47:54,3.82,0.0,43,16426,卖盘
930,13:47:57,3.81,-0.01,42,16035,卖盘
931,13:48:16,3.81,0.0,1,381,卖盘
932,13:48:25,3.81,0.0,80,30480,卖盘
933,13:48:28,3.81,0.0,353,134493,卖盘
934,13:48:30,3.81,0.0,508,193548,卖盘
935,13:48:55,3.8,-0.01,3,1140,卖盘
936,13:48:57,3.8,0.0,37,14095,卖盘
937,13:49:00,3.81,0.01,261,99441,买盘
938,13:49:04,3.81,0.0,114,43419,买盘
939,13:49:06,3.81,0.0,78,29718,买盘
940,13:49:09,3.8,-0.01,64,24350,卖盘
941,13:49:12,3.81,0.01,41,15611,买盘
942,13:49:15,3.8,-0.01,301,114481,卖盘
943,13:49:18,3.81,0.01,47,17907,买盘
944,13:49:21,3.81,0.0,31,11811,买盘
945,13:49:24,3.81,0.0,62,23622,买盘
946,13:49:27,3.8,-0.01,41,15620,卖盘
947,13:49:31,3.81,0.01,467,177527,买盘
948,13:49:40,3.81,0.0,83,31623,买盘
949,13:49:43,3.81,0.0,18,6858,买盘
950,13:49:57,3.8,-0.01,1,380,卖盘
951,13:50:04,3.81,0.01,29,11049,买盘
952,13:50:06,3.8,-0.01,8,3040,卖盘
953,13:50:10,3.81,0.01,201,76581,买盘
954,13:50:13,3.81,0.0,10,3810,买盘
955,13:50:16,3.8,-0.01,101,38380,卖盘
956,13:50:19,3.81,0.01,100,38100,买盘
957,13:50:25,3.8,-0.01,199,75620,卖盘
958,13:50:31,3.8,0.0,1,380,卖盘
959,13:50:42,3.8,0.0,1,380,卖盘
960,13:50:48,3.8,0.0,600,228000,卖盘
961,13:50:55,3.8,0.0,250,95000,卖盘
962,13:50:57,3.8,0.0,1,380,卖盘
963,13:51:55,3.8,0.0,176,66880,卖盘
964,13:51:58,3.8,0.0,2,760,卖盘
965,13:52:00,3.8,0.0,6,2285,卖盘
966,13:52:04,3.8,0.0,75,28500,卖盘
967,13:52:12,3.8,0.0,10,3800,卖盘
968,13:52:21,3.8,0.0,58,22040,卖盘
969,13:52:25,3.8,0.0,16,6080,买盘
970,13:52:28,3.8,0.0,8,3040,买盘
971,13:52:34,3.8,0.0,74,28120,买盘
972,13:52:37,3.79,-0.01,3,1137,卖盘
973,13:52:40,3.8,0.01,47,17860,买盘
974,13:52:55,3.8,0.0,2,760,买盘
975,13:53:04,3.8,0.0,14,5320,买盘
976,13:53:06,3.8,0.0,1,380,买盘
977,13:53:09,3.8,0.0,10,3799,买盘
978,13:53:12,3.8,0.0,523,198740,买盘
979,13:53:19,3.79,-0.01,2,759,卖盘
980,13:53:22,3.8,0.01,51,19380,买盘
981,13:53:31,3.8,0.0,15,5700,卖盘
982,13:53:48,3.81,0.01,19,7239,买盘
983,13:53:54,3.8,-0.01,47,17868,卖盘
984,13:54:01,3.81,0.01,1,381,买盘
985,13:54:04,3.81,0.0,12,4572,卖盘
986,13:54:06,3.81,0.0,2,762,卖盘
987,13:54:10,3.81,0.0,2,762,卖盘
988,13:54:18,3.8,-0.01,45,17133,卖盘
989,13:54:34,3.81,0.01,1,381,买盘
990,13:54:37,3.81,0.0,64,24384,买盘
991,13:54:40,3.81,0.0,10,3810,卖盘
992,13:54:43,3.81,0.0,26,9906,卖盘
993,13:54:46,3.81,0.0,6,2286,买盘
994,13:54:49,3.8,-0.01,86,32680,卖盘
995,13:54:55,3.8,0.0,3,1140,卖盘
996,13:54:58,3.8,0.0,2,760,卖盘
997,13:55:06,3.8,0.0,33,12540,卖盘
998,13:55:22,3.8,0.0,35,13300,卖盘
999,13:55:40,3.8,0.0,34,12920,卖盘
1000,13:56:01,3.8,0.0,1,380,卖盘
1001,13:56:04,3.8,0.0,10,3800,卖盘
1002,13:56:27,3.81,0.01,202,76962,买盘
1003,13:56:34,3.81,0.0,1,381,买盘
1004,13:56:42,3.81,0.0,30,11430,买盘
1005,13:57:40,3.8,-0.01,10,3800,卖盘
1006,13:57:58,3.8,0.0,2,760,卖盘
1007,13:58:00,3.81,0.01,13,4953,买盘
1008,13:58:04,3.8,-0.01,11,4180,卖盘
1009,13:58:10,3.8,0.0,1,380,卖盘
1010,13:58:13,3.8,0.0,10,3800,卖盘
1011,13:58:16,3.8,0.0,3,1140,卖盘
1012,13:58:24,3.8,0.0,25,9500,卖盘
1013,13:58:34,3.8,0.0,10,3800,卖盘
1014,13:58:36,3.8,0.0,29,11020,卖盘
1015,13:58:58,3.81,0.01,6,2286,买盘
1016,13:59:06,3.8,-0.01,1,380,卖盘
1017,13:59:19,3.8,0.0,5,1900,卖盘
1018,14:00:10,3.81,0.01,40,15230,买盘
1019,14:00:40,3.81,0.0,1,381,卖盘
1020,14:00:49,3.82,0.01,1,382,买盘
1021,14:00:51,3.81,-0.01,4,1524,卖盘
1022,14:00:55,3.81,0.0,2,762,卖盘
1023,14:01:04,3.81,0.0,2,762,卖盘
1024,14:01:13,3.82,0.01,1,382,买盘
1025,14:01:30,3.81,-0.01,6,2286,卖盘
1026,14:01:37,3.81,0.0,199,75819,卖盘
1027,14:01:40,3.79,-0.02,128,48611,卖盘
1028,14:01:49,3.79,0.0,2,758,卖盘
1029,14:02:10,3.8,0.01,11,4180,卖盘
1030,14:02:12,3.8,0.0,10,3800,卖盘
1031,14:02:16,3.8,0.0,9,3420,卖盘
1032,14:02:21,3.8,0.0,1,380,买盘
1033,14:02:28,3.79,-0.01,23,8718,卖盘
1034,14:03:04,3.8,0.01,5,1900,卖盘
1035,14:03:19,3.81,0.01,18,6858,买盘
1036,14:03:52,3.8,-0.01,28,10640,卖盘
1037,14:04:07,3.8,0.0,12,4561,卖盘
1038,14:04:28,3.81,0.01,18,6858,买盘
1039,14:04:40,3.8,-0.01,12,4560,卖盘
1040,14:04:57,3.81,0.01,14,5334,买盘
1041,14:05:01,3.81,0.0,15,5715,买盘
1042,14:05:04,3.81,0.0,10,3810,买盘
1043,14:05:07,3.8,-0.01,9,3420,卖盘
1044,14:05:18,3.8,0.0,1,380,卖盘
1045,14:05:25,3.81,0.01,6,2281,买盘
1046,14:05:31,3.8,-0.01,1,380,卖盘
1047,14:05:37,3.81,0.01,32,12192,买盘
1048,14:05:49,3.81,0.0,34,12954,买盘
1049,14:06:04,3.81,0.0,10,3810,卖盘
1050,14:06:36,3.82,0.01,13,4966,买盘
1051,14:06:49,3.82,0.0,68,25976,卖盘
1052,14:06:55,3.83,0.01,12,4593,买盘
1053,14:06:58,3.83,0.0,19,7277,买盘
1054,14:08:10,3.83,0.0,18,6888,买盘
1055,14:08:21,3.82,-0.01,19,7258,卖盘
1056,14:08:43,3.83,0.01,1,383,买盘
1057,14:08:46,3.82,-0.01,14,5348,卖盘
1058,14:08:49,3.82,0.0,36,13752,卖盘
1059,14:09:01,3.82,0.0,27,10314,卖盘
1060,14:09:07,3.82,0.0,4,1528,卖盘
1061,14:09:10,3.82,0.0,48,18336,卖盘
1062,14:09:19,3.83,0.01,18,6894,买盘
1063,14:09:25,3.82,-0.01,71,27122,卖盘
1064,14:09:39,3.81,-0.01,5,1905,卖盘
1065,14:09:43,3.81,0.0,3,1143,卖盘
1066,14:10:09,3.81,0.0,10,3810,卖盘
1067,14:10:16,3.82,0.01,1,382,买盘
1068,14:10:25,3.83,0.01,18,6894,买盘
1069,14:10:46,3.82,-0.01,1,382,卖盘
1070,14:10:48,3.82,0.0,2,764,卖盘
1071,14:10:55,3.82,0.0,6,2292,买盘
1072,14:11:33,3.83,0.01,18,6888,买盘
1073,14:12:04,3.82,-0.01,7,2674,卖盘
1074,14:12:31,3.82,0.0,1,382,卖盘
1075,14:12:49,3.83,0.01,18,6894,买盘
1076,14:13:04,3.82,-0.01,1,382,买盘
1077,14:13:10,3.82,0.0,3,1146,买盘
1078,14:13:16,3.82,0.0,2,764,买盘
1079,14:13:21,3.82,0.0,2,764,买盘
1080,14:13:31,3.82,0.0,1,382,卖盘
1081,14:13:46,3.81,-0.01,1,381,卖盘
1082,14:13:55,3.82,0.01,18,6876,买盘
1083,14:14:18,3.81,-0.01,3,1143,卖盘
1084,14:14:42,3.81,0.0,9,3429,卖盘
1085,14:15:04,3.83,0.02,18,6880,买盘
1086,14:15:22,3.82,-0.01,1,382,买盘
1087,14:15:30,3.82,0.0,31,11842,卖盘
1088,14:15:34,3.82,0.0,10,3820,买盘
1089,14:15:37,3.82,0.0,4,1528,买盘
1090,14:15:52,3.81,-0.01,4,1524,卖盘
1091,14:16:04,3.81,0.0,11,4191,卖盘
1092,14:16:15,3.82,0.01,18,6876,买盘
1093,14:16:21,3.82,0.0,4,1528,买盘
1094,14:16:27,3.81,-0.01,4,1524,卖盘
1095,14:16:48,3.81,0.0,5,1905,卖盘
1096,14:16:58,3.82,0.01,13,4966,买盘
1097,14:17:10,3.83,0.01,109,41741,买盘
1098,14:17:16,3.83,0.0,59,22597,卖盘
1099,14:17:18,3.81,-0.02,25,9525,卖盘
1100,14:17:22,3.82,0.01,8,3056,买盘
1101,14:17:25,3.82,0.0,18,6876,买盘
1102,14:17:28,3.81,-0.01,23,8763,卖盘
1103,14:17:34,3.82,0.01,13,4966,买盘
1104,14:17:49,3.81,-0.01,157,59817,卖盘
1105,14:17:55,3.8,-0.01,1,380,卖盘
1106,14:18:04,3.8,0.0,6,2280,卖盘
1107,14:18:10,3.82,0.02,106,40407,买盘
1108,14:18:13,3.82,0.0,8,3056,卖盘
1109,14:18:31,3.84,0.02,1,384,买盘
1110,14:18:34,3.84,0.0,18,6912,买盘
1111,14:18:55,3.83,-0.01,3,1149,卖盘
1112,14:19:06,3.83,0.0,5,1915,卖盘
1113,14:19:37,3.84,0.01,18,6908,买盘
1114,14:19:49,3.84,0.0,26,9984,买盘
1115,14:20:06,3.82,-0.02,8,3056,卖盘
1116,14:20:25,3.83,0.01,55,21061,买盘
1117,14:20:31,3.84,0.01,27,10342,买盘
1118,14:20:34,3.83,-0.01,8,3064,卖盘
1119,14:20:36,3.83,0.0,15,5745,卖盘
1120,14:20:43,3.83,0.0,6,2298,买盘
1121,14:20:49,3.83,0.0,18,6894,买盘
1122,14:20:52,3.83,0.0,1,383,买盘
1123,14:20:54,3.83,0.0,30,11490,买盘
1124,14:21:58,3.84,0.01,22,8434,买盘
1125,14:22:22,3.83,-0.01,91,34853,卖盘
1126,14:22:49,3.85,0.02,374,143905,买盘
1127,14:23:01,3.84,-0.01,1,384,买盘
1128,14:23:07,3.84,0.0,18,6912,买盘
1129,14:24:16,3.85,0.01,18,6913,买盘
1130,14:24:31,3.83,-0.02,10,3830,卖盘
1131,14:24:39,3.83,0.0,4,1532,卖盘
1132,14:24:43,3.83,0.0,1,383,卖盘
1133,14:24:54,3.83,0.0,3,1149,卖盘
1134,14:25:25,3.85,0.02,18,6928,买盘
1135,14:25:31,3.84,-0.01,1,384,中性盘
1136,14:26:34,3.84,0.0,2,767,买盘
1137,14:26:49,3.84,0.0,16,6144,买盘
1138,14:27:13,3.83,-0.01,1,383,卖盘
1139,14:27:31,3.83,0.0,1,383,卖盘
1140,14:28:10,3.83,0.0,10,3830,卖盘
1141,14:28:16,3.83,0.0,1,383,卖盘
1142,14:28:34,3.83,0.0,1,383,卖盘
1143,14:29:34,3.83,0.0,1,383,卖盘
1144,14:29:37,3.83,0.0,1,383,卖盘
1145,14:29:40,3.83,0.0,1,383,卖盘
1146,14:29:58,3.83,0.0,11,4213,卖盘
1147,14:30:04,3.83,0.0,90,34470,卖盘
1148,14:30:07,3.84,0.01,89,34176,买盘
1149,14:30:13,3.84,0.0,26,9984,卖盘
1150,14:30:19,3.84,0.0,145,55680,卖盘
1151,14:30:31,3.84,0.0,1,384,中性盘
1152,14:30:40,3.85,0.01,40,15400,买盘
1153,14:31:04,3.84,-0.01,2,768,买盘
1154,14:31:09,3.84,0.0,2,768,买盘
1155,14:31:15,3.84,0.0,3,1152,买盘
1156,14:31:31,3.85,0.01,4,1540,买盘
1157,14:31:36,3.83,-0.02,51,19538,卖盘
1158,14:32:04,3.83,0.0,11,4213,卖盘
1159,14:32:09,3.85,0.02,4,1538,买盘
1160,14:32:46,3.83,-0.02,2,766,卖盘
1161,14:33:13,3.84,0.01,16,6144,买盘
1162,14:33:16,3.85,0.01,4,1540,买盘
1163,14:33:40,3.85,0.0,17,6545,买盘
1164,14:34:00,3.85,0.0,1,385,买盘
1165,14:34:10,3.85,0.0,16,6160,买盘
1166,14:34:18,3.84,-0.01,1,384,卖盘
1167,14:34:22,3.84,0.0,3,1152,卖盘
1168,14:34:25,3.85,0.01,4,1540,买盘
1169,14:34:40,3.85,0.0,16,6160,买盘
1170,14:35:07,3.85,0.0,2,770,买盘
1171,14:35:12,3.84,-0.01,30,11520,卖盘
1172,14:35:28,3.85,0.01,104,39940,买盘
1173,14:35:30,3.84,-0.01,1,384,买盘
1174,14:35:40,3.83,-0.01,1,383,卖盘
1175,14:35:52,3.83,0.0,4,1532,卖盘
1176,14:35:55,3.83,0.0,1,383,卖盘
1177,14:36:09,3.83,0.0,2,766,卖盘
1178,14:36:16,3.83,0.0,7,2681,卖盘
1179,14:36:43,3.83,0.0,4,1532,买盘
1180,14:36:49,3.83,0.0,1,383,买盘
1181,14:37:55,3.83,0.0,4,1532,买盘
1182,14:39:01,3.83,0.0,4,1532,买盘
1183,14:40:04,3.82,-0.01,1,382,卖盘
1184,14:40:13,3.83,0.01,4,1532,买盘
1185,14:40:24,3.83,0.0,15,5745,买盘
1186,14:41:12,3.84,0.01,26,9984,买盘
1187,14:41:18,3.85,0.01,4,1540,买盘
1188,14:41:22,3.84,-0.01,69,26496,卖盘
1189,14:42:01,3.84,0.0,1,384,买盘
1190,14:42:19,3.84,0.0,4,1536,买盘
1191,14:42:37,3.85,0.01,281,108117,买盘
1192,14:43:04,3.84,-0.01,14,5376,买盘
1193,14:43:10,3.85,0.01,1,385,买盘
1194,14:43:16,3.84,-0.01,5,1920,卖盘
1195,14:43:22,3.84,0.0,208,79872,卖盘
1196,14:43:34,3.84,0.0,4,1536,买盘
1197,14:44:31,3.84,0.0,1,384,买盘
1198,14:45:10,3.84,0.0,8,3072,买盘
1199,14:45:31,3.84,0.0,1,384,买盘
1200,14:45:33,3.84,0.0,100,38400,买盘
1201,14:45:40,3.84,0.0,21,8064,买盘
1202,14:45:51,3.84,0.0,96,36864,买盘
1203,14:45:58,3.84,0.0,3,1152,卖盘
1204,14:46:01,3.84,0.0,22,8448,卖盘
1205,14:46:07,3.83,-0.01,50,19150,卖盘
1206,14:46:10,3.84,0.01,61,23424,买盘
1207,14:47:16,3.83,-0.01,2,766,卖盘
1208,14:47:55,3.84,0.01,78,29952,买盘
1209,14:48:22,3.84,0.0,158,60672,买盘
1210,14:48:31,3.84,0.0,80,30720,买盘
1211,14:48:54,3.83,-0.01,3,1149,卖盘
1212,14:49:25,3.84,0.01,22,8448,买盘
1213,14:49:40,3.83,-0.01,161,61663,卖盘
1214,14:50:28,3.83,0.0,50,19150,卖盘
1215,14:50:43,3.83,0.0,122,46726,卖盘
1216,14:50:58,3.84,0.01,31,11904,买盘
1217,14:51:06,3.84,0.0,33,12672,买盘
1218,14:51:36,3.84,0.0,1,384,买盘
1219,14:51:46,3.83,-0.01,1,383,卖盘
1220,14:51:58,3.84,0.01,31,11904,买盘
1221,14:52:25,3.82,-0.02,103,39399,卖盘
1222,14:52:34,3.83,0.01,4,1532,中性盘
1223,14:52:40,3.83,0.0,1,383,买盘
1224,14:52:43,3.83,0.0,22,8426,买盘
1225,14:53:01,3.84,0.01,31,11904,买盘
1226,14:53:31,3.84,0.0,12,4608,买盘
1227,14:53:33,3.83,-0.01,4,1532,卖盘
1228,14:53:40,3.83,0.0,8,3064,买盘
1229,14:53:52,3.83,0.0,3,1149,买盘
1230,14:53:55,3.84,0.01,31,11904,买盘
1231,14:54:13,3.84,0.0,3,1152,买盘
1232,14:54:19,3.84,0.0,94,36066,买盘
1233,14:54:54,3.83,-0.01,3,1149,中性盘
1234,14:55:04,3.84,0.01,47,18048,买盘
1235,14:55:07,3.84,0.0,192,73728,买盘
1236,14:55:10,3.84,0.0,28,10752,买盘
1237,14:55:13,3.82,-0.02,41,15678,卖盘
1238,14:55:16,3.84,0.02,7,2688,买盘
1239,14:55:19,3.84,0.0,1,384,买盘
1240,14:55:40,3.83,-0.01,2,766,买盘
1241,14:56:07,3.82,-0.01,32,12224,卖盘
1242,14:56:34,3.82,0.0,5,1910,卖盘
1243,14:56:37,3.83,0.01,34,13022,中性盘
1244,14:56:40,3.83,0.0,2,766,卖盘
1245,14:56:43,3.82,-0.01,27,10328,卖盘
1246,14:56:49,3.84,0.02,10,3840,买盘
1247,14:56:52,3.84,0.0,1,384,买盘
1248,15:00:05,3.84,0.0,1164,446976,卖盘
