,time,price,change,volume,amount,type
0,09:25:04,14.64,0.15,403,589992,买盘
1,09:30:04,14.69,0.05,125,184577,买盘
2,09:30:07,14.69,0.0,367,540216,买盘
3,09:30:10,14.69,0.0,1,1469,卖盘
4,09:30:13,14.69,0.0,32,47034,卖盘
5,09:30:16,14.69,0.0,1,1469,卖盘
6,09:30:19,14.69,0.0,76,111701,卖盘
7,09:30:22,14.69,0.0,77,113280,卖盘
8,09:30:28,14.69,0.0,45,66219,卖盘
9,09:30:31,14.69,0.0,51,74923,卖盘
10,09:30:33,14.7,0.01,103,151671,中性盘
11,09:30:40,14.7,0.0,20,29400,卖盘
12,09:30:43,14.7,0.0,198,291090,卖盘
13,09:30:45,14.71,0.01,16,23523,中性盘
14,09:30:48,14.7,-0.01,22,32325,卖盘
15,09:30:52,14.69,-0.01,35,51445,卖盘
16,09:30:55,14.65,-0.04,69,101283,卖盘
17,09:30:58,14.69,0.04,19,27868,买盘
18,09:31:01,14.64,-0.05,27,39578,卖盘
19,09:31:04,14.69,0.05,9,13221,买盘
20,09:31:07,14.64,-0.05,34,49776,卖盘
21,09:31:10,14.64,0.0,83,121453,卖盘
22,09:31:13,14.64,0.0,35,51240,买盘
23,09:31:16,14.67,0.03,93,136218,买盘
24,09:31:19,14.64,-0.03,33,48408,中性盘
25,09:31:25,14.6,-0.04,137,200199,卖盘
26,09:31:28,14.6,0.0,1,1460,买盘
27,09:31:31,14.6,0.0,5,7300,买盘
28,09:31:34,14.6,0.0,20,29200,买盘
29,09:31:36,14.58,-0.02,3,4374,卖盘
30,09:31:40,14.6,0.02,41,59858,买盘
31,09:31:43,14.59,-0.01,1,1459,卖盘
32,09:31:46,14.58,-0.01,35,51053,卖盘
33,09:31:49,14.58,0.0,40,58320,买盘
34,09:31:52,14.58,0.0,11,16038,买盘
35,09:31:55,14.57,-0.01,7,10199,卖盘
36,09:31:58,14.57,0.0,7,10199,卖盘
37,09:32:01,14.58,0.01,42,61204,买盘
38,09:32:05,14.58,0.0,78,113661,买盘
39,09:32:07,14.56,-0.02,53,77174,卖盘
40,09:32:09,14.56,0.0,23,33486,卖盘
41,09:32:13,14.57,0.01,43,62627,买盘
42,09:32:16,14.6,0.03,76,110908,买盘
43,09:32:19,14.53,-0.07,104,151356,卖盘
44,09:32:21,14.53,0.0,28,40684,买盘
45,09:32:25,14.53,0.0,20,29060,买盘
46,09:32:28,14.6,0.07,50,72727,买盘
47,09:32:30,14.6,0.0,1,1460,卖盘
48,09:32:33,14.6,0.0,13,18918,买盘
49,09:32:37,14.6,0.0,1,1460,卖盘
50,09:32:40,14.63,0.03,10,14603,买盘
51,09:32:43,14.6,-0.03,4,5843,卖盘
52,09:32:46,14.6,0.0,4,5840,买盘
53,09:32:48,14.6,0.0,10,14600,卖盘
54,09:32:54,14.6,0.0,2,2920,卖盘
55,09:33:06,14.62,0.02,19,27779,买盘
56,09:33:10,14.64,0.02,83,121499,买盘
57,09:33:16,14.63,-0.01,18,26334,中性盘
58,09:33:19,14.62,-0.01,24,35088,卖盘
59,09:33:22,14.64,0.02,54,79034,买盘
60,09:33:27,14.65,0.01,10,14650,卖盘
61,09:33:30,14.64,-0.01,2,2928,卖盘
62,09:33:34,14.64,0.0,9,13176,卖盘
63,09:33:36,14.64,0.0,16,23434,卖盘
64,09:33:43,14.64,0.0,56,82000,卖盘
65,09:33:46,14.64,0.0,3,4392,买盘
66,09:33:49,14.64,0.0,15,21958,买盘
67,09:33:52,14.62,-0.02,20,29240,卖盘
68,09:33:55,14.61,-0.01,20,29220,卖盘
69,09:34:01,14.61,0.0,26,37986,卖盘
70,09:34:04,14.6,-0.01,13,18988,卖盘
71,09:34:06,14.62,0.02,15,21930,买盘
72,09:34:10,14.6,-0.02,18,26289,卖盘
73,09:34:12,14.6,0.0,53,77370,卖盘
74,09:34:22,14.6,0.0,5,7300,买盘
75,09:34:28,14.58,-0.02,3,4374,卖盘
76,09:34:31,14.58,0.0,11,16038,卖盘
77,09:34:34,14.61,0.03,40,58389,买盘
78,09:34:40,14.59,-0.02,33,48117,买盘
79,09:34:43,14.59,0.0,17,24817,卖盘
80,09:34:45,14.6,0.01,103,150327,买盘
81,09:34:49,14.59,-0.01,10,14582,中性盘
82,09:34:55,14.59,0.0,2,2918,买盘
83,09:35:04,14.59,0.0,10,14590,买盘
84,09:35:07,14.59,0.0,26,37914,买盘
85,09:35:10,14.59,0.0,24,35006,买盘
86,09:35:13,14.58,-0.01,10,14585,卖盘
87,09:35:19,14.58,0.0,30,43740,卖盘
88,09:35:22,14.59,0.01,65,94828,买盘
89,09:35:25,14.59,0.0,1,1459,卖盘
90,09:35:27,14.59,0.0,2,2918,卖盘
91,09:35:31,14.59,0.0,10,14590,卖盘
92,09:35:37,14.59,0.0,42,61315,卖盘
93,09:35:40,14.59,0.0,10,14590,卖盘
94,09:35:42,14.59,0.0,42,61298,卖盘
95,09:35:49,14.59,0.0,8,11672,买盘
96,09:35:55,14.58,-0.01,3,4374,卖盘
97,09:36:04,14.59,0.01,1,1459,买盘
98,09:36:06,14.58,-0.01,1,1458,卖盘
99,09:36:10,14.59,0.01,32,46688,买盘
100,09:36:16,14.59,0.0,8,11672,卖盘
101,09:36:18,14.61,0.02,17,24834,买盘
102,09:36:25,14.61,0.0,2,2922,买盘
103,09:36:28,14.61,0.0,1,1461,买盘
104,09:36:31,14.61,0.0,6,8766,卖盘
105,09:36:34,14.61,0.0,21,30691,卖盘
106,09:36:36,14.61,0.0,11,16076,卖盘
107,09:36:39,14.62,0.01,87,127118,买盘
108,09:36:43,14.62,0.0,22,32162,买盘
109,09:36:46,14.62,0.0,69,100861,买盘
110,09:36:49,14.62,0.0,19,27778,买盘
111,09:36:55,14.62,0.0,2,2924,卖盘
112,09:36:58,14.63,0.01,2,2926,买盘
113,09:37:01,14.63,0.0,15,21945,买盘
114,09:37:04,14.63,0.0,163,238469,卖盘
115,09:37:07,14.66,0.03,27,39550,买盘
116,09:37:16,14.66,0.0,5,7330,买盘
117,09:37:19,14.66,0.0,30,43977,买盘
118,09:37:22,14.67,0.01,4,5868,买盘
119,09:37:27,14.66,-0.01,11,16127,卖盘
120,09:37:30,14.67,0.01,1,1467,中性盘
121,09:37:33,14.68,0.01,29,42548,买盘
122,09:37:37,14.66,-0.02,10,14660,卖盘
123,09:37:40,14.68,0.02,81,118834,买盘
124,09:37:43,14.68,0.0,15,22008,买盘
125,09:37:49,14.67,-0.01,22,32276,中性盘
126,09:37:54,14.68,0.01,71,104176,买盘
127,09:38:01,14.66,-0.02,17,24927,卖盘
128,09:38:04,14.66,0.0,20,29320,买盘
129,09:38:07,14.66,0.0,16,23456,买盘
130,09:38:09,14.67,0.01,2,2933,买盘
131,09:38:13,14.68,0.01,9,13207,买盘
132,09:38:15,14.67,-0.01,1,1467,中性盘
133,09:38:19,14.67,0.0,1,1467,买盘
134,09:38:22,14.67,0.0,3,4401,买盘
135,09:38:25,14.67,0.0,23,33756,买盘
136,09:38:28,14.67,0.0,88,129096,买盘
137,09:38:31,14.68,0.01,42,61113,买盘
138,09:38:34,14.68,0.0,9,13215,卖盘
139,09:38:37,14.7,0.02,54,79326,买盘
140,09:38:40,14.7,0.0,8,11760,买盘
141,09:38:46,14.72,0.02,19,27963,买盘
142,09:38:58,14.74,0.02,19,28006,买盘
143,09:39:00,14.74,0.0,3,4422,买盘
144,09:39:04,14.73,-0.01,19,27992,卖盘
145,09:39:07,14.74,0.01,38,55983,买盘
146,09:39:10,14.72,-0.02,25,36808,卖盘
147,09:39:13,14.74,0.02,17,25038,买盘
148,09:39:16,14.74,0.0,2,2948,卖盘
149,09:39:19,14.74,0.0,30,44220,买盘
150,09:39:25,14.74,0.0,12,17688,买盘
151,09:39:28,14.74,0.0,128,188672,买盘
152,09:39:31,14.74,0.0,62,91396,卖盘
153,09:39:34,14.74,0.0,23,33902,卖盘
154,09:39:37,14.74,0.0,9,13274,卖盘
155,09:39:40,14.74,0.0,20,29480,卖盘
156,09:39:43,14.75,0.01,23,33925,买盘
157,09:39:46,14.75,0.0,27,39825,买盘
158,09:39:49,14.75,0.0,14,20644,买盘
159,09:39:52,14.74,-0.01,17,25060,卖盘
160,09:39:55,14.75,0.01,5,7375,买盘
161,09:39:58,14.74,-0.01,24,35390,卖盘
162,09:40:00,14.74,0.0,143,210824,卖盘
163,09:40:04,14.75,0.01,52,76700,买盘
164,09:40:07,14.74,-0.01,73,107602,卖盘
165,09:40:10,14.74,0.0,47,69278,买盘
166,09:40:19,14.74,0.0,1,1474,买盘
167,09:40:21,14.72,-0.02,48,70663,卖盘
168,09:40:25,14.73,0.01,11,16195,买盘
169,09:40:27,14.73,0.0,8,11784,买盘
170,09:40:31,14.7,-0.03,30,44126,卖盘
171,09:40:37,14.73,0.03,4,5892,买盘
172,09:40:40,14.72,-0.01,2,2944,卖盘
173,09:40:43,14.7,-0.02,5,7350,卖盘
174,09:40:46,14.72,0.02,3,4416,买盘
175,09:40:55,14.72,0.0,13,19126,买盘
176,09:41:01,14.72,0.0,5,7359,买盘
177,09:41:04,14.7,-0.02,7,10294,卖盘
178,09:41:07,14.7,0.0,19,27930,卖盘
179,09:41:13,14.7,0.0,12,17650,卖盘
180,09:41:22,14.7,0.0,1,1470,买盘
181,09:41:25,14.7,0.0,6,8820,买盘
182,09:41:28,14.71,0.01,5,7355,买盘
183,09:41:31,14.7,-0.01,8,11760,卖盘
184,09:41:34,14.71,0.01,5,7355,买盘
185,09:41:36,14.7,-0.01,2,2940,卖盘
186,09:41:46,14.7,0.0,13,19110,买盘
187,09:41:49,14.69,-0.01,12,17635,卖盘
188,09:41:51,14.69,0.0,10,14690,买盘
189,09:42:06,14.69,0.0,9,13221,买盘
190,09:42:13,14.69,0.0,28,41132,买盘
191,09:42:24,14.7,0.01,2,2940,买盘
192,09:42:28,14.7,0.0,25,36750,买盘
193,09:42:39,14.7,0.0,5,7348,买盘
194,09:42:42,14.7,0.0,6,8820,买盘
195,09:42:52,14.7,0.0,2,2940,买盘
196,09:42:55,14.7,0.0,1,1470,买盘
197,09:42:58,14.71,0.01,28,41176,买盘
198,09:43:01,14.72,0.01,6,8832,买盘
199,09:43:04,14.73,0.01,69,101594,买盘
200,09:43:19,14.71,-0.02,41,60325,卖盘
201,09:43:21,14.71,0.0,1,1471,卖盘
202,09:43:24,14.73,0.02,1,1473,买盘
203,09:43:31,14.73,0.0,24,35293,买盘
204,09:43:33,14.73,0.0,1,1473,买盘
205,09:43:49,14.71,-0.02,10,14715,卖盘
206,09:43:55,14.71,0.0,23,33833,卖盘
207,09:44:06,14.7,-0.01,18,26461,卖盘
208,09:44:10,14.7,0.0,40,58800,卖盘
209,09:44:13,14.71,0.01,35,51455,买盘
210,09:44:19,14.69,-0.02,12,17628,卖盘
211,09:44:22,14.7,0.01,1,1470,买盘
212,09:44:25,14.7,0.0,5,7350,买盘
213,09:44:28,14.69,-0.01,25,36727,卖盘
214,09:44:30,14.69,0.0,28,41132,卖盘
215,09:44:37,14.69,0.0,41,60229,买盘
216,09:44:40,14.69,0.0,8,11742,买盘
217,09:44:43,14.67,-0.02,18,26406,卖盘
218,09:44:49,14.66,-0.01,1,1466,买盘
219,09:44:52,14.62,-0.04,16,23409,卖盘
220,09:44:58,14.62,0.0,4,5848,买盘
221,09:45:04,14.6,-0.02,15,21910,卖盘
222,09:45:06,14.6,0.0,32,46762,卖盘
223,09:45:09,14.59,-0.01,3,4377,买盘
224,09:45:13,14.6,0.01,20,29183,买盘
225,09:45:16,14.6,0.0,4,5840,买盘
226,09:45:18,14.62,0.02,9,13158,买盘
227,09:45:21,14.61,-0.01,88,128649,卖盘
228,09:45:33,14.65,0.04,3,4395,卖盘
229,09:45:36,14.65,0.0,9,13185,卖盘
230,09:45:43,14.65,0.0,5,7325,买盘
231,09:45:46,14.65,0.0,1,1465,买盘
232,09:45:52,14.65,0.0,2,2930,买盘
233,09:46:01,14.67,0.02,2,2934,买盘
234,09:46:16,14.67,0.0,18,26406,买盘
235,09:46:22,14.67,0.0,5,7335,卖盘
236,09:46:25,14.7,0.03,32,47040,买盘
237,09:46:34,14.7,0.0,10,14700,卖盘
238,09:46:40,14.7,0.0,10,14700,卖盘
239,09:46:42,14.7,0.0,44,64680,卖盘
240,09:46:46,14.72,0.02,64,94124,买盘
241,09:46:52,14.7,-0.02,2,2940,买盘
242,09:47:10,14.72,0.02,1,1472,买盘
243,09:47:15,14.71,-0.01,4,5884,卖盘
244,09:47:18,14.72,0.01,30,44160,买盘
245,09:47:22,14.72,0.0,7,10304,卖盘
246,09:47:34,14.72,0.0,2,2944,卖盘
247,09:47:37,14.72,0.0,33,48589,卖盘
248,09:47:40,14.72,0.0,10,14720,卖盘
249,09:47:43,14.72,0.0,31,45632,卖盘
250,09:47:46,14.73,0.01,50,73619,买盘
251,09:47:49,14.71,-0.02,20,29420,卖盘
252,09:48:04,14.72,0.01,4,5888,卖盘
253,09:48:07,14.72,0.0,13,19136,买盘
254,09:48:13,14.72,0.0,3,4416,买盘
255,09:48:16,14.72,0.0,9,13248,买盘
256,09:48:21,14.71,-0.01,18,26478,卖盘
257,09:48:25,14.71,0.0,4,5884,买盘
258,09:48:34,14.7,-0.01,30,44100,卖盘
259,09:48:40,14.7,0.0,38,55891,卖盘
260,09:48:54,14.67,-0.03,1,1467,卖盘
261,09:48:58,14.7,0.03,30,44085,买盘
262,09:49:04,14.66,-0.04,14,20524,卖盘
263,09:49:07,14.66,0.0,21,30786,买盘
264,09:49:09,14.66,0.0,29,42514,买盘
265,09:49:19,14.66,0.0,27,39562,买盘
266,09:49:21,14.65,-0.01,18,26374,卖盘
267,09:49:25,14.65,0.0,13,19045,卖盘
268,09:49:31,14.66,0.01,4,5864,买盘
269,09:49:34,14.65,-0.01,24,35160,卖盘
270,09:49:37,14.65,0.0,31,45415,中性盘
271,09:49:46,14.65,0.0,56,82040,买盘
272,09:49:52,14.66,0.01,4,5864,买盘
273,09:49:55,14.65,-0.01,13,19049,卖盘
274,09:49:58,14.66,0.01,16,23457,买盘
275,09:50:01,14.65,-0.01,30,43965,卖盘
276,09:50:07,14.66,0.01,35,51285,中性盘
277,09:50:10,14.7,0.04,1,1470,买盘
278,09:50:12,14.7,0.0,1,1470,买盘
279,09:50:16,14.66,-0.04,9,13194,卖盘
280,09:50:51,14.7,0.04,22,32340,买盘
281,09:50:54,14.7,0.0,1,1470,买盘
282,09:51:07,14.7,0.0,30,44100,买盘
283,09:51:16,14.71,0.01,5,7355,买盘
284,09:51:22,14.71,0.0,12,17652,买盘
285,09:51:25,14.72,0.01,5,7360,买盘
286,09:51:28,14.71,-0.01,20,29420,卖盘
287,09:51:39,14.71,0.0,10,14710,卖盘
288,09:51:43,14.73,0.02,2,2946,买盘
289,09:51:46,14.73,0.0,30,44187,买盘
290,09:51:49,14.73,0.0,22,32406,买盘
291,09:51:58,14.72,-0.01,6,8831,买盘
292,09:52:01,14.71,-0.01,4,5884,卖盘
293,09:52:04,14.72,0.01,2,2944,买盘
294,09:52:06,14.72,0.0,50,73583,买盘
295,09:52:10,14.72,0.0,65,95680,买盘
296,09:52:12,14.72,0.0,1,1472,卖盘
297,09:52:31,14.72,0.0,42,61824,卖盘
298,09:52:34,14.71,-0.01,7,10297,卖盘
299,09:52:42,14.72,0.01,1,1472,买盘
300,09:52:55,14.71,-0.01,2,2942,买盘
301,09:53:01,14.71,0.0,4,5881,买盘
302,09:53:13,14.68,-0.03,9,13212,卖盘
303,09:53:16,14.7,0.02,1,1470,买盘
304,09:53:25,14.7,0.0,6,8820,买盘
305,09:53:49,14.7,0.0,20,29400,卖盘
306,09:53:58,14.7,0.0,17,24990,卖盘
307,09:54:16,14.69,-0.01,1,1469,卖盘
308,09:54:27,14.68,-0.01,15,22020,卖盘
309,09:54:40,14.67,-0.01,20,29927,卖盘
310,09:55:06,14.67,0.0,23,33154,卖盘
311,09:55:34,14.66,-0.01,3,4398,卖盘
312,09:55:37,14.67,0.01,3,4401,买盘
313,09:55:42,14.66,-0.01,5,7331,买盘
314,09:55:51,14.68,0.02,88,129184,买盘
315,09:56:04,14.67,-0.01,1,1467,卖盘
316,09:56:07,14.69,0.02,3,4405,买盘
317,09:56:10,14.67,-0.02,3,4401,卖盘
318,09:56:21,14.7,0.03,89,130828,买盘
319,09:56:36,14.69,-0.01,2,2938,买盘
320,09:56:42,14.68,-0.01,20,29360,卖盘
321,09:56:51,14.68,0.0,25,36700,卖盘
322,09:56:55,14.67,-0.01,6,8802,卖盘
323,09:57:07,14.66,-0.01,30,44004,卖盘
324,09:57:10,14.68,0.02,64,93889,买盘
325,09:57:16,14.68,0.0,5,7340,买盘
326,09:57:22,14.67,-0.01,18,26416,卖盘
327,09:57:24,14.67,0.0,12,17608,卖盘
328,09:57:31,14.66,-0.01,73,107171,卖盘
329,09:57:46,14.67,0.01,5,7335,卖盘
330,09:57:52,14.62,-0.05,201,294493,卖盘
331,09:58:01,14.69,0.07,22,32318,买盘
332,09:58:10,14.63,-0.06,9,13167,卖盘
333,09:58:19,14.68,0.05,20,29347,买盘
334,09:58:24,14.64,-0.04,3,4392,卖盘
335,09:58:33,14.68,0.04,7,10276,买盘
336,09:58:40,14.65,-0.03,42,61629,卖盘
337,09:58:42,14.67,0.02,3,4401,中性盘
338,09:58:45,14.67,0.0,19,27873,买盘
339,09:58:55,14.65,-0.02,46,67390,卖盘
340,09:58:58,14.64,-0.01,1,1464,卖盘
341,09:59:01,14.65,0.01,25,36625,买盘
342,09:59:04,14.65,0.0,15,21975,买盘
343,09:59:06,14.65,0.0,6,8790,买盘
344,09:59:10,14.65,0.0,4,5860,买盘
345,09:59:13,14.65,0.0,7,10255,买盘
346,09:59:16,14.65,0.0,13,19045,买盘
347,09:59:22,14.66,0.01,22,32254,中性盘
348,09:59:45,14.66,0.0,4,5864,买盘
349,09:59:49,14.66,0.0,4,5864,买盘
350,09:59:52,14.66,0.0,5,7330,买盘
351,09:59:55,14.65,-0.01,27,39559,卖盘
352,09:59:58,14.65,0.0,1,1465,买盘
353,10:00:01,14.65,0.0,12,17580,买盘
354,10:00:04,14.65,0.0,10,14650,买盘
355,10:00:06,14.65,0.0,52,76180,买盘
356,10:00:09,14.66,0.01,3,4398,买盘
357,10:00:13,14.67,0.01,15,22005,买盘
358,10:00:16,14.67,0.0,23,33741,买盘
359,10:00:18,14.68,0.01,18,26421,买盘
360,10:00:22,14.68,0.0,6,8808,买盘
361,10:00:25,14.68,0.0,3,4404,买盘
362,10:00:28,14.66,-0.02,9,13194,中性盘
363,10:00:31,14.66,0.0,8,11728,买盘
364,10:00:34,14.66,0.0,9,13194,买盘
365,10:00:37,14.68,0.02,57,83608,买盘
366,10:00:39,14.68,0.0,33,48444,买盘
367,10:00:45,14.69,0.01,1,1469,买盘
368,10:00:49,14.68,-0.01,28,41105,卖盘
369,10:00:54,14.66,-0.02,8,11729,卖盘
370,10:00:58,14.68,0.02,7,10276,买盘
371,10:01:04,14.65,-0.03,30,43975,卖盘
372,10:01:07,14.68,0.03,4,5870,买盘
373,10:01:10,14.68,0.0,2,2936,买盘
374,10:01:31,14.68,0.0,1,1468,买盘
375,10:01:34,14.67,-0.01,16,23472,卖盘
376,10:01:37,14.68,0.01,4,5871,买盘
377,10:01:40,14.66,-0.02,34,49849,卖盘
378,10:01:52,14.67,0.01,6,8802,买盘
379,10:02:01,14.68,0.01,32,46951,买盘
380,10:02:04,14.67,-0.01,2,2934,卖盘
381,10:02:13,14.68,0.01,29,42572,买盘
382,10:02:16,14.67,-0.01,8,11736,卖盘
383,10:02:19,14.68,0.01,52,76336,买盘
384,10:02:24,14.68,0.0,6,8808,买盘
385,10:02:34,14.68,0.0,48,70464,买盘
386,10:02:37,14.68,0.0,123,180478,买盘
387,10:02:39,14.68,0.0,20,29360,买盘
388,10:02:57,14.67,-0.01,7,10269,买盘
389,10:03:01,14.67,0.0,4,5868,买盘
390,10:03:04,14.67,0.0,1,1467,卖盘
391,10:03:13,14.66,-0.01,20,29320,卖盘
392,10:03:25,14.66,0.0,40,58640,卖盘
393,10:03:28,14.66,0.0,6,8796,卖盘
394,10:03:31,14.66,0.0,65,95290,卖盘
395,10:03:34,14.66,0.0,9,13194,买盘
396,10:03:43,14.66,0.0,8,11728,卖盘
397,10:03:55,14.66,0.0,28,41048,卖盘
398,10:04:04,14.65,-0.01,87,127533,卖盘
399,10:04:25,14.65,0.0,11,16115,卖盘
400,10:04:31,14.65,0.0,40,58600,卖盘
401,10:04:34,14.65,0.0,30,43950,卖盘
402,10:04:40,14.67,0.02,1,1467,卖盘
403,10:04:49,14.67,0.0,47,68949,卖盘
404,10:04:52,14.67,0.0,16,23472,卖盘
405,10:04:55,14.68,0.01,1,1468,买盘
406,10:04:57,14.67,-0.01,304,446945,卖盘
407,10:05:04,14.67,0.0,1,983,卖盘
408,10:05:06,14.67,0.0,20,29340,卖盘
409,10:05:22,14.67,0.0,80,117360,卖盘
410,10:05:28,14.71,0.04,16,23536,买盘
411,10:05:31,14.7,-0.01,1,1470,买盘
412,10:06:06,14.7,0.0,44,64680,买盘
413,10:06:09,14.7,0.0,4,5880,卖盘
414,10:06:12,14.67,-0.03,77,113114,卖盘
415,10:06:36,14.67,0.0,6,8802,买盘
416,10:06:58,14.65,-0.02,22,32230,卖盘
417,10:07:12,14.65,0.0,24,35160,卖盘
418,10:07:18,14.65,0.0,3,4395,卖盘
419,10:07:28,14.65,0.0,2,2930,卖盘
420,10:07:31,14.67,0.02,7,10269,买盘
421,10:07:40,14.65,-0.02,5,7325,卖盘
422,10:07:45,14.65,0.0,8,11720,卖盘
423,10:07:51,14.65,0.0,5,7325,卖盘
424,10:08:01,14.65,0.0,8,11720,卖盘
425,10:08:06,14.65,0.0,4,5860,买盘
426,10:08:25,14.65,0.0,19,27835,卖盘
427,10:08:43,14.65,0.0,3,4395,卖盘
428,10:08:46,14.65,0.0,7,10255,卖盘
429,10:08:55,14.65,0.0,13,19045,卖盘
430,10:09:01,14.65,0.0,20,29300,卖盘
431,10:09:04,14.65,0.0,12,17580,卖盘
432,10:09:15,14.65,0.0,38,55670,买盘
433,10:09:19,14.64,-0.01,69,101016,卖盘
434,10:09:37,14.64,0.0,12,17568,买盘
435,10:09:40,14.63,-0.01,23,33649,卖盘
436,10:10:15,14.64,0.01,5,7320,买盘
437,10:10:25,14.65,0.01,40,58534,买盘
438,10:10:43,14.65,0.0,22,32230,买盘
439,10:10:58,14.65,0.0,7,10255,卖盘
440,10:11:12,14.67,0.02,1,1467,买盘
441,10:11:40,14.64,-0.03,76,111294,卖盘
442,10:11:58,14.63,-0.01,4,5852,卖盘
443,10:12:04,14.68,0.05,10,14665,买盘
444,10:12:34,14.65,-0.03,2,2930,买盘
445,10:12:37,14.65,0.0,2,2930,买盘
446,10:13:01,14.67,0.02,2,2934,买盘
447,10:13:55,14.67,0.0,15,22005,买盘
448,10:14:28,14.67,0.0,69,101223,买盘
449,10:14:30,14.66,-0.01,13,19064,卖盘
450,10:14:58,14.66,0.0,8,11728,卖盘
451,10:15:07,14.65,-0.01,20,29300,卖盘
452,10:15:31,14.63,-0.02,52,76117,卖盘
453,10:15:43,14.63,0.0,4,5852,卖盘
454,10:15:55,14.63,0.0,4,5852,卖盘
455,10:16:16,14.64,0.01,25,36600,卖盘
456,10:16:28,14.65,0.01,50,73250,买盘
457,10:16:43,14.65,0.0,4,5860,卖盘
458,10:16:49,14.66,0.01,52,76224,买盘
459,10:17:04,14.66,0.0,3,4398,买盘
460,10:17:16,14.66,0.0,1,1466,买盘
461,10:17:52,14.62,-0.04,136,198890,卖盘
462,10:18:13,14.62,0.0,1,1462,买盘
463,10:18:28,14.62,0.0,23,33626,买盘
464,10:18:31,14.62,0.0,25,36550,买盘
465,10:18:34,14.61,-0.01,39,56979,卖盘
466,10:18:37,14.61,0.0,4,5844,卖盘
467,10:18:43,14.6,-0.01,7,10220,卖盘
468,10:18:51,14.6,0.0,10,14600,卖盘
469,10:18:54,14.6,0.0,21,30660,卖盘
470,10:18:58,14.61,0.01,3,4383,买盘
471,10:19:01,14.61,0.0,7,10227,卖盘
472,10:19:04,14.6,-0.01,57,83220,卖盘
473,10:19:22,14.59,-0.01,7,10213,卖盘
474,10:19:25,14.58,-0.01,10,14580,卖盘
475,10:19:33,14.59,0.01,20,29161,买盘
476,10:19:40,14.59,0.0,30,43770,买盘
477,10:19:43,14.57,-0.02,73,106479,卖盘
478,10:19:48,14.59,0.02,3,4377,卖盘
479,10:20:01,14.59,0.0,3,4377,卖盘
480,10:20:25,14.59,0.0,6,8754,卖盘
481,10:20:46,14.6,0.01,10,14600,卖盘
482,10:21:09,14.59,-0.01,30,43771,卖盘
483,10:21:12,14.62,0.03,1,1462,买盘
484,10:21:15,14.59,-0.03,10,14590,卖盘
485,10:21:25,14.59,0.0,11,16049,买盘
486,10:21:28,14.59,0.0,17,24803,买盘
487,10:21:31,14.58,-0.01,14,20412,卖盘
488,10:21:36,14.58,0.0,6,8748,卖盘
489,10:21:48,14.53,-0.05,142,206663,卖盘
490,10:21:52,14.53,0.0,10,14530,买盘
491,10:22:01,14.53,0.0,75,108911,买盘
492,10:22:04,14.51,-0.02,133,192889,卖盘
493,10:22:07,14.53,0.02,10,14530,卖盘
494,10:22:12,14.51,-0.02,78,113324,卖盘
495,10:22:16,14.51,0.0,4,5804,买盘
496,10:22:19,14.51,0.0,19,27569,买盘
497,10:22:22,14.5,-0.01,151,219126,卖盘
498,10:22:33,14.52,0.02,23,33377,中性盘
499,10:22:40,14.53,0.01,3,4359,卖盘
500,10:22:58,14.55,0.02,4,5820,中性盘
501,10:23:10,14.57,0.02,4,5828,买盘
502,10:23:13,14.55,-0.02,1,1455,卖盘
503,10:23:18,14.57,0.02,6,8742,买盘
504,10:23:22,14.54,-0.03,111,161489,卖盘
505,10:23:34,14.54,0.0,17,24718,买盘
506,10:23:43,14.54,0.0,48,69792,卖盘
507,10:23:57,14.54,0.0,85,123585,买盘
508,10:24:04,14.54,0.0,13,18902,卖盘
509,10:24:06,14.54,0.0,3,4362,卖盘
510,10:24:16,14.54,0.0,84,122136,卖盘
511,10:24:19,14.53,-0.01,2,2907,卖盘
512,10:24:28,14.55,0.02,1,1455,卖盘
513,10:24:31,14.55,0.0,17,24735,卖盘
514,10:24:37,14.55,0.0,12,17460,卖盘
515,10:24:45,14.54,-0.01,43,62522,卖盘
516,10:24:55,14.55,0.01,10,14550,买盘
517,10:24:58,14.54,-0.01,2,2908,卖盘
518,10:25:06,14.54,0.0,7,10178,卖盘
519,10:25:13,14.54,0.0,10,14540,卖盘
520,10:25:16,14.55,0.01,4,5819,买盘
521,10:25:36,14.54,-0.01,8,11632,卖盘
522,10:25:55,14.54,0.0,41,59526,买盘
523,10:26:00,14.53,-0.01,5,7265,卖盘
524,10:26:04,14.53,0.0,11,15988,卖盘
525,10:26:07,14.54,0.01,24,34896,买盘
526,10:26:10,14.53,-0.01,10,14530,卖盘
527,10:26:16,14.53,0.0,16,23248,买盘
528,10:26:25,14.51,-0.02,24,34824,卖盘
529,10:26:31,14.53,0.02,1,1453,买盘
530,10:26:34,14.53,0.0,76,110428,买盘
531,10:26:36,14.53,0.0,63,91582,买盘
532,10:26:40,14.51,-0.02,20,29040,卖盘
533,10:26:43,14.51,0.0,27,39177,卖盘
534,10:26:52,14.53,0.02,5,7265,卖盘
535,10:27:10,14.52,-0.01,9,13068,卖盘
536,10:27:13,14.53,0.01,19,27607,买盘
537,10:27:21,14.53,0.0,23,33401,买盘
538,10:27:28,14.53,0.0,5,7265,买盘
539,10:27:39,14.52,-0.01,95,137951,卖盘
540,10:27:43,14.52,0.0,1,1452,买盘
541,10:27:46,14.52,0.0,3,4356,买盘
542,10:27:52,14.52,0.0,6,8712,买盘
543,10:27:55,14.52,0.0,10,14520,买盘
544,10:27:58,14.51,-0.01,18,26128,卖盘
545,10:28:10,14.52,0.01,2,2904,卖盘
546,10:28:13,14.53,0.01,5,7265,买盘
547,10:28:22,14.53,0.0,2,2906,买盘
548,10:28:28,14.52,-0.01,1,1452,卖盘
549,10:28:30,14.52,0.0,13,18876,卖盘
550,10:28:33,14.52,0.0,9,13068,买盘
551,10:28:37,14.52,0.0,2,2904,买盘
552,10:28:40,14.52,0.0,12,17424,买盘
553,10:28:46,14.52,0.0,9,13068,买盘
554,10:29:04,14.52,0.0,35,50850,卖盘
555,10:29:06,14.52,0.0,1,1452,卖盘
556,10:29:12,14.53,0.01,1,1453,买盘
557,10:29:21,14.54,0.01,136,197728,买盘
558,10:29:27,14.55,0.01,3,4365,买盘
559,10:29:30,14.55,0.0,1,1455,买盘
560,10:29:37,14.55,0.0,5,7275,买盘
561,10:29:46,14.55,0.0,6,8730,买盘
562,10:30:04,14.55,0.0,5,7277,卖盘
563,10:30:10,14.57,0.02,4,5828,买盘
564,10:30:28,14.57,0.0,5,7285,买盘
565,10:30:40,14.57,0.0,7,10199,买盘
566,10:30:45,14.57,0.0,6,8742,买盘
567,10:30:51,14.57,0.0,5,7285,卖盘
568,10:31:00,14.57,0.0,5,7285,卖盘
569,10:31:04,14.58,0.01,10,14580,买盘
570,10:31:46,14.62,0.04,25,36540,买盘
571,10:31:48,14.58,-0.04,6,8748,卖盘
572,10:32:13,14.6,0.02,5,7300,买盘
573,10:32:21,14.6,0.0,1,1460,卖盘
574,10:32:28,14.6,0.0,1,1460,卖盘
575,10:32:51,14.59,-0.01,5,7295,卖盘
576,10:32:58,14.59,0.0,4,5836,卖盘
577,10:33:07,14.57,-0.02,60,87474,卖盘
578,10:33:28,14.57,0.0,24,34968,卖盘
579,10:33:49,14.56,-0.01,3,4368,卖盘
580,10:34:16,14.56,0.0,8,11648,卖盘
581,10:34:31,14.55,-0.01,47,68407,卖盘
582,10:34:48,14.54,-0.01,5,7270,卖盘
583,10:35:04,14.57,0.03,4,5822,买盘
584,10:35:12,14.54,-0.03,25,36350,卖盘
585,10:35:18,14.54,0.0,28,40712,卖盘
586,10:35:34,14.57,0.03,2,2914,买盘
587,10:36:09,14.55,-0.02,3,4365,卖盘
588,10:36:19,14.57,0.02,3,4371,买盘
589,10:36:55,14.54,-0.03,33,48012,卖盘
590,10:37:06,14.54,0.0,20,29080,卖盘
591,10:37:13,14.54,0.0,6,8724,卖盘
592,10:37:22,14.52,-0.02,17,24696,卖盘
593,10:37:40,14.53,0.01,2,2906,卖盘
594,10:37:48,14.53,0.0,11,15974,买盘
595,10:38:01,14.53,0.0,5,7265,买盘
596,10:38:13,14.53,0.0,2,2906,买盘
597,10:38:25,14.52,-0.01,40,58083,卖盘
598,10:38:57,14.57,0.05,14,20366,买盘
599,10:39:33,14.55,-0.02,13,18915,买盘
600,10:39:45,14.55,0.0,20,29100,买盘
601,10:40:21,14.53,-0.02,1,1453,卖盘
602,10:40:40,14.53,0.0,22,31966,卖盘
603,10:41:06,14.53,0.0,20,29060,卖盘
604,10:42:12,14.53,0.0,10,14530,卖盘
605,10:42:30,14.53,0.0,20,29060,卖盘
606,10:42:37,14.53,0.0,5,7265,卖盘
607,10:42:43,14.53,0.0,15,21795,卖盘
608,10:42:55,14.55,0.02,5,7275,买盘
609,10:43:16,14.55,0.0,4,5820,买盘
610,10:43:22,14.54,-0.01,22,31988,卖盘
611,10:43:28,14.54,0.0,1,1454,卖盘
612,10:43:43,14.54,0.0,9,13086,中性盘
613,10:43:51,14.54,0.0,5,7270,卖盘
614,10:43:57,14.54,0.0,17,24718,卖盘
615,10:44:19,14.53,-0.01,30,43590,卖盘
616,10:44:34,14.53,0.0,10,14530,卖盘
617,10:44:36,14.53,0.0,22,31966,卖盘
618,10:44:42,14.54,0.01,7,10178,买盘
619,10:44:58,14.53,-0.01,102,148206,卖盘
620,10:45:27,14.53,0.0,7,10171,买盘
621,10:45:33,14.52,-0.01,15,21780,卖盘
622,10:45:36,14.52,0.0,13,18876,卖盘
623,10:45:42,14.53,0.01,60,87180,买盘
624,10:45:55,14.53,0.0,1,1453,买盘
625,10:46:07,14.52,-0.01,2,2904,卖盘
626,10:46:09,14.52,0.0,1,1452,买盘
627,10:46:21,14.51,-0.01,8,11608,卖盘
628,10:46:25,14.51,0.0,9,13059,卖盘
629,10:46:31,14.51,0.0,2,2902,卖盘
630,10:46:34,14.52,0.01,21,30492,买盘
631,10:46:37,14.51,-0.01,44,63885,卖盘
632,10:46:39,14.51,0.0,28,40628,卖盘
633,10:46:48,14.51,0.0,14,20314,卖盘
634,10:46:51,14.51,0.0,10,14510,买盘
635,10:46:58,14.5,-0.01,70,101500,卖盘
636,10:47:07,14.5,0.0,8,11600,卖盘
637,10:47:10,14.49,-0.01,47,68143,卖盘
638,10:47:28,14.49,0.0,10,14490,卖盘
639,10:47:30,14.49,0.0,4,5796,卖盘
640,10:47:33,14.49,0.0,18,26082,卖盘
641,10:47:37,14.49,0.0,75,108675,卖盘
642,10:47:43,14.5,0.01,44,63800,买盘
643,10:47:46,14.49,-0.01,97,140556,卖盘
644,10:47:58,14.49,0.0,10,14490,买盘
645,10:48:01,14.49,0.0,10,14490,买盘
646,10:48:10,14.49,0.0,5,7245,买盘
647,10:48:15,14.48,-0.01,20,28960,卖盘
648,10:48:22,14.49,0.01,37,53613,买盘
649,10:48:28,14.5,0.01,1,1450,买盘
650,10:48:43,14.5,0.0,2,2900,卖盘
651,10:48:48,14.5,0.0,1,1450,买盘
652,10:48:52,14.5,0.0,1,1450,买盘
653,10:48:54,14.5,0.0,5,7250,买盘
654,10:48:58,14.49,-0.01,16,23185,卖盘
655,10:49:13,14.53,0.04,1,1453,买盘
656,10:49:37,14.53,0.0,10,14530,买盘
657,10:49:51,14.53,0.0,2,2906,买盘
658,10:49:58,14.53,0.0,3,4359,买盘
659,10:50:01,14.49,-0.04,50,72485,卖盘
660,10:50:07,14.53,0.04,1,1453,买盘
661,10:50:13,14.49,-0.04,31,44919,卖盘
662,10:50:19,14.49,0.0,9,13041,买盘
663,10:50:25,14.49,0.0,10,14490,买盘
664,10:50:31,14.49,0.0,9,13041,卖盘
665,10:50:33,14.49,0.0,10,14490,卖盘
666,10:50:40,14.5,0.01,1,1450,中性盘
667,10:51:18,14.5,0.0,3,4321,卖盘
668,10:51:25,14.5,0.0,49,71079,卖盘
669,10:51:30,14.5,0.0,7,10150,买盘
670,10:51:52,14.5,0.0,10,14500,买盘
671,10:52:27,14.5,0.0,7,10150,买盘
672,10:52:40,14.49,-0.01,14,20286,卖盘
673,10:52:55,14.49,0.0,30,43470,卖盘
674,10:52:58,14.5,0.01,4,5800,买盘
675,10:53:00,14.48,-0.02,93,133911,卖盘
676,10:53:04,14.5,0.02,5,7250,买盘
677,10:53:33,14.48,-0.02,35,50685,卖盘
678,10:53:37,14.5,0.02,10,14500,买盘
679,10:54:22,14.5,0.0,5,7250,买盘
680,10:55:16,14.49,-0.01,11,15939,卖盘
681,10:55:19,14.5,0.01,86,124652,买盘
682,10:55:25,14.5,0.0,5,7250,卖盘
683,10:55:51,14.5,0.0,5,7250,卖盘
684,10:55:54,14.5,0.0,10,14500,卖盘
685,10:56:46,14.52,0.02,23,33396,买盘
686,10:57:00,14.52,0.0,18,26136,卖盘
687,10:57:13,14.53,0.01,2,2906,买盘
688,10:57:16,14.53,0.0,2,2906,买盘
689,10:57:28,14.54,0.01,40,58139,买盘
690,10:57:33,14.5,-0.04,1,1450,卖盘
691,10:57:58,14.54,0.04,1,1454,买盘
692,10:58:57,14.51,-0.03,9,13059,卖盘
693,10:59:27,14.53,0.02,10,14530,买盘
694,10:59:40,14.53,0.0,15,21795,卖盘
695,10:59:49,14.53,0.0,11,15983,卖盘
696,10:59:52,14.54,0.01,1,1454,买盘
697,11:00:19,14.54,0.0,5,7270,买盘
698,11:00:52,14.54,0.0,4,5816,买盘
699,11:01:09,14.53,-0.01,16,23250,卖盘
700,11:01:15,14.53,0.0,2,2906,卖盘
701,11:01:54,14.53,0.0,8,11624,买盘
702,11:02:00,14.53,0.0,3,4359,买盘
703,11:02:10,14.51,-0.02,72,104472,卖盘
704,11:02:36,14.51,0.0,5,7255,买盘
705,11:02:42,14.5,-0.01,21,30450,卖盘
706,11:02:51,14.5,0.0,123,178410,卖盘
707,11:03:06,14.51,0.01,5,7255,买盘
708,11:03:10,14.51,0.0,12,17412,买盘
709,11:03:39,14.52,0.01,24,34861,卖盘
710,11:03:55,14.53,0.01,3,4359,买盘
711,11:04:24,14.53,0.0,10,14530,买盘
712,11:04:28,14.53,0.0,40,58120,买盘
713,11:04:46,14.52,-0.01,22,31954,卖盘
714,11:04:49,14.52,0.0,6,8712,买盘
715,11:04:52,14.52,0.0,2,2904,买盘
716,11:04:55,14.52,0.0,10,14520,买盘
717,11:05:01,14.52,0.0,13,18876,买盘
718,11:05:15,14.52,0.0,1,1452,买盘
719,11:05:19,14.52,0.0,122,177144,买盘
720,11:05:48,14.54,0.02,3,4362,买盘
721,11:06:25,14.53,-0.01,9,13077,卖盘
722,11:06:34,14.53,0.0,10,14530,卖盘
723,11:07:18,14.53,0.0,4,5812,卖盘
724,11:07:24,14.53,0.0,10,14530,买盘
725,11:07:28,14.53,0.0,3,4359,买盘
726,11:07:42,14.53,0.0,1,1453,买盘
727,11:07:48,14.52,-0.01,2,2905,卖盘
728,11:07:58,14.55,0.03,20,29096,买盘
729,11:08:25,14.57,0.02,25,36397,买盘
730,11:08:39,14.53,-0.04,14,20342,卖盘
731,11:09:04,14.53,0.0,10,14532,卖盘
732,11:09:49,14.54,0.01,10,14540,卖盘
733,11:09:58,14.54,0.0,9,13086,卖盘
734,11:10:42,14.54,0.0,3,4362,买盘
735,11:10:55,14.53,-0.01,21,30513,卖盘
736,11:11:12,14.54,0.01,1,1454,卖盘
737,11:11:40,14.55,0.01,1,1455,买盘
738,11:11:48,14.55,0.0,3,4365,买盘
739,11:11:57,14.54,-0.01,2,2908,卖盘
740,11:12:09,14.54,0.0,1,1454,买盘
741,11:12:21,14.55,0.01,3,4365,买盘
742,11:12:31,14.55,0.0,27,39285,买盘
743,11:12:39,14.54,-0.01,13,18902,卖盘
744,11:13:07,14.53,-0.01,2,2906,卖盘
745,11:13:19,14.54,0.01,26,37804,买盘
746,11:13:24,14.54,0.0,10,14540,买盘
747,11:13:27,14.54,0.0,16,23264,买盘
748,11:13:30,14.55,0.01,13,18903,买盘
749,11:13:33,14.55,0.0,11,16005,买盘
750,11:13:36,14.55,0.0,2,2910,买盘
751,11:13:40,14.55,0.0,1,1455,买盘
752,11:13:43,14.55,0.0,1,1455,买盘
753,11:13:46,14.55,0.0,2,2910,买盘
754,11:13:49,14.55,0.0,2,2910,买盘
755,11:13:52,14.55,0.0,1,1455,买盘
756,11:13:55,14.55,0.0,1,1440,卖盘
757,11:14:04,14.57,0.02,1,1457,买盘
758,11:14:09,14.58,0.01,20,29146,买盘
759,11:14:19,14.58,0.0,1,1458,买盘
760,11:14:34,14.58,0.0,19,27702,买盘
761,11:14:55,14.58,0.0,1,1458,买盘
762,11:15:07,14.58,0.0,9,13122,卖盘
763,11:15:21,14.58,0.0,1,1458,买盘
764,11:15:27,14.59,0.01,4,5836,买盘
765,11:15:31,14.59,0.0,5,7295,买盘
766,11:15:34,14.59,0.0,2,2918,买盘
767,11:15:37,14.59,0.0,60,87493,买盘
768,11:15:40,14.59,0.0,6,8754,买盘
769,11:15:46,14.59,0.0,3,4377,买盘
770,11:15:49,14.59,0.0,2,2918,买盘
771,11:15:52,14.59,0.0,7,10213,买盘
772,11:15:55,14.59,0.0,6,8754,买盘
773,11:15:58,14.59,0.0,31,45229,买盘
774,11:16:01,14.6,0.01,14,20432,买盘
775,11:16:04,14.6,0.0,12,17520,买盘
776,11:16:07,14.59,-0.01,10,14597,中性盘
777,11:16:10,14.6,0.01,5,7298,买盘
778,11:16:16,14.59,-0.01,6,8754,买盘
779,11:16:18,14.59,0.0,6,8754,买盘
780,11:16:22,14.59,0.0,14,20426,买盘
781,11:16:25,14.59,0.0,2,2918,买盘
782,11:16:28,14.59,0.0,8,11672,买盘
783,11:16:31,14.6,0.01,5,7299,买盘
784,11:16:34,14.6,0.0,6,8760,买盘
785,11:16:37,14.6,0.0,9,13140,买盘
786,11:16:40,14.6,0.0,11,16060,买盘
787,11:16:43,14.6,0.0,9,13140,买盘
788,11:16:45,14.6,0.0,6,8760,买盘
789,11:16:49,14.63,0.03,106,154925,买盘
790,11:17:04,14.62,-0.01,7,10234,卖盘
791,11:17:22,14.62,0.0,9,13158,买盘
792,11:18:10,14.62,0.0,18,26315,买盘
793,11:18:18,14.6,-0.02,20,29200,卖盘
794,11:18:30,14.6,0.0,14,20440,卖盘
795,11:18:39,14.6,0.0,13,18980,卖盘
796,11:19:00,14.59,-0.01,10,14590,卖盘
797,11:19:34,14.6,0.01,13,18980,买盘
798,11:19:40,14.6,0.0,2,2920,买盘
799,11:19:45,14.6,0.0,2,2920,买盘
800,11:19:49,14.6,0.0,6,8760,买盘
801,11:19:52,14.59,-0.01,13,18979,卖盘
802,11:19:55,14.6,0.01,13,18980,买盘
803,11:19:58,14.61,0.01,17,24814,买盘
804,11:20:00,14.61,0.0,14,20454,买盘
805,11:20:04,14.62,0.01,42,61384,买盘
806,11:20:07,14.62,0.0,16,23392,买盘
807,11:20:10,14.62,0.0,9,13158,买盘
808,11:20:12,14.62,0.0,23,33626,买盘
809,11:20:16,14.61,-0.01,41,59932,卖盘
810,11:20:19,14.63,0.02,6,8778,买盘
811,11:20:21,14.63,0.0,4,5852,买盘
812,11:20:24,14.63,0.0,6,8778,买盘
813,11:20:28,14.62,-0.01,10,14620,买盘
814,11:20:31,14.63,0.01,28,40944,买盘
815,11:20:34,14.63,0.0,2,2926,买盘
816,11:20:37,14.63,0.0,17,24871,买盘
817,11:20:40,14.63,0.0,9,13167,买盘
818,11:20:46,14.63,0.0,2,2926,买盘
819,11:20:51,14.63,0.0,3,4388,买盘
820,11:21:01,14.63,0.0,20,29260,买盘
821,11:21:10,14.61,-0.02,20,29220,卖盘
822,11:21:22,14.61,0.0,20,29220,卖盘
823,11:21:36,14.6,-0.01,25,36505,卖盘
824,11:21:45,14.6,0.0,4,5840,买盘
825,11:22:27,14.59,-0.01,15,21880,买盘
826,11:22:31,14.58,-0.01,1,1458,卖盘
827,11:22:58,14.56,-0.02,12,17492,卖盘
828,11:23:37,14.6,0.04,38,55479,买盘
829,11:23:49,14.61,0.01,17,24837,买盘
830,11:24:04,14.61,0.0,5,7305,买盘
831,11:24:22,14.62,0.01,20,29236,买盘
832,11:24:28,14.61,-0.01,6,8766,买盘
833,11:24:34,14.6,-0.01,50,73000,卖盘
834,11:24:36,14.6,0.0,27,39445,卖盘
835,11:25:46,14.59,-0.01,13,18967,卖盘
836,11:26:28,14.6,0.01,24,35040,买盘
837,11:26:57,14.59,-0.01,4,5836,卖盘
838,11:27:36,14.6,0.01,3,4380,买盘
839,11:27:43,14.6,0.0,35,51100,买盘
840,11:27:52,14.6,0.0,17,24820,卖盘
841,11:28:10,14.6,0.0,23,33580,买盘
842,11:28:21,14.6,0.0,1,1460,卖盘
843,11:28:31,14.6,0.0,26,37960,卖盘
844,11:28:39,14.61,0.01,16,23372,买盘
845,11:28:43,14.61,0.0,8,11688,卖盘
846,11:28:57,14.61,0.0,11,16071,卖盘
847,11:29:04,14.62,0.01,50,73068,买盘
848,11:29:46,14.62,0.0,11,16078,买盘
849,11:30:04,14.62,0.0,3,4386,买盘
850,13:00:05,14.62,0.0,11,16079,买盘
851,13:00:07,14.58,-0.04,22,32140,卖盘
852,13:00:09,14.62,0.04,79,115501,买盘
853,13:00:22,14.62,0.0,3,4386,卖盘
854,13:00:54,14.58,-0.04,10,14584,卖盘
855,13:02:42,14.6,0.02,2,2920,卖盘
856,13:02:51,14.59,-0.01,18,26264,卖盘
857,13:04:13,14.6,0.01,5,7300,卖盘
858,13:04:45,14.61,0.01,22,32142,买盘
859,13:05:07,14.6,-0.01,46,67160,卖盘
860,13:05:09,14.6,0.0,10,14600,买盘
861,13:05:34,14.59,-0.01,5,7295,卖盘
862,13:05:40,14.59,0.0,15,21885,卖盘
863,13:05:51,14.58,-0.01,22,32086,卖盘
864,13:06:18,14.6,0.02,50,72972,买盘
865,13:06:52,14.6,0.0,2,2920,买盘
866,13:07:06,14.6,0.0,6,8760,买盘
867,13:07:55,14.58,-0.02,20,29160,卖盘
868,13:09:04,14.58,0.0,59,86022,卖盘
869,13:09:18,14.58,0.0,1,1458,买盘
870,13:09:21,14.58,0.0,16,23328,买盘
871,13:09:54,14.58,0.0,1,1458,卖盘
872,13:10:04,14.58,0.0,8,11668,卖盘
873,13:11:21,14.59,0.01,1,1459,卖盘
874,13:11:24,14.58,-0.01,18,26244,卖盘
875,13:12:12,14.58,0.0,1,1458,卖盘
876,13:12:18,14.58,0.0,29,42282,卖盘
877,13:13:16,14.6,0.02,1,1460,买盘
878,13:14:16,14.6,0.0,1,1460,买盘
879,13:15:16,14.6,0.0,8,11680,买盘
880,13:15:36,14.6,0.0,6,8760,买盘
881,13:15:58,14.6,0.0,24,35040,卖盘
882,13:16:58,14.59,-0.01,20,29180,卖盘
883,13:17:54,14.6,0.01,16,23360,买盘
884,13:18:15,14.61,0.01,2,2922,买盘
885,13:18:33,14.61,0.0,20,29210,买盘
886,13:19:00,14.61,0.0,3,4383,买盘
887,13:19:58,14.6,-0.01,2,2920,卖盘
888,13:20:10,14.61,0.01,4,5844,买盘
889,13:20:27,14.6,-0.01,2,2920,卖盘
890,13:20:40,14.6,0.0,32,46720,卖盘
891,13:20:48,14.6,0.0,2,2920,卖盘
892,13:20:58,14.61,0.01,1,1461,买盘
893,13:21:19,14.6,-0.01,30,43800,卖盘
894,13:21:22,14.6,0.0,46,67160,卖盘
895,13:21:33,14.59,-0.01,16,23344,卖盘
896,13:22:10,14.59,0.0,7,10213,卖盘
897,13:22:16,14.59,0.0,1,1459,卖盘
898,13:22:21,14.59,0.0,10,14590,卖盘
899,13:22:28,14.59,0.0,5,7295,卖盘
900,13:22:36,14.59,0.0,5,7295,卖盘
901,13:22:40,14.59,0.0,14,20426,卖盘
902,13:22:55,14.58,-0.01,5,7290,卖盘
903,13:22:58,14.59,0.01,3,4377,买盘
904,13:23:06,14.59,0.0,4,5836,卖盘
905,13:23:19,14.58,-0.01,20,29160,卖盘
906,13:23:27,14.58,0.0,30,43740,卖盘
907,13:23:37,14.58,0.0,5,7290,卖盘
908,13:23:39,14.58,0.0,4,5832,卖盘
909,13:23:48,14.57,-0.01,6,8742,卖盘
910,13:24:01,14.58,0.01,14,20412,买盘
911,13:24:04,14.57,-0.01,14,20398,卖盘
912,13:24:25,14.56,-0.01,10,14560,卖盘
913,13:25:04,14.56,0.0,58,84448,卖盘
914,13:25:16,14.55,-0.01,39,56745,卖盘
915,13:25:18,14.55,0.0,8,11640,买盘
916,13:25:36,14.55,0.0,30,43650,买盘
917,13:25:43,14.54,-0.01,9,13086,卖盘
918,13:25:52,14.54,0.0,31,45074,卖盘
919,13:26:10,14.53,-0.01,30,43590,卖盘
920,13:26:12,14.54,0.01,2,2908,买盘
921,13:26:31,14.53,-0.01,23,33419,卖盘
922,13:26:45,14.53,0.0,10,14530,买盘
923,13:27:01,14.53,0.0,20,29060,买盘
924,13:27:04,14.53,0.0,3,4359,买盘
925,13:27:10,14.52,-0.01,13,18876,卖盘
926,13:27:13,14.53,0.01,16,23248,买盘
927,13:27:22,14.53,0.0,27,39231,买盘
928,13:27:27,14.53,0.0,1,1453,买盘
929,13:27:55,14.53,0.0,26,37778,卖盘
930,13:28:04,14.53,0.0,3,4359,买盘
931,13:28:07,14.53,0.0,14,20342,买盘
932,13:28:15,14.52,-0.01,6,8713,卖盘
933,13:28:19,14.54,0.02,15,21810,买盘
934,13:28:37,14.54,0.0,12,17448,买盘
935,13:28:55,14.53,-0.01,10,14538,卖盘
936,13:29:21,14.53,0.0,21,30513,卖盘
937,13:29:42,14.52,-0.01,1,1452,卖盘
938,13:29:45,14.53,0.01,3,4359,买盘
939,13:29:48,14.53,0.0,16,23248,买盘
940,13:30:10,14.53,0.0,2,2906,卖盘
941,13:30:22,14.53,0.0,1,1453,卖盘
942,13:30:28,14.54,0.01,8,11633,卖盘
943,13:30:30,14.55,0.01,1,1455,买盘
944,13:30:37,14.55,0.0,2,2910,买盘
945,13:31:25,14.56,0.01,2,2912,卖盘
946,13:31:33,14.56,0.0,7,10192,买盘
947,13:32:40,14.56,0.0,5,7280,卖盘
948,13:33:06,14.57,0.01,8,11656,买盘
949,13:33:09,14.56,-0.01,20,29130,卖盘
950,13:33:40,14.56,0.0,15,21840,卖盘
951,13:34:10,14.57,0.01,14,20398,买盘
952,13:34:27,14.57,0.0,7,10199,买盘
953,13:34:30,14.57,0.0,5,7285,卖盘
954,13:34:40,14.58,0.01,5,7290,买盘
955,13:34:45,14.57,-0.01,10,14570,卖盘
956,13:35:19,14.57,0.0,3,4371,卖盘
957,13:35:24,14.57,0.0,1,1457,卖盘
958,13:35:48,14.58,0.01,20,29160,买盘
959,13:36:25,14.58,0.0,23,33531,买盘
960,13:37:25,14.56,-0.02,80,116484,卖盘
961,13:37:37,14.56,0.0,50,72800,卖盘
962,13:37:42,14.56,0.0,13,18928,卖盘
963,13:37:46,14.55,-0.01,114,165870,卖盘
964,13:38:04,14.55,0.0,1,1455,卖盘
965,13:38:09,14.55,0.0,5,7275,卖盘
966,13:38:25,14.56,0.01,7,10192,买盘
967,13:38:34,14.55,-0.01,2,2910,卖盘
968,13:39:04,14.55,0.0,10,14550,卖盘
969,13:39:18,14.55,0.0,13,18915,卖盘
970,13:39:34,14.54,-0.01,2,2908,卖盘
971,13:39:40,14.55,0.01,421,612135,买盘
972,13:40:28,14.54,-0.01,8,11632,卖盘
973,13:40:31,14.54,0.0,154,223916,卖盘
974,13:40:34,14.54,0.0,51,74155,卖盘
975,13:40:37,14.54,0.0,11,15994,卖盘
976,13:40:40,14.54,0.0,17,24718,卖盘
977,13:40:43,14.54,0.0,23,33442,卖盘
978,13:40:46,14.54,0.0,20,29080,卖盘
979,13:41:31,14.53,-0.01,24,34872,卖盘
980,13:41:46,14.52,-0.01,38,55186,卖盘
981,13:42:30,14.54,0.02,100,145400,买盘
982,13:42:34,14.54,0.0,10,14540,买盘
983,13:43:39,14.54,0.0,4,5816,卖盘
984,13:43:43,14.54,0.0,5,7270,卖盘
985,13:43:48,14.55,0.01,2,2910,买盘
986,13:44:07,14.55,0.0,5,7275,卖盘
987,13:44:37,14.55,0.0,3,4365,卖盘
988,13:44:43,14.54,-0.01,4,5816,卖盘
989,13:45:40,14.53,-0.01,23,33419,卖盘
990,13:46:04,14.52,-0.01,28,40656,卖盘
991,13:46:21,14.52,0.0,2,2904,卖盘
992,13:46:25,14.52,0.0,24,34848,卖盘
993,13:46:31,14.52,0.0,32,46464,卖盘
994,13:46:40,14.5,-0.02,300,435126,卖盘
995,13:46:42,14.52,0.02,2,2904,买盘
996,13:47:04,14.5,-0.02,10,14500,卖盘
997,13:47:10,14.5,0.0,10,14500,卖盘
998,13:47:21,14.5,0.0,41,59450,卖盘
999,13:47:28,14.5,0.0,24,34800,卖盘
1000,13:47:30,14.5,0.0,3,4350,卖盘
1001,13:47:33,14.5,0.0,9,13079,卖盘
1002,13:47:36,14.5,0.0,10,14500,买盘
1003,13:47:40,14.51,0.01,10,14507,买盘
1004,13:47:57,14.5,-0.01,13,18850,买盘
1005,13:48:06,14.51,0.01,6,8706,买盘
1006,13:48:13,14.5,-0.01,5,7250,卖盘
1007,13:48:22,14.51,0.01,6,8706,买盘
1008,13:48:28,14.5,-0.01,27,39150,卖盘
1009,13:48:54,14.49,-0.01,3,4347,卖盘
1010,13:49:09,14.5,0.01,2,2900,买盘
1011,13:49:34,14.5,0.0,3,4350,卖盘
1012,13:49:42,14.5,0.0,15,21755,卖盘
1013,13:49:52,14.5,0.0,2,2900,卖盘
1014,13:50:04,14.51,0.01,5,7255,买盘
1015,13:50:06,14.5,-0.01,1,1450,卖盘
1016,13:50:34,14.51,0.01,4,5804,买盘
1017,13:50:43,14.51,0.0,4,5775,买盘
1018,13:50:45,14.51,0.0,2,2931,卖盘
1019,13:50:49,14.51,0.0,28,40599,买盘
1020,13:51:13,14.51,0.0,1,1451,卖盘
1021,13:51:36,14.51,0.0,19,27569,卖盘
1022,13:51:52,14.52,0.01,4,5808,买盘
1023,13:51:55,14.51,-0.01,10,14510,卖盘
1024,13:52:13,14.51,0.0,4,5804,卖盘
1025,13:52:16,14.51,0.0,20,29049,卖盘
1026,13:52:31,14.51,0.0,12,17412,买盘
1027,13:52:36,14.5,-0.01,11,15950,卖盘
1028,13:52:43,14.5,0.0,12,17400,卖盘
1029,13:52:52,14.5,0.0,45,65250,卖盘
1030,13:52:55,14.5,0.0,29,42050,卖盘
1031,13:53:00,14.49,-0.01,10,14490,卖盘
1032,13:53:07,14.49,0.0,1,1449,卖盘
1033,13:53:10,14.5,0.01,27,39124,买盘
1034,13:53:13,14.49,-0.01,58,84042,卖盘
1035,13:53:19,14.49,0.0,3,4347,买盘
1036,13:53:31,14.47,-0.02,67,97738,卖盘
1037,13:53:33,14.47,0.0,5,7235,买盘
1038,13:53:42,14.42,-0.05,79,114059,卖盘
1039,13:53:49,14.42,0.0,8,11536,卖盘
1040,13:53:55,14.41,-0.01,50,72177,卖盘
1041,13:54:07,14.44,0.03,4,5776,卖盘
1042,13:54:13,14.44,0.0,57,82308,卖盘
1043,13:54:22,14.44,0.0,5,7223,卖盘
1044,13:54:24,14.44,0.0,13,18772,卖盘
1045,13:54:43,14.45,0.01,25,36125,卖盘
1046,13:54:52,14.42,-0.03,90,129948,卖盘
1047,13:54:55,14.44,0.02,5,7223,中性盘
1048,13:55:04,14.44,0.0,12,17328,买盘
1049,13:55:13,14.44,0.0,30,43320,买盘
1050,13:55:19,14.43,-0.01,4,5772,卖盘
1051,13:55:22,14.43,0.0,8,11544,卖盘
1052,13:55:37,14.38,-0.05,408,587782,卖盘
1053,13:55:40,14.38,0.0,19,27322,买盘
1054,13:55:46,14.37,-0.01,25,35925,卖盘
1055,13:55:49,14.38,0.01,37,53206,买盘
1056,13:55:52,14.38,0.0,90,129420,买盘
1057,13:55:55,14.38,0.0,31,44578,买盘
1058,13:55:58,14.38,0.0,47,67586,买盘
1059,13:56:01,14.36,-0.02,63,90497,卖盘
1060,13:56:04,14.38,0.02,112,161015,买盘
1061,13:56:07,14.38,0.0,113,162494,卖盘
1062,13:56:19,14.39,0.01,3,4317,卖盘
1063,13:56:25,14.39,0.0,7,10081,卖盘
1064,13:56:30,14.4,0.01,11,15840,中性盘
1065,13:56:37,14.42,0.02,23,33161,买盘
1066,13:56:39,14.42,0.0,17,24514,买盘
1067,13:56:43,14.4,-0.02,31,44641,卖盘
1068,13:56:52,14.39,-0.01,16,23040,卖盘
1069,13:56:55,14.4,0.01,11,15840,买盘
1070,13:57:06,14.42,0.02,30,43260,买盘
1071,13:57:10,14.41,-0.01,5,7205,卖盘
1072,13:57:12,14.41,0.0,3,4323,卖盘
1073,13:57:16,14.41,0.0,24,34584,卖盘
1074,13:57:19,14.41,0.0,35,50435,买盘
1075,13:57:25,14.41,0.0,10,14410,买盘
1076,13:57:28,14.41,0.0,1,1441,买盘
1077,13:57:31,14.4,-0.01,63,90740,卖盘
1078,13:57:34,14.4,0.0,15,21600,买盘
1079,13:57:36,14.4,0.0,5,7200,买盘
1080,13:57:39,14.4,0.0,29,41760,买盘
1081,13:57:46,14.4,0.0,1,1440,买盘
1082,13:57:48,14.4,0.0,25,36000,卖盘
1083,13:57:52,14.41,0.01,1,1441,买盘
1084,13:57:58,14.41,0.0,9,12969,买盘
1085,13:58:01,14.41,0.0,3,4323,买盘
1086,13:58:04,14.4,-0.01,38,54731,卖盘
1087,13:58:16,14.4,0.0,33,47520,买盘
1088,13:58:24,14.4,0.0,2,2880,卖盘
1089,13:58:28,14.41,0.01,41,59081,买盘
1090,13:58:30,14.4,-0.01,58,83544,卖盘
1091,13:58:33,14.4,0.0,33,47520,买盘
1092,13:58:37,14.39,-0.01,3,4317,卖盘
1093,13:58:39,14.4,0.01,7,10080,买盘
1094,13:58:42,14.39,-0.01,96,138183,卖盘
1095,13:58:45,14.39,0.0,51,73389,卖盘
1096,13:58:48,14.39,0.0,63,90657,买盘
1097,13:58:55,14.39,0.0,6,8634,买盘
1098,13:58:58,14.38,-0.01,40,57520,卖盘
1099,13:59:01,14.39,0.01,27,38836,买盘
1100,13:59:06,14.38,-0.01,41,58958,买盘
1101,13:59:12,14.38,0.0,2,2876,买盘
1102,13:59:15,14.37,-0.01,3,4311,卖盘
1103,13:59:18,14.37,0.0,38,54606,卖盘
1104,13:59:22,14.37,0.0,7,10059,买盘
1105,13:59:28,14.38,0.01,20,28754,买盘
1106,13:59:36,14.38,0.0,17,24446,买盘
1107,13:59:40,14.38,0.0,30,43140,中性盘
1108,13:59:43,14.38,0.0,10,14380,买盘
1109,13:59:49,14.37,-0.01,45,64665,卖盘
1110,13:59:51,14.37,0.0,46,66102,卖盘
1111,13:59:55,14.36,-0.01,25,35900,卖盘
1112,13:59:58,14.37,0.01,10,14370,买盘
1113,14:00:01,14.36,-0.01,5,7180,卖盘
1114,14:00:10,14.37,0.01,108,155137,买盘
1115,14:00:13,14.37,0.0,23,33051,买盘
1116,14:00:16,14.36,-0.01,24,34464,卖盘
1117,14:00:19,14.36,0.0,2,2872,卖盘
1118,14:00:22,14.36,0.0,9,12924,卖盘
1119,14:00:24,14.37,0.01,17,24429,买盘
1120,14:00:28,14.37,0.0,3,4311,卖盘
1121,14:00:30,14.37,0.0,2,2874,买盘
1122,14:00:34,14.38,0.01,454,652852,买盘
1123,14:00:36,14.37,-0.01,7,10059,卖盘
1124,14:00:39,14.37,0.0,11,15815,卖盘
1125,14:00:46,14.38,0.01,77,110665,买盘
1126,14:00:49,14.38,0.0,11,15027,卖盘
1127,14:00:55,14.38,0.0,3,4314,卖盘
1128,14:00:58,14.38,0.0,2,2876,卖盘
1129,14:01:07,14.39,0.01,18,25899,买盘
1130,14:01:25,14.38,-0.01,37,53208,卖盘
1131,14:01:34,14.38,0.0,41,58958,买盘
1132,14:01:46,14.38,0.0,2,2876,买盘
1133,14:01:52,14.38,0.0,9,12942,买盘
1134,14:01:55,14.38,0.0,19,27322,买盘
1135,14:01:58,14.37,-0.01,2,2875,卖盘
1136,14:02:07,14.37,0.0,38,54613,卖盘
1137,14:02:13,14.37,0.0,5,7185,买盘
1138,14:02:28,14.37,0.0,6,8622,买盘
1139,14:02:31,14.37,0.0,2,2874,买盘
1140,14:02:34,14.37,0.0,22,31598,买盘
1141,14:02:36,14.37,0.0,63,90531,买盘
1142,14:02:40,14.36,-0.01,30,43097,卖盘
1143,14:02:42,14.39,0.03,40,57560,买盘
1144,14:02:52,14.36,-0.03,100,143632,卖盘
1145,14:02:58,14.4,0.04,10,14400,买盘
1146,14:03:04,14.39,-0.01,10,14390,卖盘
1147,14:03:19,14.39,0.0,14,20146,卖盘
1148,14:03:24,14.39,0.0,44,63350,卖盘
1149,14:03:39,14.4,0.01,68,97920,买盘
1150,14:04:46,14.41,0.01,1,1441,买盘
1151,14:05:00,14.42,0.01,15,21620,买盘
1152,14:05:07,14.42,0.0,2,2884,买盘
1153,14:05:16,14.42,0.0,3,4326,买盘
1154,14:05:22,14.42,0.0,1,1442,买盘
1155,14:05:30,14.41,-0.01,4,5764,卖盘
1156,14:05:46,14.42,0.01,1,1442,买盘
1157,14:05:52,14.41,-0.01,2,2882,卖盘
1158,14:05:58,14.42,0.01,5,7210,买盘
1159,14:06:28,14.42,0.0,8,11536,卖盘
1160,14:06:37,14.42,0.0,20,28840,卖盘
1161,14:06:40,14.43,0.01,5,7215,买盘
1162,14:06:42,14.42,-0.01,31,44702,卖盘
1163,14:06:55,14.43,0.01,55,79365,买盘
1164,14:06:58,14.43,0.0,10,14430,卖盘
1165,14:07:04,14.43,0.0,7,10101,卖盘
1166,14:07:22,14.44,0.01,2,2888,买盘
1167,14:07:28,14.44,0.0,8,11548,买盘
1168,14:07:31,14.44,0.0,12,17328,买盘
1169,14:07:45,14.44,0.0,8,11552,卖盘
1170,14:07:48,14.45,0.01,6,8668,买盘
1171,14:07:58,14.45,0.0,12,17340,买盘
1172,14:08:04,14.44,-0.01,40,57772,卖盘
1173,14:08:09,14.44,0.0,30,43320,买盘
1174,14:08:13,14.43,-0.01,7,10101,卖盘
1175,14:08:16,14.44,0.01,43,62092,买盘
1176,14:08:19,14.44,0.0,25,36095,买盘
1177,14:08:31,14.43,-0.01,10,14430,卖盘
1178,14:08:34,14.43,0.0,5,7215,卖盘
1179,14:08:37,14.43,0.0,11,15867,买盘
1180,14:09:04,14.43,0.0,13,18748,买盘
1181,14:09:22,14.42,-0.01,15,21630,卖盘
1182,14:09:33,14.41,-0.01,40,57640,卖盘
1183,14:09:40,14.41,0.0,2,2882,卖盘
1184,14:09:52,14.4,-0.01,12,17280,卖盘
1185,14:09:55,14.4,0.0,30,43200,卖盘
1186,14:10:18,14.4,0.0,1,1440,买盘
1187,14:10:25,14.4,0.0,4,5760,买盘
1188,14:10:28,14.4,0.0,39,56160,买盘
1189,14:10:31,14.39,-0.01,45,64776,卖盘
1190,14:10:34,14.39,0.0,34,48926,买盘
1191,14:10:37,14.39,0.0,3,4317,买盘
1192,14:10:40,14.42,0.03,4,5765,买盘
1193,14:10:43,14.42,0.0,20,28840,买盘
1194,14:11:04,14.42,0.0,15,21630,买盘
1195,14:11:25,14.4,-0.02,10,14401,卖盘
1196,14:11:45,14.42,0.02,11,15862,买盘
1197,14:11:48,14.39,-0.03,100,144015,卖盘
1198,14:12:07,14.41,0.02,2,2882,买盘
1199,14:12:12,14.41,0.0,4,5764,买盘
1200,14:12:19,14.4,-0.01,38,54751,卖盘
1201,14:12:22,14.4,0.0,7,10080,买盘
1202,14:12:34,14.4,0.0,23,33120,买盘
1203,14:12:37,14.4,0.0,51,73435,买盘
1204,14:12:40,14.4,0.0,8,11520,买盘
1205,14:12:43,14.39,-0.01,2,2878,卖盘
1206,14:12:45,14.39,0.0,1,1439,卖盘
1207,14:12:49,14.4,0.01,22,31680,买盘
1208,14:12:52,14.4,0.0,33,47520,买盘
1209,14:12:55,14.4,0.0,34,48960,买盘
1210,14:12:58,14.4,0.0,22,31680,买盘
1211,14:13:00,14.41,0.01,20,28805,买盘
1212,14:13:03,14.39,-0.02,3,4319,卖盘
1213,14:13:06,14.41,0.02,10,14410,买盘
1214,14:13:19,14.43,0.02,13,18755,买盘
1215,14:13:37,14.43,0.0,7,10101,买盘
1216,14:13:57,14.43,0.0,19,27417,卖盘
1217,14:14:10,14.46,0.03,12,17352,买盘
1218,14:14:15,14.43,-0.03,8,11544,卖盘
1219,14:14:33,14.43,0.0,10,14430,买盘
1220,14:14:45,14.42,-0.01,4,5768,卖盘
1221,14:15:01,14.43,0.01,10,14430,买盘
1222,14:15:04,14.42,-0.01,10,14420,卖盘
1223,14:15:10,14.43,0.01,4,5772,买盘
1224,14:15:25,14.42,-0.01,20,28840,卖盘
1225,14:15:40,14.43,0.01,22,31746,买盘
1226,14:15:52,14.43,0.0,26,37518,买盘
1227,14:15:55,14.43,0.0,34,49062,买盘
1228,14:16:00,14.43,0.0,1,1443,买盘
1229,14:16:25,14.43,0.0,46,66369,买盘
1230,14:16:55,14.45,0.02,7,10115,买盘
1231,14:17:06,14.46,0.01,10,14460,买盘
1232,14:17:09,14.46,0.0,9,13014,买盘
1233,14:17:15,14.45,-0.01,6,8670,卖盘
1234,14:17:18,14.46,0.01,50,72294,买盘
1235,14:17:43,14.45,-0.01,1,1445,买盘
1236,14:18:04,14.45,0.0,11,15895,买盘
1237,14:18:13,14.46,0.01,139,200994,买盘
1238,14:18:18,14.47,0.01,1,1447,买盘
1239,14:18:21,14.47,0.0,1,1447,买盘
1240,14:18:37,14.48,0.01,20,28960,买盘
1241,14:18:40,14.48,0.0,11,16772,买盘
1242,14:18:46,14.49,0.01,6,8694,买盘
1243,14:18:49,14.49,0.0,10,14490,买盘
1244,14:18:52,14.49,0.0,8,11592,买盘
1245,14:19:13,14.5,0.01,5,7250,买盘
1246,14:19:24,14.5,0.0,20,28304,买盘
1247,14:19:27,14.5,0.0,18,26100,卖盘
1248,14:19:52,14.5,0.0,30,44226,买盘
1249,14:20:07,14.5,0.0,6,8700,买盘
1250,14:20:19,14.49,-0.01,7,10143,卖盘
1251,14:20:28,14.5,0.01,24,34496,买盘
1252,14:20:48,14.5,0.0,6,9004,卖盘
1253,14:21:40,14.5,0.0,30,43500,买盘
1254,14:21:43,14.49,-0.01,6,8694,卖盘
1255,14:21:45,14.5,0.01,5,6946,买盘
1256,14:21:52,14.51,0.01,8,11608,买盘
1257,14:21:55,14.5,-0.01,4,5800,卖盘
1258,14:22:04,14.5,0.0,129,187354,卖盘
1259,14:22:10,14.5,0.0,5,7250,买盘
1260,14:22:21,14.49,-0.01,2,2898,卖盘
1261,14:22:24,14.49,0.0,3,4347,卖盘
1262,14:22:34,14.5,0.01,5,7248,买盘
1263,14:22:43,14.48,-0.02,27,39096,卖盘
1264,14:22:46,14.48,0.0,2,2042,卖盘
1265,14:22:49,14.49,0.01,35,50686,买盘
1266,14:23:10,14.49,0.0,1,1449,买盘
1267,14:23:42,14.48,-0.01,33,47784,中性盘
1268,14:23:49,14.48,0.0,1,1448,买盘
1269,14:23:51,14.47,-0.01,10,14470,卖盘
1270,14:24:37,14.47,0.0,12,17364,卖盘
1271,14:24:40,14.47,0.0,9,13023,卖盘
1272,14:24:58,14.48,0.01,5,7240,买盘
1273,14:25:10,14.48,0.0,16,23168,买盘
1274,14:25:13,14.47,-0.01,19,27510,卖盘
1275,14:25:31,14.49,0.02,16,23184,买盘
1276,14:25:48,14.49,0.0,10,14490,买盘
1277,14:25:52,14.49,0.0,11,16794,买盘
1278,14:25:55,14.49,0.0,1,1449,卖盘
1279,14:26:04,14.49,0.0,13,17982,卖盘
1280,14:26:16,14.49,0.0,14,20286,买盘
1281,14:26:31,14.48,-0.01,12,17376,卖盘
1282,14:26:48,14.48,0.0,6,8688,卖盘
1283,14:27:01,14.48,0.0,4,5792,卖盘
1284,14:27:13,14.49,0.01,44,63756,买盘
1285,14:27:52,14.49,0.0,1,1449,买盘
1286,14:27:54,14.49,0.0,33,48672,买盘
1287,14:28:16,14.5,0.01,4,5800,买盘
1288,14:28:30,14.49,-0.01,16,23184,卖盘
1289,14:28:45,14.49,0.0,23,32472,卖盘
1290,14:28:49,14.49,0.0,6,8694,买盘
1291,14:29:04,14.49,0.0,20,28980,买盘
1292,14:29:10,14.48,-0.01,10,14480,卖盘
1293,14:29:13,14.48,0.0,21,30408,卖盘
1294,14:29:42,14.47,-0.01,16,23152,卖盘
1295,14:30:10,14.45,-0.02,15,21675,卖盘
1296,14:30:13,14.47,0.02,29,41962,买盘
1297,14:30:33,14.48,0.01,9,13032,买盘
1298,14:30:43,14.48,0.0,6,8688,买盘
1299,14:30:51,14.47,-0.01,20,28940,卖盘
1300,14:31:00,14.48,0.01,55,79640,买盘
1301,14:31:07,14.48,0.0,32,46336,卖盘
1302,14:31:10,14.48,0.0,6,8688,卖盘
1303,14:31:51,14.48,0.0,3,4344,买盘
1304,14:31:55,14.48,0.0,30,43440,买盘
1305,14:32:06,14.47,-0.01,30,43419,卖盘
1306,14:32:22,14.47,0.0,26,37622,买盘
1307,14:32:28,14.46,-0.01,2,2892,卖盘
1308,14:32:31,14.46,0.0,9,13014,卖盘
1309,14:32:43,14.45,-0.01,2,2890,卖盘
1310,14:32:57,14.45,0.0,1,1445,卖盘
1311,14:33:10,14.45,0.0,30,43350,卖盘
1312,14:33:16,14.45,0.0,3,4335,卖盘
1313,14:33:28,14.45,0.0,10,14450,买盘
1314,14:33:43,14.44,-0.01,8,11552,买盘
1315,14:33:45,14.43,-0.01,7,10101,卖盘
1316,14:33:55,14.43,0.0,10,14430,卖盘
1317,14:34:01,14.45,0.02,11,15895,买盘
1318,14:34:04,14.43,-0.02,59,85137,卖盘
1319,14:34:09,14.43,0.0,75,108225,买盘
1320,14:34:15,14.43,0.0,7,10101,买盘
1321,14:34:19,14.43,0.0,3,4329,买盘
1322,14:34:25,14.42,0.0,12,17304,卖盘
1323,14:34:28,14.42,0.0,5,7210,卖盘
1324,14:34:43,14.43,0.01,1,1443,买盘
1325,14:34:48,14.43,0.0,7,10101,买盘
1326,14:34:55,14.43,0.0,55,78692,买盘
1327,14:34:58,14.43,0.0,5,7215,买盘
1328,14:35:01,14.42,-0.01,12,17314,卖盘
1329,14:35:07,14.42,0.0,20,28840,卖盘
1330,14:35:19,14.42,0.0,53,76426,卖盘
1331,14:35:28,14.43,0.01,36,51913,买盘
1332,14:35:33,14.42,-0.01,5,7210,中性盘
1333,14:35:40,14.45,0.03,20,28875,买盘
1334,14:35:55,14.42,-0.03,6,8652,卖盘
1335,14:36:34,14.45,0.03,27,39015,买盘
1336,14:36:46,14.46,0.01,4,5784,买盘
1337,14:36:48,14.46,0.0,6,8676,买盘
1338,14:37:01,14.46,0.0,3,4338,买盘
1339,14:37:04,14.46,0.0,10,14460,买盘
1340,14:37:16,14.46,0.0,38,54948,买盘
1341,14:37:48,14.48,0.02,4,5792,买盘
1342,14:37:58,14.48,0.0,1,1448,买盘
1343,14:38:22,14.49,0.01,21,30429,买盘
1344,14:38:25,14.49,0.0,19,27531,买盘
1345,14:38:37,14.51,0.02,2,2902,买盘
1346,14:38:46,14.51,0.0,10,14510,买盘
1347,14:38:51,14.51,0.0,67,97217,买盘
1348,14:38:55,14.53,0.02,17,24691,买盘
1349,14:39:00,14.53,0.0,3,4359,卖盘
1350,14:39:10,14.53,0.0,18,26154,买盘
1351,14:39:13,14.53,0.0,20,29060,买盘
1352,14:39:15,14.53,0.0,19,27607,买盘
1353,14:39:40,14.53,0.0,1,1453,买盘
1354,14:39:45,14.53,0.0,18,26139,买盘
1355,14:40:04,14.51,-0.02,10,14510,卖盘
1356,14:40:12,14.51,0.0,5,7255,卖盘
1357,14:40:16,14.54,0.03,50,72690,买盘
1358,14:40:19,14.53,-0.01,20,29060,中性盘
1359,14:40:25,14.51,-0.02,14,20314,卖盘
1360,14:40:28,14.51,0.0,1,1451,卖盘
1361,14:40:31,14.53,0.02,5,7265,买盘
1362,14:40:37,14.53,0.0,3,4359,买盘
1363,14:40:39,14.53,0.0,17,24701,买盘
1364,14:40:52,14.54,0.01,25,36350,买盘
1365,14:40:55,14.54,0.0,9,14031,买盘
1366,14:41:04,14.54,0.0,8,10687,卖盘
1367,14:41:16,14.54,0.0,11,15994,买盘
1368,14:41:19,14.54,0.0,15,21810,买盘
1369,14:41:25,14.54,0.0,10,14540,买盘
1370,14:41:34,14.54,0.0,8,11632,买盘
1371,14:41:40,14.54,0.0,30,43620,买盘
1372,14:41:48,14.53,-0.01,1,1453,买盘
1373,14:42:10,14.51,-0.02,10,14510,卖盘
1374,14:42:19,14.51,0.0,20,29020,卖盘
1375,14:42:28,14.52,0.01,11,15972,买盘
1376,14:42:37,14.52,0.0,15,21780,卖盘
1377,14:42:43,14.52,0.0,4,5808,卖盘
1378,14:42:49,14.52,0.0,30,43560,买盘
1379,14:42:54,14.51,-0.01,3,4353,卖盘
1380,14:43:07,14.51,0.0,2,2902,卖盘
1381,14:43:13,14.51,0.0,6,8706,卖盘
1382,14:43:22,14.51,0.0,30,43530,买盘
1383,14:43:25,14.5,-0.01,32,46400,卖盘
1384,14:43:28,14.49,-0.01,61,88395,卖盘
1385,14:43:43,14.5,0.01,5,7250,买盘
1386,14:43:46,14.49,-0.01,30,43470,卖盘
1387,14:43:58,14.49,0.0,6,8694,卖盘
1388,14:44:07,14.49,0.0,3,4347,卖盘
1389,14:44:10,14.49,0.0,5,7245,卖盘
1390,14:44:13,14.5,0.01,30,43500,买盘
1391,14:44:22,14.49,-0.01,22,31878,卖盘
1392,14:44:43,14.49,0.0,69,99981,卖盘
1393,14:44:48,14.49,0.0,2,2898,买盘
1394,14:45:09,14.48,-0.01,33,47784,卖盘
1395,14:45:19,14.49,0.01,15,21735,买盘
1396,14:45:28,14.48,-0.01,6,8688,卖盘
1397,14:45:33,14.48,0.0,2,2896,买盘
1398,14:45:37,14.47,-0.01,9,13028,卖盘
1399,14:45:55,14.48,0.01,2,2896,买盘
1400,14:45:57,14.48,0.0,2,2896,买盘
1401,14:46:01,14.47,-0.01,151,218634,卖盘
1402,14:46:06,14.49,0.02,12,17388,买盘
1403,14:46:09,14.49,0.0,7,10143,买盘
1404,14:46:16,14.48,-0.01,16,23169,卖盘
1405,14:46:19,14.48,0.0,32,46366,卖盘
1406,14:46:40,14.49,0.01,13,18829,买盘
1407,14:46:43,14.49,0.0,20,28980,买盘
1408,14:46:46,14.49,0.0,30,43470,买盘
1409,14:47:10,14.49,0.0,10,14490,买盘
1410,14:47:13,14.49,0.0,2,2898,买盘
1411,14:47:25,14.49,0.0,6,8694,买盘
1412,14:47:28,14.48,-0.01,14,21300,卖盘
1413,14:47:37,14.49,0.01,20,28980,买盘
1414,14:47:40,14.48,-0.01,43,62264,卖盘
1415,14:47:43,14.48,0.0,19,27512,卖盘
1416,14:47:45,14.48,0.0,2,2897,卖盘
1417,14:47:52,14.49,0.01,40,57960,买盘
1418,14:48:01,14.49,0.0,14,20286,买盘
1419,14:48:13,14.48,-0.01,1,1448,卖盘
1420,14:48:24,14.48,0.0,98,140876,卖盘
1421,14:48:31,14.45,-0.03,785,1134837,卖盘
1422,14:48:40,14.45,0.0,23,33235,买盘
1423,14:48:43,14.45,0.0,58,83810,买盘
1424,14:48:46,14.45,0.0,140,202300,买盘
1425,14:48:49,14.45,0.0,34,49130,买盘
1426,14:48:52,14.45,0.0,19,27455,买盘
1427,14:48:55,14.45,0.0,85,122825,买盘
1428,14:48:57,14.45,0.0,57,82365,买盘
1429,14:49:19,14.44,-0.01,286,413170,卖盘
1430,14:49:22,14.44,0.0,2,2888,买盘
1431,14:49:25,14.44,0.0,3,4332,买盘
1432,14:49:28,14.44,0.0,10,14440,买盘
1433,14:49:31,14.44,0.0,23,33207,买盘
1434,14:49:33,14.44,0.0,10,14440,买盘
1435,14:49:37,14.43,-0.01,7,10103,卖盘
1436,14:49:39,14.44,0.01,2,2888,买盘
1437,14:49:42,14.44,0.0,9,12996,买盘
1438,14:49:45,14.44,0.0,43,62069,买盘
1439,14:49:49,14.44,0.0,2,2888,买盘
1440,14:49:52,14.44,0.0,20,28880,买盘
1441,14:49:58,14.43,-0.01,28,40404,卖盘
1442,14:50:01,14.44,0.01,30,43320,买盘
1443,14:50:04,14.44,0.0,12,17324,买盘
1444,14:50:10,14.44,0.0,123,177612,买盘
1445,14:50:15,14.44,0.0,10,14440,买盘
1446,14:50:19,14.44,0.0,3,4332,买盘
1447,14:50:22,14.44,0.0,22,31766,买盘
1448,14:50:25,14.44,0.0,4,5776,买盘
1449,14:50:31,14.44,0.0,15,21660,卖盘
1450,14:50:33,14.49,0.05,30,43447,买盘
1451,14:50:52,14.49,0.0,10,14490,买盘
1452,14:50:54,14.49,0.0,10,14490,买盘
1453,14:51:01,14.48,-0.01,17,24616,卖盘
1454,14:51:04,14.49,0.01,150,217348,买盘
1455,14:51:07,14.49,0.0,21,30423,买盘
1456,14:51:09,14.48,-0.01,1,1448,卖盘
1457,14:51:12,14.49,0.01,9,13041,买盘
1458,14:51:15,14.49,0.0,59,85483,买盘
1459,14:51:25,14.49,0.0,3,4347,买盘
1460,14:51:28,14.49,0.0,5,7245,买盘
1461,14:51:31,14.48,-0.01,7,10136,卖盘
1462,14:51:34,14.48,0.0,38,55024,买盘
1463,14:51:36,14.48,0.0,13,18824,买盘
1464,14:51:43,14.48,0.0,9,13032,买盘
1465,14:51:49,14.47,-0.01,6,8682,卖盘
1466,14:51:52,14.48,0.01,1,1448,买盘
1467,14:51:55,14.48,0.0,15,21720,卖盘
1468,14:51:58,14.48,0.0,2,2896,卖盘
1469,14:52:07,14.48,0.0,10,14480,卖盘
1470,14:52:19,14.47,-0.01,120,173682,卖盘
1471,14:52:22,14.47,0.0,14,20258,买盘
1472,14:52:25,14.48,0.01,1,1448,中性盘
1473,14:52:49,14.48,0.0,6,8688,卖盘
1474,14:52:58,14.48,0.0,8,11584,卖盘
1475,14:53:04,14.48,0.0,42,60816,卖盘
1476,14:53:10,14.48,0.0,15,21720,买盘
1477,14:53:12,14.49,0.01,13,18826,买盘
1478,14:53:15,14.48,-0.01,9,13032,买盘
1479,14:53:22,14.48,0.0,16,23168,买盘
1480,14:53:43,14.49,0.01,2,2898,买盘
1481,14:53:46,14.49,0.0,60,86940,买盘
1482,14:53:49,14.48,-0.01,8,11590,卖盘
1483,14:53:51,14.49,0.01,12,17388,买盘
1484,14:53:54,14.49,0.0,20,28980,买盘
1485,14:53:57,14.49,0.0,16,23184,买盘
1486,14:54:01,14.49,0.0,64,92679,买盘
1487,14:54:04,14.48,-0.01,11,15928,卖盘
1488,14:54:07,14.49,0.01,15,21735,买盘
1489,14:54:09,14.48,-0.01,5,7240,卖盘
1490,14:54:12,14.48,0.0,6,8688,卖盘
1491,14:54:16,14.49,0.01,35,50425,买盘
1492,14:54:19,14.49,0.0,1,1449,卖盘
1493,14:54:28,14.49,0.0,38,56105,卖盘
1494,14:54:31,14.5,0.01,13,18850,买盘
1495,14:54:37,14.48,-0.02,67,97035,卖盘
1496,14:54:39,14.5,0.02,93,134850,买盘
1497,14:54:49,14.5,0.0,80,116065,卖盘
1498,14:54:52,14.5,0.0,5,7250,买盘
1499,14:54:55,14.5,0.0,9,13050,买盘
1500,14:54:58,14.5,0.0,31,44946,买盘
1501,14:55:00,14.5,0.0,7,10150,买盘
1502,14:55:16,14.52,0.02,36,52272,买盘
1503,14:55:19,14.52,0.0,2,2904,卖盘
1504,14:55:25,14.53,0.01,8,11624,买盘
1505,14:55:28,14.53,0.0,63,91509,买盘
1506,14:55:31,14.54,0.01,5,7270,买盘
1507,14:55:37,14.53,-0.01,6,8718,卖盘
1508,14:55:40,14.53,0.0,2,2907,卖盘
1509,14:55:43,14.54,0.01,24,34896,买盘
1510,14:55:49,14.5,-0.04,150,217789,卖盘
1511,14:55:51,14.54,0.04,10,14540,卖盘
1512,14:55:55,14.55,0.01,23,33465,买盘
1513,14:55:57,14.54,-0.01,5,7270,卖盘
1514,14:56:00,14.54,0.0,4,5816,卖盘
1515,14:56:04,14.54,0.0,20,29080,买盘
1516,14:56:10,14.54,0.0,2,2908,买盘
1517,14:56:13,14.54,0.0,6,8724,买盘
1518,14:56:16,14.54,0.0,2,2908,买盘
1519,14:56:19,14.53,-0.01,2,2906,卖盘
1520,14:56:21,14.54,0.01,2,2908,买盘
1521,14:56:27,14.54,0.0,20,29080,买盘
1522,14:56:31,14.53,-0.01,7,10171,卖盘
1523,14:56:34,14.53,0.0,16,23253,卖盘
1524,14:56:40,14.53,0.0,4,5812,买盘
1525,14:56:45,14.5,-0.03,118,171221,卖盘
1526,14:56:52,14.53,0.03,1,1453,买盘
1527,14:57:00,14.54,0.01,118,171476,买盘
1528,14:57:04,14.52,-0.02,10,14520,卖盘
1529,15:00:04,14.54,0.02,491,713914,卖盘
