,time,price,change,volume,amount,type
0,09:25:04,6.09,-0.02,575,350175,买盘
1,09:30:00,6.13,0.04,46,28168,买盘
2,09:30:05,6.1,-0.03,478,291200,卖盘
3,09:30:07,6.12,0.02,316,192834,买盘
4,09:30:09,6.12,0.0,4,2447,买盘
5,09:30:12,6.12,0.0,21,12832,买盘
6,09:30:16,6.12,0.0,5,3060,买盘
7,09:30:18,6.12,0.0,72,43971,买盘
8,09:30:25,6.12,0.0,69,42210,买盘
9,09:30:27,6.11,-0.01,14,8554,中性盘
10,09:30:31,6.11,0.0,6,3666,买盘
11,09:30:37,6.11,0.0,38,23223,卖盘
12,09:30:39,6.11,0.0,15,9165,买盘
13,09:30:49,6.11,0.0,41,25051,买盘
14,09:30:52,6.1,-0.01,24,14648,卖盘
15,09:30:54,6.11,0.01,10,6103,中性盘
16,09:31:01,6.11,0.0,15,9165,买盘
17,09:31:09,6.11,0.0,93,56811,买盘
18,09:31:16,6.11,0.0,8,4888,买盘
19,09:31:21,6.11,0.0,111,67821,买盘
20,09:31:24,6.11,0.0,20,12220,卖盘
21,09:31:27,6.11,0.0,73,44603,卖盘
22,09:31:36,6.11,0.0,16,9776,买盘
23,09:31:40,6.1,-0.01,4,2440,卖盘
24,09:31:45,6.11,0.01,42,25662,买盘
25,09:31:55,6.11,0.0,67,40922,买盘
26,09:31:57,6.11,0.0,5,3055,卖盘
27,09:32:12,6.12,0.01,31,18972,买盘
28,09:32:25,6.12,0.0,61,37392,卖盘
29,09:32:27,6.12,0.0,9,5508,买盘
30,09:32:31,6.13,0.01,30,18390,买盘
31,09:32:36,6.13,0.0,62,38047,卖盘
32,09:32:43,6.14,0.01,3,1842,买盘
33,09:32:46,6.14,0.0,5,3070,买盘
34,09:32:52,6.14,0.0,50,30700,买盘
35,09:32:57,6.14,0.0,23,14122,买盘
36,09:33:05,6.15,0.01,10,6150,买盘
37,09:33:07,6.15,0.0,5,3075,买盘
38,09:33:09,6.14,-0.01,5,3074,卖盘
39,09:33:12,6.15,0.01,9,5535,买盘
40,09:33:15,6.14,-0.01,1,614,卖盘
41,09:33:18,6.14,0.0,214,131466,卖盘
42,09:33:24,6.15,0.01,16,9840,买盘
43,09:33:27,6.14,-0.01,100,61400,卖盘
44,09:33:37,6.14,0.0,10,6140,买盘
45,09:33:40,6.13,-0.01,69,42307,卖盘
46,09:33:42,6.14,0.01,63,38682,买盘
47,09:33:46,6.14,0.0,118,72513,卖盘
48,09:33:48,6.15,0.01,15,9225,买盘
49,09:33:51,6.13,-0.02,1,613,卖盘
50,09:33:55,6.14,0.01,22,13503,买盘
51,09:33:57,6.14,0.0,17,10438,买盘
52,09:34:01,6.13,-0.01,7,4291,卖盘
53,09:34:04,6.14,0.01,50,30700,买盘
54,09:34:09,6.13,-0.01,1,613,卖盘
55,09:34:13,6.14,0.01,144,88416,买盘
56,09:34:25,6.15,0.01,19,11685,买盘
57,09:34:28,6.14,-0.01,60,36890,卖盘
58,09:34:30,6.15,0.01,16,9840,买盘
59,09:34:33,6.15,0.0,10,6150,买盘
60,09:34:39,6.15,0.0,53,32595,买盘
61,09:34:48,6.15,0.0,10,6150,买盘
62,09:34:51,6.15,0.0,14,8610,买盘
63,09:34:54,6.15,0.0,75,46125,买盘
64,09:35:00,6.15,0.0,25,15375,卖盘
65,09:35:04,6.16,0.01,16,9856,买盘
66,09:35:09,6.16,0.0,74,45584,买盘
67,09:35:13,6.15,-0.01,19,11685,卖盘
68,09:35:15,6.16,0.01,3,1848,买盘
69,09:35:18,6.16,0.0,20,12320,买盘
70,09:35:21,6.15,-0.01,25,15375,卖盘
71,09:35:25,6.16,0.01,303,186397,买盘
72,09:35:30,6.15,-0.01,20,12300,买盘
73,09:35:33,6.15,0.0,3,1844,中性盘
74,09:35:36,6.15,0.0,5,3075,买盘
75,09:35:40,6.15,0.0,210,129150,买盘
76,09:35:43,6.15,0.0,10,6150,买盘
77,09:35:46,6.15,0.0,47,28905,买盘
78,09:35:51,6.15,0.0,170,104550,买盘
79,09:35:54,6.15,0.0,40,24600,卖盘
80,09:35:57,6.14,-0.01,90,55260,卖盘
81,09:36:01,6.14,0.0,1,614,卖盘
82,09:36:04,6.14,0.0,79,48506,卖盘
83,09:36:06,6.14,0.0,5,3070,买盘
84,09:36:21,6.13,-0.01,56,34328,卖盘
85,09:36:24,6.13,0.0,41,25133,卖盘
86,09:36:36,6.13,0.0,1,613,买盘
87,09:36:43,6.13,0.0,1,613,买盘
88,09:36:51,6.12,-0.01,116,70995,卖盘
89,09:36:54,6.12,0.0,13,7956,买盘
90,09:36:57,6.11,-0.01,79,48269,卖盘
91,09:37:00,6.11,0.0,88,53850,卖盘
92,09:37:16,6.1,-0.01,15,9150,卖盘
93,09:37:18,6.11,0.01,48,29328,买盘
94,09:37:21,6.11,0.0,3,1833,卖盘
95,09:37:24,6.11,0.0,31,18941,卖盘
96,09:37:27,6.11,0.0,11,6711,买盘
97,09:37:31,6.11,0.0,1,611,买盘
98,09:37:33,6.12,0.01,2,1224,买盘
99,09:37:36,6.12,0.0,76,46512,买盘
100,09:37:39,6.12,0.0,6,3672,买盘
101,09:37:43,6.11,-0.01,187,114402,卖盘
102,09:37:45,6.12,0.01,50,30600,买盘
103,09:37:48,6.12,0.0,144,88128,买盘
104,09:37:51,6.12,0.0,10,6120,卖盘
105,09:37:57,6.13,0.01,11,6743,买盘
106,09:38:12,6.11,-0.02,43,26293,卖盘
107,09:38:16,6.13,0.02,55,33715,买盘
108,09:38:27,6.13,0.0,26,15938,买盘
109,09:38:30,6.13,0.0,4,2452,买盘
110,09:38:40,6.13,0.0,1,613,买盘
111,09:38:42,6.13,0.0,2,1226,买盘
112,09:39:01,6.13,0.0,9,5517,买盘
113,09:39:06,6.13,0.0,10,6130,买盘
114,09:39:15,6.12,-0.01,1,612,卖盘
115,09:39:39,6.12,0.0,24,14688,卖盘
116,09:39:42,6.12,0.0,143,87516,卖盘
117,09:39:48,6.11,-0.01,148,90428,卖盘
118,09:39:54,6.1,-0.01,26,15860,卖盘
119,09:40:06,6.1,0.0,107,65277,卖盘
120,09:40:12,6.1,0.0,17,10370,卖盘
121,09:40:21,6.1,0.0,319,194590,卖盘
122,09:40:24,6.1,0.0,10,6100,买盘
123,09:40:27,6.1,0.0,5,3050,买盘
124,09:40:30,6.1,0.0,20,12200,买盘
125,09:40:33,6.1,0.0,91,55510,买盘
126,09:40:36,6.1,0.0,5,3050,买盘
127,09:40:39,6.1,0.0,46,28060,买盘
128,09:40:43,6.1,0.0,108,65880,买盘
129,09:40:51,6.1,0.0,55,33550,卖盘
130,09:40:54,6.1,0.0,30,18310,卖盘
131,09:40:58,6.1,0.0,4,2440,卖盘
132,09:41:27,6.1,0.0,96,58580,卖盘
133,09:41:33,6.1,0.0,3,1830,卖盘
134,09:41:39,6.11,0.01,303,185133,买盘
135,09:41:54,6.11,0.0,9,5499,卖盘
136,09:42:04,6.11,0.0,10,6110,买盘
137,09:42:06,6.11,0.0,17,10387,买盘
138,09:42:10,6.11,0.0,32,19552,买盘
139,09:42:18,6.11,0.0,10,6110,卖盘
140,09:42:30,6.11,0.0,7,4277,卖盘
141,09:42:33,6.12,0.01,5,3060,买盘
142,09:42:36,6.11,-0.01,3,1833,卖盘
143,09:42:42,6.12,0.01,131,80172,买盘
144,09:42:48,6.13,0.01,9,5513,买盘
145,09:43:03,6.13,0.0,32,19616,买盘
146,09:43:06,6.13,0.0,58,35554,卖盘
147,09:43:10,6.13,0.0,10,6130,卖盘
148,09:43:21,6.13,0.0,16,9808,卖盘
149,09:43:25,6.13,0.0,18,11034,卖盘
150,09:43:28,6.13,0.0,9,5517,卖盘
151,09:43:30,6.14,0.01,6,3684,买盘
152,09:43:33,6.14,0.0,169,103766,买盘
153,09:43:51,6.15,0.01,11,6765,买盘
154,09:43:54,6.14,-0.01,6,3684,卖盘
155,09:43:57,6.14,0.0,18,11056,卖盘
156,09:44:04,6.14,0.0,8,4912,卖盘
157,09:44:06,6.14,0.0,63,38682,卖盘
158,09:44:12,6.14,0.0,32,19648,买盘
159,09:44:15,6.13,-0.01,11,6743,卖盘
160,09:44:18,6.13,0.0,54,33117,卖盘
161,09:44:24,6.14,0.01,6,3684,中性盘
162,09:44:46,6.13,-0.01,4,2452,卖盘
163,09:44:57,6.14,0.01,10,6140,中性盘
164,09:45:03,6.13,-0.01,4,2452,卖盘
165,09:45:21,6.12,-0.01,7,4284,卖盘
166,09:45:27,6.12,0.0,132,80784,卖盘
167,09:45:30,6.12,0.0,1,612,买盘
168,09:45:37,6.11,-0.01,50,30550,卖盘
169,09:45:51,6.11,0.0,9,5499,卖盘
170,09:46:06,6.11,0.0,125,76375,卖盘
171,09:46:19,6.11,0.0,1,611,买盘
172,09:46:22,6.1,-0.01,98,59870,卖盘
173,09:46:34,6.1,0.0,32,19540,卖盘
174,09:46:39,6.1,0.0,1,610,卖盘
175,09:46:51,6.1,0.0,9,5490,卖盘
176,09:47:00,6.1,0.0,24,14645,卖盘
177,09:47:19,6.12,0.02,1,612,买盘
178,09:47:21,6.11,-0.01,8,4888,卖盘
179,09:47:24,6.12,0.01,148,90576,买盘
180,09:47:27,6.13,0.01,45,27585,买盘
181,09:47:36,6.12,-0.01,4,2448,卖盘
182,09:47:46,6.12,0.0,5,3060,卖盘
183,09:48:01,6.13,0.01,5,3065,卖盘
184,09:48:28,6.13,0.0,20,12260,卖盘
185,09:48:30,6.13,0.0,6,3678,卖盘
186,09:48:45,6.13,0.0,3,1839,卖盘
187,09:48:51,6.13,0.0,3,1839,卖盘
188,09:48:54,6.14,0.01,20,12280,买盘
189,09:49:04,6.14,0.0,24,14736,买盘
190,09:49:06,6.13,-0.01,62,38006,卖盘
191,09:49:22,6.12,-0.01,8,4896,卖盘
192,09:49:24,6.12,0.0,3,1836,卖盘
193,09:49:27,6.12,0.0,9,5508,卖盘
194,09:49:36,6.12,0.0,7,4865,卖盘
195,09:49:57,6.12,0.0,3,1836,卖盘
196,09:50:07,6.12,0.0,2,1224,卖盘
197,09:50:24,6.12,0.0,5,3060,卖盘
198,09:50:27,6.12,0.0,4,2448,卖盘
199,09:50:36,6.13,0.01,18,11026,买盘
200,09:50:45,6.12,-0.01,10,6120,卖盘
201,09:50:57,6.12,0.0,45,27540,卖盘
202,09:51:01,6.12,0.0,84,51408,卖盘
203,09:51:12,6.12,0.0,25,15300,卖盘
204,09:51:18,6.13,0.01,4,2452,买盘
205,09:51:27,6.13,0.0,11,6743,买盘
206,09:51:33,6.12,-0.01,15,9180,卖盘
207,09:52:00,6.12,0.0,4,2448,卖盘
208,09:52:06,6.12,0.0,1,612,卖盘
209,09:52:09,6.12,0.0,1,612,卖盘
210,09:52:16,6.12,0.0,1,612,卖盘
211,09:52:19,6.12,0.0,9,5508,卖盘
212,09:52:21,6.12,0.0,25,15300,卖盘
213,09:52:27,6.12,0.0,5,3060,卖盘
214,09:52:30,6.12,0.0,21,12852,卖盘
215,09:52:57,6.13,0.01,10,6130,买盘
216,09:53:03,6.12,-0.01,40,24480,卖盘
217,09:53:10,6.13,0.01,45,27575,买盘
218,09:53:18,6.12,-0.01,11,6151,卖盘
219,09:53:30,6.11,-0.01,10,6110,卖盘
220,09:53:42,6.11,0.0,6,3666,卖盘
221,09:53:45,6.11,0.0,138,84318,卖盘
222,09:53:48,6.12,0.01,100,61200,买盘
223,09:53:54,6.11,-0.01,32,19552,卖盘
224,09:53:57,6.11,0.0,2,1222,卖盘
225,09:54:04,6.11,0.0,139,84929,卖盘
226,09:54:09,6.1,-0.01,3,1830,卖盘
227,09:54:27,6.1,0.0,4,2440,卖盘
228,09:54:33,6.1,0.0,3,1830,卖盘
229,09:54:42,6.1,0.0,52,31720,卖盘
230,09:54:48,6.1,0.0,36,21960,卖盘
231,09:54:51,6.1,0.0,271,165310,卖盘
232,09:54:55,6.1,0.0,108,65880,卖盘
233,09:54:57,6.1,0.0,81,49377,卖盘
234,09:55:04,6.1,0.0,11,6709,买盘
235,09:55:06,6.09,-0.01,37,22533,卖盘
236,09:55:10,6.09,0.0,26,15834,卖盘
237,09:55:13,6.09,0.0,10,6090,卖盘
238,09:55:21,6.09,0.0,124,75516,卖盘
239,09:55:25,6.09,0.0,33,20097,卖盘
240,09:55:27,6.1,0.01,10,6092,买盘
241,09:55:33,6.09,-0.01,30,18270,卖盘
242,09:55:48,6.09,0.0,205,124849,卖盘
243,09:55:51,6.09,0.0,10,6090,买盘
244,09:55:54,6.08,-0.01,498,302784,卖盘
245,09:55:57,6.07,-0.01,2,1214,卖盘
246,09:56:04,6.07,0.0,2,1214,卖盘
247,09:56:06,6.07,0.0,46,27922,卖盘
248,09:56:15,6.07,0.0,121,73487,卖盘
249,09:56:19,6.07,0.0,8,4856,买盘
250,09:56:21,6.07,0.0,7,4249,买盘
251,09:56:27,6.07,0.0,28,16996,卖盘
252,09:56:30,6.07,0.0,151,91657,买盘
253,09:56:33,6.07,0.0,10,6070,买盘
254,09:56:36,6.07,0.0,471,285897,买盘
255,09:56:39,6.07,0.0,13,7891,买盘
256,09:56:42,6.06,-0.01,6,3636,卖盘
257,09:56:45,6.07,0.01,39,23654,买盘
258,09:56:48,6.07,0.0,13,7891,买盘
259,09:56:52,6.07,0.0,43,26101,买盘
260,09:57:04,6.07,0.0,9,5463,卖盘
261,09:57:12,6.07,0.0,6,3642,卖盘
262,09:57:15,6.08,0.01,1,608,买盘
263,09:57:19,6.08,0.0,31,18848,买盘
264,09:57:24,6.08,0.0,10,6080,买盘
265,09:57:27,6.08,0.0,12,7292,买盘
266,09:57:37,6.07,-0.01,58,35206,卖盘
267,09:57:39,6.08,0.01,144,87552,买盘
268,09:57:42,6.07,-0.01,40,24280,卖盘
269,09:57:45,6.08,0.01,15,9120,买盘
270,09:57:48,6.07,-0.01,1,607,卖盘
271,09:57:54,6.07,0.0,8,4856,卖盘
272,09:58:00,6.08,0.01,1,608,买盘
273,09:58:04,6.07,-0.01,1,607,卖盘
274,09:58:06,6.07,0.0,1,607,卖盘
275,09:58:09,6.07,0.0,100,60700,卖盘
276,09:58:12,6.07,0.0,15,9105,卖盘
277,09:58:15,6.07,0.0,10,6070,买盘
278,09:58:18,6.07,0.0,188,114086,买盘
279,09:58:21,6.07,0.0,25,15175,卖盘
280,09:58:24,6.08,0.01,5,3040,买盘
281,09:58:27,6.07,-0.01,64,38848,卖盘
282,09:58:31,6.07,0.0,1,607,卖盘
283,09:58:36,6.08,0.01,71,43168,买盘
284,09:58:39,6.08,0.0,3,1824,买盘
285,09:58:42,6.07,-0.01,27,16389,卖盘
286,09:58:48,6.08,0.01,38,23104,买盘
287,09:58:52,6.07,-0.01,20,12140,卖盘
288,09:58:54,6.08,0.01,4,2431,买盘
289,09:59:04,6.07,-0.01,4,2428,卖盘
290,09:59:06,6.08,0.01,30,18220,买盘
291,09:59:09,6.07,-0.01,30,18210,卖盘
292,09:59:13,6.07,0.0,13,8006,卖盘
293,09:59:28,6.08,0.01,4,2432,买盘
294,09:59:33,6.07,-0.01,55,33270,卖盘
295,09:59:36,6.07,0.0,5,3150,买盘
296,09:59:42,6.07,0.0,17,10319,卖盘
297,09:59:46,6.08,0.01,10,6080,买盘
298,09:59:52,6.08,0.0,10,6080,买盘
299,09:59:54,6.07,-0.01,2,1214,卖盘
300,10:00:00,6.07,0.0,20,12140,卖盘
301,10:00:04,6.07,0.0,21,12767,卖盘
302,10:00:06,6.07,0.0,1,607,卖盘
303,10:00:09,6.07,0.0,17,10319,卖盘
304,10:00:12,6.08,0.01,60,36480,买盘
305,10:00:21,6.07,-0.01,9,5463,卖盘
306,10:00:36,6.08,0.01,1,608,买盘
307,10:00:39,6.08,0.0,600,364800,买盘
308,10:00:45,6.07,-0.01,143,86686,卖盘
309,10:00:54,6.06,-0.01,17,10302,卖盘
310,10:00:57,6.07,0.01,50,30350,买盘
311,10:01:04,6.06,-0.01,2,1212,卖盘
312,10:01:12,6.06,0.0,90,54550,卖盘
313,10:01:21,6.06,0.0,30,18180,卖盘
314,10:01:34,6.07,0.01,10,6070,买盘
315,10:01:36,6.07,0.0,33,20146,买盘
316,10:01:39,6.07,0.0,50,30350,卖盘
317,10:01:42,6.07,0.0,25,15175,卖盘
318,10:01:45,6.08,0.01,23,13984,买盘
319,10:01:48,6.07,-0.01,100,60713,卖盘
320,10:01:51,6.09,0.02,28,17052,买盘
321,10:01:54,6.07,-0.02,29,17617,卖盘
322,10:02:04,6.08,0.01,1,608,卖盘
323,10:02:06,6.08,0.0,1,608,卖盘
324,10:02:09,6.1,0.02,5,3050,买盘
325,10:02:27,6.1,0.0,98,59780,买盘
326,10:02:30,6.09,-0.01,47,28667,卖盘
327,10:02:36,6.1,0.01,5,3050,买盘
328,10:02:45,6.09,-0.01,28,17052,卖盘
329,10:02:49,6.09,0.0,36,21924,买盘
330,10:02:51,6.09,0.0,7,4263,买盘
331,10:02:54,6.1,0.01,69,42061,买盘
332,10:02:58,6.09,-0.01,4,2436,买盘
333,10:03:04,6.08,-0.01,9,5474,卖盘
334,10:03:12,6.08,0.0,40,24320,卖盘
335,10:03:15,6.08,0.0,3,1757,卖盘
336,10:03:21,6.09,0.01,1,609,买盘
337,10:03:24,6.08,-0.01,14,8579,卖盘
338,10:03:39,6.08,0.0,5,3040,买盘
339,10:03:42,6.08,0.0,1,608,买盘
340,10:03:48,6.08,0.0,4,2432,买盘
341,10:03:57,6.08,0.0,23,13984,买盘
342,10:04:00,6.07,-0.01,8,4856,卖盘
343,10:04:04,6.07,0.0,14,8510,卖盘
344,10:04:12,6.07,0.0,1,607,卖盘
345,10:04:21,6.08,0.01,9,5467,买盘
346,10:04:27,6.08,0.0,5,3040,买盘
347,10:04:30,6.07,-0.01,2,1214,卖盘
348,10:04:45,6.07,0.0,414,251193,卖盘
349,10:04:48,6.07,0.0,31,18817,买盘
350,10:04:51,6.07,0.0,2,1214,买盘
351,10:04:54,6.07,0.0,20,12140,买盘
352,10:05:00,6.07,0.0,71,43043,买盘
353,10:05:04,6.06,-0.01,2,1212,卖盘
354,10:05:16,6.06,0.0,1,606,卖盘
355,10:05:18,6.06,0.0,1,606,卖盘
356,10:05:21,6.06,0.0,24,14548,卖盘
357,10:05:27,6.06,0.0,424,257159,卖盘
358,10:05:33,6.07,0.01,13,7891,买盘
359,10:05:46,6.07,0.0,2,1214,卖盘
360,10:05:48,6.07,0.0,40,24280,卖盘
361,10:06:00,6.07,0.0,53,32171,买盘
362,10:06:04,6.07,0.0,1,607,卖盘
363,10:06:06,6.07,0.0,1,619,卖盘
364,10:06:19,6.08,0.01,335,203613,买盘
365,10:06:30,6.08,0.0,69,42019,卖盘
366,10:06:36,6.08,0.0,14,8445,买盘
367,10:06:39,6.08,0.0,253,153891,卖盘
368,10:06:45,6.08,0.0,10,6080,买盘
369,10:06:51,6.07,-0.01,10,6070,卖盘
370,10:07:04,6.08,0.01,69,41941,买盘
371,10:07:06,6.07,-0.01,1,607,卖盘
372,10:07:09,6.07,0.0,28,16996,卖盘
373,10:07:30,6.08,0.01,34,20666,买盘
374,10:07:33,6.07,-0.01,47,28529,卖盘
375,10:07:55,6.08,0.01,50,30400,买盘
376,10:08:00,6.07,-0.01,2,1214,卖盘
377,10:08:04,6.07,0.0,51,31007,卖盘
378,10:08:06,6.07,0.0,61,37027,卖盘
379,10:08:09,6.07,0.0,38,23066,卖盘
380,10:08:12,6.07,0.0,147,89229,卖盘
381,10:08:15,6.07,0.0,14,8498,卖盘
382,10:08:18,6.07,0.0,22,13358,卖盘
383,10:08:21,6.07,0.0,46,27920,卖盘
384,10:08:24,6.07,0.0,4,2428,买盘
385,10:08:31,6.06,-0.01,6,3636,卖盘
386,10:08:46,6.06,0.0,57,34542,卖盘
387,10:08:51,6.07,0.01,6,3642,买盘
388,10:08:57,6.06,-0.01,38,23028,卖盘
389,10:09:00,6.06,0.0,50,30300,卖盘
390,10:09:04,6.06,0.0,2,1212,卖盘
391,10:09:12,6.06,0.0,28,16968,卖盘
392,10:09:19,6.07,0.01,7,4249,买盘
393,10:09:24,6.06,-0.01,5,3030,卖盘
394,10:09:27,6.06,0.0,36,21832,卖盘
395,10:09:31,6.06,0.0,199,120594,卖盘
396,10:09:42,6.06,0.0,143,86658,卖盘
397,10:09:45,6.06,0.0,28,16853,卖盘
398,10:09:48,6.06,0.0,12,7387,买盘
399,10:10:00,6.06,0.0,8,4733,卖盘
400,10:10:04,6.05,-0.01,7,4235,卖盘
401,10:10:06,6.06,0.01,2,1212,买盘
402,10:10:09,6.05,-0.01,460,278300,卖盘
403,10:10:15,6.05,0.0,125,75625,卖盘
404,10:10:21,6.05,0.0,1,605,买盘
405,10:10:25,6.05,0.0,2,1210,买盘
406,10:10:27,6.04,-0.01,9,5436,卖盘
407,10:10:30,6.04,0.0,378,228312,卖盘
408,10:10:33,6.04,0.0,15,9060,买盘
409,10:10:42,6.03,-0.01,65,39310,卖盘
410,10:10:46,6.03,0.0,8,4824,卖盘
411,10:10:51,6.03,0.0,17,10251,卖盘
412,10:10:57,6.03,0.0,145,87450,卖盘
413,10:11:00,6.03,0.0,100,60305,卖盘
414,10:11:04,6.03,0.0,4,2413,卖盘
415,10:11:06,6.03,0.0,84,50652,卖盘
416,10:11:09,6.03,0.0,500,301500,卖盘
417,10:11:12,6.03,0.0,90,54270,卖盘
418,10:11:15,6.03,0.0,53,31959,卖盘
419,10:11:18,6.03,0.0,163,98174,卖盘
420,10:11:27,6.02,-0.01,48,28897,卖盘
421,10:11:30,6.03,0.01,25,15070,买盘
422,10:11:33,6.03,0.0,63,37989,买盘
423,10:11:36,6.03,0.0,294,177282,买盘
424,10:11:39,6.03,0.0,89,53667,卖盘
425,10:11:45,6.04,0.01,213,128670,买盘
426,10:11:49,6.04,0.0,25,15101,卖盘
427,10:11:54,6.03,-0.01,454,273938,卖盘
428,10:12:04,6.04,0.01,1,604,卖盘
429,10:12:06,6.04,0.0,15,9060,卖盘
430,10:12:18,6.06,0.02,20,12120,买盘
431,10:12:21,6.06,0.0,49,29694,买盘
432,10:12:24,6.05,-0.01,130,78650,卖盘
433,10:12:27,6.05,0.0,3,1815,买盘
434,10:12:36,6.04,-0.01,43,25972,卖盘
435,10:12:42,6.04,0.0,220,132880,卖盘
436,10:12:45,6.05,0.01,3,1815,买盘
437,10:12:48,6.05,0.0,50,30250,买盘
438,10:13:06,6.04,-0.01,1,604,卖盘
439,10:13:18,6.05,0.01,73,44165,买盘
440,10:13:25,6.04,-0.01,100,60400,卖盘
441,10:13:27,6.05,0.01,100,60500,买盘
442,10:13:33,6.05,0.0,10,6050,买盘
443,10:13:36,6.04,-0.01,10,6040,卖盘
444,10:13:42,6.05,0.01,10,6050,买盘
445,10:13:54,6.05,0.0,9,5445,买盘
446,10:14:04,6.04,-0.01,1,604,卖盘
447,10:14:15,6.04,0.0,176,106307,卖盘
448,10:14:19,6.05,0.01,34,20570,买盘
449,10:14:24,6.05,0.0,10,6050,卖盘
450,10:14:45,6.06,0.01,3,1818,买盘
451,10:14:57,6.06,0.0,14,8484,买盘
452,10:15:07,6.06,0.0,82,49690,买盘
453,10:15:33,6.06,0.0,161,97566,买盘
454,10:15:36,6.07,0.01,25,15170,买盘
455,10:15:39,6.06,-0.01,2,1212,卖盘
456,10:15:45,6.06,0.0,37,22422,卖盘
457,10:15:57,6.06,0.0,3,1818,买盘
458,10:16:06,6.05,-0.01,162,98010,卖盘
459,10:16:18,6.05,0.0,19,11495,买盘
460,10:16:24,6.05,0.0,10,6050,买盘
461,10:16:27,6.05,0.0,9,5445,买盘
462,10:16:42,6.06,0.01,16,9696,买盘
463,10:16:46,6.06,0.0,8,4848,买盘
464,10:16:54,6.06,0.0,5,3030,买盘
465,10:17:15,6.06,0.0,43,26058,买盘
466,10:17:19,6.06,0.0,45,27270,买盘
467,10:17:21,6.07,0.01,466,282862,买盘
468,10:17:36,6.06,-0.01,15,9090,卖盘
469,10:17:45,6.07,0.01,57,34599,买盘
470,10:17:58,6.07,0.0,55,33385,买盘
471,10:18:04,6.07,0.0,170,103190,卖盘
472,10:18:15,6.07,0.0,22,13354,买盘
473,10:18:18,6.07,0.0,5,3035,买盘
474,10:18:24,6.07,0.0,2,1214,买盘
475,10:18:27,6.07,0.0,10,6070,买盘
476,10:18:31,6.06,-0.01,12,7272,卖盘
477,10:18:33,6.07,0.01,30,18210,买盘
478,10:18:39,6.07,0.0,40,24280,买盘
479,10:18:45,6.07,0.0,15,9105,买盘
480,10:18:48,6.07,0.0,84,50988,买盘
481,10:18:57,6.08,0.01,46,27968,买盘
482,10:19:15,6.08,0.0,60,36480,买盘
483,10:19:18,6.08,0.0,18,10944,买盘
484,10:19:24,6.07,-0.01,12,7294,卖盘
485,10:19:36,6.08,0.01,66,40669,买盘
486,10:19:45,6.09,0.01,66,40194,买盘
487,10:19:52,6.08,-0.01,34,20131,卖盘
488,10:19:54,6.08,0.0,15,9120,买盘
489,10:20:03,6.08,0.0,41,24928,买盘
490,10:20:09,6.08,0.0,4,2432,买盘
491,10:20:16,6.08,0.0,102,62001,买盘
492,10:20:21,6.08,0.0,14,8512,买盘
493,10:20:42,6.08,0.0,61,37088,买盘
494,10:20:45,6.08,0.0,110,66880,买盘
495,10:20:51,6.07,-0.01,6,3647,卖盘
496,10:20:57,6.08,0.01,30,18240,买盘
497,10:21:00,6.08,0.0,31,19385,买盘
498,10:21:10,6.09,0.01,3,1827,买盘
499,10:21:15,6.09,0.0,61,37149,买盘
500,10:21:24,6.09,0.0,76,46284,买盘
501,10:21:36,6.09,0.0,40,24360,买盘
502,10:22:01,6.09,0.0,7,4263,买盘
503,10:22:13,6.09,0.0,10,6090,买盘
504,10:22:27,6.09,0.0,81,49329,买盘
505,10:22:33,6.09,0.0,160,97440,买盘
506,10:22:42,6.09,0.0,10,6090,卖盘
507,10:23:09,6.09,0.0,10,6090,卖盘
508,10:23:18,6.09,0.0,54,32886,卖盘
509,10:23:21,6.09,0.0,11,6699,卖盘
510,10:23:24,6.09,0.0,36,21924,卖盘
511,10:23:27,6.09,0.0,13,7917,卖盘
512,10:23:30,6.09,0.0,7,4263,卖盘
513,10:23:36,6.09,0.0,15,9135,卖盘
514,10:23:39,6.1,0.01,2,1220,买盘
515,10:23:43,6.09,-0.01,14,8526,卖盘
516,10:24:01,6.09,0.0,10,6090,买盘
517,10:24:04,6.09,0.0,11,6699,买盘
518,10:24:54,6.09,0.0,9,5481,买盘
519,10:25:18,6.09,0.0,20,12180,买盘
520,10:25:39,6.08,-0.01,10,6080,卖盘
521,10:25:42,6.09,0.01,70,42630,买盘
522,10:26:01,6.09,0.0,10,6090,买盘
523,10:26:18,6.09,0.0,20,12180,买盘
524,10:26:27,6.08,-0.01,77,46816,卖盘
525,10:26:34,6.08,0.0,56,34048,买盘
526,10:26:36,6.08,0.0,8,4864,买盘
527,10:26:42,6.08,0.0,43,26144,卖盘
528,10:26:51,6.08,0.0,10,6080,买盘
529,10:26:54,6.08,0.0,24,14592,买盘
530,10:26:57,6.08,0.0,13,7904,买盘
531,10:27:06,6.08,0.0,30,18240,买盘
532,10:27:09,6.09,0.01,16,9736,买盘
533,10:27:27,6.09,0.0,100,60900,买盘
534,10:27:33,6.08,-0.01,6,3648,卖盘
535,10:27:45,6.08,0.0,6,3648,卖盘
536,10:28:12,6.08,0.0,74,44992,卖盘
537,10:28:15,6.08,0.0,26,15808,买盘
538,10:28:54,6.08,0.0,18,10944,卖盘
539,10:29:21,6.09,0.01,34,20706,买盘
540,10:29:27,6.09,0.0,3,1827,买盘
541,10:29:45,6.08,-0.01,22,13376,卖盘
542,10:30:03,6.08,0.0,25,15200,买盘
543,10:30:21,6.08,0.0,10,6080,卖盘
544,10:30:25,6.1,0.02,474,289027,买盘
545,10:30:36,6.1,0.0,4,2440,买盘
546,10:30:39,6.08,-0.02,81,49248,卖盘
547,10:30:48,6.08,0.0,14,8512,买盘
548,10:30:51,6.08,0.0,5,3040,买盘
549,10:31:18,6.08,0.0,24,14612,卖盘
550,10:32:06,6.08,0.0,55,33440,卖盘
551,10:32:15,6.1,0.02,5,3050,买盘
552,10:32:33,6.08,-0.02,90,54769,卖盘
553,10:32:36,6.08,0.0,14,8512,买盘
554,10:32:48,6.08,0.0,9,5314,买盘
555,10:33:04,6.08,0.0,30,18398,卖盘
556,10:33:21,6.08,0.0,50,30400,买盘
557,10:33:25,6.07,-0.01,31,18829,卖盘
558,10:33:30,6.08,0.01,10,6080,买盘
559,10:33:39,6.08,0.0,1,608,买盘
560,10:33:48,6.08,0.0,66,39970,买盘
561,10:34:18,6.08,0.0,1,608,卖盘
562,10:34:28,6.09,0.01,207,125871,买盘
563,10:34:45,6.09,0.0,4,2436,买盘
564,10:35:06,6.08,-0.01,2,1216,卖盘
565,10:35:12,6.11,0.03,426,259826,买盘
566,10:35:54,6.11,0.0,25,15260,买盘
567,10:36:04,6.11,0.0,62,37882,买盘
568,10:36:12,6.11,0.0,53,32383,买盘
569,10:36:15,6.11,0.0,1,611,买盘
570,10:36:19,6.11,0.0,102,62322,买盘
571,10:36:21,6.11,0.0,199,121589,买盘
572,10:36:39,6.12,0.01,30,18360,买盘
573,10:36:55,6.12,0.0,4,2448,买盘
574,10:36:58,6.12,0.0,172,105233,买盘
575,10:37:12,6.13,0.01,10,6130,买盘
576,10:37:27,6.13,0.0,20,12260,买盘
577,10:37:39,6.13,0.0,43,26359,买盘
578,10:37:42,6.13,0.0,1,613,买盘
579,10:38:00,6.12,-0.01,2,1224,卖盘
580,10:38:12,6.12,0.0,97,59367,卖盘
581,10:38:18,6.12,0.0,235,143820,卖盘
582,10:38:24,6.12,0.0,1,612,卖盘
583,10:38:27,6.13,0.01,84,51462,买盘
584,10:38:36,6.13,0.0,5,3065,买盘
585,10:38:42,6.12,-0.01,5,3060,买盘
586,10:38:45,6.11,-0.01,33,20163,卖盘
587,10:38:48,6.11,0.0,4,2444,卖盘
588,10:39:12,6.12,0.01,25,15300,买盘
589,10:39:21,6.11,-0.01,50,30550,卖盘
590,10:39:24,6.14,0.03,907,556575,买盘
591,10:39:39,6.14,0.0,3,1842,卖盘
592,10:39:45,6.14,0.0,20,12280,卖盘
593,10:39:48,6.15,0.01,14,8600,买盘
594,10:40:03,6.15,0.0,1,615,买盘
595,10:40:18,6.14,-0.01,35,21490,卖盘
596,10:40:21,6.14,0.0,7,4298,卖盘
597,10:40:24,6.15,0.01,29,17835,买盘
598,10:40:27,6.14,-0.01,38,23366,卖盘
599,10:40:33,6.14,0.0,66,40524,买盘
600,10:41:03,6.13,-0.01,3,1839,卖盘
601,10:41:15,6.13,0.0,20,12260,卖盘
602,10:41:18,6.12,-0.01,11,6732,卖盘
603,10:42:06,6.12,0.0,4,2448,卖盘
604,10:42:21,6.14,0.02,36,22098,买盘
605,10:42:30,6.14,0.0,24,14736,买盘
606,10:42:33,6.14,0.0,40,24560,买盘
607,10:42:54,6.14,0.0,123,75522,买盘
608,10:42:58,6.18,0.04,840,517783,买盘
609,10:43:00,6.18,0.0,48,29664,卖盘
610,10:43:04,6.18,0.0,32,19776,卖盘
611,10:43:07,6.18,0.0,86,53179,卖盘
612,10:43:15,6.18,0.0,1,618,买盘
613,10:43:21,6.19,0.01,194,120057,买盘
614,10:43:27,6.15,-0.04,35,21525,卖盘
615,10:43:36,6.18,0.03,40,24720,买盘
616,10:43:39,6.18,0.0,3,1854,卖盘
617,10:43:42,6.18,0.0,34,21002,卖盘
618,10:44:21,6.15,-0.03,100,61573,卖盘
619,10:44:24,6.17,0.02,160,98720,买盘
620,10:44:37,6.17,0.0,105,64780,买盘
621,10:44:51,6.17,0.0,10,6170,买盘
622,10:45:09,6.16,-0.01,6,3696,卖盘
623,10:45:18,6.16,0.0,10,6160,卖盘
624,10:45:21,6.17,0.01,10,6170,买盘
625,10:45:24,6.16,-0.01,5,3080,卖盘
626,10:45:27,6.16,0.0,274,168784,卖盘
627,10:45:39,6.16,0.0,5,3080,买盘
628,10:45:45,6.16,0.0,21,12936,买盘
629,10:46:00,6.15,-0.01,35,21525,卖盘
630,10:46:04,6.16,0.01,19,11704,买盘
631,10:46:06,6.15,-0.01,210,129150,卖盘
632,10:46:30,6.15,0.0,39,23965,买盘
633,10:46:46,6.14,-0.01,2,1228,卖盘
634,10:46:57,6.14,0.0,1,614,卖盘
635,10:47:00,6.13,-0.01,6,3678,卖盘
636,10:47:03,6.14,0.01,16,9824,买盘
637,10:47:15,6.13,-0.01,16,9808,卖盘
638,10:47:18,6.13,0.0,123,75424,买盘
639,10:47:21,6.14,0.01,9,5519,买盘
640,10:47:45,6.13,-0.01,200,122600,卖盘
641,10:47:48,6.15,0.02,171,105165,买盘
642,10:48:13,6.14,-0.01,101,62014,卖盘
643,10:48:15,6.14,0.0,10,6140,买盘
644,10:48:24,6.15,0.01,66,40544,买盘
645,10:48:39,6.15,0.0,30,18450,买盘
646,10:48:42,6.15,0.0,12,7380,买盘
647,10:48:45,6.15,0.0,9,5535,买盘
648,10:48:54,6.15,0.0,1,615,买盘
649,10:49:00,6.15,0.0,62,38130,买盘
650,10:49:09,6.15,0.0,88,54120,卖盘
651,10:49:42,6.16,0.01,409,251655,买盘
652,10:49:52,6.14,-0.02,28,17192,卖盘
653,10:51:06,6.14,0.0,17,10438,卖盘
654,10:51:12,6.15,0.01,3,1845,买盘
655,10:51:30,6.15,0.0,5,3075,买盘
656,10:51:40,6.15,0.0,15,9225,买盘
657,10:51:45,6.15,0.0,11,6765,买盘
658,10:51:48,6.15,0.0,9,5535,卖盘
659,10:52:12,6.15,0.0,114,70110,卖盘
660,10:52:15,6.16,0.01,194,119485,买盘
661,10:52:30,6.16,0.0,10,6160,买盘
662,10:52:39,6.16,0.0,3,1848,买盘
663,10:52:57,6.16,0.0,120,73920,买盘
664,10:53:00,6.16,0.0,4,2581,买盘
665,10:53:12,6.15,-0.01,60,36917,卖盘
666,10:53:15,6.16,0.01,10,6160,买盘
667,10:53:30,6.16,0.0,157,96712,买盘
668,10:53:33,6.16,0.0,8,4928,卖盘
669,10:53:36,6.16,0.0,2,1232,卖盘
670,10:53:39,6.16,0.0,22,13552,卖盘
671,10:53:51,6.16,0.0,8,4928,卖盘
672,10:54:06,6.16,0.0,13,8008,卖盘
673,10:54:15,6.16,0.0,7,4312,买盘
674,10:54:21,6.16,0.0,1,616,卖盘
675,10:54:30,6.16,0.0,20,12320,卖盘
676,10:54:33,6.17,0.01,23,14171,买盘
677,10:54:36,6.16,-0.01,12,7392,卖盘
678,10:54:39,6.17,0.01,3,1851,买盘
679,10:55:00,6.17,0.0,221,136357,买盘
680,10:55:06,6.17,0.0,22,13574,买盘
681,10:55:22,6.18,0.01,12,7416,买盘
682,10:55:28,6.18,0.0,52,32106,买盘
683,10:55:30,6.18,0.0,36,22248,买盘
684,10:55:33,6.18,0.0,20,12360,买盘
685,10:55:36,6.17,-0.01,6,3702,卖盘
686,10:55:39,6.17,0.0,10,6170,买盘
687,10:55:42,6.17,0.0,64,39498,买盘
688,10:55:45,6.17,0.0,17,10489,买盘
689,10:55:48,6.17,0.0,4,2468,买盘
690,10:55:51,6.17,0.0,41,25297,买盘
691,10:56:09,6.17,0.0,20,12340,卖盘
692,10:56:22,6.17,0.0,36,22212,卖盘
693,10:56:27,6.17,0.0,8,4936,买盘
694,10:56:54,6.17,0.0,3,1850,买盘
695,10:56:57,6.17,0.0,100,61700,买盘
696,10:57:00,6.16,-0.01,10,6160,卖盘
697,10:57:15,6.16,0.0,2,1232,卖盘
698,10:57:24,6.16,0.0,4,2464,卖盘
699,10:57:30,6.17,0.01,3,1851,买盘
700,10:57:45,6.16,-0.01,5,3080,卖盘
701,10:57:54,6.16,0.0,4,2464,卖盘
702,10:58:15,6.16,0.0,6,3696,卖盘
703,10:58:24,6.16,0.0,173,106568,卖盘
704,10:58:45,6.16,0.0,4,2464,卖盘
705,10:58:54,6.16,0.0,3,1848,卖盘
706,10:58:57,6.16,0.0,20,12320,卖盘
707,10:59:01,6.16,0.0,15,9240,卖盘
708,10:59:15,6.16,0.0,3,1848,卖盘
709,10:59:21,6.16,0.0,7,4312,卖盘
710,10:59:24,6.16,0.0,12,7394,卖盘
711,10:59:27,6.16,0.0,9,5544,卖盘
712,10:59:31,6.16,0.0,6,3696,卖盘
713,10:59:33,6.17,0.01,25,15425,买盘
714,10:59:39,6.15,-0.02,13,8001,卖盘
715,10:59:42,6.16,0.01,60,36960,买盘
716,11:00:04,6.17,0.01,12,7398,买盘
717,11:00:27,6.17,0.0,3,1851,买盘
718,11:00:37,6.16,-0.01,5,3080,卖盘
719,11:00:42,6.16,0.0,13,8008,卖盘
720,11:00:45,6.18,0.02,200,123466,买盘
721,11:01:01,6.18,0.0,20,12360,买盘
722,11:01:12,6.17,-0.01,5,3085,买盘
723,11:01:27,6.16,-0.01,70,43120,卖盘
724,11:02:09,6.16,0.0,20,12320,卖盘
725,11:02:21,6.16,0.0,38,23408,卖盘
726,11:02:36,6.16,0.0,2,1232,卖盘
727,11:02:42,6.16,0.0,15,9240,卖盘
728,11:02:51,6.16,0.0,2,1232,卖盘
729,11:02:54,6.16,0.0,20,12320,卖盘
730,11:03:10,6.16,0.0,24,14784,卖盘
731,11:03:24,6.17,0.01,200,123400,买盘
732,11:03:51,6.17,0.0,74,45658,买盘
733,11:04:12,6.17,0.0,139,85763,买盘
734,11:04:21,6.17,0.0,61,37637,卖盘
735,11:04:39,6.16,-0.01,45,27740,卖盘
736,11:04:48,6.16,0.0,95,58573,卖盘
737,11:04:57,6.17,0.01,18,11106,买盘
738,11:05:21,6.16,-0.01,4,2464,卖盘
739,11:05:27,6.16,0.0,15,9240,卖盘
740,11:05:42,6.16,0.0,14,8624,卖盘
741,11:05:52,6.15,-0.01,110,67650,卖盘
742,11:05:57,6.15,0.0,142,87330,卖盘
743,11:06:01,6.15,0.0,11,6765,买盘
744,11:06:04,6.14,-0.01,12,7370,卖盘
745,11:06:06,6.15,0.01,5,3075,买盘
746,11:06:13,6.16,0.01,6,3696,买盘
747,11:06:34,6.16,0.0,20,12320,买盘
748,11:07:00,6.15,-0.01,1,615,卖盘
749,11:07:12,6.16,0.01,50,30800,买盘
750,11:07:21,6.15,-0.01,3,1845,卖盘
751,11:07:31,6.15,0.0,5,3075,卖盘
752,11:07:39,6.15,0.0,10,6150,卖盘
753,11:07:51,6.16,0.01,82,50512,买盘
754,11:08:33,6.17,0.01,8,4936,买盘
755,11:08:40,6.16,-0.01,1,616,卖盘
756,11:09:00,6.16,0.0,3,1848,卖盘
757,11:09:12,6.16,0.0,2,1232,卖盘
758,11:09:54,6.16,0.0,43,26488,卖盘
759,11:10:06,6.16,0.0,58,35728,卖盘
760,11:10:21,6.15,-0.01,1,615,卖盘
761,11:10:24,6.16,0.01,1,616,买盘
762,11:10:27,6.15,-0.01,15,9225,卖盘
763,11:10:33,6.16,0.01,3,1848,买盘
764,11:11:09,6.15,-0.01,35,21555,卖盘
765,11:11:24,6.15,0.0,5,3075,卖盘
766,11:11:27,6.15,0.0,33,20295,卖盘
767,11:11:48,6.16,0.01,3,1848,买盘
768,11:11:57,6.15,-0.01,2,1230,卖盘
769,11:12:33,6.15,0.0,30,18450,卖盘
770,11:13:03,6.15,0.0,16,9840,卖盘
771,11:13:31,6.16,0.01,4,2464,买盘
772,11:13:42,6.15,-0.01,2,1230,卖盘
773,11:13:45,6.15,0.0,6,3690,卖盘
774,11:13:48,6.16,0.01,32,19712,买盘
775,11:14:06,6.16,0.0,30,18480,买盘
776,11:14:27,6.15,-0.01,24,14760,卖盘
777,11:14:36,6.15,0.0,111,68265,卖盘
778,11:15:06,6.15,0.0,40,24600,卖盘
779,11:15:24,6.15,0.0,2,1230,卖盘
780,11:15:45,6.15,0.0,10,6150,卖盘
781,11:16:00,6.15,0.0,11,6765,卖盘
782,11:16:46,6.16,0.01,33,20328,买盘
783,11:16:48,6.16,0.0,148,91024,买盘
784,11:16:57,6.15,-0.01,101,62115,卖盘
785,11:17:36,6.16,0.01,15,9240,买盘
786,11:17:39,6.16,0.0,31,19096,买盘
787,11:17:51,6.15,-0.01,375,230625,卖盘
788,11:18:10,6.14,-0.01,858,526812,卖盘
789,11:18:42,6.13,-0.01,1,613,卖盘
790,11:19:13,6.13,0.0,8,4904,卖盘
791,11:19:15,6.13,0.0,91,55783,卖盘
792,11:19:22,6.13,0.0,50,30650,买盘
793,11:19:27,6.13,0.0,16,9808,买盘
794,11:20:12,6.13,0.0,2,1226,买盘
795,11:20:18,6.13,0.0,30,18390,买盘
796,11:20:21,6.12,-0.01,1,612,卖盘
797,11:20:42,6.12,0.0,1,612,卖盘
798,11:21:00,6.13,0.01,20,12260,买盘
799,11:21:24,6.12,-0.01,30,18360,卖盘
800,11:21:27,6.13,0.01,1,613,买盘
801,11:21:30,6.13,0.0,29,17777,买盘
802,11:21:48,6.12,-0.01,2,1224,卖盘
803,11:21:57,6.13,0.01,6,3678,买盘
804,11:22:00,6.13,0.0,5,3065,卖盘
805,11:22:15,6.13,0.0,37,22681,卖盘
806,11:22:46,6.13,0.0,2,1226,卖盘
807,11:23:01,6.13,0.0,6,3678,买盘
808,11:23:04,6.12,-0.01,38,23263,卖盘
809,11:23:21,6.13,0.01,2,1226,买盘
810,11:23:42,6.13,0.0,2,1226,卖盘
811,11:23:51,6.14,0.01,20,12280,买盘
812,11:24:48,6.14,0.0,32,19648,买盘
813,11:24:57,6.14,0.0,173,106227,卖盘
814,11:25:00,6.14,0.0,11,6754,买盘
815,11:25:12,6.15,0.01,5,3075,买盘
816,11:25:21,6.14,-0.01,1,614,卖盘
817,11:25:36,6.14,0.0,170,104380,卖盘
818,11:25:57,6.13,-0.01,83,50959,卖盘
819,11:26:36,6.14,0.01,10,6140,买盘
820,11:26:51,6.13,-0.01,57,34941,卖盘
821,11:27:04,6.13,0.0,1,613,卖盘
822,11:27:51,6.13,0.0,90,55182,卖盘
823,11:28:27,6.14,0.01,38,23332,买盘
824,11:28:36,6.13,-0.01,1,613,卖盘
825,11:29:18,6.13,0.0,97,59369,卖盘
826,13:00:01,6.12,-0.01,80,49020,卖盘
827,13:00:04,6.15,0.03,80,49064,买盘
828,13:00:07,6.14,-0.01,2,1228,卖盘
829,13:00:18,6.15,0.01,20,12300,买盘
830,13:00:21,6.14,-0.01,1,614,卖盘
831,13:00:24,6.14,0.0,1,614,买盘
832,13:00:27,6.15,0.01,82,50430,买盘
833,13:00:45,6.15,0.0,82,50430,买盘
834,13:01:00,6.14,-0.01,13,7982,卖盘
835,13:01:03,6.15,0.01,82,50428,买盘
836,13:01:13,6.15,0.0,92,56580,买盘
837,13:01:15,6.15,0.0,150,92250,买盘
838,13:01:24,6.15,0.0,31,19065,买盘
839,13:01:36,6.15,0.0,82,50430,买盘
840,13:01:42,6.15,0.0,1,615,买盘
841,13:01:48,6.15,0.0,82,50430,买盘
842,13:02:06,6.14,-0.01,2,1228,卖盘
843,13:02:21,6.15,0.01,30,18450,买盘
844,13:02:33,6.15,0.0,10,6150,买盘
845,13:02:42,6.15,0.0,5,3075,买盘
846,13:03:06,6.15,0.0,6,3690,买盘
847,13:03:24,6.15,0.0,30,18450,买盘
848,13:03:33,6.15,0.0,41,25215,买盘
849,13:03:39,6.15,0.0,5,3075,买盘
850,13:03:42,6.14,-0.01,2,1228,卖盘
851,13:03:51,6.15,0.01,4,2460,买盘
852,13:04:06,6.14,-0.01,66,40524,卖盘
853,13:05:09,6.13,-0.01,63,38619,卖盘
854,13:05:21,6.13,0.0,1,613,卖盘
855,13:05:24,6.14,0.01,1,614,买盘
856,13:05:45,6.14,0.0,10,6140,买盘
857,13:05:57,6.14,0.0,18,11052,买盘
858,13:06:24,6.14,0.0,10,6140,买盘
859,13:07:04,6.13,-0.01,1,613,卖盘
860,13:07:06,6.13,0.0,6,3678,卖盘
861,13:07:12,6.14,0.01,20,12280,买盘
862,13:08:09,6.14,0.0,10,6140,买盘
863,13:08:39,6.13,-0.01,16,9808,卖盘
864,13:08:42,6.13,0.0,1,613,卖盘
865,13:09:54,6.13,0.0,70,42910,卖盘
866,13:10:21,6.14,0.01,48,29472,买盘
867,13:10:24,6.13,-0.01,2,1226,卖盘
868,13:11:33,6.14,0.01,9,5526,买盘
869,13:11:51,6.14,0.0,21,12894,买盘
870,13:12:06,6.13,-0.01,2,1226,卖盘
871,13:13:39,6.13,0.0,2,1226,卖盘
872,13:13:42,6.13,0.0,2,1227,卖盘
873,13:14:06,6.13,0.0,10,6130,卖盘
874,13:14:15,6.14,0.01,1,614,买盘
875,13:14:54,6.13,-0.01,53,32489,卖盘
876,13:15:21,6.13,0.0,35,21455,卖盘
877,13:15:24,6.13,0.0,1,613,卖盘
878,13:15:45,6.13,0.0,45,27585,卖盘
879,13:15:54,6.14,0.01,72,44300,买盘
880,13:17:04,6.14,0.0,50,30700,卖盘
881,13:17:06,6.14,0.0,1,614,卖盘
882,13:18:39,6.14,0.0,1,614,卖盘
883,13:18:45,6.15,0.01,2,1230,买盘
884,13:19:06,6.14,-0.01,1,614,卖盘
885,13:19:12,6.15,0.01,1,615,买盘
886,13:19:57,6.15,0.0,32,19680,买盘
887,13:20:27,6.14,-0.01,2,1228,卖盘
888,13:20:36,6.14,0.0,10,6140,卖盘
889,13:20:45,6.14,0.0,20,12280,卖盘
890,13:21:10,6.14,0.0,3,1842,卖盘
891,13:21:16,6.15,0.01,100,61500,买盘
892,13:22:00,6.14,-0.01,2,1228,卖盘
893,13:22:06,6.15,0.01,8,4920,买盘
894,13:23:21,6.14,-0.01,193,118502,卖盘
895,13:23:24,6.15,0.01,10,6150,买盘
896,13:23:30,6.15,0.0,1,615,买盘
897,13:23:45,6.14,-0.01,97,59654,卖盘
898,13:23:48,6.14,0.0,40,24560,卖盘
899,13:23:57,6.15,0.01,1,615,买盘
900,13:24:00,6.15,0.0,11,6765,买盘
901,13:24:04,6.15,0.0,2,1230,买盘
902,13:24:06,6.14,-0.01,1,614,卖盘
903,13:24:33,6.15,0.01,24,14760,买盘
904,13:24:39,6.15,0.0,22,13530,买盘
905,13:24:42,6.14,-0.01,8,4912,卖盘
906,13:24:51,6.15,0.01,22,13530,买盘
907,13:24:57,6.15,0.0,11,6765,买盘
908,13:25:09,6.15,0.0,20,12300,买盘
909,13:25:18,6.15,0.0,1,615,买盘
910,13:25:21,6.14,-0.01,1,614,卖盘
911,13:25:27,6.13,-0.01,829,508362,卖盘
912,13:25:31,6.13,0.0,2,1226,买盘
913,13:25:34,6.13,0.0,14,8674,买盘
914,13:25:45,6.13,0.0,40,24530,卖盘
915,13:25:48,6.13,0.0,1,613,买盘
916,13:25:52,6.13,0.0,1,613,买盘
917,13:25:55,6.13,0.0,7,4291,买盘
918,13:26:54,6.14,0.01,5,3070,买盘
919,13:27:01,6.14,0.0,9,5526,卖盘
920,13:28:00,6.14,0.0,61,37454,卖盘
921,13:28:27,6.14,0.0,17,10438,买盘
922,13:28:46,6.13,-0.01,2,1226,卖盘
923,13:29:04,6.14,0.01,16,9824,买盘
924,13:29:09,6.14,0.0,11,6754,买盘
925,13:29:21,6.14,0.0,5,3070,买盘
926,13:29:42,6.14,0.0,6,3684,买盘
927,13:30:06,6.14,0.0,35,21490,买盘
928,13:30:18,6.15,0.01,6,3690,买盘
929,13:30:24,6.14,-0.01,7,4298,卖盘
930,13:30:33,6.14,0.0,5,3070,买盘
931,13:30:54,6.14,0.0,15,9210,卖盘
932,13:31:18,6.14,0.0,2,1228,卖盘
933,13:32:04,6.14,0.0,1,614,卖盘
934,13:32:58,6.14,0.0,7,4298,卖盘
935,13:33:01,6.14,0.0,10,6140,卖盘
936,13:33:04,6.15,0.01,5,3075,买盘
937,13:33:07,6.14,-0.01,14,8596,卖盘
938,13:33:42,6.13,-0.01,1,613,卖盘
939,13:34:12,6.13,0.0,7,4291,卖盘
940,13:34:45,6.13,0.0,1,613,卖盘
941,13:35:03,6.13,0.0,10,6130,卖盘
942,13:35:21,6.13,0.0,1,613,卖盘
943,13:35:33,6.14,0.01,43,26402,买盘
944,13:35:45,6.14,0.0,13,7982,买盘
945,13:36:15,6.13,-0.01,1,613,卖盘
946,13:36:27,6.13,0.0,7,4291,卖盘
947,13:37:04,6.13,0.0,1,613,卖盘
948,13:37:18,6.13,0.0,1,613,卖盘
949,13:37:48,6.14,0.01,32,19648,买盘
950,13:38:39,6.13,-0.01,35,21455,卖盘
951,13:38:45,6.13,0.0,2,1226,卖盘
952,13:38:54,6.14,0.01,53,32542,买盘
953,13:39:18,6.14,0.0,1,614,买盘
954,13:39:30,6.14,0.0,22,13508,买盘
955,13:39:33,6.14,0.0,50,30700,买盘
956,13:39:42,6.14,0.0,16,9824,买盘
957,13:39:51,6.14,0.0,1,614,买盘
958,13:39:57,6.14,0.0,5,3070,买盘
959,13:40:27,6.13,-0.01,2,1226,卖盘
960,13:40:33,6.14,0.01,72,44208,买盘
961,13:41:09,6.14,0.0,39,23946,买盘
962,13:41:12,6.14,0.0,1,614,买盘
963,13:42:04,6.13,-0.01,1,613,卖盘
964,13:42:06,6.14,0.01,176,108064,买盘
965,13:42:12,6.14,0.0,32,19452,买盘
966,13:43:15,6.15,0.01,50,30750,买盘
967,13:43:30,6.14,-0.01,20,12280,卖盘
968,13:43:48,6.14,0.0,1,614,卖盘
969,13:43:54,6.15,0.01,32,19680,买盘
970,13:44:12,6.15,0.0,10,6150,买盘
971,13:44:18,6.15,0.0,10,6150,买盘
972,13:44:34,6.15,0.0,10,6150,买盘
973,13:44:42,6.15,0.0,2,1230,买盘
974,13:45:04,6.15,0.0,22,13530,买盘
975,13:45:12,6.15,0.0,1,615,卖盘
976,13:45:27,6.15,0.0,1,615,卖盘
977,13:45:30,6.15,0.0,60,36900,卖盘
978,13:45:36,6.15,0.0,23,14145,卖盘
979,13:45:57,6.15,0.0,21,12915,卖盘
980,13:46:04,6.16,0.01,50,30800,买盘
981,13:46:06,6.15,-0.01,33,20295,卖盘
982,13:46:12,6.15,0.0,30,18450,卖盘
983,13:46:30,6.16,0.01,126,77544,买盘
984,13:46:42,6.16,0.0,2,1232,买盘
985,13:47:09,6.14,-0.02,2,1228,卖盘
986,13:48:12,6.15,0.01,10,6150,买盘
987,13:48:39,6.14,-0.01,2,1228,卖盘
988,13:48:54,6.15,0.01,26,15990,买盘
989,13:49:18,6.16,0.01,14,8624,买盘
990,13:49:21,6.15,-0.01,5,3075,卖盘
991,13:49:24,6.16,0.01,16,9856,买盘
992,13:49:45,6.15,-0.01,50,30750,卖盘
993,13:49:48,6.15,0.0,10,6150,卖盘
994,13:50:21,6.15,0.0,111,68265,卖盘
995,13:50:24,6.15,0.0,9,5535,卖盘
996,13:50:27,6.16,0.01,32,19712,买盘
997,13:51:24,6.15,-0.01,69,42435,卖盘
998,13:51:57,6.15,0.0,81,49815,买盘
999,13:52:18,6.14,-0.01,6,3684,卖盘
1000,13:52:48,6.15,0.01,1,615,买盘
1001,13:52:51,6.14,-0.01,57,34998,卖盘
1002,13:52:57,6.14,0.0,83,50962,卖盘
1003,13:53:06,6.14,0.0,10,6140,卖盘
1004,13:53:30,6.14,0.0,1,614,卖盘
1005,13:54:18,6.14,0.0,5,3070,卖盘
1006,13:54:42,6.14,0.0,1,614,卖盘
1007,13:54:54,6.14,0.0,52,31928,卖盘
1008,13:54:57,6.14,0.0,82,50380,卖盘
1009,13:55:18,6.15,0.01,8,4920,买盘
1010,13:55:51,6.15,0.0,30,18450,买盘
1011,13:56:12,6.14,-0.01,20,12280,卖盘
1012,13:56:15,6.15,0.01,10,6145,买盘
1013,13:56:36,6.14,-0.01,13,7982,卖盘
1014,13:56:42,6.15,0.01,30,18450,买盘
1015,13:56:54,6.15,0.0,30,18450,买盘
1016,13:57:12,6.14,-0.01,10,6140,卖盘
1017,13:57:15,6.14,0.0,31,19042,卖盘
1018,13:57:24,6.15,0.01,1,615,买盘
1019,13:57:27,6.15,0.0,1,615,买盘
1020,13:57:33,6.15,0.0,1,615,买盘
1021,13:58:09,6.14,-0.01,1,614,买盘
1022,13:58:28,6.14,0.0,2,1228,卖盘
1023,13:58:30,6.14,0.0,1,614,卖盘
1024,13:58:51,6.14,0.0,2,1228,卖盘
1025,13:59:39,6.14,0.0,117,72034,卖盘
1026,14:00:19,6.14,0.0,42,25788,买盘
1027,14:00:33,6.14,0.0,8,4912,买盘
1028,14:00:43,6.14,0.0,8,4912,买盘
1029,14:01:06,6.13,-0.01,10,6130,卖盘
1030,14:02:06,6.14,0.01,50,30700,买盘
1031,14:02:22,6.14,0.0,281,172534,买盘
1032,14:02:24,6.14,0.0,14,8596,买盘
1033,14:02:33,6.14,0.0,80,48924,买盘
1034,14:03:09,6.14,0.0,15,9210,卖盘
1035,14:03:12,6.14,0.0,83,50962,卖盘
1036,14:03:21,6.14,0.0,4,2260,买盘
1037,14:03:39,6.15,0.01,1,615,买盘
1038,14:04:18,6.15,0.0,7,4305,买盘
1039,14:04:34,6.15,0.0,5,3075,买盘
1040,14:05:04,6.14,-0.01,16,10020,卖盘
1041,14:05:09,6.14,0.0,35,21490,买盘
1042,14:05:18,6.13,-0.01,140,85820,卖盘
1043,14:05:33,6.14,0.01,35,21294,买盘
1044,14:05:51,6.13,-0.01,100,61345,卖盘
1045,14:06:21,6.13,0.0,100,61300,卖盘
1046,14:07:12,6.13,0.0,130,79690,卖盘
1047,14:07:27,6.13,0.0,106,64978,卖盘
1048,14:08:15,6.13,0.0,10,6130,卖盘
1049,14:09:24,6.14,0.01,4,2456,买盘
1050,14:09:45,6.14,0.0,34,20876,买盘
1051,14:09:54,6.13,-0.01,10,6130,卖盘
1052,14:10:15,6.13,0.0,30,18390,卖盘
1053,14:10:45,6.13,0.0,40,24520,卖盘
1054,14:10:48,6.13,0.0,97,59657,卖盘
1055,14:11:18,6.12,-0.01,24,14688,卖盘
1056,14:11:30,6.13,0.01,20,12260,买盘
1057,14:11:39,6.13,0.0,49,30037,买盘
1058,14:12:12,6.13,0.0,10,6130,买盘
1059,14:12:15,6.13,0.0,29,17581,买盘
1060,14:12:18,6.13,0.0,4,2452,卖盘
1061,14:12:21,6.13,0.0,47,29007,卖盘
1062,14:12:36,6.13,0.0,3,1839,买盘
1063,14:12:48,6.12,-0.01,33,20196,卖盘
1064,14:13:36,6.13,0.01,53,32293,买盘
1065,14:13:52,6.13,0.0,63,38619,卖盘
1066,14:14:37,6.14,0.01,100,61592,买盘
1067,14:14:48,6.12,-0.02,100,61237,卖盘
1068,14:14:54,6.14,0.02,239,146746,买盘
1069,14:14:57,6.14,0.0,1,614,买盘
1070,14:15:00,6.14,0.0,1,614,买盘
1071,14:15:04,6.14,0.0,1,614,买盘
1072,14:15:12,6.14,0.0,5,3070,买盘
1073,14:15:46,6.13,-0.01,3,1839,卖盘
1074,14:15:48,6.13,0.0,22,13486,买盘
1075,14:16:57,6.13,0.0,50,30650,卖盘
1076,14:17:09,6.13,0.0,20,12260,卖盘
1077,14:17:12,6.13,0.0,10,6130,卖盘
1078,14:17:42,6.13,0.0,10,6130,卖盘
1079,14:17:57,6.13,0.0,26,15938,卖盘
1080,14:18:39,6.13,0.0,43,26359,卖盘
1081,14:19:04,6.13,0.0,40,24520,卖盘
1082,14:19:24,6.13,0.0,146,89498,卖盘
1083,14:19:51,6.13,0.0,55,33715,买盘
1084,14:20:24,6.14,0.01,7,4298,买盘
1085,14:20:54,6.13,-0.01,2,1226,卖盘
1086,14:21:04,6.13,0.0,1,613,卖盘
1087,14:21:16,6.13,0.0,10,6130,卖盘
1088,14:22:45,6.12,-0.01,1216,744499,卖盘
1089,14:22:48,6.12,0.0,63,38556,买盘
1090,14:23:24,6.11,-0.01,30,18330,卖盘
1091,14:23:42,6.1,-0.01,70,42700,卖盘
1092,14:24:21,6.11,0.01,162,98982,买盘
1093,14:24:24,6.11,0.0,18,10984,买盘
1094,14:24:27,6.11,0.0,3,1833,买盘
1095,14:24:30,6.11,0.0,3,1833,买盘
1096,14:24:33,6.11,0.0,2,1222,买盘
1097,14:24:36,6.11,0.0,3,1637,买盘
1098,14:24:48,6.12,0.01,4,2448,买盘
1099,14:25:06,6.13,0.01,1,613,卖盘
1100,14:25:18,6.13,0.0,10,6130,买盘
1101,14:25:45,6.13,0.0,6,3678,买盘
1102,14:26:00,6.13,0.0,4,2452,卖盘
1103,14:26:09,6.13,0.0,2,1226,买盘
1104,14:26:30,6.12,-0.01,6,3672,卖盘
1105,14:26:36,6.13,0.01,2,1226,买盘
1106,14:26:45,6.12,-0.01,20,12240,卖盘
1107,14:26:54,6.13,0.01,2,1226,买盘
1108,14:27:12,6.13,0.0,2,1226,买盘
1109,14:27:24,6.13,0.0,1,613,买盘
1110,14:27:46,6.13,0.0,2,1226,买盘
1111,14:28:00,6.13,0.0,2,1226,买盘
1112,14:28:09,6.13,0.0,2,1226,买盘
1113,14:28:15,6.13,0.0,2,1226,买盘
1114,14:28:33,6.13,0.0,200,122600,买盘
1115,14:28:54,6.13,0.0,58,35554,买盘
1116,14:28:57,6.13,0.0,5,3065,卖盘
1117,14:29:21,6.13,0.0,2,1226,卖盘
1118,14:29:34,6.13,0.0,14,8582,卖盘
1119,14:29:54,6.13,0.0,13,7969,卖盘
1120,14:30:04,6.13,0.0,8,4904,卖盘
1121,14:30:30,6.12,-0.01,73,44676,卖盘
1122,14:30:51,6.11,-0.01,2,1222,卖盘
1123,14:31:06,6.11,0.0,10,6110,卖盘
1124,14:31:33,6.12,0.01,1,612,买盘
1125,14:31:48,6.12,0.0,1,612,买盘
1126,14:31:57,6.11,-0.01,20,12220,卖盘
1127,14:32:15,6.11,0.0,5,3055,卖盘
1128,14:32:33,6.12,0.01,1,612,买盘
1129,14:32:39,6.12,0.0,100,61200,买盘
1130,14:32:52,6.12,0.0,15,9180,买盘
1131,14:33:12,6.12,0.0,3,1836,买盘
1132,14:33:15,6.11,-0.01,33,20163,卖盘
1133,14:33:39,6.11,0.0,20,12220,卖盘
1134,14:34:09,6.11,0.0,132,80652,卖盘
1135,14:34:42,6.11,0.0,11,6721,卖盘
1136,14:35:03,6.12,0.01,100,61200,买盘
1137,14:35:06,6.11,-0.01,4,2444,卖盘
1138,14:35:09,6.12,0.01,50,30600,买盘
1139,14:35:27,6.12,0.0,2,1224,买盘
1140,14:35:45,6.12,0.0,12,7344,买盘
1141,14:35:48,6.12,0.0,103,63036,买盘
1142,14:36:01,6.12,0.0,101,61812,买盘
1143,14:36:18,6.12,0.0,52,31826,卖盘
1144,14:36:36,6.12,0.0,100,61200,卖盘
1145,14:36:39,6.11,-0.01,132,80727,卖盘
1146,14:36:45,6.11,0.0,4,2444,卖盘
1147,14:37:03,6.12,0.01,1,612,卖盘
1148,14:37:06,6.12,0.0,4,2448,买盘
1149,14:37:09,6.12,0.0,12,7344,买盘
1150,14:37:13,6.12,0.0,16,9792,买盘
1151,14:37:16,6.12,0.0,1,612,买盘
1152,14:37:36,6.12,0.0,38,23264,卖盘
1153,14:38:04,6.12,0.0,32,19584,卖盘
1154,14:38:19,6.12,0.0,48,29376,买盘
1155,14:38:28,6.12,0.0,13,7956,买盘
1156,14:38:57,6.11,-0.01,1,611,卖盘
1157,14:39:00,6.12,0.01,3,1836,买盘
1158,14:39:06,6.12,0.0,82,50184,买盘
1159,14:39:13,6.11,-0.01,2,1222,卖盘
1160,14:39:45,6.12,0.01,17,10398,买盘
1161,14:39:54,6.11,-0.01,6,3666,卖盘
1162,14:40:24,6.12,0.01,13,7956,买盘
1163,14:41:06,6.12,0.0,16,9792,买盘
1164,14:41:18,6.11,-0.01,149,91039,卖盘
1165,14:41:24,6.11,0.0,20,12220,卖盘
1166,14:41:42,6.12,0.01,1,612,买盘
1167,14:42:24,6.12,0.0,12,7344,买盘
1168,14:42:30,6.12,0.0,1,612,买盘
1169,14:42:40,6.12,0.0,360,220320,买盘
1170,14:42:57,6.12,0.0,5,3060,买盘
1171,14:43:09,6.12,0.0,134,82008,买盘
1172,14:43:18,6.12,0.0,17,10404,买盘
1173,14:43:22,6.12,0.0,6,3672,买盘
1174,14:43:33,6.12,0.0,39,23868,买盘
1175,14:43:51,6.12,0.0,35,21390,买盘
1176,14:44:24,6.11,-0.01,50,30550,卖盘
1177,14:44:31,6.11,0.0,50,30550,卖盘
1178,14:44:51,6.11,0.0,38,23218,卖盘
1179,14:44:54,6.12,0.01,12,7344,买盘
1180,14:44:57,6.12,0.0,202,123624,买盘
1181,14:45:09,6.12,0.0,35,21415,买盘
1182,14:45:13,6.11,-0.01,190,116090,卖盘
1183,14:45:18,6.12,0.01,466,285192,买盘
1184,14:45:30,6.12,0.0,116,70992,买盘
1185,14:45:45,6.12,0.0,171,104652,卖盘
1186,14:45:48,6.12,0.0,96,58752,买盘
1187,14:45:52,6.12,0.0,30,18360,买盘
1188,14:45:55,6.12,0.0,8,4896,买盘
1189,14:45:57,6.13,0.01,6,3673,买盘
1190,14:46:12,6.13,0.0,12,7356,买盘
1191,14:46:15,6.13,0.0,8,4904,买盘
1192,14:46:18,6.13,0.0,3,1839,买盘
1193,14:46:21,6.13,0.0,4,2452,买盘
1194,14:46:24,6.13,0.0,10,6130,卖盘
1195,14:46:33,6.13,0.0,70,42910,买盘
1196,14:46:36,6.13,0.0,6,3678,买盘
1197,14:46:40,6.12,-0.01,9,5512,卖盘
1198,14:46:42,6.13,0.01,9,5517,买盘
1199,14:46:45,6.13,0.0,1,613,买盘
1200,14:46:49,6.13,0.0,49,30037,卖盘
1201,14:47:04,6.13,0.0,7,4291,买盘
1202,14:47:12,6.13,0.0,20,12260,买盘
1203,14:47:48,6.12,-0.01,6,3672,卖盘
1204,14:47:51,6.13,0.01,12,7356,买盘
1205,14:47:57,6.12,-0.01,371,227052,卖盘
1206,14:48:03,6.12,0.0,59,36108,买盘
1207,14:48:07,6.12,0.0,11,6732,买盘
1208,14:48:10,6.12,0.0,49,29988,买盘
1209,14:48:12,6.12,0.0,10,6120,买盘
1210,14:48:18,6.12,0.0,115,70380,买盘
1211,14:48:24,6.11,-0.01,1,342,卖盘
1212,14:48:37,6.11,0.0,402,245645,卖盘
1213,14:48:45,6.1,-0.01,385,234947,卖盘
1214,14:48:51,6.11,0.01,19,11609,卖盘
1215,14:48:54,6.11,0.0,4,2444,买盘
1216,14:49:03,6.11,0.0,42,25662,买盘
1217,14:49:06,6.11,0.0,41,25051,买盘
1218,14:49:12,6.11,0.0,34,20774,卖盘
1219,14:49:15,6.11,0.0,2,1222,买盘
1220,14:49:18,6.11,0.0,1,611,买盘
1221,14:49:21,6.11,0.0,1,611,买盘
1222,14:49:24,6.11,0.0,11,6721,买盘
1223,14:49:39,6.12,0.01,7,4284,买盘
1224,14:49:43,6.12,0.0,20,12240,买盘
1225,14:49:48,6.12,0.0,681,416188,买盘
1226,14:50:06,6.12,0.0,179,109548,买盘
1227,14:50:12,6.12,0.0,20,12240,中性盘
1228,14:50:15,6.12,0.0,58,35496,买盘
1229,14:50:21,6.12,0.0,22,13464,买盘
1230,14:50:27,6.12,0.0,300,183600,卖盘
1231,14:50:33,6.12,0.0,115,70380,卖盘
1232,14:50:39,6.12,0.0,95,58140,买盘
1233,14:50:42,6.12,0.0,33,20196,买盘
1234,14:50:48,6.12,0.0,30,18360,买盘
1235,14:51:30,6.11,-0.01,10,6110,卖盘
1236,14:51:42,6.12,0.01,80,48960,买盘
1237,14:51:51,6.12,0.0,47,28764,买盘
1238,14:52:13,6.12,0.0,42,25704,买盘
1239,14:52:24,6.11,-0.01,1,611,卖盘
1240,14:52:27,6.12,0.01,57,34884,买盘
1241,14:52:33,6.11,-0.01,75,45825,卖盘
1242,14:52:37,6.11,0.0,20,12220,卖盘
1243,14:52:57,6.12,0.01,84,51408,买盘
1244,14:53:06,6.11,-0.01,6,3667,卖盘
1245,14:53:09,6.11,0.0,1,611,卖盘
1246,14:53:12,6.12,0.01,4,2448,买盘
1247,14:53:15,6.12,0.0,6,3672,买盘
1248,14:53:18,6.12,0.0,72,44064,买盘
1249,14:53:39,6.12,0.0,41,25092,买盘
1250,14:53:42,6.12,0.0,36,22032,买盘
1251,14:53:45,6.12,0.0,86,52632,买盘
1252,14:53:51,6.11,-0.01,217,132800,卖盘
1253,14:53:57,6.12,0.01,114,69768,买盘
1254,14:54:00,6.12,0.0,34,20808,买盘
1255,14:54:03,6.11,-0.01,2,1222,卖盘
1256,14:54:06,6.11,0.0,12,7342,卖盘
1257,14:54:18,6.12,0.01,21,12852,买盘
1258,14:54:27,6.12,0.0,117,71604,买盘
1259,14:54:30,6.12,0.0,116,70975,卖盘
1260,14:54:39,6.12,0.0,84,51408,买盘
1261,14:54:45,6.12,0.0,2,1224,买盘
1262,14:55:04,6.11,-0.01,2,1222,卖盘
1263,14:55:06,6.11,0.0,2,1222,卖盘
1264,14:55:09,6.12,0.01,30,18360,买盘
1265,14:55:15,6.11,-0.01,17,10387,卖盘
1266,14:55:21,6.11,0.0,52,31772,卖盘
1267,14:55:24,6.11,0.0,1,611,卖盘
1268,14:55:28,6.11,0.0,110,67216,卖盘
1269,14:55:34,6.11,0.0,37,22607,卖盘
1270,14:55:42,6.12,0.01,6,3672,买盘
1271,14:55:51,6.12,0.0,2,1224,买盘
1272,14:55:58,6.12,0.0,41,25092,买盘
1273,14:56:06,6.12,0.0,40,24480,买盘
1274,14:56:10,6.12,0.0,1,612,买盘
1275,14:56:16,6.11,-0.01,27,16497,卖盘
1276,14:56:21,6.12,0.01,5,3060,买盘
1277,14:56:34,6.12,0.0,50,30600,买盘
1278,14:56:36,6.11,-0.01,37,22617,卖盘
1279,14:56:42,6.12,0.01,410,250920,买盘
1280,14:56:51,6.12,0.0,784,479808,买盘
1281,15:00:04,6.12,0.0,1349,825588,卖盘
