,time,price,change,volume,amount,type
0,09:25:04,15.56,-0.24,31,48236,卖盘
1,09:30:07,15.77,0.21,11,17347,买盘
2,09:30:10,15.77,0.0,2,3154,买盘
3,09:30:13,15.77,0.0,30,47310,买盘
4,09:30:22,15.76,-0.01,14,22065,中性盘
5,09:30:25,15.76,0.0,2,3152,买盘
6,09:30:40,15.76,0.0,6,9456,买盘
7,09:30:43,15.76,0.0,4,6304,卖盘
8,09:30:58,15.69,-0.07,4,6276,卖盘
9,09:31:04,15.69,0.0,4,6276,买盘
10,09:31:13,15.68,-0.01,17,26658,卖盘
11,09:31:19,15.67,-0.01,9,14103,买盘
12,09:31:22,15.67,0.0,20,31340,买盘
13,09:31:25,15.67,0.0,6,9402,买盘
14,09:31:37,15.69,0.02,1,1569,卖盘
15,09:31:40,15.7,0.01,4,6280,买盘
16,09:31:52,15.71,0.01,1,1571,买盘
17,09:31:55,15.7,-0.01,36,56530,卖盘
18,09:32:04,15.69,-0.01,1,1569,卖盘
19,09:32:07,15.7,0.01,33,51810,买盘
20,09:32:13,15.7,0.0,7,10990,买盘
21,09:32:22,15.7,0.0,1,1570,买盘
22,09:32:25,15.7,0.0,27,42390,买盘
23,09:32:28,15.7,0.0,2,3140,买盘
24,09:32:31,15.69,-0.01,5,7847,卖盘
25,09:32:34,15.69,0.0,5,7845,买盘
26,09:33:07,15.75,0.06,14,22050,买盘
27,09:33:10,15.77,0.02,12,18924,买盘
28,09:33:13,15.75,-0.02,2,3150,卖盘
29,09:33:40,15.75,0.0,1,1575,卖盘
30,09:33:43,15.77,0.02,19,29963,买盘
31,09:33:49,15.75,-0.02,18,28350,卖盘
32,09:34:19,15.77,0.02,9,14193,买盘
33,09:34:22,15.77,0.0,1,1577,买盘
34,09:34:25,15.77,0.0,4,6308,买盘
35,09:34:28,15.76,-0.01,3,4728,卖盘
36,09:34:46,15.76,0.0,2,3153,卖盘
37,09:34:52,15.76,0.0,4,6304,卖盘
38,09:34:55,15.75,-0.01,10,15750,卖盘
39,09:35:01,15.76,0.01,10,15754,买盘
40,09:35:43,15.76,0.0,2,3152,卖盘
41,09:36:22,15.76,0.0,5,7880,买盘
42,09:36:43,15.76,0.0,6,9456,买盘
43,09:36:46,15.74,-0.02,9,14170,卖盘
44,09:37:01,15.74,0.0,2,3148,买盘
45,09:37:10,15.71,-0.03,24,37730,卖盘
46,09:37:16,15.7,-0.01,6,9420,卖盘
47,09:37:25,15.71,0.01,6,9426,买盘
48,09:37:37,15.74,0.03,1,1574,买盘
49,09:37:40,15.73,-0.01,2,3146,卖盘
50,09:37:58,15.73,0.0,22,34596,买盘
51,09:38:01,15.77,0.04,26,40909,买盘
52,09:38:07,15.72,-0.05,3,4726,卖盘
53,09:38:10,15.77,0.05,1,1577,卖盘
54,09:38:22,15.77,0.0,30,47310,买盘
55,09:39:25,15.74,-0.03,3,4722,卖盘
56,09:39:34,15.75,0.01,1,1575,卖盘
57,09:39:40,15.75,0.0,2,3150,卖盘
58,09:39:58,15.74,-0.01,3,4722,卖盘
59,09:40:01,15.73,-0.01,3,4719,卖盘
60,09:40:07,15.74,0.01,1,1574,买盘
61,09:40:13,15.72,-0.02,5,7860,卖盘
62,09:40:16,15.74,0.02,6,9437,买盘
63,09:40:19,15.69,-0.05,1,1569,卖盘
64,09:40:31,15.69,0.0,4,6291,卖盘
65,09:40:46,15.75,0.06,2,3150,买盘
66,09:41:13,15.74,-0.01,10,15740,卖盘
67,09:41:16,15.76,0.02,21,33058,买盘
68,09:41:40,15.76,0.0,9,14184,卖盘
69,09:41:52,15.77,0.01,6,9462,买盘
70,09:42:01,15.76,-0.01,14,22064,卖盘
71,09:42:04,15.76,0.0,1,1576,卖盘
72,09:42:07,15.77,0.01,6,9462,买盘
73,09:42:19,15.76,-0.01,9,14184,卖盘
74,09:42:58,15.77,0.01,14,22076,买盘
75,09:43:40,15.79,0.02,10,15790,买盘
76,09:44:37,15.78,-0.01,2,3156,卖盘
77,09:44:43,15.78,0.0,3,4734,卖盘
78,09:45:10,15.77,-0.01,11,17347,卖盘
79,09:45:16,15.77,0.0,1,1577,卖盘
80,09:45:19,15.77,0.0,22,34694,卖盘
81,09:45:28,15.77,0.0,15,23655,卖盘
82,09:45:31,15.78,0.01,10,15780,买盘
83,09:45:34,15.77,-0.01,24,37858,卖盘
84,09:45:37,15.77,0.0,25,39425,卖盘
85,09:45:52,15.78,0.01,2,3156,买盘
86,09:46:01,15.77,-0.01,10,15770,卖盘
87,09:46:05,15.78,0.01,2,3156,买盘
88,09:46:07,15.77,-0.01,13,20501,卖盘
89,09:46:13,15.77,0.0,3,4731,买盘
90,09:46:19,15.76,-0.01,8,12608,卖盘
91,09:46:22,15.77,0.01,6,9460,买盘
92,09:46:31,15.77,0.0,2,3154,买盘
93,09:46:37,15.79,0.02,13,20521,买盘
94,09:46:49,15.72,-0.07,9,14148,买盘
95,09:47:40,15.74,0.02,1,1574,卖盘
96,09:47:55,15.78,0.04,1,1578,买盘
97,09:48:43,15.78,0.0,1,1578,买盘
98,09:49:16,15.78,0.0,2,3156,买盘
99,09:49:19,15.75,-0.03,7,11025,卖盘
100,09:49:43,15.76,0.01,1,1576,卖盘
101,09:49:46,15.75,-0.01,11,17325,卖盘
102,09:50:52,15.76,0.01,1,1576,卖盘
103,09:51:43,15.78,0.02,3,4734,买盘
104,09:52:07,15.76,-0.02,1,1576,卖盘
105,09:53:19,15.77,0.01,1,1577,卖盘
106,09:53:28,15.78,0.01,10,15773,买盘
107,09:53:34,15.76,-0.02,6,9456,卖盘
108,09:53:43,15.75,-0.01,34,53553,卖盘
109,09:54:04,15.74,-0.01,5,7871,卖盘
110,09:54:19,15.73,-0.01,1,1573,卖盘
111,09:55:07,15.72,-0.01,10,15720,卖盘
112,09:55:13,15.69,-0.03,62,97354,卖盘
113,09:55:19,15.72,0.03,56,87942,买盘
114,09:55:34,15.72,0.0,6,9432,卖盘
115,09:55:43,15.72,0.0,2,3144,买盘
116,09:55:49,15.72,0.0,1,1572,买盘
117,09:55:52,15.7,-0.02,74,116180,卖盘
118,09:56:13,15.69,-0.01,5,7845,卖盘
119,09:56:19,15.69,0.0,2,3138,卖盘
120,09:56:28,15.69,0.0,6,9414,卖盘
121,09:56:46,15.7,0.01,2,3140,买盘
122,09:57:28,15.7,0.0,5,7850,买盘
123,09:58:40,15.69,-0.01,21,32950,卖盘
124,09:58:43,15.7,0.01,29,45530,买盘
125,09:58:49,15.7,0.0,1,1570,买盘
126,09:58:58,15.68,-0.02,3,4704,中性盘
127,09:59:13,15.7,0.02,30,47082,买盘
128,09:59:19,15.7,0.0,1,1570,买盘
129,09:59:31,15.67,-0.03,22,34478,卖盘
130,09:59:58,15.68,0.01,1,1568,卖盘
131,10:00:01,15.68,0.0,12,18816,卖盘
132,10:00:04,15.68,0.0,5,7840,卖盘
133,10:00:10,15.7,0.02,1,1570,买盘
134,10:00:16,15.68,-0.02,1,1568,卖盘
135,10:00:40,15.68,0.0,4,6272,卖盘
136,10:01:28,15.68,0.0,1,1568,卖盘
137,10:01:43,15.68,0.0,1,1568,卖盘
138,10:02:07,15.68,0.0,1,1568,卖盘
139,10:02:19,15.68,0.0,2,3136,卖盘
140,10:02:43,15.69,0.01,1,1569,买盘
141,10:03:10,15.69,0.0,1,1569,买盘
142,10:03:25,15.69,0.0,2,3138,买盘
143,10:03:46,15.67,-0.02,5,7838,卖盘
144,10:04:07,15.63,-0.04,13,20319,卖盘
145,10:04:10,15.67,0.04,1,1567,买盘
146,10:04:22,15.67,0.0,99,155060,买盘
147,10:04:25,15.68,0.01,4,6272,卖盘
148,10:04:31,15.68,0.0,3,4704,卖盘
149,10:04:40,15.68,0.0,3,4704,卖盘
150,10:04:49,15.68,0.0,2,3136,卖盘
151,10:04:52,15.68,0.0,1,1568,买盘
152,10:05:07,15.69,0.01,4,6276,卖盘
153,10:05:49,15.68,-0.01,2,3136,卖盘
154,10:06:10,15.68,0.0,1,1568,买盘
155,10:06:16,15.69,0.01,4,6276,买盘
156,10:06:40,15.65,-0.04,4,6260,卖盘
157,10:07:04,15.69,0.04,10,15690,买盘
158,10:07:10,15.69,0.0,1,1569,买盘
159,10:07:16,15.69,0.0,1,1569,买盘
160,10:07:19,15.69,0.0,1,1569,买盘
161,10:07:31,15.69,0.0,7,10983,买盘
162,10:07:46,15.7,0.01,10,15700,买盘
163,10:07:52,15.69,-0.01,9,14121,卖盘
164,10:07:58,15.69,0.0,2,3138,买盘
165,10:08:22,15.65,-0.04,78,122112,卖盘
166,10:08:31,15.65,0.0,22,34430,买盘
167,10:09:16,15.68,0.03,2,3136,买盘
168,10:09:55,15.68,0.0,1,1568,中性盘
169,10:09:58,15.68,0.0,2,3136,买盘
170,10:11:10,15.68,0.0,2,3136,买盘
171,10:11:16,15.66,-0.02,33,51686,卖盘
172,10:11:40,15.65,-0.01,3,4695,卖盘
173,10:11:55,15.66,0.01,7,10962,买盘
174,10:12:01,15.66,0.0,11,17226,买盘
175,10:12:28,15.67,0.01,1,1567,卖盘
176,10:12:31,15.67,0.0,2,3134,卖盘
177,10:12:52,15.67,0.0,10,15670,买盘
178,10:12:55,15.66,-0.01,6,9396,卖盘
179,10:14:55,15.7,0.04,3,4710,买盘
180,10:15:10,15.7,0.0,1,1570,买盘
181,10:15:13,15.7,0.0,1,1570,买盘
182,10:15:31,15.7,0.0,5,7850,买盘
183,10:15:55,15.71,0.01,1,1571,买盘
184,10:15:58,15.71,0.0,1,1571,买盘
185,10:16:01,15.72,0.01,1,1572,买盘
186,10:18:40,15.76,0.04,1,1576,买盘
187,10:19:10,15.76,0.0,2,3152,买盘
188,10:19:28,15.76,0.0,1,1576,买盘
189,10:20:52,15.76,0.0,4,6304,卖盘
190,10:21:10,15.78,0.02,5,7890,买盘
191,10:21:46,15.76,-0.02,9,14184,卖盘
192,10:22:34,15.76,0.0,5,7880,买盘
193,10:22:40,15.75,-0.01,4,6300,卖盘
194,10:23:31,15.75,0.0,6,9450,卖盘
195,10:24:10,15.75,0.0,1,1575,买盘
196,10:25:10,15.75,0.0,2,3150,买盘
197,10:25:52,15.75,0.0,8,12600,买盘
198,10:25:58,15.75,0.0,1,1575,买盘
199,10:26:04,15.75,0.0,1,1575,买盘
200,10:27:01,15.75,0.0,12,18900,买盘
201,10:27:07,15.75,0.0,1,1575,买盘
202,10:27:10,15.75,0.0,1,1575,买盘
203,10:27:16,15.75,0.0,2,3150,买盘
204,10:27:22,15.76,0.01,1,1576,买盘
205,10:27:25,15.76,0.0,2,3152,卖盘
206,10:28:16,15.76,0.0,7,11032,卖盘
207,10:28:25,15.76,0.0,12,18912,买盘
208,10:28:28,15.76,0.0,1,1576,买盘
209,10:28:31,15.76,0.0,8,12608,买盘
210,10:28:37,15.76,0.0,11,17336,买盘
211,10:28:43,15.78,0.02,1,1578,买盘
212,10:29:10,15.76,-0.02,18,28375,卖盘
213,10:29:22,15.79,0.03,2,3158,买盘
214,10:29:40,15.78,-0.01,10,15780,卖盘
215,10:29:46,15.79,0.01,5,7893,买盘
216,10:30:07,15.78,-0.01,2,3156,买盘
217,10:30:22,15.76,-0.02,1,1576,卖盘
218,10:30:37,15.76,0.0,3,4728,买盘
219,10:30:40,15.75,-0.01,1,1575,卖盘
220,10:31:07,15.75,0.0,3,4725,买盘
221,10:32:07,15.74,-0.01,6,9444,卖盘
222,10:33:04,15.73,-0.01,3,4719,卖盘
223,10:33:07,15.73,0.0,2,3146,买盘
224,10:33:37,15.74,0.01,10,15740,买盘
225,10:34:07,15.74,0.0,4,6296,买盘
226,10:34:36,15.74,0.0,1,1574,买盘
227,10:34:39,15.74,0.0,1,1574,买盘
228,10:34:43,15.74,0.0,1,1574,买盘
229,10:34:46,15.74,0.0,1,1574,买盘
230,10:34:49,15.74,0.0,9,14166,买盘
231,10:35:04,15.79,0.05,18,28422,买盘
232,10:35:10,15.8,0.01,1,1580,买盘
233,10:35:13,15.8,0.0,3,4740,买盘
234,10:35:28,15.79,-0.01,3,4737,卖盘
235,10:35:31,15.8,0.01,1,1580,买盘
236,10:35:40,15.79,-0.01,74,116919,卖盘
237,10:36:46,15.8,0.01,1,1580,卖盘
238,10:37:04,15.84,0.04,3,4752,买盘
239,10:37:34,15.84,0.0,4,6336,买盘
240,10:38:04,15.85,0.01,20,31694,买盘
241,10:38:16,15.8,-0.05,2,3164,卖盘
242,10:38:31,15.85,0.05,10,15850,买盘
243,10:39:07,15.85,0.0,2,3170,买盘
244,10:39:37,15.85,0.0,9,14259,买盘
245,10:39:39,15.85,0.0,2,3171,卖盘
246,10:39:46,15.83,-0.02,1,1583,卖盘
247,10:39:55,15.84,0.01,1,1584,中性盘
248,10:40:01,15.84,0.0,11,17424,卖盘
249,10:40:07,15.83,-0.01,7,11086,卖盘
250,10:40:25,15.83,0.0,3,4749,买盘
251,10:40:34,15.82,-0.01,5,7910,卖盘
252,10:42:19,15.82,0.0,15,23730,卖盘
253,10:42:27,15.82,0.0,6,9492,买盘
254,10:42:40,15.82,0.0,5,7910,买盘
255,10:42:49,15.81,-0.01,1,1581,卖盘
256,10:42:55,15.82,0.01,1,1582,买盘
257,10:43:07,15.83,0.01,2,3166,买盘
258,10:43:39,15.83,0.0,3,4749,买盘
259,10:44:04,15.8,-0.03,18,28448,卖盘
260,10:44:22,15.73,-0.07,18,28370,卖盘
261,10:45:33,15.8,0.07,2,3160,卖盘
262,10:46:04,15.81,0.01,1,1581,卖盘
263,10:46:49,15.82,0.01,1,1582,卖盘
264,10:47:19,15.82,0.0,3,4746,卖盘
265,10:48:04,15.81,-0.01,1,1581,卖盘
266,10:48:07,15.81,0.0,5,7905,卖盘
267,10:48:34,15.81,0.0,1,1581,买盘
268,10:48:43,15.81,0.0,2,3162,买盘
269,10:48:49,15.8,-0.01,2,3160,卖盘
270,10:49:06,15.8,0.0,1,1580,买盘
271,10:49:40,15.8,0.0,1,1580,买盘
272,10:49:55,15.76,-0.04,2,3153,卖盘
273,10:50:22,15.8,0.04,1,1580,买盘
274,10:51:07,15.8,0.0,2,3160,买盘
275,10:51:31,15.76,-0.04,2,3152,卖盘
276,10:52:58,15.8,0.04,1,1580,买盘
277,10:53:09,15.8,0.0,4,6320,卖盘
278,10:53:30,15.76,-0.04,2,3152,卖盘
279,10:54:19,15.78,0.02,1,1578,买盘
280,10:54:22,15.78,0.0,6,9476,中性盘
281,10:54:25,15.79,0.01,1,1579,中性盘
282,10:54:31,15.8,0.01,12,18960,买盘
283,10:54:37,15.8,0.0,20,31600,买盘
284,10:54:40,15.8,0.0,12,18960,买盘
285,10:54:43,15.82,0.02,9,14238,买盘
286,10:54:46,15.82,0.0,33,52206,买盘
287,10:54:49,15.82,0.0,10,15814,买盘
288,10:54:52,15.82,0.0,16,25312,买盘
289,10:54:55,15.82,0.0,8,12656,买盘
290,10:54:58,15.82,0.0,23,36386,买盘
291,10:55:01,15.82,0.0,7,11074,买盘
292,10:55:07,15.82,0.0,2,3164,买盘
293,10:55:22,15.82,0.0,2,3164,买盘
294,10:55:40,15.82,0.0,2,3164,卖盘
295,10:55:55,15.83,0.01,3,4749,买盘
296,10:56:07,15.83,0.0,5,7915,买盘
297,10:57:07,15.83,0.0,2,3166,买盘
298,10:57:37,15.83,0.0,2,3166,买盘
299,10:57:40,15.83,0.0,2,3166,买盘
300,10:58:13,15.83,0.0,2,3166,卖盘
301,10:58:30,15.81,-0.02,4,6324,卖盘
302,10:58:37,15.83,0.02,10,15830,买盘
303,10:59:07,15.85,0.02,2,3170,买盘
304,11:00:07,15.83,-0.02,1,1583,卖盘
305,11:02:16,15.83,0.0,12,18996,卖盘
306,11:02:43,15.83,0.0,6,9498,卖盘
307,11:03:36,15.84,0.01,1,1584,卖盘
308,11:03:42,15.83,-0.01,1,1583,卖盘
309,11:04:36,15.82,-0.01,3,4746,卖盘
310,11:05:25,15.82,0.0,7,11074,卖盘
311,11:05:34,15.82,0.0,1,1582,买盘
312,11:06:04,15.82,0.0,5,7910,买盘
313,11:06:49,15.83,0.01,1,1583,卖盘
314,11:08:52,15.81,-0.02,20,31634,卖盘
315,11:08:58,15.81,0.0,1,1581,卖盘
316,11:09:07,15.79,-0.02,6,9474,卖盘
317,11:09:39,15.78,-0.01,9,14202,卖盘
318,11:11:04,15.79,0.01,4,6316,买盘
319,11:11:16,15.78,-0.01,11,17366,卖盘
320,11:11:49,15.78,0.0,4,6312,卖盘
321,11:13:04,15.77,-0.01,3,4732,卖盘
322,11:16:07,15.83,0.06,1,1583,买盘
323,11:16:24,15.79,-0.04,1,1579,卖盘
324,11:16:40,15.8,0.01,1,1580,卖盘
325,11:16:46,15.79,-0.01,11,17369,卖盘
326,11:17:15,15.81,0.02,6,9486,买盘
327,11:18:49,15.8,-0.01,1,1580,买盘
328,11:19:22,15.79,-0.01,1,1579,卖盘
329,11:20:45,15.78,-0.01,15,23670,卖盘
330,11:20:49,15.79,0.01,6,9474,买盘
331,11:22:43,15.78,-0.01,2,3156,卖盘
332,11:22:49,15.79,0.01,1,1579,买盘
333,11:23:01,15.78,-0.01,1,1578,卖盘
334,11:24:51,15.78,0.0,17,26826,卖盘
335,11:25:04,15.78,0.0,10,15780,买盘
336,11:25:37,15.78,0.0,9,14202,买盘
337,11:25:43,15.78,0.0,8,12624,买盘
338,11:27:25,15.79,0.01,5,7895,买盘
339,11:28:13,15.78,-0.01,5,7891,卖盘
340,11:29:39,15.8,0.02,1,1580,买盘
341,13:00:07,15.82,0.02,54,85328,买盘
342,13:00:10,15.82,0.0,6,9492,卖盘
343,13:00:12,15.82,0.0,2,3164,卖盘
344,13:00:21,15.82,0.0,1,1582,卖盘
345,13:00:42,15.84,0.02,1,1584,买盘
346,13:01:21,15.84,0.0,1,1584,买盘
347,13:01:54,15.84,0.0,2,3168,买盘
348,13:01:57,15.83,-0.01,17,26911,卖盘
349,13:02:49,15.83,0.0,3,4749,卖盘
350,13:02:52,15.84,0.01,1,1584,买盘
351,13:03:43,15.84,0.0,1,1584,买盘
352,13:04:49,15.83,-0.01,3,4749,卖盘
353,13:07:21,15.83,0.0,17,26911,卖盘
354,13:07:37,15.82,-0.01,126,199332,卖盘
355,13:07:43,15.8,-0.02,2,3160,卖盘
356,13:08:04,15.8,0.0,1,1580,买盘
357,13:08:07,15.8,0.0,6,9480,买盘
358,13:08:30,15.78,-0.02,2,3156,卖盘
359,13:08:39,15.78,0.0,1,1578,买盘
360,13:10:54,15.78,0.0,1,1578,买盘
361,13:12:12,15.78,0.0,1,1578,买盘
362,13:12:40,15.78,0.0,25,39450,买盘
363,13:12:49,15.8,0.02,1,1580,买盘
364,13:15:34,15.8,0.0,1,1580,买盘
365,13:15:43,15.82,0.02,2,3164,买盘
366,13:15:58,15.82,0.0,5,7910,买盘
367,13:16:19,15.82,0.0,2,3164,买盘
368,13:16:37,15.82,0.0,7,11074,买盘
369,13:17:28,15.8,-0.02,7,11060,买盘
370,13:19:36,15.82,0.02,1,1582,买盘
371,13:19:54,15.82,0.0,1,1582,买盘
372,13:20:31,15.82,0.0,10,15820,买盘
373,13:20:58,15.82,0.0,19,30058,买盘
374,13:21:03,15.83,0.01,13,20579,买盘
375,13:21:31,15.83,0.0,4,6332,卖盘
376,13:22:37,15.83,0.0,10,15830,卖盘
377,13:22:51,15.84,0.01,1,1584,买盘
378,13:23:03,15.84,0.0,2,3168,买盘
379,13:23:19,15.84,0.0,1,1584,买盘
380,13:23:31,15.84,0.0,1,1584,买盘
381,13:25:37,15.84,0.0,5,7920,买盘
382,13:25:48,15.85,0.01,2,3170,买盘
383,13:26:16,15.85,0.0,1,1585,买盘
384,13:27:07,15.85,0.0,1,1585,买盘
385,13:28:25,15.85,0.0,3,4755,买盘
386,13:28:58,15.82,-0.03,17,26897,卖盘
387,13:31:04,15.84,0.02,5,7920,买盘
388,13:32:55,15.85,0.01,1,1585,买盘
389,13:33:25,15.85,0.0,2,3170,买盘
390,13:34:01,15.82,-0.03,7,11086,卖盘
391,13:36:51,15.82,0.0,24,37972,卖盘
392,13:37:48,15.82,0.0,26,41132,卖盘
393,13:38:07,15.85,0.03,1,1585,买盘
394,13:38:25,15.82,-0.03,1,1582,卖盘
395,13:38:37,15.85,0.03,5,7925,买盘
396,13:38:46,15.85,0.0,5,7925,买盘
397,13:38:49,15.85,0.0,1,1585,买盘
398,13:39:04,15.87,0.02,7,11109,买盘
399,13:39:42,15.86,-0.01,1,1586,买盘
400,13:40:06,15.85,-0.01,2,3170,卖盘
401,13:40:42,15.85,0.0,2,3170,买盘
402,13:41:27,15.85,0.0,4,6340,买盘
403,13:41:30,15.85,0.0,1,1585,买盘
404,13:42:06,15.85,0.0,5,7925,买盘
405,13:42:10,15.85,0.0,23,36455,卖盘
406,13:42:19,15.85,0.0,10,15850,买盘
407,13:42:24,15.87,0.02,86,136477,买盘
408,13:43:01,15.87,0.0,13,20639,卖盘
409,13:43:04,15.89,0.02,54,85764,买盘
410,13:43:15,15.91,0.02,1,1591,买盘
411,13:43:18,15.91,0.0,17,27047,买盘
412,13:43:21,15.91,0.0,12,19092,卖盘
413,13:43:37,15.92,0.01,10,15920,买盘
414,13:43:57,15.93,0.01,1,1593,卖盘
415,13:44:01,15.93,0.0,1,1593,卖盘
416,13:44:10,15.94,0.01,1,1594,卖盘
417,13:44:13,15.94,0.0,1,1594,卖盘
418,13:44:16,15.91,-0.03,101,160703,卖盘
419,13:44:22,15.91,0.0,12,19092,卖盘
420,13:44:24,15.91,0.0,3,4773,卖盘
421,13:44:27,15.92,0.01,3,4776,卖盘
422,13:44:30,15.92,0.0,1,1592,卖盘
423,13:44:39,15.91,-0.01,2,3182,卖盘
424,13:44:42,15.91,0.0,16,25456,卖盘
425,13:45:25,15.91,0.0,3,4773,卖盘
426,13:45:42,15.91,0.0,4,6364,卖盘
427,13:45:54,15.91,0.0,3,4773,买盘
428,13:47:09,15.88,-0.03,3,4765,卖盘
429,13:48:54,15.88,0.0,2,3176,卖盘
430,13:50:58,15.87,-0.01,4,6348,卖盘
431,13:51:22,15.87,0.0,17,26979,卖盘
432,13:52:07,15.86,-0.01,20,31720,卖盘
433,13:52:13,15.86,0.0,3,4758,卖盘
434,13:52:19,15.86,0.0,1,1586,卖盘
435,13:53:36,15.86,0.0,2,3172,卖盘
436,13:54:49,15.86,0.0,6,9516,卖盘
437,13:55:25,15.85,-0.01,2,3170,卖盘
438,13:57:49,15.86,0.01,2,3172,买盘
439,13:59:37,15.86,0.0,1,1586,买盘
440,14:01:18,15.86,0.0,1,1586,买盘
441,14:01:52,15.85,-0.01,5,7925,卖盘
442,14:02:34,15.86,0.01,4,6344,买盘
443,14:03:00,15.86,0.0,1,1586,买盘
444,14:03:06,15.85,-0.01,3,4755,卖盘
445,14:03:13,15.85,0.0,2,3170,卖盘
446,14:03:22,15.85,0.0,6,9510,卖盘
447,14:04:54,15.85,0.0,1,1585,买盘
448,14:05:25,15.85,0.0,5,7925,买盘
449,14:05:37,15.84,-0.01,4,6336,卖盘
450,14:06:09,15.84,0.0,13,20592,卖盘
451,14:06:39,15.83,-0.01,2,3166,卖盘
452,14:06:49,15.83,0.0,1,1583,卖盘
453,14:07:01,15.83,0.0,1,1583,买盘
454,14:07:28,15.83,0.0,5,7915,买盘
455,14:07:34,15.83,0.0,2,3166,买盘
456,14:07:40,15.83,0.0,7,11081,买盘
457,14:08:12,15.84,0.01,1,1584,买盘
458,14:08:15,15.83,-0.01,1,1583,卖盘
459,14:08:31,15.84,0.01,1,1584,买盘
460,14:09:09,15.84,0.0,2,3168,买盘
461,14:09:18,15.84,0.0,15,23760,卖盘
462,14:09:24,15.84,0.0,48,76032,卖盘
463,14:11:16,15.82,-0.02,10,15825,卖盘
464,14:11:25,15.82,0.0,7,11074,卖盘
465,14:11:28,15.82,0.0,2,3164,卖盘
466,14:11:31,15.82,0.0,1,1582,卖盘
467,14:12:25,15.82,0.0,10,15820,卖盘
468,14:12:28,15.82,0.0,2,3164,卖盘
469,14:12:30,15.82,0.0,2,3164,卖盘
470,14:12:49,15.82,0.0,22,34804,卖盘
471,14:14:52,15.81,-0.01,3,4743,卖盘
472,14:15:33,15.84,0.03,5,7920,买盘
473,14:17:48,15.84,0.0,1,1584,卖盘
474,14:19:43,15.85,0.01,1,1585,买盘
475,14:20:21,15.85,0.0,6,9510,买盘
476,14:20:28,15.85,0.0,3,4755,卖盘
477,14:21:06,15.82,-0.03,3,4750,卖盘
478,14:23:18,15.82,0.0,10,15820,卖盘
479,14:23:21,15.82,0.0,1,1582,买盘
480,14:24:43,15.82,0.0,1,1582,买盘
481,14:24:46,15.81,-0.01,3,4743,卖盘
482,14:24:55,15.81,0.0,6,9486,卖盘
483,14:25:37,15.82,0.01,1,1582,买盘
484,14:25:46,15.82,0.0,7,11074,买盘
485,14:26:34,15.82,0.0,7,11074,卖盘
486,14:26:37,15.82,0.0,1,1582,买盘
487,14:27:10,15.81,-0.01,6,9486,卖盘
488,14:27:30,15.8,-0.01,4,6320,卖盘
489,14:28:06,15.81,0.01,4,6324,卖盘
490,14:28:13,15.8,-0.01,2,3160,卖盘
491,14:28:16,15.8,0.0,8,12640,卖盘
492,14:28:55,15.8,0.0,2,3160,卖盘
493,14:30:10,15.79,-0.01,1,1579,卖盘
494,14:34:04,15.77,-0.02,9,14199,卖盘
495,14:34:10,15.77,0.0,2,3154,卖盘
496,14:34:22,15.77,0.0,7,11039,卖盘
497,14:36:22,15.76,-0.01,7,11032,卖盘
498,14:38:04,15.73,-0.03,7,11017,卖盘
499,14:39:10,15.75,0.02,10,15750,买盘
500,14:39:49,15.74,-0.01,2,3148,卖盘
501,14:40:16,15.74,0.0,2,3148,卖盘
502,14:40:28,15.74,0.0,6,9444,卖盘
503,14:41:25,15.75,0.01,2,3150,买盘
504,14:43:07,15.74,-0.01,20,31480,卖盘
505,14:43:58,15.74,0.0,1,1574,买盘
506,14:44:00,15.73,-0.01,3,4719,卖盘
507,14:44:10,15.73,0.0,2,3146,卖盘
508,14:44:36,15.73,0.0,6,9438,买盘
509,14:45:16,15.73,0.0,8,12584,买盘
510,14:45:31,15.73,0.0,3,4719,卖盘
511,14:45:34,15.73,0.0,6,9438,卖盘
512,14:45:58,15.73,0.0,1,1573,买盘
513,14:46:01,15.73,0.0,10,15730,买盘
514,14:46:10,15.72,-0.01,1,1572,卖盘
515,14:46:19,15.72,0.0,30,47160,买盘
516,14:46:22,15.74,0.02,50,78661,买盘
517,14:46:28,15.71,-0.03,1,1571,卖盘
518,14:46:31,15.74,0.03,10,15740,买盘
519,14:47:25,15.74,0.0,20,31480,买盘
520,14:47:31,15.74,0.0,3,4722,买盘
521,14:48:01,15.72,-0.02,1,1572,卖盘
522,14:48:55,15.74,0.02,1,1574,买盘
523,14:49:04,15.74,0.0,5,7870,买盘
524,14:49:07,15.7,-0.04,106,166506,卖盘
525,14:49:43,15.73,0.03,20,31460,买盘
526,14:49:58,15.74,0.01,50,78700,买盘
527,14:50:10,15.73,-0.01,1,1573,卖盘
528,14:50:13,15.74,0.01,20,31480,买盘
529,14:50:31,15.74,0.0,30,47220,买盘
530,14:50:55,15.74,0.0,9,14166,买盘
531,14:51:01,15.74,0.0,2,3148,买盘
532,14:51:10,15.74,0.0,8,12592,买盘
533,14:51:28,15.74,0.0,5,7870,买盘
534,14:51:40,15.73,-0.01,36,56627,卖盘
535,14:52:07,15.68,-0.05,292,458162,卖盘
536,14:52:22,15.68,0.0,9,14112,买盘
537,14:52:25,15.67,-0.01,12,18804,卖盘
538,14:52:28,15.68,0.01,4,6272,买盘
539,14:52:37,15.67,-0.01,6,9402,卖盘
540,14:52:43,15.68,0.01,34,53312,买盘
541,14:52:52,15.68,0.0,4,6272,买盘
542,14:53:31,15.69,0.01,36,56484,卖盘
543,14:53:46,15.69,0.0,20,31380,卖盘
544,14:53:52,15.69,0.0,10,15690,买盘
545,14:54:13,15.69,0.0,14,21966,卖盘
546,14:54:28,15.72,0.03,3,4716,买盘
547,14:54:37,15.69,-0.03,1,1569,卖盘
548,14:55:19,15.71,0.02,1,1571,买盘
549,14:55:31,15.72,0.01,14,22008,买盘
550,14:55:34,15.73,0.01,49,77067,买盘
551,14:55:40,15.72,-0.01,27,42469,卖盘
552,14:55:46,15.72,0.0,15,23580,买盘
553,14:55:49,15.72,0.0,10,15720,买盘
554,14:55:55,15.72,0.0,16,25152,买盘
555,14:56:19,15.74,0.02,6,9444,买盘
556,14:56:40,15.77,0.03,1,1577,买盘
557,14:56:46,15.77,0.0,1,1577,买盘
558,14:56:49,15.74,-0.03,15,23613,卖盘
559,14:56:52,15.77,0.03,2,3151,买盘
560,15:00:05,15.74,-0.03,74,116476,卖盘
