,time,price,change,volume,amount,type
0,09:30:07,16.18,0.1,38,61467,中性盘
1,09:30:19,16.18,0.0,1,1618,卖盘
2,09:31:58,16.09,-0.09,1,1609,卖盘
3,09:32:16,16.09,0.0,5,8045,卖盘
4,09:32:31,16.09,0.0,2,3218,卖盘
5,09:33:07,16.13,0.04,1,1613,买盘
6,09:33:16,16.13,0.0,7,11291,买盘
7,09:33:28,16.15,0.02,5,8075,买盘
8,09:33:31,16.13,-0.02,5,8065,卖盘
9,09:33:46,16.13,0.0,43,69359,卖盘
10,09:33:52,16.13,0.0,1,1613,卖盘
11,09:34:10,16.13,0.0,3,4839,买盘
12,09:34:25,16.13,0.0,6,9678,买盘
13,09:35:16,16.1,-0.03,8,12880,卖盘
14,09:35:49,16.11,0.01,10,16110,卖盘
15,09:36:28,16.1,-0.01,12,19320,卖盘
16,09:37:10,16.11,0.01,2,3222,买盘
17,09:37:43,16.1,-0.01,11,17710,卖盘
18,09:38:10,16.1,0.0,1,1610,卖盘
19,09:38:19,16.09,-0.01,6,9654,卖盘
20,09:38:25,16.1,0.01,4,6440,买盘
21,09:39:22,16.1,0.0,9,14490,卖盘
22,09:39:55,16.09,-0.01,35,56329,卖盘
23,09:40:13,16.09,0.0,12,19308,卖盘
24,09:40:19,16.09,0.0,36,57924,卖盘
25,09:40:28,16.08,-0.01,3,4824,卖盘
26,09:43:25,16.09,0.01,6,9654,买盘
27,09:43:28,16.09,0.0,3,4827,买盘
28,09:44:58,16.09,0.0,2,3218,买盘
29,09:45:40,16.1,0.01,33,53130,买盘
30,09:45:43,16.1,0.0,10,16100,卖盘
31,09:46:01,16.11,0.01,10,16110,买盘
32,09:46:28,16.13,0.02,44,70972,买盘
33,09:46:49,16.14,0.01,8,12912,买盘
34,09:47:04,16.14,0.0,3,4842,卖盘
35,09:47:07,16.14,0.0,8,12912,卖盘
36,09:47:22,16.14,0.0,20,32280,买盘
37,09:48:07,16.14,0.0,3,4842,买盘
38,09:48:10,16.14,0.0,5,8070,买盘
39,09:49:25,16.15,0.01,5,8075,买盘
40,09:49:31,16.14,-0.01,3,4842,卖盘
41,09:49:55,16.14,0.0,12,19368,买盘
42,09:50:04,16.12,-0.02,23,37076,卖盘
43,09:50:31,16.12,0.0,24,38688,卖盘
44,09:50:49,16.12,0.0,8,12896,卖盘
45,09:51:31,16.12,0.0,1,1612,卖盘
46,09:51:43,16.12,0.0,3,4836,买盘
47,09:51:49,16.12,0.0,7,11284,卖盘
48,09:52:07,16.12,0.0,36,58032,买盘
49,09:52:10,16.12,0.0,2,3224,卖盘
50,09:52:37,16.12,0.0,13,20956,买盘
51,09:53:34,16.13,0.01,7,11291,买盘
52,09:53:55,16.14,0.01,20,32280,买盘
53,09:54:13,16.13,-0.01,12,19358,卖盘
54,09:54:34,16.12,-0.01,12,19344,卖盘
55,09:54:46,16.11,-0.01,12,19332,卖盘
56,09:55:04,16.12,0.01,1,1612,买盘
57,09:55:19,16.11,-0.01,5,8055,卖盘
58,09:55:52,16.08,-0.03,12,19299,卖盘
59,09:56:07,16.08,0.0,20,32160,买盘
60,09:56:43,16.12,0.04,25,40300,买盘
61,09:56:55,16.12,0.0,1,1612,买盘
62,09:57:10,16.12,0.0,9,14508,买盘
63,09:57:25,16.12,0.0,5,8060,买盘
64,09:57:58,16.12,0.0,12,19344,买盘
65,09:58:43,16.12,0.0,20,32240,买盘
66,09:59:55,16.1,-0.02,29,46693,中性盘
67,10:00:13,16.1,0.0,7,11270,买盘
68,10:00:46,16.1,0.0,18,28980,买盘
69,10:00:52,16.1,0.0,2,3220,买盘
70,10:00:58,16.1,0.0,1,1610,买盘
71,10:02:37,16.1,0.0,14,22540,买盘
72,10:02:43,16.09,-0.01,4,6437,卖盘
73,10:02:49,16.1,0.01,15,24150,卖盘
74,10:04:16,16.11,0.01,7,11277,买盘
75,10:04:34,16.11,0.0,5,8055,卖盘
76,10:05:16,16.13,0.02,9,14517,买盘
77,10:05:25,16.13,0.0,1,1613,卖盘
78,10:05:48,16.13,0.0,41,66133,卖盘
79,10:08:28,16.11,-0.02,1,1611,卖盘
80,10:10:07,16.11,0.0,4,6444,卖盘
81,10:10:49,16.1,-0.01,39,62793,卖盘
82,10:11:07,16.09,-0.01,7,11263,卖盘
83,10:12:18,16.09,0.0,9,14481,卖盘
84,10:14:46,16.1,0.01,2,3220,买盘
85,10:18:52,16.09,-0.01,3,4827,卖盘
86,10:19:43,16.09,0.0,5,8045,买盘
87,10:19:52,16.09,0.0,40,64360,买盘
88,10:20:10,16.09,0.0,5,8045,买盘
89,10:20:12,16.09,0.0,17,27343,买盘
90,10:21:31,16.09,0.0,39,64296,买盘
91,10:23:49,16.1,0.01,6,9660,买盘
92,10:25:25,16.1,0.0,39,62790,买盘
93,10:25:55,16.09,-0.01,21,32244,卖盘
94,10:27:01,16.09,0.0,1,3154,买盘
95,10:28:07,16.09,0.0,9,12936,卖盘
96,10:28:22,16.09,0.0,1,3154,买盘
97,10:30:13,16.1,0.01,14,22540,买盘
98,10:30:33,16.1,0.0,1,1610,卖盘
99,10:31:01,16.09,-0.01,30,48278,卖盘
100,10:31:04,16.09,0.0,18,27417,卖盘
101,10:31:46,16.09,0.0,27,43443,买盘
102,10:33:06,16.08,-0.01,10,16080,卖盘
103,10:33:22,16.09,0.01,15,25680,买盘
104,10:33:37,16.08,-0.01,5,8044,卖盘
105,10:34:06,16.08,0.0,8,12864,卖盘
106,10:34:46,16.08,0.0,5,8040,卖盘
107,10:35:39,16.08,0.0,5,8040,卖盘
108,10:37:46,16.09,0.01,12,19308,买盘
109,10:38:04,16.09,0.0,5,8045,买盘
110,10:38:40,16.09,0.0,3,4827,买盘
111,10:39:07,16.09,0.0,10,16090,卖盘
112,10:39:31,16.1,0.01,4,6440,买盘
113,10:39:40,16.09,-0.01,13,20917,卖盘
114,10:39:49,16.09,0.0,6,9654,买盘
115,10:41:01,16.08,-0.01,48,75640,卖盘
116,10:41:25,16.07,-0.01,2,3214,卖盘
117,10:41:34,16.07,0.0,1,1607,卖盘
118,10:41:43,16.07,0.0,1,1607,卖盘
119,10:41:48,16.07,0.0,4,6428,卖盘
120,10:42:40,16.07,0.0,4,6428,卖盘
121,10:43:19,16.06,-0.01,26,41761,卖盘
122,10:44:27,16.06,0.0,1,1606,买盘
123,10:44:39,16.05,-0.01,15,24075,卖盘
124,10:45:25,16.01,-0.04,67,107279,卖盘
125,10:45:55,16.01,0.0,4,6404,买盘
126,10:45:58,16.01,0.0,8,12808,买盘
127,10:46:07,16.01,0.0,10,16010,买盘
128,10:46:13,16.01,0.0,11,17611,买盘
129,10:46:25,16.01,0.0,4,6404,买盘
130,10:46:37,16.0,-0.01,15,24000,卖盘
131,10:47:13,16.0,0.0,26,41600,卖盘
132,10:48:07,15.99,-0.01,17,27183,卖盘
133,10:48:16,16.0,0.01,11,17598,买盘
134,10:48:30,16.0,0.0,17,27200,买盘
135,10:48:37,16.0,0.0,10,16000,买盘
136,10:48:43,16.0,0.0,23,36800,买盘
137,10:48:49,16.0,0.0,26,41600,买盘
138,10:48:54,16.0,0.0,35,56000,买盘
139,10:49:34,16.04,0.04,10,16040,买盘
140,10:49:55,16.05,0.01,4,6420,买盘
141,10:50:31,16.05,0.0,4,6420,买盘
142,10:50:55,16.04,-0.01,1,1604,卖盘
143,10:51:18,16.04,0.0,4,6416,买盘
144,10:51:24,16.04,0.0,10,16040,买盘
145,10:51:31,16.04,0.0,1,1604,买盘
146,10:54:07,16.02,-0.02,5,8010,卖盘
147,10:54:28,16.02,0.0,1,1602,买盘
148,10:54:31,16.01,-0.01,1,1601,卖盘
149,10:54:34,16.02,0.01,1,1602,买盘
150,10:54:37,16.02,0.0,1,1602,买盘
151,10:54:43,16.02,0.0,1,1602,买盘
152,10:54:49,16.02,0.0,1,1602,买盘
153,10:54:55,16.02,0.0,1,1602,买盘
154,10:54:58,16.01,-0.01,6,9606,卖盘
155,10:55:01,16.02,0.01,1,1602,买盘
156,10:55:06,16.02,0.0,1,1602,买盘
157,10:55:12,16.02,0.0,1,1602,买盘
158,10:55:25,16.03,0.01,1,1603,买盘
159,10:57:06,16.02,-0.01,15,24030,卖盘
160,10:57:10,16.02,0.0,1,1602,卖盘
161,10:58:46,16.02,0.0,10,16020,卖盘
162,11:01:04,16.02,0.0,7,11214,卖盘
163,11:01:09,16.02,0.0,8,12816,买盘
164,11:01:55,16.02,0.0,1,1602,买盘
165,11:02:00,16.01,-0.01,1,1601,卖盘
166,11:02:25,16.01,0.0,3,4803,卖盘
167,11:02:30,16.02,0.01,9,14418,买盘
168,11:02:40,16.0,-0.02,79,126441,卖盘
169,11:02:48,15.99,-0.01,3,4797,卖盘
170,11:02:52,15.99,0.0,6,9594,卖盘
171,11:03:04,16.0,0.01,2,3200,买盘
172,11:03:16,16.0,0.0,10,16000,买盘
173,11:03:24,16.0,0.0,5,8000,买盘
174,11:06:13,16.0,0.0,8,12800,买盘
175,11:06:16,16.0,0.0,3,4800,卖盘
176,11:07:52,16.0,0.0,12,19200,卖盘
177,11:08:04,16.0,0.0,2,3200,卖盘
178,11:10:10,16.0,0.0,2,3200,卖盘
179,11:10:58,15.99,-0.01,8,12796,卖盘
180,11:11:07,15.99,0.0,4,6396,卖盘
181,11:11:15,15.99,0.0,8,12792,卖盘
182,11:11:19,15.99,0.0,1,1599,卖盘
183,11:11:46,15.99,0.0,9,14391,卖盘
184,11:12:19,15.99,0.0,2,3198,买盘
185,11:13:16,16.0,0.01,2,3200,买盘
186,11:13:37,16.0,0.0,3,4800,买盘
187,11:14:52,16.01,0.01,2,3202,卖盘
188,11:15:07,16.0,-0.01,5,8000,卖盘
189,11:15:16,16.0,0.0,19,30400,卖盘
190,11:15:25,16.0,0.0,14,22400,卖盘
191,11:15:31,16.0,0.0,1,1600,卖盘
192,11:15:37,16.0,0.0,13,20800,卖盘
193,11:15:42,16.0,0.0,2,3200,卖盘
194,11:15:46,15.99,-0.01,9,14398,卖盘
195,11:16:01,15.99,0.0,5,7995,卖盘
196,11:16:04,15.99,0.0,10,15990,卖盘
197,11:16:13,15.99,0.0,5,7995,卖盘
198,11:16:25,15.99,0.0,8,12792,卖盘
199,11:16:42,16.0,0.01,8,12800,卖盘
200,11:16:57,15.99,-0.01,7,11193,卖盘
201,11:17:06,15.98,-0.01,78,124691,卖盘
202,11:17:13,15.98,0.0,2,3196,买盘
203,11:18:06,15.93,-0.05,31,49397,卖盘
204,11:19:22,15.94,0.01,5,7970,卖盘
205,11:20:15,16.01,0.07,2,3202,买盘
206,11:21:10,16.01,0.0,2,3202,买盘
207,11:22:09,16.01,0.0,1,1601,买盘
208,11:22:16,16.01,0.0,1,1601,卖盘
209,11:22:57,15.95,-0.06,91,145181,卖盘
210,11:23:12,15.95,0.0,12,19140,买盘
211,11:27:30,15.99,0.04,4,6396,买盘
212,11:28:00,15.99,0.0,5,7995,卖盘
213,11:28:22,16.0,0.01,6,9600,买盘
214,11:29:22,15.96,-0.04,19,30331,卖盘
215,11:29:36,15.99,0.03,6,9594,买盘
216,13:00:04,15.96,-0.03,11,17558,卖盘
217,13:00:07,15.99,0.03,10,15990,买盘
218,13:03:37,15.99,0.0,2,3198,买盘
219,13:05:18,16.0,0.01,14,22400,买盘
220,13:05:34,16.0,0.0,34,54400,买盘
221,13:06:27,15.99,-0.01,1,1599,卖盘
222,13:06:48,16.0,0.01,1,1600,买盘
223,13:09:10,16.01,0.01,5,8005,买盘
224,13:10:21,16.03,0.02,4,6412,买盘
225,13:11:37,16.03,0.0,2,3206,卖盘
226,13:12:09,16.03,0.0,19,30457,卖盘
227,13:12:12,16.03,0.0,20,32060,卖盘
228,13:12:19,16.03,0.0,2,3206,卖盘
229,13:12:24,16.03,0.0,3,4809,卖盘
230,13:13:00,16.01,-0.02,5,8005,卖盘
231,13:14:13,16.01,0.0,40,64040,买盘
232,13:14:19,16.01,0.0,1,1601,买盘
233,13:14:25,16.01,0.0,1,1601,买盘
234,13:14:28,16.01,0.0,3,4803,买盘
235,13:16:33,16.01,0.0,7,11207,卖盘
236,13:17:22,16.05,0.04,72,115560,买盘
237,13:17:51,16.08,0.03,12,19284,买盘
238,13:19:39,16.02,-0.06,14,22436,卖盘
239,13:19:46,16.02,0.0,1,1602,买盘
240,13:19:51,16.01,-0.01,2,3203,卖盘
241,13:19:54,16.02,0.01,3,4806,买盘
242,13:19:57,16.04,0.02,1,1604,中性盘
243,13:23:22,16.07,0.03,2,3214,买盘
244,13:24:48,16.03,-0.04,2,3206,卖盘
245,13:25:19,16.04,0.01,10,16040,卖盘
246,13:26:16,16.08,0.04,2,3216,买盘
247,13:28:07,16.04,-0.04,18,28872,卖盘
248,13:28:19,16.03,-0.01,5,8015,卖盘
249,13:28:33,16.03,0.0,1,1603,买盘
250,13:28:40,16.03,0.0,1,1603,买盘
251,13:28:46,16.03,0.0,13,20840,买盘
252,13:28:49,16.04,0.01,1,1604,买盘
253,13:30:10,16.07,0.03,7,11249,买盘
254,13:30:13,16.07,0.0,1,1607,买盘
255,13:31:07,16.06,-0.01,29,46590,卖盘
256,13:31:16,16.06,0.0,7,11242,买盘
257,13:31:55,16.0,-0.06,143,229015,卖盘
258,13:35:31,16.03,0.03,1,1603,卖盘
259,13:35:39,16.03,0.0,10,16030,卖盘
260,13:37:37,16.05,0.02,2,3210,买盘
261,13:39:25,16.04,-0.01,15,24060,卖盘
262,13:40:04,16.03,-0.01,10,16030,卖盘
263,13:43:48,16.05,0.02,17,27285,买盘
264,13:45:10,15.99,-0.06,113,180921,卖盘
265,13:47:54,16.01,0.02,2,3202,卖盘
266,13:48:13,16.01,0.0,15,24015,卖盘
267,13:49:58,16.01,0.0,4,6404,买盘
268,13:50:43,16.01,0.0,7,11207,买盘
269,13:55:13,16.01,0.0,4,6404,买盘
270,14:01:01,16.01,0.0,1,1601,卖盘
271,14:01:04,16.01,0.0,1,1601,卖盘
272,14:02:01,16.0,-0.01,17,27200,卖盘
273,14:02:04,16.0,0.0,9,14400,卖盘
274,14:02:10,15.99,-0.01,1,1599,卖盘
275,14:02:22,15.99,0.0,18,28782,卖盘
276,14:02:25,15.99,0.0,1,1599,卖盘
277,14:03:13,15.97,-0.02,52,83044,卖盘
278,14:03:22,15.97,0.0,13,20761,卖盘
279,14:03:31,15.98,0.01,10,15980,卖盘
280,14:03:40,15.96,-0.02,6,9576,卖盘
281,14:04:12,15.96,0.0,70,111720,卖盘
282,14:04:19,15.96,0.0,19,30324,卖盘
283,14:04:25,15.96,0.0,1,1596,卖盘
284,14:04:34,15.99,0.03,1,1599,买盘
285,14:05:49,15.99,0.0,10,15989,买盘
286,14:06:16,15.99,0.0,2,3198,买盘
287,14:07:04,15.99,0.0,32,51168,买盘
288,14:09:04,16.0,0.01,1,1600,买盘
289,14:09:58,16.05,0.05,31,49734,买盘
290,14:10:06,16.05,0.0,4,6420,卖盘
291,14:11:33,16.0,-0.05,5,8000,卖盘
292,14:12:28,16.0,0.0,6,9600,卖盘
293,14:17:49,16.05,0.05,2,3210,买盘
294,14:18:04,16.05,0.0,1,1605,卖盘
295,14:18:25,16.05,0.0,9,14445,卖盘
296,14:18:28,16.06,0.01,20,32120,买盘
297,14:18:34,16.05,-0.01,1,1605,卖盘
298,14:18:52,16.01,-0.04,29,46429,卖盘
299,14:20:34,16.02,0.01,9,14418,卖盘
300,14:20:57,16.02,0.0,1,1602,买盘
301,14:21:40,16.05,0.03,7,11235,买盘
302,14:21:43,16.05,0.0,20,32100,买盘
303,14:22:04,16.05,0.0,20,32100,买盘
304,14:22:10,16.05,0.0,1,1605,买盘
305,14:22:16,16.05,0.0,1,1605,买盘
306,14:22:22,16.05,0.0,5,8025,买盘
307,14:22:28,16.06,0.01,1,1606,买盘
308,14:22:34,16.06,0.0,1,1606,买盘
309,14:22:40,16.06,0.0,1,1606,买盘
310,14:22:46,16.06,0.0,1,1606,买盘
311,14:22:58,16.07,0.01,4,6427,买盘
312,14:26:46,16.04,-0.03,1,1604,买盘
313,14:26:49,16.05,0.01,1,1605,买盘
314,14:26:52,16.05,0.0,1,1605,买盘
315,14:26:55,16.05,0.0,1,1605,买盘
316,14:26:58,16.05,0.0,1,1605,买盘
317,14:27:01,16.05,0.0,1,1605,买盘
318,14:27:04,16.05,0.0,1,1605,买盘
319,14:27:07,16.05,0.0,4,6420,买盘
320,14:27:10,16.06,0.01,7,11240,买盘
321,14:27:13,16.06,0.0,3,4818,买盘
322,14:27:16,16.06,0.0,7,11242,买盘
323,14:27:19,16.06,0.0,8,12848,买盘
324,14:27:22,16.06,0.0,10,16060,买盘
325,14:27:28,16.06,0.0,17,27302,买盘
326,14:27:31,16.06,0.0,3,4818,卖盘
327,14:27:40,16.07,0.01,10,16070,买盘
328,14:27:58,16.07,0.0,10,16070,买盘
329,14:28:28,16.07,0.0,5,8035,买盘
330,14:28:49,16.07,0.0,15,24105,买盘
331,14:29:13,16.07,0.0,2,3214,买盘
332,14:30:19,16.06,-0.01,14,22484,卖盘
333,14:30:34,16.06,0.0,1,1606,卖盘
334,14:30:45,16.06,0.0,10,16060,买盘
335,14:32:28,16.06,0.0,8,12848,卖盘
336,14:33:04,16.05,-0.01,17,27285,卖盘
337,14:35:52,16.01,-0.04,47,75272,卖盘
338,14:36:27,16.01,0.0,13,20813,买盘
339,14:36:36,16.01,0.0,11,17611,卖盘
340,14:37:31,16.01,0.0,16,25616,买盘
341,14:37:40,16.0,-0.01,12,19211,卖盘
342,14:38:31,16.0,0.0,2,3200,卖盘
343,14:40:07,16.0,0.0,11,17606,卖盘
344,14:43:22,16.05,0.05,22,35303,买盘
345,14:43:33,16.05,0.0,26,41730,卖盘
346,14:43:43,16.05,0.0,7,11235,卖盘
347,14:43:46,16.05,0.0,16,25680,卖盘
348,14:43:49,16.06,0.01,15,24081,买盘
349,14:44:46,16.06,0.0,87,139679,买盘
350,14:45:04,16.07,0.01,58,93206,买盘
351,14:45:43,16.06,-0.01,10,16060,卖盘
352,14:46:25,16.06,0.0,3,4818,卖盘
353,14:47:25,16.02,-0.04,5,8010,卖盘
354,14:47:51,16.01,-0.01,5,8005,卖盘
355,14:48:16,16.01,0.0,58,92858,卖盘
356,14:48:22,16.0,-0.01,1,1600,卖盘
357,14:48:31,16.0,0.0,23,36800,卖盘
358,14:50:04,16.01,0.01,15,24015,卖盘
359,14:51:40,16.0,-0.01,5,8000,卖盘
360,14:51:55,16.0,0.0,5,8000,买盘
361,14:52:01,15.99,-0.01,8,12792,卖盘
362,14:52:07,15.99,0.0,3,4797,卖盘
363,14:52:37,15.98,-0.01,46,73508,卖盘
364,14:52:40,15.98,0.0,2,3196,买盘
365,14:52:52,15.97,-0.01,12,19164,卖盘
366,14:53:01,15.97,0.0,44,70274,卖盘
367,14:53:07,15.97,0.0,2,3194,买盘
368,14:53:13,15.97,0.0,20,31940,买盘
369,14:53:19,15.96,-0.01,40,63889,卖盘
370,14:54:19,15.97,0.01,23,36742,卖盘
371,14:54:46,15.99,0.02,4,6396,买盘
372,14:55:04,15.99,0.0,3,4797,卖盘
373,14:55:34,15.99,0.0,12,19188,买盘
374,14:55:46,15.99,0.0,11,17589,卖盘
375,14:56:25,15.99,0.0,1,1599,卖盘
376,15:00:05,15.97,-0.02,354,565338,卖盘
