,time,price,change,volume,amount,type
0,09:25:04,2.39,-0.02,1283,306637,卖盘
1,09:30:05,2.39,0.0,16,3825,卖盘
2,09:30:07,2.39,0.0,767,183313,卖盘
3,09:30:10,2.39,0.0,125,29875,卖盘
4,09:30:13,2.39,0.0,69,16491,买盘
5,09:30:16,2.39,0.0,282,67380,买盘
6,09:30:19,2.39,0.0,27,6453,卖盘
7,09:30:22,2.39,0.0,69,16491,买盘
8,09:30:25,2.39,0.0,108,25812,买盘
9,09:30:34,2.39,0.0,20,4780,卖盘
10,09:30:43,2.39,0.0,20,4780,卖盘
11,09:30:46,2.39,0.0,195,46605,卖盘
12,09:30:49,2.39,0.0,100,23900,卖盘
13,09:30:55,2.4,0.01,13,3108,买盘
14,09:31:04,2.39,-0.01,21,5019,卖盘
15,09:31:07,2.4,0.01,3,720,买盘
16,09:31:10,2.4,0.0,59,14160,买盘
17,09:31:22,2.39,-0.01,10,2390,卖盘
18,09:31:34,2.39,0.0,644,153916,卖盘
19,09:31:43,2.4,0.01,1,240,买盘
20,09:31:46,2.39,-0.01,325,77675,卖盘
21,09:31:49,2.39,0.0,11,2629,买盘
22,09:31:52,2.38,-0.01,15,3570,卖盘
23,09:32:04,2.38,0.0,449,106862,卖盘
24,09:32:10,2.38,0.0,7,1666,卖盘
25,09:32:13,2.39,0.01,41,9766,买盘
26,09:32:25,2.38,-0.01,184,43792,卖盘
27,09:32:37,2.38,0.0,37,8806,卖盘
28,09:32:46,2.38,0.0,512,122179,卖盘
29,09:33:19,2.38,0.0,55,13090,卖盘
30,09:33:22,2.39,0.01,25,5975,买盘
31,09:33:25,2.39,0.0,2,478,买盘
32,09:33:37,2.39,0.0,101,24039,买盘
33,09:33:40,2.39,0.0,11,2619,买盘
34,09:33:43,2.38,-0.01,31,7379,卖盘
35,09:33:46,2.39,0.01,12,2868,买盘
36,09:34:34,2.38,-0.01,1866,445874,卖盘
37,09:34:46,2.38,0.0,13,3094,卖盘
38,09:34:55,2.39,0.01,203,48517,买盘
39,09:34:58,2.39,0.0,9,2151,买盘
40,09:35:04,2.39,0.0,11,2629,买盘
41,09:35:07,2.39,0.0,31,7409,买盘
42,09:35:10,2.39,0.0,10,2390,买盘
43,09:35:19,2.39,0.0,6,1434,买盘
44,09:35:22,2.39,0.0,13,3107,买盘
45,09:35:25,2.39,0.0,115,27485,买盘
46,09:35:33,2.39,0.0,4,956,买盘
47,09:35:37,2.39,0.0,72,17204,买盘
48,09:35:49,2.39,0.0,141,33699,卖盘
49,09:35:54,2.39,0.0,200,47800,卖盘
50,09:35:58,2.39,0.0,102,24378,买盘
51,09:36:04,2.39,0.0,1,239,卖盘
52,09:36:07,2.39,0.0,1,239,卖盘
53,09:36:10,2.39,0.0,4,956,卖盘
54,09:36:13,2.39,0.0,53,12667,卖盘
55,09:36:16,2.39,0.0,3,717,卖盘
56,09:36:19,2.39,0.0,5,1195,卖盘
57,09:36:22,2.39,0.0,2,478,卖盘
58,09:36:25,2.39,0.0,132,31548,卖盘
59,09:36:43,2.39,0.0,20,4780,卖盘
60,09:36:46,2.39,0.0,100,23900,卖盘
61,09:36:55,2.39,0.0,319,76241,卖盘
62,09:37:10,2.39,0.0,21,5019,买盘
63,09:37:13,2.39,0.0,1,239,买盘
64,09:37:25,2.38,-0.01,1,238,卖盘
65,09:37:37,2.38,0.0,16,3808,卖盘
66,09:37:52,2.38,0.0,23,5474,卖盘
67,09:37:58,2.38,0.0,18,4284,卖盘
68,09:38:16,2.39,0.01,46,10994,买盘
69,09:38:22,2.38,-0.01,1,238,卖盘
70,09:38:25,2.39,0.01,11,2629,买盘
71,09:38:34,2.38,-0.01,255,60690,卖盘
72,09:38:46,2.38,0.0,20,4760,卖盘
73,09:38:49,2.38,0.0,23,5474,卖盘
74,09:38:52,2.39,0.01,1,239,买盘
75,09:39:01,2.38,-0.01,15,3570,卖盘
76,09:39:04,2.39,0.01,1,239,买盘
77,09:39:07,2.38,-0.01,441,104958,卖盘
78,09:39:13,2.38,0.0,150,35843,卖盘
79,09:39:28,2.38,0.0,301,71639,卖盘
80,09:39:33,2.38,0.0,849,201919,卖盘
81,09:39:37,2.38,0.0,8,1904,买盘
82,09:39:40,2.38,0.0,80,19040,买盘
83,09:39:43,2.38,0.0,1,238,卖盘
84,09:39:55,2.37,-0.01,2,475,卖盘
85,09:40:22,2.37,0.0,3,711,卖盘
86,09:40:31,2.38,0.01,59,14042,买盘
87,09:40:37,2.37,-0.01,8,1896,卖盘
88,09:40:46,2.38,0.01,10,2380,买盘
89,09:40:49,2.37,-0.01,185,43895,卖盘
90,09:40:55,2.38,0.01,29,6902,买盘
91,09:40:58,2.38,0.0,20,4760,买盘
92,09:41:01,2.38,0.0,11,2618,买盘
93,09:41:04,2.38,0.0,10,2380,买盘
94,09:41:10,2.38,0.0,23,5474,买盘
95,09:41:28,2.38,0.0,3,714,买盘
96,09:41:34,2.37,-0.01,34,8059,卖盘
97,09:41:40,2.38,0.01,50,11900,买盘
98,09:41:52,2.38,0.0,2,476,买盘
99,09:41:58,2.38,0.0,1,238,买盘
100,09:42:04,2.38,0.0,2,476,买盘
101,09:42:19,2.37,-0.01,14,3328,卖盘
102,09:42:21,2.37,0.0,1,237,卖盘
103,09:42:37,2.37,0.0,50,11850,卖盘
104,09:42:43,2.38,0.01,1,238,买盘
105,09:42:58,2.38,0.0,1,238,买盘
106,09:43:01,2.38,0.0,1,238,买盘
107,09:43:06,2.38,0.0,27,6426,买盘
108,09:43:10,2.38,0.0,1,238,买盘
109,09:43:27,2.38,0.0,1,238,买盘
110,09:43:34,2.38,0.0,1867,444346,买盘
111,09:43:43,2.39,0.01,16,3824,买盘
112,09:43:49,2.39,0.0,10,2390,买盘
113,09:43:58,2.39,0.0,1,239,买盘
114,09:44:01,2.38,-0.01,39,9282,卖盘
115,09:44:04,2.39,0.01,1,239,买盘
116,09:44:16,2.39,0.0,18,4302,买盘
117,09:44:19,2.39,0.0,10,2390,买盘
118,09:44:28,2.38,-0.01,79,18803,卖盘
119,09:44:46,2.39,0.01,1,239,买盘
120,09:44:55,2.39,0.0,12,2868,买盘
121,09:44:57,2.39,0.0,1,239,买盘
122,09:45:06,2.39,0.0,27,6453,买盘
123,09:45:13,2.39,0.0,1,239,买盘
124,09:45:16,2.39,0.0,1,239,买盘
125,09:45:19,2.39,0.0,1,239,买盘
126,09:45:22,2.38,-0.01,79,18802,卖盘
127,09:45:40,2.39,0.01,3,717,买盘
128,09:45:43,2.39,0.0,1,239,买盘
129,09:46:01,2.39,0.0,769,183023,买盘
130,09:46:07,2.38,-0.01,48,11452,卖盘
131,09:46:10,2.38,0.0,20,4760,卖盘
132,09:46:22,2.38,0.0,101,24039,卖盘
133,09:46:25,2.38,0.0,704,167552,卖盘
134,09:46:28,2.37,-0.01,33,7821,卖盘
135,09:46:49,2.38,0.01,20,4760,买盘
136,09:47:04,2.38,0.0,1,238,买盘
137,09:47:07,2.38,0.0,27,6426,买盘
138,09:47:13,2.37,-0.01,30,7110,卖盘
139,09:47:19,2.37,0.0,90,21330,卖盘
140,09:47:22,2.38,0.01,52,12376,买盘
141,09:47:25,2.38,0.0,1,238,买盘
142,09:47:28,2.37,-0.01,77,18249,卖盘
143,09:47:31,2.38,0.01,26,6188,买盘
144,09:47:43,2.38,0.0,10,2380,买盘
145,09:47:55,2.38,0.0,1,238,买盘
146,09:48:01,2.38,0.0,4,952,买盘
147,09:48:07,2.38,0.0,28,6664,买盘
148,09:48:13,2.37,-0.01,151,35787,卖盘
149,09:48:16,2.38,0.01,2,476,买盘
150,09:48:19,2.37,-0.01,5,1185,卖盘
151,09:48:22,2.37,0.0,40,9480,卖盘
152,09:48:31,2.37,0.0,1,237,卖盘
153,09:48:40,2.38,0.01,100,23800,买盘
154,09:48:55,2.37,-0.01,15,3555,卖盘
155,09:49:01,2.38,0.01,1,238,买盘
156,09:49:04,2.37,-0.01,4,948,卖盘
157,09:49:07,2.37,0.0,227,53826,卖盘
158,09:49:16,2.37,0.0,7,1659,卖盘
159,09:49:25,2.37,0.0,50,11850,卖盘
160,09:49:28,2.38,0.01,2,476,买盘
161,09:49:37,2.37,-0.01,1,237,卖盘
162,09:49:43,2.37,0.0,1328,314736,卖盘
163,09:49:46,2.37,0.0,37,8769,买盘
164,09:49:49,2.37,0.0,175,41475,买盘
165,09:50:04,2.36,-0.01,12,2834,卖盘
166,09:50:07,2.37,0.01,28,6636,买盘
167,09:50:13,2.36,-0.01,91,21476,卖盘
168,09:50:22,2.36,0.0,35,8260,卖盘
169,09:50:28,2.36,0.0,970,228920,卖盘
170,09:50:31,2.36,0.0,187,44133,卖盘
171,09:50:37,2.36,0.0,200,47200,卖盘
172,09:50:40,2.36,0.0,40,9440,卖盘
173,09:50:43,2.37,0.01,50,11845,买盘
174,09:50:46,2.36,-0.01,220,51920,卖盘
175,09:50:49,2.36,0.0,1,236,买盘
176,09:50:52,2.36,0.0,12,2832,买盘
177,09:50:55,2.36,0.0,21,4956,买盘
178,09:50:58,2.36,0.0,4,944,买盘
179,09:51:01,2.35,-0.01,5,1175,卖盘
180,09:51:19,2.36,0.01,60,14159,买盘
181,09:51:25,2.36,0.0,70,16520,买盘
182,09:51:28,2.36,0.0,1442,339012,买盘
183,09:51:37,2.35,-0.01,41,9635,卖盘
184,09:51:40,2.36,0.01,12,2822,买盘
185,09:51:49,2.36,0.0,16,3776,买盘
186,09:51:52,2.35,-0.01,15,3528,卖盘
187,09:51:55,2.36,0.01,11,2596,买盘
188,09:51:58,2.36,0.0,62,14612,买盘
189,09:52:06,2.36,0.0,28,6608,买盘
190,09:52:10,2.36,0.0,1,236,买盘
191,09:52:13,2.36,0.0,10,2360,买盘
192,09:52:19,2.35,-0.01,6,1415,卖盘
193,09:52:28,2.35,0.0,500,117500,卖盘
194,09:52:31,2.36,0.01,50,11800,买盘
195,09:52:37,2.36,0.0,19,4484,买盘
196,09:52:43,2.36,0.0,1,236,买盘
197,09:52:46,2.35,-0.01,11,2595,卖盘
198,09:52:52,2.36,0.01,3,708,买盘
199,09:52:55,2.36,0.0,300,70800,买盘
200,09:53:00,2.35,-0.01,470,110450,卖盘
201,09:53:05,2.36,0.01,1,236,买盘
202,09:53:13,2.36,0.0,201,47436,买盘
203,09:53:15,2.36,0.0,20,4720,买盘
204,09:53:22,2.35,-0.01,200,47000,卖盘
205,09:53:25,2.36,0.01,800,188800,买盘
206,09:53:28,2.36,0.0,43,10148,买盘
207,09:53:34,2.36,0.0,115,27140,买盘
208,09:53:37,2.36,0.0,90,21240,买盘
209,09:54:01,2.36,0.0,1,236,卖盘
210,09:54:07,2.37,0.01,28,6636,买盘
211,09:54:19,2.37,0.0,1,237,买盘
212,09:54:22,2.37,0.0,1,237,买盘
213,09:54:34,2.36,-0.01,554,130754,卖盘
214,09:54:43,2.36,0.0,400,94400,买盘
215,09:54:49,2.36,0.0,1,236,买盘
216,09:54:52,2.36,0.0,102,24072,买盘
217,09:54:55,2.36,0.0,3,708,买盘
218,09:54:58,2.36,0.0,1,236,买盘
219,09:55:01,2.36,0.0,27,6372,买盘
220,09:55:04,2.36,0.0,2,472,买盘
221,09:55:07,2.35,-0.01,297,69797,卖盘
222,09:55:10,2.36,0.01,2,472,买盘
223,09:55:13,2.36,0.0,6,1416,买盘
224,09:55:16,2.36,0.0,100,23600,买盘
225,09:55:22,2.36,0.0,2,472,买盘
226,09:55:25,2.36,0.0,101,23836,买盘
227,09:55:34,2.36,0.0,5,1180,买盘
228,09:55:37,2.36,0.0,29,6844,买盘
229,09:55:45,2.36,0.01,5,1180,买盘
230,09:55:49,2.36,0.0,2,472,买盘
231,09:55:55,2.36,0.0,31,7316,买盘
232,09:56:04,2.36,0.0,50,11800,买盘
233,09:56:07,2.36,0.0,13,3068,买盘
234,09:56:16,2.36,0.0,121,28603,买盘
235,09:56:27,2.37,0.01,10,2370,买盘
236,09:56:55,2.36,0.0,10,2365,卖盘
237,09:57:04,2.37,0.01,1,237,买盘
238,09:57:16,2.37,0.0,29,6873,买盘
239,09:57:28,2.36,-0.01,130,30680,卖盘
240,09:57:31,2.37,0.01,1,237,买盘
241,09:57:43,2.36,-0.01,50,11800,卖盘
242,09:57:46,2.37,0.01,37,8828,买盘
243,09:57:52,2.36,-0.01,140,33040,卖盘
244,09:57:58,2.36,0.0,223,52628,卖盘
245,09:58:13,2.36,0.0,53,12508,卖盘
246,09:58:15,2.36,0.0,53,12508,卖盘
247,09:58:37,2.37,0.01,1,237,买盘
248,09:58:49,2.36,-0.01,1,59,卖盘
249,09:58:52,2.36,0.0,15,3540,卖盘
250,09:59:04,2.37,0.01,1,237,买盘
251,09:59:07,2.37,0.0,3,711,买盘
252,09:59:16,2.36,-0.01,20,4720,卖盘
253,09:59:25,2.36,0.0,133,31388,卖盘
254,09:59:28,2.37,0.01,3,711,买盘
255,09:59:37,2.37,0.0,1,237,买盘
256,09:59:40,2.37,0.0,1,237,买盘
257,09:59:52,2.37,0.0,84,19908,买盘
258,10:00:06,2.37,0.0,14,3318,买盘
259,10:00:09,2.37,0.0,1,237,买盘
260,10:00:28,2.36,-0.01,53,12567,卖盘
261,10:00:43,2.36,0.0,53,12508,卖盘
262,10:00:46,2.36,0.0,53,12508,卖盘
263,10:00:52,2.36,0.0,38,8968,卖盘
264,10:01:16,2.36,0.0,53,12508,卖盘
265,10:01:43,2.36,0.0,131,30916,卖盘
266,10:01:45,2.37,0.01,1,237,买盘
267,10:02:07,2.37,0.0,3,711,买盘
268,10:02:22,2.36,-0.01,10,2360,卖盘
269,10:02:25,2.37,0.01,2,474,买盘
270,10:02:37,2.37,0.01,11,2607,买盘
271,10:02:42,2.37,0.0,1,237,买盘
272,10:03:07,2.37,0.0,3,711,买盘
273,10:03:37,2.37,0.0,1,237,买盘
274,10:03:40,2.36,-0.01,1,31,卖盘
275,10:03:46,2.36,0.0,100,23600,卖盘
276,10:03:49,2.36,0.0,100,23600,卖盘
277,10:04:07,2.37,0.01,3,711,买盘
278,10:04:37,2.36,-0.01,76,17936,卖盘
279,10:04:43,2.37,0.01,1,237,买盘
280,10:04:49,2.36,-0.01,1,236,卖盘
281,10:04:55,2.37,0.01,1,237,买盘
282,10:05:01,2.37,0.0,3,711,买盘
283,10:05:06,2.36,-0.01,69,16287,卖盘
284,10:05:13,2.36,0.0,200,47259,卖盘
285,10:05:16,2.36,0.0,5,1180,卖盘
286,10:05:28,2.36,0.0,2,472,卖盘
287,10:05:31,2.36,0.0,10,2360,卖盘
288,10:05:43,2.36,0.0,28,6608,卖盘
289,10:05:49,2.36,0.0,115,27140,卖盘
290,10:06:10,2.37,0.01,10,2370,买盘
291,10:06:16,2.36,-0.01,20,4720,卖盘
292,10:06:37,2.36,0.0,80,18880,卖盘
293,10:06:46,2.36,0.0,53,12508,卖盘
294,10:06:52,2.36,0.0,200,47200,卖盘
295,10:07:19,2.36,0.0,1,236,卖盘
296,10:07:28,2.36,0.0,443,104548,卖盘
297,10:07:52,2.36,0.0,37,8732,卖盘
298,10:07:58,2.36,0.0,5,1180,卖盘
299,10:08:01,2.36,0.0,79,18543,卖盘
300,10:08:07,2.36,0.01,3,708,买盘
301,10:08:25,2.36,0.0,1,236,买盘
302,10:08:28,2.35,-0.01,100,23500,卖盘
303,10:08:55,2.36,0.01,26,6136,买盘
304,10:09:07,2.36,0.0,4,944,买盘
305,10:09:52,2.36,0.0,100,23600,买盘
306,10:10:04,2.36,0.0,5,1180,买盘
307,10:10:06,2.36,0.0,33,7788,买盘
308,10:10:13,2.36,0.0,10,2360,买盘
309,10:10:16,2.36,0.0,100,23600,买盘
310,10:10:22,2.36,0.0,181,42716,买盘
311,10:10:25,2.36,0.0,2,472,买盘
312,10:10:31,2.36,0.0,86,20397,买盘
313,10:10:57,2.37,0.01,10,2370,买盘
314,10:11:01,2.37,0.0,3,711,买盘
315,10:11:07,2.37,0.0,3,711,买盘
316,10:11:18,2.36,-0.01,100,23600,卖盘
317,10:11:31,2.36,0.0,238,56059,卖盘
318,10:11:34,2.36,0.0,1,236,买盘
319,10:11:40,2.36,0.0,1,236,买盘
320,10:11:43,2.36,0.0,1,236,买盘
321,10:11:49,2.36,0.0,1,236,买盘
322,10:11:52,2.36,0.0,2,472,买盘
323,10:11:54,2.36,0.0,2,472,买盘
324,10:11:58,2.36,0.0,101,23836,买盘
325,10:12:04,2.36,0.0,2,472,买盘
326,10:12:07,2.36,0.0,4,944,买盘
327,10:12:10,2.36,0.0,1,236,买盘
328,10:12:18,2.36,0.0,1,236,买盘
329,10:12:24,2.36,0.0,14,3304,买盘
330,10:12:31,2.36,0.0,20,4720,买盘
331,10:12:37,2.36,0.0,1,236,买盘
332,10:12:43,2.36,0.0,21,4956,买盘
333,10:12:46,2.36,0.0,10,2360,买盘
334,10:12:48,2.35,-0.01,53,12455,卖盘
335,10:12:51,2.35,0.0,69,16283,卖盘
336,10:12:54,2.36,0.01,2,472,买盘
337,10:12:58,2.36,0.0,1,236,买盘
338,10:13:01,2.36,0.0,70,16481,买盘
339,10:13:04,2.36,0.0,2,472,买盘
340,10:13:06,2.36,0.0,3,708,买盘
341,10:13:10,2.35,-0.01,2,471,卖盘
342,10:13:13,2.36,0.01,50,11800,买盘
343,10:13:16,2.35,-0.01,53,12455,卖盘
344,10:13:18,2.36,0.01,1,236,买盘
345,10:13:22,2.36,0.0,3,708,买盘
346,10:13:25,2.36,0.0,2,472,买盘
347,10:13:28,2.35,-0.01,53,12455,卖盘
348,10:13:33,2.36,0.01,1,236,买盘
349,10:13:40,2.35,0.0,40,9401,卖盘
350,10:13:43,2.36,0.01,11,2596,买盘
351,10:13:52,2.36,0.0,1,236,买盘
352,10:13:58,2.36,0.0,59,13871,买盘
353,10:14:04,2.36,0.0,2,472,买盘
354,10:14:07,2.36,0.0,4,944,买盘
355,10:14:09,2.36,0.0,110,25907,买盘
356,10:14:22,2.36,0.0,2,472,买盘
357,10:14:25,2.36,0.0,2,472,买盘
358,10:14:34,2.36,0.0,24,5664,买盘
359,10:14:37,2.36,0.0,12,2832,买盘
360,10:14:39,2.36,0.0,1,236,买盘
361,10:14:43,2.36,0.0,8,1888,买盘
362,10:14:49,2.36,0.0,334,78771,买盘
363,10:14:55,2.36,0.0,4,944,买盘
364,10:14:58,2.36,0.0,6,1416,买盘
365,10:15:01,2.36,0.0,1,236,买盘
366,10:15:04,2.36,0.0,1,236,买盘
367,10:15:07,2.35,-0.01,56,13163,卖盘
368,10:15:10,2.36,0.01,1,236,买盘
369,10:15:34,2.36,0.0,1,236,买盘
370,10:15:37,2.36,0.0,10,2360,买盘
371,10:15:43,2.36,0.0,1,236,买盘
372,10:16:04,2.36,0.0,35,8260,买盘
373,10:16:06,2.36,0.0,3,708,买盘
374,10:16:12,2.36,0.0,10,2360,买盘
375,10:16:16,2.36,0.0,20,4720,买盘
376,10:16:21,2.36,0.0,1,236,买盘
377,10:16:37,2.36,0.0,10,2360,买盘
378,10:16:46,2.35,-0.01,53,12455,卖盘
379,10:16:48,2.35,0.0,12,2891,卖盘
380,10:17:04,2.36,0.01,124,29159,买盘
381,10:17:19,2.35,-0.01,1,235,卖盘
382,10:17:25,2.36,0.01,23,5428,买盘
383,10:17:28,2.35,-0.01,100,23500,卖盘
384,10:17:46,2.35,0.0,53,12455,卖盘
385,10:17:55,2.36,0.01,1,236,买盘
386,10:18:01,2.35,-0.01,53,12455,卖盘
387,10:18:06,2.36,0.01,13,3068,买盘
388,10:19:07,2.36,0.0,4,944,买盘
389,10:19:09,2.36,0.0,213,50268,买盘
390,10:19:16,2.36,0.0,23,5428,买盘
391,10:19:22,2.35,-0.01,30,7050,卖盘
392,10:19:28,2.36,0.01,1,236,买盘
393,10:19:34,2.35,-0.01,36,8460,卖盘
394,10:19:43,2.36,0.01,1,236,买盘
395,10:19:52,2.36,0.0,9,2124,买盘
396,10:20:00,2.36,0.0,7,1652,买盘
397,10:20:07,2.35,-0.01,1,59,卖盘
398,10:20:28,2.35,0.0,157,36895,卖盘
399,10:20:31,2.36,0.01,23,5428,买盘
400,10:20:46,2.35,-0.01,15,3525,卖盘
401,10:21:01,2.36,0.01,1,236,买盘
402,10:21:40,2.36,0.01,1,236,买盘
403,10:22:13,2.36,0.0,23,5428,买盘
404,10:22:16,2.36,0.0,24,5664,买盘
405,10:22:34,2.35,-0.01,2,470,卖盘
406,10:22:43,2.36,0.01,1,236,买盘
407,10:22:46,2.36,0.0,11,2596,买盘
408,10:22:58,2.36,0.0,30,7080,买盘
409,10:23:04,2.36,0.0,20,4720,买盘
410,10:23:30,2.35,-0.01,10,2350,卖盘
411,10:23:37,2.35,0.0,20,4700,卖盘
412,10:23:40,2.36,0.01,23,5433,买盘
413,10:24:04,2.35,0.0,1,235,卖盘
414,10:24:15,2.36,0.01,1,236,买盘
415,10:24:28,2.35,-0.01,1,235,卖盘
416,10:24:43,2.36,0.01,23,5428,买盘
417,10:24:46,2.35,-0.01,50,11750,卖盘
418,10:25:04,2.36,0.01,45,10620,买盘
419,10:25:13,2.36,0.0,24,5664,买盘
420,10:25:15,2.36,0.0,9,2124,买盘
421,10:25:22,2.36,0.0,11,2596,买盘
422,10:25:25,2.35,-0.01,80,18800,卖盘
423,10:25:31,2.36,0.01,12,2832,买盘
424,10:25:34,2.35,-0.01,20,4700,卖盘
425,10:25:40,2.35,0.0,61,14335,卖盘
426,10:25:55,2.36,0.01,1,236,买盘
427,10:26:04,2.36,0.0,2,472,买盘
428,10:26:06,2.35,-0.01,33,7755,卖盘
429,10:26:43,2.36,0.01,1,236,买盘
430,10:27:00,2.35,0.0,10,2350,卖盘
431,10:27:07,2.35,0.0,224,52640,卖盘
432,10:27:13,2.35,0.0,2,470,卖盘
433,10:27:16,2.35,0.0,201,47258,卖盘
434,10:27:25,2.35,0.0,134,31490,卖盘
435,10:27:31,2.35,0.0,57,13395,卖盘
436,10:27:37,2.35,0.0,423,99405,卖盘
437,10:27:40,2.35,0.0,306,71910,卖盘
438,10:27:46,2.35,0.0,127,29845,卖盘
439,10:27:52,2.35,0.0,3,705,卖盘
440,10:27:54,2.35,0.0,167,39245,卖盘
441,10:28:00,2.34,-0.01,1450,340464,卖盘
442,10:28:07,2.34,0.0,30,7020,卖盘
443,10:28:16,2.34,0.0,87,20358,卖盘
444,10:28:28,2.34,0.0,5,1170,卖盘
445,10:28:31,2.34,0.0,250,58500,卖盘
446,10:28:34,2.34,0.0,214,50076,卖盘
447,10:28:36,2.34,0.0,114,26676,卖盘
448,10:28:43,2.34,0.0,214,50076,卖盘
449,10:28:46,2.34,0.0,318,74412,卖盘
450,10:28:49,2.33,-0.01,569,132587,卖盘
451,10:28:52,2.33,0.0,910,212030,买盘
452,10:29:01,2.32,-0.01,189,43908,卖盘
453,10:29:13,2.32,0.0,1,232,卖盘
454,10:29:19,2.32,0.0,16,3722,卖盘
455,10:29:22,2.32,0.0,5,1160,卖盘
456,10:29:43,2.33,0.01,100,23358,买盘
457,10:29:55,2.32,-0.01,800,185600,卖盘
458,10:29:58,2.33,0.01,30,6990,买盘
459,10:30:22,2.33,0.0,43,10019,买盘
460,10:30:25,2.33,0.0,2,466,买盘
461,10:30:31,2.33,0.0,10,2330,买盘
462,10:30:34,2.33,0.0,1,233,买盘
463,10:30:37,2.33,0.0,100,23300,买盘
464,10:30:40,2.32,-0.01,101,23433,卖盘
465,10:30:43,2.33,0.01,60,13980,买盘
466,10:30:49,2.32,-0.01,101,23433,卖盘
467,10:30:55,2.33,0.01,2,466,买盘
468,10:31:01,2.33,0.0,1,233,买盘
469,10:31:13,2.33,0.0,114,26562,买盘
470,10:31:19,2.33,0.0,3,699,买盘
471,10:31:21,2.33,0.0,1,233,买盘
472,10:31:25,2.33,0.0,1,233,买盘
473,10:31:31,2.33,0.0,100,23300,卖盘
474,10:31:34,2.34,0.01,59,13806,买盘
475,10:31:40,2.34,0.0,23,5382,买盘
476,10:31:43,2.34,0.0,50,11700,买盘
477,10:32:07,2.33,-0.01,55,12815,卖盘
478,10:32:10,2.33,0.0,279,65007,卖盘
479,10:32:37,2.33,0.0,170,39610,卖盘
480,10:32:39,2.33,0.0,210,48930,卖盘
481,10:32:43,2.33,0.0,10,2330,买盘
482,10:32:52,2.33,0.01,2,466,买盘
483,10:33:13,2.32,-0.01,400,92800,卖盘
484,10:33:18,2.33,0.01,1,233,买盘
485,10:33:22,2.33,0.0,3,699,买盘
486,10:33:24,2.33,0.0,3,699,买盘
487,10:33:28,2.33,0.0,1,233,买盘
488,10:33:34,2.33,0.0,32,7456,买盘
489,10:33:40,2.33,0.0,1,233,买盘
490,10:33:43,2.33,0.0,48,11151,买盘
491,10:33:49,2.33,0.0,35,8155,买盘
492,10:34:40,2.33,0.0,33,7689,卖盘
493,10:34:45,2.33,0.0,128,29824,卖盘
494,10:34:58,2.34,0.01,20,4680,买盘
495,10:35:07,2.33,-0.01,53,12349,卖盘
496,10:35:10,2.34,0.01,20,4670,买盘
497,10:35:22,2.33,-0.01,1,233,卖盘
498,10:35:27,2.33,0.0,100,23300,卖盘
499,10:35:31,2.33,0.0,92,21436,卖盘
500,10:35:46,2.33,0.0,50,11650,卖盘
501,10:35:49,2.34,0.01,23,5382,买盘
502,10:36:16,2.34,0.0,275,64083,买盘
503,10:36:19,2.33,-0.01,264,61514,卖盘
504,10:36:22,2.33,0.0,2,466,买盘
505,10:36:25,2.33,0.0,54,12580,买盘
506,10:36:34,2.34,0.01,20,4680,买盘
507,10:36:46,2.33,-0.01,50,11650,卖盘
508,10:37:01,2.33,0.0,20,4660,卖盘
509,10:37:18,2.33,0.0,57,13283,卖盘
510,10:37:25,2.33,0.01,71,16543,买盘
511,10:37:34,2.33,0.0,6,1398,买盘
512,10:37:37,2.33,0.0,9,2097,买盘
513,10:37:46,2.33,0.0,5,1165,买盘
514,10:38:04,2.33,0.0,23,5359,买盘
515,10:38:52,2.33,0.0,43,10019,买盘
516,10:39:01,2.32,-0.01,3,696,卖盘
517,10:39:19,2.32,0.0,1,232,卖盘
518,10:39:34,2.33,0.01,2,466,买盘
519,10:39:52,2.32,-0.01,10,2320,卖盘
520,10:39:54,2.33,0.01,500,116500,买盘
521,10:40:00,2.33,0.0,1,233,买盘
522,10:40:06,2.33,0.0,50,11650,买盘
523,10:40:09,2.32,-0.01,60,13920,卖盘
524,10:40:12,2.33,0.01,1,233,买盘
525,10:40:28,2.33,0.0,1,233,买盘
526,10:40:31,2.33,0.0,375,87030,买盘
527,10:40:34,2.33,0.0,3,699,买盘
528,10:40:52,2.33,0.0,1,233,买盘
529,10:40:54,2.33,0.0,1,233,买盘
530,10:40:57,2.33,0.0,1,233,买盘
531,10:41:04,2.33,0.0,11,2563,买盘
532,10:41:07,2.32,-0.01,77,17864,卖盘
533,10:41:10,2.33,0.01,1,233,买盘
534,10:41:19,2.33,0.0,1,233,买盘
535,10:41:22,2.33,0.0,1,233,买盘
536,10:41:25,2.33,0.0,1,233,买盘
537,10:41:27,2.33,0.0,50,11650,买盘
538,10:41:34,2.33,0.0,1,233,买盘
539,10:41:36,2.34,0.01,134,31230,买盘
540,10:41:45,2.34,0.0,12,2808,买盘
541,10:41:49,2.34,0.0,1,234,买盘
542,10:41:55,2.34,0.0,12,2808,买盘
543,10:41:58,2.34,0.0,24,5616,买盘
544,10:42:01,2.34,0.0,10,2340,买盘
545,10:42:19,2.33,-0.01,200,46600,卖盘
546,10:42:28,2.33,0.0,10,2330,卖盘
547,10:42:34,2.34,0.01,50,11700,买盘
548,10:42:46,2.34,0.0,459,107006,买盘
549,10:42:58,2.33,-0.01,19,4427,卖盘
550,10:43:55,2.34,0.01,23,5382,买盘
551,10:43:57,2.34,0.0,50,11700,买盘
552,10:44:13,2.34,0.0,26,6084,买盘
553,10:44:43,2.33,-0.01,553,128849,卖盘
554,10:45:07,2.34,0.01,13,3042,买盘
555,10:45:10,2.32,-0.02,1450,336553,卖盘
556,10:45:30,2.33,0.01,13,3029,卖盘
557,10:45:40,2.32,-0.01,1000,232000,卖盘
558,10:45:49,2.32,0.0,80,18560,卖盘
559,10:47:13,2.32,0.0,310,72220,卖盘
560,10:47:19,2.32,0.0,100,23200,卖盘
561,10:47:40,2.33,0.01,29,6757,买盘
562,10:47:54,2.33,0.0,220,51260,买盘
563,10:47:58,2.33,0.0,20,4660,买盘
564,10:48:01,2.33,0.0,1,233,买盘
565,10:48:04,2.32,-0.01,363,84216,卖盘
566,10:48:13,2.32,0.0,16,3712,卖盘
567,10:48:16,2.32,0.0,45,10440,卖盘
568,10:48:31,2.32,0.0,258,59856,卖盘
569,10:48:58,2.33,0.01,5,1165,买盘
570,10:49:16,2.33,0.0,1,233,买盘
571,10:49:51,2.33,0.0,9,2097,买盘
572,10:49:58,2.32,-0.01,150,34800,卖盘
573,10:50:16,2.33,0.01,5,1165,买盘
574,10:50:19,2.33,0.0,50,11650,买盘
575,10:50:22,2.32,-0.01,10,2320,卖盘
576,10:50:31,2.32,0.0,10,2320,卖盘
577,10:50:43,2.32,0.0,4,928,卖盘
578,10:51:10,2.31,-0.01,996,230729,卖盘
579,10:51:13,2.32,0.01,47,10904,买盘
580,10:51:18,2.32,0.0,21,4872,买盘
581,10:51:31,2.31,-0.01,53,12243,卖盘
582,10:51:37,2.32,0.01,10,2320,买盘
583,10:52:04,2.32,0.0,4,928,买盘
584,10:52:16,2.32,0.0,30,6960,买盘
585,10:53:07,2.32,0.0,17,3944,买盘
586,10:53:19,2.32,0.0,91,21112,卖盘
587,10:53:22,2.32,0.0,8,1856,买盘
588,10:53:28,2.32,0.0,9,2088,买盘
589,10:53:37,2.31,-0.01,33,7623,卖盘
590,10:53:40,2.31,0.0,33,7623,卖盘
591,10:53:43,2.31,0.0,53,12243,卖盘
592,10:53:46,2.32,0.01,16,3712,买盘
593,10:53:49,2.31,-0.01,53,12243,卖盘
594,10:54:04,2.32,0.01,76,17579,买盘
595,10:54:10,2.31,-0.01,150,34650,卖盘
596,10:54:25,2.32,0.01,51,11782,买盘
597,10:54:33,2.32,0.0,2,464,买盘
598,10:54:48,2.31,-0.01,53,12243,卖盘
599,10:55:37,2.31,0.0,53,12243,卖盘
600,10:56:01,2.31,0.0,20,4620,卖盘
601,10:56:22,2.31,0.0,10,2310,卖盘
602,10:56:34,2.31,0.0,3,693,卖盘
603,10:56:40,2.32,0.01,129,29928,买盘
604,10:56:43,2.32,0.0,1,232,买盘
605,10:56:45,2.32,0.0,1,232,买盘
606,10:56:52,2.32,0.0,3,696,买盘
607,10:56:55,2.32,0.0,13,3016,买盘
608,10:57:01,2.32,0.0,194,45008,买盘
609,10:57:04,2.32,0.0,9,2088,买盘
610,10:57:10,2.32,0.0,31,7192,买盘
611,10:57:13,2.32,0.0,1,232,买盘
612,10:57:22,2.32,0.0,109,25288,买盘
613,10:57:28,2.32,0.0,1,232,买盘
614,10:57:31,2.32,0.0,20,4640,买盘
615,10:57:40,2.31,-0.01,1,231,卖盘
616,10:58:00,2.31,0.0,8,1848,卖盘
617,10:58:07,2.32,0.01,3,696,买盘
618,10:58:28,2.31,-0.01,30,6930,卖盘
619,10:58:52,2.32,0.01,130,30060,买盘
620,10:58:58,2.32,0.0,7,1624,买盘
621,10:59:01,2.32,0.0,129,29928,买盘
622,10:59:07,2.32,0.0,8,1856,买盘
623,10:59:10,2.32,0.0,4,928,买盘
624,10:59:16,2.32,0.0,11,2552,买盘
625,10:59:19,2.32,0.0,10,2320,买盘
626,10:59:24,2.32,0.0,20,4632,买盘
627,10:59:27,2.32,0.0,33,7656,买盘
628,10:59:34,2.32,0.0,30,6960,买盘
629,10:59:37,2.32,0.0,33,7656,买盘
630,10:59:46,2.32,0.0,1,232,买盘
631,10:59:49,2.32,0.0,6,1392,买盘
632,11:00:01,2.32,0.0,5,1160,买盘
633,11:00:04,2.32,0.0,30,6960,买盘
634,11:00:10,2.32,0.0,87,20184,买盘
635,11:00:16,2.32,0.0,19,4408,买盘
636,11:00:37,2.32,0.0,50,11600,买盘
637,11:00:43,2.32,0.0,2,464,买盘
638,11:00:52,2.32,0.0,1,232,买盘
639,11:00:55,2.32,0.0,31,7192,买盘
640,11:00:58,2.31,-0.01,7,1617,卖盘
641,11:01:04,2.32,0.01,1,232,买盘
642,11:01:24,2.32,0.0,1,232,买盘
643,11:01:40,2.32,0.0,1,232,买盘
644,11:01:45,2.32,0.0,20,4640,买盘
645,11:01:52,2.32,0.0,1,232,买盘
646,11:01:58,2.32,0.0,1,232,买盘
647,11:02:04,2.32,0.0,1,232,买盘
648,11:02:25,2.31,-0.01,8,1848,卖盘
649,11:02:28,2.32,0.01,2,464,买盘
650,11:02:30,2.32,0.0,11,2552,买盘
651,11:02:34,2.32,0.0,3,696,买盘
652,11:02:54,2.32,0.0,2,464,买盘
653,11:03:01,2.32,0.0,1,232,买盘
654,11:03:04,2.32,0.0,1,232,买盘
655,11:03:10,2.32,0.0,1,232,买盘
656,11:03:16,2.32,0.0,10,2320,买盘
657,11:03:19,2.32,0.0,19,4408,买盘
658,11:03:37,2.32,0.0,5,1160,买盘
659,11:03:51,2.32,0.0,19,4400,买盘
660,11:03:58,2.32,0.0,179,41528,买盘
661,11:04:07,2.32,0.0,66,15312,买盘
662,11:04:12,2.32,0.0,113,26216,买盘
663,11:04:16,2.32,0.0,30,6960,卖盘
664,11:05:15,2.32,0.0,20,4640,卖盘
665,11:05:22,2.32,0.0,8,1856,卖盘
666,11:05:51,2.32,0.0,53,12296,卖盘
667,11:05:55,2.32,0.0,109,25288,卖盘
668,11:05:57,2.32,0.0,172,39904,卖盘
669,11:06:16,2.32,0.0,53,12296,卖盘
670,11:06:25,2.32,0.0,106,24592,卖盘
671,11:06:34,2.32,0.0,10,2320,卖盘
672,11:06:43,2.32,0.0,47,10905,卖盘
673,11:06:57,2.32,0.0,138,32016,卖盘
674,11:07:04,2.31,-0.01,310,71782,卖盘
675,11:07:07,2.32,0.01,2,464,卖盘
676,11:07:10,2.32,0.0,12,2784,买盘
677,11:07:30,2.32,0.0,35,8120,卖盘
678,11:07:49,2.31,-0.01,39,9009,卖盘
679,11:08:13,2.31,0.0,288,66528,卖盘
680,11:08:19,2.31,0.0,672,155232,卖盘
681,11:08:22,2.31,0.0,7,1617,卖盘
682,11:08:28,2.31,0.0,15,3465,卖盘
683,11:08:30,2.31,0.0,300,69300,卖盘
684,11:08:33,2.31,0.0,15,3465,卖盘
685,11:08:40,2.31,0.0,210,48510,卖盘
686,11:08:49,2.31,0.0,42,9702,买盘
687,11:09:04,2.31,0.0,4,924,买盘
688,11:09:07,2.3,-0.01,483,111090,卖盘
689,11:09:43,2.3,0.0,10,2300,卖盘
690,11:09:49,2.31,0.01,40,9240,买盘
691,11:09:51,2.31,0.0,176,40656,买盘
692,11:09:58,2.31,0.0,10,2310,买盘
693,11:10:01,2.3,-0.01,8,1840,卖盘
694,11:10:04,2.31,0.01,50,11550,买盘
695,11:10:24,2.31,0.0,291,67121,买盘
696,11:10:37,2.31,0.0,10,2310,买盘
697,11:10:43,2.31,0.0,10,2310,买盘
698,11:11:06,2.31,0.0,10,2310,买盘
699,11:11:19,2.31,0.0,59,13629,买盘
700,11:11:22,2.3,-0.01,8,1840,卖盘
701,11:11:31,2.31,0.01,158,36498,买盘
702,11:11:37,2.31,0.0,36,8316,买盘
703,11:11:46,2.31,0.0,97,22407,卖盘
704,11:11:58,2.3,-0.01,64,14720,卖盘
705,11:12:01,2.31,0.01,7,1617,买盘
706,11:12:06,2.31,0.0,20,4759,买盘
707,11:12:16,2.31,0.0,100,23100,卖盘
708,11:12:25,2.31,0.0,100,23100,卖盘
709,11:12:40,2.31,0.0,148,34049,卖盘
710,11:12:43,2.31,0.0,50,11550,买盘
711,11:12:46,2.31,0.0,1,231,买盘
712,11:12:52,2.31,0.0,44,10164,买盘
713,11:12:55,2.31,0.0,19,4389,买盘
714,11:13:00,2.3,-0.01,8,1840,卖盘
715,11:13:18,2.31,0.01,284,65604,买盘
716,11:13:25,2.31,0.0,10,2310,买盘
717,11:13:31,2.31,0.0,88,20328,买盘
718,11:13:40,2.3,-0.01,57,13166,卖盘
719,11:13:46,2.31,0.01,50,11550,买盘
720,11:14:01,2.31,0.0,35,8085,买盘
721,11:14:09,2.31,0.0,50,11550,买盘
722,11:14:25,2.31,0.0,6,1386,买盘
723,11:14:28,2.3,-0.01,8,1840,卖盘
724,11:14:52,2.31,0.01,1,231,买盘
725,11:14:58,2.31,0.0,1,231,买盘
726,11:15:10,2.31,0.0,100,23100,买盘
727,11:15:33,2.31,0.0,10,2310,买盘
728,11:15:43,2.31,0.0,1,231,买盘
729,11:15:48,2.31,0.0,90,20790,买盘
730,11:15:52,2.3,-0.01,7,1610,卖盘
731,11:16:01,2.31,0.01,4,924,买盘
732,11:16:22,2.31,0.0,2,462,买盘
733,11:16:31,2.3,-0.01,238,54740,卖盘
734,11:17:04,2.31,0.01,1,231,买盘
735,11:17:12,2.31,0.0,60,13860,买盘
736,11:17:25,2.3,-0.01,8,1840,卖盘
737,11:17:33,2.3,0.0,53,12190,卖盘
738,11:17:37,2.3,0.0,53,12190,卖盘
739,11:17:40,2.31,0.01,216,49896,买盘
740,11:17:43,2.3,-0.01,1000,230000,卖盘
741,11:18:25,2.3,0.0,100,23000,卖盘
742,11:18:37,2.3,0.0,180,41400,卖盘
743,11:18:48,2.3,0.0,8,1840,卖盘
744,11:18:55,2.3,0.0,158,36340,卖盘
745,11:19:07,2.3,0.0,96,22080,卖盘
746,11:19:10,2.3,0.0,98,22540,卖盘
747,11:19:22,2.3,0.0,197,45310,卖盘
748,11:19:31,2.3,0.0,29,6670,卖盘
749,11:19:34,2.3,0.0,70,16100,买盘
750,11:19:40,2.3,0.0,12,2760,买盘
751,11:19:46,2.31,0.01,150,34621,买盘
752,11:19:48,2.3,-0.01,1,230,卖盘
753,11:19:54,2.31,0.01,116,26796,买盘
754,11:20:16,2.3,-0.01,8,1840,卖盘
755,11:20:25,2.3,0.0,39,8970,卖盘
756,11:21:13,2.3,0.0,31,7130,卖盘
757,11:21:28,2.3,0.0,10,2300,卖盘
758,11:21:40,2.31,0.01,7,1617,买盘
759,11:22:13,2.31,0.0,10,2310,买盘
760,11:23:06,2.31,0.0,10,2310,买盘
761,11:23:22,2.31,0.0,27,6237,买盘
762,11:23:34,2.31,0.0,1,231,买盘
763,11:23:58,2.31,0.0,150,34650,买盘
764,11:24:12,2.31,0.0,70,16170,买盘
765,11:24:16,2.3,-0.01,80,18400,卖盘
766,11:24:24,2.31,0.01,63,14553,买盘
767,11:24:42,2.31,0.0,50,11550,买盘
768,11:24:48,2.31,0.0,1,231,买盘
769,11:24:51,2.31,0.0,2,462,买盘
770,11:24:55,2.31,0.0,13,3003,买盘
771,11:24:57,2.31,0.0,1,231,买盘
772,11:25:01,2.3,-0.01,40,9200,卖盘
773,11:25:04,2.3,0.0,77,17786,卖盘
774,11:25:07,2.3,0.0,85,19550,卖盘
775,11:25:10,2.31,0.01,4,924,买盘
776,11:25:22,2.3,-0.01,51,11780,卖盘
777,11:25:34,2.31,0.01,30,6930,买盘
778,11:25:52,2.31,0.0,1,231,买盘
779,11:26:01,2.31,0.0,4,924,买盘
780,11:26:03,2.31,0.0,31,7161,买盘
781,11:26:51,2.31,0.0,4,924,买盘
782,11:26:55,2.31,0.0,50,11550,买盘
783,11:27:13,2.31,0.0,10,2310,买盘
784,11:27:28,2.31,0.0,50,11550,买盘
785,11:27:39,2.3,-0.01,1,230,卖盘
786,11:27:57,2.31,0.01,1,231,买盘
787,11:28:01,2.31,0.0,2,461,买盘
788,11:28:19,2.3,-0.01,1,230,卖盘
789,11:28:30,2.3,0.0,2,460,卖盘
790,11:28:46,2.31,0.01,10,2310,买盘
791,11:29:09,2.31,0.0,30,6930,买盘
792,11:29:33,2.3,-0.01,140,32200,卖盘
793,13:00:04,2.3,0.0,321,74268,卖盘
794,13:00:07,2.31,0.01,55,12661,中性盘
795,13:00:09,2.31,0.0,94,21705,买盘
796,13:00:18,2.31,0.0,1,231,买盘
797,13:00:24,2.31,0.0,2,462,买盘
798,13:02:09,2.31,0.0,6,1386,买盘
799,13:02:39,2.31,0.0,21,4851,买盘
800,13:02:46,2.31,0.0,7,1617,买盘
801,13:03:52,2.32,0.01,1,232,买盘
802,13:04:07,2.32,0.0,11,2552,买盘
803,13:04:28,2.32,0.0,4,928,买盘
804,13:04:36,2.32,0.0,94,21808,买盘
805,13:05:04,2.31,-0.01,1,231,卖盘
806,13:05:21,2.32,0.01,2,464,买盘
807,13:05:27,2.32,0.0,26,6032,买盘
808,13:05:57,2.32,0.0,10,2320,买盘
809,13:06:07,2.32,0.0,1,232,买盘
810,13:06:15,2.32,0.0,4,928,买盘
811,13:06:30,2.31,-0.01,1,231,卖盘
812,13:06:51,2.32,0.01,5,1160,买盘
813,13:07:43,2.32,0.0,2,464,买盘
814,13:07:58,2.31,-0.01,1,231,卖盘
815,13:08:09,2.32,0.01,12,2784,买盘
816,13:08:25,2.32,0.0,82,19024,买盘
817,13:08:49,2.32,0.0,1,232,买盘
818,13:08:52,2.31,-0.01,691,159671,卖盘
819,13:08:55,2.31,0.0,2,462,买盘
820,13:08:58,2.31,0.0,34,7854,买盘
821,13:09:00,2.31,0.0,23,5313,买盘
822,13:09:28,2.31,0.0,1,231,卖盘
823,13:10:01,2.32,0.01,2,464,买盘
824,13:10:49,2.32,0.0,46,10672,买盘
825,13:10:57,2.31,-0.01,1,231,卖盘
826,13:11:10,2.32,0.01,1,232,买盘
827,13:12:16,2.32,0.0,2,464,买盘
828,13:12:24,2.31,-0.01,1,231,卖盘
829,13:13:52,2.31,0.0,1,231,卖盘
830,13:13:55,2.32,0.01,1000,232000,买盘
831,13:14:31,2.31,-0.01,4,924,卖盘
832,13:14:37,2.32,0.01,2,464,买盘
833,13:15:01,2.32,0.0,5,1160,买盘
834,13:15:09,2.31,-0.01,10,2310,卖盘
835,13:15:19,2.32,0.01,1,232,买盘
836,13:15:21,2.32,0.0,27,6263,买盘
837,13:15:25,2.32,0.0,26,6032,买盘
838,13:15:40,2.32,0.0,22,5104,买盘
839,13:15:49,2.32,0.0,1077,249864,买盘
840,13:15:55,2.32,0.0,87,20184,买盘
841,13:15:57,2.32,0.0,399,92568,买盘
842,13:16:10,2.32,0.0,581,134792,买盘
843,13:16:16,2.32,0.0,8,1856,买盘
844,13:16:19,2.32,0.0,53,12296,买盘
845,13:16:22,2.32,0.0,67,15544,买盘
846,13:16:27,2.32,0.0,2,464,买盘
847,13:16:34,2.32,0.0,4,928,买盘
848,13:16:40,2.32,0.0,4,928,买盘
849,13:16:46,2.31,-0.01,1,231,卖盘
850,13:16:52,2.31,0.0,6,1391,卖盘
851,13:16:58,2.32,0.01,8,1856,买盘
852,13:17:04,2.32,0.0,11,2552,买盘
853,13:17:13,2.32,0.0,50,11600,买盘
854,13:17:18,2.32,0.0,85,19720,买盘
855,13:17:25,2.32,0.0,42,9744,买盘
856,13:17:43,2.32,0.0,50,11600,买盘
857,13:17:49,2.32,0.0,43,9976,买盘
858,13:17:57,2.32,0.0,1,232,买盘
859,13:18:01,2.32,0.0,1,232,买盘
860,13:18:19,2.31,-0.01,1,231,卖盘
861,13:18:28,2.32,0.01,1,232,买盘
862,13:18:37,2.32,0.0,10,2320,买盘
863,13:18:52,2.32,0.0,8,1856,买盘
864,13:19:01,2.32,0.0,5,1160,买盘
865,13:19:16,2.32,0.0,2,464,买盘
866,13:19:25,2.31,-0.01,150,34650,卖盘
867,13:19:49,2.32,0.01,5,1159,买盘
868,13:20:30,2.32,0.0,1,232,买盘
869,13:20:37,2.32,0.0,1,232,买盘
870,13:20:43,2.32,0.0,1,232,买盘
871,13:20:55,2.32,0.0,1,232,买盘
872,13:21:15,2.31,-0.01,1,231,卖盘
873,13:21:21,2.32,0.01,1,232,买盘
874,13:21:27,2.32,0.0,2,464,买盘
875,13:21:31,2.32,0.0,2,464,买盘
876,13:21:33,2.32,0.0,1,232,买盘
877,13:21:40,2.32,0.0,1,232,买盘
878,13:21:48,2.32,0.0,1,232,买盘
879,13:21:51,2.32,0.0,20,4640,买盘
880,13:22:01,2.32,0.0,3,696,买盘
881,13:22:04,2.32,0.0,1,232,买盘
882,13:22:19,2.32,0.0,1,232,买盘
883,13:22:22,2.32,0.0,9,2088,买盘
884,13:22:24,2.32,0.0,1,232,买盘
885,13:22:27,2.32,0.0,7,1624,买盘
886,13:22:31,2.31,-0.01,7,1617,卖盘
887,13:22:37,2.32,0.01,320,74240,买盘
888,13:22:46,2.32,0.0,2,465,卖盘
889,13:22:57,2.32,0.0,70,16240,卖盘
890,13:23:04,2.33,0.01,20,4660,买盘
891,13:23:31,2.33,0.0,1,233,买盘
892,13:23:34,2.32,-0.01,10,2320,卖盘
893,13:23:52,2.33,0.01,2,466,买盘
894,13:24:04,2.33,0.0,11,2563,买盘
895,13:24:07,2.32,-0.01,100,23200,卖盘
896,13:24:16,2.32,0.0,1,232,卖盘
897,13:24:37,2.32,0.0,370,85840,卖盘
898,13:24:40,2.33,0.01,9,2097,买盘
899,13:24:48,2.32,-0.01,10,2320,卖盘
900,13:24:57,2.32,0.0,1,232,买盘
901,13:25:01,2.32,0.0,28,6496,买盘
902,13:25:04,2.32,0.0,11,2552,买盘
903,13:25:18,2.32,0.0,10,2320,卖盘
904,13:25:34,2.31,-0.01,156,36079,卖盘
905,13:25:43,2.31,0.0,1,231,卖盘
906,13:25:52,2.32,0.01,30,6960,买盘
907,13:26:01,2.32,0.0,20,4640,买盘
908,13:26:04,2.33,0.01,59,13697,买盘
909,13:26:13,2.33,0.0,2,466,买盘
910,13:26:19,2.32,-0.01,193,44787,卖盘
911,13:26:31,2.33,0.01,12,2796,买盘
912,13:26:43,2.33,0.0,6,1397,买盘
913,13:27:10,2.33,0.0,34,7922,买盘
914,13:27:13,2.32,-0.01,1,232,卖盘
915,13:27:52,2.33,0.01,2,466,买盘
916,13:28:13,2.32,-0.01,1,232,卖盘
917,13:28:31,2.33,0.01,2,466,买盘
918,13:28:33,2.33,0.0,5,1165,买盘
919,13:28:42,2.32,-0.01,1,232,卖盘
920,13:28:58,2.32,0.0,98,22736,卖盘
921,13:29:18,2.32,0.0,10,2320,卖盘
922,13:29:43,2.32,0.0,1,232,卖盘
923,13:30:46,2.33,0.01,12,2796,买盘
924,13:30:52,2.33,0.0,2,466,买盘
925,13:30:55,2.33,0.0,1,233,买盘
926,13:31:10,2.32,-0.01,1,232,卖盘
927,13:32:37,2.32,0.0,1,232,卖盘
928,13:32:51,2.33,0.01,1,233,买盘
929,13:33:07,2.33,0.0,2,466,买盘
930,13:33:10,2.33,0.0,10,2330,买盘
931,13:33:13,2.33,0.0,4,932,买盘
932,13:33:34,2.32,-0.01,50,11600,卖盘
933,13:33:36,2.32,0.0,38,8816,卖盘
934,13:34:06,2.32,0.0,1,232,卖盘
935,13:34:55,2.33,0.01,1,233,买盘
936,13:35:28,2.33,0.0,2,466,买盘
937,13:35:30,2.33,0.0,17,3961,买盘
938,13:35:37,2.32,-0.01,1,232,卖盘
939,13:36:04,2.33,0.01,49,11417,买盘
940,13:36:19,2.33,0.0,8,1864,买盘
941,13:36:22,2.33,0.0,50,11650,买盘
942,13:36:40,2.32,-0.01,34,7888,卖盘
943,13:36:58,2.33,0.01,1,233,买盘
944,13:37:07,2.33,0.0,300,69900,买盘
945,13:37:46,2.33,0.0,2,466,买盘
946,13:37:52,2.33,0.0,17,3961,买盘
947,13:38:18,2.33,0.0,1,233,买盘
948,13:38:25,2.33,0.0,27,6291,买盘
949,13:38:48,2.33,0.0,20,4660,买盘
950,13:38:55,2.33,0.0,1,233,买盘
951,13:39:13,2.33,0.0,9,2097,买盘
952,13:39:52,2.32,-0.01,3,696,卖盘
953,13:39:58,2.33,0.01,729,169857,买盘
954,13:40:07,2.33,0.0,2,466,买盘
955,13:40:10,2.33,0.0,65,15145,买盘
956,13:40:18,2.33,0.0,2,466,买盘
957,13:40:22,2.33,0.0,697,162401,买盘
958,13:40:28,2.34,0.01,10,2340,买盘
959,13:40:52,2.34,0.0,1,234,买盘
960,13:41:09,2.34,0.0,5,1170,买盘
961,13:41:37,2.34,0.0,5,1170,买盘
962,13:41:52,2.34,0.0,50,11700,买盘
963,13:41:54,2.34,0.0,1,234,买盘
964,13:42:04,2.34,0.0,50,11700,买盘
965,13:42:16,2.34,0.0,2,468,买盘
966,13:42:28,2.34,0.0,2,468,买盘
967,13:42:43,2.34,0.0,1,234,买盘
968,13:42:49,2.34,0.0,1,234,买盘
969,13:43:40,2.34,0.0,10,2340,买盘
970,13:44:16,2.34,0.0,42,9828,买盘
971,13:44:37,2.33,-0.01,3,701,卖盘
972,13:44:46,2.34,0.01,1,234,买盘
973,13:45:16,2.33,-0.01,130,30290,卖盘
974,13:46:40,2.34,0.01,1,234,买盘
975,13:47:00,2.34,0.0,2,468,买盘
976,13:47:07,2.33,-0.01,100,23300,卖盘
977,13:47:19,2.33,0.0,98,22834,卖盘
978,13:47:22,2.33,0.0,8,1864,卖盘
979,13:47:28,2.33,0.0,10,2330,卖盘
980,13:47:45,2.33,0.0,80,18640,卖盘
981,13:47:52,2.33,0.0,134,31222,卖盘
982,13:47:57,2.33,0.0,17,3961,买盘
983,13:48:04,2.33,0.0,18,4194,买盘
984,13:48:10,2.33,0.0,57,13281,买盘
985,13:48:24,2.33,0.0,11,2563,买盘
986,13:48:34,2.33,0.0,10,2330,买盘
987,13:49:01,2.32,-0.01,9,2088,卖盘
988,13:49:22,2.33,0.01,2,466,买盘
989,13:49:51,2.33,0.0,91,21203,买盘
990,13:50:42,2.33,0.0,9,2097,买盘
991,13:51:12,2.33,0.0,11,2563,买盘
992,13:51:16,2.33,0.0,1139,265387,买盘
993,13:51:25,2.34,0.01,34,7956,买盘
994,13:51:33,2.34,0.0,18,4212,买盘
995,13:51:42,2.34,0.0,2,468,买盘
996,13:52:01,2.34,0.0,50,11700,买盘
997,13:52:16,2.34,0.0,7,1638,买盘
998,13:52:40,2.34,0.0,10,2340,买盘
999,13:52:43,2.34,0.0,20,4680,买盘
1000,13:52:49,2.34,0.0,20,4680,买盘
1001,13:52:52,2.34,0.0,5,1170,买盘
1002,13:52:58,2.34,0.0,200,46800,买盘
1003,13:53:01,2.34,0.0,67,15648,买盘
1004,13:53:04,2.34,0.0,50,11700,买盘
1005,13:53:07,2.34,0.0,171,40014,买盘
1006,13:53:10,2.34,0.0,246,57564,买盘
1007,13:53:16,2.35,0.01,5,1175,买盘
1008,13:53:28,2.35,0.0,10,2350,买盘
1009,13:53:43,2.35,0.0,18,4230,买盘
1010,13:53:49,2.35,0.0,10,2350,买盘
1011,13:53:52,2.35,0.0,2,470,买盘
1012,13:54:22,2.35,0.0,1,235,买盘
1013,13:54:46,2.35,0.0,116,27260,买盘
1014,13:55:10,2.35,0.0,5,1175,买盘
1015,13:55:16,2.35,0.0,17,3995,买盘
1016,13:55:25,2.35,0.0,4,940,买盘
1017,13:56:09,2.34,-0.01,100,23400,卖盘
1018,13:56:13,2.35,0.01,2,470,买盘
1019,13:56:21,2.35,0.0,56,13160,买盘
1020,13:57:16,2.34,-0.01,1,234,卖盘
1021,13:57:33,2.34,0.0,50,11700,卖盘
1022,13:57:40,2.34,0.0,33,7722,卖盘
1023,13:58:10,2.35,0.01,1,235,买盘
1024,13:58:15,2.34,-0.01,5,1170,卖盘
1025,13:58:19,2.34,0.0,500,117000,卖盘
1026,13:58:28,2.34,0.0,100,23400,卖盘
1027,13:58:31,2.35,0.01,7,1640,买盘
1028,13:58:49,2.35,0.0,55,12925,买盘
1029,13:58:58,2.34,-0.01,300,70200,卖盘
1030,13:59:22,2.35,0.01,121,28435,买盘
1031,14:00:13,2.35,0.0,5,1175,买盘
1032,14:00:25,2.35,0.0,5,1175,买盘
1033,14:00:43,2.34,-0.01,30,7020,卖盘
1034,14:00:58,2.35,0.01,2,470,买盘
1035,14:01:13,2.35,0.0,2229,523815,买盘
1036,14:01:15,2.35,0.0,5,1175,买盘
1037,14:01:18,2.35,0.0,60,14100,买盘
1038,14:01:22,2.35,0.0,8,1880,买盘
1039,14:01:25,2.35,0.0,12,2820,买盘
1040,14:01:28,2.35,0.0,25,5875,买盘
1041,14:01:31,2.35,0.0,307,72145,买盘
1042,14:01:40,2.36,0.01,55,12980,买盘
1043,14:01:43,2.36,0.0,2,472,买盘
1044,14:01:46,2.36,0.0,59,13924,买盘
1045,14:01:52,2.36,0.0,55,12980,买盘
1046,14:01:55,2.36,0.0,5,1180,买盘
1047,14:02:07,2.36,0.0,5,1180,买盘
1048,14:02:19,2.36,0.0,55,12980,买盘
1049,14:02:28,2.36,0.0,107,25252,买盘
1050,14:02:40,2.36,0.0,31,7316,买盘
1051,14:02:43,2.36,0.0,11,2596,买盘
1052,14:02:46,2.36,0.0,16,3776,买盘
1053,14:02:48,2.36,0.0,17,4012,买盘
1054,14:02:52,2.36,0.0,29,6844,买盘
1055,14:02:55,2.35,-0.01,6,1415,卖盘
1056,14:02:58,2.37,0.02,1184,279479,买盘
1057,14:03:01,2.37,0.0,57,13509,买盘
1058,14:03:04,2.37,0.0,20,4740,买盘
1059,14:03:16,2.37,0.0,55,13035,买盘
1060,14:03:28,2.36,-0.01,100,23600,卖盘
1061,14:03:34,2.37,0.01,10,2370,买盘
1062,14:03:46,2.36,-0.01,50,11800,卖盘
1063,14:03:55,2.36,0.0,150,35400,卖盘
1064,14:04:07,2.36,0.0,10,2360,卖盘
1065,14:04:13,2.36,0.0,244,57457,卖盘
1066,14:04:19,2.36,0.0,100,23600,卖盘
1067,14:04:22,2.36,0.0,60,14160,卖盘
1068,14:04:31,2.36,0.0,16,3903,卖盘
1069,14:04:37,2.36,0.0,6,1416,买盘
1070,14:04:46,2.36,0.0,1,236,买盘
1071,14:04:51,2.36,0.0,11,2596,买盘
1072,14:04:54,2.36,0.0,10,2360,买盘
1073,14:04:58,2.36,0.0,2,472,买盘
1074,14:05:01,2.36,0.0,1,236,买盘
1075,14:05:04,2.36,0.0,12,2832,买盘
1076,14:05:10,2.36,0.0,11,2596,买盘
1077,14:05:13,2.36,0.0,63,14868,买盘
1078,14:05:16,2.36,0.0,80,18880,买盘
1079,14:05:19,2.36,0.0,1,236,买盘
1080,14:05:22,2.36,0.0,5,1180,买盘
1081,14:05:25,2.36,0.0,1,236,买盘
1082,14:05:28,2.36,0.0,1,236,买盘
1083,14:05:34,2.36,0.0,52,12272,买盘
1084,14:05:37,2.36,0.0,10,2360,买盘
1085,14:05:43,2.36,0.0,15,3540,买盘
1086,14:06:07,2.35,-0.01,9,2115,卖盘
1087,14:06:25,2.36,0.01,20,4720,买盘
1088,14:06:46,2.35,-0.01,33,7755,卖盘
1089,14:07:43,2.36,0.01,1,236,买盘
1090,14:07:46,2.36,0.0,2,472,买盘
1091,14:08:00,2.36,0.0,55,12980,买盘
1092,14:08:13,2.36,0.0,2,472,买盘
1093,14:09:04,2.36,0.0,13,3068,买盘
1094,14:09:13,2.36,0.0,9,2124,买盘
1095,14:09:18,2.36,0.0,22,5192,买盘
1096,14:09:37,2.36,0.0,1,236,买盘
1097,14:09:57,2.36,0.0,55,12980,买盘
1098,14:10:07,2.36,0.0,2,472,买盘
1099,14:10:10,2.36,0.0,2,472,买盘
1100,14:10:25,2.36,0.0,55,12980,买盘
1101,14:10:43,2.36,0.0,56,13216,买盘
1102,14:10:49,2.36,0.0,24,5664,买盘
1103,14:10:52,2.36,0.0,1,236,买盘
1104,14:10:55,2.36,0.0,3,708,买盘
1105,14:10:58,2.36,0.0,1,236,买盘
1106,14:11:04,2.36,0.0,247,58165,买盘
1107,14:11:25,2.37,0.01,56,13272,买盘
1108,14:11:52,2.37,0.0,75,17745,买盘
1109,14:11:54,2.37,0.0,1,237,买盘
1110,14:12:13,2.37,0.0,2,474,买盘
1111,14:12:16,2.37,0.0,55,13035,买盘
1112,14:12:31,2.37,0.0,2,474,买盘
1113,14:13:07,2.37,0.0,55,13035,买盘
1114,14:13:15,2.37,0.0,1,237,买盘
1115,14:13:31,2.37,0.0,40,9480,买盘
1116,14:13:40,2.37,0.0,8,1896,买盘
1117,14:14:22,2.37,0.0,10,2370,买盘
1118,14:14:30,2.37,0.0,2,474,买盘
1119,14:15:07,2.37,0.0,1,237,买盘
1120,14:15:22,2.37,0.0,55,13035,买盘
1121,14:15:25,2.37,0.0,55,13035,买盘
1122,14:15:28,2.36,-0.01,10,2360,卖盘
1123,14:15:30,2.36,0.0,10,2360,卖盘
1124,14:15:39,2.37,0.01,2,474,买盘
1125,14:15:42,2.37,0.0,35,8295,买盘
1126,14:15:46,2.36,-0.01,350,82600,卖盘
1127,14:16:07,2.36,0.0,11,2596,卖盘
1128,14:16:16,2.37,0.01,26,6162,买盘
1129,14:16:19,2.36,-0.01,1,236,卖盘
1130,14:16:22,2.37,0.01,8,1896,买盘
1131,14:16:24,2.37,0.0,100,23700,买盘
1132,14:16:34,2.37,0.0,91,21567,买盘
1133,14:16:43,2.37,0.0,1010,239370,买盘
1134,14:16:49,2.37,0.0,100,23700,买盘
1135,14:16:52,2.37,0.0,2,474,买盘
1136,14:16:55,2.37,0.0,500,118500,买盘
1137,14:16:58,2.37,0.0,1,237,买盘
1138,14:17:01,2.37,0.0,82,19434,买盘
1139,14:17:04,2.37,0.0,10,2370,买盘
1140,14:17:25,2.38,0.01,50,11900,买盘
1141,14:17:40,2.38,0.0,46,10948,买盘
1142,14:17:51,2.38,0.0,63,14994,买盘
1143,14:17:55,2.38,0.0,72,17136,买盘
1144,14:18:22,2.38,0.0,14,3332,买盘
1145,14:18:25,2.38,0.0,64,15232,买盘
1146,14:18:27,2.38,0.0,9,2142,买盘
1147,14:18:40,2.38,0.0,10,2380,买盘
1148,14:18:43,2.38,0.0,190,45220,买盘
1149,14:18:48,2.37,-0.01,21,4978,卖盘
1150,14:19:16,2.38,0.01,2,476,买盘
1151,14:19:49,2.38,0.0,83,19754,买盘
1152,14:19:54,2.38,0.0,5,1190,买盘
1153,14:20:04,2.38,0.0,35,8330,买盘
1154,14:20:37,2.38,0.0,1,238,买盘
1155,14:21:07,2.38,0.0,1,238,买盘
1156,14:21:43,2.37,-0.01,50,11850,卖盘
1157,14:21:52,2.37,0.0,418,99066,卖盘
1158,14:22:04,2.37,0.0,9,2133,卖盘
1159,14:22:07,2.37,0.0,105,24885,卖盘
1160,14:22:13,2.37,0.0,30,7110,卖盘
1161,14:22:16,2.37,0.0,150,35550,卖盘
1162,14:22:18,2.37,0.0,10,2370,卖盘
1163,14:22:22,2.37,0.0,50,11850,卖盘
1164,14:22:25,2.37,0.0,96,22752,卖盘
1165,14:22:28,2.37,0.0,10,2370,卖盘
1166,14:22:31,2.38,0.01,2,476,买盘
1167,14:22:40,2.37,-0.01,50,11850,卖盘
1168,14:22:43,2.38,0.01,21,4998,买盘
1169,14:22:49,2.37,-0.01,55,13035,卖盘
1170,14:22:52,2.37,0.0,160,37920,卖盘
1171,14:22:58,2.37,0.0,3,711,卖盘
1172,14:23:01,2.37,0.0,50,11850,卖盘
1173,14:23:10,2.37,0.0,30,7110,卖盘
1174,14:23:13,2.37,0.0,105,24885,卖盘
1175,14:23:16,2.37,0.0,83,19671,卖盘
1176,14:23:22,2.37,0.0,1,237,买盘
1177,14:23:24,2.36,-0.01,56,13239,卖盘
1178,14:23:55,2.36,0.0,10,2360,卖盘
1179,14:24:25,2.36,0.0,50,11800,卖盘
1180,14:24:34,2.36,0.0,721,170283,卖盘
1181,14:24:45,2.36,0.0,3,708,买盘
1182,14:24:58,2.36,0.0,2,472,买盘
1183,14:25:07,2.36,0.0,1,236,买盘
1184,14:25:28,2.35,-0.01,400,94000,卖盘
1185,14:25:51,2.36,0.01,10,2360,买盘
1186,14:26:10,2.36,0.0,1,236,买盘
1187,14:26:28,2.36,0.0,1,236,买盘
1188,14:26:37,2.36,0.0,2,472,买盘
1189,14:26:40,2.36,0.0,3,708,买盘
1190,14:26:43,2.36,0.0,1,236,买盘
1191,14:26:49,2.36,0.0,18,4248,买盘
1192,14:26:54,2.36,0.0,12,2832,买盘
1193,14:27:04,2.35,-0.01,33,7755,卖盘
1194,14:27:07,2.36,0.01,24,5664,买盘
1195,14:27:12,2.36,0.0,1,236,买盘
1196,14:27:16,2.36,0.0,1,236,买盘
1197,14:27:25,2.36,0.0,2,472,买盘
1198,14:27:27,2.36,0.0,1,236,买盘
1199,14:27:58,2.36,0.0,1,236,买盘
1200,14:28:04,2.36,0.0,1,236,买盘
1201,14:28:12,2.35,-0.01,2,470,卖盘
1202,14:28:18,2.36,0.01,1,236,买盘
1203,14:28:30,2.36,0.0,1,236,买盘
1204,14:28:36,2.36,0.0,55,12980,买盘
1205,14:28:49,2.36,0.0,1,236,买盘
1206,14:28:58,2.36,0.0,55,12980,买盘
1207,14:29:07,2.36,0.0,8,1888,买盘
1208,14:29:16,2.36,0.0,1,236,买盘
1209,14:29:24,2.36,0.0,47,11092,买盘
1210,14:29:30,2.35,-0.01,90,21103,卖盘
1211,14:29:36,2.36,0.01,11,2596,买盘
1212,14:29:55,2.36,0.0,1,236,买盘
1213,14:30:07,2.36,0.0,20,4720,买盘
1214,14:30:25,2.36,0.0,1,236,买盘
1215,14:30:28,2.36,0.0,2,472,买盘
1216,14:30:58,2.36,0.0,1,236,买盘
1217,14:31:04,2.36,0.0,4,944,买盘
1218,14:31:40,2.36,0.0,8,1888,买盘
1219,14:32:01,2.36,0.0,1,236,买盘
1220,14:32:22,2.36,0.0,6,1416,买盘
1221,14:32:27,2.36,0.0,200,47200,买盘
1222,14:32:34,2.36,0.0,1,236,买盘
1223,14:32:43,2.36,0.0,279,65717,买盘
1224,14:32:58,2.38,0.02,983,233098,买盘
1225,14:33:07,2.37,-0.01,1,237,买盘
1226,14:33:09,2.37,0.0,4,948,买盘
1227,14:33:25,2.37,0.0,104,24648,卖盘
1228,14:33:28,2.37,0.0,14,3318,买盘
1229,14:33:34,2.37,0.0,12,2844,买盘
1230,14:33:52,2.37,0.0,40,9480,卖盘
1231,14:33:58,2.37,0.0,10,2370,卖盘
1232,14:34:01,2.37,0.0,237,56403,卖盘
1233,14:34:07,2.37,0.0,3,711,买盘
1234,14:34:10,2.37,0.0,2,474,买盘
1235,14:34:13,2.37,0.0,3,711,买盘
1236,14:34:33,2.37,0.0,2,474,买盘
1237,14:34:42,2.37,0.0,1,237,买盘
1238,14:35:04,2.37,0.0,55,13035,买盘
1239,14:35:28,2.37,0.0,3,711,买盘
1240,14:35:31,2.37,0.0,9,2133,买盘
1241,14:35:34,2.37,0.0,1,237,买盘
1242,14:35:40,2.37,0.0,1,237,买盘
1243,14:35:45,2.37,0.0,57,13509,买盘
1244,14:35:52,2.37,0.0,20,4740,卖盘
1245,14:36:07,2.37,0.0,25,5925,卖盘
1246,14:36:10,2.37,0.0,100,23700,卖盘
1247,14:36:28,2.37,0.0,228,54036,卖盘
1248,14:36:49,2.37,0.0,1,237,买盘
1249,14:36:55,2.37,0.0,6,1422,买盘
1250,14:37:10,2.37,0.0,508,120396,买盘
1251,14:37:25,2.37,0.0,1267,300279,卖盘
1252,14:37:28,2.38,0.01,1,238,买盘
1253,14:37:31,2.37,-0.01,214,50718,卖盘
1254,14:37:34,2.37,0.0,4,948,卖盘
1255,14:37:40,2.37,0.0,1,237,卖盘
1256,14:37:46,2.37,0.0,1,237,卖盘
1257,14:37:52,2.37,0.0,1,237,卖盘
1258,14:37:58,2.37,0.0,9,2133,卖盘
1259,14:38:10,2.37,0.0,14,3318,买盘
1260,14:38:25,2.37,0.0,20,4740,卖盘
1261,14:38:34,2.37,0.0,21,4977,卖盘
1262,14:39:31,2.37,0.0,1,237,买盘
1263,14:40:01,2.37,0.0,1,237,买盘
1264,14:40:34,2.37,0.0,1,237,买盘
1265,14:41:13,2.37,0.0,55,13035,买盘
1266,14:41:21,2.36,-0.01,26,6136,卖盘
1267,14:41:25,2.37,0.01,55,13035,买盘
1268,14:41:40,2.37,0.0,1,237,买盘
1269,14:42:10,2.37,0.0,1,237,买盘
1270,14:42:43,2.37,0.0,23,5451,买盘
1271,14:43:13,2.37,0.0,1,237,买盘
1272,14:43:46,2.37,0.0,1,237,买盘
1273,14:44:06,2.37,0.0,22,5214,买盘
1274,14:44:19,2.37,0.0,1,237,买盘
1275,14:44:21,2.37,0.0,170,40290,买盘
1276,14:45:15,2.37,0.0,14,3318,买盘
1277,14:45:21,2.37,0.0,2,474,买盘
1278,14:45:52,2.36,-0.01,5,1180,卖盘
1279,14:45:54,2.37,0.01,1,237,买盘
1280,14:45:58,2.37,0.0,10,2370,买盘
1281,14:46:25,2.37,0.0,1,237,买盘
1282,14:46:31,2.37,0.0,10,2370,买盘
1283,14:46:34,2.37,0.0,146,34602,买盘
1284,14:47:04,2.37,0.0,30,7110,买盘
1285,14:47:10,2.37,0.0,10,2370,买盘
1286,14:47:18,2.36,-0.01,20,4720,卖盘
1287,14:47:43,2.37,0.01,20,4740,买盘
1288,14:47:46,2.36,-0.01,10,2360,卖盘
1289,14:48:04,2.36,0.0,5,1180,卖盘
1290,14:48:07,2.37,0.01,1,237,买盘
1291,14:48:13,2.37,0.0,10,2370,买盘
1292,14:48:25,2.37,0.0,36,8532,买盘
1293,14:48:39,2.37,0.0,7,1659,买盘
1294,14:48:45,2.37,0.0,10,2370,买盘
1295,14:49:07,2.37,0.0,1,237,买盘
1296,14:49:18,2.37,0.0,30,7110,买盘
1297,14:49:22,2.37,0.0,10,2370,买盘
1298,14:49:40,2.37,0.0,1,237,买盘
1299,14:50:04,2.36,-0.01,100,23600,卖盘
1300,14:50:10,2.37,0.01,11,2607,买盘
1301,14:50:19,2.36,-0.01,3,708,卖盘
1302,14:50:49,2.37,0.01,10,2370,买盘
1303,14:51:01,2.36,-0.01,160,37760,卖盘
1304,14:51:22,2.37,0.01,10,2370,买盘
1305,14:51:52,2.37,0.0,11,2607,买盘
1306,14:52:51,2.37,0.0,10,2370,买盘
1307,14:53:43,2.37,0.0,66,15642,买盘
1308,14:54:04,2.37,0.0,10,2370,买盘
1309,14:54:34,2.37,0.0,9,2133,买盘
1310,14:54:39,2.37,0.0,10,2370,买盘
1311,14:54:55,2.37,0.0,1,237,买盘
1312,14:54:58,2.37,0.0,10,2370,买盘
1313,14:55:19,2.37,0.0,42,9954,买盘
1314,14:55:21,2.37,0.0,19,4503,买盘
1315,14:56:25,2.37,0.0,40,9470,买盘
1316,14:56:40,2.37,0.0,243,57591,买盘
1317,14:56:46,2.37,0.0,8,1896,买盘
1318,14:56:49,2.37,0.0,8,1896,买盘
1319,14:56:52,2.36,-0.01,220,51939,卖盘
1320,14:56:55,2.37,0.01,14,3318,买盘
1321,14:56:58,2.36,-0.01,42,9924,卖盘
1322,14:57:01,2.37,0.01,8,1896,买盘
1323,14:57:04,2.37,0.0,4,948,买盘
1324,15:00:04,2.37,0.0,322,76314,卖盘
