,time,price,change,volume,amount,type
0,09:25:04,6.72,0.03,1789,1202208,卖盘
1,09:30:00,6.72,0.0,278,186740,买盘
2,09:30:04,6.7,-0.02,2202,1482569,中性盘
3,09:30:07,6.72,0.02,1065,715260,买盘
4,09:30:10,6.72,0.0,30,20175,卖盘
5,09:30:13,6.74,0.02,30,20220,买盘
6,09:30:16,6.74,0.0,535,359809,买盘
7,09:30:19,6.72,-0.02,25,16800,买盘
8,09:30:22,6.74,0.02,42,28298,买盘
9,09:30:25,6.74,0.0,50,33700,卖盘
10,09:30:28,6.73,-0.01,96,64692,卖盘
11,09:30:31,6.73,0.0,36,24248,卖盘
12,09:30:34,6.72,-0.01,5,3360,卖盘
13,09:30:37,6.73,0.01,103,69250,买盘
14,09:30:39,6.73,0.0,388,261106,买盘
15,09:30:42,6.73,0.0,74,49778,买盘
16,09:30:46,6.72,-0.01,137,92044,卖盘
17,09:30:52,6.7,-0.02,302,202357,卖盘
18,09:30:54,6.7,0.0,43,28814,卖盘
19,09:30:58,6.71,0.01,121,81160,买盘
20,09:31:00,6.69,-0.02,159,106412,卖盘
21,09:31:04,6.7,0.01,142,95099,买盘
22,09:31:06,6.7,0.0,55,36835,买盘
23,09:31:09,6.7,0.0,80,53559,买盘
24,09:31:13,6.7,0.0,8,5355,买盘
25,09:31:15,6.69,-0.01,190,127130,卖盘
26,09:31:19,6.69,0.0,87,58242,卖盘
27,09:31:21,6.69,0.0,197,131793,卖盘
28,09:31:24,6.69,0.0,1,669,买盘
29,09:31:28,6.67,-0.02,70,46755,卖盘
30,09:31:31,6.67,0.0,151,101046,卖盘
31,09:31:34,6.66,-0.01,34,22672,卖盘
32,09:31:37,6.67,0.01,15,10005,买盘
33,09:31:39,6.67,0.0,340,226656,买盘
34,09:31:43,6.65,-0.02,71,47298,卖盘
35,09:31:46,6.67,0.02,82,54640,买盘
36,09:31:48,6.65,-0.02,355,236390,卖盘
37,09:31:51,6.67,0.02,11,7337,买盘
38,09:31:55,6.67,0.0,70,46690,卖盘
39,09:31:58,6.65,-0.02,80,53282,卖盘
40,09:32:01,6.65,0.0,57,37907,卖盘
41,09:32:04,6.67,0.02,54,36012,买盘
42,09:32:06,6.66,-0.01,14,9320,中性盘
43,09:32:10,6.67,0.01,84,56042,买盘
44,09:32:13,6.67,0.0,8,5336,卖盘
45,09:32:15,6.69,0.02,86,57534,买盘
46,09:32:19,6.67,-0.02,53,35435,卖盘
47,09:32:22,6.69,0.02,18,12038,买盘
48,09:32:25,6.68,-0.01,44,29369,中性盘
49,09:32:28,6.69,0.01,17,11373,买盘
50,09:32:31,6.69,0.0,8,5350,买盘
51,09:32:37,6.68,-0.01,50,33430,卖盘
52,09:32:40,6.68,0.0,246,164513,买盘
53,09:32:43,6.68,0.0,55,36748,卖盘
54,09:32:46,6.68,0.0,51,34078,卖盘
55,09:32:49,6.68,0.0,32,21401,卖盘
56,09:32:52,6.7,0.02,29,19416,买盘
57,09:32:55,6.69,-0.01,55,36833,卖盘
58,09:32:58,6.69,0.0,3,2007,卖盘
59,09:33:01,6.69,0.0,113,75605,卖盘
60,09:33:04,6.69,0.0,40,26760,卖盘
61,09:33:06,6.7,0.01,404,270309,买盘
62,09:33:10,6.7,0.0,4,2680,买盘
63,09:33:13,6.68,-0.02,127,84882,卖盘
64,09:33:16,6.67,-0.01,40,26680,卖盘
65,09:33:19,6.68,0.01,229,152881,买盘
66,09:33:25,6.68,0.0,27,18049,卖盘
67,09:33:28,6.69,0.01,59,39471,买盘
68,09:33:31,6.68,-0.01,50,33409,卖盘
69,09:33:33,6.69,0.01,44,29436,买盘
70,09:33:40,6.69,0.0,77,51574,卖盘
71,09:33:43,6.7,0.01,116,77703,买盘
72,09:33:46,6.7,0.0,61,40870,卖盘
73,09:33:49,6.7,0.0,136,91328,卖盘
74,09:33:54,6.72,0.02,46,30892,买盘
75,09:33:58,6.71,-0.01,39,26207,卖盘
76,09:34:01,6.71,0.0,45,30195,卖盘
77,09:34:04,6.71,0.0,1,671,买盘
78,09:34:06,6.71,0.0,16,10736,买盘
79,09:34:09,6.71,0.0,35,23491,买盘
80,09:34:12,6.7,-0.01,77,51614,卖盘
81,09:34:16,6.71,0.01,10,6710,中性盘
82,09:34:19,6.7,-0.01,155,104048,卖盘
83,09:34:22,6.7,0.0,4,2680,卖盘
84,09:34:25,6.7,0.0,18,12075,卖盘
85,09:34:28,6.71,0.01,103,69113,买盘
86,09:34:30,6.7,-0.01,19,12738,卖盘
87,09:34:37,6.68,-0.02,1349,902018,卖盘
88,09:34:40,6.68,0.0,3,2004,买盘
89,09:34:42,6.68,0.0,55,36740,买盘
90,09:34:45,6.68,0.0,50,33400,买盘
91,09:34:49,6.7,0.02,101,67572,买盘
92,09:34:52,6.7,0.0,38,25460,买盘
93,09:34:58,6.68,-0.02,129,86236,卖盘
94,09:35:01,6.69,0.01,13,8687,买盘
95,09:35:04,6.68,-0.01,34,22680,中性盘
96,09:35:07,6.68,0.0,20,13360,卖盘
97,09:35:09,6.68,0.0,88,58871,卖盘
98,09:35:13,6.68,0.0,228,152384,卖盘
99,09:35:16,6.67,-0.01,114,76103,卖盘
100,09:35:19,6.68,0.01,40,26720,买盘
101,09:35:22,6.67,-0.01,162,108054,卖盘
102,09:35:24,6.67,0.0,198,132217,卖盘
103,09:35:28,6.68,0.01,20,13355,买盘
104,09:35:31,6.67,-0.01,74,49358,卖盘
105,09:35:34,6.67,0.0,138,92162,卖盘
106,09:35:37,6.66,-0.01,184,122705,卖盘
107,09:35:40,6.67,0.01,119,79373,买盘
108,09:35:43,6.67,0.0,18,12006,卖盘
109,09:35:46,6.67,0.0,3,2001,卖盘
110,09:35:49,6.68,0.01,157,104744,买盘
111,09:35:52,6.67,-0.01,41,27362,卖盘
112,09:35:54,6.68,0.01,77,51418,买盘
113,09:35:58,6.67,-0.01,47,31349,卖盘
114,09:36:01,6.67,0.0,142,94724,卖盘
115,09:36:04,6.67,0.0,207,138199,卖盘
116,09:36:07,6.67,0.0,138,92110,卖盘
117,09:36:10,6.68,0.01,51,34068,买盘
118,09:36:13,6.68,0.0,68,45364,买盘
119,09:36:15,6.67,-0.01,41,27362,卖盘
120,09:36:19,6.67,0.0,92,61370,卖盘
121,09:36:22,6.67,0.0,120,80076,卖盘
122,09:36:28,6.68,0.01,214,142797,买盘
123,09:36:31,6.68,0.0,10,6680,买盘
124,09:36:34,6.67,-0.01,36,24012,卖盘
125,09:36:37,6.67,0.0,19,12673,卖盘
126,09:36:40,6.67,0.0,76,50747,卖盘
127,09:36:42,6.68,0.01,14,9352,买盘
128,09:36:46,6.67,-0.01,20,13350,卖盘
129,09:36:48,6.68,0.01,25,16700,买盘
130,09:36:52,6.67,-0.01,233,155450,卖盘
131,09:36:55,6.67,0.0,41,27357,卖盘
132,09:36:58,6.67,0.0,153,102137,卖盘
133,09:37:00,6.68,0.01,3,2004,买盘
134,09:37:04,6.68,0.0,23,15364,买盘
135,09:37:07,6.69,0.01,117,78141,买盘
136,09:37:09,6.69,0.0,13,8697,买盘
137,09:37:13,6.66,-0.03,648,431847,卖盘
138,09:37:21,6.67,0.01,6,4004,中性盘
139,09:37:24,6.69,0.02,63,42137,买盘
140,09:37:27,6.68,-0.01,24,16049,中性盘
141,09:37:31,6.67,-0.01,105,70048,卖盘
142,09:37:34,6.67,0.0,128,85376,卖盘
143,09:37:37,6.67,0.0,30,20013,卖盘
144,09:37:39,6.67,0.0,178,118813,卖盘
145,09:37:42,6.67,0.0,159,106124,卖盘
146,09:37:46,6.69,0.02,8,5352,买盘
147,09:37:48,6.69,0.0,7,4683,卖盘
148,09:37:52,6.68,-0.01,17,11370,卖盘
149,09:37:55,6.69,0.01,82,54858,买盘
150,09:37:58,6.67,-0.02,196,130805,卖盘
151,09:38:01,6.68,0.01,14,9350,买盘
152,09:38:04,6.68,0.0,9,6012,卖盘
153,09:38:07,6.68,0.0,57,38101,买盘
154,09:38:10,6.68,0.0,26,17384,卖盘
155,09:38:12,6.67,-0.01,238,158814,卖盘
156,09:38:16,6.68,0.01,28,18704,中性盘
157,09:38:19,6.68,0.0,3,2004,买盘
158,09:38:25,6.67,-0.01,15,10014,卖盘
159,09:38:28,6.67,0.0,86,57367,卖盘
160,09:38:31,6.68,0.01,2,1336,买盘
161,09:38:34,6.68,0.0,53,35404,买盘
162,09:38:37,6.68,0.0,25,16700,买盘
163,09:38:39,6.67,-0.01,40,26710,卖盘
164,09:38:43,6.68,0.01,66,44088,买盘
165,09:38:46,6.67,-0.01,15,10015,卖盘
166,09:38:49,6.68,0.01,109,72717,买盘
167,09:38:52,6.67,-0.01,1,667,卖盘
168,09:38:55,6.67,0.0,125,83375,卖盘
169,09:38:58,6.67,0.0,208,138736,卖盘
170,09:39:01,6.68,0.01,129,86083,买盘
171,09:39:04,6.67,-0.01,24,16027,卖盘
172,09:39:07,6.67,0.0,26,17342,卖盘
173,09:39:09,6.67,0.0,53,35389,卖盘
174,09:39:13,6.69,0.02,36,24084,买盘
175,09:39:18,6.68,-0.01,84,56112,买盘
176,09:39:22,6.68,0.0,33,22021,买盘
177,09:39:24,6.67,-0.01,10,6670,卖盘
178,09:39:31,6.68,0.01,28,18704,买盘
179,09:39:34,6.68,0.0,1,668,卖盘
180,09:39:37,6.69,0.01,205,136938,买盘
181,09:39:40,6.67,-0.02,16,10687,卖盘
182,09:39:43,6.68,0.01,217,145037,买盘
183,09:39:45,6.69,0.01,69,46158,买盘
184,09:39:49,6.68,-0.01,30,20063,卖盘
185,09:39:55,6.68,0.0,421,281247,卖盘
186,09:39:58,6.69,0.01,66,44154,买盘
187,09:40:01,6.69,0.0,70,46830,买盘
188,09:40:04,6.69,0.0,383,255847,买盘
189,09:40:06,6.69,0.0,52,34788,买盘
190,09:40:10,6.7,0.01,72,48219,买盘
191,09:40:13,6.68,-0.02,20,13360,卖盘
192,09:40:19,6.69,0.01,23,15387,买盘
193,09:40:22,6.69,0.0,9,6021,买盘
194,09:40:28,6.69,0.0,3,2007,卖盘
195,09:40:30,6.69,0.0,35,23415,卖盘
196,09:40:33,6.69,0.0,37,24752,买盘
197,09:40:37,6.68,-0.01,1,668,卖盘
198,09:40:40,6.68,0.0,1,668,卖盘
199,09:40:43,6.69,0.01,35,23415,买盘
200,09:40:46,6.68,-0.01,202,134936,卖盘
201,09:40:49,6.69,0.01,34,22744,买盘
202,09:40:51,6.68,-0.01,26,17368,卖盘
203,09:40:55,6.68,0.0,100,66800,卖盘
204,09:41:01,6.68,0.0,5,3340,卖盘
205,09:41:04,6.69,0.01,130,86940,买盘
206,09:41:07,6.69,0.0,54,36126,买盘
207,09:41:10,6.7,0.01,20,13381,买盘
208,09:41:15,6.69,-0.01,16,10704,卖盘
209,09:41:18,6.69,0.0,103,68920,卖盘
210,09:41:22,6.69,0.0,12,8028,买盘
211,09:41:28,6.7,0.01,78,52232,买盘
212,09:41:31,6.69,-0.01,15,10035,卖盘
213,09:41:34,6.69,0.0,3,2009,卖盘
214,09:41:36,6.69,0.0,23,15404,卖盘
215,09:41:40,6.69,0.0,15,10035,卖盘
216,09:41:43,6.69,0.0,4,2676,卖盘
217,09:41:46,6.7,0.01,226,151410,买盘
218,09:41:49,6.7,0.0,14,9380,买盘
219,09:41:52,6.69,-0.01,107,71590,卖盘
220,09:41:55,6.69,0.0,10,6690,卖盘
221,09:41:58,6.7,0.01,24,16080,买盘
222,09:42:01,6.7,0.0,13,8710,买盘
223,09:42:04,6.7,0.0,72,48235,买盘
224,09:42:06,6.7,0.0,20,13398,买盘
225,09:42:10,6.7,0.0,146,97820,买盘
226,09:42:12,6.7,0.0,25,16750,买盘
227,09:42:16,6.7,0.0,63,42204,买盘
228,09:42:19,6.7,0.0,199,133260,买盘
229,09:42:22,6.69,-0.01,198,132463,卖盘
230,09:42:24,6.69,0.0,14,9366,买盘
231,09:42:28,6.7,0.01,24,16061,买盘
232,09:42:30,6.69,-0.01,23,15407,中性盘
233,09:42:34,6.69,0.0,40,26796,卖盘
234,09:42:36,6.69,0.0,49,32817,卖盘
235,09:42:40,6.7,0.01,4,2680,买盘
236,09:42:43,6.69,-0.01,362,242178,卖盘
237,09:42:45,6.7,0.01,25,16750,买盘
238,09:42:48,6.7,0.0,1,670,买盘
239,09:42:52,6.7,0.0,28,18760,买盘
240,09:42:55,6.7,0.0,2,1340,买盘
241,09:42:58,6.7,0.0,24,16076,买盘
242,09:43:04,6.7,0.0,100,67000,买盘
243,09:43:06,6.71,0.01,70,46947,买盘
244,09:43:09,6.69,-0.02,406,271647,卖盘
245,09:43:13,6.69,0.0,15,10035,买盘
246,09:43:22,6.69,0.0,216,144350,买盘
247,09:43:28,6.7,0.01,16,10708,买盘
248,09:43:31,6.69,-0.01,38,25422,卖盘
249,09:43:33,6.68,-0.01,800,534779,卖盘
250,09:43:37,6.7,0.02,132,88440,买盘
251,09:43:40,6.69,-0.01,7,4683,中性盘
252,09:43:43,6.68,-0.01,63,42168,卖盘
253,09:43:46,6.68,0.0,227,151639,卖盘
254,09:43:49,6.68,0.0,104,69472,卖盘
255,09:43:52,6.67,-0.01,128,85454,卖盘
256,09:43:55,6.68,0.01,28,18704,买盘
257,09:43:58,6.67,-0.01,140,93456,卖盘
258,09:44:01,6.68,0.01,3,2004,买盘
259,09:44:04,6.68,0.0,39,26046,买盘
260,09:44:07,6.68,0.0,75,50100,买盘
261,09:44:10,6.68,0.0,24,16032,卖盘
262,09:44:12,6.67,-0.01,170,113390,卖盘
263,09:44:16,6.67,0.0,166,110885,卖盘
264,09:44:22,6.68,0.01,5,3340,买盘
265,09:44:24,6.67,-0.01,20,13340,卖盘
266,09:44:27,6.68,0.01,21,14028,买盘
267,09:44:31,6.68,0.0,74,49432,买盘
268,09:44:34,6.68,0.0,150,100153,买盘
269,09:44:37,6.68,0.0,39,26049,买盘
270,09:44:40,6.67,-0.01,62,41354,卖盘
271,09:44:42,6.67,0.0,56,37352,卖盘
272,09:44:46,6.68,0.01,26,17346,买盘
273,09:44:49,6.68,0.0,14,9351,买盘
274,09:44:52,6.68,0.0,29,19372,买盘
275,09:44:55,6.66,-0.02,450,299890,卖盘
276,09:45:01,6.68,0.02,54,36072,买盘
277,09:45:06,6.66,-0.02,171,113886,卖盘
278,09:45:10,6.66,0.0,17,11337,卖盘
279,09:45:13,6.66,0.0,140,93240,卖盘
280,09:45:15,6.66,0.0,8,5328,卖盘
281,09:45:21,6.66,0.0,548,364560,买盘
282,09:45:25,6.66,0.0,3,1998,卖盘
283,09:45:28,6.65,-0.01,1,665,卖盘
284,09:45:30,6.66,0.01,46,30620,买盘
285,09:45:34,6.65,-0.01,159,105670,卖盘
286,09:45:40,6.62,-0.03,295,195711,卖盘
287,09:45:43,6.63,0.01,3,1989,卖盘
288,09:45:45,6.62,-0.01,109,72232,卖盘
289,09:45:48,6.63,0.01,65,43060,中性盘
290,09:45:52,6.62,-0.01,95,62890,卖盘
291,09:45:55,6.62,0.0,468,309821,卖盘
292,09:45:58,6.62,0.0,197,130414,卖盘
293,09:46:00,6.6,-0.02,488,322435,卖盘
294,09:46:04,6.6,0.0,318,209948,卖盘
295,09:46:06,6.6,0.0,44,29022,买盘
296,09:46:10,6.59,-0.01,108,71136,卖盘
297,09:46:13,6.58,-0.01,514,338644,卖盘
298,09:46:16,6.58,0.0,110,72444,卖盘
299,09:46:19,6.58,0.0,144,94752,买盘
300,09:46:22,6.57,-0.01,259,170339,卖盘
301,09:46:25,6.57,0.0,230,151111,买盘
302,09:46:28,6.56,-0.01,156,102426,卖盘
303,09:46:31,6.55,-0.01,438,287279,卖盘
304,09:46:34,6.56,0.01,80,52455,买盘
305,09:46:36,6.56,0.0,155,101640,买盘
306,09:46:40,6.55,-0.01,173,113389,卖盘
307,09:46:43,6.57,0.02,367,240831,买盘
308,09:46:46,6.57,0.0,41,26937,卖盘
309,09:46:49,6.57,0.0,195,128115,卖盘
310,09:46:51,6.57,0.0,311,204371,卖盘
311,09:46:55,6.58,0.01,378,248707,买盘
312,09:46:57,6.59,0.01,251,165253,买盘
313,09:47:01,6.59,0.0,464,305390,买盘
314,09:47:04,6.59,0.0,51,33609,卖盘
315,09:47:07,6.6,0.01,108,71247,买盘
316,09:47:10,6.6,0.0,35,23115,卖盘
317,09:47:12,6.62,0.02,102,67409,买盘
318,09:47:16,6.6,-0.02,20,13202,卖盘
319,09:47:19,6.6,0.0,96,63388,卖盘
320,09:47:22,6.61,0.01,141,93170,卖盘
321,09:47:25,6.6,-0.01,50,33010,卖盘
322,09:47:27,6.6,0.0,447,295020,卖盘
323,09:47:30,6.6,0.0,298,196471,买盘
324,09:47:34,6.58,-0.02,259,170817,卖盘
325,09:47:36,6.58,0.0,629,413499,卖盘
326,09:47:40,6.57,-0.01,140,91980,卖盘
327,09:47:43,6.56,-0.01,183,120051,卖盘
328,09:47:46,6.56,0.0,332,217821,卖盘
329,09:47:49,6.55,-0.01,55,36069,卖盘
330,09:47:52,6.56,0.01,749,490735,买盘
331,09:47:55,6.55,-0.01,634,415808,卖盘
332,09:47:57,6.55,0.0,143,93665,买盘
333,09:48:01,6.54,-0.01,344,225054,卖盘
334,09:48:04,6.54,0.0,736,481327,买盘
335,09:48:07,6.54,0.0,403,263198,买盘
336,09:48:10,6.53,-0.01,208,136066,卖盘
337,09:48:13,6.52,-0.01,579,377479,卖盘
338,09:48:16,6.52,0.0,55,35889,卖盘
339,09:48:19,6.52,0.0,132,86117,买盘
340,09:48:22,6.52,0.0,2728,1773973,卖盘
341,09:48:25,6.52,0.0,179,116746,买盘
342,09:48:27,6.52,0.0,312,203384,卖盘
343,09:48:31,6.52,0.0,170,110815,买盘
344,09:48:34,6.52,0.0,424,276273,买盘
345,09:48:37,6.51,-0.01,177,115305,卖盘
346,09:48:40,6.52,0.01,813,529596,买盘
347,09:48:43,6.52,0.0,339,221028,卖盘
348,09:48:46,6.52,0.0,186,121238,卖盘
349,09:48:49,6.52,0.0,109,71123,买盘
350,09:48:51,6.52,0.0,223,145424,卖盘
351,09:48:54,6.53,0.01,153,99780,买盘
352,09:48:58,6.54,0.01,538,350378,买盘
353,09:49:01,6.52,-0.02,82,53515,卖盘
354,09:49:04,6.55,0.03,153,100031,买盘
355,09:49:07,6.53,-0.02,95,61975,中性盘
356,09:49:10,6.53,0.0,52,33956,买盘
357,09:49:13,6.54,0.01,54,35331,买盘
358,09:49:16,6.54,0.0,37,24208,卖盘
359,09:49:19,6.54,0.0,51,33364,卖盘
360,09:49:22,6.55,0.01,225,147220,买盘
361,09:49:24,6.55,0.0,206,134743,买盘
362,09:49:28,6.5,-0.05,1897,1235550,卖盘
363,09:49:31,6.5,0.0,21,13650,买盘
364,09:49:34,6.49,-0.01,154,100019,卖盘
365,09:49:37,6.5,0.01,119,77232,买盘
366,09:49:40,6.48,-0.02,241,156508,卖盘
367,09:49:42,6.49,0.01,827,537174,中性盘
368,09:49:46,6.48,-0.01,110,71262,中性盘
369,09:49:49,6.48,0.0,73,47340,买盘
370,09:49:52,6.48,0.0,311,201579,卖盘
371,09:49:54,6.49,0.01,451,292480,买盘
372,09:49:58,6.49,0.0,444,288311,卖盘
373,09:50:01,6.5,0.01,756,490844,买盘
374,09:50:04,6.49,-0.01,250,162438,卖盘
375,09:50:07,6.49,0.0,213,138237,买盘
376,09:50:09,6.49,0.0,698,452994,买盘
377,09:50:12,6.49,0.0,93,60392,卖盘
378,09:50:16,6.5,0.01,260,168788,买盘
379,09:50:19,6.5,0.0,192,124707,买盘
380,09:50:22,6.5,0.0,134,87100,买盘
381,09:50:25,6.5,0.0,192,124693,买盘
382,09:50:28,6.53,0.03,155,100780,买盘
383,09:50:31,6.53,0.0,276,179515,买盘
384,09:50:34,6.5,-0.03,126,81956,卖盘
385,09:50:37,6.52,0.02,61,39765,买盘
386,09:50:39,6.52,0.0,296,192770,买盘
387,09:50:43,6.52,0.0,214,139401,买盘
388,09:50:46,6.53,0.01,101,65914,买盘
389,09:50:49,6.53,0.0,52,33917,买盘
390,09:50:52,6.53,0.0,277,180846,买盘
391,09:50:54,6.53,0.0,24,15672,买盘
392,09:50:58,6.54,0.01,59,38551,买盘
393,09:51:01,6.54,0.0,81,52950,买盘
394,09:51:04,6.53,-0.01,229,149541,卖盘
395,09:51:07,6.53,0.0,303,198062,卖盘
396,09:51:09,6.53,0.0,3,1959,卖盘
397,09:51:13,6.54,0.01,201,131280,买盘
398,09:51:16,6.52,-0.02,1096,715403,卖盘
399,09:51:19,6.52,0.0,615,401855,卖盘
400,09:51:22,6.53,0.01,304,198482,买盘
401,09:51:25,6.52,-0.01,101,65920,卖盘
402,09:51:28,6.52,0.0,202,131734,卖盘
403,09:51:31,6.52,0.0,66,43071,卖盘
404,09:51:34,6.53,0.01,698,455975,买盘
405,09:51:37,6.52,-0.01,172,112122,卖盘
406,09:51:40,6.52,0.0,131,85448,买盘
407,09:51:43,6.51,-0.01,10,6516,卖盘
408,09:51:46,6.51,0.0,28,18246,卖盘
409,09:51:48,6.52,0.01,50,32600,买盘
410,09:51:52,6.51,-0.01,469,305739,卖盘
411,09:51:55,6.52,0.01,940,612141,买盘
412,09:51:58,6.51,-0.01,1,651,买盘
413,09:52:01,6.5,-0.01,7,4555,卖盘
414,09:52:04,6.5,0.0,141,91758,卖盘
415,09:52:06,6.5,0.0,638,414941,卖盘
416,09:52:09,6.5,0.0,51,33154,卖盘
417,09:52:13,6.5,0.0,445,289250,卖盘
418,09:52:16,6.5,0.0,15,9745,买盘
419,09:52:19,6.51,0.01,482,313306,买盘
420,09:52:22,6.5,-0.01,193,125460,卖盘
421,09:52:25,6.51,0.01,302,196577,买盘
422,09:52:27,6.52,0.01,243,158343,买盘
423,09:52:31,6.52,0.0,91,59332,买盘
424,09:52:34,6.53,0.01,7,4571,买盘
425,09:52:37,6.54,0.01,45,29411,买盘
426,09:52:40,6.52,-0.02,153,100000,卖盘
427,09:52:43,6.54,0.02,78,50984,买盘
428,09:52:46,6.54,0.0,63,41200,买盘
429,09:52:48,6.52,-0.02,116,75814,卖盘
430,09:52:52,6.53,0.01,11,7193,卖盘
431,09:52:55,6.54,0.01,3,1962,买盘
432,09:52:58,6.54,0.0,39,25506,买盘
433,09:53:01,6.54,0.0,130,85014,买盘
434,09:53:04,6.54,0.0,20,13080,买盘
435,09:53:07,6.54,0.0,380,248307,买盘
436,09:53:10,6.54,0.0,41,26798,买盘
437,09:53:13,6.54,0.0,100,65367,买盘
438,09:53:16,6.53,-0.01,35,22876,卖盘
439,09:53:19,6.53,0.0,97,63356,卖盘
440,09:53:22,6.53,0.0,205,133890,卖盘
441,09:53:25,6.53,0.0,12,7840,卖盘
442,09:53:28,6.53,0.0,105,68565,买盘
443,09:53:31,6.53,0.0,259,168884,买盘
444,09:53:34,6.52,-0.01,207,134964,卖盘
445,09:53:37,6.52,0.0,117,76212,买盘
446,09:53:40,6.5,-0.02,707,459831,卖盘
447,09:53:43,6.51,0.01,4,2604,中性盘
448,09:53:46,6.48,-0.03,1920,1247336,卖盘
449,09:53:49,6.49,0.01,4,2596,买盘
450,09:53:52,6.49,0.0,11,7139,买盘
451,09:53:55,6.48,-0.01,97,62857,卖盘
452,09:53:57,6.49,0.01,165,106984,买盘
453,09:54:01,6.48,-0.01,67,43376,买盘
454,09:54:04,6.47,-0.01,564,365057,卖盘
455,09:54:07,6.47,0.0,71,45937,买盘
456,09:54:10,6.47,0.0,346,223548,买盘
457,09:54:13,6.47,0.0,1241,801282,买盘
458,09:54:15,6.47,0.0,160,103520,卖盘
459,09:54:19,6.46,-0.01,222,143501,卖盘
460,09:54:22,6.46,0.0,515,332419,买盘
461,09:54:24,6.44,-0.02,874,563627,卖盘
462,09:54:27,6.45,0.01,784,505668,买盘
463,09:54:31,6.45,0.0,255,164464,买盘
464,09:54:34,6.45,0.0,1987,1281562,买盘
465,09:54:37,6.45,0.0,219,141270,卖盘
466,09:54:40,6.45,0.0,238,153570,卖盘
467,09:54:43,6.46,0.01,361,233183,买盘
468,09:54:46,6.46,0.0,316,204136,卖盘
469,09:54:49,6.46,0.0,160,103418,卖盘
470,09:54:51,6.47,0.01,293,189571,买盘
471,09:54:55,6.47,0.0,53,34291,卖盘
472,09:54:58,6.48,0.01,90,58260,买盘
473,09:55:01,6.5,0.02,25,16240,买盘
474,09:55:04,6.52,0.02,399,259311,买盘
475,09:55:07,6.5,-0.02,76,49400,卖盘
476,09:55:10,6.52,0.02,57,37159,买盘
477,09:55:12,6.51,-0.01,40,26040,卖盘
478,09:55:16,6.5,-0.01,96,62486,卖盘
479,09:55:19,6.5,0.0,170,110798,卖盘
480,09:55:22,6.51,0.01,133,86509,买盘
481,09:55:25,6.52,0.01,232,151181,买盘
482,09:55:28,6.53,0.01,102,66519,买盘
483,09:55:31,6.51,-0.02,30,19550,卖盘
484,09:55:34,6.51,0.0,18,11719,卖盘
485,09:55:36,6.52,0.01,98,63896,买盘
486,09:55:40,6.52,0.0,295,192128,买盘
487,09:55:43,6.51,-0.01,70,45570,卖盘
488,09:55:46,6.51,0.0,61,39711,买盘
489,09:55:49,6.51,0.0,69,44919,买盘
490,09:55:52,6.5,-0.01,132,85800,卖盘
491,09:55:54,6.5,0.0,48,31200,买盘
492,09:55:58,6.49,-0.01,103,66920,卖盘
493,09:56:01,6.51,0.02,111,72255,买盘
494,09:56:04,6.5,-0.01,39,25369,卖盘
495,09:56:06,6.51,0.01,5,3255,买盘
496,09:56:09,6.5,-0.01,90,58500,卖盘
497,09:56:12,6.5,0.0,210,136550,卖盘
498,09:56:16,6.51,0.01,11,7161,买盘
499,09:56:19,6.5,-0.01,93,60493,卖盘
500,09:56:22,6.51,0.01,30,19530,买盘
501,09:56:25,6.51,0.0,109,70959,卖盘
502,09:56:28,6.51,0.0,32,20832,卖盘
503,09:56:30,6.52,0.01,105,68460,买盘
504,09:56:34,6.52,0.0,355,231460,买盘
505,09:56:37,6.52,0.0,8,5216,买盘
506,09:56:40,6.52,0.0,56,36512,卖盘
507,09:56:43,6.53,0.01,50,32650,买盘
508,09:56:46,6.53,0.0,40,26086,买盘
509,09:56:49,6.53,0.0,62,40485,买盘
510,09:56:51,6.53,0.0,36,23508,买盘
511,09:56:54,6.53,0.0,2,1306,买盘
512,09:56:58,6.52,-0.01,39,25447,卖盘
513,09:57:01,6.53,0.01,67,43741,买盘
514,09:57:04,6.53,0.0,86,56154,买盘
515,09:57:07,6.53,0.0,50,32650,买盘
516,09:57:10,6.52,-0.01,164,106941,卖盘
517,09:57:13,6.53,0.01,82,53546,买盘
518,09:57:16,6.52,-0.01,4,2608,卖盘
519,09:57:19,6.53,0.01,409,266511,买盘
520,09:57:22,6.52,-0.01,81,52823,卖盘
521,09:57:27,6.52,0.0,98,63914,买盘
522,09:57:31,6.52,0.0,43,28026,买盘
523,09:57:34,6.52,0.0,43,28036,买盘
524,09:57:37,6.52,0.0,23,15010,卖盘
525,09:57:40,6.52,0.0,78,50929,卖盘
526,09:57:43,6.52,0.0,36,23477,卖盘
527,09:57:49,6.52,0.0,37,24129,卖盘
528,09:57:52,6.52,0.0,517,337626,卖盘
529,09:57:55,6.53,0.01,12,7836,中性盘
530,09:58:01,6.55,0.02,142,92789,买盘
531,09:58:04,6.54,-0.01,55,36004,中性盘
532,09:58:06,6.54,0.0,78,51031,卖盘
533,09:58:09,6.55,0.01,38,24887,买盘
534,09:58:12,6.55,0.0,81,53055,买盘
535,09:58:16,6.56,0.01,249,163137,买盘
536,09:58:19,6.54,-0.02,24,15712,卖盘
537,09:58:22,6.55,0.01,65,42666,卖盘
538,09:58:27,6.56,0.01,12,7872,买盘
539,09:58:30,6.56,0.0,179,117271,买盘
540,09:58:34,6.55,-0.01,41,26855,卖盘
541,09:58:36,6.55,0.0,105,68732,买盘
542,09:58:39,6.55,0.0,230,150527,买盘
543,09:58:43,6.54,-0.01,57,37278,卖盘
544,09:58:46,6.55,0.01,571,373762,买盘
545,09:58:52,6.54,-0.01,49,32046,卖盘
546,09:58:55,6.54,0.0,121,79234,卖盘
547,09:58:58,6.54,0.0,49,32046,买盘
548,09:59:01,6.53,-0.01,167,109065,卖盘
549,09:59:04,6.53,0.0,2,1306,买盘
550,09:59:07,6.52,-0.01,109,71076,卖盘
551,09:59:10,6.51,-0.01,66,42991,卖盘
552,09:59:13,6.52,0.01,10,6520,买盘
553,09:59:15,6.52,0.0,103,67166,买盘
554,09:59:19,6.53,0.01,75,48954,买盘
555,09:59:21,6.52,-0.01,16,10432,卖盘
556,09:59:25,6.53,0.01,1,653,买盘
557,09:59:28,6.5,-0.03,967,629242,卖盘
558,09:59:31,6.53,0.03,280,182714,买盘
559,09:59:39,6.53,0.0,29,18934,买盘
560,09:59:43,6.52,-0.01,205,133768,卖盘
561,09:59:46,6.52,0.0,52,33904,买盘
562,09:59:49,6.53,0.01,156,101850,买盘
563,09:59:55,6.52,-0.01,3,1956,买盘
564,09:59:58,6.52,0.0,42,27378,买盘
565,10:00:00,6.51,-0.01,64,41720,卖盘
566,10:00:04,6.51,0.0,49,31899,卖盘
567,10:00:07,6.52,0.01,20,13040,买盘
568,10:00:09,6.52,0.0,200,130400,买盘
569,10:00:12,6.52,0.0,147,95727,买盘
570,10:00:15,6.51,-0.01,55,35810,卖盘
571,10:00:18,6.52,0.01,113,73676,买盘
572,10:00:22,6.52,0.0,75,48969,卖盘
573,10:00:25,6.53,0.01,7,4571,买盘
574,10:00:28,6.53,0.0,33,21549,买盘
575,10:00:31,6.53,0.0,24,15672,买盘
576,10:00:34,6.54,0.01,112,73236,买盘
577,10:00:37,6.55,0.01,42,27477,买盘
578,10:00:39,6.53,-0.02,29,18957,卖盘
579,10:00:42,6.54,0.01,1,654,买盘
580,10:00:46,6.53,-0.01,10,6532,卖盘
581,10:00:49,6.54,0.01,9,5884,买盘
582,10:00:55,6.55,0.01,62,40593,买盘
583,10:00:58,6.55,0.0,18,11790,买盘
584,10:01:04,6.55,0.0,24,15720,买盘
585,10:01:06,6.55,0.0,23,15064,买盘
586,10:01:10,6.55,0.0,77,50435,买盘
587,10:01:13,6.55,0.0,71,46476,买盘
588,10:01:16,6.5,-0.05,1420,925276,卖盘
589,10:01:19,6.5,0.0,225,146250,买盘
590,10:01:22,6.55,0.05,895,581740,买盘
591,10:01:25,6.55,0.0,130,85150,卖盘
592,10:01:30,6.54,-0.01,36,23480,买盘
593,10:01:34,6.54,0.0,55,35970,买盘
594,10:01:43,6.5,-0.04,87,56745,卖盘
595,10:01:46,6.51,0.01,49,32041,中性盘
596,10:01:52,6.51,0.0,1,651,卖盘
597,10:01:55,6.52,0.01,1,652,中性盘
598,10:01:58,6.53,0.01,257,167428,中性盘
599,10:02:10,6.53,0.0,24,15672,买盘
600,10:02:12,6.51,-0.02,10,6518,卖盘
601,10:02:19,6.53,0.02,182,118836,买盘
602,10:02:22,6.52,-0.01,116,75552,买盘
603,10:02:25,6.52,0.0,28,18256,买盘
604,10:02:28,6.51,-0.01,34,22134,卖盘
605,10:02:30,6.51,0.0,12,7812,买盘
606,10:02:33,6.51,0.0,51,33201,卖盘
607,10:02:40,6.53,0.02,110,71795,买盘
608,10:02:46,6.51,-0.02,5,3255,卖盘
609,10:02:49,6.52,0.01,5,3260,买盘
610,10:02:52,6.51,-0.01,1,651,卖盘
611,10:02:55,6.52,0.01,55,35816,买盘
612,10:02:57,6.5,-0.02,120,78215,卖盘
613,10:03:04,6.48,-0.02,2013,1305881,卖盘
614,10:03:07,6.48,0.0,80,51840,买盘
615,10:03:09,6.48,0.0,4,2592,买盘
616,10:03:13,6.48,0.0,409,265032,买盘
617,10:03:19,6.48,0.0,159,103057,卖盘
618,10:03:22,6.49,0.01,31,20117,中性盘
619,10:03:25,6.48,-0.01,28,18146,卖盘
620,10:03:28,6.49,0.01,63,40885,买盘
621,10:03:30,6.51,0.02,146,94816,买盘
622,10:03:33,6.53,0.02,119,77234,买盘
623,10:03:40,6.49,-0.04,30,19470,卖盘
624,10:03:46,6.49,0.0,34,22090,卖盘
625,10:03:55,6.5,0.01,32,20800,卖盘
626,10:03:58,6.5,0.0,14,9101,卖盘
627,10:04:01,6.52,0.02,10,6518,买盘
628,10:04:04,6.5,-0.02,8,5200,卖盘
629,10:04:07,6.5,0.0,1,650,卖盘
630,10:04:10,6.5,0.0,46,29968,卖盘
631,10:04:13,6.49,-0.01,306,198770,卖盘
632,10:04:16,6.5,0.01,20,13000,买盘
633,10:04:19,6.49,-0.01,42,27281,卖盘
634,10:04:22,6.5,0.01,46,29900,买盘
635,10:04:25,6.5,0.0,11,7150,卖盘
636,10:04:31,6.51,0.01,33,21452,买盘
637,10:04:33,6.51,0.0,6,3906,买盘
638,10:04:39,6.51,0.0,14,9114,卖盘
639,10:04:49,6.51,0.0,6,3906,卖盘
640,10:04:51,6.5,-0.01,80,52050,卖盘
641,10:04:54,6.5,0.0,20,13000,卖盘
642,10:04:58,6.51,0.01,25,16265,买盘
643,10:05:01,6.5,-0.01,24,15605,卖盘
644,10:05:04,6.51,0.01,57,37107,买盘
645,10:05:06,6.51,0.0,16,10416,卖盘
646,10:05:10,6.51,0.0,67,43617,买盘
647,10:05:12,6.5,-0.01,5,3250,卖盘
648,10:05:16,6.48,-0.02,1157,750410,卖盘
649,10:05:19,6.47,-0.01,10,6470,卖盘
650,10:05:22,6.48,0.01,173,112004,买盘
651,10:05:25,6.47,-0.01,7,4529,卖盘
652,10:05:28,6.47,0.0,334,216227,卖盘
653,10:05:31,6.47,0.0,182,117755,卖盘
654,10:05:33,6.47,0.0,292,188924,卖盘
655,10:05:36,6.47,0.0,307,198345,买盘
656,10:05:40,6.46,-0.01,5,3230,中性盘
657,10:05:42,6.46,0.0,120,77435,买盘
658,10:05:46,6.46,0.0,105,67787,买盘
659,10:05:49,6.45,-0.01,113,72923,卖盘
660,10:05:52,6.45,0.0,163,105195,卖盘
661,10:05:54,6.45,0.0,38,24511,卖盘
662,10:05:57,6.45,0.0,89,57420,卖盘
663,10:06:01,6.45,0.0,338,218012,卖盘
664,10:06:04,6.45,0.0,162,104510,卖盘
665,10:06:07,6.45,0.0,22,14177,买盘
666,10:06:09,6.44,-0.01,212,136628,卖盘
667,10:06:13,6.45,0.01,301,194046,买盘
668,10:06:16,6.45,0.0,317,204342,卖盘
669,10:06:19,6.46,0.01,272,175703,买盘
670,10:06:22,6.48,0.02,121,78309,买盘
671,10:06:25,6.46,-0.02,2,1293,卖盘
672,10:06:28,6.46,0.0,71,45918,卖盘
673,10:06:31,6.47,0.01,25,16151,买盘
674,10:06:34,6.46,-0.01,68,43973,卖盘
675,10:06:36,6.47,0.01,8,5183,中性盘
676,10:06:40,6.47,0.0,12,7774,卖盘
677,10:06:42,6.47,0.0,30,19410,卖盘
678,10:06:49,6.48,0.01,135,87493,买盘
679,10:06:52,6.48,0.0,71,45981,卖盘
680,10:06:58,6.48,0.0,4,2592,卖盘
681,10:07:00,6.5,0.02,394,256051,买盘
682,10:07:04,6.49,-0.01,37,24013,卖盘
683,10:07:07,6.5,0.01,21,13650,买盘
684,10:07:10,6.5,0.0,52,33800,买盘
685,10:07:13,6.5,0.0,21,13650,买盘
686,10:07:19,6.5,0.0,16,10410,卖盘
687,10:07:24,6.51,0.01,46,29946,买盘
688,10:07:27,6.51,0.0,50,32550,卖盘
689,10:07:31,6.51,0.0,128,83328,卖盘
690,10:07:34,6.52,0.01,40,26068,买盘
691,10:07:37,6.51,-0.01,6,3906,卖盘
692,10:07:40,6.52,0.01,117,76284,买盘
693,10:07:42,6.52,0.0,3,1956,买盘
694,10:07:46,6.51,-0.01,23,14979,卖盘
695,10:07:49,6.52,0.01,20,13036,买盘
696,10:07:52,6.52,0.0,11,7163,买盘
697,10:07:55,6.52,0.0,30,19560,买盘
698,10:07:58,6.53,0.01,16,10434,买盘
699,10:08:01,6.51,-0.02,37,24088,卖盘
700,10:08:04,6.52,0.01,5,3260,买盘
701,10:08:10,6.52,0.0,3,1956,卖盘
702,10:08:13,6.53,0.01,46,30005,买盘
703,10:08:16,6.51,-0.02,134,87234,卖盘
704,10:08:19,6.52,0.01,39,25391,买盘
705,10:08:22,6.51,-0.01,24,15613,买盘
706,10:08:27,6.51,0.0,23,14973,卖盘
707,10:08:31,6.51,0.0,32,20832,卖盘
708,10:08:33,6.51,0.0,1,651,卖盘
709,10:08:37,6.51,0.0,20,13020,买盘
710,10:08:43,6.5,-0.01,214,139100,卖盘
711,10:08:46,6.5,0.0,110,71496,卖盘
712,10:08:49,6.5,0.0,3,1950,买盘
713,10:08:52,6.49,-0.01,7,4548,卖盘
714,10:08:55,6.51,0.02,216,140460,买盘
715,10:08:58,6.5,-0.01,7,4544,中性盘
716,10:09:01,6.49,-0.01,55,35700,卖盘
717,10:09:03,6.5,0.01,5,3250,买盘
718,10:09:07,6.5,0.0,20,12984,买盘
719,10:09:10,6.5,0.0,42,27300,买盘
720,10:09:13,6.49,-0.01,34,22084,卖盘
721,10:09:16,6.5,0.01,102,66300,买盘
722,10:09:18,6.5,0.0,22,14300,买盘
723,10:09:21,6.5,0.0,26,16900,买盘
724,10:09:28,6.5,0.0,12,7800,卖盘
725,10:09:30,6.5,0.0,22,14300,卖盘
726,10:09:34,6.5,0.0,33,21450,买盘
727,10:09:37,6.51,0.01,31,20154,买盘
728,10:09:40,6.5,-0.01,50,32500,卖盘
729,10:09:43,6.52,0.02,342,222718,买盘
730,10:09:51,6.52,0.0,35,22854,卖盘
731,10:09:54,6.52,0.0,3,1957,卖盘
732,10:09:58,6.52,0.0,11,7172,卖盘
733,10:10:01,6.52,0.0,223,145411,卖盘
734,10:10:04,6.52,0.0,21,13703,卖盘
735,10:10:10,6.52,0.0,42,27384,卖盘
736,10:10:13,6.53,0.01,229,149479,买盘
737,10:10:16,6.52,-0.01,5,3260,买盘
738,10:10:18,6.51,-0.01,23,14981,卖盘
739,10:10:31,6.5,-0.01,185,120331,卖盘
740,10:10:37,6.52,0.02,3,1956,买盘
741,10:10:40,6.51,-0.01,26,16926,卖盘
742,10:10:43,6.51,0.0,12,7812,卖盘
743,10:10:46,6.52,0.01,6,3909,买盘
744,10:10:54,6.51,-0.01,8,5208,买盘
745,10:10:58,6.5,-0.01,6,3900,卖盘
746,10:11:01,6.51,0.01,22,14322,买盘
747,10:11:04,6.51,0.0,73,47523,买盘
748,10:11:06,6.51,0.0,17,11067,卖盘
749,10:11:16,6.51,0.0,30,19530,买盘
750,10:11:19,6.5,-0.01,63,40950,卖盘
751,10:11:22,6.5,0.0,69,44879,卖盘
752,10:11:27,6.51,0.01,12,7812,买盘
753,10:11:33,6.5,-0.01,72,46800,卖盘
754,10:11:43,6.5,0.0,42,27333,卖盘
755,10:11:46,6.5,0.0,15,9750,卖盘
756,10:11:48,6.5,0.0,5,3250,卖盘
757,10:11:52,6.5,0.0,15,9750,卖盘
758,10:11:55,6.5,0.0,67,43495,卖盘
759,10:11:58,6.5,0.0,69,44850,卖盘
760,10:12:00,6.5,0.0,10,6500,买盘
761,10:12:04,6.5,0.0,15,9750,买盘
762,10:12:10,6.5,0.0,131,85142,买盘
763,10:12:13,6.48,-0.02,227,147213,卖盘
764,10:12:16,6.5,0.02,27,17532,买盘
765,10:12:22,6.48,-0.02,16,10368,卖盘
766,10:12:33,6.48,0.0,42,27258,卖盘
767,10:12:39,6.49,0.01,5,3245,买盘
768,10:12:42,6.49,0.0,120,77927,买盘
769,10:12:46,6.49,0.0,37,24013,买盘
770,10:12:51,6.48,-0.01,30,19467,卖盘
771,10:12:54,6.5,0.02,20,13000,买盘
772,10:13:01,6.5,0.0,99,64281,买盘
773,10:13:13,6.5,0.0,30,19500,卖盘
774,10:13:15,6.5,0.0,16,10404,卖盘
775,10:13:18,6.5,0.0,42,27300,卖盘
776,10:13:22,6.5,0.0,16,10400,买盘
777,10:13:25,6.49,-0.01,124,80545,卖盘
778,10:13:30,6.5,0.01,36,23400,买盘
779,10:13:34,6.5,0.0,474,307918,买盘
780,10:13:39,6.5,0.0,6,3898,买盘
781,10:13:43,6.49,-0.01,52,33748,卖盘
782,10:13:46,6.49,0.0,104,67496,卖盘
783,10:13:48,6.49,0.0,10,6490,买盘
784,10:13:51,6.49,0.0,13,8437,买盘
785,10:13:54,6.49,0.0,50,32450,买盘
786,10:13:57,6.48,-0.01,8,5184,卖盘
787,10:14:01,6.49,0.01,113,73337,买盘
788,10:14:07,6.49,0.0,58,37642,买盘
789,10:14:10,6.48,-0.01,68,44064,卖盘
790,10:14:12,6.49,0.01,1,649,买盘
791,10:14:15,6.48,-0.01,69,44713,卖盘
792,10:14:18,6.49,0.01,1,649,买盘
793,10:14:21,6.49,0.0,29,18816,买盘
794,10:14:28,6.49,0.0,3,1947,买盘
795,10:14:31,6.48,-0.01,6,3888,卖盘
796,10:14:34,6.49,0.01,147,95403,买盘
797,10:14:40,6.49,0.0,5,3245,卖盘
798,10:14:46,6.49,0.0,30,19470,卖盘
799,10:14:52,6.49,0.0,1,649,卖盘
800,10:14:55,6.49,0.0,61,39589,卖盘
801,10:14:58,6.5,0.01,26,16900,买盘
802,10:15:01,6.5,0.0,8,5196,买盘
803,10:15:04,6.5,0.0,50,32500,买盘
804,10:15:12,6.5,0.0,61,39640,买盘
805,10:15:15,6.49,-0.01,65,42206,卖盘
806,10:15:18,6.49,0.0,23,14930,卖盘
807,10:15:21,6.49,0.0,10,6490,卖盘
808,10:15:25,6.49,0.0,14,9086,卖盘
809,10:15:28,6.49,0.0,90,58420,卖盘
810,10:15:31,6.5,0.01,2,1300,买盘
811,10:15:33,6.49,-0.01,17,11040,卖盘
812,10:15:39,6.49,0.0,100,64900,卖盘
813,10:15:42,6.5,0.01,47,30510,买盘
814,10:15:45,6.5,0.0,62,40300,买盘
815,10:15:49,6.49,-0.01,69,44781,卖盘
816,10:15:52,6.49,0.0,78,50622,卖盘
817,10:15:55,6.49,0.0,35,22715,买盘
818,10:15:58,6.49,0.0,6,3894,卖盘
819,10:16:04,6.47,-0.02,1397,905088,卖盘
820,10:16:06,6.5,0.03,230,149500,买盘
821,10:16:09,6.5,0.0,37,24036,买盘
822,10:16:24,6.48,-0.02,86,55728,卖盘
823,10:16:28,6.48,0.0,24,15552,卖盘
824,10:16:31,6.49,0.01,7,4540,买盘
825,10:16:34,6.49,0.0,157,101893,买盘
826,10:16:40,6.49,0.0,4,2596,买盘
827,10:16:42,6.48,-0.01,55,35642,卖盘
828,10:16:49,6.48,0.0,2,1296,买盘
829,10:16:51,6.47,-0.01,43,27831,卖盘
830,10:16:54,6.48,0.01,73,47257,买盘
831,10:16:57,6.47,-0.01,61,39454,卖盘
832,10:17:01,6.47,0.0,3,1941,买盘
833,10:17:04,6.47,0.0,1007,650080,买盘
834,10:17:07,6.47,0.0,110,71205,买盘
835,10:17:09,6.47,0.0,108,69846,买盘
836,10:17:13,6.47,0.0,12,7760,买盘
837,10:17:16,6.45,-0.02,11,7096,卖盘
838,10:17:18,6.46,0.01,725,467660,买盘
839,10:17:21,6.46,0.0,62,40052,买盘
840,10:17:27,6.45,-0.01,19,12255,卖盘
841,10:17:31,6.45,0.0,21,13545,卖盘
842,10:17:36,6.45,0.0,128,82560,卖盘
843,10:17:40,6.45,0.0,155,99988,卖盘
844,10:17:43,6.45,0.0,29,18705,卖盘
845,10:17:45,6.46,0.01,17,10980,买盘
846,10:17:48,6.46,0.0,61,39385,买盘
847,10:17:52,6.46,0.0,148,95591,买盘
848,10:17:54,6.45,-0.01,165,106499,卖盘
849,10:17:57,6.46,0.01,31,20026,中性盘
850,10:18:00,6.46,0.0,166,107128,买盘
851,10:18:04,6.46,0.0,192,123936,卖盘
852,10:18:07,6.47,0.01,127,82088,买盘
853,10:18:09,6.46,-0.01,61,39406,中性盘
854,10:18:13,6.47,0.01,68,43995,买盘
855,10:18:16,6.46,-0.01,50,32300,卖盘
856,10:18:19,6.46,0.0,8,5171,卖盘
857,10:18:22,6.47,0.01,162,104781,买盘
858,10:18:24,6.47,0.0,67,43349,卖盘
859,10:18:28,6.47,0.0,9,5828,卖盘
860,10:18:30,6.46,-0.01,40,25840,卖盘
861,10:18:33,6.46,0.0,2,1292,卖盘
862,10:18:37,6.45,-0.01,100,64571,卖盘
863,10:18:39,6.46,0.01,20,12920,中性盘
864,10:18:42,6.45,-0.01,105,67735,卖盘
865,10:18:45,6.46,0.01,158,102185,买盘
866,10:18:54,6.46,0.0,42,27132,卖盘
867,10:18:58,6.46,0.0,22,14214,卖盘
868,10:19:04,6.46,0.0,36,23256,卖盘
869,10:19:07,6.46,0.0,155,100133,卖盘
870,10:19:09,6.46,0.0,80,51680,卖盘
871,10:19:12,6.46,0.0,35,22610,买盘
872,10:19:15,6.46,0.0,10,6460,买盘
873,10:19:18,6.46,0.0,30,19380,买盘
874,10:19:22,6.46,0.0,33,21318,买盘
875,10:19:25,6.48,0.02,93,60235,买盘
876,10:19:28,6.46,-0.02,5,3230,卖盘
877,10:19:31,6.47,0.01,15,9700,买盘
878,10:19:33,6.47,0.0,5,3235,买盘
879,10:19:37,6.47,0.0,56,36232,买盘
880,10:19:45,6.47,0.0,90,58240,卖盘
881,10:19:51,6.47,0.0,41,26527,卖盘
882,10:19:55,6.48,0.01,10,6480,买盘
883,10:19:57,6.48,0.0,178,115344,买盘
884,10:20:01,6.48,0.0,24,15552,买盘
885,10:20:04,6.48,0.0,47,30455,买盘
886,10:20:07,6.47,-0.01,72,46651,卖盘
887,10:20:10,6.48,0.01,26,16840,买盘
888,10:20:15,6.48,0.0,57,36925,卖盘
889,10:20:25,6.47,-0.01,17,11014,卖盘
890,10:20:33,6.47,0.0,5,3235,卖盘
891,10:20:36,6.48,0.01,34,22032,买盘
892,10:20:39,6.47,-0.01,59,38178,卖盘
893,10:20:42,6.47,0.0,182,117758,卖盘
894,10:20:45,6.48,0.01,60,38830,买盘
895,10:20:58,6.48,0.0,25,16200,买盘
896,10:21:01,6.48,0.0,103,66743,买盘
897,10:21:06,6.48,0.0,64,41472,买盘
898,10:21:10,6.47,-0.01,18,11647,卖盘
899,10:21:18,6.45,-0.02,980,632889,卖盘
900,10:21:24,6.47,0.02,27,17469,买盘
901,10:21:28,6.48,0.01,40,25920,买盘
902,10:21:30,6.45,-0.03,27,17432,卖盘
903,10:21:36,6.46,0.01,7,4522,买盘
904,10:21:39,6.45,-0.01,57,36781,卖盘
905,10:21:42,6.46,0.01,267,172430,买盘
906,10:21:45,6.46,0.0,18,11627,买盘
907,10:21:49,6.45,-0.01,23,14835,卖盘
908,10:21:52,6.46,0.01,96,61971,买盘
909,10:21:55,6.46,0.0,72,46504,买盘
910,10:21:58,6.46,0.0,12,7752,卖盘
911,10:22:01,6.46,0.0,3,1938,卖盘
912,10:22:04,6.47,0.01,25,16165,买盘
913,10:22:09,6.47,0.0,34,21998,买盘
914,10:22:12,6.47,0.0,11,7117,卖盘
915,10:22:15,6.48,0.01,120,77660,买盘
916,10:22:18,6.47,-0.01,8,5176,卖盘
917,10:22:22,6.47,0.0,1,647,卖盘
918,10:22:27,6.47,0.0,13,8411,卖盘
919,10:22:30,6.44,-0.03,800,515977,卖盘
920,10:22:33,6.47,0.03,96,62189,中性盘
921,10:22:37,6.47,0.0,1,647,卖盘
922,10:22:42,6.46,-0.01,2,1292,卖盘
923,10:22:46,6.46,0.0,7,4522,买盘
924,10:22:54,6.46,0.0,51,32946,买盘
925,10:23:04,6.46,0.0,75,48450,卖盘
926,10:23:07,6.46,0.0,76,49096,卖盘
927,10:23:13,6.46,0.0,1,646,买盘
928,10:23:19,6.46,0.0,2,1292,买盘
929,10:23:21,6.45,-0.01,57,36765,卖盘
930,10:23:24,6.46,0.01,3,1938,买盘
931,10:23:27,6.46,0.0,100,64572,买盘
932,10:23:30,6.46,0.0,2,1292,买盘
933,10:23:33,6.45,-0.01,20,12900,卖盘
934,10:23:36,6.46,0.01,14,9039,买盘
935,10:23:39,6.46,0.0,6,3874,买盘
936,10:23:42,6.46,0.0,17,10978,买盘
937,10:23:49,6.45,-0.01,36,23220,卖盘
938,10:23:52,6.45,0.0,2,1290,卖盘
939,10:23:55,6.46,0.01,17,10971,买盘
940,10:23:58,6.45,-0.01,16,10320,卖盘
941,10:24:01,6.45,0.0,37,23868,卖盘
942,10:24:04,6.46,0.01,3,1938,买盘
943,10:24:10,6.46,0.0,36,23224,买盘
944,10:24:12,6.46,0.0,50,32300,买盘
945,10:24:16,6.46,0.0,163,105270,买盘
946,10:24:18,6.45,-0.01,5,3225,卖盘
947,10:24:22,6.46,0.01,2,1292,买盘
948,10:24:25,6.46,0.0,71,45813,买盘
949,10:24:28,6.46,0.0,48,31008,买盘
950,10:24:31,6.46,0.0,74,47804,买盘
951,10:24:33,6.46,0.0,17,10982,卖盘
952,10:24:36,6.46,0.0,23,14858,卖盘
953,10:24:39,6.47,0.01,51,32997,买盘
954,10:24:46,6.46,-0.01,162,104652,卖盘
955,10:24:49,6.46,0.0,5,3230,买盘
956,10:24:51,6.47,0.01,30,19410,买盘
957,10:25:04,6.47,0.0,25,16155,买盘
958,10:25:07,6.46,-0.01,14,9057,卖盘
959,10:25:16,6.46,0.0,24,15504,买盘
960,10:25:18,6.46,0.0,79,51034,卖盘
961,10:25:21,6.46,0.0,91,58786,买盘
962,10:25:24,6.46,0.0,60,38760,卖盘
963,10:25:27,6.46,0.0,67,43282,卖盘
964,10:25:31,6.45,-0.01,18,11610,卖盘
965,10:25:36,6.46,0.01,23,14858,买盘
966,10:25:39,6.45,-0.01,117,75468,卖盘
967,10:25:42,6.46,0.01,159,102685,买盘
968,10:25:46,6.45,-0.01,30,19376,卖盘
969,10:25:49,6.46,0.01,30,19380,买盘
970,10:25:52,6.46,0.0,19,12274,买盘
971,10:25:55,6.45,-0.01,22,14191,卖盘
972,10:25:58,6.46,0.01,1,646,卖盘
973,10:26:00,6.46,0.0,25,16150,买盘
974,10:26:04,6.45,-0.01,52,33540,卖盘
975,10:26:07,6.46,0.01,2,1292,买盘
976,10:26:09,6.45,-0.01,509,328393,卖盘
977,10:26:15,6.45,0.0,3,1935,买盘
978,10:26:18,6.45,0.0,35,22575,买盘
979,10:26:21,6.44,-0.01,53,34182,卖盘
980,10:26:24,6.45,0.01,5,3225,买盘
981,10:26:28,6.45,0.0,94,60591,买盘
982,10:26:30,6.45,0.0,42,27090,买盘
983,10:26:33,6.45,0.0,68,43860,卖盘
984,10:26:39,6.45,0.0,10,6455,卖盘
985,10:26:42,6.45,0.0,3,1937,卖盘
986,10:26:48,6.45,0.0,2,1290,卖盘
987,10:26:51,6.45,0.0,114,73530,卖盘
988,10:26:54,6.45,0.0,328,211560,卖盘
989,10:26:57,6.45,0.0,294,189780,卖盘
990,10:27:01,6.45,0.0,248,160099,卖盘
991,10:27:04,6.45,0.0,27,17418,卖盘
992,10:27:07,6.45,0.0,81,52245,买盘
993,10:27:09,6.44,-0.01,13,8382,卖盘
994,10:27:12,6.44,0.0,6379,4095739,卖盘
995,10:27:19,6.43,-0.01,19,12190,买盘
996,10:27:21,6.4,-0.03,228,145954,卖盘
997,10:27:24,6.4,0.0,577,369486,卖盘
998,10:27:27,6.4,0.0,266,170287,卖盘
999,10:27:30,6.41,0.01,158,101150,中性盘
1000,10:27:33,6.39,-0.02,414,264825,卖盘
1001,10:27:36,6.38,-0.01,137,87414,卖盘
1002,10:27:39,6.38,0.0,788,502300,卖盘
1003,10:27:42,6.38,0.0,202,128686,卖盘
1004,10:27:45,6.37,-0.01,28,17836,中性盘
1005,10:27:48,6.34,-0.03,392,248849,卖盘
1006,10:27:51,6.37,0.03,857,544376,买盘
1007,10:27:54,6.34,-0.03,245,155886,卖盘
1008,10:27:58,6.36,0.02,169,107316,买盘
1009,10:28:01,6.36,0.0,589,373956,买盘
1010,10:28:04,6.35,-0.01,161,102282,卖盘
1011,10:28:07,6.36,0.01,175,111226,买盘
1012,10:28:10,6.36,0.0,471,299457,买盘
1013,10:28:12,6.37,0.01,194,123454,买盘
1014,10:28:15,6.37,0.0,119,75763,买盘
1015,10:28:19,6.37,0.0,228,145236,卖盘
1016,10:28:21,6.38,0.01,463,295365,买盘
1017,10:28:24,6.38,0.0,28,17864,卖盘
1018,10:28:27,6.4,0.02,80,51122,买盘
1019,10:28:30,6.4,0.0,32,20476,买盘
1020,10:28:34,6.4,0.0,282,180461,买盘
1021,10:28:37,6.4,0.0,149,95357,买盘
1022,10:28:40,6.4,0.0,264,168938,买盘
1023,10:28:43,6.4,0.0,230,146989,买盘
1024,10:28:46,6.4,0.0,178,113850,买盘
1025,10:28:49,6.39,-0.01,243,155325,卖盘
1026,10:28:52,6.39,0.0,149,95147,买盘
1027,10:28:54,6.38,-0.01,471,300669,卖盘
1028,10:28:57,6.38,0.0,56,35749,卖盘
1029,10:29:00,6.38,0.0,5,3190,卖盘
1030,10:29:04,6.38,0.0,64,40832,卖盘
1031,10:29:06,6.38,0.0,34,21704,卖盘
1032,10:29:09,6.39,0.01,647,413220,买盘
1033,10:29:13,6.38,-0.01,33,21054,卖盘
1034,10:29:16,6.39,0.01,93,59393,买盘
1035,10:29:18,6.39,0.0,48,30672,买盘
1036,10:29:22,6.39,0.0,87,55518,买盘
1037,10:29:25,6.38,-0.01,170,108597,卖盘
1038,10:29:27,6.41,0.03,1915,1224710,买盘
1039,10:29:30,6.41,0.0,167,107047,卖盘
1040,10:29:33,6.41,0.0,286,183326,卖盘
1041,10:29:37,6.41,0.0,104,66670,卖盘
1042,10:29:40,6.41,0.0,6,3851,卖盘
1043,10:29:42,6.41,0.0,85,54485,卖盘
1044,10:29:45,6.41,0.0,16,10256,买盘
1045,10:29:49,6.41,0.0,11,7051,买盘
1046,10:29:52,6.41,0.0,110,70460,买盘
1047,10:29:55,6.4,-0.01,67,42930,卖盘
1048,10:29:58,6.4,0.0,45,28805,卖盘
1049,10:30:00,6.4,0.0,404,258883,卖盘
1050,10:30:04,6.41,0.01,182,116517,中性盘
1051,10:30:07,6.4,-0.01,352,225280,卖盘
1052,10:30:10,6.39,-0.01,141,90208,卖盘
1053,10:30:12,6.39,0.0,113,72207,卖盘
1054,10:30:16,6.39,0.0,1,639,买盘
1055,10:30:19,6.39,0.0,129,82331,买盘
1056,10:30:21,6.39,0.0,12,7668,买盘
1057,10:30:24,6.38,-0.01,67,42746,卖盘
1058,10:30:28,6.38,0.0,24,15312,买盘
1059,10:30:30,6.38,0.0,148,94424,买盘
1060,10:30:33,6.38,0.0,45,28710,买盘
1061,10:30:37,6.38,0.0,96,61243,买盘
1062,10:30:40,6.37,-0.01,179,114077,卖盘
1063,10:30:43,6.37,0.0,127,80906,卖盘
1064,10:30:46,6.37,0.0,157,100020,卖盘
1065,10:30:51,6.37,0.0,106,67522,买盘
1066,10:30:55,6.36,-0.01,42,26729,卖盘
1067,10:30:57,6.37,0.01,170,108247,买盘
1068,10:31:01,6.37,0.0,169,107796,卖盘
1069,10:31:04,6.37,0.0,39,24843,卖盘
1070,10:31:06,6.38,0.01,130,82940,买盘
1071,10:31:10,6.38,0.0,65,41455,买盘
1072,10:31:12,6.38,0.0,116,73904,买盘
1073,10:31:16,6.38,0.0,135,86090,买盘
1074,10:31:19,6.38,0.0,31,19778,买盘
1075,10:31:22,6.37,-0.01,149,95023,卖盘
1076,10:31:25,6.38,0.01,34,21692,卖盘
1077,10:31:27,6.38,0.0,80,51040,卖盘
1078,10:31:30,6.38,0.0,64,40832,卖盘
1079,10:31:37,6.38,0.0,106,67641,卖盘
1080,10:31:39,6.38,0.0,10,6380,卖盘
1081,10:31:43,6.38,0.0,2,1277,卖盘
1082,10:31:46,6.38,0.0,31,19778,卖盘
1083,10:31:48,6.38,0.0,21,13401,卖盘
1084,10:31:51,6.38,0.0,83,52958,卖盘
1085,10:31:54,6.39,0.01,3,1917,买盘
1086,10:32:01,6.38,-0.01,18,11484,卖盘
1087,10:32:04,6.38,0.0,110,70274,卖盘
1088,10:32:07,6.39,0.01,145,92640,买盘
1089,10:32:10,6.38,-0.01,42,26806,卖盘
1090,10:32:13,6.39,0.01,112,71557,买盘
1091,10:32:16,6.39,0.0,38,24282,买盘
1092,10:32:19,6.38,-0.01,203,129514,卖盘
1093,10:32:22,6.38,0.0,45,28710,买盘
1094,10:32:25,6.38,0.0,219,139722,买盘
1095,10:32:28,6.39,0.01,2,1278,买盘
1096,10:32:30,6.38,-0.01,47,29986,卖盘
1097,10:32:34,6.39,0.01,118,75384,买盘
1098,10:32:37,6.38,-0.01,23,14674,卖盘
1099,10:32:42,6.38,0.0,8,5104,卖盘
1100,10:32:46,6.38,0.0,34,21692,卖盘
1101,10:32:49,6.38,0.0,6,3828,卖盘
1102,10:32:51,6.38,0.0,30,19140,卖盘
1103,10:32:55,6.38,0.0,44,28072,卖盘
1104,10:32:58,6.38,0.0,118,75384,卖盘
1105,10:33:01,6.38,0.0,12,7656,卖盘
1106,10:33:04,6.38,0.0,112,71456,卖盘
1107,10:33:07,6.38,0.0,33,21054,卖盘
1108,10:33:10,6.38,0.0,42,26796,买盘
1109,10:33:12,6.38,0.0,99,63162,买盘
1110,10:33:16,6.38,0.0,2,1276,买盘
1111,10:33:19,6.38,0.0,17,10846,买盘
1112,10:33:22,6.38,0.0,24,15312,买盘
1113,10:33:25,6.37,-0.01,82,52314,卖盘
1114,10:33:28,6.38,0.01,78,49762,买盘
1115,10:33:31,6.37,-0.01,133,84721,卖盘
1116,10:33:33,6.37,0.0,83,52881,卖盘
1117,10:33:36,6.37,0.0,15,9557,卖盘
1118,10:33:39,6.38,0.01,287,183079,买盘
1119,10:33:43,6.37,-0.01,88,56061,卖盘
1120,10:33:46,6.37,0.0,513,326739,买盘
1121,10:33:48,6.37,0.0,5,3185,买盘
1122,10:33:51,6.36,-0.01,72,45807,卖盘
1123,10:33:55,6.37,0.01,102,64974,买盘
1124,10:33:58,6.37,0.0,286,181904,买盘
1125,10:34:01,6.36,-0.01,23,14628,卖盘
1126,10:34:04,6.35,-0.01,94,59730,卖盘
1127,10:34:06,6.36,0.01,9,5724,买盘
1128,10:34:09,6.36,0.0,85,53994,买盘
1129,10:34:12,6.36,0.0,24,15249,卖盘
1130,10:34:16,6.36,0.0,363,230668,卖盘
1131,10:34:19,6.36,0.0,71,45156,买盘
1132,10:34:22,6.36,0.0,162,103032,买盘
1133,10:34:24,6.35,-0.01,431,273700,卖盘
1134,10:34:28,6.36,0.01,57,36205,买盘
1135,10:34:31,6.35,-0.01,318,201930,卖盘
1136,10:34:33,6.34,-0.01,98,62196,卖盘
1137,10:34:37,6.35,0.01,138,87530,买盘
1138,10:34:40,6.34,-0.01,786,498329,卖盘
1139,10:34:43,6.34,0.0,209,132551,卖盘
1140,10:34:46,6.34,0.0,319,202366,卖盘
1141,10:34:48,6.34,0.0,58,36760,买盘
1142,10:34:51,6.34,0.0,257,162782,买盘
1143,10:34:55,6.33,-0.01,1237,782467,卖盘
1144,10:34:58,6.33,0.0,478,302564,买盘
1145,10:35:01,6.33,0.0,145,91732,买盘
1146,10:35:04,6.32,-0.01,327,206602,卖盘
1147,10:35:07,6.32,0.0,304,192140,卖盘
1148,10:35:09,6.31,-0.01,897,566140,卖盘
1149,10:35:12,6.31,0.0,1379,869645,卖盘
1150,10:35:15,6.31,0.0,131,82610,买盘
1151,10:35:18,6.31,0.0,899,566434,买盘
1152,10:35:22,6.3,-0.01,447,281561,卖盘
1153,10:35:25,6.28,-0.02,352,221635,卖盘
1154,10:35:28,6.3,0.02,231,145414,买盘
1155,10:35:31,6.3,0.0,1390,874358,买盘
1156,10:35:34,6.3,0.0,412,259826,卖盘
1157,10:35:36,6.27,-0.03,836,525411,卖盘
1158,10:35:40,6.29,0.02,246,154734,买盘
1159,10:35:43,6.28,-0.01,407,255737,卖盘
1160,10:35:46,6.28,0.0,130,81671,卖盘
1161,10:35:49,6.29,0.01,524,329527,买盘
1162,10:35:52,6.3,0.01,648,407979,买盘
1163,10:35:55,6.29,-0.01,780,491198,卖盘
1164,10:35:58,6.3,0.01,491,309135,买盘
1165,10:36:01,6.3,0.0,1239,780556,买盘
1166,10:36:04,6.3,0.0,373,234997,卖盘
1167,10:36:07,6.3,0.0,289,182264,卖盘
1168,10:36:10,6.32,0.02,228,143900,买盘
1169,10:36:12,6.3,-0.02,367,231504,卖盘
1170,10:36:15,6.32,0.02,86,54239,买盘
1171,10:36:19,6.32,0.0,568,358767,买盘
1172,10:36:22,6.32,0.0,51,32273,卖盘
1173,10:36:25,6.33,0.01,42,26581,买盘
1174,10:36:28,6.33,0.0,24,15192,卖盘
1175,10:36:31,6.34,0.01,19,12046,买盘
1176,10:36:34,6.34,0.0,45,28519,买盘
1177,10:36:36,6.34,0.0,26,16482,买盘
1178,10:36:40,6.33,-0.01,104,65901,卖盘
1179,10:36:43,6.34,0.01,197,124729,买盘
1180,10:36:46,6.33,-0.01,93,58833,卖盘
1181,10:36:48,6.33,0.0,94,59453,买盘
1182,10:36:51,6.33,0.0,39,24687,买盘
1183,10:36:55,6.32,-0.01,84,53106,卖盘
1184,10:36:58,6.32,0.0,71,44872,买盘
1185,10:37:01,6.32,0.0,54,34128,买盘
1186,10:37:07,6.32,0.0,38,24016,卖盘
1187,10:37:10,6.32,0.0,75,47400,买盘
1188,10:37:13,6.32,0.0,137,86518,买盘
1189,10:37:16,6.33,0.01,518,327416,买盘
1190,10:37:22,6.33,0.0,47,29751,买盘
1191,10:37:25,6.33,0.0,92,58236,买盘
1192,10:37:27,6.33,0.0,150,94950,买盘
1193,10:37:31,6.33,0.0,40,25320,卖盘
1194,10:37:34,6.33,0.0,260,164666,卖盘
1195,10:37:37,6.34,0.01,136,86045,买盘
1196,10:37:40,6.32,-0.02,566,357827,卖盘
1197,10:37:46,6.32,0.0,82,51824,买盘
1198,10:37:49,6.32,0.0,11,6952,买盘
1199,10:37:55,6.32,0.0,40,25280,卖盘
1200,10:37:58,6.32,0.0,39,24648,卖盘
1201,10:38:01,6.33,0.01,30,18985,买盘
1202,10:38:04,6.32,-0.01,31,19620,卖盘
1203,10:38:07,6.32,0.0,25,15800,卖盘
1204,10:38:13,6.33,0.01,6,3798,卖盘
1205,10:38:16,6.33,0.0,251,158933,卖盘
1206,10:38:18,6.33,0.0,475,300676,卖盘
1207,10:38:21,6.33,0.0,21,13293,买盘
1208,10:38:28,6.32,-0.01,135,85329,卖盘
1209,10:38:31,6.33,0.01,2,1266,买盘
1210,10:38:33,6.33,0.0,126,79693,买盘
1211,10:38:36,6.33,0.0,8,5064,买盘
1212,10:38:40,6.33,0.0,217,137358,买盘
1213,10:38:43,6.32,-0.01,92,58230,卖盘
1214,10:38:46,6.33,0.01,87,55071,买盘
1215,10:38:48,6.32,-0.01,684,432543,卖盘
1216,10:38:51,6.32,0.0,52,32864,买盘
1217,10:38:55,6.32,0.0,136,85947,买盘
1218,10:38:58,6.32,0.0,143,90352,买盘
1219,10:39:01,6.32,0.0,231,145917,买盘
1220,10:39:04,6.31,-0.01,702,443645,卖盘
1221,10:39:06,6.31,0.0,25,15778,卖盘
1222,10:39:09,6.32,0.01,40,25280,买盘
1223,10:39:13,6.31,-0.01,74,46732,卖盘
1224,10:39:15,6.31,0.0,158,99854,卖盘
1225,10:39:18,6.32,0.01,377,238264,买盘
1226,10:39:21,6.32,0.0,90,56880,卖盘
1227,10:39:24,6.33,0.01,35,22155,买盘
1228,10:39:28,6.33,0.0,19,12027,卖盘
1229,10:39:31,6.33,0.0,142,89886,卖盘
1230,10:39:34,6.33,0.0,58,36714,卖盘
1231,10:39:40,6.33,0.0,7,4431,买盘
1232,10:39:43,6.32,-0.01,46,29090,卖盘
1233,10:39:46,6.33,0.01,21,13293,买盘
1234,10:39:49,6.33,0.0,130,82290,买盘
1235,10:39:51,6.33,0.0,20,12660,买盘
1236,10:39:55,6.33,0.0,13,8229,中性盘
1237,10:39:58,6.34,0.01,72,45577,买盘
1238,10:40:00,6.34,0.0,2,1268,买盘
1239,10:40:04,6.33,-0.01,154,97498,卖盘
1240,10:40:07,6.32,-0.01,114,72076,卖盘
1241,10:40:09,6.33,0.01,285,180400,买盘
1242,10:40:13,6.33,0.0,139,88066,买盘
1243,10:40:16,6.32,-0.01,179,113141,卖盘
1244,10:40:19,6.34,0.02,200,126800,买盘
1245,10:40:21,6.34,0.0,96,60862,买盘
1246,10:40:24,6.33,-0.01,6,3798,卖盘
1247,10:40:27,6.33,0.0,34,21522,卖盘
1248,10:40:33,6.33,0.0,14,8865,卖盘
1249,10:40:37,6.33,0.0,81,51308,卖盘
1250,10:40:40,6.34,0.01,2,1268,买盘
1251,10:40:43,6.34,0.0,145,91930,买盘
1252,10:40:46,6.34,0.0,104,65936,买盘
1253,10:40:48,6.34,0.0,16,10142,买盘
1254,10:40:52,6.34,0.0,201,127434,买盘
1255,10:40:55,6.34,0.0,15,9510,卖盘
1256,10:40:57,6.34,0.0,345,219059,卖盘
1257,10:41:00,6.34,0.0,114,72365,卖盘
1258,10:41:06,6.35,0.01,124,78740,买盘
1259,10:41:09,6.35,0.0,1,635,买盘
1260,10:41:12,6.35,0.0,49,31115,买盘
1261,10:41:15,6.35,0.0,79,50165,买盘
1262,10:41:19,6.34,-0.01,239,151532,卖盘
1263,10:41:24,6.36,0.02,31,19715,买盘
1264,10:41:27,6.36,0.0,64,40704,买盘
1265,10:41:30,6.37,0.01,74,47133,买盘
1266,10:41:37,6.37,0.0,9,5728,买盘
1267,10:41:45,6.37,0.0,18,11466,卖盘
1268,10:41:48,6.38,0.01,11,7018,买盘
1269,10:41:51,6.38,0.0,51,32538,买盘
1270,10:41:54,6.38,0.0,56,35728,买盘
1271,10:41:57,6.38,0.0,15,9570,买盘
1272,10:42:00,6.39,0.01,157,100240,买盘
1273,10:42:07,6.38,-0.01,110,70219,卖盘
1274,10:42:09,6.38,0.0,205,131185,卖盘
1275,10:42:13,6.39,0.01,32,20448,买盘
1276,10:42:15,6.39,0.0,69,44056,买盘
1277,10:42:18,6.38,-0.01,219,139600,买盘
1278,10:42:22,6.38,0.0,115,73282,买盘
1279,10:42:25,6.38,0.0,68,43361,买盘
1280,10:42:28,6.38,0.0,36,22968,买盘
1281,10:42:30,6.36,-0.02,75,47802,卖盘
1282,10:42:34,6.38,0.02,7,4466,卖盘
1283,10:42:42,6.36,-0.02,12,7633,卖盘
1284,10:42:45,6.36,0.0,36,22916,卖盘
1285,10:42:51,6.36,0.0,28,17829,卖盘
1286,10:42:55,6.36,0.0,66,41976,卖盘
1287,10:42:58,6.36,0.0,1,636,卖盘
1288,10:43:00,6.36,0.0,11,6998,卖盘
1289,10:43:03,6.36,0.0,1,636,买盘
1290,10:43:06,6.35,-0.01,8,5083,卖盘
1291,10:43:13,6.35,0.0,127,80645,卖盘
1292,10:43:16,6.35,0.0,5,3175,买盘
1293,10:43:21,6.35,0.0,197,124758,买盘
1294,10:43:24,6.34,-0.01,12,7600,中性盘
1295,10:43:30,6.33,-0.01,65,41160,卖盘
1296,10:43:33,6.32,-0.01,596,376816,卖盘
1297,10:43:36,6.32,0.0,139,88136,卖盘
1298,10:43:42,6.32,0.0,54,34131,卖盘
1299,10:43:46,6.34,0.02,3,1902,买盘
1300,10:43:48,6.33,-0.01,17,10761,卖盘
1301,10:43:54,6.33,0.0,19,12027,卖盘
1302,10:43:57,6.33,0.0,8,5064,卖盘
1303,10:44:01,6.34,0.01,1,634,买盘
1304,10:44:04,6.33,-0.01,120,75960,卖盘
1305,10:44:07,6.34,0.01,40,25360,买盘
1306,10:44:10,6.34,0.0,30,19020,卖盘
1307,10:44:13,6.34,0.0,5,3170,卖盘
1308,10:44:15,6.34,0.0,63,39942,卖盘
1309,10:44:18,6.34,0.0,72,45680,卖盘
1310,10:44:22,6.34,0.0,79,50145,卖盘
1311,10:44:24,6.34,0.0,14,8876,卖盘
1312,10:44:27,6.35,0.01,33,20955,买盘
1313,10:44:30,6.34,-0.01,80,50720,卖盘
1314,10:44:33,6.35,0.01,130,82423,买盘
1315,10:44:40,6.35,0.0,61,38734,买盘
1316,10:44:43,6.35,0.0,112,71120,买盘
1317,10:44:46,6.35,0.0,96,60914,买盘
1318,10:44:48,6.35,0.0,1100,698500,买盘
1319,10:44:52,6.35,0.0,10,6347,买盘
1320,10:44:55,6.35,0.0,25,15875,买盘
1321,10:44:58,6.35,0.0,211,133734,卖盘
1322,10:45:01,6.35,0.0,10,6350,买盘
1323,10:45:04,6.35,0.0,15,9525,买盘
1324,10:45:06,6.35,0.0,125,79375,买盘
1325,10:45:09,6.35,0.0,15,9525,卖盘
1326,10:45:16,6.35,0.0,145,92075,卖盘
1327,10:45:18,6.35,0.0,57,36205,卖盘
1328,10:45:21,6.35,0.0,30,19070,卖盘
1329,10:45:25,6.36,0.01,329,208918,买盘
1330,10:45:27,6.36,0.0,198,125928,买盘
1331,10:45:31,6.35,-0.01,295,187619,卖盘
1332,10:45:39,6.35,0.0,1,635,卖盘
1333,10:45:43,6.36,0.01,5,3180,买盘
1334,10:45:48,6.35,-0.01,107,67997,卖盘
1335,10:45:52,6.38,0.03,119,75922,买盘
1336,10:46:01,6.38,0.0,10,6380,买盘
1337,10:46:04,6.37,-0.01,3,1911,中性盘
1338,10:46:10,6.38,0.01,255,162690,买盘
1339,10:46:13,6.38,0.0,5,3190,卖盘
1340,10:46:16,6.39,0.01,5,3195,买盘
1341,10:46:18,6.39,0.0,88,56232,买盘
1342,10:46:31,6.39,0.0,36,23004,买盘
1343,10:46:33,6.39,0.0,9,5751,买盘
1344,10:46:37,6.38,-0.01,105,66995,卖盘
1345,10:46:39,6.38,0.0,100,63800,卖盘
1346,10:46:42,6.38,0.0,80,51040,买盘
1347,10:46:45,6.38,0.0,11,7018,买盘
1348,10:46:51,6.38,0.0,176,112288,买盘
1349,10:46:57,6.39,0.01,126,80512,买盘
1350,10:47:00,6.39,0.0,6,3833,买盘
1351,10:47:04,6.39,0.0,64,40896,买盘
1352,10:47:07,6.39,0.0,42,26838,买盘
1353,10:47:09,6.39,0.0,13,8307,买盘
1354,10:47:12,6.39,0.0,63,40206,买盘
1355,10:47:16,6.39,0.0,145,92655,买盘
1356,10:47:18,6.39,0.0,53,33867,买盘
1357,10:47:21,6.39,0.0,40,25560,卖盘
1358,10:47:24,6.4,0.01,414,264751,买盘
1359,10:47:28,6.39,-0.01,3,1917,卖盘
1360,10:47:30,6.39,0.0,5,3195,买盘
1361,10:47:36,6.37,-0.02,87,55474,卖盘
1362,10:47:39,6.37,0.0,2,1274,卖盘
1363,10:47:46,6.37,0.0,119,75983,卖盘
1364,10:47:48,6.37,0.0,6,3822,买盘
1365,10:47:51,6.37,0.0,14,8918,买盘
1366,10:47:54,6.36,-0.01,126,80136,卖盘
1367,10:47:57,6.36,0.0,11,6996,买盘
1368,10:48:01,6.36,0.0,89,56529,买盘
1369,10:48:09,6.36,0.0,76,48341,卖盘
1370,10:48:16,6.36,0.0,51,32436,卖盘
1371,10:48:19,6.36,0.0,20,12720,卖盘
1372,10:48:21,6.35,-0.01,110,70050,卖盘
1373,10:48:27,6.36,0.01,3,1908,卖盘
1374,10:48:30,6.35,-0.01,112,71202,卖盘
1375,10:48:33,6.36,0.01,63,40068,买盘
1376,10:48:36,6.37,0.01,9,5733,买盘
1377,10:48:39,6.36,-0.01,28,17811,卖盘
1378,10:48:42,6.36,0.0,31,19740,卖盘
1379,10:48:45,6.37,0.01,2,1274,买盘
1380,10:48:48,6.37,0.0,103,65879,买盘
1381,10:48:51,6.37,0.0,8,5096,卖盘
1382,10:48:54,6.37,0.0,2,1006,卖盘
1383,10:48:57,6.37,0.0,4,2816,买盘
1384,10:49:06,6.38,0.01,253,160895,买盘
1385,10:49:09,6.36,-0.02,49,31164,卖盘
1386,10:49:15,6.37,0.01,14,8918,买盘
1387,10:49:18,6.36,-0.01,7,4454,卖盘
1388,10:49:31,6.38,0.02,3,1914,买盘
1389,10:49:33,6.38,0.0,1,638,买盘
1390,10:49:36,6.38,0.0,20,12760,买盘
1391,10:49:42,6.38,0.0,15,9570,买盘
1392,10:49:45,6.37,-0.01,11,7007,卖盘
1393,10:49:48,6.37,0.0,30,19111,卖盘
1394,10:49:51,6.38,0.01,353,224873,买盘
1395,10:49:58,6.38,0.0,15,9564,买盘
1396,10:50:00,6.37,-0.01,5,3185,中性盘
1397,10:50:04,6.38,0.01,43,27394,买盘
1398,10:50:07,6.38,0.0,114,72636,买盘
1399,10:50:15,6.38,0.0,255,162683,买盘
1400,10:50:27,6.38,0.0,1,638,买盘
1401,10:50:30,6.38,0.0,26,16839,买盘
1402,10:50:40,6.38,0.0,10,6380,卖盘
1403,10:50:43,6.39,0.01,100,63900,买盘
1404,10:50:46,6.38,-0.01,96,61248,卖盘
1405,10:50:48,6.39,0.01,51,32589,买盘
1406,10:50:51,6.38,-0.01,5,3191,卖盘
1407,10:50:54,6.38,0.0,100,63820,卖盘
1408,10:51:06,6.39,0.01,83,53037,买盘
1409,10:51:09,6.39,0.0,2,1278,买盘
1410,10:51:12,6.39,0.0,24,15336,买盘
1411,10:51:16,6.39,0.0,5,3195,卖盘
1412,10:51:19,6.4,0.01,1,640,买盘
1413,10:51:21,6.39,-0.01,1,639,卖盘
1414,10:51:24,6.4,0.01,126,80640,买盘
1415,10:51:28,6.39,-0.01,92,58788,卖盘
1416,10:51:33,6.4,0.01,1,640,买盘
1417,10:51:37,6.39,-0.01,1,639,卖盘
1418,10:51:39,6.4,0.01,14,8947,买盘
1419,10:51:43,6.4,0.0,13,8320,买盘
1420,10:51:45,6.4,0.0,31,19840,买盘
1421,10:51:48,6.39,-0.01,32,20449,卖盘
1422,10:51:51,6.32,-0.07,1827,1157630,卖盘
1423,10:51:54,6.32,0.0,285,180651,买盘
1424,10:51:57,6.39,0.07,17,10863,买盘
1425,10:52:04,6.33,-0.06,36,22953,中性盘
1426,10:52:16,6.34,0.01,30,19020,卖盘
1427,10:52:24,6.36,0.02,5,3180,中性盘
1428,10:52:28,6.34,-0.02,231,146494,卖盘
1429,10:52:30,6.34,0.0,19,12046,买盘
1430,10:52:33,6.34,0.0,49,31066,买盘
1431,10:52:36,6.34,0.0,2,1268,买盘
1432,10:52:39,6.34,0.0,115,72910,买盘
1433,10:52:42,6.34,0.0,30,19008,买盘
1434,10:52:46,6.34,0.0,3123,1969503,买盘
1435,10:52:49,6.33,-0.01,25,15825,中性盘
1436,10:52:52,6.33,0.0,55,34832,买盘
1437,10:52:55,6.33,0.0,2,1266,卖盘
1438,10:52:58,6.33,0.0,6,3798,卖盘
1439,10:53:00,6.32,-0.01,67,42359,卖盘
1440,10:53:04,6.34,0.02,12,7598,买盘
1441,10:53:07,6.33,-0.01,153,96854,卖盘
1442,10:53:09,6.33,0.0,30,18990,卖盘
1443,10:53:12,6.33,0.0,20,12660,卖盘
1444,10:53:15,6.33,0.0,102,64566,卖盘
1445,10:53:18,6.33,0.0,202,128053,买盘
1446,10:53:21,6.33,0.0,41,25977,买盘
1447,10:53:24,6.28,-0.05,1176,739467,卖盘
1448,10:53:27,6.31,0.03,23,14513,中性盘
1449,10:53:30,6.27,-0.04,91,57159,卖盘
1450,10:53:37,6.3,0.03,13,8201,中性盘
1451,10:53:39,6.3,0.0,7,4410,买盘
1452,10:53:43,6.28,-0.02,89,55898,卖盘
1453,10:53:46,6.29,0.01,31,19501,卖盘
1454,10:53:48,6.29,0.0,2,1258,卖盘
1455,10:53:51,6.3,0.01,15,9450,买盘
1456,10:53:54,6.29,-0.01,86,54097,卖盘
1457,10:53:57,6.3,0.01,37,23303,买盘
1458,10:54:00,6.3,0.0,97,61044,买盘
1459,10:54:04,6.3,0.0,120,75554,买盘
1460,10:54:06,6.3,0.0,63,39692,卖盘
1461,10:54:09,6.3,0.0,65,40963,卖盘
1462,10:54:13,6.31,0.01,52,32779,买盘
1463,10:54:15,6.31,0.0,3,1893,卖盘
1464,10:54:19,6.31,0.0,18,11368,卖盘
1465,10:54:21,6.32,0.01,11,6952,买盘
1466,10:54:24,6.32,0.0,19,12008,卖盘
1467,10:54:30,6.32,0.0,8,5056,卖盘
1468,10:54:33,6.33,0.01,317,200641,买盘
1469,10:54:36,6.33,0.0,19,12027,卖盘
1470,10:54:39,6.33,0.0,2,1266,买盘
1471,10:54:42,6.34,0.01,102,64585,买盘
1472,10:54:46,6.33,-0.01,24,15192,中性盘
1473,10:54:49,6.33,0.0,2,1266,买盘
1474,10:54:51,6.32,-0.01,62,39215,卖盘
1475,10:54:57,6.33,0.01,22,13926,买盘
1476,10:55:00,6.33,0.0,133,84159,买盘
1477,10:55:04,6.33,0.0,32,20256,买盘
1478,10:55:06,6.33,0.0,160,101280,卖盘
1479,10:55:09,6.33,0.0,45,28485,卖盘
1480,10:55:12,6.33,0.0,30,18990,卖盘
1481,10:55:15,6.33,0.0,63,39879,卖盘
1482,10:55:18,6.33,0.0,41,25953,卖盘
1483,10:55:24,6.34,0.01,110,69730,买盘
1484,10:55:27,6.33,-0.01,71,44947,卖盘
1485,10:55:33,6.33,0.0,41,25927,买盘
1486,10:55:36,6.33,0.0,134,84788,买盘
1487,10:55:39,6.32,-0.01,79,49950,卖盘
1488,10:55:42,6.32,0.0,532,336224,卖盘
1489,10:55:45,6.31,-0.01,212,133772,卖盘
1490,10:55:49,6.32,0.01,86,54286,买盘
1491,10:55:51,6.32,0.0,5,3160,买盘
1492,10:55:54,6.31,-0.01,118,74571,卖盘
1493,10:55:57,6.3,-0.01,6,3780,卖盘
1494,10:56:01,6.31,0.01,2,1262,买盘
1495,10:56:04,6.31,0.0,7,4417,买盘
1496,10:56:06,6.3,-0.01,414,260911,卖盘
1497,10:56:09,6.3,0.0,34,21420,买盘
1498,10:56:16,6.33,0.03,169,106829,买盘
1499,10:56:18,6.32,-0.01,21,13272,中性盘
1500,10:56:22,6.33,0.01,48,30384,买盘
1501,10:56:28,6.33,0.0,183,115839,卖盘
1502,10:56:34,6.33,0.0,3,1899,买盘
1503,10:56:37,6.33,0.0,13,8229,买盘
1504,10:56:39,6.33,0.0,80,50567,买盘
1505,10:56:43,6.33,0.0,49,31017,买盘
1506,10:56:46,6.32,-0.01,37,23409,卖盘
1507,10:56:49,6.31,-0.01,258,162957,卖盘
1508,10:56:54,6.33,0.02,22,13896,买盘
1509,10:56:58,6.33,0.0,24,15185,买盘
1510,10:57:00,6.33,0.0,6,3798,卖盘
1511,10:57:04,6.33,0.0,26,16458,买盘
1512,10:57:06,6.33,0.0,10,6330,卖盘
1513,10:57:09,6.32,-0.01,63,39869,卖盘
1514,10:57:12,6.32,0.0,8,5056,买盘
1515,10:57:16,6.32,0.0,28,17696,买盘
1516,10:57:21,6.31,-0.01,95,59945,卖盘
1517,10:57:27,6.31,0.0,47,29657,卖盘
1518,10:57:30,6.31,0.0,43,27133,卖盘
1519,10:57:34,6.31,0.0,8,5048,买盘
1520,10:57:37,6.31,0.0,38,23978,买盘
1521,10:57:43,6.31,0.0,84,52931,买盘
1522,10:57:45,6.31,0.0,52,32811,买盘
1523,10:57:48,6.31,0.0,161,101431,买盘
1524,10:57:51,6.31,0.0,64,40351,买盘
1525,10:57:55,6.3,-0.01,20,12600,卖盘
1526,10:57:57,6.31,0.01,21,13245,买盘
1527,10:58:01,6.31,0.0,5,3155,买盘
1528,10:58:04,6.31,0.0,248,156289,买盘
1529,10:58:10,6.3,-0.01,33,20809,卖盘
1530,10:58:12,6.32,0.02,13,8216,买盘
1531,10:58:19,6.32,0.0,7,4418,买盘
1532,10:58:21,6.3,-0.02,95,59901,卖盘
1533,10:58:24,6.32,0.02,1,632,卖盘
1534,10:58:31,6.32,0.0,10,6320,卖盘
1535,10:58:36,6.32,0.0,18,11376,卖盘
1536,10:58:42,6.32,0.0,8,5056,卖盘
1537,10:58:46,6.33,0.01,4,2532,买盘
1538,10:58:49,6.33,0.0,21,13292,买盘
1539,10:58:52,6.33,0.0,2,1266,买盘
1540,10:58:54,6.32,-0.01,20,12640,卖盘
1541,10:59:01,6.32,0.0,115,72680,卖盘
1542,10:59:12,6.32,0.0,139,87973,卖盘
1543,10:59:18,6.33,0.01,25,15825,买盘
1544,10:59:22,6.33,0.0,3,1899,卖盘
1545,10:59:25,6.33,0.0,24,15187,卖盘
1546,10:59:33,6.34,0.01,4,2535,买盘
1547,10:59:36,6.32,-0.02,282,178724,卖盘
1548,10:59:39,6.33,0.01,16,10128,买盘
1549,10:59:42,6.33,0.0,14,8862,买盘
1550,10:59:45,6.33,0.0,51,32259,买盘
1551,10:59:58,6.33,0.0,27,17091,卖盘
1552,11:00:10,6.33,0.0,12,7596,卖盘
1553,11:00:13,6.34,0.01,10,6340,买盘
1554,11:00:16,6.34,0.0,124,78594,买盘
1555,11:00:19,6.34,0.0,86,54524,买盘
1556,11:00:22,6.34,0.0,136,86222,买盘
1557,11:00:24,6.34,0.0,6,3804,买盘
1558,11:00:27,6.34,0.0,146,92564,买盘
1559,11:00:31,6.34,0.0,271,171814,买盘
1560,11:00:34,6.34,0.0,190,120455,买盘
1561,11:00:36,6.34,0.0,306,193854,买盘
1562,11:00:40,6.34,0.0,97,61498,买盘
1563,11:00:43,6.34,0.0,49,31066,买盘
1564,11:00:46,6.34,0.0,25,15850,买盘
1565,11:00:49,6.34,0.0,175,110950,买盘
1566,11:00:52,6.34,0.0,25,15850,买盘
1567,11:00:55,6.34,0.0,250,158500,买盘
1568,11:00:58,6.34,0.0,9,5700,买盘
1569,11:01:00,6.34,0.0,3,1900,买盘
1570,11:01:04,6.34,0.0,86,54524,买盘
1571,11:01:06,6.33,-0.01,87,55074,卖盘
1572,11:01:09,6.34,0.01,215,136237,买盘
1573,11:01:13,6.34,0.0,1,634,买盘
1574,11:01:15,6.34,0.0,160,101380,买盘
1575,11:01:19,6.33,-0.01,59,37367,卖盘
1576,11:01:22,6.33,0.0,15,9495,买盘
1577,11:01:27,6.33,0.0,63,39879,买盘
1578,11:01:31,6.32,-0.01,255,161273,卖盘
1579,11:01:33,6.33,0.01,73,46189,买盘
1580,11:01:37,6.32,-0.01,323,204237,卖盘
1581,11:01:39,6.32,0.0,20,12640,卖盘
1582,11:01:46,6.3,-0.02,1505,948623,卖盘
1583,11:01:48,6.3,0.0,33,20790,买盘
1584,11:01:52,6.3,0.0,28,17640,买盘
1585,11:01:54,6.29,-0.01,73,45917,卖盘
1586,11:01:58,6.29,0.0,13,8177,卖盘
1587,11:02:00,6.3,0.01,1,630,买盘
1588,11:02:03,6.3,0.0,30,18882,买盘
1589,11:02:06,6.29,-0.01,264,166056,卖盘
1590,11:02:09,6.29,0.0,41,25754,买盘
1591,11:02:12,6.29,0.0,79,49691,买盘
1592,11:02:15,6.29,0.0,69,43401,买盘
1593,11:02:19,6.3,0.01,23,14470,买盘
1594,11:02:22,6.3,0.0,6,3775,买盘
1595,11:02:25,6.3,0.0,52,32755,买盘
1596,11:02:28,6.3,0.0,99,62370,买盘
1597,11:02:31,6.29,-0.01,15,9435,卖盘
1598,11:02:34,6.3,0.01,10,6300,买盘
1599,11:02:37,6.3,0.0,74,46620,买盘
1600,11:02:40,6.3,0.0,39,24574,卖盘
1601,11:02:42,6.3,0.0,20,12601,卖盘
1602,11:02:45,6.3,0.0,5,3150,卖盘
1603,11:02:49,6.3,0.0,54,34020,卖盘
1604,11:02:54,6.3,0.0,25,15758,卖盘
1605,11:02:57,6.31,0.01,14,8834,买盘
1606,11:03:06,6.31,0.0,152,95894,买盘
1607,11:03:09,6.32,0.01,39,24628,买盘
1608,11:03:15,6.31,-0.01,77,48590,卖盘
1609,11:03:19,6.32,0.01,4,2527,买盘
1610,11:03:21,6.32,0.0,123,77631,买盘
1611,11:03:25,6.31,-0.01,141,89071,卖盘
1612,11:03:28,6.32,0.01,31,19592,买盘
1613,11:03:30,6.31,-0.01,10,6310,卖盘
1614,11:03:34,6.32,0.01,4,2528,买盘
1615,11:03:37,6.31,-0.01,50,31550,卖盘
1616,11:03:39,6.32,0.01,72,45504,买盘
1617,11:03:43,6.32,0.0,13,8206,买盘
1618,11:03:48,6.31,-0.01,15,9465,卖盘
1619,11:03:52,6.31,0.0,78,49229,卖盘
1620,11:03:58,6.31,0.0,10,6310,买盘
1621,11:04:00,6.3,-0.01,28,17667,卖盘
1622,11:04:04,6.31,0.01,51,32181,买盘
1623,11:04:09,6.31,0.0,5,3155,卖盘
1624,11:04:12,6.31,0.0,5,3155,卖盘
1625,11:04:16,6.32,0.01,51,32207,买盘
1626,11:04:19,6.31,-0.01,6,3786,卖盘
1627,11:04:22,6.31,0.0,50,31550,卖盘
1628,11:04:27,6.32,0.01,55,34720,买盘
1629,11:04:30,6.31,-0.01,47,29689,卖盘
1630,11:04:34,6.31,0.0,122,76996,卖盘
1631,11:04:37,6.32,0.01,25,15800,买盘
1632,11:04:39,6.31,-0.01,40,25240,卖盘
1633,11:04:43,6.31,0.0,1,631,卖盘
1634,11:04:46,6.32,0.01,7,4424,买盘
1635,11:04:49,6.32,0.0,39,24648,买盘
1636,11:04:55,6.32,0.0,109,68787,买盘
1637,11:04:57,6.31,-0.01,67,42338,卖盘
1638,11:05:01,6.32,0.01,335,211720,买盘
1639,11:05:04,6.32,0.0,3,1896,买盘
1640,11:05:07,6.32,0.0,249,157168,买盘
1641,11:05:09,6.31,-0.01,15,9470,卖盘
1642,11:05:12,6.32,0.01,1,632,买盘
1643,11:05:15,6.31,-0.01,3,1894,卖盘
1644,11:05:22,6.32,0.01,26,16427,买盘
1645,11:05:25,6.31,-0.01,25,15778,卖盘
1646,11:05:28,6.31,0.0,25,15785,卖盘
1647,11:05:30,6.31,0.0,137,86470,卖盘
1648,11:05:34,6.32,0.01,5,3160,买盘
1649,11:05:37,6.32,0.0,6,3792,买盘
1650,11:05:39,6.31,-0.01,15,9465,卖盘
1651,11:05:42,6.31,0.0,34,21454,卖盘
1652,11:05:45,6.31,0.0,37,23357,卖盘
1653,11:05:48,6.31,0.0,33,20850,卖盘
1654,11:05:54,6.32,0.01,3,1896,买盘
1655,11:05:57,6.32,0.0,17,10738,买盘
1656,11:06:00,6.31,-0.01,74,46694,卖盘
1657,11:06:03,6.31,0.0,81,51111,卖盘
1658,11:06:06,6.32,0.01,63,39816,买盘
1659,11:06:09,6.33,0.01,117,73987,买盘
1660,11:06:12,6.33,0.0,28,17724,买盘
1661,11:06:21,6.33,0.0,205,129951,卖盘
1662,11:06:25,6.33,0.0,30,19016,卖盘
1663,11:06:28,6.34,0.01,241,152790,买盘
1664,11:06:30,6.33,-0.01,1,633,卖盘
1665,11:06:37,6.34,0.01,270,171180,买盘
1666,11:06:39,6.34,0.0,19,12037,买盘
1667,11:06:43,6.34,0.0,5,3170,买盘
1668,11:06:45,6.34,0.0,89,56426,买盘
1669,11:06:48,6.33,-0.01,73,46209,卖盘
1670,11:06:51,6.34,0.01,812,514803,买盘
1671,11:06:55,6.35,0.01,180,114151,买盘
1672,11:06:57,6.35,0.0,71,45085,买盘
1673,11:07:03,6.35,0.0,31,19685,买盘
1674,11:07:07,6.35,0.0,1,635,买盘
1675,11:07:09,6.35,0.0,21,13335,买盘
1676,11:07:15,6.36,0.01,20,12710,买盘
1677,11:07:18,6.35,-0.01,5,3175,卖盘
1678,11:07:27,6.36,0.01,20,12720,买盘
1679,11:07:30,6.36,0.0,50,31800,买盘
1680,11:07:36,6.38,0.02,2,1276,买盘
1681,11:07:42,6.38,0.0,123,78474,买盘
1682,11:07:45,6.38,0.0,49,31262,卖盘
1683,11:07:48,6.37,-0.01,25,15910,中性盘
1684,11:07:51,6.38,0.01,450,286998,买盘
1685,11:07:54,6.38,0.0,1,638,卖盘
1686,11:08:04,6.38,0.0,12,7656,卖盘
1687,11:08:06,6.37,-0.01,8,5099,卖盘
1688,11:08:09,6.38,0.01,1,638,买盘
1689,11:08:12,6.37,-0.01,27,17226,卖盘
1690,11:08:18,6.38,0.01,8,5104,买盘
1691,11:08:21,6.37,-0.01,7,4460,卖盘
1692,11:08:24,6.37,0.0,6,3822,买盘
1693,11:08:27,6.37,0.0,2,1274,买盘
1694,11:08:30,6.37,0.0,29,18473,买盘
1695,11:08:46,6.37,0.0,7,4459,卖盘
1696,11:08:48,6.37,0.0,67,42679,卖盘
1697,11:08:51,6.37,0.0,3,1911,买盘
1698,11:08:54,6.37,0.0,51,32487,买盘
1699,11:09:00,6.37,0.0,2,1274,买盘
1700,11:09:04,6.37,0.0,42,26714,买盘
1701,11:09:06,6.35,-0.02,380,241503,卖盘
1702,11:09:10,6.35,0.0,3,1905,买盘
1703,11:09:12,6.35,0.0,77,48895,买盘
1704,11:09:24,6.35,0.0,6,3810,买盘
1705,11:09:30,6.34,-0.01,66,41844,卖盘
1706,11:09:34,6.34,0.0,285,180690,买盘
1707,11:09:36,6.34,0.0,35,22190,买盘
1708,11:09:48,6.34,0.0,65,41210,卖盘
1709,11:09:57,6.34,0.0,61,38674,卖盘
1710,11:10:01,6.35,0.01,5,3175,买盘
1711,11:10:04,6.35,0.0,58,36830,买盘
1712,11:10:06,6.35,0.0,43,27305,买盘
1713,11:10:13,6.35,0.0,252,160020,买盘
1714,11:10:16,6.35,0.0,100,63500,买盘
1715,11:10:19,6.34,-0.01,77,48864,卖盘
1716,11:10:21,6.35,0.01,3,1905,买盘
1717,11:10:25,6.34,-0.01,5,3170,卖盘
1718,11:10:28,6.34,0.0,22,13968,卖盘
1719,11:10:31,6.35,0.01,46,29206,买盘
1720,11:10:33,6.35,0.0,34,21590,买盘
1721,11:10:40,6.35,0.0,2,1270,卖盘
1722,11:10:43,6.36,0.01,10,6360,买盘
1723,11:10:49,6.37,0.01,44,28028,买盘
1724,11:10:55,6.36,-0.01,2,1272,卖盘
1725,11:10:57,6.37,0.01,30,19110,买盘
1726,11:11:04,6.37,0.0,19,12103,买盘
1727,11:11:07,6.36,-0.01,52,33122,卖盘
1728,11:11:09,6.37,0.01,41,26117,买盘
1729,11:11:19,6.37,0.0,1,637,买盘
1730,11:11:22,6.36,-0.01,100,63670,卖盘
1731,11:11:28,6.38,0.02,129,82302,买盘
1732,11:11:31,6.38,0.0,14,8932,卖盘
1733,11:11:40,6.38,0.0,48,30624,卖盘
1734,11:11:42,6.39,0.01,2,1278,买盘
1735,11:11:46,6.38,-0.01,5,3190,卖盘
1736,11:11:52,6.38,0.0,110,70230,卖盘
1737,11:11:55,6.39,0.01,3,1917,买盘
1738,11:11:58,6.39,0.0,4,2556,买盘
1739,11:12:01,6.39,0.0,72,45983,买盘
1740,11:12:04,6.38,-0.01,21,13398,卖盘
1741,11:12:07,6.38,0.0,85,54230,买盘
1742,11:12:10,6.39,0.01,2,1278,买盘
1743,11:12:12,6.39,0.0,164,104732,买盘
1744,11:12:15,6.39,0.0,4,2556,卖盘
1745,11:12:18,6.39,0.0,10,6390,买盘
1746,11:12:21,6.38,-0.01,23,14674,中性盘
1747,11:12:24,6.37,-0.01,68,43316,卖盘
1748,11:12:39,6.38,0.01,52,33176,卖盘
1749,11:12:46,6.39,0.01,5,3195,买盘
1750,11:12:49,6.38,-0.01,95,60610,卖盘
1751,11:12:57,6.38,0.0,5,3190,买盘
1752,11:13:00,6.38,0.0,27,17226,买盘
1753,11:13:06,6.38,0.0,9,5742,买盘
1754,11:13:10,6.37,-0.01,51,32516,卖盘
1755,11:13:12,6.37,0.0,120,76440,卖盘
1756,11:13:21,6.37,0.0,25,15925,买盘
1757,11:13:24,6.36,-0.01,5,3180,卖盘
1758,11:13:31,6.37,0.01,76,48412,买盘
1759,11:13:33,6.37,0.0,189,120393,买盘
1760,11:13:37,6.36,-0.01,6,3816,卖盘
1761,11:13:40,6.37,0.01,93,59241,买盘
1762,11:13:42,6.38,0.01,13,8294,买盘
1763,11:13:51,6.38,0.0,29,18502,买盘
1764,11:13:57,6.38,0.0,21,13385,买盘
1765,11:14:00,6.38,0.0,27,17226,买盘
1766,11:14:04,6.38,0.0,20,12760,买盘
1767,11:14:09,6.38,0.0,35,22330,买盘
1768,11:14:15,6.38,0.0,2,1276,买盘
1769,11:14:18,6.38,0.0,5,3190,卖盘
1770,11:14:33,6.37,-0.01,350,223096,卖盘
1771,11:14:36,6.37,0.0,49,31213,买盘
1772,11:14:40,6.37,0.0,3,1911,买盘
1773,11:14:48,6.37,0.0,105,66885,买盘
1774,11:14:51,6.37,0.0,53,33761,买盘
1775,11:15:00,6.37,0.0,40,25480,买盘
1776,11:15:12,6.38,0.01,68,43384,买盘
1777,11:15:18,6.37,-0.01,86,54782,卖盘
1778,11:15:27,6.37,0.0,20,12740,卖盘
1779,11:15:30,6.38,0.01,18,11484,买盘
1780,11:15:33,6.37,-0.01,40,25480,卖盘
1781,11:15:37,6.37,0.0,10,6370,买盘
1782,11:15:40,6.39,0.02,200,127655,买盘
1783,11:15:48,6.39,0.0,91,58149,买盘
1784,11:15:51,6.37,-0.02,72,45930,卖盘
1785,11:15:54,6.37,0.0,34,21658,买盘
1786,11:15:57,6.37,0.0,204,129948,买盘
1787,11:16:00,6.36,-0.01,3,1904,卖盘
1788,11:16:10,6.37,0.01,97,61789,买盘
1789,11:16:13,6.37,0.0,59,37583,买盘
1790,11:16:19,6.37,0.0,233,148421,买盘
1791,11:16:24,6.36,-0.01,15,9540,卖盘
1792,11:16:27,6.37,0.01,16,10192,买盘
1793,11:16:55,6.38,0.01,6,3828,卖盘
1794,11:16:58,6.38,0.0,17,10846,卖盘
1795,11:17:00,6.38,0.0,12,7656,卖盘
1796,11:17:03,6.38,0.0,81,51751,卖盘
1797,11:17:13,6.38,0.0,2,1276,卖盘
1798,11:17:19,6.38,0.0,5,3190,买盘
1799,11:17:21,6.38,0.0,8,5104,卖盘
1800,11:17:25,6.39,0.01,3,1917,买盘
1801,11:17:33,6.39,0.0,10,6390,买盘
1802,11:17:39,6.39,0.0,2,1278,买盘
1803,11:17:48,6.39,0.0,180,115020,买盘
1804,11:17:51,6.39,0.0,15,9585,卖盘
1805,11:17:57,6.39,0.0,66,42174,卖盘
1806,11:18:00,6.39,0.0,1,639,卖盘
1807,11:18:05,6.4,0.01,26,16640,买盘
1808,11:18:07,6.39,-0.01,5,3195,卖盘
1809,11:18:15,6.4,0.01,308,197100,买盘
1810,11:18:18,6.39,-0.01,121,77319,卖盘
1811,11:18:21,6.39,0.0,109,69651,卖盘
1812,11:18:24,6.38,-0.01,20,12760,卖盘
1813,11:18:27,6.39,0.01,95,60705,买盘
1814,11:18:30,6.39,0.0,2,1278,买盘
1815,11:18:33,6.39,0.0,4,2556,买盘
1816,11:18:39,6.39,0.0,2,1278,买盘
1817,11:18:42,6.4,0.01,3,1920,买盘
1818,11:18:45,6.39,-0.01,19,12141,卖盘
1819,11:18:48,6.39,0.0,20,12780,卖盘
1820,11:18:51,6.39,0.0,5,3195,买盘
1821,11:18:57,6.38,-0.01,6,3828,卖盘
1822,11:19:04,6.39,0.01,100,63900,买盘
1823,11:19:09,6.39,0.0,10,6390,买盘
1824,11:19:16,6.38,-0.01,107,68266,卖盘
1825,11:19:21,6.39,0.01,166,106074,买盘
1826,11:19:24,6.38,-0.01,10,6380,卖盘
1827,11:19:27,6.38,0.0,1,638,卖盘
1828,11:19:33,6.39,0.01,47,30033,买盘
1829,11:19:36,6.39,0.0,48,30671,买盘
1830,11:19:51,6.39,0.0,67,42813,买盘
1831,11:19:54,6.39,0.0,45,28755,卖盘
1832,11:20:00,6.39,0.0,30,19170,买盘
1833,11:20:04,6.4,0.01,115,73582,买盘
1834,11:20:06,6.39,-0.01,35,22340,卖盘
1835,11:20:09,6.4,0.01,50,32000,买盘
1836,11:20:12,6.4,0.0,166,106240,买盘
1837,11:20:16,6.4,0.0,25,15980,买盘
1838,11:20:19,6.4,0.0,78,49920,买盘
1839,11:20:21,6.4,0.0,27,17280,买盘
1840,11:20:25,6.4,0.0,22,14080,卖盘
1841,11:20:28,6.41,0.01,34,21794,买盘
1842,11:20:30,6.41,0.0,20,12820,买盘
1843,11:20:33,6.41,0.0,106,67946,买盘
1844,11:20:37,6.42,0.01,86,55212,买盘
1845,11:20:42,6.42,0.0,52,33378,买盘
1846,11:20:45,6.42,0.0,53,34026,买盘
1847,11:20:51,6.43,0.01,334,214762,买盘
1848,11:20:54,6.43,0.0,200,128600,买盘
1849,11:20:57,6.43,0.0,31,19933,买盘
1850,11:21:00,6.43,0.0,150,96450,买盘
1851,11:21:04,6.44,0.01,26,16744,买盘
1852,11:21:10,6.44,0.0,52,33525,卖盘
1853,11:21:12,6.45,0.01,118,76064,买盘
1854,11:21:15,6.44,-0.01,20,12880,中性盘
1855,11:21:18,6.45,0.01,94,60588,买盘
1856,11:21:21,6.45,0.0,50,32250,买盘
1857,11:21:24,6.43,-0.02,143,91982,卖盘
1858,11:21:27,6.43,0.0,55,35365,买盘
1859,11:21:30,6.43,0.0,2,1286,买盘
1860,11:21:33,6.43,0.0,17,10931,买盘
1861,11:21:36,6.43,0.0,44,28262,买盘
1862,11:21:39,6.42,-0.01,92,59079,卖盘
1863,11:21:42,6.42,0.0,36,23118,卖盘
1864,11:21:45,6.42,0.0,67,43014,卖盘
1865,11:21:48,6.42,0.0,8,5136,卖盘
1866,11:21:51,6.41,-0.01,17,10900,卖盘
1867,11:22:00,6.41,0.0,19,12183,卖盘
1868,11:22:07,6.41,0.0,100,64105,卖盘
1869,11:22:12,6.42,0.01,160,102565,买盘
1870,11:22:15,6.42,0.0,60,38520,买盘
1871,11:22:18,6.41,-0.01,8,5128,卖盘
1872,11:22:24,6.41,0.0,5,3205,卖盘
1873,11:22:27,6.41,0.0,53,33976,卖盘
1874,11:22:30,6.42,0.01,200,128400,买盘
1875,11:22:33,6.42,0.0,70,44940,买盘
1876,11:22:42,6.41,-0.01,505,323748,卖盘
1877,11:22:48,6.41,0.0,61,39104,卖盘
1878,11:22:51,6.41,0.0,10,6410,买盘
1879,11:22:54,6.41,0.0,2,1282,买盘
1880,11:23:00,6.41,0.0,2,1282,买盘
1881,11:23:10,6.41,0.0,12,7692,卖盘
1882,11:23:18,6.41,0.0,11,7051,卖盘
1883,11:23:21,6.42,0.01,32,20523,买盘
1884,11:23:33,6.41,-0.01,1,641,卖盘
1885,11:23:40,6.41,0.0,8,5134,卖盘
1886,11:23:42,6.42,0.01,49,31458,买盘
1887,11:23:45,6.41,-0.01,103,66122,卖盘
1888,11:23:57,6.42,0.01,1,642,卖盘
1889,11:24:00,6.42,0.0,5,3210,卖盘
1890,11:24:04,6.42,0.0,45,28890,买盘
1891,11:24:12,6.43,0.01,4,2572,买盘
1892,11:24:15,6.42,-0.01,10,6420,卖盘
1893,11:24:21,6.42,0.0,25,16050,卖盘
1894,11:24:24,6.42,0.0,21,13482,卖盘
1895,11:24:28,6.42,0.0,10,6420,买盘
1896,11:24:31,6.41,-0.01,478,306398,卖盘
1897,11:24:36,6.43,0.02,184,118293,买盘
1898,11:24:40,6.43,0.0,15,9645,卖盘
1899,11:24:43,6.41,-0.02,37,23718,卖盘
1900,11:24:54,6.42,0.01,4,2568,卖盘
1901,11:24:58,6.41,-0.01,2,1282,卖盘
1902,11:25:00,6.42,0.01,3,1925,买盘
1903,11:25:16,6.42,0.0,18,11556,卖盘
1904,11:25:21,6.42,0.0,7,4494,买盘
1905,11:25:24,6.42,0.0,100,64198,买盘
1906,11:25:34,6.42,0.0,74,47499,买盘
1907,11:25:37,6.42,0.0,95,60990,买盘
1908,11:25:43,6.42,0.0,27,17344,卖盘
1909,11:25:46,6.42,0.0,5,3210,卖盘
1910,11:25:49,6.43,0.01,10,6430,买盘
1911,11:25:55,6.42,-0.01,3,1926,卖盘
1912,11:25:57,6.43,0.01,15,9640,买盘
1913,11:26:00,6.42,-0.01,100,64200,卖盘
1914,11:26:04,6.42,0.0,10,6420,卖盘
1915,11:26:06,6.42,0.0,31,19902,买盘
1916,11:26:09,6.42,0.0,1,642,买盘
1917,11:26:15,6.41,-0.01,17,10897,卖盘
1918,11:26:21,6.41,0.0,334,214094,卖盘
1919,11:26:33,6.4,-0.01,47,30122,卖盘
1920,11:26:42,6.4,0.0,48,30743,卖盘
1921,11:26:55,6.42,0.02,3,1926,买盘
1922,11:26:57,6.41,-0.01,26,16687,卖盘
1923,11:27:00,6.41,0.0,19,12179,卖盘
1924,11:27:09,6.41,0.0,47,30127,买盘
1925,11:27:13,6.4,-0.01,3,1920,卖盘
1926,11:27:18,6.41,0.01,35,22405,买盘
1927,11:27:21,6.4,-0.01,6,3840,卖盘
1928,11:27:27,6.4,0.0,240,153600,卖盘
1929,11:27:31,6.4,0.0,1,640,卖盘
1930,11:27:34,6.4,0.0,510,326968,卖盘
1931,11:27:49,6.42,0.02,69,44164,买盘
1932,11:27:54,6.41,-0.01,53,33973,买盘
1933,11:28:00,6.4,-0.01,118,75520,卖盘
1934,11:28:09,6.4,0.0,16,10250,卖盘
1935,11:28:15,6.41,0.01,27,17307,买盘
1936,11:28:18,6.4,-0.01,32,20506,卖盘
1937,11:28:24,6.41,0.01,1,641,买盘
1938,11:28:27,6.4,-0.01,2,1280,卖盘
1939,11:28:30,6.4,0.0,1,640,卖盘
1940,11:28:42,6.41,0.01,105,67210,买盘
1941,11:28:46,6.4,-0.01,1,640,卖盘
1942,11:28:48,6.41,0.01,70,44870,买盘
1943,11:28:55,6.4,-0.01,98,62754,卖盘
1944,11:28:58,6.4,0.0,7,4475,买盘
1945,11:29:00,6.4,0.0,5,3200,买盘
1946,11:29:04,6.41,0.01,1,641,买盘
1947,11:29:09,6.4,-0.01,36,23040,卖盘
1948,11:29:12,6.4,0.0,2,1280,买盘
1949,11:29:16,6.4,0.0,2,1280,买盘
1950,11:29:19,6.4,0.0,2,1280,买盘
1951,11:29:21,6.4,0.0,2,1280,买盘
1952,11:29:24,6.41,0.01,15,9615,买盘
1953,11:29:27,6.4,-0.01,13,8320,卖盘
1954,11:29:39,6.4,0.0,26,16640,卖盘
1955,11:29:42,6.4,0.0,15,9600,卖盘
1956,11:29:46,6.4,0.0,15,9600,买盘
1957,11:29:51,6.4,0.0,15,9600,买盘
1958,11:29:54,6.4,0.0,21,13440,买盘
1959,11:29:57,6.4,0.0,3,1920,买盘
1960,13:00:04,6.4,0.0,422,269892,买盘
1961,13:00:07,6.4,0.0,34,21760,卖盘
1962,13:00:10,6.4,0.0,78,49920,卖盘
1963,13:00:12,6.4,0.0,20,12800,卖盘
1964,13:00:15,6.4,0.0,110,70494,卖盘
1965,13:00:24,6.4,0.0,2,1280,买盘
1966,13:00:36,6.41,0.01,75,48075,买盘
1967,13:00:48,6.41,0.0,7,4487,买盘
1968,13:00:54,6.41,0.0,19,12179,买盘
1969,13:01:00,6.41,0.0,20,12820,卖盘
1970,13:01:04,6.41,0.0,5,3205,卖盘
1971,13:01:07,6.41,0.0,5,3205,卖盘
1972,13:01:13,6.41,0.0,25,16025,卖盘
1973,13:01:16,6.41,0.0,20,12820,卖盘
1974,13:01:21,6.41,0.0,20,12820,卖盘
1975,13:01:24,6.42,0.01,68,43618,买盘
1976,13:01:27,6.41,-0.01,2,1282,卖盘
1977,13:01:33,6.4,-0.01,48,30720,卖盘
1978,13:01:42,6.41,0.01,4,2564,买盘
1979,13:02:01,6.41,0.0,61,39101,买盘
1980,13:02:04,6.42,0.01,60,38520,买盘
1981,13:02:16,6.42,0.0,31,19902,买盘
1982,13:02:18,6.42,0.0,8,5136,买盘
1983,13:02:33,6.41,-0.01,3,1923,卖盘
1984,13:02:42,6.42,0.01,10,6420,买盘
1985,13:02:48,6.41,-0.01,5,3205,卖盘
1986,13:03:05,6.41,0.0,13,8333,卖盘
1987,13:03:07,6.42,0.01,69,44298,买盘
1988,13:03:09,6.41,-0.01,50,32050,卖盘
1989,13:03:12,6.41,0.0,17,10897,卖盘
1990,13:03:19,6.41,0.0,1,641,卖盘
1991,13:03:22,6.42,0.01,75,48131,买盘
1992,13:03:25,6.42,0.0,23,14766,卖盘
1993,13:03:27,6.42,0.0,1,642,卖盘
1994,13:03:36,6.42,0.0,29,18618,买盘
1995,13:03:42,6.42,0.0,94,60348,买盘
1996,13:03:51,6.4,-0.02,1,640,卖盘
1997,13:04:00,6.42,0.02,15,9630,买盘
1998,13:04:04,6.42,0.0,3,1926,卖盘
1999,13:04:07,6.42,0.0,182,116844,卖盘
2000,13:04:24,6.42,0.0,5,3210,买盘
2001,13:04:39,6.42,0.0,16,10272,买盘
2002,13:04:52,6.42,0.0,141,90505,买盘
2003,13:04:55,6.41,-0.01,20,12820,卖盘
2004,13:04:57,6.41,0.0,9,5769,卖盘
2005,13:05:00,6.42,0.01,21,13468,买盘
2006,13:05:06,6.41,-0.01,87,55767,卖盘
2007,13:05:09,6.41,0.0,5,3205,卖盘
2008,13:05:15,6.41,0.0,4,2564,买盘
2009,13:05:21,6.41,0.0,6,3846,买盘
2010,13:05:24,6.41,0.0,8,5128,买盘
2011,13:05:45,6.41,0.0,12,7692,买盘
2012,13:05:48,6.4,-0.01,9,5760,卖盘
2013,13:05:52,6.41,0.01,26,16666,买盘
2014,13:05:54,6.41,0.0,28,17948,卖盘
2015,13:06:06,6.42,0.01,1,642,买盘
2016,13:06:09,6.41,-0.01,2,1282,卖盘
2017,13:06:12,6.41,0.0,4,2564,卖盘
2018,13:06:21,6.42,0.01,42,26947,买盘
2019,13:06:30,6.42,0.0,94,60348,买盘
2020,13:06:33,6.41,-0.01,63,40383,卖盘
2021,13:06:36,6.41,0.0,137,87817,买盘
2022,13:06:45,6.41,0.0,15,9615,卖盘
2023,13:06:51,6.41,0.0,20,12820,卖盘
2024,13:06:54,6.41,0.0,4,2564,卖盘
2025,13:07:15,6.42,0.01,423,271718,买盘
2026,13:07:33,6.43,0.01,28,18001,买盘
2027,13:07:36,6.43,0.0,5,3215,卖盘
2028,13:07:39,6.44,0.01,16,10304,买盘
2029,13:07:46,6.43,-0.01,41,26363,卖盘
2030,13:07:57,6.43,0.0,9,5787,买盘
2031,13:08:06,6.43,0.0,27,17361,卖盘
2032,13:08:09,6.44,0.01,10,6440,买盘
2033,13:08:18,6.44,0.0,10,6440,买盘
2034,13:08:24,6.44,0.0,20,12880,买盘
2035,13:08:27,6.44,0.0,2,1288,买盘
2036,13:08:33,6.43,-0.01,10,6430,卖盘
2037,13:08:39,6.44,0.01,200,128800,买盘
2038,13:08:42,6.44,0.0,115,74060,买盘
2039,13:08:45,6.44,0.0,10,6440,卖盘
2040,13:08:48,6.45,0.01,164,105780,买盘
2041,13:08:57,6.44,-0.01,114,73430,卖盘
2042,13:09:03,6.44,0.0,20,12880,卖盘
2043,13:09:09,6.44,0.0,82,52808,卖盘
2044,13:09:12,6.44,0.0,8,5152,买盘
2045,13:09:21,6.45,0.01,92,59320,买盘
2046,13:09:27,6.44,-0.01,10,6440,卖盘
2047,13:09:30,6.45,0.01,45,29025,买盘
2048,13:09:45,6.45,0.0,13,8385,买盘
2049,13:09:51,6.45,0.0,140,90300,买盘
2050,13:10:09,6.45,0.0,93,59985,买盘
2051,13:10:12,6.45,0.0,104,67080,买盘
2052,13:10:15,6.45,0.0,42,27090,买盘
2053,13:10:18,6.45,0.0,116,74820,卖盘
2054,13:10:24,6.45,0.0,210,135440,买盘
2055,13:10:27,6.45,0.0,10,6450,买盘
2056,13:10:30,6.45,0.0,13,8376,买盘
2057,13:10:42,6.44,-0.01,62,39928,卖盘
2058,13:10:51,6.44,0.0,5,3220,买盘
2059,13:10:57,6.44,0.0,10,6440,卖盘
2060,13:11:00,6.44,0.0,36,23215,卖盘
2061,13:11:03,6.44,0.0,1,644,买盘
2062,13:11:12,6.44,0.0,202,130088,买盘
2063,13:11:18,6.44,0.0,25,16100,买盘
2064,13:11:21,6.43,-0.01,39,25106,卖盘
2065,13:11:24,6.44,0.01,100,64400,买盘
2066,13:11:27,6.44,0.0,211,135839,买盘
2067,13:11:30,6.44,0.0,34,21896,卖盘
2068,13:11:36,6.45,0.01,107,68920,买盘
2069,13:11:39,6.44,-0.01,50,32200,卖盘
2070,13:11:42,6.44,0.0,5,3220,卖盘
2071,13:11:48,6.45,0.01,92,59310,买盘
2072,13:11:51,6.45,0.0,150,96750,买盘
2073,13:11:57,6.45,0.0,69,44505,买盘
2074,13:12:04,6.45,0.0,100,64500,买盘
2075,13:12:07,6.45,0.0,90,57965,买盘
2076,13:12:09,6.45,0.0,48,30960,买盘
2077,13:12:15,6.45,0.0,21,13545,买盘
2078,13:12:18,6.45,0.0,57,36765,卖盘
2079,13:12:22,6.45,0.0,1,645,卖盘
2080,13:12:24,6.45,0.0,8,5160,卖盘
2081,13:12:30,6.45,0.0,1,645,卖盘
2082,13:12:40,6.45,0.0,99,63865,卖盘
2083,13:12:42,6.46,0.01,109,70405,买盘
2084,13:12:45,6.46,0.0,6,3876,买盘
2085,13:12:49,6.45,-0.01,21,13545,卖盘
2086,13:12:51,6.46,0.01,334,215518,买盘
2087,13:12:58,6.46,0.0,100,64590,买盘
2088,13:13:04,6.45,-0.01,56,36120,卖盘
2089,13:13:06,6.46,0.01,68,43918,买盘
2090,13:13:10,6.46,0.0,29,18734,卖盘
2091,13:13:15,6.46,0.0,64,41344,卖盘
2092,13:13:19,6.46,0.0,120,77620,卖盘
2093,13:13:21,6.46,0.0,13,8398,卖盘
2094,13:13:27,6.47,0.01,126,81446,买盘
2095,13:13:30,6.46,-0.01,6,3876,中性盘
2096,13:13:33,6.46,0.0,84,54264,买盘
2097,13:13:36,6.47,0.01,230,148622,买盘
2098,13:13:42,6.47,0.0,1,647,买盘
2099,13:13:48,6.47,0.0,13,8411,买盘
2100,13:13:51,6.46,-0.01,315,203590,卖盘
2101,13:13:54,6.46,0.0,28,18088,买盘
2102,13:13:58,6.47,0.01,53,34291,买盘
2103,13:14:00,6.46,-0.01,20,12920,卖盘
2104,13:14:04,6.47,0.01,125,80875,买盘
2105,13:14:07,6.46,-0.01,24,15504,卖盘
2106,13:14:15,6.46,0.0,50,32300,卖盘
2107,13:14:18,6.46,0.0,20,12920,卖盘
2108,13:14:21,6.46,0.0,12,7752,卖盘
2109,13:14:25,6.46,0.0,106,68579,卖盘
2110,13:14:27,6.46,0.0,48,31008,卖盘
2111,13:14:30,6.46,0.0,104,67192,买盘
2112,13:14:33,6.46,0.0,23,14858,买盘
2113,13:14:39,6.46,0.0,103,66518,买盘
2114,13:14:42,6.46,0.0,30,19380,买盘
2115,13:14:45,6.45,-0.01,16,10320,卖盘
2116,13:14:48,6.46,0.01,10,6460,买盘
2117,13:14:51,6.46,0.0,4,2584,买盘
2118,13:14:54,6.46,0.0,23,14858,买盘
2119,13:14:57,6.46,0.0,48,31003,买盘
2120,13:15:00,6.46,0.0,10,6460,买盘
2121,13:15:04,6.45,-0.01,23,14835,卖盘
2122,13:15:13,6.45,0.0,65,41925,卖盘
2123,13:15:18,6.45,0.0,28,18071,卖盘
2124,13:15:24,6.45,0.0,10,6450,卖盘
2125,13:15:27,6.45,0.0,12,7740,卖盘
2126,13:15:33,6.46,0.01,31,20007,买盘
2127,13:15:36,6.45,-0.01,100,64500,卖盘
2128,13:15:39,6.45,0.0,108,69665,卖盘
2129,13:15:42,6.45,0.0,21,13563,卖盘
2130,13:15:45,6.45,0.0,12,7740,卖盘
2131,13:15:48,6.45,0.0,138,89105,卖盘
2132,13:15:51,6.45,0.0,18,11610,卖盘
2133,13:15:54,6.45,0.0,112,72240,买盘
2134,13:15:57,6.46,0.01,30,19379,买盘
2135,13:16:00,6.45,-0.01,16,10320,卖盘
2136,13:16:04,6.45,0.0,18,11610,卖盘
2137,13:16:06,6.45,0.0,30,19350,卖盘
2138,13:16:15,6.44,-0.01,50,32200,卖盘
2139,13:16:18,6.45,0.01,24,15480,买盘
2140,13:16:21,6.45,0.0,44,28380,买盘
2141,13:16:24,6.45,0.0,9,5805,买盘
2142,13:16:30,6.45,0.0,21,13545,卖盘
2143,13:16:42,6.45,0.0,7,4515,卖盘
2144,13:16:45,6.45,0.0,22,14190,买盘
2145,13:16:48,6.45,0.0,1,645,买盘
2146,13:16:57,6.45,0.0,16,10320,买盘
2147,13:17:06,6.45,0.0,15,9675,买盘
2148,13:17:09,6.45,0.0,4,2580,买盘
2149,13:17:12,6.45,0.0,48,30960,买盘
2150,13:17:15,6.44,-0.01,33,21255,卖盘
2151,13:17:18,6.45,0.01,5,3225,买盘
2152,13:17:24,6.45,0.0,5,3225,卖盘
2153,13:17:42,6.45,0.0,3,1935,卖盘
2154,13:17:48,6.45,0.0,50,32250,卖盘
2155,13:17:51,6.45,0.0,12,7740,卖盘
2156,13:17:54,6.46,0.01,65,41974,买盘
2157,13:17:57,6.46,0.0,1,646,买盘
2158,13:18:00,6.46,0.0,20,12920,买盘
2159,13:18:03,6.46,0.0,80,51680,买盘
2160,13:18:21,6.46,0.0,8,5168,买盘
2161,13:18:24,6.46,0.0,35,22610,买盘
2162,13:18:27,6.46,0.0,41,26486,买盘
2163,13:18:45,6.46,0.0,100,64600,卖盘
2164,13:18:54,6.46,0.0,10,6460,卖盘
2165,13:18:57,6.46,0.0,6,3876,卖盘
2166,13:19:06,6.46,0.0,1,646,买盘
2167,13:19:12,6.46,0.0,20,12920,买盘
2168,13:19:24,6.45,-0.01,132,85140,卖盘
2169,13:19:30,6.46,0.01,2,1292,买盘
2170,13:19:36,6.45,-0.01,500,322500,卖盘
2171,13:19:39,6.45,0.0,1,645,卖盘
2172,13:19:42,6.45,0.0,3,1935,卖盘
2173,13:19:57,6.46,0.01,22,14188,买盘
2174,13:20:00,6.45,-0.01,12,7740,中性盘
2175,13:20:09,6.45,0.0,1,645,卖盘
2176,13:20:12,6.45,0.0,55,35475,卖盘
2177,13:20:18,6.45,0.0,5,3225,卖盘
2178,13:20:24,6.45,0.0,6,3870,卖盘
2179,13:20:30,6.45,0.0,26,16770,卖盘
2180,13:20:36,6.45,0.0,4,2580,卖盘
2181,13:20:39,6.45,0.0,50,32250,卖盘
2182,13:20:42,6.46,0.01,1,646,买盘
2183,13:20:45,6.45,-0.01,4,2580,卖盘
2184,13:20:52,6.45,0.0,9,5805,卖盘
2185,13:20:54,6.45,0.0,50,32250,卖盘
2186,13:20:57,6.45,0.0,10,6450,卖盘
2187,13:21:04,6.45,0.0,20,12900,卖盘
2188,13:21:07,6.45,0.0,78,50310,卖盘
2189,13:21:15,6.45,0.0,13,8385,卖盘
2190,13:21:18,6.45,0.0,2,1290,卖盘
2191,13:21:22,6.46,0.01,21,13546,买盘
2192,13:21:25,6.45,-0.01,24,15481,卖盘
2193,13:21:31,6.45,0.0,11,7095,卖盘
2194,13:21:37,6.45,0.0,48,30960,卖盘
2195,13:22:04,6.45,0.0,1,645,买盘
2196,13:22:06,6.45,0.0,81,52245,买盘
2197,13:22:09,6.45,0.0,20,12900,买盘
2198,13:22:18,6.45,0.0,23,14825,买盘
2199,13:22:21,6.45,0.0,246,158670,卖盘
2200,13:22:39,6.45,0.0,5,3225,卖盘
2201,13:22:48,6.45,0.0,5,3225,卖盘
2202,13:23:00,6.45,0.0,8,5160,卖盘
2203,13:23:13,6.46,0.01,1,646,买盘
2204,13:23:15,6.45,-0.01,340,219300,卖盘
2205,13:23:28,6.45,0.0,17,10965,卖盘
2206,13:23:36,6.44,-0.01,2,1288,卖盘
2207,13:23:45,6.45,0.01,74,47730,买盘
2208,13:23:48,6.45,0.0,3,1935,卖盘
2209,13:23:57,6.45,0.0,8,5160,卖盘
2210,13:24:03,6.45,0.0,16,10321,卖盘
2211,13:24:06,6.45,0.0,59,38066,卖盘
2212,13:24:15,6.45,0.0,2,1290,卖盘
2213,13:24:18,6.45,0.0,28,18060,卖盘
2214,13:24:21,6.45,0.0,240,154800,卖盘
2215,13:24:24,6.45,0.0,1,645,买盘
2216,13:24:36,6.45,0.0,12,7738,买盘
2217,13:24:43,6.45,0.0,8,5160,买盘
2218,13:24:46,6.44,-0.01,31,19965,卖盘
2219,13:25:07,6.44,0.0,2,1288,卖盘
2220,13:25:09,6.44,0.0,20,12880,卖盘
2221,13:25:13,6.44,0.0,5,3220,卖盘
2222,13:25:25,6.45,0.01,2,1290,买盘
2223,13:25:28,6.45,0.0,1,645,买盘
2224,13:25:33,6.45,0.0,402,259288,买盘
2225,13:25:36,6.44,-0.01,6,3864,卖盘
2226,13:25:39,6.44,0.0,3,1932,卖盘
2227,13:25:45,6.44,0.0,2,1288,卖盘
2228,13:25:48,6.44,0.0,31,19964,卖盘
2229,13:25:51,6.45,0.01,1,645,买盘
2230,13:25:54,6.45,0.0,1,645,买盘
2231,13:25:57,6.44,-0.01,30,19320,卖盘
2232,13:26:00,6.45,0.01,84,54180,买盘
2233,13:26:06,6.44,-0.01,2,1288,卖盘
2234,13:26:09,6.44,0.0,25,16100,卖盘
2235,13:26:15,6.44,0.0,17,10948,卖盘
2236,13:26:21,6.44,0.0,1,644,卖盘
2237,13:26:34,6.45,0.01,1,645,买盘
2238,13:26:36,6.45,0.0,29,18703,买盘
2239,13:26:42,6.45,0.0,19,12255,买盘
2240,13:26:45,6.45,0.0,115,74150,买盘
2241,13:26:54,6.45,0.0,31,19995,卖盘
2242,13:26:57,6.45,0.0,14,9030,卖盘
2243,13:27:06,6.45,0.0,2,1290,卖盘
2244,13:27:12,6.46,0.01,24,15504,买盘
2245,13:27:21,6.46,0.0,82,52972,买盘
2246,13:27:24,6.46,0.0,22,14212,买盘
2247,13:27:30,6.46,0.0,100,64600,买盘
2248,13:27:37,6.45,-0.01,52,33540,卖盘
2249,13:27:39,6.46,0.01,1,646,买盘
2250,13:27:42,6.46,0.0,22,14212,买盘
2251,13:27:48,6.46,0.0,32,20672,买盘
2252,13:27:54,6.46,0.0,26,16796,买盘
2253,13:28:00,6.46,0.0,103,66538,买盘
2254,13:28:04,6.45,-0.01,331,213519,卖盘
2255,13:28:06,6.45,0.0,68,43858,买盘
2256,13:28:10,6.45,0.0,24,15480,买盘
2257,13:28:13,6.45,0.0,1,645,买盘
2258,13:28:16,6.45,0.0,11,7095,买盘
2259,13:28:19,6.45,0.0,9,5805,买盘
2260,13:28:22,6.45,0.0,15,9675,买盘
2261,13:28:33,6.45,0.0,3,1935,卖盘
2262,13:28:36,6.46,0.01,61,39400,买盘
2263,13:28:39,6.45,-0.01,10,6450,卖盘
2264,13:28:43,6.45,0.0,29,18705,卖盘
2265,13:28:46,6.46,0.01,1,646,买盘
2266,13:28:51,6.46,0.0,3,1938,买盘
2267,13:28:57,6.46,0.0,2,1292,买盘
2268,13:29:06,6.45,-0.01,25,16148,卖盘
2269,13:29:09,6.46,0.01,53,34204,买盘
2270,13:29:13,6.46,0.0,34,21964,买盘
2271,13:29:16,6.45,-0.01,25,16125,卖盘
2272,13:29:19,6.45,0.0,203,130940,卖盘
2273,13:29:31,6.45,0.0,46,29670,卖盘
2274,13:29:33,6.45,0.0,10,6450,买盘
2275,13:29:36,6.44,-0.01,3,1932,卖盘
2276,13:29:40,6.45,0.01,135,87075,买盘
2277,13:29:42,6.44,-0.01,16,10304,卖盘
2278,13:29:45,6.44,0.0,193,124292,卖盘
2279,13:29:48,6.45,0.01,46,29670,买盘
2280,13:29:51,6.44,-0.01,38,24480,卖盘
2281,13:29:54,6.44,0.0,34,21924,卖盘
2282,13:30:04,6.45,0.01,20,12900,买盘
2283,13:30:07,6.44,-0.01,30,19344,卖盘
2284,13:30:09,6.44,0.0,82,52809,卖盘
2285,13:30:15,6.43,-0.01,1,643,卖盘
2286,13:30:18,6.43,0.0,20,12860,卖盘
2287,13:30:21,6.44,0.01,3,1932,买盘
2288,13:30:27,6.44,0.0,26,16744,买盘
2289,13:30:31,6.44,0.0,35,22540,买盘
2290,13:30:36,6.44,0.0,70,45080,卖盘
2291,13:30:39,6.45,0.01,162,104470,买盘
2292,13:30:42,6.45,0.0,31,19995,卖盘
2293,13:30:45,6.46,0.01,280,180835,买盘
2294,13:30:48,6.45,-0.01,98,63348,卖盘
2295,13:31:06,6.45,0.0,15,9675,卖盘
2296,13:31:12,6.45,0.0,10,6450,卖盘
2297,13:31:15,6.45,0.0,12,7740,卖盘
2298,13:31:22,6.45,0.0,10,6450,卖盘
2299,13:31:30,6.46,0.01,1,646,买盘
2300,13:31:33,6.46,0.0,1,646,买盘
2301,13:31:37,6.45,-0.01,2,1290,卖盘
2302,13:31:40,6.45,0.0,40,25830,卖盘
2303,13:31:51,6.45,0.0,4,2580,卖盘
2304,13:31:57,6.45,0.0,105,67725,卖盘
2305,13:32:04,6.45,0.0,21,13563,卖盘
2306,13:32:07,6.46,0.01,130,83978,买盘
2307,13:32:12,6.46,0.0,9,5814,卖盘
2308,13:32:18,6.46,0.0,5,3230,卖盘
2309,13:32:21,6.46,0.0,24,15504,卖盘
2310,13:32:27,6.45,-0.01,88,56836,卖盘
2311,13:32:33,6.46,0.01,24,15504,买盘
2312,13:32:36,6.45,-0.01,8,5160,卖盘
2313,13:32:45,6.45,0.0,16,10320,卖盘
2314,13:32:48,6.46,0.01,19,12274,买盘
2315,13:32:54,6.45,-0.01,14,9030,卖盘
2316,13:33:03,6.45,0.0,12,7741,卖盘
2317,13:33:06,6.45,0.0,87,56115,卖盘
2318,13:33:12,6.46,0.01,44,28393,买盘
2319,13:33:15,6.46,0.0,7,4522,买盘
2320,13:33:21,6.45,-0.01,110,70950,卖盘
2321,13:33:27,6.45,0.0,10,6450,卖盘
2322,13:33:30,6.46,0.01,1,646,买盘
2323,13:33:37,6.45,-0.01,9,5805,卖盘
2324,13:33:43,6.45,0.0,27,17421,卖盘
2325,13:33:57,6.45,0.0,3,1935,卖盘
2326,13:34:07,6.45,0.0,2,1290,卖盘
2327,13:34:18,6.45,0.0,38,24510,卖盘
2328,13:34:24,6.45,0.0,16,10320,卖盘
2329,13:34:27,6.45,0.0,15,9675,卖盘
2330,13:34:34,6.45,0.0,70,45150,卖盘
2331,13:34:36,6.45,0.0,2,1290,卖盘
2332,13:34:39,6.45,0.0,17,10965,卖盘
2333,13:34:42,6.45,0.0,1,645,买盘
2334,13:34:46,6.44,-0.01,14,9016,卖盘
2335,13:34:49,6.44,0.0,17,10948,卖盘
2336,13:34:58,6.44,0.0,2,1288,卖盘
2337,13:35:01,6.45,0.01,13,8377,买盘
2338,13:35:07,6.44,-0.01,3,1932,卖盘
2339,13:35:10,6.45,0.01,1,645,买盘
2340,13:35:16,6.44,-0.01,5,3220,卖盘
2341,13:35:18,6.44,0.0,150,96600,卖盘
2342,13:35:25,6.44,0.0,20,12880,卖盘
2343,13:35:37,6.44,0.0,6,3864,卖盘
2344,13:35:39,6.44,0.0,126,81146,卖盘
2345,13:35:46,6.43,-0.01,11,7073,卖盘
2346,13:35:48,6.44,0.01,1,644,买盘
2347,13:35:51,6.43,-0.01,151,97105,卖盘
2348,13:35:54,6.43,0.0,58,37294,卖盘
2349,13:35:57,6.42,-0.01,357,229194,卖盘
2350,13:36:00,6.42,0.0,96,61680,卖盘
2351,13:36:04,6.41,-0.01,140,89817,卖盘
2352,13:36:07,6.41,0.0,3,1924,卖盘
2353,13:36:10,6.41,0.0,390,249990,卖盘
2354,13:36:12,6.41,0.0,11,7051,买盘
2355,13:36:19,6.4,-0.01,73,46720,卖盘
2356,13:36:27,6.4,0.0,24,15360,卖盘
2357,13:36:33,6.4,0.0,206,131840,卖盘
2358,13:36:36,6.4,0.0,40,25600,卖盘
2359,13:36:39,6.4,0.0,157,100480,卖盘
2360,13:36:42,6.4,0.0,92,58806,买盘
2361,13:36:48,6.41,0.01,241,154308,买盘
2362,13:36:51,6.4,-0.01,30,19180,中性盘
2363,13:36:54,6.4,0.0,20,12800,卖盘
2364,13:36:57,6.4,0.0,103,65920,卖盘
2365,13:37:03,6.4,0.0,1,640,买盘
2366,13:37:06,6.4,0.0,2,1280,卖盘
2367,13:37:12,6.4,0.0,8,5120,卖盘
2368,13:37:16,6.4,0.0,69,44165,卖盘
2369,13:37:18,6.41,0.01,10,6410,买盘
2370,13:37:21,6.4,-0.01,53,33920,卖盘
2371,13:37:27,6.4,0.0,30,19200,卖盘
2372,13:37:31,6.41,0.01,7,4487,买盘
2373,13:37:33,6.4,-0.01,19,12160,卖盘
2374,13:37:36,6.4,0.0,7,4481,卖盘
2375,13:37:42,6.41,0.01,114,73074,买盘
2376,13:37:45,6.41,0.0,44,28204,买盘
2377,13:37:48,6.42,0.01,37,23754,买盘
2378,13:37:52,6.43,0.01,14,9002,买盘
2379,13:37:57,6.43,0.0,4,2572,卖盘
2380,13:38:00,6.43,0.0,20,12860,买盘
2381,13:38:03,6.43,0.0,1,643,买盘
2382,13:38:07,6.43,0.0,26,16716,买盘
2383,13:38:12,6.43,0.0,11,7073,买盘
2384,13:38:15,6.42,-0.01,2,1284,卖盘
2385,13:38:21,6.42,0.0,74,47508,卖盘
2386,13:38:24,6.42,0.0,14,8988,卖盘
2387,13:38:33,6.42,0.0,1,642,买盘
2388,13:38:37,6.41,-0.01,12,7692,卖盘
2389,13:38:42,6.41,0.0,40,25640,卖盘
2390,13:38:54,6.42,0.01,17,10903,买盘
2391,13:38:57,6.42,0.0,3,1926,卖盘
2392,13:39:00,6.42,0.0,5,3210,卖盘
2393,13:39:06,6.42,0.0,14,8988,卖盘
2394,13:39:09,6.42,0.0,48,30816,卖盘
2395,13:39:27,6.42,0.0,101,64842,买盘
2396,13:39:30,6.41,-0.01,63,40383,卖盘
2397,13:39:37,6.41,0.0,7,4492,卖盘
2398,13:39:39,6.42,0.01,5,3210,买盘
2399,13:39:45,6.41,-0.01,55,35295,卖盘
2400,13:40:01,6.41,0.0,30,19230,卖盘
2401,13:40:06,6.41,0.0,2,1282,卖盘
2402,13:40:36,6.41,0.0,4,2565,卖盘
2403,13:40:51,6.41,0.0,8,5128,卖盘
2404,13:40:54,6.41,0.0,5,3205,卖盘
2405,13:41:00,6.41,0.0,20,12820,卖盘
2406,13:41:06,6.41,0.0,9,5769,卖盘
2407,13:41:12,6.39,-0.02,449,287021,卖盘
2408,13:41:15,6.39,0.0,38,24282,买盘
2409,13:41:18,6.39,0.0,13,8307,买盘
2410,13:41:24,6.4,0.01,6,3835,买盘
2411,13:41:27,6.39,-0.01,10,6390,卖盘
2412,13:41:31,6.39,0.0,17,10863,卖盘
2413,13:41:36,6.38,-0.01,216,137852,卖盘
2414,13:41:45,6.39,0.01,103,65749,卖盘
2415,13:41:48,6.39,0.0,5,3195,买盘
2416,13:41:51,6.39,0.0,5,3195,卖盘
2417,13:41:54,6.39,0.0,5,3195,买盘
2418,13:41:57,6.39,0.0,62,39618,卖盘
2419,13:42:00,6.38,-0.01,80,51116,卖盘
2420,13:42:04,6.39,0.01,10,6390,中性盘
2421,13:42:06,6.38,-0.01,104,66383,卖盘
2422,13:42:10,6.37,-0.01,55,35035,卖盘
2423,13:42:12,6.36,-0.01,72,45792,卖盘
2424,13:42:15,6.37,0.01,117,74426,买盘
2425,13:42:18,6.36,-0.01,7,4452,卖盘
2426,13:42:21,6.36,0.0,218,138648,卖盘
2427,13:42:27,6.37,0.01,69,43911,买盘
2428,13:42:31,6.37,0.0,113,71878,买盘
2429,13:42:37,6.37,0.0,47,29939,卖盘
2430,13:42:45,6.35,-0.02,548,348160,卖盘
2431,13:42:48,6.35,0.0,1,635,买盘
2432,13:42:57,6.34,-0.01,2,1268,卖盘
2433,13:43:00,6.34,0.0,7,4438,卖盘
2434,13:43:03,6.34,0.0,10,6340,卖盘
2435,13:43:06,6.34,0.0,86,54575,卖盘
2436,13:43:09,6.34,0.0,65,41255,卖盘
2437,13:43:13,6.34,0.0,329,208735,卖盘
2438,13:43:16,6.34,0.0,178,113064,卖盘
2439,13:43:18,6.34,0.0,123,77976,买盘
2440,13:43:24,6.38,0.04,124,78911,买盘
2441,13:43:27,6.38,0.0,29,18502,卖盘
2442,13:43:30,6.38,0.0,4,2552,卖盘
2443,13:43:33,6.38,0.0,11,7019,卖盘
2444,13:43:36,6.39,0.01,14,8944,买盘
2445,13:43:40,6.38,-0.01,13,8294,卖盘
2446,13:43:49,6.39,0.01,50,31950,买盘
2447,13:43:55,6.39,0.0,58,37062,卖盘
2448,13:43:57,6.38,-0.01,37,23606,卖盘
2449,13:44:00,6.38,0.0,17,10846,卖盘
2450,13:44:04,6.38,0.0,38,24244,买盘
2451,13:44:06,6.36,-0.02,95,60506,卖盘
2452,13:44:09,6.36,0.0,42,26712,卖盘
2453,13:44:16,6.36,0.0,12,7632,买盘
2454,13:44:18,6.36,0.0,7,4452,买盘
2455,13:44:21,6.36,0.0,96,61004,买盘
2456,13:44:24,6.36,0.0,2,1272,卖盘
2457,13:44:27,6.37,0.01,2,1273,买盘
2458,13:44:30,6.37,0.0,60,38175,买盘
2459,13:44:36,6.36,-0.01,17,10827,卖盘
2460,13:44:39,6.36,0.0,3,1908,卖盘
2461,13:44:42,6.37,0.01,61,38809,买盘
2462,13:44:45,6.36,-0.01,105,66864,卖盘
2463,13:44:48,6.37,0.01,42,26754,买盘
2464,13:44:51,6.37,0.0,119,75803,买盘
2465,13:44:57,6.37,0.0,17,10829,买盘
2466,13:45:00,6.37,0.0,34,21658,卖盘
2467,13:45:04,6.36,-0.01,110,70032,卖盘
2468,13:45:06,6.36,0.0,33,20988,买盘
2469,13:45:13,6.35,-0.01,190,120779,卖盘
2470,13:45:16,6.38,0.03,1,638,买盘
2471,13:45:22,6.35,-0.03,3,1905,卖盘
2472,13:45:30,6.38,0.03,37,23606,买盘
2473,13:45:33,6.38,0.0,24,15312,卖盘
2474,13:45:36,6.38,0.0,2,1276,卖盘
2475,13:45:39,6.38,0.0,68,43384,卖盘
2476,13:45:46,6.38,0.0,5,3190,买盘
2477,13:45:49,6.38,0.0,24,15312,买盘
2478,13:45:51,6.37,-0.01,5,3185,中性盘
2479,13:46:00,6.38,0.01,55,35090,买盘
2480,13:46:04,6.38,0.0,63,40194,买盘
2481,13:46:07,6.38,0.0,60,38269,买盘
2482,13:46:18,6.38,0.0,1,638,买盘
2483,13:46:25,6.37,-0.01,10,6370,卖盘
2484,13:46:28,6.38,0.01,6,3828,买盘
2485,13:46:30,6.38,0.0,19,12122,买盘
2486,13:46:36,6.37,-0.01,118,75279,卖盘
2487,13:46:43,6.37,0.0,68,43316,卖盘
2488,13:46:45,6.37,0.0,61,38857,买盘
2489,13:46:51,6.38,0.01,39,24852,买盘
2490,13:46:57,6.37,-0.01,23,14654,卖盘
2491,13:47:06,6.37,0.0,5,3185,卖盘
2492,13:47:10,6.37,0.0,24,15288,卖盘
2493,13:47:13,6.37,0.0,21,13377,买盘
2494,13:47:16,6.37,0.0,67,42679,中性盘
2495,13:47:18,6.38,0.01,20,12760,买盘
2496,13:47:27,6.38,0.0,83,52954,买盘
2497,13:47:30,6.38,0.0,12,7655,买盘
2498,13:47:33,6.38,0.0,65,41470,买盘
2499,13:47:36,6.37,-0.01,3,1912,卖盘
2500,13:47:46,6.38,0.01,10,6380,买盘
2501,13:47:49,6.37,-0.01,50,31850,卖盘
2502,13:47:51,6.38,0.01,1,638,买盘
2503,13:47:54,6.38,0.0,33,21054,买盘
2504,13:47:58,6.38,0.0,5,3190,卖盘
2505,13:48:00,6.39,0.01,171,109168,买盘
2506,13:48:03,6.38,-0.01,19,12140,卖盘
2507,13:48:06,6.38,0.0,2,1276,卖盘
2508,13:48:09,6.38,0.0,37,23606,卖盘
2509,13:48:15,6.39,0.01,20,12780,买盘
2510,13:48:36,6.38,-0.01,2,1276,卖盘
2511,13:48:51,6.39,0.01,6,3834,买盘
2512,13:48:54,6.39,0.0,55,35140,买盘
2513,13:49:04,6.38,-0.01,10,6380,卖盘
2514,13:49:06,6.38,0.0,3,1915,卖盘
2515,13:49:12,6.39,0.01,29,18531,买盘
2516,13:49:19,6.39,0.0,33,21087,买盘
2517,13:49:27,6.4,0.01,62,39680,买盘
2518,13:49:36,6.39,-0.01,2,1278,卖盘
2519,13:49:49,6.4,0.01,40,25600,买盘
2520,13:49:51,6.38,-0.02,365,232910,卖盘
2521,13:49:55,6.38,0.0,32,20416,买盘
2522,13:50:03,6.38,0.0,449,286462,买盘
2523,13:50:06,6.38,0.0,2,1276,卖盘
2524,13:50:10,6.39,0.01,1,639,买盘
2525,13:50:18,6.39,0.0,19,12141,买盘
2526,13:50:24,6.39,0.0,1,639,卖盘
2527,13:50:33,6.4,0.01,21,13440,买盘
2528,13:50:36,6.39,-0.01,39,24921,卖盘
2529,13:50:39,6.4,0.01,31,19840,买盘
2530,13:50:42,6.39,-0.01,20,12780,卖盘
2531,13:50:46,6.4,0.01,10,6400,买盘
2532,13:50:51,6.4,0.0,69,44160,买盘
2533,13:50:54,6.4,0.0,1,640,卖盘
2534,13:51:01,6.4,0.0,8,5120,卖盘
2535,13:51:04,6.4,0.0,32,20480,买盘
2536,13:51:07,6.41,0.01,114,73072,买盘
2537,13:51:18,6.42,0.01,5,3210,买盘
2538,13:51:21,6.43,0.01,262,168491,买盘
2539,13:51:28,6.43,0.0,9,5787,卖盘
2540,13:51:30,6.44,0.01,1,644,买盘
2541,13:51:33,6.43,-0.01,45,28935,卖盘
2542,13:51:36,6.44,0.01,24,15436,买盘
2543,13:51:39,6.43,-0.01,3,1929,买盘
2544,13:51:43,6.43,0.0,50,32150,买盘
2545,13:51:52,6.43,0.0,15,9645,买盘
2546,13:51:54,6.42,-0.01,19,12198,卖盘
2547,13:52:06,6.42,0.0,13,8344,买盘
2548,13:52:09,6.41,-0.01,91,58350,卖盘
2549,13:52:24,6.41,0.0,4,2564,卖盘
2550,13:52:27,6.41,0.0,5,3205,卖盘
2551,13:52:37,6.41,0.0,2,1282,卖盘
2552,13:52:42,6.42,0.01,16,10272,买盘
2553,13:52:54,6.42,0.0,5,3210,卖盘
2554,13:53:04,6.42,0.0,2,1284,卖盘
2555,13:53:06,6.42,0.0,26,16690,买盘
2556,13:53:09,6.43,0.01,5,3211,买盘
2557,13:53:15,6.42,-0.01,35,22470,卖盘
2558,13:53:19,6.42,0.0,13,8346,买盘
2559,13:53:24,6.42,0.0,22,14124,买盘
2560,13:53:36,6.41,-0.01,2,1282,卖盘
2561,13:53:39,6.42,0.01,1,642,买盘
2562,13:53:52,6.41,-0.01,1,641,卖盘
2563,13:54:04,6.41,0.0,1,641,卖盘
2564,13:54:07,6.41,0.0,55,35255,卖盘
2565,13:54:18,6.4,-0.01,30,19200,卖盘
2566,13:54:24,6.4,0.0,25,16000,卖盘
2567,13:54:31,6.4,0.0,1,640,卖盘
2568,13:54:48,6.4,0.0,11,7040,卖盘
2569,13:54:51,6.4,0.0,8,5120,卖盘
2570,13:55:00,6.4,0.0,1,640,买盘
2571,13:55:12,6.39,-0.01,21,13433,卖盘
2572,13:55:36,6.4,0.01,50,32000,买盘
2573,13:55:48,6.4,0.0,11,7040,买盘
2574,13:56:00,6.39,-0.01,15,9585,卖盘
2575,13:56:21,6.4,0.01,1,640,买盘
2576,13:56:24,6.4,0.0,41,26240,买盘
2577,13:56:30,6.39,-0.01,3,1919,卖盘
2578,13:56:36,6.39,0.0,13,8307,卖盘
2579,13:56:39,6.39,0.0,20,12780,卖盘
2580,13:56:48,6.39,0.0,100,63900,卖盘
2581,13:56:51,6.39,0.0,33,21087,卖盘
2582,13:56:57,6.39,0.0,6,3834,卖盘
2583,13:57:06,6.39,0.0,45,28755,卖盘
2584,13:57:09,6.4,0.01,151,96555,买盘
2585,13:57:16,6.39,-0.01,46,29394,卖盘
2586,13:57:21,6.4,0.01,1,640,买盘
2587,13:57:24,6.39,-0.01,200,127800,卖盘
2588,13:57:27,6.4,0.01,4,2560,买盘
2589,13:57:30,6.4,0.0,47,30080,买盘
2590,13:57:33,6.39,-0.01,1,639,卖盘
2591,13:57:36,6.39,0.0,44,28116,卖盘
2592,13:57:42,6.39,0.0,30,19170,卖盘
2593,13:58:04,6.39,0.0,2,1278,卖盘
2594,13:58:09,6.39,0.0,12,7668,卖盘
2595,13:58:12,6.4,0.01,23,14720,买盘
2596,13:58:15,6.4,0.0,70,44800,买盘
2597,13:58:21,6.4,0.0,1,640,买盘
2598,13:58:27,6.4,0.0,134,85760,买盘
2599,13:58:43,6.4,0.0,6,3840,卖盘
2600,13:58:46,6.41,0.01,3,1923,买盘
2601,13:58:52,6.4,-0.01,21,13440,卖盘
2602,13:58:54,6.41,0.01,24,15384,买盘
2603,13:58:57,6.41,0.0,6,3846,买盘
2604,13:59:00,6.41,0.0,139,89090,买盘
2605,13:59:05,6.4,-0.01,50,32000,卖盘
2606,13:59:06,6.41,0.01,50,32039,买盘
2607,13:59:12,6.4,-0.01,9,5760,卖盘
2608,13:59:15,6.4,0.0,10,6400,买盘
2609,13:59:22,6.41,0.01,10,6410,卖盘
2610,13:59:25,6.4,-0.01,61,39067,卖盘
2611,13:59:27,6.4,0.0,29,18560,买盘
2612,13:59:36,6.4,0.0,2,1280,买盘
2613,13:59:42,6.39,-0.01,157,100471,卖盘
2614,13:59:48,6.39,0.0,1,639,卖盘
2615,13:59:51,6.4,0.01,406,259840,买盘
2616,13:59:58,6.41,0.01,27,17307,卖盘
2617,14:00:00,6.41,0.0,15,9615,卖盘
2618,14:00:09,6.41,0.0,20,12820,卖盘
2619,14:00:12,6.41,0.0,120,77027,卖盘
2620,14:00:15,6.41,0.0,1,641,卖盘
2621,14:00:21,6.41,0.0,27,17335,卖盘
2622,14:00:24,6.41,0.0,20,12820,卖盘
2623,14:00:36,6.41,0.0,39,24999,卖盘
2624,14:00:39,6.41,0.0,4,2564,卖盘
2625,14:00:48,6.42,0.01,2,1284,买盘
2626,14:00:51,6.42,0.0,14,8988,买盘
2627,14:00:57,6.42,0.0,14,8988,买盘
2628,14:01:01,6.42,0.0,2,1284,卖盘
2629,14:01:04,6.42,0.0,57,36594,卖盘
2630,14:01:06,6.43,0.01,67,43022,买盘
2631,14:01:09,6.42,-0.01,6,3852,卖盘
2632,14:01:18,6.42,0.0,27,17334,买盘
2633,14:01:24,6.41,-0.01,103,66084,卖盘
2634,14:01:39,6.41,0.0,18,11538,卖盘
2635,14:01:45,6.42,0.01,14,8988,买盘
2636,14:01:51,6.42,0.0,16,10272,买盘
2637,14:01:57,6.42,0.0,5,3210,卖盘
2638,14:02:00,6.42,0.0,36,23112,卖盘
2639,14:02:09,6.42,0.0,23,14766,买盘
2640,14:02:15,6.41,-0.01,68,43588,卖盘
2641,14:02:21,6.42,0.01,76,48722,买盘
2642,14:02:31,6.42,0.0,2,1284,买盘
2643,14:02:33,6.41,-0.01,36,23076,卖盘
2644,14:02:39,6.41,0.0,20,12820,买盘
2645,14:03:00,6.4,-0.01,28,17920,卖盘
2646,14:03:06,6.39,-0.01,615,393423,卖盘
2647,14:03:09,6.41,0.02,117,74917,买盘
2648,14:03:15,6.4,-0.01,13,8320,卖盘
2649,14:03:19,6.4,0.0,66,42240,卖盘
2650,14:03:21,6.4,0.0,33,21120,买盘
2651,14:03:40,6.39,-0.01,61,39032,卖盘
2652,14:03:43,6.39,0.0,7,4473,卖盘
2653,14:03:54,6.39,0.0,25,15981,卖盘
2654,14:03:57,6.39,0.0,3,1917,卖盘
2655,14:04:00,6.39,0.0,140,89460,卖盘
2656,14:04:04,6.39,0.0,25,15975,卖盘
2657,14:04:12,6.4,0.01,52,33280,买盘
2658,14:04:16,6.39,-0.01,70,44791,卖盘
2659,14:04:24,6.4,0.01,28,17920,卖盘
2660,14:04:30,6.4,0.0,13,8320,卖盘
2661,14:04:40,6.4,0.0,12,7680,买盘
2662,14:04:46,6.4,0.0,12,7680,卖盘
2663,14:04:51,6.4,0.0,20,12800,买盘
2664,14:04:57,6.4,0.0,1,640,买盘
2665,14:05:01,6.4,0.0,32,20460,买盘
2666,14:05:06,6.4,0.0,22,14080,卖盘
2667,14:05:15,6.4,0.0,10,6400,买盘
2668,14:05:21,6.4,0.0,1,640,买盘
2669,14:05:31,6.4,0.0,10,6400,买盘
2670,14:05:34,6.4,0.0,3,1920,买盘
2671,14:05:37,6.4,0.0,36,23040,买盘
2672,14:05:43,6.39,-0.01,286,182754,卖盘
2673,14:05:52,6.39,0.0,41,26199,买盘
2674,14:05:54,6.39,0.0,31,19809,买盘
2675,14:05:58,6.38,-0.01,3,1914,卖盘
2676,14:06:01,6.38,0.0,27,17226,卖盘
2677,14:06:04,6.38,0.0,38,24244,卖盘
2678,14:06:07,6.38,0.0,73,46574,卖盘
2679,14:06:19,6.38,0.0,230,146741,卖盘
2680,14:06:24,6.37,-0.01,12,7644,卖盘
2681,14:06:28,6.38,0.01,2,1276,买盘
2682,14:06:34,6.37,-0.01,319,203203,卖盘
2683,14:06:37,6.37,0.0,57,36309,卖盘
2684,14:06:40,6.37,0.0,29,18473,卖盘
2685,14:06:45,6.36,-0.01,61,38796,卖盘
2686,14:06:58,6.36,0.0,2,1272,卖盘
2687,14:07:06,6.36,0.0,27,17147,买盘
2688,14:07:12,6.35,-0.01,90,57150,卖盘
2689,14:07:15,6.36,0.01,24,15250,买盘
2690,14:07:18,6.35,-0.01,1,635,卖盘
2691,14:07:22,6.35,0.0,2,1270,卖盘
2692,14:07:25,6.35,0.0,7,4445,卖盘
2693,14:07:27,6.36,0.01,5,3180,买盘
2694,14:07:30,6.36,0.0,102,64820,买盘
2695,14:07:34,6.35,-0.01,7,4447,卖盘
2696,14:07:46,6.36,0.01,59,37524,卖盘
2697,14:07:48,6.37,0.01,17,10827,买盘
2698,14:07:52,6.37,0.0,13,8281,买盘
2699,14:07:54,6.36,-0.01,10,6360,卖盘
2700,14:07:58,6.36,0.0,1,636,卖盘
2701,14:08:04,6.36,0.0,23,14628,卖盘
2702,14:08:07,6.36,0.0,1,636,卖盘
2703,14:08:09,6.36,0.0,54,34344,卖盘
2704,14:08:13,6.36,0.0,34,21624,卖盘
2705,14:08:16,6.36,0.0,20,12720,卖盘
2706,14:08:19,6.41,0.05,762,486651,买盘
2707,14:08:22,6.41,0.0,32,20512,买盘
2708,14:08:25,6.4,-0.01,104,66593,卖盘
2709,14:08:28,6.4,0.0,54,34560,卖盘
2710,14:08:34,6.4,0.0,10,6400,卖盘
2711,14:08:37,6.4,0.0,30,19200,卖盘
2712,14:08:39,6.4,0.0,35,22457,卖盘
2713,14:08:45,6.41,0.01,9,5769,买盘
2714,14:08:48,6.41,0.0,24,15384,卖盘
2715,14:08:55,6.42,0.01,296,189950,买盘
2716,14:09:04,6.41,-0.01,80,51280,卖盘
2717,14:09:12,6.41,0.0,90,57650,买盘
2718,14:09:16,6.41,0.0,108,69296,买盘
2719,14:09:19,6.41,0.0,8,5128,卖盘
2720,14:09:28,6.41,0.0,10,6410,卖盘
2721,14:09:31,6.41,0.0,27,17307,卖盘
2722,14:09:37,6.4,-0.01,66,42305,卖盘
2723,14:09:45,6.4,0.0,45,28805,卖盘
2724,14:09:51,6.4,0.0,10,6400,卖盘
2725,14:09:55,6.4,0.0,2,1280,卖盘
2726,14:09:58,6.4,0.0,6,3840,卖盘
2727,14:10:01,6.41,0.01,10,6410,买盘
2728,14:10:04,6.41,0.0,6,3846,买盘
2729,14:10:07,6.41,0.0,58,37178,买盘
2730,14:10:13,6.4,-0.01,500,320097,卖盘
2731,14:10:18,6.41,0.01,7,4487,买盘
2732,14:10:22,6.41,0.0,1,641,卖盘
2733,14:10:25,6.41,0.0,11,7051,卖盘
2734,14:10:28,6.41,0.0,11,7051,卖盘
2735,14:10:37,6.41,0.0,7,4487,买盘
2736,14:10:43,6.4,-0.01,20,12800,卖盘
2737,14:10:45,6.4,0.0,134,85760,卖盘
2738,14:10:57,6.41,0.01,180,115280,买盘
2739,14:11:07,6.41,0.0,15,9605,买盘
2740,14:11:10,6.4,-0.01,47,30114,卖盘
2741,14:11:13,6.41,0.01,3,1923,买盘
2742,14:11:15,6.4,-0.01,130,83200,卖盘
2743,14:11:19,6.4,0.0,35,22400,买盘
2744,14:11:21,6.4,0.0,20,12800,买盘
2745,14:11:25,6.4,0.0,1,640,买盘
2746,14:11:37,6.4,0.0,36,23040,买盘
2747,14:11:40,6.4,0.0,43,27520,买盘
2748,14:11:46,6.38,-0.02,11,7023,卖盘
2749,14:12:09,6.38,0.0,340,216975,卖盘
2750,14:12:16,6.38,0.0,3,1914,买盘
2751,14:12:19,6.38,0.0,29,18502,买盘
2752,14:12:22,6.38,0.0,76,48488,买盘
2753,14:12:24,6.38,0.0,1,638,买盘
2754,14:12:28,6.38,0.0,30,19140,买盘
2755,14:12:34,6.38,0.0,48,30624,买盘
2756,14:12:37,6.39,0.01,2,1278,买盘
2757,14:12:43,6.4,0.01,1,640,买盘
2758,14:12:46,6.39,-0.01,14,8946,卖盘
2759,14:12:49,6.39,0.0,3,1917,卖盘
2760,14:12:52,6.39,0.0,41,26199,卖盘
2761,14:12:55,6.39,0.0,3,1917,卖盘
2762,14:12:58,6.39,0.0,24,15336,卖盘
2763,14:13:01,6.4,0.01,93,59469,买盘
2764,14:13:16,6.39,-0.01,20,12780,卖盘
2765,14:13:22,6.4,0.01,42,26880,买盘
2766,14:13:25,6.39,-0.01,30,19170,卖盘
2767,14:13:28,6.39,0.0,53,33867,卖盘
2768,14:13:31,6.39,0.0,35,22365,卖盘
2769,14:13:43,6.4,0.01,5,3200,买盘
2770,14:13:46,6.4,0.0,69,44160,买盘
2771,14:13:49,6.4,0.0,14,8948,买盘
2772,14:13:52,6.4,0.0,94,60160,买盘
2773,14:13:55,6.39,-0.01,39,24941,卖盘
2774,14:13:58,6.41,0.02,280,179267,买盘
2775,14:14:01,6.41,0.0,3,1923,买盘
2776,14:14:04,6.41,0.0,40,25640,买盘
2777,14:14:07,6.41,0.0,78,49998,买盘
2778,14:14:13,6.41,0.0,23,14743,买盘
2779,14:14:25,6.41,0.0,37,23717,买盘
2780,14:14:28,6.4,-0.01,2,1280,卖盘
2781,14:14:33,6.41,0.01,1,641,买盘
2782,14:14:36,6.4,-0.01,5,3200,卖盘
2783,14:14:43,6.4,0.0,20,12800,卖盘
2784,14:14:51,6.4,0.0,80,51200,卖盘
2785,14:14:55,6.4,0.0,16,10240,卖盘
2786,14:15:04,6.41,0.01,37,23717,买盘
2787,14:15:07,6.4,-0.01,85,54400,卖盘
2788,14:15:31,6.4,0.0,20,12818,卖盘
2789,14:15:40,6.41,0.01,3,1923,买盘
2790,14:15:42,6.41,0.0,46,29470,买盘
2791,14:15:46,6.41,0.0,63,40363,买盘
2792,14:15:51,6.41,0.0,309,198069,买盘
2793,14:15:58,6.41,0.0,10,6410,卖盘
2794,14:16:01,6.42,0.01,10,6420,买盘
2795,14:16:04,6.42,0.0,65,41730,买盘
2796,14:16:06,6.42,0.0,91,58412,买盘
2797,14:16:09,6.42,0.0,295,189390,买盘
2798,14:16:12,6.42,0.0,23,14766,买盘
2799,14:16:16,6.42,0.0,10,6420,卖盘
2800,14:16:18,6.43,0.01,1,643,买盘
2801,14:16:24,6.42,-0.01,1,642,卖盘
2802,14:16:27,6.43,0.01,24,15432,买盘
2803,14:16:34,6.43,0.0,31,19923,买盘
2804,14:16:45,6.42,-0.01,5,3210,卖盘
2805,14:16:48,6.43,0.01,111,71373,买盘
2806,14:17:00,6.43,0.0,34,21862,买盘
2807,14:17:04,6.43,0.0,145,93235,买盘
2808,14:17:06,6.42,-0.01,5,3212,卖盘
2809,14:17:16,6.42,0.0,202,129867,卖盘
2810,14:17:21,6.42,0.0,8,5142,卖盘
2811,14:17:28,6.42,0.0,30,19260,卖盘
2812,14:17:33,6.42,0.0,54,34712,卖盘
2813,14:17:46,6.42,0.0,124,79618,卖盘
2814,14:17:48,6.42,0.0,10,6420,买盘
2815,14:17:52,6.42,0.0,32,20544,买盘
2816,14:17:55,6.42,0.0,26,16692,买盘
2817,14:18:00,6.42,0.0,12,7704,买盘
2818,14:18:04,6.42,0.0,65,41730,买盘
2819,14:18:06,6.41,-0.01,10,6410,卖盘
2820,14:18:18,6.41,0.0,4,2564,卖盘
2821,14:18:21,6.41,0.0,10,6410,卖盘
2822,14:18:27,6.42,0.01,1,642,买盘
2823,14:18:33,6.41,-0.01,5,3205,卖盘
2824,14:18:36,6.41,0.0,2,1282,卖盘
2825,14:18:39,6.42,0.01,1,642,买盘
2826,14:18:51,6.41,-0.01,484,310244,卖盘
2827,14:19:04,6.41,0.0,54,34614,卖盘
2828,14:19:06,6.41,0.0,11,7052,卖盘
2829,14:19:18,6.41,0.0,11,7051,卖盘
2830,14:19:22,6.42,0.01,33,21176,买盘
2831,14:19:25,6.42,0.0,93,59706,买盘
2832,14:19:27,6.42,0.0,13,8346,卖盘
2833,14:19:30,6.43,0.01,1,643,买盘
2834,14:19:36,6.42,-0.01,15,9630,卖盘
2835,14:19:45,6.42,0.0,9,5778,卖盘
2836,14:20:03,6.42,0.0,67,43014,买盘
2837,14:20:06,6.42,0.0,2,1284,买盘
2838,14:20:09,6.42,0.0,9,5778,卖盘
2839,14:20:18,6.42,0.0,1,642,买盘
2840,14:20:21,6.41,-0.01,72,46152,卖盘
2841,14:20:24,6.42,0.01,31,19902,买盘
2842,14:20:27,6.42,0.0,9,5770,买盘
2843,14:20:33,6.42,0.0,2,1284,买盘
2844,14:20:37,6.41,-0.01,11,7051,卖盘
2845,14:20:43,6.41,0.0,67,42947,卖盘
2846,14:20:48,6.41,0.0,12,7692,卖盘
2847,14:20:57,6.41,0.0,27,17307,买盘
2848,14:21:04,6.41,0.0,13,8333,买盘
2849,14:21:06,6.41,0.0,34,21794,卖盘
2850,14:21:12,6.41,0.0,18,11538,卖盘
2851,14:21:19,6.41,0.0,1,641,买盘
