,time,price,change,volume,amount,type
0,09:25:05,26.74,-0.21,22,58828,卖盘
1,09:30:04,26.74,0.0,53,141572,买盘
2,09:30:07,26.74,0.0,9,24066,卖盘
3,09:30:13,26.72,-0.02,1,2672,卖盘
4,09:30:16,26.72,0.0,2,5344,卖盘
5,09:30:28,26.72,0.0,2,5344,卖盘
6,09:30:37,26.72,0.0,12,32064,买盘
7,09:30:39,26.72,0.0,2,5344,卖盘
8,09:30:43,26.72,0.0,10,26720,买盘
9,09:30:46,26.68,-0.04,20,53414,卖盘
10,09:30:49,26.68,0.0,14,37352,买盘
11,09:30:52,26.68,0.0,5,13340,买盘
12,09:30:55,26.66,-0.02,3,8002,卖盘
13,09:31:04,26.66,0.0,3,7998,卖盘
14,09:31:07,26.66,0.0,7,18662,卖盘
15,09:31:10,26.66,0.0,27,71982,买盘
16,09:31:16,26.65,-0.01,2,5330,中性盘
17,09:31:22,26.66,0.01,10,26660,买盘
18,09:31:31,26.71,0.05,10,26710,买盘
19,09:31:43,26.66,-0.05,58,154663,卖盘
20,09:31:46,26.67,0.01,12,32004,中性盘
21,09:31:52,26.72,0.05,5,13360,买盘
22,09:31:54,26.68,-0.04,15,40020,中性盘
23,09:32:05,26.72,0.04,15,40080,买盘
24,09:32:12,26.68,-0.04,2,5340,卖盘
25,09:32:15,26.69,0.01,1,2669,卖盘
26,09:32:18,26.69,0.0,1,2669,卖盘
27,09:32:34,26.72,0.03,14,37438,卖盘
28,09:32:40,26.78,0.06,3,8034,卖盘
29,09:32:43,26.73,-0.05,7,18746,中性盘
30,09:32:45,26.73,0.0,1,2673,卖盘
31,09:32:58,26.85,0.12,5,13410,买盘
32,09:33:10,26.76,-0.09,2,5352,卖盘
33,09:33:13,26.76,0.0,1,2676,卖盘
34,09:33:40,26.85,0.09,16,42960,买盘
35,09:33:45,26.8,-0.05,1,2680,卖盘
36,09:33:48,26.75,-0.05,3,8030,卖盘
37,09:33:58,26.88,0.13,9,24192,卖盘
38,09:34:06,26.88,0.0,4,10752,卖盘
39,09:34:16,26.78,-0.1,3,8034,中性盘
40,09:34:24,26.77,-0.01,2,5354,卖盘
41,09:34:28,26.77,0.0,1,2677,卖盘
42,09:34:31,26.77,0.0,1,2677,卖盘
43,09:34:46,26.8,0.03,3,8040,卖盘
44,09:34:49,26.8,0.0,1,2680,买盘
45,09:34:52,26.79,-0.01,2,5358,中性盘
46,09:34:55,26.8,0.01,12,32156,买盘
47,09:34:58,26.8,0.0,1,2680,卖盘
48,09:35:16,26.83,0.03,3,8049,买盘
49,09:35:22,26.83,0.0,3,8049,卖盘
50,09:35:28,26.83,0.0,1,2683,卖盘
51,09:35:31,26.83,0.0,1,2683,卖盘
52,09:35:34,26.83,0.0,18,48294,卖盘
53,09:35:37,26.8,-0.03,1,2680,卖盘
54,09:35:40,26.8,0.0,1,2680,卖盘
55,09:35:43,26.8,0.0,11,29480,卖盘
56,09:35:52,26.82,0.02,2,5363,买盘
57,09:35:58,26.81,-0.01,22,58982,卖盘
58,09:36:01,26.8,-0.01,1,2680,卖盘
59,09:36:04,26.8,0.0,4,10720,卖盘
60,09:36:06,26.8,0.0,2,5360,买盘
61,09:36:10,26.8,0.0,2,5360,买盘
62,09:36:13,26.8,0.0,2,5360,买盘
63,09:36:25,26.79,-0.01,2,5358,卖盘
64,09:36:31,26.79,0.0,7,18753,卖盘
65,09:36:34,26.79,0.0,9,24111,卖盘
66,09:36:42,26.79,0.0,1,2679,卖盘
67,09:36:55,26.78,-0.01,12,32146,卖盘
68,09:36:58,26.78,0.0,22,58916,卖盘
69,09:37:13,26.76,-0.02,14,37464,卖盘
70,09:37:19,26.76,0.0,5,13380,卖盘
71,09:37:22,26.75,-0.01,24,64207,卖盘
72,09:37:25,26.74,-0.01,2,5348,卖盘
73,09:37:31,26.74,0.0,2,5348,卖盘
74,09:37:36,26.74,0.0,29,77547,卖盘
75,09:37:40,26.74,0.0,2,5348,买盘
76,09:37:57,26.77,0.03,7,18722,买盘
77,09:38:04,26.73,-0.04,9,24057,卖盘
78,09:38:22,26.74,0.01,2,5348,卖盘
79,09:38:24,26.74,0.0,5,13370,卖盘
80,09:38:27,26.73,-0.01,1,2673,卖盘
81,09:38:45,26.73,0.0,8,21384,卖盘
82,09:38:51,26.72,-0.01,3,8016,卖盘
83,09:38:55,26.72,0.0,8,21376,卖盘
84,09:38:57,26.72,0.0,2,5344,卖盘
85,09:39:01,26.7,-0.02,7,18701,卖盘
86,09:39:04,26.72,0.02,2,5344,中性盘
87,09:39:12,26.72,0.0,10,26720,买盘
88,09:39:22,26.68,-0.04,2,5337,卖盘
89,09:39:25,26.68,0.0,11,29358,卖盘
90,09:39:28,26.68,0.0,1,2668,卖盘
91,09:39:31,26.68,0.0,25,66700,卖盘
92,09:39:33,26.68,0.0,9,24012,卖盘
93,09:39:43,26.67,-0.01,5,13338,卖盘
94,09:39:51,26.67,0.0,2,5334,卖盘
95,09:39:54,26.66,-0.01,3,7999,卖盘
96,09:40:04,26.66,0.0,2,5332,卖盘
97,09:40:13,26.65,-0.01,1,2665,卖盘
98,09:40:16,26.65,0.0,2,5330,买盘
99,09:40:22,26.64,-0.01,2,5328,卖盘
100,09:40:25,26.64,0.0,3,7992,卖盘
101,09:40:31,26.63,-0.01,3,7989,卖盘
102,09:40:34,26.62,-0.01,5,13310,卖盘
103,09:40:40,26.6,-0.02,31,82474,卖盘
104,09:40:43,26.6,0.0,8,21280,卖盘
105,09:40:45,26.64,0.04,16,42604,买盘
106,09:40:49,26.6,-0.04,9,23940,卖盘
107,09:40:52,26.6,0.0,17,45220,卖盘
108,09:40:55,26.6,0.0,1,2660,卖盘
109,09:40:58,26.6,0.0,23,61180,卖盘
110,09:41:07,26.6,0.0,2,5320,买盘
111,09:41:10,26.59,-0.01,3,7977,卖盘
112,09:41:12,26.51,-0.08,20,53136,卖盘
113,09:41:16,26.59,0.08,1,2659,买盘
114,09:41:22,26.51,-0.08,4,10604,卖盘
115,09:41:25,26.51,0.0,3,7953,卖盘
116,09:41:28,26.51,0.0,6,15906,卖盘
117,09:41:33,26.59,0.08,13,34567,买盘
118,09:41:36,26.52,-0.07,5,13260,卖盘
119,09:41:40,26.51,-0.01,40,106323,卖盘
120,09:41:46,26.51,0.0,2,5302,卖盘
121,09:41:49,26.51,0.0,8,21208,卖盘
122,09:41:52,26.51,0.0,2,5302,买盘
123,09:41:55,26.52,0.01,2,5304,中性盘
124,09:42:01,26.53,0.01,2,5307,卖盘
125,09:42:07,26.6,0.07,1,2660,买盘
126,09:42:12,26.61,0.01,7,18623,买盘
127,09:42:28,26.59,-0.02,5,13295,买盘
128,09:42:43,26.57,-0.02,1,2657,卖盘
129,09:42:52,26.56,-0.01,49,130144,买盘
130,09:42:55,26.56,0.0,2,5312,卖盘
131,09:43:01,26.56,0.0,2,5313,卖盘
132,09:43:10,26.58,0.02,5,13290,买盘
133,09:43:12,26.58,0.0,4,10632,买盘
134,09:43:19,26.59,0.01,4,10636,买盘
135,09:43:25,26.58,-0.01,2,5317,卖盘
136,09:43:28,26.58,0.0,18,47844,买盘
137,09:43:31,26.58,0.0,2,5316,买盘
138,09:43:33,26.6,0.02,9,23940,买盘
139,09:43:40,26.6,0.0,79,210140,买盘
140,09:43:52,26.66,0.06,4,10664,买盘
141,09:44:00,26.66,0.0,1,2666,卖盘
142,09:44:04,26.62,-0.04,2,5324,中性盘
143,09:44:18,26.62,0.0,10,26620,卖盘
144,09:44:28,26.62,0.0,2,5324,卖盘
145,09:44:31,26.62,0.0,1,2662,卖盘
146,09:44:43,26.75,0.13,18,48150,买盘
147,09:44:55,26.62,-0.13,1,2662,卖盘
148,09:44:57,26.62,0.0,2,5324,卖盘
149,09:45:07,26.75,0.13,1,2675,买盘
150,09:45:10,26.75,0.0,4,10696,买盘
151,09:45:13,26.76,0.01,1,2676,卖盘
152,09:45:31,26.76,0.0,2,5340,买盘
153,09:45:34,26.64,-0.12,3,7992,卖盘
154,09:45:55,26.7,0.06,2,5340,卖盘
155,09:45:58,26.7,0.0,2,5340,卖盘
156,09:46:22,26.7,0.0,3,8010,卖盘
157,09:46:25,26.7,0.0,3,8010,卖盘
158,09:46:27,26.7,0.0,3,8010,卖盘
159,09:46:34,26.74,0.04,1,2674,买盘
160,09:46:37,26.74,0.0,1,2674,卖盘
161,09:46:43,26.71,-0.03,4,10684,买盘
162,09:46:49,26.7,-0.01,6,16020,卖盘
163,09:46:55,26.7,0.0,4,10680,卖盘
164,09:46:57,26.65,-0.05,2,5331,卖盘
165,09:47:01,26.64,-0.01,1,2664,卖盘
166,09:47:22,26.65,0.01,1,2665,卖盘
167,09:47:25,26.65,0.0,1,2665,卖盘
168,09:47:28,26.65,0.0,3,7995,卖盘
169,09:47:49,26.65,0.0,7,18655,卖盘
170,09:47:55,26.63,-0.02,16,42621,卖盘
171,09:48:04,26.63,0.0,1,2663,卖盘
172,09:48:13,26.63,0.0,5,13315,卖盘
173,09:48:25,26.64,0.01,4,10656,买盘
174,09:48:33,26.64,0.0,3,7992,卖盘
175,09:48:40,26.65,0.01,10,26650,买盘
176,09:48:57,26.64,-0.01,1,2664,卖盘
177,09:49:01,26.65,0.01,10,26650,买盘
178,09:49:04,26.64,-0.01,1,2664,卖盘
179,09:49:16,26.64,0.0,4,10656,卖盘
180,09:49:19,26.65,0.01,1,2665,买盘
181,09:49:28,26.64,-0.01,1,2664,卖盘
182,09:49:31,26.64,0.0,2,5328,卖盘
183,09:49:33,26.64,0.0,1,2664,卖盘
184,09:49:46,26.65,0.01,1,2665,买盘
185,09:49:58,26.65,0.0,2,5330,卖盘
186,09:50:01,26.65,0.0,1,2665,卖盘
187,09:50:25,26.65,0.0,1,2665,卖盘
188,09:50:28,26.65,0.0,3,7995,卖盘
189,09:50:55,26.64,-0.01,2,5328,卖盘
190,09:51:04,26.64,0.0,2,5328,卖盘
191,09:51:28,26.64,0.0,2,5328,卖盘
192,09:51:58,26.65,0.01,1,2665,卖盘
193,09:52:01,26.64,-0.01,3,7993,卖盘
194,09:52:13,26.64,0.0,10,26640,卖盘
195,09:52:19,26.61,-0.03,119,316788,卖盘
196,09:52:21,26.65,0.04,5,13325,买盘
197,09:52:24,26.65,0.0,3,7995,卖盘
198,09:52:28,26.6,-0.05,194,516108,卖盘
199,09:52:40,26.6,0.0,2,5320,买盘
200,09:52:46,26.6,0.0,10,26600,买盘
201,09:53:00,26.58,-0.02,2,5316,卖盘
202,09:53:22,26.58,0.0,24,63779,卖盘
203,09:53:25,26.56,-0.02,1,2656,卖盘
204,09:53:31,26.58,0.02,5,13288,买盘
205,09:53:34,26.58,0.0,4,10632,卖盘
206,09:53:55,26.58,0.0,1,2658,卖盘
207,09:54:04,26.58,0.0,2,5316,卖盘
208,09:54:07,26.61,0.03,1,2661,买盘
209,09:54:25,26.6,-0.01,3,7982,卖盘
210,09:54:31,26.6,0.0,1,2660,卖盘
211,09:54:57,26.61,0.01,1,2661,卖盘
212,09:55:04,26.62,0.01,2,5324,中性盘
213,09:55:12,26.6,-0.02,11,29269,卖盘
214,09:55:16,26.6,0.0,1,2660,买盘
215,09:55:25,26.62,0.02,3,7986,卖盘
216,09:55:28,26.59,-0.03,4,10636,卖盘
217,09:55:46,26.59,0.0,5,13295,卖盘
218,09:55:49,26.59,0.0,8,21272,卖盘
219,09:55:55,26.59,0.0,2,5318,卖盘
220,09:55:58,26.58,-0.01,2,5316,卖盘
221,09:56:03,26.58,0.0,1,2658,卖盘
222,09:56:28,26.62,0.04,2,5324,卖盘
223,09:56:57,26.62,0.0,3,7986,卖盘
224,09:57:12,26.63,0.01,2,5326,中性盘
225,09:57:19,26.73,0.1,1,2673,买盘
226,09:57:25,26.63,-0.1,2,5326,卖盘
227,09:57:31,26.62,-0.01,3,7988,卖盘
228,09:57:34,26.62,0.0,1,2662,卖盘
229,09:57:43,26.59,-0.03,18,47877,卖盘
230,09:57:55,26.6,0.01,2,5320,卖盘
231,09:58:01,26.58,-0.02,11,29239,卖盘
232,09:58:04,26.58,0.0,1,2658,卖盘
233,09:58:19,26.56,-0.02,10,26570,卖盘
234,09:58:25,26.56,0.0,40,106240,卖盘
235,09:58:31,26.56,0.0,2,5312,卖盘
236,09:58:46,26.55,-0.01,33,87631,卖盘
237,09:58:54,26.55,0.0,4,10620,卖盘
238,09:59:19,26.56,0.01,11,29216,卖盘
239,09:59:25,26.56,0.0,7,18592,卖盘
240,09:59:31,26.55,-0.01,1,2655,卖盘
241,09:59:34,26.55,0.0,1,2655,卖盘
242,09:59:37,26.55,0.0,2,5310,卖盘
243,09:59:45,26.55,0.0,8,21240,卖盘
244,09:59:55,26.56,0.01,4,10624,卖盘
245,09:59:58,26.63,0.07,12,31956,买盘
246,10:00:01,26.55,-0.08,23,61066,卖盘
247,10:00:04,26.55,0.0,2,5310,卖盘
248,10:00:28,26.63,0.08,2,5326,买盘
249,10:00:34,26.55,-0.08,2,5310,卖盘
250,10:00:40,26.55,0.0,2,5310,卖盘
251,10:01:01,26.55,0.0,1,2655,卖盘
252,10:01:07,26.55,0.0,2,5310,卖盘
253,10:01:09,26.55,0.0,1,2655,卖盘
254,10:01:19,26.63,0.08,2,5326,买盘
255,10:01:31,26.56,-0.07,1,2656,卖盘
256,10:01:34,26.63,0.07,2,5326,买盘
257,10:01:40,26.56,-0.07,1,2656,卖盘
258,10:01:43,26.56,0.0,1,2656,卖盘
259,10:02:04,26.6,0.04,2,5320,卖盘
260,10:02:25,26.56,-0.04,4,10624,卖盘
261,10:02:48,26.6,0.04,20,53200,买盘
262,10:03:19,26.54,-0.06,125,331908,卖盘
263,10:03:31,26.54,0.0,5,13270,买盘
264,10:03:34,26.54,0.0,4,10616,买盘
265,10:03:43,26.54,0.0,4,10616,卖盘
266,10:03:46,26.54,0.0,4,10616,买盘
267,10:04:01,26.55,0.01,1,2655,买盘
268,10:04:10,26.55,0.0,30,79650,买盘
269,10:04:13,26.55,0.0,26,69028,买盘
270,10:04:22,26.55,0.0,3,7965,买盘
271,10:04:31,26.55,0.0,13,34504,买盘
272,10:04:36,26.55,0.0,3,7965,买盘
273,10:04:40,26.54,-0.01,4,10616,卖盘
274,10:04:52,26.54,0.0,8,21232,卖盘
275,10:06:06,26.55,0.01,1,2655,卖盘
276,10:06:31,26.52,-0.03,124,329014,卖盘
277,10:06:43,26.59,0.07,8,21272,买盘
278,10:06:46,26.52,-0.07,2,5304,卖盘
279,10:07:07,26.52,0.0,19,50390,卖盘
280,10:07:16,26.51,-0.01,45,119295,卖盘
281,10:07:22,26.51,0.0,31,82181,卖盘
282,10:07:25,26.51,0.0,10,26510,买盘
283,10:07:33,26.5,-0.01,20,53000,卖盘
284,10:07:46,26.5,0.0,16,42400,卖盘
285,10:07:52,26.5,0.0,63,166950,卖盘
286,10:07:55,26.51,0.01,11,29157,买盘
287,10:08:01,26.4,-0.11,70,184938,卖盘
288,10:08:13,26.4,0.0,6,15850,卖盘
289,10:08:16,26.47,0.07,1,2647,买盘
290,10:08:21,26.47,0.0,4,10567,买盘
291,10:08:28,26.47,0.0,1,2647,卖盘
292,10:08:37,26.4,-0.07,3,7920,卖盘
293,10:08:43,26.41,0.01,1,2641,卖盘
294,10:08:51,26.41,0.0,8,21133,卖盘
295,10:09:01,26.41,0.0,2,5282,卖盘
296,10:09:10,26.41,0.0,5,13206,卖盘
297,10:09:19,26.41,0.0,5,13205,卖盘
298,10:09:21,26.41,0.0,4,10564,卖盘
299,10:09:25,26.42,0.01,4,10568,买盘
300,10:09:27,26.41,-0.01,28,73953,卖盘
301,10:09:37,26.41,0.0,10,26410,买盘
302,10:09:43,26.4,-0.01,2,5280,卖盘
303,10:09:51,26.41,0.01,10,26410,买盘
304,10:10:00,26.41,0.0,5,13205,买盘
305,10:10:13,26.41,0.0,9,23769,卖盘
306,10:10:16,26.41,0.0,1,2641,卖盘
307,10:10:24,26.42,0.01,2,5284,买盘
308,10:10:31,26.42,0.0,1,2642,买盘
309,10:10:34,26.42,0.0,34,89800,买盘
310,10:10:43,26.38,-0.04,96,253422,卖盘
311,10:10:49,26.4,0.02,6,15830,买盘
312,10:10:54,26.38,-0.02,13,34302,卖盘
313,10:10:57,26.38,0.0,3,7914,卖盘
314,10:11:01,26.35,-0.03,19,50072,卖盘
315,10:11:06,26.32,-0.03,3,7896,卖盘
316,10:11:10,26.3,-0.02,32,84189,卖盘
317,10:11:13,26.3,0.0,69,181470,卖盘
318,10:11:16,26.3,0.0,35,92055,卖盘
319,10:11:19,26.31,0.01,14,36821,买盘
320,10:11:21,26.29,-0.02,22,57856,卖盘
321,10:11:24,26.29,0.0,2,5258,买盘
322,10:11:27,26.28,-0.01,20,52560,卖盘
323,10:11:30,26.29,0.01,4,10516,买盘
324,10:11:40,26.29,0.0,1,2629,买盘
325,10:11:43,26.28,-0.01,6,15769,卖盘
326,10:11:46,26.26,-0.02,28,73564,卖盘
327,10:11:49,26.21,-0.05,25,65561,卖盘
328,10:12:01,26.21,0.0,5,13107,卖盘
329,10:12:04,26.2,-0.01,39,102195,卖盘
330,10:12:06,26.27,0.07,2,5254,买盘
331,10:12:13,26.24,-0.03,1,2624,卖盘
332,10:12:16,26.21,-0.03,38,99601,卖盘
333,10:12:19,26.21,0.0,15,39315,卖盘
334,10:12:22,26.21,0.0,12,31468,卖盘
335,10:12:25,26.23,0.02,5,13115,买盘
336,10:12:28,26.21,-0.02,3,7863,卖盘
337,10:12:31,26.22,0.01,28,73375,买盘
338,10:12:33,26.22,0.0,8,20976,买盘
339,10:12:40,26.22,0.0,39,102251,买盘
340,10:12:43,26.2,-0.02,34,89104,卖盘
341,10:12:46,26.2,0.0,5,13102,卖盘
342,10:12:52,26.21,0.01,2,5243,卖盘
343,10:13:00,26.22,0.01,4,10488,买盘
344,10:13:07,26.23,0.01,1,2623,买盘
345,10:13:13,26.25,0.02,2,5250,买盘
346,10:13:16,26.23,-0.02,4,10492,卖盘
347,10:13:19,26.23,0.0,4,10492,卖盘
348,10:13:22,26.21,-0.02,28,73442,卖盘
349,10:13:31,26.26,0.05,5,13130,买盘
350,10:13:37,26.26,0.0,31,81260,买盘
351,10:13:40,26.26,0.0,1,2626,买盘
352,10:13:43,26.26,0.0,2,5252,买盘
353,10:13:49,26.23,-0.03,5,13123,卖盘
354,10:14:01,26.26,0.03,3,7878,买盘
355,10:14:09,26.28,0.02,10,26278,买盘
356,10:14:12,26.27,-0.01,4,10508,卖盘
357,10:14:16,26.26,-0.01,15,39400,卖盘
358,10:14:21,26.27,0.01,6,15759,买盘
359,10:14:25,26.27,0.0,21,55167,买盘
360,10:14:36,26.28,0.01,4,10512,买盘
361,10:14:43,26.27,-0.01,4,10511,卖盘
362,10:14:46,26.29,0.02,4,10516,买盘
363,10:14:48,26.27,-0.02,5,13135,卖盘
364,10:14:55,26.29,0.02,6,15774,买盘
365,10:15:04,26.29,0.0,2,5258,卖盘
366,10:15:16,26.29,0.0,5,13149,卖盘
367,10:15:25,26.34,0.05,2,5268,买盘
368,10:15:28,26.34,0.0,4,10536,卖盘
369,10:15:40,26.35,0.01,10,26350,买盘
370,10:15:46,26.35,0.0,4,10540,卖盘
371,10:15:55,26.4,0.05,1,2640,买盘
372,10:16:04,26.4,0.0,9,23760,买盘
373,10:16:12,26.4,0.0,8,21120,卖盘
374,10:16:16,26.4,0.0,10,26400,卖盘
375,10:16:19,26.42,0.02,1,2642,买盘
376,10:16:21,26.42,0.0,1,2642,卖盘
377,10:16:40,26.46,0.04,1,2646,买盘
378,10:16:43,26.4,-0.06,14,37018,卖盘
379,10:16:52,26.4,0.0,11,29040,卖盘
380,10:17:07,26.4,0.0,1,2640,买盘
381,10:17:28,26.4,0.0,6,15840,买盘
382,10:17:39,26.4,0.0,1,2640,买盘
383,10:17:46,26.35,-0.05,53,139684,卖盘
384,10:18:10,26.31,-0.04,1,2631,卖盘
385,10:18:19,26.31,0.0,1,2631,卖盘
386,10:18:25,26.32,0.01,5,13160,卖盘
387,10:18:37,26.32,0.0,4,10528,卖盘
388,10:18:52,26.31,-0.01,4,10526,卖盘
389,10:18:55,26.31,0.0,4,10524,卖盘
390,10:18:58,26.32,0.01,5,13160,买盘
391,10:19:25,26.3,-0.02,3,7892,卖盘
392,10:19:28,26.32,0.02,1,2632,买盘
393,10:19:34,26.3,-0.02,2,5260,卖盘
394,10:19:37,26.32,0.02,1,2632,买盘
395,10:19:52,26.32,0.0,8,21056,卖盘
396,10:19:55,26.32,0.0,6,15792,买盘
397,10:20:01,26.26,-0.06,50,131430,卖盘
398,10:20:16,26.29,0.03,10,26290,卖盘
399,10:20:24,26.29,0.0,4,10516,卖盘
400,10:21:13,26.29,0.0,7,18406,卖盘
401,10:21:40,26.29,0.0,2,5258,买盘
402,10:22:16,26.29,0.0,12,31548,买盘
403,10:22:34,26.29,0.0,4,10516,买盘
404,10:22:37,26.29,0.0,2,5258,买盘
405,10:22:40,26.28,-0.01,5,13140,卖盘
406,10:22:43,26.29,0.01,25,65711,买盘
407,10:23:01,26.35,0.06,15,39509,买盘
408,10:23:16,26.35,0.0,1,2635,买盘
409,10:23:18,26.35,0.0,3,7905,买盘
410,10:24:10,26.45,0.1,2,5290,买盘
411,10:24:19,26.45,0.0,1,2645,买盘
412,10:24:22,26.45,0.0,1,2645,卖盘
413,10:24:31,26.45,0.0,1,2645,买盘
414,10:24:37,26.47,0.02,3,7941,买盘
415,10:24:58,26.47,0.0,9,23823,卖盘
416,10:25:07,26.47,0.0,13,34411,卖盘
417,10:25:21,26.45,-0.02,1,2645,卖盘
418,10:25:31,26.46,0.01,1,2646,买盘
419,10:25:40,26.46,0.0,1,2646,卖盘
420,10:26:01,26.46,0.0,1,2646,卖盘
421,10:26:25,26.38,-0.08,2,5276,卖盘
422,10:27:01,26.47,0.09,1,2647,买盘
423,10:27:52,26.46,-0.01,3,7938,买盘
424,10:28:06,26.39,-0.07,5,13203,卖盘
425,10:28:19,26.46,0.07,2,5292,买盘
426,10:28:40,26.46,0.0,4,10584,买盘
427,10:30:10,26.46,0.0,11,29106,买盘
428,10:30:13,26.46,0.0,5,13230,卖盘
429,10:30:28,26.46,0.0,1,2646,买盘
430,10:30:40,26.4,-0.06,10,26412,卖盘
431,10:30:57,26.4,0.0,7,18480,卖盘
432,10:31:37,26.43,0.03,1,2643,买盘
433,10:31:46,26.43,0.0,2,5286,买盘
434,10:31:57,26.46,0.03,17,44982,买盘
435,10:32:01,26.46,0.0,5,13230,买盘
436,10:32:27,26.36,-0.1,71,187253,卖盘
437,10:33:00,26.44,0.08,3,7932,买盘
438,10:33:22,26.44,0.0,4,10576,买盘
439,10:35:07,26.42,-0.02,5,13210,买盘
440,10:35:46,26.4,-0.02,5,13200,买盘
441,10:36:01,26.36,-0.04,13,34268,卖盘
442,10:36:04,26.36,0.0,5,13180,买盘
443,10:36:10,26.35,-0.01,1,2635,卖盘
444,10:36:16,26.35,0.0,2,5270,卖盘
445,10:36:21,26.36,0.01,14,36904,买盘
446,10:36:39,26.36,0.0,1,2636,卖盘
447,10:37:21,26.38,0.02,1,2638,卖盘
448,10:37:25,26.38,0.0,1,2638,卖盘
449,10:37:34,26.36,-0.02,2,5272,卖盘
450,10:37:55,26.37,0.01,5,13185,买盘
451,10:37:58,26.36,-0.01,2,5272,卖盘
452,10:38:10,26.36,0.0,25,65900,卖盘
453,10:38:12,26.35,-0.01,1,2635,卖盘
454,10:38:22,26.35,0.0,1,2635,卖盘
455,10:38:31,26.36,0.01,1,2636,买盘
456,10:38:46,26.36,0.0,46,121256,买盘
457,10:38:49,26.36,0.0,10,26360,买盘
458,10:38:52,26.36,0.0,6,15816,买盘
459,10:38:55,26.36,0.0,1,2636,买盘
460,10:38:58,26.36,0.0,2,5272,买盘
461,10:39:13,26.37,0.01,9,23733,买盘
462,10:39:43,26.36,-0.01,42,110723,卖盘
463,10:39:51,26.36,0.0,1,2636,买盘
464,10:40:00,26.35,-0.01,6,15810,卖盘
465,10:40:09,26.36,0.01,1,2636,买盘
466,10:40:13,26.36,0.0,10,26360,买盘
467,10:40:22,26.36,0.0,1,2636,买盘
468,10:40:27,26.36,0.0,1,2636,买盘
469,10:40:31,26.36,0.0,5,13180,卖盘
470,10:41:12,26.38,0.02,9,23742,买盘
471,10:41:34,26.36,-0.02,6,15819,卖盘
472,10:41:51,26.39,0.03,1,2639,买盘
473,10:42:04,26.36,-0.03,5,13180,卖盘
474,10:42:19,26.36,0.0,6,15816,卖盘
475,10:42:22,26.36,0.0,3,7908,卖盘
476,10:42:25,26.36,0.0,2,5272,卖盘
477,10:42:28,26.36,0.0,1,2636,卖盘
478,10:42:31,26.36,0.0,2,5272,卖盘
479,10:42:33,26.35,-0.01,6,15811,卖盘
480,10:43:06,26.35,0.0,6,15812,卖盘
481,10:43:34,26.35,0.0,5,13175,卖盘
482,10:44:07,26.35,0.0,6,15814,卖盘
483,10:44:34,26.35,0.0,6,15810,卖盘
484,10:45:04,26.36,0.01,2,5272,卖盘
485,10:45:07,26.36,0.0,6,15816,卖盘
486,10:45:31,26.39,0.03,5,13193,买盘
487,10:45:34,26.35,-0.04,5,13175,卖盘
488,10:46:07,26.35,0.0,4,10540,卖盘
489,10:47:39,26.38,0.03,7,18466,买盘
490,10:47:46,26.36,-0.02,2,5272,卖盘
491,10:48:57,26.38,0.02,1,2638,买盘
492,10:49:19,26.38,0.0,1,2638,买盘
493,10:49:25,26.38,0.0,10,26380,买盘
494,10:49:37,26.36,-0.02,1,2636,卖盘
495,10:49:40,26.38,0.02,1,2638,买盘
496,10:50:04,26.39,0.01,5,13195,买盘
497,10:50:10,26.39,0.0,3,7917,买盘
498,10:50:19,26.38,-0.01,5,13194,卖盘
499,10:50:21,26.4,0.02,1,2640,买盘
500,10:50:28,26.4,0.0,12,31680,买盘
501,10:50:40,26.38,-0.02,5,13196,卖盘
502,10:51:10,26.41,0.03,6,15846,买盘
503,10:51:16,26.41,0.0,3,7923,买盘
504,10:51:40,26.41,0.0,5,13205,卖盘
505,10:51:58,26.4,-0.01,8,21120,卖盘
506,10:52:07,26.41,0.01,2,5282,买盘
507,10:52:12,26.41,0.0,1,2641,买盘
508,10:52:15,26.41,0.0,7,18487,买盘
509,10:52:19,26.41,0.0,10,26410,买盘
510,10:53:07,26.42,0.01,8,21136,卖盘
511,10:53:13,26.42,0.0,12,31704,买盘
512,10:53:52,26.49,0.07,2,5298,买盘
513,10:53:55,26.5,0.01,17,45050,卖盘
514,10:53:58,26.5,0.0,11,29150,卖盘
515,10:56:15,26.49,-0.01,9,23841,买盘
516,10:56:43,26.49,0.0,1,2649,买盘
517,10:56:45,26.49,0.0,1,2649,卖盘
518,10:56:49,26.49,0.0,3,7947,卖盘
519,10:56:51,26.49,0.0,11,29139,卖盘
520,10:57:40,26.45,-0.04,2,5290,卖盘
521,10:57:52,26.45,0.0,1,2645,卖盘
522,10:58:40,26.45,0.0,5,13225,卖盘
523,10:59:00,26.45,0.0,5,13225,卖盘
524,10:59:16,26.45,0.0,2,5290,卖盘
525,11:00:27,26.48,0.03,1,2648,买盘
526,11:00:55,26.45,-0.03,1,2645,卖盘
527,11:01:07,26.45,0.0,2,5290,卖盘
528,11:01:13,26.48,0.03,1,2648,买盘
529,11:02:54,26.48,0.0,4,10592,买盘
530,11:03:00,26.46,-0.02,5,13230,卖盘
531,11:03:22,26.46,0.0,7,18522,卖盘
532,11:04:04,26.46,0.0,3,7938,买盘
533,11:04:15,26.45,-0.01,4,10582,卖盘
534,11:05:12,26.45,0.0,14,37030,卖盘
535,11:05:33,26.45,0.0,11,29095,卖盘
536,11:05:40,26.45,0.0,3,7935,买盘
537,11:06:46,26.45,0.0,2,5290,卖盘
538,11:06:49,26.45,0.0,9,23805,卖盘
539,11:07:33,26.44,-0.01,2,5288,卖盘
540,11:07:39,26.44,0.0,4,10576,卖盘
541,11:07:43,26.44,0.0,10,26440,卖盘
542,11:08:04,26.44,0.0,20,52880,卖盘
543,11:08:06,26.43,-0.01,2,5286,卖盘
544,11:08:09,26.43,0.0,12,31716,卖盘
545,11:08:13,26.43,0.0,4,10572,卖盘
546,11:08:18,26.49,0.06,60,158712,买盘
547,11:11:15,26.44,-0.05,4,10576,卖盘
548,11:11:24,26.44,0.0,1,2644,买盘
549,11:11:55,26.43,-0.01,2,5286,卖盘
550,11:12:03,26.49,0.06,1,2649,买盘
551,11:14:04,26.43,-0.06,5,13215,卖盘
552,11:14:12,26.43,0.0,2,5286,卖盘
553,11:14:25,26.44,0.01,4,10576,买盘
554,11:14:28,26.43,-0.01,2,5286,卖盘
555,11:14:45,26.43,0.0,2,5286,卖盘
556,11:14:49,26.43,0.0,7,18501,卖盘
557,11:15:22,26.42,-0.01,5,13210,卖盘
558,11:16:04,26.42,0.0,6,15852,卖盘
559,11:16:22,26.42,0.0,3,7926,卖盘
560,11:16:37,26.42,0.0,3,7926,卖盘
561,11:17:24,26.42,0.0,2,5284,卖盘
562,11:17:46,26.41,-0.01,43,113581,卖盘
563,11:20:27,26.45,0.04,1,2645,买盘
564,11:20:49,26.45,0.0,1,2645,买盘
565,11:23:52,26.42,-0.03,2,5284,卖盘
566,11:24:34,26.42,0.0,2,5284,卖盘
567,11:24:46,26.45,0.03,1,2645,买盘
568,11:25:10,26.45,0.0,1,2645,买盘
569,11:27:21,26.45,0.0,5,13225,买盘
570,11:28:21,26.43,-0.02,8,21144,卖盘
571,11:29:09,26.45,0.02,1,2645,买盘
572,11:29:57,26.47,0.02,1,2647,买盘
573,13:00:04,26.48,0.01,56,148260,买盘
574,13:04:24,26.41,-0.07,140,370028,卖盘
575,13:04:37,26.47,0.06,1,2647,买盘
576,13:07:43,26.45,-0.02,1,2645,买盘
577,13:08:09,26.45,0.0,2,5290,买盘
578,13:08:12,26.45,0.0,1,2645,卖盘
579,13:08:15,26.45,0.0,4,10580,卖盘
580,13:08:18,26.45,0.0,1,2645,卖盘
581,13:08:39,26.44,-0.01,2,5288,买盘
582,13:11:00,26.43,-0.01,10,26430,卖盘
583,13:11:12,26.42,-0.01,2,5284,卖盘
584,13:11:15,26.42,0.0,3,7926,卖盘
585,13:13:10,26.41,-0.01,5,13205,卖盘
586,13:13:46,26.41,0.0,1,2641,卖盘
587,13:13:49,26.41,0.0,3,7923,卖盘
588,13:14:51,26.41,0.0,3,7923,卖盘
589,13:15:10,26.42,0.01,4,10568,买盘
590,13:15:15,26.41,-0.01,11,29051,卖盘
591,13:15:34,26.41,0.0,1,2641,买盘
592,13:16:25,26.4,-0.01,16,42240,卖盘
593,13:16:37,26.41,0.01,1,2641,买盘
594,13:16:40,26.4,-0.01,5,13200,卖盘
595,13:16:52,26.4,0.0,1,2640,卖盘
596,13:17:04,26.4,0.0,14,36960,卖盘
597,13:17:07,26.4,0.0,19,50160,卖盘
598,13:17:10,26.4,0.0,4,10560,卖盘
599,13:17:19,26.39,-0.01,14,36946,卖盘
600,13:17:21,26.39,0.0,4,10556,卖盘
601,13:17:25,26.39,0.0,13,34307,卖盘
602,13:17:27,26.38,-0.01,4,10555,卖盘
603,13:17:33,26.36,-0.02,19,50119,卖盘
604,13:17:46,26.36,0.0,1,2636,卖盘
605,13:17:49,26.36,0.0,3,7908,卖盘
606,13:18:28,26.39,0.03,3,7917,买盘
607,13:18:49,26.39,0.0,2,5278,买盘
608,13:18:51,26.37,-0.02,2,5274,卖盘
609,13:20:19,26.39,0.02,2,5278,卖盘
610,13:20:58,26.41,0.02,7,18481,买盘
611,13:21:13,26.4,-0.01,5,13198,买盘
612,13:21:31,26.38,-0.02,2,5276,卖盘
613,13:21:55,26.38,0.0,4,10552,卖盘
614,13:22:48,26.41,0.03,6,15846,买盘
615,13:23:06,26.41,0.0,2,5282,卖盘
616,13:23:34,26.41,0.0,2,5282,卖盘
617,13:24:07,26.39,-0.02,2,5278,卖盘
618,13:25:58,26.39,0.0,1,2639,卖盘
619,13:26:00,26.39,0.0,1,2639,卖盘
620,13:26:18,26.39,0.0,8,21112,卖盘
621,13:26:33,26.39,0.0,1,2639,卖盘
622,13:27:25,26.38,-0.01,49,129289,卖盘
623,13:28:03,26.38,0.0,1,2638,卖盘
624,13:29:33,26.39,0.01,2,5278,卖盘
625,13:29:54,26.38,-0.01,1,2638,卖盘
626,13:30:13,26.38,0.0,2,5276,卖盘
627,13:30:40,26.39,0.01,10,26390,卖盘
628,13:30:49,26.38,-0.01,6,15828,卖盘
629,13:32:16,26.39,0.01,1,2639,卖盘
630,13:32:22,26.39,0.0,14,36946,卖盘
631,13:32:25,26.38,-0.01,10,26380,卖盘
632,13:32:28,26.38,0.0,14,36932,卖盘
633,13:32:34,26.38,0.0,2,5276,卖盘
634,13:32:36,26.38,0.0,16,42208,卖盘
635,13:32:39,26.38,0.0,8,21104,卖盘
636,13:32:43,26.38,0.0,8,21104,卖盘
637,13:32:46,26.38,0.0,5,13190,卖盘
638,13:32:49,26.38,0.0,7,18466,卖盘
639,13:32:54,26.37,-0.01,4,10548,卖盘
640,13:33:04,26.35,-0.02,50,131816,卖盘
641,13:33:31,26.35,0.0,10,26350,卖盘
642,13:33:34,26.35,0.0,10,26350,卖盘
643,13:33:46,26.37,0.02,6,15822,买盘
644,13:34:31,26.35,-0.02,24,63240,卖盘
645,13:34:43,26.34,-0.01,2,5268,卖盘
646,13:34:52,26.34,0.0,1,2634,卖盘
647,13:34:54,26.34,0.0,13,34242,卖盘
648,13:35:00,26.34,0.0,6,15804,卖盘
649,13:35:07,26.34,0.0,2,5268,卖盘
650,13:35:13,26.34,0.0,3,7902,买盘
651,13:35:16,26.33,-0.01,14,36864,卖盘
652,13:35:22,26.35,0.02,40,105400,买盘
653,13:35:43,26.34,-0.01,10,26340,买盘
654,13:35:55,26.34,0.0,2,5268,卖盘
655,13:36:34,26.34,0.0,3,7902,卖盘
656,13:36:43,26.35,0.01,1,2635,买盘
657,13:36:46,26.34,-0.01,12,31617,卖盘
658,13:36:51,26.39,0.05,1,2639,中性盘
659,13:36:55,26.34,-0.05,2,5268,卖盘
660,13:37:01,26.39,0.05,1,2639,买盘
661,13:37:48,26.34,-0.05,3,7902,卖盘
662,13:38:13,26.43,0.09,18,47548,买盘
663,13:39:34,26.42,0.07,18,47532,买盘
664,13:40:13,26.39,-0.03,1,2639,买盘
665,13:42:01,26.36,-0.03,5,13180,卖盘
666,13:42:22,26.39,0.03,2,5278,买盘
667,13:42:25,26.4,0.01,5,13200,买盘
668,13:42:27,26.4,0.0,15,39600,买盘
669,13:42:52,26.42,0.02,23,60766,买盘
670,13:42:57,26.43,0.01,15,39645,买盘
671,13:43:30,26.43,0.0,12,31709,买盘
672,13:43:40,26.42,-0.01,2,5284,卖盘
673,13:44:22,26.43,0.01,10,26430,买盘
674,13:44:36,26.43,0.0,2,5286,买盘
675,13:45:37,26.43,0.0,3,7927,买盘
676,13:45:52,26.42,-0.01,2,5284,卖盘
677,13:45:55,26.42,0.0,5,13210,卖盘
678,13:46:33,26.38,-0.04,1,2638,卖盘
679,13:46:43,26.38,0.0,9,23742,卖盘
680,13:46:46,26.38,0.0,5,13190,买盘
681,13:47:33,26.38,0.0,3,7914,买盘
682,13:47:57,26.38,0.0,1,2638,买盘
683,13:49:13,26.42,0.04,1,2642,买盘
684,13:49:16,26.43,0.01,4,10572,买盘
685,13:49:33,26.43,0.0,10,26430,买盘
686,13:49:37,26.43,0.0,9,25954,买盘
687,13:49:49,26.44,0.01,2,5288,买盘
688,13:50:07,26.45,0.01,3,7935,买盘
689,13:50:22,26.48,0.03,42,111195,买盘
690,13:50:24,26.48,0.0,5,13240,卖盘
691,13:50:49,26.49,0.01,12,31788,买盘
692,13:51:15,26.5,0.01,19,50350,买盘
693,13:51:21,26.48,-0.02,1,2648,卖盘
694,13:51:31,26.48,0.0,1,2648,卖盘
695,13:51:33,26.48,0.0,1,2648,卖盘
696,13:52:24,26.45,-0.03,1,2645,卖盘
697,13:52:34,26.37,-0.08,86,227143,卖盘
698,13:52:55,26.37,0.0,21,55377,卖盘
699,13:54:12,26.48,0.11,1,2648,买盘
700,13:54:37,26.48,0.0,7,18536,买盘
701,13:56:09,26.41,-0.07,17,44899,卖盘
702,13:56:12,26.41,0.0,1,2641,买盘
703,13:56:31,26.39,-0.02,15,39585,卖盘
704,13:56:36,26.39,0.0,1,2639,卖盘
705,13:56:42,26.39,0.0,15,39597,卖盘
706,13:58:07,26.41,0.02,5,13205,买盘
707,14:00:37,26.43,0.02,2,5286,买盘
708,14:01:28,26.43,0.0,3,7929,买盘
709,14:02:00,26.43,0.0,1,2643,买盘
710,14:02:27,26.42,-0.01,2,5284,卖盘
711,14:02:34,26.43,0.01,3,7929,买盘
712,14:02:43,26.43,0.0,5,13215,买盘
713,14:03:04,26.47,0.04,2,5294,买盘
714,14:03:39,26.48,0.01,25,66200,买盘
715,14:03:55,26.48,0.0,7,18536,中性盘
716,14:04:04,26.48,0.0,1,2648,卖盘
717,14:04:06,26.48,0.0,5,13240,卖盘
718,14:04:42,26.48,0.0,5,13240,卖盘
719,14:05:16,26.48,0.0,25,66200,卖盘
720,14:05:21,26.48,0.0,1,2648,卖盘
721,14:05:25,26.49,0.01,5,13245,买盘
722,14:05:40,26.49,0.0,1,2649,卖盘
723,14:05:43,26.5,0.01,2,5300,买盘
724,14:06:00,26.49,-0.01,5,13245,卖盘
725,14:06:04,26.5,0.01,1,2650,买盘
726,14:06:27,26.49,-0.01,3,7948,卖盘
727,14:06:52,26.49,0.0,3,7947,买盘
728,14:07:28,26.5,0.01,4,10600,买盘
729,14:07:45,26.53,0.03,10,26530,买盘
730,14:08:04,26.55,0.02,7,18585,买盘
731,14:08:07,26.55,0.0,3,7965,买盘
732,14:08:37,26.58,0.03,1,2658,卖盘
733,14:08:58,26.58,0.0,7,18606,买盘
734,14:09:06,26.6,0.02,12,31916,买盘
735,14:09:13,26.61,0.01,1,2661,买盘
736,14:09:16,26.6,-0.01,17,45220,卖盘
737,14:09:31,26.58,-0.02,3,7974,卖盘
738,14:09:34,26.58,0.0,4,10632,卖盘
739,14:09:43,26.59,0.01,4,10636,买盘
740,14:09:46,26.59,0.0,6,15954,卖盘
741,14:09:57,26.59,0.0,1,2659,买盘
742,14:10:16,26.59,0.0,2,5318,卖盘
743,14:10:25,26.6,0.01,24,63838,买盘
744,14:10:28,26.6,0.0,3,7980,卖盘
745,14:10:30,26.6,0.0,6,15960,卖盘
746,14:10:45,26.6,0.0,17,45210,买盘
747,14:11:10,26.57,-0.03,1,2657,卖盘
748,14:11:12,26.61,0.04,41,109076,买盘
749,14:11:30,26.61,0.0,1,2661,卖盘
750,14:11:34,26.61,0.0,6,15966,卖盘
751,14:11:48,26.61,0.0,4,10644,卖盘
752,14:11:51,26.61,0.0,3,7983,卖盘
753,14:11:57,26.61,0.0,1,2661,卖盘
754,14:12:01,26.61,0.0,5,13305,卖盘
755,14:12:04,26.62,0.01,10,26613,买盘
756,14:12:28,26.62,0.0,39,103816,买盘
757,14:12:40,26.62,0.0,15,39930,买盘
758,14:13:16,26.62,0.0,10,26620,买盘
759,14:14:28,26.58,-0.04,1,2658,卖盘
760,14:16:33,26.58,0.0,1,2658,卖盘
761,14:17:10,26.58,0.0,1,2658,卖盘
762,14:17:16,26.58,0.0,1,2658,卖盘
763,14:18:40,26.58,0.0,4,10632,卖盘
764,14:18:43,26.58,0.0,6,15948,卖盘
765,14:19:01,26.58,0.0,1,2658,买盘
766,14:19:28,26.56,-0.02,5,13283,卖盘
767,14:19:33,26.56,0.0,6,15936,卖盘
768,14:19:46,26.56,0.0,15,39852,卖盘
769,14:20:06,26.56,0.0,5,13280,卖盘
770,14:20:54,26.56,0.0,4,10624,卖盘
771,14:21:55,26.56,0.0,2,5312,卖盘
772,14:23:39,26.56,0.0,9,23904,卖盘
773,14:23:49,26.56,0.0,4,10624,买盘
774,14:23:54,26.56,0.0,6,15936,买盘
775,14:24:10,26.55,-0.01,5,13279,卖盘
776,14:24:40,26.57,0.02,1,2657,买盘
777,14:24:43,26.58,0.01,3,7972,买盘
778,14:24:46,26.58,0.0,3,7974,买盘
779,14:24:49,26.59,0.01,1,2659,买盘
780,14:24:51,26.59,0.0,2,5318,买盘
781,14:24:57,26.59,0.0,2,5318,买盘
782,14:25:01,26.55,-0.04,26,69034,卖盘
783,14:25:57,26.57,0.02,3,7971,卖盘
784,14:27:57,26.57,0.0,11,29227,卖盘
785,14:29:30,26.57,0.0,9,23915,卖盘
786,14:29:58,26.57,0.0,10,26570,买盘
787,14:30:06,26.57,0.0,1,2657,买盘
788,14:30:46,26.55,-0.02,5,13275,卖盘
789,14:31:01,26.55,0.0,1,2655,卖盘
790,14:31:36,26.55,0.0,4,10620,卖盘
791,14:32:10,26.55,0.0,3,7965,卖盘
792,14:32:13,26.55,0.0,8,21240,买盘
793,14:32:39,26.55,0.0,2,5310,卖盘
794,14:33:18,26.53,-0.02,3,7959,卖盘
795,14:33:22,26.53,0.0,4,10612,卖盘
796,14:33:25,26.53,0.0,1,2653,卖盘
797,14:33:30,26.54,0.01,1,2654,买盘
798,14:33:55,26.53,-0.01,7,18571,卖盘
799,14:34:28,26.51,-0.02,16,42428,卖盘
800,14:34:43,26.51,0.0,11,29161,卖盘
801,14:34:49,26.51,0.0,4,10604,卖盘
802,14:34:58,26.5,-0.01,1,2650,卖盘
803,14:35:01,26.5,0.0,11,29150,卖盘
804,14:35:27,26.5,0.0,6,15900,卖盘
805,14:35:45,26.5,0.0,4,10600,卖盘
806,14:35:57,26.5,0.0,1,2650,卖盘
807,14:36:01,26.5,0.0,2,5300,卖盘
808,14:36:04,26.5,0.0,1,2650,卖盘
809,14:36:48,26.5,0.0,3,7950,买盘
810,14:37:10,26.5,0.0,3,7950,买盘
811,14:37:13,26.48,-0.02,33,87384,卖盘
812,14:37:16,26.47,-0.01,2,5297,卖盘
813,14:37:33,26.47,0.0,20,52940,卖盘
814,14:38:57,26.44,-0.03,1,2644,卖盘
815,14:39:07,26.44,0.0,1,2644,买盘
816,14:39:46,26.44,0.0,22,58188,卖盘
817,14:40:16,26.44,0.0,3,7932,卖盘
818,14:40:54,26.48,0.04,1,2648,买盘
819,14:40:57,26.48,0.0,1,2648,卖盘
820,14:41:54,26.48,0.0,8,21184,卖盘
821,14:42:00,26.48,0.0,2,5296,卖盘
822,14:42:16,26.49,0.01,9,23841,买盘
823,14:42:21,26.49,0.0,2,5298,卖盘
824,14:42:40,26.49,0.0,3,7947,卖盘
825,14:42:49,26.49,0.0,2,5298,买盘
826,14:42:52,26.49,0.0,1,2649,卖盘
827,14:42:55,26.48,-0.01,40,105957,卖盘
828,14:43:04,26.48,0.0,18,47664,卖盘
829,14:44:13,26.5,0.02,15,39750,买盘
830,14:44:22,26.5,0.0,2,5300,买盘
831,14:44:34,26.48,-0.02,1,2648,卖盘
832,14:44:37,26.5,0.02,10,26500,买盘
833,14:44:40,26.5,0.0,11,29150,买盘
834,14:44:58,26.5,0.0,3,7950,买盘
835,14:45:09,26.5,0.0,4,10600,买盘
836,14:45:13,26.5,0.0,1,2650,买盘
837,14:45:28,26.5,0.0,13,34450,买盘
838,14:45:37,26.49,-0.01,5,13245,中性盘
839,14:45:57,26.5,0.01,1,2650,买盘
840,14:46:07,26.5,0.0,2,5300,买盘
841,14:46:19,26.5,0.0,5,13250,卖盘
842,14:46:58,26.52,0.02,1,2652,买盘
843,14:47:22,26.52,0.0,15,39780,卖盘
844,14:47:25,26.52,0.0,4,10608,卖盘
845,14:47:43,26.52,0.0,7,18564,卖盘
846,14:48:07,26.5,-0.02,30,79500,卖盘
847,14:48:15,26.5,0.0,8,21200,买盘
848,14:48:37,26.48,-0.02,6,15888,卖盘
849,14:48:40,26.48,0.0,4,10592,卖盘
850,14:48:43,26.5,0.02,10,26500,买盘
851,14:48:57,26.49,-0.01,4,10596,卖盘
852,14:49:04,26.48,-0.01,12,31776,卖盘
853,14:49:21,26.49,0.01,9,23834,买盘
854,14:49:31,26.49,0.0,30,79470,买盘
855,14:49:37,26.48,-0.01,10,26480,卖盘
856,14:49:40,26.48,0.0,6,15888,卖盘
857,14:49:45,26.48,0.0,14,37072,买盘
858,14:49:48,26.46,-0.02,50,132336,卖盘
859,14:50:01,26.49,0.03,3,7946,买盘
860,14:50:06,26.47,-0.02,2,5294,卖盘
861,14:50:12,26.45,-0.02,14,37034,卖盘
862,14:50:19,26.45,0.0,4,10580,买盘
863,14:50:37,26.44,-0.01,32,84608,卖盘
864,14:50:43,26.44,0.0,4,10576,买盘
865,14:50:55,26.43,-0.01,1,2643,卖盘
866,14:51:01,26.43,0.0,1,2643,卖盘
867,14:51:04,26.43,0.0,12,31716,卖盘
868,14:51:06,26.43,0.0,10,26430,卖盘
869,14:51:12,26.43,0.0,7,18501,卖盘
870,14:51:16,26.42,-0.01,4,10568,卖盘
871,14:51:31,26.42,0.0,30,79260,卖盘
872,14:51:40,26.41,-0.01,1,2641,卖盘
873,14:51:49,26.42,0.01,9,23778,买盘
874,14:51:51,26.4,-0.02,65,171610,卖盘
875,14:52:01,26.42,0.02,1,2642,卖盘
876,14:52:12,26.4,-0.02,3,7920,卖盘
877,14:52:22,26.41,0.01,2,5282,买盘
878,14:52:25,26.41,0.0,8,21128,卖盘
879,14:52:28,26.4,-0.01,16,42240,卖盘
880,14:52:40,26.4,0.0,16,42240,买盘
881,14:52:43,26.4,0.0,1,2640,买盘
882,14:52:49,26.4,0.0,22,58080,买盘
883,14:52:55,26.4,0.0,3,7920,卖盘
884,14:52:58,26.4,0.0,5,13200,卖盘
885,14:53:01,26.4,0.0,3,7920,买盘
886,14:53:25,26.41,0.01,4,10564,买盘
887,14:53:42,26.42,0.01,20,52840,买盘
888,14:53:49,26.41,-0.01,11,29051,卖盘
889,14:53:58,26.41,0.0,37,97717,买盘
890,14:54:04,26.41,0.0,3,7923,买盘
891,14:54:10,26.41,0.0,5,13205,买盘
892,14:54:13,26.4,-0.01,3,7920,卖盘
893,14:54:16,26.41,0.01,5,13205,买盘
894,14:54:19,26.4,-0.01,42,110880,卖盘
895,14:54:22,26.4,0.0,8,21120,买盘
896,14:54:33,26.4,0.0,9,23760,买盘
897,14:54:37,26.4,0.0,1,2640,卖盘
898,14:54:40,26.4,0.0,4,10560,卖盘
899,14:54:43,26.4,0.0,8,21120,卖盘
900,14:54:54,26.4,0.0,4,10560,卖盘
901,14:55:04,26.41,0.01,88,232261,买盘
902,14:55:22,26.4,-0.01,2,5280,买盘
903,14:55:28,26.41,0.01,1,2641,买盘
904,14:55:31,26.42,0.01,15,39627,买盘
905,14:55:33,26.42,0.0,15,39630,买盘
906,14:55:36,26.41,-0.01,2,5282,买盘
907,14:55:43,26.41,0.0,5,13205,买盘
908,14:55:46,26.41,0.0,1,2641,买盘
909,14:55:49,26.41,0.0,19,50179,卖盘
910,14:55:55,26.4,-0.01,1,2640,卖盘
911,14:56:06,26.4,0.0,52,137328,卖盘
912,14:56:15,26.4,0.0,5,13203,卖盘
913,14:56:22,26.42,0.02,1,2642,买盘
914,14:56:24,26.41,-0.01,2,5282,买盘
915,14:56:37,26.41,0.0,12,31692,买盘
916,14:56:57,26.42,0.01,1,2642,买盘
917,14:57:00,26.42,0.0,13,34346,买盘
918,15:00:05,26.4,-0.02,136,359040,卖盘
