,time,price,change,volume,amount,type
0,09:25:04,9.88,-0.06,189,186732,买盘
1,09:30:04,9.88,0.0,8,7904,卖盘
2,09:30:07,9.91,0.03,50,49464,中性盘
3,09:30:10,9.91,0.0,3,2973,买盘
4,09:30:13,9.88,-0.03,24,23734,卖盘
5,09:30:25,9.87,-0.01,30,29668,卖盘
6,09:30:31,9.85,-0.02,291,287067,卖盘
7,09:30:34,9.85,0.0,52,51220,买盘
8,09:30:36,9.81,-0.04,118,115836,卖盘
9,09:30:40,9.82,0.01,87,85655,中性盘
10,09:30:43,9.85,0.03,24,23591,买盘
11,09:30:46,9.81,-0.04,4,3927,卖盘
12,09:30:49,9.81,0.0,7,6867,卖盘
13,09:30:55,9.81,0.0,10,9810,买盘
14,09:31:04,9.85,0.04,2,1970,买盘
15,09:31:07,9.85,0.0,20,19700,买盘
16,09:31:13,9.85,0.0,2,1970,买盘
17,09:31:16,9.85,0.0,76,74860,买盘
18,09:31:18,9.83,-0.02,73,71810,卖盘
19,09:31:37,9.82,-0.01,10,9824,卖盘
20,09:31:40,9.85,0.03,7,6889,买盘
21,09:31:49,9.83,-0.02,103,101305,卖盘
22,09:32:04,9.85,0.02,132,129687,买盘
23,09:32:07,9.86,0.01,44,43367,买盘
24,09:32:10,9.86,0.0,8,7888,卖盘
25,09:32:16,9.86,0.0,49,48314,卖盘
26,09:32:22,9.86,0.0,106,104516,卖盘
27,09:32:25,9.86,0.0,1,986,买盘
28,09:32:28,9.87,0.01,36,35523,买盘
29,09:32:37,9.87,0.0,11,10857,卖盘
30,09:32:39,9.89,0.02,15,14822,买盘
31,09:32:46,9.89,0.0,4,3956,卖盘
32,09:32:49,9.89,0.0,21,20789,卖盘
33,09:33:04,9.91,0.02,1,991,买盘
34,09:33:06,9.91,0.0,7,6934,买盘
35,09:33:19,9.9,-0.01,12,11880,卖盘
36,09:33:24,9.9,0.0,1,990,卖盘
37,09:33:37,9.89,-0.01,28,27700,卖盘
38,09:33:40,9.89,0.0,1,989,卖盘
39,09:33:43,9.89,0.0,42,41538,卖盘
40,09:33:46,9.87,-0.02,1,987,卖盘
41,09:33:52,9.87,0.0,4,3948,卖盘
42,09:33:54,9.87,0.0,35,34575,卖盘
43,09:33:58,9.87,0.0,1,987,卖盘
44,09:34:01,9.87,0.0,3,2961,卖盘
45,09:34:04,9.87,0.0,1,987,买盘
46,09:34:07,9.86,-0.01,1,986,中性盘
47,09:34:09,9.86,0.0,1,986,中性盘
48,09:34:13,9.87,0.01,16,15773,买盘
49,09:34:16,9.83,-0.04,17,16740,卖盘
50,09:34:19,9.87,0.04,21,20727,买盘
51,09:34:22,9.84,-0.03,8,7878,卖盘
52,09:34:25,9.87,0.03,6,5922,买盘
53,09:34:28,9.87,0.0,12,11814,买盘
54,09:34:31,9.86,-0.01,2,1972,中性盘
55,09:34:37,9.84,-0.02,3,2952,卖盘
56,09:34:40,9.84,0.0,1,984,买盘
57,09:34:43,9.84,0.0,1,984,买盘
58,09:34:46,9.84,0.0,2,1968,买盘
59,09:34:48,9.84,0.0,1,984,买盘
60,09:34:52,9.84,0.0,1,984,买盘
61,09:34:55,9.86,0.02,24,23595,买盘
62,09:34:58,9.86,0.0,1,986,买盘
63,09:35:01,9.83,-0.03,1,983,卖盘
64,09:35:04,9.84,0.01,3,2952,买盘
65,09:35:07,9.83,-0.01,35,34414,卖盘
66,09:35:10,9.83,0.0,43,42271,卖盘
67,09:35:16,9.83,0.0,8,7864,卖盘
68,09:35:19,9.85,0.02,44,43324,买盘
69,09:35:22,9.85,0.0,14,13782,买盘
70,09:35:25,9.85,0.0,1,985,买盘
71,09:35:27,9.85,0.0,1,985,买盘
72,09:35:31,9.86,0.01,3,2957,买盘
73,09:35:34,9.86,0.0,1,986,买盘
74,09:35:37,9.86,0.0,1,986,买盘
75,09:35:40,9.85,-0.01,21,20694,中性盘
76,09:35:42,9.87,0.02,4,3948,买盘
77,09:35:46,9.87,0.0,8,7891,买盘
78,09:35:49,9.89,0.02,34,33571,买盘
79,09:35:52,9.85,-0.04,20,19727,卖盘
80,09:35:55,9.85,0.0,3,2955,卖盘
81,09:35:57,9.9,0.05,21,20771,买盘
82,09:36:01,9.87,-0.03,1,987,中性盘
83,09:36:04,9.9,0.03,1,990,买盘
84,09:36:07,9.87,-0.03,15,14842,卖盘
85,09:36:10,9.91,0.04,12,11892,买盘
86,09:36:16,9.91,0.0,10,9910,买盘
87,09:36:31,9.91,0.0,2,1605,卖盘
88,09:36:37,9.94,0.03,34,33789,买盘
89,09:36:49,9.94,0.0,40,39751,买盘
90,09:37:04,9.93,-0.01,11,10921,买盘
91,09:37:09,9.94,0.01,40,39723,买盘
92,09:37:12,9.94,0.0,50,49700,买盘
93,09:37:28,9.92,-0.02,4,3968,卖盘
94,09:37:31,9.92,0.0,5,4960,卖盘
95,09:37:34,9.92,0.0,7,6944,卖盘
96,09:37:37,9.92,0.0,9,8934,卖盘
97,09:37:43,9.93,0.01,10,9929,买盘
98,09:37:55,9.91,-0.02,30,29730,卖盘
99,09:37:57,9.91,0.0,30,29730,卖盘
100,09:38:04,9.9,-0.01,31,30711,卖盘
101,09:38:07,9.9,0.0,5,4950,卖盘
102,09:38:21,9.9,0.0,9,8910,买盘
103,09:38:25,9.9,0.0,2,1980,卖盘
104,09:38:28,9.89,-0.01,41,40963,卖盘
105,09:38:34,9.91,0.02,6,5946,买盘
106,09:38:40,9.9,-0.01,5,4950,卖盘
107,09:38:52,9.89,-0.01,14,13470,卖盘
108,09:38:57,9.88,-0.01,1,988,卖盘
109,09:39:05,9.88,0.0,2,1976,买盘
110,09:39:10,9.88,0.0,2,1976,买盘
111,09:39:13,9.88,0.0,3,2964,买盘
112,09:39:28,9.88,0.0,4,3952,卖盘
113,09:39:31,9.89,0.01,6,5934,卖盘
114,09:39:43,9.9,0.01,107,105857,买盘
115,09:39:45,9.88,-0.02,110,108405,卖盘
116,09:39:52,9.9,0.02,100,98808,买盘
117,09:39:58,9.91,0.01,63,62780,买盘
118,09:40:01,9.91,0.0,3,2973,卖盘
119,09:40:10,9.91,0.0,16,15856,卖盘
120,09:40:25,9.92,0.01,16,15872,买盘
121,09:40:28,9.92,0.0,4,3968,卖盘
122,09:40:31,9.91,-0.01,6,5946,卖盘
123,09:40:37,9.92,0.01,8,7936,买盘
124,09:40:49,9.92,0.0,7,6944,卖盘
125,09:40:54,9.91,-0.01,10,9910,卖盘
126,09:41:04,9.92,0.01,1,992,买盘
127,09:41:16,9.91,-0.01,4,3964,卖盘
128,09:41:21,9.91,0.0,54,53514,卖盘
129,09:41:28,9.91,0.0,100,99100,卖盘
130,09:41:31,9.91,0.0,20,19820,卖盘
131,09:41:34,9.91,0.0,8,7551,卖盘
132,09:41:40,9.88,-0.03,5,4940,卖盘
133,09:41:48,9.86,-0.02,11,10846,卖盘
134,09:41:58,9.86,0.0,7,6896,买盘
135,09:42:01,9.86,0.0,1,986,买盘
136,09:42:04,9.85,-0.01,19,18715,卖盘
137,09:42:07,9.86,0.01,15,14776,买盘
138,09:42:16,9.85,-0.01,8,7880,卖盘
139,09:42:19,9.86,0.01,18,17745,买盘
140,09:42:25,9.87,0.01,1,987,买盘
141,09:42:27,9.86,-0.01,4,3944,卖盘
142,09:42:31,9.86,0.0,16,15776,买盘
143,09:42:33,9.87,0.01,4,3948,买盘
144,09:42:40,9.88,0.01,2,1974,买盘
145,09:42:45,9.86,-0.02,4,3944,卖盘
146,09:42:52,9.85,-0.01,10,9851,卖盘
147,09:42:55,9.86,0.01,19,18718,买盘
148,09:42:58,9.86,0.0,7,6902,买盘
149,09:43:01,9.85,-0.01,7,6895,卖盘
150,09:43:04,9.85,0.0,2,1970,买盘
151,09:43:07,9.85,0.0,4,3940,买盘
152,09:43:10,9.85,0.0,3,2955,买盘
153,09:43:13,9.85,0.0,4,3940,买盘
154,09:43:15,9.85,0.0,54,53142,买盘
155,09:43:18,9.86,0.01,7,6902,买盘
156,09:43:22,9.86,0.0,2,1972,买盘
157,09:43:24,9.87,0.01,1,987,买盘
158,09:43:28,9.87,0.0,8,7896,买盘
159,09:43:30,9.87,0.0,5,4935,买盘
160,09:43:34,9.88,0.01,20,19745,买盘
161,09:43:37,9.86,-0.02,100,98600,卖盘
162,09:43:40,9.88,0.02,10,9876,买盘
163,09:43:46,9.88,0.0,1,988,卖盘
164,09:43:54,9.88,0.0,2,1976,买盘
165,09:43:58,9.88,0.0,3,2964,中性盘
166,09:44:01,9.88,0.0,9,8892,卖盘
167,09:44:04,9.89,0.01,2,1978,买盘
168,09:44:07,9.89,0.0,1,989,买盘
169,09:44:09,9.89,0.0,1,989,买盘
170,09:44:12,9.89,0.0,1,989,买盘
171,09:44:16,9.89,0.0,1,989,买盘
172,09:44:18,9.89,0.0,1,989,买盘
173,09:44:25,9.88,-0.01,2,1976,卖盘
174,09:44:28,9.89,0.01,10,9890,买盘
175,09:44:31,9.89,0.0,13,12857,买盘
176,09:44:37,9.88,-0.01,32,31636,卖盘
177,09:44:43,9.88,0.0,4,3952,卖盘
178,09:44:55,9.9,0.02,10,9900,买盘
179,09:45:13,9.88,-0.02,14,13832,卖盘
180,09:45:27,9.88,0.0,5,4940,卖盘
181,09:45:34,9.88,0.0,10,9880,卖盘
182,09:45:52,9.88,0.0,10,9880,买盘
183,09:45:58,9.88,0.0,4,3952,买盘
184,09:46:04,9.88,0.0,4,3952,买盘
185,09:46:10,9.88,0.0,3,2964,买盘
186,09:46:13,9.88,0.0,3,2964,买盘
187,09:46:16,9.88,0.0,6,5928,买盘
188,09:46:19,9.88,0.0,4,3952,买盘
189,09:46:22,9.88,0.0,4,3952,买盘
190,09:46:25,9.88,0.0,6,5926,买盘
191,09:46:28,9.88,0.0,7,6916,买盘
192,09:46:31,9.88,0.0,3,2964,买盘
193,09:46:33,9.87,-0.01,28,27644,卖盘
194,09:46:37,9.88,0.01,7,6916,买盘
195,09:46:40,9.87,-0.01,6,5925,卖盘
196,09:46:43,9.88,0.01,4,3952,买盘
197,09:46:46,9.88,0.0,2,1976,买盘
198,09:46:49,9.88,0.0,23,22724,买盘
199,09:46:52,9.88,0.0,2,1976,买盘
200,09:46:57,9.89,0.01,1,989,买盘
201,09:47:04,9.88,-0.01,1,988,买盘
202,09:47:10,9.88,0.0,3,2964,买盘
203,09:47:13,9.88,0.0,32,31616,卖盘
204,09:47:15,9.89,0.01,9,8901,买盘
205,09:47:19,9.89,0.0,3,2967,买盘
206,09:47:22,9.89,0.0,4,3956,买盘
207,09:47:25,9.89,0.0,5,4945,买盘
208,09:47:28,9.9,0.01,13,12860,买盘
209,09:47:31,9.89,-0.01,10,9890,买盘
210,09:47:34,9.89,0.0,6,5934,买盘
211,09:47:43,9.89,0.0,4,3956,卖盘
212,09:47:52,9.9,0.01,9,8910,买盘
213,09:48:01,9.9,0.0,26,25740,卖盘
214,09:48:07,9.91,0.01,6,5942,买盘
215,09:48:13,9.91,0.0,14,13874,买盘
216,09:48:40,9.91,0.0,30,29730,买盘
217,09:48:51,9.91,0.0,3,2973,卖盘
218,09:48:55,9.9,-0.01,10,9900,卖盘
219,09:49:06,9.92,0.02,15,14880,买盘
220,09:49:10,9.92,0.0,25,24800,卖盘
221,09:49:22,9.92,0.0,4,3968,买盘
222,09:49:28,9.93,0.01,4,3972,买盘
223,09:49:31,9.93,0.0,10,9930,买盘
224,09:49:36,9.94,0.01,60,59608,买盘
225,09:49:46,9.93,-0.01,17,16893,卖盘
226,09:49:49,9.94,0.01,11,10934,中性盘
227,09:49:55,9.94,0.0,22,21880,卖盘
228,09:49:58,9.95,0.01,10,9946,买盘
229,09:50:04,9.96,0.01,6,5976,买盘
230,09:50:10,9.97,0.01,69,68738,买盘
231,09:50:13,9.96,-0.01,40,39877,中性盘
232,09:50:27,9.96,0.0,8,7968,买盘
233,09:50:31,9.95,-0.01,10,9950,中性盘
234,09:50:34,9.93,-0.02,22,21864,卖盘
235,09:50:40,9.95,0.02,35,34825,买盘
236,09:50:42,9.94,-0.01,4,3976,卖盘
237,09:50:49,9.95,0.01,5,4975,买盘
238,09:50:55,9.93,-0.02,3,2981,卖盘
239,09:50:58,9.93,0.0,4,3972,卖盘
240,09:51:03,9.93,0.0,24,23836,卖盘
241,09:51:06,9.93,0.0,32,31798,卖盘
242,09:51:10,9.93,0.0,26,25818,买盘
243,09:51:13,9.92,-0.01,50,49644,卖盘
244,09:51:19,9.92,0.0,36,35712,卖盘
245,09:51:21,9.93,0.01,4,3972,买盘
246,09:51:25,9.93,0.0,18,17872,买盘
247,09:51:28,9.93,0.0,12,11916,买盘
248,09:51:31,9.93,0.0,32,31776,买盘
249,09:51:58,9.93,0.0,4,3972,买盘
250,09:52:06,9.87,-0.06,190,187999,卖盘
251,09:52:13,9.87,0.0,46,45445,卖盘
252,09:52:37,9.89,0.02,4,3956,卖盘
253,09:53:01,9.88,-0.01,3,2964,卖盘
254,09:53:22,9.88,0.0,4,3952,卖盘
255,09:53:34,9.89,0.01,1,989,买盘
256,09:53:36,9.89,0.0,16,15824,买盘
257,09:53:49,9.89,0.0,5,4945,买盘
258,09:53:52,9.92,0.03,9,8922,买盘
259,09:53:55,9.89,-0.03,1,989,卖盘
260,09:54:07,9.89,0.0,4,3956,卖盘
261,09:54:22,9.89,0.0,10,9890,卖盘
262,09:54:27,9.89,0.0,10,9890,买盘
263,09:54:34,9.89,0.0,10,9890,买盘
264,09:54:52,9.89,0.0,4,3956,卖盘
265,09:55:13,9.89,0.0,3,2967,卖盘
266,09:55:28,9.89,0.0,10,9890,卖盘
267,09:55:37,9.89,0.0,1,989,卖盘
268,09:55:55,9.88,-0.01,54,53352,卖盘
269,09:56:04,9.88,0.0,15,14820,卖盘
270,09:56:06,9.88,0.0,18,17784,卖盘
271,09:56:34,9.88,0.0,12,11856,买盘
272,09:56:43,9.88,0.0,3,2964,卖盘
273,09:56:46,9.88,0.0,2,1976,卖盘
274,09:56:55,9.86,-0.02,68,67105,卖盘
275,09:56:57,9.89,0.03,5,4945,买盘
276,09:57:31,9.86,-0.03,2,1972,卖盘
277,09:57:49,9.86,0.0,15,14800,卖盘
278,09:57:55,9.85,-0.01,11,10835,卖盘
279,09:58:01,9.85,0.0,2,1970,卖盘
280,09:58:07,9.84,-0.01,12,11811,卖盘
281,09:58:22,9.85,0.01,1,985,买盘
282,09:58:37,9.85,0.0,4,3940,卖盘
283,09:58:52,9.82,-0.03,207,203499,卖盘
284,09:58:55,9.85,0.03,20,19702,卖盘
285,09:58:58,9.83,-0.02,4,3932,卖盘
286,09:59:07,9.83,0.0,6,5898,卖盘
287,09:59:21,9.85,0.02,36,35394,买盘
288,09:59:31,9.83,-0.02,15,14745,卖盘
289,09:59:34,9.85,0.02,8,7880,买盘
290,09:59:37,9.83,-0.02,19,18677,卖盘
291,09:59:39,9.83,0.0,1,983,买盘
292,09:59:52,9.82,-0.01,55,54020,卖盘
293,10:00:04,9.82,0.0,100,98200,卖盘
294,10:00:28,9.84,0.02,16,15744,卖盘
295,10:00:43,9.84,0.0,76,74784,买盘
296,10:01:06,9.84,0.0,9,8856,买盘
297,10:01:13,9.84,0.0,3,2952,买盘
298,10:01:19,9.83,-0.01,8,7871,卖盘
299,10:01:22,9.84,0.01,3,2952,买盘
300,10:01:25,9.85,0.01,4,3940,买盘
301,10:01:43,9.84,-0.01,16,15744,卖盘
302,10:02:04,9.83,-0.01,50,49150,卖盘
303,10:02:13,9.84,0.01,38,37392,买盘
304,10:02:46,9.85,0.01,10,9850,买盘
305,10:02:52,9.84,-0.01,16,15744,中性盘
306,10:02:55,9.84,0.0,5,4920,卖盘
307,10:03:10,9.85,0.01,20,19700,买盘
308,10:03:15,9.84,-0.01,1,984,卖盘
309,10:03:19,9.84,0.0,4,3936,卖盘
310,10:03:22,9.84,0.0,12,11808,卖盘
311,10:03:25,9.86,0.02,42,41371,买盘
312,10:03:37,9.85,-0.01,4,3940,卖盘
313,10:03:46,9.85,0.0,64,63040,卖盘
314,10:03:57,9.84,-0.01,1,984,卖盘
315,10:04:04,9.83,-0.01,14,13762,卖盘
316,10:04:10,9.83,0.0,26,25558,卖盘
317,10:04:13,9.83,0.0,3,2949,卖盘
318,10:04:22,9.82,-0.01,2,1964,卖盘
319,10:04:25,9.83,0.01,28,27524,买盘
320,10:04:28,9.82,-0.01,4,3928,卖盘
321,10:04:49,9.82,0.0,53,52046,卖盘
322,10:04:52,9.82,0.0,7,6874,卖盘
323,10:04:58,9.83,0.01,2,1966,买盘
324,10:05:06,9.82,-0.01,4,3928,卖盘
325,10:05:10,9.82,0.0,53,52046,卖盘
326,10:05:16,9.83,0.01,25,24569,买盘
327,10:05:24,9.81,-0.02,15,14715,卖盘
328,10:05:33,9.81,0.0,17,16677,卖盘
329,10:05:55,9.82,0.01,3,2946,买盘
330,10:06:07,9.82,0.0,2,1964,卖盘
331,10:06:12,9.82,0.0,2,1964,买盘
332,10:06:16,9.82,0.0,2,1964,卖盘
333,10:06:31,9.83,0.01,8,7864,买盘
334,10:06:33,9.83,0.0,6,5898,买盘
335,10:06:40,9.84,0.01,16,15744,买盘
336,10:06:43,9.84,0.0,10,9840,买盘
337,10:07:07,9.84,0.0,3,2952,卖盘
338,10:07:10,9.86,0.02,34,33524,买盘
339,10:07:19,9.86,0.0,20,19725,卖盘
340,10:07:31,9.88,0.02,10,9872,买盘
341,10:08:00,9.89,0.01,7,6923,买盘
342,10:08:07,9.89,0.0,13,12857,卖盘
343,10:08:19,9.9,0.01,15,14850,买盘
344,10:08:39,9.9,0.0,14,13860,买盘
345,10:08:52,9.89,-0.01,80,79120,卖盘
346,10:08:57,9.88,-0.01,5,4940,卖盘
347,10:09:04,9.87,-0.01,19,18753,卖盘
348,10:09:28,9.84,-0.03,18,17712,卖盘
349,10:09:55,9.84,0.0,1,984,卖盘
350,10:10:07,9.84,0.0,3,2952,卖盘
351,10:10:28,9.85,0.01,5,4925,买盘
352,10:10:34,9.85,0.0,6,5910,卖盘
353,10:11:00,9.84,-0.01,13,12797,卖盘
354,10:11:07,9.84,0.0,7,6888,卖盘
355,10:11:16,9.86,0.02,38,37468,买盘
356,10:11:52,9.86,0.0,3,2958,买盘
357,10:12:01,9.86,0.0,6,5916,卖盘
358,10:12:06,9.86,0.0,3,2958,卖盘
359,10:12:12,9.86,0.0,30,29580,卖盘
360,10:12:28,9.85,-0.01,2,1970,卖盘
361,10:12:33,9.87,0.02,11,10857,买盘
362,10:13:19,9.86,-0.01,3,2958,买盘
363,10:13:37,9.85,-0.01,2,1970,卖盘
364,10:13:42,9.85,0.0,10,9850,卖盘
365,10:13:49,9.84,-0.01,2,1968,卖盘
366,10:14:10,9.84,0.0,9,8856,卖盘
367,10:14:33,9.84,0.0,33,32472,卖盘
368,10:14:52,9.83,-0.01,11,10813,卖盘
369,10:14:58,9.83,0.0,36,35388,卖盘
370,10:15:04,9.83,0.0,2,1966,卖盘
371,10:15:16,9.83,0.0,2,1966,买盘
372,10:15:25,9.82,-0.01,8,7856,卖盘
373,10:15:28,9.82,0.0,6,5892,卖盘
374,10:15:31,9.82,0.0,1,982,卖盘
375,10:15:37,9.82,0.0,10,9820,卖盘
376,10:15:40,9.82,0.0,8,7862,卖盘
377,10:15:42,9.82,0.0,5,4910,卖盘
378,10:16:06,9.82,0.0,8,7856,卖盘
379,10:16:09,9.84,0.02,85,83631,买盘
380,10:16:28,9.82,-0.02,44,43208,卖盘
381,10:16:40,9.83,0.01,4,3932,卖盘
382,10:17:15,9.83,0.0,8,7864,卖盘
383,10:17:19,9.83,0.0,12,11796,卖盘
384,10:17:45,9.83,0.0,3,2949,卖盘
385,10:17:49,9.83,0.0,4,3932,卖盘
386,10:17:52,9.83,0.0,4,3932,卖盘
387,10:17:58,9.83,0.0,1,983,卖盘
388,10:18:10,9.83,0.0,6,5898,卖盘
389,10:18:19,9.83,0.0,4,3932,卖盘
390,10:19:01,9.83,0.0,2,1966,卖盘
391,10:19:07,9.84,0.01,4,3936,买盘
392,10:19:10,9.83,-0.01,3,2949,卖盘
393,10:19:28,9.83,0.0,10,9830,卖盘
394,10:19:31,9.83,0.0,5,4915,卖盘
395,10:19:55,9.83,0.0,20,19660,卖盘
396,10:20:10,9.83,0.0,8,7864,卖盘
397,10:20:22,9.83,0.0,50,49150,卖盘
398,10:20:25,9.83,0.0,31,30503,卖盘
399,10:20:58,9.83,0.0,3,2949,买盘
400,10:21:01,9.83,0.0,5,4915,卖盘
401,10:21:34,9.83,0.0,15,14745,卖盘
402,10:21:37,9.83,0.0,9,8847,卖盘
403,10:21:43,9.82,-0.01,2,1964,卖盘
404,10:22:10,9.82,0.0,11,10802,卖盘
405,10:22:24,9.82,0.0,9,8838,卖盘
406,10:22:48,9.82,0.0,1,982,卖盘
407,10:22:52,9.81,-0.01,300,294454,卖盘
408,10:23:04,9.81,0.0,21,20601,卖盘
409,10:23:13,9.81,0.0,30,29430,买盘
410,10:23:15,9.8,-0.01,41,40180,卖盘
411,10:23:19,9.8,0.0,3,2940,卖盘
412,10:23:25,9.8,0.0,61,59780,卖盘
413,10:23:28,9.81,0.01,5,4905,买盘
414,10:23:43,9.81,0.0,10,9810,买盘
415,10:23:45,9.8,-0.01,10,9800,卖盘
416,10:23:49,9.8,0.0,11,10780,卖盘
417,10:24:04,9.81,0.01,2,1962,买盘
418,10:24:19,9.78,-0.03,290,283871,卖盘
419,10:24:24,9.83,0.05,64,62833,买盘
420,10:24:31,9.83,0.0,20,19660,卖盘
421,10:24:42,9.83,0.0,20,19660,卖盘
422,10:24:49,9.84,0.01,11,10824,买盘
423,10:24:58,9.83,-0.01,44,43252,卖盘
424,10:25:01,9.82,-0.01,60,58920,买盘
425,10:25:04,9.81,-0.01,4,3924,卖盘
426,10:25:28,9.81,0.0,1,981,买盘
427,10:25:34,9.84,0.03,17,16722,买盘
428,10:25:43,9.85,0.01,12,11820,买盘
429,10:25:52,9.84,-0.01,2,1968,卖盘
430,10:26:42,9.85,0.01,18,17730,买盘
431,10:27:12,9.85,0.0,3,2955,买盘
432,10:27:36,9.84,-0.01,87,85618,卖盘
433,10:27:43,9.86,0.02,10,9860,买盘
434,10:27:49,9.84,-0.02,4,3936,卖盘
435,10:28:06,9.84,0.0,3,2952,卖盘
436,10:28:12,9.84,0.0,27,26568,卖盘
437,10:28:40,9.83,-0.01,3,2949,买盘
438,10:29:07,9.83,0.0,4,3932,卖盘
439,10:29:16,9.83,0.0,154,151706,卖盘
440,10:29:21,9.83,0.0,7,6881,买盘
441,10:29:43,9.84,0.01,1,984,买盘
442,10:29:49,9.86,0.02,41,40397,买盘
443,10:30:07,9.86,0.0,3,2958,卖盘
444,10:30:31,9.86,0.0,7,6902,卖盘
445,10:30:37,9.86,0.0,20,19720,卖盘
446,10:30:43,9.86,0.0,39,38454,卖盘
447,10:30:46,9.86,0.0,7,6902,买盘
448,10:30:54,9.83,-0.03,1,983,卖盘
449,10:31:00,9.83,0.0,1,983,卖盘
450,10:31:04,9.84,0.01,3,2951,买盘
451,10:31:07,9.84,0.0,3,2952,卖盘
452,10:31:10,9.84,0.0,9,8856,卖盘
453,10:31:25,9.86,0.02,106,104508,买盘
454,10:31:30,9.86,0.0,5,4930,卖盘
455,10:31:40,9.86,0.0,1,986,卖盘
456,10:31:45,9.86,0.0,8,7888,卖盘
457,10:32:04,9.85,-0.01,4,3940,买盘
458,10:32:16,9.84,-0.01,22,21648,卖盘
459,10:32:22,9.84,0.0,5,4920,卖盘
460,10:32:25,9.85,0.01,6,5910,买盘
461,10:32:28,9.86,0.01,42,41412,买盘
462,10:32:33,9.86,0.0,2,1972,卖盘
463,10:32:52,9.88,0.02,30,29611,买盘
464,10:32:57,9.86,-0.02,5,4930,卖盘
465,10:33:01,9.86,0.0,4,3944,卖盘
466,10:33:07,9.88,0.02,14,13828,买盘
467,10:33:22,9.88,0.0,4,3952,卖盘
468,10:33:24,9.89,0.01,40,39560,买盘
469,10:33:27,9.88,-0.01,22,21736,卖盘
470,10:33:31,9.89,0.01,3,2967,买盘
471,10:33:39,9.89,0.0,2,1978,卖盘
472,10:33:42,9.88,-0.01,8,7904,卖盘
473,10:33:46,9.88,0.0,1,988,买盘
474,10:33:52,9.89,0.01,32,31624,买盘
475,10:34:07,9.89,0.0,3,2967,卖盘
476,10:34:10,9.89,0.0,2,1978,中性盘
477,10:34:22,9.88,-0.01,4,3952,卖盘
478,10:34:30,9.87,-0.01,50,49350,卖盘
479,10:34:34,9.87,0.0,32,31584,卖盘
480,10:34:36,9.87,0.0,23,22701,卖盘
481,10:35:01,9.88,0.01,10,9880,买盘
482,10:35:04,9.87,-0.01,102,100674,卖盘
483,10:35:12,9.87,0.0,20,19740,卖盘
484,10:35:28,9.88,0.01,1,988,买盘
485,10:35:37,9.88,0.0,2,1976,买盘
486,10:35:43,9.88,0.0,2,1976,买盘
487,10:35:49,9.88,0.0,24,23712,卖盘
488,10:35:58,9.9,0.02,48,47509,买盘
489,10:36:01,9.9,0.0,2,1980,卖盘
490,10:36:07,9.9,0.0,4,3960,卖盘
491,10:36:19,9.92,0.02,50,49600,买盘
492,10:36:28,9.92,0.0,8,7936,买盘
493,10:36:34,9.92,0.0,8,7936,买盘
494,10:36:43,9.93,0.01,1,993,买盘
495,10:36:52,9.93,0.0,4,3972,卖盘
496,10:37:01,9.94,0.01,80,79520,买盘
497,10:37:07,9.94,0.0,3,2982,卖盘
498,10:37:16,9.95,0.01,22,21890,买盘
499,10:37:19,9.94,-0.01,23,22865,卖盘
500,10:37:22,9.94,0.0,14,13916,卖盘
501,10:37:25,9.95,0.01,83,82585,买盘
502,10:37:28,9.95,0.0,37,36815,卖盘
503,10:37:31,9.95,0.0,2,1990,卖盘
504,10:37:34,9.95,0.0,1,995,卖盘
505,10:37:37,9.94,-0.01,21,20885,卖盘
506,10:37:43,9.94,0.0,15,14910,卖盘
507,10:37:51,9.94,0.0,46,45724,买盘
508,10:37:54,9.95,0.01,30,29850,买盘
509,10:38:01,9.94,-0.01,16,15904,卖盘
510,10:38:04,9.95,0.01,20,19900,买盘
511,10:38:07,9.94,-0.01,3,2982,卖盘
512,10:38:10,9.94,0.0,11,10934,卖盘
513,10:38:22,9.93,-0.01,23,22839,卖盘
514,10:38:28,9.93,0.0,21,20853,卖盘
515,10:38:30,9.92,-0.01,4,3968,卖盘
516,10:38:34,9.92,0.0,10,9920,卖盘
517,10:38:43,9.91,-0.01,14,13874,卖盘
518,10:38:46,9.92,0.01,10,9920,买盘
519,10:38:49,9.92,0.0,1,992,卖盘
520,10:38:52,9.92,0.0,14,13888,卖盘
521,10:39:01,9.91,-0.01,20,19780,买盘
522,10:39:04,9.91,0.0,1,991,卖盘
523,10:39:07,9.87,-0.04,15,14821,卖盘
524,10:39:49,9.91,0.04,2,1982,买盘
525,10:39:55,9.88,-0.03,26,25688,卖盘
526,10:40:04,9.87,-0.01,60,59220,卖盘
527,10:40:07,9.88,0.01,17,16796,买盘
528,10:40:10,9.88,0.0,3,2964,卖盘
529,10:40:13,9.91,0.03,24,23783,买盘
530,10:40:48,9.9,-0.01,26,25740,买盘
531,10:41:34,9.89,-0.01,2,1978,买盘
532,10:41:37,9.89,0.0,1,989,卖盘
533,10:42:07,9.9,0.01,41,40587,买盘
534,10:43:07,9.9,0.0,4,3960,卖盘
535,10:43:18,9.9,0.0,10,9900,卖盘
536,10:43:25,9.9,0.0,4,3960,卖盘
537,10:43:51,9.89,-0.01,5,4945,卖盘
538,10:44:04,9.89,0.0,1,989,卖盘
539,10:44:07,9.89,0.0,3,2967,卖盘
540,10:44:57,9.9,0.01,1,990,买盘
541,10:45:07,9.9,0.0,1,990,买盘
542,10:45:10,9.9,0.0,5,4950,买盘
543,10:45:25,9.89,-0.01,16,15824,卖盘
544,10:45:49,9.9,0.01,1,990,买盘
545,10:45:51,9.89,-0.01,1,989,卖盘
546,10:46:07,9.89,0.0,4,3956,卖盘
547,10:46:13,9.89,0.0,30,29670,卖盘
548,10:47:06,9.89,0.0,3,2967,卖盘
549,10:47:27,9.9,0.01,4,3960,买盘
550,10:47:57,9.9,0.0,5,4950,买盘
551,10:48:01,9.9,0.0,2,1980,买盘
552,10:48:09,9.89,-0.01,5,4945,卖盘
553,10:48:37,9.88,-0.01,51,50388,卖盘
554,10:48:43,9.89,0.01,3,2967,买盘
555,10:48:45,9.89,0.0,5,4945,买盘
556,10:49:13,9.88,-0.01,50,49400,卖盘
557,10:49:46,9.88,0.0,5,4940,卖盘
558,10:50:06,9.88,0.0,3,2964,卖盘
559,10:50:42,9.88,0.0,4,3952,卖盘
560,10:50:52,9.86,-0.02,2,1972,卖盘
561,10:51:06,9.86,0.0,3,2958,卖盘
562,10:51:42,9.87,0.01,3,2961,买盘
563,10:52:04,9.86,-0.01,2,1972,卖盘
564,10:52:07,9.86,0.0,10,9860,卖盘
565,10:53:07,9.86,0.0,4,3944,卖盘
566,10:53:21,9.86,0.0,2,1972,卖盘
567,10:53:24,9.87,0.01,16,15792,买盘
568,10:53:36,9.86,-0.01,5,4930,卖盘
569,10:53:55,9.87,0.01,10,9870,买盘
570,10:54:12,9.87,0.0,13,12831,买盘
571,10:56:07,9.87,0.0,4,3948,卖盘
572,10:56:22,9.88,0.01,10,9880,买盘
573,10:56:43,9.89,0.01,37,36564,买盘
574,10:56:52,9.88,-0.01,2,1976,买盘
575,10:57:04,9.87,-0.01,84,82909,卖盘
576,10:57:10,9.86,-0.01,2,1972,卖盘
577,10:57:19,9.87,0.01,5,4935,买盘
578,10:57:21,9.87,0.0,10,9870,买盘
579,10:57:34,9.87,0.0,4,3948,买盘
580,10:58:01,9.9,0.03,97,95870,买盘
581,10:58:07,9.9,0.0,3,2970,卖盘
582,10:58:19,9.9,0.0,1,990,卖盘
583,10:58:25,9.9,0.0,1,990,卖盘
584,10:58:30,9.9,0.0,20,19800,卖盘
585,10:58:33,9.91,0.01,3,2973,买盘
586,10:59:04,9.91,0.0,10,9910,买盘
587,10:59:06,9.9,-0.01,4,3960,卖盘
588,10:59:25,9.9,0.0,11,10890,卖盘
589,10:59:30,9.9,0.0,1,990,卖盘
590,10:59:40,9.9,0.0,1,990,卖盘
591,10:59:43,9.9,0.0,20,19800,卖盘
592,10:59:49,9.9,0.0,1,990,卖盘
593,11:00:25,9.91,0.01,30,29730,买盘
594,11:00:54,9.91,0.0,1,991,买盘
595,11:01:12,9.91,0.0,10,9910,买盘
596,11:01:54,9.91,0.0,3,2973,卖盘
597,11:02:07,9.91,0.0,3,2973,卖盘
598,11:03:54,9.9,-0.01,14,13860,卖盘
599,11:05:10,9.9,0.0,12,11880,卖盘
600,11:05:42,9.91,0.01,8,7928,买盘
601,11:05:46,9.9,-0.01,90,89100,卖盘
602,11:05:49,9.9,0.0,15,14850,卖盘
603,11:05:52,9.9,0.0,45,44550,卖盘
604,11:06:34,9.87,-0.03,2,1974,卖盘
605,11:07:27,9.89,0.02,11,10879,买盘
606,11:07:49,9.9,0.01,15,14850,买盘
607,11:08:16,9.89,-0.01,1,989,卖盘
608,11:08:48,9.9,0.01,126,124678,买盘
609,11:09:27,9.9,0.0,5,4950,卖盘
610,11:09:40,9.9,0.0,4,3960,卖盘
611,11:09:58,9.9,0.0,39,38610,卖盘
612,11:10:04,9.9,0.0,28,27720,卖盘
613,11:10:06,9.9,0.0,10,9900,卖盘
614,11:10:10,9.89,-0.01,7,6928,卖盘
615,11:10:16,9.89,0.0,2,1978,卖盘
616,11:10:19,9.89,0.0,1,989,卖盘
617,11:10:22,9.89,0.0,5,4945,卖盘
618,11:10:46,9.88,-0.01,29,28652,卖盘
619,11:10:52,9.87,-0.01,1,987,卖盘
620,11:11:10,9.87,0.0,4,3948,卖盘
621,11:11:16,9.87,0.0,19,18753,卖盘
622,11:11:22,9.87,0.0,13,12831,卖盘
623,11:11:25,9.87,0.0,7,6909,卖盘
624,11:12:10,9.86,-0.01,30,29580,卖盘
625,11:12:16,9.86,0.0,2,1972,卖盘
626,11:12:49,9.85,-0.01,40,39409,卖盘
627,11:13:42,9.85,0.0,10,9850,卖盘
628,11:14:18,9.89,0.04,70,69089,买盘
629,11:14:25,9.9,0.01,22,21780,卖盘
630,11:14:31,9.9,0.0,8,7920,卖盘
631,11:15:01,9.86,-0.04,1,986,卖盘
632,11:15:10,9.86,0.0,1,986,卖盘
633,11:15:13,9.86,0.0,1,986,卖盘
634,11:15:16,9.86,0.0,1,986,卖盘
635,11:15:25,9.86,0.0,6,5916,卖盘
636,11:15:46,9.87,0.01,1,987,卖盘
637,11:16:22,9.86,-0.01,29,28594,卖盘
638,11:16:24,9.86,0.0,24,23664,买盘
639,11:17:25,9.86,0.0,42,41412,买盘
640,11:17:46,9.87,0.01,8,7893,买盘
641,11:18:01,9.87,0.0,8,7896,买盘
642,11:18:16,9.87,0.0,2,1974,卖盘
643,11:18:22,9.91,0.04,205,202641,买盘
644,11:18:30,9.91,0.0,115,113905,买盘
645,11:18:37,9.91,0.0,3,2973,卖盘
646,11:18:42,9.91,0.0,2,1982,卖盘
647,11:18:46,9.91,0.0,1,991,卖盘
648,11:18:48,9.91,0.0,29,28739,卖盘
649,11:19:07,9.91,0.0,114,112974,买盘
650,11:19:12,9.91,0.0,2,1982,卖盘
651,11:19:18,9.91,0.0,1,991,卖盘
652,11:19:21,9.91,0.0,4,3964,卖盘
653,11:19:27,9.91,0.0,19,18829,卖盘
654,11:19:34,9.91,0.0,11,10901,买盘
655,11:19:40,9.92,0.01,55,54560,买盘
656,11:20:57,9.92,0.0,16,15857,买盘
657,11:21:13,9.91,-0.01,10,9910,卖盘
658,11:21:19,9.91,0.0,1,991,卖盘
659,11:21:25,9.91,0.0,2,1982,卖盘
660,11:21:31,9.91,0.0,10,9910,卖盘
661,11:21:46,9.91,0.0,19,18829,卖盘
662,11:22:06,9.91,0.0,34,33694,卖盘
663,11:22:10,9.91,0.0,1,991,卖盘
664,11:22:13,9.91,0.0,8,7928,卖盘
665,11:22:31,9.91,0.0,5,4955,买盘
666,11:22:37,9.91,0.0,72,71352,买盘
667,11:22:43,9.92,0.01,7,6944,买盘
668,11:22:49,9.92,0.0,7,6944,买盘
669,11:22:58,9.92,0.0,7,6944,买盘
670,11:23:04,9.93,0.01,100,99260,买盘
671,11:23:24,9.93,0.0,75,74475,买盘
672,11:23:27,9.93,0.0,5,4965,卖盘
673,11:23:40,9.93,0.0,20,19860,卖盘
674,11:24:13,9.92,-0.01,6,5952,买盘
675,11:25:00,9.91,-0.01,2,1982,卖盘
676,11:25:42,9.92,0.01,36,35712,买盘
677,11:25:51,9.92,0.0,2,1984,卖盘
678,11:26:19,9.92,0.0,25,24800,买盘
679,11:26:22,9.92,0.0,1,992,买盘
680,11:26:36,9.92,0.0,1,992,买盘
681,11:26:51,9.92,0.0,1,992,买盘
682,11:26:54,9.93,0.01,173,171819,买盘
683,11:27:24,9.93,0.0,60,59620,卖盘
684,11:27:31,9.93,0.0,7,6891,卖盘
685,11:27:55,9.92,-0.01,2,1984,买盘
686,11:28:09,9.92,0.0,8,7936,卖盘
687,11:28:19,9.92,0.0,8,7936,买盘
688,11:28:36,9.91,-0.01,10,9910,卖盘
689,11:29:01,9.9,-0.01,28,27720,卖盘
690,11:29:04,9.91,0.01,6,5944,买盘
691,11:29:09,9.93,0.02,121,120118,买盘
692,11:29:30,9.94,0.01,6,5964,买盘
693,11:29:45,9.94,0.0,1,994,买盘
694,11:29:48,9.93,-0.01,29,28737,卖盘
695,11:29:57,9.93,0.0,86,85458,买盘
696,13:00:04,9.93,0.0,6,5958,卖盘
697,13:00:07,9.94,0.01,46,45724,买盘
698,13:00:10,9.94,0.0,2,1988,卖盘
699,13:00:12,9.94,0.0,12,11928,卖盘
700,13:00:27,9.94,0.0,10,9940,卖盘
701,13:00:33,9.94,0.0,13,12922,卖盘
702,13:00:36,9.94,0.0,13,12922,卖盘
703,13:00:39,9.94,0.0,5,4970,卖盘
704,13:00:42,9.94,0.0,1,994,卖盘
705,13:00:45,9.94,0.0,5,4970,卖盘
706,13:01:07,9.93,-0.01,2,1986,卖盘
707,13:01:09,9.93,0.0,6,5898,卖盘
708,13:01:45,9.91,-0.02,23,22793,卖盘
709,13:01:48,9.93,0.02,33,32767,买盘
710,13:02:10,9.91,-0.02,4,3964,卖盘
711,13:02:36,9.91,0.0,2,1982,卖盘
712,13:03:19,9.92,0.01,24,23808,买盘
713,13:04:39,9.93,0.01,6,5958,买盘
714,13:04:54,9.92,-0.01,20,19840,卖盘
715,13:05:09,9.92,0.0,20,19840,卖盘
716,13:05:39,9.92,0.0,106,105152,卖盘
717,13:05:45,9.91,-0.01,14,13874,卖盘
718,13:06:57,9.9,-0.01,18,17820,卖盘
719,13:07:07,9.9,0.0,20,19800,卖盘
720,13:07:13,9.89,-0.01,4,3956,卖盘
721,13:07:16,9.89,0.0,3,2967,卖盘
722,13:07:22,9.9,0.01,30,29699,买盘
723,13:07:42,9.9,0.0,5,4950,卖盘
724,13:07:52,9.9,0.0,3,2970,卖盘
725,13:07:54,9.9,0.0,1,990,卖盘
726,13:08:42,9.91,0.01,5,4955,买盘
727,13:08:57,9.9,-0.01,11,10890,卖盘
728,13:09:39,9.89,-0.01,1,989,卖盘
729,13:09:48,9.88,-0.01,61,60323,卖盘
730,13:09:54,9.89,0.01,4,3956,卖盘
731,13:10:01,9.89,0.0,3,2967,卖盘
732,13:10:10,9.88,-0.01,11,10868,卖盘
733,13:10:12,9.89,0.01,12,11868,买盘
734,13:10:22,9.89,0.0,11,10880,卖盘
735,13:10:27,9.89,0.0,1,989,卖盘
736,13:10:45,9.89,0.0,5,4945,卖盘
737,13:11:00,9.89,0.0,1,989,卖盘
738,13:11:13,9.89,0.0,8,7912,卖盘
739,13:11:24,9.89,0.0,2,1978,卖盘
740,13:11:48,9.89,0.0,27,26703,卖盘
741,13:12:09,9.89,0.0,1,989,卖盘
742,13:12:22,9.89,0.0,1,989,卖盘
743,13:12:36,9.89,0.0,1,989,卖盘
744,13:12:49,9.89,0.0,1,989,卖盘
745,13:13:19,9.89,0.0,2,1978,卖盘
746,13:13:28,9.9,0.01,8,7920,买盘
747,13:13:33,9.9,0.0,2,1980,卖盘
748,13:13:46,9.89,-0.01,3,2967,卖盘
749,13:14:04,9.89,0.0,2,1978,卖盘
750,13:14:36,9.9,0.01,2,1980,买盘
751,13:14:39,9.89,-0.01,4,3957,卖盘
752,13:14:45,9.89,0.0,10,9890,卖盘
753,13:15:19,9.89,0.0,2,1978,卖盘
754,13:15:22,9.91,0.02,1,991,买盘
755,13:15:39,9.91,0.0,4,3964,买盘
756,13:16:07,9.92,0.01,4,3968,买盘
757,13:16:12,9.92,0.0,16,15872,卖盘
758,13:16:45,9.91,-0.01,1,991,卖盘
759,13:16:57,9.91,0.0,1,991,卖盘
760,13:17:04,9.91,0.0,2,1982,卖盘
761,13:17:21,9.9,-0.01,1,990,卖盘
762,13:17:42,9.9,0.0,23,22770,卖盘
763,13:17:45,9.9,0.0,24,23760,卖盘
764,13:18:16,9.9,0.0,48,47520,卖盘
765,13:18:25,9.9,0.0,10,9900,买盘
766,13:18:34,9.89,-0.01,1,989,卖盘
767,13:18:39,9.89,0.0,1,989,卖盘
768,13:18:52,9.89,0.0,1,989,卖盘
769,13:19:10,9.89,0.0,12,11868,卖盘
770,13:19:16,9.89,0.0,1,989,卖盘
771,13:19:21,9.89,0.0,1,989,买盘
772,13:19:24,9.89,0.0,1,989,买盘
773,13:19:36,9.88,-0.01,1,988,卖盘
774,13:19:46,9.88,0.0,1,988,卖盘
775,13:19:54,9.88,0.0,1,988,卖盘
776,13:20:19,9.88,0.0,1,988,卖盘
777,13:20:40,9.88,0.0,1,988,卖盘
778,13:21:01,9.88,0.0,1,988,卖盘
779,13:21:12,9.88,0.0,1,988,卖盘
780,13:21:34,9.89,0.01,2,1978,买盘
781,13:22:04,9.88,-0.01,2,1976,卖盘
782,13:22:06,9.89,0.01,20,19778,买盘
783,13:22:10,9.89,0.0,10,9890,买盘
784,13:22:13,9.89,0.0,1,989,卖盘
785,13:22:15,9.9,0.01,37,36629,买盘
786,13:22:19,9.9,0.0,11,10890,买盘
787,13:22:22,9.89,-0.01,19,18793,卖盘
788,13:22:25,9.89,0.0,4,3956,买盘
789,13:22:28,9.89,0.0,2,1978,买盘
790,13:22:58,9.89,0.0,35,34591,买盘
791,13:23:31,9.89,0.0,30,29670,买盘
792,13:23:55,9.9,0.01,59,58367,买盘
793,13:24:25,9.9,0.0,50,49500,卖盘
794,13:24:33,9.9,0.0,2,1980,卖盘
795,13:24:37,9.9,0.0,27,26730,卖盘
796,13:25:37,9.89,-0.01,25,24725,卖盘
797,13:26:09,9.89,0.0,7,6923,卖盘
798,13:28:04,9.88,-0.01,3,2964,卖盘
799,13:28:10,9.89,0.01,21,20758,买盘
800,13:28:15,9.89,0.0,1,989,买盘
801,13:28:25,9.88,-0.01,4,3952,卖盘
802,13:28:36,9.89,0.01,9,8901,买盘
803,13:28:42,9.89,0.0,1,989,卖盘
804,13:29:10,9.9,0.01,1,990,买盘
805,13:29:22,9.9,0.0,4,3960,买盘
806,13:29:54,9.89,-0.01,1,989,卖盘
807,13:30:13,9.89,0.0,5,4945,卖盘
808,13:30:28,9.89,0.0,10,9890,买盘
809,13:30:43,9.88,-0.01,14,13832,卖盘
810,13:30:46,9.88,0.0,1,988,卖盘
811,13:31:21,9.88,0.0,4,3952,卖盘
812,13:31:31,9.88,0.0,1,988,卖盘
813,13:31:49,9.88,0.0,10,9880,卖盘
814,13:32:01,9.88,0.0,23,22724,卖盘
815,13:32:10,9.88,0.0,1,988,卖盘
816,13:32:16,9.88,0.0,20,19760,卖盘
817,13:32:46,9.87,-0.01,1,987,卖盘
818,13:32:52,9.87,0.0,1,987,卖盘
819,13:32:58,9.87,0.0,38,37506,卖盘
820,13:33:01,9.87,0.0,11,10857,卖盘
821,13:33:19,9.86,-0.01,2,1972,卖盘
822,13:33:24,9.86,0.0,31,30566,卖盘
823,13:33:28,9.86,0.0,10,9860,卖盘
824,13:33:31,9.86,0.0,3,2958,卖盘
825,13:33:46,9.87,0.01,25,24675,买盘
826,13:33:58,9.87,0.0,22,21714,买盘
827,13:34:04,9.87,0.0,1,987,买盘
828,13:34:10,9.87,0.0,17,16779,买盘
829,13:34:22,9.88,0.01,81,80028,买盘
830,13:34:28,9.88,0.0,10,9882,卖盘
831,13:34:34,9.9,0.02,1,990,买盘
832,13:35:10,9.88,-0.02,1,988,卖盘
833,13:35:25,9.88,0.0,27,26676,卖盘
834,13:35:28,9.88,0.0,32,31616,卖盘
835,13:35:42,9.88,0.0,1,988,卖盘
836,13:35:48,9.88,0.0,21,20748,卖盘
837,13:36:09,9.88,0.0,5,4940,卖盘
838,13:36:13,9.89,0.01,1,989,买盘
839,13:36:16,9.88,-0.01,14,13832,卖盘
840,13:36:24,9.88,0.0,1,988,卖盘
841,13:37:07,9.88,0.0,25,24700,卖盘
842,13:37:10,9.88,0.0,12,11856,卖盘
843,13:37:27,9.89,0.01,2,1978,买盘
844,13:37:33,9.88,-0.01,11,10868,卖盘
845,13:37:37,9.88,0.0,10,9880,卖盘
846,13:37:48,9.88,0.0,126,124488,卖盘
847,13:37:51,9.88,0.0,20,19760,卖盘
848,13:37:58,9.88,0.0,7,6916,卖盘
849,13:38:00,9.88,0.0,43,42484,卖盘
850,13:38:06,9.88,0.0,39,38532,卖盘
851,13:38:31,9.87,-0.01,4,3948,卖盘
852,13:38:34,9.87,0.0,9,8883,卖盘
853,13:38:43,9.87,0.0,1,987,卖盘
854,13:39:13,9.87,0.0,3,2961,买盘
855,13:39:43,9.86,-0.01,2,1972,卖盘
856,13:39:55,9.86,0.0,1,986,卖盘
857,13:39:57,9.86,0.0,2,1972,卖盘
858,13:40:04,9.86,0.0,2,1972,卖盘
859,13:40:15,9.86,0.0,2,1972,卖盘
860,13:40:46,9.86,0.0,7,6902,卖盘
861,13:41:19,9.86,0.0,1,986,卖盘
862,13:41:21,9.87,0.01,10,9870,买盘
863,13:41:25,9.87,0.0,5,4934,买盘
864,13:41:55,9.86,-0.01,6,5916,卖盘
865,13:43:01,9.87,0.01,3,2961,买盘
866,13:44:00,9.87,0.0,3,2961,卖盘
867,13:44:49,9.87,0.0,1,987,卖盘
868,13:45:13,9.87,0.0,2,1974,卖盘
869,13:45:43,9.87,0.0,14,13818,卖盘
870,13:45:52,9.86,-0.01,1,986,卖盘
871,13:46:04,9.86,0.0,3,2958,卖盘
872,13:46:06,9.86,0.0,24,23664,卖盘
873,13:46:10,9.86,0.0,12,11832,卖盘
874,13:46:15,9.86,0.0,22,21692,卖盘
875,13:46:22,9.86,0.0,1,986,卖盘
876,13:46:25,9.86,0.0,1,986,卖盘
877,13:46:28,9.86,0.0,2,1972,卖盘
878,13:47:04,9.86,0.0,26,25636,卖盘
879,13:47:07,9.86,0.0,2,1972,卖盘
880,13:47:16,9.85,-0.01,1,985,卖盘
881,13:47:40,9.85,0.0,6,5910,卖盘
882,13:48:04,9.85,0.0,10,9850,卖盘
883,13:48:15,9.86,0.01,4,3944,买盘
884,13:48:19,9.85,-0.01,10,9850,卖盘
885,13:48:28,9.85,0.0,2,1970,卖盘
886,13:48:36,9.87,0.02,100,98624,买盘
887,13:48:55,9.85,-0.02,4,3940,卖盘
888,13:48:58,9.85,0.0,5,4925,卖盘
889,13:49:07,9.85,0.0,4,3940,卖盘
890,13:49:15,9.86,0.01,1,986,买盘
891,13:49:25,9.86,0.0,1,986,卖盘
892,13:50:13,9.86,0.0,1,986,卖盘
893,13:50:28,9.86,0.0,7,6902,卖盘
894,13:50:40,9.86,0.0,4,3944,买盘
895,13:50:52,9.86,0.0,11,10846,买盘
896,13:51:04,9.86,0.0,3,2958,卖盘
897,13:51:16,9.86,0.0,4,3944,卖盘
898,13:51:19,9.86,0.0,4,3944,卖盘
899,13:51:22,9.86,0.0,17,16762,卖盘
900,13:51:46,9.86,0.0,7,6902,卖盘
901,13:51:57,9.87,0.01,6,5922,买盘
902,13:52:21,9.87,0.0,6,5922,买盘
903,13:52:34,9.87,0.0,1,987,买盘
904,13:52:40,9.87,0.0,31,30597,买盘
905,13:52:46,9.87,0.0,4,3948,买盘
906,13:52:51,9.87,0.0,1,987,买盘
907,13:53:01,9.88,0.01,1,988,买盘
908,13:53:10,9.88,0.0,12,11856,买盘
909,13:53:15,9.88,0.0,2,1976,卖盘
910,13:53:25,9.9,0.02,20,19800,买盘
911,13:53:43,9.9,0.0,11,10890,买盘
912,13:54:58,9.9,0.0,3,2971,卖盘
913,13:55:04,9.91,0.01,3,2973,买盘
914,13:55:22,9.92,0.01,21,20832,买盘
915,13:55:28,9.92,0.0,2,1984,卖盘
916,13:55:39,9.93,0.01,21,20853,买盘
917,13:55:42,9.94,0.01,5,4970,买盘
918,13:55:46,9.93,-0.01,11,10923,卖盘
919,13:55:49,9.9,-0.03,37,36645,卖盘
920,13:56:01,9.88,-0.02,1,988,买盘
921,13:56:15,9.88,0.0,12,11856,买盘
922,13:56:18,9.88,0.0,1,988,卖盘
923,13:56:24,9.87,-0.01,18,17778,卖盘
924,13:56:31,9.87,0.0,1,987,买盘
925,13:56:34,9.87,0.0,1,987,买盘
926,13:56:58,9.87,0.0,1,987,卖盘
927,13:57:01,9.87,0.0,3,2961,卖盘
928,13:57:28,9.87,0.0,6,5922,卖盘
929,13:58:57,9.87,0.0,2,1974,卖盘
930,13:59:25,9.88,0.01,3,2964,买盘
931,13:59:45,9.88,0.0,1,988,卖盘
932,13:59:51,9.88,0.0,11,10868,卖盘
933,14:00:12,9.87,-0.01,1,987,卖盘
934,14:00:31,9.86,-0.01,222,218932,卖盘
935,14:00:40,9.85,-0.01,4,3940,卖盘
936,14:00:43,9.85,0.0,2,1970,卖盘
937,14:01:19,9.85,0.0,85,83725,卖盘
938,14:01:21,9.86,0.01,5,4930,买盘
939,14:01:27,9.85,-0.01,4,3940,卖盘
940,14:01:30,9.85,0.0,43,42395,卖盘
941,14:01:33,9.85,0.0,56,55208,卖盘
942,14:01:37,9.85,0.0,13,12805,卖盘
943,14:01:40,9.85,0.0,4,3940,卖盘
944,14:01:42,9.85,0.0,8,7880,卖盘
945,14:01:46,9.85,0.0,37,36445,卖盘
946,14:01:49,9.85,0.0,6,5910,卖盘
947,14:01:52,9.85,0.0,10,9850,卖盘
948,14:01:55,9.85,0.0,4,3940,卖盘
949,14:01:58,9.85,0.0,4,3940,卖盘
950,14:02:16,9.85,0.0,100,98500,卖盘
951,14:02:21,9.85,0.0,132,130020,卖盘
952,14:02:28,9.84,-0.01,1,984,卖盘
953,14:02:30,9.84,0.0,1,984,卖盘
954,14:02:34,9.84,0.0,6,5904,卖盘
955,14:02:37,9.84,0.0,4,3936,卖盘
956,14:02:40,9.85,0.01,43,42334,买盘
957,14:02:46,9.84,-0.01,1,984,卖盘
958,14:02:49,9.84,0.0,11,10824,卖盘
959,14:02:58,9.83,-0.01,10,9830,卖盘
960,14:03:01,9.83,0.0,5,4915,卖盘
961,14:03:04,9.82,-0.01,92,90358,卖盘
962,14:03:31,9.82,0.0,44,43174,买盘
963,14:03:40,9.81,-0.01,13,12753,卖盘
964,14:04:10,9.8,-0.01,12,11760,卖盘
965,14:04:13,9.8,0.0,1,980,卖盘
966,14:04:16,9.8,0.0,7,6864,卖盘
967,14:04:36,9.8,0.0,123,120540,卖盘
968,14:04:39,9.8,0.0,10,9800,买盘
969,14:04:52,9.78,-0.02,77,75350,卖盘
970,14:05:00,9.77,-0.01,7,6843,卖盘
971,14:05:04,9.78,0.01,195,190710,买盘
972,14:05:10,9.77,-0.01,27,26379,卖盘
973,14:05:16,9.79,0.02,10,9789,买盘
974,14:05:21,9.79,0.0,6,5874,卖盘
975,14:05:30,9.8,0.01,8,7840,买盘
976,14:05:34,9.79,-0.01,1,979,卖盘
977,14:05:37,9.8,0.01,7,6860,买盘
978,14:05:40,9.8,0.0,19,18620,买盘
979,14:05:49,9.81,0.01,19,18639,买盘
980,14:05:52,9.81,0.0,12,11772,卖盘
981,14:06:09,9.82,0.01,1,982,买盘
982,14:06:16,9.82,0.0,4,3928,卖盘
983,14:06:39,9.82,0.0,105,103110,卖盘
984,14:06:46,9.82,0.0,2,1964,卖盘
985,14:06:49,9.81,-0.01,36,35366,卖盘
986,14:07:16,9.82,0.01,3,2946,卖盘
987,14:07:43,9.82,0.0,22,21608,卖盘
988,14:08:43,9.82,0.0,1,982,卖盘
989,14:08:58,9.83,0.01,5,4915,买盘
990,14:09:58,9.83,0.0,13,12779,卖盘
991,14:10:31,9.83,0.0,16,15728,买盘
992,14:10:46,9.84,0.01,50,49179,买盘
993,14:10:52,9.84,0.0,3,2952,卖盘
994,14:11:13,9.84,0.0,2,1968,卖盘
995,14:11:16,9.84,0.0,1,984,卖盘
996,14:11:19,9.84,0.0,1,984,卖盘
997,14:11:22,9.84,0.0,4,3936,卖盘
998,14:11:30,9.82,-0.02,22,21610,卖盘
999,14:11:40,9.85,0.03,30,29508,买盘
1000,14:11:42,9.84,-0.01,10,9840,中性盘
1001,14:11:46,9.84,0.0,1,984,卖盘
1002,14:11:49,9.84,0.0,2,1968,卖盘
1003,14:11:58,9.85,0.01,14,13790,买盘
1004,14:12:04,9.85,0.0,23,22655,卖盘
1005,14:12:43,9.85,0.0,20,19700,卖盘
1006,14:12:51,9.85,0.0,3,2955,卖盘
1007,14:12:58,9.86,0.01,18,17748,买盘
1008,14:13:10,9.86,0.0,32,31552,卖盘
1009,14:13:13,9.87,0.01,50,49307,买盘
1010,14:13:57,9.86,-0.01,2,1972,买盘
1011,14:14:04,9.85,-0.01,8,7880,卖盘
1012,14:14:06,9.85,0.0,3,2955,卖盘
1013,14:14:10,9.85,0.0,5,4925,卖盘
1014,14:14:13,9.84,-0.01,38,37416,卖盘
1015,14:14:16,9.84,0.0,11,10824,卖盘
1016,14:14:22,9.84,0.0,3,2952,卖盘
1017,14:14:25,9.84,0.0,5,4920,卖盘
1018,14:14:51,9.84,0.0,4,3936,卖盘
1019,14:15:07,9.84,0.0,45,44280,卖盘
1020,14:15:30,9.84,0.0,3,2952,卖盘
1021,14:15:46,9.84,0.0,2,1968,卖盘
1022,14:15:52,9.84,0.0,3,2952,卖盘
1023,14:15:57,9.84,0.0,24,23616,卖盘
1024,14:16:10,9.82,-0.02,3,2946,卖盘
1025,14:16:15,9.81,-0.01,1,981,买盘
1026,14:16:18,9.81,0.0,1,981,买盘
1027,14:16:22,9.81,0.0,1,981,买盘
1028,14:16:25,9.8,-0.01,2,1961,卖盘
1029,14:16:28,9.81,0.01,2,1961,买盘
1030,14:16:31,9.81,0.0,1,981,买盘
1031,14:16:34,9.81,0.0,1,981,买盘
1032,14:16:37,9.81,0.0,1,981,买盘
1033,14:16:40,9.81,0.0,1,981,买盘
1034,14:16:43,9.81,0.0,1,981,买盘
1035,14:18:12,9.81,0.0,8,7852,卖盘
1036,14:19:10,9.81,0.0,19,18639,卖盘
1037,14:19:22,9.81,0.0,1,981,卖盘
1038,14:19:25,9.81,0.0,30,29430,卖盘
1039,14:19:40,9.82,0.01,4,3926,买盘
1040,14:20:25,9.82,0.0,11,10802,买盘
1041,14:20:52,9.82,0.0,15,14730,卖盘
1042,14:20:55,9.82,0.0,1,982,卖盘
1043,14:20:58,9.83,0.01,3,2949,买盘
1044,14:21:16,9.82,-0.01,3,2946,卖盘
1045,14:21:49,9.83,0.01,24,23592,买盘
1046,14:21:52,9.83,0.0,1,983,卖盘
1047,14:22:30,9.84,0.01,13,12792,买盘
1048,14:23:13,9.85,0.01,24,23640,买盘
1049,14:23:37,9.91,0.06,77,76276,买盘
1050,14:23:54,9.88,-0.03,4,3952,买盘
1051,14:24:19,9.87,-0.01,3,2961,买盘
1052,14:24:22,9.87,0.0,5,4935,买盘
1053,14:24:52,9.87,0.0,8,7896,买盘
1054,14:24:58,9.86,-0.01,2,1972,卖盘
1055,14:25:07,9.86,0.0,24,23664,卖盘
1056,14:25:18,9.85,-0.01,1,985,买盘
1057,14:25:25,9.85,0.0,1,985,买盘
1058,14:26:01,9.85,0.0,13,12805,买盘
1059,14:26:16,9.85,0.0,2,1970,卖盘
1060,14:26:46,9.85,0.0,1,985,买盘
1061,14:27:04,9.85,0.0,2,1970,买盘
1062,14:27:40,9.84,-0.01,13,12792,卖盘
1063,14:27:49,9.85,0.01,1,985,买盘
1064,14:28:10,9.85,0.0,32,31520,买盘
1065,14:30:01,9.87,0.02,1,987,买盘
1066,14:30:19,9.87,0.0,11,10857,买盘
1067,14:30:36,9.87,0.0,2,1974,买盘
1068,14:30:40,9.86,-0.01,10,9860,卖盘
1069,14:31:04,9.86,0.0,33,32538,买盘
1070,14:31:10,9.86,0.0,4,3944,买盘
1071,14:31:13,9.86,0.0,14,13804,买盘
1072,14:31:27,9.86,0.0,21,20706,买盘
1073,14:31:34,9.86,0.0,35,34489,买盘
1074,14:31:49,9.86,0.0,3,2958,买盘
1075,14:32:34,9.87,0.01,13,12831,买盘
1076,14:32:46,9.86,-0.01,20,19720,卖盘
1077,14:32:49,9.86,0.0,1,986,卖盘
1078,14:33:01,9.86,0.0,1,986,买盘
1079,14:33:10,9.87,0.01,5,4935,买盘
1080,14:33:16,9.86,-0.01,2,1972,卖盘
1081,14:33:28,9.86,0.0,3,2958,卖盘
1082,14:34:04,9.86,0.0,15,14790,卖盘
1083,14:34:25,9.86,0.0,40,39440,买盘
1084,14:34:46,9.87,0.01,22,21702,买盘
1085,14:34:58,9.87,0.0,6,5922,买盘
1086,14:35:30,9.88,0.01,30,29640,买盘
1087,14:35:43,9.88,0.0,3,2964,买盘
1088,14:36:01,9.89,0.01,3,2967,买盘
1089,14:36:07,9.89,0.0,20,19780,买盘
1090,14:36:40,9.89,0.0,19,18791,卖盘
1091,14:36:43,9.89,0.0,7,6923,卖盘
1092,14:36:46,9.89,0.0,3,2967,卖盘
1093,14:36:54,9.88,-0.01,36,35568,卖盘
1094,14:36:57,9.88,0.0,28,27664,卖盘
1095,14:37:01,9.88,0.0,21,20748,卖盘
1096,14:37:04,9.88,0.0,8,7904,卖盘
1097,14:37:09,9.87,-0.01,1,987,卖盘
1098,14:37:22,9.86,-0.01,4,3944,卖盘
1099,14:37:24,9.86,0.0,5,4930,卖盘
1100,14:37:34,9.86,0.0,1,986,卖盘
1101,14:37:40,9.86,0.0,19,18734,卖盘
1102,14:37:43,9.87,0.01,1,987,买盘
1103,14:37:46,9.87,0.0,3,2961,买盘
1104,14:37:55,9.87,0.0,1,987,卖盘
1105,14:38:01,9.87,0.0,1,987,卖盘
1106,14:38:10,9.87,0.0,6,5922,卖盘
1107,14:38:25,9.87,0.0,26,25662,卖盘
1108,14:38:43,9.88,0.01,50,49400,买盘
1109,14:38:58,9.87,-0.01,1,987,卖盘
1110,14:39:00,9.87,0.0,2,1974,卖盘
1111,14:39:04,9.87,0.0,2,1974,买盘
1112,14:39:07,9.87,0.0,14,13818,买盘
1113,14:39:31,9.87,0.0,44,43428,买盘
1114,14:39:43,9.88,0.01,2,1976,买盘
1115,14:39:55,9.88,0.0,30,29640,卖盘
1116,14:40:01,9.89,0.01,4,3956,买盘
1117,14:40:06,9.88,-0.01,22,21736,卖盘
1118,14:40:19,9.89,0.01,29,28681,买盘
1119,14:40:28,9.89,0.0,8,7912,买盘
1120,14:40:31,9.89,0.0,5,4945,买盘
1121,14:40:46,9.89,0.0,4,3956,卖盘
1122,14:40:48,9.89,0.0,13,12857,卖盘
1123,14:41:01,9.89,0.0,8,7912,买盘
1124,14:42:46,9.88,-0.01,1,988,卖盘
1125,14:43:01,9.88,0.0,150,148200,卖盘
1126,14:43:04,9.88,0.0,18,17784,卖盘
1127,14:43:13,9.88,0.0,32,31616,买盘
1128,14:43:16,9.86,-0.02,12,11832,卖盘
1129,14:43:19,9.88,0.02,8,7903,买盘
1130,14:43:36,9.88,0.0,12,11856,卖盘
1131,14:43:55,9.88,0.0,47,46436,买盘
1132,14:44:01,9.88,0.0,5,4940,卖盘
1133,14:44:04,9.88,0.0,88,86944,卖盘
1134,14:44:13,9.88,0.0,12,11856,卖盘
1135,14:44:16,9.88,0.0,20,19760,卖盘
1136,14:44:22,9.89,0.01,95,93870,买盘
1137,14:44:33,9.89,0.0,53,52405,买盘
1138,14:44:55,9.87,-0.02,6,5922,卖盘
1139,14:44:57,9.87,0.0,4,3948,买盘
1140,14:45:13,9.88,0.01,10,9871,买盘
1141,14:45:25,9.87,-0.01,3,2961,卖盘
1142,14:45:40,9.86,-0.01,43,42398,卖盘
1143,14:45:54,9.85,-0.01,24,23640,卖盘
1144,14:46:01,9.84,-0.01,50,49206,卖盘
1145,14:46:15,9.88,0.04,20,19760,买盘
1146,14:46:22,9.84,-0.04,50,49200,卖盘
1147,14:47:19,9.85,0.01,40,39400,卖盘
1148,14:47:49,9.88,0.03,79,77993,买盘
1149,14:48:18,9.89,0.01,96,94939,买盘
1150,14:48:22,9.89,0.0,22,21758,卖盘
1151,14:48:25,9.89,0.0,10,9890,卖盘
1152,14:48:31,9.89,0.0,5,4945,卖盘
1153,14:48:48,9.89,0.0,2,1978,卖盘
1154,14:48:52,9.9,0.01,22,21780,买盘
1155,14:49:13,9.9,0.0,10,9900,买盘
1156,14:49:19,9.9,0.0,17,16830,买盘
1157,14:49:21,9.89,-0.01,10,9893,卖盘
1158,14:49:33,9.91,0.02,20,19802,买盘
1159,14:50:01,9.91,0.0,47,46577,买盘
1160,14:50:10,9.91,0.0,11,10901,卖盘
1161,14:50:37,9.89,-0.02,59,58351,卖盘
1162,14:50:49,9.88,-0.01,10,9880,卖盘
1163,14:50:58,9.89,0.01,6,5934,买盘
1164,14:51:00,9.89,0.0,37,36593,买盘
1165,14:51:04,9.88,-0.01,22,21736,卖盘
1166,14:51:07,9.88,0.0,1,988,卖盘
1167,14:51:13,9.89,0.01,16,15824,买盘
1168,14:51:24,9.88,-0.01,1,988,卖盘
1169,14:51:43,9.89,0.01,1,989,买盘
1170,14:51:58,9.89,0.0,21,20769,买盘
1171,14:52:04,9.88,0.0,112,110281,卖盘
1172,14:52:10,9.86,-0.02,10,9860,卖盘
1173,14:52:13,9.88,0.02,30,29640,买盘
1174,14:52:24,9.86,-0.02,27,26622,卖盘
1175,14:52:28,9.86,0.0,15,14790,买盘
1176,14:52:37,9.87,0.01,12,11844,卖盘
1177,14:52:49,9.86,-0.01,1,986,中性盘
1178,14:52:52,9.86,0.0,3,2958,中性盘
1179,14:53:16,9.86,0.0,1,986,卖盘
1180,14:53:22,9.86,0.0,2,1972,卖盘
1181,14:53:25,9.86,0.0,1,986,卖盘
1182,14:53:31,9.87,0.01,11,10857,买盘
1183,14:53:40,9.87,0.0,113,111531,买盘
1184,14:53:43,9.87,0.0,200,197400,买盘
1185,14:53:46,9.86,-0.01,1,986,卖盘
1186,14:53:51,9.87,0.01,14,13815,买盘
1187,14:54:04,9.86,-0.01,18,17748,卖盘
1188,14:54:06,9.87,0.01,12,11844,买盘
1189,14:54:10,9.87,0.0,60,59220,买盘
1190,14:54:16,9.87,0.0,11,10857,买盘
1191,14:54:39,9.88,0.01,3,2964,买盘
1192,14:54:49,9.88,0.0,5,4940,卖盘
1193,14:55:04,9.88,0.0,3,2964,卖盘
1194,14:55:13,9.89,0.01,1,989,卖盘
1195,14:55:16,9.89,0.0,2,1978,买盘
1196,14:55:22,9.9,0.01,10,9900,买盘
1197,14:55:25,9.89,-0.01,18,17802,卖盘
1198,14:55:34,9.89,0.0,16,15824,买盘
1199,14:55:37,9.9,0.01,17,16830,买盘
1200,14:55:58,9.9,0.0,53,52470,买盘
1201,14:56:16,9.92,0.02,199,197327,买盘
1202,14:56:19,9.9,-0.02,10,9902,卖盘
1203,14:56:22,9.9,0.0,3,2970,卖盘
1204,14:56:37,9.91,0.01,3,2973,卖盘
1205,14:56:48,9.9,-0.01,1,990,卖盘
1206,14:56:52,9.91,0.01,5,4955,买盘
1207,14:56:55,9.9,-0.01,52,51515,卖盘
1208,14:56:58,9.91,0.01,20,19820,买盘
1209,15:00:04,9.9,-0.01,642,635580,买盘
