,time,price,change,volume,amount,type
0,09:25:04,37.98,-0.18,97,368406,买盘
1,09:30:05,38.0,0.02,5,19000,买盘
2,09:30:07,38.0,0.0,35,133572,卖盘
3,09:30:16,38.35,0.35,16,61360,买盘
4,09:30:25,38.05,-0.3,1,3805,卖盘
5,09:30:28,38.33,0.28,6,22992,买盘
6,09:30:37,38.33,0.0,12,45948,买盘
7,09:30:46,38.25,-0.08,2,7650,卖盘
8,09:30:49,38.25,0.0,5,19125,卖盘
9,09:30:52,38.25,0.0,10,38250,中性盘
10,09:30:55,38.3,0.05,2,7660,买盘
11,09:30:58,38.3,0.0,7,26800,买盘
12,09:31:13,38.25,-0.05,1,3825,买盘
13,09:31:19,38.24,-0.01,2,7648,买盘
14,09:31:25,38.23,-0.01,7,26761,买盘
15,09:31:28,38.23,0.0,1,3823,买盘
16,09:31:46,38.15,-0.08,8,30520,卖盘
17,09:31:58,38.21,0.06,2,7642,买盘
18,09:32:04,38.21,0.0,1,3821,买盘
19,09:32:13,38.21,0.0,1,3821,买盘
20,09:32:19,38.21,0.0,14,53474,买盘
21,09:32:28,38.23,0.02,8,30584,买盘
22,09:32:31,38.24,0.01,1,3824,买盘
23,09:32:37,38.24,0.0,3,11472,买盘
24,09:32:40,38.23,-0.01,10,38234,卖盘
25,09:32:46,38.25,0.02,1,3825,买盘
26,09:32:49,38.25,0.0,4,15300,买盘
27,09:32:52,38.25,0.0,1,3825,买盘
28,09:32:55,38.25,0.0,20,76500,买盘
29,09:32:58,38.25,0.0,5,19125,卖盘
30,09:33:01,38.26,0.01,8,30608,买盘
31,09:33:04,38.25,-0.01,9,34435,卖盘
32,09:33:07,38.28,0.03,4,15312,买盘
33,09:33:10,38.28,0.0,21,80388,卖盘
34,09:33:13,38.29,0.01,1,3829,买盘
35,09:33:16,38.29,0.0,5,19145,买盘
36,09:33:22,38.29,0.0,23,88082,买盘
37,09:33:25,38.28,-0.01,31,118698,卖盘
38,09:33:28,38.3,0.02,6,22980,买盘
39,09:33:31,38.33,0.03,6,22994,买盘
40,09:33:34,38.29,-0.04,4,15316,卖盘
41,09:33:37,38.29,0.0,1,3829,买盘
42,09:33:40,38.29,0.0,4,15316,买盘
43,09:33:43,38.32,0.03,6,22989,买盘
44,09:33:46,38.3,-0.02,10,38300,卖盘
45,09:33:52,38.35,0.05,34,130328,买盘
46,09:33:55,38.43,0.08,21,80570,买盘
47,09:34:05,38.43,0.0,3,11526,买盘
48,09:34:07,38.42,-0.01,2,7685,中性盘
49,09:34:13,38.36,-0.06,2,7676,卖盘
50,09:34:16,38.36,0.0,4,15344,卖盘
51,09:34:19,38.4,0.04,24,92215,中性盘
52,09:34:22,38.36,-0.04,5,19180,卖盘
53,09:34:25,38.4,0.04,7,26873,买盘
54,09:34:28,38.44,0.04,60,230483,买盘
55,09:34:31,38.35,-0.09,2,7671,卖盘
56,09:34:34,38.36,0.01,14,53704,买盘
57,09:34:37,38.36,0.0,1,3836,卖盘
58,09:34:40,38.4,0.04,11,42225,买盘
59,09:34:46,38.36,-0.04,10,38364,卖盘
60,09:34:58,38.36,0.0,2,7672,买盘
61,09:35:04,38.36,0.0,3,11507,买盘
62,09:35:07,38.36,0.0,2,7672,买盘
63,09:35:10,38.35,-0.01,7,26850,中性盘
64,09:35:13,38.35,0.0,2,7670,卖盘
65,09:35:16,38.32,-0.03,4,15332,卖盘
66,09:35:19,38.32,0.0,9,34488,买盘
67,09:35:25,38.32,0.0,4,15328,买盘
68,09:35:28,38.3,-0.02,5,19150,卖盘
69,09:35:31,38.3,0.0,14,53620,卖盘
70,09:35:34,38.3,0.0,3,11490,卖盘
71,09:35:37,38.32,0.02,2,7664,买盘
72,09:35:40,38.32,0.0,2,7664,买盘
73,09:35:43,38.3,-0.02,31,118752,卖盘
74,09:35:46,38.32,0.02,3,11496,买盘
75,09:35:49,38.36,0.04,11,42176,买盘
76,09:35:52,38.32,-0.04,5,19160,卖盘
77,09:35:55,38.3,-0.02,8,30645,卖盘
78,09:36:06,38.32,0.02,1,3832,买盘
79,09:36:10,38.32,0.0,1,3832,买盘
80,09:36:19,38.3,-0.02,6,22982,卖盘
81,09:36:25,38.28,-0.02,2,7656,卖盘
82,09:36:28,38.28,0.0,1,3828,卖盘
83,09:36:31,38.25,-0.03,4,15302,卖盘
84,09:36:34,38.28,0.03,1,3828,买盘
85,09:36:43,38.25,-0.03,4,15307,卖盘
86,09:36:49,38.27,0.02,2,7654,中性盘
87,09:36:52,38.25,-0.02,44,168359,卖盘
88,09:36:58,38.24,-0.01,16,61184,卖盘
89,09:37:01,38.25,0.01,30,114750,买盘
90,09:37:04,38.25,0.0,7,26775,买盘
91,09:37:07,38.25,0.0,1,3825,买盘
92,09:37:10,38.24,-0.01,18,68840,卖盘
93,09:37:13,38.25,0.01,3,11473,买盘
94,09:37:16,38.24,-0.01,12,45888,卖盘
95,09:37:19,38.24,0.0,31,118544,卖盘
96,09:37:28,38.25,0.01,5,19122,买盘
97,09:37:31,38.23,-0.02,18,68816,卖盘
98,09:37:34,38.23,0.0,2,7646,买盘
99,09:37:43,38.23,0.0,1,3823,买盘
100,09:37:49,38.23,0.0,3,11469,买盘
101,09:37:58,38.25,0.02,2,7650,买盘
102,09:38:04,38.25,0.0,2,7650,买盘
103,09:38:07,38.25,0.0,3,11475,买盘
104,09:38:16,38.25,0.0,1,3825,卖盘
105,09:38:22,38.25,0.0,10,38250,卖盘
106,09:38:37,38.25,0.0,1,3825,买盘
107,09:38:40,38.25,0.0,14,53520,买盘
108,09:38:58,38.24,-0.01,42,160649,卖盘
109,09:39:04,38.25,0.01,1,3825,买盘
110,09:39:13,38.25,0.0,5,19125,买盘
111,09:39:16,38.24,-0.01,16,61184,卖盘
112,09:39:19,38.24,0.0,1,3824,买盘
113,09:39:22,38.25,0.01,6,22945,买盘
114,09:39:28,38.24,-0.01,13,49715,卖盘
115,09:39:31,38.25,0.01,23,90576,买盘
116,09:39:37,38.26,0.01,13,49738,买盘
117,09:39:43,38.26,0.0,67,256342,买盘
118,09:39:49,38.29,0.03,15,57435,买盘
119,09:39:52,38.29,0.0,6,22974,买盘
120,09:39:55,38.3,0.01,28,107239,买盘
121,09:39:58,38.3,0.0,16,61280,买盘
122,09:40:01,38.32,0.02,55,210658,买盘
123,09:40:05,38.32,0.0,1,3832,买盘
124,09:40:07,38.32,0.0,10,38320,买盘
125,09:40:10,38.34,0.02,9,34506,买盘
126,09:40:13,38.37,0.03,158,605793,买盘
127,09:40:16,38.42,0.05,12,46059,买盘
128,09:40:22,38.42,0.0,4,15368,买盘
129,09:40:25,38.44,0.02,30,115274,买盘
130,09:40:28,38.44,0.0,9,34596,买盘
131,09:40:34,38.44,0.0,22,82646,买盘
132,09:40:40,38.47,0.03,2,7694,买盘
133,09:40:46,38.47,0.0,4,15388,买盘
134,09:40:55,38.47,0.0,2,7695,卖盘
135,09:40:58,38.53,0.06,2,7706,买盘
136,09:41:04,38.51,-0.02,23,88573,买盘
137,09:41:07,38.51,0.0,1,3851,买盘
138,09:41:10,38.51,0.0,6,23106,买盘
139,09:41:13,38.51,0.0,3,11553,卖盘
140,09:41:19,38.53,0.02,31,119403,买盘
141,09:41:22,38.53,0.0,1,3853,买盘
142,09:41:25,38.51,-0.02,5,19263,卖盘
143,09:41:31,38.52,0.01,1,3852,买盘
144,09:41:34,38.52,0.0,1,3852,中性盘
145,09:41:37,38.51,-0.01,4,15404,卖盘
146,09:41:40,38.51,0.0,23,88534,买盘
147,09:41:43,38.47,-0.04,16,61565,卖盘
148,09:41:49,38.47,0.0,3,11541,卖盘
149,09:41:55,38.49,0.02,1,3849,买盘
150,09:41:58,38.49,0.0,3,11547,买盘
151,09:42:04,38.47,-0.02,20,76920,买盘
152,09:42:13,38.51,0.04,9,34657,买盘
153,09:42:16,38.49,-0.02,2,7698,卖盘
154,09:42:19,38.48,-0.01,1,3848,买盘
155,09:42:31,38.4,-0.08,5,19216,卖盘
156,09:42:37,38.49,0.09,2,7698,买盘
157,09:42:40,38.49,0.0,1,3849,买盘
158,09:42:43,38.49,0.0,4,15396,买盘
159,09:42:46,38.48,-0.01,12,46187,卖盘
160,09:42:52,38.5,0.02,2,7698,买盘
161,09:42:55,38.5,0.0,1,3850,卖盘
162,09:42:58,38.47,-0.03,4,15397,中性盘
163,09:43:01,38.47,0.0,4,15388,买盘
164,09:43:04,38.49,0.02,10,38484,买盘
165,09:43:13,38.49,0.0,1,3849,买盘
166,09:43:16,38.49,0.0,3,11547,买盘
167,09:43:22,38.49,0.0,2,7698,买盘
168,09:43:25,38.44,-0.05,3,11537,卖盘
169,09:43:28,38.5,0.06,6,23092,买盘
170,09:43:37,38.5,0.0,10,38498,买盘
171,09:43:43,38.5,0.0,2,7699,买盘
172,09:43:55,38.5,0.0,11,42350,卖盘
173,09:43:58,38.51,0.01,2,7701,买盘
174,09:44:01,38.51,0.0,1,3851,买盘
175,09:44:07,38.51,0.0,2,7702,买盘
176,09:44:10,38.51,0.0,2,7701,买盘
177,09:44:13,38.51,0.0,1,3851,买盘
178,09:44:16,38.5,-0.01,5,19254,卖盘
179,09:44:19,38.51,0.01,2,7702,买盘
180,09:44:22,38.51,0.0,8,30807,买盘
181,09:44:25,38.51,0.0,3,11553,买盘
182,09:44:37,38.53,0.02,1,3853,买盘
183,09:44:40,38.53,0.0,15,57767,买盘
184,09:44:43,38.56,0.03,5,19280,买盘
185,09:44:46,38.56,0.0,1,3856,买盘
186,09:45:01,38.56,0.0,1,3856,卖盘
187,09:45:04,38.57,0.01,2,7713,买盘
188,09:45:07,38.57,0.0,11,42417,买盘
189,09:45:10,38.56,-0.01,18,69422,卖盘
190,09:45:13,38.57,0.01,1,3857,卖盘
191,09:45:19,38.56,-0.01,11,42423,卖盘
192,09:45:25,38.56,0.0,1,3856,买盘
193,09:45:31,38.56,0.0,9,34704,买盘
194,09:45:37,38.57,0.01,5,19285,卖盘
195,09:45:43,38.58,0.01,5,19284,买盘
196,09:45:49,38.58,0.0,4,15432,买盘
197,09:45:52,38.57,-0.01,2,7714,卖盘
198,09:45:55,38.57,0.0,11,42427,卖盘
199,09:46:01,38.58,0.01,1,3858,买盘
200,09:46:04,38.59,0.01,3,11577,卖盘
201,09:46:07,38.59,0.0,1,3859,卖盘
202,09:46:10,38.6,0.01,4,15439,买盘
203,09:46:13,38.58,-0.02,11,42438,卖盘
204,09:46:19,38.58,0.01,8,30864,买盘
205,09:46:22,38.57,-0.01,1,1659,买盘
206,09:46:37,38.57,0.0,1,3857,买盘
207,09:46:40,38.57,0.0,5,19285,买盘
208,09:46:43,38.56,-0.01,6,23136,卖盘
209,09:46:49,38.52,-0.04,31,119455,卖盘
210,09:46:58,38.45,-0.07,10,38474,卖盘
211,09:47:04,38.52,0.07,1,3852,买盘
212,09:47:07,38.51,-0.01,2,7703,卖盘
213,09:47:10,38.52,0.01,7,26964,买盘
214,09:47:13,38.55,0.03,2,7710,中性盘
215,09:47:16,38.55,0.0,1,3855,卖盘
216,09:47:19,38.57,0.02,14,53993,买盘
217,09:47:28,38.58,0.01,3,11574,买盘
218,09:47:34,38.59,0.01,3,11577,买盘
219,09:47:40,38.63,0.04,3,11589,买盘
220,09:47:46,38.63,0.0,2,7726,买盘
221,09:47:49,38.64,0.01,2,7728,买盘
222,09:47:52,38.64,0.0,11,42504,买盘
223,09:47:55,38.64,0.0,1,3864,买盘
224,09:48:01,38.67,0.03,2,7735,卖盘
225,09:48:04,38.68,0.01,3,11604,买盘
226,09:48:07,38.68,0.0,6,23208,买盘
227,09:48:28,38.72,0.04,4,15488,卖盘
228,09:48:31,38.73,0.01,9,34851,买盘
229,09:48:34,38.72,-0.01,2,7744,卖盘
230,09:48:37,38.7,-0.02,5,19356,中性盘
231,09:48:40,38.71,0.01,6,23228,卖盘
232,09:48:43,38.72,0.01,17,65794,买盘
233,09:48:46,38.67,-0.05,1,3867,卖盘
234,09:48:49,38.69,0.02,1,3869,卖盘
235,09:48:52,38.67,-0.02,2,7736,卖盘
236,09:48:58,38.68,0.01,5,19340,买盘
237,09:49:01,38.63,-0.05,1,3863,卖盘
238,09:49:04,38.63,0.0,11,42493,卖盘
239,09:49:07,38.63,0.0,10,38633,卖盘
240,09:49:10,38.63,0.0,13,50219,卖盘
241,09:49:13,38.58,-0.05,5,19305,卖盘
242,09:49:16,38.57,-0.01,7,26999,买盘
243,09:49:19,38.63,0.06,3,11589,中性盘
244,09:49:25,38.65,0.02,1,3865,买盘
245,09:49:28,38.65,0.0,6,23190,买盘
246,09:49:34,38.63,-0.02,3,11589,卖盘
247,09:49:40,38.64,0.01,6,23189,中性盘
248,09:49:43,38.65,0.01,6,23189,买盘
249,09:49:49,38.65,0.0,4,15460,卖盘
250,09:49:52,38.63,-0.02,10,38638,卖盘
251,09:49:58,38.67,0.04,1,3867,买盘
252,09:50:04,38.65,-0.02,1,3865,买盘
253,09:50:07,38.65,0.0,11,42495,买盘
254,09:50:10,38.65,0.0,1,3865,买盘
255,09:50:13,38.63,-0.02,1,3863,卖盘
256,09:50:19,38.65,0.02,1,3865,买盘
257,09:50:22,38.63,-0.02,5,19315,卖盘
258,09:50:25,38.65,0.02,23,88875,买盘
259,09:50:31,38.65,0.0,37,143025,卖盘
260,09:50:37,38.66,0.01,2,7732,卖盘
261,09:50:40,38.66,0.0,7,27064,卖盘
262,09:50:43,38.65,-0.01,7,27060,卖盘
263,09:50:46,38.67,0.02,6,23202,买盘
264,09:50:49,38.66,-0.01,4,15467,卖盘
265,09:50:52,38.68,0.02,12,46414,买盘
266,09:51:01,38.65,-0.03,14,54133,卖盘
267,09:51:07,38.65,0.0,24,92767,卖盘
268,09:51:13,38.65,0.0,1,3865,买盘
269,09:51:19,38.65,0.0,2,7730,买盘
270,09:51:31,38.65,0.0,1,3865,买盘
271,09:51:34,38.65,0.0,37,142762,买盘
272,09:51:40,38.61,-0.04,1,3861,买盘
273,09:51:43,38.61,0.0,1,3861,买盘
274,09:51:55,38.56,-0.05,1,3856,卖盘
275,09:52:04,38.6,0.04,1,3860,买盘
276,09:52:07,38.56,-0.04,6,23140,卖盘
277,09:52:10,38.56,0.0,5,19280,买盘
278,09:52:13,38.61,0.05,1,3861,买盘
279,09:52:16,38.61,0.0,2,7722,买盘
280,09:52:34,38.63,0.02,5,19315,买盘
281,09:52:40,38.63,0.0,3,11589,卖盘
282,09:52:46,38.63,0.0,1,3863,买盘
283,09:52:49,38.65,0.02,10,38644,买盘
284,09:52:55,38.63,-0.02,1,3863,买盘
285,09:53:07,38.67,0.04,1,3867,买盘
286,09:53:13,38.67,0.0,1,3867,买盘
287,09:53:16,38.67,0.0,1,3867,买盘
288,09:53:19,38.67,0.0,1,3867,买盘
289,09:53:22,38.61,-0.06,19,73367,卖盘
290,09:53:25,38.67,0.06,1,3867,中性盘
291,09:53:34,38.67,0.0,1,3867,买盘
292,09:53:37,38.67,0.0,1,3867,买盘
293,09:53:40,38.67,0.0,2,7734,买盘
294,09:53:43,38.67,0.0,1,3867,买盘
295,09:53:55,38.65,-0.02,1,3865,中性盘
296,09:53:58,38.65,0.0,2,7730,买盘
297,09:54:04,38.65,0.0,1,3865,买盘
298,09:54:10,38.61,-0.04,3,11585,卖盘
299,09:54:12,38.65,0.04,2,7726,买盘
300,09:54:40,38.6,-0.05,1,3860,买盘
301,09:54:55,38.65,0.05,35,135262,买盘
302,09:54:58,38.65,0.0,16,61840,卖盘
303,09:55:04,38.6,-0.05,5,19300,买盘
304,09:55:07,38.53,-0.07,2,7706,卖盘
305,09:55:10,38.53,0.0,3,11559,买盘
306,09:55:13,38.6,0.07,3,11580,买盘
307,09:55:40,38.6,0.0,2,7720,买盘
308,09:55:43,38.6,0.0,1,3860,买盘
309,09:55:46,38.59,-0.01,8,30862,买盘
310,09:55:58,38.59,0.0,1,3859,买盘
311,09:56:04,38.59,0.0,5,19295,买盘
312,09:56:06,38.58,-0.01,2,7716,中性盘
313,09:56:10,38.56,-0.02,3,11568,卖盘
314,09:56:13,38.58,0.02,1,3858,买盘
315,09:56:25,38.55,-0.03,1,3855,卖盘
316,09:56:34,38.56,0.01,5,19280,买盘
317,09:56:37,38.56,0.0,5,19280,买盘
318,09:56:40,38.56,0.0,5,19280,卖盘
319,09:56:46,38.59,0.03,8,30867,买盘
320,09:56:49,38.57,-0.02,3,11572,卖盘
321,09:56:52,38.58,0.01,3,11574,卖盘
322,09:56:58,38.58,0.0,2,7716,中性盘
323,09:57:01,38.59,0.01,15,57885,买盘
324,09:57:07,38.63,0.04,6,23163,买盘
325,09:57:10,38.59,-0.04,2,7718,卖盘
326,09:57:13,38.59,0.0,21,81054,卖盘
327,09:57:31,38.63,0.04,13,50186,买盘
328,09:57:34,38.63,0.0,1,3863,卖盘
329,09:57:40,38.64,0.01,17,65688,买盘
330,09:57:46,38.63,-0.01,1,3863,卖盘
331,09:57:55,38.63,0.0,2,7726,卖盘
332,09:57:58,38.64,0.01,3,11592,买盘
333,09:58:04,38.64,0.0,2,7728,买盘
334,09:58:07,38.63,-0.01,21,81130,卖盘
335,09:58:10,38.64,0.01,1,3864,买盘
336,09:58:19,38.64,0.0,4,15456,买盘
337,09:58:34,38.64,0.0,2,7728,买盘
338,09:58:49,38.64,0.0,5,19320,买盘
339,09:58:58,38.67,0.03,1,3867,买盘
340,09:59:04,38.67,0.0,2,7734,买盘
341,09:59:07,38.67,0.0,2,7734,买盘
342,09:59:09,38.67,0.0,3,11601,买盘
343,09:59:16,38.68,0.01,1,3868,买盘
344,09:59:24,38.67,-0.01,3,11601,卖盘
345,09:59:31,38.67,0.0,2,7734,卖盘
346,09:59:40,38.68,0.01,9,34812,买盘
347,09:59:43,38.68,0.0,1,3868,买盘
348,09:59:52,38.68,0.0,3,11604,买盘
349,09:59:58,38.68,0.0,1,3868,买盘
350,10:00:01,38.68,0.0,2,7736,买盘
351,10:00:10,38.68,0.0,5,19340,卖盘
352,10:00:16,38.69,0.01,1,3869,买盘
353,10:00:28,38.68,-0.01,2,7736,卖盘
354,10:00:31,38.69,0.01,3,11607,买盘
355,10:00:34,38.69,0.0,3,11607,买盘
356,10:00:40,38.68,-0.01,8,30945,卖盘
357,10:00:49,38.7,0.02,2,7740,买盘
358,10:00:55,38.69,-0.01,7,27083,卖盘
359,10:01:07,38.69,0.0,1,3869,买盘
360,10:01:19,38.67,-0.02,5,19335,卖盘
361,10:01:34,38.67,0.0,1,3867,买盘
362,10:01:37,38.69,0.02,14,54134,买盘
363,10:01:46,38.69,0.0,2,7738,卖盘
364,10:01:55,38.68,-0.01,21,81262,中性盘
365,10:02:07,38.68,0.0,1,3868,买盘
366,10:02:16,38.65,-0.03,16,61840,卖盘
367,10:02:22,38.64,-0.01,1,3864,卖盘
368,10:02:25,38.64,0.0,29,112056,卖盘
369,10:02:28,38.64,0.0,1,3864,买盘
370,10:02:40,38.63,-0.01,5,19315,卖盘
371,10:02:49,38.56,-0.07,2,7712,卖盘
372,10:02:58,38.57,0.01,10,38570,卖盘
373,10:03:04,38.63,0.06,12,46355,买盘
374,10:03:07,38.57,-0.06,10,38606,卖盘
375,10:03:10,38.57,0.0,10,38576,卖盘
376,10:03:16,38.57,0.0,2,7715,卖盘
377,10:03:22,38.57,0.0,1,3857,卖盘
378,10:03:43,38.57,0.0,3,11571,卖盘
379,10:03:49,38.57,0.0,3,11571,卖盘
380,10:03:58,38.56,-0.01,1,3856,卖盘
381,10:04:04,38.56,0.0,4,15424,卖盘
382,10:04:07,38.56,0.0,2,7712,买盘
383,10:04:13,38.54,-0.02,6,23124,卖盘
384,10:04:19,38.53,-0.01,5,19267,卖盘
385,10:04:25,38.53,0.0,8,30824,卖盘
386,10:04:28,38.53,0.0,5,19265,买盘
387,10:04:34,38.53,0.0,1,3853,买盘
388,10:04:37,38.51,-0.02,10,38514,卖盘
389,10:04:52,38.51,0.0,11,42379,卖盘
390,10:04:55,38.51,0.0,3,11553,买盘
391,10:05:04,38.51,0.0,6,23106,买盘
392,10:05:07,38.51,0.0,2,7702,买盘
393,10:05:13,38.5,-0.01,2,7700,卖盘
394,10:05:19,38.51,0.01,1,3851,买盘
395,10:05:25,38.5,-0.01,5,19250,卖盘
396,10:05:31,38.5,0.0,1,3850,卖盘
397,10:05:34,38.5,0.0,5,19250,买盘
398,10:05:40,38.51,0.01,28,107753,买盘
399,10:05:43,38.49,-0.02,3,11551,中性盘
400,10:05:46,38.51,0.02,8,30796,买盘
401,10:05:52,38.56,0.05,5,19280,买盘
402,10:06:04,38.56,0.0,1,3856,买盘
403,10:06:19,38.6,0.04,3,11580,买盘
404,10:06:46,38.56,-0.04,1,3856,卖盘
405,10:06:58,38.6,0.04,11,42460,买盘
406,10:07:07,38.6,0.0,1,3860,买盘
407,10:07:13,38.6,0.0,2,7720,买盘
408,10:07:34,38.56,-0.04,10,38560,卖盘
409,10:07:55,38.56,0.0,5,19280,卖盘
410,10:07:57,38.59,0.03,1,3859,买盘
411,10:08:04,38.57,-0.02,3,11571,卖盘
412,10:08:07,38.59,0.02,5,19287,买盘
413,10:08:25,38.59,0.0,2,7718,买盘
414,10:08:31,38.6,0.01,3,11580,买盘
415,10:08:40,38.57,-0.03,4,15428,卖盘
416,10:08:43,38.6,0.03,19,73336,买盘
417,10:08:46,38.6,0.0,1,3860,卖盘
418,10:08:52,38.6,0.0,4,15441,卖盘
419,10:08:58,38.62,0.02,1,3862,买盘
420,10:09:07,38.61,-0.01,1,3861,买盘
421,10:09:31,38.62,0.01,4,15448,买盘
422,10:09:52,38.58,-0.04,3,11577,中性盘
423,10:09:58,38.61,0.03,1,3861,买盘
424,10:10:04,38.61,0.0,1,3861,买盘
425,10:10:07,38.6,-0.01,1,3860,买盘
426,10:10:25,38.58,-0.02,1,3858,卖盘
427,10:10:30,38.58,0.0,5,19290,买盘
428,10:10:33,38.58,0.0,2,7716,买盘
429,10:10:37,38.58,0.0,5,19290,买盘
430,10:10:40,38.58,0.0,2,7716,买盘
431,10:10:49,38.58,0.0,7,27006,卖盘
432,10:10:55,38.6,0.02,4,15440,买盘
433,10:10:58,38.6,0.0,1,3860,买盘
434,10:11:00,38.6,0.0,5,19300,买盘
435,10:11:04,38.6,0.0,12,46319,买盘
436,10:11:07,38.6,0.0,2,7720,买盘
437,10:11:19,38.62,0.02,5,19310,买盘
438,10:11:25,38.62,0.0,12,46344,买盘
439,10:11:28,38.63,0.01,8,30903,买盘
440,10:11:31,38.62,-0.01,12,46348,中性盘
441,10:11:34,38.63,0.01,4,15450,买盘
442,10:11:40,38.64,0.01,3,11592,买盘
443,10:11:43,38.64,0.0,7,27048,买盘
444,10:11:49,38.65,0.01,2,7730,买盘
445,10:11:52,38.65,0.0,2,7730,买盘
446,10:11:55,38.64,-0.01,9,34781,卖盘
447,10:11:58,38.65,0.01,5,19325,买盘
448,10:12:01,38.64,-0.01,8,30912,卖盘
449,10:12:07,38.64,0.0,2,7728,买盘
450,10:12:10,38.68,0.04,5,19340,买盘
451,10:12:22,38.69,0.01,1,3869,卖盘
452,10:12:28,38.7,0.01,1,3870,买盘
453,10:12:31,38.7,0.0,10,38700,买盘
454,10:12:33,38.7,0.0,37,143180,买盘
455,10:12:46,38.7,0.0,4,15480,买盘
456,10:12:49,38.7,0.0,8,30960,买盘
457,10:12:52,38.7,0.0,9,34830,买盘
458,10:12:55,38.7,0.0,1,3870,卖盘
459,10:12:57,38.71,0.01,1,3871,买盘
460,10:13:04,38.7,-0.01,1,3870,卖盘
461,10:13:07,38.71,0.01,3,11611,买盘
462,10:13:10,38.7,-0.01,4,15482,卖盘
463,10:13:22,38.72,0.02,1,3872,买盘
464,10:13:25,38.7,-0.02,7,27093,卖盘
465,10:13:28,38.7,0.0,2,7740,买盘
466,10:13:31,38.7,0.0,2,7740,买盘
467,10:13:46,38.69,-0.01,5,19345,卖盘
468,10:13:49,38.69,0.0,5,19345,买盘
469,10:14:04,38.7,0.01,1,3870,卖盘
470,10:14:07,38.68,-0.02,5,19342,卖盘
471,10:14:10,38.7,0.02,1,3870,卖盘
472,10:14:13,38.71,0.01,4,15482,买盘
473,10:14:25,38.71,0.0,1,3871,卖盘
474,10:14:33,38.71,0.0,2,7742,卖盘
475,10:14:37,38.7,-0.01,3,11612,卖盘
476,10:14:55,38.7,0.0,1,3870,买盘
477,10:15:06,38.7,0.0,8,30960,卖盘
478,10:15:10,38.7,0.0,1,3870,买盘
479,10:15:18,38.68,-0.02,12,46416,卖盘
480,10:15:55,38.65,-0.03,2,7730,卖盘
481,10:16:07,38.65,0.0,1,3865,买盘
482,10:16:10,38.64,-0.01,2,7728,卖盘
483,10:16:12,38.63,-0.01,4,15452,卖盘
484,10:16:19,38.66,0.03,23,88903,买盘
485,10:16:46,38.64,-0.02,10,38640,买盘
486,10:17:36,38.67,0.03,1,3867,买盘
487,10:17:49,38.67,0.0,1,3867,买盘
488,10:17:58,38.67,0.0,12,46404,买盘
489,10:18:04,38.67,0.0,1,3867,卖盘
490,10:18:07,38.67,0.0,4,15471,卖盘
491,10:18:12,38.64,-0.03,16,61848,卖盘
492,10:18:31,38.64,0.0,1,3864,卖盘
493,10:18:49,38.65,0.01,1,3865,中性盘
494,10:18:51,38.67,0.02,15,58001,买盘
495,10:19:01,38.67,0.0,20,77340,买盘
496,10:19:07,38.66,-0.01,2,7732,中性盘
497,10:19:21,38.6,-0.06,10,38620,卖盘
498,10:19:28,38.66,0.06,4,15464,买盘
499,10:20:04,38.6,-0.06,6,23160,卖盘
500,10:20:07,38.66,0.06,1,3866,买盘
501,10:20:28,38.66,0.0,2,7732,买盘
502,10:20:58,38.67,0.01,5,19331,买盘
503,10:21:07,38.67,0.0,1,3867,买盘
504,10:21:27,38.67,0.0,3,11601,买盘
505,10:21:55,38.67,0.0,3,11591,买盘
506,10:21:58,38.67,0.0,1,3867,买盘
507,10:22:07,38.67,0.0,1,3867,买盘
508,10:22:16,38.65,-0.02,2,7730,买盘
509,10:22:57,38.66,0.01,1,3866,买盘
510,10:23:07,38.66,0.0,2,7732,买盘
511,10:23:21,38.64,-0.02,5,19322,卖盘
512,10:23:45,38.66,0.02,1,3866,买盘
513,10:23:55,38.66,0.0,3,11598,买盘
514,10:23:58,38.66,0.0,1,3866,买盘
515,10:24:04,38.67,0.01,1,3867,买盘
516,10:24:10,38.69,0.02,12,46416,买盘
517,10:24:13,38.67,-0.02,1,3867,卖盘
518,10:24:21,38.69,0.02,4,15476,买盘
519,10:24:36,38.69,0.0,17,65782,卖盘
520,10:24:40,38.69,0.0,1,3869,买盘
521,10:24:43,38.7,0.01,3,11609,买盘
522,10:24:46,38.72,0.02,6,23230,买盘
523,10:24:58,38.75,0.03,1,3875,买盘
524,10:25:07,38.74,-0.01,1,3874,买盘
525,10:25:16,38.75,0.01,2,7750,买盘
526,10:25:25,38.71,-0.04,4,15484,卖盘
527,10:25:43,38.66,-0.05,31,119901,卖盘
528,10:25:46,38.66,0.0,1,3866,买盘
529,10:25:55,38.72,0.06,40,154753,买盘
530,10:26:13,38.72,0.0,3,11616,卖盘
531,10:26:43,38.69,-0.03,31,119935,买盘
532,10:26:58,38.72,0.03,20,77402,买盘
533,10:27:07,38.7,-0.02,1,3870,买盘
534,10:27:19,38.64,-0.06,9,34776,卖盘
535,10:27:58,38.65,0.01,2,7733,卖盘
536,10:28:07,38.65,0.0,1,3865,买盘
537,10:28:13,38.64,-0.01,2,7728,卖盘
538,10:28:27,38.64,0.0,2,7728,卖盘
539,10:28:40,38.64,0.0,8,30912,卖盘
540,10:28:54,38.63,-0.01,11,42494,卖盘
541,10:29:07,38.63,0.0,1,3863,买盘
542,10:29:25,38.61,-0.02,16,61776,卖盘
543,10:29:39,38.61,0.0,6,23166,买盘
544,10:29:46,38.61,0.0,20,77210,买盘
545,10:29:49,38.61,0.0,6,23166,卖盘
546,10:29:55,38.61,0.0,1,3861,买盘
547,10:29:58,38.61,0.0,1,3861,买盘
548,10:30:01,38.61,0.0,2,7722,买盘
549,10:30:07,38.62,0.01,7,27029,买盘
550,10:30:10,38.64,0.02,7,27042,买盘
551,10:30:16,38.6,-0.04,6,23160,卖盘
552,10:30:28,38.6,0.0,29,111940,买盘
553,10:30:49,38.64,0.04,2,7725,买盘
554,10:30:55,38.6,-0.04,11,42461,卖盘
555,10:31:04,38.61,0.01,1,3861,卖盘
556,10:31:07,38.65,0.04,22,85004,买盘
557,10:31:13,38.61,-0.04,1,3861,卖盘
558,10:31:25,38.61,0.0,20,77220,买盘
559,10:31:31,38.61,0.0,1,3861,买盘
560,10:32:07,38.64,0.03,1,3864,买盘
561,10:32:31,38.68,0.04,3,11604,买盘
562,10:32:36,38.68,0.0,2,7736,买盘
563,10:32:57,38.69,0.01,1,3869,买盘
564,10:33:07,38.69,0.0,4,15476,买盘
565,10:33:10,38.7,0.01,14,54177,买盘
566,10:33:12,38.69,-0.01,3,11609,中性盘
567,10:33:25,38.7,0.01,1,3870,卖盘
568,10:33:58,38.75,0.05,1,3875,买盘
569,10:34:07,38.72,-0.03,12,46467,卖盘
570,10:34:45,38.71,-0.01,1,3871,卖盘
571,10:34:48,38.71,0.0,1,3871,卖盘
572,10:34:55,38.7,-0.01,3,11610,卖盘
573,10:34:58,38.69,-0.01,2,7738,卖盘
574,10:35:01,38.69,0.0,2,7738,中性盘
575,10:35:04,38.68,-0.01,15,58020,卖盘
576,10:35:09,38.69,0.01,9,34705,卖盘
577,10:35:16,38.69,0.0,1,3869,卖盘
578,10:35:22,38.69,0.0,1,3985,卖盘
579,10:35:28,38.68,-0.01,1,3868,卖盘
580,10:35:31,38.69,0.01,2,7738,买盘
581,10:35:39,38.63,-0.06,10,38630,卖盘
582,10:35:58,38.6,-0.03,13,50193,卖盘
583,10:36:06,38.6,0.0,1,3860,买盘
584,10:36:15,38.59,-0.01,3,11577,卖盘
585,10:36:28,38.59,0.0,1,3859,卖盘
586,10:36:58,38.6,0.01,1,3860,买盘
587,10:37:06,38.6,0.0,1,3860,买盘
588,10:37:16,38.6,0.0,1,3860,买盘
589,10:37:19,38.6,0.0,1,3860,买盘
590,10:37:22,38.6,0.0,3,11580,卖盘
591,10:37:25,38.6,0.0,1,3860,卖盘
592,10:37:31,38.63,0.03,5,19315,买盘
593,10:37:40,38.6,-0.03,27,104232,卖盘
594,10:37:58,38.6,0.0,1,3860,买盘
595,10:38:18,38.59,-0.01,6,23154,卖盘
596,10:38:25,38.58,-0.01,61,235428,卖盘
597,10:38:37,38.56,-0.02,10,38570,卖盘
598,10:38:46,38.56,0.0,2,7712,买盘
599,10:38:55,38.55,-0.01,1,3855,卖盘
600,10:38:58,38.55,0.0,3,11565,卖盘
601,10:39:07,38.56,0.01,5,19280,买盘
602,10:39:13,38.5,-0.06,34,130970,卖盘
603,10:39:45,38.5,0.0,5,19250,买盘
604,10:40:07,38.5,0.0,1,3850,买盘
605,10:40:13,38.5,0.0,3,11550,买盘
606,10:40:16,38.5,0.0,10,38500,买盘
607,10:40:31,38.5,0.0,1,3850,卖盘
608,10:40:40,38.5,0.0,16,61600,卖盘
609,10:40:46,38.5,0.0,9,34650,买盘
610,10:40:49,38.5,0.0,2,7700,买盘
611,10:40:55,38.5,0.0,2,7700,买盘
612,10:40:58,38.5,0.0,6,23100,买盘
613,10:41:01,38.5,0.0,1,3850,买盘
614,10:41:05,38.4,-0.1,44,169161,卖盘
615,10:41:07,38.49,0.09,13,50028,买盘
616,10:41:19,38.49,0.0,1,3849,买盘
617,10:41:33,38.4,-0.09,2,7681,卖盘
618,10:41:37,38.4,0.0,1,3840,卖盘
619,10:41:46,38.49,0.09,8,30792,买盘
620,10:41:52,38.5,0.01,5,19250,买盘
621,10:42:01,38.64,0.14,7,27042,买盘
622,10:42:04,38.63,-0.01,1,3863,中性盘
623,10:42:07,38.64,0.01,1,3864,买盘
624,10:42:10,38.63,-0.01,4,15452,卖盘
625,10:42:13,38.6,-0.03,7,27020,买盘
626,10:42:58,38.6,0.0,1,3860,买盘
627,10:43:01,38.59,-0.01,1,3859,中性盘
628,10:43:13,38.59,0.0,1,3859,卖盘
629,10:43:57,38.53,-0.06,3,11567,卖盘
630,10:44:07,38.53,0.0,2,7706,买盘
631,10:44:10,38.53,0.0,4,15412,买盘
632,10:44:15,38.54,0.01,1,3854,买盘
633,10:44:40,38.6,0.06,1,3860,买盘
634,10:44:58,38.6,0.0,1,3860,买盘
635,10:45:07,38.59,-0.01,1,3859,买盘
636,10:45:57,38.59,0.0,1,3859,买盘
637,10:46:00,38.55,-0.04,7,26986,卖盘
638,10:46:04,38.56,0.01,5,19276,买盘
639,10:46:06,38.58,0.02,2,7716,买盘
640,10:46:13,38.58,0.0,1,3858,买盘
641,10:46:16,38.58,0.0,7,27006,买盘
642,10:46:28,38.59,0.01,3,11577,买盘
643,10:46:46,38.59,0.0,1,3859,买盘
644,10:46:58,38.59,0.0,2,7718,买盘
645,10:47:10,38.59,0.0,1,3859,卖盘
646,10:47:13,38.6,0.01,3,11578,买盘
647,10:47:15,38.6,0.0,9,34740,买盘
648,10:47:30,38.63,0.03,3,11589,买盘
649,10:47:37,38.63,0.0,2,7726,中性盘
650,10:47:52,38.65,0.02,6,23189,买盘
651,10:47:58,38.66,0.01,3,11598,买盘
652,10:48:01,38.65,-0.01,3,11597,卖盘
653,10:48:04,38.65,0.0,1,3865,卖盘
654,10:48:06,38.65,0.0,1,3865,买盘
655,10:48:10,38.65,0.0,3,11596,卖盘
656,10:48:40,38.66,0.01,1,3866,中性盘
657,10:48:48,38.65,-0.01,1,3865,卖盘
658,10:49:58,38.65,0.0,1,3865,买盘
659,10:50:04,38.65,0.0,5,19325,买盘
660,10:50:10,38.66,0.01,1,3866,买盘
661,10:50:31,38.66,0.0,4,15464,买盘
662,10:50:58,38.66,0.0,13,50257,买盘
663,10:51:04,38.66,0.0,11,42526,买盘
664,10:51:25,38.66,0.0,11,42526,卖盘
665,10:51:58,38.66,0.0,1,3866,买盘
666,10:52:04,38.66,0.0,15,57990,买盘
667,10:52:27,38.67,0.01,6,23202,买盘
668,10:52:40,38.69,0.02,6,23214,买盘
669,10:52:43,38.69,0.0,3,11607,买盘
670,10:52:46,38.69,0.0,4,15476,买盘
671,10:52:52,38.69,0.0,1,3869,买盘
672,10:52:55,38.69,0.0,6,23098,买盘
673,10:53:04,38.7,0.01,1,3870,买盘
674,10:53:13,38.7,0.0,15,58050,买盘
675,10:53:16,38.7,0.0,8,30960,买盘
676,10:53:19,38.7,0.0,1,3870,中性盘
677,10:53:22,38.7,0.0,1,3870,卖盘
678,10:53:40,38.73,0.03,1,3873,买盘
679,10:53:45,38.71,-0.02,1,3871,卖盘
680,10:53:49,38.73,0.02,1,3873,买盘
681,10:53:52,38.73,0.0,3,11619,买盘
682,10:53:58,38.71,-0.02,2,7742,中性盘
683,10:54:01,38.71,0.0,1,3871,买盘
684,10:54:04,38.73,0.02,10,38724,买盘
685,10:54:07,38.74,0.01,10,38726,买盘
686,10:54:25,38.74,0.0,3,11622,买盘
687,10:54:31,38.74,0.0,1,3874,买盘
688,10:54:37,38.74,0.0,1,3874,卖盘
689,10:54:40,38.76,0.02,7,27130,买盘
690,10:54:45,38.74,-0.02,1,3874,卖盘
691,10:54:52,38.73,-0.01,10,38730,卖盘
692,10:54:55,38.74,0.01,4,15496,买盘
693,10:54:58,38.73,-0.01,22,85209,卖盘
694,10:55:06,38.73,0.0,5,19365,买盘
695,10:55:21,38.73,0.0,1,3873,买盘
696,10:55:46,38.69,-0.04,45,174136,卖盘
697,10:55:58,38.7,0.01,1,3870,卖盘
698,10:56:07,38.7,0.0,1,3870,买盘
699,10:56:40,38.74,0.04,37,143328,买盘
700,10:56:52,38.74,0.0,8,30992,卖盘
701,10:56:58,38.74,0.0,1,3874,买盘
702,10:57:06,38.74,0.0,1,3874,买盘
703,10:57:33,38.72,-0.02,2,7744,买盘
704,10:57:55,38.76,0.04,5,19374,买盘
705,10:58:13,38.76,0.0,10,38760,卖盘
706,10:58:18,38.76,0.0,4,15504,卖盘
707,10:58:25,38.76,0.0,1,3876,卖盘
708,10:58:31,38.76,0.0,1,3876,卖盘
709,10:59:07,38.77,0.01,2,7754,买盘
710,10:59:25,38.69,-0.08,3,11610,卖盘
711,10:59:57,38.76,0.07,1,3876,买盘
712,11:00:37,38.76,0.0,2,7752,卖盘
713,11:00:57,38.76,0.0,1,3876,买盘
714,11:01:04,38.71,-0.05,2,7742,卖盘
715,11:01:07,38.76,0.05,7,27102,买盘
716,11:01:22,38.76,0.0,1,3876,买盘
717,11:01:33,38.71,-0.05,10,38711,卖盘
718,11:02:40,38.76,0.05,14,54254,买盘
719,11:02:45,38.77,0.01,8,31016,买盘
720,11:02:57,38.78,0.01,1,3878,买盘
721,11:03:10,38.78,0.0,5,19390,买盘
722,11:03:21,38.78,0.0,3,11634,买盘
723,11:03:24,38.78,0.0,1,3878,买盘
724,11:03:27,38.77,-0.01,5,19385,卖盘
725,11:03:42,38.77,0.0,2,7754,卖盘
726,11:03:46,38.77,0.0,2,7754,卖盘
727,11:03:51,38.77,0.0,2,7754,卖盘
728,11:04:04,38.77,0.0,2,7754,卖盘
729,11:04:09,38.77,0.0,1,3877,卖盘
730,11:04:22,38.76,-0.01,67,259692,卖盘
731,11:04:28,38.71,-0.05,1,3871,卖盘
732,11:04:31,38.72,0.01,1,3872,卖盘
733,11:04:46,38.7,-0.02,7,27092,卖盘
734,11:04:49,38.76,0.06,1,3876,买盘
735,11:05:31,38.75,-0.01,1,3875,买盘
736,11:05:58,38.75,0.0,1,3875,买盘
737,11:06:07,38.72,-0.03,2,7744,卖盘
738,11:06:10,38.72,0.0,5,19360,买盘
739,11:07:21,38.71,-0.01,4,15487,卖盘
740,11:07:31,38.71,0.0,12,46452,卖盘
741,11:07:33,38.71,0.0,1,3871,买盘
742,11:08:36,38.68,-0.03,8,32879,卖盘
743,11:08:51,38.68,0.0,2,7736,卖盘
744,11:08:58,38.67,-0.01,5,19339,卖盘
745,11:09:39,38.69,0.02,5,19345,卖盘
746,11:09:42,38.69,0.0,1,3869,卖盘
747,11:09:45,38.76,0.07,59,228457,买盘
748,11:09:48,38.7,-0.06,1,3870,中性盘
749,11:09:58,38.71,0.01,1,3871,买盘
750,11:10:04,38.71,0.0,4,15484,买盘
751,11:10:15,38.71,0.0,5,19356,卖盘
752,11:10:34,38.76,0.05,5,19380,买盘
753,11:10:49,38.76,0.0,2,7752,买盘
754,11:11:36,38.72,-0.04,1,3872,卖盘
755,11:11:42,38.72,0.0,19,73568,买盘
756,11:11:46,38.71,-0.01,1,3871,卖盘
757,11:12:06,38.72,0.01,1,3872,卖盘
758,11:12:39,38.71,-0.01,45,174220,卖盘
759,11:12:43,38.71,0.0,1,3871,买盘
760,11:13:12,38.69,-0.02,8,30952,卖盘
761,11:13:16,38.69,0.0,2,7738,买盘
762,11:13:19,38.69,0.0,1,3869,买盘
763,11:13:22,38.69,0.0,1,3869,买盘
764,11:13:28,38.69,0.0,1,3869,买盘
765,11:13:33,38.68,-0.01,1,3868,卖盘
766,11:14:07,38.69,0.01,1,3869,买盘
767,11:14:09,38.68,-0.01,1,3868,卖盘
768,11:14:25,38.67,-0.01,6,23202,卖盘
769,11:14:40,38.66,-0.01,1,3866,卖盘
770,11:14:43,38.66,0.0,1,3866,卖盘
771,11:14:48,38.66,0.0,5,19330,卖盘
772,11:14:52,38.6,-0.06,1,3860,卖盘
773,11:15:51,38.67,0.07,5,19335,买盘
774,11:15:58,38.67,0.0,3,11601,买盘
775,11:16:01,38.65,-0.02,5,19330,卖盘
776,11:16:07,38.68,0.03,4,15472,买盘
777,11:16:36,38.68,0.0,7,27077,卖盘
778,11:17:22,38.68,0.0,3,11607,卖盘
779,11:17:28,38.71,0.03,2,7742,买盘
780,11:18:46,38.71,0.0,3,11613,买盘
781,11:18:49,38.71,0.0,8,30968,买盘
782,11:19:04,38.71,0.0,1,3871,买盘
783,11:20:27,38.7,-0.01,1,3870,卖盘
784,11:20:51,38.7,0.0,3,11610,买盘
785,11:21:04,38.65,-0.05,22,85084,卖盘
786,11:22:31,38.66,0.01,1,3866,卖盘
787,11:25:00,38.69,0.03,3,11607,卖盘
788,11:25:16,38.7,0.01,3,11610,买盘
789,11:25:21,38.71,0.01,25,96773,买盘
790,11:26:00,38.74,0.03,8,30992,买盘
791,11:26:25,38.74,0.0,2,7748,买盘
792,11:26:42,38.74,0.0,4,15496,买盘
793,11:27:10,38.72,-0.02,1,3872,卖盘
794,11:27:39,38.71,-0.01,36,139358,卖盘
795,11:27:52,38.71,0.0,1,3871,卖盘
796,11:29:01,38.7,-0.01,1,3870,买盘
797,11:29:06,38.7,0.0,1,3870,买盘
798,11:29:19,38.7,0.0,1,3870,买盘
799,11:29:22,38.7,0.0,3,11610,买盘
800,11:29:55,38.7,0.0,8,30960,买盘
801,11:30:01,38.7,0.0,1,3870,买盘
802,13:00:04,38.7,0.0,2,7740,买盘
803,13:00:07,38.7,0.0,7,27090,买盘
804,13:01:00,38.73,0.03,3,11619,买盘
805,13:01:37,38.72,-0.01,1,3872,买盘
806,13:01:51,38.72,0.0,2,7744,买盘
807,13:01:55,38.72,0.0,3,11616,卖盘
808,13:01:57,38.72,0.0,1,3872,中性盘
809,13:02:01,38.73,0.01,3,11619,买盘
810,13:02:09,38.73,0.0,10,38714,买盘
811,13:02:21,38.69,-0.04,2,7738,卖盘
812,13:03:16,38.71,0.02,5,19355,买盘
813,13:03:28,38.71,0.0,7,27097,买盘
814,13:04:00,38.69,-0.02,3,11611,卖盘
815,13:04:24,38.67,-0.02,3,11601,卖盘
816,13:04:37,38.69,0.02,4,15476,买盘
817,13:04:40,38.69,0.0,1,3869,买盘
818,13:05:00,38.73,0.04,1,3873,买盘
819,13:05:12,38.66,-0.07,10,38663,卖盘
820,13:07:01,38.73,0.07,2,7746,买盘
821,13:07:31,38.69,-0.04,1,3869,卖盘
822,13:07:37,38.68,-0.01,7,27076,卖盘
823,13:07:43,38.69,0.01,1,3869,卖盘
824,13:07:49,38.68,-0.01,1,3868,买盘
825,13:08:04,38.68,0.0,1,3868,买盘
826,13:08:27,38.66,-0.02,4,15464,卖盘
827,13:08:37,38.66,0.0,28,108248,卖盘
828,13:08:40,38.66,0.0,8,30928,卖盘
829,13:08:43,38.65,-0.01,10,38657,卖盘
830,13:08:46,38.65,0.0,2,7730,卖盘
831,13:08:49,38.65,0.0,9,34793,卖盘
832,13:08:55,38.65,0.0,1,3865,卖盘
833,13:08:57,38.65,0.0,3,11595,卖盘
834,13:09:01,38.65,0.0,11,42515,卖盘
835,13:09:06,38.61,-0.04,4,15444,卖盘
836,13:09:10,38.61,0.0,3,11583,卖盘
837,13:09:13,38.6,-0.01,10,38609,卖盘
838,13:09:19,38.58,-0.02,1,3858,卖盘
839,13:09:22,38.58,0.0,1,3858,卖盘
840,13:09:25,38.58,0.0,1,3858,卖盘
841,13:09:37,38.57,-0.01,4,15429,卖盘
842,13:09:55,38.57,0.0,4,15428,卖盘
843,13:10:01,38.59,0.02,10,38590,买盘
844,13:10:04,38.57,-0.02,3,11571,卖盘
845,13:10:43,38.58,0.01,2,7716,卖盘
846,13:10:57,38.58,0.0,2,7716,买盘
847,13:11:04,38.58,0.0,1,3858,买盘
848,13:11:52,38.59,0.01,5,19295,卖盘
849,13:11:55,38.59,0.0,4,15436,卖盘
850,13:11:58,38.63,0.04,2,7726,买盘
851,13:12:16,38.63,0.0,7,27041,买盘
852,13:12:34,38.59,-0.04,2,7718,卖盘
853,13:12:51,38.59,0.0,2,7718,卖盘
854,13:12:58,38.63,0.04,2,7726,买盘
855,13:13:06,38.59,-0.04,4,15439,卖盘
856,13:13:09,38.59,0.0,2,7718,买盘
857,13:13:19,38.59,0.0,2,7718,买盘
858,13:13:33,38.56,-0.03,5,19281,卖盘
859,13:14:58,38.59,0.03,3,11577,买盘
860,13:15:40,38.57,-0.02,2,7715,卖盘
861,13:15:49,38.57,0.0,2,7714,卖盘
862,13:15:58,38.59,0.02,1,3859,买盘
863,13:16:09,38.58,-0.01,3,11574,卖盘
864,13:16:15,38.54,-0.04,18,69405,卖盘
865,13:16:33,38.54,0.0,5,19270,卖盘
866,13:16:43,38.59,0.05,6,23154,买盘
867,13:17:04,38.59,0.0,6,23154,买盘
868,13:17:21,38.59,0.0,9,34739,卖盘
869,13:17:40,38.6,0.01,1,3860,买盘
870,13:17:51,38.62,0.02,2,7724,买盘
871,13:17:54,38.62,0.0,1,3862,买盘
872,13:18:04,38.63,0.01,19,73397,买盘
873,13:18:09,38.65,0.02,4,15460,买盘
874,13:18:31,38.72,0.07,1,3872,买盘
875,13:18:37,38.72,0.0,2,7744,买盘
876,13:18:58,38.7,-0.02,1,3870,买盘
877,13:19:27,38.7,0.0,4,15480,卖盘
878,13:20:31,38.66,-0.04,10,38668,卖盘
879,13:20:34,38.7,0.04,1,3870,买盘
880,13:20:36,38.66,-0.04,9,34796,卖盘
881,13:20:39,38.66,0.0,1,3866,买盘
882,13:20:52,38.7,0.04,12,46408,买盘
883,13:21:16,38.7,0.0,1,3870,买盘
884,13:21:58,38.69,-0.01,3,11607,买盘
885,13:22:22,38.68,-0.01,16,61888,卖盘
886,13:22:58,38.68,0.0,2,7736,买盘
887,13:23:01,38.7,0.02,19,73517,买盘
888,13:23:15,38.71,0.01,2,7742,买盘
889,13:23:24,38.72,0.01,4,15488,买盘
890,13:23:28,38.72,0.0,3,11616,买盘
891,13:23:39,38.72,0.0,2,7744,买盘
892,13:23:46,38.72,0.0,1,3872,买盘
893,13:24:01,38.73,0.01,1,3873,买盘
894,13:24:18,38.73,0.0,2,7746,卖盘
895,13:24:28,38.73,0.0,4,15492,卖盘
896,13:24:31,38.73,0.0,2,7746,买盘
897,13:24:34,38.7,-0.03,9,34836,卖盘
898,13:24:37,38.63,-0.07,17,65682,卖盘
899,13:24:42,38.7,0.07,23,89009,买盘
900,13:25:07,38.66,-0.04,3,11598,卖盘
901,13:25:12,38.65,-0.01,10,38657,卖盘
902,13:25:33,38.67,0.02,1,3867,卖盘
903,13:25:49,38.66,-0.01,2,7732,卖盘
904,13:25:57,38.66,0.0,1,3866,卖盘
905,13:26:13,38.65,-0.01,5,19325,卖盘
906,13:26:39,38.65,0.0,3,11595,卖盘
907,13:26:43,38.65,0.0,4,15460,卖盘
908,13:27:40,38.65,0.0,6,23190,买盘
909,13:27:46,38.66,0.01,4,15464,买盘
910,13:27:49,38.67,0.01,3,11601,买盘
911,13:27:54,38.72,0.05,33,127714,买盘
912,13:28:01,38.72,0.0,9,34848,买盘
913,13:28:04,38.72,0.0,4,15488,买盘
914,13:28:10,38.73,0.01,11,42599,买盘
915,13:28:13,38.73,0.0,1,3873,买盘
916,13:28:16,38.73,0.0,3,11619,买盘
917,13:28:21,38.72,-0.01,12,46470,卖盘
918,13:28:54,38.72,0.0,10,38720,买盘
919,13:29:00,38.72,0.0,3,11616,买盘
920,13:29:10,38.71,-0.01,4,15484,卖盘
921,13:29:13,38.71,0.0,1,3871,买盘
922,13:30:04,38.71,0.0,3,11613,买盘
923,13:30:19,38.71,0.0,10,38710,卖盘
924,13:31:01,38.71,0.0,2,7742,买盘
925,13:31:12,38.7,-0.01,1,3870,卖盘
926,13:31:21,38.7,0.0,6,23220,卖盘
927,13:31:51,38.7,0.0,1,3870,买盘
928,13:31:57,38.67,-0.03,22,85082,卖盘
929,13:32:06,38.65,-0.02,1,3865,卖盘
930,13:32:25,38.66,0.01,5,19330,买盘
931,13:32:40,38.66,0.0,1,3866,卖盘
932,13:33:01,38.66,0.0,5,19332,卖盘
933,13:33:15,38.66,0.0,3,11598,买盘
934,13:33:58,38.66,0.0,1,3866,卖盘
935,13:34:01,38.67,0.01,2,7734,买盘
936,13:34:07,38.67,0.0,3,11601,买盘
937,13:34:10,38.67,0.0,10,38670,买盘
938,13:34:31,38.67,0.0,2,7734,买盘
939,13:34:57,38.67,0.0,2,7734,买盘
940,13:35:37,38.67,0.0,7,27069,买盘
941,13:36:01,38.7,0.03,2,7740,买盘
942,13:36:22,38.7,0.0,2,7740,买盘
943,13:36:31,38.7,0.0,1,3870,买盘
944,13:36:54,38.7,0.0,1,3870,买盘
945,13:37:01,38.7,0.0,2,7740,买盘
946,13:37:10,38.7,0.0,1,3870,买盘
947,13:37:58,38.7,0.0,2,7740,买盘
948,13:38:09,38.69,-0.01,3,11607,卖盘
949,13:38:13,38.69,0.0,1,3869,卖盘
950,13:38:19,38.69,0.0,2,7738,卖盘
951,13:38:36,38.67,-0.02,14,54142,卖盘
952,13:39:06,38.66,-0.01,1,3866,卖盘
953,13:39:13,38.67,0.01,1,3867,买盘
954,13:39:16,38.67,0.0,4,15468,卖盘
955,13:39:18,38.65,-0.02,11,42522,卖盘
956,13:39:46,38.71,0.06,113,437001,买盘
957,13:39:51,38.72,0.01,20,77440,买盘
958,13:40:01,38.72,0.0,2,7744,买盘
959,13:40:09,38.71,-0.01,5,19355,卖盘
960,13:40:16,38.71,0.0,30,116130,卖盘
961,13:40:28,38.71,0.0,28,108398,卖盘
962,13:40:34,38.71,0.0,1,3871,卖盘
963,13:40:45,38.71,0.0,5,19355,卖盘
964,13:40:48,38.71,0.0,12,46452,卖盘
965,13:40:58,38.72,0.01,2,7744,买盘
966,13:41:04,38.71,-0.01,17,65807,卖盘
967,13:41:10,38.71,0.0,2,7742,买盘
968,13:41:30,38.71,0.0,7,27097,买盘
969,13:42:27,38.7,-0.01,1,3870,买盘
970,13:42:39,38.65,-0.05,30,115951,卖盘
971,13:43:57,38.69,0.04,2,7738,买盘
972,13:44:01,38.68,-0.01,1,3868,卖盘
973,13:44:57,38.68,0.0,3,11604,卖盘
974,13:45:00,38.68,0.0,1,3868,买盘
975,13:45:39,38.65,-0.03,2,7730,卖盘
976,13:45:58,38.67,0.02,2,7734,买盘
977,13:46:58,38.67,0.0,2,7734,买盘
978,13:47:18,38.66,-0.01,1,3866,卖盘
979,13:47:31,38.67,0.01,1,3867,买盘
980,13:47:37,38.66,-0.01,3,11598,卖盘
981,13:47:46,38.66,0.0,2,7732,买盘
982,13:48:01,38.65,-0.01,3,11595,卖盘
983,13:48:04,38.64,-0.01,4,15456,卖盘
984,13:48:58,38.65,0.01,2,7730,买盘
985,13:49:13,38.64,-0.01,4,15456,卖盘
986,13:49:43,38.63,-0.01,4,15452,卖盘
987,13:50:40,38.55,-0.08,8,30863,卖盘
988,13:51:19,38.56,0.01,1,3856,卖盘
989,13:51:58,38.63,0.07,2,7726,买盘
990,13:52:27,38.62,-0.01,3,11586,买盘
991,13:52:58,38.63,0.01,2,7726,买盘
992,13:53:01,38.63,0.0,12,46356,买盘
993,13:53:06,38.64,0.01,2,7728,买盘
994,13:53:13,38.64,0.0,1,3864,卖盘
995,13:53:25,38.64,0.0,6,23185,卖盘
996,13:53:36,38.64,0.0,1,3864,买盘
997,13:53:39,38.64,0.0,1,3864,买盘
998,13:53:52,38.64,0.0,1,3864,买盘
999,13:53:58,38.67,0.03,2,7734,买盘
1000,13:54:10,38.65,-0.02,1,3865,卖盘
1001,13:54:18,38.64,-0.01,2,7728,买盘
1002,13:55:01,38.64,0.0,3,11592,买盘
1003,13:55:16,38.64,0.0,1,3864,买盘
1004,13:55:33,38.63,-0.01,6,23179,卖盘
1005,13:55:39,38.63,0.0,2,7726,买盘
1006,13:56:10,38.62,-0.01,3,11586,卖盘
1007,13:56:58,38.63,0.01,2,7726,买盘
1008,13:57:58,38.63,0.0,4,15450,买盘
1009,13:58:31,38.62,-0.01,3,11586,卖盘
1010,13:58:57,38.63,0.01,2,7726,买盘
1011,13:59:16,38.63,0.0,20,77260,买盘
1012,13:59:43,38.63,0.0,2,7726,买盘
1013,13:59:58,38.63,0.0,2,7726,买盘
1014,14:00:57,38.63,0.0,1,3863,买盘
1015,14:01:04,38.64,0.01,2,7728,买盘
1016,14:01:34,38.66,0.02,1,3866,买盘
1017,14:01:58,38.66,0.0,4,15464,卖盘
1018,14:02:10,38.66,0.0,4,15464,买盘
1019,14:02:40,38.65,-0.01,14,54110,卖盘
1020,14:02:55,38.65,0.0,6,23190,买盘
1021,14:03:51,38.67,0.02,3,11601,买盘
1022,14:03:55,38.66,-0.01,10,38660,卖盘
1023,14:03:57,38.66,0.0,1,3866,卖盘
1024,14:04:04,38.66,0.0,5,19330,卖盘
1025,14:04:19,38.67,0.01,1,3867,买盘
1026,14:04:33,38.67,0.0,14,54138,买盘
1027,14:04:39,38.68,0.01,2,7736,买盘
1028,14:04:52,38.68,0.0,7,27076,买盘
1029,14:05:01,38.69,0.01,69,266914,买盘
1030,14:05:04,38.7,0.01,12,46440,买盘
1031,14:05:10,38.71,0.01,1,3871,买盘
1032,14:05:13,38.72,0.01,33,127760,买盘
1033,14:05:19,38.71,-0.01,1,3871,卖盘
1034,14:05:22,38.72,0.01,13,50336,买盘
1035,14:05:28,38.74,0.02,3,11622,买盘
1036,14:05:34,38.75,0.01,1,3875,买盘
1037,14:05:40,38.76,0.01,5,19380,买盘
1038,14:05:43,38.76,0.0,11,42636,买盘
1039,14:05:46,38.78,0.02,11,42657,买盘
1040,14:05:49,38.79,0.01,1,3879,买盘
1041,14:05:55,38.79,0.0,3,11637,买盘
1042,14:05:58,38.79,0.0,1,3879,买盘
1043,14:06:01,38.79,0.0,6,23274,买盘
1044,14:06:07,38.8,0.01,1,3880,买盘
1045,14:06:10,38.8,0.0,20,77600,买盘
1046,14:06:16,38.83,0.03,1,3883,买盘
1047,14:06:19,38.84,0.01,3,11650,买盘
1048,14:06:28,38.85,0.01,5,19421,买盘
1049,14:06:31,38.84,-0.01,1,3884,中性盘
1050,14:06:34,38.88,0.04,10,38873,买盘
1051,14:06:55,38.88,0.0,20,77738,买盘
1052,14:07:16,38.84,-0.04,1,3884,买盘
1053,14:07:22,38.84,0.0,2,7768,卖盘
1054,14:07:25,38.87,0.03,22,85419,买盘
1055,14:07:27,38.84,-0.03,3,11652,中性盘
1056,14:07:52,38.84,0.0,1,3884,买盘
1057,14:08:13,38.82,-0.02,1,3882,卖盘
1058,14:08:16,38.84,0.02,12,46608,买盘
1059,14:08:28,38.84,0.0,11,42724,卖盘
1060,14:08:37,38.87,0.03,20,77707,买盘
1061,14:08:46,38.87,0.0,1,3887,卖盘
1062,14:08:49,38.88,0.01,11,42768,买盘
1063,14:08:52,38.87,-0.01,3,11663,卖盘
1064,14:08:54,38.87,0.0,7,27215,卖盘
1065,14:09:04,38.87,0.0,7,27209,卖盘
1066,14:09:19,38.87,0.0,3,11661,买盘
1067,14:09:36,38.8,-0.07,40,155239,卖盘
1068,14:09:42,38.8,0.0,1,3880,卖盘
1069,14:09:45,38.8,0.0,1,3880,卖盘
1070,14:09:48,38.8,0.0,1,3880,卖盘
1071,14:09:51,38.83,0.03,1,3883,卖盘
1072,14:09:58,38.8,-0.03,1,3880,卖盘
1073,14:10:01,38.8,0.0,1,3880,卖盘
1074,14:10:06,38.8,0.0,1,3880,卖盘
1075,14:10:10,38.8,0.0,3,11640,卖盘
1076,14:10:34,38.75,-0.05,1,3875,买盘
1077,14:10:42,38.77,0.02,3,11631,买盘
1078,14:10:45,38.77,0.0,1,3877,买盘
1079,14:11:04,38.84,0.07,5,19420,中性盘
1080,14:11:18,38.84,0.0,12,46608,买盘
1081,14:11:21,38.84,0.0,1,3884,卖盘
1082,14:11:46,38.78,-0.06,1,3878,卖盘
1083,14:11:55,38.84,0.06,14,54376,买盘
1084,14:12:09,38.84,0.0,4,15536,卖盘
1085,14:12:12,38.84,0.0,12,46608,卖盘
1086,14:12:18,38.85,0.01,3,11653,买盘
1087,14:12:21,38.84,-0.01,5,19420,买盘
1088,14:12:42,38.79,-0.05,3,11637,卖盘
1089,14:13:16,38.79,0.0,2,7758,卖盘
1090,14:13:22,38.79,0.0,2,7758,买盘
1091,14:13:24,38.81,0.02,2,7762,买盘
1092,14:13:27,38.81,0.0,3,11643,卖盘
1093,14:13:34,38.75,-0.06,17,65918,卖盘
1094,14:15:18,38.83,0.08,3,11649,买盘
1095,14:15:42,38.82,-0.01,20,77640,买盘
1096,14:16:13,38.81,-0.01,5,19405,买盘
1097,14:16:42,38.83,0.02,1,3883,买盘
1098,14:16:52,38.83,0.0,7,27181,买盘
1099,14:17:04,38.83,0.0,7,27181,卖盘
1100,14:17:19,38.83,0.0,3,11649,买盘
1101,14:17:31,38.82,-0.01,3,11646,卖盘
1102,14:17:33,38.81,-0.01,1,3881,买盘
1103,14:17:57,38.81,0.0,3,11643,买盘
1104,14:18:01,38.81,0.0,10,38810,卖盘
1105,14:18:16,38.81,0.0,3,11643,卖盘
1106,14:18:31,38.81,0.0,10,38810,卖盘
1107,14:18:43,38.81,0.0,10,38810,卖盘
1108,14:19:01,38.81,0.0,5,19405,卖盘
1109,14:19:12,38.81,0.0,4,15524,卖盘
1110,14:19:19,38.82,0.01,1,3882,买盘
1111,14:19:24,38.83,0.01,15,58238,买盘
1112,14:19:31,38.83,0.0,1,3883,买盘
1113,14:19:40,38.83,0.0,4,15532,买盘
1114,14:20:15,38.78,-0.05,16,62050,卖盘
1115,14:20:18,38.82,0.04,1,3882,买盘
1116,14:20:21,38.82,0.0,2,7764,卖盘
1117,14:20:24,38.78,-0.04,1,3878,卖盘
1118,14:20:28,38.78,0.0,4,15523,卖盘
1119,14:20:31,38.77,-0.01,1,3877,卖盘
1120,14:20:34,38.77,0.0,1,3877,卖盘
1121,14:20:37,38.77,0.0,1,3877,卖盘
1122,14:20:39,38.75,-0.02,1,3875,卖盘
1123,14:20:43,38.78,0.03,1,3878,卖盘
1124,14:20:46,38.75,-0.03,1,3875,卖盘
1125,14:20:51,38.75,0.0,1,3875,卖盘
1126,14:21:07,38.73,-0.02,8,30984,卖盘
1127,14:21:34,38.74,0.01,2,7748,买盘
1128,14:21:40,38.75,0.01,2,7750,买盘
1129,14:21:46,38.78,0.03,1,3878,买盘
1130,14:22:01,38.82,0.04,1,3882,买盘
1131,14:22:10,38.82,0.0,6,23292,卖盘
1132,14:22:13,38.82,0.0,10,38820,卖盘
1133,14:22:16,38.82,0.0,1,3882,卖盘
1134,14:22:19,38.82,0.0,4,15531,卖盘
1135,14:22:22,38.82,0.0,1,3882,卖盘
1136,14:22:25,38.82,0.0,1,3882,卖盘
1137,14:22:28,38.82,0.0,11,42702,卖盘
1138,14:22:30,38.82,0.0,1,3882,卖盘
1139,14:22:34,38.82,0.0,9,34938,卖盘
1140,14:22:39,38.78,-0.04,1,3878,卖盘
1141,14:22:42,38.78,0.0,2,7756,卖盘
1142,14:22:46,38.78,0.0,2,7756,买盘
1143,14:23:12,38.78,0.0,8,31024,买盘
1144,14:23:28,38.75,-0.03,3,11625,卖盘
1145,14:24:06,38.74,-0.01,1,3874,卖盘
1146,14:25:03,38.76,0.02,10,38760,买盘
1147,14:25:06,38.7,-0.06,31,120006,卖盘
1148,14:25:13,38.7,0.0,11,42570,买盘
1149,14:25:16,38.67,-0.03,16,61892,卖盘
1150,14:25:52,38.78,0.11,1,3878,买盘
1151,14:25:58,38.77,-0.01,2,7754,买盘
1152,14:26:18,38.76,-0.01,2,7752,买盘
1153,14:26:37,38.76,0.0,12,46512,买盘
1154,14:27:04,38.76,0.0,12,46512,买盘
1155,14:27:06,38.7,-0.06,19,73535,卖盘
1156,14:27:12,38.7,0.0,4,15480,买盘
1157,14:27:28,38.76,0.06,2,7752,买盘
1158,14:28:00,38.71,-0.05,23,89033,卖盘
1159,14:28:06,38.71,0.0,5,19355,买盘
1160,14:29:19,38.76,0.05,2,7752,买盘
1161,14:30:13,38.76,0.0,1,3876,买盘
1162,14:30:18,38.76,0.0,2,7752,买盘
1163,14:30:49,38.76,0.0,5,19380,买盘
1164,14:31:15,38.71,-0.05,3,11614,卖盘
1165,14:31:19,38.76,0.05,1,3876,买盘
1166,14:31:31,38.7,-0.06,1,3870,卖盘
1167,14:31:34,38.7,0.0,16,61920,卖盘
1168,14:31:40,38.7,0.0,1,3870,卖盘
1169,14:32:10,38.69,-0.01,6,23214,卖盘
1170,14:32:46,38.76,0.07,17,65852,买盘
1171,14:33:19,38.75,-0.01,2,7750,买盘
1172,14:33:34,38.75,0.0,1,3875,中性盘
1173,14:33:40,38.75,0.0,1,3875,卖盘
1174,14:34:13,38.76,0.01,11,42636,买盘
1175,14:34:16,38.76,0.0,12,46512,卖盘
1176,14:34:19,38.76,0.0,2,7752,卖盘
1177,14:34:27,38.76,0.0,14,54264,卖盘
1178,14:34:30,38.77,0.01,10,38770,买盘
1179,14:34:33,38.76,-0.01,2,7752,卖盘
1180,14:34:37,38.76,0.0,4,15504,卖盘
1181,14:34:40,38.76,0.0,1,3876,买盘
1182,14:34:49,38.75,-0.01,2,7750,卖盘
1183,14:35:31,38.75,0.0,5,19375,买盘
1184,14:36:07,38.75,0.0,2,7750,买盘
1185,14:36:18,38.74,-0.01,3,11622,买盘
1186,14:36:33,38.69,-0.05,30,116091,卖盘
1187,14:37:55,38.74,0.05,6,23244,买盘
1188,14:38:19,38.74,0.0,2,7748,买盘
1189,14:38:22,38.7,-0.04,2,7740,卖盘
1190,14:38:28,38.69,-0.01,4,15476,买盘
1191,14:39:05,38.68,-0.01,1,3868,卖盘
1192,14:39:10,38.69,0.01,7,27083,买盘
1193,14:39:16,38.69,0.0,1,3869,买盘
1194,14:39:18,38.68,-0.01,1,3868,卖盘
1195,14:39:31,38.68,0.0,10,38680,买盘
1196,14:39:40,38.68,0.0,1,3868,中性盘
1197,14:40:19,38.74,0.06,2,7748,买盘
1198,14:40:24,38.74,0.0,2,7748,买盘
1199,14:40:40,38.74,0.0,10,36803,买盘
1200,14:41:16,38.74,0.0,1,3874,买盘
1201,14:41:19,38.74,0.0,3,11622,买盘
1202,14:41:25,38.74,0.0,4,15496,买盘
1203,14:41:34,38.74,0.0,8,30992,买盘
1204,14:42:16,38.69,-0.05,6,23214,卖盘
1205,14:42:19,38.7,0.01,2,7740,买盘
1206,14:42:28,38.7,0.0,2,7740,买盘
1207,14:42:40,38.69,-0.01,2,7738,卖盘
1208,14:43:00,38.69,0.0,9,34821,卖盘
1209,14:43:19,38.68,-0.01,10,38680,卖盘
1210,14:43:28,38.68,0.0,3,11604,卖盘
1211,14:43:40,38.58,-0.1,51,197170,卖盘
1212,14:43:43,38.6,0.02,1,3860,买盘
1213,14:43:58,38.58,-0.02,1,3858,卖盘
1214,14:44:01,38.58,0.0,4,15432,卖盘
1215,14:44:07,38.59,0.01,6,23154,买盘
1216,14:44:10,38.59,0.0,6,23154,卖盘
1217,14:44:13,38.59,0.0,1,3859,卖盘
1218,14:44:22,38.59,0.0,1,3859,卖盘
1219,14:44:25,38.59,0.0,4,15439,卖盘
1220,14:44:28,38.6,0.01,9,34733,买盘
1221,14:44:31,38.56,-0.04,7,27002,卖盘
1222,14:44:46,38.55,-0.01,15,57883,卖盘
1223,14:44:55,38.55,0.0,4,15420,卖盘
1224,14:44:58,38.56,0.01,7,26991,买盘
1225,14:45:01,38.56,0.0,10,38560,卖盘
1226,14:45:05,38.6,0.04,1,3860,买盘
1227,14:45:10,38.56,-0.04,1,3856,卖盘
1228,14:45:22,38.54,-0.02,4,15420,卖盘
1229,14:45:28,38.58,0.04,4,15428,买盘
1230,14:45:55,38.58,0.0,2,7716,卖盘
1231,14:45:58,38.58,0.0,4,15432,卖盘
1232,14:46:04,38.58,0.0,20,77178,卖盘
1233,14:46:10,38.56,-0.02,1,3856,卖盘
1234,14:46:16,38.56,0.0,1,3856,卖盘
1235,14:46:25,38.55,-0.01,1,3855,卖盘
1236,14:46:28,38.55,0.0,1,3855,卖盘
1237,14:46:31,38.56,0.01,1,3856,买盘
1238,14:46:34,38.55,-0.01,9,34695,卖盘
1239,14:46:40,38.54,-0.01,1,3854,卖盘
1240,14:46:43,38.54,0.0,1,3854,卖盘
1241,14:46:46,38.54,0.0,1,3854,卖盘
1242,14:46:49,38.54,0.0,1,3854,卖盘
1243,14:46:52,38.55,0.01,3,11564,买盘
1244,14:46:55,38.54,-0.01,1,3854,卖盘
1245,14:47:07,38.52,-0.02,2,7704,卖盘
1246,14:47:10,38.52,0.0,1,3852,卖盘
1247,14:47:22,38.52,0.0,2,7704,卖盘
1248,14:47:28,38.52,0.0,3,11556,买盘
1249,14:47:31,38.51,-0.01,1,3851,卖盘
1250,14:47:40,38.51,0.0,2,7702,卖盘
1251,14:47:43,38.51,0.0,3,11553,卖盘
1252,14:47:49,38.5,-0.01,1,3850,卖盘
1253,14:47:52,38.5,0.0,2,7700,卖盘
1254,14:48:10,38.47,-0.03,1,3847,中性盘
1255,14:48:16,38.48,0.01,1,3848,买盘
1256,14:48:28,38.46,-0.02,2,7692,卖盘
1257,14:48:37,38.48,0.02,6,23083,买盘
1258,14:48:40,38.47,-0.01,7,26930,卖盘
1259,14:48:46,38.49,0.02,1,3849,买盘
1260,14:48:52,38.5,0.01,27,103924,买盘
1261,14:48:55,38.51,0.01,2,7702,买盘
1262,14:49:01,38.5,-0.01,25,96254,卖盘
1263,14:49:16,38.55,0.05,1,3855,买盘
1264,14:49:22,38.55,0.0,2,7710,卖盘
1265,14:49:25,38.56,0.01,4,15424,买盘
1266,14:49:28,38.56,0.0,2,7712,买盘
1267,14:49:31,38.56,0.0,2,7712,卖盘
1268,14:49:37,38.69,0.13,8,30934,买盘
1269,14:49:46,38.68,-0.01,3,11587,买盘
1270,14:49:58,38.59,-0.09,1,3859,卖盘
1271,14:50:16,38.57,-0.02,2,7714,买盘
1272,14:50:22,38.57,0.0,1,3857,卖盘
1273,14:50:25,38.57,0.0,1,3857,中性盘
1274,14:50:28,38.57,0.0,1,3857,卖盘
1275,14:50:40,38.57,0.0,2,7714,卖盘
1276,14:50:43,38.58,0.01,8,30864,买盘
1277,14:50:52,38.57,-0.01,1,3857,卖盘
1278,14:50:55,38.57,0.0,1,3857,卖盘
1279,14:51:01,38.57,0.0,1,3857,卖盘
1280,14:51:10,38.57,0.0,1,3857,卖盘
1281,14:51:19,38.58,0.01,20,77146,买盘
1282,14:51:22,38.58,0.0,2,7715,买盘
1283,14:51:28,38.57,-0.01,2,7715,卖盘
1284,14:51:31,38.57,0.0,2,7714,卖盘
1285,14:51:37,38.58,0.01,3,11573,买盘
1286,14:51:40,38.57,-0.01,1,3857,卖盘
1287,14:51:46,38.58,0.01,11,42436,买盘
1288,14:52:06,38.59,0.01,2,7718,卖盘
1289,14:52:16,38.62,0.03,48,185357,买盘
1290,14:52:19,38.62,0.0,1,3862,卖盘
1291,14:52:25,38.62,0.0,12,46344,卖盘
1292,14:52:37,38.62,0.0,3,11586,卖盘
1293,14:52:40,38.62,0.0,10,38620,卖盘
1294,14:52:49,38.61,-0.01,1,3861,买盘
1295,14:52:52,38.63,0.02,23,88838,买盘
1296,14:52:55,38.63,0.0,1,3863,卖盘
1297,14:52:58,38.63,0.0,1,3863,卖盘
1298,14:53:34,38.63,0.0,1,3863,卖盘
1299,14:53:37,38.63,0.0,1,3863,卖盘
1300,14:53:43,38.63,0.0,1,3863,卖盘
1301,14:53:49,38.65,0.02,7,27051,买盘
1302,14:53:52,38.63,-0.02,2,7726,卖盘
1303,14:54:10,38.63,0.0,39,150657,卖盘
1304,14:54:16,38.63,0.0,13,50218,买盘
1305,14:54:22,38.57,-0.06,2,7714,卖盘
1306,14:54:25,38.56,-0.01,1,3856,卖盘
1307,14:54:31,38.56,0.0,1,3856,卖盘
1308,14:54:37,38.56,0.0,5,19295,卖盘
1309,14:54:40,38.56,0.0,1,3856,卖盘
1310,14:54:43,38.56,0.0,47,181232,卖盘
1311,14:54:46,38.56,0.0,4,15424,买盘
1312,14:54:49,38.56,0.0,1,3856,买盘
1313,14:54:52,38.55,-0.01,1,3855,卖盘
1314,14:54:55,38.55,0.0,66,254760,卖盘
1315,14:55:01,38.62,0.07,3,11572,买盘
1316,14:55:05,38.55,-0.07,2,7710,中性盘
1317,14:55:07,38.55,0.0,2,7710,买盘
1318,14:55:13,38.55,0.0,2,7710,买盘
1319,14:55:46,38.55,0.0,1,3855,卖盘
1320,14:56:07,38.55,0.0,9,34695,卖盘
1321,14:56:16,38.54,-0.01,12,46257,卖盘
1322,14:56:34,38.54,0.0,5,19270,买盘
1323,14:56:40,38.38,-0.16,50,192171,卖盘
1324,15:00:05,38.44,0.06,11,42284,卖盘
