,time,price,change,volume,amount,type
0,09:25:05,40.69,-0.37,22,92407,买盘
1,09:30:04,41.0,0.31,3,12300,买盘
2,09:30:07,40.7,-0.3,14,57016,卖盘
3,09:30:10,40.7,0.0,3,12210,卖盘
4,09:30:19,40.72,0.02,2,8157,卖盘
5,09:30:49,40.8,0.08,2,8163,卖盘
6,09:30:52,40.77,-0.03,10,40782,卖盘
7,09:31:01,40.88,0.11,4,16352,买盘
8,09:31:16,40.85,-0.03,1,4085,卖盘
9,09:31:34,40.85,0.0,7,28604,中性盘
10,09:31:40,40.85,0.0,2,8170,卖盘
11,09:31:46,40.88,0.03,3,12265,买盘
12,09:31:49,40.97,0.09,1,4097,买盘
13,09:32:01,40.9,-0.07,1,4090,卖盘
14,09:32:04,40.9,0.0,1,4090,买盘
15,09:32:07,40.9,0.0,1,4090,买盘
16,09:32:10,40.9,0.0,5,20447,买盘
17,09:32:13,40.9,0.0,2,8180,买盘
18,09:32:16,40.88,-0.02,3,12266,卖盘
19,09:32:19,40.89,0.01,1,4089,买盘
20,09:32:22,40.89,0.0,2,8178,买盘
21,09:32:34,40.9,0.01,1,4090,中性盘
22,09:32:40,40.89,-0.01,2,8178,卖盘
23,09:32:49,40.9,0.01,2,8180,卖盘
24,09:32:52,40.98,0.08,1,4098,买盘
25,09:32:55,40.98,0.0,1,4098,卖盘
26,09:33:19,40.98,0.0,2,8197,卖盘
27,09:33:22,40.98,0.0,5,20490,卖盘
28,09:33:28,40.99,0.01,3,12297,买盘
29,09:33:34,41.0,0.01,3,12300,买盘
30,09:33:37,41.0,0.0,12,49200,买盘
31,09:33:43,41.0,0.0,3,12300,买盘
32,09:33:46,41.0,0.0,1,4100,买盘
33,09:33:49,40.99,-0.01,2,8199,卖盘
34,09:33:52,41.0,0.01,1,4100,买盘
35,09:33:55,41.0,0.0,3,12300,买盘
36,09:33:58,40.99,-0.01,2,8198,卖盘
37,09:34:04,40.98,-0.01,4,16392,卖盘
38,09:34:10,41.0,0.02,2,8200,买盘
39,09:34:16,41.0,0.0,3,12300,买盘
40,09:34:37,41.06,0.06,3,12317,买盘
41,09:34:40,41.06,0.0,4,16424,买盘
42,09:34:43,41.06,0.0,3,12318,买盘
43,09:34:46,41.1,0.04,1,4110,买盘
44,09:34:49,41.1,0.0,2,8220,买盘
45,09:34:52,41.1,0.0,1,4110,买盘
46,09:34:55,41.07,-0.03,21,86261,卖盘
47,09:35:16,41.26,0.19,13,53637,买盘
48,09:35:19,41.26,0.0,6,24756,卖盘
49,09:35:25,41.26,0.0,8,33008,卖盘
50,09:35:28,41.28,0.02,34,140344,买盘
51,09:35:37,41.36,0.08,1,4136,买盘
52,09:35:46,41.31,-0.05,6,24801,卖盘
53,09:35:52,41.34,0.03,3,12402,买盘
54,09:35:55,41.34,0.0,5,20670,买盘
55,09:36:01,41.34,0.0,1,4134,卖盘
56,09:36:04,41.3,-0.04,12,49577,卖盘
57,09:36:10,41.3,0.0,7,28911,卖盘
58,09:36:16,41.3,0.0,3,12390,卖盘
59,09:36:34,41.2,-0.1,2,8240,卖盘
60,09:36:37,41.3,0.1,6,24774,买盘
61,09:36:46,41.3,0.0,7,28904,买盘
62,09:36:52,41.31,0.01,20,82620,卖盘
63,09:36:58,41.31,0.0,14,57834,卖盘
64,09:37:04,41.32,0.01,3,12396,中性盘
65,09:37:07,41.32,0.0,24,99176,卖盘
66,09:37:10,41.32,0.0,32,132224,卖盘
67,09:37:16,41.32,0.0,15,61980,卖盘
68,09:37:22,41.33,0.01,7,28934,卖盘
69,09:37:28,41.32,-0.01,20,82654,卖盘
70,09:37:34,41.32,0.0,8,33056,卖盘
71,09:37:37,41.35,0.03,4,16537,买盘
72,09:37:40,41.32,-0.03,24,99210,卖盘
73,09:37:46,41.35,0.03,7,28945,买盘
74,09:37:52,41.34,-0.01,10,41340,买盘
75,09:37:58,41.35,0.01,10,41346,买盘
76,09:38:01,41.35,0.0,9,37215,买盘
77,09:38:04,41.35,0.0,1,4135,卖盘
78,09:38:07,41.38,0.03,33,136501,买盘
79,09:38:13,41.39,0.01,2,8278,中性盘
80,09:38:19,41.42,0.03,6,24846,买盘
81,09:38:22,41.4,-0.02,3,12420,买盘
82,09:38:25,41.4,0.0,2,8280,买盘
83,09:38:28,41.42,0.02,8,33122,买盘
84,09:38:31,41.4,-0.02,2,8281,卖盘
85,09:38:34,41.42,0.02,11,45562,买盘
86,09:38:37,41.4,-0.02,3,12420,卖盘
87,09:38:40,41.42,0.02,3,12420,买盘
88,09:38:46,41.38,-0.04,15,62071,卖盘
89,09:39:01,41.37,-0.01,9,37236,中性盘
90,09:39:04,41.38,0.01,10,41377,买盘
91,09:39:07,41.37,-0.01,6,24822,买盘
92,09:39:10,41.38,0.01,34,140712,买盘
93,09:39:13,41.42,0.04,7,28990,买盘
94,09:39:16,41.42,0.0,3,12426,买盘
95,09:39:19,41.42,0.0,6,24848,买盘
96,09:39:22,41.42,0.0,13,53844,买盘
97,09:39:25,41.47,0.05,3,12441,买盘
98,09:39:28,41.47,0.0,2,8294,买盘
99,09:39:31,41.48,0.01,1,4148,买盘
100,09:39:34,41.5,0.02,3,12446,买盘
101,09:39:37,41.5,0.0,7,29038,买盘
102,09:39:52,41.5,0.0,10,41529,卖盘
103,09:39:55,41.68,0.18,6,25006,买盘
104,09:40:04,41.6,-0.08,1,4160,买盘
105,09:40:10,41.67,0.07,18,74967,买盘
106,09:40:31,41.6,-0.07,2,8320,卖盘
107,09:40:34,41.65,0.05,10,41650,买盘
108,09:40:37,41.65,0.0,7,29155,卖盘
109,09:40:40,41.6,-0.05,28,116495,卖盘
110,09:40:43,41.65,0.05,2,8330,买盘
111,09:40:46,41.62,-0.03,1,4162,卖盘
112,09:40:49,41.62,0.0,1,4162,买盘
113,09:40:58,41.56,-0.06,13,54076,卖盘
114,09:41:01,41.53,-0.03,1,4153,卖盘
115,09:41:04,41.51,-0.02,2,8303,卖盘
116,09:41:19,41.49,-0.02,10,41497,卖盘
117,09:41:22,41.51,0.02,5,20755,买盘
118,09:41:25,41.51,0.0,1,4151,卖盘
119,09:41:28,41.6,0.09,47,195397,买盘
120,09:41:40,41.49,-0.11,51,211607,卖盘
121,09:41:46,41.51,0.02,1,4151,买盘
122,09:41:49,41.51,0.0,9,37359,买盘
123,09:41:52,41.51,0.0,3,12453,买盘
124,09:41:55,41.51,0.0,12,49806,买盘
125,09:41:58,41.5,-0.01,10,41506,卖盘
126,09:42:01,41.5,0.0,9,37350,卖盘
127,09:42:04,41.5,0.0,6,24900,卖盘
128,09:42:07,41.51,0.01,3,12453,买盘
129,09:42:19,41.5,-0.01,5,20751,卖盘
130,09:42:22,41.52,0.02,10,41520,中性盘
131,09:42:25,41.59,0.07,5,20794,买盘
132,09:42:28,41.52,-0.07,3,12456,卖盘
133,09:42:34,41.58,0.06,2,8316,买盘
134,09:42:40,41.52,-0.06,4,16608,卖盘
135,09:42:46,41.58,0.06,8,33264,买盘
136,09:43:01,41.52,-0.06,6,24913,卖盘
137,09:43:13,41.58,0.06,29,120573,买盘
138,09:43:31,41.58,0.0,1,4158,卖盘
139,09:43:34,41.59,0.01,6,24954,买盘
140,09:43:52,41.58,-0.01,20,83160,卖盘
141,09:43:55,41.58,0.0,5,20790,卖盘
142,09:44:01,41.6,0.02,21,87356,买盘
143,09:44:10,41.6,0.0,1,4160,卖盘
144,09:44:13,41.61,0.01,6,24966,买盘
145,09:44:19,41.62,0.01,1,4162,卖盘
146,09:44:22,41.6,-0.02,24,99886,卖盘
147,09:44:55,41.6,0.0,2,8320,卖盘
148,09:45:01,41.62,0.02,26,108212,买盘
149,09:45:04,41.6,-0.02,25,104006,卖盘
150,09:45:07,41.6,0.0,1,4160,卖盘
151,09:45:25,41.6,0.0,1,4160,卖盘
152,09:45:28,41.6,0.0,5,20800,卖盘
153,09:45:34,41.6,0.0,1,4160,卖盘
154,09:45:37,41.6,0.0,16,66560,卖盘
155,09:45:40,41.6,0.0,5,20800,卖盘
156,09:45:43,41.6,0.0,14,58240,卖盘
157,09:45:49,41.55,-0.05,5,20783,卖盘
158,09:46:01,41.55,0.0,1,4155,卖盘
159,09:46:10,41.53,-0.02,5,20765,卖盘
160,09:46:13,41.53,0.0,2,8306,卖盘
161,09:46:19,41.52,-0.01,12,49832,卖盘
162,09:46:25,41.54,0.02,6,24924,买盘
163,09:46:37,41.52,-0.02,8,33216,卖盘
164,09:46:40,41.52,0.0,2,8304,卖盘
165,09:46:46,41.51,-0.01,50,207598,卖盘
166,09:46:52,41.5,-0.01,3,12450,卖盘
167,09:46:58,41.49,-0.01,4,16596,卖盘
168,09:47:01,41.36,-0.13,3,12419,卖盘
169,09:47:10,41.32,-0.04,8,33056,卖盘
170,09:47:19,41.32,0.0,9,37188,卖盘
171,09:47:25,41.32,0.0,1,4132,卖盘
172,09:47:40,41.33,0.01,1,4133,卖盘
173,09:47:43,41.47,0.14,6,24882,买盘
174,09:47:49,41.47,0.0,2,8294,卖盘
175,09:48:01,41.33,-0.14,3,12399,卖盘
176,09:48:04,41.32,-0.01,6,24810,卖盘
177,09:48:07,41.33,0.01,1,4133,买盘
178,09:48:19,41.35,0.02,1,4135,卖盘
179,09:48:31,41.35,0.0,1,4135,卖盘
180,09:48:43,41.35,0.0,2,8270,卖盘
181,09:48:49,41.36,0.01,1,4136,卖盘
182,09:49:01,41.35,-0.01,11,45490,卖盘
183,09:49:04,41.35,0.0,5,20675,卖盘
184,09:49:07,41.46,0.11,8,33158,买盘
185,09:49:34,41.37,-0.09,3,12411,卖盘
186,09:49:43,41.46,0.09,2,8292,买盘
187,09:50:04,41.39,-0.07,1,4139,卖盘
188,09:50:19,41.39,0.0,2,8278,卖盘
189,09:50:22,41.45,0.06,9,37305,买盘
190,09:50:46,41.45,0.0,12,49740,卖盘
191,09:50:52,41.39,-0.06,5,20695,卖盘
192,09:51:01,41.39,0.0,8,33112,卖盘
193,09:51:04,41.39,0.0,16,66234,卖盘
194,09:51:19,41.39,0.0,1,4139,卖盘
195,09:51:34,41.39,0.0,1,4139,卖盘
196,09:51:49,41.37,-0.02,4,16552,卖盘
197,09:52:01,41.37,0.0,5,20685,卖盘
198,09:52:19,41.36,-0.01,3,12408,买盘
199,09:52:34,41.36,0.0,1,4136,卖盘
200,09:53:01,41.36,0.0,8,33088,卖盘
201,09:53:04,41.36,0.0,1,4136,卖盘
202,09:53:19,41.38,0.02,1,4138,中性盘
203,09:53:37,41.45,0.07,2,8290,买盘
204,09:53:49,41.4,-0.05,1,4140,卖盘
205,09:53:52,41.45,0.05,1,4145,买盘
206,09:54:01,41.4,-0.05,1,4140,卖盘
207,09:54:13,41.45,0.05,10,41442,买盘
208,09:54:31,41.45,0.0,1,4145,买盘
209,09:54:34,41.47,0.02,10,41456,买盘
210,09:56:13,41.45,-0.02,6,24870,买盘
211,09:56:19,41.45,0.0,1,4145,卖盘
212,09:56:49,41.45,0.0,10,41450,卖盘
213,09:56:55,41.45,0.0,13,53885,卖盘
214,09:57:01,41.4,-0.05,6,24840,卖盘
215,09:57:04,41.4,0.0,10,41400,卖盘
216,09:57:28,41.44,0.04,1,4144,买盘
217,09:58:01,41.45,0.01,24,99470,买盘
218,09:58:04,41.45,0.0,2,8290,卖盘
219,09:58:13,41.45,0.0,1,4145,卖盘
220,09:58:19,41.45,0.0,3,12435,卖盘
221,09:58:22,41.46,0.01,4,16583,买盘
222,09:58:31,41.46,0.0,12,49742,买盘
223,09:58:55,41.45,-0.01,2,8290,买盘
224,09:59:01,41.49,0.04,7,29040,买盘
225,09:59:10,41.49,0.0,1,4149,买盘
226,09:59:13,41.49,0.0,38,157368,买盘
227,09:59:25,41.5,0.01,4,16600,买盘
228,09:59:31,41.49,-0.01,8,33192,卖盘
229,09:59:34,41.5,0.01,16,66398,买盘
230,09:59:58,41.6,0.1,51,212138,买盘
231,10:00:04,41.6,0.0,3,12480,买盘
232,10:00:22,41.6,0.0,2,8320,买盘
233,10:00:31,41.6,0.0,3,12480,买盘
234,10:00:34,41.6,0.0,1,4160,买盘
235,10:00:37,41.6,0.0,12,49920,买盘
236,10:00:40,41.6,0.0,1,4160,买盘
237,10:00:49,41.6,0.0,4,16640,卖盘
238,10:00:52,41.6,0.0,1,4160,买盘
239,10:00:58,41.55,-0.05,10,41550,卖盘
240,10:01:46,41.54,-0.01,4,16616,卖盘
241,10:01:52,41.53,-0.01,8,33224,卖盘
242,10:01:55,41.54,0.01,2,8308,买盘
243,10:02:04,41.5,-0.04,7,29050,卖盘
244,10:02:31,41.5,0.0,3,12450,买盘
245,10:04:37,41.39,-0.11,10,41390,卖盘
246,10:04:40,41.48,0.09,8,33184,买盘
247,10:05:10,41.39,-0.09,1,4139,卖盘
248,10:05:16,41.39,0.0,7,28973,买盘
249,10:05:19,41.39,0.0,1,4139,卖盘
250,10:05:25,41.48,0.09,12,49776,买盘
251,10:05:34,41.48,0.0,1,4148,卖盘
252,10:05:37,41.48,0.0,2,8296,卖盘
253,10:05:49,41.39,-0.09,2,8278,卖盘
254,10:06:13,41.39,0.0,2,8278,买盘
255,10:06:31,41.39,0.0,1,4139,卖盘
256,10:06:40,41.38,-0.01,32,132416,卖盘
257,10:06:43,41.38,0.0,7,28966,卖盘
258,10:06:49,41.38,0.0,5,20690,卖盘
259,10:06:55,41.38,0.0,9,37242,卖盘
260,10:07:01,41.38,0.0,45,186210,卖盘
261,10:07:19,41.35,-0.03,3,12405,卖盘
262,10:07:25,41.35,0.0,7,28945,卖盘
263,10:07:28,41.38,0.03,5,20690,买盘
264,10:07:34,41.35,-0.03,5,20675,卖盘
265,10:07:49,41.33,-0.02,6,24799,卖盘
266,10:07:52,41.35,0.02,14,57890,买盘
267,10:08:01,41.33,-0.02,4,16532,卖盘
268,10:08:04,41.33,0.0,8,33064,买盘
269,10:08:07,41.32,-0.01,2,8264,卖盘
270,10:08:10,41.32,0.0,1,4132,卖盘
271,10:08:16,41.32,0.0,31,128122,卖盘
272,10:08:19,41.32,0.0,7,26858,卖盘
273,10:08:22,41.32,0.0,4,16528,卖盘
274,10:08:25,41.32,0.0,8,33056,卖盘
275,10:08:28,41.32,0.0,9,37188,卖盘
276,10:08:31,41.32,0.0,7,30990,卖盘
277,10:08:40,41.25,-0.07,3,12375,卖盘
278,10:08:46,41.2,-0.05,30,123621,卖盘
279,10:08:49,41.2,0.0,3,12360,卖盘
280,10:08:55,41.2,0.0,8,32960,买盘
281,10:09:04,41.2,0.0,18,74169,卖盘
282,10:09:07,41.2,0.0,13,53560,买盘
283,10:09:10,41.19,-0.01,9,37078,中性盘
284,10:09:13,41.19,0.0,6,24714,买盘
285,10:09:16,41.2,0.01,9,37077,买盘
286,10:09:19,41.2,0.0,51,210020,买盘
287,10:09:22,41.19,-0.01,4,16476,买盘
288,10:09:25,41.18,-0.01,30,123540,卖盘
289,10:09:28,41.19,0.01,10,41190,买盘
290,10:09:31,41.19,0.0,2,8238,买盘
291,10:09:34,41.18,-0.01,26,107069,卖盘
292,10:09:40,41.18,0.0,8,32944,买盘
293,10:09:46,41.08,-0.1,10,41087,卖盘
294,10:10:01,41.18,0.1,22,90596,买盘
295,10:10:04,41.12,-0.06,19,78138,卖盘
296,10:10:07,41.12,0.0,12,49334,买盘
297,10:10:10,41.12,0.0,8,32896,买盘
298,10:10:13,41.12,0.0,12,49344,买盘
299,10:10:16,41.12,0.0,3,12336,买盘
300,10:10:19,41.1,-0.02,32,131553,卖盘
301,10:10:25,41.12,0.02,17,69904,买盘
302,10:10:28,41.18,0.06,14,57652,买盘
303,10:10:34,41.12,-0.06,12,49348,卖盘
304,10:10:43,41.12,0.0,1,4112,买盘
305,10:10:46,41.12,0.0,22,90464,买盘
306,10:10:52,41.12,0.0,7,28784,买盘
307,10:10:58,41.12,0.0,6,24672,买盘
308,10:11:01,41.12,0.0,6,24672,买盘
309,10:11:04,41.12,0.0,10,41120,买盘
310,10:11:06,41.19,0.07,27,111164,买盘
311,10:11:52,41.29,0.1,3,12387,卖盘
312,10:11:58,41.3,0.01,14,57717,买盘
313,10:12:04,41.29,-0.01,4,16517,中性盘
314,10:12:13,41.29,0.0,2,8258,买盘
315,10:12:43,41.15,-0.14,2,8230,卖盘
316,10:12:49,41.14,-0.01,10,41141,卖盘
317,10:14:37,41.2,0.06,1,4120,卖盘
318,10:14:55,41.3,0.1,8,33040,买盘
319,10:15:55,41.3,0.0,3,12390,买盘
320,10:18:28,41.22,-0.08,1,4122,卖盘
321,10:18:31,41.22,0.0,2,8244,买盘
322,10:18:34,41.21,-0.01,1,4121,卖盘
323,10:19:07,41.22,0.01,14,57708,买盘
324,10:19:13,41.22,0.0,1,4122,买盘
325,10:19:36,41.22,0.0,2,8244,买盘
326,10:20:33,41.3,0.08,3,12390,买盘
327,10:21:55,41.22,-0.08,1,4122,卖盘
328,10:22:31,41.23,0.01,1,4123,卖盘
329,10:22:34,41.23,0.0,2,8246,卖盘
330,10:23:31,41.22,-0.01,3,12368,卖盘
331,10:24:43,41.2,-0.02,6,24720,买盘
332,10:25:01,41.2,0.0,1,4120,买盘
333,10:25:43,41.2,0.0,5,20600,买盘
334,10:26:09,41.2,0.0,3,12360,卖盘
335,10:26:16,41.22,0.02,13,53568,买盘
336,10:26:19,41.22,0.0,20,82440,买盘
337,10:27:58,41.25,0.03,1,4125,卖盘
338,10:28:15,41.23,-0.02,1,4123,卖盘
339,10:28:36,41.23,0.0,1,4123,买盘
340,10:28:51,41.13,-0.1,5,20572,卖盘
341,10:30:22,41.15,0.02,1,4115,卖盘
342,10:31:04,41.22,0.07,4,16488,买盘
343,10:31:22,41.16,-0.06,5,20586,卖盘
344,10:31:33,41.15,-0.01,5,20575,卖盘
345,10:31:37,41.15,0.0,1,4115,卖盘
346,10:32:24,41.15,0.0,2,8230,卖盘
347,10:32:45,41.22,0.07,3,12366,买盘
348,10:32:52,41.23,0.01,2,8246,买盘
349,10:33:33,41.14,-0.09,20,82296,卖盘
350,10:33:37,41.21,0.07,4,16484,买盘
351,10:33:40,41.23,0.02,1,4123,买盘
352,10:33:55,41.21,-0.02,3,12371,卖盘
353,10:34:25,41.14,-0.07,38,156332,卖盘
354,10:34:37,41.21,0.07,9,37089,买盘
355,10:35:13,41.15,-0.06,2,8236,卖盘
356,10:36:34,41.2,0.05,8,32960,买盘
357,10:37:25,41.15,-0.05,2,8230,卖盘
358,10:38:19,41.15,0.0,7,28805,卖盘
359,10:38:28,41.15,0.0,1,4115,卖盘
360,10:39:31,41.2,0.05,11,45320,买盘
361,10:39:34,41.2,0.0,2,8240,卖盘
362,10:39:49,41.21,0.01,1,4121,买盘
363,10:40:10,41.2,-0.01,6,24720,卖盘
364,10:40:43,41.2,0.0,1,4120,卖盘
365,10:41:07,41.2,0.0,7,28840,卖盘
366,10:41:21,41.2,0.0,5,20600,卖盘
367,10:41:27,41.21,0.01,1,4121,买盘
368,10:42:07,41.21,0.0,12,49452,买盘
369,10:45:46,41.22,0.01,1,4122,卖盘
370,10:45:57,41.22,0.0,4,16488,卖盘
371,10:46:07,41.39,0.17,1,4139,买盘
372,10:46:09,41.22,-0.17,1,4122,卖盘
373,10:46:19,41.21,-0.01,17,70057,卖盘
374,10:46:45,41.38,0.17,5,20690,买盘
375,10:47:19,41.2,-0.18,11,45329,卖盘
376,10:47:58,41.21,0.01,6,24750,卖盘
377,10:48:01,41.21,0.0,2,8242,卖盘
378,10:48:57,41.25,0.04,4,16500,卖盘
379,10:49:10,41.25,0.0,1,4125,卖盘
380,10:49:58,41.25,0.0,3,12375,卖盘
381,10:50:54,41.25,0.0,5,20625,卖盘
382,10:50:57,41.25,0.0,3,12375,卖盘
383,10:51:07,41.25,0.0,13,53625,卖盘
384,10:51:58,41.25,0.0,3,12375,卖盘
385,10:52:19,41.25,0.0,28,115500,卖盘
386,10:52:40,41.22,-0.03,1,4122,卖盘
387,10:52:58,41.21,-0.01,3,12363,卖盘
388,10:53:04,41.22,0.01,1,4122,买盘
389,10:53:07,41.21,-0.01,28,115408,卖盘
390,10:53:13,41.21,0.0,6,24726,卖盘
391,10:54:13,41.18,-0.03,2,8236,卖盘
392,10:54:57,41.17,-0.01,5,20586,卖盘
393,10:55:01,41.21,0.04,31,127739,买盘
394,10:55:16,41.21,0.0,1,4121,卖盘
395,10:55:37,41.25,0.04,22,90744,买盘
396,10:55:40,41.25,0.0,3,12375,买盘
397,10:55:46,41.21,-0.04,3,12363,卖盘
398,10:55:58,41.2,-0.01,1,4120,中性盘
399,10:56:13,41.19,-0.01,1,4119,卖盘
400,10:56:31,41.2,0.01,2,8240,买盘
401,10:56:34,41.19,-0.01,7,28833,卖盘
402,10:56:57,41.19,0.0,3,12357,卖盘
403,10:57:58,41.2,0.01,3,12360,卖盘
404,10:58:58,41.21,0.01,3,12363,卖盘
405,10:59:30,41.21,0.0,2,8243,卖盘
406,10:59:39,41.17,-0.04,144,593058,卖盘
407,10:59:46,41.15,-0.02,2,8230,卖盘
408,10:59:52,41.14,-0.01,3,12342,卖盘
409,10:59:55,41.14,0.0,6,24684,卖盘
410,10:59:58,41.14,0.0,3,12342,卖盘
411,11:00:01,41.14,0.0,1,4114,卖盘
412,11:00:04,41.14,0.0,1,4114,卖盘
413,11:00:10,41.12,-0.02,51,209763,卖盘
414,11:00:16,41.12,0.0,6,24672,卖盘
415,11:00:22,41.12,0.0,22,90464,卖盘
416,11:00:28,41.11,-0.01,21,86331,卖盘
417,11:00:31,41.11,0.0,2,8222,卖盘
418,11:00:34,41.11,0.0,59,242549,卖盘
419,11:00:37,41.11,0.0,5,20555,卖盘
420,11:00:40,41.11,0.0,9,36999,卖盘
421,11:00:43,41.11,0.0,34,139774,卖盘
422,11:00:49,41.01,-0.1,17,69740,卖盘
423,11:00:55,41.01,0.0,20,82020,卖盘
424,11:00:58,41.01,0.0,3,12303,卖盘
425,11:01:01,41.01,0.0,5,20505,卖盘
426,11:01:07,41.01,0.0,3,12303,卖盘
427,11:01:10,41.01,0.0,6,24606,卖盘
428,11:01:19,41.01,0.0,12,49234,卖盘
429,11:01:40,41.02,0.01,2,8204,卖盘
430,11:01:49,41.0,-0.02,81,332166,卖盘
431,11:01:55,41.04,0.04,29,119043,买盘
432,11:01:58,40.99,-0.05,3,12302,卖盘
433,11:02:01,40.99,0.0,1,4099,买盘
434,11:02:10,41.04,0.05,1,4104,买盘
435,11:02:13,41.0,-0.04,16,65600,卖盘
436,11:02:19,40.98,-0.02,2,8196,卖盘
437,11:02:22,41.0,0.02,20,81983,买盘
438,11:02:25,40.98,-0.02,3,12294,卖盘
439,11:02:34,40.97,-0.01,16,65552,卖盘
440,11:02:37,40.98,0.01,6,24588,买盘
441,11:02:46,41.0,0.02,50,205000,买盘
442,11:02:49,40.98,-0.02,29,118882,卖盘
443,11:02:52,41.0,0.02,11,45100,买盘
444,11:02:55,41.0,0.0,7,28700,卖盘
445,11:02:58,41.0,0.0,3,12301,卖盘
446,11:03:13,41.01,0.01,1,4101,卖盘
447,11:03:19,41.01,0.0,17,69717,卖盘
448,11:03:25,41.04,0.03,13,53352,买盘
449,11:03:28,41.04,0.0,1,4104,买盘
450,11:03:31,41.04,0.0,1,4104,买盘
451,11:03:58,41.03,-0.01,1,4103,中性盘
452,11:04:19,41.01,-0.02,1,4101,卖盘
453,11:04:39,41.03,0.02,1,4103,买盘
454,11:04:49,41.01,-0.02,1,4101,卖盘
455,11:04:58,41.01,0.0,5,20505,卖盘
456,11:05:04,41.01,0.0,1,4101,卖盘
457,11:05:07,41.01,0.0,4,16404,卖盘
458,11:05:13,41.0,-0.01,10,41002,卖盘
459,11:05:19,41.0,0.0,2,8200,卖盘
460,11:05:22,40.97,-0.03,20,81963,卖盘
461,11:05:28,40.97,0.0,9,36873,卖盘
462,11:05:31,40.97,0.0,1,4097,卖盘
463,11:05:34,40.97,0.0,16,65552,卖盘
464,11:05:46,41.02,0.05,29,118948,买盘
465,11:05:55,40.99,-0.03,1,4099,中性盘
466,11:06:04,40.98,-0.01,1,4098,卖盘
467,11:06:19,40.97,-0.01,3,12292,卖盘
468,11:06:40,40.97,0.0,1,4097,卖盘
469,11:06:46,40.97,0.0,6,24582,卖盘
470,11:06:49,40.97,0.0,2,8194,卖盘
471,11:06:58,40.94,-0.03,2,8188,卖盘
472,11:07:01,40.94,0.0,1,4094,卖盘
473,11:07:04,40.94,0.0,1,4094,卖盘
474,11:07:16,40.97,0.03,4,16385,买盘
475,11:07:19,40.97,0.0,1,4097,卖盘
476,11:07:46,40.98,0.01,1,4098,买盘
477,11:07:49,40.99,0.01,10,40981,买盘
478,11:07:55,40.98,-0.01,2,8196,买盘
479,11:08:01,40.99,0.01,7,28690,买盘
480,11:08:07,40.97,-0.02,2,8194,卖盘
481,11:08:19,40.97,0.0,1,4097,卖盘
482,11:08:28,40.98,0.01,6,24588,买盘
483,11:08:46,40.98,0.0,2,8196,卖盘
484,11:08:49,40.98,0.0,1,4098,卖盘
485,11:08:55,40.98,0.0,9,36882,卖盘
486,11:08:58,40.98,0.0,7,28690,卖盘
487,11:09:01,40.98,0.0,6,24588,卖盘
488,11:09:04,40.99,0.01,3,12297,买盘
489,11:09:13,40.98,-0.01,6,24588,卖盘
490,11:09:16,40.98,0.0,10,40980,卖盘
491,11:09:31,40.97,-0.01,10,40977,卖盘
492,11:09:34,40.99,0.02,34,139366,买盘
493,11:09:58,41.04,0.05,45,184633,买盘
494,11:10:01,41.04,0.0,1,4104,买盘
495,11:10:13,41.04,0.0,1,4104,买盘
496,11:10:37,40.95,-0.09,6,24578,卖盘
497,11:10:46,40.96,0.01,10,40960,卖盘
498,11:10:58,40.96,0.0,3,12288,卖盘
499,11:11:58,41.0,0.04,3,12300,卖盘
500,11:12:10,41.04,0.04,3,12312,买盘
501,11:12:49,41.04,0.0,4,16416,卖盘
502,11:12:52,41.0,-0.04,6,24612,卖盘
503,11:12:58,41.0,0.0,3,12300,卖盘
504,11:13:04,40.95,-0.05,15,61427,卖盘
505,11:13:49,40.95,0.0,6,24580,卖盘
506,11:13:58,40.95,0.0,3,12285,卖盘
507,11:14:25,40.95,0.0,6,24570,卖盘
508,11:14:43,40.96,0.01,1,4096,卖盘
509,11:14:58,40.95,-0.01,9,36857,卖盘
510,11:15:10,40.96,0.01,1,4096,卖盘
511,11:15:31,40.96,0.0,4,16384,卖盘
512,11:15:34,40.95,-0.01,6,24570,卖盘
513,11:15:43,41.0,0.05,49,200836,买盘
514,11:15:46,41.0,0.0,5,20500,买盘
515,11:15:52,41.0,0.0,20,82000,买盘
516,11:15:55,40.95,-0.05,7,28665,卖盘
517,11:16:01,40.99,0.04,2,8198,买盘
518,11:16:04,40.95,-0.04,1,4095,卖盘
519,11:16:43,40.95,0.0,1,4095,卖盘
520,11:16:58,40.95,0.0,3,12285,卖盘
521,11:17:00,40.95,0.0,1,4095,卖盘
522,11:17:21,40.96,0.01,1,4096,卖盘
523,11:17:31,40.95,-0.01,6,24572,卖盘
524,11:17:58,40.95,0.0,3,12287,卖盘
525,11:18:01,40.95,0.0,6,24570,卖盘
526,11:18:04,40.95,0.0,1,4095,卖盘
527,11:18:31,40.95,0.0,6,24570,卖盘
528,11:18:46,40.95,0.0,1,4095,卖盘
529,11:18:58,40.95,0.0,3,12285,卖盘
530,11:19:01,40.95,0.0,20,81900,卖盘
531,11:19:04,40.95,0.0,1,4095,卖盘
532,11:19:10,40.95,0.0,6,24570,卖盘
533,11:19:16,40.95,0.0,12,49140,卖盘
534,11:19:19,40.95,0.0,1,4095,买盘
535,11:19:28,40.95,0.0,1,4095,卖盘
536,11:19:40,40.93,-0.02,172,704191,卖盘
537,11:19:43,40.93,0.0,21,85954,卖盘
538,11:19:46,40.93,0.0,2,8186,卖盘
539,11:19:49,40.93,0.0,1,4093,卖盘
540,11:19:52,40.93,0.0,2,8186,卖盘
541,11:19:58,40.93,0.0,6,24558,卖盘
542,11:20:04,40.92,-0.01,7,28644,卖盘
543,11:20:07,40.92,0.0,1,4092,卖盘
544,11:20:19,40.91,-0.01,21,85918,卖盘
545,11:20:22,40.91,0.0,1,4091,卖盘
546,11:20:28,40.9,-0.01,5,20450,卖盘
547,11:20:37,40.9,0.0,1,4090,卖盘
548,11:20:40,40.9,0.0,1,4090,卖盘
549,11:20:43,40.94,0.04,87,356052,买盘
550,11:20:46,40.94,0.0,7,28658,买盘
551,11:20:58,40.9,-0.04,1,4090,卖盘
552,11:21:07,40.93,0.03,3,12279,买盘
553,11:21:16,40.93,0.0,13,53209,买盘
554,11:21:19,40.93,0.0,2,8186,卖盘
555,11:21:37,40.93,0.0,2,8186,买盘
556,11:22:37,40.94,0.01,43,176010,买盘
557,11:22:40,40.94,0.0,1,4094,买盘
558,11:22:48,40.94,0.0,2,8188,买盘
559,11:23:16,40.93,-0.01,1,4093,买盘
560,11:24:04,40.92,-0.01,1,4092,买盘
561,11:24:07,40.97,0.05,1,4097,买盘
562,11:24:46,40.91,-0.06,1,4091,卖盘
563,11:24:58,40.93,0.02,1,4093,卖盘
564,11:25:45,40.93,0.0,4,16372,卖盘
565,11:25:58,40.92,-0.01,1,4092,卖盘
566,11:26:46,40.92,0.0,1,4092,卖盘
567,11:26:57,40.91,-0.01,1,4091,卖盘
568,11:27:19,40.91,0.0,1,4091,卖盘
569,11:27:52,40.91,0.0,6,24546,卖盘
570,11:27:57,40.9,-0.01,1,4090,卖盘
571,11:28:10,40.9,0.0,6,24540,卖盘
572,11:28:37,40.9,0.0,4,16360,卖盘
573,11:28:57,40.9,0.0,1,4090,卖盘
574,11:29:40,40.91,0.01,1,4091,买盘
575,11:29:57,40.91,0.0,1,4091,卖盘
576,13:00:07,40.9,-0.01,9,36817,卖盘
577,13:00:10,40.91,0.01,12,49092,买盘
578,13:00:13,40.91,0.0,1,4091,买盘
579,13:00:36,40.88,-0.03,100,408930,卖盘
580,13:00:46,40.9,0.02,1,4090,买盘
581,13:01:30,40.89,-0.01,1,4089,卖盘
582,13:01:40,40.89,0.0,1,4089,卖盘
583,13:01:46,40.88,-0.01,1,4088,卖盘
584,13:01:49,40.89,0.01,1,4089,中性盘
585,13:01:52,40.88,-0.01,2,8176,卖盘
586,13:01:55,40.9,0.02,1,4090,买盘
587,13:02:00,40.88,-0.02,2,8176,卖盘
588,13:02:16,40.88,0.0,8,32704,卖盘
589,13:02:18,40.9,0.02,3,12270,买盘
590,13:02:22,40.88,-0.02,5,20441,卖盘
591,13:02:28,40.88,0.0,2,8176,卖盘
592,13:02:33,40.87,-0.01,6,24525,卖盘
593,13:02:40,40.87,0.0,5,20435,卖盘
594,13:03:00,40.87,0.0,5,20437,卖盘
595,13:03:07,40.87,0.0,6,24522,卖盘
596,13:03:13,40.87,0.0,13,53151,卖盘
597,13:03:31,40.81,-0.06,1,4081,卖盘
598,13:03:37,40.78,-0.03,6,24474,卖盘
599,13:03:42,40.78,0.0,5,20390,卖盘
600,13:04:15,40.77,-0.01,2,8155,卖盘
601,13:04:21,40.74,-0.03,15,61124,卖盘
602,13:04:46,40.81,0.07,20,81620,买盘
603,13:04:51,40.75,-0.06,11,44832,卖盘
604,13:04:57,40.81,0.06,11,44891,买盘
605,13:05:34,40.81,0.0,2,8162,卖盘
606,13:05:40,40.74,-0.07,17,69268,卖盘
607,13:06:13,40.8,0.06,1,4080,买盘
608,13:06:19,40.74,-0.06,14,57042,卖盘
609,13:06:43,40.75,0.01,6,24450,卖盘
610,13:06:49,40.74,-0.01,11,44818,卖盘
611,13:07:04,40.74,0.0,10,40744,卖盘
612,13:07:12,40.74,0.0,4,16296,卖盘
613,13:07:19,40.74,0.0,11,44814,卖盘
614,13:07:28,40.74,0.0,15,61110,卖盘
615,13:08:18,40.79,0.05,22,89629,买盘
616,13:08:22,40.8,0.01,31,126445,买盘
617,13:08:25,40.8,0.0,14,57120,买盘
618,13:08:46,40.84,0.04,10,40820,买盘
619,13:08:52,40.8,-0.04,1,4080,卖盘
620,13:09:16,40.74,-0.06,12,48889,卖盘
621,13:09:22,40.74,0.0,11,44815,卖盘
622,13:09:43,40.8,0.06,4,16320,买盘
623,13:09:46,40.8,0.0,2,8160,买盘
624,13:09:52,40.74,-0.06,21,85564,卖盘
625,13:10:18,40.84,0.1,4,16336,买盘
626,13:10:25,40.82,-0.02,9,36750,卖盘
627,13:10:28,40.81,-0.01,1,4081,买盘
628,13:11:04,40.78,-0.03,1,4078,卖盘
629,13:11:07,40.79,0.01,1,4079,买盘
630,13:11:10,40.77,-0.02,16,65240,卖盘
631,13:12:10,40.76,-0.01,13,53011,卖盘
632,13:12:15,40.76,0.0,6,24456,买盘
633,13:12:19,40.76,0.0,2,8152,买盘
634,13:12:25,40.75,-0.01,1,4075,买盘
635,13:12:28,40.75,0.0,1,4075,买盘
636,13:12:31,40.79,0.04,3,12237,买盘
637,13:12:37,40.73,-0.06,11,44815,卖盘
638,13:12:58,40.79,0.06,4,16316,买盘
639,13:13:34,40.79,0.0,3,12239,卖盘
640,13:13:54,40.77,-0.02,15,61155,买盘
641,13:13:57,40.75,-0.02,2,8150,卖盘
642,13:14:01,40.73,-0.02,5,20371,卖盘
643,13:14:04,40.73,0.0,5,20365,卖盘
644,13:14:07,40.77,0.04,1,4077,买盘
645,13:14:18,40.77,0.0,3,12231,买盘
646,13:14:22,40.77,0.0,5,20385,买盘
647,13:14:42,40.8,0.03,4,16320,买盘
648,13:14:49,40.8,0.0,9,36720,卖盘
649,13:15:07,40.75,-0.05,6,24450,卖盘
650,13:15:13,40.75,0.0,4,16300,卖盘
651,13:15:16,40.73,-0.02,7,28511,卖盘
652,13:15:18,40.73,0.0,6,24443,卖盘
653,13:15:58,40.89,0.16,15,61335,买盘
654,13:16:04,40.74,-0.15,18,73360,卖盘
655,13:16:52,40.8,0.06,4,16329,卖盘
656,13:16:58,40.72,-0.08,10,40741,卖盘
657,13:17:15,40.72,0.0,15,61080,买盘
658,13:17:28,40.72,0.0,10,40720,买盘
659,13:17:34,40.71,-0.01,17,69223,卖盘
660,13:18:10,40.8,0.09,2,8160,买盘
661,13:18:15,40.75,-0.05,15,61125,卖盘
662,13:18:25,40.75,0.0,2,8150,卖盘
663,13:18:52,40.88,0.13,20,81616,买盘
664,13:18:58,40.75,-0.13,15,61143,卖盘
665,13:19:04,40.88,0.13,3,12264,买盘
666,13:19:58,40.75,-0.13,22,89686,卖盘
667,13:20:13,40.88,0.13,192,784836,买盘
668,13:20:16,40.88,0.0,2,8176,买盘
669,13:20:25,40.87,-0.01,6,24522,买盘
670,13:20:31,40.75,-0.12,12,48902,卖盘
671,13:21:18,40.86,0.11,22,89892,买盘
672,13:21:25,40.75,-0.11,19,77429,卖盘
673,13:22:22,40.75,0.0,21,85588,卖盘
674,13:23:04,40.86,0.11,10,40860,买盘
675,13:23:13,40.76,-0.1,17,69326,卖盘
676,13:23:25,40.87,0.11,55,224745,买盘
677,13:24:10,40.79,-0.08,16,65267,卖盘
678,13:24:13,40.79,0.0,2,8158,买盘
679,13:24:16,40.79,0.0,2,8158,买盘
680,13:24:22,40.9,0.11,27,110384,买盘
681,13:24:43,41.12,0.22,9,36971,买盘
682,13:24:46,41.12,0.0,1,2056,卖盘
683,13:24:49,41.12,0.0,5,22616,卖盘
684,13:25:16,41.0,-0.12,1,4100,卖盘
685,13:25:22,40.88,-0.12,14,57259,卖盘
686,13:25:28,40.97,0.09,2,8194,买盘
687,13:25:46,40.88,-0.09,5,20440,卖盘
688,13:25:52,40.87,-0.01,10,40876,卖盘
689,13:26:04,40.87,0.0,1,4087,卖盘
690,13:26:16,41.0,0.13,20,82000,买盘
691,13:26:22,40.88,-0.12,11,44970,卖盘
692,13:26:28,40.88,0.0,4,16352,卖盘
693,13:26:49,40.88,0.0,24,98112,买盘
694,13:26:52,40.88,0.0,1,4088,买盘
695,13:26:55,40.87,-0.01,12,49060,卖盘
696,13:27:28,41.09,0.22,17,69841,买盘
697,13:27:34,40.87,-0.22,4,16348,卖盘
698,13:27:55,40.84,-0.03,9,36756,买盘
699,13:28:01,40.84,0.0,10,40840,卖盘
700,13:28:58,40.9,0.06,20,81810,卖盘
701,13:29:13,40.9,0.0,10,40900,卖盘
702,13:29:49,40.9,0.0,10,40900,买盘
703,13:29:55,40.9,0.0,20,81800,卖盘
704,13:30:01,41.09,0.19,17,69844,买盘
705,13:30:19,40.9,-0.19,11,43046,卖盘
706,13:31:40,40.88,-0.02,1,3639,买盘
707,13:31:54,41.07,0.19,16,65712,买盘
708,13:32:18,41.07,0.0,1,4107,卖盘
709,13:32:21,41.07,0.0,3,12321,卖盘
710,13:35:13,40.93,-0.14,5,20472,卖盘
711,13:36:07,41.08,0.15,16,65702,买盘
712,13:37:10,40.94,-0.14,1,4094,卖盘
713,13:38:13,41.06,0.12,16,65695,买盘
714,13:39:15,41.06,0.0,1,4106,买盘
715,13:42:46,41.06,0.0,2,8212,买盘
716,13:44:10,40.94,-0.12,3,12283,卖盘
717,13:45:37,40.94,0.0,1,4094,卖盘
718,13:45:54,40.9,-0.04,30,122813,卖盘
719,13:45:58,41.04,0.14,2,8208,买盘
720,13:47:07,40.92,-0.12,15,61385,卖盘
721,13:47:42,40.9,-0.02,4,16360,卖盘
722,13:48:00,40.89,-0.01,34,139026,卖盘
723,13:48:16,40.88,-0.01,2,8176,卖盘
724,13:48:19,40.88,0.0,4,16352,卖盘
725,13:49:39,40.88,0.0,5,20440,买盘
726,13:49:52,40.88,0.0,2,8176,买盘
727,13:50:43,40.88,0.0,1,4088,买盘
728,13:50:55,40.88,0.0,28,114464,买盘
729,13:50:57,40.88,0.0,1,1676,卖盘
730,13:52:22,40.89,0.01,27,110403,买盘
731,13:52:43,40.89,0.0,23,94047,卖盘
732,13:52:57,40.9,0.01,3,12270,买盘
733,13:55:01,40.9,0.0,15,61350,买盘
734,13:55:07,40.9,0.0,11,44990,买盘
735,13:55:10,40.89,-0.01,11,44984,卖盘
736,13:55:22,40.91,0.02,11,45001,买盘
737,13:55:25,40.91,0.0,10,40910,买盘
738,13:58:13,40.89,-0.02,2,8178,卖盘
739,13:59:31,40.89,0.0,1,4089,卖盘
740,13:59:36,40.89,0.0,1,4089,卖盘
741,13:59:54,40.89,0.0,5,20445,买盘
742,14:01:18,40.91,0.02,1,4091,买盘
743,14:01:34,41.0,0.09,2,8200,买盘
744,14:01:37,41.0,0.0,3,12300,买盘
745,14:01:40,41.0,0.0,4,16400,买盘
746,14:01:49,41.05,0.05,22,90310,买盘
747,14:01:52,41.05,0.0,5,20525,买盘
748,14:01:58,41.06,0.01,39,160131,买盘
749,14:02:01,41.08,0.02,3,12320,买盘
750,14:02:07,41.04,-0.04,7,28741,卖盘
751,14:02:10,41.04,0.0,1,4104,买盘
752,14:02:16,41.04,0.0,25,102600,买盘
753,14:02:34,41.29,0.25,3,12387,买盘
754,14:02:49,41.2,-0.09,4,16480,卖盘
755,14:04:10,41.21,0.01,2,8242,卖盘
756,14:04:28,41.21,0.0,1,4121,买盘
757,14:04:33,41.21,0.0,2,8242,买盘
758,14:05:04,41.2,-0.01,5,20600,卖盘
759,14:05:07,41.2,0.0,6,24720,卖盘
760,14:05:16,41.23,0.03,1,4123,卖盘
761,14:05:28,41.25,0.02,4,16500,买盘
762,14:05:31,41.23,-0.02,3,12371,卖盘
763,14:06:22,41.23,0.0,2,8246,卖盘
764,14:07:10,41.23,0.0,2,8246,买盘
765,14:07:22,41.23,0.0,2,8246,买盘
766,14:07:25,41.22,-0.01,5,20611,卖盘
767,14:07:55,41.22,0.0,2,8244,买盘
768,14:08:19,41.23,0.01,3,12369,卖盘
769,14:08:34,41.23,0.0,1,4123,买盘
770,14:08:43,41.21,-0.02,5,20605,卖盘
771,14:08:48,41.23,0.02,4,16492,买盘
772,14:09:04,41.24,0.01,1,4124,买盘
773,14:09:21,41.25,0.01,6,24750,买盘
774,14:09:28,41.25,0.0,8,33000,买盘
775,14:09:34,41.26,0.01,4,16504,买盘
776,14:09:37,41.26,0.0,3,12378,买盘
777,14:09:48,41.26,0.0,4,16504,卖盘
778,14:09:51,41.28,0.02,1,4128,买盘
779,14:10:15,41.26,-0.02,10,41263,卖盘
780,14:10:19,41.26,0.0,1,4126,买盘
781,14:10:27,41.27,0.01,1,4127,卖盘
782,14:10:34,41.27,0.0,2,8254,卖盘
783,14:10:49,41.25,-0.02,2,8250,卖盘
784,14:10:52,41.25,0.0,4,16500,买盘
785,14:11:01,41.25,0.0,1,4125,买盘
786,14:11:19,41.24,-0.01,2,8248,卖盘
787,14:11:40,41.24,0.0,3,15712,卖盘
788,14:11:42,41.23,-0.01,5,17279,卖盘
789,14:12:22,41.21,-0.02,2,8243,卖盘
790,14:12:31,41.2,-0.01,1,4120,卖盘
791,14:13:07,41.21,0.01,3,12364,卖盘
792,14:13:16,41.2,-0.01,4,16480,卖盘
793,14:13:40,41.16,-0.04,5,20580,卖盘
794,14:14:25,41.12,-0.04,65,267287,卖盘
795,14:15:01,41.14,0.02,1,4114,卖盘
796,14:15:34,41.16,0.02,30,126814,买盘
797,14:15:58,41.2,0.04,6,24720,买盘
798,14:16:04,41.2,0.0,1,4120,买盘
799,14:16:06,41.2,0.0,5,20600,买盘
800,14:16:13,41.2,0.0,1,4120,买盘
801,14:16:18,41.21,0.01,2,8242,买盘
802,14:16:22,41.21,0.0,12,49452,买盘
803,14:16:27,41.21,0.0,7,28846,买盘
804,14:16:31,41.21,0.0,6,24726,买盘
805,14:16:46,41.21,0.0,2,8242,买盘
806,14:17:37,41.22,0.01,1,4122,卖盘
807,14:17:42,41.22,0.0,4,16488,卖盘
808,14:17:49,41.22,0.0,1,4122,买盘
809,14:19:10,41.22,0.0,1,4122,买盘
810,14:19:19,41.23,0.01,2,8246,买盘
811,14:19:25,41.21,-0.02,8,32975,卖盘
812,14:20:19,41.19,-0.02,1,4119,卖盘
813,14:20:21,41.21,0.02,1,4121,买盘
814,14:20:55,41.21,0.0,3,12363,买盘
815,14:21:18,41.22,0.01,3,12366,买盘
816,14:21:25,41.22,0.0,1,4122,买盘
817,14:21:31,41.23,0.01,2,8246,买盘
818,14:21:34,41.23,0.0,6,24738,买盘
819,14:21:40,41.23,0.0,2,8246,买盘
820,14:22:52,41.23,0.0,3,12369,卖盘
821,14:24:01,41.23,0.0,2,8246,买盘
822,14:24:13,41.25,0.02,14,57750,买盘
823,14:24:19,41.25,0.0,2,8250,买盘
824,14:25:01,41.27,0.02,5,20635,买盘
825,14:25:10,41.28,0.01,4,16512,买盘
826,14:25:13,41.28,0.0,2,8256,买盘
827,14:25:19,41.3,0.02,2,8260,买盘
828,14:26:04,41.35,0.05,5,20675,买盘
829,14:26:10,41.36,0.01,6,24815,买盘
830,14:26:16,41.36,0.0,4,16544,买盘
831,14:26:22,41.31,-0.05,21,86815,卖盘
832,14:26:25,41.31,0.0,3,12393,买盘
833,14:26:46,41.31,0.0,10,41310,买盘
834,14:26:58,41.31,0.0,5,20655,买盘
835,14:27:16,41.31,0.0,1,4131,买盘
836,14:27:43,41.36,0.05,2,8272,买盘
837,14:27:52,41.39,0.03,13,53804,买盘
838,14:27:58,41.4,0.01,2,8280,买盘
839,14:28:04,41.39,-0.01,60,248340,卖盘
840,14:28:07,41.39,0.0,5,20695,买盘
841,14:28:10,41.48,0.09,60,248627,买盘
842,14:28:25,41.46,-0.02,11,45598,买盘
843,14:28:49,41.46,0.0,2,8292,买盘
844,14:28:52,41.46,0.0,1,4146,买盘
845,14:29:19,41.46,0.0,29,120223,买盘
846,14:29:37,41.47,0.01,10,41470,买盘
847,14:29:49,41.47,0.0,5,20735,买盘
848,14:29:52,41.47,0.0,2,8294,卖盘
849,14:29:58,41.47,0.0,11,45617,卖盘
850,14:30:00,41.47,0.0,2,8294,卖盘
851,14:30:04,41.47,0.0,10,41470,买盘
852,14:30:22,41.46,-0.01,1,4146,卖盘
853,14:30:55,41.43,-0.03,1,4143,卖盘
854,14:30:58,41.43,0.0,2,8286,买盘
855,14:31:13,41.4,-0.03,10,41410,卖盘
856,14:31:16,41.43,0.03,1,4143,买盘
857,14:31:55,41.43,0.0,1,4143,买盘
858,14:32:04,41.43,0.0,2,8286,买盘
859,14:32:52,41.44,0.01,1,4144,卖盘
860,14:33:07,41.46,0.02,2,8292,买盘
861,14:33:25,41.44,-0.02,6,24864,卖盘
862,14:33:40,41.44,0.0,2,8288,买盘
863,14:33:55,41.43,-0.01,11,45573,卖盘
864,14:34:46,41.43,0.0,9,37287,买盘
865,14:35:34,41.43,0.0,1,4143,卖盘
866,14:35:40,41.43,0.0,3,12429,卖盘
867,14:35:43,41.43,0.0,1,4143,买盘
868,14:35:49,41.43,0.0,1,4143,买盘
869,14:36:34,41.43,0.0,2,8286,卖盘
870,14:36:37,41.43,0.0,1,4143,买盘
871,14:36:49,41.43,0.0,2,8286,卖盘
872,14:36:52,41.44,0.01,4,16576,买盘
873,14:37:06,41.46,0.02,17,70482,买盘
874,14:37:34,41.44,-0.02,16,66309,卖盘
875,14:37:43,41.44,0.0,4,16576,买盘
876,14:37:46,41.42,-0.02,1,4142,卖盘
877,14:37:49,41.42,0.0,1,4142,中性盘
878,14:37:52,41.44,0.02,1,4144,卖盘
879,14:38:16,41.44,0.0,10,41440,卖盘
880,14:38:31,41.44,0.0,2,8288,卖盘
881,14:38:49,41.44,0.0,5,20720,买盘
882,14:38:58,41.48,0.04,20,82930,买盘
883,14:39:28,41.46,-0.02,1,4146,买盘
884,14:40:01,41.46,0.0,11,45626,卖盘
885,14:40:07,41.46,0.0,1,4146,买盘
886,14:40:10,41.46,0.0,3,12438,买盘
887,14:40:13,41.46,0.0,2,8292,买盘
888,14:40:21,41.46,0.0,7,29022,卖盘
889,14:40:25,41.46,0.0,4,16584,买盘
890,14:40:37,41.46,0.0,2,8292,买盘
891,14:40:46,41.46,0.0,4,16584,买盘
892,14:40:55,41.46,0.0,1,4146,卖盘
893,14:40:58,41.43,-0.03,20,82893,卖盘
894,14:41:10,41.47,0.04,3,12441,卖盘
895,14:42:22,41.46,-0.01,1,4146,卖盘
896,14:42:31,41.45,-0.01,17,70495,卖盘
897,14:43:19,41.48,0.03,9,37327,买盘
898,14:43:37,41.48,0.0,1,4148,卖盘
899,14:43:40,41.48,0.0,2,8296,卖盘
900,14:43:46,41.48,0.0,4,16592,卖盘
901,14:44:06,41.47,-0.01,10,41470,卖盘
902,14:44:16,41.48,0.01,5,20739,买盘
903,14:44:31,41.46,-0.02,1,4146,卖盘
904,14:44:34,41.47,0.01,1,4147,买盘
905,14:44:39,41.46,-0.01,3,12440,卖盘
906,14:44:46,41.46,0.0,7,29032,卖盘
907,14:44:55,41.48,0.02,5,20740,买盘
908,14:45:13,41.46,-0.02,3,12438,卖盘
909,14:45:22,41.46,0.0,1,4146,卖盘
910,14:45:52,41.45,-0.01,4,16580,卖盘
911,14:46:07,41.46,0.01,2,8292,买盘
912,14:46:13,41.46,0.0,36,149235,买盘
913,14:46:31,41.44,-0.02,1,4144,卖盘
914,14:46:46,41.43,-0.01,5,20715,卖盘
915,14:46:51,41.4,-0.03,3,12420,卖盘
916,14:47:01,41.41,0.01,1,4141,卖盘
917,14:47:10,41.42,0.01,1,4142,买盘
918,14:47:13,41.42,0.0,5,20706,买盘
919,14:47:16,41.42,0.0,6,24852,买盘
920,14:47:25,41.42,0.0,2,8284,买盘
921,14:47:28,41.4,-0.02,7,28982,卖盘
922,14:47:49,41.38,-0.02,2,8276,卖盘
923,14:47:58,41.38,0.0,1,4138,卖盘
924,14:48:07,41.38,0.0,3,12414,卖盘
925,14:48:10,41.38,0.0,1,4138,卖盘
926,14:48:19,41.38,0.0,4,16552,买盘
927,14:48:34,41.4,0.02,1,4140,买盘
928,14:48:37,41.4,0.0,1,4140,买盘
929,14:48:40,41.4,0.0,57,235980,买盘
930,14:48:43,41.4,0.0,33,136620,买盘
931,14:48:46,41.4,0.0,1,4140,买盘
932,14:48:52,41.42,0.02,2,8284,买盘
933,14:48:58,41.42,0.0,9,37278,买盘
934,14:49:01,41.41,-0.01,3,12423,卖盘
935,14:49:04,41.41,0.0,5,20705,买盘
936,14:49:13,41.4,-0.01,3,12420,卖盘
937,14:49:34,41.41,0.01,29,120083,买盘
938,14:49:37,41.41,0.0,1,4141,买盘
939,14:49:40,41.42,0.01,20,82832,买盘
940,14:50:13,41.41,-0.01,2,8282,卖盘
941,14:50:34,41.4,-0.01,3,12420,卖盘
942,14:50:37,41.4,0.0,36,149040,卖盘
943,14:50:43,41.4,0.0,11,45540,卖盘
944,14:51:16,41.31,-0.09,15,62014,卖盘
945,14:51:25,41.34,0.03,2,8268,买盘
946,14:51:31,41.4,0.06,45,186276,买盘
947,14:51:34,41.4,0.0,57,235980,买盘
948,14:51:37,41.31,-0.09,16,66105,卖盘
949,14:51:40,41.4,0.09,9,37235,买盘
950,14:51:43,41.31,-0.09,2,8262,卖盘
951,14:52:13,41.31,0.0,4,16524,卖盘
952,14:52:16,41.39,0.08,1,4139,买盘
953,14:53:01,41.32,-0.07,1,4132,卖盘
954,14:53:13,41.31,-0.01,1,4131,卖盘
955,14:53:19,41.39,0.08,1,4139,买盘
956,14:54:25,41.37,-0.02,1,4137,买盘
957,14:54:40,41.37,0.0,1,4137,买盘
958,14:55:13,41.31,-0.06,6,24798,卖盘
959,14:55:19,41.22,-0.09,5,20610,卖盘
960,14:55:28,41.37,0.15,10,41328,买盘
961,14:55:31,41.37,0.0,3,12411,卖盘
962,14:55:46,41.37,0.0,2,8274,卖盘
963,14:55:58,41.37,0.0,4,16548,卖盘
964,14:56:01,41.38,0.01,2,8276,买盘
965,14:56:04,41.38,0.0,3,12414,卖盘
966,14:56:07,41.38,0.0,1,4138,卖盘
967,14:56:22,41.37,-0.01,1,4137,卖盘
968,14:56:28,41.39,0.02,6,24831,买盘
969,14:56:34,41.22,-0.17,2,8244,卖盘
970,14:56:43,41.4,0.18,11,45538,买盘
971,14:56:46,41.4,0.0,11,43470,卖盘
972,14:56:52,41.4,0.0,3,12420,卖盘
973,14:57:04,41.4,0.0,14,57960,买盘
974,15:00:04,41.4,0.0,37,153180,卖盘
