,time,price,change,volume,amount,type
0,09:25:04,4.79,0.06,338,161902,卖盘
1,09:30:04,4.79,0.0,79,37877,卖盘
2,09:30:07,4.8,0.01,666,319388,买盘
3,09:30:10,4.8,0.0,50,24049,卖盘
4,09:30:13,4.81,0.01,3,1443,买盘
5,09:30:16,4.81,0.0,11,5290,买盘
6,09:30:19,4.81,0.0,128,61568,买盘
7,09:30:25,4.8,-0.01,29,13920,卖盘
8,09:30:28,4.81,0.01,60,28860,买盘
9,09:30:31,4.81,0.0,32,15392,买盘
10,09:30:34,4.8,-0.01,20,9600,卖盘
11,09:30:46,4.8,0.0,244,117130,卖盘
12,09:30:49,4.81,0.01,20,9620,买盘
13,09:30:52,4.8,-0.01,32,15380,卖盘
14,09:30:55,4.8,0.0,5,2400,卖盘
15,09:30:58,4.81,0.01,55,26455,买盘
16,09:31:01,4.81,0.0,40,19240,买盘
17,09:31:04,4.81,0.0,56,26936,买盘
18,09:31:07,4.81,0.0,39,18759,买盘
19,09:31:22,4.81,0.0,36,17316,卖盘
20,09:31:31,4.8,-0.01,969,465230,卖盘
21,09:31:34,4.79,-0.01,10,4790,卖盘
22,09:31:37,4.79,0.0,2,958,买盘
23,09:31:43,4.78,-0.01,62,29648,卖盘
24,09:31:49,4.78,0.0,18,8604,卖盘
25,09:31:55,4.78,0.0,541,258098,买盘
26,09:32:01,4.77,-0.01,20,9540,卖盘
27,09:32:04,4.79,0.02,42,20085,买盘
28,09:32:07,4.77,-0.02,40,19080,卖盘
29,09:32:13,4.77,0.0,85,40545,卖盘
30,09:32:16,4.77,0.0,20,9540,买盘
31,09:32:19,4.77,0.0,15,7155,买盘
32,09:32:25,4.77,0.0,2,954,买盘
33,09:32:28,4.76,-0.01,6,2856,卖盘
34,09:32:46,4.77,0.01,5,2385,买盘
35,09:32:52,4.76,-0.01,81,38618,卖盘
36,09:32:57,4.76,0.0,10,4760,卖盘
37,09:33:01,4.76,0.0,6,2856,卖盘
38,09:33:16,4.77,0.01,43,20511,买盘
39,09:33:22,4.77,0.0,340,162180,买盘
40,09:33:25,4.77,0.0,50,23850,买盘
41,09:33:31,4.77,0.0,10,4770,买盘
42,09:33:34,4.77,0.0,49,23373,买盘
43,09:33:43,4.77,0.0,24,11448,卖盘
44,09:33:46,4.78,0.01,3,1434,买盘
45,09:33:49,4.77,-0.01,41,19557,卖盘
46,09:34:01,4.78,0.01,5,2390,买盘
47,09:34:04,4.77,-0.01,1,477,卖盘
48,09:34:10,4.78,0.01,66,31548,买盘
49,09:34:21,4.77,-0.01,116,55432,卖盘
50,09:34:28,4.78,0.01,25,11950,买盘
51,09:34:37,4.79,0.01,300,143665,买盘
52,09:34:55,4.78,-0.01,16,7648,买盘
53,09:34:57,4.78,0.0,12,5736,买盘
54,09:35:01,4.78,0.0,5,2390,买盘
55,09:35:06,4.77,-0.01,63,30083,卖盘
56,09:35:16,4.78,0.01,58,27724,买盘
57,09:35:19,4.78,0.0,30,14340,卖盘
58,09:35:25,4.78,0.0,15,7170,卖盘
59,09:35:31,4.78,0.0,51,24378,买盘
60,09:35:34,4.78,0.0,177,84606,卖盘
61,09:35:37,4.78,0.0,16,7648,买盘
62,09:35:58,4.78,0.0,37,17686,买盘
63,09:36:10,4.78,0.0,15,7170,卖盘
64,09:36:13,4.78,0.0,4,1912,卖盘
65,09:36:25,4.78,0.0,25,11950,买盘
66,09:36:39,4.78,0.0,10,4780,买盘
67,09:36:43,4.77,-0.01,42,20034,卖盘
68,09:36:46,4.77,0.0,21,10017,卖盘
69,09:36:55,4.77,0.0,3,1431,卖盘
70,09:37:01,4.77,0.0,398,189846,卖盘
71,09:37:07,4.77,0.0,24,11448,买盘
72,09:37:16,4.76,-0.01,13,6188,卖盘
73,09:37:28,4.77,0.01,100,47700,买盘
74,09:37:37,4.77,0.0,167,79659,买盘
75,09:37:46,4.77,0.0,2,954,卖盘
76,09:37:58,4.77,0.0,1,477,卖盘
77,09:38:07,4.77,0.0,21,10017,卖盘
78,09:38:10,4.78,0.01,55,26290,买盘
79,09:38:19,4.77,-0.01,42,20034,卖盘
80,09:38:37,4.77,0.0,89,42534,卖盘
81,09:39:00,4.77,0.0,1,477,卖盘
82,09:39:13,4.78,0.01,116,55448,买盘
83,09:39:21,4.77,-0.01,1,477,卖盘
84,09:39:58,4.78,0.01,31,14818,买盘
85,09:40:01,4.78,0.0,101,48277,买盘
86,09:40:04,4.78,0.0,8,3824,买盘
87,09:40:07,4.78,0.0,3,1434,买盘
88,09:40:10,4.78,0.0,4,1912,卖盘
89,09:40:28,4.78,0.0,149,71222,卖盘
90,09:40:31,4.77,-0.01,65,31065,卖盘
91,09:40:34,4.78,0.01,11,5258,中性盘
92,09:40:46,4.78,0.0,3,1434,买盘
93,09:40:51,4.78,0.0,30,14340,买盘
94,09:41:04,4.77,-0.01,1,477,卖盘
95,09:41:07,4.78,0.01,77,36806,买盘
96,09:41:09,4.78,0.0,5,2390,卖盘
97,09:41:43,4.78,0.0,7,3346,卖盘
98,09:41:58,4.78,0.0,21,10038,卖盘
99,09:42:07,4.79,0.01,10,4790,买盘
100,09:42:09,4.78,-0.01,9,4302,卖盘
101,09:42:13,4.78,0.0,20,9560,卖盘
102,09:42:25,4.79,0.01,10,4790,买盘
103,09:42:37,4.79,0.0,408,195432,买盘
104,09:42:52,4.79,0.0,20,9580,卖盘
105,09:42:58,4.8,0.01,15,7200,买盘
106,09:43:01,4.79,-0.01,72,34488,卖盘
107,09:43:13,4.79,0.0,29,13891,买盘
108,09:43:16,4.79,0.0,19,9101,卖盘
109,09:43:22,4.79,0.0,10,4790,买盘
110,09:43:40,4.78,-0.01,60,28680,卖盘
111,09:43:46,4.79,0.01,9,4311,买盘
112,09:44:13,4.78,-0.01,5,2390,卖盘
113,09:44:22,4.79,0.01,10,4790,买盘
114,09:44:25,4.77,-0.02,207,98824,卖盘
115,09:44:27,4.79,0.02,99,47420,买盘
116,09:44:34,4.78,-0.01,7,3345,买盘
117,09:45:25,4.78,0.0,20,9560,买盘
118,09:45:27,4.77,-0.01,4,1908,卖盘
119,09:45:30,4.77,0.0,100,47700,卖盘
120,09:45:34,4.77,0.0,1,477,卖盘
121,09:45:49,4.77,0.0,10,4770,卖盘
122,09:46:31,4.77,0.0,113,53901,卖盘
123,09:46:33,4.77,0.0,6,2862,买盘
124,09:47:04,4.77,0.0,25,11925,买盘
125,09:47:16,4.77,0.0,6,2862,买盘
126,09:47:18,4.77,0.0,35,16695,买盘
127,09:47:28,4.76,-0.01,3,1428,卖盘
128,09:47:37,4.76,0.0,1,476,卖盘
129,09:48:01,4.77,0.01,26,12402,买盘
130,09:48:10,4.77,0.0,5,2385,买盘
131,09:48:13,4.77,0.0,3,1431,买盘
132,09:48:16,4.77,0.0,11,5247,买盘
133,09:48:19,4.77,0.0,1,477,买盘
134,09:48:27,4.77,0.0,44,20988,卖盘
135,09:48:31,4.77,0.0,1,477,卖盘
136,09:48:46,4.78,0.01,33,15774,买盘
137,09:49:34,4.77,-0.01,1,477,卖盘
138,09:50:28,4.77,0.0,28,13356,卖盘
139,09:50:31,4.77,0.0,85,40545,卖盘
140,09:50:34,4.77,0.0,1,477,卖盘
141,09:50:58,4.77,0.0,5,2385,卖盘
142,09:51:12,4.77,0.0,11,5247,卖盘
143,09:51:16,4.77,0.0,9,4293,卖盘
144,09:51:22,4.77,0.0,291,138807,卖盘
145,09:51:25,4.78,0.01,194,92673,买盘
146,09:51:28,4.76,-0.02,1,476,卖盘
147,09:51:49,4.77,0.01,30,14310,买盘
148,09:51:55,4.78,0.01,100,47800,买盘
149,09:52:06,4.77,-0.01,20,9540,卖盘
150,09:52:27,4.77,0.0,1,477,卖盘
151,09:52:45,4.78,0.01,234,111852,买盘
152,09:52:55,4.78,0.0,11,5258,卖盘
153,09:53:04,4.78,0.0,4,1912,卖盘
154,09:53:13,4.78,0.0,100,47800,卖盘
155,09:53:34,4.78,0.0,2,956,卖盘
156,09:53:37,4.78,0.0,100,47800,卖盘
157,09:53:43,4.78,0.0,1,478,卖盘
158,09:53:46,4.78,0.0,1,478,卖盘
159,09:53:49,4.78,0.0,1,478,卖盘
160,09:53:52,4.78,0.0,1,478,卖盘
161,09:53:54,4.78,0.0,1,478,卖盘
162,09:53:58,4.78,0.0,1,478,卖盘
163,09:54:01,4.78,0.0,1,478,卖盘
164,09:54:04,4.78,0.0,23,10994,卖盘
165,09:54:19,4.78,0.0,83,39674,买盘
166,09:54:30,4.78,0.0,1,478,卖盘
167,09:54:58,4.78,0.0,182,86996,卖盘
168,09:55:24,4.77,-0.01,9,4293,卖盘
169,09:55:31,4.77,0.0,20,9540,卖盘
170,09:55:34,4.78,0.01,28,13384,买盘
171,09:55:37,4.77,-0.01,1,477,卖盘
172,09:56:13,4.78,0.01,117,55926,买盘
173,09:56:31,4.77,-0.01,210,100170,卖盘
174,09:56:49,4.77,0.0,8,3816,卖盘
175,09:57:01,4.77,0.0,1,477,卖盘
176,09:58:00,4.77,0.0,24,11448,卖盘
177,09:58:04,4.78,0.01,401,191678,买盘
178,09:58:18,4.78,0.0,6,2868,卖盘
179,09:58:42,4.79,0.01,66,31609,买盘
180,09:58:58,4.79,0.0,57,27303,买盘
181,09:59:07,4.79,0.0,71,34009,买盘
182,09:59:10,4.79,0.0,103,49337,买盘
183,09:59:19,4.79,0.0,170,81430,买盘
184,09:59:22,4.79,0.0,50,23950,买盘
185,09:59:30,4.79,0.0,54,25866,买盘
186,10:00:01,4.8,0.01,5,2400,买盘
187,10:00:19,4.8,0.0,3,1440,买盘
188,10:00:37,4.8,0.0,10,4800,买盘
189,10:00:52,4.79,-0.01,10,4790,卖盘
190,10:00:55,4.8,0.01,19,9114,买盘
191,10:01:04,4.8,0.0,5,2400,买盘
192,10:01:07,4.8,0.0,80,38352,买盘
193,10:01:10,4.79,-0.01,82,39278,卖盘
194,10:01:25,4.79,0.0,50,23950,买盘
195,10:02:04,4.79,0.0,40,19160,买盘
196,10:02:07,4.79,0.0,39,18681,买盘
197,10:02:19,4.79,0.0,39,18681,买盘
198,10:02:25,4.79,0.0,11,5269,卖盘
199,10:03:24,4.79,0.0,6,2874,买盘
200,10:03:34,4.79,0.0,20,9580,买盘
201,10:04:15,4.78,-0.01,3,1434,卖盘
202,10:04:22,4.78,0.0,26,12428,卖盘
203,10:04:33,4.78,0.0,10,4780,卖盘
204,10:04:46,4.79,0.01,276,132204,买盘
205,10:05:22,4.78,-0.01,5,2390,卖盘
206,10:05:25,4.79,0.01,100,47900,买盘
207,10:05:31,4.79,0.0,82,39278,买盘
208,10:06:19,4.79,0.0,125,59875,买盘
209,10:06:25,4.79,0.0,20,9580,买盘
210,10:06:31,4.78,-0.01,30,14340,卖盘
211,10:06:49,4.79,0.01,1,479,买盘
212,10:07:13,4.78,-0.01,1,478,卖盘
213,10:07:16,4.79,0.01,24,11496,买盘
214,10:07:21,4.78,-0.01,1,478,卖盘
215,10:07:40,4.79,0.01,20,9580,买盘
216,10:08:01,4.79,0.0,32,15328,买盘
217,10:08:13,4.78,-0.01,10,4780,卖盘
218,10:09:19,4.78,0.0,43,20554,卖盘
219,10:09:52,4.78,0.0,4,1912,卖盘
220,10:10:01,4.78,0.0,691,330298,卖盘
221,10:10:31,4.76,-0.02,593,282730,卖盘
222,10:10:33,4.78,0.02,50,23900,买盘
223,10:10:58,4.77,-0.01,73,34821,卖盘
224,10:11:04,4.78,0.01,67,32026,买盘
225,10:11:19,4.77,-0.01,5,2385,卖盘
226,10:11:46,4.77,0.0,52,24804,卖盘
227,10:11:49,4.77,0.0,1,477,卖盘
228,10:11:52,4.77,0.0,1,477,卖盘
229,10:11:58,4.78,0.01,52,24856,买盘
230,10:12:18,4.78,0.0,2,956,卖盘
231,10:12:28,4.78,0.0,3,1434,卖盘
232,10:12:34,4.78,0.0,7,3346,卖盘
233,10:12:49,4.78,0.0,2,956,卖盘
234,10:13:22,4.78,0.0,2,956,卖盘
235,10:13:39,4.78,0.0,100,47800,卖盘
236,10:13:52,4.78,0.0,1,478,卖盘
237,10:14:19,4.78,0.0,17,8142,卖盘
238,10:14:22,4.78,0.0,1,478,卖盘
239,10:14:25,4.78,0.0,8,3824,卖盘
240,10:14:28,4.78,0.0,20,9560,卖盘
241,10:14:49,4.78,0.0,1,478,卖盘
242,10:14:52,4.78,0.0,1,478,卖盘
243,10:14:58,4.78,0.0,2,956,卖盘
244,10:15:19,4.78,0.0,2,956,卖盘
245,10:15:22,4.79,0.01,1,479,买盘
246,10:15:40,4.78,-0.01,51,24378,卖盘
247,10:15:49,4.78,0.0,1,478,卖盘
248,10:15:51,4.78,0.0,1,478,卖盘
249,10:16:07,4.78,0.0,245,117110,卖盘
250,10:16:22,4.78,0.0,55,26290,卖盘
251,10:16:36,4.78,0.0,10,4780,买盘
252,10:16:45,4.77,-0.01,4,1908,卖盘
253,10:16:52,4.77,0.0,2,954,卖盘
254,10:17:09,4.78,0.01,10,4780,买盘
255,10:17:21,4.77,-0.01,52,24854,卖盘
256,10:17:49,4.77,0.0,1,477,卖盘
257,10:18:07,4.78,0.01,10,4780,买盘
258,10:18:22,4.77,-0.01,2,954,卖盘
259,10:18:49,4.77,0.0,51,24327,卖盘
260,10:19:01,4.77,0.0,5,2385,卖盘
261,10:19:22,4.77,0.0,34,16218,卖盘
262,10:19:52,4.77,0.0,2,954,卖盘
263,10:20:04,4.77,0.0,5,2385,卖盘
264,10:20:22,4.77,0.0,1,477,卖盘
265,10:20:25,4.77,0.0,1,477,卖盘
266,10:20:33,4.77,0.0,62,29574,卖盘
267,10:20:36,4.77,0.0,7,3339,卖盘
268,10:20:52,4.77,0.0,5,2385,卖盘
269,10:21:22,4.77,0.0,1,477,卖盘
270,10:21:40,4.77,0.0,50,23850,卖盘
271,10:21:52,4.77,0.0,11,5247,卖盘
272,10:21:55,4.77,0.0,1,477,卖盘
273,10:22:04,4.77,0.0,61,29097,卖盘
274,10:22:06,4.77,0.0,78,37206,卖盘
275,10:22:10,4.77,0.0,41,19557,卖盘
276,10:22:13,4.77,0.0,5,2385,卖盘
277,10:22:24,4.77,0.0,6,2862,买盘
278,10:22:43,4.77,0.0,12,5722,买盘
279,10:22:55,4.76,-0.01,1,476,卖盘
280,10:23:10,4.76,0.0,2,952,卖盘
281,10:23:30,4.76,0.0,129,61404,卖盘
282,10:23:34,4.76,0.0,105,49980,卖盘
283,10:23:43,4.75,-0.01,2,950,卖盘
284,10:24:10,4.75,0.0,2,950,卖盘
285,10:24:13,4.75,0.0,136,64600,卖盘
286,10:24:19,4.75,0.0,25,11875,卖盘
287,10:24:25,4.75,0.0,6,2850,卖盘
288,10:24:31,4.75,0.0,20,9500,卖盘
289,10:24:39,4.75,0.0,1,475,卖盘
290,10:24:43,4.75,0.0,1,475,卖盘
291,10:24:55,4.75,0.0,9,4275,卖盘
292,10:25:04,4.75,0.0,155,73625,卖盘
293,10:25:09,4.74,-0.01,4,1896,卖盘
294,10:25:13,4.74,0.0,1,474,卖盘
295,10:25:28,4.75,0.01,3,1425,买盘
296,10:25:36,4.75,0.0,20,9500,卖盘
297,10:25:43,4.75,0.0,2,950,卖盘
298,10:26:13,4.75,0.0,2,950,卖盘
299,10:26:39,4.75,0.0,1,475,卖盘
300,10:26:43,4.75,0.0,2,950,卖盘
301,10:26:58,4.76,0.01,10,4760,买盘
302,10:27:12,4.75,-0.01,2,950,卖盘
303,10:27:42,4.75,0.0,91,43225,卖盘
304,10:28:13,4.75,0.0,1,475,卖盘
305,10:28:43,4.75,0.0,2,950,卖盘
306,10:29:00,4.75,0.0,10,4750,卖盘
307,10:29:04,4.75,0.0,10,4750,卖盘
308,10:29:06,4.76,0.01,100,47600,买盘
309,10:29:13,4.75,-0.01,2,950,卖盘
310,10:29:39,4.75,0.0,256,121600,卖盘
311,10:29:42,4.75,0.0,2,950,卖盘
312,10:30:13,4.75,0.0,1,475,卖盘
313,10:30:19,4.76,0.01,6,2856,买盘
314,10:30:43,4.75,-0.01,2,950,卖盘
315,10:30:57,4.76,0.01,5,2380,买盘
316,10:31:13,4.75,-0.01,2,950,卖盘
317,10:31:43,4.75,0.0,2,950,卖盘
318,10:32:13,4.75,0.0,1,475,卖盘
319,10:32:16,4.75,0.0,1,475,卖盘
320,10:32:30,4.76,0.01,5,2380,买盘
321,10:33:04,4.75,-0.01,1,475,卖盘
322,10:33:07,4.75,0.0,1,475,卖盘
323,10:33:22,4.75,0.0,4,1900,卖盘
324,10:33:25,4.76,0.01,3,1428,买盘
325,10:33:30,4.76,0.0,111,52827,买盘
326,10:33:33,4.75,-0.01,2,950,卖盘
327,10:33:40,4.76,0.01,40,19040,买盘
328,10:34:07,4.75,-0.01,2,950,卖盘
329,10:34:36,4.75,0.0,2,950,卖盘
330,10:34:58,4.75,0.0,200,95000,卖盘
331,10:35:06,4.75,0.0,1,475,卖盘
332,10:35:33,4.75,0.0,1,475,卖盘
333,10:35:36,4.75,0.0,1,475,卖盘
334,10:35:43,4.75,0.0,10,4750,卖盘
335,10:35:54,4.76,0.01,141,67116,买盘
336,10:36:04,4.76,0.0,1,476,卖盘
337,10:36:07,4.76,0.0,1,476,卖盘
338,10:36:15,4.77,0.01,78,37206,买盘
339,10:36:49,4.77,0.0,74,35298,买盘
340,10:37:25,4.77,0.0,5,2385,卖盘
341,10:38:28,4.76,-0.01,10,4760,卖盘
342,10:38:51,4.76,0.0,3,1428,卖盘
343,10:38:55,4.78,0.02,700,334391,买盘
344,10:39:13,4.78,0.0,64,30592,买盘
345,10:39:19,4.77,-0.01,3,1431,卖盘
346,10:39:49,4.76,-0.01,3,1428,卖盘
347,10:40:09,4.77,0.01,198,94446,中性盘
348,10:40:22,4.77,0.0,2,954,卖盘
349,10:40:31,4.77,0.0,2,954,卖盘
350,10:40:39,4.78,0.01,9,4302,买盘
351,10:40:49,4.77,-0.01,3,1431,卖盘
352,10:41:18,4.77,0.0,3,1431,卖盘
353,10:41:49,4.77,0.0,3,1431,卖盘
354,10:42:18,4.77,0.0,3,1431,卖盘
355,10:42:48,4.78,0.01,277,132406,买盘
356,10:42:52,4.78,0.0,3,1434,卖盘
357,10:43:22,4.78,0.0,3,1434,卖盘
358,10:43:45,4.78,0.0,23,10994,卖盘
359,10:43:49,4.78,0.0,1,478,买盘
360,10:44:22,4.77,-0.01,103,49131,卖盘
361,10:44:43,4.77,0.0,6,2865,卖盘
362,10:44:52,4.76,-0.01,3,1428,卖盘
363,10:45:22,4.76,0.0,3,1428,卖盘
364,10:45:51,4.76,0.0,3,1428,卖盘
365,10:46:22,4.76,0.0,3,1428,卖盘
366,10:46:36,4.76,0.0,100,47600,卖盘
367,10:46:51,4.76,0.0,3,1428,卖盘
368,10:47:21,4.76,0.0,2,952,卖盘
369,10:47:52,4.76,0.0,3,1428,卖盘
370,10:47:55,4.76,0.0,2,952,卖盘
371,10:48:21,4.76,0.0,3,1428,卖盘
372,10:48:49,4.76,0.0,2,952,卖盘
373,10:49:04,4.76,0.0,14,6664,卖盘
374,10:49:28,4.76,0.0,34,16184,买盘
375,10:50:09,4.76,0.0,3,1428,卖盘
376,10:50:22,4.76,0.0,20,9520,卖盘
377,10:50:24,4.77,0.01,1,477,买盘
378,10:51:09,4.77,0.0,301,143406,买盘
379,10:51:16,4.77,0.0,11,5247,买盘
380,10:51:48,4.76,-0.01,5,2380,卖盘
381,10:52:27,4.76,0.0,31,14756,卖盘
382,10:53:48,4.75,-0.01,20,9500,卖盘
383,10:55:13,4.75,0.0,4,1900,卖盘
384,10:55:40,4.75,0.0,330,156750,卖盘
385,10:56:06,4.75,0.0,20,9500,买盘
386,10:57:15,4.75,0.0,107,50825,买盘
387,10:58:28,4.75,0.0,3,1425,卖盘
388,10:58:42,4.75,0.0,2,950,卖盘
389,10:59:48,4.75,0.0,6,2850,卖盘
390,11:00:04,4.75,0.0,4,1900,买盘
391,11:00:15,4.74,-0.01,33,15646,卖盘
392,11:01:01,4.74,0.0,5,2370,卖盘
393,11:01:28,4.74,0.0,2,948,卖盘
394,11:02:46,4.74,0.0,4,1896,卖盘
395,11:04:01,4.74,0.0,30,14220,卖盘
396,11:04:15,4.74,0.0,20,9480,卖盘
397,11:05:13,4.75,0.01,3,1425,买盘
398,11:05:34,4.75,0.0,9,4275,卖盘
399,11:06:28,4.75,0.0,13,6174,买盘
400,11:06:46,4.75,0.0,25,11875,买盘
401,11:07:01,4.74,-0.01,100,47400,卖盘
402,11:07:16,4.75,0.01,37,17575,买盘
403,11:07:46,4.75,0.0,109,51775,买盘
404,11:08:01,4.74,-0.01,19,9006,卖盘
405,11:08:49,4.76,0.02,172,81855,买盘
406,11:09:01,4.76,0.0,2,952,卖盘
407,11:09:07,4.76,0.0,26,12347,卖盘
408,11:09:22,4.76,0.0,6,2885,买盘
409,11:09:28,4.76,0.0,2,952,卖盘
410,11:09:31,4.76,0.0,2,952,卖盘
411,11:09:34,4.76,0.0,2,952,卖盘
412,11:09:37,4.76,0.0,1,447,买盘
413,11:11:57,4.75,-0.01,24,11400,卖盘
414,11:12:24,4.75,0.0,7,3325,卖盘
415,11:12:43,4.75,0.0,14,6650,卖盘
416,11:13:22,4.75,0.0,19,9025,卖盘
417,11:15:21,4.74,-0.01,3,1422,卖盘
418,11:17:28,4.74,0.0,7,3318,卖盘
419,11:17:31,4.75,0.01,30,14250,买盘
420,11:17:51,4.75,0.0,25,11875,买盘
421,11:18:01,4.75,0.0,130,61750,买盘
422,11:19:24,4.75,0.0,10,4750,卖盘
423,11:20:31,4.75,0.0,6,2850,卖盘
424,11:20:57,4.76,0.01,6,2856,买盘
425,11:21:30,4.76,0.0,2,952,买盘
426,11:21:46,4.76,0.0,118,56168,买盘
427,11:22:24,4.76,0.0,26,12376,卖盘
428,11:22:31,4.77,0.01,20,9540,买盘
429,11:22:42,4.76,-0.01,231,109956,卖盘
430,11:22:51,4.76,0.0,109,51884,买盘
431,11:24:58,4.75,-0.01,50,23750,卖盘
432,11:25:13,4.75,0.0,1,475,卖盘
433,11:25:31,4.75,0.0,95,45125,卖盘
434,11:25:34,4.75,0.0,15,7125,卖盘
435,11:25:57,4.75,0.0,2,950,买盘
436,11:27:25,4.76,0.01,45,21420,买盘
437,11:29:39,4.76,0.0,37,17612,买盘
438,11:30:04,4.75,-0.01,6,2850,卖盘
439,13:00:04,4.76,0.01,10,4760,买盘
440,13:00:07,4.76,0.0,130,61880,买盘
441,13:03:21,4.75,-0.01,149,70775,卖盘
442,13:03:57,4.75,0.0,50,23750,卖盘
443,13:04:42,4.75,0.0,34,16150,卖盘
444,13:04:54,4.75,0.0,15,7125,卖盘
445,13:05:13,4.75,0.0,27,12825,卖盘
446,13:06:10,4.74,-0.01,26,12324,卖盘
447,13:07:16,4.74,0.0,7,3318,卖盘
448,13:08:19,4.74,0.0,10,4740,卖盘
449,13:08:25,4.74,0.0,7,3318,卖盘
450,13:08:30,4.74,0.0,8,3792,卖盘
451,13:09:04,4.74,0.0,40,18960,卖盘
452,13:09:19,4.74,0.0,9,4266,卖盘
453,13:09:24,4.74,0.0,47,22278,卖盘
454,13:09:43,4.74,0.0,1,474,买盘
455,13:10:51,4.73,-0.01,7,3311,卖盘
456,13:11:12,4.74,0.01,10,4740,买盘
457,13:11:49,4.73,-0.01,33,15609,卖盘
458,13:12:39,4.73,0.0,20,9460,卖盘
459,13:12:42,4.73,0.0,200,94600,卖盘
460,13:13:16,4.73,0.0,7,3311,卖盘
461,13:13:37,4.74,0.01,19,9006,买盘
462,13:13:58,4.74,0.0,2,948,卖盘
463,13:14:07,4.74,0.0,200,94800,卖盘
464,13:14:10,4.74,0.0,18,8532,卖盘
465,13:14:18,4.74,0.0,8,3792,买盘
466,13:14:33,4.74,0.0,9,4266,卖盘
467,13:14:40,4.74,0.0,14,6636,买盘
468,13:14:46,4.74,0.0,2,948,买盘
469,13:14:49,4.74,0.0,22,10428,买盘
470,13:15:34,4.74,0.0,7,3318,卖盘
471,13:16:18,4.74,0.0,2,948,卖盘
472,13:16:37,4.74,0.0,3,1422,卖盘
473,13:17:25,4.73,-0.01,286,135278,卖盘
474,13:17:30,4.72,-0.01,2,944,卖盘
475,13:17:55,4.73,0.01,10,4730,买盘
476,13:18:00,4.72,-0.01,8,3776,卖盘
477,13:18:12,4.72,0.0,136,64192,卖盘
478,13:18:25,4.72,0.0,59,27848,卖盘
479,13:18:31,4.72,0.0,10,4720,买盘
480,13:19:22,4.72,0.0,10,4720,买盘
481,13:19:42,4.72,0.0,103,48616,买盘
482,13:19:45,4.72,0.0,12,5664,卖盘
483,13:19:58,4.71,-0.01,300,141300,卖盘
484,13:20:22,4.71,0.0,7,3297,卖盘
485,13:20:49,4.71,0.0,2,942,卖盘
486,13:21:04,4.71,0.0,85,40035,卖盘
487,13:22:10,4.71,0.0,26,12246,卖盘
488,13:22:46,4.71,0.0,7,3297,卖盘
489,13:22:49,4.71,0.0,50,23550,卖盘
490,13:23:52,4.72,0.01,5,2360,买盘
491,13:23:55,4.71,-0.01,10,4710,卖盘
492,13:24:00,4.71,0.0,2,942,卖盘
493,13:24:30,4.72,0.01,2,944,买盘
494,13:25:04,4.71,-0.01,7,3297,卖盘
495,13:27:12,4.71,0.0,2,942,卖盘
496,13:27:15,4.71,0.0,1,471,卖盘
497,13:27:18,4.71,0.0,45,21195,卖盘
498,13:27:31,4.71,0.0,8,3768,卖盘
499,13:27:46,4.71,0.0,30,14130,卖盘
500,13:28:51,4.71,0.0,70,32970,卖盘
501,13:28:55,4.71,0.0,4,2218,卖盘
502,13:29:06,4.71,0.0,4,1884,卖盘
503,13:29:10,4.71,0.0,2,942,卖盘
504,13:29:18,4.71,0.0,10,4710,卖盘
505,13:29:46,4.71,0.0,2,942,卖盘
506,13:29:51,4.71,0.0,7,3297,卖盘
507,13:30:04,4.71,0.0,10,4710,卖盘
508,13:30:10,4.71,0.0,26,12246,卖盘
509,13:30:16,4.71,0.0,2,942,卖盘
510,13:30:31,4.71,0.0,2,942,卖盘
511,13:30:43,4.71,0.0,92,43332,卖盘
512,13:30:49,4.71,0.0,1,471,卖盘
513,13:30:52,4.71,0.0,1,137,卖盘
514,13:30:55,4.71,0.0,1,471,卖盘
515,13:30:58,4.71,0.0,1,471,卖盘
516,13:31:10,4.7,-0.01,8,3767,卖盘
517,13:31:46,4.71,0.01,3,1413,买盘
518,13:31:58,4.71,0.0,2,942,卖盘
519,13:32:01,4.71,0.0,2,942,卖盘
520,13:32:04,4.71,0.0,1,471,卖盘
521,13:32:16,4.7,-0.01,7,3290,卖盘
522,13:32:25,4.71,0.01,2,942,卖盘
523,13:32:28,4.71,0.0,1,471,卖盘
524,13:33:49,4.71,0.0,2,942,卖盘
525,13:34:04,4.71,0.0,40,18840,卖盘
526,13:34:34,4.71,0.0,7,3297,卖盘
527,13:35:28,4.71,0.0,88,41448,卖盘
528,13:35:37,4.71,0.0,100,47100,卖盘
529,13:35:46,4.71,0.0,50,23550,卖盘
530,13:36:10,4.71,0.0,21,9891,买盘
531,13:36:49,4.7,-0.01,300,141000,卖盘
532,13:36:54,4.7,0.0,1,470,卖盘
533,13:37:01,4.7,0.0,8,3760,卖盘
534,13:37:04,4.7,0.0,30,14100,卖盘
535,13:37:13,4.7,0.0,55,25850,卖盘
536,13:37:22,4.7,0.0,9,4230,买盘
537,13:37:25,4.7,0.0,6,2820,卖盘
538,13:38:10,4.7,0.0,26,12220,卖盘
539,13:38:13,4.71,0.01,10,4710,买盘
540,13:38:37,4.7,-0.01,1,470,卖盘
541,13:39:04,4.71,0.01,2,942,买盘
542,13:39:10,4.7,-0.01,58,27260,卖盘
543,13:39:13,4.71,0.01,1,471,买盘
544,13:39:16,4.7,-0.01,7,3290,卖盘
545,13:39:52,4.7,0.0,57,26790,卖盘
546,13:40:06,4.7,0.0,19,8930,卖盘
547,13:40:10,4.7,0.0,10,4700,买盘
548,13:40:25,4.7,0.0,10,4700,买盘
549,13:40:27,4.7,0.0,9,4230,买盘
550,13:40:31,4.7,0.0,4,1880,卖盘
551,13:40:52,4.71,0.01,21,9891,买盘
552,13:41:01,4.71,0.0,211,99381,买盘
553,13:41:10,4.71,0.0,50,23550,买盘
554,13:41:19,4.71,0.0,10,4710,买盘
555,13:41:22,4.72,0.01,16,7545,买盘
556,13:41:24,4.7,-0.02,100,47000,卖盘
557,13:41:27,4.7,0.0,1,470,卖盘
558,13:41:45,4.7,0.0,7,3290,卖盘
559,13:42:28,4.71,0.01,1,471,卖盘
560,13:43:15,4.71,0.0,97,45687,卖盘
561,13:44:01,4.7,-0.01,7,3290,卖盘
562,13:44:16,4.7,0.0,200,94000,卖盘
563,13:45:13,4.71,0.01,5,2355,买盘
564,13:45:19,4.71,0.0,2,942,卖盘
565,13:45:24,4.71,0.0,2,942,卖盘
566,13:45:31,4.71,0.0,2,942,卖盘
567,13:45:37,4.71,0.0,2,942,卖盘
568,13:45:43,4.71,0.0,2,942,卖盘
569,13:45:48,4.71,0.0,2,942,卖盘
570,13:45:54,4.71,0.0,2,942,卖盘
571,13:45:58,4.71,0.0,2,942,卖盘
572,13:46:01,4.71,0.0,2,942,卖盘
573,13:46:04,4.71,0.0,2,942,卖盘
574,13:46:07,4.71,0.0,2,942,卖盘
575,13:46:10,4.71,0.0,3,1413,卖盘
576,13:46:21,4.7,-0.01,8,3760,卖盘
577,13:46:31,4.7,0.0,3,1410,卖盘
578,13:46:37,4.7,0.0,8,3760,卖盘
579,13:46:43,4.7,0.0,6,2820,卖盘
580,13:46:52,4.7,0.0,62,29140,卖盘
581,13:46:58,4.7,0.0,2,940,卖盘
582,13:47:04,4.7,0.0,52,24440,卖盘
583,13:47:06,4.7,0.0,2,940,卖盘
584,13:47:28,4.7,0.0,20,9400,卖盘
585,13:47:52,4.7,0.0,10,4700,卖盘
586,13:48:27,4.71,0.01,50,23550,买盘
587,13:48:46,4.7,-0.01,7,3290,卖盘
588,13:48:55,4.71,0.01,31,14601,买盘
589,13:49:09,4.71,0.0,1,471,卖盘
590,13:49:16,4.71,0.0,1,471,卖盘
591,13:49:21,4.71,0.0,1,471,卖盘
592,13:49:24,4.71,0.0,1,471,卖盘
593,13:49:28,4.71,0.0,1,471,卖盘
594,13:49:31,4.71,0.0,1,471,卖盘
595,13:49:34,4.71,0.0,1,471,卖盘
596,13:49:37,4.71,0.0,12,5652,卖盘
597,13:51:04,4.7,-0.01,7,3290,卖盘
598,13:51:31,4.7,0.0,24,11280,卖盘
599,13:53:31,4.7,0.0,9,4230,卖盘
600,13:53:51,4.7,0.0,100,47000,卖盘
601,13:54:10,4.7,0.0,20,9400,卖盘
602,13:54:40,4.7,0.0,30,14100,卖盘
603,13:54:46,4.7,0.0,100,47000,卖盘
604,13:54:51,4.7,0.0,1,470,卖盘
605,13:54:55,4.7,0.0,56,26320,卖盘
606,13:55:00,4.7,0.0,1,470,卖盘
607,13:55:06,4.7,0.0,1,470,卖盘
608,13:55:12,4.7,0.0,9,4230,卖盘
609,13:55:34,4.7,0.0,36,16892,卖盘
610,13:55:52,4.69,-0.01,8,3752,卖盘
611,13:55:55,4.7,0.01,10,4700,买盘
612,13:56:07,4.69,-0.01,9,4221,卖盘
613,13:56:10,4.7,0.01,31,14544,买盘
614,13:56:45,4.7,0.0,10,4700,买盘
615,13:56:55,4.69,-0.01,102,47838,卖盘
616,13:57:01,4.69,0.0,28,13132,卖盘
617,13:57:16,4.69,0.0,5,2345,买盘
618,13:57:37,4.69,0.0,20,9380,卖盘
619,13:58:22,4.69,0.0,7,3283,卖盘
620,13:59:40,4.69,0.0,80,37520,卖盘
621,14:00:10,4.69,0.0,21,9849,买盘
622,14:00:31,4.69,0.0,10,4690,卖盘
623,14:01:07,4.7,0.01,5,2350,买盘
624,14:01:22,4.69,-0.01,30,14070,卖盘
625,14:01:25,4.69,0.0,30,14070,卖盘
626,14:01:28,4.69,0.0,1,469,卖盘
627,14:01:31,4.69,0.0,4,1876,卖盘
628,14:01:34,4.69,0.0,3,1407,卖盘
629,14:01:37,4.7,0.01,1,470,买盘
630,14:01:40,4.69,-0.01,1,469,卖盘
631,14:01:43,4.69,0.0,1,469,卖盘
632,14:01:49,4.69,0.0,1,469,卖盘
633,14:01:52,4.69,0.0,62,29078,卖盘
634,14:02:04,4.68,-0.01,100,46800,卖盘
635,14:02:49,4.68,0.0,194,90965,卖盘
636,14:02:55,4.68,0.0,3,1404,卖盘
637,14:03:16,4.68,0.0,2,936,卖盘
638,14:03:31,4.68,0.0,2,936,卖盘
639,14:03:49,4.68,0.0,1,468,卖盘
640,14:04:09,4.68,0.0,26,12168,卖盘
641,14:04:13,4.68,0.0,24,11232,卖盘
642,14:04:25,4.68,0.0,6,2808,卖盘
643,14:04:28,4.68,0.0,1,468,卖盘
644,14:04:31,4.68,0.0,1,468,卖盘
645,14:04:40,4.68,0.0,1,468,卖盘
646,14:04:55,4.68,0.0,2,936,卖盘
647,14:05:04,4.68,0.0,45,20887,卖盘
648,14:05:43,4.68,0.0,20,9360,买盘
649,14:06:01,4.68,0.0,19,9065,买盘
650,14:06:31,4.68,0.0,100,46800,卖盘
651,14:06:36,4.68,0.0,2,936,卖盘
652,14:06:46,4.69,0.01,100,46900,买盘
653,14:06:51,4.69,0.0,4,1876,买盘
654,14:06:58,4.69,0.0,37,17317,买盘
655,14:07:46,4.69,0.0,1,469,买盘
656,14:08:22,4.69,0.0,20,9380,买盘
657,14:08:37,4.68,-0.01,5,2340,卖盘
658,14:09:54,4.68,0.0,2,936,卖盘
659,14:10:13,4.68,0.0,7,3276,卖盘
660,14:10:58,4.69,0.01,5,2345,买盘
661,14:11:51,4.69,0.0,10,4690,买盘
662,14:12:04,4.68,-0.01,1,468,卖盘
663,14:12:09,4.68,0.0,26,12168,卖盘
664,14:13:07,4.69,0.01,1,469,买盘
665,14:13:13,4.68,-0.01,2,936,卖盘
666,14:13:34,4.68,0.0,50,23400,卖盘
667,14:13:43,4.68,0.0,20,9360,卖盘
668,14:14:04,4.68,0.0,128,59731,卖盘
669,14:14:19,4.67,-0.01,2,934,卖盘
670,14:14:25,4.67,0.0,38,17746,卖盘
671,14:14:28,4.67,0.0,5,2335,卖盘
672,14:14:31,4.67,0.0,10,4670,卖盘
673,14:14:34,4.67,0.0,12,5604,卖盘
674,14:14:37,4.67,0.0,7,3269,卖盘
675,14:14:39,4.67,0.0,7,3269,卖盘
676,14:14:42,4.67,0.0,7,3269,卖盘
677,14:14:46,4.67,0.0,5,2335,卖盘
678,14:14:49,4.67,0.0,7,3269,卖盘
679,14:14:52,4.67,0.0,80,37360,卖盘
680,14:15:07,4.66,-0.01,7,3262,卖盘
681,14:15:09,4.66,0.0,4,1864,卖盘
682,14:15:12,4.66,0.0,2,932,卖盘
683,14:15:16,4.65,-0.01,167,77820,卖盘
684,14:15:22,4.65,0.0,56,26040,卖盘
685,14:15:25,4.65,0.0,21,9765,卖盘
686,14:15:28,4.65,0.0,124,57660,卖盘
687,14:15:31,4.65,0.0,114,53010,卖盘
688,14:15:34,4.65,0.0,59,27435,卖盘
689,14:15:37,4.65,0.0,37,17205,卖盘
690,14:15:43,4.65,0.0,43,19995,买盘
691,14:15:45,4.65,0.0,10,4649,买盘
692,14:15:58,4.64,-0.01,33,15312,卖盘
693,14:16:06,4.63,-0.01,314,145426,卖盘
694,14:16:10,4.62,-0.01,473,218542,卖盘
695,14:16:13,4.63,0.01,2,926,买盘
696,14:16:16,4.64,0.01,10,4633,买盘
697,14:16:22,4.64,0.0,5,2320,买盘
698,14:16:28,4.63,-0.01,204,94452,卖盘
699,14:16:33,4.63,0.0,436,201868,卖盘
700,14:16:37,4.63,0.0,2,926,买盘
701,14:16:46,4.62,-0.01,180,83198,卖盘
702,14:16:52,4.62,0.0,10,4620,买盘
703,14:16:55,4.63,0.01,8,3698,买盘
704,14:16:58,4.62,-0.01,61,28185,卖盘
705,14:17:07,4.62,0.0,30,13860,买盘
706,14:17:10,4.62,0.0,12,5544,买盘
707,14:17:13,4.62,0.0,95,43890,买盘
708,14:17:19,4.61,-0.01,140,64632,卖盘
709,14:17:33,4.62,0.01,143,66066,卖盘
710,14:17:36,4.62,0.0,133,61450,卖盘
711,14:17:49,4.62,0.0,169,78078,买盘
712,14:18:01,4.64,0.02,22,10208,买盘
713,14:18:04,4.64,0.0,5,2320,买盘
714,14:18:06,4.63,-0.01,10,4630,卖盘
715,14:18:09,4.64,0.01,1,464,买盘
716,14:18:12,4.64,0.0,4,1856,买盘
717,14:18:16,4.64,0.0,4,1856,买盘
718,14:18:25,4.64,0.0,40,18560,卖盘
719,14:18:28,4.65,0.01,8,3720,买盘
720,14:18:31,4.65,0.0,76,35310,买盘
721,14:18:49,4.66,0.01,100,46600,买盘
722,14:18:55,4.66,0.0,178,82746,买盘
723,14:19:04,4.64,-0.02,2,928,卖盘
724,14:19:19,4.64,0.0,50,23200,卖盘
725,14:19:37,4.64,0.0,5,2320,卖盘
726,14:19:49,4.64,0.0,9,4176,卖盘
727,14:20:10,4.65,0.01,13,6045,卖盘
728,14:20:25,4.65,0.0,13,6045,买盘
729,14:20:49,4.65,0.0,5,2325,卖盘
730,14:21:09,4.66,0.01,200,93200,买盘
731,14:21:19,4.66,0.0,10,4660,买盘
732,14:21:22,4.66,0.0,24,11184,买盘
733,14:21:25,4.66,0.0,91,42406,卖盘
734,14:21:34,4.66,0.0,59,27494,买盘
735,14:22:10,4.66,0.0,20,9320,卖盘
736,14:22:22,4.67,0.01,3,1401,买盘
737,14:22:25,4.66,-0.01,10,4660,卖盘
738,14:22:28,4.66,0.0,58,27028,卖盘
739,14:22:34,4.65,-0.01,9,4185,卖盘
740,14:23:01,4.65,0.0,140,65100,卖盘
741,14:23:09,4.65,0.0,34,15810,卖盘
742,14:23:25,4.65,0.0,15,6975,卖盘
743,14:23:36,4.66,0.01,132,61382,买盘
744,14:24:01,4.65,-0.01,49,22787,卖盘
745,14:24:15,4.65,0.0,2,930,买盘
746,14:24:21,4.65,0.0,102,47430,买盘
747,14:24:37,4.65,0.0,42,19530,买盘
748,14:24:49,4.65,0.0,17,7905,买盘
749,14:24:58,4.64,-0.01,30,13920,卖盘
750,14:25:00,4.65,0.01,18,8370,买盘
751,14:25:09,4.65,0.0,400,186000,买盘
752,14:25:16,4.65,0.0,1,465,买盘
753,14:25:22,4.65,0.0,219,101835,买盘
754,14:25:28,4.65,0.0,11,5115,买盘
755,14:25:31,4.65,0.0,200,93000,买盘
756,14:25:42,4.65,0.0,1,465,卖盘
757,14:25:49,4.65,0.0,17,7905,卖盘
758,14:25:58,4.65,0.0,5,2325,卖盘
759,14:26:01,4.65,0.0,159,73935,卖盘
760,14:26:16,4.65,0.0,3,1395,买盘
761,14:26:31,4.64,-0.01,5,2320,卖盘
762,14:27:15,4.65,0.01,2,930,买盘
763,14:27:18,4.65,0.0,334,155310,买盘
764,14:27:28,4.65,0.0,55,25575,卖盘
765,14:27:51,4.65,0.0,100,46500,买盘
766,14:28:10,4.64,-0.01,26,12064,卖盘
767,14:28:40,4.65,0.01,21,9765,买盘
768,14:28:49,4.65,0.0,50,23250,买盘
769,14:29:28,4.64,-0.01,9,4176,卖盘
770,14:30:10,4.64,0.0,267,123888,卖盘
771,14:30:40,4.64,0.0,129,59856,卖盘
772,14:30:46,4.64,0.0,46,21344,买盘
773,14:30:49,4.63,-0.01,5,2315,卖盘
774,14:30:52,4.63,0.0,41,18983,卖盘
775,14:31:01,4.63,0.0,59,27317,卖盘
776,14:31:07,4.63,0.0,225,104175,卖盘
777,14:31:13,4.62,-0.01,30,13860,卖盘
778,14:31:25,4.63,0.01,20,9260,买盘
779,14:31:31,4.62,-0.01,48,22176,卖盘
780,14:31:34,4.62,0.0,30,13860,卖盘
781,14:31:37,4.62,0.0,38,17556,卖盘
782,14:31:40,4.63,0.01,16,7407,买盘
783,14:31:43,4.62,-0.01,4,1848,卖盘
784,14:31:46,4.62,0.0,80,36960,卖盘
785,14:31:52,4.62,0.0,1,462,卖盘
786,14:31:55,4.62,0.0,20,9240,卖盘
787,14:32:31,4.63,0.01,10,4630,买盘
788,14:32:34,4.62,-0.01,111,51282,卖盘
789,14:32:39,4.61,-0.01,1,461,卖盘
790,14:32:55,4.62,0.01,43,19866,买盘
791,14:33:10,4.62,0.0,86,39656,买盘
792,14:33:37,4.62,0.0,17,7854,买盘
793,14:33:40,4.62,0.0,8,3696,买盘
794,14:33:43,4.61,-0.01,20,9220,卖盘
795,14:33:49,4.61,0.0,36,16596,卖盘
796,14:33:52,4.61,0.0,73,33653,卖盘
797,14:34:04,4.62,0.01,1,462,买盘
798,14:34:09,4.61,-0.01,100,46100,卖盘
799,14:34:12,4.62,0.01,50,23100,买盘
800,14:34:52,4.61,-0.01,468,215748,卖盘
801,14:34:58,4.6,-0.01,56,25780,卖盘
802,14:35:01,4.6,0.0,7,3220,卖盘
803,14:35:04,4.6,0.0,9,4140,卖盘
804,14:35:07,4.6,0.0,7,3220,卖盘
805,14:35:10,4.6,0.0,13,5980,卖盘
806,14:35:13,4.6,0.0,163,74980,卖盘
807,14:35:16,4.6,0.0,110,50700,卖盘
808,14:35:22,4.6,0.0,26,11960,卖盘
809,14:35:27,4.6,0.0,1,460,卖盘
810,14:35:40,4.61,0.01,5,2305,买盘
811,14:35:43,4.6,-0.01,50,23000,卖盘
812,14:35:52,4.6,0.0,18,8280,卖盘
813,14:35:55,4.6,0.0,6,2760,卖盘
814,14:36:10,4.6,0.0,26,11960,卖盘
815,14:36:16,4.6,0.0,20,9200,卖盘
816,14:36:22,4.61,0.01,216,99576,买盘
817,14:36:28,4.61,0.0,2,922,买盘
818,14:36:46,4.62,0.01,50,23100,买盘
819,14:36:52,4.62,0.0,200,92400,买盘
820,14:36:58,4.61,-0.01,13,5993,卖盘
821,14:37:01,4.62,0.01,14,6468,买盘
822,14:37:04,4.62,0.0,135,62370,买盘
823,14:37:34,4.62,0.0,97,44814,卖盘
824,14:37:37,4.63,0.01,150,69450,买盘
825,14:38:16,4.64,0.01,91,42224,买盘
826,14:38:31,4.64,0.0,407,188848,买盘
827,14:38:34,4.63,-0.01,100,46362,卖盘
828,14:38:49,4.65,0.02,10,4650,买盘
829,14:38:52,4.65,0.0,100,46500,买盘
830,14:39:13,4.65,0.0,50,23250,买盘
831,14:39:22,4.65,0.0,247,114855,买盘
832,14:39:33,4.65,0.0,50,23250,买盘
833,14:39:40,4.64,-0.01,14,6496,买盘
834,14:39:52,4.64,0.0,36,16704,买盘
835,14:39:58,4.64,0.0,30,13920,买盘
836,14:40:01,4.65,0.01,15,6975,买盘
837,14:40:04,4.63,-0.02,52,24084,卖盘
838,14:40:33,4.64,0.01,1,464,卖盘
839,14:40:36,4.64,0.0,1,464,卖盘
840,14:40:40,4.64,0.0,21,9744,卖盘
841,14:40:52,4.64,0.0,22,10208,买盘
842,14:41:04,4.64,0.0,45,20880,卖盘
843,14:41:31,4.64,0.0,49,22736,买盘
844,14:41:40,4.64,0.0,18,8352,卖盘
845,14:43:04,4.62,-0.02,791,365676,卖盘
846,14:43:25,4.62,0.0,9,4158,买盘
847,14:43:40,4.61,-0.01,20,9221,卖盘
848,14:43:51,4.64,0.03,5,2320,买盘
849,14:44:06,4.63,-0.01,1,463,卖盘
850,14:44:10,4.63,0.0,19,8797,卖盘
851,14:44:25,4.62,-0.01,129,59598,卖盘
852,14:44:28,4.61,-0.01,15,6915,卖盘
853,14:45:07,4.62,0.01,101,46662,买盘
854,14:45:19,4.62,0.0,20,9240,买盘
855,14:45:21,4.62,0.0,10,4620,买盘
856,14:45:25,4.61,-0.01,2,922,卖盘
857,14:45:28,4.62,0.01,140,64680,买盘
858,14:45:31,4.62,0.0,88,40656,买盘
859,14:45:34,4.62,0.0,22,10164,买盘
860,14:45:37,4.61,-0.01,235,108469,卖盘
861,14:45:46,4.61,0.0,45,20745,卖盘
862,14:45:49,4.63,0.02,55,25465,买盘
863,14:45:55,4.63,0.0,1,463,卖盘
864,14:46:01,4.64,0.01,11,5103,买盘
865,14:46:04,4.63,-0.01,28,12964,卖盘
866,14:46:13,4.62,-0.01,3,1386,卖盘
867,14:46:16,4.62,0.0,3,1386,卖盘
868,14:46:18,4.62,0.0,24,11088,卖盘
869,14:46:21,4.61,-0.01,6,2766,卖盘
870,14:46:24,4.61,0.0,204,94246,卖盘
871,14:46:28,4.61,0.0,16,7376,卖盘
872,14:46:31,4.61,0.0,11,5071,卖盘
873,14:46:34,4.61,0.0,7,3227,卖盘
874,14:46:37,4.61,0.0,12,5532,卖盘
875,14:46:40,4.61,0.0,7,3227,卖盘
876,14:46:43,4.61,0.0,8,3688,卖盘
877,14:46:46,4.61,0.0,10,4610,卖盘
878,14:46:49,4.61,0.0,11,5071,卖盘
879,14:46:52,4.6,-0.01,695,319772,卖盘
880,14:46:58,4.59,-0.01,19,8721,卖盘
881,14:47:01,4.59,0.0,102,46906,卖盘
882,14:47:04,4.59,0.0,31,14249,卖盘
883,14:47:06,4.6,0.01,13,5977,买盘
884,14:47:10,4.59,-0.01,2,918,卖盘
885,14:47:13,4.6,0.01,28,12880,买盘
886,14:47:19,4.6,0.0,1,460,卖盘
887,14:47:22,4.6,0.0,6,2760,卖盘
888,14:47:25,4.6,0.0,30,13800,卖盘
889,14:47:31,4.6,0.0,1,460,卖盘
890,14:47:34,4.6,0.0,1,460,卖盘
891,14:47:37,4.6,0.0,11,5060,卖盘
892,14:47:40,4.6,0.0,1,460,卖盘
893,14:47:43,4.61,0.01,49,22585,买盘
894,14:47:46,4.6,-0.01,4,1840,卖盘
895,14:47:52,4.6,0.0,1,460,卖盘
896,14:47:58,4.6,0.0,1,460,卖盘
897,14:48:04,4.61,0.01,86,39645,买盘
898,14:48:07,4.6,-0.01,1,460,卖盘
899,14:48:40,4.61,0.01,10,4610,买盘
900,14:48:55,4.6,-0.01,30,13800,卖盘
901,14:48:58,4.6,0.0,127,58420,卖盘
902,14:49:01,4.6,0.0,2,920,买盘
903,14:49:04,4.6,0.0,23,10580,买盘
904,14:49:07,4.61,0.01,167,76886,买盘
905,14:49:10,4.61,0.0,18,8298,卖盘
906,14:49:13,4.59,-0.02,567,261070,卖盘
907,14:49:19,4.59,0.0,2,918,卖盘
908,14:49:22,4.6,0.01,4,1839,中性盘
909,14:49:25,4.6,0.0,12,5520,卖盘
910,14:49:28,4.6,0.0,14,6440,卖盘
911,14:49:31,4.6,0.0,21,9650,卖盘
912,14:49:34,4.6,0.0,6,2760,卖盘
913,14:49:37,4.59,-0.01,6,2756,卖盘
914,14:49:40,4.59,0.0,6,2754,卖盘
915,14:49:42,4.6,0.01,36,16560,买盘
916,14:49:49,4.6,0.0,6,2760,卖盘
917,14:49:54,4.6,0.0,1,460,卖盘
918,14:49:58,4.6,0.0,3,1380,卖盘
919,14:50:01,4.6,0.0,2,920,卖盘
920,14:50:04,4.6,0.0,5,2300,卖盘
921,14:50:06,4.6,0.0,41,18860,卖盘
922,14:50:10,4.6,0.0,10,4600,卖盘
923,14:50:13,4.6,0.0,10,4600,卖盘
924,14:50:16,4.6,0.0,21,9660,卖盘
925,14:50:19,4.6,0.0,13,5980,卖盘
926,14:50:22,4.6,0.0,14,6440,卖盘
927,14:50:25,4.6,0.0,32,14720,卖盘
928,14:50:27,4.6,0.0,11,5060,卖盘
929,14:50:30,4.6,0.0,10,4600,卖盘
930,14:50:33,4.6,0.0,8,3680,卖盘
931,14:50:37,4.6,0.0,12,5520,卖盘
932,14:50:40,4.6,0.0,35,16100,卖盘
933,14:50:43,4.6,0.0,1,460,卖盘
934,14:50:49,4.59,-0.01,3,1377,卖盘
935,14:50:55,4.61,0.02,45,20736,买盘
936,14:50:58,4.61,0.0,78,35958,卖盘
937,14:51:01,4.61,0.0,32,14752,卖盘
938,14:51:04,4.61,0.0,353,162733,卖盘
939,14:51:07,4.6,-0.01,15,6900,卖盘
940,14:51:10,4.59,-0.01,60,27547,卖盘
941,14:51:13,4.59,0.0,43,19737,卖盘
942,14:51:16,4.59,0.0,44,20196,卖盘
943,14:51:19,4.59,0.0,46,21114,卖盘
944,14:51:22,4.6,0.01,55,25261,中性盘
945,14:51:25,4.58,-0.02,263,120734,卖盘
946,14:51:28,4.58,0.0,40,18320,卖盘
947,14:51:31,4.58,0.0,64,29312,卖盘
948,14:51:34,4.58,0.0,47,21526,卖盘
949,14:51:37,4.58,0.0,39,17862,卖盘
950,14:51:39,4.58,0.0,41,18778,卖盘
951,14:51:43,4.58,0.0,43,19694,卖盘
952,14:51:46,4.58,0.0,46,21068,卖盘
953,14:51:49,4.59,0.01,38,17442,卖盘
954,14:51:52,4.58,-0.01,60,27534,卖盘
955,14:51:55,4.57,-0.01,71,32478,卖盘
956,14:51:58,4.57,0.0,125,57491,卖盘
957,14:52:01,4.57,0.0,57,26052,卖盘
958,14:52:06,4.58,0.01,24,10992,卖盘
959,14:52:10,4.58,0.0,10,4580,卖盘
960,14:52:13,4.58,0.0,9,4122,卖盘
961,14:52:16,4.58,0.0,35,16030,卖盘
962,14:52:19,4.58,0.0,116,53128,卖盘
963,14:52:22,4.58,0.0,71,32518,卖盘
964,14:52:25,4.58,0.0,63,28841,买盘
965,14:52:28,4.57,-0.01,39,17823,卖盘
966,14:52:31,4.58,0.01,60,27421,买盘
967,14:52:33,4.57,-0.01,48,21936,卖盘
968,14:52:37,4.57,0.0,46,21022,卖盘
969,14:52:40,4.58,0.01,94,43013,买盘
970,14:52:43,4.58,0.0,39,17825,买盘
971,14:52:46,4.57,-0.01,20,9140,卖盘
972,14:52:49,4.58,0.01,87,39846,买盘
973,14:52:58,4.58,0.0,43,19694,买盘
974,14:53:01,4.58,0.0,2,916,买盘
975,14:53:13,4.58,0.0,73,33434,买盘
976,14:53:16,4.57,-0.01,50,22881,卖盘
977,14:53:28,4.58,0.01,451,206558,卖盘
978,14:53:46,4.57,-0.01,46,21022,卖盘
979,14:53:55,4.57,0.0,272,124322,卖盘
980,14:54:04,4.57,0.0,10,4570,买盘
981,14:54:07,4.57,0.0,28,12796,买盘
982,14:54:10,4.56,-0.01,14,6384,卖盘
983,14:54:12,4.57,0.01,30,13710,买盘
984,14:54:22,4.57,0.0,30,13710,买盘
985,14:54:28,4.57,0.0,161,73559,买盘
986,14:54:37,4.58,0.01,15,6870,买盘
987,14:54:39,4.58,0.0,105,47990,买盘
988,14:54:43,4.58,0.0,109,49922,买盘
989,14:54:46,4.57,-0.01,44,20150,卖盘
990,14:54:52,4.58,0.01,20,9160,买盘
991,14:54:55,4.58,0.0,178,81524,买盘
992,14:54:58,4.57,-0.01,80,36590,卖盘
993,14:55:04,4.57,0.0,7,3199,卖盘
994,14:55:13,4.58,0.01,40,18320,买盘
995,14:55:22,4.57,-0.01,20,9140,卖盘
996,14:55:27,4.57,0.0,66,30180,卖盘
997,14:55:31,4.57,0.0,6,2742,买盘
998,14:55:36,4.56,-0.01,22,10069,卖盘
999,14:55:40,4.56,0.0,204,93024,卖盘
1000,14:55:43,4.56,0.0,40,18240,买盘
1001,14:55:52,4.56,0.0,3,1368,买盘
1002,14:55:55,4.56,0.0,19,8664,买盘
1003,14:55:58,4.56,0.0,10,4560,买盘
1004,14:56:10,4.56,0.0,50,22800,买盘
1005,14:56:13,4.55,-0.01,38,17290,卖盘
1006,14:56:16,4.56,0.01,21,9576,买盘
1007,14:56:19,4.55,-0.01,100,45500,卖盘
1008,14:56:25,4.55,0.0,300,136799,卖盘
1009,14:56:28,4.56,0.01,63,28728,买盘
1010,14:56:31,4.52,-0.04,533,242265,卖盘
1011,14:56:34,4.55,0.03,100,45500,买盘
1012,14:56:43,4.55,0.0,57,25935,买盘
1013,14:56:46,4.54,-0.01,2,908,买盘
1014,14:57:01,4.54,0.0,20,9080,买盘
1015,15:00:04,4.54,0.0,1138,516652,卖盘
