,time,price,change,volume,amount,type
0,09:25:04,6.65,-0.07,604,401660,卖盘
1,09:30:04,6.65,0.0,230,153150,买盘
2,09:30:07,6.65,0.0,34,22620,卖盘
3,09:30:09,6.65,0.0,47,31255,卖盘
4,09:30:22,6.65,0.0,29,19285,卖盘
5,09:30:25,6.65,0.0,50,33250,卖盘
6,09:30:40,6.65,0.0,7,4655,卖盘
7,09:30:43,6.66,0.01,20,13320,买盘
8,09:30:46,6.67,0.01,3,2001,买盘
9,09:31:00,6.67,0.0,20,13340,买盘
10,09:31:07,6.67,0.0,68,45356,买盘
11,09:31:10,6.66,-0.01,51,33966,卖盘
12,09:31:16,6.67,0.01,54,36018,买盘
13,09:31:25,6.67,0.0,15,10005,卖盘
14,09:31:28,6.67,0.0,66,44080,卖盘
15,09:31:37,6.67,0.0,79,52693,卖盘
16,09:31:52,6.67,0.0,9,6003,买盘
17,09:31:55,6.66,-0.01,50,33300,卖盘
18,09:32:01,6.65,-0.01,53,35245,卖盘
19,09:32:04,6.65,0.0,155,103145,卖盘
20,09:32:06,6.65,0.0,3,1995,买盘
21,09:32:13,6.65,0.0,15,9975,买盘
22,09:32:18,6.66,0.01,84,55870,买盘
23,09:32:22,6.66,0.0,15,9990,买盘
24,09:32:25,6.66,0.0,8,5328,卖盘
25,09:32:34,6.66,0.0,5,3330,卖盘
26,09:32:36,6.67,0.01,30,20007,买盘
27,09:32:39,6.67,0.0,40,26680,买盘
28,09:33:04,6.67,0.0,83,55329,买盘
29,09:33:16,6.67,0.0,130,86710,买盘
30,09:33:19,6.67,0.0,6,4002,买盘
31,09:33:24,6.67,0.0,15,10005,买盘
32,09:33:30,6.68,0.01,46,30717,买盘
33,09:33:34,6.67,-0.01,45,30015,卖盘
34,09:33:39,6.67,0.0,33,22011,买盘
35,09:33:49,6.67,0.0,5,3335,卖盘
36,09:34:01,6.67,0.0,115,76705,卖盘
37,09:34:07,6.67,0.0,95,63365,卖盘
38,09:34:10,6.67,0.0,14,9338,卖盘
39,09:34:25,6.66,-0.01,20,13320,卖盘
40,09:34:30,6.67,0.01,10,6670,买盘
41,09:34:40,6.66,-0.01,100,66600,卖盘
42,09:34:49,6.66,0.0,123,81918,卖盘
43,09:35:00,6.65,-0.01,83,55245,卖盘
44,09:35:07,6.65,0.0,50,33250,卖盘
45,09:35:16,6.66,0.01,180,119880,买盘
46,09:35:22,6.66,0.0,19,12654,卖盘
47,09:35:31,6.66,0.0,30,19980,卖盘
48,09:35:34,6.66,0.0,80,53280,卖盘
49,09:35:51,6.67,0.01,16,10672,买盘
50,09:35:58,6.67,0.0,50,33350,买盘
51,09:36:03,6.66,-0.01,1,666,卖盘
52,09:36:07,6.67,0.01,5,3335,买盘
53,09:36:10,6.67,0.0,57,38019,买盘
54,09:36:22,6.67,0.0,102,68034,卖盘
55,09:36:27,6.67,0.0,119,79321,买盘
56,09:36:30,6.67,0.0,48,32016,买盘
57,09:36:34,6.67,0.0,140,93352,买盘
58,09:36:37,6.67,0.0,3,2001,买盘
59,09:36:40,6.67,0.0,42,28014,买盘
60,09:36:46,6.67,0.0,17,11339,买盘
61,09:36:48,6.67,0.0,13,8671,买盘
62,09:36:52,6.67,0.0,10,6670,买盘
63,09:36:58,6.68,0.01,100,66785,买盘
64,09:37:06,6.67,-0.01,4,2668,卖盘
65,09:37:10,6.68,0.01,24,16032,买盘
66,09:37:39,6.67,-0.01,8,5336,卖盘
67,09:37:43,6.67,0.0,100,66700,卖盘
68,09:37:48,6.67,0.0,20,13340,卖盘
69,09:37:58,6.68,0.01,107,71476,买盘
70,09:38:04,6.67,-0.01,27,18009,卖盘
71,09:38:06,6.67,0.0,36,24021,卖盘
72,09:38:10,6.68,0.01,14,9352,买盘
73,09:38:31,6.68,0.0,30,20038,买盘
74,09:38:34,6.68,0.0,17,11356,卖盘
75,09:38:43,6.67,-0.01,1,667,卖盘
76,09:38:48,6.67,0.0,50,33350,卖盘
77,09:38:51,6.67,0.0,176,117392,卖盘
78,09:38:55,6.67,0.0,73,48691,买盘
79,09:39:01,6.67,0.0,10,6670,买盘
80,09:39:04,6.66,-0.01,20,13320,卖盘
81,09:39:06,6.66,0.0,117,77922,卖盘
82,09:39:10,6.66,0.0,10,6660,卖盘
83,09:39:21,6.66,0.0,22,14652,卖盘
84,09:39:30,6.67,0.01,108,72009,买盘
85,09:39:33,6.67,0.0,10,6670,买盘
86,09:39:36,6.66,-0.01,2,1332,卖盘
87,09:39:40,6.66,0.0,1,666,卖盘
88,09:39:43,6.68,0.02,77,51410,买盘
89,09:39:55,6.67,-0.01,3,2001,卖盘
90,09:40:10,6.66,-0.01,22,14673,卖盘
91,09:40:13,6.67,0.01,3,2001,买盘
92,09:40:15,6.67,0.0,5,3335,买盘
93,09:40:21,6.67,0.0,110,73290,买盘
94,09:40:28,6.66,-0.01,1,666,卖盘
95,09:40:34,6.67,0.01,4,2668,买盘
96,09:40:37,6.66,-0.01,8,5328,卖盘
97,09:40:43,6.67,0.01,8,5336,买盘
98,09:41:04,6.67,0.0,38,25319,买盘
99,09:41:06,6.66,-0.01,1,666,卖盘
100,09:41:15,6.66,0.0,50,33300,卖盘
101,09:41:36,6.67,0.01,10,6670,买盘
102,09:41:57,6.67,0.0,30,20010,买盘
103,09:42:01,6.66,-0.01,27,18002,卖盘
104,09:42:13,6.66,0.0,150,99900,卖盘
105,09:42:16,6.66,0.0,24,15985,卖盘
106,09:42:18,6.67,0.01,27,18009,买盘
107,09:42:34,6.66,-0.01,29,19314,卖盘
108,09:42:37,6.67,0.01,31,20677,买盘
109,09:42:45,6.66,-0.01,31,20979,卖盘
110,09:42:52,6.66,0.0,23,15318,卖盘
111,09:42:57,6.67,0.01,36,24012,买盘
112,09:43:04,6.67,0.0,57,38019,买盘
113,09:43:07,6.67,0.0,29,19343,卖盘
114,09:43:12,6.66,-0.01,1,666,卖盘
115,09:43:15,6.66,0.0,181,120546,卖盘
116,09:43:21,6.66,0.0,170,113220,卖盘
117,09:43:30,6.66,0.0,140,93240,卖盘
118,09:43:33,6.66,0.0,141,93906,卖盘
119,09:43:37,6.66,0.0,69,45621,卖盘
120,09:43:40,6.66,0.0,4,2664,买盘
121,09:43:48,6.65,-0.01,5,3325,卖盘
122,09:43:51,6.65,0.0,43,28595,卖盘
123,09:43:54,6.65,0.0,44,29260,卖盘
124,09:44:00,6.65,0.0,48,31920,卖盘
125,09:44:04,6.65,0.0,161,107065,卖盘
126,09:44:16,6.65,0.0,38,25270,卖盘
127,09:44:18,6.65,0.0,42,27930,卖盘
128,09:44:31,6.64,-0.01,13,8632,卖盘
129,09:44:37,6.64,0.0,30,19920,卖盘
130,09:44:40,6.64,0.0,4,2656,卖盘
131,09:44:46,6.64,0.0,65,43160,卖盘
132,09:44:48,6.64,0.0,40,26560,卖盘
133,09:44:58,6.64,0.0,35,23240,卖盘
134,09:45:01,6.63,-0.01,362,240039,卖盘
135,09:45:04,6.62,-0.01,7,4634,卖盘
136,09:45:07,6.63,0.01,5,3315,买盘
137,09:45:13,6.63,0.0,29,19218,买盘
138,09:45:16,6.62,-0.01,164,108568,卖盘
139,09:45:19,6.61,-0.01,52,34379,卖盘
140,09:45:22,6.62,0.01,110,72820,买盘
141,09:45:25,6.62,0.0,90,59580,买盘
142,09:45:28,6.61,-0.01,119,78728,卖盘
143,09:45:30,6.62,0.01,10,6620,买盘
144,09:45:34,6.62,0.0,230,152033,买盘
145,09:45:37,6.62,0.0,66,43681,买盘
146,09:45:40,6.62,0.0,45,29790,卖盘
147,09:45:43,6.62,0.0,2,1324,卖盘
148,09:45:52,6.61,-0.01,43,28431,卖盘
149,09:45:58,6.62,0.01,20,13240,卖盘
150,09:46:01,6.62,0.0,13,8606,卖盘
151,09:46:04,6.62,0.0,60,39720,卖盘
152,09:46:06,6.62,0.0,76,50312,卖盘
153,09:46:13,6.62,0.0,1,662,买盘
154,09:46:16,6.62,0.0,2,1324,买盘
155,09:46:24,6.62,0.0,99,65538,卖盘
156,09:46:28,6.62,0.0,65,43029,卖盘
157,09:46:34,6.62,0.0,15,9930,卖盘
158,09:47:00,6.64,0.02,10,6640,买盘
159,09:47:03,6.63,-0.01,47,31181,卖盘
160,09:47:16,6.64,0.01,1,664,买盘
161,09:47:19,6.63,-0.01,30,19910,卖盘
162,09:47:34,6.64,0.01,5,3320,买盘
163,09:47:40,6.64,0.0,38,25201,买盘
164,09:47:51,6.64,0.0,13,8632,卖盘
165,09:47:58,6.65,0.01,74,49210,买盘
166,09:48:04,6.64,-0.01,7,4648,卖盘
167,09:48:09,6.64,0.0,1,664,卖盘
168,09:48:18,6.65,0.01,2,1330,买盘
169,09:48:21,6.64,-0.01,9,5976,卖盘
170,09:48:28,6.64,0.0,4,2656,卖盘
171,09:48:34,6.64,0.0,28,18592,卖盘
172,09:48:40,6.64,0.0,25,16620,卖盘
173,09:48:49,6.64,0.0,102,67750,卖盘
174,09:49:00,6.64,0.0,50,33200,买盘
175,09:49:04,6.64,0.0,13,8632,买盘
176,09:49:25,6.63,-0.01,51,33860,卖盘
177,09:49:34,6.64,0.01,56,37156,买盘
178,09:49:42,6.64,0.0,3,1992,卖盘
179,09:49:46,6.64,0.0,2,1328,卖盘
180,09:49:48,6.65,0.01,45,29925,买盘
181,09:50:01,6.65,0.0,1,665,买盘
182,09:50:04,6.64,-0.01,30,19920,卖盘
183,09:50:16,6.65,0.01,79,52535,买盘
184,09:50:25,6.65,0.0,31,20642,卖盘
185,09:50:34,6.65,0.0,27,17955,卖盘
186,09:50:46,6.64,-0.01,26,17264,卖盘
187,09:50:54,6.65,0.01,22,14630,买盘
188,09:50:58,6.64,-0.01,30,19920,卖盘
189,09:51:04,6.64,0.0,8,5312,卖盘
190,09:51:12,6.64,0.0,11,7304,卖盘
191,09:51:31,6.64,0.0,27,17928,卖盘
192,09:51:37,6.65,0.01,38,25270,买盘
193,09:51:42,6.65,0.0,12,7980,买盘
194,09:51:45,6.64,-0.01,100,66400,卖盘
195,09:51:51,6.64,0.0,2,1328,卖盘
196,09:51:54,6.64,0.0,5,3320,卖盘
197,09:52:07,6.65,0.01,5,3325,买盘
198,09:52:34,6.64,-0.01,7,4648,卖盘
199,09:52:58,6.64,0.0,11,7304,卖盘
200,09:53:04,6.64,0.0,27,17928,卖盘
201,09:53:21,6.65,0.01,162,107730,买盘
202,09:54:03,6.65,0.0,8,5320,卖盘
203,09:54:16,6.65,0.0,44,29260,卖盘
204,09:54:19,6.65,0.0,6,3990,卖盘
205,09:54:22,6.65,0.0,44,29260,卖盘
206,09:54:25,6.66,0.01,12,7992,买盘
207,09:54:30,6.65,-0.01,10,6650,卖盘
208,09:54:33,6.65,0.0,28,18620,卖盘
209,09:54:37,6.65,0.0,3,1995,卖盘
210,09:54:43,6.65,0.0,30,19950,卖盘
211,09:54:46,6.65,0.0,60,39900,卖盘
212,09:54:48,6.66,0.01,2,1332,买盘
213,09:55:06,6.66,0.0,79,52614,买盘
214,09:55:33,6.66,0.0,12,7985,买盘
215,09:56:03,6.66,0.0,5,3330,买盘
216,09:56:07,6.65,-0.01,27,17955,卖盘
217,09:56:15,6.65,0.0,30,19950,卖盘
218,09:56:25,6.65,0.0,131,87231,卖盘
219,09:56:48,6.66,0.01,19,12654,买盘
220,09:57:07,6.66,0.0,2,1332,买盘
221,09:57:12,6.65,-0.01,8,5320,卖盘
222,09:57:18,6.65,0.0,8,5320,卖盘
223,09:57:34,6.65,0.0,32,21280,卖盘
224,09:57:37,6.65,0.0,3,1995,卖盘
225,09:57:58,6.65,0.0,10,6650,卖盘
226,09:58:25,6.66,0.01,2,1332,买盘
227,09:58:36,6.66,0.0,8,5321,买盘
228,09:58:49,6.65,-0.01,10,6650,卖盘
229,09:59:07,6.64,-0.01,27,17928,卖盘
230,09:59:13,6.64,0.0,65,43160,卖盘
231,09:59:42,6.65,0.01,3,1995,买盘
232,09:59:45,6.64,-0.01,161,106904,卖盘
233,09:59:58,6.64,0.0,15,9960,卖盘
234,10:00:01,6.64,0.0,109,72376,卖盘
235,10:00:04,6.64,0.0,5,3320,买盘
236,10:00:07,6.63,-0.01,8,5304,卖盘
237,10:00:10,6.64,0.01,20,13280,买盘
238,10:00:13,6.63,-0.01,33,21889,卖盘
239,10:00:34,6.63,0.0,28,18564,卖盘
240,10:00:39,6.63,0.0,3,1989,卖盘
241,10:00:42,6.63,0.0,106,70278,卖盘
242,10:00:48,6.63,0.0,20,13260,卖盘
243,10:00:52,6.63,0.0,12,7956,卖盘
244,10:00:58,6.63,0.0,20,13260,卖盘
245,10:01:09,6.64,0.01,25,16600,买盘
246,10:01:13,6.63,-0.01,66,43758,卖盘
247,10:01:28,6.62,-0.01,111,73482,卖盘
248,10:01:31,6.63,0.01,100,66300,买盘
249,10:01:37,6.62,-0.01,7,4634,卖盘
250,10:02:01,6.62,0.0,30,19860,卖盘
251,10:02:04,6.62,0.0,127,84174,卖盘
252,10:02:24,6.63,0.01,71,47418,买盘
253,10:02:31,6.63,0.0,8,5304,卖盘
254,10:02:34,6.63,0.0,71,46728,卖盘
255,10:02:46,6.63,0.0,10,6630,买盘
256,10:02:48,6.63,0.0,12,7956,买盘
257,10:02:55,6.63,0.0,47,31506,买盘
258,10:03:04,6.63,0.0,8,5304,卖盘
259,10:03:18,6.63,0.0,48,31824,卖盘
260,10:03:21,6.64,0.01,22,14608,买盘
261,10:03:28,6.64,0.0,2,1328,买盘
262,10:03:37,6.64,0.0,1,664,买盘
263,10:03:39,6.63,-0.01,27,17901,卖盘
264,10:03:58,6.63,0.0,10,6630,卖盘
265,10:04:04,6.64,0.01,15,9960,买盘
266,10:04:07,6.64,0.0,8,5312,买盘
267,10:04:34,6.63,-0.01,7,4641,卖盘
268,10:04:49,6.65,0.02,473,314365,买盘
269,10:05:01,6.65,0.0,20,13300,卖盘
270,10:05:04,6.65,0.0,15,9975,卖盘
271,10:05:24,6.66,0.01,30,19980,买盘
272,10:05:27,6.65,-0.01,10,6650,卖盘
273,10:05:36,6.66,0.01,8,5328,买盘
274,10:06:00,6.65,-0.01,10,6650,卖盘
275,10:06:04,6.65,0.0,8,5320,卖盘
276,10:06:34,6.65,0.0,16,10640,卖盘
277,10:06:37,6.65,0.0,65,43225,卖盘
278,10:06:49,6.65,0.0,7,4655,卖盘
279,10:07:03,6.64,-0.01,10,6640,卖盘
280,10:07:21,6.64,0.0,53,35192,卖盘
281,10:07:25,6.64,0.0,11,7304,卖盘
282,10:07:28,6.64,0.0,35,23240,卖盘
283,10:07:36,6.63,-0.01,8,5304,卖盘
284,10:07:48,6.63,0.0,15,9945,卖盘
285,10:07:51,6.64,0.01,6,3984,买盘
286,10:08:16,6.64,0.0,11,7304,买盘
287,10:08:25,6.63,-0.01,52,34476,卖盘
288,10:08:28,6.64,0.01,121,80225,买盘
289,10:08:31,6.63,-0.01,10,6630,卖盘
290,10:08:34,6.63,0.0,20,13260,卖盘
291,10:08:45,6.63,0.0,20,13260,卖盘
292,10:08:51,6.63,0.0,10,6630,卖盘
293,10:08:58,6.63,0.0,1,663,卖盘
294,10:09:00,6.63,0.0,20,13260,卖盘
295,10:09:04,6.63,0.0,7,4641,卖盘
296,10:09:27,6.63,0.0,50,33150,卖盘
297,10:09:30,6.63,0.0,2,1326,卖盘
298,10:09:39,6.63,0.0,20,13260,卖盘
299,10:09:45,6.63,0.0,205,135920,卖盘
300,10:09:51,6.63,0.0,2,1326,卖盘
301,10:09:58,6.63,0.0,4,2652,卖盘
302,10:10:01,6.63,0.0,1,663,卖盘
303,10:10:04,6.63,0.0,5,3315,卖盘
304,10:10:15,6.64,0.01,30,19920,买盘
305,10:10:31,6.63,-0.01,9,5967,卖盘
306,10:10:39,6.64,0.01,5,3320,买盘
307,10:11:27,6.64,0.0,274,181936,买盘
308,10:11:31,6.64,0.0,30,19920,卖盘
309,10:11:43,6.65,0.01,234,155610,买盘
310,10:12:10,6.65,0.0,20,13300,卖盘
311,10:12:22,6.66,0.01,15,9990,买盘
312,10:12:46,6.66,0.0,50,33300,买盘
313,10:12:55,6.66,0.0,17,11321,买盘
314,10:13:10,6.65,-0.01,60,39900,卖盘
315,10:13:13,6.66,0.01,35,23306,买盘
316,10:13:16,6.66,0.0,30,19980,买盘
317,10:13:25,6.66,0.0,40,26640,买盘
318,10:13:31,6.65,-0.01,28,18620,卖盘
319,10:13:33,6.66,0.01,172,114552,买盘
320,10:13:46,6.65,-0.01,60,39900,卖盘
321,10:14:04,6.65,0.0,5,3325,卖盘
322,10:14:07,6.65,0.0,30,19950,卖盘
323,10:14:16,6.66,0.01,99,65934,买盘
324,10:14:19,6.66,0.0,22,14652,卖盘
325,10:14:25,6.66,0.0,1,666,卖盘
326,10:14:27,6.67,0.01,126,84042,买盘
327,10:14:30,6.66,-0.01,2,1332,卖盘
328,10:14:36,6.67,0.01,38,25346,买盘
329,10:14:40,6.67,0.0,17,11339,买盘
330,10:14:43,6.67,0.0,20,13340,买盘
331,10:14:49,6.67,0.0,40,26680,买盘
332,10:14:51,6.67,0.0,39,26013,买盘
333,10:14:55,6.66,-0.01,1,666,卖盘
334,10:14:58,6.67,0.01,23,15341,买盘
335,10:15:04,6.67,0.0,10,6670,买盘
336,10:15:19,6.67,0.0,23,15338,买盘
337,10:15:22,6.67,0.0,6,4002,买盘
338,10:15:25,6.67,0.0,4,2668,买盘
339,10:15:31,6.67,0.0,4,2668,买盘
340,10:15:34,6.66,-0.01,26,17316,卖盘
341,10:15:48,6.66,0.0,1,666,卖盘
342,10:15:51,6.66,0.0,1,666,卖盘
343,10:16:09,6.66,0.0,86,57276,卖盘
344,10:16:12,6.66,0.0,35,23310,卖盘
345,10:16:24,6.66,0.0,11,7336,卖盘
346,10:16:27,6.66,0.0,30,19980,卖盘
347,10:16:36,6.66,0.0,20,13320,卖盘
348,10:16:40,6.66,0.0,339,225774,卖盘
349,10:16:49,6.65,-0.01,1,665,卖盘
350,10:16:55,6.65,0.0,10,6650,卖盘
351,10:17:03,6.66,0.01,63,41958,买盘
352,10:17:06,6.65,-0.01,45,29925,卖盘
353,10:17:19,6.65,0.0,4,2660,卖盘
354,10:17:46,6.65,0.0,15,9985,卖盘
355,10:17:52,6.66,0.01,97,64600,买盘
356,10:18:01,6.66,0.0,100,66600,买盘
357,10:18:21,6.66,0.0,5,3328,买盘
358,10:18:31,6.66,0.0,20,13320,买盘
359,10:18:36,6.66,0.0,27,17982,买盘
360,10:18:48,6.66,0.0,4,2664,卖盘
361,10:18:52,6.66,0.0,2,1332,卖盘
362,10:19:19,6.66,0.0,5,3330,卖盘
363,10:19:22,6.66,0.0,1,666,卖盘
364,10:19:37,6.66,0.0,8,5328,卖盘
365,10:19:45,6.66,0.0,80,53280,卖盘
366,10:19:49,6.66,0.0,1,666,卖盘
367,10:19:52,6.66,0.0,3,1998,卖盘
368,10:19:55,6.67,0.01,13,8671,买盘
369,10:20:19,6.66,-0.01,3,1998,卖盘
370,10:20:49,6.67,0.01,23,15341,买盘
371,10:20:51,6.66,-0.01,3,1998,卖盘
372,10:20:54,6.66,0.0,1,666,卖盘
373,10:21:15,6.66,0.0,4,2664,卖盘
374,10:21:22,6.66,0.0,2,1332,卖盘
375,10:21:33,6.67,0.01,20,13340,买盘
376,10:21:49,6.66,-0.01,4,2665,卖盘
377,10:21:54,6.66,0.0,395,263070,卖盘
378,10:22:07,6.65,-0.01,276,183543,卖盘
379,10:22:10,6.65,0.0,16,10640,买盘
380,10:22:13,6.65,0.0,7,4655,买盘
381,10:22:16,6.65,0.0,25,16625,买盘
382,10:22:22,6.64,-0.01,5,3320,卖盘
383,10:22:31,6.65,0.01,10,6650,买盘
384,10:22:43,6.64,-0.01,218,144752,卖盘
385,10:22:51,6.64,0.0,2,1328,买盘
386,10:22:55,6.63,-0.01,1,663,卖盘
387,10:22:58,6.64,0.01,10,6640,买盘
388,10:23:00,6.63,-0.01,108,71604,卖盘
389,10:23:13,6.63,0.0,30,19890,卖盘
390,10:23:22,6.63,0.0,30,19890,卖盘
391,10:23:28,6.63,0.0,10,6630,卖盘
392,10:23:31,6.63,0.0,100,66300,卖盘
393,10:23:45,6.63,0.0,20,13260,卖盘
394,10:23:48,6.63,0.0,2,1326,卖盘
395,10:23:52,6.63,0.0,5,3315,卖盘
396,10:23:55,6.63,0.0,30,19890,卖盘
397,10:24:04,6.63,0.0,88,58344,卖盘
398,10:24:07,6.64,0.01,300,199200,买盘
399,10:24:09,6.64,0.0,40,26560,买盘
400,10:24:13,6.64,0.0,20,13280,买盘
401,10:24:15,6.64,0.0,30,19920,买盘
402,10:24:22,6.63,-0.01,1,663,卖盘
403,10:24:25,6.64,0.01,59,39176,买盘
404,10:24:28,6.64,0.0,3,1992,买盘
405,10:24:31,6.64,0.0,3,1992,买盘
406,10:24:34,6.64,0.0,90,59760,买盘
407,10:25:03,6.66,0.02,632,420502,买盘
408,10:25:22,6.66,0.0,4,2664,卖盘
409,10:25:52,6.65,-0.01,1,665,卖盘
410,10:26:22,6.65,0.0,6,3990,卖盘
411,10:26:40,6.66,0.01,35,23310,买盘
412,10:26:49,6.66,0.0,2,1332,卖盘
413,10:27:07,6.66,0.0,19,12654,卖盘
414,10:27:15,6.66,0.0,5,3330,卖盘
415,10:27:21,6.66,0.0,26,17316,卖盘
416,10:27:25,6.66,0.0,12,7992,卖盘
417,10:27:27,6.67,0.01,37,24674,买盘
418,10:27:49,6.66,-0.01,2,1332,卖盘
419,10:28:04,6.66,0.0,21,13986,卖盘
420,10:28:10,6.66,0.0,28,18649,卖盘
421,10:28:18,6.65,-0.01,1,665,卖盘
422,10:28:37,6.65,0.0,28,18620,卖盘
423,10:28:48,6.65,0.0,60,39900,卖盘
424,10:28:51,6.65,0.0,1,665,卖盘
425,10:29:19,6.65,0.0,4,2660,买盘
426,10:29:21,6.65,0.0,6,3990,买盘
427,10:29:24,6.65,0.0,26,17289,买盘
428,10:29:36,6.64,-0.01,2,1328,卖盘
429,10:29:48,6.64,0.0,1,664,卖盘
430,10:29:54,6.64,0.0,7,4648,卖盘
431,10:30:19,6.64,0.0,43,28552,卖盘
432,10:30:25,6.64,0.0,1,664,卖盘
433,10:30:39,6.65,0.01,50,33250,买盘
434,10:30:48,6.64,-0.01,4,2656,卖盘
435,10:31:22,6.64,0.0,23,15272,卖盘
436,10:31:36,6.65,0.01,2,1330,买盘
437,10:31:52,6.64,-0.01,48,31880,卖盘
438,10:32:13,6.64,0.0,3,1992,卖盘
439,10:33:21,6.66,0.02,100,66600,买盘
440,10:33:58,6.66,0.0,57,37962,买盘
441,10:34:04,6.67,0.01,100,66700,买盘
442,10:34:12,6.67,0.0,100,66700,买盘
443,10:34:25,6.67,0.0,10,6670,买盘
444,10:34:28,6.67,0.0,77,51359,买盘
445,10:34:52,6.68,0.01,100,66800,买盘
446,10:34:58,6.67,-0.01,44,29348,卖盘
447,10:35:01,6.68,0.01,105,70129,买盘
448,10:35:22,6.68,0.0,20,13360,买盘
449,10:35:42,6.64,-0.04,734,487807,卖盘
450,10:35:52,6.67,0.03,7,4669,买盘
451,10:36:01,6.67,0.0,20,13340,买盘
452,10:36:16,6.67,0.0,105,70011,买盘
453,10:36:25,6.67,0.0,56,37244,买盘
454,10:36:36,6.67,0.0,21,14007,买盘
455,10:36:43,6.67,0.0,10,6670,买盘
456,10:37:01,6.67,0.0,9,6003,买盘
457,10:37:16,6.66,-0.01,75,50002,卖盘
458,10:37:42,6.66,0.0,10,6660,卖盘
459,10:37:55,6.67,0.01,8,5336,买盘
460,10:37:58,6.66,-0.01,12,7992,卖盘
461,10:38:04,6.66,0.0,2,1332,买盘
462,10:38:06,6.66,0.0,5,3330,买盘
463,10:38:40,6.67,0.01,50,33348,买盘
464,10:38:52,6.66,-0.01,3,1998,买盘
465,10:38:57,6.66,0.0,15,9990,买盘
466,10:39:13,6.66,0.0,64,42624,买盘
467,10:39:52,6.67,0.01,2,1334,买盘
468,10:39:54,6.66,-0.01,60,39960,卖盘
469,10:40:01,6.66,0.0,20,13320,卖盘
470,10:40:24,6.66,0.0,17,11322,买盘
471,10:40:43,6.66,0.0,13,8658,卖盘
472,10:40:51,6.66,0.0,23,15318,买盘
473,10:41:04,6.67,0.01,5,3335,买盘
474,10:41:06,6.67,0.0,20,13340,买盘
475,10:41:45,6.66,-0.01,111,73926,卖盘
476,10:42:09,6.67,0.01,10,6670,买盘
477,10:43:21,6.66,-0.01,40,26640,卖盘
478,10:43:40,6.67,0.01,100,66700,买盘
479,10:43:49,6.67,0.0,88,58696,买盘
480,10:44:16,6.66,-0.01,1,666,卖盘
481,10:44:34,6.66,0.0,5,3330,卖盘
482,10:44:43,6.66,0.0,116,77256,卖盘
483,10:44:46,6.66,0.0,10,6660,卖盘
484,10:44:55,6.66,0.0,50,33300,卖盘
485,10:45:01,6.66,0.0,10,6660,卖盘
486,10:45:04,6.66,0.0,10,6660,卖盘
487,10:45:07,6.66,0.0,16,10656,卖盘
488,10:45:12,6.66,0.0,25,16650,卖盘
489,10:45:24,6.65,-0.01,10,6656,卖盘
490,10:45:33,6.65,0.0,50,33250,卖盘
491,10:46:19,6.65,0.0,97,64505,卖盘
492,10:46:25,6.65,0.0,51,33915,卖盘
493,10:46:31,6.65,0.0,108,71830,卖盘
494,10:46:52,6.65,0.0,40,26600,卖盘
495,10:46:55,6.65,0.0,10,6650,卖盘
496,10:46:58,6.65,0.0,5,3325,卖盘
497,10:47:16,6.65,0.0,45,29925,卖盘
498,10:47:24,6.65,0.0,6,3990,卖盘
499,10:47:28,6.66,0.01,3,1996,买盘
500,10:47:46,6.66,0.0,40,26640,买盘
501,10:47:55,6.65,-0.01,88,58520,卖盘
502,10:47:58,6.65,0.0,134,89110,买盘
503,10:48:13,6.65,0.0,20,13300,买盘
504,10:48:19,6.65,0.0,15,9975,买盘
505,10:48:27,6.65,0.0,4,2660,卖盘
506,10:48:48,6.66,0.01,7,4662,买盘
507,10:48:51,6.65,-0.01,12,7980,卖盘
508,10:48:58,6.65,0.0,4,2660,卖盘
509,10:49:15,6.65,0.0,10,6650,卖盘
510,10:49:25,6.65,0.0,384,255360,卖盘
511,10:49:28,6.65,0.0,26,17290,买盘
512,10:49:31,6.65,0.0,30,19950,卖盘
513,10:49:37,6.65,0.0,80,53200,卖盘
514,10:49:57,6.65,0.0,22,14630,卖盘
515,10:50:49,6.65,0.0,10,6650,卖盘
516,10:51:30,6.65,0.0,102,67830,卖盘
517,10:51:57,6.65,0.0,6,3990,卖盘
518,10:52:12,6.65,0.0,57,37915,卖盘
519,10:52:28,6.65,0.0,2,1330,卖盘
520,10:52:31,6.65,0.0,6,3990,卖盘
521,10:52:36,6.65,0.0,12,7980,卖盘
522,10:52:52,6.64,-0.01,2,1328,卖盘
523,10:52:58,6.64,0.0,1,664,卖盘
524,10:53:07,6.64,0.0,10,6640,卖盘
525,10:53:22,6.65,0.01,1,665,买盘
526,10:53:28,6.65,0.0,90,59850,买盘
527,10:53:33,6.65,0.0,44,29260,买盘
528,10:53:58,6.65,0.0,2,1330,卖盘
529,10:54:19,6.65,0.0,150,99750,卖盘
530,10:54:30,6.65,0.0,1,665,卖盘
531,10:55:01,6.65,0.0,2,1330,卖盘
532,10:55:39,6.65,0.0,10,6650,卖盘
533,10:56:27,6.65,0.0,230,152950,卖盘
534,10:56:42,6.64,-0.01,151,100264,卖盘
535,10:56:45,6.65,0.01,3,1995,买盘
536,10:56:58,6.64,-0.01,1,664,卖盘
537,10:57:01,6.64,0.0,3,1992,卖盘
538,10:58:01,6.64,0.0,3,1992,卖盘
539,10:58:04,6.65,0.01,5,3325,买盘
540,10:58:27,6.64,-0.01,1,664,卖盘
541,10:58:34,6.65,0.01,65,43225,买盘
542,10:58:42,6.65,0.0,56,37240,买盘
543,10:59:04,6.65,0.0,50,33250,买盘
544,10:59:19,6.65,0.0,300,199500,买盘
545,10:59:28,6.64,-0.01,1,664,卖盘
546,10:59:31,6.64,0.0,4,2656,卖盘
547,11:00:18,6.64,0.0,9,5976,卖盘
548,11:00:21,6.65,0.01,50,33250,买盘
549,11:00:25,6.65,0.0,14,9310,买盘
550,11:00:31,6.64,-0.01,4,2656,卖盘
551,11:00:36,6.65,0.01,9,5985,买盘
552,11:00:45,6.65,0.0,30,19950,买盘
553,11:00:49,6.65,0.0,3,1995,买盘
554,11:00:55,6.65,0.0,3,1995,买盘
555,11:01:00,6.64,-0.01,11,7309,卖盘
556,11:01:04,6.64,0.0,6,3984,卖盘
557,11:01:27,6.65,0.01,10,6650,买盘
558,11:01:30,6.64,-0.01,13,8642,卖盘
559,11:01:34,6.65,0.01,4,2660,买盘
560,11:02:00,6.64,-0.01,4,2656,卖盘
561,11:02:15,6.65,0.01,2,1330,买盘
562,11:02:24,6.64,-0.01,7,4648,卖盘
563,11:02:42,6.64,0.0,3,1992,卖盘
564,11:02:55,6.65,0.01,6,3990,买盘
565,11:03:09,6.64,-0.01,14,9429,卖盘
566,11:03:12,6.64,0.0,10,6640,卖盘
567,11:03:16,6.64,0.0,25,16600,卖盘
568,11:03:28,6.64,0.0,20,13280,卖盘
569,11:03:33,6.64,0.0,10,6640,卖盘
570,11:04:01,6.65,0.01,3,1995,卖盘
571,11:04:12,6.65,0.0,58,38570,卖盘
572,11:04:31,6.65,0.0,4,2660,卖盘
573,11:04:33,6.65,0.0,1,665,卖盘
574,11:04:40,6.65,0.0,5,3325,卖盘
575,11:05:00,6.65,0.0,7,4655,卖盘
576,11:05:30,6.65,0.0,3,1995,卖盘
577,11:06:04,6.65,0.0,1,665,卖盘
578,11:06:52,6.66,0.01,1,666,买盘
579,11:07:00,6.65,-0.01,1,665,卖盘
580,11:07:04,6.66,0.01,33,21978,买盘
581,11:07:36,6.65,-0.01,73,48545,卖盘
582,11:07:48,6.65,0.0,63,41895,卖盘
583,11:08:03,6.64,-0.01,2,1328,卖盘
584,11:08:06,6.65,0.01,22,14630,买盘
585,11:08:16,6.65,0.0,20,13300,买盘
586,11:08:18,6.64,-0.01,23,15272,卖盘
587,11:08:30,6.65,0.01,10,6650,买盘
588,11:08:39,6.65,0.0,99,65835,买盘
589,11:08:49,6.66,0.01,78,51886,买盘
590,11:09:03,6.64,-0.02,2,1328,卖盘
591,11:09:21,6.65,0.01,10,6650,买盘
592,11:09:33,6.64,-0.01,5,3320,卖盘
593,11:09:36,6.65,0.01,30,19950,买盘
594,11:10:04,6.64,-0.01,5,3320,卖盘
595,11:10:10,6.64,0.0,54,35909,卖盘
596,11:10:28,6.65,0.01,6,3990,买盘
597,11:10:34,6.64,-0.01,5,3320,卖盘
598,11:10:42,6.65,0.01,35,23275,买盘
599,11:11:04,6.65,0.0,12,7980,卖盘
600,11:11:24,6.65,0.0,30,19950,卖盘
601,11:11:30,6.66,0.01,23,15318,买盘
602,11:11:33,6.65,-0.01,3,1995,卖盘
603,11:11:39,6.65,0.0,9,5985,卖盘
604,11:11:46,6.65,0.0,1,665,卖盘
605,11:12:13,6.65,0.0,77,51205,卖盘
606,11:12:33,6.65,0.0,14,9306,买盘
607,11:13:03,6.64,-0.01,5,3320,卖盘
608,11:13:34,6.64,0.0,1,664,卖盘
609,11:13:43,6.65,0.01,2,1330,买盘
610,11:13:46,6.65,0.0,1,665,买盘
611,11:13:49,6.65,0.0,14,9310,买盘
612,11:13:52,6.65,0.0,9,5985,买盘
613,11:13:55,6.65,0.0,2,1330,买盘
614,11:13:58,6.65,0.0,21,13965,买盘
615,11:14:34,6.65,0.0,1,665,卖盘
616,11:14:43,6.66,0.01,53,35298,买盘
617,11:15:09,6.65,-0.01,156,103776,卖盘
618,11:15:19,6.66,0.01,110,73260,买盘
619,11:15:27,6.66,0.0,10,6660,买盘
620,11:15:34,6.66,0.0,45,29970,买盘
621,11:15:36,6.66,0.0,80,53280,买盘
622,11:15:40,6.66,0.0,2,1332,买盘
623,11:16:06,6.67,0.01,11,7337,买盘
624,11:16:15,6.67,0.0,58,38686,买盘
625,11:16:34,6.66,-0.01,1,666,卖盘
626,11:16:43,6.66,0.0,60,39960,卖盘
627,11:16:45,6.66,0.0,54,35964,卖盘
628,11:16:55,6.66,0.0,57,37962,买盘
629,11:16:58,6.66,0.0,24,15984,买盘
630,11:17:04,6.65,-0.01,2,1330,卖盘
631,11:17:15,6.66,0.01,48,31968,买盘
632,11:17:24,6.67,0.01,14,9338,买盘
633,11:17:33,6.66,-0.01,6,3996,卖盘
634,11:17:45,6.66,0.0,15,9990,卖盘
635,11:17:57,6.66,0.0,5,3330,买盘
636,11:18:27,6.66,0.0,43,28638,卖盘
637,11:19:04,6.66,0.0,14,9324,卖盘
638,11:19:09,6.66,0.0,13,8658,买盘
639,11:19:54,6.66,0.0,17,11322,卖盘
640,11:19:57,6.66,0.0,5,3330,买盘
641,11:20:06,6.65,-0.01,1,665,卖盘
642,11:20:15,6.66,0.01,5,3330,买盘
643,11:20:24,6.66,0.0,4,2664,买盘
644,11:20:27,6.66,0.0,14,9324,买盘
645,11:21:07,6.65,-0.01,3,1995,卖盘
646,11:21:24,6.66,0.01,5,3330,买盘
647,11:21:27,6.65,-0.01,2,1330,卖盘
648,11:21:54,6.65,0.0,16,10640,卖盘
649,11:21:57,6.65,0.0,7,4655,卖盘
650,11:22:13,6.66,0.01,10,6660,买盘
651,11:22:21,6.65,-0.01,100,66500,卖盘
652,11:22:45,6.65,0.0,36,23940,卖盘
653,11:23:04,6.65,0.0,14,9310,卖盘
654,11:23:36,6.65,0.0,1,665,卖盘
655,11:23:52,6.65,0.0,20,13300,卖盘
656,11:24:06,6.65,0.0,1,665,卖盘
657,11:24:16,6.65,0.0,89,59185,卖盘
658,11:24:45,6.64,-0.01,272,180608,卖盘
659,11:25:51,6.64,0.0,2,1328,卖盘
660,11:25:57,6.65,0.01,88,58520,买盘
661,11:26:15,6.65,0.0,15,9975,卖盘
662,11:26:45,6.65,0.0,78,51870,卖盘
663,11:28:36,6.65,0.0,1,665,卖盘
664,11:29:09,6.65,0.0,3,1995,卖盘
665,11:29:27,6.65,0.0,5,3325,卖盘
666,13:00:04,6.65,0.0,46,30278,卖盘
667,13:01:06,6.66,0.01,60,39960,买盘
668,13:01:24,6.68,0.02,630,421044,买盘
669,13:01:36,6.69,0.01,30,20070,买盘
670,13:01:39,6.68,-0.01,10,6680,卖盘
671,13:01:42,6.69,0.01,320,214080,买盘
672,13:01:45,6.68,-0.01,159,106212,卖盘
673,13:01:48,6.7,0.02,281,188234,买盘
674,13:01:57,6.71,0.01,9,6039,买盘
675,13:02:04,6.71,0.0,92,61732,买盘
676,13:02:09,6.71,0.0,46,30866,卖盘
677,13:02:12,6.7,-0.01,46,30820,卖盘
678,13:02:15,6.7,0.0,22,14740,卖盘
679,13:02:18,6.7,0.0,11,7370,卖盘
680,13:02:22,6.7,0.0,6,4020,卖盘
681,13:02:24,6.7,0.0,22,14740,卖盘
682,13:02:27,6.7,0.0,50,33500,卖盘
683,13:02:30,6.7,0.0,8,5360,卖盘
684,13:02:33,6.7,0.0,35,23450,卖盘
685,13:02:40,6.68,-0.02,1,668,卖盘
686,13:02:42,6.7,0.02,76,50920,买盘
687,13:02:51,6.7,0.0,10,6700,卖盘
688,13:02:54,6.7,0.0,30,20100,卖盘
689,13:02:57,6.7,0.0,7,4690,卖盘
690,13:03:03,6.7,0.0,2,1340,卖盘
691,13:03:06,6.7,0.0,32,21440,卖盘
692,13:03:09,6.7,0.0,10,6700,卖盘
693,13:03:12,6.7,0.0,2,1340,卖盘
694,13:03:18,6.7,0.0,54,36180,卖盘
695,13:03:21,6.7,0.0,20,13400,卖盘
696,13:03:24,6.7,0.0,57,38190,卖盘
697,13:03:27,6.7,0.0,2,1340,买盘
698,13:03:33,6.7,0.0,100,67000,买盘
699,13:03:39,6.68,-0.02,26,17414,卖盘
700,13:03:42,6.7,0.02,41,27470,买盘
701,13:03:51,6.7,0.0,59,39530,卖盘
702,13:03:54,6.7,0.0,39,26130,买盘
703,13:03:57,6.7,0.0,10,6700,卖盘
704,13:04:00,6.7,0.0,6,4020,卖盘
705,13:04:06,6.7,0.0,109,73030,卖盘
706,13:04:21,6.7,0.0,10,6700,买盘
707,13:04:24,6.7,0.0,15,10030,买盘
708,13:04:39,6.68,-0.02,4,2672,卖盘
709,13:04:45,6.74,0.06,1741,1171000,买盘
710,13:04:48,6.75,0.01,183,123352,买盘
711,13:04:51,6.75,0.0,25,16875,买盘
712,13:04:57,6.75,0.0,12,8100,买盘
713,13:05:01,6.75,0.0,11,7425,买盘
714,13:05:04,6.76,0.01,439,296711,买盘
715,13:05:06,6.77,0.01,158,106944,买盘
716,13:05:09,6.77,0.0,149,100985,买盘
717,13:05:12,6.79,0.02,291,197304,买盘
718,13:05:15,6.79,0.0,178,120760,买盘
719,13:05:18,6.79,0.0,32,21745,卖盘
720,13:05:21,6.79,0.0,114,77497,卖盘
721,13:05:24,6.8,0.01,90,61198,买盘
722,13:05:27,6.8,0.0,189,128571,买盘
723,13:05:30,6.8,0.0,22,15000,卖盘
724,13:05:33,6.8,0.0,89,60570,卖盘
725,13:05:36,6.82,0.02,354,240920,买盘
726,13:05:39,6.8,-0.02,547,373526,卖盘
727,13:05:42,6.8,0.0,281,191164,卖盘
728,13:05:45,6.8,0.0,43,29240,买盘
729,13:05:49,6.8,0.0,479,325615,买盘
730,13:05:52,6.8,0.0,151,102726,卖盘
731,13:05:55,6.8,0.0,87,59160,卖盘
732,13:05:57,6.82,0.02,100,68087,买盘
733,13:06:00,6.81,-0.01,19,12925,中性盘
734,13:06:04,6.84,0.03,170,115935,买盘
735,13:06:06,6.8,-0.04,10,6801,卖盘
736,13:06:10,6.8,0.0,244,166322,卖盘
737,13:06:12,6.8,0.0,47,31960,买盘
738,13:06:15,6.8,0.0,47,31960,买盘
739,13:06:19,6.8,0.0,17,11560,买盘
740,13:06:21,6.8,0.0,62,42126,买盘
741,13:06:24,6.78,-0.02,70,47460,卖盘
742,13:06:30,6.77,-0.01,134,90817,卖盘
743,13:06:36,6.77,0.0,130,88172,卖盘
744,13:06:39,6.79,0.02,85,57698,买盘
745,13:06:42,6.78,-0.01,69,46782,卖盘
746,13:06:46,6.79,0.01,49,33249,买盘
747,13:06:48,6.79,0.0,139,94309,买盘
748,13:06:51,6.77,-0.02,114,77190,卖盘
749,13:06:54,6.77,0.0,201,136377,买盘
750,13:06:57,6.79,0.02,70,47422,买盘
751,13:07:04,6.79,0.0,63,42743,买盘
752,13:07:06,6.79,0.0,5,3395,买盘
753,13:07:10,6.79,0.0,30,20362,买盘
754,13:07:13,6.77,-0.02,223,151170,卖盘
755,13:07:15,6.78,0.01,62,42094,中性盘
756,13:07:18,6.78,0.0,4,2712,买盘
757,13:07:24,6.79,0.01,18,12222,买盘
758,13:07:27,6.78,-0.01,59,40004,卖盘
759,13:07:31,6.77,-0.01,274,185568,卖盘
760,13:07:33,6.77,0.0,77,52129,买盘
761,13:07:39,6.79,0.02,207,140193,买盘
762,13:07:42,6.77,-0.02,7,4736,中性盘
763,13:07:49,6.78,0.01,227,153903,买盘
764,13:07:51,6.77,-0.01,20,13540,卖盘
765,13:07:54,6.78,0.01,27,18302,买盘
766,13:07:57,6.78,0.0,100,67800,买盘
767,13:08:00,6.78,0.0,36,24378,买盘
768,13:08:04,6.78,0.0,44,29832,买盘
769,13:08:06,6.78,0.0,252,171171,买盘
770,13:08:09,6.79,0.01,2,1358,中性盘
771,13:08:13,6.8,0.01,8,5440,买盘
772,13:08:15,6.8,0.0,103,70040,买盘
773,13:08:18,6.8,0.0,11,7480,卖盘
774,13:08:21,6.81,0.01,650,441524,买盘
775,13:08:24,6.8,-0.01,284,193356,买盘
776,13:08:28,6.81,0.01,3,2043,卖盘
777,13:08:30,6.82,0.01,217,147962,买盘
778,13:08:33,6.85,0.03,519,355191,买盘
779,13:08:36,6.85,0.0,393,269205,卖盘
780,13:08:39,6.85,0.0,128,87734,卖盘
781,13:08:42,6.86,0.01,170,116611,买盘
782,13:08:45,6.88,0.02,619,425157,买盘
783,13:08:48,6.87,-0.01,59,40557,买盘
784,13:08:51,6.88,0.01,949,650992,买盘
785,13:08:54,6.85,-0.03,310,212846,卖盘
786,13:08:57,6.88,0.03,103,70766,买盘
787,13:09:00,6.85,-0.03,152,104406,卖盘
788,13:09:04,6.87,0.02,46,31520,中性盘
789,13:09:06,6.87,0.0,37,25419,买盘
790,13:09:09,6.86,-0.01,203,139410,卖盘
791,13:09:12,6.86,0.0,49,33608,卖盘
792,13:09:15,6.86,0.0,124,85021,买盘
793,13:09:18,6.86,0.0,75,51408,卖盘
794,13:09:22,6.86,0.0,129,88446,买盘
795,13:09:24,6.85,-0.01,57,39030,中性盘
796,13:09:27,6.84,-0.01,30,20525,卖盘
797,13:09:30,6.85,0.01,44,30117,买盘
798,13:09:34,6.84,-0.01,17,11628,买盘
799,13:09:36,6.83,-0.01,20,13660,卖盘
800,13:09:39,6.83,0.0,16,10928,卖盘
801,13:09:43,6.83,0.0,45,30735,卖盘
802,13:09:46,6.84,0.01,88,60169,买盘
803,13:09:51,6.83,-0.01,71,48493,买盘
804,13:09:54,6.83,0.0,84,57312,买盘
805,13:09:57,6.83,0.0,41,27963,买盘
806,13:10:00,6.83,0.0,203,138587,买盘
807,13:10:03,6.83,0.0,1,683,卖盘
808,13:10:06,6.83,0.0,98,66934,卖盘
809,13:10:13,6.82,-0.01,122,83204,买盘
810,13:10:16,6.82,0.0,27,18414,买盘
811,13:10:18,6.83,0.01,169,115312,买盘
812,13:10:22,6.82,-0.01,8,5456,卖盘
813,13:10:24,6.82,0.0,69,47061,卖盘
814,13:10:28,6.83,0.01,46,31418,买盘
815,13:10:31,6.82,-0.01,95,64870,卖盘
816,13:10:33,6.82,0.0,88,60024,卖盘
817,13:10:36,6.82,0.0,59,40263,卖盘
818,13:10:43,6.82,0.0,37,25269,卖盘
819,13:10:45,6.83,0.01,18,12294,买盘
820,13:10:49,6.82,-0.01,248,169141,卖盘
821,13:10:51,6.83,0.01,328,224040,买盘
822,13:10:55,6.83,0.0,20,13660,卖盘
823,13:11:00,6.83,0.0,44,30052,卖盘
824,13:11:03,6.84,0.01,209,142942,买盘
825,13:11:06,6.83,-0.01,28,19124,卖盘
826,13:11:09,6.83,0.0,165,112855,卖盘
827,13:11:12,6.84,0.01,30,20500,买盘
828,13:11:15,6.84,0.0,286,195601,买盘
829,13:11:18,6.84,0.0,97,66308,买盘
830,13:11:21,6.84,0.0,35,23940,卖盘
831,13:11:27,6.85,0.01,11,7535,买盘
832,13:11:30,6.85,0.0,35,23975,买盘
833,13:11:33,6.84,-0.01,176,120394,卖盘
834,13:11:37,6.84,0.0,113,77292,买盘
835,13:11:39,6.83,-0.01,158,107947,卖盘
836,13:11:43,6.84,0.01,45,30780,买盘
837,13:11:46,6.83,-0.01,50,34150,卖盘
838,13:11:49,6.83,0.0,125,85256,卖盘
839,13:11:58,6.81,-0.02,99,67501,卖盘
840,13:12:01,6.83,0.02,110,75069,买盘
841,13:12:04,6.81,-0.02,42,28602,卖盘
842,13:12:09,6.8,-0.01,10,6800,卖盘
843,13:12:12,6.81,0.01,31,21111,买盘
844,13:12:15,6.81,0.0,15,10215,买盘
845,13:12:19,6.81,0.0,120,81700,买盘
846,13:12:24,6.82,0.01,2,1364,买盘
847,13:12:27,6.81,-0.01,416,283951,卖盘
848,13:12:39,6.82,0.01,5,3410,卖盘
849,13:12:49,6.82,0.0,16,10912,卖盘
850,13:12:55,6.83,0.01,5,3415,买盘
851,13:12:57,6.81,-0.02,136,92678,卖盘
852,13:13:00,6.83,0.02,100,68300,买盘
853,13:13:04,6.83,0.0,98,66901,买盘
854,13:13:09,6.83,0.0,65,44395,卖盘
855,13:13:12,6.82,-0.01,10,6820,卖盘
856,13:13:19,6.83,0.01,74,50542,买盘
857,13:13:22,6.82,-0.01,30,20460,卖盘
858,13:13:25,6.83,0.01,79,53957,买盘
859,13:13:27,6.84,0.01,499,341291,买盘
860,13:13:30,6.83,-0.01,34,23222,卖盘
861,13:13:33,6.83,0.0,10,6830,卖盘
862,13:13:36,6.83,0.0,73,49859,卖盘
863,13:13:39,6.84,0.01,392,268193,买盘
864,13:13:42,6.84,0.0,40,27360,卖盘
865,13:13:45,6.83,-0.01,49,33293,卖盘
866,13:13:48,6.84,0.01,7,4788,买盘
867,13:13:51,6.83,-0.01,21,14344,卖盘
868,13:13:55,6.84,0.01,55,37620,买盘
869,13:13:57,6.84,0.0,80,54912,买盘
870,13:14:00,6.84,0.0,152,103968,卖盘
871,13:14:04,6.84,0.0,165,112860,卖盘
872,13:14:06,6.84,0.0,20,13680,卖盘
873,13:14:09,6.85,0.01,329,225278,买盘
874,13:14:12,6.84,-0.01,496,339363,卖盘
875,13:14:18,6.84,0.0,216,147936,买盘
876,13:14:24,6.84,0.0,60,41040,卖盘
877,13:14:34,6.84,0.0,37,25308,卖盘
878,13:14:36,6.84,0.0,51,34712,卖盘
879,13:14:42,6.83,-0.01,18,12294,卖盘
880,13:14:46,6.83,0.0,63,43029,卖盘
881,13:14:52,6.84,0.01,10,6840,买盘
882,13:14:55,6.83,-0.01,186,127090,卖盘
883,13:14:57,6.84,0.01,130,88811,买盘
884,13:15:06,6.82,-0.02,28,19104,卖盘
885,13:15:09,6.83,0.01,102,69634,买盘
886,13:15:12,6.83,0.0,91,62153,买盘
887,13:15:15,6.82,-0.01,27,18426,卖盘
888,13:15:18,6.82,0.0,17,11594,卖盘
889,13:15:24,6.82,0.0,20,13640,卖盘
890,13:15:27,6.82,0.0,26,17741,卖盘
891,13:15:31,6.81,-0.01,143,97438,卖盘
892,13:15:42,6.82,0.01,11,7502,买盘
893,13:15:45,6.81,-0.01,301,205081,卖盘
894,13:15:48,6.81,0.0,24,16344,买盘
895,13:15:51,6.8,-0.01,65,44200,卖盘
896,13:15:57,6.8,0.0,94,63920,卖盘
897,13:16:06,6.81,0.01,158,107521,买盘
898,13:16:09,6.8,-0.01,7,4760,中性盘
899,13:16:12,6.8,0.0,16,10880,卖盘
900,13:16:19,6.79,-0.01,30,20380,卖盘
901,13:16:21,6.8,0.01,5,3400,买盘
902,13:16:24,6.8,0.0,9,6120,卖盘
903,13:16:33,6.79,-0.01,72,48941,卖盘
904,13:16:39,6.79,0.0,55,37345,卖盘
905,13:16:42,6.8,0.01,23,15640,买盘
906,13:16:46,6.79,-0.01,6,4079,卖盘
907,13:16:48,6.8,0.01,3,2040,买盘
908,13:16:51,6.79,-0.01,115,78090,卖盘
909,13:16:57,6.79,0.0,36,24477,卖盘
910,13:17:01,6.79,0.0,45,30555,卖盘
911,13:17:09,6.8,0.01,84,57120,买盘
912,13:17:13,6.79,-0.01,2,1358,卖盘
913,13:17:16,6.8,0.01,5,3400,买盘
914,13:17:19,6.8,0.0,10,6800,买盘
915,13:17:21,6.79,-0.01,15,10199,卖盘
916,13:17:24,6.8,0.01,2,1360,买盘
917,13:17:37,6.81,0.01,343,233485,买盘
918,13:17:40,6.81,0.0,1,681,卖盘
919,13:17:43,6.81,0.0,4,2724,卖盘
920,13:17:49,6.81,0.0,51,34766,买盘
921,13:17:51,6.82,0.01,47,32054,买盘
922,13:17:57,6.81,-0.01,17,11577,卖盘
923,13:18:04,6.82,0.01,127,86494,买盘
924,13:18:06,6.81,-0.01,50,34066,卖盘
925,13:18:09,6.82,0.01,10,6820,中性盘
926,13:18:12,6.83,0.01,100,68300,买盘
927,13:18:22,6.83,0.0,6,4098,买盘
928,13:18:28,6.83,0.0,10,6830,买盘
929,13:18:31,6.83,0.0,39,26637,买盘
930,13:18:34,6.83,0.0,10,6830,买盘
931,13:18:37,6.83,0.0,7,4781,买盘
932,13:18:46,6.84,0.01,100,68400,买盘
933,13:18:52,6.85,0.01,170,116450,买盘
934,13:18:55,6.84,-0.01,100,68400,卖盘
935,13:19:04,6.85,0.01,5,3425,买盘
936,13:19:07,6.85,0.0,84,57540,买盘
937,13:19:10,6.84,-0.01,300,205200,卖盘
938,13:19:12,6.84,0.0,18,12324,卖盘
939,13:19:15,6.85,0.01,55,37645,买盘
940,13:19:18,6.84,-0.01,25,17100,卖盘
941,13:19:24,6.84,0.0,24,16416,买盘
942,13:19:28,6.84,0.0,5,3420,买盘
943,13:19:34,6.83,-0.01,10,6830,卖盘
944,13:19:37,6.83,0.0,20,13660,卖盘
945,13:19:40,6.84,0.01,80,54599,买盘
946,13:19:43,6.83,-0.01,10,6830,中性盘
947,13:19:52,6.82,-0.01,37,25234,卖盘
948,13:19:55,6.82,0.0,5,3410,卖盘
949,13:20:01,6.81,-0.01,96,65387,卖盘
950,13:20:13,6.81,0.0,2,1362,买盘
951,13:20:18,6.81,0.0,20,13620,买盘
952,13:20:22,6.81,0.0,5,3405,买盘
953,13:20:24,6.8,-0.01,14,9522,卖盘
954,13:20:28,6.81,0.01,40,27240,买盘
955,13:20:34,6.81,0.0,11,7491,卖盘
956,13:20:39,6.82,0.01,3,2046,买盘
957,13:20:49,6.81,-0.01,132,89892,卖盘
958,13:20:52,6.82,0.01,16,10912,买盘
959,13:20:55,6.82,0.0,124,84568,买盘
960,13:20:57,6.82,0.0,12,8184,买盘
961,13:21:03,6.82,0.0,20,13640,卖盘
962,13:21:06,6.82,0.0,6,4093,卖盘
963,13:21:09,6.82,0.0,20,13640,卖盘
964,13:21:16,6.83,0.01,3,2049,买盘
965,13:21:27,6.82,-0.01,2,1364,卖盘
966,13:21:34,6.83,0.01,22,15026,买盘
967,13:21:39,6.83,0.0,10,6830,买盘
968,13:21:42,6.82,-0.01,58,39556,卖盘
969,13:21:45,6.82,0.0,59,40238,卖盘
970,13:21:48,6.83,0.01,2,1366,买盘
971,13:21:51,6.82,-0.01,13,8866,卖盘
972,13:21:54,6.83,0.01,17,11611,买盘
973,13:21:57,6.83,0.0,28,19111,买盘
974,13:22:00,6.83,0.0,50,34150,买盘
975,13:22:09,6.82,-0.01,2,1364,卖盘
976,13:22:12,6.82,0.0,26,17732,卖盘
977,13:22:18,6.82,0.0,46,31372,卖盘
978,13:22:24,6.82,0.0,50,34100,卖盘
979,13:22:27,6.82,0.0,10,6820,卖盘
980,13:22:33,6.82,0.0,3,2046,卖盘
981,13:22:37,6.82,0.0,11,7502,卖盘
982,13:22:39,6.82,0.0,6,4092,买盘
983,13:22:49,6.82,0.0,50,34100,买盘
984,13:22:58,6.82,0.0,7,4774,买盘
985,13:23:01,6.82,0.0,33,22506,买盘
986,13:23:09,6.83,0.01,100,68300,买盘
987,13:23:12,6.82,-0.01,20,13640,卖盘
988,13:23:18,6.81,-0.01,14,9545,卖盘
989,13:23:27,6.81,0.0,9,6129,卖盘
990,13:23:36,6.81,0.0,105,71505,卖盘
991,13:23:45,6.81,0.0,30,20430,卖盘
992,13:23:48,6.82,0.01,20,13640,买盘
993,13:23:54,6.81,-0.01,14,9534,卖盘
994,13:24:09,6.82,0.01,36,24546,买盘
995,13:24:13,6.82,0.0,15,10230,买盘
996,13:24:24,6.81,-0.01,5,3405,卖盘
997,13:24:27,6.81,0.0,3,2043,卖盘
998,13:24:30,6.81,0.0,1,681,买盘
999,13:24:36,6.8,-0.01,111,75501,卖盘
1000,13:24:51,6.8,0.0,8,5440,卖盘
1001,13:24:57,6.8,0.0,10,6800,卖盘
1002,13:25:06,6.8,0.0,5,3400,卖盘
1003,13:25:15,6.8,0.0,50,34000,卖盘
1004,13:25:18,6.81,0.01,42,28602,买盘
1005,13:25:24,6.81,0.0,10,6810,卖盘
1006,13:25:27,6.81,0.0,55,37455,卖盘
1007,13:25:43,6.81,0.0,2,1362,卖盘
1008,13:25:46,6.81,0.0,1,681,卖盘
1009,13:25:51,6.81,0.0,8,5448,卖盘
1010,13:25:54,6.81,0.0,5,3405,卖盘
1011,13:26:15,6.81,0.0,4,2724,卖盘
1012,13:26:21,6.82,0.01,28,19096,买盘
1013,13:26:27,6.82,0.0,77,52514,买盘
1014,13:26:36,6.81,-0.01,40,27240,卖盘
1015,13:26:39,6.81,0.0,32,21792,卖盘
1016,13:26:49,6.81,0.0,43,29283,卖盘
1017,13:26:51,6.82,0.01,8,5456,买盘
1018,13:26:58,6.81,-0.01,19,12939,卖盘
1019,13:27:00,6.81,0.0,20,13620,卖盘
1020,13:27:06,6.81,0.0,30,20430,卖盘
1021,13:27:09,6.81,0.0,30,20430,卖盘
1022,13:27:16,6.81,0.0,10,6810,卖盘
1023,13:27:33,6.8,-0.01,10,6800,卖盘
1024,13:27:37,6.8,0.0,25,17000,卖盘
1025,13:27:57,6.81,0.01,5,3405,买盘
1026,13:28:04,6.81,0.0,2,1362,买盘
1027,13:28:12,6.8,-0.01,10,6800,卖盘
1028,13:28:19,6.8,0.0,99,67320,卖盘
1029,13:28:24,6.8,0.0,186,126480,卖盘
1030,13:28:27,6.8,0.0,10,6800,卖盘
1031,13:28:39,6.79,-0.01,21,14259,卖盘
1032,13:28:51,6.79,0.0,100,67900,卖盘
1033,13:29:10,6.79,0.0,100,67900,卖盘
1034,13:29:42,6.79,0.0,22,14938,卖盘
1035,13:29:51,6.79,0.0,47,31906,买盘
1036,13:30:10,6.79,0.0,11,7469,卖盘
1037,13:30:16,6.79,0.0,1,679,卖盘
1038,13:30:18,6.79,0.0,105,71295,卖盘
1039,13:30:24,6.79,0.0,2,1358,买盘
1040,13:30:28,6.79,0.0,227,154333,卖盘
1041,13:30:36,6.79,0.0,34,23086,买盘
1042,13:30:49,6.79,0.0,8,5432,买盘
1043,13:31:04,6.79,0.0,84,57036,买盘
1044,13:31:06,6.79,0.0,30,20370,买盘
1045,13:31:21,6.79,0.0,5,3395,卖盘
1046,13:31:33,6.79,0.0,30,20370,卖盘
1047,13:31:40,6.79,0.0,30,20370,卖盘
1048,13:32:00,6.79,0.0,111,75369,卖盘
1049,13:32:03,6.79,0.0,5,3395,买盘
1050,13:32:12,6.79,0.0,3,2037,买盘
1051,13:32:18,6.79,0.0,24,16296,买盘
1052,13:32:22,6.79,0.0,9,6111,买盘
1053,13:32:36,6.79,0.0,4,2716,卖盘
1054,13:32:48,6.8,0.01,1,680,买盘
1055,13:32:54,6.79,-0.01,20,13580,卖盘
1056,13:33:21,6.8,0.01,45,30600,买盘
1057,13:33:27,6.8,0.0,32,21760,买盘
1058,13:33:33,6.8,0.0,30,20400,卖盘
1059,13:33:42,6.8,0.0,4,2720,卖盘
1060,13:33:52,6.8,0.0,100,68000,卖盘
1061,13:33:55,6.8,0.0,10,6800,中性盘
1062,13:34:01,6.8,0.0,2,1360,买盘
1063,13:34:06,6.79,-0.01,10,6790,卖盘
1064,13:34:15,6.79,0.0,63,42835,卖盘
1065,13:34:21,6.8,0.01,108,73440,买盘
1066,13:34:25,6.8,0.0,88,59840,买盘
1067,13:34:28,6.8,0.0,10,6800,卖盘
1068,13:34:34,6.8,0.0,16,10880,卖盘
1069,13:34:37,6.8,0.0,101,68680,卖盘
1070,13:34:40,6.8,0.0,5,3400,买盘
1071,13:34:43,6.8,0.0,13,8840,买盘
1072,13:34:46,6.8,0.0,62,42160,买盘
1073,13:34:51,6.8,0.0,37,25160,买盘
1074,13:34:54,6.8,0.0,1,680,买盘
1075,13:34:57,6.8,0.0,22,14960,买盘
1076,13:35:01,6.8,0.0,10,6800,买盘
1077,13:35:04,6.8,0.0,45,30600,买盘
1078,13:35:06,6.8,0.0,5,3400,卖盘
1079,13:35:16,6.8,0.0,10,6800,卖盘
1080,13:35:28,6.8,0.0,50,34000,卖盘
1081,13:35:43,6.81,0.01,14,9534,买盘
1082,13:35:45,6.8,-0.01,5,3400,卖盘
1083,13:35:48,6.81,0.01,45,30645,买盘
1084,13:35:52,6.81,0.0,10,6810,买盘
1085,13:35:54,6.81,0.0,16,10896,买盘
1086,13:35:57,6.8,-0.01,11,7480,卖盘
1087,13:36:00,6.8,0.0,22,14960,卖盘
1088,13:36:09,6.8,0.0,64,43520,卖盘
1089,13:36:13,6.79,-0.01,108,73354,卖盘
1090,13:36:25,6.79,0.0,17,11555,卖盘
1091,13:36:28,6.79,0.0,33,22407,卖盘
1092,13:36:31,6.78,-0.01,10,6780,卖盘
1093,13:36:49,6.78,0.0,130,88140,卖盘
1094,13:36:51,6.78,0.0,48,32561,卖盘
1095,13:37:01,6.78,0.0,3,2034,卖盘
1096,13:37:04,6.78,0.0,42,28476,卖盘
1097,13:37:06,6.77,-0.01,42,28472,卖盘
1098,13:37:16,6.78,0.01,58,39324,买盘
1099,13:37:19,6.77,-0.01,90,61302,卖盘
1100,13:37:34,6.78,0.01,17,11516,买盘
1101,13:37:46,6.78,0.0,15,10170,卖盘
1102,13:37:52,6.78,0.0,30,20340,卖盘
1103,13:38:04,6.78,0.0,15,10170,卖盘
1104,13:38:10,6.78,0.0,100,67800,卖盘
1105,13:38:16,6.78,0.0,20,13560,卖盘
1106,13:38:19,6.78,0.0,6,4068,卖盘
1107,13:38:24,6.78,0.0,2,1356,卖盘
1108,13:38:28,6.78,0.0,57,38646,卖盘
1109,13:38:33,6.78,0.0,1,678,买盘
1110,13:38:40,6.77,-0.01,44,29824,卖盘
1111,13:38:54,6.77,0.0,7,4739,卖盘
1112,13:38:58,6.78,0.01,2,1356,买盘
1113,13:39:01,6.78,0.0,11,7458,买盘
1114,13:39:04,6.77,-0.01,73,49421,卖盘
1115,13:39:12,6.78,0.01,6,4068,买盘
1116,13:39:15,6.78,0.0,20,13560,买盘
1117,13:39:19,6.78,0.0,21,14238,买盘
1118,13:39:25,6.78,0.0,14,9492,买盘
1119,13:39:34,6.77,-0.01,22,14894,卖盘
1120,13:39:39,6.77,0.0,300,203100,卖盘
1121,13:39:42,6.77,0.0,16,10832,卖盘
1122,13:39:46,6.78,0.01,37,25086,买盘
1123,13:39:49,6.77,-0.01,13,8801,卖盘
1124,13:39:52,6.77,0.0,44,29788,买盘
1125,13:40:01,6.77,0.0,10,6770,卖盘
1126,13:40:06,6.77,0.0,11,7455,卖盘
1127,13:40:28,6.76,-0.01,18,12168,卖盘
1128,13:40:30,6.76,0.0,47,31772,卖盘
1129,13:40:49,6.76,0.0,20,13520,卖盘
1130,13:40:52,6.76,0.0,12,8122,卖盘
1131,13:40:55,6.77,0.01,19,12863,买盘
1132,13:40:58,6.77,0.0,38,25726,买盘
1133,13:41:00,6.78,0.01,118,79961,买盘
1134,13:41:21,6.78,0.0,49,33222,买盘
1135,13:41:27,6.77,-0.01,5,3385,卖盘
1136,13:41:30,6.78,0.01,29,19662,买盘
1137,13:41:34,6.78,0.0,22,14916,卖盘
1138,13:41:37,6.77,-0.01,28,18974,卖盘
1139,13:41:48,6.78,0.01,10,6780,买盘
1140,13:41:51,6.78,0.0,50,33900,买盘
1141,13:42:04,6.78,0.0,50,33900,卖盘
1142,13:42:12,6.78,0.0,1,678,卖盘
1143,13:42:15,6.78,0.0,10,6780,卖盘
1144,13:42:18,6.79,0.01,2,1358,买盘
1145,13:42:21,6.78,-0.01,19,12891,中性盘
1146,13:42:31,6.78,0.0,22,14916,卖盘
1147,13:42:37,6.78,0.0,5,3390,买盘
1148,13:42:55,6.78,0.0,1,678,买盘
1149,13:43:00,6.78,0.0,45,30510,买盘
1150,13:43:04,6.78,0.0,50,33900,买盘
1151,13:43:12,6.78,0.0,30,20340,买盘
1152,13:43:27,6.78,0.0,10,6780,卖盘
1153,13:43:30,6.79,0.01,51,34579,买盘
1154,13:43:34,6.79,0.0,23,15617,买盘
1155,13:43:45,6.79,0.0,2,1358,买盘
1156,13:43:57,6.79,0.0,4,2716,买盘
1157,13:44:04,6.79,0.0,7,4753,买盘
1158,13:44:09,6.79,0.0,11,7459,买盘
1159,13:44:12,6.79,0.0,2,1358,买盘
1160,13:44:16,6.78,-0.01,5,3390,卖盘
1161,13:44:27,6.78,0.0,20,13560,卖盘
1162,13:44:34,6.78,0.0,32,21696,卖盘
1163,13:44:40,6.78,0.0,6,4068,卖盘
1164,13:45:01,6.77,-0.01,8,5416,卖盘
1165,13:45:06,6.78,0.01,1,678,买盘
1166,13:45:12,6.77,-0.01,50,33850,卖盘
1167,13:45:16,6.78,0.01,26,17628,买盘
1168,13:45:18,6.77,-0.01,162,109674,卖盘
1169,13:45:24,6.77,0.0,38,25713,买盘
1170,13:45:52,6.75,-0.02,165,111386,卖盘
1171,13:46:01,6.75,0.0,1,675,买盘
1172,13:46:33,6.75,0.0,10,6750,卖盘
1173,13:46:37,6.75,0.0,122,82350,卖盘
1174,13:46:46,6.75,0.0,8,5400,买盘
1175,13:46:51,6.74,-0.01,37,24938,卖盘
1176,13:46:57,6.75,0.01,7,4725,买盘
1177,13:47:00,6.74,-0.01,10,6740,卖盘
1178,13:47:06,6.74,0.0,12,8088,卖盘
1179,13:47:09,6.75,0.01,25,16875,买盘
1180,13:47:12,6.74,-0.01,70,47225,卖盘
1181,13:47:15,6.75,0.01,1,675,中性盘
1182,13:47:21,6.76,0.01,16,10816,买盘
1183,13:47:33,6.76,0.0,5,3380,卖盘
1184,13:47:40,6.76,0.0,10,6760,买盘
1185,13:47:46,6.75,-0.01,27,18225,卖盘
1186,13:47:49,6.76,0.01,15,10140,买盘
1187,13:47:51,6.75,-0.01,2,1350,卖盘
1188,13:47:55,6.75,0.0,59,39847,卖盘
1189,13:47:58,6.75,0.0,10,6750,卖盘
1190,13:48:00,6.75,0.0,66,44550,卖盘
1191,13:48:04,6.74,-0.01,10,6740,卖盘
1192,13:48:06,6.75,0.01,109,73575,买盘
1193,13:48:09,6.75,0.0,1,675,卖盘
1194,13:48:13,6.75,0.0,1,675,卖盘
1195,13:48:19,6.76,0.01,38,25688,买盘
1196,13:48:22,6.75,-0.01,30,20250,卖盘
1197,13:48:31,6.75,0.0,100,67500,卖盘
1198,13:48:34,6.75,0.0,13,8775,卖盘
1199,13:48:43,6.76,0.01,100,67600,买盘
1200,13:48:49,6.76,0.0,17,11492,买盘
1201,13:48:52,6.76,0.0,65,43889,买盘
1202,13:49:06,6.76,0.0,30,20280,买盘
1203,13:49:10,6.76,0.0,6,4056,卖盘
1204,13:49:15,6.76,0.0,18,12168,卖盘
1205,13:49:18,6.76,0.0,10,6760,卖盘
1206,13:49:31,6.76,0.0,11,7436,卖盘
1207,13:49:33,6.76,0.0,89,60164,买盘
1208,13:49:37,6.76,0.0,23,15548,卖盘
1209,13:49:39,6.76,0.0,5,3380,卖盘
1210,13:49:42,6.76,0.0,29,19604,卖盘
1211,13:49:45,6.76,0.0,10,6760,买盘
1212,13:49:48,6.76,0.0,3,2028,买盘
1213,13:49:51,6.76,0.0,1,676,买盘
1214,13:49:55,6.76,0.0,6,4056,买盘
1215,13:50:01,6.76,0.0,20,13520,买盘
1216,13:50:04,6.76,0.0,42,28392,买盘
1217,13:50:12,6.76,0.0,1,676,卖盘
1218,13:50:15,6.76,0.0,1,676,买盘
1219,13:50:18,6.76,0.0,30,20280,买盘
1220,13:50:21,6.76,0.0,29,19604,买盘
1221,13:50:28,6.76,0.0,30,20280,买盘
1222,13:50:52,6.75,-0.01,34,22950,卖盘
1223,13:51:06,6.76,0.01,5,3380,买盘
1224,13:51:09,6.76,0.0,26,17576,买盘
1225,13:51:12,6.76,0.0,60,40510,买盘
1226,13:51:16,6.76,0.0,5,3380,买盘
1227,13:51:19,6.76,0.0,39,26364,买盘
1228,13:51:22,6.76,0.0,3,2028,卖盘
1229,13:51:25,6.76,0.0,45,30420,卖盘
1230,13:51:27,6.76,0.0,5,3380,买盘
1231,13:51:30,6.76,0.0,23,15548,买盘
1232,13:51:40,6.76,0.0,17,11492,买盘
1233,13:51:43,6.75,-0.01,36,24300,卖盘
1234,13:51:49,6.76,0.01,38,25688,买盘
1235,13:52:01,6.76,0.0,69,46581,卖盘
1236,13:52:04,6.76,0.0,58,39208,卖盘
1237,13:52:13,6.76,0.0,30,20280,卖盘
1238,13:52:16,6.76,0.0,18,12168,卖盘
1239,13:52:25,6.77,0.01,1,677,买盘
1240,13:52:33,6.76,-0.01,100,67600,卖盘
1241,13:52:49,6.77,0.01,88,59576,买盘
1242,13:52:54,6.76,-0.01,54,36548,卖盘
1243,13:53:13,6.77,0.01,11,7447,买盘
1244,13:53:16,6.76,-0.01,50,33800,卖盘
1245,13:53:19,6.77,0.01,2,1354,买盘
1246,13:53:28,6.76,-0.01,228,154188,卖盘
1247,13:53:37,6.76,0.0,53,35828,买盘
1248,13:53:48,6.76,0.0,50,33800,卖盘
1249,13:53:55,6.76,0.0,78,52728,卖盘
1250,13:53:58,6.76,0.0,26,17576,买盘
1251,13:54:07,6.76,0.0,3,2028,卖盘
1252,13:54:09,6.76,0.0,90,60840,卖盘
1253,13:54:18,6.77,0.01,10,6770,买盘
1254,13:54:25,6.77,0.0,30,20310,买盘
1255,13:54:28,6.77,0.0,147,99519,买盘
1256,13:54:37,6.76,-0.01,4,2704,卖盘
1257,13:54:43,6.77,0.01,50,33850,买盘
1258,13:54:58,6.77,0.0,1,677,买盘
1259,13:55:04,6.76,-0.01,26,17576,卖盘
1260,13:55:10,6.76,0.0,137,92612,卖盘
1261,13:55:21,6.75,-0.01,3,2025,卖盘
1262,13:55:27,6.75,0.0,10,6750,卖盘
1263,13:55:48,6.75,0.0,10,6750,卖盘
1264,13:55:54,6.75,0.0,9,6075,卖盘
1265,13:56:01,6.75,0.0,27,18225,卖盘
1266,13:56:10,6.75,0.0,24,16200,卖盘
1267,13:56:12,6.75,0.0,44,29700,卖盘
1268,13:56:15,6.75,0.0,179,120825,卖盘
1269,13:56:24,6.75,0.0,26,17550,卖盘
1270,13:56:33,6.75,0.0,10,6750,卖盘
1271,13:56:40,6.75,0.0,2,1350,卖盘
1272,13:56:42,6.75,0.0,7,4725,卖盘
1273,13:56:51,6.75,0.0,50,33750,卖盘
1274,13:56:54,6.76,0.01,4,2704,买盘
1275,13:57:01,6.75,-0.01,91,61425,卖盘
1276,13:57:22,6.75,0.0,6,4050,买盘
1277,13:57:25,6.74,-0.01,750,505500,卖盘
1278,13:57:34,6.73,-0.01,315,211995,卖盘
1279,13:57:40,6.72,-0.01,20,13440,卖盘
1280,13:57:43,6.72,0.0,29,19488,卖盘
1281,13:57:46,6.73,0.01,22,14806,买盘
1282,13:57:58,6.73,0.0,2,1346,卖盘
1283,13:58:04,6.73,0.0,15,10095,卖盘
1284,13:58:10,6.73,0.0,5,3365,卖盘
1285,13:58:12,6.73,0.0,35,23555,卖盘
1286,13:58:15,6.76,0.03,709,478372,买盘
1287,13:58:27,6.76,0.0,10,6760,卖盘
1288,13:58:31,6.76,0.0,14,9464,卖盘
1289,13:58:36,6.76,0.0,5,3380,卖盘
1290,13:58:46,6.77,0.01,10,6770,买盘
1291,13:58:55,6.76,-0.01,51,34477,卖盘
1292,13:58:57,6.76,0.0,110,74370,卖盘
1293,13:59:04,6.77,0.01,5,3385,买盘
1294,13:59:25,6.76,-0.01,20,13520,卖盘
1295,13:59:40,6.76,0.0,10,6760,卖盘
1296,13:59:43,6.77,0.01,16,10832,买盘
1297,13:59:52,6.77,0.0,829,560547,买盘
1298,13:59:54,6.76,-0.01,311,209772,卖盘
1299,14:00:00,6.76,0.0,20,13520,卖盘
1300,14:00:06,6.77,0.01,29,19628,买盘
1301,14:00:10,6.76,-0.01,596,402906,卖盘
1302,14:00:13,6.76,0.0,80,54080,卖盘
1303,14:00:16,6.77,0.01,32,21664,买盘
1304,14:00:19,6.76,-0.01,1,676,卖盘
1305,14:00:22,6.76,0.0,59,39884,卖盘
1306,14:00:25,6.77,0.01,40,27057,买盘
1307,14:00:30,6.76,-0.01,20,13520,卖盘
1308,14:00:36,6.76,0.0,12,8112,卖盘
1309,14:00:39,6.76,0.0,224,151424,卖盘
1310,14:00:42,6.76,0.0,40,27527,卖盘
1311,14:00:48,6.76,0.0,53,35828,买盘
1312,14:00:58,6.76,0.0,28,18908,买盘
1313,14:01:00,6.75,-0.01,12,8100,卖盘
1314,14:01:04,6.75,0.0,15,10125,卖盘
1315,14:01:07,6.75,0.0,26,17550,卖盘
1316,14:01:21,6.73,-0.02,20,13460,卖盘
1317,14:01:28,6.75,0.02,1,675,买盘
1318,14:01:34,6.74,-0.01,11,7414,卖盘
1319,14:01:43,6.74,0.0,60,40440,卖盘
1320,14:01:46,6.75,0.01,8,5400,买盘
1321,14:02:09,6.74,-0.01,23,15502,卖盘
1322,14:02:13,6.74,0.0,50,33700,卖盘
1323,14:02:19,6.74,0.0,1,674,卖盘
1324,14:02:34,6.75,0.01,10,6750,买盘
1325,14:02:43,6.75,0.0,20,13500,买盘
1326,14:02:52,6.75,0.0,101,68175,买盘
1327,14:02:58,6.74,-0.01,5,3370,卖盘
1328,14:03:01,6.75,0.01,10,6750,买盘
1329,14:03:07,6.75,0.0,25,16875,买盘
1330,14:03:13,6.75,0.0,10,6750,卖盘
1331,14:03:22,6.75,0.0,10,6750,卖盘
1332,14:03:31,6.76,0.01,17,11492,买盘
1333,14:03:40,6.76,0.0,22,14872,买盘
1334,14:03:42,6.75,-0.01,22,14852,卖盘
1335,14:03:46,6.75,0.0,20,13500,卖盘
1336,14:03:48,6.75,0.0,9,6075,买盘
1337,14:03:55,6.75,0.0,9,6075,买盘
1338,14:03:57,6.75,0.0,33,22272,买盘
1339,14:04:18,6.75,0.0,10,6750,买盘
1340,14:04:21,6.75,0.0,106,71550,买盘
1341,14:04:37,6.75,0.0,60,40500,卖盘
1342,14:04:40,6.75,0.0,14,9450,买盘
1343,14:04:45,6.75,0.0,40,27000,买盘
1344,14:04:48,6.75,0.0,20,13500,买盘
1345,14:04:55,6.75,0.0,61,41175,买盘
1346,14:05:10,6.76,0.01,66,44616,买盘
1347,14:05:12,6.75,-0.01,1,675,卖盘
1348,14:05:27,6.75,0.0,1,675,卖盘
1349,14:05:45,6.75,0.0,109,73575,卖盘
1350,14:05:58,6.76,0.01,103,69577,买盘
1351,14:06:28,6.76,0.0,41,27716,买盘
1352,14:06:34,6.76,0.0,2,1352,买盘
1353,14:06:40,6.76,0.0,30,20280,买盘
1354,14:06:43,6.75,-0.01,10,6750,卖盘
1355,14:06:52,6.75,0.0,10,6750,买盘
1356,14:07:01,6.74,-0.01,74,49881,卖盘
1357,14:07:27,6.74,0.0,18,12132,卖盘
1358,14:07:36,6.74,0.0,8,5392,卖盘
1359,14:07:40,6.74,0.0,94,63356,卖盘
1360,14:07:45,6.73,-0.01,15,10095,卖盘
1361,14:07:52,6.73,0.0,91,61243,卖盘
1362,14:08:01,6.73,0.0,6,4038,卖盘
1363,14:08:04,6.73,0.0,17,11441,卖盘
1364,14:08:10,6.73,0.0,30,20190,卖盘
1365,14:08:13,6.73,0.0,10,6730,卖盘
1366,14:08:19,6.73,0.0,5,3365,卖盘
1367,14:08:24,6.73,0.0,20,13460,卖盘
1368,14:08:34,6.73,0.0,6,4043,卖盘
1369,14:08:42,6.74,0.01,25,16830,买盘
1370,14:08:45,6.73,-0.01,5,3365,卖盘
1371,14:08:58,6.73,0.0,14,9422,卖盘
1372,14:09:22,6.74,0.01,67,45158,买盘
1373,14:09:24,6.74,0.0,9,6066,卖盘
1374,14:09:27,6.73,-0.01,71,47823,卖盘
1375,14:10:07,6.73,0.0,10,6730,卖盘
1376,14:10:19,6.73,0.0,31,20863,卖盘
1377,14:10:21,6.73,0.0,8,5384,买盘
1378,14:10:52,6.72,-0.01,215,144480,卖盘
1379,14:11:00,6.72,0.0,115,77280,卖盘
1380,14:11:04,6.72,0.0,1,672,买盘
1381,14:11:10,6.72,0.0,10,6720,买盘
1382,14:11:12,6.7,-0.02,200,134093,卖盘
1383,14:11:18,6.7,0.0,126,84420,卖盘
1384,14:11:24,6.69,-0.01,11,7359,卖盘
1385,14:11:28,6.68,-0.01,61,40802,卖盘
1386,14:11:33,6.7,0.02,2,1340,买盘
1387,14:11:37,6.69,-0.01,3,2007,买盘
1388,14:11:40,6.69,0.0,3,2007,买盘
1389,14:11:43,6.69,0.0,9,6021,买盘
1390,14:11:46,6.69,0.0,15,10035,买盘
1391,14:11:49,6.69,0.0,46,30764,买盘
1392,14:11:52,6.68,-0.01,89,59502,卖盘
1393,14:11:54,6.69,0.01,20,13380,中性盘
1394,14:11:57,6.68,-0.01,135,90213,卖盘
1395,14:12:00,6.68,0.0,92,61456,卖盘
1396,14:12:04,6.68,0.0,32,21376,买盘
1397,14:12:06,6.68,0.0,3,2004,买盘
1398,14:12:09,6.68,0.0,51,34061,买盘
1399,14:12:13,6.68,0.0,16,10688,买盘
1400,14:12:16,6.68,0.0,25,16700,买盘
1401,14:12:24,6.68,0.0,27,18036,卖盘
1402,14:12:27,6.7,0.02,1,670,买盘
1403,14:13:04,6.7,0.0,538,360460,买盘
1404,14:13:31,6.7,0.0,9,6030,卖盘
1405,14:13:36,6.72,0.02,16,10752,买盘
1406,14:14:01,6.71,-0.01,1,671,卖盘
1407,14:14:04,6.71,0.0,2,1342,卖盘
1408,14:14:10,6.71,0.0,2,1342,卖盘
1409,14:14:13,6.7,-0.01,20,13411,卖盘
1410,14:14:31,6.7,0.0,186,124620,卖盘
1411,14:14:40,6.69,-0.01,5,3345,卖盘
1412,14:14:43,6.69,0.0,15,10035,卖盘
1413,14:14:49,6.7,0.01,16,10715,买盘
1414,14:14:51,6.69,-0.01,31,20739,卖盘
1415,14:14:54,6.69,0.0,30,20070,买盘
1416,14:14:57,6.69,0.0,44,29436,买盘
1417,14:15:01,6.69,0.0,20,13380,卖盘
1418,14:15:12,6.69,0.0,2,1338,卖盘
1419,14:15:28,6.69,0.0,10,6690,卖盘
1420,14:15:39,6.69,0.0,10,6690,卖盘
1421,14:15:55,6.69,0.0,83,55527,卖盘
1422,14:16:07,6.7,0.01,5,3350,买盘
1423,14:16:09,6.69,-0.01,20,13380,卖盘
1424,14:16:12,6.7,0.01,35,23450,买盘
1425,14:16:22,6.71,0.01,15,10065,买盘
1426,14:16:36,6.7,-0.01,3,2010,卖盘
1427,14:16:49,6.7,0.0,80,53600,卖盘
1428,14:16:55,6.72,0.02,100,67035,买盘
1429,14:16:58,6.69,-0.03,69,46161,卖盘
1430,14:17:04,6.71,0.02,2,1342,买盘
1431,14:17:06,6.7,-0.01,10,6700,卖盘
1432,14:17:13,6.7,0.0,10,6700,卖盘
1433,14:17:22,6.7,0.0,10,6700,买盘
1434,14:17:31,6.71,0.01,59,39582,买盘
1435,14:17:33,6.7,-0.01,15,10050,卖盘
1436,14:17:40,6.7,0.0,16,10720,买盘
1437,14:17:46,6.7,0.0,9,6030,买盘
1438,14:17:49,6.7,0.0,2,1340,买盘
1439,14:17:52,6.7,0.0,157,105190,卖盘
1440,14:18:04,6.7,0.0,40,26800,卖盘
1441,14:18:07,6.71,0.01,206,138225,买盘
1442,14:18:19,6.7,-0.01,72,48240,卖盘
1443,14:18:28,6.7,0.0,86,57620,卖盘
1444,14:18:34,6.7,0.0,15,10050,买盘
1445,14:18:36,6.7,0.0,4,2680,买盘
1446,14:18:40,6.69,-0.01,22,14718,卖盘
1447,14:18:46,6.69,0.0,30,20070,卖盘
1448,14:18:52,6.69,0.0,113,75597,卖盘
1449,14:18:55,6.69,0.0,90,60210,卖盘
1450,14:19:00,6.69,0.0,46,30774,卖盘
1451,14:19:04,6.7,0.01,1,670,买盘
1452,14:19:07,6.68,-0.02,103,68804,卖盘
1453,14:19:15,6.7,0.02,8,5360,买盘
1454,14:19:18,6.69,-0.01,7,4683,卖盘
1455,14:19:22,6.69,0.0,3,2007,卖盘
1456,14:19:51,6.69,0.0,5,3345,卖盘
1457,14:19:55,6.69,0.0,1,669,卖盘
1458,14:20:16,6.7,0.01,30,20100,买盘
1459,14:20:25,6.7,0.0,8,5360,买盘
1460,14:20:31,6.7,0.0,20,13400,买盘
1461,14:20:49,6.7,0.0,56,37520,买盘
1462,14:20:55,6.7,0.0,20,13400,买盘
1463,14:21:00,6.7,0.0,84,56280,买盘
1464,14:21:06,6.7,0.0,1,670,买盘
1465,14:21:12,6.7,0.0,2,1340,卖盘
1466,14:21:52,6.71,0.01,10,6710,买盘
1467,14:22:04,6.72,0.01,2,1344,买盘
1468,14:22:19,6.71,-0.01,9,6039,卖盘
1469,14:22:22,6.72,0.01,1,672,买盘
1470,14:22:30,6.72,0.0,36,24192,买盘
1471,14:22:33,6.71,-0.01,10,6710,卖盘
1472,14:22:37,6.71,0.0,41,27511,卖盘
1473,14:22:55,6.71,0.0,9,6039,买盘
1474,14:23:30,6.71,0.0,120,80520,卖盘
1475,14:23:40,6.71,0.0,27,18117,卖盘
1476,14:23:46,6.71,0.0,29,19459,买盘
1477,14:23:51,6.71,0.0,12,8052,买盘
1478,14:24:06,6.71,0.0,5,3355,买盘
1479,14:24:10,6.71,0.0,7,4697,买盘
1480,14:24:13,6.71,0.0,1,671,买盘
1481,14:24:31,6.71,0.0,33,22143,卖盘
1482,14:24:34,6.71,0.0,34,22814,买盘
1483,14:24:43,6.71,0.0,18,12078,卖盘
1484,14:24:46,6.72,0.01,100,67140,买盘
1485,14:24:49,6.71,-0.01,10,6710,卖盘
1486,14:24:52,6.71,0.0,10,6710,卖盘
1487,14:25:07,6.72,0.01,65,43680,买盘
1488,14:25:15,6.72,0.0,10,6720,买盘
1489,14:25:18,6.72,0.0,3,2016,买盘
1490,14:25:21,6.72,0.0,7,4704,买盘
1491,14:25:36,6.72,0.0,40,26880,卖盘
1492,14:25:39,6.72,0.0,13,8736,卖盘
1493,14:25:57,6.71,-0.01,100,67100,卖盘
1494,14:26:21,6.72,0.01,3,2016,买盘
1495,14:26:48,6.72,0.0,2,1344,买盘
1496,14:27:00,6.72,0.0,41,27552,买盘
1497,14:27:04,6.71,-0.01,114,76498,卖盘
1498,14:27:19,6.71,0.0,27,18130,卖盘
1499,14:27:37,6.71,0.0,5,3355,买盘
1500,14:27:45,6.71,0.0,41,27511,买盘
1501,14:27:48,6.71,0.0,17,11407,卖盘
1502,14:28:06,6.71,0.0,102,68442,卖盘
1503,14:28:16,6.71,0.0,2,1342,买盘
1504,14:28:18,6.7,-0.01,20,13400,卖盘
1505,14:28:27,6.71,0.01,5,3355,买盘
1506,14:28:37,6.7,-0.01,178,119260,卖盘
1507,14:28:39,6.7,0.0,2,1340,买盘
1508,14:28:46,6.69,-0.01,6,4014,卖盘
1509,14:28:52,6.69,0.0,77,51513,卖盘
1510,14:29:06,6.7,0.01,38,25460,买盘
1511,14:29:18,6.7,0.0,17,11390,卖盘
1512,14:29:21,6.7,0.0,45,30150,卖盘
1513,14:29:31,6.7,0.0,5,3350,买盘
1514,14:29:52,6.7,0.0,15,10050,卖盘
1515,14:29:55,6.7,0.0,16,10720,买盘
1516,14:30:06,6.7,0.0,23,15410,买盘
1517,14:30:12,6.69,-0.01,187,125103,卖盘
1518,14:30:25,6.69,0.0,259,172997,买盘
1519,14:30:43,6.67,-0.02,86,57362,卖盘
1520,14:30:45,6.66,-0.01,16,10656,卖盘
1521,14:30:58,6.66,0.0,30,19980,卖盘
1522,14:31:00,6.66,0.0,66,43956,卖盘
1523,14:31:04,6.66,0.0,39,25974,卖盘
1524,14:31:10,6.65,-0.01,13,8645,卖盘
1525,14:31:13,6.65,0.0,9,5985,卖盘
1526,14:31:16,6.65,0.0,25,16625,卖盘
1527,14:31:21,6.65,0.0,91,60515,卖盘
1528,14:31:24,6.65,0.0,92,61180,卖盘
1529,14:31:28,6.65,0.0,36,23940,卖盘
1530,14:31:31,6.64,-0.01,260,172659,卖盘
1531,14:31:37,6.64,0.0,29,19256,买盘
1532,14:31:49,6.64,0.0,35,23240,买盘
1533,14:31:55,6.65,0.01,68,45168,买盘
1534,14:31:57,6.64,-0.01,10,6640,卖盘
1535,14:32:00,6.64,0.0,16,10624,卖盘
1536,14:32:06,6.65,0.01,25,16625,买盘
1537,14:32:10,6.64,-0.01,23,15272,卖盘
1538,14:32:12,6.64,0.0,72,47858,买盘
1539,14:32:21,6.65,0.01,728,484120,买盘
1540,14:32:25,6.64,-0.01,140,92961,卖盘
1541,14:32:28,6.64,0.0,60,39840,买盘
1542,14:32:45,6.66,0.02,100,66600,买盘
1543,14:32:51,6.66,0.0,20,13320,买盘
1544,14:32:54,6.69,0.03,1537,1027660,买盘
1545,14:32:58,6.7,0.01,34,22778,买盘
1546,14:33:01,6.7,0.0,3,2010,买盘
1547,14:33:04,6.7,0.0,2,1340,买盘
1548,14:33:07,6.7,0.0,55,36850,买盘
1549,14:33:12,6.7,0.0,15,10040,买盘
1550,14:33:15,6.7,0.0,8,5360,卖盘
1551,14:33:31,6.7,0.0,6,4020,买盘
1552,14:33:33,6.7,0.0,12,8040,卖盘
1553,14:33:36,6.7,0.0,24,16080,卖盘
1554,14:33:40,6.69,-0.01,1,669,买盘
1555,14:34:16,6.69,0.0,5,3345,买盘
1556,14:34:37,6.69,0.0,13,8697,买盘
1557,14:34:49,6.68,-0.01,66,44088,卖盘
1558,14:34:58,6.68,0.0,27,18036,买盘
1559,14:35:22,6.68,0.0,44,29392,买盘
1560,14:35:37,6.69,0.01,1,669,买盘
1561,14:35:49,6.7,0.01,30,20100,买盘
1562,14:35:54,6.7,0.0,15,10050,买盘
1563,14:36:22,6.7,0.0,74,49580,买盘
1564,14:36:24,6.69,-0.01,92,61598,卖盘
1565,14:36:34,6.7,0.01,20,13400,买盘
1566,14:36:45,6.69,-0.01,56,37464,卖盘
1567,14:36:49,6.68,-0.01,26,17368,卖盘
1568,14:37:16,6.69,0.01,6,4014,买盘
1569,14:37:19,6.67,-0.02,160,106804,卖盘
1570,14:37:31,6.68,0.01,1,668,买盘
1571,14:37:33,6.69,0.01,51,34110,买盘
1572,14:37:39,6.68,-0.01,4,2672,买盘
1573,14:37:46,6.67,-0.01,1,667,卖盘
1574,14:37:49,6.68,0.01,20,13360,买盘
1575,14:37:52,6.67,-0.01,5,3335,卖盘
1576,14:37:58,6.67,0.0,19,12673,卖盘
1577,14:38:06,6.66,-0.01,107,71320,卖盘
1578,14:38:16,6.66,0.0,96,63936,卖盘
1579,14:38:28,6.66,0.0,91,60606,卖盘
1580,14:38:40,6.66,0.0,10,6660,买盘
1581,14:38:43,6.65,-0.01,30,19950,卖盘
1582,14:38:49,6.66,0.01,37,24642,买盘
1583,14:38:52,6.65,-0.01,41,27293,卖盘
1584,14:38:55,6.66,0.01,318,211788,买盘
1585,14:38:57,6.66,0.0,22,14652,卖盘
1586,14:39:01,6.66,0.0,178,118548,卖盘
1587,14:39:13,6.66,0.0,8,5328,卖盘
1588,14:39:15,6.65,-0.01,52,34605,卖盘
1589,14:39:28,6.68,0.03,64,42742,买盘
1590,14:39:40,6.68,0.0,49,32732,买盘
1591,14:39:43,6.66,-0.02,36,23976,卖盘
1592,14:39:52,6.66,0.0,9,5994,买盘
1593,14:39:55,6.66,0.0,12,7993,卖盘
1594,14:39:58,6.67,0.01,1,667,买盘
1595,14:40:01,6.67,0.0,11,7337,买盘
1596,14:40:04,6.66,-0.01,513,341717,卖盘
1597,14:40:34,6.67,0.01,5,3335,卖盘
1598,14:40:40,6.67,0.0,30,20010,卖盘
1599,14:40:43,6.67,0.0,71,47357,卖盘
1600,14:40:45,6.66,-0.01,125,83372,卖盘
1601,14:40:48,6.68,0.02,22,14696,买盘
1602,14:41:06,6.67,-0.01,1,667,买盘
1603,14:41:16,6.66,-0.01,1,666,卖盘
1604,14:41:19,6.67,0.01,23,15341,买盘
1605,14:41:25,6.66,-0.01,16,10656,卖盘
1606,14:41:27,6.66,0.0,20,13320,卖盘
1607,14:41:34,6.66,0.0,100,66600,卖盘
1608,14:41:46,6.66,0.0,7,4662,卖盘
1609,14:41:57,6.66,0.0,10,6660,卖盘
1610,14:42:04,6.66,0.0,10,6660,卖盘
1611,14:42:06,6.65,-0.01,58,38578,卖盘
1612,14:42:15,6.66,0.01,15,9990,买盘
1613,14:42:21,6.66,0.0,54,35964,买盘
1614,14:42:31,6.66,0.0,30,19980,买盘
1615,14:42:43,6.66,0.0,12,7992,买盘
1616,14:42:49,6.66,0.0,2,1332,买盘
1617,14:42:55,6.65,-0.01,50,33250,卖盘
1618,14:43:10,6.66,0.01,60,39920,买盘
1619,14:43:22,6.66,0.0,30,19980,买盘
1620,14:43:25,6.66,0.0,39,25974,买盘
1621,14:43:37,6.66,0.0,23,15318,卖盘
1622,14:43:52,6.65,-0.01,112,74572,卖盘
1623,14:44:21,6.65,0.0,19,12635,卖盘
1624,14:44:24,6.66,0.01,10,6660,买盘
1625,14:44:28,6.65,-0.01,43,28596,卖盘
1626,14:44:30,6.65,0.0,78,51870,卖盘
1627,14:44:40,6.66,0.01,1,666,买盘
1628,14:44:46,6.66,0.0,8,5328,买盘
1629,14:44:51,6.65,-0.01,112,74555,卖盘
1630,14:44:55,6.65,0.0,67,44560,卖盘
1631,14:44:58,6.65,0.0,50,33250,卖盘
1632,14:45:04,6.65,0.0,50,33250,卖盘
1633,14:45:07,6.65,0.0,80,53220,卖盘
1634,14:45:10,6.65,0.0,62,41230,卖盘
1635,14:45:16,6.66,0.01,17,11322,买盘
1636,14:45:19,6.65,-0.01,20,13315,卖盘
1637,14:45:21,6.65,0.0,54,35910,卖盘
1638,14:45:25,6.66,0.01,42,27972,买盘
1639,14:45:28,6.66,0.0,5,3330,买盘
1640,14:45:31,6.65,-0.01,10,6650,卖盘
1641,14:45:34,6.66,0.01,11,7326,买盘
1642,14:45:37,6.66,0.0,15,9990,买盘
1643,14:45:43,6.66,0.0,35,23310,买盘
1644,14:45:46,6.65,-0.01,6,3994,卖盘
1645,14:45:58,6.66,0.01,1,666,卖盘
1646,14:46:00,6.65,-0.01,26,17290,卖盘
1647,14:46:07,6.66,0.01,45,29970,买盘
1648,14:46:15,6.65,-0.01,100,66500,卖盘
1649,14:46:18,6.66,0.01,4,2664,买盘
1650,14:46:24,6.65,-0.01,7,4655,卖盘
1651,14:46:28,6.65,0.0,19,12649,卖盘
1652,14:46:37,6.67,0.02,320,213241,买盘
1653,14:46:39,6.67,0.0,20,13340,卖盘
1654,14:46:45,6.67,0.0,15,10005,卖盘
1655,14:46:57,6.66,-0.01,16,10656,买盘
1656,14:47:04,6.66,0.0,12,7992,买盘
1657,14:47:09,6.66,0.0,6,3996,卖盘
1658,14:47:15,6.66,0.0,12,7992,买盘
1659,14:47:19,6.66,0.0,38,25308,买盘
1660,14:47:28,6.66,0.0,10,6660,买盘
1661,14:47:30,6.65,-0.01,20,13300,卖盘
1662,14:47:43,6.65,0.0,382,254314,卖盘
1663,14:47:46,6.65,0.0,50,33250,卖盘
1664,14:47:52,6.64,-0.01,200,132825,卖盘
1665,14:47:58,6.65,0.01,4,2660,卖盘
1666,14:48:04,6.65,0.0,16,10640,买盘
1667,14:48:25,6.64,-0.01,5,3320,卖盘
1668,14:48:28,6.65,0.01,2,1330,买盘
1669,14:48:43,6.64,-0.01,11,7314,卖盘
1670,14:48:55,6.65,0.01,82,54498,买盘
1671,14:48:58,6.65,0.0,46,30590,买盘
1672,14:49:01,6.64,-0.01,9,5980,卖盘
1673,14:49:04,6.65,0.01,1,665,买盘
1674,14:49:10,6.65,0.0,20,13300,卖盘
1675,14:49:13,6.64,-0.01,100,66400,卖盘
1676,14:49:21,6.65,0.01,5,3325,买盘
1677,14:49:28,6.65,0.0,11,7309,买盘
1678,14:49:33,6.64,-0.01,4,2656,卖盘
1679,14:49:36,6.64,0.0,1,664,卖盘
1680,14:49:43,6.65,0.01,20,13300,买盘
1681,14:49:46,6.64,-0.01,10,6640,卖盘
1682,14:49:52,6.64,0.0,24,15936,卖盘
1683,14:50:13,6.64,0.0,60,39840,卖盘
1684,14:50:15,6.65,0.01,70,46550,买盘
1685,14:50:28,6.65,0.0,15,9975,买盘
1686,14:50:34,6.64,-0.01,50,33200,卖盘
1687,14:50:39,6.65,0.01,25,16625,买盘
1688,14:50:49,6.65,0.0,100,66500,买盘
1689,14:50:52,6.65,0.0,45,29925,买盘
1690,14:50:55,6.64,-0.01,118,78384,卖盘
1691,14:51:04,6.65,0.01,10,6650,买盘
1692,14:51:12,6.64,-0.01,120,79790,卖盘
1693,14:51:31,6.65,0.01,100,66500,卖盘
1694,14:51:34,6.65,0.0,51,33915,卖盘
1695,14:51:36,6.65,0.0,2,1330,卖盘
1696,14:51:52,6.65,0.0,57,37905,卖盘
1697,14:51:57,6.65,0.0,102,67830,卖盘
1698,14:52:00,6.65,0.0,2,1330,卖盘
1699,14:52:10,6.65,0.0,11,7315,卖盘
1700,14:52:13,6.65,0.0,54,35910,卖盘
1701,14:52:16,6.66,0.01,10,6660,买盘
1702,14:52:33,6.66,0.0,10,6660,买盘
1703,14:52:40,6.66,0.0,156,103896,买盘
1704,14:52:42,6.66,0.0,10,6660,买盘
1705,14:52:45,6.66,0.0,107,71262,买盘
1706,14:53:00,6.66,0.0,20,13320,买盘
1707,14:53:04,6.66,0.0,4,2664,买盘
1708,14:53:09,6.67,0.01,61,40628,买盘
1709,14:53:13,6.66,-0.01,4,2664,卖盘
1710,14:53:16,6.66,0.0,9,5988,买盘
1711,14:53:18,6.66,0.0,19,12654,买盘
1712,14:53:22,6.66,0.0,106,70596,买盘
1713,14:53:27,6.66,0.0,28,18648,卖盘
1714,14:53:34,6.67,0.01,2,1334,买盘
1715,14:53:37,6.67,0.0,4,2668,买盘
1716,14:53:40,6.67,0.0,2,1334,买盘
1717,14:53:52,6.66,-0.01,100,66600,卖盘
1718,14:54:01,6.66,0.0,13,8658,卖盘
1719,14:54:04,6.66,0.0,76,50616,卖盘
1720,14:54:06,6.66,0.0,150,99860,买盘
1721,14:54:10,6.67,0.01,55,36631,买盘
1722,14:54:13,6.65,-0.02,52,34611,卖盘
1723,14:54:16,6.67,0.02,30,20010,买盘
1724,14:54:19,6.67,0.0,4,2668,买盘
1725,14:54:22,6.66,-0.01,8,5328,卖盘
1726,14:54:27,6.67,0.01,16,10672,买盘
1727,14:54:37,6.66,-0.01,4,2664,卖盘
1728,14:54:40,6.67,0.01,61,40687,买盘
1729,14:54:46,6.67,0.0,20,13340,买盘
1730,14:54:54,6.67,0.0,48,32016,买盘
1731,14:54:58,6.67,0.0,25,16655,买盘
1732,14:55:07,6.67,0.0,151,100577,买盘
1733,14:55:09,6.67,0.0,106,70702,买盘
1734,14:55:12,6.67,0.0,4,2668,买盘
1735,14:55:16,6.67,0.0,5,3335,买盘
1736,14:55:22,6.67,0.0,41,27347,买盘
1737,14:55:25,6.66,-0.01,63,41996,卖盘
1738,14:55:28,6.66,0.0,5,3330,卖盘
1739,14:55:34,6.66,0.0,33,21978,卖盘
1740,14:55:40,6.66,0.0,60,40015,卖盘
1741,14:55:46,6.67,0.01,113,75371,买盘
1742,14:55:49,6.67,0.0,9,6003,卖盘
1743,14:55:58,6.68,0.01,10,6680,买盘
1744,14:56:01,6.67,-0.01,36,24018,卖盘
1745,14:56:04,6.67,0.0,19,12677,卖盘
1746,14:56:07,6.67,0.0,277,184839,卖盘
1747,14:56:10,6.67,0.0,299,199593,买盘
1748,14:56:18,6.69,0.02,40,26760,买盘
1749,14:56:21,6.68,-0.01,91,60794,卖盘
1750,14:56:40,6.68,0.0,107,71476,卖盘
1751,14:56:42,6.68,0.0,9,6012,卖盘
1752,14:56:49,6.69,0.01,25,16708,买盘
1753,14:56:51,6.68,-0.01,37,24556,卖盘
1754,14:56:54,6.69,0.01,228,152567,买盘
1755,14:56:58,6.69,0.0,50,33450,卖盘
1756,15:00:04,6.72,0.03,3602,2420880,卖盘
