,time,price,change,volume,amount,type
0,09:25:04,5.54,-0.21,2151,1191654,卖盘
1,09:30:00,5.55,0.01,43,23865,买盘
2,09:30:04,5.53,-0.02,1558,865222,卖盘
3,09:30:07,5.56,0.03,567,314750,卖盘
4,09:30:10,5.55,-0.01,414,229982,卖盘
5,09:30:13,5.55,0.0,333,184968,卖盘
6,09:30:16,5.58,0.03,12,6668,买盘
7,09:30:19,5.6,0.02,96,53743,买盘
8,09:30:21,5.6,0.0,78,43680,卖盘
9,09:30:25,5.6,0.0,143,80178,卖盘
10,09:30:28,5.58,-0.02,400,223858,卖盘
11,09:30:33,5.61,0.03,2,1122,卖盘
12,09:30:37,5.62,0.01,112,62843,买盘
13,09:30:40,5.61,-0.01,132,74038,卖盘
14,09:30:43,5.6,-0.01,173,97048,卖盘
15,09:30:46,5.6,0.0,23,12880,卖盘
16,09:30:48,5.6,0.0,94,52640,卖盘
17,09:30:52,5.59,-0.01,10,5595,卖盘
18,09:30:55,5.59,0.0,16,8944,卖盘
19,09:30:58,5.59,0.0,48,26847,卖盘
20,09:31:01,5.6,0.01,33,18457,买盘
21,09:31:04,5.59,-0.01,25,13975,卖盘
22,09:31:06,5.59,0.0,27,15093,卖盘
23,09:31:09,5.6,0.01,204,114230,买盘
24,09:31:13,5.59,-0.01,140,78365,卖盘
25,09:31:16,5.59,0.0,264,147592,卖盘
26,09:31:19,5.57,-0.02,270,150667,卖盘
27,09:31:22,5.6,0.03,251,140517,买盘
28,09:31:24,5.59,-0.01,22,12298,买盘
29,09:31:28,5.59,0.0,5,2795,买盘
30,09:31:31,5.59,0.0,5,2795,买盘
31,09:31:33,5.58,-0.01,75,41850,卖盘
32,09:31:36,5.56,-0.02,165,91912,卖盘
33,09:31:40,5.59,0.03,83,46323,买盘
34,09:31:43,5.57,-0.02,91,50773,卖盘
35,09:31:46,5.57,0.0,63,35171,卖盘
36,09:31:49,5.59,0.02,2,1118,卖盘
37,09:31:52,5.6,0.01,10,5582,买盘
38,09:31:57,5.6,0.0,21,11760,买盘
39,09:32:01,5.6,0.0,19,10637,买盘
40,09:32:04,5.6,0.0,128,71480,买盘
41,09:32:07,5.6,0.0,70,39198,买盘
42,09:32:09,5.59,-0.01,64,35839,卖盘
43,09:32:13,5.59,0.0,5,2795,买盘
44,09:32:16,5.59,0.0,31,17329,买盘
45,09:32:19,5.6,0.01,15,8400,买盘
46,09:32:22,5.59,-0.01,43,24055,卖盘
47,09:32:25,5.6,0.01,210,117580,买盘
48,09:32:27,5.6,0.0,30,16800,卖盘
49,09:32:31,5.6,0.0,20,11200,卖盘
50,09:32:34,5.61,0.01,55,30855,买盘
51,09:32:39,5.6,-0.01,86,48160,卖盘
52,09:32:43,5.61,0.01,65,36465,买盘
53,09:32:45,5.61,0.0,10,5610,买盘
54,09:32:49,5.6,-0.01,391,218960,卖盘
55,09:32:52,5.61,0.01,68,38109,买盘
56,09:32:55,5.61,0.0,211,118311,买盘
57,09:33:00,5.61,0.0,3,1683,买盘
58,09:33:03,5.6,-0.01,98,54935,卖盘
59,09:33:06,5.6,0.0,23,12883,卖盘
60,09:33:10,5.6,0.0,191,106960,卖盘
61,09:33:12,5.61,0.01,170,95270,买盘
62,09:33:16,5.61,0.0,147,82380,买盘
63,09:33:19,5.61,0.0,103,57780,买盘
64,09:33:21,5.6,-0.01,50,28000,卖盘
65,09:33:25,5.61,0.01,50,28038,买盘
66,09:33:28,5.61,0.0,3,1683,买盘
67,09:33:31,5.6,-0.01,11,6160,卖盘
68,09:33:37,5.6,0.0,111,62160,卖盘
69,09:33:40,5.6,0.0,53,29680,卖盘
70,09:33:43,5.61,0.01,81,45441,买盘
71,09:33:49,5.61,0.0,10,5610,买盘
72,09:33:52,5.61,0.0,1,561,买盘
73,09:33:54,5.6,-0.01,84,47040,卖盘
74,09:33:58,5.6,0.0,27,15133,卖盘
75,09:34:00,5.6,0.0,373,208923,卖盘
76,09:34:04,5.6,0.0,116,64946,卖盘
77,09:34:07,5.6,0.0,127,71164,买盘
78,09:34:10,5.61,0.01,62,34782,买盘
79,09:34:12,5.6,-0.01,125,70006,卖盘
80,09:34:19,5.6,0.0,25,14000,买盘
81,09:34:22,5.59,-0.01,108,60394,卖盘
82,09:34:25,5.6,0.01,43,24080,买盘
83,09:34:28,5.59,-0.01,18,10062,卖盘
84,09:34:31,5.6,0.01,36,20139,买盘
85,09:34:33,5.6,0.0,112,62718,买盘
86,09:34:40,5.6,0.0,59,33037,卖盘
87,09:34:43,5.6,0.0,46,25741,买盘
88,09:34:46,5.6,0.0,18,10080,买盘
89,09:34:48,5.59,-0.01,94,52608,卖盘
90,09:34:52,5.59,0.0,52,29068,卖盘
91,09:34:55,5.6,0.01,16,8960,买盘
92,09:34:57,5.59,-0.01,50,27950,卖盘
93,09:35:01,5.6,0.01,25,14000,买盘
94,09:35:04,5.59,-0.01,11,6149,卖盘
95,09:35:06,5.6,0.01,21,11760,买盘
96,09:35:10,5.59,-0.01,101,56460,卖盘
97,09:35:16,5.59,0.0,263,147019,卖盘
98,09:35:21,5.58,-0.01,236,131699,卖盘
99,09:35:25,5.59,0.01,65,36335,买盘
100,09:35:28,5.59,0.0,62,34658,买盘
101,09:35:34,5.59,0.0,92,51428,卖盘
102,09:35:37,5.6,0.01,2,1120,买盘
103,09:35:40,5.59,-0.01,34,19010,卖盘
104,09:35:43,5.6,0.01,20,11200,买盘
105,09:35:45,5.59,-0.01,37,20706,卖盘
106,09:35:49,5.6,0.01,32,17920,买盘
107,09:35:52,5.6,0.0,29,16223,买盘
108,09:35:55,5.6,0.0,17,9520,买盘
109,09:35:57,5.6,0.0,7,3920,买盘
110,09:36:01,5.6,0.0,91,51240,买盘
111,09:36:04,5.61,0.01,89,49929,买盘
112,09:36:06,5.6,-0.01,111,61895,卖盘
113,09:36:10,5.6,0.0,205,114800,买盘
114,09:36:13,5.6,0.0,287,160461,买盘
115,09:36:16,5.6,0.0,172,96600,买盘
116,09:36:19,5.6,0.0,10,5600,卖盘
117,09:36:22,5.6,0.0,30,16806,卖盘
118,09:36:24,5.6,0.0,47,26330,卖盘
119,09:36:28,5.62,0.02,20,11240,买盘
120,09:36:31,5.6,-0.02,102,57156,卖盘
121,09:36:37,5.61,0.01,148,83027,买盘
122,09:36:43,5.6,-0.01,1,560,卖盘
123,09:36:52,5.61,0.01,394,221034,卖盘
124,09:36:55,5.62,0.01,10,5620,买盘
125,09:36:57,5.61,-0.01,2,1122,卖盘
126,09:37:01,5.61,0.0,176,98743,卖盘
127,09:37:04,5.61,0.0,131,73491,买盘
128,09:37:10,5.61,0.0,10,5610,卖盘
129,09:37:13,5.61,0.0,3,1683,卖盘
130,09:37:16,5.61,0.0,155,86955,卖盘
131,09:37:19,5.61,0.0,122,68335,买盘
132,09:37:22,5.61,0.0,10,5610,买盘
133,09:37:25,5.61,0.0,10,5610,买盘
134,09:37:28,5.61,0.0,1,561,买盘
135,09:37:31,5.61,0.0,22,12329,买盘
136,09:37:34,5.6,-0.01,60,33650,卖盘
137,09:37:40,5.61,0.01,5,2805,买盘
138,09:37:43,5.6,-0.01,31,17380,卖盘
139,09:37:46,5.6,0.0,103,57680,卖盘
140,09:37:49,5.6,0.0,15,8120,卖盘
141,09:37:52,5.6,0.0,100,56000,卖盘
142,09:37:57,5.58,-0.02,691,386143,卖盘
143,09:38:01,5.6,0.02,102,57120,中性盘
144,09:38:04,5.6,0.0,42,23520,卖盘
145,09:38:07,5.61,0.01,59,33050,买盘
146,09:38:12,5.61,0.0,40,22440,买盘
147,09:38:16,5.61,0.0,17,9537,买盘
148,09:38:19,5.6,-0.01,17,9520,卖盘
149,09:38:22,5.61,0.01,25,14025,买盘
150,09:38:25,5.6,-0.01,9,5040,卖盘
151,09:38:27,5.6,0.0,58,32480,卖盘
152,09:38:31,5.61,0.01,6,3366,买盘
153,09:38:33,5.6,-0.01,237,132720,卖盘
154,09:38:37,5.6,0.0,27,15120,买盘
155,09:38:40,5.6,0.0,12,6720,买盘
156,09:38:43,5.6,0.0,24,13440,买盘
157,09:38:46,5.6,0.0,60,33590,买盘
158,09:38:49,5.6,0.0,44,24639,买盘
159,09:38:52,5.6,0.0,43,24080,买盘
160,09:38:55,5.61,0.01,12,6732,买盘
161,09:39:00,5.61,0.0,8,4488,买盘
162,09:39:03,5.61,0.0,104,58344,买盘
163,09:39:07,5.61,0.0,40,22440,买盘
164,09:39:16,5.61,0.0,7,3927,买盘
165,09:39:25,5.61,0.0,7,3932,卖盘
166,09:39:28,5.61,0.0,10,5610,卖盘
167,09:39:33,5.62,0.01,55,30910,买盘
168,09:39:40,5.62,0.0,27,15174,买盘
169,09:39:45,5.62,0.0,356,200054,买盘
170,09:39:48,5.61,-0.01,10,5610,卖盘
171,09:39:52,5.64,0.03,350,196284,买盘
172,09:39:58,5.63,-0.01,2,1126,中性盘
173,09:40:01,5.64,0.01,43,24248,买盘
174,09:40:04,5.62,-0.02,30,16860,卖盘
175,09:40:10,5.63,0.01,16,9008,卖盘
176,09:40:12,5.64,0.01,45,25370,买盘
177,09:40:25,5.63,-0.01,32,18017,卖盘
178,09:40:28,5.64,0.01,5,2820,买盘
179,09:40:36,5.64,0.0,110,62040,买盘
180,09:40:40,5.64,0.0,3,1692,买盘
181,09:40:43,5.64,0.0,66,37224,买盘
182,09:40:49,5.65,0.01,60,33850,买盘
183,09:40:52,5.65,0.0,155,87575,买盘
184,09:40:55,5.65,0.0,31,17515,买盘
185,09:40:58,5.65,0.0,36,20340,买盘
186,09:41:00,5.65,0.0,147,83055,买盘
187,09:41:04,5.66,0.01,3,1698,买盘
188,09:41:07,5.66,0.0,85,48110,买盘
189,09:41:10,5.66,0.0,23,13018,买盘
190,09:41:13,5.67,0.01,5,2835,买盘
191,09:41:16,5.67,0.0,70,39690,买盘
192,09:41:18,5.67,0.0,25,14155,买盘
193,09:41:22,5.67,0.0,66,37422,买盘
194,09:41:28,5.67,0.0,5,2835,买盘
195,09:41:31,5.68,0.01,73,41397,买盘
196,09:41:40,5.68,0.0,34,19310,买盘
197,09:41:46,5.69,0.01,245,139190,买盘
198,09:41:49,5.69,0.0,27,15363,卖盘
199,09:41:51,5.7,0.01,40,22800,买盘
200,09:41:55,5.7,0.0,47,26790,买盘
201,09:41:58,5.7,0.0,51,29040,买盘
202,09:42:01,5.7,0.0,4,2280,买盘
203,09:42:04,5.7,0.0,45,25630,买盘
204,09:42:10,5.69,-0.01,4,2276,卖盘
205,09:42:13,5.69,0.0,90,51213,卖盘
206,09:42:16,5.69,0.0,27,15363,卖盘
207,09:42:19,5.68,-0.01,33,18773,卖盘
208,09:42:22,5.69,0.01,121,68849,买盘
209,09:42:28,5.68,-0.01,15,8530,卖盘
210,09:42:31,5.68,0.0,26,14768,卖盘
211,09:42:34,5.67,-0.01,47,26725,卖盘
212,09:42:40,5.68,0.01,15,8520,买盘
213,09:42:45,5.67,-0.01,447,253449,卖盘
214,09:42:48,5.67,0.0,165,93490,买盘
215,09:42:52,5.66,-0.01,16,9056,卖盘
216,09:42:58,5.65,-0.01,15,8480,卖盘
217,09:43:01,5.65,0.0,10,5650,卖盘
218,09:43:04,5.65,0.0,255,144075,卖盘
219,09:43:06,5.65,0.0,31,17515,买盘
220,09:43:10,5.64,-0.01,41,23140,卖盘
221,09:43:12,5.65,0.01,30,16950,中性盘
222,09:43:19,5.64,-0.01,38,21432,卖盘
223,09:43:22,5.64,0.0,2,1128,买盘
224,09:43:28,5.65,0.01,10,5650,买盘
225,09:43:34,5.64,-0.01,20,11280,卖盘
226,09:43:37,5.64,0.0,38,21450,卖盘
227,09:43:40,5.65,0.01,10,5650,买盘
228,09:43:45,5.65,0.0,21,11865,买盘
229,09:43:49,5.65,0.0,101,57065,买盘
230,09:43:54,5.66,0.01,10,5660,买盘
231,09:43:58,5.66,0.0,70,39615,买盘
232,09:44:01,5.66,0.0,6,3396,买盘
233,09:44:04,5.66,0.0,16,9056,买盘
234,09:44:10,5.67,0.01,28,15864,买盘
235,09:44:13,5.67,0.0,99,56133,买盘
236,09:44:16,5.66,-0.01,44,24904,卖盘
237,09:44:18,5.66,0.0,5,2830,卖盘
238,09:44:22,5.66,0.0,100,56629,卖盘
239,09:44:25,5.66,0.0,5,2830,卖盘
240,09:44:27,5.66,0.0,70,39620,卖盘
241,09:44:40,5.66,0.0,182,103012,卖盘
242,09:44:42,5.66,0.0,35,19840,卖盘
243,09:44:45,5.66,0.0,5,2830,买盘
244,09:45:00,5.66,0.0,19,10754,买盘
245,09:45:04,5.66,0.0,120,67910,买盘
246,09:45:06,5.65,-0.01,60,33900,卖盘
247,09:45:16,5.66,0.01,293,165838,买盘
248,09:45:19,5.67,0.01,8,4536,买盘
249,09:45:22,5.66,-0.01,100,56600,卖盘
250,09:45:25,5.66,0.0,83,47047,卖盘
251,09:45:33,5.66,0.0,5,2830,买盘
252,09:45:49,5.65,-0.01,10,5650,卖盘
253,09:45:52,5.66,0.01,10,5660,买盘
254,09:45:54,5.66,0.0,20,11320,买盘
255,09:45:57,5.65,-0.01,122,68950,卖盘
256,09:46:04,5.65,0.0,121,68377,卖盘
257,09:46:12,5.65,0.0,30,16950,买盘
258,09:46:15,5.65,0.0,32,18080,买盘
259,09:46:19,5.65,0.0,3,1697,卖盘
260,09:46:28,5.65,0.0,9,5085,买盘
261,09:46:37,5.66,0.01,4,2264,买盘
262,09:46:40,5.66,0.0,5,2830,买盘
263,09:46:45,5.66,0.0,100,56600,买盘
264,09:46:52,5.66,0.0,35,19810,买盘
265,09:46:58,5.65,-0.01,19,10735,卖盘
266,09:47:16,5.66,0.01,20,11320,买盘
267,09:47:22,5.65,-0.01,5,2825,卖盘
268,09:47:25,5.66,0.01,43,24338,买盘
269,09:47:28,5.66,0.0,19,10737,买盘
270,09:47:31,5.66,0.0,16,9056,买盘
271,09:47:34,5.66,0.0,1,566,买盘
272,09:48:04,5.67,0.01,170,96320,买盘
273,09:48:07,5.67,0.0,19,10773,买盘
274,09:48:12,5.67,0.0,3,1701,买盘
275,09:48:16,5.67,0.0,100,56700,买盘
276,09:48:22,5.67,0.0,5,2835,买盘
277,09:48:28,5.66,-0.01,20,11320,卖盘
278,09:48:31,5.67,0.01,430,243810,买盘
279,09:48:49,5.68,0.01,37,21016,买盘
280,09:48:52,5.68,0.0,200,113600,买盘
281,09:48:55,5.68,0.0,12,6816,买盘
282,09:49:06,5.69,0.01,139,79083,买盘
283,09:49:09,5.69,0.0,50,28450,买盘
284,09:49:13,5.69,0.0,11,6259,买盘
285,09:49:16,5.7,0.01,597,340216,买盘
286,09:49:19,5.69,-0.01,20,11385,卖盘
287,09:49:25,5.71,0.02,30,17130,买盘
288,09:49:28,5.71,0.0,10,5710,卖盘
289,09:49:31,5.71,0.0,50,28550,卖盘
290,09:49:37,5.71,0.0,105,59963,卖盘
291,09:49:40,5.72,0.01,66,37643,买盘
292,09:49:46,5.72,0.0,62,35464,买盘
293,09:49:52,5.71,-0.01,76,43460,卖盘
294,09:49:57,5.72,0.01,67,38311,买盘
295,09:50:04,5.71,-0.01,30,17130,中性盘
296,09:50:07,5.71,0.0,1,571,买盘
297,09:50:13,5.7,-0.01,20,11400,卖盘
298,09:50:15,5.71,0.01,87,49633,买盘
299,09:50:19,5.69,-0.02,20,11380,卖盘
300,09:50:22,5.7,0.01,27,15390,卖盘
301,09:50:25,5.7,0.0,28,15960,买盘
302,09:50:34,5.68,-0.02,299,169832,卖盘
303,09:50:36,5.68,0.0,60,34080,买盘
304,09:50:40,5.69,0.01,13,7397,卖盘
305,09:50:46,5.69,0.0,27,15363,卖盘
306,09:50:52,5.68,-0.01,80,45440,卖盘
307,09:50:55,5.69,0.01,50,28450,买盘
308,09:50:58,5.69,0.0,17,9673,买盘
309,09:51:01,5.69,0.0,23,13087,买盘
310,09:51:06,5.7,0.01,36,20514,买盘
311,09:51:13,5.69,-0.01,20,11380,卖盘
312,09:51:31,5.69,0.0,20,11380,卖盘
313,09:51:34,5.7,0.01,75,42750,买盘
314,09:51:37,5.69,-0.01,296,168600,卖盘
315,09:51:43,5.7,0.01,27,15390,买盘
316,09:51:49,5.7,0.0,10,5700,卖盘
317,09:51:58,5.7,0.0,40,22800,卖盘
318,09:52:01,5.71,0.01,296,169016,买盘
319,09:52:04,5.71,0.0,7,3997,买盘
320,09:52:07,5.71,0.0,4,2284,买盘
321,09:52:10,5.71,0.0,5,2855,买盘
322,09:52:13,5.72,0.01,7,4004,买盘
323,09:52:19,5.7,-0.02,64,36515,卖盘
324,09:52:22,5.71,0.01,5,2855,买盘
325,09:52:31,5.7,-0.01,11,6270,卖盘
326,09:52:34,5.71,0.01,66,37686,买盘
327,09:52:37,5.7,-0.01,96,54720,卖盘
328,09:52:46,5.7,0.0,10,5700,卖盘
329,09:52:49,5.7,0.0,100,57000,卖盘
330,09:52:52,5.7,0.0,172,98040,卖盘
331,09:53:04,5.69,-0.01,12,6828,卖盘
332,09:53:06,5.69,0.0,11,6259,卖盘
333,09:53:10,5.7,0.01,149,84815,买盘
334,09:53:13,5.7,0.0,400,228000,买盘
335,09:53:16,5.7,0.0,156,88785,买盘
336,09:53:19,5.69,-0.01,20,11380,卖盘
337,09:53:22,5.7,0.01,76,43256,买盘
338,09:53:25,5.69,-0.01,79,44951,卖盘
339,09:53:31,5.68,-0.01,18,10224,卖盘
340,09:53:34,5.69,0.01,6,3414,买盘
341,09:53:46,5.68,-0.01,49,27832,卖盘
342,09:53:49,5.69,0.01,33,18777,买盘
343,09:53:52,5.68,-0.01,56,31808,卖盘
344,09:53:55,5.68,0.0,209,118712,卖盘
345,09:54:01,5.67,-0.01,161,91352,卖盘
346,09:54:04,5.67,0.0,40,22680,卖盘
347,09:54:07,5.67,0.0,82,46519,卖盘
348,09:54:13,5.68,0.01,10,5680,中性盘
349,09:54:16,5.67,-0.01,36,20412,卖盘
350,09:54:19,5.67,0.0,10,5670,卖盘
351,09:54:25,5.67,0.0,100,56700,卖盘
352,09:54:31,5.67,0.0,141,79947,卖盘
353,09:54:34,5.68,0.01,13,7384,买盘
354,09:54:36,5.68,0.0,30,17040,卖盘
355,09:54:43,5.68,0.0,22,12496,卖盘
356,09:54:49,5.68,0.0,10,5680,买盘
357,09:54:57,5.68,0.0,28,15904,买盘
358,09:55:04,5.67,-0.01,71,40257,卖盘
359,09:55:09,5.67,0.0,40,22680,卖盘
360,09:55:13,5.66,-0.01,130,73664,卖盘
361,09:55:24,5.66,0.0,11,6226,卖盘
362,09:55:37,5.66,0.0,100,56600,卖盘
363,09:55:46,5.66,0.0,35,19837,卖盘
364,09:55:49,5.67,0.01,1,567,买盘
365,09:55:52,5.67,0.0,11,6227,买盘
366,09:56:01,5.66,-0.01,92,52089,卖盘
367,09:56:04,5.67,0.01,54,30618,买盘
368,09:56:07,5.66,-0.01,102,57809,卖盘
369,09:56:22,5.69,0.03,5,2845,买盘
370,09:56:46,5.69,0.0,13,7397,买盘
371,09:57:10,5.69,0.0,12,6828,买盘
372,09:57:13,5.69,0.0,17,9673,买盘
373,09:57:18,5.68,-0.01,80,45440,卖盘
374,09:57:25,5.68,0.0,144,81792,卖盘
375,09:57:28,5.68,0.0,13,7384,买盘
376,09:57:31,5.68,0.0,70,39691,买盘
377,09:57:39,5.67,-0.01,52,29484,卖盘
378,09:57:49,5.67,0.0,10,5670,卖盘
379,09:57:52,5.68,0.01,3,1704,买盘
380,09:57:55,5.67,-0.01,106,60110,卖盘
381,09:58:01,5.67,0.0,12,6804,卖盘
382,09:58:04,5.68,0.01,100,56800,买盘
383,09:58:06,5.67,-0.01,50,28350,卖盘
384,09:58:09,5.68,0.01,2,1136,买盘
385,09:58:16,5.68,0.0,9,5112,买盘
386,09:58:22,5.68,0.0,57,32376,卖盘
387,09:58:25,5.68,0.0,64,36352,卖盘
388,09:58:36,5.68,0.0,1,568,卖盘
389,09:58:46,5.69,0.01,66,37554,买盘
390,09:58:51,5.68,-0.01,14,7952,卖盘
391,09:58:55,5.69,0.01,7,3983,买盘
392,09:58:58,5.69,0.0,14,7966,买盘
393,09:59:01,5.68,-0.01,8,4544,卖盘
394,09:59:04,5.68,0.0,186,105648,卖盘
395,09:59:07,5.68,0.0,9,5112,卖盘
396,09:59:13,5.68,0.0,20,11360,卖盘
397,09:59:16,5.69,0.01,104,59076,买盘
398,09:59:19,5.69,0.0,5,2845,买盘
399,09:59:27,5.68,-0.01,15,8520,卖盘
400,09:59:31,5.68,0.0,19,10792,卖盘
401,09:59:37,5.68,0.0,2,1136,买盘
402,09:59:39,5.68,0.0,5,2840,卖盘
403,09:59:57,5.68,0.0,141,80088,卖盘
404,10:00:10,5.68,0.0,5,2840,买盘
405,10:00:22,5.68,0.0,93,52824,买盘
406,10:00:25,5.69,0.01,127,72263,买盘
407,10:00:28,5.67,-0.02,81,46016,卖盘
408,10:00:37,5.67,0.0,1,567,卖盘
409,10:00:43,5.7,0.03,528,300725,买盘
410,10:00:46,5.7,0.0,100,57000,卖盘
411,10:00:55,5.7,0.0,88,50240,卖盘
412,10:00:58,5.7,0.0,90,51300,卖盘
413,10:01:00,5.7,0.0,24,13700,卖盘
414,10:01:04,5.71,0.01,17,9707,买盘
415,10:01:09,5.7,-0.01,25,14250,卖盘
416,10:01:16,5.7,0.0,263,149920,卖盘
417,10:01:19,5.7,0.0,19,10803,买盘
418,10:01:22,5.7,0.0,10,5700,买盘
419,10:01:34,5.7,0.0,2,1140,买盘
420,10:01:37,5.7,0.0,20,11390,买盘
421,10:01:58,5.7,0.0,477,271968,买盘
422,10:02:06,5.7,0.0,13,7410,卖盘
423,10:02:15,5.7,0.0,15,8419,卖盘
424,10:02:25,5.7,0.0,60,34200,买盘
425,10:02:31,5.7,0.0,5,2850,买盘
426,10:02:37,5.68,-0.02,100,56853,卖盘
427,10:02:43,5.69,0.01,10,5690,中性盘
428,10:02:46,5.68,-0.01,10,5680,卖盘
429,10:02:55,5.68,0.0,12,6816,卖盘
430,10:03:04,5.68,0.0,30,17040,卖盘
431,10:03:06,5.69,0.01,15,8535,买盘
432,10:03:13,5.7,0.01,285,162486,买盘
433,10:03:22,5.7,0.0,15,8419,卖盘
434,10:03:43,5.7,0.0,2,1140,买盘
435,10:03:52,5.69,-0.01,10,5690,卖盘
436,10:03:55,5.7,0.01,24,13680,买盘
437,10:03:57,5.69,-0.01,48,27340,卖盘
438,10:04:01,5.69,0.0,11,6259,卖盘
439,10:04:04,5.7,0.01,31,17670,买盘
440,10:04:07,5.7,0.0,2,1140,买盘
441,10:04:10,5.7,0.0,45,25781,买盘
442,10:04:13,5.7,0.0,15,8550,卖盘
443,10:04:16,5.71,0.01,1,571,买盘
444,10:04:21,5.7,-0.01,14,7980,卖盘
445,10:04:25,5.69,-0.01,100,56939,卖盘
446,10:04:28,5.7,0.01,3,1710,买盘
447,10:04:37,5.69,-0.01,43,24467,卖盘
448,10:04:40,5.69,0.0,13,7397,买盘
449,10:05:01,5.71,0.02,40,22840,买盘
450,10:05:07,5.7,-0.01,103,58713,卖盘
451,10:05:10,5.71,0.01,50,28550,买盘
452,10:05:13,5.71,0.0,5,2855,买盘
453,10:05:16,5.72,0.01,311,177829,买盘
454,10:05:21,5.73,0.01,71,40683,买盘
455,10:05:24,5.72,-0.01,100,57200,卖盘
456,10:05:28,5.73,0.01,19,10887,买盘
457,10:05:31,5.73,0.0,63,36099,买盘
458,10:05:43,5.72,-0.01,96,54912,卖盘
459,10:05:46,5.73,0.01,8,4584,买盘
460,10:05:48,5.72,-0.01,20,11450,卖盘
461,10:05:52,5.73,0.01,285,163255,买盘
462,10:05:58,5.73,0.0,3,1719,买盘
463,10:06:04,5.75,0.02,769,441932,买盘
464,10:06:07,5.76,0.01,9,5184,买盘
465,10:06:10,5.75,-0.01,33,18989,卖盘
466,10:06:13,5.77,0.02,46,26542,买盘
467,10:06:15,5.77,0.0,41,23657,买盘
468,10:06:18,5.78,0.01,17,9826,买盘
469,10:06:21,5.78,0.0,10,5780,买盘
470,10:06:25,5.78,0.0,257,148706,买盘
471,10:06:28,5.78,0.0,109,63002,卖盘
472,10:06:31,5.78,0.0,29,16754,买盘
473,10:06:34,5.78,0.0,279,161182,买盘
474,10:06:37,5.78,0.0,26,15011,买盘
475,10:06:40,5.78,0.0,31,17918,买盘
476,10:06:42,5.78,0.0,14,8091,买盘
477,10:06:45,5.78,0.0,80,46163,买盘
478,10:06:49,5.77,-0.01,135,77795,中性盘
479,10:06:52,5.76,-0.01,5,2884,卖盘
480,10:06:55,5.76,0.0,47,27102,卖盘
481,10:06:58,5.76,0.0,340,195549,买盘
482,10:07:01,5.72,-0.04,10,5720,卖盘
483,10:07:04,5.73,0.01,47,26926,买盘
484,10:07:13,5.71,-0.02,21,11991,卖盘
485,10:07:16,5.73,0.02,152,86936,买盘
486,10:07:19,5.73,0.0,1,573,卖盘
487,10:07:21,5.73,0.0,16,9168,卖盘
488,10:07:24,5.73,0.0,9,5157,卖盘
489,10:07:28,5.73,0.0,14,8022,卖盘
490,10:07:31,5.73,0.0,262,150464,卖盘
491,10:07:33,5.73,0.0,4,2292,卖盘
492,10:07:37,5.75,0.02,8,4597,买盘
493,10:07:40,5.74,-0.01,2,1148,卖盘
494,10:07:43,5.74,0.0,3,1722,卖盘
495,10:07:46,5.74,0.0,4,2296,卖盘
496,10:07:49,5.75,0.01,59,33921,买盘
497,10:07:51,5.74,-0.01,12,6888,卖盘
498,10:07:54,5.74,0.0,8,4592,卖盘
499,10:07:57,5.75,0.01,55,31611,买盘
500,10:08:01,5.75,0.0,54,31050,买盘
501,10:08:04,5.75,0.0,50,28750,买盘
502,10:08:07,5.75,0.0,6,3450,卖盘
503,10:08:10,5.76,0.01,5,2876,买盘
504,10:08:12,5.75,-0.01,146,83950,卖盘
505,10:08:15,5.76,0.01,170,97913,买盘
506,10:08:18,5.75,-0.01,137,78812,卖盘
507,10:08:21,5.75,0.0,76,43700,买盘
508,10:08:24,5.76,0.01,16,9226,卖盘
509,10:08:27,5.76,0.0,10,5760,买盘
510,10:08:31,5.76,0.0,44,25344,买盘
511,10:08:34,5.76,0.0,162,93312,买盘
512,10:08:43,5.76,0.0,47,27072,买盘
513,10:08:46,5.76,0.0,21,12096,买盘
514,10:08:49,5.76,0.0,106,61056,卖盘
515,10:08:52,5.76,0.0,136,78343,买盘
516,10:08:55,5.75,-0.01,127,73102,卖盘
517,10:08:58,5.76,0.01,31,17856,买盘
518,10:09:01,5.76,0.0,8,4608,买盘
519,10:09:04,5.76,0.0,8,4608,买盘
520,10:09:07,5.76,0.0,30,17280,卖盘
521,10:09:09,5.76,0.0,57,32832,卖盘
522,10:09:12,5.76,0.0,6,3456,买盘
523,10:09:15,5.76,0.0,91,52416,买盘
524,10:09:18,5.76,0.0,4,2304,买盘
525,10:09:25,5.76,0.0,15,8650,卖盘
526,10:09:28,5.8,0.04,1515,876551,买盘
527,10:09:31,5.77,-0.03,46,26516,中性盘
528,10:09:37,5.8,0.03,74,42920,买盘
529,10:09:46,5.8,0.0,192,111360,买盘
530,10:09:49,5.8,0.0,138,80008,卖盘
531,10:09:52,5.8,0.0,301,174467,买盘
532,10:09:55,5.8,0.0,165,95748,买盘
533,10:09:58,5.82,0.02,129,75014,买盘
534,10:10:01,5.84,0.02,138,80494,买盘
535,10:10:04,5.84,0.0,16,9344,卖盘
536,10:10:06,5.84,0.0,339,198248,卖盘
537,10:10:09,5.83,-0.01,213,124389,卖盘
538,10:10:13,5.84,0.01,154,89952,买盘
539,10:10:15,5.83,-0.01,24,14000,卖盘
540,10:10:19,5.84,0.01,327,190507,买盘
541,10:10:22,5.84,0.0,372,216979,买盘
542,10:10:25,5.84,0.0,208,121209,买盘
543,10:10:28,5.83,-0.01,20,11660,中性盘
544,10:10:30,5.82,-0.01,46,26803,卖盘
545,10:10:34,5.8,-0.02,112,64966,卖盘
546,10:10:36,5.82,0.02,257,149491,买盘
547,10:10:40,5.82,0.0,48,27936,买盘
548,10:10:43,5.83,0.01,489,284987,买盘
549,10:10:45,5.84,0.01,66,38483,买盘
550,10:10:49,5.82,-0.02,23,13386,卖盘
551,10:10:52,5.84,0.02,34,19810,买盘
552,10:10:55,5.82,-0.02,143,83382,卖盘
553,10:10:58,5.83,0.01,143,83485,卖盘
554,10:11:00,5.83,0.0,143,83314,买盘
555,10:11:04,5.83,0.0,227,132341,卖盘
556,10:11:06,5.83,0.0,50,29150,买盘
557,10:11:10,5.83,0.0,425,247775,买盘
558,10:11:12,5.83,0.0,334,194620,买盘
559,10:11:16,5.83,0.0,294,171362,买盘
560,10:11:19,5.84,0.01,47,27447,买盘
561,10:11:22,5.84,0.0,630,366737,买盘
562,10:11:25,5.83,-0.01,32,18656,卖盘
563,10:11:28,5.83,0.0,58,33814,买盘
564,10:11:31,5.83,0.0,54,31445,买盘
565,10:11:34,5.82,-0.01,132,76862,卖盘
566,10:11:37,5.83,0.01,142,82651,买盘
567,10:11:40,5.82,-0.01,110,64079,买盘
568,10:11:42,5.83,0.01,108,62866,买盘
569,10:11:45,5.82,-0.01,81,47167,卖盘
570,10:11:48,5.83,0.01,172,100276,买盘
571,10:11:51,5.83,0.0,119,69377,买盘
572,10:11:55,5.83,0.0,80,46640,买盘
573,10:11:58,5.82,-0.01,122,71121,卖盘
574,10:12:01,5.83,0.01,261,152163,买盘
575,10:12:04,5.83,0.0,209,121837,买盘
576,10:12:07,5.83,0.0,42,24486,买盘
577,10:12:10,5.86,0.03,2411,1408860,买盘
578,10:12:13,5.86,0.0,84,49284,卖盘
579,10:12:15,5.86,0.0,52,30472,卖盘
580,10:12:18,5.88,0.02,721,423815,买盘
581,10:12:21,5.9,0.02,1194,703943,买盘
582,10:12:25,5.9,0.0,210,123900,卖盘
583,10:12:28,5.93,0.03,230,136390,买盘
584,10:12:31,5.93,0.0,381,225914,买盘
585,10:12:33,5.93,0.0,477,282983,卖盘
586,10:12:37,5.95,0.02,1052,625393,买盘
587,10:12:39,5.96,0.01,257,153029,买盘
588,10:12:42,5.95,-0.01,220,131000,卖盘
589,10:12:45,5.97,0.02,278,165843,买盘
590,10:12:49,5.96,-0.01,458,273192,卖盘
591,10:12:52,5.98,0.02,712,425498,买盘
592,10:12:55,5.97,-0.01,1233,737465,卖盘
593,10:12:58,5.98,0.01,90,53952,中性盘
594,10:13:01,6.01,0.03,121,72546,买盘
595,10:13:04,6.03,0.02,314,188549,买盘
596,10:13:07,6.02,-0.01,115,69243,中性盘
597,10:13:10,6.04,0.02,607,365718,买盘
598,10:13:13,6.02,-0.02,462,278016,中性盘
599,10:13:16,6.03,0.01,155,93455,买盘
600,10:13:18,6.03,0.0,277,166419,卖盘
601,10:13:22,6.0,-0.03,1450,873235,卖盘
602,10:13:25,6.0,0.0,311,187041,卖盘
603,10:13:28,6.03,0.03,285,171599,买盘
604,10:13:31,6.0,-0.03,268,161082,卖盘
605,10:13:33,6.0,0.0,386,231486,买盘
606,10:13:36,6.01,0.01,355,213592,卖盘
607,10:13:39,5.99,-0.02,558,335282,卖盘
608,10:13:42,5.99,0.0,137,81949,买盘
609,10:13:45,5.98,-0.01,164,97992,中性盘
610,10:13:48,5.98,0.0,45,26824,买盘
611,10:13:51,5.97,-0.01,160,95664,卖盘
612,10:13:55,5.97,0.0,131,78214,买盘
613,10:13:58,5.97,0.0,204,121656,买盘
614,10:14:01,5.95,-0.02,69,41143,卖盘
615,10:14:04,5.95,0.0,232,138155,卖盘
616,10:14:07,5.95,0.0,144,85650,买盘
617,10:14:10,5.93,-0.02,37,21993,卖盘
618,10:14:13,5.95,0.02,3,1783,买盘
619,10:14:16,5.95,0.0,58,34485,买盘
620,10:14:19,5.93,-0.02,74,43946,卖盘
621,10:14:21,5.93,0.0,210,124810,买盘
622,10:14:24,5.93,0.0,12,7112,卖盘
623,10:14:27,5.94,0.01,103,61140,买盘
624,10:14:31,5.94,0.0,245,145216,买盘
625,10:14:34,5.93,-0.01,113,67078,中性盘
626,10:14:37,5.92,-0.01,196,116320,卖盘
627,10:14:40,5.92,0.0,63,37391,卖盘
628,10:14:43,5.93,0.01,66,39138,买盘
629,10:14:46,5.93,0.0,48,28438,买盘
630,10:14:48,5.93,0.0,150,88941,买盘
631,10:14:51,5.92,-0.01,361,214149,卖盘
632,10:14:55,5.95,0.03,195,115801,买盘
633,10:14:58,5.95,0.0,194,115377,买盘
634,10:15:01,5.95,0.0,90,53550,卖盘
635,10:15:04,5.96,0.01,113,67348,买盘
636,10:15:07,5.96,0.0,54,32144,买盘
637,10:15:10,5.95,-0.01,20,11903,买盘
638,10:15:13,5.95,0.0,44,26222,卖盘
639,10:15:16,5.96,0.01,148,88184,买盘
640,10:15:19,5.96,0.0,284,169063,买盘
641,10:15:22,5.96,0.0,151,89996,卖盘
642,10:15:25,5.97,0.01,548,326811,买盘
643,10:15:28,5.96,-0.01,345,205919,卖盘
644,10:15:31,5.98,0.02,150,89669,买盘
645,10:15:33,5.98,0.0,164,98010,买盘
646,10:15:37,5.98,0.0,50,29922,卖盘
647,10:15:39,5.99,0.01,194,116168,买盘
648,10:15:43,5.99,0.0,97,58103,买盘
649,10:15:46,5.99,0.0,222,133031,买盘
650,10:15:49,5.98,-0.01,157,93955,卖盘
651,10:15:52,6.0,0.02,123,73678,买盘
652,10:15:54,5.98,-0.02,873,522202,卖盘
653,10:15:57,5.99,0.01,322,193110,卖盘
654,10:16:01,6.0,0.01,1028,617060,买盘
655,10:16:04,6.0,0.0,291,174871,卖盘
656,10:16:07,6.03,0.03,219,131846,买盘
657,10:16:09,6.03,0.0,848,509126,买盘
658,10:16:12,6.0,-0.03,556,333790,卖盘
659,10:16:16,6.03,0.03,185,111096,买盘
660,10:16:19,5.99,-0.04,120,72094,卖盘
661,10:16:22,6.01,0.02,243,146016,买盘
662,10:16:25,6.02,0.01,137,82371,买盘
663,10:16:28,6.01,-0.01,272,163350,中性盘
664,10:16:31,6.01,0.0,1125,675510,买盘
665,10:16:34,5.99,-0.02,342,205347,卖盘
666,10:16:37,6.0,0.01,163,97847,买盘
667,10:16:40,6.0,0.0,55,32986,买盘
668,10:16:43,6.0,0.0,169,101381,买盘
669,10:16:46,6.0,0.0,47,28200,买盘
670,10:16:49,6.0,0.0,380,227858,买盘
671,10:16:52,5.98,-0.02,549,328581,卖盘
672,10:16:55,5.99,0.01,34,20366,买盘
673,10:16:58,5.99,0.0,530,317016,买盘
674,10:17:00,5.98,-0.01,497,297271,卖盘
675,10:17:04,5.97,-0.01,382,228385,卖盘
676,10:17:07,5.95,-0.02,177,105481,卖盘
677,10:17:10,5.94,-0.01,563,334904,卖盘
678,10:17:13,5.97,0.03,39,23232,买盘
679,10:17:16,5.95,-0.02,2,1190,买盘
680,10:17:19,5.93,-0.02,78,46275,卖盘
681,10:17:22,5.95,0.02,207,123065,卖盘
682,10:17:25,5.96,0.01,91,54197,买盘
683,10:17:28,5.96,0.0,28,16688,卖盘
684,10:17:31,5.95,-0.01,106,63132,卖盘
685,10:17:34,5.96,0.01,50,29801,买盘
686,10:17:37,5.95,-0.01,62,36918,卖盘
687,10:17:40,5.96,0.01,10,5960,买盘
688,10:17:43,5.96,0.0,85,50591,买盘
689,10:17:45,5.96,0.0,333,198458,买盘
690,10:17:48,5.95,-0.01,113,67249,卖盘
691,10:17:51,5.95,0.0,118,70249,买盘
692,10:17:55,5.95,0.0,206,122511,买盘
693,10:17:58,5.96,0.01,69,41099,买盘
694,10:18:01,5.96,0.0,584,347640,买盘
695,10:18:04,5.96,0.0,241,143963,卖盘
696,10:18:07,5.99,0.03,10,5990,买盘
697,10:18:10,5.96,-0.03,88,52515,卖盘
698,10:18:16,5.99,0.03,125,74875,买盘
699,10:18:19,5.99,0.0,76,45524,卖盘
700,10:18:22,5.96,-0.03,119,71029,卖盘
701,10:18:24,5.99,0.03,1,599,买盘
702,10:18:27,5.99,0.0,86,51514,买盘
703,10:18:30,5.99,0.0,30,17970,卖盘
704,10:18:33,5.99,0.0,64,38336,卖盘
705,10:18:36,6.0,0.01,765,458985,买盘
706,10:18:40,6.02,0.02,158,94998,买盘
707,10:18:42,6.01,-0.01,595,358339,卖盘
708,10:18:45,6.03,0.02,204,122972,买盘
709,10:18:48,6.02,-0.01,591,356032,卖盘
710,10:18:52,6.03,0.01,482,290627,买盘
711,10:18:55,6.03,0.0,64,38634,卖盘
712,10:18:58,6.04,0.01,398,240367,买盘
713,10:19:01,6.04,0.0,1210,731857,买盘
714,10:19:04,6.06,0.02,132,79947,买盘
715,10:19:07,6.07,0.01,359,217455,买盘
716,10:19:10,6.08,0.01,209,127017,买盘
717,10:19:13,6.08,0.0,44,26736,买盘
718,10:19:16,6.08,0.0,208,126453,买盘
719,10:19:19,6.1,0.02,921,561587,买盘
720,10:19:22,6.1,0.0,146,88960,买盘
721,10:19:25,6.09,-0.01,424,258464,卖盘
722,10:19:27,6.11,0.02,99,60431,买盘
723,10:19:30,6.1,-0.01,589,359366,卖盘
724,10:19:33,6.12,0.02,121,74048,买盘
725,10:19:37,6.1,-0.02,413,252692,卖盘
726,10:19:39,6.12,0.02,590,359470,买盘
727,10:19:43,6.1,-0.02,527,321572,买盘
728,10:19:46,6.08,-0.02,181,110048,买盘
729,10:19:48,6.06,-0.02,63,38282,卖盘
730,10:19:51,6.08,0.02,207,125687,买盘
731,10:19:55,6.06,-0.02,20,12121,中性盘
732,10:19:57,6.05,-0.01,47,28431,买盘
733,10:20:01,6.05,0.0,268,162011,中性盘
734,10:20:04,6.04,-0.01,66,39864,买盘
735,10:20:06,6.04,0.0,33,19927,买盘
736,10:20:10,6.03,-0.01,45,27166,卖盘
737,10:20:13,6.04,0.01,194,117236,买盘
738,10:20:15,6.04,0.0,72,43517,卖盘
739,10:20:21,6.04,0.0,313,188873,卖盘
740,10:20:24,6.03,-0.01,29,17502,卖盘
741,10:20:28,6.04,0.01,62,37398,买盘
742,10:20:31,6.03,-0.01,104,62763,卖盘
743,10:20:33,6.04,0.01,296,178759,买盘
744,10:20:37,6.04,0.0,167,100906,卖盘
745,10:20:39,6.04,0.0,140,84560,卖盘
746,10:20:43,6.05,0.01,1,605,买盘
747,10:20:46,6.03,-0.02,200,120783,卖盘
748,10:20:49,6.05,0.02,163,98491,买盘
749,10:20:51,6.05,0.0,70,42301,买盘
750,10:20:55,6.05,0.0,373,225664,买盘
751,10:20:57,6.06,0.01,475,287606,买盘
752,10:21:00,6.06,0.0,22,13332,卖盘
753,10:21:04,6.03,-0.03,439,265388,卖盘
754,10:21:06,6.04,0.01,34,20536,买盘
755,10:21:10,6.04,0.0,207,124960,买盘
756,10:21:13,6.04,0.0,38,22942,买盘
757,10:21:16,6.03,-0.01,168,101330,卖盘
758,10:21:19,6.03,0.0,176,106000,买盘
759,10:21:25,6.01,-0.02,49,29502,卖盘
760,10:21:28,6.02,0.01,44,26497,卖盘
761,10:21:31,6.02,0.0,66,39742,卖盘
762,10:21:33,6.02,0.0,29,17458,卖盘
763,10:21:37,6.01,-0.01,97,58362,卖盘
764,10:21:40,6.02,0.01,4,2408,买盘
765,10:21:43,6.01,-0.01,156,93756,卖盘
766,10:21:46,6.0,-0.01,459,275887,卖盘
767,10:21:49,6.03,0.03,106,63900,买盘
768,10:21:52,6.0,-0.03,232,139370,卖盘
769,10:21:55,6.02,0.02,62,37314,买盘
770,10:21:58,6.0,-0.02,278,167531,卖盘
771,10:22:00,6.02,0.02,2,1204,中性盘
772,10:22:04,6.01,-0.01,58,34896,卖盘
773,10:22:07,6.02,0.01,42,25244,买盘
774,10:22:10,6.0,-0.02,32,19213,卖盘
775,10:22:13,6.02,0.02,9,5418,买盘
776,10:22:16,6.0,-0.02,422,253357,卖盘
777,10:22:19,6.02,0.02,451,270925,买盘
778,10:22:22,6.01,-0.01,89,53520,卖盘
779,10:22:25,6.01,0.0,13,7815,卖盘
780,10:22:28,6.02,0.01,53,31906,买盘
781,10:22:30,6.02,0.0,89,53548,买盘
782,10:22:33,6.02,0.0,59,35460,买盘
783,10:22:36,6.01,-0.01,109,65573,卖盘
784,10:22:40,6.02,0.01,20,12040,买盘
785,10:22:43,6.01,-0.01,52,31254,卖盘
786,10:22:46,6.01,0.0,74,44474,卖盘
787,10:22:49,6.0,-0.01,23,13820,卖盘
788,10:22:52,6.02,0.02,367,220047,买盘
789,10:22:55,6.02,0.0,62,37319,买盘
790,10:22:57,6.01,-0.01,21,12634,卖盘
791,10:23:00,5.99,-0.02,111,66518,卖盘
792,10:23:04,6.01,0.02,4,2400,买盘
793,10:23:13,6.0,-0.01,3,1800,卖盘
794,10:23:16,5.99,-0.01,139,83385,卖盘
795,10:23:18,5.99,0.0,165,98968,卖盘
796,10:23:22,6.0,0.01,10,6000,买盘
797,10:23:25,6.0,0.0,97,58132,买盘
798,10:23:31,6.0,0.0,25,14985,买盘
799,10:23:34,5.98,-0.02,20,11977,卖盘
800,10:23:36,5.99,0.01,2,1198,买盘
801,10:23:46,5.98,-0.01,140,83756,卖盘
802,10:23:49,5.98,0.0,9,5382,卖盘
803,10:23:55,5.98,0.0,20,11960,卖盘
804,10:23:58,5.98,0.0,30,17940,卖盘
805,10:24:01,5.98,0.0,49,29302,卖盘
806,10:24:04,5.98,0.0,3,1794,买盘
807,10:24:09,5.97,-0.01,66,39402,卖盘
808,10:24:13,5.98,0.01,10,5980,买盘
809,10:24:16,5.97,-0.01,12,7166,卖盘
810,10:24:22,5.97,0.0,61,36417,卖盘
811,10:24:25,5.97,0.0,10,5970,卖盘
812,10:24:28,5.97,0.0,93,55553,卖盘
813,10:24:30,5.98,0.01,37,22111,买盘
814,10:24:33,5.98,0.0,60,35870,买盘
815,10:24:37,5.98,0.0,22,13136,买盘
816,10:24:40,5.97,-0.01,373,222913,卖盘
817,10:24:43,5.98,0.01,13,7772,买盘
818,10:24:45,5.98,0.0,13,7774,卖盘
819,10:24:52,5.98,0.0,54,32312,卖盘
820,10:24:55,5.98,0.0,64,38272,买盘
821,10:24:58,5.98,0.0,77,46036,买盘
822,10:25:04,5.98,0.0,11,6578,买盘
823,10:25:10,5.98,0.0,21,12558,买盘
824,10:25:12,5.98,0.0,58,34684,买盘
825,10:25:15,5.98,0.0,43,25714,买盘
826,10:25:18,5.99,0.01,33,19765,买盘
827,10:25:31,5.98,-0.01,17,10168,卖盘
828,10:25:34,5.99,0.01,45,26955,买盘
829,10:25:39,5.99,0.0,66,39531,买盘
830,10:25:42,5.99,0.0,1,599,卖盘
831,10:25:48,5.99,0.0,6,3594,卖盘
832,10:25:54,5.99,0.0,5,2995,买盘
833,10:25:58,5.99,0.0,22,13178,买盘
834,10:26:01,5.98,-0.01,23,13773,卖盘
835,10:26:04,6.0,0.02,17,10191,买盘
836,10:26:07,5.99,-0.01,20,11980,卖盘
837,10:26:10,5.99,0.0,63,37747,卖盘
838,10:26:13,6.0,0.01,164,98373,买盘
839,10:26:19,5.99,-0.01,25,14975,卖盘
840,10:26:21,5.99,0.0,80,47920,卖盘
841,10:26:25,5.99,0.0,20,11980,卖盘
842,10:26:27,6.0,0.01,216,129537,买盘
843,10:26:31,6.0,0.0,85,51000,买盘
844,10:26:34,6.0,0.0,10,6000,买盘
845,10:26:36,6.0,0.0,62,37200,买盘
846,10:26:40,6.0,0.0,3,1800,卖盘
847,10:26:42,6.0,0.0,79,47400,卖盘
848,10:26:49,6.0,0.0,13,7800,卖盘
849,10:26:52,6.0,0.0,79,47400,卖盘
850,10:26:58,6.0,0.0,19,11400,卖盘
851,10:27:00,6.01,0.01,15,9015,买盘
852,10:27:04,6.01,0.0,57,34207,买盘
853,10:27:10,6.01,0.0,85,51084,买盘
854,10:27:12,6.0,-0.01,10,6000,卖盘
855,10:27:16,6.01,0.01,452,271632,买盘
856,10:27:18,6.01,0.0,11,6611,买盘
857,10:27:21,6.01,0.0,66,39666,买盘
858,10:27:28,6.01,0.0,9,5409,卖盘
859,10:27:33,6.01,0.0,2,1202,卖盘
860,10:27:37,6.02,0.01,24,14448,买盘
861,10:27:39,6.01,-0.01,15,9015,卖盘
862,10:27:43,6.01,0.0,31,18640,卖盘
863,10:27:46,6.01,0.0,109,65509,卖盘
864,10:27:49,6.01,0.0,25,15025,卖盘
865,10:27:51,6.02,0.01,101,60730,买盘
866,10:27:55,6.02,0.0,472,284139,买盘
867,10:27:58,6.02,0.0,28,16856,卖盘
868,10:28:00,6.03,0.01,33,19824,买盘
869,10:28:06,6.0,-0.03,26,15604,卖盘
870,10:28:09,6.03,0.03,104,62520,买盘
871,10:28:16,6.03,0.0,60,36160,买盘
872,10:28:25,6.01,-0.02,1,601,卖盘
873,10:28:28,6.02,0.01,92,55384,买盘
874,10:28:34,6.02,0.0,8,4816,卖盘
875,10:28:36,6.02,0.0,50,30100,买盘
876,10:28:39,6.01,-0.01,125,75125,卖盘
877,10:28:43,6.01,0.0,195,117195,卖盘
878,10:28:49,6.01,0.0,518,311311,买盘
879,10:28:52,6.0,-0.01,77,46255,卖盘
880,10:28:55,6.0,0.0,20,12000,卖盘
881,10:28:58,6.0,0.0,102,61200,卖盘
882,10:29:09,5.99,-0.01,10,5990,卖盘
883,10:29:13,5.99,0.0,10,5990,卖盘
884,10:29:22,6.0,0.01,11,6590,买盘
885,10:29:27,5.99,-0.01,190,113810,卖盘
886,10:29:33,5.99,0.0,10,5990,卖盘
887,10:29:36,5.99,0.0,72,43128,卖盘
888,10:29:43,5.99,0.0,1,599,买盘
889,10:29:46,5.98,-0.01,22,13156,卖盘
890,10:29:48,5.98,0.0,53,31694,卖盘
891,10:29:51,5.98,0.0,151,90298,卖盘
892,10:29:55,5.98,0.0,10,5980,卖盘
893,10:30:04,5.98,0.0,136,81328,卖盘
894,10:30:06,5.98,0.0,10,5980,买盘
895,10:30:09,5.98,0.0,17,10166,买盘
896,10:30:15,5.97,-0.01,50,29850,卖盘
897,10:30:19,5.97,0.0,27,16139,卖盘
898,10:30:25,5.97,0.0,36,21492,卖盘
899,10:30:27,5.97,0.0,5,2985,卖盘
900,10:30:36,5.97,0.0,121,72238,卖盘
901,10:30:39,5.97,0.0,100,59700,卖盘
902,10:30:42,5.97,0.0,47,28059,卖盘
903,10:30:46,5.97,0.0,10,5970,买盘
904,10:30:54,5.96,-0.01,136,81056,卖盘
905,10:30:57,5.96,0.0,50,29800,卖盘
906,10:31:01,5.96,0.0,120,71520,卖盘
907,10:31:04,5.96,0.0,72,42896,卖盘
908,10:31:07,5.95,-0.01,61,36295,卖盘
909,10:31:09,5.95,0.0,3,1785,卖盘
910,10:31:15,5.95,0.0,49,29155,卖盘
911,10:31:18,5.95,0.0,40,23800,卖盘
912,10:31:21,5.96,0.01,29,17274,买盘
913,10:31:28,5.96,0.0,230,137070,买盘
914,10:31:30,5.96,0.0,40,23840,卖盘
915,10:31:33,5.96,0.0,200,119200,卖盘
916,10:31:39,5.96,0.0,1,596,卖盘
917,10:31:42,5.96,0.0,61,36356,卖盘
918,10:31:46,5.95,-0.01,173,102991,卖盘
919,10:31:48,5.96,0.01,26,15496,中性盘
920,10:31:51,5.96,0.0,29,17311,卖盘
921,10:32:01,5.98,0.02,350,209003,买盘
922,10:32:04,5.96,-0.02,60,35760,卖盘
923,10:32:06,5.97,0.01,15,8955,买盘
924,10:32:09,5.97,0.0,19,11343,买盘
925,10:32:18,5.98,0.01,174,104052,买盘
926,10:32:21,5.98,0.0,32,19126,买盘
927,10:32:24,5.98,0.0,34,20332,买盘
928,10:32:27,5.99,0.01,80,47920,买盘
929,10:32:33,5.99,0.0,98,58702,买盘
930,10:32:36,5.99,0.0,176,105424,卖盘
931,10:32:43,6.0,0.01,110,66000,买盘
932,10:32:49,6.0,0.0,2,1200,买盘
933,10:32:52,5.99,-0.01,49,29376,卖盘
934,10:32:57,5.99,0.0,32,19168,卖盘
935,10:33:04,6.0,0.01,40,23990,买盘
936,10:33:07,6.0,0.0,25,14990,买盘
937,10:33:12,5.99,-0.01,1,599,卖盘
938,10:33:15,6.0,0.01,2,1200,买盘
939,10:33:18,5.99,-0.01,314,188156,卖盘
940,10:33:30,5.99,0.0,83,49707,买盘
941,10:33:33,5.99,0.0,169,101231,买盘
942,10:33:37,5.99,0.0,287,171913,卖盘
943,10:33:45,5.99,0.0,1,599,买盘
944,10:33:48,5.99,0.0,18,10767,买盘
945,10:33:52,5.98,-0.01,31,18539,卖盘
946,10:33:55,5.98,0.0,103,61594,卖盘
947,10:33:57,5.98,0.0,65,38870,卖盘
948,10:34:00,5.98,0.0,31,18538,卖盘
949,10:34:04,5.98,0.0,10,5980,卖盘
950,10:34:13,5.98,0.0,42,25078,买盘
951,10:34:19,5.97,-0.01,100,59797,卖盘
952,10:34:22,5.97,0.0,8,4776,卖盘
953,10:34:30,5.97,0.0,7,4179,卖盘
954,10:34:39,5.97,0.0,40,23916,卖盘
955,10:34:42,5.97,0.0,175,104485,卖盘
956,10:34:45,5.98,0.01,10,5980,买盘
957,10:34:48,5.97,-0.01,50,29850,卖盘
958,10:34:52,5.97,0.0,67,39999,卖盘
959,10:34:55,5.97,0.0,3,1791,买盘
960,10:35:04,5.97,0.0,72,42984,买盘
961,10:35:06,5.97,0.0,90,53730,买盘
962,10:35:09,5.97,0.0,11,6566,买盘
963,10:35:12,5.96,-0.01,51,30426,卖盘
964,10:35:16,5.97,0.01,12,7164,卖盘
965,10:35:24,5.97,0.0,41,24477,卖盘
966,10:35:27,5.97,0.0,20,11940,卖盘
967,10:35:30,5.97,0.0,22,13134,卖盘
968,10:35:33,5.96,-0.01,16,9536,卖盘
969,10:35:36,5.96,0.0,227,135292,卖盘
970,10:35:39,5.96,0.0,499,297406,卖盘
971,10:35:46,5.95,-0.01,248,147560,卖盘
972,10:35:49,5.95,0.0,66,39270,卖盘
973,10:35:55,5.95,0.0,20,11900,买盘
974,10:35:58,5.94,-0.01,35,20790,卖盘
975,10:36:01,5.94,0.0,2,1188,卖盘
976,10:36:04,5.95,0.01,12,7130,买盘
977,10:36:06,5.94,-0.01,42,24948,卖盘
978,10:36:10,5.94,0.0,50,29700,卖盘
979,10:36:13,5.94,0.0,10,5940,卖盘
980,10:36:16,5.94,0.0,8,4752,卖盘
981,10:36:31,5.95,0.01,52,30940,买盘
982,10:36:34,5.95,0.0,39,23205,买盘
983,10:36:40,5.95,0.0,27,16065,买盘
984,10:36:42,5.95,0.0,14,8330,买盘
985,10:36:45,5.94,-0.01,109,64837,卖盘
986,10:36:48,5.94,0.0,20,11890,卖盘
987,10:36:57,5.95,0.01,62,36890,卖盘
988,10:37:00,5.95,0.0,8,4760,卖盘
989,10:37:10,5.95,0.0,148,88061,卖盘
990,10:37:12,5.95,0.0,11,6545,卖盘
991,10:37:15,5.96,0.01,3,1786,买盘
992,10:37:27,5.95,-0.01,53,31535,买盘
993,10:37:31,5.95,0.0,47,27965,卖盘
994,10:37:34,5.95,0.0,30,17850,卖盘
995,10:37:36,5.95,0.0,20,11900,卖盘
996,10:37:39,5.95,0.0,213,126735,卖盘
997,10:37:43,5.95,0.0,5,2975,卖盘
998,10:37:45,5.95,0.0,5,2975,卖盘
999,10:37:48,5.95,0.0,83,49463,卖盘
1000,10:37:51,5.96,0.01,10,5960,买盘
1001,10:37:54,5.95,-0.01,287,170765,卖盘
1002,10:37:57,5.95,0.0,46,27370,买盘
1003,10:38:00,5.94,-0.01,20,11880,卖盘
1004,10:38:04,5.95,0.01,97,57621,买盘
1005,10:38:10,5.95,0.0,20,11900,买盘
1006,10:38:18,5.95,0.0,13,7735,买盘
1007,10:38:36,5.95,0.0,10,5950,买盘
1008,10:38:39,5.95,0.0,90,53550,买盘
1009,10:38:42,5.94,-0.01,44,26178,卖盘
1010,10:38:45,5.95,0.01,30,17850,买盘
1011,10:38:48,5.95,0.0,10,5950,买盘
1012,10:39:01,5.95,0.0,11,6545,买盘
1013,10:39:15,5.94,-0.01,5,2970,卖盘
1014,10:39:24,5.94,0.0,10,5940,卖盘
1015,10:39:27,5.95,0.01,90,53470,买盘
1016,10:39:30,5.94,-0.01,52,30888,卖盘
1017,10:39:33,5.94,0.0,9,5346,买盘
1018,10:39:36,5.94,0.0,1,594,买盘
1019,10:39:51,5.94,0.0,1,594,买盘
1020,10:39:55,5.94,0.0,13,7722,买盘
1021,10:39:57,5.93,-0.01,12,7116,卖盘
1022,10:40:00,5.93,0.0,20,11860,卖盘
1023,10:40:04,5.93,0.0,2,1186,卖盘
1024,10:40:06,5.94,0.01,11,6534,买盘
1025,10:40:09,5.93,-0.01,2,1186,卖盘
1026,10:40:18,5.93,0.0,74,43882,卖盘
1027,10:40:22,5.93,0.0,64,37952,卖盘
1028,10:40:25,5.93,0.0,92,54556,卖盘
1029,10:40:27,5.93,0.0,40,23720,卖盘
1030,10:40:33,5.92,-0.01,38,22524,卖盘
1031,10:40:40,5.92,0.0,70,41440,卖盘
1032,10:40:42,5.92,0.0,54,31968,卖盘
1033,10:40:45,5.92,0.0,66,39072,买盘
1034,10:40:51,5.91,-0.01,33,19506,卖盘
1035,10:40:55,5.91,0.0,23,13593,卖盘
1036,10:40:57,5.91,0.0,30,17730,卖盘
1037,10:41:00,5.91,0.0,96,56749,卖盘
1038,10:41:04,5.91,0.0,131,77401,卖盘
1039,10:41:09,5.91,0.0,70,41370,买盘
1040,10:41:12,5.9,-0.01,106,62560,卖盘
1041,10:41:16,5.9,0.0,550,324500,卖盘
1042,10:41:19,5.9,0.0,20,11800,卖盘
1043,10:41:21,5.9,0.0,315,185850,卖盘
1044,10:41:30,5.89,-0.01,45,26505,卖盘
1045,10:41:33,5.89,0.0,3,1767,卖盘
1046,10:41:36,5.89,0.0,15,8835,卖盘
1047,10:41:39,5.89,0.0,3,1767,买盘
1048,10:41:43,5.89,0.0,6,3534,买盘
1049,10:41:45,5.89,0.0,50,29450,买盘
1050,10:41:48,5.89,0.0,80,47120,买盘
1051,10:41:51,5.89,0.0,62,36812,买盘
1052,10:41:54,5.89,0.0,16,9424,卖盘
1053,10:41:58,5.88,-0.01,815,479670,卖盘
1054,10:42:01,5.88,0.0,66,38823,卖盘
1055,10:42:04,5.89,0.01,71,41835,卖盘
1056,10:42:06,5.89,0.0,15,8835,买盘
1057,10:42:10,5.89,0.0,10,5890,卖盘
1058,10:42:13,5.9,0.01,10,5900,买盘
1059,10:42:16,5.9,0.0,104,61360,买盘
1060,10:42:18,5.89,-0.01,137,80710,卖盘
1061,10:42:21,5.89,0.0,120,70700,卖盘
1062,10:42:24,5.9,0.01,84,49560,买盘
1063,10:42:27,5.9,0.0,96,56640,买盘
1064,10:42:30,5.91,0.01,5,2955,买盘
1065,10:42:33,5.91,0.0,32,18907,买盘
1066,10:42:36,5.91,0.0,147,86867,买盘
1067,10:42:39,5.91,0.0,110,65010,买盘
1068,10:42:42,5.92,0.01,61,36062,买盘
1069,10:42:51,5.93,0.01,89,52693,买盘
1070,10:42:54,5.94,0.01,45,26690,买盘
1071,10:42:57,5.94,0.0,1,594,买盘
1072,10:43:01,5.92,-0.02,25,14833,卖盘
1073,10:43:06,5.94,0.02,7,4158,买盘
1074,10:43:15,5.95,0.01,86,51170,买盘
1075,10:43:18,5.94,-0.01,10,5940,卖盘
1076,10:43:21,5.95,0.01,26,15470,买盘
1077,10:43:24,5.94,-0.01,66,39204,卖盘
1078,10:43:28,5.95,0.01,30,17823,买盘
1079,10:43:31,5.95,0.0,80,47600,买盘
1080,10:43:33,5.95,0.0,101,60095,买盘
1081,10:43:36,5.93,-0.02,5,2965,卖盘
1082,10:43:39,5.93,0.0,20,11860,卖盘
1083,10:43:46,5.94,0.01,34,20196,买盘
1084,10:43:49,5.93,-0.01,100,59350,卖盘
1085,10:43:55,5.94,0.01,119,70686,买盘
1086,10:43:57,5.94,0.0,5,2970,卖盘
1087,10:44:04,5.94,0.0,4,2376,卖盘
1088,10:44:13,5.94,0.0,53,31482,卖盘
1089,10:44:16,5.94,0.0,4,2376,买盘
1090,10:44:19,5.94,0.0,5,2970,买盘
1091,10:44:21,5.93,-0.01,85,50432,卖盘
1092,10:44:28,5.94,0.01,1,594,买盘
1093,10:44:30,5.94,0.0,15,8910,买盘
1094,10:44:33,5.93,-0.01,46,27293,卖盘
1095,10:44:40,5.93,0.0,130,77090,卖盘
1096,10:44:43,5.94,0.01,10,5940,买盘
1097,10:44:51,5.93,-0.01,22,13046,卖盘
1098,10:44:54,5.93,0.0,59,34987,卖盘
1099,10:44:57,5.93,0.0,15,8895,卖盘
1100,10:45:07,5.93,0.0,16,9488,卖盘
1101,10:45:09,5.93,0.0,15,8895,卖盘
1102,10:45:12,5.93,0.0,10,5930,卖盘
1103,10:45:18,5.93,0.0,20,11860,卖盘
1104,10:45:21,5.94,0.01,21,12454,买盘
1105,10:45:34,5.93,-0.01,113,67009,卖盘
1106,10:45:39,5.94,0.01,12,7121,买盘
1107,10:45:45,5.94,0.0,20,11880,买盘
1108,10:45:48,5.93,-0.01,27,16011,卖盘
1109,10:46:00,5.92,-0.01,7,4144,卖盘
1110,10:46:04,5.93,0.01,1,593,买盘
1111,10:46:07,5.92,-0.01,270,159840,卖盘
1112,10:46:18,5.93,0.01,10,5930,买盘
1113,10:46:21,5.92,-0.01,20,11840,卖盘
1114,10:46:24,5.92,0.0,10,5920,卖盘
1115,10:46:28,5.93,0.01,40,23720,买盘
1116,10:46:33,5.92,-0.01,10,5920,卖盘
1117,10:46:42,5.92,0.0,39,23088,卖盘
1118,10:46:45,5.92,0.0,13,7696,卖盘
1119,10:46:55,5.92,0.0,30,17760,卖盘
1120,10:47:00,5.91,-0.01,75,44385,卖盘
1121,10:47:04,5.92,0.01,2,1184,中性盘
1122,10:47:06,5.92,0.0,6,3552,卖盘
1123,10:47:16,5.92,0.0,23,13616,买盘
1124,10:47:21,5.92,0.0,32,18944,买盘
1125,10:47:34,5.91,-0.01,30,17730,卖盘
1126,10:47:37,5.92,0.01,2,1184,买盘
1127,10:47:39,5.92,0.0,15,8880,买盘
1128,10:47:42,5.92,0.0,23,13616,买盘
1129,10:47:49,5.92,0.0,51,30191,买盘
1130,10:47:55,5.92,0.0,8,4736,买盘
1131,10:47:58,5.92,0.0,6,3552,买盘
1132,10:48:01,5.91,-0.01,20,11820,卖盘
1133,10:48:06,5.92,0.01,27,15984,买盘
1134,10:48:15,5.91,-0.01,10,5910,卖盘
1135,10:48:25,5.92,0.01,10,5920,买盘
1136,10:48:28,5.92,0.0,30,17760,买盘
1137,10:48:30,5.91,-0.01,2,1182,卖盘
1138,10:48:36,5.91,0.0,39,23058,卖盘
1139,10:48:39,5.92,0.01,38,22496,买盘
1140,10:48:42,5.91,-0.01,5,2955,卖盘
1141,10:48:45,5.91,0.0,46,27186,卖盘
1142,10:48:54,5.92,0.01,92,54464,买盘
1143,10:49:00,5.91,-0.01,28,16548,卖盘
1144,10:49:06,5.92,0.01,8,4736,买盘
1145,10:49:09,5.91,-0.01,12,7102,卖盘
1146,10:49:25,5.91,0.0,80,47280,卖盘
1147,10:49:27,5.92,0.01,198,117216,买盘
1148,10:49:34,5.92,0.0,266,157472,买盘
1149,10:49:37,5.92,0.0,100,59200,卖盘
1150,10:49:43,5.92,0.0,12,7105,卖盘
1151,10:49:45,5.92,0.0,52,30784,卖盘
1152,10:49:48,5.93,0.01,46,27278,买盘
1153,10:49:58,5.92,-0.01,30,17770,卖盘
1154,10:50:07,5.93,0.01,13,7709,买盘
1155,10:50:10,5.92,-0.01,30,17760,卖盘
1156,10:50:13,5.93,0.01,23,13639,买盘
1157,10:50:16,5.93,0.0,1,593,买盘
1158,10:50:18,5.93,0.0,5,2965,买盘
1159,10:50:21,5.93,0.0,5,2965,买盘
1160,10:50:24,5.92,-0.01,28,16586,卖盘
1161,10:50:28,5.93,0.01,20,11860,买盘
1162,10:50:30,5.93,0.0,50,29650,买盘
1163,10:50:33,5.93,0.0,52,30836,买盘
1164,10:50:37,5.93,0.0,82,48626,买盘
1165,10:50:42,5.93,0.0,203,120379,卖盘
1166,10:50:46,5.94,0.01,20,11868,买盘
1167,10:50:51,5.93,-0.01,54,32022,卖盘
1168,10:50:54,5.94,0.01,14,8316,买盘
1169,10:51:03,5.94,0.0,36,21384,买盘
1170,10:51:06,5.94,0.0,294,174436,买盘
1171,10:51:09,5.94,0.0,10,5940,买盘
1172,10:51:16,5.93,-0.01,30,17800,卖盘
1173,10:51:19,5.94,0.01,10,5940,买盘
1174,10:51:21,5.93,-0.01,29,17197,卖盘
1175,10:51:24,5.94,0.01,48,28512,买盘
1176,10:51:30,5.94,0.0,72,42768,买盘
1177,10:51:34,5.94,0.0,98,58212,买盘
1178,10:51:36,5.94,0.0,44,26136,卖盘
1179,10:51:39,5.95,0.01,14,8330,买盘
1180,10:51:42,5.94,-0.01,2,1188,中性盘
1181,10:51:49,5.94,0.0,24,14256,卖盘
1182,10:51:51,5.95,0.01,15,8925,买盘
1183,10:51:54,5.94,-0.01,3,1782,卖盘
1184,10:52:04,5.94,0.0,28,16632,卖盘
1185,10:52:15,5.94,0.0,34,20196,卖盘
1186,10:52:21,5.94,0.0,22,13068,卖盘
1187,10:52:24,5.95,0.01,123,73145,买盘
1188,10:52:51,5.95,0.0,35,20825,买盘
1189,10:52:54,5.95,0.0,4,2380,买盘
1190,10:53:01,5.95,0.0,14,8330,买盘
1191,10:53:04,5.94,-0.01,20,11880,卖盘
1192,10:53:18,5.94,0.0,6,3564,买盘
1193,10:53:24,5.94,0.0,4,2376,卖盘
1194,10:53:33,5.93,-0.01,10,5930,卖盘
1195,10:53:37,5.95,0.02,10,5950,买盘
1196,10:53:45,5.94,-0.01,12,7117,买盘
1197,10:53:51,5.94,0.0,24,14256,卖盘
1198,10:53:54,5.94,0.0,25,14850,卖盘
1199,10:53:58,5.93,-0.01,14,8309,卖盘
1200,10:54:04,5.94,0.01,8,4752,买盘
1201,10:54:09,5.94,0.0,10,5940,卖盘
1202,10:54:19,5.94,0.0,44,26136,卖盘
1203,10:54:27,5.94,0.0,121,71874,卖盘
1204,10:54:31,5.94,0.0,4,2376,卖盘
1205,10:54:36,5.95,0.01,32,19027,买盘
1206,10:54:54,5.95,0.0,100,59500,买盘
1207,10:54:58,5.95,0.0,8,4760,买盘
1208,10:55:07,5.95,0.0,28,16660,买盘
1209,10:55:21,5.94,-0.01,20,11880,卖盘
1210,10:55:25,5.95,0.01,8,4760,买盘
1211,10:55:39,5.95,0.0,102,60690,买盘
1212,10:55:49,5.95,0.0,41,24395,卖盘
1213,10:55:52,5.95,0.0,2,1190,买盘
1214,10:56:07,5.95,0.0,20,11900,买盘
1215,10:56:09,5.95,0.0,5,2975,买盘
1216,10:56:13,5.94,-0.01,5,2970,卖盘
1217,10:56:25,5.95,0.01,2,1190,买盘
1218,10:56:36,5.95,0.0,73,43435,买盘
1219,10:56:39,5.94,-0.01,1,594,卖盘
1220,10:56:45,5.94,0.0,10,5940,卖盘
1221,10:56:48,5.95,0.01,121,71985,买盘
1222,10:56:55,5.95,0.0,10,5950,买盘
1223,10:57:07,5.95,0.0,10,5950,买盘
1224,10:57:10,5.94,-0.01,5,2970,卖盘
1225,10:57:13,5.95,0.01,11,6545,买盘
1226,10:57:21,5.94,-0.01,42,24948,卖盘
1227,10:57:24,5.94,0.0,132,78408,卖盘
1228,10:57:28,5.94,0.0,30,17820,卖盘
1229,10:57:33,5.95,0.01,10,5950,买盘
1230,10:57:36,5.95,0.0,140,83200,买盘
1231,10:57:42,5.94,-0.01,23,13662,卖盘
1232,10:57:51,5.94,0.0,1,594,买盘
1233,10:57:57,5.93,-0.01,116,68788,卖盘
1234,10:58:04,5.94,0.01,14,8316,买盘
1235,10:58:10,5.94,0.0,58,34452,买盘
1236,10:58:12,5.93,-0.01,8,4744,卖盘
1237,10:58:24,5.93,0.0,123,73055,卖盘
1238,10:58:27,5.93,0.0,226,134018,卖盘
1239,10:58:30,5.93,0.0,10,5930,卖盘
1240,10:58:33,5.94,0.01,200,118800,买盘
1241,10:58:36,5.93,-0.01,15,8895,卖盘
1242,10:58:39,5.94,0.01,20,11880,买盘
1243,10:58:42,5.93,-0.01,1,593,卖盘
1244,10:58:51,5.94,0.01,90,53460,买盘
1245,10:58:54,5.94,0.0,50,29700,买盘
1246,10:59:07,5.93,-0.01,20,11870,卖盘
1247,10:59:09,5.93,0.0,80,47440,卖盘
1248,10:59:12,5.93,0.0,70,41510,卖盘
1249,10:59:18,5.93,0.0,23,13639,卖盘
1250,10:59:30,5.94,0.01,1,594,买盘
1251,10:59:33,5.93,-0.01,48,28492,卖盘
1252,10:59:36,5.93,0.0,10,5930,卖盘
1253,10:59:39,5.94,0.01,6,3564,买盘
1254,10:59:42,5.94,0.0,15,8910,买盘
1255,10:59:49,5.94,0.0,30,17820,买盘
1256,10:59:51,5.93,-0.01,7,4151,卖盘
1257,10:59:55,5.93,0.0,10,5930,卖盘
1258,10:59:58,5.94,0.01,2,1188,买盘
1259,11:00:06,5.94,0.0,21,12473,买盘
1260,11:00:09,5.94,0.0,10,5940,买盘
1261,11:00:13,5.94,0.0,8,4752,买盘
1262,11:00:18,5.94,0.0,47,27918,买盘
1263,11:00:24,5.94,0.0,71,42174,卖盘
1264,11:00:27,5.94,0.0,3,1782,卖盘
1265,11:00:39,5.95,0.01,24,14280,买盘
1266,11:00:42,5.94,-0.01,2,1188,卖盘
1267,11:00:48,5.95,0.01,111,66045,买盘
1268,11:00:51,5.95,0.0,10,5950,卖盘
1269,11:01:03,5.96,0.01,20,11920,买盘
1270,11:01:28,5.95,-0.01,148,88060,中性盘
1271,11:01:31,5.96,0.01,35,20860,买盘
1272,11:01:37,5.96,0.0,5,2980,买盘
1273,11:01:40,5.96,0.0,35,20860,买盘
1274,11:01:42,5.96,0.0,20,11920,买盘
1275,11:01:48,5.95,-0.01,15,8925,卖盘
1276,11:02:01,5.96,0.01,115,68540,买盘
1277,11:02:13,5.97,0.01,81,48357,买盘
1278,11:02:24,5.97,0.0,16,9552,买盘
1279,11:02:27,5.97,0.0,50,29850,买盘
1280,11:02:30,5.97,0.0,10,5970,买盘
1281,11:02:33,5.97,0.0,2,1194,买盘
1282,11:02:37,5.97,0.0,50,29850,买盘
1283,11:02:42,5.97,0.0,72,42984,买盘
1284,11:02:45,5.97,0.0,68,40596,卖盘
1285,11:02:48,5.97,0.0,25,14925,卖盘
1286,11:02:52,5.97,0.0,305,182408,卖盘
1287,11:02:54,5.97,0.0,86,51342,卖盘
1288,11:02:57,5.98,0.01,10,5972,买盘
1289,11:03:10,5.97,-0.01,10,5970,买盘
1290,11:03:13,5.99,0.02,96,57450,买盘
1291,11:03:21,5.99,0.0,26,15549,买盘
1292,11:03:36,5.98,-0.01,3,1794,买盘
1293,11:03:49,5.98,0.0,113,67574,买盘
1294,11:03:51,5.97,-0.01,25,14925,卖盘
1295,11:03:54,5.98,0.01,3,1794,买盘
1296,11:04:06,5.98,0.0,15,8970,买盘
1297,11:04:12,5.97,-0.01,8,4776,卖盘
1298,11:04:15,5.98,0.01,10,5980,买盘
1299,11:04:19,5.97,-0.01,5,2985,卖盘
1300,11:04:21,5.97,0.0,4,2388,卖盘
1301,11:04:27,5.97,0.0,50,29850,卖盘
1302,11:04:31,5.97,0.0,36,21492,卖盘
1303,11:04:33,5.97,0.0,13,7761,卖盘
1304,11:04:36,5.97,0.0,43,25671,卖盘
1305,11:04:39,5.97,0.0,30,17910,卖盘
1306,11:04:48,5.97,0.0,20,11940,卖盘
1307,11:04:58,5.97,0.0,1,597,买盘
1308,11:05:04,5.97,0.0,1,597,买盘
1309,11:05:13,5.96,-0.01,33,19668,卖盘
1310,11:05:18,5.96,0.0,10,5960,买盘
1311,11:06:04,5.95,-0.01,177,105315,卖盘
1312,11:06:09,5.95,0.0,79,47005,卖盘
1313,11:06:13,5.95,0.0,5,2975,买盘
1314,11:06:34,5.94,-0.01,90,53460,卖盘
1315,11:06:40,5.94,0.0,90,53460,卖盘
1316,11:06:54,5.94,0.0,67,39798,卖盘
1317,11:07:01,5.94,0.0,25,14850,卖盘
1318,11:07:04,5.94,0.0,28,16632,卖盘
1319,11:07:06,5.94,0.0,18,10692,卖盘
1320,11:07:10,5.94,0.0,1,594,卖盘
1321,11:07:12,5.94,0.0,5,2970,买盘
1322,11:07:21,5.94,0.0,5,2970,买盘
1323,11:07:24,5.94,0.0,1,594,卖盘
1324,11:07:33,5.95,0.01,87,51756,买盘
1325,11:07:51,5.94,-0.01,10,5940,卖盘
1326,11:08:03,5.93,-0.01,1,593,卖盘
1327,11:08:06,5.95,0.02,24,14280,买盘
1328,11:08:09,5.93,-0.02,28,16604,卖盘
1329,11:08:24,5.94,0.01,25,14850,卖盘
1330,11:08:27,5.94,0.0,9,5346,卖盘
1331,11:08:30,5.94,0.0,6,3564,卖盘
1332,11:08:33,5.94,0.0,30,17820,买盘
1333,11:08:42,5.94,0.0,10,5940,卖盘
1334,11:08:48,5.94,0.0,200,118800,卖盘
1335,11:09:01,5.94,0.0,15,8910,卖盘
1336,11:09:12,5.94,0.0,30,17820,卖盘
1337,11:09:15,5.95,0.01,15,8925,买盘
1338,11:09:18,5.95,0.0,77,45740,买盘
1339,11:09:36,5.95,0.0,18,10710,买盘
1340,11:09:42,5.94,-0.01,21,12474,卖盘
1341,11:09:45,5.95,0.01,227,135065,买盘
1342,11:09:54,5.96,0.01,94,56024,买盘
1343,11:10:01,5.95,-0.01,34,20230,卖盘
1344,11:10:06,5.95,0.0,31,18445,卖盘
1345,11:10:09,5.96,0.01,9,5364,买盘
1346,11:10:12,5.96,0.0,142,84632,买盘
1347,11:10:33,5.97,0.01,2,1194,买盘
1348,11:10:48,5.97,0.0,7,4179,买盘
1349,11:10:51,5.97,0.0,14,8354,买盘
1350,11:10:54,5.97,0.0,45,26865,买盘
1351,11:10:57,5.97,0.0,2,1194,买盘
1352,11:11:00,5.97,0.0,20,11940,买盘
1353,11:11:15,5.97,0.0,10,5970,买盘
1354,11:11:27,5.96,-0.01,50,29800,卖盘
1355,11:11:33,5.97,0.01,76,45357,买盘
1356,11:11:39,5.96,-0.01,4,2384,卖盘
1357,11:11:45,5.96,0.0,10,5960,卖盘
1358,11:11:55,5.97,0.01,25,14925,买盘
1359,11:12:03,5.97,0.0,9,5369,买盘
1360,11:12:13,5.97,0.0,12,7164,买盘
1361,11:12:27,5.96,-0.01,6,3576,卖盘
1362,11:12:42,5.96,0.0,80,47680,卖盘
1363,11:12:45,5.97,0.01,1,597,买盘
1364,11:12:51,5.96,-0.01,38,22654,卖盘
1365,11:13:24,5.96,0.0,1,596,卖盘
1366,11:13:43,5.96,0.0,10,5960,卖盘
1367,11:13:46,5.97,0.01,3,1791,买盘
1368,11:13:52,5.96,-0.01,30,17880,卖盘
1369,11:14:15,5.96,0.0,20,11920,卖盘
1370,11:14:21,5.96,0.0,4,2384,卖盘
1371,11:14:27,5.96,0.0,18,10728,卖盘
1372,11:14:30,5.97,0.01,7,4179,买盘
1373,11:14:36,5.96,-0.01,10,5960,卖盘
1374,11:14:49,5.96,0.0,15,8940,卖盘
1375,11:14:55,5.96,0.0,51,30396,卖盘
1376,11:14:57,5.96,0.0,12,7152,买盘
1377,11:15:18,5.96,0.0,9,5364,卖盘
1378,11:15:37,5.96,0.0,2,1192,买盘
1379,11:15:40,5.96,0.0,28,16688,买盘
1380,11:15:43,5.96,0.0,44,26224,买盘
1381,11:15:46,5.97,0.01,30,17910,买盘
1382,11:15:48,5.97,0.0,2,1194,买盘
1383,11:15:57,5.97,0.0,100,59700,买盘
1384,11:16:00,5.96,-0.01,2,1192,卖盘
1385,11:16:04,5.96,0.0,30,17880,卖盘
1386,11:16:13,5.97,0.01,5,2985,买盘
1387,11:16:25,5.97,0.0,25,14925,买盘
1388,11:16:30,5.97,0.0,20,11930,买盘
1389,11:16:36,5.96,-0.01,20,11920,卖盘
1390,11:16:39,5.97,0.01,12,7164,买盘
1391,11:16:54,5.97,0.0,30,17910,买盘
1392,11:17:24,5.97,0.0,9,5373,买盘
1393,11:17:33,5.96,-0.01,10,5960,卖盘
1394,11:17:39,5.96,0.0,5,2980,卖盘
1395,11:17:45,5.97,0.01,3,1791,买盘
1396,11:17:51,5.96,-0.01,50,29800,卖盘
1397,11:18:00,5.97,0.01,22,13134,买盘
1398,11:18:09,5.96,-0.01,10,5960,卖盘
1399,11:18:45,5.96,0.0,8,4768,卖盘
1400,11:18:51,5.96,0.0,170,101320,卖盘
1401,11:18:57,5.97,0.01,36,21492,买盘
1402,11:19:00,5.96,-0.01,99,59004,卖盘
1403,11:19:18,5.96,0.0,10,5960,买盘
1404,11:19:21,5.95,-0.01,20,11900,卖盘
1405,11:19:30,5.95,0.0,10,5950,卖盘
1406,11:19:36,5.96,0.01,183,109068,买盘
1407,11:19:39,5.95,-0.01,16,9520,卖盘
1408,11:19:42,5.95,0.0,23,13685,卖盘
1409,11:19:45,5.95,0.0,10,5950,卖盘
1410,11:19:55,5.96,0.01,14,8344,买盘
1411,11:20:43,5.96,0.0,28,16688,买盘
1412,11:20:49,5.96,0.0,30,17878,买盘
1413,11:20:52,5.96,0.0,222,132312,卖盘
1414,11:20:55,5.96,0.0,5,2980,买盘
1415,11:21:30,5.95,-0.01,20,11900,卖盘
1416,11:21:39,5.95,0.0,200,119000,卖盘
1417,11:21:48,5.95,0.0,31,18445,卖盘
1418,11:22:00,5.95,0.0,5,2975,买盘
1419,11:22:09,5.95,0.0,4,2380,买盘
1420,11:22:15,5.95,0.0,23,13685,买盘
1421,11:22:24,5.95,0.0,5,2975,买盘
1422,11:22:30,5.94,-0.01,58,34452,卖盘
1423,11:22:33,5.94,0.0,17,10110,卖盘
1424,11:22:36,5.95,0.01,8,4760,买盘
1425,11:23:00,5.95,0.0,2,1190,卖盘
1426,11:23:18,5.94,-0.01,78,46332,卖盘
1427,11:23:36,5.94,0.0,20,11880,卖盘
1428,11:23:42,5.95,0.01,6,3565,买盘
1429,11:24:12,5.94,-0.01,5,2970,卖盘
1430,11:24:36,5.94,0.0,100,59400,卖盘
1431,11:24:42,5.94,0.0,137,81378,卖盘
1432,11:25:15,5.94,0.0,433,257202,卖盘
1433,11:25:18,5.94,0.0,8,4752,买盘
1434,11:25:34,5.93,-0.01,9,5337,卖盘
1435,11:25:48,5.94,0.01,129,76626,买盘
1436,11:26:07,5.93,-0.01,5,2965,卖盘
1437,11:26:15,5.93,0.0,4,2372,卖盘
1438,11:26:19,5.93,0.0,326,193322,卖盘
1439,11:26:24,5.93,0.0,50,29650,卖盘
1440,11:26:42,5.93,0.0,29,17197,卖盘
1441,11:26:45,5.93,0.0,20,11860,卖盘
1442,11:26:48,5.93,0.0,6,3558,卖盘
1443,11:26:54,5.93,0.0,38,22534,卖盘
1444,11:27:03,5.92,-0.01,18,10662,卖盘
1445,11:27:30,5.94,0.02,5,2970,买盘
1446,11:27:37,5.93,-0.01,5,2965,卖盘
1447,11:27:57,5.93,0.0,39,23127,卖盘
1448,11:28:00,5.93,0.0,21,12453,卖盘
1449,11:28:18,5.94,0.01,30,17820,买盘
1450,11:28:27,5.93,-0.01,300,177900,卖盘
1451,11:28:45,5.94,0.01,10,5940,买盘
1452,11:28:48,5.94,0.0,5,2970,买盘
1453,11:28:51,5.93,-0.01,3,1779,卖盘
1454,11:28:54,5.93,0.0,15,8895,卖盘
1455,11:29:04,5.93,0.0,246,145878,卖盘
1456,11:29:07,5.93,0.0,2,1186,卖盘
1457,11:29:10,5.93,0.0,10,5930,卖盘
1458,11:29:15,5.93,0.0,138,81834,卖盘
1459,11:29:18,5.93,0.0,1,593,买盘
1460,11:29:27,5.93,0.0,10,5930,买盘
1461,11:29:30,5.93,0.0,3,1779,买盘
1462,11:29:39,5.93,0.0,31,18383,买盘
1463,11:29:48,5.94,0.01,1,594,买盘
1464,11:29:51,5.93,-0.01,15,8895,卖盘
1465,13:00:04,5.93,0.0,951,564009,卖盘
1466,13:00:07,5.93,0.0,52,30836,买盘
1467,13:00:33,5.92,-0.01,33,19536,卖盘
1468,13:00:45,5.92,0.0,122,72224,卖盘
1469,13:00:49,5.92,0.0,3,1776,卖盘
1470,13:00:51,5.92,0.0,33,19536,卖盘
1471,13:00:57,5.92,0.0,5,2960,卖盘
1472,13:01:04,5.92,0.0,2,1184,卖盘
1473,13:01:27,5.92,0.0,40,23680,卖盘
1474,13:01:37,5.92,0.0,2,1184,卖盘
1475,13:01:43,5.92,0.0,25,14800,卖盘
1476,13:02:00,5.91,-0.01,20,11820,卖盘
1477,13:02:06,5.91,0.0,3,1773,卖盘
1478,13:02:22,5.93,0.02,100,59267,买盘
1479,13:02:27,5.91,-0.02,2,1182,卖盘
1480,13:02:54,5.92,0.01,50,29600,卖盘
1481,13:03:07,5.92,0.0,49,29008,卖盘
1482,13:03:18,5.92,0.0,1,592,买盘
1483,13:03:24,5.91,-0.01,30,17730,卖盘
1484,13:03:27,5.91,0.0,47,27777,卖盘
1485,13:03:30,5.91,0.0,14,8274,卖盘
1486,13:03:33,5.91,0.0,74,43734,卖盘
1487,13:04:15,5.91,0.0,14,8274,卖盘
1488,13:04:18,5.92,0.01,1,592,买盘
1489,13:04:39,5.92,0.0,14,8288,买盘
1490,13:04:51,5.92,0.0,20,11840,买盘
1491,13:05:18,5.91,-0.01,3,1773,卖盘
1492,13:05:21,5.92,0.01,54,31928,买盘
1493,13:05:30,5.92,0.0,10,5920,买盘
1494,13:05:33,5.91,-0.01,40,23640,卖盘
1495,13:05:42,5.91,0.0,1,591,卖盘
1496,13:05:54,5.91,0.0,60,35460,卖盘
1497,13:05:57,5.91,0.0,26,15366,卖盘
1498,13:06:00,5.91,0.0,50,29550,卖盘
1499,13:06:04,5.91,0.0,41,24231,卖盘
1500,13:06:06,5.91,0.0,3,1773,卖盘
1501,13:06:12,5.91,0.0,2,1182,卖盘
1502,13:06:15,5.91,0.0,50,29550,卖盘
1503,13:06:21,5.91,0.0,14,8274,卖盘
1504,13:06:27,5.91,0.0,10,5910,买盘
1505,13:06:51,5.91,0.0,20,11820,买盘
1506,13:06:57,5.9,-0.01,32,18882,卖盘
1507,13:07:04,5.9,0.0,278,164020,卖盘
1508,13:07:06,5.91,0.01,25,14763,买盘
1509,13:07:12,5.9,-0.01,10,5900,买盘
1510,13:07:18,5.9,0.0,14,8260,卖盘
1511,13:07:36,5.9,0.0,13,7670,卖盘
1512,13:07:42,5.91,0.01,5,2955,买盘
1513,13:07:51,5.9,-0.01,1,590,卖盘
1514,13:08:01,5.9,0.0,20,11800,卖盘
1515,13:08:30,5.91,0.01,59,34869,买盘
1516,13:08:42,5.91,0.0,4,2364,卖盘
1517,13:08:45,5.91,0.0,40,23640,买盘
1518,13:08:48,5.92,0.01,37,21888,买盘
1519,13:09:18,5.92,0.0,36,21312,买盘
1520,13:09:36,5.91,-0.01,60,35460,卖盘
1521,13:09:42,5.92,0.01,30,17760,买盘
1522,13:09:57,5.91,-0.01,20,11820,卖盘
1523,13:10:00,5.91,0.0,5,2955,卖盘
1524,13:10:04,5.91,0.0,53,31336,卖盘
1525,13:10:15,5.92,0.01,4,2368,买盘
1526,13:10:21,5.91,-0.01,5,2955,卖盘
1527,13:10:24,5.91,0.0,20,11820,卖盘
1528,13:10:30,5.9,-0.01,417,246092,卖盘
1529,13:10:45,5.9,0.0,9,5310,买盘
1530,13:10:48,5.9,0.0,34,20060,买盘
1531,13:11:04,5.89,-0.01,13,7657,卖盘
1532,13:11:15,5.89,0.0,28,16502,卖盘
1533,13:11:27,5.89,0.0,76,44764,卖盘
1534,13:11:33,5.89,0.0,169,99541,卖盘
1535,13:11:46,5.88,-0.01,107,62916,卖盘
1536,13:11:55,5.89,0.01,21,12349,买盘
1537,13:11:57,5.88,-0.01,108,63504,卖盘
1538,13:12:04,5.88,0.0,100,58800,卖盘
1539,13:12:06,5.88,0.0,46,27048,卖盘
1540,13:12:09,5.88,0.0,28,16464,卖盘
1541,13:12:19,5.88,0.0,9,5292,卖盘
1542,13:12:22,5.88,0.0,21,12348,卖盘
1543,13:12:36,5.88,0.0,6,3528,买盘
1544,13:12:39,5.87,-0.01,10,5870,卖盘
1545,13:12:42,5.88,0.01,5,2940,买盘
1546,13:12:49,5.87,-0.01,79,46373,卖盘
1547,13:12:52,5.87,0.0,30,17610,卖盘
1548,13:12:54,5.88,0.01,3,1764,买盘
1549,13:13:00,5.87,-0.01,14,8218,卖盘
1550,13:13:07,5.87,0.0,45,26415,卖盘
1551,13:13:09,5.87,0.0,84,49308,卖盘
1552,13:13:28,5.87,0.0,100,58700,卖盘
1553,13:13:30,5.87,0.0,13,7631,卖盘
1554,13:13:36,5.87,0.0,85,49895,卖盘
1555,13:13:42,5.87,0.0,5,2935,买盘
1556,13:13:51,5.87,0.0,6,3522,买盘
1557,13:13:54,5.87,0.0,2,1174,买盘
1558,13:14:01,5.87,0.0,10,5870,买盘
1559,13:14:04,5.86,-0.01,13,7618,卖盘
1560,13:14:07,5.86,0.0,100,58600,卖盘
1561,13:14:10,5.86,0.0,139,81454,卖盘
1562,13:14:12,5.86,0.0,20,11720,卖盘
1563,13:14:18,5.86,0.0,4,2344,卖盘
1564,13:14:22,5.86,0.0,100,58600,卖盘
1565,13:14:24,5.87,0.01,12,7040,买盘
1566,13:14:28,5.86,-0.01,93,54498,卖盘
1567,13:14:30,5.86,0.0,120,70320,卖盘
1568,13:14:33,5.86,0.0,161,94346,卖盘
1569,13:14:36,5.86,0.0,10,5860,买盘
1570,13:14:43,5.86,0.0,16,9376,买盘
1571,13:14:45,5.86,0.0,2,1172,买盘
1572,13:14:48,5.86,0.0,7,4102,买盘
1573,13:14:51,5.86,0.0,22,12892,买盘
1574,13:14:55,5.86,0.0,20,11720,卖盘
1575,13:14:58,5.86,0.0,20,11720,卖盘
1576,13:15:07,5.86,0.0,114,66868,卖盘
1577,13:15:10,5.87,0.01,99,58113,买盘
1578,13:15:18,5.87,0.0,21,12327,买盘
1579,13:15:24,5.87,0.0,101,59287,买盘
1580,13:15:27,5.87,0.0,13,7631,买盘
1581,13:15:37,5.87,0.0,44,25828,买盘
1582,13:15:43,5.87,0.0,45,26415,买盘
1583,13:15:45,5.87,0.0,32,18784,买盘
1584,13:15:48,5.87,0.0,105,61635,买盘
1585,13:16:13,5.88,0.01,10,5880,买盘
1586,13:16:21,5.87,-0.01,66,38742,卖盘
1587,13:16:25,5.88,0.01,2,1176,买盘
1588,13:16:28,5.88,0.0,10,5880,买盘
1589,13:16:34,5.88,0.0,50,29400,买盘
1590,13:16:37,5.88,0.0,15,8820,买盘
1591,13:16:39,5.88,0.0,7,4116,买盘
1592,13:16:54,5.88,0.0,30,17640,买盘
1593,13:16:57,5.88,0.0,20,11760,买盘
1594,13:17:00,5.87,-0.01,30,17610,卖盘
1595,13:17:18,5.88,0.01,227,133476,买盘
1596,13:17:33,5.88,0.0,31,18239,卖盘
1597,13:17:37,5.88,0.0,4,2352,卖盘
1598,13:17:39,5.88,0.0,50,29400,卖盘
1599,13:17:49,5.88,0.0,24,14112,卖盘
1600,13:17:57,5.88,0.0,33,19404,卖盘
1601,13:18:18,5.88,0.0,10,5880,买盘
1602,13:18:28,5.87,-0.01,10,5870,卖盘
1603,13:18:31,5.88,0.01,18,10584,买盘
1604,13:18:45,5.87,-0.01,49,28763,卖盘
1605,13:19:00,5.87,0.0,24,14088,卖盘
1606,13:19:04,5.88,0.01,1,588,买盘
1607,13:19:06,5.87,-0.01,20,11740,卖盘
1608,13:19:12,5.87,0.0,88,51656,卖盘
1609,13:19:36,5.87,0.0,50,29350,买盘
1610,13:19:43,5.87,0.0,1,587,买盘
1611,13:20:07,5.87,0.0,30,17610,买盘
1612,13:20:31,5.87,0.0,20,11740,卖盘
1613,13:20:36,5.87,0.0,3,1761,卖盘
1614,13:20:42,5.87,0.0,43,25241,卖盘
1615,13:20:45,5.87,0.0,7,4109,买盘
1616,13:21:01,5.87,0.0,5,2935,卖盘
1617,13:21:04,5.88,0.01,9,5292,买盘
1618,13:21:18,5.87,-0.01,100,58700,卖盘
1619,13:21:21,5.87,0.0,10,5870,卖盘
1620,13:21:27,5.87,0.0,10,5870,卖盘
1621,13:21:30,5.88,0.01,30,17640,买盘
1622,13:21:46,5.87,-0.01,1,587,卖盘
1623,13:22:00,5.88,0.01,10,5880,买盘
1624,13:22:04,5.88,0.0,4,2352,买盘
1625,13:22:07,5.88,0.0,195,114660,买盘
1626,13:22:12,5.88,0.0,15,8820,买盘
1627,13:22:15,5.88,0.0,130,76340,买盘
1628,13:22:22,5.88,0.0,45,26460,买盘
1629,13:22:25,5.88,0.0,11,6468,买盘
1630,13:22:27,5.88,0.0,5,2940,买盘
1631,13:22:34,5.88,0.0,4,2352,买盘
1632,13:22:42,5.88,0.0,10,5880,买盘
1633,13:22:46,5.88,0.0,2,1176,买盘
1634,13:22:49,5.88,0.0,74,43512,买盘
1635,13:22:52,5.88,0.0,40,23520,买盘
1636,13:22:58,5.88,0.0,20,11760,卖盘
1637,13:23:07,5.88,0.0,10,5880,卖盘
1638,13:23:12,5.88,0.0,407,239316,卖盘
1639,13:23:27,5.88,0.0,24,14112,买盘
1640,13:23:33,5.88,0.0,4,2352,买盘
1641,13:23:48,5.88,0.0,100,58800,买盘
1642,13:23:54,5.88,0.0,108,63504,买盘
1643,13:24:00,5.88,0.0,129,75852,买盘
1644,13:24:31,5.88,0.0,38,22344,卖盘
1645,13:24:39,5.88,0.0,10,5880,卖盘
1646,13:25:00,5.88,0.0,50,29400,卖盘
1647,13:25:07,5.89,0.01,195,114855,买盘
1648,13:25:12,5.88,-0.01,122,71736,卖盘
1649,13:25:28,5.89,0.01,17,10013,买盘
1650,13:25:33,5.89,0.0,1,589,买盘
1651,13:25:42,5.88,-0.01,9,5292,卖盘
1652,13:25:45,5.89,0.01,10,5890,买盘
1653,13:25:48,5.89,0.0,10,5890,买盘
1654,13:25:51,5.89,0.0,16,9424,买盘
1655,13:25:54,5.89,0.0,50,29450,买盘
1656,13:25:58,5.89,0.0,10,5890,买盘
1657,13:26:04,5.89,0.0,9,5301,买盘
1658,13:26:15,5.89,0.0,3,1767,买盘
1659,13:26:19,5.89,0.0,6,3534,买盘
1660,13:26:24,5.89,0.0,9,5301,买盘
1661,13:26:51,5.89,0.0,25,14725,买盘
1662,13:26:54,5.88,-0.01,309,181721,卖盘
1663,13:27:00,5.89,0.01,143,84227,买盘
1664,13:27:06,5.89,0.0,14,8246,卖盘
1665,13:27:09,5.89,0.0,13,7657,卖盘
1666,13:27:30,5.89,0.0,10,5890,买盘
1667,13:27:51,5.88,-0.01,34,19992,卖盘
1668,13:27:54,5.89,0.01,26,15314,买盘
1669,13:28:00,5.88,-0.01,89,52420,卖盘
1670,13:28:09,5.89,0.01,6,3533,买盘
1671,13:28:34,5.88,-0.01,31,18228,卖盘
1672,13:29:06,5.89,0.01,2,1178,买盘
1673,13:29:09,5.88,-0.01,18,10584,卖盘
1674,13:29:12,5.89,0.01,10,5890,买盘
1675,13:29:24,5.88,-0.01,8,4704,卖盘
1676,13:29:30,5.89,0.01,3,1767,买盘
1677,13:29:33,5.89,0.0,10,5890,买盘
1678,13:29:42,5.88,-0.01,54,31752,卖盘
1679,13:29:45,5.89,0.01,56,32931,买盘
1680,13:29:49,5.88,-0.01,60,35280,卖盘
1681,13:29:57,5.89,0.01,15,8835,买盘
1682,13:30:00,5.88,-0.01,20,11760,卖盘
1683,13:30:27,5.88,0.0,30,17640,卖盘
1684,13:30:30,5.89,0.01,1,589,买盘
1685,13:30:42,5.88,-0.01,50,29400,卖盘
1686,13:30:45,5.88,0.0,98,57624,卖盘
1687,13:30:48,5.89,0.01,148,87172,买盘
1688,13:30:51,5.89,0.0,123,72447,卖盘
1689,13:31:00,5.9,0.01,2,1180,买盘
1690,13:31:21,5.9,0.0,2,1180,买盘
1691,13:31:24,5.89,-0.01,5,2945,卖盘
1692,13:31:27,5.9,0.01,15,8850,买盘
1693,13:31:39,5.9,0.0,38,22420,买盘
1694,13:31:42,5.89,-0.01,107,63023,卖盘
1695,13:31:48,5.89,0.0,23,13547,买盘
1696,13:31:51,5.89,0.0,5,2945,买盘
1697,13:32:07,5.88,-0.01,100,58800,卖盘
1698,13:32:22,5.88,0.0,58,34104,卖盘
1699,13:32:24,5.89,0.01,2,1177,买盘
1700,13:32:37,5.88,-0.01,1,588,买盘
1701,13:32:40,5.88,0.0,35,20580,卖盘
1702,13:33:04,5.88,0.0,10,5880,买盘
1703,13:33:30,5.88,0.0,41,24108,买盘
1704,13:33:48,5.89,0.01,13,7657,买盘
1705,13:34:09,5.88,-0.01,101,59389,卖盘
1706,13:34:18,5.88,0.0,87,51156,卖盘
1707,13:34:30,5.88,0.0,10,5880,买盘
1708,13:34:36,5.87,-0.01,50,29350,卖盘
1709,13:34:48,5.88,0.01,50,29400,买盘
1710,13:34:51,5.88,0.0,8,4704,买盘
1711,13:34:57,5.87,-0.01,1,587,卖盘
1712,13:35:09,5.88,0.01,108,63504,买盘
1713,13:35:31,5.88,0.0,20,11760,卖盘
1714,13:35:39,5.89,0.01,21,12369,买盘
1715,13:35:49,5.88,-0.01,1,588,卖盘
1716,13:36:04,5.88,0.0,27,15876,卖盘
1717,13:36:09,5.88,0.0,15,8820,卖盘
1718,13:36:15,5.88,0.0,30,17640,卖盘
1719,13:36:33,5.88,0.0,10,5880,买盘
1720,13:36:46,5.87,-0.01,215,126205,卖盘
1721,13:36:57,5.86,-0.01,146,85561,卖盘
1722,13:37:13,5.86,0.0,1,586,卖盘
1723,13:37:16,5.86,0.0,214,125404,卖盘
1724,13:37:18,5.86,0.0,10,5860,卖盘
1725,13:37:21,5.86,0.0,44,25784,卖盘
1726,13:37:28,5.85,-0.01,10,5850,卖盘
1727,13:37:34,5.85,0.0,1,585,卖盘
1728,13:37:37,5.85,0.0,29,16965,卖盘
1729,13:37:39,5.85,0.0,200,117000,卖盘
1730,13:37:43,5.86,0.01,7,4100,买盘
1731,13:37:48,5.85,-0.01,19,11115,卖盘
1732,13:37:52,5.85,0.0,282,164970,卖盘
1733,13:37:54,5.85,0.0,502,293670,卖盘
1734,13:37:57,5.85,0.0,2,1170,买盘
1735,13:38:01,5.84,-0.01,22,12848,卖盘
1736,13:38:10,5.85,0.01,6,3510,买盘
1737,13:38:13,5.84,-0.01,4,2336,卖盘
1738,13:38:16,5.84,0.0,7,4088,卖盘
1739,13:38:19,5.84,0.0,40,23360,卖盘
1740,13:38:22,5.84,0.0,41,23944,卖盘
1741,13:38:28,5.84,0.0,22,12848,卖盘
1742,13:38:33,5.84,0.0,50,29200,卖盘
1743,13:38:39,5.84,0.0,183,106872,卖盘
1744,13:38:43,5.84,0.0,226,131984,卖盘
1745,13:38:45,5.84,0.0,105,61320,卖盘
1746,13:38:49,5.84,0.0,72,42048,卖盘
1747,13:38:52,5.84,0.0,25,14600,卖盘
1748,13:38:55,5.84,0.0,36,21044,卖盘
1749,13:38:58,5.85,0.01,95,55496,买盘
1750,13:39:00,5.84,-0.01,151,88184,卖盘
1751,13:39:07,5.84,0.0,10,5840,买盘
1752,13:39:13,5.84,0.0,91,53056,买盘
1753,13:39:18,5.84,0.0,100,58400,买盘
1754,13:39:21,5.84,0.0,15,8760,买盘
1755,13:39:28,5.83,-0.01,200,116652,卖盘
1756,13:39:31,5.84,0.01,100,58400,卖盘
1757,13:39:33,5.84,0.0,150,87600,卖盘
1758,13:39:37,5.84,0.0,10,5840,卖盘
1759,13:39:39,5.84,0.0,91,53144,卖盘
1760,13:39:48,5.83,-0.01,63,36729,卖盘
1761,13:39:55,5.84,0.01,33,19272,买盘
1762,13:40:01,5.84,0.0,6,3504,买盘
1763,13:40:04,5.84,0.0,119,69481,买盘
1764,13:40:06,5.84,0.0,5,2920,卖盘
1765,13:40:10,5.84,0.0,100,58400,买盘
1766,13:40:18,5.84,0.0,1,584,买盘
1767,13:40:24,5.84,0.0,11,6424,买盘
1768,13:40:37,5.84,0.0,9,5256,买盘
1769,13:40:40,5.83,-0.01,20,11660,卖盘
1770,13:40:43,5.84,0.01,69,40296,买盘
1771,13:40:52,5.84,0.0,20,11680,买盘
1772,13:41:00,5.83,-0.01,25,14595,卖盘
1773,13:41:03,5.84,0.01,5,2920,买盘
1774,13:41:22,5.84,0.0,130,75860,买盘
1775,13:41:30,5.83,-0.01,72,41976,卖盘
1776,13:41:36,5.84,0.01,689,402376,买盘
1777,13:41:40,5.84,0.0,41,23944,卖盘
1778,13:41:46,5.84,0.0,101,58985,卖盘
1779,13:41:52,5.84,0.0,47,27468,卖盘
1780,13:41:54,5.85,0.01,28,16380,买盘
1781,13:42:07,5.84,-0.01,124,72416,卖盘
1782,13:42:15,5.85,0.01,20,11700,买盘
1783,13:42:21,5.85,0.0,16,9360,买盘
1784,13:42:28,5.85,0.0,30,17550,买盘
1785,13:42:31,5.85,0.0,2,1170,买盘
1786,13:42:42,5.85,0.0,128,74880,买盘
1787,13:42:45,5.85,0.0,33,19305,买盘
1788,13:42:48,5.85,0.0,10,5850,买盘
1789,13:42:51,5.85,0.0,56,32760,买盘
1790,13:42:57,5.85,0.0,8,4680,买盘
1791,13:43:09,5.86,0.01,17,9962,买盘
1792,13:43:12,5.85,-0.01,3,1756,卖盘
1793,13:43:25,5.87,0.02,46,27002,买盘
1794,13:43:30,5.87,0.0,1,587,买盘
1795,13:43:36,5.87,0.0,9,5283,买盘
1796,13:43:40,5.87,0.0,67,39329,买盘
1797,13:43:51,5.85,-0.02,200,117000,卖盘
1798,13:43:58,5.87,0.02,2,1174,买盘
1799,13:44:04,5.87,0.0,16,9392,卖盘
1800,13:44:15,5.87,0.0,1,587,买盘
1801,13:44:18,5.86,-0.01,83,48645,卖盘
1802,13:44:21,5.87,0.01,91,53417,买盘
1803,13:44:24,5.87,0.0,10,5870,买盘
1804,13:44:33,5.87,0.0,20,11740,买盘
1805,13:44:54,5.87,0.0,41,24067,买盘
1806,13:44:57,5.87,0.0,30,17590,买盘
1807,13:45:06,5.87,0.0,33,19371,买盘
1808,13:45:09,5.87,0.0,160,93780,买盘
1809,13:45:12,5.86,-0.01,75,43950,卖盘
1810,13:45:15,5.87,0.01,2,1174,买盘
1811,13:45:21,5.86,-0.01,144,84384,卖盘
1812,13:45:30,5.86,0.0,4,2344,买盘
1813,13:45:58,5.86,0.0,32,18752,买盘
1814,13:46:01,5.86,0.0,10,5860,卖盘
1815,13:46:07,5.86,0.0,8,4688,卖盘
1816,13:46:09,5.86,0.0,33,19338,买盘
1817,13:46:18,5.86,0.0,10,5860,卖盘
1818,13:46:27,5.86,0.0,8,4688,卖盘
1819,13:46:45,5.87,0.01,2,1174,买盘
1820,13:46:48,5.86,-0.01,10,5860,卖盘
1821,13:47:00,5.87,0.01,150,88050,买盘
1822,13:47:06,5.87,0.0,5,2935,买盘
1823,13:47:22,5.87,0.0,3,1761,买盘
1824,13:47:25,5.87,0.0,20,11740,买盘
1825,13:47:30,5.87,0.0,5,2935,买盘
1826,13:47:55,5.87,0.0,50,29350,买盘
1827,13:48:00,5.87,0.0,11,6457,买盘
1828,13:48:06,5.87,0.0,10,5870,买盘
1829,13:48:09,5.87,0.0,143,83941,买盘
1830,13:48:39,5.88,0.01,22,12936,买盘
1831,13:48:45,5.88,0.0,120,70560,买盘
1832,13:48:48,5.88,0.0,124,72912,买盘
1833,13:48:57,5.88,0.0,40,23520,买盘
1834,13:49:06,5.88,0.0,27,15893,卖盘
1835,13:49:09,5.88,0.0,11,6468,买盘
1836,13:49:12,5.88,0.0,52,30576,买盘
1837,13:49:27,5.88,0.0,2,1176,买盘
1838,13:49:45,5.88,0.0,29,17052,买盘
1839,13:49:55,5.87,-0.01,76,44668,卖盘
1840,13:50:00,5.88,0.01,39,22932,买盘
1841,13:50:12,5.88,0.0,96,56448,买盘
1842,13:50:18,5.88,0.0,56,32928,买盘
1843,13:50:27,5.89,0.01,20,11780,买盘
1844,13:50:31,5.89,0.0,10,5890,买盘
1845,13:50:42,5.89,0.0,10,5890,买盘
1846,13:50:55,5.89,0.0,220,129580,买盘
1847,13:51:09,5.89,0.0,8,4712,买盘
1848,13:51:16,5.89,0.0,60,35340,买盘
1849,13:51:21,5.89,0.0,53,31217,买盘
1850,13:51:33,5.89,0.0,29,17081,买盘
1851,13:51:36,5.88,-0.01,10,5880,卖盘
1852,13:51:39,5.88,0.0,84,49392,卖盘
1853,13:51:49,5.89,0.01,140,82460,买盘
1854,13:51:54,5.89,0.0,68,40052,买盘
1855,13:51:57,5.89,0.0,22,12958,买盘
1856,13:52:19,5.89,0.0,5,2945,买盘
1857,13:52:21,5.89,0.0,3,1767,买盘
1858,13:52:30,5.88,-0.01,43,25284,卖盘
1859,13:52:36,5.88,0.0,110,64680,卖盘
1860,13:53:06,5.89,0.01,108,63612,买盘
1861,13:53:09,5.88,-0.01,92,54096,卖盘
1862,13:53:15,5.88,0.0,86,50568,卖盘
1863,13:53:30,5.88,0.0,10,5880,买盘
1864,13:53:48,5.87,-0.01,20,11740,卖盘
1865,13:53:54,5.87,0.0,20,11740,卖盘
1866,13:54:51,5.88,0.01,49,28812,买盘
1867,13:55:01,5.88,0.0,5,2940,卖盘
1868,13:55:15,5.88,0.0,150,88200,卖盘
1869,13:55:18,5.88,0.0,10,5880,卖盘
1870,13:55:36,5.88,0.0,10,5880,卖盘
1871,13:56:04,5.88,0.0,120,70560,卖盘
1872,13:56:06,5.88,0.0,55,32340,卖盘
1873,13:56:30,5.89,0.01,120,70680,买盘
1874,13:56:42,5.89,0.0,112,65968,买盘
1875,13:56:57,5.89,0.0,96,56544,买盘
1876,13:57:00,5.89,0.0,1,589,买盘
1877,13:57:12,5.89,0.0,10,5890,买盘
1878,13:57:51,5.89,0.0,11,6479,买盘
1879,13:58:09,5.89,0.0,6,3534,买盘
1880,13:58:33,5.89,0.0,3,1767,买盘
1881,13:58:54,5.89,0.0,9,5301,买盘
1882,13:59:09,5.89,0.0,110,64790,买盘
1883,13:59:18,5.89,0.0,8,4712,买盘
1884,14:00:10,5.88,-0.01,139,81732,卖盘
1885,14:00:21,5.88,0.0,205,120540,卖盘
1886,14:00:25,5.88,0.0,26,15288,卖盘
1887,14:00:39,5.87,-0.01,15,8805,卖盘
1888,14:00:42,5.87,0.0,498,292326,卖盘
1889,14:00:49,5.86,-0.01,69,40434,卖盘
1890,14:01:10,5.86,0.0,50,29300,卖盘
1891,14:01:16,5.86,0.0,9,5274,卖盘
1892,14:01:22,5.86,0.0,133,77938,卖盘
1893,14:01:25,5.87,0.01,50,29350,买盘
1894,14:01:36,5.86,-0.01,10,5860,卖盘
1895,14:01:45,5.86,0.0,5,2930,卖盘
1896,14:01:48,5.86,0.0,180,105480,卖盘
1897,14:01:57,5.86,0.0,29,16994,卖盘
1898,14:02:04,5.86,0.0,1,586,卖盘
1899,14:02:07,5.86,0.0,33,19338,卖盘
1900,14:02:12,5.86,0.0,105,61530,卖盘
1901,14:02:15,5.86,0.0,61,35746,卖盘
1902,14:02:24,5.86,0.0,50,29300,卖盘
1903,14:02:30,5.86,0.0,40,23444,卖盘
1904,14:02:33,5.86,0.0,81,47466,卖盘
1905,14:02:37,5.86,0.0,50,29300,卖盘
1906,14:02:42,5.86,0.0,5,2930,卖盘
1907,14:03:04,5.86,0.0,30,17580,卖盘
1908,14:03:06,5.86,0.0,10,5860,卖盘
1909,14:03:19,5.86,0.0,14,8204,买盘
1910,14:03:24,5.85,-0.01,20,11700,卖盘
1911,14:03:30,5.86,0.01,15,8790,买盘
1912,14:03:33,5.86,0.0,12,7032,买盘
1913,14:03:48,5.86,0.0,60,35160,买盘
1914,14:03:52,5.85,-0.01,20,11700,卖盘
1915,14:03:57,5.85,0.0,20,11700,卖盘
1916,14:04:16,5.85,0.0,2,1170,卖盘
1917,14:04:18,5.85,0.0,34,19890,卖盘
1918,14:04:22,5.86,0.01,10,5860,买盘
1919,14:04:25,5.86,0.0,57,33402,买盘
1920,14:04:42,5.85,-0.01,14,8190,卖盘
1921,14:04:46,5.86,0.01,110,64410,买盘
1922,14:04:51,5.86,0.0,10,5860,买盘
1923,14:04:58,5.86,0.0,5,2930,买盘
1924,14:05:04,5.86,0.0,20,11720,买盘
1925,14:05:06,5.86,0.0,22,12892,买盘
1926,14:05:09,5.86,0.0,10,5860,卖盘
1927,14:05:12,5.86,0.0,17,9962,卖盘
1928,14:05:27,5.87,0.01,17,9979,买盘
1929,14:05:39,5.86,-0.01,10,5860,卖盘
1930,14:05:45,5.87,0.01,133,78071,买盘
1931,14:05:51,5.88,0.01,29,17052,买盘
1932,14:05:55,5.87,-0.01,56,32872,卖盘
1933,14:06:01,5.88,0.01,2,1176,买盘
1934,14:06:09,5.87,-0.01,10,5870,卖盘
1935,14:06:28,5.87,0.0,8,4696,卖盘
1936,14:06:37,5.88,0.01,2,1176,买盘
1937,14:06:49,5.88,0.0,17,9990,买盘
1938,14:06:58,5.88,0.0,2,1176,买盘
1939,14:07:09,5.88,0.0,150,88200,买盘
1940,14:07:19,5.88,0.0,5,2940,买盘
1941,14:07:22,5.88,0.0,23,13524,买盘
1942,14:07:27,5.88,0.0,1,588,买盘
1943,14:07:30,5.88,0.0,1,588,买盘
1944,14:07:33,5.89,0.01,81,47701,买盘
1945,14:07:43,5.88,-0.01,67,39396,卖盘
1946,14:07:49,5.88,0.0,8,4704,买盘
1947,14:08:04,5.89,0.01,35,20615,买盘
1948,14:08:06,5.88,-0.01,25,14700,卖盘
1949,14:08:10,5.88,0.0,7,4116,买盘
1950,14:08:13,5.88,0.0,57,33516,买盘
1951,14:08:22,5.87,-0.01,220,129199,卖盘
1952,14:08:51,5.89,0.02,35,20615,买盘
1953,14:09:04,5.87,-0.02,17,9979,卖盘
1954,14:09:19,5.88,0.01,1,588,卖盘
1955,14:09:24,5.88,0.0,8,4704,卖盘
1956,14:09:31,5.88,0.0,5,2940,卖盘
1957,14:09:42,5.88,0.0,66,38808,卖盘
1958,14:10:15,5.88,0.0,10,5880,卖盘
1959,14:10:24,5.88,0.0,19,11172,卖盘
1960,14:10:39,5.88,0.0,16,9408,买盘
1961,14:10:45,5.87,-0.01,5,2935,卖盘
1962,14:10:54,5.87,0.0,51,29937,卖盘
1963,14:11:34,5.87,0.0,10,5870,卖盘
1964,14:11:57,5.88,0.01,46,27003,买盘
1965,14:12:04,5.88,0.0,7,4116,买盘
1966,14:12:19,5.87,-0.01,202,118574,卖盘
1967,14:12:21,5.88,0.01,162,95256,买盘
1968,14:12:24,5.88,0.0,38,22344,卖盘
1969,14:12:39,5.88,0.0,2,1176,买盘
1970,14:12:49,5.88,0.0,2,1176,买盘
1971,14:12:52,5.87,-0.01,20,11740,卖盘
1972,14:13:03,5.88,0.01,2,1176,买盘
1973,14:13:15,5.87,-0.01,50,29350,卖盘
1974,14:13:22,5.87,0.0,256,150272,卖盘
1975,14:13:39,5.89,0.02,170,100033,买盘
1976,14:13:45,5.87,-0.02,39,22893,卖盘
1977,14:14:04,5.88,0.01,11,6468,卖盘
1978,14:14:33,5.88,0.0,20,11760,卖盘
1979,14:14:37,5.89,0.01,30,17670,买盘
1980,14:14:48,5.89,0.0,2,1178,买盘
1981,14:14:57,5.89,0.0,149,87761,买盘
1982,14:15:24,5.89,0.0,5,2945,买盘
1983,14:15:39,5.89,0.0,16,9424,买盘
1984,14:16:33,5.89,0.0,12,7068,买盘
1985,14:16:48,5.89,0.0,14,8246,买盘
1986,14:16:51,5.88,-0.01,8,4704,卖盘
1987,14:16:57,5.88,0.0,113,66444,卖盘
1988,14:17:00,5.88,0.0,7,4116,卖盘
1989,14:17:15,5.88,0.0,10,5880,卖盘
1990,14:17:21,5.88,0.0,466,274008,卖盘
1991,14:17:30,5.88,0.0,10,5880,买盘
1992,14:17:45,5.88,0.0,1,588,买盘
1993,14:17:51,5.88,0.0,25,14700,买盘
1994,14:18:04,5.88,0.0,28,16464,买盘
1995,14:18:24,5.88,0.0,9,5292,买盘
1996,14:18:45,5.87,-0.01,11,6457,卖盘
1997,14:19:04,5.87,0.0,31,18197,卖盘
1998,14:19:06,5.88,0.01,3,1764,买盘
1999,14:19:39,5.87,-0.01,65,38155,卖盘
2000,14:19:51,5.87,0.0,1,587,卖盘
2001,14:19:54,5.87,0.0,31,18197,卖盘
2002,14:20:12,5.87,0.0,11,6457,卖盘
2003,14:20:30,5.88,0.01,40,23520,买盘
2004,14:21:15,5.88,0.0,91,53508,买盘
2005,14:21:21,5.88,0.0,25,14700,买盘
2006,14:22:00,5.88,0.0,6,3528,卖盘
2007,14:22:15,5.89,0.01,1,589,买盘
2008,14:22:18,5.88,-0.01,288,169344,卖盘
2009,14:22:24,5.88,0.0,22,12936,买盘
2010,14:22:36,5.88,0.0,31,18228,买盘
2011,14:22:45,5.87,-0.01,1,587,卖盘
2012,14:22:54,5.88,0.01,10,5880,买盘
2013,14:23:00,5.87,-0.01,29,17023,卖盘
2014,14:23:13,5.88,0.01,31,18228,买盘
2015,14:23:39,5.88,0.0,151,88638,买盘
2016,14:23:45,5.87,-0.01,30,17610,卖盘
2017,14:23:49,5.88,0.01,63,37044,买盘
2018,14:23:58,5.88,0.0,20,11760,买盘
2019,14:24:04,5.88,0.0,9,5292,买盘
2020,14:24:09,5.87,-0.01,3,1761,卖盘
2021,14:24:12,5.88,0.01,15,8818,买盘
2022,14:24:54,5.87,-0.01,4,2348,买盘
2023,14:24:57,5.88,0.01,170,99960,买盘
2024,14:25:09,5.87,-0.01,6,3522,卖盘
2025,14:25:21,5.87,0.0,50,29350,卖盘
2026,14:25:39,5.88,0.01,2,1176,买盘
2027,14:26:04,5.88,0.0,20,11760,买盘
2028,14:26:12,5.88,0.0,12,7056,买盘
2029,14:26:15,5.87,-0.01,50,29350,卖盘
2030,14:26:27,5.87,0.0,10,5870,卖盘
2031,14:26:36,5.88,0.01,1,588,买盘
2032,14:26:48,5.88,0.0,30,17640,买盘
2033,14:27:24,5.87,-0.01,10,5870,卖盘
2034,14:27:30,5.88,0.01,11,6468,买盘
2035,14:27:48,5.88,0.0,31,18228,买盘
2036,14:27:57,5.87,-0.01,3,1761,卖盘
2037,14:28:00,5.88,0.01,20,11760,买盘
2038,14:28:04,5.88,0.0,20,11760,买盘
2039,14:28:12,5.88,0.0,50,29400,买盘
2040,14:28:15,5.88,0.0,20,11760,买盘
2041,14:29:00,5.88,0.0,20,11760,买盘
2042,14:29:06,5.88,0.0,5,2940,买盘
2043,14:29:09,5.88,0.0,4,2352,买盘
2044,14:29:39,5.87,-0.01,40,23480,卖盘
2045,14:29:42,5.88,0.01,2,1176,买盘
2046,14:30:21,5.88,0.0,2,1176,买盘
2047,14:30:24,5.87,-0.01,20,11740,卖盘
2048,14:30:39,5.87,0.0,5,2935,卖盘
2049,14:30:51,5.87,0.0,220,129140,卖盘
2050,14:30:58,5.87,0.0,25,14675,卖盘
2051,14:31:04,5.87,0.0,4,2348,卖盘
2052,14:31:12,5.87,0.0,233,136771,卖盘
2053,14:31:18,5.87,0.0,11,6457,卖盘
2054,14:31:21,5.87,0.0,10,5870,卖盘
2055,14:31:24,5.87,0.0,5,2935,卖盘
2056,14:31:27,5.87,0.0,1,587,卖盘
2057,14:31:33,5.87,0.0,29,17023,卖盘
2058,14:31:36,5.87,0.0,26,15262,买盘
2059,14:31:51,5.87,0.0,2,1174,买盘
2060,14:31:54,5.87,0.0,10,5870,买盘
2061,14:32:12,5.86,-0.01,1,586,卖盘
2062,14:32:22,5.87,0.01,1,587,买盘
2063,14:32:36,5.86,-0.01,5,2930,卖盘
2064,14:32:39,5.87,0.01,17,9979,买盘
2065,14:32:54,5.86,-0.01,18,10548,卖盘
2066,14:32:57,5.86,0.0,181,106071,卖盘
2067,14:33:04,5.87,0.01,25,14675,买盘
2068,14:33:12,5.86,-0.01,27,15822,卖盘
2069,14:33:15,5.86,0.0,30,17580,卖盘
2070,14:33:28,5.86,0.0,10,5860,卖盘
2071,14:33:36,5.86,0.0,60,35160,卖盘
2072,14:33:39,5.86,0.0,2,1172,卖盘
2073,14:33:51,5.86,0.0,20,11720,卖盘
2074,14:33:54,5.86,0.0,13,7618,卖盘
2075,14:33:57,5.86,0.0,4,2344,卖盘
2076,14:34:06,5.86,0.0,3,1758,卖盘
2077,14:34:18,5.87,0.01,1,587,买盘
2078,14:34:46,5.86,-0.01,4,2344,卖盘
2079,14:34:54,5.86,0.0,132,77352,卖盘
2080,14:35:12,5.86,0.0,1,586,卖盘
2081,14:35:19,5.86,0.0,42,24612,卖盘
2082,14:35:21,5.86,0.0,10,5860,卖盘
2083,14:35:24,5.86,0.0,9,5274,卖盘
2084,14:35:30,5.86,0.0,209,122474,卖盘
2085,14:35:36,5.86,0.0,40,23440,卖盘
2086,14:35:39,5.86,0.0,4,2344,卖盘
2087,14:35:42,5.86,0.0,20,11720,卖盘
2088,14:35:45,5.86,0.0,47,27542,卖盘
2089,14:35:49,5.85,-0.01,1,585,卖盘
2090,14:35:57,5.86,0.01,40,23440,买盘
2091,14:36:07,5.85,-0.01,2,1170,卖盘
2092,14:36:27,5.85,0.0,1,585,卖盘
2093,14:36:30,5.86,0.01,10,5860,买盘
2094,14:36:37,5.85,-0.01,99,57915,卖盘
2095,14:36:42,5.85,0.0,17,9952,卖盘
2096,14:36:49,5.85,0.0,14,8190,卖盘
2097,14:36:54,5.85,0.0,150,87750,卖盘
2098,14:37:00,5.85,0.0,663,387855,卖盘
2099,14:37:07,5.85,0.0,22,12870,卖盘
2100,14:37:09,5.85,0.0,2,1170,卖盘
2101,14:37:12,5.85,0.0,16,9360,卖盘
2102,14:37:31,5.85,0.0,1,585,买盘
2103,14:37:39,5.84,-0.01,5,2920,卖盘
2104,14:37:43,5.85,0.01,8,4680,买盘
2105,14:37:52,5.85,0.0,11,6435,买盘
2106,14:38:00,5.85,0.0,28,16380,买盘
2107,14:38:09,5.84,-0.01,125,73115,卖盘
2108,14:38:30,5.85,0.01,86,50230,买盘
2109,14:38:34,5.84,-0.01,6,3504,卖盘
2110,14:38:36,5.84,0.0,102,59570,卖盘
2111,14:38:39,5.84,0.0,13,7592,卖盘
2112,14:38:42,5.85,0.01,592,346320,买盘
2113,14:38:46,5.85,0.0,21,12285,买盘
2114,14:38:49,5.85,0.0,64,37440,买盘
2115,14:38:52,5.85,0.0,17,9945,卖盘
2116,14:38:55,5.86,0.01,48,28092,买盘
2117,14:39:06,5.86,0.0,3,1758,买盘
2118,14:39:09,5.86,0.0,163,95518,买盘
2119,14:39:13,5.86,0.0,7,4102,卖盘
2120,14:39:15,5.85,-0.01,281,164385,卖盘
2121,14:39:18,5.85,0.0,20,11700,买盘
2122,14:39:24,5.85,0.0,813,475605,买盘
2123,14:39:28,5.85,0.0,33,19305,买盘
2124,14:39:30,5.85,0.0,10,5850,卖盘
2125,14:39:36,5.86,0.01,10,5860,买盘
2126,14:39:39,5.86,0.0,5,2930,买盘
2127,14:39:43,5.86,0.0,9,5274,买盘
2128,14:39:51,5.86,0.0,8,4685,买盘
2129,14:39:54,5.86,0.0,94,55034,买盘
2130,14:39:57,5.86,0.0,16,9376,买盘
2131,14:40:01,5.86,0.0,20,11720,买盘
2132,14:40:04,5.86,0.0,33,19338,买盘
2133,14:40:06,5.85,-0.01,45,26330,卖盘
2134,14:40:09,5.86,0.01,50,29300,买盘
2135,14:40:13,5.86,0.0,30,17570,买盘
2136,14:40:15,5.85,-0.01,24,14040,卖盘
2137,14:40:18,5.86,0.01,10,5860,买盘
2138,14:40:24,5.86,0.0,44,25784,买盘
2139,14:40:31,5.86,0.0,30,17580,买盘
2140,14:40:34,5.86,0.0,53,31058,买盘
2141,14:40:37,5.86,0.0,3,1758,买盘
2142,14:40:40,5.86,0.0,31,18166,买盘
2143,14:40:49,5.85,-0.01,105,61430,卖盘
2144,14:40:51,5.86,0.01,35,20510,买盘
2145,14:40:54,5.86,0.0,56,32816,买盘
2146,14:40:58,5.86,0.0,19,11134,买盘
2147,14:41:04,5.86,0.0,2,1172,买盘
2148,14:41:07,5.86,0.0,2,1172,买盘
2149,14:41:10,5.86,0.0,88,51568,买盘
2150,14:41:13,5.86,0.0,110,64460,买盘
2151,14:41:27,5.86,0.0,31,18166,买盘
2152,14:41:31,5.86,0.0,302,176967,买盘
2153,14:41:40,5.87,0.01,3,1761,买盘
2154,14:41:43,5.87,0.0,100,58700,买盘
2155,14:41:52,5.87,0.0,17,9979,买盘
2156,14:41:54,5.87,0.0,33,19371,买盘
2157,14:41:57,5.87,0.0,62,36394,买盘
2158,14:42:01,5.87,0.0,11,6457,买盘
2159,14:42:04,5.87,0.0,10,5870,买盘
2160,14:42:07,5.87,0.0,15,8805,买盘
2161,14:42:10,5.86,-0.01,12,7032,卖盘
2162,14:42:13,5.87,0.01,4,2348,买盘
2163,14:42:22,5.87,0.0,10,5870,买盘
2164,14:42:30,5.86,-0.01,10,5860,卖盘
2165,14:42:34,5.87,0.01,50,29350,买盘
2166,14:42:45,5.87,0.0,100,58700,买盘
2167,14:42:49,5.87,0.0,17,9979,买盘
2168,14:42:52,5.87,0.0,16,9392,买盘
2169,14:42:58,5.87,0.0,15,8805,买盘
2170,14:43:07,5.87,0.0,20,11740,买盘
2171,14:43:13,5.87,0.0,121,71027,买盘
2172,14:43:16,5.87,0.0,181,106247,买盘
2173,14:43:19,5.87,0.0,3,1761,买盘
2174,14:43:22,5.86,-0.01,55,32230,卖盘
2175,14:43:25,5.86,0.0,32,18772,卖盘
2176,14:43:28,5.87,0.01,1,587,买盘
2177,14:43:36,5.87,0.0,13,7628,买盘
2178,14:43:39,5.87,0.0,221,129727,买盘
2179,14:43:43,5.87,0.0,49,28763,买盘
2180,14:43:46,5.87,0.0,417,244779,买盘
2181,14:43:49,5.87,0.0,100,58700,买盘
2182,14:43:52,5.87,0.0,10,5870,卖盘
2183,14:43:55,5.87,0.0,17,9979,卖盘
2184,14:43:57,5.87,0.0,10,5870,买盘
2185,14:44:00,5.87,0.0,3,1761,买盘
2186,14:44:04,5.87,0.0,96,56352,卖盘
2187,14:44:07,5.87,0.0,92,54004,买盘
2188,14:44:13,5.87,0.0,3,1761,卖盘
2189,14:44:22,5.87,0.0,126,73962,卖盘
2190,14:44:28,5.86,-0.01,1025,600721,卖盘
2191,14:44:37,5.87,0.01,90,52816,买盘
2192,14:44:43,5.86,-0.01,151,88486,卖盘
2193,14:44:46,5.86,0.0,24,14064,中性盘
2194,14:44:48,5.86,0.0,20,11720,买盘
2195,14:44:51,5.86,0.0,19,11134,买盘
2196,14:44:55,5.86,0.0,27,15822,买盘
2197,14:45:07,5.87,0.01,61,35748,买盘
2198,14:45:10,5.87,0.0,30,17610,买盘
2199,14:45:25,5.87,0.0,30,17610,买盘
2200,14:45:27,5.87,0.0,16,9381,买盘
2201,14:45:30,5.87,0.0,1,587,买盘
2202,14:45:34,5.86,-0.01,8,4688,卖盘
2203,14:45:37,5.87,0.01,5,2935,买盘
2204,14:45:46,5.87,0.0,14,8213,买盘
2205,14:45:49,5.87,0.0,102,59874,买盘
2206,14:45:51,5.87,0.0,82,48134,买盘
2207,14:45:54,5.87,0.0,25,14675,买盘
2208,14:45:57,5.87,0.0,10,5870,买盘
2209,14:46:07,5.87,0.0,9,5283,买盘
2210,14:46:10,5.87,0.0,4,2348,买盘
2211,14:46:13,5.87,0.0,328,192536,买盘
2212,14:46:22,5.88,0.01,8,4704,买盘
2213,14:46:28,5.88,0.0,16,9408,买盘
2214,14:46:33,5.88,0.0,10,5880,买盘
2215,14:46:37,5.87,-0.01,65,38155,卖盘
2216,14:46:40,5.88,0.01,10,5880,买盘
2217,14:46:43,5.88,0.0,50,29400,买盘
2218,14:46:46,5.88,0.0,200,117600,买盘
2219,14:46:48,5.88,0.0,20,11760,买盘
2220,14:47:04,5.88,0.0,3,1764,买盘
2221,14:47:07,5.88,0.0,50,29400,买盘
2222,14:47:10,5.88,0.0,6,3528,买盘
2223,14:47:22,5.88,0.0,230,135240,买盘
2224,14:47:25,5.88,0.0,1,588,买盘
2225,14:47:27,5.88,0.0,86,50568,买盘
2226,14:47:31,5.88,0.0,46,27048,买盘
2227,14:47:34,5.88,0.0,64,37632,买盘
2228,14:47:37,5.88,0.0,20,11760,买盘
2229,14:47:40,5.88,0.0,15,8820,买盘
2230,14:47:46,5.88,0.0,30,17630,买盘
2231,14:47:49,5.88,0.0,30,17640,买盘
2232,14:47:52,5.88,0.0,26,15288,买盘
2233,14:47:55,5.88,0.0,49,28812,买盘
2234,14:47:58,5.88,0.0,1,588,买盘
2235,14:48:01,5.88,0.0,5,2940,买盘
2236,14:48:04,5.88,0.0,11,6468,买盘
2237,14:48:07,5.88,0.0,8,4704,买盘
2238,14:48:10,5.87,-0.01,4,2348,卖盘
2239,14:48:13,5.88,0.01,18,10584,买盘
2240,14:48:22,5.87,-0.01,3,1761,卖盘
2241,14:48:25,5.88,0.01,60,35280,买盘
2242,14:48:28,5.88,0.0,27,15873,买盘
2243,14:48:33,5.87,-0.01,35,20550,卖盘
2244,14:48:42,5.88,0.01,384,225792,买盘
2245,14:48:52,5.88,0.0,9,5292,买盘
2246,14:48:55,5.88,0.0,52,30576,买盘
2247,14:49:01,5.88,0.0,56,32928,买盘
2248,14:49:04,5.88,0.0,47,27635,买盘
2249,14:49:07,5.88,0.0,81,47628,买盘
2250,14:49:10,5.88,0.0,86,50568,买盘
2251,14:49:16,5.88,0.0,80,47040,卖盘
2252,14:49:18,5.88,0.0,173,101724,卖盘
2253,14:49:21,5.89,0.01,8,4712,买盘
2254,14:49:24,5.88,-0.01,43,25284,卖盘
2255,14:49:34,5.88,0.0,216,127008,卖盘
2256,14:49:40,5.89,0.01,40,23560,买盘
2257,14:49:43,5.89,0.0,45,26480,买盘
2258,14:49:46,5.89,0.0,60,35290,买盘
2259,14:49:49,5.88,-0.01,5,2940,卖盘
2260,14:49:54,5.89,0.01,6,3534,买盘
2261,14:50:00,5.88,-0.01,110,64761,卖盘
2262,14:50:04,5.88,0.0,72,42336,卖盘
2263,14:50:07,5.88,0.0,25,14700,买盘
2264,14:50:09,5.88,0.0,1,588,买盘
2265,14:50:12,5.87,-0.01,210,123361,卖盘
2266,14:50:15,5.88,0.01,222,130376,中性盘
2267,14:50:18,5.88,0.0,47,27636,卖盘
2268,14:50:22,5.88,0.0,13,7644,卖盘
2269,14:50:25,5.88,0.0,247,145236,卖盘
2270,14:50:31,5.88,0.0,60,35282,卖盘
2271,14:50:40,5.88,0.0,47,27636,买盘
2272,14:50:43,5.88,0.0,12,7056,买盘
2273,14:50:49,5.87,-0.01,19,11153,卖盘
2274,14:50:52,5.87,0.0,572,336286,卖盘
2275,14:50:58,5.87,0.0,213,125031,卖盘
2276,14:51:07,5.87,0.0,11,6457,卖盘
2277,14:51:10,5.88,0.01,20,11760,买盘
2278,14:51:13,5.87,-0.01,21,12327,卖盘
2279,14:51:16,5.88,0.01,137,80546,买盘
2280,14:51:21,5.87,-0.01,322,189014,卖盘
2281,14:51:28,5.87,0.0,20,11740,卖盘
2282,14:51:34,5.87,0.0,14,8218,卖盘
2283,14:51:37,5.87,0.0,30,17610,买盘
2284,14:51:40,5.87,0.0,7,4109,买盘
2285,14:51:43,5.86,-0.01,25,14650,卖盘
2286,14:51:46,5.87,0.01,86,50482,买盘
2287,14:51:52,5.87,0.0,9,5283,卖盘
2288,14:51:57,5.87,0.0,73,42851,卖盘
2289,14:52:07,5.87,0.0,10,5870,买盘
2290,14:52:12,5.87,0.0,89,52243,买盘
2291,14:52:16,5.87,0.0,5,2935,买盘
2292,14:52:19,5.86,-0.01,1,586,卖盘
2293,14:52:22,5.87,0.01,60,35220,买盘
2294,14:52:25,5.87,0.0,40,23480,卖盘
2295,14:52:27,5.87,0.0,15,8805,卖盘
2296,14:52:31,5.87,0.0,9,5283,卖盘
2297,14:52:34,5.87,0.0,10,5870,买盘
2298,14:52:37,5.87,0.0,2,1174,买盘
2299,14:52:40,5.87,0.0,44,25797,买盘
2300,14:52:43,5.87,0.0,39,22873,买盘
2301,14:52:45,5.87,0.0,6,3522,买盘
2302,14:52:48,5.87,0.0,20,11740,买盘
2303,14:52:55,5.86,-0.01,345,202198,卖盘
2304,14:53:01,5.86,0.0,444,260184,卖盘
2305,14:53:07,5.86,0.0,55,32230,买盘
2306,14:53:10,5.86,0.0,67,39262,买盘
2307,14:53:13,5.86,0.0,50,29300,买盘
2308,14:53:15,5.86,0.0,10,5860,买盘
2309,14:53:18,5.86,0.0,12,7032,买盘
2310,14:53:22,5.85,-0.01,27,15795,卖盘
2311,14:53:28,5.85,0.0,27,15821,卖盘
2312,14:53:31,5.86,0.01,30,17580,买盘
2313,14:53:37,5.86,0.0,104,60844,买盘
2314,14:53:39,5.85,-0.01,50,29250,卖盘
2315,14:53:46,5.85,0.0,42,24572,卖盘
2316,14:53:54,5.85,0.0,262,153304,卖盘
2317,14:53:58,5.85,0.0,102,59680,卖盘
2318,14:54:01,5.85,0.0,61,35685,卖盘
2319,14:54:04,5.85,0.0,261,152688,卖盘
2320,14:54:10,5.86,0.01,9,5274,买盘
2321,14:54:13,5.85,-0.01,91,53261,卖盘
2322,14:54:15,5.86,0.01,3,1758,买盘
2323,14:54:19,5.85,-0.01,486,284310,卖盘
2324,14:54:28,5.85,0.0,89,52068,卖盘
2325,14:54:31,5.86,0.01,54,31594,买盘
2326,14:54:33,5.85,-0.01,10,5850,卖盘
2327,14:54:37,5.85,0.0,301,176086,卖盘
2328,14:54:40,5.85,0.0,89,52065,卖盘
2329,14:54:43,5.85,0.0,20,11700,卖盘
2330,14:54:46,5.85,0.0,27,15795,卖盘
2331,14:54:49,5.85,0.0,60,35100,卖盘
2332,14:54:52,5.86,0.01,57,33402,买盘
2333,14:54:55,5.86,0.0,89,52073,买盘
2334,14:54:58,5.85,-0.01,40,23400,卖盘
2335,14:55:00,5.85,0.0,10,5850,卖盘
2336,14:55:04,5.85,0.0,49,28704,卖盘
2337,14:55:07,5.85,0.0,142,83210,卖盘
2338,14:55:10,5.86,0.01,1567,915665,买盘
2339,14:55:13,5.86,0.0,6,3515,买盘
2340,14:55:16,5.85,-0.01,13,7605,卖盘
2341,14:55:19,5.86,0.01,9,5274,买盘
2342,14:55:22,5.85,-0.01,39,22815,卖盘
2343,14:55:25,5.85,0.0,15,8775,卖盘
2344,14:55:28,5.86,0.01,5,2930,买盘
2345,14:55:31,5.86,0.0,163,95483,买盘
2346,14:55:34,5.86,0.0,83,48618,买盘
2347,14:55:36,5.86,0.0,132,77352,买盘
2348,14:55:40,5.86,0.0,367,215062,卖盘
2349,14:55:43,5.86,0.0,85,49810,买盘
2350,14:55:46,5.86,0.0,46,26956,买盘
2351,14:55:49,5.85,-0.01,206,120510,卖盘
2352,14:55:52,5.86,0.01,4,2344,买盘
2353,14:56:00,5.86,0.0,32,18752,买盘
2354,14:56:07,5.86,0.0,30,17580,买盘
2355,14:56:10,5.85,-0.01,25,14641,卖盘
2356,14:56:16,5.86,0.01,10,5860,买盘
2357,14:56:18,5.86,0.0,21,12286,买盘
2358,14:56:22,5.86,0.0,33,19338,买盘
2359,14:56:25,5.86,0.0,20,11720,买盘
2360,14:56:31,5.85,-0.01,16,9360,卖盘
2361,14:56:34,5.85,0.0,108,63221,卖盘
2362,14:56:37,5.86,0.01,18,10534,买盘
2363,14:56:40,5.85,-0.01,1041,609013,卖盘
2364,14:56:42,5.85,0.0,99,57915,买盘
2365,14:56:46,5.85,0.0,8,4680,买盘
2366,14:56:49,5.85,0.0,100,58500,买盘
2367,14:56:52,5.84,-0.01,62,36223,卖盘
2368,14:56:55,5.85,0.01,54,31567,买盘
2369,14:56:58,5.85,0.0,38,22230,卖盘
2370,14:57:00,5.85,0.0,44,25740,买盘
2371,15:00:04,5.85,0.0,1930,1129050,卖盘
