,time,price,change,volume,amount,type
0,09:25:04,8.37,0.01,130,108810,卖盘
1,09:30:04,8.37,0.0,3,2511,卖盘
2,09:30:07,8.37,0.0,208,174117,卖盘
3,09:30:10,8.37,0.0,19,15903,买盘
4,09:30:13,8.37,0.0,3,2511,卖盘
5,09:30:16,8.38,0.01,3,2514,买盘
6,09:30:19,8.37,-0.01,2,1674,卖盘
7,09:30:22,8.37,0.0,9,7533,卖盘
8,09:30:25,8.36,-0.01,11,9462,卖盘
9,09:30:31,8.36,0.0,5,3954,卖盘
10,09:30:34,8.35,-0.01,3,2723,买盘
11,09:30:40,8.33,-0.02,25,20618,卖盘
12,09:30:43,8.36,0.03,10,8528,卖盘
13,09:30:46,8.36,0.0,4,3520,卖盘
14,09:30:49,8.36,0.0,20,16720,卖盘
15,09:30:52,8.36,0.0,29,24244,卖盘
16,09:30:55,8.35,-0.01,20,16610,卖盘
17,09:30:58,8.33,-0.02,3,2449,卖盘
18,09:31:04,8.33,0.0,2,2041,卖盘
19,09:31:10,8.33,0.0,62,51656,卖盘
20,09:31:13,8.33,0.0,3,2207,卖盘
21,09:31:16,8.33,0.0,3,2432,卖盘
22,09:31:22,8.33,0.0,3,2641,卖盘
23,09:31:25,8.32,-0.01,1,940,卖盘
24,09:31:28,8.32,0.0,3,2623,卖盘
25,09:31:31,8.33,0.01,1,941,买盘
26,09:31:34,8.35,0.02,2,1670,买盘
27,09:31:37,8.34,-0.01,1,967,卖盘
28,09:31:40,8.34,0.0,3,2035,卖盘
29,09:31:43,8.35,0.01,13,11278,买盘
30,09:31:46,8.35,0.0,90,75150,买盘
31,09:31:49,8.34,-0.01,5,4010,中性盘
32,09:31:55,8.34,0.0,7,6052,卖盘
33,09:32:01,8.33,-0.01,3,1800,买盘
34,09:32:04,8.34,0.01,4,3336,中性盘
35,09:32:07,8.33,-0.01,2,2075,卖盘
36,09:32:10,8.34,0.01,5,4250,买盘
37,09:32:13,8.33,-0.01,7,5649,卖盘
38,09:32:16,8.34,0.01,1,834,买盘
39,09:32:19,8.34,0.0,5,4243,买盘
40,09:32:22,8.34,0.0,1,834,买盘
41,09:32:25,8.34,0.0,2,1668,买盘
42,09:32:28,8.34,0.0,6,5004,买盘
43,09:32:31,8.34,0.0,7,5868,买盘
44,09:32:34,8.34,0.0,5,4095,卖盘
45,09:32:37,8.34,0.0,61,50874,卖盘
46,09:32:40,8.34,0.0,2,1701,卖盘
47,09:32:43,8.34,0.0,3,2168,卖盘
48,09:32:49,8.34,0.0,2,1927,卖盘
49,09:32:52,8.34,0.0,2,1593,卖盘
50,09:32:55,8.33,-0.01,17,14643,卖盘
51,09:33:01,8.35,0.02,93,77595,买盘
52,09:33:07,8.35,0.0,34,27691,卖盘
53,09:33:13,8.36,0.01,12,10360,卖盘
54,09:33:16,8.37,0.01,55,45960,买盘
55,09:33:22,8.37,0.0,1,1331,卖盘
56,09:33:25,8.37,0.0,2,1548,卖盘
57,09:33:28,8.37,0.0,10,7784,卖盘
58,09:33:31,8.37,0.0,1,837,卖盘
59,09:33:34,8.38,0.01,24,20088,买盘
60,09:33:37,8.36,-0.02,1,1120,卖盘
61,09:33:40,8.38,0.02,48,40224,买盘
62,09:33:43,8.38,0.0,47,39181,买盘
63,09:33:46,8.38,0.0,21,18294,卖盘
64,09:33:49,8.38,0.0,2,1500,卖盘
65,09:33:52,8.38,0.0,1,972,卖盘
66,09:33:55,8.38,0.0,14,11745,卖盘
67,09:33:58,8.38,0.0,1,662,卖盘
68,09:34:01,8.39,0.01,6,5034,买盘
69,09:34:04,8.38,-0.01,3,2313,卖盘
70,09:34:07,8.38,0.0,1,1089,卖盘
71,09:34:10,8.39,0.01,20,16780,买盘
72,09:34:13,8.38,-0.01,9,6936,卖盘
73,09:34:19,8.38,0.0,1,1408,卖盘
74,09:34:22,8.39,0.01,5,4195,买盘
75,09:34:25,8.4,0.01,28,23097,买盘
76,09:34:28,8.4,0.0,2,2008,卖盘
77,09:34:31,8.4,0.0,9,7602,卖盘
78,09:34:34,8.41,0.01,4,3364,买盘
79,09:34:37,8.41,0.0,46,38516,买盘
80,09:34:40,8.41,0.0,1,1018,卖盘
81,09:34:46,8.42,0.01,4,3544,买盘
82,09:34:49,8.42,0.0,22,18278,买盘
83,09:34:52,8.41,-0.01,65,54550,卖盘
84,09:34:55,8.42,0.01,38,31988,买盘
85,09:34:58,8.42,0.0,128,107818,买盘
86,09:35:05,8.42,0.0,30,24991,卖盘
87,09:35:07,8.43,0.01,75,63630,买盘
88,09:35:10,8.43,0.0,7,5530,卖盘
89,09:35:13,8.43,0.0,41,34580,卖盘
90,09:35:16,8.43,0.0,5,4215,卖盘
91,09:35:19,8.44,0.01,51,42990,买盘
92,09:35:22,8.44,0.0,108,91633,买盘
93,09:35:25,8.43,-0.01,234,197337,卖盘
94,09:35:28,8.44,0.01,21,17890,中性盘
95,09:35:34,8.44,0.0,27,22788,卖盘
96,09:35:40,8.44,0.0,6,5067,卖盘
97,09:35:43,8.44,0.0,1,844,卖盘
98,09:35:46,8.44,0.0,116,97986,卖盘
99,09:35:49,8.45,0.01,65,54882,买盘
100,09:35:52,8.44,-0.01,14,11816,买盘
101,09:35:55,8.43,-0.01,58,48899,卖盘
102,09:35:58,8.42,-0.01,11,8739,卖盘
103,09:36:04,8.43,0.01,12,10116,买盘
104,09:36:07,8.42,-0.01,4,3368,卖盘
105,09:36:10,8.42,0.0,10,8420,卖盘
106,09:36:13,8.43,0.01,37,31170,买盘
107,09:36:16,8.42,-0.01,95,80091,卖盘
108,09:36:19,8.43,0.01,57,48041,买盘
109,09:36:22,8.43,0.0,139,116862,买盘
110,09:36:25,8.43,0.0,30,25290,买盘
111,09:36:28,8.43,0.0,22,18526,买盘
112,09:36:31,8.42,-0.01,18,15156,卖盘
113,09:36:34,8.42,0.0,23,19846,卖盘
114,09:36:43,8.42,0.0,11,9262,买盘
115,09:36:46,8.42,0.0,10,8420,买盘
116,09:36:49,8.42,0.0,6,5048,买盘
117,09:36:52,8.42,0.0,110,92593,买盘
118,09:36:55,8.41,-0.01,24,20203,卖盘
119,09:36:58,8.41,0.0,7,5892,卖盘
120,09:37:01,8.41,0.0,9,7569,卖盘
121,09:37:07,8.41,0.0,20,16820,买盘
122,09:37:10,8.4,-0.01,28,23128,卖盘
123,09:37:16,8.4,0.0,59,49917,卖盘
124,09:37:19,8.41,0.01,4,3364,买盘
125,09:37:22,8.42,0.01,200,168373,买盘
126,09:37:25,8.4,-0.02,5,4200,卖盘
127,09:37:31,8.4,0.0,19,15960,卖盘
128,09:37:34,8.4,0.0,5,4200,卖盘
129,09:37:43,8.41,0.01,56,47096,买盘
130,09:37:46,8.41,0.0,5,4205,卖盘
131,09:37:52,8.4,-0.01,165,138751,卖盘
132,09:37:58,8.4,0.0,4,3276,卖盘
133,09:38:01,8.41,0.01,13,10933,卖盘
134,09:38:04,8.42,0.01,314,263937,买盘
135,09:38:07,8.4,-0.02,293,246775,卖盘
136,09:38:10,8.4,0.0,9,7048,买盘
137,09:38:13,8.41,0.01,6,5046,买盘
138,09:38:25,8.4,-0.01,1,840,卖盘
139,09:38:28,8.4,0.0,3,2755,卖盘
140,09:38:31,8.4,0.0,6,5040,卖盘
141,09:38:34,8.4,0.0,4,3864,卖盘
142,09:38:52,8.41,0.01,16,13451,买盘
143,09:38:58,8.4,-0.01,30,25200,卖盘
144,09:39:01,8.4,0.0,18,14893,卖盘
145,09:39:07,8.4,0.0,2,1907,买盘
146,09:39:10,8.4,0.0,16,13213,卖盘
147,09:39:13,8.41,0.01,20,16803,买盘
148,09:39:25,8.4,-0.01,32,26880,卖盘
149,09:39:37,8.4,0.0,5,4175,卖盘
150,09:39:49,8.4,0.0,5,4200,卖盘
151,09:39:55,8.4,0.0,1,840,卖盘
152,09:39:58,8.4,0.0,53,44780,卖盘
153,09:40:01,8.4,0.0,1,840,卖盘
154,09:40:04,8.39,-0.01,8,6070,卖盘
155,09:40:07,8.4,0.01,101,84930,买盘
156,09:40:16,8.4,0.0,1,840,买盘
157,09:40:25,8.39,-0.01,4,3666,卖盘
158,09:40:40,8.4,0.01,10,8400,买盘
159,09:40:43,8.39,-0.01,4,3264,卖盘
160,09:40:46,8.39,0.0,21,17619,卖盘
161,09:40:49,8.39,0.0,5,4195,卖盘
162,09:40:52,8.4,0.01,30,25200,买盘
163,09:41:01,8.4,0.0,105,88195,买盘
164,09:41:06,8.39,-0.01,4,3750,卖盘
165,09:41:13,8.4,0.01,6,5040,买盘
166,09:41:16,8.4,0.0,2,1680,买盘
167,09:41:25,8.4,0.0,39,32760,买盘
168,09:41:31,8.4,0.0,2,966,卖盘
169,09:41:34,8.4,0.0,20,16800,卖盘
170,09:41:40,8.39,-0.01,93,78108,卖盘
171,09:41:58,8.39,0.0,25,20975,卖盘
172,09:42:04,8.39,0.0,4,4061,卖盘
173,09:42:07,8.39,0.0,2,940,卖盘
174,09:42:13,8.4,0.01,14,11750,中性盘
175,09:42:16,8.39,-0.01,50,41977,卖盘
176,09:42:22,8.39,0.0,18,15102,卖盘
177,09:42:25,8.39,0.0,20,16780,卖盘
178,09:42:31,8.39,0.0,2,1678,卖盘
179,09:42:37,8.39,0.0,1,839,卖盘
180,09:42:40,8.39,0.0,5,4195,卖盘
181,09:42:46,8.39,0.0,8,6712,卖盘
182,09:42:49,8.4,0.01,21,17640,买盘
183,09:42:52,8.39,-0.01,19,15941,卖盘
184,09:42:58,8.39,0.0,12,10068,卖盘
185,09:43:04,8.4,0.01,9,7560,买盘
186,09:43:07,8.39,-0.01,105,88107,卖盘
187,09:43:31,8.39,0.0,4,3356,卖盘
188,09:43:37,8.39,0.0,22,18458,卖盘
189,09:43:40,8.39,0.0,25,20975,卖盘
190,09:44:07,8.4,0.01,19,15960,卖盘
191,09:44:13,8.4,0.0,22,18480,卖盘
192,09:44:19,8.4,0.0,6,5040,卖盘
193,09:44:22,8.41,0.01,1,841,买盘
194,09:44:25,8.4,-0.01,7,5880,卖盘
195,09:44:28,8.4,0.0,79,66360,卖盘
196,09:44:34,8.4,0.0,10,8400,卖盘
197,09:44:37,8.4,0.0,32,26880,买盘
198,09:44:43,8.4,0.0,3,2520,买盘
199,09:44:49,8.39,-0.01,4,3356,卖盘
200,09:44:52,8.4,0.01,24,20160,买盘
201,09:44:55,8.4,0.0,136,114240,买盘
202,09:45:10,8.4,0.0,12,10080,卖盘
203,09:45:19,8.4,0.0,22,18480,卖盘
204,09:45:25,8.4,0.0,2,1680,卖盘
205,09:45:28,8.41,0.01,21,17661,买盘
206,09:45:34,8.4,-0.01,101,84840,卖盘
207,09:45:40,8.4,0.0,16,13440,买盘
208,09:46:07,8.4,0.0,50,42000,买盘
209,09:46:13,8.39,-0.01,128,107939,卖盘
210,09:46:31,8.39,0.0,10,8390,买盘
211,09:46:40,8.38,-0.01,21,17598,卖盘
212,09:46:43,8.38,0.0,25,20950,卖盘
213,09:46:49,8.38,0.0,10,8380,卖盘
214,09:46:52,8.38,0.0,50,41900,卖盘
215,09:47:01,8.38,0.0,9,7542,卖盘
216,09:47:04,8.39,0.01,24,20136,买盘
217,09:47:07,8.39,0.0,24,20136,买盘
218,09:47:10,8.38,-0.01,2,1676,卖盘
219,09:47:12,8.37,-0.01,100,83793,卖盘
220,09:47:16,8.39,0.02,17,14263,买盘
221,09:47:28,8.38,-0.01,51,42742,卖盘
222,09:47:31,8.39,0.01,16,13424,买盘
223,09:47:34,8.38,-0.01,9,7542,卖盘
224,09:47:43,8.38,0.0,11,9218,买盘
225,09:47:51,8.38,0.0,12,10056,卖盘
226,09:47:55,8.38,0.0,40,33520,卖盘
227,09:47:58,8.38,0.0,62,51956,买盘
228,09:48:19,8.37,-0.01,8,6696,卖盘
229,09:49:01,8.37,0.0,13,10881,卖盘
230,09:49:07,8.37,0.0,44,36828,卖盘
231,09:49:13,8.38,0.01,13,10894,买盘
232,09:49:28,8.38,0.0,3,2514,买盘
233,09:49:34,8.38,0.0,17,14246,买盘
234,09:49:40,8.38,0.0,50,41900,买盘
235,09:49:43,8.38,0.0,88,73744,买盘
236,09:49:49,8.38,0.0,12,10056,买盘
237,09:49:54,8.38,0.0,2,1676,买盘
238,09:50:01,8.38,0.0,42,35196,买盘
239,09:50:04,8.37,-0.01,10,8370,卖盘
240,09:50:07,8.37,0.0,10,8370,卖盘
241,09:50:21,8.37,0.0,174,145693,卖盘
242,09:50:25,8.37,0.0,20,16740,卖盘
243,09:50:31,8.38,0.01,5,4190,买盘
244,09:50:34,8.37,-0.01,9,7533,卖盘
245,09:50:49,8.37,0.0,10,8370,卖盘
246,09:50:55,8.37,0.0,30,25110,卖盘
247,09:51:16,8.37,0.0,56,46872,卖盘
248,09:51:28,8.37,0.0,30,25110,卖盘
249,09:51:49,8.37,0.0,35,29295,卖盘
250,09:51:51,8.38,0.01,100,83800,买盘
251,09:52:01,8.38,0.0,180,150840,买盘
252,09:52:04,8.37,-0.01,30,25110,卖盘
253,09:52:07,8.38,0.01,1,838,买盘
254,09:52:10,8.38,0.0,99,82962,卖盘
255,09:52:13,8.38,0.0,5,4190,买盘
256,09:52:19,8.38,0.0,16,13408,买盘
257,09:52:31,8.38,0.0,7,5866,卖盘
258,09:52:49,8.38,0.0,38,31844,卖盘
259,09:53:07,8.38,0.0,11,9217,买盘
260,09:53:13,8.38,0.0,15,12570,买盘
261,09:53:19,8.38,0.0,4,3352,买盘
262,09:53:25,8.38,0.0,31,25978,买盘
263,09:53:31,8.38,0.0,19,15922,卖盘
264,09:54:19,8.39,0.01,21,17619,买盘
265,09:54:55,8.38,-0.01,21,17598,卖盘
266,09:54:58,8.38,0.0,45,37710,卖盘
267,09:55:01,8.38,0.0,1,838,卖盘
268,09:55:05,8.38,0.0,1,838,卖盘
269,09:55:07,8.38,0.0,5,4190,卖盘
270,09:55:10,8.37,-0.01,5,4185,卖盘
271,09:55:31,8.37,0.0,6,5022,卖盘
272,09:55:52,8.37,0.0,4,3348,卖盘
273,09:55:58,8.37,0.0,43,35991,卖盘
274,09:56:01,8.37,0.0,8,6696,卖盘
275,09:56:04,8.37,0.0,186,155230,卖盘
276,09:56:25,8.37,0.0,1,837,买盘
277,09:56:34,8.36,-0.01,6,5016,卖盘
278,09:56:37,8.36,0.0,231,193517,卖盘
279,09:56:58,8.35,-0.01,4,3340,卖盘
280,09:57:01,8.35,0.0,86,71810,卖盘
281,09:57:16,8.34,-0.01,20,16680,卖盘
282,09:57:22,8.34,0.0,10,8340,卖盘
283,09:57:28,8.34,0.0,50,41700,卖盘
284,09:57:34,8.34,0.0,5,4170,卖盘
285,09:57:49,8.34,0.0,5,4170,卖盘
286,09:57:55,8.34,0.0,6,5004,卖盘
287,09:58:04,8.34,0.0,10,8340,卖盘
288,09:58:19,8.35,0.01,49,40915,买盘
289,09:58:25,8.35,0.0,10,8350,买盘
290,09:58:28,8.35,0.0,12,10020,买盘
291,09:58:34,8.35,0.0,1,835,买盘
292,09:58:39,8.35,0.0,109,91015,买盘
293,09:58:42,8.35,0.0,103,86005,卖盘
294,09:58:55,8.35,0.0,15,12525,买盘
295,09:59:00,8.35,0.0,7,5845,买盘
296,09:59:04,8.35,0.0,3,2505,买盘
297,09:59:10,8.35,0.0,4,3340,买盘
298,09:59:13,8.36,0.01,100,83532,买盘
299,09:59:19,8.35,-0.01,10,8350,买盘
300,09:59:31,8.35,0.0,20,16700,买盘
301,09:59:34,8.35,0.0,19,15865,买盘
302,09:59:40,8.35,0.0,1,835,买盘
303,09:59:43,8.35,0.0,18,15020,买盘
304,09:59:48,8.35,0.0,13,10855,买盘
305,09:59:58,8.35,0.0,50,41750,卖盘
306,10:00:28,8.36,0.01,8,6688,买盘
307,10:00:40,8.36,0.0,8,6688,买盘
308,10:00:43,8.36,0.0,5,4180,卖盘
309,10:00:46,8.36,0.0,20,16720,买盘
310,10:00:55,8.36,0.0,20,16720,买盘
311,10:01:10,8.36,0.0,3,2508,买盘
312,10:01:40,8.36,0.0,5,4180,买盘
313,10:01:49,8.36,0.0,10,8360,卖盘
314,10:02:10,8.37,0.01,39,32258,买盘
315,10:02:16,8.37,0.0,17,14229,卖盘
316,10:02:22,8.37,0.0,4,3733,卖盘
317,10:02:43,8.37,0.0,8,6311,买盘
318,10:02:46,8.36,-0.01,24,20455,卖盘
319,10:03:01,8.36,0.0,13,10868,买盘
320,10:03:10,8.36,0.0,7,5852,买盘
321,10:03:16,8.36,0.0,6,4631,买盘
322,10:03:18,8.36,0.0,40,33825,卖盘
323,10:03:43,8.35,-0.01,33,27555,卖盘
324,10:03:46,8.35,0.0,20,16700,卖盘
325,10:03:49,8.35,0.0,1,835,卖盘
326,10:03:55,8.36,0.01,4,3344,买盘
327,10:04:10,8.36,0.0,6,5016,买盘
328,10:04:15,8.35,-0.01,100,83500,卖盘
329,10:04:22,8.35,0.0,35,29225,卖盘
330,10:04:34,8.35,0.0,15,12535,卖盘
331,10:04:37,8.35,0.0,20,16700,卖盘
332,10:04:40,8.35,0.0,100,83500,卖盘
333,10:04:46,8.35,0.0,12,10020,卖盘
334,10:04:57,8.34,-0.01,112,93408,卖盘
335,10:05:06,8.34,0.0,1,834,卖盘
336,10:05:12,8.34,0.0,44,36696,卖盘
337,10:05:27,8.34,0.0,2,1668,卖盘
338,10:05:34,8.34,0.0,1,834,卖盘
339,10:05:48,8.34,0.0,4,3336,卖盘
340,10:05:51,8.34,0.0,9,7506,卖盘
341,10:05:55,8.34,0.0,2,1668,卖盘
342,10:06:16,8.34,0.0,4,3336,卖盘
343,10:06:22,8.34,0.0,13,10842,卖盘
344,10:06:25,8.34,0.0,1,834,卖盘
345,10:06:34,8.34,0.0,12,10008,卖盘
346,10:06:43,8.34,0.0,1,834,卖盘
347,10:06:46,8.35,0.01,2,1670,买盘
348,10:06:52,8.34,-0.01,116,96744,卖盘
349,10:06:55,8.34,0.0,10,8340,卖盘
350,10:07:01,8.34,0.0,11,9174,卖盘
351,10:07:16,8.34,0.0,106,88404,卖盘
352,10:07:25,8.34,0.0,18,15012,卖盘
353,10:07:28,8.34,0.0,6,5004,卖盘
354,10:07:34,8.34,0.0,100,83400,卖盘
355,10:07:37,8.34,0.0,74,61716,卖盘
356,10:07:40,8.34,0.0,7,5838,卖盘
357,10:07:46,8.34,0.0,20,16680,买盘
358,10:07:49,8.33,-0.01,1,833,卖盘
359,10:07:58,8.33,0.0,269,223677,卖盘
360,10:08:01,8.33,0.0,32,26656,卖盘
361,10:08:04,8.33,0.0,50,41650,卖盘
362,10:08:07,8.33,0.0,39,32487,卖盘
363,10:08:10,8.33,0.0,23,19159,卖盘
364,10:08:13,8.33,0.0,11,9163,卖盘
365,10:08:16,8.33,0.0,30,24990,卖盘
366,10:08:22,8.33,0.0,16,13316,买盘
367,10:08:25,8.33,0.0,100,83300,买盘
368,10:08:31,8.32,-0.01,227,189207,卖盘
369,10:08:43,8.32,0.0,13,10816,买盘
370,10:08:48,8.32,0.0,10,8320,买盘
371,10:08:55,8.31,-0.01,3,2493,卖盘
372,10:09:04,8.32,0.01,40,33280,买盘
373,10:09:13,8.31,-0.01,14,11642,卖盘
374,10:09:25,8.32,0.01,24,19968,买盘
375,10:09:37,8.31,-0.01,40,33240,卖盘
376,10:09:46,8.31,0.0,25,20775,卖盘
377,10:09:49,8.31,0.0,57,47369,卖盘
378,10:09:55,8.32,0.01,5,4160,买盘
379,10:10:07,8.31,-0.01,22,18282,卖盘
380,10:10:10,8.32,0.01,8,6656,买盘
381,10:10:13,8.32,0.0,10,8320,买盘
382,10:10:19,8.32,0.0,8,6656,买盘
383,10:10:28,8.32,0.0,10,8320,买盘
384,10:10:34,8.31,-0.01,9,7482,卖盘
385,10:10:37,8.32,0.01,4,3328,买盘
386,10:10:40,8.31,-0.01,1,831,卖盘
387,10:10:55,8.32,0.01,1,832,买盘
388,10:10:58,8.31,-0.01,6,4986,卖盘
389,10:11:01,8.31,0.0,5,4155,卖盘
390,10:11:04,8.31,0.0,231,191961,卖盘
391,10:11:07,8.32,0.01,151,125632,买盘
392,10:11:10,8.31,-0.01,101,83931,卖盘
393,10:11:13,8.31,0.0,11,9141,卖盘
394,10:11:16,8.32,0.01,14,11639,买盘
395,10:11:22,8.32,0.0,10,8320,买盘
396,10:11:28,8.32,0.0,4,3328,买盘
397,10:11:31,8.31,-0.01,15,12465,卖盘
398,10:11:33,8.32,0.01,26,21632,买盘
399,10:11:58,8.32,0.0,1,832,卖盘
400,10:12:16,8.32,0.0,10,8320,卖盘
401,10:12:22,8.33,0.01,2,1666,买盘
402,10:12:28,8.32,-0.01,54,44978,卖盘
403,10:12:31,8.33,0.01,10,8330,买盘
404,10:12:43,8.33,0.0,29,23491,买盘
405,10:12:52,8.34,0.01,3,2502,买盘
406,10:13:16,8.34,0.0,2,1668,买盘
407,10:13:22,8.33,-0.01,23,19159,卖盘
408,10:13:39,8.33,0.0,33,28155,卖盘
409,10:13:43,8.33,0.0,15,11829,买盘
410,10:14:04,8.33,0.0,20,16660,卖盘
411,10:14:10,8.34,0.01,5,4170,买盘
412,10:14:19,8.33,-0.01,100,83300,卖盘
413,10:14:34,8.34,0.01,5,4170,买盘
414,10:14:43,8.34,0.0,20,16680,买盘
415,10:14:54,8.34,0.0,7,5838,买盘
416,10:15:04,8.33,-0.01,40,33320,卖盘
417,10:15:07,8.34,0.01,3,2502,买盘
418,10:15:37,8.33,-0.01,19,15827,卖盘
419,10:15:46,8.34,0.01,30,25020,买盘
420,10:15:55,8.33,-0.01,108,90660,卖盘
421,10:16:10,8.32,-0.01,10,8320,卖盘
422,10:16:13,8.32,0.0,10,8320,卖盘
423,10:16:18,8.32,0.0,19,15808,卖盘
424,10:16:25,8.33,0.01,54,44982,买盘
425,10:16:27,8.33,0.0,10,8330,买盘
426,10:16:31,8.32,-0.01,38,31645,卖盘
427,10:16:43,8.33,0.01,10,8330,买盘
428,10:16:46,8.32,-0.01,233,193523,卖盘
429,10:16:49,8.32,0.0,2,1664,买盘
430,10:17:06,8.32,0.0,20,16640,买盘
431,10:17:34,8.32,0.0,88,73216,买盘
432,10:17:36,8.31,-0.01,10,8310,卖盘
433,10:17:39,8.32,0.01,10,8320,买盘
434,10:17:43,8.31,-0.01,7,5823,卖盘
435,10:17:55,8.31,0.0,73,60663,卖盘
436,10:18:10,8.31,0.0,24,19944,卖盘
437,10:18:31,8.31,0.0,52,43046,卖盘
438,10:18:43,8.32,0.01,10,8320,买盘
439,10:18:46,8.31,-0.01,39,32409,卖盘
440,10:18:49,8.31,0.0,7,5822,卖盘
441,10:18:55,8.32,0.01,22,18288,买盘
442,10:18:58,8.32,0.0,15,12480,买盘
443,10:19:13,8.32,0.0,10,8320,买盘
444,10:19:25,8.32,0.0,8,6656,买盘
445,10:19:37,8.31,-0.01,19,15789,卖盘
446,10:19:58,8.32,0.01,17,14477,买盘
447,10:20:04,8.32,0.0,21,17139,卖盘
448,10:20:10,8.32,0.0,6,4992,买盘
449,10:20:31,8.31,-0.01,198,164538,卖盘
450,10:20:37,8.31,0.0,20,16620,卖盘
451,10:20:40,8.31,0.0,1,831,卖盘
452,10:20:43,8.31,0.0,1,831,卖盘
453,10:20:52,8.31,0.0,18,15124,卖盘
454,10:21:04,8.31,0.0,12,9806,买盘
455,10:21:22,8.31,0.0,14,11634,卖盘
456,10:21:55,8.31,0.0,50,41550,卖盘
457,10:22:13,8.31,0.0,1,831,卖盘
458,10:22:45,8.31,0.0,6,4986,卖盘
459,10:22:55,8.31,0.0,4,3324,卖盘
460,10:23:07,8.31,0.0,30,24930,卖盘
461,10:23:16,8.32,0.01,5,4160,买盘
462,10:23:25,8.32,0.0,5,4160,买盘
463,10:23:27,8.32,0.0,7,5824,买盘
464,10:23:37,8.31,-0.01,10,8310,卖盘
465,10:24:04,8.32,0.01,2,1664,买盘
466,10:24:18,8.31,-0.01,30,24930,卖盘
467,10:24:22,8.32,0.01,10,8320,买盘
468,10:24:34,8.32,0.0,50,41600,买盘
469,10:24:37,8.32,0.0,12,9984,买盘
470,10:24:43,8.32,0.0,1,1165,买盘
471,10:25:10,8.33,0.01,17,14161,买盘
472,10:25:25,8.33,0.0,40,33320,买盘
473,10:25:34,8.33,0.0,101,84133,买盘
474,10:25:40,8.33,0.0,7,5831,买盘
475,10:26:16,8.33,0.0,16,13322,买盘
476,10:26:40,8.33,0.0,20,16827,买盘
477,10:26:55,8.33,0.0,132,109956,卖盘
478,10:27:01,8.33,0.0,11,9163,卖盘
479,10:27:13,8.34,0.01,19,15846,买盘
480,10:27:16,8.33,-0.01,73,60809,卖盘
481,10:27:22,8.33,0.0,1,666,买盘
482,10:27:28,8.33,0.0,1,833,买盘
483,10:27:31,8.33,0.0,30,24990,买盘
484,10:27:40,8.32,-0.01,23,19136,卖盘
485,10:27:43,8.32,0.0,22,17971,卖盘
486,10:27:58,8.31,-0.01,153,127143,卖盘
487,10:28:22,8.32,0.01,6,4992,买盘
488,10:28:34,8.31,-0.01,96,79776,卖盘
489,10:28:49,8.31,0.0,22,18282,卖盘
490,10:28:58,8.31,0.0,82,68142,卖盘
491,10:29:01,8.31,0.0,13,10803,卖盘
492,10:29:04,8.31,0.0,62,51522,卖盘
493,10:29:07,8.31,0.0,26,21606,卖盘
494,10:29:10,8.31,0.0,38,31578,卖盘
495,10:29:16,8.31,0.0,11,9141,卖盘
496,10:29:31,8.31,0.0,95,78945,卖盘
497,10:29:34,8.31,0.0,10,8310,买盘
498,10:29:40,8.31,0.0,1,831,买盘
499,10:29:45,8.32,0.01,50,41587,买盘
500,10:29:58,8.32,0.0,5,4160,买盘
501,10:30:10,8.31,-0.01,5,4155,卖盘
502,10:30:37,8.32,0.01,8,6655,买盘
503,10:30:58,8.31,-0.01,8,6648,卖盘
504,10:31:28,8.3,-0.01,64,53120,卖盘
505,10:31:31,8.31,0.01,12,9972,买盘
506,10:31:46,8.3,-0.01,300,249000,卖盘
507,10:31:55,8.3,0.0,88,73040,卖盘
508,10:32:01,8.3,0.0,24,19920,卖盘
509,10:32:04,8.3,0.0,14,11620,卖盘
510,10:32:07,8.3,0.0,10,8300,卖盘
511,10:32:10,8.3,0.0,41,34030,卖盘
512,10:32:13,8.3,0.0,14,11620,卖盘
513,10:32:16,8.3,0.0,12,9960,卖盘
514,10:32:37,8.3,0.0,1,830,买盘
515,10:32:55,8.29,-0.01,48,39792,卖盘
516,10:32:58,8.29,0.0,118,97822,卖盘
517,10:33:12,8.29,0.0,9,7461,买盘
518,10:33:19,8.29,0.0,9,7461,卖盘
519,10:33:28,8.29,0.0,11,9119,卖盘
520,10:33:34,8.29,0.0,5,4145,卖盘
521,10:33:40,8.3,0.01,2,1660,买盘
522,10:33:52,8.29,-0.01,22,18238,卖盘
523,10:34:01,8.29,0.0,40,33160,卖盘
524,10:34:07,8.29,0.0,9,7461,卖盘
525,10:34:25,8.3,0.01,11,9130,买盘
526,10:34:28,8.29,-0.01,3,2487,卖盘
527,10:34:34,8.3,0.01,50,41500,买盘
528,10:34:40,8.29,-0.01,20,16580,卖盘
529,10:34:43,8.3,0.01,42,34860,买盘
530,10:34:48,8.3,0.0,2,1660,买盘
531,10:34:58,8.3,0.0,6,4980,买盘
532,10:35:04,8.3,0.0,30,24900,买盘
533,10:35:16,8.3,0.0,9,7470,买盘
534,10:35:18,8.3,0.0,25,20750,买盘
535,10:35:27,8.3,0.0,41,34030,买盘
536,10:35:34,8.29,-0.01,16,13264,卖盘
537,10:36:22,8.3,0.01,3,2490,买盘
538,10:36:25,8.3,0.0,20,16600,买盘
539,10:36:31,8.3,0.0,8,6640,买盘
540,10:36:37,8.3,0.0,2,1660,卖盘
541,10:36:49,8.3,0.0,3,2489,买盘
542,10:37:10,8.3,0.0,10,8300,买盘
543,10:37:13,8.3,0.0,10,8300,买盘
544,10:37:16,8.29,-0.01,10,8290,卖盘
545,10:37:22,8.29,0.0,6,4974,卖盘
546,10:37:28,8.29,0.0,1,829,卖盘
547,10:37:40,8.29,0.0,4,3316,卖盘
548,10:37:52,8.29,0.0,60,49740,卖盘
549,10:38:01,8.29,0.0,11,9119,卖盘
550,10:38:12,8.3,0.01,3,2490,买盘
551,10:38:25,8.29,-0.01,142,117718,卖盘
552,10:38:28,8.29,0.0,23,19067,卖盘
553,10:39:22,8.29,0.0,3,2487,卖盘
554,10:39:34,8.3,0.01,3,2490,买盘
555,10:40:04,8.3,0.0,50,41500,买盘
556,10:40:16,8.3,0.0,6,4980,买盘
557,10:40:24,8.29,-0.01,10,8290,卖盘
558,10:40:28,8.3,0.01,34,28220,买盘
559,10:40:37,8.3,0.0,21,17430,买盘
560,10:40:55,8.3,0.0,23,19090,买盘
561,10:41:01,8.29,-0.01,15,12440,卖盘
562,10:41:28,8.29,0.0,7,5803,卖盘
563,10:41:31,8.3,0.01,5,4150,买盘
564,10:41:43,8.3,0.0,28,23240,买盘
565,10:41:49,8.3,0.0,2,1660,卖盘
566,10:41:54,8.29,-0.01,215,178235,卖盘
567,10:42:04,8.29,0.0,10,8290,买盘
568,10:42:40,8.29,0.0,3,2487,卖盘
569,10:42:48,8.29,0.0,30,24870,卖盘
570,10:42:57,8.29,0.0,2,1658,买盘
571,10:43:04,8.29,0.0,30,24870,买盘
572,10:43:07,8.29,0.0,10,8290,买盘
573,10:43:16,8.29,0.0,10,8290,买盘
574,10:43:22,8.28,-0.01,29,24012,卖盘
575,10:43:25,8.29,0.01,4,3316,买盘
576,10:43:36,8.28,-0.01,63,52164,卖盘
577,10:43:40,8.29,0.01,50,41450,买盘
578,10:43:52,8.28,-0.01,255,211140,卖盘
579,10:44:01,8.28,0.0,40,33120,卖盘
580,10:44:10,8.27,-0.01,239,198215,卖盘
581,10:44:22,8.27,0.0,7,5789,卖盘
582,10:44:24,8.27,0.0,37,30599,卖盘
583,10:44:28,8.27,0.0,59,48305,卖盘
584,10:44:30,8.26,-0.01,5,4130,卖盘
585,10:44:37,8.27,0.01,8,6613,买盘
586,10:44:43,8.26,-0.01,40,33040,卖盘
587,10:44:46,8.26,0.0,34,28084,卖盘
588,10:44:49,8.26,0.0,51,42126,买盘
589,10:44:55,8.26,0.0,13,10738,卖盘
590,10:44:58,8.26,0.0,6,4956,卖盘
591,10:45:01,8.26,0.0,6,4956,卖盘
592,10:45:04,8.26,0.0,1,826,买盘
593,10:45:07,8.26,0.0,4,3304,买盘
594,10:45:13,8.26,0.0,20,16519,买盘
595,10:45:16,8.25,-0.01,20,16502,卖盘
596,10:45:28,8.26,0.01,1,826,买盘
597,10:45:31,8.26,0.0,61,50386,买盘
598,10:45:33,8.25,-0.01,37,30542,卖盘
599,10:45:40,8.25,0.0,10,8250,卖盘
600,10:45:46,8.26,0.01,14,11564,卖盘
601,10:45:49,8.26,0.0,30,24780,卖盘
602,10:45:52,8.26,0.0,7,5782,卖盘
603,10:45:58,8.26,0.0,10,8260,买盘
604,10:46:01,8.26,0.0,8,6608,买盘
605,10:46:04,8.25,-0.01,15,12380,卖盘
606,10:46:07,8.26,0.01,5,4130,买盘
607,10:46:15,8.25,-0.01,11,9079,卖盘
608,10:46:28,8.25,0.0,13,10725,卖盘
609,10:46:37,8.26,0.01,52,42905,买盘
610,10:46:40,8.26,0.0,1,826,买盘
611,10:46:43,8.26,0.0,9,7434,买盘
612,10:46:46,8.26,0.0,111,91582,买盘
613,10:46:52,8.25,-0.01,8,6600,卖盘
614,10:46:55,8.26,0.01,1,826,买盘
615,10:46:58,8.25,-0.01,1,825,卖盘
616,10:47:04,8.24,-0.01,76,62690,卖盘
617,10:47:16,8.25,0.01,9,7425,卖盘
618,10:47:19,8.25,0.0,28,23100,卖盘
619,10:47:22,8.25,0.0,1,825,卖盘
620,10:47:31,8.25,0.0,10,8250,买盘
621,10:47:34,8.25,0.0,10,8250,买盘
622,10:47:37,8.25,0.0,5,4125,买盘
623,10:47:43,8.25,0.0,12,9900,买盘
624,10:47:48,8.25,0.0,13,10725,买盘
625,10:47:52,8.25,0.0,5,4125,买盘
626,10:47:55,8.25,0.0,2,1650,买盘
627,10:47:58,8.25,0.0,3,2475,买盘
628,10:48:01,8.25,0.0,3,2475,买盘
629,10:48:04,8.25,0.0,14,11550,买盘
630,10:48:07,8.25,0.0,16,13200,卖盘
631,10:48:13,8.25,0.0,33,27225,卖盘
632,10:48:16,8.25,0.0,12,9900,卖盘
633,10:48:34,8.26,0.01,27,22302,买盘
634,10:48:37,8.26,0.0,17,14042,买盘
635,10:48:39,8.26,0.0,10,8260,买盘
636,10:48:42,8.26,0.0,6,4956,买盘
637,10:48:46,8.26,0.0,9,7434,卖盘
638,10:48:55,8.26,0.0,23,18998,卖盘
639,10:48:57,8.26,0.0,60,49560,卖盘
640,10:49:07,8.28,0.02,3,2484,买盘
641,10:49:16,8.28,0.0,2,1656,买盘
642,10:49:22,8.28,0.0,3,2484,买盘
643,10:49:31,8.27,-0.01,5,4135,卖盘
644,10:49:40,8.28,0.01,10,8280,买盘
645,10:50:00,8.27,-0.01,1,827,卖盘
646,10:50:13,8.27,0.0,10,8270,卖盘
647,10:50:18,8.27,0.0,5,4135,卖盘
648,10:50:25,8.27,0.0,3,2977,卖盘
649,10:50:31,8.28,0.01,22,18214,买盘
650,10:50:34,8.27,-0.01,17,14059,卖盘
651,10:50:48,8.28,0.01,10,8280,买盘
652,10:50:55,8.27,-0.01,12,9428,卖盘
653,10:51:10,8.27,0.0,13,10751,买盘
654,10:51:13,8.26,-0.01,1,826,卖盘
655,10:51:16,8.27,0.01,3,2481,买盘
656,10:51:24,8.27,0.0,4,3804,买盘
657,10:51:30,8.26,-0.01,20,16535,卖盘
658,10:51:34,8.26,0.0,15,12390,卖盘
659,10:52:12,8.28,0.02,23,19044,买盘
660,10:52:25,8.26,-0.02,12,9416,卖盘
661,10:52:37,8.25,-0.01,83,68475,卖盘
662,10:52:39,8.26,0.01,34,28580,买盘
663,10:53:04,8.28,0.02,1,828,买盘
664,10:53:37,8.28,0.0,3,2484,买盘
665,10:54:10,8.27,-0.01,4,3308,卖盘
666,10:54:25,8.27,0.0,3,2481,卖盘
667,10:54:27,8.27,0.0,20,16540,卖盘
668,10:54:43,8.28,0.01,5,4140,买盘
669,10:54:45,8.28,0.0,1,828,买盘
670,10:54:55,8.27,-0.01,13,10751,卖盘
671,10:55:10,8.28,0.01,6,4968,买盘
672,10:55:12,8.27,-0.01,22,18194,卖盘
673,10:55:24,8.27,0.0,18,14886,卖盘
674,10:55:27,8.28,0.01,10,8280,买盘
675,10:55:31,8.28,0.0,10,8280,买盘
676,10:55:46,8.28,0.0,54,44712,买盘
677,10:55:52,8.28,0.0,26,21528,卖盘
678,10:56:07,8.29,0.01,2,1658,买盘
679,10:56:10,8.29,0.0,4,3316,买盘
680,10:56:28,8.29,0.0,17,14093,买盘
681,10:56:49,8.3,0.01,6,4980,买盘
682,10:56:54,8.29,-0.01,10,8290,卖盘
683,10:56:58,8.3,0.01,49,40670,买盘
684,10:57:04,8.3,0.0,1,830,卖盘
685,10:57:25,8.3,0.0,1,830,卖盘
686,10:57:45,8.3,0.0,12,9960,买盘
687,10:57:49,8.3,0.0,30,24900,卖盘
688,10:57:52,8.3,0.0,19,15770,卖盘
689,10:57:58,8.3,0.0,5,4150,买盘
690,10:58:22,8.29,-0.01,2,1658,卖盘
691,10:58:28,8.3,0.01,12,9960,买盘
692,10:58:49,8.3,0.0,80,66400,买盘
693,10:58:52,8.3,0.0,10,8300,买盘
694,10:58:55,8.3,0.0,10,8300,买盘
695,10:58:58,8.29,-0.01,30,24870,卖盘
696,10:59:25,8.29,0.0,2,1658,买盘
697,10:59:34,8.29,0.0,2,1658,买盘
698,11:00:34,8.29,0.0,3,2487,卖盘
699,11:00:37,8.3,0.01,29,24063,买盘
700,11:00:43,8.29,-0.01,1,829,买盘
701,11:00:58,8.28,-0.01,1,828,卖盘
702,11:01:04,8.28,0.0,3,2484,卖盘
703,11:01:48,8.28,0.0,30,24840,卖盘
704,11:02:25,8.29,0.01,50,41450,买盘
705,11:02:31,8.28,-0.01,10,8280,卖盘
706,11:03:01,8.29,0.01,29,24041,买盘
707,11:03:04,8.29,0.0,10,8290,买盘
708,11:03:42,8.29,0.0,25,20705,买盘
709,11:03:55,8.29,0.0,60,49740,买盘
710,11:04:24,8.28,-0.01,5,4140,卖盘
711,11:04:51,8.28,0.0,1,828,卖盘
712,11:05:01,8.28,0.0,39,32292,卖盘
713,11:05:16,8.27,-0.01,25,20675,卖盘
714,11:05:43,8.28,0.01,7,5796,买盘
715,11:06:10,8.28,0.0,18,14904,买盘
716,11:06:22,8.28,0.0,50,41400,买盘
717,11:06:24,8.28,0.0,1,828,买盘
718,11:07:10,8.29,0.01,3,2487,买盘
719,11:07:25,8.29,0.0,13,10391,买盘
720,11:08:01,8.3,0.01,5,4150,买盘
721,11:08:12,8.3,0.0,4,3320,买盘
722,11:08:16,8.3,0.0,60,49800,买盘
723,11:08:25,8.3,0.0,13,10790,卖盘
724,11:08:28,8.3,0.0,40,33200,卖盘
725,11:08:31,8.3,0.0,9,7470,卖盘
726,11:08:33,8.3,0.0,15,12450,卖盘
727,11:08:55,8.3,0.0,15,12450,卖盘
728,11:08:58,8.3,0.0,13,10790,卖盘
729,11:09:04,8.3,0.0,21,17430,卖盘
730,11:09:06,8.3,0.0,23,19090,卖盘
731,11:09:09,8.3,0.0,56,46480,卖盘
732,11:09:22,8.29,-0.01,30,24870,卖盘
733,11:09:28,8.3,0.01,75,62574,买盘
734,11:10:13,8.28,-0.02,6,4968,卖盘
735,11:10:15,8.29,0.01,14,11606,买盘
736,11:10:40,8.29,0.0,2,1658,卖盘
737,11:11:07,8.3,0.01,24,19920,买盘
738,11:11:16,8.3,0.0,20,16600,买盘
739,11:11:28,8.29,-0.01,30,24870,卖盘
740,11:11:43,8.29,0.0,59,48941,卖盘
741,11:11:55,8.29,0.0,11,9119,卖盘
742,11:12:10,8.28,-0.01,1,828,卖盘
743,11:12:49,8.28,0.0,63,52164,卖盘
744,11:12:55,8.28,0.0,400,331200,卖盘
745,11:13:00,8.28,0.0,10,8280,卖盘
746,11:13:04,8.29,0.01,17,14093,买盘
747,11:13:07,8.28,-0.01,7,5796,卖盘
748,11:13:16,8.28,0.0,43,35604,卖盘
749,11:13:34,8.28,0.0,18,14904,买盘
750,11:13:46,8.28,0.0,40,33120,买盘
751,11:14:01,8.29,0.01,10,8290,买盘
752,11:14:07,8.29,0.0,33,27357,买盘
753,11:14:19,8.3,0.01,13,10790,买盘
754,11:14:28,8.3,0.0,13,10790,买盘
755,11:14:34,8.3,0.0,15,12068,买盘
756,11:15:15,8.31,0.01,123,102213,买盘
757,11:15:31,8.32,0.01,12,9973,买盘
758,11:15:49,8.31,-0.01,24,19944,卖盘
759,11:15:54,8.32,0.01,10,8320,买盘
760,11:16:34,8.31,-0.01,34,28254,卖盘
761,11:16:52,8.3,-0.01,2,1660,卖盘
762,11:17:07,8.3,0.0,69,57652,卖盘
763,11:17:37,8.29,-0.01,3,2487,卖盘
764,11:19:12,8.29,0.0,15,12435,卖盘
765,11:20:30,8.29,0.0,12,9948,卖盘
766,11:20:43,8.29,0.0,1,829,卖盘
767,11:20:55,8.29,0.0,40,33161,卖盘
768,11:21:01,8.29,0.0,6,4974,卖盘
769,11:21:07,8.29,0.0,11,9119,卖盘
770,11:21:13,8.29,0.0,2,1658,买盘
771,11:21:19,8.28,-0.01,60,49680,卖盘
772,11:22:00,8.28,0.0,6,4968,卖盘
773,11:22:09,8.29,0.01,48,39792,买盘
774,11:22:52,8.29,0.0,10,8290,买盘
775,11:23:15,8.28,-0.01,16,13248,卖盘
776,11:23:25,8.28,0.0,14,11592,卖盘
777,11:23:36,8.29,0.01,120,99380,买盘
778,11:23:46,8.28,-0.01,10,8280,卖盘
779,11:24:01,8.28,0.0,36,29808,买盘
780,11:24:07,8.28,0.0,4,3312,买盘
781,11:24:19,8.28,0.0,6,4968,卖盘
782,11:24:49,8.28,0.0,4,3312,买盘
783,11:25:01,8.28,0.0,3,2482,买盘
784,11:25:10,8.28,0.0,44,36432,买盘
785,11:25:31,8.28,0.0,7,5796,卖盘
786,11:25:40,8.28,0.0,22,18216,买盘
787,11:25:43,8.28,0.0,21,17388,买盘
788,11:26:01,8.28,0.0,4,3312,卖盘
789,11:26:21,8.29,0.01,2,1658,买盘
790,11:26:45,8.28,-0.01,3,2484,卖盘
791,11:26:54,8.29,0.01,9,7461,买盘
792,11:27:58,8.27,-0.02,100,82779,卖盘
793,11:28:25,8.29,0.02,62,51398,买盘
794,11:28:36,8.29,0.0,5,4145,买盘
795,11:29:24,8.27,-0.02,36,29772,卖盘
796,11:29:27,8.27,0.0,10,8270,卖盘
797,13:00:04,8.28,0.01,10,8280,买盘
798,13:00:07,8.27,-0.01,56,46312,卖盘
799,13:00:22,8.28,0.01,5,4140,买盘
800,13:00:37,8.27,-0.01,1,827,卖盘
801,13:01:30,8.28,0.01,6,4968,买盘
802,13:01:40,8.27,-0.01,7,5789,卖盘
803,13:02:00,8.28,0.01,111,91890,买盘
804,13:02:07,8.28,0.0,7,5796,卖盘
805,13:04:06,8.27,-0.01,5,4135,卖盘
806,13:04:12,8.27,0.0,6,4962,卖盘
807,13:04:18,8.27,0.0,8,6616,卖盘
808,13:04:21,8.27,0.0,5,4135,卖盘
809,13:04:25,8.27,0.0,8,6616,卖盘
810,13:04:27,8.27,0.0,9,7443,卖盘
811,13:04:31,8.27,0.0,11,9097,卖盘
812,13:04:33,8.27,0.0,17,14059,卖盘
813,13:04:37,8.27,0.0,6,4962,卖盘
814,13:04:40,8.27,0.0,34,28118,卖盘
815,13:04:45,8.26,-0.01,18,14868,卖盘
816,13:04:48,8.26,0.0,8,6608,卖盘
817,13:04:51,8.26,0.0,12,9912,卖盘
818,13:04:55,8.26,0.0,8,6608,卖盘
819,13:04:58,8.26,0.0,11,9086,卖盘
820,13:05:01,8.26,0.0,9,7434,卖盘
821,13:05:04,8.26,0.0,8,6608,卖盘
822,13:05:07,8.26,0.0,14,11564,卖盘
823,13:05:10,8.26,0.0,12,9912,卖盘
824,13:05:13,8.26,0.0,7,5782,卖盘
825,13:05:15,8.26,0.0,13,10738,卖盘
826,13:05:18,8.25,-0.01,11,9075,卖盘
827,13:05:21,8.25,0.0,3,2475,卖盘
828,13:05:24,8.25,0.0,12,9900,卖盘
829,13:05:28,8.25,0.0,18,14850,卖盘
830,13:05:31,8.25,0.0,21,17325,卖盘
831,13:05:33,8.25,0.0,22,18150,卖盘
832,13:05:36,8.25,0.0,17,14025,卖盘
833,13:05:39,8.26,0.01,25,20627,买盘
834,13:05:42,8.25,-0.01,19,15675,卖盘
835,13:05:45,8.26,0.01,51,42103,买盘
836,13:05:49,8.25,-0.01,18,14850,卖盘
837,13:05:52,8.25,0.0,15,12375,卖盘
838,13:05:55,8.25,0.0,7,5775,卖盘
839,13:05:58,8.25,0.0,11,9075,卖盘
840,13:06:01,8.24,-0.01,93,76706,卖盘
841,13:06:04,8.24,0.0,26,21424,卖盘
842,13:06:06,8.25,0.01,15,12365,中性盘
843,13:06:10,8.25,0.0,45,37125,卖盘
844,13:06:15,8.24,-0.01,23,18952,卖盘
845,13:06:24,8.24,0.0,29,23896,卖盘
846,13:06:31,8.25,0.01,50,41250,买盘
847,13:06:55,8.26,0.01,10,8254,买盘
848,13:06:57,8.24,-0.02,40,32960,卖盘
849,13:07:13,8.26,0.02,2,1652,买盘
850,13:07:27,8.25,-0.01,19,15675,卖盘
851,13:07:33,8.25,0.0,2,1650,卖盘
852,13:07:52,8.25,0.0,5,4125,卖盘
853,13:07:54,8.25,0.0,8,6600,卖盘
854,13:07:57,8.25,0.0,13,10725,卖盘
855,13:08:04,8.26,0.01,2,1652,买盘
856,13:08:37,8.25,-0.01,1,825,卖盘
857,13:09:09,8.25,0.0,2,1650,卖盘
858,13:09:12,8.25,0.0,80,66000,卖盘
859,13:09:34,8.25,0.0,2,1650,卖盘
860,13:09:39,8.26,0.01,56,46256,买盘
861,13:10:07,8.26,0.0,1,826,买盘
862,13:10:16,8.26,0.0,40,33040,买盘
863,13:10:19,8.26,0.0,326,269276,买盘
864,13:10:31,8.26,0.0,50,41300,卖盘
865,13:10:36,8.26,0.0,23,18998,卖盘
866,13:10:49,8.26,0.0,21,17346,卖盘
867,13:10:57,8.26,0.0,4,3304,卖盘
868,13:11:19,8.26,0.0,40,33040,买盘
869,13:11:21,8.25,-0.01,88,72600,卖盘
870,13:11:33,8.24,-0.01,65,53560,卖盘
871,13:11:46,8.25,0.01,122,100650,买盘
872,13:11:54,8.25,0.0,1,825,买盘
873,13:12:07,8.25,0.0,85,70125,买盘
874,13:12:18,8.25,0.0,40,33000,卖盘
875,13:12:27,8.26,0.01,69,56987,买盘
876,13:12:31,8.25,-0.01,23,18975,卖盘
877,13:12:46,8.26,0.01,26,21476,买盘
878,13:13:00,8.25,-0.01,100,82500,卖盘
879,13:13:04,8.26,0.01,19,15694,买盘
880,13:13:58,8.26,0.0,6,4956,买盘
881,13:15:04,8.25,-0.01,18,14850,卖盘
882,13:15:24,8.25,0.0,10,8250,卖盘
883,13:15:27,8.26,0.01,10,8260,买盘
884,13:15:48,8.26,0.0,10,8260,买盘
885,13:15:58,8.26,0.0,20,16520,买盘
886,13:17:04,8.26,0.0,5,4130,卖盘
887,13:17:16,8.26,0.0,12,9912,买盘
888,13:17:31,8.26,0.0,3,2478,买盘
889,13:17:46,8.26,0.0,99,81774,卖盘
890,13:17:49,8.26,0.0,10,8260,买盘
891,13:18:25,8.26,0.0,120,99120,卖盘
892,13:18:31,8.27,0.01,10,8270,买盘
893,13:18:51,8.27,0.0,7,5789,买盘
894,13:18:57,8.27,0.0,10,8270,买盘
895,13:19:04,8.27,0.0,9,7443,买盘
896,13:19:22,8.27,0.0,94,77738,买盘
897,13:19:54,8.27,0.0,6,4962,卖盘
898,13:19:57,8.27,0.0,1,827,买盘
899,13:20:34,8.26,-0.01,160,132302,卖盘
900,13:21:06,8.26,0.0,6,4956,卖盘
901,13:21:30,8.26,0.0,15,12390,卖盘
902,13:21:34,8.26,0.0,4,3304,卖盘
903,13:21:46,8.26,0.0,10,8260,卖盘
904,13:21:52,8.26,0.0,3,2478,卖盘
905,13:22:16,8.26,0.0,10,8260,卖盘
906,13:22:52,8.27,0.01,1,827,买盘
907,13:23:19,8.27,0.0,20,16540,买盘
908,13:24:04,8.26,-0.01,2,1652,卖盘
909,13:24:07,8.27,0.01,2,1654,买盘
910,13:25:22,8.26,-0.01,17,14042,卖盘
911,13:25:33,8.26,0.0,11,9086,卖盘
912,13:25:52,8.26,0.0,4,3304,卖盘
913,13:26:04,8.26,0.0,1,826,卖盘
914,13:26:36,8.26,0.0,22,18172,卖盘
915,13:26:39,8.26,0.0,1,826,卖盘
916,13:26:46,8.26,0.0,29,23954,卖盘
917,13:27:01,8.26,0.0,13,10738,卖盘
918,13:27:09,8.26,0.0,6,4956,卖盘
919,13:27:19,8.27,0.01,10,8270,买盘
920,13:27:37,8.26,-0.01,19,15694,卖盘
921,13:27:54,8.25,-0.01,1,825,卖盘
922,13:29:19,8.25,0.0,2,1650,卖盘
923,13:29:30,8.25,0.0,12,9900,卖盘
924,13:29:51,8.25,0.0,20,16500,卖盘
925,13:30:16,8.25,0.0,181,149325,卖盘
926,13:30:49,8.25,0.0,85,70125,卖盘
927,13:31:22,8.25,0.0,1,825,卖盘
928,13:31:27,8.25,0.0,27,22275,卖盘
929,13:31:42,8.24,-0.01,34,28038,卖盘
930,13:32:10,8.24,0.0,20,16480,卖盘
931,13:32:18,8.25,0.01,3,2475,买盘
932,13:32:42,8.25,0.0,10,8250,买盘
933,13:33:09,8.25,0.0,10,8250,买盘
934,13:33:40,8.24,-0.01,30,24720,卖盘
935,13:34:34,8.24,0.0,106,87357,卖盘
936,13:34:37,8.24,0.0,20,16480,卖盘
937,13:34:46,8.24,0.0,30,24720,卖盘
938,13:35:07,8.24,0.0,93,76632,卖盘
939,13:35:19,8.23,-0.01,65,53495,卖盘
940,13:35:22,8.23,0.0,35,28805,卖盘
941,13:35:25,8.23,0.0,42,34566,卖盘
942,13:35:28,8.23,0.0,7,5761,卖盘
943,13:35:31,8.23,0.0,113,92999,卖盘
944,13:35:34,8.22,-0.01,223,183421,卖盘
945,13:35:40,8.23,0.01,10,8230,买盘
946,13:35:43,8.22,-0.01,11,9042,卖盘
947,13:35:45,8.22,0.0,30,24670,卖盘
948,13:35:48,8.21,-0.01,202,165842,卖盘
949,13:35:52,8.21,0.0,343,281603,卖盘
950,13:35:55,8.21,0.0,8,6568,买盘
951,13:36:04,8.2,-0.01,105,86100,卖盘
952,13:36:07,8.2,0.0,80,65600,卖盘
953,13:36:09,8.21,0.01,1,821,买盘
954,13:36:13,8.2,-0.01,206,168926,卖盘
955,13:36:16,8.2,0.0,101,82820,卖盘
956,13:36:22,8.2,0.0,47,38540,买盘
957,13:36:25,8.2,0.0,27,22140,卖盘
958,13:36:31,8.19,-0.01,17,13923,卖盘
959,13:36:37,8.2,0.01,52,42640,买盘
960,13:36:40,8.19,-0.01,37,30303,卖盘
961,13:36:52,8.2,0.01,3,2460,买盘
962,13:36:57,8.19,-0.01,38,31122,卖盘
963,13:37:01,8.2,0.01,20,16400,买盘
964,13:37:06,8.18,-0.02,209,171137,卖盘
965,13:37:13,8.19,0.01,10,8190,卖盘
966,13:37:16,8.19,0.0,17,13923,卖盘
967,13:37:19,8.19,0.0,4,3276,卖盘
968,13:37:22,8.19,0.0,20,16380,卖盘
969,13:37:28,8.2,0.01,30,24600,买盘
970,13:37:31,8.2,0.0,10,8200,买盘
971,13:37:37,8.19,-0.01,29,23751,卖盘
972,13:37:43,8.2,0.01,4,3280,买盘
973,13:37:46,8.2,0.0,12,9840,买盘
974,13:37:57,8.2,0.0,20,16400,买盘
975,13:38:10,8.2,0.0,32,26240,买盘
976,13:38:13,8.2,0.0,18,14760,买盘
977,13:38:16,8.2,0.0,63,51660,买盘
978,13:38:25,8.2,0.0,2,1640,卖盘
979,13:38:28,8.21,0.01,23,18863,买盘
980,13:38:31,8.21,0.0,20,16420,卖盘
981,13:38:43,8.21,0.0,180,147700,买盘
982,13:38:46,8.2,-0.01,25,20500,卖盘
983,13:38:48,8.21,0.01,106,86921,买盘
984,13:38:51,8.21,0.0,34,27914,买盘
985,13:39:07,8.2,-0.01,4,3280,中性盘
986,13:39:10,8.19,-0.01,20,16380,卖盘
987,13:39:22,8.2,0.01,2,1640,买盘
988,13:39:25,8.2,0.0,2,1640,买盘
989,13:39:31,8.19,-0.01,30,24580,卖盘
990,13:39:43,8.2,0.01,15,12295,买盘
991,13:40:10,8.2,0.0,30,24600,买盘
992,13:40:43,8.21,0.01,12,9852,买盘
993,13:40:45,8.21,0.0,16,13136,买盘
994,13:40:49,8.21,0.0,18,14778,买盘
995,13:41:28,8.2,-0.01,3,2460,卖盘
996,13:41:31,8.2,0.0,45,36900,卖盘
997,13:41:40,8.2,0.0,120,98400,卖盘
998,13:41:46,8.19,-0.01,5,4095,卖盘
999,13:41:49,8.2,0.01,73,59860,买盘
1000,13:41:52,8.19,-0.01,53,43409,卖盘
1001,13:41:58,8.19,0.0,35,28665,卖盘
1002,13:42:04,8.19,0.0,60,49142,卖盘
1003,13:42:07,8.18,-0.01,55,45011,卖盘
1004,13:42:10,8.2,0.02,5,4100,买盘
1005,13:42:15,8.19,-0.01,8,6552,买盘
1006,13:42:19,8.18,-0.01,213,174234,卖盘
1007,13:42:31,8.18,0.0,11,8998,买盘
1008,13:42:37,8.18,0.0,20,16360,买盘
1009,13:42:40,8.17,-0.01,71,58040,卖盘
1010,13:42:43,8.18,0.01,20,16345,买盘
1011,13:42:45,8.18,0.0,1,818,买盘
1012,13:42:48,8.17,-0.01,48,39216,卖盘
1013,13:42:52,8.17,0.0,3,2451,买盘
1014,13:43:00,8.16,-0.01,24,19584,卖盘
1015,13:43:04,8.17,0.01,5,4085,买盘
1016,13:43:06,8.17,0.0,10,8170,买盘
1017,13:43:10,8.16,-0.01,74,60384,卖盘
1018,13:43:16,8.17,0.01,1,817,买盘
1019,13:43:22,8.17,0.0,10,8170,买盘
1020,13:43:25,8.17,0.0,7,5713,买盘
1021,13:43:31,8.16,-0.01,30,24480,卖盘
1022,13:43:34,8.17,0.01,30,24500,买盘
1023,13:43:37,8.16,-0.01,68,55488,卖盘
1024,13:43:40,8.17,0.01,12,9804,买盘
1025,13:43:45,8.17,0.0,10,8170,买盘
1026,13:43:51,8.16,-0.01,3,2448,卖盘
1027,13:44:01,8.17,0.01,20,16340,买盘
1028,13:44:04,8.17,0.0,10,8170,买盘
1029,13:44:13,8.16,-0.01,40,32640,卖盘
1030,13:44:28,8.17,0.01,10,8170,买盘
1031,13:44:30,8.17,0.0,5,4085,买盘
1032,13:44:40,8.17,0.0,65,53055,买盘
1033,13:44:43,8.17,0.0,6,4901,买盘
1034,13:44:55,8.17,0.0,5,4085,买盘
1035,13:45:01,8.17,0.0,3,2451,买盘
1036,13:45:10,8.16,-0.01,12,9792,卖盘
1037,13:45:16,8.16,0.0,52,42468,卖盘
1038,13:45:25,8.17,0.01,1,817,买盘
1039,13:45:28,8.17,0.0,51,41667,买盘
1040,13:45:46,8.18,0.01,5,4090,买盘
1041,13:45:52,8.16,-0.02,54,44085,卖盘
1042,13:45:55,8.17,0.01,11,8987,买盘
1043,13:45:58,8.17,0.0,2,1634,买盘
1044,13:46:04,8.16,-0.01,220,179520,卖盘
1045,13:46:13,8.16,0.0,6,4896,买盘
1046,13:46:15,8.16,0.0,1,816,买盘
1047,13:46:30,8.15,-0.01,10,8150,卖盘
1048,13:46:40,8.15,0.0,5,4075,卖盘
1049,13:46:49,8.15,0.0,26,21190,卖盘
1050,13:46:52,8.15,0.0,91,74165,卖盘
1051,13:46:55,8.14,-0.01,90,73301,卖盘
1052,13:47:01,8.15,0.01,50,40739,买盘
1053,13:47:07,8.13,-0.02,78,63414,卖盘
1054,13:47:16,8.14,0.01,37,30118,买盘
1055,13:47:19,8.13,-0.01,20,16260,卖盘
1056,13:47:22,8.13,0.0,121,98373,卖盘
1057,13:47:25,8.13,0.0,54,43857,买盘
1058,13:47:28,8.13,0.0,121,98373,买盘
1059,13:47:31,8.12,-0.01,50,40600,卖盘
1060,13:47:34,8.13,0.01,101,81436,买盘
1061,13:47:37,8.13,0.0,1,813,买盘
1062,13:47:40,8.12,-0.01,85,69597,卖盘
1063,13:47:43,8.12,0.0,20,16240,买盘
1064,13:47:46,8.12,0.0,2,1624,买盘
1065,13:47:52,8.12,0.0,4,3248,买盘
1066,13:47:55,8.12,0.0,4,3248,买盘
1067,13:47:58,8.12,0.0,9,7308,买盘
1068,13:48:05,8.12,0.0,17,13804,买盘
1069,13:48:07,8.12,0.0,12,9744,买盘
1070,13:48:10,8.12,0.0,23,18676,买盘
1071,13:48:13,8.12,0.0,10,8120,买盘
1072,13:48:16,8.12,0.0,18,14039,买盘
1073,13:48:19,8.13,0.01,5,4065,买盘
1074,13:48:25,8.12,-0.01,38,30856,卖盘
1075,13:48:34,8.13,0.01,10,8130,买盘
1076,13:48:37,8.13,0.0,50,40650,买盘
1077,13:48:40,8.12,-0.01,123,99876,卖盘
1078,13:48:43,8.12,0.0,50,40645,卖盘
1079,13:48:49,8.12,0.0,1,812,卖盘
1080,13:48:52,8.13,0.01,7,5691,买盘
1081,13:48:55,8.13,0.0,140,113720,买盘
1082,13:48:58,8.1,-0.03,631,511609,卖盘
1083,13:49:10,8.1,0.0,34,27575,卖盘
1084,13:49:16,8.11,0.01,5,4055,卖盘
1085,13:49:19,8.1,-0.01,11,8910,卖盘
1086,13:49:22,8.11,0.01,30,24330,买盘
1087,13:49:25,8.1,-0.01,14,11353,卖盘
1088,13:49:28,8.1,0.0,3,2430,卖盘
1089,13:49:31,8.11,0.01,2,1622,买盘
1090,13:49:43,8.11,0.0,11,8921,卖盘
1091,13:50:01,8.11,0.0,40,32440,卖盘
1092,13:50:04,8.11,0.0,2,1622,卖盘
1093,13:50:13,8.12,0.01,2,1624,买盘
1094,13:50:22,8.12,0.0,6,4873,卖盘
1095,13:50:25,8.13,0.01,2,1626,买盘
1096,13:50:28,8.13,0.0,9,7317,买盘
1097,13:50:31,8.12,-0.01,53,43041,卖盘
1098,13:50:36,8.12,0.0,131,106417,卖盘
1099,13:50:40,8.12,0.0,10,8120,买盘
1100,13:50:43,8.12,0.0,5,4060,买盘
1101,13:50:46,8.12,0.0,4,3248,买盘
1102,13:50:49,8.12,0.0,75,60900,买盘
1103,13:50:52,8.12,0.0,19,15428,买盘
1104,13:50:55,8.12,0.0,3,2436,买盘
1105,13:50:58,8.12,0.0,20,16240,买盘
1106,13:51:04,8.12,0.0,1,812,买盘
1107,13:51:13,8.12,0.0,12,9744,买盘
1108,13:51:16,8.12,0.0,16,12992,买盘
1109,13:51:22,8.12,0.0,60,48720,买盘
1110,13:51:25,8.12,0.0,23,18676,买盘
1111,13:51:28,8.12,0.0,35,28420,卖盘
1112,13:51:55,8.14,0.02,4,3256,买盘
1113,13:52:07,8.14,0.0,1,814,买盘
1114,13:52:10,8.14,0.0,9,7326,买盘
1115,13:52:13,8.14,0.0,1,814,买盘
1116,13:52:16,8.14,0.0,5,4070,买盘
1117,13:52:25,8.14,0.0,5,4070,买盘
1118,13:52:36,8.14,0.0,10,8140,买盘
1119,13:52:43,8.14,0.0,5,4070,买盘
1120,13:52:55,8.14,0.0,5,4070,买盘
1121,13:52:58,8.14,0.0,9,7326,买盘
1122,13:53:01,8.14,0.0,5,4070,买盘
1123,13:53:22,8.14,0.0,50,40700,买盘
1124,13:53:28,8.15,0.01,1,815,买盘
1125,13:53:43,8.13,-0.02,29,23601,卖盘
1126,13:53:48,8.15,0.02,2,1630,买盘
1127,13:54:37,8.15,0.0,17,13842,买盘
1128,13:54:46,8.15,0.0,11,8965,卖盘
1129,13:54:49,8.15,0.0,3,2445,买盘
1130,13:54:51,8.15,0.0,15,12225,卖盘
1131,13:54:54,8.14,-0.01,5,4070,卖盘
1132,13:55:01,8.14,0.0,8,6512,卖盘
1133,13:55:13,8.13,-0.01,27,21951,卖盘
1134,13:55:16,8.13,0.0,57,46341,卖盘
1135,13:55:19,8.13,0.0,1,813,卖盘
1136,13:55:22,8.13,0.0,12,9756,卖盘
1137,13:55:24,8.13,0.0,100,81300,卖盘
1138,13:55:34,8.12,-0.01,227,184481,卖盘
1139,13:55:43,8.12,0.0,68,55216,卖盘
1140,13:55:45,8.12,0.0,8,6496,卖盘
1141,13:55:49,8.12,0.0,8,6496,卖盘
1142,13:55:52,8.12,0.0,21,17052,卖盘
1143,13:56:01,8.12,0.0,22,17864,买盘
1144,13:56:04,8.11,-0.01,30,24330,卖盘
1145,13:56:18,8.11,0.0,100,81100,卖盘
1146,13:56:21,8.11,0.0,31,25141,卖盘
1147,13:56:24,8.1,-0.01,50,40500,卖盘
1148,13:56:36,8.11,0.01,61,49471,买盘
1149,13:56:40,8.1,-0.01,20,16200,卖盘
1150,13:56:43,8.1,0.0,83,67239,卖盘
1151,13:56:46,8.1,0.0,262,212795,卖盘
1152,13:56:49,8.1,0.0,110,89025,买盘
1153,13:56:52,8.1,0.0,18,14580,买盘
1154,13:56:57,8.1,0.0,49,39671,买盘
1155,13:57:04,8.1,0.0,14,11330,买盘
1156,13:57:13,8.1,0.0,2,1620,买盘
1157,13:57:16,8.09,-0.01,40,32375,卖盘
1158,13:57:22,8.1,0.01,21,17005,买盘
1159,13:57:28,8.09,-0.01,10,8090,买盘
1160,13:57:37,8.09,0.0,20,16180,买盘
1161,13:57:40,8.08,-0.01,207,167256,卖盘
1162,13:57:46,8.09,0.01,114,92226,买盘
1163,13:57:55,8.09,0.0,10,8090,卖盘
1164,13:58:01,8.09,0.0,84,67956,卖盘
1165,13:58:04,8.09,0.0,5,4045,买盘
1166,13:58:10,8.09,0.0,5,4045,买盘
1167,13:58:13,8.09,0.0,10,8090,买盘
1168,13:58:15,8.08,-0.01,50,40400,卖盘
1169,13:58:18,8.09,0.01,100,80900,买盘
1170,13:58:22,8.09,0.0,4,3236,买盘
1171,13:58:25,8.08,-0.01,10,8080,卖盘
1172,13:58:34,8.09,0.01,9,7281,买盘
1173,13:58:37,8.08,-0.01,8,6464,卖盘
1174,13:58:40,8.09,0.01,3,2427,买盘
1175,13:58:43,8.08,-0.01,35,28283,卖盘
1176,13:58:46,8.09,0.01,20,16180,买盘
1177,13:58:49,8.09,0.0,7,5663,买盘
1178,13:58:52,8.09,0.0,5,4045,卖盘
1179,13:58:58,8.08,-0.01,50,40400,卖盘
1180,13:59:01,8.08,0.0,1,808,卖盘
1181,13:59:04,8.08,0.0,20,16160,卖盘
1182,13:59:07,8.09,0.01,10,8090,买盘
1183,13:59:13,8.09,0.0,5,4045,买盘
1184,13:59:16,8.08,-0.01,4,3232,卖盘
1185,13:59:19,8.09,0.01,2,1618,买盘
1186,13:59:25,8.09,0.0,97,78473,买盘
1187,13:59:28,8.09,0.0,23,18607,买盘
1188,13:59:34,8.1,0.01,6,4860,买盘
1189,13:59:43,8.1,0.0,1,810,买盘
1190,13:59:46,8.1,0.0,10,8100,买盘
1191,13:59:49,8.1,0.0,13,10530,买盘
1192,13:59:55,8.1,0.0,15,12150,买盘
1193,13:59:58,8.1,0.0,20,16200,买盘
1194,14:00:01,8.1,0.0,21,17010,买盘
1195,14:00:07,8.1,0.0,62,50220,买盘
1196,14:00:10,8.1,0.0,3,2430,买盘
1197,14:00:22,8.1,0.0,13,10530,买盘
1198,14:00:25,8.09,-0.01,1,809,卖盘
1199,14:00:28,8.1,0.01,2,1620,买盘
1200,14:00:34,8.1,0.0,28,22680,买盘
1201,14:00:42,8.1,0.0,54,43740,买盘
1202,14:00:52,8.1,0.0,6,4860,买盘
1203,14:00:58,8.1,0.0,38,30780,买盘
1204,14:01:01,8.1,0.0,1,810,买盘
1205,14:01:04,8.09,-0.01,1,809,卖盘
1206,14:01:07,8.1,0.01,8,6480,买盘
1207,14:01:15,8.1,0.0,2,1620,卖盘
1208,14:01:34,8.1,0.0,49,39690,卖盘
1209,14:01:46,8.1,0.0,1,810,卖盘
1210,14:01:49,8.1,0.0,25,20250,卖盘
1211,14:02:04,8.1,0.0,20,16200,卖盘
1212,14:02:10,8.11,0.01,23,18653,买盘
1213,14:02:22,8.11,0.0,7,5677,买盘
1214,14:02:25,8.11,0.0,88,71368,买盘
1215,14:02:37,8.11,0.0,40,32440,买盘
1216,14:02:46,8.11,0.0,7,5677,买盘
1217,14:02:52,8.11,0.0,1,811,买盘
1218,14:02:54,8.11,0.0,10,8110,买盘
1219,14:03:01,8.11,0.0,10,8110,买盘
1220,14:03:07,8.11,0.0,24,19464,买盘
1221,14:03:10,8.11,0.0,27,21897,买盘
1222,14:03:13,8.1,-0.01,15,12155,卖盘
1223,14:03:16,8.11,0.01,153,124083,买盘
1224,14:03:19,8.11,0.0,32,25952,买盘
1225,14:03:22,8.11,0.0,54,43794,买盘
1226,14:03:28,8.11,0.0,36,29196,卖盘
1227,14:03:37,8.14,0.03,5,4067,买盘
1228,14:04:04,8.15,0.01,56,45633,买盘
1229,14:04:16,8.13,-0.02,5,4065,买盘
1230,14:04:28,8.14,0.01,50,40700,买盘
1231,14:04:40,8.14,0.0,1,814,买盘
1232,14:04:52,8.13,-0.01,28,22764,卖盘
1233,14:04:55,8.13,0.0,14,11382,买盘
1234,14:05:13,8.13,0.0,1,813,买盘
1235,14:05:16,8.13,0.0,4,3252,买盘
1236,14:05:22,8.12,-0.01,59,47908,卖盘
1237,14:05:25,8.13,0.01,50,40639,买盘
1238,14:05:28,8.13,0.0,3,2439,买盘
1239,14:05:31,8.13,0.0,98,79654,买盘
1240,14:05:49,8.13,0.0,7,5691,买盘
1241,14:06:13,8.11,-0.02,1,811,卖盘
1242,14:06:16,8.12,0.01,1,812,买盘
1243,14:06:19,8.11,-0.01,23,18653,卖盘
1244,14:06:25,8.11,0.0,1,811,卖盘
1245,14:06:28,8.11,0.0,24,19464,卖盘
1246,14:06:31,8.11,0.0,10,8110,卖盘
1247,14:06:34,8.11,0.0,22,17842,卖盘
1248,14:06:40,8.12,0.01,29,23543,买盘
1249,14:06:46,8.12,0.0,35,28420,卖盘
1250,14:06:49,8.12,0.0,1,812,卖盘
1251,14:06:52,8.11,-0.01,6,4866,卖盘
1252,14:06:58,8.11,0.0,9,7299,卖盘
1253,14:07:04,8.11,0.0,5,4055,卖盘
1254,14:07:07,8.11,0.0,1,811,卖盘
1255,14:07:10,8.11,0.0,16,12319,卖盘
1256,14:07:13,8.11,0.0,5,4055,卖盘
1257,14:07:19,8.11,0.0,23,19310,卖盘
1258,14:07:22,8.11,0.0,5,4055,买盘
1259,14:07:25,8.11,0.0,5,4055,买盘
1260,14:07:37,8.11,0.0,13,10543,买盘
1261,14:07:40,8.1,-0.01,80,64800,卖盘
1262,14:07:43,8.1,0.0,1,810,卖盘
1263,14:07:46,8.1,0.0,35,28350,卖盘
1264,14:07:58,8.11,0.01,20,16220,买盘
1265,14:08:01,8.1,-0.01,1,810,卖盘
1266,14:08:04,8.1,0.0,5,4050,卖盘
1267,14:08:13,8.1,0.0,20,16200,卖盘
1268,14:08:16,8.1,0.0,55,44550,卖盘
1269,14:08:28,8.1,0.0,42,34020,买盘
1270,14:08:34,8.1,0.0,16,12960,卖盘
1271,14:08:37,8.1,0.0,19,15390,卖盘
1272,14:08:49,8.1,0.0,5,4050,卖盘
1273,14:08:55,8.1,0.0,4,3240,卖盘
1274,14:08:58,8.11,0.01,1,811,买盘
1275,14:09:01,8.1,-0.01,53,42930,卖盘
1276,14:09:10,8.09,-0.01,4,3237,卖盘
1277,14:09:19,8.1,0.01,19,15390,买盘
1278,14:09:31,8.1,0.0,7,5670,卖盘
1279,14:09:43,8.11,0.01,10,8110,买盘
1280,14:09:48,8.1,-0.01,57,46170,卖盘
1281,14:09:52,8.11,0.01,20,16218,买盘
1282,14:10:04,8.1,-0.01,50,40470,买盘
1283,14:10:22,8.11,0.01,3,2433,买盘
1284,14:10:31,8.1,-0.01,12,9720,卖盘
1285,14:10:58,8.11,0.01,1,811,买盘
1286,14:11:01,8.1,-0.01,58,46980,卖盘
1287,14:11:07,8.1,0.0,54,43740,卖盘
1288,14:11:13,8.1,0.0,10,8100,卖盘
1289,14:11:31,8.1,0.0,80,64800,卖盘
1290,14:11:37,8.1,0.0,3,2430,卖盘
1291,14:11:43,8.1,0.0,6,4860,卖盘
1292,14:11:46,8.1,0.0,26,21060,卖盘
1293,14:12:07,8.1,0.0,19,15390,买盘
1294,14:12:10,8.1,0.0,1,810,卖盘
1295,14:12:13,8.1,0.0,20,16200,卖盘
1296,14:12:25,8.1,0.0,10,8100,卖盘
1297,14:12:34,8.11,0.01,100,81100,买盘
1298,14:13:01,8.11,0.0,1,811,买盘
1299,14:13:07,8.11,0.0,26,21086,卖盘
1300,14:13:13,8.11,0.0,39,31629,买盘
1301,14:13:16,8.11,0.0,50,40550,买盘
1302,14:13:28,8.1,-0.01,12,9720,卖盘
1303,14:13:43,8.1,0.0,4,3240,卖盘
1304,14:13:58,8.11,0.01,10,8110,买盘
1305,14:14:04,8.1,-0.01,5,4050,卖盘
1306,14:14:16,8.11,0.01,216,174965,买盘
1307,14:14:19,8.11,0.0,2,1622,买盘
1308,14:14:37,8.11,0.0,51,41311,买盘
1309,14:14:52,8.1,-0.01,5,4050,买盘
1310,14:15:01,8.1,0.0,13,9874,买盘
1311,14:15:04,8.1,0.0,1,810,卖盘
1312,14:15:13,8.1,0.0,2,1620,卖盘
1313,14:15:16,8.1,0.0,60,49256,卖盘
1314,14:15:22,8.1,0.0,5,4050,买盘
1315,14:15:28,8.1,0.0,36,29138,买盘
1316,14:15:34,8.09,-0.01,64,51151,卖盘
1317,14:15:52,8.1,0.01,11,8910,卖盘
1318,14:15:55,8.11,0.01,12,9730,买盘
1319,14:15:58,8.1,-0.01,1,810,卖盘
1320,14:16:01,8.1,0.0,14,11340,卖盘
1321,14:16:10,8.1,0.0,1,810,卖盘
1322,14:16:13,8.11,0.01,15,12165,买盘
1323,14:16:28,8.12,0.01,2,1624,买盘
1324,14:16:37,8.11,-0.01,4,3245,卖盘
1325,14:16:43,8.11,0.0,40,32440,卖盘
1326,14:16:49,8.11,0.0,45,36495,卖盘
1327,14:16:55,8.11,0.0,5,4055,买盘
1328,14:16:58,8.11,0.0,5,4055,买盘
1329,14:17:01,8.09,-0.02,60,48587,卖盘
1330,14:17:07,8.1,0.01,55,44550,买盘
1331,14:17:19,8.11,0.01,16,12976,买盘
1332,14:17:31,8.11,0.0,1,811,买盘
1333,14:17:37,8.1,-0.01,2,1620,卖盘
1334,14:17:40,8.1,0.0,24,19444,卖盘
1335,14:17:52,8.1,0.0,91,73710,卖盘
1336,14:18:01,8.11,0.01,20,16220,买盘
1337,14:18:10,8.1,-0.01,33,26730,卖盘
1338,14:18:13,8.11,0.01,37,30007,买盘
1339,14:18:16,8.11,0.0,10,8110,买盘
1340,14:18:28,8.11,0.0,20,16210,买盘
1341,14:18:31,8.11,0.0,6,4866,买盘
1342,14:18:34,8.1,-0.01,15,12150,卖盘
1343,14:18:43,8.11,0.01,1,811,买盘
1344,14:18:48,8.11,0.0,2,1622,买盘
1345,14:18:55,8.1,-0.01,40,32400,卖盘
1346,14:19:01,8.11,0.01,45,36495,买盘
1347,14:19:22,8.11,0.0,3,2433,卖盘
1348,14:19:25,8.11,0.0,10,8111,卖盘
1349,14:19:31,8.11,0.0,1,811,买盘
1350,14:19:55,8.11,0.0,19,15409,买盘
1351,14:20:13,8.11,0.0,1,811,卖盘
1352,14:20:16,8.11,0.0,74,60014,卖盘
1353,14:20:22,8.11,0.0,22,17842,买盘
1354,14:20:34,8.11,0.0,10,8110,买盘
1355,14:20:37,8.1,-0.01,189,153090,卖盘
1356,14:20:55,8.1,0.0,3,2430,买盘
1357,14:21:01,8.09,-0.01,7,5663,卖盘
1358,14:21:10,8.09,0.0,3,2912,卖盘
1359,14:21:13,8.09,0.0,30,24270,卖盘
1360,14:21:25,8.09,0.0,397,321343,卖盘
1361,14:21:31,8.09,0.0,1,809,买盘
1362,14:21:36,8.08,-0.01,114,92112,卖盘
1363,14:21:42,8.09,0.01,31,25052,买盘
1364,14:21:58,8.09,0.0,1,809,买盘
1365,14:22:10,8.09,0.0,95,76838,买盘
1366,14:22:16,8.09,0.0,27,21817,买盘
1367,14:22:19,8.09,0.0,38,30742,买盘
1368,14:22:25,8.09,0.0,30,24270,买盘
1369,14:22:28,8.09,0.0,25,20225,买盘
1370,14:22:31,8.09,0.0,55,44465,买盘
1371,14:22:34,8.09,0.0,1,809,买盘
1372,14:22:40,8.09,0.0,4,3066,买盘
1373,14:22:43,8.09,0.0,78,63272,卖盘
1374,14:22:46,8.09,0.0,2,1618,买盘
1375,14:22:49,8.09,0.0,4,3236,买盘
1376,14:22:52,8.08,-0.01,32,25856,卖盘
1377,14:22:55,8.09,0.01,12,9708,买盘
1378,14:22:58,8.09,0.0,3,2427,买盘
1379,14:23:04,8.09,0.0,1,809,买盘
1380,14:23:10,8.09,0.0,2,1618,买盘
1381,14:23:13,8.09,0.0,1,809,买盘
1382,14:23:21,8.09,0.0,33,26697,买盘
1383,14:23:30,8.09,0.0,38,30742,买盘
1384,14:23:34,8.09,0.0,25,20210,买盘
1385,14:23:40,8.09,0.0,5,4045,买盘
1386,14:23:43,8.09,0.0,15,12135,买盘
1387,14:24:01,8.09,0.0,6,4854,买盘
1388,14:24:04,8.09,0.0,9,7281,买盘
1389,14:24:10,8.09,0.0,3,2427,买盘
1390,14:24:13,8.09,0.0,5,3875,买盘
1391,14:24:22,8.09,0.0,8,6642,卖盘
1392,14:24:24,8.08,-0.01,49,39592,卖盘
1393,14:24:27,8.09,0.01,16,12774,买盘
1394,14:24:34,8.1,0.01,20,16200,买盘
1395,14:24:49,8.1,0.0,62,50220,买盘
1396,14:24:55,8.09,-0.01,6,4854,卖盘
1397,14:25:07,8.1,0.01,5,4050,买盘
1398,14:25:22,8.1,0.0,55,44550,买盘
1399,14:25:31,8.09,-0.01,58,46950,卖盘
1400,14:25:34,8.1,0.01,4,3240,买盘
1401,14:25:37,8.1,0.0,39,31590,买盘
1402,14:25:39,8.1,0.0,107,86670,买盘
1403,14:25:55,8.11,0.01,2,1622,买盘
1404,14:26:05,8.1,-0.01,35,28380,卖盘
1405,14:26:21,8.11,0.01,1,811,买盘
1406,14:26:28,8.11,0.0,15,12165,买盘
1407,14:26:31,8.11,0.0,15,12165,买盘
1408,14:26:34,8.11,0.0,3,2433,买盘
1409,14:26:40,8.1,-0.01,12,9720,卖盘
1410,14:26:55,8.11,0.01,9,7299,买盘
1411,14:26:58,8.1,-0.01,23,18630,卖盘
1412,14:27:12,8.11,0.01,3,2433,买盘
1413,14:27:16,8.11,0.0,30,24330,买盘
1414,14:27:19,8.11,0.0,9,7299,买盘
1415,14:27:25,8.11,0.0,37,30007,买盘
1416,14:27:28,8.11,0.0,16,12976,买盘
1417,14:27:37,8.1,-0.01,107,86728,卖盘
1418,14:27:55,8.11,0.01,4,3244,买盘
1419,14:28:01,8.1,-0.01,160,129610,卖盘
1420,14:28:07,8.11,0.01,10,8110,买盘
1421,14:28:18,8.11,0.0,21,17031,买盘
1422,14:28:27,8.11,0.0,5,4055,买盘
1423,14:28:31,8.11,0.0,10,8110,买盘
1424,14:28:40,8.11,0.0,3,2433,买盘
1425,14:28:42,8.11,0.0,4,3244,买盘
1426,14:28:52,8.11,0.0,30,24330,买盘
1427,14:29:01,8.11,0.0,11,8921,买盘
1428,14:29:28,8.12,0.01,1,812,买盘
1429,14:29:46,8.12,0.0,8,6496,买盘
1430,14:29:49,8.11,-0.01,9,7299,卖盘
1431,14:29:58,8.11,0.0,6,4871,卖盘
1432,14:30:13,8.11,0.0,1,811,卖盘
1433,14:30:15,8.11,0.0,25,20275,卖盘
1434,14:30:19,8.11,0.0,1,811,卖盘
1435,14:30:25,8.11,0.0,1,811,卖盘
1436,14:30:31,8.11,0.0,39,31629,卖盘
1437,14:30:34,8.11,0.0,2,1622,卖盘
1438,14:30:36,8.11,0.0,42,34062,卖盘
1439,14:30:43,8.11,0.0,5,4055,卖盘
1440,14:30:49,8.11,0.0,23,18653,卖盘
1441,14:30:55,8.11,0.0,25,20275,卖盘
1442,14:31:01,8.11,0.0,15,12165,卖盘
1443,14:31:04,8.12,0.01,9,7300,买盘
1444,14:31:13,8.11,-0.01,48,38928,卖盘
1445,14:31:16,8.12,0.01,10,8115,买盘
1446,14:31:19,8.11,-0.01,32,25952,卖盘
1447,14:31:25,8.11,0.0,1,811,卖盘
1448,14:31:28,8.11,0.0,23,18653,买盘
1449,14:31:34,8.11,0.0,5,4055,买盘
1450,14:31:37,8.11,0.0,10,8110,买盘
1451,14:31:40,8.11,0.0,30,24330,买盘
1452,14:31:43,8.11,0.0,6,4866,买盘
1453,14:31:46,8.1,-0.01,61,49410,卖盘
1454,14:31:55,8.11,0.01,3,2433,买盘
1455,14:31:58,8.12,0.01,100,81199,买盘
1456,14:32:01,8.1,-0.02,10,8100,卖盘
1457,14:32:18,8.11,0.01,4,3244,买盘
1458,14:32:31,8.11,0.0,7,5677,买盘
1459,14:32:40,8.11,0.0,6,4866,买盘
1460,14:32:58,8.11,0.0,5,4055,买盘
1461,14:33:22,8.11,0.0,36,29196,买盘
1462,14:33:43,8.12,0.01,10,8120,买盘
1463,14:33:46,8.11,-0.01,26,21086,卖盘
1464,14:33:49,8.11,0.0,10,8110,买盘
1465,14:33:52,8.11,0.0,20,16220,买盘
1466,14:34:01,8.1,-0.01,8,6482,卖盘
1467,14:34:16,8.12,0.02,12,9744,买盘
1468,14:34:28,8.12,0.0,4,3248,卖盘
1469,14:34:34,8.12,0.0,4,3248,卖盘
1470,14:34:46,8.13,0.01,10,8130,买盘
1471,14:34:58,8.13,0.0,10,8130,买盘
1472,14:35:01,8.13,0.0,4,3252,买盘
1473,14:35:07,8.14,0.01,6,4881,买盘
1474,14:35:12,8.13,-0.01,5,4065,买盘
1475,14:35:19,8.13,0.0,24,19512,买盘
1476,14:35:22,8.13,0.0,1,813,买盘
1477,14:35:25,8.13,0.0,10,8130,卖盘
1478,14:35:31,8.12,-0.01,60,48768,卖盘
1479,14:35:43,8.13,0.01,4,3252,卖盘
1480,14:35:55,8.14,0.01,25,20335,买盘
1481,14:36:09,8.13,-0.01,17,13821,卖盘
1482,14:36:16,8.13,0.0,143,116259,卖盘
1483,14:36:40,8.12,-0.01,20,16240,卖盘
1484,14:36:52,8.13,0.01,11,8938,买盘
1485,14:37:07,8.12,-0.01,40,32480,卖盘
1486,14:37:13,8.13,0.01,3,2439,买盘
1487,14:37:16,8.12,-0.01,10,8120,卖盘
1488,14:37:25,8.12,0.0,30,24360,卖盘
1489,14:37:28,8.12,0.0,7,5684,卖盘
1490,14:37:37,8.13,0.01,10,8130,买盘
1491,14:37:40,8.12,-0.01,9,7308,卖盘
1492,14:37:55,8.12,0.0,36,29232,卖盘
1493,14:38:01,8.12,0.0,28,22736,卖盘
1494,14:38:06,8.12,0.0,12,9744,卖盘
1495,14:38:09,8.12,0.0,10,8120,卖盘
1496,14:38:16,8.12,0.0,16,12992,卖盘
1497,14:38:40,8.11,-0.01,22,17842,卖盘
1498,14:38:43,8.12,0.01,20,16240,买盘
1499,14:38:46,8.12,0.0,8,6494,买盘
1500,14:38:55,8.11,-0.01,32,25952,卖盘
1501,14:38:58,8.11,0.0,2,1622,卖盘
1502,14:39:10,8.11,0.0,4,3244,卖盘
1503,14:39:13,8.11,0.0,16,12976,卖盘
1504,14:39:16,8.11,0.0,43,34873,卖盘
1505,14:39:19,8.11,0.0,10,8110,卖盘
1506,14:39:25,8.11,0.0,15,12165,卖盘
1507,14:39:28,8.1,-0.01,110,89118,卖盘
1508,14:39:31,8.11,0.01,17,13794,卖盘
1509,14:39:34,8.11,0.0,20,16220,卖盘
1510,14:39:37,8.11,0.0,2,1622,卖盘
1511,14:39:46,8.11,0.0,1,811,卖盘
1512,14:39:49,8.11,0.0,40,32440,卖盘
1513,14:39:55,8.1,-0.01,33,26745,卖盘
1514,14:40:04,8.11,0.01,1,811,买盘
1515,14:40:07,8.1,-0.01,100,81050,卖盘
1516,14:40:10,8.1,0.0,116,93960,卖盘
1517,14:40:13,8.1,0.0,81,65610,卖盘
1518,14:40:16,8.1,0.0,65,52650,卖盘
1519,14:40:19,8.1,0.0,126,102110,卖盘
1520,14:40:22,8.1,0.0,49,39690,卖盘
1521,14:40:28,8.09,-0.01,105,84995,卖盘
1522,14:40:31,8.09,0.0,6,4854,卖盘
1523,14:40:34,8.09,0.0,56,45304,卖盘
1524,14:40:40,8.09,0.0,90,72810,卖盘
1525,14:40:43,8.09,0.0,7,5833,卖盘
1526,14:40:46,8.09,0.0,100,80900,买盘
1527,14:40:49,8.09,0.0,20,16180,买盘
1528,14:40:52,8.08,-0.01,109,88072,卖盘
1529,14:40:58,8.08,0.0,297,239410,卖盘
1530,14:41:01,8.08,0.0,94,75952,卖盘
1531,14:41:04,8.08,0.0,182,147622,卖盘
1532,14:41:07,8.08,0.0,30,24240,买盘
1533,14:41:13,8.08,0.0,40,32320,买盘
1534,14:41:19,8.08,0.0,2,1616,买盘
1535,14:41:28,8.08,0.0,60,48430,买盘
1536,14:41:31,8.08,0.0,16,12918,买盘
1537,14:41:37,8.07,-0.01,177,142839,卖盘
1538,14:41:43,8.07,0.0,11,8868,买盘
1539,14:41:52,8.06,-0.01,27,21762,卖盘
1540,14:42:01,8.06,0.0,65,52390,卖盘
1541,14:42:07,8.06,0.0,32,25792,卖盘
1542,14:42:10,8.06,0.0,45,36270,卖盘
1543,14:42:13,8.05,-0.01,1,805,卖盘
1544,14:42:16,8.05,0.0,6,4830,卖盘
1545,14:42:19,8.06,0.01,20,16120,买盘
1546,14:42:25,8.06,0.0,10,8060,买盘
1547,14:42:31,8.06,0.0,98,78988,买盘
1548,14:42:43,8.06,0.0,43,34658,卖盘
1549,14:42:46,8.05,-0.01,170,137025,卖盘
1550,14:42:52,8.06,0.01,58,46748,买盘
1551,14:42:55,8.06,0.0,54,43500,买盘
1552,14:42:58,8.06,0.0,14,11284,卖盘
1553,14:43:04,8.06,0.0,13,10478,卖盘
1554,14:43:07,8.07,0.01,5,4035,买盘
1555,14:43:13,8.07,0.0,5,4035,买盘
1556,14:43:16,8.09,0.02,146,117905,买盘
1557,14:43:19,8.07,-0.02,169,136691,卖盘
1558,14:43:22,8.06,-0.01,1,806,卖盘
1559,14:43:25,8.07,0.01,5,4035,买盘
1560,14:43:31,8.07,0.0,38,30666,买盘
1561,14:43:40,8.06,-0.01,66,53196,卖盘
1562,14:43:43,8.07,0.01,66,53261,买盘
1563,14:43:49,8.07,0.0,216,174294,买盘
1564,14:44:01,8.06,-0.01,41,33046,卖盘
1565,14:44:25,8.06,0.0,17,13702,卖盘
1566,14:44:28,8.06,0.0,27,21762,卖盘
1567,14:44:34,8.05,-0.01,19,15295,卖盘
1568,14:44:40,8.06,0.01,1,806,买盘
1569,14:44:43,8.06,0.0,2,1612,买盘
1570,14:44:46,8.06,0.0,20,16120,买盘
1571,14:44:55,8.06,0.0,10,8060,买盘
1572,14:45:01,8.06,0.0,50,40300,买盘
1573,14:45:04,8.06,0.0,1,806,买盘
1574,14:45:13,8.07,0.01,25,20175,买盘
1575,14:45:16,8.07,0.0,3,2420,买盘
1576,14:45:37,8.07,0.0,35,28245,买盘
1577,14:45:43,8.1,0.03,97,78404,买盘
1578,14:45:46,8.1,0.0,2,1620,卖盘
1579,14:45:49,8.11,0.01,49,39729,买盘
1580,14:45:52,8.1,-0.01,8,6480,卖盘
1581,14:45:58,8.11,0.01,12,9732,买盘
1582,14:46:01,8.1,-0.01,14,11340,卖盘
1583,14:46:07,8.09,-0.01,1,809,中性盘
1584,14:46:19,8.09,0.0,10,8090,买盘
1585,14:46:25,8.09,0.0,2,1618,买盘
1586,14:46:28,8.07,-0.02,20,16140,卖盘
1587,14:46:43,8.09,0.02,20,16180,买盘
1588,14:46:46,8.08,-0.01,5,4040,卖盘
1589,14:46:49,8.09,0.01,1,809,买盘
1590,14:46:52,8.08,-0.01,11,8888,卖盘
1591,14:47:04,8.07,-0.01,380,308235,卖盘
1592,14:47:07,8.07,0.0,1,807,卖盘
1593,14:47:10,8.07,0.0,20,16140,卖盘
1594,14:47:16,8.08,0.01,1,808,卖盘
1595,14:47:34,8.08,0.0,35,28280,卖盘
1596,14:47:37,8.08,0.0,27,21816,卖盘
1597,14:47:43,8.08,0.0,6,4848,买盘
1598,14:47:46,8.07,-0.01,26,20982,卖盘
1599,14:47:49,8.08,0.01,11,8888,买盘
1600,14:47:52,8.08,0.0,32,25856,卖盘
1601,14:47:55,8.07,-0.01,10,8078,卖盘
1602,14:47:58,8.08,0.01,10,8080,买盘
1603,14:48:07,8.07,-0.01,10,8077,卖盘
1604,14:48:16,8.08,0.01,8,6464,卖盘
1605,14:48:19,8.08,0.0,2,1616,卖盘
1606,14:48:25,8.07,-0.01,10,8070,卖盘
1607,14:48:28,8.07,0.0,23,18561,卖盘
1608,14:48:34,8.08,0.01,5,4040,买盘
1609,14:48:37,8.07,-0.01,90,72630,卖盘
1610,14:48:40,8.08,0.01,17,13736,买盘
1611,14:48:43,8.08,0.0,29,23432,卖盘
1612,14:48:46,8.08,0.0,36,29088,卖盘
1613,14:48:52,8.07,-0.01,19,15338,卖盘
1614,14:49:01,8.08,0.01,5,4040,买盘
1615,14:49:04,8.08,0.0,5,4040,卖盘
1616,14:49:07,8.07,-0.01,14,11303,卖盘
1617,14:49:16,8.08,0.01,12,9696,卖盘
1618,14:49:37,8.07,-0.01,52,41964,卖盘
1619,14:49:40,8.07,0.0,20,16140,卖盘
1620,14:49:46,8.07,0.0,41,33087,卖盘
1621,14:49:49,8.08,0.01,154,124377,买盘
1622,14:49:52,8.07,-0.01,49,39552,卖盘
1623,14:50:01,8.07,0.0,2,1614,买盘
1624,14:50:07,8.07,0.0,5,4035,买盘
1625,14:50:10,8.06,-0.01,16,12896,卖盘
1626,14:50:16,8.06,0.0,2,1612,卖盘
1627,14:50:19,8.06,0.0,10,8060,卖盘
1628,14:50:25,8.06,0.0,5,4030,卖盘
1629,14:50:28,8.06,0.0,5,4030,卖盘
1630,14:50:37,8.06,0.0,17,13702,卖盘
1631,14:50:43,8.06,0.0,3,2418,卖盘
1632,14:50:46,8.06,0.0,102,82212,卖盘
1633,14:50:49,8.06,0.0,33,26602,卖盘
1634,14:50:52,8.07,0.01,51,41157,买盘
1635,14:50:55,8.06,-0.01,20,16120,卖盘
1636,14:50:58,8.07,0.01,29,23403,买盘
1637,14:51:13,8.07,0.0,2,1614,卖盘
1638,14:51:16,8.07,0.0,14,11298,卖盘
1639,14:51:19,8.07,0.0,7,5649,卖盘
1640,14:51:25,8.07,0.0,10,8070,卖盘
1641,14:51:31,8.08,0.01,37,29864,买盘
1642,14:51:34,8.08,0.0,10,8080,买盘
1643,14:51:37,8.08,0.0,10,8080,买盘
1644,14:51:40,8.11,0.03,190,153830,买盘
1645,14:51:46,8.07,-0.04,42,33894,卖盘
1646,14:51:49,8.07,0.0,10,8070,卖盘
1647,14:52:10,8.07,0.0,80,64585,卖盘
1648,14:52:19,8.08,0.01,1,808,买盘
1649,14:52:22,8.08,0.0,5,4040,卖盘
1650,14:52:28,8.08,0.0,1,808,卖盘
1651,14:52:31,8.08,0.0,3,2424,卖盘
1652,14:52:34,8.08,0.0,39,31512,卖盘
1653,14:52:37,8.09,0.01,4,3236,买盘
1654,14:52:40,8.08,-0.01,51,41208,卖盘
1655,14:52:43,8.08,0.0,25,20200,卖盘
1656,14:52:46,8.08,0.0,33,26652,买盘
1657,14:52:49,8.08,0.0,3,2424,买盘
1658,14:52:55,8.08,0.0,13,10504,卖盘
1659,14:52:58,8.08,0.0,18,14544,卖盘
1660,14:53:01,8.08,0.0,5,4040,卖盘
1661,14:53:04,8.08,0.0,7,5656,卖盘
1662,14:53:07,8.08,0.0,2,1616,中性盘
1663,14:53:13,8.08,0.0,1,808,卖盘
1664,14:53:22,8.07,-0.01,168,135576,卖盘
1665,14:53:25,8.08,0.01,7,5656,买盘
1666,14:53:28,8.08,0.0,10,8080,买盘
1667,14:53:34,8.07,-0.01,71,57297,卖盘
1668,14:53:37,8.07,0.0,120,96840,买盘
1669,14:53:40,8.07,0.0,10,8070,卖盘
1670,14:53:43,8.07,0.0,16,12914,卖盘
1671,14:53:46,8.08,0.01,5,4040,买盘
1672,14:53:49,8.08,0.0,3,2424,买盘
1673,14:53:52,8.07,-0.01,11,8879,卖盘
1674,14:53:55,8.08,0.01,15,12120,买盘
1675,14:53:58,8.07,-0.01,1,807,卖盘
1676,14:54:01,8.08,0.01,15,12115,买盘
1677,14:54:05,8.07,-0.01,17,13722,卖盘
1678,14:54:07,8.07,0.0,27,21809,卖盘
1679,14:54:10,8.07,0.0,17,13735,卖盘
1680,14:54:16,8.07,0.0,223,179981,卖盘
1681,14:54:19,8.08,0.01,14,11306,买盘
1682,14:54:22,8.07,-0.01,74,59718,卖盘
1683,14:54:25,8.06,-0.01,60,48360,卖盘
1684,14:54:37,8.06,0.0,5,4030,卖盘
1685,14:54:40,8.07,0.01,36,29021,买盘
1686,14:54:46,8.07,0.0,30,24210,买盘
1687,14:54:49,8.07,0.0,10,8070,买盘
1688,14:54:55,8.06,-0.01,74,59649,卖盘
1689,14:54:58,8.07,0.01,1,807,买盘
1690,14:55:01,8.06,-0.01,23,18538,卖盘
1691,14:55:10,8.06,0.0,236,190216,卖盘
1692,14:55:13,8.07,0.01,15,12100,买盘
1693,14:55:16,8.06,-0.01,16,12896,卖盘
1694,14:55:19,8.06,0.0,80,64530,卖盘
1695,14:55:22,8.06,0.0,18,14516,卖盘
1696,14:55:25,8.06,0.0,60,48360,卖盘
1697,14:55:28,8.07,0.01,20,16130,买盘
1698,14:55:31,8.06,-0.01,102,82262,卖盘
1699,14:55:34,8.06,0.0,31,24986,卖盘
1700,14:55:37,8.06,0.0,16,12896,卖盘
1701,14:55:40,8.06,0.0,2,1612,卖盘
1702,14:55:46,8.06,0.0,39,31434,卖盘
1703,14:55:49,8.07,0.01,13,10480,买盘
1704,14:55:58,8.06,-0.01,10,8060,买盘
1705,14:56:01,8.06,0.0,31,24986,买盘
1706,14:56:07,8.05,-0.01,23,18534,卖盘
1707,14:56:16,8.06,0.01,17,13709,卖盘
1708,14:56:22,8.07,0.01,14,11297,买盘
1709,14:56:25,8.06,-0.01,50,40300,卖盘
1710,14:56:28,8.06,0.0,12,9672,卖盘
1711,14:56:34,8.05,-0.01,80,64419,卖盘
1712,14:56:37,8.06,0.01,62,49972,买盘
1713,14:56:43,8.05,-0.01,4,3223,卖盘
1714,14:56:46,8.06,0.01,100,80600,买盘
1715,14:56:49,8.06,0.0,3,2418,买盘
1716,14:56:55,8.05,-0.01,14,11280,卖盘
1717,14:56:58,8.05,0.0,5,4025,卖盘
1718,14:57:01,8.05,0.0,10,8050,卖盘
1719,14:57:03,8.06,0.01,5,4030,买盘
1720,15:00:04,8.05,-0.01,1301,1047305,卖盘
