,time,price,change,volume,amount,type
0,09:25:04,18.27,0.1,505,922635,买盘
1,09:30:00,18.17,-0.1,7,12719,卖盘
2,09:30:04,18.15,-0.02,229,416327,中性盘
3,09:30:06,18.15,0.0,2,3630,买盘
4,09:30:12,18.17,0.02,11,19967,买盘
5,09:30:15,18.17,0.0,6,10902,买盘
6,09:30:19,18.17,0.0,1,1817,卖盘
7,09:30:22,18.17,0.0,6,10922,卖盘
8,09:30:24,18.17,0.0,36,65476,卖盘
9,09:30:27,18.2,0.03,4,7277,中性盘
10,09:30:30,18.24,0.04,16,29163,买盘
11,09:30:33,18.24,0.0,25,45605,卖盘
12,09:30:36,18.26,0.02,54,98549,买盘
13,09:30:39,18.24,-0.02,5,9121,卖盘
14,09:30:42,18.25,0.01,26,47460,卖盘
15,09:30:45,18.25,0.0,2,3650,卖盘
16,09:30:48,18.24,-0.01,91,166058,卖盘
17,09:30:51,18.24,0.0,10,18240,卖盘
18,09:30:54,18.24,0.0,4,7296,卖盘
19,09:30:57,18.2,-0.04,82,149331,卖盘
20,09:31:00,18.25,0.05,59,107564,买盘
21,09:31:12,18.2,-0.05,3,5464,卖盘
22,09:31:15,18.2,0.0,8,14560,卖盘
23,09:31:18,18.29,0.09,290,529617,买盘
24,09:31:21,18.24,-0.05,52,94874,卖盘
25,09:31:33,18.25,0.01,3,5475,中性盘
26,09:31:36,18.24,-0.01,34,62024,卖盘
27,09:31:45,18.29,0.05,10,18282,买盘
28,09:31:49,18.3,0.01,75,137221,买盘
29,09:31:57,18.3,0.0,5,9149,买盘
30,09:32:00,18.3,0.0,324,592924,买盘
31,09:32:04,18.29,-0.01,58,106082,买盘
32,09:32:06,18.29,0.0,51,93264,买盘
33,09:32:09,18.26,-0.03,111,202945,卖盘
34,09:32:12,18.27,0.01,7,12789,中性盘
35,09:32:15,18.29,0.02,61,111721,中性盘
36,09:32:18,18.31,0.02,19,34766,买盘
37,09:32:21,18.28,-0.03,38,69520,卖盘
38,09:32:24,18.42,0.14,80,146892,买盘
39,09:32:30,18.42,0.0,20,36840,卖盘
40,09:32:33,18.48,0.06,5,9236,买盘
41,09:32:37,18.42,-0.06,1,1842,卖盘
42,09:32:39,18.42,0.0,3,5526,卖盘
43,09:32:45,18.44,0.02,35,64631,中性盘
44,09:32:51,18.49,0.05,131,241699,买盘
45,09:32:54,18.49,0.0,1,1849,买盘
46,09:32:57,18.5,0.01,51,94346,买盘
47,09:33:00,18.5,0.0,107,197950,卖盘
48,09:33:04,18.49,-0.01,97,179415,卖盘
49,09:33:06,18.45,-0.04,93,171917,卖盘
50,09:33:09,18.43,-0.02,29,53467,卖盘
51,09:33:15,18.43,0.0,7,12901,买盘
52,09:33:18,18.43,0.0,49,90236,买盘
53,09:33:21,18.43,0.0,6,11046,买盘
54,09:33:24,18.4,-0.03,22,40480,卖盘
55,09:33:27,18.37,-0.03,12,22065,卖盘
56,09:33:30,18.37,0.0,69,126786,卖盘
57,09:33:33,18.37,0.0,56,102876,卖盘
58,09:33:36,18.37,0.0,53,97362,卖盘
59,09:33:40,18.39,0.02,45,82686,买盘
60,09:33:42,18.35,-0.04,49,89944,卖盘
61,09:33:46,18.37,0.02,69,126606,买盘
62,09:33:48,18.36,-0.01,18,33048,卖盘
63,09:33:51,18.36,0.0,12,22034,卖盘
64,09:33:54,18.31,-0.05,65,119100,卖盘
65,09:33:57,18.37,0.06,14,25708,买盘
66,09:34:00,18.37,0.0,35,64285,买盘
67,09:34:06,18.35,-0.02,51,93585,买盘
68,09:34:09,18.35,0.0,93,170655,买盘
69,09:34:12,18.32,-0.03,24,43968,卖盘
70,09:34:15,18.34,0.02,8,14666,买盘
71,09:34:18,18.32,-0.02,3,5498,卖盘
72,09:34:24,18.36,0.04,233,427532,买盘
73,09:34:27,18.34,-0.02,10,18340,卖盘
74,09:34:30,18.34,0.0,3,5502,卖盘
75,09:34:33,18.33,-0.01,95,174227,卖盘
76,09:34:36,18.34,0.01,8,14672,买盘
77,09:34:39,18.34,0.0,5,9170,中性盘
78,09:34:45,18.32,-0.02,71,130076,卖盘
79,09:34:51,18.34,0.02,21,38503,买盘
80,09:34:54,18.33,-0.01,2,3666,卖盘
81,09:34:57,18.33,0.0,7,12831,买盘
82,09:35:04,18.32,-0.01,20,36640,卖盘
83,09:35:06,18.32,0.0,20,36640,买盘
84,09:35:09,18.32,0.0,23,42136,买盘
85,09:35:12,18.32,0.0,41,75101,中性盘
86,09:35:21,18.32,0.0,13,23816,卖盘
87,09:35:24,18.32,0.0,4,7328,买盘
88,09:35:31,18.32,0.0,14,25648,买盘
89,09:35:34,18.3,-0.02,182,333212,卖盘
90,09:35:36,18.3,0.0,4,7314,买盘
91,09:35:39,18.28,-0.02,126,230340,卖盘
92,09:35:45,18.28,0.0,21,38388,买盘
93,09:35:48,18.28,0.0,6,10968,卖盘
94,09:35:51,18.29,0.01,14,25600,买盘
95,09:35:54,18.28,-0.01,40,73120,卖盘
96,09:35:57,18.28,0.0,21,38388,买盘
97,09:36:00,18.27,-0.01,201,367228,卖盘
98,09:36:04,18.27,0.0,14,25585,卖盘
99,09:36:06,18.27,0.0,31,56642,卖盘
100,09:36:12,18.26,-0.01,13,23738,卖盘
101,09:36:15,18.24,-0.02,201,366916,卖盘
102,09:36:18,18.26,0.02,3,5478,中性盘
103,09:36:21,18.24,-0.02,14,25536,卖盘
104,09:36:24,18.26,0.02,24,43778,买盘
105,09:36:28,18.24,-0.02,24,43776,卖盘
106,09:36:30,18.25,0.01,112,204099,中性盘
107,09:36:33,18.24,-0.01,21,38304,中性盘
108,09:36:36,18.24,0.0,27,49248,卖盘
109,09:36:39,18.24,0.0,21,38304,卖盘
110,09:36:42,18.21,-0.03,8,14592,卖盘
111,09:36:45,18.21,0.0,27,49167,卖盘
112,09:36:49,18.21,0.0,43,78295,卖盘
113,09:36:51,18.24,0.03,125,227597,买盘
114,09:36:54,18.2,-0.04,1,1820,卖盘
115,09:36:57,18.2,0.0,69,125580,卖盘
116,09:37:00,18.21,0.01,2,3642,卖盘
117,09:37:06,18.21,0.0,19,34598,卖盘
118,09:37:12,18.21,0.0,2,3642,买盘
119,09:37:18,18.21,0.0,22,40062,买盘
120,09:37:21,18.2,-0.01,65,118350,卖盘
121,09:37:24,18.2,0.0,2,3640,买盘
122,09:37:30,18.2,0.0,14,25480,买盘
123,09:37:37,18.2,0.0,27,49140,卖盘
124,09:37:39,18.19,-0.01,63,114607,卖盘
125,09:37:42,18.2,0.01,1,1820,买盘
126,09:37:45,18.2,0.0,7,12740,买盘
127,09:37:48,18.2,0.0,58,105510,买盘
128,09:37:51,18.19,-0.01,46,83691,卖盘
129,09:37:54,18.19,0.0,26,47280,买盘
130,09:37:57,18.2,0.01,63,114621,中性盘
131,09:38:00,18.19,-0.01,60,109148,卖盘
132,09:38:06,18.16,-0.03,235,427002,卖盘
133,09:38:09,18.16,0.0,3,5448,卖盘
134,09:38:18,18.16,0.0,10,18169,卖盘
135,09:38:22,18.16,0.0,25,45405,卖盘
136,09:38:24,18.16,0.0,12,21799,卖盘
137,09:38:27,18.17,0.01,99,179760,买盘
138,09:38:30,18.16,-0.01,46,83514,买盘
139,09:38:36,18.15,-0.01,11,19973,卖盘
140,09:38:39,18.16,0.01,4,7262,买盘
141,09:38:46,18.15,-0.01,9,16335,买盘
142,09:38:48,18.13,-0.02,14,25390,卖盘
143,09:38:54,18.13,0.0,38,68954,卖盘
144,09:38:57,18.13,0.0,91,164973,卖盘
145,09:39:00,18.11,-0.02,5,9055,卖盘
146,09:39:06,18.11,0.0,15,27165,卖盘
147,09:39:10,18.11,0.0,18,32598,卖盘
148,09:39:12,18.1,-0.01,29,52490,卖盘
149,09:39:15,18.1,0.0,24,43440,卖盘
150,09:39:18,18.1,0.0,33,59760,卖盘
151,09:39:21,18.1,0.0,10,18100,买盘
152,09:39:24,18.08,-0.02,2,3616,卖盘
153,09:39:27,18.06,-0.02,110,198728,卖盘
154,09:39:33,18.08,0.02,10,18080,买盘
155,09:39:36,18.06,-0.02,27,48774,卖盘
156,09:39:39,18.05,-0.01,41,74014,卖盘
157,09:39:42,18.04,-0.01,3,5412,卖盘
158,09:39:45,18.04,0.0,6,10824,卖盘
159,09:39:48,18.04,0.0,32,57732,卖盘
160,09:39:51,18.04,0.0,58,104632,卖盘
161,09:39:54,18.04,0.0,41,73950,买盘
162,09:39:57,18.03,-0.01,19,34273,卖盘
163,09:40:00,18.03,0.0,33,59520,卖盘
164,09:40:04,18.05,0.02,374,674597,买盘
165,09:40:06,18.03,-0.02,212,382585,卖盘
166,09:40:09,18.08,0.05,87,157033,买盘
167,09:40:12,18.1,0.02,45,81417,买盘
168,09:40:16,18.09,-0.01,64,115821,中性盘
169,09:40:18,18.11,0.02,17,30760,买盘
170,09:40:21,18.13,0.02,96,173916,买盘
171,09:40:24,18.16,0.03,43,77994,买盘
172,09:40:27,18.16,0.0,65,118012,买盘
173,09:40:31,18.16,0.0,19,34504,买盘
174,09:40:33,18.16,0.0,57,103252,买盘
175,09:40:36,18.15,-0.01,17,30865,中性盘
176,09:40:39,18.1,-0.05,5,9060,卖盘
177,09:40:42,18.11,0.01,18,32613,卖盘
178,09:40:45,18.15,0.04,22,39896,买盘
179,09:40:51,18.13,-0.02,20,36260,卖盘
180,09:40:54,18.13,0.0,55,99715,卖盘
181,09:40:57,18.13,0.0,3,5439,卖盘
182,09:41:01,18.13,0.0,10,18130,买盘
183,09:41:04,18.14,0.01,137,248794,买盘
184,09:41:06,18.13,-0.01,10,18134,卖盘
185,09:41:09,18.14,0.01,15,27210,卖盘
186,09:41:13,18.14,0.0,35,63490,卖盘
187,09:41:15,18.15,0.01,42,76220,买盘
188,09:41:18,18.14,-0.01,12,21778,卖盘
189,09:41:21,18.14,0.0,11,19954,卖盘
190,09:41:24,18.14,0.0,29,52613,卖盘
191,09:41:27,18.13,-0.01,50,90133,卖盘
192,09:41:30,18.13,0.0,17,30821,卖盘
193,09:41:33,18.11,-0.02,13,23553,卖盘
194,09:41:36,18.11,0.0,23,41653,卖盘
195,09:41:40,18.11,0.0,14,25354,卖盘
196,09:41:42,18.12,0.01,1,1812,买盘
197,09:41:45,18.12,0.0,16,28981,买盘
198,09:41:48,18.12,0.0,40,72480,卖盘
199,09:41:51,18.1,-0.02,53,95978,卖盘
200,09:42:09,18.09,-0.01,50,90450,卖盘
201,09:42:12,18.09,0.0,2,3618,卖盘
202,09:42:18,18.08,-0.01,2,3616,卖盘
203,09:42:21,18.09,0.01,2,3618,买盘
204,09:42:27,18.08,-0.01,100,180800,卖盘
205,09:42:30,18.08,0.0,133,240464,卖盘
206,09:42:33,18.06,-0.02,1,1806,卖盘
207,09:42:36,18.05,-0.01,4,7220,卖盘
208,09:42:42,18.05,0.0,49,88451,卖盘
209,09:42:45,18.01,-0.04,171,308072,卖盘
210,09:42:48,18.01,0.0,28,50428,买盘
211,09:42:51,18.0,-0.01,52,93609,卖盘
212,09:42:54,18.0,0.0,138,248414,卖盘
213,09:42:57,17.98,-0.02,9,16187,卖盘
214,09:43:00,17.99,0.01,21,37779,中性盘
215,09:43:03,17.99,0.0,6,10794,买盘
216,09:43:06,17.99,0.0,18,32377,买盘
217,09:43:09,17.98,-0.01,136,244661,卖盘
218,09:43:15,17.98,0.0,117,210199,买盘
219,09:43:18,17.97,-0.01,23,41331,中性盘
220,09:43:21,17.98,0.01,48,86242,买盘
221,09:43:24,17.96,-0.02,74,132896,卖盘
222,09:43:27,17.96,0.0,18,32328,卖盘
223,09:43:30,17.95,-0.01,41,73617,卖盘
224,09:43:33,17.96,0.01,47,84412,买盘
225,09:43:36,17.95,-0.01,68,122096,卖盘
226,09:43:39,17.96,0.01,70,125665,买盘
227,09:43:42,17.95,-0.01,62,111290,买盘
228,09:43:46,17.95,0.0,20,35900,买盘
229,09:43:48,17.96,0.01,99,177705,买盘
230,09:43:51,17.95,-0.01,65,116671,卖盘
231,09:43:54,17.94,-0.01,210,376548,卖盘
232,09:43:57,17.95,0.01,1,1795,中性盘
233,09:44:00,17.95,0.0,30,53850,卖盘
234,09:44:04,17.94,-0.01,13,23327,卖盘
235,09:44:09,17.94,0.0,2,3588,卖盘
236,09:44:12,17.94,0.0,23,41276,卖盘
237,09:44:15,17.94,0.0,147,263889,卖盘
238,09:44:18,17.94,0.0,15,26910,买盘
239,09:44:21,17.94,0.0,44,78945,买盘
240,09:44:24,17.93,-0.01,47,84313,卖盘
241,09:44:27,17.94,0.01,3,5382,中性盘
242,09:44:30,17.94,0.0,4,7176,卖盘
243,09:44:37,17.95,0.01,2,3590,买盘
244,09:44:39,17.94,-0.01,3,5382,卖盘
245,09:44:42,17.93,-0.01,22,39460,卖盘
246,09:44:48,17.95,0.02,20,35900,买盘
247,09:44:54,17.95,0.0,59,105905,买盘
248,09:44:57,17.95,0.0,5,8976,卖盘
249,09:45:00,17.95,0.0,23,41285,卖盘
250,09:45:03,17.96,0.01,20,35910,买盘
251,09:45:06,17.95,-0.01,42,75407,卖盘
252,09:45:09,17.95,0.0,16,28747,卖盘
253,09:45:13,17.96,0.01,34,61064,中性盘
254,09:45:15,17.97,0.01,5,8983,买盘
255,09:45:18,17.96,-0.01,4,7184,买盘
256,09:45:21,17.97,0.01,12,21562,买盘
257,09:45:24,17.95,-0.02,46,82614,卖盘
258,09:45:27,17.96,0.01,18,32328,买盘
259,09:45:33,17.96,0.0,46,82596,买盘
260,09:45:36,17.95,-0.01,17,30526,卖盘
261,09:45:39,17.99,0.04,81,145611,买盘
262,09:45:45,17.97,-0.02,5,8985,买盘
263,09:45:51,17.96,-0.01,49,88032,卖盘
264,09:45:57,17.96,0.0,4,7193,卖盘
265,09:46:00,17.98,0.02,10,17976,买盘
266,09:46:04,17.98,0.0,4,7189,买盘
267,09:46:06,17.97,-0.01,20,35957,卖盘
268,09:46:09,17.98,0.01,45,80868,买盘
269,09:46:12,17.98,0.0,72,129456,买盘
270,09:46:18,18.0,0.02,69,124184,买盘
271,09:46:24,17.98,-0.02,5,8990,卖盘
272,09:46:27,17.99,0.01,38,68362,买盘
273,09:46:33,18.0,0.01,54,97200,买盘
274,09:46:36,17.99,-0.01,100,179978,卖盘
275,09:46:39,18.02,0.03,7,12605,买盘
276,09:46:42,18.02,0.0,11,19804,买盘
277,09:46:45,17.99,-0.03,20,35982,卖盘
278,09:46:51,18.0,0.01,68,122400,卖盘
279,09:46:57,18.0,0.0,100,180026,卖盘
280,09:47:06,18.04,0.04,57,102723,买盘
281,09:47:09,18.02,-0.02,1,1802,中性盘
282,09:47:12,18.01,-0.01,6,10806,卖盘
283,09:47:15,18.0,-0.01,32,57603,卖盘
284,09:47:18,18.0,0.0,77,138623,买盘
285,09:47:21,18.01,0.01,13,23413,卖盘
286,09:47:30,18.01,0.0,2,3602,卖盘
287,09:47:33,18.01,0.0,63,113473,卖盘
288,09:47:36,18.01,0.0,201,362130,卖盘
289,09:47:39,18.02,0.01,25,45050,卖盘
290,09:47:42,18.01,-0.01,11,19818,卖盘
291,09:47:45,18.01,0.0,8,14408,买盘
292,09:47:48,18.01,0.0,4,7204,买盘
293,09:47:54,18.01,0.0,6,10806,买盘
294,09:47:57,18.0,-0.01,118,212400,卖盘
295,09:48:00,18.01,0.01,26,46810,买盘
296,09:48:04,18.0,-0.01,1,1800,卖盘
297,09:48:12,17.99,-0.01,7,12593,卖盘
298,09:48:15,18.0,0.01,1,1800,买盘
299,09:48:18,18.0,0.0,5,9000,买盘
300,09:48:24,17.99,-0.01,51,91749,卖盘
301,09:48:27,18.0,0.01,173,311372,买盘
302,09:48:30,17.98,-0.02,11,19778,卖盘
303,09:48:33,18.0,0.02,12,21592,买盘
304,09:48:39,18.0,0.0,27,48600,卖盘
305,09:48:43,18.02,0.02,150,269977,买盘
306,09:48:45,18.02,0.0,3,5406,卖盘
307,09:48:48,18.02,0.0,17,30641,卖盘
308,09:48:51,18.02,0.0,42,75684,卖盘
309,09:48:57,18.02,0.0,55,99111,卖盘
310,09:49:06,18.03,0.01,15,27045,买盘
311,09:49:09,18.03,0.0,30,54061,买盘
312,09:49:18,18.03,0.0,23,41455,买盘
313,09:49:21,18.03,0.0,5,9015,买盘
314,09:49:24,18.03,0.0,15,27045,买盘
315,09:49:27,18.02,-0.01,150,270385,卖盘
316,09:49:39,18.03,0.01,134,241524,卖盘
317,09:49:42,18.02,-0.01,32,57678,卖盘
318,09:49:45,18.03,0.01,5,9015,买盘
319,09:49:48,18.03,0.0,33,59499,买盘
320,09:49:51,18.02,-0.01,5,9010,卖盘
321,09:49:57,18.03,0.01,21,37863,买盘
322,09:50:06,18.02,-0.01,29,52258,卖盘
323,09:50:09,18.03,0.01,178,320829,买盘
324,09:50:12,18.03,0.0,11,19823,买盘
325,09:50:15,18.0,-0.03,93,167514,卖盘
326,09:50:18,18.0,0.0,1,1800,买盘
327,09:50:21,17.99,-0.01,10,17990,卖盘
328,09:50:24,18.0,0.01,4,7200,买盘
329,09:50:27,18.0,0.0,7,12600,买盘
330,09:50:30,18.0,0.0,15,26990,买盘
331,09:50:33,18.0,0.0,2,3600,买盘
332,09:50:36,18.0,0.0,27,48557,买盘
333,09:50:39,17.98,-0.02,3,5394,卖盘
334,09:50:54,17.98,0.0,37,66558,卖盘
335,09:51:00,17.98,0.0,11,19778,卖盘
336,09:51:04,17.99,0.01,7,12593,买盘
337,09:51:06,17.98,-0.01,5,8990,卖盘
338,09:51:09,17.98,0.0,97,174406,卖盘
339,09:51:15,17.98,0.0,1,1798,买盘
340,09:51:18,17.98,0.0,19,34162,买盘
341,09:51:21,17.97,-0.01,32,57531,卖盘
342,09:51:25,17.98,0.01,174,312850,买盘
343,09:51:27,17.97,-0.01,129,231841,卖盘
344,09:51:30,17.98,0.01,14,25172,买盘
345,09:51:33,17.97,-0.01,21,37753,卖盘
346,09:51:36,17.98,0.01,12,21576,买盘
347,09:51:39,17.97,-0.01,11,19776,卖盘
348,09:51:42,17.97,0.0,11,19776,卖盘
349,09:51:45,17.97,0.0,108,194203,卖盘
350,09:51:48,17.97,0.0,60,107829,买盘
351,09:51:51,17.97,0.0,12,21564,买盘
352,09:51:54,17.97,0.0,26,46722,买盘
353,09:51:57,17.97,0.0,15,26955,买盘
354,09:52:00,18.0,0.03,42,75498,买盘
355,09:52:03,17.97,-0.03,34,61197,卖盘
356,09:52:06,18.0,0.03,3,5400,买盘
357,09:52:09,18.02,0.02,102,183684,买盘
358,09:52:12,18.02,0.0,3,5406,买盘
359,09:52:18,18.02,0.0,5,9010,买盘
360,09:52:21,18.03,0.01,111,200070,买盘
361,09:52:24,18.02,-0.01,3,5407,中性盘
362,09:52:27,18.04,0.02,57,102812,买盘
363,09:52:36,18.03,-0.01,3,5409,卖盘
364,09:52:39,18.01,-0.02,6,10814,卖盘
365,09:52:42,18.04,0.03,21,37866,买盘
366,09:52:45,18.04,0.0,13,23441,买盘
367,09:52:48,18.04,0.0,7,12628,买盘
368,09:52:51,18.05,0.01,128,231032,买盘
369,09:52:54,18.05,0.0,10,18050,卖盘
370,09:53:06,18.08,0.03,154,278432,买盘
371,09:53:18,18.09,0.01,18,32562,买盘
372,09:53:30,18.09,0.0,20,36180,买盘
373,09:53:33,18.09,0.0,7,12663,买盘
374,09:53:39,18.09,0.0,24,43426,卖盘
375,09:53:42,18.1,0.01,57,103160,买盘
376,09:53:48,18.1,0.0,5,9050,卖盘
377,09:53:51,18.1,0.0,3,5430,卖盘
378,09:54:00,18.13,0.03,50,90611,买盘
379,09:54:03,18.1,-0.03,20,36206,卖盘
380,09:54:12,18.14,0.04,58,105203,买盘
381,09:54:15,18.14,0.0,1,1814,买盘
382,09:54:18,18.13,-0.01,10,18130,卖盘
383,09:54:21,18.14,0.01,10,18140,买盘
384,09:54:24,18.15,0.01,58,105239,买盘
385,09:54:33,18.15,0.0,60,108810,买盘
386,09:54:39,18.15,0.0,40,72600,买盘
387,09:54:42,18.16,0.01,5,9080,买盘
388,09:54:48,18.16,0.0,35,63560,卖盘
389,09:54:54,18.19,0.03,56,101814,买盘
390,09:55:04,18.19,0.0,79,143737,买盘
391,09:55:06,18.19,0.0,10,18190,卖盘
392,09:55:12,18.22,0.03,18,32796,买盘
393,09:55:19,18.19,-0.03,48,87333,卖盘
394,09:55:22,18.22,0.03,29,52807,买盘
395,09:55:24,18.22,0.0,54,98384,买盘
396,09:55:27,18.18,-0.04,13,23682,卖盘
397,09:55:30,18.18,0.0,7,12726,买盘
398,09:55:33,18.16,-0.02,170,309319,卖盘
399,09:55:36,18.16,0.0,5,9080,买盘
400,09:55:39,18.15,-0.01,4,7264,卖盘
401,09:55:45,18.16,0.01,64,116224,卖盘
402,09:55:54,18.16,0.0,60,109110,卖盘
403,09:55:57,18.16,0.0,5,9080,卖盘
404,09:56:06,18.2,0.04,94,170822,买盘
405,09:56:09,18.16,-0.04,2,3632,卖盘
406,09:56:28,18.16,0.0,3,5448,买盘
407,09:56:33,18.15,-0.01,1,1815,卖盘
408,09:56:36,18.15,0.0,80,145200,卖盘
409,09:56:39,18.12,-0.03,3,5436,卖盘
410,09:56:45,18.16,0.04,10,18152,买盘
411,09:56:54,18.19,0.03,150,272704,买盘
412,09:57:06,18.13,-0.06,60,108780,卖盘
413,09:57:09,18.17,0.04,7,12719,买盘
414,09:57:24,18.16,-0.01,24,43584,卖盘
415,09:57:27,18.16,0.0,128,232448,卖盘
416,09:57:30,18.16,0.0,74,134381,买盘
417,09:57:37,18.16,0.0,1,1816,买盘
418,09:57:39,18.16,0.0,4,7258,买盘
419,09:57:42,18.13,-0.03,3,5439,卖盘
420,09:57:51,18.14,0.01,60,108840,卖盘
421,09:57:57,18.14,0.0,2,3628,卖盘
422,09:58:06,18.14,0.0,147,266609,卖盘
423,09:58:18,18.12,-0.02,36,65232,卖盘
424,09:58:21,18.1,-0.02,199,360206,卖盘
425,09:58:24,18.1,0.0,1,1810,买盘
426,09:58:33,18.11,0.01,20,36220,卖盘
427,09:58:39,18.07,-0.04,3,5423,卖盘
428,09:58:42,18.1,0.03,70,126700,买盘
429,09:58:49,18.09,-0.01,18,32562,卖盘
430,09:58:52,18.09,0.0,4,7236,买盘
431,09:58:54,18.09,0.0,1,1809,买盘
432,09:58:57,18.08,-0.01,4,7232,中性盘
433,09:59:00,18.07,-0.01,19,34333,卖盘
434,09:59:04,18.08,0.01,1,1808,买盘
435,09:59:06,18.09,0.01,73,132057,买盘
436,09:59:18,18.09,0.0,6,10854,买盘
437,09:59:21,18.07,-0.02,8,14456,卖盘
438,09:59:33,18.08,0.01,60,108480,买盘
439,09:59:36,18.07,-0.01,36,65060,卖盘
440,09:59:39,18.07,0.0,1,1807,买盘
441,09:59:42,18.07,0.0,6,10839,买盘
442,09:59:45,18.07,0.0,12,21684,买盘
443,09:59:49,18.07,0.0,8,14456,买盘
444,09:59:51,18.06,-0.01,68,122872,卖盘
445,10:00:12,18.07,0.01,6,10842,买盘
446,10:00:16,18.07,0.0,28,50579,买盘
447,10:00:18,18.06,-0.01,62,111975,卖盘
448,10:00:22,18.06,0.0,6,10836,买盘
449,10:00:24,18.06,0.0,9,16254,买盘
450,10:00:27,18.06,0.0,17,30702,买盘
451,10:00:31,18.05,-0.01,20,36119,卖盘
452,10:00:33,18.05,0.0,164,296031,卖盘
453,10:00:39,18.07,0.02,100,180700,买盘
454,10:00:42,18.05,-0.02,2,3611,卖盘
455,10:00:48,18.07,0.02,22,39743,买盘
456,10:00:51,18.07,0.0,2,3614,卖盘
457,10:00:57,18.07,0.0,33,59631,卖盘
458,10:01:00,18.07,0.0,9,16271,卖盘
459,10:01:06,18.07,0.0,3,5421,卖盘
460,10:01:09,18.1,0.03,50,90454,买盘
461,10:01:15,18.09,-0.01,30,54270,卖盘
462,10:01:19,18.1,0.01,9,16290,买盘
463,10:01:21,18.1,0.0,8,14480,买盘
464,10:01:24,18.1,0.0,34,61540,买盘
465,10:01:30,18.09,-0.01,48,86841,卖盘
466,10:01:33,18.11,0.02,9,16295,买盘
467,10:01:42,18.1,-0.01,38,68780,卖盘
468,10:01:48,18.11,0.01,9,16299,买盘
469,10:01:52,18.11,0.0,28,50708,卖盘
470,10:01:57,18.11,0.0,79,143069,卖盘
471,10:02:00,18.12,0.01,2,3624,买盘
472,10:02:06,18.12,0.0,68,123216,买盘
473,10:02:12,18.11,-0.01,35,63392,卖盘
474,10:02:24,18.13,0.02,16,29008,买盘
475,10:02:27,18.11,-0.02,24,43464,卖盘
476,10:02:31,18.11,0.0,13,23543,买盘
477,10:02:42,18.11,0.0,59,106849,卖盘
478,10:02:57,18.09,-0.02,5,9045,卖盘
479,10:03:01,18.11,0.02,60,108660,买盘
480,10:03:06,18.09,-0.02,10,18090,卖盘
481,10:03:13,18.11,0.02,87,157451,买盘
482,10:03:24,18.11,0.0,50,90550,卖盘
483,10:03:30,18.13,0.02,5,9065,买盘
484,10:03:39,18.11,-0.02,50,90550,卖盘
485,10:03:42,18.12,0.01,6,10876,中性盘
486,10:03:48,18.13,0.01,43,77959,买盘
487,10:03:54,18.11,-0.02,150,271707,卖盘
488,10:04:00,18.13,0.02,12,21756,卖盘
489,10:04:09,18.14,0.01,3,5442,买盘
490,10:04:18,18.14,0.0,1,1814,买盘
491,10:04:22,18.13,-0.01,38,68922,卖盘
492,10:04:25,18.14,0.01,104,188588,买盘
493,10:04:27,18.14,0.0,4,7256,卖盘
494,10:04:33,18.14,0.0,15,27210,卖盘
495,10:04:36,18.15,0.01,11,19965,买盘
496,10:04:39,18.14,-0.01,71,128794,卖盘
497,10:04:42,18.12,-0.02,3,5436,卖盘
498,10:04:51,18.13,0.01,16,29008,卖盘
499,10:04:54,18.13,0.0,105,190446,卖盘
500,10:05:00,18.16,0.03,30,54450,买盘
501,10:05:13,18.16,0.0,32,58112,买盘
502,10:05:16,18.16,0.0,120,217663,买盘
503,10:05:21,18.16,0.0,35,63560,买盘
504,10:05:36,18.13,-0.03,100,181380,卖盘
505,10:05:39,18.15,0.02,7,12703,买盘
506,10:05:42,18.13,-0.02,19,34481,卖盘
507,10:05:54,18.14,0.01,64,116106,卖盘
508,10:05:57,18.13,-0.01,48,87040,卖盘
509,10:06:03,18.13,0.0,3,5439,买盘
510,10:06:12,18.12,-0.01,4,7248,卖盘
511,10:06:18,18.11,-0.01,17,30795,卖盘
512,10:06:24,18.13,0.02,17,30821,买盘
513,10:06:27,18.16,0.03,94,170664,买盘
514,10:06:33,18.13,-0.03,11,19943,卖盘
515,10:06:42,18.12,-0.01,31,56154,买盘
516,10:06:45,18.12,0.0,28,50726,买盘
517,10:06:48,18.12,0.0,15,27173,买盘
518,10:06:51,18.12,0.0,64,115968,卖盘
519,10:06:54,18.12,0.0,1,1812,卖盘
520,10:07:00,18.12,0.0,2,3624,卖盘
521,10:07:06,18.11,-0.01,108,195673,卖盘
522,10:07:09,18.11,0.0,18,32594,买盘
523,10:07:12,18.16,0.05,64,116207,买盘
524,10:07:22,18.1,-0.06,68,123141,卖盘
525,10:07:24,18.16,0.06,5,9068,买盘
526,10:07:33,18.1,-0.06,4,7240,卖盘
527,10:07:36,18.1,0.0,6,10860,买盘
528,10:07:45,18.1,0.0,2,3620,卖盘
529,10:07:51,18.11,0.01,3,5433,卖盘
530,10:07:57,18.11,0.0,3,5433,卖盘
531,10:08:09,18.11,0.0,3,5433,卖盘
532,10:08:12,18.11,0.0,61,110471,卖盘
533,10:08:15,18.11,0.0,41,74251,买盘
534,10:08:27,18.1,-0.01,35,63381,卖盘
535,10:08:39,18.1,0.0,2,3620,卖盘
536,10:08:45,18.1,0.0,10,18103,卖盘
537,10:08:48,18.1,0.0,46,83257,买盘
538,10:08:51,18.11,0.01,2,3622,买盘
539,10:09:01,18.1,-0.01,27,48870,卖盘
540,10:09:04,18.08,-0.02,200,361609,卖盘
541,10:09:27,18.08,0.0,3,5424,卖盘
542,10:09:30,18.08,0.0,42,75936,卖盘
543,10:09:39,18.08,0.0,1,1808,买盘
544,10:09:42,18.06,-0.02,29,52383,卖盘
545,10:09:45,18.06,0.0,10,18060,卖盘
546,10:09:48,18.06,0.0,18,32505,买盘
547,10:09:54,18.06,0.0,13,23479,卖盘
548,10:09:57,18.05,-0.01,219,395418,卖盘
549,10:10:03,18.04,-0.01,25,45113,卖盘
550,10:10:06,18.04,0.0,10,18040,卖盘
551,10:10:10,18.04,0.0,13,23452,卖盘
552,10:10:15,18.05,0.01,26,46905,买盘
553,10:10:27,18.05,0.0,1,1805,中性盘
554,10:10:30,18.07,0.02,7,12646,买盘
555,10:10:36,18.05,-0.02,6,10830,卖盘
556,10:10:48,18.06,0.01,2,3612,中性盘
557,10:10:54,18.07,0.01,52,93964,买盘
558,10:10:57,18.07,0.0,1,1807,买盘
559,10:11:00,18.07,0.0,1,1807,买盘
560,10:11:03,18.07,0.0,2,3614,买盘
561,10:11:06,18.07,0.0,3,5421,买盘
562,10:11:15,18.07,0.0,1,1807,卖盘
563,10:11:19,18.07,0.0,12,21684,卖盘
564,10:11:24,18.07,0.0,1,1807,买盘
565,10:11:27,18.06,-0.01,2,3613,卖盘
566,10:11:30,18.06,0.0,37,66823,卖盘
567,10:11:33,18.06,0.0,2,3612,买盘
568,10:11:36,18.06,0.0,11,19866,卖盘
569,10:11:39,18.06,0.0,37,66822,买盘
570,10:11:42,18.07,0.01,1,1807,买盘
571,10:11:45,18.07,0.0,15,27105,买盘
572,10:11:48,18.06,-0.01,10,18070,卖盘
573,10:11:51,18.08,0.02,26,47008,买盘
574,10:11:54,18.08,0.0,21,37954,买盘
575,10:11:57,18.08,0.0,8,14464,买盘
576,10:12:00,18.1,0.02,6,10860,买盘
577,10:12:04,18.1,0.0,2,3620,买盘
578,10:12:06,18.08,-0.02,12,21702,卖盘
579,10:12:24,18.1,0.02,20,36200,买盘
580,10:12:31,18.08,-0.02,100,180805,卖盘
581,10:12:39,18.09,0.01,49,88641,卖盘
582,10:12:42,18.08,-0.01,2,3616,买盘
583,10:12:45,18.07,-0.01,3,5421,卖盘
584,10:13:09,18.08,0.01,18,32544,买盘
585,10:13:15,18.08,0.0,5,9040,买盘
586,10:13:27,18.07,-0.01,5,9035,卖盘
587,10:13:30,18.08,0.01,9,16272,买盘
588,10:13:33,18.07,-0.01,50,90353,卖盘
589,10:13:48,18.09,0.02,4,7234,买盘
590,10:13:51,18.09,0.0,4,7236,买盘
591,10:13:55,18.08,-0.01,30,54240,卖盘
592,10:14:18,18.08,0.0,74,133792,卖盘
593,10:14:42,18.08,0.0,5,9040,买盘
594,10:14:48,18.07,-0.01,13,23496,卖盘
595,10:14:51,18.08,0.01,5,9040,买盘
596,10:14:54,18.08,0.0,1,1808,买盘
597,10:15:04,18.07,-0.01,5,9035,卖盘
598,10:15:12,18.07,0.0,5,9035,卖盘
599,10:15:15,18.07,0.0,5,9035,卖盘
600,10:15:24,18.08,0.01,50,90400,买盘
601,10:15:42,18.08,0.0,1,1808,买盘
602,10:15:45,18.08,0.0,12,21694,买盘
603,10:15:48,18.07,-0.01,3,5421,卖盘
604,10:15:52,18.08,0.01,20,36160,买盘
605,10:16:00,18.09,0.01,30,54270,买盘
606,10:16:06,18.09,0.0,17,30751,买盘
607,10:16:18,18.1,0.01,30,54300,买盘
608,10:16:21,18.1,0.0,1,1810,买盘
609,10:16:31,18.1,0.0,7,12670,买盘
610,10:16:42,18.1,0.0,8,14473,买盘
611,10:16:48,18.09,-0.01,2,3618,卖盘
612,10:16:51,18.1,0.01,8,14480,买盘
613,10:16:54,18.1,0.0,2,3620,卖盘
614,10:17:00,18.1,0.0,24,43440,卖盘
615,10:17:04,18.11,0.01,3,5433,买盘
616,10:17:15,18.11,0.0,10,18110,买盘
617,10:17:27,18.12,0.01,4,7248,买盘
618,10:17:43,18.11,-0.01,110,199210,卖盘
619,10:17:46,18.12,0.01,7,12684,买盘
620,10:17:48,18.12,0.0,7,12684,买盘
621,10:17:51,18.11,-0.01,3,5433,卖盘
622,10:17:54,18.12,0.01,3,5436,买盘
623,10:17:57,18.12,0.0,17,30804,买盘
624,10:18:00,18.13,0.01,34,61613,买盘
625,10:18:03,18.13,0.0,1,1813,买盘
626,10:18:15,18.12,-0.01,47,85176,卖盘
627,10:18:28,18.12,0.0,209,378718,卖盘
628,10:18:34,18.12,0.0,15,27175,买盘
629,10:18:39,18.11,-0.01,29,52519,卖盘
630,10:18:48,18.12,0.01,24,43485,买盘
631,10:18:54,18.12,0.0,61,110532,买盘
632,10:18:57,18.12,0.0,20,36240,卖盘
633,10:19:00,18.12,0.0,23,41676,卖盘
634,10:19:15,18.14,0.02,4,7256,买盘
635,10:19:18,18.12,-0.02,10,18120,卖盘
636,10:19:22,18.14,0.02,2,3628,买盘
637,10:19:51,18.15,0.01,112,203230,买盘
638,10:19:54,18.12,-0.03,19,34428,卖盘
639,10:20:00,18.15,0.03,4,7260,买盘
640,10:20:12,18.13,-0.02,5,9065,卖盘
641,10:20:18,18.15,0.02,4,7260,买盘
642,10:20:28,18.15,0.0,4,7260,买盘
643,10:20:30,18.15,0.0,48,87120,买盘
644,10:20:33,18.15,0.0,2,3630,买盘
645,10:20:42,18.15,0.0,14,25410,卖盘
646,10:20:49,18.15,0.0,4,7257,买盘
647,10:20:51,18.15,0.0,150,272250,买盘
648,10:20:54,18.15,0.0,163,295917,卖盘
649,10:20:57,18.16,0.01,74,134384,买盘
650,10:21:00,18.16,0.0,7,12712,买盘
651,10:21:12,18.16,0.0,1,1816,买盘
652,10:21:27,18.16,0.0,5,9080,买盘
653,10:21:30,18.16,0.0,30,54480,买盘
654,10:21:42,18.15,-0.01,10,18150,卖盘
655,10:21:48,18.17,0.02,71,129005,买盘
656,10:21:51,18.17,0.0,9,16347,买盘
657,10:22:06,18.17,0.0,10,18170,买盘
658,10:22:30,18.16,-0.01,10,18160,买盘
659,10:22:33,18.16,0.0,2,3632,买盘
660,10:22:42,18.15,-0.01,12,21790,卖盘
661,10:22:48,18.17,0.02,75,136262,买盘
662,10:22:51,18.16,-0.01,2,3632,卖盘
663,10:22:54,18.17,0.01,32,58144,买盘
664,10:22:57,18.17,0.0,18,32706,卖盘
665,10:23:06,18.18,0.01,298,541762,买盘
666,10:23:09,18.17,-0.01,13,23629,卖盘
667,10:23:15,18.17,0.0,8,14536,卖盘
668,10:23:18,18.17,0.0,10,18170,卖盘
669,10:23:36,18.16,-0.01,224,406831,卖盘
670,10:23:48,18.15,-0.01,225,408440,卖盘
671,10:23:52,18.15,0.0,53,96195,卖盘
672,10:23:57,18.19,0.04,100,181858,买盘
673,10:24:04,18.19,0.0,200,363734,买盘
674,10:24:16,18.19,0.0,120,218280,买盘
675,10:24:19,18.19,0.0,43,78217,买盘
676,10:24:24,18.19,0.0,219,398361,卖盘
677,10:24:30,18.19,0.0,1,1819,卖盘
678,10:24:42,18.19,0.0,2,3638,卖盘
679,10:24:45,18.2,0.01,7,12740,买盘
680,10:24:51,18.19,-0.01,3,5457,卖盘
681,10:24:54,18.2,0.01,39,70975,买盘
682,10:24:57,18.2,0.0,19,34580,买盘
683,10:25:00,18.2,0.0,2,3640,买盘
684,10:25:04,18.2,0.0,2,3640,买盘
685,10:25:06,18.2,0.0,58,105560,买盘
686,10:25:09,18.2,0.0,2,3640,卖盘
687,10:25:12,18.22,0.02,180,327960,买盘
688,10:25:18,18.25,0.03,72,131364,买盘
689,10:25:21,18.23,-0.02,47,85681,卖盘
690,10:25:27,18.23,0.0,1,1823,买盘
691,10:25:33,18.23,0.0,1,1823,买盘
692,10:25:36,18.23,0.0,13,23699,买盘
693,10:25:39,18.23,0.0,9,16407,买盘
694,10:25:45,18.24,0.01,9,16416,卖盘
695,10:25:48,18.24,0.0,3,5472,卖盘
696,10:25:51,18.22,-0.02,2,3644,卖盘
697,10:25:57,18.24,0.02,3,5472,买盘
698,10:26:00,18.24,0.0,1,1824,买盘
699,10:26:04,18.24,0.0,7,12768,买盘
700,10:26:06,18.25,0.01,5,9121,买盘
701,10:26:12,18.24,-0.01,11,20064,卖盘
702,10:26:15,18.24,0.0,6,10944,卖盘
703,10:26:19,18.24,0.0,21,38304,卖盘
704,10:26:27,18.24,0.0,1,1824,买盘
705,10:26:39,18.24,0.0,10,18240,买盘
706,10:26:42,18.23,-0.01,1,1823,卖盘
707,10:26:45,18.23,0.0,9,16407,卖盘
708,10:26:51,18.22,-0.01,3,5466,卖盘
709,10:26:54,18.22,0.0,43,78346,卖盘
710,10:26:57,18.22,0.0,20,36440,买盘
711,10:27:03,18.2,-0.02,10,18200,卖盘
712,10:27:12,18.2,0.0,10,18200,卖盘
713,10:27:15,18.2,0.0,4,7280,买盘
714,10:27:18,18.22,0.02,10,18208,买盘
715,10:27:21,18.2,-0.02,2,3640,中性盘
716,10:27:24,18.2,0.0,2,3640,买盘
717,10:27:30,18.19,-0.01,11,20010,卖盘
718,10:27:36,18.2,0.01,14,25470,买盘
719,10:27:42,18.19,-0.01,8,14549,买盘
720,10:27:52,18.19,0.0,3,5457,买盘
721,10:27:54,18.18,-0.01,3,5454,卖盘
722,10:27:57,18.19,0.01,10,18190,买盘
723,10:28:06,18.19,0.0,25,45469,买盘
724,10:28:12,18.19,0.0,12,21828,买盘
725,10:28:15,18.19,0.0,24,43656,买盘
726,10:28:36,18.18,-0.01,65,118238,卖盘
727,10:28:48,18.23,0.05,51,92937,买盘
728,10:28:54,18.2,-0.03,2,3640,卖盘
729,10:29:03,18.23,0.03,100,182300,买盘
730,10:29:21,18.23,0.0,11,20053,买盘
731,10:29:24,18.23,0.0,19,34637,买盘
732,10:29:37,18.23,0.0,117,213281,买盘
733,10:29:45,18.23,0.0,58,105734,卖盘
734,10:29:51,18.2,-0.03,3,5460,卖盘
735,10:29:57,18.24,0.04,100,182351,买盘
736,10:30:09,18.24,0.0,16,29184,买盘
737,10:30:12,18.24,0.0,1,1824,买盘
738,10:30:21,18.24,0.0,3,5472,买盘
739,10:30:30,18.23,-0.01,7,12761,买盘
740,10:30:33,18.23,0.0,12,21876,买盘
741,10:30:36,18.24,0.01,3,5472,买盘
742,10:30:43,18.24,0.0,9,16416,买盘
743,10:30:45,18.24,0.0,1,1824,买盘
744,10:30:48,18.24,0.0,3,5472,买盘
745,10:30:51,18.23,-0.01,3,5469,卖盘
746,10:30:57,18.24,0.01,21,38304,买盘
747,10:31:09,18.23,-0.01,4,7292,卖盘
748,10:31:21,18.24,0.01,10,18240,买盘
749,10:31:30,18.24,0.0,15,27360,买盘
750,10:31:33,18.23,-0.01,10,18230,卖盘
751,10:31:42,18.23,0.0,5,9115,卖盘
752,10:31:46,18.23,0.0,7,12761,卖盘
753,10:31:48,18.23,0.0,2,3646,卖盘
754,10:31:52,18.23,0.0,47,85681,卖盘
755,10:31:54,18.23,0.0,2,3646,卖盘
756,10:31:57,18.24,0.01,1,1824,买盘
757,10:32:00,18.23,-0.01,73,133079,卖盘
758,10:32:04,18.23,0.0,4,7292,卖盘
759,10:32:09,18.23,0.0,29,52867,卖盘
760,10:32:15,18.22,-0.01,30,54660,卖盘
761,10:32:24,18.23,0.01,6,10938,买盘
762,10:32:27,18.22,-0.01,63,114786,卖盘
763,10:32:36,18.21,-0.01,3,5463,卖盘
764,10:32:42,18.21,0.0,7,12747,卖盘
765,10:32:45,18.22,0.01,7,12753,买盘
766,10:32:48,18.21,-0.01,1,1821,买盘
767,10:32:51,18.2,-0.01,3,5460,卖盘
768,10:33:00,18.2,0.0,10,18200,卖盘
769,10:33:06,18.21,0.01,4,7282,买盘
770,10:33:09,18.2,-0.01,10,18200,卖盘
771,10:33:15,18.2,0.0,5,9100,卖盘
772,10:33:18,18.2,0.0,65,118300,卖盘
773,10:33:24,18.23,0.03,72,131250,买盘
774,10:33:27,18.2,-0.03,7,12740,卖盘
775,10:33:51,18.2,0.0,10,18200,卖盘
776,10:33:54,18.2,0.0,3,5460,卖盘
777,10:33:57,18.2,0.0,6,10920,卖盘
778,10:34:03,18.2,0.0,4,7280,卖盘
779,10:34:12,18.2,0.0,5,9100,卖盘
780,10:34:18,18.2,0.0,60,109200,卖盘
781,10:34:21,18.2,0.0,10,18200,卖盘
782,10:34:39,18.22,0.02,3,5466,买盘
783,10:34:51,18.2,-0.02,2,3640,卖盘
784,10:34:58,18.22,0.02,1,1822,买盘
785,10:35:12,18.2,-0.02,5,9100,卖盘
786,10:35:21,18.2,0.0,5,9100,卖盘
787,10:35:24,18.2,0.0,6,10920,卖盘
788,10:35:33,18.21,0.01,6,10926,买盘
789,10:35:36,18.21,0.0,4,7284,买盘
790,10:35:45,18.2,-0.01,5,9100,卖盘
791,10:35:54,18.2,0.0,3,5460,卖盘
792,10:35:57,18.2,0.0,3,5460,卖盘
793,10:36:00,18.2,0.0,5,9100,卖盘
794,10:36:19,18.23,0.03,75,136640,买盘
795,10:36:21,18.2,-0.03,20,36400,卖盘
796,10:36:27,18.2,0.0,6,10920,卖盘
797,10:36:36,18.2,0.0,1,1820,卖盘
798,10:36:39,18.23,0.03,1,1823,买盘
799,10:36:42,18.2,-0.03,2,3640,卖盘
800,10:36:45,18.2,0.0,2,3640,卖盘
801,10:36:48,18.21,0.01,3,5463,买盘
802,10:36:51,18.2,-0.01,20,36400,卖盘
803,10:36:54,18.2,0.0,57,103740,卖盘
804,10:37:00,18.2,0.0,1,1820,卖盘
805,10:37:13,18.2,0.0,4,7279,买盘
806,10:37:15,18.19,-0.01,4,7276,卖盘
807,10:37:18,18.19,0.0,3,5457,卖盘
808,10:37:27,18.19,0.0,10,18190,卖盘
809,10:37:33,18.19,0.0,67,121873,卖盘
810,10:37:48,18.19,0.0,4,7276,买盘
811,10:37:54,18.18,-0.01,2,3636,卖盘
812,10:38:04,18.17,-0.01,18,32706,卖盘
813,10:38:06,18.18,0.01,10,18180,买盘
814,10:38:12,18.18,0.0,65,118170,卖盘
815,10:38:30,18.17,-0.01,3,5451,卖盘
816,10:38:36,18.16,-0.01,10,18160,卖盘
817,10:38:39,18.17,0.01,9,16353,买盘
818,10:38:51,18.16,-0.01,5,9080,卖盘
819,10:38:54,18.17,0.01,1,1817,买盘
820,10:38:57,18.16,-0.01,2,3632,卖盘
821,10:39:04,18.16,0.0,2,3632,卖盘
822,10:39:09,18.17,0.01,24,43608,买盘
823,10:39:18,18.17,0.0,2,3634,卖盘
824,10:39:30,18.18,0.01,16,29088,买盘
825,10:39:33,18.17,-0.01,34,61778,卖盘
826,10:40:03,18.17,0.0,19,34523,卖盘
827,10:40:06,18.18,0.01,75,136350,买盘
828,10:40:09,18.18,0.0,3,5454,买盘
829,10:40:15,18.17,-0.01,10,18170,卖盘
830,10:40:24,18.17,0.0,87,158156,卖盘
831,10:40:39,18.18,0.01,2,3636,买盘
832,10:40:51,18.17,-0.01,10,18170,卖盘
833,10:41:06,18.18,0.01,27,49086,买盘
834,10:41:18,18.19,0.01,1,1819,买盘
835,10:41:21,18.19,0.0,7,12733,买盘
836,10:41:25,18.19,0.0,2,3638,买盘
837,10:42:06,18.19,0.0,28,50932,买盘
838,10:42:18,18.19,0.0,12,21830,卖盘
839,10:42:21,18.19,0.0,1,1819,卖盘
840,10:42:36,18.2,0.01,5,9100,买盘
841,10:42:57,18.2,0.0,10,18200,买盘
842,10:43:03,18.23,0.03,88,160398,买盘
843,10:43:06,18.24,0.01,85,155030,买盘
844,10:43:12,18.24,0.0,12,21888,买盘
845,10:43:15,18.23,-0.01,13,23699,卖盘
846,10:43:22,18.23,0.0,10,18230,买盘
847,10:43:42,18.23,0.0,2,3646,买盘
848,10:43:54,18.23,0.0,8,14584,买盘
849,10:44:09,18.23,0.0,6,10938,买盘
850,10:44:12,18.21,-0.02,1,1821,卖盘
851,10:44:18,18.23,0.02,1,1823,买盘
852,10:44:48,18.21,-0.02,3,5463,卖盘
853,10:44:51,18.21,0.0,10,18210,卖盘
854,10:44:54,18.21,0.0,50,91050,卖盘
855,10:45:03,18.21,0.0,11,20031,卖盘
856,10:45:10,18.21,0.0,54,98334,买盘
857,10:45:12,18.22,0.01,5,9110,买盘
858,10:45:18,18.22,0.0,1,1822,买盘
859,10:45:21,18.21,-0.01,13,23677,卖盘
860,10:45:30,18.21,0.0,15,27315,卖盘
861,10:45:33,18.21,0.0,72,131112,买盘
862,10:46:00,18.21,0.0,1,1821,买盘
863,10:46:04,18.2,-0.01,5,9100,卖盘
864,10:46:06,18.21,0.01,18,32778,买盘
865,10:46:18,18.22,0.01,2,3644,买盘
866,10:46:24,18.22,0.0,6,10932,买盘
867,10:46:30,18.22,0.0,1,1822,买盘
868,10:46:33,18.22,0.0,1,1822,买盘
869,10:46:36,18.22,0.0,3,5466,买盘
870,10:46:42,18.21,-0.01,11,20033,卖盘
871,10:46:45,18.23,0.02,2,3646,买盘
872,10:46:51,18.21,-0.02,10,18210,卖盘
873,10:46:57,18.23,0.02,1,1823,买盘
874,10:47:01,18.23,0.0,1,1823,买盘
875,10:47:24,18.22,-0.01,2,3644,卖盘
876,10:47:30,18.23,0.01,46,83858,买盘
877,10:47:45,18.23,0.0,4,7292,卖盘
878,10:47:49,18.23,0.0,31,56513,卖盘
879,10:47:57,18.23,0.0,47,85681,卖盘
880,10:48:06,18.23,0.0,57,103911,买盘
881,10:48:12,18.23,0.0,1,1823,卖盘
882,10:48:15,18.23,0.0,11,20053,卖盘
883,10:48:24,18.23,0.0,19,34637,卖盘
884,10:48:39,18.22,-0.01,8,14576,卖盘
885,10:48:48,18.22,0.0,2,3644,卖盘
886,10:48:52,18.23,0.01,7,12761,买盘
887,10:48:54,18.22,-0.01,1,1822,卖盘
888,10:48:57,18.22,0.0,14,25508,卖盘
889,10:49:06,18.23,0.01,4,7292,买盘
890,10:49:21,18.24,0.01,6,10944,买盘
891,10:49:27,18.24,0.0,2,3648,买盘
892,10:49:33,18.24,0.0,2,3648,买盘
893,10:49:48,18.23,-0.01,6,10938,卖盘
894,10:49:51,18.23,0.0,5,9115,卖盘
895,10:49:58,18.23,0.0,1,1823,卖盘
896,10:50:00,18.24,0.01,16,29184,买盘
897,10:50:06,18.24,0.0,46,83904,买盘
898,10:50:09,18.24,0.0,3,5472,卖盘
899,10:50:12,18.24,0.0,3,5472,卖盘
900,10:50:27,18.24,0.0,102,186048,卖盘
901,10:50:30,18.23,-0.01,4,7292,卖盘
902,10:50:40,18.25,0.02,79,144167,买盘
903,10:50:54,18.25,0.0,4,7300,买盘
904,10:51:00,18.25,0.0,5,9125,买盘
905,10:51:06,18.25,0.0,41,74825,买盘
906,10:51:15,18.25,0.0,4,7300,买盘
907,10:51:18,18.24,-0.01,1,1824,卖盘
908,10:51:24,18.25,0.01,13,23713,买盘
909,10:51:39,18.26,0.01,19,34691,买盘
910,10:52:06,18.27,0.01,20,36540,买盘
911,10:52:36,18.28,0.01,121,221188,买盘
912,10:52:54,18.27,-0.01,1,1827,卖盘
913,10:53:00,18.28,0.01,2,3656,买盘
914,10:53:06,18.28,0.0,10,18280,买盘
915,10:53:09,18.29,0.01,60,109740,买盘
916,10:53:15,18.29,0.0,7,12803,买盘
917,10:53:21,18.28,-0.01,10,18280,卖盘
918,10:53:24,18.29,0.01,57,104253,买盘
919,10:53:36,18.29,0.0,2,3658,买盘
920,10:53:42,18.29,0.0,5,9145,买盘
921,10:53:45,18.29,0.0,9,16461,买盘
922,10:53:51,18.29,0.0,19,34751,买盘
923,10:54:04,18.28,-0.01,15,27420,卖盘
924,10:54:06,18.29,0.01,41,74989,买盘
925,10:54:09,18.29,0.0,5,9145,卖盘
926,10:54:45,18.3,0.01,122,223260,买盘
927,10:54:48,18.3,0.0,23,42090,买盘
928,10:54:54,18.31,0.01,77,140987,买盘
929,10:55:06,18.32,0.01,1,1832,中性盘
930,10:55:09,18.32,0.0,4,7328,卖盘
931,10:55:12,18.32,0.0,1,1832,卖盘
932,10:55:15,18.32,0.0,14,25648,卖盘
933,10:55:18,18.33,0.01,20,36660,买盘
934,10:55:21,18.33,0.0,4,7332,买盘
935,10:55:24,18.33,0.0,3,5499,买盘
936,10:55:33,18.34,0.01,9,16506,买盘
937,10:55:36,18.33,-0.01,20,36660,卖盘
938,10:55:39,18.34,0.01,10,18340,买盘
939,10:55:45,18.34,0.0,10,18340,买盘
940,10:55:48,18.33,-0.01,21,38513,卖盘
941,10:55:51,18.35,0.02,74,135740,买盘
942,10:56:04,18.37,0.02,34,62434,买盘
943,10:56:06,18.37,0.0,48,88176,买盘
944,10:56:09,18.37,0.0,8,14696,卖盘
945,10:56:12,18.37,0.0,4,7348,卖盘
946,10:56:15,18.38,0.01,10,18380,买盘
947,10:56:18,18.38,0.0,7,12866,买盘
948,10:56:24,18.37,-0.01,15,27555,卖盘
949,10:56:30,18.37,0.0,84,154377,买盘
950,10:56:36,18.37,0.0,26,47762,买盘
951,10:56:42,18.37,0.0,1,1837,卖盘
952,10:56:48,18.37,0.0,40,73480,卖盘
953,10:56:51,18.37,0.0,26,47763,卖盘
954,10:56:57,18.36,-0.01,12,22033,卖盘
955,10:57:00,18.36,0.0,165,302940,卖盘
956,10:57:03,18.34,-0.02,32,58719,卖盘
957,10:57:07,18.35,0.01,28,51377,中性盘
958,10:57:10,18.35,0.0,70,128450,卖盘
959,10:57:13,18.32,-0.03,26,47634,卖盘
960,10:57:15,18.36,0.04,99,181639,买盘
961,10:57:18,18.36,0.0,28,51408,卖盘
962,10:57:22,18.35,-0.01,83,152386,卖盘
963,10:57:24,18.34,-0.01,2,3668,卖盘
964,10:57:27,18.33,-0.01,3,5502,卖盘
965,10:57:30,18.34,0.01,2,3668,卖盘
966,10:57:33,18.34,0.0,1,1834,卖盘
967,10:57:36,18.35,0.01,3,5504,买盘
968,10:57:42,18.34,-0.01,5,9170,买盘
969,10:57:48,18.33,-0.01,10,18330,卖盘
970,10:57:51,18.33,0.0,21,38493,买盘
971,10:57:54,18.32,-0.01,142,260186,卖盘
972,10:57:57,18.32,0.0,24,43991,卖盘
973,10:58:00,18.33,0.01,1,1833,买盘
974,10:58:04,18.32,-0.01,10,18320,卖盘
975,10:58:06,18.33,0.01,5,9165,买盘
976,10:58:12,18.33,0.0,15,27497,卖盘
977,10:58:16,18.33,0.0,10,18331,卖盘
978,10:58:18,18.32,-0.01,168,307848,卖盘
979,10:58:22,18.32,0.0,46,84266,卖盘
980,10:58:24,18.33,0.01,11,20163,买盘
981,10:58:27,18.32,-0.01,3,5496,买盘
982,10:58:30,18.32,0.0,2,3664,买盘
983,10:58:33,18.31,-0.01,32,58592,卖盘
984,10:58:36,18.31,0.0,25,45775,卖盘
985,10:58:42,18.31,0.0,3,5493,买盘
986,10:58:45,18.31,0.0,1,1831,买盘
987,10:58:51,18.3,-0.01,1,1830,卖盘
988,10:58:54,18.31,0.01,2,3662,买盘
989,10:58:57,18.31,0.0,2,3662,买盘
990,10:59:00,18.31,0.0,1,1831,买盘
991,10:59:06,18.31,0.0,8,14648,买盘
992,10:59:09,18.31,0.0,35,64085,买盘
993,10:59:12,18.31,0.0,1,1831,卖盘
994,10:59:15,18.32,0.01,1,1832,买盘
995,10:59:27,18.32,0.0,4,7328,买盘
996,10:59:31,18.32,0.0,7,12824,买盘
997,10:59:39,18.31,-0.01,7,12817,卖盘
998,10:59:45,18.32,0.01,6,10992,买盘
999,10:59:48,18.31,-0.01,50,91550,卖盘
1000,10:59:51,18.31,0.0,26,47606,卖盘
1001,10:59:54,18.31,0.0,27,49437,卖盘
1002,10:59:57,18.3,-0.01,6,10985,卖盘
1003,11:00:00,18.3,0.0,10,18304,卖盘
1004,11:00:03,18.29,-0.01,2,3658,买盘
1005,11:00:09,18.28,-0.01,7,12796,卖盘
1006,11:00:12,18.28,0.0,3,5484,卖盘
1007,11:00:16,18.28,0.0,6,10969,卖盘
1008,11:00:18,18.29,0.01,4,7316,买盘
1009,11:00:30,18.28,-0.01,7,12798,卖盘
1010,11:00:33,18.28,0.0,24,43876,卖盘
1011,11:00:42,18.28,0.0,34,62161,卖盘
1012,11:00:45,18.29,0.01,2,3658,买盘
1013,11:00:48,18.29,0.0,4,7316,买盘
1014,11:00:51,18.28,-0.01,3,5484,卖盘
1015,11:01:00,18.29,0.01,2,3658,买盘
1016,11:01:04,18.29,0.0,3,5487,买盘
1017,11:01:06,18.29,0.0,59,107905,买盘
1018,11:01:12,18.29,0.0,8,14632,卖盘
1019,11:01:15,18.3,0.01,1,1830,买盘
1020,11:01:18,18.3,0.0,4,7320,买盘
1021,11:01:27,18.29,-0.01,3,5487,卖盘
1022,11:01:30,18.3,0.01,2,3660,买盘
1023,11:01:33,18.3,0.0,4,7320,买盘
1024,11:01:36,18.3,0.0,22,40239,买盘
1025,11:01:42,18.3,0.0,10,18300,中性盘
1026,11:01:45,18.31,0.01,2,3662,买盘
1027,11:01:48,18.31,0.0,5,9152,买盘
1028,11:02:00,18.31,0.0,1,1831,买盘
1029,11:02:03,18.31,0.0,5,9155,买盘
1030,11:02:06,18.3,-0.01,10,18300,买盘
1031,11:02:15,18.3,0.0,3,5492,卖盘
1032,11:02:18,18.31,0.01,17,31114,买盘
1033,11:02:21,18.3,-0.01,1,1830,卖盘
1034,11:02:24,18.3,0.0,80,146400,卖盘
1035,11:02:30,18.31,0.01,7,12812,买盘
1036,11:02:33,18.3,-0.01,23,42092,卖盘
1037,11:02:36,18.31,0.01,28,51241,买盘
1038,11:02:42,18.3,-0.01,5,9150,买盘
1039,11:02:45,18.3,0.0,1,1830,买盘
1040,11:02:48,18.3,0.0,1,1830,中性盘
1041,11:02:51,18.3,0.0,1,1830,买盘
1042,11:02:57,18.3,0.0,21,38430,买盘
1043,11:03:04,18.31,0.01,4,7324,买盘
1044,11:03:06,18.31,0.0,87,159259,买盘
1045,11:03:12,18.31,0.0,2,3662,买盘
1046,11:03:15,18.31,0.0,1,1831,买盘
1047,11:03:18,18.31,0.0,16,29274,买盘
1048,11:03:21,18.31,0.0,3,5493,买盘
1049,11:03:25,18.31,0.0,2,3662,买盘
1050,11:03:27,18.31,0.0,16,29296,买盘
1051,11:03:30,18.31,0.0,10,18310,买盘
1052,11:03:33,18.31,0.0,8,14648,买盘
1053,11:03:36,18.31,0.0,3,5493,买盘
1054,11:03:39,18.32,0.01,11,20152,买盘
1055,11:03:48,18.32,0.0,2,3664,买盘
1056,11:03:52,18.32,0.0,4,7328,买盘
1057,11:03:54,18.32,0.0,2,3664,买盘
1058,11:04:04,18.32,0.0,3,5496,买盘
1059,11:04:06,18.31,-0.01,11,20142,中性盘
1060,11:04:09,18.32,0.01,1,1832,买盘
1061,11:04:18,18.32,0.0,3,5496,买盘
1062,11:04:21,18.32,0.0,32,58594,买盘
1063,11:04:24,18.32,0.0,1,1832,买盘
1064,11:04:33,18.32,0.0,2,3664,买盘
1065,11:04:37,18.32,0.0,2,3664,买盘
1066,11:04:40,18.32,0.0,1,1832,买盘
1067,11:04:45,18.32,0.0,15,27480,买盘
1068,11:04:48,18.32,0.0,5,9160,买盘
1069,11:04:52,18.32,0.0,2,3664,买盘
1070,11:04:54,18.32,0.0,1,1832,买盘
1071,11:04:57,18.31,-0.01,2,3662,卖盘
1072,11:05:03,18.32,0.01,3,5496,买盘
1073,11:05:06,18.32,0.0,5,9156,买盘
1074,11:05:09,18.32,0.0,52,95264,买盘
1075,11:05:12,18.33,0.01,7,12831,买盘
1076,11:05:18,18.33,0.0,2,3666,买盘
1077,11:05:24,18.32,-0.01,12,21986,卖盘
1078,11:05:30,18.33,0.01,3,5499,买盘
1079,11:05:33,18.33,0.0,3,5499,买盘
1080,11:05:39,18.33,0.0,2,3666,买盘
1081,11:05:45,18.33,0.0,1,1833,买盘
1082,11:05:48,18.33,0.0,3,5499,买盘
1083,11:05:51,18.32,-0.01,20,36657,卖盘
1084,11:05:54,18.33,0.01,13,23829,买盘
1085,11:05:57,18.32,-0.01,12,21994,卖盘
1086,11:06:00,18.33,0.01,1,1833,买盘
1087,11:06:04,18.33,0.0,2,3666,买盘
1088,11:06:06,18.33,0.0,3,5499,买盘
1089,11:06:09,18.33,0.0,72,131976,买盘
1090,11:06:15,18.34,0.01,2,3668,买盘
1091,11:06:18,18.34,0.0,3,5502,买盘
1092,11:06:30,18.34,0.0,42,77028,买盘
1093,11:06:42,18.35,0.01,87,159645,买盘
1094,11:06:45,18.37,0.02,99,181813,买盘
1095,11:06:48,18.37,0.0,3,5511,卖盘
1096,11:06:51,18.38,0.01,9,16539,买盘
1097,11:06:54,18.35,-0.03,49,90005,卖盘
1098,11:07:04,18.37,0.02,2,3674,买盘
1099,11:07:06,18.37,0.0,61,112053,买盘
1100,11:07:09,18.36,-0.01,31,56940,卖盘
1101,11:07:12,18.36,0.0,3,5508,卖盘
1102,11:07:15,18.35,-0.01,48,88087,卖盘
1103,11:07:21,18.37,0.02,2,3674,买盘
1104,11:07:24,18.37,0.0,3,5511,买盘
1105,11:07:27,18.37,0.0,8,14694,买盘
1106,11:07:36,18.36,-0.01,1,1836,买盘
1107,11:07:39,18.36,0.0,3,5508,买盘
1108,11:07:42,18.36,0.0,2,3672,买盘
1109,11:07:51,18.36,0.0,24,44064,买盘
1110,11:07:54,18.36,0.0,3,5508,买盘
1111,11:07:57,18.36,0.0,1,1836,买盘
1112,11:08:00,18.36,0.0,15,27530,买盘
1113,11:08:06,18.36,0.0,55,100980,买盘
1114,11:08:13,18.37,0.01,1,1837,买盘
1115,11:08:16,18.36,-0.01,24,44064,卖盘
1116,11:08:18,18.36,0.0,26,47736,买盘
1117,11:08:24,18.37,0.01,3,5509,买盘
1118,11:08:27,18.36,-0.01,8,14688,卖盘
1119,11:08:30,18.37,0.01,104,191024,买盘
1120,11:08:42,18.35,-0.02,13,23861,卖盘
1121,11:08:45,18.35,0.0,9,16525,卖盘
1122,11:08:57,18.37,0.02,1,1837,买盘
1123,11:09:00,18.35,-0.02,67,122945,卖盘
1124,11:09:06,18.34,-0.01,96,176139,卖盘
1125,11:09:12,18.33,-0.01,6,11005,卖盘
1126,11:09:16,18.35,0.02,3,5505,买盘
1127,11:09:19,18.35,0.0,1,1835,买盘
1128,11:09:27,18.34,-0.01,2,3668,买盘
1129,11:09:30,18.33,-0.01,53,97152,卖盘
1130,11:09:33,18.34,0.01,1,1834,买盘
1131,11:09:42,18.34,0.0,1,1834,买盘
1132,11:09:45,18.34,0.0,2,3668,买盘
1133,11:09:48,18.34,0.0,2,3668,买盘
1134,11:09:57,18.34,0.0,2,3668,买盘
1135,11:10:00,18.34,0.0,3,5502,买盘
1136,11:10:04,18.34,0.0,1,1834,买盘
1137,11:10:06,18.34,0.0,78,143052,买盘
1138,11:10:09,18.33,-0.01,2,3666,卖盘
1139,11:10:12,18.34,0.01,2,3668,买盘
1140,11:10:19,18.34,0.0,4,7336,买盘
1141,11:10:21,18.33,-0.01,10,18330,卖盘
1142,11:10:27,18.34,0.01,2,3668,买盘
1143,11:10:33,18.34,0.0,11,20169,买盘
1144,11:10:42,18.34,0.0,1,1834,买盘
1145,11:10:45,18.33,-0.01,2,3666,卖盘
1146,11:10:48,18.34,0.01,53,97152,买盘
1147,11:10:54,18.33,-0.01,13,23829,卖盘
1148,11:10:57,18.34,0.01,46,84320,买盘
1149,11:11:00,18.32,-0.02,3,5496,卖盘
1150,11:11:03,18.33,0.01,4,7332,买盘
1151,11:11:12,18.32,-0.01,2,3664,买盘
1152,11:11:15,18.28,-0.04,107,195759,卖盘
1153,11:11:18,18.32,0.04,4,7328,买盘
1154,11:11:28,18.29,-0.03,4,7319,卖盘
1155,11:11:34,18.33,0.04,3,5499,买盘
1156,11:11:36,18.29,-0.04,17,31103,卖盘
1157,11:11:39,18.32,0.03,217,397544,卖盘
1158,11:11:42,18.32,0.0,1,1832,买盘
1159,11:11:48,18.32,0.0,2,3664,买盘
1160,11:11:51,18.3,-0.02,9,16476,卖盘
1161,11:11:54,18.3,0.0,8,14640,卖盘
1162,11:12:00,18.32,0.02,3,5496,买盘
1163,11:12:04,18.32,0.0,1,1832,买盘
1164,11:12:06,18.32,0.0,3,5496,买盘
1165,11:12:12,18.32,0.0,4,7328,买盘
1166,11:12:15,18.32,0.0,2,3664,买盘
1167,11:12:18,18.32,0.0,1,1832,买盘
1168,11:12:21,18.32,0.0,3,5496,买盘
1169,11:12:30,18.32,0.0,1,1832,买盘
1170,11:12:33,18.32,0.0,1,1832,买盘
1171,11:12:36,18.32,0.0,2,3664,买盘
1172,11:12:45,18.32,0.0,2,3664,买盘
1173,11:12:49,18.32,0.0,1,1832,买盘
1174,11:12:51,18.32,0.0,3,5496,买盘
1175,11:13:00,18.32,0.0,2,3664,买盘
1176,11:13:03,18.31,-0.01,8,14649,卖盘
1177,11:13:06,18.32,0.01,8,14651,买盘
1178,11:13:09,18.31,-0.01,129,236274,卖盘
1179,11:13:12,18.32,0.01,1,1832,买盘
1180,11:13:15,18.32,0.0,3,5496,买盘
1181,11:13:18,18.32,0.0,4,7328,买盘
1182,11:13:21,18.32,0.0,2,3664,买盘
1183,11:13:24,18.32,0.0,2,3664,买盘
1184,11:13:27,18.32,0.0,11,20152,买盘
1185,11:13:30,18.32,0.0,14,25636,买盘
1186,11:13:33,18.32,0.0,1,1832,买盘
1187,11:13:36,18.32,0.0,3,5496,买盘
1188,11:13:39,18.32,0.0,29,53101,买盘
1189,11:13:42,18.32,0.0,60,109920,买盘
1190,11:13:45,18.32,0.0,8,14656,买盘
1191,11:13:51,18.31,-0.01,106,194153,卖盘
1192,11:13:54,18.31,0.0,10,18310,买盘
1193,11:14:00,18.31,0.0,2,3662,买盘
1194,11:14:06,18.31,0.0,56,102536,买盘
1195,11:14:09,18.31,0.0,23,42113,买盘
1196,11:14:15,18.31,0.0,1,1831,买盘
1197,11:14:21,18.31,0.0,4,7324,买盘
1198,11:14:24,18.31,0.0,7,12817,买盘
1199,11:14:27,18.3,-0.01,4,7320,卖盘
1200,11:14:30,18.31,0.01,12,21972,买盘
1201,11:14:33,18.3,-0.01,4,7320,卖盘
1202,11:14:36,18.3,0.0,3,5490,买盘
1203,11:14:45,18.3,0.0,2,3660,买盘
1204,11:14:48,18.31,0.01,10,18305,买盘
1205,11:14:52,18.31,0.0,29,53096,买盘
1206,11:14:55,18.31,0.0,29,53099,买盘
1207,11:14:57,18.31,0.0,55,100705,买盘
1208,11:15:00,18.32,0.01,425,778197,买盘
1209,11:15:04,18.34,0.02,12,22004,买盘
1210,11:15:06,18.34,0.0,10,18340,买盘
1211,11:15:09,18.34,0.0,17,31178,买盘
1212,11:15:12,18.34,0.0,6,11004,买盘
1213,11:15:15,18.34,0.0,19,34835,买盘
1214,11:15:18,18.35,0.01,5,9175,买盘
1215,11:15:24,18.35,0.0,20,36700,买盘
1216,11:15:27,18.37,0.02,17,31219,买盘
1217,11:15:30,18.37,0.0,21,38577,买盘
1218,11:15:34,18.37,0.0,1,1837,卖盘
1219,11:15:36,18.38,0.01,5,9190,买盘
1220,11:15:42,18.38,0.0,2,3676,买盘
1221,11:15:45,18.37,-0.01,7,12865,卖盘
1222,11:15:51,18.38,0.01,2,3676,买盘
1223,11:15:57,18.38,0.0,1,1838,买盘
1224,11:16:00,18.38,0.0,6,11028,买盘
1225,11:16:03,18.38,0.0,22,40436,买盘
1226,11:16:06,18.38,0.0,44,80869,买盘
1227,11:16:15,18.39,0.01,4,7356,买盘
1228,11:16:21,18.39,0.0,8,14712,买盘
1229,11:16:24,18.39,0.0,5,9195,买盘
1230,11:16:30,18.39,0.0,4,7356,买盘
1231,11:16:33,18.39,0.0,160,294230,买盘
1232,11:16:36,18.39,0.0,53,97466,买盘
1233,11:16:39,18.39,0.0,12,22063,买盘
1234,11:16:45,18.39,0.0,4,7356,买盘
1235,11:16:51,18.39,0.0,2,3678,买盘
1236,11:16:54,18.38,-0.01,109,200342,卖盘
1237,11:17:01,18.38,0.0,1,1838,买盘
1238,11:17:04,18.38,0.0,3,5514,买盘
1239,11:17:06,18.38,0.0,1,1838,买盘
1240,11:17:09,18.38,0.0,5,9190,买盘
1241,11:17:15,18.38,0.0,86,158068,买盘
1242,11:17:18,18.38,0.0,18,33073,买盘
1243,11:17:21,18.38,0.0,3,5514,买盘
1244,11:17:27,18.37,-0.01,50,91850,卖盘
1245,11:17:30,18.38,0.01,1,1838,买盘
1246,11:17:33,18.38,0.0,2,3676,买盘
1247,11:17:37,18.38,0.0,2,3676,买盘
1248,11:17:39,18.38,0.0,2,3676,买盘
1249,11:17:45,18.38,0.0,1,1838,买盘
1250,11:17:48,18.38,0.0,3,5514,买盘
1251,11:17:51,18.38,0.0,2,3676,买盘
1252,11:18:01,18.37,-0.01,48,88176,卖盘
1253,11:18:04,18.37,0.0,3,5511,买盘
1254,11:18:06,18.35,-0.02,6,11014,卖盘
1255,11:18:09,18.38,0.03,400,735152,买盘
1256,11:18:15,18.38,0.0,1,1838,买盘
1257,11:18:18,18.38,0.0,2,3676,买盘
1258,11:18:21,18.38,0.0,3,5514,买盘
1259,11:18:30,18.38,0.0,1,1838,买盘
1260,11:18:33,18.38,0.0,3,5514,买盘
1261,11:18:36,18.38,0.0,2,3676,买盘
1262,11:18:39,18.36,-0.02,51,93724,卖盘
1263,11:18:42,18.36,0.0,50,91800,卖盘
1264,11:18:45,18.36,0.0,12,22034,卖盘
1265,11:18:48,18.38,0.02,3,5514,买盘
1266,11:18:51,18.38,0.0,1,1838,买盘
1267,11:19:00,18.38,0.0,1,1838,买盘
1268,11:19:04,18.38,0.0,2,3676,买盘
1269,11:19:06,18.38,0.0,8,14692,买盘
1270,11:19:09,18.36,-0.02,1,1836,卖盘
1271,11:19:12,18.37,0.01,5,9185,买盘
1272,11:19:18,18.38,0.01,3,5514,买盘
1273,11:19:22,18.38,0.0,2,3676,买盘
1274,11:19:49,18.38,0.0,8,14704,买盘
1275,11:19:51,18.38,0.0,11,20211,买盘
1276,11:19:55,18.38,0.0,4,7352,买盘
1277,11:19:57,18.38,0.0,3,5514,买盘
1278,11:20:00,18.38,0.0,31,56978,买盘
1279,11:20:04,18.39,0.01,18,33102,买盘
1280,11:20:06,18.39,0.0,15,27585,买盘
1281,11:20:09,18.39,0.0,6,11034,买盘
1282,11:20:12,18.39,0.0,50,91968,买盘
1283,11:20:15,18.4,0.01,20,36800,买盘
1284,11:20:24,18.4,0.0,239,439760,买盘
1285,11:20:27,18.4,0.0,7,12880,买盘
1286,11:20:30,18.41,0.01,3,5523,买盘
1287,11:20:33,18.4,-0.01,2,3680,卖盘
1288,11:20:36,18.41,0.01,15,27615,买盘
1289,11:20:39,18.41,0.0,10,18410,买盘
1290,11:20:42,18.41,0.0,3,5523,买盘
1291,11:20:45,18.41,0.0,15,27615,买盘
1292,11:20:48,18.44,0.03,74,136314,买盘
1293,11:20:51,18.44,0.0,9,16596,买盘
1294,11:20:57,18.4,-0.04,276,507840,卖盘
1295,11:21:04,18.4,0.0,8,14720,买盘
1296,11:21:12,18.4,0.0,67,123280,买盘
1297,11:21:18,18.4,0.0,10,18400,卖盘
1298,11:21:21,18.4,0.0,30,55200,卖盘
1299,11:21:24,18.4,0.0,2,3680,卖盘
1300,11:21:30,18.43,0.03,12,22106,买盘
1301,11:21:36,18.4,-0.03,5,9200,卖盘
1302,11:21:57,18.4,0.0,2,3680,卖盘
1303,11:22:00,18.41,0.01,4,7364,买盘
1304,11:22:06,18.4,-0.01,5,9200,卖盘
1305,11:22:09,18.4,0.0,5,9200,卖盘
1306,11:22:12,18.41,0.01,26,47866,买盘
1307,11:22:18,18.41,0.0,1,1841,卖盘
1308,11:22:21,18.41,0.0,5,9205,卖盘
1309,11:22:24,18.41,0.0,10,18410,卖盘
1310,11:22:27,18.41,0.0,11,20251,卖盘
1311,11:22:33,18.41,0.0,105,193305,卖盘
1312,11:22:51,18.4,-0.01,3,5520,卖盘
1313,11:22:57,18.4,0.0,9,16560,卖盘
1314,11:23:06,18.39,-0.01,51,93789,卖盘
1315,11:23:15,18.4,0.01,88,161923,买盘
1316,11:23:18,18.39,-0.01,10,18390,卖盘
1317,11:23:30,18.39,0.0,6,11034,买盘
1318,11:23:46,18.38,-0.01,10,18380,卖盘
1319,11:23:54,18.37,-0.01,52,95526,卖盘
1320,11:24:00,18.37,0.0,5,9185,卖盘
1321,11:24:12,18.37,0.0,5,9185,卖盘
1322,11:24:15,18.37,0.0,101,185622,卖盘
1323,11:24:27,18.36,-0.01,35,64260,卖盘
1324,11:24:42,18.35,-0.01,10,18350,卖盘
1325,11:24:45,18.36,0.01,7,12852,买盘
1326,11:24:48,18.35,-0.01,459,842265,卖盘
1327,11:25:06,18.32,-0.03,1,1832,卖盘
1328,11:25:09,18.31,-0.01,40,73248,卖盘
1329,11:25:12,18.32,0.01,13,23816,中性盘
1330,11:25:15,18.32,0.0,86,157552,卖盘
1331,11:25:27,18.34,0.02,3,5502,买盘
1332,11:25:48,18.32,-0.02,36,65952,卖盘
1333,11:25:51,18.32,0.0,3,5496,卖盘
1334,11:25:57,18.33,0.01,10,18330,买盘
1335,11:26:03,18.32,-0.01,1,1832,卖盘
1336,11:26:13,18.33,0.01,11,20163,买盘
1337,11:26:21,18.34,0.01,30,55020,买盘
1338,11:26:27,18.33,-0.01,74,135642,卖盘
1339,11:26:30,18.34,0.01,5,9168,买盘
1340,11:27:00,18.34,0.0,3,5502,买盘
1341,11:27:12,18.33,-0.01,52,95316,中性盘
1342,11:27:27,18.33,0.0,27,49491,卖盘
1343,11:27:33,18.33,0.0,7,12832,卖盘
1344,11:27:45,18.32,-0.01,1,1832,卖盘
1345,11:27:54,18.32,0.0,5,9160,卖盘
1346,11:28:03,18.32,0.0,32,58624,卖盘
1347,11:28:12,18.33,0.01,14,25662,买盘
1348,11:28:15,18.33,0.0,8,14664,卖盘
1349,11:28:18,18.33,0.0,1,1833,卖盘
1350,11:28:21,18.33,0.0,2,3666,卖盘
1351,11:28:24,18.33,0.0,10,18330,卖盘
1352,11:28:27,18.33,0.0,40,73320,卖盘
1353,11:28:39,18.33,0.0,10,18330,卖盘
1354,11:29:00,18.32,-0.01,9,16488,卖盘
1355,11:29:03,18.34,0.02,50,91700,买盘
1356,11:29:06,18.32,-0.02,2,3664,卖盘
1357,11:29:18,18.31,-0.01,32,58592,卖盘
1358,11:29:33,18.31,0.0,2,3662,卖盘
1359,11:29:36,18.32,0.01,4,7328,买盘
1360,11:29:42,18.32,0.0,4,7328,卖盘
1361,13:00:00,18.33,0.01,5,9165,买盘
1362,13:00:05,18.33,0.0,79,144781,买盘
1363,13:00:06,18.33,0.0,2,3666,卖盘
1364,13:00:13,18.34,0.01,41,75194,买盘
1365,13:00:45,18.35,0.01,5,9175,买盘
1366,13:01:12,18.35,0.0,85,155975,买盘
1367,13:02:12,18.35,0.0,85,155975,买盘
1368,13:02:24,18.35,0.0,11,20185,买盘
1369,13:02:30,18.35,0.0,2,3670,买盘
1370,13:02:45,18.34,-0.01,35,64190,卖盘
1371,13:02:48,18.34,0.0,35,64190,卖盘
1372,13:02:51,18.34,0.0,12,22008,卖盘
1373,13:02:54,18.34,0.0,2,3668,卖盘
1374,13:03:00,18.34,0.0,2,3668,卖盘
1375,13:03:03,18.34,0.0,7,12838,卖盘
1376,13:03:06,18.34,0.0,29,53186,卖盘
1377,13:03:12,18.35,0.01,93,170647,买盘
1378,13:03:15,18.34,-0.01,5,9170,卖盘
1379,13:03:27,18.34,0.0,58,106372,卖盘
1380,13:03:54,18.33,-0.01,5,9165,卖盘
1381,13:04:12,18.34,0.01,59,108203,买盘
1382,13:04:27,18.34,0.0,10,18346,卖盘
1383,13:04:30,18.35,0.01,7,12845,买盘
1384,13:04:42,18.3,-0.05,200,366215,卖盘
1385,13:04:45,18.35,0.05,8,14680,买盘
1386,13:05:21,18.34,-0.01,3,5502,买盘
1387,13:05:27,18.31,-0.03,41,75071,卖盘
1388,13:05:48,18.31,0.0,44,80564,卖盘
1389,13:06:12,18.31,0.0,7,12817,买盘
1390,13:06:15,18.31,0.0,3,5493,卖盘
1391,13:06:24,18.31,0.0,14,25634,卖盘
1392,13:06:42,18.31,0.0,15,27465,卖盘
1393,13:06:45,18.31,0.0,8,14648,卖盘
1394,13:07:04,18.31,0.0,5,9155,卖盘
1395,13:07:48,18.32,0.01,2,3664,卖盘
1396,13:08:12,18.33,0.01,2,3666,买盘
1397,13:08:27,18.33,0.0,2,3666,卖盘
1398,13:08:33,18.33,0.0,10,18330,卖盘
1399,13:09:04,18.33,0.0,9,16497,卖盘
1400,13:09:12,18.34,0.01,12,22008,买盘
1401,13:09:54,18.34,0.0,10,18340,卖盘
1402,13:09:57,18.34,0.0,96,176064,卖盘
1403,13:10:06,18.34,0.0,16,29344,卖盘
1404,13:10:09,18.34,0.0,25,45850,卖盘
1405,13:10:12,18.34,0.0,17,31178,买盘
1406,13:10:15,18.35,0.01,1,1835,买盘
1407,13:10:30,18.35,0.0,8,14680,买盘
1408,13:10:57,18.35,0.0,10,18350,买盘
1409,13:11:15,18.35,0.0,85,155975,买盘
1410,13:11:42,18.34,-0.01,20,36680,卖盘
1411,13:11:49,18.34,0.0,38,69692,卖盘
1412,13:11:54,18.34,0.0,2,3668,卖盘
1413,13:12:06,18.34,0.0,10,18340,卖盘
1414,13:12:15,18.35,0.01,87,159643,买盘
1415,13:12:18,18.34,-0.01,6,11004,卖盘
1416,13:12:21,18.35,0.01,8,14680,买盘
1417,13:12:24,18.34,-0.01,7,12838,卖盘
1418,13:12:27,18.34,0.0,33,60522,卖盘
1419,13:12:30,18.34,0.0,1,1834,卖盘
1420,13:12:42,18.34,0.0,14,25676,卖盘
1421,13:12:54,18.34,0.0,2,3668,卖盘
1422,13:13:03,18.34,0.0,4,7336,卖盘
1423,13:13:12,18.34,0.0,28,51352,买盘
1424,13:13:27,18.34,0.0,3,5502,卖盘
1425,13:13:33,18.34,0.0,30,55020,卖盘
1426,13:13:43,18.34,0.0,17,31178,卖盘
1427,13:14:00,18.34,0.0,3,5502,卖盘
1428,13:14:12,18.35,0.01,89,163290,买盘
1429,13:15:04,18.32,-0.03,17,31144,卖盘
1430,13:15:12,18.33,0.01,22,40309,买盘
1431,13:15:24,18.33,0.0,16,29328,卖盘
1432,13:15:27,18.35,0.02,7,12839,买盘
1433,13:16:04,18.33,-0.02,17,31161,卖盘
1434,13:16:06,18.33,0.0,45,82485,卖盘
1435,13:16:12,18.33,0.0,17,31161,卖盘
1436,13:16:15,18.35,0.02,352,645920,买盘
1437,13:16:18,18.35,0.0,13,23855,卖盘
1438,13:16:33,18.36,0.01,1,1836,买盘
1439,13:16:36,18.35,-0.01,1,1835,卖盘
1440,13:16:42,18.35,0.0,17,31195,卖盘
1441,13:16:48,18.35,0.0,10,18350,卖盘
1442,13:16:58,18.35,0.0,10,18350,卖盘
1443,13:17:12,18.35,0.0,17,31195,卖盘
1444,13:17:15,18.36,0.01,60,110150,买盘
1445,13:17:36,18.36,0.0,47,86292,卖盘
1446,13:17:42,18.36,0.0,15,27540,卖盘
1447,13:18:03,18.35,-0.01,2,3670,卖盘
1448,13:18:12,18.35,0.0,7,12845,卖盘
1449,13:18:15,18.36,0.01,27,49562,买盘
1450,13:18:36,18.37,0.01,15,27555,买盘
1451,13:19:00,18.37,0.0,64,117568,买盘
1452,13:19:04,18.36,-0.01,17,31212,卖盘
1453,13:19:13,18.36,0.0,21,38556,卖盘
1454,13:19:15,18.37,0.01,25,45925,买盘
1455,13:19:24,18.37,0.0,2,3674,卖盘
1456,13:19:27,18.37,0.0,3,5511,卖盘
1457,13:19:31,18.37,0.0,1,1837,卖盘
1458,13:19:36,18.37,0.0,2,3674,卖盘
1459,13:19:42,18.37,0.0,17,31229,卖盘
1460,13:19:48,18.37,0.0,1,1837,卖盘
1461,13:19:51,18.37,0.0,53,97361,卖盘
1462,13:19:54,18.37,0.0,20,36740,卖盘
1463,13:20:04,18.37,0.0,7,12859,卖盘
1464,13:20:06,18.37,0.0,4,7349,卖盘
1465,13:20:09,18.37,0.0,22,40414,卖盘
1466,13:20:15,18.36,-0.01,89,163489,卖盘
1467,13:20:30,18.36,0.0,16,29376,卖盘
1468,13:20:33,18.34,-0.02,21,38514,卖盘
1469,13:20:42,18.35,0.01,24,44017,中性盘
1470,13:20:45,18.35,0.0,4,7340,买盘
1471,13:20:48,18.34,-0.01,33,60522,卖盘
1472,13:20:55,18.34,0.0,1,1834,卖盘
1473,13:20:57,18.34,0.0,3,5502,卖盘
1474,13:21:00,18.34,0.0,1,1834,卖盘
1475,13:21:06,18.34,0.0,23,42182,卖盘
1476,13:21:09,18.34,0.0,1,1834,卖盘
1477,13:21:12,18.34,0.0,9,16506,卖盘
1478,13:21:16,18.35,0.01,17,31183,买盘
1479,13:21:21,18.35,0.0,2,3670,卖盘
1480,13:21:30,18.35,0.0,2,3670,卖盘
1481,13:21:37,18.35,0.0,38,69730,卖盘
1482,13:21:42,18.35,0.0,21,38535,卖盘
1483,13:21:48,18.33,-0.02,7,12841,卖盘
1484,13:22:06,18.33,0.0,58,106314,卖盘
1485,13:22:13,18.33,0.0,92,168830,卖盘
1486,13:22:18,18.34,0.01,12,22008,卖盘
1487,13:22:30,18.34,0.0,10,18340,卖盘
1488,13:22:40,18.34,0.0,15,27510,卖盘
1489,13:22:43,18.34,0.0,21,38514,卖盘
1490,13:22:51,18.33,-0.01,418,766221,卖盘
1491,13:22:54,18.3,-0.03,24,43920,卖盘
1492,13:22:57,18.33,0.03,20,36660,买盘
1493,13:23:06,18.31,-0.02,1,1831,中性盘
1494,13:23:12,18.31,0.0,17,31127,卖盘
1495,13:23:15,18.31,0.0,4,7324,买盘
1496,13:23:18,18.32,0.01,1,1832,卖盘
1497,13:23:30,18.32,0.0,2,3664,卖盘
1498,13:23:42,18.32,0.0,21,38472,卖盘
1499,13:23:45,18.32,0.0,4,7328,卖盘
1500,13:23:51,18.32,0.0,1,1832,卖盘
1501,13:24:04,18.32,0.0,8,14656,卖盘
1502,13:24:06,18.32,0.0,1,1832,卖盘
1503,13:24:12,18.32,0.0,21,38472,卖盘
1504,13:24:15,18.33,0.01,73,133809,买盘
1505,13:24:21,18.33,0.0,5,9165,卖盘
1506,13:24:24,18.36,0.03,7,12844,买盘
1507,13:24:36,18.33,-0.03,3,5499,卖盘
1508,13:24:42,18.33,0.0,4,7332,卖盘
1509,13:24:48,18.33,0.0,17,31161,买盘
1510,13:24:51,18.32,-0.01,1,1832,卖盘
1511,13:25:00,18.34,0.02,1,1834,卖盘
1512,13:25:15,18.34,0.0,31,56854,买盘
1513,13:25:27,18.36,0.02,49,89941,买盘
1514,13:25:30,18.34,-0.02,4,7336,卖盘
1515,13:25:33,18.37,0.03,71,130418,买盘
1516,13:25:42,18.35,-0.02,4,7340,卖盘
1517,13:25:48,18.37,0.02,5,9185,买盘
1518,13:26:04,18.37,0.0,54,99198,买盘
1519,13:26:06,18.37,0.0,28,51459,卖盘
1520,13:26:12,18.37,0.0,6,11022,卖盘
1521,13:26:15,18.34,-0.03,166,304909,卖盘
1522,13:26:27,18.34,0.0,9,16506,卖盘
1523,13:26:36,18.35,0.01,25,45875,买盘
1524,13:26:39,18.35,0.0,16,29360,中性盘
1525,13:26:42,18.34,-0.01,2,3668,卖盘
1526,13:26:45,18.35,0.01,37,67895,买盘
1527,13:26:48,18.35,0.0,24,44030,买盘
1528,13:26:54,18.34,-0.01,3,5502,卖盘
1529,13:26:57,18.35,0.01,7,12845,买盘
1530,13:27:04,18.34,-0.01,8,14672,卖盘
1531,13:27:09,18.34,0.0,1,1834,卖盘
1532,13:27:12,18.34,0.0,22,40348,卖盘
1533,13:27:15,18.35,0.01,10,18350,买盘
1534,13:27:21,18.34,-0.01,154,282511,卖盘
1535,13:27:24,18.34,0.0,9,16506,卖盘
1536,13:27:42,18.34,0.0,22,40351,卖盘
1537,13:27:54,18.34,0.0,2,3668,卖盘
1538,13:28:12,18.34,0.0,22,40348,卖盘
1539,13:28:15,18.35,0.01,10,18350,买盘
1540,13:28:18,18.35,0.0,1,1835,卖盘
1541,13:28:42,18.35,0.0,22,40370,卖盘
1542,13:28:45,18.35,0.0,1,1835,卖盘
1543,13:28:54,18.35,0.0,22,40370,卖盘
1544,13:29:03,18.35,0.0,100,183500,卖盘
1545,13:29:06,18.33,-0.02,4,7334,卖盘
1546,13:29:09,18.33,0.0,3,5499,买盘
1547,13:29:12,18.31,-0.02,15,27485,卖盘
1548,13:29:15,18.33,0.02,12,21996,买盘
1549,13:29:18,18.34,0.01,1,1834,卖盘
1550,13:29:33,18.36,0.02,3,5508,买盘
1551,13:29:36,18.35,-0.01,4,7337,中性盘
1552,13:29:42,18.34,-0.01,121,221934,卖盘
1553,13:29:45,18.35,0.01,2,3670,买盘
1554,13:29:54,18.35,0.0,6,11010,卖盘
1555,13:30:12,18.35,0.0,25,45875,卖盘
1556,13:30:15,18.36,0.01,43,78946,买盘
1557,13:30:24,18.36,0.0,4,7344,卖盘
1558,13:30:27,18.37,0.01,2,3674,买盘
1559,13:30:36,18.36,-0.01,2,3672,卖盘
1560,13:30:39,18.36,0.0,10,18360,卖盘
1561,13:30:42,18.36,0.0,27,49572,卖盘
1562,13:30:46,18.36,0.0,70,128520,卖盘
1563,13:30:48,18.34,-0.02,6,11004,卖盘
1564,13:30:52,18.36,0.02,1,1836,买盘
1565,13:31:15,18.35,-0.01,72,132120,买盘
1566,13:31:18,18.35,0.0,3,5505,卖盘
1567,13:31:27,18.35,0.0,5,9175,卖盘
1568,13:31:33,18.35,0.0,31,56901,卖盘
1569,13:31:36,18.34,-0.01,3,5502,卖盘
1570,13:31:42,18.34,0.0,29,53186,卖盘
1571,13:31:54,18.34,0.0,2,3668,卖盘
1572,13:31:57,18.35,0.01,7,12845,买盘
1573,13:32:09,18.34,-0.01,102,187068,卖盘
1574,13:32:15,18.34,0.0,105,192570,买盘
1575,13:32:21,18.32,-0.02,11,20158,卖盘
1576,13:32:33,18.32,0.0,17,31144,卖盘
1577,13:32:36,18.31,-0.01,3,5493,卖盘
1578,13:32:39,18.32,0.01,5,9160,买盘
1579,13:32:42,18.31,-0.01,29,53099,卖盘
1580,13:32:54,18.32,0.01,2,3664,卖盘
1581,13:33:06,18.32,0.0,13,23816,卖盘
1582,13:33:09,18.32,0.0,1,1832,卖盘
1583,13:33:12,18.32,0.0,28,51296,卖盘
1584,13:33:15,18.34,0.02,454,832636,买盘
1585,13:33:24,18.33,-0.01,25,45827,卖盘
1586,13:33:36,18.33,0.0,2,3666,卖盘
1587,13:33:42,18.33,0.0,28,51324,卖盘
1588,13:33:45,18.33,0.0,3,5499,卖盘
1589,13:33:57,18.33,0.0,2,3666,卖盘
1590,13:34:10,18.33,0.0,9,16497,卖盘
1591,13:34:12,18.33,0.0,28,51324,卖盘
1592,13:34:15,18.34,0.01,85,155890,买盘
1593,13:34:24,18.33,-0.01,2,3666,卖盘
1594,13:34:27,18.33,0.0,6,10998,卖盘
1595,13:34:39,18.33,0.0,3,5499,卖盘
1596,13:34:42,18.33,0.0,29,53157,卖盘
1597,13:34:51,18.33,0.0,5,9165,卖盘
1598,13:34:54,18.33,0.0,4,7332,卖盘
1599,13:35:12,18.33,0.0,21,38493,卖盘
1600,13:35:15,18.33,0.0,86,157723,卖盘
1601,13:35:28,18.33,0.0,6,10998,卖盘
1602,13:35:36,18.35,0.02,8,14674,买盘
1603,13:35:45,18.35,0.0,3,5505,买盘
1604,13:36:04,18.34,-0.01,19,34846,卖盘
1605,13:36:12,18.33,-0.01,1,1833,卖盘
1606,13:36:15,18.34,0.01,19,34846,买盘
1607,13:36:24,18.34,0.0,1,1834,卖盘
1608,13:36:36,18.34,0.0,2,3668,卖盘
1609,13:36:40,18.34,0.0,1,1834,卖盘
1610,13:36:42,18.34,0.0,19,34846,卖盘
1611,13:36:45,18.36,0.02,30,55053,买盘
1612,13:36:51,18.34,-0.02,2,3668,卖盘
1613,13:36:54,18.34,0.0,2,3668,卖盘
1614,13:37:06,18.34,0.0,27,49518,卖盘
1615,13:37:12,18.34,0.0,19,34846,卖盘
1616,13:37:18,18.35,0.01,30,55050,卖盘
1617,13:37:21,18.35,0.0,4,7340,卖盘
1618,13:37:36,18.35,0.0,3,5505,卖盘
1619,13:37:39,18.36,0.01,45,82581,买盘
1620,13:37:48,18.35,-0.01,3,5505,卖盘
1621,13:38:03,18.35,0.0,19,34865,卖盘
1622,13:38:06,18.35,0.0,56,102760,卖盘
1623,13:38:12,18.34,-0.01,4,7336,卖盘
1624,13:38:15,18.35,0.01,63,115605,买盘
1625,13:38:27,18.35,0.0,3,5505,卖盘
1626,13:38:33,18.35,0.0,3,5505,卖盘
1627,13:38:42,18.35,0.0,16,29360,卖盘
1628,13:38:54,18.34,-0.01,1,1834,卖盘
1629,13:39:04,18.34,0.0,3,5502,卖盘
1630,13:39:12,18.34,0.0,4,7336,卖盘
1631,13:39:15,18.35,0.01,68,124765,买盘
1632,13:39:18,18.35,0.0,5,9175,卖盘
1633,13:39:21,18.35,0.0,8,14680,卖盘
1634,13:39:24,18.35,0.0,2,3670,卖盘
1635,13:39:27,18.33,-0.02,3,5503,卖盘
1636,13:39:33,18.33,0.0,1,1833,卖盘
1637,13:39:36,18.33,0.0,2,3666,卖盘
1638,13:39:42,18.33,0.0,19,34827,卖盘
1639,13:39:54,18.33,0.0,1,1833,卖盘
1640,13:40:04,18.33,0.0,10,18330,卖盘
1641,13:40:09,18.33,0.0,20,36660,卖盘
1642,13:40:12,18.33,0.0,3,5499,卖盘
1643,13:40:15,18.34,0.01,37,67826,买盘
1644,13:40:21,18.34,0.0,4,7336,卖盘
1645,13:40:28,18.34,0.0,10,18340,卖盘
1646,13:40:31,18.34,0.0,7,12838,卖盘
1647,13:40:42,18.34,0.0,20,36680,卖盘
1648,13:40:45,18.34,0.0,1,1834,卖盘
1649,13:40:57,18.34,0.0,6,11004,卖盘
1650,13:41:04,18.34,0.0,10,18340,卖盘
1651,13:41:09,18.34,0.0,1,1834,卖盘
1652,13:41:12,18.34,0.0,20,36680,卖盘
1653,13:41:15,18.35,0.01,55,100925,买盘
1654,13:41:21,18.35,0.0,4,7340,卖盘
1655,13:41:33,18.35,0.0,50,91750,卖盘
1656,13:41:36,18.35,0.0,6,11010,卖盘
1657,13:41:42,18.35,0.0,15,27525,卖盘
1658,13:41:48,18.33,-0.02,1,1833,卖盘
1659,13:42:04,18.34,0.01,5,9170,中性盘
1660,13:42:12,18.34,0.0,9,16506,卖盘
1661,13:42:15,18.35,0.01,32,58709,买盘
1662,13:42:19,18.35,0.0,1,1835,卖盘
1663,13:42:24,18.35,0.0,10,18350,卖盘
1664,13:42:30,18.35,0.0,3,5505,卖盘
1665,13:42:36,18.35,0.0,8,14680,卖盘
1666,13:42:39,18.35,0.0,4,7340,卖盘
1667,13:42:43,18.35,0.0,20,36700,卖盘
1668,13:42:45,18.35,0.0,3,5505,卖盘
1669,13:42:48,18.35,0.0,2,3670,卖盘
1670,13:42:51,18.35,0.0,2,3670,卖盘
1671,13:42:54,18.35,0.0,2,3670,卖盘
1672,13:43:27,18.35,0.0,10,18350,买盘
1673,13:43:30,18.35,0.0,10,18350,买盘
1674,13:43:33,18.34,-0.01,20,36680,卖盘
1675,13:43:36,18.34,0.0,19,34866,卖盘
1676,13:43:39,18.34,0.0,3,5502,卖盘
1677,13:43:42,18.34,0.0,20,36680,卖盘
1678,13:43:45,18.35,0.01,4,7340,卖盘
1679,13:44:12,18.35,0.0,20,36700,卖盘
1680,13:44:15,18.36,0.01,77,141371,买盘
1681,13:44:33,18.36,0.0,5,9180,卖盘
1682,13:44:37,18.36,0.0,2,3672,卖盘
1683,13:44:39,18.36,0.0,8,14688,卖盘
1684,13:44:42,18.36,0.0,25,45900,卖盘
1685,13:44:45,18.36,0.0,4,7344,卖盘
1686,13:44:48,18.36,0.0,2,3672,卖盘
1687,13:44:54,18.36,0.0,1,1836,卖盘
1688,13:44:57,18.36,0.0,1,1836,卖盘
1689,13:45:00,18.36,0.0,1,1836,卖盘
1690,13:45:04,18.36,0.0,1,1836,卖盘
1691,13:45:06,18.36,0.0,1,1836,卖盘
1692,13:45:09,18.36,0.0,1,1836,卖盘
1693,13:45:12,18.36,0.0,9,16524,卖盘
1694,13:45:15,18.37,0.01,52,95511,买盘
1695,13:45:18,18.37,0.0,33,60621,卖盘
1696,13:45:24,18.34,-0.03,1,1834,卖盘
1697,13:45:27,18.34,0.0,6,11004,卖盘
1698,13:45:30,18.34,0.0,1,1834,卖盘
1699,13:45:33,18.35,0.01,1,1835,卖盘
1700,13:45:36,18.35,0.0,3,5505,卖盘
1701,13:45:39,18.35,0.0,1,1835,卖盘
1702,13:45:42,18.34,-0.01,1,1834,卖盘
1703,13:45:46,18.34,0.0,3,5502,卖盘
1704,13:45:48,18.34,0.0,4,7336,卖盘
1705,13:45:51,18.34,0.0,5,9170,卖盘
1706,13:45:54,18.34,0.0,2,3668,卖盘
1707,13:45:57,18.34,0.0,2,3668,卖盘
1708,13:46:00,18.34,0.0,3,5502,卖盘
1709,13:46:04,18.34,0.0,21,38514,卖盘
1710,13:46:06,18.34,0.0,1,1834,卖盘
1711,13:46:09,18.34,0.0,1,1834,卖盘
1712,13:46:12,18.33,-0.01,10,18339,卖盘
1713,13:46:15,18.34,0.01,14,25675,买盘
1714,13:46:18,18.35,0.01,10,18350,卖盘
1715,13:46:21,18.35,0.0,7,12845,卖盘
1716,13:46:25,18.35,0.0,32,58792,卖盘
1717,13:46:30,18.35,0.0,34,62390,卖盘
1718,13:46:33,18.35,0.0,4,7340,卖盘
1719,13:46:37,18.35,0.0,4,7340,卖盘
1720,13:46:39,18.35,0.0,6,11010,卖盘
1721,13:46:42,18.35,0.0,61,112055,卖盘
1722,13:46:48,18.35,0.0,3,5505,卖盘
1723,13:47:00,18.4,0.05,520,956435,买盘
1724,13:47:04,18.35,-0.05,10,18359,卖盘
1725,13:47:06,18.37,0.02,10,18370,卖盘
1726,13:47:12,18.36,-0.01,64,117534,卖盘
1727,13:47:24,18.38,0.02,2,3676,卖盘
1728,13:47:33,18.4,0.02,178,327518,买盘
1729,13:47:39,18.4,0.0,17,31268,买盘
1730,13:47:57,18.41,0.01,149,274234,买盘
1731,13:48:00,18.39,-0.02,8,14712,卖盘
1732,13:48:09,18.4,0.01,5,9200,卖盘
1733,13:48:12,18.39,-0.01,12,22068,卖盘
1734,13:48:15,18.4,0.01,20,36800,买盘
1735,13:48:22,18.41,0.01,51,93875,买盘
1736,13:48:24,18.4,-0.01,4,7360,卖盘
1737,13:48:30,18.4,0.0,3,5520,卖盘
1738,13:48:33,18.41,0.01,46,84686,买盘
1739,13:48:36,18.4,-0.01,2,3680,卖盘
1740,13:48:39,18.4,0.0,53,97571,卖盘
1741,13:48:42,18.4,0.0,106,195040,卖盘
1742,13:48:48,18.39,-0.01,9,16551,卖盘
1743,13:49:00,18.39,0.0,5,9195,卖盘
1744,13:49:12,18.4,0.01,47,86460,买盘
1745,13:49:15,18.41,0.01,18,33128,买盘
1746,13:49:21,18.4,-0.01,78,143520,卖盘
1747,13:49:24,18.39,-0.01,8,14712,卖盘
1748,13:49:27,18.39,0.0,22,40458,卖盘
1749,13:49:30,18.39,0.0,3,5517,卖盘
1750,13:49:33,18.39,0.0,25,45997,卖盘
1751,13:49:36,18.41,0.02,56,103072,买盘
1752,13:49:39,18.41,0.0,4,7364,卖盘
1753,13:49:42,18.41,0.0,21,38661,卖盘
1754,13:49:49,18.39,-0.02,4,7356,卖盘
1755,13:50:12,18.4,0.01,24,44160,卖盘
1756,13:50:15,18.39,-0.01,113,207946,卖盘
1757,13:50:18,18.39,0.0,68,125063,卖盘
1758,13:50:21,18.39,0.0,4,7356,买盘
1759,13:50:27,18.39,0.0,24,44127,买盘
1760,13:50:39,18.38,-0.01,26,47808,卖盘
1761,13:50:42,18.38,0.0,23,42274,卖盘
1762,13:50:45,18.38,0.0,5,9190,卖盘
1763,13:50:51,18.38,0.0,6,11028,卖盘
1764,13:50:57,18.38,0.0,20,36760,卖盘
1765,13:51:00,18.38,0.0,21,38598,卖盘
1766,13:51:04,18.38,0.0,2,3676,卖盘
1767,13:51:10,18.38,0.0,5,9190,卖盘
1768,13:51:12,18.38,0.0,10,18380,卖盘
1769,13:51:21,18.37,-0.01,1,1837,卖盘
1770,13:51:33,18.37,0.0,13,23881,卖盘
1771,13:51:36,18.37,0.0,1,1837,卖盘
1772,13:51:42,18.37,0.0,25,45925,卖盘
1773,13:51:45,18.4,0.03,109,200493,买盘
1774,13:51:48,18.4,0.0,19,34960,卖盘
1775,13:51:54,18.41,0.01,11,20244,买盘
1776,13:51:57,18.4,-0.01,230,423200,卖盘
1777,13:52:03,18.37,-0.03,13,23891,卖盘
1778,13:52:06,18.37,0.0,1,1837,卖盘
1779,13:52:12,18.37,0.0,24,44088,卖盘
1780,13:52:18,18.38,0.01,9,16542,卖盘
1781,13:52:21,18.38,0.0,13,23894,卖盘
1782,13:52:24,18.38,0.0,1,1838,卖盘
1783,13:52:27,18.38,0.0,2,3676,卖盘
1784,13:52:30,18.38,0.0,2,3676,卖盘
1785,13:52:42,18.38,0.0,36,66168,卖盘
1786,13:52:45,18.38,0.0,22,40436,卖盘
1787,13:52:48,18.38,0.0,1,1838,买盘
1788,13:52:57,18.36,-0.02,11,20206,卖盘
1789,13:53:09,18.36,0.0,7,12852,卖盘
1790,13:53:13,18.36,0.0,41,75276,卖盘
1791,13:53:15,18.37,0.01,85,156144,买盘
1792,13:53:18,18.36,-0.01,7,12852,买盘
1793,13:53:24,18.34,-0.02,6,11005,卖盘
1794,13:53:30,18.35,0.01,4,7340,买盘
1795,13:53:39,18.35,0.0,9,16514,买盘
1796,13:53:42,18.34,-0.01,3,5502,卖盘
1797,13:53:48,18.35,0.01,8,14680,买盘
1798,13:53:51,18.35,0.0,7,12845,中性盘
1799,13:54:00,18.35,0.0,2,3670,卖盘
1800,13:54:15,18.36,0.01,35,64260,买盘
1801,13:54:30,18.36,0.0,2,3672,卖盘
1802,13:54:42,18.36,0.0,2,3672,卖盘
1803,13:54:45,18.36,0.0,14,25704,卖盘
1804,13:54:57,18.37,0.01,51,93686,买盘
1805,13:55:13,18.36,-0.01,21,38556,卖盘
1806,13:55:16,18.37,0.01,14,25718,中性盘
1807,13:55:24,18.37,0.0,2,3674,卖盘
1808,13:55:27,18.37,0.0,57,104709,卖盘
1809,13:55:36,18.37,0.0,15,27555,卖盘
1810,13:55:39,18.36,-0.01,72,132257,卖盘
1811,13:55:54,18.37,0.01,9,16529,买盘
1812,13:56:00,18.36,-0.01,23,42228,卖盘
1813,13:56:06,18.35,-0.01,1,1835,卖盘
1814,13:56:15,18.36,0.01,25,45900,买盘
1815,13:56:18,18.36,0.0,24,44064,卖盘
1816,13:56:21,18.36,0.0,3,5508,卖盘
1817,13:56:24,18.36,0.0,3,5508,卖盘
1818,13:56:30,18.36,0.0,17,31212,卖盘
1819,13:56:33,18.36,0.0,1,1836,卖盘
1820,13:56:37,18.36,0.0,10,18360,卖盘
1821,13:56:39,18.35,-0.01,6,11014,卖盘
1822,13:57:00,18.34,-0.01,19,34861,卖盘
1823,13:57:06,18.34,0.0,1,1834,卖盘
1824,13:57:15,18.34,0.0,1,1834,卖盘
1825,13:57:18,18.35,0.01,6,11010,卖盘
1826,13:57:27,18.35,0.0,2,3670,卖盘
1827,13:57:36,18.35,0.0,5,9175,卖盘
1828,13:57:42,18.36,0.01,12,22030,买盘
1829,13:57:46,18.35,-0.01,74,135794,卖盘
1830,13:57:48,18.34,-0.01,26,47705,卖盘
1831,13:58:00,18.35,0.01,16,29360,买盘
1832,13:58:04,18.35,0.0,5,9173,买盘
1833,13:58:06,18.35,0.0,68,124780,买盘
1834,13:58:09,18.35,0.0,8,14679,买盘
1835,13:58:12,18.35,0.0,41,75235,买盘
1836,13:58:19,18.35,0.0,6,11010,卖盘
1837,13:58:36,18.35,0.0,10,18350,卖盘
1838,13:58:39,18.35,0.0,3,5505,卖盘
1839,13:58:48,18.35,0.0,1,1835,卖盘
1840,13:58:54,18.35,0.0,1,1835,卖盘
1841,13:58:57,18.36,0.01,2,3672,买盘
1842,13:59:00,18.35,-0.01,2,3670,卖盘
1843,13:59:09,18.35,0.0,104,190840,卖盘
1844,13:59:12,18.35,0.0,22,40370,卖盘
1845,13:59:15,18.35,0.0,95,174318,买盘
1846,13:59:30,18.34,-0.01,4,7336,卖盘
1847,13:59:33,18.35,0.01,96,176160,买盘
1848,13:59:42,18.34,-0.01,8,14672,卖盘
1849,13:59:48,18.34,0.0,4,7336,卖盘
1850,13:59:57,18.34,0.0,1,1834,卖盘
1851,14:00:00,18.35,0.01,11,20175,买盘
1852,14:00:04,18.35,0.0,14,25690,买盘
1853,14:00:06,18.34,-0.01,8,14672,卖盘
1854,14:00:13,18.35,0.01,13,23855,买盘
1855,14:00:15,18.35,0.0,286,524548,买盘
1856,14:00:18,18.35,0.0,4,7340,买盘
1857,14:00:21,18.33,-0.02,16,29328,卖盘
1858,14:00:36,18.33,0.0,6,10998,卖盘
1859,14:00:42,18.32,-0.01,30,54966,卖盘
1860,14:00:45,18.32,0.0,17,31144,卖盘
1861,14:00:54,18.31,-0.01,225,412018,卖盘
1862,14:01:00,18.31,0.0,13,23803,卖盘
1863,14:01:06,18.31,0.0,2,3662,卖盘
1864,14:01:09,18.31,0.0,28,51268,卖盘
1865,14:01:12,18.3,-0.01,1,1830,卖盘
1866,14:01:15,18.29,-0.01,215,393496,卖盘
1867,14:01:18,18.29,0.0,3,5487,卖盘
1868,14:01:21,18.29,0.0,233,426158,卖盘
1869,14:01:24,18.29,0.0,68,124372,买盘
1870,14:01:27,18.28,-0.01,29,53012,卖盘
1871,14:01:30,18.27,-0.01,1,1827,卖盘
1872,14:01:33,18.27,0.0,6,10962,卖盘
1873,14:01:36,18.27,0.0,13,23751,卖盘
1874,14:01:42,18.27,0.0,20,36540,买盘
1875,14:01:45,18.26,-0.01,1,1826,卖盘
1876,14:01:51,18.26,0.0,4,7304,买盘
1877,14:01:54,18.23,-0.03,17,31007,卖盘
1878,14:02:04,18.21,-0.02,8,14573,卖盘
1879,14:02:06,18.2,-0.01,32,58242,卖盘
1880,14:02:12,18.22,0.02,2,3644,卖盘
1881,14:02:15,18.23,0.01,34,61970,中性盘
1882,14:02:21,18.23,0.0,4,7292,卖盘
1883,14:02:24,18.23,0.0,5,9115,卖盘
1884,14:02:27,18.23,0.0,72,131256,卖盘
1885,14:02:36,18.23,0.0,6,10938,卖盘
1886,14:02:42,18.23,0.0,5,9115,卖盘
1887,14:02:45,18.22,-0.01,277,504765,卖盘
1888,14:02:48,18.22,0.0,5,9110,买盘
1889,14:02:58,18.21,-0.01,5,9105,卖盘
1890,14:03:04,18.2,-0.01,8,14560,卖盘
1891,14:03:06,18.2,0.0,7,12740,卖盘
1892,14:03:09,18.2,0.0,22,40040,卖盘
1893,14:03:12,18.19,-0.01,38,69125,卖盘
1894,14:03:15,18.18,-0.01,65,118170,中性盘
1895,14:03:21,18.18,0.0,7,12726,卖盘
1896,14:03:24,18.18,0.0,5,9090,卖盘
1897,14:03:27,18.18,0.0,6,10908,卖盘
1898,14:03:33,18.18,0.0,2,3636,卖盘
1899,14:03:36,18.17,-0.01,26,47246,卖盘
1900,14:03:39,18.17,0.0,5,9089,卖盘
1901,14:03:42,18.17,0.0,123,223501,卖盘
1902,14:03:51,18.16,-0.01,3,5449,卖盘
1903,14:03:54,18.16,0.0,1,1816,卖盘
1904,14:03:57,18.16,0.0,25,45400,卖盘
1905,14:04:00,18.16,0.0,1,1816,买盘
1906,14:04:03,18.16,0.0,4,7264,买盘
1907,14:04:06,18.16,0.0,2,3632,买盘
1908,14:04:09,18.16,0.0,34,61722,买盘
1909,14:04:12,18.16,0.0,25,45383,买盘
1910,14:04:15,18.15,-0.01,135,245110,卖盘
1911,14:04:18,18.16,0.01,1,1816,买盘
1912,14:04:21,18.15,-0.01,17,30855,卖盘
1913,14:04:24,18.15,0.0,4,7260,卖盘
1914,14:04:30,18.13,-0.02,7,12691,卖盘
1915,14:04:33,18.13,0.0,114,206722,卖盘
1916,14:04:36,18.15,0.02,5,9075,买盘
1917,14:04:39,18.14,-0.01,5,9070,卖盘
1918,14:04:42,18.13,-0.01,8,14500,卖盘
1919,14:04:45,18.13,0.0,31,56217,买盘
1920,14:04:48,18.13,0.0,7,12691,买盘
1921,14:04:51,18.13,0.0,26,47138,买盘
1922,14:04:54,18.13,0.0,22,39890,卖盘
1923,14:04:57,18.13,0.0,66,119677,卖盘
1924,14:05:00,18.12,-0.01,211,382542,卖盘
1925,14:05:04,18.14,0.02,32,58019,买盘
1926,14:05:06,18.14,0.0,6,10884,卖盘
1927,14:05:09,18.15,0.01,1,1815,买盘
1928,14:05:13,18.15,0.0,44,79791,买盘
1929,14:05:16,18.15,0.0,345,625344,买盘
1930,14:05:18,18.15,0.0,10,18150,卖盘
1931,14:05:21,18.16,0.01,6,10893,买盘
1932,14:05:24,18.17,0.01,8,14536,买盘
1933,14:05:36,18.17,0.0,8,14536,买盘
1934,14:05:39,18.16,-0.01,2,3632,卖盘
1935,14:05:42,18.17,0.01,5,9085,买盘
1936,14:05:48,18.17,0.0,27,49054,买盘
1937,14:05:52,18.17,0.0,2,3634,买盘
1938,14:05:54,18.17,0.0,1,1817,买盘
1939,14:05:58,18.16,-0.01,4,7264,卖盘
1940,14:06:04,18.16,0.0,10,18160,卖盘
1941,14:06:06,18.16,0.0,25,45400,卖盘
1942,14:06:09,18.16,0.0,24,43584,卖盘
1943,14:06:15,18.16,0.0,24,43584,中性盘
1944,14:06:19,18.17,0.01,1,1817,买盘
1945,14:06:24,18.17,0.0,3,5449,买盘
1946,14:06:30,18.17,0.0,154,279818,买盘
1947,14:06:33,18.17,0.0,4,7268,卖盘
1948,14:06:36,18.17,0.0,5,9085,卖盘
1949,14:06:39,18.17,0.0,15,27255,卖盘
1950,14:06:45,18.17,0.0,24,43615,卖盘
1951,14:06:54,18.17,0.0,4,7268,卖盘
1952,14:06:57,18.19,0.02,20,36374,买盘
1953,14:07:15,18.19,0.0,90,163699,买盘
1954,14:07:19,18.19,0.0,94,170986,买盘
1955,14:07:25,18.19,0.0,3,5457,卖盘
1956,14:07:27,18.2,0.01,1,1820,买盘
1957,14:07:30,18.19,-0.01,3,5457,卖盘
1958,14:07:33,18.19,0.0,3,5457,卖盘
1959,14:07:36,18.19,0.0,10,18190,卖盘
1960,14:07:45,18.2,0.01,34,61857,买盘
1961,14:07:48,18.2,0.0,7,12740,买盘
1962,14:07:51,18.19,-0.01,10,18190,买盘
1963,14:07:57,18.19,0.0,1,1819,买盘
1964,14:08:09,18.19,0.0,119,216461,卖盘
1965,14:08:21,18.19,0.0,4,7276,买盘
1966,14:08:24,18.18,-0.01,65,118197,卖盘
1967,14:08:27,18.19,0.01,29,52751,买盘
1968,14:08:33,18.2,0.01,33,60060,买盘
1969,14:08:39,18.2,0.0,2,3640,卖盘
1970,14:08:45,18.21,0.01,28,50965,买盘
1971,14:08:51,18.21,0.0,2,3642,买盘
1972,14:08:54,18.2,-0.01,5,9100,卖盘
1973,14:08:57,18.2,0.0,2,3640,卖盘
1974,14:09:06,18.19,-0.01,50,90970,卖盘
1975,14:09:09,18.21,0.02,25,45516,买盘
1976,14:09:12,18.2,-0.01,5,9100,卖盘
1977,14:09:15,18.2,0.0,23,41860,卖盘
1978,14:09:21,18.2,0.0,2,3640,卖盘
1979,14:09:30,18.21,0.01,85,154785,买盘
1980,14:09:36,18.21,0.0,22,40062,买盘
1981,14:09:42,18.22,0.01,41,74702,买盘
1982,14:09:45,18.22,0.0,23,41906,卖盘
1983,14:09:48,18.23,0.01,12,21876,买盘
1984,14:10:00,18.24,0.01,122,222613,卖盘
1985,14:10:06,18.25,0.01,1,1825,卖盘
1986,14:10:12,18.26,0.01,146,266877,买盘
1987,14:10:15,18.26,0.0,29,52954,卖盘
1988,14:10:18,18.39,0.13,500,917631,买盘
1989,14:10:24,18.28,-0.11,5,9155,卖盘
1990,14:10:27,18.28,0.0,2,3656,卖盘
1991,14:10:30,18.35,0.07,1,1835,卖盘
1992,14:10:45,18.35,0.0,16,29356,买盘
1993,14:10:48,18.34,-0.01,7,12838,中性盘
1994,14:10:58,18.34,0.0,40,73360,买盘
1995,14:11:00,18.39,0.05,445,816714,买盘
1996,14:11:06,18.39,0.0,124,228016,买盘
1997,14:11:12,18.33,-0.06,441,809814,卖盘
1998,14:11:15,18.33,0.0,29,53157,卖盘
1999,14:11:18,18.38,0.05,25,45950,中性盘
2000,14:11:21,18.38,0.0,62,113961,卖盘
2001,14:11:25,18.38,0.0,17,31246,卖盘
2002,14:11:27,18.4,0.02,63,115869,买盘
2003,14:11:30,18.38,-0.02,2,3676,卖盘
2004,14:11:33,18.38,0.0,1,1838,卖盘
2005,14:11:36,18.38,0.0,11,20218,卖盘
2006,14:11:42,18.39,0.01,3,5517,买盘
2007,14:11:54,18.39,0.0,33,60663,买盘
2008,14:12:04,18.35,-0.04,1,1835,卖盘
2009,14:12:09,18.35,0.0,10,18350,卖盘
2010,14:12:21,18.34,-0.01,1,1834,卖盘
2011,14:12:24,18.34,0.0,4,7336,卖盘
2012,14:12:28,18.34,0.0,18,33012,卖盘
2013,14:12:30,18.35,0.01,3,5505,买盘
2014,14:12:39,18.34,-0.01,36,66024,卖盘
2015,14:12:45,18.34,0.0,29,53186,卖盘
2016,14:12:54,18.33,-0.01,10,18330,卖盘
2017,14:13:15,18.33,0.0,29,53157,卖盘
2018,14:13:19,18.33,0.0,17,31161,卖盘
2019,14:13:24,18.33,0.0,3,5499,卖盘
2020,14:13:45,18.33,0.0,29,53157,卖盘
2021,14:13:51,18.33,0.0,2,3666,卖盘
2022,14:14:09,18.34,0.01,20,36670,买盘
2023,14:14:12,18.33,-0.01,11,20163,卖盘
2024,14:14:15,18.33,0.0,30,54991,卖盘
2025,14:14:24,18.33,0.0,3,5499,卖盘
2026,14:14:30,18.33,0.0,10,18330,卖盘
2027,14:14:33,18.33,0.0,5,9165,卖盘
2028,14:14:36,18.34,0.01,7,12838,买盘
2029,14:14:39,18.33,-0.01,1,1833,卖盘
2030,14:14:45,18.33,0.0,29,53157,卖盘
2031,14:14:51,18.33,0.0,4,7332,卖盘
2032,14:15:04,18.33,0.0,1,1833,卖盘
2033,14:15:12,18.33,0.0,10,18330,卖盘
2034,14:15:15,18.33,0.0,45,82485,卖盘
2035,14:15:25,18.33,0.0,2,3666,卖盘
2036,14:15:27,18.33,0.0,1,1833,卖盘
2037,14:15:31,18.33,0.0,26,47658,卖盘
2038,14:15:34,18.33,0.0,19,34836,卖盘
2039,14:15:39,18.33,0.0,10,18330,卖盘
2040,14:15:45,18.33,0.0,10,18330,卖盘
2041,14:15:57,18.32,-0.01,6,10992,卖盘
2042,14:16:06,18.32,0.0,44,80608,卖盘
2043,14:16:09,18.32,0.0,6,10992,卖盘
2044,14:16:12,18.32,0.0,13,23816,卖盘
2045,14:16:24,18.31,-0.01,27,49450,卖盘
2046,14:16:36,18.3,-0.01,9,16470,卖盘
2047,14:16:42,18.29,-0.01,22,40238,卖盘
2048,14:16:46,18.29,0.0,24,43896,卖盘
2049,14:16:57,18.26,-0.03,50,91306,卖盘
2050,14:17:06,18.26,0.0,9,16434,卖盘
2051,14:17:09,18.26,0.0,16,29216,卖盘
2052,14:17:15,18.26,0.0,3,5478,卖盘
2053,14:17:18,18.26,0.0,1,1826,买盘
2054,14:17:24,18.26,0.0,9,16431,买盘
2055,14:17:30,18.25,-0.01,29,52926,卖盘
2056,14:17:36,18.23,-0.02,28,51046,卖盘
2057,14:17:42,18.25,0.02,19,34675,买盘
2058,14:17:45,18.24,-0.01,26,47445,卖盘
2059,14:17:51,18.24,0.0,40,72948,买盘
2060,14:17:57,18.25,0.01,85,155125,买盘
2061,14:18:00,18.25,0.0,5,9125,买盘
2062,14:18:04,18.25,0.0,8,14600,买盘
2063,14:18:06,18.26,0.01,10,18260,买盘
2064,14:18:09,18.26,0.0,7,12782,买盘
2065,14:18:12,18.28,0.02,1,1828,买盘
2066,14:18:15,18.28,0.0,10,18273,买盘
2067,14:18:18,18.28,0.0,26,47528,买盘
2068,14:18:21,18.29,0.01,48,87754,买盘
2069,14:18:24,18.29,0.0,2,3658,中性盘
2070,14:18:33,18.31,0.02,6,10986,中性盘
2071,14:18:39,18.32,0.01,10,18320,买盘
2072,14:18:46,18.33,0.01,51,93443,买盘
2073,14:18:48,18.34,0.01,11,20174,买盘
2074,14:18:51,18.34,0.0,9,16506,买盘
2075,14:18:57,18.35,0.01,6,11010,买盘
2076,14:19:03,18.36,0.01,11,20196,买盘
2077,14:19:09,18.38,0.02,10,18380,买盘
2078,14:19:12,18.37,-0.01,20,36740,卖盘
2079,14:19:15,18.37,0.0,8,14696,卖盘
2080,14:19:18,18.37,0.0,41,75316,买盘
2081,14:19:24,18.36,-0.01,27,49596,卖盘
2082,14:19:33,18.37,0.01,31,56942,买盘
2083,14:19:39,18.36,-0.01,1,1836,中性盘
2084,14:20:09,18.27,-0.09,12,21924,卖盘
2085,14:20:12,18.27,0.0,11,20097,买盘
2086,14:20:18,18.26,-0.01,2,3652,卖盘
2087,14:20:21,18.27,0.01,36,65767,买盘
2088,14:20:24,18.27,0.0,18,32886,买盘
2089,14:20:27,18.27,0.0,1,1827,卖盘
2090,14:20:30,18.27,0.0,6,10962,卖盘
2091,14:20:45,18.27,0.0,36,65772,卖盘
2092,14:21:09,18.31,0.04,10,18310,买盘
2093,14:21:15,18.31,0.0,2,3662,买盘
2094,14:21:18,18.3,-0.01,66,120780,卖盘
2095,14:21:30,18.28,-0.02,2,3656,卖盘
2096,14:21:36,18.28,0.0,18,32904,卖盘
2097,14:21:45,18.27,-0.01,12,21924,卖盘
2098,14:21:48,18.27,0.0,14,25578,卖盘
2099,14:21:51,18.27,0.0,11,20097,买盘
2100,14:22:09,18.27,0.0,13,23739,买盘
2101,14:22:12,18.26,-0.01,38,69403,卖盘
2102,14:22:15,18.26,0.0,18,32872,卖盘
2103,14:22:24,18.25,-0.01,3,5475,卖盘
2104,14:22:36,18.26,0.01,1,1826,买盘
2105,14:22:39,18.26,0.0,38,69351,买盘
2106,14:22:52,18.25,-0.01,10,18250,卖盘
2107,14:23:00,18.25,0.0,49,89425,卖盘
2108,14:23:03,18.25,0.0,1,1825,买盘
2109,14:23:09,18.23,-0.02,37,67451,卖盘
2110,14:23:15,18.23,0.0,34,61982,卖盘
2111,14:23:24,18.24,0.01,33,60189,买盘
2112,14:23:30,18.25,0.01,3,5475,买盘
2113,14:23:33,18.25,0.0,1,1825,买盘
2114,14:23:36,18.25,0.0,10,18250,买盘
2115,14:23:42,18.25,0.0,7,12775,买盘
2116,14:23:45,18.25,0.0,86,156950,买盘
2117,14:23:48,18.26,0.01,7,12782,买盘
2118,14:23:51,18.26,0.0,19,34694,买盘
2119,14:24:04,18.28,0.02,51,93228,买盘
2120,14:24:09,18.29,0.01,40,73160,买盘
2121,14:24:15,18.3,0.01,71,129929,买盘
2122,14:24:21,18.31,0.01,38,69578,买盘
2123,14:24:24,18.31,0.0,2,3662,卖盘
2124,14:24:27,18.32,0.01,7,12824,买盘
2125,14:24:36,18.33,0.01,20,36660,买盘
2126,14:24:39,18.33,0.0,29,53157,买盘
2127,14:24:45,18.33,0.0,28,51324,买盘
2128,14:24:51,18.33,0.0,27,49491,买盘
2129,14:25:03,18.32,-0.01,2,3664,卖盘
2130,14:25:09,18.32,0.0,37,67784,卖盘
2131,14:25:15,18.32,0.0,46,84284,卖盘
2132,14:25:24,18.32,0.0,10,18326,卖盘
2133,14:25:30,18.32,0.0,50,91600,卖盘
2134,14:25:34,18.32,0.0,4,7328,卖盘
2135,14:25:36,18.32,0.0,5,9160,卖盘
2136,14:25:39,18.32,0.0,30,54960,卖盘
2137,14:25:42,18.32,0.0,2,3664,卖盘
2138,14:25:46,18.32,0.0,3,5496,卖盘
2139,14:25:52,18.31,-0.01,5,9155,卖盘
2140,14:25:54,18.31,0.0,5,9155,卖盘
2141,14:25:57,18.32,0.01,26,47632,买盘
2142,14:26:00,18.31,-0.01,10,18310,卖盘
2143,14:26:03,18.31,0.0,5,9155,卖盘
2144,14:26:06,18.31,0.0,3,5493,卖盘
2145,14:26:09,18.31,0.0,10,18310,卖盘
2146,14:26:15,18.31,0.0,8,14648,卖盘
2147,14:26:18,18.31,0.0,2,3662,买盘
2148,14:26:24,18.3,-0.01,5,9150,卖盘
2149,14:26:30,18.33,0.03,230,421370,买盘
2150,14:26:33,18.33,0.0,3,5499,卖盘
2151,14:26:39,18.35,0.02,10,18350,买盘
2152,14:26:45,18.36,0.01,64,117494,买盘
2153,14:27:06,18.31,-0.05,1,1831,卖盘
2154,14:27:09,18.31,0.0,1,1831,卖盘
2155,14:27:15,18.31,0.0,3,5493,买盘
2156,14:27:27,18.31,0.0,32,58586,买盘
2157,14:27:39,18.31,0.0,17,31113,买盘
2158,14:27:45,18.31,0.0,1,1831,买盘
2159,14:28:00,18.3,-0.01,6,10980,卖盘
2160,14:28:03,18.3,0.0,2,3660,卖盘
2161,14:28:09,18.3,0.0,44,80483,买盘
2162,14:28:12,18.31,0.01,7,12817,买盘
2163,14:28:15,18.31,0.0,6,10986,买盘
2164,14:28:27,18.3,-0.01,15,27450,卖盘
2165,14:28:30,18.3,0.0,4,7320,卖盘
2166,14:28:33,18.3,0.0,4,7320,卖盘
2167,14:28:36,18.3,0.0,76,139080,卖盘
2168,14:28:39,18.3,0.0,3,5490,卖盘
2169,14:28:45,18.3,0.0,38,69540,卖盘
2170,14:28:48,18.3,0.0,11,20130,卖盘
2171,14:28:51,18.3,0.0,18,32940,卖盘
2172,14:29:12,18.29,-0.01,1,1829,卖盘
2173,14:29:15,18.29,0.0,70,128031,卖盘
2174,14:29:18,18.3,0.01,20,36600,买盘
2175,14:29:21,18.29,-0.01,8,14632,卖盘
2176,14:29:27,18.29,0.0,10,18290,卖盘
2177,14:29:30,18.29,0.0,4,7316,卖盘
2178,14:29:33,18.29,0.0,20,36580,卖盘
2179,14:29:36,18.29,0.0,2,3658,卖盘
2180,14:29:39,18.29,0.0,6,10974,卖盘
2181,14:29:45,18.29,0.0,40,73160,卖盘
2182,14:29:51,18.29,0.0,226,413354,卖盘
2183,14:29:54,18.3,0.01,7,12809,买盘
2184,14:30:04,18.25,-0.05,3,5475,卖盘
2185,14:30:06,18.25,0.0,2,3650,卖盘
2186,14:30:15,18.25,0.0,25,45625,卖盘
2187,14:30:21,18.25,0.0,1,1825,买盘
2188,14:30:25,18.24,-0.01,1,1824,中性盘
2189,14:30:27,18.24,0.0,2,3648,买盘
2190,14:30:30,18.24,0.0,4,7296,买盘
2191,14:30:33,18.24,0.0,19,34654,买盘
2192,14:30:36,18.24,0.0,6,10944,买盘
2193,14:30:39,18.24,0.0,34,61998,买盘
2194,14:30:48,18.24,0.0,2,3648,买盘
2195,14:30:51,18.24,0.0,4,7296,买盘
2196,14:30:54,18.24,0.0,6,10944,买盘
2197,14:31:07,18.23,-0.01,32,58336,卖盘
2198,14:31:12,18.24,0.01,1,1824,买盘
2199,14:31:24,18.23,-0.01,8,14584,卖盘
2200,14:31:27,18.23,0.0,1,1823,卖盘
2201,14:31:30,18.23,0.0,29,52867,卖盘
2202,14:31:39,18.22,-0.01,3,5466,卖盘
2203,14:31:42,18.23,0.01,109,198657,买盘
2204,14:31:45,18.22,-0.01,24,43728,买盘
2205,14:31:51,18.21,-0.01,18,32778,卖盘
2206,14:31:54,18.22,0.01,20,36440,买盘
2207,14:32:00,18.23,0.01,27,49219,买盘
2208,14:32:04,18.22,-0.01,36,65622,卖盘
2209,14:32:06,18.22,0.0,2,3644,卖盘
2210,14:32:09,18.23,0.01,6,10938,中性盘
2211,14:32:12,18.24,0.01,31,56544,买盘
2212,14:32:15,18.24,0.0,3,5472,卖盘
2213,14:32:24,18.27,0.03,1,1827,买盘
2214,14:32:27,18.26,-0.01,6,10956,中性盘
2215,14:32:33,18.27,0.01,34,62118,买盘
2216,14:32:36,18.27,0.0,2,3654,卖盘
2217,14:32:39,18.28,0.01,58,106024,买盘
2218,14:32:45,18.29,0.01,1,1829,买盘
2219,14:32:48,18.3,0.01,94,171990,买盘
2220,14:32:51,18.3,0.0,74,135420,买盘
2221,14:32:54,18.3,0.0,1,1830,卖盘
2222,14:32:57,18.3,0.0,31,56758,卖盘
2223,14:33:03,18.31,0.01,22,40282,买盘
2224,14:33:09,18.32,0.01,22,40304,买盘
2225,14:33:12,18.31,-0.01,7,12820,卖盘
2226,14:33:15,18.32,0.01,28,51289,买盘
2227,14:33:21,18.31,-0.01,35,64085,中性盘
2228,14:33:24,18.31,0.0,30,54930,卖盘
2229,14:33:27,18.32,0.01,104,190452,买盘
2230,14:33:30,18.33,0.01,8,14663,买盘
2231,14:33:33,18.33,0.0,85,155792,买盘
2232,14:33:39,18.29,-0.04,6,10974,卖盘
2233,14:33:42,18.3,0.01,26,47580,卖盘
2234,14:33:45,18.3,0.0,26,47580,中性盘
2235,14:34:06,18.3,0.0,3,5490,买盘
2236,14:34:12,18.3,0.0,10,18293,买盘
2237,14:34:24,18.26,-0.04,20,36520,卖盘
2238,14:34:36,18.26,0.0,25,45650,卖盘
2239,14:34:39,18.26,0.0,10,18260,卖盘
2240,14:34:45,18.26,0.0,1,1826,卖盘
2241,14:34:48,18.26,0.0,34,62084,卖盘
2242,14:34:51,18.26,0.0,1,1826,卖盘
2243,14:34:54,18.26,0.0,15,27390,卖盘
2244,14:34:57,18.26,0.0,1,1826,卖盘
2245,14:35:00,18.26,0.0,26,47476,买盘
2246,14:35:04,18.26,0.0,6,10956,卖盘
2247,14:35:06,18.26,0.0,17,31042,卖盘
2248,14:35:09,18.26,0.0,54,98604,卖盘
2249,14:35:12,18.27,0.01,6,10959,买盘
2250,14:35:15,18.26,-0.01,12,21912,卖盘
2251,14:35:18,18.26,0.0,10,18260,卖盘
2252,14:35:21,18.26,0.0,14,25564,卖盘
2253,14:35:24,18.26,0.0,5,9130,卖盘
2254,14:35:30,18.26,0.0,1,1826,卖盘
2255,14:35:33,18.26,0.0,3,5478,卖盘
2256,14:35:36,18.26,0.0,4,8381,卖盘
2257,14:35:40,18.26,0.0,8,14608,卖盘
2258,14:35:43,18.26,0.0,18,32868,卖盘
2259,14:35:45,18.27,0.01,7,12784,买盘
2260,14:35:48,18.26,-0.01,13,23738,卖盘
2261,14:35:51,18.26,0.0,12,21912,卖盘
2262,14:35:54,18.26,0.0,59,107734,卖盘
2263,14:36:00,18.26,0.0,1,749,买盘
2264,14:36:06,18.25,-0.01,64,116800,卖盘
2265,14:36:09,18.25,0.0,22,40150,卖盘
2266,14:36:15,18.24,-0.01,4,7296,卖盘
2267,14:36:21,18.23,-0.01,3,5469,卖盘
2268,14:36:27,18.23,0.0,10,18232,卖盘
2269,14:36:31,18.23,0.0,4,7292,卖盘
2270,14:36:39,18.23,0.0,10,18230,卖盘
2271,14:36:45,18.23,0.0,11,20053,买盘
2272,14:36:54,18.23,0.0,3,5469,卖盘
2273,14:36:57,18.23,0.0,4,7292,卖盘
2274,14:37:00,18.23,0.0,10,18230,卖盘
2275,14:37:04,18.23,0.0,1,1823,卖盘
2276,14:37:06,18.23,0.0,12,21876,卖盘
2277,14:37:09,18.23,0.0,30,54690,卖盘
2278,14:37:15,18.23,0.0,38,69274,卖盘
2279,14:37:18,18.22,-0.01,11,20042,卖盘
2280,14:37:21,18.23,0.01,1,1823,买盘
2281,14:37:27,18.22,-0.01,200,364400,卖盘
2282,14:37:31,18.21,-0.01,32,58294,卖盘
2283,14:37:33,18.22,0.01,7,12754,买盘
2284,14:37:36,18.22,0.0,45,81990,卖盘
2285,14:37:42,18.22,0.0,4,7288,卖盘
2286,14:37:45,18.21,-0.01,3,6537,卖盘
2287,14:37:51,18.22,0.01,10,18220,买盘
2288,14:37:54,18.21,-0.01,7,12747,卖盘
2289,14:37:58,18.21,0.0,12,21852,卖盘
2290,14:38:04,18.21,0.0,4,7284,卖盘
2291,14:38:06,18.21,0.0,6,10926,卖盘
2292,14:38:09,18.21,0.0,12,20778,卖盘
2293,14:38:18,18.18,-0.03,95,172772,卖盘
2294,14:38:21,18.17,-0.01,11,19987,卖盘
2295,14:38:30,18.17,0.0,37,67229,卖盘
2296,14:38:33,18.17,0.0,7,12719,卖盘
2297,14:38:36,18.17,0.0,7,12719,卖盘
2298,14:38:39,18.17,0.0,10,18170,卖盘
2299,14:38:48,18.17,0.0,11,19987,买盘
2300,14:38:54,18.16,-0.01,2,3632,卖盘
2301,14:38:57,18.16,0.0,16,29056,卖盘
2302,14:39:04,18.14,-0.02,34,61696,卖盘
2303,14:39:06,18.16,0.02,7,12712,买盘
2304,14:39:12,18.15,-0.01,11,19966,卖盘
2305,14:39:15,18.15,0.0,11,19965,卖盘
2306,14:39:18,18.16,0.01,11,19976,买盘
2307,14:39:21,18.16,0.0,93,168895,买盘
2308,14:39:24,18.16,0.0,34,61763,卖盘
2309,14:39:27,18.17,0.01,44,79948,买盘
2310,14:39:42,18.18,0.01,1,1818,卖盘
2311,14:39:45,18.19,0.01,7,12733,买盘
2312,14:39:51,18.2,0.01,18,32760,买盘
2313,14:39:57,18.2,0.0,2,3640,卖盘
2314,14:40:06,18.21,0.01,1,1821,买盘
2315,14:40:10,18.21,0.0,31,56451,买盘
2316,14:40:15,18.21,0.0,14,25494,卖盘
2317,14:40:19,18.2,-0.01,104,189313,卖盘
2318,14:40:22,18.2,0.0,15,27300,买盘
2319,14:40:27,18.19,-0.01,45,81858,卖盘
2320,14:40:33,18.19,0.0,15,27291,卖盘
2321,14:40:39,18.19,0.0,33,60027,卖盘
2322,14:40:42,18.19,0.0,1,1819,卖盘
2323,14:40:48,18.2,0.01,6,10920,买盘
2324,14:41:00,18.2,0.0,2,3640,买盘
2325,14:41:06,18.19,-0.01,18,32743,卖盘
2326,14:41:12,18.19,0.0,17,30923,卖盘
2327,14:41:15,18.2,0.01,16,29109,买盘
2328,14:41:18,18.19,-0.01,1,1819,卖盘
2329,14:41:24,18.19,0.0,5,9095,卖盘
2330,14:41:40,18.19,0.0,10,18190,卖盘
2331,14:41:42,18.19,0.0,5,9095,卖盘
2332,14:41:51,18.19,0.0,24,43656,卖盘
2333,14:41:54,18.19,0.0,8,14552,卖盘
2334,14:42:04,18.18,-0.01,2,3636,卖盘
2335,14:42:12,18.17,-0.01,5,9085,卖盘
2336,14:42:15,18.18,0.01,30,54540,买盘
2337,14:42:24,18.17,-0.01,13,23621,卖盘
2338,14:42:36,18.17,0.0,47,85399,卖盘
2339,14:42:39,18.17,0.0,3,5451,买盘
2340,14:42:45,18.16,-0.01,8,14528,卖盘
2341,14:42:54,18.17,0.01,38,69046,买盘
2342,14:42:57,18.17,0.0,14,25439,卖盘
2343,14:43:00,18.17,0.0,10,18170,卖盘
2344,14:43:12,18.18,0.01,4,7271,买盘
2345,14:43:15,18.18,0.0,122,221686,买盘
2346,14:43:24,18.18,0.0,6,10908,买盘
2347,14:43:33,18.18,0.0,13,23634,买盘
2348,14:43:36,18.18,0.0,6,10908,卖盘
2349,14:43:42,18.18,0.0,3,5454,卖盘
2350,14:43:48,18.18,0.0,2,3636,卖盘
2351,14:43:57,18.19,0.01,2,3638,买盘
2352,14:44:00,18.19,0.0,12,21828,买盘
2353,14:44:04,18.2,0.01,16,29107,买盘
2354,14:44:12,18.2,0.0,2,3640,买盘
2355,14:44:24,18.2,0.0,27,49140,买盘
2356,14:44:27,18.2,0.0,15,27300,买盘
2357,14:44:33,18.19,-0.01,8,14555,卖盘
2358,14:44:36,18.19,0.0,17,30923,卖盘
2359,14:45:03,18.18,-0.01,36,65483,卖盘
2360,14:45:07,18.2,0.02,89,161977,买盘
2361,14:45:12,18.2,0.0,7,12740,卖盘
2362,14:45:33,18.23,0.03,55,100225,买盘
2363,14:45:52,18.2,-0.03,100,182012,卖盘
2364,14:46:09,18.22,0.02,2,3644,买盘
2365,14:46:12,18.2,-0.02,56,101925,卖盘
2366,14:46:16,18.21,0.01,13,23673,中性盘
2367,14:46:24,18.2,-0.01,1,1820,卖盘
2368,14:46:33,18.2,0.0,30,54600,买盘
2369,14:46:37,18.2,0.0,4,7280,卖盘
2370,14:46:48,18.2,0.0,90,163803,卖盘
2371,14:46:51,18.18,-0.02,22,40022,卖盘
2372,14:47:01,18.18,0.0,120,218219,卖盘
2373,14:47:06,18.19,0.01,9,16371,卖盘
2374,14:47:21,18.18,-0.01,50,90900,卖盘
2375,14:47:27,18.19,0.01,37,67303,买盘
2376,14:47:45,18.19,0.0,60,109082,买盘
2377,14:48:04,18.18,-0.01,5,9090,卖盘
2378,14:48:07,18.17,-0.01,100,181738,卖盘
2379,14:48:21,18.16,-0.01,52,94474,卖盘
2380,14:48:24,18.17,0.01,8,14536,买盘
2381,14:48:33,18.17,0.0,40,72715,卖盘
2382,14:48:36,18.17,0.0,13,23621,卖盘
2383,14:48:39,18.17,0.0,2,3634,卖盘
2384,14:48:42,18.18,0.01,2,3636,买盘
2385,14:48:45,18.18,0.0,10,18175,买盘
2386,14:48:48,18.18,0.0,20,36360,买盘
2387,14:48:51,18.17,-0.01,4,7268,卖盘
2388,14:48:57,18.18,0.01,9,16362,买盘
2389,14:49:00,18.19,0.01,10,18190,买盘
2390,14:49:04,18.18,-0.01,1,1818,卖盘
2391,14:49:06,18.19,0.01,206,374347,买盘
2392,14:49:12,18.2,0.01,3,5460,买盘
2393,14:49:15,18.2,0.0,2,3640,买盘
2394,14:49:21,18.2,0.0,8,14560,买盘
2395,14:49:24,18.19,-0.01,22,40018,卖盘
2396,14:49:33,18.18,-0.01,15,27281,卖盘
2397,14:49:36,18.19,0.01,7,12733,买盘
2398,14:49:39,18.18,-0.01,50,90900,卖盘
2399,14:49:52,18.18,0.0,16,29088,卖盘
2400,14:50:04,18.2,0.02,66,120075,买盘
2401,14:50:09,18.2,0.0,50,91000,买盘
2402,14:50:15,18.19,-0.01,4,7276,中性盘
2403,14:50:24,18.2,0.01,62,113914,买盘
2404,14:50:27,18.2,0.0,14,25489,卖盘
2405,14:50:36,18.2,0.0,33,60071,卖盘
2406,14:50:51,18.2,0.0,77,140155,卖盘
2407,14:50:57,18.21,0.01,3,5463,买盘
2408,14:51:04,18.2,-0.01,64,116481,卖盘
2409,14:51:12,18.2,0.0,180,327600,卖盘
2410,14:51:21,18.21,0.01,29,52806,买盘
2411,14:51:24,18.21,0.0,12,21852,卖盘
2412,14:51:27,18.21,0.0,2,3642,卖盘
2413,14:51:30,18.21,0.0,26,47346,卖盘
2414,14:51:36,18.21,0.0,7,11673,卖盘
2415,14:51:45,18.2,-0.01,10,18209,卖盘
2416,14:51:51,18.22,0.02,54,99451,卖盘
2417,14:52:06,18.22,0.0,13,23695,卖盘
2418,14:52:09,18.2,-0.02,10,17131,卖盘
2419,14:52:12,18.18,-0.02,120,218187,卖盘
2420,14:52:15,18.2,0.02,6,10920,买盘
2421,14:52:21,18.2,0.0,58,105551,买盘
2422,14:52:27,18.18,-0.02,2,3636,卖盘
2423,14:52:33,18.18,0.0,6,10908,卖盘
2424,14:52:36,18.19,0.01,10,18190,买盘
2425,14:52:39,18.18,-0.01,6,10908,卖盘
2426,14:53:00,18.19,0.01,2,3638,买盘
2427,14:53:04,18.19,0.0,4,7276,买盘
2428,14:53:09,18.18,-0.01,9,16362,卖盘
2429,14:53:12,18.18,0.0,19,34547,卖盘
2430,14:53:15,18.19,0.01,29,52744,买盘
2431,14:53:27,18.19,0.0,2,3638,卖盘
2432,14:53:31,18.19,0.0,30,54571,卖盘
2433,14:53:36,18.19,0.0,30,54570,卖盘
2434,14:53:39,18.2,0.01,40,72800,买盘
2435,14:53:42,18.19,-0.01,20,36380,卖盘
2436,14:53:45,18.19,0.0,14,25466,卖盘
2437,14:53:48,18.2,0.01,1,1820,买盘
2438,14:54:00,18.19,-0.01,13,23647,卖盘
2439,14:54:06,18.2,0.01,1,1820,买盘
2440,14:54:12,18.19,-0.01,32,58208,卖盘
2441,14:54:15,18.2,0.01,60,109172,买盘
2442,14:54:24,18.18,-0.02,2,3636,卖盘
2443,14:54:33,18.18,0.0,61,110898,卖盘
2444,14:54:36,18.19,0.01,1,1819,买盘
2445,14:54:39,18.18,-0.01,25,45450,卖盘
2446,14:54:42,18.18,0.0,25,45450,买盘
2447,14:54:54,18.2,0.02,228,414803,买盘
2448,14:54:57,18.19,-0.01,7,12733,中性盘
2449,14:55:00,18.19,0.0,4,7276,买盘
2450,14:55:06,18.19,0.0,1,1819,卖盘
2451,14:55:15,18.18,-0.01,1,1818,卖盘
2452,14:55:18,18.19,0.01,20,36366,买盘
2453,14:55:22,18.19,0.0,17,30923,买盘
2454,14:55:24,18.19,0.0,6,10914,买盘
2455,14:55:27,18.19,0.0,124,225556,买盘
2456,14:55:30,18.2,0.01,45,81900,买盘
2457,14:55:36,18.18,-0.02,21,38186,卖盘
2458,14:55:51,18.2,0.02,2,3640,买盘
2459,14:56:00,18.19,-0.01,3,5457,卖盘
2460,14:56:04,18.19,0.0,45,81885,卖盘
2461,14:56:06,18.19,0.0,1,1819,卖盘
2462,14:56:09,18.19,0.0,1,1819,卖盘
2463,14:56:12,18.19,0.0,47,85503,卖盘
2464,14:56:15,18.2,0.01,30,54600,买盘
2465,14:56:21,18.19,-0.01,9,16379,卖盘
2466,14:56:24,18.19,0.0,52,94595,卖盘
2467,14:56:27,18.2,0.01,11,21094,买盘
2468,14:56:31,18.2,0.0,21,37146,卖盘
2469,14:56:33,18.19,-0.01,3,5457,卖盘
2470,14:56:36,18.2,0.01,3,5460,买盘
2471,14:56:43,18.19,-0.01,2,3639,卖盘
2472,14:56:45,18.2,0.01,6,10920,买盘
2473,14:56:51,18.19,-0.01,1,1819,卖盘
2474,14:56:54,18.19,0.0,1,1819,卖盘
2475,14:56:57,18.2,0.01,19,35654,买盘
2476,14:57:00,18.2,0.0,1,1820,卖盘
2477,15:00:04,18.18,-0.02,550,999900,卖盘
