,time,price,change,volume,amount,type
0,09:25:04,15.68,-0.2,2087,3272416,卖盘
1,09:30:04,15.63,-0.05,1115,1746283,卖盘
2,09:30:06,15.68,0.05,102,160138,中性盘
3,09:30:09,15.72,0.04,16,26009,买盘
4,09:30:12,15.68,-0.04,55,85399,卖盘
5,09:30:15,15.68,0.0,12,18816,买盘
6,09:30:18,15.68,0.0,5,7840,买盘
7,09:30:21,15.65,-0.03,33,51700,卖盘
8,09:30:24,15.67,0.02,9,14103,买盘
9,09:30:27,15.7,0.03,9,14130,卖盘
10,09:30:34,15.7,0.0,78,122476,卖盘
11,09:30:40,15.71,0.01,12,18842,买盘
12,09:30:42,15.7,-0.01,69,108410,卖盘
13,09:30:45,15.71,0.01,144,226136,卖盘
14,09:30:48,15.72,0.01,13,20428,买盘
15,09:30:55,15.71,-0.01,69,108312,中性盘
16,09:30:57,15.71,0.0,5,7855,买盘
17,09:31:00,15.71,0.0,14,21994,买盘
18,09:31:04,15.7,-0.01,43,67510,卖盘
19,09:31:06,15.71,0.01,34,53383,买盘
20,09:31:09,15.71,0.0,21,32977,买盘
21,09:31:12,15.68,-0.03,213,334580,卖盘
22,09:31:15,15.7,0.02,23,36113,买盘
23,09:31:21,15.68,-0.02,12,18831,卖盘
24,09:31:24,15.69,0.01,77,120742,中性盘
25,09:31:27,15.69,0.0,2,3138,卖盘
26,09:31:30,15.69,0.0,1,1569,卖盘
27,09:31:34,15.7,0.01,411,644937,买盘
28,09:31:36,15.69,-0.01,130,204165,中性盘
29,09:31:42,15.7,0.01,2,3140,卖盘
30,09:31:45,15.75,0.05,21,33069,买盘
31,09:31:49,15.72,-0.03,121,190572,卖盘
32,09:31:51,15.72,0.0,13,20436,卖盘
33,09:31:57,15.72,0.0,19,29898,卖盘
34,09:32:00,15.75,0.03,2,3150,买盘
35,09:32:04,15.72,-0.03,49,77028,卖盘
36,09:32:06,15.72,0.0,100,157210,卖盘
37,09:32:12,15.72,0.0,1,1572,卖盘
38,09:32:15,15.75,0.03,64,100736,买盘
39,09:32:19,15.75,0.0,7,11025,买盘
40,09:32:21,15.72,-0.03,31,48742,卖盘
41,09:32:24,15.75,0.03,34,53542,买盘
42,09:32:27,15.75,0.0,20,31500,买盘
43,09:32:33,15.75,0.0,5,7875,买盘
44,09:32:36,15.73,-0.02,146,229724,卖盘
45,09:32:39,15.73,0.0,24,37752,买盘
46,09:32:42,15.75,0.02,8,12595,买盘
47,09:32:45,15.74,-0.01,5,7870,卖盘
48,09:32:48,15.75,0.01,6,9450,买盘
49,09:32:51,15.75,0.0,45,70875,买盘
50,09:32:54,15.74,-0.01,22,34629,卖盘
51,09:32:57,15.75,0.01,22,34650,买盘
52,09:33:00,15.75,0.0,27,42524,买盘
53,09:33:06,15.74,-0.01,198,311690,卖盘
54,09:33:09,15.74,0.0,15,23610,买盘
55,09:33:16,15.74,0.0,32,50368,买盘
56,09:33:18,15.75,0.01,23,36203,买盘
57,09:33:27,15.73,-0.02,32,50363,卖盘
58,09:33:30,15.75,0.02,8,12600,买盘
59,09:33:33,15.75,0.0,27,42525,买盘
60,09:33:36,15.75,0.0,1,1575,卖盘
61,09:33:39,15.75,0.0,51,80325,卖盘
62,09:33:43,15.75,0.0,27,42525,卖盘
63,09:33:45,15.75,0.0,109,171790,卖盘
64,09:33:48,15.74,-0.01,69,108668,卖盘
65,09:33:51,15.75,0.01,18,28337,买盘
66,09:33:54,15.75,0.0,162,255150,买盘
67,09:33:57,15.77,0.02,3,4731,买盘
68,09:34:04,15.75,-0.02,31,48825,卖盘
69,09:34:06,15.75,0.0,6,9450,卖盘
70,09:34:09,15.76,0.01,58,91370,买盘
71,09:34:13,15.76,0.0,25,39382,买盘
72,09:34:15,15.75,-0.01,15,23635,卖盘
73,09:34:18,15.75,0.0,5,7875,卖盘
74,09:34:21,15.76,0.01,8,12607,买盘
75,09:34:25,15.75,-0.01,65,102434,卖盘
76,09:34:27,15.75,0.0,2,3150,买盘
77,09:34:30,15.76,0.01,38,59830,买盘
78,09:34:33,15.74,-0.02,9,14170,卖盘
79,09:34:36,15.75,0.01,6,9449,中性盘
80,09:34:39,15.74,-0.01,38,59819,卖盘
81,09:34:42,15.74,0.0,56,88154,卖盘
82,09:34:45,15.76,0.02,265,417500,买盘
83,09:34:48,15.75,-0.01,32,50400,中性盘
84,09:34:52,15.74,-0.01,22,34628,卖盘
85,09:34:55,15.73,-0.01,38,59825,卖盘
86,09:34:57,15.75,0.02,6,9450,买盘
87,09:35:04,15.73,-0.02,1,1573,卖盘
88,09:35:06,15.73,0.0,2,3146,卖盘
89,09:35:09,15.76,0.03,200,315090,买盘
90,09:35:12,15.73,-0.03,40,62933,卖盘
91,09:35:18,15.74,0.01,1,1574,买盘
92,09:35:21,15.74,0.0,1,1574,卖盘
93,09:35:24,15.75,0.01,18,28350,买盘
94,09:35:27,15.74,-0.01,151,237672,卖盘
95,09:35:30,15.74,0.0,20,31480,买盘
96,09:35:33,15.72,-0.02,259,407334,卖盘
97,09:35:36,15.74,0.02,19,29896,买盘
98,09:35:39,15.75,0.01,313,492731,买盘
99,09:35:42,15.76,0.01,53,83464,买盘
100,09:35:46,15.77,0.01,75,118253,买盘
101,09:35:48,15.74,-0.03,173,272675,卖盘
102,09:35:51,15.78,0.04,10,15780,买盘
103,09:35:54,15.75,-0.03,22,34692,中性盘
104,09:35:57,15.78,0.03,21,33138,买盘
105,09:36:00,15.79,0.01,9,14203,买盘
106,09:36:04,15.78,-0.01,20,31576,卖盘
107,09:36:06,15.78,0.0,13,20514,买盘
108,09:36:09,15.77,-0.01,1,1577,卖盘
109,09:36:12,15.78,0.01,51,80484,买盘
110,09:36:16,15.77,-0.01,14,22088,卖盘
111,09:36:21,15.77,0.0,12,18924,买盘
112,09:36:24,15.78,0.01,11,17356,买盘
113,09:36:33,15.77,-0.01,5,7885,买盘
114,09:36:36,15.77,0.0,13,20501,买盘
115,09:36:39,15.78,0.01,200,315578,买盘
116,09:36:43,15.76,-0.02,35,55164,卖盘
117,09:36:46,15.77,0.01,5,7885,买盘
118,09:36:49,15.77,0.0,3,4731,买盘
119,09:36:51,15.76,-0.01,65,102446,卖盘
120,09:36:54,15.77,0.01,50,78865,卖盘
121,09:37:00,15.78,0.01,200,315500,买盘
122,09:37:04,15.78,0.0,5,7890,买盘
123,09:37:09,15.78,0.0,200,315495,买盘
124,09:37:12,15.78,0.0,1,1578,买盘
125,09:37:16,15.77,-0.01,10,15770,买盘
126,09:37:19,15.76,-0.01,10,15760,卖盘
127,09:37:21,15.76,0.0,60,94622,卖盘
128,09:37:24,15.76,0.0,217,342353,卖盘
129,09:37:30,15.75,-0.01,10,15756,买盘
130,09:37:34,15.76,0.01,3,4728,卖盘
131,09:37:36,15.78,0.02,8,12621,买盘
132,09:37:39,15.76,-0.02,7,11032,卖盘
133,09:37:46,15.78,0.02,89,140411,买盘
134,09:37:48,15.78,0.0,1,1578,买盘
135,09:37:51,15.77,-0.01,9,14194,卖盘
136,09:37:54,15.78,0.01,1,1578,买盘
137,09:37:57,15.77,-0.01,8,12616,卖盘
138,09:38:00,15.78,0.01,23,36294,买盘
139,09:38:04,15.77,-0.01,202,318754,卖盘
140,09:38:09,15.78,0.01,2,3156,买盘
141,09:38:12,15.78,0.0,1,1578,买盘
142,09:38:15,15.77,-0.01,62,97768,卖盘
143,09:38:18,15.78,0.01,34,53623,买盘
144,09:38:24,15.76,-0.02,12,18922,卖盘
145,09:38:27,15.77,0.01,21,33117,中性盘
146,09:38:30,15.77,0.0,23,36265,卖盘
147,09:38:33,15.77,0.0,4,6308,买盘
148,09:38:36,15.77,0.0,10,15770,买盘
149,09:38:39,15.75,-0.02,100,157506,卖盘
150,09:38:42,15.76,0.01,2,3152,卖盘
151,09:38:46,15.76,0.0,170,267772,卖盘
152,09:38:48,15.76,0.0,208,327895,买盘
153,09:38:52,15.76,0.0,1,1576,卖盘
154,09:38:54,15.76,0.0,42,66223,卖盘
155,09:39:04,15.77,0.01,87,137116,买盘
156,09:39:06,15.76,-0.01,5,7876,买盘
157,09:39:12,15.78,0.02,193,304417,买盘
158,09:39:15,15.78,0.0,8,12624,卖盘
159,09:39:18,15.75,-0.03,22,34678,卖盘
160,09:39:27,15.76,0.01,10,15760,买盘
161,09:39:31,15.75,-0.01,43,67725,卖盘
162,09:39:33,15.75,0.0,8,12600,买盘
163,09:39:36,15.75,0.0,202,318149,买盘
164,09:39:45,15.76,0.01,137,215718,买盘
165,09:39:48,15.74,-0.02,80,125994,卖盘
166,09:39:54,15.76,0.02,2,3152,买盘
167,09:40:00,15.75,-0.01,2,3150,卖盘
168,09:40:07,15.76,0.01,6,9451,买盘
169,09:40:09,15.75,-0.01,1,1575,卖盘
170,09:40:12,15.75,0.0,107,168525,卖盘
171,09:40:15,15.75,0.0,23,36225,买盘
172,09:40:18,15.7,-0.05,1138,1789528,卖盘
173,09:40:22,15.75,0.05,5,7875,中性盘
174,09:40:24,15.75,0.0,6,9450,卖盘
175,09:40:36,15.7,-0.05,191,300662,卖盘
176,09:40:51,15.68,-0.02,900,1411677,卖盘
177,09:41:00,15.7,0.02,6,9424,卖盘
178,09:41:03,15.67,-0.03,30,47027,卖盘
179,09:41:06,15.67,0.0,24,37619,卖盘
180,09:41:12,15.65,-0.02,210,328836,卖盘
181,09:41:15,15.7,0.05,111,174418,买盘
182,09:41:18,15.7,0.0,61,95770,卖盘
183,09:41:21,15.7,0.0,35,54950,卖盘
184,09:41:25,15.7,0.0,1,1413,买盘
185,09:41:28,15.68,-0.02,1,1568,卖盘
186,09:41:36,15.68,0.0,33,51766,卖盘
187,09:41:42,15.67,-0.01,1,1567,卖盘
188,09:41:45,15.65,-0.02,214,334928,卖盘
189,09:41:48,15.65,0.0,154,241010,买盘
190,09:41:51,15.64,-0.01,43,67269,卖盘
191,09:41:54,15.64,0.0,88,137632,卖盘
192,09:41:58,15.64,0.0,123,192372,卖盘
193,09:42:00,15.64,0.0,32,50048,买盘
194,09:42:06,15.63,-0.01,27,42222,卖盘
195,09:42:09,15.61,-0.02,503,785622,卖盘
196,09:42:12,15.64,0.03,38,59382,买盘
197,09:42:18,15.62,-0.02,10,15620,中性盘
198,09:42:21,15.62,0.0,530,828845,卖盘
199,09:42:24,15.61,-0.01,345,538555,卖盘
200,09:42:31,15.65,0.04,15,23466,买盘
201,09:42:33,15.65,0.0,604,944871,买盘
202,09:42:39,15.65,0.0,58,90829,卖盘
203,09:42:42,15.65,0.0,120,187435,买盘
204,09:42:45,15.65,0.0,7,10950,买盘
205,09:42:48,15.65,0.0,531,831003,买盘
206,09:42:52,15.65,0.0,7,10950,买盘
207,09:42:54,15.64,-0.01,60,93840,买盘
208,09:42:58,15.64,0.0,1,1564,买盘
209,09:43:00,15.63,-0.01,43,67237,卖盘
210,09:43:03,15.65,0.02,230,359874,买盘
211,09:43:06,15.63,-0.02,13,20319,买盘
212,09:43:15,15.63,0.0,143,223505,卖盘
213,09:43:18,15.65,0.02,5,7825,卖盘
214,09:43:24,15.67,0.02,7,10973,中性盘
215,09:43:27,15.67,0.0,913,1428028,买盘
216,09:43:30,15.66,-0.01,13,20358,卖盘
217,09:43:34,15.66,0.0,35,54812,买盘
218,09:43:37,15.69,0.03,126,197749,买盘
219,09:43:40,15.6,-0.09,985,1537445,卖盘
220,09:43:48,15.7,0.1,68,106745,买盘
221,09:43:51,15.68,-0.02,18,28224,买盘
222,09:43:54,15.68,0.0,32,50176,卖盘
223,09:43:58,15.68,0.0,18,28224,中性盘
224,09:44:01,15.67,-0.01,25,39196,卖盘
225,09:44:04,15.65,-0.02,250,391266,卖盘
226,09:44:06,15.65,0.0,158,247270,买盘
227,09:44:09,15.65,0.0,60,93900,买盘
228,09:44:12,15.65,0.0,43,67295,买盘
229,09:44:15,15.65,0.0,196,306720,卖盘
230,09:44:18,15.65,0.0,40,62600,买盘
231,09:44:21,15.65,0.0,1,1565,买盘
232,09:44:25,15.65,0.0,28,43799,买盘
233,09:44:27,15.65,0.0,214,334858,买盘
234,09:44:30,15.62,-0.03,21,32842,卖盘
235,09:44:33,15.62,0.0,10,15620,卖盘
236,09:44:37,15.65,0.03,52,81380,买盘
237,09:44:39,15.63,-0.02,207,323941,中性盘
238,09:44:45,15.65,0.02,201,314428,买盘
239,09:44:54,15.65,0.0,221,345844,买盘
240,09:44:57,15.64,-0.01,10,15640,卖盘
241,09:45:04,15.64,0.0,21,32838,买盘
242,09:45:06,15.65,0.01,200,312943,买盘
243,09:45:12,15.65,0.0,3,4695,买盘
244,09:45:16,15.65,0.0,3,4695,买盘
245,09:45:18,15.65,0.0,575,899859,买盘
246,09:45:21,15.68,0.03,2,3136,买盘
247,09:45:24,15.65,-0.03,14,21910,卖盘
248,09:45:27,15.65,0.0,483,755911,卖盘
249,09:45:30,15.65,0.0,21,32865,买盘
250,09:45:33,15.64,-0.01,16,25034,卖盘
251,09:45:37,15.65,0.01,4,6260,买盘
252,09:45:39,15.65,0.0,18,28154,买盘
253,09:45:45,15.67,0.02,2,3134,买盘
254,09:45:48,15.65,-0.02,223,349368,卖盘
255,09:45:52,15.65,0.0,2,3130,买盘
256,09:45:54,15.65,0.0,13,20345,买盘
257,09:45:58,15.64,-0.01,409,640467,卖盘
258,09:46:03,15.65,0.01,7,10955,卖盘
259,09:46:09,15.67,0.02,5,7835,买盘
260,09:46:12,15.67,0.0,11,17237,买盘
261,09:46:15,15.67,0.0,1,1567,买盘
262,09:46:18,15.67,0.0,12,18804,买盘
263,09:46:21,15.68,0.01,3,4704,买盘
264,09:46:27,15.67,-0.01,32,50145,卖盘
265,09:46:33,15.7,0.03,434,681220,买盘
266,09:46:36,15.67,-0.03,76,119311,卖盘
267,09:46:42,15.67,0.0,5,7835,卖盘
268,09:46:46,15.69,0.02,38,59622,买盘
269,09:46:48,15.69,0.0,1,1569,卖盘
270,09:46:51,15.69,0.0,1,1569,卖盘
271,09:46:54,15.7,0.01,2,3140,买盘
272,09:46:57,15.7,0.0,41,64370,卖盘
273,09:47:04,15.69,-0.01,8,12552,卖盘
274,09:47:09,15.7,0.01,5,7850,买盘
275,09:47:19,15.7,0.0,16,25120,买盘
276,09:47:21,15.7,0.0,14,21980,买盘
277,09:47:24,15.71,0.01,14,21991,买盘
278,09:47:27,15.71,0.0,8,12568,买盘
279,09:47:30,15.72,0.01,89,139743,买盘
280,09:47:33,15.69,-0.03,39,61284,卖盘
281,09:47:36,15.69,0.0,2,3138,卖盘
282,09:47:48,15.73,0.04,135,212318,买盘
283,09:47:52,15.73,0.0,8,12563,买盘
284,09:47:57,15.7,-0.03,15,23550,卖盘
285,09:48:00,15.7,0.0,8,12560,卖盘
286,09:48:04,15.76,0.06,210,330610,买盘
287,09:48:09,15.75,-0.01,36,56692,买盘
288,09:48:13,15.7,-0.05,84,132152,卖盘
289,09:48:19,15.7,0.0,2,3140,卖盘
290,09:48:22,15.74,0.04,13,20462,买盘
291,09:48:30,15.74,0.0,52,81862,买盘
292,09:48:33,15.76,0.02,126,198322,买盘
293,09:48:37,15.75,-0.01,63,99225,买盘
294,09:48:40,15.75,0.0,11,17325,买盘
295,09:48:48,15.75,0.0,1,1575,中性盘
296,09:48:51,15.73,-0.02,1,1573,卖盘
297,09:48:54,15.73,0.0,201,316976,卖盘
298,09:48:57,15.73,0.0,31,48853,卖盘
299,09:49:00,15.76,0.03,16,25213,中性盘
300,09:49:04,15.73,-0.03,5,7865,卖盘
301,09:49:06,15.76,0.03,49,77224,买盘
302,09:49:09,15.76,0.0,42,66192,卖盘
303,09:49:12,15.75,-0.01,12,18900,买盘
304,09:49:15,15.75,0.0,32,50400,买盘
305,09:49:18,15.73,-0.02,41,64513,卖盘
306,09:49:24,15.72,-0.01,14,22019,卖盘
307,09:49:30,15.73,0.01,17,26726,卖盘
308,09:49:33,15.71,-0.02,40,62594,卖盘
309,09:49:36,15.73,0.02,1,1573,买盘
310,09:49:40,15.75,0.02,201,316573,买盘
311,09:49:45,15.73,-0.02,7,11011,卖盘
312,09:49:48,15.73,0.0,142,223733,卖盘
313,09:49:51,15.73,0.0,1,1573,卖盘
314,09:49:54,15.76,0.03,462,728107,买盘
315,09:49:57,15.76,0.0,38,59888,卖盘
316,09:50:00,15.75,-0.01,2,3150,卖盘
317,09:50:03,15.75,0.0,2,3150,卖盘
318,09:50:06,15.76,0.01,38,59881,买盘
319,09:50:09,15.76,0.0,76,119776,卖盘
320,09:50:12,15.77,0.01,202,318543,买盘
321,09:50:21,15.74,-0.03,108,170021,中性盘
322,09:50:24,15.75,0.01,6,9448,买盘
323,09:50:27,15.75,0.0,201,316711,买盘
324,09:50:30,15.76,0.01,18,28363,买盘
325,09:50:33,15.73,-0.03,102,161300,卖盘
326,09:50:36,15.73,0.0,113,177094,卖盘
327,09:50:39,15.75,0.02,48,75600,卖盘
328,09:50:42,15.73,-0.02,10,15738,卖盘
329,09:50:45,15.73,0.0,1,1573,卖盘
330,09:50:49,15.73,0.0,8,12598,卖盘
331,09:50:51,15.73,0.0,3,4719,卖盘
332,09:50:54,15.75,0.02,6,9444,买盘
333,09:50:57,15.74,-0.01,3,4722,卖盘
334,09:51:00,15.75,0.01,18,28344,买盘
335,09:51:03,15.73,-0.02,82,128986,卖盘
336,09:51:06,15.75,0.02,210,330712,买盘
337,09:51:10,15.73,-0.02,2,3146,卖盘
338,09:51:12,15.74,0.01,8,12511,中性盘
339,09:51:16,15.76,0.02,182,286529,买盘
340,09:51:18,15.73,-0.03,323,508538,卖盘
341,09:51:21,15.72,-0.01,1,1572,卖盘
342,09:51:24,15.75,0.03,8,12483,买盘
343,09:51:27,15.7,-0.05,511,802343,卖盘
344,09:51:30,15.72,0.02,2,3144,买盘
345,09:51:33,15.71,-0.01,231,363553,中性盘
346,09:51:36,15.71,0.0,125,196448,卖盘
347,09:51:43,15.7,-0.01,89,139729,买盘
348,09:51:45,15.7,0.0,200,314000,买盘
349,09:51:49,15.7,0.0,98,153860,买盘
350,09:51:51,15.75,0.05,105,165330,买盘
351,09:51:54,15.73,-0.02,1,1573,卖盘
352,09:51:57,15.7,-0.03,312,490528,卖盘
353,09:52:00,15.7,0.0,72,113040,买盘
354,09:52:04,15.69,-0.01,83,130227,卖盘
355,09:52:06,15.7,0.01,614,963976,买盘
356,09:52:15,15.7,0.0,992,1557542,卖盘
357,09:52:19,15.7,0.0,14,21980,买盘
358,09:52:21,15.7,0.0,33,51810,买盘
359,09:52:24,15.7,0.0,2,3140,买盘
360,09:52:27,15.7,0.0,20,31400,买盘
361,09:52:30,15.69,-0.01,533,836777,卖盘
362,09:52:33,15.7,0.01,53,83163,买盘
363,09:52:36,15.69,-0.01,53,84429,卖盘
364,09:52:39,15.69,0.0,2,3139,卖盘
365,09:52:48,15.65,-0.04,980,1535761,卖盘
366,09:52:54,15.7,0.05,1,1570,卖盘
367,09:52:58,15.73,0.03,337,529857,买盘
368,09:53:04,15.71,-0.02,90,141387,卖盘
369,09:53:06,15.72,0.01,51,80147,买盘
370,09:53:09,15.71,-0.01,1,1571,买盘
371,09:53:15,15.71,0.0,1,1571,卖盘
372,09:53:18,15.71,0.0,13,20423,卖盘
373,09:53:22,15.71,0.0,6,9426,卖盘
374,09:53:24,15.72,0.01,3,4716,买盘
375,09:53:27,15.71,-0.01,6,9426,卖盘
376,09:53:30,15.65,-0.06,658,1031301,卖盘
377,09:53:33,15.65,0.0,279,436617,买盘
378,09:53:36,15.65,0.0,124,194060,买盘
379,09:53:40,15.65,0.0,65,101725,买盘
380,09:53:43,15.65,0.0,1682,2631827,买盘
381,09:53:45,15.71,0.06,7,10997,买盘
382,09:53:48,15.72,0.01,143,224717,买盘
383,09:53:57,15.67,-0.05,165,258741,卖盘
384,09:54:00,15.68,0.01,140,219385,买盘
385,09:54:06,15.69,0.01,3,4707,卖盘
386,09:54:09,15.7,0.01,2,3140,卖盘
387,09:54:12,15.7,0.0,10,15708,卖盘
388,09:54:15,15.7,0.0,1,1570,卖盘
389,09:54:18,15.71,0.01,2,3142,买盘
390,09:54:24,15.7,-0.01,15,23550,卖盘
391,09:54:27,15.7,0.0,2,3140,卖盘
392,09:54:30,15.7,0.0,124,194680,买盘
393,09:54:33,15.7,0.0,10,15700,买盘
394,09:54:36,15.67,-0.03,1,1567,卖盘
395,09:54:43,15.69,0.02,14,21966,买盘
396,09:54:51,15.69,0.0,14,21966,买盘
397,09:54:54,15.67,-0.02,14,21938,卖盘
398,09:54:57,15.68,0.01,61,95648,卖盘
399,09:55:01,15.69,0.01,14,21966,买盘
400,09:55:06,15.67,-0.02,15,23513,卖盘
401,09:55:12,15.69,0.02,185,290163,买盘
402,09:55:18,15.67,-0.02,18,28206,卖盘
403,09:55:22,15.68,0.01,17,26650,中性盘
404,09:55:30,15.69,0.01,3,4707,买盘
405,09:55:37,15.68,-0.01,137,214816,卖盘
406,09:55:42,15.68,0.0,15,23520,卖盘
407,09:55:48,15.69,0.01,112,175728,买盘
408,09:55:58,15.69,0.0,12,18828,买盘
409,09:56:00,15.69,0.0,11,17259,买盘
410,09:56:03,15.69,0.0,6,9414,买盘
411,09:56:06,15.68,-0.01,123,192874,卖盘
412,09:56:09,15.68,0.0,9,14120,卖盘
413,09:56:13,15.69,0.01,10,15690,中性盘
414,09:56:18,15.7,0.01,1,1570,买盘
415,09:56:21,15.69,-0.01,50,78450,卖盘
416,09:56:36,15.69,0.0,8,12552,卖盘
417,09:56:40,15.69,0.0,14,21966,卖盘
418,09:56:45,15.68,-0.01,30,47040,卖盘
419,09:56:48,15.68,0.0,157,246176,卖盘
420,09:56:51,15.68,0.0,119,186592,买盘
421,09:56:57,15.65,-0.03,917,1435075,卖盘
422,09:57:06,15.64,-0.01,55,86032,卖盘
423,09:57:09,15.64,0.0,29,45356,卖盘
424,09:57:15,15.64,0.0,7,10948,买盘
425,09:57:18,15.64,0.0,6,9381,买盘
426,09:57:21,15.63,-0.01,7,10946,卖盘
427,09:57:24,15.63,0.0,68,106309,卖盘
428,09:57:27,15.63,0.0,37,57849,卖盘
429,09:57:31,15.64,0.01,1,1564,中性盘
430,09:57:33,15.64,0.0,6,9381,卖盘
431,09:57:36,15.64,0.0,22,34410,卖盘
432,09:57:39,15.64,0.0,81,126684,卖盘
433,09:57:42,15.65,0.01,500,782488,买盘
434,09:57:45,15.65,0.0,10,15650,买盘
435,09:57:48,15.68,0.03,115,180146,买盘
436,09:57:51,15.62,-0.06,300,468961,卖盘
437,09:58:01,15.63,0.01,3,4689,卖盘
438,09:58:04,15.63,0.0,22,34386,卖盘
439,09:58:06,15.64,0.01,19,29715,中性盘
440,09:58:09,15.63,-0.01,31,48463,卖盘
441,09:58:12,15.63,0.0,71,110973,卖盘
442,09:58:18,15.63,0.0,109,170201,买盘
443,09:58:21,15.61,-0.02,248,387409,卖盘
444,09:58:24,15.63,0.02,10,15630,买盘
445,09:58:27,15.62,-0.01,86,134332,卖盘
446,09:58:30,15.62,0.0,4,6251,卖盘
447,09:58:33,15.63,0.01,120,187559,买盘
448,09:58:36,15.63,0.0,135,211123,卖盘
449,09:58:39,15.63,0.0,1,1563,卖盘
450,09:58:42,15.63,0.0,82,128166,卖盘
451,09:58:46,15.64,0.01,81,126637,买盘
452,09:58:49,15.63,-0.01,23,35949,卖盘
453,09:58:51,15.62,-0.01,10,15620,卖盘
454,09:58:54,15.63,0.01,4,6250,买盘
455,09:58:57,15.64,0.01,92,143740,买盘
456,09:59:00,15.64,0.0,503,785269,买盘
457,09:59:06,15.63,-0.01,11,17193,买盘
458,09:59:09,15.63,0.0,505,790255,卖盘
459,09:59:12,15.63,0.0,24,37512,卖盘
460,09:59:15,15.63,0.0,2,3126,买盘
461,09:59:18,15.63,0.0,49,76587,买盘
462,09:59:27,15.64,0.01,75,117181,中性盘
463,09:59:30,15.65,0.01,235,367572,买盘
464,09:59:36,15.66,0.01,1,1566,中性盘
465,09:59:39,15.66,0.0,25,39190,卖盘
466,09:59:43,15.67,0.01,22,34474,中性盘
467,09:59:45,15.68,0.01,360,563999,买盘
468,09:59:48,15.67,-0.01,44,68948,中性盘
469,09:59:51,15.68,0.01,123,192864,买盘
470,09:59:57,15.66,-0.02,42,65810,卖盘
471,10:00:00,15.66,0.0,7,10962,买盘
472,10:00:04,15.66,0.0,5,7830,买盘
473,10:00:06,15.66,0.0,8,12528,买盘
474,10:00:10,15.65,-0.01,12,18781,卖盘
475,10:00:15,15.65,0.0,67,104855,卖盘
476,10:00:18,15.65,0.0,1,1565,买盘
477,10:00:22,15.65,0.0,13,20345,买盘
478,10:00:24,15.64,-0.01,175,273702,卖盘
479,10:00:27,15.65,0.01,64,100101,买盘
480,10:00:36,15.65,0.0,2,3130,买盘
481,10:00:39,15.65,0.0,61,95419,买盘
482,10:00:45,15.65,0.0,109,170500,买盘
483,10:00:49,15.65,0.0,3,4695,买盘
484,10:00:51,15.65,0.0,1,1565,买盘
485,10:00:57,15.64,-0.01,67,104811,卖盘
486,10:01:03,15.65,0.01,1,1565,中性盘
487,10:01:10,15.64,-0.01,14,21896,卖盘
488,10:01:12,15.65,0.01,15,23475,买盘
489,10:01:18,15.66,0.01,2,3131,买盘
490,10:01:21,15.65,-0.01,52,81383,卖盘
491,10:01:27,15.63,-0.02,68,106335,卖盘
492,10:01:30,15.65,0.02,4,6260,买盘
493,10:01:33,15.65,0.0,2,3130,卖盘
494,10:01:40,15.65,0.0,2,3130,卖盘
495,10:01:45,15.65,0.0,9,14090,卖盘
496,10:01:48,15.65,0.0,24,37570,卖盘
497,10:01:51,15.66,0.01,134,209767,买盘
498,10:01:54,15.65,-0.01,2,3130,卖盘
499,10:01:57,15.64,-0.01,63,98532,卖盘
500,10:02:09,15.64,0.0,39,60996,卖盘
501,10:02:15,15.64,0.0,2,3128,买盘
502,10:02:18,15.63,-0.01,77,120353,卖盘
503,10:02:21,15.64,0.01,19,29716,买盘
504,10:02:24,15.64,0.0,5,7820,买盘
505,10:02:30,15.63,-0.01,84,130670,卖盘
506,10:02:33,15.64,0.01,55,86020,买盘
507,10:02:36,15.63,-0.01,56,88161,卖盘
508,10:02:39,15.64,0.01,14,21049,买盘
509,10:02:49,15.64,0.0,35,55585,卖盘
510,10:02:52,15.64,0.0,1,1564,买盘
511,10:02:57,15.64,0.0,5,7817,买盘
512,10:03:00,15.64,0.0,84,130755,买盘
513,10:03:06,15.63,-0.01,4,6255,卖盘
514,10:03:09,15.63,0.0,50,78572,卖盘
515,10:03:12,15.63,0.0,1,1563,卖盘
516,10:03:15,15.63,0.0,4,6252,卖盘
517,10:03:19,15.63,0.0,76,118789,卖盘
518,10:03:21,15.63,0.0,108,168931,卖盘
519,10:03:24,15.63,0.0,35,54703,买盘
520,10:03:27,15.63,0.0,5,7813,买盘
521,10:03:30,15.63,0.0,123,191238,买盘
522,10:03:33,15.63,0.0,333,520485,卖盘
523,10:03:36,15.63,0.0,2,3126,买盘
524,10:03:42,15.62,0.0,10,15620,买盘
525,10:03:45,15.63,0.01,48,74904,买盘
526,10:03:48,15.62,-0.01,12,18744,卖盘
527,10:03:51,15.62,0.0,194,303143,卖盘
528,10:03:54,15.61,-0.01,400,624554,卖盘
529,10:04:00,15.62,0.01,88,136759,卖盘
530,10:04:06,15.6,-0.02,509,794221,卖盘
531,10:04:09,15.61,0.01,49,77676,中性盘
532,10:04:12,15.61,0.0,100,156100,卖盘
533,10:04:15,15.6,-0.01,1000,1560357,卖盘
534,10:04:19,15.6,0.0,30,46804,卖盘
535,10:04:22,15.6,0.0,356,555273,卖盘
536,10:04:24,15.6,0.0,111,172942,卖盘
537,10:04:27,15.6,0.0,39,60811,买盘
538,10:04:30,15.59,-0.01,233,362720,卖盘
539,10:04:33,15.59,0.0,9,14695,买盘
540,10:04:36,15.59,0.0,11,17149,买盘
541,10:04:39,15.58,-0.01,65,101270,卖盘
542,10:04:43,15.58,0.0,339,528458,卖盘
543,10:04:48,15.59,0.01,32,49559,买盘
544,10:04:51,15.58,-0.01,46,70879,中性盘
545,10:04:55,15.57,-0.01,45,70080,卖盘
546,10:04:57,15.56,-0.01,269,419358,卖盘
547,10:05:00,15.56,0.0,110,171445,卖盘
548,10:05:04,15.56,0.0,110,170886,卖盘
549,10:05:06,15.55,-0.01,1,1555,卖盘
550,10:05:09,15.55,0.0,49,76195,卖盘
551,10:05:12,15.55,0.0,214,332770,卖盘
552,10:05:16,15.55,0.0,15,23325,买盘
553,10:05:18,15.55,0.0,5,7775,买盘
554,10:05:21,15.54,-0.01,59,91724,卖盘
555,10:05:24,15.58,0.04,824,1281464,买盘
556,10:05:27,15.58,0.0,98,153588,卖盘
557,10:05:30,15.6,0.02,74,115310,买盘
558,10:05:33,15.59,-0.01,13,20267,卖盘
559,10:05:36,15.59,0.0,18,28062,买盘
560,10:05:39,15.59,0.0,37,57653,买盘
561,10:05:43,15.6,0.01,206,320268,买盘
562,10:05:52,15.59,-0.01,126,196910,卖盘
563,10:05:54,15.59,0.0,66,102536,卖盘
564,10:05:57,15.59,0.0,11,17149,买盘
565,10:06:00,15.56,-0.03,97,151023,卖盘
566,10:06:04,15.58,0.02,2,3973,卖盘
567,10:06:09,15.58,0.0,37,57107,买盘
568,10:06:12,15.58,0.0,14,22934,卖盘
569,10:06:16,15.6,0.02,5,7797,买盘
570,10:06:18,15.58,-0.02,3,4676,卖盘
571,10:06:21,15.58,0.0,34,53002,卖盘
572,10:06:24,15.59,0.01,74,115317,中性盘
573,10:06:27,15.59,0.0,3,4677,买盘
574,10:06:30,15.6,0.01,154,240127,买盘
575,10:06:33,15.58,-0.02,16,23986,卖盘
576,10:06:37,15.58,0.0,703,1096496,卖盘
577,10:06:39,15.6,0.02,97,151374,卖盘
578,10:06:42,15.6,0.0,98,152850,卖盘
579,10:06:45,15.61,0.01,15,23415,买盘
580,10:06:48,15.61,0.0,259,404299,买盘
581,10:06:51,15.65,0.04,10,15632,买盘
582,10:06:54,15.61,-0.04,11,17628,卖盘
583,10:06:58,15.64,0.03,8,12512,买盘
584,10:07:00,15.61,-0.03,71,110831,卖盘
585,10:07:04,15.62,0.01,34,53126,卖盘
586,10:07:09,15.6,-0.02,161,250708,卖盘
587,10:07:12,15.58,-0.02,42,64795,卖盘
588,10:07:16,15.6,0.02,57,88920,买盘
589,10:07:19,15.6,0.0,11,17160,买盘
590,10:07:21,15.6,0.0,28,43680,买盘
591,10:07:24,15.6,0.0,69,107911,买盘
592,10:07:27,15.59,-0.01,90,139835,卖盘
593,10:07:30,15.62,0.03,11,17166,买盘
594,10:07:33,15.6,-0.02,90,141579,卖盘
595,10:07:39,15.61,0.01,17,26530,买盘
596,10:07:42,15.6,-0.01,2,3120,卖盘
597,10:07:46,15.6,0.0,12,18533,卖盘
598,10:07:49,15.62,0.02,23,35894,买盘
599,10:07:51,15.64,0.02,80,125064,买盘
600,10:07:54,15.62,-0.02,2,2171,中性盘
601,10:07:57,15.62,0.0,1,1562,卖盘
602,10:08:00,15.6,-0.02,69,107681,卖盘
603,10:08:04,15.6,0.0,17,27383,卖盘
604,10:08:09,15.6,0.0,19,29650,卖盘
605,10:08:12,15.6,0.0,29,45240,卖盘
606,10:08:16,15.6,0.0,11,16458,卖盘
607,10:08:18,15.6,0.0,27,42122,卖盘
608,10:08:24,15.62,0.02,306,477678,卖盘
609,10:08:27,15.61,-0.01,1,1561,卖盘
610,10:08:30,15.6,-0.01,638,996936,卖盘
611,10:08:33,15.62,0.02,3,4686,中性盘
612,10:08:36,15.61,-0.01,37,57757,卖盘
613,10:08:39,15.61,0.0,36,56165,买盘
614,10:08:43,15.6,-0.01,1,1560,卖盘
615,10:08:45,15.61,0.01,38,59314,买盘
616,10:08:48,15.61,0.0,8,12488,买盘
617,10:08:51,15.61,0.0,22,34342,买盘
618,10:08:54,15.6,-0.01,69,106562,卖盘
619,10:08:57,15.61,0.01,6,9366,买盘
620,10:09:01,15.59,-0.02,277,432117,卖盘
621,10:09:04,15.6,0.01,17,26520,买盘
622,10:09:06,15.59,-0.01,5,7795,卖盘
623,10:09:09,15.59,0.0,70,109070,买盘
624,10:09:12,15.59,0.0,42,66008,买盘
625,10:09:15,15.6,0.01,25,39303,买盘
626,10:09:22,15.6,0.0,13,20275,买盘
627,10:09:25,15.6,0.0,9,14040,买盘
628,10:09:27,15.59,-0.01,8,12550,卖盘
629,10:09:30,15.58,-0.01,137,213576,卖盘
630,10:09:33,15.59,0.01,166,258902,中性盘
631,10:09:37,15.6,0.01,39,60824,买盘
632,10:09:39,15.59,-0.01,32,49888,卖盘
633,10:09:43,15.6,0.01,13,20280,买盘
634,10:09:45,15.59,-0.01,7,11069,卖盘
635,10:09:51,15.6,0.01,95,146913,买盘
636,10:09:54,15.59,-0.01,91,141879,卖盘
637,10:09:57,15.6,0.01,6,9374,买盘
638,10:10:00,15.59,-0.01,105,163795,卖盘
639,10:10:04,15.59,0.0,142,221378,卖盘
640,10:10:06,15.59,0.0,27,43169,卖盘
641,10:10:09,15.58,-0.01,59,91923,卖盘
642,10:10:12,15.59,0.01,5,7795,卖盘
643,10:10:18,15.6,0.01,70,107994,买盘
644,10:10:27,15.61,0.01,8,13917,买盘
645,10:10:30,15.61,0.0,4,6243,买盘
646,10:10:33,15.6,-0.01,70,109195,卖盘
647,10:10:36,15.59,-0.01,9,12924,卖盘
648,10:10:39,15.6,0.01,512,798720,买盘
649,10:10:42,15.6,0.0,3,4680,买盘
650,10:10:45,15.6,0.0,2,3120,买盘
651,10:10:48,15.6,0.0,55,86574,买盘
652,10:10:54,15.6,0.0,18,28080,卖盘
653,10:10:57,15.59,-0.01,6,8668,卖盘
654,10:11:00,15.6,0.01,300,468000,买盘
655,10:11:04,15.59,-0.01,154,240086,卖盘
656,10:11:06,15.59,0.0,35,55113,卖盘
657,10:11:09,15.59,0.0,46,71745,卖盘
658,10:11:13,15.6,0.01,6,9360,买盘
659,10:11:15,15.59,-0.01,98,152782,卖盘
660,10:11:18,15.6,0.01,39,61034,买盘
661,10:11:21,15.59,-0.01,1,1559,卖盘
662,10:11:27,15.59,0.0,21,32450,卖盘
663,10:11:31,15.59,0.0,90,140310,卖盘
664,10:11:33,15.59,0.0,371,577556,卖盘
665,10:11:36,15.58,-0.01,30,46740,卖盘
666,10:11:39,15.58,0.0,331,516430,卖盘
667,10:11:42,15.58,0.0,2,3116,买盘
668,10:11:45,15.58,0.0,39,60762,买盘
669,10:11:48,15.57,-0.01,58,90713,卖盘
670,10:11:51,15.58,0.01,124,193162,买盘
671,10:11:54,15.57,-0.01,86,133906,卖盘
672,10:11:58,15.58,0.01,2,3116,买盘
673,10:12:00,15.57,-0.01,67,103934,卖盘
674,10:12:04,15.57,0.0,74,115145,买盘
675,10:12:06,15.56,-0.01,80,124480,卖盘
676,10:12:09,15.56,0.0,63,97986,卖盘
677,10:12:12,15.56,0.0,87,135372,卖盘
678,10:12:15,15.56,0.0,21,32754,卖盘
679,10:12:18,15.56,0.0,231,358472,买盘
680,10:12:24,15.56,0.0,2,3112,买盘
681,10:12:28,15.55,-0.01,34,52884,卖盘
682,10:12:30,15.56,0.01,30,47184,买盘
683,10:12:33,15.55,-0.01,69,107301,卖盘
684,10:12:36,15.55,0.0,108,167940,卖盘
685,10:12:39,15.55,0.0,23,36288,卖盘
686,10:12:42,15.56,0.01,17,26440,买盘
687,10:12:45,15.56,0.0,6,9336,买盘
688,10:12:48,15.56,0.0,97,150839,买盘
689,10:12:51,15.55,-0.01,11,17001,卖盘
690,10:12:54,15.56,0.01,424,658920,买盘
691,10:12:57,15.55,-0.01,18,27990,卖盘
692,10:13:00,15.55,0.0,16,24880,卖盘
693,10:13:04,15.53,-0.02,66,102508,卖盘
694,10:13:06,15.53,0.0,1,1553,卖盘
695,10:13:09,15.53,0.0,39,60745,卖盘
696,10:13:13,15.53,0.0,35,54355,卖盘
697,10:13:15,15.54,0.01,337,523312,买盘
698,10:13:18,15.51,-0.03,735,1140931,卖盘
699,10:13:21,15.52,0.01,10,15520,中性盘
700,10:13:24,15.52,0.0,12,18624,买盘
701,10:13:27,15.52,0.0,19,29643,买盘
702,10:13:30,15.52,0.0,196,304037,卖盘
703,10:13:33,15.51,-0.01,79,122536,卖盘
704,10:13:36,15.51,0.0,133,206301,卖盘
705,10:13:39,15.51,0.0,933,1447083,卖盘
706,10:13:46,15.51,0.0,13,20160,买盘
707,10:13:48,15.51,0.0,328,508428,买盘
708,10:13:51,15.51,0.0,316,490488,买盘
709,10:13:54,15.51,0.0,111,172156,买盘
710,10:13:57,15.51,0.0,272,421872,买盘
711,10:14:00,15.5,-0.01,79,121673,卖盘
712,10:14:04,15.51,0.01,3,4653,卖盘
713,10:14:06,15.51,0.0,82,127197,卖盘
714,10:14:10,15.51,0.0,101,156665,卖盘
715,10:14:12,15.51,0.0,88,137343,卖盘
716,10:14:15,15.52,0.01,10,15520,买盘
717,10:14:18,15.52,0.0,104,161408,买盘
718,10:14:21,15.51,-0.01,68,105397,卖盘
719,10:14:24,15.52,0.01,39,60501,买盘
720,10:14:27,15.51,-0.01,3,4653,卖盘
721,10:14:30,15.52,0.01,206,319712,买盘
722,10:14:33,15.52,0.0,39,59575,买盘
723,10:14:36,15.52,0.0,121,188185,买盘
724,10:14:39,15.52,0.0,66,101951,卖盘
725,10:14:42,15.52,0.0,147,227821,买盘
726,10:14:49,15.53,0.01,9,13977,买盘
727,10:14:51,15.53,0.0,181,281481,买盘
728,10:14:54,15.53,0.0,8,12424,卖盘
729,10:15:00,15.54,0.01,7,10878,买盘
730,10:15:03,15.53,-0.01,21,32349,卖盘
731,10:15:06,15.52,-0.01,63,97797,卖盘
732,10:15:09,15.54,0.02,123,191136,买盘
733,10:15:12,15.53,-0.01,85,132005,卖盘
734,10:15:15,15.54,0.01,27,41928,买盘
735,10:15:21,15.53,-0.01,11,17090,卖盘
736,10:15:24,15.52,-0.01,5,7760,卖盘
737,10:15:27,15.53,0.01,29,45014,买盘
738,10:15:30,15.53,0.0,40,62120,买盘
739,10:15:33,15.53,0.0,99,154823,买盘
740,10:15:36,15.52,-0.01,265,410790,卖盘
741,10:15:42,15.53,0.01,80,124214,卖盘
742,10:15:46,15.53,0.0,10,15530,买盘
743,10:15:49,15.53,0.0,10,15521,买盘
744,10:15:51,15.53,0.0,30,46590,买盘
745,10:15:54,15.54,0.01,162,252354,买盘
746,10:16:03,15.54,0.0,34,51727,买盘
747,10:16:06,15.55,0.01,75,116506,买盘
748,10:16:12,15.53,-0.02,11,16819,卖盘
749,10:16:18,15.54,0.01,29,45056,买盘
750,10:16:24,15.53,-0.01,8,12393,卖盘
751,10:16:33,15.53,0.0,4,7458,卖盘
752,10:16:36,15.54,0.01,101,156888,买盘
753,10:16:40,15.54,0.0,24,37296,买盘
754,10:16:42,15.53,-0.01,79,122691,卖盘
755,10:16:46,15.54,0.01,40,61497,买盘
756,10:16:48,15.54,0.0,50,77700,买盘
757,10:16:51,15.55,0.01,3,4665,买盘
758,10:16:54,15.54,-0.01,19,29930,卖盘
759,10:16:57,15.54,0.0,89,138306,卖盘
760,10:17:04,15.54,0.0,11,17296,卖盘
761,10:17:06,15.53,-0.01,214,331888,卖盘
762,10:17:09,15.54,0.01,5,7770,买盘
763,10:17:12,15.53,-0.01,6,9318,卖盘
764,10:17:15,15.53,0.0,103,159912,卖盘
765,10:17:18,15.54,0.01,44,68376,买盘
766,10:17:21,15.54,0.0,205,318570,买盘
767,10:17:24,15.54,0.0,38,59311,买盘
768,10:17:33,15.54,0.0,12,18652,卖盘
769,10:17:36,15.53,-0.01,70,108448,卖盘
770,10:17:42,15.55,0.02,32,49749,买盘
771,10:17:45,15.52,-0.03,568,881935,卖盘
772,10:17:48,15.54,0.02,215,334213,买盘
773,10:17:52,15.52,-0.02,91,141406,卖盘
774,10:17:55,15.53,0.01,164,254932,卖盘
775,10:18:00,15.53,0.0,24,37272,买盘
776,10:18:04,15.5,-0.03,2104,3262131,卖盘
777,10:18:06,15.5,0.0,69,106950,卖盘
778,10:18:09,15.51,0.01,12,18612,买盘
779,10:18:12,15.5,-0.01,23,35672,卖盘
780,10:18:16,15.5,0.0,486,753654,卖盘
781,10:18:18,15.5,0.0,308,477400,买盘
782,10:18:22,15.5,0.0,2,3100,买盘
783,10:18:24,15.49,-0.01,82,126894,卖盘
784,10:18:27,15.5,0.01,136,211234,买盘
785,10:18:30,15.5,0.0,191,295603,卖盘
786,10:18:33,15.5,0.0,22,34099,买盘
787,10:18:36,15.48,-0.02,80,123979,卖盘
788,10:18:39,15.5,0.02,954,1478814,买盘
789,10:18:43,15.5,0.0,36,55802,卖盘
790,10:18:45,15.5,0.0,50,77364,卖盘
791,10:18:49,15.5,0.0,201,312030,买盘
792,10:18:51,15.51,0.01,9,13959,买盘
793,10:18:54,15.5,-0.01,5,7750,卖盘
794,10:18:57,15.51,0.01,56,86861,买盘
795,10:19:04,15.51,0.0,23,35673,买盘
796,10:19:06,15.51,0.0,85,130433,买盘
797,10:19:09,15.51,0.0,6,9306,卖盘
798,10:19:12,15.5,-0.01,532,825552,卖盘
799,10:19:15,15.49,-0.01,17,26813,卖盘
800,10:19:18,15.49,0.0,81,125469,卖盘
801,10:19:22,15.5,0.01,153,237106,买盘
802,10:19:24,15.5,0.0,33,51145,买盘
803,10:19:27,15.49,-0.01,105,161706,卖盘
804,10:19:30,15.5,0.01,11,17050,买盘
805,10:19:33,15.5,0.0,435,674916,买盘
806,10:19:36,15.5,0.0,85,131502,卖盘
807,10:19:39,15.5,0.0,37,56932,卖盘
808,10:19:42,15.5,0.0,25,38750,买盘
809,10:19:46,15.5,0.0,113,175150,买盘
810,10:19:48,15.5,0.0,99,153992,卖盘
811,10:19:51,15.51,0.01,71,110051,买盘
812,10:19:54,15.52,0.01,42,65171,买盘
813,10:19:58,15.5,-0.02,289,447536,卖盘
814,10:20:00,15.5,0.0,7,10850,买盘
815,10:20:04,15.49,-0.01,65,100749,卖盘
816,10:20:06,15.5,0.01,12,18600,买盘
817,10:20:10,15.5,0.0,268,415332,买盘
818,10:20:12,15.5,0.0,11,17050,买盘
819,10:20:15,15.5,0.0,14,21700,买盘
820,10:20:19,15.49,-0.01,102,158016,卖盘
821,10:20:21,15.5,0.01,8,12397,买盘
822,10:20:24,15.49,-0.01,36,55774,卖盘
823,10:20:27,15.5,0.01,424,656934,买盘
824,10:20:30,15.49,-0.01,3,4648,卖盘
825,10:20:33,15.5,0.01,48,74371,买盘
826,10:20:36,15.5,0.0,152,235600,买盘
827,10:20:40,15.49,-0.01,86,133208,卖盘
828,10:20:48,15.49,0.0,114,176629,卖盘
829,10:20:51,15.49,0.0,835,1293527,卖盘
830,10:20:54,15.49,0.0,236,365564,买盘
831,10:20:57,15.49,0.0,3,4647,买盘
832,10:21:00,15.49,0.0,804,1246418,买盘
833,10:21:04,15.49,0.0,1,1549,卖盘
834,10:21:09,15.5,0.01,73,113080,买盘
835,10:21:12,15.5,0.0,20,31000,买盘
836,10:21:15,15.5,0.0,15,23250,买盘
837,10:21:18,15.49,-0.01,7,10845,卖盘
838,10:21:22,15.49,0.0,156,241698,卖盘
839,10:21:25,15.5,0.01,16,24799,买盘
840,10:21:28,15.5,0.0,4,6200,买盘
841,10:21:33,15.53,0.03,2,3106,买盘
842,10:21:36,15.45,-0.08,3003,4646440,卖盘
843,10:21:39,15.49,0.04,72,111602,卖盘
844,10:21:45,15.49,0.0,13,20137,买盘
845,10:21:48,15.49,0.0,21,32529,买盘
846,10:21:51,15.51,0.02,2,3102,中性盘
847,10:21:54,15.49,-0.02,118,183028,卖盘
848,10:22:00,15.45,-0.04,851,1315123,卖盘
849,10:22:03,15.5,0.05,131,202409,买盘
850,10:22:06,15.49,-0.01,33,51118,卖盘
851,10:22:10,15.49,0.0,11,17039,买盘
852,10:22:13,15.46,-0.03,27,41753,卖盘
853,10:22:18,15.49,0.03,2,3098,买盘
854,10:22:21,15.48,-0.01,58,89751,卖盘
855,10:22:24,15.48,0.0,4,6192,卖盘
856,10:22:27,15.48,0.0,14,21672,买盘
857,10:22:33,15.48,0.0,14,21672,买盘
858,10:22:36,15.47,-0.01,12,18567,卖盘
859,10:22:39,15.47,0.0,87,134514,买盘
860,10:22:42,15.46,-0.01,25,38670,卖盘
861,10:22:45,15.47,0.01,5,7735,买盘
862,10:22:48,15.47,0.0,11,17017,买盘
863,10:22:51,15.47,0.0,61,94367,买盘
864,10:22:54,15.43,-0.04,1291,1993975,卖盘
865,10:22:57,15.43,0.0,230,354890,买盘
866,10:23:00,15.43,0.0,53,81779,买盘
867,10:23:04,15.43,0.0,7,10801,买盘
868,10:23:06,15.43,0.0,400,617200,买盘
869,10:23:09,15.43,0.0,83,128001,买盘
870,10:23:12,15.43,0.0,339,523047,买盘
871,10:23:15,15.42,-0.01,85,131127,卖盘
872,10:23:21,15.42,0.0,100,154211,卖盘
873,10:23:25,15.46,0.04,7,10816,买盘
874,10:23:31,15.45,-0.01,7,10815,买盘
875,10:23:36,15.4,-0.05,2504,3857899,卖盘
876,10:23:39,15.4,0.0,163,250951,买盘
877,10:23:42,15.4,0.0,53,81620,买盘
878,10:23:45,15.4,0.0,59,90860,买盘
879,10:23:48,15.4,0.0,155,238253,买盘
880,10:23:51,15.45,0.05,43,66280,买盘
881,10:23:54,15.45,0.0,115,177670,买盘
882,10:24:00,15.44,-0.01,7,10808,买盘
883,10:24:03,15.44,0.0,9,13894,买盘
884,10:24:06,15.44,0.0,8,12352,买盘
885,10:24:10,15.44,0.0,95,146608,买盘
886,10:24:12,15.44,0.0,1,1544,买盘
887,10:24:15,15.44,0.0,35,54040,买盘
888,10:24:18,15.44,0.0,193,298211,买盘
889,10:24:21,15.44,0.0,10,15440,买盘
890,10:24:24,15.43,-0.01,20,30874,卖盘
891,10:24:28,15.44,0.01,103,158951,买盘
892,10:24:30,15.46,0.02,86,132671,买盘
893,10:24:36,15.45,-0.01,81,125092,卖盘
894,10:24:39,15.44,-0.01,38,58691,卖盘
895,10:24:42,15.44,0.0,61,94184,卖盘
896,10:24:48,15.46,0.02,35,54110,买盘
897,10:24:51,15.48,0.02,38,58732,买盘
898,10:24:54,15.48,0.0,19,29412,买盘
899,10:25:04,15.46,-0.02,1,1546,卖盘
900,10:25:06,15.47,0.01,10,15470,买盘
901,10:25:09,15.47,0.0,21,32487,买盘
902,10:25:12,15.47,0.0,85,131432,买盘
903,10:25:15,15.46,-0.01,18,27828,卖盘
904,10:25:18,15.48,0.02,60,92832,买盘
905,10:25:22,15.46,-0.02,31,47942,卖盘
906,10:25:25,15.48,0.02,204,315788,买盘
907,10:25:27,15.47,-0.01,88,136141,卖盘
908,10:25:30,15.48,0.01,11,17025,买盘
909,10:25:33,15.49,0.01,166,257114,买盘
910,10:25:42,15.5,0.01,68,105312,买盘
911,10:25:45,15.49,-0.01,19,29446,卖盘
912,10:25:48,15.48,-0.01,77,119224,卖盘
913,10:25:51,15.48,0.0,193,298764,买盘
914,10:25:54,15.5,0.02,136,210800,买盘
915,10:25:57,15.5,0.0,15,23250,买盘
916,10:26:00,15.5,0.0,14,21700,买盘
917,10:26:03,15.5,0.0,5,7750,买盘
918,10:26:06,15.5,0.0,31,48050,买盘
919,10:26:10,15.5,0.0,37,57350,买盘
920,10:26:12,15.5,0.0,109,168881,买盘
921,10:26:15,15.5,0.0,8,12400,买盘
922,10:26:18,15.5,0.0,31,48050,买盘
923,10:26:21,15.5,0.0,46,71610,买盘
924,10:26:27,15.52,0.02,5,7760,买盘
925,10:26:33,15.52,0.0,2,3104,买盘
926,10:26:36,15.52,0.0,17,26384,买盘
927,10:26:42,15.5,-0.02,65,100754,卖盘
928,10:26:46,15.52,0.02,12,18624,买盘
929,10:26:48,15.52,0.0,35,54320,卖盘
930,10:26:51,15.52,0.0,2,3104,买盘
931,10:26:57,15.52,0.0,10,15520,买盘
932,10:27:00,15.52,0.0,5,7760,买盘
933,10:27:04,15.5,-0.02,2,3100,卖盘
934,10:27:06,15.5,0.0,112,173600,卖盘
935,10:27:12,15.5,0.0,72,111608,卖盘
936,10:27:15,15.52,0.02,5,7760,买盘
937,10:27:18,15.52,0.0,9,13968,买盘
938,10:27:21,15.52,0.0,214,332128,买盘
939,10:27:24,15.52,0.0,26,40332,买盘
940,10:27:27,15.52,0.0,7,10864,买盘
941,10:27:30,15.52,0.0,23,35696,买盘
942,10:27:36,15.52,0.0,2,3104,买盘
943,10:27:40,15.52,0.0,10,15520,买盘
944,10:27:42,15.5,-0.02,62,96153,卖盘
945,10:27:45,15.52,0.02,11,17072,卖盘
946,10:27:49,15.52,0.0,41,63632,卖盘
947,10:27:51,15.52,0.0,2,3104,买盘
948,10:27:54,15.53,0.01,86,133514,买盘
949,10:27:57,15.53,0.0,15,23268,买盘
950,10:28:03,15.53,0.0,49,76057,买盘
951,10:28:06,15.51,-0.02,3,4653,卖盘
952,10:28:09,15.51,0.0,24,37224,买盘
953,10:28:12,15.5,-0.01,61,94550,卖盘
954,10:28:18,15.51,0.01,7,10857,买盘
955,10:28:24,15.51,0.0,1,1551,买盘
956,10:28:30,15.51,0.0,170,263670,买盘
957,10:28:36,15.53,0.02,18,27940,买盘
958,10:28:39,15.53,0.0,9,13975,买盘
959,10:28:42,15.53,0.0,80,124120,买盘
960,10:28:45,15.52,-0.01,1,1552,卖盘
961,10:28:48,15.53,0.01,25,38825,买盘
962,10:28:51,15.53,0.0,11,17083,买盘
963,10:29:04,15.53,0.0,75,116475,买盘
964,10:29:06,15.52,-0.01,60,93120,卖盘
965,10:29:09,15.52,0.0,24,37248,买盘
966,10:29:12,15.5,-0.02,86,133393,卖盘
967,10:29:15,15.51,0.01,11,17065,卖盘
968,10:29:18,15.52,0.01,3,4656,买盘
969,10:29:21,15.51,-0.01,26,40326,卖盘
970,10:29:27,15.52,0.01,9,13968,买盘
971,10:29:30,15.52,0.0,101,156752,买盘
972,10:29:33,15.52,0.0,95,147440,买盘
973,10:29:43,15.52,0.0,91,141259,卖盘
974,10:29:45,15.52,0.0,101,156926,卖盘
975,10:29:48,15.55,0.03,32,49760,买盘
976,10:29:52,15.55,0.0,31,48205,卖盘
977,10:29:55,15.55,0.0,416,645754,卖盘
978,10:29:58,15.53,-0.02,32,50487,卖盘
979,10:30:00,15.57,0.04,34,52938,买盘
980,10:30:06,15.55,-0.02,41,63755,卖盘
981,10:30:09,15.55,0.0,3,4665,买盘
982,10:30:12,15.52,-0.03,71,110278,卖盘
983,10:30:18,15.55,0.03,6,9330,买盘
984,10:30:33,15.55,0.0,5,7775,买盘
985,10:30:39,15.55,0.0,2,3110,买盘
986,10:30:42,15.55,0.0,99,153809,买盘
987,10:30:48,15.55,0.0,50,77750,买盘
988,10:30:51,15.55,0.0,86,133730,买盘
989,10:31:04,15.56,0.01,13,20228,买盘
990,10:31:06,15.55,-0.01,101,157055,卖盘
991,10:31:09,15.55,0.0,5,7775,买盘
992,10:31:12,15.55,0.0,185,287675,买盘
993,10:31:21,15.56,0.01,6,9336,买盘
994,10:31:24,15.56,0.0,6,9336,买盘
995,10:31:30,15.55,-0.01,8,12443,卖盘
996,10:31:34,15.56,0.01,10,15560,买盘
997,10:31:36,15.56,0.0,36,56016,买盘
998,10:31:39,15.56,0.0,2,3112,买盘
999,10:31:42,15.55,-0.01,64,99574,卖盘
1000,10:31:48,15.57,0.02,24,37368,买盘
1001,10:31:57,15.58,0.01,84,130812,买盘
1002,10:32:00,15.57,-0.01,3,4671,卖盘
1003,10:32:04,15.57,0.0,7,10899,卖盘
1004,10:32:09,15.58,0.01,2,3116,买盘
1005,10:32:13,15.57,-0.01,1,1557,卖盘
1006,10:32:15,15.57,0.0,67,104313,卖盘
1007,10:32:18,15.58,0.01,23,35834,买盘
1008,10:32:21,15.59,0.01,103,160539,买盘
1009,10:32:30,15.58,-0.01,36,56088,买盘
1010,10:32:36,15.6,0.02,191,297930,买盘
1011,10:32:39,15.59,-0.01,2,3118,中性盘
1012,10:32:42,15.59,0.0,4,6236,买盘
1013,10:32:45,15.58,-0.01,77,119966,卖盘
1014,10:32:48,15.6,0.02,19,29640,买盘
1015,10:32:54,15.59,-0.01,54,84198,卖盘
1016,10:32:57,15.59,0.0,8,12471,买盘
1017,10:33:00,15.59,0.0,6,9354,买盘
1018,10:33:04,15.59,0.0,14,21826,买盘
1019,10:33:06,15.58,-0.01,199,310043,卖盘
1020,10:33:09,15.59,0.01,15,23378,买盘
1021,10:33:15,15.56,-0.03,40,62256,卖盘
1022,10:33:18,15.56,0.0,11,17116,买盘
1023,10:33:27,15.55,-0.01,75,116625,卖盘
1024,10:33:30,15.56,0.01,5,7780,买盘
1025,10:33:42,15.56,0.0,2,3112,买盘
1026,10:33:45,15.55,-0.01,61,94855,卖盘
1027,10:33:57,15.55,0.0,202,314317,卖盘
1028,10:34:00,15.56,0.01,27,42009,买盘
1029,10:34:04,15.55,-0.01,4,6220,买盘
1030,10:34:07,15.54,-0.01,110,170941,卖盘
1031,10:34:09,15.54,0.0,10,15540,买盘
1032,10:34:12,15.54,0.0,6,9324,买盘
1033,10:34:15,15.54,0.0,88,136682,买盘
1034,10:34:21,15.54,0.0,3,4662,买盘
1035,10:34:24,15.54,0.0,500,777000,买盘
1036,10:34:27,15.54,0.0,354,550041,买盘
1037,10:34:34,15.6,0.06,20,31182,买盘
1038,10:34:42,15.58,-0.02,2,3116,买盘
1039,10:34:45,15.54,-0.04,60,93240,卖盘
1040,10:34:52,15.57,0.03,6,9342,中性盘
1041,10:34:57,15.57,0.0,7,10899,买盘
1042,10:35:04,15.56,-0.01,316,491209,买盘
1043,10:35:06,15.55,-0.01,8,12440,卖盘
1044,10:35:09,15.55,0.0,1,1555,买盘
1045,10:35:12,15.54,-0.01,35,54420,中性盘
1046,10:35:15,15.53,-0.01,63,97866,卖盘
1047,10:35:18,15.55,0.02,30,46650,买盘
1048,10:35:24,15.55,0.0,7,10885,买盘
1049,10:35:27,15.54,-0.01,24,37296,买盘
1050,10:35:30,15.54,0.0,285,442815,买盘
1051,10:35:34,15.54,0.0,41,63714,买盘
1052,10:35:37,15.54,0.0,21,32634,买盘
1053,10:35:39,15.53,-0.01,117,181701,卖盘
1054,10:35:45,15.53,0.0,147,228227,买盘
1055,10:35:57,15.55,0.02,412,639995,买盘
1056,10:36:01,15.52,-0.03,62,96290,卖盘
1057,10:36:04,15.53,0.01,10,15530,买盘
1058,10:36:06,15.52,-0.01,501,778352,卖盘
1059,10:36:13,15.53,0.01,299,464347,卖盘
1060,10:36:15,15.53,0.0,88,136664,买盘
1061,10:36:18,15.55,0.02,50,77740,买盘
1062,10:36:21,15.53,-0.02,32,49696,卖盘
1063,10:36:24,15.53,0.0,11,17083,卖盘
1064,10:36:27,15.54,0.01,12,18652,中性盘
1065,10:36:30,15.53,-0.01,95,147555,卖盘
1066,10:36:39,15.53,0.0,395,613437,卖盘
1067,10:36:45,15.52,-0.01,66,102434,卖盘
1068,10:37:00,15.55,0.03,486,755168,买盘
1069,10:37:04,15.55,0.0,84,130624,卖盘
1070,10:37:06,15.55,0.0,141,219255,卖盘
1071,10:37:09,15.56,0.01,19,29564,买盘
1072,10:37:15,15.55,-0.01,78,121301,卖盘
1073,10:37:21,15.56,0.01,3,4668,买盘
1074,10:37:24,15.56,0.0,2,3112,买盘
1075,10:37:27,15.56,0.0,12,18672,买盘
1076,10:37:30,15.56,0.0,67,104252,买盘
1077,10:37:33,15.55,-0.01,558,867990,卖盘
1078,10:37:36,15.55,0.0,89,138395,买盘
1079,10:37:39,15.55,0.0,8,12440,买盘
1080,10:37:42,15.55,0.0,17,26435,买盘
1081,10:37:45,15.53,-0.02,63,97844,卖盘
1082,10:37:48,15.53,0.0,300,465900,卖盘
1083,10:37:51,15.55,0.02,2,3110,买盘
1084,10:37:58,15.55,0.0,110,171251,买盘
1085,10:38:00,15.54,-0.01,160,248640,卖盘
1086,10:38:04,15.53,-0.01,99,153766,卖盘
1087,10:38:06,15.53,0.0,40,62130,卖盘
1088,10:38:12,15.53,0.0,16,24848,买盘
1089,10:38:15,15.53,0.0,8,12424,买盘
1090,10:38:18,15.52,-0.01,58,90016,卖盘
1091,10:38:21,15.53,0.01,42,65226,买盘
1092,10:38:24,15.53,0.0,200,310600,买盘
1093,10:38:27,15.52,-0.01,27,41929,卖盘
1094,10:38:30,15.52,0.0,36,55872,卖盘
1095,10:38:36,15.53,0.01,75,116475,买盘
1096,10:38:45,15.53,0.0,35,54355,卖盘
1097,10:38:48,15.53,0.0,65,100945,卖盘
1098,10:38:51,15.54,0.01,292,453733,买盘
1099,10:38:54,15.53,-0.01,6,9318,卖盘
1100,10:38:58,15.54,0.01,7,10878,买盘
1101,10:39:00,15.54,0.0,140,217560,买盘
1102,10:39:04,15.53,-0.01,13,20196,卖盘
1103,10:39:06,15.53,0.0,234,363419,卖盘
1104,10:39:09,15.54,0.01,24,37296,买盘
1105,10:39:12,15.53,-0.01,523,812219,卖盘
1106,10:39:18,15.53,0.0,71,110195,买盘
1107,10:39:22,15.53,0.0,3,4659,买盘
1108,10:39:25,15.53,0.0,2,3106,买盘
1109,10:39:33,15.53,0.0,2,3106,买盘
1110,10:39:36,15.52,-0.01,75,116400,卖盘
1111,10:39:39,15.53,0.01,9,13977,买盘
1112,10:39:42,15.53,0.0,21,32595,买盘
1113,10:39:45,15.53,0.0,1,1553,买盘
1114,10:39:48,15.52,-0.01,219,339889,卖盘
1115,10:39:51,15.52,0.0,502,779605,卖盘
1116,10:39:57,15.53,0.01,107,166171,买盘
1117,10:40:06,15.53,0.0,59,91627,卖盘
1118,10:40:09,15.53,0.0,6,9318,买盘
1119,10:40:18,15.53,0.0,115,178533,买盘
1120,10:40:24,15.52,-0.01,4,6209,卖盘
1121,10:40:30,15.52,0.0,162,251425,卖盘
1122,10:40:33,15.53,0.01,200,310600,买盘
1123,10:40:39,15.53,0.0,82,127271,买盘
1124,10:40:45,15.53,0.0,5,7765,买盘
1125,10:40:48,15.53,0.0,69,107093,买盘
1126,10:40:51,15.53,0.0,10,15530,买盘
1127,10:40:55,15.53,0.0,16,24848,买盘
1128,10:40:57,15.53,0.0,200,310600,买盘
1129,10:41:00,15.53,0.0,1,1553,买盘
1130,10:41:04,15.53,0.0,20,31060,买盘
1131,10:41:06,15.52,-0.01,267,414384,卖盘
1132,10:41:09,15.52,0.0,86,133472,卖盘
1133,10:41:12,15.53,0.01,200,310600,买盘
1134,10:41:18,15.53,0.0,74,114853,买盘
1135,10:41:21,15.54,0.01,142,220582,买盘
1136,10:41:24,15.55,0.01,1,1555,买盘
1137,10:41:33,15.56,0.01,4,6224,买盘
1138,10:41:36,15.56,0.0,4,6224,买盘
1139,10:41:39,15.55,-0.01,40,62202,卖盘
1140,10:41:42,15.55,0.0,3,4665,买盘
1141,10:41:45,15.55,0.0,3,4665,买盘
1142,10:41:48,15.54,-0.01,58,90132,卖盘
1143,10:41:54,15.54,0.0,5,7770,卖盘
1144,10:41:57,15.55,0.01,106,164946,买盘
1145,10:42:01,15.55,0.0,5,7775,买盘
1146,10:42:06,15.54,-0.01,128,198912,卖盘
1147,10:42:09,15.54,0.0,10,15544,卖盘
1148,10:42:12,15.54,0.0,80,124320,卖盘
1149,10:42:15,15.54,0.0,3,4662,卖盘
1150,10:42:18,15.54,0.0,61,94795,卖盘
1151,10:42:24,15.55,0.01,20,31100,买盘
1152,10:42:27,15.55,0.0,23,35774,卖盘
1153,10:42:39,15.55,0.0,198,307921,卖盘
1154,10:42:48,15.55,0.0,63,98003,卖盘
1155,10:42:51,15.56,0.01,5,7780,卖盘
1156,10:42:54,15.55,-0.01,300,466744,卖盘
1157,10:42:57,15.56,0.01,10,15560,中性盘
1158,10:43:04,15.56,0.0,1,1556,买盘
1159,10:43:06,15.56,0.0,42,65352,买盘
1160,10:43:09,15.55,-0.01,575,894433,卖盘
1161,10:43:12,15.55,0.0,7,10885,卖盘
1162,10:43:15,15.56,0.01,5,7780,买盘
1163,10:43:18,15.54,-0.02,370,575126,卖盘
1164,10:43:30,15.56,0.02,5,7780,买盘
1165,10:43:33,15.55,-0.01,44,68420,卖盘
1166,10:43:36,15.55,0.0,28,43540,买盘
1167,10:43:39,15.55,0.0,2,3110,买盘
1168,10:43:42,15.54,-0.01,24,37296,卖盘
1169,10:43:45,15.54,0.0,49,76146,卖盘
1170,10:43:48,15.54,0.0,74,115003,卖盘
1171,10:43:51,15.55,0.01,7,10885,买盘
1172,10:43:57,15.55,0.0,145,225475,买盘
1173,10:44:01,15.55,0.0,167,259685,买盘
1174,10:44:06,15.55,0.0,70,108850,卖盘
1175,10:44:09,15.54,-0.01,423,657362,卖盘
1176,10:44:15,15.54,0.0,88,136752,卖盘
1177,10:44:18,15.54,0.0,65,101010,卖盘
1178,10:44:33,15.54,0.0,359,557886,卖盘
1179,10:44:36,15.54,0.0,2,3108,买盘
1180,10:44:42,15.54,0.0,1,1554,买盘
1181,10:44:45,15.54,0.0,273,424169,买盘
1182,10:44:48,15.54,0.0,20,31080,买盘
1183,10:44:51,15.53,-0.01,69,107157,卖盘
1184,10:45:07,15.53,0.0,213,330789,卖盘
1185,10:45:12,15.54,0.01,2,3108,买盘
1186,10:45:15,15.53,-0.01,24,36589,卖盘
1187,10:45:18,15.53,0.0,140,217420,卖盘
1188,10:45:21,15.53,0.0,10,15530,卖盘
1189,10:45:30,15.53,0.0,156,242278,卖盘
1190,10:45:33,15.54,0.01,21,32634,买盘
1191,10:45:36,15.53,-0.01,1,1553,卖盘
1192,10:45:39,15.54,0.01,3,4662,买盘
1193,10:45:42,15.53,-0.01,45,69885,卖盘
1194,10:45:45,15.53,0.0,4,6212,卖盘
1195,10:45:48,15.52,-0.01,156,242240,卖盘
1196,10:45:51,15.53,0.01,3,4661,中性盘
1197,10:45:57,15.54,0.01,117,182608,买盘
1198,10:46:01,15.54,0.0,24,37296,卖盘
1199,10:46:06,15.54,0.0,44,67590,卖盘
1200,10:46:18,15.53,-0.01,82,127346,卖盘
1201,10:46:21,15.53,0.0,100,155242,买盘
1202,10:46:27,15.53,0.0,1,1553,卖盘
1203,10:46:30,15.53,0.0,76,118028,卖盘
1204,10:46:36,15.53,0.0,50,77650,买盘
1205,10:46:45,15.54,0.01,200,310800,买盘
1206,10:46:48,15.53,-0.01,74,114926,卖盘
1207,10:46:51,15.52,-0.01,462,717403,卖盘
1208,10:47:00,15.52,0.0,3,4656,卖盘
1209,10:47:06,15.53,0.01,140,217420,卖盘
1210,10:47:19,15.53,0.0,23,35720,卖盘
1211,10:47:21,15.53,0.0,144,223632,卖盘
1212,10:47:30,15.53,0.0,144,223632,卖盘
1213,10:47:33,15.54,0.01,10,15540,买盘
1214,10:47:37,15.54,0.0,4,6216,买盘
1215,10:47:39,15.54,0.0,2,3108,买盘
1216,10:47:42,15.54,0.0,10,15540,买盘
1217,10:47:51,15.52,-0.02,69,107130,卖盘
1218,10:47:54,15.53,0.01,3,4659,买盘
1219,10:47:57,15.53,0.0,176,273415,买盘
1220,10:48:00,15.54,0.01,1,1554,买盘
1221,10:48:06,15.53,-0.01,123,191019,卖盘
1222,10:48:09,15.53,0.0,10,15530,买盘
1223,10:48:12,15.53,0.0,27,41931,买盘
1224,10:48:15,15.53,0.0,1,1553,买盘
1225,10:48:18,15.53,0.0,41,63673,买盘
1226,10:48:21,15.52,-0.01,69,107122,卖盘
1227,10:48:30,15.52,0.0,205,318170,卖盘
1228,10:48:42,15.53,0.01,124,192572,买盘
1229,10:48:45,15.53,0.0,3,4659,卖盘
1230,10:48:52,15.53,0.0,88,136664,卖盘
1231,10:48:54,15.53,0.0,49,76097,卖盘
1232,10:48:57,15.54,0.01,1,1554,买盘
1233,10:49:00,15.54,0.0,1,1554,买盘
1234,10:49:04,15.54,0.0,17,26418,买盘
1235,10:49:06,15.53,-0.01,4,6212,卖盘
1236,10:49:09,15.54,0.01,3,4662,买盘
1237,10:49:21,15.53,-0.01,64,99392,卖盘
1238,10:49:24,15.53,0.0,99,153758,卖盘
1239,10:49:33,15.54,0.01,5,7770,买盘
1240,10:49:40,15.54,0.0,3,4662,买盘
1241,10:49:46,15.53,-0.01,3,4659,卖盘
1242,10:49:51,15.53,0.0,75,116481,卖盘
1243,10:49:54,15.53,0.0,73,113369,卖盘
1244,10:49:57,15.55,0.02,246,382426,买盘
1245,10:50:00,15.55,0.0,11,17105,卖盘
1246,10:50:04,15.55,0.0,1,1555,卖盘
1247,10:50:09,15.55,0.0,2,3110,卖盘
1248,10:50:15,15.56,0.01,33,51348,买盘
1249,10:50:18,15.56,0.0,1,1556,买盘
1250,10:50:21,15.56,0.0,76,118193,买盘
1251,10:50:24,15.55,-0.01,7,10885,卖盘
1252,10:50:27,15.55,0.0,72,111960,卖盘
1253,10:50:30,15.56,0.01,23,35779,买盘
1254,10:50:36,15.56,0.0,1,1556,买盘
1255,10:50:39,15.55,-0.01,60,93306,卖盘
1256,10:50:42,15.55,0.0,69,107297,卖盘
1257,10:50:45,15.56,0.01,31,48236,买盘
1258,10:50:51,15.56,0.0,19,29564,买盘
1259,10:50:54,15.56,0.0,65,101076,买盘
1260,10:50:57,15.55,-0.01,73,113515,卖盘
1261,10:51:00,15.56,0.01,13,20228,买盘
1262,10:51:06,15.56,0.0,12,18672,卖盘
1263,10:51:13,15.56,0.0,22,34247,卖盘
1264,10:51:15,15.57,0.01,6,9342,买盘
1265,10:51:18,15.57,0.0,1,1557,买盘
1266,10:51:24,15.56,-0.01,68,105808,卖盘
1267,10:51:27,15.56,0.0,42,65352,卖盘
1268,10:51:33,15.56,0.0,46,71576,买盘
1269,10:51:36,15.56,0.0,34,52904,卖盘
1270,10:51:42,15.56,0.0,10,15560,买盘
1271,10:51:45,15.57,0.01,2,3114,买盘
1272,10:51:54,15.56,-0.01,64,99584,卖盘
1273,10:51:57,15.58,0.02,172,267769,买盘
1274,10:52:04,15.58,0.0,12,18696,买盘
1275,10:52:12,15.59,0.01,14,21826,买盘
1276,10:52:15,15.59,0.0,1,1559,买盘
1277,10:52:24,15.58,-0.01,75,116860,卖盘
1278,10:52:27,15.58,0.0,19,29614,卖盘
1279,10:52:30,15.59,0.01,123,191701,买盘
1280,10:52:33,15.6,0.01,1,1560,买盘
1281,10:52:36,15.59,-0.01,3,4677,卖盘
1282,10:52:42,15.6,0.01,27,42120,买盘
1283,10:52:45,15.6,0.0,38,59280,买盘
1284,10:52:48,15.6,0.0,7,10920,卖盘
1285,10:52:51,15.61,0.01,3,4683,买盘
1286,10:52:54,15.6,-0.01,266,414964,卖盘
1287,10:52:57,15.61,0.01,2,3122,买盘
1288,10:53:00,15.6,-0.01,47,73320,卖盘
1289,10:53:06,15.61,0.01,66,102990,买盘
1290,10:53:16,15.61,0.0,25,39025,买盘
1291,10:53:19,15.6,-0.01,7,10920,卖盘
1292,10:53:24,15.61,0.01,93,145109,买盘
1293,10:53:30,15.61,0.0,43,67124,卖盘
1294,10:53:33,15.6,-0.01,4,6240,卖盘
1295,10:53:39,15.61,0.01,29,45269,买盘
1296,10:53:43,15.61,0.0,12,18732,买盘
1297,10:53:51,15.61,0.0,5,7805,买盘
1298,10:53:54,15.6,-0.01,83,129493,卖盘
1299,10:53:57,15.62,0.02,84,131168,买盘
1300,10:54:00,15.6,-0.02,35,54604,卖盘
1301,10:54:04,15.6,0.0,49,76440,卖盘
1302,10:54:09,15.61,0.01,46,71814,卖盘
1303,10:54:12,15.6,-0.01,5,7800,卖盘
1304,10:54:15,15.61,0.01,19,29659,买盘
1305,10:54:18,15.6,-0.01,90,140445,卖盘
1306,10:54:21,15.61,0.01,52,81172,卖盘
1307,10:54:24,15.6,-0.01,69,107640,卖盘
1308,10:54:27,15.61,0.01,13,20293,买盘
1309,10:54:33,15.6,-0.01,88,137280,卖盘
1310,10:54:39,15.6,0.0,4,6241,卖盘
1311,10:54:45,15.61,0.01,2,3122,买盘
1312,10:54:48,15.61,0.0,4,6243,买盘
1313,10:54:54,15.6,-0.01,68,106080,卖盘
1314,10:55:04,15.6,0.0,75,117001,卖盘
1315,10:55:18,15.61,0.01,2,3122,买盘
1316,10:55:22,15.6,-0.01,12,18720,卖盘
1317,10:55:24,15.6,0.0,60,93600,卖盘
1318,10:55:28,15.61,0.01,15,23412,买盘
1319,10:55:33,15.61,0.0,8,12481,买盘
1320,10:55:36,15.6,-0.01,120,187200,卖盘
1321,10:55:42,15.61,0.01,82,128002,买盘
1322,10:55:45,15.61,0.0,7,10927,买盘
1323,10:55:48,15.61,0.0,15,23415,买盘
1324,10:55:51,15.61,0.0,2,3122,买盘
1325,10:55:54,15.6,-0.01,63,98280,卖盘
1326,10:56:00,15.62,0.02,122,190196,买盘
1327,10:56:04,15.62,0.0,14,21868,卖盘
1328,10:56:07,15.63,0.01,78,121842,买盘
1329,10:56:09,15.6,-0.03,50,78009,卖盘
1330,10:56:12,15.6,0.0,38,59280,卖盘
1331,10:56:18,15.62,0.02,34,53108,买盘
1332,10:56:21,15.63,0.01,30,46864,买盘
1333,10:56:24,15.62,-0.01,67,104572,中性盘
1334,10:56:27,15.62,0.0,65,101554,买盘
1335,10:56:30,15.63,0.01,42,65644,买盘
1336,10:56:33,15.62,-0.01,68,106279,卖盘
1337,10:56:37,15.62,0.0,134,209366,卖盘
1338,10:56:39,15.62,0.0,39,60970,卖盘
1339,10:56:42,15.63,0.01,23,35951,买盘
1340,10:56:45,15.62,-0.01,12,18753,卖盘
1341,10:56:48,15.62,0.0,91,143026,卖盘
1342,10:56:51,15.64,0.02,33,51612,买盘
1343,10:56:54,15.63,-0.01,52,81277,卖盘
1344,10:57:06,15.62,-0.01,74,115589,卖盘
1345,10:57:12,15.63,0.01,1,1563,买盘
1346,10:57:21,15.62,-0.01,31,48450,卖盘
1347,10:57:24,15.65,0.03,853,1333270,买盘
1348,10:57:27,15.63,-0.02,64,100032,卖盘
1349,10:57:39,15.65,0.02,234,366123,买盘
1350,10:57:42,15.66,0.01,2,3132,买盘
1351,10:57:45,15.66,0.0,5,7830,买盘
1352,10:57:48,15.65,-0.01,7,10955,卖盘
1353,10:57:51,15.66,0.01,19,29754,买盘
1354,10:57:54,15.65,-0.01,175,273915,卖盘
1355,10:57:57,15.66,0.01,76,118949,买盘
1356,10:58:00,15.67,0.01,75,117525,买盘
1357,10:58:04,15.67,0.0,19,29773,卖盘
1358,10:58:06,15.67,0.0,41,64247,卖盘
1359,10:58:09,15.67,0.0,9,14103,买盘
1360,10:58:18,15.66,-0.01,11,17226,卖盘
1361,10:58:21,15.66,0.0,4,6264,卖盘
1362,10:58:27,15.66,0.0,62,97092,卖盘
1363,10:58:30,15.7,0.04,420,658490,买盘
1364,10:58:45,15.66,-0.04,100,156600,卖盘
1365,10:58:48,15.66,0.0,23,36025,卖盘
1366,10:58:51,15.67,0.01,6,9402,买盘
1367,10:58:57,15.66,-0.01,66,103356,卖盘
1368,10:59:00,15.67,0.01,25,39175,买盘
1369,10:59:06,15.66,-0.01,311,487026,卖盘
1370,10:59:12,15.65,-0.01,84,131471,卖盘
1371,10:59:16,15.65,0.0,40,62600,卖盘
1372,10:59:21,15.66,0.01,16,25056,买盘
1373,10:59:24,15.65,-0.01,1,1565,卖盘
1374,10:59:27,15.65,0.0,64,100160,卖盘
1375,10:59:30,15.65,0.0,10,15650,卖盘
1376,10:59:33,15.66,0.01,10,15655,买盘
1377,10:59:36,15.65,-0.01,12,18780,卖盘
1378,10:59:39,15.65,0.0,8,12522,卖盘
1379,10:59:42,15.65,0.0,256,400758,卖盘
1380,10:59:48,15.65,0.0,27,42255,卖盘
1381,10:59:51,15.64,-0.01,14,21896,卖盘
1382,10:59:55,15.65,0.01,2,3130,买盘
1383,10:59:57,15.64,-0.01,67,104788,卖盘
1384,11:00:00,15.65,0.01,101,158147,买盘
1385,11:00:06,15.65,0.0,24,37560,买盘
1386,11:00:09,15.64,-0.01,29,45356,卖盘
1387,11:00:13,15.64,0.0,80,125130,卖盘
1388,11:00:16,15.64,0.0,2,3128,卖盘
1389,11:00:18,15.65,0.01,11,16598,买盘
1390,11:00:21,15.64,-0.01,9,13982,卖盘
1391,11:00:27,15.64,0.0,58,90712,卖盘
1392,11:00:42,15.64,0.0,8,12514,卖盘
1393,11:00:45,15.64,0.0,84,131378,卖盘
1394,11:00:48,15.64,0.0,23,35972,卖盘
1395,11:00:57,15.64,0.0,60,93840,卖盘
1396,11:01:00,15.65,0.01,2,3130,买盘
1397,11:01:06,15.65,0.0,6,9390,买盘
1398,11:01:09,15.65,0.0,200,313000,买盘
1399,11:01:15,15.64,-0.01,72,112608,卖盘
1400,11:01:18,15.65,0.01,18,28163,买盘
1401,11:01:21,15.65,0.0,98,153370,买盘
1402,11:01:24,15.65,0.0,20,31300,卖盘
1403,11:01:27,15.65,0.0,63,98595,卖盘
1404,11:01:30,15.65,0.0,2,3130,卖盘
1405,11:01:33,15.66,0.01,6,9396,买盘
1406,11:01:37,15.65,-0.01,43,67295,卖盘
1407,11:01:40,15.66,0.01,35,54780,买盘
1408,11:01:43,15.66,0.0,54,84563,买盘
1409,11:01:45,15.65,-0.01,6,9390,卖盘
1410,11:01:48,15.66,0.01,148,231686,买盘
1411,11:01:51,15.66,0.0,69,107897,买盘
1412,11:01:57,15.66,0.0,66,103356,卖盘
1413,11:02:04,15.65,-0.01,167,261451,卖盘
1414,11:02:06,15.66,0.01,6,9396,中性盘
1415,11:02:09,15.65,-0.01,2,3130,卖盘
1416,11:02:18,15.65,0.0,72,112680,卖盘
1417,11:02:24,15.67,0.02,7,10965,买盘
1418,11:02:27,15.66,-0.01,69,108054,卖盘
1419,11:02:33,15.66,0.0,36,56383,卖盘
1420,11:02:36,15.65,-0.01,10,15650,卖盘
1421,11:02:39,15.65,0.0,34,53210,卖盘
1422,11:02:42,15.66,0.01,10,15660,买盘
1423,11:02:48,15.65,-0.01,100,156524,卖盘
1424,11:02:51,15.65,0.0,23,35995,卖盘
1425,11:02:57,15.65,0.0,59,92342,卖盘
1426,11:03:12,15.65,0.0,5,7825,卖盘
1427,11:03:18,15.66,0.01,78,122147,中性盘
1428,11:03:21,15.66,0.0,8,12528,卖盘
1429,11:03:27,15.66,0.0,84,131546,卖盘
1430,11:03:30,15.66,0.0,20,31320,卖盘
1431,11:03:33,15.66,0.0,19,29754,卖盘
1432,11:03:42,15.67,0.01,2,3134,买盘
1433,11:03:48,15.66,-0.01,56,87696,卖盘
1434,11:03:51,15.66,0.0,82,128412,卖盘
1435,11:03:57,15.67,0.01,5,7834,买盘
1436,11:04:01,15.67,0.0,80,125290,买盘
1437,11:04:04,15.66,-0.01,120,187920,卖盘
1438,11:04:18,15.67,0.01,5,7835,买盘
1439,11:04:21,15.67,0.0,102,159742,买盘
1440,11:04:24,15.67,0.0,9,14103,买盘
1441,11:04:27,15.66,-0.01,62,97092,卖盘
1442,11:04:30,15.66,0.0,8,12528,卖盘
1443,11:04:36,15.66,0.0,1,1566,卖盘
1444,11:04:39,15.67,0.01,2,3134,买盘
1445,11:04:42,15.66,-0.01,1,1566,卖盘
1446,11:04:49,15.66,0.0,1,1566,卖盘
1447,11:04:51,15.66,0.0,6,9396,卖盘
1448,11:04:55,15.66,0.0,89,139375,卖盘
1449,11:05:01,15.66,0.0,64,100224,卖盘
1450,11:05:09,15.66,0.0,1,1566,卖盘
1451,11:05:12,15.66,0.0,1,1566,卖盘
1452,11:05:18,15.67,0.01,20,31340,买盘
1453,11:05:21,15.66,-0.01,399,625034,卖盘
1454,11:05:24,15.66,0.0,72,112752,卖盘
1455,11:05:27,15.66,0.0,57,89262,卖盘
1456,11:05:30,15.65,-0.01,60,93900,卖盘
1457,11:05:33,15.66,0.01,6,9396,买盘
1458,11:05:36,15.66,0.0,112,175392,买盘
1459,11:05:39,15.66,0.0,5,7830,卖盘
1460,11:05:45,15.67,0.01,2,3134,买盘
1461,11:05:48,15.66,-0.01,2,3132,卖盘
1462,11:05:51,15.66,0.0,1,1566,卖盘
1463,11:05:54,15.66,0.0,90,140942,卖盘
1464,11:06:00,15.67,0.01,116,181836,买盘
1465,11:06:06,15.66,-0.01,2,3132,卖盘
1466,11:06:15,15.66,0.0,14,21924,卖盘
1467,11:06:24,15.66,0.0,72,112752,卖盘
1468,11:06:30,15.66,0.0,60,93960,卖盘
1469,11:06:33,15.66,0.0,1,1566,卖盘
1470,11:06:36,15.67,0.01,16,25072,买盘
1471,11:06:39,15.67,0.0,2,3134,买盘
1472,11:06:45,15.67,0.0,5,7835,买盘
1473,11:06:49,15.67,0.0,13,20370,买盘
1474,11:06:54,15.66,-0.01,6,9396,卖盘
1475,11:06:57,15.67,0.01,230,360328,买盘
1476,11:07:00,15.67,0.0,62,97154,卖盘
1477,11:07:06,15.67,0.0,6,9402,卖盘
1478,11:07:09,15.67,0.0,39,61113,卖盘
1479,11:07:15,15.68,0.01,93,145743,买盘
1480,11:07:21,15.67,-0.01,10,15670,卖盘
1481,11:07:24,15.67,0.0,2,3134,卖盘
1482,11:07:27,15.67,0.0,98,153581,卖盘
1483,11:07:30,15.66,-0.01,57,89262,卖盘
1484,11:07:33,15.66,0.0,1,1566,买盘
1485,11:07:36,15.68,0.02,52,81508,买盘
1486,11:07:42,15.68,0.0,4,6268,买盘
1487,11:07:48,15.66,-0.02,3,4698,卖盘
1488,11:07:51,15.68,0.02,3,4704,买盘
1489,11:07:57,15.68,0.0,54,84666,买盘
1490,11:08:00,15.68,0.0,126,197486,买盘
1491,11:08:04,15.67,-0.01,10,15670,买盘
1492,11:08:07,15.68,0.01,20,31360,买盘
1493,11:08:10,15.68,0.0,2,3136,买盘
1494,11:08:27,15.68,0.0,70,109760,卖盘
1495,11:08:30,15.67,-0.01,45,70533,卖盘
1496,11:08:42,15.67,0.0,2,3134,买盘
1497,11:08:45,15.66,-0.01,10,15660,卖盘
1498,11:08:48,15.66,0.0,17,26638,卖盘
1499,11:08:57,15.66,0.0,7,10962,卖盘
1500,11:09:00,15.66,0.0,147,230202,卖盘
1501,11:09:04,15.66,0.0,21,32886,卖盘
1502,11:09:06,15.68,0.02,20,31360,买盘
1503,11:09:09,15.68,0.0,3,4704,买盘
1504,11:09:12,15.66,-0.02,2,3132,卖盘
1505,11:09:30,15.66,0.0,95,148797,卖盘
1506,11:09:36,15.67,0.01,1,1567,买盘
1507,11:09:42,15.66,-0.01,10,15660,卖盘
1508,11:09:48,15.66,0.0,8,12530,卖盘
1509,11:09:57,15.66,0.0,20,31320,卖盘
1510,11:10:00,15.66,0.0,95,148868,卖盘
1511,11:10:04,15.66,0.0,194,303843,卖盘
1512,11:10:06,15.68,0.02,30,47020,买盘
1513,11:10:15,15.66,-0.02,32,50895,卖盘
1514,11:10:21,15.66,0.0,1,1566,卖盘
1515,11:10:33,15.66,0.0,137,214542,卖盘
1516,11:10:36,15.66,0.0,107,167562,卖盘
1517,11:10:39,15.67,0.01,262,410303,买盘
1518,11:10:42,15.65,-0.02,207,323402,买盘
1519,11:10:45,15.65,0.0,7,10955,卖盘
1520,11:10:48,15.64,-0.01,610,954694,卖盘
1521,11:10:52,15.64,0.0,14,21896,卖盘
1522,11:10:54,15.64,0.0,64,100096,卖盘
1523,11:10:57,15.64,0.0,8,12512,卖盘
1524,11:11:00,15.64,0.0,191,298724,卖盘
1525,11:11:03,15.64,0.0,115,179860,卖盘
1526,11:11:06,15.64,0.0,23,35972,买盘
1527,11:11:09,15.65,0.01,214,334865,买盘
1528,11:11:22,15.63,-0.02,503,786189,卖盘
1529,11:11:27,15.63,0.0,200,312600,买盘
1530,11:11:30,15.63,0.0,16,25008,买盘
1531,11:11:33,15.62,-0.01,139,217118,卖盘
1532,11:11:36,15.62,0.0,1,1562,卖盘
1533,11:11:39,15.63,0.01,10,15630,买盘
1534,11:11:42,15.62,-0.01,14,21870,卖盘
1535,11:11:48,15.62,0.0,2,3124,卖盘
1536,11:11:54,15.62,0.0,10,15620,卖盘
1537,11:11:57,15.63,0.01,221,345423,买盘
1538,11:12:00,15.65,0.02,395,617575,买盘
1539,11:12:04,15.62,-0.03,77,120338,卖盘
1540,11:12:06,15.64,0.02,2,3128,中性盘
1541,11:12:12,15.64,0.0,40,62560,买盘
1542,11:12:15,15.63,-0.01,5,7818,卖盘
1543,11:12:18,15.64,0.01,16,25023,买盘
1544,11:12:21,15.64,0.0,9,14076,买盘
1545,11:12:24,15.64,0.0,8,12512,买盘
1546,11:12:27,15.63,-0.01,32,50019,卖盘
1547,11:12:31,15.64,0.01,10,15636,买盘
1548,11:12:34,15.62,-0.02,63,98408,卖盘
1549,11:12:40,15.63,0.01,10,15630,买盘
1550,11:12:42,15.63,0.0,14,21882,买盘
1551,11:12:45,15.63,0.0,5,7815,买盘
1552,11:12:48,15.62,-0.01,14,21881,卖盘
1553,11:12:51,15.62,0.0,37,57794,卖盘
1554,11:13:03,15.62,0.0,60,93720,卖盘
1555,11:13:07,15.62,0.0,7,10934,卖盘
1556,11:13:10,15.62,0.0,82,128084,卖盘
1557,11:13:15,15.62,0.0,4,6248,卖盘
1558,11:13:30,15.63,0.01,3,4689,买盘
1559,11:13:33,15.62,-0.01,60,93720,卖盘
1560,11:13:36,15.62,0.0,17,26569,卖盘
1561,11:13:39,15.63,0.01,88,137468,买盘
1562,11:13:45,15.63,0.0,2,3126,买盘
1563,11:13:48,15.62,-0.01,2,3124,卖盘
1564,11:13:54,15.63,0.01,10,15630,买盘
1565,11:13:57,15.63,0.0,25,39075,买盘
1566,11:14:00,15.64,0.01,56,87542,买盘
1567,11:14:06,15.64,0.0,1,1564,卖盘
1568,11:14:09,15.64,0.0,91,142325,卖盘
1569,11:14:12,15.65,0.01,5,7825,买盘
1570,11:14:15,15.64,-0.01,9,14083,卖盘
1571,11:14:22,15.65,0.01,1,1565,买盘
1572,11:14:27,15.64,-0.01,70,109484,卖盘
1573,11:14:33,15.65,0.01,70,109487,买盘
1574,11:14:36,15.64,-0.01,1,1564,卖盘
1575,11:14:39,15.64,0.0,73,114174,卖盘
1576,11:14:42,15.65,0.01,9,14085,买盘
1577,11:14:45,15.64,-0.01,19,29716,卖盘
1578,11:14:48,15.64,0.0,28,43806,卖盘
1579,11:14:51,15.64,0.0,32,50048,卖盘
1580,11:14:54,15.64,0.0,86,134505,卖盘
1581,11:14:57,15.64,0.0,111,173601,卖盘
1582,11:15:00,15.65,0.01,18,28170,买盘
1583,11:15:04,15.63,-0.02,75,117226,卖盘
1584,11:15:07,15.63,0.0,20,31260,卖盘
1585,11:15:10,15.63,0.0,7,10941,卖盘
1586,11:15:12,15.63,0.0,82,128166,卖盘
1587,11:15:33,15.63,0.0,61,95345,卖盘
1588,11:15:36,15.63,0.0,50,78150,卖盘
1589,11:15:40,15.63,0.0,36,56268,卖盘
1590,11:15:42,15.63,0.0,76,118788,卖盘
1591,11:15:46,15.63,0.0,105,164117,卖盘
1592,11:15:49,15.64,0.01,23,35969,买盘
1593,11:15:51,15.63,-0.01,7,10941,卖盘
1594,11:15:54,15.64,0.01,22,34400,买盘
1595,11:16:00,15.64,0.0,121,189224,买盘
1596,11:16:04,15.63,-0.01,81,126615,卖盘
1597,11:16:06,15.63,0.0,2,3126,卖盘
1598,11:16:09,15.63,0.0,12,18756,卖盘
1599,11:16:21,15.63,0.0,7,10941,买盘
1600,11:16:24,15.63,0.0,207,323341,买盘
1601,11:16:27,15.64,0.01,107,167246,买盘
1602,11:16:30,15.62,-0.02,40,62481,卖盘
1603,11:16:34,15.63,0.01,2,3126,买盘
1604,11:16:36,15.63,0.0,62,96906,卖盘
1605,11:16:39,15.62,-0.01,55,85944,卖盘
1606,11:16:42,15.63,0.01,12,18756,中性盘
1607,11:16:45,15.63,0.0,2,3126,买盘
1608,11:16:48,15.63,0.0,7,10940,买盘
1609,11:16:51,15.62,-0.01,1,1562,卖盘
1610,11:16:54,15.63,0.01,7,10937,买盘
1611,11:16:57,15.62,-0.01,6,9377,卖盘
1612,11:17:01,15.62,0.0,74,115588,卖盘
1613,11:17:06,15.62,0.0,59,92158,卖盘
1614,11:17:09,15.63,0.01,6,9377,买盘
1615,11:17:12,15.63,0.0,45,70323,买盘
1616,11:17:15,15.63,0.0,169,264065,买盘
1617,11:17:18,15.63,0.0,81,126603,买盘
1618,11:17:22,15.64,0.01,3,4692,买盘
1619,11:17:24,15.64,0.0,30,46909,买盘
1620,11:17:27,15.64,0.0,21,32843,买盘
1621,11:17:30,15.65,0.01,33,51614,买盘
1622,11:17:34,15.65,0.0,82,128330,买盘
1623,11:17:37,15.63,-0.02,101,157960,卖盘
1624,11:17:40,15.63,0.0,4,6252,买盘
1625,11:17:42,15.64,0.01,363,567724,买盘
1626,11:17:45,15.63,-0.01,274,428465,中性盘
1627,11:17:48,15.64,0.01,89,139196,买盘
1628,11:17:51,15.63,-0.01,263,411205,卖盘
1629,11:17:54,15.64,0.01,48,75072,买盘
1630,11:17:57,15.63,-0.01,46,71940,卖盘
1631,11:18:01,15.64,0.01,123,192372,买盘
1632,11:18:04,15.64,0.0,53,82887,买盘
1633,11:18:07,15.64,0.0,123,192309,买盘
1634,11:18:09,15.63,-0.01,50,78170,卖盘
1635,11:18:12,15.65,0.02,4,6257,买盘
1636,11:18:15,15.63,-0.02,12,18756,卖盘
1637,11:18:18,15.64,0.01,13,20332,买盘
1638,11:18:21,15.64,0.0,17,26588,买盘
1639,11:18:24,15.63,-0.01,7,10941,卖盘
1640,11:18:27,15.63,0.0,41,64083,卖盘
1641,11:18:36,15.64,0.01,65,101600,买盘
1642,11:18:39,15.64,0.0,4,6256,买盘
1643,11:18:42,15.63,-0.01,8,12506,卖盘
1644,11:18:45,15.63,0.0,71,110975,卖盘
1645,11:18:48,15.63,0.0,90,140670,卖盘
1646,11:18:51,15.63,0.0,1,1563,卖盘
1647,11:18:54,15.63,0.0,5,7815,卖盘
1648,11:19:06,15.63,0.0,63,98469,卖盘
1649,11:19:09,15.63,0.0,46,71898,卖盘
1650,11:19:15,15.62,-0.01,7,10934,卖盘
1651,11:19:18,15.64,0.02,239,373594,买盘
1652,11:19:21,15.63,-0.01,48,75066,卖盘
1653,11:19:24,15.64,0.01,367,573769,买盘
1654,11:19:27,15.64,0.0,189,295594,买盘
1655,11:19:30,15.64,0.0,229,358155,买盘
1656,11:19:33,15.64,0.0,464,725696,买盘
1657,11:19:37,15.64,0.0,274,428536,买盘
1658,11:19:39,15.65,0.01,14,21910,买盘
1659,11:19:45,15.65,0.0,127,198755,买盘
1660,11:19:48,15.64,-0.01,104,162541,卖盘
1661,11:19:51,15.65,0.01,102,159728,中性盘
1662,11:19:57,15.66,0.01,21,32886,卖盘
1663,11:20:00,15.67,0.01,2,3134,买盘
1664,11:20:04,15.67,0.0,159,249026,买盘
1665,11:20:07,15.65,-0.02,57,89215,卖盘
1666,11:20:10,15.67,0.02,75,117475,买盘
1667,11:20:18,15.66,-0.01,48,75168,卖盘
1668,11:20:21,15.66,0.0,37,57942,买盘
1669,11:20:24,15.67,0.01,24,37604,买盘
1670,11:20:27,15.66,-0.01,15,23500,卖盘
1671,11:20:33,15.67,0.01,41,64247,买盘
1672,11:20:36,15.64,-0.03,69,107958,卖盘
1673,11:20:43,15.67,0.03,26,41524,买盘
1674,11:20:45,15.68,0.01,4,6272,买盘
1675,11:20:49,15.67,-0.01,23,36041,买盘
1676,11:20:51,15.64,-0.03,38,58760,卖盘
1677,11:20:54,15.66,0.02,1,1566,买盘
1678,11:21:00,15.67,0.01,20,31330,买盘
1679,11:21:03,15.64,-0.03,10,15640,卖盘
1680,11:21:06,15.64,0.0,60,93840,卖盘
1681,11:21:21,15.64,0.0,5,7820,卖盘
1682,11:21:36,15.64,0.0,63,98532,卖盘
1683,11:21:42,15.64,0.0,4,6256,卖盘
1684,11:21:52,15.64,0.0,71,111044,卖盘
1685,11:21:54,15.65,0.01,4,6260,买盘
1686,11:21:57,15.65,0.0,15,23475,买盘
1687,11:22:00,15.64,-0.01,1,1564,卖盘
1688,11:22:03,15.66,0.02,70,109557,买盘
1689,11:22:21,15.66,0.0,7,10962,卖盘
1690,11:22:25,15.66,0.0,82,128412,卖盘
1691,11:22:30,15.66,0.0,10,15660,卖盘
1692,11:22:33,15.66,0.0,39,61104,卖盘
1693,11:22:36,15.66,0.0,8,12528,买盘
1694,11:22:39,15.66,0.0,86,134548,买盘
1695,11:22:42,15.66,0.0,8,12528,买盘
1696,11:22:45,15.66,0.0,13,20358,买盘
1697,11:22:49,15.66,0.0,1,1566,买盘
1698,11:22:54,15.65,-0.01,40,62605,卖盘
1699,11:23:03,15.65,0.0,3,4695,买盘
1700,11:23:09,15.65,0.0,80,125134,买盘
1701,11:23:15,15.64,-0.01,10,15640,卖盘
1702,11:23:19,15.65,0.01,26,40690,买盘
1703,11:23:24,15.65,0.0,85,133025,卖盘
1704,11:23:27,15.65,0.0,47,73555,卖盘
1705,11:23:39,15.64,-0.01,69,107981,卖盘
1706,11:23:42,15.65,0.01,4,6260,卖盘
1707,11:23:45,15.65,0.0,4,6260,买盘
1708,11:23:57,15.64,-0.01,71,111044,卖盘
1709,11:24:04,15.66,0.02,93,145623,买盘
1710,11:24:06,15.66,0.0,12,18792,卖盘
1711,11:24:18,15.67,0.01,14,21938,买盘
1712,11:24:27,15.66,-0.01,85,132327,卖盘
1713,11:24:39,15.65,-0.01,62,97030,卖盘
1714,11:24:45,15.66,0.01,4,6264,买盘
1715,11:24:58,15.65,-0.01,75,117378,卖盘
1716,11:25:09,15.65,0.0,59,92335,卖盘
1717,11:25:12,15.65,0.0,124,194060,卖盘
1718,11:25:27,15.65,0.0,7,10955,卖盘
1719,11:25:30,15.65,0.0,81,126765,卖盘
1720,11:25:33,15.66,0.01,15,23490,买盘
1721,11:25:39,15.65,-0.01,60,93900,卖盘
1722,11:25:48,15.66,0.01,27,42282,买盘
1723,11:25:51,15.66,0.0,4,6264,买盘
1724,11:25:57,15.65,-0.01,61,95465,卖盘
1725,11:26:00,15.65,0.0,75,117375,卖盘
1726,11:26:03,15.65,0.0,90,140937,卖盘
1727,11:26:06,15.66,0.01,3,4698,买盘
1728,11:26:09,15.65,-0.01,62,97030,卖盘
1729,11:26:18,15.66,0.01,2,3132,买盘
1730,11:26:21,15.66,0.0,4,6264,买盘
1731,11:26:30,15.65,-0.01,95,148675,卖盘
1732,11:26:39,15.65,0.0,65,101725,卖盘
1733,11:26:45,15.66,0.01,14,21924,买盘
1734,11:26:54,15.66,0.0,4,6264,买盘
1735,11:27:00,15.65,-0.01,70,109550,卖盘
1736,11:27:06,15.66,0.01,1,1566,买盘
1737,11:27:09,15.65,-0.01,68,106420,卖盘
1738,11:27:31,15.65,0.0,14,21916,卖盘
1739,11:27:33,15.65,0.0,82,128330,卖盘
1740,11:27:39,15.65,0.0,67,104855,卖盘
1741,11:27:45,15.66,0.01,14,21924,买盘
1742,11:27:51,15.66,0.0,6,9396,买盘
1743,11:27:54,15.66,0.0,10,15660,买盘
1744,11:27:57,15.66,0.0,14,21924,买盘
1745,11:28:04,15.67,0.01,208,325718,买盘
1746,11:28:12,15.65,-0.02,62,97030,卖盘
1747,11:28:15,15.67,0.02,1,1567,买盘
1748,11:28:18,15.65,-0.02,4,6260,卖盘
1749,11:28:27,15.67,0.02,8,12536,买盘
1750,11:28:33,15.66,-0.01,93,145645,卖盘
1751,11:28:36,15.66,0.0,4,6264,卖盘
1752,11:28:39,15.66,0.0,5,7830,卖盘
1753,11:28:42,15.65,-0.01,88,137742,卖盘
1754,11:28:48,15.66,0.01,4,6264,买盘
1755,11:28:51,15.66,0.0,33,51678,买盘
1756,11:29:04,15.65,-0.01,140,219100,卖盘
1757,11:29:06,15.65,0.0,2,3130,卖盘
1758,11:29:09,15.65,0.0,24,37587,卖盘
1759,11:29:12,15.65,0.0,66,103290,卖盘
1760,11:29:15,15.66,0.01,1,1566,卖盘
1761,11:29:28,15.65,-0.01,5,7825,卖盘
1762,11:29:30,15.65,0.0,7,10955,卖盘
1763,11:29:33,15.65,0.0,8,12520,卖盘
1764,11:29:36,15.65,0.0,96,150261,卖盘
1765,11:29:42,15.65,0.0,63,98595,卖盘
1766,11:29:48,15.66,0.01,6,9396,买盘
1767,11:29:51,15.65,-0.01,4,7042,卖盘
1768,11:29:54,15.67,0.02,48,74424,买盘
1769,11:30:00,15.67,0.0,10,15670,卖盘
1770,13:00:03,15.67,0.0,194,304776,卖盘
1771,13:00:07,15.67,0.0,24,37608,买盘
1772,13:00:12,15.67,0.0,63,98605,买盘
1773,13:00:15,15.67,0.0,2,3134,买盘
1774,13:00:18,15.67,0.0,43,67381,买盘
1775,13:00:33,15.67,0.0,72,112824,买盘
1776,13:00:39,15.66,-0.01,39,60661,买盘
1777,13:00:42,15.65,-0.01,66,103290,卖盘
1778,13:00:48,15.66,0.01,2,3132,买盘
1779,13:00:51,15.65,-0.01,76,119004,卖盘
1780,13:00:57,15.66,0.01,4,6264,买盘
1781,13:01:04,15.66,0.0,20,31320,买盘
1782,13:01:09,15.66,0.0,54,84564,卖盘
1783,13:01:12,15.64,-0.02,70,109499,卖盘
1784,13:01:36,15.66,0.02,12,18780,买盘
1785,13:01:39,15.64,-0.02,8,12512,卖盘
1786,13:01:42,15.64,0.0,78,122007,卖盘
1787,13:01:45,15.65,0.01,10,15650,买盘
1788,13:01:54,15.65,0.0,4,6260,买盘
1789,13:01:57,15.66,0.01,68,106435,买盘
1790,13:02:00,15.67,0.01,4,6268,买盘
1791,13:02:03,15.67,0.0,13,20371,买盘
1792,13:02:09,15.66,-0.01,70,109620,卖盘
1793,13:02:12,15.64,-0.02,66,103230,卖盘
1794,13:02:21,15.65,0.01,1,1565,买盘
1795,13:02:33,15.65,0.0,240,375600,卖盘
1796,13:02:39,15.64,-0.01,208,325512,卖盘
1797,13:02:42,15.64,0.0,82,128248,卖盘
1798,13:02:45,15.64,0.0,64,100096,卖盘
1799,13:02:48,15.65,0.01,49,76669,买盘
1800,13:02:51,15.64,-0.01,200,312800,卖盘
1801,13:02:54,15.65,0.01,14,21910,买盘
1802,13:02:58,15.65,0.0,3,4695,买盘
1803,13:03:04,15.65,0.0,26,40690,买盘
1804,13:03:09,15.64,-0.01,10,15640,卖盘
1805,13:03:12,15.64,0.0,70,109480,卖盘
1806,13:03:15,15.68,0.04,1059,1658489,买盘
1807,13:03:18,15.64,-0.04,22,34408,卖盘
1808,13:03:27,15.65,0.01,12,18780,卖盘
1809,13:03:33,15.65,0.0,20,31300,卖盘
1810,13:03:42,15.66,0.01,6,9396,中性盘
1811,13:03:45,15.65,-0.01,58,90770,卖盘
1812,13:03:51,15.66,0.01,10,15660,买盘
1813,13:03:54,15.66,0.0,5,7830,买盘
1814,13:03:57,15.67,0.01,83,129972,买盘
1815,13:04:04,15.68,0.01,14,21952,买盘
1816,13:04:12,15.67,-0.01,54,84618,卖盘
1817,13:04:15,15.65,-0.02,64,100160,卖盘
1818,13:04:18,15.65,0.0,7,10955,卖盘
1819,13:04:21,15.65,0.0,9,14085,卖盘
1820,13:04:24,15.66,0.01,18,28188,买盘
1821,13:04:33,15.66,0.0,1,1566,买盘
1822,13:04:39,15.66,0.0,7,10962,买盘
1823,13:04:42,15.65,-0.01,8,12520,卖盘
1824,13:04:45,15.65,0.0,142,222230,卖盘
1825,13:04:48,15.66,0.01,4,6264,买盘
1826,13:05:00,15.66,0.0,6,9396,买盘
1827,13:05:04,15.66,0.0,13,20358,买盘
1828,13:05:06,15.65,-0.01,30,46960,卖盘
1829,13:05:15,15.66,0.01,132,206581,买盘
1830,13:05:18,15.65,-0.01,6,9390,卖盘
1831,13:05:21,15.65,0.0,17,26620,卖盘
1832,13:05:24,15.65,0.0,8,12520,卖盘
1833,13:05:27,15.65,0.0,1,1565,卖盘
1834,13:05:30,15.65,0.0,5,7828,卖盘
1835,13:05:33,15.66,0.01,1,1566,买盘
1836,13:05:45,15.65,-0.01,150,234750,卖盘
1837,13:05:48,15.66,0.01,6,9392,买盘
1838,13:05:54,15.66,0.0,4,6264,买盘
1839,13:05:57,15.67,0.01,192,300582,买盘
1840,13:06:04,15.67,0.0,12,18804,买盘
1841,13:06:06,15.67,0.0,5,7835,买盘
1842,13:06:16,15.65,-0.02,68,106444,卖盘
1843,13:06:18,15.66,0.01,3,4698,中性盘
1844,13:06:33,15.66,0.0,10,15660,买盘
1845,13:06:36,15.65,-0.01,13,20347,卖盘
1846,13:06:39,15.66,0.01,16,25056,买盘
1847,13:06:42,15.65,-0.01,2,3131,卖盘
1848,13:06:45,15.65,0.0,83,129895,卖盘
1849,13:06:48,15.65,0.0,90,140850,卖盘
1850,13:06:54,15.66,0.01,6,9396,买盘
1851,13:06:57,15.66,0.0,39,61074,买盘
1852,13:07:06,15.66,0.0,73,114318,卖盘
1853,13:07:15,15.65,-0.01,71,111125,卖盘
1854,13:07:18,15.65,0.0,70,109550,卖盘
1855,13:07:33,15.65,0.0,43,67295,卖盘
1856,13:07:45,15.65,0.0,67,104855,卖盘
1857,13:07:48,15.65,0.0,31,48515,卖盘
1858,13:07:51,15.65,0.0,73,114259,卖盘
1859,13:07:57,15.67,0.02,127,199007,买盘
1860,13:08:00,15.66,-0.01,1,1566,中性盘
1861,13:08:03,15.66,0.0,41,64172,卖盘
1862,13:08:06,15.66,0.0,1,1566,卖盘
1863,13:08:12,15.67,0.01,40,62680,买盘
1864,13:08:15,15.65,-0.02,106,165927,卖盘
1865,13:08:19,15.65,0.0,68,106420,卖盘
1866,13:08:21,15.65,0.0,22,34430,卖盘
1867,13:08:30,15.65,0.0,42,65730,卖盘
1868,13:08:36,15.66,0.01,5,7828,买盘
1869,13:08:42,15.65,-0.01,13,20345,卖盘
1870,13:08:45,15.65,0.0,5,7825,买盘
1871,13:08:48,15.64,-0.01,74,115736,卖盘
1872,13:08:51,15.64,0.0,82,128248,卖盘
1873,13:09:00,15.65,0.01,7,10955,卖盘
1874,13:09:03,15.65,0.0,12,18780,买盘
1875,13:09:06,15.65,0.0,15,23475,买盘
1876,13:09:09,15.65,0.0,6,9390,买盘
1877,13:09:18,15.64,-0.01,65,101660,卖盘
1878,13:09:21,15.64,0.0,70,109480,卖盘
1879,13:09:27,15.64,0.0,75,117300,卖盘
1880,13:09:30,15.65,0.01,41,64126,买盘
1881,13:09:36,15.64,-0.01,87,136073,卖盘
1882,13:09:39,15.64,0.0,93,145452,卖盘
1883,13:09:42,15.64,0.0,29,45356,买盘
1884,13:09:48,15.64,0.0,65,101660,卖盘
1885,13:09:51,15.64,0.0,37,57874,卖盘
1886,13:09:54,15.64,0.0,59,92276,卖盘
1887,13:09:57,15.64,0.0,40,62560,卖盘
1888,13:10:00,15.65,0.01,143,223795,买盘
1889,13:10:04,15.64,-0.01,12,18769,卖盘
1890,13:10:09,15.64,0.0,2,3128,卖盘
1891,13:10:18,15.64,0.0,90,140760,卖盘
1892,13:10:21,15.64,0.0,22,34408,卖盘
1893,13:10:24,15.64,0.0,62,96983,卖盘
1894,13:10:27,15.64,0.0,40,62560,卖盘
1895,13:10:33,15.64,0.0,5,7820,卖盘
1896,13:10:36,15.65,0.01,3,4695,买盘
1897,13:10:45,15.64,-0.01,14,21896,卖盘
1898,13:10:48,15.63,-0.01,66,103161,卖盘
1899,13:10:51,15.63,0.0,11,17195,卖盘
1900,13:10:54,15.63,0.0,82,128166,卖盘
1901,13:10:57,15.63,0.0,43,67209,卖盘
1902,13:11:12,15.63,0.0,2,2438,卖盘
1903,13:11:18,15.63,0.0,61,95343,卖盘
1904,13:11:24,15.63,0.0,170,267023,卖盘
1905,13:11:27,15.63,0.0,39,60957,卖盘
1906,13:11:30,15.65,0.02,57,89204,买盘
1907,13:11:33,15.66,0.01,14,21924,买盘
1908,13:11:45,15.66,0.0,1,1566,买盘
1909,13:11:54,15.66,0.0,92,144001,买盘
1910,13:11:57,15.67,0.01,194,303815,买盘
1911,13:12:04,15.68,0.01,12,18816,买盘
1912,13:12:06,15.67,-0.01,4,6268,卖盘
1913,13:12:09,15.63,-0.04,1,1563,卖盘
1914,13:12:18,15.67,0.04,16,25072,买盘
1915,13:12:24,15.67,0.0,38,59546,卖盘
1916,13:12:39,15.67,0.0,1,1567,买盘
1917,13:12:42,15.67,0.0,10,15666,买盘
1918,13:12:45,15.67,0.0,14,21938,买盘
1919,13:12:51,15.67,0.0,6,9402,买盘
1920,13:12:55,15.65,-0.02,38,59480,卖盘
1921,13:12:57,15.66,0.01,4,6263,中性盘
1922,13:13:04,15.66,0.0,2,3132,买盘
1923,13:13:09,15.66,0.0,4,6264,买盘
1924,13:13:21,15.66,0.0,52,81432,买盘
1925,13:13:24,15.66,0.0,55,86091,买盘
1926,13:13:27,15.65,-0.01,80,125213,卖盘
1927,13:13:30,15.65,0.0,3,4696,中性盘
1928,13:13:33,15.67,0.02,13,20371,买盘
1929,13:13:36,15.67,0.0,25,39175,买盘
1930,13:13:39,15.67,0.0,4,6268,买盘
1931,13:13:46,15.66,-0.01,3,4698,卖盘
1932,13:13:48,15.66,0.0,2,3132,卖盘
1933,13:13:51,15.67,0.01,55,86142,买盘
1934,13:13:54,15.67,0.0,14,21938,买盘
1935,13:13:57,15.66,-0.01,11,17226,卖盘
1936,13:14:00,15.66,0.0,146,228749,卖盘
1937,13:14:04,15.66,0.0,3,4698,买盘
1938,13:14:15,15.67,0.01,1,1567,卖盘
1939,13:14:18,15.67,0.0,28,43876,卖盘
1940,13:14:21,15.66,-0.01,7,10962,卖盘
1941,13:14:24,15.65,-0.01,1,1565,卖盘
1942,13:14:30,15.65,0.0,42,65730,卖盘
1943,13:14:42,15.65,0.0,14,21910,买盘
1944,13:14:51,15.64,-0.01,42,65688,卖盘
1945,13:14:57,15.64,0.0,1,1564,卖盘
1946,13:15:00,15.64,0.0,97,151713,卖盘
1947,13:15:06,15.65,0.01,14,21910,买盘
1948,13:15:09,15.65,0.0,6,9390,买盘
1949,13:15:15,15.65,0.0,1,1565,中性盘
1950,13:15:18,15.65,0.0,45,70425,卖盘
1951,13:15:30,15.65,0.0,26,40690,卖盘
1952,13:15:36,15.65,0.0,7,10955,买盘
1953,13:15:39,15.64,-0.01,1,1564,卖盘
1954,13:15:48,15.64,0.0,46,71944,卖盘
1955,13:15:51,15.65,0.01,6,9390,买盘
1956,13:15:58,15.64,-0.01,2,3128,卖盘
1957,13:16:01,15.66,0.02,157,245730,买盘
1958,13:16:04,15.64,-0.02,83,129814,卖盘
1959,13:16:15,15.65,0.01,4,6261,卖盘
1960,13:16:18,15.65,0.0,45,70425,卖盘
1961,13:16:21,15.66,0.01,15,23483,买盘
1962,13:16:24,15.64,-0.02,1,1564,卖盘
1963,13:16:33,15.64,0.0,78,122059,卖盘
1964,13:16:42,15.64,0.0,1,1564,卖盘
1965,13:16:45,15.64,0.0,195,304127,卖盘
1966,13:16:54,15.65,0.01,52,81380,卖盘
1967,13:17:01,15.64,-0.01,1,1564,卖盘
1968,13:17:04,15.64,0.0,32,50048,卖盘
1969,13:17:06,15.64,0.0,59,92276,卖盘
1970,13:17:15,15.64,0.0,42,65688,卖盘
1971,13:17:33,15.64,0.0,69,107916,卖盘
1972,13:17:39,15.65,0.01,15,23475,买盘
1973,13:17:42,15.65,0.0,25,39110,买盘
1974,13:17:45,15.64,-0.01,41,64124,卖盘
1975,13:17:57,15.65,0.01,5,7825,买盘
1976,13:18:00,15.65,0.0,119,186233,买盘
1977,13:18:04,15.64,-0.01,24,37551,卖盘
1978,13:18:06,15.64,0.0,82,128248,卖盘
1979,13:18:10,15.64,0.0,1,1564,卖盘
1980,13:18:15,15.64,0.0,42,65688,卖盘
1981,13:18:18,15.64,0.0,100,156400,卖盘
1982,13:18:30,15.65,0.01,1,1565,买盘
1983,13:18:33,15.64,-0.01,22,34408,卖盘
1984,13:18:36,15.64,0.0,47,73508,卖盘
1985,13:18:42,15.64,0.0,46,71944,卖盘
1986,13:18:46,15.65,0.01,46,71990,买盘
1987,13:18:48,15.65,0.0,51,79829,卖盘
1988,13:18:51,15.66,0.01,13,20354,买盘
1989,13:18:54,15.65,-0.01,8,12520,卖盘
1990,13:19:00,15.65,0.0,1,1565,卖盘
1991,13:19:04,15.65,0.0,25,39125,卖盘
1992,13:19:06,15.65,0.0,90,140850,卖盘
1993,13:19:12,15.65,0.0,22,34430,卖盘
1994,13:19:15,15.66,0.01,51,79838,买盘
1995,13:19:18,15.67,0.01,7,10964,买盘
1996,13:19:24,15.65,-0.02,3,4695,卖盘
1997,13:19:33,15.65,0.0,7,10965,卖盘
1998,13:19:42,15.65,0.0,45,70425,卖盘
1999,13:19:54,15.66,0.01,7,10962,买盘
2000,13:19:57,15.65,-0.01,2,3130,卖盘
2001,13:20:00,15.67,0.02,148,231853,买盘
2002,13:20:04,15.66,-0.01,2,3133,中性盘
2003,13:20:06,15.66,0.0,9,14094,卖盘
2004,13:20:09,15.66,0.0,44,68904,卖盘
2005,13:20:12,15.66,0.0,4,6264,买盘
2006,13:20:15,15.66,0.0,63,98658,买盘
2007,13:20:21,15.66,0.0,9,14094,买盘
2008,13:20:30,15.66,0.0,2,3132,买盘
2009,13:20:39,15.65,-0.01,14,21921,卖盘
2010,13:21:00,15.65,0.0,2,4006,卖盘
2011,13:21:09,15.65,0.0,132,206580,卖盘
2012,13:21:12,15.65,0.0,4,6260,卖盘
2013,13:21:15,15.66,0.01,15,23490,买盘
2014,13:21:18,15.65,-0.01,22,33801,卖盘
2015,13:21:28,15.66,0.01,8,12528,买盘
2016,13:21:40,15.65,-0.01,106,165890,卖盘
2017,13:21:42,15.65,0.0,2,3130,卖盘
2018,13:21:48,15.65,0.0,5,7825,卖盘
2019,13:21:51,15.66,0.01,6,9396,买盘
2020,13:21:57,15.65,-0.01,2,3130,卖盘
2021,13:22:00,15.66,0.01,112,175391,买盘
2022,13:22:03,15.66,0.0,14,21924,买盘
2023,13:22:06,15.65,-0.01,55,86086,卖盘
2024,13:22:09,15.65,0.0,23,36008,卖盘
2025,13:22:12,15.66,0.01,100,156518,买盘
2026,13:22:15,15.67,0.01,97,151918,买盘
2027,13:22:18,15.67,0.0,8,12536,买盘
2028,13:22:21,15.67,0.0,8,12536,买盘
2029,13:22:24,15.66,-0.01,24,37598,卖盘
2030,13:22:33,15.66,0.0,2,3132,卖盘
2031,13:22:36,15.66,0.0,35,54810,卖盘
2032,13:22:39,15.67,0.01,6,9397,买盘
2033,13:22:48,15.66,-0.01,68,106488,买盘
2034,13:23:00,15.65,-0.01,6,9390,卖盘
2035,13:23:06,15.65,0.0,39,61066,卖盘
2036,13:23:12,15.66,0.01,5,7830,卖盘
2037,13:23:15,15.66,0.0,5,7830,买盘
2038,13:23:18,15.67,0.01,119,186374,买盘
2039,13:23:30,15.66,-0.01,1,1566,买盘
2040,13:23:36,15.67,0.01,54,84538,买盘
2041,13:23:42,15.66,-0.01,20,31320,中性盘
2042,13:23:45,15.66,0.0,10,15660,买盘
2043,13:23:48,15.67,0.01,45,70477,买盘
2044,13:24:00,15.68,0.01,140,219418,买盘
2045,13:24:04,15.67,-0.01,43,67381,中性盘
2046,13:24:09,15.67,0.0,2,3134,卖盘
2047,13:24:12,15.67,0.0,10,15670,卖盘
2048,13:24:15,15.67,0.0,44,68948,卖盘
2049,13:24:24,15.67,0.0,38,59546,买盘
2050,13:24:30,15.67,0.0,1,1567,卖盘
2051,13:24:33,15.67,0.0,6,9402,卖盘
2052,13:24:42,15.66,-0.01,16,25213,卖盘
2053,13:24:45,15.66,0.0,68,106488,卖盘
2054,13:24:48,15.67,0.01,14,21938,买盘
2055,13:24:51,15.67,0.0,8,12536,买盘
2056,13:25:00,15.67,0.0,2,3133,买盘
2057,13:25:03,15.67,0.0,56,87713,买盘
2058,13:25:09,15.66,-0.01,7,10968,卖盘
2059,13:25:12,15.68,0.02,31,48595,买盘
2060,13:25:15,15.66,-0.02,10,15660,卖盘
2061,13:25:18,15.66,0.0,43,68074,卖盘
2062,13:25:33,15.67,0.01,39,61075,买盘
2063,13:25:39,15.67,0.0,81,126927,买盘
2064,13:25:48,15.67,0.0,3,4701,买盘
2065,13:25:54,15.66,-0.01,1,1566,卖盘
2066,13:26:00,15.66,0.0,161,252301,卖盘
2067,13:26:06,15.66,0.0,31,47638,卖盘
2068,13:26:12,15.68,0.02,17,26644,买盘
2069,13:26:15,15.67,-0.01,10,15670,卖盘
2070,13:26:18,15.67,0.0,67,104989,卖盘
2071,13:26:24,15.66,-0.01,1,1566,卖盘
2072,13:26:27,15.67,0.01,15,23505,买盘
2073,13:26:30,15.67,0.0,88,137896,卖盘
2074,13:26:36,15.66,-0.01,150,234950,卖盘
2075,13:26:45,15.67,0.01,1,1567,买盘
2076,13:26:48,15.66,-0.01,68,106488,卖盘
2077,13:27:00,15.66,0.0,43,67338,卖盘
2078,13:27:09,15.66,0.0,17,27374,卖盘
2079,13:27:15,15.67,0.01,15,23505,买盘
2080,13:27:18,15.66,-0.01,88,137808,卖盘
2081,13:27:21,15.67,0.01,11,17233,买盘
2082,13:27:27,15.66,-0.01,42,65772,卖盘
2083,13:27:36,15.66,0.0,100,156600,卖盘
2084,13:27:45,15.68,0.02,5,7836,买盘
2085,13:27:48,15.66,-0.02,51,79866,卖盘
2086,13:27:51,15.67,0.01,6,9402,买盘
2087,13:27:57,15.66,-0.01,43,67338,卖盘
2088,13:28:00,15.66,0.0,38,59534,卖盘
2089,13:28:04,15.66,0.0,170,266060,卖盘
2090,13:28:09,15.69,0.03,6,9414,买盘
2091,13:28:18,15.67,-0.02,1,1567,卖盘
2092,13:28:24,15.68,0.01,20,31360,买盘
2093,13:28:28,15.68,0.0,58,90902,买盘
2094,13:28:30,15.67,-0.01,10,15670,卖盘
2095,13:28:33,15.68,0.01,7,10976,买盘
2096,13:28:39,15.68,0.0,5,7840,买盘
2097,13:28:42,15.68,0.0,21,32918,买盘
2098,13:28:51,15.67,-0.01,67,104989,卖盘
2099,13:28:54,15.67,0.0,39,61113,卖盘
2100,13:29:00,15.67,0.0,1,1567,卖盘
2101,13:29:04,15.67,0.0,1,1567,卖盘
2102,13:29:16,15.68,0.01,2,3136,买盘
2103,13:29:18,15.68,0.0,2,3136,买盘
2104,13:29:22,15.67,-0.01,97,152007,卖盘
2105,13:29:24,15.67,0.0,46,72082,卖盘
2106,13:29:30,15.67,0.0,1,1567,卖盘
2107,13:29:36,15.68,0.01,39,61132,买盘
2108,13:29:39,15.67,-0.01,7,10969,卖盘
2109,13:29:42,15.68,0.01,7,10976,买盘
2110,13:29:51,15.67,-0.01,69,108127,卖盘
2111,13:29:54,15.67,0.0,100,156700,卖盘
2112,13:29:57,15.67,0.0,2,3134,买盘
2113,13:30:00,15.68,0.01,94,147365,买盘
2114,13:30:03,15.68,0.0,7,10977,卖盘
2115,13:30:06,15.68,0.0,10,15586,卖盘
2116,13:30:09,15.68,0.0,5,7840,卖盘
2117,13:30:12,15.68,0.0,13,20387,卖盘
2118,13:30:15,15.68,0.0,1,1568,卖盘
2119,13:30:18,15.69,0.01,5,7845,买盘
2120,13:30:21,15.68,-0.01,31,48608,卖盘
2121,13:30:24,15.68,0.0,16,25182,卖盘
2122,13:30:45,15.67,-0.01,20,31340,卖盘
2123,13:30:51,15.68,0.01,59,92474,买盘
2124,13:31:00,15.66,-0.02,2,3132,卖盘
2125,13:31:06,15.67,0.01,89,139463,买盘
2126,13:31:09,15.66,-0.01,1,1566,卖盘
2127,13:31:21,15.66,0.0,42,65772,卖盘
2128,13:31:27,15.67,0.01,7,10969,买盘
2129,13:31:33,15.67,0.0,9,14103,买盘
2130,13:31:45,15.66,-0.01,5,7830,卖盘
2131,13:31:51,15.66,0.0,41,64206,卖盘
2132,13:31:54,15.67,0.01,15,23505,买盘
2133,13:31:57,15.66,-0.01,79,123726,卖盘
2134,13:32:00,15.66,0.0,16,25070,卖盘
2135,13:32:04,15.68,0.02,84,131676,买盘
2136,13:32:06,15.68,0.0,2,3136,买盘
2137,13:32:18,15.66,-0.02,45,70494,卖盘
2138,13:32:45,15.67,0.01,3,4701,买盘
2139,13:32:48,15.66,-0.01,44,68904,卖盘
2140,13:32:51,15.66,0.0,7,10962,卖盘
2141,13:32:57,15.66,0.0,506,791503,卖盘
2142,13:33:04,15.66,0.0,10,15660,卖盘
2143,13:33:07,15.66,0.0,27,42282,卖盘
2144,13:33:09,15.66,0.0,3,4698,卖盘
2145,13:33:12,15.67,0.01,14,21938,买盘
2146,13:33:18,15.66,-0.01,55,86141,卖盘
2147,13:33:24,15.67,0.01,24,37608,买盘
2148,13:33:27,15.66,-0.01,58,90875,卖盘
2149,13:33:30,15.66,0.0,81,126846,卖盘
2150,13:33:33,15.67,0.01,25,39175,买盘
2151,13:33:36,15.67,0.0,19,29773,买盘
2152,13:33:39,15.68,0.01,75,117567,买盘
2153,13:33:42,15.67,-0.01,20,31340,卖盘
2154,13:33:48,15.68,0.01,54,84628,买盘
2155,13:33:52,15.68,0.0,6,9408,买盘
2156,13:33:54,15.68,0.0,28,43904,买盘
2157,13:34:00,15.68,0.0,74,115964,买盘
2158,13:34:03,15.69,0.01,349,547339,买盘
2159,13:34:15,15.68,-0.01,146,229034,卖盘
2160,13:34:21,15.69,0.01,14,21966,买盘
2161,13:34:24,15.7,0.01,101,158515,买盘
2162,13:34:31,15.69,-0.01,12,18828,卖盘
2163,13:34:33,15.69,0.0,54,84726,买盘
2164,13:34:37,15.69,0.0,36,56474,买盘
2165,13:34:43,15.7,0.01,5,7850,买盘
2166,13:34:45,15.71,0.01,227,356361,买盘
2167,13:34:48,15.7,-0.01,9,14133,卖盘
2168,13:34:51,15.71,0.01,3,4712,买盘
2169,13:34:54,15.7,-0.01,12,18840,卖盘
2170,13:34:57,15.71,0.01,107,168007,买盘
2171,13:35:01,15.7,-0.01,19,29835,中性盘
2172,13:35:04,15.71,0.01,80,126720,买盘
2173,13:35:06,15.71,0.0,33,51843,卖盘
2174,13:35:12,15.72,0.01,57,89604,买盘
2175,13:35:16,15.7,-0.02,76,119380,卖盘
2176,13:35:21,15.72,0.02,1,1572,买盘
2177,13:35:27,15.7,-0.02,38,59660,卖盘
2178,13:35:34,15.71,0.01,14,21994,买盘
2179,13:35:37,15.7,-0.01,11,17270,卖盘
2180,13:35:42,15.7,0.0,39,61230,卖盘
2181,13:35:45,15.7,0.0,8,12560,卖盘
2182,13:35:48,15.7,0.0,1,1570,卖盘
2183,13:35:54,15.7,0.0,10,15700,卖盘
2184,13:35:57,15.7,0.0,13,20410,卖盘
2185,13:36:00,15.7,0.0,114,179077,卖盘
2186,13:36:04,15.7,0.0,16,25120,卖盘
2187,13:36:06,15.69,-0.01,43,67467,卖盘
2188,13:36:13,15.69,0.0,42,65898,卖盘
2189,13:36:15,15.7,0.01,54,84780,买盘
2190,13:36:18,15.71,0.01,12,18847,买盘
2191,13:36:24,15.7,-0.01,12,18840,卖盘
2192,13:36:27,15.71,0.01,29,45541,买盘
2193,13:36:30,15.7,-0.01,11,17270,卖盘
2194,13:36:33,15.69,-0.01,96,150663,卖盘
2195,13:36:36,15.71,0.02,24,37650,买盘
2196,13:36:42,15.71,0.0,40,62840,买盘
2197,13:36:45,15.68,-0.03,36,56456,卖盘
2198,13:36:51,15.7,0.02,6,9420,买盘
2199,13:36:55,15.7,0.0,3,4710,买盘
2200,13:36:58,15.68,-0.02,22,34511,卖盘
2201,13:37:01,15.69,0.01,9,14121,卖盘
2202,13:37:04,15.68,-0.01,77,120746,卖盘
2203,13:37:06,15.68,0.0,11,17248,卖盘
2204,13:37:15,15.68,0.0,25,39201,卖盘
2205,13:37:27,15.68,0.0,7,10976,卖盘
2206,13:37:33,15.68,0.0,90,141120,卖盘
2207,13:37:36,15.69,0.01,7,10983,买盘
2208,13:37:39,15.69,0.0,12,18828,卖盘
2209,13:37:48,15.69,0.0,32,50208,卖盘
2210,13:37:54,15.7,0.01,14,21980,买盘
2211,13:37:57,15.69,-0.01,9,14121,卖盘
2212,13:38:04,15.71,0.02,79,123600,买盘
2213,13:38:06,15.68,-0.03,66,104039,卖盘
2214,13:38:09,15.69,0.01,28,43461,买盘
2215,13:38:12,15.7,0.01,1,1570,卖盘
2216,13:38:15,15.72,0.02,8,12576,买盘
2217,13:38:18,15.69,-0.03,27,42365,卖盘
2218,13:38:24,15.7,0.01,1,1570,卖盘
2219,13:38:28,15.7,0.0,10,15700,卖盘
2220,13:38:31,15.71,0.01,7,10997,买盘
2221,13:38:36,15.7,-0.01,52,81720,卖盘
2222,13:38:39,15.71,0.01,96,150814,买盘
2223,13:38:42,15.71,0.0,21,32992,卖盘
2224,13:38:45,15.71,0.0,17,26723,卖盘
2225,13:38:48,15.7,-0.01,11,17270,卖盘
2226,13:38:51,15.71,0.01,5,7855,买盘
2227,13:38:57,15.71,0.0,15,23565,买盘
2228,13:39:06,15.71,0.0,68,106828,卖盘
2229,13:39:12,15.71,0.0,21,33006,卖盘
2230,13:39:21,15.71,0.0,2,3142,卖盘
2231,13:39:24,15.72,0.01,20,31440,买盘
2232,13:39:33,15.72,0.0,6,9432,买盘
2233,13:39:36,15.71,-0.01,37,58151,卖盘
2234,13:39:39,15.71,0.0,123,193274,卖盘
2235,13:39:42,15.72,0.01,14,22008,买盘
2236,13:39:45,15.72,0.0,6,9432,买盘
2237,13:39:51,15.73,0.01,6,9438,买盘
2238,13:40:04,15.73,0.0,88,138424,买盘
2239,13:40:06,15.72,-0.01,20,31440,卖盘
2240,13:40:09,15.72,0.0,56,88032,卖盘
2241,13:40:18,15.71,-0.01,1,1571,卖盘
2242,13:40:24,15.72,0.01,14,22008,买盘
2243,13:40:33,15.71,-0.01,16,25136,卖盘
2244,13:40:39,15.71,0.0,39,61283,卖盘
2245,13:40:42,15.71,0.0,82,128822,卖盘
2246,13:40:51,15.71,0.0,7,10997,卖盘
2247,13:40:54,15.71,0.0,10,15710,卖盘
2248,13:41:00,15.71,0.0,1,1571,卖盘
2249,13:41:12,15.71,0.0,65,102115,卖盘
2250,13:41:18,15.72,0.01,7,11000,买盘
2251,13:41:27,15.72,0.0,1,1572,买盘
2252,13:41:33,15.71,-0.01,18,28295,卖盘
2253,13:41:39,15.71,0.0,2,3142,卖盘
2254,13:41:43,15.71,0.0,98,153964,卖盘
2255,13:41:45,15.72,0.01,82,128904,买盘
2256,13:42:01,15.72,0.0,18,28296,卖盘
2257,13:42:04,15.73,0.01,92,144716,买盘
2258,13:42:06,15.73,0.0,2,3146,买盘
2259,13:42:09,15.73,0.0,19,29887,买盘
2260,13:42:12,15.72,-0.01,63,99036,卖盘
2261,13:42:15,15.72,0.0,3,4716,卖盘
2262,13:42:18,15.72,0.0,16,25161,卖盘
2263,13:42:22,15.73,0.01,10,15730,买盘
2264,13:42:24,15.72,-0.01,1,1572,卖盘
2265,13:42:30,15.73,0.01,6,9438,买盘
2266,13:42:33,15.73,0.0,1,1573,买盘
2267,13:42:36,15.72,-0.01,15,23580,卖盘
2268,13:42:39,15.72,0.0,7,11006,卖盘
2269,13:42:42,15.72,0.0,44,69184,卖盘
2270,13:42:45,15.72,0.0,81,127332,卖盘
2271,13:42:54,15.73,0.01,7,11010,买盘
2272,13:43:04,15.73,0.0,1,1573,买盘
2273,13:43:06,15.73,0.0,51,80223,买盘
2274,13:43:09,15.73,0.0,39,61347,买盘
2275,13:43:12,15.73,0.0,42,66066,买盘
2276,13:43:15,15.73,0.0,73,114763,买盘
2277,13:43:18,15.73,0.0,47,73931,买盘
2278,13:43:21,15.73,0.0,1,1573,买盘
2279,13:43:24,15.73,0.0,27,42471,买盘
2280,13:43:27,15.73,0.0,9,14156,买盘
2281,13:43:30,15.72,-0.01,1,1572,卖盘
2282,13:43:33,15.72,0.0,20,31440,卖盘
2283,13:43:36,15.73,0.01,6,9438,买盘
2284,13:43:39,15.73,0.0,7,11009,买盘
2285,13:43:45,15.72,-0.01,151,237429,卖盘
2286,13:43:48,15.73,0.01,51,80223,买盘
2287,13:43:54,15.73,0.0,25,39334,买盘
2288,13:44:04,15.74,0.01,74,116459,买盘
2289,13:44:09,15.73,-0.01,1,1573,卖盘
2290,13:44:12,15.73,0.0,2,3146,卖盘
2291,13:44:15,15.73,0.0,95,149516,卖盘
2292,13:44:18,15.73,0.0,6,9438,买盘
2293,13:44:21,15.73,0.0,9,14157,买盘
2294,13:44:24,15.73,0.0,29,45617,买盘
2295,13:44:27,15.73,0.0,55,86515,买盘
2296,13:44:33,15.74,0.01,10,15735,买盘
2297,13:44:36,15.73,-0.01,2,3146,卖盘
2298,13:44:39,15.74,0.01,113,177836,买盘
2299,13:44:42,15.74,0.0,36,56664,买盘
2300,13:44:45,15.73,-0.01,60,94428,卖盘
2301,13:44:49,15.73,0.0,85,133708,卖盘
2302,13:45:00,15.74,0.01,17,26758,买盘
2303,13:45:06,15.74,0.0,15,23624,中性盘
2304,13:45:16,15.74,0.0,5,7870,卖盘
2305,13:45:19,15.74,0.0,65,102310,卖盘
2306,13:45:21,15.74,0.0,75,118050,卖盘
2307,13:45:27,15.74,0.0,49,77126,买盘
2308,13:45:30,15.73,-0.01,4,6292,卖盘
2309,13:45:34,15.74,0.01,14,22036,买盘
2310,13:45:36,15.73,-0.01,10,15734,卖盘
2311,13:45:39,15.74,0.01,1,1574,买盘
2312,13:45:42,15.73,-0.01,13,20449,卖盘
2313,13:45:48,15.73,0.0,95,149435,卖盘
2314,13:45:51,15.74,0.01,15,23610,买盘
2315,13:45:55,15.74,0.0,6,9444,买盘
2316,13:45:57,15.73,-0.01,36,56628,卖盘
2317,13:46:04,15.73,0.0,122,192027,卖盘
2318,13:46:06,15.74,0.01,3,4722,买盘
2319,13:46:09,15.74,0.0,80,125920,买盘
2320,13:46:15,15.73,-0.01,26,40919,卖盘
2321,13:46:18,15.73,0.0,65,102245,卖盘
2322,13:46:21,15.74,0.01,6,9444,买盘
2323,13:46:24,15.74,0.0,3,4722,买盘
2324,13:46:28,15.74,0.0,13,20462,买盘
2325,13:46:36,15.74,0.0,8,12590,买盘
2326,13:46:40,15.73,-0.01,11,17775,卖盘
2327,13:46:42,15.74,0.01,100,157400,买盘
2328,13:46:45,15.73,-0.01,19,29901,卖盘
2329,13:46:48,15.73,0.0,24,37752,卖盘
2330,13:46:51,15.73,0.0,81,127413,卖盘
2331,13:46:54,15.74,0.01,25,39350,买盘
2332,13:46:57,15.73,-0.01,10,15730,卖盘
2333,13:47:04,15.73,0.0,17,26741,卖盘
2334,13:47:09,15.73,0.0,9,14164,卖盘
2335,13:47:13,15.73,0.0,18,28329,卖盘
2336,13:47:15,15.73,0.0,5,7865,卖盘
2337,13:47:19,15.73,0.0,10,15730,卖盘
2338,13:47:21,15.73,0.0,65,102245,卖盘
2339,13:47:24,15.73,0.0,55,86529,卖盘
2340,13:47:30,15.73,0.0,68,107021,卖盘
2341,13:47:33,15.73,0.0,7,11016,卖盘
2342,13:47:36,15.73,0.0,1,1573,卖盘
2343,13:47:39,15.73,0.0,2,3146,卖盘
2344,13:47:46,15.73,0.0,80,125840,卖盘
2345,13:47:51,15.73,0.0,95,149435,卖盘
2346,13:48:00,15.74,0.01,18,28331,买盘
2347,13:48:03,15.75,0.01,158,248717,买盘
2348,13:48:06,15.75,0.0,5,7875,买盘
2349,13:48:09,15.73,-0.02,25,39325,卖盘
2350,13:48:12,15.74,0.01,6,9444,买盘
2351,13:48:15,15.74,0.0,3,4722,买盘
2352,13:48:18,15.73,-0.01,10,15730,卖盘
2353,13:48:21,15.73,0.0,50,78650,卖盘
2354,13:48:24,15.75,0.02,25,39333,买盘
2355,13:48:30,15.73,-0.02,2,3146,卖盘
2356,13:48:33,15.73,0.0,9,14157,卖盘
2357,13:48:36,15.73,0.0,23,36208,卖盘
2358,13:48:39,15.73,0.0,37,58269,卖盘
2359,13:48:45,15.74,0.01,7,11018,买盘
2360,13:48:48,15.74,0.0,5,7870,买盘
2361,13:48:51,15.73,-0.01,14,22022,卖盘
2362,13:48:54,15.74,0.01,88,138430,买盘
2363,13:49:09,15.74,0.0,6,9444,买盘
2364,13:49:12,15.74,0.0,19,29906,买盘
2365,13:49:18,15.73,-0.01,6,9443,卖盘
2366,13:49:24,15.73,0.0,63,99099,卖盘
2367,13:49:27,15.74,0.01,2,3148,买盘
2368,13:49:30,15.73,-0.01,13,20449,卖盘
2369,13:49:33,15.73,0.0,12,18876,卖盘
2370,13:49:36,15.73,0.0,2,3146,卖盘
2371,13:49:39,15.73,0.0,36,56628,卖盘
2372,13:49:42,15.73,0.0,1,1573,卖盘
2373,13:49:45,15.74,0.01,14,22036,买盘
2374,13:49:54,15.73,-0.01,103,162019,卖盘
2375,13:49:57,15.73,0.0,16,25168,卖盘
2376,13:50:00,15.74,0.01,2,3148,买盘
2377,13:50:04,15.74,0.0,135,212490,买盘
2378,13:50:06,15.74,0.0,7,11018,买盘
2379,13:50:12,15.74,0.0,11,17314,买盘
2380,13:50:21,15.74,0.0,12,18887,买盘
2381,13:50:33,15.73,-0.01,3,4719,卖盘
2382,13:50:39,15.74,0.01,92,144808,买盘
2383,13:50:42,15.73,-0.01,3,4720,卖盘
2384,13:50:54,15.73,0.0,102,160446,卖盘
2385,13:50:57,15.73,0.0,4,6292,卖盘
2386,13:51:01,15.74,0.01,14,22036,买盘
2387,13:51:04,15.73,-0.01,32,50336,卖盘
2388,13:51:06,15.73,0.0,34,53488,卖盘
2389,13:51:22,15.73,0.0,1,1573,卖盘
2390,13:51:24,15.73,0.0,62,97526,卖盘
2391,13:51:28,15.73,0.0,29,45617,卖盘
2392,13:51:30,15.74,0.01,5,7870,买盘
2393,13:51:34,15.73,-0.01,5,7865,卖盘
2394,13:51:39,15.73,0.0,8,12589,卖盘
2395,13:51:42,15.74,0.01,4,6295,买盘
2396,13:51:45,15.74,0.0,2,3148,买盘
2397,13:51:48,15.74,0.0,66,103883,买盘
2398,13:51:51,15.74,0.0,39,61386,买盘
2399,13:51:54,15.74,0.0,74,116476,买盘
2400,13:51:57,15.74,0.0,101,158974,卖盘
2401,13:52:00,15.74,0.0,10,15740,买盘
2402,13:52:04,15.75,0.01,128,201529,买盘
2403,13:52:06,15.73,-0.02,20,31460,卖盘
2404,13:52:09,15.75,0.02,14,22050,买盘
2405,13:52:18,15.75,0.0,382,601500,买盘
2406,13:52:21,15.73,-0.02,1,1573,卖盘
2407,13:52:27,15.74,0.01,8,12592,中性盘
2408,13:52:31,15.75,0.01,68,107042,买盘
2409,13:52:39,15.75,0.0,1,1575,买盘
2410,13:52:42,15.74,-0.01,2,3148,卖盘
2411,13:52:48,15.74,0.0,11,17314,卖盘
2412,13:52:51,15.74,0.0,1,1574,卖盘
2413,13:52:57,15.74,0.0,96,151104,卖盘
2414,13:53:00,15.74,0.0,1,1574,卖盘
2415,13:53:06,15.75,0.01,1,1575,买盘
2416,13:53:12,15.75,0.0,21,33075,买盘
2417,13:53:15,15.74,-0.01,10,15740,卖盘
2418,13:53:18,15.75,0.01,26,40938,买盘
2419,13:53:27,15.74,-0.01,61,96014,卖盘
2420,13:53:30,15.74,0.0,2,3148,卖盘
2421,13:53:34,15.75,0.01,6,9450,买盘
2422,13:53:36,15.75,0.0,1,1575,买盘
2423,13:53:39,15.74,-0.01,3,4722,卖盘
2424,13:53:42,15.74,0.0,2,3148,卖盘
2425,13:53:45,15.74,0.0,13,20462,卖盘
2426,13:53:48,15.75,0.01,10,15750,买盘
2427,13:53:51,15.75,0.0,37,58275,买盘
2428,13:53:57,15.74,-0.01,10,15740,卖盘
2429,13:54:01,15.74,0.0,97,152678,卖盘
2430,13:54:04,15.75,0.01,84,132300,买盘
2431,13:54:07,15.74,-0.01,1,1574,卖盘
2432,13:54:09,15.74,0.0,41,64535,卖盘
2433,13:54:12,15.74,0.0,12,18888,卖盘
2434,13:54:16,15.75,0.01,7,11025,买盘
2435,13:54:24,15.74,-0.01,1,1574,卖盘
2436,13:54:30,15.74,0.0,77,121212,卖盘
2437,13:54:45,15.74,0.0,1,1574,卖盘
2438,13:54:54,15.74,0.0,7,11024,卖盘
2439,13:55:00,15.74,0.0,28,44072,卖盘
2440,13:55:04,15.74,0.0,14,22036,买盘
2441,13:55:06,15.74,0.0,10,15740,买盘
2442,13:55:18,15.74,0.0,2,3148,买盘
2443,13:55:22,15.74,0.0,2,3148,买盘
2444,13:55:28,15.74,0.0,38,59781,买盘
2445,13:55:30,15.73,-0.01,61,95953,卖盘
2446,13:55:33,15.73,0.0,2,3146,卖盘
2447,13:55:39,15.74,0.01,19,29901,买盘
2448,13:55:42,15.73,-0.01,26,40902,卖盘
2449,13:55:45,15.73,0.0,13,20748,卖盘
2450,13:56:00,15.73,0.0,22,34606,卖盘
2451,13:56:04,15.75,0.02,386,607614,买盘
2452,13:56:09,15.74,-0.01,1,1574,卖盘
2453,13:56:15,15.75,0.01,43,67725,买盘
2454,13:56:18,15.75,0.0,12,18900,买盘
2455,13:56:21,15.75,0.0,2,3150,买盘
2456,13:56:28,15.74,-0.01,10,15740,卖盘
2457,13:56:34,15.74,0.0,30,47220,卖盘
2458,13:56:40,15.73,-0.01,2,3146,卖盘
2459,13:56:46,15.74,0.01,5,7869,买盘
2460,13:56:48,15.73,-0.01,1,1573,卖盘
2461,13:56:51,15.74,0.01,14,22036,买盘
2462,13:56:54,15.73,-0.01,9,14164,卖盘
2463,13:57:00,15.73,0.0,2,3146,卖盘
2464,13:57:04,15.73,0.0,104,163597,卖盘
2465,13:57:06,15.73,0.0,20,31460,卖盘
2466,13:57:09,15.73,0.0,2,3146,卖盘
2467,13:57:15,15.74,0.01,25,39350,买盘
2468,13:57:18,15.74,0.0,5,7870,买盘
2469,13:57:22,15.74,0.0,4,6296,买盘
2470,13:57:25,15.74,0.0,6,9444,买盘
2471,13:57:33,15.73,-0.01,61,95955,卖盘
2472,13:57:37,15.73,0.0,2,3146,卖盘
2473,13:57:39,15.73,0.0,1,1573,卖盘
2474,13:57:45,15.73,0.0,15,23608,卖盘
2475,13:57:48,15.73,0.0,1,1573,卖盘
2476,13:57:51,15.73,0.0,2,3146,卖盘
2477,13:57:54,15.74,0.01,9,14166,买盘
2478,13:58:00,15.73,-0.01,16,25182,卖盘
2479,13:58:03,15.74,0.01,137,215621,买盘
2480,13:58:06,15.73,-0.01,107,168330,卖盘
2481,13:58:09,15.73,0.0,6,9438,卖盘
2482,13:58:12,15.75,0.02,8,12598,买盘
2483,13:58:18,15.73,-0.02,5,7865,卖盘
2484,13:58:30,15.73,0.0,3,4719,卖盘
2485,13:58:33,15.74,0.01,2,3148,买盘
2486,13:58:36,15.73,-0.01,62,97526,卖盘
2487,13:58:42,15.74,0.01,28,42916,买盘
2488,13:58:51,15.74,0.0,5,7870,买盘
2489,13:58:54,15.74,0.0,26,40924,买盘
2490,13:58:57,15.74,0.0,9,14166,买盘
2491,13:59:07,15.73,-0.01,98,154154,卖盘
2492,13:59:12,15.73,0.0,28,44058,卖盘
2493,13:59:24,15.73,0.0,368,579242,卖盘
2494,13:59:27,15.72,-0.01,17,26731,卖盘
2495,13:59:33,15.73,0.01,3,4719,买盘
2496,13:59:36,15.72,-0.01,61,95892,卖盘
2497,13:59:39,15.72,0.0,3,4716,卖盘
2498,13:59:45,15.72,0.0,2,3144,卖盘
2499,13:59:57,15.72,0.0,9,14934,卖盘
2500,14:00:00,15.73,0.01,2,3146,买盘
2501,14:00:03,15.73,0.0,131,206063,买盘
2502,14:00:06,15.73,0.0,34,53456,买盘
2503,14:00:09,15.72,-0.01,81,127332,卖盘
2504,14:00:15,15.73,0.01,4,6292,买盘
2505,14:00:24,15.73,0.0,5,7865,买盘
2506,14:00:30,15.73,0.0,15,23595,买盘
2507,14:00:33,15.73,0.0,19,29887,买盘
2508,14:00:39,15.72,-0.01,63,99036,卖盘
2509,14:00:45,15.73,0.01,1,1573,买盘
2510,14:00:51,15.73,0.0,7,11008,买盘
2511,14:00:54,15.73,0.0,6,9438,买盘
2512,14:01:00,15.73,0.0,16,25154,买盘
2513,14:01:04,15.72,-0.01,10,15720,卖盘
2514,14:01:09,15.72,0.0,99,155628,卖盘
2515,14:01:12,15.72,0.0,145,227940,卖盘
2516,14:01:15,15.73,0.01,55,86466,买盘
2517,14:01:18,15.72,-0.01,218,342696,卖盘
2518,14:01:21,15.72,0.0,9,13362,卖盘
2519,14:01:24,15.71,-0.01,102,160242,卖盘
2520,14:01:27,15.71,0.0,27,42417,卖盘
2521,14:01:30,15.71,0.0,26,40846,卖盘
2522,14:01:39,15.71,0.0,63,98973,卖盘
2523,14:01:42,15.71,0.0,7,10997,卖盘
2524,14:01:46,15.72,0.01,69,108414,买盘
2525,14:01:49,15.71,-0.01,7,10997,卖盘
2526,14:01:57,15.71,0.0,26,40846,卖盘
2527,14:02:04,15.71,0.0,8,12568,卖盘
2528,14:02:06,15.72,0.01,131,205932,买盘
2529,14:02:09,15.71,-0.01,30,47142,卖盘
2530,14:02:12,15.71,0.0,96,150816,卖盘
2531,14:02:21,15.71,0.0,4,6284,卖盘
2532,14:02:33,15.71,0.0,36,56556,卖盘
2533,14:02:39,15.71,0.0,1,1571,卖盘
2534,14:02:43,15.71,0.0,61,95831,卖盘
2535,14:02:51,15.71,0.0,8,11940,卖盘
2536,14:02:57,15.72,0.01,14,22008,买盘
2537,14:03:12,15.71,-0.01,18,28278,卖盘
2538,14:03:15,15.72,0.01,5,7860,买盘
2539,14:03:18,15.71,-0.01,1,1571,卖盘
2540,14:03:30,15.71,0.0,5,7855,卖盘
2541,14:03:37,15.72,0.01,6,9432,买盘
2542,14:03:43,15.71,-0.01,89,139825,卖盘
2543,14:03:52,15.71,0.0,12,18852,卖盘
2544,14:03:54,15.72,0.01,6,9432,买盘
2545,14:03:57,15.71,-0.01,81,127659,卖盘
2546,14:04:00,15.72,0.01,56,87982,买盘
2547,14:04:03,15.7,-0.02,613,962706,卖盘
2548,14:04:06,15.7,0.0,142,222940,买盘
2549,14:04:12,15.69,-0.01,59,92571,卖盘
2550,14:04:27,15.69,0.0,45,70605,卖盘
2551,14:04:39,15.69,0.0,5,7845,卖盘
2552,14:04:42,15.69,0.0,18,28242,卖盘
2553,14:04:45,15.7,0.01,1,1570,买盘
2554,14:04:48,15.69,-0.01,10,15690,卖盘
2555,14:04:54,15.7,0.01,5,7850,买盘
2556,14:05:03,15.69,-0.01,5,7845,卖盘
2557,14:05:09,15.7,0.01,9,14130,买盘
2558,14:05:12,15.69,-0.01,84,131801,卖盘
2559,14:05:15,15.7,0.01,18,28256,买盘
2560,14:05:18,15.69,-0.01,3,4707,卖盘
2561,14:05:21,15.69,0.0,10,15690,卖盘
2562,14:05:27,15.7,0.01,11,17270,买盘
2563,14:05:30,15.7,0.0,26,40820,买盘
2564,14:05:33,15.71,0.01,37,58090,买盘
2565,14:05:43,15.7,-0.01,26,40820,卖盘
2566,14:05:45,15.7,0.0,10,15700,买盘
2567,14:05:48,15.7,0.0,4,6280,买盘
2568,14:05:51,15.7,0.0,30,47100,买盘
2569,14:05:54,15.7,0.0,21,32970,卖盘
2570,14:05:57,15.71,0.01,1,1571,买盘
2571,14:06:00,15.7,-0.01,23,36110,卖盘
2572,14:06:06,15.7,0.0,112,175840,买盘
2573,14:06:09,15.69,-0.01,7,10983,卖盘
2574,14:06:12,15.69,0.0,17,26673,卖盘
2575,14:06:15,15.69,0.0,3,4707,卖盘
2576,14:06:18,15.7,0.01,1,1570,买盘
2577,14:06:36,15.7,0.0,12,18840,买盘
2578,14:06:39,15.7,0.0,1,1570,买盘
2579,14:06:43,15.69,-0.01,26,40818,卖盘
2580,14:06:46,15.69,0.0,86,134939,卖盘
2581,14:06:49,15.7,0.01,7,10990,买盘
2582,14:06:51,15.7,0.0,6,9420,买盘
2583,14:06:54,15.7,0.0,6,9420,买盘
2584,14:07:12,15.7,0.0,7,10990,买盘
2585,14:07:15,15.69,-0.01,59,92571,卖盘
2586,14:07:30,15.7,0.01,9,14250,买盘
2587,14:07:33,15.7,0.0,1,1570,买盘
2588,14:07:40,15.69,-0.01,4,6276,卖盘
2589,14:07:43,15.69,0.0,2,3138,卖盘
2590,14:07:45,15.69,0.0,25,39225,卖盘
2591,14:07:48,15.7,0.01,14,21980,买盘
2592,14:07:52,15.69,-0.01,9,14121,卖盘
2593,14:07:54,15.7,0.01,12,18840,买盘
2594,14:08:03,15.69,-0.01,5,7625,卖盘
2595,14:08:06,15.71,0.02,130,204124,买盘
2596,14:08:10,15.69,-0.02,1,1569,卖盘
2597,14:08:16,15.71,0.02,6,9424,买盘
2598,14:08:21,15.69,-0.02,5,7845,卖盘
2599,14:08:33,15.69,0.0,42,65928,卖盘
2600,14:08:39,15.7,0.01,6,9420,买盘
2601,14:08:42,15.7,0.0,8,12560,买盘
2602,14:08:45,15.69,-0.01,20,31383,卖盘
2603,14:08:48,15.69,0.0,42,65898,卖盘
2604,14:08:51,15.7,0.01,12,18840,买盘
2605,14:08:55,15.7,0.0,3,4710,买盘
2606,14:08:58,15.7,0.0,14,21980,买盘
2607,14:09:12,15.69,-0.01,500,784500,卖盘
2608,14:09:15,15.69,0.0,17,26673,卖盘
2609,14:09:18,15.69,0.0,2,3138,卖盘
2610,14:09:24,15.69,0.0,5,7845,卖盘
2611,14:09:30,15.69,0.0,8,12552,卖盘
2612,14:09:33,15.69,0.0,19,29309,卖盘
2613,14:09:45,15.69,0.0,5,7845,卖盘
2614,14:09:49,15.69,0.0,81,127089,卖盘
2615,14:09:54,15.7,0.01,6,9420,买盘
2616,14:10:00,15.69,-0.01,20,31380,卖盘
2617,14:10:04,15.7,0.01,4,6280,买盘
2618,14:10:06,15.71,0.01,136,213594,买盘
2619,14:10:09,15.71,0.0,14,21994,买盘
2620,14:10:22,15.7,-0.01,69,108330,买盘
2621,14:10:30,15.71,0.01,8,12568,买盘
2622,14:10:33,15.71,0.0,44,70475,买盘
2623,14:10:36,15.71,0.0,13,20423,卖盘
2624,14:10:42,15.71,0.0,19,28498,卖盘
2625,14:10:46,15.71,0.0,3,6064,买盘
2626,14:10:48,15.7,-0.01,16,25126,卖盘
2627,14:10:57,15.71,0.01,2,3142,卖盘
2628,14:11:06,15.71,0.0,10,15710,卖盘
2629,14:11:15,15.71,0.0,11,17281,卖盘
2630,14:11:18,15.71,0.0,48,74057,卖盘
2631,14:11:21,15.69,-0.02,21,32978,卖盘
2632,14:11:30,15.7,0.01,7,10990,卖盘
2633,14:11:34,15.7,0.0,21,32970,卖盘
2634,14:11:36,15.71,0.01,4,6284,买盘
2635,14:11:39,15.7,-0.01,1,1570,卖盘
2636,14:11:42,15.7,0.0,63,98910,卖盘
2637,14:11:45,15.7,0.0,154,241773,买盘
2638,14:11:48,15.7,0.0,55,86350,卖盘
2639,14:11:51,15.7,0.0,2,3140,卖盘
2640,14:11:54,15.7,0.0,38,59660,卖盘
2641,14:12:06,15.72,0.02,114,179113,买盘
2642,14:12:12,15.69,-0.03,295,463147,卖盘
2643,14:12:18,15.69,0.0,19,29811,卖盘
2644,14:12:21,15.72,0.03,15,23549,买盘
2645,14:12:31,15.72,0.0,4,6282,买盘
2646,14:12:36,15.72,0.0,15,23580,买盘
2647,14:12:42,15.7,-0.02,5,7850,卖盘
2648,14:12:45,15.7,0.0,1,1570,卖盘
2649,14:12:48,15.7,0.0,2,3140,卖盘
2650,14:12:58,15.71,0.01,6,9426,买盘
2651,14:13:18,15.7,-0.01,23,36120,卖盘
2652,14:13:21,15.7,0.0,61,95773,卖盘
2653,14:13:27,15.7,0.0,277,434890,卖盘
2654,14:13:42,15.69,-0.01,14,21966,卖盘
2655,14:13:45,15.69,0.0,16,25104,卖盘
2656,14:13:48,15.69,0.0,106,166329,卖盘
2657,14:13:51,15.69,0.0,16,25104,卖盘
2658,14:13:57,15.71,0.02,9,14131,买盘
2659,14:14:06,15.71,0.0,148,232493,买盘
2660,14:14:13,15.69,-0.02,12,20130,卖盘
2661,14:14:16,15.71,0.02,8,12568,买盘
2662,14:14:21,15.7,-0.01,34,53380,卖盘
2663,14:14:24,15.69,-0.01,14,21972,卖盘
2664,14:14:33,15.7,0.01,1,1570,买盘
2665,14:14:36,15.69,-0.01,4,6402,卖盘
2666,14:14:42,15.69,0.0,4,6276,卖盘
2667,14:14:48,15.69,0.0,50,78450,卖盘
2668,14:14:51,15.69,0.0,58,91015,卖盘
2669,14:14:54,15.69,0.0,22,34522,卖盘
2670,14:14:57,15.7,0.01,14,21980,买盘
2671,14:15:00,15.7,0.0,1,1570,买盘
2672,14:15:06,15.68,-0.02,900,1411655,卖盘
2673,14:15:18,15.69,0.01,10,15690,卖盘
2674,14:15:21,15.69,0.0,16,25104,卖盘
2675,14:15:24,15.69,0.0,8,12552,卖盘
2676,14:15:28,15.69,0.0,4,6276,卖盘
2677,14:15:33,15.68,-0.01,10,14974,卖盘
2678,14:15:45,15.68,0.0,20,31360,卖盘
2679,14:15:48,15.68,0.0,15,23520,卖盘
2680,14:15:52,15.68,0.0,9,14112,卖盘
2681,14:15:55,15.68,0.0,81,127008,卖盘
2682,14:15:57,15.69,0.01,6,9414,买盘
2683,14:16:06,15.7,0.01,123,193040,买盘
2684,14:16:09,15.7,0.0,4,6280,买盘
2685,14:16:12,15.7,0.0,15,23550,买盘
2686,14:16:24,15.71,0.01,80,125549,买盘
2687,14:16:39,15.7,-0.01,7,10990,买盘
2688,14:16:42,15.69,-0.01,50,78450,卖盘
2689,14:16:45,15.69,0.0,4,6276,卖盘
2690,14:16:48,15.69,0.0,7,10983,买盘
2691,14:16:51,15.69,0.0,2,3138,买盘
2692,14:16:54,15.69,0.0,16,25089,买盘
2693,14:16:57,15.68,-0.01,11,17257,卖盘
2694,14:17:00,15.69,0.01,7,10983,买盘
2695,14:17:06,15.68,-0.01,50,78400,卖盘
2696,14:17:09,15.69,0.01,6,9414,买盘
2697,14:17:15,15.68,-0.01,16,25088,卖盘
2698,14:17:21,15.68,0.0,13,20384,卖盘
2699,14:17:24,15.68,0.0,89,139552,卖盘
2700,14:17:27,15.7,0.02,15,23546,买盘
2701,14:17:33,15.68,-0.02,14,21952,卖盘
2702,14:17:39,15.68,0.0,7,10976,卖盘
2703,14:17:42,15.69,0.01,2,3137,中性盘
2704,14:17:45,15.7,0.01,22,34540,买盘
2705,14:17:48,15.7,0.0,11,17260,买盘
2706,14:17:54,15.69,-0.01,60,94140,卖盘
2707,14:17:57,15.68,-0.01,39,61189,卖盘
2708,14:18:07,15.69,0.01,77,120813,中性盘
2709,14:18:19,15.68,-0.01,1,1568,卖盘
2710,14:18:21,15.67,-0.01,708,1109263,卖盘
2711,14:18:30,15.67,0.0,2,3134,卖盘
2712,14:18:39,15.67,0.0,2,3134,卖盘
2713,14:18:45,15.68,0.01,15,23520,买盘
2714,14:18:51,15.67,-0.01,3,4701,卖盘
2715,14:18:55,15.67,0.0,8,12536,卖盘
2716,14:18:57,15.68,0.01,87,136335,买盘
2717,14:19:09,15.67,-0.01,175,275244,卖盘
2718,14:19:21,15.67,0.0,3,4701,买盘
2719,14:19:24,15.66,-0.01,13,20358,卖盘
2720,14:19:27,15.67,0.01,76,119037,买盘
2721,14:19:33,15.67,0.0,33,51706,买盘
2722,14:19:36,15.67,0.0,37,57979,买盘
2723,14:19:39,15.67,0.0,11,17237,买盘
2724,14:19:42,15.66,-0.01,17,26629,卖盘
2725,14:19:45,15.66,0.0,3,4700,卖盘
2726,14:19:48,15.66,0.0,102,159734,卖盘
2727,14:19:51,15.67,0.01,1,1567,买盘
2728,14:19:54,15.67,0.0,15,23505,买盘
2729,14:19:57,15.66,-0.01,16,25057,卖盘
2730,14:20:00,15.66,0.0,4,6265,卖盘
2731,14:20:04,15.67,0.01,1,1567,买盘
2732,14:20:06,15.67,0.0,3,4701,买盘
2733,14:20:09,15.68,0.01,108,169283,买盘
2734,14:20:12,15.66,-0.02,3,4700,卖盘
2735,14:20:15,15.67,0.01,2,3134,买盘
2736,14:20:19,15.67,0.0,62,97154,卖盘
2737,14:20:24,15.68,0.01,33,51744,买盘
2738,14:20:27,15.67,-0.01,47,73649,卖盘
2739,14:20:30,15.67,0.0,31,48577,买盘
2740,14:20:33,15.67,0.0,4,6268,买盘
2741,14:20:36,15.67,0.0,28,43876,买盘
2742,14:20:39,15.67,0.0,5,7835,买盘
2743,14:20:42,15.68,0.01,8,12544,买盘
2744,14:20:48,15.68,0.0,8,12544,买盘
2745,14:20:54,15.68,0.0,415,650720,买盘
2746,14:20:57,15.67,-0.01,121,189675,卖盘
2747,14:21:00,15.67,0.0,2,3134,卖盘
2748,14:21:06,15.68,0.01,18,28224,买盘
2749,14:21:13,15.68,0.0,1,1568,买盘
2750,14:21:15,15.68,0.0,1,1568,买盘
2751,14:21:18,15.67,-0.01,144,225648,卖盘
2752,14:21:24,15.67,0.0,19,29782,卖盘
2753,14:21:27,15.67,0.0,15,23505,卖盘
2754,14:21:31,15.67,0.0,3,4701,卖盘
2755,14:21:39,15.68,0.01,10,15680,买盘
2756,14:21:51,15.68,0.0,1,1568,买盘
2757,14:21:54,15.67,-0.01,1,1567,卖盘
2758,14:21:57,15.67,0.0,15,23511,卖盘
2759,14:22:00,15.67,0.0,67,104989,卖盘
