,time,price,change,volume,amount,type
0,09:25:04,6.57,-0.04,28,18396,买盘
1,09:30:04,6.61,0.04,6,3966,买盘
2,09:30:09,6.62,0.01,2,1324,卖盘
3,09:30:12,6.62,0.0,2,1324,卖盘
4,09:30:15,6.61,-0.01,2,1322,卖盘
5,09:30:18,6.61,0.0,3,1983,卖盘
6,09:30:21,6.61,0.0,2,1322,卖盘
7,09:30:24,6.61,0.0,2,1322,卖盘
8,09:30:27,6.61,0.0,1,661,卖盘
9,09:31:06,6.61,0.0,7,4627,买盘
10,09:31:15,6.58,-0.03,84,55272,卖盘
11,09:31:24,6.58,0.0,4,2632,卖盘
12,09:31:33,6.61,0.03,10,6610,买盘
13,09:31:36,6.62,0.01,32,21158,买盘
14,09:31:57,6.57,-0.05,55,36135,卖盘
15,09:32:00,6.61,0.04,1,661,卖盘
16,09:32:06,6.57,-0.04,21,13797,卖盘
17,09:32:15,6.57,0.0,70,45990,卖盘
18,09:32:21,6.57,0.0,1,657,买盘
19,09:32:24,6.57,0.0,2,1314,买盘
20,09:32:27,6.57,0.0,14,9198,买盘
21,09:33:48,6.57,0.0,12,7884,卖盘
22,09:34:04,6.57,0.0,1,657,卖盘
23,09:34:15,6.59,0.02,1,659,买盘
24,09:34:18,6.57,-0.02,4,2632,卖盘
25,09:34:21,6.59,0.02,1,659,卖盘
26,09:34:30,6.59,0.0,1,659,卖盘
27,09:35:00,6.59,0.0,1,659,卖盘
28,09:35:04,6.59,0.0,6,3954,卖盘
29,09:35:30,6.59,0.0,5,3295,买盘
30,09:35:36,6.59,0.0,19,12507,买盘
31,09:35:48,6.6,0.01,300,197960,买盘
32,09:35:54,6.57,-0.03,37,24309,卖盘
33,09:36:16,6.61,0.04,5,3305,买盘
34,09:37:12,6.58,-0.03,31,20398,卖盘
35,09:37:48,6.59,0.01,7,4613,中性盘
36,09:38:00,6.6,0.01,5,3300,买盘
37,09:38:04,6.6,0.0,4,2640,买盘
38,09:38:51,6.6,0.0,8,5280,买盘
39,09:39:15,6.59,-0.01,19,12521,卖盘
40,09:39:36,6.59,0.0,13,8567,卖盘
41,09:39:42,6.59,0.0,9,5931,买盘
42,09:40:09,6.6,0.01,10,6600,买盘
43,09:40:36,6.59,-0.01,100,65900,卖盘
44,09:40:42,6.59,0.0,1,659,卖盘
45,09:40:48,6.59,0.0,43,28337,卖盘
46,09:41:09,6.59,0.0,32,21088,卖盘
47,09:41:12,6.59,0.0,1,659,卖盘
48,09:41:18,6.59,0.0,10,6590,卖盘
49,09:41:21,6.59,0.0,6,3954,卖盘
50,09:41:24,6.59,0.0,8,5272,卖盘
51,09:41:27,6.59,0.0,11,7249,卖盘
52,09:41:30,6.59,0.0,7,4613,卖盘
53,09:41:33,6.59,0.0,12,7908,卖盘
54,09:41:36,6.59,0.0,4,2636,卖盘
55,09:41:39,6.59,0.0,18,11862,卖盘
56,09:41:48,6.58,-0.01,10,6580,卖盘
57,09:41:51,6.58,0.0,10,6580,卖盘
58,09:41:54,6.58,0.0,11,7238,卖盘
59,09:41:57,6.58,0.0,14,9212,卖盘
60,09:42:00,6.58,0.0,32,21056,卖盘
61,09:42:04,6.58,0.0,19,12502,卖盘
62,09:42:06,6.58,0.0,15,9870,卖盘
63,09:42:09,6.58,0.0,71,46718,卖盘
64,09:42:12,6.57,-0.01,12,7884,卖盘
65,09:42:15,6.57,0.0,7,4599,卖盘
66,09:42:33,6.57,0.0,50,32850,卖盘
67,09:42:39,6.57,0.0,13,8541,卖盘
68,09:42:42,6.57,0.0,2,1314,卖盘
69,09:43:06,6.58,0.01,1,658,买盘
70,09:43:09,6.58,0.0,10,6580,买盘
71,09:43:30,6.57,-0.01,3,1971,卖盘
72,09:43:36,6.58,0.01,11,7237,买盘
73,09:43:42,6.58,0.0,38,24996,买盘
74,09:43:57,6.57,-0.01,1,657,卖盘
75,09:44:57,6.58,0.01,1,658,卖盘
76,09:45:24,6.58,0.0,10,6580,卖盘
77,09:45:33,6.58,0.0,1,658,卖盘
78,09:45:55,6.58,0.0,1,658,卖盘
79,09:46:30,6.58,0.0,1,658,卖盘
80,09:47:00,6.58,0.0,5,3290,卖盘
81,09:47:06,6.58,0.0,33,21714,卖盘
82,09:47:33,6.58,0.0,8,5264,买盘
83,09:48:04,6.59,0.01,25,17002,买盘
84,09:48:06,6.59,0.0,1,659,卖盘
85,09:48:09,6.59,0.0,4,2636,卖盘
86,09:48:30,6.59,0.0,1,659,卖盘
87,09:49:00,6.6,0.01,5,3300,买盘
88,09:49:09,6.59,-0.01,20,13180,卖盘
89,09:49:30,6.6,0.01,13,8579,买盘
90,09:49:57,6.59,-0.01,1,659,卖盘
91,09:51:09,6.59,0.0,1,659,卖盘
92,09:51:15,6.59,0.0,52,34268,卖盘
93,09:51:24,6.58,-0.01,142,93444,卖盘
94,09:51:30,6.58,0.0,1,658,卖盘
95,09:51:36,6.58,0.0,50,32900,卖盘
96,09:51:39,6.58,0.0,6,3948,卖盘
97,09:51:42,6.58,0.0,33,21188,卖盘
98,09:51:51,6.57,-0.01,56,36792,卖盘
99,09:52:09,6.57,0.0,100,65700,卖盘
100,09:52:13,6.57,0.0,15,9855,卖盘
101,09:52:18,6.57,0.0,20,13140,卖盘
102,09:52:24,6.57,0.0,2,1314,卖盘
103,09:52:30,6.57,0.0,1,657,卖盘
104,09:52:36,6.57,0.0,12,7884,卖盘
105,09:52:42,6.57,0.0,7,4599,卖盘
106,09:53:06,6.57,0.0,2,1315,卖盘
107,09:53:12,6.57,0.0,13,8541,卖盘
108,09:53:18,6.56,-0.01,4,2624,卖盘
109,09:53:36,6.56,0.0,16,10497,卖盘
110,09:53:57,6.56,0.0,1,656,卖盘
111,09:54:15,6.56,0.0,38,24928,卖盘
112,09:54:24,6.55,-0.01,5,3275,卖盘
113,09:54:30,6.55,0.0,1,655,卖盘
114,09:54:36,6.55,0.0,1,655,卖盘
115,09:54:48,6.55,0.0,127,83185,卖盘
116,09:55:00,6.55,0.0,1,655,卖盘
117,09:55:09,6.55,0.0,70,45850,卖盘
118,09:55:27,6.54,-0.01,132,86434,卖盘
119,09:55:30,6.54,0.0,78,51012,买盘
120,09:55:33,6.56,0.02,40,26200,买盘
121,09:55:51,6.54,-0.02,32,20928,买盘
122,09:55:57,6.5,-0.04,193,125742,卖盘
123,09:56:06,6.54,0.04,1,654,卖盘
124,09:56:18,6.53,-0.01,18,11754,卖盘
125,09:56:21,6.53,0.0,28,18284,买盘
126,09:56:27,6.54,0.01,2,1309,卖盘
127,09:56:30,6.54,0.0,37,24199,卖盘
128,09:56:33,6.55,0.01,1,655,买盘
129,09:56:54,6.55,0.0,1,655,买盘
130,09:57:30,6.54,-0.01,1,654,卖盘
131,09:57:36,6.54,0.0,1,654,卖盘
132,09:57:42,6.54,0.0,7,4578,卖盘
133,09:57:45,6.5,-0.04,555,361102,卖盘
134,09:57:48,6.5,0.0,3,1950,买盘
135,09:57:51,6.5,0.0,19,12350,买盘
136,09:57:54,6.5,0.0,23,14950,买盘
137,09:57:57,6.55,0.05,22,14410,买盘
138,09:58:04,6.5,-0.05,79,51438,卖盘
139,09:58:15,6.52,0.02,10,6520,中性盘
140,09:58:27,6.52,0.0,38,24777,卖盘
141,09:58:33,6.53,0.01,1,653,买盘
142,09:58:42,6.53,0.0,1,653,买盘
143,09:58:46,6.53,0.0,1,653,买盘
144,09:58:54,6.52,-0.01,98,63896,卖盘
145,09:58:57,6.52,0.0,52,33904,买盘
146,09:59:12,6.52,0.0,1,652,卖盘
147,09:59:21,6.54,0.02,6,3924,买盘
148,09:59:24,6.52,-0.02,162,105651,卖盘
149,09:59:27,6.52,0.0,8,5216,买盘
150,09:59:33,6.52,0.0,1,652,买盘
151,09:59:36,6.51,-0.01,73,47547,卖盘
152,09:59:39,6.51,0.0,78,50785,卖盘
153,09:59:42,6.51,0.0,52,33852,卖盘
154,09:59:45,6.51,0.0,77,50127,买盘
155,09:59:48,6.51,0.0,39,25389,买盘
156,09:59:51,6.5,-0.01,18,11709,卖盘
157,09:59:54,6.51,0.01,16,10416,买盘
158,09:59:57,6.52,0.01,9,5861,买盘
159,10:00:00,6.52,0.0,5,3260,买盘
160,10:00:03,6.52,0.0,3,1956,买盘
161,10:00:06,6.51,-0.01,5,3259,卖盘
162,10:00:12,6.51,0.0,4,2604,卖盘
163,10:00:18,6.52,0.01,18,11736,买盘
164,10:00:27,6.52,0.0,8,5216,买盘
165,10:00:36,6.54,0.02,5,3270,买盘
166,10:00:51,6.54,0.0,3,1962,买盘
167,10:01:03,6.54,0.0,133,86982,买盘
168,10:01:06,6.54,0.0,1,654,卖盘
169,10:01:57,6.55,0.01,16,10480,卖盘
170,10:02:18,6.55,0.0,24,15720,买盘
171,10:02:33,6.55,0.0,8,5240,卖盘
172,10:02:39,6.55,0.0,1,655,卖盘
173,10:03:12,6.55,0.0,2,1310,卖盘
174,10:03:18,6.55,0.0,10,6550,卖盘
175,10:03:33,6.55,0.0,5,3275,卖盘
176,10:03:45,6.54,-0.01,166,108564,卖盘
177,10:03:51,6.52,-0.02,1,652,卖盘
178,10:04:03,6.52,0.0,94,61288,卖盘
179,10:04:06,6.52,0.0,27,17604,卖盘
180,10:04:18,6.52,0.0,1,652,卖盘
181,10:04:48,6.52,0.0,1,652,卖盘
182,10:04:55,6.53,0.01,1,653,买盘
183,10:04:58,6.53,0.0,1,653,买盘
184,10:05:00,6.53,0.0,1,653,买盘
185,10:05:18,6.52,-0.01,19,12388,卖盘
186,10:05:33,6.52,0.0,22,14334,买盘
187,10:05:36,6.51,-0.01,37,24097,卖盘
188,10:05:39,6.52,0.01,8,5216,买盘
189,10:05:42,6.52,0.0,7,4564,买盘
190,10:05:48,6.51,-0.01,19,12387,卖盘
191,10:05:51,6.52,0.01,12,7824,买盘
192,10:05:54,6.51,-0.01,156,101562,卖盘
193,10:05:57,6.52,0.01,15,9780,买盘
194,10:06:16,6.52,0.0,21,13692,买盘
195,10:06:21,6.51,-0.01,1,651,卖盘
196,10:06:27,6.52,0.01,20,13040,买盘
197,10:06:30,6.52,0.0,1,652,买盘
198,10:06:39,6.52,0.0,32,20864,买盘
199,10:06:45,6.53,0.01,12,7830,买盘
200,10:07:00,6.51,-0.02,19,12378,卖盘
201,10:07:03,6.53,0.02,13,8479,买盘
202,10:07:12,6.53,0.0,1,653,买盘
203,10:07:16,6.53,0.0,1,653,买盘
204,10:07:18,6.52,-0.01,1,652,卖盘
205,10:07:21,6.53,0.01,4,2612,买盘
206,10:07:30,6.54,0.01,9,6409,买盘
207,10:07:39,6.51,-0.03,737,479584,卖盘
208,10:07:48,6.58,0.07,365,239447,买盘
209,10:07:51,6.58,0.0,1,658,卖盘
210,10:07:54,6.58,0.0,13,8554,卖盘
211,10:07:57,6.58,0.0,1,658,卖盘
212,10:08:00,6.58,0.0,3,1974,卖盘
213,10:08:04,6.58,0.0,2,1316,卖盘
214,10:08:06,6.58,0.0,64,42112,卖盘
215,10:08:09,6.58,0.0,10,6580,卖盘
216,10:08:12,6.58,0.0,1,132,买盘
217,10:08:33,6.58,0.0,38,25004,买盘
218,10:08:39,6.58,0.0,46,30794,买盘
219,10:08:42,6.58,0.0,23,14608,卖盘
220,10:08:57,6.55,-0.03,2,1310,买盘
221,10:09:01,6.52,-0.03,3,1962,卖盘
222,10:10:18,6.57,0.05,76,49932,买盘
223,10:12:06,6.57,0.0,1,657,买盘
224,10:13:04,6.56,-0.01,3,1968,中性盘
225,10:13:09,6.56,0.0,27,17712,卖盘
226,10:13:42,6.56,0.0,8,5248,买盘
227,10:14:24,6.55,-0.01,2,1310,卖盘
228,10:15:04,6.55,0.0,19,12445,卖盘
229,10:16:33,6.55,0.0,7,4585,卖盘
230,10:16:36,6.56,0.01,55,36080,买盘
231,10:17:10,6.56,0.0,3,1968,卖盘
232,10:17:15,6.56,0.0,4,2624,卖盘
233,10:17:49,6.56,0.0,38,24928,卖盘
234,10:18:57,6.55,-0.01,33,21615,卖盘
235,10:21:15,6.55,0.0,10,6550,卖盘
236,10:21:42,6.53,-0.02,147,96097,卖盘
237,10:21:45,6.53,0.0,1,653,买盘
238,10:21:48,6.53,0.0,1,653,买盘
239,10:21:51,6.53,0.0,1,653,买盘
240,10:22:30,6.53,0.0,1,653,卖盘
241,10:23:30,6.53,0.0,6,3918,卖盘
242,10:24:21,6.55,0.02,1,655,买盘
243,10:24:24,6.55,0.0,1,655,买盘
244,10:25:00,6.55,0.0,7,4580,买盘
245,10:25:09,6.53,-0.02,2,1306,卖盘
246,10:25:15,6.55,0.02,8,5236,买盘
247,10:25:48,6.55,0.0,10,6550,买盘
248,10:27:18,6.54,-0.01,4,2616,卖盘
249,10:27:33,6.55,0.01,14,9170,买盘
250,10:27:45,6.55,0.0,39,25545,卖盘
251,10:27:51,6.54,-0.01,10,6540,卖盘
252,10:28:36,6.55,0.01,7,4585,买盘
253,10:28:45,6.55,0.0,8,5240,买盘
254,10:28:48,6.54,-0.01,11,7194,卖盘
255,10:29:00,6.55,0.01,4,2620,买盘
256,10:29:30,6.55,0.0,42,27510,买盘
257,10:30:00,6.56,0.01,11,7210,买盘
258,10:31:27,6.56,0.0,3,1968,买盘
259,10:31:42,6.55,-0.01,16,10490,卖盘
260,10:32:00,6.55,0.0,27,17685,卖盘
261,10:32:03,6.56,0.01,16,10496,买盘
262,10:32:18,6.56,0.0,5,3280,买盘
263,10:32:54,6.56,0.0,10,6560,买盘
264,10:32:57,6.56,0.0,8,5248,买盘
265,10:33:00,6.56,0.0,3,1968,买盘
266,10:33:30,6.55,-0.01,2,1310,卖盘
267,10:33:39,6.56,0.01,76,49856,买盘
268,10:33:48,6.56,0.0,2,1312,买盘
269,10:34:36,6.56,0.0,4,2624,卖盘
270,10:35:24,6.56,0.0,2,1312,买盘
271,10:35:27,6.56,0.0,1,656,买盘
272,10:36:21,6.55,-0.01,1,655,卖盘
273,10:36:39,6.56,0.01,20,13120,买盘
274,10:37:54,6.56,0.0,9,5904,买盘
275,10:38:21,6.58,0.02,250,164398,买盘
276,10:38:33,6.58,0.0,68,44744,买盘
277,10:38:57,6.56,-0.02,150,98400,卖盘
278,10:39:36,6.57,0.01,10,6570,买盘
279,10:40:27,6.58,0.01,65,42770,买盘
280,10:40:30,6.58,0.0,43,28294,买盘
281,10:41:06,6.59,0.01,6,3954,买盘
282,10:41:12,6.59,0.0,4,2636,卖盘
283,10:42:21,6.59,0.0,2,1318,买盘
284,10:42:27,6.59,0.0,20,13180,买盘
285,10:43:09,6.58,-0.01,15,9870,卖盘
286,10:44:04,6.59,0.01,29,19111,买盘
287,10:44:18,6.6,0.01,31,20460,买盘
288,10:44:36,6.6,0.0,8,5280,卖盘
289,10:45:12,6.61,0.01,1,661,买盘
290,10:45:36,6.6,-0.01,20,13200,卖盘
291,10:46:06,6.6,0.0,54,35640,卖盘
292,10:46:09,6.6,0.0,10,6600,买盘
293,10:46:39,6.6,0.0,5,3300,买盘
294,10:46:57,6.59,-0.01,5,3295,卖盘
295,10:48:36,6.59,0.0,66,43494,卖盘
296,10:49:12,6.58,-0.01,25,16450,卖盘
297,10:49:48,6.58,0.0,1,658,卖盘
298,10:50:12,6.58,0.0,7,4606,卖盘
299,10:50:21,6.58,0.0,28,18424,卖盘
300,10:52:18,6.58,0.0,37,24346,买盘
301,10:52:36,6.6,0.02,4,2640,买盘
302,10:52:54,6.6,0.0,10,6600,买盘
303,10:53:06,6.6,0.0,49,32340,买盘
304,10:54:12,6.6,0.0,21,13860,卖盘
305,10:56:09,6.59,-0.01,1,659,买盘
306,10:56:27,6.59,0.0,1,659,买盘
307,10:56:30,6.59,0.0,2,1318,买盘
308,10:56:42,6.58,-0.01,16,10528,卖盘
309,10:56:51,6.58,0.0,5,3290,买盘
310,10:56:57,6.58,0.0,19,12502,买盘
311,10:57:27,6.58,0.0,23,15134,卖盘
312,10:57:30,6.58,0.0,22,14476,卖盘
313,10:57:54,6.58,0.0,24,15792,卖盘
314,10:58:09,6.58,0.0,10,6580,卖盘
315,10:58:12,6.59,0.01,1,659,卖盘
316,10:58:39,6.58,-0.01,9,5922,卖盘
317,10:59:30,6.57,-0.01,160,105142,卖盘
318,11:00:03,6.57,0.0,26,17082,卖盘
319,11:00:36,6.57,0.0,2,1314,买盘
320,11:02:33,6.58,0.01,5,3290,卖盘
321,11:03:06,6.57,-0.01,9,5913,卖盘
322,11:03:15,6.55,-0.02,200,131172,卖盘
323,11:03:21,6.57,0.02,1,657,买盘
324,11:03:57,6.56,-0.01,8,5248,卖盘
325,11:04:06,6.55,-0.01,55,36025,卖盘
326,11:04:09,6.56,0.01,20,13120,买盘
327,11:04:12,6.56,0.0,1,656,买盘
328,11:04:24,6.56,0.0,54,35424,买盘
329,11:05:18,6.6,0.04,49,32340,买盘
330,11:06:27,6.58,-0.02,2,1316,卖盘
331,11:08:10,6.58,0.0,9,5922,卖盘
332,11:08:18,6.58,0.0,15,9870,卖盘
333,11:09:57,6.57,-0.01,46,30222,卖盘
334,11:10:00,6.57,0.0,2,1314,卖盘
335,11:10:06,6.57,0.0,26,17082,卖盘
336,11:10:18,6.56,-0.01,48,31488,卖盘
337,11:11:06,6.56,0.0,5,3280,卖盘
338,11:11:30,6.56,0.0,8,5248,卖盘
339,11:11:57,6.56,0.0,2,1312,卖盘
340,11:12:00,6.56,0.0,41,26896,卖盘
341,11:13:06,6.55,-0.01,52,34060,卖盘
342,11:13:12,6.55,0.0,12,7860,卖盘
343,11:13:48,6.54,-0.01,3,1962,卖盘
344,11:14:00,6.55,0.01,10,6550,买盘
345,11:14:30,6.55,0.0,6,3930,卖盘
346,11:14:45,6.56,0.01,1,656,卖盘
347,11:15:06,6.55,-0.01,14,9170,卖盘
348,11:15:18,6.55,0.0,1,655,卖盘
349,11:15:48,6.54,-0.01,48,31392,卖盘
350,11:17:15,6.55,0.01,30,19650,卖盘
351,11:17:27,6.55,0.0,1,655,买盘
352,11:17:33,6.55,0.0,1,655,买盘
353,11:17:57,6.54,-0.01,60,39272,卖盘
354,11:18:21,6.54,0.0,4,2616,卖盘
355,11:19:09,6.54,0.0,2,1308,卖盘
356,11:19:15,6.54,0.0,1,654,买盘
357,11:19:18,6.54,0.0,1,654,买盘
358,11:19:42,6.54,0.0,9,5886,卖盘
359,11:19:45,6.54,0.0,2,1308,买盘
360,11:19:48,6.55,0.01,1,655,买盘
361,11:20:12,6.55,0.0,6,3930,买盘
362,11:21:39,6.55,0.0,57,37335,买盘
363,11:21:54,6.55,0.0,94,61570,卖盘
364,11:22:06,6.54,-0.01,1,654,卖盘
365,11:22:30,6.54,0.0,1,654,卖盘
366,11:22:45,6.54,0.0,1,654,卖盘
367,11:23:06,6.57,0.03,9,5913,买盘
368,11:24:21,6.57,0.0,5,3285,买盘
369,11:26:13,6.57,0.0,3,1971,买盘
370,11:28:48,6.55,-0.02,23,15065,卖盘
371,13:00:03,6.56,0.01,2,1312,卖盘
372,13:01:12,6.56,0.0,2,1312,卖盘
373,13:01:30,6.56,0.0,10,6560,卖盘
374,13:01:33,6.56,0.0,2,1312,卖盘
375,13:02:51,6.56,0.0,6,3936,卖盘
376,13:03:24,6.57,0.01,1,657,买盘
377,13:04:15,6.57,0.0,20,13140,买盘
378,13:05:06,6.56,-0.01,16,10496,卖盘
379,13:05:57,6.56,0.0,97,63632,卖盘
380,13:06:48,6.56,0.0,3,1968,卖盘
381,13:07:03,6.56,0.0,3,1968,卖盘
382,13:07:51,6.57,0.01,41,26937,买盘
383,13:09:45,6.56,-0.01,8,5248,卖盘
384,13:09:57,6.56,0.0,39,25584,卖盘
385,13:11:18,6.56,0.0,10,6560,卖盘
386,13:11:24,6.56,0.0,31,20336,卖盘
387,13:11:27,6.56,0.0,9,5904,卖盘
388,13:11:30,6.56,0.0,3,1968,卖盘
389,13:12:36,6.56,0.0,10,6560,买盘
390,13:13:33,6.56,0.0,1,656,买盘
391,13:13:39,6.56,0.0,10,6560,买盘
392,13:14:09,6.54,-0.02,267,175086,卖盘
393,13:14:27,6.56,0.02,6,3936,买盘
394,13:15:06,6.55,-0.01,29,18995,买盘
395,13:15:15,6.55,0.0,5,3275,买盘
396,13:15:48,6.55,0.0,2,1310,买盘
397,13:16:01,6.55,0.0,65,42575,买盘
398,13:19:24,6.55,0.0,9,5895,卖盘
399,13:19:27,6.56,0.01,13,8528,买盘
400,13:20:15,6.56,0.0,11,7216,卖盘
401,13:21:36,6.55,-0.01,29,18995,卖盘
402,13:21:54,6.55,0.0,2,1310,买盘
403,13:23:12,6.56,0.01,12,7872,买盘
404,13:23:42,6.56,0.0,19,12464,买盘
405,13:24:18,6.56,0.0,20,13120,买盘
406,13:24:21,6.54,-0.02,270,176681,卖盘
407,13:25:06,6.55,0.01,1,655,卖盘
408,13:25:27,6.55,0.0,1,655,买盘
409,13:26:30,6.55,0.0,10,6550,卖盘
410,13:27:24,6.55,0.0,2,1310,买盘
411,13:27:48,6.55,0.0,11,7205,买盘
412,13:28:39,6.55,0.0,14,9170,买盘
413,13:29:13,6.55,0.0,6,3930,卖盘
414,13:29:45,6.54,-0.01,4,2616,卖盘
415,13:29:48,6.54,0.0,7,4578,卖盘
416,13:29:51,6.54,0.0,5,3270,卖盘
417,13:30:24,6.55,0.01,6,3930,买盘
418,13:30:27,6.55,0.0,23,15065,买盘
419,13:33:06,6.54,-0.01,3,1962,卖盘
420,13:33:12,6.55,0.01,7,4585,买盘
421,13:34:00,6.55,0.0,19,12445,买盘
422,13:34:18,6.55,0.0,8,5240,卖盘
423,13:35:12,6.56,0.01,20,13120,买盘
424,13:35:57,6.55,-0.01,137,89811,卖盘
425,13:36:45,6.55,0.0,20,13100,卖盘
426,13:37:00,6.55,0.0,69,45195,卖盘
427,13:38:09,6.55,0.0,5,3275,买盘
428,13:39:01,6.55,0.0,5,3275,卖盘
429,13:39:27,6.55,0.0,15,9825,买盘
430,13:41:12,6.56,0.01,1,656,买盘
431,13:41:24,6.55,-0.01,59,38645,卖盘
432,13:43:42,6.56,0.01,2,1312,买盘
433,13:43:45,6.56,0.0,2,1312,买盘
434,13:44:45,6.56,0.0,70,45920,买盘
435,13:45:39,6.55,-0.01,6,3930,卖盘
436,13:45:42,6.55,0.0,43,28165,卖盘
437,13:45:45,6.55,0.0,5,3275,卖盘
438,13:45:48,6.55,0.0,4,2620,卖盘
439,13:45:51,6.55,0.0,46,30130,卖盘
440,13:45:54,6.55,0.0,1,655,卖盘
441,13:46:00,6.55,0.0,1,655,买盘
442,13:47:39,6.54,-0.01,3,1962,卖盘
443,13:48:06,6.54,0.0,7,4578,卖盘
444,13:48:24,6.54,0.0,20,13080,卖盘
445,13:49:30,6.54,0.0,40,26160,卖盘
446,13:49:45,6.54,0.0,33,21281,卖盘
447,13:50:27,6.53,-0.01,39,25467,卖盘
448,13:50:57,6.52,-0.01,6,3912,卖盘
449,13:51:09,6.52,0.0,47,30644,卖盘
450,13:51:27,6.52,0.0,7,4564,卖盘
451,13:51:54,6.52,0.0,16,10732,卖盘
452,13:52:24,6.53,0.01,30,19590,买盘
453,13:52:27,6.53,0.0,2,1306,买盘
454,13:53:45,6.54,0.01,95,62130,买盘
455,13:54:04,6.54,0.0,6,3924,卖盘
456,13:54:15,6.54,0.0,3,1962,卖盘
457,13:54:30,6.54,0.0,6,3924,卖盘
458,13:55:09,6.54,0.0,7,4578,买盘
459,13:55:18,6.54,0.0,13,8502,卖盘
460,13:55:33,6.53,-0.01,105,68565,卖盘
461,13:56:27,6.53,0.0,4,2612,买盘
462,13:57:18,6.53,0.0,27,17631,买盘
463,13:59:04,6.52,-0.01,251,163352,卖盘
464,13:59:07,6.51,-0.01,16,10416,卖盘
465,13:59:54,6.52,0.01,3,1956,买盘
466,14:00:06,6.51,-0.01,30,19530,卖盘
467,14:00:36,6.51,0.0,11,7162,卖盘
468,14:01:36,6.51,0.0,5,3255,卖盘
469,14:01:39,6.51,0.0,264,171883,卖盘
470,14:01:42,6.51,0.0,1,651,卖盘
471,14:01:45,6.51,0.0,1,651,卖盘
472,14:02:12,6.51,0.0,15,9765,卖盘
473,14:02:18,6.51,0.0,11,7161,卖盘
474,14:02:40,6.51,0.0,33,21483,卖盘
475,14:02:42,6.5,-0.01,406,263900,卖盘
476,14:02:51,6.5,0.0,1,650,卖盘
477,14:02:54,6.5,0.0,5,3250,卖盘
478,14:02:57,6.5,0.0,40,26000,卖盘
479,14:03:00,6.5,0.0,12,7800,卖盘
480,14:03:12,6.5,0.0,7,4550,买盘
481,14:03:15,6.5,0.0,3,1950,买盘
482,14:03:24,6.5,0.0,35,22750,买盘
483,14:03:37,6.5,0.0,40,26000,买盘
484,14:03:42,6.49,-0.01,70,45450,卖盘
485,14:04:03,6.49,0.0,24,15576,卖盘
486,14:04:24,6.5,0.01,30,19500,买盘
487,14:04:39,6.5,0.0,7,4550,买盘
488,14:04:54,6.5,0.0,10,6500,卖盘
489,14:05:06,6.5,0.0,1,650,卖盘
490,14:05:15,6.49,-0.01,142,92211,卖盘
491,14:05:33,6.49,0.0,34,22066,买盘
492,14:05:42,6.49,0.0,8,5192,买盘
493,14:05:48,6.49,0.0,10,6490,买盘
494,14:06:04,6.49,0.0,12,7788,买盘
495,14:06:06,6.49,0.0,72,46716,买盘
496,14:06:12,6.49,0.0,17,11033,买盘
497,14:06:18,6.49,0.0,17,11033,买盘
498,14:07:24,6.5,0.01,9,5850,卖盘
499,14:08:15,6.5,0.0,26,16900,卖盘
500,14:08:24,6.5,0.0,4,2600,卖盘
501,14:08:57,6.5,0.0,1,650,卖盘
502,14:09:00,6.51,0.01,5,3255,买盘
503,14:09:09,6.51,0.0,3,1953,买盘
504,14:10:24,6.51,0.0,2,1302,买盘
505,14:10:42,6.52,0.01,30,19560,买盘
506,14:11:34,6.51,-0.01,1,651,卖盘
507,14:11:46,6.5,-0.01,8,5200,卖盘
508,14:12:09,6.5,0.0,30,19500,卖盘
509,14:12:51,6.51,0.01,11,7161,买盘
510,14:12:54,6.51,0.0,20,13020,买盘
511,14:13:01,6.5,-0.01,15,9750,卖盘
512,14:13:06,6.5,0.0,149,96850,卖盘
513,14:13:15,6.5,0.0,2,1300,买盘
514,14:13:18,6.5,0.0,30,19500,买盘
515,14:13:33,6.5,0.0,17,11050,买盘
516,14:13:45,6.51,0.01,20,13018,买盘
517,14:14:04,6.51,0.0,2,1302,买盘
518,14:14:09,6.49,-0.02,10,6490,卖盘
519,14:14:30,6.5,0.01,2,1300,卖盘
520,14:14:45,6.5,0.0,10,6500,买盘
521,14:14:54,6.49,-0.01,23,14927,卖盘
522,14:15:04,6.5,0.01,2,1300,买盘
523,14:15:43,6.5,0.0,11,7150,买盘
524,14:16:06,6.48,-0.02,260,168682,卖盘
525,14:16:12,6.48,0.0,2,1296,卖盘
526,14:16:30,6.48,0.0,22,14256,卖盘
527,14:16:36,6.49,0.01,70,45430,买盘
528,14:16:54,6.5,0.01,25,16250,买盘
529,14:17:09,6.49,-0.01,22,14278,卖盘
530,14:17:15,6.5,0.01,10,6500,买盘
531,14:17:30,6.49,-0.01,4,2596,卖盘
532,14:17:51,6.49,0.0,122,79178,卖盘
533,14:18:00,6.49,0.0,10,6490,买盘
534,14:18:06,6.49,0.0,74,48026,买盘
535,14:18:27,6.49,0.0,122,79178,卖盘
536,14:18:36,6.48,-0.01,5,3240,卖盘
537,14:18:39,6.48,0.0,95,61585,卖盘
538,14:18:48,6.48,0.0,158,102384,卖盘
539,14:18:51,6.48,0.0,23,14904,买盘
540,14:19:00,6.47,-0.01,120,77640,卖盘
541,14:19:13,6.47,0.0,51,32997,卖盘
542,14:19:15,6.47,0.0,20,12940,买盘
543,14:19:24,6.47,0.0,173,111931,买盘
544,14:19:27,6.46,-0.01,172,111176,卖盘
545,14:19:30,6.47,0.01,7,4529,买盘
546,14:19:33,6.46,-0.01,1,646,卖盘
547,14:19:36,6.47,0.01,3,1941,买盘
548,14:19:39,6.46,-0.01,31,20026,卖盘
549,14:19:42,6.46,0.0,10,6460,买盘
550,14:19:45,6.46,0.0,1,646,买盘
551,14:19:48,6.46,0.0,2,1292,买盘
552,14:19:52,6.45,-0.01,6,3872,卖盘
553,14:19:55,6.46,0.01,4,2584,买盘
554,14:19:57,6.45,-0.01,111,71596,卖盘
555,14:20:00,6.46,0.01,34,21964,买盘
556,14:20:04,6.45,-0.01,25,16135,卖盘
557,14:20:09,6.45,0.0,100,64500,卖盘
558,14:20:12,6.46,0.01,4,2584,买盘
559,14:20:45,6.46,0.0,21,13566,买盘
560,14:20:48,6.46,0.0,1,646,买盘
561,14:20:57,6.46,0.0,10,6460,买盘
562,14:21:00,6.46,0.0,9,5814,买盘
563,14:21:09,6.48,0.02,50,32400,买盘
564,14:21:12,6.48,0.0,20,12960,买盘
565,14:21:21,6.49,0.01,12,7788,买盘
566,14:21:27,6.49,0.0,10,6490,买盘
567,14:23:12,6.48,-0.01,10,6480,卖盘
568,14:23:42,6.48,0.0,8,5184,买盘
569,14:23:46,6.48,0.0,6,3888,卖盘
570,14:23:51,6.48,0.0,1,648,买盘
571,14:24:36,6.48,0.0,1,648,买盘
572,14:25:48,6.48,0.0,12,7776,买盘
573,14:25:51,6.48,0.0,17,11016,卖盘
574,14:25:54,6.48,0.0,2,1296,买盘
575,14:26:09,6.47,-0.01,49,31703,卖盘
576,14:26:15,6.47,0.0,48,31056,买盘
577,14:26:27,6.46,-0.01,10,6460,卖盘
578,14:26:42,6.46,0.0,13,8398,卖盘
579,14:27:03,6.47,0.01,2,1294,买盘
580,14:27:12,6.47,0.0,20,12940,买盘
581,14:27:15,6.47,0.0,16,10352,买盘
582,14:27:18,6.47,0.0,21,13587,买盘
583,14:27:21,6.47,0.0,7,4529,买盘
584,14:27:46,6.48,0.01,2,1296,买盘
585,14:27:48,6.47,-0.01,8,5176,卖盘
586,14:28:04,6.46,-0.01,70,45220,卖盘
587,14:28:21,6.46,0.0,52,33592,卖盘
588,14:28:54,6.46,0.0,58,37478,卖盘
589,14:28:57,6.48,0.02,5,3240,买盘
590,14:29:51,6.48,0.0,18,11664,买盘
591,14:30:45,6.48,0.0,1,648,买盘
592,14:30:54,6.47,-0.01,2,1294,卖盘
593,14:30:57,6.48,0.01,6,3888,买盘
594,14:31:12,6.48,0.0,5,3240,买盘
595,14:31:48,6.48,0.01,6,3888,买盘
596,14:32:03,6.48,0.0,1,648,买盘
597,14:32:12,6.48,0.0,37,23976,买盘
598,14:32:18,6.48,0.0,59,38232,买盘
599,14:32:21,6.48,0.0,4,2592,买盘
600,14:33:27,6.49,0.01,10,6490,买盘
601,14:33:48,6.49,0.0,3,1947,买盘
602,14:33:51,6.49,0.0,6,3894,卖盘
603,14:34:04,6.5,0.01,10,6500,买盘
604,14:34:15,6.49,-0.01,48,31152,卖盘
605,14:34:27,6.5,0.01,15,9750,买盘
606,14:34:33,6.49,-0.01,1,649,卖盘
607,14:34:45,6.5,0.01,50,32500,买盘
608,14:35:27,6.5,0.0,10,6500,买盘
609,14:35:33,6.5,0.0,2,1300,买盘
610,14:35:36,6.49,-0.01,263,170687,卖盘
611,14:37:09,6.49,0.0,2,1298,买盘
612,14:37:16,6.48,-0.01,70,45360,卖盘
613,14:37:18,6.48,0.0,4,2592,买盘
614,14:37:45,6.48,0.0,2,1296,买盘
615,14:37:48,6.48,0.0,50,32400,买盘
616,14:38:24,6.48,0.0,27,17496,买盘
617,14:38:30,6.48,0.0,13,8424,卖盘
618,14:39:36,6.47,-0.01,123,79568,卖盘
619,14:39:57,6.47,0.0,10,6470,买盘
620,14:40:21,6.47,0.0,5,3235,买盘
621,14:40:24,6.47,0.0,2,1294,买盘
622,14:40:39,6.46,-0.01,1,646,卖盘
623,14:40:58,6.47,0.01,5,3235,买盘
624,14:41:00,6.47,0.0,10,6470,买盘
625,14:41:09,6.47,0.0,22,14234,买盘
626,14:41:33,6.47,0.0,3,1941,买盘
627,14:41:39,6.47,0.0,17,10999,买盘
628,14:41:51,6.47,0.0,10,6470,买盘
629,14:42:15,6.47,0.0,2,1294,买盘
630,14:42:42,6.48,0.01,14,9072,买盘
631,14:42:57,6.48,0.0,20,12960,买盘
632,14:43:12,6.47,-0.01,157,101566,卖盘
633,14:43:36,6.46,-0.01,3,1938,卖盘
634,14:43:57,6.46,0.0,62,40052,卖盘
635,14:44:00,6.47,0.01,2,1294,买盘
636,14:44:09,6.47,0.0,2,1294,买盘
637,14:44:24,6.47,0.0,100,64700,买盘
638,14:44:36,6.46,-0.01,5,3230,卖盘
639,14:44:39,6.46,0.0,16,10336,卖盘
640,14:45:00,6.47,0.01,10,6470,买盘
641,14:45:06,6.47,0.0,1,647,买盘
642,14:45:10,6.47,0.0,22,14234,买盘
643,14:45:18,6.47,0.0,1,647,买盘
644,14:45:27,6.46,-0.01,7,4522,卖盘
645,14:45:31,6.47,0.01,63,40761,买盘
646,14:45:34,6.48,0.01,104,67392,买盘
647,14:45:42,6.46,-0.02,4,2584,卖盘
648,14:45:48,6.48,0.02,3,1944,买盘
649,14:45:51,6.47,-0.01,13,8411,卖盘
650,14:45:57,6.47,0.0,4,2588,买盘
651,14:46:06,6.47,0.0,12,7764,买盘
652,14:46:12,6.47,0.0,21,13587,买盘
653,14:46:51,6.47,0.0,199,128753,卖盘
654,14:46:57,6.47,0.0,5,3235,买盘
655,14:47:00,6.47,0.0,26,16822,买盘
656,14:47:15,6.47,0.0,1,647,买盘
657,14:47:21,6.47,0.0,100,64700,买盘
658,14:47:24,6.47,0.0,4,2588,买盘
659,14:47:27,6.47,0.0,32,20704,卖盘
660,14:47:30,6.47,0.0,1,647,买盘
661,14:47:39,6.47,0.0,1,647,买盘
662,14:47:42,6.47,0.0,9,5823,买盘
663,14:48:00,6.48,0.01,31,20088,买盘
664,14:48:15,6.48,0.0,10,6480,买盘
665,14:48:18,6.48,0.0,62,40176,买盘
666,14:48:30,6.48,0.0,15,9720,卖盘
667,14:48:45,6.49,0.01,19,12331,买盘
668,14:49:06,6.49,0.0,20,12980,买盘
669,14:49:15,6.49,0.0,28,18172,买盘
670,14:49:21,6.49,0.0,11,7126,卖盘
671,14:49:24,6.49,0.0,12,7788,买盘
672,14:49:30,6.5,0.01,18,11700,买盘
673,14:49:33,6.5,0.0,3,1950,买盘
674,14:49:39,6.5,0.0,61,39650,买盘
675,14:49:45,6.49,-0.01,10,6490,卖盘
676,14:49:48,6.5,0.01,3,1950,买盘
677,14:50:03,6.5,0.0,33,21450,卖盘
678,14:50:09,6.5,0.0,72,46800,卖盘
679,14:50:12,6.5,0.0,2,1300,买盘
680,14:50:15,6.51,0.01,60,39060,买盘
681,14:50:33,6.52,0.01,47,30644,买盘
682,14:50:36,6.51,-0.01,20,13020,卖盘
683,14:50:49,6.52,0.01,10,6520,买盘
684,14:50:54,6.51,-0.01,11,7161,卖盘
685,14:51:00,6.5,-0.01,13,8459,卖盘
686,14:51:15,6.5,0.0,11,7150,卖盘
687,14:51:18,6.52,0.02,54,35208,买盘
688,14:51:21,6.52,0.0,2,1304,买盘
689,14:51:39,6.52,0.0,1,652,买盘
690,14:51:48,6.52,0.0,199,130048,买盘
691,14:52:18,6.53,0.01,3,1959,买盘
692,14:52:45,6.53,0.0,6,3918,买盘
693,14:53:00,6.53,0.0,10,6530,买盘
694,14:53:36,6.52,-0.01,1,652,买盘
695,14:53:39,6.53,0.01,173,112866,买盘
696,14:53:57,6.52,-0.01,3,1956,卖盘
697,14:54:24,6.52,0.0,7,4564,卖盘
698,14:54:27,6.52,0.0,16,10432,买盘
699,14:54:33,6.52,0.0,6,3912,买盘
700,14:54:36,6.52,0.0,1,652,买盘
701,14:54:39,6.52,0.0,15,9787,买盘
702,14:54:48,6.51,-0.01,77,50127,卖盘
703,14:55:01,6.52,0.01,4,2608,买盘
704,14:55:04,6.52,0.0,10,6520,买盘
705,14:55:07,6.52,0.0,1,652,买盘
706,14:55:09,6.52,0.0,80,52160,买盘
707,14:55:12,6.53,0.01,10,6530,买盘
708,14:55:15,6.53,0.0,1,653,买盘
709,14:55:21,6.52,-0.01,34,22198,中性盘
710,14:55:24,6.52,0.0,6,3912,买盘
711,14:55:27,6.52,0.0,1,652,买盘
712,14:55:30,6.52,0.0,8,5216,买盘
713,14:55:45,6.52,0.0,142,92584,买盘
714,14:55:48,6.52,0.0,35,22820,卖盘
715,14:55:54,6.53,0.01,39,25467,买盘
716,14:56:04,6.53,0.0,6,3918,卖盘
717,14:56:06,6.53,0.0,24,15672,卖盘
718,14:56:12,6.53,0.0,67,43751,卖盘
719,14:56:15,6.54,0.01,5,3270,买盘
720,14:56:27,6.53,-0.01,40,26140,卖盘
721,14:56:48,6.54,0.01,5,3270,买盘
722,15:00:04,6.54,0.0,489,319806,卖盘
