,time,price,change,volume,amount,type
0,09:25:05,4.18,-0.04,579,242022,卖盘
1,09:30:01,4.21,0.03,10,4210,买盘
2,09:30:04,4.18,-0.03,506,212120,卖盘
3,09:30:07,4.19,0.01,32,13390,中性盘
4,09:30:10,4.18,-0.01,38,15884,卖盘
5,09:30:16,4.19,0.01,44,18436,买盘
6,09:30:21,4.18,-0.01,100,41832,卖盘
7,09:30:39,4.19,0.01,122,51118,买盘
8,09:30:43,4.19,0.0,120,50280,买盘
9,09:30:46,4.19,0.0,1,419,买盘
10,09:30:54,4.19,0.0,130,54470,买盘
11,09:31:01,4.19,0.0,10,4190,买盘
12,09:31:04,4.19,0.0,40,16760,买盘
13,09:31:06,4.18,-0.01,9,3762,卖盘
14,09:31:13,4.19,0.01,269,112642,买盘
15,09:31:16,4.18,-0.01,36,15048,卖盘
16,09:31:22,4.18,0.0,50,20900,卖盘
17,09:31:36,4.18,0.0,18,7524,卖盘
18,09:31:40,4.19,0.01,2,838,买盘
19,09:31:42,4.19,0.0,20,8380,买盘
20,09:31:46,4.19,0.0,38,15922,买盘
21,09:31:49,4.19,0.0,110,46073,买盘
22,09:31:51,4.19,0.0,5,2095,买盘
23,09:31:54,4.19,0.0,17,7123,买盘
24,09:32:04,4.19,0.0,9,3771,买盘
25,09:32:06,4.19,0.0,15,6285,买盘
26,09:32:09,4.19,0.0,300,125700,买盘
27,09:32:12,4.19,0.0,4,1676,买盘
28,09:32:15,4.19,0.0,146,61174,买盘
29,09:32:19,4.19,0.0,20,8380,卖盘
30,09:32:22,4.19,0.0,1,419,卖盘
31,09:32:24,4.19,0.0,10,4190,卖盘
32,09:32:27,4.19,0.0,2,838,卖盘
33,09:32:31,4.2,0.01,30,12600,买盘
34,09:32:37,4.2,0.0,14,5878,买盘
35,09:32:39,4.2,0.0,10,4200,买盘
36,09:32:43,4.2,0.0,20,8400,买盘
37,09:32:52,4.19,-0.01,69,28911,卖盘
38,09:32:54,4.19,0.0,9,3771,卖盘
39,09:32:57,4.19,0.0,3,1257,卖盘
40,09:33:01,4.19,0.0,26,10894,卖盘
41,09:33:07,4.19,0.0,2,838,卖盘
42,09:33:10,4.2,0.01,51,21379,买盘
43,09:33:12,4.19,-0.01,9,3771,卖盘
44,09:33:19,4.2,0.01,10,4200,买盘
45,09:33:22,4.19,-0.01,1,419,卖盘
46,09:33:24,4.19,0.0,1,419,卖盘
47,09:33:34,4.19,0.0,20,8380,卖盘
48,09:33:37,4.19,0.0,5,2095,卖盘
49,09:33:39,4.19,0.0,81,33939,卖盘
50,09:33:42,4.19,0.0,5,2095,卖盘
51,09:33:51,4.19,0.0,1,419,卖盘
52,09:33:54,4.2,0.01,1,420,买盘
53,09:34:01,4.19,-0.01,11,4609,卖盘
54,09:34:04,4.2,0.01,968,406560,买盘
55,09:34:22,4.21,0.01,10,4210,买盘
56,09:34:25,4.21,0.0,9,3789,买盘
57,09:34:39,4.2,-0.01,5,2100,卖盘
58,09:34:43,4.2,0.0,14,5880,卖盘
59,09:34:46,4.21,0.01,178,74938,买盘
60,09:34:48,4.21,0.0,2,842,卖盘
61,09:34:51,4.22,0.01,627,264594,买盘
62,09:35:00,4.22,0.0,3,1266,卖盘
63,09:35:04,4.23,0.01,148,62585,买盘
64,09:35:12,4.22,-0.01,997,420734,卖盘
65,09:35:15,4.22,0.0,13,5486,卖盘
66,09:35:19,4.22,0.0,26,10972,卖盘
67,09:35:22,4.22,0.0,76,32072,卖盘
68,09:35:25,4.22,0.0,433,183141,卖盘
69,09:35:28,4.22,0.0,90,37980,卖盘
70,09:35:30,4.22,0.0,36,15192,卖盘
71,09:35:33,4.22,0.0,219,92418,卖盘
72,09:35:37,4.22,0.0,8,3376,买盘
73,09:35:43,4.22,0.0,15,6330,买盘
74,09:35:55,4.21,-0.01,30,12630,卖盘
75,09:35:58,4.22,0.01,1,422,买盘
76,09:36:09,4.22,0.0,25,10539,买盘
77,09:36:13,4.21,-0.01,54,22734,卖盘
78,09:36:16,4.21,0.0,35,14735,卖盘
79,09:36:19,4.21,0.0,10,4210,卖盘
80,09:36:24,4.21,0.0,11,4631,卖盘
81,09:36:28,4.21,0.0,40,16840,卖盘
82,09:36:34,4.2,-0.01,11,4627,卖盘
83,09:36:37,4.21,0.01,10,4210,买盘
84,09:36:42,4.2,-0.01,56,23520,卖盘
85,09:36:49,4.2,0.0,20,8400,卖盘
86,09:36:55,4.2,0.0,3,1260,卖盘
87,09:37:04,4.2,0.0,103,43360,卖盘
88,09:37:06,4.2,0.0,51,21420,卖盘
89,09:37:09,4.2,0.0,35,14700,卖盘
90,09:37:16,4.2,0.0,41,17220,卖盘
91,09:37:18,4.2,0.0,17,7140,卖盘
92,09:37:21,4.2,0.0,4,1680,卖盘
93,09:37:28,4.2,0.0,79,33200,卖盘
94,09:37:31,4.2,0.0,14,5880,卖盘
95,09:37:34,4.2,0.0,5,2100,卖盘
96,09:37:36,4.2,0.0,26,10920,卖盘
97,09:37:40,4.2,0.0,4,1680,卖盘
98,09:37:42,4.2,0.0,35,14700,卖盘
99,09:37:45,4.2,0.0,4,1680,卖盘
100,09:37:49,4.2,0.0,7,2940,卖盘
101,09:37:52,4.2,0.0,78,32760,卖盘
102,09:37:54,4.2,0.0,68,28560,卖盘
103,09:37:57,4.2,0.0,5,2100,卖盘
104,09:38:01,4.2,0.0,12,5040,卖盘
105,09:38:07,4.2,0.0,9,3780,卖盘
106,09:38:09,4.2,0.0,4,1680,卖盘
107,09:38:12,4.2,0.0,11,4620,卖盘
108,09:38:21,4.2,0.0,7,2940,卖盘
109,09:38:24,4.2,0.0,20,8400,卖盘
110,09:38:30,4.2,0.0,74,31104,卖盘
111,09:38:33,4.2,0.0,22,9240,卖盘
112,09:38:37,4.2,0.0,7,2940,卖盘
113,09:38:43,4.21,0.01,1,421,买盘
114,09:38:46,4.2,-0.01,4,1680,卖盘
115,09:38:48,4.2,0.0,7,2940,卖盘
116,09:38:54,4.2,0.0,8,3360,卖盘
117,09:38:58,4.2,0.0,19,7980,卖盘
118,09:39:00,4.2,0.0,109,45880,卖盘
119,09:39:06,4.21,0.01,30,12630,买盘
120,09:39:09,4.2,-0.01,5,2101,卖盘
121,09:39:16,4.2,0.0,5,2100,卖盘
122,09:39:19,4.2,0.0,7,2940,卖盘
123,09:39:21,4.2,0.0,28,11785,卖盘
124,09:39:25,4.21,0.01,23,9683,买盘
125,09:39:27,4.2,-0.01,4,1680,卖盘
126,09:39:30,4.2,0.0,9,3780,卖盘
127,09:39:33,4.2,0.0,14,5880,卖盘
128,09:39:36,4.21,0.01,5,2105,买盘
129,09:39:39,4.2,-0.01,79,33250,卖盘
130,09:39:43,4.2,0.0,18,7560,卖盘
131,09:39:52,4.2,0.0,34,14280,卖盘
132,09:39:55,4.2,0.0,4,1680,卖盘
133,09:39:57,4.21,0.01,8,3364,买盘
134,09:40:04,4.2,-0.01,5,2100,卖盘
135,09:40:07,4.2,0.0,33,13860,卖盘
136,09:40:15,4.2,0.0,722,303240,卖盘
137,09:40:18,4.2,0.0,13,5460,买盘
138,09:40:25,4.19,-0.01,14,5866,卖盘
139,09:40:30,4.19,0.0,4,1676,卖盘
140,09:40:34,4.19,0.0,26,10894,卖盘
141,09:40:40,4.19,0.0,5,2095,卖盘
142,09:40:48,4.2,0.01,83,34857,买盘
143,09:40:52,4.2,0.0,7,2940,买盘
144,09:40:54,4.2,0.0,6,2516,买盘
145,09:40:57,4.19,-0.01,13,5455,卖盘
146,09:41:01,4.2,0.01,47,19740,买盘
147,09:41:04,4.2,0.0,19,7980,买盘
148,09:41:07,4.19,-0.01,200,83816,卖盘
149,09:41:09,4.19,0.0,11,4617,卖盘
150,09:41:13,4.2,0.01,1,420,买盘
151,09:41:15,4.2,0.0,12,5031,买盘
152,09:41:19,4.2,0.0,5,2100,买盘
153,09:41:22,4.19,-0.01,13,5457,卖盘
154,09:41:25,4.2,0.01,191,80220,买盘
155,09:41:28,4.2,0.0,15,6300,买盘
156,09:41:30,4.2,0.0,35,14700,买盘
157,09:41:33,4.2,0.0,19,7980,买盘
158,09:41:36,4.2,0.0,25,10500,买盘
159,09:41:40,4.2,0.0,20,8400,买盘
160,09:41:43,4.2,0.0,22,9240,买盘
161,09:41:46,4.2,0.0,50,21000,买盘
162,09:41:49,4.21,0.01,32,13467,买盘
163,09:41:52,4.21,0.0,54,22734,买盘
164,09:41:54,4.21,0.0,13,5473,买盘
165,09:41:58,4.2,-0.01,236,99350,卖盘
166,09:42:01,4.2,0.0,3,1260,卖盘
167,09:42:04,4.2,0.0,96,40396,卖盘
168,09:42:06,4.2,0.0,3,1260,卖盘
169,09:42:12,4.2,0.0,3,1260,卖盘
170,09:42:16,4.2,0.0,4,1680,卖盘
171,09:42:22,4.2,0.0,2,840,卖盘
172,09:42:25,4.2,0.0,5,2100,卖盘
173,09:42:27,4.23,0.03,960,404525,买盘
174,09:42:37,4.21,-0.02,4,1684,卖盘
175,09:42:42,4.21,0.0,4,1684,卖盘
176,09:42:46,4.21,0.0,3,1263,卖盘
177,09:42:48,4.21,0.0,4,1684,卖盘
178,09:42:52,4.22,0.01,8,3376,买盘
179,09:42:55,4.21,-0.01,19,7999,卖盘
180,09:42:58,4.21,0.0,463,194923,卖盘
181,09:43:04,4.21,0.0,9,3789,买盘
182,09:43:06,4.21,0.0,13,5464,买盘
183,09:43:09,4.21,0.0,13,5473,买盘
184,09:43:13,4.24,0.03,1341,567651,买盘
185,09:43:16,4.21,-0.03,4,1684,卖盘
186,09:43:19,4.21,0.0,3,1263,卖盘
187,09:43:22,4.21,0.0,4,1684,卖盘
188,09:43:27,4.22,0.01,47,19834,卖盘
189,09:43:31,4.21,-0.01,106,44729,卖盘
190,09:43:34,4.22,0.01,27,11390,买盘
191,09:43:39,4.21,-0.01,95,39996,卖盘
192,09:43:43,4.22,0.01,197,83101,买盘
193,09:43:46,4.22,0.0,10,4220,卖盘
194,09:43:48,4.22,0.0,416,175552,卖盘
195,09:43:51,4.22,0.0,20,8440,买盘
196,09:43:55,4.22,0.0,3,1266,买盘
197,09:43:58,4.22,0.0,63,26642,卖盘
198,09:44:01,4.22,0.0,5,2110,卖盘
199,09:44:04,4.22,0.0,38,16036,卖盘
200,09:44:06,4.22,0.0,8,3376,卖盘
201,09:44:10,4.22,0.0,18,7596,卖盘
202,09:44:12,4.22,0.0,45,18990,卖盘
203,09:44:16,4.22,0.0,47,19834,卖盘
204,09:44:18,4.22,0.0,8,3376,卖盘
205,09:44:21,4.21,-0.01,8,3369,卖盘
206,09:44:25,4.21,0.0,5,2105,卖盘
207,09:44:28,4.21,0.0,64,26944,卖盘
208,09:44:30,4.21,0.0,51,21481,卖盘
209,09:44:33,4.21,0.0,3,1263,卖盘
210,09:44:39,4.22,0.01,38,16031,买盘
211,09:44:42,4.21,-0.01,470,198337,卖盘
212,09:44:49,4.22,0.01,18,7582,买盘
213,09:44:55,4.21,-0.01,51,21517,卖盘
214,09:44:58,4.21,0.0,1,421,卖盘
215,09:45:00,4.21,0.0,4,1687,卖盘
216,09:45:03,4.21,0.0,4,1684,卖盘
217,09:45:07,4.21,0.0,3,1263,卖盘
218,09:45:13,4.21,0.0,25,10525,卖盘
219,09:45:24,4.21,0.0,7,2947,卖盘
220,09:45:30,4.21,0.0,3,1263,卖盘
221,09:45:34,4.22,0.01,17,7173,买盘
222,09:45:36,4.22,0.0,500,211000,买盘
223,09:45:40,4.21,-0.01,18,7578,卖盘
224,09:45:45,4.21,0.0,3,1263,卖盘
225,09:45:48,4.22,0.01,5,2110,买盘
226,09:45:52,4.22,0.0,13,5486,买盘
227,09:45:54,4.22,0.0,1,422,卖盘
228,09:45:57,4.22,0.0,30,12660,卖盘
229,09:46:00,4.23,0.01,101,42722,买盘
230,09:46:06,4.22,-0.01,3,1266,卖盘
231,09:46:10,4.23,0.01,18,7614,买盘
232,09:46:13,4.22,-0.01,3,1266,卖盘
233,09:46:15,4.22,0.0,647,273034,卖盘
234,09:46:19,4.23,0.01,552,233461,买盘
235,09:46:21,4.23,0.0,4,1692,卖盘
236,09:46:27,4.23,0.0,19,8037,卖盘
237,09:46:33,4.23,0.0,111,46953,卖盘
238,09:46:36,4.23,0.0,3,1269,卖盘
239,09:46:39,4.23,0.0,9,3807,卖盘
240,09:46:42,4.23,0.0,4,1692,卖盘
241,09:46:46,4.23,0.0,26,10998,卖盘
242,09:46:49,4.23,0.0,156,65988,卖盘
243,09:46:52,4.23,0.0,19,8037,卖盘
244,09:46:54,4.23,0.0,2,846,卖盘
245,09:46:58,4.23,0.0,48,20304,卖盘
246,09:47:01,4.23,0.0,118,49914,卖盘
247,09:47:04,4.23,0.0,109,46207,卖盘
248,09:47:06,4.23,0.0,8,3384,卖盘
249,09:47:09,4.23,0.0,3,1269,卖盘
250,09:47:12,4.23,0.0,16,6768,卖盘
251,09:47:18,4.23,0.0,58,24534,卖盘
252,09:47:22,4.23,0.0,8,3384,卖盘
253,09:47:24,4.24,0.01,20,8470,买盘
254,09:47:27,4.23,-0.01,336,142128,卖盘
255,09:47:30,4.25,0.02,964,408807,买盘
256,09:47:42,4.23,-0.02,8,3384,买盘
257,09:47:46,4.25,0.02,110,46704,买盘
258,09:47:51,4.23,-0.02,4,1692,卖盘
259,09:47:57,4.24,0.01,16,6781,买盘
260,09:48:00,4.23,-0.01,2,846,卖盘
261,09:48:04,4.23,0.0,125,52875,卖盘
262,09:48:06,4.23,0.0,21,8868,买盘
263,09:48:09,4.23,0.0,8,3384,卖盘
264,09:48:12,4.23,0.0,46,19458,卖盘
265,09:48:18,4.23,0.0,9,3807,买盘
266,09:48:27,4.23,0.0,13,5499,卖盘
267,09:48:30,4.23,0.0,3,1269,卖盘
268,09:48:33,4.24,0.01,7009,2983311,买盘
269,09:48:36,4.24,0.0,16,6784,买盘
270,09:48:40,4.25,0.01,5,2125,买盘
271,09:48:42,4.25,0.0,32,13600,买盘
272,09:48:45,4.25,0.0,50,21250,买盘
273,09:48:49,4.25,0.0,17,7225,买盘
274,09:48:54,4.24,-0.01,3,1272,卖盘
275,09:48:57,4.25,0.01,41,17425,买盘
276,09:49:04,4.24,-0.01,200,85082,卖盘
277,09:49:06,4.25,0.01,15,6375,卖盘
278,09:49:18,4.25,0.0,44,18700,卖盘
279,09:49:22,4.25,0.0,79,33584,卖盘
280,09:49:24,4.26,0.01,60,25554,买盘
281,09:49:27,4.26,0.0,8,3406,卖盘
282,09:49:31,4.26,0.0,43,18285,中性盘
283,09:49:33,4.26,0.0,180,76515,买盘
284,09:49:36,4.26,0.0,38,16188,买盘
285,09:49:39,4.26,0.0,83,35357,买盘
286,09:49:43,4.26,0.0,30,12780,买盘
287,09:49:45,4.25,-0.01,8,3407,卖盘
288,09:49:49,4.25,0.0,22,9350,卖盘
289,09:49:54,4.25,0.0,341,144935,卖盘
290,09:49:57,4.25,0.0,11,4674,买盘
291,09:50:00,4.25,0.0,12,5100,买盘
292,09:50:04,4.25,0.0,6,2550,卖盘
293,09:50:06,4.25,0.0,90,38250,卖盘
294,09:50:09,4.25,0.0,7,2975,卖盘
295,09:50:15,4.25,0.0,172,73100,卖盘
296,09:50:18,4.25,0.0,4,1700,买盘
297,09:50:24,4.24,-0.01,4,1696,卖盘
298,09:50:27,4.25,0.01,10,4250,买盘
299,09:50:36,4.25,0.0,1,425,买盘
300,09:50:39,4.24,-0.01,15,6360,卖盘
301,09:50:42,4.25,0.01,35,14843,买盘
302,09:50:48,4.24,-0.01,4,1696,卖盘
303,09:50:54,4.24,0.0,10,4240,卖盘
304,09:51:00,4.24,0.0,21,8904,卖盘
305,09:51:04,4.24,0.0,5,2120,卖盘
306,09:51:06,4.24,0.0,216,91584,卖盘
307,09:51:09,4.25,0.01,170,72099,买盘
308,09:51:12,4.24,-0.01,1,424,卖盘
309,09:51:16,4.24,0.0,15,6360,卖盘
310,09:51:18,4.24,0.0,92,39083,卖盘
311,09:51:21,4.25,0.01,37,15725,买盘
312,09:51:24,4.24,-0.01,3,1272,卖盘
313,09:51:27,4.24,0.0,3,1272,卖盘
314,09:51:33,4.24,0.0,8,3392,卖盘
315,09:51:36,4.24,0.0,6,2544,卖盘
316,09:51:42,4.24,0.0,3,1272,卖盘
317,09:51:48,4.24,0.0,15,6360,卖盘
318,09:51:51,4.24,0.0,45,19091,卖盘
319,09:52:00,4.25,0.01,49,20822,买盘
320,09:52:04,4.24,-0.01,35,14869,卖盘
321,09:52:06,4.24,0.0,18,7632,卖盘
322,09:52:09,4.25,0.01,30,12750,买盘
323,09:52:19,4.24,-0.01,13,5521,卖盘
324,09:52:22,4.25,0.01,34,14444,买盘
325,09:52:24,4.24,-0.01,1,424,卖盘
326,09:52:27,4.25,0.01,14,5950,买盘
327,09:52:40,4.25,0.0,12,5099,买盘
328,09:52:42,4.24,-0.01,10,4240,卖盘
329,09:52:45,4.25,0.01,112,47600,买盘
330,09:52:49,4.25,0.0,4,1700,卖盘
331,09:52:51,4.25,0.0,14,5950,卖盘
332,09:53:00,4.25,0.0,3,1275,卖盘
333,09:53:04,4.26,0.01,323,137598,买盘
334,09:53:07,4.26,0.0,69,29394,卖盘
335,09:53:09,4.26,0.0,13,5538,卖盘
336,09:53:12,4.26,0.0,1,426,卖盘
337,09:53:16,4.26,0.0,1021,435947,卖盘
338,09:53:19,4.26,0.0,141,60066,卖盘
339,09:53:22,4.26,0.0,17,7249,卖盘
340,09:53:24,4.26,0.0,68,29033,卖盘
341,09:53:30,4.26,0.0,23,9800,卖盘
342,09:53:34,4.27,0.01,20,8540,买盘
343,09:53:37,4.26,-0.01,212,90471,买盘
344,09:53:40,4.26,0.0,62,26412,买盘
345,09:53:43,4.26,0.0,60,25560,卖盘
346,09:53:46,4.25,-0.01,154,65490,卖盘
347,09:53:48,4.26,0.01,33,14073,中性盘
348,09:53:51,4.25,-0.01,112,47709,卖盘
349,09:53:54,4.26,0.01,24,10220,买盘
350,09:53:57,4.26,0.0,7,2982,卖盘
351,09:54:00,4.25,-0.01,60,25551,卖盘
352,09:54:04,4.26,0.01,4,1704,中性盘
353,09:54:06,4.26,0.0,357,152082,卖盘
354,09:54:10,4.26,0.0,22,9372,卖盘
355,09:54:13,4.26,0.0,450,192065,卖盘
356,09:54:15,4.27,0.01,39,16642,买盘
357,09:54:19,4.26,-0.01,6,2556,中性盘
358,09:54:21,4.26,0.0,28,11948,卖盘
359,09:54:24,4.26,0.0,2,852,卖盘
360,09:54:27,4.26,0.0,3,1278,卖盘
361,09:54:30,4.26,0.0,1,426,卖盘
362,09:54:34,4.26,0.0,15,6390,卖盘
363,09:54:37,4.27,0.01,510,217761,买盘
364,09:54:45,4.26,-0.01,266,113316,卖盘
365,09:54:48,4.27,0.01,40,17070,买盘
366,09:54:52,4.26,-0.01,1,426,卖盘
367,09:55:06,4.27,0.01,110,46900,买盘
368,09:55:12,4.26,-0.01,3,1278,中性盘
369,09:55:15,4.25,-0.01,39,16611,卖盘
370,09:55:19,4.25,0.0,17,7239,卖盘
371,09:55:27,4.26,0.01,65,27675,买盘
372,09:55:30,4.26,0.0,24,10220,买盘
373,09:55:33,4.26,0.0,204,86904,买盘
374,09:55:36,4.26,0.0,193,82196,买盘
375,09:55:39,4.25,-0.01,36,15333,卖盘
376,09:55:43,4.26,0.01,10,4260,买盘
377,09:55:45,4.26,0.0,163,69438,买盘
378,09:55:48,4.26,0.0,1,426,卖盘
379,09:55:51,4.26,0.0,111,47286,卖盘
380,09:55:54,4.26,0.0,1,426,卖盘
381,09:55:57,4.26,0.0,61,25986,卖盘
382,09:56:00,4.26,0.0,28,11955,卖盘
383,09:56:04,4.26,0.0,44,18744,卖盘
384,09:56:06,4.25,-0.01,160,68000,卖盘
385,09:56:09,4.25,0.0,20,8510,卖盘
386,09:56:12,4.26,0.01,45,19170,买盘
387,09:56:19,4.26,0.0,1,426,买盘
388,09:56:28,4.26,0.0,46,19596,买盘
389,09:56:30,4.25,-0.01,20,8500,卖盘
390,09:56:36,4.26,0.01,30,12780,买盘
391,09:56:39,4.25,-0.01,68,28900,卖盘
392,09:56:48,4.25,0.0,32,13600,卖盘
393,09:56:51,4.25,0.0,16,6800,卖盘
394,09:56:54,4.25,0.0,66,28050,卖盘
395,09:56:57,4.25,0.0,3,1275,卖盘
396,09:57:00,4.25,0.0,3,1275,卖盘
397,09:57:06,4.25,0.0,3,1275,卖盘
398,09:57:09,4.26,0.01,32,13632,买盘
399,09:57:19,4.25,-0.01,4,1700,卖盘
400,09:57:24,4.25,0.0,30,12750,卖盘
401,09:57:27,4.25,0.0,3,1275,卖盘
402,09:57:30,4.26,0.01,302,128637,买盘
403,09:57:37,4.25,-0.01,18,7650,卖盘
404,09:57:42,4.27,0.02,2000,853038,买盘
405,09:57:51,4.26,-0.01,8,3413,卖盘
406,09:58:06,4.27,0.01,42,17934,买盘
407,09:58:09,4.26,-0.01,100,42697,卖盘
408,09:58:12,4.27,0.01,23,9821,买盘
409,09:58:16,4.27,0.0,97,41419,买盘
410,09:58:18,4.26,-0.01,18,7668,卖盘
411,09:58:22,4.26,0.0,7,2982,卖盘
412,09:58:27,4.27,0.01,379,161833,买盘
413,09:58:30,4.27,0.0,541,231007,卖盘
414,09:58:36,4.26,-0.01,85,36210,卖盘
415,09:58:45,4.27,0.01,46,19642,买盘
416,09:58:48,4.27,0.0,2,854,卖盘
417,09:58:51,4.27,0.0,18,7686,买盘
418,09:58:57,4.26,-0.01,8,3408,卖盘
419,09:59:04,4.27,0.01,10,4270,买盘
420,09:59:06,4.27,0.0,75,32010,买盘
421,09:59:09,4.26,-0.01,4,1704,卖盘
422,09:59:12,4.27,0.01,2,854,买盘
423,09:59:15,4.27,0.0,450,192150,买盘
424,09:59:18,4.27,0.0,33,14091,卖盘
425,09:59:21,4.27,0.0,76,32452,卖盘
426,09:59:24,4.27,0.0,40,17072,卖盘
427,09:59:30,4.26,-0.01,207,88289,卖盘
428,09:59:33,4.26,0.0,3,1278,卖盘
429,09:59:36,4.27,0.01,21,8967,买盘
430,09:59:39,4.28,0.01,2003,856672,买盘
431,09:59:48,4.27,-0.01,55,23485,买盘
432,09:59:54,4.27,0.0,14,5978,卖盘
433,10:00:04,4.28,0.01,407,174190,买盘
434,10:00:06,4.28,0.0,11,4698,买盘
435,10:00:09,4.28,0.0,248,106144,买盘
436,10:00:12,4.29,0.01,2,858,买盘
437,10:00:15,4.3,0.01,3085,1325097,买盘
438,10:00:18,4.28,-0.02,21,9024,卖盘
439,10:00:21,4.3,0.02,20,8600,买盘
440,10:00:24,4.28,-0.02,3,1284,卖盘
441,10:00:27,4.3,0.02,30,12900,买盘
442,10:00:31,4.29,-0.01,13,5577,卖盘
443,10:00:33,4.29,0.0,3,1287,卖盘
444,10:00:36,4.29,0.0,69,29652,卖盘
445,10:00:39,4.3,0.01,41,17625,买盘
446,10:00:42,4.3,0.0,13,5580,买盘
447,10:00:45,4.29,-0.01,105,45130,卖盘
448,10:00:48,4.29,0.0,7,3003,卖盘
449,10:00:51,4.29,0.0,247,106192,卖盘
450,10:00:54,4.3,0.01,223,95887,买盘
451,10:00:57,4.3,0.0,336,144242,买盘
452,10:01:00,4.3,0.0,30,12900,买盘
453,10:01:03,4.3,0.0,42,18052,买盘
454,10:01:06,4.3,0.0,532,228760,卖盘
455,10:01:09,4.3,0.0,20,8600,买盘
456,10:01:12,4.3,0.0,58,24940,买盘
457,10:01:15,4.32,0.02,2523,1088274,买盘
458,10:01:21,4.3,-0.02,8,3440,买盘
459,10:01:24,4.3,0.0,160,69102,卖盘
460,10:01:27,4.3,0.0,91,39238,卖盘
461,10:01:31,4.3,0.0,234,100861,卖盘
462,10:01:36,4.33,0.03,1202,520017,买盘
463,10:01:39,4.31,-0.02,11,4749,卖盘
464,10:01:42,4.31,0.0,56,24186,卖盘
465,10:01:45,4.31,0.0,3,1293,卖盘
466,10:01:48,4.32,0.01,32,13824,卖盘
467,10:01:51,4.32,0.0,27,11664,买盘
468,10:01:54,4.32,0.0,248,107096,买盘
469,10:01:58,4.32,0.0,69,29770,买盘
470,10:02:00,4.33,0.01,116,50161,买盘
471,10:02:03,4.32,-0.01,225,97175,卖盘
472,10:02:07,4.32,0.0,120,51790,买盘
473,10:02:09,4.32,0.0,17,7337,买盘
474,10:02:12,4.31,-0.01,6,2587,卖盘
475,10:02:15,4.31,0.0,10,4310,卖盘
476,10:02:18,4.31,0.0,23,9913,卖盘
477,10:02:22,4.3,-0.01,169,72803,卖盘
478,10:02:24,4.32,0.02,2086,903527,买盘
479,10:02:27,4.31,-0.01,426,184021,卖盘
480,10:02:30,4.33,0.02,18,7784,买盘
481,10:02:33,4.31,-0.02,10,4310,卖盘
482,10:02:37,4.32,0.01,75,32400,中性盘
483,10:02:39,4.31,-0.01,64,27622,卖盘
484,10:02:42,4.33,0.02,9,3889,买盘
485,10:02:45,4.31,-0.02,41,17703,卖盘
486,10:02:51,4.3,-0.01,326,140506,卖盘
487,10:02:54,4.31,0.01,153,65943,买盘
488,10:02:57,4.31,0.0,39,16809,买盘
489,10:03:00,4.31,0.0,34,14635,买盘
490,10:03:03,4.31,0.0,20,8620,买盘
491,10:03:06,4.3,-0.01,32,13785,卖盘
492,10:03:09,4.3,0.0,12,5160,卖盘
493,10:03:12,4.3,0.0,76,32711,卖盘
494,10:03:15,4.31,0.01,34,14654,买盘
495,10:03:18,4.3,-0.01,472,202960,卖盘
496,10:03:21,4.3,0.0,676,290680,卖盘
497,10:03:24,4.31,0.01,36,15493,买盘
498,10:03:30,4.31,0.0,113,48651,买盘
499,10:03:33,4.31,0.0,30,12910,买盘
500,10:03:36,4.29,-0.02,14,6015,卖盘
501,10:03:39,4.29,0.0,61,26169,卖盘
502,10:03:42,4.29,0.0,50,21450,卖盘
503,10:03:45,4.3,0.01,40,17200,买盘
504,10:03:48,4.3,0.0,19,8167,买盘
505,10:03:51,4.3,0.0,43,18450,买盘
506,10:03:54,4.3,0.0,8,3440,买盘
507,10:03:57,4.3,0.0,171,73530,买盘
508,10:04:00,4.3,0.0,5,2150,买盘
509,10:04:10,4.29,-0.01,22,9450,卖盘
510,10:04:13,4.3,0.01,5,2150,买盘
511,10:04:15,4.29,-0.01,7,3003,卖盘
512,10:04:21,4.3,0.01,202,86660,买盘
513,10:04:24,4.29,-0.01,3,1287,卖盘
514,10:04:27,4.29,0.0,60,25740,卖盘
515,10:04:30,4.3,0.01,206,88580,买盘
516,10:04:33,4.3,0.0,228,98040,买盘
517,10:04:36,4.3,0.0,24,10316,买盘
518,10:04:39,4.3,0.0,216,92874,买盘
519,10:04:42,4.29,-0.01,30,12870,卖盘
520,10:04:45,4.3,0.01,10,4296,买盘
521,10:04:51,4.29,-0.01,6,2574,卖盘
522,10:04:55,4.29,0.0,25,10746,卖盘
523,10:04:57,4.3,0.01,163,70090,买盘
524,10:05:00,4.29,-0.01,3,1287,卖盘
525,10:05:04,4.3,0.01,12,5160,买盘
526,10:05:06,4.29,-0.01,40,17160,卖盘
527,10:05:09,4.29,0.0,4,1717,卖盘
528,10:05:15,4.3,0.01,55,23647,买盘
529,10:05:18,4.3,0.0,53,22787,买盘
530,10:05:22,4.3,0.0,18,7740,买盘
531,10:05:24,4.3,0.0,412,177160,买盘
532,10:05:28,4.3,0.0,19,8170,买盘
533,10:05:30,4.3,0.0,7,3010,卖盘
534,10:05:33,4.3,0.0,281,120830,卖盘
535,10:05:36,4.3,0.0,579,249464,卖盘
536,10:05:39,4.3,0.0,78,33540,卖盘
537,10:05:42,4.3,0.0,97,41710,卖盘
538,10:05:45,4.32,0.02,281,121230,买盘
539,10:05:48,4.31,-0.01,97,41807,中性盘
540,10:05:51,4.31,0.0,8,3448,卖盘
541,10:05:54,4.32,0.01,87,37579,买盘
542,10:05:57,4.31,-0.01,46,19826,卖盘
543,10:06:00,4.3,-0.01,8,3440,卖盘
544,10:06:04,4.3,0.0,5,2150,卖盘
545,10:06:06,4.31,0.01,83,35746,买盘
546,10:06:10,4.31,0.0,89,38348,买盘
547,10:06:12,4.3,-0.01,36,15485,卖盘
548,10:06:15,4.3,0.0,107,46010,卖盘
549,10:06:18,4.31,0.01,569,244766,买盘
550,10:06:21,4.3,-0.01,10,4300,中性盘
551,10:06:24,4.29,-0.01,19,8163,卖盘
552,10:06:27,4.3,0.01,5,2150,买盘
553,10:06:30,4.29,-0.01,26,11171,卖盘
554,10:06:33,4.29,0.0,28,12012,卖盘
555,10:06:36,4.29,0.0,6,2574,卖盘
556,10:06:39,4.29,0.0,29,12463,卖盘
557,10:06:42,4.3,0.01,10,4300,买盘
558,10:06:45,4.29,-0.01,3,1287,卖盘
559,10:06:52,4.29,0.0,7,3003,卖盘
560,10:06:54,4.29,0.0,3,1287,卖盘
561,10:06:57,4.29,0.0,67,28743,卖盘
562,10:07:03,4.29,0.0,12,5148,卖盘
563,10:07:06,4.29,0.0,22,9438,卖盘
564,10:07:09,4.3,0.01,20,8582,买盘
565,10:07:15,4.29,-0.01,3,1287,卖盘
566,10:07:18,4.29,0.0,8,3432,卖盘
567,10:07:21,4.29,0.0,46,19736,卖盘
568,10:07:24,4.29,0.0,4,1716,卖盘
569,10:07:27,4.29,0.0,8,3432,卖盘
570,10:07:30,4.29,0.0,48,20592,卖盘
571,10:07:33,4.29,0.0,303,130287,卖盘
572,10:07:36,4.29,0.0,10,4290,卖盘
573,10:07:39,4.29,0.0,11,4719,卖盘
574,10:07:42,4.29,0.0,306,131528,卖盘
575,10:07:45,4.3,0.01,15,6450,买盘
576,10:07:48,4.29,-0.01,429,184041,卖盘
577,10:07:51,4.29,0.0,57,24463,卖盘
578,10:07:54,4.29,0.0,78,33465,卖盘
579,10:07:57,4.29,0.0,3,1287,卖盘
580,10:08:00,4.29,0.0,7,3003,卖盘
581,10:08:04,4.29,0.0,34,14586,卖盘
582,10:08:12,4.28,-0.01,49,20972,卖盘
583,10:08:18,4.28,0.0,4,1712,卖盘
584,10:08:24,4.28,0.0,10,4280,卖盘
585,10:08:27,4.28,0.0,18,7704,卖盘
586,10:08:30,4.28,0.0,4,1713,卖盘
587,10:08:34,4.28,0.0,24,10272,卖盘
588,10:08:36,4.28,0.0,6,2568,卖盘
589,10:08:42,4.28,0.0,27,11562,卖盘
590,10:08:45,4.28,0.0,30,12840,卖盘
591,10:08:48,4.28,0.0,3,1284,卖盘
592,10:08:54,4.28,0.0,30,12840,卖盘
593,10:08:57,4.28,0.0,105,44940,卖盘
594,10:09:00,4.28,0.0,4,1712,卖盘
595,10:09:04,4.28,0.0,29,12412,卖盘
596,10:09:06,4.28,0.0,3,1284,卖盘
597,10:09:09,4.28,0.0,106,45391,卖盘
598,10:09:16,4.28,0.0,50,21400,卖盘
599,10:09:18,4.28,0.0,240,102745,卖盘
600,10:09:21,4.28,0.0,6,2568,卖盘
601,10:09:27,4.28,0.0,225,96300,卖盘
602,10:09:30,4.29,0.01,113,48374,买盘
603,10:09:33,4.28,-0.01,41,17548,卖盘
604,10:09:39,4.28,0.0,11,4707,买盘
605,10:09:42,4.27,-0.01,104,44412,卖盘
606,10:09:48,4.27,0.0,6,2562,卖盘
607,10:09:51,4.27,0.0,25,10675,卖盘
608,10:09:57,4.27,0.0,3,1281,卖盘
609,10:10:04,4.27,0.0,105,44835,卖盘
610,10:10:06,4.27,0.0,13,5551,卖盘
611,10:10:15,4.28,0.01,195,83460,买盘
612,10:10:18,4.27,-0.01,3,1281,卖盘
613,10:10:21,4.28,0.01,10,4280,买盘
614,10:10:24,4.28,0.0,34,14548,买盘
615,10:10:27,4.28,0.0,33,14121,买盘
616,10:10:31,4.28,0.0,10,4280,买盘
617,10:10:33,4.27,-0.01,3,1281,卖盘
618,10:10:36,4.27,0.0,191,81738,卖盘
619,10:10:39,4.28,0.01,113,48261,买盘
620,10:10:42,4.28,0.0,181,77450,买盘
621,10:10:52,4.28,0.0,4,1712,卖盘
622,10:10:54,4.28,0.0,18,7704,卖盘
623,10:10:57,4.28,0.0,23,9844,卖盘
624,10:11:03,4.28,0.0,11,4708,卖盘
625,10:11:06,4.28,0.0,35,14980,卖盘
626,10:11:10,4.28,0.0,7,2996,卖盘
627,10:11:12,4.29,0.01,172,73788,买盘
628,10:11:15,4.29,0.0,53,22734,买盘
629,10:11:18,4.28,-0.01,4,1712,卖盘
630,10:11:21,4.29,0.01,33,14157,买盘
631,10:11:24,4.28,-0.01,6,2568,卖盘
632,10:11:30,4.28,0.0,14,5992,卖盘
633,10:11:33,4.28,0.0,4,1712,卖盘
634,10:11:39,4.29,0.01,167,71643,买盘
635,10:11:51,4.29,0.0,190,81510,买盘
636,10:11:54,4.29,0.0,36,15444,卖盘
637,10:11:57,4.29,0.0,3,1287,卖盘
638,10:12:00,4.29,0.0,15,6435,卖盘
639,10:12:04,4.29,0.0,33,14157,卖盘
640,10:12:06,4.29,0.0,12,5148,卖盘
641,10:12:09,4.29,0.0,97,41613,卖盘
642,10:12:12,4.29,0.0,5,2145,卖盘
643,10:12:15,4.29,0.0,103,44197,卖盘
644,10:12:18,4.28,-0.01,11,4712,卖盘
645,10:12:21,4.28,0.0,33,14124,卖盘
646,10:12:24,4.29,0.01,167,71643,买盘
647,10:12:27,4.28,-0.01,3,1284,卖盘
648,10:12:30,4.29,0.01,153,65634,买盘
649,10:12:33,4.28,-0.01,53,22734,卖盘
650,10:12:36,4.28,0.0,27,11556,卖盘
651,10:12:39,4.28,0.0,8,3429,卖盘
652,10:12:42,4.28,0.0,53,22686,卖盘
653,10:12:45,4.28,0.0,14,5992,卖盘
654,10:12:48,4.28,0.0,383,163924,卖盘
655,10:12:51,4.28,0.0,14,5992,卖盘
656,10:13:03,4.28,0.0,42,17976,卖盘
657,10:13:06,4.28,0.0,502,214856,卖盘
658,10:13:09,4.28,0.0,23,9844,卖盘
659,10:13:12,4.28,0.0,3,1284,卖盘
660,10:13:18,4.28,0.0,26,11128,卖盘
661,10:13:24,4.27,-0.01,39,16677,卖盘
662,10:13:30,4.27,0.0,3,1281,卖盘
663,10:13:36,4.27,0.0,14,5978,卖盘
664,10:13:39,4.27,0.0,3,1281,卖盘
665,10:13:42,4.27,0.0,3,1281,卖盘
666,10:13:45,4.28,0.01,10,4280,买盘
667,10:13:48,4.28,0.0,56,23963,买盘
668,10:13:51,4.28,0.0,37,15836,卖盘
669,10:13:54,4.28,0.0,2,856,卖盘
670,10:13:57,4.28,0.0,1,428,卖盘
671,10:14:00,4.28,0.0,5,2140,卖盘
672,10:14:04,4.28,0.0,10,4280,卖盘
673,10:14:15,4.28,0.0,18,7704,卖盘
674,10:14:19,4.28,0.0,6,2568,卖盘
675,10:14:24,4.28,0.0,86,36808,卖盘
676,10:14:33,4.28,0.0,8,3424,卖盘
677,10:14:36,4.28,0.0,18,7704,卖盘
678,10:14:39,4.28,0.0,3,1284,卖盘
679,10:14:42,4.29,0.01,22,9423,买盘
680,10:14:48,4.28,-0.01,7,2996,卖盘
681,10:14:51,4.28,0.0,13,5564,卖盘
682,10:14:57,4.28,0.0,6,2568,卖盘
683,10:15:04,4.28,0.0,10,4280,卖盘
684,10:15:06,4.28,0.0,141,60475,卖盘
685,10:15:12,4.28,0.0,15,6420,卖盘
686,10:15:15,4.28,0.0,66,28248,卖盘
687,10:15:18,4.28,0.0,15,6420,卖盘
688,10:15:21,4.28,0.0,8,3424,卖盘
689,10:15:33,4.29,0.01,5,2142,买盘
690,10:15:36,4.28,-0.01,3,1284,卖盘
691,10:15:42,4.28,0.0,3,1284,卖盘
692,10:15:48,4.28,0.0,39,16722,卖盘
693,10:15:57,4.28,0.0,3,1284,卖盘
694,10:16:00,4.28,0.0,5,2140,卖盘
695,10:16:04,4.28,0.0,11,4708,卖盘
696,10:16:06,4.28,0.0,5,2140,卖盘
697,10:16:09,4.28,0.0,218,93304,卖盘
698,10:16:12,4.28,0.0,3,1284,卖盘
699,10:16:15,4.27,-0.01,1003,428499,卖盘
700,10:16:21,4.28,0.01,50,21400,买盘
701,10:16:28,4.27,-0.01,3,1281,卖盘
702,10:16:30,4.27,0.0,16,6839,卖盘
703,10:16:33,4.27,0.0,50,21350,卖盘
704,10:16:48,4.27,0.0,17,7259,卖盘
705,10:16:51,4.27,0.0,3,1281,卖盘
706,10:16:54,4.27,0.0,333,142221,卖盘
707,10:17:00,4.28,0.01,187,80036,买盘
708,10:17:03,4.27,-0.01,36,15387,卖盘
709,10:17:09,4.27,0.0,17,7273,卖盘
710,10:17:12,4.28,0.01,25,10700,买盘
711,10:17:15,4.27,-0.01,6,2565,卖盘
712,10:17:18,4.27,0.0,10,4270,卖盘
713,10:17:30,4.27,0.0,33,14121,卖盘
714,10:17:33,4.27,0.0,11,4697,卖盘
715,10:17:39,4.28,0.01,35,14980,买盘
716,10:17:42,4.29,0.01,53,22734,买盘
717,10:17:48,4.27,-0.02,8,3419,卖盘
718,10:17:51,4.29,0.02,2,858,买盘
719,10:18:06,4.28,-0.01,3,1284,卖盘
720,10:18:09,4.28,0.0,40,17120,卖盘
721,10:18:15,4.28,0.0,213,91164,买盘
722,10:18:18,4.28,0.0,22,9416,买盘
723,10:18:24,4.28,0.0,8,3421,买盘
724,10:18:27,4.28,0.0,22,9416,买盘
725,10:18:30,4.28,0.0,4,1712,买盘
726,10:18:36,4.27,-0.01,24,10248,卖盘
727,10:18:42,4.28,0.01,50,21400,买盘
728,10:18:45,4.27,-0.01,3,1281,卖盘
729,10:18:51,4.27,0.0,3,1281,卖盘
730,10:18:54,4.27,0.0,3,1281,卖盘
731,10:18:57,4.28,0.01,7,2996,买盘
732,10:19:03,4.28,0.0,21,8987,买盘
733,10:19:06,4.27,-0.01,9,3843,卖盘
734,10:19:09,4.27,0.0,4,1708,卖盘
735,10:19:18,4.27,0.0,7,2989,卖盘
736,10:19:24,4.27,0.0,3,1281,卖盘
737,10:19:27,4.27,0.0,3,1281,卖盘
738,10:19:30,4.27,0.0,46,19642,卖盘
739,10:19:33,4.27,0.0,8,3416,卖盘
740,10:19:36,4.27,0.0,3,1281,卖盘
741,10:19:51,4.27,0.0,218,93086,卖盘
742,10:20:00,4.27,0.0,3,1281,卖盘
743,10:20:04,4.27,0.0,14,5978,卖盘
744,10:20:12,4.27,0.0,3,1281,卖盘
745,10:20:27,4.27,0.0,3,1281,卖盘
746,10:20:39,4.27,0.0,1,427,卖盘
747,10:20:45,4.27,0.0,6,2562,卖盘
748,10:20:57,4.27,0.0,6,2562,卖盘
749,10:21:04,4.27,0.0,10,4270,卖盘
750,10:21:24,4.28,0.01,75,32094,买盘
751,10:21:27,4.27,-0.01,3,1281,卖盘
752,10:21:36,4.27,0.0,3,1281,卖盘
753,10:21:42,4.27,0.0,3,1281,卖盘
754,10:21:46,4.27,0.0,17,7259,卖盘
755,10:21:51,4.27,0.0,15,6405,卖盘
756,10:21:54,4.27,0.0,8,3416,卖盘
757,10:21:57,4.27,0.0,8,3416,卖盘
758,10:22:00,4.28,0.01,180,77037,买盘
759,10:22:06,4.28,0.0,22,9416,买盘
760,10:22:09,4.27,-0.01,8,3416,卖盘
761,10:22:12,4.27,0.0,6,2562,卖盘
762,10:22:15,4.28,0.01,282,120693,买盘
763,10:22:18,4.28,0.0,16,6848,卖盘
764,10:22:24,4.28,0.0,8,3424,卖盘
765,10:22:27,4.28,0.0,22,9416,卖盘
766,10:22:30,4.28,0.0,7,2996,卖盘
767,10:22:33,4.29,0.01,14,5996,买盘
768,10:22:36,4.28,-0.01,77,33030,卖盘
769,10:22:39,4.29,0.01,5,2145,买盘
770,10:22:45,4.29,0.0,46,19734,买盘
771,10:22:49,4.29,0.0,501,214929,买盘
772,10:22:51,4.28,-0.01,45,19284,卖盘
773,10:22:57,4.29,0.01,188,80652,买盘
774,10:23:00,4.28,-0.01,3,1284,卖盘
775,10:23:03,4.28,0.0,16,6848,卖盘
776,10:23:06,4.28,0.0,78,33446,卖盘
777,10:23:13,4.28,0.0,117,50076,卖盘
778,10:23:18,4.28,0.0,3,1284,卖盘
779,10:23:21,4.28,0.0,15,6420,卖盘
780,10:23:24,4.28,0.0,19,8132,卖盘
781,10:23:30,4.28,0.0,3,1284,卖盘
782,10:23:33,4.28,0.0,34,14552,卖盘
783,10:23:36,4.28,0.0,11,4708,卖盘
784,10:23:39,4.28,0.0,38,16264,卖盘
785,10:23:45,4.28,0.0,12,5136,卖盘
786,10:23:48,4.29,0.01,570,244062,买盘
787,10:23:52,4.29,0.0,232,99528,买盘
788,10:23:55,4.28,-0.01,18,7704,卖盘
789,10:23:58,4.28,0.0,38,16264,卖盘
790,10:24:00,4.28,0.0,3,1284,卖盘
791,10:24:04,4.28,0.0,19,8141,卖盘
792,10:24:09,4.28,0.0,57,24396,卖盘
793,10:24:19,4.28,0.0,3,1284,卖盘
794,10:24:21,4.28,0.0,3,1284,卖盘
795,10:24:24,4.28,0.0,97,41610,卖盘
796,10:24:33,4.28,0.0,343,147144,卖盘
797,10:24:42,4.28,0.0,3,1284,卖盘
798,10:24:45,4.28,0.0,3,1284,卖盘
799,10:24:48,4.29,0.01,19,8148,买盘
800,10:24:52,4.28,-0.01,14,5992,卖盘
801,10:24:54,4.29,0.01,42,18006,买盘
802,10:25:03,4.28,-0.01,8,3424,卖盘
803,10:25:07,4.28,0.0,4,1712,卖盘
804,10:25:18,4.28,0.0,8,3424,卖盘
805,10:25:22,4.28,0.0,3,1284,卖盘
806,10:25:31,4.29,0.01,141,60486,买盘
807,10:25:39,4.29,0.0,34,14586,买盘
808,10:25:51,4.28,-0.01,3,1284,卖盘
809,10:25:57,4.28,0.0,3,1284,卖盘
810,10:26:00,4.28,0.0,3,1284,卖盘
811,10:26:04,4.28,0.0,10,4280,卖盘
812,10:26:09,4.29,0.01,9,3861,买盘
813,10:26:12,4.28,-0.01,3,1284,卖盘
814,10:26:18,4.28,0.0,3,1284,卖盘
815,10:26:27,4.28,0.0,30,12840,卖盘
816,10:26:30,4.28,0.0,18,7704,卖盘
817,10:26:36,4.28,0.0,175,75068,卖盘
818,10:26:45,4.28,0.0,20,8560,卖盘
819,10:26:49,4.29,0.01,34,14586,买盘
820,10:26:51,4.29,0.0,13,5577,卖盘
821,10:27:00,4.29,0.0,7,3003,买盘
822,10:27:09,4.29,0.0,40,17160,买盘
823,10:27:12,4.28,-0.01,11,4712,卖盘
824,10:27:15,4.28,0.0,50,21400,卖盘
825,10:27:24,4.28,0.0,50,21400,卖盘
826,10:27:33,4.28,0.0,3,1284,卖盘
827,10:27:37,4.28,0.0,58,24824,卖盘
828,10:27:42,4.28,0.0,7,2997,卖盘
829,10:27:45,4.28,0.0,53,22687,卖盘
830,10:27:48,4.29,0.01,1,429,买盘
831,10:27:51,4.28,-0.01,29,12412,卖盘
832,10:27:54,4.29,0.01,4,1716,买盘
833,10:27:58,4.28,-0.01,50,21400,卖盘
834,10:28:04,4.28,0.0,121,51888,卖盘
835,10:28:09,4.28,0.0,99,42372,卖盘
836,10:28:12,4.28,0.0,73,31294,卖盘
837,10:28:15,4.29,0.01,100,42900,买盘
838,10:28:18,4.28,-0.01,3,1284,卖盘
839,10:28:22,4.28,0.0,3,1284,卖盘
840,10:28:27,4.28,0.0,50,21400,卖盘
841,10:28:39,4.28,0.0,50,21400,卖盘
842,10:28:51,4.28,0.0,3,1284,卖盘
843,10:28:54,4.29,0.01,173,74214,买盘
844,10:28:57,4.29,0.0,13,5577,卖盘
845,10:29:04,4.29,0.0,50,21450,卖盘
846,10:29:09,4.29,0.0,103,44187,卖盘
847,10:29:13,4.29,0.0,18,7722,卖盘
848,10:29:18,4.3,0.01,2005,862147,买盘
849,10:29:21,4.29,-0.01,10,4290,卖盘
850,10:29:24,4.3,0.01,103,44289,买盘
851,10:29:27,4.3,0.0,5,2150,买盘
852,10:29:30,4.29,-0.01,19,8151,卖盘
853,10:29:33,4.3,0.01,28,12037,买盘
854,10:29:45,4.3,0.0,3,1290,卖盘
855,10:29:51,4.3,0.0,3,1290,卖盘
856,10:29:54,4.3,0.0,3,1290,卖盘
857,10:30:04,4.3,0.0,10,4300,卖盘
858,10:30:06,4.3,0.0,40,17200,卖盘
859,10:30:09,4.3,0.0,5,2150,卖盘
860,10:30:12,4.3,0.0,15,6450,卖盘
861,10:30:16,4.3,0.0,1,430,卖盘
862,10:30:19,4.3,0.0,8,3440,卖盘
863,10:30:21,4.3,0.0,5,2150,卖盘
864,10:30:27,4.3,0.0,7,3010,卖盘
865,10:30:36,4.3,0.0,50,21500,卖盘
866,10:30:39,4.31,0.01,1,431,买盘
867,10:30:42,4.3,-0.01,16,6880,卖盘
868,10:30:45,4.3,0.0,17,7310,卖盘
869,10:30:48,4.3,0.0,89,38270,卖盘
870,10:30:51,4.3,0.0,29,12470,卖盘
871,10:30:54,4.3,0.0,3,1290,卖盘
872,10:30:57,4.3,0.0,3,1290,卖盘
873,10:31:00,4.3,0.0,10,4300,卖盘
874,10:31:04,4.3,0.0,51,21930,卖盘
875,10:31:06,4.3,0.0,4,1720,卖盘
876,10:31:09,4.3,0.0,61,26230,卖盘
877,10:31:12,4.29,-0.01,33,14174,卖盘
878,10:31:15,4.29,0.0,31,13299,卖盘
879,10:31:18,4.29,0.0,15,6435,卖盘
880,10:31:21,4.29,0.0,10,4290,卖盘
881,10:31:24,4.3,0.01,93,39990,买盘
882,10:31:27,4.3,0.0,3,1290,买盘
883,10:31:30,4.3,0.0,1,430,买盘
884,10:31:33,4.29,-0.01,31,13299,卖盘
885,10:31:37,4.29,0.0,8,3432,卖盘
886,10:31:42,4.29,0.0,3,1287,卖盘
887,10:31:48,4.3,0.01,11,4722,买盘
888,10:31:51,4.29,-0.01,5,2145,卖盘
889,10:32:00,4.29,0.0,8,3432,卖盘
890,10:32:04,4.29,0.0,11,4719,卖盘
891,10:32:18,4.29,0.0,47,20163,卖盘
892,10:32:31,4.29,0.0,3,1287,卖盘
893,10:32:33,4.29,0.0,11,4719,卖盘
894,10:32:36,4.29,0.0,3,1287,卖盘
895,10:32:48,4.3,0.01,28,12033,买盘
896,10:32:52,4.29,-0.01,100,42900,卖盘
897,10:32:54,4.29,0.0,4,1716,卖盘
898,10:33:00,4.29,0.0,11,4719,卖盘
899,10:33:03,4.29,0.0,10,4290,卖盘
900,10:33:09,4.29,0.0,1,429,卖盘
901,10:33:15,4.29,0.0,3,1287,卖盘
902,10:33:24,4.29,0.0,3,1287,卖盘
903,10:33:27,4.29,0.0,3,1287,卖盘
904,10:33:36,4.29,0.0,7,3003,卖盘
905,10:33:39,4.29,0.0,5,2145,卖盘
906,10:33:45,4.3,0.01,33,14190,买盘
907,10:33:51,4.29,-0.01,232,99746,卖盘
908,10:34:00,4.29,0.0,4,1716,卖盘
909,10:34:03,4.29,0.0,14,6006,卖盘
910,10:34:06,4.3,0.01,26,11180,买盘
911,10:34:10,4.29,-0.01,31,13300,卖盘
912,10:34:15,4.3,0.01,34,14620,买盘
913,10:34:18,4.29,-0.01,3,1287,卖盘
914,10:34:24,4.29,0.0,7,3003,卖盘
915,10:34:36,4.29,0.0,7,3003,卖盘
916,10:34:39,4.3,0.01,48,20640,买盘
917,10:34:57,4.3,0.0,8,3440,买盘
918,10:35:09,4.29,-0.01,9,3861,卖盘
919,10:35:12,4.29,0.0,3,1287,卖盘
920,10:35:15,4.29,0.0,5,2145,卖盘
921,10:35:18,4.29,0.0,50,21450,卖盘
922,10:35:22,4.29,0.0,94,40326,卖盘
923,10:35:24,4.29,0.0,33,14157,卖盘
924,10:35:27,4.29,0.0,25,10725,卖盘
925,10:35:40,4.29,0.0,49,21021,卖盘
926,10:35:48,4.29,0.0,32,13728,卖盘
927,10:35:51,4.3,0.01,42,18060,买盘
928,10:35:57,4.29,-0.01,2,858,卖盘
929,10:36:00,4.3,0.01,89,38267,买盘
930,10:36:06,4.29,-0.01,8,3432,卖盘
931,10:36:09,4.29,0.0,5,2145,卖盘
932,10:36:18,4.29,0.0,10,4290,卖盘
933,10:36:33,4.29,0.0,10,4290,卖盘
934,10:36:36,4.29,0.0,10,4290,卖盘
935,10:36:42,4.29,0.0,3,1287,卖盘
936,10:36:48,4.29,0.0,3,1287,卖盘
937,10:36:51,4.29,0.0,27,11583,卖盘
938,10:36:54,4.29,0.0,13,5577,卖盘
939,10:37:04,4.29,0.0,10,4290,卖盘
940,10:37:10,4.29,0.0,8,3432,卖盘
941,10:37:12,4.29,0.0,5,2145,卖盘
942,10:37:18,4.29,0.0,3,1287,卖盘
943,10:37:21,4.29,0.0,15,6447,卖盘
944,10:37:42,4.3,0.01,1,430,买盘
945,10:37:45,4.29,-0.01,20,8580,卖盘
946,10:37:48,4.29,0.0,3,1287,卖盘
947,10:38:03,4.29,0.0,10,4290,卖盘
948,10:38:10,4.29,0.0,3,1287,卖盘
949,10:38:12,4.29,0.0,9,3861,卖盘
950,10:38:18,4.29,0.0,6,2574,卖盘
951,10:38:21,4.29,0.0,13,5577,卖盘
952,10:38:25,4.29,0.0,11,4719,卖盘
953,10:38:33,4.29,0.0,33,14157,卖盘
954,10:38:39,4.29,0.0,5,2145,卖盘
955,10:38:48,4.29,0.0,7,3003,卖盘
956,10:38:51,4.29,0.0,4,1716,卖盘
957,10:38:58,4.29,0.0,5,2145,卖盘
958,10:39:00,4.29,0.0,7,3003,卖盘
959,10:39:04,4.29,0.0,24,10296,卖盘
960,10:39:06,4.29,0.0,3,1287,卖盘
961,10:39:09,4.29,0.0,22,9438,卖盘
962,10:39:12,4.29,0.0,8,3432,卖盘
963,10:39:21,4.3,0.01,2,860,买盘
964,10:39:27,4.29,-0.01,70,30050,卖盘
965,10:39:33,4.29,0.0,173,74217,卖盘
966,10:39:36,4.29,0.0,5,2145,买盘
967,10:39:43,4.29,0.0,1,429,买盘
968,10:39:54,4.28,-0.01,1,428,卖盘
969,10:40:00,4.28,0.0,3,1284,卖盘
970,10:40:04,4.28,0.0,10,4280,卖盘
971,10:40:21,4.28,0.0,3,1284,卖盘
972,10:40:24,4.28,0.0,10,4280,卖盘
973,10:40:30,4.28,0.0,15,6420,卖盘
974,10:40:39,4.28,0.0,1,428,卖盘
975,10:40:42,4.28,0.0,4,1712,卖盘
976,10:40:48,4.28,0.0,3,1284,卖盘
977,10:41:00,4.28,0.0,6,2568,卖盘
978,10:41:04,4.28,0.0,11,4708,卖盘
979,10:41:06,4.28,0.0,3,1284,卖盘
980,10:41:12,4.28,0.0,8,3424,卖盘
981,10:41:18,4.28,0.0,14,6005,卖盘
982,10:41:21,4.28,0.0,92,39376,卖盘
983,10:41:24,4.28,0.0,14,5992,卖盘
984,10:41:30,4.29,0.01,15,6435,买盘
985,10:41:39,4.29,0.0,17,7278,买盘
986,10:41:42,4.29,0.0,70,30030,买盘
987,10:41:48,4.28,-0.01,3,1284,卖盘
988,10:41:54,4.28,0.0,3,1284,卖盘
989,10:42:00,4.29,0.01,40,17157,买盘
990,10:42:06,4.28,-0.01,153,65484,卖盘
991,10:42:27,4.28,0.0,3,1284,卖盘
992,10:42:48,4.28,0.0,3,1284,卖盘
993,10:42:51,4.28,0.0,9,3852,卖盘
994,10:43:04,4.28,0.0,14,5992,卖盘
995,10:43:09,4.28,0.0,3,1284,卖盘
996,10:43:12,4.28,0.0,3,1284,卖盘
997,10:43:15,4.28,0.0,34,14552,卖盘
998,10:43:30,4.28,0.0,20,8560,卖盘
999,10:43:36,4.28,0.0,1,428,卖盘
1000,10:43:54,4.28,0.0,9,3852,卖盘
1001,10:44:00,4.29,0.01,29,12431,买盘
1002,10:44:04,4.28,-0.01,6,2571,卖盘
1003,10:44:16,4.28,0.0,8,3424,卖盘
1004,10:44:19,4.28,0.0,12,5136,卖盘
1005,10:44:33,4.28,0.0,8,3424,卖盘
1006,10:44:39,4.28,0.0,3,1284,卖盘
1007,10:44:42,4.28,0.0,3,1284,卖盘
1008,10:44:48,4.28,0.0,8,3424,卖盘
1009,10:44:54,4.29,0.01,29,12423,买盘
1010,10:45:00,4.28,-0.01,8,3424,卖盘
1011,10:45:03,4.28,0.0,45,19292,卖盘
1012,10:45:06,4.29,0.01,95,40755,买盘
1013,10:45:13,4.28,-0.01,8,3424,卖盘
1014,10:45:15,4.28,0.0,3,1284,卖盘
1015,10:45:21,4.29,0.01,1,429,买盘
1016,10:45:24,4.28,-0.01,3,1284,卖盘
1017,10:45:30,4.28,0.0,73,31244,卖盘
1018,10:45:33,4.28,0.0,1,428,卖盘
1019,10:45:36,4.29,0.01,5,2145,买盘
1020,10:46:00,4.29,0.0,20,8580,买盘
1021,10:46:04,4.28,-0.01,3,1284,卖盘
1022,10:46:06,4.28,0.0,6,2568,卖盘
1023,10:46:09,4.28,0.0,11,4716,卖盘
1024,10:46:12,4.29,0.01,5,2145,买盘
1025,10:46:24,4.28,-0.01,15,6420,卖盘
1026,10:46:27,4.29,0.01,24,10296,买盘
1027,10:46:42,4.29,0.0,30,12870,买盘
1028,10:46:51,4.28,-0.01,24,10275,卖盘
1029,10:46:54,4.29,0.01,10,4287,买盘
1030,10:47:03,4.28,-0.01,9,3852,卖盘
1031,10:47:06,4.29,0.01,101,43328,买盘
1032,10:47:12,4.29,0.0,95,40755,买盘
1033,10:47:27,4.29,0.0,106,45474,买盘
1034,10:47:33,4.29,0.0,3,1287,卖盘
1035,10:47:42,4.3,0.01,113,48487,买盘
1036,10:47:45,4.29,-0.01,16,6864,卖盘
1037,10:47:48,4.29,0.0,5,2145,卖盘
1038,10:48:03,4.29,0.0,11,4719,卖盘
1039,10:48:09,4.3,0.01,2,860,买盘
1040,10:48:24,4.29,-0.01,9,3861,卖盘
1041,10:48:30,4.29,0.0,3,1287,卖盘
1042,10:48:36,4.29,0.0,3,1287,卖盘
1043,10:48:48,4.29,0.0,3,1287,卖盘
1044,10:48:51,4.29,0.0,13,5577,卖盘
1045,10:48:54,4.29,0.0,8,3432,卖盘
1046,10:49:03,4.29,0.0,510,219290,卖盘
1047,10:49:12,4.3,0.01,42,18060,买盘
1048,10:49:15,4.29,-0.01,3,1287,卖盘
1049,10:49:18,4.3,0.01,8,3440,买盘
1050,10:49:21,4.3,0.0,4,1720,买盘
1051,10:49:27,4.29,-0.01,17,7307,卖盘
1052,10:49:30,4.3,0.01,18,7740,买盘
1053,10:49:33,4.29,-0.01,3,1287,卖盘
1054,10:49:39,4.29,0.0,6,2574,卖盘
1055,10:49:48,4.29,0.0,34,14611,卖盘
1056,10:49:51,4.29,0.0,3,1287,卖盘
1057,10:50:00,4.29,0.0,3,1287,卖盘
1058,10:50:04,4.29,0.0,13,5577,卖盘
1059,10:50:06,4.29,0.0,5,2145,卖盘
1060,10:50:12,4.29,0.0,25,10725,卖盘
1061,10:50:18,4.3,0.01,15,6450,买盘
1062,10:50:39,4.29,-0.01,14,6006,卖盘
1063,10:50:45,4.3,0.01,37,15907,买盘
1064,10:50:48,4.3,0.0,8,3437,买盘
1065,10:50:51,4.29,-0.01,32,13728,卖盘
1066,10:50:57,4.29,0.0,5,2145,卖盘
1067,10:51:04,4.29,0.0,10,4290,卖盘
1068,10:51:06,4.29,0.0,3,1287,卖盘
1069,10:51:12,4.29,0.0,7,3003,卖盘
1070,10:51:18,4.29,0.0,324,138996,卖盘
1071,10:51:24,4.3,0.01,111,47722,买盘
1072,10:51:27,4.29,-0.01,18,7732,卖盘
1073,10:51:36,4.3,0.01,7,3007,买盘
1074,10:51:42,4.29,-0.01,11,4719,卖盘
1075,10:51:45,4.29,0.0,10,4290,卖盘
1076,10:51:54,4.29,0.0,17,7293,卖盘
1077,10:51:57,4.29,0.0,8,3432,卖盘
1078,10:52:03,4.29,0.0,13,5577,卖盘
1079,10:52:06,4.29,0.0,4,1716,卖盘
1080,10:52:09,4.29,0.0,8,3432,卖盘
1081,10:52:12,4.29,0.0,3,1287,卖盘
1082,10:52:21,4.29,0.0,6,2574,卖盘
1083,10:52:24,4.29,0.0,11,4719,卖盘
1084,10:52:27,4.29,0.0,132,56628,卖盘
1085,10:52:30,4.29,0.0,4,1716,卖盘
1086,10:52:36,4.29,0.0,76,32604,卖盘
1087,10:52:39,4.29,0.0,124,53196,卖盘
1088,10:52:42,4.29,0.0,3,1287,卖盘
1089,10:52:45,4.29,0.0,16,6864,卖盘
1090,10:52:51,4.28,-0.01,8,3424,卖盘
1091,10:53:04,4.28,0.0,11,4708,卖盘
1092,10:53:06,4.28,0.0,8,3424,卖盘
1093,10:53:09,4.28,0.0,8,3424,卖盘
1094,10:53:12,4.28,0.0,800,342400,卖盘
1095,10:53:33,4.27,-0.01,15,6405,卖盘
1096,10:53:39,4.27,0.0,27,11529,卖盘
1097,10:53:45,4.27,0.0,119,50873,卖盘
1098,10:53:57,4.27,0.0,3,1281,卖盘
1099,10:54:03,4.27,0.0,10,4270,卖盘
1100,10:54:21,4.27,0.0,3,1281,卖盘
1101,10:54:28,4.27,0.0,3,1281,卖盘
1102,10:54:30,4.27,0.0,1,427,卖盘
1103,10:54:39,4.27,0.0,2,854,卖盘
1104,10:54:42,4.28,0.01,23,9841,买盘
1105,10:54:49,4.27,-0.01,3,1281,卖盘
1106,10:54:51,4.27,0.0,13,5551,卖盘
1107,10:55:04,4.27,0.0,17,7259,卖盘
1108,10:55:06,4.27,0.0,8,3416,卖盘
1109,10:55:12,4.28,0.01,40,17120,买盘
1110,10:55:15,4.28,0.0,21,8988,买盘
1111,10:55:21,4.27,-0.01,8,3416,卖盘
1112,10:55:33,4.27,0.0,7,2989,卖盘
1113,10:55:37,4.28,0.01,4,1709,买盘
1114,10:55:45,4.27,-0.01,19,8113,卖盘
1115,10:55:57,4.27,0.0,3,1281,卖盘
1116,10:56:04,4.27,0.0,10,4270,卖盘
1117,10:56:13,4.28,0.01,344,147232,买盘
1118,10:56:19,4.28,0.0,15,6420,卖盘
1119,10:56:24,4.28,0.0,22,9416,卖盘
1120,10:56:33,4.28,0.0,11,4708,卖盘
1121,10:56:42,4.28,0.0,1,428,卖盘
1122,10:56:45,4.28,0.0,3,1284,卖盘
1123,10:56:54,4.28,0.0,8,3424,卖盘
1124,10:57:04,4.28,0.0,14,5992,卖盘
1125,10:57:06,4.28,0.0,200,85600,卖盘
1126,10:57:13,4.28,0.0,11,4708,卖盘
1127,10:57:15,4.28,0.0,3,1284,卖盘
1128,10:57:22,4.28,0.0,3,1284,卖盘
1129,10:57:24,4.28,0.0,8,3424,卖盘
1130,10:57:36,4.28,0.0,20,8560,卖盘
1131,10:57:39,4.29,0.01,8,3432,买盘
1132,10:57:54,4.28,-0.01,29,12412,卖盘
1133,10:58:00,4.28,0.0,10,4280,卖盘
1134,10:58:04,4.28,0.0,24,10272,卖盘
1135,10:58:07,4.28,0.0,20,8560,卖盘
1136,10:58:15,4.28,0.0,3,1284,卖盘
1137,10:58:22,4.28,0.0,3,1284,卖盘
1138,10:58:24,4.28,0.0,5,2140,卖盘
1139,10:58:27,4.28,0.0,18,7704,卖盘
1140,10:58:30,4.28,0.0,18,7704,卖盘
1141,10:58:33,4.28,0.0,134,57352,卖盘
1142,10:58:42,4.28,0.0,18,7704,卖盘
1143,10:58:57,4.28,0.0,8,3424,卖盘
1144,10:59:04,4.28,0.0,34,14552,卖盘
1145,10:59:12,4.28,0.0,11,4708,卖盘
1146,10:59:15,4.28,0.0,3,1284,卖盘
1147,10:59:27,4.28,0.0,38,16264,卖盘
1148,10:59:39,4.27,-0.01,20,8540,卖盘
1149,10:59:45,4.27,0.0,3,1281,卖盘
1150,10:59:51,4.27,0.0,17,7259,卖盘
1151,10:59:55,4.27,0.0,61,26047,卖盘
1152,11:00:01,4.27,0.0,3,1281,卖盘
1153,11:00:04,4.27,0.0,30,12810,卖盘
1154,11:00:06,4.27,0.0,12,5124,卖盘
1155,11:00:09,4.27,0.0,12,5124,卖盘
1156,11:00:15,4.27,0.0,10,4270,卖盘
1157,11:00:18,4.27,0.0,72,30744,卖盘
1158,11:00:21,4.27,0.0,8,3416,卖盘
1159,11:00:25,4.27,0.0,1,427,卖盘
1160,11:00:28,4.27,0.0,3,1281,卖盘
1161,11:00:36,4.27,0.0,53,22631,卖盘
1162,11:00:39,4.27,0.0,609,260043,卖盘
1163,11:00:51,4.26,-0.01,24,10224,卖盘
1164,11:01:04,4.26,0.0,8,3408,卖盘
1165,11:01:07,4.26,0.0,404,172104,卖盘
1166,11:01:10,4.26,0.0,50,21300,卖盘
1167,11:01:12,4.26,0.0,63,26838,卖盘
1168,11:01:18,4.26,0.0,15,6390,卖盘
1169,11:01:21,4.26,0.0,10,4260,卖盘
1170,11:01:34,4.26,0.0,8,3408,卖盘
1171,11:01:36,4.26,0.0,80,34080,卖盘
1172,11:01:42,4.26,0.0,3,1278,卖盘
1173,11:01:45,4.26,0.0,8,3408,卖盘
1174,11:01:48,4.26,0.0,20,8520,卖盘
1175,11:01:52,4.26,0.0,23,9798,卖盘
1176,11:01:54,4.26,0.0,5,2130,卖盘
1177,11:01:58,4.26,0.0,98,41754,卖盘
1178,11:02:04,4.26,0.0,15,6390,卖盘
1179,11:02:06,4.26,0.0,10,4260,卖盘
1180,11:02:09,4.26,0.0,9,3834,卖盘
1181,11:02:12,4.26,0.0,12,5112,卖盘
1182,11:02:15,4.27,0.01,41,17507,买盘
1183,11:02:21,4.26,-0.01,1,426,卖盘
1184,11:02:24,4.26,0.0,3,1278,卖盘
1185,11:02:39,4.26,0.0,36,15336,卖盘
1186,11:02:42,4.26,0.0,14,5964,卖盘
1187,11:03:00,4.26,0.0,3,1278,卖盘
1188,11:03:03,4.26,0.0,3,1278,卖盘
1189,11:03:06,4.26,0.0,15,6390,卖盘
1190,11:03:16,4.26,0.0,3,1278,卖盘
1191,11:03:24,4.26,0.0,289,123114,卖盘
1192,11:03:27,4.26,0.0,32,13632,卖盘
1193,11:03:36,4.26,0.0,3,1278,卖盘
1194,11:03:42,4.26,0.0,12,5112,卖盘
1195,11:03:45,4.26,0.0,3,1278,卖盘
1196,11:03:48,4.26,0.0,18,7668,卖盘
1197,11:03:51,4.26,0.0,103,43878,卖盘
1198,11:03:54,4.26,0.0,50,21300,卖盘
1199,11:03:57,4.26,0.0,32,13632,卖盘
1200,11:04:04,4.26,0.0,10,4260,卖盘
1201,11:04:10,4.26,0.0,15,6390,卖盘
1202,11:04:15,4.26,0.0,26,11076,卖盘
1203,11:04:18,4.26,0.0,3,1278,卖盘
1204,11:04:21,4.26,0.0,20,8520,卖盘
1205,11:04:24,4.26,0.0,8,3408,卖盘
1206,11:04:33,4.27,0.01,20,8540,买盘
1207,11:04:39,4.26,-0.01,26,11076,卖盘
1208,11:04:42,4.26,0.0,20,8520,卖盘
1209,11:04:51,4.26,0.0,3,1278,卖盘
1210,11:04:54,4.26,0.0,27,11502,卖盘
1211,11:05:01,4.26,0.0,18,7668,卖盘
1212,11:05:04,4.26,0.0,5,2130,卖盘
1213,11:05:06,4.26,0.0,2,852,卖盘
1214,11:05:10,4.26,0.0,352,149952,卖盘
1215,11:05:12,4.26,0.0,42,17892,卖盘
1216,11:05:15,4.27,0.01,4,1708,买盘
1217,11:05:18,4.26,-0.01,20,8520,卖盘
1218,11:05:21,4.26,0.0,12,5112,卖盘
1219,11:05:25,4.26,0.0,25,10650,卖盘
1220,11:05:28,4.27,0.01,64,27307,买盘
1221,11:05:30,4.26,-0.01,13,5538,卖盘
1222,11:05:34,4.26,0.0,4,1704,卖盘
1223,11:05:36,4.26,0.0,1,426,卖盘
1224,11:05:39,4.26,0.0,8,3408,卖盘
1225,11:05:42,4.26,0.0,2,852,卖盘
1226,11:05:46,4.26,0.0,13,5538,卖盘
1227,11:05:52,4.26,0.0,3,1278,卖盘
1228,11:05:55,4.26,0.0,9,3834,卖盘
1229,11:05:57,4.25,-0.01,93,39578,卖盘
1230,11:06:06,4.25,0.0,19,8075,卖盘
1231,11:06:12,4.25,0.0,13,5525,卖盘
1232,11:06:15,4.25,0.0,15,6375,卖盘
1233,11:06:22,4.25,0.0,1,425,卖盘
1234,11:06:25,4.25,0.0,83,35275,卖盘
1235,11:06:28,4.25,0.0,5,2125,卖盘
1236,11:06:34,4.25,0.0,10,4250,卖盘
1237,11:06:40,4.25,0.0,9,3825,卖盘
1238,11:06:42,4.24,-0.01,985,418614,卖盘
1239,11:06:45,4.24,0.0,118,50132,卖盘
1240,11:06:51,4.24,0.0,9,3816,卖盘
1241,11:06:55,4.24,0.0,84,35636,卖盘
1242,11:06:58,4.24,0.0,30,12720,卖盘
1243,11:07:01,4.24,0.0,10,4240,卖盘
1244,11:07:04,4.24,0.0,649,275176,卖盘
1245,11:07:07,4.24,0.0,71,30104,卖盘
1246,11:07:10,4.24,0.0,149,63176,卖盘
1247,11:07:13,4.24,0.0,124,52576,买盘
1248,11:07:16,4.24,0.0,2,848,买盘
1249,11:07:18,4.24,0.0,6,2544,买盘
1250,11:07:21,4.24,0.0,150,63600,买盘
1251,11:07:24,4.24,0.0,15,6360,卖盘
1252,11:07:28,4.25,0.01,14,5945,买盘
1253,11:07:30,4.25,0.0,48,20400,买盘
1254,11:07:34,4.25,0.0,43,18275,买盘
1255,11:07:37,4.25,0.0,56,23795,买盘
1256,11:07:39,4.25,0.0,494,209945,买盘
1257,11:07:42,4.24,-0.01,16,6786,卖盘
1258,11:07:48,4.25,0.01,3,1275,中性盘
1259,11:07:54,4.25,0.0,11,4675,卖盘
1260,11:08:10,4.24,-0.01,20,8499,卖盘
1261,11:08:21,4.24,0.0,11,4664,卖盘
1262,11:08:25,4.25,0.01,33,14025,中性盘
1263,11:08:28,4.25,0.0,299,127075,买盘
1264,11:08:31,4.25,0.0,50,21250,卖盘
1265,11:08:40,4.25,0.0,33,14025,卖盘
1266,11:08:42,4.25,0.0,11,4675,买盘
1267,11:08:45,4.25,0.0,18,7634,买盘
1268,11:08:48,4.25,0.0,12,5100,买盘
1269,11:08:51,4.25,0.0,2,850,买盘
1270,11:08:55,4.25,0.0,2,850,买盘
1271,11:08:57,4.25,0.0,32,13592,买盘
1272,11:09:01,4.25,0.0,22,9356,卖盘
1273,11:09:04,4.25,0.0,16,6802,卖盘
1274,11:09:12,4.25,0.0,8,3400,卖盘
1275,11:09:25,4.26,0.01,26,11065,买盘
1276,11:09:30,4.25,-0.01,12,5100,卖盘
1277,11:09:33,4.25,0.0,11,4675,卖盘
1278,11:09:45,4.25,0.0,1,425,卖盘
1279,11:09:48,4.25,0.0,15,6375,卖盘
1280,11:09:54,4.25,0.0,3,1275,卖盘
1281,11:10:06,4.25,0.0,30,12750,卖盘
1282,11:10:09,4.26,0.01,1,426,买盘
1283,11:10:18,4.26,0.0,2,852,买盘
1284,11:10:21,4.25,-0.01,24,10200,卖盘
1285,11:10:36,4.25,0.0,19,8075,卖盘
1286,11:10:54,4.25,0.0,9,3825,卖盘
1287,11:10:57,4.25,0.0,3,1275,卖盘
1288,11:11:00,4.25,0.0,19,8075,卖盘
1289,11:11:06,4.25,0.0,11,4675,卖盘
1290,11:11:12,4.25,0.0,395,167875,卖盘
1291,11:11:15,4.25,0.0,1,425,买盘
1292,11:11:18,4.25,0.0,9,3825,买盘
1293,11:11:21,4.25,0.0,13,5525,买盘
1294,11:11:25,4.25,0.0,9,3825,买盘
1295,11:11:27,4.25,0.0,78,33150,买盘
1296,11:11:33,4.24,-0.01,8,3392,卖盘
1297,11:11:39,4.24,0.0,41,17384,卖盘
1298,11:11:42,4.24,0.0,15,6360,卖盘
1299,11:11:45,4.26,0.02,7,2982,买盘
1300,11:11:48,4.25,-0.01,11,4675,卖盘
1301,11:11:57,4.25,0.0,15,6375,卖盘
1302,11:12:04,4.25,0.0,15,6375,卖盘
1303,11:12:06,4.25,0.0,11,4675,卖盘
1304,11:12:09,4.25,0.0,82,34850,卖盘
1305,11:12:12,4.25,0.0,3,1275,买盘
1306,11:12:15,4.24,-0.01,13,5513,卖盘
1307,11:12:21,4.24,0.0,15,6360,卖盘
1308,11:12:24,4.24,0.0,11,4664,卖盘
1309,11:12:34,4.24,0.0,25,10610,卖盘
1310,11:12:36,4.25,0.01,1,425,买盘
1311,11:12:45,4.24,-0.01,23,9752,卖盘
1312,11:12:48,4.24,0.0,24,10176,卖盘
1313,11:12:51,4.24,0.0,9,3816,卖盘
1314,11:13:06,4.24,0.0,3,1272,卖盘
1315,11:13:15,4.25,0.01,95,40375,买盘
1316,11:13:22,4.24,-0.01,11,4664,卖盘
1317,11:13:31,4.25,0.01,369,156506,买盘
1318,11:13:33,4.24,-0.01,8,3392,卖盘
1319,11:13:39,4.24,0.0,11,4664,卖盘
1320,11:14:04,4.24,0.0,23,9752,卖盘
1321,11:14:06,4.24,0.0,11,4664,卖盘
1322,11:14:09,4.24,0.0,3,1272,卖盘
1323,11:14:15,4.24,0.0,11,4664,卖盘
1324,11:14:18,4.25,0.01,200,85000,买盘
1325,11:14:30,4.21,-0.04,4043,1710977,卖盘
1326,11:14:33,4.22,0.01,1,422,买盘
1327,11:14:36,4.22,0.0,14,5908,买盘
1328,11:14:39,4.22,0.0,11,4642,买盘
1329,11:14:42,4.22,0.0,13,5486,买盘
1330,11:14:45,4.21,-0.01,113,47680,卖盘
1331,11:14:48,4.21,0.0,8,3368,卖盘
1332,11:15:00,4.23,0.02,12,5076,买盘
1333,11:15:03,4.22,-0.01,12,5064,卖盘
1334,11:15:07,4.22,0.0,8,3376,卖盘
1335,11:15:15,4.22,0.0,3,1266,卖盘
1336,11:15:21,4.23,0.01,30,12679,买盘
1337,11:15:24,4.22,-0.01,11,4642,卖盘
1338,11:15:27,4.22,0.0,29,12238,卖盘
1339,11:15:30,4.23,0.01,10,4230,买盘
1340,11:15:45,4.22,-0.01,15,6337,卖盘
1341,11:16:04,4.23,0.01,16,6768,卖盘
1342,11:16:18,4.23,0.0,12,5076,卖盘
1343,11:16:21,4.23,0.0,42,17766,卖盘
1344,11:16:25,4.23,0.0,11,4653,卖盘
1345,11:16:27,4.23,0.0,10,4230,卖盘
1346,11:16:45,4.24,0.01,5,2120,买盘
1347,11:16:51,4.24,0.0,13,5512,买盘
1348,11:16:54,4.23,-0.01,8,3384,卖盘
1349,11:17:06,4.23,0.0,15,6345,卖盘
1350,11:17:09,4.23,0.0,11,4653,卖盘
1351,11:17:12,4.25,0.02,1500,637216,买盘
1352,11:17:18,4.23,-0.02,8,3384,卖盘
1353,11:17:27,4.23,0.0,12,5077,卖盘
1354,11:17:30,4.23,0.0,15,6345,卖盘
1355,11:17:48,4.23,0.0,11,4653,卖盘
1356,11:18:00,4.24,0.01,41,17373,买盘
1357,11:18:27,4.24,0.0,16,6784,卖盘
1358,11:18:42,4.24,0.0,3,1272,卖盘
1359,11:18:45,4.24,0.0,11,4664,卖盘
1360,11:18:51,4.24,0.0,9,3816,卖盘
1361,11:19:04,4.24,0.0,15,6360,卖盘
1362,11:19:21,4.24,0.0,12,5088,卖盘
1363,11:19:24,4.24,0.0,11,4664,卖盘
1364,11:19:33,4.24,0.0,12,5088,卖盘
1365,11:19:36,4.24,0.0,5,2120,卖盘
1366,11:19:39,4.24,0.0,11,4664,卖盘
1367,11:19:43,4.25,0.01,394,167440,买盘
1368,11:19:45,4.25,0.0,13,5525,卖盘
1369,11:19:54,4.26,0.01,20,8520,买盘
1370,11:20:00,4.25,-0.01,12,5100,卖盘
1371,11:20:04,4.25,0.0,8,3400,卖盘
1372,11:20:09,4.25,0.0,9,3825,卖盘
1373,11:20:15,4.24,-0.01,3000,1274052,卖盘
1374,11:20:18,4.24,0.0,12,5088,卖盘
1375,11:20:24,4.24,0.0,11,4664,卖盘
1376,11:20:37,4.24,0.0,295,125080,卖盘
1377,11:20:40,4.23,-0.01,12,5076,卖盘
1378,11:21:01,4.23,0.0,97,41031,卖盘
1379,11:21:07,4.23,0.0,15,6345,卖盘
1380,11:21:15,4.23,0.0,315,133245,卖盘
1381,11:21:27,4.23,0.0,50,21150,卖盘
1382,11:21:30,4.23,0.0,9,3807,卖盘
1383,11:21:34,4.23,0.0,10,4232,卖盘
1384,11:21:36,4.24,0.01,19,8042,买盘
1385,11:21:40,4.24,0.0,3,1272,买盘
1386,11:21:42,4.23,-0.01,78,33006,卖盘
1387,11:21:46,4.24,0.01,105,44436,买盘
1388,11:21:48,4.23,-0.01,106,44838,买盘
1389,11:21:51,4.23,0.0,37,15651,买盘
1390,11:21:54,4.23,0.0,148,62604,买盘
1391,11:21:57,4.22,-0.01,526,222226,卖盘
1392,11:22:00,4.23,0.01,23,9738,中性盘
1393,11:22:04,4.24,0.01,16,6784,买盘
1394,11:22:07,4.24,0.0,21,8904,买盘
1395,11:22:09,4.24,0.0,15,6360,买盘
1396,11:22:12,4.24,0.0,20,8480,买盘
1397,11:22:15,4.24,0.0,9,3815,买盘
1398,11:22:18,4.24,0.0,9,3816,买盘
1399,11:22:22,4.24,0.0,8,3392,买盘
1400,11:22:24,4.24,0.0,4,1696,买盘
1401,11:22:27,4.24,0.0,905,382820,买盘
1402,11:22:37,4.24,0.0,139,58936,买盘
1403,11:22:40,4.24,0.0,51,21624,买盘
1404,11:22:43,4.24,0.0,82,34760,买盘
1405,11:22:45,4.24,0.0,43,18232,买盘
1406,11:22:48,4.24,0.0,45,19080,买盘
1407,11:22:51,4.24,0.0,115,48710,买盘
1408,11:22:55,4.24,0.0,159,67389,买盘
1409,11:22:57,4.24,0.0,16,6784,买盘
1410,11:23:00,4.24,0.0,75,31800,买盘
1411,11:23:04,4.24,0.0,18,7632,买盘
1412,11:23:06,4.24,0.0,9,3819,买盘
1413,11:23:09,4.25,0.01,42,17850,买盘
1414,11:23:12,4.25,0.0,32,13600,买盘
1415,11:23:15,4.25,0.0,34,14450,买盘
1416,11:23:18,4.25,0.0,38,16150,买盘
1417,11:23:21,4.25,0.0,34,14450,买盘
1418,11:23:25,4.25,0.0,15,6375,买盘
1419,11:23:33,4.25,0.0,20,8500,买盘
1420,11:23:36,4.25,0.0,10,4250,买盘
1421,11:23:42,4.25,0.0,209,88825,买盘
1422,11:24:06,4.26,0.01,52,22152,买盘
1423,11:24:24,4.25,-0.01,14,5950,卖盘
1424,11:24:46,4.25,0.0,80,34000,卖盘
1425,11:24:51,4.25,0.0,5,2125,卖盘
1426,11:25:01,4.25,0.0,4,1700,买盘
1427,11:25:18,4.25,0.0,17,7225,卖盘
1428,11:25:36,4.25,0.0,4,1700,卖盘
1429,11:26:09,4.24,-0.01,102,43410,卖盘
1430,11:26:39,4.25,0.01,10,4250,卖盘
1431,11:26:42,4.24,-0.01,396,167914,卖盘
1432,11:26:51,4.24,0.0,15,6360,卖盘
1433,11:27:36,4.25,0.01,60,25500,买盘
1434,11:27:51,4.25,0.0,10,4250,卖盘
1435,11:27:54,4.25,0.0,8,3400,卖盘
1436,11:27:57,4.25,0.0,4,1700,卖盘
1437,11:28:00,4.25,0.0,48,20400,卖盘
1438,11:28:06,4.25,0.0,23,9775,卖盘
1439,11:28:15,4.25,0.0,1,425,卖盘
1440,11:28:24,4.25,0.0,115,48875,卖盘
1441,11:28:40,4.25,0.0,8,3400,卖盘
1442,11:28:42,4.26,0.01,111,47176,买盘
1443,11:28:48,4.24,-0.02,50,21200,卖盘
1444,11:28:57,4.25,0.01,3,1275,卖盘
1445,11:29:04,4.24,-0.01,15,6360,卖盘
1446,11:29:06,4.24,0.0,8,3392,卖盘
1447,11:29:15,4.24,0.0,50,21200,卖盘
1448,11:29:51,4.24,0.0,15,6360,卖盘
1449,13:00:04,4.24,0.0,263,111522,卖盘
1450,13:00:06,4.24,0.0,53,22475,卖盘
1451,13:00:18,4.24,0.0,178,75472,卖盘
1452,13:00:21,4.24,0.0,82,34768,卖盘
1453,13:00:24,4.24,0.0,120,50880,卖盘
1454,13:00:30,4.24,0.0,27,11448,卖盘
1455,13:00:36,4.24,0.0,10,4240,买盘
1456,13:00:43,4.23,-0.01,93,39339,卖盘
1457,13:00:48,4.23,0.0,500,211500,卖盘
1458,13:00:51,4.23,0.0,46,19458,卖盘
1459,13:00:54,4.23,0.0,9,3807,卖盘
1460,13:01:09,4.23,0.0,512,216576,卖盘
1461,13:01:12,4.23,0.0,18,7614,卖盘
1462,13:01:15,4.23,0.0,102,43146,卖盘
1463,13:01:18,4.23,0.0,500,211500,卖盘
1464,13:01:21,4.23,0.0,4,1692,卖盘
1465,13:01:24,4.23,0.0,4,1692,卖盘
1466,13:01:27,4.23,0.0,1,423,卖盘
1467,13:01:30,4.23,0.0,685,289755,卖盘
1468,13:01:40,4.22,-0.01,57,24054,卖盘
1469,13:01:51,4.22,0.0,15,6330,卖盘
1470,13:01:57,4.22,0.0,509,214798,卖盘
1471,13:02:06,4.22,0.0,3,1266,卖盘
1472,13:02:09,4.22,0.0,100,42200,卖盘
1473,13:02:27,4.22,0.0,32,13504,卖盘
1474,13:02:30,4.22,0.0,2,844,卖盘
1475,13:02:33,4.22,0.0,24,10128,卖盘
1476,13:02:39,4.22,0.0,3,1266,卖盘
1477,13:02:42,4.22,0.0,5,2110,卖盘
1478,13:02:48,4.22,0.0,4,1688,卖盘
1479,13:02:51,4.22,0.0,1,422,卖盘
1480,13:02:54,4.22,0.0,1,422,卖盘
1481,13:03:00,4.22,0.0,1,422,卖盘
1482,13:03:06,4.22,0.0,9,3798,卖盘
1483,13:03:09,4.22,0.0,4,1688,卖盘
1484,13:03:12,4.22,0.0,119,50218,卖盘
1485,13:03:16,4.21,-0.01,1,421,卖盘
1486,13:03:25,4.21,0.0,1,421,卖盘
1487,13:03:30,4.21,0.0,1,421,卖盘
1488,13:03:36,4.22,0.01,11,4641,买盘
1489,13:03:39,4.22,0.0,42,17724,买盘
1490,13:03:48,4.22,0.0,15,6330,卖盘
1491,13:03:51,4.22,0.0,1,422,卖盘
1492,13:03:54,4.22,0.0,1,422,卖盘
1493,13:04:09,4.22,0.0,4,1688,卖盘
1494,13:04:18,4.23,0.01,4,1692,买盘
1495,13:04:27,4.22,-0.01,2,844,卖盘
1496,13:04:33,4.22,0.0,1,422,卖盘
1497,13:04:39,4.22,0.0,4,1688,卖盘
1498,13:04:54,4.22,0.0,1,422,卖盘
1499,13:04:57,4.22,0.0,1,422,卖盘
1500,13:05:00,4.22,0.0,1,422,卖盘
1501,13:05:09,4.22,0.0,2,844,卖盘
1502,13:05:12,4.22,0.0,2,844,卖盘
1503,13:05:15,4.22,0.0,1,422,卖盘
1504,13:05:18,4.22,0.0,86,36292,卖盘
1505,13:05:27,4.22,0.0,1,422,卖盘
1506,13:05:30,4.22,0.0,34,14348,卖盘
1507,13:05:33,4.22,0.0,40,16880,卖盘
1508,13:05:36,4.22,0.0,1,422,卖盘
1509,13:05:39,4.22,0.0,5,2110,卖盘
1510,13:05:51,4.22,0.0,1,422,卖盘
1511,13:06:00,4.22,0.0,1,422,卖盘
1512,13:06:04,4.22,0.0,91,38402,卖盘
1513,13:06:09,4.22,0.0,11,4642,卖盘
1514,13:06:24,4.22,0.0,354,149388,卖盘
1515,13:06:27,4.21,-0.01,33,13893,卖盘
1516,13:06:30,4.21,0.0,10,4210,卖盘
1517,13:06:36,4.21,0.0,15,6315,卖盘
1518,13:06:39,4.21,0.0,161,67781,卖盘
1519,13:06:45,4.21,0.0,10,4210,卖盘
1520,13:06:48,4.21,0.0,81,34101,卖盘
1521,13:06:54,4.21,0.0,46,19366,卖盘
1522,13:06:57,4.21,0.0,45,18945,卖盘
1523,13:07:04,4.21,0.0,180,75780,卖盘
1524,13:07:06,4.21,0.0,18,7578,卖盘
1525,13:07:18,4.21,0.0,15,6315,卖盘
1526,13:07:21,4.21,0.0,50,21050,卖盘
1527,13:07:30,4.21,0.0,5,2105,卖盘
1528,13:07:43,4.21,0.0,137,57677,卖盘
1529,13:07:45,4.21,0.0,101,42521,卖盘
1530,13:07:57,4.21,0.0,9,3789,卖盘
1531,13:08:15,4.21,0.0,646,271966,卖盘
1532,13:08:54,4.22,0.01,6,2532,买盘
1533,13:08:57,4.21,-0.01,28,11788,卖盘
1534,13:09:00,4.22,0.01,81,34182,买盘
1535,13:09:03,4.21,-0.01,60,25260,卖盘
1536,13:09:12,4.21,0.0,3,1263,卖盘
1537,13:09:33,4.21,0.0,100,42100,卖盘
1538,13:09:39,4.21,0.0,289,121669,卖盘
1539,13:09:48,4.21,0.0,289,121669,卖盘
1540,13:09:51,4.21,0.0,9,3789,卖盘
1541,13:09:54,4.21,0.0,11,4631,卖盘
1542,13:09:57,4.21,0.0,6,2526,卖盘
1543,13:10:27,4.21,0.0,5,2105,卖盘
1544,13:10:30,4.21,0.0,200,84200,卖盘
1545,13:10:42,4.21,0.0,19,7999,卖盘
1546,13:10:57,4.21,0.0,49,20629,卖盘
1547,13:11:04,4.21,0.0,10,4210,卖盘
1548,13:11:09,4.21,0.0,17,7157,卖盘
1549,13:11:21,4.22,0.01,100,42200,买盘
1550,13:11:24,4.22,0.0,55,23195,买盘
1551,13:11:33,4.22,0.0,5,2110,买盘
1552,13:11:36,4.22,0.0,156,65832,买盘
1553,13:11:48,4.22,0.0,1,422,买盘
1554,13:11:57,4.21,-0.01,51,21471,卖盘
1555,13:12:04,4.21,0.0,100,42100,卖盘
1556,13:12:06,4.21,0.0,10,4210,卖盘
1557,13:12:12,4.21,0.0,33,13893,卖盘
1558,13:12:33,4.21,0.0,11,4631,卖盘
1559,13:12:39,4.22,0.01,59,24887,买盘
1560,13:12:42,4.21,-0.01,76,31996,卖盘
1561,13:12:55,4.21,0.0,28,11788,卖盘
1562,13:12:58,4.21,0.0,49,20629,卖盘
1563,13:13:30,4.21,0.0,86,36206,卖盘
1564,13:13:42,4.21,0.0,11,4631,卖盘
1565,13:13:54,4.21,0.0,23,9683,卖盘
1566,13:13:57,4.21,0.0,49,20629,卖盘
1567,13:14:00,4.21,0.0,11,4631,卖盘
1568,13:14:12,4.21,0.0,35,14735,卖盘
1569,13:14:22,4.21,0.0,10,4210,卖盘
1570,13:14:25,4.21,0.0,50,21050,卖盘
1571,13:14:27,4.21,0.0,8,3368,卖盘
1572,13:14:39,4.21,0.0,11,4631,卖盘
1573,13:14:49,4.21,0.0,12,5052,卖盘
1574,13:14:58,4.21,0.0,549,231129,卖盘
1575,13:15:01,4.21,0.0,2,842,卖盘
1576,13:15:06,4.21,0.0,1,421,卖盘
1577,13:15:09,4.21,0.0,28,11788,卖盘
1578,13:15:21,4.22,0.01,1,422,买盘
1579,13:15:24,4.21,-0.01,27,11367,卖盘
1580,13:15:27,4.21,0.0,3,1263,卖盘
1581,13:15:30,4.22,0.01,5,2110,买盘
1582,13:15:39,4.21,-0.01,12,5052,卖盘
1583,13:15:45,4.21,0.0,5,2105,卖盘
1584,13:15:54,4.21,0.0,15,6315,卖盘
1585,13:15:57,4.21,0.0,49,20629,卖盘
1586,13:16:00,4.21,0.0,30,12630,卖盘
1587,13:16:12,4.21,0.0,8,3368,卖盘
1588,13:16:16,4.21,0.0,4,1684,卖盘
1589,13:16:21,4.21,0.0,1,421,卖盘
1590,13:16:24,4.21,0.0,1,421,卖盘
1591,13:16:33,4.2,-0.01,500,210128,卖盘
1592,13:16:57,4.2,0.0,49,20580,卖盘
1593,13:17:00,4.2,0.0,34,14280,卖盘
1594,13:17:04,4.2,0.0,226,94920,卖盘
1595,13:17:12,4.2,0.0,10,4200,卖盘
1596,13:17:15,4.21,0.01,7,2947,买盘
1597,13:17:18,4.21,0.0,62,26102,买盘
1598,13:17:21,4.21,0.0,5,2105,卖盘
1599,13:17:24,4.21,0.0,42,17682,卖盘
1600,13:17:34,4.21,0.0,3,1263,买盘
1601,13:17:37,4.2,-0.01,25,10510,卖盘
1602,13:17:39,4.21,0.01,1,421,买盘
1603,13:17:42,4.21,0.0,7,2947,买盘
1604,13:17:57,4.21,0.0,55,23155,卖盘
1605,13:18:19,4.21,0.0,1,421,卖盘
1606,13:18:24,4.21,0.0,14,5894,卖盘
1607,13:18:27,4.21,0.0,13,5473,卖盘
1608,13:18:42,4.21,0.0,68,28628,卖盘
1609,13:18:48,4.21,0.0,15,6315,卖盘
1610,13:18:54,4.21,0.0,10,4211,卖盘
1611,13:18:57,4.21,0.0,49,20629,卖盘
1612,13:19:27,4.21,0.0,14,5894,卖盘
1613,13:19:30,4.21,0.0,15,6315,卖盘
1614,13:19:45,4.21,0.0,8,3368,卖盘
1615,13:20:00,4.21,0.0,72,30324,卖盘
1616,13:20:24,4.21,0.0,500,210500,卖盘
1617,13:20:33,4.21,0.0,14,5894,卖盘
1618,13:20:36,4.21,0.0,2,842,卖盘
1619,13:20:39,4.21,0.0,3,1263,卖盘
1620,13:20:48,4.21,0.0,5,2105,卖盘
1621,13:20:54,4.21,0.0,15,6315,卖盘
1622,13:20:57,4.21,0.0,8,3368,卖盘
1623,13:21:00,4.21,0.0,49,20629,卖盘
1624,13:21:06,4.21,0.0,23,9683,卖盘
1625,13:21:09,4.21,0.0,3,1263,卖盘
1626,13:21:12,4.21,0.0,10,4210,卖盘
1627,13:21:22,4.22,0.01,180,75960,买盘
1628,13:21:25,4.21,-0.01,1,421,卖盘
1629,13:21:33,4.21,0.0,15,6315,卖盘
1630,13:21:51,4.22,0.01,364,153608,买盘
1631,13:22:00,4.21,-0.01,49,20629,卖盘
1632,13:22:06,4.22,0.01,249,105078,买盘
1633,13:22:13,4.22,0.0,30,12660,买盘
1634,13:22:15,4.22,0.0,56,23632,买盘
1635,13:22:21,4.22,0.0,12,5064,买盘
1636,13:22:24,4.22,0.0,35,14770,买盘
1637,13:22:27,4.22,0.0,100,42200,买盘
1638,13:22:30,4.22,0.0,200,84400,买盘
1639,13:22:33,4.22,0.0,79,33338,买盘
1640,13:22:36,4.22,0.0,576,243072,买盘
1641,13:22:48,4.22,0.0,14,5908,卖盘
1642,13:22:51,4.22,0.0,16,6752,卖盘
1643,13:23:00,4.22,0.0,20,8440,卖盘
1644,13:23:18,4.23,0.01,100,42300,买盘
1645,13:23:27,4.22,-0.01,1,422,卖盘
1646,13:23:30,4.23,0.01,10,4230,买盘
1647,13:23:46,4.23,0.0,10,4230,买盘
1648,13:23:52,4.23,0.0,388,164109,买盘
1649,13:24:07,4.24,0.01,10,4240,买盘
1650,13:24:09,4.23,-0.01,16,6768,卖盘
1651,13:24:12,4.24,0.01,142,60208,买盘
1652,13:24:18,4.24,0.0,5,2120,卖盘
1653,13:24:42,4.25,0.01,10,4250,买盘
1654,13:24:48,4.24,-0.01,1,424,卖盘
1655,13:24:54,4.24,0.0,9,3816,卖盘
1656,13:25:04,4.25,0.01,6,2550,买盘
1657,13:25:15,4.25,0.0,17,7225,买盘
1658,13:25:21,4.25,0.0,50,21250,买盘
1659,13:25:25,4.25,0.0,10,4250,买盘
1660,13:25:28,4.25,0.0,10,4250,买盘
1661,13:25:45,4.25,0.0,5,2125,买盘
1662,13:25:51,4.25,0.0,288,122400,买盘
1663,13:25:54,4.25,0.0,4,1700,卖盘
1664,13:25:57,4.25,0.0,14,5950,卖盘
1665,13:26:01,4.25,0.0,10,4250,卖盘
1666,13:26:04,4.26,0.01,10,4260,买盘
1667,13:26:15,4.26,0.0,171,72846,买盘
1668,13:26:18,4.26,0.0,109,46434,买盘
1669,13:26:21,4.26,0.0,10,4260,买盘
1670,13:26:24,4.26,0.0,85,36210,买盘
1671,13:26:27,4.26,0.0,18,7668,买盘
1672,13:26:36,4.26,0.0,10,4260,买盘
1673,13:26:54,4.26,0.0,117,49842,买盘
1674,13:26:57,4.26,0.0,13,5538,买盘
1675,13:27:00,4.26,0.0,133,56658,卖盘
1676,13:27:12,4.26,0.0,156,66456,买盘
1677,13:27:36,4.26,0.0,7,2982,买盘
1678,13:27:45,4.26,0.0,4,1704,买盘
1679,13:28:00,4.26,0.0,481,204906,买盘
1680,13:28:04,4.26,0.0,100,42600,卖盘
1681,13:28:12,4.26,0.0,21,8946,卖盘
1682,13:28:15,4.26,0.0,15,6390,卖盘
1683,13:28:18,4.26,0.0,13,5538,卖盘
1684,13:28:27,4.26,0.0,30,12780,卖盘
1685,13:28:36,4.26,0.0,1,426,卖盘
1686,13:28:39,4.26,0.0,1,426,卖盘
1687,13:28:57,4.26,0.0,109,46434,卖盘
1688,13:29:00,4.26,0.0,50,21300,卖盘
1689,13:29:06,4.26,0.0,94,40044,卖盘
1690,13:29:10,4.26,0.0,14,5964,卖盘
1691,13:29:13,4.26,0.0,76,32376,卖盘
1692,13:29:15,4.26,0.0,3,1278,买盘
1693,13:29:24,4.25,-0.01,86,36550,卖盘
1694,13:29:40,4.26,0.01,66,28116,买盘
1695,13:30:12,4.25,-0.01,5,2125,卖盘
1696,13:30:24,4.25,0.0,8,3400,卖盘
1697,13:30:27,4.25,0.0,5,2125,卖盘
1698,13:30:48,4.25,0.0,6,2550,卖盘
1699,13:30:54,4.25,0.0,9,3825,卖盘
1700,13:30:57,4.25,0.0,11,4675,卖盘
1701,13:31:12,4.25,0.0,5,2125,卖盘
1702,13:31:27,4.25,0.0,1,425,卖盘
1703,13:31:30,4.25,0.0,9,3825,卖盘
1704,13:31:36,4.26,0.01,200,85200,买盘
1705,13:31:43,4.25,-0.01,8,3400,卖盘
1706,13:31:48,4.25,0.0,15,6375,卖盘
1707,13:31:51,4.26,0.01,60,25538,买盘
1708,13:31:54,4.25,-0.01,278,118150,卖盘
1709,13:32:04,4.26,0.01,10,4260,买盘
1710,13:32:06,4.25,-0.01,12,5100,卖盘
1711,13:32:09,4.26,0.01,7,2982,买盘
1712,13:32:28,4.26,0.0,1,426,买盘
1713,13:32:36,4.25,-0.01,15,6375,卖盘
1714,13:32:39,4.26,0.01,28,11928,买盘
1715,13:32:42,4.25,-0.01,12,5100,卖盘
1716,13:32:58,4.25,0.0,12,5100,卖盘
1717,13:33:01,4.26,0.01,10,4260,买盘
1718,13:33:12,4.25,-0.01,12,5100,卖盘
1719,13:33:21,4.25,0.0,200,85000,卖盘
1720,13:33:42,4.25,0.0,9,3825,卖盘
1721,13:33:51,4.25,0.0,12,5100,卖盘
1722,13:33:54,4.25,0.0,5,2125,卖盘
1723,13:34:09,4.25,0.0,3,1275,卖盘
1724,13:34:12,4.25,0.0,30,12750,卖盘
1725,13:34:15,4.25,0.0,12,5100,卖盘
1726,13:34:30,4.25,0.0,12,5100,卖盘
1727,13:34:33,4.25,0.0,2,850,卖盘
1728,13:34:39,4.25,0.0,5,2125,卖盘
1729,13:34:42,4.25,0.0,4,1700,卖盘
1730,13:34:45,4.25,0.0,40,17000,卖盘
1731,13:34:48,4.25,0.0,15,6375,卖盘
1732,13:34:51,4.25,0.0,50,21250,卖盘
1733,13:34:54,4.25,0.0,36,15300,卖盘
1734,13:35:09,4.25,0.0,1,425,卖盘
1735,13:35:19,4.25,0.0,73,31025,卖盘
1736,13:35:24,4.25,0.0,19,8075,卖盘
1737,13:35:33,4.25,0.0,50,21250,买盘
1738,13:35:48,4.25,0.0,33,14025,买盘
1739,13:36:06,4.25,0.0,16,6800,卖盘
1740,13:36:18,4.26,0.01,11,4676,买盘
1741,13:36:28,4.26,0.0,100,42600,买盘
1742,13:36:30,4.26,0.0,10,4260,买盘
1743,13:36:45,4.25,-0.01,15,6375,卖盘
1744,13:36:48,4.26,0.01,696,296496,买盘
1745,13:36:51,4.24,-0.02,6,2549,卖盘
1746,13:36:54,4.24,0.0,23,9752,卖盘
1747,13:37:04,4.24,0.0,9,3816,卖盘
1748,13:37:45,4.24,0.0,1,424,卖盘
1749,13:37:48,4.24,0.0,15,6360,卖盘
1750,13:38:06,4.24,0.0,5,2120,卖盘
1751,13:38:15,4.24,0.0,27,11448,卖盘
1752,13:38:18,4.25,0.01,10,4250,买盘
1753,13:38:27,4.24,-0.01,1,424,卖盘
1754,13:38:48,4.25,0.01,15,6375,买盘
1755,13:39:19,4.25,0.0,4,1700,买盘
1756,13:39:30,4.25,0.0,1,425,买盘
1757,13:39:36,4.25,0.0,7,2975,买盘
1758,13:39:39,4.24,-0.01,15,6360,卖盘
1759,13:40:21,4.25,0.01,7,2975,买盘
1760,13:40:42,4.24,-0.01,16,6784,卖盘
1761,13:40:48,4.24,0.0,1,424,卖盘
1762,13:40:57,4.25,0.01,10,4250,买盘
1763,13:41:15,4.25,0.0,213,90525,买盘
1764,13:41:18,4.25,0.0,2,850,卖盘
1765,13:41:36,4.25,0.0,5,2125,卖盘
1766,13:41:39,4.25,0.0,1,425,卖盘
1767,13:41:42,4.25,0.0,11,4675,卖盘
1768,13:42:00,4.25,0.0,66,28050,卖盘
1769,13:42:09,4.25,0.0,60,25500,卖盘
1770,13:42:51,4.25,0.0,41,17425,卖盘
1771,13:42:54,4.25,0.0,5,2125,卖盘
1772,13:43:00,4.25,0.0,5,2125,买盘
1773,13:43:04,4.25,0.0,2,850,卖盘
1774,13:43:27,4.25,0.0,50,21250,卖盘
1775,13:43:46,4.25,0.0,20,8510,卖盘
1776,13:44:09,4.25,0.0,10,4250,卖盘
1777,13:44:15,4.24,-0.01,15,6373,卖盘
1778,13:44:30,4.25,0.01,23,9775,买盘
1779,13:44:39,4.24,-0.01,1,424,卖盘
1780,13:44:54,4.24,0.0,1,424,卖盘
1781,13:45:03,4.24,0.0,4,1696,卖盘
1782,13:45:06,4.24,0.0,15,6360,卖盘
1783,13:45:27,4.24,0.0,1,424,卖盘
1784,13:45:36,4.24,0.0,11,4664,卖盘
1785,13:45:45,4.24,0.0,14,5936,卖盘
1786,13:45:48,4.24,0.0,19,8056,卖盘
1787,13:46:15,4.24,0.0,110,46640,卖盘
1788,13:46:18,4.24,0.0,10,4240,卖盘
1789,13:46:24,4.24,0.0,19,8056,卖盘
1790,13:46:36,4.24,0.0,4,1696,卖盘
1791,13:46:42,4.24,0.0,15,6360,卖盘
1792,13:47:00,4.24,0.0,59,25016,卖盘
1793,13:47:21,4.24,0.0,29,12296,卖盘
1794,13:47:27,4.24,0.0,29,12296,卖盘
1795,13:47:33,4.24,0.0,81,34344,卖盘
1796,13:47:39,4.24,0.0,29,12296,卖盘
1797,13:47:42,4.24,0.0,6,2544,卖盘
1798,13:47:46,4.24,0.0,29,12296,卖盘
1799,13:47:51,4.24,0.0,47,19928,卖盘
1800,13:48:00,4.24,0.0,29,12296,卖盘
1801,13:48:06,4.24,0.0,29,12296,卖盘
1802,13:48:12,4.24,0.0,29,12296,卖盘
1803,13:48:18,4.24,0.0,29,12296,卖盘
1804,13:48:24,4.24,0.0,47,19928,卖盘
1805,13:48:30,4.24,0.0,34,14416,卖盘
1806,13:48:33,4.24,0.0,1,424,卖盘
1807,13:48:37,4.24,0.0,229,97096,卖盘
1808,13:48:42,4.25,0.01,42,17821,买盘
1809,13:48:45,4.24,-0.01,1,424,卖盘
1810,13:48:48,4.24,0.0,30,12720,卖盘
1811,13:48:51,4.24,0.0,8,3392,卖盘
1812,13:48:54,4.24,0.0,38,16112,卖盘
1813,13:48:57,4.24,0.0,20,8480,卖盘
1814,13:49:00,4.24,0.0,2,848,卖盘
1815,13:49:18,4.23,-0.01,10,4230,卖盘
1816,13:49:21,4.23,0.0,18,7614,卖盘
1817,13:49:25,4.23,0.0,29,12267,卖盘
1818,13:49:31,4.23,0.0,29,12267,卖盘
1819,13:49:36,4.23,0.0,29,12267,卖盘
1820,13:49:42,4.23,0.0,29,12267,卖盘
1821,13:49:49,4.23,0.0,1,423,卖盘
1822,13:50:00,4.23,0.0,20,8460,卖盘
1823,13:50:09,4.24,0.01,1,424,买盘
1824,13:50:12,4.23,-0.01,1,423,卖盘
1825,13:50:15,4.23,0.0,23,9729,卖盘
1826,13:51:12,4.24,0.01,3,1272,买盘
1827,13:51:31,4.23,-0.01,1,423,卖盘
1828,13:51:51,4.24,0.01,1,424,买盘
1829,13:51:57,4.23,-0.01,1,423,卖盘
1830,13:52:24,4.23,0.0,1,423,卖盘
1831,13:52:27,4.23,0.0,1,423,卖盘
1832,13:52:39,4.24,0.01,14,5936,买盘
1833,13:52:45,4.24,0.0,10,4240,买盘
1834,13:53:12,4.23,-0.01,9,3807,卖盘
1835,13:53:21,4.23,0.0,1,423,卖盘
1836,13:54:21,4.23,0.0,1,423,卖盘
1837,13:54:24,4.24,0.01,150,63600,买盘
1838,13:54:39,4.24,0.0,177,75048,买盘
1839,13:54:45,4.24,0.0,101,42724,买盘
1840,13:54:54,4.23,-0.01,4,1692,卖盘
1841,13:54:57,4.23,0.0,1,423,卖盘
1842,13:55:27,4.23,0.0,6,2538,卖盘
1843,13:55:51,4.23,0.0,8,3384,卖盘
1844,13:55:54,4.23,0.0,3,1269,卖盘
1845,13:56:28,4.23,0.0,57,24111,卖盘
1846,13:56:30,4.24,0.01,20,8480,买盘
1847,13:56:48,4.23,-0.01,8,3384,卖盘
1848,13:57:21,4.23,0.0,1,423,卖盘
1849,13:57:39,4.23,0.0,1,423,卖盘
1850,13:57:42,4.24,0.01,20,8480,买盘
1851,13:58:15,4.24,0.0,10,4240,买盘
1852,13:58:22,4.23,-0.01,20,8460,卖盘
1853,13:58:45,4.23,0.0,4,1692,卖盘
1854,13:58:54,4.23,0.0,4,1692,卖盘
1855,13:58:57,4.23,0.0,1,423,卖盘
1856,13:59:27,4.23,0.0,1,423,卖盘
1857,13:59:54,4.24,0.01,10,4240,买盘
1858,14:00:06,4.23,-0.01,1,423,卖盘
1859,14:00:09,4.23,0.0,12,5076,卖盘
1860,14:00:24,4.23,0.0,9,3807,卖盘
1861,14:00:27,4.23,0.0,1,423,卖盘
1862,14:00:33,4.23,0.0,1,423,卖盘
1863,14:00:39,4.24,0.01,12,5086,买盘
1864,14:00:42,4.23,-0.01,195,82485,卖盘
1865,14:00:51,4.23,0.0,15,6345,卖盘
1866,14:01:21,4.23,0.0,1,423,卖盘
1867,14:01:40,4.24,0.01,75,31800,买盘
1868,14:01:51,4.24,0.0,75,31800,买盘
1869,14:01:54,4.24,0.0,20,8480,买盘
1870,14:01:57,4.24,0.0,84,35616,买盘
1871,14:02:01,4.24,0.0,2,848,卖盘
1872,14:02:12,4.24,0.0,2,848,中性盘
1873,14:02:21,4.24,0.0,17,7208,卖盘
1874,14:02:24,4.24,0.0,1,424,卖盘
1875,14:02:27,4.25,0.01,41,17425,买盘
1876,14:02:51,4.24,-0.01,1,424,卖盘
1877,14:02:57,4.25,0.01,5,2125,买盘
1878,14:03:13,4.25,0.0,31,13175,买盘
1879,14:03:22,4.25,0.0,5,2125,买盘
1880,14:03:40,4.25,0.0,100,42500,买盘
1881,14:03:49,4.25,0.0,933,396525,买盘
1882,14:03:51,4.25,0.0,7,2975,卖盘
1883,14:03:55,4.25,0.0,52,22100,卖盘
1884,14:03:57,4.25,0.0,1,425,卖盘
1885,14:04:06,4.25,0.0,1,425,卖盘
1886,14:04:15,4.25,0.0,1,425,卖盘
1887,14:04:24,4.26,0.01,3,1277,买盘
1888,14:04:30,4.26,0.0,20,8520,买盘
1889,14:04:36,4.25,-0.01,1,425,卖盘
1890,14:04:39,4.25,0.0,1,425,卖盘
1891,14:04:54,4.25,0.0,2,850,卖盘
1892,14:04:57,4.25,0.0,1,425,卖盘
1893,14:05:00,4.25,0.0,9,3825,卖盘
1894,14:05:04,4.26,0.01,2,852,买盘
1895,14:05:06,4.25,-0.01,8,3400,卖盘
1896,14:05:09,4.25,0.0,2,850,卖盘
1897,14:05:15,4.26,0.01,31,13206,买盘
1898,14:05:21,4.25,-0.01,1,425,卖盘
1899,14:05:24,4.25,0.0,1,425,卖盘
1900,14:05:27,4.25,0.0,2,850,卖盘
1901,14:05:36,4.25,0.0,4,1700,卖盘
1902,14:05:42,4.25,0.0,2,850,卖盘
1903,14:05:45,4.25,0.0,3,1275,卖盘
1904,14:05:48,4.25,0.0,11,4675,卖盘
1905,14:05:51,4.26,0.01,31,13204,买盘
1906,14:05:57,4.25,-0.01,2,850,卖盘
1907,14:06:00,4.25,0.0,8,3400,卖盘
1908,14:06:12,4.25,0.0,2,850,卖盘
1909,14:06:15,4.25,0.0,1,425,卖盘
1910,14:06:21,4.25,0.0,31,13175,卖盘
1911,14:06:36,4.25,0.0,150,63750,卖盘
1912,14:06:45,4.25,0.0,16,6800,卖盘
1913,14:06:51,4.25,0.0,9,3825,卖盘
1914,14:07:10,4.25,0.0,5,2125,卖盘
1915,14:07:13,4.26,0.01,69,29394,买盘
1916,14:07:15,4.25,-0.01,9,3825,卖盘
1917,14:07:27,4.25,0.0,1,425,卖盘
1918,14:07:33,4.25,0.0,54,22950,卖盘
1919,14:07:39,4.25,0.0,26,11050,买盘
1920,14:07:42,4.25,0.0,7,2975,卖盘
1921,14:07:45,4.25,0.0,2,850,卖盘
1922,14:08:09,4.25,0.0,1,425,卖盘
1923,14:08:27,4.25,0.0,23,9775,卖盘
1924,14:08:36,4.25,0.0,16,6800,卖盘
1925,14:09:15,4.25,0.0,5,2125,卖盘
1926,14:09:24,4.25,0.0,1,425,卖盘
1927,14:09:27,4.25,0.0,1,425,卖盘
1928,14:09:58,4.26,0.01,100,42600,买盘
1929,14:10:12,4.25,-0.01,1,425,卖盘
1930,14:10:18,4.25,0.0,20,8500,卖盘
1931,14:10:21,4.25,0.0,2,850,卖盘
1932,14:10:40,4.25,0.0,13,5525,卖盘
1933,14:10:48,4.25,0.0,90,38250,卖盘
1934,14:10:51,4.26,0.01,52,22152,买盘
1935,14:11:06,4.25,-0.01,9,3825,卖盘
1936,14:11:15,4.25,0.0,30,12750,卖盘
1937,14:11:18,4.25,0.0,17,7225,买盘
1938,14:11:24,4.25,0.0,1,425,卖盘
1939,14:11:33,4.25,0.0,30,12750,卖盘
1940,14:11:40,4.25,0.0,2,850,卖盘
1941,14:11:46,4.25,0.0,1,425,卖盘
1942,14:12:00,4.25,0.0,7,2975,买盘
1943,14:12:13,4.25,0.0,20,8500,买盘
1944,14:12:27,4.24,-0.01,1,424,卖盘
1945,14:12:45,4.24,0.0,4,1696,卖盘
1946,14:12:51,4.24,0.0,9,3816,卖盘
1947,14:12:54,4.25,0.01,10,4250,买盘
1948,14:13:27,4.24,-0.01,1,424,卖盘
1949,14:13:42,4.24,0.0,20,8480,卖盘
1950,14:14:00,4.25,0.01,10,4250,买盘
1951,14:14:12,4.24,-0.01,1,424,卖盘
1952,14:14:21,4.24,0.0,3,1274,卖盘
1953,14:14:42,4.25,0.01,50,21250,买盘
1954,14:14:51,4.24,-0.01,6,2544,卖盘
1955,14:14:54,4.24,0.0,10,4240,卖盘
1956,14:15:21,4.24,0.0,1,424,卖盘
1957,14:15:34,4.24,0.0,1,424,卖盘
1958,14:16:12,4.24,0.0,5,2120,卖盘
1959,14:16:22,4.24,0.0,1,424,卖盘
1960,14:16:31,4.25,0.01,5,2125,买盘
1961,14:16:42,4.25,0.0,402,170850,买盘
1962,14:17:49,4.25,0.0,238,101150,卖盘
1963,14:17:54,4.24,-0.01,3,1272,卖盘
1964,14:18:09,4.25,0.01,198,84150,买盘
1965,14:18:12,4.25,0.0,2,850,卖盘
1966,14:18:24,4.25,0.0,1,425,卖盘
1967,14:18:27,4.25,0.0,1,425,卖盘
1968,14:18:42,4.26,0.01,138,58661,买盘
1969,14:18:48,4.25,-0.01,1,425,卖盘
1970,14:18:55,4.25,0.0,10,4250,卖盘
1971,14:19:21,4.25,0.0,1,425,卖盘
1972,14:19:24,4.25,0.0,2,850,卖盘
1973,14:19:39,4.25,0.0,5,2125,卖盘
1974,14:19:54,4.25,0.0,2,850,卖盘
1975,14:20:01,4.26,0.01,50,21300,买盘
1976,14:20:15,4.26,0.0,30,12780,买盘
1977,14:20:21,4.25,-0.01,1,425,卖盘
1978,14:20:24,4.25,0.0,1,425,卖盘
1979,14:20:28,4.25,0.0,1,425,卖盘
1980,14:20:31,4.26,0.01,2,852,买盘
1981,14:20:39,4.25,-0.01,1,425,卖盘
1982,14:21:04,4.26,0.01,125,53225,买盘
1983,14:21:06,4.25,-0.01,10,4250,卖盘
1984,14:21:09,4.25,0.0,2,850,卖盘
1985,14:21:21,4.26,0.01,40,17040,买盘
1986,14:21:24,4.25,-0.01,1,425,卖盘
1987,14:21:27,4.25,0.0,1,425,卖盘
1988,14:21:30,4.26,0.01,41,17426,买盘
1989,14:21:55,4.25,-0.01,3,1275,卖盘
1990,14:22:00,4.25,0.0,15,6375,卖盘
1991,14:22:09,4.25,0.0,2,850,卖盘
1992,14:22:16,4.25,0.0,1,425,卖盘
1993,14:22:24,4.25,0.0,30,12750,卖盘
1994,14:22:27,4.25,0.0,41,17425,卖盘
1995,14:22:54,4.25,0.0,2,850,卖盘
1996,14:23:06,4.25,0.0,5,2125,卖盘
1997,14:23:09,4.25,0.0,2,850,卖盘
1998,14:23:18,4.25,0.0,1,425,卖盘
1999,14:23:24,4.25,0.0,1,425,卖盘
2000,14:23:45,4.25,0.0,5,2125,卖盘
2001,14:23:55,4.25,0.0,2,850,卖盘
2002,14:24:09,4.25,0.0,1,425,卖盘
2003,14:24:12,4.26,0.01,160,68160,买盘
2004,14:24:21,4.25,-0.01,21,8945,卖盘
2005,14:24:31,4.26,0.01,5,2130,买盘
2006,14:24:37,4.25,-0.01,11,4675,卖盘
2007,14:24:39,4.26,0.01,20,8520,买盘
2008,14:24:45,4.26,0.0,1022,435372,买盘
2009,14:24:48,4.25,-0.01,10,4250,卖盘
2010,14:24:51,4.25,0.0,9,3825,卖盘
2011,14:24:54,4.26,0.01,10,4260,买盘
2012,14:25:04,4.26,0.0,500,213000,买盘
2013,14:25:06,4.26,0.0,10,4260,买盘
2014,14:25:15,4.26,0.0,10,4260,买盘
2015,14:25:24,4.26,0.0,9,3834,买盘
2016,14:25:28,4.26,0.0,358,152508,买盘
2017,14:25:31,4.25,-0.01,34,14475,卖盘
2018,14:25:33,4.26,0.01,20,8520,买盘
2019,14:25:36,4.26,0.0,9,3834,买盘
2020,14:25:39,4.26,0.0,82,34932,买盘
2021,14:25:42,4.26,0.0,13,5538,卖盘
2022,14:25:45,4.27,0.01,20,8540,买盘
2023,14:26:00,4.27,0.0,100,42700,买盘
2024,14:26:07,4.26,-0.01,5,2130,卖盘
2025,14:26:18,4.27,0.01,1,427,买盘
2026,14:26:21,4.27,0.0,150,64050,买盘
2027,14:26:33,4.26,-0.01,20,8520,卖盘
2028,14:26:36,4.26,0.0,18,7681,卖盘
2029,14:27:42,4.26,0.0,5,2130,卖盘
2030,14:28:04,4.26,0.0,36,15336,卖盘
2031,14:28:18,4.26,0.0,10,4260,卖盘
2032,14:28:24,4.26,0.0,2,852,卖盘
2033,14:28:30,4.26,0.0,3,1278,卖盘
2034,14:28:37,4.26,0.0,21,8946,卖盘
2035,14:28:43,4.26,0.0,20,8520,卖盘
2036,14:28:45,4.26,0.0,1,426,卖盘
2037,14:28:52,4.26,0.0,1,426,卖盘
2038,14:28:54,4.26,0.0,3,1278,卖盘
2039,14:29:04,4.26,0.0,4,1704,卖盘
2040,14:29:06,4.26,0.0,180,76680,卖盘
2041,14:29:09,4.26,0.0,195,83070,卖盘
2042,14:29:12,4.25,-0.01,1,425,卖盘
2043,14:29:24,4.25,0.0,3,1275,卖盘
2044,14:29:27,4.26,0.01,21,8946,买盘
2045,14:29:30,4.26,0.0,31,13206,买盘
2046,14:29:33,4.25,-0.01,1,425,卖盘
2047,14:29:36,4.25,0.0,1,425,卖盘
2048,14:29:42,4.25,0.0,1,425,卖盘
2049,14:29:54,4.25,0.0,1,425,卖盘
2050,14:30:13,4.25,0.0,1,425,卖盘
2051,14:30:18,4.26,0.01,10,4260,买盘
2052,14:30:24,4.25,-0.01,1,425,卖盘
2053,14:30:27,4.25,0.0,2,850,卖盘
2054,14:30:51,4.25,0.0,9,3825,卖盘
2055,14:30:54,4.25,0.0,3,1275,卖盘
2056,14:31:07,4.26,0.01,415,176790,买盘
2057,14:31:19,4.26,0.0,3,1278,买盘
2058,14:31:21,4.26,0.0,20,8520,买盘
2059,14:31:27,4.27,0.01,21,8947,买盘
2060,14:31:45,4.27,0.0,19,8113,买盘
2061,14:31:58,4.27,0.0,9,3843,买盘
2062,14:32:00,4.27,0.0,71,30317,买盘
2063,14:32:06,4.26,-0.01,2,852,卖盘
2064,14:32:09,4.26,0.0,13,5538,卖盘
2065,14:32:21,4.27,0.01,15,6404,买盘
2066,14:32:24,4.27,0.0,56,23906,买盘
2067,14:32:28,4.26,-0.01,51,21765,卖盘
2068,14:32:34,4.27,0.01,32,13664,买盘
2069,14:32:42,4.26,-0.01,5,2130,卖盘
2070,14:32:45,4.27,0.01,11,4697,买盘
2071,14:32:51,4.27,0.0,9,3843,买盘
2072,14:32:54,4.26,-0.01,10,4260,卖盘
2073,14:32:57,4.26,0.0,5,2130,卖盘
2074,14:33:09,4.26,0.0,30,12780,卖盘
2075,14:33:12,4.27,0.01,11,4697,买盘
2076,14:33:27,4.27,0.0,100,42700,买盘
2077,14:33:30,4.26,-0.01,9,3834,卖盘
2078,14:33:54,4.26,0.0,11,4686,卖盘
2079,14:33:57,4.27,0.01,1656,707112,买盘
2080,14:34:01,4.27,0.0,28,11956,卖盘
2081,14:34:21,4.27,0.0,15,6405,卖盘
2082,14:34:33,4.28,0.01,779,333412,买盘
2083,14:34:36,4.28,0.0,32,13696,卖盘
2084,14:34:40,4.28,0.0,16,6848,卖盘
2085,14:34:43,4.29,0.01,1364,584656,买盘
2086,14:34:46,4.27,-0.02,4,1708,卖盘
2087,14:34:54,4.3,0.03,1297,556989,买盘
2088,14:35:00,4.28,-0.02,63,26951,买盘
2089,14:35:03,4.28,0.0,17,7276,卖盘
2090,14:35:09,4.29,0.01,56,24024,买盘
2091,14:35:15,4.29,0.0,53,22737,买盘
2092,14:35:18,4.29,0.0,45,19305,卖盘
2093,14:35:27,4.28,-0.01,149,63772,卖盘
2094,14:35:33,4.29,0.01,20,8580,买盘
2095,14:35:37,4.28,-0.01,60,25680,卖盘
2096,14:35:48,4.28,0.0,80,34240,卖盘
2097,14:35:52,4.29,0.01,121,51909,买盘
2098,14:35:57,4.29,0.0,21,9009,买盘
2099,14:36:00,4.28,-0.01,1,428,卖盘
2100,14:36:06,4.29,0.01,2,858,买盘
2101,14:36:24,4.29,0.0,10,4290,买盘
2102,14:36:27,4.3,0.01,5000,2149499,买盘
2103,14:36:33,4.29,-0.01,24,10274,买盘
2104,14:36:36,4.28,-0.01,15,6430,卖盘
2105,14:36:39,4.29,0.01,46,19734,买盘
2106,14:36:48,4.3,0.01,78,33540,买盘
2107,14:36:51,4.29,-0.01,9,3861,卖盘
2108,14:36:54,4.29,0.0,20,8580,卖盘
2109,14:36:58,4.3,0.01,195,83850,买盘
2110,14:37:00,4.29,-0.01,1,429,卖盘
2111,14:37:12,4.29,0.0,189,81228,卖盘
2112,14:37:18,4.29,0.0,25,10719,买盘
2113,14:37:28,4.29,0.0,69,29601,卖盘
2114,14:37:36,4.29,0.0,20,8580,卖盘
2115,14:37:48,4.3,0.01,20,8600,买盘
2116,14:37:51,4.3,0.0,50,21500,买盘
2117,14:37:57,4.29,-0.01,100,42900,卖盘
2118,14:38:00,4.29,0.0,5,2145,卖盘
2119,14:38:03,4.29,0.0,2,858,卖盘
2120,14:38:12,4.3,0.01,30,12900,买盘
2121,14:38:21,4.3,0.0,419,180170,买盘
2122,14:38:36,4.3,0.0,288,123840,买盘
2123,14:38:40,4.3,0.0,12,5160,卖盘
2124,14:38:45,4.3,0.0,10,4300,买盘
2125,14:38:51,4.3,0.0,3,1290,卖盘
2126,14:38:55,4.3,0.0,7,3010,卖盘
2127,14:38:57,4.3,0.0,8,3440,卖盘
2128,14:39:09,4.3,0.0,190,81700,买盘
2129,14:39:19,4.3,0.0,38,16337,买盘
2130,14:39:21,4.3,0.0,426,182780,买盘
2131,14:39:28,4.3,0.0,3,1290,买盘
2132,14:39:33,4.3,0.0,9,3870,买盘
2133,14:39:36,4.3,0.0,8,3440,买盘
2134,14:39:45,4.3,0.0,50,21500,买盘
2135,14:39:48,4.29,-0.01,303,129987,卖盘
2136,14:39:51,4.28,-0.01,276,118204,卖盘
2137,14:40:06,4.29,0.01,46,19734,买盘
2138,14:40:12,4.29,0.0,2,858,买盘
2139,14:40:18,4.29,0.0,138,59202,买盘
2140,14:40:21,4.29,0.0,30,12870,卖盘
2141,14:40:27,4.3,0.01,10,4300,买盘
2142,14:40:33,4.29,-0.01,5,2145,卖盘
2143,14:40:39,4.3,0.01,41,17630,买盘
2144,14:40:42,4.29,-0.01,22,9438,卖盘
2145,14:40:45,4.29,0.0,80,34320,买盘
2146,14:41:09,4.29,0.0,20,8580,买盘
2147,14:41:18,4.29,0.0,3,1287,买盘
2148,14:41:24,4.29,0.0,28,12012,买盘
2149,14:41:33,4.29,0.0,5,2145,买盘
2150,14:41:36,4.29,0.0,13,5577,买盘
2151,14:41:39,4.28,-0.01,5,2140,卖盘
2152,14:41:48,4.28,0.0,2,856,卖盘
2153,14:42:01,4.28,0.0,20,8560,卖盘
2154,14:42:06,4.29,0.01,4,1716,买盘
2155,14:42:09,4.28,-0.01,1,428,卖盘
2156,14:42:15,4.29,0.01,202,86658,买盘
2157,14:42:18,4.28,-0.01,31,13287,卖盘
2158,14:42:21,4.29,0.01,12,5148,买盘
2159,14:42:24,4.29,0.0,156,66924,买盘
2160,14:42:27,4.29,0.0,12,5148,卖盘
2161,14:42:36,4.29,0.0,106,45474,卖盘
2162,14:42:42,4.29,0.0,47,20163,卖盘
2163,14:42:48,4.3,0.01,11,4730,买盘
2164,14:42:51,4.29,-0.01,13,5577,卖盘
2165,14:42:54,4.29,0.0,50,21450,卖盘
2166,14:43:00,4.29,0.0,110,47190,卖盘
2167,14:43:04,4.3,0.01,287,123336,买盘
2168,14:43:06,4.3,0.0,99,42570,买盘
2169,14:43:10,4.3,0.0,75,32225,买盘
2170,14:43:18,4.3,0.0,1604,689720,买盘
2171,14:43:30,4.3,0.0,10,4300,买盘
2172,14:43:33,4.3,0.0,203,87128,买盘
2173,14:43:54,4.3,0.0,174,74820,买盘
2174,14:43:57,4.29,-0.01,193,82797,卖盘
2175,14:44:15,4.3,0.01,71,30530,买盘
2176,14:44:24,4.3,0.0,8,3440,买盘
2177,14:44:27,4.3,0.0,700,301000,买盘
2178,14:44:30,4.3,0.0,203,87290,买盘
2179,14:44:36,4.3,0.0,8,3440,卖盘
2180,14:44:42,4.31,0.01,22,9467,买盘
2181,14:44:46,4.3,-0.01,10,4300,卖盘
2182,14:44:51,4.31,0.01,57,24567,买盘
2183,14:45:04,4.3,-0.01,20,8600,卖盘
2184,14:45:06,4.3,0.0,180,77400,卖盘
2185,14:45:09,4.31,0.01,114,49134,买盘
2186,14:45:13,4.3,-0.01,53,22842,卖盘
2187,14:45:16,4.31,0.01,26,11206,买盘
2188,14:45:19,4.3,-0.01,93,40060,卖盘
2189,14:45:21,4.3,0.0,10,4300,卖盘
2190,14:45:36,4.3,0.0,10,4300,卖盘
2191,14:45:39,4.3,0.0,389,167270,卖盘
2192,14:45:42,4.31,0.01,430,185330,买盘
2193,14:45:45,4.3,-0.01,1,430,卖盘
2194,14:45:51,4.3,0.0,547,235665,卖盘
2195,14:45:54,4.3,0.0,11,4730,卖盘
2196,14:45:58,4.3,0.0,123,52890,卖盘
2197,14:46:04,4.31,0.01,278,119788,买盘
2198,14:46:06,4.31,0.0,200,86200,买盘
2199,14:46:12,4.31,0.0,48,20678,买盘
2200,14:46:15,4.31,0.0,104,44824,卖盘
2201,14:46:18,4.31,0.0,1598,690326,卖盘
2202,14:46:22,4.31,0.0,10,4310,卖盘
2203,14:46:25,4.31,0.0,11,4741,卖盘
2204,14:46:27,4.31,0.0,95,40947,买盘
2205,14:46:30,4.31,0.0,8,3448,卖盘
2206,14:46:34,4.31,0.0,73,31507,买盘
2207,14:46:39,4.31,0.0,94,40578,中性盘
2208,14:46:42,4.32,0.01,146,63036,买盘
2209,14:46:45,4.31,-0.01,40,17240,卖盘
2210,14:46:51,4.32,0.01,505,218157,买盘
2211,14:46:55,4.32,0.0,186,80352,卖盘
2212,14:46:57,4.32,0.0,5,2160,买盘
2213,14:47:00,4.32,0.0,1,432,买盘
2214,14:47:07,4.32,0.0,127,54864,买盘
2215,14:47:09,4.32,0.0,60,25920,卖盘
2216,14:47:12,4.32,0.0,54,23328,卖盘
2217,14:47:18,4.32,0.0,57,24624,卖盘
2218,14:47:21,4.32,0.0,39,16848,卖盘
2219,14:47:24,4.32,0.0,5,2160,买盘
2220,14:47:27,4.32,0.0,155,66960,买盘
2221,14:47:30,4.32,0.0,50,21600,买盘
2222,14:47:33,4.32,0.0,372,160704,买盘
2223,14:47:36,4.32,0.0,43,18576,卖盘
2224,14:47:39,4.32,0.0,196,84672,卖盘
2225,14:47:42,4.32,0.0,55,23760,卖盘
2226,14:47:45,4.32,0.0,1,432,买盘
2227,14:47:48,4.32,0.0,121,52272,买盘
2228,14:47:51,4.32,0.0,130,56130,买盘
2229,14:47:54,4.31,-0.01,9,3881,卖盘
2230,14:48:00,4.31,0.0,2,862,卖盘
2231,14:48:04,4.31,0.0,63,27153,卖盘
2232,14:48:07,4.32,0.01,4,1728,买盘
2233,14:48:10,4.32,0.0,498,215136,买盘
2234,14:48:13,4.32,0.0,56,24192,买盘
2235,14:48:16,4.31,-0.01,4,1724,卖盘
2236,14:48:19,4.31,0.0,10,4310,卖盘
2237,14:48:27,4.31,0.0,10,4310,卖盘
2238,14:48:33,4.31,0.0,10,4310,卖盘
2239,14:48:36,4.32,0.01,51,21982,买盘
2240,14:48:39,4.31,-0.01,16,6899,卖盘
2241,14:48:43,4.32,0.01,189,81608,买盘
2242,14:48:46,4.31,-0.01,10,4310,卖盘
2243,14:48:48,4.32,0.01,53,22896,买盘
2244,14:48:54,4.32,0.0,15,6471,买盘
2245,14:48:57,4.31,-0.01,20,8620,卖盘
2246,14:49:04,4.32,0.01,3,1296,买盘
2247,14:49:09,4.31,-0.01,13,5603,卖盘
2248,14:49:15,4.31,0.0,1,431,卖盘
2249,14:49:19,4.31,0.0,174,75068,卖盘
2250,14:49:22,4.31,0.0,16,6896,卖盘
2251,14:49:24,4.31,0.0,2,862,卖盘
2252,14:49:30,4.32,0.01,172,74137,买盘
2253,14:49:37,4.31,-0.01,200,86200,卖盘
2254,14:49:39,4.31,0.0,90,38847,卖盘
2255,14:49:42,4.31,0.0,5,2155,卖盘
2256,14:49:45,4.31,0.0,58,24998,卖盘
2257,14:49:52,4.31,0.0,3,1293,卖盘
2258,14:49:54,4.31,0.0,85,36635,卖盘
2259,14:49:57,4.32,0.01,35,15120,买盘
2260,14:50:03,4.31,-0.01,91,39225,卖盘
2261,14:50:06,4.31,0.0,43,18533,买盘
2262,14:50:18,4.31,0.0,102,43962,买盘
2263,14:50:22,4.31,0.0,249,107319,买盘
2264,14:50:24,4.31,0.0,7,3020,卖盘
2265,14:50:27,4.31,0.0,501,215931,卖盘
2266,14:50:30,4.32,0.01,43,18576,买盘
2267,14:50:36,4.31,-0.01,126,54306,卖盘
2268,14:50:39,4.31,0.0,13,5603,卖盘
2269,14:50:48,4.31,0.0,1,431,卖盘
2270,14:50:51,4.31,0.0,55,23705,卖盘
2271,14:50:54,4.31,0.0,39,16809,卖盘
2272,14:50:57,4.31,0.0,102,43962,买盘
2273,14:51:00,4.31,0.0,15,6465,买盘
2274,14:51:04,4.31,0.0,5,2155,买盘
2275,14:51:06,4.31,0.0,74,31894,买盘
2276,14:51:12,4.3,-0.01,50,21500,卖盘
2277,14:51:16,4.3,0.0,57,24512,卖盘
2278,14:51:24,4.31,0.01,13,5600,买盘
2279,14:51:28,4.3,-0.01,51,21930,卖盘
2280,14:51:40,4.3,0.0,2,860,卖盘
2281,14:51:45,4.3,0.0,10,4300,卖盘
2282,14:51:52,4.31,0.01,92,39611,买盘
2283,14:51:57,4.31,0.0,99,42659,买盘
2284,14:52:04,4.3,-0.01,7,3010,卖盘
2285,14:52:10,4.3,0.0,1,430,卖盘
2286,14:52:18,4.31,0.01,36,15516,买盘
2287,14:52:21,4.3,-0.01,1,430,卖盘
2288,14:52:25,4.3,0.0,2,860,卖盘
2289,14:52:28,4.31,0.01,30,12930,买盘
2290,14:52:31,4.3,-0.01,7,3010,卖盘
2291,14:52:36,4.3,0.0,187,80410,卖盘
2292,14:52:40,4.3,0.0,6,2580,卖盘
2293,14:52:42,4.3,0.0,1,430,卖盘
2294,14:52:46,4.31,0.01,55,23705,买盘
2295,14:52:48,4.31,0.0,7,3017,买盘
2296,14:52:55,4.3,-0.01,11,4730,卖盘
2297,14:52:57,4.31,0.01,37,15942,买盘
2298,14:53:04,4.3,-0.01,15,6450,卖盘
2299,14:53:13,4.3,0.0,14,6030,卖盘
2300,14:53:15,4.3,0.0,1005,432155,卖盘
2301,14:53:18,4.3,0.0,48,20640,卖盘
2302,14:53:22,4.3,0.0,16,6880,卖盘
2303,14:53:25,4.31,0.01,55,23693,买盘
2304,14:53:27,4.3,-0.01,3,1290,卖盘
2305,14:53:30,4.3,0.0,20,8600,卖盘
2306,14:53:36,4.3,0.0,12,5160,卖盘
2307,14:53:45,4.3,0.0,50,21500,买盘
2308,14:53:57,4.3,0.0,36,15480,买盘
2309,14:54:10,4.3,0.0,30,12900,买盘
2310,14:54:18,4.3,0.0,10,4300,买盘
2311,14:54:22,4.3,0.0,10,4300,买盘
2312,14:54:40,4.3,0.0,21,9030,买盘
2313,14:54:42,4.29,-0.01,10,4290,卖盘
2314,14:54:46,4.29,0.0,10,4290,卖盘
2315,14:55:00,4.29,0.0,20,8580,卖盘
2316,14:55:06,4.29,0.0,200,85800,卖盘
2317,14:55:13,4.3,0.01,211,90730,买盘
2318,14:55:16,4.3,0.0,7,3010,买盘
2319,14:55:22,4.3,0.0,35,15050,买盘
2320,14:55:24,4.29,-0.01,10,4290,卖盘
2321,14:55:30,4.29,0.0,1,429,卖盘
2322,14:55:33,4.3,0.01,80,34400,买盘
2323,14:55:36,4.29,-0.01,4,1716,卖盘
2324,14:55:40,4.29,0.0,9,3861,卖盘
2325,14:55:43,4.29,0.0,1467,630275,卖盘
2326,14:55:46,4.3,0.01,84,36120,卖盘
2327,14:55:51,4.29,-0.01,285,122265,卖盘
2328,14:55:55,4.28,-0.01,8,3424,卖盘
2329,14:55:57,4.29,0.01,139,59631,买盘
2330,14:56:04,4.29,0.0,25,10725,买盘
2331,14:56:12,4.28,-0.01,1,428,卖盘
2332,14:56:19,4.28,0.0,10,4280,卖盘
2333,14:56:21,4.29,0.01,10,4290,买盘
2334,14:56:25,4.29,0.0,121,51909,买盘
2335,14:56:28,4.29,0.0,101,43298,买盘
2336,14:56:31,4.3,0.01,64,27486,买盘
2337,14:56:34,4.29,-0.01,30,12870,卖盘
2338,14:56:37,4.29,0.0,15,6435,卖盘
2339,14:56:40,4.3,0.01,37,15903,买盘
2340,14:56:43,4.29,-0.01,26,11154,卖盘
2341,14:56:46,4.29,0.0,18,7722,卖盘
2342,14:56:52,4.3,0.01,5,2150,买盘
2343,14:56:57,4.3,0.0,95,40850,买盘
2344,14:57:00,4.29,-0.01,10,4290,卖盘
2345,15:00:04,4.3,0.01,1624,698320,卖盘
