,time,price,change,volume,amount,type
0,09:25:04,4.18,0.02,115,48070,买盘
1,09:30:04,4.19,0.01,287,120045,买盘
2,09:30:15,4.2,0.01,135,56700,买盘
3,09:30:22,4.2,0.0,8,3360,买盘
4,09:30:31,4.2,0.0,42,17640,买盘
5,09:30:34,4.21,0.01,463,194533,买盘
6,09:30:43,4.19,-0.02,6,2514,卖盘
7,09:30:49,4.2,0.01,189,79380,买盘
8,09:31:00,4.21,0.01,106,44555,买盘
9,09:31:06,4.21,0.0,30,12630,买盘
10,09:31:09,4.2,-0.01,110,46300,卖盘
11,09:31:13,4.2,0.0,73,30660,卖盘
12,09:31:15,4.21,0.01,222,93462,买盘
13,09:31:18,4.2,-0.01,79,33249,卖盘
14,09:31:24,4.2,0.0,10,4200,卖盘
15,09:31:28,4.2,0.0,15,6300,卖盘
16,09:31:34,4.21,0.01,1,421,买盘
17,09:31:37,4.2,-0.01,1,420,卖盘
18,09:31:42,4.21,0.01,199,83779,买盘
19,09:31:46,4.21,0.0,1,421,卖盘
20,09:31:48,4.21,0.0,118,49678,中性盘
21,09:31:51,4.21,0.0,3,1263,卖盘
22,09:31:58,4.21,0.0,132,55572,卖盘
23,09:32:00,4.21,0.0,142,59782,卖盘
24,09:32:10,4.22,0.01,34,14337,买盘
25,09:32:12,4.21,-0.01,50,21050,中性盘
26,09:32:15,4.21,0.0,50,21050,买盘
27,09:32:22,4.21,0.0,16,6736,买盘
28,09:32:25,4.21,0.0,35,14735,买盘
29,09:32:31,4.2,-0.01,56,23564,卖盘
30,09:32:36,4.22,0.02,64,26979,买盘
31,09:32:40,4.21,-0.01,39,16419,卖盘
32,09:32:42,4.22,0.01,85,35819,买盘
33,09:32:48,4.21,-0.01,2,842,卖盘
34,09:32:52,4.21,0.0,50,21050,卖盘
35,09:33:01,4.22,0.01,29,12234,买盘
36,09:33:04,4.21,-0.01,149,62729,卖盘
37,09:33:06,4.21,0.0,24,10104,卖盘
38,09:33:09,4.22,0.01,179,75360,买盘
39,09:33:15,4.21,-0.01,5,2105,买盘
40,09:33:19,4.21,0.0,6,2526,买盘
41,09:33:22,4.21,0.0,3,1263,买盘
42,09:33:25,4.21,0.0,4,1684,买盘
43,09:33:27,4.21,0.0,36,15126,买盘
44,09:33:33,4.22,0.01,1,422,买盘
45,09:33:43,4.21,-0.01,60,25267,卖盘
46,09:33:46,4.21,0.0,2,842,卖盘
47,09:33:49,4.22,0.01,712,300464,买盘
48,09:33:52,4.21,-0.01,370,155770,卖盘
49,09:33:58,4.21,0.0,195,82113,买盘
50,09:34:01,4.22,0.01,33,13926,买盘
51,09:34:06,4.21,-0.01,8,3375,卖盘
52,09:34:10,4.21,0.0,7,2947,卖盘
53,09:34:12,4.22,0.01,105,44260,买盘
54,09:34:16,4.22,0.0,1,422,买盘
55,09:34:21,4.22,0.0,3,1265,买盘
56,09:34:25,4.21,-0.01,35,14750,卖盘
57,09:34:37,4.22,0.01,20,8440,买盘
58,09:34:40,4.21,-0.01,2,842,卖盘
59,09:34:45,4.22,0.01,22,9264,买盘
60,09:34:49,4.22,0.0,1,422,买盘
61,09:34:52,4.21,-0.01,10,4210,卖盘
62,09:34:55,4.22,0.01,14,5908,买盘
63,09:34:57,4.21,-0.01,5,2105,卖盘
64,09:35:01,4.22,0.01,500,211000,买盘
65,09:35:04,4.22,0.0,1,422,买盘
66,09:35:06,4.22,0.0,133,56126,买盘
67,09:35:13,4.22,0.0,165,69630,卖盘
68,09:35:19,4.22,0.0,213,89886,买盘
69,09:35:27,4.22,0.0,75,31600,买盘
70,09:35:34,4.22,0.0,12,5064,买盘
71,09:35:37,4.21,-0.01,24,10104,卖盘
72,09:35:39,4.22,0.01,6,2532,买盘
73,09:35:45,4.22,0.0,50,21100,买盘
74,09:35:52,4.22,0.0,15,6330,卖盘
75,09:35:55,4.22,0.0,50,21100,卖盘
76,09:35:57,4.23,0.01,58,24477,买盘
77,09:36:01,4.21,-0.02,50,21050,卖盘
78,09:36:04,4.23,0.02,18,7614,买盘
79,09:36:06,4.22,-0.01,21,8862,中性盘
80,09:36:18,4.22,0.0,33,13906,买盘
81,09:36:25,4.22,0.0,89,37558,买盘
82,09:36:31,4.21,-0.01,20,8420,卖盘
83,09:36:34,4.22,0.01,1,422,买盘
84,09:36:37,4.21,-0.01,12,5052,卖盘
85,09:36:40,4.22,0.01,11,4642,买盘
86,09:36:45,4.22,0.0,31,13072,买盘
87,09:36:49,4.21,-0.01,20,8420,卖盘
88,09:37:06,4.22,0.01,5,2110,买盘
89,09:37:09,4.22,0.0,4,1688,买盘
90,09:37:13,4.22,0.0,4,1688,买盘
91,09:37:19,4.22,0.0,1,422,买盘
92,09:37:21,4.22,0.0,38,16035,买盘
93,09:37:24,4.22,0.0,18,7596,买盘
94,09:37:27,4.22,0.0,83,35026,买盘
95,09:37:30,4.22,0.0,15,6330,买盘
96,09:37:34,4.22,0.0,100,42200,买盘
97,09:37:37,4.22,0.0,229,96638,买盘
98,09:37:43,4.22,0.0,14,5909,卖盘
99,09:37:48,4.22,0.0,150,63300,卖盘
100,09:37:54,4.22,0.0,10,4220,卖盘
101,09:38:07,4.23,0.01,101,42623,买盘
102,09:38:12,4.22,-0.01,33,13927,卖盘
103,09:38:16,4.23,0.01,78,32974,买盘
104,09:38:19,4.23,0.0,944,399312,买盘
105,09:38:22,4.23,0.0,25,10575,卖盘
106,09:38:27,4.23,0.0,15,6345,卖盘
107,09:38:31,4.23,0.0,14,5922,卖盘
108,09:38:36,4.24,0.01,1,424,买盘
109,09:38:39,4.24,0.0,300,127200,买盘
110,09:38:43,4.23,-0.01,30,12690,卖盘
111,09:38:46,4.24,0.01,85,36040,买盘
112,09:38:49,4.24,0.0,19,8056,买盘
113,09:38:51,4.24,0.0,277,117448,买盘
114,09:38:55,4.24,0.0,10,4240,卖盘
115,09:38:57,4.24,0.0,41,17384,卖盘
116,09:39:03,4.25,0.01,180,76341,买盘
117,09:39:07,4.23,-0.02,8,3384,卖盘
118,09:39:10,4.24,0.01,4,1696,买盘
119,09:39:13,4.24,0.0,5,2120,买盘
120,09:39:16,4.24,0.0,21,8904,买盘
121,09:39:21,4.24,0.0,56,23736,买盘
122,09:39:24,4.24,0.0,30,12720,卖盘
123,09:39:27,4.24,0.0,255,108320,卖盘
124,09:39:31,4.24,0.0,5,2120,卖盘
125,09:39:37,4.25,0.01,1010,429240,买盘
126,09:39:39,4.25,0.0,588,249316,买盘
127,09:39:43,4.25,0.0,51,21665,买盘
128,09:39:46,4.25,0.0,5,2125,买盘
129,09:39:48,4.25,0.0,72,30600,买盘
130,09:39:54,4.25,0.0,318,135115,买盘
131,09:39:57,4.25,0.0,59,25075,买盘
132,09:40:01,4.25,0.0,33,13995,买盘
133,09:40:04,4.25,0.0,5,2125,买盘
134,09:40:07,4.26,0.01,248,105600,买盘
135,09:40:09,4.25,-0.01,130,55251,卖盘
136,09:40:12,4.25,0.0,43,18275,买盘
137,09:40:16,4.24,-0.01,51,21665,卖盘
138,09:40:19,4.25,0.01,200,85000,买盘
139,09:40:21,4.25,0.0,20,8500,买盘
140,09:40:24,4.25,0.0,166,70550,买盘
141,09:40:27,4.25,0.0,16,6800,买盘
142,09:40:31,4.25,0.0,67,28475,买盘
143,09:40:34,4.25,0.0,10,4250,卖盘
144,09:40:40,4.26,0.01,442,188275,买盘
145,09:40:43,4.26,0.0,38,16161,买盘
146,09:40:45,4.26,0.0,17,7242,买盘
147,09:40:48,4.26,0.0,3,1278,买盘
148,09:40:52,4.26,0.0,24,10224,买盘
149,09:40:54,4.26,0.0,11,4686,买盘
150,09:40:57,4.26,0.0,5,2130,买盘
151,09:41:01,4.26,0.0,6,2551,买盘
152,09:41:06,4.25,-0.01,15,6375,卖盘
153,09:41:10,4.26,0.01,11,4676,买盘
154,09:41:13,4.25,-0.01,95,40405,卖盘
155,09:41:18,4.25,0.0,140,59500,卖盘
156,09:41:22,4.26,0.01,81,34506,买盘
157,09:41:24,4.25,-0.01,150,63750,卖盘
158,09:41:30,4.25,0.0,251,106676,卖盘
159,09:41:33,4.25,0.0,126,53550,买盘
160,09:41:36,4.25,0.0,60,25500,卖盘
161,09:41:40,4.26,0.01,11,4676,买盘
162,09:41:42,4.25,-0.01,40,17010,卖盘
163,09:41:46,4.25,0.0,9,3825,卖盘
164,09:41:49,4.25,0.0,50,21250,卖盘
165,09:41:52,4.25,0.0,8,3400,卖盘
166,09:41:57,4.25,0.0,3,1275,买盘
167,09:42:04,4.25,0.0,9,3825,买盘
168,09:42:09,4.24,-0.01,3,1272,卖盘
169,09:42:16,4.24,0.0,36,15264,卖盘
170,09:42:19,4.25,0.01,21,8905,买盘
171,09:42:21,4.25,0.0,14,5946,买盘
172,09:42:30,4.24,-0.01,16,6784,卖盘
173,09:42:34,4.24,0.0,37,15672,买盘
174,09:42:37,4.24,0.0,63,26712,买盘
175,09:42:39,4.24,0.0,63,26715,卖盘
176,09:42:42,4.25,0.01,1,425,买盘
177,09:42:46,4.25,0.0,50,21250,买盘
178,09:42:48,4.25,0.0,464,197200,买盘
179,09:42:52,4.25,0.0,16,6800,买盘
180,09:42:54,4.25,0.0,40,17000,买盘
181,09:42:58,4.25,0.0,227,96475,买盘
182,09:43:01,4.25,0.0,16,6800,买盘
183,09:43:04,4.25,0.0,69,29309,买盘
184,09:43:06,4.25,0.0,3,1275,买盘
185,09:43:09,4.25,0.0,1,425,买盘
186,09:43:13,4.25,0.0,2,850,买盘
187,09:43:16,4.25,0.0,81,34425,买盘
188,09:43:18,4.25,0.0,170,72250,卖盘
189,09:43:22,4.25,0.0,51,21675,卖盘
190,09:43:25,4.25,0.0,43,18276,卖盘
191,09:43:27,4.25,0.0,5,2125,卖盘
192,09:43:30,4.25,0.0,30,12750,卖盘
193,09:43:33,4.25,0.0,56,23800,卖盘
194,09:43:37,4.25,0.0,66,28050,卖盘
195,09:43:40,4.25,0.0,184,78200,卖盘
196,09:43:43,4.25,0.0,3,1275,买盘
197,09:43:51,4.26,0.01,222,94439,买盘
198,09:43:54,4.25,-0.01,153,65025,中性盘
199,09:43:58,4.25,0.0,2,850,中性盘
200,09:44:01,4.26,0.01,47,19983,买盘
201,09:44:04,4.25,-0.01,31,13169,卖盘
202,09:44:06,4.25,0.0,15,6375,卖盘
203,09:44:09,4.25,0.0,4,1700,卖盘
204,09:44:13,4.25,0.0,2,850,买盘
205,09:44:16,4.25,0.0,65,27625,买盘
206,09:44:21,4.25,0.0,15,6375,买盘
207,09:44:25,4.24,-0.01,14,5936,卖盘
208,09:44:28,4.25,0.01,4,1700,买盘
209,09:44:36,4.24,-0.01,16,6784,卖盘
210,09:44:39,4.25,0.01,17,7225,买盘
211,09:44:42,4.25,0.0,18,7650,买盘
212,09:44:48,4.24,-0.01,34,14416,卖盘
213,09:44:52,4.25,0.01,40,17000,买盘
214,09:45:00,4.24,-0.01,150,63600,卖盘
215,09:45:03,4.24,0.0,49,20776,卖盘
216,09:45:07,4.24,0.0,158,66993,卖盘
217,09:45:10,4.24,0.0,60,25424,卖盘
218,09:45:15,4.24,0.0,5,2116,买盘
219,09:45:18,4.24,0.0,11,4664,买盘
220,09:45:22,4.24,0.0,28,11868,买盘
221,09:45:28,4.24,0.0,7,2968,买盘
222,09:45:33,4.24,0.0,1,424,买盘
223,09:45:37,4.23,-0.01,16,6768,卖盘
224,09:45:39,4.23,0.0,8,3384,卖盘
225,09:45:42,4.23,0.0,10,4230,卖盘
226,09:45:46,4.23,0.0,1,423,卖盘
227,09:46:01,4.23,0.0,5,2115,卖盘
228,09:46:06,4.23,0.0,110,46530,卖盘
229,09:46:12,4.23,0.0,166,70218,卖盘
230,09:46:16,4.24,0.01,102,43147,买盘
231,09:46:21,4.23,-0.01,51,21573,卖盘
232,09:46:25,4.23,0.0,3,1269,买盘
233,09:46:33,4.23,0.0,24,10149,买盘
234,09:46:40,4.22,-0.01,16,6752,卖盘
235,09:46:42,4.23,0.01,9,3807,买盘
236,09:46:45,4.23,0.0,12,5076,买盘
237,09:46:49,4.22,-0.01,10,4220,卖盘
238,09:46:54,4.23,0.01,1,423,买盘
239,09:47:01,4.22,-0.01,10,4220,卖盘
240,09:47:09,4.22,0.0,10,4221,卖盘
241,09:47:12,4.23,0.01,24,10131,买盘
242,09:47:16,4.23,0.0,198,83743,买盘
243,09:47:18,4.23,0.0,114,48222,卖盘
244,09:47:28,4.22,-0.01,2273,962976,卖盘
245,09:47:31,4.22,0.0,2,844,卖盘
246,09:47:36,4.22,0.0,20,8444,卖盘
247,09:47:40,4.22,0.0,5,2110,卖盘
248,09:47:43,4.23,0.01,8,3384,买盘
249,09:47:46,4.23,0.0,1,423,买盘
250,09:48:01,4.23,0.0,1,423,买盘
251,09:48:06,4.22,-0.01,30,12680,卖盘
252,09:48:09,4.22,0.0,16,6752,卖盘
253,09:48:16,4.23,0.01,2,846,买盘
254,09:48:24,4.23,0.0,10,4230,买盘
255,09:48:27,4.23,0.0,42,17761,买盘
256,09:48:31,4.23,0.0,152,64296,买盘
257,09:48:34,4.23,0.0,57,24095,买盘
258,09:48:36,4.23,0.0,1,423,买盘
259,09:48:48,4.24,0.01,1,424,买盘
260,09:48:51,4.23,-0.01,20,8460,卖盘
261,09:48:58,4.24,0.01,10,4240,买盘
262,09:49:04,4.23,-0.01,15,6345,卖盘
263,09:49:10,4.23,0.0,81,34263,卖盘
264,09:49:13,4.22,-0.01,11,4648,卖盘
265,09:49:15,4.23,0.01,18,7614,买盘
266,09:49:22,4.22,-0.01,18,7606,卖盘
267,09:49:25,4.23,0.01,4,1692,买盘
268,09:49:27,4.23,0.0,1,423,买盘
269,09:49:39,4.23,0.0,17,7191,卖盘
270,09:49:42,4.22,-0.01,17,7175,卖盘
271,09:49:52,4.23,0.01,1,423,买盘
272,09:50:00,4.22,-0.01,13,5498,卖盘
273,09:50:04,4.22,0.0,157,66254,卖盘
274,09:50:06,4.22,0.0,15,6330,卖盘
275,09:50:19,4.22,0.0,10,4220,卖盘
276,09:50:22,4.22,0.0,2,844,卖盘
277,09:50:25,4.22,0.0,20,8440,卖盘
278,09:50:27,4.23,0.01,8,3384,买盘
279,09:50:31,4.22,-0.01,86,36292,卖盘
280,09:50:36,4.22,0.0,20,8440,卖盘
281,09:50:39,4.23,0.01,2,846,买盘
282,09:50:46,4.22,-0.01,77,32494,卖盘
283,09:50:49,4.23,0.01,11,4653,买盘
284,09:50:51,4.23,0.0,12,5076,买盘
285,09:50:58,4.22,-0.01,16,6752,卖盘
286,09:51:04,4.22,0.0,3,1266,卖盘
287,09:51:07,4.22,0.0,80,33760,卖盘
288,09:51:10,4.22,0.0,99,41778,卖盘
289,09:51:12,4.23,0.01,43,18184,买盘
290,09:51:28,4.23,0.0,1,423,买盘
291,09:51:37,4.22,-0.01,16,6752,卖盘
292,09:51:40,4.22,0.0,52,21944,卖盘
293,09:51:48,4.22,0.0,70,29540,卖盘
294,09:51:51,4.22,0.0,198,83580,卖盘
295,09:51:54,4.22,0.0,28,11816,买盘
296,09:51:57,4.23,0.01,20,8445,买盘
297,09:52:04,4.22,-0.01,16,6752,卖盘
298,09:52:13,4.22,0.0,89,37566,卖盘
299,09:52:16,4.22,0.0,65,27430,卖盘
300,09:52:18,4.22,0.0,25,10550,买盘
301,09:52:21,4.22,0.0,18,7596,买盘
302,09:52:33,4.23,0.01,14,5909,买盘
303,09:52:39,4.22,-0.01,16,6752,卖盘
304,09:52:48,4.22,0.0,11,4642,卖盘
305,09:52:54,4.22,0.0,100,42200,卖盘
306,09:52:57,4.22,0.0,40,16890,卖盘
307,09:53:00,4.22,0.0,20,8440,卖盘
308,09:53:04,4.22,0.0,50,21100,卖盘
309,09:53:06,4.23,0.01,17,7175,买盘
310,09:53:19,4.22,-0.01,5,2110,卖盘
311,09:53:22,4.22,0.0,1,422,卖盘
312,09:53:25,4.23,0.01,651,274723,买盘
313,09:53:27,4.22,-0.01,16,6752,卖盘
314,09:53:31,4.22,0.0,40,16880,卖盘
315,09:53:37,4.22,0.0,5,2110,卖盘
316,09:53:40,4.23,0.01,613,259136,买盘
317,09:53:48,4.22,-0.01,9,3799,卖盘
318,09:53:51,4.22,0.0,200,84400,卖盘
319,09:53:54,4.22,0.0,6,2532,卖盘
320,09:53:58,4.22,0.0,4,1688,卖盘
321,09:54:04,4.22,0.0,16,6752,卖盘
322,09:54:06,4.22,0.0,5,2110,卖盘
323,09:54:09,4.22,0.0,3,1266,卖盘
324,09:54:15,4.22,0.0,24,10128,卖盘
325,09:54:19,4.22,0.0,31,13083,卖盘
326,09:54:22,4.22,0.0,35,14770,卖盘
327,09:54:25,4.22,0.0,45,18990,卖盘
328,09:54:27,4.22,0.0,1,422,买盘
329,09:54:30,4.22,0.0,54,22788,买盘
330,09:54:37,4.22,0.0,16,6752,卖盘
331,09:54:40,4.23,0.01,9,3807,买盘
332,09:54:43,4.22,-0.01,3,1266,卖盘
333,09:54:52,4.22,0.0,11,4642,卖盘
334,09:54:58,4.22,0.0,42,17724,买盘
335,09:55:04,4.21,-0.01,26,10956,卖盘
336,09:55:09,4.21,0.0,58,24426,卖盘
337,09:55:13,4.21,0.0,21,8841,卖盘
338,09:55:15,4.21,0.0,5,2105,卖盘
339,09:55:25,4.22,0.01,1,422,买盘
340,09:55:28,4.21,-0.01,25,10525,卖盘
341,09:55:33,4.2,-0.01,1893,795962,卖盘
342,09:55:36,4.2,0.0,992,416637,买盘
343,09:55:39,4.2,0.0,28,11760,买盘
344,09:55:46,4.2,0.0,5,2100,卖盘
345,09:55:51,4.21,0.01,25,10505,买盘
346,09:55:55,4.2,-0.01,65,27315,卖盘
347,09:56:04,4.19,-0.01,17,7134,卖盘
348,09:56:07,4.21,0.02,11,4622,买盘
349,09:56:12,4.21,0.0,28,11788,买盘
350,09:56:15,4.2,-0.01,12,5040,卖盘
351,09:56:22,4.21,0.01,8,3368,买盘
352,09:56:28,4.2,-0.01,17,7141,卖盘
353,09:56:40,4.21,0.01,173,72813,买盘
354,09:56:43,4.21,0.0,159,66939,买盘
355,09:56:45,4.21,0.0,27,11365,买盘
356,09:56:48,4.21,0.0,116,48836,买盘
357,09:56:51,4.2,-0.01,146,61461,卖盘
358,09:56:54,4.21,0.01,374,157454,买盘
359,09:56:58,4.2,-0.01,335,140985,卖盘
360,09:57:01,4.21,0.01,59,24823,买盘
361,09:57:04,4.21,0.0,211,88831,买盘
362,09:57:07,4.21,0.0,73,30683,买盘
363,09:57:10,4.2,-0.01,124,52080,卖盘
364,09:57:12,4.21,0.01,994,418472,买盘
365,09:57:16,4.23,0.02,493,208143,买盘
366,09:57:19,4.21,-0.02,25,10525,卖盘
367,09:57:37,4.22,0.01,18,7596,卖盘
368,09:57:43,4.23,0.01,21,8863,买盘
369,09:57:46,4.22,-0.01,55,23244,卖盘
370,09:57:52,4.23,0.01,15,6345,买盘
371,09:57:54,4.22,-0.01,8,3376,卖盘
372,09:57:58,4.23,0.01,17,7175,买盘
373,09:58:00,4.23,0.0,101,42723,买盘
374,09:58:04,4.23,0.0,34,14382,买盘
375,09:58:06,4.23,0.0,7,2961,买盘
376,09:58:16,4.23,0.0,4,1692,买盘
377,09:58:18,4.23,0.0,100,42300,买盘
378,09:58:21,4.23,0.0,43,18189,买盘
379,09:58:24,4.23,0.0,15,6345,买盘
380,09:58:33,4.23,0.0,3,1269,买盘
381,09:58:36,4.22,-0.01,16,6752,卖盘
382,09:58:48,4.22,0.0,100,42200,卖盘
383,09:58:51,4.23,0.01,687,290601,买盘
384,09:59:04,4.23,0.0,17,7192,卖盘
385,09:59:10,4.24,0.01,67,28408,买盘
386,09:59:12,4.23,-0.01,3,1269,卖盘
387,09:59:21,4.24,0.01,36,15264,买盘
388,09:59:34,4.24,0.0,34,14416,买盘
389,09:59:39,4.23,-0.01,16,6768,卖盘
390,09:59:45,4.24,0.01,8,3392,买盘
391,09:59:55,4.24,0.0,14,5936,买盘
392,09:59:57,4.23,-0.01,24,10152,卖盘
393,10:00:00,4.24,0.01,1,424,买盘
394,10:00:07,4.23,-0.01,3,1269,卖盘
395,10:00:09,4.24,0.01,9,3811,买盘
396,10:00:28,4.24,0.0,9,3816,买盘
397,10:00:31,4.24,0.0,8,3392,买盘
398,10:00:34,4.23,-0.01,16,6768,卖盘
399,10:00:36,4.23,0.0,54,22878,卖盘
400,10:00:40,4.24,0.01,1,424,买盘
401,10:00:46,4.24,0.0,10,4240,买盘
402,10:00:57,4.24,0.0,238,100891,买盘
403,10:01:01,4.23,-0.01,68,28764,卖盘
404,10:01:04,4.23,0.0,2,847,卖盘
405,10:01:06,4.24,0.01,13,5510,买盘
406,10:01:09,4.23,-0.01,60,25380,卖盘
407,10:01:30,4.23,0.0,22,9307,卖盘
408,10:01:39,4.23,0.0,73,30879,卖盘
409,10:01:45,4.24,0.01,16,6784,买盘
410,10:01:48,4.23,-0.01,8,3384,卖盘
411,10:02:07,4.22,-0.01,2,844,卖盘
412,10:02:09,4.22,0.0,16,6752,卖盘
413,10:02:15,4.22,0.0,4,1688,卖盘
414,10:02:19,4.23,0.01,9,3807,买盘
415,10:02:33,4.23,0.0,1,423,买盘
416,10:02:57,4.23,0.0,1,423,买盘
417,10:03:06,4.22,-0.01,3,1266,卖盘
418,10:03:10,4.23,0.01,2,846,买盘
419,10:03:12,4.22,-0.01,16,6752,卖盘
420,10:03:21,4.22,0.0,100,42200,卖盘
421,10:03:27,4.23,0.01,1,423,买盘
422,10:03:34,4.22,-0.01,86,36357,卖盘
423,10:03:36,4.22,0.0,1,422,买盘
424,10:03:51,4.22,0.0,44,18568,买盘
425,10:03:54,4.23,0.01,10,4223,买盘
426,10:04:01,4.22,-0.01,2,844,中性盘
427,10:04:06,4.22,0.0,2,844,卖盘
428,10:04:18,4.23,0.01,72,30456,买盘
429,10:04:24,4.22,-0.01,28,11828,卖盘
430,10:04:27,4.22,0.0,15,6330,卖盘
431,10:04:30,4.21,-0.01,1,421,卖盘
432,10:04:36,4.22,0.01,1,422,买盘
433,10:04:42,4.22,0.0,8,3376,买盘
434,10:04:45,4.22,0.0,12,5064,买盘
435,10:04:51,4.22,0.0,28,11800,买盘
436,10:05:15,4.22,0.0,1,422,买盘
437,10:05:24,4.22,0.0,12,5064,买盘
438,10:05:30,4.22,0.0,2,844,买盘
439,10:05:39,4.22,0.0,1,422,买盘
440,10:05:54,4.21,-0.01,26,10956,卖盘
441,10:05:57,4.22,0.01,123,51906,买盘
442,10:06:07,4.23,0.01,22,9285,买盘
443,10:06:09,4.22,-0.01,4,1688,卖盘
444,10:06:22,4.23,0.01,5,2113,买盘
445,10:06:24,4.23,0.0,32,13520,买盘
446,10:06:27,4.22,-0.01,23,9706,卖盘
447,10:06:31,4.22,0.0,19,8018,买盘
448,10:06:33,4.22,0.0,19,8018,买盘
449,10:06:36,4.22,0.0,4,1688,卖盘
450,10:06:52,4.23,0.01,1,423,买盘
451,10:06:55,4.23,0.0,1,423,买盘
452,10:07:04,4.22,-0.01,23,9706,卖盘
453,10:07:06,4.23,0.01,3,1267,买盘
454,10:07:10,4.23,0.0,1254,530442,买盘
455,10:07:25,4.23,0.0,16,6768,卖盘
456,10:07:33,4.24,0.01,1,424,买盘
457,10:07:48,4.24,0.0,1,424,买盘
458,10:08:01,4.23,-0.01,16,6768,卖盘
459,10:08:04,4.24,0.01,1,424,买盘
460,10:08:06,4.23,-0.01,2,846,卖盘
461,10:08:12,4.23,0.0,11,4654,卖盘
462,10:08:19,4.24,0.01,296,125504,买盘
463,10:08:33,4.23,-0.01,16,6768,卖盘
464,10:08:48,4.23,0.0,15,6345,卖盘
465,10:09:00,4.23,0.0,16,6768,卖盘
466,10:09:07,4.23,0.0,3,1269,卖盘
467,10:09:09,4.24,0.01,1,424,买盘
468,10:09:15,4.24,0.0,11,4664,买盘
469,10:09:21,4.24,0.0,10,4240,买盘
470,10:09:27,4.24,0.0,166,70384,买盘
471,10:09:30,4.23,-0.01,16,6768,卖盘
472,10:09:48,4.24,0.01,196,83104,买盘
473,10:09:54,4.24,0.0,116,49163,买盘
474,10:09:58,4.23,-0.01,16,6768,卖盘
475,10:10:00,4.23,0.0,501,211923,卖盘
476,10:10:04,4.24,0.01,10,4240,买盘
477,10:10:07,4.23,-0.01,2,846,卖盘
478,10:10:10,4.23,0.0,500,211500,卖盘
479,10:10:13,4.24,0.01,1,424,买盘
480,10:10:15,4.24,0.0,1380,585120,买盘
481,10:10:21,4.23,-0.01,243,102789,卖盘
482,10:10:28,4.23,0.0,11,4653,买盘
483,10:10:31,4.23,0.0,69,29171,买盘
484,10:10:42,4.23,0.0,1,423,买盘
485,10:10:55,4.23,0.0,17,7175,买盘
486,10:11:03,4.23,0.0,7,2961,买盘
487,10:11:06,4.22,-0.01,356,150232,卖盘
488,10:11:18,4.22,0.0,175,73850,卖盘
489,10:11:21,4.22,0.0,13,5486,买盘
490,10:11:24,4.21,-0.01,28,11815,卖盘
491,10:11:27,4.23,0.02,50,21150,买盘
492,10:11:40,4.23,0.0,34,14382,买盘
493,10:11:45,4.23,0.0,1,423,买盘
494,10:11:51,4.22,-0.01,16,6752,卖盘
495,10:11:54,4.22,0.0,20,8440,卖盘
496,10:12:06,4.22,0.0,2,844,卖盘
497,10:12:09,4.23,0.01,1,423,买盘
498,10:12:27,4.23,0.0,9,3807,买盘
499,10:12:33,4.23,0.0,1,423,买盘
500,10:12:36,4.23,0.0,1,423,买盘
501,10:12:39,4.22,-0.01,16,6752,卖盘
502,10:12:48,4.23,0.01,1,423,买盘
503,10:12:51,4.23,0.0,186,78595,买盘
504,10:13:16,4.22,-0.01,16,6752,卖盘
505,10:13:18,4.22,0.0,1,422,卖盘
506,10:13:21,4.22,0.0,1,422,卖盘
507,10:13:24,4.23,0.01,11,4653,买盘
508,10:13:27,4.23,0.0,28,11844,买盘
509,10:13:42,4.22,-0.01,120,50640,卖盘
510,10:13:45,4.23,0.01,1,423,买盘
511,10:13:55,4.22,-0.01,220,92840,卖盘
512,10:14:01,4.22,0.0,21,8847,买盘
513,10:14:07,4.22,0.0,300,126600,买盘
514,10:14:13,4.21,-0.01,13,5473,卖盘
515,10:14:22,4.22,0.01,300,126600,买盘
516,10:14:25,4.21,-0.01,2,843,卖盘
517,10:14:27,4.21,0.0,1,421,卖盘
518,10:14:36,4.21,0.0,628,264688,卖盘
519,10:14:43,4.22,0.01,190,80180,卖盘
520,10:14:48,4.22,0.0,1,422,买盘
521,10:14:55,4.2,-0.02,795,333962,卖盘
522,10:14:57,4.2,0.0,30,12600,买盘
523,10:15:00,4.2,0.0,17,7140,买盘
524,10:15:04,4.18,-0.02,2397,1003554,卖盘
525,10:15:06,4.18,0.0,666,278388,买盘
526,10:15:09,4.18,0.0,102,42636,买盘
527,10:15:15,4.19,0.01,4,1676,卖盘
528,10:15:19,4.2,0.01,1,420,卖盘
529,10:15:21,4.2,0.0,100,42000,卖盘
530,10:15:24,4.21,0.01,15,6315,买盘
531,10:15:39,4.2,-0.01,574,241080,卖盘
532,10:15:48,4.21,0.01,9,3789,买盘
533,10:15:57,4.2,-0.01,105,44100,买盘
534,10:16:00,4.2,0.0,300,126000,买盘
535,10:16:04,4.2,0.0,3,1260,买盘
536,10:16:06,4.2,0.0,1,420,买盘
537,10:16:12,4.2,0.0,2,840,买盘
538,10:16:18,4.2,0.0,170,71400,买盘
539,10:16:24,4.2,0.0,20,8400,卖盘
540,10:16:27,4.2,0.0,112,47040,卖盘
541,10:16:36,4.19,-0.01,566,237617,卖盘
542,10:16:45,4.2,0.01,1,420,中性盘
543,10:16:48,4.2,0.0,5,2100,买盘
544,10:16:51,4.21,0.01,13,5473,买盘
545,10:16:54,4.2,-0.01,10,4200,卖盘
546,10:17:12,4.2,0.0,51,21420,买盘
547,10:17:18,4.2,0.0,28,11760,买盘
548,10:17:21,4.21,0.01,1,421,买盘
549,10:17:24,4.21,0.0,13,5473,买盘
550,10:17:42,4.21,0.0,9,3789,买盘
551,10:17:49,4.21,0.0,12,5052,买盘
552,10:17:57,4.21,0.0,10,4210,买盘
553,10:18:21,4.2,-0.01,2,841,卖盘
554,10:18:30,4.21,0.01,3,1263,买盘
555,10:18:36,4.2,-0.01,5,2100,卖盘
556,10:18:48,4.2,0.0,40,16800,卖盘
557,10:18:51,4.2,0.0,10,4200,卖盘
558,10:19:00,4.2,0.0,32,13441,卖盘
559,10:19:06,4.2,0.0,3,1260,卖盘
560,10:19:22,4.21,0.01,1,421,买盘
561,10:19:31,4.2,-0.01,12,5040,卖盘
562,10:19:36,4.2,0.0,2,840,卖盘
563,10:19:39,4.2,0.0,70,29400,卖盘
564,10:19:51,4.21,0.01,1,421,买盘
565,10:20:04,4.21,0.0,5,2105,买盘
566,10:20:07,4.21,0.0,11,4629,买盘
567,10:20:24,4.2,-0.01,50,21000,卖盘
568,10:20:36,4.2,0.0,2,840,卖盘
569,10:20:39,4.21,0.01,1,421,买盘
570,10:20:49,4.21,0.0,9,3789,买盘
571,10:20:55,4.21,0.0,1,421,买盘
572,10:21:06,4.2,-0.01,2,840,卖盘
573,10:21:15,4.2,0.0,3,1260,卖盘
574,10:21:18,4.21,0.01,1,421,买盘
575,10:21:33,4.21,0.0,12,5052,买盘
576,10:21:36,4.21,0.0,20,8420,买盘
577,10:21:48,4.21,0.0,1,421,买盘
578,10:21:57,4.21,0.0,1,421,买盘
579,10:22:24,4.21,0.0,10,4210,买盘
580,10:22:42,4.2,-0.01,1,420,卖盘
581,10:23:04,4.21,0.01,300,126300,买盘
582,10:23:06,4.2,-0.01,3,1260,卖盘
583,10:23:13,4.2,0.0,145,61041,卖盘
584,10:23:15,4.2,0.0,1,420,卖盘
585,10:23:30,4.21,0.01,59,24789,买盘
586,10:23:36,4.2,-0.01,504,211680,卖盘
587,10:23:49,4.2,0.0,3,1260,卖盘
588,10:23:57,4.2,0.0,29,12180,卖盘
589,10:24:00,4.21,0.01,9,3789,买盘
590,10:24:06,4.2,-0.01,2,840,卖盘
591,10:24:30,4.2,0.0,30,12600,卖盘
592,10:24:36,4.21,0.01,17,7157,买盘
593,10:24:45,4.2,-0.01,226,94920,卖盘
594,10:25:12,4.19,-0.01,21,8799,卖盘
595,10:25:27,4.19,0.0,21,8799,卖盘
596,10:25:48,4.19,0.0,19,7961,卖盘
597,10:25:51,4.19,0.0,188,78772,卖盘
598,10:26:04,4.19,0.0,3,1257,卖盘
599,10:26:34,4.2,0.01,10,4200,买盘
600,10:26:39,4.2,0.0,36,15120,买盘
601,10:26:42,4.2,0.0,36,15120,买盘
602,10:26:45,4.2,0.0,17,7139,买盘
603,10:26:48,4.2,0.0,39,16380,买盘
604,10:26:57,4.2,0.0,36,15120,买盘
605,10:27:04,4.2,0.0,70,29400,买盘
606,10:27:06,4.2,0.0,46,19320,买盘
607,10:27:09,4.2,0.0,7,2940,买盘
608,10:27:12,4.19,-0.01,37,15503,卖盘
609,10:27:15,4.2,0.01,6,2520,买盘
610,10:27:24,4.2,0.0,45,18900,买盘
611,10:27:27,4.2,0.0,19,7980,买盘
612,10:27:36,4.2,0.0,3,1260,卖盘
613,10:27:42,4.21,0.01,10,4210,买盘
614,10:27:48,4.21,0.0,39,16419,买盘
615,10:28:01,4.21,0.0,35,14735,买盘
616,10:28:04,4.2,-0.01,12,5040,卖盘
617,10:28:09,4.2,0.0,6,2520,卖盘
618,10:28:12,4.21,0.01,47,19787,买盘
619,10:28:15,4.21,0.0,35,14735,买盘
620,10:28:18,4.2,-0.01,1,420,卖盘
621,10:28:34,4.21,0.01,36,15156,买盘
622,10:28:45,4.21,0.0,9,3789,买盘
623,10:28:54,4.21,0.0,76,31996,买盘
624,10:28:57,4.21,0.0,36,15156,买盘
625,10:29:03,4.2,-0.01,17,7140,卖盘
626,10:29:21,4.2,0.0,1,420,卖盘
627,10:29:36,4.21,0.01,47,19787,买盘
628,10:29:42,4.21,0.0,23,9683,买盘
629,10:29:55,4.21,0.0,20,8420,买盘
630,10:29:57,4.21,0.0,44,18524,卖盘
631,10:30:01,4.21,0.0,5,2105,卖盘
632,10:30:04,4.21,0.0,2,842,买盘
633,10:30:09,4.2,-0.01,200,84000,卖盘
634,10:30:12,4.2,0.0,37,15540,中性盘
635,10:30:16,4.2,0.0,9,3780,买盘
636,10:30:24,4.19,-0.01,4,1676,卖盘
637,10:30:54,4.2,0.01,16,6720,买盘
638,10:31:12,4.2,0.0,154,64680,买盘
639,10:31:15,4.19,-0.01,41,17179,卖盘
640,10:31:18,4.2,0.01,36,15120,买盘
641,10:31:30,4.2,0.0,57,23940,买盘
642,10:31:42,4.2,0.0,1,420,买盘
643,10:31:54,4.19,-0.01,59,24730,卖盘
644,10:32:04,4.19,0.0,142,59498,卖盘
645,10:32:19,4.2,0.01,1,420,买盘
646,10:32:24,4.19,-0.01,3,1257,卖盘
647,10:32:27,4.19,0.0,2,838,卖盘
648,10:32:33,4.2,0.01,5,2100,买盘
649,10:32:42,4.19,-0.01,23,9637,卖盘
650,10:32:48,4.19,0.0,1,419,卖盘
651,10:33:00,4.19,0.0,1,419,卖盘
652,10:33:04,4.19,0.0,3,1257,卖盘
653,10:33:18,4.19,0.0,93,38967,卖盘
654,10:33:24,4.19,0.0,30,12570,卖盘
655,10:33:33,4.19,0.0,535,224165,卖盘
656,10:33:51,4.19,0.0,40,16760,买盘
657,10:34:13,4.19,0.0,9,3771,买盘
658,10:34:18,4.19,0.0,51,21369,买盘
659,10:34:21,4.18,-0.01,50,20900,卖盘
660,10:34:24,4.19,0.01,10,4190,买盘
661,10:34:37,4.19,0.0,10,4190,买盘
662,10:34:42,4.18,-0.01,20,8360,卖盘
663,10:34:55,4.18,0.0,49,20482,卖盘
664,10:35:04,4.18,0.0,13,5445,卖盘
665,10:35:18,4.18,0.0,35,14630,卖盘
666,10:35:24,4.18,0.0,74,30932,卖盘
667,10:35:39,4.18,0.0,100,41800,卖盘
668,10:35:43,4.19,0.01,10,4190,买盘
669,10:35:58,4.18,-0.01,13,5434,卖盘
670,10:36:01,4.19,0.01,5,2095,买盘
671,10:36:15,4.18,-0.01,10,4180,卖盘
672,10:36:28,4.18,0.0,42,17556,卖盘
673,10:36:36,4.18,0.0,20,8360,卖盘
674,10:36:39,4.18,0.0,25,10450,卖盘
675,10:36:42,4.18,0.0,424,177232,卖盘
676,10:36:58,4.18,0.0,2,836,买盘
677,10:37:06,4.18,0.0,86,35948,买盘
678,10:37:12,4.18,0.0,74,30932,卖盘
679,10:37:21,4.18,0.0,20,8360,卖盘
680,10:37:24,4.18,0.0,7,2926,卖盘
681,10:37:31,4.18,0.0,5,2090,买盘
682,10:37:34,4.18,0.0,4,1672,卖盘
683,10:37:37,4.19,0.01,85,35615,买盘
684,10:37:40,4.19,0.0,12,5028,买盘
685,10:37:42,4.18,-0.01,23,9614,卖盘
686,10:38:01,4.19,0.01,9,3771,买盘
687,10:38:04,4.19,0.0,1,419,买盘
688,10:38:09,4.19,0.0,10,4190,买盘
689,10:38:12,4.19,0.0,9,3771,买盘
690,10:38:31,4.19,0.0,31,12989,买盘
691,10:38:36,4.19,0.0,87,36453,买盘
692,10:39:37,4.18,-0.01,2,836,卖盘
693,10:40:04,4.18,0.0,2,836,卖盘
694,10:40:36,4.18,0.0,10,4180,卖盘
695,10:40:54,4.18,0.0,1,418,卖盘
696,10:41:04,4.18,0.0,2,836,卖盘
697,10:41:18,4.18,0.0,40,16720,卖盘
698,10:41:40,4.19,0.01,42,17597,买盘
699,10:42:00,4.19,0.0,24,10056,买盘
700,10:42:04,4.18,-0.01,20,8360,卖盘
701,10:42:07,4.18,0.0,133,55594,卖盘
702,10:42:18,4.18,0.0,58,24244,卖盘
703,10:42:31,4.19,0.01,6,2514,买盘
704,10:42:33,4.19,0.0,4,1676,买盘
705,10:43:03,4.19,0.0,47,19693,买盘
706,10:43:15,4.19,0.0,20,8380,买盘
707,10:43:36,4.19,0.0,1,419,买盘
708,10:43:54,4.18,-0.01,30,12540,卖盘
709,10:43:57,4.19,0.01,5,2095,买盘
710,10:44:36,4.19,0.0,1,419,买盘
711,10:44:40,4.18,-0.01,1,418,卖盘
712,10:44:45,4.18,0.0,20,8360,卖盘
713,10:45:03,4.18,0.0,2,836,卖盘
714,10:45:18,4.18,0.0,10,4180,卖盘
715,10:45:27,4.18,0.0,603,252054,卖盘
716,10:45:36,4.18,0.0,10,4180,买盘
717,10:45:48,4.17,-0.01,60,25030,卖盘
718,10:46:04,4.17,0.0,5,2085,卖盘
719,10:46:12,4.17,0.0,10,4170,卖盘
720,10:46:39,4.17,0.0,500,208500,卖盘
721,10:46:57,4.17,0.0,467,194739,卖盘
722,10:47:04,4.17,0.0,2,834,买盘
723,10:47:06,4.17,0.0,36,15012,买盘
724,10:47:12,4.17,0.0,19,7923,卖盘
725,10:47:45,4.18,0.01,2,836,买盘
726,10:48:09,4.17,-0.01,45,18765,卖盘
727,10:48:33,4.17,0.0,30,12510,卖盘
728,10:48:48,4.18,0.01,10,4180,买盘
729,10:49:00,4.17,-0.01,3,1251,卖盘
730,10:49:04,4.17,0.0,3,1251,卖盘
731,10:49:51,4.17,0.0,12,5004,卖盘
732,10:50:04,4.17,0.0,12,5004,卖盘
733,10:50:57,4.18,0.01,35,14630,买盘
734,10:51:04,4.18,0.0,312,130404,买盘
735,10:51:12,4.18,0.0,167,69806,买盘
736,10:51:19,4.18,0.0,1,418,卖盘
737,10:51:21,4.18,0.0,60,25080,卖盘
738,10:51:30,4.18,0.0,166,69388,卖盘
739,10:51:33,4.19,0.01,500,209500,买盘
740,10:51:36,4.19,0.0,1,419,买盘
741,10:52:36,4.19,0.0,1,419,买盘
742,10:52:52,4.18,-0.01,35,14630,卖盘
743,10:53:04,4.18,0.0,3,1254,卖盘
744,10:54:03,4.18,0.0,2,836,卖盘
745,10:54:06,4.19,0.01,101,42219,买盘
746,10:54:30,4.19,0.0,100,41900,买盘
747,10:54:36,4.19,0.0,1,419,买盘
748,10:54:51,4.19,0.0,30,12570,买盘
749,10:55:36,4.19,0.0,1,419,买盘
750,10:55:48,4.19,0.0,106,44414,买盘
751,10:56:00,4.19,0.0,100,41900,买盘
752,10:56:13,4.19,0.0,1,419,买盘
753,10:56:15,4.19,0.0,6,2514,买盘
754,10:56:18,4.19,0.0,28,11732,卖盘
755,10:56:22,4.19,0.0,26,10894,买盘
756,10:56:36,4.19,0.0,38,15922,卖盘
757,10:56:39,4.19,0.0,36,15084,买盘
758,10:56:55,4.19,0.0,35,14665,买盘
759,10:57:00,4.19,0.0,35,14665,中性盘
760,10:57:06,4.19,0.0,1,419,买盘
761,10:57:09,4.18,-0.01,51,21355,卖盘
762,10:57:21,4.19,0.01,60,25140,卖盘
763,10:57:27,4.19,0.0,35,14665,中性盘
764,10:57:37,4.18,-0.01,100,41800,卖盘
765,10:57:40,4.19,0.01,35,14665,中性盘
766,10:57:42,4.2,0.01,30,12600,买盘
767,10:57:45,4.18,-0.02,3,1254,卖盘
768,10:57:48,4.19,0.01,73,30587,中性盘
769,10:57:51,4.2,0.01,5,2100,买盘
770,10:58:00,4.18,-0.02,3,1254,卖盘
771,10:58:04,4.18,0.0,39,16339,卖盘
772,10:58:06,4.2,0.02,1,420,买盘
773,10:58:09,4.19,-0.01,66,27654,买盘
774,10:58:25,4.19,0.0,20,8380,买盘
775,10:58:27,4.19,0.0,30,12567,买盘
776,10:58:42,4.19,0.0,71,29749,买盘
777,10:58:51,4.19,0.0,2,838,买盘
778,10:58:57,4.18,-0.01,192,80256,卖盘
779,10:59:00,4.18,0.0,1,418,卖盘
780,10:59:04,4.18,0.0,3,1254,卖盘
781,10:59:06,4.19,0.01,1,419,买盘
782,10:59:12,4.18,-0.01,100,41800,卖盘
783,10:59:27,4.19,0.01,35,14665,买盘
784,10:59:30,4.19,0.0,35,14665,买盘
785,10:59:39,4.19,0.0,100,41900,买盘
786,10:59:48,4.18,-0.01,39,16337,卖盘
787,10:59:51,4.19,0.01,14,5867,中性盘
788,11:00:06,4.19,0.0,26,10894,买盘
789,11:00:09,4.18,-0.01,40,16725,卖盘
790,11:00:24,4.2,0.02,108,45284,买盘
791,11:00:33,4.19,-0.01,36,15084,卖盘
792,11:00:43,4.19,0.0,4,1679,中性盘
793,11:00:45,4.19,0.0,4,1676,卖盘
794,11:00:48,4.2,0.01,40,16800,买盘
795,11:00:51,4.2,0.0,5,2100,买盘
796,11:00:54,4.19,-0.01,281,117739,卖盘
797,11:01:24,4.19,0.0,40,16760,卖盘
798,11:01:34,4.19,0.0,26,10894,卖盘
799,11:01:36,4.19,0.0,36,15084,买盘
800,11:01:57,4.19,0.0,19,7961,买盘
801,11:02:03,4.18,-0.01,17,7113,卖盘
802,11:02:12,4.19,0.01,10,4190,卖盘
803,11:02:42,4.19,0.0,303,126957,买盘
804,11:03:09,4.19,0.0,5,2095,买盘
805,11:03:21,4.19,0.0,30,12570,买盘
806,11:03:45,4.18,-0.01,6,2508,卖盘
807,11:04:00,4.19,0.01,10,4190,买盘
808,11:04:09,4.18,-0.01,3,1254,卖盘
809,11:04:12,4.19,0.01,2,838,买盘
810,11:04:16,4.19,0.0,12,5028,买盘
811,11:04:19,4.2,0.01,34,14259,买盘
812,11:04:21,4.19,-0.01,20,8380,卖盘
813,11:04:24,4.19,0.0,1,419,买盘
814,11:04:27,4.19,0.0,9,3771,买盘
815,11:04:33,4.2,0.01,12,5040,买盘
816,11:04:39,4.19,-0.01,5,2095,卖盘
817,11:04:42,4.2,0.01,19,7980,买盘
818,11:05:04,4.2,0.0,15,6300,买盘
819,11:05:06,4.2,0.0,12,5040,买盘
820,11:05:22,4.2,0.0,2,840,买盘
821,11:05:24,4.2,0.0,7,2940,买盘
822,11:05:27,4.2,0.0,1,420,买盘
823,11:05:42,4.2,0.0,800,336000,买盘
824,11:05:48,4.19,-0.01,100,41900,卖盘
825,11:06:12,4.2,0.01,1,420,买盘
826,11:06:54,4.2,0.0,300,126000,买盘
827,11:06:57,4.2,0.0,69,28980,买盘
828,11:07:12,4.2,0.0,481,202020,买盘
829,11:07:15,4.2,0.0,3,1260,卖盘
830,11:07:42,4.2,0.0,20,8400,卖盘
831,11:08:33,4.21,0.01,11,4626,买盘
832,11:08:45,4.2,-0.01,19,7980,卖盘
833,11:09:12,4.2,0.0,166,69720,卖盘
834,11:09:15,4.21,0.01,400,168383,买盘
835,11:09:33,4.21,0.0,6,2526,买盘
836,11:09:39,4.2,-0.01,1,420,中性盘
837,11:09:51,4.21,0.01,2,842,买盘
838,11:09:54,4.21,0.0,184,77464,买盘
839,11:09:57,4.21,0.0,5,2105,买盘
840,11:10:00,4.21,0.0,5,2105,买盘
841,11:10:48,4.2,-0.01,113,47562,卖盘
842,11:11:00,4.21,0.01,800,336800,买盘
843,11:11:03,4.21,0.0,26,10946,买盘
844,11:11:06,4.21,0.0,5,2105,买盘
845,11:11:09,4.2,-0.01,12,5040,卖盘
846,11:11:13,4.21,0.01,34,14314,买盘
847,11:11:18,4.2,-0.01,12,5040,卖盘
848,11:11:24,4.21,0.01,10,4210,买盘
849,11:11:31,4.21,0.0,493,207553,买盘
850,11:11:36,4.21,0.0,2,842,卖盘
851,11:12:21,4.21,0.0,2,842,卖盘
852,11:12:24,4.21,0.0,1,421,卖盘
853,11:12:30,4.21,0.0,20,8420,卖盘
854,11:12:43,4.21,0.0,50,21050,卖盘
855,11:12:54,4.21,0.0,7,2947,卖盘
856,11:13:45,4.22,0.01,34,14328,买盘
857,11:14:06,4.22,0.0,155,65410,买盘
858,11:14:12,4.22,0.0,701,295822,买盘
859,11:14:27,4.22,0.0,3,1266,买盘
860,11:14:33,4.22,0.0,8,3376,买盘
861,11:14:36,4.22,0.0,102,43044,买盘
862,11:14:46,4.22,0.0,10,4220,买盘
863,11:14:57,4.21,-0.01,10,4210,卖盘
864,11:15:03,4.22,0.01,14,5908,买盘
865,11:15:06,4.22,0.0,8,3376,买盘
866,11:15:12,4.22,0.0,1,422,买盘
867,11:15:27,4.21,-0.01,3,1263,卖盘
868,11:15:39,4.21,0.0,188,79148,卖盘
869,11:15:42,4.22,0.01,400,168800,买盘
870,11:15:51,4.22,0.0,12,5064,买盘
871,11:16:18,4.22,0.0,700,295400,买盘
872,11:16:21,4.21,-0.01,77,32491,卖盘
873,11:16:27,4.22,0.01,1,422,买盘
874,11:16:30,4.22,0.0,10,4220,买盘
875,11:16:36,4.22,0.0,13,5486,买盘
876,11:16:39,4.22,0.0,7,2954,买盘
877,11:16:48,4.22,0.0,50,21100,卖盘
878,11:16:51,4.22,0.0,62,26164,买盘
879,11:16:54,4.23,0.01,10,4226,买盘
880,11:16:57,4.21,-0.02,1,421,卖盘
881,11:17:01,4.22,0.01,100,42200,中性盘
882,11:17:03,4.22,0.0,20,8440,卖盘
883,11:17:06,4.22,0.0,2,844,卖盘
884,11:17:16,4.23,0.01,12,5076,买盘
885,11:17:30,4.22,-0.01,228,96216,卖盘
886,11:17:39,4.21,-0.01,30,12640,卖盘
887,11:17:49,4.21,0.0,3,1263,卖盘
888,11:17:51,4.22,0.01,300,126600,买盘
889,11:18:10,4.22,0.0,300,126600,买盘
890,11:18:45,4.22,0.0,260,109720,买盘
891,11:19:00,4.22,0.0,30,12660,卖盘
892,11:19:06,4.23,0.01,3,1269,买盘
893,11:19:09,4.23,0.0,7,2961,买盘
894,11:19:36,4.22,-0.01,35,14770,卖盘
895,11:19:39,4.23,0.01,500,211500,买盘
896,11:19:58,4.22,-0.01,3,1266,卖盘
897,11:20:00,4.22,0.0,5,2110,卖盘
898,11:20:04,4.23,0.01,18,7614,买盘
899,11:20:06,4.23,0.0,8,3384,买盘
900,11:20:15,4.22,-0.01,10,4220,卖盘
901,11:20:18,4.23,0.01,83,35036,买盘
902,11:20:24,4.23,0.0,14,5922,买盘
903,11:20:27,4.22,-0.01,20,8440,卖盘
904,11:20:48,4.23,0.01,13,5499,买盘
905,11:21:00,4.22,-0.01,10,4220,卖盘
906,11:21:04,4.22,0.0,25,10564,卖盘
907,11:21:21,4.23,0.01,10,4230,买盘
908,11:21:33,4.23,0.0,15,6345,买盘
909,11:21:51,4.23,0.0,41,17343,买盘
910,11:22:04,4.23,0.0,63,26649,买盘
911,11:22:12,4.22,-0.01,93,39246,卖盘
912,11:22:24,4.22,0.0,330,139260,卖盘
913,11:22:30,4.22,0.0,64,27008,卖盘
914,11:22:57,4.22,0.0,2,844,卖盘
915,11:23:00,4.22,0.0,103,43466,卖盘
916,11:23:27,4.21,-0.01,10,4210,卖盘
917,11:23:42,4.22,0.01,2,844,买盘
918,11:23:45,4.22,0.0,15,6330,买盘
919,11:24:09,4.22,0.0,91,38402,买盘
920,11:24:12,4.22,0.0,33,13926,卖盘
921,11:24:19,4.22,0.0,10,4220,买盘
922,11:24:30,4.22,0.0,24,10128,买盘
923,11:25:21,4.22,0.0,1,422,买盘
924,11:25:28,4.22,0.0,12,5064,买盘
925,11:25:30,4.22,0.0,8,3376,买盘
926,11:25:40,4.22,0.0,70,29540,买盘
927,11:25:54,4.22,0.0,20,8440,卖盘
928,11:26:06,4.22,0.0,12,5064,卖盘
929,11:26:10,4.22,0.0,42,17724,卖盘
930,11:26:12,4.22,0.0,7,2954,卖盘
931,11:26:33,4.21,-0.01,1,421,卖盘
932,11:26:48,4.21,0.0,3,1263,卖盘
933,11:26:55,4.22,0.01,10,4220,买盘
934,11:27:22,4.22,0.0,100,42200,买盘
935,11:27:43,4.22,0.0,100,42200,买盘
936,11:28:04,4.22,0.0,33,13926,买盘
937,11:28:18,4.23,0.01,9,3807,买盘
938,11:28:21,4.23,0.0,1,423,买盘
939,11:29:15,4.22,-0.01,21,8872,卖盘
940,11:29:30,4.22,0.0,6,2532,卖盘
941,11:29:36,4.23,0.01,39,16497,买盘
942,11:29:42,4.23,0.0,9,3807,买盘
943,11:30:01,4.22,-0.01,29,12238,卖盘
944,13:00:04,4.22,0.0,167,70494,卖盘
945,13:00:12,4.22,0.0,48,20256,买盘
946,13:00:19,4.23,0.01,1,423,买盘
947,13:00:33,4.22,-0.01,34,14348,卖盘
948,13:00:39,4.22,0.0,50,21100,卖盘
949,13:01:33,4.22,0.0,1,422,卖盘
950,13:01:36,4.22,0.0,238,100436,卖盘
951,13:02:48,4.21,-0.01,3,1263,卖盘
952,13:03:03,4.22,0.01,53,22337,买盘
953,13:03:42,4.21,-0.01,17,7157,卖盘
954,13:03:57,4.22,0.01,100,42200,买盘
955,13:04:04,4.22,0.0,2,844,买盘
956,13:05:21,4.22,0.0,6,2532,买盘
957,13:05:24,4.22,0.0,2,844,买盘
958,13:05:54,4.22,0.0,100,42200,买盘
959,13:06:00,4.22,0.0,2,844,买盘
960,13:06:12,4.22,0.0,20,8440,买盘
961,13:06:15,4.22,0.0,8,3376,买盘
962,13:06:18,4.22,0.0,21,8862,买盘
963,13:06:36,4.22,0.0,1,422,买盘
964,13:07:39,4.21,-0.01,1,421,卖盘
965,13:08:09,4.22,0.01,276,116472,买盘
966,13:08:15,4.21,-0.01,63,26523,卖盘
967,13:08:57,4.21,0.0,41,17261,卖盘
968,13:09:19,4.22,0.01,2,844,买盘
969,13:09:36,4.21,-0.01,4,1684,卖盘
970,13:09:57,4.22,0.01,81,34182,买盘
971,13:10:06,4.22,0.0,2,844,买盘
972,13:10:15,4.22,0.0,10,4220,买盘
973,13:11:24,4.22,0.0,2,844,买盘
974,13:11:30,4.21,-0.01,60,25260,卖盘
975,13:12:04,4.22,0.01,2,844,买盘
976,13:12:06,4.21,-0.01,1,421,卖盘
977,13:12:30,4.21,0.0,120,50520,卖盘
978,13:12:33,4.21,0.0,3,1263,卖盘
979,13:12:36,4.21,0.0,16,6736,卖盘
980,13:12:51,4.21,0.0,487,205027,卖盘
981,13:12:54,4.2,-0.01,160,67200,卖盘
982,13:13:24,4.2,0.0,107,44940,卖盘
983,13:13:30,4.2,0.0,1,420,卖盘
984,13:13:33,4.2,0.0,1,420,卖盘
985,13:13:39,4.2,0.0,4,1680,卖盘
986,13:14:15,4.2,0.0,1,420,卖盘
987,13:14:18,4.21,0.01,100,42100,买盘
988,13:14:30,4.21,0.0,76,31996,买盘
989,13:14:52,4.21,0.0,60,25260,卖盘
990,13:15:16,4.21,0.0,30,12630,卖盘
991,13:15:30,4.21,0.0,2,842,卖盘
992,13:15:48,4.21,0.0,46,19366,卖盘
993,13:16:37,4.21,0.0,123,51783,买盘
994,13:16:45,4.21,0.0,69,29049,买盘
995,13:17:30,4.21,0.0,11,4631,卖盘
996,13:17:36,4.21,0.0,120,50520,卖盘
997,13:18:00,4.21,0.0,1,421,卖盘
998,13:18:03,4.2,-0.01,4,1680,卖盘
999,13:18:24,4.22,0.02,1,422,买盘
1000,13:18:30,4.21,-0.01,5,2105,卖盘
1001,13:18:39,4.22,0.01,1,422,买盘
1002,13:18:48,4.22,0.0,10,4220,买盘
1003,13:19:09,4.22,0.0,86,36292,买盘
1004,13:19:24,4.22,0.0,1,422,买盘
1005,13:19:42,4.21,-0.01,1,421,卖盘
1006,13:20:12,4.22,0.01,15,6330,买盘
1007,13:20:18,4.21,-0.01,111,46731,卖盘
1008,13:20:30,4.21,0.0,12,5052,买盘
1009,13:20:33,4.21,0.0,143,60203,买盘
1010,13:20:51,4.21,0.0,23,9683,卖盘
1011,13:20:54,4.22,0.01,1,422,买盘
1012,13:21:09,4.22,0.0,1,422,买盘
1013,13:21:12,4.21,-0.01,40,16840,卖盘
1014,13:21:15,4.22,0.01,4,1688,买盘
1015,13:21:24,4.22,0.0,1,422,买盘
1016,13:21:27,4.21,-0.01,2,842,卖盘
1017,13:22:12,4.21,0.0,2,842,卖盘
1018,13:22:18,4.22,0.01,12,5064,买盘
1019,13:22:24,4.22,0.0,6,2527,买盘
1020,13:22:48,4.21,-0.01,6,2526,卖盘
1021,13:22:51,4.21,0.0,1,421,卖盘
1022,13:22:55,4.22,0.01,5,2110,买盘
1023,13:23:06,4.21,-0.01,5,2105,卖盘
1024,13:23:09,4.21,0.0,50,21050,卖盘
1025,13:23:21,4.22,0.01,3,1266,买盘
1026,13:23:28,4.21,-0.01,30,12630,卖盘
1027,13:23:48,4.21,0.0,8,3368,买盘
1028,13:23:57,4.22,0.01,4,1688,买盘
1029,13:24:24,4.21,-0.01,1,421,卖盘
1030,13:24:27,4.22,0.01,25,10550,买盘
1031,13:24:36,4.22,0.0,8,3376,买盘
1032,13:24:39,4.22,0.0,1,422,买盘
1033,13:25:00,4.22,0.0,4,1688,买盘
1034,13:25:13,4.22,0.0,8,3376,买盘
1035,13:25:24,4.22,0.0,1,422,买盘
1036,13:25:27,4.22,0.0,4,1688,买盘
1037,13:25:39,4.22,0.0,1,422,买盘
1038,13:25:57,4.21,-0.01,6,2526,卖盘
1039,13:26:04,4.22,0.01,4,1688,买盘
1040,13:26:24,4.22,0.0,12,5064,买盘
1041,13:26:28,4.22,0.0,16,6752,买盘
1042,13:26:31,4.22,0.0,4,1688,买盘
1043,13:26:37,4.21,-0.01,100,42100,卖盘
1044,13:26:39,4.21,0.0,1,421,卖盘
1045,13:27:00,4.21,0.0,20,8420,卖盘
1046,13:27:09,4.22,0.01,37,15614,买盘
1047,13:27:12,4.22,0.0,35,14770,买盘
1048,13:27:30,4.22,0.0,111,46842,买盘
1049,13:27:33,4.22,0.0,22,9284,买盘
1050,13:27:36,4.22,0.0,36,15192,买盘
1051,13:27:39,4.22,0.0,20,8440,买盘
1052,13:27:57,4.22,0.0,20,8440,买盘
1053,13:28:24,4.22,0.0,1,422,买盘
1054,13:28:54,4.22,0.0,1,422,买盘
1055,13:29:24,4.22,0.0,1,422,买盘
1056,13:29:39,4.22,0.0,1,422,买盘
1057,13:29:48,4.22,0.0,15,6330,买盘
1058,13:29:51,4.22,0.0,100,42200,买盘
1059,13:29:54,4.22,0.0,100,42200,买盘
1060,13:30:18,4.21,-0.01,329,138509,卖盘
1061,13:30:25,4.21,0.0,168,70728,买盘
1062,13:30:45,4.22,0.01,3,1266,买盘
1063,13:31:24,4.22,0.0,25,10550,买盘
1064,13:31:27,4.21,-0.01,3,1263,卖盘
1065,13:32:24,4.21,0.0,58,24418,卖盘
1066,13:32:27,4.22,0.01,50,21100,买盘
1067,13:33:34,4.22,0.0,8,3376,买盘
1068,13:33:54,4.22,0.0,1,422,买盘
1069,13:34:24,4.22,0.0,1,422,买盘
1070,13:34:30,4.22,0.0,18,7596,买盘
1071,13:34:55,4.21,-0.01,273,114933,卖盘
1072,13:34:58,4.21,0.0,3,1263,卖盘
1073,13:35:06,4.21,0.0,152,63992,卖盘
1074,13:35:21,4.21,0.0,40,16840,买盘
1075,13:35:24,4.2,-0.01,2,840,卖盘
1076,13:35:37,4.2,0.0,2,840,卖盘
1077,13:36:06,4.2,0.0,6,2520,卖盘
1078,13:36:21,4.21,0.01,8,3368,买盘
1079,13:36:45,4.21,0.0,22,9262,买盘
1080,13:36:54,4.21,0.0,20,8420,买盘
1081,13:37:00,4.2,-0.01,20,8400,卖盘
1082,13:37:12,4.2,0.0,24,10080,卖盘
1083,13:37:48,4.21,0.01,8,3368,买盘
1084,13:37:54,4.21,0.0,14,5894,买盘
1085,13:38:06,4.21,0.0,8,3368,买盘
1086,13:38:21,4.21,0.0,100,42100,买盘
1087,13:38:30,4.21,0.0,100,42100,买盘
1088,13:38:45,4.21,0.0,69,28999,买盘
1089,13:38:52,4.21,0.0,51,21471,卖盘
1090,13:38:57,4.21,0.0,3,1263,卖盘
1091,13:39:34,4.21,0.0,25,10527,卖盘
1092,13:39:42,4.22,0.01,13,5486,买盘
1093,13:40:06,4.21,-0.01,140,58940,卖盘
1094,13:40:12,4.21,0.0,34,14314,卖盘
1095,13:40:15,4.21,0.0,70,29470,买盘
1096,13:40:21,4.2,-0.01,12,5040,卖盘
1097,13:40:24,4.2,0.0,4,1680,卖盘
1098,13:40:36,4.21,0.01,10,4210,买盘
1099,13:40:39,4.2,-0.01,3,1260,卖盘
1100,13:40:42,4.21,0.01,22,9262,买盘
1101,13:40:57,4.21,0.0,28,11788,买盘
1102,13:41:18,4.21,0.0,3,1263,中性盘
1103,13:41:21,4.21,0.0,45,18945,卖盘
1104,13:41:31,4.21,0.0,21,8841,卖盘
1105,13:41:39,4.21,0.0,86,36206,中性盘
1106,13:41:51,4.21,0.0,35,14735,卖盘
1107,13:42:00,4.21,0.0,39,16419,买盘
1108,13:42:04,4.21,0.0,1,421,买盘
1109,13:42:06,4.21,0.0,35,14735,卖盘
1110,13:42:12,4.2,-0.01,1,420,卖盘
1111,13:42:15,4.2,0.0,22,9250,卖盘
1112,13:42:39,4.21,0.01,15,6315,买盘
1113,13:42:42,4.21,0.0,23,9683,卖盘
1114,13:42:48,4.21,0.0,36,15156,卖盘
1115,13:43:00,4.21,0.0,88,37048,买盘
1116,13:43:06,4.21,0.0,12,5052,买盘
1117,13:43:09,4.21,0.0,15,6315,卖盘
1118,13:43:22,4.21,0.0,38,15998,买盘
1119,13:43:39,4.21,0.0,46,19366,买盘
1120,13:44:01,4.21,0.0,45,18945,买盘
1121,13:44:04,4.21,0.0,20,8420,买盘
1122,13:44:18,4.21,0.0,16,6736,买盘
1123,13:44:21,4.21,0.0,50,21050,买盘
1124,13:44:36,4.21,0.0,44,18524,买盘
1125,13:44:45,4.2,-0.01,50,21000,卖盘
1126,13:44:51,4.21,0.01,4,1684,买盘
1127,13:45:01,4.21,0.0,46,19366,买盘
1128,13:45:12,4.21,0.0,50,21050,买盘
1129,13:45:21,4.21,0.0,34,14314,买盘
1130,13:45:24,4.2,-0.01,4,1680,卖盘
1131,13:45:57,4.21,0.01,4,1684,买盘
1132,13:46:06,4.2,-0.01,13,5460,卖盘
1133,13:46:18,4.21,0.01,25,10525,买盘
1134,13:46:33,4.2,-0.01,95,39900,卖盘
1135,13:46:57,4.21,0.01,4,1684,买盘
1136,13:47:24,4.21,0.0,332,139772,买盘
1137,13:47:30,4.22,0.01,1,422,买盘
1138,13:47:33,4.21,-0.01,30,12630,卖盘
1139,13:47:36,4.21,0.0,138,58098,卖盘
1140,13:48:00,4.22,0.01,8,3370,买盘
1141,13:48:03,4.2,-0.02,10,4200,卖盘
1142,13:48:24,4.21,0.01,1,421,买盘
1143,13:48:27,4.21,0.0,71,29891,买盘
1144,13:48:36,4.21,0.0,3,1263,买盘
1145,13:49:00,4.21,0.0,3,1263,买盘
1146,13:49:24,4.21,0.0,2,842,买盘
1147,13:49:30,4.21,0.0,83,34943,买盘
1148,13:49:36,4.21,0.0,417,175557,卖盘
1149,13:50:00,4.21,0.0,100,42100,买盘
1150,13:50:24,4.21,0.0,1,421,买盘
1151,13:50:54,4.21,0.0,2,842,买盘
1152,13:51:01,4.21,0.0,2,842,买盘
1153,13:51:27,4.21,0.0,2,842,买盘
1154,13:51:54,4.21,0.0,1,421,买盘
1155,13:52:04,4.21,0.0,19,7999,买盘
1156,13:52:09,4.2,-0.01,2,840,卖盘
1157,13:52:24,4.21,0.01,12,5052,买盘
1158,13:52:34,4.21,0.0,8,3368,买盘
1159,13:52:45,4.2,-0.01,1,420,卖盘
1160,13:53:24,4.21,0.01,3,1263,买盘
1161,13:53:27,4.21,0.0,5,2105,买盘
1162,13:53:45,4.21,0.0,17,7157,买盘
1163,13:53:49,4.21,0.0,12,5050,买盘
1164,13:53:51,4.2,-0.01,2,840,卖盘
1165,13:54:24,4.2,0.0,200,84000,卖盘
1166,13:54:27,4.21,0.01,14,5894,买盘
1167,13:54:30,4.21,0.0,4,1684,买盘
1168,13:54:33,4.21,0.0,5,2105,买盘
1169,13:54:42,4.2,-0.01,4,1680,卖盘
1170,13:55:21,4.21,0.01,19,7999,买盘
1171,13:55:39,4.2,-0.01,3,1260,卖盘
1172,13:56:04,4.2,0.0,390,163800,卖盘
1173,13:56:21,4.21,0.01,16,6726,买盘
1174,13:56:24,4.2,-0.01,46,19358,卖盘
1175,13:56:36,4.2,0.0,1,420,卖盘
1176,13:56:48,4.21,0.01,53,22313,买盘
1177,13:57:00,4.21,0.0,4,1684,买盘
1178,13:57:10,4.21,0.0,36,15156,买盘
1179,13:57:12,4.21,0.0,97,40837,买盘
1180,13:57:18,4.2,-0.01,60,25200,卖盘
1181,13:57:51,4.21,0.01,36,15156,买盘
1182,13:57:54,4.21,0.0,19,7999,买盘
1183,13:57:57,4.21,0.0,56,23576,买盘
1184,13:58:04,4.2,-0.01,15,6302,卖盘
1185,13:58:18,4.2,0.0,180,75600,卖盘
1186,13:58:36,4.21,0.01,36,15156,买盘
1187,13:58:46,4.21,0.0,69,29049,买盘
1188,13:58:54,4.21,0.0,36,15156,买盘
1189,13:59:06,4.2,-0.01,71,29871,卖盘
1190,13:59:09,4.2,0.0,20,8400,卖盘
1191,13:59:15,4.2,0.0,2,840,卖盘
1192,13:59:21,4.2,0.0,113,47460,卖盘
1193,13:59:24,4.2,0.0,20,8400,卖盘
1194,13:59:33,4.2,0.0,2,840,卖盘
1195,13:59:39,4.2,0.0,28,11782,卖盘
1196,13:59:45,4.2,0.0,20,8400,卖盘
1197,13:59:51,4.2,0.0,50,21000,卖盘
1198,13:59:55,4.21,0.01,56,23576,买盘
1199,14:00:06,4.21,0.0,8,3368,买盘
1200,14:00:15,4.21,0.0,33,13893,买盘
1201,14:00:51,4.2,-0.01,1,420,卖盘
1202,14:00:57,4.21,0.01,154,64834,买盘
1203,14:01:51,4.2,-0.01,60,25200,卖盘
1204,14:01:54,4.21,0.01,12,5052,买盘
1205,14:02:00,4.2,-0.01,27,11340,卖盘
1206,14:02:12,4.2,0.0,6,2520,卖盘
1207,14:02:21,4.21,0.01,19,7999,买盘
1208,14:02:27,4.2,-0.01,1,420,卖盘
1209,14:02:39,4.2,0.0,15,6300,卖盘
1210,14:02:51,4.2,0.0,1,420,卖盘
1211,14:02:57,4.2,0.0,3,1260,卖盘
1212,14:03:21,4.2,0.0,1,420,卖盘
1213,14:03:24,4.21,0.01,2,842,买盘
1214,14:03:36,4.2,-0.01,10,4200,卖盘
1215,14:03:48,4.2,0.0,1,420,卖盘
1216,14:03:51,4.2,0.0,3,1260,卖盘
1217,14:03:55,4.2,0.0,195,81900,卖盘
1218,14:03:58,4.2,0.0,9,3780,卖盘
1219,14:04:06,4.2,0.0,1,420,卖盘
1220,14:04:15,4.2,0.0,1,420,卖盘
1221,14:04:18,4.2,0.0,100,42000,卖盘
1222,14:04:21,4.2,0.0,45,18900,买盘
1223,14:04:24,4.2,0.0,4,1680,买盘
1224,14:04:27,4.19,-0.01,5,2095,卖盘
1225,14:04:46,4.19,0.0,22,9218,卖盘
1226,14:05:27,4.19,0.0,30,12570,卖盘
1227,14:05:33,4.2,0.01,5,2100,买盘
1228,14:05:36,4.19,-0.01,18,7542,卖盘
1229,14:05:58,4.19,0.0,20,8380,卖盘
1230,14:06:33,4.19,0.0,10,4190,卖盘
1231,14:06:37,4.19,0.0,50,20950,卖盘
1232,14:06:39,4.19,0.0,273,114387,卖盘
1233,14:06:42,4.19,0.0,9,3771,卖盘
1234,14:06:45,4.19,0.0,29,12151,卖盘
1235,14:07:00,4.2,0.01,5,2100,买盘
1236,14:07:21,4.19,-0.01,448,187712,卖盘
1237,14:07:27,4.19,0.0,4,1676,买盘
1238,14:07:30,4.19,0.0,48,20112,买盘
1239,14:08:18,4.19,0.0,20,8380,买盘
1240,14:08:57,4.19,0.0,1,419,买盘
1241,14:09:00,4.19,0.0,33,13827,买盘
1242,14:09:04,4.19,0.0,163,68297,买盘
1243,14:09:06,4.19,0.0,10,4190,卖盘
1244,14:09:36,4.2,0.01,10,4200,买盘
1245,14:09:39,4.2,0.0,1,420,买盘
1246,14:11:12,4.19,-0.01,490,205310,卖盘
1247,14:11:21,4.19,0.0,59,24721,卖盘
1248,14:12:00,4.19,0.0,8,3352,买盘
1249,14:12:27,4.18,-0.01,32,13376,卖盘
1250,14:12:30,4.2,0.02,155,64959,买盘
1251,14:12:36,4.2,0.0,2,840,买盘
1252,14:12:39,4.2,0.0,26,10920,买盘
1253,14:12:45,4.2,0.0,15,6300,买盘
1254,14:12:49,4.19,-0.01,6,2514,卖盘
1255,14:12:58,4.2,0.01,16,6720,买盘
1256,14:13:00,4.2,0.0,11,4620,买盘
1257,14:13:12,4.2,0.0,38,15960,买盘
1258,14:13:19,4.2,0.0,14,5880,买盘
1259,14:13:22,4.2,0.0,35,14700,买盘
1260,14:13:43,4.2,0.0,56,23520,买盘
1261,14:13:51,4.2,0.0,42,17640,买盘
1262,14:13:57,4.2,0.0,12,5040,买盘
1263,14:14:01,4.2,0.0,50,21000,买盘
1264,14:14:07,4.2,0.0,180,75600,买盘
1265,14:14:21,4.2,0.0,50,21000,卖盘
1266,14:14:33,4.2,0.0,58,24360,卖盘
1267,14:15:21,4.21,0.01,14,5891,买盘
1268,14:15:24,4.2,-0.01,20,8400,中性盘
1269,14:15:33,4.2,0.0,1,420,买盘
1270,14:15:36,4.2,0.0,3,1260,卖盘
1271,14:15:48,4.2,0.0,609,255780,买盘
1272,14:16:09,4.2,0.0,2,840,买盘
1273,14:16:21,4.2,0.0,1,420,卖盘
1274,14:16:54,4.2,0.0,5,2100,卖盘
1275,14:17:54,4.19,-0.01,8,3352,卖盘
1276,14:18:10,4.2,0.01,10,4200,买盘
1277,14:18:18,4.21,0.01,353,148578,买盘
1278,14:18:36,4.2,-0.01,11,4630,卖盘
1279,14:18:52,4.21,0.01,11,4631,买盘
1280,14:19:00,4.2,-0.01,1,420,卖盘
1281,14:19:06,4.2,0.0,1,420,卖盘
1282,14:20:18,4.21,0.01,14,5894,买盘
1283,14:20:42,4.21,0.0,5,2105,买盘
1284,14:20:54,4.2,-0.01,13,5463,卖盘
1285,14:21:15,4.21,0.01,14,5894,买盘
1286,14:21:21,4.2,-0.01,101,42420,卖盘
1287,14:21:27,4.19,-0.01,31,12989,卖盘
1288,14:21:42,4.19,0.0,31,12989,卖盘
1289,14:21:48,4.2,0.01,5,2100,买盘
1290,14:21:57,4.19,-0.01,1,419,卖盘
1291,14:22:00,4.2,0.01,102,42840,买盘
1292,14:22:27,4.19,-0.01,25,10475,卖盘
1293,14:22:36,4.19,0.0,10,4190,卖盘
1294,14:22:42,4.19,0.0,25,10475,卖盘
1295,14:22:57,4.19,0.0,469,196511,卖盘
1296,14:23:09,4.19,0.0,2,838,卖盘
1297,14:23:18,4.19,0.0,20,8380,卖盘
1298,14:23:21,4.2,0.01,10,4200,买盘
1299,14:24:21,4.2,0.0,6,2520,买盘
1300,14:24:27,4.2,0.0,3,1260,买盘
1301,14:24:39,4.19,-0.01,2,838,卖盘
1302,14:25:39,4.19,0.0,80,33520,卖盘
1303,14:26:12,4.19,0.0,20,8380,卖盘
1304,14:26:21,4.19,0.0,1,419,卖盘
1305,14:26:27,4.19,0.0,40,16760,卖盘
1306,14:26:42,4.2,0.01,36,15120,买盘
1307,14:26:45,4.2,0.0,77,32340,买盘
1308,14:26:51,4.2,0.0,24,10080,卖盘
1309,14:26:54,4.21,0.01,32,13446,买盘
1310,14:27:06,4.21,0.0,37,15577,买盘
1311,14:27:09,4.21,0.0,35,14735,买盘
1312,14:27:18,4.2,-0.01,5,2100,卖盘
1313,14:27:24,4.21,0.01,1,421,买盘
1314,14:27:27,4.21,0.0,222,93462,买盘
1315,14:27:48,4.21,0.0,154,64834,买盘
1316,14:27:51,4.21,0.0,93,39153,买盘
1317,14:27:54,4.21,0.0,1,421,买盘
1318,14:27:57,4.21,0.0,9,3789,买盘
1319,14:28:06,4.21,0.0,35,14735,买盘
1320,14:28:10,4.21,0.0,163,68623,买盘
1321,14:28:15,4.19,-0.02,234,98179,卖盘
1322,14:28:18,4.19,0.0,20,8380,卖盘
1323,14:28:31,4.2,0.01,33,13861,卖盘
1324,14:28:42,4.2,0.0,52,21840,卖盘
1325,14:28:51,4.21,0.01,122,51362,买盘
1326,14:29:00,4.2,-0.01,200,84000,卖盘
1327,14:29:15,4.2,0.0,38,15960,卖盘
1328,14:29:27,4.2,0.0,27,11340,卖盘
1329,14:29:33,4.21,0.01,74,31154,买盘
1330,14:29:36,4.21,0.0,143,60174,买盘
1331,14:29:39,4.21,0.0,107,45049,卖盘
1332,14:29:45,4.21,0.0,1,421,卖盘
1333,14:29:54,4.21,0.0,141,59361,买盘
1334,14:29:57,4.21,0.0,37,15577,买盘
1335,14:30:12,4.21,0.0,83,34943,买盘
1336,14:30:16,4.2,-0.01,4,1680,卖盘
1337,14:30:18,4.21,0.01,20,8420,买盘
1338,14:30:24,4.22,0.01,431,181701,买盘
1339,14:30:36,4.21,-0.01,16,6736,买盘
1340,14:30:45,4.21,0.0,50,21050,卖盘
1341,14:31:00,4.22,0.01,10,4220,买盘
1342,14:31:03,4.21,-0.01,139,58593,卖盘
1343,14:31:18,4.21,0.0,41,17261,买盘
1344,14:31:43,4.21,0.0,60,25260,卖盘
1345,14:31:48,4.22,0.01,18,7596,买盘
1346,14:32:03,4.22,0.0,173,73006,买盘
1347,14:32:09,4.22,0.0,83,35026,买盘
1348,14:32:12,4.21,-0.01,41,17299,卖盘
1349,14:32:15,4.22,0.01,31,13077,买盘
1350,14:32:27,4.21,-0.01,33,13893,中性盘
1351,14:32:33,4.2,-0.01,58,24363,卖盘
1352,14:32:42,4.21,0.01,3,1263,卖盘
1353,14:32:57,4.21,0.0,10,4210,卖盘
1354,14:33:03,4.22,0.01,207,87354,买盘
1355,14:33:06,4.22,0.0,35,14770,买盘
1356,14:33:15,4.21,-0.01,10,4210,卖盘
1357,14:33:18,4.21,0.0,154,64875,卖盘
1358,14:33:21,4.21,0.0,10,4210,买盘
1359,14:33:27,4.21,0.0,30,12651,卖盘
1360,14:33:48,4.21,0.0,4,1684,卖盘
1361,14:33:57,4.22,0.01,40,16849,买盘
1362,14:34:04,4.21,-0.01,32,13501,卖盘
1363,14:34:07,4.22,0.01,21,8862,买盘
1364,14:34:16,4.22,0.0,83,35026,买盘
1365,14:34:27,4.22,0.0,86,36224,买盘
1366,14:34:36,4.2,-0.02,7,2940,卖盘
1367,14:34:39,4.22,0.02,1,422,买盘
1368,14:34:57,4.21,-0.01,34,14314,卖盘
1369,14:35:00,4.22,0.01,45,18965,买盘
1370,14:35:04,4.21,-0.01,16,6736,卖盘
1371,14:35:06,4.21,0.0,20,8420,卖盘
1372,14:35:09,4.21,0.0,10,4210,卖盘
1373,14:35:12,4.21,0.0,12,5052,卖盘
1374,14:35:15,4.21,0.0,72,30312,卖盘
1375,14:35:27,4.21,0.0,65,27312,买盘
1376,14:35:39,4.21,0.0,150,63150,买盘
1377,14:35:48,4.21,0.0,95,39995,买盘
1378,14:36:09,4.21,0.0,58,24370,买盘
1379,14:36:12,4.2,-0.01,7,2940,卖盘
1380,14:36:30,4.2,0.0,3,1260,卖盘
1381,14:36:33,4.2,0.0,1,420,卖盘
1382,14:36:57,4.2,0.0,29,12180,卖盘
1383,14:37:00,4.2,0.0,3,1260,卖盘
1384,14:37:15,4.2,0.0,3,1260,卖盘
1385,14:37:24,4.21,0.01,2,842,买盘
1386,14:37:27,4.2,-0.01,30,12600,卖盘
1387,14:37:30,4.21,0.01,7,2944,买盘
1388,14:37:33,4.21,0.0,4,1684,买盘
1389,14:37:37,4.21,0.0,2,842,买盘
1390,14:37:39,4.21,0.0,7,2947,买盘
1391,14:37:42,4.2,-0.01,184,77290,卖盘
1392,14:37:45,4.21,0.01,11,4631,买盘
1393,14:37:48,4.21,0.0,2,842,买盘
1394,14:37:55,4.21,0.0,256,107776,买盘
1395,14:38:01,4.21,0.0,13,5473,买盘
1396,14:38:04,4.21,0.0,1,421,买盘
1397,14:38:22,4.21,0.0,44,18524,买盘
1398,14:38:24,4.22,0.01,80,33710,买盘
1399,14:38:28,4.21,-0.01,24,10104,卖盘
1400,14:38:31,4.21,0.0,23,9683,中性盘
1401,14:38:46,4.21,0.0,19,7999,中性盘
1402,14:38:51,4.21,0.0,34,14314,中性盘
1403,14:38:54,4.21,0.0,100,42100,中性盘
1404,14:39:00,4.21,0.0,165,69324,买盘
1405,14:39:06,4.21,0.0,10,4210,卖盘
1406,14:39:09,4.22,0.01,12,5064,买盘
1407,14:39:19,4.21,-0.01,10,4210,卖盘
1408,14:39:57,4.21,0.0,5,2105,卖盘
1409,14:40:27,4.21,0.0,34,14314,卖盘
1410,14:40:30,4.21,0.0,1,421,卖盘
1411,14:40:46,4.22,0.01,30,12660,买盘
1412,14:40:57,4.21,-0.01,36,15156,卖盘
1413,14:41:06,4.21,0.0,5,2105,卖盘
1414,14:41:09,4.21,0.0,3,1263,卖盘
1415,14:41:18,4.21,0.0,20,8420,卖盘
1416,14:41:21,4.21,0.0,19,7999,卖盘
1417,14:41:27,4.21,0.0,38,15998,卖盘
1418,14:41:30,4.22,0.01,100,42200,买盘
1419,14:41:33,4.22,0.0,44,18568,买盘
1420,14:41:37,4.21,-0.01,2,842,卖盘
1421,14:41:52,4.22,0.01,30,12660,买盘
1422,14:41:54,4.21,-0.01,20,8420,卖盘
1423,14:41:57,4.21,0.0,38,15998,卖盘
1424,14:42:28,4.21,0.0,41,17261,卖盘
1425,14:42:30,4.22,0.01,132,55704,买盘
1426,14:42:36,4.22,0.0,1306,551132,买盘
1427,14:42:39,4.21,-0.01,11,4631,卖盘
1428,14:42:42,4.23,0.02,1036,438178,买盘
1429,14:42:45,4.23,0.0,5,2115,买盘
1430,14:42:48,4.22,-0.01,42,17724,卖盘
1431,14:42:51,4.23,0.01,2,846,买盘
1432,14:42:54,4.23,0.0,1821,770283,买盘
1433,14:42:57,4.23,0.0,69,29187,卖盘
1434,14:43:00,4.23,0.0,2,846,买盘
1435,14:43:04,4.23,0.0,19,8037,买盘
1436,14:43:07,4.23,0.0,61,25853,卖盘
1437,14:43:09,4.23,0.0,57,24111,买盘
1438,14:43:12,4.23,0.0,45,19035,卖盘
1439,14:43:15,4.24,0.01,319,135245,买盘
1440,14:43:18,4.23,-0.01,28,11862,卖盘
1441,14:43:24,4.24,0.01,2024,858176,买盘
1442,14:43:30,4.24,0.0,26,11024,买盘
1443,14:43:36,4.24,0.0,1,424,买盘
1444,14:43:39,4.24,0.0,144,61056,买盘
1445,14:43:42,4.24,0.0,555,235320,买盘
1446,14:43:45,4.24,0.0,1,424,买盘
1447,14:43:48,4.24,0.0,10,4240,买盘
1448,14:43:52,4.23,-0.01,36,15254,卖盘
1449,14:43:54,4.24,0.01,90,38160,买盘
1450,14:43:57,4.24,0.0,137,58088,买盘
1451,14:44:00,4.24,0.0,12,5088,卖盘
1452,14:44:06,4.24,0.0,21,8904,买盘
1453,14:44:09,4.24,0.0,18,7632,卖盘
1454,14:44:12,4.24,0.0,34,14416,卖盘
1455,14:44:18,4.24,0.0,8,3392,买盘
1456,14:44:21,4.24,0.0,64,27136,买盘
1457,14:44:24,4.24,0.0,189,80136,买盘
1458,14:44:28,4.25,0.01,184,78116,买盘
1459,14:44:33,4.24,-0.01,79,33544,卖盘
1460,14:44:39,4.25,0.01,17,7225,买盘
1461,14:44:48,4.25,0.0,301,127925,买盘
1462,14:44:51,4.25,0.0,656,278800,买盘
1463,14:44:54,4.25,0.0,527,223975,买盘
1464,14:44:57,4.25,0.0,405,172125,买盘
1465,14:45:00,4.25,0.0,156,66300,买盘
1466,14:45:04,4.25,0.0,33,14025,买盘
1467,14:45:10,4.25,0.0,2308,980900,买盘
1468,14:45:12,4.25,0.0,14,5950,卖盘
1469,14:45:15,4.26,0.01,163,69375,买盘
1470,14:45:18,4.25,-0.01,220,93504,卖盘
1471,14:45:22,4.25,0.0,25,10625,卖盘
1472,14:45:24,4.26,0.01,5,2130,买盘
1473,14:45:27,4.25,-0.01,349,148645,卖盘
1474,14:45:30,4.26,0.01,19,8084,买盘
1475,14:45:33,4.25,-0.01,20,8500,卖盘
1476,14:45:36,4.26,0.01,20,8520,买盘
1477,14:45:39,4.26,0.0,450,191700,买盘
1478,14:45:43,4.25,-0.01,169,71913,卖盘
1479,14:45:45,4.26,0.01,245,104370,买盘
1480,14:45:49,4.26,0.0,49,20874,买盘
1481,14:45:51,4.26,0.0,100,42600,买盘
1482,14:45:54,4.26,0.0,48,20448,买盘
1483,14:46:00,4.26,0.0,30,12780,买盘
1484,14:46:04,4.26,0.0,294,125234,买盘
1485,14:46:07,4.25,-0.01,758,322539,卖盘
1486,14:46:10,4.26,0.01,123,52398,买盘
1487,14:46:13,4.25,-0.01,991,421175,卖盘
1488,14:46:16,4.25,0.0,94,39950,卖盘
1489,14:46:19,4.25,0.0,472,200600,买盘
1490,14:46:27,4.24,-0.01,32,13568,卖盘
1491,14:46:30,4.25,0.01,52,22100,买盘
1492,14:46:36,4.25,0.0,4,1700,买盘
1493,14:46:45,4.24,-0.01,4,1696,卖盘
1494,14:46:48,4.24,0.0,53,22512,卖盘
1495,14:46:54,4.25,0.01,2,850,买盘
1496,14:46:58,4.24,-0.01,87,36888,卖盘
1497,14:47:07,4.25,0.01,47,19974,买盘
1498,14:47:09,4.24,-0.01,3,1272,卖盘
1499,14:47:13,4.25,0.01,230,97750,买盘
1500,14:47:18,4.24,-0.01,427,181425,卖盘
1501,14:47:22,4.25,0.01,10,4250,买盘
1502,14:47:28,4.24,-0.01,51,21624,卖盘
1503,14:47:37,4.25,0.01,20,8500,买盘
1504,14:47:40,4.25,0.0,549,233325,买盘
1505,14:47:42,4.24,-0.01,182,77348,卖盘
1506,14:47:45,4.25,0.01,151,64115,买盘
1507,14:47:48,4.25,0.0,3,1274,买盘
1508,14:48:00,4.25,0.0,14,5950,买盘
1509,14:48:04,4.25,0.0,5,2125,买盘
1510,14:48:07,4.24,-0.01,3,1272,卖盘
1511,14:48:09,4.25,0.01,274,116450,买盘
1512,14:48:16,4.24,-0.01,7,2968,卖盘
1513,14:48:18,4.25,0.01,135,57375,买盘
1514,14:48:21,4.25,0.0,11,4675,买盘
1515,14:48:33,4.24,-0.01,4,1696,卖盘
1516,14:48:36,4.24,0.0,13,5512,卖盘
1517,14:48:40,4.24,0.0,20,8480,卖盘
1518,14:48:43,4.25,0.01,50,21250,买盘
1519,14:48:46,4.24,-0.01,1,424,卖盘
1520,14:48:48,4.25,0.01,50,21250,买盘
1521,14:48:58,4.24,-0.01,24,10176,卖盘
1522,14:49:00,4.25,0.01,153,65025,买盘
1523,14:49:06,4.24,-0.01,2,848,卖盘
1524,14:49:15,4.24,0.0,2,848,卖盘
1525,14:49:22,4.24,0.0,11,4664,卖盘
1526,14:49:28,4.24,0.0,42,17808,卖盘
1527,14:49:31,4.24,0.0,45,19080,卖盘
1528,14:49:34,4.24,0.0,105,44620,卖盘
1529,14:49:36,4.24,0.0,135,57325,卖盘
1530,14:49:42,4.25,0.01,143,60732,买盘
1531,14:49:52,4.25,0.0,99,42075,买盘
1532,14:50:06,4.25,0.0,14,5946,买盘
1533,14:50:12,4.25,0.0,1,425,买盘
1534,14:50:25,4.24,-0.01,4,1696,卖盘
1535,14:50:28,4.24,0.0,33,13992,卖盘
1536,14:50:30,4.25,0.01,54,22950,买盘
1537,14:50:34,4.25,0.0,600,255000,买盘
1538,14:50:36,4.25,0.0,21,8924,买盘
1539,14:50:39,4.25,0.0,1,425,买盘
1540,14:50:51,4.25,0.0,7,2975,买盘
1541,14:50:57,4.25,0.0,43,18275,买盘
1542,14:51:04,4.24,-0.01,1,424,卖盘
1543,14:51:10,4.25,0.01,2,849,买盘
1544,14:51:13,4.24,-0.01,2,848,卖盘
1545,14:51:25,4.24,0.0,51,21624,卖盘
1546,14:51:31,4.24,0.0,16,6784,卖盘
1547,14:51:37,4.25,0.01,35,14875,买盘
1548,14:51:40,4.24,-0.01,50,21200,卖盘
1549,14:51:43,4.24,0.0,1,424,卖盘
1550,14:51:57,4.25,0.01,20,8500,买盘
1551,14:52:04,4.24,-0.01,2,848,卖盘
1552,14:52:15,4.24,0.0,17,7208,卖盘
1553,14:52:22,4.25,0.01,180,76500,买盘
1554,14:52:25,4.25,0.0,365,154806,买盘
1555,14:52:27,4.24,-0.01,2002,850848,卖盘
1556,14:52:37,4.25,0.01,23,9775,买盘
1557,14:52:40,4.24,-0.01,20,8480,卖盘
1558,14:52:46,4.25,0.01,10,4250,买盘
1559,14:52:49,4.25,0.0,53,22525,买盘
1560,14:52:52,4.24,-0.01,11,4664,卖盘
1561,14:52:58,4.25,0.01,1,425,买盘
1562,14:53:00,4.25,0.0,65,27625,买盘
1563,14:53:07,4.25,0.0,135,57375,买盘
1564,14:53:12,4.24,-0.01,100,42400,卖盘
1565,14:53:16,4.24,0.0,1,424,卖盘
1566,14:53:19,4.25,0.01,50,21250,买盘
1567,14:53:22,4.25,0.0,946,402404,买盘
1568,14:53:25,4.25,0.0,36,15300,卖盘
1569,14:53:28,4.25,0.0,119,50575,卖盘
1570,14:53:34,4.25,0.0,238,101150,卖盘
1571,14:53:40,4.25,0.0,22,9350,卖盘
1572,14:53:42,4.26,0.01,189,80426,买盘
1573,14:53:45,4.26,0.0,1000,426000,买盘
1574,14:53:58,4.26,0.0,50,21300,买盘
1575,14:54:01,4.26,0.0,120,51120,买盘
1576,14:54:07,4.26,0.0,111,47286,买盘
1577,14:54:12,4.26,0.0,10,4260,买盘
1578,14:54:15,4.26,0.0,50,21300,买盘
1579,14:54:18,4.25,-0.01,16,6814,卖盘
1580,14:54:28,4.26,0.01,186,79236,买盘
1581,14:54:31,4.25,-0.01,96,40881,卖盘
1582,14:54:36,4.25,0.0,41,17426,卖盘
1583,14:54:39,4.26,0.01,100,42600,买盘
1584,14:54:42,4.25,-0.01,10,4250,卖盘
1585,14:54:45,4.25,0.0,38,16182,卖盘
1586,14:54:52,4.26,0.01,704,299409,买盘
1587,14:54:55,4.26,0.0,187,79662,买盘
1588,14:55:01,4.26,0.0,120,51120,买盘
1589,14:55:04,4.25,-0.01,5,2129,卖盘
1590,14:55:07,4.25,0.0,6,2550,卖盘
1591,14:55:13,4.26,0.01,16,6816,买盘
1592,14:55:15,4.25,-0.01,11,4675,卖盘
1593,14:55:19,4.26,0.01,207,88122,买盘
1594,14:55:21,4.25,-0.01,16,6800,卖盘
1595,14:55:24,4.26,0.01,41,17446,买盘
1596,14:55:28,4.26,0.0,115,48990,买盘
1597,14:55:34,4.26,0.0,46,19596,买盘
1598,14:55:37,4.26,0.0,146,62191,买盘
1599,14:55:40,4.25,-0.01,25,10625,卖盘
1600,14:55:46,4.26,0.01,70,29820,买盘
1601,14:55:48,4.25,-0.01,15,6375,卖盘
1602,14:55:52,4.26,0.01,4,1704,买盘
1603,14:55:55,4.26,0.0,34,14484,买盘
1604,14:55:57,4.26,0.0,3,1278,买盘
1605,14:56:03,4.26,0.0,24,10224,买盘
1606,14:56:07,4.26,0.0,270,115020,买盘
1607,14:56:10,4.26,0.0,3,1277,买盘
1608,14:56:12,4.26,0.0,101,43025,买盘
1609,14:56:19,4.25,-0.01,119,50577,卖盘
1610,14:56:21,4.26,0.01,100,42600,买盘
1611,14:56:24,4.25,-0.01,190,80931,卖盘
1612,14:56:30,4.26,0.01,200,85200,买盘
1613,14:56:34,4.25,-0.01,23,9776,卖盘
1614,14:56:39,4.25,0.0,5,2125,卖盘
1615,14:56:42,4.25,0.0,401,170426,卖盘
1616,14:56:46,4.26,0.01,27,11502,买盘
1617,14:56:48,4.26,0.0,39,16611,买盘
1618,14:56:55,4.26,0.0,10,4260,买盘
1619,14:56:58,4.25,-0.01,79,33584,卖盘
1620,14:57:00,4.26,0.01,189,80514,买盘
1621,15:00:04,4.25,-0.01,1030,437750,卖盘
