,time,price,change,volume,amount,type
0,09:25:04,8.91,-0.06,20,17820,卖盘
1,09:30:07,8.88,-0.03,11,9768,中性盘
2,09:30:10,8.89,0.01,28,24892,中性盘
3,09:30:16,8.91,0.02,24,21384,买盘
4,09:30:19,8.91,0.0,17,15145,买盘
5,09:30:28,8.95,0.04,39,34869,买盘
6,09:30:31,8.95,0.0,1,895,买盘
7,09:30:34,8.95,0.0,29,25955,卖盘
8,09:30:43,8.98,0.03,1,898,卖盘
9,09:30:46,8.98,0.0,18,16172,卖盘
10,09:30:49,9.0,0.02,33,29697,买盘
11,09:30:55,9.01,0.01,11,9918,中性盘
12,09:30:58,9.04,0.03,12,10848,买盘
13,09:31:01,9.05,0.01,5,4523,买盘
14,09:31:05,9.02,-0.03,10,9020,卖盘
15,09:31:07,9.05,0.03,14,12670,买盘
16,09:31:10,9.05,0.0,10,9050,买盘
17,09:31:13,9.05,0.0,4,3620,买盘
18,09:31:16,9.05,0.0,10,9050,卖盘
19,09:31:19,9.06,0.01,6,5436,中性盘
20,09:31:25,9.06,0.0,3,2718,卖盘
21,09:31:28,9.06,0.0,5,4533,卖盘
22,09:31:31,9.05,-0.01,21,19022,卖盘
23,09:31:34,9.03,-0.02,8,7227,卖盘
24,09:31:37,9.02,-0.01,21,18978,卖盘
25,09:31:40,9.0,-0.02,2,1802,中性盘
26,09:31:46,8.95,-0.05,11,9855,卖盘
27,09:31:49,8.95,0.0,8,7169,卖盘
28,09:31:52,8.97,0.02,3,2691,中性盘
29,09:32:01,8.98,0.01,1,898,买盘
30,09:32:04,8.97,-0.01,9,8073,卖盘
31,09:32:07,8.98,0.01,7,6286,买盘
32,09:32:13,8.98,0.0,2,1796,卖盘
33,09:32:16,9.01,0.03,1,901,买盘
34,09:32:19,9.01,0.0,16,14416,买盘
35,09:32:31,9.01,0.0,1,901,卖盘
36,09:32:37,9.01,0.0,24,21627,卖盘
37,09:32:43,9.02,0.01,3,2706,卖盘
38,09:32:46,9.02,0.0,18,16251,卖盘
39,09:32:49,9.02,0.0,2,1804,卖盘
40,09:32:52,9.03,0.01,7,6321,买盘
41,09:33:01,9.04,0.01,2,1807,买盘
42,09:33:04,9.03,-0.01,3,2709,卖盘
43,09:33:07,9.03,0.0,9,8127,买盘
44,09:33:10,9.03,0.0,21,18950,买盘
45,09:33:13,9.02,-0.01,6,5412,卖盘
46,09:33:16,9.03,0.01,13,11737,中性盘
47,09:33:19,9.03,0.0,5,4515,卖盘
48,09:33:22,9.03,0.0,20,18060,卖盘
49,09:33:25,9.03,0.0,27,24381,卖盘
50,09:33:28,9.03,0.0,6,5418,卖盘
51,09:33:31,9.03,0.0,13,11739,卖盘
52,09:33:34,9.03,0.0,10,9030,卖盘
53,09:33:37,9.03,0.0,8,7224,卖盘
54,09:33:40,9.03,0.0,11,9933,卖盘
55,09:33:43,9.03,0.0,10,9030,卖盘
56,09:33:46,9.03,0.0,9,8127,卖盘
57,09:33:49,9.02,-0.01,35,31599,卖盘
58,09:33:52,9.02,0.0,3,3184,卖盘
59,09:33:55,9.02,0.0,5,4511,卖盘
60,09:33:58,9.02,0.0,8,6738,卖盘
61,09:34:01,9.06,0.04,74,67395,买盘
62,09:34:04,9.06,0.0,17,15402,卖盘
63,09:34:07,9.07,0.01,6,5439,买盘
64,09:34:10,9.06,-0.01,2,1812,卖盘
65,09:34:13,9.06,0.0,9,8154,卖盘
66,09:34:16,9.06,0.0,25,22650,卖盘
67,09:34:19,9.06,0.0,3,2238,卖盘
68,09:34:28,9.04,-0.02,27,24460,卖盘
69,09:34:31,9.03,-0.01,1,903,卖盘
70,09:34:34,9.04,0.01,1,904,买盘
71,09:34:37,9.02,-0.02,21,18961,卖盘
72,09:34:40,9.06,0.04,16,14489,买盘
73,09:34:58,9.02,-0.04,1,902,卖盘
74,09:35:01,9.02,0.0,1,902,卖盘
75,09:35:10,9.01,-0.01,3,2704,卖盘
76,09:35:13,9.01,0.0,38,34254,卖盘
77,09:35:22,9.01,0.0,2,1803,卖盘
78,09:35:25,9.01,0.0,6,5407,卖盘
79,09:35:28,9.01,0.0,1,901,卖盘
80,09:35:34,9.02,0.01,5,4510,中性盘
81,09:35:40,9.03,0.01,1,903,买盘
82,09:35:49,9.02,-0.01,3,2706,卖盘
83,09:35:55,9.03,0.01,1,903,买盘
84,09:36:01,9.03,0.0,1,903,买盘
85,09:36:04,9.02,-0.01,35,31570,卖盘
86,09:36:10,9.03,0.01,1,903,买盘
87,09:36:12,9.03,0.0,2,1805,买盘
88,09:36:16,9.03,0.0,4,3612,买盘
89,09:36:19,9.02,-0.01,1,902,卖盘
90,09:36:25,9.03,0.01,1,903,买盘
91,09:36:37,9.02,-0.01,35,31570,卖盘
92,09:36:43,9.02,0.0,25,22550,卖盘
93,09:36:49,9.02,0.0,2,1804,卖盘
94,09:36:55,9.03,0.01,1,903,买盘
95,09:37:04,9.02,-0.01,35,31570,卖盘
96,09:37:07,9.03,0.01,1,903,买盘
97,09:37:10,9.02,-0.01,2,1804,卖盘
98,09:37:13,9.03,0.01,20,18060,买盘
99,09:37:22,9.04,0.01,1,904,买盘
100,09:37:34,9.03,-0.01,36,32508,卖盘
101,09:37:40,9.03,0.0,7,6321,卖盘
102,09:37:43,9.03,0.0,1,903,卖盘
103,09:37:46,9.03,0.0,6,5418,卖盘
104,09:37:49,9.03,0.0,2,1806,卖盘
105,09:37:52,9.03,0.0,6,5419,卖盘
106,09:37:55,9.03,0.0,3,2709,卖盘
107,09:37:58,9.03,0.0,36,32508,卖盘
108,09:38:04,9.02,-0.01,8,7216,卖盘
109,09:38:07,9.02,0.0,1,902,买盘
110,09:38:10,9.01,-0.01,2,1803,卖盘
111,09:38:13,9.01,0.0,3,2703,卖盘
112,09:38:16,9.01,0.0,9,8109,卖盘
113,09:38:19,9.01,0.0,20,18021,卖盘
114,09:38:22,9.01,0.0,45,40545,卖盘
115,09:38:31,9.01,0.0,10,9010,买盘
116,09:38:37,8.98,-0.03,18,16164,卖盘
117,09:38:40,8.97,-0.01,30,26910,卖盘
118,09:38:43,8.98,0.01,12,10776,买盘
119,09:38:46,8.98,0.0,32,28706,买盘
120,09:38:49,8.97,-0.01,8,7176,卖盘
121,09:38:52,8.97,0.0,1,897,买盘
122,09:39:01,8.96,-0.01,5,4480,买盘
123,09:39:04,8.94,-0.02,28,25032,卖盘
124,09:39:10,8.94,0.0,2,1788,买盘
125,09:39:16,8.91,-0.03,1,891,卖盘
126,09:39:19,8.91,0.0,34,30294,卖盘
127,09:39:22,8.93,0.02,9,8037,买盘
128,09:39:28,8.93,0.0,4,3572,买盘
129,09:39:34,8.92,-0.01,80,71371,卖盘
130,09:39:40,8.97,0.05,1,897,买盘
131,09:39:49,8.96,-0.01,2,1792,卖盘
132,09:39:52,8.97,0.01,1,897,买盘
133,09:40:10,8.98,0.01,1,898,买盘
134,09:40:16,8.97,-0.01,1,897,卖盘
135,09:40:22,8.96,-0.01,9,8064,卖盘
136,09:40:25,8.97,0.01,3,2691,买盘
137,09:40:31,8.97,0.0,10,8970,卖盘
138,09:40:37,8.98,0.01,3,2694,买盘
139,09:40:40,8.97,-0.01,21,18838,卖盘
140,09:40:43,8.98,0.01,1,898,卖盘
141,09:40:49,8.98,0.0,1,898,卖盘
142,09:40:52,8.98,0.0,1,898,卖盘
143,09:40:55,8.98,0.0,3,2694,买盘
144,09:40:57,8.98,0.0,6,5388,买盘
145,09:41:01,8.98,0.0,9,8082,卖盘
146,09:41:04,8.98,0.0,10,8980,卖盘
147,09:41:07,8.98,0.0,8,7184,买盘
148,09:41:13,8.97,-0.01,2,1794,卖盘
149,09:41:16,8.98,0.01,2,1796,中性盘
150,09:41:19,8.98,0.0,5,4490,卖盘
151,09:41:22,8.99,0.01,1,899,买盘
152,09:41:25,8.99,0.0,1,899,买盘
153,09:41:28,8.98,-0.01,42,37723,卖盘
154,09:41:37,8.98,0.0,2,1796,卖盘
155,09:41:40,8.98,0.0,2,1797,卖盘
156,09:41:43,8.98,0.0,10,8980,卖盘
157,09:41:45,8.98,0.0,3,2694,买盘
158,09:41:49,8.98,0.0,3,2694,卖盘
159,09:41:52,8.98,0.0,1,898,买盘
160,09:41:55,8.97,-0.01,8,7176,卖盘
161,09:41:58,8.97,0.0,1,897,卖盘
162,09:42:01,8.97,0.0,4,3588,卖盘
163,09:42:07,8.98,0.01,3,2694,买盘
164,09:42:10,8.98,0.0,4,3592,卖盘
165,09:42:13,8.98,0.0,4,3592,卖盘
166,09:42:16,8.98,0.0,4,3589,中性盘
167,09:42:22,8.98,0.0,1,898,卖盘
168,09:42:25,8.98,0.0,10,8981,卖盘
169,09:42:31,8.97,-0.01,2,1794,卖盘
170,09:42:34,8.97,0.0,13,11661,卖盘
171,09:42:37,8.97,0.0,15,13456,卖盘
172,09:42:40,8.97,0.0,4,3588,卖盘
173,09:42:43,8.97,0.0,19,17043,卖盘
174,09:42:46,8.97,0.0,2,1794,卖盘
175,09:42:49,8.97,0.0,4,3588,卖盘
176,09:42:52,8.97,0.0,7,6279,卖盘
177,09:42:58,8.96,-0.01,1,896,卖盘
178,09:43:04,8.96,0.0,1,896,卖盘
179,09:43:06,8.97,0.01,1,897,买盘
180,09:43:19,8.96,-0.01,1,896,卖盘
181,09:43:22,8.96,0.0,1,896,卖盘
182,09:43:25,8.97,0.01,1,897,买盘
183,09:43:28,8.96,-0.01,30,26880,卖盘
184,09:43:31,8.96,0.0,12,10752,卖盘
185,09:43:37,8.96,0.0,4,3584,卖盘
186,09:43:40,8.96,0.0,4,3585,卖盘
187,09:43:43,8.96,0.0,6,5377,卖盘
188,09:43:46,8.96,0.0,18,16128,卖盘
189,09:43:49,8.96,0.0,2,1792,卖盘
190,09:43:52,8.96,0.0,1,896,卖盘
191,09:43:55,8.97,0.01,41,36777,买盘
192,09:44:01,8.97,0.0,5,4485,买盘
193,09:44:04,8.97,0.0,1,897,买盘
194,09:44:07,8.97,0.0,21,18837,买盘
195,09:44:10,8.98,0.01,6,5388,买盘
196,09:44:16,8.98,0.0,27,24246,买盘
197,09:44:25,9.01,0.03,4,3604,买盘
198,09:44:40,9.0,-0.01,2,1800,卖盘
199,09:44:43,9.0,0.0,2,1800,卖盘
200,09:44:49,9.0,0.0,1,900,卖盘
201,09:44:54,9.01,0.01,1,901,买盘
202,09:45:01,9.01,0.0,1,901,买盘
203,09:45:10,9.01,0.0,1,901,买盘
204,09:45:19,9.0,-0.01,2,1800,卖盘
205,09:45:25,9.01,0.01,1,901,买盘
206,09:45:31,9.0,-0.01,22,19800,卖盘
207,09:45:34,9.0,0.0,10,9000,买盘
208,09:45:37,9.0,0.0,18,16200,买盘
209,09:45:40,9.0,0.0,1,900,卖盘
210,09:45:43,9.0,0.0,2,1800,卖盘
211,09:45:49,9.01,0.01,1,901,买盘
212,09:45:55,9.01,0.0,1,901,买盘
213,09:45:58,9.0,-0.01,16,14400,卖盘
214,09:46:01,9.0,0.0,20,18000,买盘
215,09:46:10,9.0,0.0,1,900,买盘
216,09:46:13,9.0,0.0,11,9900,买盘
217,09:46:16,8.99,-0.01,4,3598,卖盘
218,09:46:25,9.01,0.02,1,901,买盘
219,09:46:40,9.01,0.0,1,901,买盘
220,09:46:43,9.01,0.0,54,48601,买盘
221,09:46:46,9.0,-0.01,1,900,卖盘
222,09:46:49,9.0,0.0,1,900,卖盘
223,09:46:52,9.0,0.0,36,32400,卖盘
224,09:46:55,9.0,0.0,1,900,买盘
225,09:47:01,9.0,0.0,2,1800,买盘
226,09:47:09,9.0,0.0,1,900,买盘
227,09:47:19,8.99,-0.01,1,899,卖盘
228,09:47:28,9.0,0.01,2,1800,买盘
229,09:47:39,9.0,0.0,1,900,买盘
230,09:47:42,8.99,-0.01,1,899,卖盘
231,09:47:46,8.99,0.0,1,899,卖盘
232,09:47:49,8.99,0.0,10,8998,卖盘
233,09:47:52,8.99,0.0,1,899,卖盘
234,09:47:55,8.99,0.0,4,3597,卖盘
235,09:47:58,8.99,0.0,1,899,卖盘
236,09:48:01,8.99,0.0,1,899,卖盘
237,09:48:04,8.99,0.0,3,2697,卖盘
238,09:48:07,8.99,0.0,31,27869,卖盘
239,09:48:10,9.0,0.01,2,1799,买盘
240,09:48:13,8.99,-0.01,9,8091,买盘
241,09:48:16,8.98,-0.01,2,1796,卖盘
242,09:48:19,8.98,0.0,1,898,卖盘
243,09:48:22,8.98,0.0,7,6286,卖盘
244,09:48:31,8.98,0.0,2,1796,卖盘
245,09:48:37,8.98,0.0,13,11674,卖盘
246,09:48:40,8.98,0.0,1,898,买盘
247,09:48:49,8.97,-0.01,1,897,卖盘
248,09:48:55,8.98,0.01,2,1796,买盘
249,09:49:13,8.97,-0.01,1,897,卖盘
250,09:49:16,8.97,0.0,1,897,卖盘
251,09:49:19,8.97,0.0,2,1794,卖盘
252,09:49:22,8.97,0.0,4,3588,卖盘
253,09:49:25,8.97,0.0,3,2692,卖盘
254,09:49:28,8.97,0.0,2,1794,卖盘
255,09:49:31,8.97,0.0,3,2691,卖盘
256,09:49:34,8.97,0.0,4,3588,卖盘
257,09:49:37,8.98,0.01,4,3589,买盘
258,09:49:40,8.97,-0.01,2,1795,卖盘
259,09:49:43,8.97,0.0,30,26910,卖盘
260,09:49:46,8.98,0.01,12,10774,买盘
261,09:49:55,8.98,0.0,1,898,买盘
262,09:50:01,8.96,-0.02,71,63616,卖盘
263,09:50:13,8.93,-0.03,1,893,卖盘
264,09:50:19,8.93,0.0,2,1786,卖盘
265,09:50:22,8.94,0.01,1,894,卖盘
266,09:50:25,8.95,0.01,1,895,买盘
267,09:50:40,8.96,0.01,1,896,买盘
268,09:50:52,8.95,-0.01,1,895,卖盘
269,09:51:10,8.96,0.01,1,896,买盘
270,09:51:13,8.95,-0.01,1,895,卖盘
271,09:51:16,8.95,0.0,8,7167,卖盘
272,09:51:19,8.95,0.0,1,895,卖盘
273,09:51:25,8.96,0.01,1,896,买盘
274,09:51:36,8.96,0.0,19,17024,买盘
275,09:51:45,8.96,0.0,2,1792,卖盘
276,09:52:09,8.96,0.0,2,1794,卖盘
277,09:52:13,8.96,0.0,1,896,卖盘
278,09:52:19,8.96,0.0,1,896,卖盘
279,09:52:25,8.98,0.02,1,898,买盘
280,09:52:40,8.98,0.0,2,1796,买盘
281,09:52:46,8.96,-0.02,1,896,卖盘
282,09:52:49,8.96,0.0,14,12561,卖盘
283,09:52:52,8.98,0.02,6,5388,买盘
284,09:52:54,8.96,-0.02,47,42112,卖盘
285,09:53:04,8.97,0.01,46,41262,卖盘
286,09:53:07,8.98,0.01,25,22445,买盘
287,09:53:10,8.98,0.0,1,898,买盘
288,09:53:18,8.97,-0.01,8,7176,卖盘
289,09:53:22,8.98,0.01,39,34987,买盘
290,09:53:25,8.98,0.0,1,898,买盘
291,09:53:43,8.96,-0.02,10,8987,卖盘
292,09:53:46,8.96,0.0,1,896,卖盘
293,09:53:55,8.99,0.03,1,899,买盘
294,09:54:10,8.99,0.0,1,899,买盘
295,09:54:15,8.97,-0.02,1,897,卖盘
296,09:54:18,8.97,0.0,2,1794,卖盘
297,09:54:25,8.99,0.02,1,899,买盘
298,09:54:46,8.97,-0.02,1,897,卖盘
299,09:54:49,8.97,0.0,1,897,卖盘
300,09:54:52,8.97,0.0,20,17940,卖盘
301,09:54:55,8.99,0.02,1,899,买盘
302,09:54:58,8.99,0.0,49,44051,买盘
303,09:55:04,8.98,-0.01,1,898,卖盘
304,09:55:10,8.99,0.01,47,42253,买盘
305,09:55:12,8.99,0.0,9,8091,买盘
306,09:55:16,8.99,0.0,1,899,卖盘
307,09:55:19,8.99,0.0,2,1799,卖盘
308,09:55:22,9.01,0.02,3,2703,买盘
309,09:55:25,9.01,0.0,23,20723,买盘
310,09:55:40,9.03,0.02,2,1806,买盘
311,09:55:46,9.02,-0.01,2,1804,卖盘
312,09:55:48,9.03,0.01,5,4515,买盘
313,09:55:55,9.03,0.0,1,903,买盘
314,09:56:10,9.02,-0.01,13,11738,卖盘
315,09:56:16,9.02,0.0,1,902,卖盘
316,09:56:22,9.02,0.0,15,13530,卖盘
317,09:56:25,9.02,0.0,1,902,卖盘
318,09:56:31,9.02,0.0,177,159660,卖盘
319,09:56:36,9.0,-0.02,2,1800,卖盘
320,09:56:40,9.0,0.0,4,3601,买盘
321,09:56:43,9.0,0.0,1,900,卖盘
322,09:56:54,9.0,0.0,1,900,买盘
323,09:57:01,9.01,0.01,1,901,买盘
324,09:57:07,9.01,0.0,1,901,卖盘
325,09:57:13,8.97,-0.04,2,1794,卖盘
326,09:57:28,9.01,0.04,1,901,买盘
327,09:57:40,8.99,-0.02,2,1800,卖盘
328,09:57:43,8.99,0.0,1,899,卖盘
329,09:57:46,8.99,0.0,1,899,卖盘
330,09:57:49,8.99,0.0,2,1798,卖盘
331,09:57:52,8.99,0.0,2,1798,卖盘
332,09:57:55,8.99,0.0,1,899,卖盘
333,09:58:13,8.98,-0.01,7,6286,卖盘
334,09:58:22,8.97,-0.01,5,4485,卖盘
335,09:58:25,8.97,0.0,1,897,卖盘
336,09:58:28,8.97,0.0,1,897,卖盘
337,09:58:46,8.97,0.0,1,897,买盘
338,09:58:52,8.98,0.01,3,2694,买盘
339,09:58:58,8.98,0.0,10,8980,买盘
340,09:59:04,8.99,0.01,1,899,买盘
341,09:59:25,9.0,0.01,9,8100,卖盘
342,09:59:33,9.01,0.01,17,15317,卖盘
343,09:59:37,9.0,-0.01,6,5400,买盘
344,09:59:43,9.0,0.0,59,53100,买盘
345,09:59:52,9.0,0.0,20,18000,卖盘
346,10:00:01,9.0,0.0,22,19800,卖盘
347,10:00:07,9.0,0.0,5,4500,买盘
348,10:00:12,9.0,0.0,1,900,买盘
349,10:00:16,9.0,0.0,1,900,买盘
350,10:00:40,9.0,0.0,1,900,买盘
351,10:00:42,9.0,0.0,30,27000,卖盘
352,10:00:52,9.01,0.01,31,27931,卖盘
353,10:00:55,9.01,0.0,36,32436,买盘
354,10:00:57,9.01,0.0,24,21624,中性盘
355,10:01:04,9.02,0.01,3,2706,买盘
356,10:01:07,9.02,0.0,33,29766,卖盘
357,10:01:10,9.03,0.01,50,45150,买盘
358,10:01:16,9.03,0.0,12,10836,买盘
359,10:01:19,9.02,-0.01,66,59564,卖盘
360,10:01:22,9.04,0.02,1,904,买盘
361,10:01:31,9.03,-0.01,34,30702,卖盘
362,10:01:45,9.04,0.01,1,904,买盘
363,10:01:49,9.04,0.0,35,31639,买盘
364,10:01:58,9.04,0.0,10,9040,买盘
365,10:02:01,9.04,0.0,1,904,买盘
366,10:02:04,9.04,0.0,10,9040,买盘
367,10:02:13,9.05,0.01,2,1809,买盘
368,10:02:16,9.03,-0.02,19,17161,卖盘
369,10:02:19,9.03,0.0,22,19873,卖盘
370,10:02:25,9.04,0.01,34,30729,买盘
371,10:02:30,9.03,-0.01,2,1807,卖盘
372,10:02:33,9.03,0.0,1,903,卖盘
373,10:02:40,9.03,0.0,1,903,卖盘
374,10:02:43,9.04,0.01,1,904,买盘
375,10:02:46,9.03,-0.01,2,1806,卖盘
376,10:02:49,9.03,0.0,2,1806,卖盘
377,10:02:51,9.03,0.0,6,5418,卖盘
378,10:02:55,9.03,0.0,2,1806,卖盘
379,10:02:58,9.04,0.01,3,2710,买盘
380,10:03:01,9.03,-0.01,3,2709,卖盘
381,10:03:04,9.03,0.0,2,1806,卖盘
382,10:03:07,9.03,0.0,2,1806,卖盘
383,10:03:10,9.03,0.0,3,2709,卖盘
384,10:03:28,9.03,0.0,1,903,买盘
385,10:03:42,9.03,0.0,11,9933,买盘
386,10:03:49,9.03,0.0,2,1806,卖盘
387,10:03:55,9.03,0.0,2,1806,卖盘
388,10:04:01,9.03,0.0,2,1806,卖盘
389,10:04:04,9.03,0.0,2,1806,卖盘
390,10:04:07,9.03,0.0,1,903,卖盘
391,10:04:10,9.03,0.0,3,2709,卖盘
392,10:04:13,9.03,0.0,1,903,卖盘
393,10:04:16,9.03,0.0,2,1806,卖盘
394,10:04:19,9.03,0.0,19,17157,卖盘
395,10:04:55,9.02,-0.01,3,2706,卖盘
396,10:05:01,9.02,0.0,2,1804,卖盘
397,10:05:04,9.02,0.0,32,28864,卖盘
398,10:05:07,9.02,0.0,1,902,买盘
399,10:05:22,9.02,0.0,7,6314,买盘
400,10:05:28,9.03,0.01,13,11739,买盘
401,10:05:34,9.04,0.01,12,10843,买盘
402,10:05:37,9.04,0.0,5,4520,买盘
403,10:05:40,9.05,0.01,19,17189,买盘
404,10:05:43,9.05,0.0,45,40725,买盘
405,10:05:49,9.06,0.01,50,45300,买盘
406,10:05:55,9.07,0.01,6,5442,买盘
407,10:05:58,9.08,0.01,80,72602,买盘
408,10:06:01,9.06,-0.02,4,3627,卖盘
409,10:06:04,9.08,0.02,28,25424,买盘
410,10:06:10,9.09,0.01,96,87264,买盘
411,10:06:16,9.1,0.01,10,9100,买盘
412,10:06:22,9.1,0.0,28,25502,卖盘
413,10:06:28,9.13,0.03,37,33781,买盘
414,10:06:31,9.12,-0.01,20,18253,卖盘
415,10:06:34,9.13,0.01,53,48389,买盘
416,10:06:37,9.13,0.0,7,6391,卖盘
417,10:06:43,9.14,0.01,1,914,买盘
418,10:06:52,9.15,0.01,1,915,买盘
419,10:06:58,9.15,0.0,5,4574,买盘
420,10:07:01,9.14,-0.01,2,1829,卖盘
421,10:07:04,9.15,0.01,4,3660,中性盘
422,10:07:07,9.15,0.0,28,25620,卖盘
423,10:07:10,9.15,0.0,22,20130,买盘
424,10:07:13,9.15,0.0,101,92415,卖盘
425,10:07:16,9.15,0.0,1,915,卖盘
426,10:07:19,9.15,0.0,17,15555,卖盘
427,10:07:22,9.15,0.0,52,47620,卖盘
428,10:07:25,9.15,0.0,47,43005,卖盘
429,10:07:31,9.15,0.0,29,26535,卖盘
430,10:07:34,9.15,0.0,4,3660,卖盘
431,10:07:37,9.16,0.01,9,8236,买盘
432,10:07:40,9.15,-0.01,6,5490,卖盘
433,10:07:43,9.15,0.0,13,11895,卖盘
434,10:07:46,9.15,0.0,78,71380,卖盘
435,10:07:49,9.15,0.0,1,915,买盘
436,10:07:52,9.14,-0.01,1,914,卖盘
437,10:07:55,9.14,0.0,68,62153,卖盘
438,10:08:01,9.14,0.0,2,1828,买盘
439,10:08:07,9.13,-0.01,1,913,卖盘
440,10:08:10,9.13,0.0,1,913,买盘
441,10:08:22,9.11,-0.02,8,7290,卖盘
442,10:08:25,9.11,0.0,1,911,卖盘
443,10:08:28,9.11,0.0,1,911,卖盘
444,10:08:37,9.11,0.0,1,911,买盘
445,10:08:43,9.1,-0.01,1,910,卖盘
446,10:08:46,9.1,0.0,1,910,卖盘
447,10:08:51,9.11,0.01,1,911,买盘
448,10:08:55,9.1,-0.01,3,2730,卖盘
449,10:09:04,9.1,0.0,11,10010,卖盘
450,10:09:07,9.1,0.0,5,4550,卖盘
451,10:09:10,9.1,0.0,1,910,买盘
452,10:09:13,9.1,0.0,5,4550,买盘
453,10:09:21,9.1,0.0,1,910,买盘
454,10:09:25,9.09,-0.01,2,1818,卖盘
455,10:09:28,9.09,0.0,2,1818,卖盘
456,10:09:37,9.1,0.01,1,910,买盘
457,10:09:40,9.1,0.0,10,9100,买盘
458,10:09:52,9.1,0.0,1,910,买盘
459,10:09:54,9.09,-0.01,2,1818,卖盘
460,10:09:58,9.09,0.0,2,1818,卖盘
461,10:10:01,9.09,0.0,1,909,卖盘
462,10:10:04,9.09,0.0,1,909,卖盘
463,10:10:22,9.09,0.0,1,909,买盘
464,10:10:25,9.07,-0.02,2,1814,卖盘
465,10:10:28,9.08,0.01,2,1816,中性盘
466,10:10:37,9.09,0.01,1,909,买盘
467,10:10:55,9.08,-0.01,5,4541,卖盘
468,10:11:22,9.08,0.0,2,1818,卖盘
469,10:11:25,9.11,0.03,66,60061,买盘
470,10:11:37,9.11,0.0,1,911,买盘
471,10:11:43,9.11,0.0,202,184022,买盘
472,10:11:49,9.11,0.0,2,1822,买盘
473,10:11:55,9.11,0.0,38,34615,买盘
474,10:11:58,9.11,0.0,69,62859,买盘
475,10:12:04,9.12,0.01,5,4560,买盘
476,10:12:07,9.12,0.0,14,12768,买盘
477,10:12:09,9.14,0.02,75,68527,买盘
478,10:12:16,9.15,0.01,1,915,买盘
479,10:12:19,9.15,0.0,18,16470,买盘
480,10:12:22,9.16,0.01,72,65941,买盘
481,10:12:25,9.15,-0.01,2,1830,卖盘
482,10:12:28,9.15,0.0,3,2745,卖盘
483,10:12:34,9.15,0.0,10,9150,卖盘
484,10:12:37,9.16,0.01,1,916,买盘
485,10:12:45,9.15,-0.01,30,27450,卖盘
486,10:12:52,9.15,0.0,2,1830,卖盘
487,10:12:55,9.15,0.0,21,19215,卖盘
488,10:12:57,9.15,0.0,165,150975,卖盘
489,10:13:01,9.15,0.0,1,915,买盘
490,10:13:04,9.14,-0.01,2,1828,卖盘
491,10:13:07,9.14,0.0,46,42044,卖盘
492,10:13:10,9.14,0.0,5,4570,买盘
493,10:13:22,9.12,-0.02,4,3648,卖盘
494,10:13:25,9.14,0.02,1,914,买盘
495,10:13:37,9.13,-0.01,1,913,买盘
496,10:14:09,9.13,0.0,1,913,买盘
497,10:14:22,9.13,0.0,1,913,买盘
498,10:14:28,9.13,0.0,8,7304,买盘
499,10:14:31,9.12,-0.01,10,9122,卖盘
500,10:14:43,9.12,0.0,35,31920,卖盘
501,10:14:55,9.13,0.01,1,913,买盘
502,10:15:10,9.13,0.0,1,913,买盘
503,10:15:22,9.13,0.0,1,913,买盘
504,10:15:54,9.13,0.0,1,913,买盘
505,10:16:07,9.13,0.0,1,913,买盘
506,10:16:25,9.13,0.0,1,913,买盘
507,10:16:40,9.13,0.0,9,8217,买盘
508,10:16:55,9.12,-0.01,7,6387,卖盘
509,10:17:04,9.12,0.0,6,5472,卖盘
510,10:17:10,9.13,0.01,1,913,买盘
511,10:17:22,9.14,0.01,1,914,买盘
512,10:17:52,9.14,0.0,1,914,买盘
513,10:18:10,9.14,0.0,1,914,买盘
514,10:18:22,9.13,-0.01,5,4565,卖盘
515,10:18:37,9.14,0.01,8,7312,买盘
516,10:18:40,9.15,0.01,8,7314,买盘
517,10:18:48,9.15,0.0,44,40260,买盘
518,10:18:54,9.15,0.0,1,915,买盘
519,10:18:58,9.15,0.0,84,76860,买盘
520,10:19:07,9.17,0.02,75,68709,买盘
521,10:19:13,9.17,0.0,3,2751,买盘
522,10:19:15,9.17,0.0,9,8247,中性盘
523,10:19:18,9.17,0.0,44,40312,买盘
524,10:19:22,9.17,0.0,17,15589,买盘
525,10:19:37,9.17,0.0,1,917,买盘
526,10:19:49,9.16,-0.01,7,6412,卖盘
527,10:19:52,9.17,0.01,1,917,买盘
528,10:19:58,9.16,-0.01,3,2748,卖盘
529,10:20:01,9.16,0.0,4,3664,卖盘
530,10:20:04,9.16,0.0,12,10992,卖盘
531,10:20:10,9.16,0.0,1,916,买盘
532,10:20:22,9.15,-0.01,1,915,卖盘
533,10:20:37,9.15,0.0,1,915,买盘
534,10:20:40,9.14,-0.01,10,9140,卖盘
535,10:20:55,9.15,0.01,1,915,买盘
536,10:21:10,9.14,-0.01,5,4570,卖盘
537,10:21:24,9.15,0.01,1,915,买盘
538,10:21:40,9.15,0.0,1,915,买盘
539,10:21:43,9.14,-0.01,4,3656,卖盘
540,10:21:54,9.14,0.0,1,914,买盘
541,10:22:15,9.13,-0.01,31,28303,卖盘
542,10:22:21,9.14,0.01,1,914,买盘
543,10:22:36,9.13,-0.01,24,21912,卖盘
544,10:22:40,9.14,0.01,1,914,买盘
545,10:22:55,9.14,0.0,30,27391,买盘
546,10:23:01,9.12,-0.02,9,8208,卖盘
547,10:23:04,9.12,0.0,93,84816,卖盘
548,10:23:07,9.12,0.0,7,6384,买盘
549,10:23:13,9.13,0.01,1,913,买盘
550,10:23:25,9.13,0.0,1,913,买盘
551,10:23:31,9.11,-0.02,6,5466,卖盘
552,10:23:40,9.14,0.03,1,914,买盘
553,10:24:10,9.14,0.0,1,914,买盘
554,10:24:25,9.15,0.01,1,915,买盘
555,10:24:40,9.15,0.0,1,915,买盘
556,10:25:10,9.14,-0.01,1,914,买盘
557,10:25:13,9.13,-0.01,8,7304,卖盘
558,10:25:15,9.13,0.0,3,2739,卖盘
559,10:25:18,9.13,0.0,3,2739,卖盘
560,10:25:22,9.13,0.0,3,2739,卖盘
561,10:25:24,9.14,0.01,3,2740,买盘
562,10:25:28,9.13,-0.01,47,42911,卖盘
563,10:25:30,9.14,0.01,21,19189,买盘
564,10:25:39,9.13,-0.01,1,913,买盘
565,10:25:58,9.11,-0.02,5,4558,卖盘
566,10:26:10,9.13,0.02,1,913,买盘
567,10:26:25,9.13,0.0,1,913,买盘
568,10:26:39,9.13,0.0,1,913,买盘
569,10:26:42,9.14,0.01,66,60319,买盘
570,10:26:58,9.14,0.0,5,4570,买盘
571,10:27:00,9.14,0.0,4,3656,中性盘
572,10:27:07,9.14,0.0,1,914,买盘
573,10:27:10,9.14,0.0,7,6398,买盘
574,10:27:13,9.14,0.0,12,10968,买盘
575,10:27:16,9.14,0.0,19,17366,买盘
576,10:27:19,9.14,0.0,89,81346,买盘
577,10:27:21,9.14,0.0,2,1828,卖盘
578,10:27:25,9.15,0.01,7,6405,买盘
579,10:27:28,9.15,0.0,35,32025,买盘
580,10:27:33,9.16,0.01,48,43968,买盘
581,10:27:40,9.19,0.03,68,62420,买盘
582,10:27:46,9.17,-0.02,35,32103,卖盘
583,10:27:49,9.19,0.02,2,1838,买盘
584,10:27:52,9.19,0.0,20,18380,买盘
585,10:27:54,9.19,0.0,1,919,买盘
586,10:28:04,9.19,0.0,15,13785,买盘
587,10:28:10,9.19,0.0,2,1837,买盘
588,10:28:19,9.18,-0.01,10,9180,卖盘
589,10:28:25,9.18,0.0,98,89965,卖盘
590,10:28:27,9.19,0.01,94,86326,买盘
591,10:28:33,9.18,-0.01,6,5508,卖盘
592,10:28:37,9.18,0.0,170,156170,卖盘
593,10:28:40,9.18,0.0,2,1836,买盘
594,10:28:55,9.17,-0.01,1,917,买盘
595,10:29:01,9.17,0.0,16,14657,买盘
596,10:29:10,9.17,0.0,66,60587,中性盘
597,10:29:25,9.18,0.01,1,918,买盘
598,10:29:55,9.17,-0.01,1,917,买盘
599,10:30:01,9.16,-0.01,1,916,卖盘
600,10:30:09,9.17,0.01,1,917,买盘
601,10:30:12,9.16,-0.01,5,4580,卖盘
602,10:30:39,9.16,0.0,1,916,买盘
603,10:32:01,9.15,-0.01,1,915,卖盘
604,10:32:07,9.15,0.0,1,915,卖盘
605,10:32:25,9.14,-0.01,2,1828,卖盘
606,10:32:46,9.13,-0.01,4,3652,卖盘
607,10:32:55,9.13,0.0,2,1826,卖盘
608,10:32:58,9.13,0.0,2,1826,卖盘
609,10:33:19,9.14,0.01,1,914,卖盘
610,10:33:25,9.14,0.0,18,16452,卖盘
611,10:33:46,9.14,0.0,1,914,卖盘
612,10:33:57,9.14,0.0,5,4570,卖盘
613,10:34:16,9.14,0.0,1,914,卖盘
614,10:34:28,9.13,-0.01,86,78521,卖盘
615,10:34:31,9.13,0.0,1,913,买盘
616,10:34:34,9.14,0.01,5,4566,买盘
617,10:34:58,9.12,-0.02,1,912,卖盘
618,10:35:01,9.12,0.0,1,912,卖盘
619,10:35:09,9.17,0.05,66,60421,买盘
620,10:35:16,9.18,0.01,66,60574,买盘
621,10:35:37,9.16,-0.02,1,916,卖盘
622,10:35:40,9.16,0.0,1,916,卖盘
623,10:35:52,9.16,0.0,45,41220,卖盘
624,10:36:33,9.16,0.0,1,916,卖盘
625,10:37:07,9.15,-0.01,40,36600,卖盘
626,10:37:15,9.15,0.0,60,54900,卖盘
627,10:37:21,9.15,0.0,50,45750,卖盘
628,10:37:24,9.15,0.0,8,7320,卖盘
629,10:37:33,9.13,-0.02,4,3652,卖盘
630,10:38:22,9.12,-0.01,5,4560,卖盘
631,10:38:25,9.12,0.0,10,9120,卖盘
632,10:38:37,9.13,0.01,1,913,买盘
633,10:40:45,9.14,0.01,2,1828,买盘
634,10:41:04,9.14,0.0,14,12796,买盘
635,10:41:28,9.15,0.01,19,17385,买盘
636,10:41:31,9.15,0.0,73,66775,买盘
637,10:41:37,9.17,0.02,18,16506,买盘
638,10:41:40,9.18,0.01,32,29353,买盘
639,10:41:43,9.18,0.0,25,22950,买盘
640,10:41:46,9.18,0.0,21,19278,买盘
641,10:41:49,9.19,0.01,6,5514,买盘
642,10:41:52,9.19,0.0,7,6433,买盘
643,10:41:55,9.2,0.01,73,67124,买盘
644,10:41:58,9.2,0.0,18,16560,买盘
645,10:42:01,9.21,0.01,136,125134,买盘
646,10:42:04,9.23,0.02,10,9230,买盘
647,10:42:07,9.23,0.0,11,10153,买盘
648,10:42:09,9.24,0.01,18,16632,买盘
649,10:42:16,9.24,0.0,7,6468,买盘
650,10:42:19,9.24,0.0,5,4620,卖盘
651,10:42:28,9.25,0.01,70,64750,买盘
652,10:42:31,9.25,0.0,52,48100,卖盘
653,10:42:34,9.26,0.01,14,12964,买盘
654,10:42:40,9.26,0.0,2,1852,买盘
655,10:42:43,9.26,0.0,4,3704,卖盘
656,10:42:46,9.26,0.0,50,46300,买盘
657,10:42:55,9.26,0.0,30,27780,卖盘
658,10:43:04,9.26,0.0,50,46300,卖盘
659,10:43:10,9.25,-0.01,3,2777,卖盘
660,10:43:16,9.26,0.01,1,926,卖盘
661,10:43:19,9.25,-0.01,70,64750,卖盘
662,10:43:34,9.2,-0.05,2,1840,卖盘
663,10:43:39,9.2,0.0,1,920,卖盘
664,10:43:43,9.19,-0.01,1,919,卖盘
665,10:43:46,9.18,-0.01,1,918,卖盘
666,10:43:55,9.2,0.02,2,1840,卖盘
667,10:43:58,9.2,0.0,5,4600,卖盘
668,10:44:04,9.23,0.03,42,38766,买盘
669,10:44:25,9.23,0.0,32,29536,买盘
670,10:44:30,9.24,0.01,5,4620,买盘
671,10:44:46,9.24,0.0,49,45276,买盘
672,10:44:51,9.25,0.01,1,925,卖盘
673,10:44:57,9.25,0.0,18,16650,卖盘
674,10:45:01,9.25,0.0,1,925,买盘
675,10:45:54,9.22,-0.03,20,18440,买盘
676,10:45:57,9.21,-0.01,5,4605,卖盘
677,10:46:07,9.21,0.0,1,921,卖盘
678,10:46:13,9.23,0.02,20,18458,买盘
679,10:46:21,9.23,0.0,1,923,买盘
680,10:46:31,9.21,-0.02,1,921,卖盘
681,10:46:45,9.21,0.0,27,24867,卖盘
682,10:47:06,9.21,0.0,23,21183,买盘
683,10:47:28,9.23,0.02,1,923,买盘
684,10:47:30,9.22,-0.01,26,23987,卖盘
685,10:47:33,9.23,0.01,13,11999,买盘
686,10:47:39,9.23,0.0,1,923,买盘
687,10:47:42,9.23,0.0,10,9230,买盘
688,10:48:21,9.22,-0.01,6,5532,卖盘
689,10:48:24,9.22,0.0,15,13830,卖盘
690,10:48:34,9.22,0.0,1,922,卖盘
691,10:49:04,9.22,0.0,1,922,卖盘
692,10:49:06,9.22,0.0,5,4610,卖盘
693,10:49:10,9.22,0.0,4,3688,卖盘
694,10:49:16,9.23,0.01,4,3876,买盘
695,10:49:21,9.23,0.0,1,738,买盘
696,10:49:30,9.21,-0.02,1,921,卖盘
697,10:50:34,9.21,0.0,1,921,卖盘
698,10:51:16,9.21,0.0,10,9210,卖盘
699,10:51:22,9.2,-0.01,69,63481,卖盘
700,10:51:31,9.21,0.01,1,921,卖盘
701,10:52:37,9.2,-0.01,1,920,卖盘
702,10:52:54,9.22,0.02,20,18440,买盘
703,10:53:10,9.23,0.01,3,2769,买盘
704,10:53:27,9.23,0.0,10,9230,买盘
705,10:53:34,9.23,0.0,7,6646,买盘
706,10:53:37,9.23,0.0,31,28613,卖盘
707,10:53:52,9.24,0.01,5,4620,买盘
708,10:53:55,9.23,-0.01,35,32310,卖盘
709,10:53:58,9.24,0.01,50,46200,买盘
710,10:54:07,9.25,0.01,65,60125,买盘
711,10:54:13,9.25,0.0,1,925,买盘
712,10:54:16,9.25,0.0,19,17575,买盘
713,10:54:18,9.25,0.0,16,14800,买盘
714,10:54:21,9.25,0.0,16,14800,买盘
715,10:54:40,9.25,0.0,6,5550,卖盘
716,10:55:01,9.25,0.0,1,925,卖盘
717,10:55:10,9.26,0.01,1,926,买盘
718,10:55:15,9.25,-0.01,10,9250,卖盘
719,10:55:24,9.25,0.0,31,28675,卖盘
720,10:55:40,9.25,0.0,8,7401,卖盘
721,10:55:46,9.26,0.01,20,18520,买盘
722,10:55:52,9.25,-0.01,50,46250,卖盘
723,10:55:54,9.26,0.01,1,926,买盘
724,10:56:01,9.26,0.0,14,12964,买盘
725,10:56:04,9.25,-0.01,57,52781,卖盘
726,10:56:07,9.26,0.01,68,62968,买盘
727,10:56:10,9.26,0.0,1,926,买盘
728,10:56:13,9.26,0.0,27,25002,买盘
729,10:56:21,9.26,0.0,39,36114,卖盘
730,10:56:28,9.26,0.0,7,6482,买盘
731,10:56:31,9.26,0.0,14,12964,买盘
732,10:56:33,9.26,0.0,33,30558,卖盘
733,10:56:37,9.26,0.0,23,21298,卖盘
734,10:56:40,9.27,0.01,48,44449,买盘
735,10:56:43,9.26,-0.01,19,17594,卖盘
736,10:56:45,9.26,0.0,98,90748,卖盘
737,10:56:52,9.26,0.0,24,22224,卖盘
738,10:56:55,9.26,0.0,30,27781,卖盘
739,10:57:01,9.26,0.0,14,12964,买盘
740,10:57:04,9.25,-0.01,4,3703,卖盘
741,10:57:09,9.26,0.01,1,926,买盘
742,10:57:19,9.25,-0.01,102,94350,卖盘
743,10:57:40,9.24,-0.01,3,2772,买盘
744,10:57:55,9.24,0.0,1,924,买盘
745,10:58:07,9.23,-0.01,1,923,卖盘
746,10:58:24,9.24,0.01,1,924,买盘
747,10:58:28,9.24,0.0,11,10159,买盘
748,10:58:33,9.24,0.0,2,1848,卖盘
749,10:58:39,9.25,0.01,16,14800,买盘
750,10:58:46,9.25,0.0,1,925,买盘
751,10:58:51,9.25,0.0,1,925,买盘
752,10:58:55,9.25,0.0,1,925,买盘
753,10:58:58,9.25,0.0,24,22200,买盘
754,10:59:06,9.25,0.0,1,925,卖盘
755,10:59:19,9.25,0.0,10,9250,卖盘
756,10:59:25,9.26,0.01,1,926,买盘
757,10:59:33,9.25,-0.01,19,17575,卖盘
758,10:59:39,9.25,0.0,1,925,买盘
759,10:59:54,9.25,0.0,21,19425,买盘
760,11:00:07,9.24,-0.01,1,924,卖盘
761,11:00:16,9.24,0.0,5,4620,卖盘
762,11:00:25,9.25,0.01,1,925,买盘
763,11:00:37,9.24,-0.01,8,7392,卖盘
764,11:00:39,9.25,0.01,1,925,买盘
765,11:00:55,9.25,0.0,1,925,买盘
766,11:01:01,9.24,-0.01,1,924,卖盘
767,11:01:04,9.24,0.0,2,1848,卖盘
768,11:01:18,9.23,-0.01,9,8307,卖盘
769,11:01:28,9.23,0.0,1,923,买盘
770,11:01:31,9.23,0.0,2,1846,买盘
771,11:01:40,9.23,0.0,5,4615,中性盘
772,11:01:42,9.22,-0.01,10,9220,卖盘
773,11:01:45,9.24,0.02,14,12936,买盘
774,11:02:04,9.23,-0.01,1,923,卖盘
775,11:02:09,9.25,0.02,1,925,买盘
776,11:02:24,9.25,0.0,1,925,买盘
777,11:02:39,9.25,0.0,1,925,买盘
778,11:03:09,9.25,0.0,1,925,买盘
779,11:03:24,9.25,0.0,1,925,买盘
780,11:03:34,9.24,-0.01,1,924,卖盘
781,11:03:39,9.25,0.01,1,925,买盘
782,11:04:10,9.25,0.0,1,925,买盘
783,11:04:25,9.25,0.0,1,925,买盘
784,11:04:36,9.24,-0.01,1,924,卖盘
785,11:04:55,9.25,0.01,1,925,买盘
786,11:05:09,9.25,0.0,1,925,买盘
787,11:05:25,9.24,-0.01,7,6469,卖盘
788,11:05:39,9.22,-0.02,1,922,卖盘
789,11:05:54,9.24,0.02,1,924,买盘
790,11:06:09,9.22,-0.02,1,922,买盘
791,11:06:31,9.21,-0.01,5,4606,卖盘
792,11:06:40,9.21,0.0,1,921,卖盘
793,11:06:55,9.22,0.01,1,922,买盘
794,11:07:09,9.22,0.0,1,922,买盘
795,11:07:25,9.22,0.0,1,922,买盘
796,11:07:36,9.21,-0.01,1,921,卖盘
797,11:07:58,9.22,0.01,1,922,买盘
798,11:08:10,9.22,0.0,1,922,买盘
799,11:08:21,9.18,-0.04,6,5517,卖盘
800,11:08:37,9.19,0.01,1,919,卖盘
801,11:08:43,9.22,0.03,1,922,买盘
802,11:08:46,9.22,0.0,8,7376,买盘
803,11:08:54,9.23,0.01,1,923,买盘
804,11:09:13,9.24,0.01,1,924,买盘
805,11:09:28,9.23,-0.01,2,1846,买盘
806,11:09:37,9.22,-0.01,1,922,卖盘
807,11:09:43,9.23,0.01,1,923,买盘
808,11:09:49,9.22,-0.01,1,922,卖盘
809,11:09:55,9.22,0.0,1,922,买盘
810,11:10:13,9.22,0.0,1,922,买盘
811,11:10:37,9.2,-0.02,1,920,卖盘
812,11:10:39,9.22,0.02,1,922,买盘
813,11:10:51,9.2,-0.02,7,6440,卖盘
814,11:10:57,9.2,0.0,1,920,买盘
815,11:11:24,9.2,0.0,1,920,买盘
816,11:11:43,9.2,0.0,1,920,买盘
817,11:11:57,9.2,0.0,1,920,买盘
818,11:12:04,9.2,0.0,26,23920,买盘
819,11:12:06,9.19,-0.01,2,1839,卖盘
820,11:12:09,9.2,0.01,9,8280,买盘
821,11:12:22,9.22,0.02,3,2766,买盘
822,11:12:24,9.22,0.0,2,1844,买盘
823,11:12:40,9.24,0.02,1,924,买盘
824,11:12:55,9.24,0.0,1,924,买盘
825,11:12:58,9.22,-0.02,8,7376,卖盘
826,11:13:07,9.2,-0.02,1,920,卖盘
827,11:13:28,9.22,0.02,1,922,买盘
828,11:13:40,9.22,0.0,1,922,买盘
829,11:14:09,9.22,0.0,2,1842,买盘
830,11:14:25,9.22,0.0,1,922,买盘
831,11:14:40,9.22,0.0,1,922,买盘
832,11:14:57,9.2,-0.02,2,1840,卖盘
833,11:15:10,9.22,0.02,2,1842,买盘
834,11:15:15,9.2,-0.02,1,920,卖盘
835,11:15:21,9.2,0.0,1,920,买盘
836,11:15:27,9.2,0.0,3,2760,买盘
837,11:15:30,9.19,-0.01,5,4595,卖盘
838,11:15:33,9.2,0.01,1,920,买盘
839,11:15:36,9.2,0.0,35,32200,买盘
840,11:15:55,9.22,0.02,3,2766,买盘
841,11:15:58,9.22,0.0,1,922,买盘
842,11:16:06,9.2,-0.02,1,920,卖盘
843,11:16:13,9.22,0.02,1,922,买盘
844,11:16:27,9.21,-0.01,1,921,买盘
845,11:16:42,9.22,0.01,1,922,买盘
846,11:17:06,9.2,-0.02,21,19320,卖盘
847,11:17:10,9.2,0.0,1,920,中性盘
848,11:17:28,9.21,0.01,1,921,买盘
849,11:17:54,9.21,0.0,1,921,买盘
850,11:18:04,9.2,-0.01,2,1840,卖盘
851,11:18:10,9.2,0.0,2,1841,卖盘
852,11:18:21,9.2,0.0,1,920,卖盘
853,11:18:24,9.21,0.01,6,5521,买盘
854,11:18:36,9.2,-0.01,2,1840,卖盘
855,11:18:58,9.21,0.01,1,921,买盘
856,11:19:09,9.21,0.0,2,1841,买盘
857,11:19:28,9.21,0.0,1,921,买盘
858,11:19:55,9.21,0.0,1,921,买盘
859,11:20:09,9.21,0.0,1,921,买盘
860,11:20:39,9.21,0.0,2,1841,买盘
861,11:20:45,9.21,0.0,48,44208,买盘
862,11:21:39,9.2,-0.01,1,920,卖盘
863,11:21:57,9.2,0.0,10,9200,卖盘
864,11:22:40,9.2,0.0,1,920,卖盘
865,11:23:31,9.21,0.01,40,36840,买盘
866,11:23:39,9.2,-0.01,1,920,卖盘
867,11:24:15,9.2,0.0,5,4600,卖盘
868,11:24:28,9.2,0.0,3,2760,卖盘
869,11:24:40,9.2,0.0,1,920,卖盘
870,11:24:57,9.2,0.0,4,3680,卖盘
871,11:25:12,9.2,0.0,14,12880,卖盘
872,11:25:19,9.19,-0.01,17,15623,卖盘
873,11:25:40,9.19,0.0,2,1838,卖盘
874,11:26:19,9.2,0.01,35,32200,买盘
875,11:26:22,9.2,0.0,35,32200,卖盘
876,11:26:34,9.21,0.01,14,12894,买盘
877,11:26:40,9.21,0.0,1,921,卖盘
878,11:26:43,9.22,0.01,64,59008,买盘
879,11:26:49,9.22,0.0,25,23050,买盘
880,11:26:52,9.22,0.0,91,83902,买盘
881,11:27:07,9.24,0.02,21,19404,买盘
882,11:27:10,9.24,0.0,130,120120,买盘
883,11:27:13,9.24,0.0,1,924,买盘
884,11:27:28,9.25,0.01,37,34225,买盘
885,11:27:31,9.25,0.0,23,21275,买盘
886,11:27:40,9.25,0.0,1,925,卖盘
887,11:27:43,9.26,0.01,6,5556,买盘
888,11:27:48,9.25,-0.01,52,48122,卖盘
889,11:27:52,9.25,0.0,5,4625,卖盘
890,11:28:01,9.25,0.0,30,27750,卖盘
891,11:28:06,9.26,0.01,96,88896,买盘
892,11:28:10,9.25,-0.01,10,9250,卖盘
893,11:28:13,9.25,0.0,78,72215,卖盘
894,11:28:16,9.26,0.01,5,4630,中性盘
895,11:28:31,9.26,0.0,52,48152,卖盘
896,11:28:45,9.26,0.0,19,17594,买盘
897,11:28:57,9.26,0.0,30,27780,卖盘
898,11:29:01,9.26,0.0,20,18520,卖盘
899,11:29:04,9.26,0.0,23,21298,卖盘
900,11:29:07,9.28,0.02,152,140931,买盘
901,11:29:10,9.25,-0.03,1,925,卖盘
902,11:29:13,9.26,0.01,3,2776,买盘
903,11:29:16,9.29,0.03,160,148633,买盘
904,11:29:22,9.29,0.0,5,4645,卖盘
905,11:29:25,9.29,0.0,20,18580,卖盘
906,11:29:28,9.29,0.0,5,4645,卖盘
907,11:29:31,9.29,0.0,21,19509,卖盘
908,11:29:54,9.27,-0.02,7,6489,卖盘
909,13:00:07,9.26,-0.01,1,926,卖盘
910,13:01:00,9.21,-0.05,10,9210,卖盘
911,13:01:13,9.21,0.0,1,921,卖盘
912,13:01:24,9.19,-0.02,94,86542,卖盘
913,13:01:27,9.19,0.0,2,1838,卖盘
914,13:01:48,9.2,0.01,18,16635,中性盘
915,13:02:01,9.2,0.0,7,6440,卖盘
916,13:02:25,9.19,-0.01,23,21144,卖盘
917,13:02:27,9.18,-0.01,68,62483,卖盘
918,13:02:45,9.2,0.02,1,920,买盘
919,13:03:07,9.18,-0.02,12,11036,卖盘
920,13:03:19,9.2,0.02,1,920,买盘
921,13:03:25,9.19,-0.01,13,11953,卖盘
922,13:03:30,9.19,0.0,7,6433,买盘
923,13:03:36,9.19,0.0,3,2757,买盘
924,13:03:57,9.2,0.01,1,920,买盘
925,13:04:04,9.15,-0.05,26,23830,卖盘
926,13:04:13,9.18,0.03,1,918,卖盘
927,13:04:22,9.19,0.01,11,10109,买盘
928,13:04:24,9.18,-0.01,17,15615,卖盘
929,13:04:28,9.17,-0.01,1,917,买盘
930,13:04:30,9.19,0.02,8,7342,买盘
931,13:05:01,9.19,0.0,21,19299,卖盘
932,13:05:10,9.17,-0.02,1,917,卖盘
933,13:05:24,9.16,-0.01,16,14660,卖盘
934,13:05:30,9.16,0.0,7,6412,买盘
935,13:05:40,9.19,0.03,4,3676,买盘
936,13:06:07,9.19,0.0,3,2757,买盘
937,13:06:25,9.19,0.0,26,23871,买盘
938,13:06:27,9.19,0.0,7,6433,买盘
939,13:06:43,9.18,-0.01,1,918,卖盘
940,13:07:24,9.17,-0.01,23,21091,卖盘
941,13:07:40,9.17,0.0,1,917,卖盘
942,13:07:45,9.16,-0.01,20,18331,卖盘
943,13:08:10,9.16,0.0,9,8244,卖盘
944,13:08:25,9.15,-0.01,4,3662,卖盘
945,13:08:27,9.15,0.0,19,17385,买盘
946,13:08:43,9.18,0.03,1,918,买盘
947,13:09:24,9.17,-0.01,11,10087,卖盘
948,13:09:54,9.15,-0.02,25,22875,卖盘
949,13:10:00,9.15,0.0,38,34770,买盘
950,13:10:10,9.17,0.02,12,11004,买盘
951,13:10:25,9.16,-0.01,10,9162,卖盘
952,13:10:58,9.15,-0.01,2,1830,卖盘
953,13:11:24,9.14,-0.01,33,30172,卖盘
954,13:11:28,9.14,0.0,13,11882,卖盘
955,13:11:34,9.16,0.02,4,3662,买盘
956,13:12:00,9.16,0.0,2,1832,卖盘
957,13:12:24,9.15,-0.01,4,3660,卖盘
958,13:12:30,9.15,0.0,5,4575,买盘
959,13:12:36,9.15,0.0,14,12810,买盘
960,13:12:45,9.16,0.01,58,53128,买盘
961,13:12:58,9.17,0.01,50,45850,买盘
962,13:13:22,9.18,0.01,100,91800,卖盘
963,13:13:25,9.18,0.0,29,26628,卖盘
964,13:14:10,9.18,0.0,1,918,卖盘
965,13:15:36,9.16,-0.02,14,12824,卖盘
966,13:16:25,9.14,-0.02,26,23776,卖盘
967,13:16:27,9.15,0.01,1,915,买盘
968,13:16:31,9.14,-0.01,26,23764,卖盘
969,13:17:24,9.14,0.0,46,42044,卖盘
970,13:18:24,9.14,0.0,15,13710,卖盘
971,13:18:27,9.14,0.0,6,5485,卖盘
972,13:18:30,9.15,0.01,1,915,买盘
973,13:19:25,9.14,-0.01,3,2742,卖盘
974,13:19:30,9.14,0.0,1,914,买盘
975,13:19:37,9.14,0.0,1,914,买盘
976,13:20:25,9.13,-0.01,2,1826,卖盘
977,13:21:12,9.15,0.02,10,9150,买盘
978,13:24:04,9.16,0.01,5,4580,卖盘
979,13:27:06,9.15,-0.01,5,4575,卖盘
980,13:27:49,9.14,-0.01,1,914,卖盘
981,13:30:04,9.13,-0.01,12,10956,卖盘
982,13:30:10,9.14,0.01,32,29248,买盘
983,13:30:13,9.13,-0.01,1,913,卖盘
984,13:30:16,9.14,0.01,8,7312,买盘
985,13:31:13,9.13,-0.01,25,22825,卖盘
986,13:31:46,9.13,0.0,1,913,卖盘
987,13:31:49,9.14,0.01,1,914,买盘
988,13:32:04,9.13,-0.01,1,913,卖盘
989,13:32:13,9.13,0.0,1,913,卖盘
990,13:32:51,9.13,0.0,1,913,卖盘
991,13:33:55,9.13,0.0,3,2739,卖盘
992,13:34:01,9.14,0.01,2,1828,买盘
993,13:34:10,9.15,0.01,1,915,买盘
994,13:34:15,9.15,0.0,1,915,买盘
995,13:34:22,9.15,0.0,1,915,买盘
996,13:34:43,9.15,0.0,5,4575,买盘
997,13:34:49,9.15,0.0,1,915,买盘
998,13:34:55,9.15,0.0,1,915,买盘
999,13:35:00,9.15,0.0,4,3659,买盘
1000,13:36:04,9.14,-0.01,1,914,卖盘
1001,13:37:07,9.14,0.0,1,914,卖盘
1002,13:37:36,9.14,0.0,1,914,卖盘
1003,13:37:57,9.14,0.0,7,6398,卖盘
1004,13:38:10,9.14,0.0,1,914,卖盘
1005,13:38:13,9.14,0.0,2,1828,卖盘
1006,13:39:13,9.17,0.03,9,8253,买盘
1007,13:39:16,9.17,0.0,3,2751,卖盘
1008,13:39:28,9.18,0.01,2,1836,买盘
1009,13:39:33,9.14,-0.04,24,21985,卖盘
1010,13:39:45,9.15,0.01,1,915,卖盘
1011,13:39:58,9.15,0.0,1,915,卖盘
1012,13:40:16,9.15,0.0,1,915,卖盘
1013,13:40:28,9.15,0.0,1,915,卖盘
1014,13:40:34,9.19,0.04,20,18380,买盘
1015,13:41:13,9.16,-0.03,1,916,卖盘
1016,13:41:19,9.16,0.0,1,916,卖盘
1017,13:42:04,9.16,0.0,17,15572,卖盘
1018,13:43:31,9.16,0.0,3,2748,卖盘
1019,13:43:33,9.16,0.0,1,916,卖盘
1020,13:43:36,9.16,0.0,1,916,卖盘
1021,13:44:04,9.16,0.0,1,916,卖盘
1022,13:44:19,9.15,-0.01,17,15562,卖盘
1023,13:44:58,9.15,0.0,1,915,卖盘
1024,13:45:01,9.15,0.0,2,1830,卖盘
1025,13:45:04,9.16,0.01,3,3435,买盘
1026,13:45:13,9.16,0.0,1,916,卖盘
1027,13:45:15,9.16,0.0,5,4580,卖盘
1028,13:46:25,9.16,0.0,5,3893,卖盘
1029,13:46:31,9.16,0.0,33,30905,买盘
1030,13:47:04,9.16,0.0,1,916,卖盘
1031,13:47:12,9.16,0.0,1,229,买盘
1032,13:47:25,9.17,0.01,4,3668,买盘
1033,13:48:01,9.17,0.0,1,917,买盘
1034,13:49:52,9.16,-0.01,12,10305,卖盘
1035,13:49:57,9.16,0.0,6,5496,买盘
1036,13:50:00,9.16,0.0,1,916,买盘
1037,13:50:04,9.16,0.0,1,916,买盘
1038,13:50:10,9.16,0.0,1,916,买盘
1039,13:50:31,9.16,0.0,9,8931,买盘
1040,13:50:46,9.17,0.01,1,917,买盘
1041,13:50:52,9.17,0.0,13,11921,买盘
1042,13:51:37,9.18,0.01,54,49572,买盘
1043,13:51:52,9.18,0.0,40,36720,买盘
1044,13:51:57,9.18,0.0,4,3672,买盘
1045,13:52:01,9.18,0.0,4,3672,买盘
1046,13:52:10,9.18,0.0,22,20196,买盘
1047,13:52:37,9.17,-0.01,1,917,卖盘
1048,13:54:25,9.17,0.0,8,7336,卖盘
1049,13:55:40,9.18,0.01,2,1836,买盘
1050,13:56:07,9.18,0.0,16,14688,买盘
1051,13:56:13,9.18,0.0,8,7351,卖盘
1052,13:56:22,9.18,0.0,1,918,卖盘
1053,13:58:01,9.18,0.0,2,1836,卖盘
1054,13:58:13,9.18,0.0,1,918,买盘
1055,13:59:31,9.18,0.0,2,1836,买盘
1056,14:00:13,9.18,0.0,1,918,卖盘
1057,14:00:21,9.18,0.0,23,21114,卖盘
1058,14:02:04,9.18,0.0,1,918,卖盘
1059,14:03:10,9.18,0.0,2,1836,卖盘
1060,14:04:13,9.18,0.0,8,7344,卖盘
1061,14:04:24,9.18,0.0,4,3672,买盘
1062,14:04:52,9.19,0.01,43,39517,买盘
1063,14:05:12,9.2,0.01,2,1840,买盘
1064,14:05:16,9.2,0.0,4,3680,买盘
1065,14:05:19,9.2,0.0,15,13800,买盘
1066,14:05:25,9.2,0.0,13,11960,买盘
1067,14:05:31,9.2,0.0,6,5520,买盘
1068,14:05:36,9.19,-0.01,10,9190,卖盘
1069,14:05:43,9.2,0.01,11,10120,买盘
1070,14:06:04,9.19,-0.01,1,919,卖盘
1071,14:06:07,9.19,0.0,23,21137,卖盘
1072,14:06:25,9.19,0.0,1,919,买盘
1073,14:06:58,9.18,-0.01,1,918,卖盘
1074,14:07:37,9.17,-0.01,1,917,卖盘
1075,14:09:19,9.17,0.0,5,4585,买盘
1076,14:10:28,9.18,0.01,25,22950,卖盘
1077,14:11:13,9.18,0.0,1,918,卖盘
1078,14:13:55,9.18,0.0,15,13770,卖盘
1079,14:15:39,9.15,-0.03,152,139122,卖盘
1080,14:16:24,9.15,0.0,22,20130,买盘
1081,14:16:31,9.15,0.0,1,915,买盘
1082,14:16:58,9.15,0.0,10,9150,买盘
1083,14:17:04,9.14,-0.01,1,914,卖盘
1084,14:18:04,9.15,0.01,9,8235,买盘
1085,14:20:31,9.12,-0.03,400,365120,卖盘
1086,14:20:58,9.12,0.0,19,17328,买盘
1087,14:21:06,9.12,0.0,14,12768,买盘
1088,14:21:13,9.12,0.0,67,61104,买盘
1089,14:22:37,9.12,0.0,1,912,卖盘
1090,14:24:57,9.13,0.01,1,913,卖盘
1091,14:26:36,9.14,0.01,1,914,买盘
1092,14:26:55,9.16,0.02,4,3664,卖盘
1093,14:27:04,9.14,-0.02,1,914,卖盘
1094,14:27:30,9.14,0.0,1,914,卖盘
1095,14:28:43,9.14,0.0,1,914,卖盘
1096,14:30:06,9.17,0.03,15,13755,买盘
1097,14:30:22,9.15,-0.02,9,8237,卖盘
1098,14:33:49,9.15,0.0,22,20132,卖盘
1099,14:33:52,9.15,0.0,2,1830,买盘
1100,14:35:25,9.15,0.0,26,23790,买盘
1101,14:36:34,9.15,0.0,1,915,卖盘
1102,14:36:58,9.16,0.01,1,916,买盘
1103,14:38:52,9.16,0.0,1,916,买盘
1104,14:38:58,9.16,0.0,1,916,买盘
1105,14:39:40,9.15,-0.01,29,26535,卖盘
1106,14:39:43,9.16,0.01,23,21068,买盘
1107,14:39:49,9.16,0.0,24,21984,买盘
1108,14:41:58,9.16,0.0,163,149308,卖盘
1109,14:42:01,9.16,0.0,9,8244,卖盘
1110,14:42:16,9.16,0.0,7,6412,买盘
1111,14:42:30,9.16,0.0,2,1832,买盘
1112,14:43:00,9.16,0.0,2,1832,买盘
1113,14:43:31,9.16,0.0,1,916,买盘
1114,14:43:49,9.16,0.0,3,2748,买盘
1115,14:44:01,9.17,0.01,2,1834,买盘
1116,14:44:07,9.16,-0.01,1,916,卖盘
1117,14:44:16,9.16,0.0,36,32984,卖盘
1118,14:44:31,9.16,0.0,2,1832,买盘
1119,14:44:46,9.16,0.0,4,3664,买盘
1120,14:45:01,9.16,0.0,1,916,买盘
1121,14:45:19,9.15,-0.01,15,13725,卖盘
1122,14:45:31,9.16,0.01,1,916,买盘
1123,14:46:01,9.16,0.0,4,3664,买盘
1124,14:46:22,9.16,0.0,1,916,买盘
1125,14:46:31,9.16,0.0,2,1832,买盘
1126,14:47:01,9.16,0.0,3,2748,买盘
1127,14:47:22,9.16,0.0,1,916,买盘
1128,14:47:30,9.16,0.0,1,916,买盘
1129,14:47:34,9.15,-0.01,5,4575,卖盘
1130,14:48:01,9.16,0.01,3,2748,买盘
1131,14:48:31,9.16,0.0,3,2748,买盘
1132,14:49:01,9.16,0.0,10,9160,买盘
1133,14:49:22,9.16,0.0,34,31144,买盘
1134,14:49:28,9.17,0.01,7,6419,买盘
1135,14:49:31,9.17,0.0,5,4585,买盘
1136,14:49:34,9.16,-0.01,6,5500,卖盘
1137,14:49:40,9.17,0.01,65,59605,买盘
1138,14:49:46,9.17,0.0,2,1834,买盘
1139,14:49:55,9.16,-0.01,63,57708,卖盘
1140,14:50:01,9.17,0.01,3,2751,买盘
1141,14:50:04,9.17,0.0,20,18340,买盘
1142,14:50:10,9.17,0.0,3,2751,买盘
1143,14:50:13,9.17,0.0,1,917,买盘
1144,14:50:19,9.18,0.01,13,11934,买盘
1145,14:50:31,9.18,0.0,3,2754,买盘
1146,14:50:51,9.16,-0.02,21,19236,卖盘
1147,14:51:01,9.18,0.02,3,2754,买盘
1148,14:51:31,9.17,-0.01,2,1834,买盘
1149,14:52:01,9.17,0.0,3,2751,买盘
1150,14:52:31,9.17,0.0,2,1834,买盘
1151,14:53:01,9.17,0.0,5,4585,买盘
1152,14:53:31,9.18,0.01,2,1835,买盘
1153,14:53:55,9.18,0.0,5,4590,买盘
1154,14:54:04,9.18,0.0,3,2754,买盘
1155,14:54:13,9.17,-0.01,18,16506,卖盘
1156,14:54:31,9.17,0.0,2,1834,买盘
1157,14:54:34,9.17,0.0,2,1834,买盘
1158,14:55:01,9.17,0.0,3,2751,买盘
1159,14:55:22,9.17,0.0,30,27510,买盘
1160,14:55:28,9.17,0.0,3,2751,买盘
1161,14:55:31,9.17,0.0,3,2751,买盘
1162,14:55:42,9.17,0.0,7,6419,买盘
1163,14:56:01,9.18,0.01,5,4589,买盘
1164,14:56:06,9.18,0.0,5,4590,买盘
1165,14:56:16,9.18,0.0,4,3672,买盘
1166,14:56:31,9.16,-0.02,3,2748,卖盘
1167,14:56:37,9.18,0.02,3,2754,买盘
1168,14:57:04,9.18,0.0,3,2754,买盘
1169,15:00:04,9.17,-0.01,185,169645,卖盘
