,time,price,change,volume,amount,type
0,09:25:05,13.48,-0.09,3,4044,卖盘
1,09:30:07,13.46,-0.02,40,53892,卖盘
2,09:30:10,13.48,0.02,3,4040,中性盘
3,09:30:13,13.46,-0.02,1,1346,卖盘
4,09:30:16,13.48,0.02,14,18796,买盘
5,09:30:19,13.47,-0.01,4,5388,中性盘
6,09:30:31,13.47,0.0,9,12123,卖盘
7,09:30:34,13.41,-0.06,10,13425,卖盘
8,09:30:52,13.48,0.07,22,29655,买盘
9,09:30:55,13.44,-0.04,1,1344,卖盘
10,09:31:04,13.48,0.04,53,71400,买盘
11,09:31:19,13.48,0.0,19,25612,买盘
12,09:31:28,13.49,0.01,23,31027,卖盘
13,09:31:31,13.52,0.03,8,10816,买盘
14,09:31:34,13.5,-0.02,1,1350,卖盘
15,09:31:37,13.52,0.02,1,1352,买盘
16,09:31:46,13.5,-0.02,1,1350,卖盘
17,09:31:49,13.49,-0.01,10,13503,卖盘
18,09:31:52,13.5,0.01,29,39150,买盘
19,09:31:55,13.5,0.0,6,8100,买盘
20,09:32:07,13.49,-0.01,5,6745,卖盘
21,09:32:13,13.49,0.0,1,1349,卖盘
22,09:32:16,13.49,0.0,8,10792,卖盘
23,09:32:25,13.5,0.01,1,1350,买盘
24,09:32:28,13.5,0.0,46,62100,买盘
25,09:32:40,13.49,-0.01,46,62095,卖盘
26,09:32:43,13.49,0.0,6,8094,买盘
27,09:32:46,13.49,0.0,9,12141,买盘
28,09:32:55,13.49,0.0,1,1349,买盘
29,09:32:58,13.49,0.0,1,1349,买盘
30,09:33:01,13.48,-0.01,5,6740,卖盘
31,09:33:04,13.48,0.0,3,4044,卖盘
32,09:33:10,13.48,0.0,18,24264,卖盘
33,09:33:19,13.47,-0.01,2,2694,卖盘
34,09:33:25,13.48,0.01,9,12125,买盘
35,09:33:31,13.48,0.0,1,1348,买盘
36,09:33:37,13.47,-0.01,2,2694,中性盘
37,09:33:43,13.47,0.0,1,1347,买盘
38,09:33:46,13.45,-0.02,3,4036,卖盘
39,09:33:49,13.44,-0.01,41,55132,卖盘
40,09:33:52,13.47,0.03,1,1347,买盘
41,09:33:55,13.46,-0.01,1,1346,中性盘
42,09:34:01,13.46,0.0,2,2691,买盘
43,09:34:07,13.46,0.0,5,6724,买盘
44,09:34:10,13.47,0.01,1,1347,买盘
45,09:34:13,13.46,-0.01,20,26920,卖盘
46,09:34:16,13.46,0.0,1,1346,买盘
47,09:34:19,13.46,0.0,4,5382,买盘
48,09:34:22,13.45,-0.01,2,2691,卖盘
49,09:34:25,13.46,0.01,17,22881,买盘
50,09:34:28,13.47,0.01,16,21551,买盘
51,09:34:31,13.47,0.0,1,1347,卖盘
52,09:34:34,13.48,0.01,6,8088,买盘
53,09:34:37,13.48,0.0,18,24264,买盘
54,09:34:40,13.47,-0.01,8,10776,卖盘
55,09:34:43,13.49,0.02,15,20220,买盘
56,09:34:49,13.49,0.0,11,14839,买盘
57,09:35:01,13.51,0.02,1,1351,卖盘
58,09:35:04,13.51,0.0,2,2702,买盘
59,09:35:07,13.51,0.0,2,2702,买盘
60,09:35:10,13.51,0.0,6,8106,买盘
61,09:35:16,13.5,-0.01,11,14858,卖盘
62,09:35:31,13.51,0.01,6,8106,买盘
63,09:35:37,13.5,-0.01,10,13500,卖盘
64,09:35:40,13.51,0.01,3,4053,买盘
65,09:35:46,13.5,-0.01,4,5400,卖盘
66,09:35:49,13.51,0.01,1,1351,买盘
67,09:35:52,13.51,0.0,1,1351,买盘
68,09:35:55,13.51,0.0,5,6755,买盘
69,09:35:58,13.51,0.0,1,1351,买盘
70,09:36:01,13.51,0.0,1,1351,买盘
71,09:36:04,13.51,0.0,1,1351,买盘
72,09:36:16,13.5,-0.01,4,5400,卖盘
73,09:36:22,13.5,0.0,23,31050,卖盘
74,09:36:46,13.48,-0.02,4,5392,卖盘
75,09:36:49,13.48,0.0,19,25612,卖盘
76,09:36:58,13.46,-0.02,7,9422,卖盘
77,09:37:01,13.46,0.0,6,8076,卖盘
78,09:37:04,13.46,0.0,6,8076,卖盘
79,09:37:07,13.46,0.0,1,1346,卖盘
80,09:37:10,13.45,-0.01,7,9415,卖盘
81,09:37:13,13.46,0.01,20,26911,买盘
82,09:37:16,13.45,-0.01,6,8070,卖盘
83,09:37:25,13.44,-0.01,6,8064,卖盘
84,09:37:28,13.44,0.0,5,6720,卖盘
85,09:37:31,13.44,0.0,1,1344,买盘
86,09:37:40,13.44,0.0,2,2688,买盘
87,09:37:43,13.41,-0.03,104,139516,卖盘
88,09:37:46,13.44,0.03,5,6716,买盘
89,09:37:49,13.4,-0.04,52,69727,卖盘
90,09:37:58,13.41,0.01,1,1341,卖盘
91,09:38:10,13.42,0.01,3,4026,买盘
92,09:38:13,13.41,-0.01,3,4023,卖盘
93,09:38:16,13.42,0.01,19,25494,买盘
94,09:38:22,13.42,0.0,7,9394,买盘
95,09:38:25,13.42,0.0,6,8052,买盘
96,09:38:28,13.42,0.0,26,34892,买盘
97,09:38:31,13.44,0.02,11,14781,买盘
98,09:38:34,13.45,0.01,2,2690,买盘
99,09:38:37,13.45,0.0,2,2690,买盘
100,09:38:40,13.45,0.0,3,4035,买盘
101,09:38:43,13.46,0.01,13,17498,买盘
102,09:38:46,13.45,-0.01,4,5380,买盘
103,09:38:49,13.42,-0.03,125,167891,卖盘
104,09:39:07,13.48,0.06,1,1348,买盘
105,09:39:13,13.48,0.0,2,2696,买盘
106,09:39:25,13.49,0.01,1,1349,买盘
107,09:39:28,13.48,-0.01,5,6740,卖盘
108,09:39:34,13.47,-0.01,2,2694,卖盘
109,09:39:46,13.46,-0.01,1,1346,卖盘
110,09:39:55,13.47,0.01,10,13470,买盘
111,09:40:07,13.47,0.0,15,20205,卖盘
112,09:40:10,13.47,0.0,2,2694,买盘
113,09:40:13,13.47,0.0,4,5388,买盘
114,09:40:19,13.47,0.0,2,2694,买盘
115,09:40:22,13.47,0.0,3,4041,买盘
116,09:40:25,13.47,0.0,1,1347,买盘
117,09:40:28,13.46,-0.01,4,5385,卖盘
118,09:40:34,13.48,0.02,11,14818,买盘
119,09:40:40,13.46,-0.02,14,18844,卖盘
120,09:40:49,13.46,0.0,11,14806,买盘
121,09:40:58,13.46,0.0,9,12114,卖盘
122,09:41:01,13.48,0.02,20,26940,买盘
123,09:41:04,13.48,0.0,16,21568,买盘
124,09:41:10,13.5,0.02,2,2700,买盘
125,09:41:16,13.5,0.0,10,13500,买盘
126,09:41:22,13.48,-0.02,26,35050,卖盘
127,09:41:25,13.5,0.02,2,2700,买盘
128,09:41:28,13.5,0.0,1,1350,买盘
129,09:41:34,13.49,-0.01,3,4047,卖盘
130,09:41:37,13.49,0.0,2,2698,买盘
131,09:41:46,13.5,0.01,4,5397,买盘
132,09:41:52,13.5,0.0,48,64800,买盘
133,09:42:01,13.52,0.02,9,12168,买盘
134,09:42:04,13.52,0.0,3,4056,买盘
135,09:42:19,13.55,0.03,1,1355,买盘
136,09:42:25,13.55,0.0,5,6775,买盘
137,09:42:28,13.54,-0.01,18,24382,卖盘
138,09:42:34,13.54,0.0,1,1354,买盘
139,09:42:40,13.54,0.0,1,1354,买盘
140,09:42:43,13.54,0.0,17,23018,买盘
141,09:42:58,13.54,0.0,29,39266,卖盘
142,09:43:01,13.54,0.0,1,1354,卖盘
143,09:43:10,13.55,0.01,6,8130,买盘
144,09:43:22,13.56,0.01,1,1356,买盘
145,09:43:25,13.56,0.0,14,18984,买盘
146,09:43:34,13.56,0.0,5,6782,卖盘
147,09:43:49,13.56,0.0,5,6780,卖盘
148,09:43:52,13.56,0.0,3,4070,卖盘
149,09:43:55,13.56,0.0,5,6780,卖盘
150,09:43:58,13.58,0.02,15,20354,买盘
151,09:44:01,13.56,-0.02,6,8136,卖盘
152,09:44:04,13.58,0.02,27,36633,买盘
153,09:44:07,13.58,0.0,9,12208,买盘
154,09:44:31,13.56,-0.02,2,2712,买盘
155,09:44:49,13.56,0.0,4,5424,买盘
156,09:44:55,13.55,-0.01,10,13552,卖盘
157,09:44:58,13.57,0.02,1,1357,卖盘
158,09:45:07,13.57,0.0,1,1357,买盘
159,09:45:16,13.56,-0.01,1,1356,卖盘
160,09:45:19,13.56,0.0,2,2712,买盘
161,09:45:22,13.56,0.0,1,1356,买盘
162,09:45:46,13.56,0.0,5,6780,买盘
163,09:45:55,13.56,0.0,1,1356,买盘
164,09:46:01,13.56,0.0,2,2712,买盘
165,09:46:04,13.55,-0.01,6,8130,卖盘
166,09:46:16,13.56,0.01,1,1356,买盘
167,09:46:19,13.56,0.0,1,1356,买盘
168,09:46:22,13.55,-0.01,13,17615,卖盘
169,09:46:28,13.55,0.0,5,6775,卖盘
170,09:46:31,13.56,0.01,59,79973,买盘
171,09:46:34,13.55,-0.01,18,24390,卖盘
172,09:46:37,13.55,0.0,17,23035,卖盘
173,09:46:40,13.54,-0.01,10,13540,卖盘
174,09:46:43,13.54,0.0,14,18956,卖盘
175,09:46:46,13.55,0.01,15,20313,买盘
176,09:46:49,13.54,-0.01,16,21664,卖盘
177,09:46:55,13.54,0.0,24,32500,卖盘
178,09:46:58,13.54,0.0,1,1354,卖盘
179,09:47:10,13.53,-0.01,5,6765,卖盘
180,09:47:16,13.53,0.0,2,2706,卖盘
181,09:47:22,13.5,-0.03,3,4050,卖盘
182,09:47:31,13.5,0.0,9,12150,卖盘
183,09:47:37,13.49,-0.01,1,1349,卖盘
184,09:47:43,13.5,0.01,1,1350,买盘
185,09:47:49,13.49,-0.01,8,10794,卖盘
186,09:47:52,13.5,0.01,6,8100,买盘
187,09:48:25,13.52,0.02,2,2704,卖盘
188,09:48:28,13.54,0.02,35,47333,买盘
189,09:48:31,13.54,0.0,9,12186,卖盘
190,09:48:43,13.55,0.01,41,55555,买盘
191,09:48:46,13.56,0.01,10,13560,买盘
192,09:48:52,13.56,0.0,10,13560,买盘
193,09:48:55,13.57,0.01,25,33903,买盘
194,09:49:07,13.57,0.0,2,2714,买盘
195,09:49:10,13.57,0.0,6,8142,买盘
196,09:49:19,13.58,0.01,1,1358,买盘
197,09:49:22,13.59,0.01,35,47560,买盘
198,09:49:40,13.58,-0.01,1,1358,卖盘
199,09:49:46,13.58,0.0,12,16296,卖盘
200,09:49:52,13.58,0.0,2,2716,卖盘
201,09:49:58,13.58,0.0,5,6790,买盘
202,09:50:04,13.58,0.0,5,6790,买盘
203,09:50:07,13.57,-0.01,10,13570,卖盘
204,09:50:13,13.58,0.01,18,24437,买盘
205,09:50:16,13.58,0.0,5,6790,买盘
206,09:50:25,13.58,0.0,7,9506,买盘
207,09:50:43,13.57,-0.01,2,2714,卖盘
208,09:50:52,13.57,0.0,36,48852,卖盘
209,09:50:55,13.57,0.0,2,2714,卖盘
210,09:51:01,13.56,-0.01,7,9492,卖盘
211,09:51:04,13.56,0.0,6,8137,卖盘
212,09:51:10,13.56,0.0,3,4068,卖盘
213,09:51:43,13.56,0.0,20,27120,卖盘
214,09:51:49,13.56,0.0,1,1356,卖盘
215,09:52:19,13.58,0.02,100,135701,买盘
216,09:52:28,13.55,-0.03,5,6775,卖盘
217,09:52:46,13.58,0.03,14,19012,买盘
218,09:53:07,13.59,0.01,22,29898,买盘
219,09:53:10,13.58,-0.01,1,1358,卖盘
220,09:53:43,13.56,-0.02,1,1356,买盘
221,09:53:49,13.56,0.0,20,27120,买盘
222,09:54:01,13.56,0.0,8,10848,买盘
223,09:54:07,13.56,0.0,2,2712,买盘
224,09:54:37,13.58,0.02,100,135734,买盘
225,09:55:13,13.58,0.0,20,27160,买盘
226,09:55:16,13.58,0.0,5,6790,买盘
227,09:55:22,13.54,-0.04,27,36602,卖盘
228,09:55:49,13.59,0.05,1,1359,买盘
229,09:56:28,13.57,-0.02,10,13570,买盘
230,09:56:34,13.57,0.0,2,2714,买盘
231,09:56:37,13.57,0.0,2,2714,买盘
232,09:56:46,13.57,0.0,1,1357,买盘
233,09:56:52,13.57,0.0,35,47495,买盘
234,09:57:07,13.58,0.01,15,20370,买盘
235,09:57:13,13.59,0.01,2,2718,买盘
236,09:57:28,13.59,0.0,10,13590,买盘
237,09:57:31,13.59,0.0,8,10872,买盘
238,09:57:43,13.59,0.0,20,27180,买盘
239,09:57:52,13.59,0.0,17,23103,买盘
240,09:57:55,13.59,0.0,4,5436,买盘
241,09:58:10,13.59,0.0,6,8154,买盘
242,09:58:25,13.59,0.0,1,1359,买盘
243,09:58:33,13.59,0.0,32,43488,买盘
244,09:58:40,13.57,-0.02,4,5428,卖盘
245,09:58:58,13.58,0.01,13,17654,买盘
246,09:59:10,13.58,0.0,7,9506,卖盘
247,09:59:25,13.57,-0.01,9,12213,卖盘
248,09:59:28,13.58,0.01,2,2716,买盘
249,09:59:31,13.58,0.0,5,6790,买盘
250,09:59:34,13.58,0.0,4,5432,买盘
251,09:59:37,13.58,0.0,28,38024,买盘
252,09:59:40,13.6,0.02,58,78861,买盘
253,09:59:43,13.6,0.0,3,4080,买盘
254,09:59:46,13.6,0.0,30,40800,买盘
255,10:00:07,13.6,0.0,5,6800,买盘
256,10:00:10,13.6,0.0,24,32640,买盘
257,10:00:16,13.67,0.07,2,2734,买盘
258,10:00:25,13.68,0.01,42,57415,买盘
259,10:00:28,13.67,-0.01,9,12303,卖盘
260,10:00:31,13.67,0.0,25,34175,卖盘
261,10:00:40,13.67,0.0,20,27340,买盘
262,10:01:07,13.63,-0.04,1,1363,卖盘
263,10:01:13,13.65,0.02,1,1365,买盘
264,10:01:28,13.65,0.0,1,1365,买盘
265,10:01:34,13.64,-0.01,11,15004,卖盘
266,10:01:37,13.64,0.0,23,31393,卖盘
267,10:01:40,13.65,0.01,12,16380,中性盘
268,10:01:43,13.63,-0.02,37,50432,卖盘
269,10:01:46,13.62,-0.01,3,4086,卖盘
270,10:01:49,13.62,0.0,26,35412,卖盘
271,10:01:58,13.6,-0.02,5,6800,卖盘
272,10:02:19,13.64,0.04,50,68170,买盘
273,10:03:10,13.62,-0.02,5,6810,买盘
274,10:03:16,13.6,-0.02,10,13600,卖盘
275,10:03:25,13.62,0.02,2,2724,买盘
276,10:03:31,13.6,-0.02,15,20400,卖盘
277,10:03:46,13.6,0.0,4,5440,买盘
278,10:03:49,13.6,0.0,1,1360,买盘
279,10:03:55,13.6,0.0,6,8160,买盘
280,10:04:05,13.6,0.0,4,5440,卖盘
281,10:04:13,13.59,-0.01,22,29898,卖盘
282,10:04:16,13.6,0.01,20,27187,买盘
283,10:04:19,13.59,-0.01,1,1359,中性盘
284,10:05:22,13.6,0.01,2,2720,买盘
285,10:05:52,13.59,-0.01,3,4077,卖盘
286,10:05:55,13.6,0.01,1,1360,买盘
287,10:06:07,13.59,-0.01,2,2718,卖盘
288,10:06:10,13.58,-0.01,11,14947,卖盘
289,10:06:13,13.58,0.0,3,4074,卖盘
290,10:06:16,13.59,0.01,1,1359,买盘
291,10:06:19,13.59,0.0,18,24445,买盘
292,10:06:22,13.58,-0.01,4,5432,卖盘
293,10:06:25,13.59,0.01,12,16303,买盘
294,10:06:28,13.58,-0.01,4,5432,卖盘
295,10:06:31,13.58,0.0,8,10864,卖盘
296,10:06:33,13.58,0.0,6,8148,卖盘
297,10:06:37,13.58,0.0,6,8148,卖盘
298,10:06:40,13.58,0.0,2,2716,卖盘
299,10:06:46,13.57,-0.01,8,10856,卖盘
300,10:06:49,13.57,0.0,6,8142,卖盘
301,10:06:52,13.57,0.0,6,8142,卖盘
302,10:06:55,13.57,0.0,6,8142,卖盘
303,10:06:58,13.57,0.0,6,8142,卖盘
304,10:07:01,13.57,0.0,7,9499,卖盘
305,10:07:04,13.57,0.0,8,10856,卖盘
306,10:07:07,13.57,0.0,5,6785,卖盘
307,10:07:10,13.57,0.0,8,10856,卖盘
308,10:07:13,13.57,0.0,11,14927,卖盘
309,10:07:19,13.57,0.0,4,5428,卖盘
310,10:07:37,13.57,0.0,29,39353,买盘
311,10:07:58,13.58,0.01,5,6790,买盘
312,10:08:04,13.58,0.0,2,2716,买盘
313,10:08:28,13.6,0.02,28,38066,买盘
314,10:08:46,13.58,-0.02,17,23086,卖盘
315,10:08:49,13.58,0.0,5,6790,买盘
316,10:08:52,13.58,0.0,5,6790,卖盘
317,10:09:43,13.58,0.0,38,51604,买盘
318,10:11:49,13.6,0.02,50,68000,买盘
319,10:12:04,13.6,0.0,2,2720,买盘
320,10:12:16,13.6,0.0,10,13600,买盘
321,10:13:10,13.58,-0.02,5,6790,卖盘
322,10:13:22,13.58,0.0,1,1358,卖盘
323,10:13:31,13.58,0.0,13,17654,卖盘
324,10:14:07,13.57,-0.01,1,1357,卖盘
325,10:14:37,13.57,0.0,14,18998,卖盘
326,10:15:37,13.57,0.0,9,12213,买盘
327,10:15:58,13.58,0.01,41,55653,买盘
328,10:16:22,13.58,0.0,3,4074,买盘
329,10:16:28,13.58,0.0,5,6790,买盘
330,10:16:40,13.59,0.01,3,4077,买盘
331,10:16:52,13.59,0.0,2,2718,买盘
332,10:17:19,13.58,-0.01,3,4074,卖盘
333,10:17:33,13.58,0.0,3,4074,买盘
334,10:18:43,13.57,-0.01,7,9499,卖盘
335,10:19:19,13.57,0.0,10,13570,买盘
336,10:19:34,13.57,0.0,2,2714,卖盘
337,10:19:46,13.58,0.01,9,12222,买盘
338,10:20:16,13.59,0.01,1,1359,买盘
339,10:20:55,13.58,-0.01,38,51604,卖盘
340,10:21:19,13.57,-0.01,1,1357,卖盘
341,10:21:39,13.57,0.0,14,18998,卖盘
342,10:21:46,13.57,0.0,7,9499,卖盘
343,10:21:52,13.56,-0.01,21,28476,卖盘
344,10:21:58,13.56,0.0,9,12204,卖盘
345,10:22:04,13.56,0.0,36,48816,卖盘
346,10:22:09,13.57,0.01,5,6783,买盘
347,10:22:16,13.55,-0.02,10,13550,卖盘
348,10:22:19,13.55,0.0,22,29810,卖盘
349,10:22:28,13.55,0.0,7,9485,卖盘
350,10:22:40,13.55,0.0,24,32520,卖盘
351,10:22:43,13.55,0.0,4,5420,买盘
352,10:22:46,13.52,-0.03,10,13520,卖盘
353,10:22:52,13.52,0.0,10,13520,卖盘
354,10:22:58,13.51,-0.01,7,9457,卖盘
355,10:23:16,13.51,0.0,9,12159,卖盘
356,10:23:31,13.46,-0.05,10,13478,卖盘
357,10:23:39,13.51,0.05,3,4053,买盘
358,10:23:49,13.52,0.01,2,2704,买盘
359,10:23:58,13.53,0.01,1,1353,买盘
360,10:24:19,13.53,0.0,2,2706,卖盘
361,10:24:22,13.52,-0.01,2,2704,卖盘
362,10:24:37,13.54,0.02,15,20305,买盘
363,10:24:52,13.54,0.0,25,33850,买盘
364,10:25:22,13.54,0.0,1,1354,卖盘
365,10:25:28,13.53,-0.01,35,47379,卖盘
366,10:26:13,13.53,0.0,1,1353,卖盘
367,10:26:25,13.53,0.0,1,1353,卖盘
368,10:26:37,13.5,-0.03,1,1350,卖盘
369,10:27:33,13.51,0.01,1,1351,买盘
370,10:27:40,13.53,0.02,1,1353,买盘
371,10:27:43,13.53,0.0,3,4059,买盘
372,10:27:48,13.53,0.0,23,31119,买盘
373,10:27:52,13.53,0.0,105,142065,买盘
374,10:27:55,13.53,0.0,31,41943,买盘
375,10:27:58,13.53,0.0,20,27060,买盘
376,10:29:10,13.54,0.01,3,4061,买盘
377,10:29:49,13.54,0.0,2,2708,卖盘
378,10:29:52,13.54,0.0,2,2708,卖盘
379,10:29:55,13.54,0.0,2,2708,卖盘
380,10:29:58,13.55,0.01,4,5418,买盘
381,10:30:01,13.54,-0.01,2,2708,卖盘
382,10:30:19,13.55,0.01,16,21680,买盘
383,10:30:22,13.53,-0.02,8,10832,卖盘
384,10:30:49,13.53,0.0,7,9471,卖盘
385,10:32:04,13.58,0.05,20,27110,买盘
386,10:32:58,13.58,0.0,2,2716,买盘
387,10:33:10,13.58,0.0,20,27160,买盘
388,10:33:40,13.58,0.0,30,40740,买盘
389,10:34:01,13.58,0.0,1,1358,买盘
390,10:34:06,13.57,-0.01,9,12213,卖盘
391,10:34:10,13.57,0.0,1,1357,卖盘
392,10:34:28,13.57,0.0,8,10856,卖盘
393,10:34:31,13.57,0.0,12,16284,卖盘
394,10:34:58,13.57,0.0,37,50209,卖盘
395,10:35:04,13.57,0.0,11,14927,卖盘
396,10:35:13,13.54,-0.03,3,4062,卖盘
397,10:35:43,13.54,0.0,2,2708,卖盘
398,10:37:10,13.55,0.01,1,1355,买盘
399,10:38:01,13.55,0.0,1,1355,卖盘
400,10:38:07,13.55,0.0,5,6775,卖盘
401,10:38:21,13.54,-0.01,4,5416,卖盘
402,10:38:25,13.54,0.0,6,8124,卖盘
403,10:38:28,13.54,0.0,6,8124,卖盘
404,10:38:34,13.53,-0.01,9,12177,卖盘
405,10:38:37,13.53,0.0,8,10824,卖盘
406,10:38:55,13.53,0.0,2,2706,卖盘
407,10:39:31,13.53,0.0,10,13530,卖盘
408,10:39:52,13.53,0.0,1,1353,卖盘
409,10:39:58,13.53,0.0,1,1353,卖盘
410,10:40:04,13.53,0.0,1,1353,卖盘
411,10:40:10,13.53,0.0,1,1353,卖盘
412,10:40:16,13.53,0.0,1,1353,卖盘
413,10:41:16,13.54,0.01,1,1354,买盘
414,10:41:27,13.56,0.02,26,35253,买盘
415,10:41:51,13.56,0.0,1,1356,卖盘
416,10:43:37,13.56,0.0,15,20340,卖盘
417,10:43:43,13.56,0.0,2,2712,买盘
418,10:43:49,13.55,-0.01,1,1355,卖盘
419,10:43:52,13.56,0.01,16,21694,买盘
420,10:43:55,13.55,-0.01,3,4065,卖盘
421,10:44:36,13.55,0.0,2,2710,买盘
422,10:45:00,13.55,0.0,3,4065,买盘
423,10:45:37,13.56,0.01,13,17627,买盘
424,10:46:55,13.56,0.0,1,1356,买盘
425,10:47:13,13.57,0.01,41,55635,买盘
426,10:49:06,13.57,0.0,1,1357,卖盘
427,10:49:16,13.58,0.01,5,6790,买盘
428,10:50:01,13.57,-0.01,4,5428,卖盘
429,10:50:07,13.56,-0.01,1,1356,卖盘
430,10:50:12,13.56,0.0,1,1356,卖盘
431,10:51:10,13.57,0.01,19,25783,卖盘
432,10:51:16,13.57,0.0,4,5428,卖盘
433,10:51:19,13.57,0.0,1,1357,卖盘
434,10:51:22,13.56,-0.01,1,1356,卖盘
435,10:51:24,13.56,0.0,2,2712,卖盘
436,10:51:27,13.56,0.0,12,16272,卖盘
437,10:51:31,13.54,-0.02,14,18966,卖盘
438,10:51:37,13.54,0.0,5,6770,卖盘
439,10:51:43,13.53,-0.01,7,9471,卖盘
440,10:51:54,13.53,0.0,10,13530,卖盘
441,10:52:01,13.53,0.0,3,4059,卖盘
442,10:52:07,13.53,0.0,5,6765,卖盘
443,10:52:19,13.55,0.02,21,28424,买盘
444,10:52:22,13.5,-0.05,15,20315,卖盘
445,10:52:27,13.5,0.0,13,17550,卖盘
446,10:53:07,13.5,0.0,48,64800,卖盘
447,10:53:31,13.51,0.01,5,6755,卖盘
448,10:53:52,13.51,0.0,10,13510,卖盘
449,10:54:31,13.51,0.0,4,5404,卖盘
450,10:55:07,13.52,0.01,10,13520,中性盘
451,10:55:19,13.54,0.02,7,9470,买盘
452,10:55:27,13.54,0.0,1,1354,买盘
453,10:55:58,13.54,0.0,4,5416,买盘
454,10:56:19,13.53,-0.01,3,4059,卖盘
455,10:56:37,13.54,0.01,18,24372,买盘
456,10:56:43,13.54,0.0,18,24372,买盘
457,10:56:49,13.55,0.01,1,1355,买盘
458,10:56:52,13.55,0.0,4,5420,买盘
459,10:57:13,13.56,0.01,2,2712,买盘
460,10:57:25,13.53,-0.03,4,5419,卖盘
461,10:58:28,13.53,0.0,7,9471,卖盘
462,10:58:37,13.53,0.0,9,12177,卖盘
463,10:59:39,13.52,-0.01,4,5408,卖盘
464,10:59:43,13.52,0.0,2,2704,卖盘
465,10:59:46,13.52,0.0,3,4056,卖盘
466,10:59:49,13.52,0.0,66,89232,卖盘
467,10:59:52,13.52,0.0,4,5408,卖盘
468,10:59:55,13.5,-0.02,120,162147,卖盘
469,10:59:58,13.5,0.0,17,22950,卖盘
470,11:00:01,13.48,-0.02,7,9436,卖盘
471,11:00:04,13.46,-0.02,5,6734,卖盘
472,11:00:07,13.45,-0.01,19,25572,卖盘
473,11:00:10,13.45,0.0,13,17485,卖盘
474,11:00:13,13.45,0.0,14,18830,卖盘
475,11:00:16,13.45,0.0,25,33621,卖盘
476,11:00:25,13.43,-0.02,4,5372,卖盘
477,11:00:28,13.43,0.0,66,88638,卖盘
478,11:00:34,13.49,0.06,18,24255,买盘
479,11:01:07,13.45,-0.04,5,6725,中性盘
480,11:01:22,13.45,0.0,10,13450,买盘
481,11:01:37,13.44,-0.01,5,6720,卖盘
482,11:01:46,13.45,0.01,6,8070,买盘
483,11:01:52,13.44,-0.01,10,13440,卖盘
484,11:01:55,13.44,0.0,10,13440,买盘
485,11:02:10,13.44,0.0,60,80640,买盘
486,11:02:16,13.43,-0.01,27,36261,卖盘
487,11:02:31,13.43,0.0,5,6715,卖盘
488,11:02:37,13.45,0.02,10,13450,买盘
489,11:03:04,13.45,0.0,17,22865,买盘
490,11:03:10,13.47,0.02,3,4041,买盘
491,11:03:43,13.47,0.0,3,4041,买盘
492,11:03:46,13.47,0.0,1,1347,买盘
493,11:03:52,13.47,0.0,2,2694,卖盘
494,11:03:54,13.45,-0.02,20,26900,卖盘
495,11:04:01,13.44,-0.01,12,16135,卖盘
496,11:04:04,13.43,-0.01,30,40301,卖盘
497,11:04:07,13.44,0.01,1,1344,中性盘
498,11:04:13,13.45,0.01,7,9415,卖盘
499,11:04:24,13.44,-0.01,1,1344,买盘
500,11:04:37,13.45,0.01,2,2690,买盘
501,11:04:46,13.44,-0.01,6,8064,卖盘
502,11:04:55,13.45,0.01,15,20170,买盘
503,11:05:01,13.44,-0.01,3,4032,卖盘
504,11:05:10,13.4,-0.04,155,207857,卖盘
505,11:05:13,13.42,0.02,1,1342,买盘
506,11:05:16,13.38,-0.04,8,10724,卖盘
507,11:05:22,13.38,0.0,22,29436,卖盘
508,11:05:25,13.38,0.0,5,6690,卖盘
509,11:05:28,13.38,0.0,17,22746,卖盘
510,11:05:31,13.38,0.0,17,22746,卖盘
511,11:05:37,13.38,0.0,12,16066,卖盘
512,11:05:40,13.38,0.0,13,17394,卖盘
513,11:05:43,13.38,0.0,6,8028,卖盘
514,11:05:46,13.38,0.0,4,5352,卖盘
515,11:05:49,13.38,0.0,2,2676,卖盘
516,11:05:52,13.38,0.0,2,2676,卖盘
517,11:05:55,13.38,0.0,5,6690,卖盘
518,11:06:01,13.38,0.0,1,1338,卖盘
519,11:06:04,13.43,0.05,8,10740,买盘
520,11:06:07,13.39,-0.04,5,6695,卖盘
521,11:06:13,13.39,0.0,1,1339,卖盘
522,11:06:16,13.39,0.0,1,1339,卖盘
523,11:06:19,13.39,0.0,1,1339,卖盘
524,11:06:22,13.39,0.0,1,1339,卖盘
525,11:06:25,13.39,0.0,4,5359,卖盘
526,11:06:28,13.39,0.0,3,4017,卖盘
527,11:06:34,13.39,0.0,12,16068,卖盘
528,11:06:37,13.4,0.01,4,5360,卖盘
529,11:06:40,13.4,0.0,10,13400,卖盘
530,11:06:43,13.4,0.0,10,13400,卖盘
531,11:06:46,13.39,-0.01,11,14738,卖盘
532,11:06:49,13.39,0.0,9,12051,卖盘
533,11:06:52,13.38,-0.01,7,9367,卖盘
534,11:06:55,13.38,0.0,6,8028,卖盘
535,11:06:58,13.38,0.0,5,6690,卖盘
536,11:07:01,13.36,-0.02,36,48144,卖盘
537,11:07:04,13.37,0.01,10,13370,买盘
538,11:07:10,13.36,-0.01,9,12045,卖盘
539,11:07:16,13.37,0.01,2,2674,卖盘
540,11:07:22,13.37,0.0,52,69554,卖盘
541,11:07:28,13.38,0.01,1,1338,买盘
542,11:07:31,13.38,0.0,21,28098,卖盘
543,11:07:34,13.39,0.01,2,2678,中性盘
544,11:07:40,13.39,0.0,9,12051,卖盘
545,11:07:43,13.39,0.0,1,1339,卖盘
546,11:07:46,13.39,0.0,2,2678,卖盘
547,11:07:49,13.39,0.0,2,2678,卖盘
548,11:07:52,13.41,0.02,58,77735,买盘
549,11:07:55,13.39,-0.02,2,2678,中性盘
550,11:08:07,13.41,0.02,10,13410,买盘
551,11:08:19,13.39,-0.02,23,30797,卖盘
552,11:08:22,13.39,0.0,11,14729,买盘
553,11:08:25,13.39,0.0,16,21424,买盘
554,11:08:28,13.39,0.0,2,2678,买盘
555,11:08:52,13.39,0.0,60,80342,卖盘
556,11:08:58,13.41,0.02,7,9386,买盘
557,11:09:16,13.42,0.01,5,6710,买盘
558,11:09:22,13.42,0.0,1,1342,卖盘
559,11:09:28,13.42,0.0,1,1342,卖盘
560,11:09:34,13.41,-0.01,17,22800,卖盘
561,11:09:40,13.4,-0.01,7,9386,卖盘
562,11:09:46,13.4,0.0,1,1340,卖盘
563,11:09:52,13.38,-0.02,8,10704,卖盘
564,11:09:58,13.38,0.0,4,5352,卖盘
565,11:10:01,13.38,0.0,6,8028,卖盘
566,11:10:04,13.38,0.0,4,5352,卖盘
567,11:10:07,13.38,0.0,3,4014,卖盘
568,11:10:09,13.38,0.0,293,390407,卖盘
569,11:10:13,13.27,-0.11,19,25213,卖盘
570,11:10:16,13.27,0.0,8,10616,卖盘
571,11:10:19,13.38,0.11,10,13373,买盘
572,11:10:25,13.38,0.0,3,4014,买盘
573,11:10:31,13.38,0.0,1,1338,卖盘
574,11:10:33,13.38,0.0,1,1338,卖盘
575,11:10:58,13.38,0.0,10,13380,买盘
576,11:11:25,13.38,0.0,21,28098,卖盘
577,11:11:31,13.38,0.0,5,6690,买盘
578,11:11:58,13.38,0.0,1,1338,买盘
579,11:12:04,13.36,-0.02,78,104340,卖盘
580,11:13:07,13.33,-0.03,54,72097,卖盘
581,11:13:13,13.33,0.0,44,58652,买盘
582,11:13:19,13.38,0.05,3,4014,卖盘
583,11:13:22,13.38,0.0,3,4014,卖盘
584,11:13:25,13.32,-0.06,3,3996,卖盘
585,11:13:28,13.32,0.0,3,3996,买盘
586,11:13:34,13.32,0.0,36,47947,买盘
587,11:13:37,13.32,0.0,14,18648,买盘
588,11:13:55,13.32,0.0,2,2664,卖盘
589,11:14:22,13.33,0.01,3,3999,卖盘
590,11:14:37,13.35,0.02,1,1335,卖盘
591,11:14:46,13.35,0.0,5,6680,卖盘
592,11:14:55,13.37,0.02,41,54686,买盘
593,11:15:01,13.37,0.0,1,1337,卖盘
594,11:15:07,13.37,0.0,1,1337,卖盘
595,11:15:13,13.37,0.0,1,1337,卖盘
596,11:15:24,13.38,0.01,2,2676,买盘
597,11:15:43,13.38,0.0,4,5351,买盘
598,11:15:49,13.33,-0.05,20,26672,卖盘
599,11:16:52,13.33,0.0,11,14663,卖盘
600,11:16:55,13.33,0.0,39,51987,买盘
601,11:16:58,13.34,0.01,2,2668,卖盘
602,11:17:16,13.34,0.0,40,53360,卖盘
603,11:17:27,13.37,0.03,1,1337,买盘
604,11:17:39,13.37,0.0,10,13370,买盘
605,11:18:01,13.37,0.0,7,9359,买盘
606,11:18:07,13.35,-0.02,6,8010,卖盘
607,11:18:24,13.37,0.02,10,13370,买盘
608,11:18:37,13.35,-0.02,2,2670,卖盘
609,11:18:46,13.35,0.0,15,20025,买盘
610,11:18:49,13.33,-0.02,20,26670,卖盘
611,11:19:04,13.34,0.01,5,6670,买盘
612,11:19:31,13.33,-0.01,5,6665,卖盘
613,11:19:37,13.32,-0.01,44,58615,卖盘
614,11:19:43,13.31,-0.01,3,3993,卖盘
615,11:19:46,13.31,0.0,2,2662,卖盘
616,11:19:49,13.3,-0.01,39,51876,卖盘
617,11:19:52,13.28,-0.02,76,100997,卖盘
618,11:19:55,13.3,0.02,18,23906,中性盘
619,11:19:58,13.28,-0.02,17,22576,卖盘
620,11:20:01,13.27,-0.01,32,42464,卖盘
621,11:20:04,13.27,0.0,30,39810,卖盘
622,11:20:07,13.28,0.01,14,18584,买盘
623,11:20:10,13.28,0.0,4,5312,卖盘
624,11:20:13,13.27,-0.01,3,3981,卖盘
625,11:20:16,13.27,0.0,2,2654,卖盘
626,11:20:22,13.27,0.0,1,1327,卖盘
627,11:20:25,13.23,-0.04,48,63579,卖盘
628,11:20:43,13.22,-0.01,25,33050,卖盘
629,11:20:55,13.22,0.0,5,6610,买盘
630,11:20:58,13.22,0.0,12,15854,卖盘
631,11:21:01,13.2,-0.02,163,215271,卖盘
632,11:21:04,13.22,0.02,50,66100,买盘
633,11:21:07,13.2,-0.02,2,2640,卖盘
634,11:21:13,13.22,0.02,5,6606,买盘
635,11:21:16,13.17,-0.05,7,9225,卖盘
636,11:21:19,13.2,0.03,13,17160,买盘
637,11:21:25,13.2,0.0,1,1320,买盘
638,11:21:28,13.2,0.0,5,6600,买盘
639,11:21:31,13.22,0.02,65,85912,买盘
640,11:21:34,13.18,-0.04,8,10546,卖盘
641,11:21:43,13.22,0.04,18,23796,买盘
642,11:21:46,13.22,0.0,2,2644,买盘
643,11:21:49,13.23,0.01,22,29088,买盘
644,11:21:52,13.23,0.0,3,3969,买盘
645,11:21:58,13.23,0.0,3,3969,买盘
646,11:22:04,13.23,0.0,23,30429,买盘
647,11:22:07,13.23,0.0,10,13230,买盘
648,11:22:51,13.25,0.02,27,35775,卖盘
649,11:24:13,13.28,0.03,5,6642,卖盘
650,11:24:25,13.27,-0.01,12,15951,卖盘
651,11:24:28,13.27,0.0,9,11943,买盘
652,11:24:31,13.27,0.0,20,26540,买盘
653,11:24:33,13.27,0.0,20,26540,买盘
654,11:24:43,13.27,0.0,12,15924,买盘
655,11:25:01,13.26,-0.01,31,41118,卖盘
656,11:25:12,13.25,-0.01,90,119250,卖盘
657,11:25:15,13.26,0.01,11,14586,买盘
658,11:25:25,13.24,-0.02,36,47699,卖盘
659,11:25:30,13.24,0.0,20,26480,买盘
660,11:25:40,13.24,0.0,6,7944,买盘
661,11:26:01,13.27,0.03,44,58424,卖盘
662,11:26:18,13.26,-0.01,44,58344,买盘
663,11:26:25,13.26,0.0,3,3978,买盘
664,11:27:01,13.24,-0.02,109,144527,卖盘
665,11:27:10,13.29,0.05,2,2658,卖盘
666,11:27:16,13.29,0.0,1,1329,卖盘
667,11:27:22,13.3,0.01,12,15960,买盘
668,11:27:31,13.31,0.01,5,6655,买盘
669,11:27:37,13.31,0.0,10,13310,买盘
670,11:27:40,13.31,0.0,2,2662,买盘
671,11:27:52,13.32,0.01,3,3996,买盘
672,11:27:57,13.32,0.0,3,3996,卖盘
673,11:28:10,13.33,0.01,10,13330,卖盘
674,11:28:13,13.32,-0.01,1,1332,卖盘
675,11:28:19,13.32,0.0,42,55944,卖盘
676,11:28:22,13.34,0.02,8,10672,买盘
677,11:28:25,13.33,-0.01,1,1333,卖盘
678,11:28:28,13.33,0.0,10,13330,卖盘
679,11:28:31,13.33,0.0,8,10664,卖盘
680,11:28:33,13.33,0.0,12,15996,中性盘
681,11:28:54,13.29,-0.04,11,14618,买盘
682,11:29:19,13.27,-0.02,7,9293,卖盘
683,11:29:40,13.26,-0.01,4,5304,卖盘
684,11:29:57,13.26,0.0,6,7956,卖盘
685,11:30:01,13.26,0.0,5,6630,买盘
686,11:30:04,13.27,0.01,11,14596,买盘
687,13:00:05,13.27,0.0,2,2654,买盘
688,13:00:07,13.28,0.01,104,137806,买盘
689,13:00:46,13.27,-0.01,1,1327,卖盘
690,13:00:51,13.27,0.0,1,1327,买盘
691,13:01:22,13.26,-0.01,3,3976,买盘
692,13:01:24,13.26,0.0,4,5304,卖盘
693,13:01:27,13.25,-0.01,6,7955,卖盘
694,13:01:34,13.27,0.02,34,45105,买盘
695,13:02:10,13.26,-0.01,6,7956,卖盘
696,13:02:22,13.26,0.0,6,7956,卖盘
697,13:02:33,13.26,0.0,20,26520,买盘
698,13:02:40,13.26,0.0,14,18564,买盘
699,13:02:46,13.26,0.0,17,22542,买盘
700,13:02:49,13.26,0.0,1,1326,买盘
701,13:02:51,13.26,0.0,4,5304,买盘
702,13:03:19,13.28,0.02,6,7968,买盘
703,13:03:34,13.28,0.0,6,7968,买盘
704,13:03:40,13.28,0.0,14,18592,卖盘
705,13:04:00,13.26,-0.02,57,75594,卖盘
706,13:04:54,13.26,0.0,5,6629,买盘
707,13:05:16,13.26,0.0,33,43758,卖盘
708,13:05:43,13.25,-0.01,1,1325,卖盘
709,13:05:45,13.25,0.0,10,13250,卖盘
710,13:05:57,13.23,-0.02,4,5292,卖盘
711,13:06:00,13.23,0.0,4,5292,卖盘
712,13:06:07,13.23,0.0,4,5292,卖盘
713,13:06:28,13.24,0.01,9,11916,买盘
714,13:06:39,13.23,-0.01,8,10584,卖盘
715,13:07:09,13.23,0.0,5,6615,买盘
716,13:07:54,13.22,-0.01,18,23799,卖盘
717,13:08:28,13.24,0.02,2,2648,卖盘
718,13:08:34,13.25,0.01,12,15900,买盘
719,13:08:40,13.26,0.01,3,3978,买盘
720,13:08:43,13.27,0.01,3,3981,买盘
721,13:08:54,13.27,0.0,6,7962,买盘
722,13:09:00,13.26,-0.01,7,9286,卖盘
723,13:09:19,13.28,0.02,10,13280,买盘
724,13:09:22,13.28,0.0,20,26560,买盘
725,13:09:52,13.26,-0.02,14,18564,卖盘
726,13:09:55,13.26,0.0,4,5304,买盘
727,13:10:01,13.28,0.02,26,34508,买盘
728,13:10:04,13.25,-0.03,3,3975,卖盘
729,13:10:06,13.25,0.0,4,5300,卖盘
730,13:10:10,13.25,0.0,141,186825,卖盘
731,13:10:13,13.23,-0.02,11,14553,卖盘
732,13:10:15,13.25,0.02,10,13250,买盘
733,13:11:09,13.25,0.0,32,42400,买盘
734,13:11:13,13.25,0.0,7,9275,买盘
735,13:11:49,13.26,0.01,10,13260,卖盘
736,13:12:15,13.28,0.02,21,27852,买盘
737,13:12:37,13.3,0.02,3,3990,买盘
738,13:12:43,13.3,0.0,1,1330,买盘
739,13:13:01,13.3,0.0,2,2660,卖盘
740,13:13:04,13.3,0.0,17,22610,买盘
741,13:13:51,13.3,0.0,56,74469,买盘
742,13:14:07,13.31,0.01,2,2662,买盘
743,13:14:16,13.31,0.0,18,23958,买盘
744,13:14:28,13.31,0.0,2,2662,卖盘
745,13:14:33,13.3,-0.01,7,9310,卖盘
746,13:14:40,13.3,0.0,10,13300,卖盘
747,13:14:45,13.3,0.0,3,3990,卖盘
748,13:15:10,13.3,0.0,7,9310,买盘
749,13:15:16,13.3,0.0,33,43890,卖盘
750,13:15:28,13.3,0.0,3,3990,买盘
751,13:16:27,13.26,-0.04,2,2652,卖盘
752,13:16:46,13.26,0.0,9,11934,卖盘
753,13:16:49,13.28,0.02,2,2654,买盘
754,13:16:52,13.28,0.0,4,5312,卖盘
755,13:16:55,13.28,0.0,1,1328,卖盘
756,13:17:30,13.28,0.0,6,7968,买盘
757,13:17:51,13.3,0.02,5,6650,买盘
758,13:17:55,13.28,-0.02,5,6640,中性盘
759,13:18:07,13.28,0.0,20,26560,买盘
760,13:18:15,13.27,-0.01,13,17251,卖盘
761,13:18:19,13.28,0.01,70,92960,买盘
762,13:19:12,13.31,0.03,5,6655,买盘
763,13:20:04,13.32,0.01,7,9324,买盘
764,13:20:07,13.32,0.0,1,1332,卖盘
765,13:20:10,13.32,0.0,8,10655,卖盘
766,13:20:13,13.32,0.0,4,5328,卖盘
767,13:20:16,13.32,0.0,5,6660,卖盘
768,13:20:19,13.32,0.0,1,1332,卖盘
769,13:20:22,13.32,0.0,1,1332,卖盘
770,13:20:25,13.31,-0.01,3,3993,卖盘
771,13:20:34,13.32,0.01,4,5328,买盘
772,13:21:07,13.32,0.0,4,5328,买盘
773,13:21:25,13.31,-0.01,19,25289,卖盘
774,13:21:37,13.32,0.01,10,13320,买盘
775,13:21:40,13.31,-0.01,15,19967,卖盘
776,13:21:45,13.31,0.0,19,25289,卖盘
777,13:21:49,13.3,-0.01,4,5320,卖盘
778,13:21:58,13.3,0.0,3,3990,买盘
779,13:22:01,13.32,0.02,3,3994,买盘
780,13:22:13,13.33,0.01,10,13329,买盘
781,13:22:43,13.33,0.0,1,1333,买盘
782,13:23:01,13.33,0.0,24,31992,买盘
783,13:23:10,13.34,0.01,51,68034,买盘
784,13:23:13,13.33,-0.01,55,73319,卖盘
785,13:24:01,13.35,0.02,3,4005,买盘
786,13:24:07,13.35,0.0,11,14685,买盘
787,13:24:10,13.35,0.0,6,8010,买盘
788,13:24:13,13.35,0.0,6,8010,买盘
789,13:24:37,13.36,0.01,5,6680,买盘
790,13:24:40,13.38,0.02,47,62852,买盘
791,13:25:16,13.39,0.01,20,26780,买盘
792,13:25:43,13.4,0.01,20,26800,买盘
793,13:25:52,13.4,0.0,18,24120,卖盘
794,13:25:54,13.4,0.0,7,9380,卖盘
795,13:25:57,13.4,0.0,6,8040,卖盘
796,13:26:01,13.4,0.0,9,12060,卖盘
797,13:26:04,13.39,-0.01,7,9373,卖盘
798,13:26:07,13.39,0.0,38,50882,卖盘
799,13:26:10,13.39,0.0,14,18736,中性盘
800,13:26:13,13.38,-0.01,37,49506,卖盘
801,13:26:22,13.4,0.02,15,20075,买盘
802,13:26:31,13.35,-0.05,5,6675,卖盘
803,13:26:37,13.35,0.0,5,6675,买盘
804,13:27:34,13.4,0.05,1,1340,买盘
805,13:27:43,13.34,-0.06,15,20011,卖盘
806,13:27:46,13.34,0.0,7,9338,买盘
807,13:27:55,13.34,0.0,12,16008,买盘
808,13:28:19,13.34,0.0,2,2668,买盘
809,13:28:25,13.34,0.0,9,11999,买盘
810,13:28:49,13.34,0.0,18,24012,卖盘
811,13:30:15,13.35,0.01,1,1335,卖盘
812,13:30:28,13.35,0.0,3,4005,卖盘
813,13:30:36,13.38,0.03,58,77604,买盘
814,13:30:40,13.38,0.0,1,1338,卖盘
815,13:30:55,13.38,0.0,1,1338,买盘
816,13:31:22,13.36,-0.02,3,4008,卖盘
817,13:31:37,13.35,-0.01,1,1335,卖盘
818,13:31:46,13.35,0.0,1,1335,卖盘
819,13:31:57,13.35,0.0,16,21360,卖盘
820,13:32:21,13.35,0.0,3,4005,卖盘
821,13:32:40,13.36,0.01,1,1336,买盘
822,13:32:52,13.35,-0.01,14,18693,卖盘
823,13:33:24,13.36,0.01,5,6680,买盘
824,13:33:43,13.35,-0.01,18,24030,卖盘
825,13:33:46,13.36,0.01,20,26720,买盘
826,13:34:30,13.36,0.0,10,13360,卖盘
827,13:34:34,13.38,0.02,18,24084,买盘
828,13:34:37,13.38,0.0,1,1338,卖盘
829,13:34:40,13.38,0.0,1,1338,卖盘
830,13:35:13,13.37,-0.01,3,4011,卖盘
831,13:35:58,13.37,0.0,7,9359,卖盘
832,13:36:01,13.37,0.0,18,24066,卖盘
833,13:36:40,13.37,0.0,10,13370,卖盘
834,13:36:45,13.37,0.0,1,1337,卖盘
835,13:36:49,13.37,0.0,1,1337,卖盘
836,13:36:52,13.37,0.0,3,4011,卖盘
837,13:36:55,13.36,-0.01,8,10688,卖盘
838,13:36:58,13.36,0.0,12,16032,卖盘
839,13:37:01,13.36,0.0,11,14696,卖盘
840,13:37:04,13.36,0.0,17,22712,卖盘
841,13:37:07,13.35,-0.01,6,8010,卖盘
842,13:37:09,13.34,-0.01,18,24026,卖盘
843,13:37:13,13.33,-0.01,4,5333,卖盘
844,13:37:16,13.33,0.0,2,2666,卖盘
845,13:37:19,13.33,0.0,28,37324,卖盘
846,13:37:25,13.34,0.01,11,14664,买盘
847,13:37:28,13.34,0.0,1,1334,卖盘
848,13:37:42,13.34,0.0,3,4002,卖盘
849,13:37:55,13.34,0.0,1,1334,卖盘
850,13:38:01,13.34,0.0,4,5336,卖盘
851,13:38:16,13.34,0.0,1,1334,买盘
852,13:39:01,13.34,0.0,5,6670,买盘
853,13:39:55,13.34,0.0,15,20010,卖盘
854,13:40:07,13.31,-0.03,1,1331,卖盘
855,13:40:31,13.31,0.0,1,1331,卖盘
856,13:40:40,13.31,0.0,4,5324,买盘
857,13:40:48,13.35,0.04,14,18683,买盘
858,13:40:58,13.35,0.0,3,4005,买盘
859,13:41:01,13.35,0.0,1,1335,买盘
860,13:41:04,13.35,0.0,1,1335,卖盘
861,13:41:25,13.35,0.0,1,1335,卖盘
862,13:41:49,13.36,0.01,3,4007,买盘
863,13:43:09,13.35,-0.01,3,4005,卖盘
864,13:44:36,13.35,0.0,3,4005,买盘
865,13:44:52,13.34,-0.01,5,6670,卖盘
866,13:45:13,13.34,0.0,1,1334,卖盘
867,13:45:16,13.34,0.0,1,1334,卖盘
868,13:45:22,13.33,-0.01,1,1333,卖盘
869,13:45:28,13.32,-0.01,12,15995,卖盘
870,13:46:13,13.32,0.0,38,50616,卖盘
871,13:46:19,13.32,0.0,5,6660,卖盘
872,13:46:25,13.32,0.0,3,3996,卖盘
873,13:46:30,13.31,-0.01,2,2663,卖盘
874,13:46:37,13.31,0.0,1,1331,卖盘
875,13:46:43,13.31,0.0,1,1331,卖盘
876,13:46:49,13.3,-0.01,1,1330,卖盘
877,13:47:07,13.3,0.0,1,1330,卖盘
878,13:47:10,13.3,0.0,41,54530,卖盘
879,13:47:16,13.3,0.0,1,1330,卖盘
880,13:47:19,13.3,0.0,1,1330,卖盘
881,13:47:33,13.28,-0.02,52,69076,卖盘
882,13:47:42,13.29,0.01,1,1329,中性盘
883,13:47:54,13.3,0.01,2,2660,买盘
884,13:48:22,13.32,0.02,7,9324,买盘
885,13:48:28,13.33,0.01,2,2666,中性盘
886,13:48:37,13.33,0.0,3,3999,卖盘
887,13:49:10,13.32,-0.01,3,3996,卖盘
888,13:50:07,13.3,-0.02,1,1330,卖盘
889,13:50:10,13.3,0.0,1,1330,卖盘
890,13:50:13,13.3,0.0,1,1330,卖盘
891,13:50:33,13.3,0.0,1,1330,卖盘
892,13:50:49,13.28,-0.02,14,18592,卖盘
893,13:50:52,13.3,0.02,6,7980,买盘
894,13:51:04,13.27,-0.03,4,5308,卖盘
895,13:51:16,13.27,0.0,2,2654,卖盘
896,13:51:19,13.29,0.02,29,38541,买盘
897,13:51:40,13.27,-0.02,6,7962,卖盘
898,13:51:43,13.3,0.03,29,38557,买盘
899,13:52:01,13.3,0.0,180,239400,买盘
900,13:52:07,13.29,-0.01,4,5316,卖盘
901,13:52:10,13.3,0.01,1,1330,买盘
902,13:52:16,13.3,0.0,1,1330,买盘
903,13:52:22,13.29,-0.01,2,2658,卖盘
904,13:52:28,13.29,0.0,1,1329,卖盘
905,13:52:39,13.3,0.01,1,1330,买盘
906,13:52:51,13.29,-0.01,19,25251,卖盘
907,13:53:27,13.29,0.0,1,1329,买盘
908,13:54:40,13.28,-0.01,50,66400,卖盘
909,13:54:45,13.27,-0.01,8,10616,卖盘
910,13:54:57,13.27,0.0,14,18588,卖盘
911,13:55:07,13.27,0.0,1,1327,卖盘
912,13:55:10,13.28,0.01,19,25231,买盘
913,13:55:13,13.27,-0.01,1,1327,中性盘
914,13:55:31,13.28,0.01,34,45152,买盘
915,13:55:37,13.29,0.01,3,3986,买盘
916,13:55:40,13.29,0.0,2,2658,买盘
917,13:56:22,13.3,0.01,1,1330,买盘
918,13:56:25,13.29,-0.01,1,1329,卖盘
919,13:56:31,13.29,0.0,1,1329,卖盘
920,13:58:34,13.29,0.0,2,2658,卖盘
921,13:58:57,13.29,0.0,1,1329,卖盘
922,14:00:07,13.29,0.0,1,1329,卖盘
923,14:00:10,13.29,0.0,1,1329,卖盘
924,14:00:13,13.29,0.0,1,1329,卖盘
925,14:00:16,13.29,0.0,2,2658,卖盘
926,14:00:19,13.29,0.0,28,37212,卖盘
927,14:00:22,13.29,0.0,2,2658,卖盘
928,14:00:25,13.29,0.0,5,6645,卖盘
929,14:00:27,13.29,0.0,6,7974,卖盘
930,14:00:31,13.3,0.01,30,39900,买盘
931,14:00:49,13.29,-0.01,1,1329,卖盘
932,14:01:10,13.29,0.0,1,1329,卖盘
933,14:01:15,13.29,0.0,3,3987,卖盘
934,14:01:31,13.29,0.0,5,6645,卖盘
935,14:01:37,13.29,0.0,23,30589,卖盘
936,14:01:40,13.32,0.03,39,51888,买盘
937,14:01:43,13.32,0.0,12,15984,买盘
938,14:01:46,13.32,0.0,6,7992,买盘
939,14:01:55,13.31,-0.01,11,14646,卖盘
940,14:02:01,13.33,0.02,20,26660,买盘
941,14:02:04,13.35,0.02,46,61340,买盘
942,14:02:13,13.37,0.02,1,1337,中性盘
943,14:02:16,13.37,0.0,3,4011,买盘
944,14:02:22,13.37,0.0,6,8022,买盘
945,14:02:37,13.38,0.01,8,10704,买盘
946,14:02:46,13.38,0.0,5,6690,买盘
947,14:02:52,13.38,0.0,2,2676,买盘
948,14:03:19,13.4,0.02,21,28140,买盘
949,14:03:22,13.4,0.0,3,4020,卖盘
950,14:03:25,13.39,-0.01,3,4017,卖盘
951,14:03:34,13.4,0.01,7,9380,买盘
952,14:03:40,13.42,0.02,8,10736,买盘
953,14:03:46,13.42,0.0,11,14762,卖盘
954,14:03:52,13.42,0.0,1,1342,卖盘
955,14:04:10,13.4,-0.02,23,30820,卖盘
956,14:04:19,13.39,-0.01,1,1339,卖盘
957,14:04:22,13.39,0.0,8,10712,卖盘
958,14:04:25,13.4,0.01,45,60326,买盘
959,14:04:55,13.39,-0.01,12,16068,卖盘
960,14:05:13,13.39,0.0,3,4017,卖盘
961,14:05:34,13.38,-0.01,5,6690,卖盘
962,14:05:58,13.38,0.0,5,6690,卖盘
963,14:06:13,13.38,0.0,4,5352,卖盘
964,14:06:16,13.38,0.0,1,1338,卖盘
965,14:06:25,13.38,0.0,1,1338,卖盘
966,14:06:27,13.38,0.0,1,1338,卖盘
967,14:06:37,13.38,0.0,3,4014,卖盘
968,14:06:52,13.39,0.01,2,2678,买盘
969,14:07:07,13.39,0.0,2,2678,卖盘
970,14:07:16,13.39,0.0,4,5356,卖盘
971,14:07:22,13.39,0.0,2,2678,卖盘
972,14:07:25,13.39,0.0,2,2678,买盘
973,14:07:31,13.38,-0.01,2,2676,卖盘
974,14:07:34,13.38,0.0,2,2676,卖盘
975,14:07:37,13.38,0.0,1,1338,卖盘
976,14:07:40,13.37,-0.01,3,4011,卖盘
977,14:07:43,13.39,0.02,7,9367,买盘
978,14:07:46,13.37,-0.02,3,4011,卖盘
979,14:07:49,13.37,0.0,1,1337,卖盘
980,14:09:07,13.38,0.01,2,2675,买盘
981,14:09:10,13.37,-0.01,41,54825,卖盘
982,14:09:39,13.39,0.02,1,1339,买盘
983,14:10:10,13.39,0.0,10,13390,买盘
984,14:10:15,13.38,-0.01,2,2676,卖盘
985,14:10:19,13.38,0.0,2,2676,卖盘
986,14:10:22,13.38,0.0,2,2676,卖盘
987,14:10:24,13.38,0.0,1,1338,卖盘
988,14:10:55,13.39,0.01,4,5356,买盘
989,14:11:04,13.4,0.01,13,17411,买盘
990,14:11:07,13.4,0.0,1,1340,卖盘
991,14:11:10,13.41,0.01,3,4023,买盘
992,14:11:16,13.41,0.0,1,1341,买盘
993,14:11:19,13.41,0.0,1,1341,买盘
994,14:11:25,13.41,0.0,1,1341,卖盘
995,14:12:07,13.4,-0.01,1,1340,卖盘
996,14:12:31,13.4,0.0,10,13400,卖盘
997,14:12:40,13.4,0.0,10,13400,卖盘
998,14:12:43,13.4,0.0,1,1340,卖盘
999,14:12:46,13.4,0.0,20,26800,卖盘
1000,14:12:55,13.4,0.0,14,18760,卖盘
1001,14:13:01,13.4,0.0,18,24120,卖盘
1002,14:13:07,13.38,-0.02,2,2676,卖盘
1003,14:13:22,13.38,0.0,3,4014,卖盘
1004,14:13:31,13.38,0.0,4,5352,卖盘
1005,14:14:04,13.37,-0.01,5,6685,卖盘
1006,14:14:07,13.38,0.01,9,12042,买盘
1007,14:14:09,13.38,0.0,1,1338,卖盘
1008,14:14:43,13.39,0.01,8,10712,买盘
1009,14:14:58,13.39,0.0,1,1339,买盘
1010,14:15:01,13.37,-0.02,51,68201,卖盘
1011,14:15:15,13.34,-0.03,1,1334,卖盘
1012,14:15:18,13.34,0.0,7,9342,卖盘
1013,14:15:58,13.36,0.02,4,5344,买盘
1014,14:16:04,13.36,0.0,1,1336,买盘
1015,14:16:37,13.36,0.0,1,1336,卖盘
1016,14:16:40,13.37,0.01,32,42784,买盘
1017,14:17:04,13.39,0.02,5,6695,买盘
1018,14:17:16,13.39,0.0,3,4017,买盘
1019,14:17:34,13.39,0.0,30,40170,买盘
1020,14:17:37,13.4,0.01,18,24111,买盘
1021,14:17:42,13.41,0.01,7,9387,买盘
1022,14:17:49,13.41,0.0,11,14751,买盘
1023,14:18:04,13.42,0.01,10,13420,买盘
1024,14:18:10,13.42,0.0,7,9394,买盘
1025,14:18:19,13.45,0.03,20,26890,买盘
1026,14:18:52,13.44,-0.01,1,1344,买盘
1027,14:19:10,13.44,0.0,10,13440,买盘
1028,14:19:28,13.44,0.0,18,24192,卖盘
1029,14:19:31,13.45,0.01,3,4035,买盘
1030,14:20:01,13.45,0.0,23,30935,买盘
1031,14:20:07,13.45,0.0,4,5380,卖盘
1032,14:20:13,13.45,0.0,9,12105,卖盘
1033,14:20:16,13.46,0.01,11,14806,买盘
1034,14:20:19,13.45,-0.01,8,10764,卖盘
1035,14:20:21,13.44,-0.01,4,5376,卖盘
1036,14:20:25,13.44,0.0,4,5376,卖盘
1037,14:20:28,13.44,0.0,4,5376,卖盘
1038,14:20:34,13.45,0.01,4,5380,买盘
1039,14:20:43,13.45,0.0,16,21520,买盘
1040,14:21:04,13.44,-0.01,13,17472,卖盘
1041,14:21:10,13.46,0.02,10,13455,买盘
1042,14:21:13,13.44,-0.02,3,4032,卖盘
1043,14:21:28,13.44,0.0,4,5376,卖盘
1044,14:21:34,13.44,0.0,2,2688,卖盘
1045,14:21:46,13.44,0.0,1,1344,卖盘
1046,14:21:49,13.44,0.0,2,2688,卖盘
1047,14:22:07,13.43,-0.01,2,2686,卖盘
1048,14:23:48,13.44,0.01,16,21504,买盘
1049,14:23:55,13.45,0.01,5,6724,买盘
1050,14:23:58,13.45,0.0,8,10760,买盘
1051,14:24:01,13.46,0.01,1,1346,买盘
1052,14:24:04,13.46,0.0,5,6730,买盘
1053,14:24:13,13.47,0.01,20,26940,买盘
1054,14:24:22,13.47,0.0,4,5388,买盘
1055,14:24:34,13.47,0.0,10,13470,卖盘
1056,14:25:01,13.48,0.01,35,47180,买盘
1057,14:25:04,13.48,0.0,29,39092,买盘
1058,14:25:10,13.48,0.0,33,44487,卖盘
1059,14:25:16,13.48,0.0,15,20220,买盘
1060,14:25:19,13.48,0.0,11,14828,买盘
1061,14:25:28,13.49,0.01,74,99726,买盘
1062,14:26:04,13.46,-0.03,2,2692,卖盘
1063,14:26:13,13.47,0.01,16,21552,买盘
1064,14:26:16,13.46,-0.01,1,1346,卖盘
1065,14:26:22,13.48,0.02,30,40416,买盘
1066,14:26:25,13.46,-0.02,1,1346,卖盘
1067,14:26:43,13.48,0.02,1,1348,买盘
1068,14:26:58,13.48,0.0,5,6740,买盘
1069,14:27:10,13.48,0.0,47,63356,买盘
1070,14:27:13,13.48,0.0,1,1348,卖盘
1071,14:27:22,13.48,0.0,20,26960,卖盘
1072,14:27:28,13.5,0.02,87,117408,买盘
1073,14:27:46,13.5,0.0,14,18900,卖盘
1074,14:27:49,13.51,0.01,35,47284,买盘
1075,14:27:52,13.51,0.0,13,17563,买盘
1076,14:28:07,13.45,-0.06,2,2690,卖盘
1077,14:28:13,13.42,-0.03,2,2685,卖盘
1078,14:28:16,13.5,0.08,28,37743,买盘
1079,14:28:19,13.5,0.0,6,8100,卖盘
1080,14:28:22,13.45,-0.05,2,2687,买盘
1081,14:28:25,13.5,0.05,1,1350,卖盘
1082,14:28:31,13.5,0.0,3,4050,卖盘
1083,14:28:33,13.5,0.0,5,6750,卖盘
1084,14:28:49,13.51,0.01,52,70203,买盘
1085,14:28:58,13.5,-0.01,33,44550,卖盘
1086,14:29:04,13.5,0.0,100,135000,卖盘
1087,14:29:06,13.5,0.0,14,18900,卖盘
1088,14:29:13,13.5,0.0,4,5400,卖盘
1089,14:29:15,13.5,0.0,1,1350,买盘
1090,14:29:46,13.5,0.0,44,59400,买盘
1091,14:29:52,13.51,0.01,3,4053,买盘
1092,14:29:55,13.51,0.0,1,1351,买盘
1093,14:29:58,13.5,-0.01,3,4050,卖盘
1094,14:30:00,13.5,0.0,3,4050,卖盘
1095,14:30:04,13.5,0.0,5,6750,卖盘
1096,14:30:10,13.5,0.0,46,62100,卖盘
1097,14:30:13,13.5,0.0,1,1350,卖盘
1098,14:30:16,13.51,0.01,1,1351,买盘
1099,14:30:31,13.5,-0.01,10,13500,卖盘
1100,14:30:37,13.51,0.01,15,20265,买盘
1101,14:31:01,13.52,0.01,2,2704,买盘
1102,14:31:04,13.52,0.0,2,2704,买盘
1103,14:31:07,13.52,0.0,37,50024,买盘
1104,14:31:13,13.55,0.03,3,4065,买盘
1105,14:31:22,13.53,-0.02,5,6765,卖盘
1106,14:31:25,13.55,0.02,11,14895,买盘
1107,14:31:31,13.58,0.03,50,67818,买盘
1108,14:31:37,13.55,-0.03,1,1355,中性盘
1109,14:31:46,13.55,0.0,37,50221,卖盘
1110,14:31:58,13.55,0.0,6,8130,卖盘
1111,14:32:01,13.59,0.04,52,70638,买盘
1112,14:32:12,13.56,-0.03,22,29832,卖盘
1113,14:32:16,13.57,0.01,6,8142,买盘
1114,14:32:19,13.57,0.0,20,27150,卖盘
1115,14:32:21,13.58,0.01,1,1358,买盘
1116,14:32:34,13.59,0.01,50,67936,买盘
1117,14:32:37,13.59,0.0,10,13590,买盘
1118,14:32:40,13.59,0.0,51,69309,卖盘
1119,14:32:46,13.59,0.0,21,28541,卖盘
1120,14:32:49,13.58,-0.01,108,146673,卖盘
1121,14:32:52,13.58,0.0,2,2716,买盘
1122,14:32:58,13.57,-0.01,12,16284,卖盘
1123,14:33:01,13.57,0.0,75,101835,卖盘
1124,14:33:40,13.57,0.0,4,5428,买盘
1125,14:33:46,13.58,0.01,26,35308,买盘
1126,14:33:55,13.59,0.01,4,5434,买盘
1127,14:34:04,13.6,0.01,52,70719,买盘
1128,14:34:10,13.6,0.0,5,6800,买盘
1129,14:34:37,13.6,0.0,20,27200,买盘
1130,14:34:43,13.6,0.0,1,1360,买盘
1131,14:34:46,13.6,0.0,45,61198,买盘
1132,14:34:49,13.6,0.0,10,13600,卖盘
1133,14:34:52,13.61,0.01,1,1361,买盘
1134,14:35:04,13.6,-0.01,20,27200,卖盘
1135,14:35:13,13.6,0.0,9,12240,卖盘
1136,14:35:19,13.6,0.0,8,10880,买盘
1137,14:35:28,13.6,0.0,2,2720,买盘
1138,14:35:42,13.6,0.0,28,38080,买盘
1139,14:35:46,13.59,-0.01,7,9513,卖盘
1140,14:35:49,13.59,0.0,9,12231,卖盘
1141,14:35:55,13.6,0.01,1,1360,买盘
1142,14:36:04,13.59,-0.01,5,6795,卖盘
1143,14:36:22,13.59,0.0,12,16308,买盘
1144,14:36:34,13.58,-0.01,1,1358,卖盘
1145,14:36:37,13.59,0.01,9,12231,买盘
1146,14:36:43,13.59,0.0,11,14949,卖盘
1147,14:36:49,13.6,0.01,2,2720,买盘
1148,14:37:04,13.59,-0.01,1,1359,买盘
1149,14:37:10,13.59,0.0,5,6795,卖盘
1150,14:37:16,13.59,0.0,1,1359,买盘
1151,14:37:34,13.59,0.0,4,5436,买盘
1152,14:37:40,13.58,-0.01,1,1358,卖盘
1153,14:37:43,13.59,0.01,2,2718,买盘
1154,14:37:52,13.58,-0.01,7,9506,卖盘
1155,14:38:04,13.58,0.0,4,5432,卖盘
1156,14:38:10,13.57,-0.01,140,190019,卖盘
1157,14:38:15,13.58,0.01,2,2716,买盘
1158,14:38:22,13.57,-0.01,1,1357,卖盘
1159,14:38:43,13.57,0.0,26,35282,卖盘
1160,14:38:46,13.57,0.0,2,2714,卖盘
1161,14:38:49,13.57,0.0,24,32572,卖盘
1162,14:39:09,13.57,0.0,5,6785,卖盘
1163,14:39:16,13.55,-0.02,6,8130,卖盘
1164,14:39:22,13.55,0.0,5,6775,卖盘
1165,14:39:37,13.55,0.0,1,1355,卖盘
1166,14:39:46,13.56,0.01,1,1356,买盘
1167,14:39:49,13.55,-0.01,8,10840,卖盘
1168,14:39:58,13.53,-0.02,1,1353,卖盘
1169,14:40:07,13.55,0.02,47,63668,买盘
1170,14:40:18,13.55,0.0,1,1355,卖盘
1171,14:40:25,13.55,0.0,53,71815,卖盘
1172,14:40:37,13.56,0.01,14,18974,买盘
1173,14:40:43,13.56,0.0,30,40680,卖盘
1174,14:41:07,13.56,0.0,3,4068,卖盘
1175,14:41:10,13.56,0.0,7,9492,卖盘
1176,14:41:25,13.56,0.0,1,1356,卖盘
1177,14:41:40,13.56,0.0,7,9492,卖盘
1178,14:42:13,13.55,-0.01,10,13550,卖盘
1179,14:42:19,13.55,0.0,8,10840,卖盘
1180,14:42:42,13.56,0.01,28,37965,买盘
1181,14:42:52,13.56,0.0,3,4068,买盘
1182,14:42:58,13.55,-0.01,10,13550,卖盘
1183,14:43:13,13.56,0.01,10,13560,买盘
1184,14:43:16,13.55,-0.01,9,12195,卖盘
1185,14:43:22,13.55,0.0,1,1355,卖盘
1186,14:43:55,13.55,0.0,25,33875,卖盘
1187,14:44:06,13.55,0.0,15,20325,卖盘
1188,14:44:13,13.55,0.0,1,1355,卖盘
1189,14:45:10,13.55,0.0,12,16264,卖盘
1190,14:45:39,13.53,-0.02,39,52767,卖盘
1191,14:45:46,13.53,0.0,4,5412,买盘
1192,14:46:01,13.54,0.01,1,1354,买盘
1193,14:46:04,13.53,-0.01,56,75768,卖盘
1194,14:46:07,13.53,0.0,8,10824,买盘
1195,14:46:10,13.52,-0.01,4,5408,卖盘
1196,14:46:13,13.53,0.01,14,18942,买盘
1197,14:46:22,13.53,0.0,23,31119,买盘
1198,14:46:28,13.55,0.02,6,8120,买盘
1199,14:46:34,13.53,-0.02,50,67651,卖盘
1200,14:46:40,13.53,0.0,2,2706,卖盘
1201,14:47:10,13.53,0.0,12,16238,卖盘
1202,14:47:16,13.52,-0.01,10,13520,卖盘
1203,14:47:34,13.53,0.01,36,48708,买盘
1204,14:47:55,13.54,0.01,2,2708,买盘
1205,14:48:04,13.53,-0.01,16,21648,卖盘
1206,14:48:34,13.53,0.0,2,2706,卖盘
1207,14:48:40,13.55,0.02,4,5420,买盘
1208,14:48:52,13.52,-0.03,78,105528,卖盘
1209,14:48:58,13.52,0.0,18,24336,买盘
1210,14:49:04,13.52,0.0,11,14866,买盘
1211,14:49:28,13.52,0.0,30,40560,买盘
1212,14:49:31,13.52,0.0,19,25688,买盘
1213,14:49:34,13.52,0.0,1,1352,卖盘
1214,14:49:40,13.52,0.0,8,10818,卖盘
1215,14:49:43,13.52,0.0,2,2704,卖盘
1216,14:50:04,13.52,0.0,10,13520,卖盘
1217,14:50:10,13.54,0.02,19,25726,买盘
1218,14:50:16,13.54,0.0,14,18958,卖盘
1219,14:50:19,13.56,0.02,1,1356,买盘
1220,14:50:22,13.54,-0.02,45,60930,卖盘
1221,14:50:43,13.54,0.0,1,1354,买盘
1222,14:50:49,13.54,0.0,26,35182,买盘
1223,14:50:51,13.54,0.0,2,2708,买盘
1224,14:50:55,13.53,-0.01,4,5412,卖盘
1225,14:51:04,13.54,0.01,16,21664,买盘
1226,14:51:13,13.53,-0.01,10,13535,卖盘
1227,14:51:25,13.55,0.02,3,4065,买盘
1228,14:51:49,13.55,0.0,1,1355,买盘
1229,14:51:55,13.55,0.0,3,4065,买盘
1230,14:52:37,13.54,-0.01,1,1354,卖盘
1231,14:52:46,13.54,0.0,26,35214,卖盘
1232,14:52:55,13.53,-0.01,1,1353,卖盘
1233,14:53:13,13.53,0.0,2,2706,卖盘
1234,14:53:19,13.53,0.0,10,13530,卖盘
1235,14:53:25,13.53,0.0,13,17589,卖盘
1236,14:53:31,13.53,0.0,30,40590,买盘
1237,14:53:49,13.53,0.0,10,13530,买盘
1238,14:53:52,13.53,0.0,10,13530,卖盘
1239,14:54:04,13.52,-0.01,1,1352,卖盘
1240,14:54:07,13.54,0.02,9,12186,买盘
1241,14:54:10,13.54,0.0,10,13540,买盘
1242,14:54:34,13.53,-0.01,1,1353,中性盘
1243,14:54:40,13.52,-0.01,4,5408,卖盘
1244,14:54:52,13.54,0.02,10,13540,买盘
1245,14:54:58,13.52,-0.02,84,113587,卖盘
1246,14:55:28,13.54,0.02,38,51386,买盘
1247,14:55:31,13.54,0.0,24,32486,买盘
1248,14:55:34,13.51,-0.03,7,9475,卖盘
1249,14:55:37,13.52,0.01,12,16217,买盘
1250,14:55:40,13.52,0.0,5,6760,卖盘
1251,14:55:43,13.52,0.0,2,2704,卖盘
1252,14:56:34,13.53,0.01,2,2706,卖盘
1253,14:56:40,13.54,0.01,1,1354,买盘
1254,14:56:43,13.54,0.0,1,1354,买盘
1255,14:56:46,13.54,0.0,1,1354,买盘
1256,14:56:49,13.53,-0.01,3,4059,卖盘
1257,14:56:52,13.54,0.01,20,27073,买盘
1258,15:00:04,13.54,0.0,211,285694,卖盘
