,time,price,change,volume,amount,type
0,09:25:04,5.45,-0.02,784,427280,卖盘
1,09:30:00,5.45,0.0,200,109000,买盘
2,09:30:04,5.43,-0.02,2644,1438907,卖盘
3,09:30:07,5.43,0.0,60,32574,买盘
4,09:30:10,5.43,0.0,32,17376,买盘
5,09:30:12,5.41,-0.02,19,10299,卖盘
6,09:30:15,5.41,0.0,102,55182,买盘
7,09:30:19,5.43,0.02,18,9762,买盘
8,09:30:25,5.43,0.0,17,9231,买盘
9,09:30:31,5.42,-0.01,66,35776,买盘
10,09:30:34,5.42,0.0,33,17857,买盘
11,09:30:37,5.43,0.01,10,5430,买盘
12,09:30:39,5.42,-0.01,22,11924,卖盘
13,09:30:43,5.42,0.0,139,75393,卖盘
14,09:30:46,5.43,0.01,20,10860,买盘
15,09:30:48,5.43,0.0,5,2715,买盘
16,09:30:51,5.43,0.0,17,9218,买盘
17,09:30:55,5.43,0.0,23,12489,买盘
18,09:30:58,5.43,0.0,30,16280,买盘
19,09:31:01,5.43,0.0,36,19537,买盘
20,09:31:04,5.43,0.0,395,214482,买盘
21,09:31:06,5.44,0.01,11,5984,买盘
22,09:31:10,5.44,0.0,1,544,买盘
23,09:31:13,5.44,0.0,15,8160,买盘
24,09:31:16,5.44,0.0,10,5440,买盘
25,09:31:19,5.43,-0.01,232,126016,卖盘
26,09:31:25,5.44,0.01,43,23392,买盘
27,09:31:30,5.44,0.0,144,78292,买盘
28,09:31:34,5.44,0.0,209,113696,买盘
29,09:31:37,5.44,0.0,60,32640,卖盘
30,09:31:43,5.45,0.01,23,12535,买盘
31,09:31:46,5.45,0.0,40,21800,买盘
32,09:31:49,5.45,0.0,113,61585,买盘
33,09:31:51,5.45,0.0,30,16350,卖盘
34,09:31:54,5.45,0.0,22,11990,买盘
35,09:31:57,5.45,0.0,5,2725,卖盘
36,09:32:01,5.45,0.0,104,56680,卖盘
37,09:32:04,5.45,0.0,25,13625,卖盘
38,09:32:07,5.45,0.0,44,24000,卖盘
39,09:32:12,5.45,0.0,20,10900,卖盘
40,09:32:16,5.46,0.01,20,10920,买盘
41,09:32:18,5.45,-0.01,126,68725,卖盘
42,09:32:22,5.45,0.0,442,240890,买盘
43,09:32:25,5.45,0.0,35,19075,买盘
44,09:32:34,5.45,0.0,32,17440,买盘
45,09:32:37,5.45,0.0,12,6540,卖盘
46,09:32:39,5.45,0.0,56,30519,买盘
47,09:32:46,5.45,0.0,54,29454,卖盘
48,09:32:52,5.45,0.0,1,545,卖盘
49,09:32:55,5.45,0.0,1,545,卖盘
50,09:32:58,5.46,0.01,18,9828,买盘
51,09:33:00,5.45,-0.01,21,11445,卖盘
52,09:33:06,5.45,0.0,8,4360,卖盘
53,09:33:15,5.45,0.0,150,81750,卖盘
54,09:33:18,5.45,0.0,69,37613,卖盘
55,09:33:22,5.45,0.0,110,59950,卖盘
56,09:33:25,5.44,-0.01,93,50606,卖盘
57,09:33:31,5.45,0.01,63,34335,买盘
58,09:33:34,5.44,-0.01,80,43520,卖盘
59,09:33:36,5.44,0.0,74,40256,卖盘
60,09:33:40,5.44,0.0,38,20672,卖盘
61,09:33:43,5.44,0.0,37,20128,卖盘
62,09:33:46,5.44,0.0,60,32648,卖盘
63,09:33:49,5.44,0.0,44,23974,卖盘
64,09:33:52,5.44,0.0,76,41344,卖盘
65,09:33:54,5.44,0.0,127,69088,卖盘
66,09:33:57,5.44,0.0,52,28288,卖盘
67,09:34:07,5.44,0.0,60,32640,买盘
68,09:34:13,5.44,0.0,50,27200,买盘
69,09:34:15,5.43,-0.01,7,3801,卖盘
70,09:34:18,5.44,0.01,34,18476,买盘
71,09:34:28,5.43,-0.01,100,54300,卖盘
72,09:34:34,5.43,0.0,187,101541,卖盘
73,09:34:37,5.44,0.01,110,59800,买盘
74,09:34:40,5.44,0.0,1,544,买盘
75,09:34:42,5.44,0.0,50,27200,买盘
76,09:34:46,5.44,0.0,50,27200,买盘
77,09:34:48,5.44,0.0,5,2720,买盘
78,09:34:58,5.43,-0.01,18,9774,卖盘
79,09:35:01,5.43,0.0,65,35295,卖盘
80,09:35:06,5.43,0.0,84,45612,卖盘
81,09:35:16,5.43,0.0,6,3258,买盘
82,09:35:19,5.42,-0.01,18,9756,卖盘
83,09:35:25,5.42,0.0,30,16260,卖盘
84,09:35:28,5.43,0.01,2,1086,买盘
85,09:35:34,5.42,-0.01,15,8130,卖盘
86,09:35:37,5.43,0.01,46,24962,买盘
87,09:35:40,5.43,0.0,20,10860,买盘
88,09:35:45,5.43,0.0,13,7059,卖盘
89,09:35:48,5.42,-0.01,98,53201,卖盘
90,09:35:51,5.42,0.0,36,19512,卖盘
91,09:36:04,5.42,0.0,9,4878,卖盘
92,09:36:06,5.43,0.01,20,10850,买盘
93,09:36:09,5.42,-0.01,15,8130,卖盘
94,09:36:16,5.42,0.0,171,92852,卖盘
95,09:36:19,5.43,0.01,2,1086,买盘
96,09:36:22,5.43,0.0,27,14661,买盘
97,09:36:28,5.44,0.01,312,169712,买盘
98,09:36:31,5.43,-0.01,23,12489,卖盘
99,09:36:40,5.43,0.0,59,32058,卖盘
100,09:36:42,5.43,0.0,110,59730,卖盘
101,09:36:49,5.43,0.0,98,53216,卖盘
102,09:36:54,5.43,0.0,12,6516,买盘
103,09:36:58,5.43,0.0,17,9231,买盘
104,09:37:00,5.43,0.0,20,10860,卖盘
105,09:37:09,5.43,0.0,15,8145,卖盘
106,09:37:12,5.43,0.0,5,2715,卖盘
107,09:37:16,5.43,0.0,7,3801,卖盘
108,09:37:25,5.43,0.0,20,10860,卖盘
109,09:37:27,5.43,0.0,31,16833,卖盘
110,09:37:37,5.43,0.0,2,1086,卖盘
111,09:37:43,5.43,0.0,21,11403,卖盘
112,09:37:46,5.43,0.0,7,3801,卖盘
113,09:37:48,5.44,0.01,5,2720,买盘
114,09:37:58,5.44,0.0,28,15232,买盘
115,09:38:09,5.43,-0.01,135,73305,卖盘
116,09:38:13,5.43,0.0,4,2172,买盘
117,09:38:16,5.44,0.01,91,49504,买盘
118,09:38:21,5.43,-0.01,51,27696,卖盘
119,09:38:25,5.44,0.01,92,50025,买盘
120,09:38:34,5.42,-0.02,15,8140,卖盘
121,09:38:37,5.44,0.02,2,1088,买盘
122,09:38:49,5.43,-0.01,58,31494,卖盘
123,09:38:55,5.43,0.0,32,17374,买盘
124,09:38:58,5.43,0.0,56,30408,买盘
125,09:39:03,5.43,0.0,10,5430,买盘
126,09:39:07,5.42,-0.01,8,4336,卖盘
127,09:39:13,5.43,0.01,272,147434,买盘
128,09:39:22,5.43,0.0,50,27150,买盘
129,09:39:25,5.42,-0.01,70,37940,卖盘
130,09:39:28,5.42,0.0,6,3252,卖盘
131,09:39:31,5.42,0.0,1,542,卖盘
132,09:39:42,5.41,-0.01,41,22217,卖盘
133,09:39:46,5.41,0.0,579,313347,卖盘
134,09:39:49,5.4,-0.01,15,8110,卖盘
135,09:39:58,5.4,0.0,320,172835,卖盘
136,09:40:00,5.4,0.0,5,2700,买盘
137,09:40:07,5.4,0.0,28,15120,买盘
138,09:40:09,5.4,0.0,45,24290,买盘
139,09:40:12,5.39,-0.01,115,61992,卖盘
140,09:40:19,5.39,0.0,21,11329,卖盘
141,09:40:22,5.39,0.0,17,9163,卖盘
142,09:40:25,5.39,0.0,6,3234,卖盘
143,09:40:28,5.4,0.01,5,2699,中性盘
144,09:40:31,5.39,-0.01,4,2157,卖盘
145,09:40:33,5.39,0.0,42,22641,卖盘
146,09:40:37,5.39,0.0,35,18865,卖盘
147,09:40:40,5.4,0.01,123,66330,买盘
148,09:40:46,5.4,0.0,103,55610,买盘
149,09:40:48,5.4,0.0,176,95032,买盘
150,09:40:55,5.4,0.0,224,120960,卖盘
151,09:40:58,5.4,0.0,14,7560,买盘
152,09:41:13,5.39,-0.01,133,71807,卖盘
153,09:41:15,5.4,0.01,48,25893,买盘
154,09:41:22,5.39,-0.01,16,8624,卖盘
155,09:41:27,5.4,0.01,52,28038,买盘
156,09:41:34,5.4,0.0,278,149948,买盘
157,09:41:37,5.39,-0.01,22,11874,卖盘
158,09:41:40,5.39,0.0,80,43120,卖盘
159,09:41:43,5.39,0.0,32,17248,卖盘
160,09:41:49,5.4,0.01,10,5400,买盘
161,09:41:52,5.39,-0.01,30,16180,卖盘
162,09:41:55,5.4,0.01,200,108000,买盘
163,09:41:58,5.4,0.0,2,1080,买盘
164,09:42:04,5.4,0.0,82,44270,买盘
165,09:42:10,5.4,0.0,24,12960,卖盘
166,09:42:13,5.4,0.0,44,23760,卖盘
167,09:42:16,5.4,0.0,5,2700,买盘
168,09:42:19,5.4,0.0,134,72360,买盘
169,09:42:21,5.4,0.0,20,10800,卖盘
170,09:42:24,5.4,0.0,3,1620,买盘
171,09:42:40,5.4,0.0,20,10800,卖盘
172,09:42:43,5.4,0.0,169,91260,卖盘
173,09:42:46,5.4,0.0,15,8100,卖盘
174,09:42:48,5.4,0.0,96,51885,卖盘
175,09:42:51,5.4,0.0,62,33480,卖盘
176,09:42:55,5.4,0.0,43,23220,买盘
177,09:43:01,5.4,0.0,55,29700,卖盘
178,09:43:04,5.4,0.0,4,2160,买盘
179,09:43:06,5.4,0.0,207,111780,买盘
180,09:43:10,5.39,-0.01,10,5390,卖盘
181,09:43:13,5.4,0.01,13,7020,买盘
182,09:43:16,5.39,-0.01,90,48510,卖盘
183,09:43:19,5.39,0.0,22,11858,卖盘
184,09:43:24,5.39,0.0,121,65229,卖盘
185,09:43:27,5.39,0.0,103,55517,卖盘
186,09:43:34,5.39,0.0,19,10241,卖盘
187,09:43:37,5.38,-0.01,815,438709,卖盘
188,09:43:46,5.37,-0.01,20,10740,卖盘
189,09:43:49,5.37,0.0,298,160026,卖盘
190,09:43:54,5.37,0.0,52,27924,卖盘
191,09:43:57,5.37,0.0,268,143697,卖盘
192,09:44:00,5.37,0.0,245,131565,买盘
193,09:44:06,5.37,0.0,65,34889,买盘
194,09:44:10,5.37,0.0,18,9666,卖盘
195,09:44:13,5.37,0.0,43,23091,卖盘
196,09:44:18,5.37,0.0,10,5370,买盘
197,09:44:21,5.37,0.0,3,1611,买盘
198,09:44:25,5.37,0.0,245,131535,买盘
199,09:44:28,5.37,0.0,195,104715,买盘
200,09:44:33,5.38,0.01,17,9146,买盘
201,09:44:37,5.38,0.0,70,37644,买盘
202,09:44:40,5.38,0.0,47,25286,买盘
203,09:44:42,5.38,0.0,44,23672,买盘
204,09:44:45,5.38,0.0,50,26900,买盘
205,09:44:49,5.38,0.0,505,271690,买盘
206,09:44:52,5.39,0.01,2,1078,买盘
207,09:44:58,5.39,0.0,29,15631,买盘
208,09:45:07,5.4,0.01,39,21060,买盘
209,09:45:13,5.4,0.0,41,22108,买盘
210,09:45:31,5.4,0.0,8,4320,买盘
211,09:45:34,5.39,-0.01,30,16170,卖盘
212,09:45:37,5.4,0.01,100,54000,买盘
213,09:45:43,5.4,0.0,40,21600,买盘
214,09:45:52,5.4,0.0,131,70740,买盘
215,09:46:06,5.4,0.0,7,3780,买盘
216,09:46:09,5.4,0.0,11,5940,买盘
217,09:46:13,5.41,0.01,5,2705,买盘
218,09:46:15,5.4,-0.01,43,23220,卖盘
219,09:46:22,5.4,0.0,36,19440,卖盘
220,09:46:28,5.4,0.0,15,8100,卖盘
221,09:46:37,5.4,0.0,1,540,卖盘
222,09:46:48,5.4,0.0,27,14580,卖盘
223,09:46:58,5.41,0.01,37,20017,买盘
224,09:47:01,5.4,-0.01,10,5400,卖盘
225,09:47:04,5.41,0.01,2,1082,买盘
226,09:47:10,5.4,-0.01,1,540,卖盘
227,09:47:21,5.41,0.01,19,10279,买盘
228,09:47:25,5.4,-0.01,100,54021,卖盘
229,09:47:40,5.4,0.0,1,540,卖盘
230,09:47:42,5.4,0.0,5,2700,卖盘
231,09:47:46,5.4,0.0,2,1080,卖盘
232,09:48:01,5.41,0.01,199,107659,买盘
233,09:48:10,5.41,0.0,7,3787,卖盘
234,09:48:13,5.41,0.0,1,541,买盘
235,09:48:25,5.41,0.0,1,541,买盘
236,09:48:28,5.41,0.0,12,6492,买盘
237,09:48:48,5.42,0.01,5,2710,买盘
238,09:48:51,5.42,0.0,31,16802,买盘
239,09:48:58,5.42,0.0,33,17886,买盘
240,09:49:06,5.42,0.0,41,22222,买盘
241,09:49:16,5.42,0.0,6,3252,买盘
242,09:49:48,5.41,-0.01,258,139578,卖盘
243,09:50:04,5.4,-0.01,1,540,卖盘
244,09:50:06,5.41,0.01,200,108200,买盘
245,09:50:10,5.41,0.0,18,9721,买盘
246,09:50:12,5.4,-0.01,2,1081,卖盘
247,09:50:16,5.41,0.01,1,541,买盘
248,09:50:25,5.41,0.0,1,541,买盘
249,09:50:46,5.4,-0.01,60,32400,卖盘
250,09:50:52,5.41,0.01,60,32460,买盘
251,09:50:55,5.4,-0.01,100,54000,卖盘
252,09:51:00,5.4,0.0,61,32940,卖盘
253,09:51:04,5.4,0.0,20,10800,卖盘
254,09:51:07,5.41,0.01,42,22700,买盘
255,09:51:16,5.4,-0.01,308,166322,卖盘
256,09:51:18,5.4,0.0,3,1620,买盘
257,09:51:25,5.4,0.0,54,29160,买盘
258,09:51:27,5.4,0.0,8,4320,卖盘
259,09:51:40,5.4,0.0,18,9720,卖盘
260,09:51:52,5.4,0.0,9,4860,卖盘
261,09:51:55,5.4,0.0,52,28080,卖盘
262,09:51:58,5.4,0.0,159,85860,卖盘
263,09:52:00,5.4,0.0,2,1080,买盘
264,09:52:16,5.4,0.0,100,54000,买盘
265,09:52:25,5.39,-0.01,535,288365,卖盘
266,09:52:30,5.38,-0.01,40,21520,卖盘
267,09:52:40,5.38,0.0,52,27976,卖盘
268,09:52:49,5.38,0.0,87,46806,卖盘
269,09:52:55,5.38,0.0,4,2152,买盘
270,09:52:57,5.38,0.0,103,55414,买盘
271,09:53:01,5.38,0.0,35,18830,买盘
272,09:53:04,5.38,0.0,302,162473,买盘
273,09:53:06,5.39,0.01,101,54439,买盘
274,09:53:09,5.37,-0.02,86,46344,卖盘
275,09:53:12,5.39,0.02,70,37722,买盘
276,09:53:15,5.39,0.0,37,19943,买盘
277,09:53:18,5.39,0.0,43,23177,买盘
278,09:53:22,5.39,0.0,46,24794,买盘
279,09:53:24,5.39,0.0,35,18865,买盘
280,09:53:27,5.39,0.0,33,17787,买盘
281,09:53:31,5.38,-0.01,225,121270,卖盘
282,09:53:33,5.39,0.01,99,53361,买盘
283,09:53:36,5.4,0.01,193,104220,买盘
284,09:53:40,5.38,-0.02,5,2690,卖盘
285,09:53:45,5.38,0.0,1,538,卖盘
286,09:54:01,5.38,0.0,16,8618,卖盘
287,09:54:04,5.39,0.01,10,5390,买盘
288,09:54:06,5.4,0.01,41,22120,买盘
289,09:54:10,5.38,-0.02,23,12384,卖盘
290,09:54:49,5.39,0.01,7,3773,卖盘
291,09:54:54,5.4,0.01,1,540,买盘
292,09:54:57,5.39,-0.01,8,4312,卖盘
293,09:55:04,5.39,0.0,3,1617,卖盘
294,09:55:09,5.4,0.01,4,2160,买盘
295,09:55:21,5.39,-0.01,1,539,卖盘
296,09:55:28,5.39,0.0,156,84094,卖盘
297,09:55:31,5.39,0.0,1,539,卖盘
298,09:55:34,5.4,0.01,92,49680,买盘
299,09:55:37,5.4,0.0,20,10800,卖盘
300,09:56:06,5.4,0.0,166,89640,卖盘
301,09:56:12,5.4,0.0,20,10800,买盘
302,09:56:24,5.4,0.0,50,27000,买盘
303,09:56:31,5.4,0.0,26,14040,卖盘
304,09:56:39,5.4,0.0,4,2160,买盘
305,09:57:04,5.4,0.0,473,255420,买盘
306,09:57:16,5.41,0.01,235,127135,买盘
307,09:57:22,5.4,-0.01,1,540,买盘
308,09:57:25,5.4,0.0,1,540,买盘
309,09:57:40,5.4,0.0,20,10800,卖盘
310,09:57:45,5.41,0.01,30,16230,买盘
311,09:57:52,5.4,-0.01,94,50801,卖盘
312,09:58:07,5.41,0.01,1,541,卖盘
313,09:58:18,5.41,0.0,1,541,卖盘
314,09:58:33,5.42,0.01,500,271000,买盘
315,09:58:39,5.42,0.0,1,542,买盘
316,09:58:46,5.42,0.0,1,542,买盘
317,09:59:13,5.43,0.01,2,1086,买盘
318,09:59:22,5.43,0.0,68,36916,买盘
319,09:59:31,5.43,0.0,331,179733,买盘
320,09:59:37,5.43,0.0,71,38553,卖盘
321,09:59:46,5.43,0.0,178,96684,卖盘
322,09:59:49,5.44,0.01,221,120212,买盘
323,09:59:51,5.44,0.0,24,13056,卖盘
324,09:59:55,5.43,-0.01,2,1086,买盘
325,09:59:57,5.43,0.0,56,30408,买盘
326,10:00:00,5.44,0.01,50,27200,卖盘
327,10:00:06,5.45,0.01,70,38121,买盘
328,10:00:09,5.45,0.0,5,2725,买盘
329,10:00:16,5.45,0.0,12,6529,买盘
330,10:00:19,5.45,0.0,280,152600,买盘
331,10:00:27,5.44,-0.01,180,97920,卖盘
332,10:00:36,5.44,0.0,65,35360,买盘
333,10:00:43,5.44,0.0,50,27200,买盘
334,10:00:46,5.44,0.0,3,1632,买盘
335,10:00:57,5.44,0.0,115,62560,买盘
336,10:01:03,5.44,0.0,50,27200,买盘
337,10:01:18,5.44,0.0,530,288320,买盘
338,10:01:22,5.44,0.0,47,25568,买盘
339,10:01:24,5.44,0.0,3,1632,卖盘
340,10:01:30,5.44,0.0,10,5440,买盘
341,10:01:36,5.44,0.0,36,19585,卖盘
342,10:01:46,5.45,0.01,9,4897,买盘
343,10:01:48,5.45,0.0,235,128075,买盘
344,10:01:51,5.44,-0.01,4,2176,卖盘
345,10:01:55,5.45,0.01,54,29430,买盘
346,10:02:12,5.45,0.0,100,54500,买盘
347,10:02:22,5.45,0.0,6,3270,买盘
348,10:02:31,5.45,0.0,46,25070,买盘
349,10:02:39,5.45,0.0,167,90995,买盘
350,10:02:42,5.45,0.0,50,27250,买盘
351,10:02:52,5.45,0.0,166,90470,买盘
352,10:02:54,5.45,0.0,68,37060,卖盘
353,10:02:58,5.46,0.01,950,518587,买盘
354,10:03:06,5.45,-0.01,50,27250,买盘
355,10:03:09,5.45,0.0,33,17985,买盘
356,10:03:13,5.45,0.0,105,57125,买盘
357,10:03:15,5.44,-0.01,10,5440,卖盘
358,10:03:24,5.45,0.01,100,54500,买盘
359,10:03:27,5.44,-0.01,20,10880,卖盘
360,10:03:33,5.44,0.0,397,216325,卖盘
361,10:03:42,5.44,0.0,56,30515,卖盘
362,10:03:46,5.44,0.0,9,4896,卖盘
363,10:03:57,5.44,0.0,118,64192,卖盘
364,10:04:00,5.44,0.0,10,5440,卖盘
365,10:04:04,5.44,0.0,34,18496,卖盘
366,10:04:07,5.44,0.0,376,204870,卖盘
367,10:04:12,5.44,0.0,50,27200,买盘
368,10:04:19,5.43,-0.01,2,1086,卖盘
369,10:04:21,5.43,0.0,16,8688,卖盘
370,10:04:24,5.45,0.02,186,101265,买盘
371,10:04:27,5.45,0.0,28,15260,卖盘
372,10:04:39,5.44,-0.01,50,27200,买盘
373,10:04:42,5.44,0.0,16,8704,买盘
374,10:04:46,5.44,0.0,34,18496,买盘
375,10:04:55,5.45,0.01,222,120990,买盘
376,10:05:24,5.45,0.0,10,5450,买盘
377,10:05:30,5.44,-0.01,20,10880,卖盘
378,10:05:34,5.45,0.01,61,33245,买盘
379,10:05:36,5.45,0.0,135,73575,买盘
380,10:05:40,5.44,-0.01,6,3264,卖盘
381,10:05:45,5.44,0.0,5,2720,卖盘
382,10:06:24,5.44,0.0,4,2176,卖盘
383,10:06:33,5.44,0.0,7,3808,卖盘
384,10:06:36,5.45,0.01,2,1090,买盘
385,10:06:39,5.44,-0.01,1,544,卖盘
386,10:06:42,5.45,0.01,6,3270,买盘
387,10:06:51,5.44,-0.01,10,5440,卖盘
388,10:06:55,5.45,0.01,223,121535,买盘
389,10:07:00,5.45,0.0,335,182575,买盘
390,10:07:06,5.45,0.0,48,26160,卖盘
391,10:07:39,5.46,0.01,336,183456,买盘
392,10:07:42,5.45,-0.01,10,5450,卖盘
393,10:07:45,5.45,0.0,2,1090,卖盘
394,10:07:48,5.46,0.01,86,46956,买盘
395,10:07:51,5.45,-0.01,190,103550,卖盘
396,10:07:58,5.46,0.01,9,4914,买盘
397,10:08:06,5.46,0.0,5,2730,买盘
398,10:08:19,5.45,-0.01,108,58860,卖盘
399,10:08:22,5.45,0.0,100,54500,买盘
400,10:08:25,5.45,0.0,21,11445,买盘
401,10:08:42,5.46,0.01,17,9281,买盘
402,10:09:00,5.45,-0.01,7,3815,卖盘
403,10:09:09,5.45,0.0,173,94285,卖盘
404,10:09:12,5.45,0.0,2,1090,买盘
405,10:09:18,5.44,-0.01,10,5440,卖盘
406,10:09:25,5.45,0.01,20,10900,买盘
407,10:09:33,5.45,0.0,6,3270,买盘
408,10:09:42,5.45,0.0,10,5450,买盘
409,10:09:54,5.44,-0.01,1,544,卖盘
410,10:10:04,5.44,0.0,1,544,卖盘
411,10:10:15,5.45,0.01,18,9810,买盘
412,10:10:36,5.45,0.0,235,128075,买盘
413,10:10:40,5.44,-0.01,44,23936,卖盘
414,10:10:43,5.44,0.0,36,19584,卖盘
415,10:10:46,5.45,0.01,321,174945,买盘
416,10:10:52,5.45,0.0,4,2180,卖盘
417,10:10:57,5.46,0.01,160,87360,买盘
418,10:11:28,5.46,0.0,1,546,买盘
419,10:11:57,5.46,0.0,146,79716,买盘
420,10:12:06,5.46,0.0,15,8190,买盘
421,10:13:09,5.45,-0.01,195,106275,卖盘
422,10:13:13,5.46,0.01,1,546,买盘
423,10:13:27,5.44,-0.02,445,242080,卖盘
424,10:13:39,5.45,0.01,100,54498,买盘
425,10:13:54,5.44,-0.01,100,54400,买盘
426,10:14:19,5.45,0.01,104,56676,买盘
427,10:14:21,5.44,-0.01,20,10880,卖盘
428,10:14:24,5.44,0.0,3,1632,卖盘
429,10:14:36,5.45,0.01,72,39240,买盘
430,10:14:48,5.45,0.0,1,545,卖盘
431,10:14:54,5.45,0.0,13,7085,卖盘
432,10:14:57,5.46,0.01,455,248430,买盘
433,10:15:03,5.45,-0.01,15,8175,卖盘
434,10:15:06,5.45,0.0,2,1090,卖盘
435,10:15:16,5.45,0.0,3,1635,卖盘
436,10:15:46,5.44,-0.01,37,20128,卖盘
437,10:15:54,5.45,0.01,5,2725,买盘
438,10:16:27,5.45,0.0,115,62675,买盘
439,10:16:39,5.45,0.0,48,26160,买盘
440,10:17:00,5.45,0.0,12,6540,买盘
441,10:17:16,5.45,0.0,10,5450,卖盘
442,10:17:27,5.46,0.01,247,134840,买盘
443,10:17:33,5.45,-0.01,7,3815,卖盘
444,10:17:36,5.45,0.0,1,545,买盘
445,10:17:54,5.45,0.0,100,54500,买盘
446,10:18:00,5.45,0.0,2,1090,买盘
447,10:18:04,5.44,-0.01,8,4352,卖盘
448,10:18:09,5.45,0.01,100,54500,买盘
449,10:18:28,5.45,0.0,100,54500,买盘
450,10:18:30,5.44,-0.01,14,7616,卖盘
451,10:18:39,5.44,0.0,5,2720,卖盘
452,10:18:51,5.44,0.0,5,2720,卖盘
453,10:18:57,5.45,0.01,49,26705,买盘
454,10:19:22,5.45,0.0,5,2725,卖盘
455,10:19:25,5.45,0.0,18,9810,卖盘
456,10:19:33,5.45,0.0,20,10900,卖盘
457,10:19:36,5.45,0.0,46,25070,卖盘
458,10:19:39,5.45,0.0,24,13080,卖盘
459,10:19:42,5.45,0.0,25,13625,卖盘
460,10:19:46,5.45,0.0,2,1090,卖盘
461,10:19:54,5.46,0.01,229,125020,买盘
462,10:20:19,5.45,-0.01,8,4360,卖盘
463,10:20:30,5.45,0.0,14,7634,卖盘
464,10:20:49,5.45,0.0,20,10900,卖盘
465,10:20:52,5.45,0.0,74,40358,卖盘
466,10:21:06,5.45,0.0,23,12535,买盘
467,10:21:15,5.45,0.0,2,1090,买盘
468,10:21:39,5.45,0.0,100,54500,买盘
469,10:21:54,5.45,0.0,10,5450,买盘
470,10:22:00,5.45,0.0,100,54500,买盘
471,10:22:04,5.45,0.0,5,2725,买盘
472,10:22:06,5.45,0.0,10,5450,买盘
473,10:22:18,5.45,0.0,712,387428,买盘
474,10:22:27,5.44,-0.01,71,38638,卖盘
475,10:22:37,5.44,0.0,1,544,买盘
476,10:22:40,5.44,0.0,150,81600,买盘
477,10:22:43,5.44,0.0,2,1088,买盘
478,10:22:45,5.44,0.0,1,544,买盘
479,10:22:48,5.44,0.0,2,1088,买盘
480,10:22:51,5.43,-0.01,4,2174,卖盘
481,10:23:04,5.44,0.01,90,48960,买盘
482,10:23:30,5.44,0.0,37,20128,卖盘
483,10:24:04,5.44,0.0,23,12512,卖盘
484,10:24:06,5.44,0.0,2,1088,买盘
485,10:24:09,5.45,0.01,89,48501,买盘
486,10:24:55,5.45,0.0,2,1090,买盘
487,10:25:09,5.44,-0.01,1,544,卖盘
488,10:25:13,5.44,0.0,2,1088,买盘
489,10:25:16,5.44,0.0,2,1088,买盘
490,10:25:18,5.44,0.0,2,1088,买盘
491,10:25:21,5.44,0.0,1,544,买盘
492,10:25:36,5.44,0.0,2,1088,买盘
493,10:25:39,5.44,0.0,2,1088,买盘
494,10:25:42,5.44,0.0,2,1088,买盘
495,10:25:45,5.44,0.0,2,1088,买盘
496,10:25:49,5.44,0.0,2,1088,买盘
497,10:25:51,5.44,0.0,3,1632,买盘
498,10:25:54,5.44,0.0,2,1088,买盘
499,10:25:57,5.44,0.0,2,1088,买盘
500,10:26:00,5.44,0.0,26,14144,买盘
501,10:26:04,5.44,0.0,75,40800,卖盘
502,10:26:16,5.43,-0.01,1,543,卖盘
503,10:26:19,5.44,0.01,2,1088,买盘
504,10:26:21,5.44,0.0,9,4896,买盘
505,10:26:24,5.44,0.0,11,5984,买盘
506,10:26:27,5.44,0.0,16,8704,买盘
507,10:26:30,5.44,0.0,15,8160,买盘
508,10:26:33,5.44,0.0,18,9792,买盘
509,10:26:36,5.44,0.0,13,7072,买盘
510,10:26:39,5.44,0.0,8,4352,买盘
511,10:26:43,5.44,0.0,39,21216,买盘
512,10:26:46,5.44,0.0,6,3264,买盘
513,10:26:49,5.44,0.0,15,8160,买盘
514,10:26:52,5.44,0.0,4,2176,买盘
515,10:26:54,5.44,0.0,5,2720,买盘
516,10:26:57,5.44,0.0,13,7062,买盘
517,10:27:00,5.44,0.0,2,1088,买盘
518,10:27:10,5.44,0.0,1,544,买盘
519,10:27:12,5.44,0.0,1,544,买盘
520,10:27:15,5.44,0.0,1,544,买盘
521,10:27:19,5.44,0.0,1,544,买盘
522,10:27:21,5.44,0.0,1,544,买盘
523,10:27:24,5.44,0.0,1,544,买盘
524,10:27:27,5.44,0.0,1,544,买盘
525,10:27:42,5.43,-0.01,18,9774,卖盘
526,10:27:54,5.44,0.01,38,20672,买盘
527,10:28:33,5.44,0.0,10,5440,卖盘
528,10:28:54,5.45,0.01,50,27250,买盘
529,10:29:00,5.44,-0.01,8,4352,卖盘
530,10:29:04,5.44,0.0,1,544,买盘
531,10:29:06,5.44,0.0,1,544,买盘
532,10:29:09,5.44,0.0,9,4896,买盘
533,10:29:39,5.44,0.0,19,10336,卖盘
534,10:29:51,5.44,0.0,55,29920,卖盘
535,10:29:54,5.44,0.0,44,23936,买盘
536,10:30:18,5.44,0.0,6,3264,卖盘
537,10:30:21,5.44,0.0,1,544,卖盘
538,10:30:33,5.44,0.0,34,18496,卖盘
539,10:30:48,5.45,0.01,20,10900,买盘
540,10:30:51,5.44,-0.01,109,59296,卖盘
541,10:31:27,5.44,0.0,13,7072,卖盘
542,10:31:33,5.44,0.0,29,15776,卖盘
543,10:31:43,5.44,0.0,27,14688,买盘
544,10:31:49,5.44,0.0,231,125664,卖盘
545,10:31:57,5.45,0.01,27,14715,买盘
546,10:32:13,5.44,-0.01,2,1088,卖盘
547,10:32:18,5.44,0.0,35,19040,卖盘
548,10:32:27,5.44,0.0,50,27200,买盘
549,10:32:30,5.43,-0.01,22,11967,卖盘
550,10:32:54,5.43,0.0,5,2715,卖盘
551,10:32:57,5.44,0.01,3,1632,买盘
552,10:33:06,5.44,0.0,14,7616,卖盘
553,10:33:15,5.44,0.0,7,3808,卖盘
554,10:33:27,5.44,0.0,38,20672,卖盘
555,10:33:36,5.44,0.0,20,10880,卖盘
556,10:33:42,5.44,0.0,10,5440,卖盘
557,10:33:57,5.44,0.0,5,2720,卖盘
558,10:35:00,5.45,0.01,50,27250,买盘
559,10:35:03,5.45,0.0,1,545,买盘
560,10:35:09,5.44,-0.01,10,5440,卖盘
561,10:35:21,5.45,0.01,61,33245,买盘
562,10:35:39,5.45,0.0,50,27250,买盘
563,10:35:57,5.45,0.0,100,54500,买盘
564,10:36:09,5.44,-0.01,1,544,卖盘
565,10:36:21,5.45,0.01,50,27250,买盘
566,10:36:42,5.44,-0.01,4,2176,卖盘
567,10:36:54,5.45,0.01,100,54500,买盘
568,10:37:12,5.44,-0.01,4,2176,卖盘
569,10:37:15,5.45,0.01,50,27250,买盘
570,10:37:49,5.45,0.0,100,54500,买盘
571,10:37:52,5.45,0.0,19,10355,买盘
572,10:38:09,5.45,0.0,70,38150,中性盘
573,10:38:19,5.44,-0.01,100,54490,卖盘
574,10:38:25,5.45,0.01,1,545,中性盘
575,10:38:37,5.45,0.0,39,21255,卖盘
576,10:38:42,5.45,0.0,1,545,买盘
577,10:38:45,5.45,0.0,35,19075,买盘
578,10:39:18,5.45,0.0,12,6540,买盘
579,10:39:46,5.45,0.0,14,7630,卖盘
580,10:39:49,5.45,0.0,52,28340,卖盘
581,10:40:16,5.45,0.0,47,25615,卖盘
582,10:40:21,5.45,0.0,27,14715,买盘
583,10:40:25,5.45,0.0,20,10900,卖盘
584,10:40:30,5.45,0.0,107,58315,卖盘
585,10:41:12,5.46,0.01,10,5460,买盘
586,10:41:45,5.46,0.0,10,5460,买盘
587,10:42:12,5.45,-0.01,68,37060,卖盘
588,10:42:18,5.45,0.0,2,1090,卖盘
589,10:43:12,5.45,0.0,10,5450,卖盘
590,10:43:15,5.45,0.0,121,65945,卖盘
591,10:43:42,5.45,0.0,50,27250,买盘
592,10:43:48,5.44,-0.01,1,544,卖盘
593,10:44:09,5.44,0.0,17,9248,卖盘
594,10:44:12,5.45,0.01,50,27250,买盘
595,10:44:21,5.44,-0.01,10,5440,卖盘
596,10:44:31,5.44,0.0,17,9248,卖盘
597,10:44:39,5.45,0.01,150,81750,买盘
598,10:44:43,5.44,-0.01,162,88128,卖盘
599,10:44:45,5.44,0.0,1,544,买盘
600,10:45:04,5.44,0.0,250,136000,买盘
601,10:45:24,5.44,0.0,51,27743,买盘
602,10:45:33,5.43,-0.01,12,6516,卖盘
603,10:45:39,5.44,0.01,20,10880,买盘
604,10:45:51,5.44,0.0,145,78880,买盘
605,10:46:03,5.44,0.0,22,11968,卖盘
606,10:46:09,5.45,0.01,18,9810,买盘
607,10:46:13,5.44,-0.01,10,5440,卖盘
608,10:46:22,5.45,0.01,50,27250,买盘
609,10:46:34,5.44,-0.01,5,2720,卖盘
610,10:46:39,5.44,0.0,1,544,卖盘
611,10:46:45,5.45,0.01,50,27250,买盘
612,10:46:51,5.44,-0.01,60,32640,卖盘
613,10:46:57,5.45,0.01,100,54500,买盘
614,10:48:51,5.44,-0.01,2,1088,卖盘
615,10:48:54,5.45,0.01,1,545,买盘
616,10:49:09,5.45,0.0,97,52865,买盘
617,10:49:45,5.44,-0.01,11,5984,卖盘
618,10:49:48,5.45,0.01,100,54500,买盘
619,10:49:58,5.45,0.0,5,2725,买盘
620,10:50:00,5.44,-0.01,62,33728,卖盘
621,10:50:18,5.45,0.01,30,16350,买盘
622,10:50:33,5.45,0.0,10,5450,买盘
623,10:51:00,5.44,-0.01,72,39233,卖盘
624,10:51:22,5.45,0.01,113,61585,买盘
625,10:51:36,5.45,0.0,2,1090,卖盘
626,10:51:42,5.45,0.0,6,3270,卖盘
627,10:52:21,5.45,0.0,5,2725,卖盘
628,10:52:39,5.45,0.0,40,21800,卖盘
629,10:52:58,5.45,0.0,62,33790,卖盘
630,10:53:01,5.46,0.01,15,8190,买盘
631,10:53:21,5.46,0.0,122,66612,买盘
632,10:53:30,5.45,-0.01,20,10900,卖盘
633,10:53:55,5.45,0.0,3,1635,卖盘
634,10:54:01,5.46,0.01,125,68250,买盘
635,10:54:06,5.45,-0.01,50,27250,卖盘
636,10:54:12,5.45,0.0,1,545,卖盘
637,10:54:36,5.45,0.0,31,16895,卖盘
638,10:54:51,5.45,0.0,205,111725,卖盘
639,10:55:01,5.45,0.0,79,43055,卖盘
640,10:55:09,5.44,-0.01,1,544,卖盘
641,10:55:15,5.44,0.0,300,163200,卖盘
642,10:55:27,5.44,0.0,90,48960,卖盘
643,10:55:31,5.44,0.0,2,1088,卖盘
644,10:56:18,5.45,0.01,100,54500,买盘
645,10:56:27,5.44,-0.01,42,22848,卖盘
646,10:56:39,5.45,0.01,100,54500,买盘
647,10:56:51,5.44,-0.01,200,108800,卖盘
648,10:57:15,5.44,0.0,5,2720,卖盘
649,10:58:09,5.44,0.0,300,163200,卖盘
650,10:58:18,5.45,0.01,10,5450,买盘
651,10:58:31,5.44,-0.01,20,10880,卖盘
652,10:58:48,5.44,0.0,100,54400,卖盘
653,10:59:01,5.44,0.0,100,54400,卖盘
654,10:59:06,5.44,0.0,100,54400,卖盘
655,10:59:16,5.45,0.01,75,40875,买盘
656,10:59:21,5.45,0.0,10,5450,买盘
657,10:59:39,5.44,-0.01,7,3808,卖盘
658,11:00:06,5.44,0.0,4,2176,卖盘
659,11:00:12,5.45,0.01,54,29430,买盘
660,11:00:15,5.44,-0.01,9,4896,卖盘
661,11:00:21,5.44,0.0,11,5984,卖盘
662,11:00:30,5.45,0.01,70,38150,买盘
663,11:00:33,5.44,-0.01,50,27200,卖盘
664,11:00:45,5.45,0.01,200,109000,买盘
665,11:01:36,5.45,0.0,2,1090,买盘
666,11:01:48,5.45,0.0,80,43600,买盘
667,11:01:54,5.45,0.0,20,10900,卖盘
668,11:02:18,5.44,-0.01,1,544,卖盘
669,11:03:43,5.45,0.01,49,26705,买盘
670,11:04:06,5.44,-0.01,16,8704,卖盘
671,11:04:25,5.45,0.01,100,54500,买盘
672,11:04:33,5.45,0.0,1,545,买盘
673,11:04:45,5.45,0.0,10,5450,买盘
674,11:04:52,5.45,0.0,46,25070,卖盘
675,11:05:04,5.44,-0.01,33,17952,卖盘
676,11:05:18,5.45,0.01,24,13080,买盘
677,11:05:27,5.45,0.0,32,17440,卖盘
678,11:05:51,5.45,0.0,50,27250,买盘
679,11:06:12,5.45,0.0,34,18530,买盘
680,11:06:24,5.45,0.0,10,5450,卖盘
681,11:06:30,5.45,0.0,2,1090,卖盘
682,11:06:51,5.45,0.0,54,29430,卖盘
683,11:07:18,5.44,-0.01,12,6528,卖盘
684,11:07:33,5.44,0.0,37,20128,卖盘
685,11:07:36,5.45,0.01,51,27795,买盘
686,11:07:39,5.45,0.0,1,545,买盘
687,11:07:42,5.45,0.0,1,545,买盘
688,11:07:45,5.45,0.0,1,545,买盘
689,11:07:48,5.45,0.0,1,545,买盘
690,11:07:51,5.45,0.0,1,545,买盘
691,11:07:54,5.45,0.0,1,545,买盘
692,11:07:57,5.44,-0.01,115,62615,卖盘
693,11:08:03,5.44,0.0,12,6528,卖盘
694,11:08:18,5.45,0.01,50,27250,买盘
695,11:08:30,5.45,0.0,29,15805,买盘
696,11:09:09,5.45,0.0,100,54500,卖盘
697,11:09:12,5.45,0.0,7,3815,卖盘
698,11:09:15,5.45,0.0,1,545,买盘
699,11:09:36,5.45,0.0,130,70850,买盘
700,11:10:06,5.45,0.0,26,14170,买盘
701,11:10:21,5.45,0.0,10,5450,卖盘
702,11:11:06,5.45,0.0,2,1090,卖盘
703,11:11:09,5.45,0.0,112,61040,卖盘
704,11:11:36,5.45,0.0,43,23435,买盘
705,11:11:45,5.46,0.01,125,68250,买盘
706,11:12:45,5.46,0.0,2,1092,买盘
707,11:12:51,5.45,-0.01,111,60506,卖盘
708,11:13:09,5.45,0.0,2,1090,卖盘
709,11:13:13,5.45,0.0,75,40875,卖盘
710,11:13:25,5.44,-0.01,16,8704,卖盘
711,11:13:27,5.45,0.01,15,8175,买盘
712,11:13:39,5.45,0.0,10,5450,卖盘
713,11:13:54,5.46,0.01,1,546,买盘
714,11:16:12,5.46,0.0,10,5460,买盘
715,11:16:36,5.45,-0.01,31,16895,卖盘
716,11:16:48,5.45,0.0,13,7085,卖盘
717,11:17:06,5.46,0.01,100,54600,买盘
718,11:17:27,5.45,-0.01,4,2180,卖盘
719,11:17:57,5.45,0.0,5,2725,卖盘
720,11:18:01,5.45,0.0,5,2725,卖盘
721,11:18:07,5.45,0.0,100,54500,卖盘
722,11:18:09,5.46,0.01,10,5460,买盘
723,11:18:12,5.45,-0.01,115,62675,卖盘
724,11:18:15,5.45,0.0,2,1090,卖盘
725,11:19:06,5.45,0.0,12,6540,买盘
726,11:19:09,5.44,-0.01,1,544,卖盘
727,11:19:13,5.45,0.01,1,545,买盘
728,11:19:30,5.44,-0.01,5,2720,卖盘
729,11:19:42,5.44,0.0,35,19040,卖盘
730,11:20:15,5.44,0.0,100,54400,卖盘
731,11:20:18,5.44,0.0,118,64192,卖盘
732,11:20:21,5.44,0.0,284,154496,卖盘
733,11:21:06,5.44,0.0,20,10880,卖盘
734,11:21:15,5.44,0.0,14,7616,卖盘
735,11:21:30,5.44,0.0,30,16320,卖盘
736,11:22:00,5.44,0.0,1,544,卖盘
737,11:22:27,5.44,0.0,11,5985,卖盘
738,11:22:33,5.45,0.01,10,5450,买盘
739,11:22:51,5.44,-0.01,100,54400,卖盘
740,11:22:54,5.44,0.0,100,54400,卖盘
741,11:22:57,5.44,0.0,100,54400,卖盘
742,11:23:15,5.45,0.01,1,545,买盘
743,11:23:36,5.45,0.0,50,27250,买盘
744,11:25:03,5.45,0.0,100,54500,买盘
745,11:25:30,5.44,-0.01,10,5440,卖盘
746,11:25:39,5.44,0.0,8,4352,卖盘
747,11:25:48,5.44,0.0,200,108800,卖盘
748,11:25:54,5.45,0.01,170,92650,买盘
749,11:26:09,5.45,0.0,104,56680,买盘
750,11:26:21,5.45,0.0,10,5450,卖盘
751,11:26:30,5.45,0.0,4,2180,卖盘
752,11:26:33,5.45,0.0,2,1090,卖盘
753,11:27:09,5.45,0.0,100,54500,卖盘
754,11:27:12,5.45,0.0,100,54500,卖盘
755,11:27:15,5.44,-0.01,100,54408,卖盘
756,11:27:18,5.44,0.0,100,54400,卖盘
757,11:27:27,5.44,0.0,100,54400,卖盘
758,11:27:36,5.44,0.0,57,31008,卖盘
759,11:27:57,5.44,0.0,10,5440,卖盘
760,11:28:12,5.45,0.01,182,99190,买盘
761,11:30:01,5.45,0.0,50,27250,买盘
762,13:00:04,5.45,0.0,95,51766,买盘
763,13:00:09,5.44,-0.01,1,544,卖盘
764,13:00:25,5.44,0.0,4,2176,卖盘
765,13:00:45,5.44,0.0,43,23392,卖盘
766,13:01:00,5.44,0.0,10,5440,卖盘
767,13:01:12,5.45,0.01,5,2725,买盘
768,13:02:33,5.44,-0.01,197,107168,卖盘
769,13:02:45,5.45,0.01,180,98100,买盘
770,13:03:06,5.45,0.0,50,27250,买盘
771,13:03:09,5.45,0.0,20,10900,中性盘
772,13:03:31,5.45,0.0,50,27250,买盘
773,13:03:45,5.44,-0.01,51,27794,卖盘
774,13:04:04,5.44,0.0,53,28832,买盘
775,13:04:12,5.45,0.01,6,3270,买盘
776,13:04:21,5.45,0.0,163,88835,买盘
777,13:04:39,5.46,0.01,110,60000,买盘
778,13:04:42,5.45,-0.01,20,10900,卖盘
779,13:05:00,5.46,0.01,46,25116,买盘
780,13:05:09,5.45,-0.01,30,16350,卖盘
781,13:05:18,5.45,0.0,67,36515,卖盘
782,13:05:24,5.46,0.01,10,5460,买盘
783,13:05:27,5.46,0.0,282,153916,买盘
784,13:05:48,5.45,-0.01,50,27250,买盘
785,13:05:51,5.45,0.0,10,5450,买盘
786,13:05:57,5.45,0.0,21,11445,买盘
787,13:06:00,5.44,-0.01,300,163392,卖盘
788,13:06:18,5.45,0.01,10,5450,买盘
789,13:06:21,5.45,0.0,35,19075,卖盘
790,13:06:36,5.44,-0.01,46,25024,卖盘
791,13:06:42,5.45,0.01,39,21255,买盘
792,13:06:45,5.45,0.0,10,5450,卖盘
793,13:07:00,5.45,0.0,17,9265,卖盘
794,13:07:04,5.45,0.0,50,27250,买盘
795,13:07:24,5.45,0.0,60,32700,买盘
796,13:07:27,5.45,0.0,9,4905,卖盘
797,13:07:33,5.45,0.0,1,545,买盘
798,13:07:39,5.45,0.0,3,1635,买盘
799,13:07:42,5.45,0.0,13,7085,买盘
800,13:07:46,5.45,0.0,6,3270,卖盘
801,13:07:51,5.44,-0.01,91,49535,卖盘
802,13:08:06,5.45,0.01,23,12535,卖盘
803,13:08:09,5.45,0.0,3,1635,卖盘
804,13:08:12,5.44,-0.01,32,17432,卖盘
805,13:08:27,5.45,0.01,10,5450,买盘
806,13:08:30,5.45,0.0,40,21800,卖盘
807,13:08:33,5.44,-0.01,9,4896,卖盘
808,13:08:48,5.42,-0.02,602,326913,卖盘
809,13:08:51,5.45,0.03,50,27250,买盘
810,13:08:54,5.42,-0.03,220,119241,卖盘
811,13:08:57,5.42,0.0,6,3252,买盘
812,13:09:00,5.42,0.0,4,2168,买盘
813,13:09:04,5.42,0.0,4,2168,买盘
814,13:09:07,5.42,0.0,4,2168,买盘
815,13:09:09,5.42,0.0,2,1084,买盘
816,13:09:12,5.42,0.0,3,1626,买盘
817,13:09:16,5.42,0.0,54,29268,买盘
818,13:09:19,5.42,0.0,17,9203,买盘
819,13:09:21,5.42,0.0,1,542,买盘
820,13:09:24,5.44,0.02,19,10324,买盘
821,13:09:42,5.44,0.0,2,1088,买盘
822,13:09:51,5.43,-0.01,5,2715,买盘
823,13:10:00,5.43,0.0,50,27150,买盘
824,13:10:04,5.42,-0.01,99,53658,卖盘
825,13:10:06,5.42,0.0,16,8672,卖盘
826,13:10:15,5.42,0.0,75,40650,卖盘
827,13:10:18,5.42,0.0,1,542,买盘
828,13:10:21,5.42,0.0,1,542,买盘
829,13:10:24,5.42,0.0,1,542,买盘
830,13:10:27,5.42,0.0,1,542,买盘
831,13:10:30,5.42,0.0,9,4878,买盘
832,13:10:33,5.42,0.0,1,542,买盘
833,13:10:36,5.42,0.0,20,10840,买盘
834,13:10:42,5.43,0.01,1,543,买盘
835,13:10:46,5.43,0.0,1,543,买盘
836,13:10:48,5.43,0.0,1,543,买盘
837,13:10:55,5.43,0.0,7,3801,买盘
838,13:11:00,5.43,0.0,68,36924,卖盘
839,13:11:09,5.44,0.01,2,1088,买盘
840,13:11:12,5.43,-0.01,125,67975,卖盘
841,13:11:15,5.43,0.0,1,543,买盘
842,13:11:18,5.43,0.0,1,543,买盘
843,13:11:21,5.43,0.0,1,543,买盘
844,13:11:24,5.43,0.0,4,2172,买盘
845,13:11:30,5.43,0.0,2,1086,买盘
846,13:11:33,5.43,0.0,29,15747,买盘
847,13:11:39,5.43,0.0,7,3801,卖盘
848,13:11:42,5.43,0.0,4,2172,买盘
849,13:11:57,5.43,0.0,130,70511,买盘
850,13:12:00,5.43,0.0,1,543,买盘
851,13:12:04,5.43,0.0,13,7059,买盘
852,13:12:09,5.43,0.0,8,4344,卖盘
853,13:12:12,5.43,0.0,31,16833,买盘
854,13:12:30,5.44,0.01,50,27200,买盘
855,13:12:42,5.43,-0.01,30,16290,卖盘
856,13:12:48,5.44,0.01,50,27200,买盘
857,13:13:00,5.43,-0.01,37,20091,卖盘
858,13:13:04,5.44,0.01,37,20128,买盘
859,13:13:09,5.44,0.0,13,7072,卖盘
860,13:13:27,5.44,0.0,50,27200,买盘
861,13:13:42,5.44,0.0,69,37507,买盘
862,13:13:45,5.44,0.0,10,5440,卖盘
863,13:13:54,5.43,-0.01,176,95568,卖盘
864,13:14:00,5.43,0.0,1,543,买盘
865,13:14:04,5.44,0.01,38,20669,买盘
866,13:14:18,5.44,0.0,13,7072,卖盘
867,13:14:27,5.44,0.0,11,5984,中性盘
868,13:14:30,5.44,0.0,39,21216,卖盘
869,13:14:42,5.43,-0.01,17,9231,买盘
870,13:15:12,5.43,0.0,17,9231,买盘
871,13:15:21,5.43,0.0,43,23349,卖盘
872,13:15:27,5.43,0.0,50,27150,买盘
873,13:15:45,5.42,-0.01,59,31978,卖盘
874,13:15:51,5.42,0.0,58,31436,买盘
875,13:16:00,5.41,-0.01,19,10279,卖盘
876,13:16:12,5.41,0.0,45,24345,卖盘
877,13:16:15,5.42,0.01,100,54200,买盘
878,13:16:42,5.42,0.0,5,2710,买盘
879,13:17:06,5.41,-0.01,4,2164,卖盘
880,13:17:12,5.41,0.0,19,10279,卖盘
881,13:17:33,5.42,0.01,166,89972,买盘
882,13:17:39,5.41,-0.01,20,10820,卖盘
883,13:17:42,5.41,0.0,9,4869,卖盘
884,13:17:46,5.41,0.0,573,309993,卖盘
885,13:17:57,5.4,-0.01,6,3240,卖盘
886,13:18:06,5.41,0.01,1,541,买盘
887,13:18:09,5.41,0.0,20,10820,买盘
888,13:18:24,5.41,0.0,77,41672,卖盘
889,13:18:27,5.41,0.0,19,10279,卖盘
890,13:18:33,5.41,0.0,7,3787,买盘
891,13:18:42,5.41,0.0,7,3787,卖盘
892,13:18:45,5.41,0.0,22,11902,卖盘
893,13:18:57,5.41,0.0,14,7574,卖盘
894,13:19:13,5.4,-0.01,20,10800,卖盘
895,13:19:24,5.4,0.0,29,15660,卖盘
896,13:19:36,5.41,0.01,71,38411,买盘
897,13:19:39,5.41,0.0,12,6492,卖盘
898,13:19:42,5.4,-0.01,145,78323,卖盘
899,13:20:16,5.41,0.01,20,10820,卖盘
900,13:20:19,5.41,0.0,21,11361,卖盘
901,13:20:24,5.41,0.0,348,188268,卖盘
902,13:20:31,5.4,-0.01,8,4320,卖盘
903,13:20:49,5.4,0.0,70,37800,卖盘
904,13:20:52,5.4,0.0,1,540,卖盘
905,13:20:54,5.4,0.0,4,2160,卖盘
906,13:20:58,5.41,0.01,100,54100,买盘
907,13:21:04,5.4,-0.01,69,37260,卖盘
908,13:21:18,5.41,0.01,18,9738,买盘
909,13:21:25,5.41,0.0,30,16230,卖盘
910,13:21:30,5.4,-0.01,20,10802,卖盘
911,13:21:34,5.41,0.01,100,54100,卖盘
912,13:21:48,5.41,0.0,37,20017,买盘
913,13:22:06,5.41,0.0,20,10820,卖盘
914,13:22:13,5.41,0.0,46,24886,卖盘
915,13:22:36,5.41,0.0,25,13525,买盘
916,13:22:51,5.4,-0.01,77,41654,卖盘
917,13:23:00,5.4,0.0,4,2160,卖盘
918,13:23:06,5.41,0.01,30,16230,买盘
919,13:23:09,5.41,0.0,18,9738,卖盘
920,13:23:15,5.41,0.0,2,1082,卖盘
921,13:23:24,5.4,-0.01,211,113951,卖盘
922,13:23:27,5.4,0.0,39,21073,卖盘
923,13:23:30,5.41,0.01,32,17312,买盘
924,13:23:36,5.41,0.0,18,9738,卖盘
925,13:23:48,5.41,0.0,21,11361,买盘
926,13:24:00,5.41,0.0,2,1082,卖盘
927,13:24:04,5.41,0.0,18,9738,卖盘
928,13:24:12,5.42,0.01,50,27100,买盘
929,13:24:16,5.41,-0.01,72,38952,卖盘
930,13:24:48,5.41,0.0,8,4328,卖盘
931,13:25:00,5.41,0.0,45,24345,卖盘
932,13:25:12,5.41,0.0,33,17853,买盘
933,13:25:24,5.41,0.0,52,28132,卖盘
934,13:25:30,5.41,0.0,1,541,卖盘
935,13:25:33,5.41,0.0,11,5951,卖盘
936,13:25:39,5.4,-0.01,200,108000,卖盘
937,13:25:42,5.4,0.0,95,51300,卖盘
938,13:25:54,5.41,0.01,1,541,买盘
939,13:26:18,5.4,-0.01,30,16200,卖盘
940,13:26:25,5.4,0.0,62,33480,卖盘
941,13:26:33,5.41,0.01,50,27050,买盘
942,13:26:36,5.4,-0.01,29,15660,卖盘
943,13:26:45,5.4,0.0,1,540,卖盘
944,13:26:48,5.4,0.0,2,1080,卖盘
945,13:26:51,5.41,0.01,22,11902,买盘
946,13:26:57,5.4,-0.01,67,36180,卖盘
947,13:27:33,5.4,0.0,37,19980,卖盘
948,13:28:06,5.4,0.0,23,12420,卖盘
949,13:28:16,5.4,0.0,1,540,卖盘
950,13:28:24,5.4,0.0,42,22680,卖盘
951,13:28:45,5.4,0.0,188,101520,卖盘
952,13:28:51,5.4,0.0,20,10800,卖盘
953,13:28:55,5.4,0.0,20,10800,卖盘
954,13:29:04,5.4,0.0,254,137160,卖盘
955,13:29:07,5.4,0.0,1,540,卖盘
956,13:29:22,5.4,0.0,3,1620,卖盘
957,13:29:27,5.4,0.0,10,5400,卖盘
958,13:29:33,5.4,0.0,10,5400,卖盘
959,13:29:45,5.4,0.0,13,7020,买盘
960,13:30:00,5.4,0.0,105,56621,买盘
961,13:30:07,5.4,0.0,24,12960,卖盘
962,13:30:12,5.39,-0.01,204,109980,卖盘
963,13:30:16,5.39,0.0,260,140140,卖盘
964,13:30:18,5.39,0.0,154,83006,卖盘
965,13:30:21,5.4,0.01,96,51840,买盘
966,13:30:24,5.39,-0.01,68,36652,卖盘
967,13:30:27,5.39,0.0,2,1078,卖盘
968,13:30:45,5.39,0.0,10,5390,卖盘
969,13:30:51,5.39,0.0,30,16170,卖盘
970,13:30:54,5.39,0.0,50,26950,卖盘
971,13:30:57,5.4,0.01,18,9720,买盘
972,13:31:30,5.4,0.0,95,51300,买盘
973,13:31:33,5.4,0.0,2,1080,卖盘
974,13:31:37,5.39,-0.01,255,137448,卖盘
975,13:31:42,5.4,0.01,20,10800,买盘
976,13:32:06,5.39,-0.01,54,29106,卖盘
977,13:32:24,5.4,0.01,215,115900,买盘
978,13:32:30,5.4,0.0,10,5400,卖盘
979,13:32:51,5.4,0.0,40,21600,卖盘
980,13:33:24,5.4,0.0,10,5400,买盘
981,13:33:27,5.39,-0.01,200,107800,卖盘
982,13:33:30,5.4,0.01,36,19440,买盘
983,13:33:48,5.39,-0.01,100,53900,卖盘
984,13:33:57,5.4,0.01,40,21600,买盘
985,13:34:09,5.39,-0.01,155,83545,卖盘
986,13:34:37,5.39,0.0,30,16170,卖盘
987,13:35:00,5.38,-0.01,7,3766,卖盘
988,13:35:03,5.38,0.0,81,43578,卖盘
989,13:35:06,5.38,0.0,772,415336,卖盘
990,13:35:09,5.39,0.01,40,21560,买盘
991,13:35:15,5.38,-0.01,166,89308,卖盘
992,13:35:42,5.38,0.0,454,244312,卖盘
993,13:35:51,5.37,-0.01,361,193857,卖盘
994,13:35:58,5.39,0.02,10,5390,买盘
995,13:36:09,5.38,-0.01,91,48958,卖盘
996,13:36:24,5.38,0.0,30,16140,卖盘
997,13:36:42,5.38,0.0,8,4304,买盘
998,13:37:12,5.38,0.0,1,538,买盘
999,13:37:27,5.38,0.0,10,5380,买盘
1000,13:37:34,5.38,0.0,5,2690,买盘
1001,13:37:39,5.38,0.0,24,12912,买盘
1002,13:37:45,5.37,-0.01,86,46184,卖盘
1003,13:38:01,5.38,0.01,46,24748,买盘
1004,13:38:09,5.38,0.0,2,1076,买盘
1005,13:38:18,5.37,-0.01,20,10740,卖盘
1006,13:38:21,5.38,0.01,10,5380,买盘
1007,13:38:39,5.38,0.0,10,5380,买盘
1008,13:38:48,5.37,-0.01,1,537,卖盘
1009,13:39:00,5.37,0.0,112,60144,卖盘
1010,13:39:03,5.38,0.01,10,5380,买盘
1011,13:39:09,5.37,-0.01,10,5370,卖盘
1012,13:39:33,5.37,0.0,10,5370,卖盘
1013,13:39:36,5.37,0.0,11,5907,卖盘
1014,13:39:54,5.37,0.0,46,24708,卖盘
1015,13:40:07,5.38,0.01,94,50572,买盘
1016,13:40:12,5.38,0.0,50,26900,买盘
1017,13:40:15,5.38,0.0,38,20444,买盘
1018,13:40:37,5.39,0.01,11,5929,买盘
1019,13:41:09,5.39,0.0,1,539,卖盘
1020,13:41:24,5.4,0.01,20,10800,买盘
1021,13:41:37,5.41,0.01,25,13525,买盘
1022,13:41:54,5.41,0.0,139,75199,买盘
1023,13:42:01,5.4,-0.01,12,6480,卖盘
1024,13:42:04,5.41,0.01,4,2164,买盘
1025,13:42:27,5.4,-0.01,82,44280,卖盘
1026,13:42:34,5.41,0.01,100,54100,买盘
1027,13:42:48,5.42,0.01,122,66116,买盘
1028,13:42:54,5.41,-0.01,62,33542,中性盘
1029,13:43:04,5.41,0.0,94,50854,卖盘
1030,13:43:06,5.4,-0.01,20,10802,卖盘
1031,13:43:09,5.43,0.03,98,53188,买盘
1032,13:43:22,5.43,0.0,118,63952,买盘
1033,13:43:33,5.41,-0.02,7,3787,中性盘
1034,13:43:36,5.41,0.0,63,34083,买盘
1035,13:43:42,5.44,0.03,320,173667,买盘
1036,13:43:58,5.41,-0.03,56,30296,买盘
1037,13:44:06,5.41,0.0,339,183399,卖盘
1038,13:44:09,5.41,0.0,123,66543,买盘
1039,13:44:12,5.42,0.01,17,9214,中性盘
1040,13:44:18,5.44,0.02,25,13597,买盘
1041,13:44:27,5.42,-0.02,42,22764,中性盘
1042,13:44:39,5.41,-0.01,58,31378,卖盘
1043,13:44:48,5.41,0.0,129,69789,卖盘
1044,13:44:54,5.41,0.0,152,82232,卖盘
1045,13:45:21,5.43,0.02,2,1086,买盘
1046,13:45:39,5.4,-0.03,93,50280,卖盘
1047,13:46:21,5.41,0.01,1,541,卖盘
1048,13:46:25,5.39,-0.02,166,89530,卖盘
1049,13:46:28,5.39,0.0,34,18326,买盘
1050,13:46:33,5.41,0.02,1,541,卖盘
1051,13:47:24,5.41,0.0,1,541,买盘
1052,13:47:57,5.41,0.0,16,8656,卖盘
1053,13:48:21,5.42,0.01,36,19512,买盘
1054,13:48:27,5.41,-0.01,2,1082,卖盘
1055,13:48:57,5.41,0.0,51,27591,卖盘
1056,13:49:03,5.41,0.0,60,32460,卖盘
1057,13:49:12,5.41,0.0,21,11361,卖盘
1058,13:49:18,5.41,0.0,102,55182,卖盘
1059,13:50:04,5.4,-0.01,5,2700,卖盘
1060,13:50:06,5.4,0.0,48,25920,卖盘
1061,13:50:24,5.4,0.0,16,8640,卖盘
1062,13:50:30,5.4,0.0,6,3240,卖盘
1063,13:50:36,5.4,0.0,188,101520,卖盘
1064,13:50:57,5.4,0.0,1,540,买盘
1065,13:51:01,5.39,-0.01,50,26950,卖盘
1066,13:51:30,5.38,-0.01,192,103316,卖盘
1067,13:51:33,5.39,0.01,32,17248,中性盘
1068,13:51:57,5.39,0.0,40,21560,卖盘
1069,13:52:06,5.39,0.0,54,29106,卖盘
1070,13:52:21,5.38,-0.01,64,34432,卖盘
1071,13:52:24,5.38,0.0,3,1614,卖盘
1072,13:52:30,5.38,0.0,23,12374,卖盘
1073,13:52:39,5.39,0.01,44,23716,买盘
1074,13:52:57,5.39,0.0,2,1078,卖盘
1075,13:53:09,5.39,0.0,5,2695,卖盘
1076,13:53:18,5.39,0.0,92,49588,卖盘
1077,13:53:36,5.39,0.0,5,2695,买盘
1078,13:54:15,5.38,-0.01,9,4842,卖盘
1079,13:54:24,5.38,0.0,492,264696,卖盘
1080,13:54:33,5.38,0.0,4,2152,买盘
1081,13:54:42,5.37,-0.01,25,13442,卖盘
1082,13:54:51,5.37,0.0,105,56485,卖盘
1083,13:54:54,5.38,0.01,12,6456,买盘
1084,13:54:57,5.37,-0.01,27,14499,卖盘
1085,13:55:18,5.37,0.0,1,537,卖盘
1086,13:55:24,5.38,0.01,19,10222,买盘
1087,13:55:27,5.37,-0.01,1,537,卖盘
1088,13:55:30,5.37,0.0,2,1074,卖盘
1089,13:55:42,5.38,0.01,50,26900,买盘
1090,13:55:48,5.38,0.0,107,57566,买盘
1091,13:55:57,5.38,0.0,55,29590,卖盘
1092,13:56:12,5.39,0.01,57,30723,买盘
1093,13:56:27,5.4,0.01,12,6480,买盘
1094,13:56:48,5.39,-0.01,55,29658,卖盘
1095,13:56:58,5.39,0.0,27,14553,买盘
1096,13:57:10,5.38,-0.01,68,36594,卖盘
1097,13:57:21,5.38,0.0,43,23134,卖盘
1098,13:58:04,5.39,0.01,68,36652,买盘
1099,13:58:15,5.39,0.0,2,1078,买盘
1100,13:58:36,5.38,-0.01,1,538,卖盘
1101,13:59:16,5.38,0.0,10,5380,卖盘
1102,13:59:18,5.39,0.01,20,10780,买盘
1103,13:59:48,5.39,0.0,50,26950,买盘
1104,13:59:54,5.38,-0.01,15,8070,卖盘
1105,14:00:24,5.38,0.0,36,19368,卖盘
1106,14:00:33,5.38,0.0,7,3766,卖盘
1107,14:00:45,5.39,0.01,5,2695,买盘
1108,14:01:03,5.38,-0.01,4,2152,卖盘
1109,14:01:15,5.38,0.0,16,8608,卖盘
1110,14:01:30,5.38,0.0,22,11836,卖盘
1111,14:02:01,5.38,0.0,5,2690,卖盘
1112,14:02:07,5.39,0.01,10,5390,买盘
1113,14:02:12,5.38,-0.01,210,112980,卖盘
1114,14:02:16,5.38,0.0,1,538,卖盘
1115,14:02:18,5.39,0.01,10,5390,买盘
1116,14:02:49,5.38,-0.01,20,10760,卖盘
1117,14:03:15,5.39,0.01,1,539,买盘
1118,14:03:28,5.39,0.0,11,5929,买盘
1119,14:03:34,5.39,0.0,10,5390,买盘
1120,14:03:49,5.38,-0.01,8,4304,卖盘
1121,14:04:16,5.39,0.01,6,3234,买盘
1122,14:04:21,5.38,-0.01,40,21520,卖盘
1123,14:04:54,5.38,0.0,2,1076,卖盘
1124,14:05:04,5.38,0.0,12,6456,卖盘
1125,14:05:39,5.39,0.01,50,26950,买盘
1126,14:05:45,5.37,-0.02,282,151662,卖盘
1127,14:06:01,5.38,0.01,10,5380,卖盘
1128,14:06:10,5.38,0.0,30,16140,卖盘
1129,14:06:13,5.38,0.0,10,5380,卖盘
1130,14:06:19,5.38,0.0,48,25824,卖盘
1131,14:06:21,5.39,0.01,4,2156,买盘
1132,14:06:24,5.38,-0.01,1,538,卖盘
1133,14:06:34,5.38,0.0,22,11836,卖盘
1134,14:06:36,5.38,0.0,1,538,卖盘
1135,14:06:39,5.38,0.0,15,8070,卖盘
1136,14:06:42,5.39,0.01,20,10780,买盘
1137,14:06:54,5.39,0.0,13,7007,买盘
1138,14:06:57,5.38,-0.01,48,25824,卖盘
1139,14:07:00,5.39,0.01,99,53361,买盘
1140,14:07:06,5.38,-0.01,5,2690,卖盘
1141,14:07:09,5.38,0.0,34,18307,卖盘
1142,14:07:27,5.38,0.0,1,538,卖盘
1143,14:07:54,5.38,0.0,36,19368,卖盘
1144,14:08:24,5.38,0.0,58,31204,卖盘
1145,14:08:27,5.38,0.0,6,3228,卖盘
1146,14:08:45,5.38,0.0,29,15602,卖盘
1147,14:08:49,5.38,0.0,85,45730,卖盘
1148,14:08:51,5.38,0.0,276,148718,卖盘
1149,14:08:57,5.38,0.0,1,538,卖盘
1150,14:09:00,5.37,-0.01,41,22029,卖盘
1151,14:09:06,5.38,0.01,5,2690,买盘
1152,14:09:18,5.4,0.02,210,113400,买盘
1153,14:09:34,5.4,0.0,4,2160,买盘
1154,14:09:51,5.42,0.02,150,81137,买盘
1155,14:10:06,5.4,-0.02,10,5400,中性盘
1156,14:10:09,5.42,0.02,80,43360,买盘
1157,14:10:18,5.42,0.0,40,21680,买盘
1158,14:10:27,5.42,0.0,1,542,买盘
1159,14:11:18,5.42,0.0,25,13550,买盘
1160,14:11:21,5.42,0.0,4,2168,买盘
1161,14:11:57,5.4,-0.02,10,5400,中性盘
1162,14:12:21,5.39,-0.01,10,5390,卖盘
1163,14:12:39,5.39,0.0,83,44737,卖盘
1164,14:13:06,5.4,0.01,17,9180,买盘
1165,14:13:16,5.39,-0.01,5,2695,卖盘
1166,14:13:33,5.39,0.0,10,5390,卖盘
1167,14:14:49,5.4,0.01,10,5400,买盘
1168,14:15:00,5.39,-0.01,1,539,卖盘
1169,14:15:16,5.39,0.0,189,101871,卖盘
1170,14:15:19,5.39,0.0,10,5390,买盘
1171,14:15:27,5.39,0.0,1,539,买盘
1172,14:16:24,5.38,-0.01,71,38198,卖盘
1173,14:16:30,5.38,0.0,300,161400,卖盘
1174,14:17:04,5.38,0.0,30,16140,卖盘
1175,14:17:06,5.38,0.0,10,5380,卖盘
1176,14:17:55,5.38,0.0,12,6456,卖盘
1177,14:17:58,5.38,0.0,3,1614,卖盘
1178,14:18:07,5.39,0.01,30,16170,买盘
1179,14:18:09,5.39,0.0,137,73843,买盘
1180,14:18:12,5.38,-0.01,2,1076,卖盘
1181,14:18:25,5.38,0.0,17,9146,卖盘
1182,14:18:31,5.4,0.02,26,14040,买盘
1183,14:19:07,5.4,0.0,1,540,卖盘
1184,14:19:12,5.41,0.01,14,7574,买盘
1185,14:19:15,5.4,-0.01,3,1620,卖盘
1186,14:19:24,5.4,0.0,2,1080,买盘
1187,14:20:06,5.4,0.0,30,16200,买盘
1188,14:20:09,5.4,0.0,30,16200,买盘
1189,14:20:22,5.39,-0.01,5,2695,卖盘
1190,14:20:27,5.39,0.0,31,16709,买盘
1191,14:20:34,5.39,0.0,4,2156,买盘
1192,14:21:30,5.4,0.01,2,1080,买盘
1193,14:21:54,5.4,0.0,17,9180,买盘
1194,14:22:24,5.41,0.01,300,162017,买盘
1195,14:22:40,5.42,0.01,320,173306,买盘
1196,14:23:03,5.43,0.01,382,207333,买盘
1197,14:23:19,5.4,-0.03,100,54000,卖盘
1198,14:23:46,5.43,0.03,320,173589,买盘
1199,14:24:00,5.4,-0.03,3,1620,买盘
1200,14:24:18,5.43,0.03,219,118862,买盘
1201,14:24:48,5.4,-0.03,9,4860,卖盘
1202,14:24:57,5.43,0.03,124,67332,买盘
1203,14:25:00,5.43,0.0,71,38553,卖盘
1204,14:25:24,5.4,-0.03,5,2700,卖盘
1205,14:25:48,5.41,0.01,10,5410,中性盘
1206,14:26:03,5.41,0.0,10,5410,中性盘
1207,14:26:21,5.4,-0.01,46,24840,卖盘
1208,14:26:36,5.42,0.02,1,542,买盘
1209,14:26:49,5.42,0.0,3,1626,买盘
1210,14:27:00,5.4,-0.02,55,29700,卖盘
1211,14:27:18,5.4,0.0,9,4860,卖盘
1212,14:27:39,5.4,0.0,5,2700,中性盘
1213,14:28:07,5.39,-0.01,3,1617,卖盘
1214,14:28:27,5.39,0.0,20,10780,卖盘
1215,14:28:39,5.39,0.0,3,1617,卖盘
1216,14:28:51,5.39,0.0,30,16170,卖盘
1217,14:29:03,5.4,0.01,99,53460,买盘
1218,14:29:09,5.39,-0.01,30,16170,卖盘
1219,14:29:36,5.39,0.0,31,16709,买盘
1220,14:30:21,5.39,0.0,3,1617,卖盘
1221,14:30:25,5.39,0.0,83,44737,卖盘
1222,14:30:30,5.4,0.01,2,1079,买盘
1223,14:31:36,5.38,-0.02,591,317958,卖盘
1224,14:31:39,5.38,0.0,12,6456,卖盘
1225,14:31:42,5.38,0.0,26,13988,卖盘
1226,14:31:46,5.38,0.0,9,4842,卖盘
1227,14:31:49,5.38,0.0,22,11836,卖盘
1228,14:31:51,5.38,0.0,17,9146,卖盘
1229,14:31:54,5.37,-0.01,139,74691,卖盘
1230,14:32:10,5.37,0.0,4,2148,卖盘
1231,14:32:37,5.38,0.01,5,2690,买盘
1232,14:32:45,5.37,-0.01,7,3759,卖盘
1233,14:32:49,5.37,0.0,35,18795,卖盘
1234,14:33:04,5.37,0.0,123,66061,卖盘
1235,14:33:07,5.37,0.0,49,26313,卖盘
1236,14:33:09,5.37,0.0,643,345291,卖盘
1237,14:33:13,5.37,0.0,121,64977,卖盘
1238,14:33:16,5.37,0.0,224,120406,卖盘
1239,14:33:19,5.37,0.0,116,62292,卖盘
1240,14:33:22,5.37,0.0,7,3641,卖盘
1241,14:33:31,5.36,-0.01,59,31624,卖盘
1242,14:33:34,5.36,0.0,77,41272,卖盘
1243,14:33:36,5.36,0.0,10,5360,卖盘
1244,14:33:42,5.36,0.0,38,20368,卖盘
1245,14:33:48,5.36,0.0,55,29480,卖盘
1246,14:33:52,5.37,0.01,180,96500,买盘
1247,14:33:55,5.36,-0.01,46,24656,卖盘
1248,14:34:04,5.36,0.0,18,9648,卖盘
1249,14:34:07,5.36,0.0,116,62176,卖盘
1250,14:34:09,5.36,0.0,135,72360,卖盘
1251,14:34:13,5.36,0.0,38,20368,卖盘
1252,14:34:16,5.36,0.0,12,6432,卖盘
1253,14:34:19,5.36,0.0,15,8040,卖盘
1254,14:34:24,5.36,0.0,25,13400,卖盘
1255,14:34:28,5.36,0.0,66,35376,卖盘
1256,14:34:30,5.35,-0.01,25,13375,卖盘
1257,14:34:33,5.35,0.0,54,28920,卖盘
1258,14:34:36,5.35,0.0,21,11235,卖盘
1259,14:34:40,5.35,0.0,54,28900,卖盘
1260,14:34:43,5.35,0.0,29,15516,卖盘
1261,14:34:46,5.35,0.0,38,20330,卖盘
1262,14:34:49,5.36,0.01,94,50320,买盘
1263,14:34:52,5.35,-0.01,90,48150,卖盘
1264,14:34:55,5.35,0.0,112,59928,卖盘
1265,14:34:58,5.36,0.01,589,315219,买盘
1266,14:35:04,5.35,-0.01,91,48685,卖盘
1267,14:35:07,5.34,-0.01,73,38993,卖盘
1268,14:35:09,5.35,0.01,46,24610,买盘
1269,14:35:13,5.35,0.0,10,5350,买盘
1270,14:35:24,5.35,0.0,10,5350,卖盘
1271,14:35:27,5.35,0.0,4,2140,卖盘
1272,14:35:33,5.35,0.0,13,6955,卖盘
1273,14:35:36,5.37,0.02,135,72418,买盘
1274,14:35:39,5.37,0.0,4,2148,卖盘
1275,14:35:42,5.37,0.0,36,19332,卖盘
1276,14:35:46,5.37,0.0,13,6981,卖盘
1277,14:35:48,5.37,0.0,2,1074,卖盘
1278,14:35:55,5.37,0.0,223,119961,卖盘
1279,14:35:58,5.35,-0.02,11,5905,卖盘
1280,14:36:01,5.35,0.0,2,1070,卖盘
1281,14:36:16,5.35,0.0,4,2140,卖盘
1282,14:36:22,5.38,0.03,482,259302,买盘
1283,14:36:27,5.36,-0.02,11,5896,买盘
1284,14:36:37,5.36,0.0,152,81472,买盘
1285,14:36:40,5.36,0.0,45,24120,买盘
1286,14:36:43,5.36,0.0,10,5360,买盘
1287,14:36:46,5.36,0.0,87,46632,买盘
1288,14:37:04,5.37,0.01,7,3759,卖盘
1289,14:37:06,5.39,0.02,460,247559,买盘
1290,14:37:18,5.4,0.01,261,140940,买盘
1291,14:37:25,5.4,0.0,18,9720,卖盘
1292,14:37:28,5.4,0.0,2,1080,卖盘
1293,14:37:37,5.4,0.0,1,540,卖盘
1294,14:37:43,5.4,0.0,14,7560,卖盘
1295,14:37:46,5.4,0.0,28,15120,卖盘
1296,14:37:49,5.4,0.0,28,15120,卖盘
1297,14:37:51,5.4,0.0,19,10260,卖盘
1298,14:37:54,5.4,0.0,19,10260,卖盘
1299,14:37:57,5.4,0.0,3,1620,卖盘
1300,14:38:13,5.4,0.0,25,13500,卖盘
1301,14:38:19,5.4,0.0,34,18360,卖盘
1302,14:38:22,5.4,0.0,14,7560,卖盘
1303,14:38:25,5.4,0.0,9,4860,卖盘
1304,14:38:58,5.4,0.0,157,84780,卖盘
1305,14:39:04,5.4,0.0,2,1080,卖盘
1306,14:39:07,5.4,0.0,41,22140,卖盘
1307,14:39:10,5.4,0.0,10,5400,卖盘
1308,14:39:25,5.4,0.0,3,1620,卖盘
1309,14:39:28,5.4,0.0,1,540,卖盘
1310,14:39:30,5.4,0.0,31,16740,卖盘
1311,14:39:39,5.4,0.0,2,1080,卖盘
1312,14:39:42,5.4,0.0,64,34560,卖盘
1313,14:39:46,5.4,0.0,19,10260,卖盘
1314,14:39:49,5.4,0.0,6,3240,卖盘
1315,14:39:55,5.4,0.0,7,3780,卖盘
1316,14:40:01,5.4,0.0,44,23760,卖盘
1317,14:40:04,5.4,0.0,24,12960,卖盘
1318,14:40:10,5.39,-0.01,6,3234,卖盘
1319,14:40:25,5.39,0.0,27,14553,卖盘
1320,14:40:31,5.4,0.01,3,1620,买盘
1321,14:40:34,5.39,-0.01,60,32340,卖盘
1322,14:40:40,5.39,0.0,100,53900,卖盘
1323,14:40:46,5.39,0.0,38,20482,卖盘
1324,14:41:04,5.37,-0.02,1,537,卖盘
1325,14:41:22,5.38,0.01,5,2690,买盘
1326,14:41:43,5.38,0.0,5,2690,卖盘
1327,14:42:01,5.38,0.0,50,26900,买盘
1328,14:42:34,5.37,-0.01,74,39738,卖盘
1329,14:42:40,5.37,0.0,38,20406,卖盘
1330,14:42:45,5.37,0.0,20,10740,卖盘
1331,14:42:48,5.37,0.0,29,15573,卖盘
1332,14:42:51,5.37,0.0,3,1611,卖盘
1333,14:42:55,5.37,0.0,3,1611,卖盘
1334,14:42:57,5.38,0.01,203,109211,买盘
1335,14:43:07,5.38,0.0,5,2690,买盘
1336,14:43:16,5.37,-0.01,65,34905,卖盘
1337,14:43:19,5.38,0.01,2,1076,买盘
1338,14:43:24,5.37,-0.01,4,2148,卖盘
1339,14:43:36,5.37,0.0,10,5370,卖盘
1340,14:43:48,5.37,0.0,1,537,卖盘
1341,14:44:00,5.39,0.02,200,107733,买盘
1342,14:44:25,5.38,-0.01,1,538,中性盘
1343,14:44:28,5.38,0.0,2,1076,买盘
1344,14:44:31,5.38,0.0,46,24748,卖盘
1345,14:44:36,5.38,0.0,4,2152,卖盘
1346,14:44:39,5.38,0.0,1,538,卖盘
1347,14:44:42,5.38,0.0,1,538,卖盘
1348,14:44:45,5.38,0.0,6,3228,卖盘
1349,14:44:55,5.38,0.0,10,5380,买盘
1350,14:45:04,5.38,0.0,48,25824,买盘
1351,14:45:06,5.38,0.0,1,538,卖盘
1352,14:45:09,5.38,0.0,12,6456,卖盘
1353,14:45:12,5.38,0.0,10,5380,买盘
1354,14:45:18,5.38,0.0,6,3227,买盘
1355,14:45:22,5.39,0.01,50,26934,买盘
1356,14:45:31,5.38,-0.01,7,3766,买盘
1357,14:45:36,5.37,-0.01,6,3222,卖盘
1358,14:45:55,5.38,0.01,50,26900,买盘
1359,14:45:58,5.38,0.0,3,1614,买盘
1360,14:46:00,5.38,0.0,1,538,卖盘
1361,14:46:04,5.38,0.0,9,4842,卖盘
1362,14:46:07,5.38,0.0,1,538,卖盘
1363,14:46:10,5.38,0.0,3,1614,卖盘
1364,14:46:13,5.38,0.0,12,6456,卖盘
1365,14:46:16,5.37,-0.01,13,6981,卖盘
1366,14:46:19,5.37,0.0,65,34905,卖盘
1367,14:46:22,5.37,0.0,103,55321,卖盘
1368,14:46:24,5.37,0.0,163,87531,卖盘
1369,14:46:28,5.37,0.0,108,57996,卖盘
1370,14:46:31,5.37,0.0,98,52626,卖盘
1371,14:46:34,5.37,0.0,94,50478,卖盘
1372,14:46:37,5.37,0.0,86,46182,卖盘
1373,14:46:40,5.41,0.04,2284,1231517,买盘
1374,14:46:52,5.41,0.0,68,36785,买盘
1375,14:46:58,5.38,-0.03,16,8609,卖盘
1376,14:47:01,5.41,0.03,89,48146,买盘
1377,14:47:07,5.38,-0.03,1,538,卖盘
1378,14:47:10,5.4,0.02,16,8640,买盘
1379,14:47:15,5.4,0.0,34,18360,买盘
1380,14:47:19,5.41,0.01,452,244532,买盘
1381,14:47:22,5.4,-0.01,49,26460,买盘
1382,14:47:31,5.37,-0.03,96,51644,卖盘
1383,14:47:34,5.4,0.03,225,121444,买盘
1384,14:47:52,5.39,-0.01,10,5390,买盘
1385,14:47:58,5.39,0.0,132,71148,买盘
1386,14:48:07,5.39,0.0,1,539,卖盘
1387,14:48:09,5.39,0.0,1,539,卖盘
1388,14:48:16,5.4,0.01,64,34560,买盘
1389,14:48:19,5.39,-0.01,21,11319,卖盘
1390,14:48:21,5.39,0.0,44,23716,买盘
1391,14:48:28,5.4,0.01,259,139860,买盘
1392,14:48:31,5.4,0.0,236,127670,卖盘
1393,14:48:45,5.39,-0.01,41,22099,卖盘
1394,14:48:51,5.39,0.0,20,10780,卖盘
1395,14:49:00,5.4,0.01,1,540,买盘
1396,14:49:04,5.4,0.0,173,93420,买盘
1397,14:49:10,5.4,0.0,11,5940,卖盘
1398,14:49:13,5.39,-0.01,142,76672,卖盘
1399,14:49:16,5.39,0.0,41,22101,卖盘
1400,14:49:25,5.39,0.0,34,18326,卖盘
1401,14:49:27,5.4,0.01,110,59400,中性盘
1402,14:49:34,5.39,-0.01,10,5390,卖盘
1403,14:49:37,5.41,0.02,9,4869,买盘
1404,14:49:39,5.4,-0.01,25,13500,卖盘
1405,14:49:43,5.41,0.01,531,287171,买盘
1406,14:50:18,5.4,-0.01,25,13500,买盘
1407,14:50:21,5.4,0.0,1,540,卖盘
1408,14:50:25,5.4,0.0,44,23760,卖盘
1409,14:50:28,5.39,-0.01,130,70120,卖盘
1410,14:50:40,5.39,0.0,49,26411,卖盘
1411,14:50:46,5.39,0.0,35,18865,卖盘
1412,14:50:52,5.39,0.0,3,1617,卖盘
1413,14:50:55,5.39,0.0,36,19404,卖盘
1414,14:50:58,5.38,-0.01,1450,781645,卖盘
1415,14:51:07,5.37,-0.01,48,25804,卖盘
1416,14:51:15,5.37,0.0,114,61218,卖盘
1417,14:51:19,5.37,0.0,10,5370,卖盘
1418,14:51:22,5.34,-0.03,867,464464,卖盘
1419,14:51:25,5.37,0.03,50,26850,买盘
1420,14:51:34,5.37,0.0,100,53700,买盘
1421,14:51:36,5.37,0.0,16,8592,买盘
1422,14:51:42,5.37,0.0,1,537,买盘
1423,14:51:46,5.35,-0.02,30,16050,卖盘
1424,14:52:00,5.37,0.02,138,74022,买盘
1425,14:52:10,5.36,-0.01,13,6968,卖盘
1426,14:52:16,5.37,0.01,127,68199,买盘
1427,14:52:22,5.37,0.0,20,10740,卖盘
1428,14:52:27,5.37,0.0,3,1611,卖盘
1429,14:52:37,5.37,0.0,6,3222,买盘
1430,14:52:40,5.37,0.0,8,4296,买盘
1431,14:52:46,5.36,-0.01,1,536,卖盘
1432,14:52:49,5.37,0.01,67,35979,买盘
1433,14:52:55,5.36,-0.01,133,71371,卖盘
1434,14:53:25,5.36,0.0,38,20368,卖盘
1435,14:53:28,5.36,0.0,43,23090,卖盘
1436,14:53:31,5.37,0.01,8,4296,买盘
1437,14:53:34,5.37,0.0,4,2148,卖盘
1438,14:53:39,5.38,0.01,32,17216,买盘
1439,14:53:42,5.38,0.0,234,125892,买盘
1440,14:53:55,5.39,0.01,19,10241,买盘
1441,14:54:04,5.39,0.0,10,5390,买盘
1442,14:54:07,5.39,0.0,50,26950,买盘
1443,14:54:19,5.38,-0.01,111,59718,卖盘
1444,14:54:33,5.38,0.0,1,538,卖盘
1445,14:54:39,5.39,0.01,12,6458,买盘
1446,14:54:43,5.38,-0.01,25,13450,卖盘
1447,14:54:45,5.38,0.0,55,29590,卖盘
1448,14:54:49,5.39,0.01,88,47432,买盘
1449,14:54:52,5.38,-0.01,20,10760,卖盘
1450,14:54:55,5.38,0.0,16,8608,卖盘
1451,14:54:58,5.38,0.0,2,1076,卖盘
1452,14:55:04,5.37,-0.01,16,8592,卖盘
1453,14:55:18,5.37,0.0,20,10740,卖盘
1454,14:55:25,5.37,0.0,78,41886,卖盘
1455,14:55:28,5.37,0.0,118,63366,卖盘
1456,14:55:31,5.35,-0.02,100,53554,卖盘
1457,14:55:37,5.37,0.02,16,8592,买盘
1458,14:55:58,5.36,-0.01,10,5360,卖盘
1459,14:56:01,5.36,0.0,6,3216,卖盘
1460,14:56:04,5.37,0.01,51,27386,买盘
1461,14:56:10,5.36,-0.01,21,11256,卖盘
1462,14:56:12,5.36,0.0,19,10184,卖盘
1463,14:56:16,5.36,0.0,1,536,卖盘
1464,14:56:19,5.36,0.0,68,36448,卖盘
1465,14:56:22,5.36,0.0,59,31624,卖盘
1466,14:56:33,5.36,0.0,22,11792,买盘
1467,14:56:37,5.35,-0.01,39,20870,卖盘
1468,14:56:39,5.35,0.0,40,21400,卖盘
1469,14:56:46,5.35,0.0,7,3745,卖盘
1470,14:56:49,5.35,0.0,3,1605,卖盘
1471,14:56:51,5.35,0.0,15,8025,卖盘
1472,14:56:54,5.35,0.0,55,29425,卖盘
1473,14:57:00,5.35,0.0,93,49755,卖盘
1474,15:00:04,5.39,0.04,4258,2295062,卖盘
