,time,price,change,volume,amount,type
0,09:25:04,10.08,-0.06,20,20160,卖盘
1,09:30:04,10.05,-0.03,3,3015,卖盘
2,09:30:07,10.05,0.0,5,5025,买盘
3,09:30:10,10.01,-0.04,4,4004,卖盘
4,09:30:19,10.03,0.02,2,2006,卖盘
5,09:30:22,10.03,0.0,2,2006,卖盘
6,09:30:28,10.04,0.01,6,6024,买盘
7,09:30:34,10.04,0.0,5,5020,买盘
8,09:30:40,10.04,0.0,2,2008,买盘
9,09:30:49,10.04,0.0,4,4016,买盘
10,09:30:58,10.05,0.01,1,1005,买盘
11,09:31:07,10.05,0.0,8,8040,买盘
12,09:31:19,10.05,0.0,15,15075,卖盘
13,09:31:25,10.04,-0.01,2,2008,卖盘
14,09:32:07,10.07,0.03,10,10070,买盘
15,09:32:19,10.07,0.0,2,2014,买盘
16,09:32:31,10.08,0.01,6,6047,买盘
17,09:32:37,10.09,0.01,1,1009,买盘
18,09:32:43,10.09,0.0,2,2018,买盘
19,09:32:46,10.08,-0.01,4,4032,卖盘
20,09:32:49,10.08,0.0,1,1008,买盘
21,09:32:52,10.08,0.0,1,1008,中性盘
22,09:32:55,10.09,0.01,3,3027,买盘
23,09:33:07,10.1,0.01,1,1010,买盘
24,09:33:10,10.1,0.0,24,24240,买盘
25,09:33:13,10.1,0.0,1,1010,卖盘
26,09:33:19,10.07,-0.03,81,81590,卖盘
27,09:33:25,10.07,0.0,2,2014,买盘
28,09:33:31,10.07,0.0,17,17113,买盘
29,09:33:46,10.07,0.0,5,5035,卖盘
30,09:33:49,10.08,0.01,1,1008,买盘
31,09:33:52,10.08,0.0,1,1008,卖盘
32,09:33:58,10.08,0.0,2,2016,买盘
33,09:34:04,10.07,-0.01,8,8056,卖盘
34,09:34:22,10.04,-0.03,5,5020,卖盘
35,09:34:46,10.06,0.02,1,1006,买盘
36,09:34:52,10.06,0.0,2,2012,买盘
37,09:34:58,10.06,0.0,17,17102,买盘
38,09:35:01,10.06,0.0,5,5030,买盘
39,09:35:07,10.06,0.0,8,8048,卖盘
40,09:35:13,10.07,0.01,2,2014,买盘
41,09:35:16,10.07,0.0,1,1007,买盘
42,09:35:25,10.08,0.01,1,1008,买盘
43,09:35:28,10.08,0.0,4,4032,买盘
44,09:35:31,10.08,0.0,4,4032,买盘
45,09:35:34,10.09,0.01,52,52466,买盘
46,09:35:58,10.12,0.03,4,4048,买盘
47,09:36:04,10.1,-0.02,11,11110,卖盘
48,09:36:19,10.1,0.0,18,18180,卖盘
49,09:36:25,10.1,0.0,2,2020,买盘
50,09:36:58,10.1,0.0,9,9093,卖盘
51,09:37:01,10.09,-0.01,3,3029,卖盘
52,09:37:28,10.06,-0.03,44,44274,卖盘
53,09:37:49,10.07,0.01,8,8056,卖盘
54,09:37:55,10.06,-0.01,8,8048,卖盘
55,09:37:58,10.07,0.01,1,1007,买盘
56,09:38:04,10.07,0.0,43,43301,买盘
57,09:38:07,10.06,-0.01,80,80516,卖盘
58,09:38:10,10.1,0.04,1,1010,买盘
59,09:38:46,10.08,-0.02,15,15120,卖盘
60,09:38:49,10.08,0.0,27,27216,买盘
61,09:38:58,10.07,-0.01,5,5035,卖盘
62,09:39:07,10.07,0.0,1,1007,卖盘
63,09:39:28,10.07,0.0,1,1007,卖盘
64,09:39:31,10.07,0.0,1,1007,中性盘
65,09:39:34,10.06,-0.01,29,29174,卖盘
66,09:39:40,10.06,0.0,1,1006,买盘
67,09:39:46,10.07,0.01,21,21147,买盘
68,09:39:49,10.07,0.0,19,19133,买盘
69,09:39:52,10.07,0.0,9,9063,买盘
70,09:39:58,10.08,0.01,6,6048,买盘
71,09:40:01,10.08,0.0,2,2016,买盘
72,09:40:04,10.09,0.01,34,34302,买盘
73,09:40:25,10.08,-0.01,3,3024,卖盘
74,09:40:37,10.09,0.01,2,2018,卖盘
75,09:40:43,10.09,0.0,8,8072,卖盘
76,09:41:13,10.08,-0.01,1,1008,卖盘
77,09:41:25,10.07,-0.01,1,1007,卖盘
78,09:41:28,10.08,0.01,2,2016,买盘
79,09:41:37,10.07,-0.01,2,2014,卖盘
80,09:41:55,10.07,0.0,3,3021,买盘
81,09:42:01,10.07,0.0,2,2014,卖盘
82,09:42:13,10.08,0.01,10,10080,买盘
83,09:42:22,10.09,0.01,1,1009,买盘
84,09:42:25,10.09,0.0,3,3027,买盘
85,09:42:34,10.09,0.0,7,7063,卖盘
86,09:42:46,10.09,0.0,1,1009,买盘
87,09:43:12,10.08,-0.01,2,2016,买盘
88,09:43:22,10.07,-0.01,62,62435,卖盘
89,09:43:34,10.07,0.0,10,10070,买盘
90,09:43:37,10.06,-0.01,4,4024,卖盘
91,09:43:49,10.07,0.01,34,34208,买盘
92,09:43:58,10.07,0.0,1,1007,买盘
93,09:44:01,10.08,0.01,35,35247,买盘
94,09:44:28,10.08,0.0,4,4034,卖盘
95,09:44:31,10.08,0.0,25,25200,卖盘
96,09:44:52,10.08,0.0,1,1008,买盘
97,09:45:10,10.07,-0.01,1,1007,卖盘
98,09:45:19,10.08,0.01,5,5040,买盘
99,09:45:28,10.08,0.0,3,3022,买盘
100,09:45:43,10.07,-0.01,35,35245,卖盘
101,09:45:52,10.06,-0.01,28,28168,卖盘
102,09:45:58,10.06,0.0,20,20120,卖盘
103,09:46:01,10.06,0.0,3,3018,卖盘
104,09:46:04,10.06,0.0,3,3018,买盘
105,09:46:10,10.05,-0.01,4,4020,卖盘
106,09:46:31,10.05,0.0,32,32160,卖盘
107,09:46:34,10.05,0.0,19,19095,卖盘
108,09:46:40,10.05,0.0,7,7035,卖盘
109,09:46:52,10.03,-0.02,30,30096,卖盘
110,09:47:22,10.02,-0.01,23,23051,卖盘
111,09:47:25,10.02,0.0,20,20040,买盘
112,09:47:28,10.02,0.0,10,10020,买盘
113,09:47:34,10.02,0.0,9,9018,买盘
114,09:47:37,10.02,0.0,4,4008,卖盘
115,09:47:55,10.03,0.01,3,3009,卖盘
116,09:48:25,10.03,0.0,1,1003,卖盘
117,09:48:28,10.04,0.01,40,40160,买盘
118,09:48:31,10.04,0.0,16,16064,买盘
119,09:48:37,10.03,-0.01,1,1003,卖盘
120,09:48:46,10.05,0.02,87,87435,买盘
121,09:48:52,10.06,0.01,3,3018,买盘
122,09:49:01,10.06,0.0,2,2012,买盘
123,09:49:28,10.06,0.0,1,1006,买盘
124,09:49:42,10.06,0.0,1,1006,买盘
125,09:49:52,10.06,0.0,1,1006,买盘
126,09:49:55,10.06,0.0,13,13078,买盘
127,09:49:58,10.06,0.0,10,10060,卖盘
128,09:50:07,10.05,-0.01,94,94546,卖盘
129,09:50:13,10.07,0.02,1,1007,买盘
130,09:50:27,10.07,0.0,3,3021,卖盘
131,09:50:40,10.07,0.0,35,35245,卖盘
132,09:50:46,10.07,0.0,13,13091,卖盘
133,09:51:07,10.07,0.0,9,9063,买盘
134,09:51:31,10.07,0.0,2,2014,买盘
135,09:51:58,10.07,0.0,1,1007,买盘
136,09:52:31,10.07,0.0,5,5035,买盘
137,09:52:34,10.06,-0.01,41,41286,卖盘
138,09:52:40,10.07,0.01,35,35240,买盘
139,09:52:58,10.08,0.01,1,1008,买盘
140,09:53:04,10.08,0.0,2,2016,买盘
141,09:53:22,10.08,0.0,1,1008,买盘
142,09:53:43,10.08,0.0,27,27216,买盘
143,09:54:01,10.07,-0.01,2,2014,卖盘
144,09:54:03,10.05,-0.02,5,5025,卖盘
145,09:54:07,10.07,0.02,5,5035,买盘
146,09:54:22,10.05,-0.02,1,1005,卖盘
147,09:54:28,10.05,0.0,10,10050,卖盘
148,09:54:30,10.05,0.0,10,10050,卖盘
149,09:54:37,10.04,-0.01,8,8037,卖盘
150,09:54:43,10.03,-0.01,60,60231,卖盘
151,09:55:07,10.03,0.0,47,47141,卖盘
152,09:55:13,10.05,0.02,7,7035,买盘
153,09:55:19,10.05,0.0,5,5025,卖盘
154,09:55:43,10.05,0.0,4,4020,卖盘
155,09:55:49,10.05,0.0,57,57285,买盘
156,09:56:28,10.05,0.0,1,1005,买盘
157,09:56:40,10.04,-0.01,39,39156,卖盘
158,09:57:04,10.05,0.01,76,76380,买盘
159,09:57:12,10.06,0.01,1,1006,买盘
160,09:57:22,10.06,0.0,31,31186,买盘
161,09:57:37,10.06,0.0,16,16096,买盘
162,09:57:42,10.06,0.0,5,5030,买盘
163,09:57:49,10.06,0.0,13,13078,买盘
164,09:58:31,10.07,0.01,11,11077,买盘
165,09:59:00,10.07,0.0,11,11079,卖盘
166,09:59:19,10.1,0.03,1,1010,买盘
167,09:59:28,10.1,0.0,1,1010,买盘
168,10:00:42,10.06,-0.04,2,2012,卖盘
169,10:01:07,10.05,-0.01,28,28156,卖盘
170,10:01:21,10.05,0.0,2,2010,卖盘
171,10:01:51,10.06,0.01,3,3018,买盘
172,10:02:58,10.06,0.0,5,5030,买盘
173,10:03:06,10.06,0.0,7,7042,卖盘
174,10:03:33,10.06,0.0,35,35210,卖盘
175,10:03:49,10.05,-0.01,27,27135,卖盘
176,10:03:51,10.05,0.0,19,19095,买盘
177,10:04:15,10.05,0.0,2,2010,买盘
178,10:04:19,10.04,-0.01,14,14069,卖盘
179,10:04:31,10.03,-0.01,95,95375,卖盘
180,10:04:43,10.06,0.03,1,1006,买盘
181,10:05:48,10.05,-0.01,31,31155,买盘
182,10:06:00,10.05,0.0,9,9045,买盘
183,10:06:07,10.05,0.0,1,1005,卖盘
184,10:06:46,10.05,0.0,2,2010,卖盘
185,10:06:55,10.04,-0.01,18,18072,卖盘
186,10:07:16,10.04,0.0,21,21084,买盘
187,10:08:10,10.03,-0.01,18,18054,卖盘
188,10:08:28,10.03,0.0,32,32096,卖盘
189,10:08:43,10.02,-0.01,41,41082,卖盘
190,10:09:01,10.02,0.0,4,4006,买盘
191,10:09:33,10.02,0.0,1,1002,买盘
192,10:09:37,10.02,0.0,1,1002,买盘
193,10:10:01,10.03,0.01,4,4012,买盘
194,10:10:04,10.03,0.0,1,1003,卖盘
195,10:10:15,10.03,0.0,3,3009,买盘
196,10:10:19,10.01,-0.02,40,40051,卖盘
197,10:10:58,10.01,0.0,29,29029,卖盘
198,10:11:07,10.01,0.0,1,1001,卖盘
199,10:11:16,10.01,0.0,8,8008,卖盘
200,10:11:33,10.01,0.0,1,1001,卖盘
201,10:12:07,10.02,0.01,10,10018,买盘
202,10:12:22,10.02,0.0,2,2004,卖盘
203,10:12:24,10.02,0.0,4,4008,买盘
204,10:12:37,10.01,-0.01,3,3003,卖盘
205,10:12:49,10.01,0.0,30,30030,卖盘
206,10:12:58,10.02,0.01,3,3006,买盘
207,10:13:01,10.02,0.0,4,4008,买盘
208,10:13:07,10.02,0.0,1,1002,卖盘
209,10:13:18,10.03,0.01,3,3009,买盘
210,10:13:28,10.03,0.0,3,3009,买盘
211,10:13:46,10.02,-0.01,12,12024,卖盘
212,10:13:49,10.03,0.01,10,10030,买盘
213,10:13:55,10.01,-0.02,8,8011,卖盘
214,10:14:00,10.01,0.0,5,5005,卖盘
215,10:14:13,10.0,-0.01,42,42000,卖盘
216,10:14:19,10.01,0.01,2,2002,买盘
217,10:14:22,10.01,0.0,1,1001,卖盘
218,10:14:25,10.0,-0.01,53,53000,卖盘
219,10:14:49,9.99,-0.01,59,58941,卖盘
220,10:14:51,10.0,0.01,10,10000,买盘
221,10:15:01,9.99,-0.01,12,11988,卖盘
222,10:15:07,9.99,0.0,1,999,卖盘
223,10:15:16,9.99,0.0,2,1998,卖盘
224,10:15:19,9.99,0.0,4,3996,卖盘
225,10:15:37,9.99,0.0,9,8991,卖盘
226,10:15:46,9.99,0.0,3,2997,买盘
227,10:15:52,9.98,-0.01,22,21956,卖盘
228,10:15:55,9.98,0.0,20,19960,卖盘
229,10:16:10,9.97,-0.01,3,2991,卖盘
230,10:16:16,9.97,0.0,10,9970,卖盘
231,10:16:22,9.97,0.0,1,997,卖盘
232,10:16:43,9.97,0.0,10,9970,买盘
233,10:16:52,9.98,0.01,46,45908,买盘
234,10:16:57,9.99,0.01,1,999,买盘
235,10:17:46,10.0,0.01,12,12000,买盘
236,10:17:52,10.0,0.0,5,5000,买盘
237,10:18:07,10.0,0.0,1,1000,卖盘
238,10:19:01,10.01,0.01,10,10010,中性盘
239,10:19:19,10.01,0.0,14,14014,买盘
240,10:19:55,10.0,-0.01,43,43000,卖盘
241,10:19:58,9.99,-0.01,6,5995,卖盘
242,10:20:00,9.99,0.0,20,19980,卖盘
243,10:20:07,9.99,0.0,5,4995,卖盘
244,10:20:31,9.99,0.0,3,2997,买盘
245,10:20:42,9.98,-0.01,14,13980,卖盘
246,10:21:01,9.98,0.0,3,2994,买盘
247,10:21:18,9.98,0.0,3,2994,买盘
248,10:21:43,9.99,0.01,7,6993,买盘
249,10:22:07,9.99,0.0,3,2997,卖盘
250,10:22:43,9.99,0.0,1,999,卖盘
251,10:23:04,10.01,0.02,187,187031,买盘
252,10:23:07,10.0,-0.01,2,2000,卖盘
253,10:24:31,10.02,0.02,9,9018,买盘
254,10:24:40,10.02,0.0,8,8016,买盘
255,10:24:55,10.02,0.0,7,7014,买盘
256,10:25:28,10.02,0.0,1,1002,卖盘
257,10:25:31,10.02,0.0,12,12024,卖盘
258,10:25:40,10.02,0.0,10,10020,卖盘
259,10:25:54,10.02,0.0,1,1002,卖盘
260,10:26:07,10.02,0.0,1,1002,卖盘
261,10:26:19,10.02,0.0,7,7014,卖盘
262,10:26:33,10.01,-0.01,10,10010,卖盘
263,10:27:19,10.0,-0.01,176,176000,卖盘
264,10:27:21,10.0,0.0,5,5000,买盘
265,10:27:46,9.99,-0.01,8,7992,卖盘
266,10:27:55,9.99,0.0,10,9990,卖盘
267,10:28:04,9.99,0.0,1,999,卖盘
268,10:28:06,9.99,0.0,47,46998,卖盘
269,10:28:24,9.99,0.0,1,999,卖盘
270,10:29:00,9.99,0.0,10,9990,卖盘
271,10:29:07,9.99,0.0,1,999,卖盘
272,10:29:10,9.98,-0.01,25,24957,卖盘
273,10:29:16,9.98,0.0,2,1996,卖盘
274,10:30:21,9.97,-0.01,1,997,卖盘
275,10:30:28,9.97,0.0,10,9970,卖盘
276,10:31:07,9.97,0.0,14,13958,卖盘
277,10:31:22,9.97,0.0,4,3988,卖盘
278,10:31:24,9.97,0.0,10,9970,卖盘
279,10:31:31,9.97,0.0,8,7976,卖盘
280,10:31:40,9.97,0.0,1,997,卖盘
281,10:31:54,9.95,-0.02,139,138372,卖盘
282,10:32:06,9.95,0.0,1,995,卖盘
283,10:32:49,9.95,0.0,34,33830,卖盘
284,10:32:55,9.95,0.0,8,7960,卖盘
285,10:33:06,9.96,0.01,1,996,卖盘
286,10:33:19,9.97,0.01,10,9970,买盘
287,10:33:27,9.97,0.0,9,8973,买盘
288,10:34:04,9.97,0.0,1,997,卖盘
289,10:34:18,9.97,0.0,1,997,卖盘
290,10:34:28,9.98,0.01,4,3992,买盘
291,10:34:37,9.98,0.0,4,3992,买盘
292,10:35:07,9.98,0.0,1,998,卖盘
293,10:35:37,9.98,0.0,12,11981,卖盘
294,10:35:39,9.98,0.0,11,10978,卖盘
295,10:35:42,9.98,0.0,1,998,卖盘
296,10:35:46,9.98,0.0,2,1996,卖盘
297,10:35:49,9.98,0.0,2,1996,卖盘
298,10:35:52,9.98,0.0,2,1996,卖盘
299,10:36:51,9.98,0.0,4,3992,买盘
300,10:36:55,9.97,-0.01,28,27922,卖盘
301,10:36:58,9.98,0.01,5,4990,卖盘
302,10:37:01,9.98,0.0,6,5988,卖盘
303,10:37:09,9.97,-0.01,1,997,卖盘
304,10:37:13,9.97,0.0,1,997,卖盘
305,10:37:19,9.97,0.0,2,1994,卖盘
306,10:37:22,9.98,0.01,6,5985,买盘
307,10:37:31,9.96,-0.02,5,4980,卖盘
308,10:37:33,9.96,0.0,1,996,卖盘
309,10:37:36,9.96,0.0,1,996,卖盘
310,10:37:40,9.96,0.0,14,13950,卖盘
311,10:37:43,9.97,0.01,2,1994,买盘
312,10:37:45,9.96,-0.01,2,1992,卖盘
313,10:37:52,9.96,0.0,1,996,中性盘
314,10:38:28,9.96,0.0,5,4980,卖盘
315,10:38:43,9.95,-0.01,1,995,卖盘
316,10:39:10,9.95,0.0,1,995,卖盘
317,10:39:13,9.95,0.0,10,9950,卖盘
318,10:40:04,9.95,0.0,6,5978,卖盘
319,10:40:28,9.96,0.01,1,996,买盘
320,10:40:55,9.96,0.0,10,9960,卖盘
321,10:41:22,9.97,0.01,5,4985,买盘
322,10:42:36,9.97,0.0,6,5982,买盘
323,10:42:55,9.96,-0.01,22,21923,卖盘
324,10:43:04,9.97,0.01,10,9967,买盘
325,10:43:07,9.96,-0.01,6,5976,卖盘
326,10:43:16,9.96,0.0,1,996,买盘
327,10:44:10,9.94,-0.02,138,137290,卖盘
328,10:44:28,9.94,0.0,5,4970,卖盘
329,10:44:30,9.94,0.0,14,13916,买盘
330,10:44:48,9.94,0.0,10,9940,买盘
331,10:45:31,9.94,0.0,5,4970,买盘
332,10:45:33,9.93,-0.01,3,2979,卖盘
333,10:45:37,9.93,0.0,14,13902,卖盘
334,10:45:40,9.94,0.01,3,2982,买盘
335,10:45:46,9.92,-0.02,179,177645,卖盘
336,10:45:58,9.91,-0.01,4,3964,卖盘
337,10:46:01,9.91,0.0,46,45586,卖盘
338,10:46:13,9.92,0.01,3,2976,买盘
339,10:46:19,9.91,-0.01,124,122933,卖盘
340,10:46:28,9.92,0.01,4,3968,卖盘
341,10:46:46,9.93,0.01,50,49650,买盘
342,10:46:55,9.92,-0.01,33,32766,卖盘
343,10:47:09,9.92,0.0,2,1984,卖盘
344,10:47:16,9.94,0.02,2,1988,买盘
345,10:47:51,9.94,0.0,1,994,买盘
346,10:48:09,9.94,0.0,1,994,买盘
347,10:48:22,9.94,0.0,7,6958,卖盘
348,10:50:49,9.94,0.0,3,2982,买盘
349,10:53:07,9.94,0.0,12,11928,买盘
350,10:53:28,9.94,0.0,20,19880,买盘
351,10:53:31,9.93,-0.01,1,993,卖盘
352,10:53:33,9.94,0.01,12,11928,买盘
353,10:54:10,9.94,0.0,20,19880,卖盘
354,10:54:13,9.95,0.01,1,995,买盘
355,10:54:22,9.95,0.0,24,23880,买盘
356,10:54:49,9.96,0.01,1,996,买盘
357,10:55:34,9.96,0.0,20,19920,买盘
358,10:55:48,9.96,0.0,20,19920,买盘
359,10:55:57,9.96,0.0,1,996,买盘
360,10:56:21,9.96,0.0,27,26892,卖盘
361,10:56:25,9.96,0.0,10,9960,买盘
362,10:56:46,9.96,0.0,25,24900,买盘
363,10:57:06,9.96,0.0,14,13940,买盘
364,10:57:52,9.96,0.0,26,25896,买盘
365,10:57:55,9.95,-0.01,1,995,卖盘
366,10:58:01,9.98,0.03,29,28926,买盘
367,10:58:12,9.98,0.0,3,2994,卖盘
368,10:59:07,9.96,-0.02,2,1992,卖盘
369,10:59:58,9.96,0.0,5,4980,卖盘
370,11:00:00,9.96,0.0,1,996,卖盘
371,11:00:10,9.96,0.0,3,2988,卖盘
372,11:00:31,9.95,-0.01,1,995,卖盘
373,11:00:57,9.96,0.01,2,1992,卖盘
374,11:01:04,9.96,0.0,8,7968,卖盘
375,11:01:25,9.96,0.0,15,14930,买盘
376,11:02:33,9.95,-0.01,10,9950,卖盘
377,11:03:18,9.95,0.0,20,19900,卖盘
378,11:03:31,9.95,0.0,7,6965,卖盘
379,11:03:43,9.95,0.0,36,35820,卖盘
380,11:03:49,9.95,0.0,10,9950,卖盘
381,11:04:07,9.95,0.0,5,4975,卖盘
382,11:05:46,9.95,0.0,1,995,卖盘
383,11:06:28,9.96,0.01,11,10956,买盘
384,11:06:55,9.96,0.0,4,3984,买盘
385,11:06:57,9.96,0.0,21,20916,买盘
386,11:07:25,9.97,0.01,3,2991,买盘
387,11:07:52,9.97,0.0,3,2991,买盘
388,11:08:22,9.97,0.0,15,14955,买盘
389,11:08:28,9.97,0.0,4,3988,卖盘
390,11:08:55,9.97,0.0,1,997,卖盘
391,11:09:16,9.98,0.01,2,1996,买盘
392,11:10:04,9.97,-0.01,1,997,买盘
393,11:10:10,9.97,0.0,19,18943,卖盘
394,11:10:52,9.96,-0.01,22,21912,卖盘
395,11:10:54,9.96,0.0,1,996,卖盘
396,11:12:06,9.96,0.0,1,996,卖盘
397,11:12:19,9.95,-0.01,187,186135,卖盘
398,11:12:37,9.94,-0.01,2,1988,卖盘
399,11:12:51,9.94,0.0,30,29820,卖盘
400,11:12:58,9.94,0.0,17,16898,卖盘
401,11:13:01,9.94,0.0,5,4970,卖盘
402,11:13:06,9.94,0.0,12,11928,卖盘
403,11:13:27,9.95,0.01,57,56715,买盘
404,11:14:10,9.95,0.0,1,995,卖盘
405,11:14:12,9.97,0.02,24,23928,买盘
406,11:14:19,9.96,-0.01,1,996,买盘
407,11:15:51,9.97,0.01,2,1994,卖盘
408,11:16:09,9.97,0.0,5,4985,买盘
409,11:16:19,9.97,0.0,1,997,卖盘
410,11:16:22,9.97,0.0,5,4985,卖盘
411,11:16:40,9.97,0.0,50,49850,买盘
412,11:17:13,9.96,-0.01,11,10956,卖盘
413,11:17:18,9.96,0.0,90,89640,卖盘
414,11:17:25,9.96,0.0,1,996,卖盘
415,11:17:30,9.95,-0.01,1,995,卖盘
416,11:17:45,9.95,0.0,1,995,卖盘
417,11:19:15,9.96,0.01,10,9960,买盘
418,11:19:43,9.96,0.0,1002,993537,买盘
419,11:20:15,9.93,-0.03,2,1986,买盘
420,11:20:58,9.93,0.0,4,3972,卖盘
421,11:21:07,9.93,0.0,4,3972,买盘
422,11:22:19,9.92,-0.01,19,18848,卖盘
423,11:22:22,9.93,0.01,2,1986,中性盘
424,11:22:27,9.93,0.0,32,31776,卖盘
425,11:22:36,9.93,0.0,20,19860,卖盘
426,11:22:46,9.93,0.0,1,993,卖盘
427,11:22:52,9.92,-0.01,1,992,卖盘
428,11:23:13,9.92,0.0,27,26784,卖盘
429,11:23:42,9.92,0.0,20,19840,买盘
430,11:23:49,9.92,0.0,3,2976,买盘
431,11:23:55,9.92,0.0,3,2976,买盘
432,11:23:58,9.92,0.0,2,1984,买盘
433,11:24:01,9.92,0.0,2,1984,买盘
434,11:24:04,9.92,0.0,1,992,买盘
435,11:24:07,9.92,0.0,1,992,买盘
436,11:24:09,9.92,0.0,1,992,买盘
437,11:24:33,9.92,0.0,3,2976,卖盘
438,11:27:01,9.93,0.01,7,6952,卖盘
439,11:27:07,9.93,0.0,20,19860,买盘
440,11:27:18,9.93,0.0,48,47664,买盘
441,11:27:21,9.92,-0.01,21,20832,卖盘
442,11:27:24,9.93,0.01,11,10923,买盘
443,11:27:28,9.92,-0.01,134,132928,卖盘
444,11:27:36,9.91,-0.01,57,56487,卖盘
445,11:27:39,9.92,0.01,85,84320,买盘
446,11:27:46,9.92,0.0,10,9920,买盘
447,11:27:58,9.92,0.0,3,2976,买盘
448,11:28:01,9.92,0.0,2,1984,买盘
449,11:28:04,9.91,-0.01,60,59460,卖盘
450,11:28:13,9.91,0.0,12,11897,卖盘
451,11:28:31,9.92,0.01,12,11904,买盘
452,11:28:43,9.91,-0.01,60,59460,卖盘
453,11:28:45,9.91,0.0,89,88199,卖盘
454,11:28:48,9.92,0.01,54,53568,买盘
455,11:30:04,9.91,-0.01,1,991,卖盘
456,13:00:07,9.92,0.01,204,202366,买盘
457,13:00:37,9.93,0.01,50,49650,买盘
458,13:00:45,9.92,-0.01,10,9920,卖盘
459,13:01:04,9.92,0.0,14,13888,卖盘
460,13:01:21,9.92,0.0,8,7936,卖盘
461,13:01:33,9.93,0.01,100,99300,买盘
462,13:02:07,9.93,0.0,3,2979,买盘
463,13:05:45,9.93,0.0,54,53622,买盘
464,13:06:19,9.93,0.0,37,36741,卖盘
465,13:06:55,9.93,0.0,23,22839,卖盘
466,13:07:00,9.93,0.0,5,4965,卖盘
467,13:07:04,9.93,0.0,6,5958,卖盘
468,13:07:06,9.93,0.0,4,3972,卖盘
469,13:07:10,9.93,0.0,6,5958,卖盘
470,13:07:16,9.93,0.0,19,18867,卖盘
471,13:08:34,9.93,0.0,13,12909,卖盘
472,13:08:45,9.93,0.0,70,69510,卖盘
473,13:09:01,9.93,0.0,15,14895,卖盘
474,13:09:31,9.92,-0.01,6,5952,卖盘
475,13:09:49,9.92,0.0,1,992,卖盘
476,13:09:57,9.92,0.0,2,1984,卖盘
477,13:10:16,9.92,0.0,117,116064,卖盘
478,13:10:40,9.91,-0.01,8,7928,卖盘
479,13:11:04,9.92,0.01,106,105047,中性盘
480,13:11:10,9.92,0.0,2,1984,卖盘
481,13:13:43,9.92,0.0,11,10912,买盘
482,13:14:46,9.92,0.0,2,1984,卖盘
483,13:17:09,9.92,0.0,1,992,卖盘
484,13:17:34,9.93,0.01,77,76461,买盘
485,13:17:40,9.94,0.01,4,3976,买盘
486,13:17:46,9.93,-0.01,27,26811,卖盘
487,13:17:49,9.95,0.02,1,995,买盘
488,13:18:04,9.95,0.0,3,2985,买盘
489,13:18:31,9.95,0.0,15,14925,买盘
490,13:19:55,9.94,-0.01,5,4970,卖盘
491,13:20:04,9.95,0.01,60,59700,买盘
492,13:20:30,9.94,-0.01,73,72562,卖盘
493,13:20:34,9.94,0.0,30,29820,买盘
494,13:20:37,9.93,-0.01,6,5958,卖盘
495,13:20:52,9.93,0.0,12,11916,卖盘
496,13:20:55,9.93,0.0,10,9930,卖盘
497,13:21:01,9.94,0.01,1,994,买盘
498,13:22:22,9.93,-0.01,2,1986,卖盘
499,13:22:34,9.92,-0.01,7,6946,卖盘
500,13:22:37,9.94,0.02,2,1988,买盘
501,13:23:16,9.93,-0.01,1,993,卖盘
502,13:23:46,9.93,0.0,1,993,卖盘
503,13:23:51,9.93,0.0,4,3972,卖盘
504,13:25:16,9.93,0.0,10,9930,买盘
505,13:26:07,9.92,-0.01,2,1984,卖盘
506,13:26:49,9.92,0.0,94,93248,卖盘
507,13:26:52,9.91,-0.01,1,991,卖盘
508,13:27:04,9.91,0.0,155,153605,卖盘
509,13:27:40,9.9,-0.01,323,319770,卖盘
510,13:27:49,9.89,-0.01,2,1978,卖盘
511,13:27:57,9.89,0.0,18,17802,卖盘
512,13:28:07,9.88,-0.01,104,102855,卖盘
513,13:28:25,9.9,0.02,2,1980,买盘
514,13:28:27,9.88,-0.02,20,19760,卖盘
515,13:28:57,9.89,0.01,5,4945,卖盘
516,13:29:04,9.88,-0.01,50,49400,卖盘
517,13:29:07,9.88,0.0,7,6916,卖盘
518,13:29:12,9.88,0.0,116,114608,卖盘
519,13:29:19,9.87,-0.01,5,4935,卖盘
520,13:29:24,9.87,0.0,1,987,卖盘
521,13:29:36,9.87,0.0,10,9870,卖盘
522,13:29:42,9.87,0.0,1,987,卖盘
523,13:30:16,9.88,0.01,5,4940,买盘
524,13:30:21,9.87,-0.01,1,987,卖盘
525,13:30:43,9.87,0.0,9,8883,卖盘
526,13:31:00,9.87,0.0,6,5922,卖盘
527,13:31:09,9.87,0.0,7,6909,买盘
528,13:31:19,9.87,0.0,20,19740,买盘
529,13:31:42,9.87,0.0,21,20727,卖盘
530,13:31:46,9.87,0.0,24,23688,卖盘
531,13:31:52,9.87,0.0,2,1974,买盘
532,13:31:55,9.87,0.0,5,4935,买盘
533,13:32:22,9.86,-0.01,30,29580,卖盘
534,13:32:31,9.87,0.01,1,987,买盘
535,13:32:34,9.87,0.0,3,2961,买盘
536,13:32:46,9.87,0.0,3,2961,买盘
537,13:32:51,9.87,0.0,5,4935,买盘
538,13:32:54,9.86,-0.01,22,21692,卖盘
539,13:33:07,9.86,0.0,46,45316,买盘
540,13:33:16,9.86,0.0,29,28594,买盘
541,13:33:18,9.86,0.0,3,2958,卖盘
542,13:33:27,9.87,0.01,5,4935,买盘
543,13:33:31,9.86,-0.01,45,44370,卖盘
544,13:33:33,9.86,0.0,34,33524,买盘
545,13:33:42,9.86,0.0,1,986,买盘
546,13:33:55,9.86,0.0,30,29580,卖盘
547,13:34:01,9.86,0.0,21,20706,卖盘
548,13:34:04,9.86,0.0,5,4930,卖盘
549,13:34:19,9.86,0.0,5,4930,买盘
550,13:34:30,9.86,0.0,3,2958,买盘
551,13:34:34,9.86,0.0,6,5916,买盘
552,13:34:46,9.85,-0.01,5,4925,卖盘
553,13:34:49,9.86,0.01,5,4930,买盘
554,13:35:09,9.85,-0.01,118,116239,卖盘
555,13:35:19,9.85,0.0,6,5910,买盘
556,13:35:31,9.84,-0.01,9,8856,卖盘
557,13:35:37,9.8,-0.04,240,236101,卖盘
558,13:35:40,9.8,0.0,5,4900,卖盘
559,13:35:46,9.83,0.03,2,1966,买盘
560,13:35:48,9.84,0.01,38,37426,买盘
561,13:36:06,9.83,-0.01,3,2949,买盘
562,13:36:19,9.83,0.0,20,19660,买盘
563,13:36:22,9.81,-0.02,1,981,卖盘
564,13:36:31,9.82,0.01,1,982,卖盘
565,13:36:34,9.82,0.0,13,12766,卖盘
566,13:36:40,9.82,0.0,7,6874,卖盘
567,13:36:46,9.82,0.0,30,29460,卖盘
568,13:36:49,9.82,0.0,17,16704,卖盘
569,13:36:51,9.83,0.01,9,8847,买盘
570,13:37:04,9.82,-0.01,1,982,卖盘
571,13:37:10,9.83,0.01,2,1966,买盘
572,13:37:13,9.83,0.0,5,4915,买盘
573,13:37:19,9.82,-0.01,3,2948,卖盘
574,13:37:46,9.83,0.01,1,983,卖盘
575,13:37:55,9.83,0.0,5,4915,买盘
576,13:37:57,9.83,0.0,5,4915,买盘
577,13:38:10,9.83,0.0,1,983,买盘
578,13:38:28,9.83,0.0,50,49150,买盘
579,13:38:40,9.82,-0.01,34,33388,卖盘
580,13:38:45,9.83,0.01,35,34405,买盘
581,13:38:48,9.82,-0.01,22,21604,卖盘
582,13:38:54,9.82,0.0,2,1964,买盘
583,13:39:16,9.82,0.0,4,3928,买盘
584,13:39:19,9.81,-0.01,101,99082,卖盘
585,13:39:25,9.81,0.0,49,48079,卖盘
586,13:39:42,9.81,0.0,4,3924,卖盘
587,13:39:46,9.82,0.01,1,982,买盘
588,13:39:55,9.81,-0.01,30,29430,卖盘
589,13:40:06,9.82,0.01,52,51064,买盘
590,13:40:13,9.81,-0.01,20,19620,卖盘
591,13:40:15,9.81,0.0,5,4905,买盘
592,13:40:22,9.81,0.0,2,1962,买盘
593,13:40:25,9.81,0.0,2,1962,买盘
594,13:40:37,9.8,-0.01,138,135336,卖盘
595,13:40:49,9.81,0.01,2,1962,卖盘
596,13:40:55,9.8,-0.01,64,62757,卖盘
597,13:41:04,9.81,0.01,1,981,卖盘
598,13:41:13,9.81,0.0,4,3924,卖盘
599,13:41:16,9.81,0.0,8,7848,中性盘
600,13:41:51,9.81,0.0,17,16677,卖盘
601,13:42:04,9.81,0.0,1,981,买盘
602,13:42:10,9.81,0.0,4,3924,买盘
603,13:42:15,9.8,-0.01,40,39200,卖盘
604,13:42:24,9.8,0.0,4,3920,卖盘
605,13:42:45,9.8,0.0,41,40180,卖盘
606,13:42:57,9.81,0.01,12,11772,买盘
607,13:43:15,9.8,-0.01,13,12740,卖盘
608,13:43:27,9.8,0.0,195,191100,卖盘
609,13:43:34,9.8,0.0,10,9800,卖盘
610,13:43:37,9.79,-0.01,35,34293,卖盘
611,13:43:40,9.79,0.0,1,979,卖盘
612,13:43:51,9.8,0.01,9,8820,买盘
613,13:43:58,9.8,0.0,4,3920,买盘
614,13:44:13,9.78,-0.02,96,93970,卖盘
615,13:44:19,9.8,0.02,30,29400,卖盘
616,13:44:22,9.76,-0.04,235,229122,卖盘
617,13:44:25,9.75,-0.01,35,34125,卖盘
618,13:44:37,9.75,0.0,2,1950,卖盘
619,13:44:43,9.75,0.0,12,11700,卖盘
620,13:44:45,9.76,0.01,2,1952,买盘
621,13:44:48,9.76,0.0,23,22448,买盘
622,13:44:52,9.76,0.0,40,39040,买盘
623,13:44:58,9.76,0.0,3,2928,买盘
624,13:45:01,9.76,0.0,47,45827,买盘
625,13:45:04,9.75,-0.01,65,63377,卖盘
626,13:45:06,9.75,0.0,2,1950,买盘
627,13:45:10,9.76,0.01,23,22447,买盘
628,13:45:13,9.75,-0.01,20,19500,买盘
629,13:45:21,9.75,0.0,5,4875,买盘
630,13:45:27,9.75,0.0,10,9750,买盘
631,13:45:33,9.75,0.0,3,2925,卖盘
632,13:45:46,9.75,0.0,24,23400,卖盘
633,13:45:55,9.76,0.01,5,4880,买盘
634,13:46:04,9.75,-0.01,11,10726,卖盘
635,13:46:10,9.75,0.0,30,29250,卖盘
636,13:46:16,9.75,0.0,14,13650,卖盘
637,13:46:22,9.75,0.0,2,1950,卖盘
638,13:46:25,9.75,0.0,14,13650,卖盘
639,13:46:28,9.76,0.01,41,40005,买盘
640,13:46:30,9.75,-0.01,7,6825,卖盘
641,13:46:33,9.75,0.0,21,20475,卖盘
642,13:46:40,9.75,0.0,9,8775,买盘
643,13:46:43,9.74,-0.01,11,10724,卖盘
644,13:46:46,9.74,0.0,4,3896,卖盘
645,13:46:52,9.74,0.0,1,974,卖盘
646,13:46:55,9.74,0.0,4,3896,卖盘
647,13:47:01,9.74,0.0,3,2922,买盘
648,13:47:04,9.73,-0.01,2,1946,卖盘
649,13:47:07,9.73,0.0,3,2919,卖盘
650,13:47:13,9.73,0.0,18,17530,卖盘
651,13:47:22,9.74,0.01,2,1948,买盘
652,13:47:37,9.74,0.0,2,1948,买盘
653,13:47:43,9.74,0.0,2,1948,买盘
654,13:47:46,9.74,0.0,7,6818,买盘
655,13:47:52,9.74,0.0,14,13633,买盘
656,13:47:58,9.74,0.0,20,19480,买盘
657,13:48:01,9.74,0.0,29,28246,买盘
658,13:48:06,9.74,0.0,1,974,买盘
659,13:48:09,9.74,0.0,18,17532,卖盘
660,13:48:13,9.74,0.0,21,20454,卖盘
661,13:48:16,9.74,0.0,7,6818,买盘
662,13:48:19,9.73,-0.01,26,25301,卖盘
663,13:48:22,9.74,0.01,1,974,买盘
664,13:48:25,9.74,0.0,25,24350,卖盘
665,13:48:28,9.74,0.0,6,5844,卖盘
666,13:48:31,9.73,-0.01,10,9730,卖盘
667,13:48:34,9.74,0.01,10,9740,买盘
668,13:48:37,9.73,-0.01,29,28217,卖盘
669,13:48:49,9.74,0.01,19,18501,买盘
670,13:48:52,9.73,-0.01,11,10709,卖盘
671,13:49:01,9.74,0.01,12,11679,买盘
672,13:49:04,9.73,-0.01,16,15568,卖盘
673,13:49:16,9.75,0.02,24,23358,买盘
674,13:49:22,9.73,-0.02,81,78853,卖盘
675,13:49:25,9.73,0.0,88,85624,卖盘
676,13:49:27,9.73,0.0,15,14595,卖盘
677,13:49:37,9.73,0.0,70,68110,买盘
678,13:49:42,9.73,0.0,12,11676,买盘
679,13:49:45,9.73,0.0,108,105094,卖盘
680,13:50:04,9.73,0.0,1,973,卖盘
681,13:50:07,9.73,0.0,32,31136,卖盘
682,13:50:10,9.74,0.01,7,6818,买盘
683,13:50:13,9.74,0.0,10,9740,买盘
684,13:50:28,9.74,0.0,20,19480,买盘
685,13:50:31,9.74,0.0,5,4870,买盘
686,13:50:33,9.74,0.0,1,974,卖盘
687,13:50:55,9.75,0.01,26,25350,买盘
688,13:51:06,9.75,0.0,87,84825,卖盘
689,13:51:09,9.75,0.0,28,27300,卖盘
690,13:51:12,9.75,0.0,22,21450,卖盘
691,13:51:16,9.75,0.0,1,975,卖盘
692,13:51:19,9.74,-0.01,13,12669,卖盘
693,13:51:22,9.74,0.0,2,1948,卖盘
694,13:51:25,9.74,0.0,23,22421,卖盘
695,13:51:27,9.74,0.0,18,17542,卖盘
696,13:51:30,9.74,0.0,2,1948,卖盘
697,13:51:37,9.74,0.0,1,974,卖盘
698,13:51:46,9.74,0.0,23,22412,卖盘
699,13:51:49,9.75,0.01,20,19500,买盘
700,13:52:04,9.74,-0.01,27,26302,卖盘
701,13:52:10,9.74,0.0,5,4870,买盘
702,13:52:22,9.74,0.0,2,1948,买盘
703,13:52:46,9.74,0.0,44,42856,买盘
704,13:52:55,9.75,0.01,3,2925,买盘
705,13:53:10,9.75,0.0,20,19500,买盘
706,13:53:16,9.76,0.01,181,176641,买盘
707,13:53:22,9.76,0.0,12,12444,买盘
708,13:53:30,9.74,-0.02,100,97450,卖盘
709,13:53:33,9.8,0.06,10,9800,买盘
710,13:54:13,9.8,0.0,10,9800,买盘
711,13:54:18,9.8,0.0,5,4900,买盘
712,13:54:31,9.8,0.0,63,61725,买盘
713,13:54:51,9.77,-0.03,162,158274,卖盘
714,13:54:54,9.77,0.0,126,123102,卖盘
715,13:55:01,9.8,0.03,62,60630,买盘
716,13:55:04,9.77,-0.03,7,6842,卖盘
717,13:55:07,9.77,0.0,12,11724,卖盘
718,13:55:10,9.77,0.0,34,33218,卖盘
719,13:55:13,9.77,0.0,14,13678,卖盘
720,13:55:16,9.77,0.0,146,142642,卖盘
721,13:55:19,9.77,0.0,32,31264,卖盘
722,13:55:21,9.79,0.02,17,16621,买盘
723,13:55:24,9.77,-0.02,2,1954,卖盘
724,13:55:36,9.77,0.0,18,17586,卖盘
725,13:55:43,9.77,0.0,8,7816,卖盘
726,13:55:45,9.76,-0.01,8,7808,卖盘
727,13:55:48,9.77,0.01,1,977,买盘
728,13:55:52,9.77,0.0,2,1954,买盘
729,13:56:01,9.76,-0.01,2,1952,卖盘
730,13:56:10,9.78,0.02,9,8794,买盘
731,13:56:15,9.75,-0.03,4,3900,卖盘
732,13:56:24,9.75,0.0,36,35100,买盘
733,13:56:40,9.76,0.01,10,9760,卖盘
734,13:57:07,9.77,0.01,10,9770,买盘
735,13:57:22,9.76,-0.01,1,976,卖盘
736,13:57:25,9.75,-0.01,10,9759,卖盘
737,13:57:27,9.75,0.0,140,136500,卖盘
738,13:57:31,9.75,0.0,1,975,买盘
739,13:58:10,9.75,0.0,1,975,买盘
740,13:58:12,9.75,0.0,10,9750,买盘
741,13:58:15,9.75,0.0,9,8775,买盘
742,13:58:31,9.75,0.0,23,22425,卖盘
743,13:58:34,9.75,0.0,14,13650,卖盘
744,13:58:46,9.75,0.0,2,1950,买盘
745,13:58:57,9.75,0.0,5,4875,买盘
746,13:59:09,9.75,0.0,64,62350,买盘
747,13:59:15,9.75,0.0,7,6825,买盘
748,13:59:21,9.75,0.0,10,9750,买盘
749,13:59:25,9.75,0.0,2,1950,买盘
750,13:59:28,9.74,-0.01,29,28246,卖盘
751,13:59:31,9.75,0.01,103,100425,买盘
752,13:59:34,9.72,-0.03,500,486264,卖盘
753,13:59:37,9.72,0.0,26,25274,卖盘
754,14:00:10,9.73,0.01,31,30163,卖盘
755,14:00:25,9.75,0.02,2,1950,买盘
756,14:01:15,9.74,-0.01,1,974,卖盘
757,14:01:28,9.74,0.0,4,3896,卖盘
758,14:01:52,9.74,0.0,66,64284,买盘
759,14:02:28,9.75,0.01,26,25350,买盘
760,14:02:54,9.76,0.01,76,74176,买盘
761,14:02:58,9.74,-0.02,10,9740,卖盘
762,14:03:04,9.76,0.02,18,17568,买盘
763,14:03:34,9.76,0.0,10,9760,买盘
764,14:03:37,9.76,0.0,50,48800,买盘
765,14:03:42,9.76,0.0,47,45872,买盘
766,14:03:58,9.77,0.01,3,2931,买盘
767,14:04:48,9.79,0.02,2,1958,买盘
768,14:05:19,9.79,0.0,17,16643,买盘
769,14:05:51,9.77,-0.02,2,1954,卖盘
770,14:05:55,9.79,0.02,1,979,买盘
771,14:05:58,9.77,-0.02,7,6839,卖盘
772,14:06:01,9.77,0.0,22,21494,卖盘
773,14:06:04,9.77,0.0,3,2931,卖盘
774,14:06:21,9.77,0.0,10,9770,买盘
775,14:06:31,9.76,-0.01,33,32208,卖盘
776,14:06:34,9.76,0.0,24,23424,卖盘
777,14:06:37,9.76,0.0,12,11712,卖盘
778,14:06:40,9.76,0.0,40,39040,卖盘
779,14:06:43,9.76,0.0,1,976,卖盘
780,14:06:46,9.76,0.0,50,48800,卖盘
781,14:06:52,9.76,0.0,7,6832,买盘
782,14:07:01,9.75,-0.01,5,4875,卖盘
783,14:07:13,9.76,0.01,42,40992,买盘
784,14:07:19,9.76,0.0,47,45872,卖盘
785,14:07:22,9.75,-0.01,5,4875,卖盘
786,14:07:37,9.75,0.0,70,68250,卖盘
787,14:07:42,9.75,0.0,3,2925,卖盘
788,14:07:49,9.75,0.0,20,19500,卖盘
789,14:08:01,9.75,0.0,55,53625,卖盘
790,14:08:04,9.75,0.0,12,11700,卖盘
791,14:08:07,9.75,0.0,9,8775,卖盘
792,14:08:28,9.73,-0.02,78,75904,卖盘
793,14:08:58,9.73,0.0,23,22379,卖盘
794,14:09:01,9.73,0.0,8,7784,卖盘
795,14:09:13,9.74,0.01,20,19480,卖盘
796,14:09:31,9.76,0.02,1,976,买盘
797,14:11:00,9.74,-0.02,1,974,卖盘
798,14:12:22,9.75,0.01,69,67275,买盘
799,14:12:31,9.75,0.0,2,1950,买盘
800,14:12:48,9.76,0.01,6,5856,买盘
801,14:12:58,9.74,-0.02,50,48736,卖盘
802,14:13:22,9.75,0.01,5,4875,卖盘
803,14:13:33,9.74,-0.01,9,8766,卖盘
804,14:13:46,9.74,0.0,4,3896,卖盘
805,14:14:16,9.74,0.0,2,1948,卖盘
806,14:14:22,9.74,0.0,1,974,卖盘
807,14:14:25,9.74,0.0,2,1948,卖盘
808,14:14:37,9.73,-0.01,20,19460,卖盘
809,14:14:40,9.73,0.0,3,2919,卖盘
810,14:14:43,9.74,0.01,7,6818,买盘
811,14:15:10,9.72,-0.02,80,77761,卖盘
812,14:15:19,9.74,0.02,132,128508,买盘
813,14:15:22,9.72,-0.02,50,48600,卖盘
814,14:15:25,9.72,0.0,13,12636,卖盘
815,14:15:34,9.72,0.0,5,4860,卖盘
816,14:15:43,9.71,-0.01,218,211762,卖盘
817,14:15:49,9.7,-0.01,6,5820,卖盘
818,14:15:58,9.7,0.0,2,1940,卖盘
819,14:16:01,9.7,0.0,78,75660,卖盘
820,14:16:04,9.71,0.01,14,13585,买盘
821,14:16:13,9.7,-0.01,3,2911,卖盘
822,14:16:15,9.7,0.0,224,217280,卖盘
823,14:16:19,9.69,-0.01,9,8721,卖盘
824,14:16:22,9.69,0.0,57,55204,卖盘
825,14:16:28,9.68,-0.01,2,1936,卖盘
826,14:16:37,9.68,0.0,26,25168,卖盘
827,14:16:40,9.67,-0.01,2,1934,卖盘
828,14:16:43,9.68,0.01,6,5808,中性盘
829,14:16:46,9.68,0.0,1,968,买盘
830,14:16:49,9.68,0.0,15,14520,买盘
831,14:16:52,9.68,0.0,34,32899,买盘
832,14:16:58,9.68,0.0,5,4840,卖盘
833,14:17:01,9.68,0.0,14,13552,卖盘
834,14:17:07,9.68,0.0,8,7744,中性盘
835,14:17:10,9.68,0.0,2,1936,买盘
836,14:17:19,9.68,0.0,3,2904,卖盘
837,14:17:22,9.68,0.0,30,29040,买盘
838,14:17:25,9.69,0.01,1,969,买盘
839,14:17:37,9.69,0.0,16,15504,买盘
840,14:17:43,9.69,0.0,9,8721,买盘
841,14:17:55,9.69,0.0,43,41634,买盘
842,14:18:04,9.69,0.0,29,28101,卖盘
843,14:18:12,9.69,0.0,2,1938,买盘
844,14:18:16,9.69,0.0,24,23256,买盘
845,14:18:28,9.7,0.01,2,1940,买盘
846,14:18:34,9.7,0.0,48,46560,买盘
847,14:18:43,9.71,0.01,58,56318,买盘
848,14:18:52,9.71,0.0,228,221388,买盘
849,14:19:04,9.74,0.03,2,1948,买盘
850,14:19:55,9.73,-0.01,12,11676,卖盘
851,14:20:07,9.71,-0.02,53,51475,卖盘
852,14:20:34,9.71,0.0,20,19420,卖盘
853,14:21:10,9.71,0.0,47,45637,卖盘
854,14:21:19,9.71,0.0,10,9710,卖盘
855,14:21:25,9.7,-0.01,20,19416,卖盘
856,14:22:19,9.71,0.01,1,971,卖盘
857,14:22:22,9.72,0.01,1,972,买盘
858,14:23:18,9.72,0.0,2,1944,买盘
859,14:23:21,9.7,-0.02,50,48538,卖盘
860,14:23:58,9.73,0.03,3,2919,买盘
861,14:24:22,9.73,0.0,5,4865,买盘
862,14:24:24,9.72,-0.01,2,1944,卖盘
863,14:24:43,9.72,0.0,15,14580,买盘
864,14:25:07,9.72,0.0,37,35964,买盘
865,14:25:25,9.73,0.01,10,9730,买盘
866,14:25:28,9.73,0.0,60,58330,买盘
867,14:25:39,9.73,0.0,88,85624,买盘
868,14:25:42,9.73,0.0,1,973,卖盘
869,14:26:07,9.74,0.01,12,11688,买盘
870,14:26:25,9.74,0.0,4,3896,买盘
871,14:26:37,9.74,0.0,15,14610,买盘
872,14:26:43,9.74,0.0,5,4870,卖盘
873,14:26:58,9.74,0.0,5,4870,卖盘
874,14:27:13,9.75,0.01,2,1950,买盘
875,14:27:19,9.74,-0.01,5,4870,卖盘
876,14:27:21,9.74,0.0,15,14610,卖盘
877,14:27:25,9.74,0.0,78,75972,买盘
878,14:27:31,9.74,0.0,1,974,卖盘
879,14:28:25,9.75,0.01,1,975,买盘
880,14:28:31,9.75,0.0,56,54600,买盘
881,14:28:34,9.74,-0.01,20,19480,卖盘
882,14:28:43,9.75,0.01,7,6825,买盘
883,14:28:52,9.75,0.0,3,2925,卖盘
884,14:29:28,9.74,-0.01,10,9749,卖盘
885,14:29:58,9.74,0.0,11,10714,中性盘
886,14:30:04,9.75,0.01,15,14625,买盘
887,14:30:15,9.75,0.0,50,48750,买盘
888,14:30:21,9.74,-0.01,9,8766,卖盘
889,14:30:25,9.72,-0.02,65,63231,卖盘
890,14:30:28,9.74,0.02,1,974,买盘
891,14:32:18,9.71,-0.03,12,11655,卖盘
892,14:32:31,9.71,0.0,1,971,卖盘
893,14:33:36,9.71,0.0,50,48550,卖盘
894,14:33:52,9.73,0.02,16,15568,买盘
895,14:34:04,9.71,-0.02,25,24275,卖盘
896,14:35:13,9.73,0.02,12,11676,买盘
897,14:35:25,9.73,0.0,4,3892,卖盘
898,14:35:37,9.73,0.0,1,973,卖盘
899,14:35:40,9.73,0.0,3,2919,卖盘
900,14:35:49,9.73,0.0,1,973,买盘
901,14:35:55,9.72,-0.01,5,4860,卖盘
902,14:36:00,9.72,0.0,5,4860,卖盘
903,14:36:04,9.72,0.0,9,8748,卖盘
904,14:36:07,9.72,0.0,1,972,卖盘
905,14:36:09,9.72,0.0,13,12636,买盘
906,14:36:13,9.72,0.0,27,26244,卖盘
907,14:36:16,9.72,0.0,15,14580,卖盘
908,14:36:19,9.72,0.0,2,1944,卖盘
909,14:37:00,9.72,0.0,2,1944,卖盘
910,14:37:04,9.72,0.0,1,972,卖盘
911,14:37:16,9.73,0.01,42,40844,买盘
912,14:37:43,9.73,0.0,1,973,买盘
913,14:37:52,9.73,0.0,2,1946,卖盘
914,14:38:06,9.74,0.01,43,41882,买盘
915,14:38:25,9.74,0.0,32,31168,卖盘
916,14:38:31,9.73,-0.01,10,9730,卖盘
917,14:38:37,9.73,0.0,2,1946,卖盘
918,14:38:40,9.73,0.0,1,973,卖盘
919,14:39:01,9.72,-0.01,3,2916,卖盘
920,14:39:04,9.72,0.0,10,9720,买盘
921,14:39:19,9.72,0.0,1,972,买盘
922,14:39:34,9.71,-0.01,23,22333,卖盘
923,14:39:37,9.71,0.0,82,79622,买盘
924,14:39:40,9.71,0.0,55,53405,卖盘
925,14:39:43,9.71,0.0,42,40782,卖盘
926,14:40:07,9.7,-0.01,51,49471,卖盘
927,14:40:28,9.71,0.01,9,8739,买盘
928,14:40:37,9.7,-0.01,32,31040,卖盘
929,14:40:49,9.71,0.01,31,30078,买盘
930,14:40:52,9.69,-0.02,9,8721,卖盘
931,14:41:16,9.71,0.02,2,1942,买盘
932,14:41:28,9.7,-0.01,5,4850,卖盘
933,14:41:46,9.7,0.0,1,970,卖盘
934,14:42:01,9.7,0.0,5,4850,卖盘
935,14:42:28,9.7,0.0,59,57230,卖盘
936,14:42:34,9.7,0.0,1,970,买盘
937,14:42:49,9.7,0.0,6,5820,买盘
938,14:43:10,9.7,0.0,5,4850,买盘
939,14:43:16,9.7,0.0,2,1940,买盘
940,14:43:25,9.69,-0.01,7,6783,卖盘
941,14:43:37,9.69,0.0,29,28101,卖盘
942,14:43:46,9.7,0.01,13,12600,买盘
943,14:43:49,9.69,-0.01,30,29090,卖盘
944,14:43:52,9.7,0.01,17,16490,买盘
945,14:44:04,9.7,0.0,80,77600,卖盘
946,14:44:22,9.69,-0.01,10,9690,卖盘
947,14:44:55,9.7,0.01,4,3880,买盘
948,14:45:07,9.7,0.0,16,15520,买盘
949,14:45:10,9.7,0.0,4,3880,买盘
950,14:45:13,9.7,0.0,10,9700,卖盘
951,14:45:22,9.7,0.0,12,11640,买盘
952,14:45:34,9.7,0.0,2,1940,卖盘
953,14:45:49,9.69,-0.01,60,58154,卖盘
954,14:45:55,9.7,0.01,10,9700,买盘
955,14:45:58,9.7,0.0,50,48500,买盘
956,14:46:01,9.7,0.0,5,4850,买盘
957,14:46:04,9.7,0.0,14,13580,买盘
958,14:46:16,9.72,0.02,50,48581,买盘
959,14:46:49,9.71,-0.01,10,9710,卖盘
960,14:46:52,9.71,0.0,8,7768,卖盘
961,14:46:58,9.72,0.01,4,3888,买盘
962,14:47:07,9.71,-0.01,20,19420,卖盘
963,14:47:13,9.7,-0.01,84,81480,卖盘
964,14:47:16,9.7,0.0,3,2910,卖盘
965,14:47:43,9.69,-0.01,25,24227,卖盘
966,14:48:01,9.7,0.01,5,4850,卖盘
967,14:48:16,9.7,0.0,1,970,买盘
968,14:48:31,9.7,0.0,50,48500,买盘
969,14:48:40,9.7,0.0,15,14550,买盘
970,14:48:49,9.7,0.0,28,27160,买盘
971,14:49:19,9.69,-0.01,42,40698,卖盘
972,14:49:25,9.7,0.01,21,20370,买盘
973,14:49:43,9.7,0.0,3,2910,卖盘
974,14:49:49,9.7,0.0,5,4850,卖盘
975,14:49:52,9.72,0.02,35,33990,买盘
976,14:50:04,9.7,-0.02,40,38800,卖盘
977,14:50:10,9.69,-0.01,35,33915,卖盘
978,14:50:19,9.7,0.01,5,4850,买盘
979,14:50:22,9.69,-0.01,99,95931,卖盘
980,14:50:25,9.69,0.0,58,56202,买盘
981,14:50:28,9.69,0.0,23,22287,卖盘
982,14:50:55,9.7,0.01,5,4850,买盘
983,14:51:01,9.7,0.0,11,10670,买盘
984,14:51:07,9.7,0.0,4,3880,卖盘
985,14:51:13,9.71,0.01,1,971,中性盘
986,14:51:22,9.72,0.01,1,972,买盘
987,14:51:31,9.72,0.0,1,972,买盘
988,14:51:37,9.72,0.0,2,1944,买盘
989,14:52:10,9.69,-0.03,260,252000,卖盘
990,14:52:16,9.71,0.02,1,971,买盘
991,14:52:28,9.69,-0.02,2,1938,卖盘
992,14:52:34,9.71,0.02,5,4855,买盘
993,14:52:40,9.71,0.0,21,20391,卖盘
994,14:52:49,9.69,-0.02,13,12597,卖盘
995,14:52:52,9.69,0.0,3,2907,卖盘
996,14:53:07,9.69,0.0,2,1938,卖盘
997,14:53:16,9.69,0.0,3,2907,卖盘
998,14:53:19,9.69,0.0,14,13566,卖盘
999,14:53:22,9.69,0.0,9,8721,买盘
1000,14:53:25,9.69,0.0,1,969,买盘
1001,14:53:28,9.68,-0.01,50,48400,卖盘
1002,14:53:34,9.69,0.01,23,22287,买盘
1003,14:53:37,9.68,-0.01,10,9680,卖盘
1004,14:53:40,9.68,0.0,30,29040,卖盘
1005,14:53:43,9.68,0.0,1,968,卖盘
1006,14:53:58,9.69,0.01,88,85272,买盘
1007,14:54:16,9.68,-0.01,18,17424,卖盘
1008,14:54:19,9.69,0.01,2,1938,买盘
1009,14:54:22,9.69,0.0,15,14535,买盘
1010,14:54:31,9.68,-0.01,25,24200,卖盘
1011,14:54:34,9.69,0.01,25,24225,买盘
1012,14:54:43,9.68,-0.01,6,5808,卖盘
1013,14:54:46,9.68,0.0,38,36784,卖盘
1014,14:54:58,9.67,-0.01,9,8703,卖盘
1015,14:55:01,9.68,0.01,19,18392,买盘
1016,14:55:04,9.67,-0.01,2,1934,卖盘
1017,14:55:07,9.67,0.0,23,22241,卖盘
1018,14:55:19,9.66,-0.01,60,58014,卖盘
1019,14:55:22,9.66,0.0,1,966,卖盘
1020,14:55:28,9.67,0.01,1,967,买盘
1021,14:55:34,9.67,0.0,7,6769,卖盘
1022,14:55:40,9.66,-0.01,20,19320,卖盘
1023,14:55:46,9.65,-0.01,72,69531,卖盘
1024,14:55:49,9.66,0.01,91,87904,买盘
1025,14:55:52,9.65,-0.01,8,7720,卖盘
1026,14:56:04,9.66,0.01,34,32844,买盘
1027,14:56:10,9.66,0.0,5,4830,买盘
1028,14:56:13,9.65,-0.01,15,14475,卖盘
1029,14:56:16,9.66,0.01,3,2898,买盘
1030,14:56:25,9.67,0.01,1,967,买盘
1031,14:56:34,9.67,0.0,152,146984,买盘
1032,14:56:37,9.67,0.0,52,50284,卖盘
1033,14:56:40,9.68,0.01,2,1936,买盘
1034,14:56:43,9.67,-0.01,1,967,卖盘
1035,14:56:49,9.67,0.0,57,55119,卖盘
1036,14:56:58,9.66,-0.01,70,67620,卖盘
1037,14:57:00,9.67,0.01,4,3868,买盘
1038,14:57:03,9.67,0.0,5,4835,买盘
1039,15:00:04,9.66,-0.01,380,367080,卖盘
