,time,price,change,volume,amount,type
0,09:25:04,9.56,0.49,8616,8236896,买盘
1,09:30:00,9.57,0.01,154,147260,买盘
2,09:30:04,9.6,0.03,9020,8650498,买盘
3,09:30:07,9.6,0.0,1915,1840102,卖盘
4,09:30:10,9.59,-0.01,898,861845,卖盘
5,09:30:13,9.63,0.04,1598,1535643,买盘
6,09:30:16,9.65,0.02,1307,1254635,买盘
7,09:30:19,9.62,-0.03,670,643154,中性盘
8,09:30:21,9.6,-0.02,285,273302,中性盘
9,09:30:25,9.61,0.01,645,620729,中性盘
10,09:30:28,9.6,-0.01,527,506520,卖盘
11,09:30:31,9.62,0.02,803,771758,买盘
12,09:30:33,9.61,-0.01,389,373453,卖盘
13,09:30:37,9.61,0.0,353,338642,买盘
14,09:30:40,9.59,-0.02,608,583072,买盘
15,09:30:43,9.59,0.0,811,777539,买盘
16,09:30:46,9.57,-0.02,664,636364,卖盘
17,09:30:49,9.57,0.0,1066,1020684,卖盘
18,09:30:52,9.56,-0.01,490,469099,卖盘
19,09:30:55,9.58,0.02,237,226860,买盘
20,09:30:58,9.56,-0.02,791,757470,卖盘
21,09:31:01,9.57,0.01,568,543122,买盘
22,09:31:04,9.56,-0.01,298,284984,卖盘
23,09:31:07,9.55,-0.01,3313,3167240,卖盘
24,09:31:10,9.56,0.01,262,250416,买盘
25,09:31:13,9.52,-0.04,777,741726,卖盘
26,09:31:16,9.53,0.01,67,63805,买盘
27,09:31:18,9.52,-0.01,74,70487,卖盘
28,09:31:22,9.51,-0.01,255,242726,卖盘
29,09:31:25,9.51,0.0,507,482190,卖盘
30,09:31:28,9.52,0.01,545,518282,买盘
31,09:31:31,9.51,-0.01,261,248077,中性盘
32,09:31:34,9.51,0.0,544,517218,买盘
33,09:31:37,9.5,-0.01,820,779100,卖盘
34,09:31:40,9.52,0.02,2125,2020410,买盘
35,09:31:43,9.5,-0.02,763,724929,卖盘
36,09:31:46,9.5,0.0,28,26600,买盘
37,09:31:49,9.5,0.0,139,132045,买盘
38,09:31:52,9.48,-0.02,1573,1494502,卖盘
39,09:31:55,9.48,0.0,134,127065,卖盘
40,09:31:58,9.5,0.02,1084,1028779,买盘
41,09:32:01,9.48,-0.02,265,251558,卖盘
42,09:32:04,9.5,0.02,214,202867,买盘
43,09:32:06,9.48,-0.02,138,130857,买盘
44,09:32:10,9.48,0.0,211,200028,卖盘
45,09:32:13,9.5,0.02,1379,1308381,买盘
46,09:32:16,9.49,-0.01,185,175684,卖盘
47,09:32:18,9.5,0.01,172,163286,买盘
48,09:32:22,9.49,-0.01,20,18970,中性盘
49,09:32:25,9.5,0.01,156,148143,买盘
50,09:32:28,9.5,0.0,480,455850,买盘
51,09:32:31,9.48,-0.02,751,711995,卖盘
52,09:32:34,9.48,0.0,56,53088,买盘
53,09:32:36,9.47,-0.01,777,735879,卖盘
54,09:32:40,9.48,0.01,216,204539,买盘
55,09:32:43,9.47,-0.01,460,435904,买盘
56,09:32:46,9.47,0.0,260,246220,卖盘
57,09:32:49,9.48,0.01,437,413765,买盘
58,09:32:52,9.47,-0.01,292,276524,卖盘
59,09:32:55,9.47,0.0,644,610193,卖盘
60,09:32:57,9.47,0.0,97,91859,卖盘
61,09:33:01,9.47,0.0,443,419437,卖盘
62,09:33:04,9.47,0.0,201,190347,买盘
63,09:33:07,9.47,0.0,468,443168,买盘
64,09:33:10,9.47,0.0,245,231958,买盘
65,09:33:13,9.46,-0.01,533,504382,卖盘
66,09:33:16,9.47,0.01,322,304638,买盘
67,09:33:19,9.47,0.0,385,364250,买盘
68,09:33:22,9.47,0.0,234,221429,买盘
69,09:33:25,9.46,-0.01,185,175030,买盘
70,09:33:28,9.47,0.01,219,207267,买盘
71,09:33:31,9.46,-0.01,345,326262,卖盘
72,09:33:34,9.46,0.0,16,15136,买盘
73,09:33:37,9.46,0.0,720,681224,买盘
74,09:33:40,9.45,-0.01,474,448399,卖盘
75,09:33:43,9.46,0.01,391,369580,买盘
76,09:33:46,9.46,0.0,349,330132,卖盘
77,09:33:48,9.46,0.0,211,199470,买盘
78,09:33:52,9.45,-0.01,314,296961,卖盘
79,09:33:55,9.46,0.01,110,104024,买盘
80,09:33:58,9.46,0.0,785,742152,买盘
81,09:34:01,9.44,-0.02,147,138948,卖盘
82,09:34:04,9.44,0.0,19,17954,卖盘
83,09:34:07,9.45,0.01,435,411075,买盘
84,09:34:10,9.44,-0.01,419,395586,卖盘
85,09:34:13,9.44,0.0,266,251104,卖盘
86,09:34:16,9.44,0.0,477,449849,卖盘
87,09:34:18,9.43,-0.01,363,342395,卖盘
88,09:34:22,9.43,0.0,99,93398,卖盘
89,09:34:25,9.43,0.0,341,321573,卖盘
90,09:34:28,9.43,0.0,427,402682,卖盘
91,09:34:31,9.43,0.0,65,61283,买盘
92,09:34:34,9.42,-0.01,239,225157,卖盘
93,09:34:37,9.42,0.0,290,273180,卖盘
94,09:34:40,9.42,0.0,271,255263,卖盘
95,09:34:42,9.42,0.0,85,80018,卖盘
96,09:34:46,9.42,0.0,12,11304,买盘
97,09:34:49,9.41,-0.01,341,321093,卖盘
98,09:34:52,9.42,0.01,201,189186,买盘
99,09:34:54,9.41,-0.01,364,342524,卖盘
100,09:34:58,9.41,0.0,389,366104,卖盘
101,09:35:01,9.41,0.0,514,483892,买盘
102,09:35:04,9.4,-0.01,693,652392,卖盘
103,09:35:07,9.41,0.01,551,518055,买盘
104,09:35:10,9.42,0.01,34,31999,买盘
105,09:35:13,9.41,-0.01,24,22594,卖盘
106,09:35:16,9.42,0.01,89,83796,买盘
107,09:35:19,9.41,-0.01,134,126125,卖盘
108,09:35:21,9.41,0.0,108,101683,卖盘
109,09:35:25,9.42,0.01,129,121470,买盘
110,09:35:28,9.41,-0.01,374,352105,卖盘
111,09:35:31,9.41,0.0,410,385935,卖盘
112,09:35:34,9.41,0.0,86,80971,卖盘
113,09:35:37,9.42,0.01,964,908088,买盘
114,09:35:40,9.42,0.0,15,14130,卖盘
115,09:35:43,9.42,0.0,142,133774,卖盘
116,09:35:46,9.42,0.0,109,102775,卖盘
117,09:35:49,9.43,0.01,82,77280,买盘
118,09:35:52,9.43,0.0,53,49935,买盘
119,09:35:55,9.43,0.0,614,578857,买盘
120,09:35:58,9.43,0.0,240,226299,买盘
121,09:36:01,9.43,0.0,323,304814,买盘
122,09:36:04,9.43,0.0,58,54697,卖盘
123,09:36:06,9.44,0.01,271,255824,买盘
124,09:36:09,9.44,0.0,356,336067,卖盘
125,09:36:13,9.44,0.0,13,12272,卖盘
126,09:36:16,9.45,0.01,28,26451,买盘
127,09:36:19,9.44,-0.01,244,230472,卖盘
128,09:36:22,9.45,0.01,63,59532,买盘
129,09:36:25,9.45,0.0,102,96390,买盘
130,09:36:27,9.45,0.0,111,104870,买盘
131,09:36:31,9.45,0.0,227,214371,买盘
132,09:36:34,9.45,0.0,327,308906,买盘
133,09:36:37,9.45,0.0,356,336380,买盘
134,09:36:40,9.45,0.0,702,663390,买盘
135,09:36:43,9.44,-0.01,102,96346,卖盘
136,09:36:46,9.45,0.01,419,395951,买盘
137,09:36:49,9.45,0.0,948,895860,买盘
138,09:36:52,9.45,0.0,32,30240,卖盘
139,09:36:55,9.46,0.01,160,151320,买盘
140,09:36:58,9.46,0.0,146,138016,买盘
141,09:37:00,9.45,-0.01,558,527969,卖盘
142,09:37:04,9.46,0.01,169,159812,买盘
143,09:37:07,9.46,0.0,164,155045,买盘
144,09:37:10,9.46,0.0,29,27434,卖盘
145,09:37:13,9.46,0.0,112,105982,卖盘
146,09:37:16,9.47,0.01,1376,1302323,买盘
147,09:37:18,9.46,-0.01,652,616933,卖盘
148,09:37:22,9.46,0.0,121,114466,买盘
149,09:37:25,9.45,-0.01,244,230873,卖盘
150,09:37:28,9.46,0.01,90,85100,买盘
151,09:37:30,9.45,-0.01,107,101120,卖盘
152,09:37:34,9.45,0.0,284,268479,卖盘
153,09:37:37,9.45,0.0,175,165463,卖盘
154,09:37:40,9.45,0.0,116,109620,卖盘
155,09:37:43,9.45,0.0,1423,1346235,卖盘
156,09:37:46,9.45,0.0,25,23115,卖盘
157,09:37:49,9.46,0.01,238,224934,买盘
158,09:37:52,9.45,-0.01,43,40625,买盘
159,09:37:55,9.44,-0.01,150,141620,卖盘
160,09:37:58,9.45,0.01,46,43445,买盘
161,09:38:00,9.44,-0.01,262,247352,卖盘
162,09:38:04,9.44,0.0,292,275692,卖盘
163,09:38:06,9.44,0.0,612,577753,卖盘
164,09:38:10,9.44,0.0,510,480940,买盘
165,09:38:13,9.43,-0.01,60,56630,卖盘
166,09:38:16,9.43,0.0,56,52810,卖盘
167,09:38:19,9.43,0.0,209,197137,卖盘
168,09:38:25,9.42,-0.01,227,214004,卖盘
169,09:38:28,9.42,0.0,278,261876,卖盘
170,09:38:31,9.42,0.0,102,96074,买盘
171,09:38:34,9.41,-0.01,148,139296,卖盘
172,09:38:37,9.42,0.01,353,332526,买盘
173,09:38:40,9.42,0.0,36,33915,卖盘
174,09:38:43,9.42,0.0,106,99852,卖盘
175,09:38:45,9.42,0.0,59,55578,卖盘
176,09:38:48,9.42,0.0,120,113035,买盘
177,09:38:52,9.42,0.0,88,82894,买盘
178,09:38:55,9.42,0.0,110,103625,买盘
179,09:38:58,9.42,0.0,186,175212,卖盘
180,09:39:01,9.42,0.0,1160,1093282,卖盘
181,09:39:04,9.43,0.01,83,78249,买盘
182,09:39:07,9.43,0.0,794,748732,买盘
183,09:39:09,9.43,0.0,13,12259,卖盘
184,09:39:13,9.43,0.0,150,141554,卖盘
185,09:39:16,9.44,0.01,39,36798,买盘
186,09:39:19,9.44,0.0,182,171863,买盘
187,09:39:22,9.44,0.0,15,14160,卖盘
188,09:39:25,9.44,0.0,15,14160,卖盘
189,09:39:28,9.45,0.01,236,222921,买盘
190,09:39:31,9.45,0.0,117,110565,买盘
191,09:39:34,9.45,0.0,207,195578,买盘
192,09:39:37,9.45,0.0,45,42515,买盘
193,09:39:40,9.45,0.0,11,10395,买盘
194,09:39:42,9.45,0.0,314,296453,买盘
195,09:39:46,9.44,-0.01,224,211610,卖盘
196,09:39:49,9.44,0.0,33,31178,卖盘
197,09:39:52,9.45,0.01,364,343751,买盘
198,09:39:55,9.45,0.0,1106,1045340,买盘
199,09:39:58,9.45,0.0,160,151200,卖盘
200,09:40:01,9.46,0.01,83,78456,买盘
201,09:40:04,9.46,0.0,112,105952,买盘
202,09:40:07,9.46,0.0,142,134302,买盘
203,09:40:10,9.46,0.0,38,35942,买盘
204,09:40:13,9.46,0.0,327,309340,买盘
205,09:40:16,9.47,0.01,68,64341,买盘
206,09:40:19,9.46,-0.01,150,141916,卖盘
207,09:40:22,9.46,0.0,97,91844,卖盘
208,09:40:24,9.47,0.01,233,220436,买盘
209,09:40:28,9.47,0.0,26,24617,买盘
210,09:40:31,9.47,0.0,220,208140,买盘
211,09:40:34,9.46,-0.01,59,55845,卖盘
212,09:40:37,9.47,0.01,115,108905,买盘
213,09:40:40,9.47,0.0,273,258367,买盘
214,09:40:43,9.47,0.0,46,43584,买盘
215,09:40:46,9.47,0.0,1625,1541434,卖盘
216,09:40:49,9.47,0.0,33,31254,卖盘
217,09:40:52,9.48,0.01,65,61605,买盘
218,09:40:55,9.48,0.0,192,181995,买盘
219,09:40:58,9.48,0.0,251,237760,买盘
220,09:41:01,9.48,0.0,140,132720,买盘
221,09:41:04,9.47,-0.01,59,55927,卖盘
222,09:41:06,9.48,0.01,66,62529,买盘
223,09:41:10,9.46,-0.02,78,73811,卖盘
224,09:41:13,9.47,0.01,125,118375,买盘
225,09:41:16,9.47,0.0,71,67191,买盘
226,09:41:19,9.47,0.0,62,58703,买盘
227,09:41:22,9.46,-0.01,373,352936,卖盘
228,09:41:25,9.46,0.0,86,81382,卖盘
229,09:41:28,9.46,0.0,134,126814,卖盘
230,09:41:31,9.46,0.0,65,61460,买盘
231,09:41:34,9.45,-0.01,101,95446,卖盘
232,09:41:37,9.46,0.01,21,19858,买盘
233,09:41:40,9.45,-0.01,97,91688,卖盘
234,09:41:43,9.45,0.0,98,92625,卖盘
235,09:41:45,9.45,0.0,575,543210,卖盘
236,09:41:49,9.45,0.0,25,23640,买盘
237,09:41:52,9.45,0.0,77,72715,买盘
238,09:41:55,9.45,0.0,47,44380,买盘
239,09:41:58,9.44,-0.01,75,70800,卖盘
240,09:42:00,9.44,0.0,165,155860,卖盘
241,09:42:04,9.44,0.0,135,127465,卖盘
242,09:42:07,9.44,0.0,473,446522,卖盘
243,09:42:10,9.44,0.0,118,111418,卖盘
244,09:42:13,9.44,0.0,213,201088,卖盘
245,09:42:16,9.44,0.0,233,219982,卖盘
246,09:42:19,9.43,-0.01,300,282900,卖盘
247,09:42:22,9.43,0.0,61,57572,卖盘
248,09:42:25,9.43,0.0,23,21692,卖盘
249,09:42:28,9.43,0.0,62,58466,卖盘
250,09:42:31,9.43,0.0,30,28301,卖盘
251,09:42:34,9.43,0.0,145,136818,卖盘
252,09:42:36,9.43,0.0,79,74543,卖盘
253,09:42:39,9.43,0.0,16,15088,卖盘
254,09:42:43,9.43,0.0,199,187718,卖盘
255,09:42:46,9.43,0.0,97,91471,卖盘
256,09:42:49,9.43,0.0,92,86771,卖盘
257,09:42:52,9.43,0.0,154,145310,卖盘
258,09:42:55,9.44,0.01,412,388545,买盘
259,09:42:58,9.43,-0.01,110,103737,卖盘
260,09:43:01,9.43,0.0,22,20746,卖盘
261,09:43:04,9.43,0.0,260,245180,卖盘
262,09:43:07,9.43,0.0,60,56580,卖盘
263,09:43:16,9.42,-0.01,19,17912,卖盘
264,09:43:19,9.42,0.0,294,276953,卖盘
265,09:43:22,9.43,0.01,63,59409,买盘
266,09:43:25,9.43,0.0,96,90453,买盘
267,09:43:28,9.42,-0.01,40,37680,卖盘
268,09:43:31,9.43,0.01,203,191285,买盘
269,09:43:34,9.43,0.0,44,41487,买盘
270,09:43:36,9.43,0.0,356,335355,买盘
271,09:43:40,9.42,-0.01,99,93258,卖盘
272,09:43:46,9.42,0.0,131,123402,买盘
273,09:43:49,9.41,-0.01,80,75280,卖盘
274,09:43:52,9.41,0.0,47,44247,卖盘
275,09:43:55,9.41,0.0,43,40505,卖盘
276,09:44:01,9.42,0.01,727,684579,买盘
277,09:44:04,9.42,0.0,43,40506,卖盘
278,09:44:06,9.41,-0.01,19,17888,卖盘
279,09:44:10,9.41,0.0,100,94194,卖盘
280,09:44:13,9.42,0.01,265,249648,中性盘
281,09:44:16,9.41,-0.01,211,198567,卖盘
282,09:44:19,9.43,0.02,1,943,买盘
283,09:44:22,9.43,0.0,10,9430,买盘
284,09:44:25,9.42,-0.01,132,124344,卖盘
285,09:44:28,9.42,0.0,5,4710,卖盘
286,09:44:31,9.43,0.01,64,60336,买盘
287,09:44:34,9.43,0.0,77,72610,买盘
288,09:44:37,9.43,0.0,15,14141,买盘
289,09:44:40,9.43,0.0,327,308331,买盘
290,09:44:43,9.43,0.0,305,287743,买盘
291,09:44:46,9.44,0.01,24,22651,买盘
292,09:44:48,9.44,0.0,43,40526,买盘
293,09:44:52,9.43,-0.01,8,7544,卖盘
294,09:44:55,9.43,0.0,69,65067,卖盘
295,09:44:58,9.43,0.0,26,24540,卖盘
296,09:45:01,9.44,0.01,71,66957,买盘
297,09:45:04,9.44,0.0,23,21707,买盘
298,09:45:07,9.43,-0.01,29,27354,卖盘
299,09:45:10,9.43,0.0,136,128348,卖盘
300,09:45:13,9.43,0.0,40,37730,卖盘
301,09:45:16,9.44,0.01,38,35844,买盘
302,09:45:19,9.44,0.0,100,94396,买盘
303,09:45:22,9.43,-0.01,112,105616,卖盘
304,09:45:25,9.43,0.0,10,9430,卖盘
305,09:45:28,9.43,0.0,151,142524,卖盘
306,09:45:31,9.43,0.0,297,280321,卖盘
307,09:45:34,9.44,0.01,65,61306,买盘
308,09:45:37,9.44,0.0,10,9438,买盘
309,09:45:40,9.42,-0.02,302,284652,卖盘
310,09:45:43,9.43,0.01,33,31119,买盘
311,09:45:46,9.43,0.0,10,9430,买盘
312,09:45:49,9.42,-0.01,36,33913,卖盘
313,09:45:52,9.42,0.0,10,9420,卖盘
314,09:45:55,9.42,0.0,45,42390,卖盘
315,09:45:57,9.43,0.01,42,39606,买盘
316,09:46:00,9.42,-0.01,206,194054,卖盘
317,09:46:04,9.42,0.0,28,26382,卖盘
318,09:46:06,9.42,0.0,22,20724,买盘
319,09:46:10,9.42,0.0,27,25434,卖盘
320,09:46:13,9.42,0.0,54,50868,买盘
321,09:46:16,9.41,-0.01,126,118577,卖盘
322,09:46:19,9.43,0.02,17,16018,买盘
323,09:46:22,9.43,0.0,27,25446,买盘
324,09:46:25,9.42,-0.01,55,51800,买盘
325,09:46:27,9.42,0.0,16,15072,买盘
326,09:46:31,9.41,-0.01,1,941,卖盘
327,09:46:34,9.42,0.01,217,204377,买盘
328,09:46:37,9.42,0.0,21,19777,买盘
329,09:46:39,9.43,0.01,59,55579,买盘
330,09:46:43,9.42,-0.01,50,47105,卖盘
331,09:46:46,9.43,0.01,342,322463,买盘
332,09:46:49,9.42,-0.01,61,57462,卖盘
333,09:46:52,9.42,0.0,22,20724,卖盘
334,09:46:55,9.42,0.0,190,178980,卖盘
335,09:46:58,9.42,0.0,25,23550,买盘
336,09:47:01,9.42,0.0,35,32970,买盘
337,09:47:04,9.42,0.0,1023,962666,买盘
338,09:47:07,9.42,0.0,10,9420,买盘
339,09:47:13,9.41,-0.01,129,121468,卖盘
340,09:47:16,9.41,0.0,201,189141,卖盘
341,09:47:19,9.4,-0.01,99,93155,卖盘
342,09:47:22,9.41,0.01,26,24462,买盘
343,09:47:25,9.4,-0.01,166,156108,卖盘
344,09:47:28,9.4,0.0,89,83670,卖盘
345,09:47:31,9.41,0.01,590,554641,买盘
346,09:47:34,9.4,-0.01,15,14105,卖盘
347,09:47:37,9.4,0.0,174,163584,卖盘
348,09:47:40,9.4,0.0,50,47000,卖盘
349,09:47:42,9.4,0.0,99,93073,卖盘
350,09:47:46,9.4,0.0,57,53600,卖盘
351,09:47:49,9.4,0.0,168,157966,卖盘
352,09:47:52,9.4,0.0,71,66740,卖盘
353,09:47:54,9.4,0.0,68,63920,卖盘
354,09:47:57,9.4,0.0,125,117503,卖盘
355,09:48:01,9.4,0.0,344,323560,卖盘
356,09:48:04,9.4,0.0,127,119397,卖盘
357,09:48:07,9.41,0.01,32,30112,买盘
358,09:48:10,9.4,-0.01,215,202107,卖盘
359,09:48:13,9.41,0.01,446,419284,买盘
360,09:48:16,9.41,0.0,126,118470,买盘
361,09:48:19,9.41,0.0,49,46109,买盘
362,09:48:22,9.4,-0.01,66,62048,卖盘
363,09:48:25,9.4,0.0,203,190826,卖盘
364,09:48:28,9.4,0.0,104,97860,卖盘
365,09:48:31,9.4,0.0,1281,1204141,卖盘
366,09:48:34,9.4,0.0,392,368497,卖盘
367,09:48:37,9.4,0.0,1273,1196632,卖盘
368,09:48:40,9.39,-0.01,797,749154,卖盘
369,09:48:43,9.39,0.0,275,258275,卖盘
370,09:48:46,9.38,-0.01,1,1388,卖盘
371,09:48:49,9.39,0.01,82,76992,买盘
372,09:48:52,9.39,0.0,35,32865,卖盘
373,09:48:55,9.38,-0.01,219,205422,卖盘
374,09:48:58,9.38,0.0,48,45024,卖盘
375,09:49:01,9.38,0.0,20,18760,卖盘
376,09:49:04,9.37,-0.01,231,216226,卖盘
377,09:49:07,9.37,0.0,18,16876,卖盘
378,09:49:10,9.37,0.0,15,14060,卖盘
379,09:49:13,9.37,0.0,73,68404,卖盘
380,09:49:16,9.37,0.0,91,85269,卖盘
381,09:49:19,9.38,0.01,209,195912,买盘
382,09:49:22,9.37,-0.01,226,211767,卖盘
383,09:49:25,9.37,0.0,518,485371,卖盘
384,09:49:28,9.37,0.0,287,268884,卖盘
385,09:49:31,9.37,0.0,15,14055,买盘
386,09:49:34,9.37,0.0,1051,983295,买盘
387,09:49:37,9.35,-0.02,213,199484,卖盘
388,09:49:40,9.36,0.01,163,152568,买盘
389,09:49:42,9.35,-0.01,524,489946,卖盘
390,09:49:45,9.35,0.0,20,18705,卖盘
391,09:49:49,9.33,-0.02,417,389790,卖盘
392,09:49:52,9.35,0.02,57,53191,中性盘
393,09:49:55,9.34,-0.01,16,14944,中性盘
394,09:49:58,9.34,0.0,109,101820,卖盘
395,09:50:00,9.34,0.0,87,81327,卖盘
396,09:50:04,9.34,0.0,351,328036,卖盘
397,09:50:07,9.34,0.0,69,64446,卖盘
398,09:50:13,9.33,-0.01,90,84010,卖盘
399,09:50:16,9.33,0.0,217,202466,卖盘
400,09:50:19,9.33,0.0,252,235136,买盘
401,09:50:22,9.33,0.0,252,234936,买盘
402,09:50:24,9.33,0.0,35,32655,买盘
403,09:50:28,9.34,0.01,292,272434,买盘
404,09:50:31,9.33,-0.01,45,41980,中性盘
405,09:50:34,9.33,0.0,127,118495,卖盘
406,09:50:36,9.34,0.01,427,398792,买盘
407,09:50:39,9.34,0.0,107,100029,卖盘
408,09:50:43,9.34,0.0,32,29888,卖盘
409,09:50:46,9.34,0.0,18,16819,卖盘
410,09:50:49,9.35,0.01,717,670067,买盘
411,09:50:52,9.33,-0.02,704,657537,卖盘
412,09:50:55,9.35,0.02,45,42045,中性盘
413,09:50:58,9.34,-0.01,14,13083,卖盘
414,09:51:01,9.35,0.01,7,6545,卖盘
415,09:51:04,9.36,0.01,107,100088,买盘
416,09:51:07,9.35,-0.01,60,56100,卖盘
417,09:51:10,9.36,0.01,44,41145,买盘
418,09:51:13,9.36,0.0,132,123482,买盘
419,09:51:16,9.35,-0.01,6,5615,卖盘
420,09:51:19,9.36,0.01,30,28070,买盘
421,09:51:22,9.36,0.0,132,123528,买盘
422,09:51:25,9.36,0.0,82,76747,买盘
423,09:51:28,9.35,-0.01,37,34613,卖盘
424,09:51:31,9.37,0.02,101,94567,买盘
425,09:51:34,9.37,0.0,166,156198,买盘
426,09:51:40,9.38,0.01,139,129894,买盘
427,09:51:46,9.37,-0.01,319,299074,卖盘
428,09:51:49,9.4,0.03,496,466015,买盘
429,09:51:52,9.39,-0.01,60,56340,卖盘
430,09:51:55,9.39,0.0,134,125944,卖盘
431,09:51:58,9.4,0.01,20,18800,买盘
432,09:52:01,9.4,0.0,466,438040,买盘
433,09:52:07,9.4,0.0,9,8466,卖盘
434,09:52:10,9.41,0.01,63,59253,买盘
435,09:52:13,9.41,0.0,17,15997,买盘
436,09:52:16,9.41,0.0,16,15056,买盘
437,09:52:19,9.41,0.0,89,83739,买盘
438,09:52:22,9.41,0.0,30,28230,卖盘
439,09:52:25,9.41,0.0,339,318915,卖盘
440,09:52:28,9.41,0.0,56,52696,买盘
441,09:52:31,9.41,0.0,96,90336,买盘
442,09:52:34,9.4,-0.01,45,42340,卖盘
443,09:52:37,9.41,0.01,83,78083,买盘
444,09:52:40,9.41,0.0,36,33846,买盘
445,09:52:43,9.41,0.0,10,9410,买盘
446,09:52:46,9.41,0.0,81,76217,买盘
447,09:52:49,9.41,0.0,61,57401,买盘
448,09:52:52,9.42,0.01,81,76224,买盘
449,09:52:55,9.42,0.0,10,9420,买盘
450,09:52:58,9.42,0.0,40,37661,买盘
451,09:53:00,9.42,0.0,15,14130,买盘
452,09:53:04,9.41,-0.01,91,85684,卖盘
453,09:53:07,9.42,0.01,75,70650,买盘
454,09:53:09,9.42,0.0,5,4710,买盘
455,09:53:13,9.41,-0.01,20,18820,卖盘
456,09:53:16,9.42,0.01,151,142242,买盘
457,09:53:19,9.41,-0.01,91,85717,卖盘
458,09:53:22,9.42,0.01,19,17898,卖盘
459,09:53:25,9.41,-0.01,4,3764,卖盘
460,09:53:28,9.42,0.01,18,16956,买盘
461,09:53:31,9.42,0.0,34,32028,买盘
462,09:53:34,9.41,-0.01,52,48932,卖盘
463,09:53:36,9.42,0.01,34,31998,买盘
464,09:53:40,9.41,-0.01,16,15067,卖盘
465,09:53:43,9.41,0.0,330,310730,卖盘
466,09:53:46,9.42,0.01,112,105492,买盘
467,09:53:48,9.42,0.0,175,164710,买盘
468,09:53:52,9.41,-0.01,50,47050,卖盘
469,09:53:55,9.41,0.0,131,123271,卖盘
470,09:53:58,9.41,0.0,20,18820,买盘
471,09:54:01,9.41,0.0,12,11292,买盘
472,09:54:04,9.41,0.0,32,30112,买盘
473,09:54:07,9.4,-0.01,161,151377,卖盘
474,09:54:10,9.4,0.0,40,37620,卖盘
475,09:54:12,9.4,0.0,24,22560,卖盘
476,09:54:16,9.41,0.01,35,32935,买盘
477,09:54:19,9.4,-0.01,6,5640,卖盘
478,09:54:22,9.4,0.0,30,28200,卖盘
479,09:54:25,9.4,0.0,79,74295,卖盘
480,09:54:28,9.41,0.01,59,55495,买盘
481,09:54:31,9.4,-0.01,276,259440,卖盘
482,09:54:34,9.4,0.0,40,37600,买盘
483,09:54:40,9.39,-0.01,1031,968144,卖盘
484,09:54:43,9.39,0.0,4,3756,卖盘
485,09:54:46,9.39,0.0,23,21597,卖盘
486,09:54:49,9.39,0.0,43,40377,买盘
487,09:54:51,9.39,0.0,22,20658,卖盘
488,09:54:54,9.39,0.0,6,5634,买盘
489,09:54:58,9.39,0.0,11,10329,买盘
490,09:55:01,9.39,0.0,20,18780,买盘
491,09:55:04,9.39,0.0,71,66660,买盘
492,09:55:07,9.38,-0.01,100,93850,卖盘
493,09:55:10,9.38,0.0,5,4690,卖盘
494,09:55:13,9.39,0.01,2,1878,买盘
495,09:55:16,9.38,-0.01,128,120082,卖盘
496,09:55:21,9.38,0.0,29,27218,卖盘
497,09:55:24,9.39,0.01,57,53523,买盘
498,09:55:28,9.38,-0.01,8,7504,卖盘
499,09:55:34,9.38,0.0,46,43148,卖盘
500,09:55:37,9.39,0.01,21,19719,买盘
501,09:55:40,9.38,-0.01,150,140810,卖盘
502,09:55:43,9.38,0.0,100,93800,卖盘
503,09:55:46,9.39,0.01,167,156748,买盘
504,09:55:48,9.39,0.0,220,206370,买盘
505,09:55:51,9.38,-0.01,225,211060,卖盘
506,09:55:54,9.38,0.0,9,8442,买盘
507,09:56:01,9.39,0.01,12,11268,买盘
508,09:56:04,9.39,0.0,272,255408,买盘
509,09:56:07,9.39,0.0,187,175591,买盘
510,09:56:10,9.39,0.0,2,1878,买盘
511,09:56:13,9.39,0.0,103,96667,买盘
512,09:56:16,9.39,0.0,70,65730,买盘
513,09:56:18,9.38,-0.01,190,178400,卖盘
514,09:56:28,9.39,0.01,121,113619,卖盘
515,09:56:31,9.4,0.01,2,1880,买盘
516,09:56:37,9.4,0.0,30,28181,买盘
517,09:56:40,9.39,-0.01,85,79895,卖盘
518,09:56:43,9.4,0.01,188,176720,买盘
519,09:56:46,9.4,0.0,110,103390,买盘
520,09:56:49,9.4,0.0,113,106214,买盘
521,09:56:52,9.4,0.0,575,540500,买盘
522,09:56:57,9.41,0.01,23,21623,买盘
523,09:57:01,9.41,0.0,109,102569,买盘
524,09:57:04,9.41,0.0,77,72457,买盘
525,09:57:07,9.41,0.0,6,5646,买盘
526,09:57:10,9.41,0.0,398,374513,买盘
527,09:57:13,9.41,0.0,30,28210,买盘
528,09:57:16,9.41,0.0,126,118566,买盘
529,09:57:19,9.41,0.0,89,83749,买盘
530,09:57:21,9.42,0.01,65,61170,买盘
531,09:57:24,9.42,0.0,248,233616,买盘
532,09:57:28,9.42,0.0,106,99847,买盘
533,09:57:34,9.42,0.0,80,75360,买盘
534,09:57:37,9.42,0.0,11,10362,买盘
535,09:57:40,9.42,0.0,125,117750,买盘
536,09:57:46,9.42,0.0,3,2826,卖盘
537,09:57:49,9.42,0.0,10,9420,卖盘
538,09:57:52,9.43,0.01,143,134849,买盘
539,09:57:55,9.43,0.0,20,18860,买盘
540,09:57:58,9.43,0.0,29,27347,买盘
541,09:58:01,9.43,0.0,265,249895,买盘
542,09:58:04,9.43,0.0,15,14145,买盘
543,09:58:06,9.43,0.0,26,24518,买盘
544,09:58:10,9.43,0.0,99,93357,买盘
545,09:58:13,9.43,0.0,205,193315,买盘
546,09:58:16,9.42,-0.01,51,48092,卖盘
547,09:58:19,9.43,0.01,35,33005,买盘
548,09:58:25,9.43,0.0,32,30176,买盘
549,09:58:28,9.43,0.0,187,176346,买盘
550,09:58:30,9.42,-0.01,204,192251,卖盘
551,09:58:34,9.43,0.01,5,4715,卖盘
552,09:58:37,9.43,0.0,10,9430,卖盘
553,09:58:40,9.44,0.01,10,9440,买盘
554,09:58:43,9.43,-0.01,200,188600,卖盘
555,09:58:46,9.44,0.01,33,31135,买盘
556,09:58:48,9.44,0.0,55,51880,买盘
557,09:58:51,9.44,0.0,1,944,买盘
558,09:58:55,9.44,0.0,64,60411,买盘
559,09:58:58,9.44,0.0,5,4720,买盘
560,09:59:01,9.44,0.0,137,129328,买盘
561,09:59:04,9.44,0.0,17,16048,买盘
562,09:59:06,9.44,0.0,359,338891,买盘
563,09:59:10,9.44,0.0,5,4720,卖盘
564,09:59:13,9.44,0.0,1,1114,卖盘
565,09:59:16,9.44,0.0,3,2832,卖盘
566,09:59:18,9.44,0.0,107,101028,卖盘
567,09:59:22,9.45,0.01,113,106785,买盘
568,09:59:24,9.44,-0.01,1005,949616,卖盘
569,09:59:31,9.45,0.01,18,17010,卖盘
570,09:59:34,9.45,0.0,75,70875,卖盘
571,09:59:37,9.45,0.0,38,35910,卖盘
572,09:59:40,9.44,-0.01,243,229615,卖盘
573,09:59:43,9.45,0.01,33,31185,买盘
574,09:59:46,9.45,0.0,145,136905,卖盘
575,09:59:49,9.45,0.0,79,74652,买盘
576,09:59:52,9.44,-0.01,194,183229,中性盘
577,09:59:55,9.45,0.01,22,20785,买盘
578,09:59:58,9.43,-0.02,22,20758,卖盘
579,10:00:01,9.44,0.01,77,72688,买盘
580,10:00:04,9.44,0.0,40,37760,卖盘
581,10:00:07,9.44,0.0,67,63229,卖盘
582,10:00:09,9.43,-0.01,20,18867,卖盘
583,10:00:16,9.44,0.01,30,28320,买盘
584,10:00:19,9.44,0.0,28,26432,买盘
585,10:00:22,9.43,-0.01,8,7547,卖盘
586,10:00:25,9.43,0.0,238,224434,卖盘
587,10:00:28,9.44,0.01,216,203851,买盘
588,10:00:31,9.43,-0.01,15,14155,卖盘
589,10:00:34,9.43,0.0,72,67776,卖盘
590,10:00:37,9.43,0.0,2,1886,买盘
591,10:00:40,9.44,0.01,41,38699,买盘
592,10:00:46,9.43,-0.01,43,40582,卖盘
593,10:00:49,9.43,0.0,24,22632,卖盘
594,10:00:52,9.44,0.01,20,18880,买盘
595,10:00:55,9.44,0.0,173,163186,买盘
596,10:00:58,9.44,0.0,21,19824,买盘
597,10:01:01,9.44,0.0,30,28320,买盘
598,10:01:04,9.44,0.0,11,10384,买盘
599,10:01:07,9.43,-0.01,26,24529,卖盘
600,10:01:13,9.44,0.01,110,103740,买盘
601,10:01:16,9.44,0.0,7,6608,买盘
602,10:01:19,9.43,-0.01,20,18860,卖盘
603,10:01:22,9.44,0.01,55,51901,买盘
604,10:01:25,9.44,0.0,153,144396,买盘
605,10:01:28,9.44,0.0,132,124486,买盘
606,10:01:31,9.43,-0.01,350,330050,卖盘
607,10:01:34,9.43,0.0,38,35834,买盘
608,10:01:37,9.43,0.0,152,143336,买盘
609,10:01:40,9.44,0.01,6,5664,买盘
610,10:01:43,9.44,0.0,56,52848,买盘
611,10:01:46,9.43,-0.01,208,196144,卖盘
612,10:01:49,9.44,0.01,107,100817,买盘
613,10:01:55,9.43,-0.01,28,26404,卖盘
614,10:01:58,9.43,0.0,1,943,买盘
615,10:02:01,9.43,0.0,5,4715,买盘
616,10:02:04,9.43,0.0,188,177180,买盘
617,10:02:07,9.43,0.0,34,32052,买盘
618,10:02:10,9.42,-0.01,15,14130,卖盘
619,10:02:12,9.43,0.01,3,2829,买盘
620,10:02:15,9.43,0.0,51,48092,买盘
621,10:02:19,9.43,0.0,9,8487,买盘
622,10:02:22,9.43,0.0,34,32062,买盘
623,10:02:25,9.43,0.0,114,107451,买盘
624,10:02:28,9.43,0.0,52,49036,卖盘
625,10:02:31,9.43,0.0,2,1886,买盘
626,10:02:34,9.43,0.0,32,30176,买盘
627,10:02:37,9.42,-0.01,140,131880,卖盘
628,10:02:40,9.43,0.01,139,131087,买盘
629,10:02:43,9.43,0.0,124,116937,卖盘
630,10:02:45,9.43,0.0,56,52808,卖盘
631,10:02:49,9.43,0.0,15,14155,卖盘
632,10:02:52,9.43,0.0,20,18860,卖盘
633,10:02:55,9.42,-0.01,188,177269,卖盘
634,10:02:58,9.43,0.01,2,1886,买盘
635,10:03:04,9.43,0.0,25,23575,买盘
636,10:03:10,9.43,0.0,35,32980,买盘
637,10:03:13,9.43,0.0,102,96186,买盘
638,10:03:15,9.43,0.0,20,18860,买盘
639,10:03:19,9.42,-0.01,74,69717,卖盘
640,10:03:25,9.43,0.01,57,53750,买盘
641,10:03:28,9.42,-0.01,25,23550,卖盘
642,10:03:31,9.43,0.01,24,22632,买盘
643,10:03:34,9.42,-0.01,84,79210,卖盘
644,10:03:37,9.43,0.01,32,30176,买盘
645,10:03:40,9.43,0.0,141,132963,买盘
646,10:03:42,9.43,0.0,33,31119,买盘
647,10:03:52,9.43,0.0,57,53751,卖盘
648,10:03:55,9.43,0.0,24,22637,卖盘
649,10:03:58,9.43,0.0,69,65067,卖盘
650,10:04:01,9.44,0.01,1,944,买盘
651,10:04:04,9.44,0.0,50,47200,买盘
652,10:04:07,9.44,0.0,87,82126,买盘
653,10:04:10,9.43,-0.01,2,1886,卖盘
654,10:04:12,9.44,0.01,108,101952,买盘
655,10:04:16,9.44,0.0,15,14160,买盘
656,10:04:19,9.44,0.0,84,79296,买盘
657,10:04:25,9.44,0.0,85,80240,买盘
658,10:04:28,9.45,0.01,1845,1743038,买盘
659,10:04:33,9.44,-0.01,10,9440,中性盘
660,10:04:37,9.45,0.01,9,8505,买盘
661,10:04:40,9.45,0.0,9,8505,买盘
662,10:04:43,9.45,0.0,174,164430,买盘
663,10:04:46,9.44,-0.01,71,67042,卖盘
664,10:04:49,9.45,0.01,20,18900,买盘
665,10:04:52,9.44,-0.01,51,48192,卖盘
666,10:04:55,9.44,0.0,4,3776,卖盘
667,10:04:58,9.44,0.0,10,9440,卖盘
668,10:05:01,9.45,0.01,45,42525,买盘
669,10:05:04,9.45,0.0,26,24570,买盘
670,10:05:09,9.45,0.0,27,25515,买盘
671,10:05:13,9.45,0.0,29,27405,买盘
672,10:05:16,9.44,-0.01,52,49135,卖盘
673,10:05:19,9.45,0.01,60,56700,买盘
674,10:05:22,9.44,-0.01,24,22670,卖盘
675,10:05:28,9.45,0.01,40,37800,买盘
676,10:05:31,9.45,0.0,18,17005,买盘
677,10:05:34,9.45,0.0,32,30240,买盘
678,10:05:40,9.44,-0.01,481,454472,卖盘
679,10:05:43,9.45,0.01,140,132300,买盘
680,10:05:46,9.45,0.0,78,73710,买盘
681,10:05:49,9.45,0.0,466,440370,买盘
682,10:05:52,9.45,0.0,124,117180,买盘
683,10:05:55,9.44,-0.01,153,144679,卖盘
684,10:06:01,9.45,0.01,86,81306,卖盘
685,10:06:04,9.45,0.0,40,37800,卖盘
686,10:06:07,9.46,0.01,13,12288,买盘
687,10:06:10,9.45,-0.01,63,59545,卖盘
688,10:06:16,9.46,0.01,10,9460,买盘
689,10:06:19,9.46,0.0,224,211881,买盘
690,10:06:22,9.45,-0.01,828,783160,卖盘
691,10:06:28,9.46,0.01,46,43511,买盘
692,10:06:34,9.46,0.0,261,246906,买盘
693,10:06:37,9.46,0.0,20,18920,卖盘
694,10:06:43,9.46,0.0,223,210978,卖盘
695,10:06:46,9.46,0.0,142,134344,卖盘
696,10:06:49,9.46,0.0,45,42594,卖盘
697,10:06:52,9.47,0.01,189,178983,买盘
698,10:06:55,9.47,0.0,128,121186,买盘
699,10:06:58,9.47,0.0,257,243366,买盘
700,10:07:01,9.47,0.0,1007,953629,买盘
701,10:07:10,9.48,0.01,6,5688,买盘
702,10:07:13,9.48,0.0,108,102364,买盘
703,10:07:16,9.47,-0.01,46,43589,卖盘
704,10:07:19,9.47,0.0,405,383627,卖盘
705,10:07:22,9.48,0.01,134,126905,买盘
706,10:07:25,9.47,-0.01,63,59641,买盘
707,10:07:28,9.47,0.0,64,61119,买盘
708,10:07:31,9.48,0.01,20,18950,买盘
709,10:07:34,9.48,0.0,61,57828,买盘
710,10:07:37,9.48,0.0,115,108928,买盘
711,10:07:40,9.47,-0.01,14,13262,卖盘
712,10:07:43,9.48,0.01,179,169682,买盘
713,10:07:46,9.48,0.0,350,331611,买盘
714,10:07:49,9.48,0.0,721,683488,买盘
715,10:07:52,9.48,0.0,50,47400,卖盘
716,10:07:55,9.48,0.0,180,170640,卖盘
717,10:07:58,9.49,0.01,76,72024,买盘
718,10:08:01,9.49,0.0,235,222992,买盘
719,10:08:04,9.48,-0.01,72,68256,中性盘
720,10:08:06,9.48,0.0,174,165121,卖盘
721,10:08:10,9.48,0.0,41,38879,卖盘
722,10:08:13,9.48,0.0,245,232405,卖盘
723,10:08:16,9.49,0.01,61,57881,买盘
724,10:08:19,9.49,0.0,43,40767,买盘
725,10:08:22,9.49,0.0,57,54043,买盘
726,10:08:25,9.49,0.0,139,131819,买盘
727,10:08:28,9.48,-0.01,5,4740,卖盘
728,10:08:30,9.49,0.01,194,183955,买盘
729,10:08:33,9.49,0.0,111,105233,买盘
730,10:08:37,9.48,-0.01,101,95775,卖盘
731,10:08:40,9.48,0.0,57,54036,买盘
732,10:08:43,9.48,0.0,66,62568,买盘
733,10:08:46,9.49,0.01,114,108125,买盘
734,10:08:49,9.48,-0.01,63,59724,卖盘
735,10:08:52,9.48,0.0,19,18012,卖盘
736,10:08:54,9.49,0.01,2,1898,买盘
737,10:09:01,9.48,-0.01,27,25596,卖盘
738,10:09:04,9.48,0.0,288,273033,卖盘
739,10:09:07,9.48,0.0,189,179193,卖盘
740,10:09:10,9.48,0.0,191,181117,买盘
741,10:09:13,9.47,-0.01,5,4735,卖盘
742,10:09:15,9.48,0.01,75,71100,买盘
743,10:09:19,9.47,-0.01,35,33155,卖盘
744,10:09:22,9.48,0.01,5,4740,买盘
745,10:09:25,9.48,0.0,15,14220,买盘
746,10:09:31,9.47,-0.01,177,167791,卖盘
747,10:09:34,9.47,0.0,21,19887,卖盘
748,10:09:37,9.48,0.01,120,113740,买盘
749,10:09:40,9.47,-0.01,123,116575,卖盘
750,10:09:43,9.47,0.0,40,37880,卖盘
751,10:09:45,9.47,0.0,32,30304,卖盘
752,10:09:49,9.47,0.0,32,30319,卖盘
753,10:09:52,9.47,0.0,27,25569,卖盘
754,10:09:55,9.47,0.0,48,45456,卖盘
755,10:09:58,9.47,0.0,88,83346,卖盘
756,10:10:01,9.47,0.0,35,33149,卖盘
757,10:10:04,9.47,0.0,10,9470,买盘
758,10:10:07,9.46,-0.01,9,8514,卖盘
759,10:10:09,9.47,0.01,50,47350,买盘
760,10:10:12,9.46,-0.01,3,2838,卖盘
761,10:10:19,9.47,0.01,115,108850,买盘
762,10:10:22,9.47,0.0,62,58714,买盘
763,10:10:25,9.46,-0.01,131,123927,卖盘
764,10:10:28,9.46,0.0,80,75680,卖盘
765,10:10:30,9.46,0.0,42,39722,卖盘
766,10:10:37,9.46,0.0,13,12298,买盘
767,10:10:40,9.45,-0.01,147,138972,卖盘
768,10:10:43,9.45,0.0,5,4725,卖盘
769,10:10:46,9.45,0.0,242,228917,卖盘
770,10:10:49,9.45,0.0,39,36855,卖盘
771,10:10:52,9.46,0.01,10,9460,买盘
772,10:10:55,9.45,-0.01,7,6615,卖盘
773,10:10:58,9.45,0.0,19,17955,卖盘
774,10:11:01,9.45,0.0,88,83162,卖盘
775,10:11:04,9.45,0.0,50,47250,卖盘
776,10:11:07,9.45,0.0,5,4725,卖盘
777,10:11:09,9.45,0.0,40,37800,卖盘
778,10:11:16,9.45,0.0,77,72765,卖盘
779,10:11:19,9.45,0.0,2,1890,卖盘
780,10:11:22,9.45,0.0,10,9450,卖盘
781,10:11:25,9.45,0.0,54,51044,卖盘
782,10:11:28,9.45,0.0,111,104905,卖盘
783,10:11:31,9.46,0.01,132,124761,买盘
784,10:11:33,9.45,-0.01,135,127575,卖盘
785,10:11:37,9.45,0.0,9,8505,卖盘
786,10:11:40,9.46,0.01,6,5676,买盘
787,10:11:46,9.46,0.0,5,4730,买盘
788,10:11:49,9.45,-0.01,16,15120,卖盘
789,10:11:52,9.45,0.0,90,85050,卖盘
790,10:11:54,9.46,0.01,25,23635,买盘
791,10:11:57,9.45,-0.01,156,147426,卖盘
792,10:12:04,9.45,0.0,26,24570,卖盘
793,10:12:07,9.45,0.0,60,56700,卖盘
794,10:12:10,9.46,0.01,12,11352,买盘
795,10:12:13,9.46,0.0,199,188105,买盘
796,10:12:16,9.46,0.0,260,245910,买盘
797,10:12:19,9.45,-0.01,15,14175,卖盘
798,10:12:22,9.46,0.01,50,47286,买盘
799,10:12:24,9.45,-0.01,10,9450,中性盘
800,10:12:31,9.45,0.0,10,9450,买盘
801,10:12:34,9.45,0.0,12,11340,买盘
802,10:12:37,9.45,0.0,10,9450,买盘
803,10:12:40,9.45,0.0,17,16051,买盘
804,10:12:46,9.45,0.0,304,287276,买盘
805,10:12:49,9.46,0.01,50,47300,买盘
806,10:12:55,9.46,0.0,58,54868,买盘
807,10:12:58,9.46,0.0,65,61485,买盘
808,10:13:01,9.46,0.0,71,67166,买盘
809,10:13:04,9.46,0.0,74,70004,买盘
810,10:13:10,9.46,0.0,20,18920,卖盘
811,10:13:16,9.47,0.01,24,22728,买盘
812,10:13:19,9.46,-0.01,115,108890,卖盘
813,10:13:22,9.46,0.0,60,56760,卖盘
814,10:13:25,9.46,0.0,4,3784,卖盘
815,10:13:28,9.46,0.0,20,18920,卖盘
816,10:13:31,9.47,0.01,100,94700,买盘
817,10:13:34,9.46,-0.01,15,14200,卖盘
818,10:13:37,9.47,0.01,100,94700,买盘
819,10:13:40,9.47,0.0,42,39754,买盘
820,10:13:46,9.47,0.0,134,126893,买盘
821,10:13:48,9.47,0.0,23,21781,买盘
822,10:13:51,9.47,0.0,134,126892,买盘
823,10:13:55,9.47,0.0,2,1894,卖盘
824,10:13:58,9.48,0.01,60,56880,买盘
825,10:14:04,9.48,0.0,75,71100,买盘
826,10:14:07,9.47,-0.01,91,86218,卖盘
827,10:14:10,9.48,0.01,26,24648,买盘
828,10:14:13,9.47,-0.01,10,9470,卖盘
829,10:14:18,9.48,0.01,35,33160,买盘
830,10:14:21,9.48,0.0,670,634960,买盘
831,10:14:25,9.47,-0.01,79,74887,卖盘
832,10:14:28,9.48,0.01,105,99530,买盘
833,10:14:31,9.48,0.0,11,10428,买盘
834,10:14:34,9.48,0.0,10,9480,买盘
835,10:14:40,9.48,0.0,134,127032,买盘
836,10:14:43,9.48,0.0,25,23700,买盘
837,10:14:46,9.48,0.0,1080,1024667,买盘
838,10:14:52,9.49,0.01,80,75920,买盘
839,10:14:55,9.49,0.0,14,13286,买盘
840,10:14:58,9.5,0.01,147,139505,买盘
841,10:15:01,9.49,-0.01,46,43657,卖盘
842,10:15:04,9.5,0.01,63,59800,买盘
843,10:15:06,9.5,0.0,146,138690,买盘
844,10:15:10,9.51,0.01,2743,2605940,买盘
845,10:15:13,9.51,0.0,17,16151,买盘
846,10:15:16,9.51,0.0,42,39942,买盘
847,10:15:19,9.51,0.0,105,99855,买盘
848,10:15:22,9.51,0.0,121,115071,买盘
849,10:15:25,9.51,0.0,113,107383,买盘
850,10:15:28,9.53,0.02,593,564699,买盘
851,10:15:31,9.53,0.0,50,47650,卖盘
852,10:15:34,9.54,0.01,53,50562,买盘
853,10:15:37,9.54,0.0,60,57240,买盘
854,10:15:40,9.54,0.0,27,25752,买盘
855,10:15:43,9.54,0.0,326,311202,买盘
856,10:15:46,9.54,0.0,3,2862,卖盘
857,10:15:49,9.54,0.0,828,790647,卖盘
858,10:15:52,9.55,0.01,210,200546,买盘
859,10:15:55,9.56,0.01,137,130960,买盘
860,10:15:58,9.56,0.0,575,549195,买盘
861,10:16:01,9.56,0.0,121,115618,买盘
862,10:16:04,9.56,0.0,92,87952,买盘
863,10:16:07,9.55,-0.01,237,226520,卖盘
864,10:16:10,9.56,0.01,56,53536,买盘
865,10:16:13,9.55,-0.01,33,31575,卖盘
866,10:16:16,9.56,0.01,676,645571,买盘
867,10:16:19,9.56,0.0,170,162488,买盘
868,10:16:22,9.54,-0.02,724,692328,卖盘
869,10:16:25,9.56,0.02,321,306999,买盘
870,10:16:28,9.56,0.0,103,98468,卖盘
871,10:16:31,9.56,0.0,296,282976,卖盘
872,10:16:34,9.56,0.0,150,143400,卖盘
873,10:16:37,9.55,-0.01,77,73591,卖盘
874,10:16:40,9.57,0.02,183,174961,买盘
875,10:16:43,9.57,0.0,2234,2139274,买盘
876,10:16:46,9.56,-0.01,30,28680,中性盘
877,10:16:49,9.56,0.0,35,33460,买盘
878,10:16:52,9.56,0.0,571,546142,买盘
879,10:16:55,9.55,-0.01,117,111750,卖盘
880,10:16:58,9.55,0.0,85,81210,卖盘
881,10:17:01,9.55,0.0,165,157620,卖盘
882,10:17:04,9.55,0.0,46,43930,买盘
883,10:17:07,9.55,0.0,145,138475,买盘
884,10:17:10,9.54,-0.01,144,137378,卖盘
885,10:17:13,9.54,0.0,41,39114,卖盘
886,10:17:16,9.54,0.0,21,20035,卖盘
887,10:17:19,9.54,0.0,34,32442,卖盘
888,10:17:22,9.54,0.0,121,115449,卖盘
889,10:17:25,9.54,0.0,136,129744,卖盘
890,10:17:28,9.54,0.0,43,41022,卖盘
891,10:17:30,9.54,0.0,78,74417,卖盘
892,10:17:40,9.53,-0.01,4,3812,卖盘
893,10:17:43,9.53,0.0,10,9530,买盘
894,10:17:45,9.52,-0.01,21,19993,卖盘
895,10:17:49,9.52,0.0,1,952,卖盘
896,10:17:52,9.52,0.0,77,73361,卖盘
897,10:17:55,9.53,0.01,84,79970,买盘
898,10:17:58,9.52,-0.01,7,6664,卖盘
899,10:18:01,9.52,0.0,162,154224,买盘
900,10:18:07,9.52,0.0,52,49504,买盘
901,10:18:10,9.52,0.0,14,13328,买盘
902,10:18:13,9.52,0.0,96,91378,买盘
903,10:18:15,9.51,-0.01,12,11412,卖盘
904,10:18:18,9.51,0.0,50,47550,卖盘
905,10:18:21,9.52,0.01,25,23790,买盘
906,10:18:25,9.51,-0.01,50,47550,卖盘
907,10:18:28,9.51,0.0,50,47550,卖盘
908,10:18:31,9.51,0.0,19,18069,卖盘
909,10:18:34,9.51,0.0,45,42795,卖盘
910,10:18:37,9.51,0.0,43,40893,卖盘
911,10:18:40,9.51,0.0,83,78933,卖盘
912,10:18:42,9.51,0.0,31,29511,卖盘
913,10:18:46,9.51,0.0,15,14265,卖盘
914,10:18:49,9.51,0.0,22,20923,卖盘
915,10:18:58,9.51,0.0,5,4755,卖盘
916,10:19:01,9.51,0.0,19,18069,卖盘
917,10:19:04,9.51,0.0,77,73249,卖盘
918,10:19:06,9.51,0.0,10,9510,卖盘
919,10:19:09,9.51,0.0,4,3804,卖盘
920,10:19:13,9.51,0.0,100,95100,卖盘
921,10:19:16,9.51,0.0,362,344562,卖盘
922,10:19:19,9.51,0.0,67,63727,卖盘
923,10:19:22,9.51,0.0,4,3804,卖盘
924,10:19:25,9.52,0.01,204,194146,买盘
925,10:19:28,9.52,0.0,24,22848,卖盘
926,10:19:31,9.51,-0.01,5,4755,卖盘
927,10:19:34,9.52,0.01,10,9520,买盘
928,10:19:37,9.52,0.0,10,9520,买盘
929,10:19:40,9.51,-0.01,105,99855,卖盘
930,10:19:42,9.52,0.01,28,26656,买盘
931,10:19:46,9.53,0.01,1,953,买盘
932,10:19:49,9.52,-0.01,49,46648,卖盘
933,10:19:52,9.52,0.0,44,41888,卖盘
934,10:19:55,9.53,0.01,52,49534,买盘
935,10:19:58,9.52,-0.01,108,102816,买盘
936,10:20:04,9.53,0.01,13,12389,买盘
937,10:20:07,9.52,-0.01,10,9520,卖盘
938,10:20:10,9.53,0.01,4,3812,买盘
939,10:20:13,9.53,0.0,19,18107,买盘
940,10:20:19,9.53,0.0,427,406931,买盘
941,10:20:22,9.53,0.0,85,81005,卖盘
942,10:20:25,9.53,0.0,3,2173,买盘
943,10:20:28,9.54,0.01,13,12397,买盘
944,10:20:31,9.54,0.0,10,9540,买盘
945,10:20:34,9.53,-0.01,13,12389,卖盘
946,10:20:43,9.53,0.0,48,45744,卖盘
947,10:20:46,9.53,0.0,90,85855,卖盘
948,10:20:52,9.54,0.01,14,13356,买盘
949,10:20:55,9.55,0.01,526,501918,买盘
950,10:20:57,9.54,-0.01,16,15254,中性盘
951,10:21:01,9.55,0.01,67,63985,买盘
952,10:21:04,9.54,-0.01,6,5724,卖盘
953,10:21:07,9.55,0.01,766,731530,买盘
954,10:21:10,9.55,0.0,120,114600,卖盘
955,10:21:13,9.55,0.0,53,50585,买盘
956,10:21:16,9.54,-0.01,29,27685,卖盘
957,10:21:19,9.54,0.0,7,6679,卖盘
958,10:21:22,9.55,0.01,34,32448,买盘
959,10:21:28,9.55,0.0,412,393566,买盘
960,10:21:31,9.55,0.0,94,89750,买盘
961,10:21:34,9.55,0.0,14,13370,卖盘
962,10:21:37,9.56,0.01,103,98390,买盘
963,10:21:39,9.55,-0.01,290,277044,卖盘
964,10:21:43,9.55,0.0,25,23875,买盘
965,10:21:52,9.54,-0.01,7,6680,卖盘
966,10:21:55,9.55,0.01,36,34375,买盘
967,10:21:58,9.54,-0.01,65,62010,卖盘
968,10:22:01,9.55,0.01,110,104965,买盘
969,10:22:04,9.54,-0.01,76,72573,卖盘
970,10:22:06,9.54,0.0,10,9547,卖盘
971,10:22:10,9.54,0.0,104,99271,卖盘
972,10:22:13,9.54,0.0,34,32436,卖盘
973,10:22:16,9.54,0.0,110,104940,卖盘
974,10:22:19,9.55,0.01,70,66790,买盘
975,10:22:22,9.54,-0.01,400,381900,卖盘
976,10:22:25,9.54,0.0,70,66770,卖盘
977,10:22:28,9.54,0.0,20,19080,卖盘
978,10:22:31,9.54,0.0,153,145962,卖盘
979,10:22:34,9.54,0.0,95,90560,买盘
980,10:22:37,9.54,0.0,30,28620,卖盘
981,10:22:40,9.54,0.0,5,4770,卖盘
982,10:22:43,9.53,-0.01,20,19060,卖盘
983,10:22:46,9.54,0.01,10,9540,买盘
984,10:22:49,9.54,0.0,9,8586,买盘
985,10:22:52,9.53,-0.01,54,51462,卖盘
986,10:22:55,9.53,0.0,73,69630,卖盘
987,10:23:01,9.53,0.0,58,55293,卖盘
988,10:23:04,9.53,0.0,45,42894,卖盘
989,10:23:10,9.53,0.0,2,1906,卖盘
990,10:23:13,9.53,0.0,123,117229,卖盘
991,10:23:15,9.53,0.0,120,114360,卖盘
992,10:23:18,9.53,0.0,130,123958,卖盘
993,10:23:22,9.54,0.01,71,67713,买盘
994,10:23:24,9.53,-0.01,214,203990,卖盘
995,10:23:27,9.54,0.01,105,100165,买盘
996,10:23:30,9.53,-0.01,217,206802,卖盘
997,10:23:34,9.53,0.0,19,18115,卖盘
998,10:23:37,9.53,0.0,1308,1247240,卖盘
999,10:23:43,9.53,0.0,4,3812,买盘
1000,10:23:46,9.53,0.0,39,37157,买盘
1001,10:23:49,9.52,-0.01,8,7616,卖盘
1002,10:23:52,9.52,0.0,73,69506,卖盘
1003,10:23:55,9.52,0.0,62,59024,卖盘
1004,10:23:58,9.52,0.0,160,152473,买盘
1005,10:24:01,9.51,-0.01,15,14265,卖盘
1006,10:24:04,9.52,0.01,156,148512,买盘
1007,10:24:06,9.52,0.0,180,171360,卖盘
1008,10:24:10,9.53,0.01,386,367538,买盘
1009,10:24:13,9.52,-0.01,27,25706,卖盘
1010,10:24:16,9.52,0.0,100,95200,卖盘
1011,10:24:19,9.52,0.0,2,1904,卖盘
1012,10:24:21,9.52,0.0,117,111384,卖盘
1013,10:24:25,9.52,0.0,253,240856,卖盘
1014,10:24:31,9.5,-0.02,214,203450,卖盘
1015,10:24:37,9.52,0.02,25,23800,买盘
1016,10:24:39,9.51,-0.01,5,4755,卖盘
1017,10:24:46,9.51,0.0,10,9510,卖盘
1018,10:24:48,9.51,0.0,18,17118,卖盘
1019,10:24:55,9.5,-0.01,10,9503,卖盘
1020,10:24:58,9.51,0.01,2,1902,买盘
1021,10:25:04,9.5,-0.01,86,81705,卖盘
1022,10:25:07,9.49,-0.01,621,589583,卖盘
1023,10:25:16,9.49,0.0,11,10439,买盘
1024,10:25:19,9.48,-0.01,8,7584,卖盘
1025,10:25:22,9.48,0.0,142,134716,卖盘
1026,10:25:25,9.49,0.01,11,10439,买盘
1027,10:25:28,9.49,0.0,68,64532,买盘
1028,10:25:31,9.49,0.0,10,9490,卖盘
1029,10:25:34,9.49,0.0,5,4745,卖盘
1030,10:25:37,9.49,0.0,12,11388,卖盘
1031,10:25:40,9.5,0.01,20,18990,买盘
1032,10:25:42,9.5,0.0,28,26595,买盘
1033,10:25:46,9.5,0.0,11,10450,买盘
1034,10:25:49,9.49,-0.01,32,30369,卖盘
1035,10:25:52,9.5,0.01,32,30386,买盘
1036,10:25:58,9.5,0.0,128,121571,买盘
1037,10:26:01,9.5,0.0,267,253645,买盘
1038,10:26:04,9.5,0.0,8,7600,买盘
1039,10:26:06,9.5,0.0,36,34197,买盘
1040,10:26:10,9.5,0.0,47,44645,买盘
1041,10:26:13,9.5,0.0,15,14250,买盘
1042,10:26:19,9.5,0.0,10,9500,买盘
1043,10:26:22,9.5,0.0,14,13300,买盘
1044,10:26:25,9.5,0.0,20,19000,买盘
1045,10:26:28,9.5,0.0,117,111150,买盘
1046,10:26:31,9.49,-0.01,236,224086,卖盘
1047,10:26:34,9.5,0.01,8,7600,卖盘
1048,10:26:40,9.5,0.0,13,12350,买盘
1049,10:26:46,9.5,0.0,39,37050,买盘
1050,10:26:49,9.5,0.0,41,38950,卖盘
1051,10:26:52,9.5,0.0,53,50350,卖盘
1052,10:26:55,9.5,0.0,13,12350,卖盘
1053,10:26:58,9.5,0.0,2,1900,买盘
1054,10:27:01,9.5,0.0,33,31350,买盘
1055,10:27:04,9.5,0.0,7,6650,卖盘
1056,10:27:06,9.5,0.0,10,9500,卖盘
1057,10:27:10,9.5,0.0,18,17100,卖盘
1058,10:27:13,9.5,0.0,5,4750,卖盘
1059,10:27:15,9.51,0.01,69,65563,买盘
1060,10:27:21,9.5,-0.01,35,33250,卖盘
1061,10:27:25,9.5,0.0,38,36100,卖盘
1062,10:27:28,9.5,0.0,18,17103,卖盘
1063,10:27:31,9.51,0.01,35,33285,买盘
1064,10:27:34,9.51,0.0,57,54197,买盘
1065,10:27:37,9.5,-0.01,30,28510,卖盘
1066,10:27:42,9.51,0.01,10,9510,买盘
1067,10:27:49,9.51,0.0,51,48490,买盘
1068,10:27:52,9.5,-0.01,31,29450,卖盘
1069,10:27:58,9.51,0.01,107,101655,买盘
1070,10:28:01,9.51,0.0,2,1902,买盘
1071,10:28:04,9.51,0.0,35,33266,买盘
1072,10:28:06,9.5,-0.01,8,7600,卖盘
1073,10:28:09,9.51,0.01,13,12363,买盘
1074,10:28:16,9.51,0.0,5,4755,买盘
1075,10:28:19,9.5,-0.01,55,52265,卖盘
1076,10:28:25,9.51,0.01,1,951,买盘
1077,10:28:28,9.5,-0.01,69,65614,卖盘
1078,10:28:31,9.51,0.01,86,81786,买盘
1079,10:28:36,9.51,0.0,90,85590,买盘
1080,10:28:39,9.5,-0.01,46,43740,卖盘
1081,10:28:43,9.5,0.0,5,4750,卖盘
1082,10:28:46,9.51,0.01,129,122679,买盘
1083,10:28:49,9.51,0.0,20,19020,买盘
1084,10:28:52,9.5,-0.01,16,15200,卖盘
1085,10:29:03,9.5,0.0,16,15209,卖盘
1086,10:29:10,9.5,0.0,16,15206,卖盘
1087,10:29:27,9.5,0.0,25,23750,卖盘
1088,10:29:31,9.51,0.01,9,8558,买盘
1089,10:29:34,9.51,0.0,42,39942,买盘
1090,10:29:37,9.5,-0.01,20,19000,卖盘
1091,10:29:40,9.5,0.0,17,16162,卖盘
1092,10:29:46,9.5,0.0,11,10450,卖盘
1093,10:29:49,9.5,0.0,100,95000,卖盘
1094,10:29:51,9.5,0.0,150,142500,卖盘
1095,10:29:55,9.51,0.01,14,13314,买盘
1096,10:29:57,9.51,0.0,41,38980,买盘
1097,10:30:01,9.51,0.0,3,2853,买盘
1098,10:30:04,9.51,0.0,68,64668,买盘
1099,10:30:07,9.51,0.0,53,50403,买盘
1100,10:30:10,9.51,0.0,11,10461,买盘
1101,10:30:13,9.51,0.0,20,19020,买盘
1102,10:30:16,9.5,-0.01,9,8555,卖盘
1103,10:30:19,9.5,0.0,16,15200,卖盘
1104,10:30:22,9.51,0.01,2,1902,买盘
1105,10:30:25,9.5,-0.01,12,11400,卖盘
1106,10:30:31,9.51,0.01,8,7608,买盘
1107,10:30:34,9.51,0.0,20,19020,买盘
1108,10:30:37,9.51,0.0,3,2853,买盘
1109,10:30:43,9.5,-0.01,20,19000,卖盘
1110,10:30:46,9.51,0.01,37,35187,买盘
1111,10:30:49,9.51,0.0,330,313830,买盘
1112,10:30:52,9.51,0.0,30,28507,买盘
1113,10:30:55,9.51,0.0,7,6657,买盘
1114,10:30:58,9.51,0.0,97,92242,买盘
1115,10:31:00,9.51,0.0,1,951,买盘
1116,10:31:04,9.51,0.0,24,22824,买盘
1117,10:31:13,9.52,0.01,55,52355,买盘
1118,10:31:16,9.51,-0.01,25,23775,卖盘
1119,10:31:19,9.51,0.0,15,14275,卖盘
1120,10:31:25,9.51,0.0,63,59966,卖盘
1121,10:31:28,9.52,0.01,79,75182,买盘
1122,10:31:31,9.51,-0.01,59,56109,卖盘
1123,10:31:33,9.52,0.01,42,39984,买盘
1124,10:31:37,9.52,0.0,10,9520,买盘
1125,10:31:40,9.51,-0.01,120,114140,卖盘
1126,10:31:43,9.51,0.0,7,6657,卖盘
1127,10:31:45,9.52,0.01,77,73259,买盘
1128,10:31:55,9.51,-0.01,41,39011,卖盘
1129,10:31:58,9.52,0.01,45,42816,买盘
1130,10:32:04,9.52,0.0,2,1904,买盘
1131,10:32:07,9.52,0.0,15,14280,买盘
1132,10:32:10,9.51,-0.01,208,198010,卖盘
1133,10:32:12,9.52,0.01,79,75208,买盘
1134,10:32:15,9.52,0.0,9,8568,买盘
1135,10:32:19,9.53,0.01,251,239203,买盘
1136,10:32:22,9.53,0.0,46,43806,买盘
1137,10:32:25,9.52,-0.01,5,4760,卖盘
1138,10:32:28,9.54,0.02,167,159179,买盘
1139,10:32:30,9.54,0.0,1,954,买盘
1140,10:32:37,9.54,0.0,4,3816,买盘
1141,10:32:40,9.54,0.0,76,72504,买盘
1142,10:32:42,9.53,-0.01,85,81005,卖盘
1143,10:32:45,9.54,0.01,54,51498,买盘
1144,10:32:49,9.54,0.0,14,13356,买盘
1145,10:32:52,9.54,0.0,73,69642,买盘
1146,10:32:55,9.53,-0.01,164,156292,卖盘
1147,10:32:58,9.54,0.01,67,63879,买盘
1148,10:33:04,9.53,-0.01,474,452189,中性盘
1149,10:33:07,9.52,-0.01,54,51411,卖盘
1150,10:33:09,9.54,0.02,58,55322,买盘
1151,10:33:12,9.53,-0.01,55,52466,中性盘
1152,10:33:16,9.52,-0.01,22,20946,卖盘
1153,10:33:19,9.53,0.01,69,65757,买盘
1154,10:33:22,9.52,-0.01,58,55216,卖盘
1155,10:33:25,9.53,0.01,69,65757,买盘
1156,10:33:28,9.52,-0.01,20,19040,卖盘
1157,10:33:31,9.53,0.01,10,9530,买盘
1158,10:33:33,9.52,-0.01,212,202026,卖盘
1159,10:33:37,9.52,0.0,20,19040,卖盘
1160,10:33:43,9.52,0.0,10,9520,卖盘
1161,10:33:46,9.53,0.01,50,47620,买盘
1162,10:33:49,9.53,0.0,53,50509,买盘
1163,10:33:54,9.52,-0.01,18,17141,卖盘
1164,10:33:58,9.52,0.0,47,44744,卖盘
1165,10:34:01,9.53,0.01,6,5718,买盘
1166,10:34:04,9.53,0.0,94,89582,买盘
1167,10:34:07,9.53,0.0,40,38110,买盘
1168,10:34:10,9.52,-0.01,148,140896,卖盘
1169,10:34:13,9.52,0.0,1,952,卖盘
1170,10:34:19,9.53,0.01,79,75213,买盘
1171,10:34:28,9.52,-0.01,30,28560,卖盘
1172,10:34:31,9.52,0.0,107,101864,卖盘
1173,10:34:34,9.52,0.0,9,8568,卖盘
1174,10:34:40,9.52,0.0,10,9520,卖盘
1175,10:34:43,9.52,0.0,62,59024,卖盘
1176,10:34:46,9.52,0.0,15,14280,卖盘
1177,10:34:49,9.52,0.0,10,9520,卖盘
1178,10:34:55,9.52,0.0,54,51408,卖盘
1179,10:34:58,9.52,0.0,91,86632,卖盘
1180,10:35:04,9.52,0.0,44,41888,买盘
1181,10:35:07,9.51,-0.01,24,22824,卖盘
1182,10:35:10,9.52,0.01,10,9520,买盘
1183,10:35:13,9.51,-0.01,12,11412,卖盘
1184,10:35:16,9.51,0.0,5,4755,卖盘
1185,10:35:19,9.51,0.0,25,23775,卖盘
1186,10:35:21,9.51,0.0,65,61815,卖盘
1187,10:35:25,9.51,0.0,10,9510,卖盘
1188,10:35:28,9.51,0.0,37,35187,卖盘
1189,10:35:31,9.51,0.0,8,7608,卖盘
1190,10:35:34,9.51,0.0,35,33285,卖盘
1191,10:35:37,9.52,0.01,3,2856,买盘
1192,10:35:40,9.52,0.0,45,42835,买盘
1193,10:35:43,9.52,0.0,25,23800,买盘
1194,10:35:48,9.51,-0.01,217,206367,卖盘
1195,10:35:51,9.51,0.0,216,205416,买盘
1196,10:36:01,9.5,-0.01,19,18050,卖盘
1197,10:36:13,9.5,0.0,3,2850,卖盘
1198,10:36:16,9.5,0.0,10,9500,卖盘
1199,10:36:19,9.5,0.0,25,23750,卖盘
1200,10:36:24,9.5,0.0,21,19950,卖盘
1201,10:36:28,9.5,0.0,37,35160,卖盘
1202,10:36:31,9.5,0.0,53,50350,卖盘
1203,10:36:42,9.51,0.01,136,129336,买盘
1204,10:36:45,9.5,-0.01,1,950,卖盘
1205,10:36:52,9.5,0.0,4,3800,卖盘
1206,10:36:58,9.5,0.0,14,13300,卖盘
1207,10:37:01,9.51,0.01,6,5701,买盘
1208,10:37:04,9.51,0.0,9,8559,买盘
1209,10:37:07,9.51,0.0,40,38040,买盘
1210,10:37:18,9.51,0.0,112,106500,买盘
1211,10:37:25,9.51,0.0,45,42770,买盘
1212,10:37:28,9.51,0.0,80,76080,买盘
1213,10:37:34,9.51,0.0,9,8559,买盘
1214,10:37:36,9.5,-0.01,146,138700,卖盘
1215,10:37:43,9.5,0.0,10,9500,卖盘
1216,10:37:46,9.5,0.0,19,18050,卖盘
1217,10:37:52,9.5,0.0,2,1900,卖盘
1218,10:37:55,9.5,0.0,30,28500,卖盘
1219,10:37:58,9.51,0.01,1,951,买盘
1220,10:38:04,9.51,0.0,19,18061,买盘
1221,10:38:10,9.5,-0.01,3,2850,卖盘
1222,10:38:13,9.51,0.01,187,177832,买盘
1223,10:38:19,9.5,-0.01,24,22800,卖盘
1224,10:38:22,9.51,0.01,38,36138,买盘
1225,10:38:31,9.5,-0.01,24,22800,卖盘
1226,10:38:34,9.5,0.0,26,24711,卖盘
1227,10:38:40,9.5,0.0,120,114000,卖盘
1228,10:38:46,9.51,0.01,5,4755,买盘
1229,10:38:48,9.5,-0.01,124,117900,卖盘
1230,10:38:51,9.5,0.0,18,17100,卖盘
1231,10:38:55,9.5,0.0,5,4750,卖盘
1232,10:38:58,9.5,0.0,10,9500,卖盘
1233,10:39:01,9.51,0.01,23,21870,买盘
1234,10:39:04,9.5,-0.01,14,13309,卖盘
1235,10:39:07,9.51,0.01,60,57060,买盘
1236,10:39:10,9.5,-0.01,359,341050,卖盘
1237,10:39:13,9.5,0.0,30,28500,卖盘
1238,10:39:16,9.5,0.0,40,38000,卖盘
1239,10:39:18,9.5,0.0,137,130155,卖盘
1240,10:39:21,9.5,0.0,69,65551,卖盘
1241,10:39:25,9.49,-0.01,60,56950,卖盘
1242,10:39:28,9.5,0.01,23,21850,买盘
1243,10:39:31,9.51,0.01,500,475372,买盘
1244,10:39:34,9.49,-0.02,14,13299,卖盘
1245,10:39:40,9.5,0.01,20,19000,买盘
1246,10:39:43,9.5,0.0,30,28480,买盘
1247,10:39:46,9.5,0.0,7,6650,买盘
1248,10:39:49,9.49,-0.01,9,8546,卖盘
1249,10:39:51,9.49,0.0,30,28470,卖盘
1250,10:39:55,9.5,0.01,5,4750,买盘
1251,10:40:01,9.49,-0.01,5,4745,卖盘
1252,10:40:04,9.5,0.01,8,7600,买盘
1253,10:40:10,9.49,-0.01,10,9490,卖盘
1254,10:40:13,9.49,0.0,4,3796,卖盘
1255,10:40:16,9.49,0.0,23,21827,卖盘
1256,10:40:19,9.49,0.0,10,9490,卖盘
1257,10:40:22,9.49,0.0,105,99645,卖盘
1258,10:40:25,9.49,0.0,64,60736,卖盘
1259,10:40:28,9.49,0.0,45,42705,卖盘
1260,10:40:31,9.49,0.0,82,77818,卖盘
1261,10:40:34,9.5,0.01,18,17100,买盘
1262,10:40:37,9.49,-0.01,30,28470,卖盘
1263,10:40:46,9.49,0.0,10,9490,卖盘
1264,10:40:49,9.5,0.01,72,68350,买盘
1265,10:40:52,9.49,-0.01,15,14235,卖盘
1266,10:40:54,9.49,0.0,5,4745,卖盘
1267,10:40:58,9.49,0.0,19,18031,卖盘
1268,10:41:01,9.49,0.0,50,47450,卖盘
1269,10:41:04,9.49,0.0,522,495386,卖盘
1270,10:41:07,9.49,0.0,37,35113,卖盘
1271,10:41:10,9.49,0.0,255,241995,卖盘
1272,10:41:13,9.49,0.0,8,7598,卖盘
1273,10:41:22,9.48,-0.01,184,174568,卖盘
1274,10:41:31,9.49,0.01,47,44603,买盘
1275,10:41:34,9.48,-0.01,362,343205,卖盘
1276,10:41:40,9.49,0.01,52,49348,买盘
1277,10:41:42,9.48,-0.01,143,135564,卖盘
1278,10:41:49,9.48,0.0,40,37920,卖盘
1279,10:41:55,9.48,0.0,10,9480,卖盘
1280,10:41:58,9.48,0.0,10,9480,卖盘
1281,10:42:00,9.48,0.0,176,166848,卖盘
1282,10:42:04,9.49,0.01,9,8541,买盘
1283,10:42:07,9.48,-0.01,55,52140,卖盘
1284,10:42:10,9.48,0.0,55,52140,卖盘
1285,10:42:16,9.49,0.01,10,9490,买盘
1286,10:42:18,9.48,-0.01,7,6636,卖盘
1287,10:42:22,9.49,0.01,7,6643,买盘
1288,10:42:24,9.49,0.0,63,59785,买盘
1289,10:42:31,9.48,-0.01,85,80580,卖盘
1290,10:42:34,9.49,0.01,2,1898,买盘
1291,10:42:37,9.49,0.0,27,25623,买盘
1292,10:42:40,9.49,0.0,21,19909,买盘
1293,10:42:42,9.48,-0.01,14,13272,卖盘
1294,10:42:46,9.48,0.0,1,948,卖盘
1295,10:42:52,9.49,0.01,17,16133,买盘
1296,10:42:54,9.48,-0.01,38,36024,卖盘
1297,10:42:57,9.48,0.0,36,34128,卖盘
1298,10:43:01,9.48,0.0,4,3792,卖盘
1299,10:43:04,9.49,0.01,13,12337,买盘
1300,10:43:07,9.49,0.0,32,30364,买盘
1301,10:43:13,9.49,0.0,5,4745,买盘
1302,10:43:16,9.49,0.0,63,59787,买盘
1303,10:43:19,9.49,0.0,200,189800,买盘
1304,10:43:24,9.49,0.0,40,37960,买盘
1305,10:43:27,9.48,-0.01,20,18960,卖盘
1306,10:43:31,9.48,0.0,21,19914,卖盘
1307,10:43:33,9.49,0.01,6,5694,买盘
1308,10:43:37,9.48,-0.01,10,9480,卖盘
1309,10:43:39,9.48,0.0,5,4740,卖盘
1310,10:43:42,9.49,0.01,103,97747,买盘
1311,10:43:48,9.49,0.0,45,42705,买盘
1312,10:43:52,9.48,-0.01,31,29388,卖盘
1313,10:43:55,9.49,0.01,7,6643,买盘
1314,10:43:58,9.48,-0.01,77,72996,卖盘
1315,10:44:01,9.48,0.0,4,3792,卖盘
1316,10:44:04,9.49,0.01,13,12337,买盘
1317,10:44:07,9.49,0.0,63,59787,买盘
1318,10:44:21,9.48,-0.01,2,1896,卖盘
1319,10:44:34,9.49,0.01,77,73049,买盘
1320,10:44:37,9.48,-0.01,14,13272,卖盘
1321,10:44:40,9.49,0.01,14,13286,买盘
1322,10:44:46,9.48,-0.01,5,4740,卖盘
1323,10:44:49,9.48,0.0,25,23700,卖盘
1324,10:44:52,9.48,0.0,6,5688,卖盘
1325,10:44:54,9.49,0.01,4,3796,买盘
1326,10:45:01,9.48,-0.01,10,9480,卖盘
1327,10:45:04,9.49,0.01,8,7592,买盘
1328,10:45:09,9.49,0.0,3,2847,买盘
1329,10:45:16,9.48,-0.01,4,3792,卖盘
1330,10:45:22,9.49,0.01,120,113860,买盘
1331,10:45:31,9.49,0.0,94,89194,买盘
1332,10:45:34,9.49,0.0,8,7592,买盘
1333,10:45:37,9.48,-0.01,10,9480,卖盘
1334,10:45:39,9.49,0.01,5,4745,买盘
1335,10:45:46,9.48,-0.01,10,9480,卖盘
1336,10:45:48,9.49,0.01,5,4745,买盘
1337,10:45:58,9.48,-0.01,10,9480,卖盘
1338,10:46:04,9.48,0.0,19,18021,卖盘
1339,10:46:10,9.49,0.01,15,14232,买盘
1340,10:46:13,9.48,-0.01,5,4740,卖盘
1341,10:46:16,9.48,0.0,8,7589,卖盘
1342,10:46:22,9.48,0.0,5,4740,卖盘
1343,10:46:25,9.49,0.01,50,47450,买盘
1344,10:46:27,9.48,-0.01,200,189600,卖盘
1345,10:46:31,9.49,0.01,8,7591,买盘
1346,10:46:34,9.49,0.0,18,17082,买盘
1347,10:46:37,9.48,-0.01,40,37920,卖盘
1348,10:46:40,9.48,0.0,30,28440,卖盘
1349,10:46:46,9.48,0.0,5,4740,卖盘
1350,10:46:49,9.49,0.01,2,1898,买盘
1351,10:46:55,9.48,-0.01,18,17064,卖盘
1352,10:47:01,9.49,0.01,60,56890,买盘
1353,10:47:04,9.48,-0.01,41,38876,卖盘
1354,10:47:10,9.49,0.01,8,7592,买盘
1355,10:47:12,9.48,-0.01,15,14220,卖盘
1356,10:47:15,9.48,0.0,5,4740,卖盘
1357,10:47:19,9.48,0.0,10,9480,卖盘
1358,10:47:25,9.48,0.0,50,47400,卖盘
1359,10:47:28,9.48,0.0,8,7584,卖盘
1360,10:47:31,9.48,0.0,163,154577,卖盘
1361,10:47:39,9.48,0.0,5,4740,卖盘
1362,10:47:49,9.48,0.0,128,121344,卖盘
1363,10:47:52,9.48,0.0,80,75840,卖盘
1364,10:47:55,9.48,0.0,100,94800,卖盘
1365,10:47:58,9.48,0.0,5,4740,卖盘
1366,10:48:01,9.48,0.0,9,8532,卖盘
1367,10:48:04,9.47,-0.01,27,25576,卖盘
1368,10:48:07,9.48,0.01,15,14220,买盘
1369,10:48:16,9.48,0.0,7,6636,买盘
1370,10:48:19,9.48,0.0,20,18951,买盘
1371,10:48:31,9.48,0.0,56,53038,买盘
1372,10:48:34,9.47,-0.01,50,47350,卖盘
1373,10:48:36,9.47,0.0,115,108912,卖盘
1374,10:48:40,9.48,0.01,200,189600,买盘
1375,10:48:43,9.47,-0.01,117,110799,卖盘
1376,10:48:46,9.47,0.0,4,3788,卖盘
1377,10:48:49,9.47,0.0,15,14205,卖盘
1378,10:48:52,9.47,0.0,281,266107,卖盘
1379,10:48:55,9.48,0.01,1,948,买盘
1380,10:48:58,9.47,-0.01,4,3788,卖盘
1381,10:49:01,9.48,0.01,10,9480,买盘
1382,10:49:04,9.47,-0.01,150,142050,卖盘
1383,10:49:06,9.47,0.0,10,9470,卖盘
1384,10:49:10,9.48,0.01,75,71035,买盘
1385,10:49:16,9.47,-0.01,1,947,卖盘
1386,10:49:19,9.47,0.0,2,1894,卖盘
1387,10:49:22,9.47,0.0,8,7576,卖盘
1388,10:49:31,9.47,0.0,28,26516,卖盘
1389,10:49:34,9.47,0.0,1,947,卖盘
1390,10:49:36,9.47,0.0,82,77656,卖盘
1391,10:49:40,9.47,0.0,5,4735,卖盘
1392,10:49:43,9.47,0.0,13,12311,卖盘
1393,10:49:52,9.46,-0.01,10,9460,卖盘
1394,10:49:55,9.48,0.02,200,189415,买盘
1395,10:50:04,9.47,-0.01,8,7576,买盘
1396,10:50:09,9.47,0.0,17,16099,买盘
1397,10:50:13,9.46,-0.01,161,152324,卖盘
1398,10:50:15,9.48,0.02,4,3792,买盘
1399,10:50:18,9.47,-0.01,9,8523,卖盘
1400,10:50:21,9.47,0.0,23,21781,卖盘
1401,10:50:25,9.47,0.0,16,15152,卖盘
1402,10:50:28,9.47,0.0,2,1894,卖盘
1403,10:50:31,9.47,0.0,5,4735,卖盘
1404,10:50:39,9.47,0.0,20,18940,卖盘
1405,10:50:43,9.47,0.0,11,10417,卖盘
1406,10:50:52,9.48,0.01,141,133668,买盘
1407,10:50:54,9.47,-0.01,135,127845,卖盘
1408,10:51:16,9.47,0.0,5,4735,卖盘
1409,10:51:25,9.47,0.0,5,4735,卖盘
1410,10:51:28,9.48,0.01,73,69136,买盘
1411,10:51:39,9.47,-0.01,3,2841,卖盘
1412,10:51:48,9.48,0.01,5,4740,买盘
1413,10:51:52,9.48,0.0,10,9480,买盘
1414,10:51:55,9.48,0.0,11,10428,买盘
1415,10:52:01,9.48,0.0,275,260635,买盘
1416,10:52:06,9.48,0.0,30,28440,买盘
1417,10:52:10,9.48,0.0,5,4740,买盘
1418,10:52:13,9.48,0.0,106,100488,买盘
1419,10:52:16,9.48,0.0,10,9480,买盘
1420,10:52:19,9.48,0.0,18,17064,买盘
1421,10:52:22,9.48,0.0,5,4740,买盘
1422,10:52:24,9.48,0.0,64,60672,买盘
1423,10:52:27,9.47,-0.01,34,32198,卖盘
1424,10:52:31,9.48,0.01,15,14220,买盘
1425,10:52:34,9.48,0.0,10,9480,卖盘
1426,10:52:37,9.48,0.0,20,18960,卖盘
1427,10:52:40,9.49,0.01,40,37927,买盘
1428,10:52:43,9.49,0.0,5,4745,买盘
1429,10:52:55,9.48,-0.01,51,48349,中性盘
1430,10:53:01,9.47,-0.01,400,378839,卖盘
1431,10:53:04,9.48,0.01,7,6636,卖盘
1432,10:53:06,9.48,0.0,5,4740,卖盘
1433,10:53:09,9.48,0.0,38,36024,卖盘
1434,10:53:13,9.48,0.0,12,11376,买盘
1435,10:53:19,9.48,0.0,20,18960,买盘
1436,10:53:30,9.48,0.0,3,2844,买盘
1437,10:53:37,9.47,-0.01,1,947,卖盘
1438,10:53:48,9.47,0.0,64,60622,卖盘
1439,10:53:55,9.48,0.01,11,10422,买盘
1440,10:53:58,9.47,-0.01,148,140156,卖盘
1441,10:54:01,9.47,0.0,2,1894,卖盘
1442,10:54:04,9.47,0.0,10,9470,卖盘
1443,10:54:06,9.47,0.0,4,3788,卖盘
1444,10:54:19,9.48,0.01,139,131772,买盘
1445,10:54:25,9.48,0.0,48,45504,卖盘
1446,10:54:27,9.49,0.01,31,29419,买盘
1447,10:54:31,9.49,0.0,34,32266,买盘
1448,10:54:34,9.48,-0.01,466,441774,卖盘
1449,10:54:45,9.48,0.0,126,119448,买盘
1450,10:55:01,9.48,0.0,3,2844,买盘
1451,10:55:06,9.47,-0.01,3,2841,卖盘
1452,10:55:10,9.48,0.01,125,118495,买盘
1453,10:55:55,9.48,0.0,24,22752,买盘
1454,10:56:12,9.48,0.0,5,4740,买盘
1455,10:56:25,9.47,-0.01,20,18940,卖盘
1456,10:56:27,9.47,0.0,5,4735,卖盘
1457,10:56:34,9.47,0.0,8,7576,卖盘
1458,10:56:40,9.47,0.0,10,9470,卖盘
1459,10:56:43,9.47,0.0,54,51167,卖盘
1460,10:56:48,9.48,0.01,33,31284,买盘
1461,10:56:55,9.48,0.0,55,52140,买盘
1462,10:56:57,9.49,0.01,39,37002,买盘
1463,10:57:03,9.48,-0.01,5,4740,卖盘
1464,10:57:07,9.48,0.0,9,8532,中性盘
1465,10:57:19,9.47,-0.01,51,48297,卖盘
1466,10:57:25,9.48,0.01,9,8532,买盘
1467,10:57:28,9.48,0.0,9,8532,买盘
1468,10:57:31,9.48,0.0,20,18960,买盘
1469,10:57:43,9.48,0.0,39,36972,买盘
1470,10:57:46,9.48,0.0,5,4740,买盘
1471,10:57:49,9.48,0.0,142,134616,买盘
1472,10:57:52,9.48,0.0,17,16116,买盘
1473,10:57:55,9.47,-0.01,45,42615,卖盘
1474,10:58:00,9.47,0.0,11,10417,卖盘
1475,10:58:04,9.47,0.0,90,85230,卖盘
1476,10:58:07,9.47,0.0,10,9470,卖盘
1477,10:58:19,9.47,0.0,34,32198,卖盘
1478,10:58:22,9.47,0.0,15,14205,卖盘
1479,10:58:25,9.48,0.01,20,18960,买盘
1480,10:58:31,9.47,-0.01,5,4735,卖盘
1481,10:58:39,9.47,0.0,122,115534,卖盘
1482,10:58:42,9.48,0.01,193,182848,买盘
1483,10:58:51,9.48,0.0,83,78642,买盘
1484,10:59:01,9.48,0.0,30,28440,买盘
1485,10:59:07,9.48,0.0,20,18960,买盘
1486,10:59:10,9.47,-0.01,1,947,卖盘
1487,10:59:13,9.47,0.0,25,23676,卖盘
1488,10:59:21,9.47,0.0,4,3788,卖盘
1489,10:59:25,9.48,0.01,5,4740,买盘
1490,10:59:27,9.47,-0.01,50,47350,卖盘
1491,10:59:49,9.48,0.01,100,94800,买盘
1492,11:00:01,9.47,-0.01,25,23675,卖盘
1493,11:00:10,9.47,0.0,10,9470,卖盘
1494,11:00:22,9.47,0.0,1,947,卖盘
1495,11:00:25,9.48,0.01,10,9480,买盘
1496,11:00:33,9.48,0.0,15,14215,买盘
1497,11:00:40,9.48,0.0,17,16116,买盘
1498,11:00:43,9.48,0.0,6,5688,买盘
1499,11:00:45,9.47,-0.01,105,99435,卖盘
1500,11:00:52,9.46,-0.01,50,47300,卖盘
1501,11:01:07,9.46,0.0,13,12298,卖盘
1502,11:01:10,9.47,0.01,14,13252,买盘
1503,11:01:13,9.46,-0.01,448,423808,卖盘
1504,11:01:16,9.46,0.0,4,3784,卖盘
1505,11:01:19,9.46,0.0,10,9460,买盘
1506,11:01:22,9.46,0.0,5,4730,买盘
1507,11:01:28,9.45,-0.01,30,28350,卖盘
1508,11:01:34,9.45,0.0,1,945,卖盘
1509,11:01:37,9.45,0.0,128,120960,卖盘
1510,11:01:40,9.45,0.0,79,74655,卖盘
1511,11:01:43,9.46,0.01,27,25542,买盘
1512,11:01:46,9.45,-0.01,12,11340,卖盘
1513,11:01:51,9.45,0.0,89,84143,卖盘
1514,11:01:54,9.46,0.01,81,76626,买盘
1515,11:01:58,9.46,0.0,18,17028,卖盘
1516,11:02:04,9.46,0.0,4,3784,卖盘
1517,11:02:18,9.46,0.0,200,189200,卖盘
1518,11:02:22,9.46,0.0,47,44462,卖盘
1519,11:02:31,9.46,0.0,8,7568,卖盘
1520,11:02:34,9.46,0.0,50,47300,卖盘
1521,11:02:37,9.46,0.0,5,4730,卖盘
1522,11:02:40,9.46,0.0,106,100276,卖盘
1523,11:02:46,9.46,0.0,21,19865,买盘
1524,11:02:55,9.45,-0.01,2,1890,卖盘
1525,11:02:57,9.45,0.0,9,8505,卖盘
1526,11:03:01,9.46,0.01,7,6621,买盘
1527,11:03:10,9.46,0.0,34,32164,买盘
1528,11:03:13,9.46,0.0,8,7568,买盘
1529,11:03:25,9.46,0.0,60,56760,买盘
1530,11:03:27,9.45,-0.01,11,10395,卖盘
1531,11:03:31,9.45,0.0,10,9455,卖盘
1532,11:03:36,9.46,0.01,111,104991,买盘
1533,11:03:52,9.46,0.0,15,14190,卖盘
1534,11:03:58,9.46,0.0,32,30272,卖盘
1535,11:04:01,9.46,0.0,21,19866,卖盘
1536,11:04:04,9.46,0.0,8,7570,卖盘
1537,11:04:07,9.46,0.0,64,60592,卖盘
1538,11:04:09,9.46,0.0,5,4730,卖盘
1539,11:04:22,9.46,0.0,50,47300,卖盘
1540,11:04:25,9.47,0.01,220,208252,买盘
1541,11:04:28,9.46,-0.01,25,23650,卖盘
1542,11:04:30,9.47,0.01,32,30304,买盘
1543,11:04:36,9.47,0.0,95,89965,买盘
1544,11:04:40,9.47,0.0,55,52085,买盘
1545,11:04:46,9.47,0.0,54,51138,买盘
1546,11:04:49,9.47,0.0,981,929677,买盘
1547,11:04:55,9.49,0.02,56,53144,买盘
1548,11:04:58,9.47,-0.02,28,26516,卖盘
1549,11:05:01,9.47,0.0,4,3788,卖盘
1550,11:05:04,9.49,0.02,2,1898,买盘
1551,11:05:07,9.49,0.0,241,228709,买盘
1552,11:05:09,9.47,-0.02,31,29357,卖盘
1553,11:05:13,9.49,0.02,91,86339,买盘
1554,11:05:16,9.49,0.0,30,28470,买盘
1555,11:05:19,9.5,0.01,174,165300,买盘
1556,11:05:22,9.49,-0.01,3,2847,卖盘
1557,11:05:37,9.49,0.0,40,37960,卖盘
1558,11:05:40,9.49,0.0,25,23748,卖盘
1559,11:05:43,9.5,0.01,52,49400,买盘
1560,11:05:45,9.5,0.0,196,186196,买盘
1561,11:05:51,9.49,-0.01,192,182208,卖盘
1562,11:05:55,9.47,-0.02,114,108178,卖盘
1563,11:05:58,9.49,0.02,30,28470,买盘
1564,11:06:01,9.49,0.0,4,3796,买盘
1565,11:06:04,9.49,0.0,118,111982,买盘
1566,11:06:07,9.49,0.0,25,23725,买盘
1567,11:06:13,9.49,0.0,79,74971,买盘
1568,11:06:16,9.48,-0.01,28,26544,卖盘
1569,11:06:19,9.49,0.01,14,13286,买盘
1570,11:06:22,9.5,0.01,30,28500,买盘
1571,11:06:24,9.49,-0.01,153,145197,卖盘
1572,11:06:37,9.49,0.0,1,949,卖盘
1573,11:06:46,9.5,0.01,13,12347,买盘
1574,11:06:58,9.5,0.0,44,41800,买盘
1575,11:07:01,9.5,0.0,78,74092,买盘
1576,11:07:13,9.49,-0.01,100,94900,卖盘
1577,11:07:22,9.5,0.01,13,12345,买盘
1578,11:07:28,9.5,0.0,157,149047,买盘
1579,11:07:37,9.49,-0.01,83,78767,卖盘
1580,11:07:42,9.49,0.0,5,4745,卖盘
1581,11:07:49,9.49,0.0,30,28480,卖盘
1582,11:07:55,9.49,0.0,25,23735,卖盘
1583,11:08:01,9.49,0.0,69,65531,卖盘
1584,11:08:04,9.5,0.01,32,30400,买盘
1585,11:08:10,9.49,-0.01,23,21845,卖盘
1586,11:08:12,9.49,0.0,3,2847,卖盘
1587,11:08:16,9.49,0.0,12,11399,卖盘
1588,11:08:22,9.5,0.01,34,32293,买盘
1589,11:08:25,9.49,-0.01,5,4745,卖盘
1590,11:08:31,9.49,0.0,1,949,卖盘
1591,11:08:34,9.5,0.01,100,95000,买盘
1592,11:08:43,9.49,-0.01,132,125268,卖盘
1593,11:08:46,9.5,0.01,10,9500,买盘
1594,11:08:52,9.49,-0.01,1,949,卖盘
1595,11:08:55,9.49,0.0,2,1898,卖盘
1596,11:08:58,9.49,0.0,5,4745,卖盘
1597,11:09:01,9.49,0.0,34,32266,卖盘
1598,11:09:04,9.49,0.0,25,23725,卖盘
1599,11:09:07,9.5,0.01,68,64542,买盘
1600,11:09:15,9.49,-0.01,15,14240,卖盘
1601,11:09:25,9.49,0.0,5,4745,买盘
1602,11:09:31,9.49,0.0,5,4745,买盘
1603,11:09:34,9.49,0.0,27,25623,买盘
1604,11:09:40,9.5,0.01,501,475862,买盘
1605,11:09:43,9.49,-0.01,1,949,中性盘
1606,11:09:46,9.49,0.0,5,4745,卖盘
1607,11:09:55,9.49,0.0,4,3796,卖盘
1608,11:10:04,9.49,0.0,111,105339,买盘
1609,11:10:06,9.48,-0.01,5,4740,卖盘
1610,11:10:19,9.48,0.0,4,3792,卖盘
1611,11:10:28,9.48,0.0,2,1896,卖盘
1612,11:10:31,9.48,0.0,10,9480,卖盘
1613,11:10:37,9.48,0.0,10,9480,卖盘
1614,11:10:40,9.48,0.0,184,174602,卖盘
1615,11:10:43,9.48,0.0,25,23700,卖盘
1616,11:10:46,9.48,0.0,45,42660,卖盘
1617,11:10:54,9.49,0.01,22,20868,买盘
1618,11:11:00,9.48,-0.01,2,1896,卖盘
1619,11:11:04,9.49,0.01,3,2847,买盘
1620,11:11:07,9.48,-0.01,20,18960,卖盘
1621,11:11:10,9.48,0.0,15,14220,卖盘
1622,11:11:18,9.48,0.0,10,9480,卖盘
1623,11:11:21,9.48,0.0,6,5688,卖盘
1624,11:11:25,9.48,0.0,429,406692,卖盘
1625,11:11:34,9.48,0.0,10,9480,买盘
1626,11:11:52,9.47,-0.01,7,6631,卖盘
1627,11:12:00,9.47,0.0,5,4735,卖盘
1628,11:12:07,9.47,0.0,10,9470,卖盘
1629,11:12:22,9.47,0.0,30,28410,卖盘
1630,11:12:28,9.47,0.0,35,33145,卖盘
1631,11:12:36,9.48,0.01,53,50241,买盘
1632,11:12:43,9.47,-0.01,130,123110,卖盘
1633,11:12:46,9.47,0.0,20,18940,卖盘
1634,11:12:58,9.48,0.01,5,4736,买盘
1635,11:13:01,9.47,-0.01,5,4735,卖盘
1636,11:13:06,9.47,0.0,5,4735,卖盘
1637,11:13:25,9.47,0.0,7,6632,卖盘
1638,11:13:27,9.47,0.0,14,13260,卖盘
1639,11:13:33,9.46,-0.01,216,204432,卖盘
1640,11:13:52,9.46,0.0,1,946,卖盘
1641,11:13:55,9.47,0.01,12,11364,买盘
1642,11:13:58,9.46,-0.01,15,14190,卖盘
1643,11:14:04,9.47,0.01,55,52080,买盘
1644,11:14:09,9.46,-0.01,3,2838,卖盘
1645,11:14:16,9.47,0.01,30,28410,买盘
1646,11:14:28,9.46,-0.01,100,94600,卖盘
1647,11:14:37,9.46,0.0,5,4730,卖盘
1648,11:14:40,9.46,0.0,15,14190,卖盘
1649,11:14:42,9.46,0.0,15,14195,卖盘
1650,11:14:48,9.47,0.01,10,9470,买盘
1651,11:14:52,9.46,-0.01,25,23650,卖盘
1652,11:14:55,9.47,0.01,113,106911,买盘
1653,11:14:57,9.47,0.0,38,35961,买盘
1654,11:15:06,9.46,-0.01,5,4730,卖盘
1655,11:15:09,9.46,0.0,20,18920,卖盘
1656,11:15:12,9.47,0.01,50,47350,买盘
1657,11:15:16,9.46,-0.01,10,9460,卖盘
1658,11:15:19,9.46,0.0,3,2838,卖盘
1659,11:15:22,9.47,0.01,10,9470,买盘
1660,11:15:37,9.46,-0.01,1,946,卖盘
1661,11:15:40,9.46,0.0,104,98384,卖盘
1662,11:15:42,9.47,0.01,66,62502,买盘
1663,11:15:45,9.46,-0.01,4,3784,卖盘
1664,11:15:55,9.47,0.01,29,27463,买盘
1665,11:16:04,9.46,-0.01,98,92708,卖盘
1666,11:16:07,9.46,0.0,7,6622,卖盘
1667,11:16:16,9.46,0.0,9,8514,买盘
1668,11:16:28,9.46,0.0,6,5671,买盘
1669,11:16:31,9.46,0.0,10,9455,买盘
1670,11:16:43,9.46,0.0,164,155134,买盘
1671,11:16:46,9.46,0.0,4,3784,卖盘
1672,11:16:55,9.46,0.0,12,11352,卖盘
1673,11:16:58,9.46,0.0,10,9460,卖盘
1674,11:17:07,9.46,0.0,26,24596,卖盘
1675,11:17:16,9.46,0.0,61,57710,卖盘
1676,11:17:18,9.46,0.0,20,18920,卖盘
1677,11:17:22,9.46,0.0,7,6622,卖盘
1678,11:17:31,9.46,0.0,30,28380,买盘
1679,11:17:39,9.46,0.0,20,18920,卖盘
1680,11:17:58,9.46,0.0,5,4730,卖盘
1681,11:18:07,9.47,0.01,68,64396,买盘
1682,11:18:10,9.46,-0.01,36,34062,卖盘
1683,11:18:16,9.47,0.01,188,178036,买盘
1684,11:18:31,9.48,0.01,164,155372,买盘
1685,11:18:46,9.48,0.0,57,54036,买盘
1686,11:18:52,9.47,-0.01,139,131701,卖盘
1687,11:18:55,9.47,0.0,34,32222,卖盘
1688,11:19:00,9.48,0.01,2,1896,买盘
1689,11:19:10,9.47,-0.01,2,1895,卖盘
1690,11:19:13,9.48,0.01,131,124185,买盘
1691,11:19:19,9.47,-0.01,13,12311,卖盘
1692,11:19:34,9.48,0.01,1,948,买盘
1693,11:19:36,9.47,-0.01,4,3788,卖盘
1694,11:19:40,9.48,0.01,57,54035,买盘
1695,11:19:55,9.48,0.0,3,2844,买盘
1696,11:19:58,9.48,0.0,25,23695,买盘
1697,11:20:00,9.47,-0.01,300,284100,卖盘
1698,11:20:13,9.48,0.01,88,83379,买盘
1699,11:20:15,9.47,-0.01,25,23699,卖盘
1700,11:20:28,9.47,0.0,15,14205,卖盘
1701,11:20:33,9.48,0.01,215,203820,买盘
1702,11:20:37,9.48,0.0,100,94800,卖盘
1703,11:20:40,9.49,0.01,25,23725,买盘
1704,11:20:43,9.48,-0.01,68,64517,卖盘
1705,11:20:46,9.48,0.0,10,9480,卖盘
1706,11:20:49,9.48,0.0,10,9480,卖盘
1707,11:20:52,9.48,0.0,3,2844,卖盘
1708,11:20:55,9.48,0.0,51,48348,卖盘
1709,11:21:00,9.48,0.0,9,8532,卖盘
1710,11:21:04,9.48,0.0,14,13272,买盘
1711,11:21:10,9.49,0.01,68,64495,买盘
1712,11:21:19,9.47,-0.02,20,18940,卖盘
1713,11:21:25,9.48,0.01,12,11376,买盘
1714,11:21:31,9.48,0.0,53,50244,买盘
1715,11:21:34,9.48,0.0,23,21798,买盘
1716,11:21:37,9.48,0.0,5,4740,买盘
1717,11:21:39,9.48,0.0,198,187512,买盘
1718,11:21:46,9.47,-0.01,9,8528,卖盘
1719,11:21:49,9.47,0.0,1,947,买盘
1720,11:21:52,9.48,0.01,348,329319,买盘
1721,11:21:55,9.49,0.01,35,33215,买盘
1722,11:21:58,9.48,-0.01,50,47400,卖盘
1723,11:22:25,9.48,0.0,10,9480,卖盘
1724,11:22:28,9.49,0.01,18,17082,买盘
1725,11:22:34,9.48,-0.01,36,34128,卖盘
1726,11:22:37,9.48,0.0,52,49326,卖盘
1727,11:22:43,9.47,-0.01,3,2841,买盘
1728,11:22:46,9.47,0.0,103,97541,买盘
1729,11:22:55,9.48,0.01,19,18012,卖盘
1730,11:22:58,9.48,0.0,17,16116,卖盘
1731,11:23:04,9.48,0.0,39,36972,买盘
1732,11:23:10,9.47,-0.01,28,26516,卖盘
1733,11:23:13,9.47,0.0,56,53032,买盘
1734,11:23:22,9.47,0.0,2,1894,买盘
1735,11:23:24,9.47,0.0,20,18940,买盘
1736,11:23:27,9.46,-0.01,10,9465,卖盘
1737,11:23:31,9.46,0.0,62,58652,卖盘
1738,11:23:34,9.47,0.01,43,40721,买盘
1739,11:23:37,9.47,0.0,18,17046,买盘
1740,11:23:40,9.47,0.0,10,9470,卖盘
1741,11:23:46,9.47,0.0,2,1894,卖盘
1742,11:23:54,9.47,0.0,5,4735,买盘
1743,11:24:04,9.48,0.01,7,6636,买盘
1744,11:24:10,9.47,-0.01,10,9470,卖盘
1745,11:24:31,9.48,0.01,5,4736,买盘
1746,11:24:37,9.48,0.0,4,3792,买盘
1747,11:24:43,9.47,-0.01,4,3788,卖盘
1748,11:24:52,9.47,0.0,9,8523,卖盘
1749,11:25:01,9.48,0.01,6,5688,买盘
1750,11:25:04,9.48,0.0,10,9480,买盘
1751,11:25:07,9.47,-0.01,7,6629,卖盘
1752,11:25:12,9.48,0.01,67,63516,买盘
1753,11:25:16,9.48,0.0,10,9480,买盘
1754,11:25:21,9.48,0.0,5,4740,买盘
1755,11:25:25,9.48,0.0,2,1896,买盘
1756,11:25:27,9.47,-0.01,10,9470,卖盘
1757,11:25:34,9.48,0.01,100,94800,买盘
1758,11:25:37,9.47,-0.01,25,23675,卖盘
1759,11:25:40,9.48,0.01,44,41712,买盘
1760,11:25:43,9.48,0.0,179,169516,买盘
1761,11:25:46,9.48,0.0,5,4740,买盘
1762,11:25:49,9.47,-0.01,10,9470,卖盘
1763,11:25:52,9.47,0.0,30,28410,卖盘
1764,11:25:54,9.48,0.01,50,47400,买盘
1765,11:25:58,9.47,-0.01,3,2841,卖盘
1766,11:26:19,9.48,0.01,49,46452,买盘
1767,11:26:25,9.48,0.0,5,4740,卖盘
1768,11:26:27,9.48,0.0,5,4740,卖盘
1769,11:26:33,9.48,0.0,5,4740,卖盘
1770,11:26:36,9.49,0.01,5,4744,买盘
1771,11:26:40,9.47,-0.02,85,80569,卖盘
1772,11:26:52,9.47,0.0,50,47350,卖盘
1773,11:26:58,9.47,0.0,12,11364,卖盘
1774,11:27:01,9.47,0.0,81,76707,卖盘
1775,11:27:04,9.47,0.0,7,6629,买盘
1776,11:27:16,9.47,0.0,18,17046,买盘
1777,11:27:19,9.47,0.0,127,120166,买盘
1778,11:27:25,9.47,0.0,6,5682,买盘
1779,11:27:28,9.47,0.0,10,9470,卖盘
1780,11:27:39,9.48,0.01,12,11376,买盘
1781,11:27:43,9.47,-0.01,16,15152,卖盘
1782,11:27:46,9.47,0.0,166,157239,卖盘
1783,11:27:52,9.47,0.0,140,132580,买盘
1784,11:27:55,9.47,0.0,12,11364,买盘
1785,11:27:58,9.47,0.0,15,14195,买盘
1786,11:28:01,9.46,-0.01,10,9465,卖盘
1787,11:28:10,9.47,0.01,16,15152,买盘
1788,11:28:19,9.49,0.02,5,4744,买盘
1789,11:28:21,9.47,-0.02,2,1894,卖盘
1790,11:28:24,9.49,0.02,12,11388,买盘
1791,11:28:34,9.47,-0.02,5,4735,卖盘
1792,11:28:37,9.47,0.0,16,15162,卖盘
1793,11:28:40,9.5,0.03,1151,1092894,买盘
1794,11:28:49,9.51,0.01,30,28530,买盘
1795,11:28:58,9.51,0.0,5,4755,买盘
1796,11:29:00,9.51,0.0,3,2853,买盘
1797,11:29:07,9.51,0.0,5,4755,买盘
1798,11:29:12,9.51,0.0,1,951,买盘
1799,11:29:16,9.51,0.0,2,1902,买盘
1800,11:29:19,9.5,-0.01,318,302118,卖盘
1801,11:29:22,9.5,0.0,21,19950,卖盘
1802,11:29:25,9.51,0.01,2,1902,买盘
1803,11:29:28,9.5,-0.01,58,55100,卖盘
1804,11:29:31,9.51,0.01,9,8557,买盘
1805,11:29:33,9.48,-0.03,11,10428,卖盘
1806,11:29:39,9.5,0.02,3,2850,买盘
1807,11:29:49,9.5,0.0,2,1900,买盘
1808,11:29:52,9.5,0.0,7,6650,中性盘
1809,13:00:01,9.49,-0.01,53,50297,卖盘
1810,13:00:04,9.5,0.01,1603,1522881,买盘
1811,13:00:07,9.5,0.0,125,118786,卖盘
1812,13:00:10,9.5,0.0,20,19000,卖盘
1813,13:00:22,9.51,0.01,14,13314,买盘
1814,13:00:24,9.5,-0.01,161,152952,卖盘
1815,13:00:27,9.51,0.01,1,951,买盘
1816,13:00:31,9.51,0.0,14,13314,买盘
1817,13:00:34,9.5,-0.01,1862,1770281,卖盘
1818,13:00:37,9.5,0.0,17,16150,买盘
1819,13:00:45,9.5,0.0,38,36100,买盘
1820,13:00:52,9.49,-0.01,4,3798,卖盘
1821,13:00:55,9.5,0.01,4,3800,买盘
1822,13:01:04,9.49,-0.01,10,9490,卖盘
1823,13:01:07,9.5,0.01,10,9500,买盘
1824,13:01:16,9.5,0.0,9,8550,买盘
1825,13:01:22,9.49,-0.01,46,43696,卖盘
1826,13:01:24,9.5,0.01,20,19000,买盘
1827,13:01:28,9.49,-0.01,12,11388,卖盘
1828,13:01:30,9.5,0.01,3,2850,买盘
1829,13:01:40,9.49,-0.01,28,26572,卖盘
1830,13:01:43,9.49,0.0,12,11388,卖盘
1831,13:01:48,9.49,0.0,30,28470,卖盘
1832,13:01:54,9.49,0.0,10,9490,卖盘
1833,13:01:58,9.49,0.0,1,949,卖盘
1834,13:02:07,9.49,0.0,37,35113,卖盘
1835,13:02:10,9.49,0.0,6,5694,卖盘
1836,13:02:13,9.49,0.0,5,4745,卖盘
1837,13:02:16,9.5,0.01,20,19000,买盘
1838,13:02:21,9.49,-0.01,40,37960,卖盘
1839,13:02:25,9.49,0.0,3,2847,卖盘
1840,13:02:27,9.49,0.0,10,9490,卖盘
1841,13:02:31,9.49,0.0,4,3796,卖盘
1842,13:02:46,9.5,0.01,50,47500,买盘
1843,13:02:49,9.5,0.0,426,404700,买盘
1844,13:02:52,9.49,-0.01,39,37011,卖盘
1845,13:03:01,9.49,0.0,18,17098,卖盘
1846,13:03:07,9.5,0.01,8,7600,买盘
1847,13:03:16,9.49,-0.01,6,5696,卖盘
1848,13:03:18,9.5,0.01,7,6650,买盘
1849,13:03:25,9.5,0.0,1,950,买盘
1850,13:03:28,9.49,-0.01,9,8541,卖盘
1851,13:03:33,9.5,0.01,25,23750,买盘
1852,13:03:36,9.5,0.0,11,10448,买盘
1853,13:03:46,9.5,0.0,100,95000,买盘
1854,13:03:55,9.51,0.01,24,22824,买盘
1855,13:03:58,9.5,-0.01,26,24706,卖盘
1856,13:04:18,9.51,0.01,20,19020,买盘
1857,13:04:22,9.51,0.0,19,18069,买盘
1858,13:04:28,9.51,0.0,172,163569,买盘
1859,13:04:33,9.5,-0.01,25,23750,卖盘
1860,13:04:36,9.5,0.0,5,4750,卖盘
1861,13:04:42,9.5,0.0,25,23750,买盘
1862,13:04:46,9.51,0.01,2,1902,买盘
1863,13:04:48,9.5,-0.01,37,35150,卖盘
1864,13:04:57,9.51,0.01,42,39942,买盘
1865,13:05:04,9.5,-0.01,20,19000,卖盘
1866,13:05:06,9.51,0.01,11,10461,买盘
1867,13:05:09,9.5,-0.01,16,15204,卖盘
1868,13:05:12,9.5,0.0,25,23750,卖盘
1869,13:05:16,9.5,0.0,41,38978,卖盘
1870,13:05:24,9.5,0.0,35,33250,买盘
1871,13:05:31,9.5,0.0,10,9500,卖盘
1872,13:05:34,9.5,0.0,10,9500,卖盘
1873,13:05:42,9.49,-0.01,150,142425,卖盘
1874,13:05:46,9.5,0.01,25,23750,买盘
1875,13:05:55,9.5,0.0,5,4750,卖盘
1876,13:05:57,9.5,0.0,17,16150,卖盘
1877,13:06:04,9.5,0.0,2,1900,卖盘
1878,13:06:10,9.5,0.0,16,15206,卖盘
1879,13:06:12,9.5,0.0,3,2850,卖盘
1880,13:06:15,9.5,0.0,20,19000,卖盘
1881,13:06:37,9.5,0.0,25,23750,卖盘
1882,13:06:43,9.5,0.0,10,9500,卖盘
1883,13:06:48,9.5,0.0,10,9500,卖盘
1884,13:06:55,9.51,0.01,6,5706,买盘
1885,13:07:04,9.5,-0.01,60,57020,卖盘
1886,13:07:12,9.5,0.0,2,1900,卖盘
1887,13:07:15,9.5,0.0,40,38000,卖盘
1888,13:07:19,9.5,0.0,10,9500,卖盘
1889,13:07:25,9.5,0.0,8,7600,卖盘
1890,13:07:31,9.5,0.0,30,28500,卖盘
1891,13:07:34,9.5,0.0,6,5700,卖盘
1892,13:07:37,9.5,0.0,5,4750,卖盘
1893,13:07:42,9.5,0.0,4,3800,卖盘
1894,13:07:49,9.51,0.01,109,103650,买盘
1895,13:07:55,9.5,-0.01,5,4750,卖盘
1896,13:07:58,9.5,0.0,24,22800,卖盘
1897,13:08:01,9.5,0.0,66,62700,卖盘
1898,13:08:04,9.51,0.01,43,40893,买盘
1899,13:08:06,9.5,-0.01,100,95000,卖盘
1900,13:08:10,9.5,0.0,20,19000,买盘
1901,13:08:12,9.5,0.0,30,28500,卖盘
1902,13:08:19,9.51,0.01,19,18069,买盘
1903,13:08:22,9.5,-0.01,23,21850,卖盘
1904,13:08:25,9.51,0.01,30,28530,买盘
1905,13:08:34,9.5,-0.01,1,950,卖盘
1906,13:08:37,9.51,0.01,5,4755,买盘
1907,13:08:42,9.5,-0.01,8,7600,卖盘
1908,13:08:46,9.5,0.0,11,10450,卖盘
1909,13:08:48,9.51,0.01,245,232960,买盘
1910,13:08:52,9.5,-0.01,36,34206,卖盘
1911,13:08:57,9.5,0.0,2,1900,卖盘
1912,13:09:07,9.5,0.0,11,10450,卖盘
1913,13:09:10,9.5,0.0,30,28511,卖盘
1914,13:09:16,9.5,0.0,4,3800,卖盘
1915,13:09:22,9.5,0.0,5,4750,卖盘
1916,13:09:24,9.51,0.01,2,1902,买盘
1917,13:09:37,9.51,0.0,20,19020,买盘
1918,13:09:40,9.51,0.0,154,146454,买盘
1919,13:09:43,9.51,0.0,10,9510,卖盘
1920,13:09:46,9.51,0.0,91,86541,卖盘
1921,13:09:54,9.51,0.0,80,76080,买盘
1922,13:09:58,9.5,-0.01,20,19000,卖盘
1923,13:10:01,9.5,0.0,26,24710,卖盘
1924,13:10:12,9.5,0.0,1,950,卖盘
1925,13:10:16,9.5,0.0,42,39900,卖盘
1926,13:10:19,9.5,0.0,6,5700,卖盘
1927,13:10:22,9.51,0.01,65,61802,买盘
1928,13:10:28,9.5,-0.01,148,140662,卖盘
1929,13:10:30,9.5,0.0,50,47500,卖盘
1930,13:10:34,9.5,0.0,13,12354,卖盘
1931,13:10:37,9.5,0.0,10,9500,卖盘
1932,13:10:49,9.5,0.0,70,66500,卖盘
1933,13:10:52,9.51,0.01,32,30421,买盘
1934,13:10:58,9.5,-0.01,5,4750,卖盘
1935,13:11:04,9.51,0.01,31,29481,买盘
1936,13:11:07,9.5,-0.01,12,11406,卖盘
1937,13:11:09,9.51,0.01,2,1902,买盘
1938,13:11:22,9.5,-0.01,1,950,卖盘
1939,13:11:34,9.51,0.01,12,11412,买盘
1940,13:11:40,9.5,-0.01,20,19000,卖盘
1941,13:11:49,9.5,0.0,10,9500,卖盘
1942,13:11:52,9.5,0.0,5,4750,卖盘
1943,13:11:55,9.5,0.0,5,4750,卖盘
1944,13:12:01,9.5,0.0,35,33250,卖盘
1945,13:12:04,9.5,0.0,7,6650,卖盘
1946,13:12:07,9.5,0.0,15,14250,卖盘
1947,13:12:13,9.5,0.0,55,52250,卖盘
1948,13:12:28,9.5,0.0,43,40850,卖盘
1949,13:12:30,9.5,0.0,105,99818,卖盘
1950,13:12:57,9.5,0.0,25,23727,买盘
1951,13:13:01,9.5,0.0,46,43687,买盘
1952,13:13:13,9.49,-0.01,104,98696,卖盘
1953,13:13:16,9.49,0.0,64,60736,卖盘
1954,13:13:19,9.5,0.01,1,950,买盘
1955,13:13:22,9.49,-0.01,17,16133,卖盘
1956,13:13:27,9.49,0.0,26,24674,卖盘
1957,13:13:30,9.49,0.0,74,70226,卖盘
1958,13:13:34,9.49,0.0,44,41756,买盘
1959,13:13:37,9.49,0.0,6,5694,卖盘
1960,13:13:46,9.49,0.0,54,51242,买盘
1961,13:13:52,9.48,-0.01,30,28440,卖盘
1962,13:14:01,9.48,0.0,4,3792,卖盘
1963,13:14:07,9.48,0.0,125,118500,卖盘
1964,13:14:09,9.48,0.0,50,47400,卖盘
1965,13:14:19,9.48,0.0,16,15168,卖盘
1966,13:14:22,9.48,0.0,2,1896,卖盘
1967,13:14:25,9.48,0.0,10,9480,卖盘
1968,13:14:28,9.48,0.0,10,9480,卖盘
1969,13:14:31,9.48,0.0,25,23700,卖盘
1970,13:14:40,9.49,0.01,24,22776,买盘
1971,13:14:46,9.48,-0.01,50,47400,卖盘
1972,13:14:55,9.48,0.0,107,101436,卖盘
1973,13:14:58,9.48,0.0,17,16116,卖盘
1974,13:15:04,9.48,0.0,47,44556,卖盘
1975,13:15:07,9.48,0.0,11,10428,卖盘
1976,13:15:10,9.48,0.0,151,143148,卖盘
1977,13:15:22,9.48,0.0,10,9480,买盘
1978,13:15:25,9.47,-0.01,362,342814,卖盘
1979,13:15:31,9.47,0.0,37,35039,卖盘
1980,13:15:39,9.47,0.0,10,9470,卖盘
1981,13:15:42,9.47,0.0,63,59661,卖盘
1982,13:15:46,9.48,0.01,2,1896,买盘
1983,13:15:49,9.47,-0.01,120,113640,卖盘
1984,13:15:55,9.47,0.0,148,140156,卖盘
1985,13:16:07,9.47,0.0,2,1894,买盘
1986,13:16:13,9.47,0.0,15,14195,买盘
1987,13:16:16,9.46,-0.01,1,946,卖盘
1988,13:16:22,9.47,0.01,150,142050,买盘
1989,13:16:25,9.46,-0.01,1,946,卖盘
1990,13:16:28,9.46,0.0,51,48246,卖盘
1991,13:16:40,9.46,0.0,50,47300,卖盘
1992,13:16:49,9.46,0.0,8,7568,卖盘
1993,13:16:51,9.46,0.0,6,5676,卖盘
1994,13:16:58,9.46,0.0,1,946,卖盘
1995,13:17:01,9.46,0.0,5,4730,卖盘
1996,13:17:04,9.47,0.01,22,20822,买盘
1997,13:17:15,9.47,0.0,56,52978,买盘
1998,13:17:19,9.46,-0.01,250,236500,卖盘
1999,13:17:25,9.46,0.0,24,22704,卖盘
2000,13:17:31,9.46,0.0,6,5676,买盘
2001,13:17:49,9.47,0.01,50,47350,买盘
2002,13:17:52,9.46,-0.01,4,3784,卖盘
2003,13:17:58,9.45,-0.01,159,150283,卖盘
2004,13:18:01,9.46,0.01,1,946,中性盘
2005,13:18:07,9.46,0.0,19,17974,卖盘
2006,13:18:13,9.47,0.01,80,75704,买盘
2007,13:18:19,9.47,0.0,3,2839,买盘
2008,13:18:25,9.46,-0.01,74,69983,买盘
2009,13:18:31,9.46,0.0,1,946,买盘
2010,13:18:34,9.46,0.0,20,18920,买盘
2011,13:18:36,9.46,0.0,5,4730,买盘
2012,13:18:39,9.46,0.0,59,55814,买盘
2013,13:18:43,9.46,0.0,41,38786,卖盘
2014,13:18:49,9.46,0.0,7,6622,买盘
2015,13:18:52,9.46,0.0,1,946,卖盘
2016,13:18:57,9.46,0.0,21,19866,买盘
2017,13:19:01,9.46,0.0,55,52030,买盘
2018,13:19:04,9.45,-0.01,43,40635,卖盘
2019,13:19:07,9.46,0.01,26,24596,买盘
2020,13:19:13,9.46,0.0,20,18920,买盘
2021,13:19:19,9.45,-0.01,40,37830,卖盘
2022,13:19:22,9.46,0.01,17,16082,买盘
2023,13:19:25,9.45,-0.01,4,3780,卖盘
2024,13:19:28,9.45,0.0,49,46305,卖盘
2025,13:19:37,9.46,0.01,58,54813,买盘
2026,13:19:55,9.45,-0.01,50,47250,卖盘
2027,13:19:57,9.45,0.0,5,4725,卖盘
2028,13:20:00,9.46,0.01,276,260891,买盘
2029,13:20:04,9.46,0.0,39,36894,卖盘
2030,13:20:07,9.45,-0.01,4,3780,卖盘
2031,13:20:18,9.45,0.0,5,4725,卖盘
2032,13:20:21,9.45,0.0,110,103960,卖盘
2033,13:20:34,9.45,0.0,4,3780,卖盘
2034,13:20:37,9.46,0.01,244,230808,买盘
2035,13:20:45,9.46,0.0,15,14190,卖盘
2036,13:20:49,9.46,0.0,13,12298,卖盘
2037,13:20:52,9.47,0.01,8,7573,买盘
2038,13:20:58,9.47,0.0,35,33115,买盘
2039,13:21:10,9.46,-0.01,100,94600,卖盘
2040,13:21:15,9.46,0.0,1,946,卖盘
2041,13:21:18,9.46,0.0,100,94600,卖盘
2042,13:21:21,9.46,0.0,17,16082,买盘
2043,13:21:27,9.46,0.0,41,38786,买盘
2044,13:21:31,9.46,0.0,91,86086,卖盘
2045,13:21:46,9.46,0.0,5,4730,卖盘
2046,13:22:04,9.46,0.0,27,25542,卖盘
2047,13:22:07,9.46,0.0,3,2838,卖盘
2048,13:22:12,9.46,0.0,70,66240,卖盘
2049,13:22:18,9.46,0.0,50,47300,卖盘
2050,13:22:21,9.46,0.0,9,8514,卖盘
2051,13:22:24,9.46,0.0,50,47300,买盘
2052,13:22:43,9.46,0.0,2,1892,买盘
2053,13:22:46,9.45,-0.01,10,9450,卖盘
2054,13:22:54,9.45,0.0,50,47250,卖盘
2055,13:23:06,9.45,0.0,5,4725,卖盘
2056,13:23:19,9.45,0.0,3,2835,卖盘
2057,13:23:21,9.46,0.01,10,9460,买盘
2058,13:23:31,9.45,-0.01,22,20790,卖盘
2059,13:23:40,9.45,0.0,763,721035,卖盘
2060,13:23:43,9.44,-0.01,18,16992,卖盘
2061,13:23:52,9.44,0.0,11,10384,卖盘
2062,13:23:55,9.44,0.0,24,22656,卖盘
2063,13:23:58,9.44,0.0,57,53808,卖盘
2064,13:24:04,9.44,0.0,36,33984,卖盘
2065,13:24:10,9.44,0.0,49,46256,卖盘
2066,13:24:13,9.44,0.0,18,16998,卖盘
2067,13:24:16,9.45,0.01,99,93555,买盘
2068,13:24:19,9.44,-0.01,102,96288,卖盘
2069,13:24:22,9.45,0.01,42,39690,买盘
2070,13:24:31,9.44,-0.01,7,6608,卖盘
2071,13:24:37,9.44,0.0,10,9440,卖盘
2072,13:24:40,9.44,0.0,60,56640,卖盘
2073,13:24:43,9.45,0.01,70,66097,买盘
2074,13:24:46,9.44,-0.01,9,8496,卖盘
2075,13:24:49,9.44,0.0,47,44368,卖盘
2076,13:24:51,9.44,0.0,25,23600,卖盘
2077,13:24:58,9.44,0.0,33,31152,卖盘
2078,13:25:04,9.44,0.0,5,4720,卖盘
2079,13:25:06,9.44,0.0,39,36816,卖盘
2080,13:25:10,9.43,-0.01,5,4716,卖盘
2081,13:25:13,9.44,0.01,9,8496,买盘
2082,13:25:21,9.43,-0.01,2,1886,卖盘
2083,13:25:25,9.43,0.0,20,18860,卖盘
2084,13:25:31,9.43,0.0,13,12259,卖盘
2085,13:25:34,9.43,0.0,50,47150,卖盘
2086,13:25:37,9.43,0.0,245,231035,卖盘
2087,13:25:40,9.43,0.0,24,22632,卖盘
2088,13:25:46,9.44,0.01,18,16992,买盘
2089,13:25:54,9.43,-0.01,101,95243,卖盘
2090,13:26:00,9.43,0.0,1,943,卖盘
2091,13:26:07,9.43,0.0,18,16974,卖盘
2092,13:26:10,9.43,0.0,18,16974,卖盘
2093,13:26:16,9.43,0.0,88,82984,卖盘
2094,13:26:22,9.44,0.01,14,13216,买盘
2095,13:26:25,9.43,-0.01,5,4715,卖盘
2096,13:26:28,9.43,0.0,50,47150,卖盘
2097,13:26:31,9.43,0.0,15,14145,卖盘
2098,13:26:34,9.43,0.0,42,39606,卖盘
2099,13:26:37,9.42,-0.01,190,178980,卖盘
2100,13:26:40,9.43,0.01,18,16974,买盘
2101,13:26:43,9.42,-0.01,10,9420,卖盘
2102,13:26:51,9.43,0.01,32,30146,买盘
2103,13:26:54,9.41,-0.02,1444,1359217,卖盘
2104,13:27:01,9.41,0.0,8,7528,买盘
2105,13:27:04,9.41,0.0,50,47020,买盘
2106,13:27:07,9.41,0.0,35,32935,买盘
2107,13:27:13,9.41,0.0,5,4702,买盘
2108,13:27:16,9.41,0.0,10,9410,卖盘
2109,13:27:24,9.41,0.0,40,37670,卖盘
2110,13:27:28,9.41,0.0,68,63988,卖盘
2111,13:27:31,9.42,0.01,11,10361,买盘
2112,13:27:33,9.41,-0.01,24,22584,卖盘
2113,13:27:43,9.41,0.0,29,27289,卖盘
2114,13:27:48,9.42,0.01,9,8474,买盘
2115,13:27:51,9.42,0.0,41,38591,买盘
2116,13:28:01,9.42,0.0,3,2826,买盘
2117,13:28:07,9.42,0.0,250,235450,买盘
2118,13:28:10,9.42,0.0,3,2826,买盘
2119,13:28:13,9.42,0.0,208,195936,买盘
2120,13:28:16,9.42,0.0,10,9420,卖盘
2121,13:28:19,9.42,0.0,7,6594,卖盘
2122,13:28:25,9.42,0.0,12,11304,卖盘
2123,13:28:28,9.42,0.0,1,942,卖盘
2124,13:28:31,9.42,0.0,30,28260,卖盘
2125,13:28:34,9.43,0.01,5,4715,买盘
2126,13:28:37,9.42,-0.01,37,34854,卖盘
2127,13:28:49,9.42,0.0,50,47100,卖盘
2128,13:28:51,9.42,0.0,23,21669,卖盘
2129,13:28:54,9.43,0.01,39,36777,买盘
2130,13:29:04,9.42,-0.01,5,4713,卖盘
2131,13:29:07,9.42,0.0,51,48042,卖盘
2132,13:29:19,9.43,0.01,5,4715,买盘
2133,13:29:22,9.43,0.0,16,15084,买盘
2134,13:29:25,9.43,0.0,15,14145,买盘
2135,13:29:31,9.42,-0.01,505,475715,卖盘
2136,13:29:34,9.43,0.01,42,39606,买盘
2137,13:29:37,9.43,0.0,91,85763,买盘
2138,13:29:40,9.42,-0.01,10,9428,卖盘
2139,13:29:43,9.43,0.01,20,18860,买盘
2140,13:29:46,9.43,0.0,12,11316,买盘
2141,13:29:49,9.43,0.0,20,18850,买盘
2142,13:29:52,9.43,0.0,23,21689,买盘
2143,13:29:54,9.43,0.0,73,68839,买盘
2144,13:29:57,9.42,-0.01,30,28260,卖盘
2145,13:30:00,9.43,0.01,86,81098,买盘
2146,13:30:07,9.42,-0.01,49,46205,卖盘
2147,13:30:10,9.43,0.01,25,23575,买盘
2148,13:30:13,9.43,0.0,9,8487,买盘
2149,13:30:25,9.43,0.0,5,4715,买盘
2150,13:30:34,9.43,0.0,32,30176,买盘
2151,13:30:36,9.42,-0.01,62,58454,卖盘
2152,13:30:39,9.43,0.01,105,99015,买盘
2153,13:30:42,9.43,0.0,50,47150,买盘
2154,13:30:46,9.43,0.0,16,15088,买盘
2155,13:30:55,9.43,0.0,20,18860,买盘
2156,13:30:58,9.44,0.01,325,306584,买盘
2157,13:31:09,9.44,0.0,3,2832,买盘
2158,13:31:13,9.44,0.0,19,17926,买盘
2159,13:31:19,9.43,-0.01,100,94350,卖盘
2160,13:31:22,9.44,0.01,1,944,买盘
2161,13:31:28,9.44,0.0,3,2832,买盘
2162,13:31:49,9.43,-0.01,50,47150,卖盘
2163,13:32:04,9.43,0.0,20,18860,卖盘
2164,13:32:09,9.43,0.0,2,1886,卖盘
2165,13:32:12,9.43,0.0,1,943,卖盘
2166,13:32:16,9.43,0.0,50,47150,卖盘
2167,13:32:19,9.43,0.0,55,51865,卖盘
2168,13:32:22,9.44,0.01,76,71694,买盘
2169,13:32:25,9.44,0.0,3,2832,买盘
2170,13:32:28,9.43,-0.01,245,231035,卖盘
2171,13:32:31,9.43,0.0,23,21689,卖盘
2172,13:32:34,9.43,0.0,9,8487,买盘
2173,13:32:43,9.43,0.0,5,4715,买盘
2174,13:32:46,9.42,-0.01,18,16962,卖盘
2175,13:33:01,9.43,0.01,3,2829,卖盘
2176,13:33:04,9.43,0.0,50,47150,卖盘
2177,13:33:09,9.43,0.0,50,47150,卖盘
2178,13:33:12,9.43,0.0,44,41492,卖盘
2179,13:33:31,9.43,0.0,156,147108,买盘
2180,13:33:40,9.43,0.0,13,12249,买盘
2181,13:33:49,9.42,-0.01,2,1884,卖盘
2182,13:33:52,9.43,0.01,10,9430,买盘
2183,13:33:58,9.43,0.0,137,129091,买盘
2184,13:34:01,9.43,0.0,11,10373,买盘
2185,13:34:06,9.43,0.0,39,36748,买盘
2186,13:34:16,9.43,0.0,50,47150,买盘
2187,13:34:19,9.43,0.0,23,21689,买盘
2188,13:34:22,9.42,-0.01,12,11311,卖盘
2189,13:34:25,9.42,0.0,10,9420,卖盘
2190,13:34:33,9.43,0.01,10,9430,买盘
2191,13:34:42,9.42,-0.01,162,152604,卖盘
2192,13:34:46,9.43,0.01,3,2829,买盘
2193,13:34:48,9.42,-0.01,7,6594,卖盘
2194,13:34:51,9.42,0.0,55,51810,卖盘
2195,13:34:58,9.43,0.01,5,4715,买盘
2196,13:35:01,9.43,0.0,5,4715,买盘
2197,13:35:04,9.42,-0.01,500,471000,卖盘
2198,13:35:10,9.43,0.01,227,213856,买盘
2199,13:35:16,9.43,0.0,39,36752,买盘
2200,13:35:21,9.42,-0.01,30,28260,卖盘
2201,13:35:31,9.42,0.0,69,64998,卖盘
2202,13:35:34,9.42,0.0,229,215718,卖盘
2203,13:35:39,9.42,0.0,5,4710,买盘
2204,13:35:43,9.42,0.0,1,942,买盘
2205,13:35:46,9.41,-0.01,4,3764,卖盘
2206,13:35:52,9.41,0.0,43,40467,卖盘
2207,13:35:55,9.41,0.0,20,18820,卖盘
2208,13:35:58,9.41,0.0,8,7528,卖盘
2209,13:36:01,9.41,0.0,413,388633,卖盘
2210,13:36:04,9.41,0.0,3,2823,卖盘
2211,13:36:10,9.41,0.0,30,28230,卖盘
2212,13:36:13,9.41,0.0,53,49873,卖盘
2213,13:36:24,9.41,0.0,1,941,卖盘
2214,13:36:27,9.42,0.01,47,44237,买盘
2215,13:36:31,9.42,0.0,10,9420,买盘
2216,13:36:33,9.41,-0.01,10,9410,卖盘
2217,13:36:49,9.41,0.0,5,4705,卖盘
2218,13:36:52,9.42,0.01,32,30144,买盘
2219,13:36:55,9.41,-0.01,50,47050,卖盘
2220,13:36:57,9.41,0.0,25,23525,卖盘
2221,13:37:06,9.41,0.0,149,140209,卖盘
2222,13:37:13,9.41,0.0,63,59283,卖盘
2223,13:37:16,9.42,0.01,19,17898,买盘
2224,13:37:19,9.41,-0.01,9,8469,卖盘
2225,13:37:22,9.41,0.0,91,85631,卖盘
2226,13:37:25,9.41,0.0,3,2823,卖盘
2227,13:37:31,9.41,0.0,17,16004,卖盘
2228,13:37:37,9.41,0.0,50,47050,卖盘
2229,13:37:40,9.41,0.0,50,47050,卖盘
2230,13:37:48,9.41,0.0,8,7528,卖盘
2231,13:37:51,9.41,0.0,100,94100,卖盘
2232,13:37:55,9.41,0.0,43,40463,卖盘
2233,13:37:58,9.42,0.01,32,30137,买盘
2234,13:38:07,9.42,0.0,510,480277,买盘
2235,13:38:10,9.4,-0.02,400,376000,卖盘
2236,13:38:13,9.41,0.01,30,28230,中性盘
2237,13:38:15,9.41,0.0,20,18820,买盘
2238,13:38:18,9.41,0.0,10,9410,买盘
2239,13:38:22,9.41,0.0,3,2823,买盘
2240,13:38:25,9.41,0.0,10,9410,买盘
2241,13:38:28,9.4,-0.01,206,193662,卖盘
2242,13:38:37,9.41,0.01,5,4705,卖盘
2243,13:38:40,9.41,0.0,45,42345,买盘
2244,13:38:43,9.42,0.01,10,9420,买盘
2245,13:38:46,9.41,-0.01,15,14115,卖盘
2246,13:38:49,9.41,0.0,10,9410,卖盘
2247,13:38:52,9.41,0.0,58,54578,卖盘
2248,13:38:55,9.41,0.0,16,15056,卖盘
2249,13:38:58,9.41,0.0,55,51755,卖盘
2250,13:39:06,9.41,0.0,52,48932,卖盘
2251,13:39:16,9.42,0.01,9,8478,买盘
2252,13:39:31,9.42,0.0,1,942,买盘
2253,13:39:40,9.41,-0.01,10,9410,卖盘
2254,13:39:43,9.42,0.01,231,217402,买盘
2255,13:39:45,9.41,-0.01,54,50814,卖盘
2256,13:39:49,9.41,0.0,3,2823,买盘
2257,13:39:55,9.4,-0.01,23,21623,卖盘
2258,13:40:07,9.4,0.0,55,51700,卖盘
2259,13:40:13,9.4,0.0,31,29140,卖盘
2260,13:40:19,9.4,0.0,50,47000,卖盘
2261,13:40:22,9.4,0.0,11,10340,卖盘
2262,13:40:25,9.4,0.0,10,9400,卖盘
2263,13:40:37,9.4,0.0,60,56400,卖盘
2264,13:40:40,9.4,0.0,2,1880,卖盘
2265,13:40:43,9.4,0.0,10,9400,卖盘
2266,13:40:46,9.4,0.0,100,94000,卖盘
2267,13:40:52,9.4,0.0,80,75200,卖盘
2268,13:41:00,9.4,0.0,42,39480,卖盘
2269,13:41:04,9.4,0.0,5,4700,卖盘
2270,13:41:07,9.4,0.0,25,23500,卖盘
2271,13:41:10,9.4,0.0,373,350620,卖盘
2272,13:41:16,9.4,0.0,13,12220,买盘
2273,13:41:25,9.4,0.0,5,4698,买盘
2274,13:41:31,9.4,0.0,53,49820,买盘
2275,13:41:37,9.39,-0.01,250,234750,卖盘
2276,13:41:40,9.4,0.01,2,1880,买盘
2277,13:41:42,9.39,-0.01,50,46950,卖盘
2278,13:41:48,9.4,0.01,200,188000,买盘
2279,13:41:51,9.39,-0.01,4,3756,卖盘
2280,13:41:58,9.39,0.0,30,28170,卖盘
2281,13:42:10,9.4,0.01,519,487352,买盘
2282,13:42:16,9.39,-0.01,50,46950,卖盘
2283,13:42:22,9.4,0.01,5,4700,买盘
2284,13:42:25,9.39,-0.01,153,143667,卖盘
2285,13:42:31,9.39,0.0,3,2817,卖盘
2286,13:42:34,9.39,0.0,21,19719,卖盘
2287,13:42:36,9.39,0.0,11,10329,卖盘
2288,13:42:39,9.39,0.0,50,46950,卖盘
2289,13:42:43,9.4,0.01,112,105180,买盘
2290,13:42:49,9.4,0.0,4,3760,买盘
2291,13:42:55,9.39,-0.01,50,46950,卖盘
2292,13:42:58,9.4,0.01,38,35712,买盘
2293,13:43:01,9.39,-0.01,4,3756,卖盘
2294,13:43:09,9.39,0.0,70,65730,卖盘
2295,13:43:12,9.4,0.01,8,7520,买盘
2296,13:43:19,9.39,-0.01,5,4695,卖盘
2297,13:43:21,9.39,0.0,50,46950,卖盘
2298,13:43:24,9.38,-0.01,42,39423,卖盘
2299,13:43:31,9.38,0.0,31,29079,卖盘
2300,13:43:34,9.39,0.01,33,30987,买盘
2301,13:43:40,9.39,0.0,15,14085,买盘
2302,13:43:48,9.38,-0.01,80,75110,卖盘
2303,13:43:51,9.39,0.01,58,54462,买盘
2304,13:43:54,9.38,-0.01,9,8442,卖盘
2305,13:44:04,9.38,0.0,105,98490,卖盘
2306,13:44:07,9.39,0.01,32,30026,买盘
2307,13:44:10,9.38,-0.01,10,9380,卖盘
2308,13:44:16,9.39,0.01,59,55351,买盘
2309,13:44:18,9.39,0.0,13,12207,买盘
2310,13:44:30,9.38,-0.01,24,22512,卖盘
2311,13:44:33,9.39,0.01,96,90144,买盘
2312,13:44:36,9.38,-0.01,167,156646,卖盘
2313,13:44:40,9.38,0.0,41,38498,卖盘
2314,13:44:43,9.38,0.0,16,15008,卖盘
2315,13:44:46,9.38,0.0,1,938,卖盘
2316,13:44:49,9.38,0.0,35,32830,卖盘
2317,13:45:01,9.39,0.01,7,6571,买盘
2318,13:45:06,9.39,0.0,3,2817,买盘
2319,13:45:12,9.38,-0.01,1,938,卖盘
2320,13:45:16,9.39,0.01,5,4695,买盘
2321,13:45:19,9.38,-0.01,40,37520,卖盘
2322,13:45:21,9.39,0.01,2,1878,买盘
2323,13:45:25,9.39,0.0,4,3756,买盘
2324,13:45:28,9.38,-0.01,61,57229,卖盘
2325,13:45:39,9.39,0.01,12,11268,买盘
2326,13:45:42,9.39,0.0,1,939,买盘
2327,13:45:46,9.38,-0.01,2,1876,卖盘
2328,13:45:49,9.39,0.01,2,1878,买盘
2329,13:45:52,9.39,0.0,2,1878,买盘
2330,13:45:58,9.38,-0.01,13,12202,卖盘
2331,13:46:00,9.38,0.0,115,107970,卖盘
2332,13:46:09,9.39,0.01,125,117375,买盘
2333,13:46:13,9.38,-0.01,300,281400,卖盘
2334,13:46:16,9.39,0.01,62,58218,买盘
2335,13:46:19,9.39,0.0,12,11266,买盘
2336,13:46:22,9.39,0.0,431,404700,买盘
2337,13:46:25,9.39,0.0,3,2817,卖盘
2338,13:46:28,9.39,0.0,1,939,卖盘
2339,13:46:31,9.39,0.0,53,49767,卖盘
2340,13:46:33,9.4,0.01,10,9400,买盘
2341,13:46:36,9.4,0.0,7,6576,买盘
2342,13:46:43,9.4,0.0,26,24440,买盘
2343,13:46:46,9.39,-0.01,4,3756,卖盘
2344,13:46:52,9.4,0.01,46,43240,买盘
2345,13:46:57,9.4,0.0,160,150400,买盘
2346,13:47:00,9.4,0.0,5,4700,买盘
2347,13:47:04,9.4,0.0,25,23500,买盘
2348,13:47:07,9.41,0.01,30,28230,买盘
2349,13:47:10,9.4,-0.01,11,10340,卖盘
2350,13:47:19,9.4,0.0,35,32900,买盘
2351,13:47:27,9.41,0.01,10,9410,买盘
2352,13:47:30,9.39,-0.02,170,159694,卖盘
2353,13:47:37,9.4,0.01,102,95980,中性盘
2354,13:47:40,9.4,0.0,30,28200,卖盘
2355,13:47:43,9.4,0.0,10,9400,卖盘
2356,13:47:51,9.4,0.0,325,305500,卖盘
2357,13:48:01,9.4,0.0,1,940,卖盘
2358,13:48:04,9.4,0.0,19,17860,卖盘
2359,13:48:16,9.4,0.0,2,1880,买盘
2360,13:48:31,9.4,0.0,30,28200,买盘
2361,13:48:33,9.4,0.0,2,1880,买盘
2362,13:48:36,9.4,0.0,125,117500,买盘
2363,13:48:39,9.4,0.0,2,1880,卖盘
2364,13:48:45,9.4,0.0,80,75200,卖盘
2365,13:48:48,9.41,0.01,50,47030,买盘
2366,13:48:51,9.4,-0.01,6,5640,卖盘
2367,13:48:58,9.4,0.0,15,14100,卖盘
2368,13:49:01,9.41,0.01,10,9406,买盘
2369,13:49:09,9.4,-0.01,34,31960,卖盘
2370,13:49:13,9.41,0.01,10,9410,买盘
2371,13:49:22,9.41,0.0,39,36699,买盘
2372,13:49:25,9.4,-0.01,303,285086,卖盘
2373,13:49:37,9.41,0.01,4,3764,买盘
2374,13:49:40,9.42,0.01,434,408710,买盘
2375,13:49:43,9.41,-0.01,1,941,中性盘
2376,13:49:55,9.42,0.01,129,121489,买盘
2377,13:50:01,9.42,0.0,5,4710,买盘
2378,13:50:07,9.41,-0.01,1,941,卖盘
2379,13:50:09,9.42,0.01,20,18840,买盘
2380,13:50:16,9.42,0.0,10,9420,买盘
2381,13:50:22,9.41,-0.01,34,32021,卖盘
2382,13:50:37,9.41,0.0,46,43316,卖盘
2383,13:50:51,9.41,0.0,180,169380,卖盘
2384,13:50:54,9.41,0.0,70,65870,买盘
2385,13:51:01,9.41,0.0,70,65870,买盘
2386,13:51:04,9.41,0.0,5,4705,卖盘
2387,13:51:21,9.41,0.0,1,941,卖盘
2388,13:51:25,9.42,0.01,37,34854,买盘
2389,13:51:30,9.4,-0.02,262,246527,卖盘
2390,13:51:33,9.42,0.02,16,15072,买盘
2391,13:51:37,9.4,-0.02,10,9400,卖盘
2392,13:51:40,9.4,0.0,20,18800,卖盘
2393,13:51:43,9.42,0.02,50,47100,买盘
2394,13:51:58,9.41,-0.01,10,9410,卖盘
2395,13:52:06,9.41,0.0,60,56460,卖盘
2396,13:52:12,9.41,0.0,5,4705,卖盘
2397,13:52:15,9.41,0.0,8,7528,卖盘
2398,13:52:22,9.41,0.0,5,4705,卖盘
2399,13:52:28,9.41,0.0,50,47050,卖盘
2400,13:52:34,9.41,0.0,10,9410,卖盘
2401,13:52:37,9.41,0.0,1,941,卖盘
2402,13:52:42,9.42,0.01,9,8478,买盘
2403,13:52:58,9.41,-0.01,50,47050,卖盘
2404,13:53:19,9.41,0.0,32,30112,卖盘
2405,13:53:39,9.41,0.0,7,6587,卖盘
2406,13:53:45,9.41,0.0,63,59283,卖盘
2407,13:54:10,9.4,-0.01,100,94000,卖盘
2408,13:54:19,9.4,0.0,30,28200,卖盘
2409,13:54:25,9.41,0.01,139,130795,买盘
2410,13:54:28,9.41,0.0,10,9410,卖盘
2411,13:54:31,9.41,0.0,3,2823,卖盘
2412,13:54:42,9.41,0.0,31,29171,卖盘
2413,13:54:45,9.41,0.0,71,66811,卖盘
2414,13:54:48,9.41,0.0,40,37640,买盘
2415,13:55:01,9.41,0.0,10,9410,买盘
2416,13:55:07,9.41,0.0,10,9410,买盘
2417,13:55:16,9.41,0.0,5,4705,买盘
2418,13:55:18,9.41,0.0,15,14115,买盘
2419,13:55:25,9.4,-0.01,21,19745,卖盘
2420,13:55:28,9.41,0.01,2,1882,买盘
2421,13:55:31,9.4,-0.01,1,940,卖盘
2422,13:55:33,9.41,0.01,12,11292,买盘
2423,13:55:46,9.4,-0.01,9,8460,卖盘
2424,13:55:52,9.41,0.01,23,21630,买盘
2425,13:56:13,9.41,0.0,5,4705,买盘
2426,13:56:16,9.41,0.0,2,1882,买盘
2427,13:56:24,9.41,0.0,50,47050,买盘
2428,13:56:27,9.41,0.0,3,2823,买盘
2429,13:56:30,9.41,0.0,1,941,买盘
2430,13:56:33,9.41,0.0,10,9410,买盘
2431,13:56:37,9.4,-0.01,82,77080,卖盘
2432,13:56:39,9.41,0.01,20,18820,买盘
2433,13:56:42,9.4,-0.01,2,1880,卖盘
2434,13:56:54,9.41,0.01,14,13174,买盘
2435,13:56:57,9.41,0.0,13,12233,买盘
2436,13:57:01,9.41,0.0,10,9410,买盘
2437,13:57:04,9.41,0.0,22,20702,买盘
2438,13:57:13,9.4,-0.01,22,20680,卖盘
2439,13:57:22,9.41,0.01,69,64929,买盘
2440,13:57:25,9.4,-0.01,30,28200,卖盘
2441,13:57:30,9.4,0.0,10,9400,卖盘
2442,13:57:37,9.4,0.0,33,31024,卖盘
2443,13:57:43,9.41,0.01,20,18820,买盘
2444,13:57:48,9.41,0.0,10,9410,买盘
2445,13:57:51,9.41,0.0,68,63940,买盘
2446,13:57:58,9.41,0.0,9,8469,买盘
2447,13:58:01,9.41,0.0,64,60224,买盘
2448,13:58:04,9.41,0.0,89,83749,买盘
2449,13:58:09,9.41,0.0,19,17879,卖盘
2450,13:58:13,9.41,0.0,19,17879,卖盘
2451,13:58:15,9.41,0.0,100,94100,卖盘
2452,13:58:21,9.41,0.0,20,18820,买盘
2453,13:58:28,9.41,0.0,154,144914,买盘
2454,13:58:31,9.4,-0.01,228,214320,卖盘
2455,13:58:34,9.4,0.0,41,38540,卖盘
2456,13:58:37,9.41,0.01,4,3764,买盘
2457,13:58:40,9.4,-0.01,2,1880,卖盘
2458,13:58:46,9.41,0.01,10,9410,买盘
2459,13:58:49,9.41,0.0,70,65870,买盘
2460,13:58:52,9.41,0.0,20,18820,买盘
2461,13:58:58,9.4,-0.01,42,39480,卖盘
2462,13:59:01,9.41,0.01,36,33876,买盘
2463,13:59:04,9.41,0.0,18,16938,买盘
2464,13:59:07,9.41,0.0,40,37640,卖盘
2465,13:59:09,9.41,0.0,2,1882,卖盘
2466,13:59:22,9.4,-0.01,33,31028,卖盘
2467,13:59:25,9.41,0.01,55,51750,买盘
2468,13:59:31,9.41,0.0,6,5646,买盘
2469,13:59:46,9.42,0.01,30,28260,买盘
2470,13:59:51,9.41,-0.01,15,14115,卖盘
2471,13:59:54,9.41,0.0,110,103510,卖盘
2472,14:00:01,9.42,0.01,201,189142,买盘
2473,14:00:10,9.42,0.0,82,77194,买盘
2474,14:00:13,9.41,-0.01,19,17879,卖盘
2475,14:00:16,9.41,0.0,50,47050,卖盘
2476,14:00:25,9.41,0.0,57,53637,卖盘
2477,14:00:28,9.42,0.01,86,81012,买盘
2478,14:00:31,9.41,-0.01,4,3764,卖盘
2479,14:00:42,9.41,0.0,2,1882,卖盘
2480,14:00:52,9.41,0.0,15,14124,卖盘
2481,14:00:55,9.41,0.0,1,941,卖盘
2482,14:00:57,9.42,0.01,14,13188,买盘
2483,14:01:01,9.42,0.0,10,9420,买盘
2484,14:01:07,9.41,-0.01,16,15057,卖盘
2485,14:01:12,9.41,0.0,10,9410,卖盘
2486,14:01:15,9.42,0.01,104,97968,买盘
2487,14:01:19,9.41,-0.01,7,6587,卖盘
2488,14:01:25,9.41,0.0,20,18820,卖盘
2489,14:01:28,9.42,0.01,20,18840,买盘
2490,14:01:31,9.42,0.0,50,47100,买盘
2491,14:01:34,9.41,-0.01,17,15997,卖盘
2492,14:01:40,9.42,0.01,52,48984,买盘
2493,14:01:42,9.42,0.0,2,1884,卖盘
2494,14:01:52,9.42,0.0,251,236692,卖盘
2495,14:01:55,9.42,0.0,69,65008,卖盘
2496,14:02:01,9.43,0.01,6,5658,买盘
2497,14:02:04,9.43,0.0,13,12259,买盘
2498,14:02:19,9.42,-0.01,15,14130,卖盘
2499,14:02:22,9.43,0.01,5,4715,买盘
2500,14:02:25,9.43,0.0,308,290444,买盘
2501,14:02:31,9.42,-0.01,370,348759,卖盘
2502,14:02:46,9.43,0.01,4,3772,卖盘
2503,14:03:00,9.43,0.0,4,3772,卖盘
2504,14:03:07,9.43,0.0,26,24518,卖盘
2505,14:03:19,9.44,0.01,23,21712,买盘
2506,14:03:25,9.43,-0.01,1,943,卖盘
2507,14:03:28,9.43,0.0,10,9430,卖盘
2508,14:03:31,9.43,0.0,100,94300,卖盘
2509,14:03:37,9.44,0.01,20,18880,买盘
2510,14:03:42,9.43,-0.01,412,388804,卖盘
2511,14:03:46,9.44,0.01,10,9440,买盘
2512,14:03:49,9.43,-0.01,4,3772,卖盘
2513,14:03:52,9.44,0.01,6,5664,买盘
2514,14:03:55,9.43,-0.01,1,943,卖盘
2515,14:04:01,9.43,0.0,5,4715,卖盘
2516,14:04:04,9.43,0.0,48,45264,卖盘
2517,14:04:06,9.43,0.0,17,16031,卖盘
2518,14:04:09,9.43,0.0,2,1886,卖盘
2519,14:04:13,9.43,0.0,6,5658,卖盘
2520,14:04:19,9.43,0.0,9,8487,卖盘
2521,14:04:25,9.44,0.01,10,9440,买盘
2522,14:04:28,9.43,-0.01,5,4715,卖盘
2523,14:04:34,9.43,0.0,11,10373,卖盘
2524,14:04:36,9.44,0.01,6,5664,买盘
2525,14:04:43,9.44,0.0,14,13215,买盘
2526,14:04:46,9.43,-0.01,303,285729,卖盘
2527,14:04:49,9.43,0.0,10,9430,买盘
2528,14:04:58,9.43,0.0,15,14145,买盘
2529,14:05:01,9.43,0.0,43,40549,买盘
2530,14:05:04,9.43,0.0,30,28290,卖盘
2531,14:05:06,9.43,0.0,27,25461,卖盘
2532,14:05:22,9.44,0.01,5,4720,买盘
2533,14:05:25,9.43,-0.01,12,11316,卖盘
2534,14:05:31,9.43,0.0,20,18860,卖盘
2535,14:05:34,9.43,0.0,50,47150,卖盘
2536,14:05:36,9.43,0.0,10,9430,卖盘
2537,14:05:39,9.43,0.0,7,6601,卖盘
2538,14:05:43,9.43,0.0,100,94300,卖盘
2539,14:05:55,9.43,0.0,42,39606,买盘
2540,14:05:58,9.42,-0.01,1025,965550,卖盘
2541,14:06:04,9.42,0.0,30,28260,卖盘
2542,14:06:09,9.42,0.0,28,26376,卖盘
2543,14:06:16,9.42,0.0,14,13188,卖盘
2544,14:06:19,9.42,0.0,95,89490,卖盘
2545,14:06:21,9.42,0.0,5,4710,卖盘
2546,14:06:28,9.42,0.0,53,49926,卖盘
2547,14:06:34,9.42,0.0,255,240210,卖盘
2548,14:06:42,9.42,0.0,10,9420,买盘
2549,14:06:46,9.41,-0.01,20,18820,卖盘
2550,14:07:01,9.41,0.0,2,1882,卖盘
2551,14:07:04,9.41,0.0,158,148678,卖盘
2552,14:07:06,9.41,0.0,10,9410,卖盘
2553,14:07:10,9.41,0.0,135,127035,卖盘
2554,14:07:19,9.41,0.0,4,3764,买盘
2555,14:07:25,9.41,0.0,10,9410,买盘
2556,14:07:27,9.41,0.0,29,27280,买盘
2557,14:07:34,9.41,0.0,5,4705,买盘
2558,14:07:42,9.4,-0.01,3,2820,卖盘
2559,14:07:45,9.41,0.01,46,43286,买盘
2560,14:07:55,9.41,0.0,22,20702,卖盘
2561,14:08:01,9.41,0.0,2,1882,买盘
2562,14:08:04,9.41,0.0,29,27279,买盘
2563,14:08:16,9.4,-0.01,10,9400,卖盘
2564,14:08:19,9.4,0.0,3,2820,卖盘
2565,14:08:25,9.41,0.01,4,3764,买盘
2566,14:08:28,9.4,-0.01,21,19760,卖盘
2567,14:08:31,9.41,0.01,46,43286,买盘
2568,14:08:37,9.41,0.0,4,3764,卖盘
2569,14:08:42,9.41,0.0,75,70575,卖盘
2570,14:08:54,9.41,0.0,10,9410,卖盘
2571,14:08:58,9.41,0.0,75,70575,卖盘
2572,14:09:04,9.42,0.01,14,13188,买盘
2573,14:09:10,9.42,0.0,1,942,买盘
2574,14:09:15,9.42,0.0,50,47100,买盘
2575,14:09:19,9.42,0.0,14,13188,买盘
2576,14:09:28,9.42,0.0,33,31086,买盘
2577,14:09:34,9.42,0.0,4,3768,买盘
2578,14:09:43,9.42,0.0,8,7536,买盘
2579,14:09:46,9.42,0.0,3,2826,买盘
2580,14:09:48,9.41,-0.01,2,1882,卖盘
2581,14:09:52,9.41,0.0,61,57401,卖盘
2582,14:09:55,9.41,0.0,13,12236,卖盘
2583,14:09:58,9.42,0.01,50,47100,买盘
2584,14:10:01,9.41,-0.01,5,4705,卖盘
2585,14:10:13,9.42,0.01,328,308976,买盘
2586,14:10:16,9.42,0.0,11,10362,卖盘
2587,14:10:22,9.43,0.01,26,24518,买盘
2588,14:10:43,9.43,0.0,1,943,买盘
2589,14:10:46,9.42,-0.01,20,18840,卖盘
2590,14:10:52,9.42,0.0,115,108430,卖盘
2591,14:10:58,9.43,0.01,2,1886,买盘
2592,14:11:04,9.43,0.0,10,9430,买盘
2593,14:11:07,9.43,0.0,105,98939,买盘
2594,14:11:22,9.43,0.0,22,20746,买盘
2595,14:11:25,9.43,0.0,7,6601,买盘
2596,14:11:28,9.43,0.0,20,18860,买盘
2597,14:11:31,9.43,0.0,34,32062,买盘
2598,14:11:36,9.42,-0.01,20,18840,卖盘
2599,14:11:43,9.43,0.01,7,6599,买盘
2600,14:11:46,9.43,0.0,1,943,买盘
2601,14:11:52,9.42,-0.01,50,47100,卖盘
2602,14:11:58,9.43,0.01,17,16031,买盘
2603,14:12:06,9.43,0.0,22,20746,买盘
2604,14:12:13,9.43,0.0,28,26404,买盘
2605,14:12:25,9.42,-0.01,7,6594,卖盘
2606,14:12:34,9.43,0.01,15,14145,买盘
2607,14:12:37,9.42,-0.01,5,4710,卖盘
2608,14:12:40,9.42,0.0,2,1884,卖盘
2609,14:12:45,9.43,0.01,20,18860,买盘
2610,14:12:48,9.43,0.0,76,71633,买盘
2611,14:12:51,9.43,0.0,100,94300,买盘
2612,14:12:54,9.43,0.0,5,4715,买盘
2613,14:12:57,9.42,-0.01,1,942,卖盘
2614,14:13:01,9.43,0.01,7,6601,买盘
2615,14:13:04,9.42,-0.01,4,3768,卖盘
2616,14:13:07,9.43,0.01,108,101844,买盘
2617,14:13:12,9.43,0.0,7,6601,买盘
2618,14:13:15,9.43,0.0,112,105616,买盘
2619,14:13:28,9.43,0.0,10,9430,卖盘
2620,14:13:37,9.44,0.01,10,9440,买盘
2621,14:13:46,9.43,-0.01,9,8487,卖盘
2622,14:13:49,9.44,0.01,53,50032,买盘
2623,14:13:54,9.43,-0.01,20,18860,卖盘
2624,14:13:57,9.43,0.0,120,112698,卖盘
2625,14:14:01,9.43,0.0,2,2350,买盘
2626,14:14:04,9.43,0.0,13,11797,买盘
2627,14:14:07,9.43,0.0,5,5177,卖盘
2628,14:14:10,9.43,0.0,21,19803,买盘
2629,14:14:13,9.43,0.0,1,943,买盘
2630,14:14:19,9.43,0.0,2,1886,买盘
2631,14:14:22,9.43,0.0,20,18398,买盘
2632,14:14:24,9.43,0.0,8,8006,卖盘
2633,14:14:27,9.43,0.0,59,55637,买盘
2634,14:14:31,9.42,-0.01,20,18840,卖盘
2635,14:14:34,9.43,0.01,27,25450,买盘
2636,14:14:37,9.42,-0.01,20,18840,卖盘
2637,14:14:43,9.43,0.01,23,21689,买盘
2638,14:14:49,9.43,0.0,5,4715,买盘
2639,14:14:58,9.42,-0.01,21,19799,卖盘
2640,14:15:06,9.43,0.01,1,943,买盘
2641,14:15:09,9.42,-0.01,133,125286,卖盘
2642,14:15:12,9.42,0.0,62,58404,卖盘
2643,14:15:16,9.42,0.0,10,9420,卖盘
2644,14:15:22,9.42,0.0,25,23550,卖盘
2645,14:15:36,9.43,0.01,10,9430,买盘
2646,14:15:51,9.43,0.0,50,47110,买盘
2647,14:15:55,9.43,0.0,3,2829,买盘
2648,14:16:07,9.42,-0.01,10,9420,卖盘
2649,14:16:10,9.42,0.0,38,35796,卖盘
2650,14:16:16,9.42,0.0,2,1884,卖盘
2651,14:16:30,9.43,0.01,17,16031,买盘
2652,14:16:37,9.42,-0.01,5,4710,卖盘
2653,14:16:43,9.42,0.0,20,18840,卖盘
2654,14:16:54,9.42,0.0,10,9420,卖盘
2655,14:16:58,9.42,0.0,4,3768,卖盘
2656,14:17:01,9.42,0.0,79,74418,卖盘
2657,14:17:04,9.42,0.0,119,112098,卖盘
2658,14:17:15,9.42,0.0,9,8478,卖盘
2659,14:17:28,9.42,0.0,78,73476,卖盘
2660,14:17:34,9.42,0.0,1,942,卖盘
2661,14:17:39,9.42,0.0,15,14130,卖盘
2662,14:17:42,9.42,0.0,10,9420,卖盘
2663,14:17:49,9.42,0.0,120,113040,卖盘
2664,14:17:52,9.42,0.0,13,12246,买盘
2665,14:18:01,9.42,0.0,10,9420,卖盘
2666,14:18:06,9.42,0.0,10,9420,卖盘
2667,14:18:13,9.42,0.0,80,75360,卖盘
2668,14:18:16,9.42,0.0,2,1884,卖盘
2669,14:18:21,9.42,0.0,1,942,卖盘
2670,14:18:25,9.43,0.01,21,19802,买盘
2671,14:18:31,9.42,-0.01,8,7536,卖盘
2672,14:18:39,9.43,0.01,28,26404,买盘
2673,14:18:49,9.42,-0.01,86,81012,卖盘
2674,14:18:55,9.42,0.0,10,9420,卖盘
2675,14:18:58,9.42,0.0,10,9420,卖盘
2676,14:19:04,9.42,0.0,24,22608,卖盘
2677,14:19:07,9.42,0.0,200,188400,卖盘
2678,14:19:09,9.42,0.0,21,19782,卖盘
2679,14:19:12,9.42,0.0,50,47100,卖盘
2680,14:19:16,9.42,0.0,6,5652,卖盘
2681,14:19:19,9.42,0.0,52,48984,卖盘
2682,14:19:25,9.42,0.0,3,2826,卖盘
2683,14:19:28,9.42,0.0,29,27345,卖盘
2684,14:19:31,9.42,0.0,78,73476,卖盘
2685,14:19:34,9.42,0.0,184,173328,卖盘
2686,14:19:43,9.42,0.0,5,4710,卖盘
2687,14:19:49,9.43,0.01,50,47150,买盘
2688,14:19:52,9.42,-0.01,6,5652,卖盘
2689,14:19:55,9.42,0.0,10,9420,卖盘
2690,14:19:57,9.42,0.0,16,15072,卖盘
2691,14:20:10,9.42,0.0,1,942,卖盘
2692,14:20:13,9.42,0.0,15,14140,卖盘
2693,14:20:22,9.42,0.0,5,4710,卖盘
2694,14:20:25,9.42,0.0,10,9420,卖盘
2695,14:20:28,9.43,0.01,10,9430,买盘
2696,14:20:30,9.42,-0.01,5,4710,卖盘
2697,14:20:46,9.42,0.0,4,3768,卖盘
2698,14:20:49,9.42,0.0,3,2826,卖盘
2699,14:20:55,9.42,0.0,10,9420,卖盘
2700,14:21:01,9.42,0.0,3,2826,卖盘
2701,14:21:04,9.43,0.01,8,7544,买盘
2702,14:21:07,9.42,-0.01,162,152604,卖盘
2703,14:21:09,9.42,0.0,1,942,卖盘
2704,14:21:13,9.42,0.0,10,9420,卖盘
2705,14:21:16,9.42,0.0,10,9420,卖盘
2706,14:21:19,9.42,0.0,100,94200,卖盘
2707,14:21:22,9.42,0.0,50,47100,卖盘
2708,14:21:25,9.42,0.0,35,32970,卖盘
2709,14:21:28,9.42,0.0,10,9420,卖盘
2710,14:21:34,9.42,0.0,51,48043,卖盘
2711,14:21:37,9.42,0.0,10,9420,卖盘
2712,14:21:42,9.42,0.0,24,22608,卖盘
2713,14:21:49,9.42,0.0,100,94200,卖盘
2714,14:21:52,9.42,0.0,45,42390,卖盘
2715,14:21:55,9.42,0.0,11,10362,卖盘
2716,14:21:58,9.42,0.0,49,46158,卖盘
2717,14:22:07,9.41,-0.01,41,38581,卖盘
2718,14:22:10,9.42,0.01,10,9420,买盘
2719,14:22:16,9.42,0.0,4,3768,买盘
2720,14:22:19,9.41,-0.01,2,1882,卖盘
2721,14:22:21,9.41,0.0,11,10351,卖盘
2722,14:22:27,9.41,0.0,10,9410,卖盘
2723,14:22:33,9.41,0.0,55,51805,卖盘
2724,14:22:37,9.42,0.01,8,7530,买盘
2725,14:22:40,9.41,-0.01,89,83749,卖盘
2726,14:22:46,9.42,0.01,1,942,买盘
2727,14:23:06,9.42,0.0,5,4710,买盘
2728,14:23:16,9.41,-0.01,11,10351,卖盘
2729,14:23:25,9.42,0.01,244,229748,买盘
2730,14:23:31,9.42,0.0,73,68766,买盘
2731,14:23:37,9.41,-0.01,177,166684,卖盘
2732,14:23:52,9.41,0.0,60,56460,卖盘
2733,14:23:55,9.41,0.0,15,14115,卖盘
2734,14:24:04,9.41,0.0,4,3764,卖盘
2735,14:24:10,9.41,0.0,1,941,卖盘
2736,14:24:21,9.41,0.0,8,7528,卖盘
2737,14:24:27,9.42,0.01,44,41424,买盘
2738,14:24:43,9.41,-0.01,5,4705,卖盘
2739,14:25:04,9.41,0.0,6,5646,卖盘
2740,14:25:10,9.4,-0.01,379,356563,卖盘
2741,14:25:22,9.4,0.0,398,374120,卖盘
2742,14:25:24,9.41,0.01,91,85542,买盘
2743,14:25:31,9.4,-0.01,3,2820,卖盘
2744,14:25:34,9.41,0.01,662,622780,买盘
2745,14:25:36,9.41,0.0,10,9405,买盘
2746,14:25:49,9.4,-0.01,20,18800,卖盘
2747,14:25:52,9.4,0.0,10,9400,卖盘
2748,14:25:55,9.41,0.01,27,25407,买盘
2749,14:25:58,9.41,0.0,4,3764,买盘
2750,14:26:10,9.41,0.0,4,3764,买盘
2751,14:26:13,9.41,0.0,46,43286,买盘
2752,14:26:22,9.4,-0.01,3,2820,卖盘
2753,14:26:28,9.41,0.01,10,9410,买盘
2754,14:26:40,9.4,-0.01,14,13160,卖盘
2755,14:26:46,9.4,0.0,58,54520,卖盘
2756,14:26:49,9.41,0.01,27,25382,买盘
2757,14:26:55,9.4,-0.01,14,13160,卖盘
2758,14:27:06,9.4,0.0,21,19740,卖盘
2759,14:27:09,9.4,0.0,13,12221,卖盘
2760,14:27:12,9.4,0.0,1,940,卖盘
2761,14:27:18,9.4,0.0,9,8460,卖盘
2762,14:27:21,9.41,0.01,26,24446,买盘
2763,14:27:25,9.4,-0.01,134,125960,卖盘
2764,14:27:28,9.4,0.0,5,4700,卖盘
2765,14:27:31,9.4,0.0,50,47000,卖盘
2766,14:27:37,9.4,0.0,52,48880,卖盘
2767,14:27:40,9.4,0.0,50,47030,卖盘
2768,14:27:43,9.4,0.0,55,51700,卖盘
2769,14:27:46,9.4,0.0,30,28200,卖盘
2770,14:27:55,9.41,0.01,10,9410,买盘
2771,14:28:07,9.4,-0.01,12,11280,卖盘
2772,14:28:13,9.4,0.0,28,26320,卖盘
2773,14:28:18,9.4,0.0,104,97760,卖盘
2774,14:28:22,9.4,0.0,26,24440,卖盘
2775,14:28:24,9.4,0.0,155,145700,卖盘
2776,14:28:28,9.4,0.0,152,142880,卖盘
2777,14:28:31,9.4,0.0,11,10340,买盘
2778,14:28:43,9.4,0.0,200,187900,买盘
2779,14:28:49,9.39,-0.01,9,8452,卖盘
2780,14:28:55,9.39,0.0,36,33804,卖盘
2781,14:29:04,9.4,0.01,20,18800,买盘
2782,14:29:07,9.39,-0.01,130,122070,卖盘
2783,14:29:10,9.4,0.01,125,117485,买盘
2784,14:29:16,9.39,-0.01,63,59157,卖盘
2785,14:29:18,9.4,0.01,5,4700,买盘
2786,14:29:21,9.39,-0.01,22,20658,卖盘
2787,14:29:27,9.39,0.0,150,140850,卖盘
2788,14:29:34,9.39,0.0,1,939,卖盘
2789,14:29:43,9.4,0.01,110,103340,买盘
2790,14:29:48,9.4,0.0,30,28200,买盘
2791,14:29:52,9.39,-0.01,6,5637,卖盘
2792,14:29:57,9.39,0.0,16,15024,卖盘
2793,14:30:00,9.4,0.01,10,9400,买盘
2794,14:30:10,9.4,0.0,123,115600,买盘
2795,14:30:16,9.39,-0.01,35,32865,卖盘
2796,14:30:22,9.39,0.0,1,939,卖盘
2797,14:30:25,9.39,0.0,113,106107,卖盘
2798,14:30:34,9.39,0.0,30,28170,卖盘
2799,14:30:37,9.39,0.0,53,49767,卖盘
2800,14:30:40,9.4,0.01,6,5640,买盘
2801,14:30:49,9.39,-0.01,67,62913,卖盘
2802,14:30:51,9.4,0.01,5,4700,买盘
2803,14:31:04,9.4,0.0,59,55460,买盘
2804,14:31:10,9.4,0.0,5,4700,买盘
2805,14:31:16,9.4,0.0,4,3760,买盘
2806,14:31:19,9.4,0.0,6,5635,买盘
2807,14:31:22,9.4,0.0,146,137240,买盘
2808,14:31:25,9.39,-0.01,23,21607,卖盘
2809,14:31:34,9.4,0.01,78,73320,买盘
2810,14:31:37,9.4,0.0,3,2820,买盘
2811,14:31:43,9.4,0.0,42,39480,买盘
2812,14:31:46,9.4,0.0,10,9400,买盘
2813,14:31:48,9.39,-0.01,2,1878,卖盘
2814,14:31:52,9.4,0.01,48,45096,买盘
2815,14:31:55,9.4,0.0,54,50760,买盘
2816,14:31:58,9.39,-0.01,54,50706,卖盘
2817,14:32:16,9.4,0.01,100,94000,买盘
2818,14:32:22,9.4,0.0,5,4700,买盘
2819,14:32:25,9.39,-0.01,8,7512,卖盘
2820,14:32:36,9.4,0.01,50,47000,买盘
2821,14:32:39,9.39,-0.01,23,21597,卖盘
2822,14:32:42,9.39,0.0,1,939,卖盘
2823,14:32:51,9.4,0.01,2,1880,买盘
2824,14:32:58,9.4,0.0,59,55448,买盘
2825,14:33:06,9.4,0.0,10,9400,买盘
2826,14:33:10,9.4,0.0,5,4700,买盘
2827,14:33:12,9.4,0.0,50,47000,买盘
2828,14:33:15,9.4,0.0,37,34780,买盘
2829,14:33:19,9.39,-0.01,212,198674,卖盘
2830,14:33:22,9.39,0.0,5,4695,卖盘
2831,14:33:31,9.4,0.01,3,2820,买盘
2832,14:33:34,9.39,-0.01,19,17841,卖盘
2833,14:33:40,9.39,0.0,11,10329,卖盘
2834,14:33:43,9.39,0.0,15,14090,卖盘
2835,14:33:46,9.39,0.0,35,32880,卖盘
2836,14:33:49,9.39,0.0,5,4695,卖盘
2837,14:33:52,9.39,0.0,70,65730,卖盘
2838,14:33:55,9.4,0.01,30,28200,买盘
2839,14:33:58,9.39,-0.01,30,28170,卖盘
2840,14:34:09,9.39,0.0,3,2817,卖盘
2841,14:34:13,9.39,0.0,10,9390,卖盘
2842,14:34:15,9.39,0.0,35,32865,卖盘
2843,14:34:18,9.39,0.0,17,15963,卖盘
2844,14:34:25,9.4,0.01,10,9400,买盘
2845,14:34:31,9.39,-0.01,30,28170,卖盘
2846,14:34:34,9.39,0.0,46,43194,卖盘
2847,14:34:40,9.39,0.0,103,96720,卖盘
2848,14:34:43,9.39,0.0,18,16902,卖盘
2849,14:34:46,9.39,0.0,8,7512,卖盘
