,time,price,change,volume,amount,type
0,09:25:04,22.24,-0.02,96,213504,卖盘
1,09:30:04,22.2,-0.04,38,84460,卖盘
2,09:30:13,22.2,0.0,5,11100,买盘
3,09:30:18,22.19,-0.01,4,8876,中性盘
4,09:30:21,22.18,-0.01,16,35488,卖盘
5,09:30:24,22.19,0.01,1,2219,买盘
6,09:30:31,22.18,-0.01,1,2218,买盘
7,09:30:34,22.18,0.0,4,8872,买盘
8,09:30:37,22.15,-0.03,22,48755,卖盘
9,09:30:40,22.15,0.0,30,66450,买盘
10,09:30:42,22.14,-0.01,11,24361,中性盘
11,09:30:46,22.13,-0.01,2,4426,卖盘
12,09:30:49,22.13,0.0,12,26556,买盘
13,09:30:51,22.13,0.0,3,6639,买盘
14,09:30:55,22.13,0.0,1,2213,买盘
15,09:30:58,22.11,-0.02,4,8844,卖盘
16,09:31:00,22.1,-0.01,18,39781,卖盘
17,09:31:04,22.1,0.0,13,28730,买盘
18,09:31:07,22.07,-0.03,2,4414,卖盘
19,09:31:09,22.1,0.03,78,172264,买盘
20,09:31:13,22.08,-0.02,5,11040,中性盘
21,09:31:16,22.05,-0.03,39,86070,卖盘
22,09:31:19,22.07,0.02,41,90502,买盘
23,09:31:21,22.07,0.0,2,4414,买盘
24,09:31:24,22.07,0.0,15,33105,买盘
25,09:31:27,22.1,0.03,3,6630,买盘
26,09:31:34,22.1,0.0,5,11046,买盘
27,09:31:37,22.1,0.0,12,26520,买盘
28,09:31:42,22.12,0.02,9,19904,买盘
29,09:31:46,22.1,-0.02,40,88432,卖盘
30,09:31:49,22.13,0.03,6,13274,买盘
31,09:31:52,22.11,-0.02,5,11055,卖盘
32,09:31:54,22.13,0.02,5,11065,买盘
33,09:31:58,22.11,-0.02,4,8850,卖盘
34,09:32:01,22.13,0.02,8,17704,买盘
35,09:32:04,22.13,0.0,5,11065,买盘
36,09:32:07,22.13,0.0,9,19917,买盘
37,09:32:10,22.11,-0.02,26,57499,卖盘
38,09:32:13,22.13,0.02,10,22130,买盘
39,09:32:16,22.1,-0.03,6,13261,卖盘
40,09:32:19,22.11,0.01,7,15481,中性盘
41,09:32:28,22.12,0.01,5,11060,买盘
42,09:32:31,22.12,0.0,4,8848,买盘
43,09:32:34,22.12,0.0,3,6636,卖盘
44,09:32:37,22.13,0.01,5,11065,买盘
45,09:32:40,22.12,-0.01,16,35401,卖盘
46,09:32:43,22.13,0.01,1,2213,买盘
47,09:32:46,22.13,0.0,3,6639,买盘
48,09:32:49,22.13,0.0,6,13278,卖盘
49,09:32:51,22.15,0.02,51,112960,买盘
50,09:32:58,22.16,0.01,5,11080,中性盘
51,09:33:04,22.16,0.0,11,24384,卖盘
52,09:33:10,22.15,-0.01,14,31015,卖盘
53,09:33:13,22.15,0.0,8,17720,卖盘
54,09:33:16,22.16,0.01,57,126309,买盘
55,09:33:19,22.15,-0.01,13,28798,卖盘
56,09:33:24,22.15,0.0,12,26580,买盘
57,09:33:28,22.15,0.0,4,8860,买盘
58,09:33:31,22.15,0.0,59,130738,卖盘
59,09:33:34,22.15,0.0,75,166125,买盘
60,09:33:37,22.15,0.0,2,4430,买盘
61,09:33:39,22.15,0.0,11,24365,买盘
62,09:33:42,22.14,-0.01,17,37650,卖盘
63,09:33:49,22.14,0.0,2,4428,卖盘
64,09:33:55,22.14,0.0,29,64206,卖盘
65,09:33:58,22.14,0.0,8,17712,卖盘
66,09:34:00,22.13,-0.01,54,119534,卖盘
67,09:34:04,22.13,0.0,48,106232,卖盘
68,09:34:06,22.12,-0.01,56,123905,卖盘
69,09:34:10,22.13,0.01,4,8852,买盘
70,09:34:13,22.11,-0.02,17,37587,卖盘
71,09:34:18,22.1,-0.01,5,11050,卖盘
72,09:34:24,22.1,0.0,89,196690,卖盘
73,09:34:28,22.09,-0.01,76,167887,卖盘
74,09:34:31,22.08,-0.01,30,66280,卖盘
75,09:34:34,22.07,-0.01,9,19879,卖盘
76,09:34:37,22.08,0.01,19,41950,买盘
77,09:34:39,22.07,-0.01,19,41943,卖盘
78,09:34:43,22.07,0.0,3,6621,卖盘
79,09:34:46,22.05,-0.02,68,149993,卖盘
80,09:34:49,22.07,0.02,14,30898,卖盘
81,09:34:52,22.05,-0.02,30,66150,卖盘
82,09:34:57,22.05,0.0,20,44100,卖盘
83,09:35:01,22.07,0.02,6,13242,买盘
84,09:35:04,22.05,-0.02,66,145547,卖盘
85,09:35:07,22.04,-0.01,11,24244,卖盘
86,09:35:10,22.05,0.01,8,17640,买盘
87,09:35:12,22.03,-0.02,24,52872,卖盘
88,09:35:16,22.03,0.0,15,33045,卖盘
89,09:35:19,22.03,0.0,7,15433,卖盘
90,09:35:21,22.03,0.0,30,66101,卖盘
91,09:35:24,22.03,0.0,2,4407,卖盘
92,09:35:28,22.04,0.01,108,237991,卖盘
93,09:35:34,22.04,0.0,9,19836,买盘
94,09:35:37,22.05,0.01,32,70534,买盘
95,09:35:40,22.04,-0.01,1,2204,中性盘
96,09:35:43,22.05,0.01,5,11021,买盘
97,09:35:46,22.03,-0.02,65,143338,卖盘
98,09:35:48,22.04,0.01,3,6612,中性盘
99,09:35:52,22.04,0.0,6,13224,卖盘
100,09:35:55,22.07,0.03,24,52968,买盘
101,09:35:58,22.05,-0.02,2,4410,卖盘
102,09:36:01,22.04,-0.01,101,222618,卖盘
103,09:36:04,22.06,0.02,19,41910,中性盘
104,09:36:06,22.05,-0.01,1,2205,卖盘
105,09:36:10,22.05,0.0,10,22050,买盘
106,09:36:16,22.03,-0.02,26,57300,卖盘
107,09:36:19,22.03,0.0,20,44060,卖盘
108,09:36:27,22.03,0.0,18,39654,卖盘
109,09:36:34,22.04,0.01,16,35264,买盘
110,09:36:37,22.03,-0.01,17,37455,卖盘
111,09:36:40,22.04,0.01,2,4408,买盘
112,09:36:46,22.05,0.01,15,33065,买盘
113,09:36:49,22.05,0.0,101,222705,买盘
114,09:36:55,22.06,0.01,25,55130,买盘
115,09:36:58,22.06,0.0,2,4412,买盘
116,09:37:04,22.07,0.01,16,35305,买盘
117,09:37:07,22.08,0.01,6,13247,买盘
118,09:37:10,22.07,-0.01,3,6621,中性盘
119,09:37:13,22.08,0.01,1,2208,买盘
120,09:37:18,22.1,0.02,3,6628,买盘
121,09:37:22,22.06,-0.04,38,83842,卖盘
122,09:37:28,22.06,0.0,96,211776,买盘
123,09:37:37,22.09,0.03,7,15463,卖盘
124,09:37:40,22.09,0.0,1,2209,卖盘
125,09:37:43,22.08,-0.01,20,44160,卖盘
126,09:37:49,22.08,0.0,2,4416,卖盘
127,09:37:52,22.1,0.02,29,64090,买盘
128,09:37:55,22.1,0.0,2,4420,卖盘
129,09:38:01,22.1,0.0,16,35367,卖盘
130,09:38:04,22.12,0.02,3,6634,中性盘
131,09:38:07,22.1,-0.02,18,39792,卖盘
132,09:38:13,22.13,0.03,1,2213,买盘
133,09:38:16,22.14,0.01,21,46483,买盘
134,09:38:19,22.13,-0.01,5,11065,卖盘
135,09:38:21,22.14,0.01,2,4428,买盘
136,09:38:25,22.14,0.0,1,2214,买盘
137,09:38:30,22.14,0.0,16,35414,买盘
138,09:38:34,22.13,-0.01,25,55343,卖盘
139,09:38:36,22.14,0.01,23,50922,买盘
140,09:38:40,22.14,0.0,28,61992,买盘
141,09:38:43,22.15,0.01,12,26580,买盘
142,09:38:46,22.14,-0.01,26,57587,卖盘
143,09:38:48,22.15,0.01,120,265800,买盘
144,09:38:52,22.2,0.05,92,203871,买盘
145,09:38:58,22.2,0.0,15,33288,买盘
146,09:39:04,22.2,0.0,1,2220,卖盘
147,09:39:06,22.23,0.03,22,48894,买盘
148,09:39:10,22.15,-0.08,104,230922,卖盘
149,09:39:13,22.24,0.09,35,77818,买盘
150,09:39:19,22.24,0.0,12,26688,买盘
151,09:39:22,22.23,-0.01,2,4446,买盘
152,09:39:28,22.24,0.01,59,131177,买盘
153,09:39:31,22.23,-0.01,2,4446,中性盘
154,09:39:34,22.17,-0.06,7,15519,中性盘
155,09:39:37,22.21,0.04,3,6663,卖盘
156,09:39:40,22.21,0.0,3,6663,买盘
157,09:39:46,22.21,0.0,6,13326,买盘
158,09:39:49,22.17,-0.04,79,175537,卖盘
159,09:39:52,22.21,0.04,1,2221,卖盘
160,09:39:55,22.21,0.0,3,6663,买盘
161,09:39:58,22.23,0.02,7,15556,买盘
162,09:40:01,22.23,0.0,10,22224,买盘
163,09:40:04,22.23,0.0,20,44448,买盘
164,09:40:06,22.21,-0.02,2,4442,卖盘
165,09:40:10,22.23,0.02,36,80002,买盘
166,09:40:18,22.23,0.0,13,28884,买盘
167,09:40:22,22.2,-0.03,2,4440,买盘
168,09:40:27,22.18,-0.02,2,4438,卖盘
169,09:40:34,22.19,0.01,7,15533,中性盘
170,09:40:37,22.22,0.03,6,13332,买盘
171,09:40:45,22.23,0.01,109,242292,买盘
172,09:40:55,22.23,0.0,16,35567,买盘
173,09:40:58,22.23,0.0,25,55575,买盘
174,09:41:07,22.23,0.0,6,13338,卖盘
175,09:41:10,22.24,0.01,29,64496,买盘
176,09:41:13,22.24,0.0,5,11118,买盘
177,09:41:19,22.23,-0.01,10,22230,卖盘
178,09:41:22,22.22,-0.01,12,26673,卖盘
179,09:41:25,22.23,0.01,13,28899,买盘
180,09:41:28,22.23,0.0,4,8889,买盘
181,09:41:34,22.21,-0.02,6,13330,卖盘
182,09:41:36,22.22,0.01,11,24441,买盘
183,09:41:39,22.22,0.0,4,8888,买盘
184,09:41:46,22.21,-0.01,4,8884,卖盘
185,09:41:48,22.22,0.01,6,13331,买盘
186,09:41:52,22.22,0.0,30,66620,买盘
187,09:41:55,22.2,-0.02,30,66600,卖盘
188,09:41:58,22.2,0.0,2,4440,买盘
189,09:42:01,22.2,0.0,10,22186,买盘
190,09:42:04,22.18,-0.02,102,226247,卖盘
191,09:42:06,22.18,0.0,14,31052,卖盘
192,09:42:10,22.18,0.0,227,503486,卖盘
193,09:42:12,22.17,-0.01,4,8868,卖盘
194,09:42:16,22.15,-0.02,98,217181,卖盘
195,09:42:18,22.17,0.02,10,22164,买盘
196,09:42:22,22.14,-0.03,20,44290,卖盘
197,09:42:28,22.14,0.0,11,24354,卖盘
198,09:42:31,22.13,-0.01,81,179319,卖盘
199,09:42:34,22.1,-0.03,34,75182,卖盘
200,09:42:37,22.15,0.05,80,176992,买盘
201,09:42:40,22.15,0.0,4,8860,卖盘
202,09:42:43,22.15,0.0,15,33225,卖盘
203,09:42:46,22.17,0.02,4,8866,买盘
204,09:42:49,22.1,-0.07,97,214584,卖盘
205,09:42:52,22.1,0.0,20,44200,买盘
206,09:42:54,22.1,0.0,234,517092,买盘
207,09:42:57,22.1,0.0,27,59670,买盘
208,09:43:00,22.1,0.0,86,190060,买盘
209,09:43:04,22.1,0.0,17,37570,卖盘
210,09:43:19,22.15,0.05,7,15485,买盘
211,09:43:24,22.15,0.0,21,46515,买盘
212,09:43:27,22.15,0.0,4,8860,买盘
213,09:43:36,22.15,0.0,25,55357,买盘
214,09:43:40,22.15,0.0,85,188275,买盘
215,09:43:42,22.11,-0.04,260,575329,卖盘
216,09:43:46,22.11,0.0,40,88440,买盘
217,09:43:49,22.13,0.02,12,26576,卖盘
218,09:43:55,22.15,0.02,5,11075,中性盘
219,09:44:01,22.15,0.0,5,11075,买盘
220,09:44:04,22.14,-0.01,15,33218,卖盘
221,09:44:07,22.18,0.04,93,206264,买盘
222,09:44:18,22.18,0.0,10,22180,卖盘
223,09:44:21,22.18,0.0,16,35506,卖盘
224,09:44:24,22.18,0.0,10,22180,卖盘
225,09:44:28,22.2,0.02,5,11100,买盘
226,09:44:31,22.2,0.0,5,11096,买盘
227,09:44:34,22.16,-0.04,6,13296,中性盘
228,09:44:36,22.16,0.0,2,4432,卖盘
229,09:44:42,22.17,0.01,31,68698,买盘
230,09:44:46,22.17,0.0,2,4434,卖盘
231,09:45:01,22.17,0.0,3,6651,卖盘
232,09:45:04,22.18,0.01,8,17744,中性盘
233,09:45:07,22.18,0.0,9,19955,买盘
234,09:45:10,22.15,-0.03,121,268067,卖盘
235,09:45:16,22.15,0.0,19,42095,卖盘
236,09:45:18,22.19,0.04,2,4438,买盘
237,09:45:31,22.16,-0.03,20,44310,买盘
238,09:45:34,22.16,0.0,5,11080,卖盘
239,09:45:37,22.16,0.0,6,13296,卖盘
240,09:45:40,22.15,-0.01,6,13293,卖盘
241,09:45:49,22.15,0.0,2,4430,卖盘
242,09:45:52,22.15,0.0,28,62066,卖盘
243,09:45:55,22.15,0.0,18,39870,卖盘
244,09:45:57,22.15,0.0,34,75312,卖盘
245,09:46:01,22.15,0.0,20,44303,卖盘
246,09:46:04,22.17,0.02,8,17736,买盘
247,09:46:18,22.16,-0.01,17,37662,买盘
248,09:46:21,22.16,0.0,20,44320,卖盘
249,09:46:25,22.15,-0.01,29,64235,卖盘
250,09:46:28,22.15,0.0,12,26580,卖盘
251,09:46:31,22.15,0.0,32,70880,卖盘
252,09:46:34,22.15,0.0,47,104119,卖盘
253,09:46:37,22.17,0.02,48,106318,买盘
254,09:46:40,22.14,-0.03,15,33212,卖盘
255,09:46:42,22.15,0.01,2,4430,买盘
256,09:46:51,22.12,-0.03,19,42028,卖盘
257,09:46:54,22.15,0.03,9,19928,买盘
258,09:46:58,22.14,-0.01,1,2214,中性盘
259,09:47:04,22.13,-0.01,15,33203,卖盘
260,09:47:19,22.14,0.01,20,44280,买盘
261,09:47:22,22.14,0.0,2,4428,买盘
262,09:47:31,22.14,0.0,21,46494,买盘
263,09:47:34,22.13,-0.01,13,28776,卖盘
264,09:47:37,22.13,0.0,1,2213,买盘
265,09:47:40,22.13,0.0,1,2213,买盘
266,09:47:42,22.13,0.0,7,15491,买盘
267,09:47:46,22.13,0.0,4,8851,买盘
268,09:47:49,22.12,-0.01,1,2212,卖盘
269,09:47:52,22.13,0.01,21,46473,买盘
270,09:48:01,22.14,0.01,5,11070,买盘
271,09:48:04,22.13,-0.01,13,28777,卖盘
272,09:48:06,22.14,0.01,5,11070,中性盘
273,09:48:16,22.14,0.0,5,11070,卖盘
274,09:48:19,22.13,-0.01,4,8852,卖盘
275,09:48:22,22.13,0.0,30,66390,卖盘
276,09:48:25,22.13,0.0,1,2213,卖盘
277,09:48:28,22.12,-0.01,15,33180,卖盘
278,09:48:31,22.12,0.0,24,53088,卖盘
279,09:48:34,22.11,-0.01,15,33173,卖盘
280,09:48:36,22.11,0.0,47,103920,卖盘
281,09:48:40,22.11,0.0,6,13266,卖盘
282,09:48:49,22.1,-0.01,17,37570,卖盘
283,09:48:52,22.12,0.02,84,185680,买盘
284,09:49:01,22.1,-0.02,5,11050,卖盘
285,09:49:04,22.11,0.01,12,26532,卖盘
286,09:49:24,22.11,0.0,3,6633,卖盘
287,09:49:28,22.11,0.0,5,11058,卖盘
288,09:49:34,22.11,0.0,26,57470,买盘
289,09:49:49,22.1,-0.01,1,2210,卖盘
290,09:50:01,22.1,0.0,5,11050,卖盘
291,09:50:04,22.1,0.0,11,24318,卖盘
292,09:50:18,22.1,0.0,5,11050,卖盘
293,09:50:22,22.12,0.02,16,35364,买盘
294,09:50:28,22.1,-0.02,17,37570,卖盘
295,09:50:30,22.1,0.0,8,17680,卖盘
296,09:50:33,22.11,0.01,1,2211,卖盘
297,09:50:37,22.11,0.0,5,11055,卖盘
298,09:50:40,22.11,0.0,9,19899,卖盘
299,09:50:58,22.11,0.0,10,22110,卖盘
300,09:51:04,22.11,0.0,9,19906,卖盘
301,09:51:06,22.11,0.0,7,15477,卖盘
302,09:51:09,22.12,0.01,6,13272,买盘
303,09:51:13,22.11,-0.01,4,8844,卖盘
304,09:51:16,22.11,0.0,15,33165,卖盘
305,09:51:19,22.11,0.0,1,2211,卖盘
306,09:51:22,22.11,0.0,10,22110,卖盘
307,09:51:31,22.12,0.01,9,19896,买盘
308,09:51:39,22.11,-0.01,7,15477,卖盘
309,09:51:42,22.11,0.0,10,22110,卖盘
310,09:51:46,22.11,0.0,1,2211,卖盘
311,09:51:49,22.1,-0.01,3,6631,卖盘
312,09:51:54,22.11,0.01,1,2211,买盘
313,09:51:58,22.11,0.0,1,2211,买盘
314,09:52:04,22.11,0.0,1,2211,买盘
315,09:52:10,22.1,-0.01,26,57467,卖盘
316,09:52:12,22.12,0.02,103,227833,买盘
317,09:52:19,22.1,-0.02,26,57454,卖盘
318,09:52:31,22.1,0.0,4,8840,卖盘
319,09:52:34,22.11,0.01,8,17686,买盘
320,09:52:40,22.1,-0.01,1,2210,买盘
321,09:52:43,22.1,0.0,2,4419,买盘
322,09:52:45,22.1,0.0,1,2210,买盘
323,09:52:52,22.09,-0.01,10,22090,卖盘
324,09:52:55,22.1,0.01,4,8840,买盘
325,09:53:01,22.09,-0.01,1,2209,卖盘
326,09:53:04,22.1,0.01,7,15465,买盘
327,09:53:06,22.09,-0.01,15,33135,买盘
328,09:53:19,22.09,0.0,8,17672,买盘
329,09:53:22,22.09,0.0,92,203178,买盘
330,09:53:30,22.09,0.0,10,22092,卖盘
331,09:53:34,22.09,0.0,10,22089,买盘
332,09:53:37,22.09,0.0,6,13254,买盘
333,09:53:40,22.07,-0.02,101,222958,卖盘
334,09:53:45,22.07,0.0,4,8828,买盘
335,09:53:49,22.07,0.0,5,11037,买盘
336,09:53:55,22.07,0.0,52,114764,卖盘
337,09:53:57,22.08,0.01,1,2208,买盘
338,09:54:01,22.06,-0.02,6,13236,卖盘
339,09:54:06,22.09,0.03,9,19881,买盘
340,09:54:15,22.07,-0.02,23,50779,卖盘
341,09:54:19,22.07,0.0,14,30899,卖盘
342,09:54:25,22.08,0.01,5,11041,卖盘
343,09:54:27,22.1,0.02,2,4419,买盘
344,09:54:34,22.09,-0.01,1,2209,中性盘
345,09:54:37,22.09,0.0,3,6628,卖盘
346,09:54:40,22.1,0.01,8,17673,买盘
347,09:54:45,22.1,0.0,36,79560,买盘
348,09:54:54,22.09,-0.01,2,4418,卖盘
349,09:55:01,22.09,0.0,19,41971,卖盘
350,09:55:04,22.09,0.0,8,17672,买盘
351,09:55:07,22.09,0.0,5,11045,买盘
352,09:55:16,22.07,-0.02,50,110390,卖盘
353,09:55:28,22.08,0.01,3,6624,买盘
354,09:55:31,22.08,0.0,1,2208,买盘
355,09:55:34,22.07,-0.01,39,86081,卖盘
356,09:55:36,22.08,0.01,9,19865,买盘
357,09:55:48,22.07,-0.01,12,26494,卖盘
358,09:55:58,22.07,0.0,64,141248,卖盘
359,09:56:01,22.07,0.0,62,136834,卖盘
360,09:56:04,22.07,0.0,8,17656,买盘
361,09:56:10,22.06,-0.01,9,19854,卖盘
362,09:56:16,22.06,0.0,4,8824,卖盘
363,09:56:19,22.06,0.0,37,81622,卖盘
364,09:56:21,22.06,0.0,18,39708,卖盘
365,09:56:24,22.06,0.0,90,198540,卖盘
366,09:56:28,22.05,-0.01,68,149940,卖盘
367,09:56:31,22.04,-0.01,5,11020,卖盘
368,09:56:34,22.03,-0.01,25,55099,卖盘
369,09:56:37,22.03,0.0,12,26440,卖盘
370,09:56:43,22.03,0.0,2,4406,卖盘
371,09:56:48,22.05,0.02,73,160829,买盘
372,09:56:52,22.03,-0.02,101,222503,卖盘
373,09:57:01,22.02,-0.01,12,26430,卖盘
374,09:57:04,22.03,0.01,50,110150,买盘
375,09:57:07,22.03,0.0,30,66090,买盘
376,09:57:13,22.02,-0.01,51,112303,卖盘
377,09:57:15,22.03,0.01,64,140942,买盘
378,09:57:18,22.03,0.0,28,61684,卖盘
379,09:57:22,22.03,0.0,20,44060,买盘
380,09:57:28,22.03,0.0,3,6609,买盘
381,09:57:30,22.01,-0.02,157,345701,卖盘
382,09:57:34,22.01,0.0,19,41844,卖盘
383,09:57:36,22.02,0.01,7,15418,中性盘
384,09:57:39,22.02,0.0,3,6606,卖盘
385,09:57:49,22.02,0.0,1,2202,卖盘
386,09:57:54,22.02,0.0,64,140933,卖盘
387,09:57:58,22.02,0.0,5,11010,卖盘
388,09:58:04,22.02,0.0,8,17623,卖盘
389,09:58:10,22.03,0.01,5,11015,卖盘
390,09:58:18,22.05,0.02,17,37475,买盘
391,09:58:25,22.05,0.0,6,13225,买盘
392,09:58:27,22.05,0.0,4,8820,买盘
393,09:58:30,22.04,-0.01,10,22043,卖盘
394,09:58:33,22.05,0.01,19,41895,买盘
395,09:58:36,22.05,0.0,164,361620,买盘
396,09:58:42,22.06,0.01,16,35296,买盘
397,09:58:51,22.06,0.0,74,163284,卖盘
398,09:58:55,22.05,-0.01,70,154395,卖盘
399,09:59:01,22.08,0.03,6,13248,卖盘
400,09:59:04,22.11,0.03,7,15471,买盘
401,09:59:07,22.11,0.0,13,28743,买盘
402,09:59:09,22.1,-0.01,11,24310,卖盘
403,09:59:19,22.1,0.0,50,110500,买盘
404,09:59:22,22.1,0.0,3,6630,买盘
405,09:59:24,22.1,0.0,4,8840,买盘
406,09:59:27,22.11,0.01,30,66330,买盘
407,09:59:31,22.1,-0.01,13,28733,卖盘
408,09:59:34,22.11,0.01,8,17688,买盘
409,09:59:42,22.1,-0.01,38,83980,卖盘
410,09:59:49,22.1,0.0,4,8842,卖盘
411,09:59:51,22.09,-0.01,12,26511,卖盘
412,09:59:55,22.11,0.02,2,4421,买盘
413,10:00:01,22.08,-0.03,7,15456,卖盘
414,10:00:04,22.1,0.02,7,15470,中性盘
415,10:00:07,22.08,-0.02,15,33137,卖盘
416,10:00:13,22.09,0.01,7,15458,中性盘
417,10:00:15,22.08,-0.01,12,26496,卖盘
418,10:00:19,22.05,-0.03,78,172212,卖盘
419,10:00:28,22.05,0.0,95,209475,卖盘
420,10:00:31,22.04,-0.01,3,6612,卖盘
421,10:00:33,22.03,-0.01,51,112419,卖盘
422,10:00:39,22.03,0.0,50,110150,卖盘
423,10:00:42,22.03,0.0,2,4406,卖盘
424,10:00:45,22.03,0.0,15,33045,卖盘
425,10:00:52,22.04,0.01,7,15428,买盘
426,10:00:55,22.02,-0.02,77,169592,卖盘
427,10:01:00,22.03,0.01,1,2203,中性盘
428,10:01:04,22.04,0.01,19,41873,买盘
429,10:01:09,22.02,-0.02,38,83684,卖盘
430,10:01:13,22.02,0.0,58,127826,卖盘
431,10:01:16,22.02,0.0,10,22020,卖盘
432,10:01:19,22.02,0.0,5,11010,卖盘
433,10:01:21,22.01,-0.01,426,937950,卖盘
434,10:01:24,22.03,0.02,1,2203,买盘
435,10:01:28,22.02,-0.01,17,37427,中性盘
436,10:01:31,22.02,0.0,2,4404,买盘
437,10:01:34,22.02,0.0,20,44032,买盘
438,10:01:36,22.01,-0.01,179,393825,中性盘
439,10:01:39,22.01,0.0,28,61628,卖盘
440,10:01:42,21.98,-0.03,269,591594,卖盘
441,10:01:45,21.98,0.0,16,35178,卖盘
442,10:01:49,21.98,0.0,8,17584,卖盘
443,10:01:52,21.98,0.0,23,50554,卖盘
444,10:01:55,21.91,-0.07,28,61417,卖盘
445,10:02:04,21.96,0.05,2,4392,买盘
446,10:02:06,21.93,-0.03,8,17544,卖盘
447,10:02:09,21.96,0.03,19,41700,买盘
448,10:02:12,21.93,-0.03,60,131589,卖盘
449,10:02:16,21.96,0.03,16,35106,买盘
450,10:02:19,21.96,0.0,8,17572,卖盘
451,10:02:27,21.96,0.0,16,35141,卖盘
452,10:02:40,21.98,0.02,4,8789,买盘
453,10:02:42,21.96,-0.02,57,125219,卖盘
454,10:02:46,21.97,0.01,2,4394,买盘
455,10:02:49,21.97,0.0,4,8788,卖盘
456,10:02:52,21.98,0.01,2,4395,买盘
457,10:02:55,21.98,0.0,2,4396,卖盘
458,10:02:57,21.98,0.0,4,8792,买盘
459,10:03:01,22.0,0.02,77,169305,买盘
460,10:03:07,21.99,-0.01,8,17592,卖盘
461,10:03:09,21.99,0.0,1,2199,买盘
462,10:03:16,21.98,-0.01,3,6594,卖盘
463,10:03:19,21.98,0.0,12,26376,卖盘
464,10:03:22,21.94,-0.04,150,329348,卖盘
465,10:03:24,21.99,0.05,61,134092,买盘
466,10:03:27,21.97,-0.02,4,8793,卖盘
467,10:03:31,21.97,0.0,12,26364,买盘
468,10:03:37,21.97,0.0,3,6591,买盘
469,10:03:43,21.97,0.0,13,28561,卖盘
470,10:03:48,21.98,0.01,9,19776,买盘
471,10:03:52,21.98,0.0,25,54950,卖盘
472,10:03:57,21.96,-0.02,10,21965,卖盘
473,10:04:13,21.97,0.01,5,10985,卖盘
474,10:04:16,21.98,0.01,1,2198,买盘
475,10:04:19,21.96,-0.02,8,17575,卖盘
476,10:04:24,21.96,0.0,1,2196,卖盘
477,10:04:31,21.96,0.0,16,35136,买盘
478,10:04:34,21.95,-0.01,26,57088,卖盘
479,10:04:37,21.96,0.01,7,15372,买盘
480,10:04:39,21.96,0.0,2,4392,买盘
481,10:04:43,21.96,0.0,10,21955,买盘
482,10:04:45,21.96,0.0,1,2196,买盘
483,10:04:48,21.96,0.0,1,2196,买盘
484,10:05:01,21.95,-0.01,4,8780,卖盘
485,10:05:04,21.96,0.01,49,107572,买盘
486,10:05:07,21.96,0.0,5,10980,买盘
487,10:05:10,21.96,0.0,14,30744,买盘
488,10:05:12,21.95,-0.01,2,4390,卖盘
489,10:05:16,21.95,0.0,3,6585,买盘
490,10:05:24,21.94,-0.01,10,21940,卖盘
491,10:05:28,21.95,0.01,2,4390,买盘
492,10:05:34,21.96,0.01,3,6587,买盘
493,10:05:39,21.96,0.0,1,2196,买盘
494,10:05:42,21.91,-0.05,350,767291,卖盘
495,10:05:48,21.94,0.03,6,13164,买盘
496,10:05:51,21.91,-0.03,1,2191,卖盘
497,10:05:58,21.91,0.0,125,273875,卖盘
498,10:06:00,21.91,0.0,4,8764,卖盘
499,10:06:04,21.91,0.0,1,2191,买盘
500,10:06:15,21.92,0.01,5,10963,卖盘
501,10:06:19,21.92,0.0,12,26310,卖盘
502,10:06:24,21.9,-0.02,300,657306,卖盘
503,10:06:30,21.92,0.02,2,4384,买盘
504,10:06:33,21.9,-0.02,202,442401,卖盘
505,10:06:37,21.89,-0.01,6,13134,卖盘
506,10:06:39,21.9,0.01,8,17519,买盘
507,10:06:42,21.88,-0.02,30,65640,卖盘
508,10:06:45,21.88,0.0,16,35008,卖盘
509,10:06:52,21.88,0.0,1,2188,买盘
510,10:06:54,21.88,0.0,28,61242,买盘
511,10:06:57,21.88,0.0,7,15304,买盘
512,10:07:01,21.87,-0.01,8,17499,卖盘
513,10:07:04,21.87,0.0,10,21884,中性盘
514,10:07:06,21.87,0.0,2,4374,卖盘
515,10:07:09,21.87,0.0,2,4374,买盘
516,10:07:13,21.85,-0.02,50,109266,卖盘
517,10:07:15,21.87,0.02,6,13114,买盘
518,10:07:18,21.88,0.01,1,2188,卖盘
519,10:07:24,21.88,0.0,1,2188,卖盘
520,10:07:30,21.89,0.01,10,21885,买盘
521,10:07:33,21.89,0.0,8,17512,买盘
522,10:07:45,21.88,-0.01,28,61279,卖盘
523,10:07:48,21.88,0.0,87,190153,买盘
524,10:07:51,21.88,0.0,7,15314,买盘
525,10:07:54,21.84,-0.04,20,43721,卖盘
526,10:08:06,21.89,0.05,4,8757,卖盘
527,10:08:10,21.9,0.01,4,8760,买盘
528,10:08:18,21.89,-0.01,10,21895,卖盘
529,10:08:21,21.88,-0.01,3,6564,卖盘
530,10:08:24,21.88,0.0,14,30632,卖盘
531,10:08:27,21.89,0.01,5,10945,买盘
532,10:08:30,21.88,-0.01,6,13128,卖盘
533,10:08:33,21.88,0.0,21,45955,卖盘
534,10:08:39,21.89,0.01,2,4378,买盘
535,10:08:43,21.88,-0.01,18,39394,卖盘
536,10:08:49,21.89,0.01,5,10945,买盘
537,10:08:58,21.89,0.0,3,6567,买盘
538,10:09:04,21.89,0.0,8,17512,买盘
539,10:09:06,21.87,-0.02,37,80949,卖盘
540,10:09:09,21.87,0.0,2,4374,买盘
541,10:09:15,21.87,0.0,21,45908,买盘
542,10:09:18,21.86,-0.01,29,63412,卖盘
543,10:09:21,21.85,-0.01,30,65550,卖盘
544,10:09:24,21.86,0.01,9,19674,买盘
545,10:09:31,21.86,0.0,6,13122,卖盘
546,10:09:33,21.88,0.02,1,2188,买盘
547,10:09:39,21.88,0.0,3,6564,买盘
548,10:09:42,21.88,0.0,2,4376,买盘
549,10:09:45,21.87,-0.01,5,10935,卖盘
550,10:09:49,21.87,0.0,11,24067,卖盘
551,10:09:51,21.87,0.0,2,4374,卖盘
552,10:09:55,21.88,0.01,2,4375,买盘
553,10:10:01,21.87,-0.01,26,56862,卖盘
554,10:10:04,21.88,0.01,9,19692,买盘
555,10:10:06,21.88,0.0,6,13128,买盘
556,10:10:09,21.88,0.0,1,2188,卖盘
557,10:10:12,21.88,0.0,1,2188,卖盘
558,10:10:16,21.88,0.0,4,8752,卖盘
559,10:10:21,21.88,0.0,26,56888,卖盘
560,10:10:24,21.89,0.01,10,21890,买盘
561,10:10:28,21.88,-0.01,31,67849,卖盘
562,10:10:31,21.89,0.01,4,8756,买盘
563,10:10:33,21.89,0.0,7,15323,买盘
564,10:10:46,21.88,-0.01,3,6564,卖盘
565,10:10:49,21.9,0.02,12,26272,买盘
566,10:10:52,21.9,0.0,82,179580,买盘
567,10:11:10,21.93,0.03,1,2193,买盘
568,10:11:16,21.92,-0.01,10,21918,买盘
569,10:11:18,21.92,0.0,8,17536,买盘
570,10:11:21,21.93,0.01,1,2193,卖盘
571,10:11:24,21.91,-0.02,34,74520,卖盘
572,10:11:31,21.9,-0.01,179,392014,卖盘
573,10:11:34,21.9,0.0,21,45990,买盘
574,10:11:39,21.9,0.0,11,24090,买盘
575,10:11:43,21.9,0.0,43,94170,卖盘
576,10:11:45,21.9,0.0,38,83220,买盘
577,10:11:48,21.9,0.0,11,24100,卖盘
578,10:11:51,21.91,0.01,4,8761,买盘
579,10:11:54,21.91,0.0,10,21910,买盘
580,10:11:58,21.91,0.0,9,19719,买盘
581,10:12:04,21.91,0.0,22,48202,买盘
582,10:12:07,21.91,0.0,10,21910,买盘
583,10:12:09,21.91,0.0,8,17528,卖盘
584,10:12:22,21.91,0.0,8,17528,卖盘
585,10:12:25,21.92,0.01,5,10960,买盘
586,10:12:43,21.95,0.03,3,6585,买盘
587,10:12:54,21.95,0.0,2,4390,买盘
588,10:13:01,21.95,0.0,6,13170,买盘
589,10:13:06,21.95,0.0,4,8780,卖盘
590,10:13:10,21.96,0.01,1,2196,买盘
591,10:13:15,21.96,0.0,4,8784,买盘
592,10:13:18,21.96,0.0,7,15372,卖盘
593,10:13:24,21.94,-0.02,5,10970,卖盘
594,10:13:30,21.97,0.03,6,13182,买盘
595,10:13:33,21.96,-0.01,2,4392,中性盘
596,10:13:37,21.96,0.0,6,13175,买盘
597,10:13:42,21.95,-0.01,7,15365,卖盘
598,10:13:46,21.95,0.0,1,2195,买盘
599,10:13:52,21.95,0.0,3,6584,买盘
600,10:14:04,21.95,0.0,7,15365,买盘
601,10:14:06,21.95,0.0,4,8780,买盘
602,10:14:09,21.95,0.0,1,2195,卖盘
603,10:14:13,21.95,0.0,4,8780,卖盘
604,10:14:21,21.95,0.0,11,24150,卖盘
605,10:14:27,21.99,0.04,100,219736,买盘
606,10:14:43,22.0,0.01,100,219918,买盘
607,10:14:48,22.0,0.0,100,219888,买盘
608,10:14:54,21.95,-0.05,26,57070,卖盘
609,10:14:57,22.0,0.05,101,222200,买盘
610,10:15:09,22.01,0.01,28,61600,买盘
611,10:15:12,22.0,-0.01,6,13200,卖盘
612,10:15:24,21.98,-0.02,6,13192,卖盘
613,10:15:31,21.96,-0.02,5,10980,卖盘
614,10:15:34,21.95,-0.01,21,46105,卖盘
615,10:15:37,21.95,0.0,1,2195,卖盘
616,10:15:40,21.95,0.0,2,4390,卖盘
617,10:15:45,21.95,0.0,8,17560,买盘
618,10:15:48,21.94,-0.01,3,6582,卖盘
619,10:15:52,21.94,0.0,2,4388,卖盘
620,10:16:04,21.93,-0.01,18,39481,卖盘
621,10:16:06,21.94,0.01,2,4387,买盘
622,10:16:09,21.94,0.0,15,32910,买盘
623,10:16:12,21.94,0.0,74,162356,买盘
624,10:16:18,21.94,0.0,18,39492,买盘
625,10:16:21,21.94,0.0,3,6582,卖盘
626,10:16:27,21.98,0.04,11,24170,买盘
627,10:16:31,21.98,0.0,19,41762,卖盘
628,10:16:33,21.99,0.01,8,17592,买盘
629,10:16:40,21.98,-0.01,5,10990,卖盘
630,10:16:45,21.99,0.01,2,4398,买盘
631,10:16:51,21.98,-0.01,49,107734,卖盘
632,10:17:00,21.98,0.0,2,4396,买盘
633,10:17:04,21.98,0.0,66,145068,买盘
634,10:17:12,21.98,0.0,66,145018,买盘
635,10:17:16,21.98,0.0,26,57148,买盘
636,10:17:24,21.98,0.0,6,13185,买盘
637,10:17:33,21.98,0.0,142,311823,买盘
638,10:17:36,21.98,0.0,1,2198,买盘
639,10:17:51,21.95,-0.03,1,2195,卖盘
640,10:18:09,21.98,0.03,5,10990,买盘
641,10:18:16,21.98,0.0,63,138440,买盘
642,10:18:22,21.95,-0.03,10,21955,卖盘
643,10:18:27,21.95,0.0,20,43900,卖盘
644,10:18:33,21.95,0.0,15,32933,卖盘
645,10:18:36,21.95,0.0,1,2195,买盘
646,10:18:42,21.94,-0.01,44,96536,卖盘
647,10:18:45,21.94,0.0,5,10970,买盘
648,10:19:00,21.92,-0.02,50,109647,卖盘
649,10:19:04,21.92,0.0,8,17536,买盘
650,10:19:12,21.92,0.0,1,2192,买盘
651,10:19:16,21.92,0.0,41,89872,买盘
652,10:19:18,21.92,0.0,10,21920,卖盘
653,10:19:30,21.91,-0.01,30,65743,卖盘
654,10:19:33,21.92,0.01,10,21920,买盘
655,10:19:36,21.92,0.0,61,133712,买盘
656,10:19:39,21.92,0.0,1,2192,买盘
657,10:19:48,21.91,-0.01,128,280468,卖盘
658,10:19:52,21.88,-0.03,501,1096619,卖盘
659,10:19:57,21.88,0.0,5,10940,卖盘
660,10:20:00,21.88,0.0,42,92066,卖盘
661,10:20:09,21.92,0.04,5,10960,卖盘
662,10:20:12,21.93,0.01,4,8769,中性盘
663,10:20:15,21.93,0.0,1,2193,买盘
664,10:20:21,21.93,0.0,11,24123,卖盘
665,10:20:24,21.93,0.0,8,17544,卖盘
666,10:20:30,21.89,-0.04,3,6567,卖盘
667,10:20:33,21.93,0.04,5,10965,买盘
668,10:20:36,21.88,-0.05,300,656495,卖盘
669,10:20:43,21.94,0.06,105,230266,买盘
670,10:20:46,21.93,-0.01,24,52652,卖盘
671,10:20:51,21.93,0.0,1,2193,卖盘
672,10:21:04,21.93,0.0,17,37288,卖盘
673,10:21:06,21.93,0.0,23,50439,卖盘
674,10:21:09,21.94,0.01,8,17552,买盘
675,10:21:21,21.95,0.01,2,4390,卖盘
676,10:21:24,21.98,0.03,15,32942,买盘
677,10:21:27,21.96,-0.02,28,61488,卖盘
678,10:21:33,21.96,0.0,62,136160,卖盘
679,10:21:37,21.94,-0.02,19,41696,卖盘
680,10:21:51,21.94,0.0,2,4388,卖盘
681,10:22:00,21.95,0.01,5,10975,买盘
682,10:22:04,21.96,0.01,18,39528,买盘
683,10:22:07,21.94,-0.02,19,41694,卖盘
684,10:22:21,21.94,0.0,6,13164,卖盘
685,10:22:27,21.96,0.02,26,57096,买盘
686,10:22:37,21.96,0.0,2,4392,卖盘
687,10:22:39,21.94,-0.02,21,46088,卖盘
688,10:22:48,21.96,0.02,5,10980,买盘
689,10:22:57,21.98,0.02,2,4396,买盘
690,10:23:06,21.98,0.0,2,4396,买盘
691,10:23:09,21.98,0.0,12,26376,买盘
692,10:23:13,21.98,0.0,25,54950,买盘
693,10:23:18,21.98,0.0,1,2198,卖盘
694,10:23:27,21.99,0.01,25,54975,买盘
695,10:23:31,21.99,0.0,1,2199,买盘
696,10:23:34,21.98,-0.01,53,116494,卖盘
697,10:23:36,21.98,0.0,2,4396,买盘
698,10:23:39,21.94,-0.04,19,41707,卖盘
699,10:23:42,21.98,0.04,2,4396,买盘
700,10:23:45,21.98,0.0,20,43960,买盘
701,10:23:51,21.96,-0.02,1,2196,卖盘
702,10:24:01,21.98,0.02,26,57148,买盘
703,10:24:06,21.98,0.0,24,52752,卖盘
704,10:24:12,21.98,0.0,25,54950,买盘
705,10:24:15,21.98,0.0,9,19782,买盘
706,10:24:21,21.98,0.0,3,6594,卖盘
707,10:24:30,21.97,-0.01,19,41754,卖盘
708,10:24:33,21.97,0.0,7,15379,买盘
709,10:24:45,21.97,0.0,20,43940,买盘
710,10:24:48,21.93,-0.04,30,65836,卖盘
711,10:24:54,21.97,0.04,25,54925,买盘
712,10:25:00,21.95,-0.02,1,2195,卖盘
713,10:25:04,21.97,0.02,3,6591,买盘
714,10:25:12,21.96,-0.01,2,4392,卖盘
715,10:25:24,21.96,0.0,36,79056,卖盘
716,10:25:27,21.91,-0.05,24,52634,卖盘
717,10:25:33,21.96,0.05,2,4392,买盘
718,10:25:37,21.96,0.0,21,46116,买盘
719,10:25:45,21.96,0.0,20,43920,买盘
720,10:25:51,21.92,-0.04,2,4384,卖盘
721,10:25:54,21.91,-0.01,17,37256,卖盘
722,10:26:01,21.91,0.0,10,21910,卖盘
723,10:26:15,21.96,0.05,18,39528,买盘
724,10:26:21,21.92,-0.04,4,8768,卖盘
725,10:26:24,21.91,-0.01,19,41633,卖盘
726,10:26:34,21.9,-0.01,200,438150,卖盘
727,10:26:36,21.88,-0.02,435,951966,卖盘
728,10:26:40,21.87,-0.01,15,32819,卖盘
729,10:27:06,21.87,0.0,20,43750,卖盘
730,10:27:09,21.87,0.0,28,61236,卖盘
731,10:27:16,21.87,0.0,14,30624,卖盘
732,10:27:18,21.92,0.05,3,6576,买盘
733,10:27:33,21.94,0.02,3,6582,买盘
734,10:27:36,21.92,-0.02,121,265240,卖盘
735,10:27:39,21.87,-0.05,18,39370,卖盘
736,10:27:51,21.87,0.0,1,2187,卖盘
737,10:28:03,21.87,0.0,10,21885,卖盘
738,10:28:09,21.87,0.0,10,21870,卖盘
739,10:28:18,21.87,0.0,10,21870,卖盘
740,10:28:21,21.87,0.0,22,48128,卖盘
741,10:28:27,21.85,-0.02,376,821774,卖盘
742,10:28:30,21.87,0.02,5,10935,买盘
743,10:28:33,21.85,-0.02,15,32783,卖盘
744,10:28:37,21.85,0.0,3,6555,卖盘
745,10:28:51,21.86,0.01,3,6558,卖盘
746,10:29:00,21.85,-0.01,1,2185,卖盘
747,10:29:04,21.86,0.01,8,17488,买盘
748,10:29:09,21.86,0.0,2,4372,买盘
749,10:29:12,21.86,0.0,10,21860,买盘
750,10:29:15,21.86,0.0,16,34976,买盘
751,10:29:18,21.86,0.0,12,26232,买盘
752,10:29:21,21.86,0.0,2,4372,买盘
753,10:29:24,21.86,0.0,1,2186,买盘
754,10:29:28,21.86,0.0,7,15302,买盘
755,10:29:36,21.86,0.0,21,45922,卖盘
756,10:29:45,21.86,0.0,6,13121,卖盘
757,10:29:52,21.86,0.0,1,2186,卖盘
758,10:30:10,21.89,0.03,1,2189,买盘
759,10:30:16,21.89,0.0,4,8756,买盘
760,10:30:24,21.89,0.0,4,8756,卖盘
761,10:30:30,21.89,0.0,5,10945,卖盘
762,10:30:33,21.89,0.0,12,26276,卖盘
763,10:30:37,21.89,0.0,6,13134,卖盘
764,10:30:40,21.89,0.0,3,6567,买盘
765,10:30:45,21.9,0.01,10,21894,买盘
766,10:31:00,21.9,0.0,50,109500,买盘
767,10:31:04,21.9,0.0,8,17520,买盘
768,10:31:15,21.9,0.0,14,30660,买盘
769,10:31:27,21.89,-0.01,16,35024,卖盘
770,10:31:36,21.89,0.0,2,4378,买盘
771,10:31:39,21.89,0.0,4,8756,买盘
772,10:31:51,21.89,0.0,1,2189,卖盘
773,10:31:55,21.89,0.0,2,4378,卖盘
774,10:32:00,21.9,0.01,1,2190,买盘
775,10:32:04,21.9,0.0,134,293460,买盘
776,10:32:12,21.9,0.0,50,109500,买盘
777,10:32:16,21.9,0.0,14,30660,买盘
778,10:32:18,21.89,-0.01,10,21890,卖盘
779,10:32:21,21.88,-0.01,3,6566,卖盘
780,10:32:24,21.9,0.02,7,15330,买盘
781,10:32:30,21.88,-0.02,5,10940,卖盘
782,10:32:33,21.89,0.01,8,17512,中性盘
783,10:32:43,21.88,-0.01,2,4376,卖盘
784,10:32:46,21.88,0.0,1,2188,买盘
785,10:32:52,21.9,0.02,2,4380,买盘
786,10:33:04,21.89,-0.01,5,10945,中性盘
787,10:33:12,21.9,0.01,6,13133,买盘
788,10:33:15,21.89,-0.01,14,30646,买盘
789,10:33:18,21.89,0.0,5,10945,买盘
790,10:33:27,21.89,0.0,1,2189,买盘
791,10:33:30,21.88,-0.01,2,4376,卖盘
792,10:33:33,21.89,0.01,7,15323,买盘
793,10:33:36,21.9,0.01,4,8757,买盘
794,10:33:45,21.88,-0.02,18,39412,卖盘
795,10:33:51,21.88,0.0,1,2188,卖盘
796,10:34:03,21.89,0.01,8,17512,中性盘
797,10:34:06,21.89,0.0,5,10945,买盘
798,10:34:09,21.89,0.0,2,4378,买盘
799,10:34:15,21.89,0.0,5,10945,买盘
800,10:34:22,21.88,-0.01,12,26264,卖盘
801,10:34:24,21.88,0.0,9,19697,卖盘
802,10:34:33,21.88,0.0,4,8752,买盘
803,10:34:45,21.89,0.01,2,4378,买盘
804,10:34:48,21.88,-0.01,8,17505,卖盘
805,10:34:54,21.89,0.01,1,2189,买盘
806,10:35:00,21.85,-0.04,257,561701,卖盘
807,10:35:03,21.85,0.0,38,83030,买盘
808,10:35:09,21.84,-0.01,6,13109,卖盘
809,10:35:13,21.85,0.01,16,34953,买盘
810,10:35:21,21.85,0.0,30,65550,卖盘
811,10:35:27,21.85,0.0,10,21850,卖盘
812,10:35:30,21.84,-0.01,42,91732,卖盘
813,10:35:33,21.87,0.03,7,15309,买盘
814,10:35:36,21.87,0.0,2,4374,买盘
815,10:35:45,21.87,0.0,10,21870,买盘
816,10:35:54,21.85,-0.02,2,4370,卖盘
817,10:35:58,21.85,0.0,4,8740,卖盘
818,10:36:06,21.86,0.01,3,6558,卖盘
819,10:36:12,21.81,-0.05,200,436545,卖盘
820,10:36:15,21.85,0.04,3,6551,卖盘
821,10:36:18,21.85,0.0,5,10925,卖盘
822,10:36:22,21.8,-0.05,319,695499,卖盘
823,10:36:24,21.81,0.01,4,8724,买盘
824,10:36:27,21.82,0.01,10,21820,卖盘
825,10:36:39,21.83,0.01,8,17464,卖盘
826,10:36:45,21.83,0.0,13,28373,中性盘
827,10:36:48,21.81,-0.02,13,28353,卖盘
828,10:36:54,21.8,-0.01,200,436022,卖盘
829,10:37:00,21.8,0.0,22,47960,卖盘
830,10:37:03,21.8,0.0,23,50147,卖盘
831,10:37:09,21.79,-0.01,14,30507,卖盘
832,10:37:13,21.79,0.0,11,23964,买盘
833,10:37:16,21.79,0.0,10,21790,买盘
834,10:37:18,21.78,-0.01,61,132858,卖盘
835,10:37:21,21.78,0.0,6,13068,买盘
836,10:37:24,21.76,-0.02,100,217614,卖盘
837,10:37:27,21.77,0.01,24,52268,中性盘
838,10:37:30,21.76,-0.01,9,19584,卖盘
839,10:37:33,21.77,0.01,16,34832,买盘
840,10:37:36,21.77,0.0,14,30468,买盘
841,10:37:45,21.77,0.0,10,21770,买盘
842,10:37:48,21.77,0.0,1,2177,买盘
843,10:37:52,21.76,-0.01,6,13056,卖盘
844,10:37:54,21.77,0.01,11,23947,买盘
845,10:37:57,21.76,-0.01,60,130596,卖盘
846,10:38:00,21.77,0.01,2,4354,中性盘
847,10:38:06,21.78,0.01,231,502682,买盘
848,10:38:09,21.77,-0.01,4,8708,中性盘
849,10:38:15,21.78,0.01,8,17424,买盘
850,10:38:21,21.77,-0.01,58,126319,卖盘
851,10:38:24,21.78,0.01,7,15246,卖盘
852,10:38:27,21.78,0.0,64,139381,买盘
853,10:38:30,21.79,0.01,8,17425,买盘
854,10:38:33,21.79,0.0,8,17432,买盘
855,10:38:37,21.8,0.01,122,265960,买盘
856,10:38:57,21.8,0.0,4,8728,卖盘
857,10:39:03,21.81,0.01,2,4362,中性盘
858,10:39:06,21.81,0.0,1,2181,卖盘
859,10:39:21,21.82,0.01,4,8728,买盘
860,10:39:24,21.82,0.0,1,2182,买盘
861,10:39:27,21.81,-0.01,18,39267,卖盘
862,10:39:30,21.82,0.01,1,2182,买盘
863,10:39:33,21.82,0.0,3,6546,买盘
864,10:39:36,21.83,0.01,12,26187,买盘
865,10:39:39,21.81,-0.02,25,54542,卖盘
866,10:39:42,21.82,0.01,23,50186,卖盘
867,10:39:45,21.82,0.0,14,30546,买盘
868,10:39:49,21.81,-0.01,23,50164,卖盘
869,10:39:51,21.81,0.0,51,111231,卖盘
870,10:39:54,21.81,0.0,140,305311,卖盘
871,10:39:57,21.8,-0.01,392,854418,卖盘
872,10:40:00,21.78,-0.02,156,339844,卖盘
873,10:40:04,21.77,-0.01,97,211177,卖盘
874,10:40:07,21.77,0.0,66,143682,卖盘
875,10:40:10,21.77,0.0,21,45717,卖盘
876,10:40:13,21.77,0.0,115,250355,卖盘
877,10:40:16,21.77,0.0,33,71841,卖盘
878,10:40:18,21.77,0.0,8,17416,卖盘
879,10:40:21,21.75,-0.02,206,448208,卖盘
880,10:40:25,21.75,0.0,4,8700,卖盘
881,10:40:28,21.77,0.02,100,217694,买盘
882,10:40:33,21.77,0.0,22,47894,买盘
883,10:40:39,21.77,0.0,13,28301,买盘
884,10:40:46,21.78,0.01,8,17424,卖盘
885,10:40:57,21.78,0.0,56,121968,卖盘
886,10:41:04,21.78,0.0,13,28322,卖盘
887,10:41:18,21.8,0.02,6,13075,买盘
888,10:41:21,21.79,-0.01,10,21790,卖盘
889,10:41:25,21.79,0.0,15,32685,卖盘
890,10:41:27,21.79,0.0,7,15253,卖盘
891,10:41:30,21.79,0.0,3,6537,买盘
892,10:41:37,21.8,0.01,3,6540,买盘
893,10:41:43,21.79,-0.01,1,2179,卖盘
894,10:41:48,21.8,0.01,9,19620,买盘
895,10:41:51,21.8,0.0,5,10900,买盘
896,10:41:54,21.79,-0.01,2,4358,卖盘
897,10:42:04,21.79,0.0,12,26156,卖盘
898,10:42:10,21.8,0.01,25,54500,买盘
899,10:42:13,21.8,0.0,87,189653,买盘
900,10:42:16,21.8,0.0,13,28336,买盘
901,10:42:18,21.8,0.0,11,23980,卖盘
902,10:42:21,21.8,0.0,101,220180,买盘
903,10:42:24,21.8,0.0,11,23974,买盘
904,10:42:27,21.79,-0.01,44,95876,卖盘
905,10:42:33,21.79,0.0,7,15253,买盘
906,10:42:36,21.79,0.0,7,15253,买盘
907,10:42:46,21.79,0.0,2,4358,买盘
908,10:42:48,21.79,0.0,202,440358,卖盘
909,10:42:54,21.8,0.01,25,54500,买盘
910,10:42:57,21.8,0.0,20,43600,卖盘
911,10:43:04,21.8,0.0,8,17440,买盘
912,10:43:13,21.79,-0.01,9,19611,卖盘
913,10:43:21,21.79,0.0,3,6537,卖盘
914,10:43:27,21.79,0.0,1,2179,卖盘
915,10:43:30,21.8,0.01,2,4360,买盘
916,10:43:33,21.8,0.0,112,244160,买盘
917,10:43:36,21.8,0.0,3,6540,买盘
918,10:43:39,21.8,0.0,9,19620,买盘
919,10:43:45,21.8,0.0,6,13080,买盘
920,10:43:48,21.8,0.0,5,10900,买盘
921,10:43:51,21.8,0.0,12,26160,买盘
922,10:43:54,21.79,-0.01,2,4358,卖盘
923,10:43:57,21.8,0.01,21,45770,买盘
924,10:44:00,21.8,0.0,3,6540,买盘
925,10:44:04,21.79,-0.01,61,132926,卖盘
926,10:44:07,21.79,0.0,1,2179,买盘
927,10:44:09,21.78,-0.01,3,6535,卖盘
928,10:44:12,21.78,0.0,47,102366,卖盘
929,10:44:15,21.78,0.0,4,8712,买盘
930,10:44:19,21.78,0.0,1,2178,卖盘
931,10:44:21,21.79,0.01,3,6536,买盘
932,10:44:24,21.77,-0.02,5,10889,卖盘
933,10:44:33,21.78,0.01,8,17424,买盘
934,10:44:45,21.75,-0.03,293,637384,卖盘
935,10:44:48,21.75,0.0,3,6525,买盘
936,10:44:51,21.75,0.0,10,21750,买盘
937,10:44:57,21.74,-0.01,30,65220,卖盘
938,10:45:01,21.74,0.0,5,10870,买盘
939,10:45:04,21.73,-0.01,26,56524,卖盘
940,10:45:06,21.73,0.0,363,788036,卖盘
941,10:45:12,21.7,-0.03,28,60764,卖盘
942,10:45:15,21.7,0.0,6,13020,买盘
943,10:45:21,21.69,-0.01,8,17355,卖盘
944,10:45:24,21.68,-0.01,10,21685,卖盘
945,10:45:27,21.69,0.01,4,8676,买盘
946,10:45:30,21.69,0.0,42,91088,买盘
947,10:45:33,21.68,-0.01,53,114924,卖盘
948,10:45:36,21.7,0.02,11,23862,买盘
949,10:45:39,21.69,-0.01,25,54240,卖盘
950,10:45:42,21.7,0.01,101,219169,买盘
951,10:45:45,21.7,0.0,8,17360,买盘
952,10:45:48,21.7,0.0,242,525140,买盘
953,10:45:54,21.7,0.0,2,4340,卖盘
954,10:46:00,21.7,0.0,42,91140,卖盘
955,10:46:04,21.7,0.0,8,17360,买盘
956,10:46:06,21.69,-0.01,28,60742,卖盘
957,10:46:09,21.7,0.01,25,54249,买盘
958,10:46:12,21.7,0.0,1,2170,买盘
959,10:46:16,21.7,0.0,6,13020,买盘
960,10:46:18,21.7,0.0,24,52080,买盘
961,10:46:24,21.7,0.0,3,6510,卖盘
962,10:46:30,21.7,0.0,16,34721,卖盘
963,10:46:49,21.71,0.01,15,32569,卖盘
964,10:46:51,21.71,0.0,3,6513,买盘
965,10:46:55,21.7,-0.01,5,10850,卖盘
966,10:46:57,21.7,0.0,31,67279,卖盘
967,10:47:06,21.73,0.03,2,4346,卖盘
968,10:47:13,21.73,0.0,2,4346,卖盘
969,10:47:21,21.73,0.0,11,23903,卖盘
970,10:47:24,21.74,0.01,5,10870,买盘
971,10:47:30,21.74,0.0,12,26087,买盘
972,10:47:33,21.74,0.0,9,19566,买盘
973,10:47:39,21.74,0.0,7,15218,买盘
974,10:47:42,21.75,0.01,5,10873,买盘
975,10:47:45,21.75,0.0,24,52161,买盘
976,10:47:48,21.75,0.0,9,19569,买盘
977,10:47:51,21.74,-0.01,2,4348,中性盘
978,10:47:58,21.75,0.01,5,10875,买盘
979,10:48:03,21.75,0.0,8,17400,买盘
980,10:48:10,21.74,-0.01,8,17392,卖盘
981,10:48:13,21.73,-0.01,2,4346,卖盘
982,10:48:15,21.73,0.0,6,13038,买盘
983,10:48:18,21.73,0.0,2,4346,买盘
984,10:48:24,21.73,0.0,10,21725,买盘
985,10:48:27,21.73,0.0,4,8692,买盘
986,10:48:30,21.73,0.0,4,8690,买盘
987,10:48:33,21.73,0.0,8,17384,买盘
988,10:48:36,21.72,-0.01,15,32580,卖盘
989,10:48:45,21.73,0.01,2,4346,买盘
990,10:48:48,21.72,-0.01,24,52142,卖盘
991,10:48:51,21.72,0.0,2,4344,卖盘
992,10:48:54,21.72,0.0,1,2172,买盘
993,10:48:58,21.73,0.01,10,21723,买盘
994,10:49:04,21.73,0.0,8,17384,买盘
995,10:49:16,21.73,0.0,8,17380,买盘
996,10:49:27,21.72,-0.01,42,91224,卖盘
997,10:49:30,21.72,0.0,2,4344,买盘
998,10:49:33,21.71,-0.01,29,62966,卖盘
999,10:49:36,21.72,0.01,55,119408,买盘
1000,10:49:42,21.72,0.0,21,45592,买盘
1001,10:49:45,21.7,-0.02,160,347176,卖盘
1002,10:49:48,21.7,0.0,6,13020,买盘
1003,10:49:51,21.7,0.0,2,4340,买盘
1004,10:49:54,21.69,-0.01,1,2169,卖盘
1005,10:49:57,21.69,0.0,12,26030,卖盘
1006,10:50:00,21.7,0.01,1,2170,买盘
1007,10:50:03,21.7,0.0,18,39060,买盘
1008,10:50:09,21.7,0.0,11,23870,买盘
1009,10:50:13,21.7,0.0,6,13020,买盘
1010,10:50:16,21.7,0.0,11,23870,买盘
1011,10:50:18,21.7,0.0,13,28210,买盘
1012,10:50:21,21.69,-0.01,16,34704,卖盘
1013,10:50:24,21.69,0.0,13,28207,卖盘
1014,10:50:27,21.69,0.0,3,6507,卖盘
1015,10:50:30,21.7,0.01,7,15190,买盘
1016,10:50:33,21.7,0.0,8,17360,买盘
1017,10:50:36,21.7,0.0,55,119350,买盘
1018,10:50:39,21.69,-0.01,21,45550,卖盘
1019,10:50:42,21.7,0.01,2,4340,买盘
1020,10:50:45,21.69,-0.01,69,149661,卖盘
1021,10:50:48,21.69,0.0,186,403434,买盘
1022,10:50:51,21.69,0.0,24,52056,买盘
1023,10:50:55,21.69,0.0,7,15183,买盘
1024,10:50:57,21.69,0.0,8,17350,买盘
1025,10:51:01,21.69,0.0,6,13014,买盘
1026,10:51:04,21.69,0.0,32,69408,买盘
1027,10:51:10,21.69,0.0,198,429184,买盘
1028,10:51:12,21.69,0.0,4,8676,买盘
1029,10:51:15,21.69,0.0,304,658351,买盘
1030,10:51:18,21.69,0.0,14,30366,买盘
1031,10:51:22,21.69,0.0,4,8672,买盘
1032,10:51:25,21.69,0.0,12,26028,买盘
1033,10:51:27,21.68,-0.01,5,10842,卖盘
1034,10:51:31,21.65,-0.03,117,253308,卖盘
1035,10:51:33,21.65,0.0,31,67115,买盘
1036,10:51:39,21.66,0.01,109,235795,买盘
1037,10:51:42,21.66,0.0,1,2166,卖盘
1038,10:51:45,21.62,-0.04,20,43290,卖盘
1039,10:51:49,21.68,0.06,14,30348,买盘
1040,10:51:52,21.69,0.01,3,6505,买盘
1041,10:51:55,21.68,-0.01,24,52032,卖盘
1042,10:51:57,21.68,0.0,1,2168,买盘
1043,10:52:01,21.66,-0.02,11,23826,卖盘
1044,10:52:04,21.66,0.0,23,49818,买盘
1045,10:52:06,21.66,0.0,10,21660,买盘
1046,10:52:09,21.66,0.0,12,25992,买盘
1047,10:52:13,21.66,0.0,2,4332,买盘
1048,10:52:15,21.66,0.0,10,21656,买盘
1049,10:52:18,21.66,0.0,7,15162,买盘
1050,10:52:22,21.66,0.0,2,4332,买盘
1051,10:52:24,21.66,0.0,18,38983,买盘
1052,10:52:27,21.68,0.02,250,541658,买盘
1053,10:52:30,21.65,-0.03,44,95262,卖盘
1054,10:52:37,21.69,0.04,33,71546,买盘
1055,10:52:39,21.7,0.01,3,6510,买盘
1056,10:52:42,21.7,0.0,26,56420,买盘
1057,10:52:46,21.7,0.0,21,45570,买盘
1058,10:52:49,21.72,0.02,41,89052,买盘
1059,10:52:52,21.72,0.0,27,58644,买盘
1060,10:52:55,21.72,0.0,2,4344,买盘
1061,10:52:58,21.72,0.0,3,6516,买盘
1062,10:53:01,21.72,0.0,5,10860,买盘
1063,10:53:04,21.72,0.0,102,221544,买盘
1064,10:53:06,21.72,0.0,32,69504,买盘
1065,10:53:16,21.73,0.01,8,17384,买盘
1066,10:53:19,21.73,0.0,18,39114,买盘
1067,10:53:22,21.73,0.0,3,6519,卖盘
1068,10:53:27,21.73,0.0,7,15211,卖盘
1069,10:53:30,21.75,0.02,15,32625,买盘
1070,10:53:33,21.75,0.0,200,435000,买盘
1071,10:53:37,21.78,0.03,4,8712,买盘
1072,10:53:42,21.79,0.01,200,435706,买盘
1073,10:53:45,21.79,0.0,2,4358,买盘
1074,10:53:49,21.79,0.0,89,193931,买盘
1075,10:53:52,21.79,0.0,5,10895,买盘
1076,10:53:55,21.8,0.01,25,54481,买盘
1077,10:53:58,21.8,0.0,29,63229,卖盘
1078,10:54:01,21.81,0.01,77,167937,买盘
1079,10:54:16,21.85,0.04,40,87370,买盘
1080,10:54:18,21.85,0.0,6,13110,卖盘
1081,10:54:24,21.86,0.01,1,2186,买盘
1082,10:54:28,21.86,0.0,4,8744,卖盘
1083,10:54:30,21.86,0.0,1,2186,卖盘
1084,10:54:36,21.92,0.06,6,13146,买盘
1085,10:54:39,21.95,0.03,132,289577,买盘
1086,10:54:43,21.87,-0.08,5,10935,卖盘
1087,10:54:45,21.91,0.04,9,19712,买盘
1088,10:54:49,21.91,0.0,41,89831,卖盘
1089,10:54:52,21.87,-0.04,1,2187,卖盘
1090,10:54:55,21.87,0.0,4,8748,卖盘
1091,10:54:57,21.9,0.03,103,225162,买盘
1092,10:55:00,21.86,-0.04,7,15302,卖盘
1093,10:55:03,21.91,0.05,12,26278,买盘
1094,10:55:06,21.87,-0.04,11,24073,卖盘
1095,10:55:10,21.91,0.04,122,267346,买盘
1096,10:55:12,21.86,-0.05,2,4372,卖盘
1097,10:55:21,21.9,0.04,9,19710,中性盘
1098,10:55:25,21.87,-0.03,25,54678,卖盘
1099,10:55:30,21.91,0.04,51,111735,买盘
1100,10:55:36,21.9,-0.01,3,6570,买盘
1101,10:55:39,21.9,0.0,9,19686,买盘
1102,10:55:42,21.9,0.0,67,146730,卖盘
1103,10:55:46,21.9,0.0,2,4380,买盘
1104,10:55:48,21.9,0.0,5,10950,买盘
1105,10:55:55,21.86,-0.04,1,2186,卖盘
1106,10:55:57,21.9,0.04,5,10950,买盘
1107,10:56:00,21.9,0.0,32,70080,买盘
1108,10:56:15,21.89,-0.01,2,4378,买盘
1109,10:56:18,21.88,-0.01,16,35008,买盘
1110,10:56:24,21.87,-0.01,6,13122,卖盘
1111,10:56:28,21.87,0.0,1,2187,卖盘
1112,10:56:30,21.87,0.0,2,4374,卖盘
1113,10:56:33,21.88,0.01,15,32819,买盘
1114,10:56:36,21.86,-0.02,14,30604,卖盘
1115,10:56:39,21.86,0.0,4,8744,买盘
1116,10:56:46,21.86,0.0,6,13116,买盘
1117,10:56:49,21.84,-0.02,19,41512,卖盘
1118,10:56:55,21.81,-0.03,93,202998,卖盘
1119,10:57:00,21.8,-0.01,134,292157,卖盘
1120,10:57:06,21.84,0.04,216,470947,买盘
1121,10:57:10,21.8,-0.04,100,218000,卖盘
1122,10:57:13,21.8,0.0,2,4360,卖盘
1123,10:57:16,21.84,0.04,10,21820,买盘
1124,10:57:21,21.84,0.0,2,4368,买盘
1125,10:57:39,21.84,0.0,3,6552,买盘
1126,10:57:45,21.84,0.0,2,4368,买盘
1127,10:57:48,21.82,-0.02,5,10910,卖盘
1128,10:57:54,21.82,0.0,2,4364,卖盘
1129,10:58:04,21.82,0.0,10,21828,卖盘
1130,10:58:06,21.84,0.02,3,6552,买盘
1131,10:58:15,21.84,0.0,2,4368,买盘
1132,10:58:18,21.84,0.0,1,2184,买盘
1133,10:58:25,21.82,-0.02,6,13092,卖盘
1134,10:58:30,21.83,0.01,10,21830,卖盘
1135,10:58:34,21.84,0.01,7,15288,买盘
1136,10:58:37,21.84,0.0,20,43658,买盘
1137,10:58:45,21.84,0.0,407,887471,买盘
1138,10:58:48,21.84,0.0,23,50232,买盘
1139,10:58:57,21.83,-0.01,4,8731,买盘
1140,10:59:00,21.83,0.0,2,4366,买盘
1141,10:59:04,21.82,-0.01,38,82924,卖盘
1142,10:59:06,21.82,0.0,10,21823,卖盘
1143,10:59:12,21.82,0.0,8,17456,买盘
1144,10:59:15,21.8,-0.02,8,17444,卖盘
1145,10:59:30,21.82,0.02,2,4364,买盘
1146,10:59:33,21.81,-0.01,3,6543,中性盘
1147,10:59:36,21.82,0.01,2,4364,买盘
1148,10:59:46,21.81,-0.01,1,2181,卖盘
1149,10:59:54,21.82,0.01,2,4364,卖盘
1150,11:00:04,21.83,0.01,7,15281,买盘
1151,11:00:07,21.83,0.0,1,2183,买盘
1152,11:00:15,21.83,0.0,4,8732,买盘
1153,11:00:21,21.83,0.0,1,2183,买盘
1154,11:00:27,21.82,-0.01,6,13092,卖盘
1155,11:00:45,21.83,0.01,1,2183,买盘
1156,11:00:48,21.83,0.0,1,2183,卖盘
1157,11:01:00,21.84,0.01,72,157248,买盘
1158,11:01:07,21.86,0.02,11,24044,买盘
1159,11:01:09,21.84,-0.02,1,2184,卖盘
1160,11:01:12,21.85,0.01,4,8740,买盘
1161,11:01:15,21.84,-0.01,4,8738,卖盘
1162,11:01:18,21.85,0.01,3,6555,买盘
1163,11:01:21,21.85,0.0,5,10925,买盘
1164,11:01:27,21.85,0.0,16,34960,买盘
1165,11:01:33,21.85,0.0,10,21858,卖盘
1166,11:01:40,21.86,0.01,6,13116,买盘
1167,11:01:42,21.86,0.0,30,65580,买盘
1168,11:01:46,21.86,0.0,6,13116,买盘
1169,11:01:49,21.86,0.0,213,465612,买盘
1170,11:01:54,21.86,0.0,1,2186,卖盘
1171,11:02:06,21.89,0.03,14,30646,买盘
1172,11:02:12,21.89,0.0,26,56929,卖盘
1173,11:02:16,21.9,0.01,1,2190,买盘
1174,11:02:21,21.89,-0.01,6,13134,卖盘
1175,11:02:24,21.89,0.0,1,2189,卖盘
1176,11:02:27,21.89,0.0,6,13134,卖盘
1177,11:02:33,21.89,0.0,45,98505,卖盘
1178,11:02:39,21.89,0.0,4,8750,买盘
1179,11:02:42,21.89,0.0,2,4378,买盘
1180,11:02:45,21.89,0.0,8,17512,买盘
1181,11:03:12,21.88,-0.01,8,17504,卖盘
1182,11:03:15,21.88,0.0,2,4376,买盘
1183,11:03:21,21.87,-0.01,5,10935,卖盘
1184,11:03:30,21.87,0.0,2,4374,买盘
1185,11:03:37,21.88,0.01,6,13126,买盘
1186,11:03:39,21.87,-0.01,4,8748,卖盘
1187,11:03:45,21.87,0.0,2,4374,买盘
1188,11:03:54,21.85,-0.02,1,2185,卖盘
1189,11:04:03,21.86,0.01,8,17488,买盘
1190,11:04:15,21.86,0.0,2,4372,买盘
1191,11:04:25,21.84,-0.02,60,131094,卖盘
1192,11:04:33,21.85,0.01,8,17480,买盘
1193,11:04:46,21.85,0.0,7,15290,买盘
1194,11:05:00,21.84,-0.01,16,34944,卖盘
1195,11:05:03,21.85,0.01,8,17476,买盘
1196,11:05:09,21.83,-0.02,1,2183,卖盘
1197,11:05:15,21.84,0.01,10,21835,买盘
1198,11:05:19,21.84,0.0,24,52416,买盘
1199,11:05:24,21.8,-0.04,300,654273,卖盘
1200,11:05:39,21.84,0.04,3,6552,买盘
1201,11:05:45,21.84,0.0,2,4368,买盘
1202,11:05:54,21.81,-0.03,2,4362,卖盘
1203,11:06:15,21.81,0.0,21,45809,卖盘
1204,11:06:27,21.81,0.0,4,8724,卖盘
1205,11:06:33,21.82,0.01,8,17456,买盘
1206,11:06:36,21.81,-0.01,2,4362,卖盘
1207,11:06:45,21.81,0.0,2,4362,卖盘
1208,11:06:51,21.81,0.0,1,2181,卖盘
1209,11:06:54,21.81,0.0,3,6543,卖盘
1210,11:07:00,21.81,0.0,2,4362,卖盘
1211,11:07:04,21.82,0.01,7,15274,买盘
1212,11:07:12,21.82,0.0,1,2182,买盘
1213,11:07:15,21.82,0.0,3,6546,买盘
1214,11:07:30,21.82,0.0,1,2182,买盘
1215,11:07:33,21.82,0.0,11,24001,买盘
1216,11:07:40,21.85,0.03,3,6555,买盘
1217,11:07:45,21.85,0.0,110,240350,买盘
1218,11:07:48,21.85,0.0,10,21850,卖盘
1219,11:07:54,21.85,0.0,9,19665,卖盘
1220,11:08:04,21.86,0.01,8,17488,买盘
1221,11:08:15,21.86,0.0,2,4372,买盘
1222,11:08:28,21.85,-0.01,6,13110,卖盘
1223,11:08:31,21.85,0.0,1,2185,卖盘
1224,11:08:33,21.85,0.0,9,19673,卖盘
1225,11:08:36,21.85,0.0,1,2185,卖盘
1226,11:08:54,21.86,0.01,1,2186,买盘
1227,11:09:04,21.86,0.0,7,15302,买盘
1228,11:09:15,21.86,0.0,7,15297,买盘
1229,11:09:18,21.87,0.01,45,98388,买盘
1230,11:09:24,21.85,-0.02,7,15295,卖盘
1231,11:09:42,21.86,0.01,7,15304,卖盘
1232,11:09:54,21.86,0.0,1,2186,卖盘
1233,11:10:00,21.86,0.0,10,21867,卖盘
1234,11:10:04,21.87,0.01,4,8748,买盘
1235,11:10:18,21.87,0.0,7,15309,卖盘
1236,11:10:21,21.87,0.0,5,10935,买盘
1237,11:10:27,21.85,-0.02,4,8743,卖盘
1238,11:10:54,21.86,0.01,1,2186,卖盘
1239,11:11:04,21.86,0.0,13,28426,卖盘
1240,11:11:30,21.86,0.0,4,8744,卖盘
1241,11:11:33,21.87,0.01,8,17493,买盘
1242,11:11:42,21.85,-0.02,3,6559,卖盘
1243,11:11:51,21.85,0.0,5,10925,卖盘
1244,11:11:54,21.85,0.0,2,4370,卖盘
1245,11:12:27,21.86,0.01,6,13117,卖盘
1246,11:12:33,21.87,0.01,7,15309,买盘
1247,11:12:36,21.86,-0.01,4,8744,卖盘
1248,11:12:45,21.86,0.0,2,4372,买盘
1249,11:12:48,21.86,0.0,1,2186,买盘
1250,11:13:04,21.86,0.0,8,17488,买盘
1251,11:13:06,21.85,-0.01,8,17480,卖盘
1252,11:13:21,21.86,0.01,7,15300,买盘
1253,11:13:33,21.86,0.0,8,17488,买盘
1254,11:13:39,21.87,0.01,14,30598,买盘
1255,11:13:45,21.87,0.0,2,4374,买盘
1256,11:13:54,21.85,-0.02,1,2185,卖盘
1257,11:14:04,21.87,0.02,9,19683,买盘
1258,11:14:15,21.87,0.0,2,4374,买盘
1259,11:14:18,21.87,0.0,8,17496,买盘
1260,11:14:27,21.86,-0.01,6,13116,卖盘
1261,11:14:33,21.87,0.01,8,17496,买盘
1262,11:14:45,21.87,0.0,2,4374,买盘
1263,11:14:57,21.86,-0.01,7,15302,卖盘
1264,11:15:04,21.86,0.0,8,17488,买盘
1265,11:15:21,21.86,0.0,1,2186,卖盘
1266,11:15:33,21.87,0.01,10,21870,买盘
1267,11:15:39,21.87,0.0,2,4374,买盘
1268,11:15:42,21.87,0.0,6,13122,买盘
1269,11:15:45,21.87,0.0,2,4374,买盘
1270,11:15:51,21.86,-0.01,1,2186,卖盘
1271,11:15:54,21.86,0.0,2,4372,卖盘
1272,11:15:58,21.87,0.01,3,6561,买盘
1273,11:16:04,21.87,0.0,4,8748,买盘
1274,11:16:27,21.87,0.0,14,30618,卖盘
1275,11:16:33,21.88,0.01,8,17504,买盘
1276,11:16:39,21.88,0.0,22,48136,买盘
1277,11:17:00,21.88,0.0,13,28444,卖盘
1278,11:17:03,21.89,0.01,8,17512,买盘
1279,11:17:33,21.89,0.0,8,17512,买盘
1280,11:17:42,21.89,0.0,2,4378,买盘
1281,11:17:45,21.89,0.0,1,2189,买盘
1282,11:17:54,21.88,-0.01,6,13132,卖盘
1283,11:18:04,21.89,0.01,7,15323,买盘
1284,11:18:12,21.89,0.0,10,21890,买盘
1285,11:18:27,21.88,-0.01,5,10940,卖盘
1286,11:18:33,21.89,0.01,43,94114,买盘
1287,11:18:36,21.89,0.0,20,43780,卖盘
1288,11:18:54,21.89,0.0,8,17512,卖盘
1289,11:19:00,21.89,0.0,16,35024,买盘
1290,11:19:03,21.89,0.0,8,17512,买盘
1291,11:19:19,21.89,0.0,2,4378,买盘
1292,11:19:24,21.88,-0.01,10,21880,卖盘
1293,11:19:30,21.87,-0.01,1,2187,卖盘
1294,11:19:33,21.88,0.01,38,83143,买盘
1295,11:19:42,21.88,0.0,3,6564,买盘
1296,11:19:45,21.88,0.0,8,17504,买盘
1297,11:19:54,21.88,0.0,2,4376,卖盘
1298,11:20:00,21.89,0.01,1,2189,买盘
1299,11:20:04,21.89,0.0,8,17512,买盘
1300,11:20:06,21.89,0.0,23,50347,买盘
1301,11:20:15,21.88,-0.01,2,4376,卖盘
1302,11:20:21,21.89,0.01,3,6567,买盘
1303,11:20:30,21.88,-0.01,4,8752,卖盘
1304,11:20:33,21.89,0.01,8,17512,买盘
1305,11:20:51,21.89,0.0,2,4378,买盘
1306,11:20:57,21.88,-0.01,18,39395,卖盘
1307,11:21:00,21.87,-0.01,9,19690,卖盘
1308,11:21:04,21.87,0.0,8,17496,买盘
1309,11:21:09,21.87,0.0,10,21870,买盘
1310,11:21:33,21.86,-0.01,15,32797,卖盘
1311,11:21:42,21.86,0.0,3,6558,买盘
1312,11:21:54,21.85,-0.01,1,2185,卖盘
1313,11:22:03,21.86,0.01,8,17488,买盘
1314,11:22:06,21.85,-0.01,1,2185,卖盘
1315,11:22:15,21.85,0.0,16,34960,卖盘
1316,11:22:28,21.85,0.0,4,8740,卖盘
1317,11:22:33,21.85,0.0,37,80853,卖盘
1318,11:22:36,21.85,0.0,19,41515,卖盘
1319,11:22:39,21.85,0.0,10,21850,买盘
1320,11:22:51,21.84,-0.01,2,4368,卖盘
1321,11:23:04,21.85,0.01,7,15295,买盘
1322,11:23:12,21.85,0.0,1,2185,买盘
1323,11:23:21,21.85,0.0,5,10925,买盘
1324,11:23:30,21.85,0.0,12,26220,买盘
1325,11:23:39,21.87,0.02,3,6561,买盘
1326,11:23:54,21.85,-0.02,1,2185,卖盘
1327,11:24:27,21.86,0.01,6,13116,卖盘
1328,11:24:33,21.87,0.01,8,17496,买盘
1329,11:25:04,21.89,0.02,2,4376,买盘
1330,11:25:24,21.89,0.0,1,2189,买盘
1331,11:25:36,21.88,-0.01,2,4376,卖盘
1332,11:25:42,21.88,0.0,4,8754,卖盘
1333,11:25:48,21.88,0.0,4,8752,卖盘
1334,11:25:57,21.87,-0.01,2,4374,卖盘
1335,11:26:04,21.88,0.01,7,15316,买盘
1336,11:26:30,21.87,-0.01,4,8750,卖盘
1337,11:26:33,21.89,0.02,7,15323,买盘
1338,11:27:12,21.85,-0.04,70,152990,卖盘
1339,11:27:42,21.89,0.04,3,6567,买盘
1340,11:27:51,21.86,-0.03,2,4372,卖盘
1341,11:27:57,21.86,0.0,1,2186,卖盘
1342,11:28:30,21.87,0.01,5,10935,卖盘
1343,11:28:33,21.88,0.01,7,15316,买盘
1344,11:28:39,21.88,0.0,2,4376,买盘
1345,11:28:46,21.85,-0.03,10,21861,卖盘
1346,11:29:00,21.85,0.0,4,8740,卖盘
1347,11:29:33,21.87,0.02,2,4374,买盘
1348,11:29:42,21.87,0.0,7,15311,卖盘
1349,11:29:57,21.87,0.0,2,4374,卖盘
1350,13:00:00,21.88,0.01,4,8752,买盘
1351,13:00:04,21.87,-0.01,194,424278,卖盘
1352,13:00:07,21.87,0.0,13,28423,买盘
1353,13:00:15,21.86,-0.01,1,2186,卖盘
1354,13:00:21,21.86,0.0,2,4372,卖盘
1355,13:00:30,21.86,0.0,5,10930,卖盘
1356,13:00:33,21.88,0.02,33,72190,买盘
1357,13:00:45,21.85,-0.03,2,4370,卖盘
1358,13:00:57,21.85,0.0,5,10925,卖盘
1359,13:01:06,21.86,0.01,3,6558,卖盘
1360,13:01:13,21.86,0.0,3,6558,卖盘
1361,13:01:18,21.88,0.02,45,98449,买盘
1362,13:01:33,21.89,0.01,7,15323,买盘
1363,13:01:45,21.89,0.0,10,21890,买盘
1364,13:01:54,21.88,-0.01,1,2188,卖盘
1365,13:01:57,21.88,0.0,2,4376,卖盘
1366,13:02:04,21.89,0.01,8,17512,买盘
1367,13:02:12,21.88,-0.01,21,45948,卖盘
1368,13:02:15,21.88,0.0,540,1181520,卖盘
1369,13:02:18,21.88,0.0,6,13128,卖盘
1370,13:02:24,21.88,0.0,4,8752,卖盘
1371,13:02:27,21.88,0.0,10,21880,卖盘
1372,13:02:30,21.88,0.0,3,6564,卖盘
1373,13:02:33,21.89,0.01,8,17512,买盘
1374,13:02:36,21.88,-0.01,10,21880,卖盘
1375,13:02:48,21.88,0.0,5,10940,卖盘
1376,13:03:00,21.88,0.0,1,2188,卖盘
1377,13:03:04,21.88,0.0,144,315079,卖盘
1378,13:03:06,21.88,0.0,20,43760,卖盘
1379,13:03:12,21.85,-0.03,4,8742,卖盘
1380,13:03:15,21.86,0.01,1,2186,卖盘
1381,13:03:18,21.86,0.0,1,2186,卖盘
1382,13:03:30,21.85,-0.01,2,4370,卖盘
1383,13:03:33,21.86,0.01,3,6558,买盘
1384,13:03:42,21.88,0.02,18,39374,买盘
1385,13:03:45,21.87,-0.01,3,6561,中性盘
1386,13:03:57,21.86,-0.01,1,2186,卖盘
1387,13:04:03,21.87,0.01,10,21870,买盘
1388,13:04:09,21.86,-0.01,5,10930,卖盘
1389,13:04:21,21.85,-0.01,50,109251,卖盘
1390,13:04:30,21.85,0.0,5,10925,卖盘
1391,13:04:33,21.85,0.0,18,39338,卖盘
1392,13:04:51,21.85,0.0,4,8740,买盘
1393,13:04:57,21.84,-0.01,1,2184,卖盘
1394,13:05:00,21.84,0.0,3,6552,卖盘
1395,13:05:04,21.84,0.0,10,21847,卖盘
1396,13:05:33,21.85,0.01,8,17480,买盘
1397,13:05:45,21.85,0.0,7,15295,买盘
1398,13:05:51,21.85,0.0,1,2185,买盘
1399,13:05:57,21.84,-0.01,2,4368,卖盘
1400,13:06:04,21.85,0.01,13,28405,买盘
1401,13:06:09,21.84,-0.01,3,6552,卖盘
1402,13:06:12,21.85,0.01,3,6555,买盘
1403,13:06:18,21.85,0.0,5,10925,买盘
1404,13:06:21,21.84,-0.01,2,4368,卖盘
1405,13:06:27,21.84,0.0,5,10920,卖盘
1406,13:06:30,21.84,0.0,8,17475,卖盘
1407,13:06:33,21.84,0.0,12,26215,卖盘
1408,13:07:00,21.85,0.01,1,2185,买盘
1409,13:07:04,21.85,0.0,8,17480,买盘
1410,13:07:06,21.84,-0.01,2,4369,卖盘
1411,13:07:09,21.85,0.01,4,8740,买盘
1412,13:07:13,21.84,-0.01,5,10920,卖盘
1413,13:07:15,21.84,0.0,2,4368,卖盘
1414,13:07:19,21.84,0.0,4,8736,卖盘
1415,13:07:21,21.84,0.0,1,2184,卖盘
1416,13:07:24,21.84,0.0,8,17472,卖盘
1417,13:07:27,21.84,0.0,6,13104,卖盘
1418,13:07:30,21.84,0.0,15,32760,卖盘
1419,13:07:33,21.83,-0.01,13,28397,卖盘
1420,13:07:37,21.82,-0.01,100,218297,卖盘
1421,13:07:45,21.83,0.01,2,4366,买盘
1422,13:07:57,21.82,-0.01,20,43640,卖盘
1423,13:08:04,21.83,0.01,7,15281,买盘
1424,13:08:06,21.83,0.0,1,2183,卖盘
1425,13:08:09,21.84,0.01,4,8736,卖盘
1426,13:08:21,21.83,-0.01,1,2183,卖盘
1427,13:08:24,21.83,0.0,5,10915,卖盘
1428,13:08:27,21.82,-0.01,6,13092,卖盘
1429,13:08:30,21.82,0.0,3,6546,卖盘
1430,13:08:33,21.82,0.0,11,24009,卖盘
1431,13:08:36,21.82,0.0,12,26184,卖盘
1432,13:08:40,21.82,0.0,13,28366,卖盘
1433,13:08:51,21.81,-0.01,10,21810,卖盘
1434,13:08:54,21.81,0.0,7,15267,卖盘
1435,13:09:03,21.81,0.0,76,165764,卖盘
1436,13:09:06,21.82,0.01,1,2182,卖盘
1437,13:09:15,21.82,0.0,1,2182,买盘
1438,13:09:18,21.81,-0.01,13,28353,卖盘
1439,13:09:27,21.8,-0.01,203,442552,卖盘
1440,13:09:30,21.8,0.0,289,630021,卖盘
1441,13:09:33,21.79,-0.01,9,19619,卖盘
1442,13:09:36,21.78,-0.01,20,43560,卖盘
1443,13:09:43,21.78,0.0,50,108900,卖盘
1444,13:09:46,21.79,0.01,28,60987,买盘
1445,13:09:49,21.78,-0.01,17,37026,卖盘
1446,13:09:57,21.78,0.0,1,2178,卖盘
1447,13:10:04,21.79,0.01,1,2179,中性盘
1448,13:10:07,21.76,-0.03,16,34851,卖盘
1449,13:10:12,21.75,-0.01,25,54378,卖盘
1450,13:10:21,21.75,0.0,6,13050,卖盘
1451,13:10:31,21.75,0.0,6,13050,卖盘
1452,13:10:33,21.76,0.01,7,15232,买盘
1453,13:10:40,21.76,0.0,5,10876,买盘
1454,13:10:42,21.75,-0.01,6,13050,卖盘
1455,13:10:45,21.8,0.05,200,435682,买盘
1456,13:10:51,21.8,0.0,10,21800,买盘
1457,13:10:57,21.8,0.0,1,2180,买盘
1458,13:11:12,21.8,0.0,5,10900,买盘
1459,13:11:27,21.81,0.01,79,172251,买盘
1460,13:11:30,21.8,-0.01,48,104640,卖盘
1461,13:11:42,21.81,0.01,13,28353,卖盘
1462,13:11:45,21.83,0.02,2,4366,买盘
1463,13:11:57,21.81,-0.02,2,4362,卖盘
1464,13:12:04,21.82,0.01,3,6546,中性盘
1465,13:12:09,21.82,0.0,4,8728,卖盘
1466,13:12:16,21.81,-0.01,3,6543,卖盘
1467,13:12:21,21.83,0.02,6,13098,买盘
1468,13:12:24,21.81,-0.02,7,15267,卖盘
1469,13:12:30,21.81,0.0,12,26172,卖盘
1470,13:12:33,21.81,0.0,15,32723,卖盘
1471,13:12:37,21.81,0.0,4,8724,卖盘
1472,13:12:43,21.81,0.0,3,6543,卖盘
1473,13:12:46,21.81,0.0,3,6543,卖盘
1474,13:13:04,21.81,0.0,9,19637,卖盘
1475,13:13:09,21.82,0.01,1,2182,卖盘
1476,13:13:16,21.82,0.0,1,2182,买盘
1477,13:13:18,21.8,-0.02,55,119960,卖盘
1478,13:13:21,21.8,0.0,147,320460,卖盘
1479,13:13:24,21.8,0.0,163,356517,卖盘
1480,13:13:27,21.8,0.0,94,203743,卖盘
1481,13:13:45,21.8,0.0,3,6540,买盘
1482,13:13:57,21.78,-0.02,2,4356,卖盘
1483,13:14:04,21.8,0.02,245,534840,买盘
1484,13:14:09,21.83,0.03,15,32745,买盘
1485,13:14:12,21.83,0.0,12,26196,买盘
1486,13:14:15,21.8,-0.03,159,346647,卖盘
1487,13:14:27,21.8,0.0,7,15260,卖盘
1488,13:14:30,21.8,0.0,45,98105,卖盘
1489,13:14:34,21.8,0.0,12,26176,卖盘
1490,13:14:36,21.81,0.01,3,6543,中性盘
1491,13:15:09,21.8,-0.01,19,41429,卖盘
1492,13:15:21,21.82,0.02,7,15266,中性盘
1493,13:15:24,21.8,-0.02,5,10900,卖盘
1494,13:15:33,21.82,0.02,2,4364,买盘
1495,13:15:45,21.82,0.0,7,15271,买盘
1496,13:15:48,21.81,-0.01,4,8724,卖盘
1497,13:15:52,21.81,0.0,1,2181,买盘
1498,13:15:58,21.8,-0.01,1,2180,卖盘
1499,13:16:00,21.8,0.0,19,41421,卖盘
1500,13:16:04,21.81,0.01,4,8724,买盘
1501,13:16:06,21.81,0.0,3,6543,卖盘
1502,13:16:09,21.81,0.0,2,4362,卖盘
1503,13:16:12,21.81,0.0,3,6543,卖盘
1504,13:16:21,21.81,0.0,2,4362,卖盘
1505,13:16:31,21.81,0.0,5,10905,卖盘
1506,13:16:33,21.82,0.01,8,17456,买盘
1507,13:16:43,21.81,-0.01,9,19629,卖盘
1508,13:16:45,21.81,0.0,3,6543,买盘
1509,13:16:48,21.81,0.0,24,52344,卖盘
1510,13:17:04,21.81,0.0,8,17448,买盘
1511,13:17:06,21.8,-0.01,4,8720,卖盘
1512,13:17:12,21.81,0.01,5,10905,买盘
1513,13:17:15,21.81,0.0,5,10905,买盘
1514,13:17:18,21.8,-0.01,4,8720,卖盘
1515,13:17:24,21.8,0.0,10,21800,卖盘
1516,13:17:34,21.8,0.0,17,37069,卖盘
1517,13:17:37,21.81,0.01,11,23984,买盘
1518,13:17:39,21.8,-0.01,15,32700,卖盘
1519,13:17:45,21.81,0.01,4,8724,买盘
1520,13:17:48,21.81,0.0,9,19629,买盘
1521,13:17:54,21.8,-0.01,37,80660,卖盘
1522,13:18:01,21.8,0.0,25,54509,卖盘
1523,13:18:04,21.81,0.01,8,17448,买盘
1524,13:18:09,21.81,0.0,41,89381,买盘
1525,13:18:24,21.8,-0.01,5,10900,卖盘
1526,13:18:33,21.8,0.0,14,30528,卖盘
1527,13:18:36,21.8,0.0,7,15260,卖盘
1528,13:18:39,21.8,0.0,10,21800,卖盘
1529,13:18:45,21.8,0.0,23,50140,卖盘
1530,13:18:57,21.81,0.01,10,21810,买盘
1531,13:19:00,21.8,-0.01,4,8720,卖盘
1532,13:19:03,21.8,0.0,17,37067,卖盘
1533,13:19:18,21.83,0.03,203,442978,买盘
1534,13:19:24,21.8,-0.03,600,1308351,卖盘
1535,13:19:27,21.8,0.0,1,2180,卖盘
1536,13:19:45,21.83,0.03,2,4366,买盘
1537,13:19:54,21.81,-0.02,9,19629,卖盘
1538,13:19:57,21.81,0.0,5,10905,买盘
1539,13:20:00,21.81,0.0,33,71972,买盘
1540,13:20:04,21.81,0.0,9,19629,买盘
1541,13:20:06,21.8,-0.01,9,19620,卖盘
1542,13:20:09,21.8,0.0,9,19620,卖盘
1543,13:20:12,21.8,0.0,4,8720,卖盘
1544,13:20:16,21.8,0.0,94,204179,卖盘
1545,13:20:18,21.79,-0.01,16,34864,卖盘
1546,13:20:22,21.8,0.01,38,82832,买盘
1547,13:20:33,21.8,0.0,12,26156,买盘
1548,13:20:39,21.8,0.0,10,21800,买盘
1549,13:20:42,21.8,0.0,100,218000,买盘
1550,13:20:48,21.8,0.0,2,4360,买盘
1551,13:21:03,21.79,-0.01,10,21797,卖盘
1552,13:21:12,21.78,-0.01,5,10890,卖盘
1553,13:21:18,21.78,0.0,1,2178,卖盘
1554,13:21:27,21.77,-0.01,2,4354,卖盘
1555,13:21:33,21.78,0.01,6,13068,买盘
1556,13:21:39,21.78,0.0,2,4356,卖盘
1557,13:21:45,21.79,0.01,3,6536,买盘
1558,13:21:51,21.81,0.02,221,482643,买盘
1559,13:21:55,21.83,0.02,5,10915,买盘
1560,13:21:58,21.84,0.01,7,15285,买盘
1561,13:22:01,21.81,-0.03,5,10908,卖盘
1562,13:22:04,21.84,0.03,1,2184,买盘
1563,13:22:06,21.81,-0.03,12,26186,卖盘
1564,13:22:09,21.84,0.03,1,2184,买盘
1565,13:22:21,21.81,-0.03,1,2181,卖盘
1566,13:22:24,21.81,0.0,14,30534,卖盘
1567,13:22:31,21.81,0.0,3,6543,卖盘
1568,13:22:33,21.82,0.01,5,10910,中性盘
1569,13:22:42,21.81,-0.01,3,6545,卖盘
1570,13:22:49,21.8,-0.01,3,6541,卖盘
1571,13:22:51,21.85,0.05,20,43699,买盘
1572,13:23:00,21.8,-0.05,2,4360,卖盘
1573,13:23:21,21.81,0.01,4,8724,卖盘
1574,13:23:27,21.81,0.0,32,69792,卖盘
1575,13:23:30,21.81,0.0,1,2181,买盘
1576,13:23:39,21.8,-0.01,433,943950,卖盘
1577,13:23:48,21.85,0.05,3,6554,买盘
1578,13:24:00,21.82,-0.03,2,4364,卖盘
1579,13:24:04,21.83,0.01,1,2183,中性盘
1580,13:24:06,21.83,0.0,4,8732,卖盘
1581,13:24:09,21.83,0.0,3,6549,卖盘
1582,13:24:18,21.82,-0.01,3,6546,卖盘
1583,13:24:21,21.82,0.0,4,8728,卖盘
1584,13:24:24,21.82,0.0,3,6546,卖盘
1585,13:24:27,21.82,0.0,4,8728,卖盘
1586,13:24:30,21.8,-0.02,13,28348,卖盘
1587,13:24:33,21.8,0.0,23,50154,卖盘
1588,13:24:37,21.8,0.0,12,26160,卖盘
1589,13:24:39,21.8,0.0,5,10900,卖盘
1590,13:24:42,21.8,0.0,12,25419,卖盘
1591,13:24:49,21.8,0.0,5,10892,买盘
1592,13:25:04,21.79,-0.01,4,8716,买盘
1593,13:25:16,21.8,0.01,33,72686,买盘
1594,13:25:27,21.8,0.0,4,8720,卖盘
1595,13:25:30,21.8,0.0,43,93740,卖盘
1596,13:25:33,21.8,0.0,28,61050,卖盘
1597,13:25:36,21.8,0.0,114,248520,卖盘
1598,13:25:40,21.8,0.0,46,100280,卖盘
1599,13:25:48,21.82,0.02,3,6546,买盘
1600,13:25:54,21.8,-0.02,24,52320,卖盘
1601,13:26:01,21.8,0.0,1,2180,卖盘
1602,13:26:04,21.81,0.01,7,15267,买盘
1603,13:26:21,21.8,-0.01,100,218000,卖盘
1604,13:26:25,21.81,0.01,25,53775,买盘
1605,13:26:28,21.78,-0.03,20,43561,卖盘
1606,13:26:33,21.8,0.02,5,10900,卖盘
1607,13:26:36,21.8,0.0,24,52320,卖盘
1608,13:26:42,21.8,0.0,1,2180,卖盘
1609,13:26:51,21.79,-0.01,2,4358,卖盘
1610,13:27:04,21.79,0.0,14,30514,卖盘
1611,13:27:09,21.8,0.01,5,10896,买盘
1612,13:27:15,21.78,-0.02,1,2178,卖盘
1613,13:27:27,21.8,0.02,2,4360,买盘
1614,13:27:33,21.8,0.0,8,17440,买盘
1615,13:27:36,21.8,0.0,7,15260,买盘
1616,13:27:39,21.8,0.0,2,4360,买盘
1617,13:27:42,21.8,0.0,13,28340,买盘
1618,13:27:46,21.8,0.0,41,89380,买盘
1619,13:27:48,21.82,0.02,8,17456,买盘
1620,13:27:52,21.82,0.0,53,115513,买盘
1621,13:27:57,21.82,0.0,4,8728,买盘
1622,13:28:00,21.82,0.0,23,50178,买盘
1623,13:28:04,21.83,0.01,34,74222,买盘
1624,13:28:07,21.83,0.0,2,4366,买盘
1625,13:28:09,21.85,0.02,1,2185,买盘
1626,13:28:24,21.84,-0.01,5,10920,买盘
1627,13:28:30,21.84,0.0,1,2184,买盘
1628,13:28:33,21.81,-0.03,8,17451,中性盘
1629,13:28:57,21.85,0.04,1,2185,买盘
1630,13:29:06,21.85,0.0,2,4370,买盘
1631,13:29:13,21.85,0.0,4,8740,买盘
1632,13:29:33,21.84,-0.01,1,2184,中性盘
1633,13:29:48,21.85,0.01,3,6555,买盘
1634,13:29:51,21.85,0.0,3,6555,买盘
1635,13:30:00,21.85,0.0,4,8738,买盘
1636,13:30:04,21.85,0.0,7,15295,买盘
1637,13:30:18,21.84,-0.01,4,8738,卖盘
1638,13:30:24,21.85,0.01,1,2185,买盘
1639,13:30:27,21.85,0.0,1,2185,买盘
1640,13:30:31,21.84,-0.01,7,15288,卖盘
1641,13:30:33,21.84,0.0,13,28400,卖盘
1642,13:30:39,21.82,-0.02,9,19640,卖盘
1643,13:30:54,21.85,0.03,3,6555,买盘
1644,13:31:15,21.83,-0.02,9,19649,卖盘
1645,13:31:24,21.82,-0.01,19,41458,卖盘
1646,13:31:27,21.82,0.0,14,30530,买盘
1647,13:31:45,21.82,0.0,2,4364,买盘
1648,13:31:48,21.8,-0.02,44,95929,卖盘
1649,13:31:51,21.8,0.0,3,6540,卖盘
1650,13:31:54,21.79,-0.01,61,132919,卖盘
1651,13:31:57,21.8,0.01,48,104595,买盘
1652,13:32:00,21.79,-0.01,18,39227,卖盘
1653,13:32:03,21.77,-0.02,32,69698,卖盘
1654,13:32:06,21.78,0.01,10,21780,卖盘
1655,13:32:21,21.8,0.02,20,43600,买盘
1656,13:32:33,21.77,-0.03,6,13062,中性盘
1657,13:32:51,21.8,0.03,10,21800,买盘
1658,13:33:18,21.81,0.01,4,8724,卖盘
1659,13:33:40,21.81,0.0,14,30541,卖盘
1660,13:33:45,21.8,-0.01,16,34880,买盘
1661,13:33:48,21.8,0.0,50,108907,买盘
1662,13:33:54,21.8,0.0,7,15260,买盘
1663,13:33:57,21.8,0.0,1,2180,买盘
1664,13:34:00,21.78,-0.02,2,4358,卖盘
1665,13:34:06,21.83,0.05,20,43618,买盘
1666,13:34:16,21.83,0.0,2,4366,买盘
1667,13:34:33,21.81,-0.02,4,8724,中性盘
1668,13:34:51,21.81,0.0,2,4362,卖盘
1669,13:34:54,21.83,0.02,3,6549,买盘
1670,13:35:06,21.83,0.0,1,2183,买盘
1671,13:35:09,21.83,0.0,3,6549,买盘
1672,13:35:12,21.83,0.0,9,19647,买盘
1673,13:35:34,21.82,-0.01,38,82924,卖盘
1674,13:35:48,21.82,0.0,5,10910,卖盘
1675,13:35:51,21.83,0.01,2,4366,买盘
1676,13:35:57,21.83,0.0,4,8732,买盘
1677,13:36:00,21.82,-0.01,2,4364,卖盘
1678,13:36:04,21.83,0.01,8,17464,买盘
1679,13:36:06,21.83,0.0,1,2183,买盘
1680,13:36:09,21.82,-0.01,3,6546,卖盘
1681,13:36:13,21.8,-0.02,15,32706,卖盘
1682,13:36:18,21.8,0.0,8,17440,卖盘
1683,13:36:30,21.82,0.02,1,2182,买盘
1684,13:36:33,21.82,0.0,4,8728,买盘
1685,13:36:36,21.81,-0.01,6,13086,卖盘
1686,13:36:48,21.82,0.01,2,4364,买盘
1687,13:36:51,21.82,0.0,4,8728,买盘
1688,13:36:57,21.81,-0.01,2,4362,卖盘
1689,13:37:04,21.81,0.0,7,15267,买盘
1690,13:37:27,21.8,-0.01,21,45783,卖盘
1691,13:37:33,21.81,0.01,8,17448,买盘
1692,13:37:45,21.81,0.0,3,6543,买盘
1693,13:37:48,21.81,0.0,2,4362,买盘
1694,13:38:00,21.8,-0.01,25,54523,卖盘
1695,13:38:04,21.81,0.01,21,45789,买盘
1696,13:38:33,21.76,-0.05,63,137232,卖盘
1697,13:38:36,21.76,0.0,19,41344,卖盘
1698,13:38:39,21.75,-0.01,3,6525,卖盘
1699,13:38:42,21.75,0.0,1,2175,卖盘
1700,13:38:46,21.76,0.01,3,6528,买盘
1701,13:38:52,21.75,-0.01,22,47850,卖盘
1702,13:39:00,21.76,0.01,4,8704,买盘
1703,13:39:18,21.76,0.0,20,43531,卖盘
1704,13:39:25,21.8,0.04,10,21800,买盘
1705,13:39:33,21.81,0.01,8,17448,买盘
1706,13:39:45,21.75,-0.06,21,45689,卖盘
1707,13:39:48,21.77,0.02,3,6531,买盘
1708,13:39:51,21.77,0.0,3,6531,买盘
1709,13:39:58,21.77,0.0,2,4354,买盘
1710,13:40:01,21.76,-0.01,1,2176,卖盘
1711,13:40:04,21.77,0.01,1,2177,买盘
1712,13:40:15,21.82,0.05,2,4364,买盘
1713,13:40:36,21.78,-0.04,4,8712,卖盘
1714,13:40:39,21.82,0.04,35,76360,买盘
1715,13:40:45,21.82,0.0,5,10910,卖盘
1716,13:40:48,21.85,0.03,3,6555,买盘
1717,13:40:58,21.82,-0.03,2,4364,卖盘
1718,13:41:04,21.83,0.01,3,6549,中性盘
1719,13:41:06,21.83,0.0,2,4366,卖盘
1720,13:41:12,21.83,0.0,2,4366,卖盘
1721,13:41:18,21.83,0.0,1,2183,卖盘
1722,13:41:36,21.82,-0.01,100,218219,卖盘
1723,13:41:48,21.84,0.02,3,6551,买盘
1724,13:41:57,21.84,0.0,3,6552,买盘
1725,13:42:00,21.82,-0.02,1,2182,卖盘
1726,13:42:21,21.83,0.01,5,10915,卖盘
1727,13:42:24,21.83,0.0,4,8732,卖盘
1728,13:42:33,21.84,0.01,8,17472,买盘
1729,13:42:36,21.82,-0.02,4,8730,卖盘
1730,13:42:39,21.78,-0.04,8,17434,卖盘
1731,13:42:42,21.78,0.0,12,26136,卖盘
1732,13:42:49,21.78,0.0,36,78385,买盘
1733,13:42:55,21.78,0.0,3,6534,买盘
1734,13:43:03,21.77,-0.01,8,17416,中性盘
1735,13:43:09,21.77,0.0,3,6531,买盘
1736,13:43:12,21.77,0.0,1,2177,买盘
1737,13:43:15,21.76,-0.01,4,8705,卖盘
1738,13:43:18,21.76,0.0,18,39169,卖盘
1739,13:43:21,21.76,0.0,11,23936,卖盘
1740,13:43:36,21.76,0.0,5,10880,卖盘
1741,13:43:39,21.77,0.01,2,4354,买盘
1742,13:43:42,21.77,0.0,1,2177,买盘
1743,13:43:45,21.77,0.0,1,2177,买盘
1744,13:43:48,21.77,0.0,7,15239,买盘
1745,13:44:04,21.77,0.0,7,15239,买盘
1746,13:44:15,21.76,-0.01,10,21760,卖盘
1747,13:44:24,21.76,0.0,2,4356,卖盘
1748,13:44:33,21.77,0.01,1,2177,中性盘
1749,13:44:36,21.77,0.0,4,8708,卖盘
1750,13:44:45,21.76,-0.01,5,10883,卖盘
1751,13:44:48,21.79,0.03,1,2179,买盘
1752,13:45:00,21.79,0.0,1,2179,卖盘
1753,13:45:04,21.8,0.01,2,4360,买盘
1754,13:45:15,21.8,0.0,6,13080,卖盘
1755,13:45:18,21.77,-0.03,2,4356,卖盘
1756,13:45:33,21.79,0.02,10,21797,卖盘
1757,13:45:36,21.76,-0.03,20,43523,卖盘
1758,13:45:39,21.76,0.0,13,28288,卖盘
1759,13:45:46,21.79,0.03,9,19611,买盘
1760,13:45:48,21.79,0.0,6,13074,买盘
1761,13:45:51,21.76,-0.03,20,43520,卖盘
1762,13:45:54,21.76,0.0,15,32640,卖盘
1763,13:45:57,21.76,0.0,25,54400,卖盘
1764,13:46:00,21.75,-0.01,11,23932,卖盘
1765,13:46:04,21.77,0.02,2,4354,卖盘
1766,13:46:09,21.77,0.0,8,17416,卖盘
1767,13:46:15,21.77,0.0,2,4354,卖盘
1768,13:46:18,21.75,-0.02,14,30450,卖盘
1769,13:46:21,21.75,0.0,5,10875,卖盘
1770,13:46:24,21.77,0.02,10,21758,买盘
1771,13:46:27,21.75,-0.02,3,6525,卖盘
1772,13:46:30,21.77,0.02,3,6531,买盘
1773,13:46:33,21.76,-0.01,3,6528,中性盘
1774,13:46:36,21.76,0.0,5,10880,卖盘
1775,13:46:39,21.75,-0.01,8,17400,卖盘
1776,13:46:42,21.75,0.0,23,50026,卖盘
1777,13:46:46,21.75,0.0,66,143550,卖盘
1778,13:46:48,21.75,0.0,20,43500,卖盘
1779,13:46:51,21.74,-0.01,59,128286,卖盘
1780,13:46:54,21.75,0.01,12,26100,买盘
1781,13:46:57,21.74,-0.01,168,365170,卖盘
1782,13:47:01,21.7,-0.04,71,154127,卖盘
1783,13:47:04,21.74,0.04,114,247548,买盘
1784,13:47:06,21.7,-0.04,55,119350,卖盘
1785,13:47:09,21.69,-0.01,29,62925,卖盘
1786,13:47:16,21.66,-0.03,149,322958,卖盘
1787,13:47:21,21.68,0.02,2,4334,中性盘
1788,13:47:24,21.66,-0.02,81,175446,卖盘
1789,13:47:28,21.69,0.03,13,28197,买盘
1790,13:47:30,21.69,0.0,31,67239,卖盘
1791,13:47:36,21.69,0.0,16,34711,卖盘
1792,13:47:48,21.66,-0.03,53,114832,卖盘
1793,13:47:52,21.7,0.04,60,129994,买盘
1794,13:47:54,21.7,0.0,2,4340,买盘
1795,13:47:57,21.66,-0.04,20,43365,卖盘
1796,13:48:00,21.7,0.04,45,97650,买盘
1797,13:48:04,21.7,0.0,13,28218,卖盘
1798,13:48:06,21.68,-0.02,6,13008,买盘
1799,13:48:09,21.66,-0.02,21,45486,卖盘
1800,13:48:12,21.69,0.03,3,6507,卖盘
1801,13:48:16,21.68,-0.01,1,2168,买盘
1802,13:48:19,21.68,0.0,1,2168,买盘
1803,13:48:21,21.68,0.0,1,2168,买盘
1804,13:48:24,21.66,-0.02,46,99640,卖盘
1805,13:48:27,21.66,0.0,41,88808,卖盘
1806,13:48:30,21.68,0.02,1,2168,买盘
1807,13:48:34,21.67,-0.01,6,13002,中性盘
1808,13:48:36,21.67,0.0,5,10836,卖盘
1809,13:48:39,21.67,0.0,40,86681,卖盘
1810,13:48:42,21.73,0.06,55,119354,买盘
1811,13:48:45,21.66,-0.07,21,45486,卖盘
1812,13:48:48,21.68,0.02,20,43360,卖盘
1813,13:48:51,21.66,-0.02,14,30341,卖盘
1814,13:48:54,21.65,-0.01,113,244728,卖盘
1815,13:48:57,21.66,0.01,18,38988,中性盘
1816,13:49:00,21.65,-0.01,50,108250,卖盘
1817,13:49:03,21.69,0.04,39,84549,买盘
1818,13:49:06,21.69,0.0,7,15171,买盘
1819,13:49:28,21.69,0.0,23,49887,卖盘
1820,13:49:31,21.69,0.0,40,86684,买盘
1821,13:49:39,21.69,0.0,11,23859,卖盘
1822,13:49:42,21.72,0.03,37,80196,买盘
1823,13:49:45,21.72,0.0,221,480012,卖盘
1824,13:49:48,21.67,-0.05,100,217120,卖盘
1825,13:49:51,21.72,0.05,6,13023,买盘
1826,13:49:54,21.67,-0.05,11,23837,卖盘
1827,13:50:00,21.68,0.01,52,112659,买盘
1828,13:50:04,21.71,0.03,1,2171,中性盘
1829,13:50:06,21.66,-0.05,21,45536,卖盘
1830,13:50:21,21.72,0.06,35,75872,买盘
1831,13:50:25,21.67,-0.05,22,47679,卖盘
1832,13:50:27,21.72,0.05,4,8688,中性盘
1833,13:50:36,21.67,-0.05,6,13002,卖盘
1834,13:50:42,21.67,0.0,1,2167,卖盘
1835,13:50:45,21.66,-0.01,25,54165,卖盘
1836,13:50:51,21.71,0.05,3,6513,买盘
1837,13:50:55,21.68,-0.03,4,8672,卖盘
1838,13:50:57,21.66,-0.02,11,23828,卖盘
1839,13:51:00,21.66,0.0,20,43320,卖盘
1840,13:51:03,21.66,0.0,21,45495,卖盘
1841,13:51:06,21.67,0.01,20,43340,中性盘
1842,13:51:09,21.66,-0.01,3,6498,卖盘
1843,13:51:12,21.67,0.01,21,45492,买盘
1844,13:51:36,21.68,0.01,1,2168,卖盘
1845,13:51:39,21.68,0.0,42,91056,卖盘
1846,13:51:42,21.7,0.02,5,10850,买盘
1847,13:51:46,21.68,-0.02,21,45528,卖盘
1848,13:51:48,21.71,0.03,8,17367,买盘
1849,13:52:00,21.7,-0.01,5,10853,中性盘
1850,13:52:04,21.68,-0.02,28,60728,卖盘
1851,13:52:24,21.71,0.03,2,4342,买盘
1852,13:52:28,21.68,-0.03,28,60714,卖盘
1853,13:52:30,21.68,0.0,24,52032,卖盘
1854,13:52:34,21.72,0.04,79,171544,买盘
1855,13:52:37,21.72,0.0,4,8688,卖盘
1856,13:52:40,21.72,0.0,10,21720,卖盘
1857,13:52:54,21.72,0.0,1,2172,卖盘
1858,13:52:58,21.72,0.0,41,89054,卖盘
1859,13:53:01,21.73,0.01,12,26076,买盘
1860,13:53:03,21.73,0.0,7,15211,买盘
1861,13:53:06,21.73,0.0,30,65190,买盘
1862,13:53:09,21.72,-0.01,38,82536,卖盘
1863,13:53:13,21.72,0.0,2,4344,卖盘
1864,13:53:15,21.72,0.0,21,45612,卖盘
1865,13:53:18,21.72,0.0,90,195480,卖盘
1866,13:53:30,21.72,0.0,25,54300,卖盘
1867,13:53:33,21.7,-0.02,30,65144,卖盘
1868,13:53:43,21.69,-0.01,3,6508,卖盘
1869,13:53:51,21.73,0.04,3,6519,买盘
1870,13:53:54,21.7,-0.03,24,52080,卖盘
1871,13:53:58,21.73,0.03,224,486752,买盘
1872,13:54:01,21.73,0.0,11,23903,卖盘
1873,13:54:04,21.74,0.01,8,17392,买盘
1874,13:54:07,21.73,-0.01,25,54325,卖盘
1875,13:54:09,21.73,0.0,20,43460,卖盘
1876,13:54:12,21.74,0.01,35,76065,买盘
1877,13:54:15,21.73,-0.01,2,4346,卖盘
1878,13:54:18,21.73,0.0,20,43460,买盘
1879,13:54:21,21.73,0.0,45,97785,买盘
1880,13:54:30,21.73,0.0,1,2173,买盘
1881,13:54:33,21.7,-0.03,25,54257,卖盘
1882,13:54:36,21.69,-0.01,5,10849,卖盘
1883,13:54:48,21.7,0.01,65,141050,卖盘
1884,13:54:51,21.68,-0.02,37,80262,卖盘
1885,13:54:57,21.73,0.05,76,165139,买盘
1886,13:55:00,21.73,0.0,13,28249,卖盘
1887,13:55:03,21.74,0.01,8,17392,买盘
1888,13:55:16,21.73,-0.01,1,2173,卖盘
1889,13:55:19,21.69,-0.04,31,67294,卖盘
1890,13:55:21,21.74,0.05,36,78132,买盘
1891,13:55:24,21.7,-0.04,3,6510,卖盘
1892,13:55:42,21.74,0.04,81,176094,买盘
1893,13:55:45,21.71,-0.03,32,69547,卖盘
1894,13:55:52,21.77,0.06,2,4354,买盘
1895,13:56:00,21.77,0.0,3,6531,买盘
1896,13:56:04,21.7,-0.07,23,49944,卖盘
1897,13:56:39,21.72,0.02,5,10860,卖盘
1898,13:56:42,21.7,-0.02,46,99834,卖盘
1899,13:56:55,21.72,0.02,47,102084,卖盘
1900,13:56:58,21.7,-0.02,33,71620,卖盘
1901,13:57:06,21.7,0.0,26,56428,卖盘
1902,13:57:09,21.7,0.0,46,99848,卖盘
1903,13:57:12,21.7,0.0,23,49910,卖盘
1904,13:57:24,21.72,0.02,22,47784,买盘
1905,13:57:27,21.7,-0.02,21,45570,卖盘
1906,13:57:33,21.71,0.01,12,26060,卖盘
1907,13:57:40,21.72,0.01,20,43440,买盘
1908,13:57:45,21.72,0.0,7,15204,买盘
1909,13:57:48,21.7,-0.02,55,119356,卖盘
1910,13:57:51,21.72,0.02,2,4344,买盘
1911,13:57:55,21.72,0.0,5,10860,买盘
1912,13:58:00,21.72,0.0,3,6516,买盘
1913,13:58:04,21.71,-0.01,4,8684,中性盘
1914,13:58:06,21.72,0.01,25,54262,买盘
1915,13:58:09,21.72,0.0,1,2172,买盘
1916,13:58:25,21.72,0.0,2,4344,买盘
1917,13:58:27,21.7,-0.02,24,52080,卖盘
1918,13:58:33,21.72,0.02,8,17376,买盘
1919,13:58:36,21.7,-0.02,5,10852,卖盘
1920,13:58:45,21.72,0.02,9,19548,买盘
1921,13:58:48,21.7,-0.02,25,54263,卖盘
1922,13:59:04,21.74,0.04,8,17392,买盘
1923,13:59:07,21.7,-0.04,21,45590,卖盘
1924,13:59:12,21.74,0.04,3,6522,买盘
1925,13:59:24,21.72,-0.02,26,56472,买盘
1926,13:59:27,21.72,0.0,25,54300,卖盘
1927,13:59:30,21.72,0.0,16,34752,卖盘
1928,13:59:54,21.74,0.02,3,6522,买盘
1929,13:59:57,21.72,-0.02,35,76028,卖盘
1930,14:00:00,21.71,-0.01,2,4343,卖盘
1931,14:00:04,21.71,0.0,17,36921,卖盘
1932,14:00:06,21.74,0.03,12,26088,买盘
1933,14:00:09,21.73,-0.01,1,2173,买盘
1934,14:00:13,21.74,0.01,5,10870,买盘
1935,14:00:15,21.73,-0.01,21,45633,卖盘
1936,14:00:18,21.73,0.0,2,4346,卖盘
1937,14:00:21,21.74,0.01,24,52176,买盘
1938,14:00:24,21.74,0.0,24,52176,卖盘
1939,14:00:33,21.75,0.01,8,17400,买盘
1940,14:00:36,21.74,-0.01,28,60872,卖盘
1941,14:00:39,21.74,0.0,46,100004,卖盘
1942,14:00:54,21.74,0.0,21,45657,卖盘
1943,14:00:57,21.75,0.01,97,210999,买盘
1944,14:01:00,21.79,0.04,3,6537,买盘
1945,14:01:10,21.76,-0.03,8,17408,卖盘
1946,14:01:13,21.76,0.0,28,60928,买盘
1947,14:01:16,21.75,-0.01,29,63099,卖盘
1948,14:01:27,21.79,0.04,5,10895,买盘
1949,14:01:42,21.79,0.0,5,10895,买盘
1950,14:01:45,21.75,-0.04,35,76157,卖盘
1951,14:02:00,21.79,0.04,3,6537,买盘
1952,14:02:04,21.75,-0.04,50,108786,卖盘
1953,14:02:40,21.78,0.03,27,58800,买盘
1954,14:02:42,21.78,0.0,46,100188,卖盘
1955,14:02:45,21.78,0.0,11,23958,卖盘
1956,14:02:48,21.79,0.01,10,21790,买盘
1957,14:02:51,21.79,0.0,7,15253,买盘
1958,14:02:58,21.79,0.0,5,10895,买盘
1959,14:03:01,21.78,-0.01,21,45738,卖盘
1960,14:03:04,21.79,0.01,11,23969,买盘
1961,14:03:09,21.78,-0.01,10,21780,卖盘
1962,14:03:12,21.78,0.0,36,78414,卖盘
1963,14:03:18,21.79,0.01,25,54475,买盘
1964,14:03:21,21.79,0.0,28,61012,卖盘
1965,14:03:27,21.8,0.01,33,71940,买盘
1966,14:03:33,21.81,0.01,7,15267,买盘
1967,14:03:36,21.8,-0.01,4,8720,卖盘
1968,14:03:39,21.8,0.0,21,45780,卖盘
1969,14:03:51,21.81,0.01,3,6543,买盘
1970,14:04:03,21.8,-0.01,10,21808,卖盘
1971,14:04:06,21.8,0.0,43,93751,卖盘
1972,14:04:09,21.8,0.0,56,122080,卖盘
1973,14:04:12,21.81,0.01,13,28353,买盘
1974,14:04:21,21.81,0.0,5,10905,买盘
1975,14:04:24,21.8,-0.01,21,45780,卖盘
1976,14:04:30,21.81,0.01,1,2181,买盘
1977,14:04:33,21.81,0.0,8,17448,买盘
1978,14:04:36,21.81,0.0,46,100326,买盘
1979,14:04:40,21.81,0.0,26,56729,卖盘
1980,14:04:42,21.8,-0.01,31,67607,卖盘
1981,14:04:49,21.83,0.03,3,6546,买盘
1982,14:04:57,21.8,-0.03,16,34894,卖盘
1983,14:05:01,21.85,0.05,62,135365,买盘
1984,14:05:06,21.85,0.0,2,4370,买盘
1985,14:05:10,21.85,0.0,5,10925,买盘
1986,14:05:13,21.87,0.02,45,98291,买盘
1987,14:05:21,21.85,-0.02,10,21854,卖盘
1988,14:05:24,21.89,0.04,78,170583,买盘
1989,14:05:30,21.9,0.01,19,41602,买盘
1990,14:05:36,21.9,0.0,26,56900,买盘
1991,14:05:40,21.9,0.0,107,234312,买盘
1992,14:05:43,21.85,-0.05,19,41555,卖盘
1993,14:05:46,21.8,-0.05,41,89442,卖盘
1994,14:05:52,21.85,0.05,1,2185,买盘
1995,14:05:54,21.86,0.01,2,4372,卖盘
1996,14:06:04,21.85,-0.01,9,19673,卖盘
1997,14:06:06,21.86,0.01,35,76327,买盘
1998,14:06:09,21.85,-0.01,5,10925,中性盘
1999,14:06:16,21.8,-0.05,9,19620,卖盘
2000,14:06:19,21.8,0.0,2,4360,买盘
2001,14:06:21,21.8,0.0,7,15260,买盘
2002,14:06:25,21.79,-0.01,51,111322,卖盘
2003,14:06:28,21.8,0.01,23,50140,中性盘
2004,14:06:40,21.8,0.0,6,13080,卖盘
2005,14:06:43,21.8,0.0,21,45780,卖盘
2006,14:06:45,21.8,0.0,11,23980,卖盘
2007,14:06:49,21.85,0.05,20,43697,买盘
2008,14:06:52,21.85,0.0,9,19665,卖盘
2009,14:07:07,21.85,0.0,30,65557,卖盘
2010,14:07:10,21.8,-0.05,32,69802,卖盘
2011,14:07:12,21.83,0.03,11,24013,中性盘
2012,14:07:15,21.83,0.0,3,6549,买盘
2013,14:07:18,21.83,0.0,2,4366,买盘
2014,14:07:21,21.83,0.0,10,21830,买盘
2015,14:07:24,21.85,0.02,4,8740,买盘
2016,14:07:27,21.8,-0.05,23,50140,卖盘
2017,14:07:30,21.8,0.0,12,26160,卖盘
2018,14:07:33,21.81,0.01,3,6543,中性盘
2019,14:07:39,21.81,0.0,2,4362,卖盘
2020,14:07:42,21.85,0.04,20,43700,买盘
2021,14:07:45,21.81,-0.04,31,67611,卖盘
2022,14:07:52,21.8,-0.01,11,23983,卖盘
2023,14:07:54,21.85,0.05,7,15295,买盘
2024,14:08:04,21.86,0.01,5,10930,中性盘
2025,14:08:06,21.81,-0.05,28,61175,卖盘
2026,14:08:10,21.86,0.05,1,2186,卖盘
2027,14:08:12,21.82,-0.04,12,26182,买盘
2028,14:08:15,21.82,0.0,8,17449,买盘
2029,14:08:19,21.84,0.02,2,4368,中性盘
2030,14:08:21,21.85,0.01,3,6554,买盘
2031,14:08:24,21.8,-0.05,23,50151,卖盘
2032,14:08:28,21.8,0.0,12,26160,卖盘
2033,14:08:30,21.85,0.05,5,10922,买盘
2034,14:08:33,21.84,-0.01,10,21840,中性盘
2035,14:08:36,21.83,-0.01,8,17464,卖盘
2036,14:08:39,21.83,0.0,3,6549,卖盘
2037,14:08:42,21.8,-0.03,23,50177,卖盘
2038,14:08:46,21.8,0.0,12,26160,卖盘
2039,14:08:49,21.84,0.04,5,10912,买盘
2040,14:08:57,21.8,-0.04,5,10912,卖盘
2041,14:09:00,21.8,0.0,20,43600,卖盘
2042,14:09:04,21.84,0.04,17,37076,买盘
2043,14:09:07,21.84,0.0,3,6552,买盘
2044,14:09:09,21.84,0.0,3,6546,买盘
2045,14:09:12,21.84,0.0,2,4368,买盘
2046,14:09:19,21.81,-0.03,5,10911,卖盘
2047,14:09:21,21.8,-0.01,25,54505,卖盘
2048,14:09:25,21.8,0.0,18,39240,卖盘
2049,14:09:27,21.84,0.04,6,13104,买盘
2050,14:09:30,21.8,-0.04,1,2180,卖盘
2051,14:09:36,21.81,0.01,7,15267,卖盘
2052,14:09:39,21.8,-0.01,27,58873,卖盘
2053,14:09:42,21.83,0.03,2,4366,买盘
2054,14:09:46,21.79,-0.04,10,21793,卖盘
2055,14:09:48,21.83,0.04,3,6549,买盘
2056,14:09:54,21.79,-0.04,3,6537,卖盘
2057,14:09:58,21.79,0.0,21,45759,卖盘
2058,14:10:00,21.83,0.04,17,37067,买盘
2059,14:10:04,21.8,-0.03,4,8720,卖盘
2060,14:10:10,21.8,0.0,1,2180,卖盘
2061,14:10:12,21.83,0.03,3,6549,买盘
2062,14:10:15,21.8,-0.03,23,50140,卖盘
2063,14:10:18,21.79,-0.01,16,34864,卖盘
2064,14:10:22,21.83,0.04,2,4366,买盘
2065,14:10:25,21.83,0.0,5,10909,买盘
2066,14:10:28,21.8,-0.03,1,2180,卖盘
2067,14:10:34,21.84,0.04,33,72063,买盘
2068,14:10:37,21.83,-0.01,48,104662,中性盘
2069,14:10:39,21.8,-0.03,6,13089,卖盘
2070,14:10:42,21.8,0.0,16,34880,卖盘
2071,14:10:45,21.81,0.01,3,6549,中性盘
2072,14:10:49,21.84,0.03,7,15279,买盘
2073,14:10:52,21.81,-0.03,3,6543,卖盘
2074,14:10:54,21.8,-0.01,41,89412,卖盘
2075,14:10:57,21.8,0.0,28,61052,卖盘
2076,14:11:06,21.84,0.04,2,4367,买盘
2077,14:11:09,21.81,-0.03,2,4362,卖盘
2078,14:11:13,21.83,0.02,27,58877,买盘
2079,14:11:16,21.83,0.0,18,39252,买盘
2080,14:11:18,21.83,0.0,1,2183,买盘
2081,14:11:21,21.8,-0.03,1,2180,卖盘
2082,14:11:27,21.83,0.03,3,6549,买盘
2083,14:11:30,21.8,-0.03,16,34880,卖盘
2084,14:11:33,21.8,0.0,23,50157,卖盘
2085,14:11:36,21.8,0.0,2,4360,卖盘
2086,14:11:40,21.84,0.04,9,19632,买盘
2087,14:11:43,21.8,-0.04,2,4360,卖盘
2088,14:11:48,21.84,0.04,3,6552,买盘
2089,14:11:51,21.8,-0.04,2,4360,卖盘
2090,14:11:54,21.84,0.04,5,10912,买盘
2091,14:12:00,21.84,0.0,2,4368,买盘
2092,14:12:03,21.8,-0.04,10,21808,卖盘
2093,14:12:12,21.84,0.04,3,6552,买盘
2094,14:12:15,21.8,-0.04,2,4360,卖盘
2095,14:12:24,21.8,0.0,13,28354,卖盘
2096,14:12:27,21.8,0.0,11,23980,卖盘
2097,14:12:30,21.84,0.04,3,6552,买盘
2098,14:12:33,21.84,0.0,2,4368,买盘
2099,14:12:36,21.81,-0.03,2,4362,卖盘
2100,14:12:39,21.81,0.0,5,10905,卖盘
2101,14:12:45,21.84,0.03,2,4368,买盘
2102,14:12:48,21.8,-0.04,3,6540,卖盘
2103,14:12:52,21.8,0.0,8,17440,卖盘
2104,14:12:57,21.84,0.04,7,15288,买盘
2105,14:13:00,21.8,-0.04,2,4360,卖盘
2106,14:13:04,21.81,0.01,2,4362,中性盘
2107,14:13:06,21.84,0.03,3,6552,买盘
2108,14:13:09,21.8,-0.04,8,17446,卖盘
2109,14:13:13,21.84,0.04,3,6552,买盘
2110,14:13:18,21.84,0.0,24,52328,买盘
2111,14:13:21,21.8,-0.04,14,30520,卖盘
2112,14:13:28,21.84,0.04,25,54544,买盘
2113,14:13:30,21.84,0.0,15,32712,买盘
2114,14:13:34,21.81,-0.03,5,10903,中性盘
2115,14:13:40,21.81,0.0,8,17454,卖盘
2116,14:13:43,21.8,-0.01,2,4360,卖盘
2117,14:13:46,21.81,0.01,1,2181,卖盘
2118,14:13:49,21.8,-0.01,8,17440,卖盘
2119,14:13:51,21.83,0.03,2,4366,买盘
2120,14:13:54,21.8,-0.03,5,10909,卖盘
2121,14:13:57,21.81,0.01,2,4362,买盘
2122,14:14:00,21.83,0.02,3,6545,买盘
2123,14:14:04,21.81,-0.02,7,15267,中性盘
2124,14:14:07,21.8,-0.01,10,21800,卖盘
2125,14:14:12,21.82,0.02,2,4364,买盘
2126,14:14:18,21.8,-0.02,2,4360,卖盘
2127,14:14:24,21.83,0.03,3,6549,买盘
2128,14:14:27,21.8,-0.03,2,4360,卖盘
2129,14:14:33,21.81,0.01,1,2181,中性盘
2130,14:14:36,21.83,0.02,6,13098,买盘
2131,14:14:39,21.8,-0.03,13,28347,卖盘
2132,14:14:48,21.83,0.03,2,4366,买盘
2133,14:14:51,21.8,-0.03,2,4360,卖盘
2134,14:14:54,21.8,0.0,5,10900,卖盘
2135,14:14:57,21.83,0.03,4,8732,买盘
2136,14:15:00,21.8,-0.03,5,10909,卖盘
2137,14:15:04,21.8,0.0,2,4360,卖盘
2138,14:15:09,21.82,0.02,3,6546,买盘
2139,14:15:12,21.81,-0.01,2,4362,卖盘
2140,14:15:15,21.82,0.01,2,4364,买盘
2141,14:15:18,21.82,0.0,2,4364,买盘
2142,14:15:21,21.82,0.0,3,6546,买盘
2143,14:15:24,21.8,-0.02,7,15266,卖盘
2144,14:15:30,21.82,0.02,3,6546,买盘
2145,14:15:33,21.82,0.0,11,23992,买盘
2146,14:15:36,21.8,-0.02,9,19620,卖盘
2147,14:15:42,21.82,0.02,48,104736,买盘
2148,14:15:45,21.82,0.0,20,43640,卖盘
2149,14:15:49,21.83,0.01,3,6549,买盘
2150,14:15:55,21.83,0.0,2,4366,买盘
2151,14:15:57,21.8,-0.03,8,17440,卖盘
2152,14:16:04,21.81,0.01,2,4362,中性盘
2153,14:16:06,21.81,0.0,6,13092,卖盘
2154,14:16:16,21.83,0.02,3,6549,买盘
2155,14:16:18,21.81,-0.02,5,10911,卖盘
2156,14:16:21,21.8,-0.01,7,15260,卖盘
2157,14:16:27,21.83,0.03,2,4366,买盘
2158,14:16:31,21.8,-0.03,2,4360,卖盘
2159,14:16:36,21.83,0.03,12,26177,买盘
2160,14:16:39,21.8,-0.03,6,13080,卖盘
2161,14:16:42,21.8,0.0,11,23980,卖盘
2162,14:16:45,21.83,0.03,33,72039,买盘
2163,14:16:48,21.83,0.0,17,37064,买盘
2164,14:16:51,21.79,-0.04,2,4359,卖盘
2165,14:16:57,21.83,0.04,4,8732,买盘
2166,14:17:00,21.83,0.0,2,4366,买盘
2167,14:17:03,21.82,-0.01,2,4364,中性盘
2168,14:17:06,21.82,0.0,6,13092,卖盘
2169,14:17:09,21.83,0.01,3,6549,买盘
2170,14:17:12,21.81,-0.02,2,4362,卖盘
2171,14:17:15,21.83,0.02,10,21816,买盘
2172,14:17:21,21.82,-0.01,12,26178,买盘
2173,14:17:24,21.81,-0.01,2,4362,卖盘
2174,14:17:30,21.82,0.01,3,6546,买盘
2175,14:17:33,21.82,0.0,7,15274,买盘
2176,14:17:36,21.79,-0.03,10,21796,卖盘
2177,14:17:42,21.81,0.02,3,6543,中性盘
2178,14:17:45,21.79,-0.02,2,4359,卖盘
2179,14:17:48,21.82,0.03,20,43638,买盘
2180,14:17:51,21.81,-0.01,14,30512,中性盘
2181,14:17:54,21.82,0.01,2,4364,买盘
2182,14:17:57,21.79,-0.03,2,4358,卖盘
2183,14:18:04,21.81,0.02,12,26183,卖盘
2184,14:18:07,21.81,0.0,8,17448,卖盘
2185,14:18:10,21.79,-0.02,2,4360,卖盘
2186,14:18:15,21.82,0.03,3,6546,买盘
2187,14:18:18,21.79,-0.03,2,4358,卖盘
2188,14:18:24,21.81,0.02,8,17448,买盘
2189,14:18:27,21.82,0.01,9,19627,买盘
2190,14:18:30,21.8,-0.02,2,4360,卖盘
2191,14:18:36,21.82,0.02,3,6546,买盘
2192,14:18:39,21.81,-0.01,5,10905,卖盘
2193,14:18:42,21.81,0.0,2,4362,卖盘
2194,14:18:45,21.8,-0.01,6,13081,卖盘
2195,14:18:48,21.83,0.03,3,6548,买盘
2196,14:18:54,21.82,-0.01,2,4364,卖盘
2197,14:19:00,21.83,0.01,3,6549,买盘
2198,14:19:04,21.81,-0.02,10,21827,卖盘
2199,14:19:07,21.8,-0.01,7,15265,卖盘
2200,14:19:09,21.84,0.04,31,67676,买盘
2201,14:19:12,21.83,-0.01,14,30562,卖盘
2202,14:19:15,21.83,0.0,5,10918,卖盘
2203,14:19:18,21.84,0.01,9,19656,买盘
2204,14:19:21,21.87,0.03,17,37134,买盘
2205,14:19:24,21.83,-0.04,18,39294,卖盘
2206,14:19:31,21.87,0.04,9,19683,买盘
2207,14:19:34,21.87,0.0,2,4374,买盘
2208,14:19:37,21.84,-0.03,9,19656,卖盘
2209,14:19:39,21.84,0.0,3,6552,卖盘
2210,14:19:42,21.87,0.03,3,6561,买盘
2211,14:19:45,21.83,-0.04,400,873250,卖盘
2212,14:19:48,21.8,-0.03,37,80752,卖盘
2213,14:19:51,21.79,-0.01,47,102419,卖盘
2214,14:19:54,21.82,0.03,3,6546,买盘
2215,14:19:57,21.82,0.0,40,87169,买盘
2216,14:20:00,21.8,-0.02,2,4360,卖盘
2217,14:20:04,21.81,0.01,2,4362,中性盘
2218,14:20:09,21.81,0.0,3,6545,卖盘
2219,14:20:12,21.81,0.0,2,4362,卖盘
2220,14:20:15,21.8,-0.01,20,43603,卖盘
2221,14:20:18,21.82,0.02,3,6546,买盘
2222,14:20:21,21.81,-0.01,13,28353,卖盘
2223,14:20:24,21.8,-0.01,22,47981,卖盘
2224,14:20:27,21.8,0.0,3,6540,卖盘
2225,14:20:31,21.82,0.02,3,6544,买盘
2226,14:20:34,21.79,-0.03,14,30514,卖盘
2227,14:20:40,21.79,0.0,4,8716,卖盘
2228,14:20:43,21.81,0.02,2,4362,买盘
2229,14:20:45,21.79,-0.02,2,4358,卖盘
2230,14:20:51,21.79,0.0,11,23981,卖盘
2231,14:20:54,21.82,0.03,3,6543,中性盘
2232,14:20:58,21.82,0.0,3,6546,卖盘
2233,14:21:00,21.82,0.0,6,13092,买盘
2234,14:21:04,21.86,0.04,8,17464,中性盘
2235,14:21:06,21.82,-0.04,2,4364,卖盘
2236,14:21:12,21.87,0.05,3,6561,买盘
2237,14:21:15,21.82,-0.05,2,4364,卖盘
2238,14:21:19,21.86,0.04,2,4372,买盘
2239,14:21:24,21.85,-0.01,7,15297,卖盘
2240,14:21:28,21.82,-0.03,2,4364,卖盘
2241,14:21:31,21.82,0.0,8,17456,卖盘
2242,14:21:36,21.85,0.03,3,6555,买盘
2243,14:21:40,21.83,-0.02,2,4366,卖盘
2244,14:21:45,21.85,0.02,2,4370,买盘
2245,14:21:49,21.82,-0.03,8,17462,卖盘
2246,14:21:51,21.83,0.01,3,6549,买盘
2247,14:21:57,21.83,0.0,3,6549,买盘
2248,14:22:00,21.82,-0.01,13,28368,卖盘
2249,14:22:03,21.83,0.01,6,13098,买盘
2250,14:22:06,21.84,0.01,3,6551,中性盘
2251,14:22:12,21.82,-0.02,2,4365,卖盘
2252,14:22:15,21.82,0.0,7,15274,卖盘
2253,14:22:18,21.85,0.03,3,6553,买盘
2254,14:22:21,21.82,-0.03,2,4364,卖盘
2255,14:22:30,21.85,0.03,19,41515,买盘
2256,14:22:33,21.83,-0.02,2,4366,中性盘
2257,14:22:39,21.83,0.0,6,13098,卖盘
2258,14:22:42,21.85,0.02,3,6555,买盘
2259,14:22:45,21.81,-0.04,17,37118,卖盘
2260,14:22:48,21.8,-0.01,16,34881,卖盘
2261,14:22:54,21.8,0.0,4,8730,卖盘
2262,14:22:57,21.85,0.05,18,39286,买盘
2263,14:23:04,21.84,-0.01,3,6552,买盘
2264,14:23:06,21.79,-0.05,8,17439,卖盘
2265,14:23:12,21.85,0.06,3,6554,买盘
2266,14:23:19,21.85,0.0,5,10918,买盘
2267,14:23:24,21.85,0.0,3,6555,买盘
2268,14:23:27,21.79,-0.06,2,4358,卖盘
2269,14:23:30,21.84,0.05,19,41496,买盘
2270,14:23:33,21.8,-0.04,15,32716,卖盘
2271,14:23:36,21.85,0.05,2,4370,买盘
2272,14:23:39,21.85,0.0,2,4365,买盘
2273,14:23:45,21.84,-0.01,2,4368,中性盘
2274,14:23:51,21.8,-0.04,2,4360,卖盘
2275,14:23:57,21.84,0.04,3,6552,买盘
2276,14:24:00,21.79,-0.05,2,4358,卖盘
2277,14:24:03,21.79,0.0,6,13075,卖盘
2278,14:24:06,21.8,0.01,1,2180,卖盘
2279,14:24:10,21.84,0.04,3,6552,买盘
2280,14:24:13,21.84,0.0,11,23996,买盘
2281,14:24:21,21.84,0.0,3,6552,买盘
2282,14:24:24,21.8,-0.04,2,4360,卖盘
2283,14:24:27,21.8,0.0,8,17440,卖盘
2284,14:24:30,21.84,0.04,3,6552,买盘
2285,14:24:34,21.81,-0.03,2,4362,中性盘
2286,14:24:36,21.81,0.0,3,6543,卖盘
2287,14:24:39,21.8,-0.01,3,6542,卖盘
2288,14:24:42,21.84,0.04,2,4368,买盘
2289,14:24:45,21.8,-0.04,2,4360,卖盘
2290,14:24:48,21.8,0.0,6,13080,卖盘
2291,14:24:54,21.84,0.04,3,6552,买盘
2292,14:24:57,21.8,-0.04,2,4360,卖盘
2293,14:25:06,21.81,0.01,4,8730,卖盘
2294,14:25:15,21.84,0.03,3,6552,买盘
2295,14:25:18,21.81,-0.03,4,8730,卖盘
2296,14:25:21,21.8,-0.01,7,15264,卖盘
2297,14:25:24,21.81,0.01,2,4362,中性盘
2298,14:25:30,21.8,-0.01,2,4360,卖盘
2299,14:25:33,21.81,0.01,1,2181,买盘
2300,14:25:39,21.81,0.0,5,10911,卖盘
2301,14:25:46,21.81,0.0,5,10905,卖盘
2302,14:25:48,21.81,0.0,2,4362,买盘
2303,14:25:51,21.8,-0.01,10,21800,卖盘
2304,14:26:01,21.81,0.01,3,6543,买盘
2305,14:26:03,21.8,-0.01,10,21808,卖盘
2306,14:26:06,21.79,-0.01,8,17433,卖盘
2307,14:26:09,21.8,0.01,2,4360,中性盘
2308,14:26:15,21.8,0.0,12,26158,买盘
2309,14:26:18,21.8,0.0,9,19620,买盘
2310,14:26:21,21.8,0.0,14,30509,买盘
2311,14:26:24,21.79,-0.01,2,4358,卖盘
2312,14:26:27,21.8,0.01,4,8720,买盘
2313,14:26:30,21.8,0.0,3,6540,买盘
2314,14:26:33,21.8,0.0,7,15260,买盘
2315,14:26:36,21.79,-0.01,8,17432,卖盘
2316,14:26:42,21.8,0.01,6,13076,买盘
2317,14:26:54,21.81,0.01,23,50122,买盘
2318,14:26:57,21.79,-0.02,12,26148,卖盘
2319,14:27:06,21.8,0.01,10,21802,卖盘
2320,14:27:15,21.81,0.01,10,21800,买盘
2321,14:27:30,21.79,-0.02,8,17432,卖盘
2322,14:27:33,21.8,0.01,8,17440,买盘
2323,14:27:39,21.8,0.0,5,10900,买盘
2324,14:27:42,21.79,-0.01,4,8716,卖盘
2325,14:27:45,21.79,0.0,8,17432,卖盘
2326,14:28:03,21.8,0.01,7,15260,买盘
2327,14:28:06,21.79,-0.01,1,2179,卖盘
2328,14:28:16,21.8,0.01,16,34880,买盘
2329,14:28:18,21.79,-0.01,10,21790,卖盘
2330,14:28:27,21.8,0.01,10,21800,买盘
2331,14:28:30,21.8,0.0,10,21800,买盘
2332,14:28:33,21.79,-0.01,8,17432,卖盘
2333,14:28:42,21.8,0.01,5,10900,卖盘
2334,14:28:49,21.79,-0.01,10,21793,卖盘
2335,14:28:52,21.79,0.0,7,15253,卖盘
2336,14:28:57,21.81,0.02,1,2181,买盘
2337,14:29:06,21.79,-0.02,37,80634,卖盘
2338,14:29:09,21.78,-0.01,21,45745,卖盘
2339,14:29:15,21.81,0.03,2,4362,买盘
2340,14:29:21,21.81,0.0,5,10905,买盘
2341,14:29:27,21.78,-0.03,2,4356,卖盘
2342,14:29:36,21.79,0.01,2,4358,卖盘
2343,14:29:39,21.79,0.0,7,15253,卖盘
2344,14:29:49,21.78,-0.01,2,4357,卖盘
2345,14:29:58,21.78,0.0,2,4357,卖盘
2346,14:30:06,21.79,0.01,2,4358,卖盘
2347,14:30:10,21.79,0.0,2,4358,卖盘
2348,14:30:21,21.8,0.01,29,63218,买盘
2349,14:30:30,21.79,-0.01,2,4358,卖盘
2350,14:30:33,21.8,0.01,8,17440,买盘
2351,14:30:42,21.79,-0.01,5,10895,卖盘
2352,14:30:49,21.8,0.01,1,2180,买盘
2353,14:30:54,21.79,-0.01,2,4358,卖盘
2354,14:31:00,21.78,-0.01,10,21789,卖盘
2355,14:31:04,21.79,0.01,2,4358,中性盘
2356,14:31:06,21.79,0.0,9,19611,卖盘
2357,14:31:15,21.8,0.01,25,54498,买盘
2358,14:31:21,21.79,-0.01,1,2179,卖盘
2359,14:31:25,21.79,0.0,3,6537,卖盘
2360,14:31:28,21.8,0.01,40,87194,买盘
2361,14:31:30,21.8,0.0,7,15254,买盘
2362,14:31:33,21.8,0.0,7,15260,买盘
2363,14:31:36,21.79,-0.01,2,4358,卖盘
2364,14:31:42,21.8,0.01,10,21799,买盘
2365,14:31:45,21.79,-0.01,6,13074,卖盘
2366,14:31:48,21.79,0.0,2,4358,卖盘
2367,14:31:51,21.8,0.01,1,2180,买盘
2368,14:31:54,21.79,-0.01,1,2179,卖盘
2369,14:32:00,21.79,0.0,2,4358,卖盘
2370,14:32:03,21.8,0.01,8,17440,买盘
2371,14:32:06,21.79,-0.01,29,63191,卖盘
2372,14:32:10,21.78,-0.01,3,6534,卖盘
2373,14:32:12,21.79,0.01,1,2179,买盘
2374,14:32:21,21.78,-0.01,3,6536,卖盘
2375,14:32:28,21.79,0.01,1,2179,买盘
2376,14:32:33,21.79,0.0,5,12660,买盘
2377,14:32:36,21.78,-0.01,12,26140,卖盘
2378,14:32:43,21.78,0.0,7,15246,卖盘
2379,14:32:45,21.79,0.01,1,2179,买盘
2380,14:32:55,21.78,-0.01,2,4356,卖盘
2381,14:33:03,21.79,0.01,8,17432,中性盘
2382,14:33:06,21.78,-0.01,2,4356,卖盘
2383,14:33:09,21.78,0.0,477,1037142,卖盘
2384,14:33:12,21.77,-0.01,85,184958,卖盘
2385,14:33:19,21.75,-0.02,24,52257,卖盘
2386,14:33:21,21.78,0.03,48,104409,买盘
2387,14:33:25,21.77,-0.01,1,2177,中性盘
2388,14:33:27,21.75,-0.02,2,4350,卖盘
2389,14:33:33,21.77,0.02,1,2177,买盘
2390,14:33:36,21.76,-0.01,4,8704,卖盘
2391,14:33:39,21.75,-0.01,33,71778,卖盘
2392,14:33:42,21.75,0.0,38,82650,卖盘
2393,14:33:49,21.77,0.02,11,23929,买盘
2394,14:33:52,21.75,-0.02,7,15225,卖盘
2395,14:33:55,21.77,0.02,1,2177,买盘
2396,14:34:00,21.75,-0.02,2,4350,卖盘
2397,14:34:06,21.77,0.02,3,6529,买盘
2398,14:34:13,21.75,-0.02,15,32631,卖盘
2399,14:34:15,21.77,0.02,14,30452,买盘
2400,14:34:18,21.75,-0.02,1,2175,卖盘
2401,14:34:24,21.75,0.0,2,4350,卖盘
2402,14:34:27,21.75,0.0,6,13050,卖盘
2403,14:34:33,21.76,0.01,2,4352,中性盘
2404,14:34:36,21.77,0.01,7,15234,买盘
2405,14:34:39,21.77,0.0,22,47853,买盘
2406,14:34:42,21.75,-0.02,15,32625,卖盘
2407,14:34:45,21.75,0.0,3,6525,卖盘
2408,14:34:51,21.75,0.0,5,10878,卖盘
2409,14:34:57,21.75,0.0,2,4350,卖盘
2410,14:35:00,21.77,0.02,7,15227,买盘
2411,14:35:04,21.76,-0.01,3,6526,中性盘
2412,14:35:09,21.76,0.0,2,4352,卖盘
2413,14:35:18,21.76,0.0,5,10883,卖盘
2414,14:35:24,21.77,0.01,1,2177,买盘
2415,14:35:27,21.77,0.0,7,15239,买盘
2416,14:35:30,21.77,0.0,1,2177,卖盘
2417,14:35:33,21.78,0.01,8,17424,买盘
2418,14:35:36,21.76,-0.02,3,6530,卖盘
2419,14:35:39,21.75,-0.01,14,30455,卖盘
2420,14:35:42,21.75,0.0,6,13050,卖盘
2421,14:35:45,21.76,0.01,1,2176,买盘
2422,14:35:48,21.76,0.0,1,2176,买盘
2423,14:35:51,21.75,-0.01,2,4350,卖盘
2424,14:35:54,21.76,0.01,3,6528,买盘
2425,14:35:57,21.78,0.02,2,4354,买盘
2426,14:36:00,21.76,-0.02,6,13056,卖盘
2427,14:36:04,21.77,0.01,2,4354,中性盘
2428,14:36:07,21.77,0.0,1,2177,卖盘
2429,14:36:10,21.78,0.01,1,2178,买盘
2430,14:36:12,21.77,-0.01,5,10885,卖盘
2431,14:36:15,21.76,-0.01,3,6528,卖盘
2432,14:36:21,21.76,0.0,5,10880,卖盘
2433,14:36:24,21.76,0.0,1,2176,卖盘
2434,14:36:27,21.76,0.0,6,13056,卖盘
2435,14:36:30,21.76,0.0,1,2176,买盘
2436,14:36:33,21.76,0.0,8,17408,买盘
2437,14:36:36,21.75,-0.01,3,6525,卖盘
2438,14:36:39,21.76,0.01,10,21752,买盘
2439,14:36:42,21.75,-0.01,3,6525,卖盘
2440,14:36:46,21.75,0.0,2,4350,卖盘
2441,14:36:49,21.76,0.01,1,2176,买盘
2442,14:36:57,21.75,-0.01,2,4350,卖盘
2443,14:37:00,21.76,0.01,5,10880,买盘
2444,14:37:03,21.76,0.0,7,15232,买盘
2445,14:37:06,21.75,-0.01,10,21750,卖盘
2446,14:37:10,21.75,0.0,2,4350,卖盘
2447,14:37:13,21.77,0.02,5,10881,买盘
2448,14:37:16,21.77,0.0,7,15239,买盘
2449,14:37:19,21.76,-0.01,5,10883,卖盘
2450,14:37:21,21.77,0.01,9,19581,买盘
2451,14:37:24,21.77,0.0,45,97955,买盘
2452,14:37:27,21.76,-0.01,20,43501,买盘
2453,14:37:30,21.76,0.0,2,4352,卖盘
2454,14:37:33,21.77,0.01,8,17416,买盘
2455,14:37:36,21.75,-0.02,56,121801,卖盘
2456,14:37:39,21.75,0.0,37,80475,卖盘
2457,14:37:42,21.76,0.01,7,15228,买盘
2458,14:37:45,21.76,0.0,1,2176,买盘
2459,14:37:51,21.75,-0.01,3,6525,卖盘
2460,14:37:54,21.76,0.01,9,19576,买盘
2461,14:37:57,21.76,0.0,13,28288,买盘
2462,14:38:01,21.75,-0.01,6,13050,卖盘
2463,14:38:04,21.75,0.0,10,21758,卖盘
2464,14:38:06,21.77,0.02,3,6527,买盘
2465,14:38:09,21.75,-0.02,6,13050,卖盘
2466,14:38:12,21.75,0.0,8,17400,卖盘
2467,14:38:15,21.75,0.0,2,4350,卖盘
2468,14:38:18,21.77,0.02,1,2177,买盘
2469,14:38:25,21.75,-0.02,2,4351,卖盘
2470,14:38:37,21.76,0.01,3,6528,卖盘
2471,14:38:39,21.77,0.01,20,43507,买盘
2472,14:38:43,21.75,-0.02,12,26100,卖盘
2473,14:38:45,21.75,0.0,5,10875,卖盘
2474,14:38:48,21.75,0.0,319,693825,卖盘
2475,14:38:52,21.72,-0.03,123,267368,卖盘
2476,14:38:54,21.75,0.03,1,2175,买盘
2477,14:38:57,21.75,0.0,37,80424,买盘
2478,14:39:00,21.75,0.0,4,8700,买盘
2479,14:39:04,21.72,-0.03,11,23892,卖盘
2480,14:39:06,21.74,0.02,1,2174,买盘
2481,14:39:09,21.73,-0.01,2,4346,卖盘
2482,14:39:12,21.74,0.01,1,2174,买盘
2483,14:39:18,21.75,0.01,8,17398,买盘
2484,14:39:21,21.73,-0.02,8,17394,卖盘
2485,14:39:24,21.74,0.01,9,19566,卖盘
2486,14:39:33,21.75,0.01,3,6525,买盘
2487,14:39:36,21.77,0.02,1,2177,买盘
2488,14:39:39,21.75,-0.02,1,2175,卖盘
2489,14:39:42,21.75,0.0,6,13054,卖盘
2490,14:39:51,21.77,0.02,1,2177,买盘
2491,14:39:57,21.75,-0.02,2,4351,卖盘
2492,14:40:04,21.77,0.02,7,15233,买盘
2493,14:40:07,21.76,-0.01,3,6528,卖盘
2494,14:40:12,21.77,0.01,3,6531,买盘
2495,14:40:15,21.75,-0.02,2,4350,卖盘
2496,14:40:18,21.76,0.01,1,2176,买盘
2497,14:40:24,21.76,0.0,24,52224,卖盘
2498,14:40:27,21.75,-0.01,16,34800,卖盘
2499,14:40:30,21.76,0.01,1,2176,买盘
2500,14:40:33,21.76,0.0,5,10880,买盘
2501,14:40:39,21.76,0.0,2,4352,卖盘
2502,14:40:42,21.77,0.01,11,23941,买盘
2503,14:40:46,21.76,-0.01,9,19584,卖盘
2504,14:40:49,21.77,0.01,10,21770,买盘
2505,14:40:51,21.77,0.0,11,23932,买盘
2506,14:40:55,21.75,-0.02,11,23925,卖盘
2507,14:41:01,21.74,-0.01,10,21740,卖盘
2508,14:41:05,21.75,0.01,1,2175,买盘
2509,14:41:10,21.75,0.0,6,13050,卖盘
2510,14:41:13,21.75,0.0,2,4350,卖盘
2511,14:41:16,21.75,0.0,15,32625,卖盘
2512,14:41:19,21.75,0.0,3,6525,买盘
2513,14:41:22,21.74,-0.01,10,21740,卖盘
2514,14:41:25,21.75,0.01,2,4350,买盘
2515,14:41:28,21.77,0.02,1,2177,买盘
2516,14:41:33,21.77,0.0,5,10883,买盘
2517,14:41:36,21.77,0.0,1,2177,买盘
2518,14:41:46,21.75,-0.02,8,17406,卖盘
2519,14:41:48,21.76,0.01,1,2176,买盘
2520,14:41:52,21.77,0.01,24,52227,买盘
2521,14:41:58,21.77,0.0,7,15233,买盘
2522,14:42:01,21.77,0.0,10,21753,买盘
2523,14:42:05,21.77,0.0,8,17416,买盘
2524,14:42:07,21.77,0.0,4,8706,买盘
2525,14:42:10,21.75,-0.02,6,13058,卖盘
2526,14:42:13,21.74,-0.01,50,108729,卖盘
2527,14:42:15,21.74,0.0,1,2174,买盘
2528,14:42:19,21.76,0.02,27,58684,买盘
2529,14:42:25,21.76,0.0,3,6528,卖盘
2530,14:42:28,21.76,0.0,1,2176,买盘
2531,14:42:30,21.74,-0.02,2,4348,中性盘
2532,14:42:34,21.75,0.01,7,15225,中性盘
2533,14:42:36,21.76,0.01,1,2176,买盘
2534,14:42:43,21.73,-0.03,35,76085,卖盘
2535,14:42:45,21.76,0.03,16,34771,买盘
2536,14:42:48,21.76,0.0,3,6528,买盘
2537,14:42:51,21.73,-0.03,2,4346,卖盘
2538,14:42:55,21.75,0.02,1,2175,买盘
2539,14:43:04,21.74,-0.01,6,13048,中性盘
2540,14:43:10,21.75,0.01,4,8700,买盘
2541,14:43:13,21.74,-0.01,14,30436,卖盘
2542,14:43:15,21.73,-0.01,15,32595,卖盘
2543,14:43:18,21.74,0.01,8,17392,买盘
2544,14:43:22,21.74,0.0,3,6522,买盘
2545,14:43:25,21.73,-0.01,2,4346,卖盘
2546,14:43:27,21.74,0.01,11,23907,买盘
2547,14:43:31,21.74,0.0,1,2174,买盘
2548,14:43:34,21.74,0.0,8,17392,买盘
2549,14:43:37,21.74,0.0,65,141247,买盘
2550,14:43:40,21.72,-0.02,18,39112,卖盘
2551,14:43:43,21.72,0.0,33,71676,卖盘
2552,14:43:46,21.72,0.0,2,4344,卖盘
2553,14:43:52,21.74,0.02,1,2174,买盘
2554,14:43:58,21.72,-0.02,2,4344,卖盘
2555,14:44:01,21.76,0.04,10,21730,买盘
2556,14:44:05,21.73,-0.03,7,15211,中性盘
2557,14:44:07,21.73,0.0,3,6519,卖盘
2558,14:44:10,21.73,0.0,12,26076,卖盘
2559,14:44:16,21.73,0.0,7,15217,卖盘
2560,14:44:19,21.73,0.0,28,60844,卖盘
2561,14:44:22,21.75,0.02,3,6521,买盘
2562,14:44:25,21.75,0.0,5,10875,卖盘
2563,14:44:28,21.73,-0.02,12,26076,卖盘
2564,14:44:31,21.73,0.0,3,6519,卖盘
2565,14:44:34,21.76,0.03,5,10875,买盘
2566,14:44:43,21.75,-0.01,8,17401,卖盘
2567,14:44:46,21.73,-0.02,18,39125,卖盘
2568,14:44:49,21.73,0.0,14,30422,卖盘
2569,14:44:52,21.75,0.02,11,23925,买盘
2570,14:44:54,21.73,-0.02,2,4346,卖盘
2571,14:44:58,21.75,0.02,1,2175,买盘
2572,14:45:01,21.75,0.0,1,2175,买盘
2573,14:45:05,21.74,-0.01,2,4348,卖盘
2574,14:45:06,21.76,0.02,8,17394,买盘
2575,14:45:09,21.75,-0.01,2,4350,卖盘
2576,14:45:12,21.73,-0.02,16,34768,卖盘
2577,14:45:16,21.73,0.0,2,4346,卖盘
2578,14:45:19,21.75,0.02,12,26082,买盘
2579,14:45:22,21.75,0.0,4,8700,买盘
2580,14:45:25,21.74,-0.01,2,4348,中性盘
2581,14:45:31,21.75,0.01,6,13050,买盘
2582,14:45:34,21.75,0.0,7,15225,卖盘
2583,14:45:37,21.75,0.0,2,4350,卖盘
2584,14:45:43,21.75,0.0,4,8700,卖盘
2585,14:45:46,21.74,-0.01,5,10873,卖盘
2586,14:45:49,21.75,0.01,2,4350,买盘
2587,14:45:51,21.75,0.0,1,3632,卖盘
2588,14:45:58,21.74,-0.01,5,10876,买盘
2589,14:46:06,21.76,0.02,1,2176,买盘
2590,14:46:12,21.75,-0.01,2,4350,卖盘
2591,14:46:16,21.76,0.01,52,113152,买盘
2592,14:46:18,21.74,-0.02,31,67400,卖盘
2593,14:46:25,21.74,0.0,3,6522,卖盘
2594,14:46:28,21.76,0.02,10,21760,买盘
2595,14:46:31,21.76,0.0,5,10880,买盘
2596,14:46:34,21.75,-0.01,10,21758,卖盘
2597,14:46:37,21.74,-0.01,12,26095,卖盘
2598,14:46:40,21.76,0.02,1,2176,买盘
2599,14:46:43,21.74,-0.02,2,4349,卖盘
2600,14:46:46,21.75,0.01,5,10873,卖盘
2601,14:46:54,21.75,0.0,3,6523,买盘
2602,14:46:58,21.75,0.0,26,56529,买盘
2603,14:47:01,21.74,-0.01,30,65234,卖盘
2604,14:47:05,21.75,0.01,9,19575,买盘
2605,14:47:07,21.74,-0.01,26,56525,卖盘
2606,14:47:13,21.75,0.01,5,10875,买盘
2607,14:47:16,21.74,-0.01,24,52176,卖盘
2608,14:47:19,21.75,0.01,71,154393,买盘
2609,14:47:22,21.74,-0.01,1,2174,中性盘
2610,14:47:25,21.73,-0.01,23,49985,卖盘
2611,14:47:28,21.73,0.0,10,21746,卖盘
2612,14:47:31,21.75,0.02,32,69600,买盘
2613,14:47:34,21.75,0.0,19,41325,卖盘
2614,14:47:36,21.75,0.0,11,23926,卖盘
2615,14:47:40,21.76,0.01,19,41330,买盘
2616,14:47:42,21.76,0.0,14,30451,买盘
2617,14:47:49,21.76,0.0,16,34816,买盘
2618,14:47:52,21.75,-0.01,13,28275,卖盘
2619,14:47:55,21.76,0.01,17,36978,中性盘
2620,14:48:01,21.75,-0.01,2,4350,卖盘
2621,14:48:05,21.77,0.02,3,6529,买盘
2622,14:48:07,21.76,-0.01,5,10880,卖盘
2623,14:48:10,21.76,0.0,6,13056,卖盘
2624,14:48:13,21.75,-0.01,9,19575,卖盘
2625,14:48:19,21.76,0.01,1,2176,买盘
2626,14:48:24,21.76,0.0,1,2176,买盘
2627,14:48:28,21.76,0.0,33,71808,买盘
2628,14:48:31,21.75,-0.01,15,32625,卖盘
2629,14:48:34,21.76,0.01,8,17408,买盘
2630,14:48:37,21.77,0.01,13,28290,买盘
2631,14:48:40,21.75,-0.02,9,19575,卖盘
2632,14:48:43,21.73,-0.02,100,217424,卖盘
2633,14:48:45,21.74,0.01,43,93482,中性盘
2634,14:48:48,21.75,0.01,1,2175,买盘
2635,14:48:58,21.74,-0.01,4,8696,卖盘
2636,14:49:01,21.75,0.01,15,32625,买盘
2637,14:49:07,21.75,0.0,9,19575,卖盘
2638,14:49:09,21.75,0.0,2,4350,卖盘
2639,14:49:13,21.76,0.01,4,8704,买盘
2640,14:49:16,21.73,-0.03,31,67401,卖盘
2641,14:49:19,21.73,0.0,16,34768,卖盘
2642,14:49:22,21.73,0.0,3,6519,卖盘
2643,14:49:31,21.73,0.0,7,15211,卖盘
2644,14:49:34,21.73,0.0,50,108657,卖盘
2645,14:49:37,21.76,0.03,27,58674,买盘
2646,14:49:43,21.73,-0.03,20,43469,卖盘
2647,14:49:46,21.73,0.0,50,108650,卖盘
2648,14:49:48,21.72,-0.01,18,39111,卖盘
2649,14:49:52,21.72,0.0,26,56482,卖盘
2650,14:49:54,21.73,0.01,108,234551,中性盘
2651,14:49:58,21.73,0.0,42,91200,卖盘
2652,14:50:01,21.7,-0.03,65,141100,卖盘
2653,14:50:04,21.71,0.01,1,2171,中性盘
2654,14:50:07,21.7,-0.01,12,26056,卖盘
2655,14:50:10,21.73,0.03,5,10865,买盘
2656,14:50:13,21.71,-0.02,3,6513,中性盘
2657,14:50:16,21.7,-0.01,3,6510,卖盘
2658,14:50:19,21.7,0.0,13,28210,卖盘
2659,14:50:22,21.7,0.0,27,58590,卖盘
2660,14:50:25,21.71,0.01,16,34725,买盘
2661,14:50:28,21.7,-0.01,80,173752,卖盘
2662,14:50:31,21.7,0.0,8,17361,卖盘
2663,14:50:33,21.7,0.0,13,28218,卖盘
2664,14:50:36,21.7,0.0,4,8682,卖盘
2665,14:50:40,21.7,0.0,7,15190,卖盘
2666,14:50:46,21.73,0.03,6,13032,买盘
2667,14:50:51,21.73,0.0,8,17384,卖盘
2668,14:50:54,21.74,0.01,7,15212,买盘
2669,14:50:58,21.71,-0.03,28,60804,卖盘
2670,14:51:04,21.73,0.02,7,15211,买盘
2671,14:51:06,21.71,-0.02,33,71650,卖盘
2672,14:51:10,21.7,-0.01,48,104179,卖盘
2673,14:51:16,21.7,0.0,42,91171,卖盘
2674,14:51:19,21.71,0.01,3,6513,中性盘
2675,14:51:22,21.72,0.01,11,23890,买盘
2676,14:51:25,21.7,-0.02,14,30388,卖盘
2677,14:51:27,21.7,0.0,5,10850,卖盘
2678,14:51:30,21.71,0.01,13,28223,中性盘
2679,14:51:37,21.71,0.0,59,128126,卖盘
2680,14:51:40,21.7,-0.01,7,15190,卖盘
2681,14:51:43,21.71,0.01,30,65130,买盘
2682,14:51:46,21.71,0.0,111,241111,买盘
2683,14:51:49,21.7,-0.01,51,110670,卖盘
2684,14:51:52,21.7,0.0,57,123736,卖盘
2685,14:51:55,21.75,0.05,88,191213,买盘
2686,14:51:58,21.75,0.0,11,23925,卖盘
2687,14:52:01,21.75,0.0,1,2175,卖盘
2688,14:52:05,21.76,0.01,8,17404,买盘
2689,14:52:07,21.75,-0.01,2,4350,中性盘
2690,14:52:16,21.76,0.01,25,54400,买盘
2691,14:52:19,21.77,0.01,66,143669,买盘
2692,14:52:22,21.77,0.0,20,43540,卖盘
2693,14:52:25,21.77,0.0,5,10885,卖盘
2694,14:52:28,21.77,0.0,9,19593,卖盘
2695,14:52:34,21.77,0.0,8,17416,买盘
2696,14:52:37,21.77,0.0,149,324173,买盘
2697,14:52:40,21.77,0.0,1,2177,卖盘
2698,14:52:43,21.77,0.0,33,71841,卖盘
2699,14:52:46,21.78,0.01,7,15241,买盘
2700,14:52:49,21.77,-0.01,8,17416,卖盘
2701,14:52:51,21.79,0.02,72,156419,买盘
2702,14:52:55,21.79,0.0,28,61012,卖盘
2703,14:53:05,21.77,-0.02,17,37016,卖盘
2704,14:53:07,21.81,0.04,100,218021,买盘
2705,14:53:10,21.81,0.0,1,2181,卖盘
2706,14:53:13,21.81,0.0,1,2181,卖盘
2707,14:53:16,21.79,-0.02,47,102437,卖盘
2708,14:53:19,21.81,0.02,30,65430,卖盘
2709,14:53:22,21.81,0.0,47,102507,卖盘
2710,14:53:25,21.77,-0.04,2,4354,卖盘
2711,14:53:28,21.77,0.0,2,4354,卖盘
2712,14:53:31,21.77,0.0,3,6532,卖盘
2713,14:53:34,21.77,0.0,11,23955,卖盘
2714,14:53:37,21.77,0.0,2,4354,卖盘
2715,14:53:40,21.8,0.03,16,34870,买盘
2716,14:53:43,21.77,-0.03,119,259315,卖盘
2717,14:53:49,21.76,-0.01,5,10896,卖盘
2718,14:53:52,21.75,-0.01,12,26100,卖盘
2719,14:53:55,21.76,0.01,2,4352,买盘
2720,14:53:58,21.77,0.01,16,34834,卖盘
2721,14:54:01,21.77,0.0,18,39186,卖盘
2722,14:54:05,21.77,0.0,6,13062,卖盘
2723,14:54:07,21.77,0.0,46,100229,卖盘
2724,14:54:10,21.77,0.0,1,2177,卖盘
2725,14:54:13,21.79,0.02,57,124229,中性盘
2726,14:54:16,21.77,-0.02,2,4354,卖盘
2727,14:54:21,21.76,-0.01,7,15233,卖盘
2728,14:54:24,21.76,0.0,39,84864,卖盘
2729,14:54:27,21.76,0.0,10,21759,卖盘
2730,14:54:31,21.76,0.0,13,28288,卖盘
2731,14:54:34,21.76,0.0,4,8704,卖盘
2732,14:54:37,21.77,0.01,5,10885,买盘
2733,14:54:40,21.76,-0.01,82,178247,卖盘
2734,14:54:43,21.76,0.0,6,13056,买盘
2735,14:54:46,21.76,0.0,29,63104,买盘
2736,14:54:49,21.76,0.0,4,8704,买盘
2737,14:54:55,21.75,-0.01,1,2175,卖盘
2738,14:54:58,21.71,-0.04,142,308609,卖盘
2739,14:55:07,21.75,0.04,4,8700,买盘
2740,14:55:13,21.75,0.0,7,15225,买盘
2741,14:55:25,21.75,0.0,51,110925,买盘
2742,14:55:28,21.75,0.0,10,21750,卖盘
2743,14:55:33,21.73,-0.02,54,117463,卖盘
2744,14:55:37,21.75,0.02,9,19575,买盘
2745,14:55:40,21.75,0.0,5,10875,买盘
2746,14:55:43,21.73,-0.02,4,8692,卖盘
2747,14:55:46,21.73,0.0,4,8692,买盘
2748,14:55:49,21.73,0.0,10,21730,买盘
2749,14:55:58,21.74,0.01,5,10870,买盘
2750,14:56:01,21.75,0.01,15,32615,买盘
2751,14:56:05,21.74,-0.01,7,15218,卖盘
2752,14:56:10,21.74,0.0,1,2174,卖盘
2753,14:56:19,21.74,0.0,44,95622,买盘
2754,14:56:22,21.73,-0.01,57,123877,卖盘
2755,14:56:24,21.73,0.0,11,23903,买盘
2756,14:56:27,21.72,-0.01,11,23892,卖盘
2757,14:56:31,21.71,-0.01,42,91185,卖盘
2758,14:56:34,21.71,0.0,24,52104,买盘
2759,14:56:40,21.71,0.0,114,247427,买盘
2760,14:56:43,21.71,0.0,101,219220,买盘
2761,14:56:46,21.7,-0.01,189,409978,卖盘
2762,14:56:49,21.68,-0.02,211,457495,卖盘
2763,14:56:52,21.7,0.02,53,114989,买盘
2764,14:56:55,21.66,-0.04,120,259968,卖盘
2765,15:00:05,21.7,0.04,482,1045940,卖盘
