,time,price,change,volume,amount,type
0,09:25:04,4.0,-0.01,106,42400,卖盘
1,09:30:04,4.0,0.0,22,8800,买盘
2,09:30:16,4.02,0.02,3,1206,买盘
3,09:30:19,4.02,0.0,2,804,买盘
4,09:30:31,4.02,0.0,20,8040,卖盘
5,09:30:40,4.03,0.01,60,24128,买盘
6,09:30:52,4.03,0.0,1,403,买盘
7,09:30:55,4.03,0.0,20,8060,买盘
8,09:30:58,4.03,0.0,66,26598,买盘
9,09:31:31,4.04,0.01,32,12928,买盘
10,09:31:37,4.05,0.01,27,10933,买盘
11,09:31:40,4.04,-0.01,1,404,卖盘
12,09:31:55,4.05,0.01,20,8100,买盘
13,09:32:01,4.04,-0.01,60,24290,卖盘
14,09:32:16,4.05,0.01,6,2430,买盘
15,09:32:19,4.04,-0.01,5,2020,卖盘
16,09:32:22,4.05,0.01,15,6075,买盘
17,09:32:34,4.05,0.0,29,11745,买盘
18,09:32:46,4.05,0.0,4,1620,买盘
19,09:32:49,4.04,-0.01,1,404,卖盘
20,09:32:58,4.05,0.01,10,4050,买盘
21,09:33:25,4.04,-0.01,120,48480,卖盘
22,09:33:46,4.04,0.0,5,2020,卖盘
23,09:33:55,4.05,0.01,100,40500,买盘
24,09:34:06,4.04,-0.01,4,1616,卖盘
25,09:34:13,4.05,0.01,4,1620,买盘
26,09:34:19,4.05,0.0,20,8100,买盘
27,09:34:25,4.04,-0.01,50,20200,卖盘
28,09:34:34,4.04,0.0,18,7272,卖盘
29,09:34:37,4.05,0.01,56,22680,买盘
30,09:34:55,4.05,0.0,6,2426,买盘
31,09:34:58,4.05,0.0,1,405,买盘
32,09:35:04,4.04,-0.01,11,4444,卖盘
33,09:35:07,4.03,-0.01,137,55337,卖盘
34,09:35:16,4.05,0.02,10,4050,买盘
35,09:35:19,4.03,-0.02,46,18538,卖盘
36,09:35:34,4.03,0.0,11,4433,卖盘
37,09:35:46,4.03,0.0,3,1209,卖盘
38,09:35:55,4.04,0.01,10,4040,买盘
39,09:36:04,4.03,-0.01,11,4433,卖盘
40,09:36:10,4.04,0.01,5,2020,买盘
41,09:36:34,4.03,-0.01,11,4433,卖盘
42,09:36:37,4.04,0.01,10,4040,买盘
43,09:36:46,4.04,0.0,51,20604,买盘
44,09:36:58,4.04,0.0,7,2828,卖盘
45,09:37:01,4.04,0.0,81,32724,卖盘
46,09:37:07,4.04,0.0,31,12524,卖盘
47,09:37:30,4.05,0.01,7,2835,买盘
48,09:37:34,4.04,-0.01,11,4444,卖盘
49,09:37:37,4.04,0.0,10,4040,卖盘
50,09:38:04,4.04,0.0,11,4444,卖盘
51,09:38:07,4.05,0.01,50,20250,买盘
52,09:38:10,4.05,0.0,30,12150,买盘
53,09:38:13,4.04,-0.01,13,5252,卖盘
54,09:38:16,4.05,0.01,534,216270,买盘
55,09:38:19,4.03,-0.02,173,69884,卖盘
56,09:38:22,4.05,0.02,6,2430,买盘
57,09:38:28,4.05,0.0,3,1215,买盘
58,09:38:34,4.04,-0.01,49,19834,卖盘
59,09:38:37,4.05,0.01,2,810,买盘
60,09:38:49,4.05,0.0,50,20250,买盘
61,09:38:58,4.05,0.0,169,68445,买盘
62,09:39:01,4.06,0.01,509,206654,买盘
63,09:39:07,4.06,0.0,11,4466,卖盘
64,09:39:10,4.05,-0.01,192,77801,卖盘
65,09:39:19,4.05,0.0,35,14175,买盘
66,09:39:22,4.05,0.0,10,4050,买盘
67,09:39:25,4.05,0.0,43,17415,买盘
68,09:39:28,4.05,0.0,91,36855,买盘
69,09:39:37,4.05,0.0,5,2025,卖盘
70,09:39:43,4.05,0.0,3,1215,买盘
71,09:39:46,4.05,0.0,3,1215,买盘
72,09:39:57,4.06,0.01,8,3248,买盘
73,09:40:01,4.06,0.0,20,8120,买盘
74,09:40:04,4.05,-0.01,18,7290,卖盘
75,09:40:16,4.06,0.01,15,6090,买盘
76,09:40:22,4.05,-0.01,5,2025,卖盘
77,09:40:28,4.05,0.0,4,1620,买盘
78,09:40:31,4.05,0.0,12,4860,买盘
79,09:40:34,4.04,-0.01,12,4849,卖盘
80,09:40:37,4.05,0.01,1,405,买盘
81,09:40:40,4.05,0.0,2,810,买盘
82,09:40:43,4.05,0.0,1,405,买盘
83,09:40:46,4.05,0.0,3,1215,买盘
84,09:40:52,4.05,0.0,6,2430,买盘
85,09:40:55,4.05,0.0,1,405,买盘
86,09:40:57,4.05,0.0,4,1620,买盘
87,09:41:01,4.04,-0.01,28,11312,卖盘
88,09:41:04,4.04,0.0,11,4444,卖盘
89,09:41:19,4.05,0.01,10,4050,买盘
90,09:41:37,4.04,-0.01,11,4444,卖盘
91,09:41:43,4.05,0.01,50,20250,买盘
92,09:41:46,4.05,0.0,200,81000,买盘
93,09:42:07,4.05,0.0,60,24290,买盘
94,09:42:13,4.05,0.0,9,3645,买盘
95,09:42:28,4.05,0.0,1,405,买盘
96,09:42:37,4.04,-0.01,10,4040,卖盘
97,09:42:46,4.05,0.01,17,6885,买盘
98,09:42:52,4.04,-0.01,3,1212,卖盘
99,09:43:01,4.04,0.0,239,96556,卖盘
100,09:43:10,4.04,0.0,38,15352,买盘
101,09:43:24,4.03,-0.01,39,15737,卖盘
102,09:43:28,4.03,0.0,43,17349,卖盘
103,09:43:34,4.03,0.0,10,4030,卖盘
104,09:43:52,4.04,0.01,2,808,买盘
105,09:44:04,4.03,-0.01,31,12494,卖盘
106,09:44:13,4.04,0.01,35,14140,买盘
107,09:44:16,4.04,0.0,4,1616,买盘
108,09:44:19,4.04,0.0,82,33128,卖盘
109,09:44:34,4.04,0.0,10,4040,卖盘
110,09:44:37,4.04,0.0,24,9696,卖盘
111,09:44:45,4.04,0.0,5,2020,买盘
112,09:45:04,4.04,0.0,15,6060,买盘
113,09:45:06,4.03,-0.01,10,4030,卖盘
114,09:45:37,4.03,0.0,10,4030,卖盘
115,09:45:43,4.04,0.01,30,12120,买盘
116,09:45:49,4.04,0.0,5,2020,买盘
117,09:46:04,4.03,-0.01,22,8866,卖盘
118,09:46:07,4.03,0.0,10,4030,卖盘
119,09:46:34,4.03,0.0,10,4030,卖盘
120,09:46:49,4.03,0.0,10,4030,卖盘
121,09:46:55,4.03,0.0,387,155961,卖盘
122,09:46:58,4.03,0.0,9,3627,买盘
123,09:47:04,4.02,-0.01,10,4020,卖盘
124,09:47:15,4.02,0.0,250,100500,卖盘
125,09:47:22,4.03,0.01,20,8060,买盘
126,09:47:28,4.03,0.0,5,2015,买盘
127,09:47:34,4.02,-0.01,10,4020,卖盘
128,09:47:39,4.03,0.01,89,35867,买盘
129,09:47:43,4.03,0.0,11,4433,卖盘
130,09:47:46,4.03,0.0,8,3224,买盘
131,09:47:49,4.04,0.01,3,1212,买盘
132,09:48:04,4.03,-0.01,10,4030,卖盘
133,09:48:22,4.04,0.01,3,1212,买盘
134,09:48:25,4.03,-0.01,22,8866,卖盘
135,09:48:33,4.03,0.0,10,4030,卖盘
136,09:48:37,4.04,0.01,12,4838,买盘
137,09:48:55,4.04,0.0,2,808,买盘
138,09:49:01,4.03,-0.01,20,8060,卖盘
139,09:49:04,4.03,0.0,10,4030,卖盘
140,09:49:19,4.03,0.0,65,26195,卖盘
141,09:49:37,4.03,0.0,10,4030,卖盘
142,09:49:57,4.03,0.0,23,9269,卖盘
143,09:50:01,4.04,0.01,1,404,买盘
144,09:50:04,4.03,-0.01,10,4030,卖盘
145,09:50:10,4.03,0.0,29,11687,卖盘
146,09:50:34,4.03,0.0,35,14105,卖盘
147,09:50:49,4.03,0.0,33,13299,卖盘
148,09:50:58,4.03,0.0,92,37076,买盘
149,09:51:00,4.04,0.01,200,80800,买盘
150,09:51:04,4.03,-0.01,10,4030,卖盘
151,09:51:10,4.04,0.01,2,808,买盘
152,09:51:21,4.03,-0.01,11,4433,卖盘
153,09:51:25,4.04,0.01,5,2020,买盘
154,09:51:28,4.03,-0.01,30,12090,卖盘
155,09:51:33,4.03,0.0,10,4030,卖盘
156,09:51:49,4.03,0.0,46,18538,卖盘
157,09:52:06,4.03,0.0,10,4030,卖盘
158,09:52:22,4.03,0.0,7,2821,卖盘
159,09:52:33,4.03,0.0,10,4030,卖盘
160,09:52:57,4.03,0.0,694,279682,卖盘
161,09:53:01,4.03,0.0,1,403,买盘
162,09:53:04,4.02,-0.01,10,4020,卖盘
163,09:53:13,4.03,0.01,5,2015,买盘
164,09:53:18,4.04,0.01,12,4841,买盘
165,09:53:34,4.03,-0.01,10,4030,卖盘
166,09:53:40,4.04,0.01,9,3636,买盘
167,09:54:01,4.03,-0.01,6,2418,卖盘
168,09:54:04,4.03,0.0,10,4030,卖盘
169,09:54:19,4.03,0.0,10,4030,卖盘
170,09:54:30,4.03,0.0,20,8060,卖盘
171,09:54:34,4.03,0.0,175,70525,卖盘
172,09:55:04,4.02,-0.01,10,4020,卖盘
173,09:55:15,4.03,0.01,3,1209,买盘
174,09:55:25,4.03,0.0,10,4030,买盘
175,09:55:55,4.02,-0.01,211,84822,卖盘
176,09:56:24,4.02,0.0,50,20100,卖盘
177,09:57:16,4.02,0.0,30,12060,卖盘
178,09:57:19,4.02,0.0,70,28140,卖盘
179,09:57:30,4.03,0.01,1,403,买盘
180,09:57:33,4.02,-0.01,1,402,卖盘
181,09:57:37,4.02,0.0,6,2412,卖盘
182,09:58:03,4.02,0.0,61,24522,卖盘
183,09:58:22,4.02,0.0,100,40200,卖盘
184,09:58:45,4.02,0.0,41,16482,卖盘
185,09:59:01,4.02,0.0,26,10452,卖盘
186,09:59:28,4.03,0.01,157,63271,买盘
187,09:59:52,4.02,-0.01,20,8040,卖盘
188,09:59:55,4.02,0.0,6,2412,卖盘
189,10:00:07,4.03,0.01,135,54405,买盘
190,10:00:34,4.03,0.0,7,2821,卖盘
191,10:00:37,4.03,0.0,20,8060,卖盘
192,10:00:49,4.04,0.01,540,218160,买盘
193,10:01:04,4.04,0.0,158,63832,卖盘
194,10:01:09,4.04,0.0,5,2020,买盘
195,10:01:31,4.04,0.0,7,2828,买盘
196,10:01:40,4.04,0.0,33,13332,卖盘
197,10:01:45,4.04,0.0,8,3232,卖盘
198,10:01:48,4.04,0.0,15,6060,中性盘
199,10:01:58,4.04,0.0,198,79992,买盘
200,10:02:16,4.03,-0.01,1,403,卖盘
201,10:02:21,4.04,0.01,52,21008,买盘
202,10:02:24,4.04,0.0,17,6868,买盘
203,10:02:28,4.04,0.0,21,8484,买盘
204,10:03:06,4.04,0.0,205,82820,买盘
205,10:03:24,4.04,0.0,35,14140,卖盘
206,10:03:31,4.04,0.0,1,404,卖盘
207,10:03:37,4.04,0.0,80,32320,卖盘
208,10:03:49,4.05,0.01,65,26325,买盘
209,10:04:13,4.05,0.0,48,19440,买盘
210,10:04:31,4.03,-0.02,20,8060,卖盘
211,10:04:37,4.05,0.02,48,19440,买盘
212,10:04:48,4.04,-0.01,3,1212,买盘
213,10:04:58,4.05,0.01,1,405,买盘
214,10:05:25,4.05,0.0,25,10125,买盘
215,10:05:28,4.05,0.0,45,18205,买盘
216,10:05:37,4.05,0.0,51,20655,买盘
217,10:05:52,4.05,0.0,50,20250,买盘
218,10:06:04,4.04,-0.01,2,808,卖盘
219,10:06:25,4.04,0.0,55,22220,卖盘
220,10:06:48,4.04,0.0,30,12120,买盘
221,10:07:51,4.04,0.0,52,21008,买盘
222,10:07:57,4.04,0.0,17,6868,买盘
223,10:08:01,4.04,0.0,21,8484,买盘
224,10:08:06,4.05,0.01,30,12136,买盘
225,10:08:25,4.05,0.0,52,21060,买盘
226,10:08:28,4.05,0.0,17,6885,买盘
227,10:08:52,4.04,-0.01,1,404,卖盘
228,10:09:21,4.04,0.0,19,7676,卖盘
229,10:11:13,4.03,-0.01,1,403,卖盘
230,10:11:42,4.04,0.01,25,10100,买盘
231,10:11:52,4.04,0.0,25,10100,买盘
232,10:11:58,4.05,0.01,51,20631,买盘
233,10:12:09,4.05,0.0,50,20250,买盘
234,10:12:19,4.05,0.0,25,10125,买盘
235,10:12:31,4.05,0.0,25,10125,买盘
236,10:12:34,4.05,0.0,51,20645,买盘
237,10:12:43,4.05,0.0,50,20250,买盘
238,10:13:40,4.05,0.0,13,5265,买盘
239,10:14:25,4.05,0.0,5,2025,买盘
240,10:15:00,4.04,-0.01,49,19796,卖盘
241,10:15:28,4.04,0.0,2,808,卖盘
242,10:16:06,4.04,0.0,30,12120,卖盘
243,10:17:12,4.04,0.0,202,81608,卖盘
244,10:17:19,4.05,0.01,433,175357,买盘
245,10:17:37,4.03,-0.02,5,2015,卖盘
246,10:17:46,4.03,0.0,6,2418,卖盘
247,10:18:42,4.04,0.01,108,43632,买盘
248,10:18:51,4.03,-0.01,20,8060,卖盘
249,10:18:57,4.04,0.01,42,16968,买盘
250,10:19:01,4.04,0.0,1,404,卖盘
251,10:19:31,4.04,0.0,16,6464,卖盘
252,10:19:54,4.04,0.0,23,9292,卖盘
253,10:21:19,4.04,0.0,104,42016,卖盘
254,10:21:37,4.03,-0.01,25,10075,卖盘
255,10:21:55,4.03,0.0,9,3627,卖盘
256,10:22:28,4.03,0.0,21,8463,卖盘
257,10:22:43,4.04,0.01,61,24644,买盘
258,10:24:22,4.04,0.0,76,30704,买盘
259,10:24:55,4.03,-0.01,50,20150,卖盘
260,10:25:19,4.03,0.0,42,16926,卖盘
261,10:25:25,4.03,0.0,5,2015,卖盘
262,10:25:43,4.03,0.0,9,3627,卖盘
263,10:25:46,4.04,0.01,110,44386,买盘
264,10:25:49,4.03,-0.01,2,806,卖盘
265,10:25:57,4.04,0.01,1,404,买盘
266,10:26:00,4.03,-0.01,3,1209,卖盘
267,10:26:16,4.03,0.0,35,14105,卖盘
268,10:27:27,4.04,0.01,104,42016,买盘
269,10:27:45,4.03,-0.01,10,4030,卖盘
270,10:29:54,4.03,0.0,3,1209,卖盘
271,10:30:27,4.03,0.0,111,44794,卖盘
272,10:31:10,4.04,0.01,80,32320,买盘
273,10:31:24,4.04,0.0,304,122816,买盘
274,10:31:37,4.04,0.0,10,4040,卖盘
275,10:31:40,4.05,0.01,14,5670,买盘
276,10:31:58,4.05,0.0,13,5265,买盘
277,10:32:04,4.04,-0.01,73,29492,卖盘
278,10:32:10,4.03,-0.01,260,104812,卖盘
279,10:32:30,4.05,0.02,21,8505,买盘
280,10:32:46,4.04,-0.01,4,1616,卖盘
281,10:33:04,4.05,0.01,10,4050,买盘
282,10:34:13,4.05,0.0,200,81000,买盘
283,10:34:55,4.04,-0.01,72,29088,卖盘
284,10:36:43,4.04,0.0,1,404,卖盘
285,10:37:40,4.04,0.0,15,6060,卖盘
286,10:37:57,4.04,0.0,153,61812,卖盘
287,10:39:22,4.05,0.01,1,405,买盘
288,10:39:25,4.04,-0.01,5,2020,卖盘
289,10:39:48,4.04,0.0,30,12120,卖盘
290,10:39:51,4.04,0.0,24,9696,卖盘
291,10:40:01,4.04,0.0,50,20200,卖盘
292,10:41:00,4.04,0.0,21,8485,卖盘
293,10:41:16,4.04,0.0,105,42420,卖盘
294,10:41:21,4.04,0.0,21,8484,买盘
295,10:41:30,4.04,0.0,19,7676,买盘
296,10:44:00,4.04,0.0,143,57772,卖盘
297,10:44:04,4.04,0.0,140,56560,卖盘
298,10:45:06,4.04,0.0,20,8080,买盘
299,10:45:19,4.04,0.0,69,27876,卖盘
300,10:46:31,4.03,-0.01,72,29016,卖盘
301,10:47:13,4.03,0.0,50,20150,卖盘
302,10:48:06,4.03,0.0,8,3224,卖盘
303,10:48:31,4.03,0.0,25,10075,卖盘
304,10:49:28,4.03,0.0,13,5239,卖盘
305,10:49:37,4.03,0.0,1,403,卖盘
306,10:50:01,4.03,0.0,3,1209,卖盘
307,10:50:25,4.03,0.0,70,28210,卖盘
308,10:51:07,4.03,0.0,50,20150,卖盘
309,10:51:34,4.03,0.0,19,7657,卖盘
310,10:51:39,4.03,0.0,5,2015,卖盘
311,10:51:46,4.03,0.0,50,20150,卖盘
312,10:52:12,4.03,0.0,61,24583,卖盘
313,10:52:27,4.03,0.0,51,20553,卖盘
314,10:53:21,4.04,0.01,1,404,买盘
315,10:53:48,4.03,-0.01,22,8866,卖盘
316,10:54:18,4.03,0.0,15,6045,卖盘
317,10:55:27,4.03,0.0,28,11284,卖盘
318,10:56:27,4.03,0.0,6,2418,卖盘
319,10:56:39,4.03,0.0,18,7254,卖盘
320,10:56:46,4.03,0.0,21,8463,卖盘
321,10:56:57,4.03,0.0,10,4030,卖盘
322,10:58:18,4.04,0.01,11,4444,买盘
323,10:58:42,4.03,-0.01,100,40300,卖盘
324,10:59:18,4.03,0.0,9,3627,卖盘
325,11:00:25,4.03,0.0,4,1612,卖盘
326,11:00:33,4.04,0.01,142,57368,买盘
327,11:00:52,4.04,0.0,48,19392,买盘
328,11:01:46,4.04,0.0,26,10504,买盘
329,11:02:16,4.03,-0.01,29,11687,卖盘
330,11:06:37,4.03,0.0,218,88054,卖盘
331,11:06:55,4.04,0.01,10,4040,买盘
332,11:08:31,4.04,0.0,10,4040,买盘
333,11:09:09,4.04,0.0,10,4040,买盘
334,11:10:04,4.03,-0.01,38,15314,卖盘
335,11:12:57,4.04,0.01,50,20200,买盘
336,11:13:15,4.04,0.0,65,26260,买盘
337,11:13:31,4.04,0.0,10,4040,买盘
338,11:13:46,4.04,0.0,34,13736,买盘
339,11:13:55,4.04,0.0,104,41996,买盘
340,11:14:31,4.04,0.0,50,20200,卖盘
341,11:14:45,4.05,0.01,10,4050,买盘
342,11:15:10,4.05,0.0,57,23058,买盘
343,11:15:52,4.04,-0.01,17,6868,卖盘
344,11:16:27,4.05,0.01,10,4050,买盘
345,11:17:01,4.06,0.01,1377,557957,买盘
346,11:17:27,4.06,0.0,11,4466,买盘
347,11:17:43,4.06,0.0,28,11368,买盘
348,11:17:46,4.06,0.0,3,1218,买盘
349,11:17:49,4.06,0.0,20,8120,买盘
350,11:18:19,4.06,0.0,100,40600,买盘
351,11:19:00,4.06,0.0,80,32480,买盘
352,11:19:36,4.06,0.0,50,20300,买盘
353,11:20:06,4.05,-0.01,6,2435,卖盘
354,11:20:31,4.06,0.01,272,110432,买盘
355,11:20:48,4.06,0.0,52,21112,卖盘
356,11:20:58,4.06,0.0,6,2436,卖盘
357,11:21:22,4.06,0.0,11,4466,卖盘
358,11:21:46,4.06,0.0,8,3248,卖盘
359,11:21:51,4.06,0.0,74,30044,卖盘
360,11:22:00,4.06,0.0,39,15834,买盘
361,11:23:09,4.06,0.0,10,4060,买盘
362,11:23:37,4.05,-0.01,24,9720,卖盘
363,11:23:49,4.05,0.0,24,9720,卖盘
364,11:23:52,4.05,0.0,19,7695,卖盘
365,11:24:01,4.05,0.0,20,8100,卖盘
366,11:24:13,4.06,0.01,30,12180,买盘
367,11:24:19,4.06,0.0,50,20300,买盘
368,11:24:28,4.06,0.0,101,41006,买盘
369,11:24:31,4.05,-0.01,24,9720,卖盘
370,11:24:48,4.06,0.01,20,8120,买盘
371,11:25:04,4.05,-0.01,150,60800,卖盘
372,11:25:07,4.05,0.0,50,20250,卖盘
373,11:25:16,4.06,0.01,12,4872,买盘
374,11:25:42,4.06,0.0,527,213462,买盘
375,11:26:43,4.05,-0.01,7,2835,卖盘
376,11:27:55,4.05,0.0,42,17010,卖盘
377,11:27:58,4.06,0.01,1,406,买盘
378,11:28:19,4.04,-0.02,2,808,卖盘
379,11:29:34,4.05,0.01,181,73305,卖盘
380,11:29:43,4.06,0.01,1,406,买盘
381,13:00:05,4.06,0.0,77,31259,买盘
382,13:00:07,4.06,0.0,124,50342,买盘
383,13:00:36,4.05,-0.01,84,34020,卖盘
384,13:02:40,4.06,0.01,9,3654,买盘
385,13:04:34,4.06,0.0,5,2030,买盘
386,13:04:57,4.05,-0.01,3,1215,卖盘
387,13:05:00,4.06,0.01,20,8120,买盘
388,13:05:34,4.06,0.0,1,406,买盘
389,13:05:54,4.06,0.0,30,12180,买盘
390,13:06:18,4.06,0.0,72,29232,买盘
391,13:07:30,4.05,-0.01,20,8100,卖盘
392,13:08:01,4.06,0.01,1,406,买盘
393,13:08:48,4.05,-0.01,20,8100,卖盘
394,13:09:27,4.05,0.0,1,405,卖盘
395,13:10:36,4.05,0.0,48,19440,卖盘
396,13:10:42,4.05,0.0,5,2025,卖盘
397,13:11:00,4.05,0.0,949,384345,卖盘
398,13:11:52,4.05,0.0,70,28350,买盘
399,13:13:55,4.05,0.0,20,8090,买盘
400,13:14:01,4.05,0.0,172,69660,买盘
401,13:15:06,4.06,0.01,8,3248,买盘
402,13:15:46,4.06,0.0,1,406,买盘
403,13:16:04,4.06,0.0,57,23142,买盘
404,13:16:22,4.05,-0.01,3,1215,卖盘
405,13:17:19,4.06,0.01,34,13804,买盘
406,13:17:22,4.05,-0.01,54,21870,卖盘
407,13:18:31,4.06,0.01,3,1218,买盘
408,13:18:42,4.06,0.0,1,406,买盘
409,13:19:04,4.05,-0.01,179,72495,卖盘
410,13:19:31,4.06,0.01,37,15022,买盘
411,13:20:37,4.05,-0.01,92,37260,卖盘
412,13:20:43,4.05,0.0,130,52650,卖盘
413,13:21:31,4.04,-0.01,2,808,卖盘
414,13:22:01,4.05,0.01,19,7695,买盘
415,13:22:43,4.05,0.0,1,405,买盘
416,13:23:30,4.05,0.0,130,52650,买盘
417,13:23:51,4.05,0.0,10,4050,买盘
418,13:24:34,4.05,0.0,1,405,买盘
419,13:24:42,4.05,0.0,5,2025,买盘
420,13:25:48,4.05,0.0,13,5265,买盘
421,13:25:52,4.05,0.0,1,405,买盘
422,13:26:40,4.05,0.0,7,2835,买盘
423,13:27:07,4.05,0.0,328,132840,买盘
424,13:27:10,4.06,0.01,75,30450,买盘
425,13:27:25,4.05,-0.01,1,405,卖盘
426,13:28:40,4.06,0.01,1,406,买盘
427,13:28:46,4.05,-0.01,15,6075,卖盘
428,13:28:48,4.06,0.01,257,104342,买盘
429,13:28:52,4.05,-0.01,14,5670,卖盘
430,13:28:54,4.05,0.0,8,3240,卖盘
431,13:30:09,4.05,0.0,24,9720,卖盘
432,13:30:16,4.05,0.0,26,10530,卖盘
433,13:31:58,4.05,0.0,1,405,卖盘
434,13:32:04,4.06,0.01,1,406,买盘
435,13:32:13,4.06,0.0,55,22330,买盘
436,13:32:36,4.06,0.0,100,40600,买盘
437,13:32:40,4.05,-0.01,24,9720,卖盘
438,13:33:03,4.06,0.01,6,2436,买盘
439,13:33:13,4.06,0.0,2,812,买盘
440,13:34:27,4.05,-0.01,2,810,卖盘
441,13:34:30,4.05,0.0,5,2025,卖盘
442,13:34:58,4.05,0.0,160,64800,卖盘
443,13:35:07,4.06,0.01,1,406,买盘
444,13:35:24,4.05,-0.01,33,13365,卖盘
445,13:37:37,4.05,0.0,4,1620,卖盘
446,13:37:49,4.05,0.0,40,16200,卖盘
447,13:37:57,4.05,0.0,42,17010,卖盘
448,13:38:04,4.05,0.0,2,810,卖盘
449,13:38:06,4.05,0.0,9,3645,卖盘
450,13:38:30,4.05,0.0,5,2025,卖盘
451,13:38:33,4.05,0.0,3,1215,卖盘
452,13:39:04,4.06,0.01,1,406,买盘
453,13:39:10,4.05,-0.01,3,1215,卖盘
454,13:39:19,4.05,0.0,13,5265,卖盘
455,13:39:43,4.05,0.0,102,41409,卖盘
456,13:39:55,4.05,0.0,91,36855,卖盘
457,13:40:21,4.05,0.0,38,15390,卖盘
458,13:40:46,4.05,0.0,114,46170,买盘
459,13:40:55,4.05,0.0,130,52650,买盘
460,13:41:42,4.05,0.0,1,405,买盘
461,13:42:06,4.05,0.0,3,1215,买盘
462,13:43:04,4.05,0.0,80,32400,买盘
463,13:43:28,4.05,0.0,7,2835,买盘
464,13:43:43,4.04,-0.01,66,26700,卖盘
465,13:44:37,4.05,0.01,13,5265,买盘
466,13:45:04,4.05,0.0,1,405,买盘
467,13:45:58,4.05,0.0,200,81000,买盘
468,13:46:21,4.04,-0.01,100,40400,卖盘
469,13:47:36,4.04,0.0,20,8080,卖盘
470,13:47:46,4.04,0.0,64,25856,卖盘
471,13:47:54,4.05,0.01,1,405,买盘
472,13:47:57,4.05,0.0,10,4050,买盘
473,13:48:04,4.04,-0.01,9,3636,卖盘
474,13:48:09,4.04,0.0,185,74740,卖盘
475,13:48:39,4.04,0.0,73,29492,买盘
476,13:49:19,4.03,-0.01,1,403,卖盘
477,13:49:42,4.03,0.0,497,200291,卖盘
478,13:49:52,4.03,0.0,42,16926,卖盘
479,13:49:55,4.03,0.0,20,8060,卖盘
480,13:50:10,4.04,0.01,2,808,买盘
481,13:52:10,4.04,0.0,1,404,买盘
482,13:52:46,4.03,-0.01,5,2015,卖盘
483,13:52:52,4.03,0.0,6,2418,卖盘
484,13:53:13,4.03,0.0,3,1209,卖盘
485,13:53:19,4.03,0.0,10,4030,卖盘
486,13:53:48,4.03,0.0,60,24180,卖盘
487,13:54:07,4.03,0.0,100,40300,卖盘
488,13:54:13,4.03,0.0,149,60047,卖盘
489,13:54:25,4.03,0.0,5,2015,卖盘
490,13:54:46,4.04,0.01,1,404,买盘
491,13:56:16,4.03,-0.01,4,1612,卖盘
492,13:56:33,4.03,0.0,16,6448,卖盘
493,13:56:39,4.03,0.0,4,1612,卖盘
494,13:56:52,4.03,0.0,20,8060,卖盘
495,13:57:01,4.03,0.0,3,1209,卖盘
496,13:57:25,4.03,0.0,864,348192,卖盘
497,13:57:55,4.02,-0.01,3,1206,卖盘
498,13:57:58,4.03,0.01,1,403,买盘
499,13:58:04,4.02,-0.01,20,8040,卖盘
500,13:58:22,4.03,0.01,5,2015,买盘
501,13:58:58,4.02,-0.01,2,804,卖盘
502,13:59:18,4.02,0.0,7,2814,卖盘
503,14:00:13,4.02,0.0,39,15678,卖盘
504,14:00:39,4.03,0.01,5,2015,买盘
505,14:00:52,4.02,-0.01,31,12462,卖盘
506,14:02:07,4.02,0.0,219,88038,卖盘
507,14:02:45,4.03,0.01,1,403,买盘
508,14:03:04,4.03,0.0,9,3627,买盘
509,14:03:10,4.03,0.0,6,2418,买盘
510,14:03:19,4.02,-0.01,100,40200,卖盘
511,14:04:04,4.03,0.01,131,52680,买盘
512,14:04:07,4.02,-0.01,660,265320,卖盘
513,14:04:09,4.02,0.0,50,20100,买盘
514,14:04:40,4.01,-0.01,20,8020,卖盘
515,14:04:46,4.01,0.0,50,20050,卖盘
516,14:04:51,4.01,0.0,4,1604,卖盘
517,14:05:22,4.01,0.0,50,20050,卖盘
518,14:05:30,4.02,0.01,1,402,买盘
519,14:05:42,4.01,-0.01,70,28110,卖盘
520,14:05:46,4.01,0.0,11,4411,卖盘
521,14:05:48,4.02,0.01,17,6834,买盘
522,14:06:01,4.02,0.0,10,4020,买盘
523,14:06:10,4.02,0.0,70,28140,买盘
524,14:06:43,4.02,0.0,50,20100,买盘
525,14:06:46,4.02,0.0,2,804,买盘
526,14:07:09,4.02,0.0,2251,904902,买盘
527,14:07:22,4.03,0.01,4,1612,买盘
528,14:07:31,4.03,0.0,51,20553,买盘
529,14:07:37,4.03,0.0,1,403,买盘
530,14:07:48,4.02,-0.01,8,3216,卖盘
531,14:08:37,4.03,0.01,20,8060,买盘
532,14:08:39,4.03,0.0,24,9672,买盘
533,14:08:48,4.03,0.0,10,4030,买盘
534,14:08:54,4.03,0.0,8,3224,买盘
535,14:09:22,4.03,0.0,19,7657,买盘
536,14:09:31,4.02,-0.01,55,22110,卖盘
537,14:09:42,4.02,0.0,17,6834,卖盘
538,14:09:46,4.03,0.01,4,1612,买盘
539,14:10:37,4.03,0.0,137,55211,买盘
540,14:10:48,4.03,0.0,105,42315,买盘
541,14:10:55,4.03,0.0,96,38688,卖盘
542,14:11:43,4.03,0.0,65,26195,买盘
543,14:13:10,4.04,0.01,15,6060,买盘
544,14:13:28,4.03,-0.01,19,7666,卖盘
545,14:13:30,4.04,0.01,1,404,买盘
546,14:13:51,4.04,0.0,11,4444,买盘
547,14:14:42,4.04,0.0,10,4040,买盘
548,14:14:48,4.04,0.0,73,29492,买盘
549,14:14:55,4.04,0.0,3,1212,卖盘
550,14:15:10,4.04,0.0,554,223816,卖盘
551,14:15:52,4.04,0.0,1,404,买盘
552,14:16:19,4.03,-0.01,10,4030,卖盘
553,14:16:42,4.03,0.0,1,403,卖盘
554,14:17:01,4.03,0.0,8,3224,卖盘
555,14:17:06,4.03,0.0,20,8060,卖盘
556,14:17:19,4.03,0.0,1,403,卖盘
557,14:17:25,4.03,0.0,217,87451,卖盘
558,14:17:49,4.03,0.0,7,2821,卖盘
559,14:18:37,4.04,0.01,1,404,买盘
560,14:19:19,4.04,0.0,200,80800,买盘
561,14:19:51,4.04,0.0,2,808,买盘
562,14:20:07,4.04,0.0,13,5252,中性盘
563,14:20:25,4.05,0.01,10,4050,买盘
564,14:21:25,4.04,-0.01,5,2020,买盘
565,14:21:58,4.04,0.0,1,404,买盘
566,14:22:24,4.04,0.0,5,2020,买盘
567,14:23:07,4.03,-0.01,20,8060,卖盘
568,14:23:28,4.03,0.0,50,20150,卖盘
569,14:23:34,4.03,0.0,1,403,卖盘
570,14:23:48,4.04,0.01,1,404,买盘
571,14:24:00,4.03,-0.01,50,20150,卖盘
572,14:24:31,4.03,0.0,50,20150,卖盘
573,14:24:46,4.03,0.0,1,403,卖盘
574,14:25:01,4.03,0.0,166,66898,卖盘
575,14:26:28,4.03,0.0,17,6851,买盘
576,14:26:40,4.03,0.0,1,403,买盘
577,14:27:13,4.03,0.0,149,60047,买盘
578,14:28:03,4.04,0.01,10,4040,买盘
579,14:28:31,4.03,-0.01,1,403,卖盘
580,14:28:52,4.03,0.0,64,25792,卖盘
581,14:29:01,4.03,0.0,6,2418,中性盘
582,14:29:52,4.04,0.01,1,404,买盘
583,14:29:55,4.02,-0.02,4,1608,卖盘
584,14:30:46,4.04,0.02,5,2020,买盘
585,14:32:40,4.03,-0.01,6,2418,买盘
586,14:33:06,4.03,0.0,100,40300,卖盘
587,14:33:54,4.03,0.0,20,8060,卖盘
588,14:34:45,4.03,0.0,6,2418,卖盘
589,14:34:58,4.03,0.0,320,128960,卖盘
590,14:35:15,4.04,0.01,2,808,买盘
591,14:35:40,4.03,-0.01,120,48360,卖盘
592,14:36:16,4.04,0.01,3,1212,买盘
593,14:36:43,4.04,0.0,7,2828,买盘
594,14:37:34,4.03,-0.01,10,4030,卖盘
595,14:37:37,4.04,0.01,2,808,买盘
596,14:38:27,4.04,0.0,20,8080,买盘
597,14:39:39,4.03,-0.01,25,10075,卖盘
598,14:39:52,4.04,0.01,11,4444,买盘
599,14:40:40,4.03,-0.01,21,8463,卖盘
600,14:40:52,4.03,0.0,161,64883,卖盘
601,14:41:27,4.03,0.0,10,4030,卖盘
602,14:42:18,4.03,0.0,20,8060,卖盘
603,14:42:24,4.03,0.0,1,403,卖盘
604,14:43:30,4.03,0.0,40,16120,卖盘
605,14:43:54,4.03,0.0,30,12090,卖盘
606,14:43:58,4.04,0.01,100,40400,买盘
607,14:44:16,4.04,0.0,10,4040,买盘
608,14:44:30,4.04,0.0,2,808,买盘
609,14:45:04,4.03,-0.01,52,20956,卖盘
610,14:45:07,4.04,0.01,836,337744,买盘
611,14:45:19,4.04,0.0,100,40400,买盘
612,14:45:31,4.04,0.0,5,2020,买盘
613,14:45:46,4.04,0.0,10,4040,买盘
614,14:46:01,4.04,0.0,3,1212,买盘
615,14:46:31,4.04,0.0,5,2020,买盘
616,14:46:55,4.04,0.0,740,298960,买盘
617,14:47:01,4.03,-0.01,7,2821,卖盘
618,14:47:16,4.04,0.01,5,2020,卖盘
619,14:47:25,4.04,0.0,25,10100,卖盘
620,14:47:31,4.04,0.0,15,6060,卖盘
621,14:47:34,4.04,0.0,5,2020,卖盘
622,14:47:46,4.04,0.0,109,44036,卖盘
623,14:47:58,4.05,0.01,50,20250,买盘
624,14:48:07,4.04,-0.01,1,404,卖盘
625,14:48:52,4.04,0.0,61,24644,卖盘
626,14:48:55,4.04,0.0,82,33128,买盘
627,14:49:30,4.05,0.01,10,4050,买盘
628,14:49:40,4.04,-0.01,20,8080,卖盘
629,14:49:45,4.04,0.0,419,169276,买盘
630,14:49:52,4.04,0.0,108,43632,买盘
631,14:49:54,4.04,0.0,32,12928,买盘
632,14:49:58,4.04,0.0,60,24240,买盘
633,14:50:01,4.04,0.0,31,12524,买盘
634,14:50:04,4.04,0.0,298,120392,买盘
635,14:50:07,4.04,0.0,68,27472,买盘
636,14:50:10,4.05,0.01,208,84240,买盘
637,14:50:16,4.05,0.0,66,26730,买盘
638,14:50:19,4.05,0.0,19,7695,买盘
639,14:50:22,4.05,0.0,2,810,买盘
640,14:50:28,4.05,0.0,324,130899,买盘
641,14:50:31,4.05,0.0,7,2835,买盘
642,14:50:40,4.05,0.0,1,405,买盘
643,14:50:58,4.05,0.0,65,26280,买盘
644,14:51:04,4.05,0.0,10,4050,买盘
645,14:51:19,4.05,0.0,10,4050,买盘
646,14:51:22,4.04,-0.01,5,2020,卖盘
647,14:51:40,4.05,0.01,50,20250,买盘
648,14:51:49,4.05,0.0,380,153561,买盘
649,14:51:55,4.05,0.0,30,12130,买盘
650,14:52:07,4.05,0.0,7,2835,买盘
651,14:52:13,4.05,0.0,21,8505,买盘
652,14:52:37,4.04,-0.01,539,218255,卖盘
653,14:52:43,4.05,0.01,22,8910,买盘
654,14:52:46,4.05,0.0,5,2025,买盘
655,14:52:49,4.05,0.0,61,24705,买盘
656,14:52:52,4.06,0.01,311,126059,买盘
657,14:53:04,4.05,-0.01,1,405,买盘
658,14:53:07,4.05,0.0,1,405,买盘
659,14:53:10,4.05,0.0,1,405,买盘
660,14:53:13,4.05,0.0,17,6869,买盘
661,14:53:16,4.05,0.0,18,7290,买盘
662,14:53:25,4.06,0.01,1,406,买盘
663,14:53:31,4.05,-0.01,60,24300,卖盘
664,14:53:37,4.05,0.0,80,32400,卖盘
665,14:53:52,4.06,0.01,1,406,买盘
666,14:53:55,4.04,-0.02,1276,515504,卖盘
667,14:54:19,4.05,0.01,10,4050,卖盘
668,14:54:22,4.06,0.01,50,20280,买盘
669,14:54:46,4.04,-0.02,11,4444,卖盘
670,14:54:55,4.04,0.0,26,10504,卖盘
671,14:55:22,4.06,0.02,4,1624,买盘
672,14:55:37,4.06,0.0,1,406,买盘
673,14:56:07,4.06,0.0,36,14616,买盘
674,14:56:10,4.06,0.0,150,60900,买盘
675,14:56:13,4.06,0.0,121,49126,买盘
676,14:56:16,4.06,0.0,26,10556,买盘
677,14:56:19,4.06,0.0,70,28390,买盘
678,14:56:31,4.06,0.0,157,63732,买盘
679,14:56:37,4.06,0.0,30,12180,买盘
680,14:56:40,4.05,-0.01,223,90316,卖盘
681,14:56:46,4.06,0.01,120,48720,买盘
682,14:56:52,4.05,-0.01,25,10125,卖盘
683,14:57:04,4.06,0.01,331,134386,买盘
684,15:00:04,4.06,0.0,776,315056,卖盘
