,time,price,change,volume,amount,type
0,09:25:04,3.99,-0.02,12,4788,卖盘
1,09:30:04,4.0,0.01,1,400,买盘
2,09:30:07,3.99,-0.01,116,46319,卖盘
3,09:30:10,3.99,0.0,9,3591,卖盘
4,09:30:13,3.99,0.0,17,6783,买盘
5,09:30:31,4.0,0.01,5,2000,卖盘
6,09:30:37,4.01,0.01,20,8020,买盘
7,09:30:52,4.01,0.0,5,2005,买盘
8,09:30:58,4.01,0.0,57,22804,买盘
9,09:31:07,4.0,-0.01,5,2000,买盘
10,09:31:31,3.98,-0.02,108,43004,卖盘
11,09:31:34,3.99,0.01,90,35910,中性盘
12,09:31:46,3.99,0.0,30,11970,卖盘
13,09:31:49,3.99,0.0,40,15960,卖盘
14,09:31:52,3.99,0.0,38,15162,卖盘
15,09:32:19,3.99,0.0,36,14364,买盘
16,09:32:25,3.99,0.0,4,1596,卖盘
17,09:32:46,4.0,0.01,4,1600,买盘
18,09:32:58,4.0,0.0,7,2800,买盘
19,09:33:01,3.99,-0.01,2,798,卖盘
20,09:33:07,4.0,0.01,203,81200,买盘
21,09:33:34,4.0,0.0,319,127600,卖盘
22,09:33:43,4.0,0.0,50,20000,买盘
23,09:33:58,3.99,-0.01,428,170772,卖盘
24,09:34:07,3.99,0.0,3,1197,买盘
25,09:34:19,3.98,-0.01,5,1990,卖盘
26,09:34:25,3.98,0.0,11,4378,卖盘
27,09:34:34,3.98,0.0,100,39800,卖盘
28,09:34:40,3.98,0.0,10,3980,卖盘
29,09:34:43,3.98,0.0,10,3980,卖盘
30,09:34:52,3.98,0.0,30,11940,卖盘
31,09:35:01,3.98,0.0,86,34228,卖盘
32,09:35:04,3.98,0.0,313,124574,卖盘
33,09:35:31,3.97,-0.01,7,2779,卖盘
34,09:35:37,3.98,0.01,5,1990,买盘
35,09:35:55,3.97,-0.01,221,87737,卖盘
36,09:35:58,3.97,0.0,10,3970,买盘
37,09:36:16,3.96,-0.01,60,23760,卖盘
38,09:36:34,3.97,0.01,22,8734,买盘
39,09:36:37,3.96,-0.01,118,46732,卖盘
40,09:36:40,3.97,0.01,24,9528,买盘
41,09:36:43,3.97,0.0,2,794,买盘
42,09:36:46,3.96,-0.01,13,5149,卖盘
43,09:36:52,3.96,0.0,5,1980,卖盘
44,09:36:58,3.97,0.01,55,21835,买盘
45,09:37:01,3.97,0.0,20,7940,买盘
46,09:37:04,3.97,0.0,16,6352,买盘
47,09:37:07,3.97,0.0,24,9528,买盘
48,09:37:10,3.96,-0.01,7,2772,卖盘
49,09:37:13,3.97,0.01,3,1191,买盘
50,09:37:19,3.96,-0.01,5,1980,卖盘
51,09:37:25,3.96,0.0,30,11880,卖盘
52,09:37:28,3.97,0.01,10,3970,买盘
53,09:37:46,3.97,0.0,20,7940,买盘
54,09:37:49,3.97,0.0,105,41685,买盘
55,09:37:55,3.97,0.0,12,4764,买盘
56,09:37:58,3.97,0.0,22,8813,买盘
57,09:38:07,3.98,0.01,3,1194,买盘
58,09:38:19,3.98,0.0,21,8358,买盘
59,09:38:22,3.97,-0.01,106,42123,卖盘
60,09:38:34,3.98,0.01,6,2388,卖盘
61,09:39:01,3.99,0.01,5,1995,买盘
62,09:39:10,3.98,-0.01,2,796,卖盘
63,09:39:16,3.99,0.01,50,19950,买盘
64,09:39:21,3.99,0.0,125,49875,卖盘
65,09:39:28,3.99,0.0,54,21546,买盘
66,09:40:22,4.0,0.01,300,120000,买盘
67,09:40:31,3.99,-0.01,8,3192,卖盘
68,09:40:37,3.99,0.0,35,13965,卖盘
69,09:40:58,4.0,0.01,6,2400,买盘
70,09:41:22,3.99,-0.01,1,399,卖盘
71,09:41:37,3.99,0.0,221,88179,卖盘
72,09:41:42,3.98,-0.01,33,13134,卖盘
73,09:41:55,3.98,0.0,20,7960,卖盘
74,09:42:18,3.97,-0.01,494,196605,卖盘
75,09:42:22,3.98,0.01,30,11940,买盘
76,09:43:01,3.97,-0.01,300,119100,卖盘
77,09:43:04,3.98,0.01,4,1592,买盘
78,09:43:07,3.98,0.0,1,398,买盘
79,09:43:18,3.97,-0.01,258,102426,卖盘
80,09:43:28,3.97,0.0,20,7940,卖盘
81,09:43:40,3.97,0.0,6,2382,卖盘
82,09:43:43,3.98,0.01,6,2388,买盘
83,09:43:46,3.98,0.0,82,32636,买盘
84,09:43:55,3.99,0.01,688,273834,买盘
85,09:44:16,3.99,0.0,72,28728,卖盘
86,09:44:22,3.99,0.0,1,399,买盘
87,09:45:01,3.99,0.0,20,7980,买盘
88,09:45:10,3.98,-0.01,5,1990,卖盘
89,09:45:13,3.99,0.01,2,798,买盘
90,09:45:16,3.99,0.0,1,399,买盘
91,09:45:19,3.99,0.0,2,798,买盘
92,09:45:51,3.99,0.0,106,42294,卖盘
93,09:46:01,4.0,0.01,10,4000,买盘
94,09:46:04,3.99,-0.01,130,51870,卖盘
95,09:46:34,3.99,0.0,40,15960,卖盘
96,09:47:31,3.99,0.0,40,15960,卖盘
97,09:47:34,3.99,0.0,5,1995,卖盘
98,09:47:43,3.99,0.0,15,5995,卖盘
99,09:47:49,3.99,0.0,120,47880,卖盘
100,09:48:10,3.99,0.0,124,49476,卖盘
101,09:48:19,3.99,0.0,3,1197,卖盘
102,09:48:25,3.99,0.0,4,1596,买盘
103,09:48:40,3.98,-0.01,2,796,卖盘
104,09:48:46,3.98,0.0,306,121794,卖盘
105,09:49:04,3.98,0.0,34,13532,卖盘
106,09:49:07,3.97,-0.01,201,79718,卖盘
107,09:49:19,3.97,0.0,21,8337,买盘
108,09:49:25,3.97,0.0,1,397,买盘
109,09:49:28,3.97,0.0,1,397,买盘
110,09:49:31,3.97,0.0,1,397,买盘
111,09:49:34,3.97,0.0,2,794,买盘
112,09:49:37,3.97,0.0,2,794,买盘
113,09:49:40,3.97,0.0,15,5955,买盘
114,09:49:42,3.97,0.0,12,4764,买盘
115,09:49:46,3.97,0.0,14,5545,买盘
116,09:49:49,3.97,0.0,1,397,买盘
117,09:49:52,3.97,0.0,1,397,买盘
118,09:49:55,3.97,0.0,5,2064,买盘
119,09:50:16,3.97,0.0,5,1985,卖盘
120,09:50:25,3.97,0.0,4,1588,卖盘
121,09:50:40,3.97,0.0,10,3970,卖盘
122,09:50:46,3.96,-0.01,25,9902,卖盘
123,09:50:55,3.96,0.0,10,3960,卖盘
124,09:51:10,3.97,0.01,10,3970,卖盘
125,09:51:19,3.95,-0.02,680,269313,卖盘
126,09:51:22,3.97,0.02,50,19850,买盘
127,09:51:46,3.96,-0.01,40,15840,卖盘
128,09:51:49,3.96,0.0,6,2376,卖盘
129,09:52:46,3.97,0.01,4,1588,买盘
130,09:52:52,3.96,-0.01,146,57832,卖盘
131,09:52:54,3.96,0.0,5,1980,卖盘
132,09:53:04,3.98,0.02,12,4776,买盘
133,09:53:34,3.97,-0.01,10,3970,卖盘
134,09:53:36,3.97,0.0,2,794,买盘
135,09:53:52,3.97,0.0,120,47640,卖盘
136,09:54:28,3.97,0.0,16,6352,买盘
137,09:54:37,3.97,0.0,1,397,买盘
138,09:54:58,3.96,-0.01,1,396,卖盘
139,09:55:16,3.96,0.0,30,11880,卖盘
140,09:55:25,3.96,0.0,7,2772,卖盘
141,09:55:43,3.96,0.0,79,31284,卖盘
142,09:55:46,3.97,0.01,10,3970,买盘
143,09:56:04,3.97,0.0,2,794,买盘
144,09:56:10,3.97,0.0,10,3970,买盘
145,09:56:55,3.97,0.0,90,35730,买盘
146,09:57:01,3.97,0.0,33,13101,买盘
147,09:57:13,3.97,0.0,22,8734,卖盘
148,09:57:22,3.97,0.0,25,9925,卖盘
149,09:57:36,3.97,0.0,1,397,买盘
150,09:57:49,3.96,-0.01,44,17460,卖盘
151,09:57:58,3.97,0.01,10,3970,卖盘
152,09:58:16,3.97,0.0,37,14689,卖盘
153,09:58:36,3.98,0.01,20,7960,买盘
154,09:58:45,3.97,-0.01,34,13498,卖盘
155,09:58:52,3.97,0.0,2,794,卖盘
156,09:58:58,3.97,0.0,20,7940,卖盘
157,09:59:22,3.97,0.0,11,4367,卖盘
158,09:59:25,3.98,0.01,3,1194,买盘
159,09:59:28,3.98,0.0,10,3980,买盘
160,09:59:40,3.98,0.0,268,106664,买盘
161,10:00:01,3.98,0.0,80,31840,中性盘
162,10:00:16,3.98,0.0,5,1990,买盘
163,10:00:28,3.97,-0.01,9,3573,卖盘
164,10:01:18,3.97,0.0,15,5955,卖盘
165,10:02:18,3.97,0.0,13,5161,买盘
166,10:02:27,3.97,0.0,20,7940,买盘
167,10:02:31,3.97,0.0,2,794,买盘
168,10:03:01,3.96,-0.01,15,5952,卖盘
169,10:03:34,3.96,0.0,229,90710,卖盘
170,10:03:58,3.97,0.01,16,6352,卖盘
171,10:04:06,3.97,0.0,11,4367,买盘
172,10:04:36,3.96,-0.01,29,11499,卖盘
173,10:04:58,3.97,0.01,8,3176,买盘
174,10:05:25,3.96,-0.01,7,2772,卖盘
175,10:05:49,3.96,0.0,8,3168,卖盘
176,10:06:31,3.97,0.01,14,5548,买盘
177,10:06:36,3.97,0.0,9,3573,买盘
178,10:06:46,3.97,0.0,3,1191,买盘
179,10:07:07,3.97,0.0,9,3573,买盘
180,10:07:10,3.96,-0.01,200,79200,卖盘
181,10:07:13,3.96,0.0,58,22968,卖盘
182,10:07:28,3.96,0.0,32,12672,卖盘
183,10:07:46,3.96,0.0,100,39600,卖盘
184,10:07:55,3.96,0.0,7,2772,卖盘
185,10:07:58,3.96,0.0,95,37620,卖盘
186,10:08:13,3.96,0.0,27,10692,卖盘
187,10:08:16,3.96,0.0,1,396,卖盘
188,10:09:01,3.96,0.0,29,11484,卖盘
189,10:09:04,3.97,0.01,10,3970,买盘
190,10:09:10,3.97,0.0,30,11910,买盘
191,10:09:15,3.96,-0.01,11,4356,卖盘
192,10:09:25,3.96,0.0,5,1980,卖盘
193,10:09:37,3.96,0.0,11,4356,卖盘
194,10:09:52,3.96,0.0,80,31680,卖盘
195,10:10:28,3.96,0.0,5,1980,卖盘
196,10:10:46,3.96,0.0,6,2376,卖盘
197,10:11:16,3.96,0.0,109,43164,卖盘
198,10:11:25,3.97,0.01,33,13101,买盘
199,10:11:34,3.96,-0.01,1,396,卖盘
200,10:11:37,3.96,0.0,33,13068,卖盘
201,10:12:10,3.97,0.01,28,11116,买盘
202,10:12:40,3.97,0.0,3,1191,买盘
203,10:12:49,3.97,0.0,1,397,买盘
204,10:12:55,3.97,0.0,2,794,买盘
205,10:12:58,3.96,-0.01,100,39600,卖盘
206,10:13:10,3.97,0.01,238,94486,买盘
207,10:13:16,3.96,-0.01,143,56628,卖盘
208,10:13:22,3.96,0.0,2,792,卖盘
209,10:13:46,3.97,0.01,12,4764,买盘
210,10:13:52,3.96,-0.01,717,283932,卖盘
211,10:13:55,3.96,0.0,51,20196,买盘
212,10:14:13,3.95,-0.01,50,19750,卖盘
213,10:14:33,3.96,0.01,3,1188,买盘
214,10:14:45,3.96,0.0,11,4356,买盘
215,10:15:28,3.96,0.0,18,7128,买盘
216,10:15:43,3.95,-0.01,39,15405,卖盘
217,10:16:10,3.95,0.0,8,3160,卖盘
218,10:16:45,3.96,0.01,5,1980,买盘
219,10:17:19,3.95,-0.01,101,39895,卖盘
220,10:17:52,3.95,0.0,10,3950,卖盘
221,10:18:07,3.95,0.0,179,70705,卖盘
222,10:18:39,3.96,0.01,1,396,买盘
223,10:18:43,3.95,-0.01,25,9875,卖盘
224,10:18:46,3.96,0.01,340,134620,买盘
225,10:18:55,3.96,0.0,5,1980,买盘
226,10:19:01,3.96,0.0,10,3960,买盘
227,10:19:04,3.96,0.0,3,1188,买盘
228,10:19:06,3.95,-0.01,52,20590,卖盘
229,10:19:10,3.96,0.01,50,19800,买盘
230,10:19:13,3.95,-0.01,180,71150,卖盘
231,10:19:40,3.97,0.02,46,18262,买盘
232,10:20:04,3.96,-0.01,122,48312,卖盘
233,10:20:31,3.97,0.01,1,397,买盘
234,10:20:34,3.97,0.0,6,2382,买盘
235,10:20:37,3.97,0.0,103,40891,买盘
236,10:20:49,3.97,0.0,50,19850,买盘
237,10:20:58,3.96,-0.01,11,4356,卖盘
238,10:21:07,3.96,0.0,31,12276,卖盘
239,10:21:39,3.96,0.0,145,57420,卖盘
240,10:22:13,3.95,-0.01,4,1580,卖盘
241,10:22:49,3.96,0.01,23,9096,买盘
242,10:23:34,3.96,0.0,78,30888,买盘
243,10:24:04,3.96,0.0,5,1980,买盘
244,10:24:28,3.96,0.0,11,4356,买盘
245,10:24:37,3.96,0.0,62,24552,买盘
246,10:25:34,3.95,-0.01,28,11060,卖盘
247,10:25:55,3.96,0.01,4,1584,买盘
248,10:26:04,3.95,-0.01,17,6715,卖盘
249,10:26:13,3.95,0.0,27,10665,卖盘
250,10:26:22,3.95,0.0,5,1975,卖盘
251,10:26:49,3.95,0.0,49,19355,卖盘
252,10:26:54,3.95,0.0,66,26070,卖盘
253,10:27:01,3.95,0.0,36,14220,卖盘
254,10:27:04,3.95,0.0,1755,693225,卖盘
255,10:27:07,3.94,-0.01,50,19701,买盘
256,10:27:10,3.95,0.01,32,12619,买盘
257,10:27:12,3.94,-0.01,53,20882,卖盘
258,10:27:16,3.94,0.0,12,4728,卖盘
259,10:27:19,3.94,0.0,73,28762,卖盘
260,10:27:21,3.94,0.0,17,6698,卖盘
261,10:27:25,3.94,0.0,3,1182,卖盘
262,10:27:28,3.94,0.0,5,1970,卖盘
263,10:27:31,3.94,0.0,2,788,卖盘
264,10:27:34,3.94,0.0,32,12529,卖盘
265,10:27:37,3.94,0.0,1,394,买盘
266,10:27:49,3.93,-0.01,307,120661,卖盘
267,10:28:01,3.93,0.0,4,1572,卖盘
268,10:28:04,3.93,0.0,312,122795,卖盘
269,10:28:16,3.93,0.0,12,4716,卖盘
270,10:28:19,3.93,0.0,29,11397,卖盘
271,10:28:39,3.93,0.0,3,1179,卖盘
272,10:29:04,3.93,0.0,200,78600,卖盘
273,10:29:18,3.93,0.0,12,4716,卖盘
274,10:29:33,3.94,0.01,3,1182,中性盘
275,10:29:49,3.95,0.01,3,1183,买盘
276,10:30:06,3.94,-0.01,22,8668,卖盘
277,10:30:16,3.95,0.01,2,789,买盘
278,10:30:28,3.95,0.0,123,48585,买盘
279,10:30:40,3.94,-0.01,10,3940,卖盘
280,10:30:52,3.95,0.01,126,49664,买盘
281,10:30:58,3.95,0.0,10,3950,买盘
282,10:31:25,3.95,0.0,3,1185,买盘
283,10:31:30,3.94,-0.01,25,9850,卖盘
284,10:31:40,3.95,0.01,9,3555,买盘
285,10:32:30,3.94,-0.01,10,3940,卖盘
286,10:32:43,3.94,0.0,80,31520,卖盘
287,10:32:52,3.94,0.0,19,7486,卖盘
288,10:33:16,3.95,0.01,4,1580,买盘
289,10:33:36,3.94,-0.01,9,3546,卖盘
290,10:33:57,3.94,0.0,15,5910,卖盘
291,10:34:01,3.95,0.01,10,3950,买盘
292,10:34:49,3.94,-0.01,15,5910,卖盘
293,10:35:25,3.94,0.0,96,37824,卖盘
294,10:35:27,3.94,0.0,1,394,买盘
295,10:36:49,3.93,-0.01,199,78207,卖盘
296,10:37:01,3.93,0.0,350,137550,卖盘
297,10:37:04,3.93,0.0,16,6288,卖盘
298,10:37:31,3.93,0.0,100,39300,卖盘
299,10:37:43,3.93,0.0,108,42444,卖盘
300,10:38:01,3.93,0.0,10,3930,卖盘
301,10:38:10,3.94,0.01,10,3940,买盘
302,10:38:55,3.94,0.0,28,11032,买盘
303,10:39:01,3.94,0.0,30,11820,买盘
304,10:39:13,3.94,0.0,8,3152,买盘
305,10:39:16,3.94,0.0,92,36248,买盘
306,10:39:25,3.94,0.0,120,47280,买盘
307,10:39:46,3.94,0.0,33,13002,买盘
308,10:39:58,3.94,0.0,4,1576,买盘
309,10:40:01,3.94,0.0,8,3228,买盘
310,10:40:15,3.94,0.0,34,13396,买盘
311,10:41:01,3.95,0.01,21,8295,买盘
312,10:41:52,3.94,-0.01,23,9062,卖盘
313,10:42:12,3.94,0.0,29,11426,卖盘
314,10:42:31,3.94,0.0,77,30338,卖盘
315,10:42:46,3.94,0.0,309,121746,卖盘
316,10:43:10,3.94,0.0,11,4334,卖盘
317,10:43:52,3.95,0.01,1,395,买盘
318,10:44:18,3.95,0.0,5,1975,买盘
319,10:45:21,3.94,-0.01,10,3940,卖盘
320,10:45:43,3.95,0.01,3,1185,买盘
321,10:46:04,3.95,0.0,10,3950,买盘
322,10:46:34,3.94,-0.01,8,3152,卖盘
323,10:47:27,3.94,0.0,286,112684,卖盘
324,10:47:49,3.94,0.0,10,3940,买盘
325,10:48:04,3.93,-0.01,13,5109,卖盘
326,10:48:19,3.94,0.01,2,788,买盘
327,10:48:49,3.94,0.0,3,1182,买盘
328,10:48:51,3.94,0.0,92,36248,买盘
329,10:49:04,3.93,-0.01,8,3144,卖盘
330,10:49:19,3.93,0.0,40,15720,卖盘
331,10:49:24,3.93,0.0,43,16899,卖盘
332,10:49:40,3.93,0.0,31,12183,卖盘
333,10:50:00,3.93,0.0,9,3537,卖盘
334,10:50:05,3.94,0.01,101,39794,买盘
335,10:50:21,3.93,-0.01,7,2751,卖盘
336,10:50:24,3.94,0.01,73,28747,买盘
337,10:50:34,3.94,0.0,5,1970,买盘
338,10:50:54,3.93,-0.01,721,283196,卖盘
339,10:51:18,3.93,0.0,1,393,买盘
340,10:51:22,3.93,0.0,50,19650,买盘
341,10:51:43,3.93,0.0,1,393,买盘
342,10:52:10,3.93,0.0,1,393,买盘
343,10:52:22,3.93,0.0,2,786,买盘
344,10:52:25,3.93,0.0,3,1179,买盘
345,10:52:34,3.92,-0.01,50,19600,卖盘
346,10:52:39,3.93,0.01,5,1965,买盘
347,10:53:46,3.92,-0.01,4,1568,卖盘
348,10:53:54,3.92,0.0,8,3136,卖盘
349,10:54:10,3.93,0.01,6,2358,买盘
350,10:54:15,3.92,-0.01,131,51352,卖盘
351,10:54:24,3.92,0.0,5,1960,卖盘
352,10:54:33,3.92,0.0,75,29400,卖盘
353,10:54:43,3.92,0.0,88,34496,卖盘
354,10:55:04,3.93,0.01,60,23580,买盘
355,10:55:49,3.92,-0.01,8,3136,卖盘
356,10:56:10,3.93,0.01,10,3930,买盘
357,10:56:22,3.93,0.0,21,8253,买盘
358,10:57:25,3.92,-0.01,50,19600,卖盘
359,10:58:54,3.92,0.0,40,15680,卖盘
360,10:59:07,3.92,0.0,12,4704,卖盘
361,10:59:28,3.93,0.01,6,2358,买盘
362,10:59:39,3.92,-0.01,30,11760,卖盘
363,11:00:07,3.92,0.0,105,41160,卖盘
364,11:00:16,3.93,0.01,10,3930,买盘
365,11:00:28,3.92,-0.01,7,2744,卖盘
366,11:00:31,3.93,0.01,50,19650,买盘
367,11:00:49,3.93,0.0,144,56592,买盘
368,11:00:58,3.93,0.0,68,26724,买盘
369,11:01:01,3.93,0.0,50,19650,买盘
370,11:01:04,3.93,0.0,2,786,买盘
371,11:01:07,3.93,0.0,20,7860,买盘
372,11:01:13,3.93,0.0,11,4323,买盘
373,11:01:16,3.93,0.0,64,25152,买盘
374,11:01:19,3.93,0.0,13,5109,买盘
375,11:01:22,3.93,0.0,19,7467,买盘
376,11:01:24,3.93,0.0,15,5895,买盘
377,11:01:28,3.93,0.0,56,22008,买盘
378,11:01:31,3.93,0.0,171,67203,买盘
379,11:01:34,3.93,0.0,30,11790,买盘
380,11:01:37,3.93,0.0,51,20043,买盘
381,11:01:40,3.93,0.0,250,98407,买盘
382,11:01:49,3.94,0.01,1,394,买盘
383,11:02:10,3.94,0.0,2,788,买盘
384,11:02:34,3.94,0.0,12,4728,买盘
385,11:02:49,3.93,-0.01,13,5109,卖盘
386,11:02:58,3.94,0.01,20,7880,买盘
387,11:03:24,3.94,0.0,30,11820,买盘
388,11:03:46,3.94,0.0,20,7880,买盘
389,11:04:22,3.94,0.0,83,32702,买盘
390,11:04:45,3.93,-0.01,10,3930,卖盘
391,11:04:49,3.93,0.0,20,7860,卖盘
392,11:05:37,3.93,0.0,23,9061,卖盘
393,11:05:51,3.94,0.01,70,27580,买盘
394,11:05:54,3.93,-0.01,8,3144,卖盘
395,11:06:04,3.94,0.01,10,3940,买盘
396,11:06:06,3.93,-0.01,6,2358,卖盘
397,11:06:19,3.94,0.01,10,3940,买盘
398,11:06:21,3.94,0.0,40,15760,买盘
399,11:06:49,3.93,-0.01,40,15720,卖盘
400,11:06:52,3.94,0.01,79,31126,买盘
401,11:07:49,3.94,0.0,9,3546,卖盘
402,11:08:34,3.94,0.0,50,19700,卖盘
403,11:09:37,3.94,0.0,12,4728,卖盘
404,11:10:46,3.95,0.01,13,5135,买盘
405,11:11:06,3.95,0.0,3,1185,买盘
406,11:11:09,3.94,-0.01,140,55160,卖盘
407,11:11:49,3.94,0.0,11,4334,卖盘
408,11:12:31,3.94,0.0,10,3940,卖盘
409,11:13:34,3.94,0.0,50,19700,卖盘
410,11:13:46,3.94,0.0,9,3546,卖盘
411,11:13:54,3.94,0.0,67,26398,卖盘
412,11:14:30,3.94,0.0,10,3940,卖盘
413,11:15:13,3.94,0.0,10,3940,卖盘
414,11:15:42,3.94,0.0,9,3546,卖盘
415,11:16:54,3.94,0.0,11,4334,卖盘
416,11:17:06,3.95,0.01,1,395,买盘
417,11:17:09,3.94,-0.01,26,10244,卖盘
418,11:18:01,3.94,0.0,84,33096,卖盘
419,11:18:12,3.94,0.0,6,2364,买盘
420,11:18:16,3.94,0.0,20,7880,买盘
421,11:18:28,3.94,0.0,100,39400,买盘
422,11:18:43,3.94,0.0,12,4728,买盘
423,11:18:55,3.94,0.0,5,1970,买盘
424,11:19:01,3.94,0.0,38,14972,买盘
425,11:19:31,3.94,0.0,1,394,买盘
426,11:19:39,3.94,0.0,5,1970,买盘
427,11:19:52,3.94,0.0,71,27974,买盘
428,11:19:55,3.94,0.0,10,3940,卖盘
429,11:20:00,3.94,0.0,1,394,卖盘
430,11:20:09,3.95,0.01,5,1975,买盘
431,11:20:24,3.95,0.0,4,1580,买盘
432,11:20:51,3.95,0.0,50,19750,买盘
433,11:21:16,3.94,-0.01,7,2758,卖盘
434,11:22:12,3.94,0.0,17,6698,卖盘
435,11:22:15,3.94,0.0,8,3152,卖盘
436,11:23:43,3.94,0.0,7,2758,卖盘
437,11:24:01,3.94,0.0,10,3940,卖盘
438,11:24:16,3.94,0.0,85,33490,卖盘
439,11:25:01,3.94,0.0,7,2758,卖盘
440,11:25:28,3.94,0.0,6,2364,卖盘
441,11:25:34,3.94,0.0,30,11820,卖盘
442,11:26:06,3.94,0.0,6,2364,卖盘
443,11:26:36,3.95,0.01,30,11850,买盘
444,11:26:39,3.95,0.0,27,10658,买盘
445,11:27:39,3.95,0.0,6,2370,买盘
446,11:28:01,3.94,-0.01,10,3940,卖盘
447,11:29:24,3.95,0.01,266,105070,买盘
448,11:29:34,3.94,-0.01,7,2758,卖盘
449,11:29:55,3.95,0.01,27,10665,买盘
450,13:00:04,3.95,0.0,24,9480,卖盘
451,13:00:07,3.95,0.0,31,12268,卖盘
452,13:02:27,3.95,0.0,12,4740,卖盘
453,13:03:33,3.95,0.0,8,3160,卖盘
454,13:04:45,3.95,0.0,31,12245,卖盘
455,13:04:48,3.95,0.0,2,790,卖盘
456,13:05:16,3.95,0.0,50,19750,卖盘
457,13:05:25,3.95,0.0,30,11850,卖盘
458,13:05:39,3.95,0.0,63,24885,卖盘
459,13:05:51,3.95,0.0,10,3950,卖盘
460,13:05:54,3.95,0.0,20,7900,卖盘
461,13:06:34,3.95,0.0,22,8680,买盘
462,13:07:45,3.95,0.0,8,3160,卖盘
463,13:09:37,3.95,0.0,10,3950,买盘
464,13:10:04,3.95,0.0,9,3555,买盘
465,13:10:55,3.94,-0.01,9,3546,卖盘
466,13:13:10,3.94,0.0,3,1182,卖盘
467,13:13:58,3.94,0.0,1,394,卖盘
468,13:14:12,3.94,0.0,3,1182,卖盘
469,13:14:24,3.94,0.0,60,23640,卖盘
470,13:14:27,3.94,0.0,130,51220,卖盘
471,13:14:51,3.95,0.01,6,2370,买盘
472,13:15:15,3.94,-0.01,4,1576,卖盘
473,13:15:51,3.94,0.0,27,10638,卖盘
474,13:15:54,3.95,0.01,1,395,买盘
475,13:16:54,3.94,-0.01,40,15760,卖盘
476,13:17:18,3.94,0.0,46,18124,卖盘
477,13:17:31,3.95,0.01,1,395,买盘
478,13:17:43,3.94,-0.01,8,3152,卖盘
479,13:17:45,3.95,0.01,2,790,买盘
480,13:17:48,3.94,-0.01,164,64616,卖盘
481,13:18:06,3.94,0.0,13,5122,卖盘
482,13:19:31,3.94,0.0,18,7092,卖盘
483,13:19:43,3.94,0.0,100,39400,卖盘
484,13:20:46,3.94,0.0,2,788,卖盘
485,13:21:06,3.95,0.01,3,1185,买盘
486,13:22:49,3.95,0.0,20,7900,买盘
487,13:23:51,3.95,0.0,3,1185,买盘
488,13:24:10,3.95,0.0,129,50955,买盘
489,13:24:42,3.94,-0.01,93,36642,卖盘
490,13:24:48,3.94,0.0,2,788,买盘
491,13:24:51,3.94,0.0,8,3152,买盘
492,13:25:01,3.93,-0.01,39,15327,卖盘
493,13:25:31,3.93,0.0,1,393,卖盘
494,13:25:54,3.93,0.0,3,1179,卖盘
495,13:26:01,3.93,0.0,1,393,卖盘
496,13:26:07,3.94,0.01,5,1970,买盘
497,13:26:54,3.94,0.0,24,9456,买盘
498,13:27:22,3.94,0.0,2,788,买盘
499,13:27:43,3.94,0.0,40,15760,买盘
500,13:27:49,3.94,0.0,82,32308,买盘
501,13:28:13,3.93,-0.01,24,9436,卖盘
502,13:28:22,3.93,0.0,12,4716,卖盘
503,13:29:16,3.93,0.0,5,1965,卖盘
504,13:29:22,3.94,0.01,9,3546,买盘
505,13:29:51,3.93,-0.01,20,7860,卖盘
506,13:30:10,3.94,0.01,10,3940,买盘
507,13:30:13,3.93,-0.01,2,786,卖盘
508,13:30:16,3.93,0.0,10,3930,卖盘
509,13:30:48,3.94,0.01,3,1182,买盘
510,13:30:51,3.94,0.0,10,3940,买盘
511,13:31:45,3.93,-0.01,2,786,卖盘
512,13:31:49,3.94,0.01,5,1970,买盘
513,13:31:55,3.93,-0.01,1,393,卖盘
514,13:32:06,3.93,0.0,98,38514,卖盘
515,13:32:09,3.93,0.0,3,1179,卖盘
516,13:32:18,3.93,0.0,146,57378,卖盘
517,13:33:15,3.94,0.01,7,2758,买盘
518,13:33:19,3.93,-0.01,17,6681,卖盘
519,13:34:18,3.93,0.0,5,1965,卖盘
520,13:34:42,3.93,0.0,151,59343,卖盘
521,13:34:58,3.93,0.0,62,24366,卖盘
522,13:35:04,3.93,0.0,32,12576,卖盘
523,13:35:07,3.93,0.0,28,11004,卖盘
524,13:35:33,3.93,0.0,14,5502,卖盘
525,13:35:58,3.94,0.01,4,1576,买盘
526,13:36:07,3.93,-0.01,5,1965,卖盘
527,13:36:09,3.94,0.01,124,48856,买盘
528,13:36:16,3.93,-0.01,3,1179,卖盘
529,13:36:34,3.93,0.0,700,275100,卖盘
530,13:36:37,3.93,0.0,11,4323,卖盘
531,13:36:43,3.93,0.0,27,10611,卖盘
532,13:36:46,3.93,0.0,100,39300,卖盘
533,13:37:04,3.94,0.01,12,4728,买盘
534,13:37:07,3.93,-0.01,3,1179,卖盘
535,13:38:13,3.93,0.0,7,2751,卖盘
536,13:38:31,3.93,0.0,10,3930,卖盘
537,13:38:37,3.94,0.01,287,113078,买盘
538,13:38:46,3.94,0.0,11,4334,卖盘
539,13:39:16,3.95,0.01,100,39500,买盘
540,13:39:22,3.94,-0.01,12,4728,卖盘
541,13:39:36,3.95,0.01,147,57935,买盘
542,13:39:42,3.94,-0.01,9,3546,卖盘
543,13:39:46,3.94,0.0,27,10638,卖盘
544,13:40:06,3.93,-0.01,9,3537,卖盘
545,13:40:16,3.93,0.0,2,786,卖盘
546,13:40:40,3.93,0.0,6,2358,卖盘
547,13:40:49,3.93,0.0,339,133227,卖盘
548,13:40:51,3.93,0.0,199,78207,卖盘
549,13:41:18,3.92,-0.01,11,4322,卖盘
550,13:41:43,3.92,0.0,120,47040,卖盘
551,13:41:46,3.92,0.0,9,3528,卖盘
552,13:41:52,3.92,0.0,1,392,卖盘
553,13:42:06,3.92,0.0,35,13720,卖盘
554,13:42:16,3.92,0.0,1,392,卖盘
555,13:42:22,3.92,0.0,2,784,卖盘
556,13:42:25,3.93,0.01,5,1965,买盘
557,13:43:18,3.92,-0.01,17,6664,卖盘
558,13:43:27,3.92,0.0,301,117992,卖盘
559,13:43:34,3.92,0.0,9,3528,卖盘
560,13:43:36,3.92,0.0,27,10584,卖盘
561,13:43:39,3.93,0.01,6,2358,买盘
562,13:44:07,3.93,0.0,4,1572,买盘
563,13:44:19,3.93,0.0,141,55413,买盘
564,13:44:21,3.93,0.0,10,3930,买盘
565,13:44:25,3.92,-0.01,2,784,卖盘
566,13:44:39,3.92,0.0,8,3136,卖盘
567,13:44:46,3.93,0.01,194,76242,买盘
568,13:44:54,3.92,-0.01,181,70952,卖盘
569,13:45:01,3.93,0.01,8,3144,买盘
570,13:45:13,3.93,0.0,2,786,卖盘
571,13:45:25,3.93,0.0,1,393,卖盘
572,13:45:39,3.93,0.0,10,3930,卖盘
573,13:45:58,3.94,0.01,4,1576,买盘
574,13:46:13,3.93,-0.01,2,786,卖盘
575,13:46:16,3.94,0.01,8,3152,买盘
576,13:46:46,3.93,-0.01,2,786,卖盘
577,13:46:55,3.93,0.0,1,393,卖盘
578,13:47:10,3.93,0.0,1,393,卖盘
579,13:47:31,3.93,0.0,10,3930,卖盘
580,13:47:39,3.94,0.01,32,12608,买盘
581,13:48:16,3.93,-0.01,200,78600,卖盘
582,13:48:25,3.93,0.0,2,786,卖盘
583,13:48:49,3.94,0.01,15,5910,买盘
584,13:49:15,3.93,-0.01,50,19650,卖盘
585,13:49:22,3.93,0.0,1,393,卖盘
586,13:49:34,3.94,0.01,8,3152,买盘
587,13:49:46,3.94,0.0,100,39400,买盘
588,13:50:04,3.93,-0.01,5,1965,卖盘
589,13:50:10,3.93,0.0,2,786,卖盘
590,13:50:46,3.93,0.0,295,115935,卖盘
591,13:51:16,3.93,0.0,94,36942,卖盘
592,13:51:25,3.92,-0.01,2,784,卖盘
593,13:51:31,3.92,0.0,6,2352,卖盘
594,13:52:06,3.92,0.0,2,784,卖盘
595,13:52:16,3.92,0.0,1,392,卖盘
596,13:52:28,3.93,0.01,10,3930,买盘
597,13:52:40,3.92,-0.01,18,7056,卖盘
598,13:52:52,3.93,0.01,30,11790,买盘
599,13:53:16,3.92,-0.01,2,784,卖盘
600,13:53:19,3.92,0.0,9,3528,卖盘
601,13:53:42,3.92,0.0,17,6664,卖盘
602,13:53:52,3.93,0.01,10,3930,买盘
603,13:54:10,3.93,0.0,5,1965,买盘
604,13:54:22,3.92,-0.01,1,392,卖盘
605,13:54:46,3.92,0.0,17,6674,卖盘
606,13:55:07,3.93,0.01,47,18471,买盘
607,13:55:13,3.92,-0.01,2,784,卖盘
608,13:55:16,3.93,0.01,26,10218,买盘
609,13:55:22,3.93,0.0,6,2358,买盘
610,13:55:31,3.92,-0.01,2,784,卖盘
611,13:55:34,3.92,0.0,6,2352,卖盘
612,13:55:37,3.93,0.01,30,11790,买盘
613,13:55:46,3.93,0.0,10,3930,买盘
614,13:55:48,3.92,-0.01,2,784,卖盘
615,13:56:01,3.92,0.0,4,1568,卖盘
616,13:56:09,3.92,0.0,2,784,卖盘
617,13:56:37,3.93,0.01,12,4716,买盘
618,13:56:43,3.93,0.0,10,3930,买盘
619,13:56:46,3.92,-0.01,2,784,卖盘
620,13:56:49,3.93,0.01,70,27510,买盘
621,13:56:52,3.92,-0.01,1,392,卖盘
622,13:57:04,3.93,0.01,10,3930,买盘
623,13:57:09,3.93,0.0,7,2751,买盘
624,13:57:22,3.92,-0.01,22,8624,卖盘
625,13:57:25,3.92,0.0,1,392,卖盘
626,13:57:28,3.93,0.01,9,3537,买盘
627,13:57:33,3.92,-0.01,4,1568,卖盘
628,13:57:55,3.93,0.01,43,16899,买盘
629,13:58:04,3.93,0.0,67,26331,买盘
630,13:58:10,3.93,0.0,25,9849,卖盘
631,13:58:43,3.93,0.0,5,1965,卖盘
632,13:58:49,3.93,0.0,1,393,卖盘
633,13:58:57,3.93,0.0,23,9039,卖盘
634,13:59:07,3.93,0.0,20,7860,卖盘
635,13:59:13,3.93,0.0,20,7860,卖盘
636,13:59:25,3.93,0.0,2,786,卖盘
637,13:59:43,3.93,0.0,1,393,卖盘
638,14:00:01,3.93,0.0,5,1965,卖盘
639,14:00:13,3.93,0.0,3,1179,卖盘
640,14:00:16,3.93,0.0,3,1179,卖盘
641,14:00:19,3.93,0.0,6,2358,卖盘
642,14:00:25,3.93,0.0,1,393,卖盘
643,14:00:33,3.94,0.01,1,394,买盘
644,14:00:39,3.93,-0.01,1,393,卖盘
645,14:01:13,3.93,0.0,1,393,卖盘
646,14:01:37,3.93,0.0,7,2751,卖盘
647,14:01:43,3.93,0.0,1,393,卖盘
648,14:01:49,3.93,0.0,2,786,卖盘
649,14:01:55,3.93,0.0,1,393,卖盘
650,14:02:04,3.93,0.0,15,5895,卖盘
651,14:02:22,3.94,0.01,65,25610,买盘
652,14:02:31,3.93,-0.01,1,393,卖盘
653,14:02:34,3.94,0.01,20,7880,买盘
654,14:02:45,3.93,-0.01,6,2363,卖盘
655,14:02:58,3.93,0.0,20,7860,卖盘
656,14:03:12,3.93,0.0,1,393,卖盘
657,14:03:49,3.93,0.0,1,393,卖盘
658,14:03:54,3.93,0.0,15,5895,卖盘
659,14:04:13,3.93,0.0,1,393,卖盘
660,14:04:19,3.93,0.0,5,1965,卖盘
661,14:04:37,3.93,0.0,18,7074,卖盘
662,14:04:46,3.93,0.0,61,23973,卖盘
663,14:05:07,3.93,0.0,11,4325,卖盘
664,14:05:16,3.93,0.0,6,2358,卖盘
665,14:05:19,3.92,-0.01,260,102168,卖盘
666,14:05:31,3.92,0.0,55,21590,卖盘
667,14:05:46,3.92,0.0,98,38416,卖盘
668,14:05:52,3.93,0.01,50,19650,买盘
669,14:06:16,3.92,-0.01,1,392,卖盘
670,14:06:37,3.92,0.0,50,19600,卖盘
671,14:06:46,3.92,0.0,1,392,卖盘
672,14:06:48,3.92,0.0,10,3920,卖盘
673,14:07:07,3.92,0.0,3,1176,卖盘
674,14:07:12,3.92,0.0,9,3528,卖盘
675,14:07:21,3.92,0.0,25,9800,卖盘
676,14:07:25,3.93,0.01,2,786,买盘
677,14:07:28,3.93,0.0,159,62353,买盘
678,14:07:36,3.92,-0.01,10,3920,卖盘
679,14:07:46,3.92,0.0,255,99960,卖盘
680,14:07:48,3.92,0.0,15,5880,卖盘
681,14:07:52,3.92,0.0,45,17640,卖盘
682,14:07:58,3.92,0.0,260,101920,卖盘
683,14:08:01,3.92,0.0,289,113288,卖盘
684,14:08:07,3.92,0.0,82,32144,卖盘
685,14:08:13,3.92,0.0,57,22344,卖盘
686,14:08:22,3.92,0.0,4,1568,卖盘
687,14:08:25,3.92,0.0,26,10192,卖盘
688,14:08:34,3.92,0.0,21,8232,卖盘
689,14:08:40,3.92,0.0,7,2744,卖盘
690,14:08:45,3.92,0.0,63,24696,卖盘
691,14:08:48,3.92,0.0,18,7056,卖盘
692,14:08:58,3.92,0.0,34,13338,卖盘
693,14:09:01,3.92,0.0,15,5880,卖盘
694,14:09:04,3.92,0.0,12,4704,卖盘
695,14:09:07,3.92,0.0,21,8232,卖盘
696,14:09:25,3.92,0.0,1,392,卖盘
697,14:09:31,3.93,0.01,10,3930,买盘
698,14:09:52,3.92,-0.01,9,3528,卖盘
699,14:10:06,3.92,0.0,1,392,卖盘
700,14:10:39,3.93,0.01,10,3930,买盘
701,14:10:46,3.92,-0.01,1,392,卖盘
702,14:10:49,3.92,0.0,11,4312,卖盘
703,14:10:58,3.92,0.0,750,294000,卖盘
704,14:11:01,3.92,0.0,75,29400,卖盘
705,14:11:12,3.91,-0.01,4,1564,卖盘
706,14:11:15,3.92,0.01,70,27440,买盘
707,14:11:19,3.92,0.0,25,9800,买盘
708,14:11:28,3.92,0.0,45,17640,买盘
709,14:11:37,3.92,0.0,18,7049,买盘
710,14:11:43,3.92,0.0,25,9800,买盘
711,14:11:46,3.91,-0.01,2,782,卖盘
712,14:11:52,3.91,0.0,1,391,卖盘
713,14:11:57,3.92,0.01,50,19600,买盘
714,14:12:01,3.92,0.0,10,3920,买盘
715,14:12:04,3.91,-0.01,100,39100,卖盘
716,14:12:07,3.92,0.01,8,3136,买盘
717,14:12:19,3.91,-0.01,1,391,卖盘
718,14:12:46,3.91,0.0,15,5865,卖盘
719,14:12:54,3.92,0.01,13,5096,买盘
720,14:13:00,3.92,0.0,10,3920,买盘
721,14:13:07,3.91,-0.01,165,64515,卖盘
722,14:13:25,3.93,0.02,49,19218,买盘
723,14:13:31,3.92,-0.01,31,12152,卖盘
724,14:13:37,3.92,0.0,3,1176,卖盘
725,14:13:40,3.92,0.0,1,392,卖盘
726,14:13:45,3.92,0.0,28,10976,卖盘
727,14:14:01,3.93,0.01,30,11790,买盘
728,14:14:19,3.92,-0.01,1,392,卖盘
729,14:14:31,3.92,0.0,1,392,卖盘
730,14:15:19,3.92,0.0,6,2357,卖盘
731,14:15:45,3.92,0.0,165,64680,卖盘
732,14:15:58,3.91,-0.01,26,10191,卖盘
733,14:16:18,3.92,0.01,37,14504,买盘
734,14:16:34,3.92,0.0,1167,456304,买盘
735,14:16:40,3.91,-0.01,119,46529,卖盘
736,14:16:43,3.92,0.01,39,15257,买盘
737,14:16:46,3.9,-0.02,1,390,卖盘
738,14:16:52,3.91,0.01,1,391,卖盘
739,14:17:04,3.92,0.01,1,392,买盘
740,14:17:25,3.91,-0.01,10,3919,卖盘
741,14:18:16,3.91,0.0,1,391,卖盘
742,14:18:58,3.92,0.01,20,7840,买盘
743,14:19:04,3.91,-0.01,1,391,卖盘
744,14:19:10,3.91,0.0,456,178296,卖盘
745,14:19:16,3.91,0.0,20,7820,买盘
746,14:19:28,3.9,-0.01,2,780,卖盘
747,14:19:31,3.91,0.01,10,3910,买盘
748,14:19:36,3.91,0.0,8,3128,卖盘
749,14:19:40,3.9,-0.01,1775,692332,卖盘
750,14:19:46,3.89,-0.01,1,389,卖盘
751,14:19:51,3.91,0.02,50,19550,买盘
752,14:20:00,3.9,-0.01,4,1560,卖盘
753,14:20:10,3.91,0.01,58,22638,买盘
754,14:20:12,3.9,-0.01,33,12870,卖盘
755,14:20:25,3.89,-0.01,1,389,卖盘
756,14:20:27,3.89,0.0,31,12062,卖盘
757,14:20:37,3.89,0.0,6,2334,卖盘
758,14:20:40,3.9,0.01,50,19500,买盘
759,14:20:43,3.9,0.0,9,3510,买盘
760,14:21:01,3.89,-0.01,200,77960,卖盘
761,14:21:25,3.9,0.01,54,21060,卖盘
762,14:21:40,3.9,0.0,8,3120,买盘
763,14:21:42,3.89,-0.01,6,2334,卖盘
764,14:21:46,3.9,0.01,39,15210,买盘
765,14:21:57,3.9,0.0,50,19500,卖盘
766,14:22:04,3.9,0.0,1,390,卖盘
767,14:22:07,3.9,0.0,3,1170,卖盘
768,14:22:13,3.9,0.0,13,5070,卖盘
769,14:22:28,3.9,0.0,1,390,卖盘
770,14:22:34,3.91,0.01,19,7429,买盘
771,14:22:46,3.91,0.0,12,4692,买盘
772,14:22:52,3.9,-0.01,1,390,卖盘
773,14:22:58,3.91,0.01,20,7820,买盘
774,14:23:07,3.9,-0.01,160,62400,卖盘
775,14:23:10,3.9,0.0,148,57720,卖盘
776,14:23:12,3.9,0.0,6,2340,买盘
777,14:23:25,3.9,0.0,2,780,买盘
778,14:23:45,3.89,-0.01,11,4289,卖盘
779,14:23:49,3.9,0.01,4,1560,买盘
780,14:24:04,3.89,-0.01,90,35010,卖盘
781,14:24:19,3.89,0.0,1,389,卖盘
782,14:24:21,3.89,0.0,18,7002,卖盘
783,14:24:25,3.89,0.0,150,58350,卖盘
784,14:24:28,3.89,0.0,3,1167,卖盘
785,14:24:31,3.89,0.0,157,61073,卖盘
786,14:24:34,3.89,0.0,20,7780,卖盘
787,14:24:40,3.89,0.0,50,19450,卖盘
788,14:24:49,3.89,0.0,176,68464,卖盘
789,14:24:51,3.89,0.0,10,3890,卖盘
790,14:24:55,3.89,0.0,100,38900,卖盘
791,14:25:00,3.89,0.0,1,389,卖盘
792,14:25:04,3.89,0.0,69,26841,卖盘
793,14:25:13,3.88,-0.01,13,5044,卖盘
794,14:25:31,3.89,0.01,1,389,买盘
795,14:25:34,3.89,0.0,81,31429,买盘
796,14:25:37,3.88,-0.01,366,142008,卖盘
797,14:25:49,3.87,-0.01,2,774,卖盘
798,14:25:55,3.88,0.01,3,1164,买盘
799,14:25:58,3.88,0.0,10,3880,买盘
800,14:26:00,3.88,0.0,3,1164,买盘
801,14:26:04,3.88,0.0,5,1940,买盘
802,14:26:09,3.88,0.0,206,79928,买盘
803,14:26:12,3.88,0.0,14,5432,买盘
804,14:26:16,3.88,0.0,7,2716,买盘
805,14:26:25,3.88,0.0,42,16296,买盘
806,14:26:28,3.88,0.0,169,65572,买盘
807,14:26:37,3.88,0.0,1,388,卖盘
808,14:26:49,3.89,0.01,7,2723,买盘
809,14:26:52,3.89,0.0,10,3889,买盘
810,14:26:55,3.89,0.0,10,3890,买盘
811,14:27:01,3.88,-0.01,185,71789,卖盘
812,14:27:12,3.89,0.01,1,389,卖盘
813,14:27:16,3.89,0.0,18,7002,卖盘
814,14:27:22,3.89,0.0,8,3112,卖盘
815,14:27:25,3.89,0.0,282,109698,卖盘
816,14:27:27,3.88,-0.01,12,4656,卖盘
817,14:27:37,3.89,0.01,5,1945,买盘
818,14:27:39,3.88,-0.01,1206,467928,卖盘
819,14:27:43,3.88,0.0,91,35302,买盘
820,14:27:49,3.88,0.0,30,11640,买盘
821,14:27:58,3.88,0.0,1,388,买盘
822,14:28:01,3.88,0.0,28,10864,买盘
823,14:28:13,3.88,0.0,1,388,卖盘
824,14:28:21,3.89,0.01,5,1945,买盘
825,14:28:25,3.89,0.0,79,30731,买盘
826,14:28:28,3.88,-0.01,25,9724,卖盘
827,14:28:40,3.89,0.01,38,14782,卖盘
828,14:29:19,3.89,0.0,14,5437,中性盘
829,14:29:25,3.89,0.0,6,2334,卖盘
830,14:29:28,3.89,0.0,6,2334,卖盘
831,14:29:37,3.89,0.0,100,38900,买盘
832,14:29:48,3.89,0.0,5,1945,买盘
833,14:30:06,3.88,-0.01,1,388,卖盘
834,14:30:09,3.89,0.01,2,778,买盘
835,14:30:28,3.89,0.0,50,19450,买盘
836,14:30:31,3.89,0.0,6,2333,买盘
837,14:30:36,3.89,0.0,1,389,买盘
838,14:30:49,3.89,0.0,200,77800,买盘
839,14:30:58,3.89,0.0,30,11670,买盘
840,14:31:01,3.89,0.0,62,24118,买盘
841,14:31:13,3.88,-0.01,3,1164,卖盘
842,14:31:28,3.89,0.01,20,7780,卖盘
843,14:31:36,3.88,-0.01,17,6596,卖盘
844,14:31:40,3.89,0.01,100,38900,买盘
845,14:31:43,3.89,0.0,67,26063,买盘
846,14:31:49,3.88,-0.01,20,7779,卖盘
847,14:31:55,3.88,0.0,20,7760,卖盘
848,14:32:00,3.9,0.02,54,21056,买盘
849,14:32:04,3.89,-0.01,8,3112,买盘
850,14:32:07,3.89,0.0,9,3501,买盘
851,14:32:16,3.9,0.01,20,7800,买盘
852,14:32:22,3.89,-0.01,23,8947,卖盘
853,14:32:25,3.9,0.01,50,19500,买盘
854,14:32:28,3.89,-0.01,5,1945,卖盘
855,14:32:31,3.9,0.01,30,11700,买盘
856,14:32:34,3.89,-0.01,10,3890,卖盘
857,14:32:43,3.89,0.0,28,10892,卖盘
858,14:32:49,3.89,0.0,16,6233,卖盘
859,14:33:06,3.89,0.0,20,7780,卖盘
860,14:33:10,3.89,0.0,100,38900,卖盘
861,14:33:13,3.9,0.01,38,14820,买盘
862,14:33:16,3.89,-0.01,100,38900,卖盘
863,14:33:21,3.9,0.01,8,3120,买盘
864,14:33:40,3.9,0.0,69,26910,买盘
865,14:33:43,3.9,0.0,10,3900,买盘
866,14:33:48,3.9,0.0,5,1950,买盘
867,14:33:52,3.9,0.0,23,8970,买盘
868,14:34:10,3.9,0.0,21,8170,买盘
869,14:34:16,3.9,0.0,11,4290,买盘
870,14:34:28,3.89,-0.01,30,11670,卖盘
871,14:34:34,3.9,0.01,38,14820,买盘
872,14:35:01,3.9,0.0,4,1560,买盘
873,14:35:04,3.9,0.0,23,8970,买盘
874,14:35:07,3.9,0.0,10,3900,买盘
875,14:35:25,3.89,-0.01,28,10912,卖盘
876,14:35:34,3.9,0.01,30,11700,买盘
877,14:35:43,3.89,-0.01,6,2334,卖盘
878,14:35:46,3.9,0.01,24,9360,买盘
879,14:35:52,3.9,0.0,100,39000,卖盘
880,14:36:01,3.9,0.0,41,15990,卖盘
881,14:36:07,3.9,0.0,9,3510,买盘
882,14:36:10,3.9,0.0,5,1950,卖盘
883,14:36:22,3.91,0.01,33,12900,买盘
884,14:36:28,3.9,-0.01,5,1950,卖盘
885,14:36:30,3.9,0.0,21,8190,卖盘
886,14:36:37,3.9,0.0,90,35100,卖盘
887,14:36:43,3.9,0.0,2,780,卖盘
888,14:36:49,3.91,0.01,1,391,买盘
889,14:36:52,3.9,-0.01,30,11700,卖盘
890,14:36:54,3.9,0.0,19,7410,卖盘
891,14:37:10,3.9,0.0,100,39000,卖盘
892,14:37:22,3.9,0.0,204,79560,卖盘
893,14:37:34,3.9,0.0,9,3510,卖盘
894,14:37:52,3.89,-0.01,1,389,卖盘
895,14:37:55,3.89,0.0,100,38900,卖盘
896,14:38:09,3.89,0.0,8,3112,卖盘
897,14:38:34,3.89,0.0,100,38900,卖盘
898,14:38:40,3.89,0.0,69,26841,卖盘
899,14:38:43,3.89,0.0,20,7780,卖盘
900,14:38:46,3.89,0.0,60,23340,卖盘
901,14:38:54,3.89,0.0,5,1945,卖盘
902,14:39:21,3.89,0.0,21,8175,卖盘
903,14:40:12,3.89,0.0,5,1945,卖盘
904,14:40:16,3.89,0.0,8,3112,卖盘
905,14:40:19,3.9,0.01,9,3510,买盘
906,14:40:28,3.89,-0.01,1,389,卖盘
907,14:40:31,3.89,0.0,248,96472,卖盘
908,14:40:49,3.89,0.0,10,3890,买盘
909,14:40:52,3.88,-0.01,128,49765,卖盘
910,14:40:55,3.88,0.0,1,388,卖盘
911,14:41:07,3.9,0.02,106,41228,买盘
912,14:41:16,3.89,-0.01,10,3890,卖盘
913,14:41:19,3.89,0.0,82,31898,卖盘
914,14:41:31,3.89,0.0,116,45124,卖盘
915,14:41:40,3.89,0.0,5,1945,买盘
916,14:41:43,3.89,0.0,8,3112,买盘
917,14:41:58,3.88,-0.01,46,17848,卖盘
918,14:42:01,3.89,0.01,116,45124,买盘
919,14:42:16,3.89,0.0,25,9725,卖盘
920,14:42:28,3.89,0.0,47,18283,卖盘
921,14:42:37,3.89,0.0,50,19450,卖盘
922,14:42:49,3.89,0.0,52,20228,卖盘
923,14:42:55,3.89,0.0,76,29564,卖盘
924,14:43:10,3.89,0.0,50,19450,买盘
925,14:43:19,3.89,0.0,56,21784,买盘
926,14:43:22,3.89,0.0,7,2723,卖盘
927,14:43:25,3.89,0.0,51,19839,卖盘
928,14:43:34,3.89,0.0,92,35788,卖盘
929,14:43:40,3.9,0.01,1,390,买盘
930,14:43:43,3.89,-0.01,63,24510,卖盘
931,14:44:01,3.88,-0.01,50,19400,卖盘
932,14:44:04,3.89,0.01,18,7002,买盘
933,14:44:07,3.89,0.0,16,6224,买盘
934,14:44:19,3.88,-0.01,25,9700,卖盘
935,14:44:25,3.89,0.01,5,1945,买盘
936,14:44:28,3.89,0.0,100,38900,买盘
937,14:44:34,3.89,0.0,2,778,买盘
938,14:44:45,3.88,-0.01,252,97776,卖盘
939,14:44:52,3.88,0.0,9,3492,卖盘
940,14:45:00,3.89,0.01,6,2334,买盘
941,14:45:18,3.88,-0.01,60,23280,卖盘
942,14:45:22,3.89,0.01,34,13226,买盘
943,14:45:31,3.89,0.0,41,15949,买盘
944,14:45:37,3.89,0.0,5,1945,买盘
945,14:46:01,3.89,0.0,10,3890,买盘
946,14:46:04,3.89,0.0,10,3890,买盘
947,14:46:16,3.89,0.0,57,22173,买盘
948,14:46:34,3.9,0.01,10,3900,买盘
949,14:46:40,3.9,0.0,10,3900,买盘
950,14:46:43,3.89,-0.01,146,56794,卖盘
951,14:47:16,3.89,0.0,474,184386,卖盘
952,14:47:19,3.89,0.0,1,389,买盘
953,14:47:31,3.89,0.0,46,17894,买盘
954,14:47:34,3.89,0.0,10,3890,买盘
955,14:47:37,3.89,0.0,11,4279,买盘
956,14:47:46,3.89,0.0,77,29953,买盘
957,14:47:49,3.88,-0.01,48,18627,卖盘
958,14:47:58,3.88,0.0,79,30672,卖盘
959,14:48:01,3.89,0.01,10,3890,卖盘
960,14:48:13,3.89,0.0,78,30342,买盘
961,14:48:19,3.89,0.0,102,39678,买盘
962,14:48:22,3.89,0.0,24,9318,买盘
963,14:48:25,3.89,0.0,17,6613,买盘
964,14:49:13,3.9,0.01,9,3510,买盘
965,14:49:22,3.89,-0.01,20,7780,卖盘
966,14:49:28,3.89,0.0,17,6613,卖盘
967,14:49:31,3.9,0.01,12,4680,买盘
968,14:49:34,3.89,-0.01,52,20228,卖盘
969,14:49:49,3.9,0.01,12,4680,买盘
970,14:50:04,3.9,0.0,10,3900,买盘
971,14:50:22,3.89,-0.01,484,188276,卖盘
972,14:50:28,3.89,0.0,35,13615,买盘
973,14:50:31,3.89,0.0,16,6224,买盘
974,14:50:37,3.89,0.0,9,3501,卖盘
975,14:50:57,3.89,0.0,20,7780,买盘
976,14:51:04,3.89,0.0,3,1167,买盘
977,14:51:16,3.89,0.0,10,3890,买盘
978,14:51:34,3.89,0.0,30,11670,买盘
979,14:51:37,3.89,0.0,23,8947,买盘
980,14:51:40,3.89,0.0,60,23340,卖盘
981,14:51:43,3.89,0.0,14,5446,买盘
982,14:51:58,3.88,-0.01,10,3880,卖盘
983,14:52:01,3.89,0.01,14,5446,买盘
984,14:52:04,3.89,0.0,2,778,卖盘
985,14:52:22,3.89,0.0,23,8947,卖盘
986,14:52:28,3.9,0.01,6,2340,买盘
987,14:52:49,3.89,-0.01,525,204725,卖盘
988,14:52:52,3.89,0.0,239,93038,卖盘
989,14:53:01,3.89,0.0,61,23729,买盘
990,14:53:10,3.89,0.0,7,2723,买盘
991,14:53:13,3.89,0.0,30,11670,买盘
992,14:53:25,3.89,0.0,104,40456,买盘
993,14:53:28,3.89,0.0,1,389,卖盘
994,14:53:31,3.89,0.0,74,28786,卖盘
995,14:53:33,3.89,0.0,450,175050,卖盘
996,14:53:46,3.89,0.0,23,8947,买盘
997,14:53:49,3.89,0.0,20,7780,卖盘
998,14:53:55,3.9,0.01,50,19500,买盘
999,14:53:58,3.89,-0.01,142,55238,卖盘
1000,14:54:01,3.89,0.0,1,389,买盘
1001,14:54:04,3.89,0.0,5,1945,买盘
1002,14:54:07,3.89,0.0,10,3890,买盘
1003,14:54:10,3.89,0.0,3,1167,买盘
1004,14:54:16,3.88,-0.01,427,165676,卖盘
1005,14:54:19,3.89,0.01,110,42790,买盘
1006,14:54:22,3.89,0.0,5,1945,买盘
1007,14:54:31,3.89,0.0,5,1945,买盘
1008,14:54:37,3.89,0.0,1,389,买盘
1009,14:54:40,3.89,0.0,8,3112,买盘
1010,14:54:52,3.89,0.0,125,48625,买盘
1011,14:54:58,3.89,0.0,5,1945,卖盘
1012,14:55:01,3.89,0.0,334,129926,卖盘
1013,14:55:10,3.89,0.0,30,11670,买盘
1014,14:55:13,3.89,0.0,50,19450,买盘
1015,14:55:22,3.89,0.0,65,25225,买盘
1016,14:55:28,3.89,0.0,5,1945,买盘
1017,14:55:31,3.89,0.0,3,1167,买盘
1018,14:55:34,3.88,-0.01,198,77007,卖盘
1019,14:55:37,3.89,0.01,43,16727,买盘
1020,14:55:40,3.88,-0.01,10,3880,卖盘
1021,14:55:49,3.89,0.01,120,46680,买盘
1022,14:55:52,3.89,0.0,5,1945,买盘
1023,14:56:01,3.89,0.0,117,45513,买盘
1024,14:56:04,3.88,-0.01,100,38800,卖盘
1025,14:56:07,3.88,0.0,95,36867,卖盘
1026,14:56:16,3.88,0.0,30,11640,卖盘
1027,14:56:19,3.88,0.0,20,7760,卖盘
1028,14:56:22,3.88,0.0,76,29488,卖盘
1029,14:56:28,3.88,0.0,5,1940,卖盘
1030,14:56:34,3.88,0.0,46,17848,卖盘
1031,14:56:37,3.88,0.0,14,5432,卖盘
1032,14:56:46,3.88,0.0,49,19016,卖盘
1033,14:56:49,3.89,0.01,37,14393,买盘
1034,14:56:52,3.89,0.0,20,7780,买盘
1035,15:00:05,3.89,0.0,809,314701,卖盘
