,time,price,change,volume,amount,type
0,09:25:04,7.39,-0.13,762,563118,卖盘
1,09:30:05,7.41,0.02,59,43675,买盘
2,09:30:07,7.41,0.0,240,177862,买盘
3,09:30:13,7.43,0.02,20,14860,卖盘
4,09:30:19,7.45,0.02,6,4470,买盘
5,09:30:22,7.49,0.04,40,29895,买盘
6,09:30:28,7.45,-0.04,92,68540,卖盘
7,09:30:31,7.49,0.04,55,41091,买盘
8,09:30:43,7.49,0.0,9,6739,买盘
9,09:30:46,7.49,0.0,30,22470,买盘
10,09:30:49,7.49,0.0,6,4494,买盘
11,09:30:52,7.48,-0.01,47,35160,卖盘
12,09:30:55,7.49,0.01,68,50925,买盘
13,09:31:04,7.49,0.0,40,29960,卖盘
14,09:31:10,7.49,0.0,16,11984,卖盘
15,09:31:16,7.5,0.01,15,11250,买盘
16,09:31:19,7.49,-0.01,44,32957,卖盘
17,09:31:22,7.5,0.01,45,33720,买盘
18,09:31:28,7.49,-0.01,35,26215,卖盘
19,09:31:31,7.5,0.01,60,44954,买盘
20,09:31:40,7.49,-0.01,11,8239,卖盘
21,09:31:43,7.5,0.01,50,37500,买盘
22,09:31:46,7.5,0.0,47,35219,买盘
23,09:31:52,7.5,0.0,4,3000,卖盘
24,09:31:55,7.5,0.0,42,31500,卖盘
25,09:31:58,7.5,0.0,67,50250,买盘
26,09:32:01,7.5,0.0,53,39731,买盘
27,09:32:04,7.49,-0.01,12,8998,卖盘
28,09:32:07,7.49,0.0,90,67410,买盘
29,09:32:10,7.48,-0.01,313,234137,卖盘
30,09:32:13,7.48,0.0,30,22454,卖盘
31,09:32:16,7.49,0.01,70,52430,买盘
32,09:32:19,7.48,-0.01,70,52372,卖盘
33,09:32:25,7.49,0.01,23,17230,卖盘
34,09:32:28,7.49,0.0,41,30709,卖盘
35,09:32:34,7.49,0.0,5,3745,买盘
36,09:32:37,7.49,0.0,32,23968,买盘
37,09:32:40,7.49,0.0,34,25466,买盘
38,09:32:43,7.49,0.0,70,52430,卖盘
39,09:32:46,7.5,0.01,6,4500,买盘
40,09:32:49,7.5,0.0,46,34500,买盘
41,09:32:55,7.49,-0.01,5,3745,卖盘
42,09:33:01,7.49,0.0,34,25476,卖盘
43,09:33:07,7.49,0.0,6,4494,卖盘
44,09:33:13,7.49,0.0,116,86884,卖盘
45,09:33:16,7.49,0.0,6,4494,买盘
46,09:33:19,7.49,0.0,39,29211,买盘
47,09:33:22,7.49,0.0,19,14231,买盘
48,09:33:28,7.49,0.0,46,34454,买盘
49,09:33:31,7.48,-0.01,624,466772,卖盘
50,09:33:37,7.49,0.01,61,45689,卖盘
51,09:33:40,7.5,0.01,5,3750,买盘
52,09:33:43,7.49,-0.01,14,10486,卖盘
53,09:33:49,7.49,0.0,22,16478,买盘
54,09:33:52,7.49,0.0,13,9737,卖盘
55,09:33:55,7.49,0.0,77,57673,卖盘
56,09:34:01,7.48,-0.01,310,231890,卖盘
57,09:34:04,7.48,0.0,6,4488,卖盘
58,09:34:07,7.48,0.0,35,26180,买盘
59,09:34:10,7.48,0.0,8,5984,买盘
60,09:34:13,7.48,0.0,8,5976,买盘
61,09:34:16,7.48,0.0,5,3740,买盘
62,09:34:19,7.47,-0.01,67,50049,卖盘
63,09:34:22,7.47,0.0,15,11205,买盘
64,09:34:25,7.47,0.0,9,6723,买盘
65,09:34:28,7.47,0.0,13,9711,买盘
66,09:34:31,7.47,0.0,10,7470,买盘
67,09:34:34,7.47,0.0,1,747,买盘
68,09:34:37,7.47,0.0,5,3735,买盘
69,09:34:40,7.47,0.0,11,8217,买盘
70,09:34:43,7.46,-0.01,19,14176,卖盘
71,09:34:46,7.46,0.0,27,20142,买盘
72,09:34:49,7.46,0.0,51,38046,买盘
73,09:34:52,7.46,0.0,27,20142,买盘
74,09:34:55,7.46,0.0,17,12682,买盘
75,09:34:58,7.45,-0.01,30,22361,卖盘
76,09:35:00,7.47,0.02,10,7467,买盘
77,09:35:04,7.47,0.0,33,24651,买盘
78,09:35:07,7.47,0.0,19,14193,买盘
79,09:35:10,7.47,0.0,8,5976,买盘
80,09:35:13,7.48,0.01,10,7480,买盘
81,09:35:16,7.47,-0.01,19,14194,卖盘
82,09:35:22,7.47,0.0,24,17928,卖盘
83,09:35:25,7.48,0.01,13,9724,买盘
84,09:35:27,7.48,0.0,25,18700,买盘
85,09:35:31,7.48,0.0,15,11220,买盘
86,09:35:34,7.48,0.0,85,63580,买盘
87,09:35:37,7.48,0.0,100,74800,卖盘
88,09:35:46,7.49,0.01,20,14980,买盘
89,09:35:49,7.48,-0.01,71,53178,卖盘
90,09:35:52,7.49,0.01,12,8978,买盘
91,09:35:55,7.49,0.0,7,5243,买盘
92,09:36:01,7.49,0.0,5,3745,买盘
93,09:36:04,7.49,0.0,12,8988,买盘
94,09:36:07,7.49,0.0,12,8978,买盘
95,09:36:10,7.49,0.0,30,22470,买盘
96,09:36:13,7.49,0.0,10,7490,买盘
97,09:36:16,7.49,0.0,20,14980,买盘
98,09:36:19,7.48,-0.01,15,11223,卖盘
99,09:36:22,7.49,0.01,10,7490,买盘
100,09:36:25,7.48,-0.01,85,63595,卖盘
101,09:36:28,7.49,0.01,40,29960,买盘
102,09:36:31,7.49,0.0,6,4494,买盘
103,09:36:34,7.49,0.0,76,56894,买盘
104,09:36:37,7.49,0.0,13,9737,买盘
105,09:36:40,7.48,-0.01,142,106255,卖盘
106,09:36:43,7.48,0.0,4,2992,卖盘
107,09:36:55,7.48,0.0,20,14960,卖盘
108,09:36:58,7.49,0.01,8,5992,买盘
109,09:37:04,7.48,-0.01,68,50864,卖盘
110,09:37:07,7.48,0.0,290,216930,卖盘
111,09:37:13,7.47,-0.01,1,747,卖盘
112,09:37:19,7.47,0.0,97,72459,卖盘
113,09:37:25,7.47,0.0,42,31361,买盘
114,09:37:28,7.47,0.0,25,18653,买盘
115,09:37:31,7.46,-0.01,51,38046,卖盘
116,09:37:34,7.45,-0.01,86,64074,卖盘
117,09:37:36,7.46,0.01,34,25364,买盘
118,09:37:40,7.46,0.0,10,7460,买盘
119,09:37:43,7.46,0.0,63,46938,买盘
120,09:37:46,7.46,0.0,10,7460,买盘
121,09:37:49,7.45,-0.01,37,27565,卖盘
122,09:37:52,7.45,0.0,2,1490,买盘
123,09:37:55,7.45,0.0,3,2235,买盘
124,09:37:58,7.45,0.0,3,2235,买盘
125,09:38:01,7.46,0.01,62,46225,买盘
126,09:38:07,7.45,-0.01,14,10430,卖盘
127,09:38:10,7.46,0.01,2,1492,买盘
128,09:38:13,7.46,0.0,30,22380,买盘
129,09:38:16,7.46,0.0,20,14920,卖盘
130,09:38:19,7.46,0.0,7,5222,卖盘
131,09:38:22,7.46,0.0,4,2984,卖盘
132,09:38:25,7.46,0.0,21,15666,卖盘
133,09:38:28,7.46,0.0,32,23872,卖盘
134,09:38:34,7.47,0.01,5,3735,买盘
135,09:38:37,7.47,0.0,3,2241,买盘
136,09:38:43,7.46,-0.01,16,11942,卖盘
137,09:38:46,7.47,0.01,7,5229,买盘
138,09:38:52,7.46,-0.01,3,2238,卖盘
139,09:38:55,7.47,0.01,27,20169,买盘
140,09:39:01,7.47,0.0,94,70130,买盘
141,09:39:04,7.47,0.0,10,7470,买盘
142,09:39:10,7.46,-0.01,63,46998,卖盘
143,09:39:16,7.47,0.01,3,2241,买盘
144,09:39:19,7.47,0.0,148,110483,买盘
145,09:39:25,7.47,0.0,39,29133,卖盘
146,09:39:28,7.48,0.01,23,17204,买盘
147,09:39:40,7.48,0.0,5,3740,买盘
148,09:39:43,7.47,-0.01,1,747,卖盘
149,09:39:49,7.48,0.01,7,5236,买盘
150,09:39:52,7.47,-0.01,18,13446,卖盘
151,09:39:58,7.47,0.0,21,15687,卖盘
152,09:40:01,7.47,0.0,7,5229,买盘
153,09:40:04,7.47,0.0,27,20169,买盘
154,09:40:10,7.47,0.0,48,35876,卖盘
155,09:40:13,7.47,0.0,2,1494,卖盘
156,09:40:16,7.47,0.0,3,2241,卖盘
157,09:40:22,7.45,-0.02,88,65665,卖盘
158,09:40:28,7.48,0.03,25,18680,买盘
159,09:40:43,7.48,0.0,10,7480,买盘
160,09:40:46,7.48,0.0,7,5236,买盘
161,09:40:54,7.48,0.0,12,8976,买盘
162,09:40:58,7.48,0.0,15,11220,买盘
163,09:41:04,7.48,0.0,53,39644,买盘
164,09:41:10,7.48,0.0,67,50116,买盘
165,09:41:13,7.48,0.0,12,8970,买盘
166,09:41:15,7.48,0.0,8,5984,买盘
167,09:41:22,7.47,-0.01,63,47121,卖盘
168,09:41:25,7.48,0.01,24,17952,买盘
169,09:41:46,7.49,0.01,10,7490,买盘
170,09:41:49,7.48,-0.01,2,1496,卖盘
171,09:42:10,7.49,0.01,1,749,买盘
172,09:42:28,7.48,-0.01,24,17952,卖盘
173,09:42:31,7.48,0.0,49,36652,卖盘
174,09:42:40,7.49,0.01,9,6741,买盘
175,09:42:49,7.49,0.0,20,14980,买盘
176,09:42:52,7.49,0.0,71,53179,买盘
177,09:43:13,7.5,0.01,53,39746,买盘
178,09:43:25,7.5,0.0,10,7500,买盘
179,09:43:28,7.5,0.0,9,6750,买盘
180,09:43:31,7.5,0.0,105,78750,买盘
181,09:43:37,7.5,0.0,2,1500,买盘
182,09:43:40,7.5,0.0,1,750,买盘
183,09:43:42,7.49,-0.01,30,22470,卖盘
184,09:43:46,7.5,0.01,104,77918,买盘
185,09:43:52,7.49,-0.01,5,3745,卖盘
186,09:43:55,7.5,0.01,13,9750,买盘
187,09:44:01,7.5,0.0,13,9750,买盘
188,09:44:10,7.5,0.0,134,100488,买盘
189,09:44:16,7.5,0.0,5,3750,买盘
190,09:44:18,7.5,0.0,30,22500,买盘
191,09:44:25,7.5,0.0,108,81000,买盘
192,09:44:37,7.5,0.0,2,1500,卖盘
193,09:44:43,7.51,0.01,50,37550,买盘
194,09:44:46,7.51,0.0,5,3755,买盘
195,09:44:52,7.51,0.0,16,12016,买盘
196,09:44:58,7.5,-0.01,206,154597,卖盘
197,09:45:04,7.51,0.01,30,22530,卖盘
198,09:45:07,7.51,0.0,32,24062,卖盘
199,09:45:10,7.51,0.0,12,9012,卖盘
200,09:45:22,7.51,0.0,1,751,买盘
201,09:45:25,7.51,0.0,10,7510,卖盘
202,09:45:40,7.53,0.02,20,15060,买盘
203,09:45:49,7.52,-0.01,3,2256,卖盘
204,09:45:52,7.53,0.01,60,45180,买盘
205,09:45:55,7.53,0.0,36,27108,卖盘
206,09:45:58,7.54,0.01,10,7536,买盘
207,09:46:01,7.54,0.0,2,1508,买盘
208,09:46:05,7.54,0.0,19,14326,买盘
209,09:46:10,7.53,-0.01,25,18845,卖盘
210,09:46:13,7.54,0.01,30,22610,买盘
211,09:46:16,7.53,-0.01,68,51204,卖盘
212,09:46:19,7.53,0.0,37,27861,买盘
213,09:46:22,7.53,0.0,12,9036,买盘
214,09:46:25,7.51,-0.02,162,121818,卖盘
215,09:46:31,7.52,0.01,6,4512,买盘
216,09:46:34,7.52,0.0,27,20304,买盘
217,09:46:37,7.52,0.0,41,30832,买盘
218,09:46:42,7.52,0.0,323,242489,买盘
219,09:46:55,7.52,0.0,12,9024,买盘
220,09:47:01,7.51,-0.01,1,751,买盘
221,09:47:04,7.51,0.0,286,214784,买盘
222,09:47:10,7.51,0.0,10,7510,买盘
223,09:47:13,7.5,-0.01,7,5255,卖盘
224,09:47:31,7.51,0.01,4,3004,买盘
225,09:47:34,7.5,-0.01,12,9000,卖盘
226,09:47:46,7.5,0.0,50,37520,卖盘
227,09:47:49,7.5,0.0,10,7503,卖盘
228,09:48:01,7.51,0.01,5,3755,买盘
229,09:48:13,7.51,0.0,2,1502,买盘
230,09:48:16,7.5,-0.01,48,36005,卖盘
231,09:48:22,7.51,0.01,7,5257,买盘
232,09:48:25,7.51,0.0,5,3755,买盘
233,09:48:31,7.51,0.0,12,9012,买盘
234,09:48:43,7.51,0.0,8,6008,买盘
235,09:48:49,7.51,0.0,1,751,买盘
236,09:48:52,7.51,0.0,18,13508,买盘
237,09:48:54,7.51,0.0,3,2253,买盘
238,09:48:58,7.51,0.0,25,18775,买盘
239,09:49:16,7.51,0.0,93,69875,卖盘
240,09:49:19,7.52,0.01,15,11276,买盘
241,09:49:22,7.52,0.0,30,22560,买盘
242,09:49:25,7.51,-0.01,8,6008,卖盘
243,09:49:30,7.51,0.0,4,3004,买盘
244,09:50:10,7.51,0.0,105,78855,卖盘
245,09:50:15,7.51,0.0,5,3755,买盘
246,09:50:19,7.51,0.0,4,3004,买盘
247,09:50:22,7.51,0.0,10,7510,买盘
248,09:50:28,7.51,0.0,1,751,买盘
249,09:50:31,7.5,-0.01,32,24000,卖盘
250,09:50:40,7.51,0.01,406,304517,买盘
251,09:50:46,7.51,0.0,10,7510,卖盘
252,09:50:49,7.5,-0.01,70,52500,卖盘
253,09:50:58,7.5,0.0,97,72750,卖盘
254,09:51:01,7.5,0.0,13,9750,买盘
255,09:51:07,7.49,-0.01,3,2247,卖盘
256,09:51:16,7.5,0.01,5,3750,买盘
257,09:51:19,7.5,0.0,3,2250,买盘
258,09:51:22,7.5,0.0,6,4500,买盘
259,09:51:24,7.5,0.0,1,750,买盘
260,09:51:27,7.5,0.0,2,1500,买盘
261,09:51:31,7.49,-0.01,105,78645,卖盘
262,09:51:34,7.5,0.01,2,1500,买盘
263,09:51:40,7.49,-0.01,14,10486,卖盘
264,09:51:43,7.49,0.0,20,14972,买盘
265,09:51:46,7.49,0.0,9,6741,买盘
266,09:51:52,7.49,0.0,61,45689,买盘
267,09:52:01,7.49,0.0,2,1498,卖盘
268,09:52:12,7.49,0.0,23,17227,卖盘
269,09:52:16,7.49,0.0,1,749,买盘
270,09:52:19,7.49,0.0,2,1498,买盘
271,09:52:22,7.49,0.0,2,1498,买盘
272,09:52:25,7.49,0.0,2,1498,买盘
273,09:52:28,7.49,0.0,2,1498,买盘
274,09:52:31,7.49,0.0,1,749,买盘
275,09:52:33,7.49,0.0,1,749,买盘
276,09:52:37,7.49,0.0,20,14980,买盘
277,09:52:40,7.47,-0.02,290,216830,卖盘
278,09:53:01,7.49,0.02,4,2996,卖盘
279,09:53:07,7.49,0.0,2,1498,卖盘
280,09:53:10,7.49,0.0,9,6741,卖盘
281,09:53:16,7.49,0.0,5,3745,卖盘
282,09:53:28,7.49,0.0,41,30709,卖盘
283,09:53:33,7.49,0.0,4,2996,买盘
284,09:53:43,7.49,0.0,3,2247,买盘
285,09:53:46,7.48,-0.01,89,66572,卖盘
286,09:54:01,7.48,0.0,4,2992,买盘
287,09:54:07,7.47,-0.01,30,22410,卖盘
288,09:54:16,7.48,0.01,20,14960,买盘
289,09:54:22,7.47,-0.01,21,15687,卖盘
290,09:54:25,7.45,-0.02,688,513145,卖盘
291,09:54:40,7.45,0.0,20,14900,卖盘
292,09:54:43,7.45,0.0,10,7450,卖盘
293,09:54:46,7.44,-0.01,57,42417,卖盘
294,09:54:58,7.45,0.01,11,8195,卖盘
295,09:55:01,7.45,0.0,6,4470,买盘
296,09:55:04,7.42,-0.03,280,207892,卖盘
297,09:55:06,7.45,0.03,11,8195,买盘
298,09:55:10,7.43,-0.02,72,53558,卖盘
299,09:55:13,7.43,0.0,10,7430,买盘
300,09:55:25,7.43,0.0,44,32692,卖盘
301,09:55:28,7.43,0.0,17,12631,中性盘
302,09:55:31,7.44,0.01,47,34932,买盘
303,09:55:40,7.47,0.03,56,41700,买盘
304,09:55:46,7.47,0.0,1,747,买盘
305,09:55:49,7.47,0.0,15,11205,买盘
306,09:55:52,7.44,-0.03,17,12648,卖盘
307,09:55:57,7.46,0.02,8,5968,买盘
308,09:56:13,7.44,-0.02,10,7440,卖盘
309,09:56:19,7.44,0.0,30,22320,卖盘
310,09:56:22,7.46,0.02,4,2984,买盘
311,09:56:25,7.44,-0.02,70,52135,卖盘
312,09:56:28,7.44,0.0,10,7442,卖盘
313,09:56:46,7.45,0.01,11,8195,买盘
314,09:56:52,7.44,-0.01,130,96760,卖盘
315,09:56:58,7.45,0.01,1,745,卖盘
316,09:57:01,7.45,0.0,5,3725,买盘
317,09:57:07,7.45,0.0,12,8940,买盘
318,09:57:12,7.45,0.0,2,1490,买盘
319,09:57:25,7.45,0.0,5,3725,买盘
320,09:57:28,7.44,-0.01,2,1488,卖盘
321,09:57:34,7.45,0.01,271,201464,买盘
322,09:57:37,7.45,0.0,10,7445,买盘
323,09:57:40,7.46,0.01,30,22372,买盘
324,09:58:01,7.45,-0.01,1,745,中性盘
325,09:58:12,7.45,0.0,4,2980,买盘
326,09:58:28,7.45,0.0,20,14900,卖盘
327,09:58:40,7.46,0.01,11,8206,买盘
328,09:58:46,7.47,0.01,54,40284,买盘
329,09:58:49,7.45,-0.02,15,11175,卖盘
330,09:58:51,7.45,0.0,3,2235,买盘
331,09:58:55,7.45,0.0,30,22350,买盘
332,09:59:06,7.45,0.0,25,18625,卖盘
333,09:59:13,7.45,0.0,24,17880,买盘
334,09:59:16,7.45,0.0,2,1490,买盘
335,09:59:19,7.46,0.01,10,7460,买盘
336,09:59:37,7.46,0.0,15,11190,买盘
337,09:59:39,7.46,0.0,2,1492,买盘
338,09:59:46,7.46,0.0,5,3730,买盘
339,09:59:49,7.45,-0.01,42,31290,卖盘
340,09:59:58,7.45,0.0,2,1490,买盘
341,10:00:01,7.45,0.0,13,9682,买盘
342,10:00:04,7.44,-0.01,8,5952,卖盘
343,10:00:16,7.44,0.0,16,11904,卖盘
344,10:00:28,7.45,0.01,1,745,买盘
345,10:00:31,7.44,-0.01,43,31993,卖盘
346,10:00:34,7.44,0.0,38,28272,卖盘
347,10:00:46,7.44,0.0,45,33480,买盘
348,10:00:49,7.44,0.0,15,11160,卖盘
349,10:01:19,7.44,0.0,107,79624,卖盘
350,10:01:22,7.45,0.01,20,14890,买盘
351,10:01:42,7.44,-0.01,4,2976,卖盘
352,10:01:46,7.44,0.0,20,14880,卖盘
353,10:01:58,7.45,0.01,132,98340,买盘
354,10:02:04,7.46,0.01,16,11936,买盘
355,10:02:07,7.45,-0.01,15,11175,卖盘
356,10:02:09,7.46,0.01,41,30586,买盘
357,10:02:13,7.45,-0.01,47,35040,卖盘
358,10:02:16,7.46,0.01,17,12682,买盘
359,10:02:19,7.46,0.0,15,11190,买盘
360,10:02:21,7.46,0.0,24,17904,卖盘
361,10:02:24,7.46,0.0,33,24618,卖盘
362,10:02:34,7.47,0.01,130,97000,买盘
363,10:02:36,7.47,0.0,170,126990,买盘
364,10:02:52,7.48,0.01,6,4488,买盘
365,10:02:55,7.48,0.0,41,30668,买盘
366,10:03:01,7.48,0.0,13,9724,卖盘
367,10:03:04,7.47,-0.01,251,187508,卖盘
368,10:03:06,7.49,0.02,50,37449,买盘
369,10:03:13,7.49,0.0,2,1498,买盘
370,10:03:25,7.48,-0.01,2,1496,买盘
371,10:03:34,7.49,0.01,1,749,买盘
372,10:03:58,7.49,0.0,4,2996,买盘
373,10:04:00,7.49,0.0,28,20972,买盘
374,10:04:04,7.49,0.0,11,8239,卖盘
375,10:04:13,7.48,-0.01,64,47881,卖盘
376,10:04:19,7.47,-0.01,101,75595,卖盘
377,10:04:25,7.48,0.01,1,748,中性盘
378,10:04:46,7.48,0.0,1,748,卖盘
379,10:04:58,7.48,0.0,11,8228,卖盘
380,10:05:06,7.48,0.0,1,748,卖盘
381,10:05:16,7.49,0.01,10,7490,买盘
382,10:05:24,7.48,-0.01,10,7480,卖盘
383,10:05:27,7.49,0.01,3,2247,买盘
384,10:05:31,7.49,0.0,10,7490,买盘
385,10:05:46,7.49,0.0,20,14980,买盘
386,10:05:55,7.49,0.0,41,30709,买盘
387,10:06:00,7.49,0.0,3,2247,买盘
388,10:06:04,7.49,0.0,2,1498,买盘
389,10:06:13,7.49,0.0,2,1498,买盘
390,10:06:19,7.5,0.01,24,17988,买盘
391,10:06:27,7.48,-0.02,1,748,卖盘
392,10:06:40,7.49,0.01,3,2249,卖盘
393,10:06:58,7.49,0.0,37,27713,卖盘
394,10:07:04,7.49,0.0,14,10486,买盘
395,10:07:10,7.49,0.0,8,5992,买盘
396,10:07:13,7.49,0.0,4,2996,买盘
397,10:07:22,7.48,-0.01,114,85273,卖盘
398,10:07:25,7.49,0.01,5,3745,买盘
399,10:07:28,7.48,-0.01,101,75548,卖盘
400,10:07:46,7.49,0.01,32,23968,买盘
401,10:07:51,7.49,0.0,7,5243,买盘
402,10:07:58,7.49,0.0,13,9737,卖盘
403,10:08:01,7.49,0.0,1,749,卖盘
404,10:08:06,7.48,-0.01,104,77792,卖盘
405,10:08:13,7.48,0.0,1,748,买盘
406,10:08:25,7.47,-0.01,10,7470,卖盘
407,10:08:40,7.47,0.0,15,11205,卖盘
408,10:08:43,7.47,0.0,85,63560,卖盘
409,10:08:49,7.47,0.0,31,23157,卖盘
410,10:09:04,7.47,0.0,13,9711,卖盘
411,10:09:07,7.48,0.01,30,22419,买盘
412,10:09:10,7.47,-0.01,12,8964,卖盘
413,10:09:13,7.47,0.0,57,42628,卖盘
414,10:09:19,7.47,0.0,2,1494,卖盘
415,10:09:24,7.47,0.0,2,1494,卖盘
416,10:09:52,7.47,0.0,1,747,卖盘
417,10:10:04,7.48,0.01,10,7480,买盘
418,10:10:12,7.47,-0.01,25,18675,卖盘
419,10:10:19,7.47,0.0,4,2988,卖盘
420,10:10:40,7.47,0.0,4,2988,卖盘
421,10:10:46,7.47,0.0,16,11952,卖盘
422,10:10:58,7.48,0.01,4,2992,买盘
423,10:11:01,7.47,-0.01,4,2988,卖盘
424,10:11:13,7.47,0.0,54,40338,卖盘
425,10:11:16,7.46,-0.01,32,23874,卖盘
426,10:11:22,7.47,0.01,20,14921,买盘
427,10:11:33,7.46,-0.01,1,746,买盘
428,10:11:37,7.46,0.0,1,746,买盘
429,10:11:40,7.46,0.0,2,1492,买盘
430,10:11:43,7.46,0.0,1,746,中性盘
431,10:11:49,7.46,0.0,1,746,卖盘
432,10:11:52,7.46,0.0,3,2238,买盘
433,10:11:55,7.47,0.01,44,32836,买盘
434,10:11:58,7.45,-0.02,17,12667,卖盘
435,10:12:04,7.47,0.02,102,76088,买盘
436,10:12:13,7.46,-0.01,10,7460,买盘
437,10:12:30,7.46,0.0,15,11188,卖盘
438,10:12:37,7.46,0.0,1,746,买盘
439,10:12:42,7.45,-0.01,1,745,卖盘
440,10:12:49,7.45,0.0,3,2235,卖盘
441,10:13:01,7.46,0.01,10,7460,买盘
442,10:13:04,7.45,-0.01,6,4470,卖盘
443,10:13:07,7.46,0.01,61,45506,买盘
444,10:13:22,7.45,-0.01,20,14900,卖盘
445,10:13:28,7.45,0.0,10,7450,卖盘
446,10:13:36,7.46,0.01,4,2984,买盘
447,10:13:43,7.46,0.0,13,9697,买盘
448,10:13:46,7.46,0.0,18,13428,买盘
449,10:13:48,7.46,0.0,82,61172,买盘
450,10:14:07,7.46,0.0,3,2238,卖盘
451,10:14:10,7.46,0.0,8,5968,卖盘
452,10:14:19,7.47,0.01,66,49238,买盘
453,10:14:27,7.46,-0.01,17,12682,卖盘
454,10:14:37,7.45,-0.01,43,32058,卖盘
455,10:14:46,7.46,0.01,7,5222,卖盘
456,10:15:00,7.46,0.0,10,7460,卖盘
457,10:15:07,7.46,0.0,3,2238,卖盘
458,10:15:28,7.47,0.01,63,47061,买盘
459,10:15:34,7.46,-0.01,10,7467,卖盘
460,10:15:37,7.47,0.01,9,6723,买盘
461,10:15:43,7.47,0.0,13,9703,买盘
462,10:15:49,7.47,0.0,126,94022,买盘
463,10:15:51,7.47,0.0,20,14940,买盘
464,10:15:55,7.47,0.0,7,5229,买盘
465,10:15:57,7.47,0.0,29,21663,买盘
466,10:16:01,7.46,-0.01,26,19412,卖盘
467,10:16:04,7.47,0.01,43,32121,买盘
468,10:16:07,7.47,0.0,22,16434,买盘
469,10:16:10,7.47,0.0,29,21663,买盘
470,10:16:12,7.47,0.0,23,17181,买盘
471,10:16:16,7.47,0.0,28,20916,买盘
472,10:16:19,7.47,0.0,64,47827,买盘
473,10:16:21,7.48,0.01,22,16456,买盘
474,10:16:25,7.48,0.0,27,20196,买盘
475,10:16:27,7.48,0.0,25,18700,买盘
476,10:16:31,7.48,0.0,20,14960,买盘
477,10:16:34,7.48,0.0,19,14212,买盘
478,10:16:37,7.48,0.0,24,17952,买盘
479,10:16:39,7.49,0.01,16,11978,买盘
480,10:16:43,7.49,0.0,12,8987,买盘
481,10:16:46,7.49,0.0,18,13482,买盘
482,10:16:49,7.49,0.0,33,24717,买盘
483,10:16:52,7.49,0.0,15,11235,买盘
484,10:16:55,7.49,0.0,11,8239,买盘
485,10:16:57,7.49,0.0,9,6741,买盘
486,10:17:00,7.49,0.0,6,4494,买盘
487,10:17:04,7.49,0.0,3,2247,买盘
488,10:17:07,7.49,0.0,5,3745,买盘
489,10:17:10,7.49,0.0,3,2247,买盘
490,10:17:13,7.49,0.0,3,2247,买盘
491,10:17:19,7.49,0.0,1,749,买盘
492,10:17:25,7.49,0.0,1,749,买盘
493,10:17:28,7.49,0.0,1,749,买盘
494,10:17:31,7.49,0.0,1,749,买盘
495,10:17:34,7.49,0.0,1,749,买盘
496,10:17:36,7.49,0.0,1,749,买盘
497,10:17:40,7.49,0.0,16,11984,买盘
498,10:17:43,7.49,0.0,1,749,买盘
499,10:17:46,7.49,0.0,1,749,买盘
500,10:17:49,7.49,0.0,6,4494,买盘
501,10:17:52,7.49,0.0,4,2996,买盘
502,10:17:55,7.48,-0.01,19,14213,卖盘
503,10:17:58,7.49,0.01,1,749,买盘
504,10:18:01,7.48,-0.01,89,66575,卖盘
505,10:18:04,7.49,0.01,1,749,买盘
506,10:18:07,7.49,0.0,26,19474,买盘
507,10:18:16,7.48,-0.01,15,11222,卖盘
508,10:18:22,7.48,0.0,37,27676,买盘
509,10:18:40,7.49,0.01,2,1498,买盘
510,10:19:25,7.48,-0.01,3,2244,卖盘
511,10:19:40,7.49,0.01,3,2247,买盘
512,10:20:01,7.49,0.0,4,2996,买盘
513,10:20:13,7.49,0.0,10,7490,买盘
514,10:20:22,7.49,0.0,5,3745,买盘
515,10:20:25,7.49,0.0,4,2996,买盘
516,10:20:28,7.49,0.0,11,8239,买盘
517,10:20:31,7.49,0.0,17,12733,买盘
518,10:20:34,7.49,0.0,93,69657,买盘
519,10:20:37,7.49,0.0,40,29960,买盘
520,10:20:40,7.49,0.0,112,83888,买盘
521,10:20:43,7.49,0.0,60,44940,买盘
522,10:20:46,7.5,0.01,77,57722,买盘
523,10:20:49,7.5,0.0,67,50250,买盘
524,10:20:52,7.5,0.0,69,51750,买盘
525,10:20:55,7.5,0.0,65,48750,买盘
526,10:20:57,7.49,-0.01,75,56296,卖盘
527,10:21:01,7.51,0.02,57,42807,买盘
528,10:21:04,7.51,0.0,33,24783,买盘
529,10:21:07,7.51,0.0,22,16520,买盘
530,10:21:10,7.51,0.0,20,15020,买盘
531,10:21:13,7.51,0.0,19,14269,买盘
532,10:21:16,7.51,0.0,17,12767,买盘
533,10:21:18,7.51,0.0,14,10514,买盘
534,10:21:21,7.51,0.0,14,10514,买盘
535,10:21:25,7.51,0.0,15,11265,买盘
536,10:21:28,7.51,0.0,40,30040,买盘
537,10:21:34,7.52,0.01,15,11280,买盘
538,10:21:37,7.51,-0.01,21,15776,卖盘
539,10:21:46,7.52,0.01,40,30080,买盘
540,10:21:48,7.52,0.0,14,10528,买盘
541,10:21:55,7.52,0.0,27,20304,买盘
542,10:22:01,7.52,0.0,15,11280,买盘
543,10:22:07,7.52,0.0,10,7520,买盘
544,10:22:22,7.52,0.0,33,24816,买盘
545,10:22:31,7.52,0.0,4,3008,买盘
546,10:22:34,7.52,0.0,74,55648,买盘
547,10:22:45,7.53,0.01,35,26355,买盘
548,10:22:55,7.53,0.0,6,4518,买盘
549,10:22:58,7.53,0.0,13,9789,买盘
550,10:23:01,7.53,0.0,43,32379,买盘
551,10:23:07,7.53,0.0,5,3765,买盘
552,10:23:10,7.53,0.0,5,3765,买盘
553,10:23:13,7.53,0.0,11,8283,买盘
554,10:23:21,7.52,-0.01,50,37600,卖盘
555,10:23:24,7.53,0.01,5,3765,买盘
556,10:23:27,7.53,0.0,38,28614,买盘
557,10:23:31,7.53,0.0,23,17319,买盘
558,10:23:34,7.52,-0.01,52,39104,卖盘
559,10:23:46,7.52,0.0,275,206811,卖盘
560,10:23:49,7.52,0.0,5,3760,买盘
561,10:23:52,7.52,0.0,13,9776,买盘
562,10:23:55,7.52,0.0,6,4512,买盘
563,10:24:07,7.52,0.0,20,15040,买盘
564,10:24:13,7.51,-0.01,46,34546,卖盘
565,10:24:52,7.51,0.0,10,7510,买盘
566,10:24:55,7.5,-0.01,1,750,卖盘
567,10:25:07,7.51,0.01,29,21779,买盘
568,10:25:22,7.5,-0.01,21,15750,卖盘
569,10:25:28,7.51,0.01,89,66839,买盘
570,10:25:34,7.5,-0.01,27,20257,卖盘
571,10:26:04,7.52,0.02,5,3760,买盘
572,10:26:07,7.51,-0.01,13,9763,卖盘
573,10:26:10,7.51,0.0,5,3755,卖盘
574,10:26:31,7.52,0.01,6,4512,买盘
575,10:26:37,7.52,0.0,5,3760,买盘
576,10:26:46,7.52,0.0,5,3760,买盘
577,10:26:49,7.52,0.0,1,752,买盘
578,10:26:52,7.51,-0.01,50,37550,卖盘
579,10:26:55,7.52,0.01,2,1504,买盘
580,10:27:19,7.51,-0.01,40,30040,卖盘
581,10:27:25,7.52,0.01,122,91676,买盘
582,10:27:33,7.51,-0.01,10,7510,卖盘
583,10:27:42,7.52,0.01,11,8272,买盘
584,10:27:49,7.51,-0.01,3,2253,卖盘
585,10:27:58,7.52,0.01,5,3760,买盘
586,10:28:07,7.52,0.0,4,3008,买盘
587,10:28:10,7.51,-0.01,9,6759,卖盘
588,10:28:19,7.51,0.0,3,2253,卖盘
589,10:28:37,7.52,0.01,2,1504,买盘
590,10:28:49,7.51,-0.01,5,3755,卖盘
591,10:29:07,7.51,0.0,20,15020,卖盘
592,10:29:22,7.52,0.01,40,30080,买盘
593,10:29:25,7.52,0.0,7,5264,买盘
594,10:29:31,7.52,0.0,5,3760,买盘
595,10:29:49,7.52,0.0,20,15040,买盘
596,10:30:04,7.52,0.0,10,7520,买盘
597,10:30:06,7.52,0.0,10,7520,买盘
598,10:30:19,7.52,0.0,40,30080,卖盘
599,10:30:28,7.51,-0.01,50,37556,卖盘
600,10:30:37,7.52,0.01,14,10528,买盘
601,10:31:04,7.52,0.0,4,3008,买盘
602,10:31:10,7.51,-0.01,13,9766,卖盘
603,10:31:19,7.51,0.0,61,45811,卖盘
604,10:31:21,7.51,0.0,3,2253,卖盘
605,10:31:24,7.51,0.0,69,51819,卖盘
606,10:31:28,7.51,0.0,16,12016,中性盘
607,10:32:00,7.5,-0.01,20,15000,卖盘
608,10:32:19,7.52,0.02,8,6016,买盘
609,10:32:31,7.5,-0.02,168,126000,卖盘
610,10:32:34,7.5,0.0,2,1500,买盘
611,10:33:04,7.5,0.0,8,6000,卖盘
612,10:33:16,7.51,0.01,7,5257,买盘
613,10:33:22,7.51,0.0,27,20255,买盘
614,10:33:25,7.51,0.0,1,751,买盘
615,10:33:28,7.51,0.0,1,751,买盘
616,10:33:34,7.51,0.0,8,6008,买盘
617,10:33:52,7.52,0.01,16,12032,买盘
618,10:34:07,7.52,0.0,40,30080,买盘
619,10:34:10,7.52,0.0,15,11266,买盘
620,10:34:28,7.52,0.0,5,3760,买盘
621,10:34:37,7.51,-0.01,16,12031,卖盘
622,10:34:43,7.52,0.01,30,22560,买盘
623,10:34:49,7.51,-0.01,6,4507,卖盘
624,10:34:52,7.52,0.01,1,752,买盘
625,10:34:54,7.52,0.0,1,752,买盘
626,10:35:01,7.52,0.0,15,11280,买盘
627,10:35:04,7.52,0.0,10,7520,买盘
628,10:35:06,7.52,0.0,2,1504,买盘
629,10:35:10,7.52,0.0,2,1504,买盘
630,10:35:13,7.52,0.0,25,18800,买盘
631,10:35:16,7.52,0.0,3,2256,买盘
632,10:35:19,7.52,0.0,1,752,买盘
633,10:35:22,7.52,0.0,2,1504,买盘
634,10:35:34,7.53,0.01,35,26355,买盘
635,10:35:43,7.53,0.0,1,753,买盘
636,10:35:45,7.53,0.0,65,48935,买盘
637,10:36:13,7.53,0.0,14,10542,买盘
638,10:36:19,7.52,-0.01,13,9776,卖盘
639,10:36:22,7.53,0.01,4,3012,买盘
640,10:36:30,7.53,0.0,14,10542,买盘
641,10:36:43,7.52,-0.01,85,63920,卖盘
642,10:36:46,7.52,0.0,23,17296,买盘
643,10:36:55,7.52,0.0,5,3760,买盘
644,10:36:58,7.52,0.0,10,7520,买盘
645,10:37:07,7.52,0.0,4,3008,买盘
646,10:37:13,7.52,0.0,11,8272,买盘
647,10:37:19,7.52,0.0,20,15040,买盘
648,10:37:28,7.52,0.0,1,752,买盘
649,10:37:31,7.52,0.0,2,1504,买盘
650,10:37:34,7.52,0.0,10,7520,买盘
651,10:37:37,7.52,0.0,3,2256,买盘
652,10:37:40,7.52,0.0,13,9776,买盘
653,10:37:42,7.52,0.0,50,37600,买盘
654,10:37:46,7.52,0.0,7,5264,买盘
655,10:37:55,7.53,0.01,5,3765,买盘
656,10:37:58,7.52,-0.01,27,20304,卖盘
657,10:38:07,7.52,0.0,5,3760,买盘
658,10:38:12,7.52,0.0,3,2256,买盘
659,10:38:22,7.52,0.0,49,36848,买盘
660,10:38:28,7.51,-0.01,100,75100,卖盘
661,10:38:34,7.52,0.01,1,752,买盘
662,10:38:46,7.52,0.0,93,69936,卖盘
663,10:38:49,7.52,0.0,3,2256,买盘
664,10:39:00,7.52,0.0,5,3760,买盘
665,10:39:09,7.52,0.0,4,3008,买盘
666,10:39:16,7.52,0.0,34,25568,买盘
667,10:39:19,7.52,0.0,55,41360,买盘
668,10:39:21,7.51,-0.01,61,45835,卖盘
669,10:40:19,7.52,0.01,5,3760,卖盘
670,10:40:22,7.53,0.01,53,39909,买盘
671,10:40:27,7.53,0.0,3,2259,买盘
672,10:40:34,7.53,0.0,1,753,买盘
673,10:40:39,7.53,0.0,68,51204,买盘
674,10:40:46,7.53,0.0,5,3765,卖盘
675,10:40:48,7.53,0.0,10,7530,卖盘
676,10:40:58,7.53,0.0,99,74547,卖盘
677,10:41:04,7.53,0.0,5,3765,买盘
678,10:41:06,7.53,0.0,6,4518,买盘
679,10:41:09,7.53,0.0,1,753,买盘
680,10:41:13,7.53,0.0,4,3012,买盘
681,10:41:19,7.53,0.0,20,15060,买盘
682,10:41:21,7.53,0.0,20,15060,买盘
683,10:41:24,7.53,0.0,1,753,买盘
684,10:41:28,7.53,0.0,42,31626,买盘
685,10:41:34,7.53,0.0,15,11295,买盘
686,10:41:36,7.53,0.0,10,7530,买盘
687,10:41:40,7.53,0.0,5,3765,买盘
688,10:41:55,7.53,0.0,12,9036,买盘
689,10:42:16,7.53,0.0,4,3012,买盘
690,10:42:46,7.53,0.0,10,7530,买盘
691,10:42:49,7.52,-0.01,50,37600,卖盘
692,10:43:04,7.52,0.0,13,9776,卖盘
693,10:43:07,7.53,0.01,8,6024,买盘
694,10:43:12,7.53,0.0,4,3012,买盘
695,10:43:19,7.52,-0.01,30,22560,卖盘
696,10:43:43,7.52,0.0,20,15040,卖盘
697,10:43:55,7.52,0.0,62,46624,卖盘
698,10:44:01,7.52,0.0,10,7520,卖盘
699,10:44:10,7.52,0.0,24,18048,卖盘
700,10:44:22,7.52,0.0,5,3760,卖盘
701,10:44:42,7.52,0.0,11,8282,卖盘
702,10:44:55,7.53,0.01,10,7530,买盘
703,10:45:24,7.53,0.0,1,753,买盘
704,10:45:49,7.53,0.0,4,3012,买盘
705,10:45:58,7.53,0.0,62,46628,买盘
706,10:46:07,7.52,-0.01,5,3760,卖盘
707,10:46:34,7.52,0.0,82,61664,卖盘
708,10:46:40,7.52,0.0,21,15792,卖盘
709,10:46:49,7.52,0.0,6,4512,卖盘
710,10:46:52,7.52,0.0,61,45872,卖盘
711,10:46:57,7.52,0.0,4,3008,卖盘
712,10:47:13,7.52,0.0,15,11280,卖盘
713,10:47:18,7.52,0.0,4,3008,卖盘
714,10:47:31,7.53,0.01,32,24066,买盘
715,10:47:33,7.52,-0.01,5,3760,卖盘
716,10:47:43,7.52,0.0,8,6016,卖盘
717,10:47:58,7.52,0.0,5,3760,卖盘
718,10:48:06,7.52,0.0,8,6016,卖盘
719,10:48:34,7.52,0.0,1,752,买盘
720,10:48:45,7.51,-0.01,7,5257,卖盘
721,10:48:58,7.51,0.0,85,63835,卖盘
722,10:49:09,7.51,0.0,10,7510,卖盘
723,10:50:13,7.52,0.01,10,7520,买盘
724,10:50:16,7.51,-0.01,20,15020,卖盘
725,10:50:18,7.52,0.01,1,752,买盘
726,10:50:22,7.51,-0.01,91,68341,卖盘
727,10:50:28,7.51,0.0,4,3004,卖盘
728,10:50:52,7.52,0.01,10,7520,买盘
729,10:51:15,7.52,0.0,20,15040,买盘
730,10:51:25,7.52,0.0,4,3008,买盘
731,10:51:40,7.52,0.0,1,752,买盘
732,10:51:46,7.52,0.0,10,7520,买盘
733,10:52:16,7.52,0.0,5,3760,买盘
734,10:52:25,7.51,-0.01,80,60080,卖盘
735,10:52:33,7.52,0.01,73,54896,买盘
736,10:52:46,7.52,0.0,49,36848,买盘
737,10:52:55,7.52,0.0,35,26358,买盘
738,10:53:25,7.53,0.01,15,11295,买盘
739,10:53:28,7.53,0.0,10,7530,买盘
740,10:53:31,7.52,-0.01,94,70688,卖盘
741,10:53:34,7.52,0.0,10,7520,卖盘
742,10:53:46,7.53,0.01,27,20331,买盘
743,10:53:52,7.53,0.0,1,753,买盘
744,10:54:04,7.53,0.0,1,753,买盘
745,10:54:28,7.53,0.0,2,1506,买盘
746,10:54:31,7.53,0.0,4,3012,买盘
747,10:54:43,7.53,0.0,6,4518,买盘
748,10:54:46,7.53,0.0,6,4518,买盘
749,10:54:49,7.53,0.0,5,3765,买盘
750,10:54:52,7.53,0.0,72,54216,买盘
751,10:54:54,7.53,0.0,66,49698,买盘
752,10:54:57,7.53,0.0,111,83583,买盘
753,10:55:01,7.53,0.0,1,753,卖盘
754,10:55:07,7.54,0.01,19,14326,买盘
755,10:55:10,7.54,0.0,50,37700,买盘
756,10:55:13,7.53,-0.01,22,16566,卖盘
757,10:55:22,7.53,0.0,96,72288,卖盘
758,10:55:28,7.53,0.0,10,7530,买盘
759,10:55:34,7.53,0.0,12,9036,买盘
760,10:55:49,7.54,0.01,8,6032,买盘
761,10:55:54,7.54,0.0,33,24882,买盘
762,10:56:01,7.54,0.0,44,33200,卖盘
763,10:56:07,7.55,0.01,26,19630,买盘
764,10:56:09,7.55,0.0,9,6795,买盘
765,10:56:22,7.56,0.01,107,80892,买盘
766,10:56:37,7.57,0.01,18,13626,买盘
767,10:56:43,7.57,0.0,10,7570,买盘
768,10:56:46,7.56,-0.01,20,15127,卖盘
769,10:56:48,7.57,0.01,54,40878,买盘
770,10:56:52,7.57,0.0,11,8327,买盘
771,10:56:55,7.57,0.0,15,11355,买盘
772,10:56:57,7.57,0.0,41,31037,买盘
773,10:57:01,7.57,0.0,17,12869,买盘
774,10:57:07,7.56,-0.01,28,21168,卖盘
775,10:57:12,7.57,0.01,18,13626,买盘
776,10:57:19,7.57,0.0,58,43886,买盘
777,10:57:25,7.57,0.0,20,15140,买盘
778,10:57:28,7.57,0.0,2,1514,买盘
779,10:57:30,7.57,0.0,21,15898,买盘
780,10:57:34,7.57,0.0,40,30250,买盘
781,10:57:39,7.57,0.0,38,28766,买盘
782,10:57:46,7.57,0.0,32,24224,卖盘
783,10:57:48,7.57,0.0,3,2271,买盘
784,10:57:54,7.57,0.0,4,3028,卖盘
785,10:58:01,7.57,0.0,9,6813,卖盘
786,10:58:04,7.57,0.0,15,11355,买盘
787,10:58:06,7.56,-0.01,100,75600,卖盘
788,10:58:10,7.56,0.0,20,15120,卖盘
789,10:58:19,7.56,0.0,40,30240,卖盘
790,10:58:21,7.56,0.0,163,123228,卖盘
791,10:58:27,7.56,0.0,19,14364,卖盘
792,10:58:31,7.56,0.0,312,235877,卖盘
793,10:58:49,7.56,0.0,17,12844,买盘
794,10:58:52,7.56,0.0,144,108864,买盘
795,10:58:54,7.56,0.0,20,15120,买盘
796,10:59:01,7.55,-0.01,17,12835,卖盘
797,10:59:04,7.56,0.01,5,3780,买盘
798,10:59:10,7.55,-0.01,10,7550,卖盘
799,10:59:16,7.56,0.01,2,1512,买盘
800,10:59:40,7.56,0.0,20,15120,买盘
801,10:59:46,7.56,0.0,27,20412,买盘
802,11:00:13,7.56,0.0,30,22680,买盘
803,11:00:16,7.56,0.0,32,24192,卖盘
804,11:00:30,7.56,0.0,9,6804,买盘
805,11:00:40,7.56,0.0,6,4536,买盘
806,11:00:43,7.56,0.0,14,10584,买盘
807,11:00:48,7.56,0.0,1,756,买盘
808,11:00:52,7.55,-0.01,30,22650,卖盘
809,11:00:55,7.56,0.01,4,3024,买盘
810,11:01:16,7.55,-0.01,10,7550,卖盘
811,11:01:19,7.55,0.0,132,99660,卖盘
812,11:01:34,7.55,0.0,41,30955,买盘
813,11:01:40,7.55,0.0,10,7550,买盘
814,11:01:55,7.56,0.01,7,5292,买盘
815,11:02:36,7.56,0.0,12,9072,买盘
816,11:02:40,7.55,-0.01,13,9815,卖盘
817,11:02:52,7.56,0.01,4,3024,买盘
818,11:02:57,7.55,-0.01,2,1510,卖盘
819,11:03:07,7.55,0.0,6,4530,卖盘
820,11:03:22,7.56,0.01,14,10584,买盘
821,11:03:28,7.55,-0.01,9,6795,卖盘
822,11:04:22,7.56,0.01,50,37800,买盘
823,11:04:39,7.56,0.0,1,756,买盘
824,11:05:13,7.55,-0.01,20,15100,卖盘
825,11:05:31,7.56,0.01,224,169344,买盘
826,11:05:34,7.56,0.0,10,7560,买盘
827,11:05:37,7.56,0.0,15,11340,买盘
828,11:05:45,7.57,0.01,118,89326,买盘
829,11:06:16,7.58,0.01,24,18192,买盘
830,11:06:27,7.58,0.0,1,758,买盘
831,11:06:37,7.58,0.0,23,17434,买盘
832,11:06:40,7.58,0.0,7,5306,买盘
833,11:06:52,7.58,0.0,30,22740,买盘
834,11:06:58,7.58,0.0,7,5306,买盘
835,11:07:01,7.58,0.0,25,18950,买盘
836,11:07:10,7.57,-0.01,32,24224,卖盘
837,11:07:37,7.57,0.0,50,37850,卖盘
838,11:07:43,7.58,0.01,12,9096,买盘
839,11:07:49,7.58,0.0,10,7580,买盘
840,11:07:51,7.57,-0.01,50,37850,卖盘
841,11:07:58,7.57,0.0,5,3785,卖盘
842,11:08:01,7.57,0.0,13,9841,卖盘
843,11:08:07,7.57,0.0,12,9084,卖盘
844,11:08:10,7.58,0.01,101,76558,买盘
845,11:08:16,7.58,0.0,46,34868,买盘
846,11:08:18,7.57,-0.01,10,7570,卖盘
847,11:08:28,7.58,0.01,13,9854,买盘
848,11:08:52,7.57,-0.01,68,51476,卖盘
849,11:09:16,7.56,-0.01,20,15120,卖盘
850,11:09:25,7.58,0.02,20,15144,买盘
851,11:09:27,7.56,-0.02,18,13608,卖盘
852,11:09:33,7.57,0.01,4,3028,买盘
853,11:09:37,7.57,0.0,28,21196,买盘
854,11:09:43,7.57,0.0,13,9841,卖盘
855,11:09:49,7.57,0.0,9,6813,卖盘
856,11:09:52,7.57,0.0,7,5299,卖盘
857,11:10:34,7.57,0.0,2,1514,买盘
858,11:10:37,7.56,-0.01,7,5292,卖盘
859,11:10:43,7.56,0.0,47,35532,买盘
860,11:10:49,7.56,0.0,16,12096,买盘
861,11:11:42,7.56,0.0,10,7560,买盘
862,11:12:10,7.56,0.0,15,11340,买盘
863,11:12:13,7.55,-0.01,200,151000,卖盘
864,11:12:33,7.54,-0.01,100,75450,卖盘
865,11:12:43,7.54,0.0,3,2262,卖盘
866,11:12:45,7.55,0.01,55,41525,中性盘
867,11:12:49,7.55,0.0,11,8305,卖盘
868,11:13:15,7.56,0.01,20,15120,买盘
869,11:13:33,7.57,0.01,12,9084,买盘
870,11:13:36,7.56,-0.01,2,1512,卖盘
871,11:13:40,7.56,0.0,16,12096,卖盘
872,11:13:42,7.57,0.01,41,31037,买盘
873,11:13:45,7.56,-0.01,10,7560,卖盘
874,11:14:19,7.56,0.0,7,5292,卖盘
875,11:14:36,7.56,0.0,4,3024,买盘
876,11:15:15,7.56,0.0,18,13608,卖盘
877,11:15:21,7.56,0.0,3,2268,买盘
878,11:15:37,7.56,0.0,6,4536,买盘
879,11:15:43,7.56,0.0,4,3024,买盘
880,11:15:46,7.56,0.0,12,9072,买盘
881,11:16:07,7.56,0.0,4,3024,买盘
882,11:16:34,7.55,-0.01,7,5285,卖盘
883,11:16:49,7.55,0.0,5,3775,卖盘
884,11:17:10,7.55,0.0,73,55115,卖盘
885,11:17:34,7.55,0.0,41,30955,买盘
886,11:17:58,7.55,0.0,12,9060,买盘
887,11:18:10,7.55,0.0,9,6795,买盘
888,11:18:24,7.56,0.01,126,95160,买盘
889,11:18:27,7.56,0.0,19,14364,卖盘
890,11:18:46,7.57,0.01,16,12112,买盘
891,11:18:49,7.56,-0.01,4,3024,卖盘
892,11:18:55,7.56,0.0,4,3024,卖盘
893,11:19:09,7.56,0.0,4,3024,买盘
894,11:19:37,7.55,-0.01,10,7550,卖盘
895,11:20:28,7.56,0.01,1,756,买盘
896,11:20:52,7.56,0.0,14,10584,买盘
897,11:21:24,7.56,0.0,4,3024,买盘
898,11:21:36,7.56,0.0,39,29484,买盘
899,11:21:39,7.56,0.0,22,16621,买盘
900,11:21:52,7.56,0.0,2,1512,买盘
901,11:22:15,7.56,0.0,19,14364,买盘
902,11:22:36,7.55,-0.01,16,12080,卖盘
903,11:23:01,7.56,0.01,1,756,买盘
904,11:23:12,7.55,-0.01,237,178935,卖盘
905,11:23:15,7.56,0.01,1,756,买盘
906,11:23:18,7.55,-0.01,55,41525,卖盘
907,11:23:37,7.55,0.0,15,11325,买盘
908,11:23:52,7.55,0.0,3,2265,买盘
909,11:24:03,7.56,0.01,5,3780,买盘
910,11:24:48,7.55,-0.01,2,1510,卖盘
911,11:24:55,7.55,0.0,10,7550,卖盘
912,11:25:06,7.55,0.0,18,13595,卖盘
913,11:25:25,7.56,0.01,7,5292,买盘
914,11:25:27,7.56,0.0,4,3024,买盘
915,11:25:31,7.56,0.0,8,6048,买盘
916,11:25:37,7.56,0.0,10,7560,买盘
917,11:25:40,7.56,0.0,5,3780,买盘
918,11:25:43,7.56,0.0,3,2268,买盘
919,11:25:51,7.56,0.0,5,3780,买盘
920,11:26:04,7.57,0.01,3,2271,买盘
921,11:26:16,7.57,0.0,19,14383,买盘
922,11:26:30,7.56,-0.01,16,12096,卖盘
923,11:26:43,7.56,0.0,5,3780,买盘
924,11:26:54,7.56,0.0,2,1512,买盘
925,11:27:12,7.56,0.0,2,1512,买盘
926,11:27:15,7.56,0.0,16,12096,买盘
927,11:27:22,7.57,0.01,20,15129,买盘
928,11:27:31,7.56,-0.01,10,7560,卖盘
929,11:27:42,7.56,0.0,22,16649,卖盘
930,11:27:51,7.56,0.0,11,8316,卖盘
931,11:28:04,7.56,0.0,2,1512,买盘
932,11:28:09,7.57,0.01,1,757,买盘
933,11:28:13,7.55,-0.02,5,3775,卖盘
934,11:28:16,7.57,0.02,1,757,买盘
935,11:28:36,7.56,-0.01,4,3024,卖盘
936,11:28:39,7.56,0.0,5,3780,买盘
937,11:28:46,7.56,0.0,117,88352,买盘
938,11:29:01,7.56,0.0,10,7560,买盘
939,11:29:09,7.56,0.0,2,1512,买盘
940,11:29:12,7.56,0.0,34,25704,买盘
941,11:29:28,7.57,0.01,3,2271,买盘
942,11:29:46,7.56,-0.01,10,7560,卖盘
943,11:29:52,7.57,0.01,2,1514,买盘
944,11:30:01,7.57,0.0,3,2271,买盘
945,13:00:04,7.57,0.0,118,89326,买盘
946,13:00:07,7.57,0.0,37,28024,卖盘
947,13:00:09,7.57,0.0,4,3028,卖盘
948,13:00:48,7.58,0.01,191,144778,买盘
949,13:00:57,7.59,0.01,11,8349,买盘
950,13:01:16,7.59,0.0,12,9108,买盘
951,13:01:39,7.58,-0.01,100,75800,卖盘
952,13:01:43,7.58,0.0,2,1516,卖盘
953,13:01:45,7.58,0.0,17,12886,卖盘
954,13:02:00,7.57,-0.01,1,757,卖盘
955,13:02:15,7.58,0.01,36,27288,买盘
956,13:02:24,7.57,-0.01,2,1514,卖盘
957,13:03:04,7.57,0.0,24,18168,卖盘
958,13:03:18,7.58,0.01,4,3032,买盘
959,13:03:31,7.58,0.0,10,7580,买盘
960,13:03:55,7.58,0.0,6,4548,买盘
961,13:04:01,7.57,-0.01,300,227100,卖盘
962,13:04:09,7.57,0.0,161,121877,卖盘
963,13:04:22,7.56,-0.01,2,1512,卖盘
964,13:04:33,7.56,0.0,31,23436,卖盘
965,13:05:16,7.56,0.0,4,3024,买盘
966,13:05:24,7.56,0.0,4,3024,买盘
967,13:05:31,7.56,0.0,44,33264,买盘
968,13:05:43,7.56,0.0,4,3024,买盘
969,13:05:49,7.56,0.0,4,3024,买盘
970,13:05:54,7.55,-0.01,10,7550,卖盘
971,13:06:10,7.55,0.0,1,755,卖盘
972,13:06:24,7.56,0.01,1,756,买盘
973,13:06:30,7.56,0.0,9,6804,买盘
974,13:06:39,7.56,0.0,7,5291,买盘
975,13:06:48,7.56,0.0,11,8316,买盘
976,13:06:57,7.56,0.0,1,756,卖盘
977,13:07:00,7.56,0.0,1,756,卖盘
978,13:07:13,7.56,0.0,31,23436,卖盘
979,13:07:25,7.56,0.0,1,756,买盘
980,13:07:34,7.55,-0.01,13,9815,卖盘
981,13:07:40,7.56,0.01,10,7560,买盘
982,13:07:54,7.56,0.0,79,59652,买盘
983,13:08:04,7.56,0.0,35,26460,买盘
984,13:08:12,7.56,0.0,1,756,买盘
985,13:08:21,7.55,-0.01,11,8311,卖盘
986,13:08:30,7.56,0.01,1,756,买盘
987,13:08:34,7.56,0.0,6,4536,买盘
988,13:08:45,7.56,0.0,1,756,买盘
989,13:08:51,7.56,0.0,1,756,买盘
990,13:09:00,7.56,0.0,42,31752,买盘
991,13:09:04,7.56,0.0,2,1512,卖盘
992,13:09:16,7.57,0.01,4,3028,买盘
993,13:09:37,7.57,0.0,2,1514,买盘
994,13:09:45,7.57,0.0,12,9084,买盘
995,13:10:06,7.57,0.0,2,1514,买盘
996,13:10:13,7.56,-0.01,50,37800,卖盘
997,13:10:22,7.56,0.0,15,11340,卖盘
998,13:10:33,7.56,0.0,1,756,卖盘
999,13:10:43,7.56,0.0,25,18900,卖盘
1000,13:11:16,7.56,0.0,15,11340,卖盘
1001,13:12:04,7.56,0.0,23,17388,买盘
1002,13:12:09,7.56,0.0,49,37044,买盘
1003,13:12:13,7.56,0.0,15,11340,买盘
1004,13:12:19,7.56,0.0,4,3024,买盘
1005,13:12:21,7.56,0.0,45,34020,买盘
1006,13:12:25,7.56,0.0,18,13608,买盘
1007,13:12:27,7.56,0.0,21,15876,买盘
1008,13:12:55,7.56,0.0,1,756,卖盘
1009,13:13:01,7.56,0.0,2,1512,卖盘
1010,13:13:06,7.56,0.0,10,7560,卖盘
1011,13:13:36,7.56,0.0,8,6048,卖盘
1012,13:13:39,7.56,0.0,5,3780,卖盘
1013,13:13:49,7.57,0.01,4,3028,买盘
1014,13:13:54,7.56,-0.01,15,11340,卖盘
1015,13:13:57,7.56,0.0,4,3024,买盘
1016,13:14:00,7.56,0.0,1,756,买盘
1017,13:14:04,7.56,0.0,6,4536,卖盘
1018,13:14:10,7.56,0.0,1,756,买盘
1019,13:14:13,7.55,-0.01,5,3778,卖盘
1020,13:14:25,7.55,0.0,1,755,卖盘
1021,13:14:33,7.55,0.0,102,77010,卖盘
1022,13:14:42,7.56,0.01,2,1512,买盘
1023,13:14:49,7.56,0.0,11,8316,买盘
1024,13:14:51,7.56,0.0,4,3024,买盘
1025,13:15:00,7.55,-0.01,14,10577,卖盘
1026,13:15:21,7.55,0.0,100,75500,卖盘
1027,13:15:28,7.55,0.0,10,7550,卖盘
1028,13:15:31,7.56,0.01,17,12852,买盘
1029,13:15:36,7.56,0.0,75,56700,买盘
1030,13:15:42,7.57,0.01,17,12853,买盘
1031,13:15:46,7.57,0.0,12,9084,买盘
1032,13:15:58,7.56,-0.01,6,4537,卖盘
1033,13:16:01,7.57,0.01,7,5299,买盘
1034,13:16:13,7.56,-0.01,23,17400,卖盘
1035,13:16:19,7.57,0.01,40,30280,买盘
1036,13:16:34,7.57,0.0,5,3785,买盘
1037,13:16:37,7.56,-0.01,10,7560,卖盘
1038,13:16:45,7.57,0.01,4,3028,买盘
1039,13:16:49,7.56,-0.01,7,5292,卖盘
1040,13:16:57,7.57,0.01,9,6813,买盘
1041,13:17:01,7.56,-0.01,40,30240,卖盘
1042,13:17:16,7.57,0.01,10,7570,买盘
1043,13:17:33,7.56,-0.01,20,15120,卖盘
1044,13:17:52,7.56,0.0,24,18144,卖盘
1045,13:17:57,7.56,0.0,8,6048,买盘
1046,13:18:12,7.55,-0.01,115,86825,卖盘
1047,13:18:15,7.56,0.01,9,6804,买盘
1048,13:18:21,7.55,-0.01,2,1510,卖盘
1049,13:18:39,7.56,0.01,4,3024,买盘
1050,13:19:04,7.56,0.0,12,9072,买盘
1051,13:19:07,7.56,0.0,29,21924,买盘
1052,13:19:34,7.57,0.01,4,3028,买盘
1053,13:19:42,7.56,-0.01,3,2268,卖盘
1054,13:19:45,7.57,0.01,4,3028,买盘
1055,13:19:58,7.56,-0.01,98,74088,卖盘
1056,13:20:12,7.56,0.0,197,148932,卖盘
1057,13:20:34,7.56,0.0,34,25704,卖盘
1058,13:20:46,7.57,0.01,30,22710,买盘
1059,13:20:55,7.57,0.0,6,4542,买盘
1060,13:20:58,7.57,0.0,188,142316,买盘
1061,13:21:04,7.57,0.0,6,4542,卖盘
1062,13:21:16,7.58,0.01,10,7580,买盘
1063,13:21:24,7.57,-0.01,140,105980,卖盘
1064,13:21:40,7.58,0.01,4,3032,买盘
1065,13:21:48,7.57,-0.01,6,4542,卖盘
1066,13:21:58,7.57,0.0,3,2271,买盘
1067,13:22:30,7.57,0.0,1,757,买盘
1068,13:22:33,7.56,-0.01,8,6048,卖盘
1069,13:22:49,7.57,0.01,12,9084,买盘
1070,13:22:52,7.56,-0.01,28,21168,卖盘
1071,13:23:01,7.57,0.01,12,9084,买盘
1072,13:23:10,7.57,0.0,96,72672,卖盘
1073,13:23:18,7.58,0.01,15,11370,买盘
1074,13:23:21,7.57,-0.01,20,15140,卖盘
1075,13:23:28,7.58,0.01,4,3032,买盘
1076,13:23:39,7.57,-0.01,33,24981,卖盘
1077,13:23:45,7.58,0.01,20,15160,买盘
1078,13:23:55,7.58,0.0,4,3032,买盘
1079,13:23:58,7.58,0.0,4,3032,买盘
1080,13:24:10,7.58,0.0,9,6822,买盘
1081,13:24:30,7.58,0.0,10,7580,买盘
1082,13:24:34,7.58,0.0,18,13644,买盘
1083,13:24:49,7.58,0.0,5,3790,买盘
1084,13:24:55,7.57,-0.01,3,2271,卖盘
1085,13:25:01,7.58,0.01,11,8338,买盘
1086,13:25:07,7.58,0.0,20,15160,买盘
1087,13:25:19,7.58,0.0,59,44722,买盘
1088,13:25:40,7.58,0.0,73,55334,买盘
1089,13:25:43,7.58,0.0,1,758,卖盘
1090,13:25:45,7.58,0.0,2,1516,卖盘
1091,13:25:49,7.58,0.0,21,15918,卖盘
1092,13:25:52,7.58,0.0,3,2274,卖盘
1093,13:25:55,7.58,0.0,9,6822,卖盘
1094,13:25:58,7.58,0.0,5,3790,卖盘
1095,13:26:01,7.58,0.0,6,4548,卖盘
1096,13:26:04,7.58,0.0,123,93234,卖盘
1097,13:26:09,7.58,0.0,1,758,卖盘
1098,13:26:12,7.58,0.0,3,2274,卖盘
1099,13:26:19,7.58,0.0,77,58366,卖盘
1100,13:26:30,7.58,0.0,4,3032,买盘
1101,13:26:36,7.58,0.0,5,3790,买盘
1102,13:26:43,7.57,-0.01,23,17411,卖盘
1103,13:26:51,7.58,0.01,23,17434,买盘
1104,13:27:15,7.58,0.0,14,10612,买盘
1105,13:27:25,7.58,0.0,4,3032,买盘
1106,13:27:31,7.58,0.0,14,10612,买盘
1107,13:27:40,7.57,-0.01,50,37850,卖盘
1108,13:27:42,7.58,0.01,6,4548,买盘
1109,13:27:45,7.57,-0.01,50,37850,卖盘
1110,13:27:55,7.57,0.0,2,1514,卖盘
1111,13:27:58,7.57,0.0,23,17411,卖盘
1112,13:28:10,7.57,0.0,10,7570,买盘
1113,13:28:49,7.57,0.0,60,45370,买盘
1114,13:29:09,7.57,0.0,10,7570,卖盘
1115,13:29:43,7.57,0.0,5,3785,卖盘
1116,13:29:46,7.57,0.0,94,71158,卖盘
1117,13:30:01,7.57,0.0,1,757,买盘
1118,13:30:04,7.57,0.0,96,72672,买盘
1119,13:30:22,7.57,0.0,100,75700,卖盘
1120,13:30:25,7.57,0.0,21,15897,卖盘
1121,13:30:46,7.57,0.0,100,75700,卖盘
1122,13:31:33,7.58,0.01,4,3032,买盘
1123,13:31:52,7.58,0.0,4,3032,买盘
1124,13:32:00,7.58,0.0,4,3032,买盘
1125,13:32:13,7.58,0.0,20,15160,买盘
1126,13:32:21,7.57,-0.01,50,37850,卖盘
1127,13:32:30,7.57,0.0,42,31794,卖盘
1128,13:33:10,7.58,0.01,4,3032,买盘
1129,13:33:22,7.58,0.0,16,12128,买盘
1130,13:33:52,7.57,-0.01,2,1514,卖盘
1131,13:33:55,7.57,0.0,1,757,卖盘
1132,13:34:27,7.57,0.0,2,1514,卖盘
1133,13:34:31,7.57,0.0,2,1514,卖盘
1134,13:34:34,7.57,0.0,5,3785,卖盘
1135,13:34:37,7.57,0.0,50,37850,卖盘
1136,13:34:40,7.57,0.0,10,7570,卖盘
1137,13:34:52,7.58,0.01,5,3790,买盘
1138,13:34:55,7.58,0.0,4,3032,买盘
1139,13:35:04,7.57,-0.01,122,92354,卖盘
1140,13:35:21,7.57,0.0,8,6056,卖盘
1141,13:35:28,7.57,0.0,39,29523,卖盘
1142,13:35:30,7.57,0.0,4,3028,卖盘
1143,13:36:04,7.57,0.0,1,757,买盘
1144,13:36:28,7.56,-0.01,15,11340,卖盘
1145,13:37:18,7.57,0.01,1,757,买盘
1146,13:37:30,7.57,0.0,4,3028,买盘
1147,13:37:33,7.57,0.0,1,757,买盘
1148,13:37:43,7.57,0.0,1,757,买盘
1149,13:37:51,7.56,-0.01,14,10584,卖盘
1150,13:38:12,7.57,0.01,4,3028,买盘
1151,13:38:15,7.57,0.0,7,5299,买盘
1152,13:38:46,7.57,0.0,43,32551,买盘
1153,13:38:49,7.57,0.0,11,8327,买盘
1154,13:38:52,7.57,0.0,83,62831,买盘
1155,13:38:55,7.57,0.0,43,32551,买盘
1156,13:39:04,7.58,0.01,58,43953,买盘
1157,13:39:10,7.58,0.0,9,6822,买盘
1158,13:39:19,7.58,0.0,2,1516,买盘
1159,13:39:34,7.58,0.0,5,3790,买盘
1160,13:39:49,7.58,0.0,5,3790,买盘
1161,13:40:27,7.58,0.0,5,3790,买盘
1162,13:40:37,7.58,0.0,67,50786,买盘
1163,13:40:43,7.58,0.0,4,3032,买盘
1164,13:40:58,7.58,0.0,4,3032,买盘
1165,13:41:00,7.58,0.0,2,1516,买盘
1166,13:41:46,7.58,0.0,10,7580,买盘
1167,13:41:52,7.57,-0.01,1,757,卖盘
1168,13:42:30,7.57,0.0,11,8327,卖盘
1169,13:42:36,7.58,0.01,4,3032,买盘
1170,13:42:49,7.57,-0.01,6,4542,卖盘
1171,13:43:04,7.57,0.0,14,10602,卖盘
1172,13:43:21,7.58,0.01,50,37900,买盘
1173,13:43:40,7.58,0.0,4,3032,买盘
1174,13:43:49,7.58,0.0,10,7580,买盘
1175,13:44:10,7.58,0.0,130,98540,买盘
1176,13:44:19,7.58,0.0,9,6822,买盘
1177,13:44:21,7.58,0.0,4,3032,买盘
1178,13:44:27,7.58,0.0,2,1516,买盘
1179,13:44:40,7.58,0.0,14,10612,买盘
1180,13:44:48,7.57,-0.01,13,9841,卖盘
1181,13:45:19,7.57,0.0,65,49205,卖盘
1182,13:45:33,7.58,0.01,12,9096,买盘
1183,13:45:40,7.58,0.0,168,127344,买盘
1184,13:45:42,7.57,-0.01,78,59046,卖盘
1185,13:45:46,7.58,0.01,1,758,买盘
1186,13:46:22,7.58,0.0,1,758,买盘
1187,13:46:24,7.58,0.0,6,4548,买盘
1188,13:47:22,7.58,0.0,2,1516,买盘
1189,13:47:34,7.58,0.0,3,2274,买盘
1190,13:47:45,7.58,0.0,5,3790,买盘
1191,13:47:51,7.58,0.0,4,3032,买盘
1192,13:47:55,7.58,0.0,2,1516,买盘
1193,13:48:06,7.58,0.0,20,15160,买盘
1194,13:48:10,7.57,-0.01,10,7570,卖盘
1195,13:48:33,7.58,0.01,4,3032,买盘
1196,13:48:40,7.57,-0.01,30,22710,卖盘
1197,13:48:57,7.58,0.01,1,758,买盘
1198,13:49:00,7.57,-0.01,2,1514,卖盘
1199,13:49:04,7.58,0.01,5,3790,买盘
1200,13:49:27,7.58,0.0,26,19683,买盘
1201,13:49:30,7.57,-0.01,10,7570,卖盘
1202,13:49:51,7.57,0.0,3,2271,卖盘
1203,13:49:57,7.57,0.0,2,1514,卖盘
1204,13:50:04,7.57,0.0,100,75700,卖盘
1205,13:50:12,7.57,0.0,3,2271,卖盘
1206,13:50:27,7.57,0.0,15,11355,卖盘
1207,13:51:15,7.57,0.0,3,2271,卖盘
1208,13:51:37,7.57,0.0,1,757,卖盘
1209,13:51:52,7.57,0.0,1,757,卖盘
1210,13:51:55,7.57,0.0,13,9844,卖盘
1211,13:52:00,7.57,0.0,5,3785,卖盘
1212,13:52:07,7.57,0.0,15,11355,买盘
1213,13:52:21,7.58,0.01,4,3032,买盘
1214,13:52:28,7.57,-0.01,2,1514,买盘
1215,13:52:33,7.57,0.0,2,1514,卖盘
1216,13:52:37,7.57,0.0,7,5299,卖盘
1217,13:52:43,7.58,0.01,2,1516,买盘
1218,13:53:01,7.57,-0.01,32,24224,卖盘
1219,13:53:04,7.57,0.0,8,6056,买盘
1220,13:53:07,7.57,0.0,9,6813,买盘
1221,13:53:15,7.57,0.0,1,757,买盘
1222,13:53:46,7.57,0.0,1,757,买盘
1223,13:53:58,7.56,-0.01,9,6804,卖盘
1224,13:54:01,7.56,0.0,50,37800,卖盘
1225,13:54:28,7.56,0.0,114,86184,卖盘
1226,13:54:58,7.57,0.01,4,3028,买盘
1227,13:55:04,7.56,-0.01,3,2268,卖盘
1228,13:55:10,7.57,0.01,4,3028,买盘
1229,13:55:43,7.56,-0.01,58,43852,卖盘
1230,13:55:55,7.57,0.01,2,1514,买盘
1231,13:56:13,7.56,-0.01,40,30240,卖盘
1232,13:56:15,7.56,0.0,10,7560,卖盘
1233,13:56:21,7.56,0.0,2,1512,卖盘
1234,13:56:28,7.56,0.0,1,756,卖盘
1235,13:56:33,7.56,0.0,3,2268,卖盘
1236,13:56:36,7.57,0.01,4,3028,买盘
1237,13:56:42,7.56,-0.01,1,756,卖盘
1238,13:56:52,7.56,0.0,21,15876,卖盘
1239,13:56:57,7.56,0.0,6,4536,买盘
1240,13:57:04,7.56,0.0,22,16632,卖盘
1241,13:57:10,7.56,0.0,21,15876,买盘
1242,13:57:16,7.56,0.0,11,8316,买盘
1243,13:57:21,7.56,0.0,10,7560,买盘
1244,13:57:36,7.56,0.0,74,55944,买盘
1245,13:57:43,7.56,0.0,81,61236,买盘
1246,13:57:49,7.56,0.0,21,15876,卖盘
1247,13:58:04,7.57,0.01,96,72672,买盘
1248,13:58:09,7.56,-0.01,3,2268,卖盘
1249,13:58:42,7.56,0.0,1,756,卖盘
1250,13:59:04,7.57,0.01,40,30280,买盘
1251,13:59:07,7.56,-0.01,1,756,卖盘
1252,13:59:42,7.56,0.0,25,18900,卖盘
1253,14:00:00,7.57,0.01,4,3028,买盘
1254,14:00:04,7.56,-0.01,1,756,卖盘
1255,14:00:09,7.57,0.01,2,1514,买盘
1256,14:00:33,7.57,0.0,4,3028,买盘
1257,14:00:52,7.57,0.0,2,1514,买盘
1258,14:01:00,7.57,0.0,5,3785,买盘
1259,14:01:10,7.57,0.0,5,3785,买盘
1260,14:01:27,7.57,0.0,4,3028,买盘
1261,14:01:33,7.57,0.0,10,7570,买盘
1262,14:01:39,7.57,0.0,2,1514,买盘
1263,14:01:46,7.57,0.0,2,1514,买盘
1264,14:01:48,7.57,0.0,11,8327,买盘
1265,14:01:55,7.57,0.0,12,9084,买盘
1266,14:02:15,7.56,-0.01,32,24194,卖盘
1267,14:02:19,7.56,0.0,10,7560,卖盘
1268,14:02:22,7.57,0.01,4,3028,买盘
1269,14:02:28,7.56,-0.01,10,7560,卖盘
1270,14:02:31,7.57,0.01,4,3028,买盘
1271,14:02:33,7.57,0.0,12,9084,买盘
1272,14:02:36,7.56,-0.01,5,3780,卖盘
1273,14:02:39,7.56,0.0,60,45360,卖盘
1274,14:02:52,7.57,0.01,27,20439,买盘
1275,14:03:04,7.57,0.0,12,9084,买盘
1276,14:03:31,7.57,0.0,4,3028,买盘
1277,14:03:33,7.57,0.0,12,9084,买盘
1278,14:03:37,7.57,0.0,23,17401,买盘
1279,14:03:40,7.56,-0.01,20,15124,卖盘
1280,14:03:55,7.56,0.0,1,756,卖盘
1281,14:03:57,7.56,0.0,7,5296,卖盘
1282,14:04:00,7.56,0.0,75,56700,卖盘
1283,14:04:04,7.56,0.0,27,20412,卖盘
1284,14:04:07,7.56,0.0,11,8316,买盘
1285,14:04:16,7.55,-0.01,33,24918,卖盘
1286,14:04:25,7.55,0.0,8,6040,卖盘
1287,14:04:27,7.56,0.01,1,756,买盘
1288,14:04:34,7.56,0.0,12,9072,买盘
1289,14:04:37,7.56,0.0,13,9828,买盘
1290,14:04:48,7.55,-0.01,31,23405,卖盘
1291,14:04:51,7.55,0.0,10,7550,卖盘
1292,14:05:09,7.55,0.0,62,46810,卖盘
1293,14:05:22,7.55,0.0,73,55115,卖盘
1294,14:05:28,7.55,0.0,138,104190,卖盘
1295,14:05:34,7.55,0.0,14,10570,买盘
1296,14:05:37,7.55,0.0,17,12835,买盘
1297,14:05:46,7.54,-0.01,20,15080,卖盘
1298,14:05:48,7.54,0.0,163,122902,卖盘
1299,14:05:55,7.54,0.0,15,11310,卖盘
1300,14:06:01,7.54,0.0,3,2262,卖盘
1301,14:06:04,7.54,0.0,50,37700,卖盘
1302,14:06:07,7.54,0.0,20,15080,卖盘
1303,14:06:19,7.54,0.0,4,3016,卖盘
1304,14:06:21,7.54,0.0,231,174174,卖盘
1305,14:06:25,7.54,0.0,13,9806,卖盘
1306,14:06:28,7.55,0.01,9,6795,买盘
1307,14:06:33,7.55,0.0,11,8305,买盘
1308,14:06:37,7.54,-0.01,60,45266,卖盘
1309,14:06:39,7.55,0.01,12,9067,卖盘
1310,14:06:52,7.55,0.0,8,6040,买盘
1311,14:07:01,7.55,0.0,14,10570,卖盘
1312,14:07:04,7.55,0.0,14,10570,买盘
1313,14:07:07,7.55,0.0,11,8305,买盘
1314,14:07:10,7.55,0.0,4,3020,买盘
1315,14:07:13,7.55,0.0,23,17365,买盘
1316,14:07:16,7.56,0.01,100,75505,买盘
1317,14:07:27,7.56,0.0,3,2268,买盘
1318,14:07:34,7.56,0.0,2,1512,买盘
1319,14:07:37,7.55,-0.01,41,30966,卖盘
1320,14:07:40,7.56,0.01,1,756,买盘
1321,14:07:58,7.56,0.0,3,2268,买盘
1322,14:08:01,7.56,0.0,1,756,买盘
1323,14:08:04,7.56,0.0,2,1512,买盘
1324,14:08:07,7.56,0.0,11,8316,买盘
1325,14:08:28,7.56,0.0,1,756,买盘
1326,14:08:34,7.56,0.0,31,23407,买盘
1327,14:08:39,7.55,-0.01,25,18875,卖盘
1328,14:08:46,7.55,0.0,5,3775,买盘
1329,14:09:12,7.56,0.01,4,3024,买盘
1330,14:09:16,7.55,-0.01,9,6795,卖盘
1331,14:09:18,7.55,0.0,10,7550,卖盘
1332,14:09:21,7.55,0.0,2,1510,卖盘
1333,14:09:28,7.56,0.01,1,756,买盘
1334,14:09:34,7.56,0.0,2,1512,买盘
1335,14:09:36,7.55,-0.01,1,755,卖盘
1336,14:09:42,7.56,0.01,3,2268,买盘
1337,14:09:52,7.56,0.0,4,3024,买盘
1338,14:09:54,7.55,-0.01,20,15100,卖盘
1339,14:09:58,7.56,0.01,1,756,买盘
1340,14:10:04,7.55,-0.01,5,3775,卖盘
1341,14:10:13,7.55,0.0,9,6795,卖盘
1342,14:10:19,7.55,0.0,3,2265,买盘
1343,14:10:30,7.54,-0.01,112,84452,卖盘
1344,14:10:36,7.55,0.01,25,18875,买盘
1345,14:10:39,7.54,-0.01,13,9802,卖盘
1346,14:10:43,7.55,0.01,4,3020,买盘
1347,14:10:48,7.55,0.0,2,1510,买盘
1348,14:10:55,7.54,-0.01,350,263900,卖盘
1349,14:11:07,7.54,0.0,60,45240,卖盘
1350,14:11:10,7.54,0.0,4,3016,卖盘
1351,14:11:15,7.54,0.0,109,82186,卖盘
1352,14:11:21,7.55,0.01,99,74686,买盘
1353,14:11:34,7.55,0.0,8,6040,买盘
1354,14:11:40,7.54,-0.01,13,9802,卖盘
1355,14:11:42,7.55,0.01,2,1510,买盘
1356,14:11:46,7.54,-0.01,30,22620,卖盘
1357,14:11:58,7.54,0.0,23,17342,卖盘
1358,14:12:25,7.55,0.01,1,755,买盘
1359,14:12:28,7.55,0.0,6,4530,买盘
1360,14:12:33,7.54,-0.01,10,7540,卖盘
1361,14:12:37,7.55,0.01,24,18105,买盘
1362,14:12:58,7.54,-0.01,20,15080,卖盘
1363,14:13:06,7.55,0.01,4,3020,买盘
1364,14:13:13,7.54,-0.01,150,113100,卖盘
1365,14:13:15,7.55,0.01,2,1510,买盘
1366,14:13:22,7.55,0.0,3,2265,买盘
1367,14:13:27,7.54,-0.01,3,2263,卖盘
1368,14:13:55,7.54,0.0,9,6786,卖盘
1369,14:14:10,7.54,0.0,13,9802,卖盘
1370,14:14:13,7.54,0.0,10,7540,卖盘
1371,14:14:16,7.55,0.01,2,1510,买盘
1372,14:14:21,7.54,-0.01,23,17353,卖盘
1373,14:14:28,7.55,0.01,6,4530,买盘
1374,14:14:40,7.55,0.0,10,7550,买盘
1375,14:14:52,7.55,0.0,49,36995,买盘
1376,14:14:58,7.55,0.0,14,10570,买盘
1377,14:15:01,7.55,0.0,33,24915,买盘
1378,14:15:04,7.55,0.0,33,24915,买盘
1379,14:15:13,7.55,0.0,2,1510,买盘
1380,14:15:16,7.55,0.0,1,755,买盘
1381,14:15:19,7.55,0.0,7,5285,买盘
1382,14:15:22,7.55,0.0,218,164590,买盘
1383,14:15:25,7.55,0.0,15,11325,卖盘
1384,14:15:28,7.55,0.0,39,29445,卖盘
1385,14:15:43,7.55,0.0,2,1510,买盘
1386,14:15:46,7.55,0.0,10,7550,买盘
1387,14:15:52,7.55,0.0,3,2265,买盘
1388,14:15:58,7.55,0.0,7,5285,买盘
1389,14:16:01,7.55,0.0,4,3020,买盘
1390,14:16:18,7.55,0.0,1,755,买盘
1391,14:16:27,7.55,0.0,7,5285,买盘
1392,14:16:52,7.55,0.0,4,3020,买盘
1393,14:16:58,7.55,0.0,7,5285,买盘
1394,14:17:00,7.55,0.0,1,755,买盘
1395,14:17:04,7.55,0.0,4,3020,买盘
1396,14:17:19,7.55,0.0,100,75500,买盘
1397,14:17:27,7.55,0.0,35,26425,买盘
1398,14:17:33,7.55,0.0,25,18875,买盘
1399,14:17:36,7.55,0.0,35,26425,买盘
1400,14:17:49,7.54,-0.01,26,19625,卖盘
1401,14:17:54,7.55,0.01,4,3020,买盘
1402,14:18:00,7.55,0.0,2,1510,买盘
1403,14:18:04,7.55,0.0,4,3020,买盘
1404,14:18:10,7.55,0.0,3,2265,买盘
1405,14:18:28,7.55,0.0,7,5285,买盘
1406,14:18:31,7.55,0.0,7,5285,买盘
1407,14:18:37,7.54,-0.01,137,103298,卖盘
1408,14:18:45,7.54,0.0,138,104052,卖盘
1409,14:19:04,7.55,0.01,7,5285,买盘
1410,14:19:12,7.54,-0.01,50,37700,卖盘
1411,14:19:16,7.55,0.01,1,755,买盘
1412,14:19:19,7.55,0.0,11,8305,买盘
1413,14:19:28,7.55,0.0,7,5285,买盘
1414,14:19:31,7.55,0.0,5,3775,买盘
1415,14:19:37,7.54,-0.01,10,7540,卖盘
1416,14:19:43,7.54,0.0,20,15080,卖盘
1417,14:19:49,7.55,0.01,38,28690,买盘
1418,14:19:51,7.54,-0.01,90,67860,卖盘
1419,14:20:01,7.54,0.0,300,226200,卖盘
1420,14:20:15,7.54,0.0,346,260884,卖盘
1421,14:20:18,7.54,0.0,4,3016,买盘
1422,14:20:31,7.53,-0.01,4,3012,卖盘
1423,14:20:33,7.53,0.0,4,3014,卖盘
1424,14:20:37,7.53,0.0,3,2259,卖盘
1425,14:20:46,7.53,0.0,65,48945,卖盘
1426,14:20:54,7.53,0.0,20,15060,买盘
1427,14:21:27,7.52,-0.01,1,752,卖盘
1428,14:21:30,7.53,0.01,2,1506,买盘
1429,14:21:37,7.52,-0.01,10,7520,卖盘
1430,14:21:48,7.52,0.0,8,6016,卖盘
1431,14:22:04,7.52,0.0,150,112800,卖盘
1432,14:22:12,7.52,0.0,49,36848,卖盘
1433,14:22:16,7.52,0.0,47,35344,卖盘
1434,14:22:21,7.52,0.0,4,3008,卖盘
1435,14:22:27,7.52,0.0,10,7520,卖盘
1436,14:22:40,7.52,0.0,2,1504,卖盘
1437,14:22:45,7.52,0.0,18,13536,买盘
1438,14:22:51,7.52,0.0,15,11280,买盘
1439,14:22:54,7.51,-0.01,12,9012,卖盘
1440,14:22:57,7.51,0.0,2,1503,卖盘
1441,14:23:13,7.51,0.0,1,751,卖盘
1442,14:23:15,7.52,0.01,2,1504,买盘
1443,14:23:18,7.52,0.0,5,3760,买盘
1444,14:23:21,7.51,-0.01,44,33048,卖盘
1445,14:23:25,7.52,0.01,100,75200,买盘
1446,14:23:31,7.51,-0.01,1,751,卖盘
1447,14:23:42,7.52,0.01,55,41360,买盘
1448,14:23:49,7.52,0.0,20,15040,买盘
1449,14:23:52,7.52,0.0,3,2256,买盘
1450,14:23:55,7.52,0.0,13,9776,买盘
1451,14:24:01,7.51,-0.01,3,2253,卖盘
1452,14:24:04,7.52,0.01,4,3008,买盘
1453,14:24:07,7.51,-0.01,1,751,卖盘
1454,14:24:09,7.52,0.01,1,752,买盘
1455,14:24:15,7.52,0.0,1,752,买盘
1456,14:24:21,7.51,-0.01,19,14269,卖盘
1457,14:24:28,7.52,0.01,1,752,买盘
1458,14:24:46,7.51,-0.01,1,751,卖盘
1459,14:24:49,7.52,0.01,61,45872,买盘
1460,14:24:57,7.52,0.0,12,9024,卖盘
1461,14:25:04,7.52,0.0,62,46681,卖盘
1462,14:25:10,7.53,0.01,2,1506,买盘
1463,14:25:19,7.53,0.0,1,753,买盘
1464,14:25:21,7.52,-0.01,5,3764,卖盘
1465,14:25:34,7.52,0.0,4,3008,卖盘
1466,14:25:58,7.52,0.0,1,752,卖盘
1467,14:26:07,7.52,0.0,196,147392,卖盘
1468,14:26:12,7.52,0.0,4,3008,卖盘
1469,14:26:18,7.52,0.0,10,7520,卖盘
1470,14:26:25,7.53,0.01,4,3012,买盘
1471,14:26:31,7.52,-0.01,1,752,卖盘
1472,14:26:40,7.53,0.01,21,15813,买盘
1473,14:26:42,7.53,0.0,10,7530,买盘
1474,14:27:07,7.53,0.0,248,186744,买盘
1475,14:27:28,7.54,0.01,5,3770,买盘
1476,14:27:42,7.54,0.0,5,3770,买盘
1477,14:28:06,7.54,0.0,27,20358,买盘
1478,14:28:09,7.54,0.0,71,53534,买盘
1479,14:28:22,7.54,0.0,26,19603,买盘
1480,14:28:37,7.54,0.0,149,112346,买盘
1481,14:28:40,7.54,0.0,6,4524,卖盘
1482,14:28:49,7.55,0.01,4,3020,买盘
1483,14:29:00,7.55,0.0,4,3020,买盘
1484,14:29:15,7.55,0.0,16,12080,买盘
1485,14:29:39,7.54,-0.01,20,15080,卖盘
1486,14:29:52,7.54,0.0,2,1508,卖盘
1487,14:29:55,7.54,0.0,30,22620,卖盘
1488,14:30:01,7.54,0.0,4,3016,卖盘
1489,14:30:04,7.54,0.0,35,26390,卖盘
1490,14:30:13,7.55,0.01,20,15100,买盘
1491,14:30:25,7.55,0.0,4,3020,买盘
1492,14:30:34,7.55,0.0,75,56625,买盘
1493,14:30:49,7.55,0.0,11,8305,买盘
1494,14:31:16,7.54,-0.01,10,7540,卖盘
1495,14:31:19,7.55,0.01,2,1510,买盘
1496,14:31:30,7.55,0.0,4,3020,买盘
1497,14:31:43,7.54,-0.01,27,20358,卖盘
1498,14:31:54,7.55,0.01,17,12829,买盘
1499,14:32:01,7.54,-0.01,1,754,卖盘
1500,14:32:09,7.54,0.0,4,3016,卖盘
1501,14:32:18,7.54,0.0,15,11310,卖盘
1502,14:32:22,7.54,0.0,2,1508,卖盘
1503,14:32:25,7.54,0.0,9,6786,卖盘
1504,14:32:28,7.54,0.0,30,22620,卖盘
1505,14:32:31,7.54,0.0,10,7540,卖盘
1506,14:32:36,7.55,0.01,54,40718,买盘
1507,14:32:49,7.54,-0.01,1,754,买盘
1508,14:33:10,7.53,-0.01,42,31626,卖盘
1509,14:33:13,7.54,0.01,1,754,买盘
1510,14:33:39,7.53,-0.01,85,64009,卖盘
1511,14:33:58,7.53,0.0,11,8283,卖盘
1512,14:34:04,7.53,0.0,50,37650,买盘
1513,14:34:10,7.52,-0.01,341,256432,卖盘
1514,14:34:21,7.51,-0.01,16,12016,卖盘
1515,14:34:39,7.51,0.0,13,9763,卖盘
1516,14:34:46,7.52,0.01,7,5264,买盘
1517,14:34:48,7.51,-0.01,10,7510,卖盘
1518,14:34:58,7.52,0.01,8,6016,买盘
1519,14:35:04,7.51,-0.01,47,35301,卖盘
1520,14:35:07,7.52,0.01,5,3760,买盘
1521,14:35:22,7.52,0.0,1,752,买盘
1522,14:35:25,7.51,-0.01,7,5257,卖盘
1523,14:35:37,7.51,0.0,10,7510,卖盘
1524,14:35:43,7.51,0.0,228,171243,卖盘
1525,14:35:54,7.52,0.01,25,18800,买盘
1526,14:36:13,7.52,0.0,61,45872,卖盘
1527,14:36:16,7.53,0.01,4,3012,买盘
1528,14:36:28,7.53,0.0,1,753,买盘
1529,14:36:30,7.52,-0.01,1,752,卖盘
1530,14:37:01,7.52,0.0,8,6016,卖盘
1531,14:37:04,7.52,0.0,1,752,卖盘
1532,14:37:07,7.53,0.01,5,3765,买盘
1533,14:37:28,7.53,0.0,6,4518,买盘
1534,14:37:31,7.53,0.0,4,3012,买盘
1535,14:37:37,7.53,0.0,3,2259,买盘
1536,14:37:48,7.53,0.0,37,27861,买盘
1537,14:37:51,7.53,0.0,34,25602,买盘
1538,14:38:01,7.53,0.0,10,7530,卖盘
1539,14:38:07,7.53,0.0,5,3765,卖盘
1540,14:38:09,7.54,0.01,5,3770,买盘
1541,14:38:28,7.53,-0.01,30,22590,卖盘
1542,14:38:36,7.53,0.0,4,3012,买盘
1543,14:38:52,7.53,0.0,3,2259,买盘
1544,14:38:58,7.53,0.0,24,18070,买盘
1545,14:39:07,7.52,-0.01,2,1505,卖盘
1546,14:39:13,7.53,0.01,20,15060,买盘
1547,14:39:28,7.53,0.0,3,2259,买盘
1548,14:39:43,7.52,-0.01,108,81308,卖盘
1549,14:39:57,7.53,0.01,10,7530,卖盘
1550,14:40:00,7.53,0.0,1,753,卖盘
1551,14:40:04,7.53,0.0,18,13554,卖盘
1552,14:40:36,7.53,0.0,1,753,卖盘
1553,14:41:01,7.54,0.01,11,8293,买盘
1554,14:41:07,7.54,0.0,10,7540,买盘
1555,14:41:10,7.53,-0.01,151,113703,卖盘
1556,14:41:13,7.53,0.0,14,10542,买盘
1557,14:41:16,7.53,0.0,42,31626,买盘
1558,14:41:21,7.53,0.0,5,3765,买盘
1559,14:41:25,7.53,0.0,14,10542,买盘
1560,14:41:28,7.53,0.0,1,753,买盘
1561,14:41:31,7.53,0.0,10,7530,买盘
1562,14:41:46,7.53,0.0,10,7530,买盘
1563,14:41:49,7.53,0.0,40,30120,买盘
1564,14:41:52,7.53,0.0,30,22590,卖盘
1565,14:41:55,7.54,0.01,1,754,买盘
1566,14:41:58,7.54,0.0,1,754,买盘
1567,14:42:07,7.53,-0.01,9,6781,卖盘
1568,14:42:13,7.53,0.0,38,28614,买盘
1569,14:42:16,7.53,0.0,1,753,买盘
1570,14:42:19,7.53,0.0,18,13554,买盘
1571,14:42:21,7.53,0.0,9,6777,买盘
1572,14:42:25,7.52,-0.01,199,149665,卖盘
1573,14:42:28,7.53,0.01,1,753,买盘
1574,14:42:33,7.53,0.0,48,36144,买盘
1575,14:42:37,7.53,0.0,55,41415,买盘
1576,14:42:40,7.54,0.01,2,1508,买盘
1577,14:42:43,7.53,-0.01,1,753,卖盘
1578,14:42:49,7.53,0.0,1,753,卖盘
1579,14:42:52,7.53,0.0,5,3765,卖盘
1580,14:42:55,7.53,0.0,4,3012,买盘
1581,14:43:07,7.53,0.0,4,3012,卖盘
1582,14:43:13,7.53,0.0,3,2259,买盘
1583,14:43:15,7.53,0.0,9,6777,卖盘
1584,14:43:18,7.53,0.0,1,753,买盘
1585,14:43:22,7.53,0.0,11,8283,买盘
1586,14:43:25,7.53,0.0,10,7530,中性盘
1587,14:43:34,7.52,-0.01,1,752,卖盘
1588,14:43:37,7.52,0.0,18,13536,卖盘
1589,14:43:46,7.53,0.01,5,3765,买盘
1590,14:43:51,7.53,0.0,12,9036,买盘
1591,14:43:57,7.53,0.0,7,5271,买盘
1592,14:44:04,7.54,0.01,11,8286,买盘
1593,14:44:07,7.52,-0.02,10,7520,卖盘
1594,14:44:15,7.53,0.01,2,1506,买盘
1595,14:44:21,7.52,-0.01,5,3760,卖盘
1596,14:44:28,7.53,0.01,1,753,买盘
1597,14:44:34,7.52,-0.01,16,12032,卖盘
1598,14:44:40,7.52,0.0,100,75211,卖盘
1599,14:44:45,7.53,0.01,44,33132,买盘
1600,14:44:57,7.54,0.01,16,12064,买盘
1601,14:45:06,7.53,-0.01,6,4518,卖盘
1602,14:45:25,7.54,0.01,197,148537,买盘
1603,14:45:28,7.53,-0.01,121,91229,卖盘
1604,14:45:48,7.53,0.0,9,6777,卖盘
1605,14:46:13,7.54,0.01,10,7540,卖盘
1606,14:46:19,7.54,0.0,10,7540,卖盘
1607,14:46:25,7.54,0.0,2,1508,卖盘
1608,14:46:37,7.55,0.01,110,83050,买盘
1609,14:46:43,7.55,0.0,7,5285,买盘
1610,14:46:49,7.55,0.0,12,9060,买盘
1611,14:46:57,7.55,0.0,13,9815,买盘
1612,14:47:07,7.55,0.0,41,30955,买盘
1613,14:47:31,7.55,0.0,60,45300,买盘
1614,14:47:34,7.55,0.0,36,27180,买盘
1615,14:47:39,7.54,-0.01,13,9806,卖盘
1616,14:47:42,7.55,0.01,25,18875,买盘
1617,14:47:46,7.55,0.0,9,6795,买盘
1618,14:48:07,7.55,0.0,103,77765,买盘
1619,14:48:10,7.54,-0.01,6,4524,卖盘
1620,14:48:13,7.55,0.01,50,37750,买盘
1621,14:48:22,7.55,0.0,4,3020,买盘
1622,14:48:37,7.55,0.0,18,13588,买盘
1623,14:48:40,7.55,0.0,15,11325,卖盘
1624,14:48:46,7.55,0.0,3,2265,卖盘
1625,14:48:49,7.55,0.0,1,755,卖盘
1626,14:48:52,7.55,0.0,5,3775,卖盘
1627,14:49:01,7.55,0.0,32,24160,买盘
1628,14:49:04,7.55,0.0,88,66440,卖盘
1629,14:49:06,7.55,0.0,1,755,买盘
1630,14:49:10,7.55,0.0,12,9060,买盘
1631,14:49:19,7.55,0.0,75,56625,买盘
1632,14:49:25,7.55,0.0,10,7550,买盘
1633,14:49:40,7.55,0.0,10,7550,买盘
1634,14:49:52,7.54,-0.01,8,6032,卖盘
1635,14:50:01,7.54,0.0,8,6032,卖盘
1636,14:50:07,7.55,0.01,1,755,买盘
1637,14:50:10,7.54,-0.01,50,37700,卖盘
1638,14:50:13,7.55,0.01,83,62647,买盘
1639,14:50:15,7.55,0.0,2,1510,买盘
1640,14:50:22,7.55,0.0,16,12080,买盘
1641,14:50:25,7.55,0.0,50,37750,买盘
1642,14:50:28,7.54,-0.01,1,754,卖盘
1643,14:50:34,7.55,0.01,17,12835,买盘
1644,14:50:40,7.55,0.0,1,755,买盘
1645,14:50:42,7.55,0.0,39,29445,买盘
1646,14:50:46,7.55,0.0,2,1510,买盘
1647,14:50:49,7.55,0.0,2,1509,买盘
1648,14:50:52,7.55,0.0,12,9060,买盘
1649,14:50:57,7.55,0.0,10,7550,买盘
1650,14:51:01,7.55,0.0,11,8305,买盘
1651,14:51:10,7.55,0.0,34,25670,卖盘
1652,14:51:12,7.56,0.01,1,756,买盘
1653,14:51:21,7.55,-0.01,3,2265,卖盘
1654,14:51:25,7.56,0.01,3,2268,买盘
1655,14:51:28,7.56,0.0,1,756,买盘
1656,14:51:37,7.55,-0.01,13,9815,卖盘
1657,14:51:40,7.56,0.01,3,2268,买盘
1658,14:51:43,7.56,0.0,10,7560,买盘
1659,14:51:46,7.56,0.0,1,756,买盘
1660,14:51:49,7.56,0.0,50,37783,买盘
1661,14:51:58,7.56,0.0,30,22680,买盘
1662,14:52:01,7.55,-0.01,26,19650,卖盘
1663,14:52:06,7.56,0.01,8,6048,买盘
1664,14:52:10,7.56,0.0,5,3780,买盘
1665,14:52:13,7.56,0.0,173,130665,买盘
1666,14:52:19,7.56,0.0,1,756,买盘
1667,14:52:34,7.55,-0.01,3,2265,卖盘
1668,14:52:51,7.55,0.0,1,755,卖盘
1669,14:52:55,7.55,0.0,7,5285,卖盘
1670,14:53:04,7.55,0.0,11,8305,卖盘
1671,14:53:07,7.55,0.0,21,15874,卖盘
1672,14:53:10,7.55,0.0,50,37750,卖盘
1673,14:53:16,7.56,0.01,4,3024,买盘
1674,14:53:21,7.55,-0.01,10,7550,卖盘
1675,14:53:24,7.56,0.01,1,756,买盘
1676,14:53:31,7.55,-0.01,16,12080,卖盘
1677,14:53:34,7.56,0.01,5,3780,买盘
1678,14:53:43,7.55,-0.01,19,14345,卖盘
1679,14:53:55,7.56,0.01,10,7560,买盘
1680,14:54:01,7.55,-0.01,3,2265,卖盘
1681,14:54:10,7.56,0.01,224,169304,买盘
1682,14:54:19,7.57,0.01,17,12853,买盘
1683,14:54:22,7.56,-0.01,7,5292,卖盘
1684,14:54:25,7.56,0.0,10,7560,买盘
1685,14:54:28,7.55,-0.01,10,7550,卖盘
1686,14:54:31,7.55,0.0,10,7550,卖盘
1687,14:54:34,7.57,0.02,41,31022,买盘
1688,14:54:37,7.55,-0.02,1,755,卖盘
1689,14:54:42,7.57,0.02,16,12099,买盘
1690,14:54:52,7.56,-0.01,30,22680,卖盘
1691,14:55:13,7.58,0.02,276,208944,买盘
1692,14:55:18,7.57,-0.01,31,23467,卖盘
1693,14:55:22,7.57,0.0,92,69644,卖盘
1694,14:55:25,7.58,0.01,22,16676,买盘
1695,14:55:28,7.58,0.0,1,758,买盘
1696,14:55:31,7.58,0.0,22,16676,买盘
1697,14:55:37,7.58,0.0,1,758,买盘
1698,14:55:43,7.57,-0.01,16,12112,卖盘
1699,14:55:46,7.57,0.0,3,2271,卖盘
1700,14:55:51,7.57,0.0,3,2271,卖盘
1701,14:55:58,7.58,0.01,52,39416,买盘
1702,14:56:01,7.58,0.0,8,6064,买盘
1703,14:56:04,7.58,0.0,110,83280,买盘
1704,14:56:10,7.58,0.0,33,25014,买盘
1705,14:56:13,7.57,-0.01,132,99927,卖盘
1706,14:56:16,7.58,0.01,283,214494,买盘
1707,14:56:22,7.58,0.0,30,22740,买盘
1708,14:56:25,7.58,0.0,86,65188,买盘
1709,14:56:28,7.57,-0.01,23,17411,卖盘
1710,14:56:34,7.58,0.01,35,26530,买盘
1711,14:56:40,7.57,-0.01,26,19682,卖盘
1712,14:56:46,7.57,0.0,12,9084,卖盘
1713,14:56:49,7.58,0.01,33,24982,买盘
1714,14:56:52,7.58,0.0,57,43189,买盘
1715,14:56:55,7.58,0.0,3,2274,买盘
1716,14:56:58,7.57,-0.01,30,22738,卖盘
1717,14:57:01,7.57,0.0,2,1514,卖盘
1718,14:57:03,7.57,0.0,35,26495,卖盘
1719,15:00:04,7.58,0.01,577,437366,卖盘
