,time,price,change,volume,amount,type
0,09:25:04,15.54,-0.03,42,65268,卖盘
1,09:30:00,15.54,0.0,6,9324,买盘
2,09:30:05,15.45,-0.09,139,215314,卖盘
3,09:30:07,15.5,0.05,19,29425,买盘
4,09:30:10,15.49,-0.01,1,1549,中性盘
5,09:30:18,15.49,0.0,3,4647,买盘
6,09:30:22,15.5,0.01,22,34079,买盘
7,09:30:25,15.45,-0.05,16,24720,卖盘
8,09:30:28,15.45,0.0,10,15450,买盘
9,09:30:34,15.45,0.0,14,21630,买盘
10,09:30:37,15.45,0.0,2,3090,买盘
11,09:30:40,15.5,0.05,4,6195,买盘
12,09:30:43,15.5,0.0,2,3100,买盘
13,09:30:45,15.5,0.0,1,1550,买盘
14,09:30:49,15.5,0.0,25,38748,买盘
15,09:30:52,15.5,0.0,11,17050,买盘
16,09:30:54,15.5,0.0,1,1550,买盘
17,09:31:01,15.5,0.0,5,7750,卖盘
18,09:31:04,15.47,-0.03,1,1547,买盘
19,09:31:10,15.53,0.06,23,35690,买盘
20,09:31:13,15.53,0.0,3,4659,买盘
21,09:31:16,15.53,0.0,3,4659,买盘
22,09:31:34,15.53,0.0,5,7765,买盘
23,09:31:36,15.53,0.0,1,1553,买盘
24,09:31:40,15.53,0.0,5,7765,买盘
25,09:31:48,15.53,0.0,3,4659,买盘
26,09:31:55,15.5,-0.03,12,18601,卖盘
27,09:32:06,15.52,0.02,4,6211,中性盘
28,09:32:10,15.5,-0.02,5,7751,卖盘
29,09:32:13,15.52,0.02,1,1552,买盘
30,09:32:16,15.52,0.0,5,7760,买盘
31,09:32:18,15.52,0.0,19,29488,买盘
32,09:32:21,15.53,0.01,18,27937,买盘
33,09:32:25,15.52,-0.01,30,46553,中性盘
34,09:32:28,15.53,0.01,22,34154,买盘
35,09:32:31,15.53,0.0,16,24848,买盘
36,09:32:34,15.53,0.0,13,20189,买盘
37,09:32:37,15.53,0.0,30,46533,买盘
38,09:32:40,15.54,0.01,16,24857,买盘
39,09:32:43,15.56,0.02,5,7774,买盘
40,09:32:46,15.56,0.0,8,12448,买盘
41,09:32:49,15.56,0.0,3,4668,买盘
42,09:32:52,15.57,0.01,20,31122,买盘
43,09:32:58,15.57,0.0,1,1557,买盘
44,09:33:01,15.57,0.0,8,12456,买盘
45,09:33:07,15.74,0.17,5,7869,买盘
46,09:33:09,15.74,0.0,1,1574,买盘
47,09:33:18,15.74,0.0,16,25183,买盘
48,09:33:37,15.7,-0.04,17,26688,买盘
49,09:33:39,15.69,-0.01,2,3138,中性盘
50,09:33:43,15.7,0.01,3,4709,买盘
51,09:33:45,15.69,-0.01,1,1569,中性盘
52,09:33:49,15.7,0.01,47,73782,买盘
53,09:33:58,15.67,-0.03,6,9402,买盘
54,09:34:06,15.68,0.01,3,4704,买盘
55,09:34:09,15.61,-0.07,72,112504,卖盘
56,09:34:13,15.65,0.04,1,1565,中性盘
57,09:34:16,15.65,0.0,5,7825,买盘
58,09:34:25,15.65,0.0,5,7825,买盘
59,09:34:28,15.6,-0.05,8,12483,卖盘
60,09:34:31,15.6,0.0,1,1560,买盘
61,09:34:40,15.6,0.0,2,3120,买盘
62,09:34:43,15.6,0.0,7,10920,买盘
63,09:34:46,15.6,0.0,2,3120,买盘
64,09:35:07,15.65,0.05,2,3129,买盘
65,09:35:09,15.65,0.0,1,1565,买盘
66,09:35:13,15.61,-0.04,10,15622,卖盘
67,09:35:34,15.65,0.04,20,31300,买盘
68,09:35:36,15.67,0.02,46,71994,买盘
69,09:35:40,15.65,-0.02,4,6268,卖盘
70,09:35:43,15.67,0.02,21,32872,中性盘
71,09:35:46,15.67,0.0,12,18800,卖盘
72,09:35:49,15.65,-0.02,8,12520,卖盘
73,09:35:51,15.65,0.0,14,21910,卖盘
74,09:35:54,15.67,0.02,11,17221,买盘
75,09:35:57,15.67,0.0,51,79845,买盘
76,09:36:01,15.67,0.0,50,78349,买盘
77,09:36:04,15.66,-0.01,17,26607,中性盘
78,09:36:07,15.66,0.0,9,14094,买盘
79,09:36:10,15.67,0.01,34,53261,买盘
80,09:36:18,15.67,0.0,3,4699,买盘
81,09:36:22,15.68,0.01,75,117550,买盘
82,09:36:25,15.65,-0.03,8,12520,卖盘
83,09:36:37,15.66,0.01,44,68959,中性盘
84,09:36:42,15.68,0.02,42,65739,买盘
85,09:36:55,15.67,-0.01,5,7835,卖盘
86,09:36:58,15.65,-0.02,33,51663,卖盘
87,09:37:01,15.68,0.03,6,9408,买盘
88,09:37:04,15.65,-0.03,13,20345,卖盘
89,09:37:07,15.67,0.02,1,1567,中性盘
90,09:37:10,15.65,-0.02,18,28170,卖盘
91,09:37:13,15.61,-0.04,24,37526,卖盘
92,09:37:22,15.67,0.06,1,1567,买盘
93,09:37:28,15.67,0.0,5,7835,买盘
94,09:37:36,15.67,0.0,2,3134,买盘
95,09:37:39,15.67,0.0,14,21888,买盘
96,09:37:46,15.62,-0.05,1,1562,卖盘
97,09:37:58,15.62,0.0,20,31240,卖盘
98,09:38:01,15.65,0.03,16,25040,买盘
99,09:38:04,15.6,-0.05,45,70227,卖盘
100,09:38:10,15.6,0.0,3,4680,买盘
101,09:38:13,15.6,0.0,9,14040,买盘
102,09:38:19,15.6,0.0,21,32760,买盘
103,09:38:21,15.6,0.0,3,4680,买盘
104,09:38:24,15.6,0.0,5,7800,买盘
105,09:38:31,15.6,0.0,5,7800,买盘
106,09:38:34,15.6,0.0,6,9360,买盘
107,09:38:37,15.62,0.02,37,57734,买盘
108,09:38:42,15.62,0.0,1,1562,买盘
109,09:38:46,15.68,0.06,19,29776,买盘
110,09:38:57,15.6,-0.08,19,29652,卖盘
111,09:39:07,15.65,0.05,27,42255,买盘
112,09:39:13,15.65,0.0,3,4695,买盘
113,09:39:19,15.65,0.0,10,15650,买盘
114,09:39:22,15.63,-0.02,1,1563,卖盘
115,09:39:25,15.69,0.06,14,21938,买盘
116,09:39:31,15.65,-0.04,1,1565,中性盘
117,09:39:36,15.66,0.01,6,9396,买盘
118,09:39:40,15.66,0.0,1,1566,买盘
119,09:39:46,15.66,0.0,1,1566,买盘
120,09:40:01,15.66,0.0,1,1566,买盘
121,09:40:07,15.66,0.0,43,67316,买盘
122,09:40:10,15.66,0.0,2,3131,买盘
123,09:40:31,15.63,-0.03,6,9378,卖盘
124,09:40:37,15.63,0.0,1,1563,卖盘
125,09:40:40,15.65,0.02,1,1565,买盘
126,09:40:43,15.65,0.0,3,4695,买盘
127,09:40:46,15.62,-0.03,7,10939,卖盘
128,09:40:49,15.63,0.01,1,1563,中性盘
129,09:40:54,15.63,0.0,8,12498,买盘
130,09:41:04,15.62,-0.01,2,3124,卖盘
131,09:41:10,15.63,0.01,8,12504,买盘
132,09:41:13,15.63,0.0,4,6252,买盘
133,09:41:15,15.63,0.0,15,23445,买盘
134,09:41:19,15.62,-0.01,5,7810,卖盘
135,09:41:22,15.63,0.01,3,4687,买盘
136,09:41:25,15.62,-0.01,6,9372,卖盘
137,09:41:31,15.63,0.01,53,82788,买盘
138,09:41:33,15.62,-0.01,10,15620,中性盘
139,09:41:37,15.62,0.0,2,3124,买盘
140,09:41:39,15.63,0.01,3,4687,买盘
141,09:41:43,15.63,0.0,1,1563,买盘
142,09:41:54,15.63,0.0,1,1563,买盘
143,09:41:58,15.62,-0.01,3,4686,卖盘
144,09:42:01,15.63,0.01,42,65646,买盘
145,09:42:04,15.62,-0.01,20,31252,卖盘
146,09:42:07,15.65,0.03,2,3130,买盘
147,09:42:10,15.65,0.0,7,10955,买盘
148,09:42:13,15.65,0.0,10,15650,买盘
149,09:42:36,15.66,0.01,8,12521,买盘
150,09:42:43,15.66,0.0,1,1566,买盘
151,09:42:58,15.66,0.0,5,7830,买盘
152,09:43:07,15.66,0.0,8,12528,买盘
153,09:43:10,15.7,0.04,172,269653,买盘
154,09:43:13,15.7,0.0,25,39250,卖盘
155,09:43:19,15.7,0.0,6,9420,卖盘
156,09:43:28,15.7,0.0,2,3140,买盘
157,09:43:30,15.7,0.0,10,15700,买盘
158,09:43:37,15.7,0.0,3,4710,买盘
159,09:43:42,15.7,0.0,3,4710,买盘
160,09:43:52,15.73,0.03,70,109957,买盘
161,09:44:01,15.73,0.0,2,3146,买盘
162,09:44:07,15.7,-0.03,15,23550,卖盘
163,09:44:10,15.7,0.0,4,6280,买盘
164,09:44:16,15.7,0.0,7,10990,买盘
165,09:44:18,15.7,0.0,10,15700,买盘
166,09:44:27,15.7,0.0,23,36107,买盘
167,09:44:31,15.68,-0.02,10,15687,卖盘
168,09:44:40,15.68,0.0,13,20389,卖盘
169,09:44:46,15.7,0.02,11,17270,买盘
170,09:44:49,15.7,0.0,3,4710,卖盘
171,09:45:01,15.7,0.0,8,12560,买盘
172,09:45:06,15.68,-0.02,9,14110,卖盘
173,09:45:10,15.68,0.0,8,12543,买盘
174,09:45:13,15.65,-0.03,1,1565,卖盘
175,09:45:16,15.67,0.02,2,3134,买盘
176,09:45:19,15.68,0.01,5,7838,买盘
177,09:45:22,15.68,0.0,31,48608,买盘
178,09:45:27,15.62,-0.06,15,23448,卖盘
179,09:45:34,15.62,0.0,8,12496,卖盘
180,09:45:39,15.62,0.0,9,14081,卖盘
181,09:45:43,15.67,0.05,3,4701,买盘
182,09:45:49,15.62,-0.05,10,15620,卖盘
183,09:45:58,15.62,0.0,2,3124,中性盘
184,09:46:01,15.67,0.05,10,15655,买盘
185,09:46:04,15.61,-0.06,5,7811,卖盘
186,09:46:07,15.67,0.06,21,32797,买盘
187,09:46:10,15.67,0.0,3,4701,买盘
188,09:46:13,15.67,0.0,1,1567,买盘
189,09:46:19,15.6,-0.07,46,71786,卖盘
190,09:46:22,15.6,0.0,9,14040,买盘
191,09:46:37,15.64,0.04,21,32797,中性盘
192,09:46:40,15.62,-0.02,4,6254,中性盘
193,09:46:46,15.61,-0.01,19,29659,卖盘
194,09:46:49,15.62,0.01,12,18744,买盘
195,09:46:52,15.62,0.0,18,28116,卖盘
196,09:46:54,15.62,0.0,20,31240,卖盘
197,09:47:01,15.61,-0.01,8,12488,买盘
198,09:47:06,15.61,0.0,3,4683,买盘
199,09:47:10,15.61,0.0,32,49938,买盘
200,09:47:13,15.61,0.0,1,1561,买盘
201,09:47:22,15.59,-0.02,9,14036,卖盘
202,09:47:24,15.59,0.0,17,26492,买盘
203,09:47:37,15.59,0.0,1,1559,买盘
204,09:47:39,15.6,0.01,8,12474,买盘
205,09:47:46,15.6,0.0,2,3121,卖盘
206,09:48:01,15.58,-0.02,21,32728,卖盘
207,09:48:07,15.6,0.02,4,6240,买盘
208,09:48:09,15.6,0.0,1,1560,买盘
209,09:48:22,15.58,-0.02,30,46740,卖盘
210,09:48:28,15.59,0.01,26,40534,卖盘
211,09:48:31,15.58,-0.01,18,28044,买盘
212,09:48:34,15.58,0.0,6,9348,买盘
213,09:48:40,15.6,0.02,1,1560,买盘
214,09:48:43,15.6,0.0,6,9360,买盘
215,09:48:52,15.6,0.0,3,4680,买盘
216,09:49:07,15.6,0.0,20,31171,买盘
217,09:49:10,15.6,0.0,1,1560,买盘
218,09:49:16,15.6,0.0,9,14026,买盘
219,09:49:18,15.58,-0.02,15,23370,卖盘
220,09:49:25,15.57,-0.01,11,17132,卖盘
221,09:49:28,15.57,0.0,10,15570,买盘
222,09:49:30,15.56,-0.01,19,29564,卖盘
223,09:49:34,15.58,0.02,3,4672,买盘
224,09:49:37,15.56,-0.02,8,12448,卖盘
225,09:49:40,15.56,0.0,3,4668,买盘
226,09:49:43,15.56,0.0,1,1556,买盘
227,09:49:46,15.55,-0.01,16,24930,卖盘
228,09:49:49,15.6,0.05,9,14040,买盘
229,09:49:58,15.6,0.0,7,10920,卖盘
230,09:50:01,15.61,0.01,19,29642,买盘
231,09:50:07,15.62,0.01,5,7808,买盘
232,09:50:22,15.62,0.0,6,9372,买盘
233,09:50:31,15.62,0.0,10,15618,买盘
234,09:50:40,15.62,0.0,2,3123,买盘
235,09:50:43,15.58,-0.04,10,15580,卖盘
236,09:50:46,15.58,0.0,3,4672,买盘
237,09:50:49,15.56,-0.02,21,32694,卖盘
238,09:51:01,15.58,0.02,50,77900,买盘
239,09:51:04,15.58,0.0,5,7790,买盘
240,09:51:07,15.62,0.04,3,4686,买盘
241,09:51:10,15.62,0.0,3,4686,买盘
242,09:51:27,15.62,0.0,5,7810,买盘
243,09:51:37,15.66,0.04,12,18792,买盘
244,09:51:40,15.66,0.0,4,6264,买盘
245,09:51:46,15.66,0.0,4,6264,买盘
246,09:51:52,15.62,-0.04,1,1562,卖盘
247,09:51:57,15.62,0.0,4,6248,卖盘
248,09:52:01,15.66,0.04,2,3132,买盘
249,09:52:07,15.67,0.01,75,117522,买盘
250,09:52:10,15.67,0.0,1,1567,买盘
251,09:52:12,15.67,0.0,1,1567,买盘
252,09:52:16,15.66,-0.01,13,20362,卖盘
253,09:52:22,15.66,0.0,19,29754,卖盘
254,09:52:28,15.66,0.0,2,3132,卖盘
255,09:52:40,15.66,0.0,9,14094,买盘
256,09:52:43,15.62,-0.04,22,34368,卖盘
257,09:52:46,15.66,0.04,2,3132,买盘
258,09:52:52,15.65,-0.01,18,28158,买盘
259,09:52:58,15.66,0.01,12,18788,买盘
260,09:53:01,15.65,-0.01,2,3130,卖盘
261,09:53:04,15.66,0.01,5,7829,买盘
262,09:53:07,15.65,-0.01,49,76604,中性盘
263,09:53:10,15.64,-0.01,3,4692,中性盘
264,09:53:16,15.62,-0.02,4,6250,卖盘
265,09:53:40,15.61,-0.01,30,46832,卖盘
266,09:53:43,15.63,0.02,37,57807,买盘
267,09:53:52,15.63,0.0,30,46890,卖盘
268,09:53:58,15.64,0.01,3,4692,买盘
269,09:54:09,15.64,0.0,3,4690,买盘
270,09:54:12,15.63,-0.01,7,10946,卖盘
271,09:54:22,15.63,0.0,15,23445,卖盘
272,09:54:24,15.63,0.0,17,26576,卖盘
273,09:54:28,15.63,0.0,1,1563,卖盘
274,09:54:31,15.63,0.0,15,23445,卖盘
275,09:54:40,15.63,0.0,1,1563,买盘
276,09:54:43,15.63,0.0,4,6252,买盘
277,09:54:52,15.63,0.0,45,70335,买盘
278,09:55:04,15.63,0.0,10,15630,卖盘
279,09:55:06,15.63,0.0,13,20319,卖盘
280,09:55:10,15.63,0.0,4,6252,买盘
281,09:55:13,15.63,0.0,1,1563,买盘
282,09:55:16,15.61,-0.02,28,43720,卖盘
283,09:55:37,15.61,0.0,3,4683,卖盘
284,09:55:40,15.62,0.01,10,15620,买盘
285,09:55:42,15.62,0.0,10,15620,买盘
286,09:55:52,15.61,-0.01,40,62440,卖盘
287,09:56:04,15.6,-0.01,20,31200,卖盘
288,09:56:07,15.61,0.01,5,7804,买盘
289,09:56:10,15.61,0.0,15,23405,买盘
290,09:56:13,15.61,0.0,2,3121,买盘
291,09:56:15,15.61,0.0,42,65547,买盘
292,09:56:19,15.61,0.0,8,12488,卖盘
293,09:56:22,15.6,-0.01,2,3120,卖盘
294,09:56:28,15.6,0.0,4,6240,卖盘
295,09:56:31,15.62,0.02,34,53067,买盘
296,09:56:33,15.6,-0.02,17,26520,卖盘
297,09:56:37,15.6,0.0,5,7800,买盘
298,09:56:39,15.6,0.0,5,7800,买盘
299,09:56:42,15.6,0.0,5,7800,买盘
300,09:56:52,15.6,0.0,53,82680,买盘
301,09:56:55,15.6,0.0,16,24960,买盘
302,09:56:58,15.6,0.0,12,18720,买盘
303,09:57:01,15.6,0.0,10,15600,买盘
304,09:57:04,15.6,0.0,9,14040,买盘
305,09:57:07,15.6,0.0,4,6240,买盘
306,09:57:10,15.6,0.0,4,6240,买盘
307,09:57:12,15.59,-0.01,12,18715,卖盘
308,09:57:16,15.6,0.01,1,1560,买盘
309,09:57:19,15.6,0.0,1,1560,买盘
310,09:57:22,15.6,0.0,1,1560,买盘
311,09:57:25,15.6,0.0,3,4680,买盘
312,09:57:28,15.59,-0.01,21,32744,卖盘
313,09:57:34,15.61,0.02,18,28095,买盘
314,09:57:37,15.59,-0.02,29,45211,卖盘
315,09:57:40,15.59,0.0,2,3117,买盘
316,09:57:42,15.59,0.0,5,7795,买盘
317,09:57:46,15.58,-0.01,48,74784,卖盘
318,09:57:49,15.58,0.0,1,1558,卖盘
319,09:57:52,15.57,-0.01,3,4671,卖盘
320,09:57:54,15.57,0.0,20,31140,卖盘
321,09:57:58,15.56,-0.01,50,77832,卖盘
322,09:58:09,15.58,0.02,4,6232,买盘
323,09:58:12,15.56,-0.02,17,26456,卖盘
324,09:58:16,15.56,0.0,7,10892,买盘
325,09:58:19,15.55,-0.01,9,13995,卖盘
326,09:58:25,15.55,0.0,103,160165,卖盘
327,09:58:34,15.55,0.0,179,278305,买盘
328,09:58:37,15.54,-0.01,7,10878,中性盘
329,09:58:39,15.53,-0.01,50,77676,卖盘
330,09:58:46,15.51,-0.02,35,54375,卖盘
331,09:58:58,15.54,0.03,34,52754,买盘
332,09:59:04,15.46,-0.08,177,274031,卖盘
333,09:59:09,15.56,0.1,2,3110,买盘
334,09:59:13,15.56,0.0,2,3112,买盘
335,09:59:19,15.51,-0.05,2,3102,卖盘
336,09:59:22,15.51,0.0,8,12408,卖盘
337,09:59:37,15.47,-0.04,7,10829,卖盘
338,09:59:42,15.5,0.03,19,29423,买盘
339,09:59:54,15.48,-0.02,3,4644,卖盘
340,09:59:58,15.48,0.0,5,7740,买盘
341,10:00:12,15.46,-0.02,35,54110,卖盘
342,10:00:16,15.46,0.0,5,7730,买盘
343,10:00:19,15.46,0.0,2,3092,买盘
344,10:00:21,15.45,-0.01,11,16995,卖盘
345,10:00:24,15.45,0.0,1,1545,卖盘
346,10:00:28,15.45,0.0,13,20089,卖盘
347,10:00:34,15.4,-0.05,77,118605,卖盘
348,10:00:37,15.4,0.0,7,10780,买盘
349,10:00:39,15.38,-0.02,1,1538,卖盘
350,10:00:49,15.36,-0.02,13,19978,卖盘
351,10:00:52,15.36,0.0,18,27648,买盘
352,10:00:58,15.33,-0.03,12,18416,卖盘
353,10:01:01,15.36,0.03,3,4608,买盘
354,10:01:04,15.36,0.0,1,1536,买盘
355,10:01:07,15.36,0.0,10,15360,买盘
356,10:01:10,15.36,0.0,22,33792,买盘
357,10:01:13,15.36,0.0,36,55288,买盘
358,10:01:15,15.38,0.02,143,219670,买盘
359,10:01:19,15.39,0.01,13,20007,中性盘
360,10:01:22,15.39,0.0,1,1539,买盘
361,10:01:24,15.39,0.0,3,4617,买盘
362,10:01:27,15.38,-0.01,20,30774,卖盘
363,10:01:31,15.38,0.0,3,4614,买盘
364,10:01:34,15.38,0.0,2,3076,买盘
365,10:01:37,15.39,0.01,10,15391,卖盘
366,10:01:39,15.39,0.0,28,43100,卖盘
367,10:01:42,15.4,0.01,1,1540,买盘
368,10:01:46,15.4,0.0,1,1540,买盘
369,10:01:49,15.39,-0.01,34,52331,卖盘
370,10:01:52,15.39,0.0,4,6156,买盘
371,10:01:55,15.39,0.0,5,7695,买盘
372,10:02:00,15.38,-0.01,83,127712,卖盘
373,10:02:07,15.36,-0.02,1,1536,卖盘
374,10:02:13,15.36,0.0,1,1536,卖盘
375,10:02:16,15.38,0.02,119,182612,买盘
376,10:02:19,15.36,-0.02,50,76800,卖盘
377,10:02:31,15.36,0.0,37,56832,卖盘
378,10:02:34,15.38,0.02,20,30760,买盘
379,10:02:36,15.37,-0.01,13,19982,中性盘
380,10:02:39,15.38,0.01,10,15380,买盘
381,10:02:43,15.38,0.0,4,6152,买盘
382,10:02:46,15.38,0.0,26,39988,买盘
383,10:02:55,15.38,0.0,34,52272,买盘
384,10:02:58,15.37,-0.01,2,3074,买盘
385,10:03:01,15.36,-0.01,1,1536,卖盘
386,10:03:04,15.35,-0.01,27,41465,卖盘
387,10:03:06,15.35,0.0,20,30700,卖盘
388,10:03:13,15.35,0.0,1,1535,卖盘
389,10:03:16,15.33,-0.02,13,19939,卖盘
390,10:03:19,15.32,-0.01,10,15326,卖盘
391,10:03:21,15.36,0.04,30,46080,买盘
392,10:03:25,15.32,-0.04,15,22980,卖盘
393,10:03:28,15.32,0.0,21,32176,卖盘
394,10:03:30,15.32,0.0,4,6128,卖盘
395,10:03:34,15.32,0.0,48,73555,卖盘
396,10:03:39,15.32,0.0,21,32162,买盘
397,10:03:43,15.32,0.0,3,4594,买盘
398,10:03:48,15.32,0.0,303,463621,买盘
399,10:03:52,15.28,-0.04,70,107094,卖盘
400,10:03:58,15.28,0.0,61,93228,卖盘
401,10:04:00,15.28,0.0,5,7640,卖盘
402,10:04:04,15.28,0.0,26,39728,卖盘
403,10:04:07,15.2,-0.08,100,152236,卖盘
404,10:04:10,15.28,0.08,32,48874,买盘
405,10:04:19,15.28,0.0,2,3056,买盘
406,10:04:21,15.26,-0.02,14,21364,卖盘
407,10:04:25,15.2,-0.06,405,615825,卖盘
408,10:04:28,15.2,0.0,63,95760,买盘
409,10:04:31,15.19,-0.01,33,50127,卖盘
410,10:04:33,15.19,0.0,54,82028,买盘
411,10:04:36,15.18,-0.01,65,98722,卖盘
412,10:04:40,15.2,0.02,102,155020,买盘
413,10:04:43,15.2,0.0,6,9117,买盘
414,10:04:48,15.15,-0.05,429,651093,卖盘
415,10:04:55,15.15,0.0,25,37875,买盘
416,10:04:58,15.14,-0.01,47,71190,卖盘
417,10:05:01,15.15,0.01,24,36342,买盘
418,10:05:04,15.14,-0.01,42,63608,卖盘
419,10:05:06,15.13,-0.01,92,139289,卖盘
420,10:05:09,15.12,-0.01,13,19659,卖盘
421,10:05:12,15.14,0.02,10,15139,中性盘
422,10:05:16,15.12,-0.02,15,22685,卖盘
423,10:05:19,15.13,0.01,24,36311,中性盘
424,10:05:24,15.13,0.0,47,71111,买盘
425,10:05:27,15.13,0.0,16,24208,买盘
426,10:05:31,15.13,0.0,83,125517,买盘
427,10:05:34,15.13,0.0,25,37805,买盘
428,10:05:37,15.14,0.01,6,9079,买盘
429,10:05:39,15.14,0.0,25,37850,买盘
430,10:05:42,15.14,0.0,37,55993,买盘
431,10:05:46,15.14,0.0,17,25738,买盘
432,10:05:49,15.14,0.0,31,46934,买盘
433,10:05:52,15.11,-0.03,138,208675,卖盘
434,10:05:55,15.15,0.04,53,80290,买盘
435,10:06:00,15.2,0.05,100,151943,买盘
436,10:06:04,15.2,0.0,19,28880,买盘
437,10:06:06,15.2,0.0,1,1520,买盘
438,10:06:09,15.15,-0.05,25,37889,卖盘
439,10:06:13,15.14,-0.01,107,162108,卖盘
440,10:06:16,15.16,0.02,2,3032,买盘
441,10:06:19,15.15,-0.01,77,116900,中性盘
442,10:06:22,15.15,0.0,32,48480,买盘
443,10:06:25,15.15,0.0,16,24240,买盘
444,10:06:27,15.15,0.0,34,51510,买盘
445,10:06:31,15.15,0.0,19,28785,买盘
446,10:06:34,15.15,0.0,13,19695,买盘
447,10:06:37,15.14,-0.01,39,59084,卖盘
448,10:06:40,15.15,0.01,34,51510,买盘
449,10:06:45,15.16,0.01,5,7580,卖盘
450,10:06:49,15.14,-0.02,174,263512,卖盘
451,10:06:52,15.14,0.0,10,15140,买盘
452,10:06:55,15.14,0.0,5,7570,买盘
453,10:06:58,15.13,-0.01,28,42369,卖盘
454,10:07:01,15.13,0.0,14,21182,买盘
455,10:07:04,15.13,0.0,2,3026,买盘
456,10:07:10,15.13,0.0,7,10590,买盘
457,10:07:13,15.13,0.0,3,4537,买盘
458,10:07:16,15.13,0.0,4,6051,买盘
459,10:07:19,15.11,-0.02,100,151136,卖盘
460,10:07:22,15.12,0.01,20,30240,中性盘
461,10:07:25,15.11,-0.01,125,188785,卖盘
462,10:07:28,15.13,0.02,210,317273,买盘
463,10:07:37,15.1,-0.03,14,21144,卖盘
464,10:07:40,15.08,-0.02,8,12066,卖盘
465,10:07:42,15.09,0.01,33,49797,买盘
466,10:07:48,15.09,0.0,3,4527,买盘
467,10:07:51,15.05,-0.04,23,34652,卖盘
468,10:08:04,15.08,0.03,13,19590,买盘
469,10:08:06,15.08,0.0,251,377297,买盘
470,10:08:09,15.01,-0.07,5,7505,卖盘
471,10:08:13,15.05,0.04,39,58709,卖盘
472,10:08:16,15.04,-0.01,10,15040,买盘
473,10:08:22,15.04,0.0,32,48048,买盘
474,10:08:25,15.01,-0.03,260,390071,卖盘
475,10:08:28,15.01,0.0,19,28519,买盘
476,10:08:31,15.0,-0.01,22,33002,卖盘
477,10:08:34,15.0,0.0,19,28500,买盘
478,10:08:37,14.99,-0.01,25,37475,卖盘
479,10:08:40,14.99,0.0,54,80990,卖盘
480,10:08:43,15.0,0.01,160,239580,买盘
481,10:08:46,14.99,-0.01,68,101891,买盘
482,10:08:49,14.99,0.0,19,28401,买盘
483,10:08:52,14.98,-0.01,6,8988,中性盘
484,10:08:55,14.98,0.0,27,40320,买盘
485,10:08:57,14.92,-0.06,13,19399,卖盘
486,10:09:00,14.97,0.05,11,16467,买盘
487,10:09:04,14.92,-0.05,8,11945,卖盘
488,10:09:07,14.93,0.01,20,29876,中性盘
489,10:09:10,14.94,0.01,12,17910,买盘
490,10:09:13,14.9,-0.04,70,104429,卖盘
491,10:09:15,14.9,0.0,35,52112,买盘
492,10:09:19,14.9,0.0,9,13410,买盘
493,10:09:22,14.9,0.0,43,64034,买盘
494,10:09:24,14.9,0.0,93,138378,买盘
495,10:09:31,14.9,0.0,7,10430,买盘
496,10:09:34,14.87,-0.03,17,25287,卖盘
497,10:09:37,14.87,0.0,20,29740,买盘
498,10:09:43,14.83,-0.04,19,28229,卖盘
499,10:09:46,14.86,0.03,2,2972,买盘
500,10:09:48,14.86,0.0,15,22254,买盘
501,10:09:54,14.86,0.0,84,124732,买盘
502,10:09:57,14.83,-0.03,32,47466,卖盘
503,10:10:00,14.83,0.0,14,20762,买盘
504,10:10:04,14.81,-0.02,69,102242,卖盘
505,10:10:07,14.85,0.04,21,31175,买盘
506,10:10:10,14.85,0.0,162,240038,买盘
507,10:10:16,14.82,-0.03,21,31122,买盘
508,10:10:18,14.81,-0.01,86,127399,卖盘
509,10:10:22,14.85,0.04,56,83082,买盘
510,10:10:25,14.86,0.01,39,57948,买盘
511,10:10:28,14.82,-0.04,51,75750,卖盘
512,10:10:31,14.9,0.08,20,29746,买盘
513,10:10:34,14.87,-0.03,1,1487,卖盘
514,10:10:36,14.9,0.03,137,203400,买盘
515,10:10:43,14.93,0.03,5,7465,买盘
516,10:10:46,14.9,-0.03,5,7450,卖盘
517,10:10:48,14.93,0.03,5,7465,买盘
518,10:10:51,14.9,-0.03,158,235608,卖盘
519,10:10:55,14.96,0.06,20,29904,买盘
520,10:10:58,14.96,0.0,8,11968,卖盘
521,10:11:01,14.96,0.0,12,17952,卖盘
522,10:11:04,14.96,0.0,19,28395,买盘
523,10:11:07,14.93,-0.03,7,10456,卖盘
524,10:11:09,14.94,0.01,11,16433,买盘
525,10:11:12,14.94,0.0,38,56772,买盘
526,10:11:16,14.94,0.0,19,28386,买盘
527,10:11:18,14.94,0.0,37,55185,买盘
528,10:11:22,14.93,-0.01,6,8958,买盘
529,10:11:25,14.91,-0.02,2,2982,卖盘
530,10:11:28,14.91,0.0,72,107362,卖盘
531,10:11:31,14.91,0.0,15,22365,买盘
532,10:11:33,14.92,0.01,28,41757,买盘
533,10:11:37,14.93,0.01,9,13434,买盘
534,10:11:40,14.93,0.0,2,2986,买盘
535,10:11:46,14.93,0.0,2,2986,买盘
536,10:11:49,14.92,-0.01,17,25364,卖盘
537,10:11:52,14.92,0.0,3,4476,买盘
538,10:11:55,14.92,0.0,3,4476,买盘
539,10:11:58,14.91,-0.01,14,20879,卖盘
540,10:12:00,14.9,-0.01,185,275650,卖盘
541,10:12:04,14.9,0.0,61,90890,买盘
542,10:12:07,14.9,0.0,21,31290,买盘
543,10:12:10,14.9,0.0,2,2980,买盘
544,10:12:13,14.9,0.0,3,4470,买盘
545,10:12:15,14.9,0.0,5,7450,买盘
546,10:12:19,14.9,0.0,2,2980,卖盘
547,10:12:22,14.9,0.0,20,29800,买盘
548,10:12:25,14.9,0.0,1,1490,买盘
549,10:12:27,14.89,-0.01,26,38718,卖盘
550,10:12:30,14.91,0.02,18,26821,买盘
551,10:12:42,14.9,-0.01,24,35760,卖盘
552,10:12:49,14.9,0.0,5,7450,买盘
553,10:12:51,14.91,0.01,133,198171,买盘
554,10:12:58,14.91,0.0,30,44730,买盘
555,10:13:01,14.91,0.0,27,40247,买盘
556,10:13:04,14.91,0.0,3,4473,买盘
557,10:13:07,14.9,-0.01,30,44700,卖盘
558,10:13:10,14.91,0.01,70,104369,买盘
559,10:13:13,14.91,0.0,8,11928,买盘
560,10:13:16,14.91,0.0,19,28329,买盘
561,10:13:19,14.91,0.0,7,10437,买盘
562,10:13:25,14.91,0.0,36,53676,卖盘
563,10:13:28,14.91,0.0,19,28329,买盘
564,10:13:31,14.91,0.0,7,10437,买盘
565,10:13:36,14.91,0.0,5,7455,买盘
566,10:13:40,14.91,0.0,10,14910,买盘
567,10:13:43,14.9,-0.01,5,7450,卖盘
568,10:13:46,14.91,0.01,22,32802,买盘
569,10:13:48,14.91,0.0,3,4473,买盘
570,10:13:52,14.91,0.0,68,101388,买盘
571,10:13:55,14.91,0.0,102,151982,买盘
572,10:13:57,14.9,-0.01,10,14905,卖盘
573,10:14:00,14.91,0.01,27,40238,买盘
574,10:14:04,14.91,0.0,65,96891,买盘
575,10:14:07,14.91,0.0,35,52185,买盘
576,10:14:10,14.91,0.0,8,11928,买盘
577,10:14:16,14.91,0.0,4,5964,买盘
578,10:14:27,14.94,0.03,16,23904,买盘
579,10:14:37,14.95,0.01,7,10465,卖盘
580,10:14:43,14.96,0.01,28,41875,买盘
581,10:14:46,14.96,0.0,5,7480,买盘
582,10:14:48,14.95,-0.01,8,11960,卖盘
583,10:14:52,14.95,0.0,35,52361,买盘
584,10:14:54,14.95,0.0,1,1495,买盘
585,10:15:00,14.95,0.0,4,5980,买盘
586,10:15:13,15.0,0.05,28,41999,买盘
587,10:15:21,15.0,0.0,6,9000,买盘
588,10:15:25,15.0,0.0,1,1500,买盘
589,10:15:31,15.0,0.0,14,21000,买盘
590,10:15:34,15.0,0.0,12,18000,买盘
591,10:15:37,15.0,0.0,53,79643,买盘
592,10:15:39,15.0,0.0,17,25500,买盘
593,10:15:43,15.0,0.0,9,13500,买盘
594,10:15:46,15.0,0.0,7,10501,卖盘
595,10:15:57,15.0,0.0,20,30006,卖盘
596,10:16:04,15.0,0.0,26,39000,卖盘
597,10:16:07,15.1,0.1,1,1510,买盘
598,10:16:10,15.0,-0.1,3,4500,卖盘
599,10:16:19,15.02,0.02,4,6008,中性盘
600,10:16:21,15.1,0.08,3,4530,买盘
601,10:16:24,15.1,0.0,4,6040,买盘
602,10:16:27,15.02,-0.08,12,18042,卖盘
603,10:16:31,15.09,0.07,5,7545,买盘
604,10:16:55,15.03,-0.06,8,12044,卖盘
605,10:17:04,15.07,0.04,10,15070,买盘
606,10:17:16,15.07,0.0,16,24112,买盘
607,10:17:25,15.09,0.02,29,43707,买盘
608,10:17:28,15.07,-0.02,23,34667,卖盘
609,10:17:31,15.07,0.0,30,45210,卖盘
610,10:17:40,15.07,0.0,10,15070,卖盘
611,10:17:46,15.08,0.01,12,18101,卖盘
612,10:17:48,15.09,0.01,5,7545,买盘
613,10:17:55,15.08,-0.01,2,3016,卖盘
614,10:18:22,15.09,0.01,24,36216,买盘
615,10:18:27,15.09,0.0,7,10563,中性盘
616,10:18:34,15.1,0.01,7,10570,买盘
617,10:18:37,15.1,0.0,1,1510,买盘
618,10:18:46,15.09,-0.01,10,15090,卖盘
619,10:18:48,15.1,0.01,2,3020,买盘
620,10:18:52,15.1,0.0,8,12080,买盘
621,10:18:57,15.1,0.0,36,54360,买盘
622,10:19:01,15.11,0.01,28,42298,买盘
623,10:19:16,15.11,0.0,1,1511,买盘
624,10:19:19,15.11,0.0,1,1511,买盘
625,10:19:21,15.1,-0.01,1,1510,卖盘
626,10:19:25,15.11,0.01,5,7555,买盘
627,10:19:28,15.11,0.0,5,7555,买盘
628,10:19:31,15.11,0.0,4,6044,买盘
629,10:19:34,15.1,-0.01,42,63436,卖盘
630,10:19:37,15.1,0.0,10,15101,卖盘
631,10:19:40,15.11,0.01,1,1511,卖盘
632,10:19:49,15.11,0.0,3,4533,卖盘
633,10:19:58,15.13,0.02,6,9078,买盘
634,10:20:04,15.11,-0.02,3,4533,卖盘
635,10:20:13,15.11,0.0,8,12088,卖盘
636,10:20:25,15.1,-0.01,30,45300,卖盘
637,10:20:28,15.1,0.0,5,7550,买盘
638,10:20:39,15.09,-0.01,10,15090,卖盘
639,10:20:49,15.09,0.0,8,12072,买盘
640,10:21:04,15.15,0.06,74,113501,买盘
641,10:21:10,15.16,0.01,7,10606,买盘
642,10:21:28,15.2,0.04,2,3040,买盘
643,10:21:37,15.2,0.0,6,9120,卖盘
644,10:21:46,15.2,0.0,4,6080,买盘
645,10:21:58,15.21,0.01,17,25812,中性盘
646,10:22:01,15.16,-0.05,6,9096,卖盘
647,10:22:04,15.21,0.05,5,7585,买盘
648,10:22:07,15.18,-0.03,8,12154,中性盘
649,10:22:10,15.14,-0.04,5,7452,卖盘
650,10:22:22,15.16,0.02,8,12128,卖盘
651,10:22:25,15.16,0.0,22,33352,买盘
652,10:22:37,15.16,0.0,1,1516,买盘
653,10:22:42,15.17,0.01,2,3034,买盘
654,10:22:45,15.17,0.0,9,13653,买盘
655,10:23:04,15.18,0.01,3,4554,买盘
656,10:23:07,15.17,-0.01,1,1517,卖盘
657,10:23:10,15.17,0.0,2,3034,买盘
658,10:23:13,15.19,0.02,2,3038,买盘
659,10:23:19,15.19,0.0,8,12152,买盘
660,10:23:24,15.18,-0.01,16,24288,卖盘
661,10:23:27,15.18,0.0,10,15180,买盘
662,10:23:34,15.19,0.01,23,34933,买盘
663,10:23:37,15.19,0.0,1,1519,卖盘
664,10:23:40,15.18,-0.01,3,4556,卖盘
665,10:24:04,15.19,0.01,3,4557,买盘
666,10:24:07,15.19,0.0,7,10633,买盘
667,10:24:16,15.19,0.0,10,15190,卖盘
668,10:24:19,15.2,0.01,4,6080,买盘
669,10:24:22,15.2,0.0,3,4560,买盘
670,10:24:34,15.19,-0.01,1,1519,中性盘
671,10:24:42,15.19,0.0,1,1519,卖盘
672,10:24:46,15.19,0.0,6,9114,买盘
673,10:24:51,15.18,-0.01,4,6072,卖盘
674,10:25:04,15.18,0.0,31,47053,卖盘
675,10:25:22,15.18,0.0,6,9113,卖盘
676,10:25:27,15.18,0.0,2,3037,卖盘
677,10:25:34,15.19,0.01,14,21266,买盘
678,10:25:37,15.19,0.0,6,9114,卖盘
679,10:25:52,15.18,-0.01,8,12144,卖盘
680,10:25:55,15.19,0.01,6,9114,买盘
681,10:26:04,15.18,-0.01,30,45578,卖盘
682,10:26:07,15.18,0.0,32,48576,买盘
683,10:26:13,15.18,0.0,28,42504,买盘
684,10:26:24,15.18,0.0,2,3036,中性盘
685,10:26:27,15.2,0.02,37,56236,买盘
686,10:26:31,15.19,-0.01,5,7595,买盘
687,10:26:40,15.2,0.01,1,1520,买盘
688,10:26:55,15.19,-0.01,10,15190,卖盘
689,10:26:58,15.2,0.01,64,97280,买盘
690,10:27:28,15.24,0.04,2,3048,买盘
691,10:27:40,15.23,-0.01,20,30450,买盘
692,10:27:42,15.24,0.01,12,18285,买盘
693,10:28:01,15.22,-0.02,4,6088,卖盘
694,10:28:34,15.21,-0.01,10,15210,卖盘
695,10:28:39,15.21,0.0,17,25864,卖盘
696,10:28:42,15.22,0.01,29,44128,买盘
697,10:28:46,15.22,0.0,3,4566,卖盘
698,10:28:52,15.21,-0.01,36,54787,卖盘
699,10:29:00,15.25,0.04,26,39622,买盘
700,10:29:31,15.33,0.08,48,73404,买盘
701,10:29:33,15.33,0.0,2,3066,卖盘
702,10:29:37,15.33,0.0,5,7665,卖盘
703,10:29:40,15.33,0.0,4,6132,卖盘
704,10:29:43,15.33,0.0,47,72051,卖盘
705,10:29:49,15.34,0.01,46,70448,买盘
706,10:29:52,15.34,0.0,6,9204,卖盘
707,10:29:55,15.34,0.0,1,1534,卖盘
708,10:30:01,15.38,0.04,107,164323,买盘
709,10:30:06,15.36,-0.02,2,3071,买盘
710,10:30:28,15.33,-0.03,14,21442,买盘
711,10:30:31,15.33,0.0,2,3066,卖盘
712,10:30:34,15.33,0.0,32,49056,卖盘
713,10:30:37,15.33,0.0,2,3066,卖盘
714,10:30:40,15.33,0.0,2,3066,卖盘
715,10:30:43,15.33,0.0,6,9198,卖盘
716,10:30:49,15.33,0.0,2,3066,买盘
717,10:30:55,15.26,-0.07,7,10682,卖盘
718,10:31:07,15.26,0.0,10,15260,买盘
719,10:31:24,15.25,-0.01,1,1525,卖盘
720,10:31:43,15.26,0.01,16,24401,买盘
721,10:32:09,15.28,0.02,5,7640,卖盘
722,10:32:16,15.28,0.0,8,12230,卖盘
723,10:33:01,15.3,0.02,4,6120,买盘
724,10:33:16,15.3,0.0,6,9180,买盘
725,10:33:43,15.29,-0.01,1,1529,买盘
726,10:33:46,15.28,-0.01,4,6112,卖盘
727,10:33:49,15.29,0.01,8,12232,买盘
728,10:34:13,15.28,-0.01,10,15280,卖盘
729,10:34:25,15.28,0.0,10,15280,卖盘
730,10:34:39,15.28,0.0,5,7640,卖盘
731,10:34:49,15.28,0.0,43,65704,卖盘
732,10:34:54,15.28,0.0,16,24428,买盘
733,10:35:01,15.28,0.0,4,6112,买盘
734,10:35:10,15.29,0.01,2,3058,买盘
735,10:35:13,15.28,-0.01,3,4584,卖盘
736,10:35:25,15.3,0.02,68,103999,买盘
737,10:35:43,15.28,-0.02,1,1528,卖盘
738,10:35:48,15.3,0.02,5,7650,买盘
739,10:35:55,15.33,0.03,90,137854,买盘
740,10:36:19,15.34,0.01,2,3068,买盘
741,10:36:43,15.34,0.0,2,3068,买盘
742,10:36:49,15.34,0.0,8,12272,买盘
743,10:36:52,15.34,0.0,3,4602,买盘
744,10:37:01,15.34,0.0,1,1534,买盘
745,10:37:04,15.34,0.0,4,6136,买盘
746,10:37:10,15.35,0.01,5,7675,买盘
747,10:37:21,15.35,0.0,9,13815,买盘
748,10:37:37,15.34,-0.01,10,15340,卖盘
749,10:37:40,15.35,0.01,65,99775,买盘
750,10:37:48,15.35,0.0,238,365914,卖盘
751,10:38:04,15.35,0.0,140,214900,卖盘
752,10:38:12,15.35,0.0,10,15350,买盘
753,10:38:22,15.35,0.0,1,1535,卖盘
754,10:38:30,15.36,0.01,1,1536,卖盘
755,10:38:43,15.35,-0.01,17,26115,卖盘
756,10:39:00,15.35,0.0,10,15350,卖盘
757,10:39:04,15.37,0.02,1,1537,买盘
758,10:39:16,15.35,-0.02,7,10745,卖盘
759,10:39:31,15.37,0.02,5,7685,买盘
760,10:39:34,15.35,-0.02,10,15364,卖盘
761,10:39:43,15.34,-0.01,100,153471,卖盘
762,10:39:58,15.34,0.0,14,21478,卖盘
763,10:40:04,15.35,0.01,52,79820,卖盘
764,10:40:22,15.36,0.01,2,3072,买盘
765,10:40:34,15.39,0.03,16,24617,买盘
766,10:40:54,15.4,0.01,36,55440,卖盘
767,10:41:04,15.4,0.0,9,13860,买盘
768,10:41:06,15.4,0.0,2,3080,卖盘
769,10:41:09,15.4,0.0,1,1540,卖盘
770,10:41:13,15.41,0.01,10,15410,买盘
771,10:41:16,15.41,0.0,2,3082,卖盘
772,10:41:21,15.41,0.0,1,1541,卖盘
773,10:41:24,15.41,0.0,8,12328,卖盘
774,10:41:31,15.42,0.01,12,18504,买盘
775,10:41:36,15.42,0.0,17,26214,卖盘
776,10:41:42,15.42,0.0,3,4626,买盘
777,10:41:49,15.42,0.0,1,1542,买盘
778,10:41:55,15.42,0.0,24,37006,买盘
779,10:41:58,15.42,0.0,11,16962,卖盘
780,10:42:01,15.42,0.0,32,49344,卖盘
781,10:42:04,15.42,0.0,9,13882,卖盘
782,10:42:07,15.42,0.0,13,20046,卖盘
783,10:42:13,15.43,0.01,24,37032,买盘
784,10:42:22,15.42,-0.01,34,52448,卖盘
785,10:42:37,15.43,0.01,1,1543,买盘
786,10:42:40,15.42,-0.01,1,1542,卖盘
787,10:42:48,15.42,0.0,11,16962,卖盘
788,10:42:52,15.43,0.01,6,9258,买盘
789,10:43:01,15.42,-0.01,21,32382,卖盘
790,10:43:12,15.42,0.0,9,13878,买盘
791,10:43:19,15.43,0.01,1,1543,买盘
792,10:43:22,15.43,0.0,23,35469,买盘
793,10:43:37,15.42,-0.01,5,7710,卖盘
794,10:43:39,15.42,0.0,16,24672,卖盘
795,10:43:43,15.42,0.0,12,18504,卖盘
796,10:43:45,15.42,0.0,7,10794,卖盘
797,10:43:49,15.4,-0.02,144,221760,卖盘
798,10:43:52,15.41,0.01,5,7702,中性盘
799,10:43:55,15.4,-0.01,6,9240,卖盘
800,10:44:10,15.4,0.0,1,1540,买盘
801,10:44:22,15.4,0.0,2,3080,卖盘
802,10:44:40,15.37,-0.03,9,13836,卖盘
803,10:44:55,15.35,-0.02,4,6140,卖盘
804,10:45:49,15.35,0.0,14,21490,买盘
805,10:45:58,15.35,0.0,9,13815,买盘
806,10:46:04,15.35,0.0,4,6140,买盘
807,10:46:19,15.35,0.0,1,1535,买盘
808,10:46:36,15.35,0.0,1,1535,买盘
809,10:46:40,15.35,0.0,10,15350,买盘
810,10:46:42,15.34,-0.01,40,61360,卖盘
811,10:47:06,15.34,0.0,8,12272,卖盘
812,10:47:12,15.34,0.0,5,7670,买盘
813,10:47:18,15.34,0.0,41,62870,买盘
814,10:47:54,15.35,0.01,3,4603,买盘
815,10:48:09,15.33,-0.02,7,10731,卖盘
816,10:48:13,15.33,0.0,5,7665,买盘
817,10:48:19,15.33,0.0,25,38325,买盘
818,10:48:52,15.3,-0.03,20,30600,卖盘
819,10:48:55,15.3,0.0,2,3060,买盘
820,10:48:58,15.3,0.0,14,21420,买盘
821,10:50:22,15.34,0.04,4,6136,买盘
822,10:50:30,15.3,-0.04,14,21420,卖盘
823,10:50:37,15.3,0.0,4,6120,买盘
824,10:50:46,15.3,0.0,3,4590,买盘
825,10:50:48,15.34,0.04,3,4602,买盘
826,10:50:55,15.3,-0.04,55,84150,卖盘
827,10:51:07,15.3,0.0,21,32130,卖盘
828,10:51:42,15.3,0.0,6,9180,买盘
829,10:52:22,15.29,-0.01,17,25993,卖盘
830,10:52:28,15.3,0.01,26,39779,买盘
831,10:52:33,15.3,0.0,4,6120,买盘
832,10:52:48,15.3,0.0,5,7650,买盘
833,10:52:55,15.29,-0.01,15,22941,卖盘
834,10:53:07,15.29,0.0,29,44341,买盘
835,10:53:13,15.29,0.0,10,15290,买盘
836,10:53:22,15.3,0.01,3,4590,买盘
837,10:53:30,15.3,0.0,134,204827,买盘
838,10:53:36,15.3,0.0,100,153000,买盘
839,10:53:39,15.3,0.0,6,9180,买盘
840,10:53:43,15.34,0.04,80,122424,买盘
841,10:54:34,15.35,0.01,6,9210,买盘
842,10:54:43,15.35,0.0,3,4605,买盘
843,10:55:19,15.38,0.03,15,23070,买盘
844,10:55:34,15.42,0.04,21,32388,买盘
845,10:55:37,15.4,-0.02,2,3080,卖盘
846,10:55:39,15.4,0.0,10,15400,卖盘
847,10:55:52,15.43,0.03,2,3085,买盘
848,10:56:09,15.4,-0.03,1,1540,卖盘
849,10:56:13,15.4,0.0,5,7700,卖盘
850,10:56:19,15.43,0.03,1,1543,买盘
851,10:56:28,15.43,0.0,13,20059,卖盘
852,10:56:31,15.44,0.01,8,12349,买盘
853,10:56:39,15.44,0.0,13,20072,买盘
854,10:56:48,15.44,0.0,9,13896,卖盘
855,10:56:55,15.44,0.0,2,3088,买盘
856,10:56:57,15.44,0.0,1,1544,买盘
857,10:57:04,15.45,0.01,7,10815,买盘
858,10:57:28,15.44,-0.01,10,15440,卖盘
859,10:57:30,15.44,0.0,5,7720,买盘
860,10:57:42,15.44,0.0,5,7720,买盘
861,10:57:46,15.43,-0.01,2,3086,卖盘
862,10:57:58,15.43,0.0,2,3086,卖盘
863,10:58:04,15.43,0.0,6,9258,卖盘
864,10:58:06,15.44,0.01,17,26248,买盘
865,10:58:12,15.45,0.01,35,54072,买盘
866,10:58:19,15.43,-0.02,3,4629,卖盘
867,10:58:52,15.42,-0.01,2,3084,卖盘
868,10:59:01,15.4,-0.02,4,6160,卖盘
869,10:59:04,15.4,0.0,2,3080,买盘
870,10:59:13,15.42,0.02,1,1542,买盘
871,10:59:18,15.42,0.0,6,9252,买盘
872,10:59:34,15.4,-0.02,4,6160,买盘
873,10:59:55,15.4,0.0,5,7700,卖盘
874,11:00:01,15.42,0.02,3,4626,买盘
875,11:00:27,15.42,0.0,50,77100,买盘
876,11:00:30,15.4,-0.02,2,3080,卖盘
877,11:00:37,15.45,0.05,49,75612,买盘
878,11:00:46,15.45,0.0,50,77250,买盘
879,11:01:16,15.44,-0.01,2,3088,买盘
880,11:01:28,15.44,0.0,33,50952,买盘
881,11:02:21,15.44,0.0,50,77170,买盘
882,11:03:25,15.42,-0.02,4,6168,买盘
883,11:03:28,15.41,-0.01,5,7705,卖盘
884,11:04:10,15.41,0.0,2,3082,卖盘
885,11:04:58,15.4,-0.01,5,7700,卖盘
886,11:05:18,15.4,0.0,1,1540,卖盘
887,11:05:21,15.41,0.01,6,9246,买盘
888,11:05:24,15.41,0.0,2,3082,买盘
889,11:05:31,15.4,-0.01,1,1540,卖盘
890,11:05:34,15.41,0.01,2,3082,买盘
891,11:05:42,15.42,0.01,1,1542,买盘
892,11:05:45,15.42,0.0,20,30840,买盘
893,11:06:10,15.41,-0.01,2,3082,卖盘
894,11:06:19,15.42,0.01,2,3084,买盘
895,11:06:40,15.42,0.0,5,7708,买盘
896,11:07:01,15.42,0.0,20,30837,买盘
897,11:07:12,15.42,0.0,1,1542,卖盘
898,11:07:15,15.43,0.01,3,4629,买盘
899,11:07:37,15.42,-0.01,13,20046,卖盘
900,11:07:45,15.44,0.02,4,6176,买盘
901,11:08:31,15.43,-0.01,18,27774,卖盘
902,11:08:36,15.42,-0.01,30,46268,卖盘
903,11:08:40,15.42,0.0,2,3084,卖盘
904,11:08:54,15.42,0.0,7,10794,卖盘
905,11:08:57,15.4,-0.02,3,4622,卖盘
906,11:09:19,15.4,0.0,13,20020,买盘
907,11:09:25,15.39,-0.01,1,1539,买盘
908,11:09:33,15.37,-0.02,2,3074,卖盘
909,11:09:54,15.39,0.02,2,3078,买盘
910,11:10:00,15.36,-0.03,4,6144,卖盘
911,11:10:16,15.36,0.0,5,7683,卖盘
912,11:10:25,15.35,-0.01,5,7675,卖盘
913,11:10:34,15.35,0.0,5,7675,卖盘
914,11:10:37,15.39,0.04,5,7695,买盘
915,11:10:46,15.35,-0.04,5,7675,卖盘
916,11:11:22,15.35,0.0,17,26096,卖盘
917,11:11:39,15.34,-0.01,3,4602,卖盘
918,11:12:07,15.35,0.01,3,4605,买盘
919,11:12:28,15.35,0.0,2,3070,买盘
920,11:12:30,15.35,0.0,1,1535,买盘
921,11:12:51,15.34,-0.01,1,1534,卖盘
922,11:13:00,15.34,0.0,1,1534,买盘
923,11:13:10,15.34,0.0,2,3068,买盘
924,11:14:15,15.38,0.04,2,3076,买盘
925,11:15:51,15.38,0.0,22,33836,买盘
926,11:16:00,15.38,0.0,20,30760,买盘
927,11:16:21,15.38,0.0,8,12304,卖盘
928,11:16:25,15.4,0.02,2,3080,买盘
929,11:16:27,15.38,-0.02,26,39988,卖盘
930,11:17:04,15.35,-0.03,8,12280,卖盘
931,11:17:06,15.35,0.0,6,9210,卖盘
932,11:17:10,15.35,0.0,57,87495,卖盘
933,11:17:13,15.35,0.0,2,3070,买盘
934,11:17:24,15.35,0.0,1,1535,买盘
935,11:17:36,15.35,0.0,7,10740,买盘
936,11:18:13,15.35,0.0,3,4605,买盘
937,11:18:36,15.35,0.0,4,6138,买盘
938,11:19:09,15.35,0.0,3,4605,卖盘
939,11:19:57,15.35,0.0,1,1535,卖盘
940,11:20:10,15.32,-0.03,10,15320,卖盘
941,11:20:33,15.32,0.0,10,15320,卖盘
942,11:20:46,15.35,0.03,5,7673,买盘
943,11:21:19,15.32,-0.03,4,6128,卖盘
944,11:21:22,15.32,0.0,1,1532,买盘
945,11:21:31,15.33,0.01,1,1533,中性盘
946,11:21:39,15.32,-0.01,15,22980,卖盘
947,11:22:55,15.33,0.01,2,3066,买盘
948,11:23:37,15.35,0.02,50,76721,买盘
949,11:23:48,15.35,0.0,13,19955,买盘
950,11:24:03,15.35,0.0,5,7675,买盘
951,11:24:12,15.35,0.0,10,15350,买盘
952,11:24:28,15.34,-0.01,57,87604,卖盘
953,11:24:39,15.34,0.0,1,1534,买盘
954,11:24:58,15.38,0.04,5,7690,买盘
955,11:25:06,15.38,0.0,4,6152,买盘
956,11:25:40,15.37,-0.01,5,7685,买盘
957,11:26:16,15.4,0.03,42,64587,买盘
958,11:26:19,15.4,0.0,4,6160,卖盘
959,11:26:42,15.4,0.0,3,4620,卖盘
960,11:26:46,15.4,0.0,3,4620,卖盘
961,11:26:49,15.4,0.0,2,3080,卖盘
962,11:27:19,15.4,0.0,2,3080,买盘
963,11:29:28,15.38,-0.02,1,1538,买盘
964,13:00:07,15.38,0.0,9,13842,买盘
965,13:01:06,15.35,-0.03,4,6140,卖盘
966,13:01:36,15.38,0.03,1,1538,买盘
967,13:02:54,15.36,-0.02,10,15360,卖盘
968,13:03:49,15.38,0.02,5,7690,买盘
969,13:03:57,15.36,-0.02,17,26112,卖盘
970,13:04:04,15.36,0.0,51,78336,买盘
971,13:04:09,15.36,0.0,27,41472,买盘
972,13:05:49,15.36,0.0,4,6144,买盘
973,13:05:57,15.39,0.03,2,3078,买盘
974,13:06:27,15.36,-0.03,9,13824,卖盘
975,13:06:57,15.36,0.0,4,6144,买盘
976,13:08:09,15.39,0.03,4,6156,买盘
977,13:08:51,15.39,0.0,10,15390,买盘
978,13:09:06,15.4,0.01,18,27717,买盘
979,13:09:48,15.4,0.0,2,3080,卖盘
980,13:09:51,15.4,0.0,30,46200,卖盘
981,13:10:19,15.42,0.02,6,9252,买盘
982,13:11:30,15.42,0.0,9,13878,买盘
983,13:11:39,15.44,0.02,11,16984,买盘
984,13:11:45,15.43,-0.01,11,16973,卖盘
985,13:11:51,15.43,0.0,8,12344,买盘
986,13:11:54,15.43,0.0,3,4629,买盘
987,13:12:16,15.43,0.0,6,9258,买盘
988,13:12:30,15.43,0.0,1,1543,买盘
989,13:12:40,15.41,-0.02,2,3082,卖盘
990,13:13:15,15.41,0.0,1,1541,买盘
991,13:14:18,15.41,0.0,3,4623,买盘
992,13:14:21,15.42,0.01,3,4626,买盘
993,13:14:28,15.42,0.0,2,3084,买盘
994,13:14:42,15.43,0.01,5,7715,买盘
995,13:14:48,15.43,0.0,1,1543,买盘
996,13:14:51,15.42,-0.01,1,1542,买盘
997,13:14:57,15.44,0.02,19,29317,买盘
998,13:15:00,15.43,-0.01,5,7715,卖盘
999,13:15:18,15.43,0.0,3,4629,卖盘
1000,13:15:21,15.44,0.01,2,3088,买盘
1001,13:15:34,15.44,0.0,10,15440,买盘
1002,13:15:36,15.44,0.0,17,26248,买盘
1003,13:15:46,15.45,0.01,18,27807,买盘
1004,13:15:51,15.45,0.0,8,12360,买盘
1005,13:16:01,15.46,0.01,40,61840,买盘
1006,13:16:04,15.46,0.0,2,3092,买盘
1007,13:16:10,15.5,0.04,97,150172,买盘
1008,13:16:16,15.5,0.0,2,3100,卖盘
1009,13:16:24,15.51,0.01,6,9306,买盘
1010,13:16:34,15.53,0.02,5,7765,买盘
1011,13:16:45,15.53,0.0,8,12424,买盘
1012,13:16:52,15.53,0.0,5,7765,买盘
1013,13:17:01,15.53,0.0,1,1553,买盘
1014,13:17:13,15.53,0.0,1,1553,买盘
1015,13:17:25,15.53,0.0,40,62120,卖盘
1016,13:17:30,15.53,0.0,2,3105,买盘
1017,13:17:37,15.53,0.0,25,38825,买盘
1018,13:17:49,15.51,-0.02,3,4653,卖盘
1019,13:17:52,15.51,0.0,17,26367,卖盘
1020,13:18:06,15.51,0.0,1,1551,买盘
1021,13:18:25,15.5,-0.01,1,1550,卖盘
1022,13:18:33,15.51,0.01,9,13959,买盘
1023,13:18:46,15.51,0.0,40,62040,买盘
1024,13:19:01,15.53,0.02,3,4659,买盘
1025,13:19:42,15.51,-0.02,10,15510,卖盘
1026,13:20:01,15.52,0.01,17,26384,买盘
1027,13:20:16,15.53,0.01,5,7765,买盘
1028,13:20:19,15.52,-0.01,3,4656,卖盘
1029,13:20:28,15.52,0.0,6,9312,卖盘
1030,13:20:34,15.53,0.01,28,43484,买盘
1031,13:20:37,15.52,-0.01,16,24844,卖盘
1032,13:20:42,15.53,0.01,3,4659,卖盘
1033,13:21:06,15.53,0.0,2,3106,卖盘
1034,13:21:10,15.54,0.01,6,9324,买盘
1035,13:21:13,15.54,0.0,3,4662,买盘
1036,13:21:18,15.54,0.0,9,13986,买盘
1037,13:21:21,15.54,0.0,4,6216,买盘
1038,13:21:40,15.53,-0.01,1,1553,卖盘
1039,13:21:45,15.53,0.0,4,6212,卖盘
1040,13:21:51,15.53,0.0,6,9318,卖盘
1041,13:22:04,15.53,0.0,13,20189,卖盘
1042,13:22:09,15.53,0.0,7,10871,卖盘
1043,13:22:12,15.54,0.01,19,29519,买盘
1044,13:22:21,15.53,-0.01,3,4659,买盘
1045,13:22:27,15.54,0.01,3,4662,买盘
1046,13:22:30,15.53,-0.01,4,6212,卖盘
1047,13:22:33,15.54,0.01,4,6216,买盘
1048,13:22:37,15.53,-0.01,8,12424,卖盘
1049,13:23:13,15.53,0.0,12,18636,买盘
1050,13:23:18,15.53,0.0,4,6212,卖盘
1051,13:23:21,15.54,0.01,5,7770,买盘
1052,13:23:45,15.53,-0.01,2,3106,卖盘
1053,13:23:58,15.53,0.0,5,7765,卖盘
1054,13:24:07,15.53,0.0,22,34166,卖盘
1055,13:24:10,15.53,0.0,6,9318,买盘
1056,13:24:21,15.53,0.0,1,1553,买盘
1057,13:24:34,15.54,0.01,19,29526,买盘
1058,13:24:37,15.54,0.0,7,10878,买盘
1059,13:24:42,15.54,0.0,14,21746,买盘
1060,13:24:46,15.54,0.0,5,7770,买盘
1061,13:24:52,15.54,0.0,25,38850,买盘
1062,13:24:55,15.54,0.0,10,15540,买盘
1063,13:24:58,15.55,0.01,2,3110,买盘
1064,13:25:01,15.6,0.05,200,311582,买盘
1065,13:25:34,15.6,0.0,3,4680,买盘
1066,13:26:01,15.59,-0.01,8,12472,买盘
1067,13:26:07,15.58,-0.01,2,3116,卖盘
1068,13:26:12,15.59,0.01,2,3118,买盘
1069,13:26:19,15.59,0.0,3,4677,卖盘
1070,13:26:36,15.55,-0.04,4,6220,卖盘
1071,13:27:28,15.57,0.02,7,10899,买盘
1072,13:27:33,15.58,0.01,11,17138,买盘
1073,13:27:42,15.58,0.0,3,4674,买盘
1074,13:27:55,15.58,0.0,3,4674,买盘
1075,13:27:58,15.57,-0.01,6,9346,卖盘
1076,13:28:10,15.57,0.0,5,7783,买盘
1077,13:28:15,15.57,0.0,53,82535,卖盘
1078,13:28:25,15.57,0.0,7,10899,卖盘
1079,13:28:36,15.57,0.0,3,4671,买盘
1080,13:29:06,15.58,0.01,110,171380,买盘
1081,13:29:09,15.58,0.0,2,3116,买盘
1082,13:29:13,15.58,0.0,8,12454,买盘
1083,13:29:31,15.6,0.02,56,87348,买盘
1084,13:29:34,15.61,0.01,2,3122,买盘
1085,13:29:37,15.61,0.0,11,17171,买盘
1086,13:29:40,15.61,0.0,25,39025,买盘
1087,13:29:43,15.65,0.04,43,67255,买盘
1088,13:29:46,15.66,0.01,13,20358,买盘
1089,13:29:54,15.66,0.0,9,14096,卖盘
1090,13:29:58,15.66,0.0,6,9396,卖盘
1091,13:30:04,15.7,0.04,200,313734,买盘
1092,13:30:06,15.66,-0.04,3,4698,卖盘
1093,13:30:09,15.67,0.01,4,6268,中性盘
1094,13:30:16,15.69,0.02,8,12552,买盘
1095,13:30:19,15.73,0.04,51,80107,买盘
1096,13:30:27,15.67,-0.06,10,15670,卖盘
1097,13:30:33,15.7,0.03,5,7850,买盘
1098,13:30:39,15.7,0.0,2,3140,买盘
1099,13:30:43,15.7,0.0,22,34540,买盘
1100,13:30:46,15.71,0.01,8,12568,卖盘
1101,13:30:54,15.7,-0.01,14,21980,买盘
1102,13:30:58,15.7,0.0,5,7850,买盘
1103,13:31:01,15.67,-0.03,4,6268,卖盘
1104,13:31:07,15.72,0.05,33,51864,买盘
1105,13:31:10,15.72,0.0,5,7860,卖盘
1106,13:31:12,15.67,-0.05,23,36101,卖盘
1107,13:31:21,15.67,0.0,40,62751,卖盘
1108,13:31:25,15.67,0.0,19,29824,卖盘
1109,13:31:27,15.67,0.0,11,17237,买盘
1110,13:31:37,15.67,0.0,2,3134,买盘
1111,13:31:42,15.66,-0.01,6,9396,卖盘
1112,13:32:00,15.66,0.0,4,6264,买盘
1113,13:32:04,15.66,0.0,2,3132,买盘
1114,13:32:16,15.65,-0.01,2,3131,卖盘
1115,13:32:24,15.67,0.02,2,3133,买盘
1116,13:32:27,15.65,-0.02,1,1565,卖盘
1117,13:32:45,15.61,-0.04,5,7805,卖盘
1118,13:32:51,15.61,0.0,3,4683,卖盘
1119,13:33:01,15.61,0.0,15,23405,买盘
1120,13:33:49,15.64,0.03,5,7820,买盘
1121,13:33:52,15.63,-0.01,3,4689,卖盘
1122,13:34:16,15.64,0.01,48,75072,买盘
1123,13:34:40,15.64,0.0,63,98545,卖盘
1124,13:34:43,15.67,0.03,8,12536,买盘
1125,13:35:00,15.67,0.0,1,1567,卖盘
1126,13:35:04,15.67,0.0,10,15670,卖盘
1127,13:35:06,15.69,0.02,17,26643,买盘
1128,13:35:09,15.67,-0.02,18,28210,卖盘
1129,13:35:27,15.67,0.0,38,59546,买盘
1130,13:35:43,15.67,0.0,6,9402,卖盘
1131,13:35:52,15.69,0.02,11,17259,买盘
1132,13:35:54,15.69,0.0,1,1569,买盘
1133,13:36:00,15.69,0.0,6,9409,买盘
1134,13:36:04,15.69,0.0,2,3138,买盘
1135,13:36:06,15.69,0.0,2,3137,买盘
1136,13:36:09,15.69,0.0,2,3138,买盘
1137,13:36:24,15.69,0.0,4,6276,买盘
1138,13:36:37,15.68,-0.01,1,1568,卖盘
1139,13:36:42,15.68,0.0,1,1568,卖盘
1140,13:36:46,15.68,0.0,45,70560,卖盘
1141,13:36:48,15.64,-0.04,7,10948,卖盘
1142,13:37:04,15.61,-0.03,6,9366,卖盘
1143,13:37:12,15.61,0.0,4,6244,卖盘
1144,13:38:33,15.64,0.03,3,4692,买盘
1145,13:38:36,15.64,0.0,1,1564,买盘
1146,13:38:46,15.64,0.0,6,9384,买盘
1147,13:38:55,15.64,0.0,1,1564,买盘
1148,13:39:16,15.65,0.01,1,1565,买盘
1149,13:39:19,15.68,0.03,10,15680,买盘
1150,13:39:31,15.65,-0.03,1,1565,卖盘
1151,13:40:04,15.68,0.03,10,15680,买盘
1152,13:40:12,15.66,-0.02,4,6264,卖盘
1153,13:40:43,15.65,-0.01,5,7828,卖盘
1154,13:40:45,15.65,0.0,1,1565,买盘
1155,13:40:49,15.65,0.0,19,29735,买盘
1156,13:40:55,15.65,0.0,3,4695,买盘
1157,13:41:12,15.65,0.0,5,7825,卖盘
1158,13:41:16,15.65,0.0,4,6260,卖盘
1159,13:41:22,15.65,0.0,3,4695,卖盘
1160,13:41:28,15.66,0.01,52,81432,买盘
1161,13:41:30,15.65,-0.01,12,18786,卖盘
1162,13:41:58,15.68,0.03,2,3136,买盘
1163,13:42:00,15.68,0.0,5,7840,买盘
1164,13:42:49,15.65,-0.03,1,1565,卖盘
1165,13:42:55,15.65,0.0,8,12535,卖盘
1166,13:43:01,15.68,0.03,18,28188,买盘
1167,13:43:04,15.68,0.0,10,15680,卖盘
1168,13:43:16,15.68,0.0,2,3136,卖盘
1169,13:43:21,15.68,0.0,10,15680,卖盘
1170,13:43:31,15.68,0.0,13,20384,卖盘
1171,13:43:34,15.68,0.0,3,4704,买盘
1172,13:43:46,15.65,-0.03,9,14100,卖盘
1173,13:43:55,15.65,0.0,5,7825,买盘
1174,13:44:01,15.65,0.0,3,4460,买盘
1175,13:44:13,15.65,0.0,4,6260,卖盘
1176,13:44:19,15.65,0.0,13,20580,卖盘
1177,13:44:30,15.64,-0.01,1,1564,卖盘
1178,13:44:42,15.64,0.0,4,6256,卖盘
1179,13:45:04,15.64,0.0,4,6256,买盘
1180,13:45:09,15.62,-0.02,3,4686,卖盘
1181,13:45:25,15.62,0.0,1,1562,买盘
1182,13:45:36,15.62,0.0,5,7810,卖盘
1183,13:45:42,15.62,0.0,17,26554,卖盘
1184,13:45:48,15.62,0.0,17,26554,卖盘
1185,13:46:01,15.62,0.0,4,6248,卖盘
1186,13:46:07,15.6,-0.02,80,124874,卖盘
1187,13:46:46,15.61,0.01,3,4683,买盘
1188,13:47:06,15.61,0.0,8,12488,卖盘
1189,13:47:16,15.62,0.01,3,4686,买盘
1190,13:47:51,15.62,0.0,10,15620,买盘
1191,13:47:55,15.61,-0.01,2,3122,卖盘
1192,13:48:13,15.64,0.03,6,9376,买盘
1193,13:48:30,15.62,-0.02,10,15620,买盘
1194,13:48:45,15.61,-0.01,7,10927,卖盘
1195,13:49:15,15.61,0.0,13,20298,卖盘
1196,13:49:24,15.64,0.03,2,3128,买盘
1197,13:49:27,15.62,-0.02,1,1562,卖盘
1198,13:50:12,15.62,0.0,5,7810,卖盘
1199,13:50:15,15.62,0.0,7,10934,卖盘
1200,13:50:55,15.62,0.0,10,15620,卖盘
1201,13:51:10,15.62,0.0,4,6248,卖盘
1202,13:51:12,15.62,0.0,5,7810,买盘
1203,13:51:37,15.63,0.01,4,6252,买盘
1204,13:52:04,15.62,-0.01,5,7810,卖盘
1205,13:52:13,15.62,0.0,4,6248,卖盘
1206,13:52:43,15.62,0.0,10,15620,卖盘
1207,13:52:45,15.62,0.0,6,9372,卖盘
1208,13:52:48,15.62,0.0,3,4686,卖盘
1209,13:53:46,15.63,0.01,4,6252,买盘
1210,13:54:12,15.63,0.0,11,17193,买盘
1211,13:54:27,15.63,0.0,2,3126,买盘
1212,13:54:42,15.63,0.0,2,3126,卖盘
1213,13:55:07,15.61,-0.02,13,20293,卖盘
1214,13:55:40,15.61,0.0,9,14049,卖盘
1215,13:55:55,15.64,0.03,46,71909,买盘
1216,13:55:58,15.6,-0.04,11,17162,卖盘
1217,13:56:01,15.6,0.0,33,51507,卖盘
1218,13:56:15,15.6,0.0,8,12480,卖盘
1219,13:56:18,15.6,0.0,6,9360,卖盘
1220,13:56:21,15.6,0.0,3,4680,卖盘
1221,13:56:30,15.6,0.0,5,7800,卖盘
1222,13:56:33,15.6,0.0,5,7800,卖盘
1223,13:56:42,15.6,0.0,10,15600,卖盘
1224,13:56:46,15.6,0.0,4,6240,卖盘
1225,13:57:49,15.6,0.0,35,54600,卖盘
1226,13:58:06,15.63,0.03,4,6252,买盘
1227,13:58:57,15.63,0.0,5,7815,买盘
1228,13:59:21,15.63,0.0,1,1563,买盘
1229,13:59:42,15.63,0.0,32,50016,买盘
1230,13:59:51,15.65,0.02,50,78243,买盘
1231,14:00:09,15.63,-0.02,4,6252,卖盘
1232,14:00:15,15.65,0.02,13,20345,买盘
1233,14:00:21,15.63,-0.02,14,21882,卖盘
1234,14:00:33,15.65,0.02,6,9155,买盘
1235,14:00:43,15.65,0.0,13,20345,卖盘
1236,14:00:49,15.65,0.0,2,3130,卖盘
1237,14:01:00,15.65,0.0,9,14085,卖盘
1238,14:01:06,15.65,0.0,2,3130,卖盘
1239,14:01:33,15.66,0.01,1,1566,买盘
1240,14:01:48,15.67,0.01,10,15662,买盘
1241,14:01:55,15.65,-0.02,5,7827,卖盘
1242,14:02:09,15.66,0.01,1,1566,卖盘
1243,14:02:19,15.66,0.0,1,1566,卖盘
1244,14:02:25,15.66,0.0,4,6264,卖盘
1245,14:02:28,15.67,0.01,4,6267,买盘
1246,14:02:58,15.67,0.0,22,34474,买盘
1247,14:03:10,15.65,-0.02,17,26840,卖盘
1248,14:03:16,15.65,0.0,1,1565,买盘
1249,14:03:19,15.68,0.03,188,294495,买盘
1250,14:03:22,15.68,0.0,18,28224,卖盘
1251,14:03:33,15.69,0.01,8,12552,买盘
1252,14:03:43,15.69,0.0,6,9414,买盘
1253,14:03:55,15.68,-0.01,2,3136,卖盘
1254,14:04:04,15.7,0.02,26,40819,买盘
1255,14:04:07,15.68,-0.02,16,25116,卖盘
1256,14:04:10,15.7,0.02,10,15700,买盘
1257,14:04:34,15.69,-0.01,10,15690,买盘
1258,14:04:48,15.7,0.01,20,31400,买盘
1259,14:04:55,15.69,-0.01,11,17268,卖盘
1260,14:04:58,15.68,-0.01,43,67438,卖盘
1261,14:05:04,15.68,0.0,1,1568,卖盘
1262,14:05:15,15.68,0.0,10,15680,卖盘
1263,14:05:22,15.68,0.0,7,10976,卖盘
1264,14:05:28,15.68,0.0,30,47040,卖盘
1265,14:05:30,15.68,0.0,23,36064,卖盘
1266,14:05:34,15.68,0.0,5,7840,卖盘
1267,14:05:36,15.68,0.0,27,42571,卖盘
1268,14:05:55,15.68,0.0,13,20381,买盘
1269,14:06:49,15.65,-0.03,2,3130,买盘
1270,14:07:04,15.61,-0.04,6,9366,卖盘
1271,14:07:13,15.61,0.0,4,6244,卖盘
1272,14:07:22,15.61,0.0,4,6244,卖盘
1273,14:07:42,15.61,0.0,2,3122,卖盘
1274,14:08:21,15.61,0.0,8,12488,卖盘
1275,14:08:25,15.61,0.0,19,29659,买盘
1276,14:08:30,15.61,0.0,14,21854,买盘
1277,14:08:33,15.6,-0.01,11,17160,卖盘
1278,14:08:43,15.61,0.01,5,7805,买盘
1279,14:08:49,15.61,0.0,9,14049,买盘
1280,14:08:57,15.65,0.04,6,9378,买盘
1281,14:09:07,15.61,-0.04,10,15610,买盘
1282,14:09:58,15.61,0.0,8,12488,卖盘
1283,14:10:51,15.61,0.0,1,1561,卖盘
1284,14:10:55,15.61,0.0,14,21854,卖盘
1285,14:11:07,15.61,0.0,3,4683,买盘
1286,14:11:15,15.6,-0.01,4,6240,卖盘
1287,14:11:21,15.6,0.0,3,4680,卖盘
1288,14:11:25,15.59,-0.01,80,124758,卖盘
1289,14:11:31,15.6,0.01,2,3120,中性盘
1290,14:11:42,15.59,-0.01,5,7795,卖盘
1291,14:11:55,15.59,0.0,6,9354,中性盘
1292,14:12:33,15.58,-0.01,7,10906,卖盘
1293,14:12:39,15.58,0.0,10,15580,卖盘
1294,14:12:46,15.58,0.0,21,32718,卖盘
1295,14:12:52,15.58,0.0,10,15580,卖盘
1296,14:12:58,15.58,0.0,4,6232,卖盘
1297,14:13:01,15.59,0.01,2,3118,买盘
1298,14:13:04,15.59,0.0,8,12472,卖盘
1299,14:13:18,15.6,0.01,3,4680,买盘
1300,14:13:24,15.6,0.0,5,7800,买盘
1301,14:13:27,15.59,-0.01,5,7795,卖盘
1302,14:13:45,15.59,0.0,4,6236,卖盘
1303,14:13:49,15.6,0.01,5,7800,买盘
1304,14:14:01,15.61,0.01,13,20293,买盘
1305,14:14:04,15.61,0.0,2,3122,卖盘
1306,14:14:07,15.59,-0.02,60,93567,卖盘
1307,14:15:01,15.61,0.02,13,20293,买盘
1308,14:15:04,15.61,0.0,22,34342,买盘
1309,14:15:10,15.6,-0.01,4,6240,卖盘
1310,14:15:22,15.61,0.01,15,23415,买盘
1311,14:15:25,15.6,-0.01,13,20280,卖盘
1312,14:15:28,15.61,0.01,3,4683,买盘
1313,14:15:33,15.6,-0.01,1,1560,卖盘
1314,14:16:01,15.61,0.01,17,26537,买盘
1315,14:16:13,15.61,0.0,4,6244,卖盘
1316,14:16:24,15.63,0.02,2,3124,买盘
1317,14:16:36,15.61,-0.02,1,1561,卖盘
1318,14:16:49,15.61,0.0,19,29659,卖盘
1319,14:17:10,15.6,-0.01,7,10920,卖盘
1320,14:17:19,15.6,0.0,7,10920,卖盘
1321,14:17:27,15.6,0.0,1,1560,卖盘
1322,14:17:39,15.61,0.01,2,3122,买盘
1323,14:17:46,15.6,-0.01,7,10920,卖盘
1324,14:17:51,15.6,0.0,4,6240,卖盘
1325,14:18:42,15.6,0.0,30,46800,卖盘
1326,14:18:45,15.61,0.01,1,1561,买盘
1327,14:18:52,15.61,0.0,1,1561,买盘
1328,14:19:01,15.6,-0.01,12,18720,卖盘
1329,14:19:07,15.58,-0.02,1,1558,卖盘
1330,14:19:49,15.6,0.02,2,3120,买盘
1331,14:19:51,15.6,0.0,2,3120,卖盘
1332,14:19:54,15.6,0.0,1,1560,卖盘
1333,14:20:18,15.6,0.0,12,18720,买盘
1334,14:21:30,15.6,0.0,10,15600,买盘
1335,14:21:58,15.6,0.0,4,6240,买盘
1336,14:22:04,15.59,-0.01,4,6236,卖盘
1337,14:22:06,15.59,0.0,2,3118,买盘
1338,14:22:12,15.58,-0.01,4,6232,卖盘
1339,14:22:21,15.58,0.0,36,56088,卖盘
1340,14:22:40,15.58,0.0,38,59204,卖盘
1341,14:22:43,15.58,0.0,1,1558,卖盘
1342,14:23:09,15.58,0.0,16,24928,卖盘
1343,14:23:34,15.58,0.0,5,7790,卖盘
1344,14:23:52,15.55,-0.03,50,77826,卖盘
1345,14:24:07,15.55,0.0,2,3110,卖盘
1346,14:24:09,15.55,0.0,4,6220,买盘
1347,14:24:19,15.53,-0.02,5,7765,卖盘
1348,14:24:28,15.51,-0.02,10,15510,卖盘
1349,14:24:40,15.51,0.0,1,1551,中性盘
1350,14:24:43,15.51,0.0,3,4653,卖盘
1351,14:25:06,15.52,0.01,1,1552,买盘
1352,14:25:16,15.52,0.0,5,7760,买盘
1353,14:25:27,15.52,0.0,4,6208,买盘
1354,14:25:48,15.53,0.01,1,1553,买盘
1355,14:26:16,15.54,0.01,2,3108,中性盘
1356,14:26:18,15.55,0.01,5,7775,买盘
1357,14:26:22,15.54,-0.01,1,1554,卖盘
1358,14:26:31,15.54,0.0,1,1554,卖盘
1359,14:27:31,15.54,0.0,4,6216,买盘
1360,14:27:40,15.54,0.0,4,6216,卖盘
1361,14:28:16,15.54,0.0,1,1554,卖盘
1362,14:28:30,15.56,0.02,3,4668,买盘
1363,14:28:46,15.56,0.0,1,1556,买盘
1364,14:28:54,15.56,0.0,20,31120,卖盘
1365,14:28:57,15.57,0.01,3,4671,买盘
1366,14:29:00,15.56,-0.01,10,15560,卖盘
1367,14:29:04,15.56,0.0,6,9336,卖盘
1368,14:29:06,15.56,0.0,55,85639,卖盘
1369,14:29:13,15.56,0.0,20,31120,卖盘
1370,14:29:15,15.56,0.0,1,1556,买盘
1371,14:29:28,15.56,0.0,54,84019,买盘
1372,14:29:42,15.58,0.02,11,17136,买盘
1373,14:29:46,15.56,-0.02,1,1556,卖盘
1374,14:29:55,15.55,-0.01,1,1555,卖盘
1375,14:29:57,15.55,0.0,3,4665,卖盘
1376,14:30:00,15.55,0.0,13,20215,卖盘
1377,14:30:04,15.56,0.01,3,4668,买盘
1378,14:30:07,15.55,-0.01,1,1555,卖盘
1379,14:30:09,15.55,0.0,1,1555,卖盘
1380,14:30:13,15.54,-0.01,1,1554,卖盘
1381,14:30:40,15.55,0.01,2,3109,买盘
1382,14:31:07,15.54,-0.01,8,12435,卖盘
1383,14:31:16,15.56,0.02,5,7780,买盘
1384,14:31:19,15.56,0.0,43,66908,买盘
1385,14:31:21,15.56,0.0,2,3112,卖盘
1386,14:31:28,15.56,0.0,1,1556,卖盘
1387,14:31:30,15.56,0.0,4,6224,卖盘
1388,14:32:34,15.55,-0.01,5,7775,卖盘
1389,14:32:49,15.57,0.02,4,6228,买盘
1390,14:33:43,15.55,-0.02,1,1555,卖盘
1391,14:33:54,15.55,0.0,3,4665,卖盘
1392,14:34:13,15.54,-0.01,50,77749,卖盘
1393,14:34:24,15.5,-0.04,32,49668,卖盘
1394,14:34:37,15.54,0.04,1,1554,买盘
1395,14:35:01,15.54,0.0,1,1554,买盘
1396,14:35:10,15.55,0.01,4,6220,买盘
1397,14:35:12,15.55,0.0,10,15550,卖盘
1398,14:35:25,15.55,0.0,36,55980,卖盘
1399,14:36:01,15.55,0.0,1,1555,买盘
1400,14:36:18,15.55,0.0,20,31100,买盘
1401,14:36:30,15.55,0.0,1,1555,卖盘
1402,14:36:34,15.56,0.01,5,7780,买盘
1403,14:36:36,15.56,0.0,33,51348,买盘
1404,14:36:42,15.56,0.0,1,1556,卖盘
1405,14:36:49,15.57,0.01,12,18684,买盘
1406,14:37:01,15.58,0.01,29,45182,买盘
1407,14:37:04,15.58,0.0,1,1558,买盘
1408,14:37:07,15.57,-0.01,10,15570,卖盘
1409,14:37:13,15.59,0.02,6,9354,买盘
1410,14:37:16,15.57,-0.02,31,48305,卖盘
1411,14:37:37,15.57,0.0,6,9342,买盘
1412,14:38:19,15.57,0.0,48,74736,买盘
1413,14:39:22,15.59,0.02,4,6236,买盘
1414,14:39:25,15.59,0.0,11,17149,买盘
1415,14:39:37,15.58,-0.01,60,93480,买盘
1416,14:39:43,15.58,0.0,17,26486,买盘
1417,14:39:46,15.58,0.0,2,3116,买盘
1418,14:39:52,15.58,0.0,5,7790,买盘
1419,14:39:55,15.58,0.0,6,9348,买盘
1420,14:40:16,15.57,-0.01,52,80964,卖盘
1421,14:40:31,15.57,0.0,2,3114,买盘
1422,14:40:34,15.57,0.0,1,1557,卖盘
1423,14:40:46,15.57,0.0,3,4671,卖盘
1424,14:41:21,15.55,-0.02,40,62210,卖盘
1425,14:41:31,15.55,0.0,1,1555,买盘
1426,14:42:13,15.54,-0.01,1,1554,买盘
1427,14:42:37,15.51,-0.03,13,20166,卖盘
1428,14:43:01,15.51,0.0,28,43428,卖盘
1429,14:43:04,15.54,0.03,1,1554,买盘
1430,14:43:10,15.54,0.0,14,21756,买盘
1431,14:43:18,15.54,0.0,52,80808,买盘
1432,14:43:25,15.52,-0.02,10,15520,卖盘
1433,14:43:31,15.52,0.0,13,20192,卖盘
1434,14:43:40,15.52,0.0,9,13968,卖盘
1435,14:43:51,15.52,0.0,4,6208,卖盘
1436,14:44:10,15.52,0.0,13,20176,卖盘
1437,14:44:21,15.52,0.0,2,3104,买盘
1438,14:44:28,15.52,0.0,4,6208,买盘
1439,14:44:31,15.52,0.0,1,1552,买盘
1440,14:44:34,15.52,0.0,1,1552,买盘
1441,14:44:52,15.52,0.0,7,10864,买盘
1442,14:45:06,15.54,0.02,1,1554,买盘
1443,14:45:09,15.54,0.0,2,3108,买盘
1444,14:45:13,15.54,0.0,12,18648,买盘
1445,14:45:19,15.54,0.0,5,7770,买盘
1446,14:45:25,15.54,0.0,5,7770,买盘
1447,14:45:28,15.54,0.0,1,1554,买盘
1448,14:45:39,15.53,-0.01,40,62120,卖盘
1449,14:45:42,15.54,0.01,2,3108,买盘
1450,14:45:48,15.54,0.0,90,139858,买盘
1451,14:45:52,15.55,0.01,44,68420,买盘
1452,14:46:13,15.54,-0.01,2,3108,卖盘
1453,14:46:25,15.55,0.01,4,6220,买盘
1454,14:46:28,15.55,0.0,26,40430,买盘
1455,14:46:33,15.56,0.01,17,26452,买盘
1456,14:46:37,15.56,0.0,3,4668,买盘
1457,14:46:40,15.56,0.0,46,71566,买盘
1458,14:46:49,15.56,0.0,5,7780,卖盘
1459,14:46:55,15.57,0.01,11,17127,买盘
1460,14:47:19,15.57,0.0,21,32697,买盘
1461,14:47:34,15.58,0.01,1,1558,买盘
1462,14:47:39,15.58,0.0,3,4674,买盘
1463,14:47:57,15.58,0.0,7,10906,买盘
1464,14:48:13,15.58,0.0,4,6232,买盘
1465,14:48:16,15.58,0.0,1,1558,买盘
1466,14:48:30,15.58,0.0,5,7790,买盘
1467,14:48:34,15.58,0.0,17,26486,买盘
1468,14:48:43,15.58,0.0,18,28044,买盘
1469,14:48:46,15.58,0.0,5,7790,卖盘
1470,14:49:31,15.59,0.01,8,12472,买盘
1471,14:49:34,15.58,-0.01,5,7790,卖盘
1472,14:49:46,15.59,0.01,5,7795,买盘
1473,14:49:55,15.59,0.0,5,7795,买盘
1474,14:50:01,15.59,0.0,25,38975,买盘
1475,14:50:04,15.58,-0.01,18,28058,卖盘
1476,14:50:07,15.6,0.02,8,12480,买盘
1477,14:50:10,15.6,0.0,20,31200,买盘
1478,14:50:15,15.6,0.0,8,12480,买盘
1479,14:50:19,15.6,0.0,3,4680,卖盘
1480,14:50:22,15.6,0.0,15,23400,卖盘
1481,14:50:25,15.61,0.01,88,137363,买盘
1482,14:50:30,15.62,0.01,45,70290,买盘
1483,14:50:36,15.62,0.0,19,29678,卖盘
1484,14:50:40,15.62,0.0,1,1562,卖盘
1485,14:50:52,15.63,0.01,5,7815,买盘
1486,14:50:55,15.63,0.0,16,25002,买盘
1487,14:50:57,15.65,0.02,1,1565,买盘
1488,14:51:04,15.65,0.0,12,18776,买盘
1489,14:51:12,15.63,-0.02,11,17213,卖盘
1490,14:51:21,15.65,0.02,1,1565,买盘
1491,14:51:34,15.64,-0.01,1,1564,卖盘
1492,14:51:51,15.65,0.01,21,32864,买盘
1493,14:52:04,15.64,-0.01,13,20344,卖盘
1494,14:52:10,15.65,0.01,3,4695,买盘
1495,14:52:25,15.64,-0.01,8,12512,卖盘
1496,14:52:34,15.64,0.0,2,3128,买盘
1497,14:52:37,15.63,-0.01,46,71899,卖盘
1498,14:52:40,15.63,0.0,7,10941,卖盘
1499,14:52:55,15.63,0.0,37,57836,卖盘
1500,14:53:04,15.63,0.0,30,46890,买盘
1501,14:53:07,15.62,-0.01,30,46860,卖盘
1502,14:53:18,15.63,0.01,14,21882,买盘
1503,14:53:21,15.63,0.0,11,17187,买盘
1504,14:53:27,15.62,-0.01,14,21875,卖盘
1505,14:53:34,15.63,0.01,2,3126,买盘
1506,14:53:49,15.64,0.01,17,26572,买盘
1507,14:53:52,15.62,-0.02,7,10937,卖盘
1508,14:53:57,15.63,0.01,5,7815,卖盘
1509,14:54:10,15.63,0.0,10,15630,卖盘
1510,14:54:16,15.63,0.0,1,1563,卖盘
1511,14:54:22,15.63,0.0,10,15630,卖盘
1512,14:54:28,15.63,0.0,46,71898,卖盘
1513,14:54:31,15.63,0.0,3,4689,买盘
1514,14:54:34,15.63,0.0,3,4689,买盘
1515,14:54:40,15.63,0.0,1,1563,买盘
1516,14:54:46,15.63,0.0,30,46870,买盘
1517,14:54:48,15.63,0.0,57,89091,买盘
1518,14:54:52,15.62,-0.01,6,9372,卖盘
1519,14:54:55,15.63,0.01,23,35931,买盘
1520,14:54:58,15.65,0.02,37,57877,买盘
1521,14:55:01,15.63,-0.02,135,211107,卖盘
1522,14:55:04,15.63,0.0,15,23463,卖盘
1523,14:55:12,15.63,0.0,3,4693,卖盘
1524,14:55:25,15.63,0.0,2,3126,买盘
1525,14:55:28,15.62,-0.01,13,20314,卖盘
1526,14:55:31,15.63,0.01,31,48453,卖盘
1527,14:55:37,15.65,0.02,17,26592,买盘
1528,14:55:58,15.64,-0.01,10,15640,买盘
1529,14:56:01,15.64,0.0,10,15640,买盘
1530,14:56:13,15.64,0.0,10,15640,买盘
1531,14:56:31,15.64,0.0,55,86020,买盘
1532,14:56:34,15.64,0.0,3,4690,买盘
1533,14:56:37,15.64,0.0,7,10948,买盘
1534,14:56:40,15.64,0.0,20,31280,买盘
1535,14:56:43,15.64,0.0,2,3128,买盘
1536,14:56:51,15.64,0.0,2,3128,卖盘
1537,14:56:55,15.64,0.0,21,32854,卖盘
1538,14:56:58,15.64,0.0,11,17204,买盘
1539,15:00:04,15.64,0.0,280,437920,卖盘
