,time,price,change,volume,amount,type
0,09:25:04,28.86,-0.19,68,196248,买盘
1,09:30:04,28.86,0.0,29,83694,卖盘
2,09:30:08,28.87,0.01,99,285743,买盘
3,09:30:10,28.86,-0.01,11,31756,中性盘
4,09:30:13,28.8,-0.06,1,2880,中性盘
5,09:30:16,28.85,0.05,6,17310,中性盘
6,09:30:19,28.81,-0.04,1,2881,卖盘
7,09:30:28,28.8,-0.01,1,2880,中性盘
8,09:30:31,28.7,-0.1,4,11480,卖盘
9,09:30:37,28.7,0.0,1,2870,买盘
10,09:30:43,28.62,-0.08,11,31560,卖盘
11,09:30:49,28.69,0.07,8,22944,中性盘
12,09:30:55,28.69,0.0,2,5732,买盘
13,09:30:58,28.63,-0.06,5,14315,卖盘
14,09:31:01,28.7,0.07,25,71722,买盘
15,09:31:05,28.7,0.0,6,17220,卖盘
16,09:31:13,28.7,0.0,2,5740,卖盘
17,09:31:19,28.71,0.01,3,8613,卖盘
18,09:31:22,28.7,-0.01,10,28701,卖盘
19,09:31:28,28.77,0.07,10,28769,买盘
20,09:31:37,28.72,-0.05,10,28720,卖盘
21,09:31:40,28.76,0.04,7,20130,买盘
22,09:31:43,28.7,-0.06,4,11486,卖盘
23,09:31:46,28.7,0.0,6,17220,卖盘
24,09:31:52,28.7,0.0,2,5740,卖盘
25,09:31:55,28.7,0.0,20,57404,卖盘
26,09:31:58,28.71,0.01,4,11483,中性盘
27,09:32:01,28.73,0.02,22,63201,买盘
28,09:32:04,28.71,-0.02,3,8613,卖盘
29,09:32:07,28.72,0.01,2,5743,买盘
30,09:32:10,28.71,-0.01,2,5742,卖盘
31,09:32:13,28.71,0.0,6,17226,卖盘
32,09:32:16,28.75,0.04,29,83357,买盘
33,09:32:19,28.75,0.0,11,31625,卖盘
34,09:32:22,28.75,0.0,3,8625,卖盘
35,09:32:25,28.75,0.0,1,2875,卖盘
36,09:32:31,28.76,0.01,9,25884,买盘
37,09:32:34,28.75,-0.01,15,43133,卖盘
38,09:32:37,28.76,0.01,11,31626,中性盘
39,09:32:40,28.75,-0.01,5,14376,卖盘
40,09:32:49,28.72,-0.03,20,57497,卖盘
41,09:32:52,28.76,0.04,4,11502,买盘
42,09:32:55,28.74,-0.02,2,5750,中性盘
43,09:33:04,28.76,0.02,20,57478,买盘
44,09:33:10,28.76,0.0,8,23008,买盘
45,09:33:13,28.77,0.01,10,28760,买盘
46,09:33:19,28.76,-0.01,2,5752,买盘
47,09:33:22,28.76,0.0,6,17256,买盘
48,09:33:25,28.77,0.01,19,54655,买盘
49,09:33:28,28.77,0.0,2,5754,卖盘
50,09:33:31,28.78,0.01,3,8634,买盘
51,09:33:34,28.79,0.01,2,5758,买盘
52,09:33:37,28.79,0.0,2,5758,买盘
53,09:33:40,28.78,-0.01,4,11513,卖盘
54,09:33:43,28.79,0.01,5,14395,买盘
55,09:33:46,28.78,-0.01,4,11515,卖盘
56,09:33:49,28.79,0.01,1,2879,买盘
57,09:33:52,28.79,0.0,13,37427,买盘
58,09:33:55,28.79,0.0,1,2879,卖盘
59,09:33:58,28.8,0.01,1,2880,买盘
60,09:34:01,28.8,0.0,1,2880,买盘
61,09:34:04,28.8,0.0,3,8640,买盘
62,09:34:07,28.8,0.0,12,34560,中性盘
63,09:34:16,28.86,0.06,36,103894,买盘
64,09:34:19,28.86,0.0,6,17316,卖盘
65,09:34:22,28.86,0.0,1,2886,卖盘
66,09:34:37,28.86,0.0,8,23088,卖盘
67,09:34:40,28.89,0.03,19,54860,买盘
68,09:34:43,28.87,-0.02,26,75096,卖盘
69,09:34:49,28.87,0.0,1,2887,卖盘
70,09:34:55,28.94,0.07,11,31806,买盘
71,09:34:58,28.87,-0.07,15,43307,卖盘
72,09:35:04,28.87,0.0,5,14453,卖盘
73,09:35:16,28.87,0.0,20,57740,卖盘
74,09:35:31,28.87,0.0,51,147237,卖盘
75,09:35:34,28.87,0.0,2,5774,买盘
76,09:35:37,28.86,-0.01,2,5772,卖盘
77,09:35:46,28.87,0.01,26,75023,买盘
78,09:35:49,28.87,0.0,1,2887,卖盘
79,09:35:55,28.88,0.01,3,8664,买盘
80,09:35:58,28.87,-0.01,10,28870,卖盘
81,09:36:01,28.88,0.01,3,8664,买盘
82,09:36:04,28.88,0.0,16,46208,买盘
83,09:36:07,28.88,0.0,2,5776,卖盘
84,09:36:16,28.9,0.02,3,8668,买盘
85,09:36:19,28.88,-0.02,9,25998,卖盘
86,09:36:25,28.89,0.01,5,14445,买盘
87,09:36:28,28.89,0.0,4,11556,买盘
88,09:36:40,28.92,0.03,4,11568,买盘
89,09:36:43,28.95,0.03,20,57873,买盘
90,09:37:01,28.95,0.0,3,8684,买盘
91,09:37:05,28.92,-0.03,53,153417,卖盘
92,09:37:07,28.92,0.0,6,17352,买盘
93,09:37:10,28.94,0.02,2,5788,卖盘
94,09:37:13,28.96,0.02,1,2896,中性盘
95,09:37:22,28.94,-0.02,3,8682,卖盘
96,09:37:28,28.97,0.03,8,23172,买盘
97,09:37:46,28.97,0.0,5,14485,卖盘
98,09:37:52,28.98,0.01,2,5796,买盘
99,09:37:58,28.98,0.0,44,127512,买盘
100,09:38:01,28.98,0.0,2,5796,卖盘
101,09:38:07,28.98,0.0,1,2898,卖盘
102,09:38:16,28.98,0.0,3,8694,卖盘
103,09:38:19,28.98,0.0,1,2898,卖盘
104,09:38:25,29.0,0.02,47,136281,买盘
105,09:38:28,29.0,0.0,3,8700,卖盘
106,09:38:49,29.05,0.05,10,29041,买盘
107,09:39:07,29.05,0.0,10,29050,买盘
108,09:39:25,29.04,-0.01,11,31933,买盘
109,09:39:28,28.99,-0.05,7,20303,卖盘
110,09:39:34,29.03,0.04,2,5806,买盘
111,09:39:40,29.03,0.0,5,14514,买盘
112,09:40:04,29.02,-0.01,3,8706,买盘
113,09:40:07,29.02,0.0,2,5804,买盘
114,09:40:10,29.02,0.0,2,5804,卖盘
115,09:40:13,29.03,0.01,6,17418,买盘
116,09:40:28,29.03,0.0,10,29030,卖盘
117,09:40:37,29.03,0.0,1,2903,卖盘
118,09:40:40,29.02,-0.01,6,17417,卖盘
119,09:40:52,29.0,-0.02,7,20300,卖盘
120,09:40:58,29.0,0.0,6,17400,卖盘
121,09:41:01,29.0,0.0,1,2900,中性盘
122,09:41:07,28.99,-0.01,48,139152,卖盘
123,09:41:13,28.98,-0.01,5,14490,卖盘
124,09:41:16,28.9,-0.08,8,23120,卖盘
125,09:41:28,28.99,0.09,50,144887,买盘
126,09:41:43,28.9,-0.09,5,14450,卖盘
127,09:41:49,28.87,-0.03,2,5774,卖盘
128,09:41:58,28.9,0.03,21,60689,买盘
129,09:42:01,28.9,0.0,14,40460,卖盘
130,09:42:07,28.9,0.0,1,2890,卖盘
131,09:42:10,28.9,0.0,1,2890,卖盘
132,09:42:22,28.9,0.0,13,37570,卖盘
133,09:42:25,28.9,0.0,1,2890,卖盘
134,09:42:49,28.87,-0.03,2,5774,卖盘
135,09:43:07,28.87,0.0,6,17322,卖盘
136,09:43:10,28.87,0.0,12,34644,卖盘
137,09:43:19,28.88,0.01,6,17328,买盘
138,09:43:22,28.88,0.0,2,5776,买盘
139,09:43:25,28.88,0.0,11,31761,买盘
140,09:43:28,28.88,0.0,10,28880,买盘
141,09:43:31,28.9,0.02,2,5779,买盘
142,09:43:34,28.9,0.0,5,14446,买盘
143,09:43:40,28.9,0.0,1,2890,买盘
144,09:43:43,28.9,0.0,4,11563,中性盘
145,09:43:46,28.93,0.03,2,5783,买盘
146,09:43:49,28.92,-0.01,1,2892,中性盘
147,09:43:52,28.92,0.0,1,2892,买盘
148,09:43:55,28.92,0.0,1,2892,买盘
149,09:43:58,28.92,0.0,3,8676,买盘
150,09:44:01,28.92,0.0,1,2892,买盘
151,09:44:04,28.93,0.01,1,2893,买盘
152,09:44:07,28.93,0.0,3,8679,买盘
153,09:44:16,28.96,0.03,1,2896,中性盘
154,09:44:28,28.96,0.0,3,8688,卖盘
155,09:44:37,28.94,-0.02,4,11576,卖盘
156,09:44:43,28.94,0.0,5,14469,买盘
157,09:44:46,28.94,0.0,1,2894,买盘
158,09:44:58,28.98,0.04,3,8690,买盘
159,09:45:10,28.98,0.0,5,14490,买盘
160,09:45:19,28.98,0.0,4,11592,买盘
161,09:45:22,28.94,-0.04,1,2894,卖盘
162,09:45:37,28.94,0.0,4,11576,卖盘
163,09:45:43,28.94,0.0,28,81079,卖盘
164,09:46:10,28.94,0.0,1,2894,买盘
165,09:46:16,28.93,-0.01,1,2893,卖盘
166,09:46:22,28.93,0.0,3,8679,卖盘
167,09:46:25,28.93,0.0,1,2893,卖盘
168,09:46:31,28.93,0.0,10,28930,卖盘
169,09:46:34,28.93,0.0,2,5786,卖盘
170,09:46:40,28.89,-0.04,6,17339,卖盘
171,09:46:55,28.89,0.0,1,2889,卖盘
172,09:47:07,28.89,0.0,1,2889,买盘
173,09:47:13,28.89,0.0,1,2889,买盘
174,09:47:19,28.9,0.01,3,8668,买盘
175,09:47:25,28.93,0.03,8,23129,买盘
176,09:47:28,28.93,0.0,6,17355,买盘
177,09:47:31,28.89,-0.04,4,11570,卖盘
178,09:47:34,28.94,0.05,3,8678,买盘
179,09:47:37,28.89,-0.05,4,11571,卖盘
180,09:47:43,28.89,0.0,6,17354,卖盘
181,09:47:46,28.89,0.0,5,14445,买盘
182,09:47:58,28.94,0.05,5,14470,买盘
183,09:48:07,28.94,0.0,10,28940,买盘
184,09:48:10,28.96,0.02,1,2896,买盘
185,09:48:16,28.95,-0.01,1,2895,卖盘
186,09:48:19,28.96,0.01,1,2896,中性盘
187,09:48:40,28.96,0.0,1,2896,卖盘
188,09:48:43,28.96,0.0,2,5792,买盘
189,09:48:46,28.98,0.02,11,31866,买盘
190,09:48:52,28.95,-0.03,7,20269,卖盘
191,09:48:55,28.98,0.03,51,147720,买盘
192,09:49:19,28.98,0.0,8,23181,买盘
193,09:49:25,28.98,0.0,1,2898,卖盘
194,09:49:28,28.99,0.01,45,130455,买盘
195,09:49:31,28.99,0.0,4,11596,卖盘
196,09:49:58,28.99,0.0,1,2899,卖盘
197,09:50:07,29.0,0.01,1,2900,卖盘
198,09:50:31,29.0,0.0,1,2900,卖盘
199,09:50:34,29.0,0.0,9,26101,卖盘
200,09:50:40,29.0,0.0,10,29000,卖盘
201,09:50:46,28.98,-0.02,1,2898,卖盘
202,09:51:28,28.91,-0.07,3,8673,卖盘
203,09:51:46,28.91,0.0,1,2891,卖盘
204,09:51:49,28.9,-0.01,45,130058,卖盘
205,09:52:01,28.91,0.01,2,5782,买盘
206,09:52:07,28.91,0.0,3,8673,卖盘
207,09:52:10,28.91,0.0,5,14455,卖盘
208,09:52:22,29.0,0.09,44,127511,买盘
209,09:52:28,29.0,0.0,2,5800,卖盘
210,09:52:43,28.91,-0.09,5,14491,卖盘
211,09:52:46,29.0,0.09,1,2900,中性盘
212,09:52:49,28.91,-0.09,4,11564,卖盘
213,09:52:58,28.91,0.0,1,2891,卖盘
214,09:53:07,28.91,0.0,2,5782,卖盘
215,09:53:19,29.0,0.09,1,2900,买盘
216,09:53:34,29.0,0.0,1,2900,卖盘
217,09:54:07,29.0,0.0,2,5800,卖盘
218,09:54:10,29.01,0.01,5,14505,买盘
219,09:54:13,29.01,0.0,3,8703,买盘
220,09:54:16,29.0,-0.01,2,5800,卖盘
221,09:54:19,29.0,0.0,4,11600,买盘
222,09:54:40,29.0,0.0,3,8700,买盘
223,09:55:04,29.0,0.0,1,2900,买盘
224,09:55:58,29.0,0.0,4,11598,买盘
225,09:57:16,28.98,-0.02,4,11592,买盘
226,09:57:40,28.93,-0.05,6,17358,卖盘
227,09:57:49,28.92,-0.01,6,17355,卖盘
228,09:58:04,28.91,-0.01,19,54929,卖盘
229,09:58:13,28.91,0.0,4,11564,卖盘
230,09:58:16,28.93,0.02,17,49180,买盘
231,09:58:19,28.93,0.0,2,5786,卖盘
232,09:58:34,28.93,0.0,1,2893,卖盘
233,09:58:46,28.93,0.0,1,2893,卖盘
234,09:58:58,28.91,-0.02,4,11564,卖盘
235,09:59:52,28.94,0.03,2,5788,卖盘
236,10:00:04,28.95,0.01,1,2895,买盘
237,10:00:22,28.96,0.01,1,2896,买盘
238,10:00:25,28.96,0.0,3,8688,卖盘
239,10:00:34,28.98,0.02,9,26078,买盘
240,10:00:37,28.98,0.0,1,2898,卖盘
241,10:00:49,28.98,0.0,1,2898,卖盘
242,10:00:52,28.96,-0.02,2,5794,卖盘
243,10:01:01,28.98,0.02,1,2898,买盘
244,10:01:04,28.98,0.0,10,28980,买盘
245,10:01:07,28.98,0.0,20,57960,买盘
246,10:01:25,28.98,0.0,13,37682,卖盘
247,10:01:46,28.99,0.01,2,5798,买盘
248,10:02:10,29.0,0.01,4,11600,买盘
249,10:02:19,29.0,0.0,8,23200,买盘
250,10:02:25,29.0,0.0,30,87000,买盘
251,10:02:31,29.0,0.0,6,17398,买盘
252,10:02:37,29.0,0.0,2,5800,买盘
253,10:02:52,29.01,0.01,2,5802,买盘
254,10:03:07,29.02,0.01,17,49330,买盘
255,10:03:10,29.01,-0.01,1,2901,买盘
256,10:03:13,29.02,0.01,2,5804,卖盘
257,10:03:19,29.0,-0.02,3,8704,卖盘
258,10:03:28,29.03,0.03,8,23224,卖盘
259,10:03:37,29.01,-0.02,7,20307,卖盘
260,10:03:43,29.01,0.0,22,63822,卖盘
261,10:03:52,29.01,0.0,4,11604,买盘
262,10:03:58,29.0,-0.01,1,2900,卖盘
263,10:04:07,29.0,0.0,1,2900,卖盘
264,10:04:10,29.0,0.0,1,2900,买盘
265,10:04:13,28.98,-0.02,1,2898,卖盘
266,10:04:34,28.99,0.01,10,28990,卖盘
267,10:04:37,28.99,0.0,3,8697,卖盘
268,10:04:40,28.99,0.0,5,14495,卖盘
269,10:04:43,28.99,0.0,6,17394,卖盘
270,10:04:46,28.99,0.0,1,2899,卖盘
271,10:04:52,28.98,-0.01,3,8694,卖盘
272,10:04:55,28.98,0.0,1,2898,卖盘
273,10:05:07,28.98,0.0,2,5796,卖盘
274,10:05:10,28.98,0.0,1,2898,卖盘
275,10:05:22,28.98,0.0,10,28980,卖盘
276,10:05:25,28.98,0.0,1,2898,卖盘
277,10:05:28,28.99,0.01,3,8697,买盘
278,10:05:37,28.98,-0.01,4,11592,卖盘
279,10:05:40,28.98,0.0,4,11592,卖盘
280,10:05:46,28.98,0.0,6,17388,卖盘
281,10:05:49,28.99,0.01,7,20290,买盘
282,10:05:52,28.98,-0.01,1,2898,卖盘
283,10:05:55,28.98,0.0,1,2898,卖盘
284,10:06:01,28.99,0.01,8,23192,买盘
285,10:06:25,28.99,0.0,2,5798,买盘
286,10:06:28,28.98,-0.01,5,14490,卖盘
287,10:06:34,28.99,0.01,1,2899,买盘
288,10:06:37,28.98,-0.01,1,2898,卖盘
289,10:06:43,28.98,0.0,1,2898,买盘
290,10:06:46,28.98,0.0,2,5796,买盘
291,10:06:52,28.99,0.01,9,26090,买盘
292,10:07:01,28.98,-0.01,3,8694,卖盘
293,10:07:07,29.0,0.02,17,49300,买盘
294,10:07:34,28.97,-0.03,4,11588,卖盘
295,10:07:37,28.98,0.01,2,5796,买盘
296,10:08:04,28.98,0.0,6,17388,买盘
297,10:08:07,28.98,0.0,1,2898,卖盘
298,10:08:28,29.0,0.02,1,2900,买盘
299,10:08:34,29.0,0.0,2,5800,卖盘
300,10:08:43,29.0,0.0,4,11600,卖盘
301,10:09:07,29.01,0.01,1,2901,买盘
302,10:09:16,29.01,0.0,4,11604,买盘
303,10:09:25,29.01,0.0,1,2901,买盘
304,10:09:31,29.01,0.0,2,5802,买盘
305,10:09:49,29.01,0.0,12,34812,买盘
306,10:10:07,29.05,0.04,20,58090,买盘
307,10:10:12,29.04,-0.01,1,2904,卖盘
308,10:10:16,29.04,0.0,1,2904,卖盘
309,10:10:19,29.05,0.01,7,22688,买盘
310,10:10:22,29.1,0.05,40,116338,买盘
311,10:10:25,29.1,0.0,6,17460,卖盘
312,10:10:37,29.12,0.02,1,2912,买盘
313,10:10:40,29.18,0.06,4,11662,买盘
314,10:10:49,29.18,0.0,3,8754,卖盘
315,10:10:52,29.18,0.0,1,2918,买盘
316,10:11:06,29.18,0.0,16,46688,买盘
317,10:11:16,29.18,0.0,1,2918,卖盘
318,10:11:19,29.18,0.0,4,11674,卖盘
319,10:11:22,29.18,0.0,2,5836,买盘
320,10:11:28,29.18,0.0,8,23344,买盘
321,10:11:31,29.12,-0.06,2,5824,卖盘
322,10:11:37,29.11,-0.01,1,2911,卖盘
323,10:11:40,29.12,0.01,2,5824,买盘
324,10:12:01,29.12,0.0,3,8736,卖盘
325,10:12:10,29.12,0.0,5,14560,卖盘
326,10:12:31,29.14,0.02,5,14570,卖盘
327,10:12:36,29.15,0.01,4,11660,买盘
328,10:12:40,29.14,-0.01,2,5828,卖盘
329,10:13:04,29.16,0.02,8,23326,买盘
330,10:13:07,29.16,0.0,1,2916,卖盘
331,10:13:16,29.17,0.01,1,2917,买盘
332,10:13:19,29.16,-0.01,5,14583,卖盘
333,10:13:25,29.17,0.01,10,29170,卖盘
334,10:13:31,29.18,0.01,20,58360,买盘
335,10:13:34,29.17,-0.01,1,2917,卖盘
336,10:13:43,29.18,0.01,7,20426,买盘
337,10:13:49,29.18,0.0,15,43760,买盘
338,10:13:51,29.17,-0.01,27,78759,卖盘
339,10:14:01,29.18,0.01,4,11671,买盘
340,10:14:04,29.16,-0.02,1,2916,卖盘
341,10:14:10,29.16,0.0,1,2916,卖盘
342,10:14:19,29.16,0.0,5,14580,卖盘
343,10:14:34,29.16,0.0,9,26244,卖盘
344,10:14:55,29.16,0.0,1,2916,买盘
345,10:15:00,29.16,0.0,1,2916,买盘
346,10:15:31,29.15,-0.01,15,43725,卖盘
347,10:15:34,29.12,-0.03,1,2912,卖盘
348,10:15:43,29.15,0.03,9,26233,买盘
349,10:15:49,29.15,0.0,5,14575,卖盘
350,10:15:52,29.15,0.0,4,11660,卖盘
351,10:16:49,29.12,-0.03,6,17472,卖盘
352,10:16:55,29.12,0.0,1,2912,卖盘
353,10:16:57,29.13,0.01,3,8739,买盘
354,10:17:07,29.13,0.0,2,5826,买盘
355,10:17:10,29.12,-0.01,6,17472,卖盘
356,10:17:19,29.13,0.01,1,2913,买盘
357,10:17:34,29.1,-0.03,3,8730,卖盘
358,10:17:52,29.1,0.0,1,2910,卖盘
359,10:18:07,29.1,0.0,2,5820,卖盘
360,10:18:12,29.1,0.0,4,11642,卖盘
361,10:18:19,29.05,-0.05,1,2905,卖盘
362,10:18:49,29.06,0.01,1,2906,卖盘
363,10:19:01,29.06,0.0,2,5812,中性盘
364,10:19:07,29.05,-0.01,18,52305,卖盘
365,10:19:46,29.1,0.05,5,14550,买盘
366,10:20:07,29.05,-0.05,1,2905,卖盘
367,10:20:10,29.1,0.05,1,2910,买盘
368,10:20:25,29.05,-0.05,1,2905,卖盘
369,10:21:57,29.06,0.01,5,14530,卖盘
370,10:22:07,29.1,0.04,40,116374,买盘
371,10:22:16,29.1,0.0,10,29100,卖盘
372,10:22:22,29.11,0.01,1,2911,买盘
373,10:22:25,29.11,0.0,5,14555,买盘
374,10:22:46,29.11,0.0,3,8733,中性盘
375,10:22:52,29.11,0.0,4,11644,买盘
376,10:23:00,29.18,0.07,63,183660,买盘
377,10:23:04,29.11,-0.07,4,11651,卖盘
378,10:23:07,29.18,0.07,49,142982,卖盘
379,10:23:12,29.18,0.0,8,23344,卖盘
380,10:23:16,29.18,0.0,3,8754,卖盘
381,10:23:18,29.18,0.0,1,2918,中性盘
382,10:23:43,29.18,0.0,4,11674,卖盘
383,10:23:52,29.18,0.0,2,5836,卖盘
384,10:23:58,29.18,0.0,3,8754,卖盘
385,10:24:01,29.19,0.01,13,37947,买盘
386,10:24:04,29.18,-0.01,3,8754,卖盘
387,10:24:07,29.18,0.0,2,5836,卖盘
388,10:24:40,29.17,-0.01,5,14585,买盘
389,10:25:10,29.15,-0.02,5,14575,买盘
390,10:25:13,29.15,0.0,2,5830,买盘
391,10:25:34,29.15,0.0,4,11660,买盘
392,10:25:37,29.18,0.03,96,280028,买盘
393,10:25:52,29.18,0.0,4,11672,卖盘
394,10:25:55,29.18,0.0,13,37934,买盘
395,10:26:04,29.2,0.02,103,301008,买盘
396,10:26:10,29.2,0.0,10,29200,卖盘
397,10:26:22,29.24,0.04,43,125690,买盘
398,10:26:43,29.25,0.01,4,11699,买盘
399,10:26:46,29.25,0.0,7,20475,卖盘
400,10:26:49,29.25,0.0,6,17550,卖盘
401,10:26:52,29.26,0.01,21,61445,买盘
402,10:26:55,29.25,-0.01,30,87750,卖盘
403,10:27:01,29.26,0.01,17,49742,买盘
404,10:27:06,29.26,0.0,1,2926,买盘
405,10:27:18,29.26,0.0,1,2926,买盘
406,10:27:22,29.26,0.0,6,17556,买盘
407,10:27:28,29.26,0.0,13,38038,买盘
408,10:27:43,29.26,0.0,8,23408,卖盘
409,10:27:49,29.29,0.03,13,38070,买盘
410,10:27:55,29.29,0.0,18,52722,买盘
411,10:27:58,29.3,0.01,4,11720,买盘
412,10:28:01,29.29,-0.01,5,14645,卖盘
413,10:28:04,29.29,0.0,6,17574,卖盘
414,10:28:10,29.26,-0.03,3,8781,卖盘
415,10:28:12,29.29,0.03,4,11716,卖盘
416,10:28:31,29.29,0.0,9,26361,卖盘
417,10:28:37,29.3,0.01,50,146459,买盘
418,10:28:52,29.26,-0.04,30,87780,卖盘
419,10:29:16,29.28,0.02,3,8784,买盘
420,10:29:25,29.26,-0.02,10,29263,卖盘
421,10:29:36,29.27,0.01,10,29270,卖盘
422,10:29:43,29.27,0.0,1,2927,卖盘
423,10:29:52,29.25,-0.02,20,58500,卖盘
424,10:29:58,29.25,0.0,6,17550,卖盘
425,10:30:07,29.23,-0.02,2,5846,卖盘
426,10:30:10,29.27,0.04,21,61451,买盘
427,10:30:13,29.27,0.0,32,93664,买盘
428,10:30:15,29.27,0.0,2,5854,卖盘
429,10:30:22,29.27,0.0,11,32197,卖盘
430,10:30:25,29.27,0.0,9,26343,卖盘
431,10:30:27,29.27,0.0,3,8781,卖盘
432,10:30:31,29.27,0.0,4,11708,卖盘
433,10:30:37,29.27,0.0,16,46832,卖盘
434,10:30:40,29.26,-0.01,13,38038,买盘
435,10:30:49,29.26,0.0,2,5852,买盘
436,10:31:58,29.24,-0.02,1,2924,卖盘
437,10:32:07,29.23,-0.01,22,64306,卖盘
438,10:32:25,29.23,0.0,1,2923,卖盘
439,10:32:36,29.2,-0.03,19,55522,卖盘
440,10:32:58,29.2,0.0,5,14279,卖盘
441,10:33:10,29.18,-0.02,1,2918,卖盘
442,10:33:24,29.07,-0.11,1,2907,卖盘
443,10:33:45,29.07,0.0,3,8721,卖盘
444,10:34:13,29.07,0.0,2,5814,卖盘
445,10:34:21,29.07,0.0,5,14535,卖盘
446,10:35:25,29.16,0.09,13,37904,买盘
447,10:35:28,29.08,-0.08,4,11632,卖盘
448,10:36:10,29.1,0.02,1,2910,卖盘
449,10:36:13,29.1,0.0,4,11640,卖盘
450,10:36:25,29.16,0.06,13,37908,买盘
451,10:36:34,29.16,0.0,8,23328,买盘
452,10:37:28,29.2,0.04,13,37941,买盘
453,10:37:34,29.16,-0.04,1,2916,卖盘
454,10:37:52,29.2,0.04,19,55793,买盘
455,10:37:55,29.2,0.0,1,2599,买盘
456,10:38:10,29.19,-0.01,1,2919,买盘
457,10:38:22,29.16,-0.03,3,9073,卖盘
458,10:38:31,29.16,0.0,7,20412,卖盘
459,10:38:40,29.19,0.03,1,2919,买盘
460,10:38:49,29.16,-0.03,3,8748,卖盘
461,10:38:52,29.11,-0.05,1,2915,买盘
462,10:38:58,29.16,0.05,10,29160,买盘
463,10:39:04,29.1,-0.06,7,20390,卖盘
464,10:39:46,29.15,0.05,8,23317,买盘
465,10:39:52,29.15,0.0,1,2915,卖盘
466,10:39:55,29.15,0.0,1,2915,卖盘
467,10:40:04,29.15,0.0,13,37895,卖盘
468,10:40:13,29.15,0.0,10,29150,卖盘
469,10:40:22,29.15,0.0,12,34980,买盘
470,10:41:31,29.15,0.0,8,23320,买盘
471,10:41:46,29.12,-0.03,1,2912,卖盘
472,10:41:55,29.12,0.0,17,49504,卖盘
473,10:42:01,29.11,-0.01,3,8733,卖盘
474,10:42:19,29.12,0.01,1,2912,买盘
475,10:42:34,29.14,0.02,1,2914,卖盘
476,10:43:01,29.14,0.0,1,2914,买盘
477,10:43:04,29.14,0.0,6,17484,买盘
478,10:43:18,29.11,-0.03,3,8736,卖盘
479,10:43:43,29.1,-0.01,37,107383,卖盘
480,10:44:04,29.1,0.0,5,14550,买盘
481,10:44:43,29.1,0.0,119,346289,买盘
482,10:45:25,29.09,-0.01,1,2909,卖盘
483,10:45:43,29.09,0.0,1,2909,卖盘
484,10:45:57,29.1,0.01,2,5820,卖盘
485,10:46:04,29.1,0.0,1,2910,卖盘
486,10:46:13,29.1,0.0,1,2910,卖盘
487,10:46:15,29.1,0.0,1,2910,卖盘
488,10:46:22,29.1,0.0,4,11640,卖盘
489,10:46:46,29.09,-0.01,17,49462,卖盘
490,10:46:55,29.08,-0.01,10,29080,卖盘
491,10:47:03,29.07,-0.01,10,29075,卖盘
492,10:47:16,29.07,0.0,1,2907,卖盘
493,10:47:24,29.08,0.01,1,2908,买盘
494,10:47:27,29.07,-0.01,20,58149,卖盘
495,10:47:49,29.09,0.02,30,87270,买盘
496,10:48:55,29.08,-0.01,4,11632,买盘
497,10:49:01,29.07,-0.01,6,17442,卖盘
498,10:49:34,29.07,0.0,2,5814,卖盘
499,10:49:40,29.09,0.02,2,6138,卖盘
500,10:49:52,29.11,0.02,1,2911,卖盘
501,10:49:58,29.11,0.0,1,2911,卖盘
502,10:50:10,29.11,0.0,4,11644,卖盘
503,10:50:58,29.11,0.0,9,26199,卖盘
504,10:51:13,29.11,0.0,4,11644,卖盘
505,10:51:16,29.13,0.02,6,17476,买盘
506,10:51:42,29.11,-0.02,3,8733,卖盘
507,10:52:04,29.11,0.0,3,8733,卖盘
508,10:52:34,29.12,0.01,4,11648,买盘
509,10:53:10,29.12,0.0,6,17472,卖盘
510,10:54:01,29.11,-0.01,1,2911,卖盘
511,10:54:07,29.11,0.0,2,5822,卖盘
512,10:54:12,29.11,0.0,3,8733,买盘
513,10:54:19,29.11,0.0,1,2911,卖盘
514,10:54:27,29.11,0.0,10,28790,卖盘
515,10:54:34,29.1,-0.01,3,8730,卖盘
516,10:54:45,29.1,0.0,1,2910,卖盘
517,10:54:49,29.11,0.01,1,2911,买盘
518,10:54:52,29.1,-0.01,7,20370,卖盘
519,10:54:58,29.1,0.0,3,8730,卖盘
520,10:55:04,29.08,-0.02,1,2908,卖盘
521,10:55:19,29.07,-0.01,2,5814,卖盘
522,10:55:49,29.07,0.0,7,20349,卖盘
523,10:55:52,29.06,-0.01,3,8719,卖盘
524,10:56:13,29.06,0.0,16,46496,卖盘
525,10:56:18,29.05,-0.01,1,2905,卖盘
526,10:56:21,29.05,0.0,6,17430,卖盘
527,10:56:27,29.05,0.0,13,37765,买盘
528,10:56:37,29.01,-0.04,5,14505,卖盘
529,10:56:40,29.01,0.0,4,11604,卖盘
530,10:56:52,29.04,0.03,6,17420,买盘
531,10:56:55,29.01,-0.03,1,2901,卖盘
532,10:56:58,29.03,0.02,3,8709,买盘
533,10:57:04,29.04,0.01,4,11616,买盘
534,10:57:31,29.06,0.02,5,14530,买盘
535,10:57:40,29.06,0.0,3,8716,买盘
536,10:57:43,29.06,0.0,6,17436,卖盘
537,10:58:07,29.07,0.01,1,2907,卖盘
538,10:58:19,29.07,0.0,2,5814,卖盘
539,10:58:27,29.07,0.0,20,58140,卖盘
540,10:58:36,29.08,0.01,1,2908,买盘
541,10:58:49,29.08,0.0,14,40712,买盘
542,10:59:00,29.09,0.01,2,5818,买盘
543,10:59:25,29.09,0.0,4,11636,买盘
544,10:59:51,29.09,0.0,1,2909,卖盘
545,10:59:55,29.09,0.0,2,5818,卖盘
546,11:00:04,29.08,-0.01,22,63982,卖盘
547,11:00:10,29.06,-0.02,2,5812,卖盘
548,11:00:30,29.06,0.0,1,2906,卖盘
549,11:00:45,29.06,0.0,1,2906,卖盘
550,11:01:25,29.08,0.02,11,31986,买盘
551,11:01:46,29.08,0.0,10,29070,买盘
552,11:03:09,29.08,0.0,8,23264,买盘
553,11:03:45,29.07,-0.01,1,2907,买盘
554,11:03:51,29.08,0.01,13,37804,买盘
555,11:04:09,29.07,-0.01,3,8721,卖盘
556,11:04:15,29.1,0.03,13,37822,买盘
557,11:04:46,29.1,0.0,17,49470,买盘
558,11:05:28,29.1,0.0,12,34920,买盘
559,11:05:49,29.04,-0.06,1,2904,卖盘
560,11:06:10,29.04,0.0,10,29040,卖盘
561,11:07:28,29.09,0.05,3,8727,买盘
562,11:07:52,29.06,-0.03,11,31966,卖盘
563,11:07:57,29.06,0.0,2,5812,卖盘
564,11:08:16,29.06,0.0,3,8718,卖盘
565,11:09:16,29.07,0.01,2,5814,卖盘
566,11:09:21,29.07,0.0,1,2907,卖盘
567,11:09:25,29.07,0.0,1,2907,卖盘
568,11:09:27,29.07,0.0,1,2907,卖盘
569,11:09:30,29.07,0.0,1,2907,卖盘
570,11:09:33,29.07,0.0,1,2907,卖盘
571,11:09:36,29.06,-0.01,14,40687,卖盘
572,11:09:40,29.06,0.0,16,46509,卖盘
573,11:09:43,29.06,0.0,12,34872,卖盘
574,11:09:46,29.06,0.0,5,14530,卖盘
575,11:09:55,29.06,0.0,40,116240,卖盘
576,11:10:01,29.06,0.0,7,20342,卖盘
577,11:10:07,29.05,-0.01,22,63929,卖盘
578,11:10:13,29.04,-0.01,2,5808,卖盘
579,11:10:19,29.04,0.0,2,5808,卖盘
580,11:10:28,29.04,0.0,1,2904,卖盘
581,11:10:31,29.03,-0.01,10,29031,卖盘
582,11:10:55,29.03,0.0,8,23224,卖盘
583,11:11:10,29.03,0.0,15,43545,卖盘
584,11:11:22,29.03,0.0,2,5806,卖盘
585,11:11:34,29.03,0.0,4,11612,卖盘
586,11:11:43,29.03,0.0,4,11612,卖盘
587,11:11:52,29.01,-0.02,3,8703,卖盘
588,11:12:07,29.01,0.0,2,5802,卖盘
589,11:12:22,29.01,0.0,11,31901,中性盘
590,11:12:58,29.01,0.0,2,5802,卖盘
591,11:13:13,29.01,0.0,2,5802,卖盘
592,11:13:46,29.01,0.0,20,58020,卖盘
593,11:13:52,29.01,0.0,1,2901,卖盘
594,11:14:01,29.01,0.0,1,2901,中性盘
595,11:14:15,28.96,-0.05,10,28984,卖盘
596,11:14:22,29.01,0.05,4,11604,买盘
597,11:15:13,28.96,-0.05,4,11584,卖盘
598,11:15:22,28.96,0.0,6,17376,卖盘
599,11:15:25,28.96,0.0,1,2896,卖盘
600,11:15:33,28.96,0.0,1,2896,卖盘
601,11:15:52,28.96,0.0,1,2896,卖盘
602,11:15:55,28.96,0.0,9,26064,卖盘
603,11:16:01,28.91,-0.05,14,40476,卖盘
604,11:16:12,28.92,0.01,9,26020,买盘
605,11:16:40,28.9,-0.02,5,14456,卖盘
606,11:16:43,28.91,0.01,3,8673,卖盘
607,11:16:55,28.92,0.01,4,11568,卖盘
608,11:17:12,28.92,0.0,2,5784,卖盘
609,11:17:22,28.94,0.02,1,2894,买盘
610,11:17:34,28.94,0.0,1,2894,买盘
611,11:17:58,28.94,0.0,20,57880,买盘
612,11:18:13,28.94,0.0,6,17364,买盘
613,11:18:19,28.93,-0.01,5,14465,卖盘
614,11:18:31,28.93,0.0,3,8679,卖盘
615,11:18:49,28.94,0.01,2,5788,卖盘
616,11:18:52,28.94,0.0,2,5788,卖盘
617,11:19:07,28.94,0.0,3,8682,卖盘
618,11:19:40,28.94,0.0,2,5788,卖盘
619,11:20:04,28.96,0.02,13,37637,买盘
620,11:20:19,28.95,-0.01,45,130280,卖盘
621,11:20:25,28.97,0.02,1,2897,买盘
622,11:20:28,28.99,0.02,18,52170,买盘
623,11:20:37,28.95,-0.04,4,11580,卖盘
624,11:20:46,29.0,0.05,1,2900,买盘
625,11:20:57,29.0,0.0,16,46400,买盘
626,11:21:31,28.95,-0.05,1,2895,卖盘
627,11:21:49,29.0,0.05,2,5800,买盘
628,11:22:19,29.0,0.0,4,11600,买盘
629,11:22:45,29.01,0.01,1,2901,买盘
630,11:24:10,29.03,0.02,15,43536,买盘
631,11:24:51,29.03,0.0,10,29030,卖盘
632,11:25:31,29.0,-0.03,13,37716,卖盘
633,11:25:33,29.05,0.05,12,34860,买盘
634,11:25:36,29.05,0.0,6,17430,卖盘
635,11:27:33,29.05,0.0,13,37765,卖盘
636,11:29:13,29.0,-0.05,1,2900,卖盘
637,11:29:33,29.05,0.05,3,8715,买盘
638,13:00:04,29.04,-0.01,2,5808,买盘
639,13:00:07,29.04,0.0,1,2904,卖盘
640,13:00:10,29.04,0.0,1,2904,卖盘
641,13:00:27,29.04,0.0,1,2904,卖盘
642,13:01:09,29.0,-0.04,3,8700,卖盘
643,13:01:12,29.0,0.0,3,8700,卖盘
644,13:01:27,29.0,0.0,2,5800,卖盘
645,13:01:33,29.0,0.0,1,2900,卖盘
646,13:01:36,29.03,0.03,13,37729,买盘
647,13:01:45,29.0,-0.03,3,8700,卖盘
648,13:01:52,29.0,0.0,1,2900,卖盘
649,13:01:55,29.0,0.0,10,29000,卖盘
650,13:01:58,29.0,0.0,2,5800,卖盘
651,13:02:04,28.96,-0.04,1,2896,卖盘
652,13:02:10,28.96,0.0,7,20272,卖盘
653,13:02:51,28.96,0.0,1,2896,卖盘
654,13:03:04,28.95,-0.01,5,14475,卖盘
655,13:03:07,28.95,0.0,2,5790,卖盘
656,13:03:10,28.95,0.0,8,23160,卖盘
657,13:03:30,28.94,-0.01,2,5788,卖盘
658,13:03:36,28.93,-0.01,10,28930,卖盘
659,13:03:42,28.93,0.0,9,26037,卖盘
660,13:04:12,28.92,-0.01,7,20244,卖盘
661,13:04:15,28.93,0.01,13,37609,买盘
662,13:04:46,28.93,0.0,1,2893,卖盘
663,13:05:13,28.93,0.0,1,2893,卖盘
664,13:05:21,28.93,0.0,1,2893,卖盘
665,13:05:54,28.93,0.0,1,2893,卖盘
666,13:06:19,28.94,0.01,20,57880,买盘
667,13:06:36,28.93,-0.01,8,23144,卖盘
668,13:06:45,28.93,0.0,9,26037,卖盘
669,13:06:58,28.92,-0.01,1,2892,卖盘
670,13:07:28,28.92,0.0,2,5784,卖盘
671,13:07:33,28.92,0.0,7,20244,卖盘
672,13:07:42,28.93,0.01,5,14465,买盘
673,13:07:49,28.92,-0.01,10,28920,卖盘
674,13:07:51,28.92,0.0,2,5784,卖盘
675,13:08:04,28.92,0.0,13,37596,卖盘
676,13:08:16,28.92,0.0,18,52059,卖盘
677,13:08:22,28.93,0.01,1,2893,买盘
678,13:09:33,28.92,-0.01,1,2892,卖盘
679,13:09:57,28.92,0.0,48,138816,卖盘
680,13:10:06,28.9,-0.02,1,2890,卖盘
681,13:10:10,28.9,0.0,2,5780,卖盘
682,13:10:28,28.9,0.0,2,5780,卖盘
683,13:10:37,28.92,0.02,10,28919,买盘
684,13:10:45,28.9,-0.02,2,5780,卖盘
685,13:11:31,28.9,0.0,5,14450,卖盘
686,13:11:54,28.89,-0.01,2,5778,卖盘
687,13:12:04,28.9,0.01,11,31790,买盘
688,13:12:12,28.9,0.0,1,2890,买盘
689,13:12:40,28.89,-0.01,1,2889,卖盘
690,13:12:43,28.9,0.01,1,2890,买盘
691,13:13:06,28.9,0.0,10,28900,买盘
692,13:13:09,28.89,-0.01,4,11556,卖盘
693,13:13:21,28.89,0.0,10,28890,卖盘
694,13:13:24,28.9,0.01,20,57800,买盘
695,13:13:36,28.92,0.02,19,54926,买盘
696,13:14:00,28.92,0.0,2,5784,买盘
697,13:15:54,28.92,0.0,13,37596,买盘
698,13:16:04,28.91,-0.01,4,11564,卖盘
699,13:16:06,28.91,0.0,1,2891,卖盘
700,13:16:09,28.92,0.01,7,20244,买盘
701,13:16:45,28.93,0.01,1,2893,买盘
702,13:17:07,28.92,-0.01,1,2892,卖盘
703,13:17:13,28.93,0.01,6,17358,买盘
704,13:17:34,28.93,0.0,2,5786,买盘
705,13:17:42,28.92,-0.01,3,8676,卖盘
706,13:18:06,28.92,0.0,1,2892,卖盘
707,13:18:16,28.92,0.0,2,5784,卖盘
708,13:18:36,28.94,0.02,8,23145,买盘
709,13:20:39,28.99,0.05,13,37675,买盘
710,13:20:51,28.99,0.0,6,17394,买盘
711,13:21:12,28.95,-0.04,1,2895,卖盘
712,13:21:49,28.95,0.0,2,5790,卖盘
713,13:22:00,28.95,0.0,2,5790,卖盘
714,13:23:01,29.0,0.05,38,110166,买盘
715,13:23:36,29.01,0.01,8,23208,买盘
716,13:24:07,29.0,-0.01,5,14500,卖盘
717,13:24:25,29.01,0.01,4,11604,卖盘
718,13:24:34,29.01,0.0,3,8703,卖盘
719,13:25:01,29.09,0.08,48,139452,买盘
720,13:25:04,29.09,0.0,7,20363,卖盘
721,13:25:06,29.1,0.01,19,55282,买盘
722,13:25:09,29.09,-0.01,3,8727,卖盘
723,13:25:18,29.09,0.0,4,11636,卖盘
724,13:25:21,29.09,0.0,6,17454,卖盘
725,13:25:24,29.09,0.0,5,14545,卖盘
726,13:25:28,29.09,0.0,2,5818,卖盘
727,13:25:31,29.02,-0.07,5,14510,卖盘
728,13:26:09,29.0,-0.02,1,2900,卖盘
729,13:27:06,29.01,0.01,4,11604,卖盘
730,13:27:13,29.01,0.0,7,20307,买盘
731,13:27:16,29.01,0.0,2,5802,卖盘
732,13:27:45,29.05,0.04,12,34854,买盘
733,13:27:51,29.07,0.02,3,8720,买盘
734,13:28:09,29.05,-0.02,9,26145,卖盘
735,13:28:15,29.07,0.02,2,5814,买盘
736,13:28:21,29.07,0.0,5,14535,买盘
737,13:28:28,29.05,-0.02,3,8715,卖盘
738,13:28:42,29.05,0.0,3,8715,卖盘
739,13:28:49,29.05,0.0,1,2905,卖盘
740,13:29:25,29.05,0.0,1,2905,卖盘
741,13:29:40,29.05,0.0,10,29050,卖盘
742,13:29:57,29.0,-0.05,20,58070,卖盘
743,13:30:43,28.93,-0.07,20,57860,卖盘
744,13:31:18,28.93,0.0,2,5786,卖盘
745,13:31:25,28.92,-0.01,2,5784,卖盘
746,13:31:28,28.92,0.0,3,8676,卖盘
747,13:31:30,28.92,0.0,5,14460,卖盘
748,13:31:37,28.92,0.0,3,8676,卖盘
749,13:31:43,28.91,-0.01,1,2891,卖盘
750,13:31:49,28.95,0.04,14,40491,买盘
751,13:32:01,28.95,0.0,3,8685,卖盘
752,13:32:22,28.97,0.02,12,34764,买盘
753,13:32:40,28.97,0.0,3,8691,卖盘
754,13:33:22,28.98,0.01,10,28980,买盘
755,13:33:52,28.98,0.0,12,34776,买盘
756,13:33:58,29.01,0.03,8,23200,买盘
757,13:34:04,29.01,0.0,5,14505,卖盘
758,13:34:18,28.98,-0.03,1,2898,卖盘
759,13:35:16,28.95,-0.03,14,40558,卖盘
760,13:37:28,29.03,0.08,4,11612,买盘
761,13:37:49,28.95,-0.08,1,2895,卖盘
762,13:38:51,28.99,0.04,1,2899,卖盘
763,13:39:01,29.04,0.05,13,37750,买盘
764,13:39:52,28.99,-0.05,11,31889,卖盘
765,13:40:33,28.95,-0.04,1,2895,卖盘
766,13:40:40,28.99,0.04,42,121758,买盘
767,13:40:43,28.99,0.0,3,8697,卖盘
768,13:41:57,28.99,0.0,4,11596,卖盘
769,13:42:12,28.99,0.0,3,8697,卖盘
770,13:42:15,28.99,0.0,1,2899,卖盘
771,13:42:22,28.99,0.0,10,28990,卖盘
772,13:42:25,28.99,0.0,6,17394,买盘
773,13:42:28,28.99,0.0,6,17394,卖盘
774,13:42:31,28.95,-0.04,1,2895,卖盘
775,13:42:46,28.99,0.04,2,5798,买盘
776,13:45:30,28.95,-0.04,2,5790,卖盘
777,13:45:40,28.95,0.0,6,17370,卖盘
778,13:45:52,28.95,0.0,3,8685,卖盘
779,13:45:55,28.95,0.0,4,11580,卖盘
780,13:46:01,28.95,0.0,2,5790,卖盘
781,13:46:04,28.95,0.0,15,43425,卖盘
782,13:46:13,28.95,0.0,2,5790,卖盘
783,13:46:22,28.98,0.03,13,37654,买盘
784,13:46:25,28.95,-0.03,10,28950,卖盘
785,13:46:37,28.95,0.0,14,40530,卖盘
786,13:46:43,28.95,0.0,5,14475,卖盘
787,13:46:58,28.95,0.0,10,28950,卖盘
788,13:47:01,28.95,0.0,7,20265,卖盘
789,13:47:22,28.91,-0.04,1,2891,卖盘
790,13:47:27,28.91,0.0,4,11564,卖盘
791,13:47:30,28.93,0.02,7,20251,买盘
792,13:47:34,28.91,-0.02,2,5782,卖盘
793,13:47:49,28.9,-0.01,1,2890,卖盘
794,13:48:01,28.9,0.0,7,20230,卖盘
795,13:48:10,28.89,-0.01,3,8667,卖盘
796,13:48:18,28.89,0.0,2,5778,卖盘
797,13:49:10,28.89,0.0,10,28890,卖盘
798,13:49:16,28.89,0.0,2,5778,卖盘
799,13:50:28,28.89,0.0,11,31779,卖盘
800,13:50:34,28.89,0.0,22,63558,卖盘
801,13:50:43,28.89,0.0,68,196452,卖盘
802,13:50:49,28.89,0.0,1,2889,卖盘
803,13:51:55,28.85,-0.04,1,2885,卖盘
804,13:52:19,28.89,0.04,90,260010,买盘
805,13:52:25,28.89,0.0,1,2889,买盘
806,13:52:31,28.86,-0.03,20,57724,卖盘
807,13:52:55,28.89,0.03,6,17334,买盘
808,13:53:57,28.89,0.0,1,2889,买盘
809,13:54:22,28.89,0.0,8,23112,买盘
810,13:55:06,28.89,0.0,1,2889,买盘
811,13:55:16,28.89,0.0,14,40446,买盘
812,13:55:36,28.93,0.04,1,2893,买盘
813,13:55:51,28.89,-0.04,3,8667,卖盘
814,13:56:21,28.95,0.06,9,26045,买盘
815,13:57:58,28.89,-0.06,22,63654,卖盘
816,13:58:10,28.89,0.0,1,2889,卖盘
817,13:58:28,28.89,0.0,10,28890,卖盘
818,13:58:52,28.92,0.03,1,2892,买盘
819,13:58:54,28.95,0.03,5,14475,卖盘
820,13:59:19,28.95,0.0,7,20265,卖盘
821,13:59:25,28.92,-0.03,7,20244,卖盘
822,13:59:31,28.92,0.0,4,11568,卖盘
823,13:59:39,28.92,0.0,12,34704,卖盘
824,13:59:51,28.9,-0.02,1,2890,卖盘
825,13:59:55,28.9,0.0,2,5780,卖盘
826,14:00:09,28.89,-0.01,1,2889,卖盘
827,14:00:22,28.89,0.0,3,8667,卖盘
828,14:01:07,28.9,0.01,8,23120,买盘
829,14:01:15,28.9,0.0,42,121401,卖盘
830,14:01:58,28.9,0.0,10,28900,卖盘
831,14:02:01,28.9,0.0,3,8670,卖盘
832,14:02:10,28.89,-0.01,33,95355,卖盘
833,14:02:16,28.89,0.0,5,14445,卖盘
834,14:02:18,28.89,0.0,4,11556,卖盘
835,14:02:31,28.88,-0.01,1,2888,卖盘
836,14:02:43,28.86,-0.02,8,23088,卖盘
837,14:02:58,28.86,0.0,5,14430,卖盘
838,14:03:07,28.86,0.0,9,25974,卖盘
839,14:03:13,28.85,-0.01,1,2885,卖盘
840,14:03:19,28.85,0.0,3,8655,卖盘
841,14:03:25,28.85,0.0,2,5770,卖盘
842,14:03:55,28.8,-0.05,99,285274,卖盘
843,14:04:04,28.8,0.0,10,28800,买盘
844,14:04:06,28.8,0.0,3,8640,买盘
845,14:04:34,28.81,0.01,2,5762,卖盘
846,14:04:58,28.86,0.05,11,31746,买盘
847,14:05:28,28.88,0.02,1,2888,买盘
848,14:05:31,28.88,0.0,1,2888,买盘
849,14:05:34,28.88,0.0,1,2888,买盘
850,14:05:37,28.83,-0.05,13,37479,卖盘
851,14:05:52,28.83,0.0,2,5766,买盘
852,14:05:55,28.83,0.0,5,14415,买盘
853,14:06:01,28.83,0.0,1,2883,买盘
854,14:06:16,28.83,0.0,1,2883,卖盘
855,14:06:27,28.83,0.0,1,2883,买盘
856,14:06:30,28.82,-0.01,4,11528,卖盘
857,14:06:43,28.81,-0.01,2,5762,卖盘
858,14:06:52,28.81,0.0,8,23048,卖盘
859,14:07:19,28.82,0.01,3,8646,买盘
860,14:07:31,28.81,-0.01,4,11524,卖盘
861,14:07:36,28.82,0.01,7,20174,买盘
862,14:07:48,28.82,0.0,2,5764,买盘
863,14:08:06,28.81,-0.01,3,8643,卖盘
864,14:09:36,28.82,0.01,8,23056,买盘
865,14:09:42,28.83,0.01,5,14411,买盘
866,14:10:06,28.85,0.02,4,11540,卖盘
867,14:10:25,28.87,0.02,2,5773,买盘
868,14:10:43,28.87,0.0,6,17322,买盘
869,14:12:22,28.91,0.04,5,14455,买盘
870,14:12:37,28.91,0.0,2,5782,买盘
871,14:12:43,28.91,0.0,3,8673,买盘
872,14:12:58,28.94,0.03,2,5788,卖盘
873,14:13:10,28.94,0.0,7,20258,卖盘
874,14:13:13,28.94,0.0,4,11576,买盘
875,14:13:21,28.93,-0.01,2,5786,卖盘
876,14:13:28,28.93,0.0,4,11572,卖盘
877,14:13:34,28.93,0.0,4,11572,卖盘
878,14:13:40,28.93,0.0,2,5786,卖盘
879,14:14:22,28.91,-0.02,1,2891,卖盘
880,14:14:28,28.91,0.0,3,8673,卖盘
881,14:14:45,28.91,0.0,5,14455,卖盘
882,14:14:48,28.91,0.0,1,2891,卖盘
883,14:15:07,28.91,0.0,4,11564,卖盘
884,14:15:10,28.91,0.0,1,2891,卖盘
885,14:15:21,28.9,-0.01,1,2890,卖盘
886,14:15:28,28.9,0.0,2,5780,卖盘
887,14:15:36,28.91,0.01,10,28910,买盘
888,14:15:43,28.9,-0.01,2,5780,卖盘
889,14:16:43,28.9,0.0,1,2890,卖盘
890,14:17:55,28.91,0.01,11,31801,买盘
891,14:18:22,28.87,-0.04,5,14435,卖盘
892,14:18:49,28.9,0.03,3,8670,买盘
893,14:18:55,28.87,-0.03,9,25983,卖盘
894,14:18:58,28.87,0.0,2,5774,卖盘
895,14:19:42,28.87,0.0,4,11548,卖盘
896,14:20:01,28.86,-0.01,1,2886,买盘
897,14:20:13,28.85,-0.01,3,8655,卖盘
898,14:20:16,28.85,0.0,1,2885,卖盘
899,14:20:37,28.85,0.0,2,5770,卖盘
900,14:21:10,28.86,0.01,3,8658,买盘
901,14:21:22,28.87,0.01,10,28870,买盘
902,14:21:43,28.87,0.0,4,11548,买盘
903,14:21:46,28.86,-0.01,1,2886,卖盘
904,14:22:07,28.87,0.01,4,11548,买盘
905,14:22:13,28.86,-0.01,6,17319,卖盘
906,14:22:19,28.86,0.0,1,2886,卖盘
907,14:22:55,28.87,0.01,12,34644,买盘
908,14:23:04,28.86,-0.01,4,11544,卖盘
909,14:23:37,28.87,0.01,25,72175,买盘
910,14:23:43,28.87,0.0,4,11548,买盘
911,14:24:12,28.87,0.0,5,14435,买盘
912,14:24:19,28.87,0.0,1,2887,买盘
913,14:24:24,28.87,0.0,12,34644,买盘
914,14:24:34,28.86,-0.01,21,60606,卖盘
915,14:25:36,28.89,0.03,5,14445,买盘
916,14:26:25,28.89,0.0,1,2889,买盘
917,14:26:36,28.89,0.0,2,5778,买盘
918,14:26:58,28.9,0.01,7,20230,买盘
919,14:27:07,28.9,0.0,12,34680,买盘
920,14:27:25,28.9,0.0,8,23120,买盘
921,14:27:48,28.9,0.0,10,28900,卖盘
922,14:28:16,28.91,0.01,10,28910,买盘
923,14:28:33,28.91,0.0,18,52038,卖盘
924,14:28:36,28.91,0.0,4,11564,买盘
925,14:28:40,28.91,0.0,7,20237,卖盘
926,14:29:16,28.91,0.0,5,14455,卖盘
927,14:29:24,28.96,0.05,12,34729,买盘
928,14:29:46,28.96,0.0,3,8688,买盘
929,14:29:55,28.99,0.03,20,57962,买盘
930,14:29:58,28.99,0.0,1,2899,买盘
931,14:30:37,29.0,0.01,11,31900,买盘
932,14:30:42,29.0,0.0,2,5800,买盘
933,14:30:49,28.99,-0.01,1,2899,卖盘
934,14:30:55,29.05,0.06,2,5810,买盘
935,14:31:28,29.05,0.0,3,8715,买盘
936,14:32:31,29.0,-0.05,2,5800,卖盘
937,14:32:40,29.05,0.05,42,121995,买盘
938,14:32:46,29.07,0.02,6,17442,买盘
939,14:32:49,29.05,-0.02,1,930,卖盘
940,14:32:55,29.05,0.0,4,11620,卖盘
941,14:33:10,29.07,0.02,2,5814,买盘
942,14:33:19,29.1,0.03,12,34896,买盘
943,14:34:04,29.06,-0.04,2,5812,卖盘
944,14:34:10,29.12,0.06,39,113536,买盘
945,14:34:16,29.15,0.03,2,5829,买盘
946,14:34:19,29.17,0.02,12,34999,买盘
947,14:34:34,29.12,-0.05,13,37856,卖盘
948,14:34:46,29.15,0.03,17,49545,买盘
949,14:34:58,29.12,-0.03,10,29127,卖盘
950,14:35:10,29.13,0.01,3,8739,卖盘
951,14:35:12,29.13,0.0,2,5826,买盘
952,14:35:16,29.13,0.0,1,2913,卖盘
953,14:35:19,29.13,0.0,2,5826,卖盘
954,14:35:46,29.14,0.01,14,40783,中性盘
955,14:35:49,29.14,0.0,2,5828,中性盘
956,14:35:52,29.12,-0.02,15,43681,卖盘
957,14:35:57,29.14,0.02,4,11654,买盘
958,14:36:10,29.15,0.01,38,110743,买盘
959,14:36:13,29.15,0.0,5,14575,卖盘
960,14:36:16,29.15,0.0,5,14575,卖盘
961,14:36:28,29.16,0.01,10,29160,买盘
962,14:36:36,29.17,0.01,22,64169,买盘
963,14:36:39,29.15,-0.02,7,20409,卖盘
964,14:36:55,29.18,0.03,10,29180,买盘
965,14:37:19,29.15,-0.03,6,17490,卖盘
966,14:37:22,29.15,0.0,11,32065,买盘
967,14:37:31,29.15,0.0,40,116598,买盘
968,14:37:57,29.12,-0.03,1,2912,卖盘
969,14:38:13,29.1,-0.02,25,72750,买盘
970,14:38:15,29.1,0.0,4,11640,卖盘
971,14:38:18,29.1,0.0,3,8730,卖盘
972,14:38:34,29.12,0.02,35,101914,买盘
973,14:38:37,29.12,0.0,6,17472,卖盘
974,14:38:49,29.15,0.03,89,259428,买盘
975,14:38:51,29.15,0.0,1,2915,卖盘
976,14:38:55,29.15,0.0,9,26235,卖盘
977,14:38:57,29.15,0.0,2,5830,卖盘
978,14:39:01,29.15,0.0,5,14575,卖盘
979,14:39:04,29.15,0.0,3,8745,买盘
980,14:39:10,29.12,-0.03,3,8736,卖盘
981,14:39:13,29.15,0.03,22,64130,买盘
982,14:39:16,29.15,0.0,1,2915,卖盘
983,14:39:31,29.15,0.0,100,291500,卖盘
984,14:40:10,29.15,0.0,2,5830,卖盘
985,14:40:31,29.15,0.0,10,29150,卖盘
986,14:40:49,29.15,0.0,4,11660,卖盘
987,14:40:58,29.18,0.03,11,32080,买盘
988,14:41:01,29.12,-0.06,4,11648,卖盘
989,14:41:16,29.15,0.03,12,34980,买盘
990,14:41:19,29.15,0.0,2,5830,卖盘
991,14:41:31,29.15,0.0,10,29150,卖盘
992,14:41:55,29.15,0.0,6,17490,卖盘
993,14:42:19,29.15,0.0,5,14575,卖盘
994,14:42:22,29.17,0.02,2,5834,买盘
995,14:42:25,29.15,-0.02,27,78705,卖盘
996,14:42:28,29.15,0.0,8,23320,买盘
997,14:42:31,29.13,-0.02,2,5828,卖盘
998,14:42:52,29.15,0.02,14,40810,买盘
999,14:43:01,29.17,0.02,10,29170,买盘
1000,14:43:07,29.1,-0.07,33,96067,卖盘
1001,14:43:13,29.1,0.0,2,5820,卖盘
1002,14:43:28,29.1,0.0,3,8730,卖盘
1003,14:43:55,29.15,0.05,14,40796,买盘
1004,14:44:01,29.1,-0.05,2,5820,卖盘
1005,14:44:36,29.1,0.0,1,2910,卖盘
1006,14:44:39,29.15,0.05,10,29137,买盘
1007,14:44:55,29.1,-0.05,5,14550,卖盘
1008,14:45:00,29.15,0.05,11,32065,买盘
1009,14:45:04,29.15,0.0,50,145750,买盘
1010,14:45:07,29.12,-0.03,2,5824,卖盘
1011,14:45:10,29.15,0.03,73,212795,买盘
1012,14:45:13,29.15,0.0,1,2915,卖盘
1013,14:45:16,29.15,0.0,23,67047,卖盘
1014,14:45:19,29.15,0.0,4,11660,卖盘
1015,14:45:37,29.15,0.0,2,5830,卖盘
1016,14:45:46,29.15,0.0,5,14575,卖盘
1017,14:45:58,29.16,0.01,4,11664,买盘
1018,14:46:01,29.16,0.0,9,26244,买盘
1019,14:46:04,29.16,0.0,1,2916,卖盘
1020,14:46:10,29.17,0.01,11,32083,买盘
1021,14:46:25,29.16,-0.01,4,11664,买盘
1022,14:46:49,29.16,0.0,11,32076,卖盘
1023,14:46:55,29.16,0.0,5,14580,卖盘
1024,14:47:10,29.16,0.0,2,5832,卖盘
1025,14:47:16,29.16,0.0,4,11664,卖盘
1026,14:47:19,29.16,0.0,1,2916,买盘
1027,14:47:22,29.16,0.0,5,14580,卖盘
1028,14:47:28,29.16,0.0,4,11664,卖盘
1029,14:47:34,29.16,0.0,2,5831,买盘
1030,14:47:43,29.15,-0.01,2,5830,卖盘
1031,14:47:55,29.16,0.01,10,29160,买盘
1032,14:47:58,29.16,0.0,2,5832,买盘
1033,14:48:07,29.16,0.0,40,116601,买盘
1034,14:49:01,29.16,0.0,2,5832,买盘
1035,14:49:07,29.16,0.0,5,14580,买盘
1036,14:49:22,29.16,0.0,9,26244,买盘
1037,14:49:37,29.15,-0.01,5,14575,卖盘
1038,14:49:40,29.16,0.01,4,13585,买盘
1039,14:49:52,29.17,0.01,34,99171,买盘
1040,14:50:25,29.18,0.01,40,116720,买盘
1041,14:50:46,29.19,0.01,50,145950,买盘
1042,14:50:52,29.19,0.0,11,32109,买盘
1043,14:50:55,29.17,-0.02,15,43773,卖盘
1044,14:51:22,29.2,0.03,21,61319,买盘
1045,14:51:25,29.2,0.0,1,2920,卖盘
1046,14:51:31,29.25,0.05,21,61405,买盘
1047,14:51:37,29.2,-0.05,2,5840,卖盘
1048,14:51:55,29.2,0.0,2,5840,买盘
1049,14:51:58,29.2,0.0,4,11680,买盘
1050,14:52:01,29.2,0.0,3,8760,卖盘
1051,14:52:28,29.16,-0.04,7,20412,卖盘
1052,14:52:43,29.16,0.0,1,2916,卖盘
1053,14:52:46,29.16,0.0,4,11664,中性盘
1054,14:52:55,29.19,0.03,6,17514,买盘
1055,14:53:07,29.19,0.0,14,40866,中性盘
1056,14:53:16,29.12,-0.07,1,2912,卖盘
1057,14:53:31,29.19,0.07,25,72973,买盘
1058,14:53:46,29.19,0.0,18,52542,买盘
1059,14:53:52,29.13,-0.06,1,2913,卖盘
1060,14:54:19,29.19,0.06,25,72975,买盘
1061,14:54:40,29.13,-0.06,9,26217,卖盘
1062,14:54:43,29.12,-0.01,1,2912,卖盘
1063,14:54:55,29.13,0.01,4,11652,买盘
1064,14:55:07,29.19,0.06,17,49623,买盘
1065,14:55:10,29.12,-0.07,10,29125,卖盘
1066,14:55:16,29.2,0.08,5,14600,买盘
1067,14:55:31,29.13,-0.07,7,20391,买盘
1068,14:55:40,29.19,0.06,18,52480,买盘
1069,14:56:01,29.2,0.01,4,11680,买盘
1070,14:56:10,29.06,-0.14,10,29093,卖盘
1071,14:56:16,29.19,0.13,5,14582,买盘
1072,14:56:37,29.06,-0.13,2,5812,卖盘
1073,14:56:40,29.05,-0.01,10,29050,卖盘
1074,14:56:43,29.05,0.0,1,2905,卖盘
1075,14:56:46,29.05,0.0,1,2905,卖盘
1076,14:56:52,29.06,0.01,2,3865,买盘
1077,15:00:04,29.08,0.02,58,168664,卖盘
