,time,price,change,volume,amount,type
0,09:25:04,6.01,0.0,1071,643671,卖盘
1,09:30:05,6.01,0.0,114,68514,卖盘
2,09:30:07,6.01,0.0,143,85937,卖盘
3,09:30:10,6.01,0.0,10,6010,买盘
4,09:30:19,6.0,-0.01,16,9600,卖盘
5,09:30:22,6.0,0.0,3,1800,买盘
6,09:30:25,6.02,0.02,101,60750,买盘
7,09:30:31,6.03,0.01,2,1206,卖盘
8,09:30:34,5.98,-0.05,57,34321,卖盘
9,09:31:13,6.0,0.02,9,5400,卖盘
10,09:31:16,6.0,0.0,3,1800,卖盘
11,09:31:28,5.98,-0.02,200,119722,卖盘
12,09:31:43,6.01,0.03,20,12017,买盘
13,09:31:49,6.0,-0.01,8,4800,买盘
14,09:31:52,5.99,-0.01,39,23361,卖盘
15,09:31:55,5.99,0.0,9,5391,买盘
16,09:32:01,5.99,0.0,14,8386,买盘
17,09:32:07,5.98,-0.01,160,95740,卖盘
18,09:32:10,5.98,0.0,50,29900,卖盘
19,09:32:19,5.98,0.0,18,10764,卖盘
20,09:32:28,5.98,0.0,1,598,卖盘
21,09:32:31,5.99,0.01,10,5990,买盘
22,09:32:37,5.99,0.0,15,8985,买盘
23,09:32:40,5.99,0.0,32,19140,买盘
24,09:32:43,5.99,0.0,1,599,买盘
25,09:32:46,6.03,0.04,405,243143,买盘
26,09:33:01,6.03,0.0,17,10251,买盘
27,09:33:07,6.03,0.0,20,12060,卖盘
28,09:33:13,6.03,0.0,58,34975,卖盘
29,09:33:16,6.03,0.0,1,603,卖盘
30,09:33:19,6.03,0.0,2,1206,卖盘
31,09:33:22,6.03,0.0,9,5427,卖盘
32,09:33:52,6.01,-0.02,50,30050,卖盘
33,09:33:58,6.03,0.02,1,603,买盘
34,09:34:04,6.02,-0.01,5,3010,卖盘
35,09:34:07,6.03,0.01,10,6025,买盘
36,09:34:25,6.01,-0.02,250,150250,卖盘
37,09:34:28,6.01,0.0,21,12621,卖盘
38,09:34:37,6.03,0.02,217,130711,买盘
39,09:34:58,6.0,-0.03,250,150000,卖盘
40,09:35:10,6.02,0.02,10,6020,买盘
41,09:35:37,6.02,0.0,101,60802,卖盘
42,09:35:49,6.02,0.0,132,79339,买盘
43,09:35:52,6.02,0.0,22,13244,买盘
44,09:36:10,6.02,0.0,10,6020,买盘
45,09:36:13,6.01,-0.01,16,9616,卖盘
46,09:36:19,6.01,0.0,79,47479,卖盘
47,09:36:25,6.02,0.01,2,1204,买盘
48,09:36:28,6.02,0.0,54,32508,买盘
49,09:36:31,6.01,-0.01,170,102170,卖盘
50,09:36:34,6.0,-0.01,28,16805,卖盘
51,09:36:46,6.0,0.0,2,1200,卖盘
52,09:36:49,6.0,0.0,49,29400,卖盘
53,09:36:52,6.0,0.0,1,600,卖盘
54,09:36:55,6.02,0.02,193,116111,买盘
55,09:37:04,6.0,-0.02,62,37250,卖盘
56,09:37:19,6.0,0.0,59,35400,卖盘
57,09:37:25,6.01,0.01,1,601,买盘
58,09:37:28,6.0,-0.01,100,60000,卖盘
59,09:37:34,6.0,0.0,1,600,卖盘
60,09:37:43,6.0,0.0,60,36000,卖盘
61,09:38:01,6.01,0.01,2,1202,买盘
62,09:38:04,6.01,0.0,159,95559,买盘
63,09:38:10,6.01,0.0,1,601,买盘
64,09:38:13,6.01,0.0,8,4808,买盘
65,09:38:31,6.0,-0.01,6,3600,卖盘
66,09:38:37,6.01,0.01,3,1803,买盘
67,09:38:43,6.01,0.0,1,601,卖盘
68,09:38:49,6.0,-0.01,126,75623,卖盘
69,09:38:52,6.0,0.0,39,23400,卖盘
70,09:39:01,6.01,0.01,10,6010,卖盘
71,09:39:04,6.01,0.0,51,30651,卖盘
72,09:39:07,6.01,0.0,29,17429,卖盘
73,09:39:10,6.0,-0.01,30,18000,卖盘
74,09:39:19,6.0,0.0,17,10200,卖盘
75,09:39:40,6.0,0.0,2,1200,卖盘
76,09:39:43,6.0,0.0,5,3000,卖盘
77,09:39:46,6.0,0.0,40,24000,卖盘
78,09:39:49,6.0,0.0,19,11400,卖盘
79,09:39:58,6.0,0.0,42,25200,卖盘
80,09:40:13,5.99,-0.01,2,1198,卖盘
81,09:40:16,5.99,0.0,11,6589,卖盘
82,09:40:19,5.99,0.0,50,29950,卖盘
83,09:40:25,5.99,0.0,93,55707,卖盘
84,09:40:28,5.99,0.0,30,17970,买盘
85,09:40:31,5.99,0.0,47,28153,买盘
86,09:40:37,5.99,0.0,6,3594,买盘
87,09:40:40,5.98,-0.01,256,153088,卖盘
88,09:40:46,5.99,0.01,20,11980,买盘
89,09:41:04,5.98,-0.01,29,17342,卖盘
90,09:41:07,5.99,0.01,11,6589,买盘
91,09:41:13,5.99,0.0,18,10782,买盘
92,09:41:16,5.99,0.0,2,1198,买盘
93,09:41:19,5.98,-0.01,40,23920,卖盘
94,09:41:22,5.99,0.01,50,29950,买盘
95,09:41:25,5.99,0.0,67,40133,买盘
96,09:41:37,5.99,0.0,20,11980,卖盘
97,09:41:52,6.0,0.01,485,291000,买盘
98,09:41:55,6.0,0.0,130,78000,卖盘
99,09:41:58,6.01,0.01,50,30050,买盘
100,09:42:07,6.01,0.0,30,18030,买盘
101,09:42:13,6.01,0.0,1,601,买盘
102,09:42:25,6.01,0.0,2,1202,买盘
103,09:42:46,6.01,0.0,10,6010,买盘
104,09:42:49,6.01,0.0,19,11419,买盘
105,09:42:52,6.01,0.0,1,601,买盘
106,09:42:58,6.0,-0.01,9,5400,卖盘
107,09:43:01,6.01,0.01,40,24040,买盘
108,09:43:07,6.01,0.0,11,6611,买盘
109,09:43:16,6.01,0.0,6,3606,买盘
110,09:43:22,6.01,0.0,10,6010,买盘
111,09:43:28,6.01,0.0,10,6010,买盘
112,09:43:55,6.01,0.0,28,16828,买盘
113,09:43:58,6.01,0.0,50,30050,买盘
114,09:44:19,6.01,0.0,15,9015,买盘
115,09:44:22,6.01,0.0,54,32454,买盘
116,09:44:31,6.01,0.0,39,23438,买盘
117,09:44:49,6.01,0.0,264,158664,卖盘
118,09:44:55,6.01,0.0,4,2404,买盘
119,09:45:04,6.0,-0.01,116,69616,卖盘
120,09:45:16,6.01,0.01,7,4207,买盘
121,09:45:37,6.01,0.0,102,61202,买盘
122,09:45:52,6.01,0.0,10,6010,买盘
123,09:46:01,6.0,-0.01,30,18000,卖盘
124,09:46:28,6.01,0.01,339,203430,买盘
125,09:46:37,6.01,0.0,139,83539,买盘
126,09:46:40,6.01,0.0,10,6010,买盘
127,09:46:46,6.01,0.0,6,3606,买盘
128,09:47:10,6.01,0.0,9,5409,买盘
129,09:47:16,6.01,0.0,7,4207,买盘
130,09:47:25,6.01,0.0,18,10818,买盘
131,09:47:28,6.01,0.0,126,75726,买盘
132,09:47:31,6.01,0.0,100,60100,卖盘
133,09:47:43,6.01,0.0,33,19833,卖盘
134,09:47:46,6.01,0.0,15,9015,卖盘
135,09:47:52,6.02,0.01,1,602,买盘
136,09:48:04,6.02,0.0,5,3010,买盘
137,09:48:10,6.02,0.0,5,3010,买盘
138,09:48:19,6.01,-0.01,29,17429,卖盘
139,09:48:40,6.01,0.0,22,13222,卖盘
140,09:48:43,6.02,0.01,12,7224,买盘
141,09:48:49,6.02,0.0,3,1806,买盘
142,09:48:58,6.02,0.0,5,3010,买盘
143,09:49:19,6.01,-0.01,1,601,卖盘
144,09:49:22,6.02,0.01,20,12040,买盘
145,09:49:33,6.01,-0.01,22,13234,卖盘
146,09:49:40,6.02,0.01,42,25284,买盘
147,09:49:42,6.02,0.0,2,1204,买盘
148,09:50:01,6.01,-0.01,100,60100,卖盘
149,09:50:07,6.02,0.01,12,7224,买盘
150,09:50:37,6.01,-0.01,136,81746,卖盘
151,09:50:43,6.01,0.0,3,1803,卖盘
152,09:50:46,6.01,0.0,2,1202,卖盘
153,09:50:52,6.01,0.0,25,15025,卖盘
154,09:50:58,6.01,0.0,20,12020,卖盘
155,09:51:07,6.01,0.0,100,60100,卖盘
156,09:51:19,6.01,0.0,37,22237,卖盘
157,09:51:31,6.02,0.01,20,12035,买盘
158,09:52:13,6.01,-0.01,3,1803,买盘
159,09:52:37,6.01,0.0,8,4808,买盘
160,09:52:43,6.0,-0.01,13,7800,卖盘
161,09:52:46,6.01,0.01,94,56494,买盘
162,09:52:52,6.01,0.0,20,12020,买盘
163,09:52:58,6.0,-0.01,30,18000,卖盘
164,09:53:04,6.01,0.01,150,90150,买盘
165,09:53:31,6.0,-0.01,20,12000,卖盘
166,09:53:52,6.01,0.01,8,4808,买盘
167,09:53:58,6.01,0.0,33,19833,买盘
168,09:54:01,6.0,-0.01,5,3001,卖盘
169,09:54:07,6.01,0.01,2,1202,买盘
170,09:54:16,6.0,-0.01,102,61200,卖盘
171,09:54:31,6.0,0.0,924,554586,卖盘
172,09:54:37,6.0,0.0,17,10200,卖盘
173,09:54:40,6.0,0.0,114,68400,卖盘
174,09:54:43,6.0,0.0,40,24000,卖盘
175,09:54:46,6.0,0.0,30,18000,卖盘
176,09:54:49,6.0,0.0,50,30000,卖盘
177,09:54:52,6.01,0.01,78,46810,买盘
178,09:54:55,6.0,-0.01,51,30600,卖盘
179,09:54:58,6.0,0.0,3,1800,卖盘
180,09:55:01,6.0,0.0,4,2400,卖盘
181,09:55:04,6.0,0.0,69,41400,卖盘
182,09:55:10,6.0,0.0,100,60000,卖盘
183,09:55:13,6.0,0.0,13,7800,卖盘
184,09:55:22,6.01,0.01,34,20404,买盘
185,09:55:25,6.0,-0.01,56,33600,卖盘
186,09:55:28,6.0,0.0,3,1800,卖盘
187,09:55:37,6.0,0.0,80,48000,卖盘
188,09:55:40,6.0,0.0,240,144000,卖盘
189,09:55:46,6.0,0.0,3,1800,卖盘
190,09:55:49,6.01,0.01,203,121803,买盘
191,09:55:58,6.0,-0.01,63,37800,卖盘
192,09:56:01,6.0,0.0,100,60090,卖盘
193,09:56:07,6.0,0.0,20,12000,卖盘
194,09:56:16,6.0,0.0,131,78600,卖盘
195,09:56:31,6.0,0.0,264,158400,卖盘
196,09:56:43,6.0,0.0,8,4800,卖盘
197,09:56:46,6.0,0.0,30,18000,卖盘
198,09:56:49,6.0,0.0,20,12000,卖盘
199,09:56:52,6.0,0.0,18,10800,卖盘
200,09:56:55,6.0,0.0,65,39000,卖盘
201,09:56:58,6.01,0.01,17,10217,买盘
202,09:57:01,6.0,-0.01,55,33000,卖盘
203,09:57:10,6.0,0.0,1,600,卖盘
204,09:57:19,6.0,0.0,140,84000,卖盘
205,09:57:25,6.0,0.0,2,1200,卖盘
206,09:57:28,6.0,0.0,40,24000,卖盘
207,09:57:34,6.0,0.0,91,54600,卖盘
208,09:57:37,6.0,0.0,31,18600,卖盘
209,09:57:40,6.0,0.0,453,271800,卖盘
210,09:57:43,6.0,0.0,411,246600,卖盘
211,09:57:46,6.0,0.0,77,46200,卖盘
212,09:57:49,6.0,0.0,223,133614,卖盘
213,09:57:52,6.0,0.0,20,12000,买盘
214,09:57:55,5.99,-0.01,3,1797,卖盘
215,09:58:04,5.99,0.0,89,53311,卖盘
216,09:58:07,5.99,0.0,22,13198,卖盘
217,09:58:10,5.99,0.0,34,20366,卖盘
218,09:58:25,5.99,0.0,10,5990,买盘
219,09:58:28,5.98,-0.01,7,4186,卖盘
220,09:58:34,5.99,0.01,10,5990,买盘
221,09:58:40,5.98,-0.01,3,1794,卖盘
222,09:58:49,5.99,0.01,31,18569,买盘
223,09:58:52,5.98,-0.01,214,127986,卖盘
224,09:58:58,5.98,0.0,21,12559,卖盘
225,09:59:13,5.99,0.01,8,4792,买盘
226,09:59:16,5.98,-0.01,6,3588,卖盘
227,09:59:19,5.99,0.01,10,5990,买盘
228,09:59:37,5.98,-0.01,19,11372,卖盘
229,09:59:40,5.99,0.01,119,71281,买盘
230,09:59:46,5.99,0.0,1,599,卖盘
231,10:00:07,5.99,0.0,11,6589,卖盘
232,10:00:10,5.99,0.0,9,5391,买盘
233,10:00:13,5.99,0.0,9,5391,买盘
234,10:00:24,5.99,0.0,4,2396,买盘
235,10:00:34,6.0,0.01,214,128372,买盘
236,10:01:04,5.99,-0.01,19,11381,卖盘
237,10:01:16,5.99,0.0,8,4792,买盘
238,10:01:22,5.98,-0.01,31,18549,卖盘
239,10:01:37,5.98,0.0,10,5980,卖盘
240,10:01:43,5.99,0.01,2,1198,买盘
241,10:01:46,5.98,-0.01,20,11960,卖盘
242,10:01:58,5.98,0.0,3,1794,卖盘
243,10:02:01,5.99,0.01,28,16772,买盘
244,10:02:04,5.99,0.0,194,116206,买盘
245,10:02:25,5.99,0.0,63,37737,卖盘
246,10:02:40,5.99,0.0,20,11980,卖盘
247,10:02:52,6.0,0.01,39,23362,买盘
248,10:03:13,6.0,0.0,24,14400,买盘
249,10:03:22,6.0,0.0,10,6000,买盘
250,10:03:31,6.0,0.0,2,1200,买盘
251,10:04:01,6.0,0.0,10,6000,买盘
252,10:04:07,5.99,-0.01,10,5990,卖盘
253,10:04:13,5.99,0.0,4,2396,卖盘
254,10:04:16,5.99,0.0,30,17970,卖盘
255,10:04:22,6.0,0.01,83,49800,买盘
256,10:04:31,5.99,-0.01,20,11980,卖盘
257,10:04:34,5.99,0.0,100,59900,卖盘
258,10:04:40,5.99,0.0,5,2995,卖盘
259,10:04:43,5.99,0.0,7,4193,卖盘
260,10:05:07,5.99,0.0,4,2396,买盘
261,10:05:19,5.98,-0.01,20,11960,卖盘
262,10:05:34,5.99,0.01,33,19767,买盘
263,10:05:37,5.99,0.0,48,28752,买盘
264,10:05:40,5.99,0.0,16,9584,买盘
265,10:05:42,5.99,0.0,13,7787,买盘
266,10:05:49,5.99,0.0,50,29950,买盘
267,10:05:55,5.99,0.0,100,59900,买盘
268,10:06:01,5.99,0.0,13,7787,买盘
269,10:06:04,5.99,0.0,14,8386,卖盘
270,10:06:16,5.99,0.0,22,13178,卖盘
271,10:06:25,5.99,0.0,1,599,卖盘
272,10:06:49,6.0,0.01,4,2400,买盘
273,10:07:00,5.99,-0.01,12,7188,卖盘
274,10:07:04,6.0,0.01,10,6000,买盘
275,10:07:13,6.0,0.0,25,15000,买盘
276,10:07:28,6.0,0.0,49,29400,买盘
277,10:07:31,6.0,0.0,58,34800,买盘
278,10:07:43,6.0,0.0,40,24000,买盘
279,10:07:58,6.0,0.0,33,19800,买盘
280,10:08:04,5.99,-0.01,14,8386,卖盘
281,10:08:07,6.0,0.01,5,3000,买盘
282,10:08:16,5.99,-0.01,187,112013,卖盘
283,10:08:52,5.99,0.0,107,64093,买盘
284,10:08:58,5.99,0.0,20,11980,卖盘
285,10:09:04,5.99,0.0,8,4792,卖盘
286,10:09:10,5.99,0.0,50,29950,卖盘
287,10:09:27,5.99,0.0,1,599,买盘
288,10:09:40,5.99,0.0,33,19767,买盘
289,10:09:49,5.98,-0.01,100,59816,卖盘
290,10:09:51,5.98,0.0,42,25132,卖盘
291,10:10:10,5.98,0.0,111,66378,卖盘
292,10:10:13,5.98,0.0,300,179400,卖盘
293,10:10:18,5.98,0.0,1,598,卖盘
294,10:10:40,5.98,0.0,13,7774,卖盘
295,10:10:46,5.98,0.0,10,5980,卖盘
296,10:10:49,5.98,0.0,40,23920,卖盘
297,10:10:58,5.98,0.0,10,5980,买盘
298,10:11:04,5.98,0.0,50,29900,买盘
299,10:11:13,5.98,0.0,6,3588,买盘
300,10:11:16,5.98,0.0,6,3588,买盘
301,10:11:34,5.97,-0.01,10,5970,卖盘
302,10:11:40,5.97,0.0,205,122385,卖盘
303,10:11:46,5.97,0.0,20,11940,卖盘
304,10:11:49,5.98,0.01,2,1196,买盘
305,10:11:55,5.97,-0.01,9,5373,卖盘
306,10:11:58,5.97,0.0,4,2388,卖盘
307,10:12:16,5.98,0.01,31,18538,买盘
308,10:13:46,5.98,0.0,10,5980,卖盘
309,10:13:55,5.99,0.01,2,1198,买盘
310,10:14:01,5.98,-0.01,20,11960,卖盘
311,10:14:10,5.99,0.01,9,5391,买盘
312,10:14:13,5.99,0.0,21,12579,买盘
313,10:14:22,5.98,-0.01,50,29920,卖盘
314,10:14:30,5.99,0.01,5,2995,买盘
315,10:14:37,5.99,0.0,3,1797,买盘
316,10:14:52,5.98,-0.01,100,59800,卖盘
317,10:15:00,5.98,0.0,5,2990,卖盘
318,10:15:18,5.99,0.01,81,48519,买盘
319,10:15:31,5.99,0.0,10,5990,卖盘
320,10:16:04,5.99,0.0,20,11980,卖盘
321,10:16:16,5.99,0.0,24,14376,卖盘
322,10:16:40,5.99,0.0,2,1198,买盘
323,10:16:46,5.99,0.0,2,1198,买盘
324,10:16:49,5.99,0.0,26,15574,买盘
325,10:16:55,5.99,0.0,20,11980,卖盘
326,10:17:07,5.99,0.0,22,13178,卖盘
327,10:17:27,6.0,0.01,1,600,买盘
328,10:17:34,6.0,0.0,70,42000,买盘
329,10:17:43,6.0,0.0,292,175200,买盘
330,10:17:49,5.99,-0.01,114,68357,卖盘
331,10:18:01,6.0,0.01,3,1800,卖盘
332,10:18:06,6.0,0.0,1,600,买盘
333,10:18:19,5.99,-0.01,10,5990,卖盘
334,10:18:52,6.0,0.01,9,5400,买盘
335,10:18:58,6.0,0.0,1,600,买盘
336,10:19:01,6.0,0.0,21,12600,买盘
337,10:19:04,6.0,0.0,100,60000,买盘
338,10:19:10,6.0,0.0,1,600,买盘
339,10:19:16,5.99,-0.01,9,5391,卖盘
340,10:19:34,6.0,0.01,10,6000,买盘
341,10:19:52,6.0,0.0,6,3600,买盘
342,10:20:01,6.0,0.0,30,18000,买盘
343,10:20:04,6.02,0.02,300,180556,买盘
344,10:20:13,6.01,-0.01,3,1803,卖盘
345,10:20:31,6.02,0.01,5,3010,买盘
346,10:20:33,6.02,0.0,50,30100,买盘
347,10:20:55,6.02,0.0,50,30100,买盘
348,10:21:00,6.02,0.0,2,1204,买盘
349,10:21:04,6.02,0.0,1,602,买盘
350,10:21:10,6.02,0.0,11,6622,买盘
351,10:21:13,6.02,0.0,94,56588,买盘
352,10:21:19,6.02,0.0,2,1204,买盘
353,10:21:22,6.02,0.0,3,1806,买盘
354,10:21:25,6.02,0.0,2,1204,买盘
355,10:21:28,6.02,0.0,2,1204,买盘
356,10:21:34,6.02,0.0,1,602,买盘
357,10:21:37,6.02,0.0,3,1806,买盘
358,10:21:43,6.02,0.0,44,26488,买盘
359,10:21:46,6.02,0.0,10,6020,买盘
360,10:21:49,6.02,0.0,49,29498,买盘
361,10:21:52,6.02,0.0,1,602,买盘
362,10:22:01,6.02,0.0,14,8428,卖盘
363,10:22:04,6.02,0.0,5,3010,卖盘
364,10:22:10,6.02,0.0,1,602,买盘
365,10:22:19,6.02,0.0,10,6020,买盘
366,10:22:25,6.02,0.0,1,602,买盘
367,10:22:34,6.02,0.0,1,602,买盘
368,10:22:52,6.02,0.0,8,4816,买盘
369,10:22:55,6.02,0.0,42,25284,卖盘
370,10:23:05,6.01,-0.01,3,1803,卖盘
371,10:23:19,6.02,0.01,3,1806,买盘
372,10:24:24,6.02,0.0,139,83678,买盘
373,10:24:31,6.02,0.0,20,12040,买盘
374,10:24:39,6.02,0.0,3,1806,买盘
375,10:24:42,6.01,-0.01,5,3005,卖盘
376,10:24:46,6.02,0.01,20,12040,买盘
377,10:25:30,6.02,0.0,21,12642,买盘
378,10:25:54,6.01,-0.01,1,601,卖盘
379,10:26:21,6.02,0.01,7,4214,买盘
380,10:26:25,6.02,0.0,1,602,买盘
381,10:26:43,6.02,0.0,11,6622,买盘
382,10:26:49,6.02,0.0,75,45150,卖盘
383,10:26:52,6.03,0.01,100,60300,买盘
384,10:26:55,6.02,-0.01,20,12040,卖盘
385,10:27:10,6.02,0.0,20,12040,卖盘
386,10:27:16,6.03,0.01,10,6030,买盘
387,10:27:43,6.03,0.0,50,30150,买盘
388,10:27:49,6.03,0.0,50,30150,买盘
389,10:27:52,6.03,0.0,15,9045,卖盘
390,10:27:58,6.03,0.0,4,2412,卖盘
391,10:28:04,6.04,0.01,10,6040,买盘
392,10:28:22,6.04,0.0,20,12080,买盘
393,10:28:25,6.03,-0.01,10,6030,卖盘
394,10:28:28,6.03,0.0,222,133866,卖盘
395,10:28:43,6.02,-0.01,123,74046,卖盘
396,10:28:46,6.02,0.0,2,1204,买盘
397,10:28:49,6.02,0.0,4,2408,买盘
398,10:29:07,6.02,0.0,15,9030,买盘
399,10:29:10,6.01,-0.01,46,27646,卖盘
400,10:29:22,6.01,0.0,2,1202,卖盘
401,10:30:04,6.01,0.0,2,1202,卖盘
402,10:30:06,6.01,0.0,21,12621,卖盘
403,10:30:10,6.01,0.0,10,6010,卖盘
404,10:30:16,6.01,0.0,2,1202,卖盘
405,10:30:25,6.02,0.01,30,18060,买盘
406,10:30:28,6.02,0.0,24,14444,买盘
407,10:30:31,6.02,0.0,19,11438,买盘
408,10:30:43,6.02,0.0,15,9030,买盘
409,10:30:49,6.01,-0.01,7,4207,卖盘
410,10:31:10,6.02,0.01,19,11438,买盘
411,10:31:36,6.02,0.0,6,3612,买盘
412,10:32:16,6.02,0.0,7,4214,买盘
413,10:32:52,6.01,-0.01,100,60100,卖盘
414,10:33:31,6.02,0.01,400,240800,买盘
415,10:34:04,6.02,0.0,1,602,买盘
416,10:34:21,6.02,0.0,10,6020,买盘
417,10:34:25,6.02,0.0,15,9030,买盘
418,10:35:01,6.02,0.0,10,6020,卖盘
419,10:35:46,6.03,0.01,29,17487,买盘
420,10:35:49,6.03,0.0,5,3015,买盘
421,10:35:52,6.03,0.0,62,37386,买盘
422,10:35:55,6.03,0.0,449,270747,买盘
423,10:35:58,6.03,0.0,112,67536,买盘
424,10:36:01,6.03,0.0,214,129042,买盘
425,10:36:04,6.03,0.0,185,111555,买盘
426,10:36:07,6.03,0.0,138,83214,买盘
427,10:36:13,6.04,0.01,3,1812,买盘
428,10:36:16,6.04,0.0,10,6040,买盘
429,10:36:19,6.04,0.0,28,16912,买盘
430,10:36:22,6.04,0.0,16,9664,买盘
431,10:36:25,6.05,0.01,140,84615,买盘
432,10:36:31,6.05,0.0,3,1815,买盘
433,10:36:36,6.05,0.0,6,3630,买盘
434,10:36:40,6.05,0.0,4,2420,买盘
435,10:36:55,6.05,0.0,10,6050,买盘
436,10:36:58,6.03,-0.02,200,120600,卖盘
437,10:37:10,6.05,0.02,34,20570,买盘
438,10:37:22,6.05,0.0,92,55660,买盘
439,10:37:25,6.04,-0.01,28,16912,卖盘
440,10:37:31,6.04,0.0,4,2416,买盘
441,10:37:34,6.04,0.0,34,20536,买盘
442,10:37:37,6.04,0.0,3,1812,买盘
443,10:37:40,6.04,0.0,74,44696,买盘
444,10:37:43,6.04,0.0,57,34428,买盘
445,10:38:04,6.05,0.01,100,60500,买盘
446,10:38:28,6.04,-0.01,3,1812,卖盘
447,10:38:31,6.05,0.01,10,6050,买盘
448,10:38:33,6.05,0.0,20,12100,买盘
449,10:38:40,6.05,0.0,20,12100,买盘
450,10:38:43,6.05,0.0,58,35090,买盘
451,10:38:55,6.05,0.0,31,18755,卖盘
452,10:38:58,6.05,0.0,5,3028,卖盘
453,10:39:01,6.05,0.0,15,9075,卖盘
454,10:39:04,6.06,0.01,500,303000,买盘
455,10:39:07,6.05,-0.01,4,2420,卖盘
456,10:39:09,6.05,0.0,10,6050,卖盘
457,10:39:12,6.06,0.01,10,6060,买盘
458,10:39:28,6.06,0.0,100,60600,买盘
459,10:39:43,6.05,-0.01,4,2420,卖盘
460,10:39:55,6.06,0.01,4,2424,买盘
461,10:39:58,6.06,0.0,1,606,买盘
462,10:40:16,6.05,-0.01,131,79255,卖盘
463,10:40:48,6.05,0.0,10,6050,买盘
464,10:41:07,6.04,-0.01,50,30200,卖盘
465,10:41:37,6.05,0.01,200,121000,买盘
466,10:41:46,6.04,-0.01,10,6040,卖盘
467,10:43:15,6.05,0.01,10,6050,买盘
468,10:43:52,6.05,0.0,1,605,买盘
469,10:44:04,6.04,-0.01,34,20536,卖盘
470,10:44:19,6.05,0.01,3,1815,买盘
471,10:44:34,6.05,0.0,289,174643,买盘
472,10:44:37,6.04,-0.01,15,9060,卖盘
473,10:45:04,6.04,0.0,5,3020,卖盘
474,10:45:31,6.05,0.01,10,6050,买盘
475,10:46:00,6.04,-0.01,25,15100,卖盘
476,10:46:12,6.04,0.0,38,22952,买盘
477,10:46:37,6.03,-0.01,5,3015,卖盘
478,10:47:06,6.03,0.0,29,17487,卖盘
479,10:47:16,6.03,0.0,2,1206,卖盘
480,10:47:54,6.03,0.0,51,30753,卖盘
481,10:48:49,6.04,0.01,2,1208,买盘
482,10:49:09,6.04,0.0,44,26542,买盘
483,10:51:19,6.04,0.0,10,6040,买盘
484,10:52:16,6.04,0.0,50,30200,买盘
485,10:52:51,6.03,-0.01,7,4221,卖盘
486,10:52:54,6.04,0.01,282,170328,买盘
487,10:53:21,6.04,0.0,50,30170,买盘
488,10:54:37,6.04,0.0,2,1208,买盘
489,10:54:43,6.04,0.0,3,1812,买盘
490,10:54:55,6.04,0.0,1,604,买盘
491,10:54:58,6.04,0.0,257,155228,买盘
492,10:55:04,6.04,0.0,6,3624,买盘
493,10:55:10,6.05,0.01,43,26015,买盘
494,10:55:16,6.05,0.0,172,104060,买盘
495,10:55:22,6.05,0.0,3,1815,买盘
496,10:55:25,6.05,0.0,6,3630,买盘
497,10:55:28,6.05,0.0,69,41745,买盘
498,10:55:33,6.05,0.0,30,18150,买盘
499,10:55:37,6.05,0.0,20,12100,买盘
500,10:55:58,6.05,0.0,74,44770,买盘
501,10:56:37,6.05,0.0,5,3025,卖盘
502,10:56:58,6.05,0.0,5,3025,卖盘
503,10:57:04,6.06,0.01,66,39996,买盘
504,10:57:31,6.06,0.0,20,12120,买盘
505,10:57:43,6.06,0.0,2,1212,买盘
506,10:58:01,6.05,-0.01,417,252640,卖盘
507,10:58:04,6.05,0.0,10,6050,卖盘
508,10:58:10,6.06,0.01,1,606,买盘
509,10:58:37,6.06,0.0,39,23634,买盘
510,10:59:07,6.05,-0.01,164,99220,卖盘
511,10:59:10,6.05,0.0,5,3025,卖盘
512,10:59:13,6.06,0.01,35,21210,买盘
513,11:00:43,6.06,0.0,73,44238,买盘
514,11:00:55,6.06,0.0,1,606,买盘
515,11:01:46,6.06,0.0,30,18180,买盘
516,11:03:10,6.05,-0.01,10,6050,卖盘
517,11:03:46,6.05,0.0,12,7260,卖盘
518,11:04:13,6.05,0.0,129,78045,卖盘
519,11:04:31,6.05,0.0,5,3025,买盘
520,11:04:49,6.05,0.0,30,18150,买盘
521,11:04:51,6.05,0.0,20,12100,卖盘
522,11:05:21,6.05,0.0,44,26620,卖盘
523,11:05:37,6.05,0.0,107,64735,买盘
524,11:05:55,6.05,0.0,21,12705,买盘
525,11:06:06,6.05,0.0,3,1815,卖盘
526,11:06:52,6.05,0.0,50,30250,卖盘
527,11:06:58,6.05,0.0,86,52030,卖盘
528,11:07:25,6.06,0.01,66,39996,买盘
529,11:07:37,6.06,0.0,50,30300,买盘
530,11:08:07,6.05,-0.01,15,9075,卖盘
531,11:08:16,6.06,0.01,100,60600,买盘
532,11:08:52,6.05,-0.01,208,125840,卖盘
533,11:09:42,6.05,0.0,20,12100,卖盘
534,11:09:55,6.05,0.0,155,93775,卖盘
535,11:10:10,6.04,-0.01,78,47112,卖盘
536,11:10:13,6.05,0.01,1,605,买盘
537,11:10:18,6.05,0.0,2,1512,卖盘
538,11:10:21,6.05,0.0,46,27830,卖盘
539,11:10:48,6.05,0.0,39,23595,卖盘
540,11:11:24,6.05,0.0,10,6050,卖盘
541,11:11:57,6.05,0.0,50,30250,卖盘
542,11:12:22,6.05,0.0,3,1512,卖盘
543,11:12:25,6.06,0.01,60,36324,买盘
544,11:13:36,6.05,-0.01,42,25410,买盘
545,11:13:57,6.06,0.01,33,19975,买盘
546,11:14:09,6.05,-0.01,2,1210,卖盘
547,11:15:04,6.05,0.0,10,6050,卖盘
548,11:15:21,6.05,0.0,24,14520,卖盘
549,11:15:34,6.05,0.0,2,1210,卖盘
550,11:15:46,6.05,0.0,12,7260,买盘
551,11:16:16,6.05,0.0,5,3025,卖盘
552,11:16:34,6.06,0.01,18,10908,买盘
553,11:16:40,6.05,-0.01,2,1210,卖盘
554,11:17:12,6.05,0.0,95,57475,卖盘
555,11:17:58,6.04,-0.01,43,25972,卖盘
556,11:18:25,6.04,0.0,100,60400,卖盘
557,11:18:46,6.04,0.0,20,12080,卖盘
558,11:19:22,6.04,0.0,10,6040,卖盘
559,11:19:42,6.04,0.0,10,6040,卖盘
560,11:22:19,6.04,0.0,6,3624,卖盘
561,11:22:25,6.03,-0.01,5,3015,卖盘
562,11:23:15,6.04,0.01,26,15704,买盘
563,11:23:30,6.04,0.0,26,15704,卖盘
564,11:24:49,6.04,0.0,3,1812,卖盘
565,11:25:16,6.05,0.01,4,2420,买盘
566,11:25:27,6.05,0.0,6,3630,买盘
567,11:28:34,6.05,0.0,4,2420,买盘
568,11:29:34,6.04,-0.01,50,30200,卖盘
569,13:00:04,6.04,0.0,5,3020,卖盘
570,13:00:07,6.05,0.01,101,61105,买盘
571,13:00:10,6.05,0.0,15,9075,买盘
572,13:01:00,6.05,0.0,2,1210,卖盘
573,13:02:00,6.05,0.0,3,1815,买盘
574,13:03:00,6.05,0.0,46,28126,买盘
575,13:03:24,6.05,0.0,22,13310,卖盘
576,13:05:05,6.06,0.01,66,39996,买盘
577,13:06:31,6.05,-0.01,50,30250,买盘
578,13:08:43,6.04,-0.01,1,604,卖盘
579,13:10:07,6.05,0.01,4,2420,买盘
580,13:10:16,6.04,-0.01,1,604,卖盘
581,13:10:37,6.04,0.0,1,604,卖盘
582,13:11:30,6.04,0.0,1,604,卖盘
583,13:11:39,6.04,0.0,1,604,卖盘
584,13:13:00,6.04,0.0,12,7248,卖盘
585,13:13:46,6.04,0.0,19,11476,卖盘
586,13:14:46,6.04,0.0,22,13288,卖盘
587,13:15:00,6.05,0.01,56,33880,买盘
588,13:15:10,6.04,-0.01,1,604,卖盘
589,13:15:24,6.05,0.01,10,6050,买盘
590,13:15:46,6.04,-0.01,1,604,卖盘
591,13:15:48,6.05,0.01,12,7260,买盘
592,13:15:58,6.05,0.0,8,4840,买盘
593,13:16:01,6.05,0.0,115,69575,买盘
594,13:16:06,6.05,0.0,1,605,买盘
595,13:16:31,6.05,0.0,20,12100,买盘
596,13:16:37,6.04,-0.01,5,3020,卖盘
597,13:17:33,6.05,0.01,9,5445,买盘
598,13:17:55,6.05,0.0,10,6050,买盘
599,13:18:54,6.05,0.0,17,10285,买盘
600,13:19:43,6.04,-0.01,17,10268,卖盘
601,13:20:15,6.04,0.0,50,30200,卖盘
602,13:22:55,6.05,0.01,9,5445,买盘
603,13:24:10,6.05,0.0,224,135520,买盘
604,13:24:16,6.05,0.0,1,605,买盘
605,13:24:24,6.05,0.0,27,16335,买盘
606,13:24:43,6.05,0.0,15,9075,买盘
607,13:25:01,6.05,0.0,39,23595,买盘
608,13:25:19,6.05,0.0,1,605,卖盘
609,13:25:48,6.06,0.01,20,12120,买盘
610,13:26:01,6.05,-0.01,14,8470,卖盘
611,13:26:12,6.06,0.01,10,6060,买盘
612,13:26:22,6.05,-0.01,8,4840,卖盘
613,13:26:54,6.06,0.01,20,12120,买盘
614,13:27:10,6.06,0.0,15,9090,买盘
615,13:27:34,6.05,-0.01,14,8470,卖盘
616,13:27:52,6.06,0.01,31,18786,买盘
617,13:28:07,6.06,0.0,20,12120,买盘
618,13:28:12,6.05,-0.01,66,39930,卖盘
619,13:28:28,6.06,0.01,50,30300,买盘
620,13:28:52,6.05,-0.01,8,4840,卖盘
621,13:28:58,6.05,0.0,5,3029,卖盘
622,13:29:25,6.05,0.0,8,4840,卖盘
623,13:29:49,6.05,0.0,10,6050,卖盘
624,13:32:00,6.05,0.0,8,4840,卖盘
625,13:32:19,6.05,0.0,7,4235,卖盘
626,13:32:48,6.05,0.0,9,5445,卖盘
627,13:33:01,6.05,0.0,9,5445,卖盘
628,13:33:04,6.05,0.0,20,12100,卖盘
629,13:33:10,6.05,0.0,7,4235,卖盘
630,13:33:25,6.05,0.0,29,17545,卖盘
631,13:33:51,6.05,0.0,1,605,卖盘
632,13:34:57,6.05,0.0,2,1210,卖盘
633,13:35:04,6.05,0.0,34,20570,卖盘
634,13:35:09,6.05,0.0,80,48400,卖盘
635,13:39:37,6.05,0.0,1,605,买盘
636,13:39:46,6.05,0.0,213,128865,买盘
637,13:39:52,6.05,0.0,33,19965,卖盘
638,13:40:12,6.05,0.0,301,182405,卖盘
639,13:40:19,6.05,0.0,28,16940,卖盘
640,13:40:24,6.05,0.0,20,12100,卖盘
641,13:40:58,6.06,0.01,1,909,买盘
642,13:41:25,6.06,0.0,10,5757,卖盘
643,13:43:37,6.06,0.0,20,12120,卖盘
644,13:43:46,6.06,0.0,10,6060,卖盘
645,13:43:49,6.06,0.0,20,12120,卖盘
646,13:43:54,6.06,0.0,15,9090,卖盘
647,13:43:57,6.06,0.0,3,1818,卖盘
648,13:44:01,6.06,0.0,11,6666,卖盘
649,13:44:04,6.06,0.0,4,2424,卖盘
650,13:44:07,6.06,0.0,9,5454,卖盘
651,13:44:10,6.06,0.0,60,36360,卖盘
652,13:44:13,6.06,0.0,9,5454,卖盘
653,13:44:16,6.06,0.0,11,6666,卖盘
654,13:44:19,6.06,0.0,6,3636,卖盘
655,13:44:22,6.06,0.0,6,3636,卖盘
656,13:44:25,6.06,0.0,2,1212,卖盘
657,13:44:28,6.06,0.0,15,9090,卖盘
658,13:44:30,6.06,0.0,2,1212,卖盘
659,13:44:34,6.06,0.0,1,606,卖盘
660,13:44:37,6.06,0.0,8,4848,卖盘
661,13:44:52,6.06,0.0,2,1212,卖盘
662,13:45:04,6.06,0.0,33,19998,卖盘
663,13:45:19,6.06,0.0,3,1818,卖盘
664,13:45:22,6.06,0.0,20,12120,卖盘
665,13:45:31,6.06,0.0,7,3939,卖盘
666,13:45:33,6.06,0.0,5,3030,买盘
667,13:46:04,6.05,-0.01,10,6050,卖盘
668,13:47:00,6.06,0.01,17,10302,买盘
669,13:48:30,6.05,-0.01,174,105270,卖盘
670,13:48:45,6.05,0.0,14,8470,买盘
671,13:49:27,6.04,-0.01,75,45300,卖盘
672,13:52:10,6.05,0.01,1,605,买盘
673,13:52:24,6.04,-0.01,20,12080,卖盘
674,13:53:54,6.04,0.0,10,6040,卖盘
675,13:54:01,6.04,0.0,4,2416,卖盘
676,13:54:39,6.04,0.0,11,6644,卖盘
677,13:55:04,6.04,0.0,48,28992,卖盘
678,13:55:16,6.04,0.0,56,33824,卖盘
679,13:56:21,6.04,0.0,11,6644,卖盘
680,13:56:24,6.04,0.0,3,1812,卖盘
681,13:56:37,6.04,0.0,5,3020,卖盘
682,13:56:46,6.04,0.0,8,4832,卖盘
683,13:56:52,6.04,0.0,4,2416,卖盘
684,13:57:04,6.04,0.0,5,3020,卖盘
685,13:57:16,6.04,0.0,5,3020,卖盘
686,13:57:22,6.04,0.0,9,5436,卖盘
687,13:57:28,6.04,0.0,51,30804,卖盘
688,13:57:34,6.04,0.0,1,604,买盘
689,13:57:37,6.04,0.0,33,19932,买盘
690,13:57:42,6.05,0.01,8,4840,买盘
691,13:57:58,6.05,0.0,178,107690,买盘
692,13:58:57,6.05,0.0,30,18150,卖盘
693,13:59:04,6.05,0.0,4,2420,卖盘
694,13:59:06,6.05,0.0,10,6052,卖盘
695,13:59:13,6.05,0.0,2,1210,买盘
696,13:59:49,6.05,0.0,5,3025,买盘
697,14:01:46,6.05,0.0,10,6050,买盘
698,14:02:16,6.05,0.0,56,33880,买盘
699,14:02:19,6.05,0.0,5,3025,买盘
700,14:02:22,6.05,0.0,28,16940,买盘
701,14:02:25,6.05,0.0,21,12705,卖盘
702,14:02:55,6.05,0.0,2,1210,买盘
703,14:03:24,6.05,0.0,1,605,买盘
704,14:05:58,6.04,-0.01,23,13892,卖盘
705,14:06:06,6.05,0.01,49,29645,买盘
706,14:09:42,6.04,-0.01,37,22348,卖盘
707,14:10:00,6.04,0.0,5,3020,卖盘
708,14:10:46,6.04,0.0,5,3020,卖盘
709,14:10:57,6.04,0.0,1,604,卖盘
710,14:11:34,6.05,0.01,10,6050,买盘
711,14:12:09,6.04,-0.01,54,32616,卖盘
712,14:12:16,6.04,0.0,2,1208,卖盘
713,14:12:36,6.04,0.0,26,15704,卖盘
714,14:12:39,6.04,0.0,101,61004,卖盘
715,14:12:58,6.04,0.0,20,12080,卖盘
716,14:13:04,6.04,0.0,5,3020,卖盘
717,14:13:06,6.04,0.0,46,27784,卖盘
718,14:15:04,6.04,0.0,183,110532,买盘
719,14:15:10,6.04,0.0,17,10268,卖盘
720,14:15:19,6.04,0.0,40,24150,买盘
721,14:15:25,6.04,0.0,5,3020,买盘
722,14:15:49,6.04,0.0,2,1208,买盘
723,14:16:37,6.03,-0.01,3,1809,卖盘
724,14:17:27,6.04,0.01,20,12080,买盘
725,14:18:16,6.04,0.0,10,6040,买盘
726,14:19:01,6.04,0.0,159,96036,买盘
727,14:20:09,6.04,0.0,20,12080,卖盘
728,14:20:12,6.05,0.01,2,1210,买盘
729,14:20:49,6.04,-0.01,45,27180,卖盘
730,14:21:16,6.04,0.0,2,1208,买盘
731,14:22:27,6.03,-0.01,200,120600,卖盘
732,14:22:40,6.03,0.0,19,11457,卖盘
733,14:23:39,6.03,0.0,200,120600,卖盘
734,14:24:07,6.04,0.01,10,6040,买盘
735,14:24:25,6.03,-0.01,4,2412,卖盘
736,14:24:34,6.03,0.0,3,1809,买盘
737,14:26:18,6.03,0.0,34,20502,卖盘
738,14:26:43,6.03,0.0,75,45225,卖盘
739,14:26:45,6.03,0.0,25,15075,买盘
740,14:27:13,6.04,0.01,10,6040,买盘
741,14:27:36,6.04,0.0,10,6040,买盘
742,14:28:49,6.04,0.0,2,1208,买盘
743,14:28:55,6.04,0.0,2,1208,买盘
744,14:29:52,6.03,-0.01,1,603,卖盘
745,14:29:58,6.03,0.0,31,18693,卖盘
746,14:30:07,6.02,-0.01,301,181202,卖盘
747,14:30:46,6.02,0.0,9,5418,卖盘
748,14:32:22,6.02,0.0,20,12040,卖盘
749,14:32:49,6.02,0.0,140,84280,卖盘
750,14:32:55,6.02,0.0,10,6020,卖盘
751,14:33:01,6.02,0.0,15,9030,卖盘
752,14:33:10,6.02,0.0,10,6020,卖盘
753,14:33:34,6.02,0.0,20,12040,卖盘
754,14:34:19,6.02,0.0,30,18060,卖盘
755,14:34:28,6.02,0.0,10,6020,卖盘
756,14:34:34,6.02,0.0,11,6622,卖盘
757,14:35:01,6.02,0.0,3,1806,卖盘
758,14:36:09,6.02,0.0,2,1204,卖盘
759,14:36:13,6.03,0.01,8,4824,买盘
760,14:36:22,6.02,-0.01,87,52374,卖盘
761,14:36:37,6.02,0.0,9,5418,卖盘
762,14:37:16,6.02,0.0,2,1204,卖盘
763,14:38:04,6.03,0.01,46,27738,买盘
764,14:38:07,6.02,-0.01,2,1204,卖盘
765,14:38:15,6.03,0.01,1,603,买盘
766,14:38:37,6.02,-0.01,2,1204,卖盘
767,14:39:16,6.02,0.0,5,3010,卖盘
768,14:39:22,6.02,0.0,2,1204,卖盘
769,14:39:43,6.02,0.0,2,1204,卖盘
770,14:40:10,6.02,0.0,16,9632,卖盘
771,14:40:34,6.02,0.0,10,6020,卖盘
772,14:40:52,6.02,0.0,150,90300,卖盘
773,14:41:01,6.02,0.0,20,12040,卖盘
774,14:41:13,6.02,0.0,2,1204,卖盘
775,14:41:21,6.02,0.0,16,9632,卖盘
776,14:41:30,6.03,0.01,309,186327,买盘
777,14:41:37,6.03,0.0,21,12663,卖盘
778,14:42:10,6.04,0.01,6,3624,买盘
779,14:42:13,6.03,-0.01,3,1809,卖盘
780,14:42:16,6.03,0.0,100,60300,卖盘
781,14:42:22,6.03,0.0,2,1206,卖盘
782,14:42:30,6.03,0.0,1,603,卖盘
783,14:42:43,6.03,0.0,234,141102,卖盘
784,14:42:49,6.03,0.0,2,1206,卖盘
785,14:43:01,6.03,0.0,22,13266,卖盘
786,14:43:25,6.02,-0.01,2,1204,卖盘
787,14:43:31,6.02,0.0,2,1204,卖盘
788,14:44:27,6.03,0.01,272,164016,买盘
789,14:44:31,6.02,-0.01,12,7224,卖盘
790,14:44:55,6.03,0.01,20,12060,买盘
791,14:45:07,6.02,-0.01,2,1204,卖盘
792,14:45:09,6.02,0.0,16,9632,卖盘
793,14:45:28,6.02,0.0,11,6622,卖盘
794,14:45:46,6.02,0.0,2,1204,卖盘
795,14:45:52,6.02,0.0,1,602,卖盘
796,14:46:22,6.03,0.01,43,25929,买盘
797,14:46:49,6.03,0.0,157,94370,卖盘
798,14:47:07,6.02,-0.01,2,1204,卖盘
799,14:48:28,6.02,0.0,100,60200,卖盘
800,14:48:40,6.03,0.01,1,603,买盘
801,14:48:52,6.02,-0.01,2,1204,卖盘
802,14:48:58,6.03,0.01,50,30150,买盘
803,14:49:04,6.02,-0.01,1,602,卖盘
804,14:49:22,6.02,0.0,3,1806,买盘
805,14:49:31,6.02,0.0,10,6020,买盘
806,14:49:49,6.02,0.0,5,3010,买盘
807,14:49:54,6.02,0.0,2,1204,买盘
808,14:50:04,6.02,0.0,15,9030,买盘
809,14:50:37,6.02,0.0,200,120400,卖盘
810,14:51:15,6.02,0.0,13,7826,卖盘
811,14:51:43,6.02,0.0,20,12040,卖盘
812,14:51:46,6.03,0.01,4,2412,买盘
813,14:51:49,6.02,-0.01,25,15050,卖盘
814,14:51:57,6.03,0.01,50,30150,买盘
815,14:52:01,6.02,-0.01,111,66822,卖盘
816,14:52:04,6.02,0.0,10,6020,买盘
817,14:52:13,6.02,0.0,50,30100,买盘
818,14:52:19,6.02,0.0,18,10836,买盘
819,14:52:25,6.02,0.0,132,79464,买盘
820,14:52:28,6.02,0.0,5,3010,买盘
821,14:52:37,6.02,0.0,1,602,买盘
822,14:52:49,6.02,0.0,164,98728,买盘
823,14:52:54,6.02,0.0,100,60200,卖盘
824,14:53:13,6.02,0.0,117,70434,卖盘
825,14:53:37,6.02,0.0,53,31906,卖盘
826,14:53:46,6.03,0.01,5,3015,买盘
827,14:53:52,6.03,0.0,31,18670,买盘
828,14:53:55,6.02,-0.01,2,1204,卖盘
829,14:54:04,6.02,0.0,6,3612,卖盘
830,14:54:31,6.02,0.0,11,6622,卖盘
831,14:54:40,6.02,0.0,80,48160,卖盘
832,14:55:16,6.02,0.0,8,4816,卖盘
833,14:55:28,6.03,0.01,20,12060,买盘
834,14:55:43,6.03,0.0,11,6633,买盘
835,14:55:55,6.02,-0.01,38,22876,卖盘
836,14:56:10,6.03,0.01,2,1206,买盘
837,14:56:19,6.03,0.0,17,10251,买盘
838,14:56:40,6.03,0.0,30,18090,买盘
839,14:56:49,6.03,0.0,28,16884,买盘
840,14:56:52,6.02,-0.01,33,19871,卖盘
841,14:57:04,6.03,0.01,50,30150,买盘
842,15:00:04,6.03,0.0,474,285822,卖盘
