,time,price,change,volume,amount,type
0,09:25:04,5.35,-0.15,759,406065,卖盘
1,09:30:04,5.35,0.0,815,436424,卖盘
2,09:30:07,5.34,-0.01,61,32535,中性盘
3,09:30:10,5.32,-0.02,422,225711,卖盘
4,09:30:13,5.35,0.03,11,5885,买盘
5,09:30:16,5.34,-0.01,2,1068,买盘
6,09:30:19,5.34,0.0,122,65148,买盘
7,09:30:21,5.35,0.01,72,38520,买盘
8,09:30:25,5.34,-0.01,62,33156,卖盘
9,09:30:28,5.33,-0.01,477,254541,卖盘
10,09:30:31,5.33,0.0,25,13325,买盘
11,09:30:37,5.33,0.0,2,1066,买盘
12,09:30:40,5.32,-0.01,20,10641,卖盘
13,09:30:46,5.33,0.01,14,7462,卖盘
14,09:30:49,5.33,0.0,51,27183,卖盘
15,09:30:52,5.35,0.02,191,101953,买盘
16,09:31:01,5.38,0.03,58,31156,买盘
17,09:31:06,5.38,0.0,3,1614,卖盘
18,09:31:09,5.39,0.01,14,7546,买盘
19,09:31:16,5.39,0.0,17,9163,买盘
20,09:31:19,5.39,0.0,23,12397,买盘
21,09:31:21,5.4,0.01,32,17255,买盘
22,09:31:24,5.4,0.0,3,1620,卖盘
23,09:31:28,5.4,0.0,3,1620,卖盘
24,09:31:31,5.4,0.0,2,1080,卖盘
25,09:31:34,5.4,0.0,42,22680,买盘
26,09:31:37,5.4,0.0,40,21600,买盘
27,09:31:43,5.4,0.0,68,36720,卖盘
28,09:31:52,5.39,-0.01,60,32357,卖盘
29,09:31:55,5.39,0.0,2,1078,买盘
30,09:31:57,5.42,0.03,65,35123,买盘
31,09:32:01,5.4,-0.02,33,17820,中性盘
32,09:32:06,5.4,0.0,10,5400,卖盘
33,09:32:10,5.4,0.0,50,27000,卖盘
34,09:32:19,5.41,0.01,34,18394,买盘
35,09:32:24,5.41,0.0,12,6492,卖盘
36,09:32:34,5.41,0.0,28,15148,卖盘
37,09:32:37,5.41,0.0,28,15148,买盘
38,09:32:39,5.4,-0.01,36,19440,卖盘
39,09:32:42,5.4,0.0,200,108000,卖盘
40,09:32:51,5.4,0.0,6,3232,买盘
41,09:33:01,5.41,0.01,297,160554,买盘
42,09:33:04,5.41,0.0,73,39493,卖盘
43,09:33:06,5.41,0.0,12,6492,卖盘
44,09:33:10,5.41,0.0,18,9738,卖盘
45,09:33:21,5.38,-0.03,15,8080,卖盘
46,09:33:28,5.37,-0.01,94,50478,卖盘
47,09:33:31,5.38,0.01,7,3766,买盘
48,09:33:33,5.35,-0.03,11,5900,卖盘
49,09:33:46,5.36,0.01,40,21440,卖盘
50,09:33:54,5.37,0.01,5,2685,买盘
51,09:34:25,5.4,0.03,7,3778,买盘
52,09:34:27,5.4,0.0,20,10800,买盘
53,09:34:31,5.39,-0.01,52,28031,卖盘
54,09:34:34,5.37,-0.02,300,161383,卖盘
55,09:34:43,5.39,0.02,40,21496,卖盘
56,09:34:48,5.37,-0.02,609,327294,卖盘
57,09:34:52,5.37,0.0,3,1611,买盘
58,09:34:55,5.37,0.0,4,2148,买盘
59,09:34:58,5.37,0.0,7,3759,买盘
60,09:35:01,5.37,0.0,93,49941,买盘
61,09:35:04,5.37,0.0,42,22564,卖盘
62,09:35:06,5.37,0.0,3,1611,卖盘
63,09:35:13,5.39,0.02,20,10780,买盘
64,09:35:21,5.39,0.0,21,11319,买盘
65,09:35:37,5.37,-0.02,50,26851,卖盘
66,09:35:40,5.39,0.02,13,7007,买盘
67,09:35:45,5.37,-0.02,3,1611,卖盘
68,09:35:49,5.39,0.02,27,14553,买盘
69,09:35:58,5.37,-0.02,62,33294,卖盘
70,09:36:06,5.38,0.01,1,538,卖盘
71,09:36:16,5.39,0.01,36,19404,买盘
72,09:36:18,5.38,-0.01,36,19368,卖盘
73,09:36:21,5.38,0.0,11,5918,买盘
74,09:36:34,5.37,-0.01,100,53718,卖盘
75,09:36:46,5.38,0.01,5,2690,卖盘
76,09:36:48,5.38,0.0,6,3228,买盘
77,09:36:54,5.38,0.0,11,5927,卖盘
78,09:37:01,5.38,0.0,2,1076,卖盘
79,09:37:07,5.38,0.0,19,10222,卖盘
80,09:37:15,5.38,0.0,29,15602,买盘
81,09:37:19,5.38,0.0,3,1614,卖盘
82,09:37:31,5.38,0.0,1,538,卖盘
83,09:37:37,5.38,0.0,367,197446,卖盘
84,09:37:42,5.38,0.0,10,5380,买盘
85,09:37:46,5.37,-0.01,10,5370,卖盘
86,09:37:48,5.38,0.01,25,13450,买盘
87,09:37:52,5.38,0.0,55,29550,买盘
88,09:37:54,5.38,0.0,8,4304,卖盘
89,09:38:00,5.38,0.0,3,1614,卖盘
90,09:38:07,5.38,0.0,42,22596,卖盘
91,09:38:10,5.38,0.0,50,26900,卖盘
92,09:38:12,5.38,0.0,36,19368,卖盘
93,09:38:16,5.38,0.0,20,10760,卖盘
94,09:38:22,5.38,0.0,21,11298,卖盘
95,09:38:28,5.38,0.0,32,17216,卖盘
96,09:38:31,5.38,0.0,32,17216,卖盘
97,09:38:34,5.38,0.0,13,6994,卖盘
98,09:38:40,5.38,0.0,33,17754,卖盘
99,09:38:46,5.37,-0.01,35,18795,卖盘
100,09:38:52,5.38,0.01,10,5380,买盘
101,09:38:55,5.37,-0.01,76,40812,卖盘
102,09:39:01,5.38,0.01,1,538,买盘
103,09:39:07,5.37,-0.01,9,4833,卖盘
104,09:39:18,5.37,0.0,94,50478,卖盘
105,09:39:22,5.38,0.01,10,5380,买盘
106,09:39:30,5.37,-0.01,60,32220,卖盘
107,09:39:37,5.38,0.01,54,29052,买盘
108,09:39:45,5.38,0.0,15,8070,卖盘
109,09:39:49,5.38,0.0,20,10760,买盘
110,09:39:55,5.37,-0.01,33,17721,卖盘
111,09:40:16,5.37,0.0,10,5370,卖盘
112,09:40:19,5.37,0.0,30,16110,卖盘
113,09:40:28,5.38,0.01,155,83390,买盘
114,09:40:31,5.37,-0.01,20,10740,卖盘
115,09:40:37,5.38,0.01,47,25259,买盘
116,09:40:40,5.37,-0.01,10,5370,卖盘
117,09:40:43,5.37,0.0,73,39201,卖盘
118,09:40:45,5.37,0.0,27,14499,买盘
119,09:40:55,5.38,0.01,16,8608,买盘
120,09:40:58,5.38,0.0,8,4304,买盘
121,09:41:10,5.38,0.0,100,53800,卖盘
122,09:41:21,5.38,0.0,6,3228,卖盘
123,09:41:25,5.39,0.01,379,204281,买盘
124,09:41:33,5.39,0.0,74,39886,卖盘
125,09:41:37,5.4,0.01,29,15652,买盘
126,09:41:40,5.39,-0.01,2,1079,卖盘
127,09:41:49,5.4,0.01,106,57240,买盘
128,09:42:31,5.4,0.0,10,5400,买盘
129,09:42:34,5.4,0.0,10,5400,买盘
130,09:42:37,5.4,0.0,20,10800,买盘
131,09:42:40,5.39,-0.01,10,5390,卖盘
132,09:42:43,5.39,0.0,3,1617,卖盘
133,09:42:55,5.39,0.0,46,24794,卖盘
134,09:42:58,5.4,0.01,35,18873,买盘
135,09:43:10,5.4,0.0,53,28615,买盘
136,09:43:16,5.39,-0.01,19,10241,卖盘
137,09:43:19,5.4,0.01,4,2160,买盘
138,09:43:22,5.39,-0.01,40,21560,卖盘
139,09:43:31,5.4,0.01,10,5400,买盘
140,09:43:37,5.39,-0.01,24,12936,卖盘
141,09:43:43,5.39,0.0,38,20482,卖盘
142,09:43:52,5.39,0.0,281,151459,卖盘
143,09:43:54,5.38,-0.01,210,112980,卖盘
144,09:43:58,5.39,0.01,120,64680,买盘
145,09:44:10,5.39,0.0,57,30723,卖盘
146,09:44:13,5.39,0.0,2,1078,卖盘
147,09:44:15,5.39,0.0,50,26950,卖盘
148,09:44:27,5.4,0.01,79,42660,买盘
149,09:44:40,5.4,0.0,9,4860,买盘
150,09:44:46,5.4,0.0,61,32940,买盘
151,09:44:52,5.4,0.0,3,1620,买盘
152,09:44:55,5.39,-0.01,20,10780,卖盘
153,09:44:58,5.39,0.0,44,23716,卖盘
154,09:45:01,5.4,0.01,92,49638,买盘
155,09:45:07,5.39,-0.01,27,14553,卖盘
156,09:45:18,5.38,-0.01,29,15602,卖盘
157,09:45:24,5.39,0.01,23,12397,买盘
158,09:45:39,5.4,0.01,7,3780,买盘
159,09:45:43,5.38,-0.02,350,188377,卖盘
160,09:45:48,5.38,0.0,107,57566,买盘
161,09:45:54,5.38,0.0,70,37660,卖盘
162,09:46:00,5.38,0.0,205,110290,卖盘
163,09:46:04,5.4,0.02,85,45900,买盘
164,09:46:15,5.4,0.0,10,5400,买盘
165,09:46:25,5.4,0.0,10,5400,买盘
166,09:46:30,5.4,0.0,59,31860,买盘
167,09:47:06,5.38,-0.02,87,46806,卖盘
168,09:47:27,5.38,0.0,12,6456,卖盘
169,09:47:33,5.4,0.02,70,37800,买盘
170,09:47:36,5.4,0.0,3,1620,买盘
171,09:47:49,5.4,0.0,10,5400,卖盘
172,09:47:57,5.38,-0.02,29,15602,卖盘
173,09:49:06,5.4,0.02,6,3240,买盘
174,09:49:09,5.4,0.0,2,1080,买盘
175,09:49:19,5.39,-0.01,30,16170,卖盘
176,09:49:30,5.39,0.0,50,26950,买盘
177,09:49:40,5.4,0.01,42,22680,买盘
178,09:49:49,5.38,-0.02,50,26900,卖盘
179,09:50:01,5.4,0.02,21,11340,买盘
180,09:50:28,5.39,-0.01,2,1078,卖盘
181,09:50:30,5.39,0.0,8,4312,买盘
182,09:50:52,5.39,0.0,7,3773,买盘
183,09:51:00,5.39,0.0,11,5929,买盘
184,09:51:04,5.38,-0.01,10,5380,卖盘
185,09:51:12,5.39,0.01,4,2156,买盘
186,09:51:34,5.39,0.0,1,539,买盘
187,09:51:39,5.38,-0.01,30,16140,卖盘
188,09:51:42,5.39,0.01,17,9163,买盘
189,09:52:13,5.39,0.0,13,7007,买盘
190,09:52:30,5.39,0.0,9,4851,买盘
191,09:52:34,5.39,0.0,55,29608,买盘
192,09:52:46,5.38,-0.01,100,53800,卖盘
193,09:52:55,5.38,0.0,5,2690,卖盘
194,09:53:09,5.38,0.0,169,90923,卖盘
195,09:53:15,5.38,0.0,68,36584,卖盘
196,09:53:27,5.38,0.0,65,34970,卖盘
197,09:53:30,5.38,0.0,8,4304,卖盘
198,09:53:55,5.39,0.01,3,1617,买盘
199,09:54:10,5.38,-0.01,6,3228,卖盘
200,09:54:28,5.38,0.0,40,21520,卖盘
201,09:54:33,5.38,0.0,30,16140,卖盘
202,09:54:42,5.38,0.0,6,3228,卖盘
203,09:54:51,5.38,0.0,2,1076,卖盘
204,09:55:00,5.38,0.0,14,7532,卖盘
205,09:55:15,5.38,0.0,513,275994,卖盘
206,09:55:21,5.38,0.0,24,12912,卖盘
207,09:55:24,5.38,0.0,14,7532,卖盘
208,09:55:27,5.38,0.0,10,5380,卖盘
209,09:55:31,5.38,0.0,41,22058,卖盘
210,09:55:33,5.38,0.0,161,86618,卖盘
211,09:55:36,5.38,0.0,40,21520,买盘
212,09:55:55,5.38,0.0,4,2152,买盘
213,09:56:07,5.37,-0.01,1,537,卖盘
214,09:56:16,5.37,0.0,70,37590,卖盘
215,09:56:22,5.37,0.0,120,64440,卖盘
216,09:56:30,5.37,0.0,18,9666,卖盘
217,09:56:33,5.38,0.01,100,53800,买盘
218,09:56:37,5.37,-0.01,20,10740,卖盘
219,09:56:42,5.37,0.0,44,23628,卖盘
220,09:56:45,5.38,0.01,100,53800,买盘
221,09:56:48,5.38,0.0,1,538,卖盘
222,09:56:51,5.38,0.0,20,10760,卖盘
223,09:56:54,5.38,0.0,40,21520,卖盘
224,09:57:06,5.38,0.0,1,538,卖盘
225,09:57:12,5.38,0.0,6,3228,卖盘
226,09:57:30,5.38,0.0,7,3766,卖盘
227,09:57:39,5.38,0.0,40,21520,卖盘
228,09:57:52,5.38,0.0,16,8608,卖盘
229,09:58:06,5.38,0.0,22,11836,卖盘
230,09:58:42,5.38,0.0,18,9684,卖盘
231,09:58:48,5.38,0.0,88,47344,卖盘
232,09:58:58,5.38,0.0,17,9146,卖盘
233,09:59:27,5.38,0.0,21,11298,卖盘
234,09:59:39,5.38,0.0,21,11298,卖盘
235,10:00:04,5.38,0.0,10,5380,卖盘
236,10:00:06,5.39,0.01,1,539,买盘
237,10:00:09,5.38,-0.01,50,26900,卖盘
238,10:00:15,5.38,0.0,85,45730,卖盘
239,10:00:18,5.39,0.01,156,84071,买盘
240,10:01:12,5.38,-0.01,7,3766,卖盘
241,10:01:24,5.39,0.01,37,19943,买盘
242,10:01:28,5.38,-0.01,1,538,卖盘
243,10:01:31,5.38,0.0,150,80700,卖盘
244,10:01:45,5.38,0.0,22,11836,买盘
245,10:01:48,5.38,0.0,34,18292,买盘
246,10:02:00,5.39,0.01,47,25333,买盘
247,10:02:24,5.38,-0.01,16,8608,卖盘
248,10:02:33,5.38,0.0,4,2152,买盘
249,10:03:15,5.38,0.0,140,75320,卖盘
250,10:03:33,5.38,0.0,20,10760,卖盘
251,10:03:39,5.38,0.0,60,32280,卖盘
252,10:03:45,5.38,0.0,6,3228,卖盘
253,10:03:51,5.38,0.0,41,22058,卖盘
254,10:03:54,5.37,-0.01,42,22574,卖盘
255,10:04:13,5.37,0.0,52,27924,卖盘
256,10:04:18,5.37,0.0,6,3222,卖盘
257,10:04:28,5.37,0.0,75,40275,卖盘
258,10:04:45,5.38,0.01,5,2690,卖盘
259,10:04:48,5.38,0.0,20,10760,卖盘
260,10:04:51,5.38,0.0,1,538,卖盘
261,10:04:54,5.38,0.0,191,102758,卖盘
262,10:05:12,5.38,0.0,9,4842,买盘
263,10:05:18,5.37,-0.01,28,15036,卖盘
264,10:05:21,5.38,0.01,197,105823,买盘
265,10:05:36,5.38,0.0,9,4842,卖盘
266,10:05:51,5.37,-0.01,12,6444,卖盘
267,10:05:58,5.37,0.0,20,10740,卖盘
268,10:06:21,5.38,0.01,5,2690,买盘
269,10:06:33,5.37,-0.01,81,43497,卖盘
270,10:06:51,5.38,0.01,50,26900,买盘
271,10:07:06,5.38,0.0,10,5380,买盘
272,10:07:18,5.4,0.02,374,201604,买盘
273,10:07:51,5.4,0.0,8,4320,买盘
274,10:08:06,5.38,-0.02,12,6478,卖盘
275,10:08:24,5.38,0.0,35,18830,卖盘
276,10:08:39,5.4,0.02,1,540,买盘
277,10:09:04,5.38,-0.02,16,8608,卖盘
278,10:09:09,5.38,0.0,20,10760,卖盘
279,10:09:28,5.38,0.0,1,538,卖盘
280,10:09:36,5.39,0.01,5,2695,买盘
281,10:10:03,5.39,0.0,31,16709,买盘
282,10:10:06,5.38,-0.01,157,84466,卖盘
283,10:10:15,5.39,0.01,100,53900,买盘
284,10:10:27,5.39,0.0,111,59829,买盘
285,10:10:39,5.39,0.0,4,2156,卖盘
286,10:10:49,5.39,0.0,1,539,卖盘
287,10:10:55,5.39,0.0,10,5390,卖盘
288,10:11:04,5.39,0.0,20,10780,卖盘
289,10:11:09,5.39,0.0,25,13475,卖盘
290,10:11:24,5.38,-0.01,35,18830,卖盘
291,10:11:39,5.38,0.0,1,538,卖盘
292,10:11:45,5.38,0.0,8,4304,卖盘
293,10:12:04,5.38,0.0,118,63532,卖盘
294,10:13:09,5.38,0.0,14,7532,卖盘
295,10:13:18,5.38,0.0,9,4842,卖盘
296,10:13:48,5.38,0.0,132,71016,卖盘
297,10:14:39,5.39,0.01,1,539,买盘
298,10:14:42,5.38,-0.01,260,139880,卖盘
299,10:14:48,5.37,-0.01,1,537,卖盘
300,10:15:09,5.37,0.0,35,18795,卖盘
301,10:15:13,5.37,0.0,66,35442,卖盘
302,10:15:22,5.37,0.0,120,64440,卖盘
303,10:15:33,5.37,0.0,15,8055,买盘
304,10:15:39,5.36,-0.01,21,11276,卖盘
305,10:15:42,5.36,0.0,33,17688,卖盘
306,10:15:45,5.36,0.0,20,10720,卖盘
307,10:15:51,5.36,0.0,50,26800,卖盘
308,10:15:54,5.36,0.0,82,43952,卖盘
309,10:16:06,5.36,0.0,67,35912,卖盘
310,10:16:27,5.36,0.0,645,345724,卖盘
311,10:16:39,5.36,0.0,50,26800,买盘
312,10:16:42,5.35,-0.01,408,218280,卖盘
313,10:16:46,5.36,0.01,136,72806,买盘
314,10:16:49,5.35,-0.01,54,28890,卖盘
315,10:16:51,5.35,0.0,78,41730,卖盘
316,10:16:54,5.35,0.0,100,53500,卖盘
317,10:16:57,5.35,0.0,50,26750,卖盘
318,10:17:00,5.35,0.0,333,178155,卖盘
319,10:17:09,5.34,-0.01,73,38982,卖盘
320,10:17:12,5.34,0.0,5,2670,卖盘
321,10:17:15,5.34,0.0,79,42186,卖盘
322,10:17:18,5.34,0.0,78,41652,买盘
323,10:17:21,5.33,-0.01,513,273429,卖盘
324,10:17:24,5.33,0.0,83,44239,卖盘
325,10:17:27,5.33,0.0,34,18122,卖盘
326,10:17:33,5.33,0.0,173,92209,买盘
327,10:17:36,5.32,-0.01,500,266000,卖盘
328,10:17:39,5.32,0.0,150,79900,卖盘
329,10:17:42,5.32,0.0,96,51122,卖盘
330,10:17:48,5.32,0.0,33,17556,卖盘
331,10:17:51,5.3,-0.02,508,269655,卖盘
332,10:17:58,5.3,0.0,4,2120,卖盘
333,10:18:04,5.32,0.02,102,54264,买盘
334,10:18:07,5.3,-0.02,60,31800,卖盘
335,10:18:09,5.3,0.0,93,49336,卖盘
336,10:18:12,5.3,0.0,120,63690,卖盘
337,10:18:24,5.3,0.0,36,19110,卖盘
338,10:18:27,5.31,0.01,16,8496,买盘
339,10:18:30,5.3,-0.01,67,35522,卖盘
340,10:18:33,5.32,0.02,132,70224,买盘
341,10:18:42,5.33,0.01,16,8528,买盘
342,10:18:52,5.33,0.0,25,13325,买盘
343,10:18:58,5.33,0.0,2,1066,买盘
344,10:19:07,5.33,0.0,3,1599,买盘
345,10:19:10,5.33,0.0,74,39442,买盘
346,10:19:36,5.33,0.0,10,5330,卖盘
347,10:19:49,5.33,0.0,18,9594,卖盘
348,10:20:04,5.34,0.01,1,534,买盘
349,10:20:06,5.34,0.0,37,19758,买盘
350,10:20:12,5.34,0.0,4,2136,买盘
351,10:20:15,5.34,0.0,15,8000,买盘
352,10:20:36,5.33,-0.01,3,1599,卖盘
353,10:20:39,5.34,0.01,56,29904,买盘
354,10:20:42,5.34,0.0,185,98790,买盘
355,10:20:45,5.34,0.0,8,4272,卖盘
356,10:20:51,5.34,0.0,7,3738,卖盘
357,10:21:24,5.34,0.0,3,1602,卖盘
358,10:21:39,5.35,0.01,172,92015,买盘
359,10:21:48,5.34,-0.01,161,85974,卖盘
360,10:22:24,5.34,0.0,50,26700,卖盘
361,10:22:39,5.35,0.01,64,34240,买盘
362,10:22:42,5.34,-0.01,42,22464,卖盘
363,10:23:22,5.35,0.01,40,21400,卖盘
364,10:23:36,5.35,0.0,6,3210,卖盘
365,10:23:46,5.35,0.0,36,19260,卖盘
366,10:24:06,5.35,0.0,50,26750,卖盘
367,10:24:12,5.35,0.0,30,16050,卖盘
368,10:24:24,5.35,0.0,21,11235,卖盘
369,10:24:33,5.34,-0.01,12,6408,卖盘
370,10:24:52,5.35,0.01,1,535,买盘
371,10:25:00,5.35,0.0,10,5350,买盘
372,10:25:12,5.35,0.0,2,1070,买盘
373,10:25:15,5.35,0.0,5,2675,买盘
374,10:25:21,5.35,0.0,9,4815,买盘
375,10:25:42,5.34,-0.01,1,534,卖盘
376,10:25:51,5.35,0.01,8,4280,买盘
377,10:26:09,5.34,-0.01,20,10680,卖盘
378,10:26:31,5.34,0.0,29,15486,卖盘
379,10:26:37,5.34,0.0,10,5340,卖盘
380,10:26:39,5.35,0.01,12,6420,买盘
381,10:27:12,5.34,-0.01,100,53400,卖盘
382,10:27:15,5.34,0.0,2,1068,卖盘
383,10:27:18,5.35,0.01,62,33158,买盘
384,10:27:36,5.35,0.0,50,26750,买盘
385,10:27:42,5.35,0.0,154,82390,买盘
386,10:27:45,5.35,0.0,20,10700,买盘
387,10:27:48,5.35,0.0,18,9630,卖盘
388,10:27:54,5.35,0.0,2,1070,买盘
389,10:28:06,5.35,0.0,16,8560,卖盘
390,10:28:27,5.35,0.0,10,5350,卖盘
391,10:28:57,5.36,0.01,137,73432,买盘
392,10:29:04,5.36,0.0,53,28408,买盘
393,10:29:21,5.37,0.01,44,23628,买盘
394,10:29:43,5.37,0.0,1,537,买盘
395,10:29:51,5.37,0.0,1,537,买盘
396,10:29:57,5.37,0.0,1,537,买盘
397,10:30:06,5.36,-0.01,209,112024,卖盘
398,10:30:15,5.36,0.0,30,16080,买盘
399,10:30:33,5.36,0.0,36,19296,买盘
400,10:30:51,5.36,0.0,46,24656,买盘
401,10:31:04,5.36,0.0,10,5360,买盘
402,10:31:07,5.36,0.0,45,24105,买盘
403,10:31:28,5.36,0.0,10,5360,买盘
404,10:31:31,5.35,-0.01,2,1070,卖盘
405,10:31:42,5.35,0.0,20,10700,卖盘
406,10:31:45,5.35,0.0,110,58850,卖盘
407,10:31:54,5.35,0.0,37,19795,卖盘
408,10:32:15,5.35,0.0,20,10700,卖盘
409,10:32:21,5.35,0.0,8,4280,卖盘
410,10:32:30,5.35,0.0,2,1070,买盘
411,10:32:49,5.35,0.0,35,18725,买盘
412,10:32:54,5.35,0.0,4,2140,买盘
413,10:34:09,5.36,0.01,63,33768,买盘
414,10:34:15,5.35,-0.01,10,5350,卖盘
415,10:34:22,5.36,0.01,18,9642,买盘
416,10:34:25,5.35,-0.01,43,23005,卖盘
417,10:34:27,5.34,-0.01,175,93450,卖盘
418,10:34:55,5.35,0.01,5,2679,卖盘
419,10:35:03,5.35,0.0,19,10165,买盘
420,10:35:06,5.35,0.0,10,5350,买盘
421,10:35:25,5.35,0.0,12,6420,卖盘
422,10:35:46,5.35,0.0,8,4280,卖盘
423,10:36:00,5.36,0.01,231,123816,买盘
424,10:36:27,5.37,0.01,57,30609,买盘
425,10:36:45,5.37,0.0,20,10740,买盘
426,10:37:01,5.36,-0.01,250,134000,卖盘
427,10:37:09,5.36,0.0,43,23048,卖盘
428,10:37:51,5.36,0.0,17,9112,卖盘
429,10:38:06,5.36,0.0,3,1608,卖盘
430,10:38:39,5.36,0.0,11,5896,买盘
431,10:39:21,5.36,0.0,5,2680,买盘
432,10:39:27,5.35,-0.01,30,16050,卖盘
433,10:39:30,5.35,0.0,10,5350,卖盘
434,10:40:04,5.35,0.0,10,5350,卖盘
435,10:40:27,5.35,0.0,7,3745,卖盘
436,10:40:42,5.34,-0.01,41,21894,卖盘
437,10:40:45,5.35,0.01,6,3210,买盘
438,10:40:51,5.34,-0.01,47,25143,卖盘
439,10:41:18,5.34,0.0,5,2670,卖盘
440,10:41:24,5.34,0.0,3,1602,卖盘
441,10:41:42,5.34,0.0,24,12816,卖盘
442,10:41:51,5.34,0.0,78,41652,卖盘
443,10:42:12,5.33,-0.01,12,6396,卖盘
444,10:42:33,5.34,0.01,24,12816,买盘
445,10:42:42,5.33,-0.01,150,79967,卖盘
446,10:42:51,5.33,0.0,72,38376,卖盘
447,10:42:54,5.33,0.0,44,23452,卖盘
448,10:43:01,5.33,0.0,8,4264,卖盘
449,10:43:06,5.33,0.0,51,27183,卖盘
450,10:43:21,5.35,0.02,1,535,买盘
451,10:43:36,5.35,0.0,10,5350,买盘
452,10:43:43,5.33,-0.02,124,66092,卖盘
453,10:43:51,5.33,0.0,2,1066,买盘
454,10:43:54,5.33,0.0,2,1066,买盘
455,10:43:57,5.33,0.0,49,26117,买盘
456,10:44:00,5.33,0.0,21,11193,买盘
457,10:44:09,5.33,0.0,5,2665,卖盘
458,10:44:13,5.33,0.0,13,6929,卖盘
459,10:44:15,5.33,0.0,2,1066,买盘
460,10:44:19,5.33,0.0,8,4264,买盘
461,10:44:22,5.33,0.0,2,1066,买盘
462,10:44:24,5.33,0.0,2,1066,买盘
463,10:44:27,5.33,0.0,2,1066,买盘
464,10:44:30,5.33,0.0,2,1066,买盘
465,10:44:33,5.33,0.0,1,533,买盘
466,10:44:36,5.33,0.0,5,2665,买盘
467,10:45:06,5.33,0.0,55,29315,卖盘
468,10:45:09,5.33,0.0,2,1066,卖盘
469,10:45:12,5.32,-0.01,5,2660,卖盘
470,10:45:33,5.33,0.01,10,5330,买盘
471,10:45:36,5.33,0.0,62,33046,买盘
472,10:45:48,5.33,0.0,20,10660,卖盘
473,10:46:03,5.33,0.0,8,4264,卖盘
474,10:46:52,5.33,0.0,63,33579,卖盘
475,10:47:09,5.33,0.0,15,7995,买盘
476,10:47:13,5.32,-0.01,22,11704,卖盘
477,10:47:24,5.32,0.0,5,2660,卖盘
478,10:47:34,5.32,0.0,17,9044,卖盘
479,10:47:42,5.33,0.01,108,57564,买盘
480,10:47:45,5.33,0.0,20,10660,买盘
481,10:47:57,5.32,-0.01,10,5320,卖盘
482,10:48:00,5.33,0.01,30,15990,买盘
483,10:48:06,5.33,0.0,29,15457,卖盘
484,10:48:51,5.34,0.01,10,5340,买盘
485,10:49:09,5.35,0.01,2,1070,买盘
486,10:50:06,5.35,0.0,44,23472,买盘
487,10:50:18,5.35,0.0,10,5350,买盘
488,10:50:27,5.35,0.0,10,5350,买盘
489,10:51:19,5.35,0.0,55,29425,买盘
490,10:51:21,5.35,0.0,64,34240,卖盘
491,10:52:12,5.35,0.0,6,3210,买盘
492,10:52:21,5.35,0.0,3,1605,卖盘
493,10:52:24,5.35,0.0,2,1070,买盘
494,10:52:30,5.35,0.0,34,18190,买盘
495,10:52:36,5.34,-0.01,26,13884,卖盘
496,10:52:57,5.34,0.0,4,2136,卖盘
497,10:53:01,5.34,0.0,4,2136,卖盘
498,10:53:06,5.34,0.0,310,165660,卖盘
499,10:53:21,5.33,-0.01,64,34112,卖盘
500,10:54:06,5.33,0.0,282,150306,卖盘
501,10:54:12,5.33,0.0,19,10127,卖盘
502,10:54:19,5.34,0.01,5,2670,买盘
503,10:54:22,5.33,-0.01,10,5330,卖盘
504,10:54:33,5.33,0.0,20,10660,卖盘
505,10:54:45,5.33,0.0,1,533,卖盘
506,10:55:01,5.33,0.0,1,533,卖盘
507,10:55:18,5.33,0.0,12,6406,卖盘
508,10:55:22,5.36,0.03,5,2680,买盘
509,10:55:57,5.34,-0.02,2,1068,卖盘
510,10:56:01,5.36,0.02,5,2680,买盘
511,10:56:24,5.36,0.0,1,536,买盘
512,10:56:51,5.35,-0.01,6,3210,卖盘
513,10:57:07,5.35,0.0,10,5350,买盘
514,10:57:18,5.35,0.0,20,10700,买盘
515,10:57:22,5.35,0.0,32,17120,买盘
516,10:57:30,5.35,0.0,48,25680,买盘
517,10:57:36,5.35,0.0,40,21400,卖盘
518,10:58:06,5.36,0.01,2,1072,买盘
519,10:58:42,5.35,-0.01,160,85600,卖盘
520,10:58:57,5.35,0.0,15,8025,买盘
521,10:59:03,5.35,0.0,1,535,买盘
522,10:59:07,5.34,-0.01,2,1068,卖盘
523,10:59:10,5.35,0.01,100,53500,买盘
524,10:59:12,5.35,0.0,24,12840,买盘
525,10:59:15,5.36,0.01,5,2680,买盘
526,11:00:00,5.36,0.0,51,27336,买盘
527,11:00:21,5.36,0.0,41,21976,买盘
528,11:00:24,5.36,0.0,6,3216,买盘
529,11:00:27,5.36,0.0,17,9112,买盘
530,11:00:48,5.36,0.0,336,180096,卖盘
531,11:01:06,5.35,-0.01,5,2675,卖盘
532,11:01:36,5.35,0.0,4,2140,卖盘
533,11:01:39,5.36,0.01,30,16080,买盘
534,11:01:54,5.36,0.0,1,536,买盘
535,11:02:07,5.36,0.0,5,2680,买盘
536,11:02:24,5.36,0.0,5,2680,买盘
537,11:02:27,5.36,0.0,200,107200,买盘
538,11:02:30,5.36,0.0,24,12864,买盘
539,11:02:40,5.36,0.0,5,2680,买盘
540,11:02:51,5.36,0.0,20,10720,买盘
541,11:03:00,5.35,-0.01,3,1607,卖盘
542,11:03:09,5.36,0.01,18,9648,买盘
543,11:03:46,5.35,-0.01,130,69550,卖盘
544,11:04:10,5.36,0.01,21,11256,卖盘
545,11:04:33,5.36,0.0,67,35912,卖盘
546,11:04:42,5.36,0.0,38,20368,买盘
547,11:05:39,5.36,0.0,2,1072,买盘
548,11:05:45,5.35,-0.01,264,141240,卖盘
549,11:05:57,5.35,0.0,15,8025,买盘
550,11:06:18,5.34,-0.01,311,166118,卖盘
551,11:06:40,5.34,0.0,10,5340,买盘
552,11:06:54,5.34,0.0,182,97011,买盘
553,11:06:57,5.34,0.0,18,9612,买盘
554,11:07:18,5.33,-0.01,14,7462,卖盘
555,11:07:36,5.34,0.01,20,10680,买盘
556,11:07:45,5.34,0.0,10,5340,买盘
557,11:07:54,5.34,0.0,41,21894,买盘
558,11:07:57,5.34,0.0,342,182628,买盘
559,11:08:00,5.34,0.0,3,1602,买盘
560,11:08:04,5.34,0.0,3,1602,买盘
561,11:08:06,5.34,0.0,1,534,买盘
562,11:08:19,5.34,0.0,13,6942,买盘
563,11:08:21,5.34,0.0,200,106800,卖盘
564,11:08:42,5.34,0.0,3,1602,卖盘
565,11:09:15,5.35,0.01,200,107000,买盘
566,11:09:28,5.35,0.0,88,47080,买盘
567,11:09:33,5.35,0.0,8,4280,卖盘
568,11:09:36,5.35,0.0,8,4280,卖盘
569,11:10:51,5.35,0.0,32,17120,卖盘
570,11:11:15,5.35,0.0,2,1070,卖盘
571,11:11:21,5.35,0.0,23,12305,卖盘
572,11:11:36,5.35,0.0,3,1605,卖盘
573,11:11:55,5.36,0.01,50,26800,买盘
574,11:12:39,5.35,-0.01,50,26750,卖盘
575,11:12:45,5.36,0.01,229,122744,买盘
576,11:12:51,5.36,0.0,110,58960,卖盘
577,11:13:01,5.36,0.0,9,4824,卖盘
578,11:14:21,5.36,0.0,8,4288,买盘
579,11:14:24,5.36,0.0,15,8040,买盘
580,11:14:55,5.36,0.0,60,32160,卖盘
581,11:15:06,5.36,0.0,67,35957,卖盘
582,11:15:15,5.36,0.0,38,20368,卖盘
583,11:15:33,5.36,0.0,2,1072,买盘
584,11:15:36,5.36,0.0,1,536,买盘
585,11:15:42,5.36,0.0,29,15544,买盘
586,11:16:04,5.39,0.03,500,268935,买盘
587,11:16:18,5.36,-0.03,1,536,卖盘
588,11:17:36,5.36,0.0,10,5360,卖盘
589,11:17:45,5.36,0.0,4,2144,卖盘
590,11:17:51,5.36,0.0,78,41808,卖盘
591,11:17:54,5.36,0.0,1,536,买盘
592,11:18:12,5.38,0.02,7,3766,买盘
593,11:19:15,5.38,0.0,4,2152,买盘
594,11:19:39,5.38,0.0,39,20982,买盘
595,11:19:45,5.38,0.0,71,38198,卖盘
596,11:19:48,5.38,0.0,30,16140,卖盘
597,11:19:55,5.38,0.0,2,1076,卖盘
598,11:19:57,5.38,0.0,8,4304,卖盘
599,11:20:04,5.38,0.0,2,1076,卖盘
600,11:20:18,5.38,0.0,2,1076,卖盘
601,11:20:30,5.38,0.0,2,1076,买盘
602,11:20:40,5.38,0.0,150,80700,卖盘
603,11:20:43,5.38,0.0,4,2152,卖盘
604,11:20:48,5.38,0.0,40,21520,卖盘
605,11:20:51,5.4,0.02,200,107810,买盘
606,11:21:04,5.4,0.0,175,94496,买盘
607,11:21:09,5.4,0.0,6,3240,卖盘
608,11:21:36,5.4,0.0,54,29160,买盘
609,11:21:42,5.4,0.0,7,3780,卖盘
610,11:22:00,5.39,-0.01,93,50127,买盘
611,11:22:33,5.39,0.0,8,4312,卖盘
612,11:22:45,5.39,0.0,3,1617,卖盘
613,11:23:04,5.4,0.01,20,10800,买盘
614,11:23:10,5.4,0.0,41,22140,买盘
615,11:23:16,5.4,0.0,42,22680,买盘
616,11:23:48,5.4,0.0,404,218160,买盘
617,11:24:00,5.4,0.0,20,10800,卖盘
618,11:24:12,5.41,0.01,4,2164,买盘
619,11:24:36,5.4,-0.01,50,27000,卖盘
620,11:24:43,5.41,0.01,233,126033,买盘
621,11:24:45,5.4,-0.01,10,5400,卖盘
622,11:25:09,5.4,0.0,40,21600,卖盘
623,11:25:21,5.41,0.01,156,84396,买盘
624,11:25:30,5.42,0.01,30,16260,买盘
625,11:25:57,5.42,0.0,83,44986,买盘
626,11:26:04,5.42,0.0,10,5420,卖盘
627,11:26:09,5.43,0.01,20,10860,买盘
628,11:26:13,5.43,0.0,55,29865,买盘
629,11:26:48,5.44,0.01,30,16320,卖盘
630,11:26:54,5.45,0.01,20,10900,买盘
631,11:27:00,5.44,-0.01,50,27200,卖盘
632,11:27:03,5.44,0.0,10,5440,卖盘
633,11:27:18,5.44,0.0,9,4896,卖盘
634,11:27:24,5.45,0.01,35,19075,买盘
635,11:27:27,5.44,-0.01,15,8160,卖盘
636,11:27:34,5.44,0.0,30,16320,卖盘
637,11:27:39,5.45,0.01,2,1090,买盘
638,11:27:46,5.44,-0.01,93,50675,卖盘
639,11:28:03,5.44,0.0,5,2720,卖盘
640,11:28:06,5.44,0.0,34,18496,卖盘
641,11:28:15,5.44,0.0,50,27200,卖盘
642,11:28:24,5.44,0.0,100,54400,卖盘
643,11:28:28,5.45,0.01,74,40325,买盘
644,11:28:30,5.44,-0.01,10,5440,卖盘
645,11:28:45,5.44,0.0,3,1632,卖盘
646,11:28:48,5.44,0.0,39,21216,卖盘
647,11:29:09,5.44,0.0,6,3264,卖盘
648,11:29:24,5.44,0.0,3,1632,卖盘
649,11:29:27,5.44,0.0,1,544,买盘
650,11:29:30,5.44,0.0,1,544,买盘
651,11:29:33,5.44,0.0,1,544,买盘
652,11:29:36,5.44,0.0,1,544,买盘
653,11:29:39,5.44,0.0,1,544,买盘
654,11:29:42,5.44,0.0,1,544,买盘
655,11:29:45,5.44,0.0,17,9248,买盘
656,13:00:04,5.45,0.01,368,200562,买盘
657,13:00:07,5.45,0.0,7,3815,卖盘
658,13:00:10,5.46,0.01,6,3276,买盘
659,13:00:12,5.45,-0.01,20,10900,卖盘
660,13:00:57,5.45,0.0,562,306290,卖盘
661,13:01:09,5.45,0.0,40,21800,买盘
662,13:01:12,5.44,-0.01,25,13600,卖盘
663,13:01:19,5.44,0.0,10,5440,卖盘
664,13:01:24,5.44,0.0,10,5440,卖盘
665,13:01:27,5.44,0.0,25,13600,卖盘
666,13:01:33,5.44,0.0,10,5440,卖盘
667,13:01:48,5.44,0.0,37,20128,卖盘
668,13:01:57,5.44,0.0,13,7072,卖盘
669,13:02:22,5.44,0.0,16,8704,卖盘
670,13:02:30,5.44,0.0,14,7616,卖盘
671,13:02:45,5.44,0.0,406,220864,卖盘
672,13:02:57,5.43,-0.01,2,1086,卖盘
673,13:03:09,5.43,0.0,53,28779,卖盘
674,13:03:51,5.43,0.0,20,10860,买盘
675,13:03:54,5.42,-0.01,11,5962,卖盘
676,13:05:03,5.42,0.0,20,10840,卖盘
677,13:05:09,5.42,0.0,30,16260,卖盘
678,13:05:27,5.42,0.0,5,2710,卖盘
679,13:05:30,5.43,0.01,30,16290,买盘
680,13:05:45,5.42,-0.01,104,56368,卖盘
681,13:05:48,5.42,0.0,60,32520,买盘
682,13:06:00,5.41,-0.01,77,41657,卖盘
683,13:07:07,5.41,0.0,20,10820,卖盘
684,13:07:15,5.4,-0.01,9,4860,卖盘
685,13:07:42,5.4,0.0,65,35100,卖盘
686,13:08:06,5.41,0.01,138,74658,买盘
687,13:08:25,5.42,0.01,80,43360,买盘
688,13:08:36,5.42,0.0,1,542,卖盘
689,13:09:24,5.42,0.0,10,5420,卖盘
690,13:09:48,5.42,0.0,10,5420,卖盘
691,13:10:03,5.42,0.0,15,8130,卖盘
692,13:10:21,5.42,0.0,180,97560,卖盘
693,13:10:27,5.43,0.01,170,92310,买盘
694,13:11:09,5.44,0.01,92,50048,买盘
695,13:11:30,5.45,0.01,1,545,买盘
696,13:11:36,5.44,-0.01,10,5440,卖盘
697,13:11:39,5.45,0.01,77,41955,买盘
698,13:11:54,5.44,-0.01,25,13600,卖盘
699,13:12:19,5.44,0.0,10,5440,卖盘
700,13:12:21,5.44,0.0,9,4896,卖盘
701,13:12:39,5.44,0.0,38,20672,卖盘
702,13:12:49,5.44,0.0,2,1088,买盘
703,13:12:57,5.43,-0.01,200,108600,卖盘
704,13:13:12,5.43,0.0,158,85794,卖盘
705,13:13:22,5.43,0.0,72,39096,卖盘
706,13:13:51,5.42,-0.01,12,6504,卖盘
707,13:14:00,5.42,0.0,2,1084,买盘
708,13:14:15,5.42,0.0,2,1084,买盘
709,13:14:18,5.42,0.0,2,1084,买盘
710,13:14:21,5.42,0.0,2,1084,买盘
711,13:14:30,5.41,-0.01,17,9197,卖盘
712,13:14:42,5.41,0.0,23,12443,卖盘
713,13:14:45,5.42,0.01,37,20054,买盘
714,13:15:07,5.42,0.0,33,17886,买盘
715,13:15:36,5.43,0.01,9,4887,买盘
716,13:15:39,5.43,0.0,100,54300,买盘
717,13:16:03,5.43,0.0,37,20091,买盘
718,13:16:09,5.42,-0.01,53,28759,卖盘
719,13:16:19,5.43,0.01,29,15747,买盘
720,13:16:45,5.43,0.0,2,1086,卖盘
721,13:17:00,5.43,0.0,2,1086,卖盘
722,13:17:37,5.43,0.0,2,1086,卖盘
723,13:18:04,5.43,0.0,3,1629,卖盘
724,13:18:24,5.43,0.0,5,2715,卖盘
725,13:18:27,5.43,0.0,20,10860,卖盘
726,13:18:39,5.43,0.0,20,10860,卖盘
727,13:19:00,5.43,0.0,105,57015,卖盘
728,13:19:18,5.43,0.0,11,5973,买盘
729,13:19:24,5.42,-0.01,38,20596,卖盘
730,13:19:33,5.42,0.0,5,2710,卖盘
731,13:19:54,5.42,0.0,1,542,卖盘
732,13:20:04,5.43,0.01,40,21720,买盘
733,13:20:15,5.42,-0.01,131,71002,卖盘
734,13:20:27,5.42,0.0,10,5420,卖盘
735,13:20:36,5.42,0.0,61,33062,卖盘
736,13:20:42,5.43,0.01,155,84165,买盘
737,13:20:45,5.43,0.0,1,543,买盘
738,13:20:48,5.43,0.0,1,543,买盘
739,13:20:51,5.43,0.0,1,543,买盘
740,13:20:54,5.43,0.0,21,11383,买盘
741,13:21:04,5.43,0.0,40,21720,买盘
742,13:21:06,5.43,0.0,2,1086,买盘
743,13:21:10,5.43,0.0,11,5973,买盘
744,13:21:13,5.42,-0.01,42,22765,卖盘
745,13:21:18,5.42,0.0,49,26559,卖盘
746,13:21:33,5.43,0.01,6,3258,买盘
747,13:22:09,5.43,0.0,3,1629,买盘
748,13:22:24,5.42,-0.01,27,14637,卖盘
749,13:23:12,5.43,0.01,19,10317,买盘
750,13:23:45,5.43,0.0,281,152583,卖盘
751,13:23:54,5.43,0.0,4,2172,买盘
752,13:24:15,5.44,0.01,10,5440,买盘
753,13:24:31,5.44,0.0,41,22304,买盘
754,13:24:34,5.44,0.0,34,18496,卖盘
755,13:24:42,5.44,0.0,50,27200,卖盘
756,13:24:45,5.44,0.0,25,13600,卖盘
757,13:24:57,5.45,0.01,118,64310,买盘
758,13:25:15,5.45,0.0,98,53410,卖盘
759,13:25:42,5.45,0.0,1,545,买盘
760,13:26:36,5.44,-0.01,10,5440,卖盘
761,13:26:55,5.44,0.0,5,2720,卖盘
762,13:27:39,5.45,0.01,82,44690,买盘
763,13:27:54,5.46,0.01,100,54600,买盘
764,13:28:24,5.46,0.0,21,11466,买盘
765,13:28:33,5.47,0.01,104,56888,买盘
766,13:28:45,5.5,0.03,1000,548772,买盘
767,13:28:48,5.47,-0.03,16,8752,卖盘
768,13:28:51,5.5,0.03,195,107250,买盘
769,13:28:54,5.5,0.0,24,13200,买盘
770,13:29:04,5.5,0.0,16,8800,卖盘
771,13:29:09,5.51,0.01,3,1653,买盘
772,13:29:12,5.51,0.0,52,28652,买盘
773,13:29:18,5.52,0.01,1,552,买盘
774,13:29:21,5.52,0.0,25,13800,买盘
775,13:29:24,5.52,0.0,1,552,卖盘
776,13:29:27,5.52,0.0,54,29808,卖盘
777,13:29:30,5.51,-0.01,70,38584,卖盘
778,13:29:33,5.52,0.01,298,164624,买盘
779,13:29:36,5.52,0.0,95,52444,卖盘
780,13:29:39,5.53,0.01,46,25427,买盘
781,13:29:45,5.54,0.01,108,59813,买盘
782,13:29:48,5.54,0.0,159,88086,卖盘
783,13:29:51,5.55,0.01,210,116418,买盘
784,13:29:54,5.54,-0.01,4,2216,卖盘
785,13:29:57,5.55,0.01,116,64376,买盘
786,13:30:04,5.54,-0.01,94,52027,卖盘
787,13:30:06,5.54,0.0,158,87556,买盘
788,13:30:09,5.54,0.0,71,39334,买盘
789,13:30:12,5.54,0.0,3,1662,卖盘
790,13:30:16,5.54,0.0,3,1662,买盘
791,13:30:24,5.54,0.0,23,12732,买盘
792,13:30:30,5.55,0.01,601,333096,买盘
793,13:30:37,5.51,-0.04,10,5510,卖盘
794,13:30:39,5.53,0.02,3,1659,买盘
795,13:30:42,5.53,0.0,28,15458,买盘
796,13:30:45,5.53,0.0,1,553,买盘
797,13:30:48,5.53,0.0,10,5530,买盘
798,13:30:51,5.52,-0.01,4,2208,卖盘
799,13:30:54,5.53,0.01,30,16585,买盘
800,13:30:57,5.54,0.01,13,7199,买盘
801,13:31:00,5.53,-0.01,6,3318,卖盘
802,13:31:04,5.53,0.0,30,16590,卖盘
803,13:31:06,5.52,-0.01,8,4416,卖盘
804,13:31:09,5.52,0.0,18,9936,卖盘
805,13:31:12,5.52,0.0,10,5520,卖盘
806,13:31:15,5.52,0.0,9,4968,卖盘
807,13:31:18,5.53,0.01,208,115016,买盘
808,13:31:21,5.52,-0.01,20,11040,卖盘
809,13:31:24,5.52,0.0,16,8847,卖盘
810,13:31:31,5.53,0.01,170,94010,卖盘
811,13:31:33,5.52,-0.01,1,552,卖盘
812,13:31:36,5.52,0.0,9,4968,卖盘
813,13:31:39,5.52,0.0,77,42504,卖盘
814,13:31:45,5.53,0.01,2,1106,买盘
815,13:31:57,5.51,-0.02,20,11020,卖盘
816,13:32:06,5.53,0.02,29,16031,买盘
817,13:32:09,5.53,0.0,249,137697,买盘
818,13:32:15,5.54,0.01,50,27700,买盘
819,13:32:18,5.54,0.0,124,68696,买盘
820,13:32:21,5.54,0.0,140,77560,买盘
821,13:32:24,5.54,0.0,20,11080,卖盘
822,13:32:33,5.55,0.01,88,48840,买盘
823,13:32:37,5.54,-0.01,114,63256,卖盘
824,13:32:40,5.55,0.01,10,5550,买盘
825,13:32:48,5.55,0.0,3,1665,买盘
826,13:32:57,5.56,0.01,16,8896,买盘
827,13:33:00,5.56,0.0,93,51621,买盘
828,13:33:04,5.55,-0.01,14,7774,卖盘
829,13:33:06,5.56,0.01,124,68900,买盘
830,13:33:09,5.55,-0.01,1,555,中性盘
831,13:33:12,5.55,0.0,36,19980,买盘
832,13:33:18,5.55,0.0,11,6105,买盘
833,13:33:24,5.55,0.0,32,17760,买盘
834,13:33:27,5.55,0.0,72,39960,买盘
835,13:33:33,5.55,0.0,54,29912,中性盘
836,13:33:36,5.55,0.0,69,38343,卖盘
837,13:33:42,5.55,0.0,29,16116,卖盘
838,13:33:45,5.55,0.0,12,6660,卖盘
839,13:34:00,5.55,0.0,5,2775,买盘
840,13:34:06,5.54,-0.01,2,1108,卖盘
841,13:34:12,5.55,0.01,51,28302,买盘
842,13:34:18,5.54,-0.01,64,35456,买盘
843,13:34:27,5.55,0.01,109,60457,买盘
844,13:34:54,5.54,-0.01,24,13296,卖盘
845,13:34:57,5.55,0.01,4,2220,买盘
846,13:35:06,5.54,-0.01,10,5540,卖盘
847,13:35:15,5.55,0.01,5,2775,买盘
848,13:35:18,5.53,-0.02,386,213756,卖盘
849,13:35:39,5.53,0.0,21,11613,卖盘
850,13:35:42,5.54,0.01,8,4432,买盘
851,13:36:04,5.53,-0.01,30,16596,卖盘
852,13:36:06,5.52,-0.01,47,25967,卖盘
853,13:36:15,5.51,-0.01,5,2755,卖盘
854,13:36:18,5.52,0.01,20,11040,买盘
855,13:36:21,5.53,0.01,137,75643,买盘
856,13:36:24,5.53,0.0,18,9954,卖盘
857,13:36:48,5.53,0.0,208,115024,卖盘
858,13:36:57,5.53,0.0,38,21174,卖盘
859,13:37:00,5.53,0.0,6,3158,卖盘
860,13:37:06,5.53,0.0,1,553,买盘
861,13:37:12,5.53,0.0,17,9391,买盘
862,13:37:27,5.52,-0.01,6,3312,卖盘
863,13:37:39,5.52,0.0,40,22080,卖盘
864,13:37:42,5.52,0.0,12,6624,买盘
865,13:38:09,5.52,0.0,10,5520,卖盘
866,13:38:12,5.52,0.0,20,11040,卖盘
867,13:38:15,5.52,0.0,1,552,卖盘
868,13:39:09,5.51,-0.01,20,11020,卖盘
869,13:39:21,5.51,0.0,57,31407,卖盘
870,13:39:36,5.51,0.0,37,20387,卖盘
871,13:39:45,5.51,0.0,1,551,卖盘
872,13:39:48,5.5,-0.01,200,110166,卖盘
873,13:40:03,5.5,0.0,4,2200,卖盘
874,13:40:10,5.5,0.0,1,550,卖盘
875,13:40:27,5.5,0.0,10,5500,卖盘
876,13:40:33,5.5,0.0,10,5500,卖盘
877,13:40:49,5.5,0.0,15,8250,卖盘
878,13:40:55,5.5,0.0,10,5500,卖盘
879,13:41:18,5.5,0.0,50,27500,买盘
880,13:41:21,5.5,0.0,10,5500,卖盘
881,13:41:42,5.53,0.03,500,275914,买盘
882,13:41:48,5.53,0.0,1,553,买盘
883,13:42:06,5.53,0.0,10,5530,买盘
884,13:42:09,5.53,0.0,55,30415,买盘
885,13:42:21,5.54,0.01,494,273830,买盘
886,13:42:36,5.54,0.0,67,37174,卖盘
887,13:42:39,5.54,0.0,108,59685,卖盘
888,13:42:48,5.53,-0.01,6,3478,买盘
889,13:43:00,5.53,0.0,5,2765,卖盘
890,13:43:16,5.53,0.0,9,4817,卖盘
891,13:43:36,5.53,0.0,10,5530,买盘
892,13:43:51,5.52,-0.01,10,5525,卖盘
893,13:43:54,5.52,0.0,8,4416,卖盘
894,13:44:06,5.52,0.0,16,8832,卖盘
895,13:44:15,5.52,0.0,12,6624,卖盘
896,13:44:21,5.53,0.01,5,2765,买盘
897,13:44:24,5.52,-0.01,3,1656,卖盘
898,13:44:36,5.52,0.0,2,1104,卖盘
899,13:44:48,5.52,0.0,20,11040,卖盘
900,13:44:51,5.52,0.0,25,13800,卖盘
901,13:44:54,5.52,0.0,5,2760,卖盘
902,13:45:01,5.52,0.0,10,5520,卖盘
903,13:45:43,5.52,0.0,10,5520,卖盘
904,13:46:07,5.52,0.0,1,552,卖盘
905,13:46:10,5.51,-0.01,59,32509,卖盘
906,13:46:18,5.51,0.0,40,22040,卖盘
907,13:46:28,5.52,0.01,60,33120,买盘
908,13:46:31,5.52,0.0,1,552,买盘
909,13:46:33,5.52,0.0,3,1656,买盘
910,13:46:36,5.52,0.0,2,1104,买盘
911,13:46:39,5.52,0.0,3,1656,买盘
912,13:46:42,5.52,0.0,3,1656,买盘
913,13:46:45,5.51,-0.01,22,12125,卖盘
914,13:46:51,5.51,0.0,41,22592,卖盘
915,13:46:54,5.52,0.01,1,552,买盘
916,13:46:57,5.52,0.0,1,552,买盘
917,13:47:00,5.52,0.0,21,11592,买盘
918,13:47:03,5.52,0.0,3,1656,卖盘
919,13:47:33,5.53,0.01,62,34284,买盘
920,13:47:45,5.54,0.01,10,5540,买盘
921,13:47:51,5.54,0.0,12,6648,买盘
922,13:48:00,5.54,0.0,29,16066,买盘
923,13:48:06,5.54,0.0,9,4986,买盘
924,13:48:15,5.54,0.0,58,32132,买盘
925,13:48:21,5.55,0.01,30,16650,买盘
926,13:48:24,5.54,-0.01,14,7756,卖盘
927,13:48:27,5.54,0.0,12,6658,卖盘
928,13:48:30,5.55,0.01,89,49395,买盘
929,13:48:33,5.55,0.0,14,7770,买盘
930,13:48:39,5.55,0.0,61,33855,买盘
931,13:48:42,5.55,0.0,111,61605,买盘
932,13:48:45,5.55,0.0,1,555,卖盘
933,13:48:48,5.56,0.01,10,5560,买盘
934,13:48:51,5.56,0.0,12,6672,买盘
935,13:48:54,5.56,0.0,150,83400,买盘
936,13:48:57,5.56,0.0,106,58936,买盘
937,13:49:00,5.56,0.0,20,11120,买盘
938,13:49:04,5.56,0.0,81,45036,买盘
939,13:49:07,5.57,0.01,100,55700,买盘
940,13:49:12,5.56,-0.01,24,13344,卖盘
941,13:49:15,5.57,0.01,162,90234,买盘
942,13:49:24,5.58,0.01,124,69078,买盘
943,13:49:27,5.58,0.0,21,11718,买盘
944,13:49:30,5.58,0.0,430,239940,买盘
945,13:49:33,5.59,0.01,55,30745,买盘
946,13:49:36,5.59,0.0,342,191177,买盘
947,13:49:39,5.59,0.0,304,169936,买盘
948,13:49:42,5.59,0.0,226,126334,买盘
949,13:49:45,5.6,0.01,40,22400,买盘
950,13:49:48,5.6,0.0,26,14560,买盘
951,13:49:51,5.59,-0.01,229,128235,卖盘
952,13:49:54,5.6,0.01,126,70510,买盘
953,13:49:57,5.6,0.0,625,349970,买盘
954,13:50:00,5.61,0.01,55,30853,买盘
955,13:50:03,5.62,0.01,20,11225,买盘
956,13:50:07,5.64,0.02,196,110330,买盘
957,13:50:09,5.65,0.01,9,5080,买盘
958,13:50:12,5.65,0.0,7,3955,买盘
959,13:50:16,5.65,0.0,52,29380,买盘
960,13:50:18,5.65,0.0,10,5650,买盘
961,13:50:22,5.64,-0.01,28,15792,买盘
962,13:50:25,5.64,0.0,27,15226,买盘
963,13:50:27,5.64,0.0,77,43427,买盘
964,13:50:30,5.63,-0.01,155,87413,卖盘
965,13:50:33,5.63,0.0,241,135283,买盘
966,13:50:36,5.63,0.0,37,20831,买盘
967,13:50:39,5.65,0.02,399,225139,买盘
968,13:50:42,5.65,0.0,74,41717,买盘
969,13:50:45,5.63,-0.02,19,10697,中性盘
970,13:50:48,5.65,0.02,44,24823,买盘
971,13:50:51,5.65,0.0,122,68910,买盘
972,13:50:55,5.65,0.0,157,88720,卖盘
973,13:50:57,5.66,0.01,20,11315,买盘
974,13:51:00,5.66,0.0,220,124333,买盘
975,13:51:04,5.66,0.0,307,173750,买盘
976,13:51:06,5.65,-0.01,124,70144,卖盘
977,13:51:09,5.66,0.01,27,15268,买盘
978,13:51:12,5.64,-0.02,2,1128,卖盘
979,13:51:15,5.63,-0.01,57,32106,卖盘
980,13:51:19,5.61,-0.02,84,47236,卖盘
981,13:51:21,5.61,0.0,43,24234,卖盘
982,13:51:24,5.61,0.0,49,27489,卖盘
983,13:51:27,5.63,0.02,4,2247,买盘
984,13:51:30,5.61,-0.02,3,1683,卖盘
985,13:51:33,5.61,0.0,48,26932,买盘
986,13:51:36,5.6,-0.01,79,44241,卖盘
987,13:51:39,5.6,0.0,110,61600,卖盘
988,13:51:42,5.6,0.0,5,2800,买盘
989,13:51:48,5.6,0.0,75,41900,买盘
990,13:51:51,5.6,0.0,59,33040,买盘
991,13:52:00,5.6,0.0,3,1680,买盘
992,13:52:03,5.61,0.01,129,72242,买盘
993,13:52:09,5.59,-0.02,1,559,卖盘
994,13:52:16,5.6,0.01,1,560,卖盘
995,13:52:18,5.61,0.01,7,3926,买盘
996,13:52:21,5.6,-0.01,1,560,卖盘
997,13:52:24,5.61,0.01,17,9537,买盘
998,13:52:27,5.6,-0.01,250,140097,卖盘
999,13:52:30,5.61,0.01,14,7854,中性盘
1000,13:52:33,5.61,0.0,60,33710,买盘
1001,13:52:36,5.62,0.01,11,6172,买盘
1002,13:52:39,5.61,-0.01,95,53295,卖盘
1003,13:52:42,5.62,0.01,42,23604,买盘
1004,13:52:45,5.62,0.0,4,2248,卖盘
1005,13:52:48,5.6,-0.02,172,96590,卖盘
1006,13:52:51,5.63,0.03,141,79373,买盘
1007,13:52:54,5.62,-0.01,95,53467,卖盘
1008,13:52:57,5.62,0.0,119,66878,卖盘
1009,13:53:00,5.62,0.0,106,59572,卖盘
1010,13:53:03,5.63,0.01,27,15201,买盘
1011,13:53:06,5.63,0.0,171,96293,卖盘
1012,13:53:09,5.64,0.01,176,99128,买盘
1013,13:53:12,5.64,0.0,60,33807,买盘
1014,13:53:15,5.64,0.0,192,108209,买盘
1015,13:53:18,5.64,0.0,181,102084,卖盘
1016,13:53:21,5.64,0.0,245,138180,卖盘
1017,13:53:24,5.64,0.0,40,22560,卖盘
1018,13:53:27,5.64,0.0,10,5640,卖盘
1019,13:53:30,5.64,0.0,20,11288,卖盘
1020,13:53:33,5.64,0.0,100,56405,卖盘
1021,13:53:36,5.64,0.0,27,15228,买盘
1022,13:53:39,5.63,-0.01,19,10697,卖盘
1023,13:53:42,5.63,0.0,29,16328,卖盘
1024,13:53:45,5.63,0.0,26,14638,卖盘
1025,13:53:48,5.64,0.01,1,564,买盘
1026,13:53:51,5.63,-0.01,30,16890,卖盘
1027,13:53:54,5.62,-0.01,10,5625,卖盘
1028,13:54:00,5.62,0.0,22,12364,卖盘
1029,13:54:04,5.6,-0.02,182,102089,卖盘
1030,13:54:06,5.63,0.03,28,15754,买盘
1031,13:54:12,5.63,0.0,3,1688,买盘
1032,13:54:15,5.6,-0.03,13,7286,卖盘
1033,13:54:18,5.62,0.02,1,562,买盘
1034,13:54:21,5.61,-0.01,4,2244,卖盘
1035,13:54:24,5.6,-0.01,132,73923,卖盘
1036,13:54:27,5.6,0.0,5,2800,卖盘
1037,13:54:33,5.6,0.0,21,11760,卖盘
1038,13:54:36,5.6,0.0,19,10640,卖盘
1039,13:54:39,5.6,0.0,20,11200,卖盘
1040,13:54:42,5.6,0.0,150,84000,卖盘
1041,13:54:45,5.6,0.0,86,48160,卖盘
1042,13:54:48,5.6,0.0,10,5600,卖盘
1043,13:54:51,5.6,0.0,273,152880,卖盘
1044,13:54:54,5.6,0.0,19,10640,买盘
1045,13:55:04,5.59,-0.01,57,31863,卖盘
1046,13:55:15,5.58,-0.01,20,11160,卖盘
1047,13:55:18,5.58,0.0,57,31806,卖盘
1048,13:55:21,5.59,0.01,139,77680,买盘
1049,13:55:27,5.59,0.0,6,3354,卖盘
1050,13:55:30,5.59,0.0,15,8385,卖盘
1051,13:55:33,5.59,0.0,2,1118,卖盘
1052,13:55:48,5.59,0.0,2,1118,卖盘
1053,13:55:54,5.6,0.01,332,185903,买盘
1054,13:55:57,5.6,0.0,20,11210,卖盘
1055,13:56:04,5.61,0.01,50,28020,买盘
1056,13:56:06,5.6,-0.01,34,19040,卖盘
1057,13:56:12,5.61,0.01,15,8415,买盘
1058,13:56:18,5.6,-0.01,130,72810,卖盘
1059,13:56:27,5.6,0.0,10,5600,买盘
1060,13:56:33,5.59,-0.01,11,6149,卖盘
1061,13:56:46,5.59,0.0,13,7268,卖盘
1062,13:56:49,5.59,0.0,22,12298,卖盘
1063,13:56:54,5.6,0.01,17,9511,买盘
1064,13:57:12,5.58,-0.02,1,558,卖盘
1065,13:57:15,5.58,0.0,10,5580,卖盘
1066,13:57:18,5.59,0.01,28,15652,买盘
1067,13:57:21,5.59,0.0,5,2795,卖盘
1068,13:57:24,5.58,-0.01,32,17863,卖盘
1069,13:57:27,5.58,0.0,10,5580,卖盘
1070,13:57:48,5.58,0.0,163,91066,卖盘
1071,13:57:51,5.58,0.0,1,558,买盘
1072,13:57:54,5.58,0.0,4,2232,买盘
1073,13:58:06,5.58,0.0,21,11718,买盘
1074,13:58:09,5.56,-0.02,104,57858,卖盘
1075,13:58:12,5.56,0.0,41,22796,买盘
1076,13:58:27,5.56,0.0,20,11120,卖盘
1077,13:58:30,5.56,0.0,1,556,卖盘
1078,13:58:36,5.58,0.02,109,60816,买盘
1079,13:58:48,5.58,0.0,6,3348,买盘
1080,13:59:04,5.58,0.0,48,26784,卖盘
1081,13:59:06,5.58,0.0,30,16740,买盘
1082,13:59:09,5.59,0.01,32,17866,买盘
1083,13:59:18,5.57,-0.02,41,22868,卖盘
1084,13:59:21,5.57,0.0,59,32863,买盘
1085,13:59:24,5.58,0.01,19,10602,买盘
1086,13:59:33,5.58,0.0,11,6138,买盘
1087,13:59:39,5.59,0.01,47,26273,买盘
1088,13:59:52,5.58,-0.01,91,50778,卖盘
1089,13:59:54,5.58,0.0,116,64728,卖盘
1090,13:59:57,5.58,0.0,7,3906,卖盘
1091,14:00:10,5.57,-0.01,286,159302,卖盘
1092,14:00:16,5.56,-0.01,12,6672,卖盘
1093,14:00:19,5.56,0.0,12,6672,买盘
1094,14:00:21,5.56,0.0,26,14456,买盘
1095,14:00:24,5.56,0.0,1,556,买盘
1096,14:00:27,5.56,0.0,8,4448,买盘
1097,14:00:30,5.55,-0.01,130,72152,卖盘
1098,14:00:55,5.55,0.0,112,62180,卖盘
1099,14:01:10,5.54,-0.01,106,58724,卖盘
1100,14:01:30,5.54,0.0,5,2770,买盘
1101,14:01:33,5.52,-0.02,300,165707,卖盘
1102,14:01:39,5.54,0.02,20,11080,买盘
1103,14:01:54,5.54,0.0,71,39334,买盘
1104,14:01:57,5.54,0.0,1,554,买盘
1105,14:02:04,5.53,-0.01,36,19908,卖盘
1106,14:02:09,5.53,0.0,14,7742,买盘
1107,14:02:15,5.53,0.0,15,8295,卖盘
1108,14:02:18,5.53,0.0,8,4424,卖盘
1109,14:02:21,5.53,0.0,30,16590,卖盘
1110,14:02:33,5.54,0.01,32,17728,买盘
1111,14:02:42,5.56,0.02,40,22240,买盘
1112,14:02:48,5.56,0.0,20,11120,买盘
1113,14:03:00,5.57,0.01,25,13925,买盘
1114,14:03:06,5.56,-0.01,40,22240,卖盘
1115,14:03:18,5.56,0.0,14,7784,卖盘
1116,14:03:27,5.57,0.01,121,67397,买盘
1117,14:03:33,5.57,0.0,11,6127,卖盘
1118,14:03:39,5.56,-0.01,22,12232,卖盘
1119,14:03:42,5.56,0.0,119,66134,买盘
1120,14:03:45,5.56,0.0,50,27800,买盘
1121,14:04:00,5.55,-0.01,5,2775,卖盘
1122,14:04:28,5.55,0.0,25,13875,卖盘
1123,14:04:31,5.55,0.0,10,5550,卖盘
1124,14:04:42,5.55,0.0,10,5550,卖盘
1125,14:04:48,5.56,0.01,8,4448,买盘
1126,14:05:01,5.55,-0.01,6,3330,卖盘
1127,14:05:06,5.55,0.0,24,13320,卖盘
1128,14:05:39,5.56,0.01,13,7228,买盘
1129,14:05:42,5.55,-0.01,12,6660,卖盘
1130,14:05:51,5.55,0.0,50,27750,卖盘
1131,14:05:54,5.56,0.01,3,1668,买盘
1132,14:05:57,5.55,-0.01,10,5550,卖盘
1133,14:06:04,5.55,0.0,20,11100,卖盘
1134,14:06:15,5.55,0.0,20,11100,卖盘
1135,14:06:31,5.56,0.01,388,215728,买盘
1136,14:06:42,5.56,0.0,30,16700,卖盘
1137,14:06:48,5.56,0.0,4,2226,卖盘
1138,14:06:57,5.57,0.01,6,3342,买盘
1139,14:07:00,5.57,0.0,3,1671,买盘
1140,14:07:06,5.57,0.0,24,13368,买盘
1141,14:07:09,5.57,0.0,14,7798,买盘
1142,14:07:21,5.57,0.0,10,5570,买盘
1143,14:07:33,5.58,0.01,49,27342,买盘
1144,14:07:39,5.58,0.0,5,2790,买盘
1145,14:07:48,5.58,0.0,10,5580,买盘
1146,14:07:51,5.58,0.0,16,8928,买盘
1147,14:07:54,5.58,0.0,103,57474,买盘
1148,14:08:00,5.59,0.01,4,2236,买盘
1149,14:08:12,5.59,0.0,50,27950,买盘
1150,14:08:18,5.59,0.0,108,60372,买盘
1151,14:08:27,5.58,-0.01,14,7812,卖盘
1152,14:08:30,5.58,0.0,22,12276,卖盘
1153,14:08:33,5.59,0.01,22,12298,买盘
1154,14:08:40,5.59,0.0,10,5590,买盘
1155,14:08:45,5.58,-0.01,7,3908,卖盘
1156,14:08:54,5.59,0.01,134,74906,买盘
1157,14:09:09,5.59,0.0,14,7826,买盘
1158,14:09:12,5.59,0.0,16,8944,买盘
1159,14:09:22,5.59,0.0,62,34597,买盘
1160,14:09:24,5.59,0.0,8,4472,买盘
1161,14:09:27,5.58,-0.01,143,79794,卖盘
1162,14:09:48,5.58,0.0,10,5580,买盘
1163,14:10:06,5.57,-0.01,45,25075,卖盘
1164,14:10:36,5.57,0.0,88,49016,卖盘
1165,14:10:45,5.57,0.0,4,2228,买盘
1166,14:10:54,5.57,0.0,28,15596,买盘
1167,14:11:00,5.57,0.0,50,27850,卖盘
1168,14:11:09,5.57,0.0,27,15039,卖盘
1169,14:11:15,5.57,0.0,13,7241,买盘
1170,14:11:18,5.56,-0.01,198,110093,卖盘
1171,14:11:21,5.56,0.0,61,33916,买盘
1172,14:11:34,5.58,0.02,13,7254,买盘
1173,14:11:39,5.57,-0.01,38,21166,卖盘
1174,14:11:48,5.56,-0.01,20,11132,卖盘
1175,14:12:04,5.58,0.02,6,3348,买盘
1176,14:12:48,5.58,0.0,13,7254,买盘
1177,14:13:15,5.58,0.0,2,1116,买盘
1178,14:13:36,5.58,0.0,23,12834,买盘
1179,14:13:51,5.58,0.0,2,1116,买盘
1180,14:14:06,5.58,0.0,306,170728,买盘
1181,14:14:30,5.57,-0.01,15,8355,卖盘
1182,14:15:21,5.57,0.0,5,2785,卖盘
1183,14:15:31,5.57,0.0,40,22280,卖盘
1184,14:15:36,5.57,0.0,20,11140,卖盘
1185,14:15:57,5.57,0.0,4,2228,卖盘
1186,14:16:09,5.57,0.0,8,4456,买盘
1187,14:16:30,5.57,0.0,8,4456,买盘
1188,14:16:42,5.58,0.01,12,6696,买盘
1189,14:16:48,5.58,0.0,22,12276,买盘
1190,14:16:51,5.58,0.0,1,558,买盘
1191,14:17:15,5.57,-0.01,1,557,卖盘
1192,14:17:18,5.57,0.0,100,55700,卖盘
1193,14:17:33,5.57,0.0,5,2785,卖盘
1194,14:17:45,5.57,0.0,20,11140,卖盘
1195,14:18:06,5.57,0.0,75,41775,卖盘
1196,14:18:24,5.57,0.0,20,11140,卖盘
1197,14:18:45,5.58,0.01,1,558,买盘
1198,14:18:51,5.57,-0.01,2,1114,卖盘
1199,14:19:21,5.57,0.0,15,8355,卖盘
1200,14:19:48,5.58,0.01,50,27900,买盘
1201,14:20:04,5.59,0.01,813,454146,买盘
1202,14:20:15,5.6,0.01,20,11200,买盘
1203,14:20:21,5.6,0.0,10,5600,买盘
1204,14:20:33,5.59,-0.01,14,7826,卖盘
1205,14:20:40,5.6,0.01,18,10080,买盘
1206,14:20:42,5.6,0.0,192,107520,买盘
1207,14:20:54,5.6,0.0,4,2240,卖盘
1208,14:20:57,5.6,0.0,1,560,卖盘
1209,14:21:09,5.61,0.01,10,5610,买盘
1210,14:21:12,5.6,-0.01,49,27486,卖盘
1211,14:21:19,5.61,0.01,18,10098,买盘
1212,14:21:25,5.61,0.0,36,20196,买盘
1213,14:21:27,5.61,0.0,35,19635,买盘
1214,14:21:30,5.61,0.0,46,25797,买盘
1215,14:21:39,5.61,0.0,10,5610,买盘
1216,14:21:42,5.6,-0.01,216,120960,卖盘
1217,14:21:45,5.6,0.0,72,40320,买盘
1218,14:21:51,5.6,0.0,100,56000,买盘
1219,14:21:57,5.6,0.0,12,6710,买盘
1220,14:22:00,5.6,0.0,20,11200,买盘
1221,14:22:09,5.58,-0.02,2,1116,卖盘
1222,14:22:18,5.6,0.02,17,9520,买盘
1223,14:22:27,5.6,0.0,40,22400,买盘
1224,14:22:54,5.59,-0.01,41,22919,卖盘
1225,14:22:57,5.6,0.01,270,151141,买盘
1226,14:23:03,5.59,-0.01,1,559,卖盘
1227,14:23:06,5.6,0.01,1,560,买盘
1228,14:23:10,5.6,0.0,76,42560,买盘
1229,14:23:16,5.6,0.0,11,6160,卖盘
1230,14:23:19,5.6,0.0,20,11200,卖盘
1231,14:23:28,5.59,-0.01,6,3354,卖盘
1232,14:23:30,5.6,0.01,103,57680,买盘
1233,14:23:39,5.59,-0.01,20,11180,卖盘
1234,14:23:48,5.59,0.0,1,559,卖盘
1235,14:23:51,5.58,-0.01,12,6698,卖盘
1236,14:23:54,5.59,0.01,20,11180,买盘
1237,14:24:04,5.58,-0.01,142,79237,卖盘
1238,14:24:10,5.59,0.01,5,2795,买盘
1239,14:24:15,5.59,0.0,9,5031,买盘
1240,14:24:27,5.58,-0.01,9,5022,卖盘
1241,14:24:36,5.59,0.01,33,18447,买盘
1242,14:24:40,5.59,0.0,2,1118,买盘
1243,14:25:18,5.59,0.0,14,7826,买盘
1244,14:25:27,5.58,-0.01,78,43524,卖盘
1245,14:26:04,5.58,0.0,27,15066,卖盘
1246,14:26:09,5.58,0.0,26,14508,卖盘
1247,14:26:12,5.58,0.0,9,5022,买盘
1248,14:26:19,5.58,0.0,16,8928,买盘
1249,14:26:25,5.58,0.0,10,5580,卖盘
1250,14:26:30,5.58,0.0,10,5580,卖盘
1251,14:26:42,5.58,0.0,7,3906,买盘
1252,14:27:18,5.58,0.0,1,558,买盘
1253,14:27:45,5.57,-0.01,61,33977,卖盘
1254,14:28:00,5.58,0.01,20,11160,买盘
1255,14:28:30,5.58,0.0,18,10044,买盘
1256,14:28:33,5.58,0.0,15,8370,买盘
1257,14:28:39,5.57,-0.01,27,15039,卖盘
1258,14:28:48,5.57,0.0,112,62384,卖盘
1259,14:29:00,5.57,0.0,206,114742,卖盘
1260,14:29:15,5.57,0.0,7,3899,卖盘
1261,14:29:18,5.57,0.0,172,95804,卖盘
1262,14:29:30,5.56,-0.01,121,67276,卖盘
1263,14:29:36,5.56,0.0,23,12788,买盘
1264,14:29:51,5.55,-0.01,12,6660,卖盘
1265,14:29:54,5.55,0.0,16,8880,卖盘
1266,14:29:57,5.55,0.0,172,95460,卖盘
1267,14:30:04,5.54,-0.01,9,4986,卖盘
1268,14:30:09,5.54,0.0,186,103044,卖盘
1269,14:30:12,5.54,0.0,15,8310,卖盘
1270,14:30:18,5.53,-0.01,61,33733,卖盘
1271,14:30:24,5.53,0.0,6,3318,买盘
1272,14:30:36,5.52,-0.01,250,138000,卖盘
1273,14:30:39,5.52,0.0,10,5520,卖盘
1274,14:30:48,5.52,0.0,200,110400,卖盘
1275,14:30:54,5.52,0.0,10,5520,卖盘
1276,14:31:04,5.51,-0.01,408,224956,卖盘
1277,14:31:10,5.52,0.01,5,2760,买盘
1278,14:31:12,5.52,0.0,311,171134,买盘
1279,14:31:21,5.52,0.0,3,1656,买盘
1280,14:31:30,5.52,0.0,44,24288,买盘
1281,14:31:33,5.52,0.0,2,1104,买盘
1282,14:31:42,5.53,0.01,10,5530,买盘
1283,14:31:45,5.52,-0.01,4,2208,卖盘
1284,14:31:48,5.52,0.0,16,8832,卖盘
1285,14:31:51,5.52,0.0,1,552,卖盘
1286,14:32:00,5.52,0.0,48,26496,卖盘
1287,14:32:06,5.53,0.01,49,27097,买盘
1288,14:32:09,5.52,-0.01,134,73968,卖盘
1289,14:32:18,5.52,0.0,2,1104,卖盘
1290,14:32:22,5.53,0.01,1,553,买盘
1291,14:32:27,5.53,0.0,258,142674,买盘
1292,14:32:33,5.53,0.0,106,58618,买盘
1293,14:32:36,5.52,-0.01,20,11050,卖盘
1294,14:32:45,5.54,0.02,35,19390,买盘
1295,14:32:54,5.54,0.0,19,10526,卖盘
1296,14:33:04,5.54,0.0,300,166200,买盘
1297,14:33:06,5.53,-0.01,18,9954,卖盘
1298,14:33:09,5.54,0.01,78,43212,买盘
1299,14:33:33,5.53,-0.01,20,11060,卖盘
1300,14:33:36,5.54,0.01,22,12188,买盘
1301,14:33:39,5.54,0.0,7,3878,买盘
1302,14:33:57,5.54,0.0,83,45992,卖盘
1303,14:34:06,5.53,-0.01,41,22673,卖盘
1304,14:34:12,5.53,0.0,20,11060,卖盘
1305,14:34:36,5.54,0.01,56,31018,买盘
1306,14:34:51,5.54,0.0,101,55954,买盘
1307,14:35:00,5.54,0.0,11,6094,买盘
1308,14:35:04,5.54,0.0,400,221600,买盘
1309,14:35:09,5.54,0.0,33,18282,买盘
1310,14:35:21,5.53,-0.01,132,73110,卖盘
1311,14:35:36,5.55,0.02,56,31039,买盘
1312,14:35:42,5.54,-0.01,49,27146,卖盘
1313,14:35:45,5.54,0.0,4,2216,买盘
1314,14:35:48,5.53,-0.01,545,301385,卖盘
1315,14:35:51,5.52,-0.01,20,11040,卖盘
1316,14:35:54,5.54,0.02,32,17728,买盘
1317,14:36:06,5.53,-0.01,15,8295,卖盘
1318,14:36:18,5.54,0.01,30,16620,买盘
1319,14:36:27,5.53,-0.01,15,8300,卖盘
1320,14:36:36,5.53,0.0,100,55300,卖盘
1321,14:36:39,5.53,0.0,10,5530,卖盘
1322,14:36:51,5.53,0.0,15,8295,卖盘
1323,14:36:57,5.53,0.0,183,101199,卖盘
1324,14:37:07,5.53,0.0,6,3318,卖盘
1325,14:37:09,5.53,0.0,10,5530,卖盘
1326,14:37:15,5.53,0.0,22,12166,卖盘
1327,14:37:18,5.53,0.0,65,35945,卖盘
1328,14:37:27,5.54,0.01,5,2770,买盘
1329,14:37:39,5.53,-0.01,23,12732,卖盘
1330,14:37:57,5.54,0.01,26,14404,买盘
1331,14:38:07,5.55,0.01,14,7770,买盘
1332,14:38:21,5.55,0.0,165,91575,买盘
1333,14:38:39,5.55,0.0,10,5550,卖盘
1334,14:38:46,5.56,0.01,40,22240,买盘
1335,14:38:52,5.55,-0.01,182,101010,卖盘
1336,14:39:21,5.55,0.0,6,3330,买盘
1337,14:39:24,5.55,0.0,200,111000,卖盘
1338,14:39:27,5.55,0.0,21,11655,卖盘
1339,14:39:39,5.55,0.0,50,27750,卖盘
1340,14:39:54,5.55,0.0,43,23865,卖盘
1341,14:40:12,5.56,0.01,8,4448,买盘
1342,14:40:18,5.55,-0.01,5,2775,卖盘
1343,14:40:39,5.55,0.0,10,5550,卖盘
1344,14:40:42,5.56,0.01,216,120096,买盘
1345,14:40:45,5.56,0.0,370,205720,买盘
1346,14:40:51,5.56,0.0,300,166800,买盘
1347,14:40:54,5.56,0.0,28,15568,买盘
1348,14:41:09,5.56,0.0,10,5560,买盘
1349,14:41:12,5.56,0.0,19,10564,买盘
1350,14:41:18,5.55,-0.01,30,16650,卖盘
1351,14:41:24,5.56,0.01,674,374744,买盘
1352,14:41:33,5.57,0.01,60,33420,买盘
1353,14:41:39,5.58,0.01,328,182773,买盘
1354,14:41:45,5.56,-0.02,240,133510,卖盘
1355,14:41:54,5.57,0.01,10,5570,卖盘
1356,14:42:15,5.57,0.0,76,42332,卖盘
1357,14:42:24,5.57,0.0,10,5570,卖盘
1358,14:42:27,5.57,0.0,27,15039,卖盘
1359,14:42:33,5.57,0.0,11,6127,卖盘
1360,14:42:39,5.57,0.0,217,120869,卖盘
1361,14:42:54,5.57,0.0,31,17267,卖盘
1362,14:42:57,5.57,0.0,38,21166,卖盘
1363,14:43:15,5.57,0.0,50,27850,买盘
1364,14:43:24,5.57,0.0,57,31703,买盘
1365,14:43:39,5.57,0.0,1,557,买盘
1366,14:43:51,5.56,-0.01,54,30024,卖盘
1367,14:43:54,5.56,0.0,161,89516,卖盘
1368,14:43:57,5.56,0.0,50,27800,买盘
1369,14:44:04,5.56,0.0,42,23330,买盘
1370,14:44:06,5.56,0.0,56,31136,买盘
1371,14:44:18,5.56,0.0,24,13344,卖盘
1372,14:44:36,5.55,-0.01,88,48840,卖盘
1373,14:44:54,5.55,0.0,290,160959,卖盘
1374,14:45:09,5.55,0.0,10,5550,买盘
1375,14:45:12,5.55,0.0,100,55500,买盘
1376,14:45:21,5.55,0.0,100,55500,买盘
1377,14:45:30,5.55,0.0,22,12210,买盘
1378,14:45:33,5.55,0.0,69,38295,卖盘
1379,14:45:39,5.55,0.0,85,47175,买盘
1380,14:45:51,5.54,-0.01,20,11080,卖盘
1381,14:46:16,5.54,0.0,40,22160,卖盘
1382,14:46:18,5.54,0.0,32,17728,卖盘
1383,14:46:33,5.54,0.0,5,2770,卖盘
1384,14:46:43,5.54,0.0,4,2216,卖盘
1385,14:46:51,5.55,0.01,15,8325,卖盘
1386,14:46:54,5.55,0.0,5,2775,买盘
1387,14:46:57,5.55,0.0,48,26640,卖盘
1388,14:47:00,5.55,0.0,12,6660,卖盘
1389,14:47:04,5.55,0.0,13,7215,卖盘
1390,14:47:06,5.55,0.0,120,66600,卖盘
1391,14:47:09,5.55,0.0,20,11100,买盘
1392,14:47:18,5.55,0.0,8,4440,买盘
1393,14:47:33,5.55,0.0,45,24975,买盘
1394,14:47:36,5.55,0.0,71,39405,买盘
1395,14:47:42,5.55,0.0,60,33300,买盘
1396,14:47:48,5.55,0.0,17,9435,买盘
1397,14:47:57,5.55,0.0,15,8320,买盘
1398,14:48:07,5.54,-0.01,10,5540,卖盘
1399,14:48:27,5.55,0.01,288,159840,买盘
1400,14:48:30,5.55,0.0,45,24975,卖盘
1401,14:48:36,5.55,0.0,32,17760,卖盘
1402,14:48:52,5.54,-0.01,12,6650,卖盘
1403,14:48:54,5.54,0.0,18,9972,卖盘
1404,14:49:00,5.54,0.0,200,110800,卖盘
1405,14:49:06,5.54,0.0,100,55400,卖盘
1406,14:49:09,5.54,0.0,60,33240,卖盘
1407,14:49:12,5.54,0.0,234,129636,卖盘
1408,14:49:18,5.54,0.0,4,2216,买盘
1409,14:49:21,5.54,0.0,29,16066,买盘
1410,14:49:24,5.54,0.0,100,55400,买盘
1411,14:49:34,5.54,0.0,3,1662,买盘
1412,14:49:45,5.53,-0.01,37,20461,卖盘
1413,14:49:54,5.51,-0.02,346,190819,卖盘
1414,14:49:57,5.53,0.02,10,5530,卖盘
1415,14:50:15,5.53,0.0,9,4977,卖盘
1416,14:50:27,5.53,0.0,59,32578,买盘
1417,14:50:31,5.52,-0.01,12,6629,卖盘
1418,14:50:39,5.52,0.0,1,552,卖盘
1419,14:50:42,5.52,0.0,56,30912,卖盘
1420,14:50:48,5.52,0.0,82,45264,卖盘
1421,14:50:51,5.52,0.0,9,4968,卖盘
1422,14:50:54,5.52,0.0,99,54648,卖盘
1423,14:51:04,5.5,-0.02,400,220134,卖盘
1424,14:51:07,5.53,0.03,10,5530,买盘
1425,14:51:21,5.49,-0.04,286,157262,卖盘
1426,14:51:31,5.51,0.02,19,10489,卖盘
1427,14:51:34,5.51,0.0,1,551,卖盘
1428,14:51:36,5.51,0.0,49,26999,买盘
1429,14:51:39,5.5,-0.01,17,9350,卖盘
1430,14:51:54,5.51,0.01,40,22040,卖盘
1431,14:51:57,5.53,0.02,34,18802,买盘
1432,14:52:00,5.51,-0.02,20,11020,卖盘
1433,14:52:18,5.51,0.0,20,11020,卖盘
1434,14:52:24,5.51,0.0,105,57855,卖盘
1435,14:52:34,5.52,0.01,13,7176,买盘
1436,14:52:39,5.53,0.01,787,435203,买盘
1437,14:52:45,5.53,0.0,6,3318,卖盘
1438,14:52:51,5.54,0.01,48,26588,买盘
1439,14:52:58,5.53,-0.01,67,37051,卖盘
1440,14:53:01,5.53,0.0,60,33180,卖盘
1441,14:53:04,5.53,0.0,20,11060,卖盘
1442,14:53:09,5.54,0.01,59,32686,买盘
1443,14:53:15,5.54,0.0,10,5540,买盘
1444,14:53:18,5.54,0.0,205,113370,买盘
1445,14:53:33,5.54,0.0,32,17728,买盘
1446,14:53:36,5.54,0.0,100,55400,卖盘
1447,14:53:48,5.55,0.01,43,23825,买盘
1448,14:53:54,5.55,0.0,126,69930,买盘
1449,14:53:57,5.54,-0.01,1,554,卖盘
1450,14:54:01,5.54,0.0,29,16066,卖盘
1451,14:54:13,5.54,0.0,10,5540,卖盘
1452,14:54:22,5.55,0.01,40,22200,买盘
1453,14:54:25,5.55,0.0,41,22755,买盘
1454,14:54:40,5.54,-0.01,20,11085,卖盘
1455,14:55:00,5.54,0.0,325,180052,卖盘
1456,14:55:04,5.54,0.0,18,9972,买盘
1457,14:55:06,5.55,0.01,95,52664,买盘
1458,14:55:10,5.55,0.0,188,104340,买盘
1459,14:55:15,5.54,-0.01,70,38780,卖盘
1460,14:55:19,5.55,0.01,33,18315,买盘
1461,14:55:21,5.54,-0.01,33,18291,卖盘
1462,14:55:24,5.54,0.0,87,48198,卖盘
1463,14:55:27,5.54,0.0,3,1662,买盘
1464,14:55:36,5.53,-0.01,59,32627,卖盘
1465,14:55:40,5.53,0.0,310,171430,卖盘
1466,14:55:42,5.53,0.0,41,22673,卖盘
1467,14:55:45,5.53,0.0,200,110600,卖盘
1468,14:55:52,5.54,0.01,70,38770,买盘
1469,14:55:54,5.54,0.0,100,55340,买盘
1470,14:55:57,5.53,-0.01,153,84609,卖盘
1471,14:56:01,5.53,0.0,15,8295,买盘
1472,14:56:09,5.52,-0.01,131,72312,卖盘
1473,14:56:13,5.52,0.0,67,36925,买盘
1474,14:56:15,5.52,0.0,6,3312,买盘
1475,14:56:22,5.52,0.0,84,46348,买盘
1476,14:56:24,5.52,0.0,70,38640,买盘
1477,14:56:27,5.51,-0.01,12,6612,卖盘
1478,14:56:30,5.52,0.01,75,41400,买盘
1479,14:56:34,5.51,-0.01,45,24820,卖盘
1480,14:56:36,5.52,0.01,8,4416,卖盘
1481,14:56:39,5.52,0.0,15,8280,卖盘
1482,14:56:42,5.53,0.01,39,21567,买盘
1483,14:56:45,5.52,-0.01,115,63578,卖盘
1484,14:56:55,5.52,0.0,8,4416,卖盘
1485,14:56:57,5.52,0.0,282,155664,卖盘
1486,15:00:04,5.51,-0.01,2235,1231485,卖盘
