,time,price,change,volume,amount,type
0,09:25:04,13.29,-0.09,116,154164,卖盘
1,09:30:01,13.29,0.0,15,19935,卖盘
2,09:30:04,13.29,0.0,161,214083,卖盘
3,09:30:06,13.28,-0.01,30,39840,买盘
4,09:30:15,13.28,0.0,6,7968,买盘
5,09:30:18,13.28,0.0,3,3984,买盘
6,09:30:21,13.29,0.01,47,62419,买盘
7,09:30:25,13.29,0.0,20,26580,买盘
8,09:30:27,13.29,0.0,15,19935,买盘
9,09:30:31,13.28,-0.01,63,83721,卖盘
10,09:30:34,13.3,0.02,9,11970,买盘
11,09:30:36,13.3,0.0,4,5320,买盘
12,09:30:40,13.3,0.0,47,62510,买盘
13,09:30:43,13.28,-0.02,11,14612,卖盘
14,09:30:46,13.3,0.02,34,45220,买盘
15,09:31:15,13.32,0.02,28,37283,买盘
16,09:31:25,13.31,-0.01,1,1331,卖盘
17,09:31:31,13.31,0.0,11,14653,卖盘
18,09:31:45,13.33,0.02,6,7998,买盘
19,09:31:49,13.33,0.0,43,57249,买盘
20,09:31:51,13.33,0.0,5,6665,买盘
21,09:31:54,13.33,0.0,8,10664,买盘
22,09:31:58,13.33,0.0,55,73315,卖盘
23,09:32:04,13.33,0.0,5,6665,卖盘
24,09:32:06,13.33,0.0,1,1333,卖盘
25,09:32:09,13.32,-0.01,69,91933,卖盘
26,09:32:28,13.35,0.03,38,50730,买盘
27,09:32:31,13.33,-0.02,16,21338,卖盘
28,09:32:40,13.37,0.04,33,44085,买盘
29,09:32:43,13.35,-0.02,2,2670,买盘
30,09:32:55,13.35,0.0,1,1335,中性盘
31,09:33:06,13.36,0.01,8,10688,买盘
32,09:33:13,13.36,0.0,1,1336,卖盘
33,09:33:16,13.37,0.01,20,26740,买盘
34,09:33:19,13.37,0.0,51,68187,买盘
35,09:33:22,13.37,0.0,7,9359,买盘
36,09:33:24,13.37,0.0,2,2674,买盘
37,09:33:37,13.37,0.0,12,16044,买盘
38,09:33:42,13.36,-0.01,30,40108,卖盘
39,09:33:55,13.36,0.0,2,2672,卖盘
40,09:34:27,13.39,0.03,3,4017,买盘
41,09:34:40,13.37,-0.02,1,1337,卖盘
42,09:34:52,13.37,0.0,26,34762,卖盘
43,09:34:55,13.36,-0.01,7,9352,卖盘
44,09:34:58,13.36,0.0,5,6680,卖盘
45,09:35:01,13.36,0.0,47,62792,卖盘
46,09:35:04,13.36,0.0,25,33400,卖盘
47,09:35:06,13.36,0.0,2,2672,卖盘
48,09:35:16,13.35,-0.01,2,2670,卖盘
49,09:35:22,13.35,0.0,30,40079,卖盘
50,09:35:25,13.35,0.0,40,53400,卖盘
51,09:35:33,13.35,0.0,28,37362,买盘
52,09:35:40,13.33,-0.02,21,27993,卖盘
53,09:35:46,13.33,0.0,8,10664,卖盘
54,09:35:48,13.33,0.0,24,31991,买盘
55,09:35:55,13.33,0.0,7,9331,卖盘
56,09:36:01,13.33,0.0,33,43989,卖盘
57,09:36:04,13.34,0.01,9,12006,中性盘
58,09:36:12,13.34,0.0,8,10666,买盘
59,09:36:18,13.34,0.0,9,12006,买盘
60,09:36:21,13.34,0.0,2,2668,卖盘
61,09:36:34,13.35,0.01,2,2670,买盘
62,09:36:43,13.34,-0.01,20,26687,卖盘
63,09:36:49,13.35,0.01,31,41385,买盘
64,09:36:51,13.34,-0.01,7,9338,卖盘
65,09:36:54,13.34,0.0,7,9338,卖盘
66,09:36:58,13.34,0.0,3,4002,卖盘
67,09:37:00,13.35,0.01,67,89445,买盘
68,09:37:03,13.35,0.0,211,281709,买盘
69,09:37:07,13.37,0.02,1,1337,买盘
70,09:37:10,13.37,0.0,6,8022,买盘
71,09:37:16,13.37,0.0,1,1337,中性盘
72,09:37:18,13.36,-0.01,2,2672,中性盘
73,09:37:21,13.35,-0.01,5,6675,卖盘
74,09:37:28,13.38,0.03,7,9360,买盘
75,09:37:40,13.4,0.02,23,30818,买盘
76,09:37:43,13.4,0.0,5,6700,卖盘
77,09:37:52,13.4,0.0,1,1340,卖盘
78,09:38:00,13.4,0.0,9,12060,买盘
79,09:38:04,13.4,0.0,1,1340,卖盘
80,09:38:16,13.38,-0.02,1,1338,卖盘
81,09:38:18,13.36,-0.02,4,5347,卖盘
82,09:38:24,13.38,0.02,1,1338,买盘
83,09:38:28,13.38,0.0,14,18732,卖盘
84,09:38:30,13.4,0.02,15,20087,买盘
85,09:38:37,13.38,-0.02,4,5354,卖盘
86,09:38:40,13.38,0.0,1,1338,卖盘
87,09:38:42,13.36,-0.02,45,60130,卖盘
88,09:38:45,13.38,0.02,1,1338,买盘
89,09:38:49,13.38,0.0,8,10704,卖盘
90,09:38:52,13.38,0.0,1,1338,卖盘
91,09:38:54,13.38,0.0,7,9366,卖盘
92,09:38:57,13.38,0.0,1,1338,卖盘
93,09:39:01,13.39,0.01,8,10712,买盘
94,09:39:04,13.39,0.0,32,42848,卖盘
95,09:39:06,13.38,-0.01,1,1338,卖盘
96,09:39:34,13.37,-0.01,25,33425,买盘
97,09:39:49,13.36,-0.01,10,13360,卖盘
98,09:39:52,13.36,0.0,1,1336,卖盘
99,09:39:55,13.36,0.0,13,17368,卖盘
100,09:39:57,13.37,0.01,10,13370,买盘
101,09:40:01,13.37,0.0,10,13370,卖盘
102,09:40:06,13.38,0.01,2,2676,买盘
103,09:40:30,13.37,-0.01,7,9359,买盘
104,09:40:37,13.38,0.01,2,2676,买盘
105,09:40:39,13.37,-0.01,13,17381,卖盘
106,09:40:42,13.37,0.0,1,1337,买盘
107,09:40:52,13.37,0.0,18,24066,买盘
108,09:40:55,13.37,0.0,6,8022,卖盘
109,09:40:57,13.37,0.0,66,88242,卖盘
110,09:41:00,13.37,0.0,51,68187,买盘
111,09:41:22,13.38,0.01,5,6690,买盘
112,09:41:28,13.37,-0.01,4,5348,卖盘
113,09:41:33,13.38,0.01,27,36126,买盘
114,09:41:52,13.39,0.01,11,14719,买盘
115,09:42:07,13.39,0.0,2,2678,卖盘
116,09:42:22,13.39,0.0,2,2678,卖盘
117,09:42:46,13.4,0.01,5,6700,买盘
118,09:42:55,13.39,-0.01,7,9373,卖盘
119,09:42:58,13.4,0.01,24,32160,买盘
120,09:43:00,13.4,0.0,34,45560,卖盘
121,09:43:04,13.43,0.03,44,59015,买盘
122,09:43:10,13.4,-0.03,10,13400,卖盘
123,09:43:16,13.41,0.01,5,6705,买盘
124,09:43:19,13.4,-0.01,3,4020,卖盘
125,09:43:22,13.4,0.0,7,9380,卖盘
126,09:43:34,13.4,0.0,10,13407,卖盘
127,09:43:37,13.4,0.0,9,12060,卖盘
128,09:44:04,13.41,0.01,5,6705,买盘
129,09:44:07,13.4,-0.01,36,48240,卖盘
130,09:44:12,13.39,-0.01,5,6695,卖盘
131,09:44:15,13.4,0.01,31,41540,买盘
132,09:44:27,13.4,0.0,1,1340,卖盘
133,09:44:31,13.4,0.0,12,16080,卖盘
134,09:44:43,13.4,0.0,12,16080,卖盘
135,09:44:51,13.4,0.0,2,2680,卖盘
136,09:44:54,13.4,0.0,5,6700,卖盘
137,09:45:09,13.4,0.0,1,1340,买盘
138,09:45:12,13.4,0.0,10,13400,买盘
139,09:45:33,13.39,-0.01,17,22763,卖盘
140,09:45:43,13.39,0.0,1,1339,卖盘
141,09:45:54,13.39,0.0,8,10712,卖盘
142,09:46:04,13.38,-0.01,1,1338,卖盘
143,09:46:30,13.38,0.0,8,10710,卖盘
144,09:46:49,13.38,0.0,1,1338,卖盘
145,09:46:58,13.38,0.0,2,2676,卖盘
146,09:47:09,13.38,0.0,2,2676,卖盘
147,09:47:16,13.38,0.0,1,1338,卖盘
148,09:47:24,13.38,0.0,2,2676,卖盘
149,09:47:49,13.38,0.0,43,57534,卖盘
150,09:47:58,13.37,-0.01,47,62839,卖盘
151,09:48:01,13.37,0.0,26,34762,卖盘
152,09:48:13,13.36,-0.01,6,8016,卖盘
153,09:48:18,13.36,0.0,3,4008,卖盘
154,09:48:25,13.37,0.01,1,1337,买盘
155,09:48:46,13.36,-0.01,4,5344,卖盘
156,09:48:55,13.36,0.0,1,1336,卖盘
157,09:48:58,13.37,0.01,13,17381,买盘
158,09:49:10,13.36,-0.01,3,4008,卖盘
159,09:49:25,13.36,0.0,1,1336,卖盘
160,09:49:28,13.36,0.0,18,24048,卖盘
161,09:49:31,13.36,0.0,4,5344,卖盘
162,09:49:36,13.36,0.0,4,5347,卖盘
163,09:49:46,13.36,0.0,13,17368,买盘
164,09:50:07,13.36,0.0,2,2672,买盘
165,09:50:30,13.35,-0.01,6,8010,卖盘
166,09:50:37,13.35,0.0,3,4005,卖盘
167,09:50:52,13.35,0.0,23,30705,卖盘
168,09:51:01,13.35,0.0,3,4005,卖盘
169,09:51:07,13.35,0.0,2,2670,买盘
170,09:51:13,13.34,-0.01,86,114724,卖盘
171,09:51:19,13.35,0.01,12,16020,买盘
172,09:51:25,13.35,0.0,3,4005,买盘
173,09:51:28,13.35,0.0,6,8010,买盘
174,09:51:31,13.34,-0.01,40,53366,卖盘
175,09:51:57,13.34,0.0,38,50692,卖盘
176,09:52:01,13.34,0.0,7,9338,卖盘
177,09:52:04,13.34,0.0,40,53360,卖盘
178,09:52:12,13.35,0.01,10,13350,买盘
179,09:52:30,13.35,0.0,1,1335,卖盘
180,09:52:45,13.36,0.01,5,6680,买盘
181,09:52:54,13.35,-0.01,6,8010,卖盘
182,09:52:57,13.38,0.03,64,85630,买盘
183,09:53:25,13.36,-0.02,7,9352,卖盘
184,09:53:43,13.36,0.0,21,28056,买盘
185,09:53:45,13.36,0.0,20,26720,买盘
186,09:53:48,13.36,0.0,11,14696,卖盘
187,09:53:51,13.36,0.0,1,1336,卖盘
188,09:53:57,13.36,0.0,26,34736,卖盘
189,09:54:07,13.36,0.0,1,1336,买盘
190,09:55:01,13.35,-0.01,8,10680,卖盘
191,09:55:22,13.35,0.0,1,1335,卖盘
192,09:55:27,13.35,0.0,23,30705,卖盘
193,09:55:30,13.35,0.0,16,21370,卖盘
194,09:55:43,13.35,0.0,9,12015,买盘
195,09:55:54,13.35,0.0,17,22705,卖盘
196,09:55:57,13.34,-0.01,81,108054,卖盘
197,09:56:10,13.35,0.01,5,6675,卖盘
198,09:56:13,13.34,-0.01,2,2668,卖盘
199,09:56:18,13.35,0.01,17,22695,买盘
200,09:56:22,13.35,0.0,2,2670,买盘
201,09:56:34,13.33,-0.02,130,173290,卖盘
202,09:56:36,13.35,0.02,10,13350,买盘
203,09:56:40,13.34,-0.01,10,13340,买盘
204,09:56:46,13.32,-0.02,6,7992,卖盘
205,09:56:49,13.32,0.0,11,14662,卖盘
206,09:56:51,13.32,0.0,2,2664,卖盘
207,09:56:54,13.34,0.02,36,48005,买盘
208,09:56:58,13.32,-0.02,19,25342,卖盘
209,09:57:07,13.32,0.0,61,81260,卖盘
210,09:57:10,13.33,0.01,5,6665,中性盘
211,09:57:13,13.32,-0.01,1,1332,卖盘
212,09:57:25,13.31,-0.01,29,38599,卖盘
213,09:57:31,13.31,0.0,9,11975,买盘
214,09:57:36,13.3,-0.01,27,35910,卖盘
215,09:57:40,13.3,0.0,52,69160,卖盘
216,09:57:43,13.31,0.01,33,43910,买盘
217,09:58:01,13.3,-0.01,30,39900,卖盘
218,09:58:12,13.3,0.0,16,21280,卖盘
219,09:58:16,13.3,0.0,3,3990,买盘
220,09:58:22,13.3,0.0,10,13300,买盘
221,09:58:40,13.3,0.0,14,18620,买盘
222,09:58:43,13.3,0.0,5,6650,卖盘
223,09:58:45,13.29,-0.01,33,43888,卖盘
224,09:59:00,13.29,0.0,64,85061,卖盘
225,09:59:06,13.29,0.0,14,18597,买盘
226,09:59:16,13.29,0.0,48,63792,卖盘
227,09:59:37,13.29,0.0,12,15948,买盘
228,09:59:39,13.29,0.0,4,5316,买盘
229,09:59:48,13.28,-0.01,1,1328,卖盘
230,09:59:57,13.29,0.01,21,27908,买盘
231,10:00:12,13.29,0.0,48,63792,买盘
232,10:00:16,13.29,0.0,24,31896,买盘
233,10:00:19,13.29,0.0,50,66450,买盘
234,10:00:24,13.3,0.01,10,13300,买盘
235,10:00:49,13.31,0.01,21,27951,买盘
236,10:01:01,13.34,0.03,4,5336,买盘
237,10:01:04,13.3,-0.04,11,14635,卖盘
238,10:01:25,13.34,0.04,17,22678,买盘
239,10:01:31,13.31,-0.03,7,9317,卖盘
240,10:01:45,13.33,0.02,1,1333,买盘
241,10:01:55,13.34,0.01,10,13340,买盘
242,10:02:01,13.33,-0.01,1,1333,卖盘
243,10:02:09,13.33,0.0,22,29336,卖盘
244,10:02:12,13.34,0.01,35,46690,买盘
245,10:02:33,13.34,0.0,4,5336,买盘
246,10:02:45,13.33,-0.01,3,4000,卖盘
247,10:02:48,13.33,0.0,1,1333,卖盘
248,10:02:51,13.33,0.0,21,27993,卖盘
249,10:02:58,13.33,0.0,15,19995,买盘
250,10:03:01,13.33,0.0,3,3999,买盘
251,10:03:13,13.33,0.0,4,5332,买盘
252,10:03:25,13.31,-0.02,13,17303,卖盘
253,10:03:28,13.31,0.0,1,1331,买盘
254,10:03:31,13.29,-0.02,33,43880,卖盘
255,10:03:34,13.31,0.02,18,23958,买盘
256,10:03:42,13.31,0.0,49,65259,卖盘
257,10:03:55,13.31,0.0,6,7986,买盘
258,10:04:04,13.33,0.02,4,5332,卖盘
259,10:04:10,13.31,-0.02,10,13310,买盘
260,10:04:13,13.33,0.02,10,13330,中性盘
261,10:04:25,13.33,0.0,10,13330,买盘
262,10:04:33,13.34,0.01,15,20010,买盘
263,10:04:43,13.33,-0.01,21,27993,卖盘
264,10:04:46,13.33,0.0,4,5332,买盘
265,10:05:07,13.33,0.0,12,15995,买盘
266,10:05:12,13.33,0.0,13,17329,卖盘
267,10:05:22,13.34,0.01,10,13336,买盘
268,10:05:31,13.33,-0.01,37,49321,买盘
269,10:05:37,13.33,0.0,67,89314,买盘
270,10:05:40,13.34,0.01,36,48024,买盘
271,10:05:48,13.33,-0.01,24,31992,卖盘
272,10:05:51,13.34,0.01,18,25213,买盘
273,10:06:09,13.35,0.01,10,13350,买盘
274,10:06:12,13.34,-0.01,29,37485,卖盘
275,10:06:22,13.34,0.0,108,144068,买盘
276,10:06:28,13.34,0.0,10,13340,买盘
277,10:06:30,13.35,0.01,32,42720,买盘
278,10:06:36,13.36,0.01,57,76152,买盘
279,10:06:58,13.39,0.03,348,465939,买盘
280,10:07:04,13.4,0.01,135,180708,买盘
281,10:07:06,13.4,0.0,126,168840,买盘
282,10:07:09,13.4,0.0,142,190275,买盘
283,10:07:13,13.4,0.0,2,2680,买盘
284,10:07:15,13.42,0.02,81,108662,买盘
285,10:07:28,13.42,0.0,19,25501,卖盘
286,10:07:31,13.42,0.0,1,1342,卖盘
287,10:07:39,13.43,0.01,11,14773,买盘
288,10:07:49,13.43,0.0,3,4031,卖盘
289,10:08:01,13.43,0.0,20,26860,买盘
290,10:08:07,13.42,-0.01,11,14762,卖盘
291,10:08:10,13.42,0.0,6,8052,卖盘
292,10:08:13,13.42,0.0,29,38918,卖盘
293,10:08:16,13.41,-0.01,13,17433,卖盘
294,10:08:27,13.4,-0.01,4,5360,买盘
295,10:08:37,13.39,-0.01,5,6695,卖盘
296,10:08:43,13.39,0.0,4,5356,买盘
297,10:08:51,13.37,-0.02,1,1337,卖盘
298,10:08:58,13.39,0.02,9,12051,买盘
299,10:09:10,13.4,0.01,2,2680,买盘
300,10:09:19,13.41,0.01,2,2682,买盘
301,10:09:36,13.42,0.01,54,72468,买盘
302,10:09:45,13.41,-0.01,1,1341,卖盘
303,10:09:58,13.41,0.0,40,53643,卖盘
304,10:10:00,13.41,0.0,1,1341,买盘
305,10:10:04,13.41,0.0,1,1341,买盘
306,10:10:15,13.4,-0.01,30,40200,卖盘
307,10:10:28,13.4,0.0,7,9380,买盘
308,10:10:40,13.42,0.02,70,93903,买盘
309,10:10:46,13.42,0.0,80,107360,买盘
310,10:10:49,13.42,0.0,1,1342,买盘
311,10:10:58,13.42,0.0,8,10736,买盘
312,10:11:10,13.43,0.01,29,38947,买盘
313,10:11:13,13.43,0.0,12,16116,买盘
314,10:11:16,13.43,0.0,41,55057,买盘
315,10:11:19,13.43,0.0,3,4029,卖盘
316,10:11:21,13.43,0.0,41,55064,卖盘
317,10:11:25,13.43,0.0,10,13430,卖盘
318,10:12:00,13.44,0.01,4,5376,买盘
319,10:12:12,13.44,0.0,1,1344,中性盘
320,10:12:22,13.44,0.0,4,5376,卖盘
321,10:12:25,13.43,-0.01,7,9401,卖盘
322,10:12:31,13.44,0.01,14,18816,买盘
323,10:12:37,13.44,0.0,43,57792,卖盘
324,10:12:52,13.43,-0.01,4,5372,卖盘
325,10:12:54,13.44,0.01,50,67165,买盘
326,10:12:57,13.43,-0.01,24,32232,卖盘
327,10:13:01,13.41,-0.02,8,10732,卖盘
328,10:13:39,13.42,0.01,1,1342,卖盘
329,10:13:55,13.42,0.0,7,9394,卖盘
330,10:14:04,13.43,0.01,8,10741,买盘
331,10:14:24,13.42,-0.01,10,13420,卖盘
332,10:14:27,13.43,0.01,2,2686,买盘
333,10:14:42,13.43,0.0,6,8058,买盘
334,10:14:49,13.43,0.0,5,6715,买盘
335,10:14:52,13.43,0.0,5,6715,买盘
336,10:14:55,13.42,-0.01,6,8052,卖盘
337,10:15:07,13.42,0.0,100,134200,卖盘
338,10:15:22,13.41,-0.01,3,4023,卖盘
339,10:15:43,13.41,0.0,9,12069,卖盘
340,10:15:51,13.41,0.0,10,13410,卖盘
341,10:15:54,13.41,0.0,1,1341,卖盘
342,10:16:15,13.41,0.0,3,4023,卖盘
343,10:16:31,13.41,0.0,5,6705,卖盘
344,10:16:34,13.41,0.0,13,17433,卖盘
345,10:16:42,13.41,0.0,9,12069,卖盘
346,10:16:45,13.41,0.0,10,13410,卖盘
347,10:16:52,13.41,0.0,10,13410,卖盘
348,10:16:55,13.41,0.0,11,14751,卖盘
349,10:16:58,13.41,0.0,3,4023,卖盘
350,10:17:01,13.41,0.0,5,6705,卖盘
351,10:17:04,13.41,0.0,45,60345,卖盘
352,10:17:06,13.42,0.01,5,6710,买盘
353,10:17:10,13.41,-0.01,5,6705,卖盘
354,10:17:12,13.41,0.0,6,8046,卖盘
355,10:17:16,13.41,0.0,14,18774,卖盘
356,10:17:25,13.4,-0.01,10,13400,卖盘
357,10:17:28,13.42,0.02,10,13418,买盘
358,10:17:40,13.4,-0.02,4,5360,卖盘
359,10:17:49,13.4,0.0,21,28140,卖盘
360,10:17:52,13.39,-0.01,1,1339,卖盘
361,10:18:13,13.39,0.0,20,26780,卖盘
362,10:18:16,13.4,0.01,17,22780,买盘
363,10:18:34,13.39,-0.01,1,1339,卖盘
364,10:18:40,13.39,0.0,10,13390,卖盘
365,10:18:55,13.39,0.0,10,13390,卖盘
366,10:19:04,13.39,0.0,5,6695,卖盘
367,10:19:12,13.38,-0.01,1,1338,卖盘
368,10:19:15,13.39,0.01,9,12051,买盘
369,10:19:46,13.39,0.0,26,34814,卖盘
370,10:19:49,13.4,0.01,2,2680,买盘
371,10:19:52,13.4,0.0,66,88440,买盘
372,10:20:03,13.4,0.0,3,4020,买盘
373,10:20:07,13.39,-0.01,16,21424,卖盘
374,10:20:16,13.39,0.0,15,20085,买盘
375,10:20:19,13.39,0.0,1,1339,卖盘
376,10:20:48,13.39,0.0,2,2678,买盘
377,10:22:01,13.39,0.0,10,13390,卖盘
378,10:22:12,13.38,-0.01,4,5352,卖盘
379,10:22:15,13.38,0.0,5,6690,卖盘
380,10:22:19,13.37,-0.01,2,2674,卖盘
381,10:22:34,13.37,0.0,3,4011,卖盘
382,10:22:43,13.37,0.0,3,4011,卖盘
383,10:22:45,13.38,0.01,36,48168,买盘
384,10:22:55,13.37,-0.01,1,1337,卖盘
385,10:22:57,13.37,0.0,2,2674,卖盘
386,10:23:34,13.37,0.0,5,6685,卖盘
387,10:23:43,13.37,0.0,1,1337,卖盘
388,10:23:45,13.38,0.01,16,21408,买盘
389,10:23:52,13.38,0.0,20,26760,买盘
390,10:24:28,13.38,0.0,10,13380,买盘
391,10:24:31,13.37,-0.01,1,1337,卖盘
392,10:24:39,13.38,0.01,5,6690,买盘
393,10:24:45,13.38,0.0,15,20070,买盘
394,10:24:48,13.37,-0.01,1,1337,卖盘
395,10:25:10,13.37,0.0,2,2674,卖盘
396,10:25:16,13.37,0.0,15,20055,卖盘
397,10:25:18,13.37,0.0,1,1337,卖盘
398,10:25:25,13.38,0.01,2,2676,买盘
399,10:25:28,13.38,0.0,13,17394,买盘
400,10:25:49,13.37,-0.01,1,1337,卖盘
401,10:26:00,13.37,0.0,1,1337,卖盘
402,10:26:16,13.38,0.01,9,12042,买盘
403,10:26:22,13.38,0.0,1,1338,买盘
404,10:26:28,13.38,0.0,1,1338,买盘
405,10:26:31,13.37,-0.01,27,36099,卖盘
406,10:26:46,13.38,0.01,6,8025,买盘
407,10:27:28,13.37,-0.01,1,1337,卖盘
408,10:28:10,13.38,0.01,1,1338,买盘
409,10:28:12,13.38,0.0,23,30774,买盘
410,10:28:15,13.38,0.0,4,5352,买盘
411,10:28:24,13.38,0.0,1,1338,买盘
412,10:28:27,13.38,0.0,15,20070,买盘
413,10:29:01,13.38,0.0,4,5352,买盘
414,10:29:19,13.37,-0.01,7,9359,卖盘
415,10:29:27,13.38,0.01,8,10704,买盘
416,10:29:36,13.38,0.0,41,54858,买盘
417,10:29:45,13.38,0.0,20,26760,买盘
418,10:30:06,13.38,0.0,4,5352,买盘
419,10:30:28,13.38,0.0,8,10704,买盘
420,10:30:31,13.37,-0.01,1,1337,卖盘
421,10:30:46,13.37,0.0,13,17381,卖盘
422,10:30:49,13.37,0.0,3,4011,卖盘
423,10:30:57,13.38,0.01,1,1338,买盘
424,10:31:27,13.37,-0.01,1,1337,卖盘
425,10:31:37,13.37,0.0,1,1337,卖盘
426,10:31:52,13.38,0.01,30,40140,买盘
427,10:32:04,13.37,-0.01,1,1337,卖盘
428,10:32:42,13.37,0.0,40,53480,卖盘
429,10:32:46,13.37,0.0,5,6685,卖盘
430,10:32:48,13.37,0.0,1,1337,卖盘
431,10:32:58,13.37,0.0,45,60165,卖盘
432,10:33:01,13.37,0.0,1,1337,卖盘
433,10:33:03,13.37,0.0,4,5348,卖盘
434,10:33:13,13.37,0.0,6,8022,卖盘
435,10:33:19,13.38,0.01,8,10704,买盘
436,10:33:22,13.37,-0.01,1,1070,卖盘
437,10:33:24,13.37,0.0,2,2674,卖盘
438,10:33:42,13.37,0.0,2,2674,卖盘
439,10:33:46,13.37,0.0,2,2674,卖盘
440,10:35:21,13.37,0.0,5,6685,卖盘
441,10:36:00,13.38,0.01,17,22733,买盘
442,10:36:03,13.37,-0.01,4,5348,卖盘
443,10:36:07,13.37,0.0,1,1337,卖盘
444,10:36:16,13.37,0.0,4,5348,卖盘
445,10:37:06,13.37,0.0,5,6685,卖盘
446,10:37:15,13.38,0.01,8,10704,买盘
447,10:37:43,13.38,0.0,8,10702,买盘
448,10:37:46,13.37,-0.01,20,26740,卖盘
449,10:37:49,13.37,0.0,20,26740,卖盘
450,10:37:52,13.37,0.0,3,4278,卖盘
451,10:37:57,13.36,-0.01,2,2672,卖盘
452,10:38:01,13.36,0.0,8,10688,卖盘
453,10:38:10,13.36,0.0,4,5344,卖盘
454,10:38:16,13.36,0.0,1,1336,卖盘
455,10:38:30,13.37,0.01,12,16044,买盘
456,10:38:39,13.37,0.0,5,6685,买盘
457,10:38:46,13.36,-0.01,3,4008,卖盘
458,10:39:16,13.37,0.01,18,23398,买盘
459,10:39:18,13.36,-0.01,10,13362,卖盘
460,10:39:22,13.36,0.0,38,50768,卖盘
461,10:39:39,13.36,0.0,6,8016,卖盘
462,10:39:51,13.36,0.0,5,6680,卖盘
463,10:40:01,13.36,0.0,5,6680,卖盘
464,10:40:34,13.37,0.01,5,6685,买盘
465,10:40:39,13.36,-0.01,1,1336,卖盘
466,10:40:49,13.37,0.01,1,1337,买盘
467,10:41:37,13.37,0.0,9,12033,买盘
468,10:41:43,13.37,0.0,2,2674,卖盘
469,10:41:49,13.38,0.01,72,96336,买盘
470,10:42:06,13.39,0.01,246,329388,买盘
471,10:42:28,13.39,0.0,2,2678,买盘
472,10:43:25,13.38,-0.01,1,1338,卖盘
473,10:43:52,13.39,0.01,20,26780,买盘
474,10:43:54,13.39,0.0,2,2678,买盘
475,10:44:40,13.38,-0.01,33,44154,卖盘
476,10:44:57,13.38,0.0,5,6690,卖盘
477,10:45:25,13.39,0.01,19,25440,买盘
478,10:45:27,13.38,-0.01,1,1338,卖盘
479,10:45:51,13.38,0.0,33,44163,卖盘
480,10:46:24,13.37,-0.01,23,30765,卖盘
481,10:47:09,13.37,0.0,5,6685,卖盘
482,10:47:16,13.38,0.01,10,13380,买盘
483,10:48:00,13.38,0.0,10,13380,买盘
484,10:48:04,13.38,0.0,5,6690,买盘
485,10:48:07,13.38,0.0,5,6690,买盘
486,10:48:30,13.38,0.0,12,16056,买盘
487,10:48:55,13.39,0.01,14,18746,买盘
488,10:49:13,13.39,0.0,26,34814,买盘
489,10:49:25,13.39,0.0,3,4017,买盘
490,10:49:28,13.4,0.01,37,49545,买盘
491,10:50:04,13.4,0.0,5,6700,买盘
492,10:50:09,13.4,0.0,26,34840,买盘
493,10:50:13,13.4,0.0,2,2680,买盘
494,10:51:30,13.39,-0.01,2,2678,卖盘
495,10:51:52,13.39,0.0,12,16068,卖盘
496,10:51:55,13.4,0.01,96,128640,买盘
497,10:52:04,13.4,0.0,7,9380,买盘
498,10:52:27,13.39,-0.01,4,5356,卖盘
499,10:52:33,13.39,0.0,4,5356,卖盘
500,10:52:46,13.39,0.0,6,8034,卖盘
501,10:53:01,13.39,0.0,1,1339,卖盘
502,10:53:04,13.4,0.01,15,20100,买盘
503,10:53:37,13.4,0.0,5,6700,买盘
504,10:53:55,13.4,0.0,10,13400,买盘
505,10:54:21,13.39,-0.01,1,1339,卖盘
506,10:54:31,13.4,0.01,6,8040,买盘
507,10:54:43,13.4,0.0,79,105860,买盘
508,10:54:55,13.39,-0.01,20,26783,卖盘
509,10:55:04,13.4,0.01,6,8040,卖盘
510,10:55:07,13.4,0.0,5,6700,卖盘
511,10:55:10,13.4,0.0,5,6700,卖盘
512,10:55:15,13.4,0.0,4,5360,买盘
513,10:55:27,13.4,0.0,10,13400,买盘
514,10:55:34,13.39,-0.01,1,1339,卖盘
515,10:55:37,13.4,0.01,5,6700,买盘
516,10:56:00,13.41,0.01,150,201150,买盘
517,10:56:28,13.41,0.0,2,2682,买盘
518,10:56:49,13.4,-0.01,24,32160,卖盘
519,10:56:52,13.41,0.01,23,30840,买盘
520,10:57:01,13.41,0.0,3,4023,买盘
521,10:57:31,13.4,-0.01,10,13400,卖盘
522,10:57:48,13.41,0.01,9,12069,买盘
523,10:58:04,13.41,0.0,25,33522,买盘
524,10:58:09,13.4,-0.01,12,16080,卖盘
525,10:58:36,13.41,0.01,8,10728,买盘
526,10:58:45,13.4,-0.01,4,5360,卖盘
527,10:59:01,13.39,-0.01,3,4017,卖盘
528,10:59:22,13.4,0.01,22,29480,买盘
529,10:59:54,13.4,0.0,5,6700,买盘
530,11:00:42,13.39,-0.01,1,1339,卖盘
531,11:01:01,13.39,0.0,3,4017,卖盘
532,11:02:00,13.39,0.0,3,4017,卖盘
533,11:02:15,13.4,0.01,6,8040,买盘
534,11:02:27,13.4,0.0,3,4020,买盘
535,11:02:42,13.4,0.0,5,6700,买盘
536,11:02:45,13.4,0.0,8,10720,买盘
537,11:03:00,13.39,-0.01,3,4017,卖盘
538,11:03:24,13.4,0.01,6,8040,买盘
539,11:03:42,13.4,0.0,10,13400,买盘
540,11:03:55,13.39,-0.01,5,6695,卖盘
541,11:04:01,13.39,0.0,3,4017,卖盘
542,11:04:42,13.39,0.0,2,2678,卖盘
543,11:05:01,13.39,0.0,16,21437,卖盘
544,11:05:15,13.39,0.0,6,8034,卖盘
545,11:05:28,13.4,0.01,7,9380,买盘
546,11:05:36,13.4,0.0,8,10720,买盘
547,11:05:39,13.4,0.0,4,5360,买盘
548,11:05:45,13.39,-0.01,12,16068,卖盘
549,11:06:00,13.39,0.0,3,4017,卖盘
550,11:06:07,13.4,0.01,4,5360,买盘
551,11:06:15,13.39,-0.01,1,1339,卖盘
552,11:06:22,13.39,0.0,24,32136,卖盘
553,11:06:25,13.39,0.0,18,24102,卖盘
554,11:06:49,13.39,0.0,11,14729,买盘
555,11:06:58,13.39,0.0,13,17407,买盘
556,11:07:00,13.38,-0.01,7,9370,卖盘
557,11:07:06,13.38,0.0,15,20070,卖盘
558,11:07:52,13.38,0.0,10,13380,卖盘
559,11:08:01,13.38,0.0,3,4014,卖盘
560,11:08:09,13.38,0.0,14,18732,卖盘
561,11:08:27,13.38,0.0,10,13380,卖盘
562,11:08:49,13.37,-0.01,14,18718,卖盘
563,11:08:54,13.38,0.01,13,17394,买盘
564,11:09:00,13.37,-0.01,3,4011,卖盘
565,11:10:00,13.37,0.0,3,4011,卖盘
566,11:10:18,13.37,0.0,44,58828,卖盘
567,11:10:37,13.38,0.01,5,6690,买盘
568,11:11:12,13.37,-0.01,3,4011,卖盘
569,11:11:18,13.38,0.01,31,41478,中性盘
570,11:11:21,13.37,-0.01,18,24066,卖盘
571,11:11:24,13.37,0.0,17,22729,卖盘
572,11:11:27,13.37,0.0,131,175147,卖盘
573,11:11:37,13.37,0.0,13,17381,卖盘
574,11:11:54,13.37,0.0,1,1337,买盘
575,11:12:00,13.37,0.0,3,4011,卖盘
576,11:12:03,13.37,0.0,6,8022,卖盘
577,11:12:40,13.36,-0.01,5,6680,卖盘
578,11:12:43,13.36,0.0,10,13360,卖盘
579,11:12:55,13.37,0.01,3,4011,买盘
580,11:13:00,13.36,-0.01,2,2672,卖盘
581,11:13:30,13.37,0.01,3,4011,买盘
582,11:14:04,13.37,0.0,10,13370,卖盘
583,11:14:49,13.38,0.01,10,13380,买盘
584,11:15:01,13.37,-0.01,3,4011,卖盘
585,11:15:04,13.37,0.0,16,21392,卖盘
586,11:15:07,13.38,0.01,10,13380,买盘
587,11:15:21,13.37,-0.01,39,52143,卖盘
588,11:16:00,13.37,0.0,2,2674,卖盘
589,11:16:12,13.38,0.01,5,6690,买盘
590,11:16:27,13.37,-0.01,6,8025,卖盘
591,11:17:00,13.37,0.0,2,2674,卖盘
592,11:17:10,13.37,0.0,7,9359,卖盘
593,11:17:42,13.37,0.0,4,5348,卖盘
594,11:17:57,13.38,0.01,6,8028,买盘
595,11:18:00,13.37,-0.01,2,2674,卖盘
596,11:19:00,13.37,0.0,2,2674,卖盘
597,11:19:06,13.38,0.01,4,5352,买盘
598,11:19:09,13.38,0.0,6,8028,买盘
599,11:19:15,13.38,0.0,10,13380,买盘
600,11:19:48,13.37,-0.01,2,2674,卖盘
601,11:20:00,13.37,0.0,2,2674,卖盘
602,11:20:04,13.37,0.0,5,6685,卖盘
603,11:20:45,13.37,0.0,15,20055,卖盘
604,11:21:00,13.37,0.0,2,2674,卖盘
605,11:21:27,13.37,0.0,7,9359,卖盘
606,11:21:33,13.37,0.0,8,10696,卖盘
607,11:22:00,13.37,0.0,2,2674,卖盘
608,11:22:06,13.37,0.0,55,73535,卖盘
609,11:22:12,13.37,0.0,32,42784,卖盘
610,11:23:00,13.37,0.0,2,2674,卖盘
611,11:23:15,13.37,0.0,26,34762,卖盘
612,11:23:18,13.36,-0.01,4,5344,卖盘
613,11:23:28,13.37,0.01,5,6685,买盘
614,11:23:33,13.36,-0.01,1,1336,卖盘
615,11:24:00,13.36,0.0,2,2672,卖盘
616,11:25:00,13.36,0.0,2,2672,卖盘
617,11:25:22,13.38,0.02,20,26753,买盘
618,11:25:45,13.37,-0.01,7,9359,买盘
619,11:25:58,13.38,0.01,3,4014,买盘
620,11:26:15,13.36,-0.02,8,10688,卖盘
621,11:26:49,13.37,0.01,9,12033,买盘
622,11:26:55,13.36,-0.01,17,22712,卖盘
623,11:27:01,13.36,0.0,2,2672,卖盘
624,11:27:27,13.37,0.01,5,6685,买盘
625,11:28:01,13.36,-0.01,3,4009,卖盘
626,11:28:45,13.37,0.01,5,6685,买盘
627,11:29:01,13.36,-0.01,2,2672,卖盘
628,11:29:07,13.36,0.0,11,14696,卖盘
629,11:29:51,13.37,0.01,29,38773,买盘
630,13:00:04,13.37,0.0,106,141727,卖盘
631,13:00:07,13.37,0.0,3,4011,卖盘
632,13:00:09,13.37,0.0,3,4011,卖盘
633,13:00:13,13.37,0.0,49,65513,卖盘
634,13:00:25,13.37,0.0,4,5348,卖盘
635,13:00:28,13.37,0.0,19,25403,卖盘
636,13:00:31,13.37,0.0,8,10696,卖盘
637,13:00:37,13.37,0.0,1,1337,卖盘
638,13:00:40,13.37,0.0,8,10696,卖盘
639,13:00:42,13.36,-0.01,258,344729,卖盘
640,13:01:00,13.36,0.0,12,16032,卖盘
641,13:01:12,13.36,0.0,123,164996,卖盘
642,13:01:24,13.36,0.0,20,26707,买盘
643,13:01:36,13.35,-0.01,2,2670,卖盘
644,13:01:51,13.35,0.0,21,28035,卖盘
645,13:02:12,13.35,0.0,7,9345,卖盘
646,13:02:15,13.36,0.01,13,17368,买盘
647,13:02:18,13.35,-0.01,10,13350,卖盘
648,13:03:12,13.35,0.0,7,9345,卖盘
649,13:03:15,13.35,0.0,10,13350,卖盘
650,13:03:24,13.35,0.0,1,1335,卖盘
651,13:04:13,13.35,0.0,7,9345,卖盘
652,13:04:16,13.35,0.0,35,46740,卖盘
653,13:04:22,13.36,0.01,4,5343,买盘
654,13:04:40,13.35,-0.01,30,40050,卖盘
655,13:05:09,13.35,0.0,1,1335,卖盘
656,13:05:13,13.35,0.0,7,9345,卖盘
657,13:05:18,13.35,0.0,6,8010,卖盘
658,13:05:48,13.35,0.0,12,16020,卖盘
659,13:06:12,13.35,0.0,7,9345,卖盘
660,13:07:12,13.35,0.0,7,9345,卖盘
661,13:07:31,13.36,0.01,1,1336,买盘
662,13:07:36,13.35,-0.01,2,2670,卖盘
663,13:07:54,13.35,0.0,4,5343,卖盘
664,13:07:58,13.36,0.01,24,32064,买盘
665,13:08:13,13.35,-0.01,7,9345,卖盘
666,13:08:58,13.36,0.01,7,9352,买盘
667,13:09:13,13.36,0.0,37,49425,买盘
668,13:09:18,13.35,-0.01,15,20025,卖盘
669,13:09:21,13.35,0.0,1,1335,卖盘
670,13:09:24,13.36,0.01,11,14696,买盘
671,13:09:42,13.37,0.01,2,2674,买盘
672,13:10:27,13.36,-0.01,4,5344,卖盘
673,13:10:37,13.37,0.01,36,48122,买盘
674,13:10:40,13.37,0.0,4,5348,卖盘
675,13:10:42,13.37,0.0,17,22729,卖盘
676,13:10:45,13.37,0.0,15,20055,卖盘
677,13:10:48,13.37,0.0,2,2674,卖盘
678,13:10:51,13.37,0.0,9,12033,卖盘
679,13:10:54,13.37,0.0,6,8022,卖盘
680,13:11:00,13.38,0.01,138,184528,买盘
681,13:11:18,13.36,-0.02,17,22712,卖盘
682,13:12:09,13.35,-0.01,80,106800,卖盘
683,13:12:12,13.35,0.0,7,9345,卖盘
684,13:12:39,13.35,0.0,17,22695,卖盘
685,13:13:13,13.35,0.0,7,9345,卖盘
686,13:13:16,13.37,0.02,1,1337,买盘
687,13:13:39,13.35,-0.02,10,13350,卖盘
688,13:13:42,13.37,0.02,13,17381,买盘
689,13:14:12,13.37,0.0,3,4011,买盘
690,13:14:48,13.37,0.0,6,8022,卖盘
691,13:14:57,13.37,0.0,4,5348,卖盘
692,13:15:00,13.38,0.01,6,8024,买盘
693,13:15:13,13.36,-0.02,7,9352,卖盘
694,13:16:06,13.36,0.0,4,5344,卖盘
695,13:16:09,13.36,0.0,2,2672,卖盘
696,13:16:12,13.35,-0.01,7,9345,卖盘
697,13:17:12,13.35,0.0,7,9345,卖盘
698,13:17:39,13.36,0.01,1,1336,买盘
699,13:17:51,13.35,-0.01,1,1335,卖盘
700,13:17:58,13.36,0.01,1,1336,买盘
701,13:18:13,13.35,-0.01,11,14690,卖盘
702,13:18:15,13.36,0.01,4,5344,买盘
703,13:18:21,13.37,0.01,7,9359,买盘
704,13:18:36,13.38,0.01,2,2676,买盘
705,13:18:45,13.38,0.0,8,10704,买盘
706,13:18:54,13.36,-0.02,2,2672,卖盘
707,13:19:09,13.37,0.01,4,5348,买盘
708,13:19:16,13.37,0.0,2,2674,买盘
709,13:19:19,13.38,0.01,6,8028,买盘
710,13:19:22,13.37,-0.01,1,1337,卖盘
711,13:19:24,13.37,0.0,1,1337,卖盘
712,13:19:27,13.37,0.0,2,2674,卖盘
713,13:19:45,13.37,0.0,10,13370,卖盘
714,13:20:13,13.35,-0.02,6,8010,卖盘
715,13:20:19,13.37,0.02,2,2674,买盘
716,13:20:22,13.37,0.0,3,4011,卖盘
717,13:20:27,13.38,0.01,5,6690,买盘
718,13:20:54,13.37,-0.01,5,6685,卖盘
719,13:21:12,13.37,0.0,2,2674,卖盘
720,13:21:15,13.37,0.0,4,5348,买盘
721,13:21:27,13.38,0.01,5,6690,买盘
722,13:21:42,13.38,0.0,5,6690,买盘
723,13:22:01,13.37,-0.01,8,10696,卖盘
724,13:22:09,13.37,0.0,5,6685,买盘
725,13:22:12,13.36,-0.01,6,8016,卖盘
726,13:22:18,13.37,0.01,12,16044,买盘
727,13:22:27,13.37,0.0,10,13370,买盘
728,13:22:30,13.36,-0.01,11,14701,卖盘
729,13:22:49,13.36,0.0,8,10688,卖盘
730,13:23:15,13.38,0.02,12,16056,买盘
731,13:23:18,13.38,0.0,22,29436,买盘
732,13:23:25,13.38,0.0,1,1338,卖盘
733,13:23:28,13.39,0.01,4,5353,买盘
734,13:23:36,13.39,0.0,22,29458,买盘
735,13:24:12,13.38,-0.01,7,9360,买盘
736,13:24:16,13.38,0.0,8,10704,买盘
737,13:24:24,13.39,0.01,2,2678,买盘
738,13:24:33,13.38,-0.01,1,1338,卖盘
739,13:24:36,13.39,0.01,5,6695,买盘
740,13:24:45,13.39,0.0,15,20085,买盘
741,13:24:48,13.38,-0.01,11,14718,卖盘
742,13:25:12,13.37,-0.01,6,8022,卖盘
743,13:25:16,13.38,0.01,17,22746,买盘
744,13:25:30,13.37,-0.01,1,1337,卖盘
745,13:25:33,13.37,0.0,8,10696,卖盘
746,13:26:07,13.37,0.0,1,1337,卖盘
747,13:26:12,13.36,-0.01,6,8016,卖盘
748,13:26:15,13.37,0.01,17,22729,买盘
749,13:26:30,13.36,-0.01,15,20040,卖盘
750,13:26:40,13.35,-0.01,4,5340,卖盘
751,13:26:48,13.37,0.02,6,8022,买盘
752,13:27:12,13.35,-0.02,6,8012,卖盘
753,13:27:15,13.38,0.03,12,16056,买盘
754,13:27:37,13.35,-0.03,9,12015,卖盘
755,13:27:42,13.35,0.0,7,9345,卖盘
756,13:27:55,13.36,0.01,12,16032,买盘
757,13:28:01,13.35,-0.01,6,8010,卖盘
758,13:28:12,13.35,0.0,6,8010,卖盘
759,13:28:18,13.35,0.0,4,5340,卖盘
760,13:28:37,13.35,0.0,4,5340,卖盘
761,13:28:48,13.36,0.01,12,16032,买盘
762,13:29:07,13.35,-0.01,2,2670,卖盘
763,13:29:12,13.35,0.0,6,8010,卖盘
764,13:29:15,13.35,0.0,6,8010,卖盘
765,13:29:43,13.35,0.0,4,5340,卖盘
766,13:29:58,13.37,0.02,10,13366,买盘
767,13:30:45,13.37,0.0,1,1337,买盘
768,13:30:49,13.37,0.0,11,14707,买盘
769,13:30:52,13.37,0.0,1,1337,卖盘
770,13:31:10,13.36,-0.01,9,12024,买盘
771,13:31:46,13.36,0.0,2,2672,卖盘
772,13:31:55,13.37,0.01,4,5348,买盘
773,13:32:10,13.37,0.0,8,10696,卖盘
774,13:32:16,13.37,0.0,11,14707,买盘
775,13:32:24,13.37,0.0,5,6685,买盘
776,13:32:39,13.37,0.0,18,24066,买盘
777,13:32:49,13.37,0.0,35,46768,买盘
778,13:32:54,13.36,-0.01,20,26724,卖盘
779,13:33:00,13.36,0.0,1,1336,卖盘
780,13:33:06,13.36,0.0,4,5344,卖盘
781,13:33:25,13.37,0.01,5,6685,买盘
782,13:33:48,13.37,0.0,75,100275,买盘
783,13:34:12,13.37,0.0,20,26740,卖盘
784,13:34:24,13.38,0.01,5,6690,买盘
785,13:34:49,13.38,0.0,1,1338,买盘
786,13:34:58,13.38,0.0,6,8028,买盘
787,13:35:25,13.39,0.01,1,1339,买盘
788,13:35:40,13.39,0.0,12,16068,买盘
789,13:35:43,13.39,0.0,27,36153,买盘
790,13:35:58,13.39,0.0,4,5356,买盘
791,13:36:04,13.38,-0.01,14,18745,卖盘
792,13:36:09,13.39,0.01,8,10712,买盘
793,13:36:15,13.39,0.0,4,5356,卖盘
794,13:36:34,13.4,0.01,49,65660,买盘
795,13:36:37,13.4,0.0,2,2680,买盘
796,13:36:52,13.4,0.0,10,13400,买盘
797,13:36:58,13.4,0.0,5,6700,买盘
798,13:37:04,13.4,0.0,100,134000,买盘
799,13:37:18,13.4,0.0,46,61640,卖盘
800,13:37:27,13.4,0.0,15,20100,卖盘
801,13:39:25,13.4,0.0,12,16080,买盘
802,13:40:04,13.4,0.0,3,4020,买盘
803,13:40:06,13.4,0.0,8,10720,买盘
804,13:40:19,13.38,-0.02,9,12056,卖盘
805,13:41:25,13.39,0.01,18,24102,买盘
806,13:41:28,13.38,-0.01,2,2676,卖盘
807,13:42:04,13.38,0.0,3,4014,卖盘
808,13:42:13,13.39,0.01,37,49543,买盘
809,13:42:22,13.39,0.0,7,9373,买盘
810,13:42:25,13.39,0.0,1,1339,买盘
811,13:42:37,13.39,0.0,4,5356,买盘
812,13:42:46,13.39,0.0,2,2678,买盘
813,13:43:15,13.38,-0.01,1,1338,卖盘
814,13:43:30,13.38,0.0,22,29436,卖盘
815,13:43:55,13.38,0.0,24,32112,卖盘
816,13:44:04,13.38,0.0,3,4014,卖盘
817,13:44:16,13.38,0.0,3,4014,卖盘
818,13:44:42,13.38,0.0,1,1338,卖盘
819,13:45:28,13.39,0.01,10,13390,买盘
820,13:45:31,13.38,-0.01,5,6690,卖盘
821,13:45:42,13.38,0.0,14,18732,卖盘
822,13:45:57,13.38,0.0,14,18732,卖盘
823,13:46:21,13.39,0.01,18,24102,买盘
824,13:46:45,13.39,0.0,34,45526,买盘
825,13:47:04,13.39,0.0,79,105781,卖盘
826,13:47:37,13.39,0.0,1,1339,买盘
827,13:47:58,13.39,0.0,8,10712,买盘
828,13:48:06,13.39,0.0,3,4016,买盘
829,13:48:45,13.39,0.0,34,45526,买盘
830,13:48:57,13.39,0.0,4,5356,卖盘
831,13:49:13,13.39,0.0,2,2678,卖盘
832,13:49:25,13.39,0.0,6,8034,卖盘
833,13:49:28,13.39,0.0,1,1339,卖盘
834,13:49:31,13.39,0.0,1,1339,卖盘
835,13:49:34,13.39,0.0,1,1339,卖盘
836,13:49:37,13.39,0.0,1,1339,卖盘
837,13:49:49,13.39,0.0,2,2678,买盘
838,13:49:52,13.39,0.0,1,1339,卖盘
839,13:49:54,13.39,0.0,1,1339,卖盘
840,13:49:58,13.39,0.0,1,1339,卖盘
841,13:50:10,13.38,-0.01,5,6690,卖盘
842,13:50:21,13.39,0.01,14,18746,买盘
843,13:50:36,13.4,0.01,7,9379,买盘
844,13:50:39,13.4,0.0,32,42880,买盘
845,13:50:43,13.4,0.0,35,46900,买盘
846,13:50:46,13.4,0.0,34,45560,买盘
847,13:50:49,13.4,0.0,20,26800,买盘
848,13:50:55,13.39,-0.01,2,2678,卖盘
849,13:51:01,13.4,0.01,100,134000,买盘
850,13:51:07,13.4,0.0,13,17420,买盘
851,13:51:15,13.4,0.0,5,6700,买盘
852,13:51:18,13.4,0.0,25,33500,买盘
853,13:51:22,13.4,0.0,15,20100,买盘
854,13:51:28,13.4,0.0,25,33500,买盘
855,13:51:33,13.4,0.0,14,18760,卖盘
856,13:51:36,13.41,0.01,7,9387,买盘
857,13:51:42,13.41,0.0,3,4023,买盘
858,13:51:48,13.41,0.0,5,6705,买盘
859,13:51:54,13.4,-0.01,11,14740,卖盘
860,13:51:57,13.41,0.01,3,4023,买盘
861,13:52:07,13.41,0.0,1,1341,买盘
862,13:52:10,13.4,-0.01,80,107200,卖盘
863,13:52:21,13.41,0.01,77,103257,买盘
864,13:52:36,13.41,0.0,17,22797,买盘
865,13:52:42,13.41,0.0,7,9387,买盘
866,13:52:48,13.41,0.0,1,1341,买盘
867,13:53:04,13.41,0.0,26,34866,买盘
868,13:53:06,13.41,0.0,10,13410,买盘
869,13:53:10,13.4,-0.01,7,9380,卖盘
870,13:53:12,13.41,0.01,5,6705,买盘
871,13:53:15,13.41,0.0,30,40230,买盘
872,13:53:19,13.41,0.0,49,65709,买盘
873,13:53:22,13.41,0.0,9,12069,买盘
874,13:53:25,13.41,0.0,39,52299,买盘
875,13:53:30,13.41,0.0,59,79119,买盘
876,13:53:34,13.41,0.0,15,20105,买盘
877,13:53:51,13.42,0.01,56,75152,买盘
878,13:54:04,13.41,-0.01,6,8051,卖盘
879,13:54:13,13.42,0.01,108,144936,买盘
880,13:54:25,13.42,0.0,11,14762,买盘
881,13:54:34,13.42,0.0,9,12078,买盘
882,13:54:52,13.42,0.0,3,4026,买盘
883,13:55:04,13.42,0.0,5,6710,买盘
884,13:55:07,13.42,0.0,16,21472,买盘
885,13:55:19,13.41,-0.01,2,2682,卖盘
886,13:55:22,13.42,0.01,2,2684,买盘
887,13:55:31,13.41,-0.01,3,4023,卖盘
888,13:55:42,13.42,0.01,4,5368,买盘
889,13:56:04,13.43,0.01,1,1343,买盘
890,13:56:16,13.43,0.0,17,22831,买盘
891,13:56:33,13.42,-0.01,10,13420,卖盘
892,13:56:39,13.42,0.0,4,5370,卖盘
893,13:56:54,13.42,0.0,86,115452,卖盘
894,13:56:58,13.42,0.0,1,1342,卖盘
895,13:57:01,13.42,0.0,6,8052,卖盘
896,13:57:04,13.42,0.0,52,69784,卖盘
897,13:57:07,13.42,0.0,25,33550,卖盘
898,13:57:13,13.42,0.0,2,2684,买盘
899,13:57:22,13.42,0.0,8,10736,买盘
900,13:57:24,13.42,0.0,3,4026,卖盘
901,13:57:28,13.42,0.0,2,2684,卖盘
902,13:57:31,13.42,0.0,3,4026,卖盘
903,13:57:42,13.42,0.0,10,13420,卖盘
904,13:57:45,13.42,0.0,2,2684,卖盘
905,13:57:49,13.42,0.0,6,8052,买盘
906,13:58:01,13.42,0.0,6,8052,买盘
907,13:58:25,13.41,-0.01,7,9387,卖盘
908,13:58:28,13.41,0.0,4,5364,卖盘
909,13:58:54,13.41,0.0,1,1341,卖盘
910,13:58:57,13.42,0.01,48,64416,买盘
911,13:59:04,13.41,-0.01,67,89847,卖盘
912,13:59:07,13.41,0.0,2,2682,卖盘
913,13:59:57,13.41,0.0,8,10728,卖盘
914,14:00:00,13.41,0.0,7,9387,卖盘
915,14:00:04,13.41,0.0,61,81801,卖盘
916,14:00:10,13.41,0.0,5,6705,买盘
917,14:00:34,13.4,-0.01,1,1340,卖盘
918,14:01:07,13.41,0.01,4,5364,买盘
919,14:01:52,13.41,0.0,60,80460,买盘
920,14:02:43,13.4,-0.01,1,1340,卖盘
921,14:02:46,13.41,0.01,5,6705,买盘
922,14:03:13,13.4,-0.01,10,13400,卖盘
923,14:03:16,13.41,0.01,2,2682,买盘
924,14:03:24,13.4,-0.01,1,1340,卖盘
925,14:03:37,13.4,0.0,1,1340,卖盘
926,14:03:46,13.41,0.01,7,9385,买盘
927,14:04:24,13.4,-0.01,3,4020,卖盘
928,14:04:46,13.41,0.01,5,6705,买盘
929,14:04:49,13.4,-0.01,21,28140,卖盘
930,14:04:58,13.41,0.01,1,1341,买盘
931,14:05:00,13.4,-0.01,5,6700,卖盘
932,14:05:19,13.4,0.0,6,8040,卖盘
933,14:05:46,13.41,0.01,1,1341,买盘
934,14:05:48,13.4,-0.01,17,22780,卖盘
935,14:06:16,13.4,0.0,20,26800,卖盘
936,14:06:18,13.4,0.0,11,14740,卖盘
937,14:06:21,13.4,0.0,25,33500,卖盘
938,14:06:33,13.39,-0.01,4,5356,卖盘
939,14:06:58,13.39,0.0,2,2678,卖盘
940,14:07:49,13.38,-0.01,1,1338,卖盘
941,14:08:15,13.38,0.0,5,6690,卖盘
942,14:08:49,13.38,0.0,20,26760,卖盘
943,14:09:00,13.39,0.01,1,1339,买盘
944,14:10:06,13.38,-0.01,12,16060,卖盘
945,14:10:19,13.39,0.01,3,4015,买盘
946,14:10:57,13.39,0.0,10,13390,买盘
947,14:11:00,13.39,0.0,3,4017,卖盘
948,14:11:40,13.38,-0.01,3,4014,卖盘
949,14:12:28,13.39,0.01,18,24102,买盘
950,14:12:55,13.39,0.0,1,1339,卖盘
951,14:13:04,13.39,0.0,2,2678,卖盘
952,14:13:42,13.39,0.0,21,28119,卖盘
953,14:13:51,13.39,0.0,4,5356,买盘
954,14:14:12,13.39,0.0,5,6695,买盘
955,14:15:16,13.39,0.0,2,2678,买盘
956,14:15:27,13.39,0.0,3,4017,买盘
957,14:15:31,13.38,-0.01,1,1338,卖盘
958,14:15:34,13.39,0.01,32,42848,买盘
959,14:15:42,13.39,0.0,5,6695,卖盘
960,14:15:45,13.39,0.0,4,5356,卖盘
961,14:15:51,13.39,0.0,2,2678,卖盘
962,14:15:54,13.39,0.0,7,9373,卖盘
963,14:15:57,13.4,0.01,3,4020,买盘
964,14:16:03,13.39,-0.01,3,4017,卖盘
965,14:16:09,13.39,0.0,5,6695,买盘
966,14:17:48,13.39,0.0,12,16068,卖盘
967,14:18:18,13.39,0.0,5,6695,卖盘
968,14:18:21,13.38,-0.01,4,5352,卖盘
969,14:18:52,13.38,0.0,17,22746,卖盘
970,14:18:58,13.33,-0.05,1334,1781672,卖盘
971,14:19:09,13.34,0.01,1,1334,中性盘
972,14:19:31,13.34,0.0,5,6670,卖盘
973,14:19:34,13.34,0.0,10,13340,卖盘
974,14:19:42,13.34,0.0,133,177422,卖盘
975,14:19:45,13.34,0.0,10,13340,买盘
976,14:19:54,13.34,0.0,80,106720,买盘
977,14:20:00,13.34,0.0,16,21339,买盘
978,14:20:06,13.34,0.0,5,6670,买盘
979,14:20:10,13.34,0.0,285,380190,买盘
980,14:20:12,13.34,0.0,9,12006,买盘
981,14:20:21,13.34,0.0,3,4002,买盘
982,14:20:25,13.33,-0.01,1,1333,卖盘
983,14:20:34,13.33,0.0,10,13330,卖盘
984,14:20:42,13.34,0.01,80,106720,买盘
985,14:20:49,13.34,0.0,8,10672,买盘
986,14:20:55,13.34,0.0,20,26680,卖盘
987,14:21:31,13.35,0.01,50,66750,卖盘
988,14:21:42,13.35,0.0,13,17355,买盘
989,14:21:46,13.35,0.0,100,133500,买盘
990,14:22:06,13.35,0.0,1,1335,卖盘
991,14:22:12,13.38,0.03,3,4014,买盘
992,14:22:33,13.38,0.0,10,13380,买盘
993,14:24:34,13.35,-0.03,14,18690,卖盘
994,14:25:09,13.36,0.01,26,34736,买盘
995,14:25:39,13.36,0.0,20,26720,买盘
996,14:25:57,13.36,0.0,20,26720,买盘
997,14:26:07,13.35,-0.01,15,20030,卖盘
998,14:26:16,13.36,0.01,7,9352,买盘
999,14:26:33,13.36,0.0,3,4008,卖盘
1000,14:26:49,13.35,-0.01,25,33375,卖盘
1001,14:26:55,13.36,0.01,21,28056,买盘
1002,14:27:07,13.36,0.0,8,10688,卖盘
1003,14:28:19,13.38,0.02,128,171235,买盘
1004,14:28:42,13.38,0.0,8,10704,买盘
1005,14:28:49,13.38,0.0,11,14718,卖盘
1006,14:29:16,13.37,-0.01,10,13370,卖盘
1007,14:29:40,13.37,0.0,20,26740,卖盘
1008,14:29:49,13.38,0.01,126,168588,买盘
1009,14:30:22,13.38,0.0,7,9366,卖盘
1010,14:30:25,13.38,0.0,7,9366,卖盘
1011,14:30:31,13.38,0.0,7,9366,卖盘
1012,14:30:36,13.38,0.0,12,16056,卖盘
1013,14:31:07,13.38,0.0,3,4014,卖盘
1014,14:32:37,13.38,0.0,65,86970,卖盘
1015,14:32:42,13.37,-0.01,2,2674,卖盘
1016,14:33:04,13.37,0.0,82,109634,卖盘
1017,14:33:36,13.37,0.0,1,1337,卖盘
1018,14:33:51,13.37,0.0,106,141722,卖盘
1019,14:34:01,13.37,0.0,12,16044,卖盘
1020,14:34:13,13.37,0.0,6,8022,卖盘
1021,14:34:28,13.37,0.0,5,6685,买盘
1022,14:34:31,13.37,0.0,2,2674,买盘
1023,14:35:19,13.37,0.0,24,32088,买盘
1024,14:35:22,13.37,0.0,7,9359,卖盘
1025,14:35:34,13.37,0.0,1,1337,卖盘
1026,14:35:55,13.37,0.0,26,34762,卖盘
1027,14:35:58,13.36,-0.01,3,4008,卖盘
1028,14:36:01,13.36,0.0,7,9352,卖盘
1029,14:36:07,13.36,0.0,6,8016,卖盘
1030,14:36:09,13.36,0.0,1,1336,卖盘
1031,14:36:15,13.36,0.0,2,2672,卖盘
1032,14:37:13,13.36,0.0,10,13360,卖盘
1033,14:37:30,13.35,-0.01,307,409845,卖盘
1034,14:37:42,13.35,0.0,20,26700,买盘
1035,14:37:49,13.35,0.0,2,2670,卖盘
1036,14:37:51,13.35,0.0,2,2670,卖盘
1037,14:37:54,13.35,0.0,1,1335,卖盘
1038,14:38:06,13.36,0.01,3,4008,买盘
1039,14:38:16,13.35,-0.01,279,372465,卖盘
1040,14:38:24,13.34,-0.01,7,9340,卖盘
1041,14:39:07,13.34,0.0,1,1334,卖盘
1042,14:39:10,13.34,0.0,118,156745,卖盘
1043,14:39:16,13.34,0.0,301,401268,卖盘
1044,14:39:22,13.34,0.0,4,5336,买盘
1045,14:39:37,13.33,-0.01,88,117304,卖盘
1046,14:39:40,13.33,0.0,6,7998,卖盘
1047,14:39:42,13.34,0.01,49,65363,买盘
1048,14:39:46,13.34,0.0,20,26680,买盘
1049,14:39:58,13.34,0.0,30,40020,买盘
1050,14:40:01,13.34,0.0,5,6670,买盘
1051,14:40:04,13.34,0.0,42,56028,买盘
1052,14:40:09,13.34,0.0,7,9338,卖盘
1053,14:40:13,13.35,0.01,4,5339,买盘
1054,14:40:18,13.34,-0.01,100,133400,卖盘
1055,14:40:28,13.34,0.0,36,48024,卖盘
1056,14:40:40,13.34,0.0,95,126730,卖盘
1057,14:40:54,13.35,0.01,5,6675,买盘
1058,14:41:13,13.34,-0.01,13,17342,卖盘
1059,14:41:18,13.34,0.0,40,53360,卖盘
1060,14:41:22,13.34,0.0,5,6670,卖盘
1061,14:41:37,13.34,0.0,5,6670,卖盘
1062,14:41:40,13.34,0.0,16,21344,卖盘
1063,14:42:24,13.34,0.0,6,8004,卖盘
1064,14:42:43,13.35,0.01,2,2670,买盘
1065,14:42:55,13.34,-0.01,9,12006,卖盘
1066,14:42:57,13.34,0.0,6,8004,卖盘
1067,14:43:13,13.35,0.01,10,13350,买盘
1068,14:43:18,13.35,0.0,2,2670,买盘
1069,14:43:40,13.35,0.0,2,2670,买盘
1070,14:43:43,13.35,0.0,22,29370,买盘
1071,14:44:09,13.35,0.0,14,18690,买盘
1072,14:44:16,13.35,0.0,2,2670,买盘
1073,14:44:34,13.34,-0.01,5,6670,卖盘
1074,14:44:55,13.34,0.0,23,30682,卖盘
1075,14:44:58,13.34,0.0,5,6670,卖盘
1076,14:45:04,13.35,0.01,3,4005,买盘
1077,14:45:07,13.35,0.0,19,25365,买盘
1078,14:45:13,13.34,-0.01,1,1334,卖盘
1079,14:45:16,13.35,0.01,5,6675,买盘
1080,14:45:34,13.34,-0.01,13,17342,卖盘
1081,14:45:37,13.35,0.01,45,60074,买盘
1082,14:45:46,13.35,0.0,3,4005,买盘
1083,14:46:00,13.35,0.0,7,9345,买盘
1084,14:46:09,13.34,-0.01,24,32036,卖盘
1085,14:46:19,13.34,0.0,3,4002,卖盘
1086,14:46:34,13.35,0.01,4,5340,买盘
1087,14:46:42,13.35,0.0,29,38715,买盘
1088,14:46:57,13.34,-0.01,21,28014,卖盘
1089,14:47:04,13.34,0.0,45,60030,卖盘
1090,14:47:06,13.35,0.01,11,14685,买盘
1091,14:47:22,13.35,0.0,1,1335,买盘
1092,14:47:40,13.35,0.0,23,30705,买盘
1093,14:47:45,13.35,0.0,32,42720,买盘
1094,14:48:04,13.34,-0.01,100,133400,卖盘
1095,14:48:28,13.35,0.01,35,46725,买盘
1096,14:48:34,13.35,0.0,155,206925,买盘
1097,14:48:36,13.35,0.0,10,13350,卖盘
1098,14:48:42,13.35,0.0,44,58740,卖盘
1099,14:48:46,13.35,0.0,8,10680,卖盘
1100,14:48:49,13.35,0.0,5,6675,买盘
1101,14:48:55,13.35,0.0,10,13350,买盘
1102,14:48:58,13.34,-0.01,164,218810,卖盘
1103,14:49:04,13.34,0.0,5,6670,卖盘
1104,14:49:13,13.36,0.02,2,2672,买盘
1105,14:49:34,13.35,-0.01,4,5340,卖盘
1106,14:49:40,13.36,0.01,34,45424,买盘
1107,14:49:43,13.35,-0.01,11,14695,卖盘
1108,14:49:48,13.35,0.0,34,45390,卖盘
1109,14:50:01,13.35,0.0,81,108084,买盘
1110,14:50:04,13.35,0.0,142,189443,买盘
1111,14:50:10,13.34,-0.01,12,16008,卖盘
1112,14:50:13,13.35,0.01,10,13350,买盘
1113,14:50:16,13.34,-0.01,2,2668,卖盘
1114,14:50:30,13.35,0.01,15,20025,买盘
1115,14:50:34,13.34,-0.01,16,21349,卖盘
1116,14:50:37,13.34,0.0,23,30692,卖盘
1117,14:51:13,13.34,0.0,2,2668,卖盘
1118,14:51:19,13.34,0.0,4,5336,卖盘
1119,14:51:25,13.35,0.01,5,6675,买盘
1120,14:51:33,13.34,-0.01,12,16019,卖盘
1121,14:51:36,13.35,0.01,2,2670,买盘
1122,14:51:42,13.35,0.0,55,73251,买盘
1123,14:51:58,13.36,0.01,5,6680,买盘
1124,14:52:00,13.35,-0.01,20,26700,卖盘
1125,14:52:04,13.35,0.0,1,1335,卖盘
1126,14:52:10,13.36,0.01,23,30728,买盘
1127,14:52:13,13.36,0.0,9,12024,卖盘
1128,14:52:16,13.36,0.0,13,17368,卖盘
1129,14:52:21,13.36,0.0,18,24048,卖盘
1130,14:52:27,13.36,0.0,6,8016,卖盘
1131,14:52:34,13.37,0.01,37,49469,买盘
1132,14:52:54,13.37,0.0,19,25403,卖盘
1133,14:52:57,13.38,0.01,75,100350,买盘
1134,14:53:01,13.38,0.0,5,6690,买盘
1135,14:53:13,13.38,0.0,23,30774,买盘
1136,14:53:24,13.38,0.0,13,17394,卖盘
1137,14:53:27,13.38,0.0,2,2676,买盘
1138,14:53:40,13.38,0.0,32,42816,卖盘
1139,14:53:43,13.38,0.0,4,5352,卖盘
1140,14:53:45,13.39,0.01,138,184782,买盘
1141,14:53:48,13.39,0.0,16,21424,买盘
1142,14:53:54,13.4,0.01,7,9380,买盘
1143,14:54:06,13.4,0.0,107,142978,买盘
1144,14:54:09,13.41,0.01,11,14746,买盘
1145,14:54:12,13.4,-0.01,2,3082,卖盘
1146,14:54:19,13.4,0.0,8,10318,买盘
1147,14:54:25,13.4,0.0,1,1340,卖盘
1148,14:54:31,13.41,0.01,29,38889,买盘
1149,14:54:34,13.4,-0.01,125,167571,卖盘
1150,14:54:42,13.4,0.0,7,9380,卖盘
1151,14:54:45,13.4,0.0,10,13402,卖盘
1152,14:54:55,13.41,0.01,8,10728,买盘
1153,14:54:58,13.4,-0.01,227,304922,卖盘
1154,14:55:04,13.4,0.0,10,13400,买盘
1155,14:55:19,13.4,0.0,101,134938,买盘
1156,14:55:24,13.4,0.0,26,34840,卖盘
1157,14:55:28,13.4,0.0,8,10720,卖盘
1158,14:55:30,13.41,0.01,7,9387,买盘
1159,14:55:34,13.43,0.02,2,2686,买盘
1160,14:55:42,13.43,0.0,105,141015,买盘
1161,14:55:55,13.42,-0.01,2,2684,买盘
1162,14:56:01,13.42,0.0,15,20130,买盘
1163,14:56:04,13.43,0.01,26,34900,买盘
1164,14:56:10,13.42,-0.01,12,16104,卖盘
1165,14:56:16,13.42,0.0,20,26840,卖盘
1166,14:56:25,13.42,0.0,6,8052,卖盘
1167,14:56:27,13.41,-0.01,66,88526,卖盘
1168,14:56:33,13.41,0.0,5,6705,卖盘
1169,14:56:39,13.41,0.0,1,1341,卖盘
1170,14:56:54,13.42,0.01,4,5368,买盘
1171,14:56:57,13.41,-0.01,10,13410,卖盘
1172,14:57:01,13.42,0.01,13,17446,买盘
1173,15:00:04,13.41,-0.01,455,610155,卖盘
