,time,price,change,volume,amount,type
0,09:25:04,37.0,-0.02,410,1517000,买盘
1,09:30:04,37.01,0.01,122,451327,买盘
2,09:30:07,36.98,-0.03,165,609152,卖盘
3,09:30:10,36.98,0.0,148,547083,买盘
4,09:30:13,36.9,-0.08,46,170038,卖盘
5,09:30:19,36.85,-0.05,4,14755,卖盘
6,09:30:22,36.82,-0.03,2,7364,卖盘
7,09:30:25,36.82,0.0,6,22098,卖盘
8,09:30:28,36.73,-0.09,14,51430,卖盘
9,09:30:31,36.71,-0.02,34,124863,卖盘
10,09:30:34,36.74,0.03,24,88161,买盘
11,09:30:37,36.71,-0.03,17,62454,卖盘
12,09:30:40,36.74,0.03,32,117514,买盘
13,09:30:43,36.7,-0.04,17,62412,卖盘
14,09:30:46,36.71,0.01,22,80762,买盘
15,09:30:49,36.7,-0.01,34,124811,卖盘
16,09:30:52,36.7,0.0,32,117320,买盘
17,09:30:55,36.68,-0.02,5,18344,中性盘
18,09:30:58,36.7,0.02,9,33022,买盘
19,09:31:01,36.58,-0.12,9,32966,卖盘
20,09:31:05,36.58,0.0,6,21951,卖盘
21,09:31:07,36.64,0.06,21,76887,中性盘
22,09:31:10,36.59,-0.05,16,58568,中性盘
23,09:31:16,36.53,-0.06,61,223006,卖盘
24,09:31:19,36.59,0.06,17,62203,中性盘
25,09:31:22,36.6,0.01,14,51255,卖盘
26,09:31:25,36.53,-0.07,34,124366,卖盘
27,09:31:28,36.6,0.07,23,84094,中性盘
28,09:31:31,36.6,0.0,5,18300,中性盘
29,09:31:34,36.64,0.04,52,190414,买盘
30,09:31:37,36.64,0.0,3,10992,卖盘
31,09:31:40,36.6,-0.04,5,18302,卖盘
32,09:31:43,36.63,0.03,12,43954,买盘
33,09:31:46,36.63,0.0,11,40293,买盘
34,09:31:49,36.62,-0.01,11,40286,中性盘
35,09:31:52,36.56,-0.06,71,259880,卖盘
36,09:31:55,36.63,0.07,20,73288,中性盘
37,09:32:04,36.63,0.0,3,10989,卖盘
38,09:32:07,36.63,0.0,2,7326,卖盘
39,09:32:10,36.66,0.03,26,95310,买盘
40,09:32:13,36.64,-0.02,14,51298,卖盘
41,09:32:16,36.66,0.02,26,95266,买盘
42,09:32:19,36.66,0.0,1,3666,买盘
43,09:32:22,36.7,0.04,6,22013,买盘
44,09:32:25,36.66,-0.04,30,109980,卖盘
45,09:32:28,36.7,0.04,10,36700,买盘
46,09:32:31,36.7,0.0,1,3670,买盘
47,09:32:34,36.71,0.01,12,44044,买盘
48,09:32:37,36.7,-0.01,23,84415,卖盘
49,09:32:40,36.7,0.0,39,143148,卖盘
50,09:32:43,36.7,0.0,27,99110,卖盘
51,09:32:46,36.71,0.01,9,33039,买盘
52,09:32:49,36.71,0.0,27,99114,买盘
53,09:32:58,36.72,0.01,5,18364,卖盘
54,09:33:01,36.74,0.02,2,7349,卖盘
55,09:33:04,36.74,0.0,3,11022,买盘
56,09:33:13,36.76,0.02,26,95778,卖盘
57,09:33:16,36.88,0.12,18,66237,买盘
58,09:33:19,36.74,-0.14,19,69825,卖盘
59,09:33:22,36.76,0.02,5,18384,卖盘
60,09:33:31,36.79,0.03,16,58974,卖盘
61,09:33:34,36.8,0.01,1,3680,中性盘
62,09:33:37,36.89,0.09,39,143800,买盘
63,09:33:40,36.89,0.0,15,55335,卖盘
64,09:33:43,36.89,0.0,3,11067,卖盘
65,09:33:46,36.88,-0.01,50,184436,卖盘
66,09:33:49,36.89,0.01,18,66408,中性盘
67,09:33:52,36.89,0.0,4,14754,买盘
68,09:33:55,36.89,0.0,17,62704,买盘
69,09:33:58,36.89,0.0,4,14754,买盘
70,09:34:01,36.9,0.01,32,118065,买盘
71,09:34:04,36.93,0.03,25,92268,买盘
72,09:34:10,36.93,0.0,3,11079,买盘
73,09:34:13,36.93,0.0,23,84918,买盘
74,09:34:16,36.93,0.0,23,84886,买盘
75,09:34:19,36.9,-0.03,13,47975,卖盘
76,09:34:22,36.89,-0.01,10,36899,卖盘
77,09:34:25,36.96,0.07,16,59163,买盘
78,09:34:28,36.92,-0.04,4,14769,卖盘
79,09:34:31,36.9,-0.02,7,25830,卖盘
80,09:34:34,36.95,0.05,20,73884,买盘
81,09:34:37,36.95,0.0,8,29560,买盘
82,09:34:40,36.9,-0.05,92,339675,卖盘
83,09:34:43,36.93,0.03,1,3693,卖盘
84,09:34:46,36.95,0.02,6,22170,卖盘
85,09:34:49,36.95,0.0,17,62815,买盘
86,09:34:52,36.98,0.03,16,59167,买盘
87,09:34:55,37.0,0.02,39,144264,买盘
88,09:34:58,36.99,-0.01,18,66596,卖盘
89,09:35:01,37.0,0.01,6,22199,中性盘
90,09:35:04,37.05,0.05,12,44446,买盘
91,09:35:13,37.07,0.02,43,159357,买盘
92,09:35:16,37.07,0.0,6,22236,买盘
93,09:35:19,37.1,0.03,11,40776,买盘
94,09:35:22,37.07,-0.03,2,7414,卖盘
95,09:35:25,37.11,0.04,1,3711,买盘
96,09:35:28,37.09,-0.02,13,48224,卖盘
97,09:35:31,37.11,0.02,31,114994,买盘
98,09:35:34,37.11,0.0,14,52003,卖盘
99,09:35:37,37.16,0.05,16,59391,买盘
100,09:35:40,37.17,0.01,17,63127,买盘
101,09:35:43,37.16,-0.01,7,26014,中性盘
102,09:35:46,37.16,0.0,12,44594,卖盘
103,09:35:49,37.2,0.04,18,66903,买盘
104,09:35:52,37.18,-0.02,9,33459,中性盘
105,09:35:55,37.17,-0.01,11,40888,卖盘
106,09:35:58,37.2,0.03,4,14880,买盘
107,09:36:01,37.2,0.0,31,115296,卖盘
108,09:36:04,37.2,0.0,22,81842,中性盘
109,09:36:07,37.17,-0.03,108,401781,卖盘
110,09:36:10,37.25,0.08,49,182365,买盘
111,09:36:13,37.23,-0.02,56,208223,中性盘
112,09:36:16,37.16,-0.07,206,766149,卖盘
113,09:36:19,37.2,0.04,23,85480,买盘
114,09:36:22,37.25,0.05,16,59597,中性盘
115,09:36:25,37.23,-0.02,17,63321,卖盘
116,09:36:28,37.23,0.0,7,26063,卖盘
117,09:36:31,37.2,-0.03,20,74461,卖盘
118,09:36:34,37.23,0.03,9,33509,中性盘
119,09:36:37,37.24,0.01,40,148859,买盘
120,09:36:40,37.23,-0.01,27,100509,中性盘
121,09:36:43,37.18,-0.05,22,81841,卖盘
122,09:36:46,37.18,0.0,17,63206,买盘
123,09:36:49,37.18,0.0,11,40895,买盘
124,09:36:52,37.17,-0.01,17,63199,卖盘
125,09:36:55,37.17,0.0,7,26018,卖盘
126,09:36:58,37.16,-0.01,124,460938,卖盘
127,09:37:01,37.15,-0.01,13,48312,卖盘
128,09:37:04,37.14,-0.01,11,40872,卖盘
129,09:37:06,37.11,-0.03,18,66822,卖盘
130,09:37:10,37.1,-0.01,21,77947,卖盘
131,09:37:16,37.11,0.01,10,37115,中性盘
132,09:37:19,37.03,-0.08,18,66676,卖盘
133,09:37:22,37.1,0.07,4,14819,买盘
134,09:37:25,37.1,0.0,7,25970,买盘
135,09:37:28,37.05,-0.05,5,18525,卖盘
136,09:37:31,37.01,-0.04,7,25919,卖盘
137,09:37:34,37.03,0.02,13,48127,买盘
138,09:37:37,37.03,0.0,7,25917,买盘
139,09:37:40,37.05,0.02,6,22228,买盘
140,09:37:43,37.0,-0.05,116,429278,卖盘
141,09:37:46,37.01,0.01,10,37010,买盘
142,09:37:49,37.01,0.0,8,29608,买盘
143,09:37:52,37.01,0.0,7,25907,买盘
144,09:37:55,37.01,0.0,12,44402,买盘
145,09:37:58,37.0,-0.01,32,118412,卖盘
146,09:38:01,37.0,0.0,5,18500,卖盘
147,09:38:04,37.03,0.03,20,74039,买盘
148,09:38:07,37.01,-0.02,2,7402,卖盘
149,09:38:10,37.0,-0.01,28,103613,卖盘
150,09:38:13,37.01,0.01,14,51815,中性盘
151,09:38:16,37.02,0.01,4,14807,买盘
152,09:38:19,37.01,-0.01,1,3701,卖盘
153,09:38:22,37.03,0.02,16,59234,买盘
154,09:38:25,37.01,-0.02,3,11105,卖盘
155,09:38:28,37.02,0.01,10,37020,卖盘
156,09:38:31,37.03,0.01,2,7406,买盘
157,09:38:34,37.03,0.0,7,25921,买盘
158,09:38:37,37.03,0.0,4,14812,卖盘
159,09:38:40,37.04,0.01,2,7408,买盘
160,09:38:43,37.05,0.01,15,55562,买盘
161,09:38:46,37.07,0.02,1,3707,卖盘
162,09:38:52,37.09,0.02,1,3709,中性盘
163,09:38:55,37.1,0.01,3,11129,买盘
164,09:38:58,37.1,0.0,11,40801,买盘
165,09:39:01,37.07,-0.03,16,59312,卖盘
166,09:39:04,37.09,0.02,12,44494,买盘
167,09:39:07,37.09,0.0,26,96385,买盘
168,09:39:10,37.04,-0.05,108,400543,卖盘
169,09:39:13,37.1,0.06,84,311610,买盘
170,09:39:16,37.1,0.0,18,66780,卖盘
171,09:39:19,37.04,-0.06,15,55566,卖盘
172,09:39:22,37.06,0.02,9,33354,买盘
173,09:39:25,37.07,0.01,15,55601,买盘
174,09:39:28,37.05,-0.02,4,14820,卖盘
175,09:39:34,37.04,-0.01,8,29628,卖盘
176,09:39:37,37.04,0.0,7,25927,买盘
177,09:39:40,37.07,0.03,22,81501,买盘
178,09:39:43,37.07,0.0,23,85223,买盘
179,09:39:46,37.07,0.0,6,22238,买盘
180,09:39:49,37.06,-0.01,29,107552,卖盘
181,09:39:52,37.06,0.0,1,3706,卖盘
182,09:39:55,37.11,0.05,57,211374,买盘
183,09:39:58,37.09,-0.02,4,14827,买盘
184,09:40:01,37.1,0.01,10,37086,买盘
185,09:40:04,37.15,0.05,13,48280,买盘
186,09:40:07,37.1,-0.05,11,40810,卖盘
187,09:40:10,37.1,0.0,3,11130,卖盘
188,09:40:13,37.15,0.05,3,11145,买盘
189,09:40:16,37.15,0.0,23,85425,买盘
190,09:40:19,37.15,0.0,20,74305,卖盘
191,09:40:22,37.15,0.0,30,111491,卖盘
192,09:40:28,37.2,0.05,17,63177,买盘
193,09:40:31,37.2,0.0,9,33480,买盘
194,09:40:34,37.2,0.0,11,40920,买盘
195,09:40:37,37.21,0.01,3,11163,买盘
196,09:40:40,37.22,0.01,1,3722,买盘
197,09:40:43,37.22,0.0,8,29782,卖盘
198,09:40:46,37.22,0.0,43,159990,卖盘
199,09:40:49,37.22,0.0,6,22340,卖盘
200,09:40:52,37.26,0.04,31,115490,买盘
201,09:40:55,37.25,-0.01,10,37250,卖盘
202,09:40:58,37.25,0.0,1,3725,卖盘
203,09:41:01,37.23,-0.02,123,458134,卖盘
204,09:41:04,37.38,0.15,28,104435,买盘
205,09:41:07,37.25,-0.13,106,395415,卖盘
206,09:41:10,37.26,0.01,10,37280,中性盘
207,09:41:13,37.26,0.0,14,52360,卖盘
208,09:41:16,37.39,0.13,56,208644,中性盘
209,09:41:19,37.38,-0.01,65,243005,卖盘
210,09:41:22,37.39,0.01,3,11217,卖盘
211,09:41:25,37.39,0.0,5,18695,卖盘
212,09:41:28,37.45,0.06,75,280700,买盘
213,09:41:31,37.43,-0.02,22,82312,中性盘
214,09:41:34,37.46,0.03,98,366914,买盘
215,09:41:37,37.46,0.0,11,41206,卖盘
216,09:41:40,37.46,0.0,20,74920,卖盘
217,09:41:43,37.48,0.02,50,187317,买盘
218,09:41:46,37.49,0.01,58,217294,买盘
219,09:41:49,37.49,0.0,28,104953,中性盘
220,09:41:52,37.49,0.0,40,149994,卖盘
221,09:41:55,37.56,0.07,2,7508,买盘
222,09:41:58,37.5,-0.06,16,60080,中性盘
223,09:42:01,37.58,0.08,21,78835,买盘
224,09:42:05,37.57,-0.01,14,52591,中性盘
225,09:42:07,37.59,0.02,35,131465,买盘
226,09:42:10,37.58,-0.01,16,60070,中性盘
227,09:42:13,37.58,0.0,26,97726,卖盘
228,09:42:16,37.58,0.0,20,75165,卖盘
229,09:42:19,37.58,0.0,13,48857,卖盘
230,09:42:22,37.59,0.01,65,244398,卖盘
231,09:42:25,37.59,0.0,13,48876,卖盘
232,09:42:28,37.58,-0.01,12,45102,卖盘
233,09:42:31,37.58,0.0,53,199205,买盘
234,09:42:34,37.56,-0.02,30,112749,卖盘
235,09:42:37,37.5,-0.06,8,30000,卖盘
236,09:42:40,37.55,0.05,12,45060,买盘
237,09:42:46,37.51,-0.04,35,131286,中性盘
238,09:42:49,37.5,-0.01,78,292501,卖盘
239,09:42:52,37.5,0.0,10,37490,买盘
240,09:42:55,37.5,0.0,81,303748,买盘
241,09:42:58,37.45,-0.05,105,393481,卖盘
242,09:43:01,37.3,-0.15,1,3730,卖盘
243,09:43:04,37.45,0.15,26,97360,买盘
244,09:43:07,37.3,-0.15,5,18650,卖盘
245,09:43:13,37.27,-0.03,8,29893,卖盘
246,09:43:16,37.3,0.03,1,3730,中性盘
247,09:43:19,37.44,0.14,19,71099,买盘
248,09:43:22,37.26,-0.18,22,82031,卖盘
249,09:43:28,37.43,0.17,17,63583,买盘
250,09:43:31,37.28,-0.15,12,44760,卖盘
251,09:43:34,37.3,0.02,5,18650,中性盘
252,09:43:37,37.32,0.02,6,22408,买盘
253,09:43:43,37.44,0.12,23,86055,买盘
254,09:43:46,37.4,-0.04,2,7480,买盘
255,09:43:49,37.4,0.0,56,209149,买盘
256,09:43:52,37.32,-0.08,10,37320,中性盘
257,09:43:55,37.39,0.07,6,22434,买盘
258,09:44:01,37.4,0.01,11,41092,买盘
259,09:44:07,37.39,-0.01,15,56090,卖盘
260,09:44:10,37.33,-0.06,16,59782,卖盘
261,09:44:13,37.39,0.06,3,11217,买盘
262,09:44:16,37.4,0.01,55,205677,买盘
263,09:44:19,37.4,0.0,2,7480,卖盘
264,09:44:22,37.39,-0.01,27,100962,卖盘
265,09:44:25,37.35,-0.04,5,18675,买盘
266,09:44:28,37.39,0.04,6,22434,卖盘
267,09:44:34,37.39,0.0,20,74780,卖盘
268,09:44:37,37.4,0.01,12,44880,买盘
269,09:44:40,37.4,0.0,52,194466,卖盘
270,09:44:43,37.4,0.0,2,7480,卖盘
271,09:44:46,37.45,0.05,13,48674,买盘
272,09:44:52,37.43,-0.02,28,104812,卖盘
273,09:44:55,37.45,0.02,3,11234,买盘
274,09:44:57,37.47,0.02,15,56193,买盘
275,09:45:01,37.47,0.0,2,7494,卖盘
276,09:45:04,37.51,0.04,177,663709,买盘
277,09:45:10,37.5,-0.01,18,67503,卖盘
278,09:45:13,37.54,0.04,13,48764,买盘
279,09:45:16,37.59,0.05,41,154006,买盘
280,09:45:19,37.59,0.0,11,41337,买盘
281,09:45:22,37.6,0.01,5,18800,买盘
282,09:45:25,37.6,0.0,11,41360,买盘
283,09:45:28,37.61,0.01,32,120321,买盘
284,09:45:31,37.62,0.01,2,7524,买盘
285,09:45:34,37.64,0.02,23,86541,买盘
286,09:45:37,37.61,-0.03,45,169284,卖盘
287,09:45:40,37.62,0.01,19,71515,中性盘
288,09:45:43,37.69,0.07,18,67768,买盘
289,09:45:46,37.7,0.01,7,26384,买盘
290,09:45:49,37.7,0.0,24,90466,买盘
291,09:45:52,37.69,-0.01,22,82918,卖盘
292,09:45:55,37.7,0.01,44,165911,买盘
293,09:45:58,37.76,0.06,26,98042,买盘
294,09:46:01,37.77,0.01,13,49099,中性盘
295,09:46:04,37.71,-0.06,19,71708,卖盘
296,09:46:07,37.79,0.08,38,143536,买盘
297,09:46:10,37.7,-0.09,167,629954,卖盘
298,09:46:13,37.7,0.0,59,222279,买盘
299,09:46:16,37.7,0.0,94,354340,买盘
300,09:46:19,37.69,-0.01,114,429755,中性盘
301,09:46:22,37.62,-0.07,82,308830,卖盘
302,09:46:25,37.7,0.08,6,22620,买盘
303,09:46:28,37.69,-0.01,19,71552,买盘
304,09:46:31,37.61,-0.08,75,282577,中性盘
305,09:46:34,37.59,-0.02,40,150406,卖盘
306,09:46:37,37.59,0.0,12,45116,卖盘
307,09:46:40,37.61,0.02,19,71457,买盘
308,09:46:43,37.62,0.01,17,63923,买盘
309,09:46:46,37.59,-0.03,7,26313,卖盘
310,09:46:49,37.57,-0.02,64,240469,卖盘
311,09:46:52,37.43,-0.14,48,179867,卖盘
312,09:46:55,37.53,0.1,4,15012,中性盘
313,09:46:58,37.53,0.0,17,63801,买盘
314,09:47:01,37.45,-0.08,2,7490,中性盘
315,09:47:06,37.53,0.08,52,195056,买盘
316,09:47:10,37.45,-0.08,13,48721,卖盘
317,09:47:13,37.48,0.03,13,48715,买盘
318,09:47:16,37.48,0.0,11,41237,卖盘
319,09:47:19,37.52,0.04,14,52454,买盘
320,09:47:22,37.5,-0.02,2,7500,中性盘
321,09:47:28,37.52,0.02,2,7504,买盘
322,09:47:31,37.43,-0.09,42,157399,卖盘
323,09:47:34,37.52,0.09,44,164800,买盘
324,09:47:37,37.52,0.0,5,18760,卖盘
325,09:47:40,37.52,0.0,15,56280,卖盘
326,09:47:43,37.53,0.01,29,108834,买盘
327,09:47:46,37.5,-0.03,8,30005,卖盘
328,09:47:49,37.5,0.0,1,3750,卖盘
329,09:47:52,37.5,0.0,59,221380,卖盘
330,09:47:55,37.52,0.02,6,22512,买盘
331,09:47:58,37.5,-0.02,3,11256,卖盘
332,09:48:01,37.5,0.0,32,120009,卖盘
333,09:48:04,37.51,0.01,44,165008,买盘
334,09:48:07,37.52,0.01,11,41260,卖盘
335,09:48:10,37.46,-0.06,3,11242,卖盘
336,09:48:13,37.46,0.0,5,18730,买盘
337,09:48:16,37.52,0.06,9,33735,买盘
338,09:48:19,37.5,-0.02,1,3750,卖盘
339,09:48:22,37.5,0.0,1,3750,卖盘
340,09:48:25,37.5,0.0,5,18750,卖盘
341,09:48:27,37.52,0.02,20,75040,买盘
342,09:48:31,37.5,-0.02,15,56252,卖盘
343,09:48:37,37.5,0.0,17,63750,买盘
344,09:48:40,37.5,0.0,12,45000,买盘
345,09:48:43,37.47,-0.03,6,22497,卖盘
346,09:48:46,37.5,0.03,41,153741,买盘
347,09:48:49,37.45,-0.05,34,127364,卖盘
348,09:48:52,37.43,-0.02,22,82374,卖盘
349,09:48:58,37.52,0.09,26,97491,买盘
350,09:49:01,37.45,-0.07,4,14980,卖盘
351,09:49:04,37.42,-0.03,21,78591,卖盘
352,09:49:07,37.42,0.0,8,29957,买盘
353,09:49:10,37.45,0.03,4,14980,卖盘
354,09:49:13,37.46,0.01,2,7492,买盘
355,09:49:16,37.42,-0.04,12,44907,卖盘
356,09:49:22,37.4,-0.02,19,71068,卖盘
357,09:49:25,37.42,0.02,1,3742,买盘
358,09:49:28,37.44,0.02,34,127236,买盘
359,09:49:31,37.42,-0.02,7,26194,卖盘
360,09:49:34,37.41,-0.01,3,11224,卖盘
361,09:49:37,37.42,0.01,1,3742,中性盘
362,09:49:40,37.41,-0.01,6,22446,卖盘
363,09:49:43,37.42,0.01,20,74840,买盘
364,09:49:46,37.38,-0.04,10,37402,卖盘
365,09:49:49,37.38,0.0,6,22428,买盘
366,09:49:52,37.38,0.0,4,14948,买盘
367,09:49:55,37.36,-0.02,2,7472,卖盘
368,09:49:58,37.36,0.0,1,3736,卖盘
369,09:50:01,37.32,-0.04,18,67199,卖盘
370,09:50:10,37.33,0.01,2,7465,买盘
371,09:50:13,37.33,0.0,48,179116,买盘
372,09:50:16,37.32,-0.01,10,37320,中性盘
373,09:50:19,37.33,0.01,24,89570,买盘
374,09:50:22,37.3,-0.03,25,93290,卖盘
375,09:50:25,37.3,0.0,14,52220,卖盘
376,09:50:28,37.3,0.0,14,52220,卖盘
377,09:50:31,37.32,0.02,11,41072,卖盘
378,09:50:34,37.3,-0.02,13,48520,卖盘
379,09:50:37,37.36,0.06,29,108306,买盘
380,09:50:46,37.31,-0.05,7,26120,卖盘
381,09:50:49,37.3,-0.01,3,11192,卖盘
382,09:50:52,37.32,0.02,8,29853,买盘
383,09:51:01,37.32,0.0,21,78384,卖盘
384,09:51:04,37.35,0.03,7,26145,买盘
385,09:51:06,37.32,-0.03,1,3732,卖盘
386,09:51:10,37.32,0.0,33,123162,卖盘
387,09:51:13,37.35,0.03,8,29880,买盘
388,09:51:19,37.35,0.0,1,3735,卖盘
389,09:51:22,37.35,0.0,45,167974,卖盘
390,09:51:25,37.36,0.01,1,3736,买盘
391,09:51:28,37.37,0.01,7,26158,中性盘
392,09:51:31,37.37,0.0,1,3737,卖盘
393,09:51:34,37.37,0.0,11,41107,卖盘
394,09:51:37,37.41,0.04,19,71071,买盘
395,09:51:40,37.36,-0.05,56,209224,卖盘
396,09:51:43,37.45,0.09,15,56166,买盘
397,09:51:52,37.45,0.0,8,29960,卖盘
398,09:51:55,37.46,0.01,24,89889,买盘
399,09:51:58,37.5,0.04,4,14999,买盘
400,09:52:01,37.26,-0.24,245,915647,卖盘
401,09:52:04,37.5,0.24,3,11247,买盘
402,09:52:07,37.5,0.0,14,52504,卖盘
403,09:52:10,37.49,-0.01,11,41247,中性盘
404,09:52:13,37.41,-0.08,5,18720,卖盘
405,09:52:16,37.46,0.05,10,37436,买盘
406,09:52:25,37.3,-0.16,23,85857,卖盘
407,09:52:31,37.3,0.0,8,29840,卖盘
408,09:52:34,37.3,0.0,20,74584,卖盘
409,09:52:37,37.3,0.0,2,7460,卖盘
410,09:52:40,37.3,0.0,9,33575,卖盘
411,09:52:43,37.3,0.0,48,179040,买盘
412,09:52:46,37.36,0.06,20,74668,买盘
413,09:52:49,37.36,0.0,18,67149,买盘
414,09:52:52,37.26,-0.1,12,44724,卖盘
415,09:52:55,37.3,0.04,39,145451,买盘
416,09:52:58,37.26,-0.04,10,37268,卖盘
417,09:53:01,37.3,0.04,11,41020,买盘
418,09:53:04,37.3,0.0,28,104440,买盘
419,09:53:07,37.3,0.0,18,67170,卖盘
420,09:53:13,37.3,0.0,2,7460,卖盘
421,09:53:16,37.31,0.01,2,7462,中性盘
422,09:53:19,37.35,0.04,17,63451,买盘
423,09:53:22,37.31,-0.04,12,44775,卖盘
424,09:53:25,37.34,0.03,4,14933,买盘
425,09:53:28,37.31,-0.03,5,18661,卖盘
426,09:53:34,37.34,0.03,18,67171,买盘
427,09:53:40,37.35,0.01,17,63482,买盘
428,09:53:43,37.36,0.01,100,373571,买盘
429,09:53:46,37.3,-0.06,51,190293,卖盘
430,09:53:49,37.36,0.06,32,119552,买盘
431,09:53:52,37.35,-0.01,1,3735,卖盘
432,09:53:58,37.36,0.01,15,56040,卖盘
433,09:54:01,37.35,-0.01,7,26148,卖盘
434,09:54:04,37.36,0.01,2,7472,买盘
435,09:54:07,37.34,-0.02,13,48547,卖盘
436,09:54:10,37.34,0.0,2,7468,买盘
437,09:54:16,37.32,-0.02,8,29856,卖盘
438,09:54:22,37.32,0.0,5,18660,买盘
439,09:54:25,37.32,0.0,17,63444,买盘
440,09:54:28,37.32,0.0,8,29856,买盘
441,09:54:31,37.31,-0.01,10,37319,卖盘
442,09:54:34,37.3,-0.01,22,82071,卖盘
443,09:54:37,37.32,0.02,1,3732,买盘
444,09:54:40,37.32,0.0,8,29849,买盘
445,09:54:43,37.32,0.0,1,3732,买盘
446,09:54:46,37.3,-0.02,22,82064,卖盘
447,09:54:49,37.32,0.02,10,37314,买盘
448,09:54:52,37.31,-0.01,3,11195,中性盘
449,09:54:55,37.32,0.01,15,55969,买盘
450,09:54:58,37.32,0.0,16,59682,买盘
451,09:55:01,37.32,0.0,21,78372,买盘
452,09:55:04,37.32,0.0,8,29855,买盘
453,09:55:07,37.32,0.0,31,115679,买盘
454,09:55:10,37.32,0.0,2,7464,卖盘
455,09:55:13,37.3,-0.02,47,175410,卖盘
456,09:55:16,37.3,0.0,3,11190,买盘
457,09:55:19,37.3,0.0,10,37300,买盘
458,09:55:22,37.3,0.0,1,3730,买盘
459,09:55:25,37.3,0.0,3,11190,买盘
460,09:55:31,37.3,0.0,18,67140,买盘
461,09:55:34,37.29,-0.01,15,55946,卖盘
462,09:55:37,37.28,-0.01,1,3728,卖盘
463,09:55:40,37.29,0.01,32,119328,买盘
464,09:55:43,37.29,0.0,2,7458,买盘
465,09:55:46,37.29,0.0,1,3729,买盘
466,09:55:49,37.28,-0.01,22,82026,卖盘
467,09:55:52,37.28,0.0,12,44736,买盘
468,09:55:55,37.28,0.0,21,78287,买盘
469,09:55:58,37.28,0.0,3,11183,买盘
470,09:56:01,37.28,0.0,4,14911,买盘
471,09:56:04,37.27,-0.01,2,7454,卖盘
472,09:56:07,37.27,0.0,15,55906,买盘
473,09:56:10,37.27,0.0,27,100623,买盘
474,09:56:13,37.28,0.01,99,369053,买盘
475,09:56:22,37.26,-0.02,79,294465,卖盘
476,09:56:25,37.28,0.02,7,26084,买盘
477,09:56:28,37.28,0.0,17,63381,卖盘
478,09:56:37,37.29,0.01,22,82038,买盘
479,09:56:46,37.3,0.01,71,264764,买盘
480,09:56:49,37.33,0.03,18,67184,买盘
481,09:57:01,37.35,0.02,12,44812,买盘
482,09:57:10,37.39,0.04,2,7475,买盘
483,09:57:13,37.39,0.0,3,11217,买盘
484,09:57:16,37.4,0.01,14,52357,买盘
485,09:57:19,37.39,-0.01,16,59835,卖盘
486,09:57:31,37.44,0.05,3,11232,中性盘
487,09:57:34,37.44,0.0,6,22464,买盘
488,09:57:37,37.44,0.0,2,7488,买盘
489,09:57:40,37.44,0.0,2,7488,买盘
490,09:57:43,37.44,0.0,5,18720,买盘
491,09:57:46,37.46,0.02,3,11238,买盘
492,09:57:49,37.46,0.0,3,11238,买盘
493,09:57:52,37.5,0.04,7,26248,买盘
494,09:57:55,37.5,0.0,1,3750,卖盘
495,09:58:04,37.57,0.07,9,33801,买盘
496,09:58:10,37.53,-0.04,15,56331,卖盘
497,09:58:19,37.54,0.01,3,11262,卖盘
498,09:58:22,37.59,0.05,11,41333,买盘
499,09:58:25,37.53,-0.06,18,67599,卖盘
500,09:58:28,37.54,0.01,7,26282,中性盘
501,09:58:31,37.54,0.0,31,116375,卖盘
502,09:58:34,37.6,0.06,62,233016,买盘
503,09:58:40,37.6,0.0,1,3760,卖盘
504,09:58:43,37.6,0.0,1,3760,卖盘
505,09:58:49,37.62,0.02,11,41382,买盘
506,09:58:52,37.65,0.03,2,7530,买盘
507,09:58:55,37.6,-0.05,12,45122,卖盘
508,09:58:58,37.65,0.05,5,18825,买盘
509,09:59:01,37.62,-0.03,19,71525,卖盘
510,09:59:07,37.61,-0.01,17,63953,卖盘
511,09:59:10,37.6,-0.01,26,97767,卖盘
512,09:59:13,37.6,0.0,5,18800,买盘
513,09:59:16,37.6,0.0,2,7520,买盘
514,09:59:19,37.51,-0.09,84,315409,卖盘
515,09:59:22,37.54,0.03,3,11262,中性盘
516,09:59:25,37.55,0.01,8,30039,买盘
517,09:59:28,37.5,-0.05,12,45000,卖盘
518,09:59:31,37.5,0.0,15,56250,卖盘
519,09:59:37,37.5,0.0,4,15000,卖盘
520,09:59:40,37.51,0.01,12,45002,买盘
521,09:59:43,37.51,0.0,18,67504,买盘
522,09:59:49,37.55,0.04,11,41305,买盘
523,09:59:55,37.51,-0.04,7,26257,卖盘
524,09:59:58,37.51,0.0,1,3751,卖盘
525,10:00:04,37.51,0.0,6,22506,卖盘
526,10:00:07,37.55,0.04,5,18775,买盘
527,10:00:10,37.57,0.02,2,7514,买盘
528,10:00:13,37.55,-0.02,5,18775,卖盘
529,10:00:19,37.55,0.0,1,3755,卖盘
530,10:00:25,37.6,0.05,19,71434,买盘
531,10:00:28,37.6,0.0,6,22560,卖盘
532,10:00:31,37.61,0.01,2,7522,买盘
533,10:00:34,37.61,0.0,8,30088,买盘
534,10:00:37,37.6,-0.01,11,41364,卖盘
535,10:00:40,37.64,0.04,22,82804,买盘
536,10:00:46,37.64,0.0,13,48919,买盘
537,10:00:49,37.64,0.0,22,82808,买盘
538,10:00:58,37.69,0.05,70,263561,买盘
539,10:01:01,37.7,0.01,10,37696,买盘
540,10:01:04,37.63,-0.07,49,184429,卖盘
541,10:01:07,37.7,0.07,11,41441,买盘
542,10:01:10,37.64,-0.06,3,11292,中性盘
543,10:01:13,37.64,0.0,17,63988,买盘
544,10:01:19,37.63,-0.01,21,79034,卖盘
545,10:01:25,37.69,0.06,21,79139,买盘
546,10:01:28,37.64,-0.05,6,22584,卖盘
547,10:01:31,37.64,0.0,3,11292,卖盘
548,10:01:34,37.63,-0.01,22,82798,卖盘
549,10:01:37,37.62,-0.01,8,30096,卖盘
550,10:01:40,37.62,0.0,6,22572,买盘
551,10:01:43,37.63,0.01,15,56440,买盘
552,10:01:46,37.61,-0.02,16,60193,卖盘
553,10:01:49,37.6,-0.01,12,45120,卖盘
554,10:01:55,37.6,0.0,8,30080,卖盘
555,10:01:58,37.55,-0.05,23,86404,卖盘
556,10:02:04,37.59,0.04,6,22556,中性盘
557,10:02:19,37.58,-0.01,14,52563,买盘
558,10:02:22,37.58,0.0,8,30066,买盘
559,10:02:25,37.58,0.0,1,3758,卖盘
560,10:02:28,37.58,0.0,16,60092,买盘
561,10:02:31,37.53,-0.05,12,45076,卖盘
562,10:02:34,37.53,0.0,10,37530,卖盘
563,10:02:37,37.58,0.05,12,45096,买盘
564,10:02:40,37.54,-0.04,5,18770,中性盘
565,10:02:43,37.52,-0.02,30,112597,卖盘
566,10:02:46,37.53,0.01,6,22533,中性盘
567,10:02:52,37.53,0.0,4,15012,卖盘
568,10:02:55,37.53,0.0,7,26271,卖盘
569,10:02:58,37.53,0.0,64,240192,买盘
570,10:03:04,37.53,0.0,1,3753,买盘
571,10:03:07,37.53,0.0,8,30023,买盘
572,10:03:10,37.52,-0.01,16,60047,卖盘
573,10:03:13,37.52,0.0,3,11256,卖盘
574,10:03:16,37.53,0.01,1,3753,买盘
575,10:03:19,37.52,-0.01,2,7504,卖盘
576,10:03:22,37.52,0.0,22,82551,卖盘
577,10:03:31,37.52,0.0,10,37520,卖盘
578,10:03:34,37.53,0.01,11,41285,买盘
579,10:03:37,37.52,-0.01,1,3752,卖盘
580,10:03:43,37.52,0.0,4,15010,卖盘
581,10:03:46,37.52,0.0,3,11256,卖盘
582,10:03:49,37.54,0.02,10,37540,买盘
583,10:03:52,37.54,0.0,2,7508,卖盘
584,10:03:55,37.54,0.0,3,11262,卖盘
585,10:03:58,37.54,0.0,5,18770,卖盘
586,10:04:01,37.54,0.0,2,7508,卖盘
587,10:04:04,37.55,0.01,5,18775,买盘
588,10:04:07,37.54,-0.01,5,18770,卖盘
589,10:04:13,37.55,0.01,2,7510,卖盘
590,10:04:15,37.55,0.0,12,45060,卖盘
591,10:04:19,37.57,0.02,3,11271,买盘
592,10:04:31,37.57,0.0,2,7514,卖盘
593,10:04:34,37.57,0.0,6,22544,卖盘
594,10:04:37,37.57,0.0,23,86411,买盘
595,10:04:40,37.57,0.0,2,7514,买盘
596,10:04:46,37.57,0.0,6,22542,买盘
597,10:04:49,37.57,0.0,1,3757,卖盘
598,10:04:58,37.57,0.0,46,172822,卖盘
599,10:05:01,37.58,0.01,10,37571,买盘
600,10:05:04,37.58,0.0,1,3758,卖盘
601,10:05:10,37.58,0.0,1,3758,卖盘
602,10:05:13,37.57,-0.01,4,15031,卖盘
603,10:05:28,37.58,0.01,11,41338,买盘
604,10:05:31,37.58,0.0,5,18789,买盘
605,10:05:34,37.59,0.01,25,93970,买盘
606,10:05:37,37.58,-0.01,1,3758,卖盘
607,10:05:43,37.58,0.0,1,3758,卖盘
608,10:05:46,37.58,0.0,1,3758,卖盘
609,10:05:49,37.59,0.01,12,45108,买盘
610,10:05:55,37.6,0.01,35,131585,买盘
611,10:06:01,37.61,0.01,12,45132,卖盘
612,10:06:07,37.63,0.02,27,101579,买盘
613,10:06:13,37.63,0.0,7,26341,买盘
614,10:06:19,37.63,0.0,6,22578,买盘
615,10:06:25,37.64,0.01,2,7528,买盘
616,10:06:31,37.64,0.0,7,26348,买盘
617,10:06:40,37.65,0.01,10,37650,买盘
618,10:06:43,37.66,0.01,10,37658,买盘
619,10:06:46,37.64,-0.02,8,30112,卖盘
620,10:06:49,37.66,0.02,1,3766,买盘
621,10:06:52,37.66,0.0,1,3766,卖盘
622,10:06:55,37.67,0.01,5,18834,买盘
623,10:06:58,37.68,0.01,5,18840,买盘
624,10:07:04,37.69,0.01,15,56509,买盘
625,10:07:07,37.68,-0.01,49,184661,中性盘
626,10:07:10,37.68,0.0,8,30149,卖盘
627,10:07:19,37.66,-0.02,13,48971,卖盘
628,10:07:22,37.67,0.01,38,143120,中性盘
629,10:07:25,37.67,0.0,4,15068,买盘
630,10:07:28,37.66,-0.01,7,26362,卖盘
631,10:07:31,37.64,-0.02,11,41421,卖盘
632,10:07:36,37.63,-0.01,5,18815,卖盘
633,10:07:40,37.63,0.0,2,7526,卖盘
634,10:07:52,37.62,-0.01,8,30096,卖盘
635,10:08:01,37.63,0.01,53,199400,买盘
636,10:08:04,37.6,-0.03,9,33840,卖盘
637,10:08:13,37.63,0.03,68,255622,买盘
638,10:08:16,37.63,0.0,8,30104,卖盘
639,10:08:19,37.6,-0.03,9,33852,卖盘
640,10:08:22,37.62,0.02,5,18810,中性盘
641,10:08:28,37.62,0.0,2,7524,卖盘
642,10:08:31,37.62,0.0,1,3762,卖盘
643,10:08:34,37.62,0.0,1,3762,卖盘
644,10:08:40,37.62,0.0,15,56430,卖盘
645,10:08:43,37.62,0.0,14,52668,卖盘
646,10:08:46,37.62,0.0,8,30098,卖盘
647,10:08:49,37.62,0.0,1,3762,买盘
648,10:08:52,37.6,-0.02,13,48900,卖盘
649,10:08:55,37.6,0.0,3,11280,卖盘
650,10:09:01,37.6,0.0,2,7520,买盘
651,10:09:04,37.55,-0.05,17,63841,卖盘
652,10:09:10,37.62,0.07,24,90233,买盘
653,10:09:13,37.53,-0.09,2,7507,卖盘
654,10:09:16,37.53,0.0,9,33777,卖盘
655,10:09:19,37.53,0.0,3,11259,买盘
656,10:09:25,37.52,-0.01,3,11256,卖盘
657,10:09:28,37.52,0.0,1,3752,卖盘
658,10:09:34,37.51,-0.01,15,56265,卖盘
659,10:09:37,37.51,0.0,2,7502,卖盘
660,10:09:40,37.51,0.0,22,82527,卖盘
661,10:09:49,37.51,0.0,3,11253,卖盘
662,10:09:52,37.52,0.01,6,22508,买盘
663,10:09:55,37.51,-0.01,60,225060,卖盘
664,10:09:58,37.52,0.01,32,120064,中性盘
665,10:10:01,37.5,-0.02,11,41257,卖盘
666,10:10:07,37.51,0.01,5,18755,买盘
667,10:10:10,37.5,-0.01,6,22500,卖盘
668,10:10:13,37.5,0.0,1,3750,卖盘
669,10:10:16,37.51,0.01,31,116268,买盘
670,10:10:22,37.48,-0.03,1,3748,卖盘
671,10:10:34,37.45,-0.03,2,7490,卖盘
672,10:10:40,37.41,-0.04,11,41201,卖盘
673,10:10:43,37.41,0.0,35,131127,卖盘
674,10:10:49,37.44,0.03,2,7488,买盘
675,10:10:55,37.41,-0.03,16,59867,卖盘
676,10:10:58,37.44,0.03,8,29952,买盘
677,10:11:01,37.53,0.09,35,131094,买盘
678,10:11:07,37.44,-0.09,1,3744,卖盘
679,10:11:19,37.51,0.07,4,15004,买盘
680,10:11:22,37.45,-0.06,12,44947,卖盘
681,10:11:37,37.46,0.01,2,7492,买盘
682,10:11:40,37.46,0.0,3,11238,买盘
683,10:11:43,37.5,0.04,3,11250,买盘
684,10:11:49,37.5,0.0,3,11250,买盘
685,10:11:55,37.46,-0.04,19,71246,卖盘
686,10:11:58,37.51,0.05,1,3751,买盘
687,10:12:04,37.53,0.02,29,108833,买盘
688,10:12:13,37.6,0.07,2,7520,买盘
689,10:12:16,37.58,-0.02,4,15032,中性盘
690,10:12:19,37.53,-0.05,1,3753,卖盘
691,10:12:22,37.53,0.0,3,11259,卖盘
692,10:12:25,37.53,0.0,5,18765,买盘
693,10:12:31,37.53,0.0,26,97531,买盘
694,10:12:34,37.53,0.0,2,7506,卖盘
695,10:12:40,37.53,0.0,1,3753,卖盘
696,10:12:46,37.53,0.0,15,56295,买盘
697,10:12:55,37.55,0.02,1,3755,买盘
698,10:13:01,37.55,0.0,2,7508,买盘
699,10:13:16,37.57,0.02,1,3757,买盘
700,10:13:19,37.57,0.0,5,18777,买盘
701,10:13:22,37.55,-0.02,11,41313,卖盘
702,10:13:28,37.55,0.0,1,3755,买盘
703,10:13:31,37.54,-0.01,8,30032,卖盘
704,10:13:34,37.54,0.0,1,3754,买盘
705,10:13:49,37.54,0.0,4,15016,买盘
706,10:13:55,37.54,0.0,5,18770,卖盘
707,10:13:58,37.54,0.0,3,11262,卖盘
708,10:14:01,37.54,0.0,1,3754,卖盘
709,10:14:04,37.54,0.0,1,3754,买盘
710,10:14:16,37.53,-0.01,17,63801,卖盘
711,10:14:19,37.53,0.0,1,3753,买盘
712,10:14:28,37.5,-0.03,5,18750,卖盘
713,10:14:40,37.46,-0.04,39,146106,卖盘
714,10:14:43,37.49,0.03,32,119889,买盘
715,10:14:46,37.45,-0.04,29,108717,卖盘
716,10:14:49,37.45,0.0,6,22476,卖盘
717,10:14:52,37.45,0.0,5,18725,卖盘
718,10:14:55,37.48,0.03,5,18737,买盘
719,10:14:58,37.49,0.01,2,7498,买盘
720,10:15:01,37.48,-0.01,3,11244,卖盘
721,10:15:10,37.48,0.0,23,86204,卖盘
722,10:15:13,37.49,0.01,2,7498,中性盘
723,10:15:16,37.49,0.0,2,7498,卖盘
724,10:15:22,37.48,-0.01,8,29986,卖盘
725,10:15:25,37.5,0.02,45,168743,买盘
726,10:15:34,37.5,0.0,22,82500,卖盘
727,10:15:37,37.5,0.0,20,75057,卖盘
728,10:15:40,37.5,0.0,1,3750,卖盘
729,10:15:43,37.5,0.0,14,52512,卖盘
730,10:15:49,37.53,0.03,3,11259,买盘
731,10:15:58,37.54,0.01,1,3754,卖盘
732,10:16:10,37.57,0.03,2,7514,买盘
733,10:16:16,37.54,-0.03,5,18770,卖盘
734,10:16:19,37.54,0.0,3,11262,买盘
735,10:16:25,37.54,0.0,6,22524,买盘
736,10:16:28,37.54,0.0,5,18770,买盘
737,10:16:30,37.54,0.0,3,11262,买盘
738,10:16:34,37.55,0.01,11,41295,买盘
739,10:16:46,37.55,0.0,1,3755,卖盘
740,10:16:58,37.58,0.03,2,7516,买盘
741,10:17:01,37.58,0.0,15,56370,买盘
742,10:17:07,37.58,0.0,7,26307,卖盘
743,10:17:10,37.59,0.01,25,93973,买盘
744,10:17:16,37.59,0.0,6,22554,卖盘
745,10:17:19,37.58,-0.01,6,22548,卖盘
746,10:17:22,37.6,0.02,68,255680,买盘
747,10:17:25,37.6,0.0,2,7520,卖盘
748,10:17:31,37.6,0.0,10,37600,卖盘
749,10:17:34,37.6,0.0,7,26330,卖盘
750,10:17:37,37.62,0.02,7,26334,买盘
751,10:17:40,37.6,-0.02,3,11280,卖盘
752,10:17:43,37.6,0.0,4,15044,卖盘
753,10:17:52,37.62,0.02,20,75240,买盘
754,10:17:55,37.62,0.0,1,3762,卖盘
755,10:18:04,37.62,0.0,1,3762,卖盘
756,10:18:12,37.63,0.01,3,11289,买盘
757,10:18:16,37.62,-0.01,9,33858,卖盘
758,10:18:22,37.64,0.02,9,33876,买盘
759,10:18:27,37.65,0.01,12,45178,买盘
760,10:18:34,37.65,0.0,2,7530,卖盘
761,10:18:40,37.65,0.0,1,3765,卖盘
762,10:18:43,37.66,0.01,1,3766,买盘
763,10:18:46,37.65,-0.01,1,3765,卖盘
764,10:18:49,37.65,0.0,3,11297,卖盘
765,10:18:51,37.65,0.0,3,11295,买盘
766,10:18:55,37.66,0.01,5,18829,买盘
767,10:18:58,37.67,0.01,13,48966,买盘
768,10:19:04,37.66,-0.01,4,15064,卖盘
769,10:19:07,37.66,0.0,9,33894,卖盘
770,10:19:10,37.66,0.0,3,11298,买盘
771,10:19:13,37.67,0.01,6,22601,买盘
772,10:19:15,37.65,-0.02,13,48945,卖盘
773,10:19:22,37.62,-0.03,26,97838,卖盘
774,10:19:28,37.62,0.0,2,7524,卖盘
775,10:19:31,37.6,-0.02,23,86480,卖盘
776,10:19:34,37.6,0.0,5,18800,卖盘
777,10:19:37,37.6,0.0,1,3760,卖盘
778,10:19:40,37.6,0.0,6,22560,卖盘
779,10:19:43,37.6,0.0,19,71452,卖盘
780,10:19:46,37.6,0.0,9,33840,卖盘
781,10:19:49,37.6,0.0,26,97760,卖盘
782,10:19:52,37.6,0.0,5,18800,卖盘
783,10:19:55,37.6,0.0,13,48880,卖盘
784,10:19:58,37.6,0.0,2,7520,买盘
785,10:20:01,37.6,0.0,7,26320,买盘
786,10:20:10,37.6,0.0,3,11280,买盘
787,10:20:16,37.59,-0.01,2,7518,卖盘
788,10:20:18,37.59,0.0,2,7518,买盘
789,10:20:24,37.58,-0.01,20,75160,卖盘
790,10:20:28,37.58,0.0,1,3758,卖盘
791,10:20:31,37.58,0.0,10,37585,卖盘
792,10:20:34,37.58,0.0,1,3758,卖盘
793,10:20:46,37.59,0.01,1,3759,卖盘
794,10:20:52,37.6,0.01,8,30080,买盘
795,10:20:58,37.58,-0.02,3,11274,卖盘
796,10:21:13,37.58,0.0,3,11274,卖盘
797,10:21:22,37.54,-0.04,16,60092,卖盘
798,10:21:31,37.54,0.0,2,7512,卖盘
799,10:21:34,37.54,0.0,7,26278,买盘
800,10:21:43,37.5,-0.04,18,67504,卖盘
801,10:21:46,37.5,0.0,21,78758,卖盘
802,10:21:49,37.5,0.0,24,90000,卖盘
803,10:21:54,37.5,0.0,2,7500,买盘
804,10:22:01,37.5,0.0,11,41230,买盘
805,10:22:04,37.5,0.0,5,18750,卖盘
806,10:22:13,37.5,0.0,4,15000,卖盘
807,10:22:16,37.5,0.0,4,15000,买盘
808,10:22:19,37.48,-0.02,15,56275,卖盘
809,10:22:22,37.48,0.0,6,22492,卖盘
810,10:22:25,37.48,0.0,2,7496,卖盘
811,10:22:37,37.5,0.02,7,26250,卖盘
812,10:22:39,37.5,0.0,10,37500,卖盘
813,10:22:46,37.58,0.08,2,7516,买盘
814,10:22:55,37.5,-0.08,7,26275,卖盘
815,10:22:58,37.58,0.08,7,26291,买盘
816,10:23:01,37.5,-0.08,2,7500,卖盘
817,10:23:10,37.5,0.0,2,7500,卖盘
818,10:23:13,37.5,0.0,1,3750,卖盘
819,10:23:22,37.5,0.0,8,30000,卖盘
820,10:23:25,37.5,0.0,1,3750,卖盘
821,10:23:28,37.49,-0.01,3,11248,卖盘
822,10:23:37,37.5,0.01,5,18748,买盘
823,10:23:40,37.48,-0.02,18,67470,卖盘
824,10:23:43,37.48,0.0,1,3748,卖盘
825,10:23:49,37.48,0.0,2,7496,卖盘
826,10:23:52,37.48,0.0,37,138681,卖盘
827,10:23:58,37.48,0.0,1,3748,买盘
828,10:24:01,37.46,-0.02,1,3746,卖盘
829,10:24:04,37.45,-0.01,17,63672,卖盘
830,10:24:07,37.45,0.0,2,7490,卖盘
831,10:24:13,37.44,-0.01,5,18720,卖盘
832,10:24:16,37.41,-0.03,9,33672,卖盘
833,10:24:19,37.44,0.03,5,18720,买盘
834,10:24:22,37.44,0.0,5,18720,卖盘
835,10:24:25,37.41,-0.03,8,29931,卖盘
836,10:24:28,37.41,0.0,10,37410,买盘
837,10:24:34,37.39,-0.02,99,370432,卖盘
838,10:24:46,37.35,-0.04,60,224178,卖盘
839,10:24:49,37.35,0.0,1,3735,卖盘
840,10:24:52,37.39,0.04,2,7478,买盘
841,10:24:58,37.48,0.09,26,97314,买盘
842,10:25:00,37.5,0.02,26,97466,买盘
843,10:25:04,37.35,-0.15,3,11205,卖盘
844,10:25:13,37.4,0.05,1,3740,买盘
845,10:25:16,37.35,-0.05,10,37372,卖盘
846,10:25:25,37.36,0.01,1,3736,中性盘
847,10:25:31,37.35,-0.01,3,11206,卖盘
848,10:25:33,37.36,0.01,1,3736,中性盘
849,10:25:36,37.36,0.0,12,44832,卖盘
850,10:25:46,37.39,0.03,4,14956,买盘
851,10:25:49,37.39,0.0,1,3739,卖盘
852,10:25:51,37.37,-0.02,5,18687,卖盘
853,10:25:55,37.36,-0.01,48,179332,卖盘
854,10:26:01,37.4,0.04,18,67272,买盘
855,10:26:04,37.39,-0.01,2,7478,卖盘
856,10:26:07,37.36,-0.03,16,59785,卖盘
857,10:26:10,37.36,0.0,7,26152,卖盘
858,10:26:15,37.4,0.04,1,3740,买盘
859,10:26:19,37.36,-0.04,5,18680,卖盘
860,10:26:24,37.36,0.0,9,33625,卖盘
861,10:26:27,37.36,0.0,9,33624,卖盘
862,10:26:31,37.36,0.0,4,14944,买盘
863,10:26:33,37.36,0.0,3,11208,买盘
864,10:26:36,37.36,0.0,10,37357,买盘
865,10:26:40,37.36,0.0,10,37360,买盘
866,10:26:46,37.36,0.0,1,3736,买盘
867,10:26:49,37.36,0.0,22,82176,买盘
868,10:26:52,37.35,-0.01,9,33621,卖盘
869,10:27:19,37.37,0.02,1,3737,卖盘
870,10:27:49,37.38,0.01,2,7476,卖盘
871,10:28:01,37.38,0.0,2,7476,卖盘
872,10:28:09,37.38,0.0,3,11214,买盘
873,10:28:12,37.38,0.0,6,22428,买盘
874,10:28:16,37.38,0.0,3,11212,买盘
875,10:28:18,37.38,0.0,1,3738,卖盘
876,10:28:27,37.38,0.0,5,18690,卖盘
877,10:28:46,37.4,0.02,11,41140,卖盘
878,10:28:58,37.45,0.05,5,18725,买盘
879,10:29:01,37.45,0.0,5,18716,买盘
880,10:29:04,37.41,-0.04,6,22457,卖盘
881,10:29:10,37.45,0.04,1,3745,卖盘
882,10:29:13,37.45,0.0,4,14980,买盘
883,10:29:16,37.41,-0.04,7,26192,卖盘
884,10:29:25,37.4,-0.01,46,172040,卖盘
885,10:29:28,37.4,0.0,52,194733,卖盘
886,10:29:34,37.41,0.01,3,11223,卖盘
887,10:29:40,37.5,0.09,6,22498,买盘
888,10:29:49,37.4,-0.1,30,112216,卖盘
889,10:29:55,37.49,0.09,1,3749,买盘
890,10:30:00,37.49,0.0,1,3749,卖盘
891,10:30:10,37.49,0.0,11,41200,买盘
892,10:30:16,37.42,-0.07,1,3742,中性盘
893,10:30:25,37.42,0.0,8,29932,买盘
894,10:30:31,37.42,0.0,4,14968,卖盘
895,10:30:39,37.5,0.08,18,67476,买盘
896,10:30:49,37.48,-0.02,6,22484,买盘
897,10:30:55,37.48,0.0,7,26236,卖盘
898,10:31:04,37.47,-0.01,5,18735,卖盘
899,10:31:06,37.48,0.01,7,26236,买盘
900,10:31:09,37.47,-0.01,16,59953,卖盘
901,10:31:12,37.47,0.0,11,41217,买盘
902,10:31:16,37.47,0.0,2,7494,买盘
903,10:31:22,37.47,0.0,4,14988,买盘
904,10:31:31,37.42,-0.05,49,183440,卖盘
905,10:31:34,37.48,0.06,10,37480,买盘
906,10:31:37,37.48,0.0,18,67472,卖盘
907,10:31:48,37.48,0.0,5,18744,卖盘
908,10:31:52,37.48,0.0,3,11244,卖盘
909,10:31:55,37.49,0.01,3,11247,买盘
910,10:31:58,37.5,0.01,37,138744,买盘
911,10:32:04,37.5,0.0,40,150000,卖盘
912,10:32:10,37.56,0.06,22,82620,买盘
913,10:32:13,37.49,-0.07,40,149971,卖盘
914,10:32:19,37.49,0.0,4,14994,买盘
915,10:32:22,37.49,0.0,22,82478,买盘
916,10:32:25,37.49,0.0,1,3749,买盘
917,10:32:28,37.47,-0.02,1,3747,卖盘
918,10:32:40,37.47,0.0,9,33737,卖盘
919,10:32:52,37.49,0.02,8,29988,买盘
920,10:32:55,37.45,-0.04,4,14980,卖盘
921,10:33:04,37.49,0.04,2,7498,买盘
922,10:33:07,37.45,-0.04,1,3745,卖盘
923,10:33:10,37.45,0.0,4,14980,卖盘
924,10:33:13,37.45,0.0,10,37450,卖盘
925,10:33:16,37.49,0.04,128,479872,买盘
926,10:33:19,37.45,-0.04,7,26215,卖盘
927,10:33:22,37.49,0.04,3,11239,买盘
928,10:33:25,37.49,0.0,10,37487,买盘
929,10:33:31,37.48,-0.01,1,3748,中性盘
930,10:33:34,37.49,0.01,8,29991,买盘
931,10:33:37,37.51,0.02,2,7502,卖盘
932,10:33:46,37.52,0.01,2,7504,买盘
933,10:33:49,37.46,-0.06,6,22496,卖盘
934,10:33:52,37.64,0.18,62,233051,买盘
935,10:33:55,37.54,-0.1,1,3754,中性盘
936,10:34:04,37.64,0.1,29,109088,买盘
937,10:34:10,37.57,-0.07,1,3757,卖盘
938,10:34:18,37.53,-0.04,129,484394,卖盘
939,10:34:22,37.63,0.1,7,26341,买盘
940,10:34:25,37.63,0.0,1,3763,买盘
941,10:34:27,37.62,-0.01,4,15048,中性盘
942,10:34:34,37.61,-0.01,7,26327,买盘
943,10:34:37,37.63,0.02,13,48903,买盘
944,10:34:40,37.62,-0.01,5,18810,买盘
945,10:34:43,37.62,0.0,4,15048,买盘
946,10:34:49,37.62,0.0,3,11286,买盘
947,10:34:51,37.62,0.0,10,37620,买盘
948,10:34:55,37.62,0.0,6,22573,卖盘
949,10:34:58,37.62,0.0,3,11286,卖盘
950,10:35:07,37.6,-0.02,5,18800,买盘
951,10:35:18,37.6,0.0,17,63912,买盘
952,10:35:21,37.6,0.0,1,3760,卖盘
953,10:35:25,37.6,0.0,6,22560,卖盘
954,10:35:28,37.62,0.02,30,112846,买盘
955,10:35:34,37.57,-0.05,14,52613,卖盘
956,10:35:37,37.6,0.03,7,26320,买盘
957,10:35:40,37.57,-0.03,23,86411,卖盘
958,10:35:42,37.59,0.02,13,48843,中性盘
959,10:35:49,37.57,-0.02,4,15028,卖盘
960,10:35:55,37.56,-0.01,10,37558,买盘
961,10:36:04,37.52,-0.04,15,56293,卖盘
962,10:36:07,37.5,-0.02,8,30000,卖盘
963,10:36:10,37.5,0.0,8,30000,卖盘
964,10:36:22,37.5,0.0,2,7500,卖盘
965,10:36:25,37.5,0.0,2,7500,卖盘
966,10:36:31,37.49,-0.01,12,44988,卖盘
967,10:36:40,37.49,0.0,2,7498,卖盘
968,10:36:43,37.49,0.0,5,18745,卖盘
969,10:36:52,37.44,-0.05,73,273349,卖盘
970,10:36:58,37.44,0.0,17,63648,买盘
971,10:37:04,37.4,-0.04,36,134667,卖盘
972,10:37:10,37.4,0.0,11,41140,买盘
973,10:37:16,37.39,-0.01,3,11217,卖盘
974,10:37:19,37.38,-0.01,3,11214,卖盘
975,10:37:28,37.39,0.01,14,52346,买盘
976,10:37:31,37.4,0.01,1,3740,买盘
977,10:37:34,37.39,-0.01,7,26173,卖盘
978,10:37:37,37.4,0.01,13,48620,买盘
979,10:37:39,37.39,-0.01,6,22438,卖盘
980,10:37:42,37.39,0.0,8,29918,卖盘
981,10:37:49,37.39,0.0,4,14956,卖盘
982,10:37:55,37.4,0.01,2,7480,买盘
983,10:37:58,37.39,-0.01,2,7478,卖盘
984,10:38:01,37.4,0.01,51,190712,买盘
985,10:38:15,37.39,-0.01,7,26173,卖盘
986,10:38:22,37.39,0.0,2,7478,买盘
987,10:38:25,37.39,0.0,2,7478,买盘
988,10:38:31,37.38,-0.01,14,52332,卖盘
989,10:38:34,37.38,0.0,6,22428,卖盘
990,10:38:39,37.38,0.0,15,56070,卖盘
991,10:38:43,37.36,-0.02,5,18684,卖盘
992,10:38:46,37.38,0.02,5,18690,买盘
993,10:38:55,37.38,0.0,2,7476,买盘
994,10:38:58,37.36,-0.02,46,172014,卖盘
995,10:39:01,37.36,0.0,10,37360,卖盘
996,10:39:09,37.4,0.04,2,7478,买盘
997,10:39:22,37.4,0.0,3,11220,买盘
998,10:39:25,37.4,0.0,39,145848,买盘
999,10:39:34,37.42,0.02,1,3742,买盘
1000,10:39:40,37.4,-0.02,3,11220,卖盘
1001,10:39:46,37.42,0.02,1,3742,买盘
1002,10:39:49,37.4,-0.02,21,78647,卖盘
1003,10:39:55,37.4,0.0,2,7480,卖盘
1004,10:39:58,37.4,0.0,1,3740,卖盘
1005,10:40:00,37.4,0.0,5,18700,卖盘
1006,10:40:04,37.5,0.1,1,3750,买盘
1007,10:40:18,37.4,-0.1,4,14960,卖盘
1008,10:40:28,37.4,0.0,2,7480,卖盘
1009,10:40:33,37.49,0.09,1,3749,买盘
1010,10:40:37,37.49,0.0,1,3749,买盘
1011,10:40:39,37.49,0.0,2,7498,买盘
1012,10:40:45,37.49,0.0,3,11247,卖盘
1013,10:40:49,37.4,-0.09,4,14963,卖盘
1014,10:40:52,37.5,0.1,20,74925,买盘
1015,10:41:16,37.39,-0.11,5,18697,卖盘
1016,10:41:46,37.4,0.01,1,3740,卖盘
1017,10:41:57,37.4,0.0,2,7480,卖盘
1018,10:42:13,37.4,0.0,3,11220,卖盘
1019,10:42:43,37.43,0.03,2,7486,卖盘
1020,10:42:58,37.43,0.0,2,7486,买盘
1021,10:43:04,37.45,0.02,2,7490,卖盘
1022,10:43:16,37.47,0.02,5,18735,买盘
1023,10:43:31,37.48,0.01,1,3748,买盘
1024,10:43:34,37.48,0.0,1,3748,买盘
1025,10:43:42,37.48,0.0,5,18740,买盘
1026,10:43:45,37.48,0.0,19,71201,买盘
1027,10:43:48,37.48,0.0,1,3748,买盘
1028,10:43:52,37.48,0.0,5,18740,卖盘
1029,10:43:55,37.48,0.0,5,18740,卖盘
1030,10:44:01,37.49,0.01,7,26242,买盘
1031,10:44:04,37.48,-0.01,1,3748,卖盘
1032,10:44:07,37.48,0.0,1,3748,卖盘
1033,10:44:10,37.49,0.01,10,37488,买盘
1034,10:44:31,37.46,-0.03,4,14987,卖盘
1035,10:44:34,37.48,0.02,1,3748,买盘
1036,10:44:40,37.45,-0.03,23,86145,卖盘
1037,10:44:42,37.45,0.0,1,3745,买盘
1038,10:44:46,37.45,0.0,3,11235,买盘
1039,10:44:58,37.45,0.0,11,41189,买盘
1040,10:45:12,37.4,-0.05,30,112273,卖盘
1041,10:45:19,37.41,0.01,3,11223,中性盘
1042,10:45:28,37.45,0.04,3,11235,买盘
1043,10:45:34,37.43,-0.02,1,3743,卖盘
1044,10:45:40,37.43,0.0,10,37430,卖盘
1045,10:45:46,37.43,0.0,51,190913,卖盘
1046,10:46:07,37.45,0.02,3,11235,买盘
1047,10:46:10,37.45,0.0,3,11235,卖盘
1048,10:46:12,37.43,-0.02,21,78632,卖盘
1049,10:46:37,37.43,0.0,5,18715,卖盘
1050,10:46:49,37.45,0.02,10,37450,买盘
1051,10:47:01,37.45,0.0,1,3745,买盘
1052,10:47:04,37.45,0.0,12,44940,买盘
1053,10:47:07,37.45,0.0,1,3745,买盘
1054,10:47:10,37.45,0.0,6,22470,买盘
1055,10:47:27,37.46,0.01,17,63682,买盘
1056,10:47:33,37.46,0.0,1,3746,买盘
1057,10:47:40,37.46,0.0,1,3746,买盘
1058,10:47:43,37.46,0.0,2,7492,卖盘
1059,10:47:52,37.46,0.0,13,48698,卖盘
1060,10:48:00,37.45,-0.01,8,29969,卖盘
1061,10:48:22,37.48,0.03,10,37475,买盘
1062,10:48:25,37.48,0.0,11,41228,买盘
1063,10:48:27,37.48,0.0,1,3748,卖盘
1064,10:48:34,37.48,0.0,1,3748,卖盘
1065,10:48:37,37.49,0.01,4,14996,买盘
1066,10:48:43,37.48,-0.01,2,7496,卖盘
1067,10:48:52,37.49,0.01,16,59984,买盘
1068,10:48:55,37.5,0.01,11,41250,买盘
1069,10:48:58,37.5,0.0,60,225000,买盘
1070,10:49:07,37.5,0.0,2,7500,买盘
1071,10:49:09,37.52,0.02,5,18756,买盘
1072,10:49:25,37.53,0.01,13,48780,买盘
1073,10:49:31,37.53,0.0,5,18764,买盘
1074,10:49:34,37.53,0.0,12,45036,买盘
1075,10:49:42,37.54,0.01,12,45048,买盘
1076,10:49:45,37.54,0.0,3,11262,买盘
1077,10:49:58,37.58,0.04,1,3758,买盘
1078,10:50:04,37.57,-0.01,11,41327,卖盘
1079,10:50:07,37.55,-0.02,10,37560,卖盘
1080,10:50:10,37.6,0.05,15,56390,买盘
1081,10:50:16,37.59,-0.01,6,22554,卖盘
1082,10:50:21,37.6,0.01,16,60155,买盘
1083,10:50:28,37.62,0.02,100,376002,买盘
1084,10:50:34,37.61,-0.01,2,7522,卖盘
1085,10:50:37,37.62,0.01,4,15048,买盘
1086,10:50:46,37.62,0.0,3,11286,买盘
1087,10:50:51,37.62,0.0,2,7524,卖盘
1088,10:50:54,37.63,0.01,33,124179,买盘
1089,10:51:07,37.63,0.0,12,45156,买盘
1090,10:51:09,37.63,0.0,1,3763,买盘
1091,10:51:22,37.62,-0.01,16,60193,卖盘
1092,10:51:25,37.62,0.0,3,11286,卖盘
1093,10:51:28,37.62,0.0,30,112860,卖盘
1094,10:51:31,37.62,0.0,1,3762,卖盘
1095,10:51:34,37.62,0.0,5,18810,卖盘
1096,10:51:37,37.61,-0.01,1,3761,卖盘
1097,10:51:43,37.59,-0.02,1,3759,卖盘
1098,10:51:49,37.59,0.0,1,3759,卖盘
1099,10:51:52,37.59,0.0,2,7518,卖盘
1100,10:52:04,37.59,0.0,2,7518,卖盘
1101,10:52:07,37.58,-0.01,4,15032,卖盘
1102,10:52:22,37.59,0.01,1,3759,买盘
1103,10:52:36,37.55,-0.04,1,3755,卖盘
1104,10:52:40,37.58,0.03,6,22539,买盘
1105,10:52:46,37.58,0.0,2,7516,买盘
1106,10:52:55,37.58,0.0,3,11274,卖盘
1107,10:52:58,37.6,0.02,29,109028,买盘
1108,10:53:01,37.58,-0.02,9,33822,卖盘
1109,10:53:09,37.58,0.0,10,37580,买盘
1110,10:53:16,37.58,0.0,1,3758,卖盘
1111,10:53:19,37.6,0.02,1,3760,买盘
1112,10:53:25,37.58,-0.02,5,18790,卖盘
1113,10:53:31,37.6,0.02,2,7520,买盘
1114,10:53:48,37.59,-0.01,2,7518,买盘
1115,10:54:01,37.59,0.0,7,26313,买盘
1116,10:54:04,37.6,0.01,3,11279,买盘
1117,10:54:06,37.6,0.0,23,86470,买盘
1118,10:54:10,37.59,-0.01,15,56385,卖盘
1119,10:54:16,37.6,0.01,1,3760,买盘
1120,10:54:18,37.59,-0.01,1,3759,卖盘
1121,10:54:34,37.59,0.0,10,37590,卖盘
1122,10:54:37,37.59,0.0,2,7518,卖盘
1123,10:54:43,37.59,0.0,1,3759,买盘
1124,10:54:45,37.58,-0.01,17,63886,卖盘
1125,10:54:49,37.59,0.01,4,15036,买盘
1126,10:54:58,37.59,0.0,2,7518,买盘
1127,10:55:04,37.58,-0.01,41,154098,卖盘
1128,10:55:07,37.58,0.0,3,11274,卖盘
1129,10:55:12,37.59,0.01,1,3759,买盘
1130,10:55:15,37.59,0.0,10,37590,卖盘
1131,10:55:19,37.59,0.0,1,3759,卖盘
1132,10:55:21,37.59,0.0,1,3759,卖盘
1133,10:55:31,37.59,0.0,10,37590,卖盘
1134,10:55:34,37.6,0.01,26,97760,买盘
1135,10:55:37,37.59,-0.01,27,101500,卖盘
1136,10:55:43,37.59,0.0,2,7518,买盘
1137,10:55:49,37.59,0.0,1,3759,买盘
1138,10:56:01,37.58,-0.01,5,18790,卖盘
1139,10:56:04,37.59,0.01,1,3759,买盘
1140,10:56:06,37.58,-0.01,4,15033,卖盘
1141,10:56:12,37.55,-0.03,17,63835,卖盘
1142,10:56:21,37.55,0.0,5,18775,卖盘
1143,10:56:49,37.55,0.0,26,97630,卖盘
1144,10:56:52,37.55,0.0,5,18775,买盘
1145,10:57:01,37.54,-0.01,1,3754,卖盘
1146,10:57:07,37.54,0.0,1,3754,卖盘
1147,10:57:13,37.54,0.0,8,30032,卖盘
1148,10:57:16,37.53,-0.01,62,232687,卖盘
1149,10:57:21,37.52,-0.01,5,18761,卖盘
1150,10:57:46,37.5,-0.02,2,7500,卖盘
1151,10:58:13,37.5,0.0,11,41250,买盘
1152,10:58:18,37.47,-0.03,2,7495,卖盘
1153,10:58:28,37.47,0.0,4,14988,卖盘
1154,10:58:31,37.48,0.01,3,11244,买盘
1155,10:58:37,37.42,-0.06,12,44904,卖盘
1156,10:58:52,37.43,0.01,15,56145,卖盘
1157,10:59:04,37.43,0.0,15,56145,卖盘
1158,10:59:22,37.44,0.01,1,3744,卖盘
1159,10:59:24,37.43,-0.01,13,48659,卖盘
1160,10:59:30,37.44,0.01,1,3744,买盘
1161,10:59:33,37.47,0.03,5,18735,买盘
1162,10:59:36,37.43,-0.04,1,3743,卖盘
1163,11:00:30,37.45,0.02,9,33705,卖盘
1164,11:00:33,37.47,0.02,12,44964,买盘
1165,11:00:40,37.47,0.0,3,11241,卖盘
1166,11:00:42,37.5,0.03,18,67500,买盘
1167,11:00:49,37.5,0.0,3,11250,买盘
1168,11:00:55,37.52,0.02,3,11252,买盘
1169,11:01:09,37.53,0.01,1,3753,买盘
1170,11:01:12,37.52,-0.01,2,7504,卖盘
1171,11:01:16,37.52,0.0,2,7504,买盘
1172,11:01:31,37.48,-0.04,3,11244,卖盘
1173,11:01:46,37.48,0.0,2,7496,买盘
1174,11:02:04,37.48,0.0,5,18740,买盘
1175,11:02:07,37.48,0.0,2,7496,卖盘
1176,11:02:16,37.48,0.0,12,44976,卖盘
1177,11:02:43,37.48,0.0,4,14992,卖盘
1178,11:02:52,37.5,0.02,2,7500,买盘
1179,11:02:57,37.5,0.0,1,3750,卖盘
1180,11:03:10,37.51,0.01,1,3751,买盘
1181,11:03:13,37.5,-0.01,8,30002,卖盘
1182,11:03:19,37.52,0.02,4,15004,买盘
1183,11:03:31,37.51,-0.01,6,22506,卖盘
1184,11:03:33,37.5,-0.01,15,56250,卖盘
1185,11:03:43,37.51,0.01,16,60001,买盘
1186,11:03:52,37.51,0.0,2,7502,卖盘
1187,11:03:55,37.51,0.0,1,3751,卖盘
1188,11:03:58,37.52,0.01,3,11256,买盘
1189,11:04:04,37.51,-0.01,1,3751,卖盘
1190,11:04:06,37.52,0.01,1,3752,买盘
1191,11:04:13,37.53,0.01,5,18763,买盘
1192,11:04:25,37.53,0.0,3,11259,卖盘
1193,11:04:34,37.53,0.0,4,15012,买盘
1194,11:05:04,37.57,0.04,1,3757,买盘
1195,11:05:19,37.57,0.0,1,3757,买盘
1196,11:05:21,37.57,0.0,1,3757,卖盘
1197,11:05:28,37.57,0.0,3,11271,买盘
1198,11:05:31,37.54,-0.03,6,22524,卖盘
1199,11:05:34,37.57,0.03,3,11271,买盘
1200,11:05:46,37.58,0.01,5,18790,买盘
1201,11:05:52,37.58,0.0,16,60128,买盘
1202,11:05:55,37.58,0.0,10,37588,卖盘
1203,11:06:04,37.6,0.02,5,18800,买盘
1204,11:06:13,37.61,0.01,7,26321,买盘
1205,11:06:24,37.62,0.01,8,30096,买盘
1206,11:06:30,37.62,0.0,1,3762,买盘
1207,11:06:37,37.62,0.0,2,7524,卖盘
1208,11:06:40,37.6,-0.02,10,37611,卖盘
1209,11:06:46,37.63,0.03,20,75259,买盘
1210,11:06:52,37.63,0.0,34,127942,买盘
1211,11:06:54,37.62,-0.01,4,15051,卖盘
1212,11:06:57,37.63,0.01,58,218254,买盘
1213,11:07:16,37.63,0.0,24,90312,卖盘
1214,11:07:19,37.65,0.02,35,131763,买盘
1215,11:07:25,37.64,-0.01,10,37640,卖盘
1216,11:07:40,37.63,-0.01,4,15052,买盘
1217,11:07:45,37.62,-0.01,18,67716,卖盘
1218,11:08:04,37.6,-0.02,1,3760,卖盘
1219,11:08:06,37.6,0.0,5,18800,卖盘
1220,11:08:09,37.62,0.02,12,45144,买盘
1221,11:08:16,37.6,-0.02,4,15040,卖盘
1222,11:08:19,37.62,0.02,2,7523,买盘
1223,11:08:22,37.64,0.02,3,11292,买盘
1224,11:08:25,37.62,-0.02,7,26334,卖盘
1225,11:08:28,37.62,0.0,5,18810,卖盘
1226,11:08:30,37.63,0.01,2,7526,买盘
1227,11:08:34,37.62,-0.01,4,15048,卖盘
1228,11:08:37,37.63,0.01,4,15052,买盘
1229,11:08:43,37.6,-0.03,39,146678,卖盘
1230,11:08:57,37.63,0.03,5,18815,买盘
1231,11:09:00,37.6,-0.03,1,3760,卖盘
1232,11:09:07,37.61,0.01,3,11283,中性盘
1233,11:09:13,37.61,0.0,2,7522,卖盘
1234,11:09:19,37.6,-0.01,11,41360,卖盘
1235,11:09:28,37.58,-0.02,1,3758,卖盘
1236,11:09:43,37.58,0.0,12,45096,卖盘
1237,11:09:46,37.59,0.01,10,37590,买盘
1238,11:09:58,37.57,-0.02,1,3757,卖盘
1239,11:10:06,37.57,0.0,19,71395,卖盘
1240,11:10:36,37.57,0.0,9,33813,卖盘
1241,11:11:04,37.55,-0.02,1,3755,卖盘
1242,11:11:15,37.55,0.0,4,15019,买盘
1243,11:11:24,37.55,0.0,4,15020,卖盘
1244,11:11:36,37.54,-0.01,2,7508,卖盘
1245,11:11:43,37.54,0.0,2,7508,买盘
1246,11:11:54,37.54,0.0,1,3754,买盘
1247,11:11:57,37.51,-0.03,85,318954,卖盘
1248,11:12:10,37.5,-0.01,1,3750,卖盘
1249,11:12:28,37.51,0.01,2,7502,买盘
1250,11:12:46,37.51,0.0,5,18755,买盘
1251,11:12:49,37.51,0.0,1,3751,买盘
1252,11:12:52,37.51,0.0,7,26256,买盘
1253,11:13:06,37.51,0.0,6,22506,卖盘
1254,11:13:10,37.51,0.0,1,3751,买盘
1255,11:13:16,37.51,0.0,7,26257,买盘
1256,11:13:18,37.51,0.0,1,3751,买盘
1257,11:13:25,37.48,-0.03,16,59990,卖盘
1258,11:13:52,37.46,-0.02,5,18730,卖盘
1259,11:13:58,37.45,-0.01,6,22473,卖盘
1260,11:14:12,37.45,0.0,2,7490,卖盘
1261,11:14:27,37.47,0.02,1,3747,买盘
1262,11:14:31,37.47,0.0,2,7494,卖盘
1263,11:14:39,37.5,0.03,12,44973,买盘
1264,11:14:46,37.5,0.0,28,104937,买盘
1265,11:14:49,37.51,0.01,5,18755,买盘
1266,11:14:55,37.51,0.0,1,3751,买盘
1267,11:15:04,37.51,0.0,1,3751,买盘
1268,11:15:07,37.51,0.0,17,63767,买盘
1269,11:15:10,37.5,-0.01,4,15002,卖盘
1270,11:15:43,37.51,0.01,8,30004,买盘
1271,11:15:45,37.57,0.06,34,127678,买盘
1272,11:15:48,37.57,0.0,2,7514,卖盘
1273,11:15:52,37.57,0.0,12,45084,卖盘
1274,11:15:55,37.57,0.0,15,56355,卖盘
1275,11:16:07,37.57,0.0,1,3757,卖盘
1276,11:16:18,37.59,0.02,8,30065,买盘
1277,11:16:25,37.57,-0.02,12,45084,卖盘
1278,11:16:31,37.65,0.08,113,425070,买盘
1279,11:16:48,37.57,-0.08,2,7514,买盘
1280,11:16:51,37.57,0.0,1,3757,买盘
1281,11:16:57,37.57,0.0,2,7514,买盘
1282,11:17:07,37.58,0.01,2,7516,卖盘
1283,11:17:10,37.58,0.0,5,18790,卖盘
1284,11:17:19,37.58,0.0,1,3758,卖盘
1285,11:17:21,37.64,0.06,1,3764,买盘
1286,11:17:39,37.58,-0.06,1,3758,卖盘
1287,11:18:07,37.6,0.02,3,11280,买盘
1288,11:18:10,37.6,0.0,1,3760,中性盘
1289,11:18:18,37.62,0.02,2,7524,买盘
1290,11:18:25,37.6,-0.02,1,3760,卖盘
1291,11:18:43,37.63,0.03,6,22578,买盘
1292,11:18:45,37.6,-0.03,14,52677,卖盘
1293,11:18:48,37.63,0.03,1,3763,中性盘
1294,11:18:58,37.63,0.0,3,11289,买盘
1295,11:19:04,37.64,0.01,3,11292,买盘
1296,11:19:07,37.64,0.0,1,3764,卖盘
1297,11:19:13,37.63,-0.01,16,60217,卖盘
1298,11:19:16,37.65,0.02,1,3765,买盘
1299,11:19:19,37.62,-0.03,1,3762,卖盘
1300,11:19:22,37.64,0.02,1,3764,买盘
1301,11:19:25,37.64,0.0,8,30112,买盘
1302,11:19:28,37.63,-0.01,52,195676,中性盘
1303,11:19:34,37.64,0.01,15,56452,买盘
1304,11:19:40,37.64,0.0,1,3764,买盘
1305,11:19:48,37.64,0.0,2,7528,买盘
1306,11:20:12,37.63,-0.01,3,11289,卖盘
1307,11:20:16,37.63,0.0,2,7526,卖盘
1308,11:20:31,37.61,-0.02,7,26340,卖盘
1309,11:20:34,37.6,-0.01,5,18800,卖盘
1310,11:21:04,37.6,0.0,1,3760,买盘
1311,11:21:19,37.58,-0.02,5,18790,卖盘
1312,11:21:48,37.58,0.0,8,30064,买盘
1313,11:21:51,37.57,-0.01,2,7514,卖盘
1314,11:21:58,37.58,0.01,5,18783,买盘
1315,11:22:13,37.57,-0.01,3,11269,买盘
1316,11:22:30,37.58,0.01,4,15028,买盘
1317,11:22:34,37.56,-0.02,9,33806,卖盘
1318,11:22:51,37.56,0.0,1,3756,卖盘
1319,11:23:04,37.5,-0.06,25,93773,卖盘
1320,11:23:34,37.48,-0.02,3,11244,卖盘
1321,11:23:40,37.5,0.02,21,78712,买盘
1322,11:23:43,37.48,-0.02,9,33740,卖盘
1323,11:23:58,37.55,0.07,3,11265,买盘
1324,11:24:01,37.48,-0.07,13,48724,卖盘
1325,11:24:10,37.55,0.07,2,7510,买盘
1326,11:24:31,37.54,-0.01,1,3754,买盘
1327,11:24:33,37.55,0.01,5,18775,买盘
1328,11:24:36,37.55,0.0,3,11265,买盘
1329,11:24:43,37.55,0.0,2,7511,卖盘
1330,11:24:45,37.54,-0.01,2,7508,卖盘
1331,11:24:51,37.54,0.0,26,97652,卖盘
1332,11:25:01,37.54,0.0,3,11262,买盘
1333,11:25:06,37.52,-0.02,10,37520,买盘
1334,11:25:24,37.52,0.0,1,3752,买盘
1335,11:25:31,37.5,-0.02,40,150004,卖盘
1336,11:25:43,37.54,0.04,1,3754,买盘
1337,11:25:52,37.54,0.0,2,7508,买盘
1338,11:25:58,37.54,0.0,1,3754,买盘
1339,11:26:00,37.54,0.0,3,11262,买盘
1340,11:26:07,37.54,0.0,1,3754,买盘
1341,11:26:12,37.52,-0.02,3,11256,卖盘
1342,11:26:45,37.58,0.06,7,26295,买盘
1343,11:26:48,37.53,-0.05,1,3753,卖盘
1344,11:27:25,37.58,0.05,3,11274,买盘
1345,11:27:34,37.58,0.0,1,3758,卖盘
1346,11:27:37,37.59,0.01,4,15034,买盘
1347,11:27:42,37.6,0.01,15,56395,买盘
1348,11:27:46,37.6,0.0,13,48877,买盘
1349,11:27:55,37.61,0.01,1,3761,买盘
1350,11:27:58,37.61,0.0,1,3761,卖盘
1351,11:28:00,37.67,0.06,100,376504,买盘
1352,11:28:07,37.7,0.03,116,437137,买盘
1353,11:28:10,37.7,0.0,13,49010,买盘
1354,11:28:13,37.7,0.0,12,45240,买盘
1355,11:28:16,37.72,0.02,98,369537,买盘
1356,11:28:19,37.73,0.01,10,37728,买盘
1357,11:28:22,37.68,-0.05,15,56578,卖盘
1358,11:28:25,37.78,0.1,67,252946,买盘
1359,11:28:28,37.79,0.01,30,113347,买盘
1360,11:28:30,37.86,0.07,182,687997,买盘
1361,11:28:37,37.88,0.02,8,30304,买盘
1362,11:28:40,37.9,0.02,3,11369,买盘
1363,11:28:43,37.9,0.0,3,11369,买盘
1364,11:28:45,37.95,0.05,50,189654,买盘
1365,11:28:49,37.88,-0.07,25,94705,卖盘
1366,11:28:52,37.88,0.0,16,60608,买盘
1367,11:28:55,37.95,0.07,58,219954,买盘
1368,11:28:58,37.96,0.01,61,231499,买盘
1369,11:29:00,37.95,-0.01,100,379728,卖盘
1370,11:29:03,37.95,0.0,19,72104,卖盘
1371,11:29:07,38.0,0.05,141,535708,买盘
1372,11:29:09,38.0,0.0,205,778990,买盘
1373,11:29:13,38.0,0.0,64,243200,买盘
1374,11:29:15,38.02,0.02,3,11403,买盘
1375,11:29:18,38.04,0.02,18,68472,卖盘
1376,11:29:21,38.1,0.06,37,140962,买盘
1377,11:29:25,38.07,-0.03,3,11423,卖盘
1378,11:29:28,38.08,0.01,7,26658,买盘
1379,11:29:31,38.13,0.05,117,445931,买盘
1380,11:29:34,38.1,-0.03,11,41924,卖盘
1381,11:29:36,38.1,0.0,108,411501,卖盘
1382,11:29:39,38.1,0.0,31,118209,卖盘
1383,11:29:43,38.14,0.04,69,263190,买盘
1384,11:29:46,38.13,-0.01,25,95283,卖盘
1385,11:29:48,38.15,0.02,67,255618,买盘
1386,11:29:52,38.2,0.05,35,133674,买盘
1387,11:29:54,38.19,-0.01,32,122248,中性盘
1388,11:29:57,38.2,0.01,8,30593,中性盘
1389,11:30:01,38.28,0.08,9,34386,买盘
1390,11:30:04,38.28,0.0,29,110949,买盘
1391,13:00:05,37.98,-0.3,408,1557928,卖盘
1392,13:00:07,38.45,0.47,615,2357468,买盘
1393,13:00:10,38.37,-0.08,29,111466,卖盘
1394,13:00:12,38.32,-0.05,17,65174,卖盘
1395,13:00:15,38.32,0.0,79,302640,卖盘
1396,13:00:18,38.32,0.0,14,53648,买盘
1397,13:00:21,38.32,0.0,57,218330,买盘
1398,13:00:24,38.32,0.0,10,38310,买盘
1399,13:00:27,38.32,0.0,20,76640,买盘
1400,13:00:30,38.32,0.0,9,34488,中性盘
1401,13:00:33,38.31,-0.01,88,337081,卖盘
1402,13:00:36,38.33,0.02,19,72771,买盘
1403,13:00:39,38.28,-0.05,101,386920,卖盘
1404,13:00:42,38.33,0.05,42,160865,买盘
1405,13:00:45,38.3,-0.03,13,49806,中性盘
1406,13:00:48,38.28,-0.02,40,153124,卖盘
1407,13:00:51,38.18,-0.1,110,420825,卖盘
1408,13:00:54,38.28,0.1,1,3828,买盘
1409,13:00:57,38.3,0.02,53,202888,买盘
1410,13:01:00,38.29,-0.01,16,61251,中性盘
1411,13:01:04,38.28,-0.01,12,45938,卖盘
1412,13:01:07,38.28,0.0,35,133698,买盘
1413,13:01:09,38.25,-0.03,2,7650,中性盘
1414,13:01:13,38.01,-0.24,61,232449,卖盘
1415,13:01:16,38.18,0.17,21,80313,卖盘
1416,13:01:19,38.19,0.01,1,3819,卖盘
1417,13:01:21,38.19,0.0,9,34378,卖盘
1418,13:01:24,38.2,0.01,5,19100,卖盘
1419,13:01:28,38.18,-0.02,68,259930,卖盘
1420,13:01:31,38.18,0.0,8,30484,买盘
1421,13:01:33,38.1,-0.08,5,19050,中性盘
1422,13:01:36,38.1,0.0,2,7612,买盘
1423,13:01:39,38.1,0.0,9,34227,买盘
1424,13:01:43,38.08,-0.02,6,22848,卖盘
1425,13:01:46,38.09,0.01,3,11427,卖盘
1426,13:01:49,38.03,-0.06,27,102706,卖盘
1427,13:01:51,38.03,0.0,22,83666,卖盘
1428,13:01:54,38.03,0.0,9,34227,卖盘
1429,13:01:58,38.02,-0.01,11,41845,卖盘
1430,13:02:01,38.09,0.07,18,68508,买盘
1431,13:02:04,38.04,-0.05,2,7608,中性盘
1432,13:02:07,38.0,-0.04,21,79826,卖盘
1433,13:02:09,38.03,0.03,24,91278,卖盘
1434,13:02:12,38.03,0.0,4,15209,买盘
1435,13:02:16,38.08,0.05,17,64699,买盘
1436,13:02:19,38.08,0.0,16,60876,买盘
1437,13:02:22,38.01,-0.07,13,49427,卖盘
1438,13:02:25,38.08,0.07,1,3808,买盘
1439,13:02:30,38.08,0.0,2,7616,买盘
1440,13:02:34,38.08,0.0,16,60928,买盘
1441,13:02:37,38.08,0.0,3,11424,卖盘
1442,13:02:40,38.08,0.0,1,3808,卖盘
1443,13:02:43,38.1,0.02,8,30473,买盘
1444,13:02:48,38.18,0.08,68,259549,买盘
1445,13:02:54,38.18,0.0,4,15272,买盘
1446,13:02:57,38.3,0.12,57,218125,买盘
1447,13:03:00,38.3,0.0,4,15320,买盘
1448,13:03:07,38.2,-0.1,7,26760,卖盘
1449,13:03:10,38.3,0.1,14,53569,买盘
1450,13:03:12,38.3,0.0,12,45960,买盘
1451,13:03:15,38.2,-0.1,8,30576,中性盘
1452,13:03:18,38.24,0.04,36,137648,买盘
1453,13:03:21,38.21,-0.03,14,53482,买盘
1454,13:03:24,38.18,-0.03,24,91678,中性盘
1455,13:03:27,38.18,0.0,53,202354,买盘
1456,13:03:30,38.17,-0.01,37,141186,买盘
1457,13:03:33,38.16,-0.01,4,15264,中性盘
1458,13:03:36,38.16,0.0,9,34339,买盘
1459,13:03:39,38.15,-0.01,10,38164,卖盘
1460,13:03:55,38.16,0.01,18,68673,买盘
1461,13:03:57,38.16,0.0,14,53411,买盘
1462,13:04:04,38.16,0.0,9,34344,买盘
1463,13:04:07,38.17,0.01,2,7634,买盘
1464,13:04:10,38.18,0.01,27,103082,买盘
1465,13:04:12,38.16,-0.02,1,3816,卖盘
1466,13:04:25,38.18,0.02,39,148910,卖盘
1467,13:04:31,38.19,0.01,3,11461,中性盘
1468,13:04:40,38.19,0.0,6,22918,卖盘
1469,13:04:43,38.18,-0.01,1,3818,卖盘
1470,13:04:46,38.18,0.0,3,11454,买盘
1471,13:04:48,38.19,0.01,38,145081,买盘
1472,13:04:52,38.2,0.01,13,49647,买盘
1473,13:04:54,38.25,0.05,40,152850,买盘
1474,13:05:01,38.17,-0.08,18,68706,买盘
1475,13:05:04,38.17,0.0,3,11451,买盘
1476,13:05:07,38.17,0.0,11,41980,买盘
1477,13:05:09,38.17,0.0,2,7634,买盘
1478,13:05:13,38.16,-0.01,6,22895,中性盘
1479,13:05:16,38.14,-0.02,5,19072,卖盘
1480,13:05:18,38.15,0.01,5,19075,买盘
1481,13:05:21,38.14,-0.01,9,34338,卖盘
1482,13:05:24,38.09,-0.05,43,163887,卖盘
1483,13:05:28,38.08,-0.01,14,53317,卖盘
1484,13:05:31,38.08,0.0,5,19040,买盘
1485,13:05:42,38.03,-0.05,4,15219,卖盘
1486,13:05:49,38.05,0.02,1,3805,买盘
1487,13:05:54,38.03,-0.02,21,79868,卖盘
1488,13:05:58,38.03,0.0,5,19015,买盘
1489,13:06:00,38.05,0.02,30,114146,买盘
1490,13:06:04,38.03,-0.02,19,72285,买盘
1491,13:06:07,38.03,0.0,10,38030,卖盘
1492,13:06:10,38.03,0.0,6,22818,卖盘
1493,13:06:16,38.02,-0.01,15,57042,卖盘
1494,13:06:19,38.03,0.01,17,64659,买盘
1495,13:06:22,38.03,0.0,2,7606,买盘
1496,13:06:25,38.04,0.01,2,7607,买盘
1497,13:06:37,38.04,0.0,23,87471,买盘
1498,13:06:43,38.04,0.0,1,3804,买盘
1499,13:06:46,38.02,-0.02,26,98890,卖盘
1500,13:06:48,38.04,0.02,17,64658,买盘
1501,13:06:51,38.04,0.0,5,19020,买盘
1502,13:06:54,38.04,0.0,8,30432,卖盘
1503,13:06:58,38.04,0.0,1,3804,卖盘
1504,13:07:04,38.04,0.0,24,91296,卖盘
1505,13:07:06,38.03,-0.01,3,11409,卖盘
1506,13:07:09,38.04,0.01,1,3804,买盘
1507,13:07:15,38.04,0.0,10,38040,买盘
1508,13:07:40,38.04,0.0,2,7608,买盘
1509,13:07:42,38.03,-0.01,20,76069,卖盘
1510,13:07:45,38.04,0.01,44,167365,买盘
1511,13:07:48,38.04,0.0,7,26623,买盘
1512,13:07:52,38.04,0.0,1,3804,买盘
1513,13:07:55,38.04,0.0,13,49442,买盘
1514,13:07:58,38.04,0.0,1,3804,卖盘
1515,13:08:04,38.04,0.0,2,7608,卖盘
1516,13:08:13,38.1,0.06,5,19050,买盘
1517,13:08:18,38.04,-0.06,32,121728,卖盘
1518,13:08:24,38.04,0.0,1,3804,买盘
1519,13:08:27,38.04,0.0,7,26628,买盘
1520,13:08:30,38.1,0.06,50,190335,买盘
1521,13:08:33,38.04,-0.06,1,3804,买盘
1522,13:08:40,38.04,0.0,20,76080,卖盘
1523,13:08:46,38.09,0.05,4,15236,中性盘
1524,13:08:49,38.05,-0.04,1,3805,中性盘
1525,13:08:55,38.09,0.04,1,3809,买盘
1526,13:08:57,38.09,0.0,3,11427,买盘
1527,13:09:16,38.08,-0.01,4,15232,买盘
1528,13:09:18,38.08,0.0,3,11424,买盘
1529,13:09:22,38.06,-0.02,4,15230,卖盘
1530,13:09:25,38.06,0.0,5,19031,卖盘
1531,13:09:27,38.08,0.02,5,19036,买盘
1532,13:09:30,38.04,-0.04,17,64684,卖盘
1533,13:09:40,38.08,0.04,2,7616,买盘
1534,13:09:46,38.06,-0.02,5,19030,卖盘
1535,13:09:57,38.06,0.0,5,19030,卖盘
1536,13:10:00,38.06,0.0,1,3806,卖盘
1537,13:10:07,38.06,0.0,1,3806,卖盘
1538,13:10:10,38.06,0.0,2,7612,卖盘
1539,13:10:13,38.07,0.01,7,26644,买盘
1540,13:10:22,38.06,-0.01,5,19030,买盘
1541,13:10:30,38.04,-0.02,11,41847,卖盘
1542,13:10:33,38.06,0.02,2,7612,买盘
1543,13:10:36,38.08,0.02,5,19036,买盘
1544,13:10:39,38.06,-0.02,2,7612,卖盘
1545,13:10:43,38.05,-0.01,1,3805,买盘
1546,13:10:49,38.04,-0.01,8,30437,卖盘
1547,13:10:55,38.06,0.02,16,60874,买盘
1548,13:11:00,38.0,-0.06,53,201510,卖盘
1549,13:11:06,38.04,0.04,10,38040,中性盘
1550,13:11:13,38.05,0.01,2,7609,买盘
1551,13:11:16,38.04,-0.01,2,7608,卖盘
1552,13:11:19,38.04,0.0,2,7608,卖盘
1553,13:11:22,38.04,0.0,1,3804,卖盘
1554,13:11:31,38.0,-0.04,8,30400,卖盘
1555,13:11:34,38.04,0.04,9,34229,买盘
1556,13:11:39,38.0,-0.04,34,129210,卖盘
1557,13:11:49,37.99,-0.01,1,3799,卖盘
1558,13:11:52,38.0,0.01,5,19000,买盘
1559,13:11:55,37.98,-0.02,31,117747,卖盘
1560,13:11:58,37.99,0.01,5,18995,买盘
1561,13:12:00,37.98,-0.01,2,7596,卖盘
1562,13:12:04,37.96,-0.02,3,11388,卖盘
1563,13:12:07,37.99,0.03,4,15195,买盘
1564,13:12:13,37.96,-0.03,3,11388,卖盘
1565,13:12:16,37.96,0.0,17,64569,卖盘
1566,13:12:19,37.96,0.0,1,3796,中性盘
1567,13:12:27,37.96,0.0,1,3796,买盘
1568,13:12:37,37.91,-0.05,7,26537,卖盘
1569,13:12:43,37.9,-0.01,13,49270,卖盘
1570,13:12:46,37.91,0.01,1,3791,买盘
1571,13:12:49,37.9,-0.01,1,3790,卖盘
1572,13:12:52,37.9,0.0,3,11370,买盘
1573,13:12:54,37.9,0.0,1,3790,买盘
1574,13:12:58,37.89,-0.01,2,7578,卖盘
1575,13:13:01,37.9,0.01,2,7580,买盘
1576,13:13:04,37.89,-0.01,5,18945,卖盘
1577,13:13:07,37.89,0.0,1,3789,卖盘
1578,13:13:25,37.88,-0.01,13,49242,中性盘
1579,13:13:28,37.87,-0.01,4,15148,买盘
1580,13:13:30,37.87,0.0,12,45444,买盘
1581,13:13:34,37.87,0.0,4,15148,买盘
1582,13:13:37,37.86,-0.01,7,26506,卖盘
1583,13:13:40,37.87,0.01,65,246115,买盘
1584,13:13:43,37.86,-0.01,1,3786,买盘
1585,13:13:52,37.82,-0.04,7,26474,卖盘
1586,13:13:55,37.86,0.04,3,11354,买盘
1587,13:14:00,37.82,-0.04,2,7564,卖盘
1588,13:14:04,37.86,0.04,111,419679,买盘
1589,13:14:06,37.82,-0.04,5,18922,卖盘
1590,13:14:13,37.82,0.0,3,11346,买盘
1591,13:14:16,37.82,0.0,2,7564,买盘
1592,13:14:19,37.8,-0.02,15,56703,卖盘
1593,13:14:25,37.81,0.01,3,11343,卖盘
1594,13:14:31,37.8,-0.01,6,22680,卖盘
1595,13:14:34,37.81,0.01,27,102067,买盘
1596,13:14:37,37.81,0.0,20,75630,卖盘
1597,13:14:40,37.82,0.01,24,90768,买盘
1598,13:14:43,37.82,0.0,6,22692,卖盘
1599,13:14:45,37.81,-0.01,1,3781,卖盘
1600,13:15:04,37.83,0.02,6,22698,卖盘
1601,13:15:10,37.84,0.01,1,3784,卖盘
1602,13:15:15,37.85,0.01,4,15140,卖盘
1603,13:15:21,37.86,0.01,11,41643,买盘
1604,13:15:34,37.86,0.0,1,3786,卖盘
1605,13:15:36,37.87,0.01,10,37870,买盘
1606,13:15:39,37.87,0.0,4,15148,买盘
1607,13:15:42,37.87,0.0,26,98462,买盘
1608,13:15:45,37.88,0.01,4,15152,买盘
1609,13:15:52,37.89,0.01,10,37883,买盘
1610,13:15:54,37.89,0.0,2,7578,买盘
1611,13:16:04,38.0,0.11,40,151937,买盘
1612,13:16:13,38.0,0.0,14,53155,买盘
1613,13:16:18,38.0,0.0,11,41800,买盘
1614,13:16:21,38.0,0.0,6,22800,买盘
1615,13:16:24,38.0,0.0,13,49400,买盘
1616,13:16:27,38.0,0.0,12,45600,买盘
1617,13:16:30,38.0,0.0,19,72168,买盘
1618,13:16:33,38.01,0.01,11,41801,买盘
1619,13:16:36,38.01,0.0,6,22805,买盘
1620,13:16:45,38.05,0.04,14,53267,买盘
1621,13:16:48,38.04,-0.01,10,38047,卖盘
1622,13:17:01,38.09,0.05,3,11427,买盘
1623,13:17:10,38.0,-0.09,21,79814,卖盘
1624,13:17:22,38.0,0.0,11,41800,卖盘
1625,13:17:28,38.0,0.0,3,11400,买盘
1626,13:17:30,37.98,-0.02,1,3798,卖盘
1627,13:17:37,37.96,-0.02,2,7592,买盘
1628,13:17:40,38.0,0.04,4,15194,买盘
1629,13:17:49,38.0,0.0,2,7600,买盘
1630,13:18:07,38.0,0.0,5,19000,买盘
1631,13:18:09,37.98,-0.02,13,49392,卖盘
1632,13:18:16,37.98,0.0,1,3798,卖盘
1633,13:18:27,38.0,0.02,3,11400,买盘
1634,13:18:46,38.01,0.01,1,3801,卖盘
1635,13:18:48,38.0,-0.01,3,11400,卖盘
1636,13:18:58,38.01,0.01,10,38010,买盘
1637,13:19:01,38.0,-0.01,10,38000,卖盘
1638,13:19:13,37.99,-0.01,11,41788,买盘
1639,13:19:16,37.96,-0.03,21,79722,卖盘
1640,13:19:22,37.95,-0.01,17,64520,卖盘
1641,13:19:28,37.94,-0.01,2,7588,卖盘
1642,13:19:31,37.95,0.01,2,7589,买盘
1643,13:19:34,37.94,-0.01,2,7588,卖盘
1644,13:19:37,37.93,-0.01,16,60688,卖盘
1645,13:19:49,37.92,-0.01,4,15168,卖盘
1646,13:19:55,37.92,0.0,4,15168,买盘
1647,13:20:00,37.94,0.02,12,45520,买盘
1648,13:20:04,37.92,-0.02,14,53127,卖盘
1649,13:20:19,37.93,0.01,5,18965,卖盘
1650,13:20:24,37.93,0.0,3,11379,卖盘
1651,13:20:27,37.93,0.0,2,7586,卖盘
1652,13:20:31,37.94,0.01,3,11382,买盘
1653,13:20:43,37.94,0.0,10,37944,卖盘
1654,13:20:46,37.98,0.04,10,37980,买盘
1655,13:20:55,37.95,-0.03,4,15180,买盘
1656,13:20:58,37.99,0.04,11,41787,买盘
1657,13:21:04,37.98,-0.01,8,30388,卖盘
1658,13:21:19,37.95,-0.03,5,18978,卖盘
1659,13:21:21,37.98,0.03,4,15192,买盘
1660,13:21:28,37.95,-0.03,14,53139,卖盘
1661,13:21:37,37.98,0.03,1,3798,买盘
1662,13:21:40,37.95,-0.03,1,3795,卖盘
1663,13:21:48,37.96,0.01,3,11388,买盘
1664,13:21:58,37.95,-0.01,5,18979,卖盘
1665,13:22:06,37.98,0.03,12,45562,买盘
1666,13:22:13,37.95,-0.03,23,87333,卖盘
1667,13:22:18,37.95,0.0,2,7590,买盘
1668,13:22:31,37.94,-0.01,24,91074,卖盘
1669,13:22:33,37.94,0.0,2,7588,买盘
1670,13:22:37,37.94,0.0,22,83468,买盘
1671,13:22:43,37.93,-0.01,8,30344,卖盘
1672,13:22:48,37.94,0.01,1,3794,买盘
1673,13:22:55,37.93,-0.01,2,7586,卖盘
1674,13:22:58,37.94,0.01,5,18970,买盘
1675,13:23:00,37.93,-0.01,1,3793,卖盘
1676,13:23:06,37.94,0.01,1,3794,买盘
1677,13:23:09,37.94,0.0,6,22764,卖盘
1678,13:23:21,37.94,0.0,14,53116,卖盘
1679,13:23:30,37.94,0.0,5,18970,买盘
1680,13:23:33,37.94,0.0,1,3794,买盘
1681,13:23:48,37.95,0.01,8,30360,买盘
1682,13:24:01,37.99,0.04,1,3799,买盘
1683,13:24:24,38.0,0.01,10,38000,买盘
1684,13:24:27,37.95,-0.05,5,18975,卖盘
1685,13:24:36,38.0,0.05,1,3800,买盘
1686,13:24:43,37.99,-0.01,5,18995,卖盘
1687,13:24:45,38.0,0.01,30,114000,买盘
1688,13:24:49,37.94,-0.06,21,79685,卖盘
1689,13:24:54,37.93,-0.01,12,45550,卖盘
1690,13:25:00,37.99,0.06,2,7598,卖盘
1691,13:25:04,38.0,0.01,5,19000,买盘
1692,13:25:06,38.0,0.0,18,68400,买盘
1693,13:25:13,38.0,0.0,2,7600,卖盘
1694,13:25:18,38.03,0.03,1,3803,买盘
1695,13:25:21,38.0,-0.03,4,15203,卖盘
1696,13:25:31,38.03,0.03,12,45636,买盘
1697,13:25:52,38.07,0.04,1,3807,买盘
1698,13:26:04,38.1,0.03,1,3810,买盘
1699,13:26:09,38.1,0.0,3,11428,买盘
1700,13:26:16,38.1,0.0,9,34290,买盘
1701,13:26:19,38.1,0.0,15,57150,买盘
1702,13:26:21,38.1,0.0,3,11430,买盘
1703,13:26:28,38.1,0.0,3,11440,卖盘
1704,13:26:33,38.1,0.0,23,87634,卖盘
1705,13:26:45,38.18,0.08,5,19081,买盘
1706,13:26:48,38.18,0.0,4,15272,卖盘
1707,13:26:52,38.18,0.0,1,3818,卖盘
1708,13:26:58,38.18,0.0,3,11454,买盘
1709,13:27:00,38.18,0.0,1,3818,买盘
1710,13:27:06,38.18,0.0,6,22908,买盘
1711,13:27:10,38.19,0.01,26,99252,买盘
1712,13:27:25,38.13,-0.06,3,11439,卖盘
1713,13:27:30,38.11,-0.02,6,22874,卖盘
1714,13:27:36,38.13,0.02,8,30504,买盘
1715,13:27:43,38.11,-0.02,20,76226,卖盘
1716,13:27:49,38.1,-0.01,14,53340,卖盘
1717,13:27:52,38.1,0.0,8,30480,买盘
1718,13:27:55,38.11,0.01,8,30485,买盘
1719,13:27:58,38.11,0.0,2,7622,买盘
1720,13:28:07,38.11,0.0,29,110519,卖盘
1721,13:28:13,38.11,0.0,4,15242,买盘
1722,13:28:15,38.11,0.0,5,19055,买盘
1723,13:28:19,38.11,0.0,1,3811,卖盘
1724,13:28:22,38.11,0.0,1,3811,卖盘
1725,13:28:28,38.11,0.0,9,34299,卖盘
1726,13:28:45,38.11,0.0,2,7622,买盘
1727,13:28:48,38.08,-0.03,1,3808,卖盘
1728,13:28:51,38.08,0.0,23,87635,卖盘
1729,13:29:00,38.1,0.02,9,34290,买盘
1730,13:29:04,38.08,-0.02,6,22854,卖盘
1731,13:29:06,38.08,0.0,16,60928,买盘
1732,13:29:09,38.1,0.02,2,7620,卖盘
1733,13:29:18,38.08,-0.02,5,19040,买盘
1734,13:29:24,38.08,0.0,5,19040,买盘
1735,13:29:31,38.1,0.02,2,7620,买盘
1736,13:29:33,38.09,-0.01,3,11427,中性盘
1737,13:29:36,38.08,-0.01,5,19041,卖盘
1738,13:29:45,38.11,0.03,4,15243,买盘
1739,13:30:04,38.11,0.0,4,15249,卖盘
1740,13:30:16,38.13,0.02,14,53356,买盘
1741,13:30:18,38.13,0.0,6,22870,买盘
1742,13:30:40,38.15,0.02,5,19075,买盘
1743,13:30:43,38.15,0.0,5,19075,卖盘
1744,13:30:49,38.17,0.02,9,34346,买盘
1745,13:30:55,38.2,0.03,40,152751,买盘
1746,13:30:58,38.17,-0.03,1,3817,中性盘
1747,13:31:04,38.2,0.03,31,118420,买盘
1748,13:31:07,38.19,-0.01,2,7638,中性盘
1749,13:31:13,38.19,0.0,3,11457,买盘
1750,13:31:16,38.2,0.01,1,3820,买盘
1751,13:31:18,38.2,0.0,17,64940,卖盘
1752,13:31:21,38.23,0.03,14,53505,买盘
1753,13:31:24,38.2,-0.03,15,57309,中性盘
1754,13:31:27,38.2,0.0,14,53513,卖盘
1755,13:31:31,38.2,0.0,36,137621,卖盘
1756,13:31:33,38.23,0.03,5,19115,买盘
1757,13:31:37,38.23,0.0,9,34407,买盘
1758,13:31:40,38.23,0.0,6,22926,卖盘
1759,13:31:43,38.21,-0.02,15,57340,卖盘
1760,13:31:45,38.23,0.02,26,99398,买盘
1761,13:31:49,38.21,-0.02,9,34405,卖盘
1762,13:31:51,38.22,0.01,19,72636,中性盘
1763,13:31:57,38.21,-0.01,7,26748,卖盘
1764,13:32:04,38.25,0.04,157,600142,买盘
1765,13:32:07,38.22,-0.03,6,22932,卖盘
1766,13:32:09,38.2,-0.02,57,217743,卖盘
1767,13:32:15,38.25,0.05,10,38240,买盘
1768,13:32:18,38.24,-0.01,1,3824,中性盘
1769,13:32:22,38.23,-0.01,26,99352,中性盘
1770,13:32:25,38.23,0.0,6,22938,买盘
1771,13:32:28,38.24,0.01,5,19120,买盘
1772,13:32:31,38.21,-0.03,9,34412,卖盘
1773,13:32:34,38.24,0.03,9,34416,买盘
1774,13:32:37,38.24,0.0,3,11471,买盘
1775,13:32:40,38.23,-0.01,1,3823,卖盘
1776,13:32:43,38.21,-0.02,2,7642,卖盘
1777,13:32:54,38.21,0.0,5,19105,卖盘
1778,13:32:57,38.21,0.0,8,30568,卖盘
1779,13:33:04,38.21,0.0,16,61137,卖盘
1780,13:33:16,38.22,0.01,1,3822,买盘
1781,13:33:19,38.21,-0.01,6,22926,卖盘
1782,13:33:25,38.2,-0.01,55,210137,卖盘
1783,13:33:28,38.2,0.0,21,80220,买盘
1784,13:33:33,38.19,-0.01,3,11457,卖盘
1785,13:33:37,38.19,0.0,1,3819,卖盘
1786,13:33:45,38.2,0.01,10,38193,买盘
1787,13:33:48,38.17,-0.03,4,15268,卖盘
1788,13:33:51,38.17,0.0,6,22902,卖盘
1789,13:33:54,38.17,0.0,1,3817,卖盘
1790,13:33:57,38.17,0.0,3,11451,卖盘
1791,13:34:07,38.15,-0.02,3,11445,卖盘
1792,13:34:10,38.15,0.0,3,11445,卖盘
1793,13:34:19,38.07,-0.08,4,15246,卖盘
1794,13:34:22,38.07,0.0,2,7614,卖盘
1795,13:34:34,38.07,0.0,6,22843,卖盘
1796,13:34:40,38.07,0.0,8,30456,买盘
1797,13:34:43,38.07,0.0,2,7614,买盘
1798,13:34:46,38.06,-0.01,3,11418,卖盘
1799,13:34:49,38.06,0.0,2,7612,卖盘
1800,13:34:52,38.03,-0.03,10,38053,卖盘
1801,13:35:07,38.03,0.0,15,57055,卖盘
1802,13:35:13,38.03,0.0,1,3803,卖盘
1803,13:35:16,38.01,-0.02,9,34225,卖盘
1804,13:35:18,38.04,0.03,7,26628,买盘
1805,13:35:22,38.0,-0.04,22,83600,卖盘
1806,13:35:25,38.01,0.01,12,45612,买盘
1807,13:35:28,38.0,-0.01,10,38000,卖盘
1808,13:35:37,38.0,0.0,6,22800,买盘
1809,13:35:43,37.97,-0.03,5,18997,卖盘
1810,13:35:51,37.99,0.02,6,22794,卖盘
1811,13:36:00,37.99,0.0,5,18995,卖盘
1812,13:36:04,37.99,0.0,1,3799,卖盘
1813,13:36:07,37.99,0.0,21,79789,卖盘
1814,13:36:22,37.99,0.0,5,18993,买盘
1815,13:36:27,37.97,-0.02,6,22782,卖盘
1816,13:36:30,37.97,0.0,10,37970,卖盘
1817,13:36:42,37.99,0.02,10,37989,买盘
1818,13:36:55,38.0,0.01,19,72184,买盘
1819,13:36:58,37.99,-0.01,3,11397,卖盘
1820,13:37:01,38.0,0.01,2,7600,买盘
1821,13:37:04,37.99,-0.01,1,3799,卖盘
1822,13:37:06,37.99,0.0,18,68395,买盘
1823,13:37:13,38.0,0.01,24,91196,买盘
1824,13:37:16,38.0,0.0,4,15200,买盘
1825,13:37:34,38.04,0.04,2,7608,买盘
1826,13:37:37,38.0,-0.04,1,3800,卖盘
1827,13:37:42,38.0,0.0,2,7604,卖盘
1828,13:37:45,38.0,0.0,6,22808,卖盘
1829,13:37:52,38.01,0.01,2,7602,中性盘
1830,13:38:04,38.01,0.0,2,7602,卖盘
1831,13:38:07,38.01,0.0,17,64637,卖盘
1832,13:38:13,38.02,0.01,4,15208,买盘
1833,13:38:21,38.0,-0.02,25,95000,卖盘
1834,13:38:36,38.0,0.0,6,22797,买盘
1835,13:38:49,37.98,-0.02,5,18994,卖盘
1836,13:38:52,37.98,0.0,2,7596,卖盘
1837,13:39:00,38.0,0.02,10,38000,买盘
1838,13:39:03,37.98,-0.02,5,18990,卖盘
1839,13:39:10,37.95,-0.03,41,155612,卖盘
1840,13:39:16,37.98,0.03,1,3798,卖盘
1841,13:39:18,37.95,-0.03,13,49335,卖盘
1842,13:39:25,37.95,0.0,3,11385,卖盘
1843,13:39:30,37.95,0.0,1,3795,卖盘
1844,13:39:36,37.98,0.03,21,79710,买盘
1845,13:39:42,37.95,-0.03,3,11385,卖盘
1846,13:39:54,37.95,0.0,5,18975,买盘
1847,13:39:58,37.95,0.0,5,22574,卖盘
1848,13:40:04,37.96,0.01,10,37974,卖盘
1849,13:40:10,37.96,0.0,1,3796,卖盘
1850,13:40:19,37.96,0.0,3,11388,卖盘
1851,13:40:31,37.96,0.0,2,7592,卖盘
1852,13:40:34,37.93,-0.03,8,30347,卖盘
1853,13:40:40,37.97,0.04,4,15187,买盘
1854,13:40:45,37.96,-0.01,1,3796,买盘
1855,13:40:52,37.96,0.0,11,41756,买盘
1856,13:40:57,37.96,0.0,3,11388,买盘
1857,13:41:01,37.97,0.01,1,3797,买盘
1858,13:41:09,37.97,0.0,1,3797,卖盘
1859,13:41:13,37.97,0.0,10,37970,卖盘
1860,13:41:28,37.96,-0.01,8,30353,买盘
1861,13:41:43,37.96,0.0,3,11388,买盘
1862,13:41:46,37.95,-0.01,38,144245,卖盘
1863,13:42:01,37.97,0.02,2,7594,买盘
1864,13:42:13,37.96,-0.01,1,3796,卖盘
1865,13:42:31,37.97,0.01,1,3797,买盘
1866,13:42:34,37.96,-0.01,7,26572,卖盘
1867,13:42:36,37.96,0.0,3,11388,买盘
1868,13:42:46,37.96,0.0,4,15184,卖盘
1869,13:42:48,37.96,0.0,1,3796,卖盘
1870,13:42:54,37.97,0.01,3,11391,买盘
1871,13:42:57,37.97,0.0,11,41758,买盘
1872,13:43:04,37.97,0.0,3,11391,买盘
1873,13:43:13,37.97,0.0,1,3797,买盘
1874,13:43:16,37.96,-0.01,25,94920,卖盘
1875,13:43:30,37.97,0.01,5,18985,买盘
1876,13:43:34,37.97,0.0,14,53158,买盘
1877,13:43:40,37.97,0.0,2,7594,买盘
1878,13:43:52,37.96,-0.01,1,3796,卖盘
1879,13:43:55,37.97,0.01,1,3797,买盘
1880,13:44:10,37.97,0.0,10,37970,买盘
1881,13:44:13,37.97,0.0,8,30376,买盘
1882,13:44:25,37.95,-0.02,31,117666,卖盘
1883,13:44:30,37.97,0.02,2,7594,买盘
1884,13:44:34,37.97,0.0,3,11391,买盘
1885,13:44:39,37.95,-0.02,15,56925,卖盘
1886,13:44:45,37.95,0.0,2,7590,卖盘
1887,13:44:52,37.95,0.0,1,3795,卖盘
1888,13:44:55,37.95,0.0,9,34162,卖盘
1889,13:45:01,37.96,0.01,21,79706,买盘
1890,13:45:04,37.97,0.01,16,60750,买盘
1891,13:45:16,37.97,0.0,5,18985,卖盘
1892,13:45:19,37.97,0.0,6,22782,卖盘
1893,13:45:21,37.97,0.0,1,3797,卖盘
1894,13:45:24,37.97,0.0,3,11391,卖盘
1895,13:45:45,37.98,0.01,42,159516,买盘
1896,13:45:52,37.98,0.0,1,3798,买盘
1897,13:46:07,37.98,0.0,2,7596,买盘
1898,13:46:10,37.98,0.0,20,75960,买盘
1899,13:46:13,37.97,-0.01,8,30383,卖盘
1900,13:46:33,37.98,0.01,10,37976,买盘
1901,13:46:36,38.0,0.02,1,3800,买盘
1902,13:46:40,37.97,-0.03,2,7595,卖盘
1903,13:46:51,37.97,0.0,3,11391,买盘
1904,13:46:55,37.96,-0.01,5,18980,卖盘
1905,13:46:58,37.96,0.0,5,18980,卖盘
1906,13:47:01,38.0,0.04,21,79766,买盘
1907,13:47:04,38.0,0.0,27,102600,买盘
1908,13:47:12,38.0,0.0,2,7600,卖盘
1909,13:47:19,38.01,0.01,5,19005,买盘
1910,13:47:22,38.0,-0.01,25,95007,卖盘
1911,13:47:25,38.0,0.0,20,76005,卖盘
1912,13:47:28,38.0,0.0,22,83616,卖盘
1913,13:47:34,38.04,0.04,3,11412,买盘
1914,13:47:40,38.04,0.0,3,11412,卖盘
1915,13:47:43,38.06,0.02,12,45670,买盘
1916,13:47:52,38.06,0.0,5,19032,卖盘
1917,13:47:55,38.07,0.01,2,7614,买盘
1918,13:48:01,38.08,0.01,5,19040,中性盘
1919,13:48:07,38.13,0.05,10,38128,买盘
1920,13:48:12,38.15,0.02,13,49585,买盘
1921,13:48:15,38.12,-0.03,1,3812,卖盘
1922,13:48:18,38.15,0.03,12,45778,买盘
1923,13:48:21,38.2,0.05,24,91664,买盘
1924,13:48:27,38.18,-0.02,76,289943,中性盘
1925,13:48:31,38.2,0.02,30,114600,买盘
1926,13:48:34,38.17,-0.03,12,45831,卖盘
1927,13:48:40,38.2,0.03,3,11460,买盘
1928,13:48:42,38.2,0.0,15,57300,买盘
1929,13:48:45,38.2,0.0,14,53480,买盘
1930,13:48:49,38.2,0.0,3,11460,买盘
1931,13:48:52,38.18,-0.02,9,34370,中性盘
1932,13:48:58,38.2,0.02,57,217739,买盘
1933,13:49:01,38.2,0.0,4,15279,买盘
1934,13:49:04,38.2,0.0,24,91679,买盘
1935,13:49:09,38.2,0.0,10,38198,买盘
1936,13:49:13,38.19,-0.01,25,95499,中性盘
1937,13:49:15,38.2,0.01,9,34379,买盘
1938,13:49:19,38.2,0.0,19,72580,买盘
1939,13:49:22,38.2,0.0,10,38200,卖盘
1940,13:49:28,38.2,0.0,22,84041,卖盘
1941,13:49:31,38.21,0.01,24,91688,买盘
1942,13:49:34,38.21,0.0,12,45852,卖盘
1943,13:49:37,38.21,0.0,5,19105,卖盘
1944,13:49:40,38.21,0.0,2,7642,卖盘
1945,13:49:43,38.22,0.01,9,34398,买盘
1946,13:49:45,38.22,0.0,53,202628,买盘
1947,13:49:49,38.22,0.0,4,15288,卖盘
1948,13:49:55,38.24,0.02,4,15295,买盘
1949,13:49:58,38.25,0.01,18,68843,买盘
1950,13:50:04,38.25,0.0,15,57375,买盘
1951,13:50:07,38.24,-0.01,1,3824,卖盘
1952,13:50:09,38.24,0.0,28,107088,卖盘
1953,13:50:13,38.25,0.01,31,118569,买盘
1954,13:50:16,38.23,-0.02,2,7646,卖盘
1955,13:50:19,38.24,0.01,19,72673,中性盘
1956,13:50:22,38.24,0.0,14,53536,买盘
1957,13:50:25,38.23,-0.01,24,91764,卖盘
1958,13:50:28,38.21,-0.02,30,114652,卖盘
1959,13:50:33,38.21,0.0,17,64957,卖盘
1960,13:50:39,38.19,-0.02,21,80227,卖盘
1961,13:50:42,38.23,0.04,16,61144,买盘
1962,13:50:45,38.21,-0.02,2,7642,中性盘
1963,13:50:52,38.19,-0.02,39,148943,卖盘
1964,13:51:10,38.19,0.0,3,11457,买盘
1965,13:51:13,38.18,-0.01,3,11454,卖盘
1966,13:51:18,38.18,0.0,3,11456,卖盘
1967,13:51:21,38.18,0.0,3,11456,卖盘
1968,13:51:28,38.16,-0.02,5,19088,卖盘
1969,13:51:49,38.11,-0.05,17,64797,卖盘
1970,13:51:58,38.09,-0.02,2,7618,卖盘
1971,13:52:01,38.09,0.0,2,7619,卖盘
1972,13:52:16,38.1,0.01,4,15238,买盘
1973,13:52:18,38.08,-0.02,19,72374,卖盘
1974,13:52:21,38.11,0.03,4,15244,买盘
1975,13:52:33,38.08,-0.03,3,11424,卖盘
1976,13:52:39,38.08,0.0,3,11424,卖盘
1977,13:52:42,38.08,0.0,5,19040,买盘
1978,13:52:52,38.09,0.01,4,15233,中性盘
1979,13:52:54,38.08,-0.01,4,15232,卖盘
1980,13:53:04,38.08,0.0,4,15232,买盘
1981,13:53:09,38.07,-0.01,3,11423,卖盘
1982,13:53:16,38.08,0.01,10,38080,卖盘
1983,13:53:18,38.08,0.0,2,4227,卖盘
1984,13:53:22,38.09,0.01,3,11427,买盘
1985,13:53:25,38.08,-0.01,5,19043,卖盘
1986,13:53:27,38.09,0.01,10,38090,买盘
1987,13:53:33,38.09,0.0,3,11427,买盘
1988,13:53:40,38.07,-0.02,54,209029,卖盘
1989,13:53:43,38.07,0.0,10,38070,买盘
1990,13:53:58,38.09,0.02,6,19458,买盘
1991,13:54:19,38.1,0.01,2,7620,买盘
1992,13:54:28,38.1,0.0,3,11430,买盘
1993,13:54:31,38.1,0.0,5,19050,买盘
1994,13:54:33,38.1,0.0,5,19050,买盘
1995,13:54:39,38.1,0.0,11,41910,买盘
1996,13:54:46,38.1,0.0,6,22860,买盘
1997,13:54:51,38.1,0.0,3,11430,买盘
1998,13:54:55,38.1,0.0,1,3810,卖盘
1999,13:55:01,38.1,0.0,1,3810,卖盘
2000,13:55:04,38.1,0.0,16,60960,卖盘
2001,13:55:10,38.1,0.0,29,110490,卖盘
2002,13:55:15,38.09,-0.01,5,22435,卖盘
2003,13:55:21,38.09,0.0,6,22849,买盘
2004,13:55:24,38.09,0.0,10,38090,买盘
2005,13:55:31,38.06,-0.03,1,3806,卖盘
2006,13:55:34,38.09,0.03,10,38090,买盘
2007,13:55:42,38.07,-0.02,1,3807,卖盘
2008,13:55:55,38.06,-0.01,1,3806,卖盘
2009,13:56:01,38.06,0.0,1,3806,买盘
2010,13:56:04,38.05,-0.01,10,38050,卖盘
2011,13:56:13,38.05,0.0,1,3805,买盘
2012,13:56:16,38.03,-0.02,8,30434,中性盘
2013,13:56:18,38.05,0.02,6,22820,买盘
2014,13:56:25,38.02,-0.03,12,45624,卖盘
2015,13:56:31,38.01,-0.01,5,19005,卖盘
2016,13:56:34,38.01,0.0,25,95025,卖盘
2017,13:56:40,38.05,0.04,41,155912,买盘
2018,13:56:43,38.05,0.0,3,11415,卖盘
2019,13:56:51,38.05,0.0,3,11415,卖盘
2020,13:56:55,38.05,0.0,14,53270,卖盘
2021,13:57:01,38.05,0.0,9,34245,卖盘
2022,13:57:04,38.05,0.0,21,79905,卖盘
2023,13:57:07,38.08,0.03,1,3808,买盘
2024,13:57:09,38.05,-0.03,2,7610,卖盘
2025,13:57:12,38.08,0.03,2,7616,买盘
2026,13:57:19,38.05,-0.03,7,26635,卖盘
2027,13:57:22,38.05,0.0,2,7610,买盘
2028,13:57:39,38.01,-0.04,20,76021,卖盘
2029,13:57:42,38.01,0.0,12,45612,卖盘
2030,13:57:46,38.04,0.03,2,7608,买盘
2031,13:57:58,38.05,0.01,1,3805,买盘
2032,13:58:04,38.04,-0.01,3,11414,卖盘
2033,13:58:07,38.04,0.0,4,15216,卖盘
2034,13:58:10,38.01,-0.03,22,80245,卖盘
2035,13:58:13,38.05,0.04,3,11415,买盘
2036,13:58:18,38.01,-0.04,2,7602,卖盘
2037,13:58:24,38.04,0.03,4,15216,买盘
2038,13:58:39,38.01,0.0,5,19002,买盘
2039,13:58:43,38.0,-0.01,1,3800,卖盘
2040,13:58:52,38.01,0.01,4,15204,卖盘
2041,13:58:55,38.0,-0.01,87,330600,卖盘
2042,13:59:07,37.96,-0.04,5,18984,卖盘
2043,13:59:16,37.96,0.0,3,11388,卖盘
2044,13:59:22,37.95,-0.01,5,18975,卖盘
2045,13:59:28,37.95,0.0,27,102475,卖盘
2046,13:59:31,37.95,0.0,6,22770,卖盘
2047,13:59:33,37.95,0.0,7,26565,买盘
2048,13:59:36,37.93,-0.02,4,15172,卖盘
2049,13:59:39,37.93,0.0,10,34327,卖盘
2050,13:59:52,37.92,-0.01,3,11376,卖盘
2051,13:59:55,37.92,0.0,7,30152,卖盘
2052,13:59:58,37.92,0.0,1,3792,卖盘
2053,14:00:06,37.86,-0.06,85,318519,卖盘
2054,14:00:13,37.85,-0.01,19,71928,卖盘
2055,14:00:19,37.85,0.0,7,26495,卖盘
2056,14:00:22,37.85,0.0,1,3785,买盘
2057,14:00:27,37.82,-0.03,2,7565,卖盘
2058,14:00:31,37.81,-0.01,14,52938,卖盘
2059,14:00:37,37.82,0.01,8,30261,卖盘
2060,14:00:39,37.81,-0.01,10,37813,卖盘
2061,14:00:43,37.81,0.0,5,18908,卖盘
2062,14:00:48,37.82,0.01,6,22692,卖盘
2063,14:00:51,37.83,0.01,18,68079,买盘
2064,14:01:00,37.82,-0.01,17,64294,买盘
2065,14:01:04,37.8,-0.02,40,151237,卖盘
2066,14:01:07,37.81,0.01,1,3781,买盘
2067,14:01:10,37.81,0.0,8,30248,卖盘
2068,14:01:13,37.82,0.01,3,11346,买盘
2069,14:01:16,37.82,0.0,4,15128,买盘
2070,14:01:18,37.81,-0.01,16,60544,卖盘
2071,14:01:24,37.8,-0.01,40,151216,卖盘
2072,14:01:39,37.83,0.03,12,45409,卖盘
2073,14:01:43,37.83,0.0,4,15132,卖盘
2074,14:01:52,37.85,0.02,2,7574,卖盘
2075,14:01:58,37.85,0.0,11,41638,卖盘
2076,14:02:04,37.83,-0.02,22,83255,卖盘
2077,14:02:06,37.89,0.06,1,3789,买盘
2078,14:02:10,37.89,0.0,3,11367,买盘
2079,14:02:16,37.89,0.0,5,18947,卖盘
2080,14:02:19,37.94,0.05,30,113737,买盘
2081,14:02:22,37.91,-0.03,2,7582,中性盘
2082,14:02:27,37.91,0.0,2,7582,卖盘
2083,14:02:30,37.9,-0.01,8,30326,卖盘
2084,14:02:34,37.94,0.04,10,37940,买盘
2085,14:02:42,37.94,0.0,3,11382,买盘
2086,14:02:46,37.94,0.0,6,22764,买盘
2087,14:02:55,37.94,0.0,3,11382,买盘
2088,14:03:13,37.92,-0.02,35,132720,卖盘
2089,14:03:16,37.93,0.01,7,26551,买盘
2090,14:03:28,37.94,0.01,1,3794,买盘
2091,14:03:34,37.94,0.0,3,11381,买盘
2092,14:03:45,37.94,0.0,2,7588,卖盘
2093,14:03:54,37.95,0.01,2,7589,买盘
2094,14:04:01,37.95,0.0,1,3795,卖盘
2095,14:04:07,37.95,0.0,6,22770,卖盘
2096,14:04:10,37.95,0.0,1,3795,买盘
2097,14:04:13,37.96,0.01,16,60732,买盘
2098,14:04:25,37.96,0.0,1,3796,卖盘
2099,14:04:27,37.97,0.01,3,11391,买盘
2100,14:04:30,37.96,-0.01,19,72124,卖盘
2101,14:04:39,37.97,0.01,63,239165,买盘
2102,14:04:42,37.97,0.0,6,22782,卖盘
2103,14:04:52,37.97,0.0,31,117707,卖盘
2104,14:04:54,37.97,0.0,2,7594,买盘
2105,14:05:00,37.97,0.0,5,18985,买盘
2106,14:05:04,37.97,0.0,1,3797,买盘
2107,14:05:07,37.97,0.0,16,60752,买盘
2108,14:05:16,37.97,0.0,67,254396,买盘
2109,14:05:22,37.93,-0.04,50,189815,卖盘
2110,14:05:28,37.97,0.04,13,49385,卖盘
2111,14:05:30,37.97,0.0,2,7594,卖盘
2112,14:05:37,37.97,0.0,1,3797,卖盘
2113,14:05:42,37.98,0.01,1,3798,买盘
2114,14:05:48,37.97,-0.01,1,3797,卖盘
2115,14:05:51,37.97,0.0,21,79737,卖盘
2116,14:06:00,37.98,0.01,12,45576,买盘
2117,14:06:12,37.98,0.0,12,45576,买盘
2118,14:06:15,37.98,0.0,1,3798,买盘
2119,14:06:40,37.98,0.0,2,7596,卖盘
2120,14:06:45,37.99,0.01,6,22790,买盘
2121,14:06:48,37.98,-0.01,3,11394,卖盘
2122,14:06:51,37.98,0.0,2,7596,买盘
2123,14:07:01,37.97,-0.01,28,106316,卖盘
2124,14:07:04,37.95,-0.02,7,26565,卖盘
2125,14:07:07,37.95,0.0,4,15180,买盘
2126,14:07:09,37.97,0.02,4,15184,买盘
2127,14:07:15,37.92,-0.05,21,79633,卖盘
2128,14:07:31,37.91,-0.01,2,7582,卖盘
2129,14:07:39,37.93,0.02,2,7586,卖盘
2130,14:07:45,37.91,-0.02,10,37918,卖盘
2131,14:07:51,37.91,0.0,7,26537,卖盘
2132,14:07:57,37.97,0.06,12,45564,买盘
2133,14:08:04,37.97,0.0,3,11391,卖盘
2134,14:08:10,37.97,0.0,1,3797,卖盘
2135,14:08:16,37.97,0.0,4,15188,卖盘
2136,14:08:28,37.98,0.01,1,3798,买盘
2137,14:08:30,37.97,-0.01,16,60752,卖盘
2138,14:08:37,37.97,0.0,23,87337,卖盘
2139,14:08:49,37.97,0.0,6,22786,卖盘
2140,14:08:52,37.97,0.0,6,22782,卖盘
2141,14:08:57,37.97,0.0,12,45564,卖盘
2142,14:09:01,37.97,0.0,1,3797,卖盘
2143,14:09:04,37.97,0.0,16,60752,卖盘
2144,14:09:09,37.97,0.0,3,11391,卖盘
2145,14:09:13,37.97,0.0,3,11391,卖盘
2146,14:09:18,37.98,0.01,12,45569,买盘
2147,14:09:21,37.97,-0.01,5,18985,卖盘
2148,14:09:33,37.98,0.01,14,53169,买盘
2149,14:09:40,37.92,-0.06,4,15178,卖盘
2150,14:09:43,37.98,0.06,2,7596,买盘
2151,14:09:58,37.92,-0.06,4,15170,卖盘
2152,14:10:10,37.89,-0.03,12,45484,卖盘
2153,14:10:31,37.92,0.03,4,15168,卖盘
2154,14:10:40,37.98,0.06,1,3798,买盘
2155,14:11:01,37.93,-0.05,2,7590,卖盘
2156,14:11:22,37.93,0.0,1,3793,卖盘
2157,14:12:04,37.93,0.0,4,15172,卖盘
2158,14:12:28,37.92,-0.01,24,91031,卖盘
2159,14:12:40,37.9,-0.02,20,75810,卖盘
2160,14:12:45,37.91,0.01,2,7582,买盘
2161,14:12:52,37.91,0.0,2,7582,买盘
2162,14:12:54,37.9,-0.01,7,26530,卖盘
2163,14:12:58,37.9,0.0,12,45471,买盘
2164,14:13:06,37.88,-0.02,12,45464,卖盘
2165,14:13:10,37.88,0.0,5,18940,卖盘
2166,14:13:13,37.88,0.0,5,18940,卖盘
2167,14:13:16,37.89,0.01,4,15156,买盘
2168,14:13:22,37.89,0.0,4,15156,卖盘
2169,14:13:24,37.88,-0.01,6,22730,卖盘
2170,14:13:27,37.88,0.0,21,79548,卖盘
2171,14:13:31,37.85,-0.03,1,3785,卖盘
2172,14:13:37,37.85,0.0,2,7570,卖盘
2173,14:13:40,37.89,0.04,59,223385,买盘
2174,14:13:48,37.86,-0.03,5,18930,卖盘
2175,14:13:55,37.86,0.0,1,3786,卖盘
2176,14:13:58,37.86,0.0,15,56829,卖盘
2177,14:14:04,37.82,-0.04,36,139795,卖盘
2178,14:14:16,37.82,0.0,2,7564,卖盘
2179,14:14:18,37.86,0.04,5,18930,买盘
2180,14:14:25,37.86,0.0,20,75657,买盘
2181,14:14:27,37.86,0.0,1,3786,卖盘
2182,14:14:36,37.86,0.0,3,11358,卖盘
2183,14:14:46,37.86,0.0,12,45432,卖盘
2184,14:14:52,37.86,0.0,1,3786,卖盘
2185,14:14:55,37.86,0.0,6,22716,卖盘
2186,14:15:10,37.86,0.0,3,11358,买盘
2187,14:15:13,37.83,-0.03,4,15132,卖盘
2188,14:15:16,37.86,0.03,10,37854,买盘
2189,14:15:19,37.86,0.0,1,3786,买盘
2190,14:15:22,37.86,0.0,13,49218,买盘
2191,14:15:31,37.86,0.0,1,3786,卖盘
2192,14:15:34,37.86,0.0,5,18930,卖盘
2193,14:15:46,37.83,-0.03,1,3783,卖盘
2194,14:15:51,37.83,0.0,2,7566,卖盘
2195,14:15:55,37.86,0.03,1,3786,买盘
2196,14:16:01,37.83,-0.03,2,7569,卖盘
2197,14:16:07,37.86,0.03,5,18930,卖盘
2198,14:16:18,37.83,-0.03,9,34052,卖盘
2199,14:16:22,37.86,0.03,1,3786,买盘
2200,14:16:25,37.86,0.0,1,3786,买盘
2201,14:16:30,37.86,0.0,1,3786,买盘
2202,14:16:39,37.86,0.0,8,30288,卖盘
2203,14:16:46,37.86,0.0,5,18930,卖盘
2204,14:16:49,37.88,0.02,1,3788,买盘
2205,14:16:52,37.86,-0.02,1,3786,卖盘
2206,14:16:55,37.86,0.0,10,37860,卖盘
2207,14:17:00,37.88,0.02,33,125004,买盘
2208,14:17:04,37.88,0.0,1,3788,卖盘
2209,14:17:15,37.88,0.0,1,3788,卖盘
2210,14:17:25,37.88,0.0,3,11364,卖盘
2211,14:17:31,37.9,0.02,2,7580,买盘
2212,14:17:34,37.9,0.0,15,56850,买盘
2213,14:17:49,37.9,0.0,1,3790,买盘
2214,14:18:13,37.9,0.0,10,37900,卖盘
2215,14:18:16,37.9,0.0,1,3790,卖盘
2216,14:18:31,37.93,0.03,2,7586,买盘
2217,14:18:39,37.94,0.01,18,68289,买盘
2218,14:18:45,37.94,0.0,5,18970,买盘
2219,14:18:52,37.95,0.01,17,64510,买盘
2220,14:19:01,37.96,0.01,7,26572,买盘
2221,14:19:07,37.96,0.0,4,15184,买盘
2222,14:19:09,37.96,0.0,4,15184,买盘
2223,14:19:28,37.96,0.0,6,22776,卖盘
2224,14:19:34,37.98,0.02,5,18989,买盘
2225,14:19:42,37.99,0.01,21,79779,买盘
2226,14:19:51,38.0,0.01,13,49400,买盘
2227,14:19:54,38.0,0.0,1,3800,买盘
2228,14:19:57,37.99,-0.01,2,7598,卖盘
2229,14:20:01,38.0,0.01,4,15200,买盘
2230,14:20:07,38.0,0.0,10,38000,买盘
2231,14:20:09,38.0,0.0,1,3800,买盘
2232,14:20:27,38.0,0.0,32,121595,买盘
2233,14:20:31,37.96,-0.04,28,106360,卖盘
2234,14:20:37,37.96,0.0,1,3796,买盘
2235,14:20:40,37.99,0.03,16,60751,买盘
2236,14:21:07,37.99,0.0,2,7598,买盘
2237,14:21:19,37.99,0.0,4,15196,买盘
2238,14:21:31,37.95,-0.04,1,3795,卖盘
2239,14:21:39,37.94,-0.01,3,11382,卖盘
2240,14:22:07,37.94,0.0,2,7588,卖盘
2241,14:22:09,37.94,0.0,5,18970,卖盘
2242,14:22:13,37.94,0.0,3,11382,卖盘
2243,14:22:16,37.99,0.05,8,30380,买盘
2244,14:22:22,37.95,-0.04,4,15184,卖盘
2245,14:22:24,37.99,0.04,2,7598,买盘
2246,14:22:28,37.94,-0.05,12,45535,卖盘
2247,14:22:43,37.98,0.04,1,3798,买盘
2248,14:22:46,38.0,0.02,33,125358,买盘
2249,14:22:52,37.99,-0.01,1,3799,卖盘
2250,14:22:55,38.0,0.01,1,3800,买盘
2251,14:23:01,38.0,0.0,3,11400,买盘
2252,14:23:04,38.0,0.0,10,38000,买盘
2253,14:23:16,38.04,0.04,4,15216,买盘
2254,14:23:19,38.04,0.0,2,7608,卖盘
2255,14:23:25,38.05,0.01,1,3805,买盘
2256,14:23:37,38.1,0.05,6,22860,买盘
2257,14:23:40,38.05,-0.05,12,45719,卖盘
2258,14:23:49,38.15,0.1,6,22890,买盘
2259,14:23:52,38.15,0.0,1,3815,卖盘
2260,14:23:57,38.15,0.0,4,15260,卖盘
2261,14:24:01,38.16,0.01,1,3816,买盘
2262,14:24:04,38.18,0.02,10,38180,买盘
2263,14:24:07,38.16,-0.02,38,145017,卖盘
2264,14:24:10,38.2,0.04,37,141337,买盘
2265,14:24:19,38.2,0.0,6,22920,买盘
2266,14:24:21,38.2,0.0,74,279280,买盘
2267,14:24:24,38.18,-0.02,12,45832,卖盘
2268,14:24:31,38.2,0.02,3,11460,卖盘
2269,14:24:34,38.22,0.02,3,11466,买盘
2270,14:24:37,38.22,0.0,1,3822,买盘
2271,14:24:43,38.22,0.0,29,110824,买盘
2272,14:24:46,38.22,0.0,76,290463,买盘
2273,14:24:49,38.22,0.0,2,7644,买盘
2274,14:24:52,38.22,0.0,42,160494,买盘
2275,14:24:54,38.2,-0.02,17,64970,卖盘
2276,14:24:57,38.2,0.0,10,38200,买盘
2277,14:25:04,38.2,0.0,2,7640,买盘
2278,14:25:13,38.2,0.0,10,38200,买盘
2279,14:25:16,38.2,0.0,10,38200,买盘
2280,14:25:19,38.2,0.0,2,7640,卖盘
2281,14:25:22,38.2,0.0,1,3820,卖盘
2282,14:25:25,38.2,0.0,18,68760,卖盘
2283,14:25:28,38.22,0.02,4,15288,买盘
2284,14:25:31,38.2,-0.02,2,7641,卖盘
2285,14:25:34,38.2,0.0,1,3820,卖盘
2286,14:25:37,38.22,0.02,17,64954,买盘
2287,14:25:43,38.2,-0.02,5,19106,卖盘
2288,14:25:45,38.2,0.0,1,3820,卖盘
2289,14:25:49,38.21,0.01,8,30561,买盘
2290,14:25:52,38.2,-0.01,12,45850,卖盘
2291,14:25:54,38.2,0.0,58,221562,卖盘
2292,14:25:58,38.2,0.0,21,80220,卖盘
2293,14:26:01,38.18,-0.02,23,87844,卖盘
2294,14:26:12,38.18,0.0,3,11454,买盘
2295,14:26:16,38.18,0.0,1,3818,卖盘
2296,14:26:19,38.18,0.0,2,7636,卖盘
2297,14:26:25,38.18,0.0,47,179456,卖盘
2298,14:26:28,38.18,0.0,14,53452,卖盘
2299,14:26:31,38.18,0.0,2,7636,卖盘
2300,14:26:36,38.18,0.0,34,129812,卖盘
2301,14:26:48,38.17,-0.01,3,11451,卖盘
2302,14:26:55,38.18,0.01,24,91602,买盘
2303,14:26:58,38.16,-0.02,3,11448,卖盘
2304,14:27:01,38.18,0.02,108,412322,买盘
2305,14:27:04,38.16,-0.02,3,11448,卖盘
2306,14:27:06,38.16,0.0,3,11448,卖盘
2307,14:27:16,38.15,-0.01,3,11446,卖盘
2308,14:27:18,38.16,0.01,1,3816,买盘
2309,14:27:22,38.17,0.01,16,61060,买盘
2310,14:27:27,38.15,-0.02,10,38155,卖盘
2311,14:27:45,38.15,0.0,1,3815,买盘
2312,14:28:01,38.11,-0.04,1,3811,卖盘
2313,14:28:04,38.1,-0.01,6,22876,卖盘
2314,14:28:13,38.1,0.0,12,45720,卖盘
2315,14:28:19,38.11,0.01,1,3811,中性盘
2316,14:28:21,38.11,0.0,3,11433,卖盘
2317,14:28:25,38.1,-0.01,8,30497,卖盘
2318,14:28:31,38.1,0.0,1,3810,卖盘
2319,14:28:49,38.1,0.0,11,41910,卖盘
2320,14:28:51,38.1,0.0,1,3810,卖盘
2321,14:28:58,38.1,0.0,3,11430,卖盘
2322,14:29:00,38.1,0.0,22,83820,卖盘
2323,14:29:03,38.1,0.0,2,7620,卖盘
2324,14:29:10,38.13,0.03,6,22878,买盘
2325,14:29:16,38.1,-0.03,14,53345,卖盘
2326,14:29:19,38.13,0.03,2,7626,买盘
2327,14:29:22,38.13,0.0,1,3813,买盘
2328,14:29:31,38.14,0.01,6,22884,买盘
2329,14:29:34,38.14,0.0,23,87704,买盘
2330,14:29:52,38.15,0.01,1,3815,买盘
2331,14:30:00,38.15,0.0,4,15260,买盘
2332,14:30:07,38.17,0.02,15,57251,买盘
2333,14:30:13,38.19,0.02,25,95459,买盘
2334,14:30:21,38.19,0.0,9,34369,买盘
2335,14:30:31,38.19,0.0,11,42009,买盘
2336,14:30:33,38.18,-0.01,5,19090,卖盘
2337,14:30:37,38.19,0.01,6,22909,买盘
2338,14:30:40,38.19,0.0,4,15276,买盘
2339,14:30:43,38.19,0.0,11,42009,买盘
2340,14:30:48,38.2,0.01,6,22920,买盘
2341,14:30:52,38.2,0.0,53,202460,买盘
2342,14:30:58,38.2,0.0,9,34380,卖盘
2343,14:31:01,38.2,0.0,1,3820,卖盘
2344,14:31:04,38.2,0.0,11,42029,卖盘
2345,14:31:12,38.21,0.01,5,19105,卖盘
2346,14:31:15,38.2,-0.01,16,61128,卖盘
2347,14:31:28,38.2,0.0,35,133700,卖盘
2348,14:31:31,38.19,-0.01,3,11457,卖盘
2349,14:31:42,38.19,0.0,1,3819,买盘
2350,14:31:54,38.18,-0.01,10,38180,卖盘
2351,14:32:01,38.18,0.0,1,3818,买盘
2352,14:32:04,38.17,-0.01,4,15271,卖盘
2353,14:32:12,38.16,-0.01,19,72489,买盘
2354,14:32:15,38.17,0.01,2,7634,中性盘
2355,14:32:22,38.17,0.0,2,7634,卖盘
2356,14:32:25,38.17,0.0,46,175582,卖盘
2357,14:32:30,38.17,0.0,3,11451,买盘
2358,14:32:34,38.17,0.0,6,22902,买盘
2359,14:32:36,38.17,0.0,2,7634,卖盘
2360,14:32:46,38.16,-0.01,5,19084,卖盘
2361,14:32:48,38.16,0.0,2,7632,卖盘
2362,14:32:55,38.16,0.0,14,53426,卖盘
2363,14:32:58,38.15,-0.01,28,106825,卖盘
2364,14:33:01,38.18,0.03,10,38180,买盘
2365,14:33:19,38.16,-0.02,19,72507,卖盘
2366,14:33:22,38.16,0.0,2,7632,卖盘
2367,14:33:24,38.17,0.01,3,11451,买盘
2368,14:33:28,38.16,-0.01,2,7632,卖盘
2369,14:33:30,38.16,0.0,1,3816,卖盘
2370,14:33:33,38.16,0.0,6,22897,卖盘
2371,14:33:36,38.17,0.01,6,22902,买盘
2372,14:33:40,38.17,0.0,3,11451,卖盘
2373,14:33:43,38.17,0.0,6,22902,卖盘
2374,14:33:49,38.17,0.0,3,11451,卖盘
2375,14:33:54,38.17,0.0,84,320682,卖盘
2376,14:33:58,38.17,0.0,7,26719,卖盘
2377,14:34:01,38.17,0.0,12,45804,卖盘
2378,14:34:13,38.19,0.02,5,19095,买盘
2379,14:34:16,38.17,-0.02,3,11451,卖盘
2380,14:34:18,38.17,0.0,2,7634,买盘
2381,14:34:27,38.2,0.03,111,423959,买盘
2382,14:34:31,38.16,-0.04,43,164096,卖盘
2383,14:34:34,38.17,0.01,4,15268,中性盘
2384,14:34:37,38.17,0.0,3,11451,买盘
2385,14:34:40,38.16,-0.01,6,22896,卖盘
2386,14:34:43,38.17,0.01,2,7634,买盘
2387,14:34:46,38.17,0.0,2,7634,卖盘
2388,14:34:54,38.17,0.0,12,45804,卖盘
2389,14:34:58,38.17,0.0,12,45804,卖盘
2390,14:35:10,38.17,0.0,1,3817,卖盘
2391,14:35:12,38.2,0.03,95,362900,买盘
2392,14:35:16,38.2,0.0,2,7640,卖盘
2393,14:35:19,38.2,0.0,1,3820,卖盘
2394,14:35:24,38.2,0.0,10,38205,卖盘
2395,14:35:28,38.2,0.0,6,22923,卖盘
2396,14:35:31,38.2,0.0,10,38200,卖盘
2397,14:35:34,38.21,0.01,47,179582,买盘
2398,14:35:36,38.21,0.0,1,3821,卖盘
2399,14:35:39,38.21,0.0,67,256066,卖盘
2400,14:35:43,38.23,0.02,9,34405,买盘
2401,14:35:46,38.23,0.0,39,149041,买盘
2402,14:35:49,38.24,0.01,37,141456,买盘
2403,14:35:55,38.25,0.01,75,286840,买盘
2404,14:35:57,38.28,0.03,96,367345,买盘
2405,14:36:01,38.35,0.07,125,478759,买盘
2406,14:36:04,38.4,0.05,63,241863,买盘
2407,14:36:07,38.35,-0.05,5,19187,卖盘
2408,14:36:10,38.4,0.05,35,134400,买盘
2409,14:36:16,38.45,0.05,39,149856,买盘
2410,14:36:19,38.46,0.01,31,119202,买盘
2411,14:36:22,38.47,0.01,15,57684,买盘
2412,14:36:25,38.55,0.08,234,900637,买盘
2413,14:36:28,38.52,-0.03,46,177286,中性盘
2414,14:36:31,38.59,0.07,4,15436,买盘
2415,14:36:34,38.58,-0.01,10,38582,卖盘
2416,14:36:37,38.6,0.02,30,115771,买盘
2417,14:36:39,38.66,0.06,129,497957,买盘
2418,14:36:43,38.67,0.01,7,27065,买盘
2419,14:36:46,38.7,0.03,49,189524,买盘
2420,14:36:48,38.88,0.18,188,729157,买盘
2421,14:36:54,38.9,0.02,9,35001,买盘
2422,14:36:58,38.93,0.03,54,210067,买盘
2423,14:37:01,38.93,0.0,49,190623,买盘
2424,14:37:04,38.89,-0.04,59,229548,卖盘
2425,14:37:06,38.96,0.07,137,532781,买盘
2426,14:37:10,38.98,0.02,162,630966,买盘
2427,14:37:13,38.98,0.0,42,163788,卖盘
2428,14:37:16,38.99,0.01,103,401619,中性盘
2429,14:37:19,39.0,0.01,37,144247,买盘
2430,14:37:22,38.98,-0.02,95,370320,卖盘
2431,14:37:25,38.97,-0.01,117,456171,卖盘
2432,14:37:28,38.95,-0.02,26,101314,卖盘
2433,14:37:30,38.97,0.02,83,323495,买盘
2434,14:37:34,38.9,-0.07,31,120786,卖盘
2435,14:37:36,38.93,0.03,78,303516,买盘
2436,14:37:40,39.0,0.07,59,230059,买盘
2437,14:37:42,38.99,-0.01,74,288464,中性盘
2438,14:37:45,38.95,-0.04,48,187046,卖盘
2439,14:37:48,38.9,-0.05,47,182940,卖盘
2440,14:37:51,39.02,0.12,13,50700,买盘
2441,14:37:55,39.0,-0.02,14,54622,卖盘
2442,14:37:57,38.99,-0.01,41,159849,中性盘
2443,14:38:01,38.97,-0.02,30,116957,中性盘
2444,14:38:04,39.0,0.03,94,366392,买盘
2445,14:38:06,38.99,-0.01,14,54589,卖盘
2446,14:38:09,38.88,-0.11,66,257180,卖盘
2447,14:38:13,39.0,0.12,34,132600,买盘
2448,14:38:15,39.0,0.0,18,70157,买盘
2449,14:38:18,39.0,0.0,22,85798,卖盘
2450,14:38:22,38.95,-0.05,9,35050,买盘
2451,14:38:28,38.88,-0.07,17,66126,卖盘
2452,14:38:31,38.88,0.0,2,7776,卖盘
2453,14:38:34,38.95,0.07,16,62334,买盘
2454,14:38:37,38.92,-0.03,7,27262,卖盘
2455,14:38:40,38.92,0.0,19,73956,卖盘
2456,14:38:43,38.9,-0.02,42,163415,卖盘
2457,14:38:45,38.82,-0.08,2,7772,卖盘
2458,14:38:49,38.9,0.08,2,7774,买盘
2459,14:38:52,38.82,-0.08,7,27181,卖盘
2460,14:38:55,38.8,-0.02,17,65983,卖盘
2461,14:38:57,38.82,0.02,3,11646,买盘
2462,14:39:00,38.82,0.0,11,42694,买盘
2463,14:39:04,38.8,-0.02,22,85362,卖盘
2464,14:39:06,38.82,0.02,17,65988,买盘
2465,14:39:10,38.82,0.0,19,73748,买盘
2466,14:39:13,38.8,-0.02,7,27138,买盘
2467,14:39:16,38.71,-0.09,34,131848,卖盘
2468,14:39:18,38.71,0.0,3,11615,卖盘
2469,14:39:21,38.71,0.0,7,27106,卖盘
2470,14:39:25,38.8,0.09,73,282643,买盘
2471,14:39:28,38.72,-0.08,5,19384,中性盘
2472,14:39:30,38.7,-0.02,22,85174,卖盘
2473,14:39:34,38.8,0.1,4,15511,买盘
2474,14:39:37,38.8,0.0,29,112520,买盘
2475,14:39:40,38.73,-0.07,3,11633,卖盘
2476,14:39:45,38.73,0.0,33,127783,卖盘
2477,14:39:52,38.73,0.0,29,112325,卖盘
2478,14:39:55,38.81,0.08,130,504286,买盘
2479,14:40:01,38.81,0.0,11,42695,卖盘
2480,14:40:04,38.82,0.01,18,69863,买盘
2481,14:40:07,38.82,0.0,60,232920,卖盘
2482,14:40:10,38.81,-0.01,116,450295,卖盘
2483,14:40:13,38.8,-0.01,8,31040,买盘
2484,14:40:16,38.8,0.0,18,69840,买盘
2485,14:40:19,38.8,0.0,18,69828,买盘
2486,14:40:21,38.8,0.0,14,54320,买盘
2487,14:40:28,38.79,-0.01,4,15516,卖盘
2488,14:40:31,38.79,0.0,9,34915,卖盘
2489,14:40:34,38.79,0.0,8,31032,卖盘
2490,14:40:37,38.79,0.0,21,81459,卖盘
2491,14:40:40,38.79,0.0,4,15516,卖盘
2492,14:40:43,38.77,-0.02,30,116310,卖盘
2493,14:40:45,38.79,0.02,24,92979,买盘
2494,14:40:49,38.72,-0.07,1,3872,卖盘
2495,14:40:51,38.72,0.0,2,7744,卖盘
2496,14:40:55,38.7,-0.02,23,89035,卖盘
2497,14:40:58,38.68,-0.02,40,154720,卖盘
2498,14:41:04,38.7,0.02,15,58050,买盘
2499,14:41:07,38.7,0.0,6,23220,卖盘
2500,14:41:10,38.72,0.02,7,27102,买盘
2501,14:41:13,38.68,-0.04,13,50308,卖盘
2502,14:41:16,38.7,0.02,4,15483,卖盘
2503,14:41:19,38.7,0.0,13,50310,卖盘
2504,14:41:21,38.69,-0.01,16,61902,中性盘
2505,14:41:30,38.68,-0.01,1,3868,卖盘
2506,14:41:37,38.68,0.0,51,197279,卖盘
2507,14:41:40,38.67,-0.01,3,11601,卖盘
2508,14:41:43,38.67,0.0,3,11601,卖盘
2509,14:41:45,38.66,-0.01,30,115994,卖盘
2510,14:41:48,38.67,0.01,3,11601,买盘
2511,14:41:51,38.65,-0.02,1,3865,卖盘
2512,14:41:54,38.67,0.02,2,7734,买盘
2513,14:42:04,38.61,-0.06,7,27027,卖盘
2514,14:42:06,38.61,0.0,9,34768,卖盘
2515,14:42:09,38.6,-0.01,9,34746,卖盘
2516,14:42:13,38.61,0.01,2,7722,买盘
2517,14:42:16,38.6,-0.01,23,88780,中性盘
2518,14:42:19,38.6,0.0,2,7719,卖盘
2519,14:42:22,38.61,0.01,24,92661,买盘
2520,14:42:24,38.58,-0.03,3,11575,卖盘
2521,14:42:28,38.57,-0.01,2,7715,卖盘
2522,14:42:31,38.59,0.02,14,54039,卖盘
2523,14:42:34,38.59,0.0,25,96475,卖盘
2524,14:42:37,38.59,0.0,6,23149,买盘
2525,14:42:40,38.53,-0.06,37,142729,卖盘
2526,14:42:43,38.52,-0.01,12,46224,买盘
2527,14:42:46,38.52,0.0,6,23112,买盘
2528,14:42:49,38.52,0.0,1,3852,买盘
2529,14:42:51,38.52,0.0,10,38518,买盘
2530,14:42:55,38.51,-0.01,74,284927,卖盘
2531,14:42:58,38.5,-0.01,30,115533,中性盘
2532,14:43:01,38.51,0.01,30,115519,买盘
2533,14:43:04,38.51,0.0,22,84717,买盘
2534,14:43:07,38.48,-0.03,19,73120,卖盘
2535,14:43:09,38.48,0.0,6,23093,卖盘
2536,14:43:13,38.49,0.01,7,26937,买盘
2537,14:43:16,38.49,0.0,4,15396,买盘
2538,14:43:19,38.48,-0.01,13,50028,卖盘
2539,14:43:22,38.47,-0.01,16,61557,卖盘
2540,14:43:25,38.48,0.01,11,42328,买盘
2541,14:43:28,38.48,0.0,6,23088,卖盘
2542,14:43:31,38.49,0.01,5,19241,买盘
2543,14:43:33,38.47,-0.02,16,61561,卖盘
2544,14:43:37,38.48,0.01,2,7695,买盘
2545,14:43:40,38.51,0.03,61,234808,买盘
2546,14:43:43,38.48,-0.03,148,569786,卖盘
2547,14:43:46,38.48,0.0,8,30790,卖盘
2548,14:43:49,38.49,0.01,7,26943,买盘
2549,14:43:52,38.49,0.0,36,138564,买盘
2550,14:43:55,38.49,0.0,2,7698,买盘
2551,14:43:58,38.52,0.03,15,57780,买盘
2552,14:44:01,38.49,-0.03,70,269422,中性盘
2553,14:44:04,38.52,0.03,48,184736,买盘
2554,14:44:07,38.52,0.0,6,23103,买盘
2555,14:44:10,38.52,0.0,3,11548,买盘
2556,14:44:16,38.52,0.0,4,15408,卖盘
2557,14:44:19,38.55,0.03,4,15414,买盘
2558,14:44:25,38.52,-0.03,11,42384,卖盘
2559,14:44:28,38.55,0.03,23,88604,中性盘
2560,14:44:31,38.56,0.01,4,15418,买盘
2561,14:44:43,38.58,0.02,3,11574,中性盘
2562,14:44:49,38.61,0.03,8,30877,买盘
2563,14:44:55,38.68,0.07,4,15472,买盘
2564,14:44:58,38.66,-0.02,13,50258,中性盘
2565,14:45:01,38.67,0.01,1,3867,买盘
2566,14:45:04,38.68,0.01,13,50278,买盘
2567,14:45:07,38.67,-0.01,2,7735,中性盘
2568,14:45:10,38.67,0.0,3,11601,卖盘
2569,14:45:13,38.69,0.02,3,11607,买盘
2570,14:45:16,38.69,0.0,21,81240,卖盘
2571,14:45:19,38.7,0.01,20,77386,买盘
2572,14:45:25,38.73,0.03,6,23238,卖盘
2573,14:45:28,38.73,0.0,1,3873,卖盘
2574,14:45:31,38.73,0.0,9,34877,卖盘
2575,14:45:34,38.78,0.05,15,58160,买盘
2576,14:45:40,38.73,-0.05,2,7746,卖盘
2577,14:45:43,38.73,0.0,3,11619,买盘
2578,14:45:46,38.73,0.0,8,30984,买盘
2579,14:45:49,38.78,0.05,18,69800,买盘
2580,14:45:52,38.78,0.0,6,23264,买盘
2581,14:45:55,38.74,-0.04,2,7748,卖盘
2582,14:45:58,38.79,0.05,15,58165,买盘
2583,14:46:01,38.78,-0.01,5,19394,卖盘
2584,14:46:04,38.78,0.0,7,27139,买盘
2585,14:46:07,38.78,0.0,2,7756,买盘
2586,14:46:10,38.78,0.0,8,31024,买盘
2587,14:46:13,38.75,-0.03,20,77506,卖盘
2588,14:46:16,38.74,-0.01,48,185990,卖盘
2589,14:46:19,38.74,0.0,14,54245,卖盘
2590,14:46:22,38.74,0.0,7,27122,卖盘
2591,14:46:25,38.74,0.0,5,19370,卖盘
2592,14:46:28,38.73,-0.01,20,77430,卖盘
2593,14:46:31,38.74,0.01,13,50362,买盘
2594,14:46:34,38.68,-0.06,33,127718,卖盘
2595,14:46:40,38.68,0.0,13,50284,卖盘
2596,14:46:46,38.69,0.01,3,11607,买盘
2597,14:46:49,38.66,-0.03,11,42544,卖盘
2598,14:46:52,38.71,0.05,43,166450,买盘
2599,14:46:55,38.71,0.0,9,34839,卖盘
2600,14:46:58,38.66,-0.05,5,19330,卖盘
2601,14:47:01,38.66,0.0,15,57999,卖盘
2602,14:47:04,38.66,0.0,2,7732,买盘
2603,14:47:07,38.66,0.0,5,19330,卖盘
2604,14:47:10,38.67,0.01,12,46393,买盘
2605,14:47:19,38.63,-0.04,11,42499,卖盘
2606,14:47:22,38.63,0.0,8,30904,买盘
2607,14:47:25,38.63,0.0,1,3863,买盘
2608,14:47:28,38.63,0.0,2,7726,买盘
2609,14:47:34,38.61,-0.02,10,38610,卖盘
2610,14:47:43,38.61,0.0,28,108050,卖盘
2611,14:47:46,38.61,0.0,8,30888,买盘
2612,14:47:49,38.56,-0.05,27,104182,卖盘
2613,14:47:52,38.56,0.0,4,15424,买盘
2614,14:47:58,38.55,-0.01,21,80961,卖盘
2615,14:48:01,38.55,0.0,15,57825,卖盘
2616,14:48:07,38.55,0.0,5,19270,买盘
2617,14:48:10,38.55,0.0,55,212023,买盘
2618,14:48:13,38.55,0.0,8,30840,卖盘
2619,14:48:16,38.51,-0.04,43,165755,卖盘
2620,14:48:19,38.57,0.06,16,61612,买盘
2621,14:48:22,38.55,-0.02,4,15420,中性盘
2622,14:48:25,38.57,0.02,1,3857,卖盘
2623,14:48:28,38.5,-0.07,22,84725,卖盘
2624,14:48:31,38.55,0.05,3,11560,买盘
2625,14:48:37,38.48,-0.07,2,7696,卖盘
2626,14:48:40,38.48,0.0,1,3848,卖盘
2627,14:48:43,38.5,0.02,5,19246,买盘
2628,14:48:46,38.48,-0.02,4,15392,买盘
2629,14:48:55,38.5,0.02,3,11550,卖盘
2630,14:48:58,38.54,0.04,5,19254,买盘
2631,14:49:01,38.53,-0.01,7,26971,卖盘
2632,14:49:04,38.5,-0.03,7,26965,卖盘
2633,14:49:07,38.54,0.04,5,19270,买盘
2634,14:49:13,38.54,0.0,2,7707,买盘
2635,14:49:16,38.54,0.0,4,15407,买盘
2636,14:49:19,38.54,0.0,2,7708,买盘
2637,14:49:22,38.55,0.01,8,30838,买盘
2638,14:49:25,38.53,-0.02,6,23123,卖盘
2639,14:49:28,38.55,0.02,6,23128,买盘
2640,14:49:31,38.54,-0.01,16,61677,中性盘
2641,14:49:40,38.56,0.02,4,15422,买盘
2642,14:49:43,38.56,0.0,1,3856,卖盘
2643,14:49:46,38.55,-0.01,17,65560,卖盘
2644,14:49:49,38.58,0.03,6,23133,买盘
2645,14:49:55,38.55,-0.03,5,19275,卖盘
2646,14:49:58,38.58,0.03,15,57866,买盘
2647,14:50:01,38.56,-0.02,14,53984,买盘
2648,14:50:04,38.56,0.0,1,3856,买盘
2649,14:50:07,38.56,0.0,1,3856,买盘
2650,14:50:10,38.56,0.0,5,19280,买盘
2651,14:50:13,38.5,-0.06,73,281321,卖盘
2652,14:50:16,38.56,0.06,11,42413,买盘
2653,14:50:25,38.56,0.0,4,15424,卖盘
2654,14:50:28,38.56,0.0,42,161972,卖盘
2655,14:50:31,38.56,0.0,5,19280,卖盘
2656,14:50:34,38.58,0.02,5,19290,买盘
2657,14:50:37,38.56,-0.02,5,19280,卖盘
2658,14:50:43,38.56,0.0,6,23136,买盘
2659,14:50:46,38.55,-0.01,4,15422,卖盘
2660,14:50:49,38.52,-0.03,57,219593,卖盘
2661,14:50:52,38.55,0.03,7,26985,中性盘
2662,14:50:55,38.55,0.0,24,92542,卖盘
2663,14:50:58,38.55,0.0,22,84824,卖盘
2664,14:51:01,38.56,0.01,4,15418,买盘
2665,14:51:04,38.56,0.0,23,88676,买盘
2666,14:51:07,38.56,0.0,16,61696,卖盘
2667,14:51:10,38.56,0.0,3,11568,卖盘
2668,14:51:13,38.56,0.0,15,57840,卖盘
2669,14:51:16,38.58,0.02,1,3858,买盘
2670,14:51:22,38.56,-0.02,17,65553,卖盘
2671,14:51:25,38.58,0.02,9,34722,买盘
2672,14:51:28,38.56,-0.02,4,15424,卖盘
2673,14:51:31,38.56,0.0,3,11572,卖盘
2674,14:51:37,38.58,0.02,20,77139,买盘
2675,14:51:40,38.57,-0.01,11,42427,卖盘
2676,14:51:43,38.56,-0.01,7,26994,卖盘
2677,14:51:46,38.58,0.02,11,42437,买盘
2678,14:51:49,38.57,-0.01,10,38574,卖盘
2679,14:51:52,38.56,-0.01,3,11571,卖盘
2680,14:51:55,38.57,0.01,32,123453,中性盘
2681,14:51:58,38.58,0.01,14,54000,买盘
2682,14:52:01,38.56,-0.02,11,42434,卖盘
2683,14:52:04,38.58,0.02,62,239095,买盘
2684,14:52:07,38.57,-0.01,15,57861,卖盘
2685,14:52:10,38.57,0.0,14,54022,卖盘
2686,14:52:13,38.58,0.01,9,34722,中性盘
2687,14:52:16,38.58,0.0,6,23148,买盘
2688,14:52:19,38.61,0.03,57,219999,买盘
2689,14:52:22,38.58,-0.03,1,3858,卖盘
2690,14:52:25,38.58,0.0,17,65586,卖盘
2691,14:52:28,38.58,0.0,3,11574,卖盘
2692,14:52:31,38.59,0.01,3,11576,买盘
2693,14:52:34,38.58,-0.01,61,235315,卖盘
2694,14:52:37,38.6,0.02,3,11580,卖盘
2695,14:52:40,38.59,-0.01,17,65619,卖盘
2696,14:52:43,38.61,0.02,10,38610,买盘
2697,14:52:49,38.6,-0.01,13,50189,中性盘
2698,14:52:55,38.6,0.0,17,65619,买盘
2699,14:52:58,38.59,-0.01,8,30872,卖盘
2700,14:53:01,38.6,0.01,1,3860,买盘
2701,14:53:04,38.6,0.0,8,30880,买盘
2702,14:53:10,38.58,-0.02,5,19291,卖盘
2703,14:53:13,38.6,0.02,13,50177,买盘
2704,14:53:16,38.59,-0.01,5,19295,中性盘
2705,14:53:19,38.58,-0.01,3,11574,卖盘
2706,14:53:25,38.56,-0.02,19,73272,卖盘
2707,14:53:28,38.58,0.02,22,84851,买盘
2708,14:53:31,38.58,0.0,29,111881,买盘
2709,14:53:34,38.52,-0.06,27,104065,卖盘
2710,14:53:37,38.58,0.06,15,57861,买盘
2711,14:53:43,38.58,0.0,16,61726,买盘
2712,14:53:46,38.58,0.0,5,19290,卖盘
2713,14:53:52,38.56,-0.02,4,15424,买盘
2714,14:53:58,38.56,0.0,31,119531,买盘
2715,14:54:01,38.52,-0.04,12,46236,卖盘
2716,14:54:07,38.53,0.01,52,200433,中性盘
2717,14:54:13,38.52,-0.01,18,69365,卖盘
2718,14:54:16,38.52,0.0,23,88605,卖盘
2719,14:54:19,38.5,-0.02,190,731596,卖盘
2720,14:54:22,38.5,0.0,30,115465,买盘
2721,14:54:25,38.5,0.0,5,19250,买盘
2722,14:54:28,38.49,-0.01,10,38499,中性盘
2723,14:54:31,38.48,-0.01,17,65416,卖盘
2724,14:54:34,38.48,0.0,13,50022,卖盘
2725,14:54:37,38.48,0.0,11,42328,买盘
2726,14:54:40,38.47,-0.01,4,15385,买盘
2727,14:54:43,38.45,-0.02,18,69177,卖盘
2728,14:54:46,38.44,-0.01,13,49967,中性盘
2729,14:54:52,38.39,-0.05,45,172835,卖盘
2730,14:54:55,38.38,-0.01,5,19190,卖盘
2731,14:55:01,38.38,0.0,3,11514,卖盘
2732,14:55:04,38.38,0.0,14,53732,卖盘
2733,14:55:07,38.33,-0.05,143,548896,卖盘
2734,14:55:10,38.35,0.02,1,3835,中性盘
2735,14:55:13,38.33,-0.02,4,15338,卖盘
2736,14:55:16,38.33,0.0,2,7666,买盘
2737,14:55:19,38.3,-0.03,13,49804,卖盘
2738,14:55:22,38.32,0.02,6,22995,卖盘
2739,14:55:25,38.3,-0.02,55,210738,卖盘
2740,14:55:28,38.33,0.03,14,53623,买盘
2741,14:55:31,38.32,-0.01,4,15328,中性盘
2742,14:55:34,38.3,-0.02,14,53637,卖盘
2743,14:55:37,38.3,0.0,2,7658,买盘
2744,14:55:40,38.3,0.0,11,42130,买盘
2745,14:55:43,38.23,-0.07,19,72674,卖盘
2746,14:55:46,38.23,0.0,5,19131,中性盘
2747,14:55:49,38.23,0.0,1,3823,中性盘
2748,14:55:52,38.24,0.01,9,34447,卖盘
2749,14:55:55,38.23,-0.01,52,198754,卖盘
2750,14:55:58,38.22,-0.01,27,103194,买盘
2751,14:56:01,38.24,0.02,3,11473,中性盘
2752,14:56:04,38.24,0.0,3,11482,卖盘
2753,14:56:07,38.24,0.0,2,7649,卖盘
2754,14:56:10,38.29,0.05,7,26793,买盘
2755,14:56:13,38.24,-0.05,28,107160,卖盘
2756,14:56:16,38.29,0.05,7,26783,买盘
2757,14:56:19,38.29,0.0,9,34461,买盘
2758,14:56:22,38.29,0.0,1,3829,买盘
2759,14:56:25,38.26,-0.03,13,49738,卖盘
2760,14:56:28,38.29,0.03,42,160764,买盘
2761,14:56:31,38.29,0.0,62,237248,买盘
2762,14:56:34,38.29,0.0,18,68901,买盘
2763,14:56:37,38.29,0.0,68,260372,买盘
2764,14:56:40,38.28,-0.01,38,145416,中性盘
2765,14:56:43,38.28,0.0,3,11484,卖盘
2766,14:56:46,38.29,0.01,23,88060,买盘
2767,14:56:49,38.26,-0.03,46,176107,卖盘
2768,14:56:52,38.26,0.0,10,38272,卖盘
2769,14:56:55,38.28,0.02,23,88015,买盘
2770,14:56:58,38.26,-0.02,2,7652,中性盘
2771,14:57:01,38.26,0.0,40,153117,买盘
2772,14:57:03,38.28,0.02,13,49773,中性盘
2773,15:00:05,38.2,-0.08,845,3227900,卖盘
