,time,price,change,volume,amount,type
0,09:25:04,7.85,0.0,564,442740,卖盘
1,09:30:04,7.85,0.0,617,483864,买盘
2,09:30:07,7.85,0.0,42,32970,买盘
3,09:30:09,7.83,-0.02,40,31396,卖盘
4,09:30:12,7.85,0.02,5,3925,买盘
5,09:30:15,7.85,0.0,10,7850,买盘
6,09:30:18,7.85,0.0,32,25062,买盘
7,09:30:21,7.85,0.0,39,30586,买盘
8,09:30:27,7.85,0.0,105,82384,买盘
9,09:30:30,7.85,0.0,11,8631,买盘
10,09:30:34,7.84,-0.01,10,7840,买盘
11,09:30:36,7.84,0.0,33,25872,买盘
12,09:30:40,7.83,-0.01,46,36018,卖盘
13,09:30:43,7.85,0.02,80,62735,买盘
14,09:30:46,7.84,-0.01,12,9408,卖盘
15,09:30:49,7.84,0.0,6,4702,买盘
16,09:30:52,7.84,0.0,20,15680,买盘
17,09:31:00,7.84,0.0,50,39200,卖盘
18,09:31:04,7.84,0.0,62,48624,卖盘
19,09:31:07,7.85,0.01,232,182045,买盘
20,09:31:13,7.84,-0.01,114,89454,卖盘
21,09:31:16,7.84,0.0,76,59584,买盘
22,09:31:18,7.84,0.0,2,1568,买盘
23,09:31:21,7.84,0.0,15,11760,买盘
24,09:31:25,7.84,0.0,52,40797,卖盘
25,09:31:28,7.85,0.01,7,5495,买盘
26,09:31:31,7.85,0.0,7,5495,买盘
27,09:31:33,7.84,-0.01,50,39200,卖盘
28,09:31:37,7.84,0.0,40,31360,卖盘
29,09:31:40,7.85,0.01,32,25120,买盘
30,09:31:43,7.85,0.0,47,36895,买盘
31,09:31:45,7.85,0.0,50,39250,卖盘
32,09:31:52,7.86,0.01,49,38503,买盘
33,09:31:55,7.86,0.0,125,98178,买盘
34,09:31:58,7.86,0.0,13,10218,卖盘
35,09:32:00,7.85,-0.01,80,62847,卖盘
36,09:32:06,7.86,0.01,85,66852,卖盘
37,09:32:10,7.86,0.0,101,79436,卖盘
38,09:32:13,7.86,0.0,15,11790,买盘
39,09:32:16,7.86,0.0,56,44016,买盘
40,09:32:18,7.86,0.0,2,1572,买盘
41,09:32:21,7.86,0.0,216,169776,买盘
42,09:32:24,7.86,0.0,60,47160,买盘
43,09:32:31,7.86,0.0,55,43230,买盘
44,09:32:43,7.87,0.01,97,76329,买盘
45,09:32:45,7.87,0.0,116,91292,买盘
46,09:32:51,7.88,0.01,37,29156,买盘
47,09:32:54,7.88,0.0,125,98500,买盘
48,09:32:58,7.88,0.0,73,57524,买盘
49,09:33:00,7.88,0.0,172,135536,买盘
50,09:33:06,7.89,0.01,251,198039,买盘
51,09:33:09,7.89,0.0,20,15780,买盘
52,09:33:13,7.89,0.0,159,125451,买盘
53,09:33:16,7.89,0.0,23,18147,卖盘
54,09:33:19,7.9,0.01,484,382343,买盘
55,09:33:22,7.9,0.0,5,3950,卖盘
56,09:33:24,7.91,0.01,125,98865,买盘
57,09:33:27,7.91,0.0,156,123361,买盘
58,09:33:30,7.91,0.0,788,622766,买盘
59,09:33:34,7.91,0.0,30,23724,买盘
60,09:33:37,7.92,0.01,262,207488,买盘
61,09:33:39,7.92,0.0,14,11088,卖盘
62,09:33:42,7.92,0.0,59,46753,卖盘
63,09:33:45,7.93,0.01,161,127613,买盘
64,09:33:49,7.93,0.0,732,580903,买盘
65,09:33:52,7.93,0.0,781,620035,卖盘
66,09:33:55,7.93,0.0,112,88922,卖盘
67,09:33:57,7.94,0.01,70,55520,买盘
68,09:34:01,7.93,-0.01,33,26169,卖盘
69,09:34:04,7.92,-0.01,78,61796,卖盘
70,09:34:07,7.92,0.0,383,303359,卖盘
71,09:34:09,7.91,-0.01,53,41958,卖盘
72,09:34:12,7.9,-0.01,231,182651,卖盘
73,09:34:16,7.9,0.0,72,56907,卖盘
74,09:34:19,7.9,0.0,72,56902,卖盘
75,09:34:22,7.9,0.0,120,94850,卖盘
76,09:34:24,7.9,0.0,258,203835,卖盘
77,09:34:27,7.91,0.01,388,306528,买盘
78,09:34:30,7.91,0.0,433,342318,买盘
79,09:34:33,7.89,-0.02,157,123976,卖盘
80,09:34:37,7.89,0.0,185,146136,买盘
81,09:34:39,7.91,0.02,185,146078,买盘
82,09:34:43,7.9,-0.01,103,81380,中性盘
83,09:34:45,7.89,-0.01,10,7890,卖盘
84,09:34:49,7.9,0.01,275,216921,买盘
85,09:34:51,7.89,-0.01,25,19725,卖盘
86,09:34:54,7.9,0.01,95,74978,买盘
87,09:34:57,7.9,0.0,87,68724,买盘
88,09:35:00,7.9,0.0,267,210930,买盘
89,09:35:05,7.91,0.01,52,41110,买盘
90,09:35:07,7.91,0.0,153,121017,买盘
91,09:35:09,7.91,0.0,84,66444,买盘
92,09:35:13,7.92,0.01,319,252633,买盘
93,09:35:15,7.92,0.0,110,87110,买盘
94,09:35:18,7.91,-0.01,87,68896,卖盘
95,09:35:22,7.91,0.0,136,107578,卖盘
96,09:35:24,7.92,0.01,30,23760,买盘
97,09:35:28,7.92,0.0,55,43560,买盘
98,09:35:30,7.92,0.0,95,75220,买盘
99,09:35:34,7.91,-0.01,89,70466,卖盘
100,09:35:36,7.91,0.0,115,91021,卖盘
101,09:35:39,7.92,0.01,58,45936,买盘
102,09:35:42,7.92,0.0,57,45144,买盘
103,09:35:45,7.92,0.0,102,80687,买盘
104,09:35:48,7.92,0.0,142,112464,买盘
105,09:35:51,7.92,0.0,20,15840,卖盘
106,09:35:54,7.92,0.0,200,158400,卖盘
107,09:35:57,7.93,0.01,66,52337,买盘
108,09:36:03,7.93,0.0,55,43615,买盘
109,09:36:06,7.94,0.01,413,327712,买盘
110,09:36:09,7.93,-0.01,137,108691,卖盘
111,09:36:12,7.93,0.0,3,2379,卖盘
112,09:36:15,7.93,0.0,57,45203,卖盘
113,09:36:19,7.93,0.0,80,63450,卖盘
114,09:36:22,7.94,0.01,81,64304,买盘
115,09:36:25,7.93,-0.01,600,476354,卖盘
116,09:36:27,7.94,0.01,15,11910,中性盘
117,09:36:30,7.93,-0.01,68,54021,卖盘
118,09:36:33,7.93,0.0,14,11112,卖盘
119,09:36:36,7.94,0.01,210,166668,买盘
120,09:36:39,7.93,-0.01,164,130201,卖盘
121,09:36:42,7.93,0.0,128,101512,卖盘
122,09:36:45,7.93,0.0,5,3965,买盘
123,09:36:48,7.93,0.0,309,244971,买盘
124,09:36:51,7.93,0.0,37,29331,买盘
125,09:36:55,7.92,-0.01,89,70561,卖盘
126,09:36:57,7.92,0.0,22,17439,卖盘
127,09:37:00,7.91,-0.01,178,140918,卖盘
128,09:37:04,7.92,0.01,97,76748,买盘
129,09:37:06,7.92,0.0,3,2376,买盘
130,09:37:10,7.91,-0.01,7,5539,卖盘
131,09:37:13,7.92,0.01,100,79200,买盘
132,09:37:15,7.92,0.0,13,10296,卖盘
133,09:37:18,7.92,0.0,30,23759,卖盘
134,09:37:21,7.92,0.0,18,14256,买盘
135,09:37:24,7.92,0.0,171,135271,买盘
136,09:37:27,7.91,-0.01,31,24521,卖盘
137,09:37:31,7.92,0.01,117,92649,买盘
138,09:37:34,7.91,-0.01,10,7910,卖盘
139,09:37:36,7.91,0.0,55,43485,卖盘
140,09:37:39,7.92,0.01,48,38002,买盘
141,09:37:42,7.91,-0.01,1,791,买盘
142,09:37:45,7.91,0.0,126,99651,买盘
143,09:37:48,7.9,-0.01,52,41080,卖盘
144,09:37:55,7.9,0.0,1,790,卖盘
145,09:37:58,7.91,0.01,91,71940,买盘
146,09:38:00,7.91,0.0,127,100457,买盘
147,09:38:04,7.9,-0.01,227,179330,卖盘
148,09:38:06,7.9,0.0,52,41082,卖盘
149,09:38:13,7.9,0.0,80,63230,卖盘
150,09:38:16,7.9,0.0,29,22910,卖盘
151,09:38:18,7.9,0.0,225,177750,卖盘
152,09:38:21,7.9,0.0,182,143787,卖盘
153,09:38:24,7.9,0.0,88,69522,卖盘
154,09:38:27,7.9,0.0,35,27650,卖盘
155,09:38:31,7.9,0.0,70,55315,卖盘
156,09:38:33,7.9,0.0,4,3160,买盘
157,09:38:36,7.9,0.0,46,36340,买盘
158,09:38:40,7.91,0.01,731,578021,买盘
159,09:38:43,7.91,0.0,23,18193,卖盘
160,09:38:48,7.92,0.01,47,37224,买盘
161,09:38:51,7.91,-0.01,53,41930,卖盘
162,09:38:55,7.92,0.01,39,30888,买盘
163,09:38:58,7.91,-0.01,27,21364,卖盘
164,09:39:04,7.91,0.0,2,1582,卖盘
165,09:39:12,7.91,0.0,10,7910,卖盘
166,09:39:18,7.91,0.0,137,108368,卖盘
167,09:39:21,7.91,0.0,1,791,卖盘
168,09:39:27,7.92,0.01,36,28507,买盘
169,09:39:33,7.91,-0.01,12,9492,卖盘
170,09:39:36,7.92,0.01,44,34828,买盘
171,09:39:40,7.92,0.0,19,15048,买盘
172,09:39:42,7.92,0.0,127,100584,买盘
173,09:39:45,7.91,-0.01,20,15820,卖盘
174,09:39:48,7.92,0.01,56,44297,买盘
175,09:39:51,7.92,0.0,9,7128,买盘
176,09:39:54,7.92,0.0,114,90288,买盘
177,09:39:57,7.91,-0.01,25,19775,卖盘
178,09:40:06,7.92,0.01,12,9504,买盘
179,09:40:10,7.92,0.0,30,23754,买盘
180,09:40:12,7.92,0.0,168,133056,买盘
181,09:40:19,7.93,0.01,9,7134,买盘
182,09:40:21,7.93,0.0,10,7930,买盘
183,09:40:27,7.93,0.0,20,15860,买盘
184,09:40:31,7.93,0.0,100,79300,买盘
185,09:40:34,7.93,0.0,338,268034,买盘
186,09:40:36,7.93,0.0,39,30927,买盘
187,09:40:39,7.94,0.01,150,119043,买盘
188,09:40:42,7.93,-0.01,141,111813,卖盘
189,09:40:46,7.93,0.0,8,6344,卖盘
190,09:40:49,7.94,0.01,76,60344,买盘
191,09:40:51,7.94,0.0,292,231848,买盘
192,09:40:54,7.94,0.0,87,69080,卖盘
193,09:40:57,7.94,0.0,90,71540,卖盘
194,09:41:00,7.95,0.01,291,231297,买盘
195,09:41:04,7.95,0.0,370,294149,买盘
196,09:41:06,7.96,0.01,377,299815,买盘
197,09:41:09,7.95,-0.01,2,1591,卖盘
198,09:41:12,7.95,0.0,73,58098,卖盘
199,09:41:15,7.97,0.02,201,159931,买盘
200,09:41:18,7.96,-0.01,508,404935,中性盘
201,09:41:21,7.96,0.0,210,167560,卖盘
202,09:41:25,7.97,0.01,575,458232,中性盘
203,09:41:27,7.97,0.0,24,19118,买盘
204,09:41:30,7.95,-0.02,228,181581,卖盘
205,09:41:34,7.96,0.01,223,177601,买盘
206,09:41:36,7.97,0.01,113,90074,买盘
207,09:41:39,7.97,0.0,248,197456,买盘
208,09:41:43,7.97,0.0,135,107550,买盘
209,09:41:45,7.96,-0.01,118,93851,买盘
210,09:41:48,7.96,0.0,112,89152,卖盘
211,09:41:51,7.96,0.0,197,156888,买盘
212,09:41:54,7.96,0.0,60,47760,卖盘
213,09:41:57,7.96,0.0,41,32658,卖盘
214,09:42:00,7.96,0.0,121,96345,卖盘
215,09:42:04,7.97,0.01,359,286073,买盘
216,09:42:07,7.96,-0.01,221,175916,卖盘
217,09:42:10,7.96,0.0,48,38195,买盘
218,09:42:12,7.96,0.0,390,310390,买盘
219,09:42:16,7.96,0.0,423,336649,买盘
220,09:42:18,7.97,0.01,246,196049,买盘
221,09:42:21,7.96,-0.01,95,75695,卖盘
222,09:42:25,7.97,0.01,74,58978,买盘
223,09:42:27,7.97,0.0,96,76512,买盘
224,09:42:30,7.96,-0.01,30,23880,卖盘
225,09:42:33,7.96,0.0,72,57352,卖盘
226,09:42:36,7.97,0.01,69,54980,买盘
227,09:42:39,7.97,0.0,78,62154,买盘
228,09:42:43,7.97,0.0,21,16735,买盘
229,09:42:45,7.97,0.0,75,59774,买盘
230,09:42:48,7.97,0.0,365,290881,买盘
231,09:42:54,7.97,0.0,5,3985,买盘
232,09:42:57,7.96,-0.01,87,69309,卖盘
233,09:43:00,7.97,0.01,139,110755,买盘
234,09:43:04,7.97,0.0,530,422302,买盘
235,09:43:07,7.96,-0.01,147,117184,卖盘
236,09:43:09,7.96,0.0,46,36656,卖盘
237,09:43:12,7.97,0.01,41,32677,买盘
238,09:43:15,7.97,0.0,170,135487,买盘
239,09:43:18,7.96,-0.01,30,23905,卖盘
240,09:43:21,7.97,0.01,84,66947,买盘
241,09:43:25,7.97,0.0,108,86076,买盘
242,09:43:27,7.97,0.0,61,48587,买盘
243,09:43:30,7.97,0.0,26,20722,买盘
244,09:43:33,7.97,0.0,1,797,买盘
245,09:43:37,7.97,0.0,10,7970,买盘
246,09:43:40,7.96,-0.01,123,97931,卖盘
247,09:43:42,7.96,0.0,39,31044,卖盘
248,09:43:45,7.96,0.0,31,24677,卖盘
249,09:43:48,7.96,0.0,19,15124,卖盘
250,09:43:51,7.96,0.0,112,89152,卖盘
251,09:43:54,7.96,0.0,115,91540,卖盘
252,09:43:57,7.96,0.0,32,25472,买盘
253,09:44:00,7.95,-0.01,38,30234,卖盘
254,09:44:06,7.95,0.0,35,27835,卖盘
255,09:44:09,7.94,-0.01,123,97778,卖盘
256,09:44:15,7.95,0.01,10,7950,买盘
257,09:44:18,7.94,-0.01,35,27790,卖盘
258,09:44:21,7.94,0.0,34,27001,卖盘
259,09:44:24,7.94,0.0,47,37330,卖盘
260,09:44:28,7.94,0.0,17,13498,卖盘
261,09:44:30,7.94,0.0,32,25408,买盘
262,09:44:33,7.94,0.0,56,44464,买盘
263,09:44:37,7.94,0.0,110,87340,卖盘
264,09:44:39,7.94,0.0,50,39700,买盘
265,09:44:46,7.93,-0.01,10,7930,卖盘
266,09:44:48,7.93,0.0,65,51595,卖盘
267,09:44:51,7.93,0.0,59,46787,卖盘
268,09:44:54,7.94,0.01,57,45258,买盘
269,09:44:57,7.93,-0.01,110,87230,卖盘
270,09:45:00,7.94,0.01,29,22999,买盘
271,09:45:04,7.94,0.0,149,118256,买盘
272,09:45:06,7.95,0.01,129,102455,买盘
273,09:45:10,7.94,-0.01,7,5558,中性盘
274,09:45:13,7.94,0.0,4,3176,卖盘
275,09:45:16,7.95,0.01,73,57972,买盘
276,09:45:18,7.93,-0.02,185,146935,卖盘
277,09:45:21,7.94,0.01,7,5558,卖盘
278,09:45:28,7.95,0.01,49,38936,买盘
279,09:45:30,7.94,-0.01,30,23820,卖盘
280,09:45:34,7.94,0.0,54,42876,卖盘
281,09:45:36,7.94,0.0,41,32564,卖盘
282,09:45:39,7.94,0.0,9,7146,买盘
283,09:45:42,7.94,0.0,12,9518,买盘
284,09:45:48,7.93,-0.01,126,99974,卖盘
285,09:45:52,7.94,0.01,529,419414,买盘
286,09:45:54,7.94,0.0,36,28584,买盘
287,09:45:57,7.94,0.0,10,7940,买盘
288,09:46:03,7.92,-0.02,815,645480,卖盘
289,09:46:06,7.93,0.01,16,12693,卖盘
290,09:46:09,7.93,0.0,46,36478,买盘
291,09:46:12,7.92,-0.01,10,7920,卖盘
292,09:46:15,7.93,0.01,168,133109,买盘
293,09:46:18,7.92,-0.01,54,42870,卖盘
294,09:46:21,7.92,0.0,141,111675,卖盘
295,09:46:24,7.92,0.0,10,7920,卖盘
296,09:46:28,7.93,0.01,21,16652,买盘
297,09:46:31,7.92,-0.01,448,354901,卖盘
298,09:46:33,7.92,0.0,30,23760,买盘
299,09:46:36,7.92,0.0,79,62560,买盘
300,09:46:39,7.91,-0.01,70,55417,卖盘
301,09:46:42,7.92,0.01,404,319659,买盘
302,09:46:51,7.92,0.0,63,49847,买盘
303,09:46:57,7.92,0.0,16,12672,买盘
304,09:47:00,7.92,0.0,12,9504,买盘
305,09:47:03,7.92,0.0,34,26928,买盘
306,09:47:06,7.92,0.0,220,174140,买盘
307,09:47:09,7.92,0.0,2,1584,买盘
308,09:47:15,7.92,0.0,53,41958,买盘
309,09:47:22,7.92,0.0,95,75240,买盘
310,09:47:24,7.92,0.0,90,71280,买盘
311,09:47:30,7.92,0.0,8,6336,卖盘
312,09:47:33,7.92,0.0,92,72864,买盘
313,09:47:36,7.91,-0.01,546,432018,卖盘
314,09:47:39,7.92,0.01,13,10296,买盘
315,09:47:48,7.92,0.0,22,17424,卖盘
316,09:47:51,7.93,0.01,602,476327,买盘
317,09:47:54,7.92,-0.01,75,59400,中性盘
318,09:47:58,7.92,0.0,10,7920,买盘
319,09:48:00,7.92,0.0,87,68904,买盘
320,09:48:03,7.93,0.01,136,107769,买盘
321,09:48:12,7.93,0.0,29,22997,卖盘
322,09:48:16,7.93,0.0,6,4758,买盘
323,09:48:18,7.93,0.0,56,44463,卖盘
324,09:48:24,7.93,0.0,8,6344,卖盘
325,09:48:39,7.94,0.01,39,30966,买盘
326,09:48:42,7.93,-0.01,10,7937,卖盘
327,09:48:45,7.94,0.01,39,30966,买盘
328,09:48:48,7.94,0.0,75,59543,买盘
329,09:48:51,7.94,0.0,12,9528,买盘
330,09:48:54,7.94,0.0,38,30172,买盘
331,09:48:57,7.94,0.0,30,23801,买盘
332,09:49:04,7.94,0.0,14,11116,买盘
333,09:49:06,7.94,0.0,10,7940,买盘
334,09:49:09,7.94,0.0,22,17468,买盘
335,09:49:12,7.94,0.0,35,27790,买盘
336,09:49:15,7.94,0.0,80,63520,买盘
337,09:49:19,7.93,-0.01,4,3172,卖盘
338,09:49:25,7.94,0.01,46,36514,买盘
339,09:49:28,7.94,0.0,28,22232,买盘
340,09:49:30,7.94,0.0,108,85752,买盘
341,09:49:39,7.94,0.0,18,14292,卖盘
342,09:49:48,7.93,-0.01,205,162756,卖盘
343,09:49:54,7.94,0.01,32,25408,买盘
344,09:49:58,7.94,0.0,19,15086,买盘
345,09:50:04,7.95,0.01,46,36529,买盘
346,09:50:09,7.95,0.0,42,33384,买盘
347,09:50:12,7.95,0.0,14,11130,买盘
348,09:50:18,7.95,0.0,4,3177,买盘
349,09:50:21,7.94,-0.01,20,15880,卖盘
350,09:50:25,7.94,0.0,91,72254,卖盘
351,09:50:27,7.94,0.0,132,104809,卖盘
352,09:50:36,7.94,0.0,24,19056,买盘
353,09:50:39,7.93,-0.01,61,48373,卖盘
354,09:50:42,7.94,0.01,1,794,买盘
355,09:50:45,7.93,-0.01,22,17458,卖盘
356,09:50:51,7.93,0.0,1,793,卖盘
357,09:50:54,7.93,0.0,212,168116,卖盘
358,09:50:57,7.94,0.01,5,3970,买盘
359,09:51:00,7.93,-0.01,108,85644,卖盘
360,09:51:04,7.93,0.0,1,793,买盘
361,09:51:12,7.93,0.0,7,5551,买盘
362,09:51:15,7.92,-0.01,6,4753,卖盘
363,09:51:24,7.92,0.0,5,3960,卖盘
364,09:51:30,7.93,0.01,18,14274,买盘
365,09:51:33,7.92,-0.01,10,7920,卖盘
366,09:51:36,7.92,0.0,106,83952,卖盘
367,09:51:39,7.93,0.01,1,793,买盘
368,09:51:42,7.92,-0.01,133,105336,卖盘
369,09:51:45,7.92,0.0,33,26156,卖盘
370,09:51:48,7.92,0.0,12,9504,卖盘
371,09:51:51,7.92,0.0,15,11880,卖盘
372,09:51:54,7.93,0.01,50,39635,买盘
373,09:51:57,7.93,0.0,50,39650,买盘
374,09:52:07,7.92,-0.01,19,15048,卖盘
375,09:52:15,7.93,0.01,42,33306,买盘
376,09:52:21,7.93,0.0,100,79300,买盘
377,09:52:24,7.93,0.0,85,67405,买盘
378,09:52:27,7.93,0.0,45,35685,卖盘
379,09:52:34,7.93,0.0,2,1586,买盘
380,09:52:37,7.93,0.0,6,4758,买盘
381,09:52:39,7.93,0.0,5,3965,卖盘
382,09:52:42,7.93,0.0,1,793,买盘
383,09:52:45,7.93,0.0,4,3172,买盘
384,09:52:48,7.93,0.0,25,19825,买盘
385,09:53:00,7.93,0.0,42,33306,卖盘
386,09:53:06,7.93,0.0,68,53924,买盘
387,09:53:13,7.93,0.0,56,44447,卖盘
388,09:53:18,7.93,0.0,40,31720,卖盘
389,09:53:21,7.93,0.0,19,15067,卖盘
390,09:53:25,7.93,0.0,10,7930,卖盘
391,09:53:27,7.93,0.0,50,39650,卖盘
392,09:53:33,7.93,0.0,20,15860,卖盘
393,09:53:36,7.93,0.0,33,26169,卖盘
394,09:53:39,7.94,0.01,33,26189,买盘
395,09:53:45,7.93,-0.01,5,3965,卖盘
396,09:53:48,7.93,0.0,193,153050,卖盘
397,09:54:01,7.93,0.0,30,23790,买盘
398,09:54:15,7.93,0.0,52,41186,买盘
399,09:54:21,7.92,-0.01,10,7920,卖盘
400,09:54:25,7.93,0.01,1,793,买盘
401,09:54:33,7.93,0.0,28,22204,买盘
402,09:54:40,7.92,-0.01,10,7920,卖盘
403,09:54:45,7.93,0.01,99,78507,买盘
404,09:54:51,7.92,-0.01,50,39600,卖盘
405,09:54:54,7.93,0.01,2,1586,买盘
406,09:54:57,7.92,-0.01,10,7920,卖盘
407,09:55:00,7.93,0.01,8,6344,买盘
408,09:55:06,7.92,-0.01,10,7920,卖盘
409,09:55:10,7.92,0.0,3,2376,卖盘
410,09:55:12,7.92,0.0,15,11880,卖盘
411,09:55:15,7.92,0.0,135,106920,卖盘
412,09:55:24,7.92,0.0,608,481536,卖盘
413,09:55:30,7.92,0.0,4,3168,买盘
414,09:55:33,7.92,0.0,4,3168,买盘
415,09:55:51,7.91,-0.01,3,2373,卖盘
416,09:55:54,7.91,0.0,53,41923,卖盘
417,09:55:57,7.91,0.0,540,427140,卖盘
418,09:56:00,7.91,0.0,329,260239,卖盘
419,09:56:03,7.91,0.0,43,33988,买盘
420,09:56:18,7.91,0.0,30,23730,买盘
421,09:56:21,7.9,-0.01,36,28440,卖盘
422,09:56:27,7.9,0.0,446,352340,卖盘
423,09:56:33,7.9,0.0,56,44247,卖盘
424,09:56:36,7.9,0.0,13,10270,卖盘
425,09:56:42,7.9,0.0,41,32393,卖盘
426,09:56:45,7.9,0.0,20,15800,卖盘
427,09:56:48,7.9,0.0,10,7900,卖盘
428,09:56:54,7.9,0.0,20,15800,卖盘
429,09:56:57,7.91,0.01,160,126408,买盘
430,09:57:00,7.91,0.0,4,3164,买盘
431,09:57:04,7.9,-0.01,158,124820,卖盘
432,09:57:09,7.91,0.01,14,11070,买盘
433,09:57:12,7.9,-0.01,237,187230,卖盘
434,09:57:18,7.9,0.0,173,136670,卖盘
435,09:57:21,7.91,0.01,10,7910,买盘
436,09:57:24,7.9,-0.01,21,16590,卖盘
437,09:57:27,7.91,0.01,25,19775,买盘
438,09:57:30,7.9,-0.01,25,19750,卖盘
439,09:57:36,7.9,0.0,6,4740,卖盘
440,09:57:39,7.9,0.0,100,79000,卖盘
441,09:57:42,7.9,0.0,50,39500,卖盘
442,09:57:45,7.9,0.0,38,30025,卖盘
443,09:57:49,7.9,0.0,20,15800,卖盘
444,09:57:57,7.9,0.0,2,1580,买盘
445,09:58:00,7.89,-0.01,153,120857,卖盘
446,09:58:06,7.9,0.01,23,18151,中性盘
447,09:58:09,7.9,0.0,6,4740,卖盘
448,09:58:12,7.9,0.0,10,7900,买盘
449,09:58:15,7.9,0.0,140,110597,买盘
450,09:58:27,7.9,0.0,53,41873,卖盘
451,09:58:30,7.9,0.0,71,56090,卖盘
452,09:58:33,7.91,0.01,10,7910,买盘
453,09:58:48,7.9,-0.01,13,10270,卖盘
454,09:58:51,7.91,0.01,16,12656,买盘
455,09:58:54,7.9,-0.01,9,7110,卖盘
456,09:58:57,7.91,0.01,10,7910,买盘
457,09:59:00,7.91,0.0,5,3955,买盘
458,09:59:18,7.91,0.0,10,7910,买盘
459,09:59:31,7.91,0.0,70,55370,买盘
460,09:59:33,7.91,0.0,18,14238,买盘
461,09:59:39,7.91,0.0,1,791,买盘
462,09:59:42,7.91,0.0,5,3955,买盘
463,09:59:45,7.9,-0.01,40,31620,卖盘
464,09:59:54,7.9,0.0,28,22133,卖盘
465,10:00:03,7.9,0.0,26,20540,卖盘
466,10:00:06,7.9,0.0,10,7900,卖盘
467,10:00:12,7.91,0.01,48,37949,买盘
468,10:00:18,7.9,-0.01,64,50614,卖盘
469,10:00:36,7.9,0.0,14,11060,卖盘
470,10:00:39,7.91,0.01,5,3955,买盘
471,10:00:42,7.9,-0.01,46,36340,卖盘
472,10:00:54,7.91,0.01,150,118550,买盘
473,10:00:57,7.91,0.0,3,2373,买盘
474,10:01:00,7.9,-0.01,202,159580,卖盘
475,10:01:03,7.9,0.0,30,23700,卖盘
476,10:01:06,7.9,0.0,69,54527,卖盘
477,10:01:12,7.9,0.0,10,7900,买盘
478,10:01:15,7.9,0.0,114,90060,买盘
479,10:01:21,7.89,-0.01,415,327455,卖盘
480,10:01:24,7.89,0.0,50,39450,卖盘
481,10:01:30,7.89,0.0,44,34716,卖盘
482,10:01:39,7.89,0.0,161,127029,卖盘
483,10:01:42,7.89,0.0,24,18936,买盘
484,10:01:45,7.89,0.0,1,789,卖盘
485,10:01:51,7.89,0.0,34,26826,买盘
486,10:01:54,7.89,0.0,5,3945,买盘
487,10:01:57,7.89,0.0,1,789,买盘
488,10:02:09,7.88,-0.01,5,3940,卖盘
489,10:02:12,7.89,0.01,3,2367,买盘
490,10:02:15,7.88,-0.01,2,1576,卖盘
491,10:02:18,7.88,0.0,104,81952,卖盘
492,10:02:21,7.89,0.01,5,3945,买盘
493,10:02:30,7.88,-0.01,19,14972,卖盘
494,10:02:33,7.88,0.0,5,3940,卖盘
495,10:02:36,7.89,0.01,23,18137,买盘
496,10:02:42,7.89,0.0,30,23660,买盘
497,10:02:46,7.88,-0.01,1,788,卖盘
498,10:02:54,7.89,0.01,5,3945,买盘
499,10:03:00,7.89,0.0,28,22082,买盘
500,10:03:04,7.88,-0.01,7,5516,卖盘
501,10:03:06,7.88,0.0,10,7880,卖盘
502,10:03:09,7.89,0.01,181,142649,买盘
503,10:03:15,7.88,-0.01,151,118988,卖盘
504,10:03:18,7.88,0.0,20,15760,卖盘
505,10:03:21,7.88,0.0,1,788,卖盘
506,10:03:24,7.88,0.0,254,200152,卖盘
507,10:03:27,7.88,0.0,20,15760,买盘
508,10:03:37,7.88,0.0,37,29156,买盘
509,10:03:39,7.87,-0.01,83,65321,卖盘
510,10:03:45,7.88,0.01,6,4728,买盘
511,10:03:48,7.87,-0.01,140,110180,卖盘
512,10:04:04,7.87,0.0,7,5509,卖盘
513,10:04:06,7.88,0.01,43,33884,买盘
514,10:04:09,7.88,0.0,26,20488,买盘
515,10:04:12,7.88,0.0,5,3940,买盘
516,10:04:15,7.87,-0.01,60,47230,卖盘
517,10:04:21,7.88,0.01,40,31520,买盘
518,10:04:34,7.87,-0.01,89,70106,卖盘
519,10:04:36,7.87,0.0,6,4722,卖盘
520,10:04:42,7.88,0.01,155,122140,买盘
521,10:04:45,7.88,0.0,79,62252,买盘
522,10:04:48,7.88,0.0,79,62242,买盘
523,10:04:51,7.88,0.0,87,69179,买盘
524,10:04:54,7.87,-0.01,100,78789,卖盘
525,10:05:06,7.88,0.01,50,39400,卖盘
526,10:05:09,7.89,0.01,9,7101,买盘
527,10:05:15,7.88,-0.01,17,13396,卖盘
528,10:05:18,7.88,0.0,35,27580,卖盘
529,10:05:21,7.89,0.01,14,11036,买盘
530,10:05:36,7.89,0.0,61,48123,买盘
531,10:05:51,7.89,0.0,11,8679,买盘
532,10:06:04,7.89,0.0,20,15780,买盘
533,10:06:06,7.89,0.0,9,7101,买盘
534,10:06:09,7.89,0.0,50,39450,买盘
535,10:06:12,7.88,-0.01,38,29946,卖盘
536,10:06:16,7.88,0.0,68,53640,卖盘
537,10:06:18,7.88,0.0,101,79588,卖盘
538,10:06:24,7.88,0.0,16,12622,卖盘
539,10:06:27,7.88,0.0,15,11820,卖盘
540,10:06:30,7.88,0.0,8,6304,卖盘
541,10:06:39,7.88,0.0,61,48068,卖盘
542,10:06:42,7.88,0.0,9,7092,卖盘
543,10:06:45,7.89,0.01,50,39410,买盘
544,10:06:51,7.89,0.0,175,137925,买盘
545,10:06:54,7.88,-0.01,7,5516,卖盘
546,10:06:57,7.88,0.0,13,10244,卖盘
547,10:07:00,7.88,0.0,132,104016,卖盘
548,10:07:03,7.88,0.0,3,2364,买盘
549,10:07:06,7.88,0.0,30,23640,卖盘
550,10:07:09,7.88,0.0,28,22064,卖盘
551,10:07:15,7.88,0.0,64,50432,卖盘
552,10:07:18,7.88,0.0,7,5516,买盘
553,10:07:21,7.88,0.0,18,14184,买盘
554,10:07:25,7.88,0.0,47,37076,卖盘
555,10:07:33,7.88,0.0,38,29944,买盘
556,10:07:39,7.88,0.0,1,788,买盘
557,10:07:42,7.88,0.0,1,788,买盘
558,10:07:48,7.88,0.0,50,39400,买盘
559,10:08:00,7.88,0.0,20,15760,买盘
560,10:08:04,7.87,-0.01,5,3935,卖盘
561,10:08:09,7.87,0.0,785,617795,卖盘
562,10:08:12,7.88,0.01,72,56686,买盘
563,10:08:16,7.87,-0.01,66,51942,卖盘
564,10:08:18,7.87,0.0,30,23610,卖盘
565,10:08:21,7.87,0.0,434,341558,卖盘
566,10:08:24,7.87,0.0,143,111919,卖盘
567,10:08:36,7.86,-0.01,69,54234,卖盘
568,10:08:39,7.86,0.0,108,84888,卖盘
569,10:08:45,7.85,-0.01,570,447912,卖盘
570,10:08:48,7.85,0.0,39,30615,卖盘
571,10:08:55,7.86,0.01,56,43977,买盘
572,10:08:58,7.86,0.0,5,3930,卖盘
573,10:09:00,7.86,0.0,114,89604,卖盘
574,10:09:03,7.86,0.0,2,1572,卖盘
575,10:09:09,7.86,0.0,11,8646,卖盘
576,10:09:12,7.86,0.0,7,5502,卖盘
577,10:09:15,7.86,0.0,7,5502,卖盘
578,10:09:18,7.86,0.0,36,28296,卖盘
579,10:09:24,7.86,0.0,15,11790,卖盘
580,10:09:27,7.86,0.0,149,117114,卖盘
581,10:09:33,7.86,0.0,60,47160,卖盘
582,10:09:36,7.86,0.0,20,15720,卖盘
583,10:09:39,7.86,0.0,3,2358,卖盘
584,10:09:45,7.86,0.0,28,22008,卖盘
585,10:09:48,7.86,0.0,60,47160,卖盘
586,10:09:51,7.86,0.0,72,56592,卖盘
587,10:09:54,7.86,0.0,4,3144,卖盘
588,10:09:58,7.86,0.0,20,15720,卖盘
589,10:10:04,7.86,0.0,5,3930,卖盘
590,10:10:06,7.86,0.0,87,68382,卖盘
591,10:10:09,7.86,0.0,48,37743,卖盘
592,10:10:18,7.87,0.01,2,1574,买盘
593,10:10:24,7.86,-0.01,9,7074,卖盘
594,10:10:28,7.87,0.01,48,37776,买盘
595,10:10:30,7.87,0.0,34,26734,买盘
596,10:10:36,7.86,-0.01,653,513259,卖盘
597,10:10:42,7.86,0.0,10,7860,卖盘
598,10:10:45,7.87,0.01,212,166634,买盘
599,10:10:51,7.87,0.0,11,8657,买盘
600,10:11:00,7.87,0.0,22,17314,买盘
601,10:11:09,7.87,0.0,15,11805,买盘
602,10:11:18,7.87,0.0,5,3935,买盘
603,10:11:30,7.87,0.0,60,47220,买盘
604,10:11:39,7.87,0.0,37,29119,买盘
605,10:11:42,7.87,0.0,10,7870,买盘
606,10:11:45,7.87,0.0,20,15740,买盘
607,10:11:48,7.87,0.0,13,10231,买盘
608,10:11:55,7.86,-0.01,11,8646,卖盘
609,10:11:57,7.87,0.01,5,3935,买盘
610,10:12:04,7.87,0.0,15,11805,买盘
611,10:12:07,7.87,0.0,1,787,卖盘
612,10:12:12,7.87,0.0,8,6296,卖盘
613,10:12:18,7.87,0.0,13,10231,买盘
614,10:12:27,7.87,0.0,10,7870,买盘
615,10:12:30,7.87,0.0,127,99949,买盘
616,10:12:34,7.87,0.0,40,31480,买盘
617,10:12:36,7.87,0.0,7,5509,买盘
618,10:12:42,7.87,0.0,100,78700,卖盘
619,10:12:51,7.87,0.0,23,18101,卖盘
620,10:12:57,7.87,0.0,315,247905,卖盘
621,10:13:03,7.87,0.0,59,46433,卖盘
622,10:13:09,7.86,-0.01,8,6289,卖盘
623,10:13:12,7.87,0.01,50,39350,买盘
624,10:13:18,7.87,0.0,10,7870,买盘
625,10:13:33,7.86,-0.01,7,5502,卖盘
626,10:13:36,7.86,0.0,43,33838,卖盘
627,10:13:39,7.87,0.01,4,3148,买盘
628,10:13:42,7.86,-0.01,124,97474,卖盘
629,10:13:46,7.87,0.01,20,15740,买盘
630,10:13:57,7.87,0.0,12,9444,买盘
631,10:14:04,7.87,0.0,9,7083,买盘
632,10:14:09,7.86,-0.01,26,20436,卖盘
633,10:14:12,7.86,0.0,26,20447,卖盘
634,10:14:15,7.87,0.01,2,1574,买盘
635,10:14:36,7.86,-0.01,7,5502,卖盘
636,10:14:51,7.86,0.0,2,1572,卖盘
637,10:14:54,7.87,0.01,6,4722,买盘
638,10:14:58,7.86,-0.01,13,10218,卖盘
639,10:15:04,7.86,0.0,21,16506,卖盘
640,10:15:18,7.87,0.01,4,3148,买盘
641,10:15:36,7.86,-0.01,50,39300,卖盘
642,10:15:39,7.86,0.0,3,2358,卖盘
643,10:15:45,7.87,0.01,10,7870,买盘
644,10:15:48,7.87,0.0,5,3935,买盘
645,10:16:01,7.86,-0.01,2,1572,卖盘
646,10:16:06,7.86,0.0,3,2358,卖盘
647,10:16:15,7.86,0.0,10,7860,卖盘
648,10:16:24,7.86,0.0,8,6288,卖盘
649,10:16:30,7.86,0.0,3,2358,卖盘
650,10:16:42,7.86,0.0,8,6288,卖盘
651,10:16:45,7.86,0.0,55,43250,卖盘
652,10:16:48,7.86,0.0,20,15720,卖盘
653,10:16:51,7.86,0.0,10,7860,卖盘
654,10:17:00,7.86,0.0,212,166632,卖盘
655,10:17:03,7.86,0.0,25,19650,卖盘
656,10:17:06,7.86,0.0,12,9435,卖盘
657,10:17:10,7.86,0.0,733,576138,卖盘
658,10:17:18,7.86,0.0,15,11790,买盘
659,10:17:22,7.86,0.0,3,2358,买盘
660,10:17:24,7.85,-0.01,64,50244,卖盘
661,10:17:27,7.85,0.0,4,3140,卖盘
662,10:17:42,7.86,0.01,55,43230,买盘
663,10:17:46,7.85,-0.01,9,7065,卖盘
664,10:17:48,7.86,0.01,5,3930,买盘
665,10:17:51,7.85,-0.01,28,21996,卖盘
666,10:18:06,7.86,0.01,10,7860,买盘
667,10:18:09,7.85,-0.01,9,7065,卖盘
668,10:18:12,7.86,0.01,23,18078,买盘
669,10:18:21,7.86,0.0,3,2358,买盘
670,10:18:27,7.86,0.0,3,2358,买盘
671,10:18:30,7.85,-0.01,5,3925,卖盘
672,10:18:33,7.85,0.0,50,39256,卖盘
673,10:18:42,7.86,0.01,1,786,买盘
674,10:18:45,7.86,0.0,3,2358,买盘
675,10:18:51,7.85,-0.01,4,3140,卖盘
676,10:19:00,7.86,0.01,12,9432,买盘
677,10:19:04,7.86,0.0,82,64452,买盘
678,10:19:09,7.86,0.0,12,9432,买盘
679,10:19:15,7.86,0.0,1,786,买盘
680,10:19:18,7.85,-0.01,20,15700,卖盘
681,10:19:30,7.86,0.01,9,7074,买盘
682,10:19:48,7.86,0.0,6,4716,买盘
683,10:19:54,7.85,-0.01,25,19625,卖盘
684,10:19:57,7.85,0.0,45,35325,卖盘
685,10:20:00,7.86,0.01,15,11790,买盘
686,10:20:09,7.86,0.0,32,25132,买盘
687,10:20:15,7.85,-0.01,30,23550,卖盘
688,10:20:21,7.86,0.01,15,11790,买盘
689,10:20:27,7.86,0.0,11,8646,买盘
690,10:20:36,7.86,0.0,436,342696,买盘
691,10:20:39,7.86,0.0,13,10218,买盘
692,10:20:46,7.86,0.0,50,39300,买盘
693,10:20:48,7.86,0.0,26,20436,买盘
694,10:20:51,7.86,0.0,45,35370,买盘
695,10:20:54,7.86,0.0,77,60522,买盘
696,10:21:06,7.87,0.01,2,1574,买盘
697,10:21:12,7.87,0.0,5,3935,买盘
698,10:21:24,7.87,0.0,25,19675,买盘
699,10:21:27,7.87,0.0,23,18101,买盘
700,10:21:36,7.87,0.0,20,15740,买盘
701,10:21:48,7.87,0.0,16,12592,买盘
702,10:21:51,7.87,0.0,10,7870,买盘
703,10:21:54,7.87,0.0,1,787,买盘
704,10:22:03,7.87,0.0,55,43278,买盘
705,10:22:12,7.87,0.0,8,6296,买盘
706,10:22:18,7.87,0.0,8,6296,买盘
707,10:22:21,7.86,-0.01,507,398502,卖盘
708,10:22:30,7.87,0.01,1,787,买盘
709,10:22:33,7.87,0.0,65,51115,买盘
710,10:22:42,7.86,-0.01,10,7860,卖盘
711,10:22:54,7.87,0.01,285,224275,买盘
712,10:23:09,7.86,-0.01,460,361560,卖盘
713,10:23:15,7.86,0.0,17,13362,买盘
714,10:23:18,7.85,-0.01,62,48670,卖盘
715,10:23:21,7.85,0.0,71,55735,卖盘
716,10:23:27,7.86,0.01,24,18864,买盘
717,10:23:36,7.86,0.0,6,4716,买盘
718,10:23:39,7.86,0.0,10,7860,买盘
719,10:23:42,7.85,-0.01,5,3925,卖盘
720,10:23:48,7.85,0.0,10,7850,卖盘
721,10:23:54,7.86,0.01,20,15720,买盘
722,10:23:57,7.86,0.0,392,308112,买盘
723,10:24:01,7.86,0.0,191,150126,买盘
724,10:24:04,7.86,0.0,140,110017,买盘
725,10:24:06,7.86,0.0,35,27510,买盘
726,10:24:09,7.86,0.0,61,47946,买盘
727,10:24:12,7.86,0.0,38,29868,买盘
728,10:24:15,7.86,0.0,11,8646,卖盘
729,10:24:33,7.87,0.01,10,7870,买盘
730,10:24:36,7.86,-0.01,47,36952,卖盘
731,10:24:42,7.87,0.01,92,72404,买盘
732,10:24:51,7.87,0.0,30,23610,买盘
733,10:24:55,7.87,0.0,4,3148,买盘
734,10:25:00,7.87,0.0,5,3935,卖盘
735,10:25:06,7.87,0.0,57,44905,卖盘
736,10:25:09,7.87,0.0,9,7083,卖盘
737,10:25:28,7.88,0.01,38,29944,买盘
738,10:25:45,7.88,0.0,5,3940,买盘
739,10:25:54,7.88,0.0,1,788,买盘
740,10:25:57,7.88,0.0,27,21259,买盘
741,10:26:01,7.88,0.0,70,55160,买盘
742,10:26:04,7.88,0.0,5,3940,买盘
743,10:26:06,7.88,0.0,544,428672,买盘
744,10:26:12,7.88,0.0,9,7092,卖盘
745,10:26:18,7.89,0.01,2,1578,买盘
746,10:26:24,7.88,-0.01,376,296324,卖盘
747,10:26:30,7.88,0.0,184,145153,卖盘
748,10:26:33,7.88,0.0,376,296288,卖盘
749,10:26:39,7.88,0.0,6,4728,卖盘
750,10:26:51,7.87,-0.01,14,11021,卖盘
751,10:27:06,7.87,0.0,11,8657,卖盘
752,10:27:12,7.87,0.0,45,35415,卖盘
753,10:27:15,7.87,0.0,50,39350,卖盘
754,10:27:21,7.87,0.0,39,30696,卖盘
755,10:27:27,7.88,0.01,1,788,买盘
756,10:27:30,7.88,0.0,86,67691,买盘
757,10:27:33,7.88,0.0,5,3940,买盘
758,10:27:46,7.87,-0.01,17,13379,卖盘
759,10:27:48,7.87,0.0,3,2361,卖盘
760,10:27:51,7.87,0.0,56,44118,卖盘
761,10:27:54,7.88,0.01,179,140887,买盘
762,10:27:57,7.88,0.0,21,16528,买盘
763,10:28:21,7.87,-0.01,16,12592,卖盘
764,10:28:24,7.87,0.0,14,11018,卖盘
765,10:28:30,7.86,-0.01,100,78600,卖盘
766,10:28:36,7.86,0.0,52,40872,卖盘
767,10:28:42,7.87,0.01,18,14166,买盘
768,10:28:51,7.86,-0.01,22,17292,卖盘
769,10:29:06,7.86,0.0,2,1572,卖盘
770,10:29:09,7.86,0.0,22,17292,卖盘
771,10:29:15,7.86,0.0,80,62880,卖盘
772,10:29:18,7.87,0.01,31,24367,买盘
773,10:29:30,7.87,0.0,10,7870,买盘
774,10:29:33,7.86,-0.01,59,46374,卖盘
775,10:29:57,7.85,-0.01,13,10211,卖盘
776,10:30:10,7.85,0.0,26,20410,卖盘
777,10:30:12,7.86,0.01,1,786,买盘
778,10:30:25,7.86,0.0,3,2357,买盘
779,10:30:27,7.85,-0.01,71,55761,卖盘
780,10:30:36,7.86,0.01,6,4716,买盘
781,10:30:39,7.86,0.0,118,92748,买盘
782,10:30:42,7.86,0.0,7,5502,买盘
783,10:30:45,7.86,0.0,15,11790,买盘
784,10:30:55,7.86,0.0,2,1572,买盘
785,10:31:00,7.86,0.0,22,17292,买盘
786,10:31:12,7.86,0.0,16,12570,买盘
787,10:31:15,7.85,-0.01,211,165836,卖盘
788,10:31:18,7.86,0.01,17,13346,买盘
789,10:31:21,7.85,-0.01,40,31407,卖盘
790,10:31:24,7.85,0.0,9,7065,卖盘
791,10:31:27,7.85,0.0,20,15700,卖盘
792,10:31:31,7.86,0.01,62,48720,买盘
793,10:31:36,7.86,0.0,23,18078,买盘
794,10:31:45,7.85,-0.01,20,15700,卖盘
795,10:31:51,7.86,0.01,81,63666,买盘
796,10:31:54,7.85,-0.01,180,141300,卖盘
797,10:31:57,7.85,0.0,10,7850,卖盘
798,10:32:15,7.86,0.01,10,7860,买盘
799,10:32:27,7.85,-0.01,1038,814830,卖盘
800,10:32:31,7.85,0.0,16,12570,卖盘
801,10:32:33,7.85,0.0,501,393290,卖盘
802,10:32:39,7.84,-0.01,100,78400,卖盘
803,10:32:45,7.84,0.0,7,5488,卖盘
804,10:32:48,7.85,0.01,12,9420,买盘
805,10:32:51,7.85,0.0,41,32185,买盘
806,10:32:55,7.85,0.0,5,3925,卖盘
807,10:33:00,7.85,0.0,24,18840,卖盘
808,10:33:03,7.85,0.0,34,26690,买盘
809,10:33:06,7.85,0.0,20,15700,卖盘
810,10:33:12,7.84,-0.01,10,7846,卖盘
811,10:33:21,7.84,0.0,67,52534,卖盘
812,10:33:24,7.85,0.01,20,15700,买盘
813,10:33:27,7.85,0.0,22,17270,买盘
814,10:33:33,7.84,-0.01,45,35280,卖盘
815,10:33:36,7.85,0.01,4,3140,买盘
816,10:33:42,7.84,-0.01,30,23520,卖盘
817,10:33:45,7.85,0.01,54,42340,买盘
818,10:33:51,7.85,0.0,6,4705,买盘
819,10:33:54,7.85,0.0,9,7058,买盘
820,10:33:57,7.85,0.0,32,25120,买盘
821,10:34:03,7.84,-0.01,30,23520,卖盘
822,10:34:06,7.84,0.0,9,7056,卖盘
823,10:34:09,7.84,0.0,80,62720,卖盘
824,10:34:18,7.84,0.0,10,7840,卖盘
825,10:34:31,7.85,0.01,81,63585,买盘
826,10:34:33,7.84,-0.01,110,86240,卖盘
827,10:34:36,7.84,0.0,7,5488,卖盘
828,10:34:39,7.84,0.0,3,2352,卖盘
829,10:34:42,7.84,0.0,19,14896,卖盘
830,10:34:54,7.84,0.0,132,103488,卖盘
831,10:34:58,7.84,0.0,24,18816,卖盘
832,10:35:06,7.84,0.0,2,1568,卖盘
833,10:35:09,7.83,-0.01,421,329954,卖盘
834,10:35:12,7.84,0.01,9,7056,买盘
835,10:35:15,7.84,0.0,89,69776,买盘
836,10:35:27,7.85,0.01,10,7850,买盘
837,10:35:34,7.85,0.0,118,92619,买盘
838,10:35:48,7.85,0.0,3,2355,买盘
839,10:35:51,7.85,0.0,10,7850,买盘
840,10:35:54,7.84,-0.01,12,9408,卖盘
841,10:36:06,7.85,0.01,10,7850,买盘
842,10:36:09,7.85,0.0,4,3140,买盘
843,10:36:19,7.84,-0.01,12,9418,卖盘
844,10:36:22,7.85,0.01,15,11775,买盘
845,10:36:36,7.85,0.0,133,104405,买盘
846,10:36:39,7.85,0.0,5,3925,买盘
847,10:36:42,7.85,0.0,5,3925,买盘
848,10:36:51,7.84,-0.01,14,10976,卖盘
849,10:36:55,7.85,0.01,13,10205,买盘
850,10:37:00,7.85,0.0,97,76765,买盘
851,10:37:06,7.85,0.0,10,7850,卖盘
852,10:37:33,7.85,0.0,9,7065,买盘
853,10:37:48,7.85,0.0,20,15700,买盘
854,10:37:54,7.84,-0.01,200,156800,卖盘
855,10:37:58,7.85,0.01,11,8635,买盘
856,10:38:00,7.85,0.0,10,7850,买盘
857,10:38:04,7.85,0.0,12,9420,买盘
858,10:38:06,7.85,0.0,18,14130,买盘
859,10:38:15,7.85,0.0,5,3925,买盘
860,10:38:27,7.85,0.0,90,70650,买盘
861,10:38:33,7.85,0.0,11,8635,卖盘
862,10:38:36,7.84,-0.01,20,15689,卖盘
863,10:38:42,7.85,0.01,3,2355,买盘
864,10:38:45,7.84,-0.01,47,36865,卖盘
865,10:39:04,7.86,0.02,100,78600,买盘
866,10:39:06,7.85,-0.01,7,5495,卖盘
867,10:39:12,7.85,0.0,230,180550,卖盘
868,10:39:24,7.85,0.0,2,1570,买盘
869,10:39:30,7.85,0.0,12,9420,买盘
870,10:39:36,7.85,0.0,5,3925,买盘
871,10:40:01,7.85,0.0,17,13345,买盘
872,10:40:06,7.84,-0.01,36,28230,卖盘
873,10:40:09,7.85,0.01,18,14130,买盘
874,10:40:15,7.84,-0.01,25,19600,卖盘
875,10:40:21,7.85,0.01,100,78500,买盘
876,10:40:24,7.84,-0.01,5,3920,卖盘
877,10:40:28,7.85,0.01,109,85564,买盘
878,10:40:37,7.85,0.0,46,36110,买盘
879,10:40:45,7.85,0.0,8,6280,卖盘
880,10:40:48,7.85,0.0,20,15700,卖盘
881,10:40:57,7.85,0.0,15,11775,卖盘
882,10:41:13,7.86,0.01,4,3144,买盘
883,10:41:18,7.85,-0.01,11,8635,卖盘
884,10:41:27,7.86,0.01,23,18078,买盘
885,10:42:04,7.85,-0.01,14,10990,卖盘
886,10:42:15,7.86,0.01,4,3144,买盘
887,10:42:21,7.86,0.0,18,14133,买盘
888,10:42:30,7.85,-0.01,237,186045,卖盘
889,10:42:33,7.86,0.01,17,13362,买盘
890,10:42:51,7.86,0.0,1,786,买盘
891,10:43:04,7.85,-0.01,28,21980,卖盘
892,10:43:07,7.86,0.01,2,1572,买盘
893,10:43:15,7.86,0.0,2,1572,买盘
894,10:43:27,7.85,-0.01,10,7850,卖盘
895,10:43:45,7.86,0.01,15,11790,买盘
896,10:43:48,7.85,-0.01,3,2355,卖盘
897,10:43:51,7.85,0.0,20,15700,卖盘
898,10:44:00,7.86,0.01,10,7860,买盘
899,10:44:09,7.85,-0.01,177,138945,卖盘
900,10:44:18,7.86,0.01,20,15720,买盘
901,10:44:21,7.85,-0.01,20,15700,卖盘
902,10:44:24,7.85,0.0,20,15700,卖盘
903,10:44:45,7.85,0.0,70,54950,卖盘
904,10:44:48,7.85,0.0,355,278675,卖盘
905,10:44:51,7.85,0.0,10,7850,买盘
906,10:45:04,7.84,-0.01,15,11760,卖盘
907,10:45:06,7.85,0.01,8,6280,买盘
908,10:45:15,7.84,-0.01,307,240688,卖盘
909,10:45:21,7.84,0.0,20,15680,卖盘
910,10:45:24,7.84,0.0,394,308896,卖盘
911,10:45:27,7.84,0.0,23,18032,买盘
912,10:45:40,7.83,-0.01,35,27405,卖盘
913,10:45:46,7.83,0.0,10,7830,卖盘
914,10:45:48,7.83,0.0,315,246645,卖盘
915,10:45:51,7.83,0.0,10,7830,卖盘
916,10:45:54,7.83,0.0,21,16443,卖盘
917,10:45:57,7.83,0.0,10,7830,卖盘
918,10:46:00,7.83,0.0,35,27405,卖盘
919,10:46:04,7.83,0.0,53,41499,卖盘
920,10:46:09,7.83,0.0,42,32886,卖盘
921,10:46:12,7.83,0.0,150,117450,卖盘
922,10:46:15,7.84,0.01,83,64995,买盘
923,10:46:42,7.83,-0.01,50,39150,卖盘
924,10:46:45,7.83,0.0,20,15660,卖盘
925,10:46:51,7.84,0.01,10,7840,买盘
926,10:46:54,7.83,-0.01,30,23490,卖盘
927,10:47:00,7.84,0.01,9,7056,买盘
928,10:47:04,7.83,-0.01,58,45414,卖盘
929,10:47:06,7.84,0.01,96,75198,买盘
930,10:47:12,7.83,-0.01,13,10179,卖盘
931,10:47:31,7.83,0.0,2,1566,卖盘
932,10:47:42,7.83,0.0,4,3132,卖盘
933,10:47:45,7.84,0.01,5,3920,买盘
934,10:47:48,7.83,-0.01,7,5481,卖盘
935,10:48:06,7.83,0.0,100,78300,卖盘
936,10:48:33,7.84,0.01,37,29008,买盘
937,10:48:36,7.84,0.0,59,46256,买盘
938,10:48:42,7.84,0.0,17,13328,卖盘
939,10:48:54,7.84,0.0,5,3920,卖盘
940,10:49:09,7.85,0.01,23,18055,买盘
941,10:49:15,7.85,0.0,32,25120,买盘
942,10:49:18,7.84,-0.01,5,3920,卖盘
943,10:49:48,7.85,0.01,1,785,买盘
944,10:50:09,7.84,-0.01,100,78400,卖盘
945,10:50:30,7.85,0.01,10,7850,买盘
946,10:50:54,7.85,0.0,10,7850,买盘
947,10:50:57,7.84,-0.01,25,19620,卖盘
948,10:51:00,7.84,0.0,40,31360,卖盘
949,10:51:09,7.85,0.01,5,3925,买盘
950,10:51:18,7.84,-0.01,50,39200,卖盘
951,10:51:21,7.84,0.0,9,7056,卖盘
952,10:51:40,7.84,0.0,37,29008,卖盘
953,10:51:42,7.85,0.01,2,1570,买盘
954,10:51:51,7.85,0.0,3,2355,买盘
955,10:51:57,7.84,-0.01,50,39200,卖盘
956,10:52:00,7.84,0.0,1,784,卖盘
957,10:52:09,7.84,0.0,14,10976,卖盘
958,10:52:39,7.84,0.0,1,784,卖盘
959,10:52:43,7.84,0.0,25,19615,卖盘
960,10:52:51,7.84,0.0,54,42336,卖盘
961,10:52:54,7.85,0.01,1,785,买盘
962,10:52:57,7.85,0.0,30,23550,买盘
963,10:53:15,7.85,0.0,20,15700,买盘
964,10:53:30,7.85,0.0,39,30615,买盘
965,10:53:37,7.85,0.0,42,32970,买盘
966,10:53:39,7.85,0.0,5,3925,买盘
967,10:53:45,7.85,0.0,20,15700,买盘
968,10:53:51,7.85,0.0,6,4710,买盘
969,10:53:55,7.84,-0.01,1,784,卖盘
970,10:54:00,7.85,0.01,5,3925,买盘
971,10:54:15,7.85,0.0,19,14915,买盘
972,10:54:18,7.85,0.0,7,5493,买盘
973,10:54:21,7.85,0.0,21,16485,买盘
974,10:54:42,7.85,0.0,214,167793,买盘
975,10:54:45,7.85,0.0,10,7850,买盘
976,10:54:54,7.85,0.0,3,2355,买盘
977,10:54:57,7.85,0.0,12,9420,买盘
978,10:55:00,7.85,0.0,29,22765,买盘
979,10:55:16,7.85,0.0,5,3925,买盘
980,10:55:33,7.85,0.0,13,10205,买盘
981,10:55:57,7.84,-0.01,61,47824,卖盘
982,10:56:04,7.84,0.0,20,15680,卖盘
983,10:56:15,7.84,0.0,36,28224,卖盘
984,10:56:24,7.84,0.0,15,11760,卖盘
985,10:56:27,7.84,0.0,26,20384,卖盘
986,10:56:30,7.84,0.0,30,23520,卖盘
987,10:56:33,7.84,0.0,10,7840,卖盘
988,10:56:54,7.84,0.0,72,56448,卖盘
989,10:57:51,7.84,0.0,3,2352,卖盘
990,10:58:09,7.84,0.0,10,7840,卖盘
991,10:58:18,7.85,0.01,6,4710,买盘
992,10:58:24,7.84,-0.01,17,13328,卖盘
993,10:58:33,7.84,0.0,16,12544,卖盘
994,10:58:42,7.85,0.01,10,7850,买盘
995,10:59:18,7.85,0.0,180,141300,买盘
996,10:59:42,7.85,0.0,1,785,买盘
997,10:59:45,7.85,0.0,27,21195,买盘
998,10:59:54,7.84,-0.01,5,3920,卖盘
999,11:00:04,7.85,0.01,10,7850,买盘
1000,11:00:09,7.85,0.0,17,13345,买盘
1001,11:00:15,7.85,0.0,10,7850,买盘
1002,11:00:24,7.85,0.0,10,7850,买盘
1003,11:00:33,7.85,0.0,16,12560,买盘
1004,11:00:57,7.85,0.0,2,1570,买盘
1005,11:01:00,7.85,0.0,5,3925,买盘
1006,11:01:04,7.85,0.0,13,10205,买盘
1007,11:01:06,7.84,-0.01,5,3920,卖盘
1008,11:01:09,7.85,0.01,17,13345,买盘
1009,11:01:24,7.85,0.0,100,78500,买盘
1010,11:01:27,7.84,-0.01,24,18816,卖盘
1011,11:01:30,7.84,0.0,3,2352,卖盘
1012,11:01:33,7.84,0.0,20,15680,卖盘
1013,11:01:36,7.84,0.0,5,3920,卖盘
1014,11:01:51,7.84,0.0,10,7840,卖盘
1015,11:02:00,7.84,0.0,1,784,卖盘
1016,11:02:09,7.84,0.0,262,205408,卖盘
1017,11:02:15,7.84,0.0,120,94080,卖盘
1018,11:02:18,7.84,0.0,15,11760,卖盘
1019,11:02:27,7.84,0.0,20,15680,卖盘
1020,11:02:33,7.84,0.0,15,11760,卖盘
1021,11:02:36,7.84,0.0,60,47040,卖盘
1022,11:02:45,7.85,0.01,2,1570,买盘
1023,11:02:58,7.85,0.0,3,2355,买盘
1024,11:03:00,7.84,-0.01,30,23520,卖盘
1025,11:03:04,7.84,0.0,1,784,卖盘
1026,11:03:15,7.85,0.01,335,262975,买盘
1027,11:03:21,7.85,0.0,6,4710,卖盘
1028,11:03:24,7.85,0.0,50,39250,卖盘
1029,11:03:39,7.85,0.0,3,2355,卖盘
1030,11:03:42,7.85,0.0,30,23550,卖盘
1031,11:03:54,7.85,0.0,20,15700,卖盘
1032,11:04:06,7.86,0.01,41,32226,买盘
1033,11:04:12,7.86,0.0,20,15720,买盘
1034,11:04:15,7.85,-0.01,50,39250,卖盘
1035,11:04:27,7.85,0.0,1,785,卖盘
1036,11:04:45,7.86,0.01,21,16506,买盘
1037,11:05:21,7.86,0.0,13,10218,买盘
1038,11:05:27,7.85,-0.01,4,3140,卖盘
1039,11:05:33,7.85,0.0,9,7065,卖盘
1040,11:06:09,7.85,0.0,49,38465,卖盘
1041,11:06:24,7.86,0.01,10,7860,买盘
1042,11:06:31,7.86,0.0,10,7860,买盘
1043,11:06:33,7.86,0.0,10,7860,买盘
1044,11:06:36,7.86,0.0,11,8646,买盘
1045,11:06:39,7.86,0.0,102,80172,买盘
1046,11:06:42,7.86,0.0,21,16506,买盘
1047,11:06:45,7.86,0.0,20,15720,买盘
1048,11:06:48,7.86,0.0,168,132048,买盘
1049,11:07:04,7.87,0.01,11,8657,买盘
1050,11:07:06,7.86,-0.01,116,91242,卖盘
1051,11:07:15,7.86,0.0,2,1572,卖盘
1052,11:07:25,7.87,0.01,10,7870,买盘
1053,11:07:33,7.87,0.0,51,40137,买盘
1054,11:07:36,7.87,0.0,68,53516,买盘
1055,11:07:39,7.87,0.0,5,3935,买盘
1056,11:07:42,7.87,0.0,56,44072,买盘
1057,11:07:45,7.87,0.0,46,36202,买盘
1058,11:07:48,7.87,0.0,10,7870,卖盘
1059,11:08:00,7.87,0.0,7,5509,买盘
1060,11:08:06,7.86,-0.01,20,15738,卖盘
1061,11:08:09,7.87,0.01,5,3935,中性盘
1062,11:08:16,7.87,0.0,17,13379,买盘
1063,11:08:18,7.87,0.0,3,2361,买盘
1064,11:08:21,7.87,0.0,7,5509,卖盘
1065,11:08:30,7.87,0.0,15,11805,买盘
1066,11:08:33,7.87,0.0,2,1574,买盘
1067,11:08:36,7.87,0.0,12,9444,买盘
1068,11:08:42,7.87,0.0,10,7870,买盘
1069,11:08:54,7.87,0.0,44,34628,买盘
1070,11:09:00,7.87,0.0,54,42498,买盘
1071,11:09:03,7.87,0.0,7,5509,买盘
1072,11:09:30,7.86,-0.01,1,786,卖盘
1073,11:09:33,7.87,0.01,5,3935,买盘
1074,11:09:42,7.86,-0.01,122,95892,卖盘
1075,11:09:48,7.86,0.0,25,19650,卖盘
1076,11:10:18,7.86,0.0,135,106110,卖盘
1077,11:10:21,7.86,0.0,13,10218,卖盘
1078,11:10:28,7.86,0.0,33,25938,卖盘
1079,11:10:36,7.86,0.0,31,24366,卖盘
1080,11:10:48,7.86,0.0,6,4716,买盘
1081,11:10:51,7.86,0.0,134,105324,买盘
1082,11:11:04,7.86,0.0,67,52662,买盘
1083,11:11:15,7.86,0.0,10,7860,买盘
1084,11:11:30,7.86,0.0,7,5502,买盘
1085,11:11:33,7.86,0.0,7,5502,买盘
1086,11:11:36,7.86,0.0,10,7860,买盘
1087,11:11:48,7.86,0.0,16,12576,买盘
1088,11:11:51,7.86,0.0,7,5502,买盘
1089,11:11:57,7.85,-0.01,19,14929,卖盘
1090,11:12:18,7.86,0.01,10,7860,买盘
1091,11:12:30,7.85,-0.01,3,2355,卖盘
1092,11:12:39,7.86,0.01,20,15720,买盘
1093,11:13:00,7.86,0.0,1,786,买盘
1094,11:13:15,7.86,0.0,13,10218,买盘
1095,11:13:24,7.86,0.0,10,7860,卖盘
1096,11:13:40,7.86,0.0,3,2358,买盘
1097,11:13:42,7.86,0.0,3,2358,买盘
1098,11:14:04,7.87,0.01,224,176288,买盘
1099,11:14:18,7.88,0.01,20,15760,买盘
1100,11:14:33,7.87,-0.01,21,16538,卖盘
1101,11:14:39,7.88,0.01,5,3940,买盘
1102,11:14:45,7.88,0.0,170,133960,买盘
1103,11:14:54,7.88,0.0,30,23640,买盘
1104,11:15:00,7.88,0.0,17,13396,买盘
1105,11:15:06,7.87,-0.01,10,7870,卖盘
1106,11:15:09,7.88,0.01,55,43340,买盘
1107,11:15:15,7.88,0.0,10,7880,买盘
1108,11:15:24,7.88,0.0,25,19700,买盘
1109,11:15:33,7.88,0.0,8,6304,买盘
1110,11:15:39,7.88,0.0,25,19680,买盘
1111,11:15:48,7.88,0.0,4,3152,买盘
1112,11:16:09,7.88,0.0,7,5516,买盘
1113,11:16:15,7.87,-0.01,36,28332,卖盘
1114,11:16:30,7.88,0.01,2,1576,买盘
1115,11:16:42,7.87,-0.01,185,145595,卖盘
1116,11:16:58,7.87,0.0,11,8657,卖盘
1117,11:17:12,7.87,0.0,50,39350,买盘
1118,11:17:18,7.86,-0.01,45,35370,卖盘
1119,11:17:30,7.87,0.01,63,49581,买盘
1120,11:17:33,7.86,-0.01,10,7860,卖盘
1121,11:17:39,7.87,0.01,8,6296,买盘
1122,11:17:42,7.86,-0.01,5,3930,卖盘
1123,11:17:45,7.87,0.01,20,15740,买盘
1124,11:17:57,7.86,-0.01,20,15720,卖盘
1125,11:18:03,7.86,0.0,100,78600,卖盘
1126,11:18:12,7.86,0.0,4,3144,卖盘
1127,11:18:24,7.86,0.0,23,18078,卖盘
1128,11:18:51,7.87,0.01,10,7870,买盘
1129,11:19:57,7.86,-0.01,7,5502,卖盘
1130,11:20:21,7.86,0.0,80,62880,卖盘
1131,11:20:30,7.86,0.0,13,10218,卖盘
1132,11:20:36,7.86,0.0,9,7074,卖盘
1133,11:20:48,7.86,0.0,100,78600,卖盘
1134,11:20:51,7.87,0.01,10,7870,买盘
1135,11:20:54,7.87,0.0,10,7870,买盘
1136,11:20:57,7.86,-0.01,1,786,卖盘
1137,11:21:07,7.86,0.0,100,78600,卖盘
1138,11:21:12,7.86,0.0,1,786,卖盘
1139,11:21:15,7.86,0.0,30,23580,卖盘
1140,11:21:24,7.86,0.0,63,49518,卖盘
1141,11:21:30,7.86,0.0,118,92748,卖盘
1142,11:21:48,7.86,0.0,2,1572,买盘
1143,11:22:03,7.86,0.0,25,19650,买盘
1144,11:22:09,7.86,0.0,1,786,买盘
1145,11:22:15,7.86,0.0,50,39300,买盘
1146,11:22:24,7.85,-0.01,10,7850,卖盘
1147,11:22:27,7.86,0.01,3,2358,买盘
1148,11:22:48,7.86,0.0,50,39300,买盘
1149,11:23:04,7.86,0.0,215,168990,买盘
1150,11:23:06,7.86,0.0,5,3930,买盘
1151,11:23:09,7.86,0.0,10,7860,买盘
1152,11:23:30,7.86,0.0,4,3144,买盘
1153,11:23:48,7.85,-0.01,8,6280,卖盘
1154,11:24:06,7.86,0.01,430,337980,买盘
1155,11:24:09,7.85,-0.01,15,11775,卖盘
1156,11:24:18,7.86,0.01,51,40086,买盘
1157,11:24:39,7.86,0.0,2,1572,买盘
1158,11:24:48,7.86,0.0,1,786,买盘
1159,11:25:01,7.86,0.0,10,7860,买盘
1160,11:25:06,7.86,0.0,3,2358,买盘
1161,11:25:15,7.86,0.0,191,150126,买盘
1162,11:25:18,7.86,0.0,23,18078,卖盘
1163,11:25:36,7.87,0.01,204,160548,买盘
1164,11:25:42,7.87,0.0,6,4722,买盘
1165,11:27:09,7.87,0.0,50,39350,买盘
1166,11:27:12,7.87,0.0,5,3935,买盘
1167,11:27:15,7.87,0.0,97,76339,买盘
1168,11:27:18,7.87,0.0,70,55090,买盘
1169,11:27:27,7.87,0.0,8,6296,买盘
1170,11:27:39,7.87,0.0,50,39350,买盘
1171,11:27:42,7.87,0.0,48,37776,买盘
1172,11:27:51,7.87,0.0,10,7870,买盘
1173,11:28:03,7.87,0.0,3,2361,买盘
1174,11:28:45,7.87,0.0,25,19665,买盘
1175,11:28:51,7.86,-0.01,182,143052,卖盘
1176,11:28:57,7.87,0.01,3,2361,买盘
1177,11:29:30,7.86,-0.01,31,24366,卖盘
1178,13:00:01,7.86,0.0,110,86560,卖盘
1179,13:00:04,7.87,0.01,71,55825,买盘
1180,13:00:49,7.87,0.0,3,2361,买盘
1181,13:01:04,7.87,0.0,1,787,买盘
1182,13:01:45,7.87,0.0,29,22823,买盘
1183,13:01:48,7.87,0.0,31,24397,买盘
1184,13:02:00,7.87,0.0,298,234526,买盘
1185,13:02:33,7.87,0.0,1,787,买盘
1186,13:02:57,7.87,0.0,7,5506,买盘
1187,13:03:18,7.86,-0.01,184,144624,卖盘
1188,13:03:24,7.86,0.0,15,11790,卖盘
1189,13:03:57,7.86,0.0,40,31440,卖盘
1190,13:04:03,7.86,0.0,1,786,卖盘
1191,13:04:09,7.86,0.0,2,1572,卖盘
1192,13:04:48,7.86,0.0,5,3930,卖盘
1193,13:05:06,7.86,0.0,30,23580,卖盘
1194,13:05:12,7.86,0.0,3,2358,卖盘
1195,13:05:15,7.86,0.0,3,2358,卖盘
1196,13:05:18,7.86,0.0,20,15720,卖盘
1197,13:05:21,7.86,0.0,25,19650,卖盘
1198,13:05:27,7.86,0.0,50,39300,卖盘
1199,13:05:30,7.86,0.0,50,39300,卖盘
1200,13:05:39,7.86,0.0,27,21222,卖盘
1201,13:05:45,7.86,0.0,29,22794,卖盘
1202,13:05:49,7.86,0.0,20,15720,卖盘
1203,13:05:55,7.86,0.0,5,3930,卖盘
1204,13:06:00,7.86,0.0,46,36156,卖盘
1205,13:06:24,7.86,0.0,5,3930,买盘
1206,13:07:27,7.85,-0.01,2,1570,卖盘
1207,13:07:36,7.86,0.01,60,47160,买盘
1208,13:08:00,7.85,-0.01,5,3925,卖盘
1209,13:08:06,7.85,0.0,9,7065,卖盘
1210,13:08:18,7.85,0.0,9,7065,卖盘
1211,13:08:21,7.86,0.01,17,13362,买盘
1212,13:08:30,7.85,-0.01,12,9420,卖盘
1213,13:08:39,7.85,0.0,50,39250,卖盘
1214,13:08:42,7.85,0.0,5,3925,卖盘
1215,13:08:51,7.85,0.0,74,58090,卖盘
1216,13:08:54,7.85,0.0,20,15700,卖盘
1217,13:09:03,7.85,0.0,300,235500,卖盘
1218,13:09:12,7.86,0.01,10,7860,买盘
1219,13:09:15,7.85,-0.01,20,15700,卖盘
1220,13:09:45,7.85,0.0,32,25120,卖盘
1221,13:10:00,7.85,0.0,15,11775,卖盘
1222,13:10:06,7.85,0.0,316,248060,卖盘
1223,13:10:18,7.85,0.0,20,15700,卖盘
1224,13:10:22,7.86,0.01,110,86450,买盘
1225,13:10:24,7.85,-0.01,2,1570,卖盘
1226,13:10:39,7.86,0.01,67,52658,买盘
1227,13:10:45,7.85,-0.01,16,12560,卖盘
1228,13:10:49,7.85,0.0,13,10205,卖盘
1229,13:10:51,7.86,0.01,30,23580,买盘
1230,13:10:55,7.86,0.0,7,5502,买盘
1231,13:10:57,7.85,-0.01,172,135020,卖盘
1232,13:11:00,7.85,0.0,1200,942000,卖盘
1233,13:11:03,7.85,0.0,4,3140,卖盘
1234,13:11:12,7.85,0.0,67,52595,卖盘
1235,13:11:33,7.84,-0.01,34,26683,卖盘
1236,13:11:51,7.84,0.0,41,32144,卖盘
1237,13:12:00,7.85,0.01,1,785,买盘
1238,13:13:33,7.85,0.0,75,58875,买盘
1239,13:13:51,7.84,-0.01,2,1568,卖盘
1240,13:14:06,7.84,0.0,9,7056,卖盘
1241,13:14:12,7.84,0.0,29,22736,卖盘
1242,13:14:24,7.84,0.0,20,15680,卖盘
1243,13:14:33,7.84,0.0,17,13328,卖盘
1244,13:14:39,7.84,0.0,40,31360,卖盘
1245,13:14:46,7.85,0.01,205,160725,买盘
1246,13:14:55,7.84,-0.01,59,46256,卖盘
1247,13:14:57,7.84,0.0,10,7840,买盘
1248,13:15:00,7.84,0.0,1,784,买盘
1249,13:15:03,7.84,0.0,25,19600,买盘
1250,13:15:06,7.84,0.0,10,7840,买盘
1251,13:15:09,7.84,0.0,1,784,买盘
1252,13:15:30,7.84,0.0,15,11760,卖盘
1253,13:15:33,7.84,0.0,1,784,买盘
1254,13:15:39,7.84,0.0,6,4704,卖盘
1255,13:16:03,7.84,0.0,19,14896,卖盘
1256,13:16:15,7.84,0.0,15,11760,卖盘
1257,13:16:18,7.84,0.0,7,5488,卖盘
1258,13:16:21,7.84,0.0,30,23520,卖盘
1259,13:16:30,7.84,0.0,10,7840,卖盘
1260,13:16:33,7.85,0.01,32,25120,买盘
1261,13:16:51,7.84,-0.01,6,4704,卖盘
1262,13:17:00,7.84,0.0,13,10192,卖盘
1263,13:17:15,7.84,0.0,20,15680,卖盘
1264,13:17:51,7.85,0.01,50,39250,买盘
1265,13:17:57,7.84,-0.01,58,45518,卖盘
1266,13:18:01,7.85,0.01,21,16485,买盘
1267,13:18:09,7.85,0.0,191,149935,买盘
1268,13:18:12,7.86,0.01,97,76195,买盘
1269,13:18:27,7.86,0.0,356,279816,买盘
1270,13:18:30,7.86,0.0,20,15720,买盘
1271,13:18:36,7.86,0.0,5,3930,买盘
1272,13:18:45,7.86,0.0,69,54234,买盘
1273,13:18:51,7.86,0.0,24,18864,买盘
1274,13:18:55,7.86,0.0,1,786,买盘
1275,13:19:04,7.86,0.0,20,15720,买盘
1276,13:19:09,7.86,0.0,30,23580,买盘
1277,13:19:12,7.85,-0.01,3,2355,卖盘
1278,13:19:21,7.85,0.0,217,170345,卖盘
1279,13:19:24,7.85,0.0,27,21195,买盘
1280,13:19:31,7.85,0.0,20,15700,买盘
1281,13:19:48,7.85,0.0,10,7850,买盘
1282,13:19:51,7.85,0.0,97,76145,买盘
1283,13:20:00,7.85,0.0,5,3925,卖盘
1284,13:20:30,7.86,0.01,1,786,买盘
1285,13:20:37,7.85,-0.01,32,25120,卖盘
1286,13:20:51,7.85,0.0,3,2355,卖盘
1287,13:20:54,7.86,0.01,151,118686,买盘
1288,13:21:06,7.85,-0.01,10,7850,卖盘
1289,13:21:15,7.85,0.0,18,14130,卖盘
1290,13:21:36,7.85,0.0,120,94200,卖盘
1291,13:21:45,7.85,0.0,1,785,卖盘
1292,13:21:51,7.85,0.0,4,3140,卖盘
1293,13:21:57,7.85,0.0,2,1570,卖盘
1294,13:22:00,7.85,0.0,20,15700,卖盘
1295,13:22:04,7.85,0.0,2,1570,卖盘
1296,13:22:06,7.85,0.0,10,7850,卖盘
1297,13:22:21,7.86,0.01,10,7860,买盘
1298,13:22:24,7.85,-0.01,40,31400,卖盘
1299,13:22:27,7.86,0.01,10,7860,买盘
1300,13:22:49,7.86,0.0,5,3930,买盘
1301,13:23:06,7.85,-0.01,5,3925,卖盘
1302,13:23:12,7.86,0.01,10,7860,买盘
1303,13:23:30,7.86,0.0,30,23580,买盘
1304,13:23:51,7.86,0.0,4,3144,买盘
1305,13:23:54,7.85,-0.01,16,12560,卖盘
1306,13:23:57,7.86,0.01,5,3930,买盘
1307,13:24:15,7.86,0.0,5,3930,买盘
1308,13:24:21,7.85,-0.01,100,78500,卖盘
1309,13:24:48,7.86,0.01,7,5502,买盘
1310,13:25:12,7.85,-0.01,30,23550,卖盘
1311,13:25:24,7.86,0.01,500,393000,买盘
1312,13:25:40,7.86,0.0,10,7860,买盘
1313,13:25:57,7.86,0.0,22,17292,买盘
1314,13:26:00,7.86,0.0,5,3930,买盘
1315,13:26:06,7.86,0.0,5,3930,买盘
1316,13:26:09,7.86,0.0,15,11790,买盘
1317,13:26:15,7.86,0.0,14,11004,买盘
1318,13:26:24,7.86,0.0,30,23580,买盘
1319,13:26:27,7.86,0.0,10,7860,买盘
1320,13:26:43,7.85,-0.01,2,1570,卖盘
1321,13:26:45,7.86,0.01,13,10218,买盘
1322,13:26:48,7.86,0.0,10,7860,买盘
1323,13:27:00,7.86,0.0,76,59736,买盘
1324,13:27:06,7.86,0.0,9,7074,卖盘
1325,13:27:21,7.86,0.0,34,26724,买盘
1326,13:27:42,7.86,0.0,105,82530,买盘
1327,13:27:54,7.86,0.0,100,78600,买盘
1328,13:28:09,7.86,0.0,3,2358,卖盘
1329,13:28:15,7.86,0.0,100,78600,卖盘
1330,13:28:33,7.87,0.01,171,134577,买盘
1331,13:28:45,7.86,-0.01,20,15720,卖盘
1332,13:28:57,7.86,0.0,196,154056,卖盘
1333,13:29:15,7.86,0.0,24,18864,卖盘
1334,13:29:21,7.86,0.0,46,36156,卖盘
1335,13:29:24,7.86,0.0,10,7860,卖盘
1336,13:29:27,7.86,0.0,65,51090,卖盘
1337,13:29:57,7.86,0.0,110,86569,卖盘
1338,13:30:04,7.86,0.0,10,7860,卖盘
1339,13:30:24,7.86,0.0,100,78600,卖盘
1340,13:30:30,7.86,0.0,9,7074,卖盘
1341,13:30:33,7.86,0.0,118,92748,卖盘
1342,13:30:51,7.86,0.0,30,23580,买盘
1343,13:30:57,7.86,0.0,25,19650,买盘
1344,13:31:51,7.86,0.0,1,786,买盘
1345,13:32:03,7.86,0.0,60,47160,买盘
1346,13:32:18,7.85,-0.01,153,120105,卖盘
1347,13:32:39,7.85,0.0,4,3140,卖盘
1348,13:32:42,7.85,0.0,6,4710,卖盘
1349,13:32:57,7.86,0.01,4,3144,买盘
1350,13:33:12,7.86,0.0,5,3930,买盘
1351,13:33:24,7.85,-0.01,667,523595,卖盘
1352,13:33:39,7.84,-0.01,50,39200,卖盘
1353,13:33:49,7.84,0.0,7,5488,卖盘
1354,13:34:21,7.84,0.0,241,188944,卖盘
1355,13:34:36,7.84,0.0,53,41552,卖盘
1356,13:34:48,7.83,-0.01,48,37584,卖盘
1357,13:34:51,7.83,0.0,2,1566,卖盘
1358,13:34:57,7.83,0.0,10,7830,卖盘
1359,13:35:00,7.84,0.01,10,7840,买盘
1360,13:35:15,7.84,0.0,100,78400,买盘
1361,13:35:18,7.83,-0.01,40,31320,卖盘
1362,13:35:30,7.83,0.0,31,24273,卖盘
1363,13:35:33,7.84,0.01,300,235200,买盘
1364,13:36:03,7.84,0.0,11,8624,买盘
1365,13:36:06,7.83,-0.01,10,7830,卖盘
1366,13:36:13,7.83,0.0,20,15660,卖盘
1367,13:36:16,7.84,0.01,2,1568,买盘
1368,13:36:19,7.83,-0.01,60,46980,卖盘
1369,13:36:22,7.83,0.0,17,13311,卖盘
1370,13:36:31,7.83,0.0,22,17226,卖盘
1371,13:36:34,7.83,0.0,30,23490,卖盘
1372,13:36:39,7.83,0.0,5,3915,卖盘
1373,13:36:42,7.83,0.0,48,37584,卖盘
1374,13:36:45,7.83,0.0,904,707832,卖盘
1375,13:36:51,7.82,-0.01,303,236946,卖盘
1376,13:36:54,7.83,0.01,9,7047,买盘
1377,13:37:01,7.82,-0.01,265,207230,卖盘
1378,13:37:06,7.82,0.0,66,51612,卖盘
1379,13:37:13,7.82,0.0,19,14858,卖盘
1380,13:37:16,7.82,0.0,10,7820,卖盘
1381,13:37:21,7.83,0.01,10,7830,买盘
1382,13:37:36,7.82,-0.01,104,81328,卖盘
1383,13:37:39,7.83,0.01,12,9396,买盘
1384,13:37:42,7.82,-0.01,20,15650,卖盘
1385,13:37:45,7.83,0.01,10,7830,买盘
1386,13:37:51,7.83,0.0,10,7830,买盘
1387,13:37:54,7.83,0.0,25,19575,买盘
1388,13:37:57,7.82,-0.01,36,28152,卖盘
1389,13:38:04,7.83,0.01,34,26622,买盘
1390,13:38:19,7.83,0.0,6,4698,买盘
1391,13:38:24,7.82,-0.01,60,46930,卖盘
1392,13:38:36,7.83,0.01,6,4698,买盘
1393,13:38:39,7.82,-0.01,12,9384,卖盘
1394,13:38:51,7.82,0.0,8,6259,卖盘
1395,13:39:04,7.83,0.01,302,236461,买盘
1396,13:39:12,7.83,0.0,52,40674,买盘
1397,13:39:18,7.82,-0.01,50,39100,卖盘
1398,13:39:24,7.82,0.0,3,2346,卖盘
1399,13:39:27,7.82,0.0,5,3910,卖盘
1400,13:39:36,7.82,0.0,638,498916,卖盘
1401,13:39:39,7.82,0.0,3,2346,卖盘
1402,13:39:42,7.82,0.0,198,154836,卖盘
1403,13:39:49,7.82,0.0,46,35972,卖盘
1404,13:40:00,7.82,0.0,10,7820,卖盘
1405,13:40:04,7.82,0.0,10,7820,卖盘
1406,13:40:06,7.82,0.0,2,1564,卖盘
1407,13:40:10,7.82,0.0,2,1564,卖盘
1408,13:40:15,7.82,0.0,65,50830,卖盘
1409,13:40:30,7.82,0.0,20,15640,卖盘
1410,13:40:36,7.82,0.0,20,15640,卖盘
1411,13:40:57,7.82,0.0,31,24242,卖盘
1412,13:41:12,7.82,0.0,40,31280,卖盘
1413,13:41:15,7.82,0.0,1,782,卖盘
1414,13:41:33,7.82,0.0,123,96186,卖盘
1415,13:41:39,7.82,0.0,40,31280,卖盘
1416,13:41:57,7.82,0.0,16,12512,卖盘
1417,13:42:07,7.83,0.01,10,7830,买盘
1418,13:42:18,7.82,-0.01,20,15640,卖盘
1419,13:42:27,7.83,0.01,33,25839,买盘
1420,13:42:31,7.83,0.0,1,783,买盘
1421,13:42:33,7.83,0.0,4,3132,买盘
1422,13:42:57,7.83,0.0,74,57874,买盘
1423,13:43:06,7.82,-0.01,10,7820,卖盘
1424,13:43:09,7.83,0.01,56,43848,买盘
1425,13:43:15,7.82,-0.01,160,125120,卖盘
1426,13:43:21,7.82,0.0,2,1564,买盘
1427,13:43:24,7.82,0.0,35,27370,买盘
1428,13:43:27,7.81,-0.01,30,23430,卖盘
1429,13:43:39,7.82,0.01,6,4692,买盘
1430,13:43:45,7.81,-0.01,23,17963,卖盘
1431,13:43:48,7.82,0.01,180,140760,买盘
1432,13:43:57,7.82,0.0,31,24242,买盘
1433,13:44:09,7.81,-0.01,26,20306,卖盘
1434,13:44:12,7.81,0.0,12,9372,卖盘
1435,13:44:15,7.82,0.01,20,15640,买盘
1436,13:44:18,7.82,0.0,2,1564,买盘
1437,13:44:24,7.82,0.0,12,9384,买盘
1438,13:44:27,7.82,0.0,10,7820,买盘
1439,13:44:30,7.81,-0.01,680,531080,卖盘
1440,13:44:36,7.81,0.0,67,52327,卖盘
1441,13:44:42,7.81,0.0,53,41396,卖盘
1442,13:44:51,7.81,0.0,7,5467,卖盘
1443,13:44:55,7.81,0.0,150,117150,卖盘
1444,13:44:57,7.81,0.0,3,2343,卖盘
1445,13:45:04,7.81,0.0,10,7810,卖盘
1446,13:45:06,7.81,0.0,2,1562,卖盘
1447,13:45:12,7.81,0.0,127,99187,卖盘
1448,13:45:15,7.81,0.0,122,95282,卖盘
1449,13:45:18,7.8,-0.01,463,361151,卖盘
1450,13:45:24,7.8,0.0,40,31206,卖盘
1451,13:45:30,7.81,0.01,2,1562,买盘
1452,13:45:33,7.8,-0.01,66,51480,卖盘
1453,13:45:36,7.8,0.0,296,230279,卖盘
1454,13:45:39,7.8,0.0,200,156000,卖盘
1455,13:45:42,7.8,0.0,5,3900,卖盘
1456,13:45:45,7.8,0.0,136,106681,卖盘
1457,13:45:51,7.79,-0.01,18,14022,卖盘
1458,13:45:54,7.79,0.0,227,176853,卖盘
1459,13:45:57,7.79,0.0,28,21812,卖盘
1460,13:46:00,7.79,0.0,118,91808,买盘
1461,13:46:09,7.78,-0.01,70,54460,卖盘
1462,13:46:18,7.78,0.0,69,53741,卖盘
1463,13:46:24,7.78,0.0,254,197628,卖盘
1464,13:46:27,7.79,0.01,45,35055,买盘
1465,13:46:30,7.79,0.0,2,1558,买盘
1466,13:46:33,7.78,-0.01,20,15560,卖盘
1467,13:46:36,7.79,0.01,6,4674,买盘
1468,13:46:42,7.78,-0.01,177,137726,卖盘
1469,13:46:45,7.79,0.01,8,6229,买盘
1470,13:46:48,7.79,0.0,5,3895,买盘
1471,13:46:51,7.79,0.0,67,52144,买盘
1472,13:47:00,7.79,0.0,212,164969,买盘
1473,13:47:04,7.78,-0.01,5,3890,卖盘
1474,13:47:09,7.78,0.0,6,4668,卖盘
1475,13:47:12,7.79,0.01,10,7790,买盘
1476,13:47:18,7.78,-0.01,20,15560,卖盘
1477,13:47:24,7.79,0.01,8,6232,买盘
1478,13:47:27,7.8,0.01,100,77923,买盘
1479,13:47:30,7.78,-0.02,28,21784,卖盘
1480,13:47:33,7.78,0.0,6,4668,卖盘
1481,13:47:36,7.79,0.01,5,3895,中性盘
1482,13:47:39,7.79,0.0,9,7011,卖盘
1483,13:47:48,7.79,0.0,1,779,买盘
1484,13:47:57,7.78,-0.01,23,17894,卖盘
1485,13:48:04,7.79,0.01,10,7790,买盘
1486,13:48:06,7.78,-0.01,20,15560,卖盘
1487,13:48:22,7.79,0.01,387,301293,买盘
1488,13:48:24,7.79,0.0,5,3895,卖盘
1489,13:48:30,7.79,0.0,15,11685,卖盘
1490,13:48:33,7.79,0.0,1,779,卖盘
1491,13:48:36,7.79,0.0,3,2337,卖盘
1492,13:48:39,7.79,0.0,24,18696,卖盘
1493,13:48:45,7.79,0.0,64,49860,卖盘
1494,13:48:51,7.79,0.0,4,3116,买盘
1495,13:48:54,7.79,0.0,4,3116,买盘
1496,13:48:57,7.79,0.0,10,7790,买盘
1497,13:49:03,7.79,0.0,5,3895,买盘
1498,13:49:06,7.79,0.0,100,77900,买盘
1499,13:49:10,7.79,0.0,96,74784,买盘
1500,13:49:15,7.79,0.0,9,7011,卖盘
1501,13:49:18,7.79,0.0,1,779,卖盘
1502,13:49:21,7.8,0.01,25,19500,买盘
1503,13:49:25,7.79,-0.01,7,5453,卖盘
1504,13:49:36,7.8,0.01,22,17157,买盘
1505,13:49:39,7.8,0.0,1,780,买盘
1506,13:49:42,7.8,0.0,20,15588,买盘
1507,13:49:45,7.79,-0.01,10,7790,卖盘
1508,13:49:51,7.8,0.01,9,7020,买盘
1509,13:49:54,7.79,-0.01,100,77900,卖盘
1510,13:50:06,7.79,0.0,33,25707,卖盘
1511,13:50:15,7.79,0.0,3,2337,卖盘
1512,13:50:18,7.8,0.01,5,3900,买盘
1513,13:50:21,7.8,0.0,2,1560,买盘
1514,13:50:30,7.8,0.0,6,4680,买盘
1515,13:50:36,7.79,-0.01,51,39729,卖盘
1516,13:50:42,7.8,0.01,10,7800,买盘
1517,13:50:51,7.79,-0.01,160,124700,卖盘
1518,13:51:00,7.8,0.01,5,3900,买盘
1519,13:51:03,7.79,-0.01,51,39729,卖盘
1520,13:51:06,7.8,0.01,86,67051,买盘
1521,13:51:18,7.8,0.0,3,2340,买盘
1522,13:51:27,7.79,-0.01,5,3895,卖盘
1523,13:51:30,7.8,0.01,15,11700,买盘
1524,13:51:36,7.8,0.0,8,6240,买盘
1525,13:51:42,7.79,-0.01,9,7011,卖盘
1526,13:51:45,7.8,0.01,45,35100,买盘
1527,13:51:48,7.8,0.0,10,7800,买盘
1528,13:51:57,7.79,-0.01,50,38950,卖盘
1529,13:52:06,7.78,-0.01,411,319960,卖盘
1530,13:52:27,7.79,0.01,8,6232,卖盘
1531,13:52:30,7.8,0.01,4,3120,买盘
1532,13:52:48,7.79,-0.01,3,2337,卖盘
1533,13:53:03,7.79,0.0,61,47519,买盘
1534,13:53:06,7.79,0.0,12,9348,买盘
1535,13:53:10,7.79,0.0,18,14022,买盘
1536,13:53:12,7.79,0.0,5,3895,买盘
1537,13:53:16,7.79,0.0,10,7790,买盘
1538,13:53:18,7.79,0.0,4,3116,买盘
1539,13:53:21,7.79,0.0,7,5459,卖盘
1540,13:53:39,7.79,0.0,70,54530,卖盘
1541,13:53:48,7.78,-0.01,60,46685,卖盘
1542,13:53:55,7.78,0.0,100,77800,卖盘
1543,13:54:12,7.78,0.0,6,4668,卖盘
1544,13:54:15,7.78,0.0,120,93360,卖盘
1545,13:54:18,7.78,0.0,100,77800,卖盘
1546,13:54:22,7.78,0.0,413,321314,卖盘
1547,13:54:25,7.78,0.0,172,133816,卖盘
1548,13:54:28,7.78,0.0,22,17116,卖盘
1549,13:54:33,7.78,0.0,20,15560,买盘
1550,13:54:36,7.78,0.0,409,318202,买盘
1551,13:54:39,7.77,-0.01,50,38850,卖盘
1552,13:54:45,7.78,0.01,70,54460,买盘
1553,13:54:48,7.77,-0.01,5,3885,卖盘
1554,13:54:51,7.77,0.0,125,97125,卖盘
1555,13:55:00,7.78,0.01,50,38900,买盘
1556,13:55:04,7.77,-0.01,19,14763,卖盘
1557,13:55:06,7.78,0.01,476,370328,买盘
1558,13:55:09,7.77,-0.01,65,50529,卖盘
1559,13:55:18,7.78,0.01,31,24118,买盘
1560,13:55:21,7.78,0.0,2,1556,卖盘
1561,13:55:24,7.78,0.0,40,31120,买盘
1562,13:55:27,7.77,-0.01,30,23310,卖盘
1563,13:55:30,7.78,0.01,292,227113,买盘
1564,13:55:39,7.78,0.0,50,38900,买盘
1565,13:55:45,7.78,0.0,828,643361,买盘
1566,13:55:57,7.78,0.0,5,3890,买盘
1567,13:56:00,7.78,0.0,26,20228,卖盘
1568,13:56:04,7.77,-0.01,14,10878,卖盘
1569,13:56:27,7.78,0.01,30,23340,买盘
1570,13:56:31,7.77,-0.01,20,15540,卖盘
1571,13:56:33,7.77,0.0,100,77700,卖盘
1572,13:56:39,7.78,0.01,10,7780,买盘
1573,13:56:45,7.77,-0.01,20,15540,卖盘
1574,13:56:48,7.77,0.0,157,121996,卖盘
1575,13:56:51,7.77,0.0,21,16317,卖盘
1576,13:57:04,7.76,-0.01,93,72171,卖盘
1577,13:57:06,7.77,0.01,9,6993,买盘
1578,13:57:10,7.76,-0.01,56,43456,卖盘
1579,13:57:13,7.77,0.01,1,777,买盘
1580,13:57:16,7.77,0.0,279,216604,买盘
1581,13:57:18,7.76,-0.01,188,145290,卖盘
1582,13:57:21,7.77,0.01,20,15540,买盘
1583,13:57:27,7.76,-0.01,71,55112,卖盘
1584,13:57:31,7.77,0.01,196,152098,买盘
1585,13:57:42,7.77,0.0,36,27972,买盘
1586,13:57:45,7.76,-0.01,40,31040,卖盘
1587,13:57:52,7.76,0.0,89,69064,卖盘
1588,13:57:54,7.76,0.0,38,29488,买盘
1589,13:57:57,7.75,-0.01,7,5427,卖盘
1590,13:58:04,7.75,0.0,12,9305,卖盘
1591,13:58:06,7.75,0.0,8,6200,卖盘
1592,13:58:12,7.75,0.0,142,110050,卖盘
1593,13:58:15,7.75,0.0,20,15500,卖盘
1594,13:58:18,7.75,0.0,2,1550,卖盘
1595,13:58:24,7.75,0.0,180,139510,卖盘
1596,13:58:27,7.76,0.01,15,11640,买盘
1597,13:58:30,7.75,-0.01,220,170500,卖盘
1598,13:58:33,7.75,0.0,101,78275,卖盘
1599,13:58:36,7.76,0.01,18,13965,买盘
1600,13:58:40,7.75,-0.01,15,11625,卖盘
1601,13:58:43,7.75,0.0,2,1550,卖盘
1602,13:58:51,7.76,0.01,62,48552,买盘
1603,13:58:54,7.75,-0.01,11,8525,卖盘
1604,13:58:57,7.75,0.0,314,242862,卖盘
1605,13:59:04,7.74,-0.01,124,96080,卖盘
1606,13:59:12,7.73,-0.01,255,197240,卖盘
1607,13:59:18,7.74,0.01,11,8514,买盘
1608,13:59:21,7.74,0.0,30,23220,买盘
1609,13:59:24,7.72,-0.02,47,36289,卖盘
1610,13:59:30,7.74,0.02,6,4640,买盘
1611,13:59:33,7.73,-0.01,5,3865,卖盘
1612,13:59:36,7.74,0.01,5,3870,买盘
1613,13:59:42,7.73,-0.01,602,465346,卖盘
1614,13:59:45,7.73,0.0,4,3092,买盘
1615,13:59:48,7.73,0.0,41,31693,买盘
1616,13:59:51,7.73,0.0,5,3865,买盘
1617,13:59:57,7.73,0.0,317,244726,买盘
1618,14:00:06,7.73,0.0,29,22409,买盘
1619,14:00:10,7.73,0.0,112,86576,买盘
1620,14:00:13,7.72,-0.01,16,12352,卖盘
1621,14:00:16,7.72,0.0,139,107308,卖盘
1622,14:00:24,7.73,0.01,24,18530,买盘
1623,14:00:27,7.72,-0.01,10,7720,卖盘
1624,14:00:30,7.72,0.0,35,27025,卖盘
1625,14:00:33,7.72,0.0,30,23160,卖盘
1626,14:00:36,7.72,0.0,216,166752,卖盘
1627,14:00:39,7.72,0.0,11,8492,买盘
1628,14:00:45,7.72,0.0,65,50134,买盘
1629,14:00:51,7.71,-0.01,179,138162,卖盘
1630,14:00:55,7.72,0.01,32,24704,买盘
1631,14:00:57,7.72,0.0,34,26248,买盘
1632,14:01:00,7.73,0.01,37,28594,买盘
1633,14:01:03,7.72,-0.01,54,41688,卖盘
1634,14:01:06,7.72,0.0,131,101132,卖盘
1635,14:01:09,7.72,0.0,34,26248,买盘
1636,14:01:12,7.72,0.0,33,25476,买盘
1637,14:01:15,7.72,0.0,7,5404,买盘
1638,14:01:18,7.72,0.0,118,91046,买盘
1639,14:01:21,7.72,0.0,18,13896,买盘
1640,14:01:25,7.72,0.0,140,108030,买盘
1641,14:01:30,7.72,0.0,18,13896,卖盘
1642,14:01:33,7.72,0.0,6,4632,卖盘
1643,14:01:36,7.73,0.01,3,2319,买盘
1644,14:01:39,7.73,0.0,5,3865,买盘
1645,14:01:46,7.72,-0.01,50,38600,卖盘
1646,14:01:48,7.73,0.01,15,11595,买盘
1647,14:01:54,7.73,0.0,25,19320,买盘
1648,14:01:57,7.73,0.0,94,72662,买盘
1649,14:02:06,7.73,0.0,13,10049,买盘
1650,14:02:09,7.73,0.0,100,77300,买盘
1651,14:02:12,7.73,0.0,25,19325,买盘
1652,14:02:15,7.73,0.0,83,64159,买盘
1653,14:02:18,7.73,0.0,61,47153,买盘
1654,14:02:21,7.73,0.0,27,20871,买盘
1655,14:02:24,7.73,0.0,5,3865,卖盘
1656,14:02:27,7.75,0.02,50,38750,买盘
1657,14:02:39,7.74,-0.01,20,15480,买盘
1658,14:02:45,7.75,0.01,1,775,买盘
1659,14:02:48,7.75,0.0,1,775,买盘
1660,14:02:58,7.74,-0.01,3,2322,卖盘
1661,14:03:06,7.75,0.01,10,7750,买盘
1662,14:03:12,7.74,-0.01,21,16254,卖盘
1663,14:03:21,7.74,0.0,64,49540,卖盘
1664,14:03:27,7.75,0.01,8,6200,买盘
1665,14:03:36,7.74,-0.01,163,126147,卖盘
1666,14:03:39,7.74,0.0,5,3870,买盘
1667,14:03:48,7.74,0.0,1,774,买盘
1668,14:03:51,7.74,0.0,58,44892,买盘
1669,14:03:54,7.74,0.0,12,9288,买盘
1670,14:03:57,7.74,0.0,2,1548,买盘
1671,14:04:06,7.74,0.0,3,2322,买盘
1672,14:04:09,7.74,0.0,108,83592,买盘
1673,14:04:12,7.74,0.0,10,7740,买盘
1674,14:04:15,7.74,0.0,16,12384,卖盘
1675,14:04:18,7.74,0.0,3,2322,买盘
1676,14:04:21,7.74,0.0,10,7740,买盘
1677,14:04:24,7.74,0.0,4,3096,买盘
1678,14:04:27,7.74,0.0,11,8514,买盘
1679,14:04:30,7.74,0.0,16,12399,买盘
1680,14:04:54,7.75,0.01,10,7750,买盘
1681,14:05:06,7.74,-0.01,6,4644,卖盘
1682,14:05:09,7.74,0.0,7,5418,卖盘
1683,14:05:12,7.74,0.0,6,4644,卖盘
1684,14:05:15,7.74,0.0,5,3870,卖盘
1685,14:05:21,7.75,0.01,505,391375,买盘
1686,14:05:27,7.75,0.0,60,46480,买盘
1687,14:05:30,7.75,0.0,119,92713,买盘
1688,14:05:48,7.76,0.01,1,598,卖盘
1689,14:05:54,7.76,0.0,10,7760,卖盘
1690,14:06:00,7.77,0.01,2,1554,买盘
1691,14:06:09,7.76,-0.01,143,110969,卖盘
1692,14:06:12,7.76,0.0,100,77600,卖盘
1693,14:06:15,7.77,0.01,1,777,买盘
1694,14:06:18,7.76,-0.01,72,56050,卖盘
1695,14:06:24,7.76,0.0,5,3880,买盘
1696,14:06:31,7.75,-0.01,5,3875,卖盘
1697,14:06:36,7.75,0.0,5,3875,卖盘
1698,14:06:39,7.76,0.01,15,11640,买盘
1699,14:06:45,7.75,-0.01,10,7750,卖盘
1700,14:06:54,7.75,0.0,21,16275,卖盘
1701,14:07:00,7.75,0.0,70,54250,卖盘
1702,14:07:04,7.75,0.0,50,38750,卖盘
1703,14:07:06,7.75,0.0,61,46787,卖盘
1704,14:07:15,7.74,-0.01,545,421845,卖盘
1705,14:07:21,7.74,0.0,1,774,买盘
1706,14:07:27,7.73,-0.01,332,256636,卖盘
1707,14:07:36,7.73,0.0,173,133729,卖盘
1708,14:07:40,7.74,0.01,70,54180,买盘
1709,14:07:42,7.73,-0.01,11,8503,卖盘
1710,14:07:45,7.73,0.0,26,20098,卖盘
1711,14:07:49,7.73,0.0,50,38650,卖盘
1712,14:07:51,7.73,0.0,5,3865,卖盘
1713,14:07:58,7.73,0.0,46,35558,卖盘
1714,14:08:06,7.73,0.0,118,91809,卖盘
1715,14:08:15,7.73,0.0,70,53515,卖盘
1716,14:08:30,7.73,0.0,10,7730,买盘
1717,14:08:36,7.73,0.0,2,1546,买盘
1718,14:08:39,7.73,0.0,10,7730,买盘
1719,14:08:42,7.73,0.0,13,10049,买盘
1720,14:08:57,7.73,0.0,21,16233,买盘
1721,14:09:00,7.72,-0.01,10,7720,卖盘
1722,14:09:03,7.73,0.01,74,57162,买盘
1723,14:09:06,7.73,0.0,10,7730,买盘
1724,14:09:09,7.72,-0.01,44,33969,卖盘
1725,14:09:13,7.73,0.01,40,30920,买盘
1726,14:09:15,7.73,0.0,2,1546,买盘
1727,14:09:24,7.72,-0.01,30,23180,卖盘
1728,14:09:27,7.73,0.01,26,20693,买盘
1729,14:09:33,7.73,0.0,64,49472,卖盘
1730,14:09:39,7.73,0.0,1,773,卖盘
1731,14:09:42,7.74,0.01,12,9288,买盘
1732,14:09:45,7.73,-0.01,41,31693,卖盘
1733,14:09:54,7.73,0.0,5,3865,卖盘
1734,14:09:57,7.74,0.01,4,3096,买盘
1735,14:10:00,7.74,0.0,9,6966,买盘
1736,14:10:04,7.74,0.0,3,2322,买盘
1737,14:10:12,7.73,-0.01,1,773,卖盘
1738,14:10:15,7.74,0.01,31,23994,买盘
1739,14:10:45,7.74,0.0,2,1548,买盘
1740,14:10:48,7.73,-0.01,14,10822,卖盘
1741,14:11:00,7.73,0.0,32,24736,卖盘
1742,14:11:12,7.74,0.01,10,7731,买盘
1743,14:11:15,7.73,-0.01,80,61840,卖盘
1744,14:11:37,7.73,0.0,24,18552,卖盘
1745,14:11:40,7.73,0.0,2,1546,卖盘
1746,14:11:51,7.74,0.01,4,3096,买盘
1747,14:12:06,7.74,0.0,6,4644,买盘
1748,14:12:09,7.73,-0.01,150,115950,卖盘
1749,14:12:13,7.74,0.01,40,30960,买盘
1750,14:12:15,7.74,0.0,2,1548,买盘
1751,14:12:24,7.74,0.0,15,11610,买盘
1752,14:12:33,7.74,0.0,5,3870,买盘
1753,14:12:36,7.74,0.0,20,15480,买盘
1754,14:12:45,7.73,-0.01,9,6957,卖盘
1755,14:12:55,7.73,0.0,15,11605,卖盘
1756,14:12:57,7.74,0.01,2,1548,买盘
1757,14:13:01,7.73,-0.01,1,773,卖盘
1758,14:13:15,7.73,0.0,33,25529,卖盘
1759,14:13:21,7.74,0.01,42,32508,买盘
1760,14:13:24,7.73,-0.01,15,11603,卖盘
1761,14:13:27,7.73,0.0,38,29374,卖盘
1762,14:13:48,7.73,0.0,56,43294,卖盘
1763,14:13:51,7.74,0.01,7,5418,买盘
1764,14:14:04,7.74,0.0,1,774,买盘
1765,14:14:06,7.74,0.0,24,18576,买盘
1766,14:14:09,7.74,0.0,53,41022,买盘
1767,14:14:19,7.75,0.01,12,9290,买盘
1768,14:14:24,7.74,-0.01,72,55728,卖盘
1769,14:14:27,7.74,0.0,28,21672,卖盘
1770,14:14:39,7.73,-0.01,44,34055,卖盘
1771,14:14:45,7.74,0.01,4,3096,买盘
1772,14:15:09,7.74,0.0,30,23220,卖盘
1773,14:15:15,7.74,0.0,10,7740,卖盘
1774,14:15:21,7.74,0.0,82,63468,卖盘
1775,14:15:36,7.73,-0.01,365,282145,卖盘
1776,14:15:39,7.73,0.0,138,106079,卖盘
1777,14:15:45,7.73,0.0,8,6184,买盘
1778,14:15:48,7.73,0.0,6,4636,买盘
1779,14:15:54,7.72,-0.01,30,23160,卖盘
1780,14:15:57,7.72,0.0,20,15440,卖盘
1781,14:16:00,7.73,0.01,38,29337,买盘
1782,14:16:03,7.72,-0.01,92,71024,卖盘
1783,14:16:06,7.72,0.0,35,27020,卖盘
1784,14:16:09,7.72,0.0,124,95728,卖盘
1785,14:16:12,7.72,0.0,49,37828,卖盘
1786,14:16:15,7.72,0.0,34,26248,卖盘
1787,14:16:18,7.72,0.0,285,220020,卖盘
1788,14:16:22,7.72,0.0,35,27020,卖盘
1789,14:16:27,7.72,0.0,61,47092,卖盘
1790,14:16:30,7.72,0.0,29,22401,卖盘
1791,14:16:33,7.72,0.0,5,3860,买盘
1792,14:16:42,7.71,-0.01,21,16191,卖盘
1793,14:16:45,7.72,0.01,19,14668,买盘
1794,14:16:49,7.71,-0.01,82,63222,卖盘
1795,14:16:51,7.71,0.0,100,77100,卖盘
1796,14:16:54,7.7,-0.01,1133,873326,卖盘
1797,14:16:57,7.71,0.01,2,1542,买盘
1798,14:17:00,7.7,-0.01,1201,924770,卖盘
1799,14:17:03,7.69,-0.01,200,153800,卖盘
1800,14:17:06,7.69,0.0,139,106915,卖盘
1801,14:17:12,7.69,0.0,33,25377,卖盘
1802,14:17:15,7.69,0.0,16,12304,卖盘
1803,14:17:18,7.69,0.0,102,78438,卖盘
1804,14:17:21,7.69,0.0,200,153800,买盘
1805,14:17:24,7.68,-0.01,127,97536,卖盘
1806,14:17:30,7.67,-0.01,176,135100,卖盘
1807,14:17:33,7.67,0.0,5,3835,买盘
1808,14:17:36,7.67,0.0,183,140361,买盘
1809,14:17:39,7.68,0.01,104,79770,买盘
1810,14:17:45,7.69,0.01,160,123040,买盘
1811,14:17:48,7.69,0.0,50,38450,卖盘
1812,14:18:04,7.71,0.02,1,771,买盘
1813,14:18:06,7.71,0.0,39,30069,买盘
1814,14:18:09,7.71,0.0,21,16201,卖盘
1815,14:18:19,7.71,0.0,202,155742,卖盘
1816,14:18:22,7.71,0.0,50,38550,买盘
1817,14:18:25,7.71,0.0,21,16191,买盘
1818,14:18:27,7.71,0.0,45,34695,买盘
1819,14:18:30,7.71,0.0,37,28527,买盘
1820,14:18:54,7.72,0.01,49,37828,买盘
1821,14:19:04,7.73,0.01,50,38650,买盘
1822,14:19:12,7.73,0.0,50,38650,买盘
1823,14:19:15,7.73,0.0,4,3092,买盘
1824,14:19:21,7.72,-0.01,94,72594,卖盘
1825,14:19:30,7.72,0.0,7,5404,买盘
1826,14:19:33,7.72,0.0,1,772,买盘
1827,14:19:36,7.72,0.0,3,2316,买盘
1828,14:19:39,7.72,0.0,11,9086,买盘
1829,14:19:54,7.73,0.01,4,3092,买盘
1830,14:19:57,7.73,0.0,5,3865,买盘
1831,14:20:06,7.73,0.0,226,174537,买盘
1832,14:20:15,7.74,0.01,12,9288,买盘
1833,14:20:45,7.73,-0.01,171,132273,卖盘
1834,14:20:54,7.73,0.0,204,157884,卖盘
1835,14:21:00,7.73,0.0,10,7730,卖盘
1836,14:21:06,7.73,0.0,8,6184,买盘
1837,14:21:15,7.73,0.0,3,2319,买盘
1838,14:21:24,7.73,0.0,1,773,买盘
1839,14:21:27,7.72,-0.01,49,37234,卖盘
1840,14:21:30,7.72,0.0,14,10808,买盘
1841,14:21:33,7.72,0.0,5,3860,买盘
1842,14:21:39,7.72,0.0,9,6948,买盘
1843,14:21:45,7.72,0.0,10,7720,买盘
1844,14:21:48,7.72,0.0,1,772,买盘
1845,14:21:51,7.72,0.0,11,8492,买盘
1846,14:21:54,7.72,0.0,20,15440,买盘
1847,14:21:57,7.72,0.0,1,772,买盘
1848,14:22:00,7.72,0.0,8,6173,买盘
1849,14:22:04,7.72,0.0,5,3860,买盘
1850,14:22:06,7.72,0.0,3,2316,买盘
1851,14:22:09,7.72,0.0,10,7720,买盘
1852,14:22:12,7.72,0.0,5,3860,买盘
1853,14:22:15,7.72,0.0,50,38600,买盘
1854,14:22:24,7.72,0.0,27,20844,买盘
1855,14:22:27,7.72,0.0,2,2138,买盘
1856,14:22:33,7.73,0.01,5,3865,买盘
1857,14:22:36,7.72,-0.01,74,57128,卖盘
1858,14:22:48,7.72,0.0,1,772,卖盘
1859,14:22:57,7.73,0.01,1,773,买盘
1860,14:23:09,7.72,-0.01,7,5404,卖盘
1861,14:23:18,7.73,0.01,15,11595,买盘
1862,14:23:30,7.73,0.0,30,23190,买盘
1863,14:23:33,7.73,0.0,110,84925,买盘
1864,14:23:36,7.73,0.0,20,15460,买盘
1865,14:23:42,7.73,0.0,32,24736,买盘
1866,14:23:45,7.72,-0.01,60,46330,卖盘
1867,14:23:49,7.73,0.01,13,10049,买盘
1868,14:23:51,7.73,0.0,49,37877,买盘
1869,14:23:54,7.73,0.0,41,31677,买盘
1870,14:23:57,7.73,0.0,9,6957,买盘
1871,14:24:03,7.73,0.0,1,773,卖盘
1872,14:24:06,7.73,0.0,7,5411,买盘
1873,14:24:09,7.73,0.0,6,4638,买盘
1874,14:24:12,7.73,0.0,5,3865,买盘
1875,14:24:21,7.73,0.0,20,15460,买盘
1876,14:24:24,7.73,0.0,19,14687,买盘
1877,14:24:27,7.73,0.0,2,1546,买盘
1878,14:24:31,7.73,0.0,50,38650,买盘
1879,14:24:36,7.73,0.0,4,3092,卖盘
1880,14:24:51,7.74,0.01,10,7740,买盘
1881,14:24:54,7.74,0.0,20,15480,买盘
1882,14:25:00,7.74,0.0,10,7740,买盘
1883,14:25:04,7.74,0.0,23,17802,买盘
1884,14:25:09,7.74,0.0,10,7740,买盘
1885,14:25:12,7.74,0.0,29,22446,买盘
1886,14:25:15,7.74,0.0,1,774,买盘
1887,14:25:18,7.74,0.0,3,2322,卖盘
1888,14:25:21,7.74,0.0,80,61920,买盘
1889,14:25:24,7.74,0.0,9,6966,买盘
1890,14:25:27,7.74,0.0,11,8514,买盘
1891,14:25:30,7.74,0.0,18,13932,买盘
1892,14:25:36,7.75,0.01,31,24025,买盘
1893,14:25:48,7.75,0.0,70,54250,买盘
1894,14:25:57,7.74,-0.01,136,105271,卖盘
1895,14:26:00,7.74,0.0,59,45666,买盘
1896,14:26:04,7.74,0.0,15,11610,买盘
1897,14:26:10,7.74,0.0,53,41022,买盘
1898,14:26:18,7.74,0.0,48,37152,卖盘
1899,14:26:21,7.75,0.01,11,8525,买盘
1900,14:26:27,7.75,0.0,30,23250,买盘
1901,14:26:30,7.75,0.0,52,40013,买盘
1902,14:26:33,7.75,0.0,2,1550,卖盘
1903,14:26:39,7.75,0.0,23,17838,卖盘
1904,14:26:45,7.76,0.01,45,34920,买盘
1905,14:26:48,7.76,0.0,50,38800,买盘
1906,14:26:51,7.76,0.0,59,45784,买盘
1907,14:26:54,7.76,0.0,16,12416,买盘
1908,14:27:04,7.77,0.01,115,89249,买盘
1909,14:27:09,7.77,0.0,13,10101,买盘
1910,14:27:12,7.77,0.0,1,777,买盘
1911,14:27:15,7.77,0.0,63,48951,买盘
1912,14:27:33,7.78,0.01,17,13226,买盘
1913,14:27:36,7.77,-0.01,50,38850,卖盘
1914,14:27:39,7.77,0.0,43,33419,卖盘
1915,14:27:42,7.78,0.01,50,38880,买盘
1916,14:27:45,7.77,-0.01,268,208300,卖盘
1917,14:27:48,7.78,0.01,99,77017,买盘
1918,14:27:54,7.78,0.0,10,7780,卖盘
1919,14:27:57,7.79,0.01,1,779,买盘
1920,14:28:00,7.78,-0.01,50,38900,卖盘
1921,14:28:03,7.79,0.01,88,68533,买盘
1922,14:28:06,7.78,-0.01,6,4668,中性盘
1923,14:28:09,7.78,0.0,30,23340,买盘
1924,14:28:12,7.78,0.0,27,21006,买盘
1925,14:28:18,7.77,-0.01,112,87076,卖盘
1926,14:28:21,7.78,0.01,59,45902,买盘
1927,14:28:24,7.77,-0.01,123,95594,卖盘
1928,14:28:27,7.77,0.0,52,40404,卖盘
1929,14:28:30,7.77,0.0,16,12432,买盘
1930,14:28:33,7.77,0.0,6,4662,买盘
1931,14:28:36,7.77,0.0,20,15540,买盘
1932,14:28:39,7.77,0.0,100,77700,买盘
1933,14:28:54,7.77,0.0,7,5439,买盘
1934,14:29:00,7.77,0.0,14,10878,买盘
1935,14:29:06,7.77,0.0,10,7770,买盘
1936,14:29:09,7.77,0.0,5,3885,买盘
1937,14:29:12,7.77,0.0,82,63714,买盘
1938,14:29:31,7.77,0.0,73,56726,卖盘
1939,14:29:36,7.77,0.0,12,9324,卖盘
1940,14:29:45,7.77,0.0,10,7765,买盘
1941,14:29:51,7.76,-0.01,193,149768,卖盘
1942,14:29:57,7.77,0.01,20,15540,买盘
1943,14:30:03,7.76,-0.01,210,163001,卖盘
1944,14:30:09,7.76,0.0,5,3880,卖盘
1945,14:30:12,7.76,0.0,163,126488,卖盘
1946,14:30:21,7.76,0.0,2,1552,买盘
1947,14:30:25,7.76,0.0,6,4656,买盘
1948,14:30:27,7.75,-0.01,3,2325,卖盘
1949,14:30:39,7.75,0.0,180,139500,卖盘
1950,14:30:54,7.75,0.0,269,208475,卖盘
1951,14:31:00,7.75,0.0,192,148800,卖盘
1952,14:31:15,7.75,0.0,29,22475,买盘
1953,14:31:36,7.74,-0.01,82,63468,卖盘
1954,14:31:39,7.75,0.01,10,7750,买盘
1955,14:31:46,7.75,0.0,18,13950,买盘
1956,14:31:51,7.75,0.0,56,43400,卖盘
1957,14:31:54,7.75,0.0,2,1550,买盘
1958,14:32:06,7.74,-0.01,27,20898,卖盘
1959,14:32:09,7.75,0.01,5,3875,买盘
1960,14:32:15,7.74,-0.01,68,52689,卖盘
1961,14:32:21,7.74,0.0,15,11610,卖盘
1962,14:32:27,7.75,0.01,7,5425,买盘
1963,14:32:45,7.75,0.0,10,7750,卖盘
1964,14:32:54,7.76,0.01,3,2328,买盘
1965,14:33:00,7.76,0.0,30,23280,买盘
1966,14:33:06,7.76,0.0,44,34144,买盘
1967,14:33:09,7.76,0.0,2,1552,买盘
1968,14:33:12,7.75,-0.01,5,3875,卖盘
1969,14:33:18,7.75,0.0,34,26350,卖盘
1970,14:33:21,7.76,0.01,20,15520,买盘
1971,14:33:24,7.76,0.0,7,5432,买盘
1972,14:33:39,7.77,0.01,2,1554,买盘
1973,14:33:42,7.76,-0.01,65,50440,卖盘
1974,14:33:45,7.76,0.0,4,3104,卖盘
1975,14:33:54,7.77,0.01,11,8547,买盘
1976,14:33:57,7.76,-0.01,30,23280,卖盘
1977,14:34:00,7.77,0.01,3,2331,买盘
1978,14:34:12,7.77,0.0,7,5439,买盘
1979,14:34:21,7.77,0.0,2,1554,买盘
1980,14:34:39,7.77,0.0,83,64461,买盘
1981,14:34:48,7.77,0.0,14,10878,买盘
1982,14:34:55,7.77,0.0,79,61383,买盘
1983,14:35:01,7.77,0.0,10,7770,买盘
1984,14:35:04,7.77,0.0,22,17094,买盘
1985,14:35:09,7.76,-0.01,33,25637,卖盘
1986,14:35:16,7.78,0.02,11,8558,买盘
1987,14:35:33,7.77,-0.01,1,777,卖盘
1988,14:35:37,7.77,0.0,25,19444,卖盘
1989,14:35:39,7.78,0.01,53,41209,买盘
1990,14:35:42,7.78,0.0,16,12448,买盘
1991,14:35:45,7.77,-0.01,13,10101,卖盘
1992,14:35:49,7.77,0.0,2,1554,买盘
1993,14:36:00,7.78,0.01,19,14772,买盘
1994,14:36:04,7.77,-0.01,3,2331,卖盘
1995,14:36:15,7.77,0.0,39,30303,卖盘
1996,14:36:18,7.77,0.0,39,30303,卖盘
1997,14:36:22,7.77,0.0,3,2331,买盘
1998,14:36:27,7.78,0.01,80,62240,买盘
1999,14:36:33,7.77,-0.01,22,17094,卖盘
2000,14:36:37,7.77,0.0,25,19425,卖盘
2001,14:36:39,7.77,0.0,15,11655,买盘
2002,14:36:48,7.77,0.0,100,77700,卖盘
2003,14:36:51,7.78,0.01,45,35010,买盘
2004,14:36:54,7.77,-0.01,17,13209,卖盘
2005,14:37:00,7.77,0.0,21,16317,买盘
2006,14:37:06,7.77,0.0,11,8547,买盘
2007,14:37:24,7.77,0.0,175,135975,卖盘
2008,14:37:27,7.78,0.01,6,4668,买盘
2009,14:37:33,7.78,0.0,5,3890,买盘
2010,14:37:48,7.77,-0.01,100,77700,卖盘
2011,14:37:54,7.78,0.01,1,778,买盘
2012,14:37:57,7.78,0.0,10,7780,买盘
2013,14:38:00,7.78,0.0,61,47417,买盘
2014,14:38:03,7.77,-0.01,40,31080,卖盘
2015,14:38:09,7.78,0.01,21,16327,买盘
2016,14:38:12,7.77,-0.01,75,58275,卖盘
2017,14:38:22,7.76,-0.01,47,36484,卖盘
2018,14:38:27,7.76,0.0,69,53554,卖盘
2019,14:38:33,7.76,0.0,21,16296,卖盘
2020,14:38:39,7.77,0.01,3,2331,买盘
2021,14:38:45,7.76,-0.01,152,117952,卖盘
2022,14:38:49,7.76,0.0,1,776,卖盘
2023,14:38:51,7.76,0.0,50,38800,卖盘
2024,14:38:54,7.76,0.0,7,5432,卖盘
2025,14:39:00,7.75,-0.01,17,13175,卖盘
2026,14:39:03,7.75,0.0,20,15500,卖盘
2027,14:39:06,7.76,0.01,77,59695,买盘
2028,14:39:12,7.75,-0.01,8,6200,卖盘
2029,14:39:21,7.75,0.0,40,31000,卖盘
2030,14:39:30,7.75,0.0,51,39525,卖盘
2031,14:39:33,7.76,0.01,108,83739,买盘
2032,14:39:43,7.75,-0.01,311,241025,卖盘
2033,14:39:45,7.75,0.0,256,198400,卖盘
2034,14:39:49,7.75,0.0,111,86025,卖盘
2035,14:39:58,7.74,-0.01,172,133128,卖盘
2036,14:40:13,7.73,-0.01,18,13916,卖盘
2037,14:40:19,7.72,-0.01,114,88061,卖盘
2038,14:40:21,7.73,0.01,30,23190,买盘
2039,14:40:27,7.73,0.0,20,15460,卖盘
2040,14:40:31,7.73,0.0,11,8503,卖盘
2041,14:40:34,7.73,0.0,20,15460,卖盘
2042,14:40:37,7.73,0.0,140,108220,卖盘
2043,14:40:39,7.73,0.0,4,3092,卖盘
2044,14:40:43,7.73,0.0,12,9276,卖盘
2045,14:40:45,7.73,0.0,3,2319,卖盘
2046,14:40:48,7.73,0.0,25,19325,卖盘
2047,14:40:51,7.73,0.0,10,7730,买盘
2048,14:40:54,7.73,0.0,63,48699,买盘
2049,14:40:57,7.73,0.0,3,2319,卖盘
2050,14:41:01,7.72,-0.01,71,54821,卖盘
2051,14:41:04,7.73,0.01,1,773,卖盘
2052,14:41:06,7.72,-0.01,47,36319,卖盘
2053,14:41:13,7.73,0.01,43,33239,买盘
2054,14:41:19,7.73,0.0,44,34012,卖盘
2055,14:41:22,7.73,0.0,30,23190,卖盘
2056,14:41:30,7.73,0.0,33,25509,卖盘
2057,14:41:37,7.73,0.0,8,6184,卖盘
2058,14:41:40,7.73,0.0,10,7735,卖盘
2059,14:41:43,7.74,0.01,50,38670,买盘
2060,14:41:45,7.74,0.0,8,6192,买盘
2061,14:41:48,7.74,0.0,98,75766,买盘
2062,14:41:51,7.73,-0.01,30,23190,卖盘
2063,14:41:54,7.73,0.0,142,109766,卖盘
2064,14:42:04,7.69,-0.04,1677,1292361,卖盘
2065,14:42:09,7.69,0.0,4,3076,买盘
2066,14:42:15,7.68,-0.01,174,133669,卖盘
2067,14:42:18,7.68,0.0,5,3840,卖盘
2068,14:42:21,7.67,-0.01,130,99746,卖盘
2069,14:42:27,7.68,0.01,1,768,买盘
2070,14:42:31,7.68,0.0,35,26880,买盘
2071,14:42:33,7.67,-0.01,141,108150,卖盘
2072,14:42:36,7.67,0.0,13,9971,卖盘
2073,14:42:40,7.68,0.01,60,46044,买盘
2074,14:42:42,7.68,0.0,1,768,买盘
2075,14:42:45,7.67,-0.01,175,134331,卖盘
2076,14:42:48,7.67,0.0,20,15340,卖盘
2077,14:42:51,7.67,0.0,200,153403,卖盘
2078,14:42:55,7.68,0.01,20,15360,卖盘
2079,14:42:57,7.68,0.0,53,40722,卖盘
2080,14:43:01,7.68,0.0,380,292052,卖盘
2081,14:43:04,7.68,0.0,40,30720,卖盘
2082,14:43:06,7.68,0.0,28,21504,买盘
2083,14:43:09,7.68,0.0,10,7680,买盘
2084,14:43:13,7.68,0.0,4,3072,买盘
2085,14:43:16,7.68,0.0,43,33024,买盘
2086,14:43:18,7.68,0.0,26,19968,买盘
2087,14:43:25,7.68,0.0,85,65275,买盘
2088,14:43:27,7.67,-0.01,23,17663,卖盘
2089,14:43:31,7.68,0.01,192,147456,买盘
2090,14:43:34,7.68,0.0,75,57560,买盘
2091,14:43:37,7.68,0.0,53,40704,买盘
2092,14:43:39,7.67,-0.01,70,53753,卖盘
2093,14:43:42,7.68,0.01,5,3840,买盘
2094,14:43:45,7.68,0.0,32,24576,买盘
2095,14:43:48,7.68,0.0,1,768,买盘
2096,14:43:52,7.68,0.0,14,10752,买盘
2097,14:43:58,7.68,0.0,20,15360,卖盘
2098,14:44:01,7.67,-0.01,309,237276,卖盘
2099,14:44:06,7.69,0.02,62,47678,买盘
2100,14:44:09,7.68,-0.01,34,26114,卖盘
2101,14:44:12,7.68,0.0,20,15360,卖盘
2102,14:44:16,7.69,0.01,70,53830,买盘
2103,14:44:21,7.69,0.0,284,218379,买盘
2104,14:44:24,7.69,0.0,30,23068,买盘
2105,14:44:27,7.69,0.0,40,30760,买盘
2106,14:44:30,7.69,0.0,24,18456,买盘
2107,14:44:33,7.7,0.01,22,16932,买盘
2108,14:44:43,7.69,-0.01,7,5383,卖盘
2109,14:44:45,7.7,0.01,5,3850,买盘
2110,14:44:48,7.7,0.0,3,2310,买盘
2111,14:44:51,7.7,0.0,63,48510,卖盘
2112,14:45:10,7.7,0.0,20,15400,卖盘
2113,14:45:16,7.7,0.0,121,93171,卖盘
2114,14:45:18,7.71,0.01,26,20046,买盘
2115,14:45:31,7.71,0.0,1,771,卖盘
2116,14:45:36,7.72,0.01,30,23160,买盘
2117,14:45:40,7.71,-0.01,46,35466,卖盘
2118,14:45:43,7.72,0.01,9,6948,买盘
2119,14:45:52,7.73,0.01,10,7730,买盘
2120,14:46:09,7.74,0.01,31,23984,买盘
2121,14:46:12,7.74,0.0,8,6192,买盘
2122,14:46:15,7.73,-0.01,72,55666,卖盘
2123,14:46:18,7.73,0.0,13,10049,买盘
2124,14:46:21,7.73,0.0,20,15460,买盘
2125,14:46:27,7.73,0.0,15,11595,买盘
2126,14:46:34,7.73,0.0,4,3092,买盘
2127,14:46:42,7.72,-0.01,10,7720,卖盘
2128,14:46:48,7.72,0.0,38,29345,卖盘
2129,14:46:51,7.73,0.01,5,3865,买盘
2130,14:46:54,7.73,0.0,93,71791,买盘
2131,14:46:57,7.72,-0.01,5,3860,卖盘
2132,14:47:04,7.72,0.0,109,84148,卖盘
2133,14:47:09,7.72,0.0,14,10808,买盘
2134,14:47:15,7.71,-0.01,277,213567,卖盘
2135,14:47:22,7.71,0.0,31,23901,买盘
2136,14:47:24,7.71,0.0,12,9252,买盘
2137,14:47:28,7.7,-0.01,522,401940,卖盘
2138,14:47:30,7.7,0.0,106,81620,买盘
2139,14:47:37,7.69,-0.01,262,201478,卖盘
2140,14:47:40,7.68,-0.01,116,89088,卖盘
2141,14:47:43,7.68,0.0,34,26121,卖盘
2142,14:47:46,7.68,0.0,116,89104,卖盘
2143,14:47:49,7.67,-0.01,66,50638,卖盘
2144,14:47:52,7.68,0.01,22,16896,买盘
2145,14:47:54,7.68,0.0,23,17651,买盘
2146,14:47:57,7.66,-0.02,759,581744,卖盘
2147,14:48:00,7.65,-0.01,127,97182,卖盘
2148,14:48:04,7.65,0.0,36,27558,卖盘
2149,14:48:13,7.65,0.0,38,29097,卖盘
2150,14:48:19,7.66,0.01,5,3830,卖盘
2151,14:48:22,7.66,0.0,17,13024,卖盘
2152,14:48:25,7.66,0.0,131,100346,卖盘
2153,14:48:28,7.66,0.0,168,128800,卖盘
2154,14:48:30,7.66,0.0,57,43662,卖盘
2155,14:48:33,7.66,0.0,245,187670,买盘
2156,14:48:36,7.66,0.0,3,2298,买盘
2157,14:48:39,7.66,0.0,35,26810,买盘
2158,14:48:42,7.66,0.0,84,64344,买盘
2159,14:48:46,7.66,0.0,94,71996,买盘
2160,14:48:49,7.66,0.0,19,14542,买盘
2161,14:48:52,7.65,-0.01,654,500484,卖盘
2162,14:48:55,7.66,0.01,8,6128,中性盘
2163,14:48:57,7.66,0.0,58,44428,卖盘
2164,14:49:00,7.67,0.01,50,38350,买盘
2165,14:49:04,7.67,0.0,24,18408,买盘
2166,14:49:07,7.67,0.0,26,19942,卖盘
2167,14:49:10,7.67,0.0,55,42185,买盘
2168,14:49:13,7.66,-0.01,11,8427,卖盘
2169,14:49:21,7.67,0.01,62,47554,买盘
2170,14:49:30,7.66,-0.01,300,229800,卖盘
2171,14:49:33,7.67,0.01,125,95760,买盘
2172,14:49:40,7.66,-0.01,669,512454,卖盘
2173,14:49:45,7.67,0.01,142,108773,买盘
2174,14:49:48,7.66,-0.01,13,9958,卖盘
2175,14:49:51,7.66,0.0,40,30640,卖盘
2176,14:49:55,7.66,0.0,2,1532,卖盘
2177,14:49:57,7.67,0.01,14,10738,买盘
2178,14:50:06,7.66,-0.01,62,47492,卖盘
2179,14:50:10,7.67,0.01,19,14573,买盘
2180,14:50:13,7.67,0.0,400,306357,买盘
2181,14:50:18,7.66,-0.01,5,3830,买盘
2182,14:50:21,7.66,0.0,108,82728,买盘
2183,14:50:24,7.67,0.01,68,52124,买盘
2184,14:50:31,7.66,-0.01,8,6128,卖盘
2185,14:50:33,7.66,0.0,5,3830,卖盘
2186,14:50:39,7.66,0.0,246,188442,卖盘
2187,14:50:43,7.67,0.01,9,6899,买盘
2188,14:50:48,7.67,0.0,163,125021,买盘
2189,14:50:54,7.67,0.0,40,30670,买盘
2190,14:50:57,7.67,0.0,24,18404,买盘
2191,14:51:00,7.67,0.0,8,6136,买盘
2192,14:51:07,7.67,0.0,128,98176,买盘
2193,14:51:10,7.67,0.0,30,23010,卖盘
2194,14:51:15,7.67,0.0,20,15340,卖盘
2195,14:51:18,7.67,0.0,6,4602,卖盘
2196,14:51:25,7.68,0.01,5,3840,买盘
2197,14:51:28,7.68,0.0,70,53750,买盘
2198,14:51:31,7.67,-0.01,177,135759,卖盘
2199,14:51:36,7.68,0.01,10,7680,买盘
2200,14:51:42,7.67,-0.01,50,38350,卖盘
2201,14:51:45,7.68,0.01,13,9984,买盘
2202,14:51:49,7.68,0.0,1,768,买盘
2203,14:51:54,7.68,0.0,10,7675,买盘
2204,14:51:57,7.67,-0.01,4,3068,卖盘
2205,14:52:00,7.68,0.01,31,23808,买盘
2206,14:52:04,7.67,-0.01,15,11506,卖盘
2207,14:52:06,7.68,0.01,21,16118,买盘
2208,14:52:10,7.68,0.0,51,39128,买盘
2209,14:52:12,7.68,0.0,9,6912,买盘
2210,14:52:19,7.68,0.0,12,9216,买盘
2211,14:52:22,7.67,-0.01,30,23030,卖盘
2212,14:52:25,7.68,0.01,1,768,买盘
2213,14:52:28,7.68,0.0,20,15360,买盘
2214,14:52:31,7.67,-0.01,60,46050,卖盘
2215,14:52:37,7.67,0.0,26,19963,卖盘
2216,14:52:40,7.68,0.01,22,16896,买盘
2217,14:52:42,7.67,-0.01,26,19942,卖盘
2218,14:52:45,7.68,0.01,3,2304,买盘
2219,14:52:49,7.67,-0.01,20,15340,卖盘
2220,14:52:52,7.67,0.0,111,85091,卖盘
2221,14:52:55,7.68,0.01,11,8448,买盘
2222,14:53:00,7.68,0.0,63,48384,买盘
2223,14:53:04,7.68,0.0,22,16896,买盘
2224,14:53:06,7.68,0.0,83,63724,买盘
2225,14:53:09,7.68,0.0,32,24576,买盘
2226,14:53:13,7.68,0.0,102,78382,买盘
2227,14:53:15,7.67,-0.01,499,382778,卖盘
2228,14:53:18,7.67,0.0,23,17641,买盘
2229,14:53:21,7.67,0.0,38,29147,卖盘
2230,14:53:27,7.67,0.0,16,12272,卖盘
2231,14:53:34,7.68,0.01,23,17661,买盘
2232,14:53:40,7.67,-0.01,35,26845,卖盘
2233,14:53:45,7.68,0.01,1,768,买盘
2234,14:53:49,7.68,0.0,35,26880,买盘
2235,14:53:55,7.68,0.0,58,44544,买盘
2236,14:54:04,7.68,0.0,62,47616,卖盘
2237,14:54:06,7.68,0.0,5,3840,买盘
2238,14:54:10,7.68,0.0,19,14592,卖盘
2239,14:54:13,7.68,0.0,2,1536,买盘
2240,14:54:21,7.68,0.0,2,1536,买盘
2241,14:54:25,7.66,-0.02,195,149561,卖盘
2242,14:54:27,7.67,0.01,23,17641,买盘
2243,14:54:30,7.67,0.0,14,10738,买盘
2244,14:54:33,7.67,0.0,38,29146,买盘
2245,14:54:37,7.67,0.0,1,767,卖盘
2246,14:54:43,7.68,0.01,55,42190,买盘
2247,14:54:46,7.67,-0.01,663,508019,卖盘
2248,14:54:48,7.67,0.0,46,35282,买盘
2249,14:54:52,7.67,0.0,29,22243,买盘
2250,14:54:54,7.67,0.0,142,108914,买盘
2251,14:54:58,7.67,0.0,5,3835,卖盘
2252,14:55:04,7.67,0.0,26,19942,卖盘
2253,14:55:07,7.67,0.0,39,29913,卖盘
2254,14:55:09,7.67,0.0,80,61360,卖盘
2255,14:55:12,7.67,0.0,31,23777,卖盘
2256,14:55:16,7.67,0.0,75,57525,卖盘
2257,14:55:22,7.67,0.0,23,17641,卖盘
2258,14:55:25,7.67,0.0,113,86671,卖盘
2259,14:55:28,7.67,0.0,256,196352,卖盘
2260,14:55:30,7.67,0.0,10,7670,卖盘
2261,14:55:34,7.67,0.0,90,69030,卖盘
2262,14:55:40,7.67,0.0,2,1534,买盘
2263,14:55:43,7.66,-0.01,3,2299,卖盘
2264,14:55:46,7.67,0.01,9,6903,买盘
2265,14:55:49,7.66,-0.01,2,1532,卖盘
2266,14:56:01,7.67,0.01,102,78234,买盘
2267,14:56:04,7.66,-0.01,56,42896,卖盘
2268,14:56:06,7.66,0.0,231,176986,卖盘
2269,14:56:09,7.67,0.01,145,111080,买盘
2270,14:56:12,7.67,0.0,31,23777,买盘
2271,14:56:15,7.67,0.0,78,59826,买盘
2272,14:56:18,7.66,-0.01,108,82728,卖盘
2273,14:56:21,7.67,0.01,91,69722,买盘
2274,14:56:24,7.67,0.0,4,3067,买盘
2275,14:56:28,7.67,0.0,84,64393,买盘
2276,14:56:30,7.66,-0.01,118,90388,卖盘
2277,14:56:34,7.67,0.01,151,115766,买盘
2278,14:56:37,7.67,0.0,100,76700,买盘
2279,14:56:39,7.66,-0.01,3,2298,卖盘
2280,14:56:42,7.67,0.01,10,7670,买盘
2281,14:56:45,7.66,-0.01,40,30650,卖盘
2282,14:56:49,7.66,0.0,18,13796,卖盘
2283,14:56:51,7.67,0.01,50,38350,买盘
2284,14:56:54,7.68,0.01,263,201872,买盘
2285,14:56:58,7.66,-0.02,264,202224,卖盘
2286,14:57:00,7.66,0.0,20,15320,买盘
2287,15:00:04,7.66,0.0,1953,1495998,卖盘
