,time,price,change,volume,amount,type
0,09:25:05,3.99,-0.01,7593,3029607,买盘
1,09:30:04,3.97,-0.02,1323,528603,卖盘
2,09:30:07,3.95,-0.02,3806,1512319,卖盘
3,09:30:10,3.94,-0.01,170,66937,卖盘
4,09:30:13,3.98,0.04,2881,1144913,买盘
5,09:30:16,3.96,-0.02,685,272404,中性盘
6,09:30:19,3.95,-0.01,88,34789,卖盘
7,09:30:22,3.95,0.0,477,188851,卖盘
8,09:30:24,3.94,-0.01,314,124010,卖盘
9,09:30:28,3.95,0.01,163,64298,买盘
10,09:30:31,3.95,0.0,68,26823,买盘
11,09:30:34,3.95,0.0,252,99185,买盘
12,09:30:36,3.94,-0.01,54,21320,卖盘
13,09:30:40,3.94,0.0,87,34288,卖盘
14,09:30:43,3.94,0.0,688,271726,卖盘
15,09:30:46,3.94,0.0,102,40188,卖盘
16,09:30:49,3.94,0.0,107,42165,卖盘
17,09:30:51,3.95,0.01,18,7110,买盘
18,09:30:55,3.94,-0.01,343,135341,卖盘
19,09:30:58,3.94,0.0,94,37071,卖盘
20,09:31:01,3.95,0.01,250,98621,买盘
21,09:31:04,3.95,0.0,323,127443,卖盘
22,09:31:06,3.95,0.0,4,1580,卖盘
23,09:31:10,3.98,0.03,538,213783,买盘
24,09:31:13,3.96,-0.02,456,180576,卖盘
25,09:31:16,3.96,0.0,18,7128,卖盘
26,09:31:19,3.96,0.0,17,6748,卖盘
27,09:31:25,3.96,0.0,295,116720,卖盘
28,09:31:28,3.97,0.01,131,51899,买盘
29,09:31:31,3.96,-0.01,183,72468,中性盘
30,09:31:34,3.97,0.01,32,12704,买盘
31,09:31:37,3.97,0.0,228,90382,买盘
32,09:31:40,3.96,-0.01,58,22976,卖盘
33,09:31:43,3.96,0.0,102,40476,卖盘
34,09:31:46,3.95,-0.01,14,5542,卖盘
35,09:31:49,3.96,0.01,391,154836,买盘
36,09:31:52,3.97,0.01,393,155635,买盘
37,09:31:55,3.96,-0.01,23,9108,卖盘
38,09:31:57,3.96,0.0,93,36848,卖盘
39,09:32:01,3.96,0.0,65,25740,卖盘
40,09:32:04,3.96,0.0,42,16670,卖盘
41,09:32:07,3.96,0.0,19,7524,卖盘
42,09:32:10,3.96,0.0,294,116717,卖盘
43,09:32:13,3.96,0.0,233,92268,卖盘
44,09:32:16,3.96,0.0,811,321855,卖盘
45,09:32:19,3.96,0.0,210,83160,买盘
46,09:32:22,3.95,-0.01,757,299100,卖盘
47,09:32:24,3.95,0.0,313,123635,买盘
48,09:32:28,3.95,0.0,177,69915,买盘
49,09:32:31,3.94,-0.01,202,79706,卖盘
50,09:32:34,3.95,0.01,82,32367,买盘
51,09:32:37,3.94,-0.01,268,105791,卖盘
52,09:32:39,3.94,0.0,761,300190,卖盘
53,09:32:43,3.94,0.0,171,67459,卖盘
54,09:32:45,3.95,0.01,325,128275,买盘
55,09:32:49,3.95,0.0,190,74899,买盘
56,09:32:52,3.94,-0.01,142,55968,卖盘
57,09:32:55,3.94,0.0,49,19326,卖盘
58,09:32:58,3.95,0.01,19,7505,买盘
59,09:33:01,3.95,0.0,43,16960,买盘
60,09:33:04,3.93,-0.02,422,166293,卖盘
61,09:33:07,3.95,0.02,167,65834,买盘
62,09:33:10,3.95,0.0,493,194752,买盘
63,09:33:12,3.94,-0.01,531,209448,卖盘
64,09:33:15,3.96,0.02,136,53669,买盘
65,09:33:19,3.96,0.0,93,36825,买盘
66,09:33:22,3.95,-0.01,343,135511,卖盘
67,09:33:25,3.94,-0.01,129,50938,卖盘
68,09:33:28,3.95,0.01,520,205400,买盘
69,09:33:31,3.95,0.0,1018,401219,买盘
70,09:33:34,3.94,-0.01,886,349547,卖盘
71,09:33:37,3.95,0.01,107,42272,买盘
72,09:33:40,3.95,0.0,16,6305,买盘
73,09:33:42,3.96,0.01,29,11463,买盘
74,09:33:46,3.94,-0.02,337,132792,卖盘
75,09:33:49,3.94,0.0,36,14184,买盘
76,09:33:52,3.94,0.0,45,17730,买盘
77,09:33:55,3.94,0.0,588,231880,买盘
78,09:33:57,3.94,0.0,206,81251,卖盘
79,09:34:01,3.94,0.0,336,132320,卖盘
80,09:34:04,3.96,0.02,72,28431,买盘
81,09:34:07,3.95,-0.01,77,30414,中性盘
82,09:34:10,3.96,0.01,168,66415,买盘
83,09:34:13,3.95,-0.01,257,101475,卖盘
84,09:34:15,3.94,-0.01,103,40734,卖盘
85,09:34:18,3.96,0.02,95,37620,买盘
86,09:34:25,3.96,0.0,146,57828,卖盘
87,09:34:28,3.96,0.0,318,125637,买盘
88,09:34:31,3.95,-0.01,6,2370,卖盘
89,09:34:34,3.96,0.01,151,59789,买盘
90,09:34:36,3.96,0.0,30,11880,买盘
91,09:34:39,3.96,0.0,96,37983,买盘
92,09:34:43,3.95,-0.01,315,124448,卖盘
93,09:34:46,3.95,0.0,38,15010,买盘
94,09:34:49,3.95,0.0,168,66360,买盘
95,09:34:52,3.94,-0.01,142,56070,卖盘
96,09:34:54,3.96,0.02,277,109435,买盘
97,09:34:58,3.95,-0.01,446,176170,卖盘
98,09:35:01,3.95,0.0,71,28061,卖盘
99,09:35:04,3.95,0.0,93,36743,卖盘
100,09:35:07,3.96,0.01,15,5940,买盘
101,09:35:10,3.95,-0.01,943,372734,卖盘
102,09:35:13,3.94,-0.01,59,23246,卖盘
103,09:35:15,3.95,0.01,22,8690,买盘
104,09:35:19,3.95,0.0,67,26459,买盘
105,09:35:22,3.95,0.0,68,26856,买盘
106,09:35:25,3.94,-0.01,10,3940,卖盘
107,09:35:28,3.95,0.01,742,293051,买盘
108,09:35:31,3.95,0.0,487,192215,买盘
109,09:35:33,3.95,0.0,47,18554,买盘
110,09:35:37,3.95,0.0,138,54512,买盘
111,09:35:40,3.95,0.0,76,30031,卖盘
112,09:35:43,3.95,0.0,161,63600,卖盘
113,09:35:46,3.96,0.01,577,227405,买盘
114,09:35:48,3.94,-0.02,119,46958,卖盘
115,09:35:55,3.95,0.01,598,235713,买盘
116,09:35:58,3.95,0.0,68,26793,买盘
117,09:36:01,3.95,0.0,95,37525,买盘
118,09:36:04,3.94,-0.01,307,121159,卖盘
119,09:36:06,3.94,0.0,16,6311,卖盘
120,09:36:10,3.94,0.0,91,35858,卖盘
121,09:36:13,3.94,0.0,357,140680,卖盘
122,09:36:16,3.94,0.0,127,50067,卖盘
123,09:36:19,3.95,0.01,132,52036,买盘
124,09:36:22,3.94,-0.01,471,185688,卖盘
125,09:36:24,3.94,0.0,181,71328,卖盘
126,09:36:28,3.95,0.01,1152,453827,买盘
127,09:36:31,3.94,-0.01,62,24469,卖盘
128,09:36:34,3.95,0.01,292,115325,买盘
129,09:36:37,3.95,0.0,150,59250,卖盘
130,09:36:40,3.94,-0.01,419,165381,卖盘
131,09:36:46,3.94,0.0,157,61862,卖盘
132,09:36:49,3.95,0.01,10,3950,买盘
133,09:36:52,3.95,0.0,93,36705,买盘
134,09:36:55,3.94,-0.01,26,10247,卖盘
135,09:36:57,3.94,0.0,536,211219,卖盘
136,09:37:01,3.95,0.01,572,226041,买盘
137,09:37:04,3.95,0.0,539,212905,卖盘
138,09:37:07,3.95,0.0,363,143221,卖盘
139,09:37:09,3.95,0.0,5,1975,卖盘
140,09:37:12,3.95,0.0,11,4345,卖盘
141,09:37:16,3.95,0.0,122,48190,卖盘
142,09:37:18,3.95,0.0,21,8295,卖盘
143,09:37:22,3.94,-0.01,10,3940,卖盘
144,09:37:25,3.95,0.01,360,142002,买盘
145,09:37:31,3.95,0.0,56,22120,卖盘
146,09:37:34,3.95,0.0,34,13460,卖盘
147,09:37:37,3.95,0.0,255,100725,卖盘
148,09:37:40,3.96,0.01,135,53367,买盘
149,09:37:43,3.96,0.0,294,116411,买盘
150,09:37:45,3.96,0.0,16,6336,卖盘
151,09:37:49,3.94,-0.02,52,20545,卖盘
152,09:37:55,3.96,0.02,1,396,买盘
153,09:37:57,3.96,0.0,65,25790,买盘
154,09:38:01,3.94,-0.02,160,63149,卖盘
155,09:38:07,3.96,0.02,29,11483,买盘
156,09:38:10,3.95,-0.01,211,83512,卖盘
157,09:38:16,3.95,0.0,21,8302,卖盘
158,09:38:18,3.95,0.0,82,32446,卖盘
159,09:38:21,3.95,0.0,55,21750,卖盘
160,09:38:25,3.95,0.0,139,55039,卖盘
161,09:38:28,3.95,0.0,359,141805,卖盘
162,09:38:31,3.95,0.0,244,96321,买盘
163,09:38:34,3.95,0.0,128,50546,买盘
164,09:38:37,3.94,-0.01,343,135185,卖盘
165,09:38:40,3.95,0.01,48,18960,买盘
166,09:38:43,3.94,-0.01,91,35907,卖盘
167,09:38:46,3.95,0.01,107,42265,买盘
168,09:38:49,3.96,0.01,114,45048,买盘
169,09:38:52,3.96,0.0,26,10296,买盘
170,09:38:54,3.96,0.0,9,3564,买盘
171,09:38:58,3.94,-0.02,86,33981,卖盘
172,09:39:01,3.94,0.0,26,10277,卖盘
173,09:39:04,3.96,0.02,8,3168,买盘
174,09:39:07,3.95,-0.01,107,42265,买盘
175,09:39:10,3.96,0.01,177,69943,买盘
176,09:39:13,3.96,0.0,40,15840,买盘
177,09:39:16,3.95,-0.01,101,39819,中性盘
178,09:39:19,3.96,0.01,18,7128,买盘
179,09:39:21,3.96,0.0,15,5940,买盘
180,09:39:25,3.96,0.0,19,7524,买盘
181,09:39:28,3.96,0.0,38,15048,买盘
182,09:39:31,3.95,-0.01,69,27279,卖盘
183,09:39:34,3.96,0.01,147,58112,买盘
184,09:39:37,3.96,0.0,88,34820,买盘
185,09:39:40,3.96,0.0,39,15444,买盘
186,09:39:43,3.96,0.0,549,216894,买盘
187,09:39:46,3.95,-0.01,50,19778,卖盘
188,09:39:49,3.95,0.0,18,7124,卖盘
189,09:39:52,3.95,0.0,399,157624,卖盘
190,09:39:55,3.95,0.0,314,124030,买盘
191,09:39:58,3.95,0.0,98,38710,买盘
192,09:40:01,3.96,0.01,60,23720,买盘
193,09:40:04,3.95,-0.01,161,63495,卖盘
194,09:40:07,3.95,0.0,199,78605,买盘
195,09:40:10,3.95,0.0,105,41482,买盘
196,09:40:13,3.96,0.01,133,52668,买盘
197,09:40:16,3.95,-0.01,243,96002,卖盘
198,09:40:19,3.96,0.01,57,22542,买盘
199,09:40:22,3.96,0.0,44,17424,买盘
200,09:40:25,3.96,0.0,39,15414,买盘
201,09:40:28,3.96,0.0,17,6732,买盘
202,09:40:31,3.94,-0.02,57,22501,卖盘
203,09:40:34,3.96,0.02,98,38652,买盘
204,09:40:37,3.95,-0.01,23,9091,卖盘
205,09:40:40,3.96,0.01,44,17424,买盘
206,09:40:43,3.97,0.01,13,5161,买盘
207,09:40:46,3.96,-0.01,123,48708,卖盘
208,09:40:49,3.96,0.0,270,107130,卖盘
209,09:40:52,3.96,0.0,3,1188,买盘
210,09:40:55,3.96,0.0,159,62964,买盘
211,09:40:57,3.95,-0.01,125,49468,卖盘
212,09:41:01,3.96,0.01,80,31680,买盘
213,09:41:04,3.97,0.01,252,99846,买盘
214,09:41:07,3.96,-0.01,76,30139,卖盘
215,09:41:10,3.97,0.01,32,12704,买盘
216,09:41:13,3.96,-0.01,150,59365,卖盘
217,09:41:16,3.96,0.0,50,19828,卖盘
218,09:41:19,3.97,0.01,78,30914,买盘
219,09:41:22,3.97,0.0,27,10719,买盘
220,09:41:25,3.97,0.0,57,22629,买盘
221,09:41:28,3.97,0.0,178,70566,买盘
222,09:41:31,3.97,0.0,74,29378,买盘
223,09:41:33,3.97,0.0,57,22629,买盘
224,09:41:36,3.97,0.0,26,10322,买盘
225,09:41:40,3.97,0.0,236,93692,买盘
226,09:41:43,3.98,0.01,399,158405,买盘
227,09:41:46,3.98,0.0,62,24676,买盘
228,09:41:49,3.98,0.0,126,50134,买盘
229,09:41:52,3.97,-0.01,178,70814,卖盘
230,09:41:54,3.98,0.01,73,29096,买盘
231,09:41:58,3.98,0.0,20,7960,卖盘
232,09:42:04,3.99,0.01,557,222193,买盘
233,09:42:07,3.98,-0.01,20,7960,卖盘
234,09:42:12,3.99,0.01,61,24334,买盘
235,09:42:16,3.99,0.0,255,101574,买盘
236,09:42:19,3.99,0.0,29,11571,买盘
237,09:42:22,3.99,0.0,138,55062,买盘
238,09:42:25,3.99,0.0,25,9975,买盘
239,09:42:27,3.99,0.0,17,6783,买盘
240,09:42:30,3.99,0.0,148,59052,买盘
241,09:42:40,4.0,0.01,312,124518,买盘
242,09:42:43,3.99,-0.01,42,16758,卖盘
243,09:42:46,3.99,0.0,51,20399,卖盘
244,09:42:48,4.0,0.01,140,55980,买盘
245,09:42:52,4.0,0.0,162,64800,买盘
246,09:42:55,4.0,0.0,261,104300,买盘
247,09:42:58,3.99,-0.01,13,5187,卖盘
248,09:43:01,4.0,0.01,135,53979,买盘
249,09:43:04,3.98,-0.02,95,37990,卖盘
250,09:43:07,3.99,0.01,68,27134,买盘
251,09:43:09,3.99,0.0,106,42294,卖盘
252,09:43:13,4.0,0.01,78,31164,买盘
253,09:43:16,3.99,-0.01,2,798,中性盘
254,09:43:19,3.99,0.0,9,3592,中性盘
255,09:43:22,3.99,0.0,3,1197,买盘
256,09:43:25,4.0,0.01,56,22393,买盘
257,09:43:28,3.99,-0.01,142,56653,卖盘
258,09:43:31,4.0,0.01,27,10774,买盘
259,09:43:34,4.0,0.0,2,800,买盘
260,09:43:40,4.0,0.0,422,168700,买盘
261,09:43:43,4.0,0.0,573,229160,买盘
262,09:43:46,3.98,-0.02,94,37568,卖盘
263,09:43:52,3.99,0.01,25,9975,卖盘
264,09:43:55,3.98,-0.01,47,18706,卖盘
265,09:43:58,3.99,0.01,69,27540,买盘
266,09:44:01,3.99,0.0,35,13965,卖盘
267,09:44:04,3.98,-0.01,139,55520,卖盘
268,09:44:06,3.99,0.01,3,1197,买盘
269,09:44:10,3.99,0.0,6,2394,卖盘
270,09:44:13,3.99,0.0,31,12369,卖盘
271,09:44:16,3.98,-0.01,1,398,卖盘
272,09:44:19,3.99,0.01,1,399,中性盘
273,09:44:22,3.99,0.0,89,35511,中性盘
274,09:44:25,3.99,0.0,5,1995,买盘
275,09:44:28,4.0,0.01,246,98365,买盘
276,09:44:31,4.0,0.0,213,85172,买盘
277,09:44:34,3.99,-0.01,3,1197,买盘
278,09:44:37,3.98,-0.01,18,7178,卖盘
279,09:44:40,3.98,0.0,507,201786,卖盘
280,09:44:42,3.99,0.01,7,2792,买盘
281,09:44:46,3.99,0.0,346,138027,买盘
282,09:44:49,3.98,-0.01,11,4388,卖盘
283,09:44:52,3.98,0.0,104,41392,卖盘
284,09:44:55,3.99,0.01,7,2793,买盘
285,09:44:58,3.98,-0.01,7,2786,卖盘
286,09:45:01,3.98,0.0,2,796,卖盘
287,09:45:04,3.98,0.0,3,1194,卖盘
288,09:45:07,3.98,0.0,12,4776,卖盘
289,09:45:10,3.99,0.01,14,5576,买盘
290,09:45:16,3.98,-0.01,263,104674,卖盘
291,09:45:19,3.98,0.0,144,57312,买盘
292,09:45:22,3.98,0.0,100,39800,买盘
293,09:45:28,3.97,-0.01,66,26202,卖盘
294,09:45:31,3.97,0.0,131,52108,卖盘
295,09:45:34,3.97,0.0,78,30966,卖盘
296,09:45:36,3.97,0.0,76,30172,买盘
297,09:45:40,3.97,0.0,47,18659,买盘
298,09:45:43,3.98,0.01,884,349907,买盘
299,09:45:46,3.98,0.0,88,35024,买盘
300,09:45:49,3.97,-0.01,20,7940,卖盘
301,09:45:52,3.97,0.0,213,84718,卖盘
302,09:45:55,3.97,0.0,92,36524,卖盘
303,09:45:58,3.96,-0.01,126,50030,卖盘
304,09:46:01,3.98,0.02,18,7154,买盘
305,09:46:04,3.96,-0.02,11,4360,卖盘
306,09:46:07,3.97,0.01,22,8746,中性盘
307,09:46:10,3.97,0.0,10,3970,买盘
308,09:46:13,3.98,0.01,23,9151,买盘
309,09:46:16,3.98,0.0,18,7164,买盘
310,09:46:19,3.96,-0.02,89,35294,卖盘
311,09:46:22,3.97,0.01,161,63945,买盘
312,09:46:24,3.98,0.01,36,14323,买盘
313,09:46:28,3.97,-0.01,193,76813,卖盘
314,09:46:31,3.98,0.01,141,56092,买盘
315,09:46:34,3.97,-0.01,89,35375,卖盘
316,09:46:37,3.98,0.01,226,89879,买盘
317,09:46:40,3.97,-0.01,90,35795,卖盘
318,09:46:42,3.96,-0.01,299,118738,卖盘
319,09:46:46,3.98,0.02,37,14726,买盘
320,09:46:52,3.97,-0.01,85,33745,卖盘
321,09:46:58,3.98,0.01,13,5174,买盘
322,09:47:01,3.97,-0.01,1,397,卖盘
323,09:47:04,3.97,0.0,707,280687,卖盘
324,09:47:07,3.97,0.0,13,5161,买盘
325,09:47:10,3.97,0.0,30,11910,买盘
326,09:47:13,3.96,-0.01,42,16669,卖盘
327,09:47:16,3.97,0.01,99,39303,买盘
328,09:47:18,3.96,-0.01,58,23023,卖盘
329,09:47:22,3.97,0.01,613,242939,买盘
330,09:47:25,3.97,0.0,22,8734,买盘
331,09:47:28,3.97,0.0,17,6749,买盘
332,09:47:31,3.97,0.0,45,17857,卖盘
333,09:47:37,3.97,0.0,3,1191,买盘
334,09:47:40,3.96,-0.01,512,202860,卖盘
335,09:47:46,3.96,0.0,77,30492,卖盘
336,09:47:54,3.96,0.0,70,27720,卖盘
337,09:47:58,3.96,0.0,20,7920,卖盘
338,09:48:01,3.96,0.0,26,10296,卖盘
339,09:48:04,3.96,0.0,159,62964,卖盘
340,09:48:09,3.96,0.0,22,8712,卖盘
341,09:48:13,3.96,0.0,200,79200,卖盘
342,09:48:16,3.96,0.0,166,65736,卖盘
343,09:48:22,3.95,-0.01,36,14244,卖盘
344,09:48:25,3.95,0.0,54,21360,卖盘
345,09:48:28,3.96,0.01,16,6336,买盘
346,09:48:31,3.95,-0.01,214,84530,卖盘
347,09:48:36,3.95,0.0,681,268995,卖盘
348,09:48:40,3.95,0.0,110,43528,卖盘
349,09:48:43,3.95,0.0,115,45444,卖盘
350,09:48:46,3.94,-0.01,821,323544,卖盘
351,09:48:49,3.95,0.01,10,3950,卖盘
352,09:48:51,3.95,0.0,19,7505,买盘
353,09:48:55,3.94,-0.01,849,334974,卖盘
354,09:49:01,3.94,0.0,74,29156,买盘
355,09:49:04,3.94,0.0,300,118175,买盘
356,09:49:07,3.94,0.0,361,142234,买盘
357,09:49:10,3.94,0.0,94,37004,卖盘
358,09:49:13,3.93,-0.01,122,48012,卖盘
359,09:49:16,3.94,0.01,10,3940,卖盘
360,09:49:19,3.94,0.0,40,15760,卖盘
361,09:49:22,3.94,0.0,6,2364,买盘
362,09:49:25,3.93,-0.01,230,90498,卖盘
363,09:49:27,3.94,0.01,376,147980,买盘
364,09:49:31,3.94,0.0,439,172966,买盘
365,09:49:34,3.94,0.0,51,20087,买盘
366,09:49:37,3.93,-0.01,10,3930,卖盘
367,09:49:40,3.93,0.0,490,192570,卖盘
368,09:49:43,3.94,0.01,26,10244,买盘
369,09:49:46,3.94,0.0,254,99872,买盘
370,09:49:49,3.93,-0.01,23,9045,卖盘
371,09:49:52,3.94,0.01,653,256935,买盘
372,09:49:55,3.94,0.0,67,26373,卖盘
373,09:49:58,3.93,-0.01,20,7860,卖盘
374,09:50:01,3.93,0.0,21,8253,卖盘
375,09:50:04,3.93,0.0,29,11401,卖盘
376,09:50:06,3.93,0.0,134,52749,卖盘
377,09:50:09,3.94,0.01,102,40116,买盘
378,09:50:13,3.93,-0.01,12,4716,卖盘
379,09:50:16,3.93,0.0,66,25938,卖盘
380,09:50:19,3.94,0.01,76,29944,买盘
381,09:50:25,3.95,0.01,44,17359,买盘
382,09:50:28,3.94,-0.01,17,6714,卖盘
383,09:50:30,3.94,0.0,92,36313,卖盘
384,09:50:33,3.94,0.0,24,9456,卖盘
385,09:50:40,3.95,0.01,139,54905,买盘
386,09:50:43,3.94,-0.01,391,154407,卖盘
387,09:50:48,3.95,0.01,10,3950,卖盘
388,09:50:52,3.95,0.0,10,3950,买盘
389,09:50:55,3.95,0.0,57,22508,买盘
390,09:50:58,3.94,-0.01,147,57918,卖盘
391,09:51:01,3.95,0.01,5,1975,买盘
392,09:51:04,3.95,0.0,60,23700,买盘
393,09:51:07,3.94,-0.01,5,1970,卖盘
394,09:51:09,3.95,0.01,23,9085,买盘
395,09:51:12,3.95,0.0,2,790,买盘
396,09:51:16,3.95,0.0,111,43735,买盘
397,09:51:22,3.95,0.0,239,94405,买盘
398,09:51:25,3.95,0.0,83,32785,买盘
399,09:51:28,3.96,0.01,224,88594,买盘
400,09:51:31,3.96,0.0,27,10692,卖盘
401,09:51:34,3.96,0.0,8,3168,卖盘
402,09:51:37,3.95,-0.01,42,16631,卖盘
403,09:51:43,3.96,0.01,10,3960,中性盘
404,09:51:45,3.96,0.0,81,31996,买盘
405,09:51:49,3.95,-0.01,13,5135,卖盘
406,09:51:51,3.95,0.0,53,20935,买盘
407,09:51:55,3.96,0.01,25,9900,买盘
408,09:51:58,3.96,0.0,10,3960,买盘
409,09:52:01,3.95,-0.01,87,34365,卖盘
410,09:52:04,3.96,0.01,94,37174,买盘
411,09:52:07,3.95,-0.01,71,28045,卖盘
412,09:52:12,3.95,0.0,3,1185,卖盘
413,09:52:19,3.96,0.01,17,6716,买盘
414,09:52:22,3.95,-0.01,15,5925,卖盘
415,09:52:25,3.95,0.0,246,97170,卖盘
416,09:52:28,3.95,0.0,47,18565,买盘
417,09:52:31,3.94,-0.01,70,27600,卖盘
418,09:52:34,3.95,0.01,200,79000,买盘
419,09:52:36,3.95,0.0,41,16170,买盘
420,09:52:40,3.94,-0.01,92,36248,卖盘
421,09:52:43,3.94,0.0,19,7496,卖盘
422,09:52:46,3.95,0.01,50,19750,买盘
423,09:52:52,3.94,-0.01,37,14578,卖盘
424,09:52:58,3.95,0.01,375,148069,买盘
425,09:53:01,3.95,0.0,31,12245,买盘
426,09:53:04,3.96,0.01,1,396,买盘
427,09:53:10,3.95,-0.01,50,19750,卖盘
428,09:53:13,3.95,0.0,193,76327,卖盘
429,09:53:16,3.96,0.01,220,87120,买盘
430,09:53:19,3.95,-0.01,50,19750,卖盘
431,09:53:22,3.95,0.0,20,7900,卖盘
432,09:53:25,3.96,0.01,28,11088,买盘
433,09:53:28,3.95,-0.01,220,86920,卖盘
434,09:53:34,3.96,0.01,42,16632,买盘
435,09:53:37,3.96,0.0,36,14414,买盘
436,09:53:40,3.97,0.01,206,81779,买盘
437,09:53:46,3.96,-0.01,196,77458,卖盘
438,09:53:52,3.96,0.0,14,5544,买盘
439,09:53:55,3.96,0.0,37,14652,买盘
440,09:54:01,3.97,0.01,1,555,卖盘
441,09:54:04,3.97,0.0,17,6749,买盘
442,09:54:13,3.96,-0.01,7,2772,卖盘
443,09:54:16,3.97,0.01,2,794,买盘
444,09:54:19,3.97,0.0,285,113145,买盘
445,09:54:22,3.97,0.0,122,48434,卖盘
446,09:54:28,3.97,0.0,61,24217,卖盘
447,09:54:30,3.98,0.01,581,231188,买盘
448,09:54:34,3.99,0.01,206,81998,买盘
449,09:54:37,3.99,0.0,64,25493,买盘
450,09:54:40,3.97,-0.02,236,93926,卖盘
451,09:54:45,3.98,0.01,21,8358,买盘
452,09:54:49,3.98,0.0,100,39800,买盘
453,09:54:52,3.97,-0.01,2,794,卖盘
454,09:54:55,3.98,0.01,32,12736,买盘
455,09:54:57,3.98,0.0,76,30248,买盘
456,09:55:00,3.97,-0.01,3,1191,卖盘
457,09:55:07,3.97,0.0,60,23872,卖盘
458,09:55:10,3.98,0.01,154,61292,买盘
459,09:55:13,3.97,-0.01,6,2387,卖盘
460,09:55:22,3.97,0.0,326,129722,卖盘
461,09:55:28,3.98,0.01,17,6766,买盘
462,09:55:31,3.98,0.0,15,5960,买盘
463,09:55:33,3.98,0.0,100,39800,买盘
464,09:55:37,3.97,-0.01,6,2382,卖盘
465,09:55:43,3.98,0.01,104,41392,卖盘
466,09:55:46,3.98,0.0,13,5174,中性盘
467,09:55:49,3.98,0.0,11,4378,买盘
468,09:55:52,3.98,0.0,202,80396,买盘
469,09:55:58,3.98,0.0,53,21094,买盘
470,09:56:01,3.98,0.0,149,59172,买盘
471,09:56:04,3.97,-0.01,397,157996,卖盘
472,09:56:10,3.97,0.0,1,397,卖盘
473,09:56:13,3.98,0.01,44,17512,买盘
474,09:56:15,3.97,-0.01,121,48116,卖盘
475,09:56:19,3.97,0.0,63,25011,卖盘
476,09:56:22,3.97,0.0,51,20252,卖盘
477,09:56:25,3.98,0.01,12,4776,买盘
478,09:56:28,3.97,-0.01,10,3970,卖盘
479,09:56:33,3.97,0.0,93,36961,卖盘
480,09:56:40,3.97,0.0,33,13101,卖盘
481,09:56:42,3.97,0.0,37,14689,卖盘
482,09:56:46,3.98,0.01,42,16716,买盘
483,09:56:49,3.98,0.0,72,28656,买盘
484,09:56:52,3.97,-0.01,2,794,卖盘
485,09:56:55,3.98,0.01,19,7562,买盘
486,09:56:58,3.98,0.0,100,39800,买盘
487,09:57:00,3.97,-0.01,5,1985,卖盘
488,09:57:04,3.97,0.0,1,397,卖盘
489,09:57:09,3.97,0.0,30,11910,卖盘
490,09:57:13,3.97,0.0,1718,682066,卖盘
491,09:57:16,3.97,0.0,50,19850,买盘
492,09:57:19,3.97,0.0,30,11910,买盘
493,09:57:22,3.97,0.0,50,19850,买盘
494,09:57:25,3.97,0.0,60,23820,买盘
495,09:57:28,3.96,-0.01,10,3960,卖盘
496,09:57:31,3.97,0.01,93,36857,买盘
497,09:57:37,3.96,-0.01,64,25354,卖盘
498,09:57:43,3.97,0.01,69,27393,买盘
499,09:57:46,3.97,0.0,50,19850,买盘
500,09:57:49,3.96,-0.01,3,1188,卖盘
501,09:58:01,3.97,0.01,1,397,买盘
502,09:58:04,3.97,0.0,204,80977,买盘
503,09:58:07,3.97,0.0,8,3176,卖盘
504,09:58:10,3.97,0.0,50,19850,卖盘
505,09:58:16,3.97,0.0,4,1588,卖盘
506,09:58:19,3.97,0.0,571,226687,卖盘
507,09:58:25,3.96,-0.01,65,25801,卖盘
508,09:58:28,3.98,0.02,27,10746,买盘
509,09:58:31,3.96,-0.02,12,4752,卖盘
510,09:58:40,3.97,0.01,1,397,买盘
511,09:58:43,3.97,0.0,63,24994,中性盘
512,09:58:46,3.97,0.0,60,23820,中性盘
513,09:58:49,3.96,-0.01,714,283240,卖盘
514,09:58:52,3.98,0.02,10,3980,买盘
515,09:59:00,3.98,0.0,2,796,买盘
516,09:59:04,3.97,-0.01,26,10322,中性盘
517,09:59:10,3.98,0.01,8,3184,买盘
518,09:59:13,3.98,0.0,214,85126,买盘
519,09:59:16,3.97,-0.01,22,8734,中性盘
520,09:59:22,3.97,0.0,8,3176,卖盘
521,09:59:25,3.97,0.0,1,397,卖盘
522,09:59:28,3.98,0.01,39,15522,买盘
523,09:59:33,3.98,0.0,30,11940,买盘
524,09:59:39,3.98,0.0,152,60496,买盘
525,09:59:42,3.97,-0.01,83,32951,卖盘
526,09:59:46,3.98,0.01,155,61690,买盘
527,09:59:52,3.97,-0.01,145,57565,卖盘
528,09:59:55,3.98,0.01,1,398,买盘
529,10:00:04,3.97,-0.01,53,21041,卖盘
530,10:00:06,3.98,0.01,24,9552,买盘
531,10:00:16,3.97,-0.01,5,1985,卖盘
532,10:00:21,3.97,0.0,48,19056,卖盘
533,10:00:37,3.97,0.0,2,794,卖盘
534,10:00:49,3.97,0.0,24,9528,卖盘
535,10:00:52,3.98,0.01,21,8358,买盘
536,10:00:55,3.97,-0.01,200,79400,卖盘
537,10:00:58,3.97,0.0,659,261623,卖盘
538,10:01:01,3.96,-0.01,1,396,卖盘
539,10:01:04,3.97,0.01,74,29378,买盘
540,10:01:07,3.97,0.0,51,20258,卖盘
541,10:01:09,3.97,0.0,5,1985,卖盘
542,10:01:12,3.97,0.0,25,9925,卖盘
543,10:01:16,3.97,0.0,2,794,卖盘
544,10:01:18,3.97,0.0,77,30569,中性盘
545,10:01:24,3.96,-0.01,213,84408,卖盘
546,10:01:31,3.96,0.0,21,8316,卖盘
547,10:01:34,3.97,0.01,5,1985,买盘
548,10:01:37,3.97,0.0,60,23780,买盘
549,10:01:40,3.97,0.0,714,283458,买盘
550,10:01:45,3.96,-0.01,12,4752,卖盘
551,10:01:48,3.96,0.0,2,792,卖盘
552,10:01:51,3.96,0.0,5,1980,卖盘
553,10:01:55,3.97,0.01,60,23818,买盘
554,10:01:57,3.96,-0.01,10,3969,卖盘
555,10:02:01,3.97,0.01,30,11910,买盘
556,10:02:04,3.96,-0.01,150,59400,卖盘
557,10:02:10,3.97,0.01,242,96071,买盘
558,10:02:12,3.97,0.0,519,206043,卖盘
559,10:02:16,3.97,0.0,10,3970,卖盘
560,10:02:19,3.97,0.0,3,1191,卖盘
561,10:02:24,3.97,0.0,15,5955,卖盘
562,10:02:27,3.97,0.0,66,26202,卖盘
563,10:02:37,3.97,0.0,572,227184,卖盘
564,10:02:40,3.96,-0.01,49,19404,卖盘
565,10:02:43,3.97,0.01,1,397,买盘
566,10:02:49,3.97,0.0,217,86149,卖盘
567,10:02:52,3.97,0.0,15,5955,卖盘
568,10:02:55,3.97,0.0,11,4367,卖盘
569,10:02:58,3.97,0.0,3,1191,卖盘
570,10:03:01,3.97,0.0,10,3970,卖盘
571,10:03:04,3.97,0.0,2,794,卖盘
572,10:03:07,3.97,0.0,210,83370,卖盘
573,10:03:13,3.97,0.0,310,123070,卖盘
574,10:03:16,3.98,0.01,16,6367,买盘
575,10:03:28,3.96,-0.02,8,3168,卖盘
576,10:03:34,3.97,0.01,53,21041,买盘
577,10:03:43,3.96,-0.01,3,1188,卖盘
578,10:03:49,3.96,0.0,20,7920,卖盘
579,10:04:01,3.97,0.01,9,3573,买盘
580,10:04:06,3.96,-0.01,76,30096,卖盘
581,10:04:13,3.96,0.0,44,17454,卖盘
582,10:04:19,3.96,0.0,119,47124,卖盘
583,10:04:22,3.96,0.0,2,792,卖盘
584,10:04:25,3.96,0.0,10,3960,卖盘
585,10:04:31,3.96,0.0,36,14256,卖盘
586,10:04:34,3.96,0.0,1237,489852,卖盘
587,10:04:36,3.96,0.0,1,238,买盘
588,10:04:40,3.96,0.0,8,3168,买盘
589,10:04:46,3.95,-0.01,57,22515,卖盘
590,10:04:49,3.96,0.01,234,92822,买盘
591,10:04:52,3.96,0.0,3,1188,卖盘
592,10:04:55,3.96,0.0,2,792,卖盘
593,10:04:58,3.96,0.0,80,31680,卖盘
594,10:05:01,3.96,0.0,39,15444,卖盘
595,10:05:04,3.96,0.0,271,107316,卖盘
596,10:05:07,3.97,0.01,38,15086,买盘
597,10:05:10,3.97,0.0,1008,399176,买盘
598,10:05:12,3.96,-0.01,40,15840,卖盘
599,10:05:16,3.96,0.0,11,4356,卖盘
600,10:05:18,3.96,0.0,10,3960,卖盘
601,10:05:25,3.96,0.0,1,396,卖盘
602,10:05:28,3.96,0.0,30,11880,卖盘
603,10:05:31,3.96,0.0,115,45540,卖盘
604,10:05:37,3.96,0.0,5,1980,卖盘
605,10:05:40,3.96,0.0,19,7524,卖盘
606,10:05:43,3.96,0.0,2,792,卖盘
607,10:05:55,3.96,0.0,12,4752,卖盘
608,10:05:58,3.96,0.0,100,39600,卖盘
609,10:06:01,3.96,0.0,628,248688,卖盘
610,10:06:04,3.96,0.0,1,238,买盘
611,10:06:13,3.95,-0.01,50,19750,卖盘
612,10:06:25,3.95,0.0,119,47005,卖盘
613,10:06:28,3.95,0.0,39,15405,卖盘
614,10:06:30,3.95,0.0,1,395,卖盘
615,10:06:37,3.95,0.0,3,1185,卖盘
616,10:06:40,3.95,0.0,18,7110,卖盘
617,10:06:42,3.96,0.01,133,52536,买盘
618,10:06:46,3.95,-0.01,25,9875,卖盘
619,10:06:49,3.95,0.0,32,12661,卖盘
620,10:06:55,3.95,0.0,365,144175,卖盘
621,10:06:58,3.95,0.0,34,13430,卖盘
622,10:07:01,3.96,0.01,17,6732,买盘
623,10:07:04,3.95,-0.01,710,280450,卖盘
624,10:07:13,3.94,-0.01,50,19700,卖盘
625,10:07:16,3.95,0.01,29,11436,买盘
626,10:07:19,3.95,0.0,222,87470,买盘
627,10:07:25,3.94,-0.01,10,3940,卖盘
628,10:07:27,3.94,0.0,26,10244,卖盘
629,10:07:30,3.94,0.0,55,21670,卖盘
630,10:07:33,3.94,0.0,188,74077,卖盘
631,10:07:37,3.94,0.0,58,22852,卖盘
632,10:07:40,3.94,0.0,141,55554,卖盘
633,10:07:42,3.94,0.0,26,10244,卖盘
634,10:07:46,3.95,0.01,146,57574,买盘
635,10:07:48,3.94,-0.01,9,3546,卖盘
636,10:07:51,3.94,0.0,61,24075,卖盘
637,10:07:55,3.94,0.0,8,3152,卖盘
638,10:08:01,3.94,0.0,25,9864,卖盘
639,10:08:04,3.94,0.0,388,152872,卖盘
640,10:08:10,3.94,0.0,32,12608,卖盘
641,10:08:13,3.94,0.0,30,11820,卖盘
642,10:08:16,3.94,0.0,100,39400,卖盘
643,10:08:19,3.94,0.0,3,1182,卖盘
644,10:08:22,3.94,0.0,70,27580,卖盘
645,10:08:25,3.94,0.0,185,72890,卖盘
646,10:08:28,3.94,0.0,7,2758,卖盘
647,10:08:31,3.94,0.0,30,11820,卖盘
648,10:08:34,3.95,0.01,5,1975,买盘
649,10:08:37,3.94,-0.01,257,101258,卖盘
650,10:08:40,3.94,0.0,193,76042,卖盘
651,10:08:52,3.94,0.0,2,788,卖盘
652,10:08:55,3.95,0.01,1,395,买盘
653,10:08:58,3.94,-0.01,14,5516,卖盘
654,10:09:04,3.95,0.01,10,3950,买盘
655,10:09:06,3.94,-0.01,258,101658,卖盘
656,10:09:09,3.94,0.0,4,1576,卖盘
657,10:09:12,3.94,0.0,23,9062,卖盘
658,10:09:16,3.95,0.01,4,1578,买盘
659,10:09:19,3.94,-0.01,2,788,卖盘
660,10:09:28,3.95,0.01,83,32735,买盘
661,10:09:33,3.94,-0.01,35,13790,卖盘
662,10:09:37,3.95,0.01,61,24095,买盘
663,10:09:39,3.95,0.0,22,8678,买盘
664,10:09:46,3.95,0.0,33,13035,买盘
665,10:09:52,3.94,-0.01,29,11426,卖盘
666,10:09:57,3.94,0.0,3,1182,卖盘
667,10:10:04,3.94,0.0,20,7880,卖盘
668,10:10:07,3.94,0.0,20,7880,卖盘
669,10:10:13,3.94,0.0,17,6698,卖盘
670,10:10:21,3.94,0.0,16,6304,卖盘
671,10:10:24,3.95,0.01,1,395,买盘
672,10:10:28,3.94,-0.01,170,66980,卖盘
673,10:10:34,3.94,0.0,424,167317,卖盘
674,10:10:37,3.94,0.0,10,3940,卖盘
675,10:10:45,3.95,0.01,174,68582,买盘
676,10:10:49,3.94,-0.01,41,16154,卖盘
677,10:10:55,3.95,0.01,57,22513,买盘
678,10:10:58,3.94,-0.01,8,3152,卖盘
679,10:11:10,3.94,0.0,70,27580,卖盘
680,10:11:13,3.94,0.0,5,1970,卖盘
681,10:11:15,3.95,0.01,45,17775,买盘
682,10:11:22,3.95,0.0,17,6715,买盘
683,10:11:30,3.95,0.0,69,27255,买盘
684,10:11:40,3.95,0.0,33,13035,买盘
685,10:11:46,3.95,0.0,55,21725,卖盘
686,10:11:52,3.95,0.0,18,7110,卖盘
687,10:11:55,3.95,0.0,36,14220,卖盘
688,10:11:58,3.95,0.0,115,45425,买盘
689,10:12:04,3.95,0.0,116,45820,买盘
690,10:12:07,3.95,0.0,13,5135,买盘
691,10:12:16,3.94,-0.01,10,3940,卖盘
692,10:12:19,3.95,0.01,19,7505,买盘
693,10:12:22,3.94,-0.01,182,71708,卖盘
694,10:12:27,3.94,0.0,13,5130,卖盘
695,10:12:37,3.94,0.0,105,41370,卖盘
696,10:12:40,3.94,0.0,91,35854,卖盘
697,10:12:46,3.94,0.0,16,6309,卖盘
698,10:12:51,3.94,0.0,105,41370,卖盘
699,10:13:01,3.94,0.0,189,74466,卖盘
700,10:13:04,3.94,0.0,32,12614,卖盘
701,10:13:16,3.93,-0.01,29,11397,卖盘
702,10:13:19,3.93,0.0,3,1179,卖盘
703,10:13:22,3.94,0.01,150,59100,买盘
704,10:13:28,3.94,0.0,10,3940,买盘
705,10:13:31,3.94,0.0,191,75254,买盘
706,10:13:40,3.94,0.0,30,11820,买盘
707,10:13:49,3.94,0.0,17,6693,买盘
708,10:13:52,3.93,-0.01,355,139553,卖盘
709,10:13:55,3.93,0.0,25,9825,卖盘
710,10:13:58,3.94,0.01,25,9850,买盘
711,10:14:01,3.94,0.0,130,51220,卖盘
712,10:14:04,3.93,-0.01,117,45995,卖盘
713,10:14:06,3.93,0.0,160,62880,卖盘
714,10:14:19,3.93,0.0,236,92748,卖盘
715,10:14:22,3.93,0.0,103,40479,卖盘
716,10:14:25,3.93,0.0,6,2358,卖盘
717,10:14:28,3.93,0.0,101,39693,卖盘
718,10:14:31,3.93,0.0,431,169383,卖盘
719,10:14:34,3.93,0.0,39,15327,卖盘
720,10:14:37,3.93,0.0,20,7860,卖盘
721,10:14:39,3.93,0.0,47,18471,卖盘
722,10:14:42,3.93,0.0,167,65631,买盘
723,10:14:46,3.93,0.0,5,1965,卖盘
724,10:14:49,3.92,-0.01,671,263051,卖盘
725,10:14:52,3.92,0.0,2,784,卖盘
726,10:14:58,3.92,0.0,24,9428,卖盘
727,10:15:01,3.92,0.0,368,144256,卖盘
728,10:15:04,3.92,0.0,7,2744,卖盘
729,10:15:10,3.91,-0.01,1565,611915,卖盘
730,10:15:19,3.9,-0.01,24,9380,卖盘
731,10:15:22,3.9,0.0,309,120610,卖盘
732,10:15:25,3.91,0.01,535,208795,买盘
733,10:15:27,3.9,-0.01,389,152025,卖盘
734,10:15:31,3.91,0.01,185,72202,买盘
735,10:15:34,3.91,0.0,51,19941,买盘
736,10:15:37,3.91,0.0,8,3128,卖盘
737,10:15:40,3.91,0.0,1315,513208,卖盘
738,10:15:42,3.91,0.0,76,29714,卖盘
739,10:15:46,3.92,0.01,66,25832,买盘
740,10:15:49,3.92,0.0,159,62171,买盘
741,10:15:52,3.9,-0.02,325,127055,卖盘
742,10:15:55,3.91,0.01,50,19550,中性盘
743,10:15:57,3.9,-0.01,77,30035,卖盘
744,10:16:04,3.91,0.01,197,76962,买盘
745,10:16:07,3.91,0.0,155,60455,买盘
746,10:16:10,3.91,0.0,198,77359,买盘
747,10:16:13,3.91,0.0,185,72298,买盘
748,10:16:16,3.91,0.0,46,17986,买盘
749,10:16:19,3.91,0.0,59,23069,卖盘
750,10:16:21,3.89,-0.02,2928,1141854,卖盘
751,10:16:25,3.91,0.02,120,46920,卖盘
752,10:16:28,3.91,0.0,112,43701,买盘
753,10:16:31,3.89,-0.02,157,61360,卖盘
754,10:16:34,3.92,0.03,70,27440,买盘
755,10:16:37,3.9,-0.02,90,35100,卖盘
756,10:16:40,3.9,0.0,197,76830,买盘
757,10:16:43,3.91,0.01,18,7023,买盘
758,10:16:48,3.9,-0.01,109,42510,卖盘
759,10:16:52,3.91,0.01,81,31640,买盘
760,10:16:55,3.9,-0.01,300,117000,卖盘
761,10:16:58,3.9,0.0,30,11710,卖盘
762,10:17:01,3.9,0.0,209,81677,卖盘
763,10:17:04,3.9,0.0,6,2340,卖盘
764,10:17:07,3.91,0.01,22,8592,买盘
765,10:17:09,3.91,0.0,84,32844,买盘
766,10:17:13,3.9,-0.01,100,39000,卖盘
767,10:17:16,3.91,0.01,104,40664,买盘
768,10:17:19,3.91,0.0,55,21505,卖盘
769,10:17:28,3.91,0.0,83,32453,卖盘
770,10:17:31,3.91,0.0,36,14076,卖盘
771,10:17:37,3.91,0.0,22,8602,卖盘
772,10:17:40,3.92,0.01,33,12936,买盘
773,10:17:43,3.92,0.0,20,7834,买盘
774,10:17:46,3.91,-0.01,18,7038,卖盘
775,10:17:49,3.92,0.01,280,109760,买盘
776,10:17:52,3.92,0.0,91,35672,买盘
777,10:17:55,3.92,0.0,62,24292,买盘
778,10:17:58,3.92,0.0,109,42728,买盘
779,10:18:01,3.92,0.0,5,1960,卖盘
780,10:18:04,3.92,0.0,207,81093,卖盘
781,10:18:06,3.92,0.0,200,78400,卖盘
782,10:18:09,3.91,-0.01,62,24284,卖盘
783,10:18:13,3.92,0.01,21,8232,买盘
784,10:18:16,3.92,0.0,107,41944,卖盘
785,10:18:19,3.92,0.0,13,5096,卖盘
786,10:18:22,3.92,0.0,23,9016,买盘
787,10:18:25,3.92,0.0,65,25480,买盘
788,10:18:27,3.92,0.0,100,39200,卖盘
789,10:18:31,3.92,0.0,69,27050,卖盘
790,10:18:34,3.92,0.0,20,7840,买盘
791,10:18:37,3.92,0.0,31,12152,买盘
792,10:18:40,3.92,0.0,14,5488,买盘
793,10:18:42,3.91,-0.01,68,26588,卖盘
794,10:18:45,3.91,0.0,871,340561,卖盘
795,10:18:52,3.92,0.01,30,11758,买盘
796,10:18:58,3.91,-0.01,11,4301,卖盘
797,10:19:04,3.91,0.0,9,3515,买盘
798,10:19:07,3.91,0.0,55,21476,买盘
799,10:19:10,3.91,0.0,106,41404,买盘
800,10:19:12,3.91,0.0,74,28934,买盘
801,10:19:16,3.91,0.0,9,3519,卖盘
802,10:19:19,3.91,0.0,17,6647,卖盘
803,10:19:22,3.91,0.0,45,17595,买盘
804,10:19:24,3.91,0.0,150,58650,买盘
805,10:19:34,3.91,0.0,24,9384,买盘
806,10:19:36,3.91,0.0,93,36363,买盘
807,10:19:40,3.91,0.0,51,19941,卖盘
808,10:19:43,3.91,0.0,3,1173,卖盘
809,10:19:46,3.91,0.0,14,5474,卖盘
810,10:19:49,3.92,0.01,26,10192,买盘
811,10:19:52,3.91,-0.01,25,9775,卖盘
812,10:19:58,3.91,0.0,25,9775,卖盘
813,10:20:00,3.92,0.01,74,28979,买盘
814,10:20:04,3.91,-0.01,2,782,卖盘
815,10:20:07,3.91,0.0,140,54740,卖盘
816,10:20:10,3.91,0.0,304,118864,卖盘
817,10:20:13,3.9,-0.01,7,2730,卖盘
818,10:20:16,3.92,0.02,95,37191,买盘
819,10:20:19,3.92,0.0,19,7439,买盘
820,10:20:25,3.91,-0.01,234,91494,卖盘
821,10:20:31,3.91,0.0,1,391,买盘
822,10:20:37,3.91,0.0,52,20332,买盘
823,10:20:43,3.91,0.0,15,5865,卖盘
824,10:20:45,3.92,0.01,20,7840,买盘
825,10:20:52,3.91,-0.01,55,21505,卖盘
826,10:20:55,3.92,0.01,26,10192,买盘
827,10:20:58,3.91,-0.01,22,8602,卖盘
828,10:21:10,3.91,0.0,1,391,卖盘
829,10:21:12,3.91,0.0,27,10582,卖盘
830,10:21:15,3.91,0.0,350,136850,卖盘
831,10:21:19,3.91,0.0,1,391,卖盘
832,10:21:22,3.91,0.0,31,12121,卖盘
833,10:21:25,3.92,0.01,26,10192,买盘
834,10:21:28,3.91,-0.01,19,7429,卖盘
835,10:21:43,3.91,0.0,64,25024,卖盘
836,10:21:55,3.91,0.0,9,3519,卖盘
837,10:21:58,3.91,0.0,20,7820,卖盘
838,10:22:01,3.91,0.0,30,11730,卖盘
839,10:22:04,3.92,0.01,26,10192,买盘
840,10:22:13,3.9,-0.02,57,22266,卖盘
841,10:22:22,3.9,0.0,2214,863510,卖盘
842,10:22:24,3.9,0.0,50,19500,买盘
843,10:22:27,3.89,-0.01,19,7406,卖盘
844,10:22:31,3.9,0.01,31,12090,买盘
845,10:22:40,3.89,-0.01,61,23769,卖盘
846,10:22:43,3.9,0.01,188,73190,买盘
847,10:22:46,3.89,-0.01,170,66203,卖盘
848,10:22:49,3.89,0.0,79,30768,卖盘
849,10:22:52,3.89,0.0,22,8558,卖盘
850,10:22:55,3.9,0.01,79,30810,买盘
851,10:22:58,3.89,-0.01,78,30347,卖盘
852,10:23:01,3.89,0.0,235,91415,卖盘
853,10:23:04,3.89,0.0,198,77071,卖盘
854,10:23:06,3.89,0.0,13,5057,卖盘
855,10:23:09,3.9,0.01,210,81716,买盘
856,10:23:13,3.89,-0.01,186,72374,卖盘
857,10:23:16,3.89,0.0,57,22174,卖盘
858,10:23:19,3.89,0.0,336,130704,卖盘
859,10:23:22,3.89,0.0,202,78578,买盘
860,10:23:28,3.89,0.0,210,81490,买盘
861,10:23:31,3.88,-0.01,190,73887,卖盘
862,10:23:34,3.88,0.0,32,12436,卖盘
863,10:23:37,3.88,0.0,842,326696,卖盘
864,10:23:39,3.88,0.0,87,33756,卖盘
865,10:23:43,3.88,0.0,106,41066,买盘
866,10:23:46,3.88,0.0,116,44950,买盘
867,10:23:49,3.88,0.0,59,22892,买盘
868,10:23:55,3.87,-0.01,100,38700,卖盘
869,10:23:58,3.87,0.0,85,32900,卖盘
870,10:24:01,3.87,0.0,61,23607,卖盘
871,10:24:04,3.87,0.0,143,55341,卖盘
872,10:24:06,3.87,0.0,2938,1133941,卖盘
873,10:24:10,3.87,0.0,64,24688,买盘
874,10:24:13,3.86,-0.01,86,33162,中性盘
875,10:24:19,3.85,-0.01,142,54829,卖盘
876,10:24:22,3.86,0.01,174,67104,买盘
877,10:24:25,3.85,-0.01,428,165070,卖盘
878,10:24:28,3.86,0.01,238,91873,卖盘
879,10:24:31,3.86,0.0,101,38988,卖盘
880,10:24:33,3.86,0.0,83,32038,卖盘
881,10:24:37,3.86,0.0,243,93798,卖盘
882,10:24:40,3.87,0.01,192,74116,买盘
883,10:24:43,3.86,-0.01,349,134783,买盘
884,10:24:46,3.86,0.0,247,95372,卖盘
885,10:24:48,3.86,0.0,194,74828,买盘
886,10:24:52,3.86,0.0,347,134192,卖盘
887,10:24:55,3.85,-0.01,319,123036,卖盘
888,10:24:58,3.86,0.01,20,7720,卖盘
889,10:25:01,3.86,0.0,136,52517,卖盘
890,10:25:04,3.86,0.0,132,51004,卖盘
891,10:25:07,3.87,0.01,10,3870,买盘
892,10:25:10,3.88,0.01,23,8906,买盘
893,10:25:16,3.87,-0.01,138,53406,卖盘
894,10:25:18,3.87,0.0,420,162712,卖盘
895,10:25:22,3.88,0.01,580,225424,买盘
896,10:25:25,3.88,0.0,24,9312,卖盘
897,10:25:28,3.88,0.0,29,11252,卖盘
898,10:25:31,3.88,0.0,12,4656,卖盘
899,10:25:34,3.88,0.0,26,10088,卖盘
900,10:25:37,3.9,0.02,76,29640,买盘
901,10:25:39,3.9,0.0,26,10140,买盘
902,10:25:43,3.88,-0.02,28,10864,卖盘
903,10:25:46,3.89,0.01,32,12478,卖盘
904,10:25:49,3.9,0.01,10,3900,买盘
905,10:25:51,3.89,-0.01,37,14429,卖盘
906,10:25:55,3.88,-0.01,225,87519,卖盘
907,10:25:58,3.89,0.01,45,17505,买盘
908,10:26:01,3.89,0.0,29,11281,买盘
909,10:26:07,3.89,0.0,46,17894,买盘
910,10:26:09,3.9,0.01,30,11700,买盘
911,10:26:15,3.89,-0.01,180,70020,卖盘
912,10:26:19,3.9,0.01,34,13260,买盘
913,10:26:22,3.89,-0.01,88,34279,卖盘
914,10:26:31,3.89,0.0,181,70474,卖盘
915,10:26:39,3.89,0.0,145,56405,卖盘
916,10:26:42,3.89,0.0,28,10892,卖盘
917,10:26:45,3.89,0.0,39,15171,买盘
918,10:26:52,3.88,-0.01,12,4656,卖盘
919,10:26:55,3.89,0.01,51,19839,买盘
920,10:27:00,3.89,0.0,11,4279,卖盘
921,10:27:07,3.89,0.0,30,11670,卖盘
922,10:27:10,3.89,0.0,17,6613,卖盘
923,10:27:13,3.9,0.01,26,10140,买盘
924,10:27:15,3.9,0.0,23,8970,买盘
925,10:27:19,3.89,-0.01,288,112032,卖盘
926,10:27:22,3.9,0.01,298,116173,买盘
927,10:27:25,3.89,-0.01,30,11670,卖盘
928,10:27:28,3.9,0.01,26,10140,买盘
929,10:27:30,3.89,-0.01,47,18320,卖盘
930,10:27:33,3.89,0.0,20,7780,卖盘
931,10:27:37,3.9,0.01,81,31514,买盘
932,10:27:40,3.9,0.0,21,8190,买盘
933,10:27:43,3.89,-0.01,58,22615,卖盘
934,10:27:46,3.89,0.0,114,44430,卖盘
935,10:27:51,3.9,0.01,3,1170,买盘
936,10:27:55,3.9,0.0,2,780,买盘
937,10:27:58,3.89,-0.01,28,10902,卖盘
938,10:28:01,3.89,0.0,76,29564,卖盘
939,10:28:07,3.9,0.01,3,1170,买盘
940,10:28:10,3.9,0.0,121,47090,买盘
941,10:28:12,3.9,0.0,39,15210,买盘
942,10:28:15,3.89,-0.01,24,9336,卖盘
943,10:28:19,3.9,0.01,47,18330,买盘
944,10:28:22,3.9,0.0,177,69012,买盘
945,10:28:25,3.89,-0.01,560,217957,卖盘
946,10:28:31,3.89,0.0,4,1556,买盘
947,10:28:33,3.89,0.0,24,9336,买盘
948,10:28:36,3.89,0.0,3,1167,卖盘
949,10:28:42,3.89,0.0,1,389,卖盘
950,10:28:46,3.9,0.01,4,1560,买盘
951,10:28:49,3.89,-0.01,237,92219,卖盘
952,10:28:51,3.89,0.0,7,2723,卖盘
953,10:28:57,3.9,0.01,264,102706,买盘
954,10:29:04,3.9,0.0,52,20280,买盘
955,10:29:07,3.9,0.0,24,9360,买盘
956,10:29:10,3.89,-0.01,62,24118,卖盘
957,10:29:13,3.89,0.0,30,11670,买盘
958,10:29:16,3.89,0.0,6,2334,买盘
959,10:29:19,3.89,0.0,145,56405,买盘
960,10:29:28,3.9,0.01,75,29250,买盘
961,10:29:34,3.89,-0.01,1,389,卖盘
962,10:29:39,3.9,0.01,26,10140,买盘
963,10:29:43,3.9,0.0,80,31193,买盘
964,10:29:49,3.9,0.0,83,32370,买盘
965,10:29:55,3.9,0.0,11,4290,卖盘
966,10:29:58,3.9,0.0,184,71760,卖盘
967,10:30:01,3.9,0.0,100,39000,买盘
968,10:30:04,3.9,0.0,52,20280,买盘
969,10:30:06,3.9,0.0,38,14820,买盘
970,10:30:13,3.9,0.0,74,28860,买盘
971,10:30:25,3.9,0.0,247,96330,买盘
972,10:30:28,3.9,0.0,70,27300,买盘
973,10:30:31,3.9,0.0,1,390,买盘
974,10:30:33,3.89,-0.01,58,22562,卖盘
975,10:30:37,3.9,0.01,39,15210,买盘
976,10:30:43,3.9,0.0,62,24180,卖盘
977,10:30:46,3.9,0.0,21,8190,买盘
978,10:30:48,3.9,0.0,15,5850,卖盘
979,10:30:52,3.91,0.01,24,9384,买盘
980,10:30:55,3.9,-0.01,15,5850,卖盘
981,10:30:58,3.9,0.0,83,32370,卖盘
982,10:31:01,3.9,0.0,115,44835,买盘
983,10:31:09,3.9,0.0,56,21840,买盘
984,10:31:16,3.89,-0.01,104,40456,卖盘
985,10:31:19,3.9,0.01,203,79170,买盘
986,10:31:24,3.9,0.0,23,8970,买盘
987,10:31:28,3.9,0.0,36,14040,买盘
988,10:31:31,3.9,0.0,15,5850,买盘
989,10:31:40,3.89,-0.01,27,10529,卖盘
990,10:31:43,3.89,0.0,2,778,卖盘
991,10:31:54,3.9,0.01,26,10140,买盘
992,10:32:01,3.89,-0.01,36,14004,卖盘
993,10:32:07,3.9,0.01,22,8580,买盘
994,10:32:10,3.9,0.0,26,10140,买盘
995,10:32:12,3.89,-0.01,80,31163,卖盘
996,10:32:16,3.89,0.0,8,3112,卖盘
997,10:32:18,3.9,0.01,6,2340,买盘
998,10:32:22,3.9,0.0,50,19500,买盘
999,10:32:24,3.88,-0.02,859,333936,卖盘
1000,10:32:37,3.9,0.02,37,14419,买盘
1001,10:32:40,3.89,-0.01,110,42790,卖盘
1002,10:32:43,3.9,0.01,10,3900,买盘
1003,10:32:45,3.89,-0.01,29,11281,卖盘
1004,10:32:55,3.9,0.01,26,10140,买盘
1005,10:33:06,3.9,0.0,40,15600,买盘
1006,10:33:10,3.9,0.0,26,10140,买盘
1007,10:33:16,3.89,-0.01,7,2723,卖盘
1008,10:33:19,3.89,0.0,83,32290,卖盘
1009,10:33:22,3.9,0.01,549,213587,买盘
1010,10:33:25,3.89,-0.01,14,5446,卖盘
1011,10:33:27,3.89,0.0,149,57961,卖盘
1012,10:33:36,3.9,0.01,76,29640,买盘
1013,10:33:49,3.89,-0.01,5,1945,卖盘
1014,10:33:52,3.9,0.01,228,88823,买盘
1015,10:34:04,3.91,0.01,13,5083,买盘
1016,10:34:06,3.91,0.0,50,19550,买盘
1017,10:34:10,3.91,0.0,6,2346,卖盘
1018,10:34:16,3.91,0.0,150,58650,卖盘
1019,10:34:22,3.91,0.0,164,64188,卖盘
1020,10:34:25,3.91,0.0,305,119319,卖盘
1021,10:34:31,3.92,0.01,29,11367,买盘
1022,10:34:33,3.92,0.0,26,10192,买盘
1023,10:34:36,3.92,0.0,20,7840,买盘
1024,10:34:39,3.92,0.0,128,50176,买盘
1025,10:34:42,3.92,0.0,6,2351,买盘
1026,10:34:49,3.92,0.0,48,18794,买盘
1027,10:34:52,3.92,0.0,10,3920,买盘
1028,10:34:54,3.92,0.0,69,27048,买盘
1029,10:35:00,3.91,-0.01,2,782,卖盘
1030,10:35:03,3.92,0.01,26,10192,买盘
1031,10:35:10,3.92,0.0,203,79576,买盘
1032,10:35:15,3.92,0.0,13,5096,买盘
1033,10:35:18,3.92,0.0,26,10192,买盘
1034,10:35:34,3.91,-0.01,304,118864,卖盘
1035,10:35:37,3.92,0.01,3,1176,买盘
1036,10:35:43,3.92,0.0,26,10192,买盘
1037,10:35:46,3.92,0.0,245,95859,买盘
1038,10:35:49,3.91,-0.01,109,42619,卖盘
1039,10:35:52,3.91,0.0,132,51612,买盘
1040,10:35:55,3.91,0.0,20,7820,买盘
1041,10:35:58,3.91,0.0,120,46920,买盘
1042,10:36:00,3.9,-0.01,151,59035,卖盘
1043,10:36:07,3.91,0.01,34,13294,买盘
1044,10:36:10,3.91,0.0,116,45342,买盘
1045,10:36:15,3.91,0.0,5,1955,卖盘
1046,10:36:18,3.92,0.01,81,31752,买盘
1047,10:36:22,3.91,-0.01,133,52003,卖盘
1048,10:36:28,3.91,0.0,26,10166,买盘
1049,10:36:31,3.91,0.0,93,36363,买盘
1050,10:36:34,3.9,-0.01,170,66300,卖盘
1051,10:36:49,3.91,0.01,47,18377,买盘
1052,10:36:51,3.91,0.0,46,17986,卖盘
1053,10:37:00,3.91,0.0,30,11730,卖盘
1054,10:37:04,3.91,0.0,45,17595,卖盘
1055,10:37:10,3.91,0.0,56,21922,卖盘
1056,10:37:19,3.91,0.0,10,3910,卖盘
1057,10:37:21,3.92,0.01,46,18012,买盘
1058,10:37:39,3.92,0.0,26,10192,买盘
1059,10:37:55,3.91,-0.01,381,149060,卖盘
1060,10:37:58,3.92,0.01,84,32918,买盘
1061,10:38:04,3.91,-0.01,5,1955,卖盘
1062,10:38:06,3.92,0.01,26,10192,买盘
1063,10:38:16,3.91,-0.01,85,33235,卖盘
1064,10:38:19,3.92,0.01,26,10192,买盘
1065,10:38:25,3.91,-0.01,2,782,卖盘
1066,10:38:31,3.92,0.01,1,392,买盘
1067,10:38:34,3.92,0.0,49,19208,买盘
1068,10:38:39,3.91,-0.01,105,41055,卖盘
1069,10:38:45,3.91,0.0,5,1955,卖盘
1070,10:38:49,3.91,0.0,3,1173,卖盘
1071,10:38:55,3.91,0.0,181,70771,卖盘
1072,10:38:58,3.91,0.0,10,3910,买盘
1073,10:39:09,3.9,-0.01,3,1170,卖盘
1074,10:39:12,3.9,0.0,300,117000,卖盘
1075,10:39:19,3.9,0.0,123,47970,卖盘
1076,10:39:22,3.9,0.0,57,22230,卖盘
1077,10:39:24,3.89,-0.01,659,256581,卖盘
1078,10:39:37,3.89,0.0,41,15949,买盘
1079,10:39:39,3.89,0.0,3,1167,中性盘
1080,10:39:43,3.89,0.0,12,4668,买盘
1081,10:39:46,3.89,0.0,8,3112,卖盘
1082,10:39:52,3.89,0.0,3,1167,卖盘
1083,10:39:58,3.89,0.0,10,3890,卖盘
1084,10:40:00,3.9,0.01,65,25350,买盘
1085,10:40:04,3.89,-0.01,37,14393,卖盘
1086,10:40:07,3.89,0.0,7,2723,卖盘
1087,10:40:16,3.89,0.0,196,76244,卖盘
1088,10:40:28,3.9,0.01,65,25350,买盘
1089,10:40:30,3.89,-0.01,81,31509,卖盘
1090,10:40:36,3.89,0.0,30,11670,卖盘
1091,10:40:58,3.9,0.01,65,25350,买盘
1092,10:41:21,3.9,0.0,33,12857,买盘
1093,10:41:25,3.9,0.0,65,25350,买盘
1094,10:41:46,3.9,0.0,38,14820,买盘
1095,10:41:48,3.9,0.0,91,35490,买盘
1096,10:41:51,3.9,0.0,92,35880,买盘
1097,10:41:55,3.89,-0.01,22,8558,卖盘
1098,10:42:04,3.89,0.0,1,389,卖盘
1099,10:42:13,3.9,0.01,3,1170,买盘
1100,10:42:19,3.9,0.0,18,7020,卖盘
1101,10:42:25,3.91,0.01,182,71080,买盘
1102,10:42:28,3.9,-0.01,20,7800,卖盘
1103,10:42:31,3.9,0.0,3,1170,卖盘
1104,10:42:34,3.91,0.01,156,60996,买盘
1105,10:42:49,3.91,0.0,68,26588,买盘
1106,10:42:54,3.91,0.0,587,229517,买盘
1107,10:43:00,3.9,-0.01,590,230492,卖盘
1108,10:43:04,3.9,0.0,10,3900,卖盘
1109,10:43:16,3.91,0.01,1,391,卖盘
1110,10:43:21,3.91,0.0,76,29716,卖盘
1111,10:43:25,3.92,0.01,221,86611,买盘
1112,10:43:34,3.91,-0.01,3,1173,卖盘
1113,10:43:40,3.92,0.01,81,31752,买盘
1114,10:43:43,3.92,0.0,64,25088,买盘
1115,10:43:46,3.91,-0.01,30,11730,卖盘
1116,10:44:04,3.91,0.0,5,1955,卖盘
1117,10:44:09,3.92,0.01,125,49000,买盘
1118,10:44:25,3.92,0.0,10,3920,买盘
1119,10:44:28,3.92,0.0,69,27048,买盘
1120,10:44:49,3.92,0.0,79,30968,买盘
1121,10:44:57,3.91,-0.01,10,3910,卖盘
1122,10:45:09,3.92,0.01,3,1176,买盘
1123,10:45:19,3.92,0.0,29,11368,买盘
1124,10:45:28,3.91,-0.01,166,64906,卖盘
1125,10:46:01,3.91,0.0,84,32844,卖盘
1126,10:46:07,3.92,0.01,287,112504,买盘
1127,10:46:22,3.91,-0.01,122,47702,卖盘
1128,10:46:24,3.92,0.01,986,386512,买盘
1129,10:46:27,3.92,0.0,96,37632,卖盘
1130,10:46:31,3.92,0.0,40,15680,卖盘
1131,10:46:34,3.93,0.01,31,12182,买盘
1132,10:46:37,3.92,-0.01,29,11368,卖盘
1133,10:46:49,3.93,0.01,3,1179,买盘
1134,10:46:58,3.93,0.0,11,4323,买盘
1135,10:47:00,3.93,0.0,34,13362,买盘
1136,10:47:04,3.92,-0.01,33,12936,卖盘
1137,10:47:06,3.93,0.01,4,1572,买盘
1138,10:47:19,3.92,-0.01,5,1960,卖盘
1139,10:47:22,3.93,0.01,32,12556,买盘
1140,10:47:24,3.93,0.0,1,393,买盘
1141,10:47:27,3.92,-0.01,11,4312,卖盘
1142,10:47:31,3.92,0.0,10,3920,卖盘
1143,10:47:34,3.93,0.01,45,17685,买盘
1144,10:48:01,3.93,0.0,45,17685,买盘
1145,10:48:13,3.92,-0.01,15,5880,卖盘
1146,10:48:15,3.93,0.01,23,9039,买盘
1147,10:48:19,3.93,0.0,40,15720,买盘
1148,10:48:28,3.92,-0.01,97,38024,卖盘
1149,10:48:40,3.93,0.01,2,786,买盘
1150,10:48:43,3.92,-0.01,20,7840,卖盘
1151,10:48:46,3.92,0.0,365,143080,卖盘
1152,10:49:01,3.92,0.0,20,7840,买盘
1153,10:49:06,3.92,0.0,140,54752,买盘
1154,10:49:28,3.92,0.0,7,2744,买盘
1155,10:49:34,3.91,-0.01,38,14858,卖盘
1156,10:49:36,3.91,0.0,1,391,卖盘
1157,10:49:46,3.91,0.0,13,5083,卖盘
1158,10:49:51,3.91,0.0,15,5865,卖盘
1159,10:49:58,3.91,0.0,72,28152,卖盘
1160,10:50:01,3.91,0.0,54,21114,卖盘
1161,10:50:06,3.91,0.0,100,39100,卖盘
1162,10:50:18,3.91,0.0,66,25806,卖盘
1163,10:50:22,3.91,0.0,33,12903,卖盘
1164,10:50:25,3.92,0.01,86,33712,买盘
1165,10:50:34,3.91,-0.01,20,7820,卖盘
1166,10:50:37,3.91,0.0,40,15640,卖盘
1167,10:50:43,3.91,0.0,32,12512,卖盘
1168,10:50:51,3.91,0.0,50,19550,卖盘
1169,10:50:57,3.92,0.01,39,15288,买盘
1170,10:51:01,3.91,-0.01,19,7429,卖盘
1171,10:51:16,3.91,0.0,9,3519,卖盘
1172,10:51:19,3.91,0.0,14,5474,卖盘
1173,10:51:27,3.91,0.0,30,11730,卖盘
1174,10:51:31,3.91,0.0,1,391,买盘
1175,10:51:49,3.9,-0.01,56,21840,卖盘
1176,10:51:54,3.9,0.0,32,12480,卖盘
1177,10:52:01,3.9,0.0,1,390,卖盘
1178,10:52:07,3.9,0.0,10,3905,卖盘
1179,10:52:12,3.9,0.0,308,120120,卖盘
1180,10:52:25,3.9,0.0,4,1560,卖盘
1181,10:52:27,3.9,0.0,5,1950,卖盘
1182,10:52:31,3.9,0.0,18,7020,卖盘
1183,10:52:43,3.89,-0.01,3,1167,卖盘
1184,10:52:52,3.9,0.01,20,7800,买盘
1185,10:52:55,3.9,0.0,16,6240,买盘
1186,10:53:01,3.89,-0.01,41,15949,卖盘
1187,10:53:15,3.89,0.0,36,14020,卖盘
1188,10:53:24,3.89,0.0,9,3501,卖盘
1189,10:53:31,3.9,0.01,10,3900,买盘
1190,10:53:34,3.89,-0.01,173,67307,卖盘
1191,10:53:37,3.9,0.01,5,1950,买盘
1192,10:53:45,3.89,-0.01,73,28413,卖盘
1193,10:53:49,3.9,0.01,15,5850,买盘
1194,10:53:55,3.9,0.0,9,3510,买盘
1195,10:53:58,3.9,0.0,117,45630,买盘
1196,10:54:01,3.9,0.0,33,12870,卖盘
1197,10:54:16,3.9,0.0,11,4284,买盘
1198,10:54:18,3.9,0.0,35,13650,买盘
1199,10:54:22,3.9,0.0,27,10530,卖盘
1200,10:54:25,3.9,0.0,23,8970,买盘
1201,10:54:45,3.9,0.0,13,5070,卖盘
1202,10:55:04,3.9,0.0,161,62790,卖盘
1203,10:55:06,3.9,0.0,6,2340,卖盘
1204,10:55:09,3.9,0.0,20,7800,卖盘
1205,10:55:22,3.9,0.0,24,9360,卖盘
1206,10:55:25,3.9,0.0,24,9360,卖盘
1207,10:55:27,3.9,0.0,55,21450,卖盘
1208,10:55:37,3.9,0.0,14,5460,卖盘
1209,10:55:40,3.9,0.0,6,2340,卖盘
1210,10:56:00,3.9,0.0,5,1950,卖盘
1211,10:56:04,3.9,0.0,146,56940,卖盘
1212,10:56:09,3.9,0.0,17,6630,卖盘
1213,10:56:13,3.91,0.01,2,782,买盘
1214,10:56:16,3.9,-0.01,3,1170,卖盘
1215,10:56:22,3.9,0.0,304,118560,卖盘
1216,10:56:25,3.9,0.0,25,9750,买盘
1217,10:56:28,3.9,0.0,3,1170,买盘
1218,10:56:31,3.9,0.0,20,7800,买盘
1219,10:56:34,3.9,0.0,10,3900,买盘
1220,10:56:36,3.9,0.0,9,3510,买盘
1221,10:56:39,3.9,0.0,119,46410,买盘
1222,10:56:43,3.89,-0.01,300,116700,卖盘
1223,10:56:46,3.9,0.01,24,9360,买盘
1224,10:56:51,3.9,0.0,13,5070,卖盘
1225,10:56:55,3.9,0.0,48,18720,买盘
1226,10:56:57,3.89,-0.01,500,194502,卖盘
1227,10:57:00,3.9,0.01,41,15986,买盘
1228,10:57:04,3.9,0.0,37,14430,买盘
1229,10:57:06,3.9,0.0,37,14430,买盘
1230,10:57:09,3.9,0.0,7,2730,买盘
1231,10:57:16,3.9,0.0,8,3120,卖盘
1232,10:57:22,3.9,0.0,16,6240,买盘
1233,10:57:25,3.9,0.0,12,4680,买盘
1234,10:57:40,3.9,0.0,50,19500,卖盘
1235,10:57:46,3.9,0.0,7,2730,卖盘
1236,10:57:49,3.9,0.0,79,30810,卖盘
1237,10:57:51,3.9,0.0,5,1950,卖盘
1238,10:57:54,3.9,0.0,8,3120,卖盘
1239,10:58:00,3.9,0.0,2,780,卖盘
1240,10:58:07,3.9,0.0,1,390,卖盘
1241,10:58:10,3.9,0.0,69,27066,卖盘
1242,10:58:13,3.91,0.01,20,7820,买盘
1243,10:58:28,3.89,-0.02,391,152056,卖盘
1244,10:58:31,3.89,0.0,89,34621,买盘
1245,10:58:34,3.89,0.0,131,50959,买盘
1246,10:58:43,3.88,-0.01,17,6596,卖盘
1247,10:58:49,3.89,0.01,348,135372,买盘
1248,10:58:52,3.89,0.0,54,21162,买盘
1249,10:58:57,3.88,-0.01,148,57511,卖盘
1250,10:59:07,3.89,0.01,141,54849,卖盘
1251,10:59:16,3.89,0.0,30,11670,卖盘
1252,10:59:19,3.89,0.0,9,3501,卖盘
1253,10:59:22,3.89,0.0,9,3501,卖盘
1254,10:59:28,3.89,0.0,34,13226,卖盘
1255,10:59:30,3.9,0.01,46,17940,买盘
1256,10:59:33,3.89,-0.01,50,19450,卖盘
1257,10:59:37,3.9,0.01,38,14820,买盘
1258,10:59:43,3.89,-0.01,68,26452,卖盘
1259,10:59:52,3.89,0.0,353,137317,卖盘
1260,10:59:55,3.9,0.01,10,3900,买盘
1261,10:59:58,3.89,-0.01,53,20617,卖盘
1262,11:00:04,3.89,0.0,52,20228,卖盘
1263,11:00:07,3.89,0.0,115,44735,卖盘
1264,11:00:10,3.89,0.0,9,3501,卖盘
1265,11:00:13,3.89,0.0,15,5835,买盘
1266,11:00:16,3.89,0.0,28,10892,买盘
1267,11:00:18,3.88,-0.01,25,9700,卖盘
1268,11:00:21,3.89,0.01,18,7002,买盘
1269,11:00:28,3.89,0.0,104,40456,买盘
1270,11:00:34,3.89,0.0,1,389,买盘
1271,11:00:37,3.89,0.0,109,42392,买盘
1272,11:00:40,3.89,0.0,284,110474,买盘
1273,11:00:46,3.88,-0.01,30,11640,卖盘
1274,11:00:48,3.89,0.01,68,26432,买盘
1275,11:00:55,3.89,0.0,20,7780,买盘
1276,11:00:58,3.89,0.0,10,3890,买盘
1277,11:01:04,3.89,0.0,45,17505,买盘
1278,11:01:07,3.88,-0.01,38,14744,卖盘
1279,11:01:10,3.89,0.01,39,15171,买盘
1280,11:01:13,3.88,-0.01,1652,640821,卖盘
1281,11:01:16,3.88,0.0,27,10476,买盘
1282,11:01:18,3.87,-0.01,25,9675,卖盘
1283,11:01:24,3.87,0.0,29,11223,卖盘
1284,11:01:27,3.87,0.0,2,774,卖盘
1285,11:01:34,3.87,0.0,847,327819,卖盘
1286,11:01:43,3.86,-0.01,131,50566,卖盘
1287,11:01:46,3.86,0.0,245,94700,卖盘
1288,11:01:52,3.86,0.0,234,90445,卖盘
1289,11:01:55,3.86,0.0,2,772,卖盘
1290,11:01:58,3.86,0.0,297,114774,卖盘
1291,11:02:01,3.86,0.0,72,27792,卖盘
1292,11:02:04,3.86,0.0,15,5790,卖盘
1293,11:02:07,3.86,0.0,161,62158,卖盘
1294,11:02:10,3.86,0.0,179,69094,卖盘
1295,11:02:12,3.86,0.0,131,50566,卖盘
1296,11:02:16,3.86,0.0,20,7720,卖盘
1297,11:02:19,3.87,0.01,143,55236,买盘
1298,11:02:22,3.86,-0.01,780,301080,卖盘
1299,11:02:25,3.86,0.0,221,85306,卖盘
1300,11:02:27,3.87,0.01,110,42570,买盘
1301,11:02:30,3.86,-0.01,13,5018,卖盘
1302,11:02:34,3.86,0.0,39,15068,卖盘
1303,11:02:37,3.86,0.0,250,96500,卖盘
1304,11:02:40,3.86,0.0,10,3860,卖盘
1305,11:02:43,3.86,0.0,143,55198,卖盘
1306,11:02:45,3.86,0.0,117,45162,买盘
1307,11:02:49,3.86,0.0,1224,471376,买盘
1308,11:02:55,3.87,0.01,80,30960,买盘
1309,11:02:58,3.86,-0.01,5,1930,卖盘
1310,11:03:01,3.86,0.0,14,5409,卖盘
1311,11:03:04,3.87,0.01,1,387,买盘
1312,11:03:10,3.87,0.0,100,38700,买盘
1313,11:03:16,3.87,0.0,405,156480,买盘
1314,11:03:19,3.86,-0.01,7,2702,卖盘
1315,11:03:21,3.87,0.01,74,28635,买盘
1316,11:03:24,3.87,0.0,173,66951,买盘
1317,11:03:27,3.86,-0.01,46,17780,卖盘
1318,11:03:31,3.86,0.0,100,38600,卖盘
1319,11:03:37,3.87,0.01,145,56115,买盘
1320,11:03:40,3.87,0.0,312,120437,买盘
1321,11:03:43,3.87,0.0,150,58050,买盘
1322,11:03:46,3.86,-0.01,125,48250,卖盘
1323,11:03:49,3.87,0.01,24,9282,买盘
1324,11:03:52,3.86,-0.01,12,4632,卖盘
1325,11:03:54,3.87,0.01,96,37092,买盘
1326,11:03:57,3.87,0.0,53,20511,买盘
1327,11:04:01,3.87,0.0,52,20124,买盘
1328,11:04:04,3.86,-0.01,80,30880,卖盘
1329,11:04:07,3.87,0.01,20,7740,买盘
1330,11:04:13,3.87,0.0,34,13145,买盘
1331,11:04:19,3.86,-0.01,78,30120,卖盘
1332,11:04:24,3.87,0.01,72,27864,买盘
1333,11:04:28,3.86,-0.01,168,64876,卖盘
1334,11:04:31,3.86,0.0,1,386,卖盘
1335,11:04:37,3.87,0.01,1,387,买盘
1336,11:04:39,3.87,0.0,30,11610,买盘
1337,11:04:42,3.86,-0.01,18,6958,卖盘
1338,11:04:46,3.87,0.01,54,20898,买盘
1339,11:04:49,3.86,-0.01,254,98145,卖盘
1340,11:04:55,3.86,0.0,54,20844,卖盘
1341,11:05:00,3.87,0.01,13,5031,买盘
1342,11:05:04,3.86,-0.01,131,50573,卖盘
1343,11:05:10,3.87,0.01,15,5805,卖盘
1344,11:05:13,3.87,0.0,20,7740,卖盘
1345,11:05:18,3.87,0.0,46,17802,卖盘
1346,11:05:22,3.87,0.0,45,17415,买盘
1347,11:05:28,3.87,0.0,2,774,买盘
1348,11:05:37,3.87,0.0,100,38700,卖盘
1349,11:05:40,3.87,0.0,6,2322,卖盘
1350,11:05:43,3.87,0.0,20,7740,卖盘
1351,11:05:48,3.87,0.0,58,22446,卖盘
1352,11:05:55,3.86,-0.01,5,1930,卖盘
1353,11:05:57,3.87,0.01,2,774,买盘
1354,11:06:01,3.87,0.0,2,774,买盘
1355,11:06:04,3.87,0.0,8,3096,买盘
1356,11:06:07,3.86,-0.01,60,23182,卖盘
1357,11:06:10,3.86,0.0,371,143206,卖盘
1358,11:06:13,3.88,0.02,5,1940,买盘
1359,11:06:15,3.87,-0.01,10,3870,中性盘
1360,11:06:19,3.87,0.0,10,3870,卖盘
1361,11:06:22,3.87,0.0,45,17415,买盘
1362,11:06:25,3.86,-0.01,118,45634,卖盘
1363,11:06:31,3.86,0.0,292,112718,卖盘
1364,11:06:34,3.86,0.0,97,37382,买盘
1365,11:06:37,3.86,0.0,34,13111,买盘
1366,11:06:40,3.85,-0.01,205,79017,卖盘
1367,11:06:43,3.87,0.02,100,38700,买盘
1368,11:06:46,3.85,-0.02,352,135538,卖盘
1369,11:06:49,3.86,0.01,13,5018,买盘
1370,11:06:51,3.85,-0.01,110,42368,卖盘
1371,11:06:58,3.85,0.0,40,15420,卖盘
1372,11:07:01,3.86,0.01,54,20804,买盘
1373,11:07:07,3.85,-0.01,111,42735,卖盘
1374,11:07:10,3.85,0.0,120,46200,卖盘
1375,11:07:13,3.86,0.01,41,15788,买盘
1376,11:07:16,3.85,-0.01,465,179025,卖盘
1377,11:07:19,3.85,0.0,10,3850,买盘
1378,11:07:28,3.84,-0.01,20,7680,卖盘
1379,11:07:31,3.84,0.0,45,17320,卖盘
1380,11:07:34,3.84,0.0,127,48890,卖盘
1381,11:07:40,3.84,0.0,137,52608,卖盘
1382,11:07:43,3.84,0.0,14,5376,卖盘
1383,11:07:46,3.84,0.0,192,73790,卖盘
1384,11:07:49,3.84,0.0,884,339456,卖盘
1385,11:07:51,3.84,0.0,14,5376,买盘
1386,11:07:55,3.84,0.0,86,33004,买盘
1387,11:07:58,3.83,-0.01,151,57966,卖盘
1388,11:08:01,3.83,0.0,111,42584,卖盘
1389,11:08:04,3.84,0.01,109,41845,买盘
1390,11:08:06,3.84,0.0,89,34176,买盘
1391,11:08:10,3.83,-0.01,325,124675,卖盘
1392,11:08:13,3.83,0.0,81,31063,卖盘
1393,11:08:15,3.84,0.01,65,24950,买盘
1394,11:08:18,3.84,0.0,141,54144,卖盘
1395,11:08:21,3.84,0.0,220,84480,卖盘
1396,11:08:25,3.84,0.0,48,18432,卖盘
1397,11:08:28,3.84,0.0,29,11136,卖盘
1398,11:08:31,3.84,0.0,30,11520,卖盘
1399,11:08:34,3.85,0.01,52,20020,买盘
1400,11:08:37,3.84,-0.01,122,46948,卖盘
1401,11:08:40,3.85,0.01,26,10010,买盘
1402,11:08:43,3.85,0.0,8,3080,买盘
1403,11:08:46,3.85,0.0,220,84500,买盘
1404,11:08:49,3.85,0.0,113,43504,买盘
1405,11:08:52,3.85,0.0,395,151788,买盘
1406,11:08:55,3.85,0.0,10,3850,买盘
1407,11:08:57,3.85,0.0,55,21324,买盘
1408,11:09:04,3.86,0.01,4,1543,买盘
1409,11:09:10,3.86,0.0,12,4632,买盘
1410,11:09:13,3.86,0.0,8,3088,买盘
1411,11:09:19,3.86,0.0,5,1930,买盘
1412,11:09:25,3.86,0.0,53,20458,买盘
1413,11:09:33,3.86,0.0,26,10036,买盘
1414,11:09:37,3.85,-0.01,43,16582,卖盘
1415,11:09:46,3.86,0.01,67,25862,卖盘
1416,11:09:54,3.86,0.0,64,24704,买盘
1417,11:09:58,3.87,0.01,58,22417,买盘
1418,11:10:01,3.85,-0.02,33,12705,卖盘
1419,11:10:04,3.86,0.01,50,19300,买盘
1420,11:10:07,3.86,0.0,5,1930,卖盘
1421,11:10:13,3.86,0.0,103,39758,卖盘
1422,11:10:19,3.87,0.01,39,15058,买盘
1423,11:10:22,3.87,0.0,1,387,买盘
1424,11:10:30,3.87,0.0,52,20124,买盘
1425,11:10:40,3.86,-0.01,10,3860,卖盘
1426,11:10:43,3.87,0.01,30,11610,买盘
1427,11:10:55,3.87,0.0,3,1161,买盘
1428,11:11:16,3.86,-0.01,405,156330,卖盘
1429,11:11:21,3.86,0.0,201,77786,卖盘
1430,11:11:28,3.86,0.0,52,20072,卖盘
1431,11:11:34,3.86,0.0,130,50180,卖盘
1432,11:11:42,3.87,0.01,13,5031,买盘
1433,11:11:46,3.86,-0.01,44,17023,卖盘
1434,11:11:49,3.86,0.0,26,10036,卖盘
1435,11:11:55,3.87,0.01,10,3870,买盘
1436,11:11:58,3.86,-0.01,50,19300,卖盘
1437,11:12:04,3.86,0.0,1,386,卖盘
1438,11:12:07,3.87,0.01,45,17413,买盘
1439,11:12:13,3.87,0.0,225,87075,买盘
1440,11:12:16,3.87,0.0,44,17028,买盘
1441,11:12:22,3.87,0.0,4,1548,买盘
1442,11:12:25,3.87,0.0,10,3870,买盘
1443,11:12:31,3.87,0.0,25,9675,买盘
1444,11:12:49,3.89,0.02,157,60940,买盘
1445,11:12:55,3.88,-0.01,10,3880,买盘
1446,11:13:04,3.86,-0.02,1341,518956,卖盘
1447,11:13:09,3.87,0.01,136,52632,买盘
1448,11:13:12,3.87,0.0,2,774,买盘
1449,11:13:15,3.87,0.0,43,16641,买盘
1450,11:13:19,3.87,0.0,41,15867,买盘
1451,11:13:22,3.87,0.0,5,1935,买盘
1452,11:13:25,3.86,-0.01,166,64222,卖盘
1453,11:13:37,3.87,0.01,104,40248,买盘
1454,11:13:46,3.86,-0.01,110,42460,卖盘
1455,11:13:49,3.87,0.01,181,70027,买盘
1456,11:13:55,3.86,-0.01,20,7720,卖盘
1457,11:14:01,3.87,0.01,51,19737,买盘
1458,11:14:06,3.87,0.0,10,3870,买盘
1459,11:14:12,3.86,-0.01,9,3474,卖盘
1460,11:14:19,3.87,0.01,114,44118,买盘
1461,11:14:31,3.87,0.0,30,11610,卖盘
1462,11:14:34,3.87,0.0,686,265482,卖盘
1463,11:14:39,3.88,0.01,48,18623,买盘
1464,11:14:43,3.87,-0.01,40,15480,卖盘
1465,11:14:49,3.88,0.01,40,15520,买盘
1466,11:14:52,3.87,-0.01,30,11610,卖盘
1467,11:14:55,3.87,0.0,20,7740,卖盘
1468,11:15:01,3.88,0.01,22,8524,买盘
1469,11:15:13,3.88,0.0,24,9312,买盘
1470,11:15:19,3.88,0.0,90,34920,买盘
1471,11:15:24,3.88,0.0,100,38800,卖盘
1472,11:15:27,3.88,0.0,1,388,卖盘
1473,11:15:31,3.88,0.0,5,1940,卖盘
1474,11:15:40,3.88,0.0,49,19012,卖盘
1475,11:15:46,3.88,0.0,73,28324,卖盘
1476,11:15:52,3.88,0.0,20,7760,买盘
1477,11:16:04,3.87,-0.01,30,11610,卖盘
1478,11:16:18,3.88,0.01,1,388,买盘
1479,11:16:28,3.88,0.0,46,17848,买盘
1480,11:16:34,3.88,0.0,10,3880,买盘
1481,11:16:40,3.88,0.0,36,13968,买盘
1482,11:16:43,3.88,0.0,80,31040,买盘
1483,11:16:49,3.88,0.0,36,13968,卖盘
1484,11:16:52,3.88,0.0,61,23668,卖盘
1485,11:17:00,3.88,0.0,467,181196,卖盘
1486,11:17:06,3.88,0.0,52,20176,买盘
1487,11:17:18,3.88,0.0,11,4268,买盘
1488,11:17:21,3.87,-0.01,10,3870,卖盘
1489,11:17:37,3.87,0.0,62,23994,卖盘
1490,11:17:39,3.87,0.0,61,23607,卖盘
1491,11:17:43,3.87,0.0,318,123066,卖盘
1492,11:17:48,3.87,0.0,39,15093,买盘
1493,11:18:01,3.86,-0.01,372,143592,卖盘
1494,11:18:07,3.87,0.01,93,35978,买盘
1495,11:18:13,3.86,-0.01,15,5790,卖盘
1496,11:18:16,3.86,0.0,81,31266,卖盘
1497,11:18:28,3.86,0.0,20,7720,卖盘
1498,11:18:31,3.86,0.0,9,3474,卖盘
1499,11:18:37,3.86,0.0,584,225424,卖盘
1500,11:18:40,3.86,0.0,5,1930,买盘
1501,11:18:49,3.85,-0.01,30,11550,卖盘
1502,11:18:52,3.85,0.0,114,43990,卖盘
1503,11:18:55,3.86,0.01,5,1930,买盘
1504,11:19:01,3.86,0.0,15,5790,买盘
1505,11:19:04,3.85,-0.01,170,65550,卖盘
1506,11:19:10,3.85,0.0,454,174790,卖盘
1507,11:19:13,3.86,0.01,170,65478,买盘
1508,11:19:16,3.85,-0.01,200,77000,卖盘
1509,11:19:22,3.85,0.0,12,4620,卖盘
1510,11:19:24,3.85,0.0,66,25410,卖盘
1511,11:19:31,3.85,0.0,136,52360,卖盘
1512,11:19:34,3.85,0.0,40,15400,卖盘
1513,11:19:37,3.85,0.0,538,207130,卖盘
1514,11:19:40,3.85,0.0,2,770,买盘
1515,11:19:43,3.85,0.0,1,385,买盘
1516,11:19:49,3.85,0.0,22,8470,买盘
1517,11:19:52,3.84,-0.01,51,19589,卖盘
1518,11:19:55,3.85,0.01,150,57615,买盘
1519,11:20:04,3.84,-0.01,20,7680,卖盘
1520,11:20:06,3.84,0.0,32,12288,卖盘
1521,11:20:10,3.83,-0.01,1000,383913,卖盘
1522,11:20:13,3.84,0.01,100,38400,中性盘
1523,11:20:16,3.85,0.01,9,3465,买盘
1524,11:20:19,3.84,-0.01,21,8065,卖盘
1525,11:20:22,3.84,0.0,6,2304,卖盘
1526,11:20:25,3.85,0.01,10,3850,中性盘
1527,11:20:28,3.85,0.0,5,1925,卖盘
1528,11:20:31,3.85,0.0,15,5775,卖盘
1529,11:20:34,3.85,0.0,55,21175,卖盘
1530,11:20:45,3.85,0.0,151,58135,卖盘
1531,11:20:51,3.85,0.0,136,52360,买盘
1532,11:20:58,3.84,-0.01,15,5760,卖盘
1533,11:21:01,3.84,0.0,72,27648,卖盘
1534,11:21:04,3.84,0.0,43,16512,卖盘
1535,11:21:13,3.84,0.0,50,19200,卖盘
1536,11:21:16,3.85,0.01,14,5388,买盘
1537,11:21:19,3.85,0.0,10,3850,买盘
1538,11:21:22,3.84,-0.01,104,39936,卖盘
1539,11:21:25,3.85,0.01,50,19202,买盘
1540,11:21:31,3.85,0.0,220,84700,买盘
1541,11:21:40,3.84,-0.01,12,4614,卖盘
1542,11:21:43,3.85,0.01,22,8450,买盘
1543,11:21:46,3.85,0.0,100,38500,买盘
1544,11:21:49,3.84,-0.01,89,34234,卖盘
1545,11:21:51,3.84,0.0,1,384,卖盘
1546,11:21:54,3.85,0.01,42,16170,买盘
1547,11:22:01,3.84,-0.01,100,38413,卖盘
1548,11:22:07,3.86,0.02,23,8878,买盘
1549,11:22:10,3.84,-0.02,5,1920,卖盘
1550,11:22:15,3.84,0.0,21,8065,卖盘
1551,11:22:22,3.86,0.02,600,231399,买盘
1552,11:22:25,3.84,-0.02,12,4608,卖盘
1553,11:22:28,3.84,0.0,8,3072,卖盘
1554,11:22:31,3.85,0.01,3,1155,中性盘
1555,11:22:34,3.85,0.0,2,770,买盘
1556,11:22:43,3.85,0.0,51,19635,卖盘
1557,11:22:46,3.85,0.0,4,1540,卖盘
1558,11:22:48,3.86,0.01,10,3860,买盘
1559,11:22:55,3.85,-0.01,139,53515,卖盘
1560,11:22:57,3.85,0.0,40,15400,卖盘
1561,11:23:01,3.85,0.0,7,2695,卖盘
1562,11:23:07,3.86,0.01,20,7720,买盘
1563,11:23:10,3.86,0.0,7,2702,买盘
1564,11:23:13,3.85,-0.01,39,15015,卖盘
1565,11:23:19,3.85,0.0,3,1155,卖盘
1566,11:23:25,3.86,0.01,2,772,买盘
1567,11:23:28,3.85,-0.01,43,16577,卖盘
1568,11:23:31,3.86,0.01,1,386,买盘
1569,11:23:34,3.85,-0.01,6,2310,卖盘
1570,11:23:36,3.86,0.01,21,8106,买盘
1571,11:23:42,3.86,0.0,71,27395,买盘
1572,11:23:46,3.85,-0.01,23,8855,卖盘
1573,11:23:51,3.86,0.01,20,7720,买盘
1574,11:23:55,3.86,0.0,22,8492,买盘
1575,11:24:13,3.86,0.0,2,772,买盘
1576,11:24:15,3.85,-0.01,1,385,卖盘
1577,11:24:25,3.85,0.0,2,770,卖盘
1578,11:24:28,3.86,0.01,26,10036,买盘
1579,11:24:33,3.85,-0.01,171,65906,卖盘
1580,11:24:49,3.86,0.01,4,1544,买盘
1581,11:24:52,3.86,0.0,104,40144,买盘
1582,11:24:54,3.86,0.0,137,52882,买盘
1583,11:25:01,3.85,-0.01,57,21945,卖盘
1584,11:25:04,3.86,0.01,15,5790,买盘
1585,11:25:06,3.86,0.0,50,19300,买盘
1586,11:25:09,3.86,0.0,15,5790,买盘
1587,11:25:12,3.86,0.0,451,174086,买盘
1588,11:25:15,3.85,-0.01,82,31570,卖盘
1589,11:25:19,3.86,0.01,389,150154,买盘
1590,11:25:22,3.86,0.0,100,38600,卖盘
1591,11:25:28,3.86,0.0,5,1930,卖盘
1592,11:25:33,3.87,0.01,50,19350,买盘
1593,11:25:37,3.87,0.0,25,9675,卖盘
1594,11:25:42,3.87,0.0,1,387,卖盘
1595,11:25:49,3.88,0.01,244,94672,买盘
1596,11:26:10,3.89,0.01,17,6613,买盘
1597,11:26:18,3.89,0.0,1,389,买盘
1598,11:26:21,3.89,0.0,55,21395,买盘
1599,11:26:28,3.89,0.0,20,7780,买盘
1600,11:26:31,3.88,-0.01,120,46560,卖盘
1601,11:26:34,3.88,0.0,16,6208,卖盘
1602,11:26:36,3.89,0.01,25,9725,买盘
1603,11:26:43,3.89,0.0,84,32676,买盘
1604,11:26:45,3.88,-0.01,47,18236,卖盘
1605,11:26:51,3.89,0.01,85,33065,买盘
1606,11:26:55,3.88,-0.01,5,1940,卖盘
1607,11:26:57,3.88,0.0,100,38800,卖盘
1608,11:27:04,3.88,0.0,9,3492,卖盘
1609,11:27:06,3.89,0.01,122,47408,买盘
1610,11:27:13,3.88,-0.01,84,32592,卖盘
1611,11:27:21,3.89,0.01,39,15171,买盘
1612,11:27:24,3.88,-0.01,40,15520,卖盘
1613,11:27:28,3.89,0.01,22,8558,买盘
1614,11:27:37,3.89,0.0,99,38451,买盘
1615,11:27:40,3.88,-0.01,44,17111,卖盘
1616,11:27:43,3.89,0.01,3,1167,买盘
1617,11:27:57,3.89,0.0,38,14782,买盘
1618,11:28:01,3.89,0.0,40,15560,买盘
1619,11:28:04,3.89,0.0,40,15560,买盘
1620,11:28:07,3.88,-0.01,92,35724,卖盘
1621,11:28:13,3.88,0.0,33,12804,卖盘
1622,11:28:15,3.88,0.0,22,8536,卖盘
1623,11:28:21,3.88,0.0,18,6984,买盘
1624,11:28:31,3.87,-0.01,59,22868,卖盘
1625,11:28:42,3.88,0.01,14,5432,买盘
1626,11:28:49,3.88,0.0,3,1164,买盘
1627,11:29:04,3.89,0.01,37,14383,买盘
1628,11:29:07,3.88,-0.01,5,1940,卖盘
1629,11:29:13,3.89,0.01,40,15560,买盘
1630,11:29:16,3.87,-0.02,2,774,卖盘
1631,11:29:22,3.88,0.01,20,7760,买盘
1632,11:29:40,3.88,0.0,318,123384,卖盘
1633,11:29:43,3.88,0.0,145,56260,买盘
1634,11:29:48,3.89,0.01,21,8161,买盘
1635,11:29:51,3.88,-0.01,75,29100,卖盘
1636,13:00:04,3.88,0.0,369,143203,卖盘
1637,13:00:07,3.87,-0.01,448,173404,卖盘
1638,13:00:21,3.88,0.01,29,11250,买盘
1639,13:00:33,3.88,0.0,40,15520,买盘
1640,13:00:40,3.88,0.0,10,3880,买盘
1641,13:00:58,3.88,0.0,38,14744,买盘
1642,13:01:04,3.87,-0.01,4,1548,卖盘
1643,13:01:12,3.87,0.0,95,36765,卖盘
1644,13:01:19,3.87,0.0,5,1935,买盘
1645,13:01:30,3.88,0.01,5,1940,买盘
1646,13:01:46,3.88,0.0,7,2716,买盘
1647,13:01:49,3.88,0.0,65,25188,买盘
1648,13:01:52,3.87,-0.01,25,9696,卖盘
1649,13:01:54,3.88,0.01,18,6984,买盘
1650,13:02:13,3.87,-0.01,10,3870,卖盘
1651,13:02:24,3.87,0.0,10,3870,卖盘
1652,13:02:27,3.88,0.01,21,8148,买盘
1653,13:02:30,3.87,-0.01,60,23220,卖盘
1654,13:02:33,3.88,0.01,45,17417,买盘
1655,13:02:37,3.88,0.0,10,3880,买盘
1656,13:02:46,3.87,-0.01,16,6192,卖盘
1657,13:02:49,3.87,0.0,5,1935,卖盘
1658,13:02:54,3.86,-0.01,52,20122,卖盘
1659,13:03:09,3.86,0.0,1,386,卖盘
1660,13:03:16,3.86,0.0,19,7334,卖盘
1661,13:03:21,3.86,0.0,31,11966,卖盘
1662,13:03:25,3.86,0.0,50,19300,卖盘
1663,13:03:40,3.86,0.0,148,57128,卖盘
1664,13:03:51,3.86,0.0,36,13896,卖盘
1665,13:04:00,3.86,0.0,32,12374,卖盘
1666,13:04:04,3.86,0.0,98,37828,卖盘
1667,13:04:18,3.86,0.0,9,3474,卖盘
1668,13:04:24,3.86,0.0,40,15440,卖盘
1669,13:04:37,3.87,0.01,3,1161,买盘
1670,13:04:40,3.86,-0.01,21,8106,卖盘
1671,13:04:45,3.86,0.0,101,38986,卖盘
1672,13:04:48,3.86,0.0,33,12743,卖盘
1673,13:04:54,3.87,0.01,23,8901,买盘
1674,13:05:00,3.86,-0.01,1,386,卖盘
1675,13:05:04,3.86,0.0,1,386,卖盘
1676,13:05:16,3.86,0.0,37,14282,卖盘
1677,13:05:22,3.87,0.01,3,1161,买盘
1678,13:05:30,3.87,0.0,205,79303,买盘
1679,13:05:40,3.86,-0.01,1,386,卖盘
1680,13:05:43,3.86,0.0,5,1930,卖盘
1681,13:06:07,3.86,0.0,64,24704,卖盘
1682,13:06:10,3.86,0.0,2,772,卖盘
1683,13:06:15,3.87,0.01,50,19350,买盘
1684,13:06:22,3.86,-0.01,15,5790,卖盘
1685,13:06:28,3.86,0.0,43,16598,卖盘
1686,13:06:31,3.86,0.0,2,772,卖盘
1687,13:06:37,3.86,0.0,110,42460,卖盘
1688,13:06:49,3.87,0.01,48,18576,买盘
1689,13:07:04,3.86,-0.01,84,32424,卖盘
1690,13:07:12,3.86,0.0,5,1930,卖盘
1691,13:07:28,3.86,0.0,96,37056,卖盘
1692,13:07:31,3.87,0.01,1,387,买盘
1693,13:07:37,3.86,-0.01,81,31266,卖盘
1694,13:07:51,3.85,-0.01,400,154000,卖盘
1695,13:07:54,3.85,0.0,98,37733,卖盘
1696,13:08:10,3.85,0.0,142,54670,卖盘
1697,13:08:25,3.86,0.01,50,19300,买盘
1698,13:08:28,3.85,-0.01,12,4620,卖盘
1699,13:08:31,3.85,0.0,295,113575,卖盘
1700,13:08:34,3.85,0.0,40,15400,卖盘
1701,13:08:40,3.85,0.0,92,35420,卖盘
1702,13:08:43,3.85,0.0,56,21560,卖盘
1703,13:08:46,3.85,0.0,5,1925,卖盘
1704,13:08:48,3.85,0.0,112,43120,卖盘
1705,13:08:57,3.85,0.0,110,42350,卖盘
1706,13:09:12,3.86,0.01,50,19300,买盘
1707,13:09:19,3.85,-0.01,128,49280,卖盘
1708,13:09:24,3.86,0.01,30,11580,买盘
1709,13:09:30,3.86,0.0,199,76814,买盘
1710,13:09:36,3.86,0.0,55,21230,买盘
1711,13:09:49,3.86,0.0,103,39758,买盘
1712,13:10:04,3.86,0.0,171,66006,买盘
1713,13:10:06,3.86,0.0,20,7720,买盘
1714,13:10:13,3.86,0.0,107,41302,买盘
1715,13:10:18,3.86,0.0,1,386,卖盘
1716,13:10:25,3.86,0.0,44,16984,卖盘
1717,13:10:28,3.86,0.0,20,7720,卖盘
1718,13:10:37,3.86,0.0,1,386,卖盘
1719,13:10:46,3.87,0.01,5,1935,买盘
1720,13:10:52,3.87,0.0,8,3096,买盘
1721,13:10:55,3.85,-0.02,1000,385238,卖盘
1722,13:11:04,3.87,0.02,10,3870,买盘
1723,13:11:13,3.86,-0.01,116,44776,卖盘
1724,13:11:15,3.87,0.01,35,13545,买盘
1725,13:11:19,3.87,0.0,8,3096,买盘
1726,13:11:21,3.87,0.0,116,44892,买盘
1727,13:11:28,3.87,0.0,35,13545,卖盘
1728,13:11:31,3.87,0.0,114,44118,卖盘
1729,13:11:37,3.86,-0.01,126,48759,卖盘
1730,13:11:43,3.87,0.01,1,387,卖盘
1731,13:11:55,3.87,0.0,117,45279,卖盘
1732,13:12:01,3.87,0.0,47,18189,买盘
1733,13:12:04,3.87,0.0,97,37539,买盘
1734,13:12:10,3.87,0.0,1,387,买盘
1735,13:12:15,3.86,-0.01,22,8504,卖盘
1736,13:12:25,3.87,0.01,17,6579,卖盘
1737,13:12:46,3.88,0.01,70,27160,买盘
1738,13:12:51,3.87,-0.01,2,774,卖盘
1739,13:13:19,3.87,0.0,15,5805,卖盘
1740,13:13:22,3.88,0.01,10,3880,买盘
1741,13:13:25,3.88,0.0,84,32592,买盘
1742,13:13:28,3.88,0.0,49,19012,买盘
1743,13:13:36,3.87,-0.01,6,2322,卖盘
1744,13:13:43,3.87,0.0,139,53793,卖盘
1745,13:13:46,3.87,0.0,140,54180,买盘
1746,13:13:54,3.87,0.0,106,41022,买盘
1747,13:14:07,3.87,0.0,118,45666,买盘
1748,13:14:25,3.87,0.0,9,3483,买盘
1749,13:14:28,3.87,0.0,88,34056,买盘
1750,13:14:33,3.87,0.0,1,387,买盘
1751,13:14:45,3.86,-0.01,5,1930,卖盘
1752,13:14:49,3.87,0.01,52,20124,买盘
1753,13:14:58,3.86,-0.01,237,91482,卖盘
1754,13:15:01,3.86,0.0,20,7720,卖盘
1755,13:15:07,3.86,0.0,7,2702,卖盘
1756,13:15:10,3.86,0.0,172,66444,卖盘
1757,13:15:13,3.86,0.0,39,15054,买盘
1758,13:15:22,3.85,-0.01,70,26950,卖盘
1759,13:15:40,3.85,0.0,10,3850,卖盘
1760,13:15:45,3.85,0.0,234,90090,卖盘
1761,13:15:48,3.85,0.0,100,38500,卖盘
1762,13:15:51,3.85,0.0,10,3850,卖盘
1763,13:15:54,3.85,0.0,947,364595,卖盘
1764,13:16:06,3.85,0.0,308,118580,买盘
1765,13:16:13,3.85,0.0,20,7700,卖盘
1766,13:16:19,3.85,0.0,10,3850,卖盘
1767,13:16:22,3.85,0.0,24,9240,卖盘
1768,13:16:25,3.85,0.0,15,5775,卖盘
1769,13:16:27,3.85,0.0,73,28105,卖盘
1770,13:16:36,3.86,0.01,46,17756,买盘
1771,13:16:39,3.86,0.0,23,8875,买盘
1772,13:16:46,3.86,0.0,41,15826,买盘
1773,13:16:49,3.85,-0.01,34,13090,卖盘
1774,13:16:52,3.85,0.0,15,5775,卖盘
1775,13:17:01,3.86,0.01,29,11185,买盘
1776,13:17:07,3.86,0.0,41,15826,买盘
1777,13:17:21,3.86,0.0,51,19686,买盘
1778,13:17:28,3.86,0.0,40,15440,买盘
1779,13:17:30,3.86,0.0,5,1930,买盘
1780,13:17:40,3.86,0.0,4,1544,买盘
1781,13:17:43,3.86,0.0,44,16984,买盘
1782,13:17:51,3.86,0.0,94,36284,买盘
1783,13:18:07,3.86,0.0,183,70638,卖盘
1784,13:18:13,3.86,0.0,49,18914,买盘
1785,13:18:25,3.86,0.0,30,11580,买盘
1786,13:18:34,3.86,0.0,46,17740,买盘
1787,13:18:37,3.86,0.0,42,16212,买盘
1788,13:18:46,3.86,0.0,48,18528,买盘
1789,13:18:48,3.86,0.0,10,3860,买盘
1790,13:18:52,3.86,0.0,10,3860,买盘
1791,13:18:58,3.86,0.0,45,17370,买盘
1792,13:19:01,3.85,-0.01,31,11935,卖盘
1793,13:19:06,3.85,0.0,390,150150,卖盘
1794,13:19:10,3.85,0.0,2,770,卖盘
1795,13:19:16,3.85,0.0,5,1925,卖盘
1796,13:19:19,3.86,0.01,98,37828,买盘
1797,13:19:22,3.86,0.0,45,17370,买盘
1798,13:19:25,3.85,-0.01,10,3850,卖盘
1799,13:19:28,3.86,0.01,19,7334,买盘
1800,13:19:43,3.86,0.0,44,16984,买盘
1801,13:19:48,3.85,-0.01,30,11550,卖盘
1802,13:19:52,3.86,0.01,92,35512,买盘
1803,13:19:55,3.86,0.0,28,10808,买盘
1804,13:20:04,3.86,0.0,17,6562,买盘
1805,13:20:10,3.86,0.0,58,22388,卖盘
1806,13:20:15,3.86,0.0,21,8106,买盘
1807,13:20:19,3.86,0.0,90,34740,买盘
1808,13:20:22,3.86,0.0,23,8878,买盘
1809,13:20:25,3.85,-0.01,10,3850,卖盘
1810,13:20:40,3.85,0.0,16,6160,卖盘
1811,13:20:49,3.85,0.0,49,18865,卖盘
1812,13:20:51,3.85,0.0,612,235666,卖盘
1813,13:20:55,3.86,0.01,53,20420,买盘
1814,13:21:04,3.86,0.0,51,19686,买盘
1815,13:21:10,3.85,-0.01,6,2310,卖盘
1816,13:21:15,3.86,0.01,300,115800,买盘
1817,13:21:22,3.86,0.0,11,4246,买盘
1818,13:21:25,3.85,-0.01,1,385,卖盘
1819,13:21:31,3.85,0.0,20,7700,卖盘
1820,13:21:37,3.86,0.01,40,15440,买盘
1821,13:21:40,3.85,-0.01,41,15810,卖盘
1822,13:21:49,3.86,0.01,69,26634,买盘
1823,13:21:52,3.85,-0.01,30,11550,卖盘
1824,13:21:55,3.85,0.0,1,385,卖盘
1825,13:22:01,3.85,0.0,30,11550,卖盘
1826,13:22:04,3.86,0.01,12,4632,买盘
1827,13:22:09,3.85,-0.01,6,2310,卖盘
1828,13:22:13,3.86,0.01,82,31652,买盘
1829,13:22:19,3.86,0.0,3,1158,买盘
1830,13:22:31,3.87,0.01,15,5805,买盘
1831,13:22:34,3.86,-0.01,25,9650,卖盘
1832,13:22:40,3.86,0.0,7,2702,卖盘
1833,13:22:46,3.86,0.0,8,3088,卖盘
1834,13:22:48,3.87,0.01,97,37539,买盘
1835,13:22:52,3.87,0.0,50,19350,买盘
1836,13:22:55,3.86,-0.01,59,22813,卖盘
1837,13:22:58,3.87,0.01,30,11610,买盘
1838,13:23:01,3.86,-0.01,1,386,卖盘
1839,13:23:06,3.87,0.01,30,11610,买盘
1840,13:23:09,3.86,-0.01,6,2316,卖盘
1841,13:23:16,3.86,0.0,26,10056,卖盘
1842,13:23:25,3.86,0.0,318,122781,卖盘
1843,13:23:28,3.87,0.01,17,6579,买盘
1844,13:23:34,3.87,0.0,26,10062,买盘
1845,13:23:39,3.87,0.0,11,4251,买盘
1846,13:23:42,3.86,-0.01,25,9650,卖盘
1847,13:23:46,3.87,0.01,10,3870,买盘
1848,13:23:49,3.87,0.0,13,5031,买盘
1849,13:23:52,3.87,0.0,10,3870,买盘
1850,13:23:58,3.86,-0.01,65,25090,卖盘
1851,13:24:10,3.86,0.0,6,2316,卖盘
1852,13:24:12,3.87,0.01,30,11610,买盘
1853,13:24:19,3.87,0.0,30,11610,买盘
1854,13:24:22,3.87,0.0,11,4257,买盘
1855,13:24:24,3.86,-0.01,3,1158,卖盘
1856,13:24:28,3.87,0.01,43,16641,买盘
1857,13:24:31,3.87,0.0,60,23220,买盘
1858,13:24:37,3.87,0.0,87,33669,买盘
1859,13:24:40,3.88,0.01,126,48882,买盘
1860,13:24:43,3.88,0.0,95,36860,买盘
1861,13:24:54,3.88,0.0,10,3880,买盘
1862,13:24:58,3.88,0.0,5,1940,买盘
1863,13:25:10,3.88,0.0,354,137345,买盘
1864,13:25:13,3.88,0.0,25,9700,买盘
1865,13:25:16,3.88,0.0,1,388,买盘
1866,13:25:19,3.88,0.0,72,27936,买盘
1867,13:25:21,3.87,-0.01,26,10062,卖盘
1868,13:25:25,3.88,0.01,4,1552,买盘
1869,13:25:39,3.88,0.0,19,7366,买盘
1870,13:25:49,3.87,-0.01,103,39962,卖盘
1871,13:25:52,3.87,0.0,1,387,卖盘
1872,13:25:54,3.88,0.01,15,5820,买盘
1873,13:26:01,3.88,0.0,76,29462,买盘
1874,13:26:07,3.88,0.0,6,2328,买盘
1875,13:26:10,3.88,0.0,24,9306,买盘
1876,13:26:13,3.88,0.0,20,7760,买盘
1877,13:26:16,3.88,0.0,133,51604,买盘
1878,13:26:19,3.88,0.0,245,95060,买盘
1879,13:26:33,3.89,0.01,20,7780,买盘
1880,13:26:39,3.88,-0.01,6,2328,卖盘
1881,13:26:42,3.89,0.01,40,15560,买盘
1882,13:26:45,3.89,0.0,29,11281,买盘
1883,13:26:55,3.89,0.0,95,36950,买盘
1884,13:27:04,3.89,0.0,78,30342,买盘
1885,13:27:07,3.89,0.0,2,778,买盘
1886,13:27:09,3.89,0.0,9,3495,买盘
1887,13:27:12,3.89,0.0,126,49014,买盘
1888,13:27:18,3.89,0.0,126,49014,买盘
1889,13:27:25,3.89,0.0,39,15171,买盘
1890,13:27:28,3.89,0.0,18,7002,买盘
1891,13:27:31,3.89,0.0,1,389,买盘
1892,13:27:33,3.89,0.0,48,18672,买盘
1893,13:27:40,3.89,0.0,56,21777,买盘
1894,13:27:46,3.89,0.0,7,2723,卖盘
1895,13:27:52,3.89,0.0,8,3112,卖盘
1896,13:27:55,3.89,0.0,11,4279,卖盘
1897,13:28:04,3.89,0.0,184,71596,卖盘
1898,13:28:10,3.89,0.0,95,36955,卖盘
1899,13:28:13,3.89,0.0,39,15171,买盘
1900,13:28:19,3.89,0.0,50,19450,买盘
1901,13:28:22,3.89,0.0,68,26452,买盘
1902,13:28:25,3.89,0.0,64,24896,买盘
1903,13:28:34,3.89,0.0,39,15171,买盘
1904,13:28:37,3.88,-0.01,3,1164,卖盘
1905,13:28:39,3.88,0.0,6,2328,卖盘
1906,13:28:55,3.88,0.0,1,388,卖盘
1907,13:28:58,3.88,0.0,10,3880,卖盘
1908,13:29:04,3.89,0.01,48,18662,买盘
1909,13:29:07,3.89,0.0,39,15171,买盘
1910,13:29:10,3.88,-0.01,6,2328,卖盘
1911,13:29:13,3.88,0.0,14,5432,卖盘
1912,13:29:16,3.89,0.01,17,6613,买盘
1913,13:29:19,3.88,-0.01,4,1552,卖盘
1914,13:29:28,3.89,0.01,16,6224,买盘
1915,13:29:40,3.88,-0.01,6,2328,卖盘
1916,13:29:49,3.89,0.01,14,5446,买盘
1917,13:29:55,3.88,-0.01,2,776,卖盘
1918,13:29:58,3.89,0.01,20,7780,买盘
1919,13:30:04,3.89,0.0,5,1945,买盘
1920,13:30:09,3.89,0.0,16,6218,买盘
1921,13:30:12,3.88,-0.01,14,5441,卖盘
1922,13:30:36,3.88,0.0,114,44259,卖盘
1923,13:30:40,3.88,0.0,7,2716,卖盘
1924,13:30:49,3.88,0.0,538,208744,卖盘
1925,13:30:51,3.88,0.0,69,26772,卖盘
1926,13:30:57,3.88,0.0,42,16296,卖盘
1927,13:31:10,3.88,0.0,6,2328,卖盘
1928,13:31:16,3.88,0.0,82,31816,卖盘
1929,13:31:30,3.88,0.0,60,23280,买盘
1930,13:31:37,3.88,0.0,21,8148,买盘
1931,13:31:40,3.88,0.0,15,5820,卖盘
1932,13:31:43,3.88,0.0,40,15520,卖盘
1933,13:32:01,3.88,0.0,6,2328,卖盘
1934,13:32:10,3.87,-0.01,6,2322,卖盘
1935,13:32:21,3.87,0.0,20,7740,卖盘
1936,13:32:28,3.87,0.0,30,11610,卖盘
1937,13:32:40,3.87,0.0,16,6192,卖盘
1938,13:32:52,3.87,0.0,30,11610,卖盘
1939,13:32:55,3.87,0.0,165,63855,卖盘
1940,13:33:04,3.87,0.0,250,96750,卖盘
1941,13:33:10,3.88,0.01,19,7365,买盘
1942,13:33:13,3.88,0.0,5,1940,买盘
1943,13:33:19,3.87,-0.01,40,15480,卖盘
1944,13:33:28,3.88,0.01,20,7760,买盘
1945,13:33:40,3.87,-0.01,539,208593,卖盘
1946,13:33:43,3.87,0.0,140,54180,买盘
1947,13:33:55,3.87,0.0,100,38700,买盘
1948,13:33:58,3.87,0.0,6,2322,买盘
1949,13:34:01,3.87,0.0,9,3483,买盘
1950,13:34:07,3.87,0.0,3,1161,卖盘
1951,13:34:09,3.87,0.0,6,2322,卖盘
1952,13:34:21,3.88,0.01,60,23280,买盘
1953,13:34:40,3.89,0.01,155,60289,买盘
1954,13:34:45,3.88,-0.01,10,3880,卖盘
1955,13:35:04,3.89,0.01,10,3890,买盘
1956,13:35:10,3.88,-0.01,6,2328,卖盘
1957,13:35:27,3.88,0.0,96,37248,卖盘
1958,13:35:33,3.88,0.0,33,12804,买盘
1959,13:35:40,3.87,-0.01,7,2709,卖盘
1960,13:35:43,3.88,0.01,24,9312,买盘
1961,13:36:01,3.88,0.0,22,8536,买盘
1962,13:36:07,3.88,0.0,31,12028,买盘
1963,13:36:10,3.87,-0.01,6,2322,卖盘
1964,13:36:13,3.87,0.0,24,9293,卖盘
1965,13:36:22,3.88,0.01,308,119504,买盘
1966,13:36:40,3.88,0.0,6,2328,卖盘
1967,13:36:52,3.88,0.0,1,388,卖盘
1968,13:36:55,3.88,0.0,3,1164,卖盘
1969,13:36:58,3.88,0.0,48,18624,卖盘
1970,13:37:06,3.88,0.0,1,388,买盘
1971,13:37:09,3.87,-0.01,6,2322,卖盘
1972,13:37:13,3.87,0.0,23,8901,卖盘
1973,13:37:16,3.87,0.0,15,5805,卖盘
1974,13:37:22,3.88,0.01,2,776,买盘
1975,13:37:40,3.87,-0.01,16,6202,卖盘
1976,13:37:42,3.87,0.0,980,379260,卖盘
1977,13:37:52,3.87,0.0,143,55407,卖盘
1978,13:37:58,3.86,-0.01,5,1930,卖盘
1979,13:38:10,3.86,0.0,1818,701748,卖盘
1980,13:38:33,3.86,0.0,100,38600,买盘
1981,13:38:39,3.86,0.0,11,4240,买盘
1982,13:38:43,3.86,0.0,4,1544,买盘
1983,13:38:46,3.85,-0.01,7,2695,卖盘
1984,13:38:49,3.86,0.01,363,139824,买盘
1985,13:38:51,3.86,0.0,578,222548,买盘
1986,13:38:54,3.86,0.0,39,15018,买盘
1987,13:38:57,3.85,-0.01,5,1925,卖盘
1988,13:39:04,3.86,0.01,30,11580,买盘
1989,13:39:07,3.85,-0.01,161,61985,卖盘
1990,13:39:09,3.85,0.0,124,47740,买盘
1991,13:39:12,3.85,0.0,92,35420,买盘
1992,13:39:15,3.85,0.0,29,11165,买盘
1993,13:39:19,3.84,-0.01,90,34560,卖盘
1994,13:39:22,3.85,0.01,63,24255,买盘
1995,13:39:25,3.85,0.0,51,19635,买盘
1996,13:39:28,3.84,-0.01,2,768,卖盘
1997,13:39:31,3.84,0.0,80,30722,卖盘
1998,13:39:34,3.85,0.01,30,11550,买盘
1999,13:39:37,3.85,0.0,35,13475,买盘
2000,13:39:40,3.85,0.0,6,2310,卖盘
2001,13:39:46,3.85,0.0,29,11165,卖盘
2002,13:39:49,3.85,0.0,119,45815,买盘
2003,13:39:58,3.85,0.0,50,19250,买盘
2004,13:40:01,3.85,0.0,2,770,买盘
2005,13:40:09,3.85,0.0,148,56980,卖盘
2006,13:40:12,3.85,0.0,67,25795,卖盘
2007,13:40:15,3.86,0.01,51,19656,买盘
2008,13:40:22,3.86,0.0,7,2702,卖盘
2009,13:40:40,3.85,-0.01,6,2310,卖盘
2010,13:40:43,3.86,0.01,20,7720,买盘
2011,13:40:48,3.86,0.0,25,9650,买盘
2012,13:40:55,3.86,0.0,20,7720,买盘
2013,13:40:58,3.85,-0.01,18,6930,卖盘
2014,13:41:01,3.85,0.0,1,385,卖盘
2015,13:41:10,3.85,0.0,7,2695,卖盘
2016,13:41:21,3.85,0.0,2,770,卖盘
2017,13:41:28,3.85,0.0,15,5775,卖盘
2018,13:41:31,3.85,0.0,10,3850,卖盘
2019,13:41:34,3.86,0.01,253,97654,买盘
2020,13:41:40,3.86,0.0,7,2702,卖盘
2021,13:42:04,3.87,0.01,10,3870,买盘
2022,13:42:10,3.87,0.0,60,23214,买盘
2023,13:42:13,3.87,0.0,40,15480,买盘
2024,13:42:22,3.87,0.0,10,3870,买盘
2025,13:42:25,3.87,0.0,1,387,买盘
2026,13:42:30,3.87,0.0,80,30960,买盘
2027,13:42:33,3.87,0.0,40,15480,买盘
2028,13:42:39,3.86,-0.01,6,2316,卖盘
2029,13:43:07,3.86,0.0,221,85306,卖盘
2030,13:43:09,3.86,0.0,6,2316,卖盘
2031,13:43:12,3.87,0.01,30,11610,买盘
2032,13:43:15,3.87,0.0,40,15480,买盘
2033,13:43:19,3.87,0.0,40,15480,买盘
2034,13:43:22,3.87,0.0,3,1161,买盘
2035,13:43:33,3.87,0.0,5,1935,买盘
2036,13:43:36,3.87,0.0,39,15093,买盘
2037,13:43:40,3.86,-0.01,583,225078,卖盘
2038,13:43:46,3.86,0.0,101,39004,卖盘
2039,13:43:49,3.86,0.0,120,46320,买盘
2040,13:43:52,3.85,-0.01,31,11935,卖盘
2041,13:43:55,3.86,0.01,8,3088,买盘
2042,13:44:00,3.86,0.0,40,15440,买盘
2043,13:44:10,3.85,-0.01,6,2310,卖盘
2044,13:44:13,3.86,0.01,75,28950,买盘
2045,13:44:22,3.86,0.0,49,18904,买盘
2046,13:44:28,3.86,0.0,28,10808,买盘
2047,13:44:33,3.85,-0.01,90,34720,卖盘
2048,13:44:39,3.85,0.0,6,2310,卖盘
2049,13:44:46,3.86,0.01,127,49022,买盘
2050,13:44:48,3.86,0.0,1222,470480,买盘
2051,13:44:52,3.86,0.0,66,25476,买盘
2052,13:45:06,3.86,0.0,41,15826,买盘
2053,13:45:10,3.86,0.0,6,2316,卖盘
2054,13:45:13,3.85,-0.01,15,5781,卖盘
2055,13:45:16,3.86,0.01,15,5790,买盘
2056,13:45:19,3.86,0.0,50,19300,买盘
2057,13:45:28,3.86,0.0,53,20458,买盘
2058,13:45:31,3.85,-0.01,200,77000,卖盘
2059,13:45:33,3.86,0.01,100,38600,买盘
2060,13:45:37,3.85,-0.01,331,127435,卖盘
2061,13:45:40,3.85,0.0,10,3850,买盘
2062,13:45:48,3.85,0.0,11,4235,买盘
2063,13:45:51,3.85,0.0,69,26565,买盘
2064,13:45:54,3.85,0.0,31,11935,买盘
2065,13:45:58,3.84,-0.01,36,13859,卖盘
2066,13:46:01,3.84,0.0,20,7680,卖盘
2067,13:46:10,3.84,0.0,7,2688,卖盘
2068,13:46:13,3.84,0.0,4,1536,卖盘
2069,13:46:16,3.85,0.01,298,114532,买盘
2070,13:46:19,3.84,-0.01,100,38400,卖盘
2071,13:46:22,3.84,0.0,50,19225,卖盘
2072,13:46:25,3.84,0.0,17,6528,卖盘
2073,13:46:28,3.84,0.0,40,15360,卖盘
2074,13:46:34,3.85,0.01,130,50050,买盘
2075,13:46:37,3.84,-0.01,1,384,卖盘
2076,13:46:40,3.85,0.01,27,10383,买盘
2077,13:46:49,3.84,-0.01,19,7296,卖盘
2078,13:46:51,3.84,0.0,1,384,卖盘
2079,13:46:55,3.85,0.01,28,10770,买盘
2080,13:47:00,3.84,-0.01,59,22713,卖盘
2081,13:47:07,3.84,0.0,18,6926,卖盘
2082,13:47:10,3.84,0.0,6,2304,卖盘
2083,13:47:13,3.84,0.0,160,61440,卖盘
2084,13:47:19,3.84,0.0,121,46514,卖盘
2085,13:47:22,3.85,0.01,125,48108,买盘
2086,13:47:33,3.85,0.0,130,50050,买盘
2087,13:47:39,3.84,-0.01,6,2304,卖盘
2088,13:47:49,3.85,0.01,11,4235,买盘
2089,13:47:51,3.84,-0.01,1,384,卖盘
2090,13:48:04,3.85,0.01,104,39964,买盘
2091,13:48:06,3.85,0.0,104,40040,买盘
2092,13:48:10,3.85,0.0,42,16170,卖盘
2093,13:48:13,3.85,0.0,10,3850,买盘
2094,13:48:22,3.85,0.0,20,7700,买盘
2095,13:48:25,3.85,0.0,10,3850,买盘
2096,13:48:28,3.85,0.0,1,385,买盘
2097,13:48:30,3.85,0.0,5,1925,买盘
2098,13:48:33,3.85,0.0,54,20790,买盘
2099,13:48:37,3.84,-0.01,33,12675,卖盘
2100,13:48:40,3.84,0.0,7,2688,卖盘
2101,13:48:43,3.85,0.01,1,385,买盘
2102,13:48:55,3.85,0.0,40,15400,买盘
2103,13:48:57,3.85,0.0,6,2310,买盘
2104,13:49:04,3.85,0.0,10,3850,买盘
2105,13:49:07,3.85,0.0,110,42350,买盘
2106,13:49:10,3.85,0.0,6,2310,卖盘
2107,13:49:18,3.85,0.0,70,26950,卖盘
2108,13:49:34,3.85,0.0,18,6930,买盘
2109,13:49:39,3.84,-0.01,32,12288,卖盘
2110,13:49:42,3.85,0.01,55,21175,买盘
2111,13:49:52,3.85,0.0,196,75445,买盘
2112,13:49:58,3.84,-0.01,1,384,卖盘
2113,13:50:01,3.85,0.01,1,385,买盘
2114,13:50:13,3.84,-0.01,31,11904,卖盘
2115,13:50:16,3.85,0.01,4,1540,买盘
2116,13:50:30,3.85,0.0,83,31955,买盘
2117,13:50:33,3.84,-0.01,434,166656,卖盘
2118,13:50:40,3.85,0.01,43,16555,买盘
2119,13:50:52,3.85,0.0,20,7700,买盘
2120,13:51:04,3.85,0.0,10,3850,买盘
2121,13:51:07,3.85,0.0,10,3850,买盘
2122,13:51:12,3.84,-0.01,54,20736,卖盘
2123,13:51:24,3.85,0.01,6,2310,买盘
2124,13:51:28,3.85,0.0,32,12320,买盘
2125,13:51:34,3.84,-0.01,6,2304,卖盘
2126,13:52:01,3.84,0.0,50,19200,卖盘
2127,13:52:04,3.84,0.0,1,384,卖盘
2128,13:52:07,3.84,0.0,30,11520,卖盘
2129,13:52:10,3.84,0.0,110,42240,卖盘
2130,13:52:13,3.84,0.0,10,3840,卖盘
2131,13:52:22,3.85,0.01,38,14630,买盘
2132,13:52:28,3.84,-0.01,148,56832,卖盘
2133,13:52:30,3.84,0.0,195,74880,卖盘
2134,13:52:33,3.85,0.01,100,38500,买盘
2135,13:52:36,3.85,0.0,24,9240,买盘
2136,13:52:39,3.84,-0.01,15,5760,卖盘
2137,13:52:43,3.85,0.01,29,11141,买盘
2138,13:52:57,3.85,0.0,38,14630,买盘
2139,13:53:07,3.85,0.0,30,11550,买盘
2140,13:53:09,3.85,0.0,10,3850,买盘
2141,13:53:15,3.84,-0.01,3,1152,卖盘
2142,13:53:19,3.85,0.01,30,11550,买盘
2143,13:53:21,3.85,0.0,10,3850,买盘
2144,13:53:24,3.84,-0.01,108,41472,卖盘
2145,13:53:34,3.84,0.0,7,2688,卖盘
2146,13:53:36,3.85,0.01,11,4235,买盘
2147,13:53:43,3.84,-0.01,3,1152,卖盘
2148,13:53:58,3.85,0.01,100,38500,买盘
2149,13:54:10,3.84,-0.01,137,52608,卖盘
2150,13:54:13,3.85,0.01,100,38500,买盘
2151,13:54:19,3.85,0.0,1,385,买盘
2152,13:54:31,3.85,0.0,2,770,买盘
2153,13:54:34,3.84,-0.01,1,384,卖盘
2154,13:54:36,3.85,0.01,10,3850,买盘
2155,13:54:40,3.85,0.0,30,11550,买盘
2156,13:54:48,3.85,0.0,130,50050,买盘
2157,13:54:51,3.84,-0.01,5,1920,卖盘
2158,13:54:55,3.84,0.0,10,3840,卖盘
2159,13:54:57,3.85,0.01,50,19250,买盘
2160,13:55:00,3.85,0.0,20,7700,买盘
2161,13:55:04,3.85,0.0,9,3465,买盘
2162,13:55:06,3.85,0.0,211,81230,买盘
2163,13:55:13,3.84,-0.01,14,5376,卖盘
2164,13:55:16,3.85,0.01,47,18095,买盘
2165,13:55:25,3.85,0.0,90,34650,买盘
2166,13:55:31,3.85,0.0,120,46200,买盘
2167,13:55:34,3.84,-0.01,63,24253,卖盘
2168,13:55:43,3.85,0.01,27,10395,买盘
2169,13:55:51,3.85,0.0,85,32725,买盘
2170,13:56:04,3.85,0.0,20,7700,买盘
2171,13:56:13,3.85,0.0,41,15785,买盘
2172,13:56:16,3.85,0.0,100,38500,买盘
2173,13:56:18,3.84,-0.01,31,11904,卖盘
2174,13:56:31,3.84,0.0,161,61824,卖盘
2175,13:56:34,3.85,0.01,173,66605,买盘
2176,13:56:37,3.85,0.0,100,38500,买盘
2177,13:56:40,3.85,0.0,73,28105,买盘
2178,13:56:43,3.85,0.0,105,40425,买盘
2179,13:56:45,3.85,0.0,9,3465,卖盘
2180,13:56:48,3.85,0.0,90,34650,卖盘
2181,13:56:55,3.85,0.0,10,3850,买盘
2182,13:56:58,3.85,0.0,44,16940,中性盘
2183,13:57:04,3.85,0.0,56,21560,买盘
2184,13:57:15,3.85,0.0,1,385,卖盘
2185,13:57:19,3.85,0.0,16,6160,卖盘
2186,13:57:22,3.85,0.0,17,6545,卖盘
2187,13:57:25,3.85,0.0,239,92032,卖盘
2188,13:57:37,3.85,0.0,5,1925,买盘
2189,13:57:46,3.85,0.0,137,52745,买盘
2190,13:57:48,3.85,0.0,9,3465,买盘
2191,13:57:51,3.85,0.0,2,770,卖盘
2192,13:57:54,3.85,0.0,35,13475,卖盘
2193,13:57:57,3.85,0.0,50,19250,买盘
2194,13:58:03,3.85,0.0,118,45430,买盘
2195,13:58:07,3.85,0.0,40,15400,买盘
2196,13:58:10,3.85,0.0,10,3850,买盘
2197,13:58:13,3.85,0.0,9,3465,买盘
2198,13:58:19,3.84,-0.01,43,16545,卖盘
2199,13:58:25,3.85,0.01,10,3850,买盘
2200,13:58:28,3.85,0.0,84,32340,买盘
2201,13:58:34,3.85,0.0,1,385,买盘
2202,13:58:36,3.84,-0.01,16,6153,卖盘
2203,13:58:45,3.86,0.02,63,24318,买盘
2204,13:58:49,3.84,-0.02,200,76820,卖盘
2205,13:58:52,3.85,0.01,9,3465,中性盘
2206,13:58:54,3.86,0.01,1,386,买盘
2207,13:59:07,3.86,0.0,34,13124,买盘
2208,13:59:10,3.86,0.0,58,22388,买盘
2209,13:59:16,3.86,0.0,13,5018,买盘
2210,13:59:22,3.86,0.0,200,77200,买盘
2211,13:59:33,3.86,0.0,53,20458,买盘
2212,13:59:42,3.86,0.0,1,386,买盘
2213,13:59:52,3.86,0.0,40,15440,买盘
2214,13:59:58,3.85,-0.01,31,11956,卖盘
2215,14:00:00,3.86,0.01,33,12710,买盘
2216,14:00:13,3.86,0.0,40,15440,买盘
2217,14:00:19,3.86,0.0,1,386,买盘
2218,14:00:22,3.86,0.0,90,34740,买盘
2219,14:00:33,3.86,0.0,45,17370,买盘
2220,14:00:37,3.85,-0.01,658,253330,卖盘
2221,14:00:43,3.85,0.0,13,5005,买盘
2222,14:00:49,3.85,0.0,10,3850,买盘
2223,14:00:52,3.85,0.0,4,1540,买盘
2224,14:00:55,3.85,0.0,12,4620,买盘
2225,14:00:58,3.85,0.0,22,8470,卖盘
2226,14:01:01,3.85,0.0,1,385,卖盘
2227,14:01:04,3.86,0.01,29,11190,买盘
2228,14:01:06,3.84,-0.02,87,33408,卖盘
2229,14:01:15,3.85,0.01,31,11935,买盘
2230,14:01:24,3.85,0.0,27,10395,买盘
2231,14:01:31,3.84,-0.01,8,3072,卖盘
2232,14:01:34,3.84,0.0,309,118656,卖盘
2233,14:01:36,3.85,0.01,25,9625,买盘
2234,14:01:40,3.85,0.0,26,10010,买盘
2235,14:01:49,3.85,0.0,75,28825,买盘
2236,14:01:52,3.85,0.0,111,42725,买盘
2237,14:01:55,3.85,0.0,13,5005,买盘
2238,14:01:58,3.85,0.0,48,18480,买盘
2239,14:02:01,3.85,0.0,70,26950,买盘
2240,14:02:04,3.85,0.0,67,25795,买盘
2241,14:02:07,3.85,0.0,100,38500,买盘
2242,14:02:10,3.84,-0.01,44,16933,卖盘
2243,14:02:13,3.85,0.01,68,26160,买盘
2244,14:02:16,3.85,0.0,32,12320,卖盘
2245,14:02:22,3.85,0.0,3,1155,卖盘
2246,14:02:25,3.85,0.0,92,35421,卖盘
2247,14:02:28,3.85,0.0,9,3465,卖盘
2248,14:02:31,3.86,0.01,28,10808,买盘
2249,14:02:34,3.86,0.0,5,1930,买盘
2250,14:02:37,3.86,0.0,30,11570,买盘
2251,14:02:40,3.86,0.0,30,11580,买盘
2252,14:02:43,3.86,0.0,530,204580,买盘
2253,14:02:46,3.86,0.0,156,60216,买盘
2254,14:02:49,3.85,-0.01,56,21611,卖盘
2255,14:03:00,3.86,0.01,11,4246,卖盘
2256,14:03:04,3.87,0.01,26,10062,买盘
2257,14:03:13,3.87,0.0,41,15867,买盘
2258,14:03:22,3.87,0.0,60,23220,买盘
2259,14:03:25,3.87,0.0,11,4257,买盘
2260,14:03:27,3.87,0.0,198,76626,买盘
2261,14:03:34,3.87,0.0,14,5418,卖盘
2262,14:03:37,3.88,0.01,26,10088,买盘
2263,14:03:40,3.87,-0.01,97,37539,卖盘
2264,14:03:46,3.88,0.01,49,19012,买盘
2265,14:03:49,3.88,0.0,12,4656,买盘
2266,14:03:52,3.88,0.0,26,10088,买盘
2267,14:04:01,3.88,0.0,1,388,买盘
2268,14:04:07,3.88,0.0,49,18998,买盘
2269,14:04:10,3.88,0.0,63,24444,买盘
2270,14:04:13,3.88,0.0,9,3492,买盘
2271,14:04:16,3.88,0.0,92,35631,买盘
2272,14:04:19,3.87,-0.01,5,1935,卖盘
2273,14:04:22,3.88,0.01,9,3492,买盘
2274,14:04:25,3.88,0.0,71,27548,买盘
2275,14:04:28,3.87,-0.01,157,60759,卖盘
2276,14:04:30,3.87,0.0,121,46827,买盘
2277,14:04:33,3.87,0.0,10,3870,买盘
2278,14:04:37,3.88,0.01,19,7360,买盘
2279,14:04:40,3.88,0.0,25,9700,卖盘
2280,14:04:43,3.88,0.0,11,4268,卖盘
2281,14:04:55,3.88,0.0,29,11252,买盘
2282,14:04:58,3.88,0.0,5,1940,卖盘
2283,14:05:00,3.88,0.0,1,388,卖盘
2284,14:05:04,3.89,0.01,109,42401,买盘
2285,14:05:07,3.88,-0.01,2,776,卖盘
2286,14:05:10,3.89,0.01,50,19450,买盘
2287,14:05:16,3.89,0.0,32,12448,买盘
2288,14:05:22,3.88,-0.01,100,38800,卖盘
2289,14:05:31,3.89,0.01,563,218744,买盘
2290,14:05:34,3.88,-0.01,140,54447,卖盘
2291,14:05:37,3.89,0.01,5,1945,买盘
2292,14:05:39,3.88,-0.01,43,16684,卖盘
2293,14:05:46,3.89,0.01,75,29175,买盘
2294,14:05:48,3.89,0.0,2,778,买盘
2295,14:05:52,3.88,-0.01,60,23280,卖盘
2296,14:06:07,3.89,0.01,102,39578,买盘
2297,14:06:16,3.88,-0.01,4,1552,卖盘
2298,14:06:19,3.88,0.0,111,43068,卖盘
2299,14:06:21,3.88,0.0,134,51992,买盘
2300,14:06:27,3.87,-0.01,10,3870,卖盘
2301,14:06:43,3.87,0.0,15,5805,卖盘
2302,14:06:46,3.87,0.0,89,34443,卖盘
2303,14:06:55,3.87,0.0,25,9675,卖盘
2304,14:06:57,3.87,0.0,228,88236,卖盘
2305,14:07:00,3.87,0.0,5,1935,卖盘
2306,14:07:07,3.87,0.0,25,9675,卖盘
2307,14:07:10,3.87,0.0,304,117648,卖盘
2308,14:07:16,3.87,0.0,1,387,买盘
2309,14:07:28,3.86,-0.01,60,23160,卖盘
2310,14:07:31,3.87,0.01,10,3870,买盘
2311,14:07:34,3.87,0.0,57,22059,买盘
2312,14:07:37,3.86,-0.01,10,3860,卖盘
2313,14:07:43,3.87,0.01,20,7740,买盘
2314,14:07:55,3.86,-0.01,15,5790,卖盘
2315,14:08:01,3.87,0.01,9,3483,买盘
2316,14:08:07,3.87,0.0,35,13545,买盘
2317,14:08:09,3.86,-0.01,142,54812,卖盘
2318,14:08:16,3.86,0.0,221,85307,卖盘
2319,14:08:19,3.87,0.01,30,11610,买盘
2320,14:08:34,3.87,0.0,10,3870,买盘
2321,14:08:37,3.87,0.0,30,11610,买盘
2322,14:08:40,3.87,0.0,37,14319,买盘
2323,14:08:45,3.87,0.0,1,387,买盘
2324,14:08:55,3.87,0.0,142,54954,买盘
2325,14:08:57,3.87,0.0,107,41360,买盘
2326,14:09:10,3.88,0.01,100,38800,买盘
2327,14:09:18,3.88,0.0,11,4268,买盘
2328,14:09:21,3.88,0.0,50,19400,卖盘
2329,14:09:34,3.87,-0.01,110,42580,卖盘
2330,14:09:46,3.87,0.0,25,9675,卖盘
2331,14:09:54,3.87,0.0,17,6579,卖盘
2332,14:09:58,3.87,0.0,18,6966,卖盘
2333,14:10:01,3.87,0.0,39,15093,卖盘
2334,14:10:10,3.87,0.0,10,3870,卖盘
2335,14:10:12,3.88,0.01,325,126090,买盘
2336,14:10:19,3.88,0.0,19,7372,卖盘
2337,14:10:22,3.89,0.01,50,19450,买盘
2338,14:10:24,3.88,-0.01,2,776,卖盘
2339,14:10:27,3.88,0.0,55,21340,卖盘
2340,14:10:30,3.88,0.0,10,3880,卖盘
2341,14:10:34,3.89,0.01,29,11281,买盘
2342,14:10:40,3.9,0.01,797,310435,买盘
2343,14:10:46,3.88,-0.02,36,13970,卖盘
2344,14:10:52,3.9,0.02,815,317384,买盘
2345,14:10:57,3.9,0.0,18,7020,买盘
2346,14:11:07,3.9,0.0,10,3900,买盘
2347,14:11:10,3.9,0.0,127,49530,买盘
2348,14:11:13,3.9,0.0,52,20280,买盘
2349,14:11:16,3.89,-0.01,86,33467,卖盘
2350,14:11:19,3.9,0.01,104,40540,买盘
2351,14:11:22,3.9,0.0,3,1170,买盘
2352,14:11:25,3.9,0.0,8,3120,买盘
2353,14:11:28,3.89,-0.01,100,38900,卖盘
2354,14:11:33,3.89,0.0,66,25737,卖盘
2355,14:11:37,3.9,0.01,265,103269,买盘
2356,14:11:40,3.88,-0.02,300,116420,卖盘
2357,14:11:42,3.89,0.01,39,15171,买盘
2358,14:11:46,3.89,0.0,15,5835,买盘
2359,14:11:48,3.9,0.01,2,780,买盘
2360,14:11:55,3.89,-0.01,19,7391,卖盘
2361,14:11:58,3.89,0.0,7,2723,卖盘
2362,14:12:00,3.89,0.0,39,15171,买盘
2363,14:12:04,3.9,0.01,280,109171,买盘
2364,14:12:07,3.89,-0.01,20,7780,中性盘
2365,14:12:19,3.89,0.0,19,7391,卖盘
2366,14:12:24,3.9,0.01,10,3900,买盘
2367,14:12:27,3.89,-0.01,208,80912,卖盘
2368,14:12:40,3.89,0.0,43,16727,买盘
2369,14:12:43,3.89,0.0,24,9336,买盘
2370,14:12:49,3.89,0.0,58,22562,买盘
2371,14:13:07,3.89,0.0,41,15949,买盘
2372,14:13:09,3.89,0.0,5,1945,买盘
2373,14:13:13,3.89,0.0,36,14004,买盘
2374,14:13:28,3.89,0.0,40,15560,买盘
2375,14:13:33,3.88,-0.01,2,776,卖盘
2376,14:13:52,3.88,0.0,5,1940,卖盘
2377,14:13:55,3.89,0.01,86,33434,买盘
2378,14:13:58,3.89,0.0,100,38900,买盘
2379,14:14:09,3.89,0.0,27,10501,买盘
2380,14:14:13,3.89,0.0,2,778,买盘
2381,14:14:16,3.88,-0.01,3,1164,卖盘
2382,14:14:19,3.88,0.0,61,23715,卖盘
2383,14:14:25,3.88,0.0,105,40840,卖盘
2384,14:14:37,3.89,0.01,1,389,买盘
2385,14:14:39,3.89,0.0,90,35010,买盘
2386,14:14:48,3.89,0.0,5,1945,买盘
2387,14:14:55,3.89,0.0,47,18283,买盘
2388,14:14:58,3.88,-0.01,131,50955,卖盘
2389,14:15:10,3.88,0.0,4,1552,卖盘
2390,14:15:15,3.89,0.01,518,201484,买盘
2391,14:15:18,3.89,0.0,35,13615,买盘
2392,14:15:21,3.89,0.0,62,24118,买盘
2393,14:15:31,3.89,0.0,47,18283,买盘
2394,14:15:40,3.89,0.0,101,39289,卖盘
2395,14:15:49,3.89,0.0,109,42401,卖盘
2396,14:15:52,3.89,0.0,2152,839243,卖盘
2397,14:15:54,3.89,0.0,4,1556,买盘
2398,14:15:58,3.88,-0.01,5,1940,卖盘
2399,14:16:01,3.91,0.03,1444,563686,买盘
2400,14:16:18,3.91,0.0,107,41837,买盘
2401,14:16:22,3.91,0.0,11,4301,买盘
2402,14:16:24,3.9,-0.01,32,12480,卖盘
2403,14:16:27,3.9,0.0,221,86222,卖盘
2404,14:16:34,3.92,0.02,16,6272,买盘
2405,14:16:40,3.91,-0.01,45,17621,卖盘
2406,14:16:43,3.92,0.01,51,19976,买盘
2407,14:16:46,3.92,0.0,100,39200,买盘
2408,14:16:49,3.92,0.0,70,27434,买盘
2409,14:16:52,3.92,0.0,64,25088,买盘
2410,14:16:55,3.92,0.0,51,19992,买盘
2411,14:16:58,3.92,0.0,3,1176,买盘
2412,14:17:01,3.92,0.0,27,10584,买盘
2413,14:17:04,3.92,0.0,301,117992,买盘
2414,14:17:07,3.92,0.0,81,31752,买盘
2415,14:17:10,3.92,0.0,15,5880,买盘
2416,14:17:12,3.92,0.0,45,17640,卖盘
2417,14:17:16,3.92,0.0,4,1568,卖盘
2418,14:17:19,3.93,0.01,100,39300,买盘
2419,14:17:22,3.92,-0.01,92,36121,卖盘
2420,14:17:31,3.93,0.01,100,39300,买盘
2421,14:17:34,3.93,0.0,80,31440,买盘
2422,14:17:39,3.93,0.0,50,19650,买盘
2423,14:17:42,3.93,0.0,13,5109,买盘
2424,14:17:46,3.93,0.0,5,1965,买盘
2425,14:17:49,3.93,0.0,217,85281,买盘
2426,14:17:52,3.93,0.0,455,178815,买盘
2427,14:17:55,3.93,0.0,111,43673,卖盘
2428,14:17:58,3.93,0.0,5,1965,卖盘
2429,14:18:01,3.94,0.01,127,50038,买盘
2430,14:18:04,3.93,-0.01,36,14148,卖盘
2431,14:18:10,3.93,0.0,433,170433,卖盘
2432,14:18:13,3.94,0.01,163,64122,买盘
2433,14:18:19,3.93,-0.01,125,49222,卖盘
2434,14:18:21,3.93,0.0,132,51876,买盘
2435,14:18:24,3.93,0.0,62,24374,卖盘
2436,14:18:27,3.94,0.01,30,11820,买盘
2437,14:18:33,3.93,-0.01,5,1965,卖盘
2438,14:18:37,3.93,0.0,1,393,卖盘
2439,14:18:43,3.93,0.0,10,3930,卖盘
2440,14:18:49,3.94,0.01,23,9049,买盘
2441,14:18:52,3.93,-0.01,43,16899,卖盘
2442,14:18:55,3.94,0.01,30,11820,买盘
2443,14:18:58,3.93,-0.01,5,1965,卖盘
2444,14:19:01,3.93,0.0,440,172932,卖盘
2445,14:19:04,3.94,0.01,69,27123,买盘
2446,14:19:13,3.93,-0.01,40,15720,买盘
2447,14:19:18,3.93,0.0,16,6288,卖盘
2448,14:19:21,3.94,0.01,100,39399,买盘
2449,14:19:24,3.93,-0.01,2,786,中性盘
2450,14:19:31,3.92,-0.01,67,26328,卖盘
2451,14:19:34,3.93,0.01,5,1965,买盘
2452,14:19:43,3.93,0.0,10,3930,买盘
2453,14:19:49,3.92,-0.01,87,34104,卖盘
2454,14:19:54,3.92,0.0,279,109368,卖盘
2455,14:20:01,3.92,0.0,61,23912,买盘
2456,14:20:04,3.92,0.0,33,12940,卖盘
2457,14:20:10,3.92,0.0,92,36064,买盘
2458,14:20:16,3.92,0.0,359,140862,买盘
2459,14:20:19,3.92,0.0,18,7056,卖盘
2460,14:20:24,3.92,0.0,37,14504,卖盘
2461,14:20:28,3.93,0.01,12,4716,买盘
2462,14:20:31,3.92,-0.01,35,13749,卖盘
2463,14:20:34,3.92,0.0,20,7840,卖盘
2464,14:20:37,3.93,0.01,30,11780,买盘
2465,14:20:46,3.92,-0.01,2,784,卖盘
2466,14:20:52,3.93,0.01,281,110389,买盘
2467,14:20:55,3.93,0.0,7,2751,买盘
2468,14:21:07,3.94,0.01,373,146775,买盘
2469,14:21:22,3.94,0.0,14,5516,买盘
2470,14:21:25,3.94,0.0,100,39400,买盘
2471,14:21:27,3.94,0.0,164,64616,买盘
2472,14:21:31,3.94,0.0,66,26004,买盘
2473,14:21:43,3.94,0.0,11,4334,买盘
2474,14:21:46,3.93,-0.01,60,23580,卖盘
2475,14:21:49,3.94,0.01,495,195030,买盘
2476,14:21:55,3.93,-0.01,382,150216,卖盘
2477,14:21:58,3.93,0.0,1,393,买盘
2478,14:22:04,3.93,0.0,21,8253,买盘
2479,14:22:19,3.92,-0.01,3,1176,卖盘
2480,14:22:22,3.92,0.0,300,117600,卖盘
2481,14:22:24,3.92,0.0,39,15288,卖盘
2482,14:22:28,3.92,0.0,34,13328,卖盘
2483,14:22:37,3.92,0.0,10,3920,卖盘
2484,14:22:39,3.92,0.0,1,392,卖盘
2485,14:22:58,3.92,0.0,35,13720,买盘
2486,14:23:13,3.91,-0.01,39,15249,卖盘
2487,14:23:19,3.91,0.0,26,10157,买盘
2488,14:23:22,3.91,0.0,23,8993,卖盘
2489,14:23:25,3.91,0.0,8,3128,卖盘
2490,14:23:37,3.91,0.0,17,6647,卖盘
2491,14:23:40,3.92,0.01,45,17640,买盘
2492,14:23:55,3.92,0.0,104,40768,买盘
2493,14:24:07,3.92,0.0,81,31752,买盘
2494,14:24:10,3.93,0.01,9,3537,买盘
2495,14:24:13,3.92,-0.01,19,7448,卖盘
2496,14:24:28,3.92,0.0,2,784,卖盘
2497,14:24:31,3.92,0.0,100,39200,买盘
2498,14:24:45,3.92,0.0,20,7840,买盘
2499,14:24:49,3.91,-0.01,6,2346,卖盘
2500,14:24:52,3.91,0.0,23,8993,卖盘
2501,14:24:55,3.91,0.0,10,3910,卖盘
2502,14:25:01,3.91,0.0,220,86020,卖盘
2503,14:25:07,3.92,0.01,7,2744,买盘
2504,14:25:10,3.92,0.0,20,7840,买盘
2505,14:25:25,3.91,-0.01,4,1564,卖盘
2506,14:25:31,3.92,0.01,70,27440,买盘
2507,14:25:34,3.91,-0.01,335,131283,卖盘
2508,14:25:37,3.92,0.01,44,17248,买盘
2509,14:25:42,3.92,0.0,21,8232,买盘
2510,14:25:45,3.92,0.0,7,2744,卖盘
2511,14:26:01,3.93,0.01,125,49125,买盘
2512,14:26:04,3.92,-0.01,434,170131,卖盘
2513,14:26:07,3.93,0.01,4,1572,中性盘
2514,14:26:13,3.93,0.0,19,7467,卖盘
2515,14:26:34,3.93,0.0,509,200053,卖盘
2516,14:26:39,3.93,0.0,70,27510,买盘
2517,14:26:42,3.93,0.0,53,20829,买盘
2518,14:26:46,3.93,0.0,204,80172,买盘
2519,14:26:49,3.93,0.0,270,106110,买盘
2520,14:26:55,3.93,0.0,249,97857,买盘
2521,14:27:01,3.94,0.01,22,8668,买盘
2522,14:27:04,3.94,0.0,400,157600,买盘
2523,14:27:07,3.93,-0.01,100,39300,卖盘
2524,14:27:09,3.94,0.01,6,2364,买盘
2525,14:27:12,3.94,0.0,105,41370,买盘
2526,14:27:16,3.94,0.0,363,143022,买盘
2527,14:27:22,3.94,0.0,16,6304,卖盘
2528,14:27:25,3.94,0.0,25,9850,买盘
2529,14:27:31,3.94,0.0,179,70526,买盘
2530,14:27:34,3.94,0.0,20,7880,卖盘
2531,14:27:37,3.94,0.0,69,27230,卖盘
2532,14:27:40,3.94,0.0,510,200940,卖盘
2533,14:27:46,3.94,0.0,5,1970,买盘
2534,14:27:49,3.94,0.0,25,9850,买盘
2535,14:27:52,3.93,-0.01,676,265839,卖盘
2536,14:27:55,3.94,0.01,288,113377,买盘
2537,14:27:57,3.94,0.0,37,14578,买盘
2538,14:28:01,3.94,0.0,78,30732,买盘
2539,14:28:04,3.94,0.0,30,11820,买盘
2540,14:28:07,3.93,-0.01,8,3144,卖盘
2541,14:28:10,3.94,0.01,177,69738,买盘
2542,14:28:13,3.92,-0.02,30,11774,卖盘
2543,14:28:16,3.94,0.02,187,73678,买盘
2544,14:28:19,3.93,-0.01,4,1572,卖盘
2545,14:28:25,3.93,0.0,10,3930,卖盘
2546,14:28:37,3.93,0.0,10,3930,卖盘
2547,14:28:40,3.93,0.0,1,393,卖盘
2548,14:28:43,3.94,0.01,30,11810,买盘
2549,14:28:46,3.94,0.0,39,15366,买盘
2550,14:28:52,3.93,-0.01,10,3930,卖盘
2551,14:28:55,3.94,0.01,167,65798,买盘
2552,14:29:00,3.94,0.0,315,124110,买盘
2553,14:29:04,3.94,0.0,113,44522,买盘
2554,14:29:13,3.93,-0.01,550,216200,卖盘
2555,14:29:24,3.93,0.0,10,3930,卖盘
2556,14:29:40,3.93,0.0,72,28354,卖盘
2557,14:29:46,3.93,0.0,20,7860,卖盘
2558,14:29:52,3.94,0.01,87,34278,买盘
2559,14:30:00,3.93,-0.01,5,1965,卖盘
2560,14:30:04,3.93,0.0,63,24759,卖盘
2561,14:30:07,3.93,0.0,205,80565,卖盘
2562,14:30:13,3.93,0.0,88,34584,买盘
2563,14:30:16,3.93,0.0,7,2751,买盘
2564,14:30:25,3.92,-0.01,2,784,卖盘
2565,14:30:31,3.92,0.0,26,10192,卖盘
2566,14:30:34,3.92,0.0,35,13720,卖盘
2567,14:30:43,3.92,0.0,52,20384,卖盘
2568,14:31:01,3.92,0.0,117,45966,卖盘
2569,14:31:07,3.92,0.0,53,20799,卖盘
2570,14:31:09,3.92,0.0,2,784,卖盘
2571,14:31:13,3.92,0.0,10,3920,卖盘
2572,14:31:16,3.93,0.01,2,786,买盘
2573,14:31:19,3.93,0.0,160,62880,买盘
2574,14:31:22,3.93,0.0,113,44409,买盘
2575,14:31:28,3.93,0.0,393,154448,买盘
2576,14:31:42,3.94,0.01,83,32702,买盘
2577,14:31:45,3.93,-0.01,26,10218,卖盘
2578,14:31:52,3.94,0.01,32,12608,买盘
2579,14:32:04,3.94,0.0,5,1970,买盘
2580,14:32:07,3.94,0.0,30,11820,买盘
2581,14:32:09,3.94,0.0,88,34672,买盘
2582,14:32:12,3.94,0.0,1079,425126,买盘
2583,14:32:15,3.93,-0.01,41,16113,卖盘
2584,14:32:18,3.93,0.0,40,15720,卖盘
2585,14:32:21,3.94,0.01,812,319928,买盘
2586,14:32:25,3.94,0.0,26,10244,卖盘
2587,14:32:28,3.95,0.01,15,5920,买盘
2588,14:32:31,3.95,0.0,24,9480,买盘
2589,14:32:40,3.95,0.0,116,45810,买盘
2590,14:32:46,3.95,0.0,9,3555,买盘
2591,14:32:48,3.95,0.0,25,9875,买盘
2592,14:32:52,3.94,-0.01,44,17336,卖盘
2593,14:32:55,3.95,0.01,20,7900,买盘
2594,14:32:58,3.95,0.0,23,9082,买盘
2595,14:33:07,3.95,0.0,17,6715,买盘
2596,14:33:13,3.95,0.0,98,38710,买盘
2597,14:33:24,3.95,0.0,52,20540,买盘
2598,14:33:34,3.95,0.0,10,3950,买盘
2599,14:33:37,3.95,0.0,192,75840,买盘
2600,14:33:43,3.95,0.0,50,19750,买盘
2601,14:33:58,3.95,0.0,15,5925,买盘
2602,14:34:01,3.94,-0.01,14,5516,卖盘
2603,14:34:04,3.94,0.0,313,123622,卖盘
2604,14:34:10,3.95,0.01,17,6715,买盘
2605,14:34:13,3.94,-0.01,20,7880,卖盘
2606,14:34:19,3.95,0.01,5,1975,买盘
2607,14:34:22,3.94,-0.01,50,19700,卖盘
2608,14:34:28,3.94,0.0,26,10244,卖盘
2609,14:34:31,3.94,0.0,44,17336,卖盘
2610,14:34:40,3.94,0.0,98,38612,卖盘
2611,14:34:43,3.94,0.0,10,3940,卖盘
2612,14:34:46,3.95,0.01,1,395,买盘
2613,14:34:49,3.94,-0.01,79,31126,卖盘
2614,14:34:52,3.94,0.0,26,10244,卖盘
2615,14:34:55,3.94,0.0,120,47280,卖盘
2616,14:35:07,3.94,0.0,10,3940,卖盘
2617,14:35:13,3.94,0.0,86,33884,卖盘
2618,14:35:16,3.94,0.0,27,10638,卖盘
2619,14:35:19,3.94,0.0,150,59100,卖盘
2620,14:35:22,3.94,0.0,32,12608,卖盘
2621,14:35:34,3.95,0.01,20,7890,买盘
2622,14:35:36,3.94,-0.01,62,24428,卖盘
2623,14:35:39,3.95,0.01,1146,452607,买盘
2624,14:35:55,3.94,-0.01,14,5516,买盘
2625,14:36:00,3.94,0.0,5,1970,卖盘
2626,14:36:04,3.95,0.01,5,1975,买盘
2627,14:36:13,3.94,-0.01,236,92984,卖盘
2628,14:36:28,3.94,0.0,15,5910,卖盘
2629,14:36:31,3.94,0.0,2,788,卖盘
2630,14:36:34,3.94,0.0,9,3546,卖盘
2631,14:36:37,3.94,0.0,166,65569,卖盘
2632,14:36:40,3.94,0.0,9,3546,卖盘
2633,14:36:49,3.95,0.01,11,4345,买盘
2634,14:36:54,3.95,0.0,350,138250,买盘
2635,14:37:04,3.94,-0.01,100,39400,卖盘
2636,14:37:06,3.95,0.01,467,184465,买盘
2637,14:37:13,3.95,0.0,33,13035,卖盘
2638,14:37:16,3.95,0.0,5,1975,卖盘
2639,14:37:22,3.95,0.0,10,3950,卖盘
2640,14:37:28,3.95,0.0,55,21725,卖盘
2641,14:37:31,3.95,0.0,45,17775,卖盘
2642,14:37:34,3.95,0.0,36,14220,卖盘
2643,14:37:36,3.95,0.0,17,6715,卖盘
2644,14:37:40,3.95,0.0,54,21330,卖盘
2645,14:37:43,3.95,0.0,62,24490,买盘
2646,14:37:46,3.95,0.0,10,3950,买盘
2647,14:37:49,3.95,0.0,15,5925,买盘
2648,14:37:51,3.95,0.0,3,1185,买盘
2649,14:37:54,3.95,0.0,100,39500,买盘
2650,14:37:58,3.95,0.0,167,65965,买盘
2651,14:38:01,3.95,0.0,75,29625,卖盘
2652,14:38:04,3.95,0.0,50,19750,卖盘
2653,14:38:06,3.95,0.0,83,32785,卖盘
2654,14:38:10,3.95,0.0,138,54510,卖盘
2655,14:38:13,3.95,0.0,83,32785,卖盘
2656,14:38:15,3.95,0.0,29,11455,卖盘
2657,14:38:19,3.94,-0.01,26,10255,卖盘
2658,14:38:22,3.94,0.0,47,18518,卖盘
2659,14:38:37,3.94,0.0,113,44522,卖盘
2660,14:38:40,3.94,0.0,37,14578,卖盘
2661,14:38:43,3.94,0.0,5,1970,卖盘
2662,14:38:46,3.94,0.0,13,5122,卖盘
2663,14:38:49,3.94,0.0,23,9062,卖盘
2664,14:38:52,3.94,0.0,35,13790,卖盘
2665,14:38:55,3.94,0.0,61,24034,卖盘
2666,14:38:58,3.94,0.0,68,26792,卖盘
2667,14:39:13,3.93,-0.01,5,1965,卖盘
2668,14:39:22,3.93,0.0,110,43230,卖盘
2669,14:39:25,3.93,0.0,10,3930,卖盘
2670,14:39:34,3.93,0.0,32,12576,卖盘
2671,14:39:40,3.93,0.0,111,43623,卖盘
2672,14:39:42,3.93,0.0,5,1965,卖盘
2673,14:39:46,3.93,0.0,66,25938,卖盘
2674,14:39:52,3.94,0.01,79,31066,买盘
2675,14:39:55,3.93,-0.01,199,78207,卖盘
2676,14:40:01,3.93,0.0,2,786,买盘
2677,14:40:10,3.93,0.0,30,11790,买盘
2678,14:40:15,3.92,-0.01,49,19210,卖盘
2679,14:40:31,3.92,0.0,122,47826,卖盘
2680,14:40:40,3.92,0.0,50,19600,卖盘
2681,14:40:51,3.93,0.01,1,393,买盘
2682,14:40:55,3.92,-0.01,20,7840,卖盘
2683,14:40:58,3.92,0.0,58,22736,卖盘
2684,14:41:13,3.92,0.0,92,36064,卖盘
2685,14:41:16,3.92,0.0,95,37240,买盘
2686,14:41:19,3.92,0.0,100,39200,卖盘
2687,14:41:22,3.92,0.0,7,2744,卖盘
2688,14:41:25,3.92,0.0,18,7056,买盘
2689,14:41:27,3.92,0.0,49,19208,卖盘
2690,14:41:30,3.92,0.0,33,12936,卖盘
2691,14:41:34,3.91,-0.01,50,19598,卖盘
2692,14:41:40,3.92,0.01,29,11368,买盘
2693,14:41:43,3.88,-0.04,4736,1847987,卖盘
2694,14:41:46,3.92,0.04,30,11760,中性盘
2695,14:41:49,3.91,-0.01,30,11700,买盘
2696,14:42:01,3.9,-0.01,10,3900,卖盘
2697,14:42:04,3.9,0.0,1,390,卖盘
2698,14:42:07,3.89,-0.01,514,200136,卖盘
2699,14:42:10,3.9,0.01,10,3900,中性盘
2700,14:42:13,3.91,0.01,219,85493,买盘
2701,14:42:16,3.91,0.0,10,3900,买盘
2702,14:42:19,3.91,0.0,100,39100,买盘
2703,14:42:28,3.91,0.0,181,70641,买盘
2704,14:42:34,3.9,-0.01,150,58500,卖盘
2705,14:42:37,3.88,-0.02,3223,1252521,卖盘
2706,14:42:40,3.89,0.01,33,12840,中性盘
2707,14:42:42,3.89,0.0,35,13615,买盘
2708,14:42:52,3.89,0.0,159,61891,卖盘
2709,14:42:55,3.89,0.0,68,26452,卖盘
2710,14:42:58,3.89,0.0,9,3501,卖盘
2711,14:43:01,3.89,0.0,10,3890,卖盘
2712,14:43:04,3.9,0.01,323,125721,买盘
2713,14:43:13,3.9,0.0,219,85410,买盘
2714,14:43:16,3.9,0.0,16,6240,卖盘
2715,14:43:19,3.9,0.0,85,33150,卖盘
2716,14:43:22,3.9,0.0,5,1950,卖盘
2717,14:43:25,3.9,0.0,6,2340,卖盘
2718,14:43:34,3.91,0.01,3,1173,买盘
2719,14:43:37,3.91,0.0,15,5865,买盘
2720,14:43:40,3.91,0.0,102,39882,买盘
2721,14:43:43,3.91,0.0,7,2737,买盘
2722,14:43:46,3.91,0.0,25,9775,买盘
2723,14:43:52,3.91,0.0,56,21896,卖盘
2724,14:43:58,3.91,0.0,15,5865,卖盘
2725,14:44:01,3.91,0.0,75,29325,卖盘
2726,14:44:06,3.92,0.01,118,46256,买盘
2727,14:44:09,3.91,-0.01,64,25024,卖盘
2728,14:44:19,3.91,0.0,48,18770,卖盘
2729,14:44:25,3.92,0.01,88,34453,买盘
2730,14:44:28,3.91,-0.01,2,782,买盘
2731,14:44:31,3.91,0.0,10,3910,买盘
2732,14:44:34,3.9,-0.01,6,2340,卖盘
2733,14:44:37,3.91,0.01,15,5865,买盘
2734,14:44:42,3.9,-0.01,100,39000,卖盘
2735,14:44:46,3.91,0.01,20,7820,买盘
2736,14:44:49,3.9,-0.01,25,9770,卖盘
2737,14:44:52,3.9,0.0,23,8972,卖盘
2738,14:44:55,3.91,0.01,30,11730,买盘
2739,14:45:01,3.9,-0.01,1,390,卖盘
2740,14:45:06,3.9,0.0,11,4300,卖盘
2741,14:45:09,3.9,0.0,1,390,卖盘
2742,14:45:13,3.9,0.0,10,3900,卖盘
2743,14:45:16,3.91,0.01,3,1173,买盘
2744,14:45:19,3.9,-0.01,30,11700,卖盘
2745,14:45:22,3.9,0.0,125,48750,卖盘
2746,14:45:39,3.9,0.0,45,17550,卖盘
2747,14:45:46,3.9,0.0,32,12480,卖盘
2748,14:45:49,3.9,0.0,380,148200,卖盘
2749,14:45:52,3.9,0.0,101,39390,卖盘
2750,14:45:55,3.9,0.0,50,19500,卖盘
2751,14:46:01,3.9,0.0,100,39000,卖盘
2752,14:46:04,3.9,0.0,50,19500,卖盘
2753,14:46:07,3.9,0.0,86,33540,卖盘
2754,14:46:15,3.9,0.0,36,14040,买盘
2755,14:46:22,3.89,-0.01,34,13226,卖盘
2756,14:46:25,3.9,0.01,15,5850,买盘
2757,14:46:28,3.89,-0.01,5,1945,卖盘
2758,14:46:34,3.9,0.01,103,40170,买盘
2759,14:46:37,3.9,0.0,10,3900,买盘
2760,14:46:40,3.89,-0.01,95,36955,卖盘
2761,14:46:43,3.9,0.01,100,39000,买盘
2762,14:46:46,3.9,0.0,30,11700,买盘
2763,14:46:49,3.9,0.0,20,7800,买盘
2764,14:46:55,3.89,-0.01,83,32287,卖盘
2765,14:46:58,3.89,0.0,43,16730,卖盘
2766,14:47:04,3.9,0.01,158,61600,买盘
2767,14:47:07,3.89,-0.01,179,69631,卖盘
2768,14:47:13,3.89,0.0,1,389,卖盘
2769,14:47:22,3.89,0.0,53,20617,卖盘
2770,14:47:34,3.9,0.01,85,33150,买盘
2771,14:47:37,3.9,0.0,5,1950,买盘
2772,14:47:43,3.9,0.0,299,116610,买盘
2773,14:47:58,3.9,0.0,82,31980,卖盘
2774,14:48:01,3.9,0.0,61,23790,卖盘
2775,14:48:04,3.9,0.0,264,102960,卖盘
2776,14:48:10,3.9,0.0,67,26130,卖盘
2777,14:48:13,3.9,0.0,2,780,买盘
2778,14:48:16,3.9,0.0,94,36660,买盘
2779,14:48:25,3.9,0.0,39,15210,卖盘
2780,14:48:28,3.9,0.0,5,1950,卖盘
2781,14:48:43,3.9,0.0,40,15600,卖盘
2782,14:48:46,3.9,0.0,200,78000,卖盘
2783,14:48:52,3.91,0.01,2,782,买盘
2784,14:48:55,3.9,-0.01,35,13655,卖盘
2785,14:49:00,3.9,0.0,46,17940,卖盘
2786,14:49:06,3.9,0.0,5,1950,卖盘
2787,14:49:10,3.91,0.01,47,18377,买盘
2788,14:49:12,3.91,0.0,4,1564,买盘
2789,14:49:15,3.9,-0.01,167,65141,卖盘
2790,14:49:19,3.9,0.0,1,390,卖盘
2791,14:49:22,3.9,0.0,51,19903,卖盘
2792,14:49:25,3.9,0.0,524,204868,卖盘
2793,14:49:28,3.9,0.0,10,3900,卖盘
2794,14:49:34,3.9,0.0,259,101098,卖盘
2795,14:49:40,3.91,0.01,2,782,买盘
2796,14:49:43,3.91,0.0,30,11730,买盘
2797,14:49:46,3.91,0.0,199,77702,买盘
2798,14:49:48,3.91,0.0,68,26588,买盘
2799,14:49:55,3.9,-0.01,70,27300,卖盘
2800,14:50:07,3.91,0.01,138,53958,买盘
2801,14:50:10,3.91,0.0,102,39882,买盘
2802,14:50:19,3.91,0.0,3,1173,卖盘
2803,14:50:25,3.91,0.0,25,9775,卖盘
2804,14:50:30,3.91,0.0,27,10557,卖盘
2805,14:50:40,3.92,0.01,450,176400,买盘
2806,14:50:42,3.91,-0.01,5,1955,卖盘
2807,14:50:45,3.92,0.01,65,25480,买盘
2808,14:50:51,3.92,0.0,140,54845,买盘
2809,14:50:55,3.92,0.0,60,23520,买盘
2810,14:51:06,3.92,0.0,193,75656,买盘
2811,14:51:09,3.92,0.0,50,19600,买盘
2812,14:51:12,3.92,0.0,152,59522,买盘
2813,14:51:16,3.92,0.0,8,3136,卖盘
2814,14:51:21,3.92,0.0,239,93806,卖盘
2815,14:51:25,3.91,-0.01,179,70163,卖盘
2816,14:51:49,3.92,0.01,110,43080,买盘
2817,14:51:52,3.91,-0.01,11,4301,卖盘
2818,14:51:54,3.92,0.01,113,44296,买盘
2819,14:51:58,3.92,0.0,133,52136,买盘
2820,14:52:01,3.92,0.0,18,7056,买盘
2821,14:52:04,3.92,0.0,100,39200,买盘
2822,14:52:06,3.91,-0.01,4,1566,卖盘
2823,14:52:10,3.92,0.01,66,25872,买盘
2824,14:52:13,3.92,0.0,200,78400,买盘
2825,14:52:16,3.91,-0.01,116,45462,卖盘
2826,14:52:34,3.91,0.0,400,156400,卖盘
2827,14:52:37,3.91,0.0,100,39100,卖盘
2828,14:52:40,3.91,0.0,4,1564,卖盘
2829,14:52:43,3.91,0.0,127,49739,卖盘
2830,14:52:46,3.92,0.01,56,21952,买盘
2831,14:52:48,3.92,0.0,62,24304,买盘
2832,14:52:52,3.92,0.0,64,25076,买盘
2833,14:52:54,3.91,-0.01,43,16813,卖盘
2834,14:52:58,3.91,0.0,76,29785,卖盘
2835,14:53:00,3.91,0.0,20,7820,卖盘
2836,14:53:04,3.92,0.01,316,123672,买盘
2837,14:53:07,3.91,-0.01,2,782,卖盘
2838,14:53:10,3.92,0.01,26,10191,买盘
2839,14:53:13,3.91,-0.01,11,4311,卖盘
2840,14:53:16,3.92,0.01,185,72520,买盘
2841,14:53:18,3.92,0.0,54,21168,买盘
2842,14:53:22,3.92,0.0,50,19600,买盘
2843,14:53:25,3.92,0.0,50,19600,买盘
2844,14:53:27,3.92,0.0,84,32928,买盘
2845,14:53:31,3.92,0.0,128,50176,买盘
2846,14:53:34,3.92,0.0,63,24696,卖盘
2847,14:53:37,3.92,0.0,171,67032,卖盘
2848,14:53:46,3.91,-0.01,95,37230,卖盘
2849,14:53:49,3.92,0.01,85,33320,买盘
2850,14:53:52,3.92,0.0,67,26264,买盘
2851,14:53:55,3.91,-0.01,216,84582,卖盘
2852,14:53:58,3.91,0.0,105,41088,卖盘
2853,14:54:04,3.91,0.0,350,136850,卖盘
2854,14:54:07,3.92,0.01,87,34104,买盘
2855,14:54:10,3.92,0.0,487,190504,买盘
2856,14:54:13,3.92,0.0,7,2744,买盘
2857,14:54:16,3.92,0.0,53,20776,卖盘
2858,14:54:18,3.92,0.0,56,21952,卖盘
2859,14:54:22,3.92,0.0,21,8232,卖盘
2860,14:54:25,3.92,0.0,26,10192,卖盘
2861,14:54:28,3.92,0.0,144,56448,卖盘
