,time,price,change,volume,amount,type
0,09:25:04,4.16,-0.14,11153,4639648,买盘
1,09:30:04,4.2,0.04,4980,2071885,买盘
2,09:30:07,4.19,-0.01,3624,1520545,卖盘
3,09:30:10,4.2,0.01,1269,532004,卖盘
4,09:30:13,4.18,-0.02,5464,2280440,卖盘
5,09:30:16,4.19,0.01,269,112477,买盘
6,09:30:19,4.17,-0.02,643,268846,卖盘
7,09:30:22,4.18,0.01,506,211424,中性盘
8,09:30:25,4.17,-0.01,4916,2050227,卖盘
9,09:30:27,4.17,0.0,420,175056,买盘
10,09:30:30,4.18,0.01,635,265153,买盘
11,09:30:34,4.16,-0.02,978,407354,卖盘
12,09:30:37,4.17,0.01,310,129207,中性盘
13,09:30:40,4.16,-0.01,555,231342,卖盘
14,09:30:43,4.18,0.02,119,49682,买盘
15,09:30:46,4.17,-0.01,226,94401,卖盘
16,09:30:49,4.16,-0.01,315,131304,卖盘
17,09:30:52,4.16,0.0,532,221636,卖盘
18,09:30:54,4.17,0.01,899,374391,买盘
19,09:30:58,4.16,-0.01,881,367152,卖盘
20,09:31:00,4.16,0.0,658,273879,卖盘
21,09:31:04,4.16,0.0,404,168027,卖盘
22,09:31:07,4.16,0.0,448,186368,买盘
23,09:31:10,4.15,-0.01,347,144247,卖盘
24,09:31:13,4.16,0.01,173,72004,买盘
25,09:31:16,4.16,0.0,573,238019,买盘
26,09:31:19,4.16,0.0,352,146281,买盘
27,09:31:21,4.16,0.0,1339,555825,买盘
28,09:31:25,4.17,0.01,535,222364,买盘
29,09:31:28,4.16,-0.01,451,187636,卖盘
30,09:31:31,4.17,0.01,342,142315,中性盘
31,09:31:34,4.16,-0.01,616,256354,卖盘
32,09:31:37,4.17,0.01,143,59571,买盘
33,09:31:40,4.16,-0.01,133,55362,卖盘
34,09:31:43,4.17,0.01,926,385627,买盘
35,09:31:45,4.16,-0.01,503,209274,买盘
36,09:31:49,4.16,0.0,214,89070,买盘
37,09:31:52,4.17,0.01,355,147878,买盘
38,09:31:55,4.16,-0.01,583,242528,卖盘
39,09:31:58,4.17,0.01,686,284977,买盘
40,09:32:01,4.16,-0.01,208,86707,卖盘
41,09:32:04,4.16,0.0,576,239654,卖盘
42,09:32:06,4.16,0.0,2416,1005077,卖盘
43,09:32:10,4.16,0.0,148,61613,卖盘
44,09:32:13,4.17,0.01,650,270788,买盘
45,09:32:16,4.17,0.0,814,339108,买盘
46,09:32:18,4.16,-0.01,1361,567006,卖盘
47,09:32:22,4.17,0.01,222,92372,买盘
48,09:32:25,4.18,0.01,23,9614,买盘
49,09:32:28,4.17,-0.01,101,42147,卖盘
50,09:32:31,4.17,0.0,78,32560,卖盘
51,09:32:34,4.17,0.0,256,106908,卖盘
52,09:32:36,4.18,0.01,762,318358,买盘
53,09:32:39,4.18,0.0,143,59774,卖盘
54,09:32:43,4.18,0.0,102,42640,卖盘
55,09:32:46,4.18,0.0,259,108498,卖盘
56,09:32:49,4.19,0.01,130,54449,买盘
57,09:32:52,4.19,0.0,335,140541,卖盘
58,09:32:55,4.2,0.01,636,267120,买盘
59,09:32:58,4.2,0.0,1023,428828,卖盘
60,09:33:00,4.2,0.0,304,127602,买盘
61,09:33:04,4.2,0.0,229,96272,买盘
62,09:33:07,4.21,0.01,438,184257,买盘
63,09:33:10,4.2,-0.01,387,162845,卖盘
64,09:33:13,4.2,0.0,256,107540,卖盘
65,09:33:16,4.2,0.0,259,108935,卖盘
66,09:33:19,4.2,0.0,456,191544,买盘
67,09:33:22,4.2,0.0,141,59210,买盘
68,09:33:24,4.2,0.0,884,371245,买盘
69,09:33:27,4.2,0.0,871,365054,买盘
70,09:33:30,4.2,0.0,263,110354,买盘
71,09:33:34,4.19,-0.01,28,11732,买盘
72,09:33:37,4.19,0.0,315,131985,买盘
73,09:33:40,4.19,0.0,85,35615,买盘
74,09:33:43,4.18,-0.01,2330,974120,卖盘
75,09:33:45,4.18,0.0,216,90351,卖盘
76,09:33:49,4.17,-0.01,1686,703969,卖盘
77,09:33:52,4.17,0.0,225,93725,买盘
78,09:33:55,4.16,-0.01,217,90295,卖盘
79,09:33:57,4.17,0.01,122,50872,买盘
80,09:34:01,4.17,0.0,97,40383,买盘
81,09:34:04,4.17,0.0,296,123153,买盘
82,09:34:07,4.17,0.0,366,152322,买盘
83,09:34:10,4.18,0.01,3419,1426835,买盘
84,09:34:12,4.18,0.0,82,34276,卖盘
85,09:34:16,4.16,-0.02,1097,457613,卖盘
86,09:34:19,4.18,0.02,140,58397,买盘
87,09:34:22,4.18,0.0,199,83231,买盘
88,09:34:25,4.18,0.0,109,45566,买盘
89,09:34:28,4.18,0.0,153,63809,买盘
90,09:34:30,4.18,0.0,60,25085,买盘
91,09:34:33,4.17,-0.01,104,43508,卖盘
92,09:34:37,4.18,0.01,233,97292,买盘
93,09:34:40,4.18,0.0,93,38866,买盘
94,09:34:43,4.18,0.0,191,79805,买盘
95,09:34:45,4.18,0.0,187,78059,卖盘
96,09:34:49,4.18,0.0,90,37620,卖盘
97,09:34:52,4.19,0.01,378,158277,买盘
98,09:34:55,4.18,-0.01,1051,438985,卖盘
99,09:34:58,4.19,0.01,38,15917,买盘
100,09:35:01,4.18,-0.01,84,35179,卖盘
101,09:35:05,4.18,0.0,97,40604,卖盘
102,09:35:07,4.18,0.0,387,162143,卖盘
103,09:35:10,4.19,0.01,326,136325,买盘
104,09:35:13,4.18,-0.01,154,64447,卖盘
105,09:35:16,4.18,0.0,414,173160,卖盘
106,09:35:18,4.18,0.0,63,26334,买盘
107,09:35:22,4.18,0.0,71,29678,买盘
108,09:35:25,4.17,-0.01,103,42981,卖盘
109,09:35:28,4.17,0.0,87,36299,卖盘
110,09:35:31,4.18,0.01,141,58938,买盘
111,09:35:34,4.17,-0.01,111,46354,卖盘
112,09:35:36,4.17,0.0,71,29635,卖盘
113,09:35:40,4.18,0.01,1218,507957,买盘
114,09:35:43,4.16,-0.02,2793,1163889,卖盘
115,09:35:46,4.15,-0.01,3175,1322552,卖盘
116,09:35:49,4.17,0.02,6,2502,买盘
117,09:35:51,4.16,-0.01,13,5408,买盘
118,09:35:55,4.16,0.0,94,39124,卖盘
119,09:35:58,4.15,-0.01,697,289269,卖盘
120,09:36:01,4.16,0.01,332,137914,买盘
121,09:36:04,4.15,-0.01,249,103336,卖盘
122,09:36:07,4.15,0.0,356,147797,卖盘
123,09:36:10,4.14,-0.01,136,56439,卖盘
124,09:36:13,4.14,0.0,569,235577,卖盘
125,09:36:15,4.15,0.01,1205,499967,买盘
126,09:36:19,4.15,0.0,875,362041,买盘
127,09:36:22,4.13,-0.02,578,238714,卖盘
128,09:36:25,4.13,0.0,189,78172,卖盘
129,09:36:28,4.13,0.0,542,223975,卖盘
130,09:36:30,4.13,0.0,655,270480,卖盘
131,09:36:34,4.13,0.0,971,400823,买盘
132,09:36:37,4.13,0.0,597,246407,买盘
133,09:36:40,4.13,0.0,1078,444375,买盘
134,09:36:42,4.13,0.0,2319,957747,买盘
135,09:36:46,4.11,-0.02,1519,625642,卖盘
136,09:36:48,4.12,0.01,725,298593,中性盘
137,09:36:52,4.12,0.0,553,227847,买盘
138,09:36:55,4.12,0.0,133,54801,卖盘
139,09:36:58,4.12,0.0,1530,629344,卖盘
140,09:37:00,4.12,0.0,721,296682,卖盘
141,09:37:04,4.12,0.0,148,60964,卖盘
142,09:37:07,4.12,0.0,689,283921,卖盘
143,09:37:10,4.12,0.0,297,122404,卖盘
144,09:37:13,4.12,0.0,341,140493,卖盘
145,09:37:16,4.12,0.0,612,252386,卖盘
146,09:37:19,4.13,0.01,549,226557,买盘
147,09:37:21,4.12,-0.01,671,276810,卖盘
148,09:37:25,4.15,0.03,157,64987,买盘
149,09:37:28,4.13,-0.02,282,116466,卖盘
150,09:37:31,4.13,0.0,261,107793,卖盘
151,09:37:34,4.14,0.01,31,12830,买盘
152,09:37:37,4.14,0.0,336,138820,买盘
153,09:37:39,4.13,-0.01,94,38914,卖盘
154,09:37:43,4.13,0.0,301,124581,卖盘
155,09:37:46,4.13,0.0,113,46770,卖盘
156,09:37:48,4.15,0.02,207,85661,买盘
157,09:37:52,4.13,-0.02,694,287232,卖盘
158,09:37:55,4.15,0.02,61,25304,买盘
159,09:37:58,4.14,-0.01,60,24840,卖盘
160,09:38:01,4.14,0.0,530,219432,卖盘
161,09:38:04,4.13,-0.01,144,59717,卖盘
162,09:38:07,4.15,0.02,51,21128,买盘
163,09:38:10,4.14,-0.01,57,23598,卖盘
164,09:38:13,4.14,0.0,92,38088,卖盘
165,09:38:16,4.14,0.0,472,195413,卖盘
166,09:38:19,4.14,0.0,120,49680,卖盘
167,09:38:21,4.14,0.0,191,79130,卖盘
168,09:38:25,4.14,0.0,531,219864,卖盘
169,09:38:28,4.14,0.0,156,64586,卖盘
170,09:38:31,4.15,0.01,673,278645,买盘
171,09:38:34,4.14,-0.01,30,12400,中性盘
172,09:38:36,4.14,0.0,79,32657,买盘
173,09:38:40,4.14,0.0,37,15308,卖盘
174,09:38:43,4.14,0.0,33,13646,买盘
175,09:38:46,4.13,-0.01,476,196740,卖盘
176,09:38:49,4.14,0.01,624,257812,买盘
177,09:38:51,4.14,0.0,439,181497,买盘
178,09:38:55,4.13,-0.01,1343,554803,卖盘
179,09:38:58,4.12,-0.01,416,171490,卖盘
180,09:39:01,4.13,0.01,385,158668,买盘
181,09:39:04,4.13,0.0,124,51187,买盘
182,09:39:06,4.12,-0.01,536,220913,卖盘
183,09:39:10,4.12,0.0,323,133076,卖盘
184,09:39:13,4.12,0.0,354,145923,卖盘
185,09:39:16,4.12,0.0,1501,618417,卖盘
186,09:39:19,4.11,-0.01,397,163570,卖盘
187,09:39:22,4.11,0.0,90,37035,卖盘
188,09:39:24,4.11,0.0,225,92483,卖盘
189,09:39:28,4.11,0.0,373,153320,卖盘
190,09:39:30,4.11,0.0,846,347656,卖盘
191,09:39:34,4.1,-0.01,2125,871293,卖盘
192,09:39:36,4.1,0.0,420,171790,买盘
193,09:39:40,4.09,-0.01,485,198401,卖盘
194,09:39:43,4.09,0.0,353,144351,卖盘
195,09:39:46,4.08,-0.01,771,314723,卖盘
196,09:39:49,4.07,-0.01,160,65169,卖盘
197,09:39:51,4.06,-0.01,209,85025,卖盘
198,09:39:55,4.06,0.0,158,64174,卖盘
199,09:39:58,4.07,0.01,584,237430,买盘
200,09:40:01,4.06,-0.01,1121,455504,卖盘
201,09:40:04,4.05,-0.01,1852,752218,卖盘
202,09:40:06,4.06,0.01,1190,482342,买盘
203,09:40:10,4.04,-0.02,664,269225,卖盘
204,09:40:13,4.05,0.01,686,277793,买盘
205,09:40:15,4.05,0.0,876,354523,买盘
206,09:40:19,4.05,0.0,2131,862268,买盘
207,09:40:21,4.04,-0.01,1046,422716,卖盘
208,09:40:24,4.04,0.0,868,350849,买盘
209,09:40:28,4.04,0.0,555,224443,卖盘
210,09:40:31,4.04,0.0,958,387264,买盘
211,09:40:34,4.05,0.01,1093,441758,买盘
212,09:40:37,4.05,0.0,979,396455,买盘
213,09:40:39,4.06,0.01,477,193101,买盘
214,09:40:43,4.05,-0.01,292,118416,卖盘
215,09:40:46,4.07,0.02,732,297152,买盘
216,09:40:49,4.09,0.02,412,168187,买盘
217,09:40:52,4.09,0.0,308,126073,卖盘
218,09:40:55,4.09,0.0,130,53200,卖盘
219,09:40:57,4.1,0.01,249,101982,买盘
220,09:41:01,4.1,0.0,380,155676,买盘
221,09:41:04,4.11,0.01,647,265390,买盘
222,09:41:06,4.1,-0.01,387,158670,卖盘
223,09:41:10,4.1,0.0,135,55479,卖盘
224,09:41:12,4.11,0.01,259,106449,中性盘
225,09:41:16,4.12,0.01,85,34915,买盘
226,09:41:19,4.12,0.0,141,58092,买盘
227,09:41:22,4.11,-0.01,329,135294,卖盘
228,09:41:25,4.11,0.0,285,117443,卖盘
229,09:41:28,4.12,0.01,216,89092,中性盘
230,09:41:30,4.12,0.0,106,43656,卖盘
231,09:41:34,4.11,-0.01,890,367420,卖盘
232,09:41:36,4.12,0.01,590,242796,买盘
233,09:41:39,4.11,-0.01,170,70026,卖盘
234,09:41:43,4.12,0.01,536,220390,买盘
235,09:41:46,4.11,-0.01,2425,994852,卖盘
236,09:41:49,4.1,-0.01,31,12715,卖盘
237,09:41:52,4.11,0.01,98,40275,买盘
238,09:41:54,4.1,-0.01,173,70935,卖盘
239,09:41:57,4.11,0.01,639,262107,买盘
240,09:42:01,4.1,-0.01,242,99220,卖盘
241,09:42:04,4.1,0.0,276,112843,买盘
242,09:42:07,4.11,0.01,2765,1138140,买盘
243,09:42:10,4.1,-0.01,217,88815,买盘
244,09:42:13,4.08,-0.02,144,58806,卖盘
245,09:42:16,4.1,0.02,84,34416,买盘
246,09:42:18,4.09,-0.01,74,30284,卖盘
247,09:42:21,4.09,0.0,134,54896,卖盘
248,09:42:25,4.09,0.0,284,116282,卖盘
249,09:42:28,4.1,0.01,577,236279,买盘
250,09:42:31,4.1,0.0,79,32390,卖盘
251,09:42:34,4.1,0.0,11,4510,卖盘
252,09:42:37,4.12,0.02,44,18099,买盘
253,09:42:39,4.1,-0.02,89,36495,卖盘
254,09:42:43,4.1,0.0,246,100918,卖盘
255,09:42:45,4.12,0.02,209,85860,买盘
256,09:42:49,4.1,-0.02,21,8623,卖盘
257,09:42:52,4.1,0.0,90,36900,卖盘
258,09:42:54,4.1,0.0,116,47586,卖盘
259,09:42:57,4.1,0.0,241,98829,卖盘
260,09:43:01,4.12,0.02,38,15621,买盘
261,09:43:04,4.11,-0.01,101,41511,卖盘
262,09:43:07,4.11,0.0,115,47265,卖盘
263,09:43:10,4.11,0.0,181,74361,买盘
264,09:43:12,4.11,0.0,44,18070,买盘
265,09:43:15,4.11,0.0,106,43560,买盘
266,09:43:18,4.11,0.0,151,62061,买盘
267,09:43:21,4.11,0.0,80,32881,卖盘
268,09:43:25,4.1,-0.01,423,173847,卖盘
269,09:43:28,4.11,0.01,15,6165,中性盘
270,09:43:30,4.12,0.01,45,18540,买盘
271,09:43:33,4.11,-0.01,54,22214,卖盘
272,09:43:37,4.11,0.0,133,54671,卖盘
273,09:43:40,4.11,0.0,53,21826,卖盘
274,09:43:43,4.12,0.01,154,63351,买盘
275,09:43:45,4.11,-0.01,236,96998,卖盘
276,09:43:48,4.11,0.0,111,45714,卖盘
277,09:43:51,4.11,0.0,24,9864,卖盘
278,09:43:54,4.11,0.0,336,138408,卖盘
279,09:43:58,4.11,0.0,515,211795,卖盘
280,09:44:00,4.11,0.0,113,46443,卖盘
281,09:44:04,4.11,0.0,125,51437,买盘
282,09:44:07,4.11,0.0,393,161296,卖盘
283,09:44:10,4.11,0.0,146,60006,买盘
284,09:44:12,4.11,0.0,168,69048,买盘
285,09:44:16,4.11,0.0,90,36990,买盘
286,09:44:18,4.11,0.0,39,16029,买盘
287,09:44:22,4.11,0.0,43,17673,买盘
288,09:44:25,4.11,0.0,45,18495,买盘
289,09:44:28,4.11,0.0,187,76796,买盘
290,09:44:31,4.11,0.0,333,136863,卖盘
291,09:44:34,4.11,0.0,10,4110,卖盘
292,09:44:37,4.11,0.0,447,183717,卖盘
293,09:44:40,4.11,0.0,36,14793,买盘
294,09:44:42,4.11,0.0,592,243310,买盘
295,09:44:46,4.11,0.0,365,149672,买盘
296,09:44:48,4.11,0.0,16,6572,买盘
297,09:44:52,4.1,-0.01,95,38983,卖盘
298,09:44:54,4.1,0.0,821,336630,卖盘
299,09:44:58,4.1,0.0,94,38540,买盘
300,09:45:01,4.09,-0.01,93,38128,卖盘
301,09:45:04,4.09,0.0,35,14345,卖盘
302,09:45:07,4.1,0.01,2728,1115324,买盘
303,09:45:10,4.09,-0.01,18,7362,中性盘
304,09:45:13,4.09,0.0,53,21638,买盘
305,09:45:16,4.09,0.0,73,29857,买盘
306,09:45:19,4.08,-0.01,174,71041,卖盘
307,09:45:22,4.08,0.0,232,94678,卖盘
308,09:45:25,4.08,0.0,82,33466,卖盘
309,09:45:28,4.09,0.01,313,127716,买盘
310,09:45:30,4.08,-0.01,67,27346,卖盘
311,09:45:34,4.09,0.01,243,99173,买盘
312,09:45:37,4.08,-0.01,154,62832,买盘
313,09:45:40,4.08,0.0,30,12250,卖盘
314,09:45:43,4.08,0.0,76,31008,卖盘
315,09:45:46,4.08,0.0,73,29787,卖盘
316,09:45:48,4.08,0.0,98,39984,卖盘
317,09:45:52,4.09,0.01,566,230996,买盘
318,09:45:55,4.09,0.0,230,93925,买盘
319,09:45:58,4.09,0.0,72,29448,卖盘
320,09:46:01,4.09,0.0,400,163600,卖盘
321,09:46:04,4.1,0.01,382,156524,买盘
322,09:46:06,4.09,-0.01,4,1636,卖盘
323,09:46:10,4.1,0.01,473,193819,买盘
324,09:46:13,4.1,0.0,261,106966,买盘
325,09:46:16,4.1,0.0,16,6560,卖盘
326,09:46:18,4.1,0.0,1,410,卖盘
327,09:46:21,4.1,0.0,61,25010,卖盘
328,09:46:24,4.11,0.01,1063,436877,买盘
329,09:46:28,4.11,0.0,72,29592,卖盘
330,09:46:31,4.11,0.0,24,9864,卖盘
331,09:46:34,4.11,0.0,22,9042,卖盘
332,09:46:37,4.12,0.01,85,35020,买盘
333,09:46:40,4.12,0.0,73,30076,买盘
334,09:46:42,4.12,0.0,192,79104,买盘
335,09:46:45,4.12,0.0,20,8245,卖盘
336,09:46:48,4.13,0.01,108,44526,买盘
337,09:46:52,4.13,0.0,65,26791,买盘
338,09:46:55,4.13,0.0,54,22302,买盘
339,09:46:57,4.14,0.01,291,120117,买盘
340,09:47:01,4.14,0.0,7,2898,买盘
341,09:47:06,4.14,0.0,7,2898,买盘
342,09:47:10,4.14,0.0,668,276070,买盘
343,09:47:12,4.14,0.0,274,113402,买盘
344,09:47:16,4.15,0.01,164,67985,买盘
345,09:47:19,4.14,-0.01,107,44298,卖盘
346,09:47:22,4.13,-0.01,285,118082,卖盘
347,09:47:24,4.14,0.01,47,19491,卖盘
348,09:47:27,4.13,-0.01,222,91898,卖盘
349,09:47:31,4.13,0.0,1127,465979,卖盘
350,09:47:34,4.13,0.0,195,80535,买盘
351,09:47:37,4.13,0.0,400,165200,买盘
352,09:47:40,4.13,0.0,10,4130,买盘
353,09:47:43,4.12,-0.01,275,113332,卖盘
354,09:47:45,4.13,0.01,125,51553,买盘
355,09:47:49,4.13,0.0,25,10304,买盘
356,09:47:51,4.12,-0.01,84,34638,卖盘
357,09:47:54,4.13,0.01,108,44573,买盘
358,09:47:58,4.12,-0.01,45,18540,卖盘
359,09:48:01,4.12,0.0,54,22248,卖盘
360,09:48:04,4.12,0.0,5,2063,卖盘
361,09:48:06,4.12,0.0,194,79982,卖盘
362,09:48:09,4.13,0.01,21,8662,买盘
363,09:48:12,4.13,0.0,32,13192,买盘
364,09:48:16,4.12,-0.01,62,25544,卖盘
365,09:48:18,4.12,0.0,14,5769,卖盘
366,09:48:21,4.12,0.0,120,49453,卖盘
367,09:48:24,4.12,0.0,121,49935,卖盘
368,09:48:28,4.13,0.01,13,5360,买盘
369,09:48:31,4.13,0.0,128,52846,买盘
370,09:48:34,4.13,0.0,59,24344,买盘
371,09:48:40,4.13,0.0,317,130921,买盘
372,09:48:43,4.13,0.0,228,94164,买盘
373,09:48:46,4.13,0.0,14,5782,卖盘
374,09:48:52,4.14,0.01,208,86112,买盘
375,09:48:58,4.13,-0.01,77,31801,卖盘
376,09:49:00,4.14,0.01,19,7866,买盘
377,09:49:04,4.15,0.01,537,222820,买盘
378,09:49:07,4.15,0.0,18,7454,买盘
379,09:49:10,4.14,-0.01,3,1242,卖盘
380,09:49:12,4.15,0.01,13,5395,买盘
381,09:49:16,4.14,-0.01,44,18217,卖盘
382,09:49:19,4.15,0.01,57,23654,买盘
383,09:49:21,4.14,-0.01,106,43942,卖盘
384,09:49:25,4.14,0.0,261,108127,卖盘
385,09:49:28,4.14,0.0,123,50922,买盘
386,09:49:31,4.14,0.0,25,10350,买盘
387,09:49:34,4.14,0.0,126,52164,买盘
388,09:49:37,4.14,0.0,4,1656,买盘
389,09:49:40,4.14,0.0,58,24012,买盘
390,09:49:42,4.14,0.0,89,36846,买盘
391,09:49:46,4.14,0.0,30,12420,买盘
392,09:49:48,4.13,-0.01,62,25665,卖盘
393,09:49:52,4.14,0.01,100,41380,买盘
394,09:49:58,4.14,0.0,555,229656,买盘
395,09:50:01,4.14,0.0,13,5382,买盘
396,09:50:04,4.14,0.0,100,41307,买盘
397,09:50:07,4.14,0.0,59,24399,买盘
398,09:50:09,4.13,-0.01,135,55858,卖盘
399,09:50:13,4.14,0.01,37,15318,买盘
400,09:50:19,4.14,0.0,80,33103,买盘
401,09:50:21,4.13,-0.01,224,92728,卖盘
402,09:50:25,4.13,0.0,15,6195,卖盘
403,09:50:27,4.14,0.01,2,828,买盘
404,09:50:31,4.13,-0.01,282,116466,卖盘
405,09:50:37,4.13,0.0,94,38822,买盘
406,09:50:40,4.13,0.0,351,144963,买盘
407,09:50:43,4.13,0.0,5,2065,买盘
408,09:50:46,4.12,-0.01,32,13186,卖盘
409,09:50:49,4.14,0.02,655,270417,买盘
410,09:50:51,4.14,0.0,25,10345,买盘
411,09:50:54,4.13,-0.01,19,7847,卖盘
412,09:50:58,4.12,-0.01,69,28497,卖盘
413,09:51:00,4.13,0.01,105,43360,中性盘
414,09:51:04,4.13,0.0,51,21063,买盘
415,09:51:07,4.12,-0.01,21,8662,卖盘
416,09:51:09,4.13,0.01,43,17726,买盘
417,09:51:12,4.13,0.0,6,2478,买盘
418,09:51:16,4.12,-0.01,250,103098,卖盘
419,09:51:18,4.12,0.0,44,18171,卖盘
420,09:51:22,4.12,0.0,27,11124,卖盘
421,09:51:25,4.12,0.0,91,37492,卖盘
422,09:51:28,4.12,0.0,50,20600,卖盘
423,09:51:31,4.13,0.01,10,4130,买盘
424,09:51:34,4.12,-0.01,20,8250,卖盘
425,09:51:37,4.13,0.01,179,73768,买盘
426,09:51:40,4.13,0.0,3,1239,买盘
427,09:51:42,4.12,-0.01,38,15671,卖盘
428,09:51:45,4.12,0.0,169,69628,卖盘
429,09:51:48,4.13,0.01,150,61950,买盘
430,09:51:51,4.12,-0.01,65,26780,卖盘
431,09:51:54,4.12,0.0,213,87756,卖盘
432,09:52:01,4.12,0.0,226,93112,卖盘
433,09:52:04,4.13,0.01,25,10320,买盘
434,09:52:07,4.12,-0.01,213,87940,卖盘
435,09:52:10,4.13,0.01,366,151066,买盘
436,09:52:13,4.12,-0.01,200,82400,卖盘
437,09:52:15,4.12,0.0,107,44109,买盘
438,09:52:19,4.12,0.0,73,30079,卖盘
439,09:52:22,4.12,0.0,40,16480,卖盘
440,09:52:25,4.12,0.0,20,8240,卖盘
441,09:52:27,4.12,0.0,85,35050,卖盘
442,09:52:31,4.12,0.0,67,27604,卖盘
443,09:52:34,4.13,0.01,41,16896,买盘
444,09:52:43,4.13,0.0,10,4130,买盘
445,09:52:45,4.13,0.0,42,17337,买盘
446,09:52:48,4.12,-0.01,10,4120,卖盘
447,09:52:51,4.12,0.0,3,1236,卖盘
448,09:52:55,4.12,0.0,144,59470,卖盘
449,09:53:00,4.13,0.01,50,20650,买盘
450,09:53:06,4.12,-0.01,174,71688,卖盘
451,09:53:09,4.12,0.0,19,7840,卖盘
452,09:53:13,4.13,0.01,18,7429,买盘
453,09:53:16,4.13,0.0,143,58956,买盘
454,09:53:18,4.13,0.0,28,11564,卖盘
455,09:53:22,4.12,-0.01,412,169782,卖盘
456,09:53:25,4.13,0.01,4,1652,买盘
457,09:53:31,4.13,0.0,20,8260,卖盘
458,09:53:34,4.14,0.01,302,124840,买盘
459,09:53:36,4.13,-0.01,3,1239,卖盘
460,09:53:39,4.13,0.0,220,90860,卖盘
461,09:53:46,4.12,-0.01,31,12772,卖盘
462,09:53:48,4.14,0.02,120,49571,买盘
463,09:53:52,4.13,-0.01,111,45843,买盘
464,09:53:55,4.14,0.01,349,144437,买盘
465,09:53:58,4.13,-0.01,392,161896,卖盘
466,09:54:07,4.14,0.01,3,1242,买盘
467,09:54:10,4.14,0.0,127,52578,买盘
468,09:54:16,4.14,0.0,56,23184,买盘
469,09:54:19,4.14,0.0,36,14904,买盘
470,09:54:22,4.14,0.0,84,34776,买盘
471,09:54:25,4.13,-0.01,4,1652,卖盘
472,09:54:28,4.14,0.01,30,12400,买盘
473,09:54:30,4.13,-0.01,32,13228,卖盘
474,09:54:33,4.13,0.0,278,114821,卖盘
475,09:54:40,4.13,0.0,416,171924,卖盘
476,09:54:46,4.12,-0.01,152,62744,卖盘
477,09:54:48,4.13,0.01,3,1239,卖盘
478,09:54:51,4.14,0.01,145,59778,买盘
479,09:55:01,4.13,-0.01,34,14033,买盘
480,09:55:04,4.13,0.0,20,8260,买盘
481,09:55:06,4.13,0.0,12,4956,买盘
482,09:55:10,4.13,0.0,236,97298,买盘
483,09:55:18,4.12,-0.01,205,84500,卖盘
484,09:55:22,4.12,0.0,594,244732,卖盘
485,09:55:25,4.13,0.01,95,39235,买盘
486,09:55:28,4.13,0.0,113,46579,买盘
487,09:55:31,4.12,-0.01,54,22248,卖盘
488,09:55:36,4.12,0.0,54,22252,卖盘
489,09:55:39,4.12,0.0,90,37183,卖盘
490,09:55:49,4.12,0.0,236,97182,买盘
491,09:55:52,4.12,0.0,102,42005,买盘
492,09:55:55,4.11,-0.01,39,16029,卖盘
493,09:55:58,4.11,0.0,63,25893,卖盘
494,09:56:01,4.11,0.0,400,164515,卖盘
495,09:56:03,4.11,0.0,366,150426,卖盘
496,09:56:07,4.11,0.0,61,25121,卖盘
497,09:56:10,4.11,0.0,634,260584,卖盘
498,09:56:13,4.11,0.0,248,101928,买盘
499,09:56:18,4.1,-0.01,93,38130,卖盘
500,09:56:22,4.11,0.01,1,411,买盘
501,09:56:28,4.1,-0.01,53,21760,卖盘
502,09:56:31,4.11,0.01,261,107190,买盘
503,09:56:34,4.11,0.0,397,162899,中性盘
504,09:56:37,4.11,0.0,37,15207,卖盘
505,09:56:40,4.1,-0.01,33,13530,卖盘
506,09:56:42,4.11,0.01,94,38609,买盘
507,09:56:45,4.11,0.0,444,182468,买盘
508,09:56:48,4.1,-0.01,221,90619,卖盘
509,09:56:52,4.1,0.0,239,97990,卖盘
510,09:56:54,4.1,0.0,67,27470,卖盘
511,09:56:58,4.1,0.0,84,34440,卖盘
512,09:57:04,4.1,0.0,118,48380,卖盘
513,09:57:07,4.1,0.0,90,36900,卖盘
514,09:57:10,4.09,-0.01,50,20450,卖盘
515,09:57:12,4.1,0.01,31,12709,买盘
516,09:57:16,4.1,0.0,199,81530,买盘
517,09:57:19,4.09,-0.01,28,11452,卖盘
518,09:57:22,4.1,0.01,45,18425,卖盘
519,09:57:25,4.1,0.0,10,4100,卖盘
520,09:57:27,4.1,0.0,1,410,卖盘
521,09:57:31,4.1,0.0,46,18860,卖盘
522,09:57:34,4.1,0.0,129,52890,卖盘
523,09:57:37,4.11,0.01,35,14385,买盘
524,09:57:40,4.1,-0.01,221,90610,卖盘
525,09:57:42,4.11,0.01,10,4110,买盘
526,09:57:45,4.11,0.0,52,21322,买盘
527,09:57:49,4.11,0.0,49,20139,买盘
528,09:57:52,4.1,-0.01,713,292330,卖盘
529,09:57:55,4.11,0.01,28,11508,买盘
530,09:57:58,4.11,0.0,116,47676,买盘
531,09:58:01,4.11,0.0,48,19728,卖盘
532,09:58:04,4.11,0.0,32,13152,卖盘
533,09:58:06,4.11,0.0,15,6165,卖盘
534,09:58:10,4.1,-0.01,53,21755,卖盘
535,09:58:13,4.11,0.01,3,1233,买盘
536,09:58:16,4.11,0.0,187,76857,买盘
537,09:58:19,4.1,-0.01,54,22140,卖盘
538,09:58:22,4.11,0.01,596,244562,买盘
539,09:58:25,4.11,0.0,1,411,卖盘
540,09:58:27,4.11,0.0,8,3288,卖盘
541,09:58:31,4.11,0.0,2,822,卖盘
542,09:58:34,4.11,0.0,22,9042,卖盘
543,09:58:36,4.12,0.01,25,10295,买盘
544,09:58:42,4.12,0.0,933,384193,买盘
545,09:58:46,4.12,0.0,45,18540,卖盘
546,09:58:49,4.12,0.0,5,2060,卖盘
547,09:58:52,4.13,0.01,11,4543,买盘
548,09:59:00,4.12,-0.01,4,1648,卖盘
549,09:59:03,4.12,0.0,1,412,卖盘
550,09:59:07,4.13,0.01,27,11151,买盘
551,09:59:10,4.13,0.0,132,54504,买盘
552,09:59:13,4.13,0.0,29,11977,买盘
553,09:59:16,4.13,0.0,17,7008,买盘
554,09:59:19,4.13,0.0,48,19824,买盘
555,09:59:21,4.13,0.0,56,23128,卖盘
556,09:59:24,4.13,0.0,21,8675,卖盘
557,09:59:27,4.13,0.0,180,74340,卖盘
558,09:59:31,4.12,-0.01,70,28902,卖盘
559,09:59:34,4.13,0.01,11,4543,买盘
560,09:59:36,4.12,-0.01,87,35912,卖盘
561,09:59:42,4.12,0.0,193,79554,卖盘
562,09:59:45,4.12,0.0,154,63564,卖盘
563,09:59:48,4.13,0.01,4,1652,买盘
564,09:59:52,4.12,-0.01,18,7416,卖盘
565,09:59:55,4.13,0.01,118,48734,买盘
566,09:59:58,4.13,0.0,12,4956,卖盘
567,10:00:01,4.13,0.0,6,2478,卖盘
568,10:00:04,4.13,0.0,16,6608,卖盘
569,10:00:07,4.13,0.0,35,14455,卖盘
570,10:00:10,4.13,0.0,23,9500,卖盘
571,10:00:13,4.13,0.0,7,2891,买盘
572,10:00:16,4.14,0.01,275,113576,买盘
573,10:00:19,4.13,-0.01,3,1239,卖盘
574,10:00:22,4.13,0.0,49,20237,卖盘
575,10:00:24,4.13,0.0,2,826,卖盘
576,10:00:30,4.13,0.0,95,39235,卖盘
577,10:00:34,4.13,0.0,2,826,卖盘
578,10:00:37,4.13,0.0,6,2478,卖盘
579,10:00:39,4.13,0.0,259,107074,卖盘
580,10:00:45,4.12,-0.01,26,10712,卖盘
581,10:00:48,4.12,0.0,67,27604,卖盘
582,10:00:52,4.13,0.01,63,26019,买盘
583,10:00:58,4.12,-0.01,71,29252,卖盘
584,10:01:01,4.12,0.0,61,25132,卖盘
585,10:01:03,4.12,0.0,24,9888,卖盘
586,10:01:07,4.12,0.0,252,103824,卖盘
587,10:01:09,4.12,0.0,124,51191,卖盘
588,10:01:13,4.12,0.0,8,3296,买盘
589,10:01:21,4.12,0.0,142,58401,买盘
590,10:01:24,4.12,0.0,15,6180,卖盘
591,10:01:28,4.12,0.0,67,27604,卖盘
592,10:01:31,4.12,0.0,3,1236,卖盘
593,10:01:34,4.12,0.0,445,183443,卖盘
594,10:01:37,4.12,0.0,23,9476,买盘
595,10:01:40,4.12,0.0,15,6175,买盘
596,10:01:43,4.12,0.0,8,3292,买盘
597,10:01:46,4.11,-0.01,55,22610,卖盘
598,10:01:49,4.12,0.01,3,1236,买盘
599,10:01:55,4.11,-0.01,1,411,卖盘
600,10:01:57,4.12,0.01,831,342168,买盘
601,10:02:01,4.12,0.0,75,30900,卖盘
602,10:02:04,4.12,0.0,20,8240,卖盘
603,10:02:07,4.12,0.0,25,10300,卖盘
604,10:02:10,4.12,0.0,6,2472,卖盘
605,10:02:13,4.12,0.0,22,9064,卖盘
606,10:02:16,4.13,0.01,18,7434,买盘
607,10:02:24,4.13,0.0,50,20650,买盘
608,10:02:28,4.13,0.0,100,41300,买盘
609,10:02:39,4.12,-0.01,16,6592,卖盘
610,10:02:42,4.13,0.01,5,2065,买盘
611,10:02:46,4.12,-0.01,1,412,卖盘
612,10:02:48,4.12,0.0,125,51500,卖盘
613,10:02:52,4.12,0.0,346,142570,卖盘
614,10:02:55,4.12,0.0,89,36771,卖盘
615,10:03:01,4.12,0.0,289,118965,买盘
616,10:03:04,4.12,0.0,17,7004,卖盘
617,10:03:09,4.12,0.0,50,20600,卖盘
618,10:03:12,4.12,0.0,100,41200,卖盘
619,10:03:15,4.12,0.0,3,1236,卖盘
620,10:03:18,4.12,0.0,16,6592,卖盘
621,10:03:24,4.12,0.0,3,1236,卖盘
622,10:03:28,4.12,0.0,201,83012,卖盘
623,10:03:30,4.12,0.0,50,20600,卖盘
624,10:03:33,4.12,0.0,105,43282,卖盘
625,10:03:37,4.11,-0.01,204,84141,卖盘
626,10:03:51,4.12,0.01,52,21396,买盘
627,10:03:55,4.12,0.0,57,23381,买盘
628,10:03:58,4.12,0.0,14,5771,卖盘
629,10:04:00,4.12,0.0,39,16068,卖盘
630,10:04:04,4.11,-0.01,348,143146,卖盘
631,10:04:07,4.11,0.0,3,1233,卖盘
632,10:04:13,4.11,0.0,59,24299,卖盘
633,10:04:15,4.12,0.01,23,9455,买盘
634,10:04:22,4.12,0.0,35,14420,买盘
635,10:04:27,4.11,-0.01,61,25080,卖盘
636,10:04:31,4.11,0.0,1,411,卖盘
637,10:04:34,4.11,0.0,22,9042,卖盘
638,10:04:37,4.11,0.0,214,87954,卖盘
639,10:04:40,4.12,0.01,500,205897,买盘
640,10:04:43,4.12,0.0,158,65096,卖盘
641,10:04:46,4.12,0.0,50,20600,卖盘
642,10:04:49,4.11,-0.01,273,112577,卖盘
643,10:04:51,4.11,0.0,84,34524,卖盘
644,10:04:58,4.11,0.0,42,17292,卖盘
645,10:05:01,4.11,0.0,11,4521,卖盘
646,10:05:04,4.11,0.0,22,9042,卖盘
647,10:05:06,4.11,0.0,12,4932,卖盘
648,10:05:10,4.1,-0.01,667,273794,卖盘
649,10:05:13,4.12,0.02,1,412,买盘
650,10:05:22,4.1,-0.02,22,9020,卖盘
651,10:05:24,4.1,0.0,5,2050,卖盘
652,10:05:27,4.11,0.01,33,13563,买盘
653,10:05:30,4.11,0.0,10,4110,买盘
654,10:05:34,4.11,0.0,257,105570,买盘
655,10:05:37,4.1,-0.01,19,7790,卖盘
656,10:05:39,4.1,0.0,152,62320,卖盘
657,10:05:43,4.1,0.0,8,3280,卖盘
658,10:05:46,4.11,0.01,95,38953,买盘
659,10:05:48,4.11,0.0,10,4110,买盘
660,10:05:51,4.1,-0.01,117,47970,卖盘
661,10:05:55,4.1,0.0,66,27060,买盘
662,10:05:58,4.1,0.0,25,10250,买盘
663,10:06:00,4.11,0.01,188,77127,买盘
664,10:06:04,4.1,-0.01,70,28700,卖盘
665,10:06:09,4.1,0.0,413,169330,卖盘
666,10:06:13,4.09,-0.01,144,58960,卖盘
667,10:06:16,4.1,0.01,270,110700,买盘
668,10:06:19,4.1,0.0,32,13122,中性盘
669,10:06:22,4.09,-0.01,125,51164,卖盘
670,10:06:25,4.09,0.0,52,21298,卖盘
671,10:06:28,4.11,0.02,208,85160,买盘
672,10:06:30,4.1,-0.01,193,78969,中性盘
673,10:06:34,4.09,-0.01,694,284058,卖盘
674,10:06:37,4.09,0.0,12,4908,卖盘
675,10:06:42,4.1,0.01,66,27070,卖盘
676,10:06:45,4.1,0.0,14,5740,卖盘
677,10:06:49,4.09,-0.01,50,20480,卖盘
678,10:06:52,4.09,0.0,1,409,卖盘
679,10:06:55,4.1,0.01,7,2870,买盘
680,10:06:57,4.1,0.0,26,10660,买盘
681,10:07:01,4.1,0.0,248,101668,买盘
682,10:07:04,4.1,0.0,10,4100,卖盘
683,10:07:07,4.11,0.01,70,28770,买盘
684,10:07:16,4.11,0.0,40,16440,买盘
685,10:07:18,4.1,-0.01,17,6970,卖盘
686,10:07:21,4.1,0.0,3,1230,卖盘
687,10:07:25,4.1,0.0,82,33630,卖盘
688,10:07:31,4.1,0.0,10,4100,卖盘
689,10:07:37,4.11,0.01,258,105790,买盘
690,10:07:40,4.11,0.0,539,221190,买盘
691,10:07:43,4.1,-0.01,39,15990,卖盘
692,10:07:46,4.11,0.01,45,18481,买盘
693,10:07:54,4.1,-0.01,40,16400,卖盘
694,10:07:58,4.1,0.0,20,8200,卖盘
695,10:08:04,4.11,0.01,271,111351,买盘
696,10:08:07,4.11,0.0,1,411,卖盘
697,10:08:10,4.11,0.0,182,74802,卖盘
698,10:08:12,4.11,0.0,21,8631,卖盘
699,10:08:19,4.12,0.01,59,24296,买盘
700,10:08:22,4.12,0.0,89,36668,买盘
701,10:08:25,4.11,-0.01,54,22216,卖盘
702,10:08:40,4.12,0.01,1,412,买盘
703,10:08:43,4.11,-0.01,25,10275,卖盘
704,10:08:48,4.12,0.01,124,51088,买盘
705,10:08:51,4.12,0.0,1,412,买盘
706,10:08:55,4.12,0.0,126,51810,买盘
707,10:08:58,4.12,0.0,7,2884,买盘
708,10:09:00,4.11,-0.01,38,15618,卖盘
709,10:09:04,4.12,0.01,20,8240,买盘
710,10:09:06,4.11,-0.01,1,411,卖盘
711,10:09:10,4.12,0.01,159,65408,买盘
712,10:09:12,4.11,-0.01,7,2877,卖盘
713,10:09:25,4.11,0.0,100,41100,卖盘
714,10:09:30,4.11,0.0,76,31236,卖盘
715,10:09:33,4.12,0.01,8,3296,买盘
716,10:09:36,4.12,0.0,2,824,买盘
717,10:09:39,4.11,-0.01,5,2056,卖盘
718,10:09:45,4.11,0.0,8,3288,卖盘
719,10:09:49,4.11,0.0,28,11508,卖盘
720,10:09:51,4.11,0.0,20,8220,卖盘
721,10:09:54,4.11,0.0,23,9453,卖盘
722,10:09:58,4.11,0.0,59,24249,卖盘
723,10:10:07,4.12,0.01,62,25494,买盘
724,10:10:10,4.12,0.0,12,4944,买盘
725,10:10:12,4.12,0.0,2,824,买盘
726,10:10:15,4.11,-0.01,23,9453,卖盘
727,10:10:19,4.12,0.01,21,8652,买盘
728,10:10:21,4.12,0.0,346,142552,买盘
729,10:10:24,4.12,0.0,15,6170,买盘
730,10:10:28,4.12,0.0,4,1648,买盘
731,10:10:31,4.12,0.0,234,96300,买盘
732,10:10:34,4.12,0.0,4,1648,卖盘
733,10:10:37,4.12,0.0,202,83224,卖盘
734,10:10:43,4.12,0.0,113,46556,卖盘
735,10:10:45,4.13,0.01,68,28034,买盘
736,10:10:48,4.13,0.0,8,3304,买盘
737,10:10:52,4.12,-0.01,64,26368,卖盘
738,10:10:58,4.12,0.0,33,13596,卖盘
739,10:11:00,4.13,0.01,2,826,买盘
740,10:11:03,4.13,0.0,102,42126,买盘
741,10:11:10,4.13,0.0,70,28890,买盘
742,10:11:13,4.12,-0.01,2,824,卖盘
743,10:11:19,4.13,0.01,29,11977,买盘
744,10:11:22,4.13,0.0,29,11958,买盘
745,10:11:25,4.13,0.0,67,27671,买盘
746,10:11:27,4.12,-0.01,94,38812,卖盘
747,10:11:31,4.12,0.0,2,824,卖盘
748,10:11:40,4.13,0.01,51,21063,买盘
749,10:11:43,4.13,0.0,30,12390,买盘
750,10:11:49,4.13,0.0,192,79296,买盘
751,10:11:51,4.14,0.01,2,828,买盘
752,10:11:55,4.14,0.0,30,12420,买盘
753,10:12:04,4.14,0.0,8,3307,买盘
754,10:12:07,4.13,-0.01,152,62888,卖盘
755,10:12:10,4.14,0.01,67,27738,买盘
756,10:12:13,4.14,0.0,140,57960,买盘
757,10:12:16,4.14,0.0,15,6210,买盘
758,10:12:19,4.14,0.0,68,28152,买盘
759,10:12:28,4.14,0.0,3,1242,买盘
760,10:12:31,4.14,0.0,14,5796,买盘
761,10:12:37,4.13,-0.01,216,89408,卖盘
762,10:12:39,4.14,0.01,47,19458,买盘
763,10:12:43,4.14,0.0,50,20700,买盘
764,10:12:46,4.13,-0.01,73,30160,卖盘
765,10:12:51,4.14,0.01,19,7882,卖盘
766,10:13:01,4.14,0.0,67,27799,卖盘
767,10:13:04,4.15,0.01,161,66815,买盘
768,10:13:07,4.15,0.0,24,9956,买盘
769,10:13:13,4.14,-0.01,84,34830,卖盘
770,10:13:16,4.15,0.01,304,126160,买盘
771,10:13:18,4.15,0.0,22,9130,卖盘
772,10:13:21,4.16,0.01,41,17026,买盘
773,10:13:25,4.15,-0.01,41,17015,卖盘
774,10:13:31,4.14,-0.01,210,87149,卖盘
775,10:13:34,4.15,0.01,127,52705,买盘
776,10:13:36,4.15,0.0,12,4980,买盘
777,10:13:39,4.15,0.0,72,29880,买盘
778,10:13:46,4.15,0.0,68,28200,买盘
779,10:13:49,4.15,0.0,15,6225,买盘
780,10:13:55,4.15,0.0,47,19465,买盘
781,10:13:58,4.15,0.0,30,12450,买盘
782,10:14:00,4.14,-0.01,150,62100,卖盘
783,10:14:04,4.15,0.01,69,28635,买盘
784,10:14:07,4.14,-0.01,24,9937,卖盘
785,10:14:10,4.15,0.01,5,2075,买盘
786,10:14:13,4.15,0.0,20,8300,买盘
787,10:14:16,4.15,0.0,170,70445,买盘
788,10:14:22,4.15,0.0,122,50630,买盘
789,10:14:25,4.15,0.0,5,2075,买盘
790,10:14:30,4.15,0.0,195,80919,买盘
791,10:14:33,4.15,0.0,16,6640,买盘
792,10:14:36,4.14,-0.01,35,14500,卖盘
793,10:14:40,4.15,0.01,172,71380,买盘
794,10:14:43,4.14,-0.01,85,35260,卖盘
795,10:14:49,4.15,0.01,26,10790,卖盘
796,10:14:51,4.15,0.0,20,8300,买盘
797,10:14:55,4.15,0.0,129,53407,买盘
798,10:14:58,4.14,-0.01,21,8704,卖盘
799,10:15:04,4.14,0.0,179,74106,卖盘
800,10:15:10,4.14,0.0,209,86526,卖盘
801,10:15:22,4.14,0.0,1,414,买盘
802,10:15:31,4.14,0.0,36,14904,买盘
803,10:15:34,4.13,-0.01,1,413,卖盘
804,10:15:42,4.13,0.0,24,9915,卖盘
805,10:15:46,4.13,0.0,263,108619,卖盘
806,10:15:48,4.12,-0.01,397,163774,卖盘
807,10:15:51,4.13,0.01,28,11564,中性盘
808,10:15:55,4.13,0.0,91,37583,买盘
809,10:16:10,4.12,-0.01,25,10300,卖盘
810,10:16:12,4.12,0.0,97,39964,卖盘
811,10:16:18,4.12,0.0,12,4944,买盘
812,10:16:22,4.12,0.0,170,69880,买盘
813,10:16:24,4.11,-0.01,105,43240,卖盘
814,10:16:27,4.12,0.01,100,41200,卖盘
815,10:16:31,4.12,0.0,1,412,中性盘
816,10:16:40,4.13,0.01,8,3297,买盘
817,10:16:43,4.12,-0.01,1165,479980,卖盘
818,10:16:52,4.11,-0.01,100,41100,卖盘
819,10:16:55,4.12,0.01,123,50674,买盘
820,10:17:06,4.12,0.0,325,133894,买盘
821,10:17:33,4.13,0.01,12,4956,买盘
822,10:17:36,4.13,0.0,14,5782,买盘
823,10:17:43,4.13,0.0,5,2065,买盘
824,10:17:46,4.13,0.0,49,20237,买盘
825,10:17:48,4.13,0.0,129,53248,买盘
826,10:17:52,4.13,0.0,1,413,卖盘
827,10:17:58,4.14,0.01,144,59616,买盘
828,10:18:01,4.14,0.0,8,3312,买盘
829,10:18:04,4.16,0.02,1478,614068,买盘
830,10:18:10,4.13,-0.03,4,1652,卖盘
831,10:18:13,4.14,0.01,1,414,买盘
832,10:18:19,4.14,0.0,47,19458,买盘
833,10:18:24,4.14,0.0,4,1656,卖盘
834,10:18:28,4.16,0.02,5,2080,买盘
835,10:18:31,4.16,0.0,49,20384,买盘
836,10:18:39,4.16,0.0,173,71968,买盘
837,10:18:46,4.15,-0.01,81,33676,卖盘
838,10:18:52,4.15,0.0,41,17085,卖盘
839,10:18:58,4.17,0.02,283,118008,买盘
840,10:19:01,4.16,-0.01,139,57945,卖盘
841,10:19:04,4.16,0.0,84,34944,买盘
842,10:19:06,4.16,0.0,276,114816,买盘
843,10:19:09,4.16,0.0,57,23712,买盘
844,10:19:13,4.17,0.01,135,56260,买盘
845,10:19:16,4.16,-0.01,4,1664,卖盘
846,10:19:19,4.16,0.0,23,9568,卖盘
847,10:19:22,4.17,0.01,20,8333,买盘
848,10:19:31,4.17,0.0,15,6255,买盘
849,10:19:33,4.16,-0.01,156,64902,卖盘
850,10:19:40,4.16,0.0,16,6646,买盘
851,10:19:43,4.16,0.0,121,50336,买盘
852,10:19:45,4.15,-0.01,3,1245,卖盘
853,10:19:49,4.16,0.01,104,43264,买盘
854,10:19:52,4.16,0.0,124,51584,买盘
855,10:19:55,4.15,-0.01,300,124500,卖盘
856,10:20:00,4.16,0.01,20,8320,买盘
857,10:20:03,4.16,0.0,88,36608,买盘
858,10:20:10,4.16,0.0,5,2080,买盘
859,10:20:13,4.16,0.0,150,62400,买盘
860,10:20:16,4.16,0.0,20,8320,卖盘
861,10:20:19,4.16,0.0,5,2080,卖盘
862,10:20:22,4.16,0.0,13,5411,卖盘
863,10:20:25,4.16,0.0,15,6242,卖盘
864,10:20:27,4.17,0.01,134,55845,买盘
865,10:20:34,4.16,-0.01,33,13728,卖盘
866,10:20:40,4.17,0.01,365,152205,买盘
867,10:20:46,4.17,0.0,20,8340,卖盘
868,10:20:49,4.17,0.0,44,18362,卖盘
869,10:20:52,4.18,0.01,25,10440,买盘
870,10:20:54,4.18,0.0,81,33827,买盘
871,10:20:58,4.18,0.0,113,47234,买盘
872,10:21:01,4.18,0.0,223,93214,买盘
873,10:21:04,4.18,0.0,118,49294,买盘
874,10:21:07,4.18,0.0,23,9614,卖盘
875,10:21:09,4.19,0.01,551,230828,买盘
876,10:21:12,4.19,0.0,266,111454,卖盘
877,10:21:15,4.18,-0.01,528,221202,卖盘
878,10:21:18,4.19,0.01,351,147059,买盘
879,10:21:22,4.18,-0.01,296,123728,卖盘
880,10:21:25,4.18,0.0,169,70647,卖盘
881,10:21:28,4.18,0.0,269,112442,买盘
882,10:21:31,4.18,0.0,41,17128,买盘
883,10:21:33,4.17,-0.01,346,144432,卖盘
884,10:21:37,4.17,0.0,85,35470,卖盘
885,10:21:39,4.17,0.0,190,79230,卖盘
886,10:21:43,4.17,0.0,245,102180,买盘
887,10:21:45,4.17,0.0,89,37113,卖盘
888,10:21:49,4.17,0.0,42,17515,买盘
889,10:21:52,4.17,0.0,9,3753,卖盘
890,10:21:54,4.17,0.0,20,8340,买盘
891,10:21:57,4.17,0.0,241,100497,买盘
892,10:22:04,4.17,0.0,59,24580,买盘
893,10:22:07,4.17,0.0,18,7506,买盘
894,10:22:10,4.16,-0.01,58,24148,卖盘
895,10:22:13,4.17,0.01,55,22885,买盘
896,10:22:16,4.16,-0.01,22,9152,卖盘
897,10:22:19,4.17,0.01,120,50002,买盘
898,10:22:22,4.16,-0.01,188,78213,卖盘
899,10:22:25,4.16,0.0,33,13728,买盘
900,10:22:28,4.16,0.0,2,832,买盘
901,10:22:34,4.16,0.0,60,24960,买盘
902,10:22:36,4.16,0.0,68,28288,买盘
903,10:22:39,4.16,0.0,15,6240,买盘
904,10:22:43,4.16,0.0,30,12480,买盘
905,10:22:45,4.16,0.0,50,20800,买盘
906,10:22:48,4.17,0.01,60,25020,买盘
907,10:22:51,4.16,-0.01,27,11232,卖盘
908,10:22:55,4.16,0.0,80,33280,卖盘
909,10:22:58,4.16,0.0,69,28704,卖盘
910,10:23:01,4.16,0.0,3,1248,卖盘
911,10:23:04,4.17,0.01,16,6672,买盘
912,10:23:07,4.16,-0.01,63,26268,卖盘
913,10:23:16,4.16,0.0,8,3328,卖盘
914,10:23:19,4.17,0.01,241,100447,买盘
915,10:23:22,4.16,-0.01,20,8320,卖盘
916,10:23:31,4.16,0.0,6,2496,卖盘
917,10:23:34,4.16,0.0,46,19170,卖盘
918,10:23:37,4.17,0.01,4,1668,买盘
919,10:23:40,4.16,-0.01,70,29120,卖盘
920,10:23:42,4.17,0.01,124,51708,买盘
921,10:23:48,4.16,-0.01,40,16640,卖盘
922,10:23:52,4.17,0.01,170,70890,买盘
923,10:23:55,4.17,0.0,20,8340,买盘
924,10:23:58,4.17,0.0,40,16642,买盘
925,10:24:04,4.17,0.0,9,3753,买盘
926,10:24:07,4.17,0.0,30,12510,买盘
927,10:24:09,4.17,0.0,2,834,买盘
928,10:24:13,4.17,0.0,62,25854,买盘
929,10:24:15,4.17,0.0,10,4170,买盘
930,10:24:18,4.17,0.0,10,4170,卖盘
931,10:24:22,4.17,0.0,11,4587,卖盘
932,10:24:25,4.17,0.0,44,18348,卖盘
933,10:24:31,4.17,0.0,5,2085,买盘
934,10:24:37,4.16,-0.01,76,31672,卖盘
935,10:24:40,4.16,0.0,37,15422,卖盘
936,10:24:42,4.17,0.01,11,4587,买盘
937,10:24:45,4.16,-0.01,46,19136,卖盘
938,10:24:49,4.16,0.0,8,3334,卖盘
939,10:24:55,4.16,0.0,60,24960,卖盘
940,10:24:58,4.16,0.0,108,44928,卖盘
941,10:25:00,4.16,0.0,233,96928,卖盘
942,10:25:03,4.16,0.0,34,14144,卖盘
943,10:25:06,4.16,0.0,14,5824,卖盘
944,10:25:31,4.16,0.0,147,61052,买盘
945,10:25:33,4.15,-0.01,1,415,卖盘
946,10:25:37,4.15,0.0,8,3320,卖盘
947,10:25:40,4.15,0.0,45,18675,卖盘
948,10:25:43,4.15,0.0,36,14940,卖盘
949,10:25:49,4.15,0.0,2,830,卖盘
950,10:25:58,4.15,0.0,10,4150,卖盘
951,10:26:01,4.16,0.01,20,8320,买盘
952,10:26:04,4.15,-0.01,39,16185,卖盘
953,10:26:07,4.15,0.0,34,14110,卖盘
954,10:26:10,4.15,0.0,30,12450,卖盘
955,10:26:13,4.18,0.03,2000,834038,买盘
956,10:26:25,4.16,-0.02,10,4160,买盘
957,10:26:28,4.16,0.0,64,26624,买盘
958,10:26:30,4.16,0.0,50,20800,卖盘
959,10:26:33,4.16,0.0,17,7072,卖盘
960,10:26:36,4.18,0.02,116,48471,买盘
961,10:26:42,4.18,0.0,51,21308,买盘
962,10:26:46,4.17,-0.01,1,417,中性盘
963,10:26:49,4.17,0.0,65,27105,卖盘
964,10:26:57,4.18,0.01,299,124982,买盘
965,10:27:00,4.18,0.0,38,15882,买盘
966,10:27:04,4.18,0.0,150,62650,买盘
967,10:27:07,4.18,0.0,17,7106,买盘
968,10:27:09,4.18,0.0,12,5016,买盘
969,10:27:13,4.18,0.0,6,2508,买盘
970,10:27:16,4.17,-0.01,173,72166,卖盘
971,10:27:19,4.17,0.0,13,5421,卖盘
972,10:27:21,4.17,0.0,102,42612,卖盘
973,10:27:25,4.17,0.0,49,20473,卖盘
974,10:27:27,4.17,0.0,10,4170,卖盘
975,10:27:30,4.18,0.01,581,242932,买盘
976,10:27:34,4.18,0.0,20,8360,中性盘
977,10:27:37,4.18,0.0,2,836,买盘
978,10:27:39,4.18,0.0,34,14212,买盘
979,10:27:42,4.19,0.01,124,51836,买盘
980,10:27:46,4.18,-0.01,40,16720,买盘
981,10:27:52,4.18,0.0,53,22154,买盘
982,10:27:55,4.18,0.0,102,42636,买盘
983,10:27:57,4.18,0.0,150,62700,买盘
984,10:28:00,4.18,0.0,76,31768,买盘
985,10:28:04,4.17,-0.01,61,25453,卖盘
986,10:28:24,4.19,0.02,2500,1047405,买盘
987,10:28:31,4.18,-0.01,12,5016,买盘
988,10:28:43,4.19,0.01,167,69973,买盘
989,10:28:48,4.19,0.0,5,2095,卖盘
990,10:28:51,4.19,0.0,72,30206,卖盘
991,10:28:55,4.2,0.01,471,197820,买盘
992,10:29:00,4.2,0.0,15,6290,买盘
993,10:29:04,4.2,0.0,138,57960,买盘
994,10:29:07,4.2,0.0,112,47040,买盘
995,10:29:09,4.2,0.0,84,35291,卖盘
996,10:29:16,4.21,0.01,11,4621,买盘
997,10:29:19,4.21,0.0,50,21050,买盘
998,10:29:21,4.21,0.0,24,10104,买盘
999,10:29:24,4.21,0.0,667,280807,买盘
1000,10:29:28,4.22,0.01,38,16006,买盘
1001,10:29:30,4.21,-0.01,145,61045,卖盘
1002,10:29:33,4.22,0.01,68,28630,买盘
1003,10:29:36,4.22,0.0,109,45944,买盘
1004,10:29:40,4.22,0.0,263,110966,买盘
1005,10:29:43,4.22,0.0,333,140526,买盘
1006,10:29:46,4.22,0.0,143,60346,买盘
1007,10:29:49,4.22,0.0,137,57814,买盘
1008,10:29:52,4.22,0.0,154,64933,卖盘
1009,10:29:54,4.23,0.01,450,190038,买盘
1010,10:29:58,4.22,-0.01,128,53996,卖盘
1011,10:30:01,4.21,-0.01,141,59570,卖盘
1012,10:30:04,4.22,0.01,225,94997,买盘
1013,10:30:06,4.22,0.0,481,202982,买盘
1014,10:30:10,4.21,-0.01,120,50601,卖盘
1015,10:30:13,4.2,-0.01,561,236195,卖盘
1016,10:30:16,4.2,0.0,433,181954,卖盘
1017,10:30:19,4.2,0.0,10,4200,买盘
1018,10:30:21,4.21,0.01,2411,1014731,买盘
1019,10:30:25,4.19,-0.02,79,33101,卖盘
1020,10:30:28,4.19,0.0,47,19674,买盘
1021,10:30:31,4.18,-0.01,7,2928,卖盘
1022,10:30:34,4.19,0.01,96,40223,买盘
1023,10:30:37,4.18,-0.01,86,36024,卖盘
1024,10:30:39,4.19,0.01,10,4190,买盘
1025,10:30:42,4.18,-0.01,24,10032,卖盘
1026,10:30:48,4.18,0.0,51,21368,卖盘
1027,10:30:52,4.18,0.0,51,21318,卖盘
1028,10:30:55,4.19,0.01,10,4190,买盘
1029,10:30:58,4.18,-0.01,31,12958,卖盘
1030,10:31:01,4.19,0.01,39,16336,买盘
1031,10:31:04,4.18,-0.01,466,195220,卖盘
1032,10:31:06,4.19,0.01,49,20531,买盘
1033,10:31:16,4.2,0.01,60,25200,买盘
1034,10:31:19,4.2,0.0,40,16763,买盘
1035,10:31:22,4.2,0.0,2,840,买盘
1036,10:31:24,4.19,-0.01,5,2095,卖盘
1037,10:31:27,4.2,0.01,47,19740,买盘
1038,10:31:31,4.2,0.0,10,4200,买盘
1039,10:31:34,4.2,0.0,76,31850,买盘
1040,10:31:37,4.2,0.0,237,99540,买盘
1041,10:31:40,4.2,0.0,19,7980,买盘
1042,10:31:46,4.2,0.0,30,12600,买盘
1043,10:31:49,4.2,0.0,226,94900,买盘
1044,10:31:52,4.2,0.0,48,20150,买盘
1045,10:31:54,4.19,-0.01,83,34777,卖盘
1046,10:31:57,4.2,0.01,50,21000,买盘
1047,10:32:01,4.19,-0.01,409,171373,卖盘
1048,10:32:04,4.19,0.0,7,2933,买盘
1049,10:32:06,4.18,-0.01,58,24279,卖盘
1050,10:32:13,4.2,0.02,397,166740,买盘
1051,10:32:16,4.2,0.0,10,4200,卖盘
1052,10:32:19,4.2,0.0,351,147755,卖盘
1053,10:32:22,4.2,0.0,85,35700,卖盘
1054,10:32:24,4.2,0.0,29,12180,卖盘
1055,10:32:28,4.21,0.01,82,34522,买盘
1056,10:32:31,4.21,0.0,336,141150,买盘
1057,10:32:34,4.2,-0.01,54,22699,卖盘
1058,10:32:37,4.21,0.01,262,110302,买盘
1059,10:32:39,4.21,0.0,10,4210,买盘
1060,10:32:42,4.2,-0.01,20,8410,卖盘
1061,10:32:46,4.2,0.0,50,21047,卖盘
1062,10:32:49,4.21,0.01,142,59782,买盘
1063,10:32:52,4.2,-0.01,56,23541,卖盘
1064,10:32:58,4.2,0.0,51,21420,卖盘
1065,10:33:01,4.2,0.0,163,68488,卖盘
1066,10:33:04,4.2,0.0,91,38220,卖盘
1067,10:33:06,4.2,0.0,368,154560,卖盘
1068,10:33:09,4.2,0.0,96,40320,买盘
1069,10:33:19,4.19,-0.01,85,35615,卖盘
1070,10:33:22,4.19,0.0,9,3771,卖盘
1071,10:33:25,4.19,0.0,9,3771,买盘
1072,10:33:27,4.19,0.0,60,25114,买盘
1073,10:33:40,4.19,0.0,13,5447,买盘
1074,10:33:42,4.19,0.0,321,134499,买盘
1075,10:33:46,4.19,0.0,181,75838,买盘
1076,10:33:52,4.2,0.01,3,1260,买盘
1077,10:33:55,4.19,-0.01,82,34358,卖盘
1078,10:34:01,4.19,0.0,35,14665,卖盘
1079,10:34:06,4.19,0.0,50,20959,卖盘
1080,10:34:09,4.2,0.01,163,68300,买盘
1081,10:34:18,4.19,-0.01,9,3771,卖盘
1082,10:34:22,4.19,0.0,10,4190,卖盘
1083,10:34:25,4.19,0.0,26,10904,卖盘
1084,10:34:28,4.2,0.01,34,14280,买盘
1085,10:34:34,4.19,-0.01,34,14255,卖盘
1086,10:34:37,4.19,0.0,7,2938,卖盘
1087,10:34:45,4.19,0.0,5,2095,卖盘
1088,10:34:48,4.19,0.0,15,6285,卖盘
1089,10:34:52,4.19,0.0,22,9218,卖盘
1090,10:34:58,4.2,0.01,15,6300,买盘
1091,10:35:01,4.19,-0.01,15,6285,卖盘
1092,10:35:04,4.19,0.0,3,1257,卖盘
1093,10:35:10,4.19,0.0,5,2095,卖盘
1094,10:35:18,4.19,0.0,5,2095,卖盘
1095,10:35:22,4.19,0.0,9,3771,卖盘
1096,10:35:25,4.19,0.0,232,97208,卖盘
1097,10:35:27,4.19,0.0,156,65364,卖盘
1098,10:35:37,4.19,0.0,161,67303,买盘
1099,10:35:39,4.19,0.0,4,1676,买盘
1100,10:35:42,4.18,-0.01,40,16722,卖盘
1101,10:35:45,4.18,0.0,109,45572,卖盘
1102,10:35:49,4.19,0.01,5,2095,买盘
1103,10:35:54,4.19,0.0,1,419,买盘
1104,10:35:58,4.19,0.0,2,838,买盘
1105,10:36:04,4.19,0.0,3,1257,买盘
1106,10:36:09,4.18,-0.01,5,2090,卖盘
1107,10:36:13,4.18,0.0,63,26334,卖盘
1108,10:36:16,4.18,0.0,8,3344,卖盘
1109,10:36:19,4.18,0.0,23,9614,卖盘
1110,10:36:22,4.18,0.0,46,19228,卖盘
1111,10:36:31,4.18,0.0,6,2508,卖盘
1112,10:36:33,4.18,0.0,48,20090,卖盘
1113,10:36:36,4.18,0.0,50,20900,卖盘
1114,10:36:39,4.18,0.0,8,3344,卖盘
1115,10:36:43,4.19,0.01,23,9624,买盘
1116,10:36:46,4.18,-0.01,16,6688,卖盘
1117,10:36:55,4.19,0.01,238,99722,买盘
1118,10:37:01,4.19,0.0,1,419,买盘
1119,10:37:04,4.19,0.0,29,12140,买盘
1120,10:37:07,4.18,-0.01,447,186846,卖盘
1121,10:37:13,4.18,0.0,200,83600,买盘
1122,10:37:19,4.17,-0.01,56,23352,卖盘
1123,10:37:22,4.16,-0.01,819,340985,卖盘
1124,10:37:27,4.16,0.0,6,2496,买盘
1125,10:37:31,4.16,0.0,35,14560,买盘
1126,10:37:36,4.16,0.0,3,1248,买盘
1127,10:37:40,4.16,0.0,2,832,买盘
1128,10:37:45,4.16,0.0,21,8736,买盘
1129,10:37:48,4.15,-0.01,6,2490,卖盘
1130,10:37:55,4.15,0.0,10,4150,卖盘
1131,10:37:58,4.16,0.01,20,8320,买盘
1132,10:38:04,4.15,-0.01,7,2905,卖盘
1133,10:38:06,4.16,0.01,83,34528,买盘
1134,10:38:09,4.15,-0.01,9,3735,卖盘
1135,10:38:12,4.16,0.01,12,4992,买盘
1136,10:38:16,4.16,0.0,32,13306,买盘
1137,10:38:19,4.16,0.0,25,10395,买盘
1138,10:38:22,4.16,0.0,133,55328,买盘
1139,10:38:25,4.16,0.0,194,80703,买盘
1140,10:38:28,4.15,-0.01,361,149862,卖盘
1141,10:38:30,4.16,0.01,6,2496,买盘
1142,10:38:33,4.16,0.0,2,832,买盘
1143,10:38:36,4.15,-0.01,14,5810,卖盘
1144,10:38:43,4.16,0.01,11,4576,买盘
1145,10:38:46,4.16,0.0,23,9568,买盘
1146,10:38:49,4.16,0.0,49,20384,卖盘
1147,10:38:54,4.16,0.0,35,14560,卖盘
1148,10:39:00,4.16,0.0,16,6656,买盘
1149,10:39:04,4.16,0.0,11,4576,买盘
1150,10:39:13,4.15,-0.01,10,4150,卖盘
1151,10:39:19,4.16,0.01,2,832,买盘
1152,10:39:24,4.16,0.0,3,1248,买盘
1153,10:39:28,4.16,0.0,196,81536,买盘
1154,10:39:31,4.16,0.0,152,63132,卖盘
1155,10:39:36,4.16,0.0,1,416,卖盘
1156,10:39:39,4.15,-0.01,1225,508375,卖盘
1157,10:39:42,4.15,0.0,87,36105,买盘
1158,10:39:45,4.15,0.0,19,7885,买盘
1159,10:39:48,4.14,-0.01,2,829,卖盘
1160,10:39:58,4.14,0.0,195,80733,卖盘
1161,10:40:01,4.14,0.0,206,85284,卖盘
1162,10:40:04,4.15,0.01,38,15726,买盘
1163,10:40:10,4.14,-0.01,45,18630,卖盘
1164,10:40:15,4.14,0.0,26,10789,卖盘
1165,10:40:18,4.14,0.0,10,4140,卖盘
1166,10:40:28,4.14,0.0,21,8694,卖盘
1167,10:40:34,4.14,0.0,30,12420,卖盘
1168,10:40:40,4.16,0.02,3,1248,买盘
1169,10:40:43,4.16,0.0,208,86528,买盘
1170,10:40:45,4.14,-0.02,319,132066,卖盘
1171,10:40:48,4.16,0.02,31,12896,买盘
1172,10:40:55,4.14,-0.02,9,3726,卖盘
1173,10:40:57,4.16,0.02,30,12480,买盘
1174,10:41:01,4.16,0.0,52,21632,买盘
1175,10:41:06,4.16,0.0,65,27040,买盘
1176,10:41:09,4.16,0.0,1,416,买盘
1177,10:41:16,4.15,-0.01,2,830,卖盘
1178,10:41:19,4.16,0.01,123,51168,买盘
1179,10:41:22,4.15,-0.01,140,58100,卖盘
1180,10:41:25,4.16,0.01,1,416,买盘
1181,10:41:37,4.17,0.01,5,2085,买盘
1182,10:41:48,4.17,0.0,25,10425,买盘
1183,10:41:55,4.16,-0.01,13,5408,卖盘
1184,10:41:58,4.16,0.0,30,12480,卖盘
1185,10:42:01,4.16,0.0,142,59072,卖盘
1186,10:42:07,4.16,0.0,8,3328,买盘
1187,10:42:12,4.16,0.0,20,8320,买盘
1188,10:42:15,4.13,-0.03,1158,479596,卖盘
1189,10:42:19,4.16,0.03,250,104000,买盘
1190,10:42:22,4.16,0.0,10,4160,买盘
1191,10:42:28,4.13,-0.03,21,8673,卖盘
1192,10:42:30,4.13,0.0,223,92168,卖盘
1193,10:42:36,4.13,0.0,7,2891,卖盘
1194,10:42:46,4.16,0.03,1,416,买盘
1195,10:42:58,4.14,-0.02,24,9936,卖盘
1196,10:43:07,4.15,0.01,11,4565,买盘
1197,10:43:10,4.15,0.0,123,51045,买盘
1198,10:43:13,4.14,-0.01,86,35615,卖盘
1199,10:43:16,4.14,0.0,3,1243,卖盘
1200,10:43:21,4.15,0.01,2,830,买盘
1201,10:43:31,4.15,0.0,47,19505,卖盘
1202,10:43:33,4.15,0.0,5,2075,买盘
1203,10:43:40,4.15,0.0,1,415,买盘
1204,10:43:43,4.15,0.0,98,40670,买盘
1205,10:43:58,4.16,0.01,20,8320,买盘
1206,10:44:01,4.15,-0.01,7,2905,卖盘
1207,10:44:04,4.16,0.01,7,2910,买盘
1208,10:44:13,4.15,-0.01,29,12035,卖盘
1209,10:44:16,4.15,0.0,6,2490,买盘
1210,10:44:19,4.15,0.0,2,830,买盘
1211,10:44:22,4.15,0.0,37,15355,卖盘
1212,10:44:25,4.14,-0.01,390,161534,卖盘
1213,10:44:34,4.13,-0.01,1794,741504,卖盘
1214,10:44:40,4.13,0.0,23,9499,买盘
1215,10:44:46,4.13,0.0,4,1652,买盘
1216,10:44:48,4.12,-0.01,182,74984,卖盘
1217,10:44:52,4.12,0.0,60,24720,卖盘
1218,10:44:55,4.12,0.0,253,104486,卖盘
1219,10:44:58,4.12,0.0,60,24720,卖盘
1220,10:45:01,4.12,0.0,147,60564,卖盘
1221,10:45:04,4.12,0.0,64,26368,卖盘
1222,10:45:07,4.12,0.0,123,50685,卖盘
1223,10:45:09,4.13,0.01,12,4946,买盘
1224,10:45:12,4.12,-0.01,216,88992,卖盘
1225,10:45:16,4.12,0.0,27,11124,卖盘
1226,10:45:19,4.12,0.0,21,8652,卖盘
1227,10:45:22,4.12,0.0,379,156148,卖盘
1228,10:45:24,4.12,0.0,184,75808,卖盘
1229,10:45:28,4.12,0.0,174,71688,买盘
1230,10:45:31,4.12,0.0,76,31312,卖盘
1231,10:45:40,4.12,0.0,93,38233,买盘
1232,10:45:46,4.12,0.0,1,412,买盘
1233,10:45:52,4.12,0.0,20,8240,买盘
1234,10:45:55,4.12,0.0,27,11124,买盘
1235,10:45:58,4.12,0.0,46,18951,买盘
1236,10:46:01,4.12,0.0,62,25544,卖盘
1237,10:46:04,4.12,0.0,578,237573,买盘
1238,10:46:06,4.12,0.0,27,11124,买盘
1239,10:46:10,4.12,0.0,11,4532,卖盘
1240,10:46:22,4.12,0.0,2,824,卖盘
1241,10:46:31,4.12,0.0,72,29664,卖盘
1242,10:46:33,4.13,0.01,253,104459,买盘
1243,10:46:39,4.12,-0.01,60,24720,卖盘
1244,10:46:42,4.13,0.01,25,10325,买盘
1245,10:46:49,4.13,0.0,20,8260,买盘
1246,10:46:52,4.13,0.0,213,87969,买盘
1247,10:47:06,4.12,-0.01,239,98698,卖盘
1248,10:47:19,4.11,-0.01,1318,542680,卖盘
1249,10:47:28,4.14,0.03,1,414,买盘
1250,10:47:37,4.13,-0.01,92,37996,卖盘
1251,10:47:40,4.13,0.0,22,9086,卖盘
1252,10:47:43,4.14,0.01,101,41743,买盘
1253,10:47:46,4.13,-0.01,9,3721,卖盘
1254,10:47:48,4.13,0.0,46,18998,卖盘
1255,10:47:51,4.13,0.0,10,4130,卖盘
1256,10:47:55,4.13,0.0,30,12390,卖盘
1257,10:48:01,4.14,0.01,3,1242,买盘
1258,10:48:04,4.13,-0.01,39,16107,卖盘
1259,10:48:07,4.13,0.0,95,39235,卖盘
1260,10:48:16,4.12,-0.01,70,28850,卖盘
1261,10:48:22,4.13,0.01,39,16107,买盘
1262,10:48:25,4.12,-0.01,80,32960,卖盘
1263,10:48:28,4.12,0.0,63,25956,买盘
1264,10:48:30,4.12,0.0,33,13616,卖盘
1265,10:48:34,4.12,0.0,28,11536,卖盘
1266,10:48:37,4.11,-0.01,220,90458,卖盘
1267,10:48:46,4.13,0.02,103,42539,买盘
1268,10:48:48,4.12,-0.01,8,3296,卖盘
1269,10:48:54,4.12,0.0,1,412,卖盘
1270,10:49:00,4.12,0.0,12,4944,卖盘
1271,10:49:04,4.12,0.0,88,36256,卖盘
1272,10:49:10,4.12,0.0,47,19364,买盘
1273,10:49:13,4.12,0.0,13,5356,买盘
1274,10:49:16,4.12,0.0,1,412,买盘
1275,10:49:19,4.11,-0.01,214,87975,卖盘
1276,10:49:21,4.11,0.0,200,82205,卖盘
1277,10:49:25,4.11,0.0,102,41937,卖盘
1278,10:49:28,4.12,0.01,1,412,卖盘
1279,10:49:31,4.11,-0.01,304,124963,卖盘
1280,10:49:34,4.13,0.02,21,8663,买盘
1281,10:49:37,4.13,0.0,7,2891,卖盘
1282,10:49:40,4.13,0.0,186,76818,卖盘
1283,10:49:46,4.13,0.0,97,40061,卖盘
1284,10:49:51,4.13,0.0,5,2065,买盘
1285,10:50:04,4.13,0.0,5,2065,买盘
1286,10:50:07,4.13,0.0,12,4956,买盘
1287,10:50:10,4.13,0.0,30,12390,买盘
1288,10:50:19,4.13,0.0,10,4130,买盘
1289,10:50:21,4.12,-0.01,144,59328,卖盘
1290,10:50:25,4.13,0.01,7,2891,买盘
1291,10:50:34,4.12,-0.01,82,33814,卖盘
1292,10:50:37,4.12,0.0,8,3296,买盘
1293,10:50:39,4.13,0.01,9,3717,买盘
1294,10:50:45,4.13,0.0,10,4130,买盘
1295,10:50:58,4.13,0.0,27,11151,买盘
1296,10:51:19,4.13,0.0,23,9499,买盘
1297,10:51:22,4.13,0.0,17,7021,买盘
1298,10:51:24,4.13,0.0,19,7847,买盘
1299,10:51:37,4.13,0.0,85,35105,买盘
1300,10:51:43,4.13,0.0,1,413,卖盘
1301,10:51:46,4.13,0.0,20,8260,卖盘
1302,10:51:49,4.13,0.0,2,826,卖盘
1303,10:51:52,4.14,0.01,5,2070,买盘
1304,10:51:55,4.13,-0.01,50,20650,卖盘
1305,10:51:57,4.14,0.01,16,6624,买盘
1306,10:52:01,4.14,0.0,16,6614,买盘
1307,10:52:04,4.14,0.0,58,24004,买盘
1308,10:52:12,4.14,0.0,2,828,买盘
1309,10:52:16,4.13,-0.01,20,8260,卖盘
1310,10:52:18,4.14,0.01,4,1656,买盘
1311,10:52:25,4.13,-0.01,76,31454,卖盘
1312,10:52:28,4.13,0.0,4,1652,卖盘
1313,10:52:31,4.14,0.01,21,8694,买盘
1314,10:52:46,4.14,0.0,5,2070,卖盘
1315,10:52:54,4.14,0.0,3,1242,买盘
1316,10:52:58,4.14,0.0,1,414,买盘
1317,10:53:01,4.14,0.0,74,30636,买盘
1318,10:53:13,4.15,0.01,567,235225,买盘
1319,10:53:18,4.15,0.0,12,4980,卖盘
1320,10:53:25,4.15,0.0,19,7885,卖盘
1321,10:53:28,4.15,0.0,20,8300,卖盘
1322,10:53:33,4.14,-0.01,9,3731,卖盘
1323,10:53:46,4.15,0.01,132,54780,买盘
1324,10:53:55,4.15,0.0,26,10806,卖盘
1325,10:54:04,4.16,0.01,30,12480,买盘
1326,10:54:07,4.15,-0.01,12,4980,卖盘
1327,10:54:13,4.16,0.01,144,59865,买盘
1328,10:54:16,4.16,0.0,170,70720,买盘
1329,10:54:22,4.16,0.0,22,9132,买盘
1330,10:54:30,4.16,0.0,47,19552,买盘
1331,10:54:33,4.16,0.0,62,25792,卖盘
1332,10:54:37,4.16,0.0,4,1664,卖盘
1333,10:54:40,4.16,0.0,21,8736,卖盘
1334,10:54:43,4.15,-0.01,3,1245,卖盘
1335,10:54:46,4.16,0.01,30,12480,卖盘
1336,10:54:58,4.16,0.0,27,11239,买盘
1337,10:55:03,4.15,-0.01,394,163510,卖盘
1338,10:55:09,4.15,0.0,1,415,买盘
1339,10:55:16,4.15,0.0,3,1245,买盘
1340,10:55:19,4.14,-0.01,14,5796,卖盘
1341,10:55:22,4.15,0.01,3,1245,买盘
1342,10:55:24,4.15,0.0,32,13250,买盘
1343,10:55:52,4.14,-0.01,28,11592,卖盘
1344,10:55:54,4.15,0.01,10,4150,买盘
1345,10:55:57,4.15,0.0,100,41500,买盘
1346,10:56:00,4.14,-0.01,141,58374,卖盘
1347,10:56:07,4.15,0.01,5,2075,买盘
1348,10:56:15,4.14,-0.01,50,20700,卖盘
1349,10:56:28,4.14,0.0,176,73030,卖盘
1350,10:56:34,4.14,0.0,66,27324,卖盘
1351,10:56:49,4.15,0.01,5,2075,买盘
1352,10:56:52,4.14,-0.01,44,18216,卖盘
1353,10:56:54,4.14,0.0,8,3312,卖盘
1354,10:57:04,4.14,0.0,1,414,卖盘
1355,10:57:06,4.15,0.01,10,4150,买盘
1356,10:57:10,4.14,-0.01,28,11592,卖盘
1357,10:57:13,4.15,0.01,12,4980,买盘
1358,10:57:21,4.14,-0.01,10,4140,卖盘
1359,10:57:27,4.15,0.01,20,8300,买盘
1360,10:57:30,4.14,-0.01,2,828,卖盘
1361,10:57:33,4.13,-0.01,248,102483,卖盘
1362,10:57:37,4.15,0.02,1,415,买盘
1363,10:57:46,4.14,-0.01,18,7452,卖盘
1364,10:57:52,4.14,0.0,17,7038,买盘
1365,10:57:58,4.14,0.0,69,28566,买盘
1366,10:58:01,4.14,0.0,3,1242,卖盘
1367,10:58:07,4.14,0.0,17,7038,卖盘
1368,10:58:18,4.14,0.0,246,101844,卖盘
1369,10:58:22,4.15,0.01,16,6625,买盘
1370,10:58:25,4.15,0.0,10,4150,买盘
1371,10:58:31,4.14,-0.01,158,65412,卖盘
1372,10:58:34,4.16,0.02,222,92056,买盘
1373,10:58:36,4.15,-0.01,120,49800,卖盘
1374,10:58:43,4.15,0.0,10,4150,卖盘
1375,10:58:45,4.16,0.01,10,4160,买盘
1376,10:59:01,4.15,-0.01,89,36935,卖盘
1377,10:59:21,4.16,0.01,1,416,买盘
1378,10:59:31,4.16,0.0,130,54080,买盘
1379,10:59:43,4.15,-0.01,158,65608,卖盘
1380,10:59:46,4.16,0.01,3,1246,买盘
1381,10:59:58,4.15,-0.01,6,2490,卖盘
1382,11:00:04,4.16,0.01,22,9152,买盘
1383,11:00:13,4.15,-0.01,4,1660,卖盘
1384,11:00:15,4.16,0.01,97,40352,买盘
1385,11:00:31,4.16,0.0,5,2080,买盘
1386,11:00:34,4.15,-0.01,10,4150,卖盘
1387,11:00:39,4.16,0.01,21,8716,买盘
1388,11:00:49,4.15,-0.01,3,1245,中性盘
1389,11:01:01,4.15,0.0,4,1660,买盘
1390,11:01:12,4.14,-0.01,10,4140,卖盘
1391,11:01:22,4.15,0.01,10,4150,买盘
1392,11:01:37,4.14,-0.01,6,2484,卖盘
1393,11:01:43,4.15,0.01,9,3735,买盘
1394,11:01:51,4.14,-0.01,56,23184,卖盘
1395,11:01:55,4.14,0.0,63,26082,卖盘
1396,11:01:58,4.14,0.0,170,70380,卖盘
1397,11:02:00,4.14,0.0,6,2484,买盘
1398,11:02:10,4.14,0.0,50,20700,买盘
1399,11:02:15,4.14,0.0,10,4140,买盘
1400,11:02:28,4.13,-0.01,25,10335,卖盘
1401,11:02:31,4.14,0.01,71,29394,买盘
1402,11:02:46,4.14,0.0,99,40951,买盘
1403,11:02:48,4.14,0.0,19,7866,买盘
1404,11:02:51,4.14,0.0,53,21942,买盘
1405,11:02:55,4.14,0.0,18,7452,买盘
1406,11:03:00,4.13,-0.01,79,32648,卖盘
1407,11:03:10,4.14,0.01,97,40158,买盘
1408,11:03:13,4.14,0.0,18,7452,卖盘
1409,11:03:16,4.13,-0.01,1313,542473,卖盘
1410,11:03:24,4.12,-0.01,40,16480,卖盘
1411,11:03:31,4.13,0.01,46,18998,买盘
1412,11:03:36,4.13,0.0,34,14042,买盘
1413,11:03:40,4.12,-0.01,94,38728,卖盘
1414,11:03:43,4.13,0.01,697,287851,买盘
1415,11:03:49,4.12,-0.01,118,48652,卖盘
1416,11:03:52,4.13,0.01,1,413,卖盘
1417,11:03:58,4.13,0.0,10,4130,中性盘
1418,11:04:01,4.13,0.0,1,413,卖盘
1419,11:04:04,4.13,0.0,25,10325,卖盘
1420,11:04:16,4.14,0.01,17,7028,买盘
1421,11:04:22,4.13,-0.01,109,45017,卖盘
1422,11:04:25,4.14,0.01,33,13641,买盘
1423,11:04:27,4.13,-0.01,34,14042,卖盘
1424,11:04:37,4.14,0.01,9,3726,买盘
1425,11:05:04,4.13,-0.01,1,413,卖盘
1426,11:05:07,4.14,0.01,20,8280,买盘
1427,11:05:10,4.13,-0.01,31,12803,卖盘
1428,11:05:16,4.13,0.0,109,45017,卖盘
1429,11:05:19,4.13,0.0,47,19411,卖盘
1430,11:05:24,4.13,0.0,1,413,卖盘
1431,11:05:33,4.13,0.0,15,6195,卖盘
1432,11:05:37,4.14,0.01,62,25608,买盘
1433,11:05:40,4.13,-0.01,180,74340,卖盘
1434,11:05:49,4.13,0.0,74,30562,卖盘
1435,11:06:04,4.14,0.01,11,4553,买盘
1436,11:06:06,4.13,-0.01,111,45936,卖盘
1437,11:06:28,4.14,0.01,80,33060,买盘
1438,11:06:31,4.14,0.0,3,1242,买盘
1439,11:06:52,4.14,0.0,10,4140,买盘
1440,11:06:55,4.14,0.0,15,6210,买盘
1441,11:06:57,4.14,0.0,10,4140,买盘
1442,11:07:04,4.14,0.0,281,116326,买盘
1443,11:07:13,4.14,0.0,4,1659,卖盘
1444,11:07:21,4.14,0.0,789,326646,卖盘
1445,11:07:28,4.14,0.0,20,8280,买盘
1446,11:07:31,4.14,0.0,10,4140,买盘
1447,11:07:43,4.14,0.0,35,14490,买盘
1448,11:07:52,4.13,-0.01,5,2065,卖盘
1449,11:07:58,4.13,0.0,50,20650,卖盘
1450,11:08:01,4.14,0.01,4,1656,买盘
1451,11:08:06,4.14,0.0,30,12420,买盘
1452,11:08:09,4.14,0.0,10,4140,买盘
1453,11:08:12,4.14,0.0,50,20700,买盘
1454,11:08:22,4.14,0.0,48,19872,买盘
1455,11:08:31,4.14,0.0,175,72300,买盘
1456,11:08:42,4.14,0.0,50,20700,买盘
1457,11:08:45,4.14,0.0,82,33947,买盘
1458,11:09:09,4.14,0.0,48,19872,买盘
1459,11:09:16,4.14,0.0,29,12006,买盘
1460,11:09:30,4.14,0.0,10,4140,买盘
1461,11:09:33,4.14,0.0,9,3722,买盘
1462,11:09:37,4.14,0.0,20,8280,买盘
1463,11:09:39,4.13,-0.01,19,7850,卖盘
1464,11:09:58,4.14,0.01,113,46782,买盘
1465,11:10:04,4.14,0.0,23,9522,卖盘
1466,11:10:07,4.14,0.0,3,1242,卖盘
1467,11:10:12,4.14,0.0,24,9936,卖盘
1468,11:10:15,4.14,0.0,2,828,卖盘
1469,11:10:21,4.14,0.0,46,19044,卖盘
1470,11:10:24,4.13,-0.01,800,330419,卖盘
1471,11:10:37,4.14,0.01,20,8280,卖盘
1472,11:10:43,4.14,0.0,9,3726,卖盘
1473,11:10:46,4.14,0.0,20,8280,卖盘
1474,11:11:01,4.14,0.0,18,7452,卖盘
1475,11:11:06,4.14,0.0,39,16146,卖盘
1476,11:11:13,4.15,0.01,56,23240,买盘
1477,11:11:16,4.14,-0.01,18,7452,卖盘
1478,11:11:25,4.14,0.0,387,160218,卖盘
1479,11:11:31,4.14,0.0,2,828,卖盘
1480,11:11:37,4.14,0.0,49,20286,卖盘
1481,11:11:46,4.13,-0.01,512,211456,卖盘
1482,11:11:54,4.13,0.0,332,137116,买盘
1483,11:12:00,4.12,-0.01,100,41224,卖盘
1484,11:12:03,4.13,0.01,18,7434,卖盘
1485,11:12:10,4.13,0.0,32,13216,卖盘
1486,11:12:13,4.12,-0.01,71,29262,卖盘
1487,11:12:16,4.13,0.01,12,4956,买盘
1488,11:12:19,4.12,-0.01,1163,479156,卖盘
1489,11:12:25,4.12,0.0,5,2060,买盘
1490,11:12:28,4.12,0.0,7,2884,买盘
1491,11:12:31,4.12,0.0,7,2884,买盘
1492,11:12:33,4.12,0.0,20,8240,买盘
1493,11:12:37,4.11,-0.01,4,1644,卖盘
1494,11:12:40,4.12,0.01,362,149144,买盘
1495,11:12:42,4.12,0.0,2,824,卖盘
1496,11:12:45,4.12,0.0,120,49410,中性盘
1497,11:12:49,4.12,0.0,120,49440,卖盘
1498,11:12:51,4.12,0.0,54,22248,卖盘
1499,11:12:54,4.11,-0.01,322,132660,卖盘
1500,11:13:01,4.12,0.01,5,2060,买盘
1501,11:13:04,4.11,-0.01,57,23429,卖盘
1502,11:13:06,4.11,0.0,130,53554,卖盘
1503,11:13:09,4.12,0.01,4,1648,买盘
1504,11:13:16,4.12,0.0,40,16445,买盘
1505,11:13:18,4.12,0.0,55,22660,买盘
1506,11:13:21,4.12,0.0,41,16892,卖盘
1507,11:13:25,4.12,0.0,48,19776,卖盘
1508,11:13:27,4.12,0.0,10,4120,买盘
1509,11:13:34,4.11,-0.01,23,9453,卖盘
1510,11:13:37,4.11,0.0,12,4932,卖盘
1511,11:13:43,4.11,0.0,5,2055,卖盘
1512,11:13:46,4.12,0.01,44,18128,买盘
1513,11:13:49,4.12,0.0,127,52304,买盘
1514,11:13:52,4.12,0.0,29,11948,买盘
1515,11:13:55,4.12,0.0,10,4120,卖盘
1516,11:14:07,4.12,0.0,103,42436,卖盘
1517,11:14:10,4.12,0.0,3,1236,卖盘
1518,11:14:12,4.13,0.01,11,4543,买盘
1519,11:14:19,4.12,-0.01,86,35432,卖盘
1520,11:14:21,4.13,0.01,63,26019,买盘
1521,11:14:25,4.12,-0.01,40,16480,卖盘
1522,11:14:28,4.12,0.0,105,43260,卖盘
1523,11:14:31,4.12,0.0,73,30076,卖盘
1524,11:14:37,4.12,0.0,33,13596,卖盘
1525,11:14:40,4.13,0.01,5,2065,买盘
1526,11:14:43,4.13,0.0,8,3304,买盘
1527,11:14:46,4.13,0.0,57,23511,买盘
1528,11:14:48,4.12,-0.01,8,3296,卖盘
1529,11:14:54,4.12,0.0,515,212180,卖盘
1530,11:14:58,4.12,0.0,308,126596,买盘
1531,11:15:00,4.12,0.0,28,11536,买盘
1532,11:15:04,4.12,0.0,1,412,买盘
1533,11:15:09,4.11,-0.01,74,30466,卖盘
1534,11:15:12,4.12,0.01,25,10300,买盘
1535,11:15:15,4.12,0.0,43,17716,买盘
1536,11:15:22,4.12,0.0,108,44491,买盘
1537,11:15:27,4.12,0.0,4,1648,买盘
1538,11:15:31,4.11,-0.01,24,9874,卖盘
1539,11:15:37,4.12,0.01,35,14410,买盘
1540,11:15:40,4.12,0.0,30,12360,买盘
1541,11:15:45,4.11,-0.01,28,11516,卖盘
1542,11:15:48,4.12,0.01,50,20600,买盘
1543,11:15:51,4.11,-0.01,307,126177,卖盘
1544,11:15:54,4.12,0.01,115,47380,买盘
1545,11:15:58,4.11,-0.01,10,4110,卖盘
1546,11:16:00,4.11,0.0,69,28359,卖盘
1547,11:16:04,4.12,0.01,2,824,买盘
1548,11:16:06,4.11,-0.01,51,20961,卖盘
1549,11:16:09,4.11,0.0,308,126588,卖盘
1550,11:16:12,4.11,0.0,146,60006,卖盘
1551,11:16:15,4.1,-0.01,404,165898,卖盘
1552,11:16:19,4.12,0.02,123,50432,买盘
1553,11:16:22,4.11,-0.01,20,8220,卖盘
1554,11:16:25,4.11,0.0,24,9860,卖盘
1555,11:16:28,4.1,-0.01,2325,953250,卖盘
1556,11:16:31,4.11,0.01,30,12310,买盘
1557,11:16:34,4.1,-0.01,267,109470,卖盘
1558,11:16:37,4.1,0.0,10,4100,卖盘
1559,11:16:40,4.1,0.0,117,47976,卖盘
1560,11:16:43,4.11,0.01,293,120170,买盘
1561,11:16:45,4.1,-0.01,219,89790,卖盘
1562,11:16:49,4.1,0.0,23,9430,卖盘
1563,11:16:51,4.1,0.0,44,18040,卖盘
1564,11:16:55,4.1,0.0,16,6560,卖盘
1565,11:16:58,4.09,-0.01,32,13094,卖盘
1566,11:17:01,4.1,0.01,4,1640,买盘
1567,11:17:04,4.09,-0.01,20,8190,卖盘
1568,11:17:13,4.09,0.0,120,49086,卖盘
1569,11:17:15,4.09,0.0,37,15133,卖盘
1570,11:17:18,4.1,0.01,545,223115,买盘
1571,11:17:21,4.09,-0.01,108,44182,卖盘
1572,11:17:27,4.1,0.01,104,42640,买盘
1573,11:17:30,4.1,0.0,10,4100,买盘
1574,11:17:34,4.1,0.0,140,57261,买盘
1575,11:17:36,4.1,0.0,1,410,买盘
1576,11:17:39,4.1,0.0,14,5740,买盘
1577,11:17:42,4.09,-0.01,39,15967,卖盘
1578,11:17:45,4.1,0.01,25,10250,买盘
1579,11:17:49,4.1,0.0,28,11480,买盘
1580,11:17:52,4.1,0.0,79,32321,买盘
1581,11:17:55,4.1,0.0,76,31160,买盘
1582,11:17:57,4.1,0.0,21,8610,卖盘
1583,11:18:07,4.11,0.01,19,7809,买盘
1584,11:18:09,4.1,-0.01,236,96760,卖盘
1585,11:18:15,4.1,0.0,82,33620,卖盘
1586,11:18:18,4.1,0.0,460,188600,卖盘
1587,11:18:22,4.1,0.0,100,41000,买盘
1588,11:18:25,4.09,-0.01,9,3681,卖盘
1589,11:18:28,4.1,0.01,13,5330,买盘
1590,11:18:30,4.09,-0.01,12,4913,卖盘
1591,11:18:34,4.1,0.01,289,118241,买盘
1592,11:18:37,4.1,0.0,106,43460,买盘
1593,11:18:40,4.1,0.0,25,10250,买盘
1594,11:18:42,4.1,0.0,10,4100,买盘
1595,11:18:48,4.1,0.0,22,9020,买盘
1596,11:19:01,4.11,0.01,5,2055,买盘
1597,11:19:12,4.1,-0.01,19,7790,卖盘
1598,11:19:15,4.1,0.0,32,13120,卖盘
1599,11:19:22,4.1,0.0,100,41000,卖盘
1600,11:19:37,4.1,0.0,22,9020,卖盘
1601,11:19:43,4.11,0.01,5,2055,买盘
1602,11:19:46,4.1,-0.01,4,1640,卖盘
1603,11:19:52,4.1,0.0,57,23405,卖盘
1604,11:19:55,4.1,0.0,1,410,卖盘
1605,11:19:58,4.1,0.0,12,4920,卖盘
1606,11:20:04,4.11,0.01,5,2055,买盘
1607,11:20:07,4.1,-0.01,174,71340,卖盘
1608,11:20:15,4.1,0.0,105,43151,卖盘
1609,11:20:18,4.1,0.0,57,23370,卖盘
1610,11:20:21,4.1,0.0,176,72160,卖盘
1611,11:20:33,4.11,0.01,54,22144,买盘
1612,11:20:36,4.11,0.0,127,52149,买盘
1613,11:20:51,4.1,-0.01,39,15990,卖盘
1614,11:21:07,4.11,0.01,40,16440,买盘
1615,11:21:10,4.11,0.0,7,2877,买盘
1616,11:21:15,4.11,0.0,68,27948,买盘
1617,11:21:22,4.1,-0.01,10,4100,卖盘
1618,11:21:27,4.1,0.0,10,4100,卖盘
1619,11:21:30,4.1,0.0,31,12710,卖盘
1620,11:21:36,4.11,0.01,256,105196,买盘
1621,11:21:39,4.11,0.0,33,13563,卖盘
1622,11:21:42,4.1,-0.01,10,4100,卖盘
1623,11:21:45,4.1,0.0,108,44280,卖盘
1624,11:21:49,4.1,0.0,94,38549,卖盘
1625,11:21:52,4.1,0.0,74,30340,卖盘
1626,11:22:04,4.1,0.0,5,2050,卖盘
1627,11:22:06,4.1,0.0,234,95940,卖盘
1628,11:22:09,4.1,0.0,20,8200,买盘
1629,11:22:13,4.1,0.0,4,1640,买盘
1630,11:22:16,4.1,0.0,10,4100,买盘
1631,11:22:19,4.1,0.0,12,4920,买盘
1632,11:22:22,4.1,0.0,42,17220,卖盘
1633,11:22:24,4.1,0.0,80,32800,卖盘
1634,11:22:30,4.1,0.0,185,75850,买盘
1635,11:22:36,4.1,0.0,51,20910,卖盘
1636,11:22:42,4.1,0.0,113,46330,卖盘
1637,11:22:54,4.1,0.0,13,5330,卖盘
1638,11:23:04,4.11,0.01,30,12330,买盘
1639,11:23:07,4.1,-0.01,19,7790,卖盘
1640,11:23:30,4.11,0.01,10,4110,买盘
1641,11:23:46,4.1,-0.01,8,3280,卖盘
1642,11:24:00,4.1,0.0,50,20500,卖盘
1643,11:24:07,4.1,0.0,142,58220,卖盘
1644,11:24:16,4.11,0.01,8,3288,买盘
1645,11:24:22,4.1,-0.01,166,68060,卖盘
1646,11:24:25,4.1,0.0,67,27470,卖盘
1647,11:24:30,4.11,0.01,31,12738,买盘
1648,11:24:37,4.1,-0.01,8,3280,卖盘
1649,11:24:40,4.1,0.0,25,10271,卖盘
1650,11:25:04,4.11,0.01,120,49320,买盘
1651,11:25:07,4.1,-0.01,221,90610,卖盘
1652,11:25:10,4.11,0.01,267,109727,买盘
1653,11:25:13,4.1,-0.01,27,11070,卖盘
1654,11:25:18,4.1,0.0,73,29930,买盘
1655,11:25:39,4.11,0.01,34,13974,买盘
1656,11:25:57,4.11,0.0,1,411,卖盘
1657,11:26:00,4.11,0.0,3,1233,卖盘
1658,11:26:31,4.11,0.0,22,9042,卖盘
1659,11:26:33,4.11,0.0,5,2055,买盘
1660,11:26:37,4.1,-0.01,14,5740,卖盘
1661,11:26:40,4.11,0.01,1,411,买盘
1662,11:26:45,4.11,0.0,10,4110,买盘
1663,11:26:52,4.11,0.0,7,2877,买盘
1664,11:26:54,4.11,0.0,8,3288,卖盘
1665,11:27:04,4.11,0.0,13,5343,卖盘
1666,11:27:12,4.11,0.0,1,411,买盘
1667,11:27:18,4.12,0.01,107,43998,买盘
1668,11:27:24,4.1,-0.02,198,81180,卖盘
1669,11:27:36,4.1,0.0,1,410,卖盘
1670,11:27:54,4.11,0.01,3,1233,卖盘
1671,11:27:58,4.11,0.0,2,822,卖盘
1672,11:28:10,4.11,0.0,6,2466,买盘
1673,11:28:16,4.1,-0.01,8,3280,卖盘
1674,11:28:25,4.1,0.0,18,7380,卖盘
1675,11:28:33,4.1,0.0,77,31570,卖盘
1676,11:28:42,4.11,0.01,252,103552,买盘
1677,11:28:45,4.1,-0.01,50,20500,卖盘
1678,11:28:48,4.1,0.0,18,7380,卖盘
1679,11:28:52,4.1,0.0,6,2460,卖盘
1680,11:28:58,4.1,0.0,90,36900,卖盘
1681,11:29:04,4.1,0.0,27,11070,卖盘
1682,11:29:06,4.11,0.01,1,411,买盘
1683,11:29:09,4.1,-0.01,46,18860,卖盘
1684,11:29:13,4.11,0.01,368,151248,买盘
1685,11:29:19,4.11,0.0,21,8631,卖盘
1686,11:29:24,4.11,0.0,31,12741,卖盘
1687,11:29:27,4.11,0.0,70,28770,买盘
1688,11:29:40,4.11,0.0,126,51786,买盘
1689,11:29:52,4.12,0.01,200,82400,买盘
1690,11:29:54,4.11,-0.01,11,4521,卖盘
1691,13:00:04,4.12,0.01,40,16465,买盘
1692,13:00:07,4.1,-0.02,1693,695625,卖盘
1693,13:00:09,4.1,0.0,34,13940,卖盘
1694,13:00:18,4.1,0.0,10,4100,买盘
1695,13:00:34,4.09,-0.01,320,130980,卖盘
1696,13:00:45,4.1,0.01,43,17630,买盘
1697,13:00:49,4.1,0.0,96,39297,买盘
1698,13:00:57,4.1,0.0,10,4018,买盘
1699,13:01:07,4.1,0.0,1,410,卖盘
1700,13:01:09,4.1,0.0,44,18122,卖盘
1701,13:01:12,4.1,0.0,40,16318,买盘
1702,13:01:49,4.1,0.0,112,45975,卖盘
1703,13:01:57,4.11,0.01,20,8220,买盘
1704,13:02:00,4.1,-0.01,42,17220,卖盘
1705,13:02:04,4.1,0.0,15,6150,卖盘
1706,13:02:10,4.1,0.0,244,100122,卖盘
1707,13:02:22,4.1,0.0,2,820,买盘
1708,13:02:36,4.09,-0.01,10,4090,卖盘
1709,13:02:40,4.11,0.02,528,216880,买盘
1710,13:02:48,4.1,-0.01,10,4100,卖盘
1711,13:02:57,4.11,0.01,1,411,买盘
1712,13:03:09,4.11,0.0,28,11508,买盘
1713,13:03:30,4.11,0.0,8,3288,买盘
1714,13:04:04,4.1,-0.01,15,6150,卖盘
1715,13:04:12,4.1,0.0,2,820,卖盘
1716,13:04:24,4.1,0.0,7,2870,卖盘
1717,13:04:33,4.11,0.01,30,12325,买盘
1718,13:04:43,4.1,-0.01,82,33620,卖盘
1719,13:04:51,4.1,0.0,39,15990,卖盘
1720,13:04:55,4.11,0.01,58,23838,买盘
1721,13:05:07,4.1,-0.01,6,2460,卖盘
1722,13:05:10,4.1,0.0,3,1230,卖盘
1723,13:05:13,4.1,0.0,3,1230,卖盘
1724,13:05:18,4.1,0.0,133,54530,卖盘
1725,13:05:24,4.1,0.0,8,3280,卖盘
1726,13:05:33,4.11,0.01,1,411,买盘
1727,13:05:39,4.1,-0.01,9,3690,卖盘
1728,13:05:45,4.1,0.0,66,27060,卖盘
1729,13:06:04,4.09,-0.01,2181,892294,卖盘
1730,13:06:06,4.1,0.01,3,1230,卖盘
1731,13:06:10,4.1,0.0,226,92496,卖盘
1732,13:06:15,4.1,0.0,23,9430,卖盘
1733,13:06:19,4.1,0.0,67,27634,卖盘
1734,13:06:24,4.1,0.0,51,20910,买盘
1735,13:06:27,4.1,0.0,2,820,买盘
1736,13:06:30,4.1,0.0,2,820,买盘
1737,13:06:37,4.09,-0.01,10,4090,卖盘
1738,13:06:46,4.1,0.01,7,2706,买盘
1739,13:06:55,4.1,0.0,5,2214,卖盘
1740,13:06:57,4.1,0.0,3,1230,买盘
1741,13:07:06,4.09,-0.01,17,6953,卖盘
1742,13:07:15,4.1,0.01,102,41820,买盘
1743,13:07:18,4.09,-0.01,67,27403,卖盘
1744,13:07:27,4.09,0.0,2,818,卖盘
1745,13:07:31,4.09,0.0,13,5317,卖盘
1746,13:07:33,4.09,0.0,15,6135,卖盘
1747,13:07:36,4.09,0.0,202,82618,卖盘
1748,13:07:39,4.09,0.0,70,28650,卖盘
1749,13:07:42,4.09,0.0,186,76074,卖盘
1750,13:07:49,4.09,0.0,31,12691,卖盘
1751,13:07:52,4.09,0.0,183,74847,卖盘
1752,13:07:57,4.09,0.0,10,4090,卖盘
1753,13:08:00,4.09,0.0,30,12280,卖盘
1754,13:08:04,4.1,0.01,2,820,买盘
1755,13:08:06,4.09,-0.01,30,12270,卖盘
1756,13:08:10,4.09,0.0,10,4090,卖盘
1757,13:08:16,4.09,0.0,10,4090,卖盘
1758,13:08:19,4.09,0.0,429,175236,卖盘
1759,13:08:22,4.09,0.0,5,2045,买盘
1760,13:08:24,4.09,0.0,40,16360,买盘
1761,13:08:28,4.09,0.0,1,409,买盘
1762,13:08:31,4.08,-0.01,64,26385,卖盘
1763,13:08:34,4.09,0.01,11,4499,买盘
1764,13:08:37,4.09,0.0,15,6135,卖盘
1765,13:08:43,4.09,0.0,1,409,卖盘
1766,13:08:45,4.09,0.0,15,6135,卖盘
1767,13:08:49,4.09,0.0,58,23722,卖盘
1768,13:08:55,4.09,0.0,13,5317,买盘
1769,13:08:58,4.09,0.0,6,2454,买盘
1770,13:09:01,4.08,-0.01,107,43664,卖盘
1771,13:09:04,4.09,0.01,101,41309,买盘
1772,13:09:09,4.09,0.0,9,3681,买盘
1773,13:09:12,4.08,-0.01,121,49371,卖盘
1774,13:09:15,4.08,0.0,305,124445,卖盘
1775,13:09:22,4.08,0.0,70,28570,卖盘
1776,13:09:24,4.09,0.01,70,28630,买盘
1777,13:09:27,4.09,0.0,801,326951,买盘
1778,13:09:30,4.09,0.0,24,9816,卖盘
1779,13:09:34,4.08,-0.01,36,14721,卖盘
1780,13:09:36,4.08,0.0,20,8160,卖盘
1781,13:09:39,4.08,0.0,22,8976,卖盘
1782,13:09:43,4.08,0.0,15,6120,卖盘
1783,13:09:46,4.08,0.0,4,1632,卖盘
1784,13:09:49,4.08,0.0,16,6528,卖盘
1785,13:09:55,4.08,0.0,154,62832,卖盘
1786,13:10:00,4.08,0.0,24,9792,卖盘
1787,13:10:04,4.08,0.0,56,22848,卖盘
1788,13:10:06,4.08,0.0,539,219932,卖盘
1789,13:10:09,4.08,0.0,167,67912,卖盘
1790,13:10:19,4.07,-0.01,197,80235,卖盘
1791,13:10:22,4.07,0.0,76,30932,卖盘
1792,13:10:25,4.07,0.0,194,78958,卖盘
1793,13:10:28,4.07,0.0,40,16280,卖盘
1794,13:10:31,4.07,0.0,201,81807,卖盘
1795,13:10:33,4.07,0.0,118,48073,卖盘
1796,13:10:36,4.07,0.0,56,22793,卖盘
1797,13:10:40,4.07,0.0,5,2035,卖盘
1798,13:10:43,4.07,0.0,589,239742,卖盘
1799,13:10:46,4.06,-0.01,40,16259,卖盘
1800,13:10:49,4.07,0.01,22,8954,买盘
1801,13:10:51,4.07,0.0,393,159599,买盘
1802,13:10:55,4.06,-0.01,43,17491,卖盘
1803,13:10:58,4.07,0.01,63,25641,买盘
1804,13:11:00,4.07,0.0,129,52472,买盘
1805,13:11:04,4.06,-0.01,595,241815,卖盘
1806,13:11:07,4.06,0.0,794,322530,卖盘
1807,13:11:10,4.07,0.01,56,22792,买盘
1808,13:11:16,4.07,0.0,20,8140,卖盘
1809,13:11:18,4.08,0.01,1,408,买盘
1810,13:11:21,4.07,-0.01,235,95640,卖盘
1811,13:11:25,4.07,0.0,74,30118,买盘
1812,13:11:27,4.07,0.0,39,15873,买盘
1813,13:11:31,4.07,0.0,190,77330,买盘
1814,13:11:33,4.07,0.0,245,99539,买盘
1815,13:11:37,4.08,0.01,65,26520,买盘
1816,13:11:39,4.07,-0.01,77,31407,卖盘
1817,13:11:43,4.07,0.0,125,50949,卖盘
1818,13:11:46,4.08,0.01,70,28560,买盘
1819,13:11:49,4.08,0.0,68,27744,买盘
1820,13:11:51,4.08,0.0,46,18768,买盘
1821,13:11:54,4.08,0.0,35,14280,买盘
1822,13:11:58,4.08,0.0,28,11424,买盘
1823,13:12:01,4.08,0.0,24,9792,买盘
1824,13:12:04,4.08,0.0,17,6936,买盘
1825,13:12:07,4.09,0.01,98,40223,买盘
1826,13:12:09,4.09,0.0,12,4908,买盘
1827,13:12:12,4.09,0.0,7,2863,买盘
1828,13:12:16,4.09,0.0,6,2454,买盘
1829,13:12:19,4.09,0.0,5,2045,买盘
1830,13:12:22,4.09,0.0,5,2045,买盘
1831,13:12:25,4.09,0.0,8,3272,买盘
1832,13:12:28,4.09,0.0,59,24131,买盘
1833,13:12:30,4.09,0.0,2,818,卖盘
1834,13:12:36,4.1,0.01,54,22140,买盘
1835,13:12:40,4.09,-0.01,31,12679,卖盘
1836,13:12:46,4.09,0.0,12,4908,卖盘
1837,13:12:49,4.1,0.01,66,27016,买盘
1838,13:12:52,4.09,-0.01,1,409,中性盘
1839,13:12:57,4.1,0.01,32,13083,买盘
1840,13:13:00,4.09,-0.01,21,8589,买盘
1841,13:13:07,4.09,0.0,2,818,卖盘
1842,13:13:12,4.08,-0.01,14,5718,卖盘
1843,13:13:16,4.09,0.01,24,9816,买盘
1844,13:13:19,4.08,-0.01,357,145663,卖盘
1845,13:13:22,4.09,0.01,32,13088,买盘
1846,13:13:28,4.08,-0.01,3,1226,卖盘
1847,13:13:31,4.09,0.01,36,14710,买盘
1848,13:13:33,4.09,0.0,1,409,买盘
1849,13:13:36,4.09,0.0,3,1227,买盘
1850,13:13:39,4.09,0.0,6,2454,买盘
1851,13:13:43,4.09,0.0,8,3270,买盘
1852,13:13:48,4.09,0.0,1,409,买盘
1853,13:13:51,4.09,0.0,32,13057,买盘
1854,13:13:55,4.09,0.0,1,409,买盘
1855,13:13:58,4.08,-0.01,8,3265,卖盘
1856,13:14:04,4.08,0.0,150,61200,卖盘
1857,13:14:06,4.08,0.0,108,44064,买盘
1858,13:14:09,4.08,0.0,43,17544,买盘
1859,13:14:13,4.08,0.0,25,10200,买盘
1860,13:14:15,4.07,-0.01,444,180716,卖盘
1861,13:14:19,4.08,0.01,33,13470,买盘
1862,13:14:21,4.08,0.0,14,5712,买盘
1863,13:14:24,4.07,-0.01,44,17932,卖盘
1864,13:14:27,4.08,0.01,123,50184,买盘
1865,13:14:31,4.08,0.0,13,5304,买盘
1866,13:14:34,4.07,-0.01,45,18317,卖盘
1867,13:14:37,4.08,0.01,10,4080,买盘
1868,13:14:39,4.08,0.0,69,28152,卖盘
1869,13:14:46,4.08,0.0,5,2040,卖盘
1870,13:14:49,4.08,0.0,51,20808,卖盘
1871,13:14:52,4.08,0.0,16,6528,卖盘
1872,13:14:55,4.08,0.0,109,44472,卖盘
1873,13:14:58,4.08,0.0,72,29376,买盘
1874,13:15:10,4.08,0.0,22,8976,卖盘
1875,13:15:16,4.08,0.0,8,3264,卖盘
1876,13:15:18,4.08,0.0,15,6122,卖盘
1877,13:15:25,4.08,0.0,20,8160,卖盘
1878,13:15:28,4.09,0.01,4,1636,买盘
1879,13:15:31,4.08,-0.01,5,2040,卖盘
1880,13:15:33,4.08,0.0,107,43656,卖盘
1881,13:15:40,4.09,0.01,319,130471,买盘
1882,13:15:43,4.09,0.0,142,58078,买盘
1883,13:15:46,4.09,0.0,30,12250,买盘
1884,13:16:06,4.09,0.0,142,58078,卖盘
1885,13:16:10,4.09,0.0,60,24560,卖盘
1886,13:16:13,4.09,0.0,17,6953,卖盘
1887,13:16:19,4.09,0.0,3,1227,卖盘
1888,13:16:25,4.09,0.0,97,39673,卖盘
1889,13:16:33,4.09,0.0,1,409,买盘
1890,13:16:36,4.09,0.0,1,409,买盘
1891,13:16:39,4.09,0.0,3,1227,买盘
1892,13:16:42,4.08,-0.01,33,13467,卖盘
1893,13:16:46,4.08,0.0,153,62440,卖盘
1894,13:16:49,4.09,0.01,4,1636,买盘
1895,13:16:55,4.09,0.0,4,1636,买盘
1896,13:16:58,4.09,0.0,3,1227,买盘
1897,13:17:01,4.09,0.0,14,5726,买盘
1898,13:17:04,4.09,0.0,63,25708,买盘
1899,13:17:07,4.09,0.0,5,2045,买盘
1900,13:17:09,4.09,0.0,4,1636,买盘
1901,13:17:13,4.09,0.0,6,2454,买盘
1902,13:17:16,4.09,0.0,7,2860,买盘
1903,13:17:19,4.09,0.0,6,2454,买盘
1904,13:17:21,4.09,0.0,5,2045,买盘
1905,13:17:24,4.08,-0.01,144,58759,卖盘
1906,13:17:28,4.09,0.01,4,1636,买盘
1907,13:17:31,4.09,0.0,17,6948,买盘
1908,13:17:34,4.09,0.0,19,7771,买盘
1909,13:17:37,4.09,0.0,8,3272,买盘
1910,13:17:40,4.09,0.0,20,8180,买盘
1911,13:17:43,4.09,0.0,6,2454,买盘
1912,13:17:46,4.1,0.01,73,29887,买盘
1913,13:17:58,4.09,-0.01,100,40900,卖盘
1914,13:18:01,4.1,0.01,20,8199,买盘
1915,13:18:06,4.1,0.0,322,131733,买盘
1916,13:18:10,4.1,0.0,116,47492,买盘
1917,13:18:19,4.1,0.0,200,82000,买盘
1918,13:18:22,4.1,0.0,7,2870,买盘
1919,13:18:25,4.09,-0.01,37,15140,卖盘
1920,13:18:28,4.1,0.01,1,410,买盘
1921,13:18:34,4.1,0.0,20,8200,买盘
1922,13:18:42,4.1,0.0,26,10659,买盘
1923,13:18:46,4.1,0.0,249,101752,买盘
1924,13:18:48,4.1,0.0,30,12300,买盘
1925,13:18:52,4.1,0.0,198,81180,买盘
1926,13:18:55,4.1,0.0,150,61500,买盘
1927,13:19:01,4.1,0.0,201,82410,买盘
1928,13:19:07,4.1,0.0,16,6560,买盘
1929,13:19:10,4.1,0.0,3,1230,买盘
1930,13:19:12,4.1,0.0,5,2050,买盘
1931,13:19:24,4.09,-0.01,23,9407,卖盘
1932,13:19:28,4.09,0.0,97,39662,买盘
1933,13:19:34,4.09,0.0,60,24540,买盘
1934,13:19:40,4.09,0.0,2,818,卖盘
1935,13:19:49,4.1,0.01,1,410,买盘
1936,13:20:04,4.1,0.0,64,26240,买盘
1937,13:20:06,4.09,-0.01,205,83845,卖盘
1938,13:20:13,4.09,0.0,72,29381,买盘
1939,13:20:22,4.08,-0.01,20,8160,卖盘
1940,13:20:30,4.09,0.01,27,11043,买盘
1941,13:20:43,4.09,0.0,34,13906,卖盘
1942,13:20:46,4.09,0.0,30,12270,买盘
1943,13:20:52,4.09,0.0,32,13078,买盘
1944,13:20:57,4.08,-0.01,4,1632,卖盘
1945,13:21:09,4.08,0.0,8,3264,卖盘
1946,13:21:16,4.08,0.0,10,4080,卖盘
1947,13:21:18,4.09,0.01,43,17587,买盘
1948,13:21:24,4.08,-0.01,179,73044,卖盘
1949,13:21:27,4.09,0.01,5,2045,买盘
1950,13:21:30,4.09,0.0,3,1227,买盘
1951,13:21:34,4.08,-0.01,94,38398,卖盘
1952,13:21:37,4.08,0.0,214,87505,卖盘
1953,13:21:40,4.09,0.01,45,18379,买盘
1954,13:21:42,4.07,-0.02,1310,533654,卖盘
1955,13:21:45,4.08,0.01,2,816,中性盘
1956,13:21:48,4.08,0.0,9,3672,买盘
1957,13:21:52,4.08,0.0,15,6120,卖盘
1958,13:21:55,4.07,-0.01,9,3663,卖盘
1959,13:21:58,4.08,0.01,2,816,买盘
1960,13:22:04,4.08,0.0,20,8160,卖盘
1961,13:22:07,4.08,0.0,56,22848,卖盘
1962,13:22:16,4.07,-0.01,13,5291,卖盘
1963,13:22:18,4.08,0.01,113,46104,买盘
1964,13:22:22,4.08,0.0,21,8568,卖盘
1965,13:22:24,4.07,-0.01,60,24431,卖盘
1966,13:22:27,4.07,0.0,32,13055,卖盘
1967,13:22:31,4.08,0.01,20,8160,买盘
1968,13:22:37,4.07,-0.01,175,71225,卖盘
1969,13:22:40,4.08,0.01,40,16320,买盘
1970,13:22:43,4.08,0.0,10,4080,买盘
1971,13:22:45,4.08,0.0,178,72486,买盘
1972,13:22:52,4.08,0.0,1,408,买盘
1973,13:22:58,4.08,0.0,24,9792,卖盘
1974,13:23:10,4.08,0.0,17,6936,卖盘
1975,13:23:12,4.08,0.0,6,2448,卖盘
1976,13:23:16,4.08,0.0,14,5712,卖盘
1977,13:23:18,4.08,0.0,23,9384,买盘
1978,13:23:21,4.08,0.0,1,408,卖盘
1979,13:23:24,4.08,0.0,139,56712,卖盘
1980,13:23:36,4.09,0.01,15,6135,买盘
1981,13:23:48,4.08,-0.01,33,13464,卖盘
1982,13:23:51,4.08,0.0,98,39984,买盘
1983,13:23:57,4.08,0.0,20,8160,买盘
1984,13:24:07,4.08,0.0,148,60246,买盘
1985,13:24:24,4.07,-0.01,46,18722,卖盘
1986,13:24:28,4.08,0.01,100,40800,买盘
1987,13:24:33,4.07,-0.01,11,4482,卖盘
1988,13:24:36,4.07,0.0,6,2442,卖盘
1989,13:24:43,4.08,0.01,15,6120,买盘
1990,13:24:46,4.07,-0.01,238,96966,卖盘
1991,13:24:49,4.07,0.0,1,407,卖盘
1992,13:24:52,4.07,0.0,11,4477,卖盘
1993,13:24:55,4.07,0.0,20,8140,卖盘
1994,13:24:57,4.07,0.0,813,330891,卖盘
1995,13:25:06,4.07,0.0,185,75295,卖盘
1996,13:25:10,4.07,0.0,15,6105,卖盘
1997,13:25:13,4.07,0.0,51,20757,卖盘
1998,13:25:16,4.07,0.0,10,4070,卖盘
1999,13:25:22,4.06,-0.01,200,81293,卖盘
2000,13:25:24,4.07,0.01,10,4070,买盘
2001,13:25:27,4.06,-0.01,2897,1176182,卖盘
2002,13:25:31,4.07,0.01,16,6512,买盘
2003,13:25:33,4.06,-0.01,403,163718,卖盘
2004,13:25:37,4.06,0.0,328,133168,卖盘
2005,13:25:40,4.06,0.0,125,50760,卖盘
2006,13:25:43,4.06,0.0,168,68208,卖盘
2007,13:25:46,4.07,0.01,124,50468,买盘
2008,13:25:49,4.06,-0.01,758,307748,卖盘
2009,13:25:52,4.06,0.0,7,2842,买盘
2010,13:25:55,4.05,-0.01,500,202500,卖盘
2011,13:25:57,4.05,0.0,117,47385,卖盘
2012,13:26:01,4.06,0.01,30,12180,买盘
2013,13:26:04,4.06,0.0,13,5268,买盘
2014,13:26:07,4.05,-0.01,138,55890,卖盘
2015,13:26:10,4.05,0.0,168,68065,卖盘
2016,13:26:12,4.05,0.0,47,19035,卖盘
2017,13:26:18,4.06,0.01,360,145817,买盘
2018,13:26:21,4.06,0.0,158,64090,买盘
2019,13:26:24,4.05,-0.01,368,149040,卖盘
2020,13:26:27,4.05,0.0,47,19035,卖盘
2021,13:26:31,4.05,0.0,134,54274,卖盘
2022,13:26:33,4.05,0.0,819,331695,卖盘
2023,13:26:37,4.05,0.0,37,14985,买盘
2024,13:26:39,4.05,0.0,100,40500,买盘
2025,13:26:43,4.05,0.0,33,13345,买盘
2026,13:26:46,4.05,0.0,164,66282,买盘
2027,13:26:49,4.05,0.0,1063,429515,买盘
2028,13:26:52,4.04,-0.01,14,5656,卖盘
2029,13:26:55,4.04,0.0,82,33166,卖盘
2030,13:26:58,4.05,0.01,797,322043,买盘
2031,13:27:01,4.05,0.0,10,4050,买盘
2032,13:27:04,4.05,0.0,10,4050,买盘
2033,13:27:06,4.04,-0.01,176,71104,卖盘
2034,13:27:09,4.05,0.01,213,86115,买盘
2035,13:27:13,4.05,0.0,68,27525,买盘
2036,13:27:16,4.04,-0.01,53,21412,卖盘
2037,13:27:18,4.05,0.01,9,3645,买盘
2038,13:27:21,4.05,0.0,155,62775,买盘
2039,13:27:25,4.05,0.0,1323,534721,卖盘
2040,13:27:28,4.04,-0.01,514,207856,卖盘
2041,13:27:31,4.04,0.0,171,69084,买盘
2042,13:27:33,4.04,0.0,358,144451,买盘
2043,13:27:37,4.04,0.0,129,52116,买盘
2044,13:27:40,4.04,0.0,292,117957,买盘
2045,13:27:43,4.04,0.0,4694,1889865,买盘
2046,13:27:46,4.03,-0.01,295,118887,买盘
2047,13:27:49,4.03,0.0,127,51181,买盘
2048,13:27:52,4.03,0.0,237,95391,买盘
2049,13:27:55,4.02,-0.01,2065,828165,卖盘
2050,13:27:57,4.02,0.0,140,56280,买盘
2051,13:28:01,4.01,-0.01,4780,1916933,卖盘
2052,13:28:04,4.02,0.01,564,226255,中性盘
2053,13:28:07,4.03,0.01,427,171292,买盘
2054,13:28:10,4.01,-0.02,542,217353,卖盘
2055,13:28:13,4.01,0.0,457,183541,卖盘
2056,13:28:16,4.03,0.02,210,84544,买盘
2057,13:28:19,4.03,0.0,48,19306,买盘
2058,13:28:22,4.03,0.0,478,191904,买盘
2059,13:28:25,4.02,-0.01,90,36164,卖盘
2060,13:28:27,4.02,0.0,103,41445,卖盘
2061,13:28:30,4.03,0.01,294,118382,买盘
2062,13:28:33,4.03,0.0,198,79794,买盘
2063,13:28:37,4.01,-0.02,448,180071,卖盘
2064,13:28:40,4.02,0.01,153,61671,中性盘
2065,13:28:43,4.03,0.01,89,35867,卖盘
2066,13:28:46,4.03,0.0,157,63275,卖盘
2067,13:28:49,4.03,0.0,102,41169,卖盘
2068,13:28:52,4.04,0.01,101,40708,买盘
2069,13:28:57,4.05,0.01,187,75720,买盘
2070,13:29:00,4.03,-0.02,136,55020,卖盘
2071,13:29:04,4.02,-0.01,853,343716,卖盘
2072,13:29:07,4.04,0.02,533,215332,买盘
2073,13:29:10,4.04,0.0,4,1616,卖盘
2074,13:29:12,4.05,0.01,308,124715,买盘
2075,13:29:16,4.04,-0.01,545,220333,卖盘
2076,13:29:19,4.04,0.0,190,76948,卖盘
2077,13:29:22,4.05,0.01,177,71604,买盘
2078,13:29:24,4.04,-0.01,284,114850,卖盘
2079,13:29:27,4.04,0.0,64,25856,买盘
2080,13:29:30,4.05,0.01,155,62672,买盘
2081,13:29:33,4.04,-0.01,109,44036,卖盘
2082,13:29:36,4.04,0.0,52,21008,买盘
2083,13:29:40,4.04,0.0,122,49288,买盘
2084,13:29:42,4.04,0.0,72,29088,买盘
2085,13:29:46,4.04,0.0,259,104494,买盘
2086,13:29:48,4.03,-0.01,206,83112,卖盘
2087,13:29:51,4.04,0.01,113,45609,买盘
2088,13:29:54,4.04,0.0,86,34728,买盘
2089,13:29:57,4.04,0.0,34,13736,买盘
2090,13:30:01,4.03,-0.01,255,102811,卖盘
2091,13:30:04,4.04,0.01,241,97188,买盘
2092,13:30:07,4.04,0.0,213,85896,买盘
2093,13:30:10,4.03,-0.01,222,89466,卖盘
2094,13:30:13,4.03,0.0,76,30628,买盘
2095,13:30:16,4.03,0.0,43,17329,买盘
2096,13:30:19,4.03,0.0,106,42718,买盘
2097,13:30:21,4.03,0.0,94,37882,买盘
2098,13:30:24,4.03,0.0,82,33046,买盘
2099,13:30:28,4.03,0.0,32,12896,买盘
2100,13:30:31,4.04,0.01,11,4444,买盘
2101,13:30:34,4.04,0.0,36,14544,买盘
2102,13:30:37,4.03,-0.01,134,54063,卖盘
2103,13:30:39,4.04,0.01,102,41208,买盘
2104,13:30:43,4.04,0.0,159,64233,买盘
2105,13:30:46,4.03,-0.01,170,68542,卖盘
2106,13:30:49,4.04,0.01,81,32689,买盘
2107,13:30:52,4.04,0.0,33,13330,买盘
2108,13:30:55,4.04,0.0,47,18988,买盘
2109,13:30:57,4.04,0.0,8,3232,卖盘
2110,13:31:07,4.04,0.0,4,1616,卖盘
2111,13:31:09,4.04,0.0,1,404,卖盘
2112,13:31:12,4.04,0.0,10,4040,卖盘
2113,13:31:16,4.05,0.01,189,76408,买盘
2114,13:31:19,4.04,-0.01,61,24644,卖盘
2115,13:31:22,4.04,0.0,37,14948,卖盘
2116,13:31:24,4.04,0.0,41,16564,卖盘
2117,13:31:28,4.04,0.0,2,808,买盘
2118,13:31:31,4.04,0.0,123,49692,买盘
2119,13:31:33,4.04,0.0,129,52116,买盘
2120,13:31:36,4.05,0.01,55,22225,买盘
2121,13:31:40,4.05,0.0,84,33970,买盘
2122,13:31:42,4.05,0.0,14,5670,买盘
2123,13:31:46,4.05,0.0,86,34799,买盘
2124,13:31:49,4.05,0.0,38,15390,买盘
2125,13:31:52,4.05,0.0,50,20250,买盘
2126,13:31:55,4.05,0.0,29,11745,买盘
2127,13:32:00,4.05,0.0,30,12150,买盘
2128,13:32:03,4.05,0.0,19,7684,买盘
2129,13:32:06,4.04,-0.01,150,60605,卖盘
2130,13:32:09,4.05,0.01,40,16200,买盘
2131,13:32:16,4.04,-0.01,9,3640,卖盘
2132,13:32:19,4.04,0.0,100,40400,卖盘
2133,13:32:22,4.05,0.01,50,20250,买盘
2134,13:32:31,4.05,0.0,200,81000,买盘
2135,13:32:34,4.05,0.0,100,40500,买盘
2136,13:32:42,4.04,-0.01,350,141639,卖盘
2137,13:32:46,4.05,0.01,178,71952,买盘
2138,13:32:48,4.04,-0.01,45,18180,卖盘
2139,13:32:51,4.05,0.01,15,6073,买盘
2140,13:32:54,4.05,0.0,215,87080,买盘
2141,13:33:04,4.05,0.0,16,6480,卖盘
2142,13:33:09,4.05,0.0,15,6075,卖盘
2143,13:33:16,4.05,0.0,39,15795,卖盘
2144,13:33:18,4.06,0.01,108,43748,买盘
2145,13:33:21,4.05,-0.01,15,6075,卖盘
2146,13:33:27,4.05,0.0,12,4859,买盘
2147,13:33:31,4.05,0.0,63,25515,买盘
2148,13:33:33,4.05,0.0,2,810,买盘
2149,13:33:40,4.04,-0.01,81,32804,卖盘
2150,13:33:42,4.04,0.0,71,28685,卖盘
2151,13:33:46,4.04,0.0,33,13360,卖盘
2152,13:33:49,4.05,0.01,184,74450,买盘
2153,13:33:52,4.04,-0.01,30,12120,卖盘
2154,13:33:55,4.04,0.0,531,214529,卖盘
2155,13:33:57,4.04,0.0,98,39597,卖盘
2156,13:34:01,4.04,0.0,16,6479,卖盘
2157,13:34:04,4.04,0.0,124,50096,卖盘
2158,13:34:07,4.04,0.0,37,14948,买盘
2159,13:34:10,4.04,0.0,50,20200,买盘
2160,13:34:16,4.03,-0.01,305,123205,卖盘
2161,13:34:21,4.03,0.0,95,38333,卖盘
2162,13:34:25,4.03,0.0,12,4836,卖盘
2163,13:34:28,4.03,0.0,110,44330,卖盘
2164,13:34:30,4.03,0.0,514,207143,卖盘
2165,13:34:34,4.03,0.0,2,806,卖盘
2166,13:34:37,4.04,0.01,123,49599,买盘
2167,13:34:40,4.03,-0.01,572,231016,卖盘
2168,13:34:43,4.04,0.01,3,1212,买盘
2169,13:34:46,4.03,-0.01,358,144274,卖盘
2170,13:34:49,4.04,0.01,73,29734,买盘
2171,13:34:52,4.04,0.0,12,4848,卖盘
2172,13:34:54,4.03,-0.01,41,16321,卖盘
2173,13:34:57,4.04,0.01,5,2020,买盘
2174,13:35:04,4.04,0.0,155,62490,买盘
2175,13:35:06,4.03,-0.01,27,10881,卖盘
2176,13:35:13,4.03,0.0,11,4433,卖盘
2177,13:35:16,4.03,0.0,131,52808,卖盘
2178,13:35:19,4.03,0.0,162,65296,卖盘
2179,13:35:22,4.03,0.0,16,6448,卖盘
2180,13:35:24,4.03,0.0,307,123721,卖盘
2181,13:35:31,4.03,0.0,550,221875,买盘
2182,13:35:33,4.03,0.0,11,4433,买盘
2183,13:35:37,4.03,0.0,48,19306,买盘
2184,13:35:40,4.03,0.0,5,2015,买盘
2185,13:35:43,4.03,0.0,49,19747,买盘
2186,13:35:46,4.02,-0.01,103,41459,卖盘
2187,13:35:48,4.03,0.01,323,130169,买盘
2188,13:35:52,4.04,0.01,4,1616,买盘
2189,13:35:54,4.03,-0.01,15,6045,卖盘
2190,13:35:57,4.03,0.0,2,806,卖盘
2191,13:36:00,4.03,0.0,76,30628,卖盘
2192,13:36:06,4.03,0.0,33,13299,买盘
2193,13:36:09,4.03,0.0,85,34255,买盘
2194,13:36:13,4.03,0.0,115,46300,买盘
2195,13:36:16,4.03,0.0,136,54692,买盘
2196,13:36:19,4.02,-0.01,84,33842,卖盘
2197,13:36:22,4.02,0.0,100,40200,卖盘
2198,13:36:25,4.03,0.01,300,120900,买盘
2199,13:36:31,4.02,-0.01,262,105324,卖盘
2200,13:36:34,4.02,0.0,11,4432,卖盘
2201,13:36:37,4.02,0.0,11,4422,卖盘
2202,13:36:40,4.02,0.0,25,10050,卖盘
2203,13:36:43,4.02,0.0,529,212880,卖盘
2204,13:36:46,4.03,0.01,177,71164,买盘
2205,13:36:49,4.02,-0.01,92,37002,卖盘
2206,13:36:51,4.03,0.01,18,7488,买盘
2207,13:36:54,4.03,0.0,391,157573,买盘
2208,13:36:57,4.03,0.0,230,92690,买盘
2209,13:37:01,4.03,0.0,99,39821,卖盘
2210,13:37:04,4.03,0.0,61,24583,买盘
2211,13:37:06,4.02,-0.01,215,86430,卖盘
2212,13:37:10,4.02,0.0,65,26192,卖盘
2213,13:37:13,4.03,0.01,79,31835,买盘
2214,13:37:16,4.03,0.0,110,44330,卖盘
2215,13:37:19,4.03,0.0,21,8463,买盘
2216,13:37:25,4.02,-0.01,141,56808,卖盘
2217,13:37:28,4.03,0.01,48,19344,买盘
2218,13:37:31,4.03,0.0,51,20554,卖盘
2219,13:37:34,4.03,0.0,4,1612,卖盘
2220,13:37:43,4.03,0.0,34,13703,卖盘
2221,13:37:46,4.04,0.01,1,404,买盘
2222,13:37:49,4.03,-0.01,15,6045,卖盘
2223,13:38:00,4.03,0.0,142,57251,卖盘
2224,13:38:07,4.03,0.0,153,61659,卖盘
2225,13:38:10,4.04,0.01,11,4444,买盘
2226,13:38:19,4.04,0.0,143,57665,买盘
2227,13:38:22,4.03,-0.01,151,60858,卖盘
2228,13:38:28,4.04,0.01,25,10080,买盘
2229,13:38:30,4.04,0.0,50,20200,买盘
2230,13:38:33,4.03,-0.01,40,16150,卖盘
2231,13:38:40,4.03,0.0,87,35063,卖盘
2232,13:38:42,4.04,0.01,100,40400,买盘
2233,13:38:45,4.04,0.0,152,61266,买盘
2234,13:38:48,4.04,0.0,157,63378,买盘
2235,13:38:54,4.04,0.0,25,10085,买盘
2236,13:38:58,4.03,-0.01,70,28278,卖盘
2237,13:39:04,4.04,0.01,1,404,买盘
2238,13:39:06,4.03,-0.01,11,4435,卖盘
2239,13:39:12,4.04,0.01,20,8080,买盘
2240,13:39:19,4.04,0.0,5,2020,买盘
2241,13:39:22,4.04,0.0,10,4040,买盘
2242,13:39:25,4.04,0.0,504,203453,买盘
2243,13:39:28,4.04,0.0,18,7272,买盘
2244,13:39:31,4.04,0.0,3,1212,买盘
2245,13:39:34,4.03,-0.01,8,3224,卖盘
2246,13:39:37,4.04,0.01,19,7676,买盘
2247,13:39:39,4.04,0.0,10,4040,买盘
2248,13:39:42,4.03,-0.01,116,46748,卖盘
2249,13:39:46,4.04,0.01,341,137764,买盘
2250,13:39:49,4.04,0.0,33,13332,买盘
2251,13:39:52,4.04,0.0,207,83628,买盘
2252,13:39:58,4.03,-0.01,160,64636,卖盘
2253,13:40:01,4.04,0.01,33,13332,卖盘
2254,13:40:10,4.04,0.0,86,34716,买盘
2255,13:40:13,4.03,-0.01,1,403,卖盘
2256,13:40:15,4.03,0.0,68,27452,卖盘
2257,13:40:19,4.04,0.01,20,8080,买盘
2258,13:40:22,4.04,0.0,2,808,买盘
2259,13:40:28,4.04,0.0,20,8080,买盘
2260,13:40:30,4.04,0.0,79,31892,买盘
2261,13:40:33,4.04,0.0,27,10908,买盘
2262,13:40:37,4.04,0.0,802,323253,买盘
2263,13:40:40,4.04,0.0,27,10908,买盘
2264,13:40:45,4.04,0.0,62,25048,卖盘
2265,13:40:49,4.04,0.0,3,1212,买盘
2266,13:40:52,4.04,0.0,36,14544,买盘
2267,13:40:55,4.03,-0.01,32,12926,卖盘
2268,13:40:58,4.04,0.01,21,8484,买盘
2269,13:41:01,4.04,0.0,58,23432,卖盘
2270,13:41:04,4.04,0.0,6,2424,卖盘
2271,13:41:21,4.04,0.0,34,13736,卖盘
2272,13:41:25,4.04,0.0,142,57368,卖盘
2273,13:41:27,4.05,0.01,9,3643,买盘
2274,13:41:30,4.04,-0.01,86,34744,卖盘
2275,13:41:37,4.04,0.0,12,4848,买盘
2276,13:41:39,4.03,-0.01,55,22166,卖盘
2277,13:41:43,4.04,0.01,3,1212,买盘
2278,13:41:45,4.04,0.0,21,8484,买盘
2279,13:41:48,4.04,0.0,157,63428,买盘
2280,13:41:51,4.03,-0.01,34,13704,卖盘
2281,13:41:54,4.03,0.0,15,6045,卖盘
2282,13:41:58,4.04,0.01,10,4040,买盘
2283,13:42:04,4.03,-0.01,64,25792,卖盘
2284,13:42:07,4.04,0.01,178,71757,买盘
2285,13:42:12,4.03,-0.01,78,31436,卖盘
2286,13:42:15,4.03,0.0,219,88257,卖盘
2287,13:42:28,4.04,0.01,33,13302,买盘
2288,13:42:31,4.03,-0.01,5,2015,卖盘
2289,13:42:34,4.04,0.01,9,3636,买盘
2290,13:42:40,4.04,0.0,20,8080,买盘
2291,13:42:43,4.03,-0.01,4,1612,卖盘
2292,13:42:45,4.03,0.0,195,78623,卖盘
2293,13:42:49,4.04,0.01,26,10504,买盘
2294,13:43:09,4.03,-0.01,568,228904,卖盘
2295,13:43:12,4.03,0.0,30,12090,卖盘
2296,13:43:15,4.04,0.01,14,5656,买盘
2297,13:43:18,4.03,-0.01,266,107198,卖盘
2298,13:43:22,4.03,0.0,2,806,买盘
2299,13:43:24,4.02,-0.01,152,61114,卖盘
2300,13:43:27,4.03,0.01,7,2821,买盘
2301,13:43:31,4.03,0.0,18,7254,买盘
2302,13:43:34,4.03,0.0,228,91818,买盘
2303,13:43:37,4.03,0.0,15,6045,卖盘
2304,13:43:40,4.03,0.0,136,54808,卖盘
2305,13:43:45,4.03,0.0,41,16523,卖盘
2306,13:43:48,4.03,0.0,120,48360,卖盘
2307,13:43:51,4.03,0.0,120,48360,卖盘
2308,13:43:54,4.02,-0.01,8,3216,卖盘
2309,13:44:04,4.02,0.0,42,16884,卖盘
2310,13:44:07,4.02,0.0,142,57084,卖盘
2311,13:44:09,4.02,0.0,50,20100,卖盘
2312,13:44:13,4.02,0.0,51,20502,卖盘
2313,13:44:16,4.02,0.0,96,38617,卖盘
2314,13:44:19,4.03,0.01,30,12090,买盘
2315,13:44:22,4.02,-0.01,121,48702,卖盘
2316,13:44:24,4.02,0.0,474,190548,卖盘
2317,13:44:28,4.02,0.0,13,5226,卖盘
2318,13:44:30,4.02,0.0,138,55532,卖盘
2319,13:44:34,4.02,0.0,55,22110,买盘
2320,13:44:37,4.02,0.0,17,6834,买盘
2321,13:44:40,4.01,-0.01,6,2407,卖盘
2322,13:44:43,4.02,0.01,48,19290,买盘
2323,13:44:45,4.01,-0.01,273,109581,卖盘
2324,13:44:48,4.01,0.0,20,8020,卖盘
2325,13:44:52,4.02,0.01,5,2010,买盘
2326,13:44:55,4.01,-0.01,65,26070,卖盘
2327,13:44:58,4.01,0.0,10,4018,卖盘
2328,13:45:04,4.01,0.0,179,71806,卖盘
2329,13:45:06,4.01,0.0,15,6015,卖盘
2330,13:45:10,4.01,0.0,102,40902,卖盘
2331,13:45:13,4.01,0.0,72,28883,卖盘
2332,13:45:16,4.01,0.0,70,28070,卖盘
2333,13:45:18,4.01,0.0,12,4812,卖盘
2334,13:45:21,4.01,0.0,11,4411,卖盘
2335,13:45:24,4.01,0.0,252,101052,卖盘
2336,13:45:27,4.01,0.0,72,28872,卖盘
2337,13:45:31,4.01,0.0,134,53734,卖盘
2338,13:45:33,4.01,0.0,353,141553,卖盘
2339,13:45:36,4.01,0.0,183,73430,卖盘
2340,13:45:40,4.01,0.0,342,136821,卖盘
2341,13:45:46,4.01,0.0,149,59749,买盘
2342,13:45:49,4.01,0.0,25,10025,买盘
2343,13:45:52,4.01,0.0,13,5213,买盘
2344,13:45:55,4.0,-0.01,239,95600,卖盘
2345,13:45:57,4.0,0.0,427,171100,卖盘
2346,13:46:01,4.01,0.01,264,105715,买盘
2347,13:46:04,4.0,-0.01,991,396477,卖盘
2348,13:46:06,4.0,0.0,609,243682,卖盘
2349,13:46:10,4.0,0.0,349,139650,卖盘
2350,13:46:13,4.0,0.0,783,313201,卖盘
2351,13:46:15,3.99,-0.01,234,93614,卖盘
2352,13:46:19,4.0,0.01,80,31984,中性盘
2353,13:46:22,4.0,0.0,35,14000,买盘
2354,13:46:25,4.0,0.0,5,2000,买盘
2355,13:46:28,4.0,0.0,51,20354,买盘
2356,13:46:30,3.99,-0.01,260,103775,卖盘
2357,13:46:33,4.0,0.01,94,37510,买盘
2358,13:46:37,3.99,-0.01,78,31124,卖盘
2359,13:46:40,4.0,0.01,117,46800,买盘
2360,13:46:43,3.98,-0.02,859,342740,卖盘
2361,13:46:46,3.98,0.0,13,5175,卖盘
2362,13:46:48,3.99,0.01,111,44196,买盘
2363,13:46:51,3.98,-0.01,115,45785,卖盘
2364,13:46:55,3.98,0.0,252,100296,卖盘
2365,13:46:57,3.98,0.0,224,89310,卖盘
2366,13:47:01,3.98,0.0,222,88380,卖盘
2367,13:47:04,3.98,0.0,147,58634,卖盘
2368,13:47:07,3.99,0.01,508,202230,买盘
2369,13:47:09,3.98,-0.01,500,199013,卖盘
2370,13:47:12,3.99,0.01,285,113633,买盘
2371,13:47:15,3.98,-0.01,414,164795,卖盘
2372,13:47:18,3.98,0.0,298,118863,买盘
2373,13:47:22,3.98,0.0,19,7562,卖盘
2374,13:47:25,3.98,0.0,235,93481,卖盘
2375,13:47:28,3.98,0.0,186,73948,买盘
2376,13:47:31,3.99,0.01,127,50605,买盘
2377,13:47:33,3.99,0.0,42,17066,买盘
2378,13:47:37,3.99,0.0,10,3990,卖盘
2379,13:47:40,3.99,0.0,790,315210,卖盘
2380,13:47:42,3.99,0.0,16,6390,卖盘
2381,13:47:46,3.99,0.0,70,27930,卖盘
2382,13:47:49,4.0,0.01,25,10000,买盘
2383,13:47:52,3.99,-0.01,256,101825,卖盘
2384,13:47:55,3.98,-0.01,147,58553,卖盘
2385,13:47:58,4.0,0.02,54,21891,买盘
2386,13:48:00,4.0,0.0,91,36358,买盘
2387,13:48:06,4.0,0.0,150,59851,买盘
2388,13:48:09,3.99,-0.01,64,25536,卖盘
2389,13:48:13,4.0,0.01,113,45084,买盘
2390,13:48:15,4.0,0.0,8,3200,买盘
2391,13:48:22,3.99,-0.01,20,7990,卖盘
2392,13:48:31,3.99,0.0,149,59540,卖盘
2393,13:48:34,3.99,0.0,139,55495,卖盘
2394,13:48:37,4.0,0.01,264,105585,买盘
2395,13:48:40,4.0,0.0,100,40000,买盘
2396,13:48:43,3.99,-0.01,3,1197,卖盘
2397,13:48:46,4.0,0.01,359,143457,买盘
2398,13:48:52,4.01,0.01,1134,454001,买盘
2399,13:48:58,4.01,0.0,196,78596,卖盘
2400,13:49:01,4.01,0.0,70,28070,卖盘
2401,13:49:04,4.02,0.01,18,7225,买盘
2402,13:49:06,4.01,-0.01,108,43308,卖盘
2403,13:49:10,4.01,0.0,10,4018,卖盘
2404,13:49:13,4.01,0.0,133,53333,卖盘
2405,13:49:15,4.02,0.01,58,23302,买盘
2406,13:49:18,4.01,-0.01,5,2005,中性盘
2407,13:49:25,4.0,-0.01,207,82940,卖盘
2408,13:49:27,4.01,0.01,3,1203,中性盘
2409,13:49:31,4.01,0.0,24,9624,卖盘
2410,13:49:37,4.01,0.0,89,35754,卖盘
2411,13:49:39,4.01,0.0,4,1604,卖盘
2412,13:49:45,4.01,0.0,5,2005,卖盘
2413,13:49:48,4.01,0.0,5,2005,卖盘
2414,13:49:51,4.02,0.01,166,66666,买盘
2415,13:49:58,4.01,-0.01,211,84696,卖盘
2416,13:50:01,4.01,0.0,51,20472,卖盘
2417,13:50:04,4.02,0.01,60,24120,买盘
2418,13:50:06,4.01,-0.01,101,40501,卖盘
2419,13:50:13,4.01,0.0,3,1203,买盘
2420,13:50:15,4.01,0.0,44,17644,买盘
2421,13:50:18,4.01,0.0,2,802,买盘
2422,13:50:22,4.01,0.0,12,4812,买盘
2423,13:50:25,4.01,0.0,251,100598,买盘
2424,13:50:31,4.01,0.0,21,8421,买盘
2425,13:50:33,4.0,-0.01,10,4000,卖盘
2426,13:50:36,4.0,0.0,15,6000,卖盘
2427,13:50:40,4.01,0.01,155,62155,买盘
2428,13:50:43,4.01,0.0,95,38074,买盘
2429,13:50:46,4.0,-0.01,143,57200,卖盘
2430,13:50:49,4.0,0.0,25,10005,卖盘
2431,13:50:52,4.0,0.0,5,2000,卖盘
2432,13:50:55,4.0,0.0,1,400,卖盘
2433,13:50:58,4.0,0.0,2,800,卖盘
2434,13:51:01,4.0,0.0,55,22054,卖盘
2435,13:51:06,4.0,0.0,84,33600,卖盘
2436,13:51:12,4.01,0.01,8,3208,买盘
2437,13:51:19,4.0,-0.01,10,4000,卖盘
2438,13:51:22,4.0,0.0,36,14400,卖盘
2439,13:51:25,4.0,0.0,163,65200,卖盘
2440,13:51:27,4.0,0.0,70,28000,卖盘
2441,13:51:33,4.0,0.0,25,10005,卖盘
2442,13:51:37,4.0,0.0,18,7200,卖盘
2443,13:51:40,4.0,0.0,205,82000,卖盘
2444,13:51:43,4.0,0.0,68,27200,卖盘
2445,13:51:46,4.0,0.0,32,12800,卖盘
2446,13:51:49,4.01,0.01,46,18446,买盘
2447,13:51:55,4.0,-0.01,27,10800,卖盘
2448,13:51:58,4.01,0.01,109,43709,买盘
2449,13:52:01,4.0,-0.01,24,9611,卖盘
2450,13:52:04,4.01,0.01,221,88621,买盘
2451,13:52:06,4.0,-0.01,149,59606,卖盘
2452,13:52:10,4.01,0.01,20,8020,买盘
2453,13:52:13,4.01,0.0,107,42906,买盘
2454,13:52:16,4.01,0.0,109,43709,买盘
2455,13:52:19,4.01,0.0,123,49273,买盘
2456,13:52:22,4.01,0.0,79,31613,买盘
2457,13:52:25,4.01,0.0,33,13233,买盘
2458,13:52:27,4.01,0.0,49,19649,买盘
2459,13:52:31,4.01,0.0,52,20829,卖盘
2460,13:52:36,4.0,-0.01,15,6005,卖盘
2461,13:52:46,4.01,0.01,114,45714,卖盘
2462,13:52:58,4.01,0.0,36,14436,买盘
2463,13:53:04,4.01,0.0,40,16040,卖盘
2464,13:53:06,4.01,0.0,91,36491,卖盘
2465,13:53:10,4.0,-0.01,16,6410,卖盘
2466,13:53:13,4.01,0.01,25,10025,买盘
2467,13:53:16,4.01,0.0,13,5213,买盘
2468,13:53:19,4.01,0.0,23,9223,买盘
2469,13:53:22,4.01,0.0,6,2406,买盘
2470,13:53:25,4.0,-0.01,161,64403,卖盘
2471,13:53:28,4.01,0.01,18,7218,买盘
2472,13:53:33,4.0,-0.01,314,125673,卖盘
2473,13:53:40,4.01,0.01,24,9624,买盘
2474,13:53:43,4.0,-0.01,12,4800,卖盘
2475,13:53:46,4.01,0.01,55,22006,买盘
2476,13:53:48,4.01,0.0,5,2005,买盘
2477,13:53:51,4.01,0.0,240,96240,买盘
2478,13:53:55,4.0,-0.01,10,4000,卖盘
2479,13:53:58,4.01,0.01,195,78195,买盘
2480,13:54:00,4.0,-0.01,156,62400,卖盘
2481,13:54:04,4.01,0.01,20,8020,买盘
2482,13:54:07,4.01,0.0,150,60007,买盘
2483,13:54:15,4.0,-0.01,1796,718400,卖盘
2484,13:54:18,4.0,0.0,87,34800,买盘
2485,13:54:22,4.0,0.0,102,40800,买盘
2486,13:54:25,4.0,0.0,10,4000,买盘
2487,13:54:28,4.0,0.0,157,62800,买盘
2488,13:54:31,3.99,-0.01,63,25137,卖盘
2489,13:54:33,3.99,0.0,154,61585,卖盘
2490,13:54:37,4.0,0.01,3,1200,买盘
2491,13:54:40,3.99,-0.01,5,1995,卖盘
2492,13:54:43,3.99,0.0,9,3595,卖盘
2493,13:54:46,3.99,0.0,345,137545,卖盘
2494,13:54:49,4.0,0.01,9,3600,买盘
2495,13:54:51,4.0,0.0,25,9977,买盘
2496,13:55:01,4.0,0.0,5,1998,买盘
2497,13:55:04,4.0,0.0,30,11990,买盘
2498,13:55:07,4.0,0.0,5030,1998376,买盘
2499,13:55:10,4.0,0.0,34,13600,买盘
2500,13:55:13,3.96,-0.04,59,23489,卖盘
2501,13:55:19,3.98,0.02,4,1595,中性盘
2502,13:55:21,3.99,0.01,37,14763,买盘
2503,13:55:24,3.98,-0.01,2,796,卖盘
2504,13:55:27,3.97,-0.01,20,7940,卖盘
2505,13:55:33,3.98,0.01,78,30971,买盘
2506,13:55:36,3.96,-0.02,200,79312,卖盘
2507,13:55:39,3.97,0.01,10,3970,卖盘
2508,13:55:42,3.96,-0.01,127,50356,卖盘
2509,13:55:45,3.97,0.01,2166,857796,买盘
2510,13:55:48,3.96,-0.01,126,49996,卖盘
2511,13:55:52,3.96,0.0,207,81993,卖盘
2512,13:55:54,3.97,0.01,22,8721,买盘
2513,13:55:57,3.95,-0.02,417,165037,卖盘
2514,13:56:01,3.96,0.01,71,28116,买盘
2515,13:56:04,3.96,0.0,809,320221,买盘
2516,13:56:07,3.97,0.01,77,30532,买盘
2517,13:56:10,3.95,-0.02,242,95799,卖盘
2518,13:56:12,3.95,0.0,342,135172,卖盘
2519,13:56:15,3.96,0.01,194,76838,买盘
2520,13:56:18,3.96,0.0,77,30502,卖盘
2521,13:56:21,3.96,0.0,485,192506,卖盘
2522,13:56:24,3.96,0.0,60,23760,卖盘
2523,13:56:27,3.96,0.0,924,365904,卖盘
2524,13:56:31,3.96,0.0,227,89891,买盘
2525,13:56:33,3.96,0.0,60,23760,买盘
2526,13:56:36,3.96,0.0,191,75537,买盘
2527,13:56:40,3.96,0.0,668,264526,买盘
2528,13:56:42,3.96,0.0,131,51775,买盘
2529,13:56:45,3.96,0.0,423,167508,卖盘
2530,13:56:48,3.96,0.0,352,139806,卖盘
2531,13:56:54,3.96,0.0,67,26602,卖盘
2532,13:57:04,3.97,0.01,34,13500,卖盘
2533,13:57:07,3.98,0.01,60,23852,买盘
2534,13:57:10,3.98,0.0,84,33432,买盘
2535,13:57:13,3.98,0.0,30,11940,买盘
2536,13:57:16,3.97,-0.01,128,50826,卖盘
2537,13:57:19,3.98,0.01,770,306460,买盘
2538,13:57:22,3.97,-0.01,242,96163,卖盘
2539,13:57:31,3.99,0.02,2,798,买盘
2540,13:57:34,3.99,0.0,75,29925,买盘
2541,13:57:37,3.98,-0.01,187,74426,卖盘
2542,13:57:40,3.99,0.01,52,20734,买盘
2543,13:57:43,3.99,0.0,18,7182,买盘
2544,13:57:46,3.98,-0.01,146,58145,卖盘
2545,13:57:49,3.99,0.01,70,27923,买盘
2546,13:57:52,3.99,0.0,155,61845,买盘
2547,13:57:55,3.99,0.0,3,1197,买盘
2548,13:57:58,3.99,0.0,104,41496,买盘
2549,13:58:01,3.98,-0.01,93,37014,卖盘
2550,13:58:04,3.99,0.01,18,7182,买盘
2551,13:58:07,3.99,0.0,51,20349,买盘
2552,13:58:10,3.99,0.0,189,75274,买盘
2553,13:58:15,3.99,0.0,15,5971,买盘
2554,13:58:18,3.99,0.0,134,53389,买盘
2555,13:58:21,3.98,-0.01,104,41396,卖盘
2556,13:58:25,3.99,0.01,92,36656,买盘
2557,13:58:27,3.98,-0.01,20,7965,卖盘
2558,13:58:31,3.98,0.0,25,9950,卖盘
2559,13:58:33,3.98,0.0,231,92136,卖盘
2560,13:58:36,3.98,0.0,10,3980,卖盘
2561,13:58:40,3.98,0.0,35,13930,卖盘
2562,13:58:43,3.98,0.0,244,97112,卖盘
2563,13:58:46,3.98,0.0,85,33805,买盘
2564,13:58:49,3.98,0.0,20,7960,买盘
2565,13:58:52,3.98,0.0,43,17114,买盘
2566,13:58:55,3.98,0.0,63,25061,买盘
2567,13:58:57,3.98,0.0,53,21071,买盘
2568,13:59:00,3.98,0.0,33,13134,买盘
2569,13:59:07,3.98,0.0,20,7960,买盘
2570,13:59:09,3.98,0.0,145,57707,买盘
2571,13:59:15,3.97,-0.01,54,21444,卖盘
2572,13:59:21,3.99,0.02,366,145774,买盘
2573,13:59:28,3.98,-0.01,25,9950,卖盘
2574,13:59:31,3.98,0.0,78,31077,卖盘
2575,13:59:34,3.99,0.01,10,3990,买盘
2576,13:59:37,3.99,0.0,93,37019,买盘
2577,13:59:43,3.98,-0.01,41,16318,卖盘
2578,13:59:45,3.99,0.01,98,39102,买盘
2579,13:59:49,3.99,0.0,311,123783,买盘
2580,13:59:52,3.97,-0.02,464,184359,卖盘
2581,13:59:54,3.98,0.01,7,2786,买盘
2582,14:00:00,3.98,0.0,51,20298,买盘
2583,14:00:03,3.98,0.0,378,150444,买盘
2584,14:00:13,3.98,0.0,11,4378,卖盘
2585,14:00:16,3.99,0.01,30,11955,买盘
2586,14:00:19,3.98,-0.01,97,38606,卖盘
2587,14:00:22,3.99,0.01,20,7980,买盘
2588,14:00:25,3.98,-0.01,10,3980,卖盘
2589,14:00:28,3.98,0.0,110,43780,卖盘
2590,14:00:33,3.98,0.0,5,1990,买盘
2591,14:00:36,3.98,0.0,167,66466,买盘
2592,14:00:39,3.98,0.0,52,20696,卖盘
2593,14:00:46,3.98,0.0,255,101546,卖盘
2594,14:00:49,3.98,0.0,28,11144,卖盘
2595,14:00:52,3.97,-0.01,142,56494,卖盘
2596,14:00:55,3.98,0.01,22,8756,买盘
2597,14:00:58,3.98,0.0,73,29062,买盘
2598,14:01:00,3.98,0.0,8,3184,卖盘
2599,14:01:04,3.98,0.0,25,9940,买盘
2600,14:01:07,3.98,0.0,40,15920,买盘
2601,14:01:10,3.98,0.0,69,27462,买盘
2602,14:01:12,3.98,0.0,12,4776,买盘
2603,14:01:18,3.97,-0.01,100,39795,卖盘
2604,14:01:25,3.97,0.0,14,5558,卖盘
2605,14:01:28,3.97,0.0,30,11910,卖盘
2606,14:01:31,3.98,0.01,304,120817,买盘
2607,14:01:34,3.97,-0.01,160,63520,卖盘
2608,14:01:36,3.98,0.01,18,7156,买盘
2609,14:01:39,3.98,0.0,369,146862,买盘
2610,14:01:43,3.98,0.0,142,56516,卖盘
2611,14:01:46,3.98,0.0,101,40200,卖盘
2612,14:01:49,3.98,0.0,65,25870,卖盘
2613,14:01:52,3.98,0.0,22,8756,卖盘
2614,14:01:55,3.98,0.0,81,32238,卖盘
2615,14:02:01,3.99,0.01,20,7980,买盘
2616,14:02:04,3.98,-0.01,634,252332,卖盘
2617,14:02:06,3.98,0.0,157,62486,卖盘
2618,14:02:09,3.98,0.0,106,42188,卖盘
2619,14:02:13,3.98,0.0,45,17910,买盘
2620,14:02:15,3.98,0.0,1,398,卖盘
2621,14:02:22,3.98,0.0,56,22288,卖盘
2622,14:02:24,3.98,0.0,20,7960,卖盘
2623,14:02:27,3.99,0.01,400,159600,买盘
2624,14:02:30,3.99,0.0,103,41097,买盘
2625,14:02:34,3.99,0.0,2,798,买盘
2626,14:02:37,3.98,-0.01,386,153628,卖盘
2627,14:02:39,3.99,0.01,603,240041,买盘
2628,14:02:43,3.99,0.0,73,29127,买盘
2629,14:02:45,3.98,-0.01,217,86554,卖盘
2630,14:02:48,3.99,0.01,472,188328,买盘
2631,14:02:52,3.99,0.0,14,5586,卖盘
2632,14:03:01,4.0,0.01,1488,595200,买盘
2633,14:03:07,4.01,0.01,5,2005,买盘
2634,14:03:13,4.01,0.0,210,84210,买盘
2635,14:03:16,4.01,0.0,26,10426,买盘
2636,14:03:22,4.01,0.0,23,9223,买盘
2637,14:03:25,4.01,0.0,23,9223,买盘
2638,14:03:28,4.01,0.0,82,32862,买盘
2639,14:03:31,4.01,0.0,33,13233,买盘
2640,14:03:34,4.01,0.0,13,5213,买盘
2641,14:03:37,4.01,0.0,349,139604,买盘
2642,14:03:40,4.02,0.01,60,24064,买盘
2643,14:03:46,4.01,-0.01,4,1604,卖盘
2644,14:03:48,4.02,0.01,402,161604,买盘
2645,14:03:52,4.02,0.0,12,4826,买盘
2646,14:03:55,4.02,0.0,4,1608,买盘
2647,14:03:58,4.03,0.01,259,104179,买盘
2648,14:04:00,4.02,-0.01,5,2010,卖盘
2649,14:04:04,4.02,0.0,2,804,买盘
2650,14:04:07,4.02,0.0,1,402,买盘
2651,14:04:10,4.02,0.0,14,5628,买盘
2652,14:04:12,4.02,0.0,57,22914,买盘
2653,14:04:16,4.02,0.0,13,5226,买盘
2654,14:04:18,4.02,0.0,85,34170,买盘
2655,14:04:21,4.02,0.0,6,2412,买盘
2656,14:04:25,4.02,0.0,160,64320,卖盘
2657,14:04:28,4.02,0.0,37,14857,卖盘
2658,14:04:31,4.02,0.0,146,58692,卖盘
2659,14:04:34,4.03,0.01,17,6836,买盘
2660,14:04:43,4.02,-0.01,3,1206,买盘
2661,14:04:45,4.02,0.0,143,57372,买盘
2662,14:04:48,4.02,0.0,9,3618,买盘
2663,14:04:52,4.02,0.0,90,36180,卖盘
2664,14:04:55,4.02,0.0,13,5226,买盘
2665,14:05:01,4.02,0.0,28,11255,买盘
2666,14:05:06,4.02,0.0,7,2814,买盘
2667,14:05:10,4.01,-0.01,18,7218,卖盘
2668,14:05:15,4.01,0.0,45,18080,卖盘
2669,14:05:19,4.02,0.01,270,108490,买盘
2670,14:05:22,4.02,0.0,3,1206,卖盘
2671,14:05:25,4.02,0.0,40,16080,买盘
2672,14:05:28,4.01,-0.01,30,12030,卖盘
2673,14:05:34,4.01,0.0,1,401,卖盘
2674,14:05:40,4.02,0.01,2,804,买盘
2675,14:05:46,4.01,-0.01,4,1604,卖盘
2676,14:05:48,4.02,0.01,254,101958,买盘
2677,14:05:51,4.0,-0.02,25,10000,卖盘
2678,14:05:55,4.02,0.02,2,804,买盘
2679,14:06:01,4.01,-0.01,220,88211,买盘
2680,14:06:10,4.0,-0.01,382,152800,卖盘
2681,14:06:16,4.01,0.01,33,13233,买盘
2682,14:06:18,4.01,0.0,6,2406,买盘
2683,14:06:21,4.0,-0.01,52,20800,卖盘
2684,14:06:25,4.0,0.0,1,400,卖盘
2685,14:06:28,4.01,0.01,10,4010,买盘
2686,14:06:31,4.01,0.0,60,24060,买盘
2687,14:06:34,4.01,0.0,250,100250,卖盘
2688,14:06:37,4.01,0.0,14,5614,卖盘
2689,14:06:40,4.01,0.0,134,53731,卖盘
2690,14:06:43,4.01,0.0,10,4010,卖盘
2691,14:06:45,4.01,0.0,63,25263,卖盘
2692,14:06:55,4.0,-0.01,11,4400,卖盘
2693,14:06:58,4.01,0.01,3,1203,买盘
2694,14:07:01,4.01,0.0,2,802,买盘
2695,14:07:07,4.01,0.0,20,8020,买盘
2696,14:07:10,4.0,-0.01,25,10000,卖盘
2697,14:07:13,4.01,0.01,112,44809,买盘
2698,14:07:19,4.0,-0.01,197,78800,卖盘
2699,14:07:21,4.01,0.01,55,22050,买盘
2700,14:07:25,4.0,-0.01,60,24000,卖盘
2701,14:07:30,4.0,0.0,40,16000,卖盘
2702,14:07:33,4.0,0.0,104,41600,卖盘
2703,14:07:36,4.01,0.01,21,8401,买盘
2704,14:07:40,4.0,-0.01,13,5200,卖盘
2705,14:07:45,3.99,-0.01,10,3990,卖盘
2706,14:07:49,4.0,0.01,785,313989,买盘
2707,14:07:52,3.99,-0.01,1198,478190,卖盘
2708,14:08:01,4.0,0.01,80,32000,卖盘
2709,14:08:07,3.99,-0.01,20,7996,卖盘
2710,14:08:10,3.99,0.0,70,27930,卖盘
2711,14:08:16,3.99,0.0,11,4389,卖盘
2712,14:08:28,3.99,0.0,118,47125,卖盘
2713,14:08:31,3.99,0.0,10,3990,卖盘
2714,14:08:42,3.99,0.0,27,10773,卖盘
2715,14:08:45,4.0,0.01,25,10000,买盘
2716,14:08:49,4.0,0.0,473,189200,买盘
2717,14:08:52,3.99,-0.01,5,1995,卖盘
2718,14:08:55,3.99,0.0,16,6384,卖盘
2719,14:09:04,4.0,0.01,440,176000,买盘
2720,14:09:06,4.0,0.0,20,8000,卖盘
2721,14:09:16,4.01,0.01,52,20840,买盘
2722,14:09:22,4.0,-0.01,15,6000,卖盘
2723,14:09:27,4.01,0.01,226,90608,买盘
2724,14:09:31,4.01,0.0,15,6015,买盘
2725,14:09:33,4.01,0.0,15,6015,买盘
2726,14:09:37,4.01,0.0,348,139548,买盘
2727,14:09:40,4.0,-0.01,21,8415,卖盘
2728,14:09:42,4.01,0.01,21,8421,买盘
2729,14:09:48,4.01,0.0,182,72982,卖盘
2730,14:10:01,4.01,0.0,18,7218,卖盘
2731,14:10:04,4.02,0.01,10,4020,买盘
2732,14:10:07,4.01,-0.01,29,11629,卖盘
2733,14:10:10,4.02,0.01,1,402,买盘
2734,14:10:13,4.02,0.0,43,17286,买盘
2735,14:10:19,4.02,0.0,8,3216,买盘
2736,14:10:28,4.01,-0.01,27,10827,卖盘
2737,14:10:31,4.02,0.01,300,120600,买盘
2738,14:10:36,4.02,0.0,425,170850,买盘
2739,14:10:40,4.02,0.0,15,6030,买盘
2740,14:10:43,4.02,0.0,11,4422,买盘
2741,14:10:46,4.02,0.0,329,132056,买盘
2742,14:10:52,4.02,0.0,100,40200,买盘
2743,14:10:55,4.02,0.0,19,7638,买盘
2744,14:10:58,4.01,-0.01,15,6025,卖盘
2745,14:11:00,4.02,0.01,34,13668,买盘
2746,14:11:04,4.02,0.0,229,92058,买盘
2747,14:11:10,4.02,0.0,50,20100,卖盘
2748,14:11:28,4.02,0.0,19,7638,卖盘
2749,14:11:33,4.03,0.01,182,73216,买盘
2750,14:11:40,4.02,-0.01,61,24522,卖盘
2751,14:11:43,4.02,0.0,41,16482,卖盘
2752,14:11:46,4.02,0.0,135,54270,买盘
2753,14:11:52,4.01,-0.01,3,1203,卖盘
2754,14:11:54,4.02,0.01,19,7638,买盘
2755,14:11:57,4.01,-0.01,16,6416,卖盘
2756,14:12:00,4.02,0.01,1,402,买盘
2757,14:12:04,4.02,0.0,56,22512,买盘
2758,14:12:06,4.01,-0.01,115,46219,卖盘
2759,14:12:13,4.02,0.01,29,11658,买盘
2760,14:12:16,4.02,0.0,138,55476,买盘
2761,14:12:19,4.03,0.01,34,13692,买盘
2762,14:12:22,4.02,-0.01,93,37458,卖盘
2763,14:12:24,4.02,0.0,2,804,卖盘
2764,14:12:27,4.02,0.0,59,23718,卖盘
2765,14:12:31,4.02,0.0,6,2412,买盘
2766,14:12:43,4.03,0.01,1,403,买盘
2767,14:12:48,4.02,-0.01,36,14472,卖盘
2768,14:12:52,4.03,0.01,17,6851,买盘
2769,14:12:58,4.03,0.0,50,20150,买盘
2770,14:13:01,4.03,0.0,126,50778,买盘
2771,14:13:04,4.03,0.0,2,806,买盘
2772,14:13:07,4.03,0.0,60,24180,买盘
2773,14:13:10,4.03,0.0,9,3627,买盘
2774,14:13:13,4.03,0.0,3,1209,买盘
2775,14:13:16,4.02,-0.01,5,2010,卖盘
2776,14:13:19,4.03,0.01,20,8060,买盘
2777,14:13:21,4.03,0.0,67,27001,买盘
2778,14:13:24,4.03,0.0,168,67704,买盘
2779,14:13:27,4.03,0.0,47,18941,卖盘
2780,14:13:36,4.03,0.0,56,22568,买盘
2781,14:13:42,4.02,-0.01,5,2010,卖盘
2782,14:13:48,4.03,0.01,208,83824,买盘
2783,14:13:51,4.03,0.0,100,40300,买盘
2784,14:13:54,4.03,0.0,173,69669,买盘
2785,14:13:58,4.03,0.0,100,40300,买盘
2786,14:14:04,4.03,0.0,10,4030,买盘
2787,14:14:07,4.03,0.0,4,1612,买盘
2788,14:14:10,4.03,0.0,87,35061,买盘
2789,14:14:16,4.03,0.0,70,28210,买盘
2790,14:14:19,4.02,-0.01,291,116988,卖盘
2791,14:14:22,4.02,0.0,70,28140,买盘
2792,14:14:25,4.02,0.0,20,8040,买盘
2793,14:14:28,4.02,0.0,120,48240,买盘
2794,14:14:37,4.01,-0.01,51,20451,卖盘
2795,14:14:49,4.01,0.0,18,7218,卖盘
2796,14:14:54,4.01,0.0,300,120300,卖盘
2797,14:14:57,4.01,0.0,42,16842,卖盘
2798,14:15:01,4.01,0.0,199,79799,卖盘
2799,14:15:07,4.0,-0.01,100,40000,卖盘
2800,14:15:10,4.0,0.0,52,20800,卖盘
2801,14:15:12,4.0,0.0,600,240000,卖盘
2802,14:15:15,4.0,0.0,15,6000,卖盘
2803,14:15:25,3.99,-0.01,313,124887,卖盘
2804,14:15:34,4.0,0.01,5,2000,买盘
2805,14:15:43,3.99,-0.01,500,199500,卖盘
2806,14:15:45,3.99,0.0,101,40299,卖盘
2807,14:15:55,4.0,0.01,338,135145,买盘
2808,14:15:57,3.99,-0.01,60,23943,卖盘
2809,14:16:00,3.99,0.0,38,15162,买盘
2810,14:16:09,3.99,0.0,73,29127,卖盘
2811,14:16:15,3.99,0.0,229,91371,卖盘
2812,14:16:18,3.99,0.0,53,21147,卖盘
2813,14:16:22,3.99,0.0,3,1201,卖盘
2814,14:16:30,3.99,0.0,115,45888,卖盘
2815,14:16:36,3.99,0.0,113,45182,卖盘
2816,14:16:40,4.0,0.01,20,8000,买盘
2817,14:16:46,3.99,-0.01,1,399,卖盘
2818,14:16:49,4.0,0.01,119,47521,买盘
2819,14:16:55,4.0,0.0,12,4800,买盘
2820,14:16:58,3.99,-0.01,97,38730,卖盘
2821,14:17:04,3.99,0.0,151,60378,卖盘
2822,14:17:10,4.0,0.01,25,10000,买盘
2823,14:17:13,4.0,0.0,5,2000,卖盘
2824,14:17:22,4.0,0.0,18,7200,卖盘
2825,14:17:28,4.0,0.0,83,33200,买盘
2826,14:17:36,4.0,0.0,28,11200,卖盘
2827,14:17:40,4.0,0.0,223,89249,卖盘
2828,14:17:43,4.0,0.0,61,24400,卖盘
2829,14:17:46,4.01,0.01,6,2406,买盘
2830,14:17:52,4.0,-0.01,124,49600,卖盘
2831,14:17:55,4.01,0.01,17,6817,买盘
2832,14:17:58,4.01,0.0,38,15238,买盘
2833,14:18:04,4.01,0.0,1,401,卖盘
2834,14:18:07,4.01,0.0,45,18045,卖盘
2835,14:18:10,4.01,0.0,28,11228,卖盘
2836,14:18:19,4.01,0.0,22,8822,买盘
2837,14:18:25,4.01,0.0,160,64160,买盘
2838,14:18:34,4.01,0.0,26,10426,卖盘
2839,14:18:36,4.01,0.0,33,13233,卖盘
2840,14:18:40,4.02,0.01,5,2010,买盘
2841,14:18:43,4.01,-0.01,16,6416,卖盘
2842,14:18:46,4.01,0.0,119,47719,卖盘
2843,14:18:52,4.01,0.0,23,9241,卖盘
2844,14:18:57,4.02,0.01,1,402,买盘
