,time,price,change,volume,amount,type
0,09:25:04,4.39,0.13,3029,1329731,买盘
1,09:30:04,4.42,0.03,265,116700,买盘
2,09:30:07,4.44,0.02,1750,776318,买盘
3,09:30:10,4.44,0.0,1060,470630,买盘
4,09:30:13,4.43,-0.01,814,360912,卖盘
5,09:30:16,4.43,0.0,1042,462157,卖盘
6,09:30:19,4.44,0.01,48,21309,买盘
7,09:30:22,4.45,0.01,327,145823,买盘
8,09:30:25,4.44,-0.01,132,58683,卖盘
9,09:30:28,4.44,0.0,61,27439,卖盘
10,09:30:31,4.45,0.01,561,249337,买盘
11,09:30:34,4.45,0.0,63,28001,买盘
12,09:30:37,4.44,-0.01,571,253656,中性盘
13,09:30:40,4.45,0.01,325,144555,买盘
14,09:30:43,4.44,-0.01,419,186155,卖盘
15,09:30:46,4.44,0.0,161,71547,卖盘
16,09:30:49,4.44,0.0,60,26640,买盘
17,09:30:52,4.44,0.0,144,63901,买盘
18,09:30:55,4.4,-0.04,3399,1500186,卖盘
19,09:30:58,4.43,0.03,345,152717,中性盘
20,09:31:01,4.4,-0.03,8,3520,卖盘
21,09:31:04,4.43,0.03,162,71766,买盘
22,09:31:07,4.43,0.0,5,2215,买盘
23,09:31:10,4.43,0.0,154,68143,买盘
24,09:31:13,4.43,0.0,85,37655,买盘
25,09:31:19,4.41,-0.02,95,41901,卖盘
26,09:31:22,4.42,0.01,22,9724,买盘
27,09:31:25,4.42,0.0,87,38424,买盘
28,09:31:28,4.42,0.0,22,9724,买盘
29,09:31:31,4.41,-0.01,17,7497,卖盘
30,09:31:37,4.41,0.0,155,68475,卖盘
31,09:31:40,4.41,0.0,549,242109,卖盘
32,09:31:43,4.41,0.0,139,61299,买盘
33,09:31:46,4.41,0.0,271,119511,买盘
34,09:31:49,4.41,0.0,1707,751162,买盘
35,09:31:52,4.41,0.0,15,6615,买盘
36,09:31:55,4.4,-0.01,267,117480,卖盘
37,09:31:58,4.41,0.01,30,13225,买盘
38,09:32:01,4.4,-0.01,408,179520,卖盘
39,09:32:04,4.42,0.02,1048,461343,买盘
40,09:32:07,4.4,-0.02,10,4400,中性盘
41,09:32:10,4.4,0.0,302,132880,买盘
42,09:32:13,4.39,-0.01,85,37391,卖盘
43,09:32:16,4.4,0.01,143,62920,买盘
44,09:32:19,4.4,0.0,192,84480,买盘
45,09:32:22,4.39,-0.01,31,13625,卖盘
46,09:32:25,4.39,0.0,66,28998,卖盘
47,09:32:28,4.4,0.01,339,148879,买盘
48,09:32:31,4.39,-0.01,123,53997,卖盘
49,09:32:34,4.39,0.0,838,368136,卖盘
50,09:32:40,4.39,0.0,25,10975,买盘
51,09:32:43,4.39,0.0,25,10975,买盘
52,09:32:46,4.38,-0.01,5,2190,卖盘
53,09:32:49,4.38,0.0,119,52148,卖盘
54,09:32:52,4.39,0.01,82,35926,买盘
55,09:32:55,4.38,-0.01,200,87600,卖盘
56,09:32:58,4.38,0.0,153,67014,卖盘
57,09:33:01,4.38,0.0,130,56940,卖盘
58,09:33:04,4.38,0.0,97,42486,买盘
59,09:33:07,4.38,0.0,33,14454,买盘
60,09:33:13,4.37,-0.01,21,9190,卖盘
61,09:33:16,4.37,0.0,1012,443236,卖盘
62,09:33:19,4.37,0.0,100,43700,卖盘
63,09:33:22,4.37,0.0,129,56379,卖盘
64,09:33:25,4.38,0.01,181,79231,买盘
65,09:33:28,4.38,0.0,25,10950,买盘
66,09:33:31,4.38,0.0,484,211992,卖盘
67,09:33:37,4.38,0.0,610,267196,卖盘
68,09:33:40,4.39,0.01,120,52666,买盘
69,09:33:43,4.38,-0.01,13,5694,中性盘
70,09:33:46,4.38,0.0,80,35085,卖盘
71,09:33:49,4.39,0.01,195,85597,买盘
72,09:33:52,4.38,-0.01,40,17520,卖盘
73,09:33:54,4.38,0.0,214,93746,卖盘
74,09:33:57,4.39,0.01,162,71118,买盘
75,09:34:01,4.38,-0.01,357,156366,卖盘
76,09:34:04,4.38,0.0,10,4380,买盘
77,09:34:07,4.38,0.0,201,88038,买盘
78,09:34:10,4.38,0.0,91,39858,买盘
79,09:34:13,4.37,-0.01,35,15318,卖盘
80,09:34:16,4.37,0.0,513,224194,卖盘
81,09:34:19,4.38,0.01,100,43800,买盘
82,09:34:22,4.38,0.0,88,38524,买盘
83,09:34:25,4.37,-0.01,110,48070,卖盘
84,09:34:28,4.37,0.0,206,90169,卖盘
85,09:34:31,4.38,0.01,324,141737,买盘
86,09:34:34,4.38,0.0,143,62634,买盘
87,09:34:37,4.37,-0.01,70,30620,卖盘
88,09:34:40,4.38,0.01,50,21900,买盘
89,09:34:42,4.37,-0.01,65,28430,卖盘
90,09:34:46,4.37,0.0,206,90022,卖盘
91,09:34:48,4.37,0.0,42,18354,买盘
92,09:34:52,4.37,0.0,33,14421,买盘
93,09:34:55,4.37,0.0,10,4370,买盘
94,09:34:58,4.37,0.0,314,137218,买盘
95,09:35:01,4.38,0.01,21,9198,买盘
96,09:35:04,4.37,-0.01,500,218500,卖盘
97,09:35:10,4.37,0.0,103,45011,卖盘
98,09:35:13,4.37,0.0,20,8740,卖盘
99,09:35:16,4.38,0.01,16,7008,买盘
100,09:35:19,4.38,0.0,21,9198,买盘
101,09:35:22,4.38,0.0,20,8760,卖盘
102,09:35:34,4.38,0.0,10,4380,卖盘
103,09:35:40,4.39,0.01,67,29379,买盘
104,09:35:43,4.38,-0.01,293,128420,卖盘
105,09:35:46,4.39,0.01,64,28096,买盘
106,09:35:48,4.38,-0.01,48,21024,卖盘
107,09:35:51,4.38,0.0,86,37668,卖盘
108,09:35:55,4.38,0.0,51,22338,卖盘
109,09:35:58,4.38,0.0,30,13140,买盘
110,09:36:01,4.38,0.0,72,31536,买盘
111,09:36:10,4.38,0.0,797,348586,买盘
112,09:36:13,4.37,-0.01,7,3059,卖盘
113,09:36:16,4.37,0.0,128,56007,卖盘
114,09:36:19,4.38,0.01,9,3942,买盘
115,09:36:22,4.38,0.0,10,4380,买盘
116,09:36:28,4.37,-0.01,49,21413,卖盘
117,09:36:31,4.37,0.0,409,178733,卖盘
118,09:36:34,4.37,0.0,141,61617,买盘
119,09:36:37,4.38,0.01,132,57816,买盘
120,09:36:40,4.37,-0.01,10,4370,卖盘
121,09:36:42,4.38,0.01,73,31913,买盘
122,09:36:46,4.37,-0.01,8,3496,卖盘
123,09:36:55,4.38,0.01,22,9636,买盘
124,09:36:58,4.37,-0.01,65,28405,卖盘
125,09:37:04,4.37,0.0,29,12673,卖盘
126,09:37:07,4.38,0.01,300,131400,买盘
127,09:37:13,4.37,-0.01,7,3059,卖盘
128,09:37:16,4.38,0.01,120,52560,买盘
129,09:37:19,4.38,0.0,263,115194,买盘
130,09:37:22,4.38,0.0,43,18825,买盘
131,09:37:25,4.38,0.0,15,6570,买盘
132,09:37:31,4.38,0.0,15,6570,买盘
133,09:37:34,4.37,-0.01,761,332638,卖盘
134,09:37:40,4.38,0.01,107,46866,买盘
135,09:37:46,4.37,-0.01,16,6995,卖盘
136,09:37:48,4.38,0.01,80,35040,买盘
137,09:37:52,4.38,0.0,20,8760,买盘
138,09:37:58,4.37,-0.01,24,10502,卖盘
139,09:38:01,4.37,0.0,220,96160,卖盘
140,09:38:07,4.37,0.0,176,76912,卖盘
141,09:38:09,4.37,0.0,50,21850,买盘
142,09:38:16,4.37,0.0,254,110998,买盘
143,09:38:25,4.37,0.0,28,12247,卖盘
144,09:38:37,4.37,0.0,179,78223,卖盘
145,09:38:40,4.37,0.0,65,28405,卖盘
146,09:38:45,4.37,0.0,16,6992,卖盘
147,09:38:52,4.37,0.0,45,19665,卖盘
148,09:38:55,4.37,0.0,100,43700,卖盘
149,09:39:01,4.37,0.0,256,111872,卖盘
150,09:39:03,4.37,0.0,30,13110,卖盘
151,09:39:07,4.38,0.01,50,21900,买盘
152,09:39:10,4.37,-0.01,9,3933,卖盘
153,09:39:13,4.37,0.0,32,13992,卖盘
154,09:39:28,4.38,0.01,12,5256,买盘
155,09:39:39,4.38,0.0,11,4818,买盘
156,09:39:42,4.38,0.0,147,64386,买盘
157,09:39:49,4.38,0.0,271,118698,买盘
158,09:39:55,4.39,0.01,200,87713,买盘
159,09:39:58,4.38,-0.01,19,8322,卖盘
160,09:40:04,4.39,0.01,245,107555,买盘
161,09:40:07,4.39,0.0,85,37315,买盘
162,09:40:10,4.39,0.0,8,3512,买盘
163,09:40:12,4.39,0.0,142,62338,买盘
164,09:40:16,4.39,0.0,680,298520,买盘
165,09:40:19,4.39,0.0,10,4390,卖盘
166,09:40:22,4.39,0.0,14,6146,卖盘
167,09:40:25,4.39,0.0,223,97913,卖盘
168,09:40:28,4.4,0.01,58,25520,买盘
169,09:40:31,4.4,0.0,15,6600,买盘
170,09:40:37,4.4,0.0,60,26400,买盘
171,09:40:40,4.4,0.0,41,18040,买盘
172,09:40:43,4.39,-0.01,406,178244,卖盘
173,09:40:46,4.4,0.01,182,80072,买盘
174,09:40:48,4.39,-0.01,20,8780,卖盘
175,09:40:55,4.4,0.01,70,30791,买盘
176,09:40:58,4.39,-0.01,61,26832,卖盘
177,09:41:01,4.39,0.0,32,14048,卖盘
178,09:41:04,4.4,0.01,34,14960,买盘
179,09:41:07,4.4,0.0,32,14050,买盘
180,09:41:10,4.4,0.0,9,3960,买盘
181,09:41:13,4.39,-0.01,3,1317,卖盘
182,09:41:15,4.4,0.01,193,84789,买盘
183,09:41:19,4.4,0.0,44,19360,买盘
184,09:41:22,4.39,-0.01,714,313454,卖盘
185,09:41:27,4.39,0.0,18,7902,买盘
186,09:41:31,4.39,0.0,151,66139,买盘
187,09:41:37,4.39,0.0,9,3951,买盘
188,09:41:40,4.39,0.0,52,22828,买盘
189,09:41:43,4.38,-0.01,5,2190,卖盘
190,09:41:46,4.38,0.0,197,86313,卖盘
191,09:41:52,4.38,0.0,37,16206,卖盘
192,09:41:55,4.38,0.0,43,18857,卖盘
193,09:42:10,4.38,0.0,1,438,卖盘
194,09:42:13,4.38,0.0,15,6580,卖盘
195,09:42:19,4.38,0.0,402,176249,卖盘
196,09:42:22,4.38,0.0,23,10087,卖盘
197,09:42:28,4.38,0.0,32,14036,卖盘
198,09:42:34,4.38,0.0,28,12264,卖盘
199,09:42:37,4.38,0.0,10,4380,卖盘
200,09:42:43,4.38,0.0,18,7895,卖盘
201,09:42:46,4.38,0.0,611,267618,卖盘
202,09:43:01,4.38,0.0,10,4380,买盘
203,09:43:06,4.38,0.0,70,30660,买盘
204,09:43:13,4.37,-0.01,55,24055,卖盘
205,09:43:16,4.37,0.0,74,32338,卖盘
206,09:43:19,4.37,0.0,45,19665,卖盘
207,09:43:24,4.37,0.0,386,168682,卖盘
208,09:43:28,4.37,0.0,120,52440,卖盘
209,09:43:31,4.37,0.0,8,3496,卖盘
210,09:43:34,4.37,0.0,100,43700,卖盘
211,09:43:37,4.37,0.0,86,37582,卖盘
212,09:43:39,4.37,0.0,69,30153,卖盘
213,09:43:43,4.37,0.0,144,62933,卖盘
214,09:43:46,4.37,0.0,159,69483,卖盘
215,09:43:49,4.37,0.0,18,7866,卖盘
216,09:43:54,4.37,0.0,30,13110,买盘
217,09:44:04,4.37,0.0,15,6545,买盘
218,09:44:06,4.36,-0.01,18,7848,卖盘
219,09:44:10,4.37,0.01,6,2622,买盘
220,09:44:13,4.36,-0.01,30,13080,卖盘
221,09:44:21,4.36,0.0,80,34880,卖盘
222,09:44:25,4.36,0.0,90,39240,卖盘
223,09:44:28,4.36,0.0,15,6540,卖盘
224,09:44:31,4.36,0.0,80,34880,卖盘
225,09:44:34,4.37,0.01,70,30590,买盘
226,09:44:37,4.36,-0.01,170,74120,卖盘
227,09:44:40,4.36,0.0,180,78540,卖盘
228,09:44:55,4.36,0.0,100,43600,卖盘
229,09:44:58,4.36,0.0,30,13080,卖盘
230,09:45:00,4.36,0.0,81,35316,卖盘
231,09:45:04,4.36,0.0,10,4360,卖盘
232,09:45:10,4.36,0.0,1,436,卖盘
233,09:45:13,4.36,0.0,17,7422,卖盘
234,09:45:16,4.36,0.0,40,17440,卖盘
235,09:45:19,4.37,0.01,8,3496,买盘
236,09:45:22,4.36,-0.01,7,3052,卖盘
237,09:45:27,4.36,0.0,220,95920,卖盘
238,09:45:31,4.36,0.0,5,2180,卖盘
239,09:45:34,4.36,0.0,36,15706,卖盘
240,09:45:37,4.36,0.0,535,233340,卖盘
241,09:45:40,4.35,-0.01,255,110960,卖盘
242,09:45:43,4.35,0.0,1145,498075,卖盘
243,09:45:48,4.34,-0.01,697,302830,卖盘
244,09:45:52,4.36,0.02,479,208816,买盘
245,09:45:55,4.35,-0.01,50,21780,卖盘
246,09:45:57,4.35,0.0,35,15225,买盘
247,09:46:06,4.35,0.0,137,59595,买盘
248,09:46:10,4.35,0.0,48,20880,买盘
249,09:46:13,4.34,-0.01,49,21285,卖盘
250,09:46:16,4.35,0.01,1,435,买盘
251,09:46:18,4.34,-0.01,50,21700,卖盘
252,09:46:22,4.35,0.01,2,870,买盘
253,09:46:28,4.34,-0.01,20,8680,卖盘
254,09:46:34,4.34,0.0,13,5642,卖盘
255,09:46:37,4.34,0.0,601,260834,卖盘
256,09:46:40,4.35,0.01,111,48242,买盘
257,09:46:43,4.34,-0.01,5,2170,卖盘
258,09:46:46,4.33,-0.01,749,324537,卖盘
259,09:46:55,4.34,0.01,50,21700,卖盘
260,09:46:58,4.35,0.01,20,8700,买盘
261,09:47:01,4.34,-0.01,33,14322,卖盘
262,09:47:04,4.35,0.01,50,21750,买盘
263,09:47:12,4.34,-0.01,60,26095,卖盘
264,09:47:19,4.35,0.01,12,5220,买盘
265,09:47:21,4.35,0.0,12,5220,买盘
266,09:47:25,4.35,0.0,587,255345,买盘
267,09:47:28,4.35,0.0,158,68730,买盘
268,09:47:31,4.34,-0.01,401,174203,卖盘
269,09:47:34,4.35,0.01,104,45240,买盘
270,09:47:37,4.35,0.0,120,52200,买盘
271,09:47:40,4.34,-0.01,3,1302,卖盘
272,09:47:42,4.35,0.01,124,53940,买盘
273,09:47:58,4.36,0.01,1,436,买盘
274,09:48:01,4.36,0.0,2,872,买盘
275,09:48:04,4.36,0.0,27,11772,买盘
276,09:48:13,4.36,0.0,60,26160,买盘
277,09:48:19,4.36,0.0,123,53628,买盘
278,09:48:28,4.36,0.0,10,4360,卖盘
279,09:48:43,4.36,0.0,5,2180,卖盘
280,09:48:52,4.37,0.01,24,10488,买盘
281,09:49:04,4.37,0.0,49,21413,买盘
282,09:49:07,4.37,0.0,35,15295,买盘
283,09:49:13,4.37,0.0,31,13547,买盘
284,09:49:19,4.36,-0.01,200,87200,卖盘
285,09:49:22,4.37,0.01,3,1311,买盘
286,09:49:25,4.37,0.0,9,3933,买盘
287,09:49:30,4.36,-0.01,100,43600,卖盘
288,09:49:33,4.37,0.01,10,4370,买盘
289,09:49:36,4.36,-0.01,10,4360,卖盘
290,09:49:43,4.36,0.0,4,1744,卖盘
291,09:49:46,4.37,0.01,3,1311,买盘
292,09:49:48,4.37,0.0,4,1748,买盘
293,09:49:52,4.36,-0.01,59,25733,卖盘
294,09:50:01,4.36,0.0,195,85020,卖盘
295,09:50:06,4.37,0.01,2,874,买盘
296,09:50:10,4.37,0.0,15,6544,买盘
297,09:50:12,4.36,-0.01,4,1744,卖盘
298,09:50:25,4.37,0.01,1,437,买盘
299,09:50:31,4.36,-0.01,95,41420,卖盘
300,09:50:43,4.36,0.0,4,1744,卖盘
301,09:50:49,4.36,0.0,50,21800,卖盘
302,09:50:55,4.36,0.0,41,17876,卖盘
303,09:51:00,4.36,0.0,330,143880,卖盘
304,09:51:07,4.36,0.0,2,872,买盘
305,09:51:16,4.36,0.0,38,16568,买盘
306,09:51:18,4.36,0.0,10,4360,买盘
307,09:51:25,4.36,0.0,1,436,买盘
308,09:51:31,4.36,0.0,28,12208,买盘
309,09:51:37,4.35,-0.01,1,435,卖盘
310,09:51:55,4.36,0.01,4,1744,买盘
311,09:52:06,4.35,-0.01,984,428040,卖盘
312,09:52:13,4.34,-0.01,499,217054,卖盘
313,09:52:16,4.35,0.01,12,5220,买盘
314,09:52:19,4.35,0.0,20,8700,买盘
315,09:52:25,4.35,0.0,261,113535,买盘
316,09:52:49,4.35,0.0,48,20889,卖盘
317,09:52:58,4.35,0.0,17,7402,卖盘
318,09:53:01,4.35,0.0,494,214890,卖盘
319,09:53:04,4.35,0.0,16,6960,买盘
320,09:53:18,4.35,0.0,2,870,卖盘
321,09:53:46,4.36,0.01,244,106384,买盘
322,09:53:58,4.35,-0.01,20,8700,卖盘
323,09:54:06,4.35,0.0,50,21750,卖盘
324,09:54:43,4.35,0.0,200,87000,卖盘
325,09:54:55,4.35,0.0,50,21750,卖盘
326,09:55:00,4.35,0.0,177,76995,卖盘
327,09:55:13,4.35,0.0,13,5655,买盘
328,09:55:16,4.35,0.0,119,51765,买盘
329,09:55:21,4.35,0.0,1,435,卖盘
330,09:55:34,4.35,0.0,10,4350,卖盘
331,09:55:49,4.35,0.0,24,10440,卖盘
332,09:55:55,4.35,0.0,300,130500,卖盘
333,09:55:57,4.35,0.0,10,4350,卖盘
334,09:56:05,4.35,0.0,50,21750,卖盘
335,09:56:07,4.35,0.0,91,39585,卖盘
336,09:56:12,4.35,0.0,2,870,买盘
337,09:56:16,4.35,0.0,80,34800,买盘
338,09:56:19,4.35,0.0,220,95700,买盘
339,09:56:24,4.35,0.0,316,137460,买盘
340,09:56:28,4.35,0.0,202,87872,卖盘
341,09:56:31,4.35,0.0,7,3045,卖盘
342,09:56:37,4.35,0.0,5,2175,卖盘
343,09:56:42,4.35,0.0,33,14377,卖盘
344,09:57:00,4.35,0.0,20,8700,卖盘
345,09:57:16,4.36,0.01,260,113360,买盘
346,09:57:22,4.35,-0.01,666,289743,卖盘
347,09:57:28,4.36,0.01,4,1744,买盘
348,09:57:31,4.36,0.0,4,1744,买盘
349,09:57:34,4.36,0.0,110,47950,买盘
350,09:57:37,4.36,0.0,7,3052,买盘
351,09:57:52,4.36,0.0,10,4360,买盘
352,09:57:54,4.36,0.0,12,5232,买盘
353,09:57:58,4.36,0.0,109,47524,买盘
354,09:58:10,4.36,0.0,305,132980,买盘
355,09:58:21,4.36,0.0,605,263780,卖盘
356,09:58:25,4.36,0.0,100,43600,买盘
357,09:58:28,4.36,0.0,145,63220,买盘
358,09:58:31,4.36,0.0,170,74120,卖盘
359,09:58:37,4.36,0.0,13,5668,卖盘
360,09:58:43,4.36,0.0,305,133280,卖盘
361,09:58:51,4.37,0.01,20,8740,买盘
362,09:59:01,4.37,0.0,100,43700,买盘
363,09:59:04,4.37,0.0,17,7429,买盘
364,09:59:13,4.36,-0.01,5,2180,卖盘
365,09:59:40,4.37,0.01,253,110561,买盘
366,09:59:43,4.36,-0.01,4,1744,卖盘
367,09:59:49,4.36,0.0,61,26596,卖盘
368,10:00:13,4.36,0.0,54,23544,卖盘
369,10:00:34,4.36,0.0,38,16568,卖盘
370,10:00:39,4.36,0.0,23,10031,卖盘
371,10:00:43,4.36,0.0,304,132544,卖盘
372,10:00:49,4.36,0.0,8,3488,卖盘
373,10:00:52,4.36,0.0,638,278168,卖盘
374,10:00:55,4.36,0.0,2,872,买盘
375,10:01:01,4.36,0.0,29,12644,买盘
376,10:01:13,4.35,-0.01,3,1305,卖盘
377,10:01:34,4.35,0.0,10,4350,卖盘
378,10:01:43,4.35,0.0,3,1305,卖盘
379,10:01:46,4.35,0.0,2,870,卖盘
380,10:01:49,4.35,0.0,652,283620,卖盘
381,10:01:57,4.35,0.0,20,8700,卖盘
382,10:02:13,4.35,0.0,3,1305,卖盘
383,10:02:37,4.35,0.0,65,28275,卖盘
384,10:02:43,4.35,0.0,4,1740,卖盘
385,10:02:45,4.35,0.0,65,28275,卖盘
386,10:03:04,4.35,0.0,30,13050,卖盘
387,10:03:13,4.35,0.0,4,1740,卖盘
388,10:03:16,4.35,0.0,184,80040,卖盘
389,10:03:25,4.35,0.0,35,15225,卖盘
390,10:03:27,4.35,0.0,28,12180,买盘
391,10:03:43,4.35,0.0,3,1305,卖盘
392,10:03:46,4.35,0.0,2,870,卖盘
393,10:04:13,4.35,0.0,2,870,卖盘
394,10:04:42,4.35,0.0,3,1305,卖盘
395,10:04:46,4.35,0.0,3,1305,卖盘
396,10:04:48,4.36,0.01,49,21364,买盘
397,10:05:13,4.35,-0.01,8,3485,卖盘
398,10:05:19,4.35,0.0,20,8700,卖盘
399,10:05:37,4.35,0.0,34,14790,卖盘
400,10:05:40,4.35,0.0,6,2610,卖盘
401,10:05:43,4.35,0.0,4,1740,卖盘
402,10:05:54,4.36,0.01,197,85892,买盘
403,10:05:58,4.35,-0.01,660,287100,卖盘
404,10:06:13,4.35,0.0,3,1305,卖盘
405,10:06:18,4.36,0.01,200,87200,买盘
406,10:06:28,4.35,-0.01,12,5220,卖盘
407,10:06:42,4.35,0.0,2,870,卖盘
408,10:06:49,4.35,0.0,4,1740,卖盘
409,10:06:52,4.36,0.01,39,17004,买盘
410,10:06:58,4.35,-0.01,20,8700,卖盘
411,10:07:00,4.35,0.0,15,6525,卖盘
412,10:07:13,4.35,0.0,2,870,卖盘
413,10:07:22,4.36,0.01,150,65400,买盘
414,10:07:31,4.36,0.0,188,81968,买盘
415,10:07:43,4.35,-0.01,3,1305,卖盘
416,10:07:52,4.35,0.0,200,87000,卖盘
417,10:08:12,4.35,0.0,2,870,卖盘
418,10:08:25,4.36,0.01,3,1308,买盘
419,10:08:28,4.36,0.0,120,52320,买盘
420,10:08:43,4.35,-0.01,3,1305,卖盘
421,10:08:58,4.35,0.0,20,8700,卖盘
422,10:09:13,4.35,0.0,2,870,卖盘
423,10:09:43,4.35,0.0,3,1305,卖盘
424,10:09:54,4.36,0.01,8,3488,买盘
425,10:10:13,4.35,-0.01,2,870,卖盘
426,10:10:19,4.36,0.01,13,5668,买盘
427,10:10:30,4.35,-0.01,4,1740,卖盘
428,10:10:37,4.36,0.01,109,47524,买盘
429,10:10:40,4.35,-0.01,45,19575,卖盘
430,10:10:43,4.35,0.0,2,870,卖盘
431,10:10:46,4.36,0.01,22,9592,买盘
432,10:10:55,4.36,0.0,119,51884,买盘
433,10:11:01,4.36,0.0,48,20928,买盘
434,10:11:04,4.36,0.0,9,3924,买盘
435,10:11:07,4.35,-0.01,271,117896,卖盘
436,10:11:10,4.36,0.01,31,13516,买盘
437,10:11:13,4.36,0.0,203,88508,买盘
438,10:11:37,4.37,0.01,17,7429,买盘
439,10:11:49,4.37,0.0,20,8740,买盘
440,10:11:58,4.37,0.0,5,2185,买盘
441,10:12:04,4.37,0.0,459,200583,买盘
442,10:12:10,4.37,0.0,1,437,卖盘
443,10:12:18,4.37,0.0,20,8740,卖盘
444,10:12:40,4.38,0.01,9,3942,买盘
445,10:13:04,4.38,0.0,1,438,买盘
446,10:13:19,4.38,0.0,4,1752,买盘
447,10:13:28,4.37,-0.01,235,102695,卖盘
448,10:13:42,4.36,-0.01,13,5675,卖盘
449,10:13:58,4.36,0.0,1,436,卖盘
450,10:14:13,4.36,0.0,5,2180,卖盘
451,10:14:25,4.36,0.0,2,872,卖盘
452,10:14:43,4.36,0.0,3,1308,卖盘
453,10:14:46,4.37,0.01,16,6992,买盘
454,10:14:58,4.36,-0.01,139,60604,卖盘
455,10:15:06,4.36,0.0,20,8720,卖盘
456,10:15:13,4.36,0.0,63,27468,卖盘
457,10:15:16,4.36,0.0,21,9156,卖盘
458,10:15:49,4.36,0.0,5,2180,买盘
459,10:15:52,4.36,0.0,5,2180,买盘
460,10:16:55,4.35,-0.01,1,435,卖盘
461,10:18:18,4.35,0.0,13,5655,卖盘
462,10:18:28,4.36,0.01,17,7412,买盘
463,10:19:22,4.36,0.0,4,1744,买盘
464,10:19:43,4.35,-0.01,13,5655,卖盘
465,10:19:48,4.36,0.01,235,102460,买盘
466,10:20:01,4.35,-0.01,21,9151,卖盘
467,10:20:06,4.36,0.01,183,79788,买盘
468,10:20:25,4.36,0.0,248,108128,买盘
469,10:20:40,4.36,0.0,5,2180,买盘
470,10:20:42,4.36,0.0,9,3924,买盘
471,10:20:46,4.36,0.0,13,5668,买盘
472,10:20:49,4.35,-0.01,45,19575,卖盘
473,10:20:52,4.36,0.01,75,32700,买盘
474,10:21:07,4.36,0.0,178,77608,买盘
475,10:21:19,4.36,0.0,119,51884,买盘
476,10:21:37,4.36,0.0,10,4360,卖盘
477,10:21:54,4.36,0.0,111,48396,卖盘
478,10:22:10,4.36,0.0,10,4360,买盘
479,10:22:22,4.35,-0.01,10,4350,卖盘
480,10:22:24,4.36,0.01,10,4360,买盘
481,10:22:31,4.36,0.0,21,9156,买盘
482,10:22:46,4.36,0.0,23,10028,买盘
483,10:23:15,4.35,-0.01,783,340605,卖盘
484,10:23:40,4.35,0.0,358,155730,卖盘
485,10:23:48,4.35,0.0,502,218370,卖盘
486,10:24:16,4.34,-0.01,1000,434000,卖盘
487,10:24:19,4.35,0.01,15,6525,买盘
488,10:24:31,4.35,0.0,7,3045,买盘
489,10:24:48,4.34,-0.01,110,47740,卖盘
490,10:24:58,4.34,0.0,282,122388,卖盘
491,10:25:04,4.34,0.0,16,6944,买盘
492,10:25:22,4.34,0.0,20,8680,买盘
493,10:25:43,4.34,0.0,20,8680,买盘
494,10:25:49,4.34,0.0,200,86800,买盘
495,10:25:51,4.34,0.0,10,4340,买盘
496,10:26:04,4.34,0.0,62,26908,买盘
497,10:26:22,4.35,0.01,47,20445,买盘
498,10:26:36,4.34,-0.01,100,43400,卖盘
499,10:26:43,4.34,0.0,2,868,卖盘
500,10:27:06,4.35,0.01,11,4785,买盘
501,10:27:13,4.34,-0.01,1,434,卖盘
502,10:27:43,4.34,0.0,2,868,卖盘
503,10:28:01,4.35,0.01,2,870,买盘
504,10:28:13,4.35,0.0,4,1738,买盘
505,10:28:42,4.34,-0.01,3,1302,卖盘
506,10:28:54,4.34,0.0,10,4340,卖盘
507,10:29:13,4.34,0.0,2,868,卖盘
508,10:29:43,4.34,0.0,2,868,卖盘
509,10:29:52,4.35,0.01,1,435,买盘
510,10:30:13,4.34,-0.01,2,868,卖盘
511,10:30:18,4.35,0.01,22,9570,买盘
512,10:30:43,4.34,-0.01,2,868,卖盘
513,10:31:28,4.35,0.01,35,15225,买盘
514,10:32:06,4.35,0.0,3,1305,买盘
515,10:32:10,4.35,0.0,4,1740,买盘
516,10:32:25,4.35,0.0,16,6960,买盘
517,10:32:57,4.35,0.0,3,1305,买盘
518,10:33:07,4.35,0.0,31,13485,买盘
519,10:34:09,4.35,0.0,20,8700,买盘
520,10:35:04,4.34,-0.01,40,17360,卖盘
521,10:35:37,4.34,0.0,9,3906,卖盘
522,10:35:43,4.34,0.0,55,23870,卖盘
523,10:36:01,4.34,0.0,43,18662,卖盘
524,10:36:12,4.34,0.0,2,868,卖盘
525,10:36:22,4.35,0.01,2,870,买盘
526,10:36:28,4.34,-0.01,30,13020,卖盘
527,10:36:42,4.35,0.01,203,88105,买盘
528,10:36:52,4.35,0.0,50,21750,买盘
529,10:37:06,4.34,-0.01,5,2170,卖盘
530,10:37:31,4.35,0.01,34,14790,买盘
531,10:37:40,4.35,0.0,22,9570,买盘
532,10:37:42,4.34,-0.01,18,7812,卖盘
533,10:37:55,4.35,0.01,651,283185,买盘
534,10:38:27,4.36,0.01,8,3488,买盘
535,10:38:34,4.35,-0.01,25,10875,卖盘
536,10:39:04,4.36,0.01,100,43600,买盘
537,10:39:34,4.35,-0.01,200,87000,卖盘
538,10:39:49,4.36,0.01,20,8720,买盘
539,10:39:55,4.35,-0.01,8,3480,卖盘
540,10:41:07,4.36,0.01,2,872,买盘
541,10:42:37,4.36,0.0,100,43600,买盘
542,10:42:42,4.36,0.0,552,240672,买盘
543,10:43:16,4.36,0.0,434,189224,买盘
544,10:43:22,4.36,0.0,44,19184,卖盘
545,10:43:28,4.36,0.0,19,8284,卖盘
546,10:43:31,4.36,0.0,8,3488,卖盘
547,10:43:34,4.36,0.0,3,1308,卖盘
548,10:43:37,4.36,0.0,1,436,卖盘
549,10:43:40,4.37,0.01,30,13110,买盘
550,10:43:43,4.36,-0.01,1,436,卖盘
551,10:44:01,4.36,0.0,30,13080,卖盘
552,10:44:04,4.36,0.0,26,11336,卖盘
553,10:44:10,4.36,0.0,5,2180,买盘
554,10:44:12,4.36,0.0,90,39240,买盘
555,10:44:28,4.36,0.0,162,70632,买盘
556,10:44:34,4.36,0.0,70,30520,卖盘
557,10:44:37,4.36,0.0,123,53628,卖盘
558,10:44:40,4.36,0.0,1,436,买盘
559,10:45:31,4.35,-0.01,10,4350,卖盘
560,10:45:43,4.35,0.0,4,1740,卖盘
561,10:45:46,4.35,0.0,3,1305,卖盘
562,10:46:06,4.35,0.0,306,133110,卖盘
563,10:46:09,4.35,0.0,53,23055,卖盘
564,10:46:13,4.35,0.0,3,1305,卖盘
565,10:46:22,4.35,0.0,15,6525,卖盘
566,10:46:25,4.35,0.0,200,87000,卖盘
567,10:46:28,4.35,0.0,100,43500,卖盘
568,10:46:31,4.35,0.0,243,105705,卖盘
569,10:46:34,4.35,0.0,4,1740,买盘
570,10:46:57,4.35,0.0,20,8700,买盘
571,10:48:04,4.34,-0.01,24,10416,卖盘
572,10:48:42,4.34,0.0,16,6954,卖盘
573,10:49:10,4.34,0.0,8,3472,卖盘
574,10:49:13,4.34,0.0,5,2170,卖盘
575,10:49:19,4.34,0.0,408,177072,卖盘
576,10:49:43,4.34,0.0,2,868,卖盘
577,10:49:55,4.34,0.0,59,25606,卖盘
578,10:50:13,4.33,-0.01,1,433,卖盘
579,10:50:16,4.33,0.0,931,403123,卖盘
580,10:50:34,4.33,0.0,4,1732,买盘
581,10:50:55,4.33,0.0,6,2598,买盘
582,10:51:07,4.33,0.0,1,433,买盘
583,10:51:22,4.33,0.0,60,25980,买盘
584,10:52:13,4.34,0.01,20,8670,买盘
585,10:52:31,4.33,-0.01,15,6495,卖盘
586,10:52:40,4.33,0.0,20,8660,卖盘
587,10:52:58,4.33,0.0,54,23382,卖盘
588,10:53:07,4.33,0.0,10,4330,卖盘
589,10:53:33,4.33,0.0,50,21650,卖盘
590,10:54:46,4.33,0.0,200,86600,卖盘
591,10:54:54,4.33,0.0,100,43300,卖盘
592,10:55:01,4.33,0.0,258,111714,卖盘
593,10:55:27,4.33,0.0,50,21650,卖盘
594,10:55:34,4.33,0.0,34,14722,卖盘
595,10:56:07,4.33,0.0,62,26846,买盘
596,10:56:12,4.33,0.0,9,3897,买盘
597,10:56:24,4.33,0.0,4,1732,买盘
598,10:56:42,4.33,0.0,8,3464,买盘
599,10:56:48,4.33,0.0,5,2165,买盘
600,10:56:52,4.33,0.0,16,6928,买盘
601,10:57:52,4.33,0.0,200,86600,卖盘
602,10:57:55,4.33,0.0,8,3464,卖盘
603,10:58:04,4.33,0.0,8,3464,卖盘
604,10:58:13,4.33,0.0,2,866,卖盘
605,10:58:22,4.33,0.0,20,8660,卖盘
606,10:58:37,4.33,0.0,1,433,卖盘
607,10:58:42,4.34,0.01,45,19521,买盘
608,10:59:10,4.33,-0.01,23,9959,买盘
609,10:59:13,4.33,0.0,1,433,卖盘
610,10:59:25,4.33,0.0,25,10825,买盘
611,10:59:40,4.33,0.0,86,37238,卖盘
612,10:59:58,4.32,-0.01,2,864,卖盘
613,11:00:22,4.32,0.0,150,64800,卖盘
614,11:00:27,4.32,0.0,660,285120,卖盘
615,11:00:49,4.32,0.0,40,17280,卖盘
616,11:00:58,4.32,0.0,200,86400,卖盘
617,11:01:10,4.32,0.0,30,12960,卖盘
618,11:01:19,4.32,0.0,58,25056,买盘
619,11:01:52,4.32,0.0,42,18144,买盘
620,11:01:58,4.32,0.0,9,3888,买盘
621,11:02:13,4.32,0.0,50,21600,买盘
622,11:02:19,4.31,-0.01,200,86200,卖盘
623,11:02:21,4.32,0.01,1,432,买盘
624,11:02:25,4.32,0.0,3,1296,买盘
625,11:02:28,4.32,0.0,1,432,买盘
626,11:02:31,4.32,0.0,3,1296,买盘
627,11:02:33,4.32,0.0,64,27648,买盘
628,11:04:09,4.32,0.0,14,6048,卖盘
629,11:04:28,4.32,0.0,3,1296,卖盘
630,11:04:52,4.32,0.0,17,7344,卖盘
631,11:05:07,4.32,0.0,2,864,卖盘
632,11:05:19,4.33,0.01,1,433,买盘
633,11:05:37,4.32,-0.01,9,3888,卖盘
634,11:06:37,4.33,0.01,28,12124,买盘
635,11:06:46,4.32,-0.01,8,3456,卖盘
636,11:06:52,4.33,0.01,706,305698,买盘
637,11:07:49,4.34,0.01,9,3906,买盘
638,11:07:52,4.34,0.0,50,21700,买盘
639,11:09:19,4.34,0.0,1,434,买盘
640,11:09:28,4.33,-0.01,262,113446,卖盘
641,11:09:46,4.33,0.0,17,7361,卖盘
642,11:10:18,4.33,0.0,100,43300,卖盘
643,11:10:30,4.33,0.0,10,4330,卖盘
644,11:11:19,4.33,0.0,52,22516,卖盘
645,11:11:33,4.33,0.0,20,8660,卖盘
646,11:11:45,4.33,0.0,145,62785,卖盘
647,11:11:58,4.33,0.0,11,4763,买盘
648,11:12:07,4.33,0.0,100,43300,买盘
649,11:12:43,4.33,0.0,284,122972,买盘
650,11:13:52,4.33,0.0,200,86600,卖盘
651,11:13:58,4.33,0.0,200,86600,卖盘
652,11:14:04,4.34,0.01,49,21266,买盘
653,11:14:15,4.33,-0.01,94,40702,卖盘
654,11:14:19,4.34,0.01,1,434,买盘
655,11:15:03,4.34,0.0,20,8680,买盘
656,11:16:13,4.33,-0.01,15,6495,卖盘
657,11:17:07,4.33,0.0,16,6928,卖盘
658,11:17:22,4.33,0.0,9,3897,卖盘
659,11:17:54,4.33,0.0,13,5629,卖盘
660,11:18:07,4.34,0.01,18,7812,买盘
661,11:18:16,4.34,0.0,22,9548,买盘
662,11:18:27,4.34,0.0,513,222642,买盘
663,11:18:43,4.34,0.0,2,868,卖盘
664,11:19:09,4.35,0.01,4,1740,买盘
665,11:19:13,4.34,-0.01,1,434,卖盘
666,11:19:19,4.35,0.01,1,435,买盘
667,11:19:34,4.35,0.0,6,2610,买盘
668,11:19:43,4.34,-0.01,2,868,卖盘
669,11:19:54,4.35,0.01,2,870,买盘
670,11:20:09,4.35,0.0,49,21315,买盘
671,11:20:12,4.34,-0.01,1,434,卖盘
672,11:20:16,4.35,0.01,260,113100,买盘
673,11:20:42,4.34,-0.01,2,868,卖盘
674,11:20:51,4.34,0.0,18,7812,卖盘
675,11:20:58,4.34,0.0,52,22568,卖盘
676,11:21:00,4.34,0.0,40,17360,卖盘
677,11:21:13,4.34,0.0,1,434,卖盘
678,11:21:27,4.34,0.0,4,1736,卖盘
679,11:21:40,4.34,0.0,5,2170,买盘
680,11:22:42,4.34,0.0,12,5208,买盘
681,11:23:06,4.34,0.0,27,11718,买盘
682,11:23:12,4.35,0.01,11,4785,买盘
683,11:23:15,4.34,-0.01,2,868,卖盘
684,11:23:37,4.34,0.0,2025,878850,卖盘
685,11:23:42,4.33,-0.01,2,866,卖盘
686,11:24:13,4.33,0.0,1,433,卖盘
687,11:24:18,4.34,0.01,1,434,买盘
688,11:24:25,4.34,0.0,2,868,买盘
689,11:24:31,4.34,0.0,20,8680,买盘
690,11:24:34,4.34,0.0,646,280364,买盘
691,11:24:37,4.34,0.0,15,6510,买盘
692,11:24:40,4.34,0.0,90,39060,买盘
693,11:24:43,4.34,0.0,8,3472,买盘
694,11:24:46,4.34,0.0,135,58590,买盘
695,11:25:13,4.34,0.0,1,434,卖盘
696,11:25:42,4.34,0.0,2,868,卖盘
697,11:26:10,4.34,0.0,8,3472,卖盘
698,11:26:13,4.34,0.0,1,434,卖盘
699,11:26:24,4.35,0.01,9,3915,买盘
700,11:26:43,4.34,-0.01,2,868,卖盘
701,11:26:52,4.35,0.01,1,435,买盘
702,11:27:12,4.34,-0.01,1,434,卖盘
703,11:27:19,4.35,0.01,359,156165,买盘
704,11:27:22,4.35,0.0,16,6960,买盘
705,11:27:51,4.35,0.0,8,3480,买盘
706,11:28:01,4.34,-0.01,109,47306,卖盘
707,11:28:04,4.35,0.01,15,6525,买盘
708,11:29:19,4.35,0.0,1,435,买盘
709,11:29:24,4.34,-0.01,3,1302,卖盘
710,13:00:04,4.35,0.01,141,61335,买盘
711,13:00:07,4.35,0.0,122,53032,买盘
712,13:01:16,4.35,0.0,469,204015,买盘
713,13:01:46,4.35,0.0,25,10875,卖盘
714,13:02:00,4.36,0.01,12,5232,买盘
715,13:02:37,4.35,-0.01,18,7830,卖盘
716,13:02:40,4.35,0.0,130,56550,卖盘
717,13:02:43,4.35,0.0,100,43500,卖盘
718,13:02:54,4.35,0.0,80,34800,卖盘
719,13:02:57,4.36,0.01,30,13080,买盘
720,13:03:00,4.35,-0.01,8,3480,卖盘
721,13:03:04,4.35,0.0,7,3045,卖盘
722,13:03:13,4.35,0.0,270,117450,卖盘
723,13:03:15,4.36,0.01,48,20928,买盘
724,13:03:25,4.35,-0.01,30,13050,卖盘
725,13:04:01,4.36,0.01,4,1744,买盘
726,13:04:04,4.36,0.0,500,218000,买盘
727,13:04:12,4.36,0.0,551,240223,买盘
728,13:04:15,4.36,0.0,10,4360,卖盘
729,13:04:21,4.37,0.01,1,437,买盘
730,13:04:30,4.36,-0.01,20,8720,卖盘
731,13:04:33,4.36,0.0,47,20492,中性盘
732,13:04:40,4.36,0.0,165,71820,买盘
733,13:05:00,4.36,0.0,177,77172,买盘
734,13:05:06,4.36,0.0,18,7848,买盘
735,13:05:10,4.36,0.0,4,1744,买盘
736,13:05:15,4.36,0.0,258,112488,买盘
737,13:05:27,4.36,0.0,33,14388,卖盘
738,13:05:33,4.36,0.0,70,30520,卖盘
739,13:05:46,4.36,0.0,3,1308,卖盘
740,13:05:49,4.36,0.0,165,71940,卖盘
741,13:06:34,4.36,0.0,2,872,买盘
742,13:06:39,4.35,-0.01,50,21750,卖盘
743,13:06:42,4.35,0.0,55,23926,卖盘
744,13:07:19,4.35,0.0,357,155295,卖盘
745,13:07:48,4.35,0.0,49,21315,卖盘
746,13:08:00,4.35,0.0,35,15225,卖盘
747,13:08:07,4.35,0.0,160,69600,卖盘
748,13:08:36,4.35,0.0,3,1305,卖盘
749,13:08:57,4.35,0.0,123,53505,卖盘
750,13:09:04,4.35,0.0,387,168345,卖盘
751,13:09:07,4.35,0.0,40,17400,卖盘
752,13:09:10,4.35,0.0,13,5655,卖盘
753,13:09:13,4.35,0.0,36,15660,卖盘
754,13:09:16,4.36,0.01,114,49591,买盘
755,13:09:19,4.35,-0.01,409,177915,卖盘
756,13:09:49,4.35,0.0,4,1740,买盘
757,13:10:04,4.34,-0.01,20,8680,卖盘
758,13:10:18,4.34,0.0,144,62496,卖盘
759,13:10:39,4.34,0.0,30,13020,卖盘
760,13:10:48,4.34,0.0,170,73780,卖盘
761,13:11:01,4.34,0.0,1,434,买盘
762,13:11:04,4.34,0.0,1,434,买盘
763,13:11:07,4.34,0.0,1,434,买盘
764,13:11:10,4.34,0.0,1,434,买盘
765,13:11:13,4.34,0.0,1,434,买盘
766,13:11:15,4.34,0.0,1,434,买盘
767,13:11:18,4.34,0.0,1,434,买盘
768,13:11:21,4.34,0.0,469,203546,买盘
769,13:11:24,4.34,0.0,4,1736,买盘
770,13:11:28,4.34,0.0,28,12152,买盘
771,13:11:31,4.34,0.0,15,6510,买盘
772,13:11:34,4.34,0.0,21,9114,买盘
773,13:11:37,4.34,0.0,33,14322,买盘
774,13:11:40,4.34,0.0,708,307272,买盘
775,13:11:43,4.34,0.0,84,36456,卖盘
776,13:11:46,4.35,0.01,67,29145,买盘
777,13:11:49,4.35,0.0,21,9135,买盘
778,13:11:52,4.35,0.0,63,27359,买盘
779,13:11:54,4.34,-0.01,135,58596,卖盘
780,13:11:58,4.35,0.01,3,1305,买盘
781,13:12:04,4.35,0.0,34,14790,买盘
782,13:12:07,4.35,0.0,16,6960,买盘
783,13:12:12,4.35,0.0,6,2610,卖盘
784,13:12:19,4.35,0.0,1,435,买盘
785,13:12:21,4.35,0.0,1,435,买盘
786,13:12:37,4.35,0.0,5,2175,卖盘
787,13:12:43,4.35,0.0,1,435,卖盘
788,13:12:49,4.35,0.0,1,435,买盘
789,13:13:01,4.35,0.0,6,2610,买盘
790,13:13:07,4.35,0.0,5,2175,买盘
791,13:13:10,4.35,0.0,5,2175,买盘
792,13:13:13,4.35,0.0,5,2175,买盘
793,13:13:16,4.35,0.0,3,1305,买盘
794,13:13:18,4.35,0.0,10,4350,买盘
795,13:13:21,4.35,0.0,10,4350,买盘
796,13:13:24,4.35,0.0,6,2610,买盘
797,13:13:27,4.35,0.0,151,65685,买盘
798,13:13:31,4.35,0.0,8,3480,买盘
799,13:13:34,4.35,0.0,3,1305,买盘
800,13:13:36,4.35,0.0,4,1740,买盘
801,13:13:40,4.35,0.0,5,2175,买盘
802,13:13:42,4.35,0.0,4,1740,买盘
803,13:13:45,4.35,0.0,2,870,买盘
804,13:13:49,4.35,0.0,8,3480,买盘
805,13:13:51,4.35,0.0,6,2610,买盘
806,13:13:54,4.35,0.0,6,2610,买盘
807,13:13:58,4.35,0.0,2,870,买盘
808,13:14:01,4.35,0.0,6,2610,买盘
809,13:14:04,4.35,0.0,5,2175,买盘
810,13:14:07,4.35,0.0,12,5220,买盘
811,13:14:10,4.35,0.0,6,2610,买盘
812,13:14:13,4.35,0.0,5,2175,买盘
813,13:14:15,4.35,0.0,7,3045,买盘
814,13:14:19,4.35,0.0,5,2175,买盘
815,13:14:21,4.35,0.0,8,3480,买盘
816,13:14:24,4.35,0.0,7,3045,买盘
817,13:14:28,4.35,0.0,7,3045,买盘
818,13:14:30,4.35,0.0,5,2175,买盘
819,13:14:33,4.35,0.0,4,1740,买盘
820,13:14:37,4.35,0.0,6,2610,买盘
821,13:14:40,4.35,0.0,6,2610,买盘
822,13:14:43,4.35,0.0,3,1305,买盘
823,13:14:46,4.35,0.0,2,870,买盘
824,13:14:49,4.35,0.0,3,1305,买盘
825,13:14:52,4.34,-0.01,8,3472,卖盘
826,13:14:55,4.35,0.01,1,435,买盘
827,13:15:06,4.35,0.0,1,435,买盘
828,13:15:40,4.35,0.0,178,77430,买盘
829,13:15:46,4.35,0.0,20,8700,卖盘
830,13:16:01,4.35,0.0,199,86565,卖盘
831,13:16:18,4.34,-0.01,13,5642,卖盘
832,13:16:27,4.34,0.0,10,4340,卖盘
833,13:16:51,4.35,0.01,44,19140,买盘
834,13:16:58,4.35,0.0,5,2175,买盘
835,13:17:04,4.35,0.0,4,1740,买盘
836,13:17:10,4.35,0.0,3,1305,买盘
837,13:17:18,4.35,0.0,1,435,买盘
838,13:17:22,4.35,0.0,1,435,买盘
839,13:17:24,4.35,0.0,1,435,买盘
840,13:17:27,4.35,0.0,15,6525,买盘
841,13:18:00,4.35,0.0,291,126585,买盘
842,13:18:04,4.34,-0.01,500,217000,卖盘
843,13:18:06,4.35,0.01,1,435,买盘
844,13:18:22,4.35,0.0,1,435,买盘
845,13:18:40,4.35,0.0,23,10005,买盘
846,13:18:46,4.35,0.0,100,43500,买盘
847,13:19:16,4.35,0.0,100,43500,买盘
848,13:19:27,4.35,0.0,100,43500,买盘
849,13:19:31,4.34,-0.01,115,49910,卖盘
850,13:19:55,4.34,0.0,200,86800,卖盘
851,13:20:10,4.35,0.01,50,21750,买盘
852,13:20:13,4.35,0.0,160,69600,买盘
853,13:20:19,4.35,0.0,20,8700,卖盘
854,13:20:43,4.34,-0.01,53,23002,卖盘
855,13:20:55,4.35,0.01,51,22185,买盘
856,13:20:58,4.35,0.0,20,8700,买盘
857,13:21:19,4.34,-0.01,220,95480,卖盘
858,13:21:22,4.35,0.01,53,23055,买盘
859,13:21:43,4.34,-0.01,2,868,卖盘
860,13:22:04,4.34,0.0,18,7812,卖盘
861,13:22:13,4.34,0.0,2,868,卖盘
862,13:22:28,4.34,0.0,30,13020,卖盘
863,13:22:33,4.34,0.0,140,60760,卖盘
864,13:22:42,4.34,0.0,2,868,卖盘
865,13:23:10,4.34,0.0,71,30814,卖盘
866,13:23:13,4.34,0.0,1,434,卖盘
867,13:23:19,4.35,0.01,1,435,买盘
868,13:23:43,4.34,-0.01,2,868,卖盘
869,13:24:13,4.34,0.0,1,434,卖盘
870,13:24:16,4.35,0.01,9,3915,买盘
871,13:24:27,4.34,-0.01,15,6510,卖盘
872,13:24:43,4.34,0.0,2,868,卖盘
873,13:24:48,4.35,0.01,5,2175,买盘
874,13:24:55,4.35,0.0,3,1305,买盘
875,13:25:12,4.34,-0.01,1,434,卖盘
876,13:25:19,4.35,0.01,11,4785,买盘
877,13:25:33,4.35,0.0,4,1740,买盘
878,13:25:43,4.34,-0.01,2,868,卖盘
879,13:25:48,4.34,0.0,3,1302,卖盘
880,13:26:03,4.35,0.01,20,8700,买盘
881,13:26:13,4.35,0.0,40,17400,买盘
882,13:26:22,4.34,-0.01,837,363258,卖盘
883,13:26:28,4.35,0.01,34,14790,买盘
884,13:26:52,4.35,0.0,45,19575,买盘
885,13:26:58,4.35,0.0,17,7395,买盘
886,13:27:24,4.35,0.0,7,3045,买盘
887,13:27:36,4.35,0.0,4,1740,买盘
888,13:27:42,4.34,-0.01,5,2170,卖盘
889,13:27:46,4.34,0.0,62,26908,卖盘
890,13:28:12,4.34,0.0,4,1736,卖盘
891,13:28:21,4.34,0.0,5,2170,卖盘
892,13:28:24,4.35,0.01,16,6960,买盘
893,13:28:43,4.34,-0.01,101,43834,卖盘
894,13:28:58,4.34,0.0,2,868,卖盘
895,13:29:07,4.34,0.0,43,18662,卖盘
896,13:29:10,4.34,0.0,35,15190,卖盘
897,13:29:13,4.34,0.0,1,434,卖盘
898,13:29:16,4.34,0.0,305,132370,卖盘
899,13:29:18,4.34,0.0,383,166222,卖盘
900,13:29:22,4.34,0.0,131,56854,卖盘
901,13:29:28,4.34,0.0,20,8680,卖盘
902,13:29:31,4.34,0.0,19,8246,卖盘
903,13:29:43,4.34,0.0,2,868,卖盘
904,13:29:46,4.34,0.0,100,43468,卖盘
905,13:29:49,4.34,0.0,839,364126,卖盘
906,13:29:55,4.34,0.0,716,310744,卖盘
907,13:29:57,4.34,0.0,1486,644924,卖盘
908,13:30:13,4.33,-0.01,1,433,卖盘
909,13:30:16,4.33,0.0,32,13856,卖盘
910,13:30:19,4.33,0.0,378,163674,卖盘
911,13:30:25,4.33,0.0,1003,434299,卖盘
912,13:30:28,4.33,0.0,335,145055,卖盘
913,13:30:37,4.33,0.0,10,4330,买盘
914,13:30:42,4.32,-0.01,56,24222,卖盘
915,13:30:46,4.32,0.0,50,21600,卖盘
916,13:30:57,4.32,0.0,70,30240,卖盘
917,13:31:04,4.32,0.0,90,38880,卖盘
918,13:31:12,4.32,0.0,2,864,卖盘
919,13:31:18,4.32,0.0,128,55296,卖盘
920,13:31:22,4.32,0.0,90,38880,卖盘
921,13:32:04,4.32,0.0,22,9504,买盘
922,13:32:13,4.31,-0.01,2,862,卖盘
923,13:32:25,4.31,0.0,97,41807,卖盘
924,13:32:31,4.32,0.01,1,432,买盘
925,13:32:43,4.31,-0.01,3,1293,卖盘
926,13:32:46,4.32,0.01,500,216000,买盘
927,13:32:55,4.32,0.0,1,432,买盘
928,13:33:00,4.32,0.0,26,11232,买盘
929,13:33:10,4.32,0.0,82,35424,买盘
930,13:33:13,4.32,0.0,424,183168,买盘
931,13:33:15,4.32,0.0,37,15984,买盘
932,13:33:33,4.32,0.0,45,19440,卖盘
933,13:33:37,4.31,-0.01,10,4310,卖盘
934,13:33:42,4.32,0.01,2,864,买盘
935,13:34:04,4.32,0.0,60,25920,买盘
936,13:34:13,4.32,0.0,1,432,卖盘
937,13:34:16,4.33,0.01,72,31176,买盘
938,13:34:43,4.32,-0.01,2,864,卖盘
939,13:34:46,4.32,0.0,69,29808,卖盘
940,13:34:58,4.31,-0.01,30,12930,卖盘
941,13:35:34,4.31,0.0,100,43100,卖盘
942,13:36:10,4.31,0.0,746,321526,卖盘
943,13:36:16,4.31,0.0,50,21550,买盘
944,13:36:27,4.31,0.0,39,16809,买盘
945,13:36:30,4.3,-0.01,128,55101,卖盘
946,13:36:52,4.29,-0.01,1200,515462,卖盘
947,13:37:10,4.3,0.01,109,46870,卖盘
948,13:37:13,4.31,0.01,1,431,买盘
949,13:37:39,4.31,0.0,12,5162,买盘
950,13:38:01,4.3,-0.01,10,4300,卖盘
951,13:38:10,4.31,0.01,117,50427,买盘
952,13:38:21,4.31,0.0,1,431,买盘
953,13:38:40,4.3,-0.01,107,46010,卖盘
954,13:38:42,4.3,0.0,139,59770,卖盘
955,13:38:49,4.3,0.0,20,8600,卖盘
956,13:38:51,4.31,0.01,50,21550,买盘
957,13:39:10,4.3,-0.01,27,11610,卖盘
958,13:40:00,4.3,0.0,91,39130,卖盘
959,13:40:04,4.31,0.01,9,3879,买盘
960,13:40:07,4.31,0.0,100,43100,买盘
961,13:40:09,4.31,0.0,210,90510,买盘
962,13:40:12,4.3,-0.01,40,17200,卖盘
963,13:40:22,4.31,0.01,200,86200,买盘
964,13:40:24,4.31,0.0,100,43100,买盘
965,13:40:31,4.31,0.0,58,24998,买盘
966,13:40:40,4.31,0.0,135,58185,卖盘
967,13:40:52,4.32,0.01,315,136080,买盘
968,13:40:58,4.32,0.0,40,17280,卖盘
969,13:41:16,4.33,0.01,9,3897,买盘
970,13:41:49,4.33,0.0,8,3464,买盘
971,13:42:22,4.32,-0.01,84,36288,卖盘
972,13:42:31,4.32,0.0,30,12960,买盘
973,13:43:01,4.32,0.0,33,14256,卖盘
974,13:43:19,4.32,0.0,48,20736,卖盘
975,13:43:22,4.33,0.01,1,433,买盘
976,13:43:45,4.32,-0.01,7,3024,卖盘
977,13:44:30,4.33,0.01,157,67981,买盘
978,13:44:49,4.33,0.0,80,34565,买盘
979,13:45:07,4.33,0.0,3,1299,买盘
980,13:45:31,4.32,-0.01,20,8640,卖盘
981,13:45:37,4.32,0.0,42,18144,卖盘
982,13:46:10,4.32,0.0,47,20304,卖盘
983,13:46:37,4.31,-0.01,7,3017,卖盘
984,13:46:58,4.32,0.01,38,16416,买盘
985,13:47:01,4.31,-0.01,50,21550,卖盘
986,13:47:07,4.3,-0.01,704,302945,卖盘
987,13:47:13,4.3,0.0,21,9030,买盘
988,13:47:16,4.3,0.0,42,18060,买盘
989,13:47:19,4.3,0.0,4,1720,买盘
990,13:47:22,4.3,0.0,31,13330,买盘
991,13:47:25,4.3,0.0,32,13760,买盘
992,13:47:28,4.3,0.0,16,6880,买盘
993,13:47:31,4.3,0.0,20,8600,买盘
994,13:47:34,4.29,-0.01,11,4723,卖盘
995,13:48:07,4.3,0.01,80,34400,卖盘
996,13:48:18,4.3,0.0,66,28360,买盘
997,13:48:46,4.3,0.0,50,21500,卖盘
998,13:49:00,4.28,-0.02,2000,857206,卖盘
999,13:49:04,4.31,0.03,5,2155,买盘
1000,13:49:55,4.29,-0.02,300,128700,卖盘
1001,13:49:58,4.3,0.01,2,860,买盘
1002,13:50:37,4.3,0.0,15,6450,卖盘
1003,13:51:25,4.29,-0.01,200,85846,卖盘
1004,13:51:34,4.29,0.0,5,2145,卖盘
1005,13:51:51,4.29,0.0,22,9438,卖盘
1006,13:52:27,4.29,0.0,243,104347,卖盘
1007,13:52:54,4.29,0.0,200,85800,卖盘
1008,13:53:37,4.3,0.01,10,4300,卖盘
1009,13:53:40,4.3,0.0,18,7740,买盘
1010,13:54:04,4.3,0.0,110,47300,买盘
1011,13:54:28,4.29,-0.01,100,42900,卖盘
1012,13:54:40,4.29,0.0,50,21450,卖盘
1013,13:54:43,4.29,0.0,62,26598,卖盘
1014,13:54:51,4.29,0.0,100,42900,买盘
1015,13:55:04,4.29,0.0,3,1287,买盘
1016,13:55:10,4.28,-0.01,50,21400,卖盘
1017,13:55:27,4.29,0.01,60,25740,买盘
1018,13:56:01,4.29,0.0,288,123552,买盘
1019,13:56:04,4.28,-0.01,19,8132,卖盘
1020,13:57:25,4.27,-0.01,2540,1085777,卖盘
1021,13:57:43,4.27,0.0,1,427,买盘
1022,13:57:49,4.27,0.0,20,8540,买盘
1023,13:57:52,4.27,0.0,20,8540,买盘
1024,13:57:58,4.27,0.0,35,14945,买盘
1025,13:58:01,4.27,0.0,1,427,买盘
1026,13:58:04,4.27,0.0,6,2562,买盘
1027,13:58:07,4.27,0.0,7,2989,买盘
1028,13:58:10,4.27,0.0,121,51667,买盘
1029,13:58:13,4.27,0.0,12,5124,买盘
1030,13:58:16,4.27,0.0,2,854,买盘
1031,13:58:24,4.26,-0.01,119,50696,卖盘
1032,13:58:34,4.26,0.0,2,852,卖盘
1033,13:58:40,4.27,0.01,1,427,买盘
1034,13:58:43,4.27,0.0,10,4270,买盘
1035,13:58:49,4.27,0.0,47,20069,买盘
1036,13:59:06,4.28,0.01,42,17976,买盘
1037,13:59:25,4.28,0.0,50,21400,买盘
1038,13:59:37,4.27,-0.01,6,2562,卖盘
1039,13:59:46,4.28,0.01,10,4280,买盘
1040,13:59:58,4.28,0.0,151,64628,买盘
1041,14:00:04,4.28,0.0,379,161838,买盘
1042,14:00:10,4.28,0.0,7,2996,买盘
1043,14:00:19,4.28,0.0,30,12840,买盘
1044,14:00:22,4.27,-0.01,16,6832,卖盘
1045,14:00:31,4.27,0.0,15,6405,卖盘
1046,14:00:45,4.26,-0.01,250,106500,卖盘
1047,14:00:58,4.26,0.0,30,12780,卖盘
1048,14:01:13,4.26,0.0,33,14088,卖盘
1049,14:01:19,4.27,0.01,567,242109,买盘
1050,14:02:37,4.27,0.0,59,25193,卖盘
1051,14:02:52,4.25,-0.02,800,340572,卖盘
1052,14:02:55,4.27,0.02,72,30744,买盘
1053,14:02:58,4.27,0.0,6,2562,卖盘
1054,14:03:04,4.27,0.0,25,10675,卖盘
1055,14:03:13,4.27,0.0,66,28182,卖盘
1056,14:03:22,4.27,0.0,1,427,买盘
1057,14:03:37,4.25,-0.02,384,163225,卖盘
1058,14:03:43,4.25,0.0,39,16575,买盘
1059,14:03:49,4.25,0.0,4,1700,买盘
1060,14:03:52,4.25,0.0,6,2550,买盘
1061,14:03:55,4.25,0.0,80,34000,买盘
1062,14:04:07,4.25,0.0,50,21250,卖盘
1063,14:04:22,4.26,0.01,54,23004,买盘
1064,14:04:24,4.25,-0.01,3,1275,卖盘
1065,14:04:28,4.26,0.01,378,161028,买盘
1066,14:04:55,4.27,0.01,6,2562,买盘
1067,14:05:07,4.27,0.0,24,10248,买盘
1068,14:05:16,4.26,-0.01,126,53686,卖盘
1069,14:05:22,4.28,0.02,48,20464,买盘
1070,14:05:39,4.28,0.0,22,9416,买盘
1071,14:05:49,4.27,-0.01,1,427,买盘
1072,14:05:55,4.27,0.0,1,427,买盘
1073,14:06:01,4.27,0.0,1,427,买盘
1074,14:06:16,4.28,0.01,696,297888,买盘
1075,14:06:19,4.29,0.01,11,4719,买盘
1076,14:06:22,4.26,-0.03,45,19238,卖盘
1077,14:06:28,4.27,0.01,37,15799,买盘
1078,14:06:55,4.28,0.01,322,137816,买盘
1079,14:07:06,4.28,0.0,20,8560,卖盘
1080,14:07:34,4.28,0.0,175,74900,卖盘
1081,14:07:40,4.29,0.01,20,8580,买盘
1082,14:07:43,4.28,-0.01,107,45796,卖盘
1083,14:07:54,4.27,-0.01,200,85400,卖盘
1084,14:07:57,4.28,0.01,34,14552,买盘
1085,14:08:21,4.28,0.0,1,428,买盘
1086,14:08:31,4.28,0.0,193,82504,买盘
1087,14:08:43,4.28,0.0,8,3424,买盘
1088,14:08:46,4.27,-0.01,100,42700,卖盘
1089,14:08:58,4.27,0.0,27,11529,卖盘
1090,14:09:09,4.27,0.0,22,9394,买盘
1091,14:09:13,4.27,0.0,7,2989,买盘
1092,14:09:15,4.27,0.0,8,3416,买盘
1093,14:09:18,4.27,0.0,8,3416,买盘
1094,14:09:21,4.27,0.0,11,4697,买盘
1095,14:09:25,4.27,0.0,119,50813,买盘
1096,14:09:34,4.28,0.01,1,428,买盘
1097,14:09:37,4.28,0.0,1,428,买盘
1098,14:09:40,4.27,-0.01,3,1281,卖盘
1099,14:09:43,4.28,0.01,59,25252,买盘
1100,14:09:46,4.28,0.0,100,42800,卖盘
1101,14:09:52,4.28,0.0,27,11556,卖盘
1102,14:10:13,4.28,0.0,5,2140,卖盘
1103,14:10:16,4.29,0.01,182,78078,买盘
1104,14:10:25,4.29,0.0,35,15015,买盘
1105,14:10:40,4.31,0.02,633,271957,买盘
1106,14:11:04,4.3,-0.01,3,1290,买盘
1107,14:11:33,4.3,0.0,50,21500,买盘
1108,14:12:07,4.3,0.0,12,5160,买盘
1109,14:12:13,4.3,0.0,256,110080,买盘
1110,14:12:21,4.29,-0.01,11,4719,卖盘
1111,14:12:37,4.29,0.0,28,12012,卖盘
1112,14:12:58,4.29,0.0,4,1716,买盘
1113,14:13:04,4.29,0.0,19,8151,卖盘
1114,14:13:09,4.29,0.0,10,4290,卖盘
1115,14:13:19,4.29,0.0,10,4290,卖盘
1116,14:13:24,4.3,0.01,1,430,买盘
1117,14:13:34,4.29,-0.01,33,14157,卖盘
1118,14:13:37,4.29,0.0,12,5148,买盘
1119,14:13:46,4.28,-0.01,10,4280,卖盘
1120,14:13:58,4.28,0.0,50,21400,买盘
1121,14:14:01,4.28,0.0,1,428,买盘
1122,14:14:04,4.28,0.0,1,428,买盘
1123,14:14:06,4.28,0.0,11,4708,买盘
1124,14:14:10,4.28,0.0,1,428,买盘
1125,14:14:13,4.27,-0.01,51,21778,卖盘
1126,14:14:16,4.28,0.01,1,428,买盘
1127,14:14:25,4.27,-0.01,20,8540,卖盘
1128,14:14:55,4.27,0.0,300,128100,卖盘
1129,14:14:58,4.28,0.01,11,4708,买盘
1130,14:15:10,4.28,0.0,46,19688,买盘
1131,14:15:54,4.28,0.0,46,19688,卖盘
1132,14:16:10,4.28,0.0,36,15408,买盘
1133,14:16:52,4.28,0.0,43,18404,买盘
1134,14:17:27,4.27,-0.01,10,4270,卖盘
1135,14:17:34,4.27,0.0,300,128100,卖盘
1136,14:17:43,4.28,0.01,42,17976,买盘
1137,14:17:55,4.28,0.0,26,11128,买盘
1138,14:17:58,4.28,0.0,7,2996,买盘
1139,14:18:10,4.27,-0.01,200,85400,卖盘
1140,14:18:13,4.28,0.01,25,10700,买盘
1141,14:18:19,4.28,0.0,1,428,买盘
1142,14:18:31,4.28,0.0,15,6420,买盘
1143,14:18:58,4.28,0.0,200,85600,卖盘
1144,14:19:10,4.28,0.0,309,132252,卖盘
1145,14:19:13,4.28,0.0,2,856,买盘
1146,14:19:25,4.28,0.0,12,5136,买盘
1147,14:19:33,4.27,-0.01,200,85400,卖盘
1148,14:19:43,4.28,0.01,10,4280,买盘
1149,14:20:01,4.28,0.0,50,21400,买盘
1150,14:20:16,4.28,0.0,2,856,买盘
1151,14:20:19,4.27,-0.01,200,85400,卖盘
1152,14:20:45,4.27,0.0,10,4270,卖盘
1153,14:21:15,4.28,0.01,2,856,买盘
1154,14:21:22,4.28,0.0,2,856,买盘
1155,14:22:10,4.28,0.0,23,9844,买盘
1156,14:22:46,4.28,0.0,10,4280,买盘
1157,14:23:00,4.27,-0.01,25,10675,卖盘
1158,14:23:09,4.27,0.0,200,85400,卖盘
1159,14:23:22,4.27,0.0,31,13238,卖盘
1160,14:23:28,4.27,0.0,73,31171,卖盘
1161,14:23:40,4.28,0.01,210,89880,买盘
1162,14:23:48,4.28,0.0,310,132680,买盘
1163,14:23:55,4.29,0.01,8,3432,买盘
1164,14:24:01,4.28,-0.01,442,189177,卖盘
1165,14:24:28,4.28,0.0,26,11128,卖盘
1166,14:24:46,4.28,0.0,58,24824,卖盘
1167,14:25:01,4.29,0.01,87,37323,买盘
1168,14:25:03,4.28,-0.01,200,85600,卖盘
1169,14:25:10,4.29,0.01,4,1716,买盘
1170,14:25:22,4.28,-0.01,100,42800,卖盘
1171,14:25:40,4.28,0.0,50,21400,卖盘
1172,14:26:06,4.28,0.0,765,327420,卖盘
1173,14:26:36,4.27,-0.01,822,350994,卖盘
1174,14:26:52,4.27,0.0,73,31171,买盘
1175,14:27:04,4.27,0.0,661,282247,买盘
1176,14:27:18,4.27,0.0,9,3843,买盘
1177,14:27:39,4.27,0.0,223,95221,买盘
1178,14:28:15,4.27,0.0,9,3843,卖盘
1179,14:28:19,4.28,0.01,1,428,买盘
1180,14:28:40,4.28,0.0,10,4280,买盘
1181,14:29:09,4.27,-0.01,30,12810,卖盘
1182,14:29:28,4.27,0.0,1,427,卖盘
1183,14:29:54,4.27,0.0,11,4697,卖盘
1184,14:30:18,4.27,0.0,50,21350,卖盘
1185,14:30:27,4.27,0.0,19,8121,卖盘
1186,14:30:31,4.27,0.0,190,81130,卖盘
1187,14:30:46,4.27,0.0,3,1281,卖盘
1188,14:30:52,4.27,0.0,30,12810,卖盘
1189,14:30:55,4.27,0.0,32,13664,卖盘
1190,14:31:10,4.27,0.0,91,38846,买盘
1191,14:31:13,4.27,0.0,7,2989,卖盘
1192,14:31:19,4.27,0.0,76,32452,卖盘
1193,14:31:33,4.27,0.0,23,9821,买盘
1194,14:31:39,4.26,-0.01,216,92016,卖盘
1195,14:31:51,4.26,0.0,1474,627924,卖盘
1196,14:31:54,4.25,-0.01,1047,445288,卖盘
1197,14:32:01,4.26,0.01,13,5538,买盘
1198,14:32:13,4.25,-0.01,6,2550,卖盘
1199,14:32:16,4.25,0.0,180,76500,卖盘
1200,14:32:27,4.25,0.0,121,51425,卖盘
1201,14:32:37,4.25,0.0,200,85000,卖盘
1202,14:32:40,4.25,0.0,305,129625,卖盘
1203,14:32:43,4.25,0.0,6,2550,卖盘
1204,14:32:46,4.25,0.0,30,12750,卖盘
1205,14:32:49,4.25,0.0,100,42500,卖盘
1206,14:32:58,4.24,-0.01,1000,424238,卖盘
1207,14:33:22,4.24,0.0,220,93280,卖盘
1208,14:33:28,4.24,0.0,11,4674,卖盘
1209,14:33:42,4.24,0.0,50,21200,卖盘
1210,14:33:58,4.24,0.0,37,15688,买盘
1211,14:34:04,4.24,0.0,20,8480,卖盘
1212,14:34:24,4.25,0.01,1,425,买盘
1213,14:34:52,4.25,0.0,40,17000,买盘
1214,14:35:28,4.24,-0.01,23,9752,卖盘
1215,14:35:34,4.24,0.0,171,72504,卖盘
1216,14:35:39,4.24,0.0,2,848,卖盘
1217,14:35:42,4.24,0.0,8,3392,卖盘
1218,14:35:49,4.25,0.01,8,3400,买盘
1219,14:36:01,4.24,-0.01,30,12720,卖盘
1220,14:36:13,4.24,0.0,16,6784,卖盘
1221,14:36:22,4.24,0.0,53,22472,卖盘
1222,14:36:25,4.24,0.0,1,424,卖盘
1223,14:36:43,4.24,0.0,2,848,卖盘
1224,14:36:49,4.24,0.0,7,2968,卖盘
1225,14:37:06,4.24,0.0,255,108120,卖盘
1226,14:37:09,4.24,0.0,3,1272,卖盘
1227,14:37:13,4.24,0.0,2,848,卖盘
1228,14:37:28,4.25,0.01,10,4250,买盘
1229,14:37:34,4.25,0.0,2,850,买盘
1230,14:37:40,4.24,-0.01,90,38160,卖盘
1231,14:37:43,4.24,0.0,3,1272,卖盘
1232,14:37:46,4.24,0.0,145,61480,卖盘
1233,14:37:49,4.24,0.0,97,41128,买盘
1234,14:37:52,4.24,0.0,105,44520,买盘
1235,14:37:55,4.24,0.0,21,8904,买盘
1236,14:37:58,4.23,-0.01,80,33847,卖盘
1237,14:38:00,4.24,0.01,108,45792,买盘
1238,14:38:04,4.24,0.0,66,27984,买盘
1239,14:38:13,4.24,0.0,2,848,卖盘
1240,14:38:19,4.24,0.0,500,212000,卖盘
1241,14:38:25,4.25,0.01,1209,513825,买盘
1242,14:38:28,4.25,0.0,142,60325,买盘
1243,14:38:33,4.25,0.0,10,4250,买盘
1244,14:38:43,4.24,-0.01,1,424,卖盘
1245,14:38:49,4.25,0.01,132,56100,买盘
1246,14:38:52,4.25,0.0,148,62900,买盘
1247,14:38:58,4.25,0.0,549,232825,买盘
1248,14:39:01,4.25,0.0,4,1700,买盘
1249,14:39:07,4.25,0.0,9,3825,买盘
1250,14:39:13,4.25,0.0,54,22950,买盘
1251,14:39:36,4.25,0.0,100,42500,卖盘
1252,14:39:55,4.25,0.0,2,850,卖盘
1253,14:39:58,4.25,0.0,3,1275,卖盘
1254,14:40:01,4.26,0.01,31,13205,买盘
1255,14:40:04,4.25,-0.01,73,31025,卖盘
1256,14:40:10,4.25,0.0,5,2125,卖盘
1257,14:40:16,4.25,0.0,2,850,卖盘
1258,14:40:19,4.25,0.0,3,1275,卖盘
1259,14:40:21,4.25,0.0,2,850,卖盘
1260,14:40:25,4.25,0.0,4,1700,卖盘
1261,14:40:28,4.25,0.0,7,2975,卖盘
1262,14:40:31,4.25,0.0,8,3400,卖盘
1263,14:40:34,4.25,0.0,10,4250,卖盘
1264,14:40:37,4.25,0.0,10,4250,卖盘
1265,14:40:40,4.25,0.0,11,4675,卖盘
1266,14:40:43,4.25,0.0,16,6800,卖盘
1267,14:40:46,4.25,0.0,13,5525,卖盘
1268,14:40:48,4.25,0.0,12,5100,卖盘
1269,14:40:55,4.25,0.0,168,71400,卖盘
1270,14:41:19,4.25,0.0,200,85000,买盘
1271,14:41:28,4.25,0.0,200,85000,买盘
1272,14:41:34,4.25,0.0,1,425,买盘
1273,14:41:37,4.25,0.0,20,8500,买盘
1274,14:41:52,4.25,0.0,8,3400,买盘
1275,14:41:55,4.25,0.0,10,4250,买盘
1276,14:42:10,4.25,0.0,100,42500,买盘
1277,14:42:13,4.24,-0.01,32,13568,卖盘
1278,14:42:37,4.25,0.01,10,4250,买盘
1279,14:43:40,4.24,-0.01,118,50032,卖盘
1280,14:43:58,4.24,0.0,39,16536,卖盘
1281,14:44:19,4.25,0.01,10,4250,买盘
1282,14:44:25,4.24,-0.01,188,79712,卖盘
1283,14:44:28,4.24,0.0,60,25440,卖盘
1284,14:44:40,4.24,0.0,100,42400,卖盘
1285,14:44:52,4.25,0.01,30,12750,买盘
1286,14:44:57,4.24,-0.01,53,22472,卖盘
1287,14:45:15,4.24,0.0,110,46640,卖盘
1288,14:45:25,4.24,0.0,100,42400,卖盘
1289,14:45:31,4.24,0.0,100,42400,卖盘
1290,14:45:43,4.25,0.01,46,19550,买盘
1291,14:45:52,4.24,-0.01,9,3816,卖盘
1292,14:45:55,4.25,0.01,12,5100,买盘
1293,14:46:10,4.24,-0.01,118,50032,卖盘
1294,14:46:13,4.24,0.0,12,5088,卖盘
1295,14:46:34,4.24,0.0,59,25016,卖盘
1296,14:46:43,4.24,0.0,1,424,买盘
1297,14:46:52,4.23,-0.01,107,45261,卖盘
1298,14:46:58,4.24,0.01,49,20776,买盘
1299,14:47:01,4.24,0.0,263,111512,卖盘
1300,14:47:07,4.23,-0.01,32,13558,卖盘
1301,14:47:16,4.24,0.01,3,1272,买盘
1302,14:47:22,4.24,0.0,10,4240,买盘
1303,14:47:31,4.24,0.0,27,11448,买盘
1304,14:47:34,4.23,-0.01,4,1692,卖盘
1305,14:47:58,4.23,0.0,483,204309,卖盘
1306,14:48:03,4.23,0.0,35,14805,买盘
1307,14:48:13,4.23,0.0,10,4230,买盘
1308,14:48:16,4.23,0.0,26,10998,买盘
1309,14:48:19,4.23,0.0,1,423,买盘
1310,14:48:21,4.23,0.0,10,4230,买盘
1311,14:48:31,4.22,-0.01,7,2954,卖盘
1312,14:48:34,4.22,0.0,30,12660,卖盘
1313,14:48:40,4.22,0.0,40,16880,卖盘
1314,14:48:43,4.22,0.0,20,8440,卖盘
1315,14:48:45,4.22,0.0,10,4220,卖盘
1316,14:48:48,4.23,0.01,200,84600,买盘
1317,14:48:55,4.23,0.0,13,5499,买盘
1318,14:49:04,4.22,-0.01,41,17302,卖盘
1319,14:49:10,4.22,0.0,81,34182,卖盘
1320,14:49:16,4.23,0.01,64,27072,买盘
1321,14:49:18,4.22,-0.01,130,54860,卖盘
1322,14:49:40,4.22,0.0,26,10972,卖盘
1323,14:49:43,4.22,0.0,20,8440,卖盘
1324,14:49:49,4.22,0.0,10,4220,买盘
1325,14:49:55,4.22,0.0,10,4220,买盘
1326,14:49:58,4.22,0.0,1,422,买盘
1327,14:50:01,4.21,-0.01,27,11367,卖盘
1328,14:50:09,4.22,0.01,100,42200,买盘
1329,14:50:15,4.22,0.0,54,22788,买盘
1330,14:51:15,4.22,0.0,25,10550,卖盘
1331,14:51:22,4.22,0.0,80,33760,卖盘
1332,14:51:31,4.22,0.0,102,43044,卖盘
1333,14:51:34,4.22,0.0,50,21100,卖盘
1334,14:51:36,4.23,0.01,147,62177,买盘
1335,14:51:52,4.22,-0.01,189,79815,卖盘
1336,14:51:55,4.21,-0.01,241,101679,卖盘
1337,14:52:06,4.23,0.02,92,38916,买盘
1338,14:52:10,4.23,0.0,24,10152,卖盘
1339,14:52:22,4.23,0.0,65,27495,卖盘
1340,14:52:27,4.23,0.0,9,3807,卖盘
1341,14:52:40,4.23,0.0,110,46530,卖盘
1342,14:52:43,4.23,0.0,70,29610,卖盘
1343,14:52:55,4.23,0.0,131,55413,卖盘
1344,14:52:57,4.23,0.0,30,12690,买盘
1345,14:53:09,4.23,0.0,21,8883,买盘
1346,14:53:19,4.23,0.0,45,18993,买盘
1347,14:53:25,4.22,-0.01,200,84400,卖盘
1348,14:53:28,4.22,0.0,3,1266,卖盘
1349,14:53:34,4.22,0.0,22,9284,卖盘
1350,14:53:37,4.22,0.0,40,16880,卖盘
1351,14:53:40,4.22,0.0,30,12660,卖盘
1352,14:53:48,4.22,0.0,16,6752,卖盘
1353,14:54:01,4.23,0.01,275,116122,买盘
1354,14:54:07,4.22,-0.01,5,2110,买盘
1355,14:54:10,4.22,0.0,17,7174,买盘
1356,14:54:16,4.22,0.0,21,8862,买盘
1357,14:54:19,4.21,-0.01,140,58940,卖盘
1358,14:54:25,4.21,0.0,103,43363,卖盘
1359,14:54:28,4.22,0.01,12,5064,买盘
1360,14:54:31,4.21,-0.01,100,42100,卖盘
1361,14:54:34,4.22,0.01,97,40934,买盘
1362,14:54:37,4.22,0.0,96,40512,卖盘
1363,14:54:40,4.22,0.0,5,2110,卖盘
1364,14:54:43,4.22,0.0,98,41356,卖盘
1365,14:54:55,4.22,0.0,119,50218,卖盘
1366,14:55:10,4.21,-0.01,10,4210,卖盘
1367,14:55:13,4.22,0.01,47,19834,买盘
1368,14:55:25,4.21,-0.01,70,29470,卖盘
1369,14:55:28,4.21,0.0,60,25260,卖盘
1370,14:55:31,4.21,0.0,13,5473,卖盘
1371,14:55:34,4.21,0.0,71,29891,卖盘
1372,14:55:40,4.2,-0.01,9,3780,卖盘
1373,14:55:43,4.2,0.0,212,89042,卖盘
1374,14:55:49,4.2,0.0,58,24360,卖盘
1375,14:55:52,4.2,0.0,207,86940,卖盘
1376,14:55:58,4.19,-0.01,53,22257,卖盘
1377,14:56:01,4.19,0.0,50,20950,卖盘
1378,14:56:10,4.19,0.0,5,2095,卖盘
1379,14:56:13,4.19,0.0,200,83800,卖盘
1380,14:56:19,4.18,-0.01,175,73322,卖盘
1381,14:56:22,4.19,0.01,10,4190,买盘
1382,14:56:28,4.18,-0.01,8,3344,卖盘
1383,14:56:30,4.19,0.01,28,11730,买盘
1384,14:56:34,4.19,0.0,71,29749,买盘
1385,14:56:37,4.19,0.0,50,20930,买盘
1386,14:56:40,4.18,-0.01,136,56848,卖盘
1387,14:56:43,4.18,0.0,5,2090,买盘
1388,14:56:46,4.18,0.0,22,9196,买盘
1389,14:56:49,4.18,0.0,22,9194,买盘
1390,14:56:52,4.18,0.0,50,20880,买盘
1391,14:56:58,4.18,0.0,35,14630,买盘
1392,14:57:01,4.18,0.0,14,5852,买盘
1393,14:57:03,4.18,0.0,13,5434,买盘
1394,15:00:04,4.18,0.0,2626,1097668,卖盘
