,time,price,change,volume,amount,type
0,09:25:04,5.06,0.09,7999,4047494,卖盘
1,09:30:00,5.05,-0.01,916,462996,卖盘
2,09:30:04,5.09,0.04,7795,3959382,买盘
3,09:30:06,5.12,0.03,1636,835489,买盘
4,09:30:09,5.08,-0.04,864,441783,卖盘
5,09:30:12,5.13,0.05,481,245047,买盘
6,09:30:15,5.13,0.0,348,177868,买盘
7,09:30:19,5.1,-0.03,118,60134,中性盘
8,09:30:22,5.11,0.01,509,259134,买盘
9,09:30:24,5.12,0.01,363,185593,买盘
10,09:30:27,5.1,-0.02,370,188791,卖盘
11,09:30:30,5.1,0.0,461,234830,买盘
12,09:30:33,5.1,0.0,884,450630,买盘
13,09:30:36,5.09,-0.01,877,446354,卖盘
14,09:30:39,5.08,-0.01,1239,629675,卖盘
15,09:30:42,5.08,0.0,664,337302,买盘
16,09:30:45,5.07,-0.01,2399,1216206,卖盘
17,09:30:48,5.06,-0.01,1035,524799,卖盘
18,09:30:51,5.07,0.01,875,444091,买盘
19,09:30:54,5.08,0.01,385,195780,中性盘
20,09:30:57,5.09,0.01,491,249591,买盘
21,09:31:00,5.09,0.0,442,224616,买盘
22,09:31:04,5.07,-0.02,401,204192,卖盘
23,09:31:06,5.09,0.02,897,455667,买盘
24,09:31:09,5.09,0.0,253,128826,卖盘
25,09:31:12,5.09,0.0,1123,571997,买盘
26,09:31:15,5.08,-0.01,490,249285,卖盘
27,09:31:18,5.09,0.01,592,301338,买盘
28,09:31:21,5.08,-0.01,513,261065,卖盘
29,09:31:24,5.08,0.0,302,153581,卖盘
30,09:31:27,5.09,0.01,629,319868,买盘
31,09:31:30,5.08,-0.01,581,295554,卖盘
32,09:31:33,5.08,0.0,619,314390,买盘
33,09:31:36,5.09,0.01,491,249487,买盘
34,09:31:39,5.08,-0.01,360,182853,卖盘
35,09:31:42,5.08,0.0,368,186837,买盘
36,09:31:45,5.08,0.0,66,33507,买盘
37,09:31:48,5.08,0.0,233,118231,买盘
38,09:31:51,5.07,-0.01,964,489153,卖盘
39,09:31:54,5.08,0.01,188,95366,买盘
40,09:31:57,5.08,0.0,416,211075,买盘
41,09:32:00,5.07,-0.01,1182,600937,卖盘
42,09:32:04,5.07,0.0,717,364208,卖盘
43,09:32:06,5.07,0.0,238,120707,买盘
44,09:32:09,5.07,0.0,245,124291,卖盘
45,09:32:12,5.07,0.0,126,63877,买盘
46,09:32:15,5.06,-0.01,2939,1486264,卖盘
47,09:32:18,5.08,0.02,827,419430,买盘
48,09:32:21,5.08,0.0,228,115619,卖盘
49,09:32:24,5.04,-0.04,1032,520805,卖盘
50,09:32:27,5.04,0.0,367,185718,卖盘
51,09:32:30,5.07,0.03,148,75017,买盘
52,09:32:33,5.04,-0.03,48,24281,卖盘
53,09:32:37,5.06,0.02,535,270180,买盘
54,09:32:39,5.05,-0.01,578,291760,卖盘
55,09:32:42,5.03,-0.02,102,51373,卖盘
56,09:32:45,5.04,0.01,68,34183,买盘
57,09:32:48,5.04,0.0,771,387641,买盘
58,09:32:51,5.02,-0.02,382,192061,卖盘
59,09:32:54,5.03,0.01,210,105721,卖盘
60,09:32:57,5.03,0.0,148,74364,卖盘
61,09:33:00,5.02,-0.01,263,132129,卖盘
62,09:33:04,5.02,0.0,355,178308,卖盘
63,09:33:06,5.02,0.0,21,10542,买盘
64,09:33:09,5.02,0.0,478,239906,买盘
65,09:33:12,5.02,0.0,156,78317,卖盘
66,09:33:15,5.03,0.01,194,97416,买盘
67,09:33:18,5.03,0.0,189,94973,买盘
68,09:33:21,5.03,0.0,490,246410,买盘
69,09:33:24,5.03,0.0,213,107160,买盘
70,09:33:27,5.03,0.0,20,10060,卖盘
71,09:33:30,5.04,0.01,274,137987,买盘
72,09:33:33,5.05,0.01,33,16639,买盘
73,09:33:36,5.04,-0.01,32,16141,卖盘
74,09:33:39,5.05,0.01,134,67654,买盘
75,09:33:42,5.05,0.0,577,291364,买盘
76,09:33:45,5.06,0.01,66,33345,买盘
77,09:33:48,5.07,0.01,177,89570,买盘
78,09:33:51,5.06,-0.01,19,9629,中性盘
79,09:33:54,5.06,0.0,180,91247,卖盘
80,09:33:57,5.07,0.01,220,111507,买盘
81,09:34:00,5.06,-0.01,417,210952,卖盘
82,09:34:03,5.09,0.03,601,305191,买盘
83,09:34:06,5.06,-0.03,298,151079,卖盘
84,09:34:09,5.08,0.02,112,56711,中性盘
85,09:34:12,5.08,0.0,521,265007,买盘
86,09:34:15,5.08,0.0,84,42633,买盘
87,09:34:18,5.08,0.0,74,37530,买盘
88,09:34:22,5.08,0.0,107,54275,买盘
89,09:34:24,5.07,-0.01,104,52758,卖盘
90,09:34:27,5.07,0.0,249,126300,买盘
91,09:34:30,5.06,-0.01,45,22805,卖盘
92,09:34:33,5.07,0.01,488,247099,买盘
93,09:34:36,5.06,-0.01,143,72497,卖盘
94,09:34:39,5.07,0.01,146,73896,买盘
95,09:34:42,5.06,-0.01,145,73390,卖盘
96,09:34:45,5.06,0.0,233,117916,卖盘
97,09:34:49,5.07,0.01,1459,739184,买盘
98,09:34:51,5.06,-0.01,154,77780,买盘
99,09:34:54,5.04,-0.02,1620,817607,卖盘
100,09:34:57,5.05,0.01,140,70748,中性盘
101,09:35:00,5.04,-0.01,127,64019,卖盘
102,09:35:04,5.05,0.01,328,165606,买盘
103,09:35:06,5.05,0.0,231,116452,买盘
104,09:35:09,5.05,0.0,187,94353,买盘
105,09:35:12,5.04,-0.01,501,252816,卖盘
106,09:35:15,5.04,0.0,770,387600,卖盘
107,09:35:21,5.04,0.0,24,12096,买盘
108,09:35:24,5.04,0.0,461,232378,买盘
109,09:35:27,5.04,0.0,325,163839,卖盘
110,09:35:34,5.05,0.01,338,170397,买盘
111,09:35:36,5.04,-0.01,112,56448,卖盘
112,09:35:39,5.03,-0.01,150,75491,卖盘
113,09:35:42,5.05,0.02,271,136821,买盘
114,09:35:45,5.04,-0.01,81,40806,买盘
115,09:35:48,5.03,-0.01,507,255516,卖盘
116,09:35:51,5.04,0.01,152,76439,买盘
117,09:35:54,5.03,-0.01,81,40779,卖盘
118,09:35:57,5.03,0.0,427,214671,卖盘
119,09:36:00,5.04,0.01,19,9571,买盘
120,09:36:04,5.04,0.0,266,134054,买盘
121,09:36:06,5.04,0.0,68,34272,卖盘
122,09:36:09,5.04,0.0,335,168878,卖盘
123,09:36:12,5.05,0.01,424,214088,买盘
124,09:36:15,5.05,0.0,646,325926,买盘
125,09:36:18,5.05,0.0,717,362739,卖盘
126,09:36:21,5.06,0.01,2,1012,买盘
127,09:36:24,5.06,0.0,127,64217,买盘
128,09:36:28,5.05,-0.01,129,65185,卖盘
129,09:36:30,5.06,0.01,358,180948,买盘
130,09:36:33,5.06,0.0,118,59708,卖盘
131,09:36:36,5.06,0.0,146,73876,卖盘
132,09:36:39,5.06,0.0,149,75494,卖盘
133,09:36:42,5.06,0.0,319,161415,卖盘
134,09:36:45,5.06,0.0,342,173201,卖盘
135,09:36:49,5.06,0.0,109,55228,卖盘
136,09:36:51,5.06,0.0,39,19734,卖盘
137,09:36:54,5.07,0.01,136,68942,买盘
138,09:36:57,5.07,0.0,142,72044,卖盘
139,09:37:00,5.07,0.0,62,31438,卖盘
140,09:37:03,5.07,0.0,230,116636,卖盘
141,09:37:06,5.08,0.01,99,50215,买盘
142,09:37:09,5.07,-0.01,345,175003,卖盘
143,09:37:12,5.08,0.01,304,154432,买盘
144,09:37:16,5.07,-0.01,51,25903,卖盘
145,09:37:18,5.08,0.01,233,118364,买盘
146,09:37:21,5.08,0.0,120,61000,卖盘
147,09:37:24,5.08,0.0,169,85942,卖盘
148,09:37:27,5.08,0.0,320,162721,卖盘
149,09:37:30,5.08,0.0,233,118427,买盘
150,09:37:33,5.08,0.0,169,85849,买盘
151,09:37:37,5.08,0.0,99,50292,买盘
152,09:37:39,5.08,0.0,299,151769,买盘
153,09:37:42,5.08,0.0,161,81740,买盘
154,09:37:45,5.07,-0.01,120,60877,卖盘
155,09:37:48,5.08,0.01,125,63416,买盘
156,09:37:51,5.07,-0.01,152,77068,卖盘
157,09:37:54,5.07,0.0,200,101547,卖盘
158,09:37:57,5.07,0.0,82,41574,买盘
159,09:38:00,5.07,0.0,156,79079,买盘
160,09:38:04,5.07,0.0,161,81627,买盘
161,09:38:06,5.07,0.0,157,79491,买盘
162,09:38:09,5.07,0.0,408,206654,买盘
163,09:38:12,5.06,-0.01,184,93225,卖盘
164,09:38:15,5.07,0.01,44,22299,买盘
165,09:38:18,5.07,0.0,14,7088,买盘
166,09:38:22,5.07,0.0,1196,606599,买盘
167,09:38:24,5.07,0.0,117,59319,卖盘
168,09:38:27,5.08,0.01,114,57814,买盘
169,09:38:30,5.07,-0.01,154,78079,卖盘
170,09:38:33,5.06,-0.01,390,197432,卖盘
171,09:38:36,5.07,0.01,102,51679,买盘
172,09:38:39,5.07,0.0,14,7098,买盘
173,09:38:42,5.07,0.0,84,42568,买盘
174,09:38:45,5.07,0.0,276,140132,卖盘
175,09:38:48,5.07,0.0,50,25341,卖盘
176,09:38:51,5.07,0.0,138,69964,买盘
177,09:38:54,5.08,0.01,132,67039,买盘
178,09:38:57,5.07,-0.01,155,78585,卖盘
179,09:39:00,5.08,0.01,27,13709,买盘
180,09:39:04,5.08,0.0,193,98013,买盘
181,09:39:06,5.07,-0.01,289,146674,卖盘
182,09:39:10,5.07,0.0,539,273453,卖盘
183,09:39:12,5.07,0.0,32,16224,买盘
184,09:39:15,5.07,0.0,37,18750,买盘
185,09:39:18,5.08,0.01,419,212346,买盘
186,09:39:21,5.07,-0.01,17,8619,卖盘
187,09:39:24,5.08,0.01,140,71110,买盘
188,09:39:27,5.07,-0.01,169,85812,卖盘
189,09:39:30,5.08,0.01,442,224286,买盘
190,09:39:33,5.08,0.0,131,66546,买盘
191,09:39:36,5.08,0.0,4,2030,买盘
192,09:39:39,5.08,0.0,84,42614,买盘
193,09:39:42,5.08,0.0,85,43180,买盘
194,09:39:45,5.08,0.0,457,232156,买盘
195,09:39:48,5.08,0.0,209,106172,买盘
196,09:39:51,5.08,0.0,126,64008,卖盘
197,09:39:54,5.08,0.0,80,40640,卖盘
198,09:39:57,5.09,0.01,560,284514,买盘
199,09:40:00,5.08,-0.01,5,2540,中性盘
200,09:40:04,5.08,0.0,133,67654,买盘
201,09:40:06,5.08,0.0,193,98044,买盘
202,09:40:09,5.08,0.0,94,47734,买盘
203,09:40:12,5.08,0.0,63,32002,买盘
204,09:40:16,5.08,0.0,158,80264,买盘
205,09:40:18,5.08,0.0,3,1524,买盘
206,09:40:21,5.07,-0.01,11,5577,卖盘
207,09:40:24,5.08,0.01,4,2032,买盘
208,09:40:27,5.07,-0.01,32,16254,卖盘
209,09:40:31,5.07,0.0,20,10140,卖盘
210,09:40:33,5.07,0.0,8,4058,卖盘
211,09:40:36,5.07,0.0,21,10647,卖盘
212,09:40:39,5.07,0.0,133,67443,卖盘
213,09:40:42,5.07,0.0,55,27886,卖盘
214,09:40:45,5.07,0.0,196,99372,卖盘
215,09:40:48,5.07,0.0,164,83205,卖盘
216,09:40:51,5.07,0.0,133,67431,买盘
217,09:40:54,5.08,0.01,168,85326,买盘
218,09:40:57,5.07,-0.01,139,70518,卖盘
219,09:41:01,5.08,0.01,76,38555,买盘
220,09:41:04,5.07,-0.01,80,40560,卖盘
221,09:41:06,5.07,0.0,36,18252,卖盘
222,09:41:09,5.07,0.0,81,41117,卖盘
223,09:41:13,5.08,0.01,233,118156,买盘
224,09:41:15,5.07,-0.01,63,31943,卖盘
225,09:41:18,5.07,0.0,648,328573,卖盘
226,09:41:21,5.07,0.0,68,34495,买盘
227,09:41:24,5.07,0.0,6,3042,买盘
228,09:41:27,5.07,0.0,253,128224,买盘
229,09:41:33,5.08,0.01,430,218414,买盘
230,09:41:36,5.07,-0.01,360,182531,卖盘
231,09:41:40,5.08,0.01,49,24882,买盘
232,09:41:42,5.07,-0.01,39,19773,卖盘
233,09:41:45,5.08,0.01,14,7112,买盘
234,09:41:48,5.08,0.0,199,101092,买盘
235,09:41:51,5.08,0.0,15,7614,买盘
236,09:41:54,5.08,0.0,148,75048,买盘
237,09:41:57,5.08,0.0,16,8128,买盘
238,09:42:00,5.07,-0.01,39,19809,卖盘
239,09:42:04,5.08,0.01,230,116751,买盘
240,09:42:06,5.08,0.0,283,143761,买盘
241,09:42:09,5.07,-0.01,20,10140,卖盘
242,09:42:12,5.07,0.0,60,30420,卖盘
243,09:42:15,5.08,0.01,317,160898,买盘
244,09:42:18,5.07,-0.01,255,129325,卖盘
245,09:42:21,5.08,0.01,495,251460,买盘
246,09:42:24,5.08,0.0,15,7620,卖盘
247,09:42:27,5.07,-0.01,380,192934,卖盘
248,09:42:30,5.07,0.0,55,27890,卖盘
249,09:42:33,5.08,0.01,164,83269,买盘
250,09:42:36,5.07,-0.01,159,80642,卖盘
251,09:42:39,5.07,0.0,390,197998,卖盘
252,09:42:42,5.08,0.01,159,80748,买盘
253,09:42:45,5.07,-0.01,113,57336,卖盘
254,09:42:48,5.07,0.0,173,87711,卖盘
255,09:42:51,5.07,0.0,412,208884,买盘
256,09:42:54,5.07,0.0,84,42588,买盘
257,09:42:57,5.07,0.0,21,10647,买盘
258,09:43:00,5.06,-0.01,75,37975,卖盘
259,09:43:03,5.06,0.0,124,62764,卖盘
260,09:43:06,5.06,0.0,517,261619,卖盘
261,09:43:09,5.07,0.01,155,78542,买盘
262,09:43:12,5.06,-0.01,182,92093,卖盘
263,09:43:15,5.06,0.0,384,194304,卖盘
264,09:43:18,5.06,0.0,4,2024,买盘
265,09:43:21,5.06,0.0,383,193449,买盘
266,09:43:24,5.06,0.0,135,68185,买盘
267,09:43:27,5.06,0.0,852,430454,买盘
268,09:43:30,5.05,-0.01,262,132310,卖盘
269,09:43:33,5.04,-0.01,80,40320,卖盘
270,09:43:36,5.04,0.0,47,23688,卖盘
271,09:43:39,5.02,-0.02,1105,555495,卖盘
272,09:43:42,5.04,0.02,13,6542,买盘
273,09:43:46,5.03,-0.01,290,145949,卖盘
274,09:43:48,5.03,0.0,317,159350,卖盘
275,09:43:51,5.02,-0.01,154,77399,卖盘
276,09:43:54,5.02,0.0,332,166698,卖盘
277,09:43:57,5.02,0.0,139,69885,卖盘
278,09:44:00,5.03,0.01,153,76916,买盘
279,09:44:04,5.02,-0.01,67,33666,卖盘
280,09:44:06,5.02,0.0,586,294183,卖盘
281,09:44:09,5.03,0.01,313,156771,买盘
282,09:44:12,5.02,-0.01,240,120440,买盘
283,09:44:15,5.02,0.0,38,19061,买盘
284,09:44:18,5.02,0.0,468,234822,买盘
285,09:44:21,5.02,0.0,16,8032,卖盘
286,09:44:24,5.02,0.0,242,121604,卖盘
287,09:44:27,5.02,0.0,516,259040,卖盘
288,09:44:30,5.02,0.0,126,63252,卖盘
289,09:44:33,5.02,0.0,684,343502,卖盘
290,09:44:37,5.02,0.0,490,245980,卖盘
291,09:44:39,5.02,0.0,252,126500,买盘
292,09:44:42,5.02,0.0,86,43122,买盘
293,09:44:45,5.02,0.0,263,131907,买盘
294,09:44:48,5.02,0.0,281,140906,买盘
295,09:44:51,5.01,-0.01,82,41114,卖盘
296,09:44:54,5.01,0.0,488,244500,卖盘
297,09:44:57,5.02,0.01,103,51663,买盘
298,09:45:00,5.02,0.0,305,152991,买盘
299,09:45:03,5.02,0.0,23,11546,卖盘
300,09:45:06,5.02,0.0,258,129375,卖盘
301,09:45:09,5.02,0.0,63,31626,买盘
302,09:45:13,5.02,0.0,15,7530,买盘
303,09:45:15,5.02,0.0,162,81314,买盘
304,09:45:18,5.02,0.0,38,19073,买盘
305,09:45:21,5.01,-0.01,135,67740,卖盘
306,09:45:24,5.01,0.0,23,11523,卖盘
307,09:45:27,5.01,0.0,269,134847,卖盘
308,09:45:30,5.01,0.0,127,63676,卖盘
309,09:45:33,5.01,0.0,627,314485,卖盘
310,09:45:36,5.01,0.0,54,27104,卖盘
311,09:45:39,5.01,0.0,846,424252,卖盘
312,09:45:43,5.01,0.0,7,3507,卖盘
313,09:45:45,5.01,0.0,535,267656,卖盘
314,09:45:48,5.01,0.0,140,70215,卖盘
315,09:45:51,5.01,0.0,913,456503,买盘
316,09:45:54,5.01,0.0,412,206380,买盘
317,09:45:57,5.0,-0.01,2268,1134847,卖盘
318,09:46:00,5.0,0.0,131,65527,卖盘
319,09:46:04,5.01,0.01,293,146202,中性盘
320,09:46:06,5.0,-0.01,31,15500,买盘
321,09:46:09,5.0,0.0,102,50994,买盘
322,09:46:12,4.99,-0.01,258,128760,卖盘
323,09:46:18,4.98,-0.01,90,44881,卖盘
324,09:46:21,4.99,0.01,517,257916,买盘
325,09:46:24,4.98,-0.01,458,228203,卖盘
326,09:46:27,4.99,0.01,343,170819,买盘
327,09:46:30,4.98,-0.01,638,318026,卖盘
328,09:46:33,4.99,0.01,168,83832,中性盘
329,09:46:36,4.99,0.0,180,89679,卖盘
330,09:46:39,4.98,-0.01,131,65394,卖盘
331,09:46:42,4.99,0.01,202,100636,卖盘
332,09:46:45,4.98,-0.01,127,63274,卖盘
333,09:46:49,4.98,0.0,114,56821,卖盘
334,09:46:51,5.0,0.02,103,51381,买盘
335,09:46:54,4.99,-0.01,71,35440,卖盘
336,09:46:57,4.99,0.0,110,54890,卖盘
337,09:47:00,4.99,0.0,79,39421,卖盘
338,09:47:04,4.99,0.0,54,26961,卖盘
339,09:47:06,4.99,0.0,308,153692,卖盘
340,09:47:09,4.99,0.0,50,24955,买盘
341,09:47:12,4.99,0.0,149,74346,卖盘
342,09:47:15,4.99,0.0,76,37904,买盘
343,09:47:18,4.98,-0.01,158,78801,卖盘
344,09:47:21,5.0,0.02,240,119800,买盘
345,09:47:24,4.98,-0.02,238,118791,卖盘
346,09:47:27,4.99,0.01,172,85728,中性盘
347,09:47:30,5.0,0.01,233,116500,买盘
348,09:47:33,4.99,-0.01,102,50968,卖盘
349,09:47:36,4.99,0.0,5,2495,卖盘
350,09:47:39,5.0,0.01,268,133761,买盘
351,09:47:42,5.0,0.0,246,122977,买盘
352,09:47:45,5.0,0.0,30,14975,买盘
353,09:47:48,5.0,0.0,58,29000,买盘
354,09:47:51,5.0,0.0,88,43992,买盘
355,09:47:54,5.0,0.0,152,76000,卖盘
356,09:47:57,5.0,0.0,9,4500,卖盘
357,09:48:00,5.0,0.0,108,54097,卖盘
358,09:48:04,5.0,0.0,180,90074,卖盘
359,09:48:06,5.0,0.0,99,49500,卖盘
360,09:48:09,5.0,0.0,105,52540,卖盘
361,09:48:12,5.01,0.01,136,68130,买盘
362,09:48:15,5.01,0.0,82,41010,买盘
363,09:48:18,5.01,0.0,85,42543,买盘
364,09:48:21,5.01,0.0,433,216519,买盘
365,09:48:24,5.01,0.0,24,12006,买盘
366,09:48:27,5.01,0.0,207,103626,买盘
367,09:48:30,5.0,-0.01,126,63109,卖盘
368,09:48:33,5.01,0.01,49,24549,买盘
369,09:48:36,5.0,-0.01,28,14027,卖盘
370,09:48:39,5.01,0.01,79,39528,买盘
371,09:48:43,5.01,0.0,51,25530,买盘
372,09:48:45,5.01,0.0,49,24549,买盘
373,09:48:48,5.01,0.0,87,43968,买盘
374,09:48:51,5.0,-0.01,13,6120,买盘
375,09:48:54,5.0,0.0,56,28051,卖盘
376,09:48:57,5.0,0.0,12,6000,卖盘
377,09:49:00,5.0,0.0,142,71026,卖盘
378,09:49:06,5.0,0.0,225,112500,卖盘
379,09:49:09,5.01,0.01,65,32535,买盘
380,09:49:13,5.0,-0.01,362,181020,卖盘
381,09:49:15,5.0,0.0,152,76028,卖盘
382,09:49:18,4.99,-0.01,1038,518145,卖盘
383,09:49:21,4.99,0.0,163,81312,买盘
384,09:49:24,4.98,-0.01,39,19425,卖盘
385,09:49:27,4.98,0.0,89,44342,卖盘
386,09:49:30,4.98,0.0,888,442224,卖盘
387,09:49:33,4.98,0.0,244,121529,卖盘
388,09:49:36,4.97,-0.01,283,140979,卖盘
389,09:49:39,4.98,0.01,273,135682,买盘
390,09:49:42,4.98,0.0,1323,657551,买盘
391,09:49:45,4.97,-0.01,277,137852,卖盘
392,09:49:48,4.97,0.0,393,195342,卖盘
393,09:49:51,4.97,0.0,126,62622,卖盘
394,09:49:54,4.96,-0.01,6,2976,卖盘
395,09:49:57,4.96,0.0,47,23312,卖盘
396,09:50:01,4.97,0.01,334,165702,买盘
397,09:50:04,4.96,-0.01,318,157834,卖盘
398,09:50:06,4.97,0.01,145,72000,买盘
399,09:50:09,4.97,0.0,227,112638,买盘
400,09:50:12,4.96,-0.01,62,30772,卖盘
401,09:50:15,4.97,0.01,376,186795,买盘
402,09:50:18,4.97,0.0,222,110330,买盘
403,09:50:21,4.97,0.0,218,108334,买盘
404,09:50:24,4.97,0.0,32,15924,卖盘
405,09:50:27,4.97,0.0,248,123256,卖盘
406,09:50:30,4.98,0.01,95,47285,买盘
407,09:50:33,4.98,0.0,44,21912,买盘
408,09:50:36,4.98,0.0,8,3983,买盘
409,09:50:39,4.98,0.0,250,124500,买盘
410,09:50:42,4.98,0.0,212,105576,买盘
411,09:50:48,4.98,0.0,17,8476,卖盘
412,09:50:51,4.98,0.0,8,3986,卖盘
413,09:50:54,4.99,0.01,82,40863,买盘
414,09:50:57,4.98,-0.01,78,38844,卖盘
415,09:51:00,4.99,0.01,111,55346,买盘
416,09:51:04,4.99,0.0,17,8473,买盘
417,09:51:06,4.99,0.0,335,167165,买盘
418,09:51:09,4.98,-0.01,181,90268,卖盘
419,09:51:12,4.99,0.01,16,7984,买盘
420,09:51:15,4.98,-0.01,213,106214,卖盘
421,09:51:18,5.0,0.02,109,54500,买盘
422,09:51:21,4.99,-0.01,3,1497,卖盘
423,09:51:25,5.0,0.01,115,57306,买盘
424,09:51:27,4.99,-0.01,40,19960,买盘
425,09:51:30,5.0,0.01,16,7994,买盘
426,09:51:33,5.0,0.0,105,52488,买盘
427,09:51:36,5.0,0.0,21,10480,买盘
428,09:51:39,5.0,0.0,94,46950,买盘
429,09:51:42,4.99,-0.01,11,5490,卖盘
430,09:51:45,4.99,0.0,324,161785,卖盘
431,09:51:48,4.99,0.0,45,22455,卖盘
432,09:51:51,4.99,0.0,43,21457,卖盘
433,09:51:54,5.0,0.01,79,39500,买盘
434,09:51:57,4.99,-0.01,44,22345,卖盘
435,09:52:00,5.0,0.01,38,18974,买盘
436,09:52:03,4.99,-0.01,10,4990,卖盘
437,09:52:06,4.99,0.0,6,2997,卖盘
438,09:52:09,5.0,0.01,289,144357,买盘
439,09:52:12,5.0,0.0,21,10500,买盘
440,09:52:16,5.0,0.0,14,7005,卖盘
441,09:52:18,5.01,0.01,41,20512,买盘
442,09:52:21,5.01,0.0,30,15030,买盘
443,09:52:24,5.0,-0.01,76,38000,卖盘
444,09:52:27,5.0,0.0,40,20000,卖盘
445,09:52:30,5.0,0.0,264,132037,卖盘
446,09:52:33,5.0,0.0,158,79000,买盘
447,09:52:36,4.99,-0.01,328,163698,卖盘
448,09:52:39,5.0,0.01,190,95000,买盘
449,09:52:42,5.0,0.0,37,18500,卖盘
450,09:52:45,5.0,0.0,111,55500,卖盘
451,09:52:48,5.0,0.0,14,7000,卖盘
452,09:52:51,5.01,0.01,84,42001,买盘
453,09:52:54,5.01,0.0,70,35065,买盘
454,09:52:57,5.01,0.0,265,132709,买盘
455,09:53:00,5.01,0.0,310,155290,买盘
456,09:53:04,5.01,0.0,62,31062,买盘
457,09:53:09,5.01,0.0,52,26010,买盘
458,09:53:15,5.0,-0.01,10,5000,卖盘
459,09:53:18,5.01,0.01,66,33031,买盘
460,09:53:21,5.0,-0.01,465,232500,卖盘
461,09:53:24,5.0,0.0,22,11000,买盘
462,09:53:27,5.0,0.0,52,25990,买盘
463,09:53:30,4.99,-0.01,7,3493,卖盘
464,09:53:33,5.0,0.01,96,47913,买盘
465,09:53:36,4.99,-0.01,71,35429,卖盘
466,09:53:39,4.99,0.0,71,35429,买盘
467,09:53:42,4.98,-0.01,539,268422,卖盘
468,09:53:45,4.99,0.01,105,52445,买盘
469,09:53:48,4.98,-0.01,154,76742,卖盘
470,09:53:51,4.98,0.0,2,996,卖盘
471,09:53:54,4.98,0.0,40,19930,卖盘
472,09:53:58,4.98,0.0,157,78229,卖盘
473,09:54:00,4.98,0.0,16,7968,卖盘
474,09:54:03,4.99,0.01,55,27420,买盘
475,09:54:06,4.99,0.0,117,58271,买盘
476,09:54:09,4.98,-0.01,16,7979,卖盘
477,09:54:12,4.99,0.01,44,21920,买盘
478,09:54:15,4.98,-0.01,61,30378,卖盘
479,09:54:18,4.98,0.0,37,18426,卖盘
480,09:54:21,4.99,0.01,9,4491,买盘
481,09:54:24,4.99,0.0,15,7480,买盘
482,09:54:27,4.99,0.0,2,998,买盘
483,09:54:30,4.98,-0.01,25,12474,卖盘
484,09:54:33,4.99,0.01,45,22455,买盘
485,09:54:36,4.98,-0.01,432,215416,卖盘
486,09:54:39,4.98,0.0,31,15438,卖盘
487,09:54:42,4.99,0.01,13,6487,买盘
488,09:54:48,4.99,0.0,256,127576,买盘
489,09:54:51,4.99,0.0,290,144430,买盘
490,09:54:54,4.98,-0.01,37,18460,卖盘
491,09:54:57,4.99,0.01,78,38922,买盘
492,09:55:00,4.99,0.0,14,6986,卖盘
493,09:55:04,4.99,0.0,7,3493,卖盘
494,09:55:12,5.0,0.01,151,75350,买盘
495,09:55:15,4.99,-0.01,195,97339,卖盘
496,09:55:19,4.99,0.0,1,499,买盘
497,09:55:22,4.99,0.0,13,6487,买盘
498,09:55:24,4.99,0.0,1120,557781,买盘
499,09:55:30,4.98,-0.01,68,33874,卖盘
500,09:55:33,4.99,0.01,35,17465,中性盘
501,09:55:36,4.98,-0.01,109,54310,卖盘
502,09:55:42,4.98,0.0,412,205176,卖盘
503,09:55:45,4.98,0.0,5,2490,买盘
504,09:55:51,4.98,0.0,21,10457,买盘
505,09:55:54,4.97,-0.01,38,18892,卖盘
506,09:55:57,4.97,0.0,100,49700,卖盘
507,09:56:01,4.97,0.0,208,103441,卖盘
508,09:56:06,4.97,0.0,138,68586,卖盘
509,09:56:09,4.97,0.0,79,39271,卖盘
510,09:56:12,4.97,0.0,61,30317,卖盘
511,09:56:21,4.98,0.01,360,179280,买盘
512,09:56:24,4.98,0.0,150,74700,卖盘
513,09:56:27,4.98,0.0,1,498,买盘
514,09:56:30,4.98,0.0,61,30378,买盘
515,09:56:33,4.98,0.0,1,498,买盘
516,09:56:36,4.98,0.0,7,3486,买盘
517,09:56:39,4.98,0.0,38,18924,买盘
518,09:56:42,4.98,0.0,149,74114,买盘
519,09:56:45,4.97,-0.01,73,36302,卖盘
520,09:56:48,4.98,0.01,93,46263,买盘
521,09:56:51,4.98,0.0,30,14940,买盘
522,09:56:54,4.97,-0.01,139,69083,卖盘
523,09:56:57,4.97,0.0,246,122428,卖盘
524,09:57:00,4.98,0.01,15,7470,买盘
525,09:57:04,4.97,-0.01,81,40317,卖盘
526,09:57:06,4.98,0.01,103,51294,买盘
527,09:57:09,4.97,-0.01,47,23359,卖盘
528,09:57:12,4.97,0.0,46,22877,卖盘
529,09:57:15,4.97,0.0,86,42826,卖盘
530,09:57:18,4.97,0.0,171,85005,卖盘
531,09:57:21,4.98,0.01,37,18426,买盘
532,09:57:24,4.98,0.0,62,30867,买盘
533,09:57:30,4.98,0.0,11,5478,卖盘
534,09:57:33,4.98,0.0,257,127996,卖盘
535,09:57:37,4.97,-0.01,26,12938,卖盘
536,09:57:39,4.98,0.01,6,2988,买盘
537,09:57:42,4.98,0.0,158,78684,买盘
538,09:57:45,4.98,0.0,18,8964,买盘
539,09:57:48,4.97,-0.01,20,9955,卖盘
540,09:57:51,4.97,0.0,91,45295,卖盘
541,09:57:54,4.98,0.01,31,15438,买盘
542,09:57:57,4.97,-0.01,1,497,卖盘
543,09:58:00,4.98,0.01,39,19422,买盘
544,09:58:06,4.97,-0.01,32,15929,卖盘
545,09:58:09,4.98,0.01,47,23382,买盘
546,09:58:13,4.98,0.0,67,33366,买盘
547,09:58:15,4.98,0.0,33,16434,买盘
548,09:58:18,4.98,0.0,21,10458,卖盘
549,09:58:21,4.97,-0.01,150,74637,卖盘
550,09:58:27,4.98,0.01,5,2490,买盘
551,09:58:30,4.98,0.0,11,5478,买盘
552,09:58:33,4.97,-0.01,26,12922,卖盘
553,09:58:36,4.98,0.01,150,74700,买盘
554,09:58:39,4.98,0.0,19,9447,买盘
555,09:58:42,4.98,0.0,4,1992,买盘
556,09:58:45,4.97,-0.01,299,148623,卖盘
557,09:58:49,4.97,0.0,129,64113,卖盘
558,09:58:52,4.98,0.01,235,116823,买盘
559,09:58:54,4.97,-0.01,262,130258,卖盘
560,09:58:57,4.98,0.01,73,36301,买盘
561,09:59:00,4.98,0.0,106,52738,买盘
562,09:59:04,4.98,0.0,11,5478,卖盘
563,09:59:06,4.98,0.0,13,6474,买盘
564,09:59:09,4.98,0.0,71,35358,买盘
565,09:59:12,4.97,-0.01,102,50697,卖盘
566,09:59:15,4.97,0.0,88,43771,卖盘
567,09:59:21,4.97,0.0,6,2982,卖盘
568,09:59:25,4.97,0.0,18,8946,卖盘
569,09:59:28,4.98,0.01,189,94033,买盘
570,09:59:30,4.97,-0.01,5,2485,卖盘
571,09:59:33,4.97,0.0,92,45740,卖盘
572,09:59:39,4.98,0.01,52,25881,买盘
573,09:59:42,4.98,0.0,50,24860,买盘
574,09:59:45,4.97,-0.01,5,2485,卖盘
575,09:59:49,4.97,0.0,2,994,卖盘
576,09:59:51,4.97,0.0,4,1988,卖盘
577,09:59:54,4.97,0.0,10,4970,卖盘
578,09:59:57,4.97,0.0,83,41251,卖盘
579,10:00:04,4.97,0.0,30,14910,卖盘
580,10:00:06,4.97,0.0,363,180411,卖盘
581,10:00:09,4.97,0.0,65,32305,卖盘
582,10:00:12,4.97,0.0,21,10440,卖盘
583,10:00:16,4.97,0.0,110,54670,卖盘
584,10:00:18,4.98,0.01,348,173043,买盘
585,10:00:21,4.97,-0.01,208,103381,卖盘
586,10:00:24,4.97,0.0,45,22365,卖盘
587,10:00:27,4.98,0.01,42,20916,买盘
588,10:00:30,4.97,-0.01,300,149100,卖盘
589,10:00:33,4.97,0.0,11,5467,卖盘
590,10:00:36,4.97,0.0,36,17892,卖盘
591,10:00:39,4.98,0.01,482,239922,买盘
592,10:00:45,4.98,0.0,6,2988,买盘
593,10:00:48,4.97,-0.01,10,4970,卖盘
594,10:00:51,4.98,0.01,10,4980,买盘
595,10:00:54,4.97,-0.01,148,73688,卖盘
596,10:01:00,4.98,0.01,5,2490,买盘
597,10:01:04,4.98,0.0,152,75557,买盘
598,10:01:06,4.97,-0.01,153,76099,卖盘
599,10:01:09,4.98,0.01,186,92604,买盘
600,10:01:12,4.98,0.0,111,55278,买盘
601,10:01:15,4.98,0.0,11,5475,买盘
602,10:01:21,4.99,0.01,116,57868,买盘
603,10:01:24,4.98,-0.01,40,19920,卖盘
604,10:01:27,4.98,0.0,55,27395,卖盘
605,10:01:33,4.98,0.0,24,11952,卖盘
606,10:01:36,4.99,0.01,100,49900,买盘
607,10:01:39,4.98,-0.01,45,22410,卖盘
608,10:01:42,4.98,0.0,19,9462,卖盘
609,10:01:45,4.98,0.0,409,203682,卖盘
610,10:01:48,4.98,0.0,33,16414,买盘
611,10:01:52,4.98,0.0,111,55278,买盘
612,10:01:54,4.98,0.0,68,33864,买盘
613,10:02:00,4.98,0.0,1,498,卖盘
614,10:02:04,4.98,0.0,16,7968,卖盘
615,10:02:06,4.98,0.0,126,62748,卖盘
616,10:02:15,4.99,0.01,69,34372,买盘
617,10:02:18,4.99,0.0,3,1497,买盘
618,10:02:21,4.98,-0.01,172,85656,卖盘
619,10:02:24,4.99,0.01,55,27444,买盘
620,10:02:27,4.99,0.0,43,21457,买盘
621,10:02:31,4.98,-0.01,345,171833,卖盘
622,10:02:36,5.0,0.02,970,484631,买盘
623,10:02:39,4.98,-0.02,20,9960,卖盘
624,10:02:42,4.99,0.01,1,499,卖盘
625,10:02:45,5.0,0.01,500,250000,买盘
626,10:02:48,5.0,0.0,10,5000,买盘
627,10:02:51,4.99,-0.01,124,61949,卖盘
628,10:02:54,4.99,0.0,102,50998,卖盘
629,10:02:57,4.99,0.0,135,67463,卖盘
630,10:03:06,5.0,0.01,18,9000,卖盘
631,10:03:09,5.0,0.0,10,5000,卖盘
632,10:03:13,5.01,0.01,55,27510,买盘
633,10:03:15,5.01,0.0,30,15030,买盘
634,10:03:18,5.0,-0.01,494,247472,卖盘
635,10:03:21,5.01,0.01,19,9519,买盘
636,10:03:24,5.01,0.0,37,18537,买盘
637,10:03:27,5.01,0.0,10,5010,买盘
638,10:03:30,5.01,0.0,73,36573,买盘
639,10:03:36,5.0,-0.01,74,37059,卖盘
640,10:03:39,5.01,0.01,62,31062,买盘
641,10:03:42,5.01,0.0,100,50100,买盘
642,10:03:45,5.01,0.0,8,4008,买盘
643,10:03:48,5.01,0.0,10,5010,买盘
644,10:03:51,5.01,0.0,14,7014,买盘
645,10:03:54,5.0,-0.01,44,22010,卖盘
646,10:03:57,5.0,0.0,289,144517,卖盘
647,10:04:00,5.01,0.01,12,6010,买盘
648,10:04:04,5.01,0.0,9,4509,买盘
649,10:04:06,5.01,0.0,181,90680,买盘
650,10:04:09,5.0,-0.01,170,85100,卖盘
651,10:04:12,5.0,0.0,18,9000,卖盘
652,10:04:15,5.0,0.0,195,97500,买盘
653,10:04:18,4.99,-0.01,161,80441,卖盘
654,10:04:22,5.0,0.01,130,64930,买盘
655,10:04:25,5.0,0.0,9,4500,买盘
656,10:04:27,5.0,0.0,137,68500,买盘
657,10:04:30,5.0,0.0,4,2000,买盘
658,10:04:33,5.0,0.0,13,6500,买盘
659,10:04:39,4.99,-0.01,14,6992,卖盘
660,10:04:42,4.99,0.0,74,36926,卖盘
661,10:04:45,4.99,0.0,84,41966,卖盘
662,10:04:48,4.99,0.0,27,13473,卖盘
663,10:04:51,5.0,0.01,2,1000,买盘
664,10:04:54,4.99,-0.01,600,299385,卖盘
665,10:04:57,5.0,0.01,89,44500,买盘
666,10:05:00,4.99,-0.01,26,12974,卖盘
667,10:05:06,4.99,0.0,24,11996,卖盘
668,10:05:09,4.97,-0.02,3729,1855870,卖盘
669,10:05:13,4.97,0.0,70,34790,买盘
670,10:05:19,4.97,0.0,30,14910,买盘
671,10:05:21,4.97,0.0,19,9443,买盘
672,10:05:24,4.97,0.0,6,2982,买盘
673,10:05:27,4.97,0.0,3,1491,卖盘
674,10:05:30,4.97,0.0,30,14910,卖盘
675,10:05:33,4.98,0.01,66,32862,买盘
676,10:05:42,4.98,0.0,10,4980,买盘
677,10:05:45,4.97,-0.01,291,144630,卖盘
678,10:05:49,4.97,0.0,67,33299,买盘
679,10:05:51,4.98,0.01,19,9446,买盘
680,10:05:54,4.96,-0.02,22,10912,卖盘
681,10:06:00,4.97,0.01,12,5964,卖盘
682,10:06:03,4.97,0.0,97,48204,卖盘
683,10:06:06,4.97,0.0,173,85981,卖盘
684,10:06:09,4.97,0.0,58,28826,卖盘
685,10:06:12,4.97,0.0,70,34798,卖盘
686,10:06:16,4.97,0.0,75,37275,卖盘
687,10:06:21,4.97,0.0,43,21371,卖盘
688,10:06:24,4.97,0.0,595,295726,卖盘
689,10:06:27,4.97,0.0,65,32305,买盘
690,10:06:30,4.96,-0.01,85,42162,卖盘
691,10:06:33,4.97,0.01,2,994,买盘
692,10:06:36,4.96,-0.01,9,4464,卖盘
693,10:06:39,4.97,0.01,142,70573,买盘
694,10:06:42,4.96,-0.01,172,85438,卖盘
695,10:06:45,4.97,0.01,6,2977,买盘
696,10:06:48,4.97,0.0,81,40204,买盘
697,10:06:51,4.96,-0.01,95,47127,卖盘
698,10:06:57,4.97,0.01,69,34265,买盘
699,10:07:06,4.96,-0.01,19,9424,卖盘
700,10:07:09,4.96,0.0,77,38192,卖盘
701,10:07:12,4.96,0.0,165,81855,卖盘
702,10:07:18,4.96,0.0,30,14880,卖盘
703,10:07:22,4.96,0.0,26,12896,卖盘
704,10:07:24,4.96,0.0,6,2976,卖盘
705,10:07:27,4.96,0.0,14,6944,卖盘
706,10:07:30,4.96,0.0,65,32248,卖盘
707,10:07:33,4.97,0.01,48,23836,买盘
708,10:07:36,4.96,-0.01,33,16368,卖盘
709,10:07:39,4.96,0.0,1,496,卖盘
710,10:07:42,4.96,0.0,119,59024,卖盘
711,10:07:45,4.96,0.0,70,34770,卖盘
712,10:07:48,4.96,0.0,52,25812,卖盘
713,10:07:51,4.96,0.0,28,13888,卖盘
714,10:07:54,4.96,0.0,33,16368,卖盘
715,10:07:57,4.96,0.0,265,131440,卖盘
716,10:08:00,4.97,0.01,83,41187,买盘
717,10:08:04,4.96,-0.01,310,153760,卖盘
718,10:08:06,4.96,0.0,89,44146,卖盘
719,10:08:09,4.96,0.0,73,36208,卖盘
720,10:08:12,4.96,0.0,374,185520,卖盘
721,10:08:15,4.96,0.0,382,189472,卖盘
722,10:08:21,4.96,0.0,212,105052,买盘
723,10:08:25,4.95,-0.01,63,31185,卖盘
724,10:08:27,4.95,0.0,344,170283,卖盘
725,10:08:30,4.95,0.0,377,186615,卖盘
726,10:08:33,4.95,0.0,704,348481,卖盘
727,10:08:36,4.95,0.0,758,375210,卖盘
728,10:08:39,4.94,-0.01,82,40518,卖盘
729,10:08:42,4.94,0.0,290,143260,卖盘
730,10:08:45,4.94,0.0,163,80522,卖盘
731,10:08:48,4.94,0.0,427,210943,卖盘
732,10:08:51,4.94,0.0,183,90402,卖盘
733,10:08:54,4.93,-0.01,10,4930,卖盘
734,10:08:57,4.94,0.01,139,68587,买盘
735,10:09:01,4.93,-0.01,135,66555,卖盘
736,10:09:04,4.93,0.0,317,156294,卖盘
737,10:09:06,4.93,0.0,6,2958,卖盘
738,10:09:09,4.93,0.0,345,170180,卖盘
739,10:09:12,4.92,-0.01,392,193239,卖盘
740,10:09:15,4.93,0.01,47,23171,买盘
741,10:09:18,4.92,-0.01,87,42834,卖盘
742,10:09:21,4.92,0.0,630,309973,卖盘
743,10:09:24,4.92,0.0,209,102828,买盘
744,10:09:27,4.92,0.0,199,97765,买盘
745,10:09:30,4.92,0.0,597,293546,买盘
746,10:09:34,4.93,0.01,293,144309,买盘
747,10:09:36,4.92,-0.01,277,136539,卖盘
748,10:09:39,4.92,0.0,12,5906,卖盘
749,10:09:42,4.93,0.01,14,6891,买盘
750,10:09:45,4.93,0.0,47,23171,买盘
751,10:09:48,4.93,0.0,10,4930,卖盘
752,10:09:52,4.93,0.0,203,100079,卖盘
753,10:09:54,4.94,0.01,60,29630,买盘
754,10:09:57,4.93,-0.01,332,163689,卖盘
755,10:10:01,4.93,0.0,91,44947,卖盘
756,10:10:03,4.92,-0.01,95,46842,卖盘
757,10:10:06,4.93,0.01,89,43905,中性盘
758,10:10:10,4.93,0.0,61,30073,卖盘
759,10:10:12,4.92,-0.01,94,46282,卖盘
760,10:10:15,4.93,0.01,21,10346,中性盘
761,10:10:18,4.93,0.0,18,8874,卖盘
762,10:10:21,4.93,0.0,72,35484,卖盘
763,10:10:24,4.93,0.0,5,2465,买盘
764,10:10:27,4.93,0.0,73,36003,买盘
765,10:10:30,4.93,0.0,209,102890,卖盘
766,10:10:33,4.93,0.0,10,4930,买盘
767,10:10:36,4.92,-0.01,126,62044,卖盘
768,10:10:39,4.92,0.0,145,71471,卖盘
769,10:10:42,4.92,0.0,156,76836,卖盘
770,10:10:45,4.92,0.0,165,81300,卖盘
771,10:10:48,4.94,0.02,47,23218,买盘
772,10:10:51,4.93,-0.01,115,56785,卖盘
773,10:10:54,4.92,-0.01,260,128098,卖盘
774,10:10:57,4.93,0.01,73,36030,卖盘
775,10:11:00,4.93,0.0,5,2465,买盘
776,10:11:03,4.92,-0.01,21,10337,卖盘
777,10:11:06,4.93,0.01,107,52720,买盘
778,10:11:09,4.92,-0.01,123,60516,卖盘
779,10:11:12,4.93,0.01,225,110925,买盘
780,10:11:15,4.93,0.0,72,35496,卖盘
781,10:11:19,4.94,0.01,50,24653,买盘
782,10:11:21,4.94,0.0,43,21242,买盘
783,10:11:24,4.93,-0.01,7,3455,卖盘
784,10:11:27,4.93,0.0,24,11855,卖盘
785,10:11:30,4.93,0.0,66,32538,卖盘
786,10:11:33,4.94,0.01,20,9880,买盘
787,10:11:36,4.94,0.0,36,17784,买盘
788,10:11:39,4.94,0.0,90,44375,买盘
789,10:11:42,4.94,0.0,2,988,买盘
790,10:11:45,4.94,0.0,50,24700,买盘
791,10:11:48,4.94,0.0,168,82979,买盘
792,10:11:51,4.94,0.0,142,70148,买盘
793,10:11:54,4.94,0.0,55,27170,买盘
794,10:11:57,4.94,0.0,5,2470,卖盘
795,10:12:04,4.94,0.0,70,34580,卖盘
796,10:12:06,4.95,0.01,64,31631,买盘
797,10:12:09,4.94,-0.01,33,16302,买盘
798,10:12:13,4.94,0.0,45,22230,卖盘
799,10:12:15,4.94,0.0,19,9386,买盘
800,10:12:18,4.94,0.0,29,14340,卖盘
801,10:12:21,4.94,0.0,47,23218,卖盘
802,10:12:24,4.94,0.0,63,31122,卖盘
803,10:12:31,4.94,0.0,25,12352,卖盘
804,10:12:34,4.95,0.01,39,19293,买盘
805,10:12:39,4.94,-0.01,20,9880,卖盘
806,10:12:51,4.95,0.01,216,106764,买盘
807,10:12:57,4.94,-0.01,29,14326,卖盘
808,10:13:00,4.94,0.0,6,2964,卖盘
809,10:13:04,4.94,0.0,43,21242,卖盘
810,10:13:06,4.94,0.0,278,137360,卖盘
811,10:13:09,4.95,0.01,41,20295,买盘
812,10:13:12,4.94,-0.01,10,4940,卖盘
813,10:13:18,4.94,0.0,34,16799,卖盘
814,10:13:21,4.95,0.01,525,259865,买盘
815,10:13:24,4.94,-0.01,51,25194,卖盘
816,10:13:27,4.95,0.01,193,95535,买盘
817,10:13:30,4.94,-0.01,88,43472,卖盘
818,10:13:33,4.95,0.01,10,4950,买盘
819,10:13:37,4.95,0.0,30,14850,买盘
820,10:13:42,4.95,0.0,30,14850,卖盘
821,10:13:45,4.95,0.0,7,3465,买盘
822,10:13:48,4.94,-0.01,43,21252,卖盘
823,10:13:51,4.95,0.01,15,7425,买盘
824,10:13:55,4.95,0.0,141,69695,买盘
825,10:13:57,4.95,0.0,119,58875,买盘
826,10:14:00,4.94,-0.01,74,36574,卖盘
827,10:14:03,4.95,0.01,50,24750,买盘
828,10:14:06,4.95,0.0,26,12870,卖盘
829,10:14:09,4.95,0.0,15,7425,卖盘
830,10:14:12,4.94,-0.01,110,54536,卖盘
831,10:14:15,4.95,0.01,10,4950,买盘
832,10:14:18,4.95,0.0,2,990,买盘
833,10:14:21,4.94,-0.01,20,9880,卖盘
834,10:14:30,4.94,0.0,23,11362,卖盘
835,10:14:33,4.94,0.0,61,30134,卖盘
836,10:14:36,4.95,0.01,18,8900,买盘
837,10:14:39,4.94,-0.01,24,11856,卖盘
838,10:14:42,4.94,0.0,40,19760,卖盘
839,10:14:45,4.94,0.0,15,7410,卖盘
840,10:14:48,4.94,0.0,3,1482,卖盘
841,10:14:54,4.95,0.01,43,21285,买盘
842,10:15:00,4.94,-0.01,137,67678,卖盘
843,10:15:04,4.95,0.01,10,4949,买盘
844,10:15:09,4.94,-0.01,47,23218,卖盘
845,10:15:12,4.94,0.0,461,227305,买盘
846,10:15:15,4.94,0.0,56,27619,买盘
847,10:15:19,4.94,0.0,1,494,买盘
848,10:15:24,4.94,0.0,10,4940,买盘
849,10:15:27,4.93,-0.01,12,5927,卖盘
850,10:15:30,4.93,0.0,20,9860,卖盘
851,10:15:33,4.93,0.0,19,9367,卖盘
852,10:15:36,4.93,0.0,55,27115,卖盘
853,10:15:39,4.93,0.0,40,19720,卖盘
854,10:15:42,4.93,0.0,60,29580,卖盘
855,10:15:45,4.93,0.0,79,39009,卖盘
856,10:15:52,4.92,-0.01,312,153684,卖盘
857,10:15:55,4.93,0.01,22,10846,买盘
858,10:15:57,4.92,-0.01,13,6399,卖盘
859,10:16:00,4.93,0.01,101,49793,买盘
860,10:16:03,4.92,-0.01,266,130878,卖盘
861,10:16:10,4.93,0.01,131,64583,买盘
862,10:16:12,4.92,-0.01,184,90565,卖盘
863,10:16:15,4.92,0.0,31,15252,卖盘
864,10:16:18,4.92,0.0,77,37894,卖盘
865,10:16:21,4.92,0.0,30,14760,卖盘
866,10:16:24,4.93,0.01,6,2958,买盘
867,10:16:28,4.92,-0.01,14,6888,卖盘
868,10:16:31,4.92,0.0,376,185012,卖盘
869,10:16:33,4.93,0.01,233,114861,买盘
870,10:16:37,4.92,-0.01,31,15282,卖盘
871,10:16:39,4.92,0.0,78,38406,卖盘
872,10:16:42,4.92,0.0,107,52710,卖盘
873,10:16:45,4.92,0.0,2,984,卖盘
874,10:16:51,4.92,0.0,29,14272,卖盘
875,10:16:54,4.92,0.0,300,147600,卖盘
876,10:17:00,4.92,0.0,23,11316,卖盘
877,10:17:04,4.92,0.0,100,49200,卖盘
878,10:17:06,4.92,0.0,5,2464,卖盘
879,10:17:09,4.93,0.01,8,3944,买盘
880,10:17:12,4.92,-0.01,12,5906,卖盘
881,10:17:15,4.93,0.01,5,2465,买盘
882,10:17:18,4.92,-0.01,40,19682,卖盘
883,10:17:21,4.93,0.01,193,94976,买盘
884,10:17:24,4.93,0.0,1,493,买盘
885,10:17:27,4.93,0.0,2,986,买盘
886,10:17:30,4.92,-0.01,56,27582,卖盘
887,10:17:36,4.93,0.01,54,26578,买盘
888,10:17:43,4.92,-0.01,111,54713,卖盘
889,10:17:48,4.94,0.02,599,295764,买盘
890,10:17:51,4.92,-0.02,8,3936,卖盘
891,10:17:54,4.92,0.0,33,16236,卖盘
892,10:17:57,4.93,0.01,22,10826,买盘
893,10:18:00,4.93,0.0,1,493,卖盘
894,10:18:06,4.93,0.0,10,4930,卖盘
895,10:18:12,4.94,0.01,1,494,买盘
896,10:18:15,4.93,-0.01,148,72964,卖盘
897,10:18:21,4.93,0.0,120,59160,买盘
898,10:18:24,4.93,0.0,30,14790,卖盘
899,10:18:37,4.93,0.0,136,67048,卖盘
900,10:18:39,4.93,0.0,12,5916,卖盘
901,10:18:42,4.92,-0.01,63,31056,卖盘
902,10:18:45,4.93,0.01,10,4930,卖盘
903,10:18:48,4.93,0.0,37,18241,卖盘
904,10:18:51,4.93,0.0,13,6409,卖盘
905,10:18:54,4.94,0.01,101,49894,买盘
906,10:19:00,4.93,-0.01,19,9367,卖盘
907,10:19:04,4.93,0.0,245,120785,卖盘
908,10:19:12,4.93,0.0,60,29580,卖盘
909,10:19:15,4.93,0.0,41,20215,卖盘
910,10:19:22,4.93,0.0,10,4930,卖盘
911,10:19:24,4.93,0.0,112,55216,卖盘
912,10:19:27,4.93,0.0,5,2465,卖盘
913,10:19:33,4.93,0.0,19,9367,卖盘
914,10:19:36,4.93,0.0,107,52751,卖盘
915,10:19:39,4.93,0.0,31,15283,卖盘
916,10:19:42,4.94,0.01,377,186238,买盘
917,10:19:45,4.93,-0.01,100,49354,卖盘
918,10:19:54,4.93,0.0,243,119799,卖盘
919,10:19:58,4.93,0.0,87,42891,买盘
920,10:20:00,4.93,0.0,20,9860,买盘
921,10:20:09,4.93,0.0,157,77296,买盘
922,10:20:15,4.92,-0.01,252,124214,卖盘
923,10:20:22,4.92,0.0,80,39410,卖盘
924,10:20:28,4.92,0.0,21,10332,卖盘
925,10:20:30,4.92,0.0,138,67896,卖盘
926,10:20:33,4.93,0.01,176,86642,买盘
927,10:20:36,4.92,-0.01,15,7380,卖盘
928,10:20:42,4.92,0.0,243,119766,卖盘
929,10:20:49,4.92,0.0,26,12792,卖盘
930,10:20:54,4.93,0.01,11,5423,买盘
931,10:21:03,4.93,0.0,48,23664,卖盘
932,10:21:06,4.93,0.0,119,58667,买盘
933,10:21:12,4.94,0.01,58,28638,买盘
934,10:21:15,4.94,0.0,93,45940,买盘
935,10:21:18,4.93,-0.01,131,64583,卖盘
936,10:21:21,4.94,0.01,12,5926,买盘
937,10:21:24,4.94,0.0,46,22724,买盘
938,10:21:27,4.94,0.0,123,60762,买盘
939,10:21:30,4.94,0.0,12,5928,买盘
940,10:21:33,4.93,-0.01,134,66062,卖盘
941,10:21:36,4.94,0.01,15,7410,买盘
942,10:21:42,4.94,0.0,36,17784,买盘
943,10:21:48,4.94,0.0,40,19760,买盘
944,10:22:01,4.94,0.0,56,27664,买盘
945,10:22:06,4.95,0.01,20,9900,买盘
946,10:22:09,4.94,-0.01,7,3458,卖盘
947,10:22:15,4.95,0.01,12,5940,买盘
948,10:22:18,4.94,-0.01,48,23712,卖盘
949,10:22:27,4.95,0.01,10,4950,买盘
950,10:22:30,4.95,0.0,5,2475,买盘
951,10:22:33,4.95,0.0,163,80685,买盘
952,10:22:36,4.95,0.0,33,16335,买盘
953,10:22:39,4.94,-0.01,7,3458,卖盘
954,10:22:42,4.95,0.01,16,7920,买盘
955,10:22:45,4.95,0.0,48,23760,买盘
956,10:22:51,4.95,0.0,426,210870,买盘
957,10:22:54,4.95,0.0,310,153449,买盘
958,10:22:57,4.95,0.0,14,6930,买盘
959,10:23:00,4.95,0.0,16,7920,买盘
960,10:23:04,4.95,0.0,10,4950,买盘
961,10:23:06,4.95,0.0,37,18315,买盘
962,10:23:09,4.95,0.0,121,59895,买盘
963,10:23:15,4.95,0.0,265,131213,卖盘
964,10:23:31,4.96,0.01,92,45632,买盘
965,10:23:33,4.95,-0.01,5,2475,卖盘
966,10:23:36,4.95,0.0,7,3465,卖盘
967,10:23:48,4.96,0.01,57,28272,买盘
968,10:23:54,4.96,0.0,19,9414,买盘
969,10:23:57,4.96,0.0,155,76880,买盘
970,10:24:04,4.96,0.0,37,18352,买盘
971,10:24:06,4.95,-0.01,100,49500,卖盘
972,10:24:09,4.96,0.01,178,88288,买盘
973,10:24:12,4.96,0.0,61,30256,买盘
974,10:24:16,4.95,-0.01,30,14850,卖盘
975,10:24:19,4.96,0.01,66,32736,买盘
976,10:24:21,4.96,0.0,436,216240,买盘
977,10:24:24,4.95,-0.01,82,40590,卖盘
978,10:24:27,4.96,0.01,47,23310,买盘
979,10:24:30,4.96,0.0,40,19840,买盘
980,10:24:33,4.95,-0.01,209,103475,卖盘
981,10:24:36,4.95,0.0,465,230177,卖盘
982,10:24:40,4.95,0.0,25,12375,买盘
983,10:24:42,4.95,0.0,40,19800,买盘
984,10:24:45,4.95,0.0,35,17325,买盘
985,10:24:48,4.95,0.0,107,52965,买盘
986,10:24:51,4.94,-0.01,74,36610,卖盘
987,10:24:54,4.95,0.01,30,14850,买盘
988,10:24:57,4.94,-0.01,81,40089,卖盘
989,10:25:06,4.95,0.01,70,34650,买盘
990,10:25:09,4.95,0.0,6,2970,买盘
991,10:25:12,4.94,-0.01,924,456456,卖盘
992,10:25:15,4.95,0.01,116,57377,买盘
993,10:25:18,4.95,0.0,14,6930,买盘
994,10:25:24,4.94,-0.01,35,17290,卖盘
995,10:25:27,4.94,0.0,2,988,卖盘
996,10:25:30,4.95,0.01,61,30194,买盘
997,10:25:33,4.94,-0.01,2,988,卖盘
998,10:25:36,4.94,0.0,61,30134,卖盘
999,10:25:39,4.95,0.01,1,495,买盘
1000,10:25:42,4.95,0.0,1,495,买盘
1001,10:25:45,4.94,-0.01,37,18278,卖盘
1002,10:25:51,4.94,0.0,138,68172,卖盘
1003,10:25:54,4.95,0.01,338,167101,买盘
1004,10:26:04,4.95,0.0,13,6435,买盘
1005,10:26:09,4.95,0.0,33,16305,买盘
1006,10:26:12,4.95,0.0,23,11385,买盘
1007,10:26:15,4.95,0.0,13,6435,买盘
1008,10:26:19,4.95,0.0,25,12375,买盘
1009,10:26:24,4.95,0.0,15,7425,买盘
1010,10:26:33,4.95,0.0,280,138600,买盘
1011,10:26:36,4.95,0.0,31,15345,买盘
1012,10:26:39,4.95,0.0,10,4950,买盘
1013,10:26:48,4.95,0.0,41,20295,买盘
1014,10:26:51,4.95,0.0,54,26699,买盘
1015,10:26:54,4.95,0.0,58,28710,买盘
1016,10:26:57,4.95,0.0,81,40095,买盘
1017,10:27:00,4.94,-0.01,13,6432,卖盘
1018,10:27:03,4.95,0.01,59,29199,买盘
1019,10:27:07,4.95,0.0,242,119649,买盘
1020,10:27:09,4.94,-0.01,96,47425,卖盘
1021,10:27:12,4.95,0.01,134,66330,买盘
1022,10:27:15,4.94,-0.01,97,47928,卖盘
1023,10:27:18,4.94,0.0,64,31616,买盘
1024,10:27:21,4.94,0.0,13,6422,买盘
1025,10:27:24,4.94,0.0,82,40508,买盘
1026,10:27:27,4.94,0.0,40,19780,卖盘
1027,10:27:30,4.95,0.01,54,26730,买盘
1028,10:27:33,4.95,0.0,20,9900,卖盘
1029,10:27:36,4.95,0.0,10,4950,买盘
1030,10:27:39,4.94,-0.01,420,207480,卖盘
1031,10:27:42,4.94,0.0,25,12370,卖盘
1032,10:27:45,4.95,0.01,50,24750,买盘
1033,10:27:48,4.95,0.0,10,4950,买盘
1034,10:28:00,4.95,0.0,25,12368,买盘
1035,10:28:06,4.95,0.0,9,4455,买盘
1036,10:28:09,4.94,-0.01,170,84132,卖盘
1037,10:28:12,4.95,0.01,71,35145,买盘
1038,10:28:18,4.95,0.0,23,11384,买盘
1039,10:28:21,4.95,0.0,10,4950,卖盘
1040,10:28:24,4.94,-0.01,40,19786,卖盘
1041,10:28:30,4.96,0.02,31,15376,买盘
1042,10:28:33,4.96,0.0,80,39680,买盘
1043,10:28:36,4.95,-0.01,20,9900,卖盘
1044,10:28:42,4.95,0.0,7,3465,卖盘
1045,10:28:51,4.96,0.01,152,75392,买盘
1046,10:28:54,4.96,0.0,36,17856,买盘
1047,10:28:57,4.96,0.0,32,15843,买盘
1048,10:29:00,4.96,0.0,20,9920,买盘
1049,10:29:03,4.96,0.0,40,19830,买盘
1050,10:29:09,4.96,0.0,10,4960,买盘
1051,10:29:12,4.96,0.0,150,74400,买盘
1052,10:29:18,4.96,0.0,5,2480,买盘
1053,10:29:21,4.96,0.0,98,48608,买盘
1054,10:29:24,4.96,0.0,42,20832,买盘
1055,10:29:30,4.96,0.0,10,4960,卖盘
1056,10:29:37,4.96,0.0,7,3472,卖盘
1057,10:29:39,4.97,0.01,76,37752,买盘
1058,10:29:42,4.97,0.0,30,14910,买盘
1059,10:29:45,4.96,-0.01,28,13888,卖盘
1060,10:29:57,4.97,0.01,589,292733,买盘
1061,10:30:00,4.98,0.01,12,5976,买盘
1062,10:30:04,4.97,-0.01,2,994,卖盘
1063,10:30:06,4.98,0.01,255,126990,买盘
1064,10:30:09,4.98,0.0,20,9960,买盘
1065,10:30:15,4.98,0.0,50,24900,买盘
1066,10:30:18,4.98,0.0,100,49800,买盘
1067,10:30:21,4.98,0.0,46,22908,买盘
1068,10:30:24,4.98,0.0,115,57250,买盘
1069,10:30:27,4.98,0.0,70,34857,买盘
1070,10:30:30,4.98,0.0,116,57768,买盘
1071,10:30:33,4.98,0.0,36,17928,买盘
1072,10:30:36,4.98,0.0,76,37848,买盘
1073,10:30:39,4.98,0.0,46,22908,买盘
1074,10:30:43,4.98,0.0,241,120018,买盘
1075,10:30:45,4.98,0.0,30,14940,卖盘
1076,10:30:48,4.99,0.01,50,24950,买盘
1077,10:30:51,4.98,-0.01,90,44820,卖盘
1078,10:30:57,4.98,0.0,66,32931,卖盘
1079,10:31:00,4.99,0.01,537,267963,买盘
1080,10:31:04,4.99,0.0,38,18947,买盘
1081,10:31:06,4.99,0.0,116,57784,买盘
1082,10:31:09,4.98,-0.01,5,2490,卖盘
1083,10:31:12,4.99,0.01,41,20459,买盘
1084,10:31:15,4.99,0.0,102,50898,买盘
1085,10:31:18,4.99,0.0,36,17964,买盘
1086,10:31:21,4.99,0.0,103,51387,买盘
1087,10:31:24,4.99,0.0,258,128733,买盘
1088,10:31:27,4.99,0.0,32,15968,买盘
1089,10:31:30,4.99,0.0,130,64790,买盘
1090,10:31:33,4.99,0.0,10,4990,买盘
1091,10:31:36,4.99,0.0,36,17952,买盘
1092,10:31:39,4.99,0.0,70,34880,买盘
1093,10:31:42,4.99,0.0,25,12475,买盘
1094,10:31:48,4.99,0.0,97,48402,买盘
1095,10:31:52,4.98,-0.01,5,2490,卖盘
1096,10:31:54,4.99,0.01,75,37425,买盘
1097,10:31:57,4.99,0.0,135,67334,买盘
1098,10:32:00,4.98,-0.01,18,8964,卖盘
1099,10:32:04,4.99,0.01,12,5988,买盘
1100,10:32:06,4.99,0.0,12,5988,买盘
1101,10:32:09,4.99,0.0,16,7984,买盘
1102,10:32:12,4.99,0.0,51,25418,买盘
1103,10:32:15,4.99,0.0,120,59880,买盘
1104,10:32:18,4.98,-0.01,79,39381,卖盘
1105,10:32:21,4.99,0.01,121,60379,买盘
1106,10:32:24,4.98,-0.01,50,24900,卖盘
1107,10:32:27,4.98,0.0,53,26413,卖盘
1108,10:32:33,4.98,0.0,135,67230,买盘
1109,10:32:36,4.99,0.01,64,31846,买盘
1110,10:32:42,4.98,-0.01,4,1992,买盘
1111,10:32:45,4.98,0.0,2,996,买盘
1112,10:32:51,4.98,0.0,45,22410,买盘
1113,10:32:54,4.97,-0.01,64,31838,卖盘
1114,10:33:03,4.98,0.01,49,24402,卖盘
1115,10:33:06,4.98,0.0,16,7968,卖盘
1116,10:33:09,4.98,0.0,40,19920,卖盘
1117,10:33:12,4.99,0.01,65,32435,买盘
1118,10:33:15,4.99,0.0,70,34930,买盘
1119,10:33:18,4.98,-0.01,6,2988,卖盘
1120,10:33:22,4.99,0.01,239,119245,买盘
1121,10:33:27,4.98,-0.01,127,63246,卖盘
1122,10:33:30,4.99,0.01,112,55799,买盘
1123,10:33:33,4.97,-0.02,13,6481,卖盘
1124,10:33:36,4.99,0.02,94,46906,买盘
1125,10:33:39,4.99,0.0,17,8483,买盘
1126,10:33:42,4.99,0.0,72,35928,买盘
1127,10:33:48,4.99,0.0,34,16966,买盘
1128,10:33:54,4.99,0.0,15,7485,买盘
1129,10:34:00,4.98,-0.01,20,9960,卖盘
1130,10:34:06,4.98,0.0,10,4980,卖盘
1131,10:34:12,4.98,0.0,34,16932,卖盘
1132,10:34:15,4.99,0.01,1,499,买盘
1133,10:34:21,4.98,-0.01,6,2988,卖盘
1134,10:34:24,4.98,0.0,50,24900,卖盘
1135,10:34:27,4.98,0.0,38,18955,卖盘
1136,10:34:30,4.98,0.0,37,18446,卖盘
1137,10:34:33,4.98,0.0,40,19920,卖盘
1138,10:34:36,4.98,0.0,35,17460,卖盘
1139,10:34:42,4.97,-0.01,110,54680,卖盘
1140,10:34:45,4.98,0.01,40,19920,买盘
1141,10:34:51,4.98,0.0,10,4980,买盘
1142,10:34:58,4.98,0.0,20,9960,买盘
1143,10:35:01,4.98,0.0,8,3984,买盘
1144,10:35:04,4.98,0.0,50,24900,买盘
1145,10:35:06,4.98,0.0,61,30378,买盘
1146,10:35:09,4.98,0.0,14,6972,买盘
1147,10:35:18,4.98,0.0,117,58266,买盘
1148,10:35:21,4.99,0.01,22,10978,买盘
1149,10:35:24,4.98,-0.01,5,2490,卖盘
1150,10:35:27,4.98,0.0,2,996,卖盘
1151,10:35:30,4.98,0.0,22,10976,卖盘
1152,10:35:33,4.98,0.0,122,60756,卖盘
1153,10:35:36,4.98,0.0,68,33864,卖盘
1154,10:35:45,4.98,0.0,367,182766,卖盘
1155,10:35:48,4.98,0.0,61,30378,买盘
1156,10:36:00,4.98,0.0,30,14940,买盘
1157,10:36:04,4.98,0.0,6,2988,买盘
1158,10:36:09,4.98,0.0,47,23406,买盘
1159,10:36:21,4.97,-0.01,10,4970,卖盘
1160,10:36:24,4.98,0.01,50,24900,买盘
1161,10:36:39,4.98,0.0,20,9960,买盘
1162,10:36:42,4.98,0.0,137,68226,买盘
1163,10:36:45,4.98,0.0,200,99600,买盘
1164,10:36:51,4.97,-0.01,41,20417,卖盘
1165,10:36:54,4.98,0.01,50,24900,买盘
1166,10:37:03,4.97,-0.01,6,2982,卖盘
1167,10:37:09,4.98,0.01,19,9462,买盘
1168,10:37:15,4.98,0.0,44,21912,买盘
1169,10:37:24,4.97,-0.01,123,61131,卖盘
1170,10:37:27,4.98,0.01,4,1992,买盘
1171,10:37:30,4.98,0.0,5,2490,买盘
1172,10:37:33,4.97,-0.01,16,7952,卖盘
1173,10:37:36,4.98,0.01,3,1494,买盘
1174,10:37:39,4.97,-0.01,34,16898,卖盘
1175,10:37:45,4.98,0.01,20,9960,买盘
1176,10:37:48,4.97,-0.01,5,2485,卖盘
1177,10:37:54,4.98,0.01,5,2489,买盘
1178,10:38:04,4.97,-0.01,3,1491,卖盘
1179,10:38:06,4.98,0.01,9,4482,买盘
1180,10:38:12,4.97,-0.01,30,14910,卖盘
1181,10:38:15,4.98,0.01,1,498,买盘
1182,10:38:24,4.98,0.0,16,7968,买盘
1183,10:38:27,4.98,0.0,50,24900,买盘
1184,10:38:33,4.97,-0.01,3,1491,卖盘
1185,10:38:36,4.97,0.0,756,375732,卖盘
1186,10:38:39,4.97,0.0,50,24850,买盘
1187,10:38:42,4.97,0.0,10,4970,买盘
1188,10:38:45,4.96,-0.01,80,39680,卖盘
1189,10:38:48,4.96,0.0,476,236096,卖盘
1190,10:38:54,4.96,0.0,7,3472,卖盘
1191,10:38:57,4.96,0.0,96,47616,卖盘
1192,10:39:00,4.96,0.0,67,33232,卖盘
1193,10:39:04,4.96,0.0,37,18352,卖盘
1194,10:39:06,4.95,-0.01,750,371382,卖盘
1195,10:39:09,4.96,0.01,20,9920,买盘
1196,10:39:12,4.95,-0.01,1,495,卖盘
1197,10:39:18,4.96,0.01,107,53065,买盘
1198,10:39:22,4.96,0.0,16,7936,买盘
1199,10:39:24,4.95,-0.01,20,9900,卖盘
1200,10:39:33,4.95,0.0,3,1485,卖盘
1201,10:39:36,4.95,0.0,12,5940,卖盘
1202,10:39:42,4.96,0.01,27,13392,买盘
1203,10:39:45,4.96,0.0,40,19840,卖盘
1204,10:39:48,4.96,0.0,15,7440,卖盘
1205,10:39:57,4.96,0.0,5,2480,卖盘
1206,10:40:00,4.96,0.0,26,12896,卖盘
1207,10:40:03,4.96,0.0,221,109620,卖盘
1208,10:40:09,4.97,0.01,40,19880,买盘
1209,10:40:12,4.97,0.0,10,4970,买盘
1210,10:40:15,4.96,-0.01,10,4960,卖盘
1211,10:40:21,4.96,0.0,43,21328,卖盘
1212,10:40:27,4.96,0.0,30,14880,卖盘
1213,10:40:30,4.96,0.0,6,2976,卖盘
1214,10:40:34,4.97,0.01,11,5467,买盘
1215,10:40:37,4.96,-0.01,110,54560,卖盘
1216,10:40:45,4.96,0.0,2,992,卖盘
1217,10:40:51,4.96,0.0,1,496,卖盘
1218,10:40:54,4.96,0.0,95,47120,卖盘
1219,10:41:00,4.96,0.0,14,6944,卖盘
1220,10:41:06,4.96,0.0,13,6448,卖盘
1221,10:41:09,4.96,0.0,10,4960,卖盘
1222,10:41:12,4.96,0.0,10,4960,卖盘
1223,10:41:15,4.95,-0.01,439,217590,卖盘
1224,10:41:25,4.96,0.01,19,9424,买盘
1225,10:41:30,4.95,-0.01,170,84150,卖盘
1226,10:41:33,4.95,0.0,15,7425,卖盘
1227,10:41:39,4.96,0.01,20,9920,买盘
1228,10:41:45,4.96,0.0,84,41591,买盘
1229,10:41:48,4.96,0.0,45,22320,买盘
1230,10:41:51,4.96,0.0,3,1488,买盘
1231,10:42:00,4.96,0.0,50,24800,买盘
1232,10:42:06,4.95,-0.01,115,56990,卖盘
1233,10:42:21,4.95,0.0,4,1980,卖盘
1234,10:42:33,4.96,0.01,8,3968,买盘
1235,10:42:51,4.95,-0.01,24,11903,卖盘
1236,10:42:57,4.96,0.01,60,29760,买盘
1237,10:43:00,4.95,-0.01,77,38115,卖盘
1238,10:43:09,4.96,0.01,13,6448,买盘
1239,10:43:15,4.95,-0.01,34,16830,卖盘
1240,10:43:22,4.96,0.01,18,8928,买盘
1241,10:43:24,4.96,0.0,48,23808,买盘
1242,10:43:30,4.96,0.0,7,3472,买盘
1243,10:43:39,4.96,0.0,10,4960,买盘
1244,10:43:42,4.95,-0.01,127,62865,卖盘
1245,10:43:45,4.96,0.01,44,21814,买盘
1246,10:43:51,4.95,-0.01,5,2479,卖盘
1247,10:43:54,4.96,0.01,5,2476,买盘
1248,10:44:04,4.96,0.0,50,24800,买盘
1249,10:44:09,4.96,0.0,5,2480,买盘
1250,10:44:12,4.96,0.0,11,5456,买盘
1251,10:44:30,4.96,0.0,22,10912,买盘
1252,10:44:33,4.95,-0.01,340,168330,卖盘
1253,10:44:39,4.95,0.0,985,487575,卖盘
1254,10:44:54,4.95,0.0,20,9900,买盘
1255,10:44:57,4.95,0.0,91,45045,买盘
1256,10:45:00,4.95,0.0,4,1980,买盘
1257,10:45:03,4.95,0.0,10,4950,卖盘
1258,10:45:06,4.95,0.0,5,2475,卖盘
1259,10:45:10,4.95,0.0,5,2475,卖盘
1260,10:45:12,4.95,0.0,16,7920,卖盘
1261,10:45:18,4.95,0.0,2,990,买盘
1262,10:45:30,4.94,-0.01,121,59774,卖盘
1263,10:45:33,4.95,0.01,194,96030,买盘
1264,10:45:36,4.94,-0.01,48,23746,卖盘
1265,10:45:39,4.94,0.0,40,19760,卖盘
1266,10:45:48,4.95,0.01,5,2475,买盘
1267,10:45:55,4.94,-0.01,27,13338,卖盘
1268,10:46:00,4.94,0.0,11,5434,卖盘
1269,10:46:04,4.95,0.01,5,2475,买盘
1270,10:46:06,4.95,0.0,22,10890,买盘
1271,10:46:09,4.94,-0.01,282,139308,卖盘
1272,10:46:12,4.94,0.0,1,494,卖盘
1273,10:46:18,4.94,0.0,97,47918,卖盘
1274,10:46:27,4.94,0.0,19,9386,卖盘
1275,10:46:33,4.95,0.01,20,9900,买盘
1276,10:46:36,4.95,0.0,3,1485,买盘
1277,10:46:39,4.95,0.0,28,13840,买盘
1278,10:46:45,4.95,0.0,5,2475,买盘
1279,10:46:51,4.95,0.0,14,6930,买盘
1280,10:46:55,4.95,0.0,20,9900,买盘
1281,10:47:04,4.95,0.0,8,3960,买盘
1282,10:47:06,4.95,0.0,27,13364,买盘
1283,10:47:09,4.95,0.0,5,2475,卖盘
1284,10:47:12,4.95,0.0,1,495,卖盘
1285,10:47:15,4.95,0.0,101,49995,卖盘
1286,10:47:24,4.96,0.01,135,66960,买盘
1287,10:47:27,4.95,-0.01,70,34650,卖盘
1288,10:47:42,4.95,0.0,154,76230,卖盘
1289,10:47:57,4.95,0.0,25,12375,买盘
1290,10:48:00,4.95,0.0,70,34650,买盘
1291,10:48:12,4.95,0.0,201,99495,卖盘
1292,10:48:15,4.95,0.0,1,495,买盘
1293,10:48:21,4.94,-0.01,8,3952,卖盘
1294,10:48:24,4.95,0.01,4,1980,买盘
1295,10:48:30,4.95,0.0,44,21780,买盘
1296,10:48:48,4.96,0.01,1,496,买盘
1297,10:48:52,4.95,-0.01,10,4950,卖盘
1298,10:49:00,4.95,0.0,10,4950,卖盘
1299,10:49:04,4.96,0.01,197,97712,买盘
1300,10:49:06,4.96,0.0,50,24800,买盘
1301,10:49:12,4.95,-0.01,6,2975,卖盘
1302,10:49:24,4.96,0.01,60,29760,买盘
1303,10:49:30,4.96,0.0,1,496,买盘
1304,10:49:42,4.96,0.0,77,38192,买盘
1305,10:49:48,4.96,0.0,4,1984,买盘
1306,10:49:51,4.96,0.0,52,25744,买盘
1307,10:49:58,4.96,0.0,44,21824,买盘
1308,10:50:04,4.96,0.0,10,4960,买盘
1309,10:50:12,4.96,0.0,1,496,买盘
1310,10:50:15,4.96,0.0,73,36188,买盘
1311,10:50:18,4.95,-0.01,10,4950,卖盘
1312,10:50:21,4.96,0.01,10,4960,买盘
1313,10:50:30,4.96,0.0,26,12876,买盘
1314,10:50:33,4.96,0.0,20,9920,买盘
1315,10:50:36,4.95,-0.01,3,1485,卖盘
1316,10:50:42,4.95,0.0,10,4950,卖盘
1317,10:50:45,4.96,0.01,41,20336,买盘
1318,10:50:54,4.95,-0.01,10,4950,卖盘
1319,10:51:00,4.95,0.0,5,2475,卖盘
1320,10:51:09,4.96,0.01,7,3472,买盘
1321,10:51:21,4.96,0.0,10,4960,买盘
1322,10:51:24,4.96,0.0,3,1488,买盘
1323,10:51:43,4.96,0.0,150,74400,买盘
1324,10:51:57,4.96,0.0,200,99200,买盘
1325,10:52:00,4.95,-0.01,22,10890,卖盘
1326,10:52:15,4.96,0.01,102,50587,买盘
1327,10:52:24,4.97,0.01,22,10934,买盘
1328,10:52:33,4.97,0.0,2,994,买盘
1329,10:52:42,4.97,0.0,20,9940,买盘
1330,10:52:48,4.97,0.0,100,49700,买盘
1331,10:52:51,4.96,-0.01,10,4960,卖盘
1332,10:53:04,4.97,0.01,51,25347,买盘
1333,10:53:06,4.96,-0.01,50,24800,卖盘
1334,10:53:18,4.96,0.0,20,9920,卖盘
1335,10:53:24,4.97,0.01,23,11430,买盘
1336,10:53:27,4.97,0.0,9,4473,买盘
1337,10:53:33,4.97,0.0,30,14910,买盘
1338,10:53:39,4.97,0.0,1,497,买盘
1339,10:53:42,4.97,0.0,18,8946,买盘
1340,10:53:48,4.96,-0.01,26,12896,卖盘
1341,10:54:04,4.96,0.0,12,5962,卖盘
1342,10:54:21,4.96,0.0,25,12400,卖盘
1343,10:54:25,4.97,0.01,27,13393,买盘
1344,10:54:30,4.97,0.0,434,215698,买盘
1345,10:54:48,4.97,0.0,42,20874,买盘
1346,10:54:51,4.96,-0.01,1,496,卖盘
1347,10:54:54,4.97,0.01,19,9431,买盘
1348,10:54:57,4.97,0.0,20,9940,买盘
1349,10:55:00,4.97,0.0,290,144130,买盘
1350,10:55:03,4.96,-0.01,20,9920,卖盘
1351,10:55:06,4.97,0.01,43,21371,买盘
1352,10:55:15,4.96,-0.01,58,28825,卖盘
1353,10:55:18,4.97,0.01,72,35784,买盘
1354,10:55:27,4.96,-0.01,82,40704,卖盘
1355,10:55:42,4.97,0.01,20,9940,买盘
1356,10:55:45,4.96,-0.01,1,496,卖盘
1357,10:55:54,4.97,0.01,53,26341,买盘
1358,10:56:00,4.97,0.0,25,12425,买盘
1359,10:56:09,4.97,0.0,132,65596,买盘
1360,10:56:15,4.96,-0.01,51,25296,卖盘
1361,10:56:18,4.97,0.01,15,7455,买盘
1362,10:56:21,4.97,0.0,1,497,买盘
1363,10:56:24,4.96,-0.01,9,4468,卖盘
1364,10:56:27,4.97,0.01,10,4970,买盘
1365,10:56:30,4.97,0.0,39,19383,买盘
1366,10:56:33,4.97,0.0,16,7938,买盘
1367,10:56:36,4.97,0.0,2,994,买盘
1368,10:56:39,4.96,-0.01,101,50103,卖盘
1369,10:56:42,4.97,0.01,4,1988,买盘
1370,10:56:45,4.97,0.0,42,20874,买盘
1371,10:56:51,4.97,0.0,20,9940,买盘
1372,10:56:57,4.96,-0.01,20,9920,卖盘
1373,10:57:10,4.97,0.01,2,994,买盘
1374,10:57:24,4.97,0.0,20,9940,买盘
1375,10:57:42,4.96,-0.01,18,8928,卖盘
1376,10:57:45,4.97,0.01,55,27285,买盘
1377,10:57:48,4.96,-0.01,15,7440,卖盘
1378,10:58:09,4.96,0.0,10,4960,卖盘
1379,10:58:16,4.96,0.0,28,13888,卖盘
1380,10:58:22,4.97,0.01,10,4970,买盘
1381,10:58:27,4.97,0.0,45,22365,买盘
1382,10:58:33,4.97,0.0,130,64610,买盘
1383,10:58:39,4.97,0.0,109,54173,买盘
1384,10:58:45,4.97,0.0,50,24850,买盘
1385,10:58:51,4.97,0.0,5,2485,买盘
1386,10:58:57,4.97,0.0,6,2982,买盘
1387,10:59:00,4.97,0.0,6,2982,买盘
1388,10:59:09,4.96,-0.01,653,323888,卖盘
1389,10:59:12,4.96,0.0,22,10912,买盘
1390,10:59:15,4.96,0.0,4,1984,买盘
1391,10:59:18,4.96,0.0,5,2480,买盘
1392,10:59:21,4.95,-0.01,5,2475,卖盘
1393,10:59:39,4.95,0.0,105,51980,卖盘
1394,10:59:42,4.95,0.0,150,74250,卖盘
1395,10:59:48,4.96,0.01,7,3472,买盘
1396,10:59:57,4.95,-0.01,21,10395,卖盘
1397,11:00:12,4.95,0.0,2,990,卖盘
1398,11:00:16,4.95,0.0,10,4950,卖盘
1399,11:00:22,4.96,0.01,40,19840,买盘
1400,11:00:27,4.96,0.0,22,10897,买盘
1401,11:00:33,4.95,-0.01,1,495,卖盘
1402,11:00:42,4.95,0.0,10,4950,卖盘
1403,11:00:54,4.95,0.0,12,5940,卖盘
1404,11:01:33,4.95,0.0,31,15345,卖盘
1405,11:01:48,4.95,0.0,6,2970,卖盘
1406,11:01:54,4.95,0.0,20,9900,卖盘
1407,11:02:00,4.95,0.0,150,74250,卖盘
1408,11:02:03,4.95,0.0,12,5940,卖盘
1409,11:02:12,4.95,0.0,32,15840,卖盘
1410,11:02:15,4.95,0.0,1,495,卖盘
1411,11:02:18,4.95,0.0,2,990,卖盘
1412,11:02:21,4.95,0.0,77,38115,卖盘
1413,11:02:27,4.95,0.0,6,2975,卖盘
1414,11:02:30,4.96,0.01,25,12400,买盘
1415,11:02:36,4.95,-0.01,30,14850,卖盘
1416,11:02:42,4.95,0.0,20,9900,卖盘
1417,11:03:00,4.95,0.0,3,1485,卖盘
1418,11:03:18,4.96,0.01,10,4960,买盘
1419,11:03:25,4.96,0.0,5,2480,买盘
1420,11:03:27,4.96,0.0,7,3472,买盘
1421,11:03:45,4.95,-0.01,15,7425,卖盘
1422,11:03:51,4.96,0.01,5,2480,买盘
1423,11:03:54,4.96,0.0,32,15872,买盘
1424,11:03:57,4.96,0.0,17,8432,买盘
1425,11:04:04,4.96,0.0,20,9920,买盘
1426,11:04:06,4.96,0.0,44,21824,买盘
1427,11:04:09,4.95,-0.01,27,13365,卖盘
1428,11:04:21,4.96,0.01,10,4960,买盘
1429,11:04:24,4.96,0.0,52,25775,买盘
1430,11:04:40,4.96,0.0,16,7936,买盘
1431,11:04:45,4.96,0.0,9,4464,买盘
1432,11:04:51,4.96,0.0,21,10416,买盘
1433,11:04:54,4.96,0.0,10,4960,买盘
1434,11:04:57,4.96,0.0,50,24800,买盘
1435,11:05:00,4.95,-0.01,50,24750,卖盘
1436,11:05:03,4.95,0.0,8,3963,卖盘
1437,11:05:12,4.96,0.01,105,52008,买盘
1438,11:05:30,4.96,0.0,9,4464,买盘
1439,11:05:42,4.96,0.0,3,1488,买盘
1440,11:05:48,4.95,-0.01,1,495,卖盘
1441,11:05:51,4.96,0.01,10,4960,买盘
1442,11:06:00,4.96,0.0,3,1488,买盘
1443,11:06:06,4.95,-0.01,22,10890,卖盘
1444,11:06:09,4.96,0.01,68,33728,买盘
1445,11:06:15,4.95,-0.01,8,3960,卖盘
1446,11:06:27,4.96,0.01,10,4960,买盘
1447,11:06:33,4.96,0.0,190,94240,买盘
1448,11:06:39,4.95,-0.01,4,1980,卖盘
1449,11:06:45,4.96,0.01,45,22305,买盘
1450,11:06:51,4.96,0.0,50,24800,买盘
1451,11:06:54,4.96,0.0,25,12400,买盘
1452,11:06:57,4.96,0.0,185,91760,买盘
1453,11:07:00,4.96,0.0,30,14880,买盘
1454,11:07:09,4.96,0.0,65,32230,买盘
1455,11:07:12,4.96,0.0,19,9409,买盘
1456,11:07:24,4.96,0.0,5,2495,卖盘
1457,11:07:30,4.96,0.0,5,2480,买盘
1458,11:07:33,4.96,0.0,4,1984,买盘
1459,11:07:36,4.96,0.0,10,4960,买盘
1460,11:07:42,4.96,0.0,5,2465,买盘
1461,11:07:54,4.96,0.0,5,2480,卖盘
1462,11:07:57,4.95,-0.01,40,19835,卖盘
1463,11:08:06,4.96,0.01,146,72275,买盘
1464,11:08:09,4.96,0.0,3,1488,卖盘
1465,11:08:18,4.96,0.0,20,9920,卖盘
1466,11:08:42,4.96,0.0,17,8432,卖盘
1467,11:08:48,4.96,0.0,3,1488,卖盘
1468,11:08:57,4.96,0.0,13,6448,卖盘
1469,11:09:03,4.96,0.0,20,9920,卖盘
1470,11:09:06,4.96,0.0,107,53072,卖盘
1471,11:09:09,4.96,0.0,5,2495,卖盘
1472,11:09:33,4.96,0.0,8,3968,买盘
1473,11:09:45,4.95,-0.01,51,25245,卖盘
1474,11:09:54,4.96,0.01,6,2961,买盘
1475,11:10:00,4.96,0.0,4,1999,卖盘
1476,11:10:06,4.95,-0.01,1,495,卖盘
1477,11:10:27,4.96,0.01,107,52967,买盘
1478,11:10:45,4.96,0.0,18,8928,卖盘
1479,11:10:48,4.96,0.0,1,496,卖盘
1480,11:10:51,4.96,0.0,7,3472,卖盘
1481,11:11:00,4.96,0.0,1,496,卖盘
1482,11:11:03,4.96,0.0,100,49600,卖盘
1483,11:11:06,4.97,0.01,8,3976,买盘
1484,11:11:42,4.97,0.0,24,11925,买盘
1485,11:11:48,4.96,-0.01,77,38220,卖盘
1486,11:12:04,4.97,0.01,5,2485,买盘
1487,11:12:06,4.96,-0.01,1,496,卖盘
1488,11:12:09,4.96,0.0,78,38703,卖盘
1489,11:12:12,4.96,0.0,20,9920,买盘
1490,11:12:18,4.96,0.0,5,2480,买盘
1491,11:12:21,4.95,-0.01,217,107434,卖盘
1492,11:12:27,4.96,0.01,11,5456,买盘
1493,11:12:33,4.96,0.0,136,67441,买盘
1494,11:12:42,4.96,0.0,2,992,卖盘
1495,11:12:49,4.96,0.0,22,10912,卖盘
1496,11:12:54,4.96,0.0,50,24800,卖盘
1497,11:13:03,4.96,0.0,40,19840,卖盘
1498,11:13:09,4.97,0.01,3,1491,买盘
1499,11:13:12,4.96,-0.01,25,12400,卖盘
1500,11:13:27,4.96,0.0,32,15872,卖盘
1501,11:13:45,4.96,0.0,93,46128,卖盘
1502,11:14:06,4.96,0.0,28,13888,卖盘
1503,11:14:24,4.96,0.0,224,111128,卖盘
1504,11:14:33,4.96,0.0,57,28272,卖盘
1505,11:14:39,4.97,0.01,25,12425,买盘
1506,11:14:45,4.96,-0.01,25,12400,卖盘
1507,11:15:06,4.97,0.01,2,994,买盘
1508,11:15:12,4.96,-0.01,17,8432,卖盘
1509,11:15:15,4.97,0.01,54,26828,买盘
1510,11:15:18,4.97,0.0,56,27832,买盘
1511,11:15:24,4.97,0.0,34,16898,买盘
1512,11:15:27,4.97,0.0,50,24850,买盘
1513,11:15:34,4.97,0.0,12,5964,买盘
1514,11:15:36,4.97,0.0,56,27832,买盘
1515,11:15:45,4.96,-0.01,979,486184,卖盘
1516,11:15:48,4.97,0.01,21,10437,买盘
1517,11:15:54,4.97,0.0,29,14413,卖盘
1518,11:16:15,4.97,0.0,103,51291,卖盘
1519,11:16:21,4.97,0.0,164,81508,卖盘
1520,11:16:30,4.97,0.0,102,50694,卖盘
1521,11:16:36,4.98,0.01,188,93624,买盘
1522,11:16:45,4.98,0.0,6,2988,买盘
1523,11:16:57,4.98,0.0,1,498,买盘
1524,11:17:01,4.97,-0.01,3,1491,卖盘
1525,11:17:04,4.98,0.01,10,4980,买盘
1526,11:17:09,4.98,0.0,10,4980,买盘
1527,11:17:12,4.97,-0.01,50,24850,卖盘
1528,11:17:18,4.98,0.01,19,9462,买盘
1529,11:17:33,4.98,0.0,3,1494,买盘
1530,11:17:42,4.97,-0.01,214,106376,卖盘
1531,11:17:45,4.98,0.01,5,2490,买盘
1532,11:17:54,4.98,0.0,429,213642,买盘
1533,11:18:01,4.98,0.0,37,18426,买盘
1534,11:18:04,4.98,0.0,29,14442,买盘
1535,11:18:09,4.98,0.0,35,17430,卖盘
1536,11:18:12,4.99,0.01,5,2495,买盘
1537,11:18:18,4.99,0.0,4,1996,买盘
1538,11:18:21,4.99,0.0,2,998,买盘
1539,11:18:27,4.98,-0.01,11,5478,卖盘
1540,11:18:30,4.99,0.01,1,499,买盘
1541,11:18:36,4.99,0.0,47,23423,买盘
1542,11:18:48,4.99,0.0,72,35928,买盘
1543,11:18:51,4.98,-0.01,13,6474,卖盘
1544,11:18:54,4.98,0.0,2,996,卖盘
1545,11:19:00,4.98,0.0,5,2490,卖盘
1546,11:19:04,4.98,0.0,157,78208,卖盘
1547,11:19:06,4.98,0.0,8,3984,卖盘
1548,11:19:18,4.99,0.01,3,1497,买盘
1549,11:19:27,4.99,0.0,5,2495,买盘
1550,11:19:33,4.99,0.0,220,109780,买盘
1551,11:19:42,4.99,0.0,70,34930,买盘
1552,11:19:45,4.98,-0.01,11,5478,卖盘
1553,11:19:51,4.99,0.01,5,2495,买盘
1554,11:19:55,4.98,-0.01,59,29382,卖盘
1555,11:19:57,4.98,0.0,8,3984,卖盘
1556,11:20:06,4.98,0.0,21,10458,卖盘
1557,11:20:09,4.98,0.0,31,15438,卖盘
1558,11:20:12,4.99,0.01,4,1996,买盘
1559,11:20:30,4.99,0.0,2,998,买盘
1560,11:20:33,4.99,0.0,5,2495,买盘
1561,11:20:42,4.98,-0.01,29,14442,卖盘
1562,11:21:09,4.98,0.0,30,14940,卖盘
1563,11:21:12,4.98,0.0,9,4482,卖盘
1564,11:21:24,4.98,0.0,100,49800,卖盘
1565,11:21:27,4.99,0.01,4,1996,买盘
1566,11:21:30,4.99,0.0,10,4990,买盘
1567,11:21:33,4.98,-0.01,20,9960,卖盘
1568,11:21:39,4.98,0.0,21,10458,卖盘
1569,11:21:42,4.99,0.01,11,5489,买盘
1570,11:22:00,4.99,0.0,5,2495,买盘
1571,11:22:09,4.99,0.0,5,2495,买盘
1572,11:22:24,4.98,-0.01,597,297306,卖盘
1573,11:22:27,4.98,0.0,20,9960,买盘
1574,11:22:51,4.97,-0.01,4,1988,卖盘
1575,11:22:57,4.98,0.01,10,4980,买盘
1576,11:23:04,4.97,-0.01,54,26838,卖盘
1577,11:23:06,4.98,0.01,25,12430,买盘
1578,11:23:24,4.97,-0.01,1,497,卖盘
1579,11:23:27,4.97,0.0,415,206615,卖盘
1580,11:23:37,4.97,0.0,128,63669,卖盘
1581,11:23:39,4.97,0.0,5,2489,卖盘
1582,11:23:43,4.98,0.01,10,4980,买盘
1583,11:23:46,4.97,-0.01,188,93436,卖盘
1584,11:23:51,4.97,0.0,2,994,卖盘
1585,11:23:54,4.97,0.0,31,15427,卖盘
1586,11:24:00,4.97,0.0,20,9940,卖盘
1587,11:24:03,4.97,0.0,392,194824,卖盘
1588,11:24:06,4.98,0.01,66,32852,买盘
1589,11:24:09,4.97,-0.01,4,1988,卖盘
1590,11:24:21,4.98,0.01,4,1992,买盘
1591,11:24:24,4.98,0.0,18,8964,买盘
1592,11:24:42,4.97,-0.01,14,6958,卖盘
1593,11:24:45,4.98,0.01,34,16932,买盘
1594,11:24:51,4.98,0.0,73,36354,买盘
1595,11:25:03,4.97,-0.01,19,9443,卖盘
1596,11:25:12,4.97,0.0,8,3976,卖盘
1597,11:25:15,4.98,0.01,40,19920,买盘
1598,11:25:30,4.97,-0.01,45,22365,卖盘
1599,11:25:48,4.97,0.0,59,29362,卖盘
1600,11:25:51,4.97,0.0,10,4970,卖盘
1601,11:25:57,4.97,0.0,5,2485,卖盘
1602,11:26:00,4.97,0.0,82,40754,卖盘
1603,11:26:06,4.97,0.0,10,4970,卖盘
1604,11:26:13,4.97,0.0,6,2982,卖盘
1605,11:26:30,4.97,0.0,300,149100,卖盘
1606,11:26:36,4.97,0.0,25,12425,卖盘
1607,11:26:54,4.97,0.0,10,4970,买盘
1608,11:27:12,4.97,0.0,10,4970,卖盘
1609,11:27:24,4.98,0.01,18,8964,买盘
1610,11:27:27,4.97,-0.01,15,7455,卖盘
1611,11:27:30,4.97,0.0,6,2982,卖盘
1612,11:27:51,4.97,0.0,45,22375,卖盘
1613,11:28:06,4.97,0.0,9,4473,卖盘
1614,11:28:09,4.97,0.0,483,240051,卖盘
1615,11:28:36,4.96,-0.01,8,3968,卖盘
1616,11:28:42,4.97,0.01,10,4970,买盘
1617,11:28:45,4.97,0.0,22,10931,买盘
1618,11:28:57,4.96,-0.01,552,273792,卖盘
1619,11:29:03,4.97,0.01,1466,726086,买盘
1620,11:29:15,4.96,-0.01,5,2480,卖盘
1621,11:29:18,4.96,0.0,2,992,买盘
1622,11:29:21,4.95,-0.01,17,8415,卖盘
1623,11:29:30,4.96,0.01,1,496,买盘
1624,11:29:39,4.95,-0.01,34,16834,卖盘
1625,11:29:45,4.96,0.01,28,13888,买盘
1626,11:29:48,4.96,0.0,130,64480,买盘
1627,13:00:04,4.96,0.0,1240,615052,卖盘
1628,13:00:06,4.96,0.0,36,17865,卖盘
1629,13:00:24,4.96,0.0,60,29760,卖盘
1630,13:00:36,4.96,0.0,100,49600,卖盘
1631,13:00:48,4.96,0.0,43,21328,卖盘
1632,13:00:57,4.96,0.0,1,496,卖盘
1633,13:01:00,4.96,0.0,30,14880,卖盘
1634,13:01:09,4.96,0.0,100,49600,卖盘
1635,13:01:24,4.96,0.0,43,21328,卖盘
1636,13:01:39,4.96,0.0,30,14880,卖盘
1637,13:01:42,4.97,0.01,10,4970,买盘
1638,13:01:48,4.97,0.0,23,11431,买盘
1639,13:01:51,4.96,-0.01,5,2480,卖盘
1640,13:01:54,4.96,0.0,131,64992,卖盘
1641,13:02:00,4.97,0.01,39,19383,买盘
1642,13:02:06,4.96,-0.01,50,24800,卖盘
1643,13:02:09,4.96,0.0,10,4960,卖盘
1644,13:02:12,4.96,0.0,2,992,卖盘
1645,13:02:15,4.96,0.0,26,12896,卖盘
1646,13:02:18,4.96,0.0,10,4960,卖盘
1647,13:02:24,4.96,0.0,1,496,卖盘
1648,13:02:30,4.97,0.01,5,2485,买盘
1649,13:02:39,4.96,-0.01,4,1984,卖盘
1650,13:02:48,4.96,0.0,68,33757,卖盘
1651,13:02:54,4.97,0.01,17,8449,买盘
1652,13:02:57,4.96,-0.01,32,15872,卖盘
1653,13:03:00,4.96,0.0,5,2480,卖盘
1654,13:03:03,4.97,0.01,30,14910,买盘
1655,13:03:21,4.96,-0.01,81,40225,卖盘
1656,13:03:24,4.97,0.01,20,9940,买盘
1657,13:03:27,4.97,0.0,10,4970,买盘
1658,13:03:33,4.97,0.0,15,7455,买盘
1659,13:03:45,4.97,0.0,2,994,卖盘
1660,13:03:54,4.98,0.01,22,10956,买盘
1661,13:03:57,4.98,0.0,17,8466,买盘
1662,13:04:06,4.98,0.0,10,4980,买盘
1663,13:04:12,4.98,0.0,100,49800,买盘
1664,13:04:15,4.98,0.0,5,2490,买盘
1665,13:04:21,4.98,0.0,3,1494,买盘
1666,13:04:24,4.97,-0.01,138,68586,卖盘
1667,13:04:36,4.97,0.0,10,4970,卖盘
1668,13:04:42,4.97,0.0,125,62125,卖盘
1669,13:04:45,4.97,0.0,5,2485,卖盘
1670,13:04:48,4.97,0.0,74,36778,卖盘
1671,13:04:57,4.98,0.01,18,8964,买盘
1672,13:05:27,4.98,0.0,5,2490,买盘
1673,13:05:30,4.97,-0.01,1,497,卖盘
1674,13:05:36,4.97,0.0,44,21868,卖盘
1675,13:05:39,4.97,0.0,33,16401,卖盘
1676,13:05:51,4.98,0.01,75,37347,买盘
1677,13:05:54,4.97,-0.01,6,2982,卖盘
1678,13:05:57,4.98,0.01,37,18426,买盘
1679,13:06:30,4.97,-0.01,102,50694,卖盘
1680,13:06:42,4.97,0.0,5,2485,卖盘
1681,13:06:45,4.97,0.0,3,1491,卖盘
1682,13:06:51,4.97,0.0,43,21371,卖盘
1683,13:06:54,4.97,0.0,12,5964,卖盘
1684,13:06:57,4.98,0.01,17,8466,买盘
1685,13:07:18,4.98,0.0,5,2490,买盘
1686,13:07:27,4.97,-0.01,3,1491,卖盘
1687,13:07:36,4.98,0.01,14,6972,买盘
1688,13:07:39,4.97,-0.01,2,994,卖盘
1689,13:07:57,4.97,0.0,77,38286,卖盘
1690,13:08:00,4.97,0.0,10,4970,卖盘
1691,13:08:03,4.97,0.0,179,88963,卖盘
1692,13:08:12,4.97,0.0,20,9940,卖盘
1693,13:08:24,4.97,0.0,120,59640,卖盘
1694,13:08:33,4.97,0.0,327,162519,卖盘
1695,13:08:36,4.97,0.0,14,6958,买盘
1696,13:08:45,4.97,0.0,10,4970,卖盘
1697,13:08:48,4.97,0.0,27,13419,卖盘
1698,13:08:51,4.97,0.0,33,16401,卖盘
1699,13:08:54,4.97,0.0,31,15407,卖盘
1700,13:08:57,4.97,0.0,10,4970,买盘
1701,13:09:00,4.97,0.0,3,1491,买盘
1702,13:09:06,4.97,0.0,1,497,买盘
1703,13:09:18,4.97,0.0,25,12425,买盘
1704,13:09:36,4.97,0.0,41,20377,卖盘
1705,13:09:42,4.97,0.0,36,17892,买盘
1706,13:09:48,4.97,0.0,1,497,卖盘
1707,13:09:51,4.97,0.0,10,4970,卖盘
1708,13:09:57,4.98,0.01,17,8466,买盘
1709,13:10:30,4.98,0.0,10,4980,买盘
1710,13:10:36,4.98,0.0,20,9960,买盘
1711,13:10:48,4.97,-0.01,32,15904,卖盘
1712,13:10:51,4.98,0.01,10,4980,买盘
1713,13:10:54,4.97,-0.01,4,1988,卖盘
1714,13:10:57,4.98,0.01,28,13944,买盘
1715,13:11:00,4.97,-0.01,10,4970,卖盘
1716,13:11:09,4.98,0.01,5,2490,买盘
1717,13:11:18,4.98,0.0,190,94620,买盘
1718,13:11:42,4.97,-0.01,50,24850,卖盘
1719,13:11:45,4.97,0.0,5,2485,卖盘
1720,13:11:57,4.97,0.0,37,18406,卖盘
1721,13:12:15,4.97,0.0,17,8449,卖盘
1722,13:12:24,4.97,0.0,10,4970,卖盘
1723,13:12:27,4.97,0.0,120,59640,卖盘
1724,13:12:33,4.97,0.0,300,149100,卖盘
1725,13:12:36,4.97,0.0,8,3976,卖盘
1726,13:12:42,4.97,0.0,75,37275,卖盘
1727,13:12:57,4.97,0.0,19,9460,卖盘
1728,13:13:03,4.97,0.0,30,14910,卖盘
1729,13:13:06,4.97,0.0,27,13419,卖盘
1730,13:13:12,4.98,0.01,4,1992,买盘
1731,13:13:15,4.98,0.0,20,9960,买盘
1732,13:13:18,4.97,-0.01,87,43239,卖盘
1733,13:13:24,4.97,0.0,295,146615,卖盘
1734,13:13:30,4.97,0.0,64,31808,买盘
1735,13:13:36,4.97,0.0,21,10437,买盘
1736,13:13:46,4.97,0.0,2,994,卖盘
1737,13:13:51,4.98,0.01,292,145416,买盘
1738,13:14:12,4.97,-0.01,215,106855,卖盘
1739,13:14:21,4.98,0.01,7,3486,买盘
1740,13:14:27,4.98,0.0,64,31872,买盘
1741,13:14:33,4.97,-0.01,50,24850,卖盘
1742,13:14:36,4.98,0.01,204,101591,买盘
1743,13:14:42,4.98,0.0,963,479574,买盘
1744,13:14:48,4.98,0.0,4,1992,卖盘
1745,13:14:51,4.99,0.01,7,3493,买盘
1746,13:14:54,4.99,0.0,278,138677,买盘
1747,13:14:57,4.99,0.0,48,23952,买盘
1748,13:15:06,4.99,0.0,38,18962,买盘
1749,13:15:09,4.98,-0.01,140,69725,卖盘
1750,13:15:12,4.99,0.01,5,2495,买盘
1751,13:15:15,4.98,-0.01,42,20916,卖盘
1752,13:15:36,4.98,0.0,119,59262,卖盘
1753,13:15:42,4.98,0.0,1,498,卖盘
1754,13:15:57,4.98,0.0,25,12467,卖盘
1755,13:16:15,4.98,0.0,155,77190,卖盘
1756,13:16:21,4.98,0.0,50,24900,卖盘
1757,13:16:24,4.98,0.0,20,9960,卖盘
1758,13:16:27,4.99,0.01,40,19960,买盘
1759,13:16:36,4.99,0.0,31,15459,买盘
1760,13:16:58,4.99,0.0,17,8483,买盘
1761,13:17:01,4.99,0.0,60,29940,买盘
1762,13:17:06,4.99,0.0,31,15469,买盘
1763,13:17:15,4.99,0.0,1,499,买盘
1764,13:17:24,4.98,-0.01,540,268920,卖盘
1765,13:17:33,4.98,0.0,7,3486,卖盘
1766,13:17:36,4.98,0.0,100,49800,卖盘
1767,13:17:39,4.98,0.0,212,105576,卖盘
1768,13:17:42,4.98,0.0,25,12450,卖盘
1769,13:17:45,4.98,0.0,20,9960,卖盘
1770,13:17:48,4.98,0.0,133,66234,卖盘
1771,13:17:51,4.98,0.0,120,59760,卖盘
1772,13:17:54,4.98,0.0,48,23904,卖盘
1773,13:17:58,4.98,0.0,17,8466,买盘
1774,13:18:00,4.98,0.0,14,6972,卖盘
1775,13:18:03,4.98,0.0,64,31820,买盘
1776,13:18:09,4.98,0.0,15,7470,买盘
1777,13:18:12,4.98,0.0,6,2988,买盘
1778,13:18:15,4.97,-0.01,59,29323,卖盘
1779,13:18:21,4.97,0.0,25,12449,卖盘
1780,13:18:33,4.98,0.01,31,15438,买盘
1781,13:18:36,4.98,0.0,55,27390,买盘
1782,13:18:45,4.98,0.0,8,3984,买盘
1783,13:18:51,4.98,0.0,102,50796,买盘
1784,13:18:57,4.98,0.0,21,10475,卖盘
1785,13:19:04,4.98,0.0,146,72708,卖盘
1786,13:19:06,4.99,0.01,1,499,买盘
1787,13:19:09,4.98,-0.01,51,25398,卖盘
1788,13:19:13,4.98,0.0,20,9960,卖盘
1789,13:19:27,4.99,0.01,84,41916,买盘
1790,13:19:31,4.98,-0.01,1,498,卖盘
1791,13:19:34,4.98,0.0,5,2490,卖盘
1792,13:19:42,4.99,0.01,55,27445,买盘
1793,13:19:51,4.98,-0.01,40,19920,卖盘
1794,13:19:57,4.99,0.01,31,15461,买盘
1795,13:20:09,4.98,-0.01,3,1494,卖盘
1796,13:20:15,4.98,0.0,3,1494,卖盘
1797,13:20:33,4.98,0.0,30,14940,卖盘
1798,13:20:39,4.98,0.0,2,996,卖盘
1799,13:20:54,4.99,0.01,17,8483,买盘
1800,13:20:57,4.98,-0.01,200,99600,卖盘
1801,13:21:00,4.98,0.0,2,996,卖盘
1802,13:21:03,4.98,0.0,5,2490,卖盘
1803,13:21:12,4.98,0.0,21,10458,卖盘
1804,13:21:16,4.98,0.0,219,109242,卖盘
1805,13:21:18,4.98,0.0,4,1992,卖盘
1806,13:21:21,4.98,0.0,309,153882,卖盘
1807,13:21:24,4.98,0.0,36,17928,卖盘
1808,13:21:27,4.98,0.0,44,21912,卖盘
1809,13:21:30,4.98,0.0,51,25398,卖盘
1810,13:21:42,4.98,0.0,12,5976,买盘
1811,13:22:10,4.97,-0.01,8,3976,卖盘
1812,13:22:18,4.98,0.01,27,13446,买盘
1813,13:22:24,4.97,-0.01,6,2982,卖盘
1814,13:22:27,4.97,0.0,6,2982,卖盘
1815,13:22:30,4.98,0.01,7,3486,买盘
1816,13:22:33,4.98,0.0,23,11454,买盘
1817,13:22:40,4.97,-0.01,84,41768,卖盘
1818,13:22:45,4.98,0.01,4,1992,买盘
1819,13:22:57,4.97,-0.01,37,18406,卖盘
1820,13:23:00,4.97,0.0,10,4970,卖盘
1821,13:23:06,4.97,0.0,31,15407,卖盘
1822,13:23:12,4.98,0.01,11,5478,买盘
1823,13:23:21,4.97,-0.01,222,110384,卖盘
1824,13:23:30,4.97,0.0,2,994,卖盘
1825,13:23:33,4.97,0.0,125,62125,卖盘
1826,13:23:42,4.98,0.01,27,13446,买盘
1827,13:23:45,4.97,-0.01,20,9940,卖盘
1828,13:23:54,4.97,0.0,15,7455,卖盘
1829,13:23:57,4.98,0.01,17,8466,买盘
1830,13:24:04,4.98,0.0,51,25368,买盘
1831,13:24:12,4.97,-0.01,1,497,卖盘
1832,13:24:15,4.98,0.01,462,230076,买盘
1833,13:24:18,4.97,-0.01,39,19383,卖盘
1834,13:24:24,4.97,0.0,6,2982,卖盘
1835,13:24:27,4.98,0.01,42,20916,买盘
1836,13:24:33,4.98,0.0,54,26892,买盘
1837,13:24:45,4.97,-0.01,60,29820,卖盘
1838,13:24:48,4.98,0.01,37,18426,买盘
1839,13:24:57,4.97,-0.01,37,18406,卖盘
1840,13:25:06,4.97,0.0,10,4970,卖盘
1841,13:25:15,4.97,0.0,176,87472,卖盘
1842,13:25:24,4.97,0.0,35,17395,卖盘
1843,13:25:36,4.97,0.0,100,49700,卖盘
1844,13:25:42,4.98,0.01,61,30364,买盘
1845,13:25:48,4.98,0.0,74,36819,买盘
1846,13:25:51,4.98,0.0,9,4482,买盘
1847,13:25:57,4.98,0.0,17,8466,买盘
1848,13:26:00,4.98,0.0,77,38346,买盘
1849,13:26:04,4.97,-0.01,30,14910,卖盘
1850,13:26:06,4.98,0.01,10,4980,买盘
1851,13:26:09,4.98,0.0,27,13446,买盘
1852,13:26:24,4.98,0.0,2,996,买盘
1853,13:26:27,4.98,0.0,43,21414,买盘
1854,13:26:36,4.97,-0.01,63,31352,卖盘
1855,13:26:39,4.98,0.01,40,19920,买盘
1856,13:26:42,4.98,0.0,18,8964,买盘
1857,13:26:45,4.97,-0.01,257,127979,卖盘
1858,13:26:54,4.98,0.01,40,19920,买盘
1859,13:26:57,4.98,0.0,17,8466,买盘
1860,13:27:01,4.98,0.0,40,19920,买盘
1861,13:27:04,4.98,0.0,15,7470,卖盘
1862,13:27:06,4.98,0.0,41,20418,买盘
1863,13:27:09,4.98,0.0,25,12450,买盘
1864,13:27:30,4.97,-0.01,5,2485,卖盘
1865,13:27:36,4.97,0.0,77,38269,卖盘
1866,13:27:46,4.98,0.01,61,30378,买盘
1867,13:27:49,4.97,-0.01,538,267386,卖盘
1868,13:27:57,4.97,0.0,15,7455,卖盘
1869,13:28:03,4.97,0.0,50,24850,买盘
1870,13:28:09,4.97,0.0,35,17395,买盘
1871,13:28:24,4.98,0.01,1,498,买盘
1872,13:28:27,4.98,0.0,9,4482,买盘
1873,13:28:33,4.97,-0.01,21,10437,卖盘
1874,13:28:57,4.98,0.01,17,8466,买盘
1875,13:29:15,4.97,-0.01,1,497,卖盘
1876,13:29:21,4.97,0.0,19,9443,卖盘
1877,13:29:24,4.98,0.01,1,498,买盘
1878,13:29:33,4.98,0.0,5,2490,买盘
1879,13:29:51,4.98,0.0,24,11952,买盘
1880,13:29:57,4.97,-0.01,27,13436,卖盘
1881,13:30:06,4.97,0.0,21,10437,卖盘
1882,13:30:24,4.97,0.0,10,4970,卖盘
1883,13:30:42,4.97,0.0,12,5964,卖盘
1884,13:30:52,4.98,0.01,2,996,买盘
1885,13:30:57,4.98,0.0,22,10956,买盘
1886,13:31:09,4.98,0.0,20,9960,买盘
1887,13:31:12,4.98,0.0,38,18924,买盘
1888,13:31:18,4.98,0.0,26,12948,买盘
1889,13:31:27,4.98,0.0,3,1494,买盘
1890,13:31:42,4.98,0.0,43,21414,买盘
1891,13:31:48,4.98,0.0,51,25398,买盘
1892,13:31:54,4.97,-0.01,47,23359,卖盘
1893,13:31:57,4.98,0.01,17,8466,买盘
1894,13:32:00,4.98,0.0,7,3486,买盘
1895,13:32:03,4.98,0.0,128,63744,买盘
1896,13:32:06,4.98,0.0,50,24900,买盘
1897,13:32:09,4.98,0.0,126,62748,买盘
1898,13:32:13,4.98,0.0,9,4482,买盘
1899,13:32:15,4.98,0.0,30,14940,买盘
1900,13:32:18,4.97,-0.01,118,58656,卖盘
1901,13:32:21,4.97,0.0,6,2982,卖盘
1902,13:32:33,4.98,0.01,2,996,买盘
1903,13:32:39,4.98,0.0,20,9960,买盘
1904,13:32:45,4.98,0.0,52,25896,买盘
1905,13:32:48,4.98,0.0,12,5976,买盘
1906,13:32:57,4.98,0.0,17,8466,买盘
1907,13:33:03,4.98,0.0,21,10458,买盘
1908,13:33:06,4.98,0.0,7,3486,买盘
1909,13:33:15,4.98,0.0,162,80621,买盘
1910,13:33:21,4.98,0.0,50,24900,买盘
1911,13:33:24,4.97,-0.01,4,1988,卖盘
1912,13:33:36,4.98,0.01,100,49800,买盘
1913,13:33:42,4.97,-0.01,25,12425,卖盘
1914,13:33:45,4.98,0.01,125,62175,买盘
1915,13:33:48,4.97,-0.01,28,13916,卖盘
1916,13:33:51,4.98,0.01,55,27390,买盘
1917,13:33:57,4.98,0.0,52,25896,买盘
1918,13:34:06,4.98,0.0,5,2490,买盘
1919,13:34:10,4.98,0.0,36,17928,买盘
1920,13:34:12,4.98,0.0,15,7470,买盘
1921,13:34:18,4.98,0.0,22,10956,买盘
1922,13:34:27,4.98,0.0,22,10956,买盘
1923,13:34:33,4.98,0.0,69,34362,买盘
1924,13:34:39,4.97,-0.01,8,3976,卖盘
1925,13:34:42,4.98,0.01,31,15438,买盘
1926,13:34:48,4.98,0.0,62,30876,买盘
1927,13:34:51,4.98,0.0,200,99600,买盘
1928,13:34:57,4.98,0.0,27,13463,卖盘
1929,13:35:04,4.98,0.0,140,69720,卖盘
1930,13:35:12,4.98,0.0,30,14940,买盘
1931,13:35:18,4.98,0.0,37,18426,买盘
1932,13:35:24,4.98,0.0,29,14442,买盘
1933,13:35:28,4.97,-0.01,21,10438,卖盘
1934,13:35:54,4.97,0.0,1,497,卖盘
1935,13:35:57,4.98,0.01,17,8466,买盘
1936,13:36:06,4.98,0.0,20,9960,买盘
1937,13:36:12,4.98,0.0,27,13446,买盘
1938,13:36:18,4.98,0.0,3,1494,买盘
1939,13:36:21,4.98,0.0,16,7968,买盘
1940,13:36:24,4.98,0.0,44,21912,买盘
1941,13:36:30,4.97,-0.01,71,35287,卖盘
1942,13:36:40,4.97,0.0,1,497,卖盘
1943,13:36:54,4.97,0.0,30,14935,卖盘
1944,13:36:57,4.98,0.01,17,8466,买盘
1945,13:37:00,4.97,-0.01,5,2485,卖盘
1946,13:37:04,4.98,0.01,10,4980,买盘
1947,13:37:06,4.98,0.0,308,153384,买盘
1948,13:37:15,4.99,0.01,21,10479,买盘
1949,13:37:24,4.99,0.0,6,2994,买盘
1950,13:37:36,4.99,0.0,200,99800,买盘
1951,13:37:39,4.98,-0.01,10,4980,卖盘
1952,13:37:42,4.99,0.01,13,6487,买盘
1953,13:37:51,4.99,0.0,200,99800,买盘
1954,13:37:54,4.99,0.0,136,67864,买盘
1955,13:37:57,4.99,0.0,17,8483,买盘
1956,13:38:00,4.99,0.0,21,10479,买盘
1957,13:38:03,4.99,0.0,2,998,买盘
1958,13:38:06,4.99,0.0,82,40916,买盘
1959,13:38:09,4.99,0.0,202,100798,买盘
1960,13:38:12,4.99,0.0,51,25449,买盘
1961,13:38:18,4.99,0.0,10,4990,买盘
1962,13:38:21,4.99,0.0,496,247504,买盘
1963,13:38:24,4.99,0.0,147,73353,买盘
1964,13:38:27,4.99,0.0,195,97305,买盘
1965,13:38:30,4.99,0.0,39,19461,买盘
1966,13:38:33,4.99,0.0,33,16467,买盘
1967,13:38:36,4.99,0.0,194,96806,买盘
1968,13:38:48,5.0,0.01,6,3000,买盘
1969,13:38:51,5.0,0.0,100,50000,买盘
1970,13:38:54,5.0,0.0,63,31500,买盘
1971,13:38:58,5.0,0.0,85,42500,买盘
1972,13:39:01,5.0,0.0,293,146493,买盘
1973,13:39:04,5.0,0.0,398,199000,买盘
1974,13:39:06,5.0,0.0,385,192570,买盘
1975,13:39:12,5.01,0.01,100,50100,买盘
1976,13:39:15,5.01,0.0,12,6012,买盘
1977,13:39:18,5.01,0.0,23,11523,买盘
1978,13:39:21,5.02,0.01,249,124791,买盘
1979,13:39:24,5.01,-0.01,280,140280,卖盘
1980,13:39:27,5.02,0.01,179,89719,买盘
1981,13:39:30,5.02,0.0,126,63222,买盘
1982,13:39:33,5.02,0.0,101,50702,买盘
1983,13:39:36,5.02,0.0,377,189254,买盘
1984,13:39:39,5.02,0.0,785,393900,买盘
1985,13:39:42,5.03,0.01,169,85007,买盘
1986,13:39:45,5.04,0.01,128,64394,买盘
1987,13:39:48,5.02,-0.02,139,69791,卖盘
1988,13:39:51,5.03,0.01,108,54426,卖盘
1989,13:39:54,5.04,0.01,131,65964,买盘
1990,13:39:57,5.04,0.0,67,33768,买盘
1991,13:40:00,5.04,0.0,47,23688,买盘
1992,13:40:04,5.04,0.0,115,58055,卖盘
1993,13:40:06,5.05,0.01,142,71710,买盘
1994,13:40:09,5.04,-0.01,241,121501,卖盘
1995,13:40:12,5.05,0.01,211,106545,买盘
1996,13:40:15,5.04,-0.01,335,169165,卖盘
1997,13:40:18,5.05,0.01,84,42420,买盘
1998,13:40:21,5.05,0.0,17,8588,卖盘
1999,13:40:24,5.05,0.0,210,106163,卖盘
2000,13:40:28,5.06,0.01,172,87006,买盘
2001,13:40:31,5.06,0.0,549,277451,买盘
2002,13:40:34,5.06,0.0,759,384064,买盘
2003,13:40:36,5.06,0.0,202,102212,卖盘
2004,13:40:39,5.07,0.01,239,121087,买盘
2005,13:40:42,5.05,-0.02,329,166494,卖盘
2006,13:40:45,5.06,0.01,206,104355,中性盘
2007,13:40:48,5.06,0.0,40,20246,卖盘
2008,13:40:51,5.06,0.0,256,129765,买盘
2009,13:40:55,5.06,0.0,144,72864,买盘
2010,13:40:57,5.06,0.0,170,86091,买盘
2011,13:41:00,5.06,0.0,26,13156,买盘
2012,13:41:04,5.05,-0.01,1379,697027,卖盘
2013,13:41:06,5.05,0.0,234,118170,买盘
2014,13:41:09,5.04,-0.01,16,8078,卖盘
2015,13:41:12,5.05,0.01,182,91747,买盘
2016,13:41:15,5.05,0.0,53,26729,买盘
2017,13:41:18,5.05,0.0,383,193269,买盘
2018,13:41:21,5.05,0.0,94,47500,卖盘
2019,13:41:24,5.05,0.0,79,39895,卖盘
2020,13:41:27,5.04,-0.01,3,1512,卖盘
2021,13:41:31,5.05,0.01,156,78780,买盘
2022,13:41:33,5.04,-0.01,128,64610,卖盘
2023,13:41:36,5.05,0.01,535,270155,买盘
2024,13:41:39,5.05,0.0,129,65145,卖盘
2025,13:41:42,5.05,0.0,15,7575,卖盘
2026,13:41:45,5.05,0.0,233,117665,卖盘
2027,13:41:48,5.05,0.0,275,138805,买盘
2028,13:41:51,5.04,-0.01,159,80338,卖盘
2029,13:41:54,5.05,0.01,100,50500,卖盘
2030,13:41:57,5.06,0.01,135,68272,买盘
2031,13:42:00,5.03,-0.03,221,111315,卖盘
2032,13:42:04,5.05,0.02,176,88869,买盘
2033,13:42:06,5.05,0.0,15,7575,卖盘
2034,13:42:09,5.04,-0.01,166,83827,卖盘
2035,13:42:12,5.05,0.01,187,94315,买盘
2036,13:42:15,5.05,0.0,20,10100,买盘
2037,13:42:19,5.05,0.0,51,25743,买盘
2038,13:42:21,5.05,0.0,112,56560,买盘
2039,13:42:24,5.04,-0.01,188,94752,卖盘
2040,13:42:27,5.05,0.01,1019,514370,买盘
2041,13:42:30,5.04,-0.01,15,7560,买盘
2042,13:42:33,5.04,0.0,328,165312,买盘
2043,13:42:36,5.04,0.0,42,21167,买盘
2044,13:42:39,5.04,0.0,24,12096,买盘
2045,13:42:43,5.04,0.0,10,5040,卖盘
2046,13:42:51,5.04,0.0,86,43344,卖盘
2047,13:42:54,5.05,0.01,212,106860,买盘
2048,13:42:57,5.04,-0.01,749,377971,卖盘
2049,13:43:00,5.05,0.01,46,23230,买盘
2050,13:43:03,5.04,-0.01,102,51464,卖盘
2051,13:43:06,5.05,0.01,45,22725,买盘
2052,13:43:09,5.05,0.0,5,2525,买盘
2053,13:43:12,5.05,0.0,103,52015,买盘
2054,13:43:15,5.05,0.0,127,64135,买盘
2055,13:43:18,5.05,0.0,106,53530,卖盘
2056,13:43:21,5.05,0.0,86,43460,卖盘
2057,13:43:27,5.04,-0.01,259,130715,卖盘
2058,13:43:30,5.05,0.01,26,13130,买盘
2059,13:43:33,5.04,-0.01,39,19676,卖盘
2060,13:43:36,5.04,0.0,184,92829,卖盘
2061,13:43:39,5.05,0.01,356,179593,买盘
2062,13:43:42,5.05,0.0,198,99970,买盘
2063,13:43:45,5.04,-0.01,252,127208,中性盘
2064,13:43:51,5.05,0.01,10,5047,买盘
2065,13:43:54,5.04,-0.01,5,2520,卖盘
2066,13:43:57,5.05,0.01,15,7573,买盘
2067,13:44:06,5.05,0.0,108,54490,买盘
2068,13:44:09,5.04,-0.01,158,79632,卖盘
2069,13:44:12,5.04,0.0,20,10080,买盘
2070,13:44:15,5.05,0.01,56,28257,买盘
2071,13:44:18,5.04,-0.01,10,5040,卖盘
2072,13:44:21,5.04,0.0,21,10584,卖盘
2073,13:44:24,5.04,0.0,31,15624,卖盘
2074,13:44:27,5.04,0.0,57,28728,卖盘
2075,13:44:33,5.04,0.0,5,2520,买盘
2076,13:44:37,5.03,-0.01,10,5030,卖盘
2077,13:44:39,5.04,0.01,34,17131,买盘
2078,13:44:42,5.03,-0.01,10,5030,卖盘
2079,13:44:45,5.03,0.0,82,41246,卖盘
2080,13:44:48,5.03,0.0,65,32695,卖盘
2081,13:44:51,5.03,0.0,21,10574,卖盘
2082,13:44:54,5.03,0.0,98,49294,卖盘
2083,13:44:57,5.03,0.0,306,154208,卖盘
2084,13:45:00,5.04,0.01,20,10080,买盘
2085,13:45:04,5.03,-0.01,34,17113,卖盘
2086,13:45:09,5.03,0.0,258,129775,卖盘
2087,13:45:12,5.04,0.01,63,31692,买盘
2088,13:45:15,5.03,-0.01,77,38731,卖盘
2089,13:45:21,5.03,0.0,32,16096,买盘
2090,13:45:24,5.03,0.0,1,503,卖盘
2091,13:45:27,5.02,-0.01,40,20093,卖盘
2092,13:45:33,5.01,-0.01,988,495540,卖盘
2093,13:45:36,5.02,0.01,60,30170,中性盘
2094,13:45:39,5.01,-0.01,31,15554,卖盘
2095,13:45:42,5.02,0.01,11,5522,中性盘
2096,13:45:46,5.02,0.0,13,6526,买盘
2097,13:45:48,5.02,0.0,55,27610,买盘
2098,13:45:54,5.02,0.0,9,4521,中性盘
2099,13:45:57,5.02,0.0,15,7530,卖盘
2100,13:46:00,5.03,0.01,55,27660,买盘
2101,13:46:06,5.03,0.0,11,5528,买盘
2102,13:46:09,5.02,-0.01,5,2510,中性盘
2103,13:46:28,5.02,0.0,20,10040,卖盘
2104,13:46:33,5.02,0.0,26,13052,卖盘
2105,13:46:37,5.03,0.01,140,70400,买盘
2106,13:46:39,5.04,0.01,121,60873,买盘
2107,13:46:42,5.03,-0.01,11,5533,卖盘
2108,13:46:45,5.04,0.01,4,2016,买盘
2109,13:46:48,5.03,-0.01,16,8048,卖盘
2110,13:46:51,5.04,0.01,400,201600,买盘
2111,13:46:54,5.03,-0.01,110,55330,卖盘
2112,13:46:57,5.03,0.0,143,71929,买盘
2113,13:47:00,5.03,0.0,10,5030,买盘
2114,13:47:04,5.03,0.0,48,24144,买盘
2115,13:47:06,5.03,0.0,17,8551,买盘
2116,13:47:09,5.03,0.0,17,8551,买盘
2117,13:47:12,5.03,0.0,2,1006,买盘
2118,13:47:15,5.03,0.0,151,75953,买盘
2119,13:47:21,5.03,0.0,252,126949,卖盘
2120,13:47:24,5.04,0.01,112,56403,买盘
2121,13:47:27,5.03,-0.01,28,14084,卖盘
2122,13:47:30,5.04,0.01,72,36230,买盘
2123,13:47:33,5.04,0.0,95,47880,买盘
2124,13:47:36,5.04,0.0,19,9576,卖盘
2125,13:47:39,5.03,-0.01,48,24155,卖盘
2126,13:47:43,5.04,0.01,7,3528,买盘
2127,13:47:45,5.04,0.0,24,12096,买盘
2128,13:47:51,5.04,0.0,50,25200,卖盘
2129,13:47:57,5.05,0.01,17,8585,买盘
2130,13:48:00,5.05,0.0,3,1515,买盘
2131,13:48:04,5.04,-0.01,90,45380,卖盘
2132,13:48:06,5.04,0.0,44,22197,卖盘
2133,13:48:09,5.04,0.0,35,17640,卖盘
2134,13:48:12,5.04,0.0,183,92334,卖盘
2135,13:48:15,5.04,0.0,67,33768,卖盘
2136,13:48:18,5.04,0.0,54,27216,买盘
2137,13:48:22,5.04,0.0,58,29232,买盘
2138,13:48:24,5.04,0.0,52,26208,买盘
2139,13:48:28,5.03,-0.01,30,15090,卖盘
2140,13:48:30,5.03,0.0,174,87693,卖盘
2141,13:48:39,5.04,0.01,174,87551,买盘
2142,13:48:42,5.03,-0.01,40,20120,卖盘
2143,13:48:54,5.04,0.01,15,7559,买盘
2144,13:48:57,5.03,-0.01,21,10563,卖盘
2145,13:49:00,5.03,0.0,50,25150,卖盘
2146,13:49:04,5.02,-0.01,1327,666411,卖盘
2147,13:49:06,5.02,0.0,166,83332,买盘
2148,13:49:09,5.02,0.0,50,25100,买盘
2149,13:49:12,5.02,0.0,257,129014,买盘
2150,13:49:18,5.03,0.01,10,5030,买盘
2151,13:49:24,5.03,0.0,12,6036,卖盘
2152,13:49:33,5.02,-0.01,3,1506,卖盘
2153,13:49:36,5.03,0.01,20,10050,买盘
2154,13:49:42,5.02,-0.01,1,502,卖盘
2155,13:49:45,5.02,0.0,162,81324,卖盘
2156,13:49:51,5.03,0.01,3,1509,买盘
2157,13:49:55,5.02,-0.01,50,25100,卖盘
2158,13:49:57,5.03,0.01,17,8551,买盘
2159,13:50:01,5.03,0.0,25,12575,买盘
2160,13:50:03,5.03,0.0,20,10060,买盘
2161,13:50:06,5.03,0.0,35,17605,买盘
2162,13:50:09,5.02,-0.01,412,206836,卖盘
2163,13:50:12,5.02,0.0,12,6026,卖盘
2164,13:50:18,5.03,0.01,311,156433,买盘
2165,13:50:27,5.03,0.0,1,503,买盘
2166,13:50:30,5.02,-0.01,5,2510,卖盘
2167,13:50:33,5.03,0.01,21,10563,买盘
2168,13:50:36,5.03,0.0,42,21126,买盘
2169,13:50:39,5.02,-0.01,32,16064,卖盘
2170,13:50:42,5.02,0.0,23,11546,卖盘
2171,13:50:45,5.02,0.0,208,104416,卖盘
2172,13:50:48,5.02,0.0,71,35642,卖盘
2173,13:50:51,5.02,0.0,21,10542,卖盘
2174,13:50:54,5.02,0.0,7,3514,买盘
2175,13:50:57,5.02,0.0,46,23092,买盘
2176,13:51:04,5.02,0.0,128,64256,卖盘
2177,13:51:07,5.02,0.0,6,3012,卖盘
2178,13:51:15,5.02,0.0,22,11044,卖盘
2179,13:51:21,5.02,0.0,30,15060,买盘
2180,13:51:27,5.02,0.0,73,36646,买盘
2181,13:51:30,5.02,0.0,15,7530,买盘
2182,13:51:36,5.02,0.0,37,18574,买盘
2183,13:51:39,5.02,0.0,24,12048,买盘
2184,13:51:42,5.02,0.0,9,4518,卖盘
2185,13:51:51,5.02,0.0,4,2008,卖盘
2186,13:51:54,5.02,0.0,57,28614,卖盘
2187,13:51:57,5.02,0.0,20,10040,卖盘
2188,13:52:00,5.03,0.01,157,78971,买盘
2189,13:52:09,5.03,0.0,2,1006,买盘
2190,13:52:12,5.03,0.0,18,9054,买盘
2191,13:52:18,5.03,0.0,20,10060,买盘
2192,13:52:30,5.02,-0.01,12,6024,卖盘
2193,13:52:36,5.02,0.0,1,502,卖盘
2194,13:52:39,5.03,0.01,49,24647,买盘
2195,13:52:45,5.02,-0.01,1,502,卖盘
2196,13:52:48,5.02,0.0,50,25100,卖盘
2197,13:52:54,5.03,0.01,82,41186,买盘
2198,13:53:00,5.03,0.0,108,54324,买盘
2199,13:53:06,5.02,-0.01,276,138795,卖盘
2200,13:53:09,5.02,0.0,24,12048,卖盘
2201,13:53:13,5.03,0.01,272,136816,买盘
2202,13:53:18,5.04,0.01,10,5040,买盘
2203,13:53:21,5.03,-0.01,20,10060,卖盘
2204,13:53:27,5.04,0.01,109,54921,买盘
2205,13:53:30,5.03,-0.01,7,3521,中性盘
2206,13:53:33,5.03,0.0,19,9557,买盘
2207,13:53:36,5.04,0.01,20,10070,买盘
2208,13:53:39,5.04,0.0,137,68932,买盘
2209,13:53:42,5.03,-0.01,2,1006,中性盘
2210,13:53:45,5.04,0.01,246,123896,买盘
2211,13:53:48,5.04,0.0,30,15120,买盘
2212,13:53:51,5.04,0.0,25,12595,买盘
2213,13:53:55,5.04,0.0,143,71946,买盘
2214,13:53:57,5.03,-0.01,3,1509,卖盘
2215,13:54:00,5.04,0.01,15,7560,买盘
2216,13:54:04,5.04,0.0,54,27206,买盘
2217,13:54:06,5.04,0.0,132,66523,买盘
2218,13:54:09,5.03,-0.01,11,5533,卖盘
2219,13:54:12,5.04,0.01,76,38304,买盘
2220,13:54:15,5.04,0.0,270,136080,买盘
2221,13:54:18,5.04,0.0,38,19152,买盘
2222,13:54:27,5.04,0.0,95,47880,买盘
2223,13:54:30,5.04,0.0,107,53928,买盘
2224,13:54:33,5.03,-0.01,13,6539,卖盘
2225,13:54:36,5.04,0.01,132,66525,买盘
2226,13:54:39,5.04,0.0,13,6547,买盘
2227,13:54:42,5.04,0.0,61,30744,卖盘
2228,13:54:45,5.04,0.0,60,30240,卖盘
2229,13:54:48,5.05,0.01,233,117539,买盘
2230,13:54:51,5.04,-0.01,166,83829,卖盘
2231,13:54:54,5.04,0.0,9,4536,买盘
2232,13:54:57,5.04,0.0,12,6048,卖盘
2233,13:55:00,5.05,0.01,99,49883,买盘
2234,13:55:06,5.03,-0.02,225,113175,卖盘
2235,13:55:16,5.03,0.0,13,6539,买盘
2236,13:55:18,5.03,0.0,10,5030,买盘
2237,13:55:21,5.03,0.0,205,103115,买盘
2238,13:55:24,5.03,0.0,144,72432,买盘
2239,13:55:27,5.03,0.0,7,3521,买盘
2240,13:55:30,5.03,0.0,95,47744,买盘
2241,13:55:34,5.03,0.0,6,3018,卖盘
2242,13:55:39,5.04,0.01,40,20160,买盘
2243,13:55:43,5.03,-0.01,10,5030,卖盘
2244,13:55:45,5.03,0.0,5,2515,卖盘
2245,13:55:51,5.03,0.0,55,27715,卖盘
2246,13:55:57,5.04,0.01,10,5040,买盘
2247,13:56:00,5.03,-0.01,61,30683,卖盘
2248,13:56:06,5.03,0.0,10,5030,卖盘
2249,13:56:12,5.03,0.0,35,17605,卖盘
2250,13:56:18,5.03,0.0,700,352100,卖盘
2251,13:56:21,5.04,0.01,500,252000,买盘
2252,13:56:30,5.04,0.0,108,54329,买盘
2253,13:56:33,5.03,-0.01,41,20623,卖盘
2254,13:56:37,5.03,0.0,4,2012,卖盘
2255,13:56:43,5.04,0.01,171,86018,买盘
2256,13:56:45,5.04,0.0,15,7550,买盘
2257,13:56:48,5.03,-0.01,183,92135,卖盘
2258,13:56:51,5.03,0.0,6,3018,卖盘
2259,13:56:54,5.03,0.0,28,14084,卖盘
2260,13:57:06,5.03,0.0,16,8049,买盘
2261,13:57:15,5.04,0.01,40,20135,买盘
2262,13:57:18,5.03,-0.01,2,1006,买盘
2263,13:57:21,5.03,0.0,20,10060,卖盘
2264,13:57:24,5.04,0.01,30,15110,买盘
2265,13:57:27,5.03,-0.01,31,15593,卖盘
2266,13:57:30,5.03,0.0,60,30180,卖盘
2267,13:57:36,5.03,0.0,89,44767,买盘
2268,13:57:39,5.03,0.0,49,24635,买盘
2269,13:57:42,5.03,0.0,25,12575,卖盘
2270,13:57:48,5.04,0.01,2,1008,买盘
2271,13:57:51,5.03,-0.01,63,31689,卖盘
2272,13:57:57,5.04,0.01,17,8568,买盘
2273,13:58:04,5.03,-0.01,20,10063,卖盘
2274,13:58:06,5.03,0.0,103,51809,卖盘
2275,13:58:09,5.03,0.0,37,18611,卖盘
2276,13:58:12,5.03,0.0,71,35782,卖盘
2277,13:58:19,5.03,0.0,48,24182,卖盘
2278,13:58:22,5.03,0.0,5,2515,卖盘
2279,13:58:30,5.02,-0.01,8,4022,卖盘
2280,13:58:33,5.04,0.02,20,10062,买盘
2281,13:58:36,5.04,0.0,20,10080,买盘
2282,13:59:00,5.02,-0.02,21,10542,卖盘
2283,13:59:06,5.03,0.01,1,503,买盘
2284,13:59:09,5.03,0.0,10,5030,买盘
2285,13:59:18,5.03,0.0,35,17605,买盘
2286,13:59:24,5.03,0.0,110,55330,买盘
2287,13:59:27,5.03,0.0,15,7545,买盘
2288,13:59:30,5.02,-0.01,80,40160,卖盘
2289,13:59:33,5.02,0.0,104,52208,卖盘
2290,13:59:36,5.03,0.01,5,2515,买盘
2291,13:59:42,5.03,0.0,10,5030,买盘
2292,13:59:57,5.03,0.0,17,8551,买盘
2293,14:00:00,5.03,0.0,39,19617,买盘
2294,14:00:04,5.02,-0.01,10,5020,卖盘
2295,14:00:18,5.03,0.01,10,5030,买盘
2296,14:00:24,5.02,-0.01,21,10543,卖盘
2297,14:00:27,5.02,0.0,136,68272,卖盘
2298,14:00:30,5.03,0.01,20,10060,买盘
2299,14:00:33,5.02,-0.01,59,29618,卖盘
2300,14:00:39,5.02,0.0,61,30622,卖盘
2301,14:00:42,5.02,0.0,193,96886,卖盘
2302,14:00:45,5.02,0.0,73,36646,卖盘
2303,14:00:48,5.02,0.0,91,45682,卖盘
2304,14:00:51,5.02,0.0,13,6526,卖盘
2305,14:00:54,5.03,0.01,32,16081,买盘
2306,14:00:57,5.02,-0.01,21,10542,卖盘
2307,14:01:00,5.02,0.0,9,4518,卖盘
2308,14:01:06,5.02,0.0,115,57730,卖盘
2309,14:01:09,5.02,0.0,39,19578,卖盘
2310,14:01:15,5.02,0.0,1,502,卖盘
2311,14:01:18,5.02,0.0,10,5020,卖盘
2312,14:01:21,5.02,0.0,2,1004,卖盘
2313,14:01:24,5.02,0.0,20,10040,卖盘
2314,14:01:30,5.02,0.0,197,98894,卖盘
2315,14:01:33,5.02,0.0,6,3012,买盘
2316,14:01:36,5.02,0.0,3,1506,买盘
2317,14:01:39,5.01,-0.01,218,109278,卖盘
2318,14:01:42,5.02,0.01,50,25052,买盘
2319,14:01:48,5.01,-0.01,26,13032,卖盘
2320,14:01:51,5.01,0.0,312,156312,卖盘
2321,14:01:54,5.01,0.0,9,4509,卖盘
2322,14:01:57,5.01,0.0,537,269037,卖盘
2323,14:02:04,5.01,0.0,100,50100,买盘
2324,14:02:06,5.01,0.0,5,2505,买盘
2325,14:02:09,5.0,-0.01,40,20000,卖盘
2326,14:02:15,5.0,0.0,8,4000,卖盘
2327,14:02:21,5.0,0.0,5,2500,卖盘
2328,14:02:24,5.01,0.01,7,3504,买盘
2329,14:02:30,5.01,0.0,10,5010,买盘
2330,14:02:33,5.0,-0.01,392,196000,卖盘
2331,14:02:39,5.0,0.0,7,3500,卖盘
2332,14:02:42,5.0,0.0,584,292000,卖盘
2333,14:02:45,5.0,0.0,45,22500,卖盘
2334,14:02:52,5.0,0.0,115,57500,卖盘
2335,14:02:55,5.01,0.01,53,26503,买盘
2336,14:02:58,5.0,-0.01,139,69500,卖盘
2337,14:03:12,4.99,-0.01,62,30948,卖盘
2338,14:03:15,4.99,0.0,29,14471,卖盘
2339,14:03:21,4.99,0.0,20,9980,卖盘
2340,14:03:27,4.99,0.0,12,5988,卖盘
2341,14:03:30,5.0,0.01,205,102500,买盘
2342,14:03:36,4.99,-0.01,18,8982,卖盘
2343,14:03:39,5.0,0.01,126,62926,买盘
2344,14:03:42,4.99,-0.01,5,2495,卖盘
2345,14:03:48,4.99,0.0,64,31976,卖盘
2346,14:03:51,5.0,0.01,27,13500,买盘
2347,14:03:54,4.99,-0.01,30,14970,卖盘
2348,14:03:57,5.0,0.01,17,8500,买盘
2349,14:04:00,4.99,-0.01,20,9980,卖盘
2350,14:04:03,5.0,0.01,65,32500,买盘
2351,14:04:12,4.99,-0.01,21,10479,卖盘
2352,14:04:15,4.99,0.0,15,7485,卖盘
2353,14:04:21,5.0,0.01,200,100000,买盘
2354,14:04:24,4.99,-0.01,5,2495,卖盘
2355,14:04:30,5.0,0.01,5,2500,买盘
2356,14:04:36,5.0,0.0,100,50000,买盘
2357,14:04:39,5.0,0.0,145,72500,卖盘
2358,14:04:42,5.0,0.0,84,42000,卖盘
2359,14:04:48,4.99,-0.01,23,11488,卖盘
2360,14:04:57,4.99,0.0,145,72388,卖盘
2361,14:05:04,4.99,0.0,4,1996,卖盘
2362,14:05:06,4.99,0.0,70,34930,卖盘
2363,14:05:09,5.0,0.01,65,32500,买盘
2364,14:05:13,4.99,-0.01,198,98802,卖盘
2365,14:05:21,5.0,0.01,14,7000,买盘
2366,14:05:24,5.0,0.0,159,79500,买盘
2367,14:05:27,5.0,0.0,12,6000,买盘
2368,14:05:33,5.0,0.0,603,301500,买盘
2369,14:05:36,5.0,0.0,5,2500,买盘
2370,14:05:39,5.0,0.0,38,18999,买盘
2371,14:05:45,5.0,0.0,58,29000,买盘
2372,14:05:52,5.0,0.0,1,500,买盘
2373,14:05:54,5.0,0.0,55,27500,买盘
2374,14:06:12,5.0,0.0,414,207033,卖盘
2375,14:06:15,5.01,0.01,3,1503,买盘
2376,14:06:27,5.01,0.0,7,3507,买盘
2377,14:06:42,5.01,0.0,107,53517,买盘
2378,14:06:45,5.01,0.0,2,1002,买盘
2379,14:06:54,5.01,0.0,11,5511,买盘
2380,14:06:57,5.0,-0.01,26,13017,卖盘
2381,14:07:00,5.0,0.0,146,73000,卖盘
2382,14:07:09,5.0,0.0,142,71000,卖盘
2383,14:07:12,5.0,0.0,92,46000,卖盘
2384,14:07:27,5.0,0.0,30,15000,卖盘
2385,14:07:33,5.0,0.0,20,10000,卖盘
2386,14:07:36,5.01,0.01,117,58610,买盘
2387,14:07:39,5.0,-0.01,3,1500,卖盘
2388,14:07:51,5.01,0.01,113,56613,买盘
2389,14:07:57,5.01,0.0,22,11022,买盘
2390,14:08:09,5.01,0.0,20,10020,买盘
2391,14:08:18,5.01,0.0,10,5010,买盘
2392,14:08:27,5.01,0.0,140,70140,买盘
2393,14:08:33,5.01,0.0,109,54609,买盘
2394,14:08:39,5.01,0.0,1,501,买盘
2395,14:08:45,5.0,-0.01,10,5000,卖盘
2396,14:08:54,5.01,0.01,76,38027,买盘
2397,14:08:57,5.0,-0.01,1,500,卖盘
2398,14:09:03,5.01,0.01,30,15030,买盘
2399,14:09:15,5.01,0.0,95,47595,买盘
2400,14:09:18,5.01,0.0,203,101703,买盘
2401,14:09:27,5.01,0.0,20,10020,买盘
2402,14:09:30,5.01,0.0,7,3507,买盘
2403,14:09:36,5.01,0.0,16,8016,买盘
2404,14:09:42,5.01,0.0,110,55110,卖盘
2405,14:09:45,5.01,0.0,68,34128,卖盘
2406,14:09:57,5.02,0.01,117,58682,买盘
2407,14:10:00,5.0,-0.02,32,16000,卖盘
2408,14:10:12,5.0,0.0,20,10000,卖盘
2409,14:10:15,5.0,0.0,5,2500,卖盘
2410,14:10:48,5.01,0.01,7,3507,卖盘
2411,14:10:58,5.02,0.01,17,8534,买盘
2412,14:11:00,5.01,-0.01,1,501,卖盘
2413,14:11:04,5.02,0.01,15,7530,买盘
2414,14:11:12,5.01,-0.01,2,1002,卖盘
2415,14:11:15,5.01,0.0,10,5010,卖盘
2416,14:11:21,5.02,0.01,223,111804,买盘
2417,14:11:27,5.02,0.0,1,502,买盘
2418,14:11:33,5.01,-0.01,2,1002,卖盘
2419,14:11:39,5.01,0.0,10,5010,卖盘
2420,14:11:42,5.01,0.0,10,5010,卖盘
2421,14:11:45,5.02,0.01,126,63236,买盘
2422,14:11:54,5.01,-0.01,27,13527,卖盘
2423,14:12:21,5.01,0.0,4,2006,卖盘
2424,14:12:33,5.02,0.01,29,14548,买盘
2425,14:12:45,5.01,-0.01,14,7014,卖盘
2426,14:12:57,5.02,0.01,17,8534,买盘
2427,14:13:09,5.01,-0.01,27,13527,卖盘
2428,14:13:12,5.02,0.01,35,17549,买盘
2429,14:13:15,5.02,0.0,20,10040,买盘
2430,14:13:27,5.02,0.0,50,25100,买盘
2431,14:13:30,5.01,-0.01,27,13527,卖盘
2432,14:13:34,5.01,0.0,47,23547,卖盘
2433,14:13:42,5.01,0.0,10,5010,卖盘
2434,14:13:51,5.02,0.01,6,3012,买盘
2435,14:13:57,5.02,0.0,77,38654,买盘
2436,14:14:00,5.01,-0.01,100,50100,卖盘
2437,14:14:15,5.02,0.01,20,10040,买盘
2438,14:14:24,5.02,0.0,8,4016,买盘
2439,14:14:27,5.02,0.0,4,2008,买盘
2440,14:14:30,5.02,0.0,19,9538,买盘
2441,14:14:48,5.01,-0.01,2,1002,卖盘
2442,14:14:57,5.02,0.01,220,110440,买盘
2443,14:15:00,5.01,-0.01,3,1503,卖盘
2444,14:15:06,5.01,0.0,7,3507,卖盘
2445,14:15:25,5.02,0.01,34,17068,买盘
2446,14:15:27,5.01,-0.01,3,1503,卖盘
2447,14:15:45,5.01,0.0,96,48096,卖盘
2448,14:15:48,5.01,0.0,5,2505,卖盘
2449,14:15:54,5.02,0.01,36,18053,买盘
2450,14:16:09,5.02,0.0,14,7023,买盘
2451,14:16:15,5.02,0.0,7,3514,买盘
2452,14:16:24,5.01,-0.01,45,22545,卖盘
2453,14:16:27,5.01,0.0,10,5010,卖盘
2454,14:16:30,5.02,0.01,9,4518,买盘
2455,14:16:33,5.02,0.0,56,28112,买盘
2456,14:16:36,5.01,-0.01,170,85170,卖盘
2457,14:16:42,5.01,0.0,2,1002,卖盘
2458,14:16:52,5.02,0.01,3,1506,买盘
2459,14:16:57,5.02,0.0,17,8534,买盘
2460,14:17:04,5.02,0.0,20,10040,买盘
2461,14:17:15,5.02,0.0,31,15562,买盘
2462,14:17:18,5.01,-0.01,134,67134,卖盘
2463,14:17:21,5.01,0.0,46,23046,卖盘
2464,14:17:30,5.02,0.01,215,107910,买盘
2465,14:17:33,5.01,-0.01,1,501,卖盘
2466,14:17:36,5.02,0.01,328,164456,买盘
2467,14:17:39,5.0,-0.02,2020,1010796,卖盘
2468,14:17:48,5.0,0.0,38,19000,卖盘
2469,14:17:51,5.01,0.01,75,37575,买盘
2470,14:17:57,5.0,-0.01,162,81088,卖盘
2471,14:18:00,5.0,0.0,16,8000,卖盘
2472,14:18:06,5.0,0.0,275,137500,卖盘
2473,14:18:09,5.0,0.0,5,2500,卖盘
2474,14:18:12,5.0,0.0,40,20000,卖盘
2475,14:18:15,5.0,0.0,37,18500,卖盘
2476,14:18:18,5.0,0.0,54,27000,卖盘
2477,14:18:33,4.99,-0.01,4,1996,卖盘
2478,14:18:42,4.99,0.0,250,124750,卖盘
2479,14:18:46,5.0,0.01,20,10000,买盘
2480,14:18:48,4.99,-0.01,10,4990,卖盘
2481,14:18:57,5.0,0.01,527,263500,买盘
2482,14:19:00,5.0,0.0,72,36000,卖盘
2483,14:19:06,5.0,0.0,5,2500,卖盘
2484,14:19:12,5.0,0.0,42,21000,卖盘
2485,14:19:15,5.0,0.0,199,99500,卖盘
2486,14:19:18,5.0,0.0,292,146079,卖盘
2487,14:19:21,5.0,0.0,1,500,卖盘
2488,14:19:24,5.0,0.0,150,75000,卖盘
2489,14:19:30,5.0,0.0,398,199000,卖盘
2490,14:19:33,5.01,0.01,216,108214,买盘
2491,14:19:37,5.0,-0.01,12,6000,卖盘
2492,14:19:39,5.0,0.0,16,8000,买盘
2493,14:19:42,5.0,0.0,13,6500,买盘
2494,14:19:48,5.0,0.0,20,10000,买盘
2495,14:19:51,5.0,0.0,440,220000,买盘
2496,14:20:06,5.01,0.01,712,356005,买盘
2497,14:20:09,5.01,0.0,9,4509,买盘
2498,14:20:12,5.01,0.0,113,56613,买盘
2499,14:20:15,5.0,-0.01,223,111630,卖盘
2500,14:20:18,5.01,0.01,31,15502,买盘
2501,14:20:21,5.01,0.0,751,376251,买盘
2502,14:20:36,5.01,0.0,1800,901800,卖盘
2503,14:20:39,5.01,0.0,56,28056,卖盘
2504,14:20:42,5.01,0.0,46,23046,卖盘
2505,14:20:45,5.01,0.0,5,2505,卖盘
2506,14:20:48,5.01,0.0,10,5010,卖盘
2507,14:20:57,5.01,0.0,15,7515,卖盘
2508,14:21:04,5.01,0.0,50,25050,卖盘
2509,14:21:06,5.01,0.0,55,27555,卖盘
2510,14:21:12,5.01,0.0,155,77655,卖盘
2511,14:21:15,5.01,0.0,10,5010,卖盘
2512,14:21:18,5.01,0.0,236,118386,卖盘
2513,14:21:30,5.01,0.0,19,9519,买盘
2514,14:21:33,5.0,-0.01,3,1500,卖盘
2515,14:21:42,5.0,0.0,3,1500,卖盘
2516,14:21:45,5.01,0.01,53,26553,买盘
2517,14:21:48,5.01,0.0,10,5010,买盘
2518,14:21:51,5.0,-0.01,164,82000,卖盘
2519,14:21:55,5.01,0.01,30,15030,买盘
2520,14:21:58,5.01,0.0,39,19524,买盘
2521,14:22:09,5.01,0.0,14,7014,买盘
2522,14:22:15,5.0,-0.01,1,500,卖盘
2523,14:22:24,5.0,0.0,4,2000,卖盘
2524,14:22:27,5.01,0.01,100,50100,买盘
2525,14:22:30,5.0,-0.01,14,7010,卖盘
2526,14:22:33,5.0,0.0,91,45500,卖盘
2527,14:22:43,5.01,0.01,2,1002,买盘
2528,14:22:57,5.01,0.0,17,8517,买盘
2529,14:23:06,5.01,0.0,5,2505,买盘
2530,14:23:09,5.01,0.0,81,40581,买盘
2531,14:23:12,5.0,-0.01,44,22043,卖盘
2532,14:23:15,5.0,0.0,35,17500,卖盘
2533,14:23:18,5.01,0.01,37,18537,买盘
2534,14:23:22,5.01,0.0,139,69639,买盘
2535,14:23:24,5.01,0.0,40,20040,卖盘
2536,14:23:30,5.01,0.0,16,8016,买盘
2537,14:23:36,5.02,0.01,292,146522,买盘
2538,14:23:39,5.01,-0.01,30,15030,买盘
2539,14:23:45,5.01,0.0,30,15030,卖盘
2540,14:23:48,5.01,0.0,13,6513,卖盘
2541,14:23:54,5.02,0.01,17,8534,买盘
2542,14:23:57,5.01,-0.01,19,9519,卖盘
2543,14:24:04,5.01,0.0,62,31062,卖盘
2544,14:24:09,5.02,0.01,20,10040,买盘
2545,14:24:12,5.01,-0.01,6,3006,卖盘
2546,14:24:33,5.01,0.0,136,68136,卖盘
2547,14:24:48,5.01,0.0,2,1002,卖盘
2548,14:24:51,5.01,0.0,50,25050,卖盘
2549,14:24:57,5.02,0.01,17,8534,买盘
2550,14:25:03,5.02,0.0,503,252506,买盘
2551,14:25:06,5.01,-0.01,15,7515,卖盘
2552,14:25:12,5.02,0.01,10,5020,买盘
2553,14:25:18,5.01,-0.01,65,32605,卖盘
2554,14:25:36,5.02,0.01,489,245478,买盘
2555,14:25:39,5.02,0.0,24,12046,买盘
2556,14:25:46,5.01,-0.01,38,19038,卖盘
2557,14:25:48,5.01,0.0,1,501,卖盘
2558,14:25:52,5.02,0.01,9,4518,买盘
2559,14:25:54,5.01,-0.01,10,5010,卖盘
2560,14:25:57,5.02,0.01,17,8534,买盘
2561,14:26:03,5.01,-0.01,70,35070,卖盘
2562,14:26:09,5.01,0.0,62,31062,卖盘
2563,14:26:15,5.01,0.0,2,1002,卖盘
2564,14:26:27,5.01,0.0,3,1503,卖盘
2565,14:26:30,5.01,0.0,20,10020,卖盘
2566,14:26:48,5.02,0.01,40,20080,买盘
2567,14:26:51,5.01,-0.01,20,10020,卖盘
2568,14:26:54,5.02,0.01,151,75743,买盘
2569,14:26:57,5.02,0.0,17,8534,买盘
2570,14:27:06,5.01,-0.01,3,1503,卖盘
2571,14:27:15,5.01,0.0,50,25050,卖盘
2572,14:27:18,5.02,0.01,297,149091,买盘
2573,14:27:21,5.02,0.0,102,51174,买盘
2574,14:27:25,5.02,0.0,39,19578,买盘
2575,14:27:33,5.02,0.0,5,2510,卖盘
2576,14:27:42,5.02,0.0,10,5020,卖盘
2577,14:27:45,5.02,0.0,6,3012,卖盘
2578,14:27:54,5.02,0.0,11,5522,卖盘
2579,14:27:57,5.03,0.01,17,8551,买盘
2580,14:28:03,5.02,-0.01,3,1506,卖盘
2581,14:28:06,5.02,0.0,20,10059,卖盘
2582,14:28:15,5.05,0.03,4071,2052438,买盘
2583,14:28:18,5.05,0.0,200,101000,卖盘
2584,14:28:21,5.06,0.01,47,23782,买盘
2585,14:28:27,5.06,0.0,49,24794,买盘
2586,14:28:30,5.06,0.0,579,292974,买盘
2587,14:28:33,5.06,0.0,115,58173,买盘
2588,14:28:36,5.07,0.01,50,25309,买盘
2589,14:28:39,5.07,0.0,29,14703,买盘
2590,14:28:42,5.07,0.0,121,61344,买盘
2591,14:28:45,5.07,0.0,111,56277,买盘
2592,14:28:48,5.09,0.02,1898,964261,买盘
2593,14:28:51,5.08,-0.01,43,21854,卖盘
2594,14:28:55,5.1,0.02,854,434819,买盘
2595,14:28:57,5.1,0.0,682,347791,买盘
2596,14:29:00,5.1,0.0,1224,624189,买盘
2597,14:29:04,5.12,0.02,584,297914,买盘
2598,14:29:06,5.11,-0.01,939,480648,中性盘
2599,14:29:09,5.12,0.01,169,86594,买盘
2600,14:29:12,5.13,0.01,603,308981,买盘
2601,14:29:15,5.13,0.0,1144,586812,买盘
2602,14:29:18,5.14,0.01,415,212750,买盘
2603,14:29:21,5.14,0.0,440,225934,买盘
2604,14:29:24,5.15,0.01,2298,1182015,买盘
2605,14:29:27,5.16,0.01,1503,773227,买盘
2606,14:29:30,5.16,0.0,721,371975,买盘
2607,14:29:33,5.16,0.0,1473,762217,买盘
2608,14:29:36,5.17,0.01,541,279556,买盘
2609,14:29:39,5.17,0.0,662,342477,买盘
2610,14:29:42,5.17,0.0,1909,989965,卖盘
2611,14:29:45,5.19,0.02,640,332264,买盘
2612,14:29:48,5.19,0.0,437,227175,卖盘
2613,14:29:51,5.2,0.01,1509,783792,买盘
2614,14:29:54,5.21,0.01,352,183361,买盘
2615,14:29:57,5.22,0.01,835,435497,买盘
2616,14:30:00,5.22,0.0,655,341830,买盘
2617,14:30:04,5.21,-0.01,645,336715,卖盘
2618,14:30:06,5.22,0.01,1253,654553,中性盘
2619,14:30:09,5.22,0.0,2504,1306613,卖盘
2620,14:30:12,5.22,0.0,2024,1053325,买盘
2621,14:30:15,5.2,-0.02,776,402649,中性盘
2622,14:30:18,5.19,-0.01,1611,840138,买盘
2623,14:30:21,5.19,0.0,699,362425,买盘
2624,14:30:25,5.18,-0.01,374,193015,中性盘
2625,14:30:27,5.18,0.0,26,13467,买盘
2626,14:30:30,5.16,-0.02,111,57177,买盘
2627,14:30:33,5.16,0.0,96,49529,买盘
2628,14:30:36,5.16,0.0,194,100104,卖盘
2629,14:30:39,5.17,0.01,285,147099,买盘
2630,14:30:42,5.17,0.0,451,233123,买盘
2631,14:30:45,5.17,0.0,575,296960,买盘
2632,14:30:48,5.17,0.0,86,44462,卖盘
2633,14:30:51,5.18,0.01,601,310695,买盘
2634,14:30:54,5.17,-0.01,424,219442,卖盘
2635,14:30:57,5.18,0.01,340,175860,买盘
2636,14:31:00,5.17,-0.01,285,147214,中性盘
2637,14:31:04,5.18,0.01,562,290557,买盘
2638,14:31:07,5.17,-0.01,238,123081,卖盘
2639,14:31:10,5.16,-0.01,494,255388,卖盘
2640,14:31:12,5.17,0.01,308,159182,买盘
2641,14:31:16,5.16,-0.01,171,88283,卖盘
2642,14:31:19,5.17,0.01,238,122856,买盘
2643,14:31:21,5.16,-0.01,172,88790,卖盘
2644,14:31:24,5.16,0.0,917,473572,卖盘
2645,14:31:27,5.16,0.0,271,139675,买盘
2646,14:31:30,5.15,-0.01,555,285853,卖盘
2647,14:31:33,5.15,0.0,204,105134,买盘
2648,14:31:36,5.16,0.01,288,148399,买盘
2649,14:31:39,5.15,-0.01,629,324141,买盘
2650,14:31:42,5.14,-0.01,86,44204,买盘
2651,14:31:45,5.13,-0.01,864,443571,卖盘
2652,14:31:48,5.13,0.0,65,33313,买盘
2653,14:31:51,5.13,0.0,121,62170,买盘
2654,14:31:54,5.14,0.01,77,39520,买盘
2655,14:31:57,5.14,0.0,615,315568,买盘
2656,14:32:00,5.14,0.0,179,92006,卖盘
2657,14:32:04,5.15,0.01,87,44748,买盘
2658,14:32:06,5.14,-0.01,840,431845,卖盘
2659,14:32:09,5.16,0.02,587,302642,买盘
2660,14:32:12,5.15,-0.01,37,19076,中性盘
2661,14:32:15,5.16,0.01,169,87188,买盘
2662,14:32:18,5.17,0.01,364,187906,买盘
2663,14:32:21,5.17,0.0,494,255386,买盘
2664,14:32:24,5.18,0.01,225,116388,买盘
2665,14:32:27,5.17,-0.01,98,50694,卖盘
2666,14:32:30,5.18,0.01,486,251738,买盘
2667,14:32:33,5.18,0.0,458,237404,卖盘
2668,14:32:36,5.2,0.02,405,210257,买盘
2669,14:32:39,5.18,-0.02,172,89248,卖盘
2670,14:32:42,5.2,0.02,1038,539813,买盘
2671,14:32:45,5.21,0.01,505,262749,买盘
2672,14:32:48,5.2,-0.01,494,256905,中性盘
2673,14:32:51,5.22,0.02,547,285073,买盘
2674,14:32:54,5.22,0.0,146,76123,买盘
2675,14:32:57,5.22,0.0,517,269655,买盘
2676,14:33:00,5.21,-0.01,1142,592810,卖盘
2677,14:33:03,5.19,-0.02,177,91967,中性盘
2678,14:33:06,5.19,0.0,157,81293,买盘
2679,14:33:09,5.17,-0.02,440,228032,卖盘
2680,14:33:12,5.17,0.0,300,155125,卖盘
2681,14:33:15,5.17,0.0,200,103300,买盘
2682,14:33:18,5.19,0.02,533,276138,买盘
2683,14:33:21,5.16,-0.03,212,109545,卖盘
2684,14:33:24,5.18,0.02,42,21739,买盘
2685,14:33:27,5.18,0.0,34,17616,卖盘
2686,14:33:30,5.16,-0.02,495,255909,卖盘
2687,14:33:33,5.16,0.0,558,287919,买盘
2688,14:33:36,5.18,0.02,287,148408,买盘
2689,14:33:39,5.17,-0.01,86,44462,卖盘
2690,14:33:42,5.18,0.01,1263,653306,买盘
2691,14:33:45,5.18,0.0,227,117586,卖盘
2692,14:33:48,5.17,-0.01,151,78217,卖盘
2693,14:33:51,5.16,-0.01,162,83745,卖盘
2694,14:33:54,5.17,0.01,106,54811,中性盘
2695,14:33:57,5.16,-0.01,105,54267,卖盘
2696,14:34:00,5.17,0.01,27,13959,买盘
2697,14:34:04,5.16,-0.01,180,92942,卖盘
2698,14:34:06,5.17,0.01,389,201024,买盘
2699,14:34:09,5.17,0.0,164,84745,买盘
2700,14:34:12,5.17,0.0,108,55831,买盘
2701,14:34:15,5.17,0.0,362,186894,买盘
2702,14:34:18,5.17,0.0,170,87878,买盘
2703,14:34:21,5.17,0.0,660,341200,买盘
2704,14:34:24,5.18,0.01,559,289541,买盘
2705,14:34:27,5.18,0.0,258,133644,卖盘
2706,14:34:30,5.18,0.0,768,398566,卖盘
2707,14:34:33,5.18,0.0,375,194439,卖盘
2708,14:34:36,5.19,0.01,141,73157,买盘
2709,14:34:39,5.2,0.01,980,507876,买盘
2710,14:34:42,5.2,0.0,753,391385,买盘
2711,14:34:45,5.19,-0.01,24,12456,中性盘
2712,14:34:48,5.19,0.0,192,99488,买盘
2713,14:34:51,5.19,0.0,70,36377,卖盘
2714,14:34:54,5.2,0.01,53,27539,买盘
2715,14:34:57,5.19,-0.01,230,119441,卖盘
2716,14:35:00,5.19,0.0,297,154401,卖盘
2717,14:35:04,5.19,0.0,204,105878,买盘
2718,14:35:06,5.19,0.0,103,53457,买盘
2719,14:35:09,5.18,-0.01,26,13480,卖盘
2720,14:35:12,5.18,0.0,331,171501,卖盘
2721,14:35:15,5.18,0.0,528,273237,卖盘
2722,14:35:18,5.17,-0.01,366,189456,卖盘
2723,14:35:21,5.18,0.01,107,55409,买盘
2724,14:35:24,5.18,0.0,255,132027,买盘
2725,14:35:27,5.18,0.0,426,220608,买盘
2726,14:35:30,5.17,-0.01,5,2585,卖盘
2727,14:35:33,5.18,0.01,255,131954,买盘
2728,14:35:36,5.17,-0.01,87,44979,卖盘
2729,14:35:40,5.17,0.0,77,39814,卖盘
2730,14:35:43,5.18,0.01,66,34179,买盘
2731,14:35:45,5.18,0.0,68,35185,买盘
2732,14:35:48,5.18,0.0,471,243656,买盘
2733,14:35:51,5.16,-0.02,280,144687,卖盘
2734,14:35:54,5.17,0.01,7,3619,买盘
2735,14:35:57,5.16,-0.01,166,85722,卖盘
2736,14:36:00,5.16,0.0,253,130614,卖盘
2737,14:36:03,5.16,0.0,309,159482,卖盘
2738,14:36:06,5.16,0.0,57,29417,卖盘
2739,14:36:09,5.16,0.0,133,68728,卖盘
2740,14:36:12,5.16,0.0,13,6708,卖盘
2741,14:36:15,5.16,0.0,189,97574,卖盘
2742,14:36:18,5.17,0.01,39,20153,买盘
2743,14:36:24,5.17,0.0,106,54802,买盘
2744,14:36:27,5.17,0.0,244,126132,买盘
2745,14:36:31,5.17,0.0,52,26884,买盘
2746,14:36:33,5.17,0.0,13,6721,卖盘
2747,14:36:36,5.17,0.0,130,67300,卖盘
2748,14:36:39,5.18,0.01,20,10350,买盘
2749,14:36:42,5.17,-0.01,177,91519,卖盘
2750,14:36:45,5.17,0.0,124,64117,卖盘
2751,14:36:48,5.17,0.0,225,116540,卖盘
2752,14:36:51,5.17,0.0,220,113910,卖盘
2753,14:36:54,5.18,0.01,73,37814,买盘
2754,14:36:57,5.18,0.0,33,17084,买盘
2755,14:37:00,5.17,-0.01,1181,610758,卖盘
2756,14:37:04,5.18,0.01,101,52298,买盘
2757,14:37:06,5.17,-0.01,37,19154,卖盘
2758,14:37:09,5.17,0.0,401,207546,卖盘
2759,14:37:13,5.17,0.0,108,55836,卖盘
2760,14:37:15,5.17,0.0,61,31537,中性盘
2761,14:37:18,5.16,-0.01,66,34056,卖盘
2762,14:37:21,5.17,0.01,135,69795,买盘
2763,14:37:24,5.16,-0.01,10,5160,卖盘
2764,14:37:27,5.16,0.0,14,7224,卖盘
2765,14:37:31,5.16,0.0,153,79038,卖盘
2766,14:37:33,5.16,0.0,47,24258,卖盘
2767,14:37:36,5.16,0.0,58,29964,卖盘
2768,14:37:39,5.16,0.0,17,8783,卖盘
2769,14:37:42,5.16,0.0,100,51601,卖盘
2770,14:37:45,5.16,0.0,250,129110,卖盘
2771,14:37:48,5.16,0.0,149,76884,卖盘
2772,14:37:51,5.16,0.0,25,12900,卖盘
2773,14:37:54,5.16,0.0,23,11868,卖盘
2774,14:37:58,5.17,0.01,378,195103,买盘
2775,14:38:00,5.16,-0.01,63,32542,卖盘
2776,14:38:04,5.16,0.0,37,19092,卖盘
2777,14:38:06,5.17,0.01,582,300883,买盘
2778,14:38:09,5.17,0.0,43,22231,卖盘
2779,14:38:12,5.17,0.0,104,53768,卖盘
2780,14:38:15,5.17,0.0,187,96679,卖盘
2781,14:38:18,5.17,0.0,362,187154,卖盘
2782,14:38:21,5.17,0.0,44,22748,卖盘
2783,14:38:24,5.16,-0.01,683,353673,卖盘
2784,14:38:27,5.17,0.01,50,25850,买盘
2785,14:38:30,5.17,0.0,2,1034,买盘
2786,14:38:33,5.16,-0.01,960,496908,卖盘
2787,14:38:36,5.16,0.0,44,22718,卖盘
2788,14:38:39,5.17,0.01,70,36190,买盘
2789,14:38:42,5.17,0.0,18,9303,买盘
2790,14:38:46,5.17,0.0,134,69248,买盘
2791,14:38:51,5.17,0.0,342,176684,买盘
2792,14:38:54,5.17,0.0,148,76523,卖盘
2793,14:38:57,5.17,0.0,42,21731,卖盘
2794,14:39:00,5.18,0.01,11,5698,买盘
2795,14:39:04,5.17,-0.01,214,110638,卖盘
2796,14:39:06,5.17,0.0,182,94095,卖盘
2797,14:39:09,5.17,0.0,77,39809,买盘
2798,14:39:12,5.17,0.0,4,2068,买盘
2799,14:39:15,5.16,-0.01,71,36637,卖盘
2800,14:39:18,5.17,0.01,48,24813,买盘
2801,14:39:21,5.17,0.0,1,517,买盘
2802,14:39:24,5.17,0.0,13,6721,买盘
2803,14:39:27,5.17,0.0,119,61522,买盘
2804,14:39:30,5.17,0.0,280,144513,买盘
2805,14:39:33,5.16,-0.01,36,18606,卖盘
2806,14:39:36,5.16,0.0,3,1548,卖盘
2807,14:39:39,5.17,0.01,53,27391,买盘
2808,14:39:42,5.17,0.0,11,5684,买盘
2809,14:39:45,5.16,-0.01,16,8256,卖盘
2810,14:39:48,5.17,0.01,55,28412,买盘
2811,14:39:51,5.16,-0.01,315,162546,卖盘
2812,14:39:57,5.16,0.0,50,25811,卖盘
2813,14:40:00,5.17,0.01,29,14983,买盘
2814,14:40:04,5.17,0.0,34,17577,买盘
2815,14:40:06,5.17,0.0,30,15510,买盘
2816,14:40:10,5.17,0.0,148,76496,买盘
2817,14:40:12,5.16,-0.01,108,55728,卖盘
2818,14:40:15,5.16,0.0,81,41859,卖盘
2819,14:40:19,5.17,0.01,852,440081,买盘
2820,14:40:22,5.16,-0.01,101,52128,卖盘
2821,14:40:25,5.16,0.0,50,25800,卖盘
2822,14:40:27,5.16,0.0,90,46446,卖盘
2823,14:40:31,5.16,0.0,10,5160,卖盘
2824,14:40:33,5.16,0.0,92,47517,卖盘
2825,14:40:36,5.16,0.0,50,25810,卖盘
2826,14:40:42,5.16,0.0,109,56283,卖盘
2827,14:40:45,5.16,0.0,207,106865,卖盘
2828,14:40:51,5.17,0.01,100,51632,买盘
2829,14:40:54,5.16,-0.01,268,138321,卖盘
2830,14:40:57,5.16,0.0,168,86705,卖盘
2831,14:41:00,5.15,-0.01,130,67051,卖盘
2832,14:41:03,5.16,0.01,75,38700,买盘
2833,14:41:06,5.16,0.0,20,10320,买盘
2834,14:41:09,5.16,0.0,41,21146,买盘
2835,14:41:18,5.16,0.0,43,22174,买盘
