,time,price,change,volume,amount,type
0,09:25:04,6.5,-0.15,706,458900,买盘
1,09:30:05,6.48,-0.02,65,42100,卖盘
2,09:30:07,6.47,-0.01,1314,850586,卖盘
3,09:30:10,6.48,0.01,58,37574,买盘
4,09:30:13,6.47,-0.01,4,2588,卖盘
5,09:30:16,6.47,0.0,74,47842,卖盘
6,09:30:19,6.46,-0.01,56,36186,卖盘
7,09:30:22,6.49,0.03,88,56997,买盘
8,09:30:28,6.48,-0.01,24,15552,卖盘
9,09:30:34,6.48,0.0,73,47340,卖盘
10,09:30:37,6.49,0.01,101,65391,买盘
11,09:30:43,6.48,-0.01,68,43989,买盘
12,09:30:46,6.48,0.0,10,6480,买盘
13,09:30:49,6.47,-0.01,206,133311,卖盘
14,09:30:52,6.47,0.0,13,8421,卖盘
15,09:30:55,6.48,0.01,8,5184,买盘
16,09:30:58,6.48,0.0,9,5826,买盘
17,09:31:01,6.47,-0.01,51,33024,卖盘
18,09:31:04,6.48,0.01,70,45303,买盘
19,09:31:07,6.47,-0.01,178,115176,卖盘
20,09:31:10,6.48,0.01,90,58252,买盘
21,09:31:13,6.48,0.0,40,25920,买盘
22,09:31:16,6.48,0.0,9,5832,买盘
23,09:31:19,6.48,0.0,14,9072,卖盘
24,09:31:25,6.47,-0.01,100,64717,卖盘
25,09:31:28,6.48,0.01,73,47307,卖盘
26,09:31:34,6.49,0.01,6,3893,买盘
27,09:31:37,6.49,0.0,25,16225,买盘
28,09:31:40,6.49,0.0,11,7139,买盘
29,09:31:43,6.49,0.0,4,2596,卖盘
30,09:31:46,6.5,0.01,156,101400,买盘
31,09:31:52,6.5,0.0,6,3900,卖盘
32,09:31:58,6.51,0.01,23,14971,买盘
33,09:32:07,6.54,0.03,124,81074,买盘
34,09:32:19,6.54,0.0,10,6540,买盘
35,09:32:22,6.54,0.0,20,13080,买盘
36,09:32:25,6.52,-0.02,67,43764,卖盘
37,09:32:28,6.53,0.01,45,29410,中性盘
38,09:32:31,6.53,0.0,4,2612,买盘
39,09:32:34,6.53,0.0,29,18937,买盘
40,09:32:37,6.53,0.0,58,37874,买盘
41,09:32:40,6.52,-0.01,110,71775,卖盘
42,09:32:46,6.52,0.0,14,9140,卖盘
43,09:32:49,6.54,0.02,18,11772,买盘
44,09:32:52,6.54,0.0,8,5232,买盘
45,09:32:58,6.52,-0.02,60,39192,卖盘
46,09:33:01,6.54,0.02,84,54990,中性盘
47,09:33:05,6.52,-0.02,16,10452,卖盘
48,09:33:07,6.52,0.0,12,7832,卖盘
49,09:33:16,6.54,0.02,20,13080,买盘
50,09:33:19,6.51,-0.03,101,65932,卖盘
51,09:33:25,6.54,0.03,4,2616,买盘
52,09:33:28,6.54,0.0,13,8502,买盘
53,09:33:34,6.53,-0.01,6,3918,卖盘
54,09:33:37,6.54,0.01,26,17004,买盘
55,09:33:40,6.53,-0.01,2,1307,卖盘
56,09:33:43,6.53,0.0,40,26133,买盘
57,09:33:46,6.54,0.01,2,1308,买盘
58,09:33:49,6.54,0.0,16,10464,买盘
59,09:33:52,6.53,-0.01,88,57464,卖盘
60,09:33:58,6.54,0.01,25,16350,卖盘
61,09:34:01,6.51,-0.03,58,37836,卖盘
62,09:34:07,6.54,0.03,32,20919,买盘
63,09:34:13,6.53,-0.01,18,11764,中性盘
64,09:34:16,6.53,0.0,15,9769,买盘
65,09:34:19,6.51,-0.02,100,65129,卖盘
66,09:34:22,6.54,0.03,1,654,买盘
67,09:34:28,6.54,0.0,40,26140,买盘
68,09:34:31,6.52,-0.02,15,9790,卖盘
69,09:34:34,6.52,0.0,10,6520,卖盘
70,09:34:40,6.53,0.01,10,6530,买盘
71,09:34:43,6.53,0.0,27,17631,买盘
72,09:34:46,6.53,0.0,33,21549,卖盘
73,09:34:49,6.53,0.0,7,4571,中性盘
74,09:34:52,6.53,0.0,23,15019,卖盘
75,09:35:01,6.52,-0.01,2,1304,卖盘
76,09:35:10,6.54,0.02,142,92773,买盘
77,09:35:16,6.53,-0.01,15,9795,卖盘
78,09:35:22,6.52,-0.01,87,56769,卖盘
79,09:35:28,6.54,0.02,5,3270,买盘
80,09:35:40,6.53,-0.01,69,45057,卖盘
81,09:35:43,6.53,0.0,10,6530,买盘
82,09:35:46,6.53,0.0,10,6530,买盘
83,09:35:49,6.53,0.0,8,5224,买盘
84,09:35:55,6.53,0.0,82,53496,买盘
85,09:35:58,6.52,-0.01,281,182973,卖盘
86,09:36:01,6.5,-0.02,6,3900,卖盘
87,09:36:04,6.5,0.0,42,27306,卖盘
88,09:36:07,6.49,-0.01,198,128661,卖盘
89,09:36:10,6.49,0.0,5,3245,卖盘
90,09:36:13,6.5,0.01,64,41600,买盘
91,09:36:16,6.52,0.02,101,65773,买盘
92,09:36:19,6.49,-0.03,9,5856,卖盘
93,09:36:22,6.49,0.0,50,32450,卖盘
94,09:36:25,6.5,0.01,32,20800,卖盘
95,09:36:28,6.49,-0.01,150,97406,卖盘
96,09:36:31,6.49,0.0,3,1947,卖盘
97,09:36:34,6.5,0.01,75,48750,中性盘
98,09:36:37,6.5,0.0,57,37060,卖盘
99,09:36:40,6.5,0.0,6,3900,卖盘
100,09:36:43,6.5,0.0,82,53300,卖盘
101,09:36:49,6.51,0.01,4,2604,买盘
102,09:36:52,6.5,-0.01,42,27314,卖盘
103,09:36:55,6.5,0.0,72,46800,卖盘
104,09:37:01,6.5,0.0,24,15596,买盘
105,09:37:04,6.49,-0.01,49,31801,卖盘
106,09:37:07,6.5,0.01,2,1300,买盘
107,09:37:10,6.5,0.0,33,21430,买盘
108,09:37:13,6.49,-0.01,6,3898,中性盘
109,09:37:16,6.46,-0.03,723,468118,卖盘
110,09:37:19,6.5,0.04,58,37524,买盘
111,09:37:25,6.49,-0.01,4,2596,卖盘
112,09:37:28,6.49,0.0,135,87725,买盘
113,09:37:31,6.49,0.0,5,3245,买盘
114,09:37:34,6.47,-0.02,41,26527,卖盘
115,09:37:37,6.46,-0.01,11,7106,卖盘
116,09:37:40,6.43,-0.03,516,332885,卖盘
117,09:37:43,6.46,0.03,24,15523,卖盘
118,09:37:46,6.46,0.0,35,22610,买盘
119,09:37:49,6.45,-0.01,97,62651,卖盘
120,09:37:55,6.43,-0.02,19,12217,卖盘
121,09:37:58,6.44,0.01,50,32200,买盘
122,09:38:01,6.44,0.0,10,6440,买盘
123,09:38:04,6.42,-0.02,328,210894,卖盘
124,09:38:07,6.43,0.01,193,124057,买盘
125,09:38:10,6.42,-0.01,45,28920,卖盘
126,09:38:13,6.41,-0.01,148,94955,卖盘
127,09:38:16,6.42,0.01,9,5773,买盘
128,09:38:19,6.43,0.01,201,128997,买盘
129,09:38:22,6.41,-0.02,59,37853,卖盘
130,09:38:25,6.41,0.0,287,183805,卖盘
131,09:38:28,6.42,0.01,5,3210,卖盘
132,09:38:31,6.43,0.01,46,29534,买盘
133,09:38:34,6.41,-0.02,20,12837,卖盘
134,09:38:37,6.42,0.01,98,62912,买盘
135,09:38:40,6.4,-0.02,212,135990,卖盘
136,09:38:43,6.43,0.03,75,48045,买盘
137,09:38:46,6.43,0.0,129,82844,买盘
138,09:38:49,6.43,0.0,30,19290,卖盘
139,09:38:52,6.41,-0.02,64,41024,卖盘
140,09:38:55,6.43,0.02,10,6427,买盘
141,09:38:58,6.43,0.0,185,118945,买盘
142,09:39:01,6.43,0.0,32,20612,卖盘
143,09:39:04,6.42,-0.01,111,71308,卖盘
144,09:39:07,6.42,0.0,57,36633,卖盘
145,09:39:10,6.42,0.0,1,642,卖盘
146,09:39:13,6.43,0.01,80,51440,买盘
147,09:39:16,6.43,0.0,90,58068,卖盘
148,09:39:22,6.42,-0.01,73,46902,卖盘
149,09:39:25,6.45,0.03,12,7720,买盘
150,09:39:28,6.42,-0.03,90,58026,卖盘
151,09:39:31,6.43,0.01,1,643,中性盘
152,09:39:37,6.43,0.0,60,38580,卖盘
153,09:39:40,6.45,0.02,129,83195,买盘
154,09:39:46,6.45,0.0,4,2580,买盘
155,09:39:49,6.46,0.01,56,36138,买盘
156,09:39:55,6.43,-0.03,13,8361,卖盘
157,09:39:58,6.47,0.04,18,11637,买盘
158,09:40:07,6.46,-0.01,27,17445,卖盘
159,09:40:10,6.46,0.0,68,43976,卖盘
160,09:40:13,6.46,0.0,50,32349,卖盘
161,09:40:16,6.46,0.0,90,58183,卖盘
162,09:40:25,6.46,0.0,63,40747,卖盘
163,09:40:28,6.47,0.01,21,13587,买盘
164,09:40:31,6.46,-0.01,5,3230,卖盘
165,09:40:37,6.46,0.0,79,51060,卖盘
166,09:40:40,6.46,0.0,4,2584,卖盘
167,09:40:46,6.46,0.0,5,3230,卖盘
168,09:40:49,6.46,0.0,29,18754,卖盘
169,09:40:52,6.46,0.0,13,8398,买盘
170,09:40:55,6.46,0.0,2,1292,买盘
171,09:40:58,6.46,0.0,5,3230,买盘
172,09:41:01,6.45,-0.01,208,134164,卖盘
173,09:41:04,6.45,0.0,2,1290,卖盘
174,09:41:07,6.45,0.0,123,79335,卖盘
175,09:41:10,6.45,0.0,12,7740,买盘
176,09:41:13,6.45,0.0,56,36127,卖盘
177,09:41:16,6.44,-0.01,68,43855,卖盘
178,09:41:19,6.45,0.01,4,2580,买盘
179,09:41:22,6.44,-0.01,22,14175,卖盘
180,09:41:25,6.45,0.01,226,145700,买盘
181,09:41:28,6.44,-0.01,10,6440,卖盘
182,09:41:34,6.44,0.0,5,3220,卖盘
183,09:41:37,6.43,-0.01,234,150462,卖盘
184,09:41:40,6.44,0.01,67,43156,买盘
185,09:41:46,6.43,-0.01,20,12870,卖盘
186,09:41:49,6.45,0.02,718,462310,买盘
187,09:41:52,6.44,-0.01,12,7728,中性盘
188,09:41:55,6.43,-0.01,45,28935,买盘
189,09:41:58,6.45,0.02,49,31551,买盘
190,09:42:01,6.44,-0.01,4,2576,卖盘
191,09:42:04,6.44,0.0,36,23200,卖盘
192,09:42:07,6.46,0.02,51,32912,买盘
193,09:42:10,6.45,-0.01,4,2580,卖盘
194,09:42:13,6.44,-0.01,13,8373,卖盘
195,09:42:16,6.46,0.02,14,9034,买盘
196,09:42:22,6.46,0.0,4,2584,买盘
197,09:42:25,6.46,0.0,35,22610,买盘
198,09:42:28,6.45,-0.01,37,23876,卖盘
199,09:42:31,6.45,0.0,32,20640,买盘
200,09:42:37,6.45,0.0,8,5166,卖盘
201,09:42:40,6.45,0.0,5,3225,卖盘
202,09:42:46,6.46,0.01,1,646,买盘
203,09:42:49,6.45,-0.01,20,12909,卖盘
204,09:42:52,6.46,0.01,12,7752,买盘
205,09:42:58,6.47,0.01,98,63388,买盘
206,09:43:01,6.47,0.0,33,21351,买盘
207,09:43:10,6.48,0.01,17,11003,买盘
208,09:43:13,6.48,0.0,10,6480,买盘
209,09:43:16,6.48,0.0,7,4536,买盘
210,09:43:19,6.48,0.0,4,2592,买盘
211,09:43:22,6.47,-0.01,22,14244,卖盘
212,09:43:25,6.47,0.0,8,5176,卖盘
213,09:43:31,6.48,0.01,6,3888,卖盘
214,09:43:34,6.49,0.01,61,39558,买盘
215,09:43:37,6.49,0.0,17,11033,卖盘
216,09:43:40,6.47,-0.02,30,19436,卖盘
217,09:43:43,6.47,0.0,3,1941,卖盘
218,09:43:46,6.47,0.0,9,5827,卖盘
219,09:43:52,6.48,0.01,10,6480,买盘
220,09:43:55,6.48,0.0,5,3240,买盘
221,09:43:58,6.48,0.0,20,12960,卖盘
222,09:44:10,6.48,0.0,3,1944,卖盘
223,09:44:16,6.49,0.01,10,6490,买盘
224,09:44:19,6.49,0.0,4,2596,买盘
225,09:44:22,6.49,0.0,4,2596,买盘
226,09:44:25,6.48,-0.01,41,26578,卖盘
227,09:44:31,6.49,0.01,25,16215,买盘
228,09:44:37,6.49,0.0,2,1298,卖盘
229,09:44:40,6.49,0.0,3,1947,卖盘
230,09:44:43,6.48,-0.01,4,2592,卖盘
231,09:44:46,6.48,0.0,55,35688,卖盘
232,09:44:49,6.49,0.01,31,20102,买盘
233,09:44:52,6.49,0.0,4,2596,买盘
234,09:44:55,6.49,0.0,18,11679,买盘
235,09:44:58,6.48,-0.01,20,12960,卖盘
236,09:45:01,6.48,0.0,6,3888,买盘
237,09:45:04,6.47,-0.01,29,18768,卖盘
238,09:45:07,6.47,0.0,179,115845,卖盘
239,09:45:13,6.47,0.0,6,3882,买盘
240,09:45:16,6.46,-0.01,23,14858,卖盘
241,09:45:19,6.46,0.0,58,37468,卖盘
242,09:45:22,6.47,0.01,4,2588,买盘
243,09:45:25,6.46,-0.01,35,22624,卖盘
244,09:45:28,6.46,0.0,2,1292,买盘
245,09:45:31,6.45,-0.01,52,33540,卖盘
246,09:45:37,6.45,0.0,6,3870,买盘
247,09:45:43,6.46,0.01,90,58104,买盘
248,09:45:46,6.46,0.0,2,1292,卖盘
249,09:45:49,6.45,-0.01,225,145332,卖盘
250,09:45:52,6.46,0.01,32,20695,中性盘
251,09:45:55,6.44,-0.02,344,221587,卖盘
252,09:45:58,6.44,0.0,86,55384,买盘
253,09:46:01,6.44,0.0,36,23184,买盘
254,09:46:05,6.44,0.0,146,94001,买盘
255,09:46:07,6.44,0.0,220,141680,买盘
256,09:46:10,6.45,0.01,373,240265,买盘
257,09:46:13,6.46,0.01,7,4522,买盘
258,09:46:16,6.47,0.01,16,10350,买盘
259,09:46:19,6.46,-0.01,43,27791,中性盘
260,09:46:22,6.45,-0.01,192,123966,卖盘
261,09:46:25,6.45,0.0,172,110940,买盘
262,09:46:28,6.45,0.0,50,32250,买盘
263,09:46:31,6.45,0.0,4,2580,买盘
264,09:46:34,6.44,-0.01,40,25766,卖盘
265,09:46:37,6.48,0.04,62,40138,买盘
266,09:46:40,6.45,-0.03,14,9057,卖盘
267,09:46:43,6.47,0.02,10,6470,卖盘
268,09:46:49,6.46,-0.01,5,3230,买盘
269,09:46:52,6.46,0.0,5,3230,买盘
270,09:46:55,6.46,0.0,5,3230,买盘
271,09:46:58,6.45,-0.01,11,7095,卖盘
272,09:47:01,6.45,0.0,29,18711,卖盘
273,09:47:04,6.46,0.01,11,7106,买盘
274,09:47:07,6.46,0.0,81,52251,买盘
275,09:47:10,6.45,-0.01,10,6450,卖盘
276,09:47:13,6.45,0.0,45,29048,卖盘
277,09:47:16,6.46,0.01,9,5809,买盘
278,09:47:19,6.46,0.0,9,5814,买盘
279,09:47:25,6.46,0.0,113,72902,买盘
280,09:47:28,6.46,0.0,25,16150,买盘
281,09:47:40,6.45,-0.01,11,7094,买盘
282,09:47:43,6.45,0.0,53,34185,买盘
283,09:47:46,6.46,0.01,63,40686,买盘
284,09:47:52,6.45,-0.01,10,6450,卖盘
285,09:47:58,6.44,-0.01,136,87734,卖盘
286,09:48:16,6.46,0.02,42,27076,买盘
287,09:48:19,6.46,0.0,7,4516,买盘
288,09:48:22,6.45,-0.01,25,16125,买盘
289,09:48:31,6.45,0.0,35,22575,卖盘
290,09:48:40,6.46,0.01,70,45220,买盘
291,09:48:46,6.46,0.0,13,8398,卖盘
292,09:48:52,6.45,-0.01,139,89688,卖盘
293,09:48:55,6.48,0.03,14,9072,买盘
294,09:49:13,6.47,-0.01,5,3235,买盘
295,09:49:22,6.47,0.0,14,9058,买盘
296,09:49:28,6.47,0.0,8,5176,买盘
297,09:49:37,6.48,0.01,6,3888,买盘
298,09:49:43,6.47,-0.01,4,2588,中性盘
299,09:49:49,6.46,-0.01,10,6460,卖盘
300,09:49:52,6.47,0.01,14,9058,买盘
301,09:50:01,6.46,-0.01,10,6460,卖盘
302,09:50:04,6.46,0.0,2,1292,卖盘
303,09:50:13,6.46,0.0,9,5814,卖盘
304,09:50:16,6.46,0.0,35,22627,卖盘
305,09:50:19,6.46,0.0,9,5818,卖盘
306,09:50:22,6.47,0.01,8,5176,买盘
307,09:50:25,6.47,0.0,14,9058,卖盘
308,09:50:31,6.46,-0.01,69,44574,卖盘
309,09:50:34,6.46,0.0,31,20026,买盘
310,09:50:37,6.46,0.0,43,27783,卖盘
311,09:50:40,6.47,0.01,56,36200,买盘
312,09:50:49,6.47,0.0,110,71070,买盘
313,09:50:52,6.47,0.0,29,18773,买盘
314,09:51:01,6.48,0.01,45,29160,买盘
315,09:51:07,6.47,-0.01,4,2588,卖盘
316,09:51:10,6.46,-0.01,45,29072,卖盘
317,09:51:13,6.46,0.0,14,9044,中性盘
318,09:51:16,6.49,0.03,4,2596,买盘
319,09:51:22,6.48,-0.01,15,9720,买盘
320,09:51:34,6.48,0.0,3,1944,买盘
321,09:51:40,6.46,-0.02,5,3230,买盘
322,09:51:46,6.48,0.02,11,7125,买盘
323,09:51:52,6.48,0.0,7,4536,买盘
324,09:52:04,6.48,0.0,7,4536,买盘
325,09:52:10,6.49,0.01,131,84893,买盘
326,09:52:13,6.46,-0.03,15,9690,卖盘
327,09:52:16,6.48,0.02,10,6480,买盘
328,09:52:19,6.48,0.0,4,2592,买盘
329,09:52:22,6.49,0.01,40,25932,买盘
330,09:52:25,6.48,-0.01,10,6480,卖盘
331,09:52:28,6.49,0.01,87,56463,买盘
332,09:52:33,6.46,-0.03,20,12932,卖盘
333,09:52:43,6.5,0.04,8,5200,买盘
334,09:52:54,6.49,-0.01,10,6490,买盘
335,09:53:10,6.49,0.0,20,12980,买盘
336,09:53:22,6.49,0.0,2,1298,买盘
337,09:53:25,6.5,0.01,54,35100,买盘
338,09:53:28,6.5,0.0,205,133250,买盘
339,09:53:31,6.49,-0.01,1,649,卖盘
340,09:53:37,6.46,-0.03,239,155182,卖盘
341,09:53:46,6.48,0.02,2,1296,卖盘
342,09:53:49,6.5,0.02,4,2599,买盘
343,09:53:52,6.48,-0.02,1,648,卖盘
344,09:53:55,6.48,0.0,112,72705,卖盘
345,09:54:01,6.49,0.01,2,1298,卖盘
346,09:54:13,6.49,0.0,12,7798,卖盘
347,09:54:16,6.49,0.0,10,6490,卖盘
348,09:54:19,6.5,0.01,10,6500,买盘
349,09:54:22,6.5,0.0,48,31200,买盘
350,09:54:25,6.49,-0.01,1,649,卖盘
351,09:54:28,6.5,0.01,107,69496,买盘
352,09:54:37,6.48,-0.02,14,9072,卖盘
353,09:54:40,6.48,0.0,3,1944,买盘
354,09:54:43,6.49,0.01,17,11033,卖盘
355,09:54:49,6.47,-0.02,36,23292,卖盘
356,09:54:52,6.47,0.0,4,2588,买盘
357,09:54:55,6.47,0.0,16,10352,买盘
358,09:54:58,6.47,0.0,3,1941,买盘
359,09:55:04,6.47,0.0,23,14859,买盘
360,09:55:07,6.47,0.0,1,647,买盘
361,09:55:10,6.47,0.0,1,647,买盘
362,09:55:13,6.46,-0.01,73,47160,卖盘
363,09:55:16,6.46,0.0,31,20027,卖盘
364,09:55:22,6.46,0.0,4,2584,买盘
365,09:55:28,6.46,0.0,5,3230,买盘
366,09:55:31,6.46,0.0,25,16130,买盘
367,09:55:34,6.46,0.0,5,3230,买盘
368,09:55:37,6.46,0.0,3,1938,买盘
369,09:55:40,6.46,0.0,24,15484,买盘
370,09:55:43,6.46,0.0,7,4522,买盘
371,09:55:46,6.45,-0.01,91,58780,卖盘
372,09:55:49,6.46,0.01,4,2584,买盘
373,09:55:52,6.45,-0.01,47,30318,卖盘
374,09:55:55,6.46,0.01,5,3230,买盘
375,09:56:01,6.46,0.0,10,6460,卖盘
376,09:56:07,6.45,-0.01,15,9683,卖盘
377,09:56:10,6.5,0.05,171,111091,买盘
378,09:56:13,6.46,-0.04,5,3230,中性盘
379,09:56:16,6.45,-0.01,139,89655,卖盘
380,09:56:19,6.45,0.0,7,4515,买盘
381,09:56:25,6.46,0.01,2,1292,买盘
382,09:56:28,6.44,-0.02,132,85017,卖盘
383,09:56:31,6.45,0.01,3,1935,买盘
384,09:56:34,6.45,0.0,1,645,买盘
385,09:56:37,6.45,0.0,1,645,中性盘
386,09:56:40,6.44,-0.01,45,28980,卖盘
387,09:56:43,6.45,0.01,1,645,买盘
388,09:56:46,6.45,0.0,12,7729,买盘
389,09:56:49,6.44,-0.01,47,30268,卖盘
390,09:56:52,6.44,0.0,1,644,买盘
391,09:56:55,6.44,0.0,14,9016,买盘
392,09:56:58,6.44,0.0,8,5152,买盘
393,09:57:01,6.44,0.0,37,23798,买盘
394,09:57:04,6.44,0.0,6,3864,买盘
395,09:57:10,6.44,0.0,7,4504,买盘
396,09:57:13,6.44,0.0,4,2576,买盘
397,09:57:16,6.43,-0.01,178,114456,卖盘
398,09:57:19,6.43,0.0,1,643,买盘
399,09:57:28,6.43,0.0,6,3858,买盘
400,09:57:31,6.43,0.0,3,1929,买盘
401,09:57:34,6.42,-0.01,13,8346,卖盘
402,09:57:37,6.42,0.0,268,172062,卖盘
403,09:57:40,6.43,0.01,20,12860,买盘
404,09:57:43,6.42,-0.01,32,20563,卖盘
405,09:57:46,6.42,0.0,41,26322,买盘
406,09:57:49,6.41,-0.01,51,32692,卖盘
407,09:57:55,6.41,0.0,35,22435,卖盘
408,09:58:01,6.41,0.0,20,12822,卖盘
409,09:58:04,6.41,0.0,383,245503,卖盘
410,09:58:07,6.41,0.0,323,207043,卖盘
411,09:58:10,6.4,-0.01,57,36480,卖盘
412,09:58:13,6.41,0.01,21,13461,买盘
413,09:58:16,6.41,0.0,20,12820,买盘
414,09:58:19,6.4,-0.01,179,114560,卖盘
415,09:58:22,6.41,0.01,58,37158,买盘
416,09:58:34,6.42,0.01,110,70512,买盘
417,09:58:37,6.41,-0.01,11,7051,卖盘
418,09:58:40,6.42,0.01,91,58363,买盘
419,09:58:43,6.42,0.0,20,12840,买盘
420,09:58:49,6.42,0.0,12,7704,买盘
421,09:58:55,6.41,-0.01,35,22442,卖盘
422,09:59:01,6.42,0.01,21,13472,买盘
423,09:59:04,6.42,0.0,332,213144,买盘
424,09:59:07,6.42,0.0,147,94374,买盘
425,09:59:10,6.42,0.0,112,71904,卖盘
426,09:59:13,6.43,0.01,37,23791,买盘
427,09:59:16,6.43,0.0,116,74588,买盘
428,09:59:19,6.44,0.01,23,14812,买盘
429,09:59:22,6.44,0.0,8,5152,卖盘
430,09:59:25,6.45,0.01,11,7095,买盘
431,09:59:28,6.46,0.01,30,19380,买盘
432,09:59:31,6.45,-0.01,5,3225,卖盘
433,09:59:34,6.46,0.01,83,53538,买盘
434,09:59:40,6.5,0.04,120,77855,买盘
435,09:59:52,6.48,-0.02,13,8424,买盘
436,09:59:55,6.49,0.01,46,29817,买盘
437,10:00:01,6.48,-0.01,40,25911,卖盘
438,10:00:04,6.5,0.02,100,64909,买盘
439,10:00:07,6.5,0.0,175,113750,买盘
440,10:00:16,6.5,0.0,92,59800,买盘
441,10:00:19,6.49,-0.01,24,15594,卖盘
442,10:00:22,6.49,0.0,57,37043,卖盘
443,10:00:25,6.49,0.0,20,12980,卖盘
444,10:00:34,6.48,-0.01,5,3240,买盘
445,10:00:37,6.48,0.0,46,29808,买盘
446,10:00:49,6.52,0.04,110,71634,买盘
447,10:00:52,6.52,0.0,10,6520,卖盘
448,10:00:55,6.48,-0.04,26,16928,卖盘
449,10:00:58,6.51,0.03,1,651,买盘
450,10:01:04,6.5,-0.01,1,650,买盘
451,10:01:22,6.48,-0.02,14,9072,卖盘
452,10:01:31,6.49,0.01,10,6490,卖盘
453,10:01:49,6.5,0.01,10,6500,买盘
454,10:01:52,6.49,-0.01,8,5192,卖盘
455,10:01:58,6.5,0.01,10,6500,买盘
456,10:02:05,6.5,0.0,8,5200,买盘
457,10:02:07,6.5,0.0,10,6500,买盘
458,10:02:13,6.5,0.0,5,3250,买盘
459,10:02:16,6.49,-0.01,26,16874,卖盘
460,10:02:19,6.5,0.01,2,1300,买盘
461,10:02:25,6.5,0.0,62,40292,买盘
462,10:02:28,6.5,0.0,11,7149,买盘
463,10:02:31,6.5,0.0,12,7796,买盘
464,10:02:34,6.49,-0.01,17,11033,卖盘
465,10:02:37,6.5,0.01,5,3250,买盘
466,10:02:43,6.49,-0.01,9,5845,卖盘
467,10:02:55,6.49,0.0,43,27907,卖盘
468,10:02:58,6.49,0.0,14,9086,买盘
469,10:03:04,6.48,-0.01,16,10368,卖盘
470,10:03:16,6.48,0.0,30,19440,卖盘
471,10:03:25,6.48,0.0,58,37584,卖盘
472,10:03:28,6.48,0.0,2,1296,卖盘
473,10:03:31,6.49,0.01,9,5841,买盘
474,10:03:34,6.48,-0.01,73,47304,卖盘
475,10:03:37,6.48,0.0,30,19440,卖盘
476,10:03:43,6.48,0.0,211,136728,卖盘
477,10:03:46,6.47,-0.01,23,14881,卖盘
478,10:03:58,6.48,0.01,141,91368,买盘
479,10:04:01,6.5,0.02,390,253326,买盘
480,10:04:07,6.5,0.0,12,7800,卖盘
481,10:04:10,6.51,0.01,49,31872,买盘
482,10:04:13,6.51,0.0,6,3906,买盘
483,10:04:16,6.51,0.0,30,19530,买盘
484,10:04:22,6.51,0.0,46,29946,买盘
485,10:04:31,6.51,0.0,7,4557,卖盘
486,10:04:37,6.54,0.03,311,203155,买盘
487,10:04:40,6.53,-0.01,13,8489,中性盘
488,10:04:43,6.53,0.0,3,1959,卖盘
489,10:04:52,6.54,0.01,40,26160,买盘
490,10:04:55,6.54,0.0,84,54986,卖盘
491,10:04:58,6.54,0.0,73,47742,卖盘
492,10:05:01,6.54,0.0,39,25506,买盘
493,10:05:07,6.54,0.0,10,6540,买盘
494,10:05:10,6.52,-0.02,10,6526,卖盘
495,10:05:13,6.52,0.0,5,3260,买盘
496,10:05:16,6.52,0.0,1,652,买盘
497,10:05:19,6.51,-0.01,68,44354,卖盘
498,10:05:22,6.51,0.0,128,83328,卖盘
499,10:05:31,6.5,-0.01,7,4550,卖盘
500,10:05:37,6.5,0.0,37,24050,卖盘
501,10:05:40,6.5,0.0,65,42250,买盘
502,10:05:46,6.51,0.01,85,55332,买盘
503,10:05:49,6.51,0.0,10,6510,卖盘
504,10:05:52,6.52,0.01,228,148690,中性盘
505,10:05:58,6.54,0.02,1,654,买盘
506,10:06:04,6.51,-0.03,336,218836,卖盘
507,10:06:07,6.51,0.0,10,6510,买盘
508,10:06:13,6.54,0.03,136,88747,买盘
509,10:06:25,6.54,0.0,5,3270,卖盘
510,10:06:31,6.54,0.0,9,5886,卖盘
511,10:06:37,6.54,0.0,49,32046,买盘
512,10:06:40,6.55,0.01,193,126233,买盘
513,10:06:43,6.54,-0.01,5,3270,中性盘
514,10:06:52,6.51,-0.03,21,13671,卖盘
515,10:07:07,6.5,-0.01,3,1950,卖盘
516,10:07:13,6.51,0.01,90,58590,买盘
517,10:07:19,6.51,0.0,2,1302,买盘
518,10:07:22,6.51,0.0,77,50127,买盘
519,10:07:25,6.51,0.0,1,651,买盘
520,10:07:28,6.5,-0.01,6,3901,卖盘
521,10:07:31,6.52,0.02,9,5860,买盘
522,10:07:34,6.51,-0.01,54,35277,卖盘
523,10:07:40,6.51,0.0,30,19530,卖盘
524,10:07:42,6.51,0.0,41,26691,卖盘
525,10:07:49,6.54,0.03,10,6524,买盘
526,10:08:19,6.52,-0.02,51,33252,卖盘
527,10:08:28,6.51,-0.01,110,71610,卖盘
528,10:08:31,6.51,0.0,27,17577,卖盘
529,10:08:34,6.5,-0.01,75,48803,卖盘
530,10:08:37,6.5,0.0,10,6500,买盘
531,10:08:46,6.49,-0.01,25,16225,卖盘
532,10:08:55,6.49,0.0,87,56463,卖盘
533,10:09:04,6.49,0.0,10,6490,买盘
534,10:09:07,6.48,-0.01,203,131657,卖盘
535,10:09:21,6.49,0.01,14,9086,卖盘
536,10:09:46,6.49,0.0,13,8437,买盘
537,10:09:58,6.48,-0.01,30,19440,卖盘
538,10:10:16,6.48,0.0,3,1944,卖盘
539,10:10:31,6.49,0.01,50,32450,买盘
540,10:10:36,6.48,-0.01,28,18144,卖盘
541,10:10:43,6.48,0.0,5,3240,买盘
542,10:10:52,6.48,0.0,17,11016,买盘
543,10:10:58,6.47,-0.01,3,1942,卖盘
544,10:11:07,6.47,0.0,119,76993,卖盘
545,10:11:13,6.46,-0.01,115,74290,卖盘
546,10:11:22,6.46,0.0,10,6460,买盘
547,10:11:28,6.46,0.0,1,646,买盘
548,10:11:37,6.47,0.01,1,647,买盘
549,10:11:43,6.46,-0.01,4,2586,卖盘
550,10:11:46,6.47,0.01,12,7764,买盘
551,10:11:52,6.48,0.01,30,19440,买盘
552,10:12:04,6.49,0.01,54,35046,买盘
553,10:12:25,6.49,0.0,9,5841,卖盘
554,10:12:31,6.5,0.01,40,26000,买盘
555,10:12:43,6.49,-0.01,20,12980,卖盘
556,10:12:46,6.5,0.01,66,42900,买盘
557,10:12:49,6.49,-0.01,19,12331,卖盘
558,10:12:52,6.5,0.01,30,19500,买盘
559,10:13:01,6.5,0.0,101,65650,买盘
560,10:13:16,6.49,-0.01,20,12980,卖盘
561,10:13:40,6.49,0.0,1,649,卖盘
562,10:13:52,6.5,0.01,10,6500,买盘
563,10:14:01,6.5,0.0,1,650,买盘
564,10:14:07,6.5,0.0,100,65000,买盘
565,10:14:19,6.5,0.0,9,5850,卖盘
566,10:14:28,6.5,0.0,72,46800,卖盘
567,10:14:37,6.5,0.0,89,57800,买盘
568,10:14:40,6.49,-0.01,56,36345,卖盘
569,10:15:16,6.48,-0.01,43,27864,卖盘
570,10:15:22,6.48,0.0,16,10366,买盘
571,10:15:25,6.48,0.0,17,11016,买盘
572,10:15:34,6.47,-0.01,50,32350,卖盘
573,10:15:37,6.47,0.0,4,2588,卖盘
574,10:15:43,6.47,0.0,1,647,卖盘
575,10:16:10,6.48,0.01,70,45360,买盘
576,10:16:16,6.48,0.0,20,12960,买盘
577,10:16:22,6.47,-0.01,23,14893,卖盘
578,10:16:28,6.47,0.0,1,647,卖盘
579,10:16:34,6.48,0.01,33,21375,买盘
580,10:16:37,6.48,0.0,8,5430,买盘
581,10:16:49,6.49,0.01,9,5841,买盘
582,10:17:07,6.49,0.0,1,649,买盘
583,10:17:16,6.49,0.0,5,3245,买盘
584,10:17:43,6.5,0.01,10,6500,买盘
585,10:17:46,6.49,-0.01,37,24013,卖盘
586,10:18:13,6.5,0.01,30,19500,买盘
587,10:18:22,6.49,-0.01,41,26609,卖盘
588,10:18:25,6.5,0.01,5,3250,买盘
589,10:18:55,6.49,-0.01,10,6490,卖盘
590,10:19:01,6.49,0.0,30,19470,卖盘
591,10:19:13,6.5,0.01,5,3250,买盘
592,10:19:16,6.49,-0.01,29,18821,卖盘
593,10:19:28,6.49,0.0,5,3245,买盘
594,10:19:40,6.49,0.0,30,19470,买盘
595,10:19:52,6.48,-0.01,33,21384,卖盘
596,10:19:55,6.48,0.0,48,31104,卖盘
597,10:20:04,6.48,0.0,60,38880,买盘
598,10:20:13,6.47,-0.01,7,4529,卖盘
599,10:20:19,6.48,0.01,85,55080,买盘
600,10:20:25,6.48,0.0,1,648,买盘
601,10:20:28,6.48,0.0,2,1296,买盘
602,10:20:31,6.48,0.0,10,6480,买盘
603,10:20:34,6.47,-0.01,4,2589,卖盘
604,10:20:37,6.48,0.01,1,648,买盘
605,10:20:40,6.48,0.0,4,2592,买盘
606,10:20:43,6.48,0.0,3,1944,买盘
607,10:20:46,6.48,0.0,72,46629,买盘
608,10:20:52,6.49,0.01,5,3245,买盘
609,10:20:55,6.49,0.0,5,3245,买盘
610,10:20:58,6.49,0.0,5,3245,买盘
611,10:21:01,6.49,0.0,17,11018,买盘
612,10:21:04,6.49,0.0,22,14278,买盘
613,10:21:07,6.49,0.0,10,6490,买盘
614,10:21:10,6.49,0.0,51,33099,买盘
615,10:21:16,6.5,0.01,11,7150,买盘
616,10:21:28,6.5,0.0,100,65000,买盘
617,10:21:31,6.51,0.01,148,96234,买盘
618,10:21:34,6.52,0.01,114,74328,买盘
619,10:21:46,6.52,0.0,271,176692,买盘
620,10:21:55,6.53,0.01,141,91944,买盘
621,10:22:04,6.53,0.0,38,24814,买盘
622,10:22:07,6.53,0.0,3,1959,卖盘
623,10:22:13,6.53,0.0,7,4571,卖盘
624,10:22:19,6.54,0.01,42,27427,买盘
625,10:22:22,6.54,0.0,100,65400,买盘
626,10:22:24,6.54,0.0,8,5232,买盘
627,10:22:27,6.55,0.01,47,30746,买盘
628,10:22:31,6.53,-0.02,29,18937,卖盘
629,10:22:37,6.55,0.02,52,34058,买盘
630,10:22:49,6.55,0.0,2,1310,买盘
631,10:22:58,6.55,0.0,45,29475,买盘
632,10:23:05,6.54,-0.01,36,23544,卖盘
633,10:23:13,6.54,0.0,6,3924,卖盘
634,10:23:19,6.54,0.0,94,61476,卖盘
635,10:23:34,6.53,-0.01,30,19590,卖盘
636,10:23:37,6.53,0.0,52,33956,卖盘
637,10:23:49,6.53,0.0,20,13060,卖盘
638,10:24:01,6.51,-0.02,7,4562,卖盘
639,10:24:04,6.53,0.02,10,6530,买盘
640,10:24:22,6.53,0.0,17,11101,买盘
641,10:24:24,6.52,-0.01,29,18908,卖盘
642,10:24:43,6.5,-0.02,5,3250,卖盘
643,10:24:45,6.52,0.02,7,4564,买盘
644,10:25:30,6.52,0.0,4,2608,卖盘
645,10:25:46,6.52,0.0,1,652,买盘
646,10:25:48,6.52,0.0,15,9780,买盘
647,10:26:01,6.52,0.0,18,11736,卖盘
648,10:26:04,6.52,0.0,86,56072,买盘
649,10:26:09,6.5,-0.02,208,135363,卖盘
650,10:27:09,6.53,0.03,20,13060,买盘
651,10:27:16,6.53,0.0,22,14366,买盘
652,10:27:19,6.53,0.0,6,3918,买盘
653,10:27:31,6.53,0.0,21,13713,买盘
654,10:27:52,6.54,0.01,4,2616,买盘
655,10:27:55,6.54,0.0,179,117066,买盘
656,10:27:58,6.53,-0.01,44,28756,卖盘
657,10:28:21,6.54,0.01,113,73902,买盘
658,10:29:00,6.54,0.0,3,1962,买盘
659,10:29:19,6.53,-0.01,1,653,卖盘
660,10:29:22,6.53,0.0,7,4571,卖盘
661,10:29:37,6.53,0.0,45,29385,卖盘
662,10:29:46,6.52,-0.01,68,44336,卖盘
663,10:29:52,6.52,0.0,1,652,卖盘
664,10:29:58,6.52,0.0,5,3260,卖盘
665,10:30:04,6.52,0.0,119,77588,买盘
666,10:30:07,6.51,-0.01,203,132297,卖盘
667,10:30:09,6.53,0.02,1,653,买盘
668,10:30:34,6.52,-0.01,3,1956,卖盘
669,10:30:40,6.53,0.01,1,653,买盘
670,10:30:46,6.52,-0.01,4,2608,卖盘
671,10:30:49,6.52,0.0,15,9780,卖盘
672,10:30:57,6.52,0.0,5,3260,卖盘
673,10:31:07,6.52,0.0,3,1956,卖盘
674,10:31:19,6.52,0.0,3,1956,卖盘
675,10:31:31,6.51,-0.01,4,2606,卖盘
676,10:31:43,6.51,0.0,3,1953,卖盘
677,10:31:52,6.51,0.0,3,1953,卖盘
678,10:31:58,6.51,0.0,10,6526,卖盘
679,10:32:04,6.51,0.0,4,2604,卖盘
680,10:32:16,6.52,0.01,22,14341,买盘
681,10:32:25,6.52,0.0,1,652,卖盘
682,10:32:58,6.52,0.0,23,14996,卖盘
683,10:33:22,6.51,-0.01,110,71639,卖盘
684,10:33:39,6.52,0.01,10,6520,卖盘
685,10:34:36,6.52,0.0,1,652,卖盘
686,10:34:39,6.53,0.01,2,1306,买盘
687,10:34:57,6.53,0.0,25,16325,买盘
688,10:35:07,6.54,0.01,20,13080,买盘
689,10:35:16,6.53,-0.01,11,7183,卖盘
690,10:35:22,6.53,0.0,1,653,买盘
691,10:35:28,6.53,0.0,1,653,买盘
692,10:35:31,6.53,0.0,1,653,买盘
693,10:35:34,6.53,0.0,1,653,买盘
694,10:35:36,6.53,0.0,3,1959,买盘
695,10:35:40,6.53,0.0,3,1959,买盘
696,10:35:43,6.53,0.0,28,18284,买盘
697,10:35:46,6.53,0.0,1,653,买盘
698,10:35:49,6.54,0.01,49,31970,买盘
699,10:35:52,6.54,0.0,11,7194,买盘
700,10:35:55,6.54,0.0,8,5232,买盘
701,10:35:58,6.54,0.0,14,9156,买盘
702,10:36:01,6.54,0.0,17,11118,买盘
703,10:36:04,6.54,0.0,11,7194,买盘
704,10:36:06,6.54,0.0,11,7194,买盘
705,10:36:10,6.54,0.0,77,50358,买盘
706,10:36:16,6.55,0.01,7,4585,买盘
707,10:36:19,6.55,0.0,6,3930,买盘
708,10:36:22,6.55,0.0,5,3275,买盘
709,10:36:25,6.55,0.0,4,2620,买盘
710,10:36:28,6.55,0.0,4,2620,买盘
711,10:36:31,6.55,0.0,2,1310,买盘
712,10:36:34,6.55,0.0,4,2620,买盘
713,10:36:37,6.55,0.0,2,1310,买盘
714,10:36:40,6.55,0.0,2,1310,买盘
715,10:36:46,6.56,0.01,108,71124,买盘
716,10:36:55,6.56,0.0,8,5248,卖盘
717,10:37:01,6.55,-0.01,32,20965,卖盘
718,10:37:07,6.57,0.02,30,19710,买盘
719,10:37:13,6.55,-0.02,52,34063,卖盘
720,10:37:19,6.55,0.0,20,13100,卖盘
721,10:37:34,6.55,0.0,8,4912,卖盘
722,10:37:37,6.55,0.0,2,1638,买盘
723,10:37:52,6.55,0.0,8,5240,卖盘
724,10:37:54,6.55,0.0,8,5242,卖盘
725,10:38:01,6.55,0.0,30,19650,卖盘
726,10:38:28,6.55,0.0,21,13755,卖盘
727,10:38:33,6.55,0.0,42,27182,卖盘
728,10:38:40,6.55,0.0,5,3275,买盘
729,10:38:43,6.54,-0.01,68,44472,卖盘
730,10:38:55,6.53,-0.01,40,26120,卖盘
731,10:38:58,6.54,0.01,4,2616,买盘
732,10:39:01,6.53,-0.01,52,33962,卖盘
733,10:39:13,6.53,0.0,1,653,卖盘
734,10:39:16,6.53,0.0,3,1959,卖盘
735,10:39:21,6.53,0.0,7,4571,买盘
736,10:39:55,6.53,0.0,34,22202,卖盘
737,10:40:04,6.53,0.0,4,2612,卖盘
738,10:40:19,6.54,0.01,1,654,中性盘
739,10:40:36,6.54,0.0,1,654,卖盘
740,10:40:49,6.52,-0.02,100,65301,卖盘
741,10:40:55,6.55,0.03,6,3930,买盘
742,10:41:16,6.55,0.0,10,6550,买盘
743,10:41:21,6.55,0.0,1,655,买盘
744,10:41:24,6.55,0.0,4,2620,买盘
745,10:41:28,6.55,0.0,21,13755,卖盘
746,10:41:37,6.55,0.0,5,3275,卖盘
747,10:42:22,6.52,-0.03,100,65215,卖盘
748,10:42:25,6.55,0.03,32,20960,买盘
749,10:42:28,6.55,0.0,50,32750,卖盘
750,10:42:37,6.55,0.0,69,45195,卖盘
751,10:42:52,6.55,0.0,10,6550,买盘
752,10:43:16,6.55,0.0,10,6550,买盘
753,10:43:43,6.53,-0.02,20,13060,卖盘
754,10:43:49,6.53,0.0,1,653,买盘
755,10:44:10,6.52,-0.01,20,13040,卖盘
756,10:44:18,6.53,0.01,9,5877,买盘
757,10:44:43,6.54,0.01,9,5886,买盘
758,10:45:04,6.54,0.0,20,13080,卖盘
759,10:45:10,6.54,0.0,21,13734,卖盘
760,10:45:16,6.54,0.0,11,7194,卖盘
761,10:45:19,6.53,-0.01,74,48322,卖盘
762,10:45:28,6.52,-0.01,19,12402,卖盘
763,10:45:49,6.52,0.0,10,6520,卖盘
764,10:45:52,6.52,0.0,8,5216,卖盘
765,10:45:55,6.52,0.0,1,652,卖盘
766,10:46:01,6.52,0.0,4,2608,卖盘
767,10:46:07,6.52,0.0,89,58028,卖盘
768,10:46:10,6.52,0.0,2,1304,买盘
769,10:46:12,6.52,0.0,10,6520,买盘
770,10:46:16,6.51,-0.01,37,24087,卖盘
771,10:46:25,6.54,0.03,83,54152,买盘
772,10:46:39,6.54,0.0,154,100816,卖盘
773,10:46:55,6.53,-0.01,1,653,卖盘
774,10:47:00,6.53,0.0,149,97297,卖盘
775,10:47:04,6.54,0.01,60,39189,买盘
776,10:47:37,6.52,-0.02,70,45650,卖盘
777,10:47:46,6.52,0.0,30,19560,买盘
778,10:48:07,6.51,-0.01,89,57939,卖盘
779,10:48:16,6.5,-0.01,16,10415,卖盘
780,10:48:37,6.51,0.01,28,18220,买盘
781,10:48:40,6.5,-0.01,6,3900,卖盘
782,10:48:43,6.51,0.01,15,9765,买盘
783,10:48:49,6.5,-0.01,147,95550,卖盘
784,10:48:52,6.5,0.0,35,22750,卖盘
785,10:48:58,6.51,0.01,28,18228,买盘
786,10:49:16,6.5,-0.01,37,24050,卖盘
787,10:49:25,6.5,0.0,131,85150,卖盘
788,10:49:34,6.5,0.0,30,19500,买盘
789,10:49:42,6.48,-0.02,71,46018,卖盘
790,10:49:45,6.5,0.02,127,82550,买盘
791,10:49:58,6.5,0.0,83,53853,买盘
792,10:50:10,6.5,0.0,4,2600,卖盘
793,10:50:16,6.51,0.01,1,651,买盘
794,10:50:18,6.5,-0.01,8,5200,卖盘
795,10:50:40,6.51,0.01,30,19530,卖盘
796,10:50:45,6.5,-0.01,7,4550,卖盘
797,10:51:04,6.51,0.01,3,1953,买盘
798,10:51:16,6.5,-0.01,46,29900,卖盘
799,10:51:34,6.49,-0.01,1,649,卖盘
800,10:52:07,6.49,0.0,1,649,卖盘
801,10:52:13,6.49,0.0,12,7788,卖盘
802,10:52:15,6.49,0.0,5,3245,买盘
803,10:52:19,6.49,0.0,17,11033,买盘
804,10:52:28,6.5,0.01,1,650,买盘
805,10:52:30,6.5,0.0,15,9750,买盘
806,10:52:37,6.5,0.0,1,650,卖盘
807,10:53:07,6.51,0.01,2,1302,买盘
808,10:53:15,6.52,0.01,3,1956,买盘
809,10:53:24,6.52,0.0,1,652,卖盘
810,10:53:27,6.52,0.0,58,37816,卖盘
811,10:53:52,6.52,0.0,4,2608,买盘
812,10:54:43,6.53,0.01,54,35261,买盘
813,10:54:49,6.53,0.0,1,653,卖盘
814,10:54:58,6.55,0.02,112,73268,买盘
815,10:55:10,6.55,0.0,7,4585,买盘
816,10:55:16,6.54,-0.01,30,19620,卖盘
817,10:55:28,6.55,0.01,75,49125,买盘
818,10:55:46,6.56,0.01,2,1312,买盘
819,10:55:55,6.56,0.0,53,34768,买盘
820,10:55:58,6.56,0.0,16,10508,卖盘
821,10:56:01,6.57,0.01,50,32850,买盘
822,10:56:16,6.56,-0.01,26,17056,卖盘
823,10:56:22,6.57,0.01,14,9194,买盘
824,10:56:28,6.56,-0.01,8,5248,卖盘
825,10:56:31,6.57,0.01,229,150225,买盘
826,10:56:52,6.57,0.0,2,1314,卖盘
827,10:56:55,6.57,0.0,10,6570,卖盘
828,10:57:01,6.57,0.0,29,19053,卖盘
829,10:57:04,6.57,0.0,30,19710,买盘
830,10:57:19,6.55,-0.02,1,655,卖盘
831,10:57:34,6.56,0.01,5,3280,卖盘
832,10:57:40,6.56,0.0,6,3936,卖盘
833,10:57:52,6.56,0.0,15,9840,卖盘
834,10:57:54,6.56,0.0,2,1312,卖盘
835,10:58:12,6.56,0.0,45,29520,卖盘
836,10:58:19,6.56,0.0,50,32800,卖盘
837,10:58:37,6.56,0.0,1,656,卖盘
838,10:58:52,6.56,0.0,10,6560,卖盘
839,10:59:01,6.56,0.0,20,13120,卖盘
840,10:59:13,6.56,0.0,60,39360,卖盘
841,10:59:43,6.56,0.0,19,12464,卖盘
842,10:59:46,6.56,0.0,1,656,卖盘
843,10:59:57,6.57,0.01,160,105120,买盘
844,11:00:01,6.57,0.0,18,11826,卖盘
845,11:00:19,6.58,0.01,113,74354,买盘
846,11:00:33,6.58,0.0,73,48034,买盘
847,11:00:37,6.58,0.0,6,3948,买盘
848,11:00:43,6.59,0.01,2,1318,买盘
849,11:00:46,6.58,-0.01,14,9212,卖盘
850,11:01:15,6.59,0.01,30,19770,买盘
851,11:01:40,6.58,-0.01,64,42175,卖盘
852,11:01:58,6.58,0.0,32,21056,卖盘
853,11:02:19,6.58,0.0,2,1316,买盘
854,11:03:13,6.57,-0.01,1,657,买盘
855,11:03:22,6.57,0.0,10,6570,中性盘
856,11:03:55,6.56,-0.01,31,20336,卖盘
857,11:04:43,6.58,0.02,42,27636,买盘
858,11:05:01,6.56,-0.02,38,24928,卖盘
859,11:05:06,6.56,0.0,1,656,买盘
860,11:05:13,6.56,0.0,1,656,买盘
861,11:05:16,6.56,0.0,22,14432,买盘
862,11:05:22,6.57,0.01,5,3285,买盘
863,11:05:24,6.57,0.0,3,1971,买盘
864,11:05:28,6.57,0.0,4,2628,买盘
865,11:05:31,6.57,0.0,3,1971,买盘
866,11:05:34,6.57,0.0,5,3285,买盘
867,11:05:37,6.57,0.0,5,3285,买盘
868,11:05:40,6.56,-0.01,1,656,卖盘
869,11:05:43,6.57,0.01,1,657,买盘
870,11:05:45,6.57,0.0,1,657,买盘
871,11:06:10,6.57,0.0,10,6570,买盘
872,11:06:19,6.57,0.0,102,66835,买盘
873,11:06:28,6.56,-0.01,5,3280,买盘
874,11:06:48,6.56,0.0,70,45920,买盘
875,11:06:55,6.55,-0.01,50,32750,卖盘
876,11:07:01,6.55,0.0,40,26200,卖盘
877,11:07:16,6.57,0.02,85,55845,买盘
878,11:07:27,6.57,0.0,1,657,卖盘
879,11:08:01,6.57,0.0,68,44676,卖盘
880,11:08:49,6.57,0.0,5,3285,买盘
881,11:08:52,6.55,-0.02,91,59619,卖盘
882,11:08:54,6.57,0.02,4,2628,买盘
883,11:09:10,6.55,-0.02,25,16375,卖盘
884,11:09:55,6.55,0.0,18,11790,卖盘
885,11:11:00,6.56,0.01,5,3280,买盘
886,11:11:39,6.56,0.0,5,3280,卖盘
887,11:12:01,6.57,0.01,5,3285,买盘
888,11:12:19,6.56,-0.01,7,4592,卖盘
889,11:12:54,6.56,0.0,28,18368,卖盘
890,11:13:12,6.56,0.0,100,65600,卖盘
891,11:13:16,6.56,0.0,6,3936,卖盘
892,11:13:25,6.56,0.0,5,3280,买盘
893,11:14:06,6.55,-0.01,5,3275,卖盘
894,11:14:12,6.55,0.0,10,6550,卖盘
895,11:14:37,6.54,-0.01,217,141930,卖盘
896,11:14:43,6.54,0.0,9,5886,买盘
897,11:15:13,6.53,-0.01,248,161993,卖盘
898,11:15:25,6.53,0.0,98,63998,卖盘
899,11:16:25,6.53,0.0,8,5224,卖盘
900,11:16:30,6.53,0.0,4,2612,卖盘
901,11:16:54,6.54,0.01,32,20928,买盘
902,11:17:06,6.54,0.0,18,11772,卖盘
903,11:18:01,6.53,-0.01,47,30691,卖盘
904,11:18:16,6.52,-0.01,300,195682,卖盘
905,11:19:22,6.52,0.0,4,2608,卖盘
906,11:19:25,6.52,0.0,19,12388,卖盘
907,11:19:28,6.52,0.0,47,30644,卖盘
908,11:19:46,6.52,0.0,6,3912,卖盘
909,11:20:07,6.52,0.0,1,652,卖盘
910,11:20:10,6.52,0.0,10,6520,卖盘
911,11:20:21,6.54,0.02,4,2616,买盘
912,11:20:31,6.53,-0.01,1,653,卖盘
913,11:20:34,6.52,-0.01,28,18256,卖盘
914,11:21:16,6.52,0.0,27,17454,卖盘
915,11:22:06,6.53,0.01,60,39210,卖盘
916,11:22:19,6.52,-0.01,1,652,卖盘
917,11:23:12,6.53,0.01,24,15672,买盘
918,11:23:31,6.53,0.0,2,1306,买盘
919,11:23:33,6.52,-0.01,1,652,卖盘
920,11:23:52,6.52,0.0,14,9128,卖盘
921,11:24:04,6.52,0.0,2,1304,卖盘
922,11:24:13,6.52,0.0,105,68460,卖盘
923,11:24:42,6.53,0.01,5,3265,买盘
924,11:24:52,6.53,0.0,65,42445,买盘
925,11:24:55,6.53,0.0,57,37221,买盘
926,11:24:58,6.52,-0.01,24,15648,卖盘
927,11:25:04,6.53,0.01,71,46363,买盘
928,11:25:34,6.54,0.01,36,23544,买盘
929,11:25:43,6.55,0.01,109,71395,买盘
930,11:27:15,6.56,0.01,3,1968,买盘
931,11:28:22,6.55,-0.01,7,4585,买盘
932,11:28:33,6.53,-0.02,5,3265,卖盘
933,11:29:01,6.53,0.0,87,56811,卖盘
934,11:29:04,6.53,0.0,15,9795,卖盘
935,11:29:25,6.54,0.01,2,1308,买盘
936,11:29:34,6.55,0.01,20,13100,买盘
937,11:29:42,6.55,0.0,3,1965,买盘
938,11:29:54,6.55,0.0,40,26200,买盘
939,13:00:05,6.54,-0.01,1,654,卖盘
940,13:00:07,6.54,0.0,34,22249,卖盘
941,13:00:22,6.54,0.0,1,654,卖盘
942,13:00:34,6.54,0.0,20,13080,卖盘
943,13:00:54,6.54,0.0,115,75271,卖盘
944,13:01:00,6.54,0.0,54,35316,卖盘
945,13:01:06,6.54,0.0,46,30084,买盘
946,13:01:28,6.55,0.01,5,3275,买盘
947,13:01:36,6.55,0.0,2,1310,买盘
948,13:02:07,6.55,0.0,30,19650,买盘
949,13:02:49,6.55,0.0,21,13755,买盘
950,13:03:46,6.55,0.0,72,47160,买盘
951,13:03:58,6.54,-0.01,40,26160,卖盘
952,13:04:24,6.54,0.0,10,6540,卖盘
953,13:04:45,6.55,0.01,4,2620,买盘
954,13:06:42,6.54,-0.01,10,6540,卖盘
955,13:07:04,6.54,0.0,12,7848,卖盘
956,13:07:40,6.54,0.0,5,3270,卖盘
957,13:07:58,6.54,0.0,8,5232,卖盘
958,13:08:04,6.54,0.0,1,654,买盘
959,13:08:09,6.53,-0.01,58,37874,卖盘
960,13:08:15,6.54,0.01,42,27442,买盘
961,13:08:21,6.53,-0.01,2,1307,卖盘
962,13:08:34,6.53,0.0,11,7183,卖盘
963,13:08:39,6.53,0.0,62,40486,买盘
964,13:08:45,6.53,0.0,32,20896,买盘
965,13:08:48,6.53,0.0,14,9142,买盘
966,13:08:51,6.53,0.0,40,26120,买盘
967,13:08:54,6.53,0.0,36,23508,买盘
968,13:09:06,6.53,0.0,118,77044,买盘
969,13:09:30,6.52,-0.01,55,35860,卖盘
970,13:10:06,6.52,0.0,10,6520,卖盘
971,13:10:10,6.52,0.0,15,9780,卖盘
972,13:10:22,6.52,0.0,8,5216,卖盘
973,13:10:36,6.52,0.0,25,16300,卖盘
974,13:10:42,6.52,0.0,8,5216,卖盘
975,13:10:51,6.52,0.0,3,1956,卖盘
976,13:11:10,6.53,0.01,15,9795,买盘
977,13:11:21,6.53,0.0,88,57464,买盘
978,13:11:36,6.53,0.0,10,6530,买盘
979,13:11:49,6.53,0.0,5,3265,买盘
980,13:12:01,6.55,0.02,18,11776,买盘
981,13:12:25,6.54,-0.01,2,1308,买盘
982,13:13:06,6.53,-0.01,20,13060,卖盘
983,13:13:15,6.53,0.0,234,153333,卖盘
984,13:14:28,6.53,0.0,5,3265,卖盘
985,13:15:51,6.53,0.0,73,47669,卖盘
986,13:16:04,6.53,0.0,95,61991,买盘
987,13:16:10,6.52,-0.01,81,52962,卖盘
988,13:16:21,6.51,-0.01,55,35805,卖盘
989,13:16:34,6.52,0.01,3,1806,买盘
990,13:17:06,6.53,0.01,124,80972,买盘
991,13:17:12,6.54,0.01,48,31392,买盘
992,13:17:22,6.5,-0.04,541,352188,卖盘
993,13:17:43,6.53,0.03,57,37174,买盘
994,13:18:10,6.52,-0.01,145,94540,卖盘
995,13:18:15,6.52,0.0,2,1304,卖盘
996,13:18:22,6.53,0.01,102,66598,买盘
997,13:18:31,6.52,-0.01,3,1957,卖盘
998,13:18:49,6.53,0.01,10,6530,卖盘
999,13:18:58,6.53,0.0,2,1306,卖盘
1000,13:19:16,6.54,0.01,20,13080,买盘
1001,13:19:18,6.53,-0.01,4,2612,卖盘
1002,13:19:46,6.53,0.0,20,13060,卖盘
1003,13:19:54,6.54,0.01,2,1308,买盘
1004,13:20:09,6.53,-0.01,75,48975,卖盘
1005,13:20:22,6.52,-0.01,1,652,卖盘
1006,13:20:25,6.53,0.01,8,5224,买盘
1007,13:20:40,6.53,0.0,1,653,卖盘
1008,13:21:40,6.54,0.01,1,654,买盘
1009,13:21:43,6.54,0.0,30,19620,买盘
1010,13:21:52,6.54,0.0,71,46434,买盘
1011,13:22:01,6.55,0.01,62,40610,买盘
1012,13:22:16,6.54,-0.01,5,3270,买盘
1013,13:22:19,6.53,-0.01,32,20896,卖盘
1014,13:22:21,6.56,0.03,24,15704,买盘
1015,13:22:37,6.55,-0.01,5,3275,中性盘
1016,13:23:36,6.54,-0.01,5,3270,卖盘
1017,13:23:55,6.55,0.01,10,6550,买盘
1018,13:23:58,6.55,0.0,2,1310,买盘
1019,13:24:01,6.54,-0.01,10,6540,卖盘
1020,13:24:28,6.54,0.0,1,654,卖盘
1021,13:24:30,6.56,0.02,132,86467,买盘
1022,13:24:37,6.55,-0.01,4,2620,卖盘
1023,13:24:39,6.56,0.01,35,22960,买盘
1024,13:24:42,6.56,0.0,21,13776,买盘
1025,13:24:49,6.57,0.01,64,42005,买盘
1026,13:24:51,6.55,-0.02,20,13100,卖盘
1027,13:25:07,6.57,0.02,50,32850,买盘
1028,13:25:13,6.57,0.0,89,58473,买盘
1029,13:25:24,6.58,0.01,91,59878,买盘
1030,13:25:27,6.58,0.0,31,20398,卖盘
1031,13:25:40,6.58,0.0,112,73693,买盘
1032,13:25:46,6.58,0.0,59,38822,卖盘
1033,13:25:52,6.58,0.0,3,1974,卖盘
1034,13:25:55,6.58,0.0,13,8554,卖盘
1035,13:25:58,6.58,0.0,10,6580,买盘
1036,13:26:09,6.57,-0.01,3,1971,卖盘
1037,13:26:16,6.57,0.0,1,657,卖盘
1038,13:26:19,6.57,0.0,5,3285,卖盘
1039,13:26:22,6.57,0.0,7,4599,卖盘
1040,13:26:28,6.58,0.01,15,9870,买盘
1041,13:26:43,6.57,-0.01,15,9855,卖盘
1042,13:27:04,6.57,0.0,174,114318,卖盘
1043,13:27:13,6.56,-0.01,2,1312,卖盘
1044,13:27:15,6.56,0.0,44,28864,卖盘
1045,13:28:10,6.56,0.0,4,2624,卖盘
1046,13:28:22,6.56,0.0,6,3936,买盘
1047,13:28:31,6.56,0.0,5,3280,卖盘
1048,13:28:55,6.56,0.0,3,1968,卖盘
1049,13:29:31,6.56,0.0,30,19680,卖盘
1050,13:29:37,6.56,0.0,5,3280,卖盘
1051,13:29:51,6.56,0.0,5,3280,卖盘
1052,13:30:07,6.56,0.0,5,3280,买盘
1053,13:30:10,6.55,-0.01,83,54365,卖盘
1054,13:30:31,6.55,0.0,37,24235,卖盘
1055,13:30:40,6.55,0.0,15,9825,卖盘
1056,13:30:48,6.55,0.0,191,125105,卖盘
1057,13:31:01,6.55,0.0,9,5895,买盘
1058,13:31:07,6.55,0.0,21,13755,买盘
1059,13:31:13,6.55,0.0,3,1965,买盘
1060,13:32:16,6.56,0.01,1,656,买盘
1061,13:33:16,6.55,-0.01,5,3275,卖盘
1062,13:33:43,6.55,0.0,2,1310,卖盘
1063,13:33:58,6.55,0.0,10,6550,卖盘
1064,13:34:07,6.54,-0.01,41,26814,卖盘
1065,13:34:10,6.54,0.0,83,54282,卖盘
1066,13:34:22,6.54,0.0,10,6540,卖盘
1067,13:34:58,6.54,0.0,10,6540,卖盘
1068,13:35:00,6.54,0.0,10,6540,卖盘
1069,13:35:09,6.54,0.0,20,13080,卖盘
1070,13:35:43,6.54,0.0,2,1308,卖盘
1071,13:35:46,6.55,0.01,5,3275,买盘
1072,13:35:52,6.56,0.01,195,127730,买盘
1073,13:36:04,6.56,0.0,30,19680,买盘
1074,13:36:25,6.55,-0.01,11,7205,卖盘
1075,13:36:48,6.55,0.0,10,6550,卖盘
1076,13:36:58,6.55,0.0,8,5240,卖盘
1077,13:37:01,6.55,0.0,2,1310,卖盘
1078,13:37:07,6.55,0.0,2,1310,卖盘
1079,13:38:31,6.55,0.0,20,13100,卖盘
1080,13:39:00,6.55,0.0,1,655,卖盘
1081,13:39:07,6.55,0.0,10,6550,卖盘
1082,13:39:25,6.56,0.01,81,53136,买盘
1083,13:39:30,6.57,0.01,1,657,买盘
1084,13:39:39,6.57,0.0,20,13140,买盘
1085,13:39:52,6.57,0.0,16,10512,买盘
1086,13:39:55,6.56,-0.01,2,1312,卖盘
1087,13:40:04,6.56,0.0,3,1968,卖盘
1088,13:40:09,6.56,0.0,70,45920,卖盘
1089,13:40:13,6.55,-0.01,2,1310,卖盘
1090,13:40:25,6.56,0.01,10,6560,买盘
1091,13:40:34,6.56,0.0,33,21618,买盘
1092,13:40:52,6.56,0.0,12,7872,卖盘
1093,13:40:55,6.56,0.0,3,1968,买盘
1094,13:41:01,6.57,0.01,21,13779,买盘
1095,13:41:10,6.57,0.0,65,42705,买盘
1096,13:41:24,6.56,-0.01,3,1968,卖盘
1097,13:41:58,6.55,-0.01,100,65500,卖盘
1098,13:42:10,6.55,0.0,83,54365,卖盘
1099,13:43:37,6.55,0.0,1,655,卖盘
1100,13:43:40,6.55,0.0,3,1965,卖盘
1101,13:43:46,6.55,0.0,19,12445,卖盘
1102,13:43:49,6.55,0.0,5,3275,买盘
1103,13:43:55,6.55,0.0,25,16375,卖盘
1104,13:44:16,6.54,-0.01,5,3270,卖盘
1105,13:44:24,6.54,0.0,2,1308,卖盘
1106,13:44:34,6.54,0.0,7,4578,卖盘
1107,13:44:51,6.54,0.0,106,69324,卖盘
1108,13:45:07,6.53,-0.01,197,128668,卖盘
1109,13:45:16,6.52,-0.01,17,11084,卖盘
1110,13:45:39,6.53,0.01,3,1959,买盘
1111,13:45:49,6.53,0.0,2,1306,中性盘
1112,13:45:57,6.53,0.0,20,13060,买盘
1113,13:46:04,6.52,-0.01,11,7182,卖盘
1114,13:46:07,6.53,0.01,1,653,中性盘
1115,13:46:22,6.52,-0.01,1604,1043502,卖盘
1116,13:46:24,6.52,0.0,48,31296,买盘
1117,13:46:52,6.52,0.0,12,7824,卖盘
1118,13:47:12,6.51,-0.01,33,21483,卖盘
1119,13:47:34,6.51,0.0,46,29946,卖盘
1120,13:47:42,6.5,-0.01,36,23400,卖盘
1121,13:47:48,6.51,0.01,20,13020,买盘
1122,13:47:57,6.5,-0.01,305,198250,卖盘
1123,13:48:10,6.5,0.0,84,54600,卖盘
1124,13:48:16,6.5,0.0,5,3250,卖盘
1125,13:48:22,6.51,0.01,3,1953,买盘
1126,13:48:28,6.5,-0.01,32,20800,卖盘
1127,13:48:33,6.51,0.01,72,46872,买盘
1128,13:48:51,6.51,0.0,10,6510,卖盘
1129,13:48:54,6.51,0.0,1,651,卖盘
1130,13:48:58,6.51,0.0,36,23436,卖盘
1131,13:49:13,6.5,-0.01,2,1300,卖盘
1132,13:49:33,6.5,0.0,100,65000,卖盘
1133,13:49:37,6.5,0.0,8,5200,卖盘
1134,13:49:49,6.5,0.0,51,33150,卖盘
1135,13:50:04,6.51,0.01,51,33160,买盘
1136,13:50:06,6.5,-0.01,41,26650,卖盘
1137,13:50:09,6.51,0.01,16,10416,买盘
1138,13:50:12,6.5,-0.01,4,2750,卖盘
1139,13:50:19,6.5,0.0,16,10250,买盘
1140,13:50:24,6.5,0.0,6,3900,卖盘
1141,13:50:37,6.5,0.0,50,32650,买盘
1142,13:50:46,6.49,-0.01,148,96055,卖盘
1143,13:50:51,6.49,0.0,151,97999,卖盘
1144,13:50:55,6.49,0.0,16,10384,卖盘
1145,13:51:01,6.49,0.0,21,13629,卖盘
1146,13:51:04,6.49,0.0,53,34397,买盘
1147,13:51:13,6.49,0.0,98,63614,买盘
1148,13:51:15,6.49,0.0,110,71390,卖盘
1149,13:51:28,6.49,0.0,44,28556,卖盘
1150,13:51:34,6.49,0.0,137,88913,买盘
1151,13:52:01,6.49,0.0,57,36993,卖盘
1152,13:52:07,6.5,0.01,10,6500,买盘
1153,13:52:21,6.5,0.0,7,4550,买盘
1154,13:52:27,6.49,-0.01,3,1947,卖盘
1155,13:52:30,6.5,0.01,41,26481,买盘
1156,13:52:46,6.5,0.0,77,50050,卖盘
1157,13:52:48,6.5,0.0,25,16400,卖盘
1158,13:53:04,6.5,0.0,100,65000,买盘
1159,13:53:07,6.5,0.0,26,16750,买盘
1160,13:53:12,6.5,0.0,26,16900,卖盘
1161,13:53:24,6.5,0.0,14,9100,卖盘
1162,13:53:28,6.51,0.01,74,48174,买盘
1163,13:53:30,6.51,0.0,1,651,买盘
1164,13:53:34,6.5,-0.01,287,186550,卖盘
1165,13:54:07,6.5,0.0,12,7800,卖盘
1166,13:54:09,6.5,0.0,84,54600,卖盘
1167,13:54:12,6.5,0.0,134,87100,卖盘
1168,13:54:19,6.5,0.0,44,28620,卖盘
1169,13:54:24,6.5,0.0,1,650,卖盘
1170,13:54:36,6.5,0.0,118,76850,卖盘
1171,13:54:40,6.49,-0.01,150,97350,卖盘
1172,13:55:04,6.49,0.0,8,5192,买盘
1173,13:55:13,6.48,-0.01,113,73254,卖盘
1174,13:55:16,6.48,0.0,300,194400,卖盘
1175,13:55:21,6.48,0.0,144,93312,卖盘
1176,13:55:31,6.47,-0.01,15,9705,卖盘
1177,13:55:36,6.48,0.01,2,1296,卖盘
1178,13:55:46,6.48,0.0,10,6480,买盘
1179,13:55:49,6.48,0.0,12,7776,买盘
1180,13:55:52,6.48,0.0,1,648,买盘
1181,13:55:54,6.48,0.0,19,12312,买盘
1182,13:56:01,6.48,0.0,1,648,卖盘
1183,13:56:10,6.48,0.0,1,648,卖盘
1184,13:56:12,6.48,0.0,55,35609,卖盘
1185,13:56:18,6.48,0.0,11,7128,卖盘
1186,13:56:24,6.48,0.0,10,6480,买盘
1187,13:56:31,6.48,0.0,10,6480,买盘
1188,13:56:40,6.48,0.0,14,9072,买盘
1189,13:56:46,6.47,-0.01,44,28468,卖盘
1190,13:56:51,6.48,0.01,1,648,中性盘
1191,13:57:04,6.47,-0.01,43,27821,卖盘
1192,13:57:07,6.47,0.0,20,12940,卖盘
1193,13:57:10,6.48,0.01,7,4536,买盘
1194,13:57:13,6.47,-0.01,6,3885,卖盘
1195,13:57:15,6.48,0.01,5,3240,买盘
1196,13:57:24,6.47,-0.01,29,18763,卖盘
1197,13:57:30,6.48,0.01,32,20736,买盘
1198,13:57:37,6.48,0.0,57,36936,买盘
1199,13:57:43,6.48,0.0,16,10368,买盘
1200,13:57:55,6.48,0.0,13,8424,卖盘
1201,13:57:58,6.49,0.01,30,19470,买盘
1202,13:58:01,6.48,-0.01,156,101088,卖盘
1203,13:58:04,6.48,0.0,43,27864,买盘
1204,13:58:07,6.48,0.0,5,3240,买盘
1205,13:58:09,6.47,-0.01,82,53057,卖盘
1206,13:58:16,6.48,0.01,5,3240,买盘
1207,13:58:19,6.48,0.0,10,6480,买盘
1208,13:58:21,6.48,0.0,3,1944,买盘
1209,13:58:28,6.48,0.0,17,11016,买盘
1210,13:58:31,6.48,0.0,12,7776,买盘
1211,13:58:34,6.49,0.01,97,62871,买盘
1212,13:58:39,6.49,0.0,18,11682,买盘
1213,13:58:49,6.49,0.0,194,125906,买盘
1214,13:58:55,6.48,-0.01,30,19440,卖盘
1215,13:58:58,6.49,0.01,5,3245,买盘
1216,13:59:00,6.49,0.0,138,89562,买盘
1217,13:59:04,6.49,0.0,23,14927,买盘
1218,13:59:07,6.49,0.0,10,6490,买盘
1219,13:59:10,6.49,0.0,1,649,买盘
1220,13:59:12,6.49,0.0,25,16225,买盘
1221,13:59:34,6.5,0.01,10,6500,买盘
1222,13:59:52,6.5,0.0,3,1950,卖盘
1223,13:59:55,6.5,0.0,3,1950,卖盘
1224,13:59:57,6.5,0.0,3,1950,卖盘
1225,14:00:00,6.5,0.0,3,1950,卖盘
1226,14:00:04,6.5,0.0,2,1300,卖盘
1227,14:00:19,6.5,0.0,2,1300,中性盘
1228,14:00:25,6.5,0.0,18,11700,卖盘
1229,14:00:30,6.5,0.0,1,650,买盘
1230,14:00:36,6.49,-0.01,72,46728,卖盘
1231,14:00:40,6.5,0.01,3,1950,买盘
1232,14:00:46,6.5,0.0,7,4550,买盘
1233,14:00:52,6.5,0.0,3,1950,卖盘
1234,14:01:06,6.49,-0.01,29,18821,卖盘
1235,14:01:21,6.49,0.0,19,12331,卖盘
1236,14:01:30,6.49,0.0,7,4543,卖盘
1237,14:01:49,6.49,0.0,93,60357,买盘
1238,14:02:13,6.5,0.01,89,57825,买盘
1239,14:02:31,6.5,0.0,50,32520,卖盘
1240,14:02:36,6.5,0.0,3,1950,卖盘
1241,14:02:39,6.5,0.0,3,1950,卖盘
1242,14:02:43,6.5,0.0,3,1950,卖盘
1243,14:02:46,6.5,0.0,3,1950,卖盘
1244,14:03:04,6.5,0.0,2,1300,买盘
1245,14:03:10,6.5,0.0,8,5200,买盘
1246,14:03:16,6.5,0.0,3,1950,卖盘
1247,14:03:19,6.5,0.0,3,1950,卖盘
1248,14:03:22,6.51,0.01,7,4554,买盘
1249,14:03:25,6.5,-0.01,3,1950,卖盘
1250,14:03:28,6.5,0.0,3,1950,卖盘
1251,14:03:30,6.5,0.0,1,650,卖盘
1252,14:03:52,6.5,0.0,2,1300,卖盘
1253,14:04:00,6.51,0.01,1,651,买盘
1254,14:04:04,6.51,0.0,4,2604,卖盘
1255,14:04:16,6.5,-0.01,23,14950,卖盘
1256,14:04:21,6.5,0.0,2,1300,卖盘
1257,14:04:37,6.51,0.01,52,33802,买盘
1258,14:04:48,6.5,-0.01,2,1300,卖盘
1259,14:04:54,6.5,0.0,21,13669,卖盘
1260,14:04:58,6.5,0.0,1,650,卖盘
1261,14:05:04,6.51,0.01,8,5208,买盘
1262,14:05:12,6.5,-0.01,1,650,卖盘
1263,14:05:22,6.49,-0.01,11,7149,卖盘
1264,14:05:28,6.5,0.01,3,1950,买盘
1265,14:05:34,6.49,-0.01,18,11682,卖盘
1266,14:05:37,6.49,0.0,9,5841,卖盘
1267,14:05:43,6.49,0.0,85,55165,卖盘
1268,14:06:04,6.5,0.01,79,51350,买盘
1269,14:06:09,6.5,0.0,79,51350,卖盘
1270,14:06:19,6.49,-0.01,10,6490,卖盘
1271,14:06:21,6.5,0.01,20,13000,买盘
1272,14:06:25,6.5,0.0,2,1300,买盘
1273,14:06:31,6.5,0.0,1,650,买盘
1274,14:06:34,6.49,-0.01,67,43483,卖盘
1275,14:06:46,6.49,0.0,9,5841,卖盘
1276,14:06:49,6.49,0.0,27,17523,卖盘
1277,14:06:58,6.49,0.0,12,7788,卖盘
1278,14:07:07,6.49,0.0,40,25960,卖盘
1279,14:07:22,6.49,0.0,8,5192,卖盘
1280,14:07:34,6.49,0.0,9,5841,卖盘
1281,14:07:48,6.5,0.01,1,650,买盘
1282,14:07:55,6.5,0.0,10,6500,卖盘
1283,14:08:21,6.5,0.0,13,8450,卖盘
1284,14:08:25,6.49,-0.01,104,67508,卖盘
1285,14:08:39,6.49,0.0,9,5841,卖盘
1286,14:08:43,6.49,0.0,23,14927,卖盘
1287,14:08:49,6.49,0.0,9,5841,卖盘
1288,14:08:58,6.49,0.0,1,649,卖盘
1289,14:09:06,6.49,0.0,9,5841,卖盘
1290,14:09:12,6.49,0.0,3,1947,卖盘
1291,14:09:18,6.49,0.0,2,1298,卖盘
1292,14:09:21,6.5,0.01,15,9736,买盘
1293,14:09:25,6.5,0.0,14,9100,买盘
1294,14:09:31,6.49,-0.01,12,7788,中性盘
1295,14:09:39,6.49,0.0,48,31152,买盘
1296,14:09:46,6.48,-0.01,66,42768,卖盘
1297,14:09:49,6.48,0.0,9,5832,卖盘
1298,14:10:10,6.48,0.0,8,5184,卖盘
1299,14:10:13,6.49,0.01,2,1298,买盘
1300,14:10:21,6.49,0.0,2,1298,买盘
1301,14:10:34,6.48,-0.01,3,1944,卖盘
1302,14:11:01,6.47,-0.01,81,52412,卖盘
1303,14:11:04,6.49,0.02,2,1298,买盘
1304,14:11:07,6.47,-0.02,10,6470,卖盘
1305,14:11:43,6.48,0.01,33,21384,卖盘
1306,14:11:46,6.48,0.0,10,6480,卖盘
1307,14:11:58,6.48,0.0,9,5832,卖盘
1308,14:12:04,6.48,0.0,54,34992,卖盘
1309,14:12:07,6.48,0.0,9,5832,卖盘
1310,14:12:10,6.48,0.0,40,25920,卖盘
1311,14:12:19,6.48,0.0,1,648,买盘
1312,14:12:25,6.47,-0.01,3,1941,卖盘
1313,14:12:37,6.47,0.0,19,12293,卖盘
1314,14:12:39,6.47,0.0,6,3882,卖盘
1315,14:12:43,6.47,0.0,94,60818,卖盘
1316,14:12:46,6.47,0.0,60,38820,卖盘
1317,14:12:52,6.47,0.0,6,3885,卖盘
1318,14:12:58,6.47,0.0,6,3882,卖盘
1319,14:13:18,6.47,0.0,50,32350,卖盘
1320,14:13:28,6.47,0.0,10,6470,卖盘
1321,14:13:36,6.47,0.0,5,3235,卖盘
1322,14:13:55,6.47,0.0,18,11646,卖盘
1323,14:14:01,6.47,0.0,10,6470,卖盘
1324,14:14:04,6.47,0.0,5,3235,卖盘
1325,14:14:10,6.47,0.0,140,90580,卖盘
1326,14:14:16,6.47,0.0,142,91874,卖盘
1327,14:14:22,6.46,-0.01,45,29070,卖盘
1328,14:14:30,6.47,0.01,56,36232,买盘
1329,14:14:43,6.47,0.0,1,647,买盘
1330,14:14:46,6.47,0.0,18,11646,买盘
1331,14:14:49,6.47,0.0,6,3882,买盘
1332,14:14:52,6.47,0.0,2,1294,买盘
1333,14:14:55,6.47,0.0,193,124700,买盘
1334,14:15:09,6.47,0.0,10,6470,卖盘
1335,14:15:19,6.47,0.0,112,72529,卖盘
1336,14:15:25,6.48,0.01,30,19440,中性盘
1337,14:15:36,6.47,-0.01,40,25904,卖盘
1338,14:15:57,6.48,0.01,10,6480,买盘
1339,14:16:07,6.48,0.0,1,648,买盘
1340,14:16:22,6.48,0.0,72,46656,买盘
1341,14:16:31,6.48,0.0,20,12960,卖盘
1342,14:17:28,6.49,0.01,4,2596,买盘
1343,14:17:46,6.49,0.0,15,9735,买盘
1344,14:17:51,6.49,0.0,3,1947,卖盘
1345,14:17:54,6.49,0.0,1,649,卖盘
1346,14:17:57,6.49,0.0,2,1298,卖盘
1347,14:18:00,6.49,0.0,1,649,卖盘
1348,14:18:03,6.49,0.0,1,649,卖盘
1349,14:18:07,6.49,0.0,1,649,卖盘
1350,14:18:10,6.49,0.0,1,649,卖盘
1351,14:18:13,6.49,0.0,1,649,卖盘
1352,14:18:15,6.49,0.0,2,1298,卖盘
1353,14:18:19,6.49,0.0,1,649,卖盘
1354,14:18:43,6.5,0.01,8,5200,买盘
1355,14:18:49,6.49,-0.01,1,649,卖盘
1356,14:19:07,6.48,-0.01,4,2594,卖盘
1357,14:19:37,6.48,0.0,5,3240,卖盘
1358,14:20:33,6.49,0.01,1,649,卖盘
1359,14:20:37,6.49,0.0,1,649,卖盘
1360,14:20:39,6.48,-0.01,41,26569,卖盘
1361,14:20:43,6.5,0.02,6,3899,买盘
1362,14:21:01,6.5,0.0,1,650,买盘
1363,14:21:07,6.5,0.0,3,1950,买盘
1364,14:21:22,6.48,-0.02,12,7776,卖盘
1365,14:21:43,6.48,0.0,5,3240,卖盘
1366,14:21:49,6.48,0.0,40,25920,卖盘
1367,14:22:10,6.48,0.0,82,53136,卖盘
1368,14:22:22,6.48,0.0,5,3240,买盘
1369,14:22:25,6.48,0.0,10,6480,卖盘
1370,14:22:28,6.47,-0.01,188,121636,卖盘
1371,14:22:31,6.47,0.0,6,3882,买盘
1372,14:22:40,6.47,0.0,9,5823,买盘
1373,14:23:13,6.48,0.01,7,4536,卖盘
1374,14:23:55,6.48,0.0,1,648,买盘
1375,14:24:12,6.47,-0.01,32,20704,卖盘
1376,14:24:30,6.46,-0.01,193,124678,卖盘
1377,14:24:34,6.46,0.0,40,25840,卖盘
1378,14:24:43,6.47,0.01,2,1294,买盘
1379,14:24:49,6.47,0.0,10,6470,买盘
1380,14:24:55,6.46,-0.01,5,3230,卖盘
1381,14:25:07,6.47,0.01,85,54995,买盘
1382,14:25:16,6.47,0.0,133,86051,买盘
1383,14:25:22,6.48,0.01,2,1296,买盘
1384,14:25:34,6.47,-0.01,1,647,卖盘
1385,14:25:40,6.47,0.0,3,1941,卖盘
1386,14:25:48,6.48,0.01,19,12312,买盘
1387,14:25:58,6.48,0.0,1,648,卖盘
1388,14:26:07,6.48,0.0,68,44064,卖盘
1389,14:26:10,6.48,0.0,12,7776,卖盘
1390,14:26:25,6.48,0.0,10,6480,买盘
1391,14:26:54,6.48,0.0,38,24594,买盘
1392,14:27:33,6.48,0.0,21,13603,买盘
1393,14:27:39,6.48,0.0,5,3240,买盘
1394,14:27:54,6.48,0.0,1,648,买盘
1395,14:27:57,6.47,-0.01,72,46584,卖盘
1396,14:28:04,6.47,0.0,14,9058,卖盘
1397,14:28:07,6.47,0.0,40,25880,卖盘
1398,14:28:13,6.48,0.01,62,40164,买盘
1399,14:28:28,6.47,-0.01,5,3235,卖盘
1400,14:28:49,6.47,0.0,39,25233,卖盘
1401,14:29:07,6.47,0.0,31,20057,卖盘
1402,14:29:12,6.48,0.01,10,6480,卖盘
1403,14:29:19,6.48,0.0,6,3888,卖盘
1404,14:29:22,6.48,0.0,3,1944,卖盘
1405,14:29:25,6.48,0.0,6,3888,卖盘
1406,14:29:28,6.48,0.0,7,4536,卖盘
1407,14:29:31,6.48,0.0,12,7776,卖盘
1408,14:29:34,6.48,0.0,10,6480,卖盘
1409,14:29:37,6.49,0.01,7,4537,买盘
1410,14:29:40,6.48,-0.01,7,4536,卖盘
1411,14:29:43,6.48,0.0,5,3240,卖盘
1412,14:29:45,6.48,0.0,4,2592,卖盘
1413,14:29:49,6.48,0.0,3,1944,卖盘
1414,14:29:52,6.48,0.0,8,5184,卖盘
1415,14:29:54,6.47,-0.01,21,13600,卖盘
1416,14:29:58,6.47,0.0,5,3235,卖盘
1417,14:30:01,6.48,0.01,9,5824,买盘
1418,14:30:04,6.47,-0.01,18,11649,卖盘
1419,14:30:07,6.47,0.0,46,29768,卖盘
1420,14:30:10,6.47,0.0,8,5176,卖盘
1421,14:30:12,6.47,0.0,56,36282,卖盘
1422,14:30:15,6.47,0.0,10,6470,卖盘
1423,14:30:19,6.47,0.0,3,1941,卖盘
1424,14:30:25,6.47,0.0,1,647,卖盘
1425,14:30:28,6.47,0.0,2,1294,卖盘
1426,14:30:31,6.47,0.0,1,647,卖盘
1427,14:30:40,6.47,0.0,50,32350,卖盘
1428,14:30:46,6.47,0.0,4,2588,卖盘
1429,14:31:07,6.47,0.0,1,647,卖盘
1430,14:31:33,6.47,0.0,22,14234,卖盘
1431,14:31:40,6.48,0.01,226,146231,买盘
1432,14:31:43,6.47,-0.01,50,32351,卖盘
1433,14:31:46,6.48,0.01,39,25272,中性盘
1434,14:31:49,6.48,0.0,1,648,卖盘
1435,14:31:52,6.48,0.0,16,10368,卖盘
1436,14:31:55,6.49,0.01,7,4537,买盘
1437,14:31:57,6.48,-0.01,4,2592,卖盘
1438,14:32:01,6.48,0.0,7,4536,卖盘
1439,14:32:04,6.48,0.0,5,3240,卖盘
1440,14:32:07,6.48,0.0,19,12312,卖盘
1441,14:32:10,6.48,0.0,13,8424,卖盘
1442,14:32:15,6.48,0.0,22,14256,买盘
1443,14:32:25,6.47,-0.01,29,18763,卖盘
1444,14:32:28,6.47,0.0,10,6470,卖盘
1445,14:32:37,6.47,0.0,9,5823,卖盘
1446,14:32:42,6.48,0.01,109,70632,买盘
1447,14:32:49,6.48,0.0,1,648,卖盘
1448,14:32:52,6.47,-0.01,51,33032,卖盘
1449,14:33:01,6.47,0.0,216,139752,卖盘
1450,14:33:24,6.46,-0.01,18,11628,卖盘
1451,14:33:34,6.46,0.0,12,7762,卖盘
1452,14:33:43,6.46,0.0,63,40698,卖盘
1453,14:33:46,6.46,0.0,8,5168,卖盘
1454,14:33:49,6.46,0.0,54,34884,卖盘
1455,14:33:52,6.46,0.0,4,2584,卖盘
1456,14:34:01,6.46,0.0,283,182818,卖盘
1457,14:34:10,6.45,-0.01,85,54825,卖盘
1458,14:34:12,6.45,0.0,18,11610,卖盘
1459,14:34:15,6.45,0.0,2,1290,卖盘
1460,14:34:18,6.45,0.0,3,1935,卖盘
1461,14:34:22,6.45,0.0,315,203175,卖盘
1462,14:34:30,6.44,-0.01,122,78610,卖盘
1463,14:34:36,6.44,0.0,21,13524,卖盘
1464,14:34:46,6.43,-0.01,15,9645,卖盘
1465,14:34:48,6.43,0.0,120,77165,卖盘
1466,14:34:55,6.43,0.0,72,46301,卖盘
1467,14:34:58,6.43,0.0,49,31507,卖盘
1468,14:35:01,6.43,0.0,10,6430,买盘
1469,14:35:07,6.42,-0.01,166,106582,卖盘
1470,14:35:09,6.42,0.0,313,201059,卖盘
1471,14:35:16,6.42,0.0,1,642,卖盘
1472,14:35:19,6.42,0.0,20,12840,卖盘
1473,14:35:22,6.43,0.01,6,3858,买盘
1474,14:35:24,6.42,-0.01,79,50718,卖盘
1475,14:35:27,6.42,0.0,3,1926,卖盘
1476,14:35:31,6.43,0.01,16,10288,买盘
1477,14:35:37,6.43,0.0,7,4501,买盘
1478,14:35:40,6.42,-0.01,115,73935,卖盘
1479,14:35:46,6.43,0.01,4,2572,买盘
1480,14:35:49,6.42,-0.01,88,56496,卖盘
1481,14:35:51,6.43,0.01,36,23123,买盘
1482,14:35:54,6.43,0.0,10,6430,买盘
1483,14:35:57,6.43,0.0,1,643,买盘
1484,14:36:01,6.43,0.0,4,2572,买盘
1485,14:36:04,6.44,0.01,35,22509,买盘
1486,14:36:07,6.43,-0.01,1,643,中性盘
1487,14:36:10,6.43,0.0,18,11574,买盘
1488,14:36:19,6.44,0.01,6,3864,买盘
1489,14:36:22,6.48,0.04,76,48965,买盘
1490,14:36:43,6.47,-0.01,26,16822,买盘
1491,14:36:46,6.47,0.0,28,18116,买盘
1492,14:36:49,6.46,-0.01,22,14212,买盘
1493,14:36:52,6.46,0.0,16,10336,买盘
1494,14:36:55,6.45,-0.01,1,645,卖盘
1495,14:36:57,6.46,0.01,6,3876,买盘
1496,14:37:00,6.45,-0.01,176,113520,卖盘
1497,14:37:10,6.46,0.01,61,39406,买盘
1498,14:37:13,6.46,0.0,4,2584,买盘
1499,14:37:18,6.47,0.01,66,42702,买盘
1500,14:37:30,6.47,0.0,26,16822,卖盘
1501,14:37:42,6.47,0.0,2,1294,卖盘
1502,14:37:46,6.47,0.0,3,1941,卖盘
1503,14:37:48,6.47,0.0,3,1941,卖盘
1504,14:37:51,6.47,0.0,8,5176,卖盘
1505,14:37:55,6.47,0.0,7,4529,卖盘
1506,14:37:58,6.47,0.0,38,24586,卖盘
1507,14:38:04,6.46,-0.01,22,14218,卖盘
1508,14:38:07,6.46,0.0,26,16796,卖盘
1509,14:38:10,6.46,0.0,88,56848,卖盘
1510,14:38:13,6.46,0.0,14,9044,卖盘
1511,14:38:16,6.46,0.0,12,7752,卖盘
1512,14:38:19,6.46,0.0,13,8398,卖盘
1513,14:38:22,6.47,0.01,105,67833,买盘
1514,14:38:24,6.46,-0.01,9,5814,卖盘
1515,14:38:28,6.45,-0.01,3,1936,卖盘
1516,14:38:34,6.45,0.0,4,2580,卖盘
1517,14:38:37,6.45,0.0,5,3225,卖盘
1518,14:38:39,6.45,0.0,57,36765,卖盘
1519,14:38:42,6.45,0.0,2,1290,中性盘
1520,14:38:46,6.45,0.0,5,3225,卖盘
1521,14:38:52,6.45,0.0,7,4515,买盘
1522,14:39:07,6.44,-0.01,33,21252,卖盘
1523,14:39:16,6.44,0.0,2,1288,卖盘
1524,14:39:22,6.44,0.0,20,12880,卖盘
1525,14:39:25,6.45,0.01,18,11610,买盘
1526,14:39:27,6.44,-0.01,69,44454,卖盘
1527,14:39:37,6.45,0.01,3,1935,买盘
1528,14:39:40,6.45,0.0,7,4515,买盘
1529,14:39:49,6.45,0.0,5,3225,买盘
1530,14:39:58,6.44,-0.01,37,23828,卖盘
1531,14:40:04,6.44,0.0,22,14168,买盘
1532,14:40:07,6.43,-0.01,60,38580,卖盘
1533,14:40:13,6.44,0.01,20,12880,买盘
1534,14:40:33,6.44,0.0,2,1288,买盘
1535,14:40:37,6.43,-0.01,15,9645,卖盘
1536,14:40:39,6.43,0.0,87,55941,卖盘
1537,14:40:49,6.43,0.0,2,1286,卖盘
1538,14:40:52,6.44,0.01,119,76636,买盘
1539,14:40:55,6.44,0.0,14,9016,买盘
1540,14:41:01,6.44,0.0,64,41216,卖盘
1541,14:41:10,6.44,0.0,32,20608,卖盘
1542,14:41:19,6.45,0.01,18,11610,买盘
1543,14:41:22,6.44,-0.01,81,52171,卖盘
1544,14:41:25,6.45,0.01,10,6450,买盘
1545,14:41:34,6.44,-0.01,7,4511,卖盘
1546,14:41:37,6.44,0.0,5,3220,卖盘
1547,14:41:58,6.45,0.01,12,7740,买盘
1548,14:42:01,6.43,-0.02,112,72136,卖盘
1549,14:42:04,6.45,0.02,20,12900,买盘
1550,14:42:10,6.44,-0.01,1,644,买盘
1551,14:42:28,6.45,0.01,11,7095,卖盘
1552,14:42:37,6.45,0.0,20,12900,买盘
1553,14:42:49,6.45,0.0,20,12900,买盘
1554,14:42:55,6.45,0.0,82,52890,买盘
1555,14:43:04,6.45,0.0,20,12900,买盘
1556,14:43:15,6.45,0.0,67,43206,买盘
1557,14:43:25,6.45,0.0,4,2579,买盘
1558,14:43:28,6.45,0.0,6,3870,买盘
1559,14:43:37,6.44,-0.01,50,32200,卖盘
1560,14:43:40,6.45,0.01,42,27090,买盘
1561,14:43:46,6.45,0.0,23,14835,买盘
1562,14:43:55,6.45,0.0,12,7740,买盘
1563,14:44:00,6.44,-0.01,4,2576,卖盘
1564,14:44:04,6.44,0.0,4,2576,卖盘
1565,14:44:07,6.45,0.01,14,9030,买盘
1566,14:44:10,6.44,-0.01,85,54740,卖盘
1567,14:44:13,6.44,0.0,50,32200,卖盘
1568,14:44:22,6.44,0.0,12,7728,卖盘
1569,14:44:28,6.44,0.0,4,2576,买盘
1570,14:44:31,6.43,-0.01,49,31525,卖盘
1571,14:44:40,6.44,0.01,7,4508,中性盘
1572,14:44:42,6.43,-0.01,44,28338,卖盘
1573,14:44:45,6.43,0.0,16,10288,卖盘
1574,14:45:04,6.44,0.01,68,43806,卖盘
1575,14:45:07,6.43,-0.01,1,643,卖盘
1576,14:45:10,6.44,0.01,46,29624,买盘
1577,14:45:13,6.44,0.0,4,2576,卖盘
1578,14:45:25,6.44,0.0,62,39928,卖盘
1579,14:45:28,6.44,0.0,106,68264,买盘
1580,14:45:31,6.44,0.0,15,9660,买盘
1581,14:45:37,6.44,0.0,16,10304,买盘
1582,14:45:43,6.44,0.0,4,2576,买盘
1583,14:45:46,6.44,0.0,5,3220,买盘
1584,14:45:52,6.43,-0.01,52,33438,卖盘
1585,14:45:55,6.43,0.0,13,8359,卖盘
1586,14:45:58,6.44,0.01,3,1932,买盘
1587,14:46:01,6.44,0.0,41,26404,买盘
1588,14:46:04,6.43,-0.01,265,170424,卖盘
1589,14:46:07,6.43,0.0,66,42438,卖盘
1590,14:46:13,6.43,0.0,114,73302,买盘
1591,14:46:16,6.43,0.0,10,6430,买盘
1592,14:46:19,6.43,0.0,114,73302,买盘
1593,14:46:22,6.43,0.0,6,3858,卖盘
1594,14:46:37,6.44,0.01,5,3220,中性盘
1595,14:46:40,6.43,-0.01,20,12863,卖盘
1596,14:46:49,6.44,0.01,7,4508,中性盘
1597,14:46:55,6.44,0.0,12,7728,买盘
1598,14:47:01,6.44,0.0,41,26369,买盘
1599,14:47:04,6.43,-0.01,23,14789,卖盘
1600,14:47:07,6.44,0.01,25,16100,买盘
1601,14:47:22,6.44,0.0,46,29624,卖盘
1602,14:47:28,6.44,0.0,19,12236,卖盘
1603,14:47:31,6.44,0.0,38,24472,卖盘
1604,14:47:34,6.44,0.0,30,19320,卖盘
1605,14:47:46,6.44,0.0,5,3220,买盘
1606,14:47:49,6.44,0.0,58,37352,买盘
1607,14:47:52,6.45,0.01,215,138357,买盘
1608,14:47:55,6.44,-0.01,7,4508,卖盘
1609,14:47:58,6.44,0.0,1,644,买盘
1610,14:48:01,6.44,0.0,66,42504,买盘
1611,14:48:07,6.44,0.0,129,83076,卖盘
1612,14:48:16,6.45,0.01,3,1935,买盘
1613,14:48:19,6.44,-0.01,44,28336,卖盘
1614,14:48:25,6.43,-0.01,20,12879,卖盘
1615,14:48:27,6.45,0.02,35,22575,买盘
1616,14:48:31,6.44,-0.01,5,3220,买盘
1617,14:48:34,6.44,0.0,93,59892,买盘
1618,14:48:52,6.44,0.0,2,1288,卖盘
1619,14:49:01,6.45,0.01,7,4515,买盘
1620,14:49:13,6.45,0.0,21,13539,买盘
1621,14:49:16,6.45,0.0,1,645,买盘
1622,14:49:28,6.45,0.0,179,115455,买盘
1623,14:49:34,6.45,0.0,350,225830,买盘
1624,14:49:46,6.45,0.0,2,1290,卖盘
1625,14:49:49,6.45,0.0,27,17415,卖盘
1626,14:49:52,6.45,0.0,42,27090,买盘
1627,14:50:01,6.45,0.0,14,9030,买盘
1628,14:50:13,6.47,0.02,86,55592,买盘
1629,14:50:16,6.45,-0.02,13,8385,卖盘
1630,14:50:19,6.48,0.03,220,142355,买盘
1631,14:50:25,6.45,-0.03,114,73530,卖盘
1632,14:50:31,6.45,0.0,14,9030,卖盘
1633,14:50:34,6.45,0.0,52,33608,卖盘
1634,14:50:48,6.48,0.03,87,56376,买盘
1635,14:50:52,6.48,0.0,5,3240,买盘
1636,14:50:55,6.48,0.0,67,43416,买盘
1637,14:51:01,6.49,0.01,81,52569,买盘
1638,14:51:10,6.49,0.0,5,3245,买盘
1639,14:51:22,6.49,0.0,75,48675,买盘
1640,14:51:25,6.49,0.0,23,14927,买盘
1641,14:51:31,6.49,0.0,60,38940,卖盘
1642,14:51:40,6.5,0.01,64,41540,买盘
1643,14:51:43,6.5,0.0,77,50030,买盘
1644,14:51:49,6.49,-0.01,5,3245,买盘
1645,14:51:52,6.49,0.0,60,38940,买盘
1646,14:52:01,6.49,0.0,20,12980,买盘
1647,14:52:10,6.48,-0.01,50,32435,卖盘
1648,14:52:13,6.49,0.01,103,66847,买盘
1649,14:52:19,6.49,0.0,10,6490,卖盘
1650,14:52:28,6.49,0.0,2,1298,卖盘
1651,14:52:31,6.49,0.0,50,32450,卖盘
1652,14:52:37,6.5,0.01,20,13000,买盘
1653,14:52:40,6.49,-0.01,9,5841,卖盘
1654,14:52:46,6.49,0.0,51,33099,卖盘
1655,14:52:52,6.48,-0.01,18,11664,卖盘
1656,14:52:58,6.49,0.01,15,9735,买盘
1657,14:53:01,6.49,0.0,1,649,买盘
1658,14:53:04,6.48,-0.01,17,11016,卖盘
1659,14:53:06,6.49,0.01,38,24625,买盘
1660,14:53:10,6.48,-0.01,10,6480,卖盘
1661,14:53:19,6.48,0.0,1,648,买盘
1662,14:53:28,6.48,0.0,10,6480,买盘
1663,14:53:34,6.47,-0.01,10,6470,卖盘
1664,14:53:40,6.47,0.0,8,5179,卖盘
1665,14:53:43,6.47,0.0,2,1295,卖盘
1666,14:53:49,6.47,0.0,38,24586,卖盘
1667,14:53:52,6.47,0.0,14,9071,卖盘
1668,14:54:01,6.48,0.01,1,648,买盘
1669,14:54:04,6.47,-0.01,12,7764,卖盘
1670,14:54:10,6.47,0.0,5,3235,卖盘
1671,14:54:19,6.47,0.0,50,32350,卖盘
1672,14:54:22,6.48,0.01,1,648,买盘
1673,14:54:25,6.48,0.0,50,32400,买盘
1674,14:54:28,6.47,-0.01,31,20067,卖盘
1675,14:54:31,6.47,0.0,2,1294,卖盘
1676,14:54:34,6.47,0.0,10,6470,卖盘
1677,14:54:37,6.48,0.01,1,648,买盘
1678,14:54:46,6.48,0.0,1,648,买盘
1679,14:54:52,6.47,-0.01,6,3882,卖盘
1680,14:55:01,6.48,0.01,1,648,买盘
1681,14:55:04,6.48,0.0,11,7128,买盘
1682,14:55:07,6.48,0.0,117,75816,买盘
1683,14:55:13,6.48,0.0,90,58320,卖盘
1684,14:55:16,6.48,0.0,100,64800,卖盘
1685,14:55:19,6.47,-0.01,63,40795,卖盘
1686,14:55:28,6.47,0.0,80,51776,卖盘
1687,14:55:34,6.48,0.01,34,22032,买盘
1688,14:55:37,6.48,0.0,146,94608,买盘
1689,14:55:40,6.48,0.0,27,17496,卖盘
1690,14:55:43,6.48,0.0,40,25920,卖盘
1691,14:55:46,6.49,0.01,1,649,买盘
1692,14:55:49,6.48,-0.01,149,96552,卖盘
1693,14:55:52,6.48,0.0,41,26568,买盘
1694,14:55:55,6.48,0.0,3,1944,买盘
1695,14:55:58,6.48,0.0,46,29808,买盘
1696,14:56:01,6.47,-0.01,302,195690,卖盘
1697,14:56:04,6.48,0.01,20,12960,买盘
1698,14:56:07,6.48,0.0,3,1944,中性盘
1699,14:56:13,6.47,-0.01,10,6471,卖盘
1700,14:56:16,6.48,0.01,50,32400,买盘
1701,14:56:19,6.47,-0.01,10,6470,卖盘
1702,14:56:22,6.48,0.01,81,52488,买盘
1703,14:56:25,6.47,-0.01,140,90603,卖盘
1704,14:56:37,6.47,0.0,15,9705,卖盘
1705,14:56:40,6.47,0.0,10,6470,卖盘
1706,14:56:43,6.47,0.0,6,3882,卖盘
1707,14:56:46,6.47,0.0,156,100957,卖盘
1708,14:56:49,6.48,0.01,23,14904,买盘
1709,14:56:52,6.47,-0.01,29,18763,卖盘
1710,14:56:55,6.48,0.01,10,6480,买盘
1711,14:56:58,6.47,-0.01,24,15528,卖盘
1712,14:57:04,6.48,0.01,49,31752,买盘
1713,15:00:05,6.47,-0.01,1828,1182716,卖盘
