,time,price,change,volume,amount,type
0,09:25:04,6.85,-0.08,814,557590,买盘
1,09:30:04,6.9,0.05,46,31575,买盘
2,09:30:07,6.93,0.03,140,96808,中性盘
3,09:30:10,6.88,-0.05,94,64882,卖盘
4,09:30:13,6.87,-0.01,5,3435,卖盘
5,09:30:16,6.86,-0.01,309,211997,卖盘
6,09:30:19,6.87,0.01,45,30932,中性盘
7,09:30:22,6.88,0.01,33,22693,买盘
8,09:30:25,6.87,-0.01,50,34350,卖盘
9,09:30:28,6.88,0.01,53,36436,买盘
10,09:30:31,6.88,0.0,34,23392,买盘
11,09:30:34,6.9,0.02,5,3450,买盘
12,09:30:37,6.88,-0.02,5,3446,卖盘
13,09:30:40,6.86,-0.02,487,334419,卖盘
14,09:30:43,6.86,0.0,16,10976,买盘
15,09:30:46,6.86,0.0,81,55566,买盘
16,09:30:49,6.86,0.0,184,126212,买盘
17,09:30:52,6.86,0.0,67,45991,卖盘
18,09:30:55,6.86,0.0,19,13034,卖盘
19,09:30:58,6.86,0.0,207,141821,卖盘
20,09:31:01,6.86,0.0,52,35688,卖盘
21,09:31:04,6.86,0.0,98,67240,卖盘
22,09:31:07,6.86,0.0,52,35672,卖盘
23,09:31:10,6.87,0.01,29,19923,买盘
24,09:31:16,6.9,0.03,28,19305,买盘
25,09:31:19,6.87,-0.03,73,50307,卖盘
26,09:31:25,6.87,0.0,52,35734,卖盘
27,09:31:28,6.9,0.03,48,33120,买盘
28,09:31:31,6.9,0.0,7,4830,买盘
29,09:31:37,6.9,0.0,2,1380,卖盘
30,09:31:49,6.93,0.03,20,13860,买盘
31,09:31:52,6.93,0.0,21,14517,买盘
32,09:31:55,6.93,0.0,4,2772,买盘
33,09:32:05,6.9,-0.03,139,96017,卖盘
34,09:32:07,6.9,0.0,16,11040,买盘
35,09:32:10,6.89,-0.01,5,3445,卖盘
36,09:32:13,6.89,0.0,21,14469,卖盘
37,09:32:16,6.89,0.0,7,4823,买盘
38,09:32:22,6.89,0.0,16,11024,买盘
39,09:32:25,6.89,0.0,23,15847,买盘
40,09:32:28,6.89,0.0,20,13780,买盘
41,09:32:31,6.88,-0.01,73,50264,卖盘
42,09:32:34,6.89,0.01,86,59254,买盘
43,09:32:37,6.9,0.01,13,8965,买盘
44,09:32:40,6.89,-0.01,14,9650,卖盘
45,09:32:43,6.92,0.03,44,30319,买盘
46,09:32:49,6.9,-0.02,1,690,买盘
47,09:32:55,6.9,0.0,69,47610,卖盘
48,09:32:58,6.91,0.01,37,25567,卖盘
49,09:33:16,6.91,0.0,43,29713,卖盘
50,09:33:19,6.91,0.0,10,6910,买盘
51,09:33:28,6.9,-0.01,10,6900,卖盘
52,09:33:34,6.91,0.01,113,78003,买盘
53,09:33:37,6.91,0.0,47,32482,卖盘
54,09:33:40,6.91,0.0,3,2073,卖盘
55,09:33:49,6.91,0.0,1,691,卖盘
56,09:33:55,6.92,0.01,23,15914,买盘
57,09:34:01,6.91,-0.01,9,6219,卖盘
58,09:34:04,6.92,0.01,2,1384,买盘
59,09:34:07,6.92,0.0,54,37368,买盘
60,09:34:10,6.92,0.0,21,14514,买盘
61,09:34:13,6.91,-0.01,21,14511,卖盘
62,09:34:16,6.92,0.01,64,44288,买盘
63,09:34:25,6.91,-0.01,100,69107,卖盘
64,09:34:31,6.91,0.0,40,27690,卖盘
65,09:34:40,6.9,-0.01,60,41405,卖盘
66,09:34:43,6.91,0.01,15,10365,中性盘
67,09:34:49,6.91,0.0,21,14511,买盘
68,09:34:55,6.9,-0.01,113,77970,卖盘
69,09:34:58,6.9,0.0,91,62796,卖盘
70,09:35:01,6.9,0.0,211,145594,卖盘
71,09:35:07,6.89,-0.01,50,34450,卖盘
72,09:35:10,6.88,-0.01,208,143252,卖盘
73,09:35:19,6.88,0.0,4,2752,卖盘
74,09:35:22,6.89,0.01,45,30968,买盘
75,09:35:25,6.87,-0.02,165,113404,卖盘
76,09:35:28,6.88,0.01,3,2064,中性盘
77,09:35:34,6.87,-0.01,21,14435,卖盘
78,09:35:37,6.87,0.0,50,34350,卖盘
79,09:35:43,6.88,0.01,51,35050,买盘
80,09:35:46,6.86,-0.02,29,19895,卖盘
81,09:35:49,6.86,0.0,176,120736,卖盘
82,09:35:52,6.86,0.0,25,17150,买盘
83,09:35:55,6.86,0.0,8,5488,买盘
84,09:35:58,6.85,-0.01,209,143181,卖盘
85,09:36:01,6.86,0.01,47,32242,买盘
86,09:36:04,6.86,0.0,5,3427,买盘
87,09:36:07,6.86,0.0,45,30844,买盘
88,09:36:10,6.86,0.0,8,5487,买盘
89,09:36:13,6.86,0.0,80,54880,买盘
90,09:36:16,6.86,0.0,65,44550,买盘
91,09:36:19,6.84,-0.02,305,208804,卖盘
92,09:36:22,6.85,0.01,53,36338,中性盘
93,09:36:25,6.86,0.01,13,8916,买盘
94,09:36:28,6.86,0.0,15,10290,卖盘
95,09:36:31,6.86,0.0,15,10290,卖盘
96,09:36:34,6.84,-0.02,70,47944,卖盘
97,09:36:37,6.84,0.0,20,13697,卖盘
98,09:36:40,6.85,0.01,15,10275,买盘
99,09:36:43,6.83,-0.02,90,61526,卖盘
100,09:36:46,6.84,0.01,44,30120,中性盘
101,09:36:49,6.84,0.0,31,21204,买盘
102,09:36:52,6.8,-0.04,966,658168,卖盘
103,09:36:55,6.83,0.03,16,10928,卖盘
104,09:36:58,6.8,-0.03,156,106370,卖盘
105,09:37:01,6.86,0.06,61,41759,买盘
106,09:37:04,6.8,-0.06,79,53798,卖盘
107,09:37:07,6.81,0.01,87,59247,卖盘
108,09:37:13,6.83,0.02,121,82249,买盘
109,09:37:16,6.79,-0.04,4,2717,卖盘
110,09:37:19,6.79,0.0,26,17654,买盘
111,09:37:25,6.79,0.0,61,41389,卖盘
112,09:37:28,6.78,-0.01,347,234580,卖盘
113,09:37:31,6.78,0.0,166,112520,买盘
114,09:37:34,6.74,-0.04,209,141518,卖盘
115,09:37:37,6.74,0.0,2,1348,卖盘
116,09:37:40,6.75,0.01,66,44591,中性盘
117,09:37:43,6.73,-0.02,261,176104,卖盘
118,09:37:46,6.76,0.03,63,42562,买盘
119,09:37:49,6.75,-0.01,61,41248,中性盘
120,09:37:52,6.74,-0.01,194,130764,卖盘
121,09:37:55,6.74,0.0,271,182924,卖盘
122,09:37:58,6.77,0.03,58,39180,买盘
123,09:38:01,6.78,0.01,204,137754,买盘
124,09:38:04,6.78,0.0,129,87169,买盘
125,09:38:07,6.78,0.0,85,57633,买盘
126,09:38:10,6.75,-0.03,23,15585,卖盘
127,09:38:13,6.83,0.08,52,35485,买盘
128,09:38:16,6.78,-0.05,11,7463,卖盘
129,09:38:19,6.78,0.0,110,74608,卖盘
130,09:38:22,6.81,0.03,8,5430,买盘
131,09:38:25,6.81,0.0,91,61971,买盘
132,09:38:28,6.81,0.0,18,12258,卖盘
133,09:38:31,6.81,0.0,48,32688,卖盘
134,09:38:34,6.82,0.01,22,14998,中性盘
135,09:38:37,6.81,-0.01,254,172975,卖盘
136,09:38:43,6.81,0.0,139,94655,买盘
137,09:38:46,6.8,-0.01,1,680,买盘
138,09:38:49,6.79,-0.01,85,57798,卖盘
139,09:38:52,6.81,0.02,31,21099,买盘
140,09:38:58,6.8,-0.01,30,20400,卖盘
141,09:39:05,6.8,0.0,4,2720,买盘
142,09:39:07,6.8,0.0,40,27200,买盘
143,09:39:10,6.8,0.0,24,16906,买盘
144,09:39:13,6.79,-0.01,45,30580,卖盘
145,09:39:16,6.8,0.01,71,48278,买盘
146,09:39:19,6.8,0.0,2,1360,卖盘
147,09:39:22,6.8,0.0,12,8160,卖盘
148,09:39:25,6.8,0.0,160,108800,卖盘
149,09:39:28,6.8,0.0,16,10880,卖盘
150,09:39:31,6.81,0.01,22,14966,买盘
151,09:39:40,6.81,0.0,149,101389,买盘
152,09:39:43,6.8,-0.01,231,157038,卖盘
153,09:39:46,6.79,-0.01,350,238260,卖盘
154,09:39:49,6.81,0.02,4,2724,买盘
155,09:39:52,6.8,-0.01,61,41480,卖盘
156,09:39:55,6.8,0.0,51,34680,卖盘
157,09:39:58,6.8,0.0,74,49722,卖盘
158,09:40:01,6.77,-0.03,237,161414,卖盘
159,09:40:04,6.8,0.03,100,68000,买盘
160,09:40:07,6.8,0.0,2,1360,买盘
161,09:40:10,6.8,0.0,60,40760,买盘
162,09:40:13,6.8,0.0,16,10880,买盘
163,09:40:16,6.8,0.0,42,28560,卖盘
164,09:40:19,6.8,0.0,10,6800,卖盘
165,09:40:22,6.81,0.01,7,4767,卖盘
166,09:40:25,6.8,-0.01,6,4082,卖盘
167,09:40:28,6.8,0.0,54,36720,卖盘
168,09:40:31,6.8,0.0,4,2720,卖盘
169,09:40:34,6.82,0.02,40,27225,买盘
170,09:40:37,6.8,-0.02,7,4760,卖盘
171,09:40:43,6.82,0.02,128,87065,买盘
172,09:40:46,6.8,-0.02,116,78886,卖盘
173,09:40:49,6.8,0.0,9,6120,买盘
174,09:40:52,6.8,0.0,3,2040,买盘
175,09:40:55,6.8,0.0,51,34680,买盘
176,09:41:01,6.8,0.0,93,63190,卖盘
177,09:41:04,6.81,0.01,2,1362,买盘
178,09:41:10,6.8,-0.01,6,4080,卖盘
179,09:41:13,6.8,0.0,40,27200,卖盘
180,09:41:16,6.79,-0.01,180,122326,卖盘
181,09:41:19,6.8,0.01,47,31960,买盘
182,09:41:22,6.8,0.0,10,6806,卖盘
183,09:41:25,6.8,0.0,70,47600,卖盘
184,09:41:28,6.8,0.0,13,8840,卖盘
185,09:41:31,6.8,0.0,23,15640,中性盘
186,09:41:34,6.8,0.0,5,3400,买盘
187,09:41:37,6.82,0.02,144,98099,买盘
188,09:41:40,6.81,-0.01,48,32688,卖盘
189,09:41:43,6.81,0.0,6,4086,卖盘
190,09:41:46,6.81,0.0,2,1362,卖盘
191,09:41:49,6.8,-0.01,111,75531,卖盘
192,09:41:52,6.81,0.01,1,681,卖盘
193,09:41:55,6.81,0.0,33,22473,买盘
194,09:41:58,6.82,0.01,26,17714,买盘
195,09:42:04,6.81,-0.01,20,13620,卖盘
196,09:42:10,6.81,0.0,20,13620,卖盘
197,09:42:13,6.82,0.01,136,92752,买盘
198,09:42:28,6.84,0.02,5,3420,买盘
199,09:42:31,6.84,0.0,10,6840,买盘
200,09:42:34,6.84,0.0,34,23242,买盘
201,09:42:43,6.84,0.0,61,41724,买盘
202,09:43:01,6.85,0.01,6,4110,买盘
203,09:43:10,6.85,0.0,85,58225,买盘
204,09:43:13,6.85,0.0,38,26023,买盘
205,09:43:22,6.85,0.0,20,13700,卖盘
206,09:43:31,6.85,0.0,2,1370,卖盘
207,09:43:40,6.85,0.0,18,12330,卖盘
208,09:43:43,6.85,0.0,11,7535,卖盘
209,09:43:49,6.85,0.0,4,2740,卖盘
210,09:43:52,6.86,0.01,16,10967,买盘
211,09:43:58,6.85,-0.01,52,35620,卖盘
212,09:44:01,6.86,0.01,100,68600,买盘
213,09:44:04,6.86,0.0,20,13720,卖盘
214,09:44:07,6.85,-0.01,66,45229,卖盘
215,09:44:13,6.86,0.01,1,686,卖盘
216,09:44:22,6.86,0.0,2,1372,卖盘
217,09:44:25,6.86,0.0,4,2744,卖盘
218,09:44:28,6.86,0.0,8,5488,卖盘
219,09:44:40,6.85,-0.01,1,685,卖盘
220,09:44:46,6.85,0.0,4,2740,卖盘
221,09:44:55,6.85,0.0,21,14374,买盘
222,09:44:58,6.84,-0.01,20,13680,卖盘
223,09:45:01,6.84,0.0,29,19836,卖盘
224,09:45:04,6.81,-0.03,34,23160,卖盘
225,09:45:07,6.84,0.03,50,34200,买盘
226,09:45:13,6.82,-0.02,54,36868,卖盘
227,09:45:16,6.82,0.0,65,44330,卖盘
228,09:45:21,6.82,0.0,9,6138,卖盘
229,09:45:25,6.82,0.0,10,6820,卖盘
230,09:45:28,6.81,-0.01,18,12260,卖盘
231,09:45:31,6.83,0.02,17,11606,买盘
232,09:45:33,6.8,-0.03,303,206122,卖盘
233,09:45:40,6.79,-0.01,389,264313,卖盘
234,09:45:46,6.79,0.0,5,3395,买盘
235,09:45:52,6.78,-0.01,112,75936,卖盘
236,09:45:55,6.77,-0.01,213,144214,卖盘
237,09:45:58,6.77,0.0,54,36562,卖盘
238,09:46:04,6.77,0.0,95,64313,卖盘
239,09:46:07,6.77,0.0,11,7447,买盘
240,09:46:10,6.77,0.0,4,2708,买盘
241,09:46:13,6.77,0.0,54,36555,买盘
242,09:46:16,6.76,-0.01,91,61542,卖盘
243,09:46:19,6.77,0.01,60,40589,买盘
244,09:46:22,6.76,-0.01,185,125118,卖盘
245,09:46:25,6.76,0.0,38,25690,卖盘
246,09:46:28,6.76,0.0,10,6760,卖盘
247,09:46:31,6.76,0.0,98,66248,卖盘
248,09:46:34,6.76,0.0,23,15548,卖盘
249,09:46:37,6.77,0.01,71,47401,买盘
250,09:46:40,6.75,-0.02,170,114780,卖盘
251,09:46:42,6.75,0.0,5,3375,卖盘
252,09:46:46,6.76,0.01,18,12161,买盘
253,09:46:49,6.76,0.0,70,47320,买盘
254,09:46:52,6.75,-0.01,55,37132,卖盘
255,09:46:55,6.76,0.01,411,277619,买盘
256,09:46:58,6.75,-0.01,52,35100,卖盘
257,09:47:01,6.76,0.01,68,45966,买盘
258,09:47:04,6.76,0.0,38,25677,买盘
259,09:47:07,6.76,0.0,60,40560,卖盘
260,09:47:10,6.77,0.01,50,33850,买盘
261,09:47:13,6.76,-0.01,3,2028,卖盘
262,09:47:16,6.76,0.0,100,67600,卖盘
263,09:47:19,6.79,0.03,58,39382,买盘
264,09:47:22,6.77,-0.02,6,4065,卖盘
265,09:47:25,6.77,0.0,4,2712,卖盘
266,09:47:27,6.79,0.02,15,10185,买盘
267,09:47:37,6.77,-0.02,15,10155,卖盘
268,09:47:46,6.78,0.01,20,13560,买盘
269,09:47:49,6.78,0.0,41,27808,买盘
270,09:47:52,6.78,0.0,103,69834,卖盘
271,09:47:55,6.78,0.0,10,6780,卖盘
272,09:47:58,6.78,0.0,14,9492,卖盘
273,09:48:01,6.78,0.0,83,56871,卖盘
274,09:48:04,6.78,0.0,30,20340,卖盘
275,09:48:07,6.79,0.01,132,89528,买盘
276,09:48:13,6.78,-0.01,18,12204,卖盘
277,09:48:16,6.77,-0.01,56,37949,卖盘
278,09:48:22,6.79,0.02,58,39382,买盘
279,09:48:28,6.77,-0.02,103,69741,卖盘
280,09:48:31,6.78,0.01,2,1356,买盘
281,09:48:34,6.78,0.0,12,8136,买盘
282,09:48:37,6.77,-0.01,73,49441,卖盘
283,09:48:43,6.77,0.0,40,27080,卖盘
284,09:48:46,6.77,0.0,95,64400,卖盘
285,09:48:49,6.77,0.0,132,89364,卖盘
286,09:48:52,6.77,0.0,92,62284,卖盘
287,09:48:55,6.77,0.0,5,3385,卖盘
288,09:48:58,6.77,0.0,88,59576,卖盘
289,09:49:01,6.77,0.0,96,64954,卖盘
290,09:49:04,6.77,0.0,5,3385,买盘
291,09:49:07,6.77,0.0,40,27080,买盘
292,09:49:10,6.77,0.0,8,5416,买盘
293,09:49:13,6.77,0.0,2,1354,买盘
294,09:49:16,6.76,-0.01,41,27716,卖盘
295,09:49:19,6.77,0.01,58,39266,买盘
296,09:49:22,6.77,0.0,7,4739,买盘
297,09:49:25,6.77,0.0,1,677,买盘
298,09:49:34,6.76,-0.01,38,25693,卖盘
299,09:49:46,6.76,0.0,60,40560,卖盘
300,09:49:49,6.77,0.01,66,44682,买盘
301,09:49:52,6.76,-0.01,22,14887,卖盘
302,09:49:55,6.76,0.0,29,19604,卖盘
303,09:49:58,6.76,0.0,79,53404,卖盘
304,09:50:07,6.77,0.01,86,58216,买盘
305,09:50:10,6.76,-0.01,654,441509,卖盘
306,09:50:13,6.76,0.0,63,42588,买盘
307,09:50:16,6.77,0.01,20,14117,买盘
308,09:50:22,6.76,-0.01,37,24417,卖盘
309,09:50:25,6.76,0.0,22,15467,买盘
310,09:50:34,6.77,0.01,520,351058,买盘
311,09:50:37,6.76,-0.01,11,7436,卖盘
312,09:50:40,6.76,0.0,10,6760,买盘
313,09:50:46,6.76,0.0,25,16900,买盘
314,09:50:49,6.76,0.0,29,19604,买盘
315,09:50:52,6.76,0.0,115,77740,买盘
316,09:50:58,6.75,-0.01,32,21600,卖盘
317,09:51:01,6.77,0.02,38,25681,买盘
318,09:51:07,6.77,0.0,14,9478,买盘
319,09:51:10,6.76,-0.01,20,13538,卖盘
320,09:51:12,6.77,0.01,12,8124,买盘
321,09:51:16,6.76,-0.01,10,6760,卖盘
322,09:51:19,6.77,0.01,20,13540,买盘
323,09:51:22,6.76,-0.01,20,13522,卖盘
324,09:51:28,6.75,-0.01,432,291099,卖盘
325,09:51:31,6.75,0.0,23,15525,买盘
326,09:51:34,6.75,0.0,70,47250,买盘
327,09:51:37,6.75,0.0,186,125465,买盘
328,09:51:40,6.74,-0.01,1,674,卖盘
329,09:51:43,6.74,0.0,23,15502,卖盘
330,09:51:52,6.74,0.0,100,67485,卖盘
331,09:51:55,6.75,0.01,337,227738,买盘
332,09:52:01,6.75,0.0,85,57375,卖盘
333,09:52:07,6.75,0.0,35,23625,卖盘
334,09:52:10,6.75,0.0,41,27675,卖盘
335,09:52:12,6.78,0.03,20,13554,买盘
336,09:52:16,6.75,-0.03,150,101250,卖盘
337,09:52:22,6.75,0.0,4,2700,卖盘
338,09:52:28,6.75,0.0,62,41860,卖盘
339,09:52:34,6.75,0.0,198,133655,卖盘
340,09:52:37,6.75,0.0,13,8775,卖盘
341,09:52:40,6.75,0.0,7,4731,卖盘
342,09:52:42,6.76,0.01,3,2028,卖盘
343,09:52:49,6.77,0.01,34,23013,买盘
344,09:52:55,6.76,-0.01,126,85202,卖盘
345,09:52:58,6.76,0.0,18,12168,卖盘
346,09:53:01,6.77,0.01,11,7447,卖盘
347,09:53:04,6.77,0.0,10,6770,买盘
348,09:53:13,6.78,0.01,50,33853,买盘
349,09:53:16,6.77,-0.01,10,6770,中性盘
350,09:53:22,6.77,0.0,24,16258,卖盘
351,09:53:34,6.77,0.0,6,4062,卖盘
352,09:53:37,6.77,0.0,6,4062,卖盘
353,09:53:39,6.77,0.0,2,1354,卖盘
354,09:53:43,6.78,0.01,9,6102,买盘
355,09:53:46,6.78,0.0,12,8136,卖盘
356,09:53:52,6.78,0.0,10,6780,卖盘
357,09:53:55,6.79,0.01,100,67895,买盘
358,09:53:58,6.78,-0.01,7,4746,卖盘
359,09:54:01,6.79,0.01,115,78085,买盘
360,09:54:06,6.79,0.0,58,39382,卖盘
361,09:54:10,6.79,0.0,10,6790,买盘
362,09:54:13,6.79,0.0,1,679,买盘
363,09:54:16,6.79,0.0,10,6790,买盘
364,09:54:19,6.79,0.0,7,4753,买盘
365,09:54:31,6.79,0.0,103,69937,买盘
366,09:54:37,6.8,0.01,8,5440,买盘
367,09:54:55,6.8,0.0,50,34000,买盘
368,09:54:58,6.8,0.0,22,14960,买盘
369,09:55:01,6.8,0.0,20,13600,买盘
370,09:55:04,6.8,0.0,117,79560,买盘
371,09:55:06,6.8,0.0,17,11560,买盘
372,09:55:15,6.8,0.0,3,2040,卖盘
373,09:55:25,6.8,0.0,6,4080,卖盘
374,09:55:31,6.82,0.02,13,8866,买盘
375,09:55:39,6.82,0.0,5,3410,买盘
376,09:55:42,6.8,-0.02,40,27207,卖盘
377,09:55:55,6.82,0.02,100,68200,买盘
378,09:56:01,6.82,0.0,9,6138,买盘
379,09:56:10,6.8,-0.02,169,114962,卖盘
380,09:56:21,6.81,0.01,1,681,卖盘
381,09:56:24,6.8,-0.01,177,120369,卖盘
382,09:56:28,6.8,0.0,15,10220,卖盘
383,09:56:36,6.8,0.0,8,5440,卖盘
384,09:56:40,6.81,0.01,5,3405,买盘
385,09:56:42,6.81,0.0,13,8845,买盘
386,09:56:55,6.79,-0.02,2,1358,卖盘
387,09:56:58,6.8,0.01,11,7480,买盘
388,09:57:01,6.81,0.01,86,58557,买盘
389,09:57:04,6.81,0.0,17,11577,卖盘
390,09:57:07,6.81,0.0,32,21792,卖盘
391,09:57:13,6.81,0.0,1,681,卖盘
392,09:57:16,6.81,0.0,15,10215,卖盘
393,09:57:25,6.81,0.0,10,6810,卖盘
394,09:57:28,6.81,0.0,19,12939,卖盘
395,09:57:34,6.82,0.01,5,3410,买盘
396,09:57:43,6.81,-0.01,6,4086,卖盘
397,09:57:46,6.81,0.0,9,6129,卖盘
398,09:57:49,6.81,0.0,5,3405,卖盘
399,09:58:01,6.8,-0.01,30,20400,卖盘
400,09:58:04,6.81,0.01,45,30645,买盘
401,09:58:22,6.81,0.0,20,13620,卖盘
402,09:58:28,6.81,0.0,1,681,卖盘
403,09:58:31,6.81,0.0,27,18387,卖盘
404,09:58:55,6.8,-0.01,8,5440,卖盘
405,09:59:10,6.8,0.0,42,28560,卖盘
406,09:59:13,6.8,0.0,2,1360,卖盘
407,09:59:25,6.79,-0.01,22,14938,卖盘
408,09:59:31,6.8,0.01,11,7480,买盘
409,09:59:34,6.79,-0.01,34,23090,卖盘
410,09:59:39,6.79,0.0,10,6790,买盘
411,09:59:46,6.79,0.0,31,21049,买盘
412,09:59:52,6.79,0.0,26,17654,卖盘
413,10:00:07,6.8,0.01,19,12920,买盘
414,10:00:10,6.8,0.0,25,17000,卖盘
415,10:00:28,6.8,0.0,22,14954,买盘
416,10:00:34,6.8,0.0,6,4075,买盘
417,10:00:40,6.79,-0.01,3,2037,卖盘
418,10:00:58,6.79,0.0,20,13580,卖盘
419,10:01:04,6.79,0.0,9,6111,卖盘
420,10:01:07,6.79,0.0,62,42098,卖盘
421,10:01:10,6.79,0.0,11,7469,卖盘
422,10:01:16,6.79,0.0,9,6111,卖盘
423,10:01:25,6.79,0.0,69,46851,卖盘
424,10:01:28,6.79,0.0,31,21049,卖盘
425,10:01:37,6.8,0.01,41,27880,买盘
426,10:01:40,6.8,0.0,12,8160,卖盘
427,10:01:49,6.8,0.0,50,34000,卖盘
428,10:01:55,6.8,0.0,40,27200,卖盘
429,10:02:01,6.8,0.0,21,14260,买盘
430,10:02:10,6.79,-0.01,12,8148,卖盘
431,10:02:16,6.79,0.0,20,13580,卖盘
432,10:02:27,6.79,0.0,48,32592,卖盘
433,10:02:34,6.79,0.0,5,3395,卖盘
434,10:02:46,6.8,0.01,63,42807,买盘
435,10:02:49,6.79,-0.01,86,58394,卖盘
436,10:03:07,6.79,0.0,49,33271,卖盘
437,10:03:13,6.79,0.0,49,33271,卖盘
438,10:03:19,6.8,0.01,104,70720,买盘
439,10:03:25,6.8,0.0,41,27880,卖盘
440,10:03:28,6.8,0.0,13,8840,卖盘
441,10:03:37,6.8,0.0,10,6800,买盘
442,10:03:40,6.79,-0.01,20,13580,卖盘
443,10:03:45,6.8,0.01,84,57120,买盘
444,10:03:55,6.78,-0.02,602,408350,卖盘
445,10:04:10,6.8,0.02,100,68000,买盘
446,10:04:13,6.79,-0.01,11,7469,卖盘
447,10:04:25,6.79,0.0,43,29197,买盘
448,10:04:28,6.8,0.01,5,3400,买盘
449,10:04:31,6.79,-0.01,1,679,卖盘
450,10:04:34,6.8,0.01,1,680,买盘
451,10:04:37,6.79,-0.01,18,12222,卖盘
452,10:04:40,6.79,0.0,67,45493,卖盘
453,10:04:42,6.79,0.0,34,23086,卖盘
454,10:04:46,6.79,0.0,18,12222,买盘
455,10:04:52,6.78,-0.01,38,25764,卖盘
456,10:04:55,6.79,0.01,4,2716,买盘
457,10:04:58,6.79,0.0,2,1358,买盘
458,10:05:04,6.78,-0.01,12,8136,卖盘
459,10:05:09,6.78,0.0,22,14916,卖盘
460,10:05:13,6.78,0.0,10,6780,卖盘
461,10:05:16,6.78,0.0,10,6780,卖盘
462,10:05:28,6.78,0.0,14,9492,卖盘
463,10:05:31,6.78,0.0,14,9492,卖盘
464,10:05:40,6.78,0.0,1,678,卖盘
465,10:05:43,6.78,0.0,24,16278,卖盘
466,10:05:46,6.77,-0.01,59,39961,卖盘
467,10:05:52,6.76,-0.01,200,135200,卖盘
468,10:05:58,6.78,0.02,1,678,买盘
469,10:06:01,6.78,0.0,20,13560,买盘
470,10:06:16,6.78,0.0,19,12882,卖盘
471,10:06:22,6.78,0.0,17,11526,卖盘
472,10:06:31,6.78,0.0,26,17631,卖盘
473,10:06:34,6.78,0.0,19,12882,卖盘
474,10:06:40,6.78,0.0,30,20340,卖盘
475,10:06:43,6.78,0.0,18,12204,卖盘
476,10:06:49,6.78,0.0,8,5424,卖盘
477,10:06:52,6.78,0.0,12,8136,卖盘
478,10:06:58,6.77,-0.01,2,1354,卖盘
479,10:07:10,6.77,0.0,8,5416,卖盘
480,10:07:15,6.76,-0.01,4,2704,卖盘
481,10:07:18,6.76,0.0,4,2704,卖盘
482,10:07:37,6.76,0.0,32,21632,卖盘
483,10:07:40,6.76,0.0,4,2704,卖盘
484,10:07:42,6.76,0.0,25,16900,卖盘
485,10:07:45,6.76,0.0,6,4056,卖盘
486,10:07:51,6.75,-0.01,500,337690,卖盘
487,10:07:55,6.76,0.01,5,3380,中性盘
488,10:07:58,6.76,0.0,6,4056,买盘
489,10:08:01,6.76,0.0,4,2704,卖盘
490,10:08:04,6.76,0.0,37,25012,卖盘
491,10:08:07,6.77,0.01,50,33850,买盘
492,10:08:15,6.77,0.0,71,48055,买盘
493,10:08:22,6.76,-0.01,4,2704,卖盘
494,10:08:33,6.77,0.01,10,6770,买盘
495,10:08:46,6.76,-0.01,45,30420,卖盘
496,10:08:52,6.77,0.01,33,22341,买盘
497,10:09:01,6.76,-0.01,14,9464,卖盘
498,10:09:04,6.76,0.0,6,4056,卖盘
499,10:09:34,6.76,0.0,50,33800,卖盘
500,10:09:40,6.76,0.0,205,138580,卖盘
501,10:09:43,6.76,0.0,13,8788,买盘
502,10:09:48,6.75,-0.01,145,97878,卖盘
503,10:09:52,6.75,0.0,25,16875,卖盘
504,10:10:04,6.75,0.0,10,6750,卖盘
505,10:10:07,6.76,0.01,17,11492,买盘
506,10:10:10,6.75,-0.01,10,6750,卖盘
507,10:10:13,6.75,0.0,4,2700,卖盘
508,10:10:19,6.75,0.0,37,24975,卖盘
509,10:10:25,6.75,0.0,6,4050,卖盘
510,10:10:27,6.76,0.01,18,12168,买盘
511,10:10:31,6.75,-0.01,14,9450,卖盘
512,10:10:34,6.75,0.0,6,4050,买盘
513,10:10:36,6.77,0.02,271,183240,买盘
514,10:10:40,6.77,0.0,147,99519,买盘
515,10:10:51,6.78,0.01,10,6780,买盘
516,10:11:07,6.78,0.0,2,1356,买盘
517,10:11:09,6.79,0.01,1,679,买盘
518,10:11:19,6.79,0.0,1,679,买盘
519,10:11:22,6.79,0.0,9,6111,买盘
520,10:11:30,6.79,0.0,1,679,买盘
521,10:11:40,6.78,-0.01,8,5424,卖盘
522,10:11:49,6.78,0.0,24,16272,买盘
523,10:11:51,6.78,0.0,5,3390,买盘
524,10:12:04,6.78,0.0,30,20340,卖盘
525,10:12:10,6.78,0.0,85,57630,买盘
526,10:12:16,6.78,0.0,3,2034,卖盘
527,10:12:24,6.78,0.0,23,15595,卖盘
528,10:12:34,6.79,0.01,33,22379,买盘
529,10:12:37,6.79,0.0,1,679,买盘
530,10:12:52,6.77,-0.02,5,3385,卖盘
531,10:12:58,6.77,0.0,1,677,买盘
532,10:13:01,6.77,0.0,22,14894,买盘
533,10:13:06,6.78,0.01,8,5424,卖盘
534,10:13:10,6.79,0.01,122,82838,买盘
535,10:13:28,6.79,0.0,2,1358,买盘
536,10:13:30,6.79,0.0,1,679,买盘
537,10:13:33,6.79,0.0,62,42098,买盘
538,10:13:43,6.79,0.0,45,30556,卖盘
539,10:14:04,6.79,0.0,1,679,买盘
540,10:14:10,6.79,0.0,28,19012,买盘
541,10:14:13,6.78,-0.01,20,13571,卖盘
542,10:14:15,6.8,0.02,101,68391,买盘
543,10:14:25,6.78,-0.02,5,3390,卖盘
544,10:14:28,6.8,0.02,11,7480,买盘
545,10:14:33,6.78,-0.02,21,14242,卖盘
546,10:14:37,6.8,0.02,1,680,买盘
547,10:14:49,6.8,0.0,1,680,买盘
548,10:14:55,6.8,0.0,198,134640,买盘
549,10:15:07,6.8,0.0,10,6800,买盘
550,10:15:10,6.8,0.0,2,1360,买盘
551,10:15:22,6.8,0.0,1,680,买盘
552,10:15:25,6.78,-0.02,20,13565,卖盘
553,10:15:28,6.8,0.02,8,5440,买盘
554,10:15:43,6.8,0.0,1,680,买盘
555,10:15:55,6.8,0.0,1,680,买盘
556,10:15:58,6.8,0.0,15,10200,买盘
557,10:16:13,6.8,0.0,65,44200,卖盘
558,10:16:16,6.8,0.0,51,34630,买盘
559,10:16:28,6.8,0.0,1,680,买盘
560,10:16:34,6.79,-0.01,200,135800,卖盘
561,10:16:49,6.79,0.0,1,679,买盘
562,10:16:52,6.79,0.0,8,5432,买盘
563,10:16:58,6.79,0.0,10,6790,买盘
564,10:17:01,6.79,0.0,11,7469,买盘
565,10:17:13,6.79,0.0,1,679,买盘
566,10:17:31,6.79,0.0,3,2037,买盘
567,10:17:34,6.79,0.0,19,12883,买盘
568,10:17:37,6.78,-0.01,300,203400,卖盘
569,10:17:46,6.79,0.01,1,679,买盘
570,10:17:58,6.78,-0.01,300,203400,卖盘
571,10:18:01,6.78,0.0,27,18306,卖盘
572,10:18:04,6.78,0.0,41,27798,卖盘
573,10:18:07,6.78,0.0,1,678,买盘
574,10:18:10,6.78,0.0,30,20340,买盘
575,10:18:16,6.78,0.0,7,4746,买盘
576,10:18:19,6.78,0.0,1,678,买盘
577,10:18:31,6.78,0.0,1,678,买盘
578,10:18:40,6.78,0.0,1,678,买盘
579,10:18:45,6.77,-0.01,207,140139,卖盘
580,10:18:51,6.77,0.0,1,677,买盘
581,10:19:04,6.77,0.0,104,70408,买盘
582,10:19:07,6.77,0.0,10,6770,卖盘
583,10:19:13,6.78,0.01,32,21665,买盘
584,10:19:25,6.77,-0.01,16,10833,卖盘
585,10:19:28,6.78,0.01,5,3390,买盘
586,10:19:36,6.77,-0.01,2,1354,卖盘
587,10:19:46,6.78,0.01,1,678,买盘
588,10:19:48,6.78,0.0,10,6780,买盘
589,10:19:58,6.78,0.0,1,678,买盘
590,10:20:04,6.77,-0.01,10,6778,卖盘
591,10:20:18,6.78,0.01,1,678,买盘
592,10:20:22,6.77,-0.01,50,33850,卖盘
593,10:20:40,6.77,0.0,6,4062,卖盘
594,10:21:01,6.78,0.01,4,2712,买盘
595,10:21:06,6.77,-0.01,7,4739,卖盘
596,10:21:15,6.78,0.01,84,56952,买盘
597,10:21:19,6.77,-0.01,55,37235,卖盘
598,10:21:22,6.77,0.0,95,64315,卖盘
599,10:21:36,6.77,0.0,5,3385,卖盘
600,10:21:40,6.77,0.0,82,55514,卖盘
601,10:21:46,6.78,0.01,10,6780,买盘
602,10:22:22,6.78,0.0,5,3390,买盘
603,10:22:37,6.77,-0.01,20,13540,卖盘
604,10:22:49,6.77,0.0,44,29788,卖盘
605,10:23:01,6.77,0.0,3,2031,卖盘
606,10:23:18,6.77,0.0,34,23020,卖盘
607,10:23:22,6.77,0.0,34,23018,买盘
608,10:23:43,6.79,0.02,259,175751,买盘
609,10:24:00,6.79,0.0,48,32592,卖盘
610,10:24:10,6.77,-0.02,4,2708,卖盘
611,10:24:37,6.77,0.0,5,3385,卖盘
612,10:24:46,6.77,0.0,65,44005,卖盘
613,10:24:55,6.78,0.01,1,678,买盘
614,10:24:58,6.74,-0.04,1269,857362,卖盘
615,10:25:16,6.74,0.0,451,303974,卖盘
616,10:25:27,6.73,-0.01,367,247001,卖盘
617,10:25:31,6.73,0.0,89,59897,卖盘
618,10:25:34,6.73,0.0,155,104315,卖盘
619,10:25:36,6.73,0.0,84,56532,卖盘
620,10:25:39,6.72,-0.01,1,672,卖盘
621,10:25:43,6.72,0.0,420,282240,卖盘
622,10:25:45,6.73,0.01,10,6730,买盘
623,10:25:48,6.72,-0.01,107,71904,卖盘
624,10:25:55,6.72,0.0,79,53088,卖盘
625,10:25:58,6.72,0.0,23,15456,卖盘
626,10:26:00,6.72,0.0,89,59808,卖盘
627,10:26:04,6.72,0.0,449,301728,卖盘
628,10:26:07,6.72,0.0,61,40992,卖盘
629,10:26:10,6.72,0.0,11,7397,卖盘
630,10:26:13,6.72,0.0,31,20855,卖盘
631,10:26:16,6.72,0.0,89,59833,卖盘
632,10:26:19,6.72,0.0,11,7392,卖盘
633,10:26:22,6.72,0.0,62,41664,买盘
634,10:26:28,6.72,0.0,41,27532,买盘
635,10:26:31,6.72,0.0,21,14112,买盘
636,10:26:34,6.72,0.0,3,2016,买盘
637,10:26:43,6.73,0.01,192,129209,买盘
638,10:26:46,6.72,-0.01,7,4704,卖盘
639,10:26:49,6.73,0.01,148,99603,买盘
640,10:26:55,6.73,0.0,2,1346,卖盘
641,10:26:57,6.73,0.0,12,8076,卖盘
642,10:27:01,6.74,0.01,1,674,买盘
643,10:27:10,6.75,0.01,6,4050,买盘
644,10:27:13,6.74,-0.01,100,67400,卖盘
645,10:27:21,6.74,0.0,15,10110,卖盘
646,10:27:25,6.74,0.0,1,674,买盘
647,10:27:28,6.75,0.01,93,62526,买盘
648,10:27:30,6.75,0.0,32,21600,卖盘
649,10:27:55,6.71,-0.04,900,604622,卖盘
650,10:28:01,6.75,0.04,3,2025,卖盘
651,10:28:13,6.75,0.0,13,8775,买盘
652,10:28:25,6.75,0.0,28,18900,买盘
653,10:28:28,6.73,-0.02,29,19502,中性盘
654,10:29:04,6.75,0.02,56,37800,买盘
655,10:29:10,6.75,0.0,1,675,卖盘
656,10:29:16,6.75,0.0,42,28350,卖盘
657,10:29:28,6.76,0.01,85,57460,买盘
658,10:29:37,6.76,0.0,200,135200,卖盘
659,10:29:46,6.76,0.0,12,8119,卖盘
660,10:29:55,6.77,0.01,60,40580,买盘
661,10:30:04,6.77,0.0,25,16925,买盘
662,10:30:10,6.77,0.0,19,12863,买盘
663,10:30:16,6.77,0.0,8,5416,卖盘
664,10:30:25,6.77,0.0,25,16925,卖盘
665,10:30:28,6.77,0.0,1,677,卖盘
666,10:30:31,6.76,-0.01,19,12844,卖盘
667,10:30:43,6.77,0.01,53,35878,买盘
668,10:30:46,6.76,-0.01,26,17576,卖盘
669,10:30:49,6.76,0.0,20,13520,卖盘
670,10:31:00,6.76,0.0,22,14872,卖盘
671,10:31:09,6.77,0.01,1,677,买盘
672,10:31:18,6.76,-0.01,107,72332,卖盘
673,10:31:25,6.77,0.01,49,33173,买盘
674,10:31:28,6.77,0.0,33,22341,买盘
675,10:31:42,6.77,0.0,51,34527,卖盘
676,10:32:00,6.76,-0.01,291,196716,卖盘
677,10:32:16,6.75,-0.01,20,13500,卖盘
678,10:32:31,6.75,0.0,122,82350,卖盘
679,10:32:33,6.76,0.01,10,6760,买盘
680,10:32:40,6.75,-0.01,213,143775,卖盘
681,10:32:43,6.76,0.01,89,60164,买盘
682,10:32:46,6.75,-0.01,8,5400,卖盘
683,10:32:49,6.75,0.0,189,127575,卖盘
684,10:33:07,6.75,0.0,5,3375,买盘
685,10:33:13,6.75,0.0,18,12150,买盘
686,10:33:28,6.74,-0.01,28,18872,卖盘
687,10:33:31,6.74,0.0,1,674,卖盘
688,10:33:43,6.75,0.01,9,6075,买盘
689,10:33:58,6.75,0.0,16,10785,买盘
690,10:34:01,6.74,-0.01,31,20894,卖盘
691,10:34:06,6.75,0.01,43,29025,买盘
692,10:34:10,6.74,-0.01,40,26971,卖盘
693,10:34:27,6.74,0.0,52,35048,卖盘
694,10:34:31,6.74,0.0,10,6740,买盘
695,10:34:40,6.74,0.0,23,15502,买盘
696,10:34:46,6.74,0.0,8,5392,买盘
697,10:34:55,6.74,0.0,62,41788,卖盘
698,10:35:04,6.74,0.0,99,66628,买盘
699,10:35:12,6.74,0.0,12,8088,买盘
700,10:35:22,6.73,-0.01,5,3365,卖盘
701,10:35:25,6.74,0.01,10,6740,买盘
702,10:35:31,6.73,-0.01,50,33650,卖盘
703,10:35:34,6.74,0.01,1,674,买盘
704,10:35:49,6.73,-0.01,69,46437,卖盘
705,10:36:01,6.73,0.0,7,4711,买盘
706,10:36:07,6.73,0.0,4,2692,买盘
707,10:36:12,6.73,0.0,20,13460,买盘
708,10:36:19,6.72,-0.01,23,15456,卖盘
709,10:36:22,6.73,0.01,9,6057,买盘
710,10:36:31,6.72,-0.01,2,1344,卖盘
711,10:36:37,6.73,0.01,2,1346,买盘
712,10:36:43,6.72,-0.01,43,28896,卖盘
713,10:36:48,6.72,0.0,4,2688,卖盘
714,10:36:52,6.72,0.0,13,8736,卖盘
715,10:37:01,6.73,0.01,15,10095,买盘
716,10:37:04,6.72,-0.01,60,40320,卖盘
717,10:37:06,6.72,0.0,2,1344,卖盘
718,10:37:13,6.73,0.01,50,33650,买盘
719,10:37:16,6.73,0.0,1,673,买盘
720,10:37:19,6.73,0.0,12,8076,买盘
721,10:37:40,6.74,0.01,10,6740,买盘
722,10:37:43,6.73,-0.01,19,12787,卖盘
723,10:37:52,6.73,0.0,164,110372,买盘
724,10:37:55,6.75,0.02,300,202157,买盘
725,10:37:58,6.72,-0.03,143,96099,卖盘
726,10:38:01,6.72,0.0,50,33620,卖盘
727,10:38:10,6.73,0.01,60,40400,卖盘
728,10:38:21,6.73,0.0,20,13460,卖盘
729,10:38:25,6.74,0.01,2,1348,买盘
730,10:38:30,6.74,0.0,4,2696,卖盘
731,10:38:46,6.75,0.01,10,6750,买盘
732,10:38:51,6.75,0.0,7,4725,买盘
733,10:39:13,6.75,0.0,5,3375,买盘
734,10:39:18,6.75,0.0,39,26325,买盘
735,10:39:31,6.75,0.0,3,2025,买盘
736,10:39:33,6.75,0.0,50,33750,买盘
737,10:39:45,6.74,-0.01,32,21568,卖盘
738,10:39:54,6.74,0.0,9,6066,买盘
739,10:40:04,6.74,0.0,9,6066,买盘
740,10:40:12,6.74,0.0,24,16176,卖盘
741,10:40:24,6.75,0.01,594,400928,买盘
742,10:40:37,6.76,0.01,3,2028,买盘
743,10:40:43,6.76,0.0,2,1352,买盘
744,10:40:46,6.75,-0.01,6,4050,卖盘
745,10:40:58,6.75,0.0,11,7425,买盘
746,10:41:09,6.76,0.01,18,12168,买盘
747,10:41:28,6.76,0.0,10,6760,卖盘
748,10:41:34,6.76,0.0,1,676,卖盘
749,10:41:40,6.77,0.01,25,16910,买盘
750,10:41:52,6.77,0.0,8,5416,卖盘
751,10:41:55,6.77,0.0,15,10155,卖盘
752,10:42:12,6.78,0.01,5,3390,买盘
753,10:42:16,6.77,-0.01,20,13540,卖盘
754,10:42:21,6.77,0.0,23,15571,卖盘
755,10:42:25,6.77,0.0,7,4739,买盘
756,10:42:37,6.76,-0.01,99,66924,卖盘
757,10:42:39,6.76,0.0,47,31772,卖盘
758,10:42:52,6.76,0.0,1,676,买盘
759,10:42:58,6.75,-0.01,101,68175,卖盘
760,10:43:00,6.75,0.0,31,20925,买盘
761,10:43:28,6.77,0.02,131,88653,买盘
762,10:43:36,6.77,0.0,50,33850,卖盘
763,10:44:10,6.78,0.01,10,6780,买盘
764,10:44:21,6.78,0.0,10,6780,买盘
765,10:44:36,6.77,-0.01,10,6770,卖盘
766,10:44:55,6.77,0.0,5,3385,卖盘
767,10:45:00,6.77,0.0,50,33850,卖盘
768,10:45:13,6.77,0.0,7,4739,卖盘
769,10:45:19,6.77,0.0,3,2031,卖盘
770,10:45:55,6.77,0.0,24,16247,买盘
771,10:45:58,6.77,0.0,290,196330,卖盘
772,10:46:00,6.77,0.0,8,5416,卖盘
773,10:46:07,6.77,0.0,70,47390,卖盘
774,10:46:09,6.77,0.0,20,13540,卖盘
775,10:46:13,6.77,0.0,7,4739,卖盘
776,10:46:22,6.77,0.0,3,2031,卖盘
777,10:46:46,6.74,-0.03,11,7414,卖盘
778,10:47:01,6.77,0.03,1,677,买盘
779,10:47:37,6.77,0.0,50,33849,买盘
780,10:47:49,6.74,-0.03,9,6081,卖盘
781,10:47:55,6.74,0.0,4,2696,卖盘
782,10:47:58,6.74,0.0,32,21584,卖盘
783,10:48:45,6.76,0.02,1,676,买盘
784,10:49:19,6.76,0.0,10,6760,买盘
785,10:49:40,6.75,-0.01,2,1350,买盘
786,10:49:51,6.74,-0.01,3,2022,卖盘
787,10:49:55,6.74,0.0,3,2022,卖盘
788,10:50:07,6.74,0.0,66,44484,卖盘
789,10:50:13,6.74,0.0,4,2696,卖盘
790,10:50:16,6.74,0.0,4,2696,卖盘
791,10:50:25,6.74,0.0,62,41788,卖盘
792,10:50:31,6.74,0.0,15,10111,卖盘
793,10:50:33,6.74,0.0,30,20220,卖盘
794,10:50:37,6.74,0.0,4,2696,卖盘
795,10:50:55,6.74,0.0,100,67400,卖盘
796,10:51:04,6.74,0.0,18,12132,卖盘
797,10:52:01,6.75,0.01,12,8100,买盘
798,10:52:12,6.74,-0.01,52,35048,卖盘
799,10:52:40,6.74,0.0,3,2022,卖盘
800,10:52:52,6.74,0.0,90,60660,卖盘
801,10:53:04,6.75,0.01,10,6750,买盘
802,10:53:07,6.74,-0.01,35,23590,卖盘
803,10:53:10,6.75,0.01,15,10124,买盘
804,10:53:42,6.74,-0.01,32,21568,卖盘
805,10:53:55,6.74,0.0,22,14828,卖盘
806,10:54:28,6.74,0.0,7,4718,买盘
807,10:54:33,6.74,0.0,201,135474,买盘
808,10:54:49,6.75,0.01,15,10125,买盘
809,10:55:04,6.75,0.0,10,6750,买盘
810,10:55:28,6.75,0.0,11,7425,买盘
811,10:55:43,6.74,-0.01,29,19566,卖盘
812,10:55:54,6.75,0.01,39,26325,买盘
813,10:56:09,6.75,0.0,11,7425,买盘
814,10:56:13,6.75,0.0,21,14175,买盘
815,10:56:24,6.74,-0.01,100,67400,卖盘
816,10:56:46,6.74,0.0,6,4044,卖盘
817,10:56:55,6.74,0.0,25,16850,卖盘
818,10:57:00,6.74,0.0,4,2696,卖盘
819,10:57:16,6.74,0.0,2,1348,卖盘
820,10:57:28,6.75,0.01,4,2700,买盘
821,10:57:31,6.74,-0.01,100,67400,卖盘
822,10:57:55,6.74,0.0,33,22242,卖盘
823,10:58:18,6.74,0.0,11,7414,卖盘
824,10:58:34,6.74,0.0,16,10784,卖盘
825,10:59:16,6.74,0.0,3,2022,卖盘
826,10:59:24,6.75,0.01,40,26995,买盘
827,10:59:34,6.74,-0.01,11,7414,卖盘
828,10:59:37,6.74,0.0,6,4044,卖盘
829,10:59:40,6.75,0.01,2,1350,买盘
830,11:00:22,6.75,0.0,219,147825,买盘
831,11:00:28,6.74,-0.01,326,219850,卖盘
832,11:00:52,6.74,0.0,58,39092,卖盘
833,11:01:07,6.75,0.01,100,67500,买盘
834,11:01:18,6.75,0.0,30,20250,买盘
835,11:01:43,6.75,0.0,12,8100,买盘
836,11:01:46,6.75,0.0,10,6750,买盘
837,11:01:55,6.75,0.0,5,3375,买盘
838,11:02:21,6.74,-0.01,4,2696,卖盘
839,11:02:54,6.75,0.01,70,47250,买盘
840,11:03:18,6.75,0.0,8,5400,买盘
841,11:03:37,6.75,0.0,42,28350,买盘
842,11:03:39,6.74,-0.01,35,23590,卖盘
843,11:03:43,6.76,0.02,707,477846,买盘
844,11:04:01,6.74,-0.02,220,148335,卖盘
845,11:04:04,6.77,0.03,142,96114,买盘
846,11:04:37,6.77,0.0,15,10155,卖盘
847,11:04:40,6.77,0.0,2,1354,买盘
848,11:04:49,6.77,0.0,5,3385,买盘
849,11:05:07,6.77,0.0,8,5416,买盘
850,11:05:43,6.76,-0.01,15,10140,卖盘
851,11:05:54,6.77,0.01,20,13540,买盘
852,11:05:57,6.76,-0.01,3,2028,卖盘
853,11:06:55,6.76,0.0,7,4732,卖盘
854,11:07:10,6.76,0.0,11,7436,卖盘
855,11:07:15,6.77,0.01,54,36554,买盘
856,11:07:18,6.77,0.0,20,13540,买盘
857,11:07:39,6.77,0.0,2,1354,买盘
858,11:07:46,6.76,-0.01,30,20280,卖盘
859,11:08:16,6.77,0.01,3,2031,买盘
860,11:08:25,6.77,0.0,5,3385,买盘
861,11:08:27,6.77,0.0,55,37235,买盘
862,11:08:31,6.77,0.0,12,8124,买盘
863,11:08:48,6.76,-0.01,14,9474,卖盘
864,11:08:54,6.77,0.01,2,1354,买盘
865,11:09:06,6.77,0.0,119,80563,买盘
866,11:09:09,6.77,0.0,3,2031,卖盘
867,11:09:43,6.77,0.0,10,6770,卖盘
868,11:09:46,6.78,0.01,22,14916,买盘
869,11:10:28,6.77,-0.01,5,3385,卖盘
870,11:10:39,6.77,0.0,1,677,卖盘
871,11:11:04,6.77,0.0,4,2708,卖盘
872,11:11:18,6.77,0.0,5,3385,卖盘
873,11:11:28,6.78,0.01,24,16272,买盘
874,11:11:40,6.77,-0.01,10,6770,卖盘
875,11:11:57,6.78,0.01,33,22374,买盘
876,11:12:27,6.78,0.0,200,135600,买盘
877,11:12:52,6.78,0.0,50,33900,买盘
878,11:12:55,6.77,-0.01,30,20310,卖盘
879,11:13:03,6.77,0.0,50,33850,卖盘
880,11:14:04,6.78,0.01,22,14912,买盘
881,11:14:13,6.77,-0.01,47,31819,卖盘
882,11:14:19,6.77,0.0,10,6770,买盘
883,11:14:28,6.76,-0.01,7,4732,卖盘
884,11:14:40,6.76,0.0,9,6084,卖盘
885,11:14:46,6.77,0.01,43,29111,买盘
886,11:15:01,6.78,0.01,116,78648,买盘
887,11:15:07,6.78,0.0,1,678,买盘
888,11:15:10,6.78,0.0,4,2712,买盘
889,11:15:19,6.81,0.03,500,339950,买盘
890,11:15:21,6.81,0.0,369,251289,买盘
891,11:15:25,6.81,0.0,7,4767,卖盘
892,11:15:43,6.82,0.01,39,26598,买盘
893,11:15:46,6.82,0.0,2,1364,买盘
894,11:15:52,6.82,0.0,6,4092,买盘
895,11:16:01,6.82,0.0,82,55924,买盘
896,11:16:04,6.82,0.0,62,42284,买盘
897,11:16:19,6.82,0.0,50,34100,卖盘
898,11:16:25,6.83,0.01,21,14343,买盘
899,11:16:31,6.83,0.0,5,3415,买盘
900,11:16:45,6.83,0.0,3,2049,买盘
901,11:16:55,6.83,0.0,10,6830,买盘
902,11:17:04,6.82,-0.01,75,51200,卖盘
903,11:17:07,6.82,0.0,3,2046,卖盘
904,11:17:25,6.79,-0.03,68,46193,卖盘
905,11:17:28,6.8,0.01,11,7480,中性盘
906,11:17:37,6.8,0.0,1,680,买盘
907,11:18:10,6.8,0.0,10,6800,买盘
908,11:18:16,6.8,0.0,5,3400,卖盘
909,11:18:22,6.8,0.0,7,4760,买盘
910,11:18:25,6.8,0.0,13,8840,买盘
911,11:18:27,6.8,0.0,8,5440,买盘
912,11:18:57,6.79,-0.01,1,679,卖盘
913,11:19:07,6.79,0.0,4,2716,卖盘
914,11:19:16,6.8,0.01,10,6800,买盘
915,11:19:28,6.8,0.0,10,6798,买盘
916,11:19:31,6.8,0.0,55,37400,买盘
917,11:19:40,6.8,0.0,45,30600,买盘
918,11:20:46,6.82,0.02,38,25891,买盘
919,11:20:55,6.82,0.0,3,2046,买盘
920,11:21:04,6.82,0.0,6,4092,卖盘
921,11:21:10,6.83,0.01,3,2049,买盘
922,11:21:22,6.82,-0.01,42,28644,卖盘
923,11:21:25,6.82,0.0,1,682,买盘
924,11:21:39,6.82,0.0,5,3410,买盘
925,11:21:51,6.81,-0.01,20,13620,卖盘
926,11:21:55,6.82,0.01,3,2046,买盘
927,11:22:00,6.82,0.0,9,6138,买盘
928,11:22:04,6.82,0.0,1,682,卖盘
929,11:22:13,6.82,0.0,2,1364,卖盘
930,11:22:22,6.82,0.0,1,682,卖盘
931,11:22:31,6.82,0.0,17,11594,卖盘
932,11:22:37,6.81,-0.01,2,1362,卖盘
933,11:23:19,6.81,0.0,20,13620,卖盘
934,11:24:00,6.81,0.0,19,12939,卖盘
935,11:24:37,6.81,0.0,5,3405,卖盘
936,11:24:39,6.82,0.01,74,50465,买盘
937,11:24:45,6.81,-0.01,11,7491,中性盘
938,11:25:30,6.81,0.0,3,2043,卖盘
939,11:25:37,6.82,0.01,20,13640,买盘
940,11:26:06,6.82,0.0,33,22506,买盘
941,11:26:09,6.82,0.0,1,682,买盘
942,11:26:16,6.82,0.0,26,17732,买盘
943,11:26:33,6.82,0.0,1,682,卖盘
944,11:26:40,6.82,0.0,1,682,卖盘
945,11:26:46,6.83,0.01,1,683,买盘
946,11:26:49,6.82,-0.01,45,30690,卖盘
947,11:26:58,6.82,0.0,13,8866,买盘
948,11:27:01,6.83,0.01,15,10238,买盘
949,11:27:10,6.82,-0.01,60,40920,卖盘
950,11:27:25,6.81,-0.01,31,21135,卖盘
951,11:27:28,6.82,0.01,22,15004,中性盘
952,11:28:34,6.81,-0.01,30,20430,卖盘
953,11:28:40,6.82,0.01,103,70246,买盘
954,11:28:43,6.82,0.0,14,9548,卖盘
955,11:29:21,6.82,0.0,4,2728,卖盘
956,11:29:34,6.82,0.0,84,57288,卖盘
957,11:29:40,6.82,0.0,20,13640,卖盘
958,11:29:46,6.82,0.0,6,4092,卖盘
959,11:30:01,6.82,0.0,17,11594,卖盘
960,13:00:05,6.82,0.0,97,66154,卖盘
961,13:00:07,6.82,0.0,21,14323,买盘
962,13:00:13,6.82,0.0,7,4774,卖盘
963,13:00:28,6.82,0.0,28,19096,卖盘
964,13:01:12,6.82,0.0,2,1364,买盘
965,13:01:15,6.82,0.0,14,9548,买盘
966,13:01:27,6.82,0.0,27,18402,买盘
967,13:01:33,6.82,0.0,3,2046,买盘
968,13:01:45,6.82,0.0,15,10230,买盘
969,13:02:04,6.82,0.0,19,12958,卖盘
970,13:02:21,6.81,-0.01,1,681,卖盘
971,13:02:30,6.81,0.0,55,37455,卖盘
972,13:02:40,6.81,0.0,144,98064,卖盘
973,13:02:42,6.81,0.0,1,681,买盘
974,13:02:57,6.8,-0.01,4,2720,卖盘
975,13:03:15,6.8,0.0,49,33320,卖盘
976,13:03:31,6.8,0.0,37,25160,卖盘
977,13:04:04,6.79,-0.01,10,6790,卖盘
978,13:04:42,6.79,0.0,5,3395,卖盘
979,13:05:00,6.79,0.0,32,21728,卖盘
980,13:05:07,6.79,0.0,30,20370,卖盘
981,13:05:15,6.81,0.02,164,111578,买盘
982,13:05:21,6.79,-0.02,5,3395,卖盘
983,13:05:31,6.81,0.02,30,20430,买盘
984,13:05:34,6.81,0.0,16,10896,买盘
985,13:05:37,6.8,-0.01,3,2040,卖盘
986,13:05:49,6.81,0.01,23,15663,买盘
987,13:06:00,6.81,0.0,10,6810,买盘
988,13:06:09,6.81,0.0,1,681,买盘
989,13:06:18,6.81,0.0,22,14982,买盘
990,13:06:55,6.81,0.0,73,49709,买盘
991,13:07:31,6.81,0.0,52,35412,卖盘
992,13:08:18,6.8,-0.01,19,12920,卖盘
993,13:08:51,6.81,0.01,30,20430,买盘
994,13:09:04,6.81,0.0,17,11577,买盘
995,13:09:13,6.81,0.0,2,1362,买盘
996,13:09:27,6.81,0.0,20,13620,卖盘
997,13:09:33,6.82,0.01,5,3410,买盘
998,13:09:36,6.81,-0.01,1,681,卖盘
999,13:10:06,6.81,0.0,15,10215,买盘
1000,13:10:09,6.8,-0.01,53,36040,卖盘
1001,13:10:48,6.79,-0.01,3,2037,卖盘
1002,13:10:54,6.8,0.01,25,17000,买盘
1003,13:11:10,6.8,0.0,1,680,买盘
1004,13:11:42,6.8,0.0,4,2720,买盘
1005,13:11:52,6.8,0.0,69,46920,买盘
1006,13:12:28,6.8,0.0,16,10880,买盘
1007,13:13:13,6.79,-0.01,3,2037,卖盘
1008,13:13:22,6.79,0.0,5,3395,卖盘
1009,13:13:25,6.8,0.01,2,1360,买盘
1010,13:13:28,6.79,-0.01,82,55751,卖盘
1011,13:14:04,6.79,0.0,10,6790,卖盘
1012,13:14:07,6.8,0.01,10,6800,买盘
1013,13:15:04,6.79,-0.01,14,9506,卖盘
1014,13:15:21,6.81,0.02,3,2043,买盘
1015,13:15:31,6.79,-0.02,25,16975,卖盘
1016,13:15:34,6.81,0.02,10,6810,买盘
1017,13:15:42,6.76,-0.05,512,347059,卖盘
1018,13:16:22,6.76,0.0,3,2028,卖盘
1019,13:16:33,6.76,0.0,2,1352,卖盘
1020,13:17:10,6.76,0.0,4,2704,卖盘
1021,13:17:22,6.77,0.01,9,6093,卖盘
1022,13:17:28,6.77,0.0,2,1354,买盘
1023,13:17:31,6.77,0.0,4,2708,买盘
1024,13:17:33,6.77,0.0,3,2031,买盘
1025,13:17:36,6.77,0.0,4,2708,买盘
1026,13:17:39,6.77,0.0,3,2031,买盘
1027,13:17:43,6.77,0.0,9,6093,买盘
1028,13:17:46,6.76,-0.01,16,10819,卖盘
1029,13:17:48,6.77,0.01,23,15571,买盘
1030,13:17:51,6.77,0.0,6,4062,买盘
1031,13:17:58,6.77,0.0,1,677,买盘
1032,13:18:04,6.77,0.0,1,677,买盘
1033,13:18:07,6.77,0.0,1,677,买盘
1034,13:18:09,6.77,0.0,10,6770,买盘
1035,13:18:12,6.77,0.0,17,11509,买盘
1036,13:18:15,6.76,-0.01,6,4057,卖盘
1037,13:18:18,6.77,0.01,3,2031,买盘
1038,13:18:28,6.76,-0.01,11,7442,卖盘
1039,13:18:48,6.77,0.01,15,10155,卖盘
1040,13:18:57,6.77,0.0,36,24372,卖盘
1041,13:19:00,6.78,0.01,10,6780,中性盘
1042,13:19:09,6.77,-0.01,50,33854,卖盘
1043,13:19:27,6.8,0.03,1,680,买盘
1044,13:19:40,6.8,0.0,8,5440,买盘
1045,13:20:01,6.8,0.0,9,6120,买盘
1046,13:20:07,6.8,0.0,7,4760,买盘
1047,13:20:16,6.78,-0.02,10,6780,卖盘
1048,13:20:22,6.78,0.0,50,33900,卖盘
1049,13:20:34,6.78,0.0,51,34598,卖盘
1050,13:20:45,6.79,0.01,9,6111,卖盘
1051,13:20:58,6.79,0.0,20,13580,买盘
1052,13:21:04,6.79,0.0,10,6790,卖盘
1053,13:21:28,6.8,0.01,10,6800,买盘
1054,13:21:57,6.79,-0.01,3,2037,卖盘
1055,13:22:04,6.79,0.0,17,11543,卖盘
1056,13:22:16,6.78,-0.01,34,23052,卖盘
1057,13:22:36,6.77,-0.01,4,2708,卖盘
1058,13:22:46,6.78,0.01,4,2712,买盘
1059,13:22:52,6.77,-0.01,179,121183,卖盘
1060,13:23:06,6.76,-0.01,5,3380,卖盘
1061,13:23:16,6.76,0.0,10,6760,卖盘
1062,13:23:27,6.76,0.0,21,14196,卖盘
1063,13:23:33,6.77,0.01,56,37912,买盘
1064,13:23:46,6.78,0.01,30,20340,买盘
1065,13:24:33,6.78,0.0,50,33900,买盘
1066,13:24:42,6.78,0.0,6,4068,买盘
1067,13:24:55,6.78,0.0,16,10848,买盘
1068,13:25:00,6.78,0.0,50,33900,买盘
1069,13:25:10,6.78,0.0,61,41358,买盘
1070,13:25:18,6.78,0.0,48,32544,买盘
1071,13:25:21,6.77,-0.01,22,14896,卖盘
1072,13:25:30,6.79,0.02,8,5432,买盘
1073,13:25:43,6.78,-0.01,11,7458,卖盘
1074,13:25:46,6.78,0.0,6,4068,买盘
1075,13:26:10,6.78,0.0,14,9492,卖盘
1076,13:26:37,6.78,0.0,50,33900,卖盘
1077,13:26:43,6.78,0.0,61,41358,卖盘
1078,13:26:45,6.78,0.0,3,2034,买盘
1079,13:26:57,6.78,0.0,4,2712,买盘
1080,13:27:01,6.78,0.0,7,4746,买盘
1081,13:27:31,6.77,-0.01,20,13540,卖盘
1082,13:27:58,6.77,0.0,205,138785,卖盘
1083,13:28:22,6.77,0.0,66,44682,卖盘
1084,13:28:37,6.77,0.0,2,1354,卖盘
1085,13:28:45,6.77,0.0,30,20310,卖盘
1086,13:28:55,6.77,0.0,8,5416,卖盘
1087,13:29:01,6.78,0.01,13,8806,买盘
1088,13:29:13,6.77,-0.01,60,40620,卖盘
1089,13:29:16,6.78,0.01,40,27120,买盘
1090,13:29:19,6.78,0.0,20,13560,买盘
1091,13:29:21,6.78,0.0,67,45426,买盘
1092,13:29:24,6.78,0.0,1,678,买盘
1093,13:29:57,6.77,-0.01,23,15571,卖盘
1094,13:30:00,6.78,0.01,10,6780,买盘
1095,13:30:04,6.77,-0.01,33,22341,卖盘
1096,13:30:16,6.77,0.0,6,4062,卖盘
1097,13:30:25,6.76,-0.01,12,8126,卖盘
1098,13:30:40,6.77,0.01,44,29788,卖盘
1099,13:31:01,6.76,-0.01,6,4056,卖盘
1100,13:31:13,6.76,0.0,4,2704,卖盘
1101,13:31:16,6.77,0.01,7,4739,买盘
1102,13:31:19,6.76,-0.01,101,68276,卖盘
1103,13:31:25,6.76,0.0,30,20280,卖盘
1104,13:32:04,6.76,0.0,2,1352,卖盘
1105,13:32:13,6.76,0.0,44,29744,卖盘
1106,13:32:27,6.76,0.0,38,25688,买盘
1107,13:32:33,6.76,0.0,10,6760,卖盘
1108,13:32:42,6.76,0.0,12,8112,卖盘
1109,13:32:49,6.77,0.01,21,14217,买盘
1110,13:32:55,6.76,-0.01,67,45292,卖盘
1111,13:33:18,6.76,0.0,4,2704,买盘
1112,13:33:31,6.75,-0.01,14,9450,卖盘
1113,13:33:37,6.75,0.0,6,4050,卖盘
1114,13:33:43,6.76,0.01,2,1352,买盘
1115,13:33:48,6.75,-0.01,59,39825,卖盘
1116,13:34:04,6.75,0.0,8,5400,卖盘
1117,13:34:10,6.75,0.0,92,62100,卖盘
1118,13:34:13,6.75,0.0,14,9450,卖盘
1119,13:34:24,6.75,0.0,8,5400,卖盘
1120,13:34:28,6.75,0.0,32,21600,卖盘
1121,13:34:37,6.76,0.01,49,33124,买盘
1122,13:34:40,6.76,0.0,44,29744,买盘
1123,13:35:01,6.76,0.0,2,1352,买盘
1124,13:35:04,6.75,-0.01,42,28350,卖盘
1125,13:35:16,6.75,0.0,114,76950,卖盘
1126,13:35:34,6.75,0.0,4,2700,卖盘
1127,13:36:04,6.75,0.0,10,6750,卖盘
1128,13:36:09,6.75,0.0,50,33750,卖盘
1129,13:36:21,6.75,0.0,32,21600,卖盘
1130,13:36:25,6.75,0.0,7,4725,卖盘
1131,13:36:27,6.75,0.0,76,51300,卖盘
1132,13:36:43,6.75,0.0,4,2700,买盘
1133,13:36:52,6.74,-0.01,30,20220,卖盘
1134,13:36:58,6.75,0.01,1,675,买盘
1135,13:37:04,6.74,-0.01,87,58675,卖盘
1136,13:37:07,6.75,0.01,5,3375,买盘
1137,13:37:18,6.74,-0.01,20,13489,卖盘
1138,13:37:40,6.74,0.0,15,10110,卖盘
1139,13:37:42,6.74,0.0,49,33026,卖盘
1140,13:37:51,6.73,-0.01,12,8076,卖盘
1141,13:38:06,6.73,0.0,62,41726,卖盘
1142,13:38:16,6.73,0.0,17,11441,卖盘
1143,13:38:31,6.73,0.0,91,61243,卖盘
1144,13:38:34,6.73,0.0,101,67978,卖盘
1145,13:38:42,6.73,0.0,18,12114,卖盘
1146,13:38:55,6.73,0.0,200,134612,卖盘
1147,13:38:58,6.73,0.0,18,12114,卖盘
1148,13:39:22,6.72,-0.01,57,38339,卖盘
1149,13:39:34,6.73,0.01,49,32640,买盘
1150,13:39:45,6.74,0.01,7,4718,买盘
1151,13:40:07,6.73,-0.01,10,6730,卖盘
1152,13:40:15,6.73,0.0,3,2019,卖盘
1153,13:40:19,6.74,0.01,6,4044,买盘
1154,13:40:25,6.75,0.01,61,41158,买盘
1155,13:40:49,6.75,0.0,2,1350,买盘
1156,13:41:18,6.75,0.0,11,7425,卖盘
1157,13:41:21,6.76,0.01,10,6760,买盘
1158,13:41:57,6.76,0.0,49,33124,买盘
1159,13:42:30,6.75,-0.01,1,675,卖盘
1160,13:42:36,6.76,0.01,50,33800,买盘
1161,13:43:27,6.76,0.0,124,83824,买盘
1162,13:43:31,6.76,0.0,2,1352,卖盘
1163,13:43:57,6.77,0.01,144,97488,卖盘
1164,13:44:22,6.77,0.0,20,13540,买盘
1165,13:44:24,6.77,0.0,11,7447,买盘
1166,13:44:43,6.77,0.0,52,35204,卖盘
1167,13:44:46,6.77,0.0,10,6770,买盘
1168,13:44:51,6.77,0.0,5,3385,卖盘
1169,13:45:01,6.78,0.01,1,678,买盘
1170,13:45:10,6.77,-0.01,40,27080,卖盘
1171,13:45:19,6.77,0.0,6,4062,卖盘
1172,13:45:34,6.76,-0.01,54,36504,卖盘
1173,13:45:55,6.76,0.0,5,3380,卖盘
1174,13:45:58,6.76,0.0,10,6760,卖盘
1175,13:46:28,6.76,0.0,86,58136,买盘
1176,13:46:40,6.75,-0.01,20,13507,卖盘
1177,13:47:00,6.75,0.0,66,44550,卖盘
1178,13:47:06,6.75,0.0,70,47250,卖盘
1179,13:47:43,6.76,0.01,18,12168,卖盘
1180,13:48:00,6.75,-0.01,2,1350,卖盘
1181,13:48:06,6.76,0.01,4,2704,买盘
1182,13:48:10,6.75,-0.01,16,10800,卖盘
1183,13:48:13,6.75,0.0,18,12160,卖盘
1184,13:48:40,6.76,0.01,59,39884,卖盘
1185,13:48:54,6.76,0.0,10,6760,卖盘
1186,13:49:25,6.76,0.0,81,54756,卖盘
1187,13:50:10,6.76,0.0,5,3380,买盘
1188,13:50:13,6.76,0.0,2,1352,买盘
1189,13:50:19,6.76,0.0,4,2704,买盘
1190,13:50:28,6.75,-0.01,10,6750,卖盘
1191,13:52:06,6.75,0.0,20,13500,卖盘
1192,13:52:10,6.75,0.0,68,45910,卖盘
1193,13:52:22,6.75,0.0,594,400950,卖盘
1194,13:52:28,6.75,0.0,21,14175,卖盘
1195,13:52:34,6.74,-0.01,3,2022,卖盘
1196,13:53:01,6.75,0.01,32,21573,买盘
1197,13:53:04,6.74,-0.01,3,2022,卖盘
1198,13:53:13,6.74,0.0,500,337000,卖盘
1199,13:53:16,6.75,0.01,106,71550,买盘
1200,13:53:22,6.74,-0.01,58,39092,卖盘
1201,13:53:25,6.75,0.01,15,10125,买盘
1202,13:53:28,6.74,-0.01,10,6740,卖盘
1203,13:53:31,6.75,0.01,13,8775,买盘
1204,13:53:45,6.75,0.0,7,4725,卖盘
1205,13:54:01,6.75,0.0,10,6750,卖盘
1206,13:54:04,6.75,0.0,37,24975,卖盘
1207,13:54:07,6.75,0.0,5,3375,买盘
1208,13:55:10,6.74,-0.01,12,8088,卖盘
1209,13:55:16,6.75,0.01,4,2700,买盘
1210,13:55:28,6.75,0.0,30,20250,买盘
1211,13:55:31,6.73,-0.02,259,174537,卖盘
1212,13:55:34,6.75,0.02,20,13500,买盘
1213,13:56:01,6.74,-0.01,12,8088,卖盘
1214,13:56:09,6.73,-0.01,43,28959,卖盘
1215,13:56:22,6.73,0.0,25,16831,卖盘
1216,13:56:30,6.73,0.0,35,23555,卖盘
1217,13:56:39,6.73,0.0,10,6730,卖盘
1218,13:56:49,6.73,0.0,20,13460,卖盘
1219,13:56:55,6.72,-0.01,100,67232,卖盘
1220,13:57:01,6.74,0.02,3,2022,买盘
1221,13:57:04,6.72,-0.02,16,10752,卖盘
1222,13:57:10,6.72,0.0,3,2016,卖盘
1223,13:57:19,6.72,0.0,15,10090,卖盘
1224,13:57:21,6.72,0.0,9,6048,卖盘
1225,13:57:28,6.72,0.0,50,33600,卖盘
1226,13:57:46,6.73,0.01,30,20190,买盘
1227,13:57:48,6.72,-0.01,20,13440,卖盘
1228,13:57:52,6.72,0.0,8,5376,卖盘
1229,13:57:55,6.73,0.01,10,6730,买盘
1230,13:57:58,6.72,-0.01,20,13456,卖盘
1231,13:58:04,6.73,0.01,8,5384,卖盘
1232,13:58:07,6.74,0.01,8,5390,买盘
1233,13:58:10,6.73,-0.01,20,13460,卖盘
1234,13:58:16,6.73,0.0,10,6730,卖盘
1235,13:58:19,6.73,0.0,15,10095,卖盘
1236,13:58:22,6.73,0.0,20,13460,买盘
1237,13:58:28,6.73,0.0,5,3365,买盘
1238,13:58:48,6.73,0.0,4,2692,买盘
1239,13:58:51,6.73,0.0,11,7403,买盘
1240,13:58:55,6.73,0.0,2,1346,买盘
1241,13:58:58,6.73,0.0,1,673,买盘
1242,13:59:01,6.73,0.0,2,1346,买盘
1243,13:59:22,6.73,0.0,20,13460,卖盘
1244,13:59:25,6.74,0.01,10,6740,买盘
1245,13:59:28,6.74,0.0,100,67400,买盘
1246,13:59:31,6.73,-0.01,5,3365,卖盘
1247,13:59:49,6.74,0.01,2,1348,买盘
1248,14:00:13,6.73,-0.01,38,25574,卖盘
1249,14:00:30,6.74,0.01,86,57964,买盘
1250,14:00:43,6.74,0.0,6,4044,卖盘
1251,14:01:16,6.75,0.01,3,2025,买盘
1252,14:01:19,6.74,-0.01,10,6740,卖盘
1253,14:01:25,6.74,0.0,92,62008,卖盘
1254,14:01:34,6.74,0.0,25,16850,卖盘
1255,14:01:40,6.74,0.0,11,7414,买盘
1256,14:02:00,6.74,0.0,37,24930,买盘
1257,14:02:04,6.74,0.0,1,674,买盘
1258,14:02:10,6.73,-0.01,83,55859,卖盘
1259,14:02:25,6.72,-0.01,77,51749,卖盘
1260,14:02:34,6.72,0.0,14,9412,卖盘
1261,14:02:42,6.72,0.0,119,79968,卖盘
1262,14:02:46,6.72,0.0,1,672,卖盘
1263,14:02:48,6.72,0.0,4,2688,卖盘
1264,14:02:55,6.72,0.0,18,12096,卖盘
1265,14:02:58,6.72,0.0,50,33600,卖盘
1266,14:03:04,6.73,0.01,25,16805,买盘
1267,14:03:07,6.72,-0.01,142,95424,卖盘
1268,14:03:13,6.72,0.0,13,8736,卖盘
1269,14:03:16,6.72,0.0,43,28896,卖盘
1270,14:03:19,6.72,0.0,200,134400,卖盘
1271,14:03:22,6.72,0.0,142,95424,卖盘
1272,14:03:24,6.72,0.0,50,33600,买盘
1273,14:03:28,6.72,0.0,16,10752,买盘
1274,14:03:31,6.71,-0.01,52,34902,卖盘
1275,14:03:33,6.71,0.0,62,41602,卖盘
1276,14:03:43,6.71,0.0,13,8723,卖盘
1277,14:03:46,6.71,0.0,59,39589,卖盘
1278,14:03:49,6.71,0.0,22,14762,卖盘
1279,14:03:55,6.71,0.0,373,250484,卖盘
1280,14:03:58,6.71,0.0,5,3355,买盘
1281,14:04:04,6.71,0.0,50,33550,买盘
1282,14:04:10,6.7,-0.01,15,10050,卖盘
1283,14:04:12,6.7,0.0,95,63650,卖盘
1284,14:04:15,6.7,0.0,45,30150,卖盘
1285,14:04:18,6.7,0.0,64,42880,卖盘
1286,14:04:22,6.7,0.0,28,18760,卖盘
1287,14:04:25,6.7,0.0,43,28810,卖盘
1288,14:04:28,6.7,0.0,21,14070,卖盘
1289,14:04:34,6.71,0.01,10,6710,买盘
1290,14:04:37,6.71,0.0,1,671,买盘
1291,14:04:43,6.71,0.0,7,4697,卖盘
1292,14:04:46,6.71,0.0,8,5368,卖盘
1293,14:04:49,6.72,0.01,5,3360,买盘
1294,14:04:52,6.7,-0.02,400,268103,卖盘
1295,14:05:01,6.71,0.01,6,4030,卖盘
1296,14:05:04,6.71,0.0,50,33550,卖盘
1297,14:05:09,6.72,0.01,5,3360,买盘
1298,14:05:30,6.72,0.0,34,22848,买盘
1299,14:05:40,6.73,0.01,342,230158,买盘
1300,14:06:04,6.73,0.0,5,3365,买盘
1301,14:06:25,6.76,0.03,184,124181,买盘
1302,14:06:58,6.75,-0.01,12,8100,买盘
1303,14:07:07,6.75,0.0,1,675,买盘
1304,14:07:09,6.73,-0.02,1,673,卖盘
1305,14:07:19,6.75,0.02,17,11475,买盘
1306,14:07:22,6.75,0.0,1,675,卖盘
1307,14:07:40,6.75,0.0,13,8775,买盘
1308,14:07:51,6.75,0.0,7,4725,买盘
1309,14:08:06,6.74,-0.01,4,2696,卖盘
1310,14:08:34,6.73,-0.01,93,62593,卖盘
1311,14:08:40,6.73,0.0,30,20190,买盘
1312,14:08:52,6.73,0.0,15,10095,买盘
1313,14:08:54,6.73,0.0,13,8749,卖盘
1314,14:09:09,6.74,0.01,4,2696,买盘
1315,14:09:12,6.74,0.0,20,13480,卖盘
1316,14:09:28,6.75,0.01,29,19575,买盘
1317,14:09:31,6.75,0.0,82,55350,卖盘
1318,14:09:42,6.75,0.0,3,2025,买盘
1319,14:09:55,6.74,-0.01,29,19549,卖盘
1320,14:10:00,6.75,0.01,90,60746,买盘
1321,14:10:12,6.75,0.0,70,47250,卖盘
1322,14:10:21,6.76,0.01,3,2028,买盘
1323,14:10:25,6.76,0.0,2,1352,买盘
1324,14:10:28,6.75,-0.01,5,3375,卖盘
1325,14:10:43,6.76,0.01,284,191984,买盘
1326,14:11:01,6.77,0.01,141,95448,买盘
1327,14:11:10,6.76,-0.01,32,21632,买盘
1328,14:11:28,6.76,0.0,34,22984,卖盘
1329,14:11:34,6.76,0.0,2,1352,买盘
1330,14:11:48,6.76,0.0,30,20280,买盘
1331,14:11:52,6.75,-0.01,2,1350,卖盘
1332,14:11:55,6.76,0.01,5,3380,买盘
1333,14:11:58,6.76,0.0,90,60840,买盘
1334,14:12:01,6.75,-0.01,19,12825,卖盘
1335,14:12:12,6.75,0.0,50,33750,卖盘
1336,14:12:43,6.75,0.0,24,16200,卖盘
1337,14:12:49,6.75,0.0,23,15525,卖盘
1338,14:13:03,6.75,0.0,29,19575,卖盘
1339,14:13:06,6.75,0.0,7,4725,买盘
1340,14:13:16,6.74,-0.01,23,15512,卖盘
1341,14:13:22,6.74,0.0,30,20220,卖盘
1342,14:13:37,6.73,-0.01,66,44418,卖盘
1343,14:13:40,6.73,0.0,3,2019,卖盘
1344,14:13:43,6.73,0.0,8,5384,卖盘
1345,14:13:46,6.74,0.01,5,3370,买盘
1346,14:13:54,6.73,-0.01,5,3365,卖盘
1347,14:14:10,6.73,0.0,57,38361,卖盘
1348,14:14:19,6.73,0.0,83,55859,卖盘
1349,14:14:25,6.74,0.01,19,12806,买盘
1350,14:14:37,6.74,0.0,46,31004,买盘
1351,14:14:46,6.73,-0.01,13,8749,卖盘
1352,14:14:48,6.73,0.0,12,8076,卖盘
1353,14:14:51,6.73,0.0,6,4038,买盘
1354,14:15:04,6.73,0.0,25,16825,卖盘
1355,14:15:07,6.73,0.0,6,4038,卖盘
1356,14:15:19,6.74,0.01,5,3370,买盘
1357,14:15:25,6.73,-0.01,154,103642,卖盘
1358,14:15:31,6.73,0.0,20,13460,卖盘
1359,14:15:40,6.73,0.0,31,20863,卖盘
1360,14:16:04,6.73,0.0,10,6730,卖盘
1361,14:16:13,6.72,-0.01,100,67235,卖盘
1362,14:16:28,6.72,0.0,10,6720,卖盘
1363,14:16:31,6.73,0.01,4,2692,买盘
1364,14:16:37,6.73,0.0,17,11441,买盘
1365,14:16:39,6.73,0.0,9,6057,买盘
1366,14:16:42,6.73,0.0,20,13460,卖盘
1367,14:16:49,6.72,-0.01,10,6721,卖盘
1368,14:17:12,6.72,0.0,12,8064,卖盘
1369,14:17:52,6.72,0.0,36,24192,卖盘
1370,14:17:54,6.72,0.0,150,100800,卖盘
1371,14:18:04,6.72,0.0,25,16800,卖盘
1372,14:18:16,6.72,0.0,5,3360,卖盘
1373,14:18:24,6.73,0.01,81,54513,买盘
1374,14:18:40,6.73,0.0,5,3365,卖盘
1375,14:18:52,6.74,0.01,37,24938,买盘
1376,14:18:58,6.73,-0.01,10,6730,卖盘
1377,14:19:19,6.73,0.0,126,84798,卖盘
1378,14:19:22,6.73,0.0,5,3365,卖盘
1379,14:19:33,6.73,0.0,4,2692,卖盘
1380,14:19:37,6.74,0.01,3,2022,买盘
1381,14:19:46,6.74,0.0,45,30330,买盘
1382,14:19:52,6.73,-0.01,50,33650,卖盘
1383,14:20:28,6.73,0.0,45,30285,卖盘
1384,14:20:46,6.73,0.0,2,1346,卖盘
1385,14:20:48,6.74,0.01,200,134800,买盘
1386,14:21:04,6.74,0.0,10,6740,买盘
1387,14:21:07,6.74,0.0,70,47180,买盘
1388,14:21:13,6.74,0.0,12,8088,买盘
1389,14:21:19,6.74,0.0,6,4044,买盘
1390,14:21:21,6.74,0.0,5,3370,买盘
1391,14:21:34,6.73,-0.01,516,347780,卖盘
1392,14:21:37,6.73,0.0,3,2019,卖盘
1393,14:21:43,6.74,0.01,6,4044,卖盘
1394,14:21:45,6.75,0.01,47,31725,买盘
1395,14:21:49,6.75,0.0,10,6750,买盘
1396,14:21:55,6.75,0.0,24,16200,买盘
1397,14:22:04,6.75,0.0,5,3375,买盘
1398,14:22:07,6.75,0.0,1,675,买盘
1399,14:22:10,6.75,0.0,8,5400,卖盘
1400,14:22:40,6.75,0.0,12,8100,卖盘
1401,14:23:04,6.75,0.0,6,4050,卖盘
1402,14:23:10,6.77,0.02,30,20282,买盘
1403,14:23:13,6.75,-0.02,43,29025,卖盘
1404,14:23:31,6.75,0.0,7,4725,买盘
1405,14:23:37,6.74,-0.01,263,177295,卖盘
1406,14:23:49,6.77,0.03,30,20300,买盘
1407,14:23:54,6.75,-0.02,1,675,卖盘
1408,14:23:57,6.77,0.02,7,4739,买盘
1409,14:24:00,6.75,-0.02,11,7425,卖盘
1410,14:24:13,6.75,0.0,81,54675,买盘
1411,14:24:16,6.74,-0.01,50,33719,卖盘
1412,14:24:43,6.75,0.01,20,13500,卖盘
1413,14:24:46,6.75,0.0,14,9450,卖盘
1414,14:25:01,6.75,0.0,19,12825,卖盘
1415,14:25:04,6.75,0.0,9,6075,卖盘
1416,14:25:13,6.76,0.01,10,6760,买盘
1417,14:25:22,6.75,-0.01,28,18900,卖盘
1418,14:25:25,6.77,0.02,266,179958,买盘
1419,14:25:28,6.75,-0.02,18,12166,卖盘
1420,14:25:31,6.75,0.0,15,10125,买盘
1421,14:25:49,6.75,0.0,10,6750,买盘
1422,14:25:52,6.75,0.0,10,6750,买盘
1423,14:25:55,6.75,0.0,100,67500,买盘
1424,14:26:16,6.75,0.0,7,4725,买盘
1425,14:26:31,6.75,0.0,50,33750,买盘
1426,14:26:48,6.75,0.0,290,195750,买盘
1427,14:27:15,6.75,0.0,373,252675,卖盘
1428,14:27:18,6.75,0.0,100,67500,买盘
1429,14:27:31,6.75,0.0,20,13500,买盘
1430,14:27:33,6.75,0.0,1,675,买盘
1431,14:27:37,6.75,0.0,111,74925,买盘
1432,14:28:00,6.75,0.0,30,20250,卖盘
1433,14:28:19,6.76,0.01,5,3380,卖盘
1434,14:28:25,6.78,0.02,56,37956,买盘
1435,14:28:42,6.74,-0.04,224,151151,卖盘
1436,14:28:45,6.8,0.06,150,101818,买盘
1437,14:28:52,6.8,0.0,9,6120,买盘
1438,14:29:18,6.75,-0.05,53,35775,卖盘
1439,14:29:22,6.75,0.0,148,99900,买盘
1440,14:29:52,6.78,0.03,15,10150,买盘
1441,14:29:54,6.78,0.0,2,1356,卖盘
1442,14:30:10,6.78,0.0,13,8814,卖盘
1443,14:30:13,6.75,-0.03,44,29732,卖盘
1444,14:31:16,6.78,0.03,7,4746,买盘
1445,14:31:25,6.76,-0.02,79,53491,卖盘
1446,14:31:57,6.76,0.0,18,12168,卖盘
1447,14:32:04,6.75,-0.01,287,193773,卖盘
1448,14:32:16,6.74,-0.01,41,27645,卖盘
1449,14:32:25,6.74,0.0,3,2022,卖盘
1450,14:32:28,6.74,0.0,31,20894,卖盘
1451,14:32:40,6.74,0.0,372,250728,卖盘
1452,14:33:04,6.73,-0.01,170,114440,卖盘
1453,14:33:07,6.73,0.0,42,28266,卖盘
1454,14:33:22,6.73,0.0,3,2019,买盘
1455,14:33:25,6.72,-0.01,17,11434,卖盘
1456,14:33:34,6.72,0.0,15,10080,卖盘
1457,14:34:04,6.73,0.01,39,26247,卖盘
1458,14:34:15,6.74,0.01,3,2022,买盘
1459,14:34:19,6.73,-0.01,10,6730,卖盘
1460,14:34:22,6.74,0.01,15,10110,买盘
1461,14:34:36,6.74,0.0,11,7414,买盘
1462,14:34:43,6.73,-0.01,13,8749,卖盘
1463,14:34:46,6.74,0.01,14,9436,买盘
1464,14:34:52,6.74,0.0,68,45832,买盘
1465,14:34:55,6.73,-0.01,65,43757,卖盘
1466,14:35:12,6.75,0.02,9,6075,买盘
1467,14:35:33,6.75,0.0,33,22275,买盘
1468,14:35:36,6.75,0.0,30,20250,买盘
1469,14:35:45,6.76,0.01,29,19604,买盘
1470,14:35:55,6.75,-0.01,31,20925,卖盘
1471,14:36:16,6.75,0.0,67,45225,卖盘
1472,14:36:27,6.75,0.0,5,3375,买盘
1473,14:36:31,6.75,0.0,40,27000,买盘
1474,14:36:48,6.75,0.0,12,8100,卖盘
1475,14:36:55,6.75,0.0,137,92475,卖盘
1476,14:37:04,6.76,0.01,436,294473,买盘
1477,14:37:22,6.75,-0.01,1,675,卖盘
1478,14:38:04,6.75,0.0,169,114075,卖盘
1479,14:38:07,6.75,0.0,6,4050,卖盘
1480,14:38:19,6.75,0.0,10,6750,卖盘
1481,14:38:46,6.76,0.01,288,194688,买盘
1482,14:38:55,6.75,-0.01,209,141107,卖盘
1483,14:39:04,6.75,0.0,30,20250,买盘
1484,14:39:10,6.75,0.0,17,11475,买盘
1485,14:39:15,6.75,0.0,11,7425,卖盘
1486,14:39:31,6.75,0.0,3,2025,卖盘
1487,14:39:36,6.76,0.01,11,7436,买盘
1488,14:39:55,6.75,-0.01,28,18900,卖盘
1489,14:40:04,6.76,0.01,6,4056,买盘
1490,14:40:07,6.75,-0.01,54,36450,卖盘
1491,14:40:39,6.74,-0.01,20,13487,卖盘
1492,14:40:52,6.75,0.01,17,11475,买盘
1493,14:40:58,6.75,0.0,4,2700,买盘
1494,14:41:19,6.75,0.0,17,11475,卖盘
1495,14:41:22,6.76,0.01,49,33082,买盘
1496,14:41:25,6.75,-0.01,37,24975,卖盘
1497,14:41:30,6.75,0.0,5,3375,买盘
1498,14:41:34,6.76,0.01,9,6078,买盘
1499,14:41:55,6.74,-0.02,191,128744,卖盘
1500,14:42:37,6.76,0.02,10,6760,买盘
1501,14:42:52,6.75,-0.01,77,51992,卖盘
1502,14:42:55,6.78,0.03,151,102188,买盘
1503,14:42:57,6.75,-0.03,8,5400,卖盘
1504,14:43:13,6.76,0.01,3,2028,卖盘
1505,14:43:19,6.75,-0.01,15,10125,卖盘
1506,14:43:25,6.76,0.01,5,3380,买盘
1507,14:43:28,6.75,-0.01,159,107325,卖盘
1508,14:43:39,6.74,-0.01,68,45832,卖盘
1509,14:43:54,6.75,0.01,10,6750,买盘
1510,14:44:04,6.74,-0.01,50,33700,卖盘
1511,14:44:13,6.74,0.0,71,47854,卖盘
1512,14:44:25,6.75,0.01,10,6750,买盘
1513,14:44:28,6.75,0.0,140,94500,买盘
1514,14:44:33,6.75,0.0,12,8100,卖盘
1515,14:44:36,6.76,0.01,30,20280,买盘
1516,14:44:43,6.76,0.0,14,9464,卖盘
1517,14:44:48,6.77,0.01,11,7446,买盘
1518,14:45:34,6.75,-0.02,8,5400,卖盘
1519,14:45:49,6.76,0.01,21,14196,买盘
1520,14:45:52,6.76,0.0,1,676,卖盘
1521,14:45:57,6.76,0.0,10,6760,卖盘
1522,14:46:01,6.76,0.0,1,676,卖盘
1523,14:46:16,6.75,-0.01,26,17550,卖盘
1524,14:46:19,6.75,0.0,44,29700,卖盘
1525,14:46:30,6.75,0.0,25,16875,卖盘
1526,14:46:40,6.76,0.01,6,4056,买盘
1527,14:46:43,6.75,-0.01,15,10125,卖盘
1528,14:46:46,6.76,0.01,10,6760,买盘
1529,14:46:49,6.76,0.0,2,1352,买盘
1530,14:47:01,6.76,0.0,2,1352,卖盘
1531,14:47:07,6.76,0.0,4,2704,卖盘
1532,14:47:13,6.76,0.0,4,2704,卖盘
1533,14:47:19,6.76,0.0,25,16900,买盘
1534,14:47:22,6.75,-0.01,45,30410,卖盘
1535,14:47:40,6.76,0.01,1,676,卖盘
1536,14:47:43,6.76,0.0,69,46699,卖盘
1537,14:47:49,6.76,0.0,7,4732,卖盘
1538,14:47:52,6.76,0.0,3,2028,卖盘
1539,14:47:55,6.77,0.01,20,13540,买盘
1540,14:47:58,6.76,-0.01,5,3380,卖盘
1541,14:48:01,6.76,0.0,14,9464,卖盘
1542,14:48:04,6.76,0.0,27,18252,卖盘
1543,14:48:13,6.77,0.01,112,75824,买盘
1544,14:48:22,6.78,0.01,38,25764,买盘
1545,14:48:24,6.77,-0.01,25,16925,卖盘
1546,14:48:28,6.77,0.0,23,15571,卖盘
1547,14:48:31,6.76,-0.01,399,269724,卖盘
1548,14:48:33,6.77,0.01,45,30465,买盘
1549,14:48:37,6.76,-0.01,28,18954,卖盘
1550,14:48:46,6.77,0.01,8,5416,买盘
1551,14:48:49,6.77,0.0,35,23695,买盘
1552,14:48:57,6.76,-0.01,93,62868,卖盘
1553,14:49:01,6.76,0.0,23,15548,买盘
1554,14:49:10,6.75,-0.01,30,20250,卖盘
1555,14:49:13,6.76,0.01,158,106808,买盘
1556,14:49:16,6.75,-0.01,522,352350,卖盘
1557,14:49:22,6.75,0.0,2,1350,买盘
1558,14:49:25,6.74,-0.01,200,134800,卖盘
1559,14:49:31,6.75,0.01,87,58725,买盘
1560,14:49:43,6.75,0.0,5,3375,卖盘
1561,14:49:49,6.76,0.01,8,5408,买盘
1562,14:50:01,6.76,0.0,42,28392,卖盘
1563,14:50:04,6.76,0.0,17,11492,买盘
1564,14:50:10,6.76,0.0,4,2704,买盘
1565,14:50:13,6.76,0.0,30,20280,买盘
1566,14:50:16,6.75,-0.01,25,16875,卖盘
1567,14:50:28,6.76,0.01,10,6760,买盘
1568,14:50:31,6.77,0.01,449,303909,买盘
1569,14:50:40,6.76,-0.01,52,35203,卖盘
1570,14:50:49,6.76,0.0,13,8788,买盘
1571,14:50:52,6.76,0.0,13,8788,买盘
1572,14:51:01,6.76,0.0,10,6760,卖盘
1573,14:51:07,6.76,0.0,28,18928,卖盘
1574,14:51:16,6.76,0.0,96,64896,卖盘
1575,14:51:22,6.76,0.0,2,1352,买盘
1576,14:51:25,6.75,-0.01,35,23625,卖盘
1577,14:51:28,6.77,0.02,386,261114,买盘
1578,14:51:34,6.77,0.0,4,2708,卖盘
1579,14:51:37,6.77,0.0,102,69070,卖盘
1580,14:51:46,6.77,0.0,9,6093,卖盘
1581,14:51:49,6.77,0.0,3,2031,卖盘
1582,14:51:52,6.77,0.0,17,11509,卖盘
1583,14:51:55,6.77,0.0,17,11509,买盘
1584,14:52:01,6.77,0.0,49,33173,买盘
1585,14:52:13,6.76,-0.01,113,76408,卖盘
1586,14:52:16,6.76,0.0,9,6084,买盘
1587,14:52:28,6.76,0.0,16,10816,买盘
1588,14:52:31,6.76,0.0,80,54080,买盘
1589,14:52:34,6.76,0.0,1,676,买盘
1590,14:52:37,6.76,0.0,14,9464,买盘
1591,14:52:43,6.76,0.0,9,6084,卖盘
1592,14:52:49,6.76,0.0,16,10816,卖盘
1593,14:53:04,6.76,0.0,12,8112,卖盘
1594,14:53:22,6.76,0.0,6,4056,卖盘
1595,14:53:25,6.76,0.0,30,20280,卖盘
1596,14:53:28,6.77,0.01,25,16920,买盘
1597,14:53:31,6.76,-0.01,9,6084,卖盘
1598,14:53:34,6.76,0.0,12,8112,卖盘
1599,14:53:37,6.76,0.0,17,11492,卖盘
1600,14:53:40,6.76,0.0,9,6084,买盘
1601,14:53:43,6.76,0.0,41,27716,卖盘
1602,14:53:55,6.75,-0.01,72,48604,卖盘
1603,14:54:01,6.76,0.01,38,25688,买盘
1604,14:54:04,6.75,-0.01,58,39176,卖盘
1605,14:54:10,6.76,0.01,30,20280,买盘
1606,14:54:16,6.76,0.0,6,4056,买盘
1607,14:54:19,6.76,0.0,15,10140,买盘
1608,14:54:22,6.75,-0.01,287,193725,卖盘
1609,14:54:28,6.76,0.01,1,676,买盘
1610,14:54:34,6.75,-0.01,213,143775,卖盘
1611,14:54:40,6.75,0.0,31,20925,买盘
1612,14:54:43,6.76,0.01,60,40519,买盘
1613,14:54:46,6.75,-0.01,10,6750,卖盘
1614,14:54:49,6.74,-0.01,314,211669,卖盘
1615,14:54:55,6.74,0.0,200,134900,卖盘
1616,14:54:58,6.74,0.0,1,674,卖盘
1617,14:55:16,6.76,0.02,33,22307,买盘
1618,14:55:19,6.74,-0.02,5,3370,卖盘
1619,14:55:25,6.76,0.02,77,52010,买盘
1620,14:55:28,6.75,-0.01,30,20250,中性盘
1621,14:55:34,6.75,0.0,13,8775,卖盘
1622,14:55:37,6.76,0.01,20,13520,买盘
1623,14:55:40,6.75,-0.01,33,22275,卖盘
1624,14:55:43,6.75,0.0,1,675,卖盘
1625,14:55:49,6.75,0.0,6,4050,卖盘
1626,14:55:52,6.75,0.0,19,12825,卖盘
1627,14:55:55,6.76,0.01,95,64220,买盘
1628,14:55:58,6.76,0.0,25,16900,买盘
1629,14:56:04,6.76,0.0,100,67600,买盘
1630,14:56:07,6.75,-0.01,57,38475,卖盘
1631,14:56:16,6.75,0.0,27,18240,卖盘
1632,14:56:19,6.76,0.01,139,93964,买盘
1633,14:56:22,6.76,0.0,30,20280,卖盘
1634,14:56:25,6.76,0.0,9,6084,卖盘
1635,14:56:34,6.76,0.0,20,13520,卖盘
1636,14:56:40,6.77,0.01,27,18269,买盘
1637,14:56:43,6.76,-0.01,35,23665,卖盘
1638,14:56:46,6.77,0.01,55,37225,买盘
1639,14:56:49,6.77,0.0,21,14217,买盘
1640,14:56:52,6.76,-0.01,2,1352,卖盘
1641,14:56:58,6.77,0.01,11,7447,买盘
1642,14:57:00,6.76,-0.01,67,45344,卖盘
1643,14:57:04,6.76,0.0,47,31778,卖盘
1644,15:00:04,6.77,0.01,1190,805630,卖盘
