,time,price,change,volume,amount,type
0,09:25:04,22.15,-0.23,116,256940,买盘
1,09:30:01,22.37,0.22,27,59973,买盘
2,09:30:04,22.28,-0.09,262,582722,卖盘
3,09:30:06,22.28,0.0,17,37900,卖盘
4,09:30:10,22.35,0.07,37,82527,买盘
5,09:30:13,22.3,-0.05,26,58114,卖盘
6,09:30:18,22.32,0.02,9,20086,中性盘
7,09:30:21,22.31,-0.01,12,26772,中性盘
8,09:30:24,22.32,0.01,11,24542,买盘
9,09:30:33,22.3,-0.02,10,22300,买盘
10,09:30:42,22.29,-0.01,23,51265,买盘
11,09:30:45,22.31,0.02,5,11150,买盘
12,09:30:49,22.29,-0.02,13,28960,卖盘
13,09:30:55,22.28,-0.01,5,11140,买盘
14,09:30:57,22.28,0.0,8,17824,买盘
15,09:31:04,22.29,0.01,9,20053,买盘
16,09:31:09,22.26,-0.03,47,104706,卖盘
17,09:31:13,22.28,0.02,14,31192,中性盘
18,09:31:16,22.26,-0.02,12,26724,卖盘
19,09:31:18,22.26,0.0,20,44523,中性盘
20,09:31:22,22.26,0.0,168,373857,买盘
21,09:31:27,22.26,0.0,6,13356,卖盘
22,09:31:30,22.26,0.0,13,28938,卖盘
23,09:31:34,22.28,0.02,23,51202,买盘
24,09:31:37,22.21,-0.07,100,222341,卖盘
25,09:31:39,22.31,0.1,59,131543,买盘
26,09:31:42,22.28,-0.03,2,4456,中性盘
27,09:31:45,22.28,0.0,2,4456,买盘
28,09:31:49,22.28,0.0,7,15593,买盘
29,09:31:57,22.25,-0.03,1,2225,买盘
30,09:32:00,22.26,0.01,13,28937,买盘
31,09:32:04,22.26,0.0,14,31152,买盘
32,09:32:06,22.26,0.0,1,2226,买盘
33,09:32:09,22.23,-0.03,52,115661,卖盘
34,09:32:12,22.23,0.0,4,8892,卖盘
35,09:32:15,22.26,0.03,16,35616,买盘
36,09:32:19,22.26,0.0,57,126859,买盘
37,09:32:22,22.26,0.0,68,151368,买盘
38,09:32:24,22.26,0.0,54,120182,买盘
39,09:32:27,22.26,0.0,40,89002,买盘
40,09:32:30,22.26,0.0,90,200320,买盘
41,09:32:34,22.28,0.02,62,138072,买盘
42,09:32:37,22.28,0.0,31,69068,买盘
43,09:32:39,22.28,0.0,15,33420,买盘
44,09:32:45,22.3,0.02,3,6690,买盘
45,09:32:48,22.32,0.02,10,22316,买盘
46,09:32:51,22.32,0.0,1,2232,买盘
47,09:32:54,22.3,-0.02,12,26762,卖盘
48,09:32:58,22.31,0.01,11,24535,买盘
49,09:33:01,22.31,0.0,5,11155,买盘
50,09:33:04,22.36,0.05,9,20124,买盘
51,09:33:06,22.36,0.0,2,4472,买盘
52,09:33:09,22.35,-0.01,5,11175,中性盘
53,09:33:15,22.36,0.01,35,78260,买盘
54,09:33:18,22.38,0.02,12,26851,买盘
55,09:33:21,22.39,0.01,29,64923,买盘
56,09:33:24,22.4,0.01,12,26880,买盘
57,09:33:27,22.4,0.0,15,33600,买盘
58,09:33:30,22.39,-0.01,39,87334,卖盘
59,09:33:33,22.4,0.01,12,26880,买盘
60,09:33:36,22.4,0.0,24,53760,买盘
61,09:33:39,22.41,0.01,1,2241,买盘
62,09:33:42,22.41,0.0,14,31374,买盘
63,09:33:45,22.44,0.03,20,44880,买盘
64,09:33:49,22.43,-0.01,7,15696,买盘
65,09:33:51,22.43,0.0,9,20187,买盘
66,09:33:57,22.41,-0.02,18,40338,卖盘
67,09:34:00,22.4,-0.01,29,64968,卖盘
68,09:34:04,22.4,0.0,15,33600,卖盘
69,09:34:06,22.39,-0.01,40,89560,卖盘
70,09:34:18,22.4,0.01,12,26864,买盘
71,09:34:24,22.38,-0.02,3,6714,买盘
72,09:34:30,22.38,0.0,21,47024,卖盘
73,09:34:34,22.39,0.01,70,156667,买盘
74,09:34:39,22.38,-0.01,3,6714,买盘
75,09:34:42,22.37,-0.01,11,24607,卖盘
76,09:34:45,22.37,0.0,11,24607,卖盘
77,09:34:48,22.39,0.02,7,15673,买盘
78,09:34:54,22.38,-0.01,1,2238,中性盘
79,09:35:04,22.39,0.01,41,91780,买盘
80,09:35:15,22.37,-0.02,61,136457,卖盘
81,09:35:19,22.38,0.01,15,33562,中性盘
82,09:35:21,22.37,-0.01,5,11185,卖盘
83,09:35:24,22.37,0.0,4,8948,买盘
84,09:35:27,22.38,0.01,26,58163,买盘
85,09:35:31,22.37,-0.01,13,29083,中性盘
86,09:35:34,22.37,0.0,11,24607,买盘
87,09:35:36,22.36,-0.01,21,46965,卖盘
88,09:35:40,22.38,0.02,17,38046,买盘
89,09:35:42,22.36,-0.02,22,49203,卖盘
90,09:35:46,22.38,0.02,4,8950,买盘
91,09:35:49,22.38,0.0,83,185610,买盘
92,09:35:51,22.38,0.0,4,8952,买盘
93,09:35:57,22.37,-0.01,12,26844,卖盘
94,09:36:00,22.37,0.0,4,8948,买盘
95,09:36:04,22.38,0.01,15,33566,买盘
96,09:36:07,22.38,0.0,4,8952,买盘
97,09:36:12,22.38,0.0,12,26856,买盘
98,09:36:16,22.38,0.0,5,11190,卖盘
99,09:36:19,22.4,0.02,55,123141,买盘
100,09:36:21,22.4,0.0,11,24640,买盘
101,09:36:25,22.4,0.0,9,20160,买盘
102,09:36:27,22.4,0.0,40,89600,买盘
103,09:36:30,22.43,0.03,14,31374,买盘
104,09:36:33,22.43,0.0,44,98692,买盘
105,09:36:36,22.44,0.01,8,17952,买盘
106,09:36:39,22.45,0.01,14,31420,买盘
107,09:36:43,22.45,0.0,5,11225,买盘
108,09:36:46,22.45,0.0,1,2245,买盘
109,09:36:48,22.45,0.0,50,112253,卖盘
110,09:36:51,22.45,0.0,25,56125,买盘
111,09:36:54,22.45,0.0,1,2245,买盘
112,09:36:57,22.45,0.0,18,40410,买盘
113,09:37:00,22.45,0.0,13,29185,买盘
114,09:37:04,22.45,0.0,16,35920,买盘
115,09:37:06,22.45,0.0,5,11225,买盘
116,09:37:09,22.45,0.0,63,141435,买盘
117,09:37:12,22.48,0.03,7,15731,买盘
118,09:37:15,22.48,0.0,2,4496,买盘
119,09:37:19,22.49,0.01,9,20241,买盘
120,09:37:21,22.49,0.0,1,2249,买盘
121,09:37:24,22.49,0.0,3,6747,买盘
122,09:37:27,22.49,0.0,34,76439,买盘
123,09:37:30,22.49,0.0,4,8996,卖盘
124,09:37:33,22.49,0.0,44,98977,买盘
125,09:37:36,22.5,0.01,90,202457,买盘
126,09:37:39,22.48,-0.02,29,65208,卖盘
127,09:37:45,22.49,0.01,23,51727,卖盘
128,09:37:49,22.55,0.06,34,76472,买盘
129,09:37:51,22.48,-0.07,20,44960,卖盘
130,09:37:54,22.48,0.0,17,38216,卖盘
131,09:37:57,22.49,0.01,20,45058,中性盘
132,09:38:04,22.56,0.07,24,54127,买盘
133,09:38:06,22.55,-0.01,18,40590,卖盘
134,09:38:09,22.5,-0.05,14,31520,卖盘
135,09:38:15,22.55,0.05,3,6765,中性盘
136,09:38:18,22.56,0.01,9,20297,买盘
137,09:38:25,22.55,-0.01,4,9020,买盘
138,09:38:33,22.54,-0.01,10,22540,中性盘
139,09:38:36,22.54,0.0,1,2254,买盘
140,09:38:39,22.54,0.0,2,4508,买盘
141,09:38:42,22.54,0.0,7,15778,买盘
142,09:38:46,22.54,0.0,5,11270,卖盘
143,09:38:49,22.54,0.0,26,58614,卖盘
144,09:38:51,22.5,-0.04,16,36042,卖盘
145,09:38:54,22.54,0.04,2,4508,中性盘
146,09:38:57,22.55,0.01,32,72152,买盘
147,09:39:00,22.55,0.0,1,3292,卖盘
148,09:39:04,22.56,0.01,10,22559,买盘
149,09:39:06,22.56,0.0,58,130827,买盘
150,09:39:12,22.53,-0.03,17,38305,卖盘
151,09:39:18,22.55,0.02,7,15785,买盘
152,09:39:31,22.54,-0.01,12,27048,中性盘
153,09:39:33,22.54,0.0,11,24790,买盘
154,09:39:36,22.54,0.0,4,9016,买盘
155,09:39:39,22.54,0.0,90,202838,买盘
156,09:39:48,22.54,0.0,49,110378,卖盘
157,09:39:57,22.53,-0.01,15,33795,中性盘
158,09:40:00,22.53,0.0,75,168945,买盘
159,09:40:03,22.53,0.0,20,45021,买盘
160,09:40:15,22.54,0.01,127,286137,买盘
161,09:40:18,22.53,-0.01,12,27038,中性盘
162,09:40:21,22.5,-0.03,5,11262,卖盘
163,09:40:24,22.5,0.0,11,24756,卖盘
164,09:40:27,22.53,0.03,8,18012,买盘
165,09:40:30,22.54,0.01,56,126218,买盘
166,09:40:33,22.54,0.0,20,45036,买盘
167,09:40:36,22.5,-0.04,3,6750,卖盘
168,09:40:42,22.54,0.04,73,164542,买盘
169,09:40:45,22.54,0.0,15,33810,卖盘
170,09:40:48,22.55,0.01,14,31565,买盘
171,09:40:54,22.55,0.0,1,2255,买盘
172,09:40:57,22.54,-0.01,2,4508,卖盘
173,09:41:00,22.54,0.0,1,2254,卖盘
174,09:41:03,22.55,0.01,10,22549,买盘
175,09:41:07,22.54,-0.01,2,4508,卖盘
176,09:41:09,22.55,0.01,28,63140,买盘
177,09:41:12,22.55,0.0,27,60885,卖盘
178,09:41:15,22.56,0.01,4,9020,买盘
179,09:41:18,22.56,0.0,12,27067,买盘
180,09:41:21,22.55,-0.01,4,9020,卖盘
181,09:41:25,22.55,0.0,4,9020,卖盘
182,09:41:27,22.55,0.0,1,2255,卖盘
183,09:41:30,22.56,0.01,1,2256,买盘
184,09:41:33,22.56,0.0,27,60895,买盘
185,09:41:39,22.54,-0.02,28,63112,卖盘
186,09:41:42,22.55,0.01,50,112750,买盘
187,09:41:48,22.55,0.0,7,15785,买盘
188,09:41:58,22.56,0.01,54,121747,买盘
189,09:42:04,22.54,-0.02,7,15778,中性盘
190,09:42:09,22.55,0.01,3,6763,买盘
191,09:42:12,22.5,-0.05,6,13500,卖盘
192,09:42:18,22.54,0.04,8,18028,买盘
193,09:42:21,22.5,-0.04,15,33750,卖盘
194,09:42:24,22.47,-0.03,6,13482,卖盘
195,09:42:31,22.48,0.01,16,35962,卖盘
196,09:42:33,22.47,-0.01,35,78712,中性盘
197,09:42:42,22.48,0.01,4,8992,中性盘
198,09:42:45,22.48,0.0,6,13488,买盘
199,09:42:49,22.49,0.01,57,128069,买盘
200,09:42:52,22.48,-0.01,2,4496,卖盘
201,09:42:57,22.48,0.0,9,20224,买盘
202,09:43:00,22.48,0.0,21,47208,买盘
203,09:43:03,22.48,0.0,17,38196,买盘
204,09:43:06,22.48,0.0,1,2248,买盘
205,09:43:09,22.48,0.0,21,47208,买盘
206,09:43:18,22.48,0.0,38,85435,卖盘
207,09:43:21,22.48,0.0,19,42712,买盘
208,09:43:24,22.45,-0.03,150,336831,卖盘
209,09:43:28,22.48,0.03,17,38216,买盘
210,09:43:34,22.48,0.0,130,291351,买盘
211,09:43:37,22.48,0.0,24,53952,买盘
212,09:43:39,22.41,-0.07,4,8971,中性盘
213,09:43:45,22.47,0.06,1,2247,买盘
214,09:43:48,22.48,0.01,7,15736,中性盘
215,09:43:51,22.48,0.0,13,29224,买盘
216,09:43:54,22.49,0.01,35,78715,买盘
217,09:43:58,22.47,-0.02,39,87651,卖盘
218,09:44:00,22.49,0.02,62,139194,买盘
219,09:44:04,22.49,0.0,7,15743,买盘
220,09:44:06,22.5,0.01,171,384675,买盘
221,09:44:09,22.51,0.01,8,18008,买盘
222,09:44:12,22.53,0.02,6,13515,买盘
223,09:44:15,22.53,0.0,4,9012,卖盘
224,09:44:18,22.52,-0.01,31,69880,卖盘
225,09:44:21,22.51,-0.01,2,4502,卖盘
226,09:44:27,22.51,0.0,3,6753,买盘
227,09:44:33,22.54,0.03,7,15770,买盘
228,09:44:40,22.5,-0.04,50,112512,卖盘
229,09:44:45,22.5,0.0,54,121501,卖盘
230,09:44:48,22.5,0.0,13,29250,买盘
231,09:45:00,22.5,0.0,6,13500,买盘
232,09:45:04,22.5,0.0,17,38224,买盘
233,09:45:18,22.5,0.0,8,18000,买盘
234,09:45:21,22.5,0.0,3,6750,买盘
235,09:45:24,22.48,-0.02,8,17984,卖盘
236,09:45:30,22.48,0.0,4,8992,买盘
237,09:45:33,22.48,0.0,7,15736,买盘
238,09:45:39,22.45,-0.03,3,6735,卖盘
239,09:45:48,22.45,0.0,20,44900,卖盘
240,09:45:54,22.45,0.0,4,8980,买盘
241,09:45:57,22.45,0.0,8,17957,买盘
242,09:46:00,22.42,-0.03,8,17936,卖盘
243,09:46:04,22.45,0.03,49,109828,买盘
244,09:46:12,22.45,0.0,8,17960,买盘
245,09:46:18,22.45,0.0,10,22450,买盘
246,09:46:21,22.41,-0.04,20,44820,卖盘
247,09:46:33,22.45,0.04,7,15715,买盘
248,09:46:48,22.44,-0.01,16,35882,买盘
249,09:47:04,22.44,0.0,9,20196,买盘
250,09:47:06,22.44,0.0,26,58344,买盘
251,09:47:09,22.44,0.0,68,152659,卖盘
252,09:47:12,22.45,0.01,32,71840,买盘
253,09:47:15,22.45,0.0,66,148170,买盘
254,09:47:19,22.49,0.04,54,121311,买盘
255,09:47:22,22.5,0.01,64,143937,买盘
256,09:47:24,22.5,0.0,27,60750,买盘
257,09:47:27,22.5,0.0,9,20250,买盘
258,09:47:30,22.54,0.04,16,36050,买盘
259,09:47:33,22.48,-0.06,32,71973,卖盘
260,09:47:39,22.48,0.0,25,56200,买盘
261,09:47:43,22.48,0.0,8,17984,买盘
262,09:47:45,22.45,-0.03,81,181845,卖盘
263,09:47:48,22.48,0.03,50,112271,买盘
264,09:47:51,22.48,0.0,5,11240,买盘
265,09:47:54,22.45,-0.03,50,112250,卖盘
266,09:48:04,22.48,0.03,8,17981,买盘
267,09:48:15,22.45,-0.03,3,6735,卖盘
268,09:48:19,22.48,0.03,7,15736,买盘
269,09:48:24,22.45,-0.03,3,6735,卖盘
270,09:48:27,22.45,0.0,50,112250,卖盘
271,09:48:33,22.48,0.03,7,15736,买盘
272,09:48:48,22.47,-0.01,107,240429,买盘
273,09:48:51,22.47,0.0,4,8988,买盘
274,09:49:00,22.45,-0.02,20,44900,卖盘
275,09:49:04,22.47,0.02,9,20219,买盘
276,09:49:09,22.47,0.0,2,4494,买盘
277,09:49:18,22.47,0.0,39,87633,买盘
278,09:49:21,22.45,-0.02,19,42655,卖盘
279,09:49:30,22.45,0.0,5,11225,卖盘
280,09:49:33,22.45,0.0,14,31450,卖盘
281,09:49:40,22.45,0.0,47,105471,买盘
282,09:49:43,22.44,-0.01,50,112200,卖盘
283,09:49:48,22.47,0.03,27,60669,中性盘
284,09:49:51,22.47,0.0,16,35916,买盘
285,09:50:00,22.43,-0.04,25,56075,卖盘
286,09:50:03,22.47,0.04,7,15729,买盘
287,09:50:18,22.48,0.01,7,15731,买盘
288,09:50:21,22.43,-0.05,23,51589,卖盘
289,09:50:30,22.41,-0.02,2,4482,卖盘
290,09:50:33,22.43,0.02,7,15701,买盘
291,09:50:36,22.43,0.0,1,2243,买盘
292,09:50:45,22.42,-0.01,32,71714,中性盘
293,09:50:49,22.45,0.03,7,15699,买盘
294,09:50:51,22.41,-0.04,8,17928,卖盘
295,09:50:54,22.41,0.0,2,4482,卖盘
296,09:51:00,22.4,-0.01,43,96320,卖盘
297,09:51:03,22.41,0.01,7,15686,中性盘
298,09:51:18,22.38,-0.03,23,51470,卖盘
299,09:51:27,22.36,-0.02,18,40248,卖盘
300,09:51:33,22.39,0.03,7,15670,买盘
301,09:51:40,22.34,-0.05,1,2234,卖盘
302,09:51:48,22.39,0.05,7,15673,买盘
303,09:51:51,22.34,-0.05,2,4468,卖盘
304,09:52:00,22.34,0.0,23,51404,卖盘
305,09:52:04,22.37,0.03,7,15659,中性盘
306,09:52:10,22.34,-0.03,5,11170,卖盘
307,09:52:12,22.34,0.0,10,22340,卖盘
308,09:52:18,22.34,0.0,7,15638,买盘
309,09:52:21,22.31,-0.03,27,60271,卖盘
310,09:52:30,22.31,0.0,10,22305,买盘
311,09:52:33,22.31,0.0,7,15617,买盘
312,09:52:36,22.31,0.0,2,4462,买盘
313,09:52:45,22.34,0.03,4,8936,买盘
314,09:52:48,22.38,0.04,7,15666,买盘
315,09:52:51,22.3,-0.08,11,24559,卖盘
316,09:53:04,22.3,0.0,21,46858,卖盘
317,09:53:06,22.34,0.04,3,6702,买盘
318,09:53:18,22.34,0.0,8,17869,买盘
319,09:53:24,22.34,0.0,3,6702,买盘
320,09:53:33,22.34,0.0,7,15638,买盘
321,09:53:36,22.34,0.0,3,6702,买盘
322,09:53:45,22.31,-0.03,20,44634,卖盘
323,09:53:48,22.34,0.03,14,31255,买盘
324,09:53:52,22.31,-0.03,1,2231,卖盘
325,09:53:55,22.31,0.0,31,69236,卖盘
326,09:53:57,22.31,0.0,2,4462,买盘
327,09:54:04,22.33,0.02,7,15630,买盘
328,09:54:15,22.31,-0.02,91,203225,卖盘
329,09:54:18,22.34,0.03,8,17869,买盘
330,09:54:22,22.31,-0.03,10,22306,卖盘
331,09:54:24,22.31,0.0,1,2231,卖盘
332,09:54:33,22.34,0.03,7,15638,买盘
333,09:54:40,22.34,0.0,18,40212,买盘
334,09:54:42,22.3,-0.04,61,134857,卖盘
335,09:54:48,22.36,0.06,7,15652,买盘
336,09:54:58,22.3,-0.06,49,109450,卖盘
337,09:55:04,22.31,0.01,7,15617,买盘
338,09:55:06,22.3,-0.01,21,46830,卖盘
339,09:55:09,22.3,0.0,2,4460,卖盘
340,09:55:12,22.25,-0.05,66,147111,卖盘
341,09:55:18,22.27,0.02,11,24497,卖盘
342,09:55:22,22.25,-0.02,26,57850,卖盘
343,09:55:30,22.21,-0.04,33,74580,卖盘
344,09:55:33,22.22,0.01,92,204424,买盘
345,09:55:36,22.22,0.0,20,44573,买盘
346,09:55:39,22.21,-0.01,30,66654,卖盘
347,09:55:42,22.25,0.04,52,115585,中性盘
348,09:55:45,22.21,-0.04,7,15549,卖盘
349,09:55:48,22.3,0.09,23,51238,买盘
350,09:55:54,22.23,-0.07,5,11118,卖盘
351,09:55:58,22.3,0.07,11,24530,买盘
352,09:56:04,22.3,0.0,8,17832,买盘
353,09:56:09,22.25,-0.05,20,44500,卖盘
354,09:56:13,22.24,-0.01,7,15569,卖盘
355,09:56:18,22.29,0.05,7,15603,买盘
356,09:56:24,22.27,-0.02,7,15589,买盘
357,09:56:27,22.23,-0.04,50,111176,卖盘
358,09:56:30,22.23,0.0,29,64467,买盘
359,09:56:33,22.23,0.0,8,17783,买盘
360,09:56:36,22.23,0.0,2,4446,买盘
361,09:56:48,22.25,0.02,7,15575,买盘
362,09:56:51,22.25,0.0,29,64469,买盘
363,09:57:00,22.23,-0.02,1,2223,卖盘
364,09:57:03,22.24,0.01,7,15565,买盘
365,09:57:06,22.25,0.01,141,313679,买盘
366,09:57:09,22.25,0.0,3,6673,买盘
367,09:57:18,22.25,0.0,13,28916,买盘
368,09:57:27,22.23,-0.02,46,102278,卖盘
369,09:57:33,22.25,0.02,17,37793,买盘
370,09:57:42,22.21,-0.04,30,66653,卖盘
371,09:57:45,22.22,0.01,2,4444,买盘
372,09:57:48,22.22,0.0,79,175445,买盘
373,09:57:52,22.22,0.0,25,55530,买盘
374,09:58:01,22.17,-0.05,70,155365,卖盘
375,09:58:04,22.21,0.04,7,15541,买盘
376,09:58:06,22.19,-0.02,2,4438,中性盘
377,09:58:12,22.19,0.0,1,2219,卖盘
378,09:58:15,22.19,0.0,6,13314,卖盘
379,09:58:18,22.19,0.0,18,39942,卖盘
380,09:58:21,22.19,0.0,8,17745,买盘
381,09:58:24,22.19,0.0,14,31066,买盘
382,09:58:27,22.19,0.0,5,11095,卖盘
383,09:58:33,22.21,0.02,21,46611,买盘
384,09:58:36,22.19,-0.02,14,31066,卖盘
385,09:58:46,22.18,-0.01,1,2218,卖盘
386,09:58:48,22.19,0.01,10,22189,买盘
387,09:58:51,22.19,0.0,6,13314,买盘
388,09:58:54,22.19,0.0,2,4438,买盘
389,09:58:57,22.18,-0.01,2,4436,卖盘
390,09:59:00,22.18,0.0,5,11090,卖盘
391,09:59:03,22.21,0.03,11,24423,买盘
392,09:59:15,22.19,-0.02,1,2219,卖盘
393,09:59:18,22.22,0.03,11,24428,买盘
394,09:59:21,22.2,-0.02,1,2220,卖盘
395,09:59:27,22.21,0.01,1,2221,买盘
396,09:59:30,22.21,0.0,1,2221,卖盘
397,09:59:33,22.22,0.01,7,15554,买盘
398,09:59:39,22.21,-0.01,47,104419,卖盘
399,09:59:45,22.21,0.0,16,35536,卖盘
400,09:59:48,22.24,0.03,2,4448,买盘
401,09:59:54,22.21,-0.03,1,2221,卖盘
402,09:59:57,22.21,0.0,5,11105,卖盘
403,10:00:03,22.22,0.01,2,4444,卖盘
404,10:00:10,22.23,0.01,1,2223,中性盘
405,10:00:13,22.23,0.0,1,2223,卖盘
406,10:00:15,22.24,0.01,7,15568,买盘
407,10:00:22,22.24,0.0,15,33360,买盘
408,10:00:24,22.24,0.0,6,13344,买盘
409,10:00:30,22.24,0.0,14,31148,卖盘
410,10:00:33,22.25,0.01,2,4450,买盘
411,10:00:36,22.24,-0.01,13,28915,卖盘
412,10:00:43,22.25,0.01,10,22250,买盘
413,10:00:46,22.24,-0.01,30,66740,卖盘
414,10:00:57,22.24,0.0,13,28924,卖盘
415,10:01:03,22.25,0.01,52,115699,买盘
416,10:01:06,22.25,0.0,1,2225,买盘
417,10:01:09,22.26,0.01,4,8904,买盘
418,10:01:15,22.24,-0.02,53,117891,卖盘
419,10:01:18,22.24,0.0,2,4447,买盘
420,10:01:24,22.24,0.0,6,13339,买盘
421,10:01:30,22.24,0.0,30,66720,买盘
422,10:01:33,22.23,-0.01,22,48906,卖盘
423,10:01:36,22.22,-0.01,1,2222,卖盘
424,10:01:40,22.23,0.01,20,44460,买盘
425,10:01:43,22.22,-0.01,1,2222,卖盘
426,10:01:46,22.22,0.0,100,222200,卖盘
427,10:01:48,22.22,0.0,5,11110,卖盘
428,10:01:51,22.23,0.01,7,15561,买盘
429,10:01:54,22.22,-0.01,48,106656,卖盘
430,10:01:57,22.21,-0.01,10,21322,卖盘
431,10:02:00,22.22,0.01,2,4444,买盘
432,10:02:04,22.22,0.0,1,2222,卖盘
433,10:02:06,22.22,0.0,10,22220,卖盘
434,10:02:09,22.22,0.0,3,6667,卖盘
435,10:02:12,22.21,-0.01,14,31105,卖盘
436,10:02:15,22.22,0.01,1,2222,中性盘
437,10:02:18,22.22,0.0,3,6668,卖盘
438,10:02:21,22.23,0.01,5,11115,买盘
439,10:02:24,22.22,-0.01,50,111100,卖盘
440,10:02:27,22.23,0.01,5,11115,买盘
441,10:02:30,22.22,-0.01,2,4444,卖盘
442,10:02:36,22.22,0.0,50,111100,卖盘
443,10:02:39,22.22,0.0,7,15554,卖盘
444,10:02:42,22.21,-0.01,30,66636,卖盘
445,10:02:46,22.21,0.0,17,37757,卖盘
446,10:02:51,22.2,-0.01,1,2220,卖盘
447,10:03:00,22.2,0.0,21,46620,卖盘
448,10:03:06,22.22,0.02,72,159780,买盘
449,10:03:18,22.2,-0.02,5,11100,买盘
450,10:03:22,22.18,-0.02,8,17740,中性盘
451,10:03:24,22.18,0.0,4,8872,卖盘
452,10:03:27,22.18,0.0,1,2218,卖盘
453,10:03:30,22.18,0.0,9,19962,卖盘
454,10:03:36,22.17,-0.01,2,4434,卖盘
455,10:03:42,22.18,0.01,1,2218,卖盘
456,10:03:45,22.18,0.0,18,39924,卖盘
457,10:03:48,22.17,-0.01,2,4434,卖盘
458,10:03:51,22.17,0.0,44,97415,卖盘
459,10:03:57,22.16,-0.01,1,2216,卖盘
460,10:04:00,22.16,0.0,4,8864,卖盘
461,10:04:03,22.16,0.0,48,106368,卖盘
462,10:04:06,22.11,-0.05,104,230320,卖盘
463,10:04:12,22.1,-0.01,19,41994,卖盘
464,10:04:22,22.1,0.0,19,41936,买盘
465,10:04:24,22.05,-0.05,54,119118,卖盘
466,10:04:27,22.05,0.0,30,66174,卖盘
467,10:04:30,22.05,0.0,1,2205,卖盘
468,10:04:33,22.05,0.0,27,59546,卖盘
469,10:04:36,22.04,-0.01,15,33066,卖盘
470,10:04:39,22.05,0.01,1,2205,买盘
471,10:04:43,22.06,0.01,13,28668,买盘
472,10:04:45,22.1,0.04,6,13260,买盘
473,10:04:51,22.06,-0.04,18,39708,卖盘
474,10:04:55,22.06,0.0,7,15442,卖盘
475,10:05:00,22.06,0.0,5,11030,卖盘
476,10:05:03,22.07,0.01,1,2207,中性盘
477,10:05:12,22.08,0.01,1,2208,卖盘
478,10:05:15,22.06,-0.02,27,59578,卖盘
479,10:05:21,22.09,0.03,5,11045,卖盘
480,10:05:30,22.09,0.0,1,2209,买盘
481,10:05:33,22.09,0.0,4,8836,买盘
482,10:05:36,22.07,-0.02,47,103741,卖盘
483,10:05:39,22.09,0.02,1,2209,买盘
484,10:05:43,22.09,0.0,18,39762,买盘
485,10:05:46,22.1,0.01,69,152421,买盘
486,10:05:49,22.1,0.0,10,22095,买盘
487,10:05:51,22.09,-0.01,22,48598,中性盘
488,10:05:55,22.07,-0.02,59,130287,卖盘
489,10:05:57,22.1,0.03,20,44200,买盘
490,10:06:04,22.1,0.0,8,17680,买盘
491,10:06:06,22.11,0.01,14,30954,买盘
492,10:06:09,22.1,-0.01,27,59700,卖盘
493,10:06:12,22.11,0.01,5,11055,中性盘
494,10:06:16,22.15,0.04,8,17720,买盘
495,10:06:25,22.14,-0.01,1,2214,买盘
496,10:06:27,22.13,-0.01,1,2213,中性盘
497,10:06:30,22.15,0.02,41,90796,买盘
498,10:06:33,22.15,0.0,1,2215,买盘
499,10:06:37,22.14,-0.01,13,28794,卖盘
500,10:06:39,22.14,0.0,50,110703,卖盘
501,10:06:42,22.14,0.0,3,6642,卖盘
502,10:06:45,22.14,0.0,9,19933,卖盘
503,10:06:54,22.14,0.0,4,8858,卖盘
504,10:06:58,22.16,0.02,1,2216,买盘
505,10:07:04,22.16,0.0,6,13295,买盘
506,10:07:06,22.16,0.0,3,6648,买盘
507,10:07:12,22.15,-0.01,1,2215,卖盘
508,10:07:16,22.14,-0.01,136,301230,卖盘
509,10:07:27,22.15,0.01,18,39870,卖盘
510,10:07:33,22.15,0.0,5,11075,买盘
511,10:07:36,22.14,-0.01,5,11070,卖盘
512,10:07:45,22.14,0.0,53,117342,卖盘
513,10:07:52,22.11,-0.03,1,2211,卖盘
514,10:07:57,22.11,0.0,1,2211,卖盘
515,10:08:00,22.12,0.01,1,2212,中性盘
516,10:08:04,22.13,0.01,6,13278,卖盘
517,10:08:09,22.14,0.01,2,4428,买盘
518,10:08:16,22.13,-0.01,6,13279,卖盘
519,10:08:19,22.14,0.01,7,15498,买盘
520,10:08:21,22.14,0.0,3,6642,买盘
521,10:08:24,22.14,0.0,19,42065,买盘
522,10:08:30,22.14,0.0,5,11070,卖盘
523,10:08:33,22.14,0.0,1,2214,卖盘
524,10:08:36,22.15,0.01,10,22150,买盘
525,10:08:43,22.15,0.0,5,9303,卖盘
526,10:08:46,22.15,0.0,1,2215,卖盘
527,10:08:52,22.16,0.01,1,2216,买盘
528,10:09:01,22.16,0.0,22,48752,买盘
529,10:09:06,22.15,-0.01,31,70440,卖盘
530,10:09:12,22.16,0.01,46,101910,买盘
531,10:09:15,22.15,-0.01,1,2215,卖盘
532,10:09:18,22.15,0.0,1,2215,卖盘
533,10:09:22,22.15,0.0,2,4430,卖盘
534,10:09:24,22.14,-0.01,71,157210,卖盘
535,10:09:27,22.15,0.01,6,13289,买盘
536,10:09:33,22.15,0.0,9,19935,卖盘
537,10:09:37,22.15,0.0,1,2215,买盘
538,10:09:39,22.14,-0.01,26,57564,卖盘
539,10:09:48,22.14,0.0,2,4428,卖盘
540,10:09:54,22.14,0.0,22,48708,卖盘
541,10:10:00,22.14,0.0,5,11070,卖盘
542,10:10:06,22.14,0.0,6,13284,卖盘
543,10:10:09,22.13,-0.01,1,2213,卖盘
544,10:10:12,22.11,-0.02,3,6637,卖盘
545,10:10:21,22.11,0.0,5,11055,卖盘
546,10:10:34,22.11,0.0,16,35376,卖盘
547,10:10:46,22.11,0.0,4,8844,卖盘
548,10:10:54,22.11,0.0,1,2211,卖盘
549,10:11:15,22.11,0.0,5,11055,卖盘
550,10:11:18,22.11,0.0,1,2211,买盘
551,10:11:21,22.1,-0.01,1,2210,卖盘
552,10:11:27,22.1,0.0,43,95030,卖盘
553,10:11:30,22.1,0.0,7,15470,买盘
554,10:11:36,22.1,0.0,1,2210,卖盘
555,10:11:39,22.1,0.0,2,4420,卖盘
556,10:11:42,22.1,0.0,2,4420,卖盘
557,10:11:45,22.1,0.0,1,2210,买盘
558,10:11:51,22.09,-0.01,2,4419,卖盘
559,10:11:58,22.09,0.0,8,17676,卖盘
560,10:12:12,22.09,0.0,2,4418,卖盘
561,10:12:15,22.1,0.01,2,4420,买盘
562,10:12:21,22.09,-0.01,1,2209,卖盘
563,10:12:24,22.09,0.0,1,2209,卖盘
564,10:12:28,22.09,0.0,20,44180,卖盘
565,10:12:51,22.09,0.0,22,48603,卖盘
566,10:12:54,22.09,0.0,16,35344,卖盘
567,10:12:57,22.08,-0.01,1,2208,卖盘
568,10:13:00,22.09,0.01,1,2209,买盘
569,10:13:04,22.07,-0.02,145,320059,卖盘
570,10:13:06,22.06,-0.01,1,2206,卖盘
571,10:13:12,22.07,0.01,39,86073,买盘
572,10:13:36,22.07,0.0,12,26504,卖盘
573,10:13:39,22.09,0.02,5,11045,买盘
574,10:13:42,22.07,-0.02,1,2207,卖盘
575,10:13:51,22.07,0.0,2,4414,卖盘
576,10:13:54,22.09,0.02,10,22090,买盘
577,10:13:57,22.07,-0.02,21,46347,卖盘
578,10:14:04,22.09,0.02,6,13254,买盘
579,10:14:06,22.09,0.0,20,44180,买盘
580,10:14:10,22.07,-0.02,3,6621,卖盘
581,10:14:12,22.09,0.02,23,50807,买盘
582,10:14:15,22.07,-0.02,11,24297,卖盘
583,10:14:21,22.09,0.02,1,2209,买盘
584,10:14:24,22.09,0.0,4,8835,买盘
585,10:14:27,22.1,0.01,6,13255,买盘
586,10:14:30,22.07,-0.03,24,52999,卖盘
587,10:14:33,22.07,0.0,10,22070,卖盘
588,10:14:36,22.1,0.03,1,2210,买盘
589,10:14:49,22.07,-0.03,1,2207,卖盘
590,10:14:54,22.1,0.03,20,44200,买盘
591,10:14:57,22.11,0.01,2,4422,买盘
592,10:15:00,22.11,0.0,1,2211,买盘
593,10:15:04,22.1,-0.01,14,30941,卖盘
594,10:15:06,22.1,0.0,2,4421,卖盘
595,10:15:09,22.1,0.0,50,110500,卖盘
596,10:15:21,22.11,0.01,18,39797,买盘
597,10:15:24,22.11,0.0,7,15477,卖盘
598,10:15:36,22.1,-0.01,91,201186,卖盘
599,10:15:49,22.1,0.0,5,11050,卖盘
600,10:15:51,22.1,0.0,1,2210,卖盘
601,10:15:54,22.1,0.0,1,2210,卖盘
602,10:16:27,22.11,0.01,6,13271,卖盘
603,10:16:36,22.11,0.0,2,4423,卖盘
604,10:16:39,22.11,0.0,9,19900,卖盘
605,10:16:43,22.11,0.0,1,2211,卖盘
606,10:17:00,22.11,0.0,1,2211,卖盘
607,10:17:06,22.12,0.01,1,2212,买盘
608,10:17:12,22.11,-0.01,1,2211,卖盘
609,10:17:19,22.11,0.0,1,2211,卖盘
610,10:17:21,22.11,0.0,40,88440,卖盘
611,10:17:24,22.12,0.01,2,4424,买盘
612,10:17:27,22.07,-0.05,100,220937,卖盘
613,10:17:33,22.11,0.04,3,6629,中性盘
614,10:17:54,22.08,-0.03,4,8832,卖盘
615,10:18:04,22.07,-0.01,48,105950,卖盘
616,10:18:06,22.06,-0.01,3,6620,卖盘
617,10:18:12,22.07,0.01,7,15449,买盘
618,10:18:15,22.07,0.0,44,97108,买盘
619,10:18:43,22.07,0.0,10,22076,卖盘
620,10:18:48,22.08,0.01,2,4418,卖盘
621,10:18:51,22.08,0.0,1,2208,卖盘
622,10:19:21,22.1,0.02,55,121550,买盘
623,10:19:24,22.07,-0.03,59,130271,卖盘
624,10:19:30,22.07,0.0,9,19871,卖盘
625,10:19:36,22.08,0.01,7,15456,买盘
626,10:19:39,22.08,0.0,2,4416,买盘
627,10:19:42,22.08,0.0,33,72864,买盘
628,10:19:46,22.07,-0.01,8,17656,卖盘
629,10:19:48,22.1,0.03,27,59670,买盘
630,10:19:54,22.1,0.0,45,99413,买盘
631,10:19:58,22.07,-0.03,3,6621,卖盘
632,10:20:01,22.1,0.03,49,108290,买盘
633,10:20:06,22.07,-0.03,65,143455,卖盘
634,10:20:09,22.1,0.03,3,6627,买盘
635,10:20:15,22.07,-0.03,1,2207,卖盘
636,10:20:19,22.06,-0.01,21,46342,卖盘
637,10:20:21,22.07,0.01,2,4414,卖盘
638,10:20:24,22.07,0.0,10,22070,买盘
639,10:20:27,22.07,0.0,2,4414,买盘
640,10:20:30,22.06,-0.01,3,6618,卖盘
641,10:20:33,22.07,0.01,11,24267,买盘
642,10:20:36,22.05,-0.02,186,409228,卖盘
643,10:20:42,22.07,0.02,1,2207,买盘
644,10:20:58,22.05,-0.02,1,2205,卖盘
645,10:21:01,22.05,0.0,58,127890,卖盘
646,10:21:03,22.04,-0.01,7,16382,卖盘
647,10:21:09,22.04,0.0,23,50695,卖盘
648,10:21:12,22.04,0.0,3,6614,卖盘
649,10:21:15,22.04,0.0,7,15428,卖盘
650,10:21:21,22.04,0.0,6,13224,卖盘
651,10:21:24,22.04,0.0,2,4408,卖盘
652,10:21:27,22.04,0.0,26,57304,卖盘
653,10:21:30,22.04,0.0,9,19836,卖盘
654,10:21:33,22.04,0.0,17,37458,卖盘
655,10:21:36,22.01,-0.03,10,22019,卖盘
656,10:21:39,22.04,0.03,5,11020,买盘
657,10:21:42,22.01,-0.03,23,50623,卖盘
658,10:21:45,22.0,-0.01,1,2200,卖盘
659,10:21:57,22.01,0.01,2,4402,卖盘
660,10:22:00,22.0,-0.01,264,580810,卖盘
661,10:22:10,21.97,-0.03,130,285899,卖盘
662,10:22:12,22.0,0.03,4,8794,买盘
663,10:22:15,21.95,-0.05,49,107589,卖盘
664,10:22:18,22.0,0.05,65,142879,买盘
665,10:22:27,21.95,-0.05,1,2195,卖盘
666,10:22:33,21.95,0.0,62,136114,卖盘
667,10:22:39,21.95,0.0,1,2195,买盘
668,10:22:42,21.95,0.0,15,32925,买盘
669,10:22:48,21.99,0.04,4,8796,买盘
670,10:22:57,21.99,0.0,33,72567,卖盘
671,10:23:09,21.95,-0.04,3,4837,卖盘
672,10:23:12,21.95,0.0,10,21950,卖盘
673,10:23:15,21.95,0.0,1,2195,卖盘
674,10:23:21,21.95,0.0,5,10975,卖盘
675,10:23:25,21.95,0.0,38,85171,卖盘
676,10:23:31,21.95,0.0,18,37754,买盘
677,10:23:34,21.95,0.0,4,8780,卖盘
678,10:23:36,21.95,0.0,71,155821,卖盘
679,10:23:42,21.98,0.03,1,2198,买盘
680,10:23:45,21.95,-0.03,33,72435,卖盘
681,10:23:48,21.94,-0.01,5,10971,卖盘
682,10:23:51,21.95,0.01,6,13170,买盘
683,10:23:54,21.95,0.0,5,10975,买盘
684,10:23:57,21.95,0.0,1,2195,卖盘
685,10:24:00,21.95,0.0,55,120740,卖盘
686,10:24:03,21.95,0.0,15,32925,买盘
687,10:24:06,21.95,0.0,19,41705,卖盘
688,10:24:09,21.95,0.0,20,43900,卖盘
689,10:24:13,21.98,0.03,3,6594,买盘
690,10:24:15,21.98,0.0,6,13188,买盘
691,10:24:21,21.95,-0.03,6,13185,卖盘
692,10:24:28,21.99,0.04,6,13189,买盘
693,10:24:33,21.99,0.0,6,13194,买盘
694,10:24:36,21.98,-0.01,7,15386,卖盘
695,10:24:39,21.98,0.0,5,10990,卖盘
696,10:24:42,21.98,0.0,1,2198,卖盘
697,10:24:45,21.96,-0.02,21,46145,卖盘
698,10:24:48,21.95,-0.01,51,111949,卖盘
699,10:24:51,21.95,0.0,27,59265,买盘
700,10:24:54,21.94,-0.01,1,2194,卖盘
701,10:24:57,21.95,0.01,10,21950,买盘
702,10:25:00,21.95,0.0,2,4390,买盘
703,10:25:04,21.95,0.0,7,15365,买盘
704,10:25:06,21.95,0.0,4,8780,买盘
705,10:25:09,21.94,-0.01,30,65822,卖盘
706,10:25:12,21.95,0.01,68,149260,买盘
707,10:25:15,21.95,0.0,21,46095,买盘
708,10:25:18,21.95,0.0,14,30730,买盘
709,10:25:21,21.96,0.01,14,30733,买盘
710,10:25:25,21.95,-0.01,1,2195,中性盘
711,10:25:27,21.96,0.01,228,500464,买盘
712,10:25:30,21.95,-0.01,2,4390,卖盘
713,10:25:33,21.9,-0.05,146,319961,卖盘
714,10:25:36,21.96,0.06,2,4392,买盘
715,10:25:39,21.96,0.0,33,72467,买盘
716,10:25:52,21.95,-0.01,2,4390,卖盘
717,10:25:54,21.95,0.0,22,48290,买盘
718,10:25:57,21.94,-0.01,1,2194,卖盘
719,10:26:03,21.94,0.0,1,2194,卖盘
720,10:26:12,21.94,0.0,1,2194,卖盘
721,10:26:18,21.94,0.0,11,24144,卖盘
722,10:26:39,21.94,0.0,28,61432,卖盘
723,10:26:42,21.93,-0.01,1,2193,卖盘
724,10:26:46,21.93,0.0,1,2193,卖盘
725,10:26:51,21.93,0.0,4,8772,中性盘
726,10:26:57,21.91,-0.02,13,28495,卖盘
727,10:27:12,21.91,0.0,19,41631,卖盘
728,10:27:18,21.92,0.01,4,8768,卖盘
729,10:27:24,21.92,0.0,22,48224,卖盘
730,10:27:27,21.92,0.0,1,2192,卖盘
731,10:27:33,21.94,0.02,1,2194,买盘
732,10:27:39,21.95,0.01,19,41699,买盘
733,10:27:42,21.92,-0.03,150,329121,卖盘
734,10:27:51,21.92,0.0,21,46092,卖盘
735,10:27:54,21.92,0.0,47,103040,卖盘
736,10:28:00,21.92,0.0,11,24112,买盘
737,10:28:09,21.92,0.0,1,2192,卖盘
738,10:28:15,21.92,0.0,12,26304,卖盘
739,10:28:24,21.92,0.0,1,2192,卖盘
740,10:28:30,21.92,0.0,2,4384,卖盘
741,10:28:33,21.95,0.03,1,2195,买盘
742,10:28:45,21.95,0.0,7,15365,买盘
743,10:28:48,21.96,0.01,41,90036,买盘
744,10:28:54,21.95,-0.01,51,111990,卖盘
745,10:28:58,21.98,0.03,20,43960,买盘
746,10:29:01,21.98,0.0,2,4396,买盘
747,10:29:06,21.98,0.0,10,21980,买盘
748,10:29:09,21.97,-0.01,1,2197,卖盘
749,10:29:15,21.98,0.01,2,4396,买盘
750,10:29:18,21.98,0.0,52,114266,买盘
751,10:29:24,21.98,0.0,5,10990,卖盘
752,10:29:33,22.0,0.02,35,77000,买盘
753,10:29:39,22.0,0.0,161,355454,买盘
754,10:29:42,21.98,-0.02,146,321187,卖盘
755,10:29:51,22.04,0.06,14,30838,买盘
756,10:29:55,22.0,-0.04,15,33041,卖盘
757,10:29:58,21.98,-0.02,2,4396,卖盘
758,10:30:04,21.98,0.0,12,26426,卖盘
759,10:30:09,21.99,0.01,2,4398,卖盘
760,10:30:12,21.99,0.0,1,2199,卖盘
761,10:30:15,21.99,0.0,1,2199,卖盘
762,10:30:42,22.03,0.04,24,52844,买盘
763,10:30:48,22.0,-0.03,31,68200,卖盘
764,10:30:54,22.02,0.02,4,8808,卖盘
765,10:30:57,22.0,-0.02,19,41814,卖盘
766,10:31:00,22.0,0.0,1,2200,买盘
767,10:31:18,22.0,0.0,50,110000,卖盘
768,10:31:21,22.0,0.0,1,2200,卖盘
769,10:31:24,22.0,0.0,20,44000,卖盘
770,10:31:27,22.0,0.0,6,13200,卖盘
771,10:31:34,22.0,0.0,6,13200,卖盘
772,10:31:36,22.0,0.0,6,13200,卖盘
773,10:31:39,22.0,0.0,8,17600,卖盘
774,10:31:42,22.0,0.0,8,17600,卖盘
775,10:31:45,21.99,-0.01,15,32998,卖盘
776,10:31:48,21.99,0.0,12,26388,卖盘
777,10:31:51,22.0,0.01,25,54979,买盘
778,10:31:54,21.98,-0.02,3,6594,卖盘
779,10:31:57,21.98,0.0,9,19782,卖盘
780,10:32:00,21.98,0.0,8,17586,卖盘
781,10:32:03,21.98,0.0,2,4396,卖盘
782,10:32:06,21.98,0.0,14,30772,卖盘
783,10:32:09,21.97,-0.01,9,19773,卖盘
784,10:32:12,21.97,0.0,7,15379,卖盘
785,10:32:15,21.97,0.0,225,494325,卖盘
786,10:32:18,21.95,-0.02,2,4391,卖盘
787,10:32:21,21.95,0.0,4,8780,卖盘
788,10:32:24,21.95,0.0,1,2195,卖盘
789,10:32:27,21.95,0.0,3,6585,卖盘
790,10:32:39,21.95,0.0,4,8780,买盘
791,10:32:48,21.92,-0.03,8,17536,卖盘
792,10:32:52,21.92,0.0,18,39456,卖盘
793,10:32:57,21.92,0.0,31,67952,买盘
794,10:33:01,21.92,0.0,32,70104,买盘
795,10:33:04,21.91,-0.01,16,35064,卖盘
796,10:33:06,21.91,0.0,161,352597,买盘
797,10:33:09,21.91,0.0,1,2191,卖盘
798,10:33:18,21.91,0.0,30,65753,卖盘
799,10:33:27,21.95,0.04,7,15364,买盘
800,10:33:33,21.91,-0.04,9,19759,卖盘
801,10:33:42,21.94,0.03,50,109700,买盘
802,10:33:51,21.91,-0.03,1,2191,卖盘
803,10:34:00,21.98,0.07,36,79128,买盘
804,10:34:06,21.94,-0.04,1,2194,卖盘
805,10:34:09,21.99,0.05,6,13194,买盘
806,10:34:15,21.99,0.0,19,41756,买盘
807,10:34:36,21.95,-0.04,1,2195,卖盘
808,10:34:45,21.95,0.0,1,2195,卖盘
809,10:34:52,21.95,0.0,1,2195,卖盘
810,10:34:54,21.95,0.0,27,59288,卖盘
811,10:35:09,21.92,-0.03,16,35111,卖盘
812,10:35:22,21.96,0.04,5,10976,买盘
813,10:35:24,21.93,-0.03,3,6585,中性盘
814,10:35:27,21.96,0.03,4,8784,买盘
815,10:35:30,21.96,0.0,4,8784,买盘
816,10:35:34,21.93,-0.03,42,92215,卖盘
817,10:35:42,21.99,0.06,2,4398,买盘
818,10:35:54,21.99,0.0,1,2199,卖盘
819,10:35:57,21.99,0.0,1,2199,卖盘
820,10:36:06,22.0,0.01,12,26400,买盘
821,10:36:13,22.0,0.0,25,55000,买盘
822,10:36:15,22.0,0.0,7,15400,买盘
823,10:36:18,22.0,0.0,3,6600,买盘
824,10:36:21,22.0,0.0,9,19800,买盘
825,10:36:27,22.0,0.0,1,2200,买盘
826,10:36:30,22.0,0.0,1,2200,卖盘
827,10:36:37,22.0,0.0,5,11012,卖盘
828,10:36:54,22.03,0.03,8,17624,买盘
829,10:37:00,22.04,0.01,1,2204,买盘
830,10:37:04,22.04,0.0,1,2204,卖盘
831,10:37:18,22.07,0.03,1,2207,买盘
832,10:37:24,22.07,0.0,5,11034,买盘
833,10:37:33,22.1,0.03,1,2210,买盘
834,10:37:36,22.06,-0.04,52,114940,卖盘
835,10:37:51,22.1,0.04,8,17656,买盘
836,10:37:58,22.05,-0.05,15,33075,卖盘
837,10:38:01,22.1,0.05,40,88383,买盘
838,10:38:06,22.04,-0.06,1,2204,卖盘
839,10:38:09,22.05,0.01,1,2205,中性盘
840,10:38:15,22.06,0.01,14,30884,卖盘
841,10:38:18,22.06,0.0,4,8824,卖盘
842,10:38:21,22.05,-0.01,2,4410,卖盘
843,10:38:30,22.05,0.0,9,19845,卖盘
844,10:38:33,22.05,0.0,7,15435,卖盘
845,10:38:36,22.04,-0.01,10,22040,卖盘
846,10:38:42,22.01,-0.03,3,6603,卖盘
847,10:38:48,22.01,0.0,2,4402,卖盘
848,10:38:51,22.01,0.0,1,2201,卖盘
849,10:39:00,22.01,0.0,20,44020,卖盘
850,10:39:15,22.01,0.0,1,2201,卖盘
851,10:39:33,22.01,0.0,1,2201,卖盘
852,10:39:49,22.01,0.0,1,2201,卖盘
853,10:39:54,22.01,0.0,35,77041,卖盘
854,10:40:00,22.01,0.0,8,17608,卖盘
855,10:40:06,22.01,0.0,1,2201,卖盘
856,10:40:15,22.07,0.06,23,50761,买盘
857,10:40:18,22.07,0.0,13,28691,卖盘
858,10:40:21,22.01,-0.06,4,8822,卖盘
859,10:40:36,22.02,0.01,8,17616,卖盘
860,10:40:51,22.02,0.0,1,2202,卖盘
861,10:40:54,22.02,0.0,1,2202,卖盘
862,10:41:12,22.03,0.01,4,8812,卖盘
863,10:41:18,22.07,0.04,8,17656,买盘
864,10:41:33,22.03,-0.04,2,4406,卖盘
865,10:41:36,22.03,0.0,1,2203,卖盘
866,10:41:39,22.03,0.0,1,2203,卖盘
867,10:41:48,22.03,0.0,2,4406,卖盘
868,10:41:54,22.05,0.02,26,57324,买盘
869,10:41:57,22.05,0.0,1,2205,买盘
870,10:42:04,22.05,0.0,6,13230,买盘
871,10:42:06,22.05,0.0,1,2205,买盘
872,10:42:09,22.05,0.0,6,13230,买盘
873,10:42:13,22.04,-0.01,5,11024,卖盘
874,10:42:15,22.05,0.01,9,19845,买盘
875,10:42:21,22.08,0.03,6,13245,买盘
876,10:42:24,22.05,-0.03,1,2205,卖盘
877,10:42:27,22.09,0.04,2,4418,买盘
878,10:42:30,22.1,0.01,20,44200,买盘
879,10:42:33,22.09,-0.01,1,2209,卖盘
880,10:42:36,22.13,0.04,7,15491,买盘
881,10:42:54,22.13,0.0,6,13278,买盘
882,10:43:04,22.09,-0.04,1,2209,卖盘
883,10:43:18,22.09,0.0,11,24299,卖盘
884,10:43:21,22.09,0.0,6,13254,卖盘
885,10:43:27,22.09,0.0,5,11045,卖盘
886,10:43:30,22.13,0.04,35,77415,买盘
887,10:43:36,22.09,-0.04,1,2209,卖盘
888,10:43:51,22.1,0.01,12,26553,卖盘
889,10:44:01,22.13,0.03,26,57538,买盘
890,10:44:22,22.1,-0.03,1,2210,卖盘
891,10:44:24,22.1,0.0,1,2210,卖盘
892,10:44:27,22.1,0.0,39,86190,卖盘
893,10:44:57,22.1,0.0,3,6629,买盘
894,10:45:07,22.09,-0.01,1,2209,卖盘
895,10:45:30,22.09,0.0,1,2209,卖盘
896,10:45:33,22.09,0.0,10,22090,卖盘
897,10:45:48,22.08,-0.01,2,4416,卖盘
898,10:45:51,22.08,0.0,4,8832,卖盘
899,10:46:01,22.06,-0.02,1,2206,卖盘
900,10:46:04,22.06,0.0,1,2206,卖盘
901,10:46:33,22.06,0.0,1,2206,卖盘
902,10:46:36,22.06,0.0,1,2206,卖盘
903,10:47:06,22.06,0.0,1,2206,卖盘
904,10:47:09,22.06,0.0,1,2206,卖盘
905,10:47:30,22.08,0.02,4,8832,卖盘
906,10:47:37,22.08,0.0,10,22080,卖盘
907,10:47:51,22.06,-0.02,1,2206,卖盘
908,10:47:54,22.06,0.0,1,2206,卖盘
909,10:48:06,22.06,0.0,1,2206,卖盘
910,10:48:15,22.14,0.08,100,221325,买盘
911,10:48:27,22.06,-0.08,1,2206,卖盘
912,10:48:30,22.12,0.06,2,4424,买盘
913,10:48:36,22.07,-0.05,1,2207,卖盘
914,10:48:54,22.09,0.02,24,52154,卖盘
915,10:49:01,22.09,0.0,1,2209,卖盘
916,10:49:04,22.11,0.02,2,4422,买盘
917,10:49:09,22.11,0.0,1,2211,卖盘
918,10:49:18,22.09,-0.02,6,13254,卖盘
919,10:49:33,22.09,0.0,1,2209,卖盘
920,10:50:04,22.09,0.0,1,2209,卖盘
921,10:50:06,22.09,0.0,1,2209,卖盘
922,10:50:18,22.09,0.0,12,27149,卖盘
923,10:50:39,22.09,0.0,3,6627,卖盘
924,10:50:42,22.12,0.03,2,4424,买盘
925,10:50:45,22.12,0.0,2,4424,卖盘
926,10:50:48,22.12,0.0,6,13272,卖盘
927,10:50:51,22.12,0.0,13,28756,卖盘
928,10:51:00,22.09,-0.03,5,11045,卖盘
929,10:51:03,22.08,-0.01,100,220819,卖盘
930,10:51:12,22.08,0.0,21,46368,卖盘
931,10:51:30,22.08,0.0,1,2208,卖盘
932,10:51:33,22.08,0.0,1,2208,卖盘
933,10:51:48,22.08,0.0,50,110400,卖盘
934,10:52:15,22.08,0.0,1,2208,卖盘
935,10:52:18,22.09,0.01,2,4418,买盘
936,10:52:42,22.12,0.03,1,2212,买盘
937,10:52:48,22.09,-0.03,3,6627,买盘
938,10:53:06,22.09,0.0,4,8836,买盘
939,10:53:09,22.09,0.0,2,4418,买盘
940,10:53:16,22.09,0.0,6,13254,买盘
941,10:53:18,22.09,0.0,2,4418,买盘
942,10:53:21,22.09,0.0,2,4418,买盘
943,10:53:24,22.08,-0.01,8,17664,卖盘
944,10:53:36,22.08,0.0,2,4416,卖盘
945,10:53:39,22.08,0.0,13,28704,卖盘
946,10:54:06,22.08,0.0,1,2208,卖盘
947,10:54:36,22.09,0.01,19,41971,买盘
948,10:54:48,22.09,0.0,2,4418,买盘
949,10:55:57,22.12,0.03,20,44240,买盘
950,10:56:09,22.09,-0.03,25,55237,卖盘
951,10:56:12,22.12,0.03,4,8848,买盘
952,10:56:18,22.09,-0.03,65,143630,卖盘
953,10:56:30,22.12,0.03,51,112810,买盘
954,10:56:34,22.13,0.01,49,108405,买盘
955,10:56:37,22.14,0.01,21,46478,买盘
956,10:56:39,22.14,0.0,25,55350,买盘
957,10:56:43,22.15,0.01,22,48722,买盘
958,10:56:48,22.15,0.0,10,22150,买盘
959,10:56:51,22.15,0.0,6,13290,买盘
960,10:56:57,22.13,-0.02,50,110658,卖盘
961,10:57:15,22.15,0.02,1,2215,买盘
962,10:57:21,22.15,0.0,3,6645,买盘
963,10:57:34,22.15,0.0,4,8860,卖盘
964,10:57:45,22.15,0.0,10,22150,卖盘
965,10:57:48,22.16,0.01,10,22160,买盘
966,10:57:57,22.15,-0.01,10,22150,卖盘
967,10:58:00,22.16,0.01,3,6648,买盘
968,10:58:04,22.16,0.0,7,15512,买盘
969,10:58:24,22.17,0.01,28,62076,买盘
970,10:58:45,22.17,0.0,8,17736,买盘
971,10:58:48,22.17,0.0,1,2217,买盘
972,10:58:51,22.17,0.0,1,2217,买盘
973,10:58:57,22.21,0.04,80,177575,买盘
974,10:59:10,22.2,-0.01,7,15540,中性盘
975,10:59:30,22.2,0.0,12,26640,买盘
976,10:59:55,22.2,0.0,8,17760,买盘
977,10:59:57,22.2,0.0,1,2220,买盘
978,11:00:13,22.2,0.0,9,19980,买盘
979,11:00:24,22.19,-0.01,15,33285,卖盘
980,11:00:27,22.19,0.0,2,4438,卖盘
981,11:00:39,22.2,0.01,14,31080,买盘
982,11:00:48,22.19,-0.01,2,4438,卖盘
983,11:00:54,22.19,0.0,10,22190,卖盘
984,11:00:57,22.19,0.0,4,8876,卖盘
985,11:01:00,22.19,0.0,25,55475,卖盘
986,11:01:04,22.18,-0.01,3,6654,卖盘
987,11:01:06,22.17,-0.01,22,48776,卖盘
988,11:01:09,22.17,0.0,17,37689,卖盘
989,11:01:12,22.17,0.0,13,28821,卖盘
990,11:01:33,22.17,0.0,10,22170,卖盘
991,11:01:54,22.2,0.03,14,31074,买盘
992,11:02:15,22.17,-0.03,4,8868,卖盘
993,11:03:06,22.2,0.03,13,28840,买盘
994,11:03:30,22.2,0.0,71,157410,买盘
995,11:03:33,22.2,0.0,6,13320,买盘
996,11:04:00,22.16,-0.04,10,22160,卖盘
997,11:04:09,22.2,0.04,12,26640,买盘
998,11:04:33,22.16,-0.04,1,2216,卖盘
999,11:04:36,22.2,0.04,19,42180,买盘
1000,11:04:54,22.17,-0.03,10,22170,卖盘
1001,11:05:15,22.2,0.03,12,26634,买盘
1002,11:06:15,22.2,0.0,12,26640,买盘
1003,11:06:30,22.18,-0.02,58,128644,卖盘
1004,11:06:33,22.18,0.0,2,4436,卖盘
1005,11:07:09,22.19,0.01,1,2219,买盘
1006,11:07:21,22.18,-0.01,9,19962,卖盘
1007,11:07:27,22.18,0.0,5,11090,卖盘
1008,11:07:30,22.19,0.01,10,22190,买盘
1009,11:07:49,22.18,-0.01,5,11090,卖盘
1010,11:08:45,22.18,0.0,20,44360,卖盘
1011,11:08:55,22.17,-0.01,1,2217,卖盘
1012,11:08:57,22.17,0.0,16,35472,卖盘
1013,11:09:45,22.16,-0.01,3,6648,卖盘
1014,11:09:48,22.16,0.0,12,26592,卖盘
1015,11:09:51,22.16,0.0,73,161768,卖盘
1016,11:09:54,22.16,0.0,89,197224,卖盘
1017,11:09:57,22.14,-0.02,2,4428,中性盘
1018,11:10:04,22.11,-0.03,1,2211,卖盘
1019,11:10:06,22.11,0.0,1,2211,卖盘
1020,11:10:21,22.11,0.0,3,6633,卖盘
1021,11:10:30,22.1,-0.01,16,36310,卖盘
1022,11:10:33,22.1,0.0,15,33150,卖盘
1023,11:10:36,22.1,0.0,22,48620,卖盘
1024,11:10:39,22.1,0.0,5,11050,卖盘
1025,11:10:42,22.1,0.0,41,90610,卖盘
1026,11:10:45,22.1,0.0,14,30940,卖盘
1027,11:10:48,22.07,-0.03,44,96270,卖盘
1028,11:10:51,22.07,0.0,5,11035,卖盘
1029,11:10:54,22.06,-0.01,19,41930,卖盘
1030,11:11:12,22.05,-0.01,1,2205,中性盘
1031,11:11:22,22.05,0.0,4,8820,买盘
1032,11:11:30,22.04,-0.01,2,4408,卖盘
1033,11:11:39,22.04,0.0,13,28652,卖盘
1034,11:11:42,22.04,0.0,13,28652,卖盘
1035,11:11:58,22.04,0.0,32,70528,卖盘
1036,11:12:09,22.04,0.0,5,11020,买盘
1037,11:12:15,22.03,-0.01,2,4406,卖盘
1038,11:12:24,22.04,0.01,10,22040,买盘
1039,11:12:43,22.03,-0.01,5,11015,卖盘
1040,11:12:48,22.03,0.0,2,4406,卖盘
1041,11:12:51,22.04,0.01,1,2204,买盘
1042,11:13:03,22.02,-0.02,100,220218,卖盘
1043,11:13:07,22.03,0.01,1,2203,卖盘
1044,11:13:24,22.02,-0.01,5,11010,买盘
1045,11:13:27,22.01,-0.01,10,22010,卖盘
1046,11:13:30,22.02,0.01,6,13210,买盘
1047,11:13:33,22.02,0.0,10,22020,买盘
1048,11:13:36,22.01,-0.01,1,2201,卖盘
1049,11:13:39,22.01,0.0,2,4402,卖盘
1050,11:13:42,22.01,0.0,28,61628,卖盘
1051,11:13:45,22.01,0.0,21,46221,卖盘
1052,11:13:48,22.0,-0.01,102,224400,卖盘
1053,11:13:54,22.0,0.0,14,30809,卖盘
1054,11:13:57,22.0,0.0,5,11000,卖盘
1055,11:14:04,21.99,-0.01,80,175940,卖盘
1056,11:14:06,22.01,0.02,71,156266,买盘
1057,11:14:12,22.01,0.0,56,123255,买盘
1058,11:14:15,22.01,0.0,116,255316,买盘
1059,11:14:22,22.01,0.0,1,2201,买盘
1060,11:14:25,22.01,0.0,7,15407,买盘
1061,11:14:27,22.01,0.0,6,13206,买盘
1062,11:14:36,22.02,0.01,20,44040,卖盘
1063,11:14:40,22.02,0.0,18,39603,卖盘
1064,11:14:45,22.02,0.0,11,24222,卖盘
1065,11:14:48,21.98,-0.04,16,35169,卖盘
1066,11:14:54,21.98,0.0,20,43960,卖盘
1067,11:15:00,21.98,0.0,4,8792,卖盘
1068,11:15:06,22.0,0.02,34,74800,卖盘
1069,11:15:15,21.98,-0.02,12,26383,卖盘
1070,11:15:30,21.99,0.01,10,21990,买盘
1071,11:15:33,21.99,0.0,1,2199,卖盘
1072,11:15:40,21.99,0.0,2,4398,卖盘
1073,11:15:48,21.99,0.0,2,4398,卖盘
1074,11:16:00,21.99,0.0,3,6597,卖盘
1075,11:16:18,21.99,0.0,20,43980,卖盘
1076,11:16:42,22.0,0.01,1,2200,买盘
1077,11:16:45,22.0,0.0,3,6600,买盘
1078,11:17:04,21.99,-0.01,11,24190,卖盘
1079,11:17:06,22.0,0.01,5,11000,买盘
1080,11:17:15,22.0,0.0,5,11000,买盘
1081,11:17:18,22.0,0.0,2,4400,买盘
1082,11:17:22,21.99,-0.01,20,43980,卖盘
1083,11:17:30,21.99,0.0,4,8796,卖盘
1084,11:17:48,21.99,0.0,67,147333,卖盘
1085,11:18:06,22.0,0.01,3,6600,买盘
1086,11:18:15,22.0,0.0,10,22000,买盘
1087,11:18:27,22.0,0.0,18,39584,买盘
1088,11:18:39,21.99,-0.01,2,4398,卖盘
1089,11:18:42,22.0,0.01,10,22000,买盘
1090,11:18:54,22.0,0.0,5,11000,买盘
1091,11:18:57,21.99,-0.01,2,4398,卖盘
1092,11:19:06,22.0,0.01,2,4400,买盘
1093,11:19:09,21.99,-0.01,8,17595,卖盘
1094,11:19:15,21.99,0.0,26,57174,卖盘
1095,11:19:18,22.02,0.03,2,4404,买盘
1096,11:19:27,22.02,0.0,5,11010,买盘
1097,11:19:30,22.03,0.01,4,8810,买盘
1098,11:19:33,22.04,0.01,30,66092,买盘
1099,11:19:37,22.04,0.0,34,74936,买盘
1100,11:19:40,22.06,0.02,17,37482,买盘
1101,11:19:42,22.06,0.0,29,63974,买盘
1102,11:19:45,22.05,-0.01,1,2205,卖盘
1103,11:19:48,22.1,0.05,1,2210,买盘
1104,11:19:51,22.1,0.0,8,17680,买盘
1105,11:19:54,22.1,0.0,2,5370,买盘
1106,11:20:07,22.16,0.06,7,15512,买盘
1107,11:20:13,22.16,0.0,5,11080,买盘
1108,11:20:33,22.12,-0.04,1,2212,卖盘
1109,11:20:42,22.12,0.0,8,17696,卖盘
1110,11:20:51,22.12,0.0,28,61936,卖盘
1111,11:20:54,22.16,0.04,12,26576,买盘
1112,11:21:13,22.11,-0.05,1,2211,买盘
1113,11:21:33,22.13,0.02,2,4426,买盘
1114,11:21:42,22.15,0.02,4,8860,买盘
1115,11:21:45,22.13,-0.02,14,30982,卖盘
1116,11:21:48,22.13,0.0,2,4426,卖盘
1117,11:21:51,22.13,0.0,5,11065,卖盘
1118,11:22:36,22.15,0.02,6,13290,买盘
1119,11:22:39,22.13,-0.02,1,2213,买盘
1120,11:22:42,22.13,0.0,4,8852,买盘
1121,11:22:45,22.15,0.02,12,26580,买盘
1122,11:22:52,22.14,-0.01,1,2214,买盘
1123,11:23:00,22.14,0.0,2,4428,买盘
1124,11:23:04,22.13,-0.01,2,4426,卖盘
1125,11:23:09,22.14,0.01,4,8856,买盘
1126,11:23:33,22.13,-0.01,20,44260,卖盘
1127,11:23:39,22.13,0.0,11,24343,卖盘
1128,11:24:04,22.15,0.02,4,8857,买盘
1129,11:24:33,22.15,0.0,5,11075,买盘
1130,11:24:42,22.15,0.0,2,4430,买盘
1131,11:24:45,22.13,-0.02,10,22130,卖盘
1132,11:25:04,22.15,0.02,1,2215,买盘
1133,11:25:12,22.13,-0.02,3,6639,卖盘
1134,11:25:21,22.15,0.02,2,4430,买盘
1135,11:25:33,22.15,0.0,4,8860,买盘
1136,11:25:36,22.13,-0.02,10,22130,卖盘
1137,11:25:39,22.13,0.0,20,44260,卖盘
1138,11:25:51,22.13,0.0,4,8852,卖盘
1139,11:25:54,22.13,0.0,2,4426,买盘
1140,11:26:42,22.13,0.0,8,17704,买盘
1141,11:27:06,22.13,0.0,1,2213,买盘
1142,11:27:16,22.1,-0.03,9,19890,卖盘
1143,11:27:18,22.13,0.03,2,4426,买盘
1144,11:28:30,22.13,0.0,5,11065,买盘
1145,11:28:42,22.13,0.0,60,132780,买盘
1146,11:28:45,22.13,0.0,2,4426,买盘
1147,11:28:48,22.13,0.0,6,13270,买盘
1148,11:29:09,22.16,0.03,15,33225,买盘
1149,11:29:18,22.16,0.0,16,35456,买盘
1150,11:29:33,22.15,-0.01,2,4430,买盘
1151,11:29:54,22.15,0.0,3,6645,买盘
1152,13:00:04,22.15,0.0,6,13262,买盘
1153,13:00:12,22.14,-0.01,11,24354,买盘
1154,13:00:24,22.1,-0.04,9,19890,卖盘
1155,13:00:30,22.1,0.0,1,2210,卖盘
1156,13:00:33,22.1,0.0,2,4420,买盘
1157,13:00:39,22.09,-0.01,9,19881,卖盘
1158,13:00:42,22.1,0.01,2,4420,买盘
1159,13:00:45,22.09,-0.01,1,2209,卖盘
1160,13:01:00,22.09,0.0,2,4418,卖盘
1161,13:01:06,22.09,0.0,30,66270,卖盘
1162,13:01:18,22.09,0.0,2,4418,卖盘
1163,13:01:45,22.08,-0.01,2,4416,买盘
1164,13:01:48,22.09,0.01,14,30924,买盘
1165,13:02:45,22.07,-0.02,2,4414,卖盘
1166,13:02:58,22.07,0.0,29,64003,卖盘
1167,13:04:03,22.04,-0.03,11,24244,卖盘
1168,13:04:06,22.04,0.0,2,4408,买盘
1169,13:04:09,22.04,0.0,2,4408,买盘
1170,13:04:12,22.07,0.03,4,8828,买盘
1171,13:04:31,22.03,-0.04,9,19827,卖盘
1172,13:04:42,22.02,-0.01,26,57275,卖盘
1173,13:05:12,22.02,0.0,36,79272,卖盘
1174,13:05:21,22.02,0.0,5,11010,买盘
1175,13:05:36,22.0,-0.02,3,6600,卖盘
1176,13:05:45,22.0,0.0,30,66000,卖盘
1177,13:05:51,22.0,0.0,4,8800,卖盘
1178,13:05:57,21.99,-0.01,1,2199,卖盘
1179,13:06:04,22.0,0.01,2,4400,买盘
1180,13:06:06,22.0,0.0,3,6600,买盘
1181,13:06:15,22.0,0.0,5,11000,买盘
1182,13:06:18,22.0,0.0,1,2200,买盘
1183,13:06:21,21.99,-0.01,7,15397,卖盘
1184,13:06:24,22.01,0.02,2,4402,买盘
1185,13:06:34,22.01,0.0,1,2201,买盘
1186,13:06:36,22.01,0.0,1,2201,买盘
1187,13:06:39,22.0,-0.01,10,22000,卖盘
1188,13:06:42,22.0,0.0,46,101202,卖盘
1189,13:07:00,22.0,0.0,4,8800,买盘
1190,13:07:21,22.0,0.0,1,2200,卖盘
1191,13:08:00,22.01,0.01,24,52824,买盘
1192,13:08:03,22.0,-0.01,37,81401,卖盘
1193,13:08:06,22.0,0.0,25,55000,买盘
1194,13:08:09,22.0,0.0,1,2200,买盘
1195,13:08:12,21.99,-0.01,20,43980,卖盘
1196,13:08:15,21.99,0.0,16,35184,卖盘
1197,13:08:39,21.99,0.0,20,43980,卖盘
1198,13:09:00,22.0,0.01,2,4400,买盘
1199,13:09:06,22.0,0.0,8,17600,卖盘
1200,13:09:15,22.0,0.0,10,22000,买盘
1201,13:09:27,21.99,-0.01,2,4398,卖盘
1202,13:10:06,21.99,0.0,5,10995,卖盘
1203,13:10:12,21.98,-0.01,1,2198,卖盘
1204,13:10:33,21.98,0.0,9,19782,卖盘
1205,13:10:51,21.99,0.01,1,2199,卖盘
1206,13:11:06,21.99,0.0,15,32985,卖盘
1207,13:11:12,21.99,0.0,13,28587,卖盘
1208,13:11:15,21.98,-0.01,15,32970,卖盘
1209,13:11:18,21.98,0.0,5,10990,卖盘
1210,13:11:21,21.97,-0.01,1,2197,卖盘
1211,13:11:24,21.97,0.0,21,46137,卖盘
1212,13:11:27,21.97,0.0,1,2197,卖盘
1213,13:11:30,21.97,0.0,9,19773,买盘
1214,13:11:33,21.97,0.0,18,39546,卖盘
1215,13:11:51,21.98,0.01,5,10990,买盘
1216,13:11:58,21.99,0.01,3,6597,买盘
1217,13:12:00,21.98,-0.01,1,2198,卖盘
1218,13:12:12,21.98,0.0,4,8792,卖盘
1219,13:12:15,21.97,-0.01,19,41743,卖盘
1220,13:12:22,21.96,-0.01,5,10983,卖盘
1221,13:12:27,21.96,0.0,1,2196,卖盘
1222,13:13:06,21.97,0.01,7,15379,买盘
1223,13:13:18,21.97,0.0,19,41743,卖盘
1224,13:13:21,21.98,0.01,10,21980,买盘
1225,13:13:24,21.98,0.0,9,19782,买盘
1226,13:13:30,21.97,-0.01,20,43948,卖盘
1227,13:13:48,21.93,-0.04,117,256817,卖盘
1228,13:14:18,21.98,0.05,1,2198,卖盘
1229,13:14:24,21.99,0.01,20,43968,买盘
1230,13:15:00,21.97,-0.02,1,2197,卖盘
1231,13:15:12,21.97,0.0,3,6591,卖盘
1232,13:15:15,21.99,0.02,8,17592,买盘
1233,13:15:24,22.0,0.01,2,4400,买盘
1234,13:15:48,21.99,-0.01,2,4399,卖盘
1235,13:16:18,22.0,0.01,1,2200,买盘
1236,13:16:30,21.99,-0.01,8,17592,卖盘
1237,13:16:42,22.0,0.01,2,4400,买盘
1238,13:16:45,21.99,-0.01,3,6597,卖盘
1239,13:16:48,21.99,0.0,1,2199,卖盘
1240,13:16:57,22.0,0.01,2,4400,买盘
1241,13:17:04,22.0,0.0,1,2200,买盘
1242,13:17:12,22.0,0.0,2,4400,买盘
1243,13:17:39,21.99,-0.01,2,4398,卖盘
1244,13:17:42,22.0,0.01,1,2200,买盘
1245,13:17:58,22.0,0.0,1,2200,买盘
1246,13:18:03,22.0,0.0,10,22000,买盘
1247,13:18:06,22.0,0.0,1,2200,买盘
1248,13:18:12,22.0,0.0,3,6600,买盘
1249,13:18:18,22.0,0.0,6,13200,买盘
1250,13:18:21,22.0,0.0,7,15399,买盘
1251,13:18:27,22.0,0.0,92,202286,买盘
1252,13:18:33,22.0,0.0,1,2200,买盘
1253,13:18:39,21.98,-0.02,23,50556,卖盘
1254,13:18:42,21.98,0.0,8,17584,买盘
1255,13:18:48,21.98,0.0,1,2198,买盘
1256,13:19:12,21.98,0.0,2,4396,买盘
1257,13:19:21,21.96,-0.02,13,28548,卖盘
1258,13:19:42,21.96,0.0,11,24155,买盘
1259,13:19:45,21.95,-0.01,1,2195,卖盘
1260,13:19:48,21.96,0.01,5,10980,买盘
1261,13:19:51,21.96,0.0,1,2196,买盘
1262,13:19:57,21.95,-0.01,20,43900,卖盘
1263,13:20:12,21.96,0.01,1,2196,买盘
1264,13:20:15,21.95,-0.01,4,8782,卖盘
1265,13:20:18,21.96,0.01,15,32940,中性盘
1266,13:20:21,21.95,-0.01,3,6587,卖盘
1267,13:20:39,21.96,0.01,2,4392,买盘
1268,13:20:42,21.96,0.0,2,4392,买盘
1269,13:20:54,21.95,-0.01,34,74630,卖盘
1270,13:20:57,21.96,0.01,4,8783,买盘
1271,13:21:04,21.94,-0.02,4,8776,卖盘
1272,13:21:45,21.96,0.02,5,10980,买盘
1273,13:22:15,21.96,0.0,8,17574,卖盘
1274,13:22:21,21.95,-0.01,74,162493,卖盘
1275,13:22:24,21.98,0.03,5,10990,买盘
1276,13:22:33,21.95,-0.03,2,4390,卖盘
1277,13:22:36,21.98,0.03,2,4396,买盘
1278,13:22:39,21.97,-0.01,135,296397,中性盘
1279,13:22:42,21.99,0.02,1,2199,中性盘
1280,13:22:48,21.96,-0.03,36,79056,卖盘
1281,13:22:57,21.99,0.03,53,116547,买盘
1282,13:23:51,21.97,-0.02,2,4394,卖盘
1283,13:23:55,21.97,0.0,16,35152,卖盘
1284,13:24:00,21.96,-0.01,8,17568,卖盘
1285,13:24:06,21.96,0.0,4,8784,卖盘
1286,13:24:21,21.96,0.0,3,6588,卖盘
1287,13:24:45,21.96,0.0,1,2196,卖盘
1288,13:24:51,21.97,0.01,1,2197,买盘
1289,13:25:00,21.96,-0.01,3,6588,卖盘
1290,13:25:06,21.96,0.0,1,2196,卖盘
1291,13:25:21,21.95,-0.01,5,10976,卖盘
1292,13:25:33,21.95,0.0,23,50485,卖盘
1293,13:25:42,21.96,0.01,1,2196,买盘
1294,13:25:45,21.97,0.01,1,2197,买盘
1295,13:25:48,21.97,0.0,1,2197,买盘
1296,13:25:57,21.97,0.0,1,2197,买盘
1297,13:26:24,21.96,-0.01,8,17568,卖盘
1298,13:26:39,21.97,0.01,1,2197,买盘
1299,13:26:57,21.97,0.0,1,2197,买盘
1300,13:27:03,21.96,-0.01,1,2196,卖盘
1301,13:27:12,21.97,0.01,1,2197,买盘
1302,13:27:42,21.96,-0.01,17,37335,卖盘
1303,13:27:57,21.97,0.01,11,24167,买盘
1304,13:28:12,21.97,0.0,12,26372,卖盘
1305,13:28:15,21.97,0.0,2,4394,卖盘
1306,13:28:42,21.99,0.02,3,6597,买盘
1307,13:28:45,21.97,-0.02,13,28561,卖盘
1308,13:28:51,21.97,0.0,5,10985,卖盘
1309,13:28:57,21.98,0.01,1,2198,买盘
1310,13:29:04,21.97,-0.01,5,10985,卖盘
1311,13:29:06,21.97,0.0,7,15379,卖盘
1312,13:29:09,21.98,0.01,3,6594,买盘
1313,13:29:13,21.99,0.01,1,2199,买盘
1314,13:29:21,21.98,-0.01,18,39564,卖盘
1315,13:29:39,21.99,0.01,9,19791,买盘
1316,13:29:42,21.99,0.0,8,17594,卖盘
1317,13:29:57,22.0,0.01,4,8800,买盘
1318,13:30:00,22.0,0.0,1,2200,买盘
1319,13:30:12,22.0,0.0,4,8797,买盘
1320,13:30:18,22.0,0.0,2,4400,买盘
1321,13:30:24,21.98,-0.02,1,2198,卖盘
1322,13:30:30,21.99,0.01,2,4398,卖盘
1323,13:30:33,21.98,-0.01,1,2198,卖盘
1324,13:30:36,21.98,0.0,1,2198,卖盘
1325,13:30:39,21.99,0.01,3,6597,卖盘
1326,13:30:42,21.98,-0.01,1,2198,卖盘
1327,13:30:45,21.98,0.0,2,4396,卖盘
1328,13:30:48,21.98,0.0,5,10990,卖盘
1329,13:30:51,21.98,0.0,1,2198,卖盘
1330,13:30:54,22.0,0.02,3,6596,买盘
1331,13:30:57,22.0,0.0,5,10996,买盘
1332,13:31:06,21.98,-0.02,4,8792,卖盘
1333,13:31:09,21.97,-0.01,22,48339,卖盘
1334,13:31:12,21.97,0.0,26,57122,卖盘
1335,13:31:15,21.97,0.0,18,39546,卖盘
1336,13:31:18,21.96,-0.01,15,32952,卖盘
1337,13:31:21,21.96,0.0,18,39528,卖盘
1338,13:31:24,21.96,0.0,19,41724,卖盘
1339,13:31:27,21.95,-0.01,6,13172,卖盘
1340,13:31:30,21.95,0.0,33,72435,卖盘
1341,13:31:33,21.95,0.0,7,15365,卖盘
1342,13:31:36,21.95,0.0,14,30730,卖盘
1343,13:31:39,21.95,0.0,5,10974,买盘
1344,13:31:43,21.95,0.0,1,2195,买盘
1345,13:31:48,21.95,0.0,1,2195,买盘
1346,13:31:51,21.94,-0.01,7,15358,卖盘
1347,13:31:55,21.95,0.01,27,59265,买盘
1348,13:31:57,21.95,0.0,2,4390,卖盘
1349,13:32:04,21.95,0.0,4,8780,卖盘
1350,13:32:09,21.95,0.0,3,6585,卖盘
1351,13:32:21,21.95,0.0,4,8780,卖盘
1352,13:32:33,21.95,0.0,3,6585,卖盘
1353,13:32:39,21.95,0.0,19,41707,卖盘
1354,13:32:42,21.95,0.0,1,2195,买盘
1355,13:32:45,21.97,0.02,9,19762,买盘
1356,13:33:19,21.95,-0.02,6,13180,卖盘
1357,13:33:24,21.97,0.02,2,4394,买盘
1358,13:33:46,21.98,0.01,6,13188,买盘
1359,13:33:49,21.98,0.0,4,8791,买盘
1360,13:34:00,21.98,0.0,1,2198,买盘
1361,13:34:06,21.98,0.0,1,2198,买盘
1362,13:34:10,21.98,0.0,1,2198,买盘
1363,13:34:12,21.98,0.0,2,4396,买盘
1364,13:34:15,21.98,0.0,1,2198,买盘
1365,13:34:18,21.99,0.01,1,2199,买盘
1366,13:34:28,21.99,0.0,3,6597,买盘
1367,13:34:31,21.99,0.0,2,4398,买盘
1368,13:34:42,21.99,0.0,2,4398,买盘
1369,13:34:48,21.99,0.0,1,2199,买盘
1370,13:34:54,21.99,0.0,1,2199,买盘
1371,13:35:00,21.99,0.0,1,2199,买盘
1372,13:35:06,21.99,0.0,1,2199,买盘
1373,13:35:24,21.98,-0.01,2,4396,卖盘
1374,13:35:30,21.99,0.01,39,85761,买盘
1375,13:35:37,22.0,0.01,20,43986,买盘
1376,13:35:39,22.0,0.0,11,24200,买盘
1377,13:35:45,22.0,0.0,2,4400,卖盘
1378,13:36:04,22.01,0.01,1,2201,买盘
1379,13:36:06,22.01,0.0,1,2201,买盘
1380,13:36:27,22.01,0.0,1,2201,买盘
1381,13:36:30,22.01,0.0,1,2201,卖盘
1382,13:36:36,22.01,0.0,1,2201,买盘
1383,13:36:48,22.02,0.01,3,6604,买盘
1384,13:37:01,22.02,0.0,4,8808,买盘
1385,13:37:15,22.02,0.0,5,11010,买盘
1386,13:37:18,22.01,-0.01,63,138663,卖盘
1387,13:37:21,22.02,0.01,1,2202,买盘
1388,13:37:25,22.01,-0.01,17,37431,卖盘
1389,13:37:27,22.01,0.0,4,8804,卖盘
1390,13:37:31,22.0,-0.01,3,6600,卖盘
1391,13:37:36,22.01,0.01,4,8804,买盘
1392,13:37:42,22.01,0.0,4,8804,卖盘
1393,13:37:45,22.0,-0.01,7,15400,卖盘
1394,13:37:48,22.0,0.0,10,22000,卖盘
1395,13:37:51,22.0,0.0,16,35201,卖盘
1396,13:37:54,22.0,0.0,3,6600,买盘
1397,13:37:57,21.99,-0.01,9,19796,卖盘
1398,13:38:00,22.0,0.01,1,2200,卖盘
1399,13:38:04,22.0,0.0,4,8800,买盘
1400,13:38:06,21.99,-0.01,1,2199,卖盘
1401,13:38:09,21.99,0.0,1,2199,买盘
1402,13:38:12,21.98,-0.01,6,13188,卖盘
1403,13:38:18,21.99,0.01,3,6597,买盘
1404,13:38:28,21.98,-0.01,5,10990,卖盘
1405,13:38:31,22.0,0.02,3,6599,买盘
1406,13:38:33,21.98,-0.02,7,15386,卖盘
1407,13:38:39,21.98,0.0,2,4396,买盘
1408,13:38:42,22.0,0.02,1,2200,卖盘
1409,13:38:45,21.99,-0.01,1,2199,买盘
1410,13:38:48,22.0,0.01,17,37379,买盘
1411,13:38:51,22.0,0.0,7,15400,买盘
1412,13:39:27,22.0,0.0,2,4400,卖盘
1413,13:39:33,22.02,0.02,15,33018,买盘
1414,13:39:42,22.02,0.0,1,2202,买盘
1415,13:40:06,22.07,0.05,36,79427,买盘
1416,13:40:18,22.02,-0.05,2,4404,卖盘
1417,13:40:36,22.02,0.0,1,2202,卖盘
1418,13:40:48,22.04,0.02,1,2204,买盘
1419,13:40:57,22.04,0.0,1,2204,买盘
1420,13:41:09,22.03,-0.01,34,74951,卖盘
1421,13:41:27,22.06,0.03,1,2206,买盘
1422,13:41:33,22.06,0.0,38,83783,买盘
1423,13:41:39,22.04,-0.02,15,33060,卖盘
1424,13:41:45,22.03,-0.01,5,11015,卖盘
1425,13:41:48,22.03,0.0,7,15431,卖盘
1426,13:41:51,22.02,-0.01,41,90351,卖盘
1427,13:41:54,21.99,-0.03,14,30816,卖盘
1428,13:41:57,22.0,0.01,2,4400,中性盘
1429,13:42:01,22.04,0.04,1,2204,买盘
1430,13:42:04,22.0,-0.04,5,11000,卖盘
1431,13:42:06,22.0,0.0,22,48400,买盘
1432,13:42:12,22.0,0.0,13,28600,卖盘
1433,13:42:15,22.0,0.0,2,4400,卖盘
1434,13:42:18,22.0,0.0,7,15400,买盘
1435,13:42:21,22.0,0.0,3,6600,卖盘
1436,13:42:43,22.07,0.07,3,6609,买盘
1437,13:42:48,22.06,-0.01,1,2206,中性盘
1438,13:43:00,22.01,-0.05,67,147882,卖盘
1439,13:43:04,22.0,-0.01,4,8802,卖盘
1440,13:43:09,22.0,0.0,11,24200,卖盘
1441,13:43:12,22.0,0.0,13,28600,卖盘
1442,13:43:15,22.0,0.0,9,19800,卖盘
1443,13:43:18,22.0,0.0,9,19800,卖盘
1444,13:43:21,22.0,0.0,11,24200,卖盘
1445,13:43:33,22.01,0.01,1,2201,买盘
1446,13:43:36,22.0,-0.01,4,8800,卖盘
1447,13:43:39,22.0,0.0,18,39601,卖盘
1448,13:43:45,22.0,0.0,6,13200,买盘
1449,13:43:54,22.0,0.0,1,2200,买盘
1450,13:43:57,22.0,0.0,1,2200,买盘
1451,13:44:18,22.0,0.0,26,57200,卖盘
1452,13:44:36,22.03,0.03,4,8812,买盘
1453,13:44:49,22.05,0.02,4,8820,买盘
1454,13:45:21,22.02,-0.03,2,4404,卖盘
1455,13:45:24,22.02,0.0,3,6606,卖盘
1456,13:45:27,22.02,0.0,16,35232,卖盘
1457,13:45:30,22.01,-0.01,5,11005,卖盘
1458,13:45:33,22.0,-0.01,4,8800,卖盘
1459,13:45:37,22.0,0.0,14,30800,卖盘
1460,13:45:40,22.07,0.07,30,66152,买盘
1461,13:45:42,21.98,-0.09,5,10996,卖盘
1462,13:45:45,22.0,0.02,1,2200,买盘
1463,13:45:48,22.0,0.0,2,4402,买盘
1464,13:45:51,22.0,0.0,22,48400,卖盘
1465,13:46:06,22.05,0.05,20,44091,买盘
1466,13:46:48,22.1,0.05,30,66278,买盘
1467,13:46:51,22.0,-0.1,81,178210,卖盘
1468,13:47:13,22.01,0.01,3,6603,中性盘
1469,13:47:30,22.04,0.03,32,70558,卖盘
1470,13:47:33,22.05,0.01,11,24255,卖盘
1471,13:47:36,22.0,-0.05,30,66015,卖盘
1472,13:47:57,22.07,0.07,1,2207,买盘
1473,13:48:21,22.05,-0.02,18,39690,卖盘
1474,13:48:24,22.05,0.0,18,39690,卖盘
1475,13:48:31,22.03,-0.02,12,26442,卖盘
1476,13:48:33,22.03,0.0,3,6609,卖盘
1477,13:48:39,22.03,0.0,12,26428,买盘
1478,13:48:42,22.02,-0.01,4,8808,卖盘
1479,13:48:45,22.01,-0.01,3,6603,卖盘
1480,13:48:48,22.0,-0.01,5,11000,卖盘
1481,13:48:51,22.0,0.0,5,11000,卖盘
1482,13:48:54,22.0,0.0,2,4401,卖盘
1483,13:48:57,22.0,0.0,33,72600,卖盘
1484,13:49:00,21.98,-0.02,42,92348,卖盘
1485,13:49:03,22.0,0.02,39,85792,买盘
1486,13:49:12,21.99,-0.01,8,17589,买盘
1487,13:49:18,22.0,0.01,4,8800,买盘
1488,13:49:21,21.99,-0.01,7,15393,卖盘
1489,13:49:24,22.0,0.01,4,8800,买盘
1490,13:49:30,22.0,0.0,29,63800,买盘
1491,13:49:33,22.0,0.0,4,8800,卖盘
1492,13:49:36,22.0,0.0,13,28600,卖盘
1493,13:49:39,22.0,0.0,5,11001,卖盘
1494,13:49:42,22.0,0.0,2,4400,卖盘
1495,13:49:45,22.01,0.01,12,26412,买盘
1496,13:49:54,22.02,0.01,1,2202,中性盘
1497,13:50:00,22.0,-0.02,5,11003,卖盘
1498,13:50:12,22.0,0.0,8,17600,卖盘
1499,13:50:15,22.0,0.0,3,6600,买盘
1500,13:50:18,22.0,0.0,2,4400,买盘
1501,13:50:21,22.0,0.0,1,2200,中性盘
1502,13:50:51,22.0,0.0,10,22001,卖盘
1503,13:51:09,22.01,0.01,8,17610,卖盘
1504,13:51:39,22.01,0.0,2,4402,卖盘
1505,13:51:42,22.03,0.02,5,11015,买盘
1506,13:51:48,22.03,0.0,1,2203,买盘
1507,13:51:51,22.03,0.0,4,8812,买盘
1508,13:52:00,22.03,0.0,1,2203,卖盘
1509,13:52:24,22.03,0.0,8,17624,卖盘
1510,13:52:28,22.05,0.02,9,19845,买盘
1511,13:52:31,22.05,0.0,2,4410,卖盘
1512,13:52:36,22.05,0.0,4,8820,卖盘
1513,13:52:39,22.07,0.02,3,6621,买盘
1514,13:52:45,22.08,0.01,50,110395,买盘
1515,13:52:48,22.07,-0.01,5,11035,卖盘
1516,13:52:51,22.05,-0.02,34,75016,卖盘
1517,13:52:54,22.05,0.0,1,2205,买盘
1518,13:52:57,22.05,0.0,15,33075,买盘
1519,13:53:06,22.08,0.03,4,8832,买盘
1520,13:53:09,22.1,0.02,14,30934,买盘
1521,13:53:12,22.1,0.0,13,28730,卖盘
1522,13:53:15,22.07,-0.03,45,99315,卖盘
1523,13:53:18,22.07,0.0,3,6621,卖盘
1524,13:53:36,22.07,0.0,36,79452,买盘
1525,13:53:42,22.07,0.0,9,19863,卖盘
1526,13:53:45,22.07,0.0,1,2207,卖盘
1527,13:53:48,22.1,0.03,4,8840,买盘
1528,13:53:51,22.1,0.0,23,50790,买盘
1529,13:53:54,22.1,0.0,2,4420,卖盘
1530,13:54:01,22.1,0.0,12,26520,买盘
1531,13:54:07,22.1,0.0,2,4420,买盘
1532,13:54:09,22.1,0.0,6,13260,买盘
1533,13:54:13,22.1,0.0,4,8840,买盘
1534,13:54:15,22.1,0.0,78,172494,卖盘
1535,13:54:24,22.09,-0.01,4,8838,卖盘
1536,13:54:39,22.13,0.04,5,11065,买盘
1537,13:54:49,22.15,0.02,103,228094,买盘
1538,13:54:52,22.08,-0.07,7,15461,卖盘
1539,13:54:54,22.08,0.0,1,2208,卖盘
1540,13:54:57,22.1,0.02,1,2210,买盘
1541,13:55:06,22.09,-0.01,1,2209,卖盘
1542,13:55:19,22.09,0.0,10,22090,卖盘
1543,13:55:39,22.05,-0.04,80,176595,卖盘
1544,13:55:42,22.04,-0.01,8,17632,卖盘
1545,13:55:45,22.05,0.01,1,2205,买盘
1546,13:55:51,22.04,-0.01,1,2204,卖盘
1547,13:55:54,22.04,0.0,1,2204,卖盘
1548,13:55:57,22.02,-0.02,1,2202,卖盘
1549,13:56:06,22.02,0.0,5,11013,卖盘
1550,13:56:21,22.02,0.0,17,37434,卖盘
1551,13:56:30,22.04,0.02,1,2204,买盘
1552,13:56:36,22.03,-0.01,1,2203,卖盘
1553,13:56:51,22.04,0.01,2,4408,买盘
1554,13:56:55,22.0,-0.04,35,77029,卖盘
1555,13:57:00,22.0,0.0,15,33000,买盘
1556,13:57:06,21.99,-0.01,4,8796,卖盘
1557,13:57:09,21.99,0.0,2,4398,买盘
1558,13:57:12,21.98,-0.01,6,13188,卖盘
1559,13:57:18,21.99,0.01,4,8796,买盘
1560,13:57:22,21.98,-0.01,3,6594,卖盘
1561,13:57:25,21.99,0.01,1,2199,买盘
1562,13:57:30,21.99,0.0,5,10995,买盘
1563,13:57:33,21.99,0.0,4,8796,买盘
1564,13:57:40,21.99,0.0,2,4398,买盘
1565,13:57:42,22.0,0.01,77,169400,买盘
1566,13:57:45,22.0,0.0,154,338800,买盘
1567,13:57:48,22.0,0.0,14,30800,买盘
1568,13:57:51,21.99,-0.01,194,426799,卖盘
1569,13:57:54,22.0,0.01,122,268400,买盘
1570,13:57:57,22.0,0.0,67,147366,买盘
1571,13:58:00,22.0,0.0,9,19800,买盘
1572,13:58:12,21.99,-0.01,10,21990,卖盘
1573,13:58:15,21.99,0.0,7,15396,卖盘
1574,13:58:30,22.0,0.01,2,4400,买盘
1575,13:58:33,22.0,0.0,150,330000,买盘
1576,13:58:42,22.0,0.0,174,382800,买盘
1577,13:58:45,22.0,0.0,38,83600,买盘
1578,13:58:48,22.0,0.0,44,96800,买盘
1579,13:58:51,22.0,0.0,32,70399,买盘
1580,13:58:54,21.99,-0.01,40,87980,卖盘
1581,13:58:57,21.99,0.0,10,21990,买盘
1582,13:59:01,22.0,0.01,5,10998,买盘
1583,13:59:07,21.98,-0.02,11,24180,卖盘
1584,13:59:10,21.99,0.01,1,2199,卖盘
1585,13:59:18,22.0,0.01,109,239800,买盘
1586,13:59:21,21.99,-0.01,18,39582,卖盘
1587,13:59:27,22.05,0.06,2,4410,买盘
1588,13:59:36,22.0,-0.05,10,22000,卖盘
1589,13:59:39,22.05,0.05,4,8820,买盘
1590,13:59:51,22.0,-0.05,5,11000,卖盘
1591,14:00:04,22.05,0.05,1,2205,买盘
1592,14:00:06,22.01,-0.04,7,15407,卖盘
1593,14:00:22,22.01,0.0,4,8804,卖盘
1594,14:00:31,22.05,0.04,2,4410,买盘
1595,14:00:36,22.02,-0.03,1,2202,卖盘
1596,14:00:45,22.05,0.03,1,2205,买盘
1597,14:00:51,22.02,-0.03,9,19821,卖盘
1598,14:01:00,22.03,0.01,3,6609,卖盘
1599,14:01:12,22.03,0.0,2,4406,卖盘
1600,14:01:15,22.02,-0.01,5,11014,卖盘
1601,14:01:18,22.0,-0.02,9,19810,卖盘
1602,14:01:21,22.0,0.0,91,200200,卖盘
1603,14:01:24,22.0,0.0,20,44000,卖盘
1604,14:01:27,22.03,0.03,32,70445,买盘
1605,14:01:30,22.03,0.0,14,30842,卖盘
1606,14:01:36,22.0,-0.03,22,48401,卖盘
1607,14:01:39,22.0,0.0,3,6600,卖盘
1608,14:01:46,22.0,0.0,5,11003,卖盘
1609,14:01:48,22.03,0.03,3,6609,买盘
1610,14:01:51,22.0,-0.03,85,187000,卖盘
1611,14:02:09,21.97,-0.03,2,4394,卖盘
1612,14:02:21,21.97,0.0,4,8788,卖盘
1613,14:02:24,21.97,0.0,3,6591,卖盘
1614,14:02:39,21.97,0.0,9,19773,卖盘
1615,14:02:43,21.96,-0.01,8,17568,卖盘
1616,14:02:49,21.97,0.01,2,4394,买盘
1617,14:03:07,21.97,0.0,4,8788,买盘
1618,14:03:15,21.95,-0.02,51,111973,卖盘
1619,14:03:18,21.95,0.0,13,28535,卖盘
1620,14:03:21,21.96,0.01,1,2196,中性盘
1621,14:03:27,21.95,-0.01,3,6585,卖盘
1622,14:03:33,21.95,0.0,1,2195,卖盘
1623,14:03:40,21.95,0.0,11,24147,卖盘
1624,14:03:43,21.95,0.0,2,4390,卖盘
1625,14:03:51,21.95,0.0,1,2195,卖盘
1626,14:03:54,21.97,0.02,1,2197,买盘
1627,14:03:57,21.95,-0.02,50,109750,卖盘
1628,14:04:00,21.95,0.0,2,4390,卖盘
1629,14:04:03,21.95,0.0,6,13172,卖盘
1630,14:04:06,21.95,0.0,2,4390,中性盘
1631,14:04:21,21.95,0.0,46,100970,买盘
1632,14:04:27,21.94,-0.01,22,48268,卖盘
1633,14:04:39,21.96,0.02,8,17568,买盘
1634,14:04:46,21.96,0.0,5,10980,卖盘
1635,14:04:51,21.97,0.01,2,4394,买盘
1636,14:04:55,21.97,0.0,6,13177,买盘
1637,14:04:57,21.96,-0.01,40,87840,卖盘
1638,14:05:10,21.96,0.0,50,109800,卖盘
1639,14:05:18,21.96,0.0,22,48312,卖盘
1640,14:05:21,21.95,-0.01,2,4390,卖盘
1641,14:05:27,21.95,0.0,5,10975,卖盘
1642,14:05:30,21.95,0.0,3,6585,卖盘
1643,14:05:34,21.95,0.0,1,2195,卖盘
1644,14:05:37,21.96,0.01,9,19764,买盘
1645,14:05:39,21.95,-0.01,21,46095,卖盘
1646,14:05:43,21.95,0.0,23,48948,买盘
1647,14:05:46,21.95,0.0,1,2195,卖盘
1648,14:05:48,21.96,0.01,1,2196,买盘
1649,14:05:51,21.95,-0.01,5,10975,卖盘
1650,14:05:54,21.95,0.0,6,13170,卖盘
1651,14:05:57,21.95,0.0,2,4390,卖盘
1652,14:06:00,21.95,0.0,2,4390,卖盘
1653,14:06:04,21.95,0.0,56,122921,卖盘
1654,14:06:06,21.95,0.0,4,8780,卖盘
1655,14:06:09,21.95,0.0,2,4390,卖盘
1656,14:06:12,21.95,0.0,2,4390,卖盘
1657,14:06:15,21.95,0.0,2,4390,卖盘
1658,14:06:18,21.95,0.0,2,4390,卖盘
1659,14:06:39,21.96,0.01,1,2196,买盘
1660,14:06:42,21.96,0.0,1,2196,买盘
1661,14:06:46,21.95,-0.01,12,26342,卖盘
1662,14:07:00,21.95,0.0,2,4390,卖盘
1663,14:07:36,21.95,0.0,3,6585,卖盘
1664,14:07:54,21.96,0.01,1,2196,买盘
1665,14:07:57,21.95,-0.01,50,109750,卖盘
1666,14:08:24,21.95,0.0,48,105360,卖盘
1667,14:08:33,21.95,0.0,3,7112,买盘
1668,14:08:42,21.95,0.0,21,45569,卖盘
1669,14:09:06,21.94,-0.01,18,39492,卖盘
1670,14:09:12,21.94,0.0,1,2194,卖盘
1671,14:09:15,21.94,0.0,6,13164,卖盘
1672,14:09:22,21.94,0.0,2,4388,卖盘
1673,14:09:24,21.95,0.01,4,8780,买盘
1674,14:09:33,21.95,0.0,31,68572,买盘
1675,14:09:45,21.96,0.01,1,2196,买盘
1676,14:09:49,21.96,0.0,1,2196,买盘
1677,14:09:52,21.93,-0.03,204,447520,卖盘
1678,14:09:57,21.96,0.03,70,153715,买盘
1679,14:10:00,21.96,0.0,1,2196,卖盘
1680,14:10:06,21.96,0.0,16,35136,卖盘
1681,14:10:09,21.96,0.0,1,2196,卖盘
1682,14:10:22,21.95,-0.01,51,111945,卖盘
1683,14:10:31,21.95,0.0,3,6585,买盘
1684,14:10:39,21.95,0.0,11,24147,卖盘
1685,14:10:42,21.95,0.0,2,4390,买盘
1686,14:10:46,21.95,0.0,1,2195,中性盘
1687,14:10:51,21.98,0.03,11,24172,买盘
1688,14:11:00,21.95,-0.03,1,2195,买盘
1689,14:11:03,21.95,0.0,11,24145,中性盘
1690,14:11:06,21.95,0.0,1,2195,买盘
1691,14:11:12,21.95,0.0,1,2195,卖盘
1692,14:11:34,21.98,0.03,5,10990,买盘
1693,14:11:39,21.96,-0.02,2,4392,卖盘
1694,14:11:45,21.98,0.02,4,8792,买盘
1695,14:11:49,21.98,0.0,1,2198,卖盘
1696,14:12:04,21.98,0.0,9,19782,卖盘
1697,14:12:09,21.97,-0.01,5,10985,中性盘
1698,14:12:12,21.99,0.02,1,2199,买盘
1699,14:12:15,21.96,-0.03,30,65882,卖盘
1700,14:12:18,21.96,0.0,10,21960,卖盘
1701,14:12:21,21.96,0.0,1,2196,中性盘
1702,14:12:24,21.95,-0.01,55,120725,卖盘
1703,14:12:31,21.95,0.0,13,28535,卖盘
1704,14:12:36,21.95,0.0,15,32925,卖盘
1705,14:12:42,21.95,0.0,50,109750,卖盘
1706,14:12:48,21.95,0.0,5,10975,卖盘
1707,14:12:51,21.97,0.02,1,2197,买盘
1708,14:12:58,21.95,-0.02,16,35120,卖盘
1709,14:13:18,21.97,0.02,1,2197,买盘
1710,14:13:27,21.95,-0.02,3,6585,卖盘
1711,14:13:30,21.97,0.02,2,4394,买盘
1712,14:13:34,21.96,-0.01,2,4392,卖盘
1713,14:13:42,21.96,0.0,6,13176,买盘
1714,14:13:45,21.95,-0.01,2,4390,卖盘
1715,14:13:51,21.95,0.0,8,17560,卖盘
1716,14:13:54,21.95,0.0,15,32925,卖盘
1717,14:13:57,21.95,0.0,19,41707,卖盘
1718,14:14:09,21.94,-0.01,101,221594,卖盘
1719,14:14:27,21.94,0.0,9,19746,卖盘
1720,14:14:42,21.97,0.03,319,699769,买盘
1721,14:14:45,21.97,0.0,1,2197,卖盘
1722,14:15:01,21.98,0.01,9,19781,买盘
1723,14:15:04,21.94,-0.04,4,8776,卖盘
1724,14:15:21,21.94,0.0,5,10970,卖盘
1725,14:15:30,21.94,0.0,5,10970,卖盘
1726,14:15:39,21.93,-0.01,33,72369,卖盘
1727,14:15:52,21.93,0.0,3,6579,卖盘
1728,14:15:54,21.93,0.0,30,65790,卖盘
1729,14:16:00,21.94,0.01,2,4388,买盘
1730,14:16:15,21.94,0.0,1,2194,买盘
1731,14:16:18,21.93,-0.01,10,21930,卖盘
1732,14:16:31,21.94,0.01,13,28522,买盘
1733,14:16:37,21.94,0.0,9,19738,买盘
1734,14:16:45,21.94,0.0,6,13164,卖盘
1735,14:16:48,21.92,-0.02,25,54845,卖盘
1736,14:16:57,21.94,0.02,1,2194,买盘
1737,14:17:00,21.93,-0.01,3,6579,卖盘
1738,14:17:03,21.93,0.0,2,4386,卖盘
1739,14:17:21,21.93,0.0,3,6579,卖盘
1740,14:17:24,21.93,0.0,5,10962,买盘
1741,14:17:39,21.92,-0.01,23,51054,卖盘
1742,14:17:45,21.93,0.01,1,2193,买盘
1743,14:17:51,21.92,-0.01,12,26306,卖盘
1744,14:17:57,21.92,0.0,4,8768,卖盘
1745,14:18:00,21.93,0.01,1,2193,买盘
1746,14:18:06,21.92,-0.01,30,65760,卖盘
1747,14:18:19,21.91,-0.01,10,21910,卖盘
1748,14:18:24,21.91,0.0,34,74494,卖盘
1749,14:18:27,21.91,0.0,32,70113,卖盘
1750,14:18:30,21.91,0.0,45,98595,卖盘
1751,14:18:40,21.9,-0.01,126,275940,卖盘
1752,14:18:51,21.89,-0.01,30,65670,卖盘
1753,14:18:55,21.89,0.0,35,76615,卖盘
1754,14:18:58,21.88,-0.01,39,85332,卖盘
1755,14:19:00,21.88,0.0,43,94084,卖盘
1756,14:19:03,21.87,-0.01,4,8748,卖盘
1757,14:19:06,21.88,0.01,8,17490,买盘
1758,14:19:12,21.87,-0.01,29,63407,卖盘
1759,14:19:15,21.85,-0.02,3,6555,卖盘
1760,14:19:19,21.85,0.0,5,10925,卖盘
1761,14:19:24,21.85,0.0,32,69920,卖盘
1762,14:19:27,21.85,0.0,70,152950,卖盘
1763,14:19:33,21.85,0.0,89,194465,买盘
1764,14:19:36,21.83,-0.02,1,2183,中性盘
1765,14:19:39,21.83,0.0,5,10915,买盘
1766,14:19:45,21.87,0.04,13,28423,买盘
1767,14:19:48,21.88,0.01,4,8752,买盘
1768,14:19:52,21.87,-0.01,23,50308,卖盘
1769,14:19:58,21.88,0.01,49,107167,买盘
1770,14:20:01,21.88,0.0,15,32820,卖盘
1771,14:20:04,21.9,0.02,1,2190,买盘
1772,14:20:12,21.9,0.0,10,21900,买盘
1773,14:20:18,21.91,0.01,14,30674,买盘
1774,14:20:21,21.9,-0.01,2,4380,卖盘
1775,14:20:24,21.89,-0.01,5,10948,卖盘
1776,14:20:28,21.89,0.0,3,6567,买盘
1777,14:20:42,21.92,0.03,2,4384,买盘
1778,14:20:45,21.92,0.0,1,2192,买盘
1779,14:20:51,21.92,0.0,1,2192,买盘
1780,14:20:54,21.92,0.0,1,2192,买盘
1781,14:20:57,21.92,0.0,6,13152,买盘
1782,14:21:00,21.94,0.02,1,2194,买盘
1783,14:21:03,21.98,0.04,13,28566,买盘
1784,14:21:09,21.92,-0.06,9,19728,买盘
1785,14:21:15,21.97,0.05,1,2197,中性盘
1786,14:21:45,21.95,-0.02,2,4390,买盘
1787,14:21:48,21.95,0.0,1,2195,买盘
1788,14:22:01,21.95,0.0,2,4390,买盘
1789,14:22:24,21.94,-0.01,9,19746,卖盘
1790,14:22:27,21.94,0.0,2,4388,卖盘
1791,14:22:30,21.95,0.01,1,2195,买盘
1792,14:22:33,21.94,-0.01,18,39492,卖盘
1793,14:22:43,21.95,0.01,2,4390,买盘
1794,14:22:51,21.94,-0.01,18,39492,卖盘
1795,14:22:54,21.94,0.0,1,2194,买盘
1796,14:23:19,21.94,0.0,9,19746,买盘
1797,14:23:27,21.94,0.0,5,10970,卖盘
1798,14:23:43,21.93,-0.01,4,8772,卖盘
1799,14:23:45,21.94,0.01,1,2194,买盘
1800,14:23:51,21.93,-0.01,9,19751,卖盘
1801,14:24:00,21.94,0.01,1,2194,买盘
1802,14:24:04,21.93,-0.01,3,6579,卖盘
1803,14:24:09,21.95,0.02,21,46092,买盘
1804,14:24:15,21.96,0.01,9,19764,买盘
1805,14:24:42,21.96,0.0,1,2196,买盘
1806,14:24:45,21.98,0.02,5,10974,买盘
1807,14:25:09,21.96,-0.02,16,35138,卖盘
1808,14:25:30,21.96,0.0,1,2196,买盘
1809,14:25:42,21.94,-0.02,1,2194,卖盘
1810,14:25:45,21.96,0.02,6,13176,买盘
1811,14:25:57,21.96,0.0,2,4390,买盘
1812,14:26:03,21.96,0.0,10,21960,买盘
1813,14:26:12,21.96,0.0,5,10980,买盘
1814,14:26:15,21.96,0.0,2,4392,买盘
1815,14:26:27,21.96,0.0,6,13176,买盘
1816,14:26:45,21.97,0.01,1,2197,买盘
1817,14:26:48,21.97,0.0,7,15379,买盘
1818,14:27:00,21.98,0.01,1,2198,买盘
1819,14:27:12,21.98,0.0,8,17584,买盘
1820,14:27:15,21.98,0.0,1,2198,买盘
1821,14:27:21,21.97,-0.01,1,879,卖盘
1822,14:27:30,21.98,0.01,9,19782,买盘
1823,14:27:46,21.97,-0.01,7,15379,卖盘
1824,14:27:48,21.98,0.01,4,8792,买盘
1825,14:27:51,21.98,0.0,9,19782,买盘
1826,14:28:00,21.98,0.0,1,2198,买盘
1827,14:28:04,21.98,0.0,2,4396,买盘
1828,14:28:12,21.98,0.0,9,19782,买盘
1829,14:28:18,21.98,0.0,1,2198,买盘
1830,14:28:27,21.97,-0.01,11,24167,卖盘
1831,14:28:30,21.98,0.01,27,59346,买盘
1832,14:28:33,21.97,-0.01,68,149399,卖盘
1833,14:28:36,21.97,0.0,10,21970,卖盘
1834,14:28:48,21.97,0.0,11,24167,卖盘
1835,14:28:51,21.97,0.0,5,10985,买盘
1836,14:28:55,21.97,0.0,4,8788,买盘
1837,14:29:04,21.98,0.01,1,2198,买盘
1838,14:29:09,21.97,-0.01,20,43940,卖盘
1839,14:29:30,21.98,0.01,5,10990,买盘
1840,14:29:33,21.98,0.0,23,50535,买盘
1841,14:29:42,21.98,0.0,8,17579,买盘
1842,14:29:51,21.97,-0.01,5,10985,卖盘
1843,14:29:54,21.97,0.0,2,4394,买盘
1844,14:29:57,21.98,0.01,13,28571,买盘
1845,14:30:00,21.98,0.0,1,2198,买盘
1846,14:30:04,21.97,-0.01,6,13182,卖盘
1847,14:30:16,21.97,0.0,9,19773,买盘
1848,14:30:19,21.97,0.0,7,15379,买盘
1849,14:30:27,21.96,-0.01,21,46117,卖盘
1850,14:30:33,21.97,0.01,5,10985,买盘
1851,14:30:48,21.97,0.0,1,2197,买盘
1852,14:30:54,21.97,0.0,10,21970,买盘
1853,14:31:04,21.96,-0.01,5,10984,卖盘
1854,14:31:07,21.96,0.0,2,4392,卖盘
1855,14:31:24,21.95,-0.01,20,43900,卖盘
1856,14:31:27,21.94,-0.01,9,19749,卖盘
1857,14:31:30,21.96,0.02,2,4390,买盘
1858,14:31:45,21.96,0.0,1,2196,买盘
1859,14:31:51,21.92,-0.04,39,85555,卖盘
1860,14:31:54,21.96,0.04,2,4388,买盘
1861,14:32:06,21.94,-0.02,17,37330,中性盘
1862,14:32:12,21.95,0.01,2,4390,卖盘
1863,14:32:15,21.95,0.0,3,6586,卖盘
1864,14:32:18,21.95,0.0,5,10976,卖盘
1865,14:32:22,21.95,0.0,2,4390,买盘
1866,14:32:24,21.95,0.0,1,2195,买盘
1867,14:32:36,21.91,-0.04,8,17546,卖盘
1868,14:32:39,21.95,0.04,3,6585,买盘
1869,14:32:42,21.95,0.0,1,2195,买盘
1870,14:32:45,21.96,0.01,1,2196,买盘
1871,14:33:04,21.95,-0.01,11,24145,卖盘
1872,14:33:06,21.96,0.01,15,32932,买盘
1873,14:33:09,21.95,-0.01,12,26334,中性盘
1874,14:33:12,21.97,0.02,3,6591,买盘
1875,14:33:15,21.91,-0.06,2,4382,卖盘
1876,14:33:18,21.98,0.07,1,2198,买盘
1877,14:33:24,21.97,-0.01,1,2197,买盘
1878,14:33:28,21.97,0.0,1,2197,买盘
1879,14:33:39,21.96,-0.01,2,4392,买盘
1880,14:33:42,21.95,-0.01,5,10975,中性盘
1881,14:33:45,21.91,-0.04,9,19734,卖盘
1882,14:33:48,21.97,0.06,2,4394,买盘
1883,14:33:57,21.91,-0.06,2,4382,卖盘
1884,14:34:00,21.91,0.0,3,6578,卖盘
1885,14:34:04,21.96,0.05,1,2196,买盘
1886,14:34:24,21.96,0.0,5,10980,买盘
1887,14:34:27,21.97,0.01,2,4394,买盘
1888,14:34:30,21.92,-0.05,20,43847,卖盘
1889,14:34:34,21.97,0.05,9,19773,买盘
1890,14:34:45,21.97,0.0,8,17576,买盘
1891,14:34:48,21.97,0.0,3,6591,买盘
1892,14:34:54,21.97,0.0,4,8788,买盘
1893,14:34:57,21.98,0.01,2,4396,买盘
1894,14:35:03,21.98,0.0,4,8792,买盘
1895,14:35:06,21.98,0.0,1,2198,买盘
1896,14:35:12,21.98,0.0,1,2198,买盘
1897,14:35:15,21.98,0.0,1,2198,买盘
1898,14:35:24,21.94,-0.04,20,43441,卖盘
1899,14:35:27,21.99,0.05,9,19785,买盘
1900,14:35:30,21.99,0.0,1,2199,买盘
1901,14:35:54,21.98,-0.01,20,43960,买盘
1902,14:35:57,21.99,0.01,8,17592,买盘
1903,14:36:12,21.98,-0.01,10,21982,卖盘
1904,14:36:15,21.99,0.01,5,10995,买盘
1905,14:36:18,21.99,0.0,5,10991,买盘
1906,14:36:21,22.0,0.01,2,4400,买盘
1907,14:36:36,21.98,-0.02,1,2198,卖盘
1908,14:36:42,22.0,0.02,7,15400,买盘
1909,14:36:45,22.0,0.0,4,8800,买盘
1910,14:36:48,21.98,-0.02,46,101110,卖盘
1911,14:36:51,21.98,0.0,20,43998,卖盘
1912,14:37:09,21.99,0.01,5,10995,买盘
1913,14:37:13,22.0,0.01,2,4400,买盘
1914,14:37:22,22.0,0.0,154,338800,买盘
1915,14:37:24,22.0,0.0,27,59400,买盘
1916,14:37:30,22.0,0.0,59,129800,卖盘
1917,14:37:33,22.0,0.0,24,52800,买盘
1918,14:37:36,22.0,0.0,6,13200,买盘
1919,14:37:42,21.99,-0.01,145,318855,卖盘
1920,14:37:45,21.99,0.0,84,184782,卖盘
1921,14:37:48,22.0,0.01,9,19800,买盘
1922,14:37:51,21.99,-0.01,1,2199,卖盘
1923,14:38:01,21.99,0.0,87,191313,卖盘
1924,14:38:04,22.0,0.01,444,976779,买盘
1925,14:38:09,22.0,0.0,61,134200,卖盘
1926,14:38:12,22.0,0.0,164,360800,卖盘
1927,14:38:15,22.0,0.0,55,121000,买盘
1928,14:38:18,21.98,-0.02,3,6594,卖盘
1929,14:38:36,22.0,0.02,3,6600,买盘
1930,14:39:04,21.99,-0.01,1,2199,买盘
1931,14:39:09,21.98,-0.01,1,2198,卖盘
1932,14:39:12,21.98,0.0,5,10990,卖盘
1933,14:39:18,22.0,0.02,500,1099893,买盘
1934,14:39:30,21.95,-0.05,21,46146,卖盘
1935,14:39:39,21.95,0.0,18,39510,买盘
1936,14:40:21,22.0,0.05,36,79176,买盘
1937,14:40:45,21.96,-0.04,2,4392,卖盘
1938,14:41:42,21.97,0.01,90,197735,卖盘
1939,14:41:52,21.97,0.0,13,28561,买盘
1940,14:42:09,21.97,0.0,12,26364,买盘
1941,14:42:12,21.96,-0.01,29,63684,卖盘
1942,14:42:18,21.96,0.0,11,24156,买盘
1943,14:42:45,21.95,-0.01,5,10975,卖盘
1944,14:42:54,21.95,0.0,1,2195,卖盘
1945,14:43:01,21.95,0.0,3,6585,卖盘
1946,14:43:04,21.96,0.01,43,94428,买盘
1947,14:43:12,21.96,0.0,17,37332,卖盘
1948,14:43:27,21.96,0.0,7,15372,卖盘
1949,14:43:33,21.97,0.01,1,2197,买盘
1950,14:43:42,21.97,0.0,3,6591,买盘
1951,14:43:51,21.96,-0.01,10,21960,卖盘
1952,14:43:57,21.96,0.0,48,105408,卖盘
1953,14:44:06,21.96,0.0,2,4392,买盘
1954,14:44:15,21.95,-0.01,50,109759,卖盘
1955,14:44:19,21.96,0.01,8,17565,买盘
1956,14:44:27,21.96,0.0,3,6588,买盘
1957,14:44:48,21.96,0.0,18,39528,买盘
1958,14:44:54,21.96,0.0,11,24156,卖盘
1959,14:44:57,21.96,0.0,3,6588,卖盘
1960,14:45:07,21.96,0.0,10,21960,卖盘
1961,14:45:13,21.96,0.0,12,26352,卖盘
1962,14:45:21,21.95,-0.01,23,50485,卖盘
1963,14:45:27,21.95,0.0,60,131700,卖盘
1964,14:45:37,21.95,0.0,3,6585,卖盘
1965,14:45:45,21.96,0.01,16,35136,买盘
1966,14:46:00,21.95,-0.01,37,81216,卖盘
1967,14:46:04,21.95,0.0,109,239255,卖盘
1968,14:46:12,21.94,-0.01,2,4388,卖盘
1969,14:46:24,21.94,0.0,10,21940,卖盘
1970,14:46:27,21.94,0.0,190,417299,卖盘
1971,14:46:30,21.93,-0.01,8,17544,卖盘
1972,14:46:37,21.92,-0.01,5,10960,卖盘
1973,14:46:48,21.92,0.0,64,140288,卖盘
1974,14:46:54,21.92,0.0,5,10960,卖盘
1975,14:47:00,21.91,-0.01,7,15337,卖盘
1976,14:47:04,21.9,-0.01,10,21900,卖盘
1977,14:47:09,21.88,-0.02,10,21881,卖盘
1978,14:47:12,21.9,0.02,30,65700,买盘
1979,14:47:18,21.89,-0.01,3,6567,中性盘
1980,14:47:21,21.91,0.02,5,10940,买盘
1981,14:47:24,21.9,-0.01,1,2190,卖盘
1982,14:47:33,21.9,0.0,20,43800,卖盘
1983,14:47:39,21.9,0.0,6,13140,中性盘
1984,14:47:42,21.9,0.0,5,10950,中性盘
1985,14:47:45,21.9,0.0,7,15330,买盘
1986,14:47:48,21.9,0.0,1,2190,买盘
1987,14:47:52,21.9,0.0,1,2190,买盘
1988,14:47:54,21.9,0.0,3,6568,买盘
1989,14:47:57,21.9,0.0,1,2190,买盘
1990,14:48:01,21.89,-0.01,8,17515,卖盘
1991,14:48:04,21.92,0.03,6,13145,买盘
1992,14:48:06,21.9,-0.02,16,35035,买盘
1993,14:48:09,21.9,0.0,10,21900,买盘
1994,14:48:12,21.91,0.01,5,10951,买盘
1995,14:48:15,21.9,-0.01,10,21907,卖盘
1996,14:48:18,21.9,0.0,4,8762,卖盘
1997,14:48:25,21.91,0.01,10,21910,买盘
1998,14:48:27,21.91,0.0,8,17528,中性盘
1999,14:48:34,21.92,0.01,6,13150,买盘
2000,14:48:42,21.95,0.03,445,976895,买盘
2001,14:48:55,21.98,0.03,235,516267,买盘
2002,14:48:57,21.98,0.0,16,35169,卖盘
2003,14:49:04,22.0,0.02,368,809591,买盘
2004,14:49:10,22.0,0.0,45,99000,卖盘
2005,14:49:13,22.01,0.01,2,4402,买盘
2006,14:49:19,22.0,-0.01,40,88000,卖盘
2007,14:49:21,22.0,0.0,8,17602,卖盘
2008,14:49:24,22.0,0.0,1,2200,卖盘
2009,14:49:27,22.0,0.0,1,2200,卖盘
2010,14:49:33,22.0,0.0,5,11000,买盘
2011,14:49:36,22.0,0.0,248,545600,卖盘
2012,14:49:40,22.01,0.01,352,774405,买盘
2013,14:49:42,22.0,-0.01,160,352000,卖盘
2014,14:49:54,21.99,-0.01,3,6597,卖盘
2015,14:49:57,22.0,0.01,226,497185,买盘
2016,14:50:06,22.0,0.0,462,1016400,买盘
2017,14:50:16,22.0,0.0,8,17603,卖盘
2018,14:50:19,22.0,0.0,348,765600,卖盘
2019,14:50:30,22.0,0.0,6,13200,买盘
2020,14:50:42,22.0,0.0,200,440000,买盘
2021,14:50:51,22.0,0.0,10,21994,买盘
2022,14:51:12,22.0,0.0,6,13200,买盘
2023,14:51:15,21.99,-0.01,5,10995,卖盘
2024,14:51:27,22.0,0.01,207,455400,买盘
2025,14:51:31,21.99,-0.01,9,19793,卖盘
2026,14:51:37,21.99,0.0,12,26388,卖盘
2027,14:51:45,22.0,0.01,45,98985,买盘
2028,14:51:48,22.0,0.0,8,17600,买盘
2029,14:51:51,22.0,0.0,58,127600,买盘
2030,14:51:54,21.99,-0.01,17,37383,卖盘
2031,14:52:00,22.0,0.01,2,4400,买盘
2032,14:52:06,21.99,-0.01,4,8796,卖盘
2033,14:52:15,22.0,0.01,150,330000,买盘
2034,14:52:24,22.0,0.0,7,15400,买盘
2035,14:52:30,22.0,0.0,7,15400,买盘
2036,14:52:33,22.0,0.0,13,28593,买盘
2037,14:52:39,21.99,-0.01,29,63771,卖盘
2038,14:52:42,21.98,-0.01,3,6596,卖盘
2039,14:52:45,21.98,0.0,115,252770,卖盘
2040,14:52:48,21.99,0.01,8,17592,卖盘
2041,14:52:55,21.99,0.0,4,8796,买盘
2042,14:53:01,21.98,-0.01,2,4397,卖盘
2043,14:53:04,21.98,0.0,1,2198,卖盘
2044,14:53:10,22.0,0.02,20,43987,买盘
2045,14:53:12,22.0,0.0,131,288196,买盘
2046,14:53:21,21.96,-0.04,11,24156,卖盘
2047,14:53:24,21.99,0.03,1,2199,买盘
2048,14:53:27,21.96,-0.03,91,199836,卖盘
2049,14:53:30,21.96,0.0,3,6588,买盘
2050,14:53:36,21.96,0.0,6,13176,买盘
2051,14:53:51,21.98,0.02,1,2198,买盘
2052,14:53:57,21.96,-0.02,8,17573,卖盘
2053,14:54:00,21.96,0.0,13,28551,卖盘
2054,14:54:15,21.97,0.01,17,37340,买盘
2055,14:54:21,22.0,0.03,845,1858869,买盘
2056,14:54:27,21.97,-0.03,4,8788,卖盘
2057,14:54:33,22.0,0.03,410,902000,买盘
2058,14:54:39,22.01,0.01,19,41818,买盘
2059,14:54:42,22.04,0.03,312,687395,买盘
2060,14:54:51,22.05,0.01,180,396820,买盘
2061,14:54:54,22.05,0.0,12,26464,卖盘
2062,14:55:00,22.05,0.0,19,41895,卖盘
2063,14:55:04,22.04,-0.01,2,4408,卖盘
2064,14:55:06,22.0,-0.04,20,44093,卖盘
2065,14:55:09,22.05,0.05,137,301889,买盘
2066,14:55:13,22.05,0.0,29,63945,卖盘
2067,14:55:18,22.0,-0.05,67,147630,卖盘
2068,14:55:24,22.0,0.0,14,30800,买盘
2069,14:55:30,22.0,0.0,411,904199,买盘
2070,14:55:34,22.0,0.0,1,2200,买盘
2071,14:55:36,21.99,-0.01,221,486189,卖盘
2072,14:55:39,22.0,0.01,1,2200,买盘
2073,14:55:42,22.05,0.05,169,371850,买盘
2074,14:55:48,22.07,0.02,5,11035,卖盘
2075,14:55:52,22.0,-0.07,160,352973,卖盘
2076,14:55:57,22.0,0.0,22,48400,买盘
2077,14:56:00,21.99,-0.01,5,10995,卖盘
2078,14:56:04,22.0,0.01,15,33000,买盘
2079,14:56:06,22.0,0.0,14,30800,买盘
2080,14:56:12,22.0,0.0,573,1260600,买盘
2081,14:56:15,22.07,0.07,322,708495,买盘
2082,14:56:19,22.0,-0.07,20,44000,中性盘
2083,14:56:21,22.0,0.0,430,946000,买盘
2084,14:56:25,22.0,0.0,42,92400,买盘
2085,14:56:30,22.0,0.0,71,156200,买盘
2086,14:56:34,21.99,-0.01,2,4398,卖盘
2087,14:56:36,21.99,0.0,95,208911,卖盘
2088,14:56:39,22.0,0.01,551,1212200,买盘
2089,14:56:45,22.0,0.0,9,19800,买盘
2090,14:56:48,21.99,-0.01,22,48380,卖盘
2091,14:56:57,22.0,0.01,12,26400,买盘
2092,14:57:00,21.99,-0.01,8,17592,卖盘
2093,15:00:04,21.99,0.0,708,1556892,卖盘
