,time,price,change,volume,amount,type
0,09:25:04,8.02,0.03,1419,1138038,卖盘
1,09:30:04,8.0,-0.02,486,388681,卖盘
2,09:30:06,8.01,0.01,212,169709,买盘
3,09:30:10,8.0,-0.01,47,37600,卖盘
4,09:30:16,7.99,-0.01,39,31161,卖盘
5,09:30:22,7.99,0.0,5,3995,买盘
6,09:30:24,7.99,0.0,25,19975,买盘
7,09:30:27,7.98,-0.01,20,15970,卖盘
8,09:30:31,7.99,0.01,75,59860,买盘
9,09:30:33,7.98,-0.01,4,3192,卖盘
10,09:30:36,7.98,0.0,310,247800,卖盘
11,09:30:40,7.99,0.01,8,6392,卖盘
12,09:30:43,7.98,-0.01,30,23950,卖盘
13,09:30:46,7.99,0.01,148,118110,中性盘
14,09:30:49,7.98,-0.01,32,25536,卖盘
15,09:30:51,7.98,0.0,37,29526,卖盘
16,09:30:54,7.98,0.0,6,4788,买盘
17,09:30:57,7.98,0.0,3,2394,买盘
18,09:31:01,7.98,0.0,11,8778,卖盘
19,09:31:04,7.97,-0.01,73,58247,卖盘
20,09:31:06,7.98,0.01,9,7182,买盘
21,09:31:10,7.97,-0.01,4,3188,卖盘
22,09:31:13,7.98,0.01,75,59840,买盘
23,09:31:15,7.97,-0.01,65,51844,卖盘
24,09:31:18,7.97,0.0,39,31111,卖盘
25,09:31:22,7.98,0.01,54,43092,买盘
26,09:31:25,7.97,-0.01,100,79791,卖盘
27,09:31:28,7.98,0.01,4,3189,中性盘
28,09:31:31,7.98,0.0,18,14364,买盘
29,09:31:34,7.97,-0.01,103,82124,卖盘
30,09:31:40,7.98,0.01,57,45486,买盘
31,09:31:43,7.98,0.0,8,6384,买盘
32,09:31:45,7.97,-0.01,15,11955,卖盘
33,09:31:54,7.97,0.0,39,31083,卖盘
34,09:31:57,7.97,0.0,10,7970,卖盘
35,09:32:01,7.98,0.01,2,1596,买盘
36,09:32:04,7.98,0.0,5,3990,买盘
37,09:32:06,7.97,-0.01,97,77330,卖盘
38,09:32:10,7.98,0.01,239,190720,买盘
39,09:32:16,7.98,0.0,538,428888,卖盘
40,09:32:19,7.98,0.0,15,11970,卖盘
41,09:32:25,7.98,0.0,67,53466,卖盘
42,09:32:28,7.99,0.01,2,1598,买盘
43,09:32:31,7.98,-0.01,10,7980,卖盘
44,09:32:40,7.98,0.0,13,10374,卖盘
45,09:32:43,7.98,0.0,2,1596,卖盘
46,09:32:46,7.98,0.0,10,7980,卖盘
47,09:32:48,7.99,0.01,43,34357,买盘
48,09:32:51,7.99,0.0,19,15164,买盘
49,09:32:55,7.98,-0.01,30,23940,卖盘
50,09:33:06,7.99,0.01,4,3196,买盘
51,09:33:09,7.98,-0.01,61,48678,卖盘
52,09:33:12,7.98,0.0,500,399000,卖盘
53,09:33:16,7.98,0.0,67,53466,卖盘
54,09:33:19,7.97,-0.01,85,67820,卖盘
55,09:33:22,7.98,0.01,10,7980,买盘
56,09:33:24,7.97,-0.01,23,18332,卖盘
57,09:33:27,7.98,0.01,4,3192,买盘
58,09:33:31,7.98,0.0,37,29526,买盘
59,09:33:34,7.97,-0.01,269,214393,卖盘
60,09:33:37,7.97,0.0,50,39850,卖盘
61,09:33:40,7.97,0.0,382,304454,卖盘
62,09:33:43,7.97,0.0,43,34277,卖盘
63,09:33:45,7.97,0.0,50,39850,买盘
64,09:33:48,7.97,0.0,35,27895,买盘
65,09:33:51,7.96,-0.01,53,42236,卖盘
66,09:33:58,7.96,0.0,15,11945,卖盘
67,09:34:01,7.97,0.01,1089,866269,买盘
68,09:34:09,7.96,-0.01,45,35820,买盘
69,09:34:13,7.96,0.0,5,3980,买盘
70,09:34:16,7.95,-0.01,20,15900,卖盘
71,09:34:18,7.95,0.0,159,126520,卖盘
72,09:34:22,7.95,0.0,95,75590,卖盘
73,09:34:25,7.96,0.01,27,21492,买盘
74,09:34:27,7.96,0.0,1,796,买盘
75,09:34:30,7.95,-0.01,20,15900,卖盘
76,09:34:33,7.95,0.0,19,15105,卖盘
77,09:34:42,7.96,0.01,4,3183,买盘
78,09:34:46,7.96,0.0,7,5572,卖盘
79,09:34:49,7.95,-0.01,68,54104,卖盘
80,09:34:51,7.97,0.02,5,3985,买盘
81,09:34:54,7.96,-0.01,60,47760,卖盘
82,09:34:57,7.96,0.0,20,15920,买盘
83,09:35:01,7.96,0.0,72,57312,买盘
84,09:35:04,7.96,0.0,3,2388,卖盘
85,09:35:09,7.97,0.01,30,23910,买盘
86,09:35:15,7.96,-0.01,39,31044,卖盘
87,09:35:18,7.96,0.0,22,17512,卖盘
88,09:35:22,7.97,0.01,53,42241,买盘
89,09:35:25,7.96,-0.01,17,13542,卖盘
90,09:35:27,7.97,0.01,3,2391,买盘
91,09:35:36,7.97,0.0,10,7970,买盘
92,09:35:40,7.97,0.0,31,24707,买盘
93,09:35:42,7.97,0.0,100,79700,买盘
94,09:35:48,7.96,-0.01,125,99604,卖盘
95,09:35:51,7.97,0.01,1,797,买盘
96,09:35:54,7.97,0.0,100,79700,买盘
97,09:35:58,7.97,0.0,32,25504,买盘
98,09:36:01,7.97,0.0,41,32661,买盘
99,09:36:04,7.97,0.0,5,3985,买盘
100,09:36:16,7.98,0.01,5,3990,买盘
101,09:36:21,7.97,-0.01,18,14346,卖盘
102,09:36:24,7.96,-0.01,122,97184,卖盘
103,09:36:27,7.97,0.01,6,4782,中性盘
104,09:36:30,7.98,0.01,25,19950,买盘
105,09:36:33,7.97,-0.01,33,26301,卖盘
106,09:36:36,7.97,0.0,7,5579,买盘
107,09:36:40,7.97,0.0,82,65354,买盘
108,09:36:42,7.97,0.0,50,39850,卖盘
109,09:36:45,7.98,0.01,20,15945,买盘
110,09:36:48,7.97,-0.01,6,4784,卖盘
111,09:37:01,7.97,0.0,11,8768,卖盘
112,09:37:03,7.97,0.0,8,6376,卖盘
113,09:37:09,7.97,0.0,53,42257,卖盘
114,09:37:12,7.96,-0.01,112,89249,卖盘
115,09:37:22,7.97,0.01,23,18331,买盘
116,09:37:24,7.96,-0.01,417,331932,卖盘
117,09:37:27,7.96,0.0,410,326360,卖盘
118,09:37:30,7.97,0.01,81,64543,买盘
119,09:37:37,7.95,-0.02,3,2385,卖盘
120,09:37:40,7.96,0.01,8,6361,买盘
121,09:37:46,7.95,-0.01,15,11935,卖盘
122,09:37:49,7.96,0.01,29,23084,买盘
123,09:37:51,7.96,0.0,4,3184,买盘
124,09:37:54,7.95,-0.01,111,88245,卖盘
125,09:37:57,7.95,0.0,8,6364,卖盘
126,09:38:03,7.96,0.01,37,29437,买盘
127,09:38:12,7.95,-0.01,152,120850,卖盘
128,09:38:19,7.96,0.01,50,39765,买盘
129,09:38:27,7.96,0.0,3,2388,买盘
130,09:38:31,7.96,0.0,2,1592,买盘
131,09:38:34,7.96,0.0,73,58108,买盘
132,09:38:37,7.95,-0.01,1,795,卖盘
133,09:38:39,7.96,0.01,94,74824,买盘
134,09:38:42,7.95,-0.01,261,207495,卖盘
135,09:38:45,7.96,0.01,16,12736,买盘
136,09:38:49,7.95,-0.01,150,119250,卖盘
137,09:38:52,7.95,0.0,11,8745,卖盘
138,09:38:54,7.95,0.0,4,3180,卖盘
139,09:38:57,7.95,0.0,2,1590,卖盘
140,09:39:00,7.95,0.0,157,124828,卖盘
141,09:39:04,7.96,0.01,55,43730,买盘
142,09:39:06,7.95,-0.01,31,24645,卖盘
143,09:39:09,7.95,0.0,337,267929,卖盘
144,09:39:12,7.95,0.0,272,216240,卖盘
145,09:39:16,7.95,0.0,103,81885,卖盘
146,09:39:19,7.95,0.0,28,22260,卖盘
147,09:39:22,7.96,0.01,17,13532,买盘
148,09:39:30,7.95,-0.01,95,75538,卖盘
149,09:39:34,7.96,0.01,30,23880,买盘
150,09:39:37,7.96,0.0,4,3181,买盘
151,09:39:43,7.96,0.0,26,20696,买盘
152,09:39:49,7.96,0.0,20,15920,买盘
153,09:39:51,7.95,-0.01,17,13515,卖盘
154,09:39:55,7.95,0.0,333,264735,卖盘
155,09:39:57,7.95,0.0,505,400975,买盘
156,09:40:04,7.95,0.0,30,23850,买盘
157,09:40:06,7.95,0.0,6,4770,买盘
158,09:40:10,7.95,0.0,12,9540,买盘
159,09:40:13,7.94,-0.01,150,119100,卖盘
160,09:40:18,7.94,0.0,22,17481,卖盘
161,09:40:24,7.94,0.0,60,47640,卖盘
162,09:40:28,7.95,0.01,20,15900,买盘
163,09:40:36,7.95,0.0,12,9540,买盘
164,09:40:40,7.95,0.0,105,83473,买盘
165,09:40:45,7.95,0.0,10,7950,买盘
166,09:40:48,7.95,0.0,87,69165,买盘
167,09:40:55,7.95,0.0,46,36555,买盘
168,09:41:01,7.94,-0.01,95,75476,卖盘
169,09:41:04,7.95,0.01,15,11925,买盘
170,09:41:06,7.95,0.0,46,36561,买盘
171,09:41:09,7.95,0.0,205,162975,买盘
172,09:41:12,7.94,-0.01,14,11122,卖盘
173,09:41:19,7.95,0.01,102,81090,买盘
174,09:41:22,7.94,-0.01,5,3970,卖盘
175,09:41:25,7.95,0.01,33,26235,买盘
176,09:41:28,7.95,0.0,20,15900,买盘
177,09:41:30,7.95,0.0,5,3975,买盘
178,09:41:33,7.95,0.0,47,37365,买盘
179,09:41:39,7.95,0.0,20,15900,买盘
180,09:41:45,7.95,0.0,30,23850,买盘
181,09:41:51,7.94,-0.01,55,43670,卖盘
182,09:41:55,7.95,0.01,29,23054,买盘
183,09:41:58,7.95,0.0,34,27013,买盘
184,09:42:04,7.95,0.0,40,31800,买盘
185,09:42:06,7.95,0.0,65,51645,买盘
186,09:42:10,7.95,0.0,61,48495,买盘
187,09:42:12,7.95,0.0,10,7950,买盘
188,09:42:16,7.95,0.0,303,240885,买盘
189,09:42:18,7.95,0.0,15,11925,卖盘
190,09:42:22,7.95,0.0,18,14310,卖盘
191,09:42:25,7.96,0.01,4,3182,买盘
192,09:42:27,7.95,-0.01,153,121635,卖盘
193,09:42:34,7.95,0.0,21,16695,卖盘
194,09:42:36,7.95,0.0,108,85860,卖盘
195,09:42:39,7.95,0.0,1,795,买盘
196,09:42:43,7.95,0.0,56,44469,买盘
197,09:42:45,7.95,0.0,21,16695,买盘
198,09:42:48,7.95,0.0,60,47700,买盘
199,09:42:51,7.94,-0.01,50,39700,卖盘
200,09:42:55,7.95,0.01,10,7950,买盘
201,09:42:57,7.95,0.0,14,11130,买盘
202,09:43:04,7.95,0.0,173,137535,卖盘
203,09:43:09,7.96,0.01,950,756104,买盘
204,09:43:15,7.95,-0.01,41,32595,卖盘
205,09:43:21,7.95,0.0,111,88245,买盘
206,09:43:25,7.95,0.0,10,7950,买盘
207,09:43:27,7.95,0.0,24,19080,买盘
208,09:43:42,7.95,0.0,15,11925,卖盘
209,09:43:49,7.95,0.0,35,27825,卖盘
210,09:43:51,7.95,0.0,6,4770,卖盘
211,09:43:54,7.95,0.0,40,31800,卖盘
212,09:44:13,7.95,0.0,1,795,卖盘
213,09:44:15,7.95,0.0,10,7950,卖盘
214,09:44:18,7.95,0.0,23,18285,卖盘
215,09:44:21,7.95,0.0,30,23850,卖盘
216,09:44:33,7.96,0.01,208,165561,买盘
217,09:44:36,7.95,-0.01,16,12726,卖盘
218,09:44:40,7.95,0.0,5,3975,卖盘
219,09:44:42,7.95,0.0,122,97027,卖盘
220,09:44:45,7.96,0.01,12,9552,买盘
221,09:44:51,7.96,0.0,71,56516,买盘
222,09:44:58,7.96,0.0,10,7960,买盘
223,09:45:04,7.96,0.0,14,11144,买盘
224,09:45:15,7.96,0.0,26,20696,买盘
225,09:45:22,7.96,0.0,60,47760,买盘
226,09:45:25,7.95,-0.01,63,50090,卖盘
227,09:45:31,7.95,0.0,10,7950,卖盘
228,09:45:34,7.96,0.01,74,58904,买盘
229,09:45:37,7.95,-0.01,260,206700,卖盘
230,09:45:42,7.95,0.0,64,50880,卖盘
231,09:45:48,7.96,0.01,23,18305,买盘
232,09:45:54,7.96,0.0,27,21472,买盘
233,09:45:58,7.96,0.0,14,11144,买盘
234,09:46:00,7.96,0.0,130,103480,买盘
235,09:46:03,7.96,0.0,50,39800,买盘
236,09:46:12,7.96,0.0,7,5572,买盘
237,09:46:16,7.96,0.0,44,35024,买盘
238,09:46:18,7.96,0.0,137,109029,买盘
239,09:46:28,7.96,0.0,5,3980,卖盘
240,09:46:31,7.97,0.01,1,797,买盘
241,09:46:33,7.96,-0.01,5,3980,卖盘
242,09:46:39,7.96,0.0,10,7960,卖盘
243,09:46:43,7.96,0.0,2,1592,卖盘
244,09:46:49,7.97,0.01,30,23910,买盘
245,09:46:55,7.97,0.0,76,60572,买盘
246,09:47:04,7.96,-0.01,27,21518,卖盘
247,09:47:10,7.97,0.01,74,58978,买盘
248,09:47:13,7.97,0.0,10,7970,卖盘
249,09:47:18,7.98,0.01,30,23940,买盘
250,09:47:22,7.98,0.0,50,39900,买盘
251,09:47:30,7.98,0.0,71,56658,买盘
252,09:47:39,7.98,0.0,10,7980,买盘
253,09:47:46,7.98,0.0,55,43890,买盘
254,09:47:48,7.98,0.0,21,16758,买盘
255,09:47:54,7.98,0.0,77,61446,买盘
256,09:47:57,7.98,0.0,54,43092,买盘
257,09:48:00,7.98,0.0,74,59038,买盘
258,09:48:04,7.97,-0.01,80,63760,卖盘
259,09:48:25,7.97,0.0,52,41451,卖盘
260,09:48:30,7.97,0.0,500,398500,卖盘
261,09:48:40,7.97,0.0,17,13555,卖盘
262,09:48:42,7.97,0.0,95,75786,卖盘
263,09:48:45,7.98,0.01,40,31920,买盘
264,09:48:48,7.98,0.0,30,23940,买盘
265,09:48:51,7.98,0.0,13,10374,买盘
266,09:48:55,7.98,0.0,12,9576,买盘
267,09:49:06,7.97,-0.01,17,13549,卖盘
268,09:49:13,7.97,0.0,35,27895,卖盘
269,09:49:16,7.98,0.01,142,113224,买盘
270,09:49:21,7.97,-0.01,102,81294,卖盘
271,09:49:31,7.97,0.0,258,205626,卖盘
272,09:49:34,7.97,0.0,10,7970,卖盘
273,09:49:36,7.97,0.0,20,15940,卖盘
274,09:49:39,7.97,0.0,25,19945,卖盘
275,09:49:43,7.97,0.0,9,7173,卖盘
276,09:49:46,7.97,0.0,1,797,卖盘
277,09:49:49,7.97,0.0,65,51805,卖盘
278,09:49:52,7.97,0.0,104,82893,卖盘
279,09:49:54,7.97,0.0,87,69339,卖盘
280,09:49:57,7.97,0.0,11,8770,卖盘
281,09:50:00,7.97,0.0,2,1594,卖盘
282,09:50:04,7.96,-0.01,81,64552,卖盘
283,09:50:07,7.97,0.01,1,797,买盘
284,09:50:09,7.97,0.0,4,3188,买盘
285,09:50:21,7.96,-0.01,3,2388,卖盘
286,09:50:25,7.97,0.01,126,100422,买盘
287,09:50:27,7.97,0.0,2,1594,卖盘
288,09:50:30,7.96,-0.01,3,2388,卖盘
289,09:50:36,7.96,0.0,116,92342,卖盘
290,09:50:46,7.97,0.01,19,15143,买盘
291,09:50:49,7.96,-0.01,23,18320,卖盘
292,09:50:51,7.97,0.01,1,797,买盘
293,09:50:54,7.96,-0.01,157,124972,卖盘
294,09:51:00,7.96,0.0,5,3980,卖盘
295,09:51:21,7.96,0.0,346,275416,卖盘
296,09:51:25,7.97,0.01,5,3985,买盘
297,09:51:39,7.96,-0.01,78,62138,卖盘
298,09:51:42,7.96,0.0,16,12736,卖盘
299,09:51:54,7.96,0.0,110,87560,卖盘
300,09:52:00,7.96,0.0,252,200592,卖盘
301,09:52:03,7.96,0.0,6,4776,买盘
302,09:52:06,7.96,0.0,13,10348,买盘
303,09:52:09,7.96,0.0,76,60496,买盘
304,09:52:16,7.96,0.0,11,8756,卖盘
305,09:52:18,7.96,0.0,3,2388,卖盘
306,09:52:21,7.96,0.0,29,23084,卖盘
307,09:52:24,7.97,0.01,1,797,买盘
308,09:52:27,7.97,0.0,523,416808,买盘
309,09:52:36,7.96,-0.01,54,42984,卖盘
310,09:52:42,7.97,0.01,21,16737,买盘
311,09:52:54,7.97,0.0,45,35865,买盘
312,09:52:57,7.97,0.0,7,5579,卖盘
313,09:53:06,7.97,0.0,32,25504,卖盘
314,09:53:12,7.97,0.0,68,54196,买盘
315,09:53:18,7.97,0.0,22,17534,卖盘
316,09:53:21,7.97,0.0,45,35865,卖盘
317,09:53:27,7.97,0.0,251,200047,卖盘
318,09:53:31,7.97,0.0,154,122738,卖盘
319,09:53:33,7.97,0.0,20,15940,卖盘
320,09:53:37,7.97,0.0,26,20722,卖盘
321,09:53:40,7.97,0.0,5,3985,卖盘
322,09:53:43,7.97,0.0,6,4782,卖盘
323,09:53:45,7.97,0.0,36,28692,卖盘
324,09:53:48,7.97,0.0,2,1594,买盘
325,09:53:57,7.96,-0.01,6,4776,卖盘
326,09:54:00,7.97,0.01,15,11955,买盘
327,09:54:04,7.97,0.0,2,1594,买盘
328,09:54:21,7.96,-0.01,13,10348,卖盘
329,09:54:34,7.96,0.0,6,4776,卖盘
330,09:54:36,7.96,0.0,3,2388,卖盘
331,09:54:39,7.96,0.0,8,6368,卖盘
332,09:54:48,7.97,0.01,1,797,买盘
333,09:54:54,7.96,-0.01,2,1592,卖盘
334,09:54:57,7.96,0.0,53,42188,卖盘
335,09:55:01,7.96,0.0,11,8756,卖盘
336,09:55:04,7.96,0.0,33,26268,卖盘
337,09:55:13,7.96,0.0,30,23880,卖盘
338,09:55:18,7.97,0.01,7,5579,买盘
339,09:55:21,7.96,-0.01,18,14328,卖盘
340,09:55:24,7.96,0.0,10,7960,卖盘
341,09:55:27,7.96,0.0,44,35024,卖盘
342,09:55:33,7.96,0.0,3,2388,卖盘
343,09:55:45,7.96,0.0,2,1592,卖盘
344,09:55:49,7.96,0.0,24,19104,卖盘
345,09:55:57,7.96,0.0,75,59700,卖盘
346,09:56:06,7.96,0.0,20,15920,卖盘
347,09:56:15,7.96,0.0,56,44576,卖盘
348,09:56:21,7.96,0.0,50,39800,卖盘
349,09:56:24,7.96,0.0,47,37412,卖盘
350,09:56:30,7.96,0.0,23,18308,卖盘
351,09:56:33,7.96,0.0,20,15920,卖盘
352,09:56:37,7.96,0.0,3,2388,卖盘
353,09:56:42,7.96,0.0,7,5572,买盘
354,09:56:45,7.95,-0.01,4,3180,卖盘
355,09:56:48,7.96,0.01,10,7960,买盘
356,09:56:51,7.96,0.0,8,6368,买盘
357,09:57:04,7.96,0.0,80,63680,买盘
358,09:57:15,7.96,0.0,102,81192,买盘
359,09:57:25,7.96,0.0,28,22288,买盘
360,09:57:27,7.95,-0.01,43,34208,卖盘
361,09:57:30,7.95,0.0,10,7950,卖盘
362,09:57:36,7.96,0.01,119,94724,卖盘
363,09:57:40,7.96,0.0,10,7960,买盘
364,09:57:45,7.96,0.0,96,76416,买盘
365,09:57:51,7.96,0.0,13,10348,买盘
366,09:58:04,7.96,0.0,82,65272,买盘
367,09:58:06,7.96,0.0,20,15920,买盘
368,09:58:33,7.96,0.0,43,34228,买盘
369,09:58:37,7.96,0.0,6,4776,买盘
370,09:58:39,7.95,-0.01,3,2385,卖盘
371,09:58:51,7.95,0.0,156,124025,卖盘
372,09:58:55,7.95,0.0,6,4770,卖盘
373,09:59:00,7.95,0.0,10,7950,卖盘
374,09:59:15,7.96,0.01,15,11940,买盘
375,09:59:24,7.96,0.0,5,3980,买盘
376,09:59:27,7.95,-0.01,10,7950,卖盘
377,09:59:36,7.96,0.01,10,7960,买盘
378,09:59:39,7.96,0.0,3,2388,买盘
379,09:59:42,7.96,0.0,54,42984,买盘
380,09:59:45,7.96,0.0,1,796,买盘
381,09:59:48,7.96,0.0,1,796,买盘
382,09:59:51,7.95,-0.01,40,31820,卖盘
383,10:00:00,7.96,0.01,31,24657,买盘
384,10:00:04,7.95,-0.01,11,8755,卖盘
385,10:00:09,7.96,0.01,6,4776,买盘
386,10:00:12,7.95,-0.01,35,27825,卖盘
387,10:00:15,7.96,0.01,62,49352,买盘
388,10:00:18,7.96,0.0,6,4776,买盘
389,10:00:21,7.96,0.0,10,7960,买盘
390,10:00:24,7.95,-0.01,7,5565,卖盘
391,10:00:27,7.96,0.01,5,3980,买盘
392,10:00:33,7.96,0.0,23,18308,买盘
393,10:00:36,7.96,0.0,19,15124,买盘
394,10:00:39,7.96,0.0,12,9552,买盘
395,10:00:45,7.96,0.0,15,11940,卖盘
396,10:00:48,7.96,0.0,12,9552,卖盘
397,10:00:51,7.96,0.0,8,6368,卖盘
398,10:01:00,7.96,0.0,42,33442,卖盘
399,10:01:12,7.97,0.01,5,3985,买盘
400,10:01:27,7.96,-0.01,47,37412,卖盘
401,10:01:30,7.96,0.0,38,30248,卖盘
402,10:01:45,7.96,0.0,12,9552,买盘
403,10:01:48,7.96,0.0,7,5572,买盘
404,10:01:52,7.96,0.0,55,43775,买盘
405,10:01:57,7.96,0.0,10,7960,买盘
406,10:02:00,7.95,-0.01,335,266325,卖盘
407,10:02:09,7.96,0.01,5,3980,买盘
408,10:02:18,7.96,0.0,9,7164,买盘
409,10:02:21,7.96,0.0,25,19890,买盘
410,10:02:24,7.96,0.0,10,7960,买盘
411,10:02:33,7.96,0.0,8,6368,买盘
412,10:02:37,7.96,0.0,6,4776,买盘
413,10:02:48,7.95,-0.01,14,11130,卖盘
414,10:02:51,7.95,0.0,100,79500,卖盘
415,10:02:54,7.96,0.01,5,3980,买盘
416,10:02:57,7.96,0.0,1,796,买盘
417,10:03:04,7.96,0.0,40,31840,买盘
418,10:03:06,7.96,0.0,13,10337,买盘
419,10:03:12,7.95,-0.01,2,1590,卖盘
420,10:03:15,7.96,0.01,92,73232,买盘
421,10:03:18,7.96,0.0,1,796,卖盘
422,10:03:22,7.96,0.0,10,7960,卖盘
423,10:03:24,7.96,0.0,77,61292,卖盘
424,10:03:27,7.96,0.0,13,10348,买盘
425,10:03:30,7.96,0.0,7,5572,卖盘
426,10:03:45,7.95,-0.01,50,39750,卖盘
427,10:03:54,7.95,0.0,40,31800,卖盘
428,10:04:03,7.95,0.0,3,2385,卖盘
429,10:04:06,7.95,0.0,39,31041,卖盘
430,10:04:21,7.95,0.0,285,226575,卖盘
431,10:04:24,7.95,0.0,90,71550,卖盘
432,10:04:33,7.95,0.0,50,39750,卖盘
433,10:04:42,7.95,0.0,24,19080,卖盘
434,10:04:51,7.95,0.0,5,3975,卖盘
435,10:04:57,7.96,0.01,10,7960,买盘
436,10:05:00,7.95,-0.01,1,795,卖盘
437,10:05:18,7.95,0.0,7,5565,卖盘
438,10:05:24,7.95,0.0,20,15900,卖盘
439,10:05:36,7.95,0.0,100,79500,卖盘
440,10:05:39,7.95,0.0,119,94605,卖盘
441,10:05:54,7.95,0.0,7,5565,卖盘
442,10:05:57,7.95,0.0,9,7155,卖盘
443,10:06:03,7.95,0.0,3,2385,卖盘
444,10:06:09,7.96,0.01,5,3980,买盘
445,10:06:12,7.95,-0.01,36,28620,卖盘
446,10:06:15,7.95,0.0,9,7155,卖盘
447,10:06:24,7.95,0.0,10,7950,卖盘
448,10:06:27,7.95,0.0,20,15900,卖盘
449,10:06:36,7.96,0.01,38,30248,买盘
450,10:06:45,7.95,-0.01,9,7155,卖盘
451,10:06:48,7.95,0.0,6,4770,卖盘
452,10:07:00,7.95,0.0,106,84270,卖盘
453,10:07:15,7.95,0.0,86,68370,卖盘
454,10:07:18,7.95,0.0,20,15900,卖盘
455,10:07:21,7.96,0.01,100,79600,买盘
456,10:07:24,7.95,-0.01,10,7950,卖盘
457,10:07:27,7.95,0.0,14,11130,卖盘
458,10:07:30,7.95,0.0,25,19875,卖盘
459,10:07:33,7.95,0.0,3,2385,卖盘
460,10:07:36,7.96,0.01,181,144076,买盘
461,10:07:39,7.96,0.0,30,23880,买盘
462,10:07:45,7.95,-0.01,10,7950,卖盘
463,10:07:48,7.95,0.0,19,15105,卖盘
464,10:07:51,7.95,0.0,58,46110,卖盘
465,10:08:00,7.96,0.01,414,329514,买盘
466,10:08:04,7.95,-0.01,55,43725,卖盘
467,10:08:06,7.95,0.0,4,3180,卖盘
468,10:08:15,7.96,0.01,21,16696,买盘
469,10:08:45,7.95,-0.01,216,171720,卖盘
470,10:08:48,7.95,0.0,1,795,卖盘
471,10:08:54,7.95,0.0,5,3975,卖盘
472,10:09:27,7.95,0.0,30,23850,卖盘
473,10:09:30,7.95,0.0,100,79500,卖盘
474,10:09:39,7.96,0.01,34,27050,买盘
475,10:09:48,7.95,-0.01,3,2385,卖盘
476,10:09:54,7.95,0.0,31,24645,卖盘
477,10:10:03,7.95,0.0,20,15900,卖盘
478,10:10:12,7.95,0.0,17,13515,卖盘
479,10:10:15,7.95,0.0,14,11130,卖盘
480,10:10:27,7.95,0.0,11,8745,卖盘
481,10:10:30,7.95,0.0,4,3180,卖盘
482,10:10:33,7.95,0.0,3,2385,卖盘
483,10:10:42,7.96,0.01,84,66864,买盘
484,10:10:45,7.95,-0.01,19,15105,卖盘
485,10:10:51,7.96,0.01,25,19900,买盘
486,10:11:00,7.95,-0.01,37,29415,卖盘
487,10:11:09,7.96,0.01,5,3980,买盘
488,10:11:13,7.95,-0.01,7,5571,卖盘
489,10:11:18,7.95,0.0,10,7950,卖盘
490,10:11:33,7.95,0.0,14,11130,卖盘
491,10:11:36,7.95,0.0,8,6360,卖盘
492,10:11:45,7.95,0.0,533,423735,卖盘
493,10:11:54,7.95,0.0,4,3182,卖盘
494,10:12:00,7.95,0.0,20,15900,卖盘
495,10:12:03,7.95,0.0,51,40545,卖盘
496,10:12:15,7.95,0.0,66,52470,卖盘
497,10:12:30,7.95,0.0,300,238500,卖盘
498,10:12:33,7.94,-0.01,1656,1314912,卖盘
499,10:12:39,7.94,0.0,6,4764,买盘
500,10:12:48,7.93,-0.01,197,156373,卖盘
501,10:12:51,7.94,0.01,161,127821,买盘
502,10:12:54,7.93,-0.01,65,51597,卖盘
503,10:12:57,7.94,0.01,6,4764,买盘
504,10:13:07,7.94,0.0,85,67415,买盘
505,10:13:12,7.94,0.0,10,7940,买盘
506,10:13:15,7.93,-0.01,10,7930,卖盘
507,10:13:24,7.94,0.01,2,1588,买盘
508,10:13:28,7.94,0.0,31,24614,买盘
509,10:13:30,7.94,0.0,9,7146,买盘
510,10:13:33,7.93,-0.01,46,36478,卖盘
511,10:13:36,7.94,0.01,27,21416,买盘
512,10:13:42,7.94,0.0,51,40494,买盘
513,10:13:45,7.94,0.0,41,32554,卖盘
514,10:13:49,7.94,0.0,32,25408,卖盘
515,10:13:52,7.94,0.0,20,15880,卖盘
516,10:13:58,7.94,0.0,9,7146,卖盘
517,10:14:04,7.94,0.0,32,25408,卖盘
518,10:14:06,7.95,0.01,7,5561,买盘
519,10:14:09,7.94,-0.01,200,158800,卖盘
520,10:14:13,7.94,0.0,7,5558,卖盘
521,10:14:15,7.94,0.0,18,14292,卖盘
522,10:14:21,7.94,0.0,6,4764,卖盘
523,10:14:27,7.94,0.0,75,59550,卖盘
524,10:14:30,7.94,0.0,100,79400,卖盘
525,10:14:36,7.94,0.0,16,12704,卖盘
526,10:14:39,7.94,0.0,8,6352,卖盘
527,10:14:45,7.94,0.0,114,90516,卖盘
528,10:14:48,7.94,0.0,2,1588,买盘
529,10:14:51,7.94,0.0,55,43625,买盘
530,10:14:57,7.94,0.0,170,134980,买盘
531,10:15:06,7.94,0.0,118,93692,卖盘
532,10:15:09,7.94,0.0,24,19056,买盘
533,10:15:12,7.94,0.0,5,3970,买盘
534,10:15:24,7.93,-0.01,20,15860,卖盘
535,10:15:27,7.93,0.0,3,2379,卖盘
536,10:15:30,7.94,0.01,10,7940,买盘
537,10:15:42,7.94,0.0,5,3970,买盘
538,10:15:51,7.93,-0.01,3,2379,卖盘
539,10:15:54,7.94,0.01,6,4764,买盘
540,10:16:00,7.93,-0.01,117,92781,卖盘
541,10:16:04,7.93,0.0,7,5551,卖盘
542,10:16:06,7.93,0.0,100,79300,卖盘
543,10:16:09,7.93,0.0,13,10309,卖盘
544,10:16:15,7.93,0.0,14,11102,卖盘
545,10:16:18,7.93,0.0,20,15860,卖盘
546,10:16:22,7.93,0.0,80,63440,卖盘
547,10:16:33,7.93,0.0,125,99125,卖盘
548,10:16:42,7.93,0.0,111,88023,卖盘
549,10:16:48,7.93,0.0,879,697047,卖盘
550,10:16:51,7.93,0.0,64,50752,卖盘
551,10:16:57,7.93,0.0,43,34116,买盘
552,10:17:00,7.93,0.0,5,3965,卖盘
553,10:17:06,7.93,0.0,169,134017,卖盘
554,10:17:10,7.93,0.0,121,95953,卖盘
555,10:17:18,7.93,0.0,83,65819,卖盘
556,10:17:21,7.93,0.0,6,4758,卖盘
557,10:17:27,7.93,0.0,4,3172,买盘
558,10:17:33,7.93,0.0,77,61061,卖盘
559,10:17:36,7.93,0.0,6,4758,卖盘
560,10:17:42,7.93,0.0,18,14274,买盘
561,10:17:45,7.93,0.0,11,8723,买盘
562,10:17:48,7.93,0.0,144,114192,买盘
563,10:17:51,7.93,0.0,32,25376,卖盘
564,10:17:54,7.93,0.0,40,31720,买盘
565,10:17:57,7.93,0.0,9,7137,买盘
566,10:18:00,7.93,0.0,36,28548,买盘
567,10:18:04,7.93,0.0,12,9516,买盘
568,10:18:06,7.93,0.0,55,43602,买盘
569,10:18:15,7.93,0.0,33,26169,卖盘
570,10:18:18,7.93,0.0,10,7930,买盘
571,10:18:21,7.93,0.0,64,50752,买盘
572,10:18:24,7.93,0.0,60,47555,卖盘
573,10:18:27,7.93,0.0,47,37271,买盘
574,10:18:39,7.93,0.0,46,36478,卖盘
575,10:18:45,7.93,0.0,29,22997,卖盘
576,10:18:58,7.93,0.0,2,1586,卖盘
577,10:19:00,7.93,0.0,12,9516,卖盘
578,10:19:06,7.93,0.0,9,7137,卖盘
579,10:19:09,7.93,0.0,151,119743,卖盘
580,10:19:12,7.93,0.0,12,9516,卖盘
581,10:19:15,7.94,0.01,418,331692,买盘
582,10:19:30,7.93,-0.01,51,40443,卖盘
583,10:19:33,7.94,0.01,29,23026,买盘
584,10:19:36,7.93,-0.01,5,3965,卖盘
585,10:19:54,7.94,0.01,10,7940,买盘
586,10:19:57,7.93,-0.01,7,5551,卖盘
587,10:20:00,7.93,0.0,10,7930,卖盘
588,10:20:06,7.93,0.0,28,22204,卖盘
589,10:20:15,7.94,0.01,15,11910,买盘
590,10:20:19,7.94,0.0,1,794,买盘
591,10:20:21,7.94,0.0,14,11106,买盘
592,10:20:27,7.93,-0.01,7,5551,卖盘
593,10:20:36,7.93,0.0,200,158600,卖盘
594,10:20:42,7.93,0.0,1,793,卖盘
595,10:20:45,7.93,0.0,57,45201,卖盘
596,10:20:48,7.93,0.0,10,7930,卖盘
597,10:20:54,7.94,0.01,6,4764,买盘
598,10:21:09,7.93,-0.01,20,15860,卖盘
599,10:21:18,7.94,0.01,10,7940,买盘
600,10:21:24,7.93,-0.01,3,2379,卖盘
601,10:21:27,7.94,0.01,138,109572,买盘
602,10:21:33,7.93,-0.01,19,15067,卖盘
603,10:21:42,7.93,0.0,16,12688,卖盘
604,10:21:54,7.94,0.01,10,7940,买盘
605,10:21:57,7.94,0.0,156,123713,买盘
606,10:22:00,7.94,0.0,20,15880,买盘
607,10:22:03,7.93,-0.01,1,793,卖盘
608,10:22:30,7.93,0.0,25,19825,卖盘
609,10:22:33,7.93,0.0,24,19032,卖盘
610,10:22:54,7.93,0.0,205,162565,卖盘
611,10:22:57,7.93,0.0,7,5551,卖盘
612,10:23:00,7.93,0.0,289,229177,卖盘
613,10:23:04,7.93,0.0,11,8723,卖盘
614,10:23:21,7.93,0.0,8,6347,卖盘
615,10:23:24,7.93,0.0,35,27755,卖盘
616,10:23:42,7.93,0.0,30,23790,卖盘
617,10:23:45,7.94,0.01,30,23820,买盘
618,10:23:48,7.93,-0.01,4,3172,卖盘
619,10:24:04,7.93,0.0,1,793,卖盘
620,10:24:06,7.94,0.01,1,794,买盘
621,10:24:12,7.93,-0.01,9,7137,卖盘
622,10:24:18,7.93,0.0,101,80093,卖盘
623,10:24:21,7.93,0.0,20,15860,卖盘
624,10:24:27,7.94,0.01,12,9528,买盘
625,10:24:33,7.94,0.0,10,7931,买盘
626,10:24:52,7.93,-0.01,18,14274,卖盘
627,10:25:00,7.93,0.0,10,7930,卖盘
628,10:25:04,7.93,0.0,34,26962,卖盘
629,10:25:09,7.93,0.0,45,35685,卖盘
630,10:25:15,7.93,0.0,54,42822,卖盘
631,10:25:27,7.93,0.0,9,7137,卖盘
632,10:25:30,7.93,0.0,125,99125,卖盘
633,10:25:33,7.93,0.0,80,63440,卖盘
634,10:25:40,7.93,0.0,2,1586,卖盘
635,10:25:43,7.93,0.0,53,42032,卖盘
636,10:25:45,7.94,0.01,12,9528,买盘
637,10:25:48,7.93,-0.01,48,38064,卖盘
638,10:25:57,7.93,0.0,73,57889,卖盘
639,10:26:12,7.93,0.0,23,18239,卖盘
640,10:26:36,7.93,0.0,25,19825,卖盘
641,10:26:52,7.93,0.0,34,26962,卖盘
642,10:26:55,7.93,0.0,645,511485,卖盘
643,10:26:57,7.94,0.01,24,19056,买盘
644,10:27:00,7.93,-0.01,2,1586,卖盘
645,10:27:04,7.93,0.0,56,44408,卖盘
646,10:27:09,7.93,0.0,30,23790,卖盘
647,10:27:15,7.93,0.0,18,14274,卖盘
648,10:27:21,7.93,0.0,34,26962,卖盘
649,10:27:27,7.93,0.0,33,26169,卖盘
650,10:27:36,7.93,0.0,40,31720,卖盘
651,10:27:39,7.94,0.01,10,7940,买盘
652,10:27:45,7.93,-0.01,151,119743,卖盘
653,10:27:48,7.93,0.0,16,12700,卖盘
654,10:27:57,7.94,0.01,18,14292,买盘
655,10:28:03,7.93,-0.01,191,151463,卖盘
656,10:28:06,7.93,0.0,5,3965,卖盘
657,10:28:09,7.93,0.0,20,15860,卖盘
658,10:28:12,7.94,0.01,18,14292,买盘
659,10:28:21,7.93,-0.01,66,52338,卖盘
660,10:28:24,7.94,0.01,9,7146,买盘
661,10:28:36,7.93,-0.01,7,5551,卖盘
662,10:28:39,7.93,0.0,23,18239,卖盘
663,10:28:42,7.93,0.0,54,42852,卖盘
664,10:28:45,7.93,0.0,3,2379,卖盘
665,10:28:57,7.93,0.0,108,85644,卖盘
666,10:29:03,7.94,0.01,18,14292,买盘
667,10:29:06,7.93,-0.01,3,2379,卖盘
668,10:29:09,7.93,0.0,103,81679,卖盘
669,10:29:13,7.93,0.0,27,21411,卖盘
670,10:29:24,7.94,0.01,21,16656,买盘
671,10:29:43,7.94,0.0,1,794,买盘
672,10:29:48,7.94,0.0,100,79400,买盘
673,10:29:54,7.94,0.0,5,3970,买盘
674,10:30:00,7.93,-0.01,10,7930,卖盘
675,10:30:03,7.94,0.01,63,50022,买盘
676,10:30:06,7.93,-0.01,174,138102,卖盘
677,10:30:15,7.94,0.01,1,794,买盘
678,10:30:57,7.94,0.0,19,15077,买盘
679,10:31:00,7.94,0.0,3,2382,买盘
680,10:31:03,7.94,0.0,66,52404,买盘
681,10:31:09,7.94,0.0,20,15880,买盘
682,10:31:12,7.94,0.0,25,19850,买盘
683,10:31:15,7.94,0.0,57,45214,买盘
684,10:31:24,7.93,-0.01,15,11895,卖盘
685,10:31:27,7.94,0.01,13,10312,买盘
686,10:31:57,7.94,0.0,25,19850,买盘
687,10:32:00,7.94,0.0,10,7940,买盘
688,10:32:09,7.93,-0.01,647,513071,卖盘
689,10:32:12,7.93,0.0,13,10309,卖盘
690,10:32:21,7.93,0.0,100,79300,卖盘
691,10:32:31,7.93,0.0,39,30927,卖盘
692,10:32:36,7.93,0.0,13,10309,卖盘
693,10:32:39,7.93,0.0,18,14274,卖盘
694,10:32:45,7.93,0.0,7,5551,买盘
695,10:32:51,7.93,0.0,50,39650,买盘
696,10:32:57,7.92,-0.01,20,15850,卖盘
697,10:33:15,7.92,0.0,55,43560,卖盘
698,10:33:22,7.92,0.0,1,792,卖盘
699,10:33:27,7.93,0.01,7,5551,买盘
700,10:33:33,7.92,-0.01,305,241849,卖盘
701,10:33:36,7.93,0.01,2,1586,中性盘
702,10:33:42,7.93,0.0,8,6344,卖盘
703,10:33:45,7.93,0.0,10,7930,买盘
704,10:33:51,7.93,0.0,18,14274,卖盘
705,10:33:54,7.93,0.0,14,11102,卖盘
706,10:33:57,7.93,0.0,86,68198,卖盘
707,10:34:00,7.93,0.0,6,4758,买盘
708,10:34:12,7.92,-0.01,87,68969,卖盘
709,10:34:15,7.93,0.01,110,87230,买盘
710,10:34:18,7.92,-0.01,59,46728,卖盘
711,10:34:21,7.92,0.0,7,5544,卖盘
712,10:34:24,7.93,0.01,23,18239,买盘
713,10:34:27,7.92,-0.01,20,15840,卖盘
714,10:34:33,7.93,0.01,30,23790,买盘
715,10:34:40,7.92,-0.01,5,3960,卖盘
716,10:34:51,7.92,0.0,7,5544,卖盘
717,10:34:54,7.92,0.0,3,2376,卖盘
718,10:34:57,7.92,0.0,2,1585,卖盘
719,10:35:00,7.93,0.01,7,5551,买盘
720,10:35:12,7.93,0.0,11,8713,买盘
721,10:35:16,7.92,-0.01,3,2376,卖盘
722,10:35:18,7.92,0.0,13,10296,卖盘
723,10:35:27,7.92,0.0,100,79200,卖盘
724,10:35:30,7.93,0.01,10,7930,买盘
725,10:35:33,7.92,-0.01,21,16632,卖盘
726,10:35:36,7.92,0.0,5,3960,卖盘
727,10:35:39,7.92,0.0,32,25344,卖盘
728,10:35:48,7.93,0.01,3,2379,买盘
729,10:35:51,7.93,0.0,5,3965,买盘
730,10:35:54,7.93,0.0,10,7930,买盘
731,10:36:00,7.92,-0.01,24,19028,卖盘
732,10:36:12,7.92,0.0,23,18216,卖盘
733,10:36:15,7.93,0.01,7,5551,买盘
734,10:36:19,7.92,-0.01,4,3168,卖盘
735,10:36:21,7.93,0.01,15,11890,买盘
736,10:36:24,7.93,0.0,12,9516,买盘
737,10:36:33,7.93,0.0,8,6340,买盘
738,10:36:36,7.93,0.0,106,84010,买盘
739,10:36:39,7.92,-0.01,20,15840,卖盘
740,10:36:42,7.93,0.01,11,8723,买盘
741,10:36:45,7.92,-0.01,10,7920,卖盘
742,10:36:48,7.93,0.01,29,22974,买盘
743,10:37:01,7.93,0.0,10,7930,买盘
744,10:37:04,7.93,0.0,10,7930,买盘
745,10:37:06,7.92,-0.01,25,19810,卖盘
746,10:37:15,7.92,0.0,10,7920,卖盘
747,10:37:24,7.93,0.01,19,15058,买盘
748,10:37:51,7.92,-0.01,6,4752,卖盘
749,10:37:54,7.93,0.01,24,19009,买盘
750,10:38:00,7.93,0.0,2,1586,买盘
751,10:38:04,7.93,0.0,8,6344,买盘
752,10:38:12,7.93,0.0,10,7930,买盘
753,10:38:15,7.93,0.0,20,15860,买盘
754,10:38:18,7.93,0.0,24,19032,买盘
755,10:38:21,7.92,-0.01,25,19800,卖盘
756,10:38:27,7.92,0.0,12,9510,卖盘
757,10:38:30,7.93,0.01,35,27755,买盘
758,10:38:33,7.92,-0.01,5,3960,卖盘
759,10:38:42,7.93,0.01,10,7930,买盘
760,10:38:46,7.93,0.0,2,1586,买盘
761,10:38:48,7.93,0.0,1,793,买盘
762,10:38:55,7.93,0.0,71,56252,买盘
763,10:39:00,7.92,-0.01,200,158400,卖盘
764,10:39:04,7.92,0.0,74,58608,卖盘
765,10:39:12,7.92,0.0,25,19800,卖盘
766,10:39:15,7.92,0.0,30,23760,卖盘
767,10:39:18,7.92,0.0,20,15840,卖盘
768,10:39:21,7.93,0.01,4,3172,买盘
769,10:39:24,7.92,-0.01,36,28512,卖盘
770,10:39:31,7.92,0.0,281,222552,卖盘
771,10:39:33,7.92,0.0,33,26136,卖盘
772,10:39:36,7.92,0.0,14,11088,卖盘
773,10:39:42,7.92,0.0,45,35640,卖盘
774,10:39:48,7.92,0.0,20,15840,卖盘
775,10:39:51,7.93,0.01,39,30892,买盘
776,10:39:57,7.92,-0.01,31,24552,卖盘
777,10:40:00,7.92,0.0,6,4752,卖盘
778,10:40:09,7.92,0.0,79,62568,卖盘
779,10:40:15,7.93,0.01,3,2379,买盘
780,10:40:24,7.92,-0.01,18,14256,卖盘
781,10:40:42,7.92,0.0,223,176616,卖盘
782,10:40:45,7.92,0.0,7,5544,卖盘
783,10:40:48,7.92,0.0,14,11088,卖盘
784,10:40:57,7.92,0.0,11,8712,卖盘
785,10:41:00,7.92,0.0,6,4752,卖盘
786,10:41:06,7.92,0.0,4,3171,卖盘
787,10:41:09,7.92,0.0,91,72077,卖盘
788,10:41:13,7.93,0.01,37,29317,买盘
789,10:41:24,7.93,0.0,6,4758,买盘
790,10:41:36,7.93,0.0,26,20603,买盘
791,10:41:39,7.93,0.0,6,4758,买盘
792,10:41:42,7.92,-0.01,3,2376,卖盘
793,10:41:51,7.92,0.0,9,7128,卖盘
794,10:41:54,7.93,0.01,46,36438,买盘
795,10:41:58,7.92,-0.01,30,23760,卖盘
796,10:42:04,7.93,0.01,10,7930,买盘
797,10:42:09,7.92,-0.01,40,31680,卖盘
798,10:42:12,7.92,0.0,8,6336,卖盘
799,10:42:24,7.92,0.0,1,792,卖盘
800,10:42:27,7.92,0.0,48,38016,卖盘
801,10:42:33,7.93,0.01,5,3965,买盘
802,10:42:36,7.92,-0.01,21,16632,卖盘
803,10:42:39,7.92,0.0,460,364320,卖盘
804,10:42:46,7.93,0.01,12,9516,买盘
805,10:43:12,7.92,-0.01,24,19008,卖盘
806,10:43:27,7.92,0.0,61,48312,卖盘
807,10:43:33,7.92,0.0,17,13464,卖盘
808,10:43:36,7.92,0.0,4,3168,卖盘
809,10:43:39,7.92,0.0,1,792,卖盘
810,10:43:42,7.92,0.0,16,12672,卖盘
811,10:43:45,7.92,0.0,20,15840,卖盘
812,10:43:48,7.92,0.0,24,19008,卖盘
813,10:43:54,7.92,0.0,30,23760,卖盘
814,10:44:01,7.93,0.01,15,11890,买盘
815,10:44:04,7.92,-0.01,1,792,卖盘
816,10:44:15,7.92,0.0,50,39600,卖盘
817,10:44:18,7.92,0.0,1,792,卖盘
818,10:44:27,7.92,0.0,14,11088,卖盘
819,10:44:33,7.92,0.0,55,43560,卖盘
820,10:44:36,7.92,0.0,165,130680,卖盘
821,10:44:42,7.92,0.0,14,11088,卖盘
822,10:44:45,7.92,0.0,15,11880,卖盘
823,10:44:48,7.92,0.0,24,19008,卖盘
824,10:44:52,7.92,0.0,123,97416,卖盘
825,10:44:55,7.92,0.0,37,29304,卖盘
826,10:44:57,7.93,0.01,6,4754,买盘
827,10:45:00,7.92,-0.01,207,163944,卖盘
828,10:45:09,7.92,0.0,67,53064,卖盘
829,10:45:12,7.92,0.0,29,22968,卖盘
830,10:45:16,7.92,0.0,279,220968,卖盘
831,10:45:18,7.93,0.01,25,19818,买盘
832,10:45:22,7.92,-0.01,61,48312,卖盘
833,10:45:24,7.92,0.0,8,6336,卖盘
834,10:45:27,7.93,0.01,14,11094,买盘
835,10:45:30,7.92,-0.01,34,26928,卖盘
836,10:45:33,7.92,0.0,91,72072,卖盘
837,10:45:42,7.92,0.0,2,1584,卖盘
838,10:45:45,7.92,0.0,20,15840,卖盘
839,10:45:48,7.92,0.0,44,34853,卖盘
840,10:45:57,7.92,0.0,50,39600,卖盘
841,10:46:04,7.92,0.0,12,9504,卖盘
842,10:46:09,7.92,0.0,14,11088,卖盘
843,10:46:19,7.92,0.0,27,21384,卖盘
844,10:46:24,7.92,0.0,5,3960,卖盘
845,10:46:30,7.92,0.0,50,39600,卖盘
846,10:46:36,7.92,0.0,32,25344,卖盘
847,10:46:39,7.93,0.01,3,2379,买盘
848,10:46:51,7.92,-0.01,173,137016,卖盘
849,10:47:00,7.92,0.0,1,792,卖盘
850,10:47:12,7.92,0.0,1,792,卖盘
851,10:47:15,7.93,0.01,31,24583,买盘
852,10:47:18,7.92,-0.01,20,15840,卖盘
853,10:47:33,7.92,0.0,144,114048,卖盘
854,10:47:36,7.92,0.0,50,39600,卖盘
855,10:47:43,7.93,0.01,14,11102,买盘
856,10:47:45,7.92,-0.01,6,4752,卖盘
857,10:47:48,7.92,0.0,20,15840,卖盘
858,10:48:27,7.92,0.0,10,7920,卖盘
859,10:48:33,7.93,0.01,23,18239,买盘
860,10:48:36,7.93,0.0,20,15860,买盘
861,10:48:39,7.92,-0.01,7,5544,卖盘
862,10:48:45,7.93,0.01,55,43615,买盘
863,10:48:48,7.93,0.0,10,7930,买盘
864,10:49:00,7.93,0.0,9,7137,买盘
865,10:49:03,7.92,-0.01,20,15840,卖盘
866,10:49:06,7.92,0.0,30,23787,卖盘
867,10:49:15,7.92,0.0,1,792,卖盘
868,10:49:27,7.93,0.01,5,3965,买盘
869,10:49:33,7.93,0.0,50,39650,买盘
870,10:49:36,7.93,0.0,77,61048,买盘
871,10:49:42,7.93,0.0,12,9516,买盘
872,10:49:45,7.93,0.0,8,6344,买盘
873,10:49:51,7.93,0.0,5,3965,买盘
874,10:50:00,7.93,0.0,5,3965,买盘
875,10:50:03,7.92,-0.01,96,76046,卖盘
876,10:50:15,7.92,0.0,2,1584,卖盘
877,10:50:18,7.93,0.01,5,3965,买盘
878,10:50:30,7.93,0.0,300,237900,买盘
879,10:50:33,7.93,0.0,24,19028,买盘
880,10:50:39,7.93,0.0,9,7137,买盘
881,10:50:42,7.92,-0.01,6,4752,卖盘
882,10:50:45,7.93,0.01,9,7137,买盘
883,10:50:48,7.93,0.0,52,41236,买盘
884,10:50:51,7.93,0.0,12,9516,买盘
885,10:50:54,7.93,0.0,15,11895,买盘
886,10:51:00,7.93,0.0,242,192580,买盘
887,10:51:09,7.93,0.0,14,11102,卖盘
888,10:51:15,7.93,0.0,144,113517,卖盘
889,10:51:21,7.93,0.0,48,38738,买盘
890,10:51:24,7.93,0.0,22,17446,卖盘
891,10:51:27,7.93,0.0,1,119,买盘
892,10:51:42,7.92,-0.01,24,19694,卖盘
893,10:51:51,7.93,0.01,22,17425,买盘
894,10:51:54,7.92,-0.01,20,15845,卖盘
895,10:52:03,7.92,0.0,130,102960,卖盘
896,10:52:06,7.94,0.02,20,15880,买盘
897,10:52:13,7.93,-0.01,1,793,卖盘
898,10:52:36,7.93,0.0,17,13481,卖盘
899,10:52:42,7.94,0.01,1,794,买盘
900,10:52:48,7.94,0.0,7,5558,买盘
901,10:53:04,7.94,0.0,52,41288,买盘
902,10:53:15,7.93,-0.01,5,3965,卖盘
903,10:53:36,7.94,0.01,16,12704,买盘
904,10:53:39,7.94,0.0,1,794,买盘
905,10:53:42,7.93,-0.01,2,1586,卖盘
906,10:53:45,7.93,0.0,22,17466,卖盘
907,10:54:01,7.94,0.01,5,3970,买盘
908,10:54:04,7.93,-0.01,1,793,卖盘
909,10:54:12,7.93,0.0,31,24613,卖盘
910,10:54:21,7.94,0.01,100,79400,买盘
911,10:54:24,7.93,-0.01,1,793,卖盘
912,10:54:28,7.94,0.01,5,3970,买盘
913,10:54:31,7.93,-0.01,10,7930,卖盘
914,10:54:36,7.94,0.01,7,5558,买盘
915,10:54:42,7.94,0.0,12,9528,买盘
916,10:54:45,7.93,-0.01,1,793,卖盘
917,10:54:51,7.94,0.01,5,3970,买盘
918,10:54:54,7.93,-0.01,1,793,卖盘
919,10:54:57,7.94,0.01,10,7940,买盘
920,10:55:16,7.93,-0.01,5,3965,卖盘
921,10:55:27,7.94,0.01,1,794,买盘
922,10:55:36,7.94,0.0,3,2382,买盘
923,10:55:39,7.93,-0.01,2,1586,卖盘
924,10:55:45,7.93,0.0,2,1586,卖盘
925,10:55:51,7.94,0.01,40,31760,买盘
926,10:56:31,7.94,0.0,5,3970,买盘
927,10:56:37,7.94,0.0,9,7146,买盘
928,10:56:42,7.94,0.0,2,1588,买盘
929,10:56:45,7.93,-0.01,8,6344,卖盘
930,10:56:48,7.93,0.0,1,793,卖盘
931,10:57:06,7.94,0.01,10,7940,买盘
932,10:57:12,7.93,-0.01,3,2379,卖盘
933,10:57:42,7.93,0.0,50,39650,卖盘
934,10:57:51,7.93,0.0,1,793,卖盘
935,10:58:00,7.93,0.0,3,2379,卖盘
936,10:58:03,7.93,0.0,60,47580,卖盘
937,10:58:06,7.93,0.0,131,103883,卖盘
938,10:58:09,7.94,0.01,32,25378,买盘
939,10:58:12,7.93,-0.01,1,793,卖盘
940,10:58:24,7.94,0.01,50,39700,买盘
941,10:58:45,7.94,0.0,9,7146,买盘
942,10:59:03,7.93,-0.01,30,23790,卖盘
943,10:59:12,7.94,0.01,39,30966,买盘
944,10:59:24,7.93,-0.01,10,7930,卖盘
945,10:59:54,7.93,0.0,99,78507,卖盘
946,11:00:03,7.94,0.01,59,46846,买盘
947,11:00:13,7.93,-0.01,28,22204,卖盘
948,11:00:21,7.93,0.0,3,2379,卖盘
949,11:00:24,7.94,0.01,30,23820,买盘
950,11:00:33,7.93,-0.01,6,4758,卖盘
951,11:00:36,7.94,0.01,47,37277,买盘
952,11:00:45,7.94,0.0,13,10322,买盘
953,11:00:48,7.94,0.0,11,8733,买盘
954,11:00:57,7.94,0.0,7,5558,买盘
955,11:01:06,7.93,-0.01,20,15860,卖盘
956,11:01:09,7.93,0.0,225,178435,卖盘
957,11:01:15,7.93,0.0,1,793,卖盘
958,11:01:24,7.93,0.0,21,16653,卖盘
959,11:01:33,7.93,0.0,8,6344,卖盘
960,11:01:48,7.94,0.01,53,42042,买盘
961,11:01:51,7.94,0.0,8,6352,买盘
962,11:02:12,7.93,-0.01,420,333060,卖盘
963,11:02:18,7.93,0.0,10,7930,卖盘
964,11:02:24,7.93,0.0,1,793,卖盘
965,11:02:45,7.93,0.0,7,5551,卖盘
966,11:02:57,7.93,0.0,20,15867,卖盘
967,11:03:18,7.93,0.0,49,38857,卖盘
968,11:03:27,7.93,0.0,10,7930,卖盘
969,11:03:33,7.93,0.0,21,16653,卖盘
970,11:03:36,7.94,0.01,5,3970,买盘
971,11:04:00,7.93,-0.01,5,3965,卖盘
972,11:04:03,7.94,0.01,8,6352,买盘
973,11:04:10,7.93,-0.01,15,11896,卖盘
974,11:04:12,7.93,0.0,4,3172,卖盘
975,11:04:15,7.94,0.01,1,794,买盘
976,11:04:30,7.93,-0.01,30,23790,卖盘
977,11:04:51,7.94,0.01,6,4763,买盘
978,11:04:54,7.94,0.0,17,13491,买盘
979,11:04:57,7.93,-0.01,8,6344,卖盘
980,11:05:13,7.93,0.0,6,4758,卖盘
981,11:05:15,7.94,0.01,10,7940,买盘
982,11:05:18,7.94,0.0,1,794,买盘
983,11:05:21,7.93,-0.01,4,3172,卖盘
984,11:05:33,7.93,0.0,43,34099,卖盘
985,11:05:48,7.93,0.0,4,3172,卖盘
986,11:06:15,7.93,0.0,8,6344,卖盘
987,11:06:27,7.93,0.0,1,793,卖盘
988,11:06:33,7.94,0.01,12,9528,买盘
989,11:06:36,7.93,-0.01,10,7930,卖盘
990,11:06:42,7.93,0.0,30,23790,卖盘
991,11:06:54,7.93,0.0,8,6345,卖盘
992,11:06:57,7.93,0.0,30,23790,卖盘
993,11:07:00,7.93,0.0,21,16653,卖盘
994,11:07:03,7.93,0.0,1,793,卖盘
995,11:07:06,7.93,0.0,50,39650,卖盘
996,11:07:12,7.93,0.0,4,3172,卖盘
997,11:07:24,7.93,0.0,5,3965,卖盘
998,11:07:45,7.93,0.0,5,3965,卖盘
999,11:07:48,7.93,0.0,9,7137,卖盘
1000,11:07:51,7.93,0.0,5,3965,卖盘
1001,11:07:57,7.94,0.01,1,794,买盘
1002,11:08:54,7.93,-0.01,2,1586,卖盘
1003,11:08:57,7.93,0.0,60,47580,卖盘
1004,11:09:45,7.93,0.0,52,41236,卖盘
1005,11:09:48,7.93,0.0,6,4758,卖盘
1006,11:10:06,7.93,0.0,37,29341,卖盘
1007,11:10:12,7.93,0.0,1,793,卖盘
1008,11:10:24,7.93,0.0,10,7930,卖盘
1009,11:10:30,7.93,0.0,49,38857,卖盘
1010,11:10:42,7.93,0.0,138,109434,卖盘
1011,11:10:48,7.93,0.0,10,7930,卖盘
1012,11:10:51,7.93,0.0,3,2379,卖盘
1013,11:10:54,7.93,0.0,2,1586,卖盘
1014,11:11:06,7.93,0.0,2,1586,卖盘
1015,11:11:12,7.93,0.0,59,46787,卖盘
1016,11:11:15,7.93,0.0,3,2379,卖盘
1017,11:11:36,7.93,0.0,179,141947,卖盘
1018,11:11:51,7.93,0.0,15,11895,卖盘
1019,11:11:58,7.93,0.0,10,7930,卖盘
1020,11:12:09,7.93,0.0,73,57889,卖盘
1021,11:12:12,7.93,0.0,1,793,卖盘
1022,11:12:15,7.93,0.0,12,9516,卖盘
1023,11:12:24,7.93,0.0,10,7930,卖盘
1024,11:12:27,7.93,0.0,4,3172,卖盘
1025,11:12:30,7.93,0.0,93,73749,卖盘
1026,11:12:48,7.92,-0.01,6,4752,卖盘
1027,11:13:04,7.93,0.01,63,49959,买盘
1028,11:13:06,7.93,0.0,15,11895,卖盘
1029,11:13:15,7.92,-0.01,34,26928,卖盘
1030,11:13:24,7.93,0.01,9,7137,买盘
1031,11:13:33,7.93,0.0,11,8723,卖盘
1032,11:13:49,7.92,-0.01,8,6336,卖盘
1033,11:13:57,7.92,0.0,11,8712,卖盘
1034,11:14:00,7.93,0.01,4,3172,买盘
1035,11:14:04,7.93,0.0,1,793,买盘
1036,11:14:06,7.92,-0.01,3,2376,卖盘
1037,11:14:09,7.93,0.01,51,40443,买盘
1038,11:14:12,7.92,-0.01,6,4752,卖盘
1039,11:14:19,7.92,0.0,9,7128,卖盘
1040,11:14:27,7.92,0.0,27,21397,卖盘
1041,11:14:48,7.92,0.0,2,1584,卖盘
1042,11:14:54,7.92,0.0,2,1584,卖盘
1043,11:14:57,7.92,0.0,1,792,卖盘
1044,11:15:01,7.93,0.01,19,15067,买盘
1045,11:15:04,7.92,-0.01,5,3960,卖盘
1046,11:15:09,7.92,0.0,55,43610,卖盘
1047,11:15:12,7.92,0.0,40,31680,卖盘
1048,11:15:15,7.92,0.0,9,7128,卖盘
1049,11:15:33,7.92,0.0,5,3960,卖盘
1050,11:15:46,7.92,0.0,1,792,卖盘
1051,11:15:51,7.92,0.0,100,79200,卖盘
1052,11:15:57,7.92,0.0,13,10296,卖盘
1053,11:16:00,7.93,0.01,3,2379,买盘
1054,11:16:12,7.92,-0.01,7,5544,卖盘
1055,11:16:36,7.92,0.0,78,61819,卖盘
1056,11:16:42,7.92,0.0,3,2376,卖盘
1057,11:16:48,7.92,0.0,92,72864,卖盘
1058,11:16:51,7.92,0.0,26,20592,卖盘
1059,11:16:54,7.92,0.0,30,23760,卖盘
1060,11:16:57,7.93,0.01,1,793,买盘
1061,11:17:12,7.92,-0.01,7,5544,卖盘
1062,11:17:18,7.92,0.0,1480,1171487,卖盘
1063,11:17:21,7.92,0.0,12,9504,买盘
1064,11:17:27,7.92,0.0,118,94129,买盘
1065,11:17:30,7.92,0.0,23,18216,卖盘
1066,11:17:42,7.92,0.0,44,34848,卖盘
1067,11:17:54,7.92,0.0,60,46847,卖盘
1068,11:17:57,7.92,0.0,27,21384,买盘
1069,11:18:03,7.92,0.0,5,3960,买盘
1070,11:18:06,7.92,0.0,200,158400,买盘
1071,11:18:09,7.92,0.0,25,19800,买盘
1072,11:18:12,7.91,-0.01,5,3955,卖盘
1073,11:18:27,7.92,0.01,9,7128,买盘
1074,11:18:42,7.91,-0.01,6,4746,卖盘
1075,11:18:57,7.91,0.0,18,14238,卖盘
1076,11:19:00,7.92,0.01,63,49896,买盘
1077,11:19:09,7.91,-0.01,48,37968,卖盘
1078,11:19:15,7.91,0.0,32,25332,卖盘
1079,11:19:21,7.92,0.01,2,1584,买盘
1080,11:19:30,7.91,-0.01,1,791,卖盘
1081,11:19:42,7.91,0.0,10,7910,卖盘
1082,11:19:52,7.91,0.0,1,791,卖盘
1083,11:19:57,7.92,0.01,12,9504,买盘
1084,11:20:06,7.92,0.0,85,67320,买盘
1085,11:20:15,7.91,-0.01,2,1582,卖盘
1086,11:20:21,7.92,0.01,7,5544,买盘
1087,11:20:24,7.92,0.0,12,9504,买盘
1088,11:20:27,7.92,0.0,155,122705,买盘
1089,11:20:30,7.92,0.0,23,18216,买盘
1090,11:20:33,7.92,0.0,50,39600,买盘
1091,11:20:36,7.92,0.0,7,5544,买盘
1092,11:20:45,7.92,0.0,7,5544,卖盘
1093,11:20:48,7.92,0.0,2,1584,卖盘
1094,11:20:55,7.92,0.0,28,22176,卖盘
1095,11:20:58,7.92,0.0,41,32472,卖盘
1096,11:21:00,7.92,0.0,38,30096,买盘
1097,11:21:04,7.92,0.0,1,792,买盘
1098,11:21:07,7.92,0.0,27,21384,买盘
1099,11:21:09,7.91,-0.01,5,3958,卖盘
1100,11:21:22,7.92,0.01,15,11880,卖盘
1101,11:21:39,7.92,0.0,9,7128,卖盘
1102,11:21:42,7.92,0.0,50,39600,卖盘
1103,11:21:45,7.92,0.0,20,15840,卖盘
1104,11:21:48,7.92,0.0,2,1584,卖盘
1105,11:21:51,7.92,0.0,12,9504,卖盘
1106,11:21:54,7.92,0.0,30,23760,卖盘
1107,11:22:06,7.92,0.0,50,39600,卖盘
1108,11:22:09,7.92,0.0,17,13464,卖盘
1109,11:22:15,7.92,0.0,10,7920,卖盘
1110,11:22:30,7.92,0.0,36,28512,卖盘
1111,11:22:33,7.93,0.01,118,93467,买盘
1112,11:22:36,7.92,-0.01,20,15840,卖盘
1113,11:22:39,7.92,0.0,5,3960,卖盘
1114,11:22:45,7.93,0.01,2,1586,买盘
1115,11:22:51,7.92,-0.01,8,6336,卖盘
1116,11:23:04,7.93,0.01,1,793,买盘
1117,11:23:06,7.93,0.0,7,5551,买盘
1118,11:23:09,7.92,-0.01,5,3960,卖盘
1119,11:23:24,7.92,0.0,230,182160,卖盘
1120,11:23:39,7.92,0.0,22,17424,卖盘
1121,11:23:42,7.92,0.0,5,3960,卖盘
1122,11:23:45,7.92,0.0,41,32472,卖盘
1123,11:23:54,7.93,0.01,23,18237,买盘
1124,11:24:09,7.92,-0.01,5,3960,卖盘
1125,11:24:18,7.92,0.0,4,3168,卖盘
1126,11:24:21,7.92,0.0,44,34848,卖盘
1127,11:24:27,7.92,0.0,1,792,卖盘
1128,11:24:36,7.92,0.0,4,3168,卖盘
1129,11:24:45,7.92,0.0,90,71280,卖盘
1130,11:24:57,7.92,0.0,16,12672,卖盘
1131,11:25:09,7.92,0.0,5,3960,卖盘
1132,11:25:15,7.92,0.0,3,2376,卖盘
1133,11:25:18,7.92,0.0,5,3960,卖盘
1134,11:25:36,7.92,0.0,5,3960,卖盘
1135,11:25:39,7.92,0.0,401,317592,卖盘
1136,11:25:48,7.92,0.0,5,3960,卖盘
1137,11:25:54,7.92,0.0,5,3960,卖盘
1138,11:25:57,7.92,0.0,3,2376,卖盘
1139,11:26:04,7.92,0.0,1,792,卖盘
1140,11:26:06,7.92,0.0,1,792,卖盘
1141,11:26:09,7.92,0.0,5,3960,卖盘
1142,11:26:15,7.92,0.0,28,22176,卖盘
1143,11:26:21,7.92,0.0,10,7920,卖盘
1144,11:26:24,7.92,0.0,64,50688,卖盘
1145,11:26:31,7.91,-0.01,1,791,卖盘
1146,11:26:33,7.91,0.0,1,791,卖盘
1147,11:26:36,7.91,0.0,5,3955,卖盘
1148,11:26:39,7.91,0.0,41,32431,卖盘
1149,11:26:45,7.91,0.0,1,791,卖盘
1150,11:26:48,7.91,0.0,18,14238,卖盘
1151,11:27:09,7.91,0.0,4,3164,卖盘
1152,11:27:12,7.92,0.01,7,5543,买盘
1153,11:27:18,7.92,0.0,9,7127,买盘
1154,11:27:21,7.91,-0.01,1,791,卖盘
1155,11:27:24,7.92,0.01,31,24552,买盘
1156,11:27:27,7.92,0.0,21,16632,买盘
1157,11:27:30,7.92,0.0,7,5544,买盘
1158,11:27:33,7.92,0.0,15,11880,买盘
1159,11:27:39,7.91,-0.01,5,3955,卖盘
1160,11:27:42,7.92,0.01,19,15048,买盘
1161,11:27:48,7.92,0.0,1,792,卖盘
1162,11:27:54,7.92,0.0,1,792,卖盘
1163,11:27:57,7.92,0.0,24,19008,卖盘
1164,11:28:06,7.92,0.0,5,3960,卖盘
1165,11:28:09,7.92,0.0,10,7920,卖盘
1166,11:28:27,7.92,0.0,61,48312,卖盘
1167,11:28:30,7.92,0.0,2,1585,卖盘
1168,11:28:36,7.92,0.0,1,792,卖盘
1169,11:28:39,7.92,0.0,9,7128,卖盘
1170,11:28:42,7.92,0.0,24,19008,卖盘
1171,11:28:45,7.92,0.0,48,38016,卖盘
1172,11:28:51,7.92,0.0,1,792,卖盘
1173,11:28:57,7.92,0.0,1,792,卖盘
1174,11:29:15,7.93,0.01,25,19825,买盘
1175,11:29:18,7.92,-0.01,1,792,卖盘
1176,11:29:27,7.92,0.0,8,6336,卖盘
1177,11:29:33,7.92,0.0,1,792,卖盘
1178,11:29:36,7.92,0.0,8,6336,卖盘
1179,11:29:39,7.92,0.0,28,22176,卖盘
1180,11:29:45,7.92,0.0,1,792,卖盘
1181,11:29:48,7.92,0.0,7,5544,卖盘
1182,11:29:54,7.92,0.0,9,7128,卖盘
1183,11:29:57,7.92,0.0,1,792,卖盘
1184,11:30:01,7.92,0.0,1,792,卖盘
1185,13:00:04,7.93,0.01,298,236099,买盘
1186,13:00:07,7.92,-0.01,5,3960,卖盘
1187,13:00:27,7.92,0.0,85,67320,卖盘
1188,13:01:09,7.93,0.01,5,3965,买盘
1189,13:01:12,7.92,-0.01,15,11880,卖盘
1190,13:01:18,7.92,0.0,210,166520,卖盘
1191,13:01:39,7.92,0.0,3,2376,卖盘
1192,13:02:00,7.93,0.01,4,3172,买盘
1193,13:02:09,7.92,-0.01,11,8712,卖盘
1194,13:02:27,7.92,0.0,23,18216,卖盘
1195,13:02:36,7.93,0.01,42,33306,买盘
1196,13:02:39,7.93,0.0,23,18239,卖盘
1197,13:02:42,7.93,0.0,8,6344,卖盘
1198,13:02:54,7.93,0.0,18,14274,卖盘
1199,13:03:12,7.93,0.0,23,18239,卖盘
1200,13:03:18,7.93,0.0,7,5551,卖盘
1201,13:03:21,7.93,0.0,98,77714,卖盘
1202,13:03:51,7.93,0.0,1,793,买盘
1203,13:04:06,7.93,0.0,22,17446,买盘
1204,13:04:30,7.93,0.0,14,11102,买盘
1205,13:04:36,7.92,-0.01,1,792,卖盘
1206,13:04:42,7.92,0.0,47,37235,卖盘
1207,13:04:51,7.93,0.01,2,1586,买盘
1208,13:04:54,7.92,-0.01,11,8712,卖盘
1209,13:05:45,7.92,0.0,1,792,卖盘
1210,13:05:51,7.93,0.01,10,7930,买盘
1211,13:05:57,7.93,0.0,7,5551,买盘
1212,13:06:04,7.92,-0.01,14,11088,卖盘
1213,13:06:36,7.92,0.0,25,19800,卖盘
1214,13:06:51,7.92,0.0,6,4752,卖盘
1215,13:07:42,7.93,0.01,2,1586,买盘
1216,13:07:57,7.92,-0.01,3,2376,卖盘
1217,13:08:00,7.93,0.01,26,20618,买盘
1218,13:08:12,7.92,-0.01,29,22968,卖盘
1219,13:08:15,7.93,0.01,54,42822,买盘
1220,13:08:21,7.92,-0.01,66,52272,卖盘
1221,13:08:27,7.92,0.0,50,39600,卖盘
1222,13:08:36,7.93,0.01,20,15860,买盘
1223,13:08:42,7.93,0.0,55,43615,买盘
1224,13:08:48,7.93,0.0,126,99918,买盘
1225,13:09:30,7.93,0.0,10,7930,买盘
1226,13:09:39,7.93,0.0,512,405516,买盘
1227,13:09:54,7.93,0.0,5,3965,买盘
1228,13:09:57,7.93,0.0,15,11895,买盘
1229,13:10:03,7.92,-0.01,5,3960,卖盘
1230,13:10:13,7.93,0.01,11,8723,买盘
1231,13:10:33,7.92,-0.01,11,8712,卖盘
1232,13:10:39,7.92,0.0,23,18216,卖盘
1233,13:10:42,7.93,0.01,24,19032,买盘
1234,13:11:00,7.93,0.0,44,34892,买盘
1235,13:11:21,7.93,0.0,52,41236,买盘
1236,13:11:27,7.93,0.0,54,42822,买盘
1237,13:11:30,7.93,0.0,16,12688,卖盘
1238,13:11:45,7.93,0.0,40,31720,卖盘
1239,13:11:48,7.93,0.0,46,36478,卖盘
1240,13:11:54,7.93,0.0,5,3965,卖盘
1241,13:12:06,7.93,0.0,25,19825,卖盘
1242,13:12:12,7.93,0.0,40,31720,卖盘
1243,13:12:30,7.93,0.0,3,2379,卖盘
1244,13:12:33,7.94,0.01,5,3966,买盘
1245,13:12:39,7.93,-0.01,4,3172,卖盘
1246,13:12:45,7.94,0.01,4,3176,买盘
1247,13:13:00,7.94,0.0,8,6352,买盘
1248,13:13:07,7.93,-0.01,3,2379,卖盘
1249,13:13:15,7.93,0.0,5,3965,卖盘
1250,13:13:27,7.93,0.0,53,42029,卖盘
1251,13:13:39,7.93,0.0,43,34099,卖盘
1252,13:13:45,7.94,0.01,4,3176,买盘
1253,13:13:51,7.93,-0.01,64,50752,卖盘
1254,13:13:57,7.93,0.0,60,47580,卖盘
1255,13:14:06,7.93,0.0,53,42029,卖盘
1256,13:14:09,7.93,0.0,5,3965,卖盘
1257,13:14:18,7.93,0.0,200,158600,卖盘
1258,13:14:33,7.93,0.0,7,5551,卖盘
1259,13:14:42,7.93,0.0,5,3965,卖盘
1260,13:14:45,7.94,0.01,9,7146,买盘
1261,13:15:00,7.94,0.0,15,11900,买盘
1262,13:15:04,7.93,-0.01,1,793,卖盘
1263,13:15:21,7.94,0.01,2,1588,买盘
1264,13:15:36,7.94,0.0,3,2382,买盘
1265,13:15:48,7.93,-0.01,3,2379,卖盘
1266,13:16:00,7.93,0.0,5,3965,卖盘
1267,13:16:04,7.94,0.01,3,2382,买盘
1268,13:16:42,7.94,0.0,79,62726,买盘
1269,13:17:00,7.93,-0.01,110,87230,卖盘
1270,13:17:18,7.93,0.0,9,7137,卖盘
1271,13:17:27,7.93,0.0,6,4758,卖盘
1272,13:17:57,7.93,0.0,10,7930,卖盘
1273,13:18:00,7.94,0.01,25,19850,买盘
1274,13:18:15,7.93,-0.01,6,4758,卖盘
1275,13:18:21,7.93,0.0,1,793,卖盘
1276,13:18:39,7.93,0.0,35,27755,卖盘
1277,13:18:45,7.93,0.0,22,17446,卖盘
1278,13:19:09,7.93,0.0,9,7137,卖盘
1279,13:19:21,7.94,0.01,8,6352,买盘
1280,13:19:39,7.93,-0.01,17,13481,卖盘
1281,13:19:51,7.93,0.0,12,9516,卖盘
1282,13:20:00,7.93,0.0,7,5551,卖盘
1283,13:20:06,7.94,0.01,56,44464,买盘
1284,13:20:09,7.93,-0.01,100,79300,卖盘
1285,13:20:15,7.93,0.0,7,5551,卖盘
1286,13:20:18,7.93,0.0,6,4758,卖盘
1287,13:20:24,7.93,0.0,1,793,卖盘
1288,13:20:30,7.93,0.0,2,1586,卖盘
1289,13:20:33,7.93,0.0,2,1586,卖盘
1290,13:20:51,7.93,0.0,20,15860,卖盘
1291,13:20:54,7.93,0.0,40,31720,卖盘
1292,13:21:00,7.93,0.0,3,2379,卖盘
1293,13:21:06,7.93,0.0,88,69784,卖盘
1294,13:21:09,7.93,0.0,38,30134,卖盘
1295,13:21:24,7.93,0.0,30,23790,卖盘
1296,13:21:39,7.94,0.01,4,3176,买盘
1297,13:21:42,7.93,-0.01,4,3172,卖盘
1298,13:21:51,7.94,0.01,2,1588,买盘
1299,13:21:54,7.93,-0.01,10,7930,卖盘
1300,13:21:57,7.93,0.0,83,65819,卖盘
1301,13:22:30,7.93,0.0,25,19825,卖盘
1302,13:22:43,7.93,0.0,7,5551,卖盘
1303,13:22:48,7.93,0.0,200,158600,卖盘
1304,13:22:51,7.93,0.0,15,11895,卖盘
1305,13:23:00,7.94,0.01,93,73799,买盘
1306,13:23:09,7.93,-0.01,34,26962,卖盘
1307,13:23:24,7.93,0.0,1,793,卖盘
1308,13:23:27,7.94,0.01,202,160388,买盘
1309,13:23:33,7.93,-0.01,5,3965,卖盘
1310,13:23:52,7.93,0.0,7,5551,卖盘
1311,13:23:55,7.93,0.0,12,9516,卖盘
1312,13:24:06,7.93,0.0,55,43615,卖盘
1313,13:24:12,7.93,0.0,5,3965,卖盘
1314,13:24:15,7.93,0.0,106,84058,卖盘
1315,13:24:21,7.93,0.0,23,18239,卖盘
1316,13:24:27,7.94,0.01,52,41288,买盘
1317,13:24:30,7.93,-0.01,20,15860,卖盘
1318,13:24:39,7.94,0.01,12,9528,买盘
1319,13:24:42,7.93,-0.01,4,3172,卖盘
1320,13:24:57,7.94,0.01,4,3176,买盘
1321,13:25:10,7.93,-0.01,23,18239,卖盘
1322,13:25:15,7.93,0.0,7,5551,卖盘
1323,13:25:18,7.93,0.0,11,8723,卖盘
1324,13:25:21,7.94,0.01,5,3970,买盘
1325,13:25:30,7.93,-0.01,8,6344,卖盘
1326,13:25:39,7.94,0.01,30,23820,买盘
1327,13:25:55,7.94,0.0,41,32554,买盘
1328,13:25:58,7.94,0.0,60,47640,买盘
1329,13:26:01,7.94,0.0,3,2382,买盘
1330,13:26:06,7.94,0.0,35,27790,买盘
1331,13:26:12,7.93,-0.01,16,12688,卖盘
1332,13:26:18,7.94,0.01,98,77802,买盘
1333,13:26:24,7.94,0.0,10,7940,买盘
1334,13:26:34,7.94,0.0,20,15880,买盘
1335,13:26:39,7.94,0.0,2,1588,买盘
1336,13:26:45,7.94,0.0,14,11116,买盘
1337,13:26:48,7.93,-0.01,2,1586,卖盘
1338,13:26:51,7.94,0.01,20,15880,买盘
1339,13:26:54,7.94,0.0,20,15862,买盘
1340,13:27:00,7.94,0.0,205,162770,买盘
1341,13:27:04,7.94,0.0,9,7146,买盘
1342,13:27:06,7.93,-0.01,45,35721,卖盘
1343,13:27:15,7.94,0.01,12,9528,买盘
1344,13:27:21,7.93,-0.01,7,5551,卖盘
1345,13:27:34,7.93,0.0,9,7137,卖盘
1346,13:27:42,7.93,0.0,4,3172,卖盘
1347,13:27:54,7.94,0.01,6,4764,买盘
1348,13:27:57,7.94,0.0,19,15086,买盘
1349,13:28:03,7.93,-0.01,10,7930,卖盘
1350,13:28:09,7.94,0.01,1,794,买盘
1351,13:28:15,7.93,-0.01,4,3172,卖盘
1352,13:28:24,7.94,0.01,25,19850,买盘
1353,13:28:36,7.93,-0.01,108,85644,卖盘
1354,13:28:40,7.93,0.0,13,10309,卖盘
1355,13:28:51,7.94,0.01,3,2382,买盘
1356,13:28:54,7.94,0.0,12,9526,买盘
1357,13:28:57,7.94,0.0,27,21419,买盘
1358,13:29:00,7.94,0.0,6,4764,买盘
1359,13:29:03,7.94,0.0,14,11116,买盘
1360,13:29:06,7.94,0.0,73,57904,买盘
1361,13:29:09,7.94,0.0,20,15880,买盘
1362,13:29:12,7.94,0.0,1,794,买盘
1363,13:29:15,7.93,-0.01,38,30135,卖盘
1364,13:29:18,7.93,0.0,4,3172,卖盘
1365,13:29:27,7.94,0.01,55,43620,买盘
1366,13:29:33,7.93,-0.01,30,23813,卖盘
1367,13:29:36,7.93,0.0,50,39650,卖盘
1368,13:29:39,7.94,0.01,46,36524,买盘
1369,13:30:01,7.95,0.01,5,3975,买盘
1370,13:30:04,7.94,-0.01,6,4764,卖盘
1371,13:30:12,7.94,0.0,9,7146,卖盘
1372,13:30:27,7.95,0.01,58,46110,买盘
1373,13:30:30,7.94,-0.01,18,14292,卖盘
1374,13:30:36,7.94,0.0,5,3970,卖盘
1375,13:30:46,7.94,0.0,53,42082,卖盘
1376,13:30:57,7.94,0.0,179,142126,卖盘
1377,13:31:03,7.94,0.0,7,5558,卖盘
1378,13:31:07,7.94,0.0,33,26202,卖盘
1379,13:31:15,7.94,0.0,5,3970,卖盘
1380,13:31:24,7.94,0.0,116,92104,卖盘
1381,13:31:33,7.94,0.0,9,7146,卖盘
1382,13:31:36,7.94,0.0,4,3176,卖盘
1383,13:31:42,7.94,0.0,5,3970,卖盘
1384,13:31:45,7.94,0.0,1,794,卖盘
1385,13:31:57,7.94,0.0,145,115130,卖盘
1386,13:32:00,7.94,0.0,1,794,卖盘
1387,13:32:04,7.94,0.0,72,57168,卖盘
1388,13:32:09,7.95,0.01,1,795,买盘
1389,13:32:18,7.94,-0.01,2,1588,卖盘
1390,13:32:21,7.94,0.0,130,103224,卖盘
1391,13:32:36,7.94,0.0,7,5558,卖盘
1392,13:32:39,7.94,0.0,10,7940,卖盘
1393,13:32:45,7.94,0.0,3,2382,卖盘
1394,13:32:57,7.95,0.01,12,9540,买盘
1395,13:33:06,7.94,-0.01,13,10322,卖盘
1396,13:33:21,7.94,0.0,76,60344,卖盘
1397,13:33:24,7.94,0.0,50,39700,卖盘
1398,13:33:27,7.94,0.0,10,7940,卖盘
1399,13:33:30,7.94,0.0,10,7940,卖盘
1400,13:33:33,7.94,0.0,13,10322,卖盘
1401,13:33:36,7.94,0.0,10,7940,卖盘
1402,13:33:54,7.94,0.0,45,35730,卖盘
1403,13:34:01,7.94,0.0,30,23820,卖盘
1404,13:34:04,7.93,-0.01,723,573508,卖盘
1405,13:34:06,7.93,0.0,5,3968,卖盘
1406,13:34:25,7.94,0.01,5,3970,买盘
1407,13:34:33,7.93,-0.01,13,10309,卖盘
1408,13:34:45,7.93,0.0,28,22204,卖盘
1409,13:35:00,7.93,0.0,2,1586,卖盘
1410,13:35:06,7.93,0.0,7,5551,卖盘
1411,13:35:18,7.94,0.01,5,3970,买盘
1412,13:35:24,7.93,-0.01,40,31720,卖盘
1413,13:35:36,7.93,0.0,5,3965,卖盘
1414,13:36:00,7.93,0.0,29,22997,卖盘
1415,13:36:03,7.94,0.01,14,11104,买盘
1416,13:36:09,7.93,-0.01,8,6344,卖盘
1417,13:36:13,7.93,0.0,22,17446,卖盘
1418,13:36:33,7.93,0.0,21,16653,卖盘
1419,13:36:36,7.93,0.0,5,3965,卖盘
1420,13:36:45,7.93,0.0,10,7930,卖盘
1421,13:36:48,7.93,0.0,10,7930,卖盘
1422,13:36:51,7.93,0.0,481,381433,卖盘
1423,13:36:54,7.93,0.0,1,793,卖盘
1424,13:37:09,7.94,0.01,10,7935,买盘
1425,13:37:37,7.93,-0.01,7,5551,卖盘
1426,13:37:48,7.93,0.0,17,13481,卖盘
1427,13:37:51,7.93,0.0,30,23790,卖盘
1428,13:37:54,7.93,0.0,2,1586,卖盘
1429,13:38:04,7.93,0.0,3,2379,卖盘
1430,13:38:06,7.93,0.0,4,3172,卖盘
1431,13:38:36,7.93,0.0,31,24608,卖盘
1432,13:38:39,7.93,0.0,2,1586,卖盘
1433,13:38:42,7.93,0.0,25,19825,卖盘
1434,13:38:48,7.93,0.0,17,13481,卖盘
1435,13:39:09,7.93,0.0,5,3965,卖盘
1436,13:39:12,7.94,0.01,5,3970,买盘
1437,13:39:33,7.93,-0.01,7,5551,卖盘
1438,13:39:57,7.93,0.0,13,10309,卖盘
1439,13:40:06,7.93,0.0,505,400465,卖盘
1440,13:40:09,7.93,0.0,9,7137,卖盘
1441,13:40:15,7.93,0.0,223,177052,卖盘
1442,13:40:18,7.94,0.01,15,11905,买盘
1443,13:40:30,7.93,-0.01,40,31720,卖盘
1444,13:40:39,7.94,0.01,5,3970,买盘
1445,13:40:42,7.94,0.0,14,11106,买盘
1446,13:41:01,7.94,0.0,6,4764,买盘
1447,13:41:07,7.94,0.0,6,4764,买盘
1448,13:41:15,7.94,0.0,6,4764,买盘
1449,13:41:21,7.94,0.0,24,19056,买盘
1450,13:41:24,7.93,-0.01,26,20630,卖盘
1451,13:41:36,7.94,0.01,16,12704,买盘
1452,13:41:40,7.93,-0.01,10,7930,卖盘
1453,13:41:45,7.94,0.01,21,16674,买盘
1454,13:42:07,7.94,0.0,144,114236,买盘
1455,13:42:12,7.93,-0.01,12,9516,卖盘
1456,13:42:15,7.94,0.01,1,794,买盘
1457,13:42:24,7.94,0.0,78,61919,买盘
1458,13:42:27,7.94,0.0,25,19850,买盘
1459,13:42:39,7.93,-0.01,12,9516,卖盘
1460,13:43:04,7.94,0.01,1,794,买盘
1461,13:43:09,7.94,0.0,11,8734,买盘
1462,13:43:13,7.93,-0.01,12,9516,卖盘
1463,13:43:16,7.94,0.01,25,19850,买盘
1464,13:43:18,7.93,-0.01,1,793,卖盘
1465,13:43:25,7.93,0.0,10,7930,卖盘
1466,13:43:28,7.94,0.01,20,15880,买盘
1467,13:43:30,7.93,-0.01,3,2379,卖盘
1468,13:43:36,7.93,0.0,10,7930,卖盘
1469,13:43:40,7.93,0.0,1,793,卖盘
1470,13:43:45,7.93,0.0,400,317200,卖盘
1471,13:44:00,7.94,0.01,172,136424,买盘
1472,13:44:24,7.94,0.0,25,19850,买盘
1473,13:44:31,7.93,-0.01,40,31720,卖盘
1474,13:44:36,7.93,0.0,1,793,卖盘
1475,13:44:52,7.93,0.0,3,2379,卖盘
1476,13:45:09,7.94,0.01,20,15880,买盘
1477,13:45:12,7.93,-0.01,86,68198,卖盘
1478,13:45:33,7.93,0.0,10,7930,卖盘
1479,13:45:42,7.93,0.0,50,39650,卖盘
1480,13:45:48,7.93,0.0,200,158600,卖盘
1481,13:46:00,7.93,0.0,15,11895,卖盘
1482,13:46:03,7.93,0.0,4,3172,卖盘
1483,13:46:15,7.93,0.0,15,11895,卖盘
1484,13:46:30,7.94,0.01,3,2382,买盘
1485,13:46:33,7.93,-0.01,19,15067,卖盘
1486,13:46:42,7.93,0.0,24,19032,卖盘
1487,13:46:54,7.93,0.0,8,6344,卖盘
1488,13:47:04,7.93,0.0,26,20618,卖盘
1489,13:47:06,7.93,0.0,3,2379,卖盘
1490,13:47:09,7.93,0.0,385,305305,卖盘
1491,13:47:15,7.93,0.0,20,15860,卖盘
1492,13:47:33,7.93,0.0,116,91988,卖盘
1493,13:47:45,7.93,0.0,4,3172,买盘
1494,13:47:51,7.93,0.0,5,3965,卖盘
1495,13:47:57,7.94,0.01,10,7940,买盘
1496,13:48:06,7.93,-0.01,8,6344,卖盘
1497,13:48:15,7.93,0.0,12,9516,卖盘
1498,13:48:33,7.93,0.0,20,15860,买盘
1499,13:48:42,7.93,0.0,12,9516,买盘
1500,13:48:45,7.92,-0.01,278,220176,卖盘
1501,13:48:48,7.92,0.0,1,792,卖盘
1502,13:48:51,7.93,0.01,20,15850,买盘
1503,13:49:12,7.93,0.0,5,3965,买盘
1504,13:49:36,7.92,-0.01,5,3960,卖盘
1505,13:50:06,7.92,0.0,139,110088,卖盘
1506,13:50:18,7.93,0.01,65,51495,买盘
1507,13:50:21,7.92,-0.01,5,3960,卖盘
1508,13:50:30,7.93,0.01,15,11895,买盘
1509,13:50:42,7.93,0.0,5,3965,买盘
1510,13:51:00,7.93,0.0,1,793,买盘
1511,13:51:15,7.93,0.0,100,79300,买盘
1512,13:51:21,7.93,0.0,8,6344,买盘
1513,13:51:33,7.93,0.0,6,4758,买盘
1514,13:51:36,7.93,0.0,16,12688,买盘
1515,13:51:57,7.93,0.0,33,26169,卖盘
1516,13:52:00,7.94,0.01,4,3176,买盘
1517,13:52:04,7.93,-0.01,50,39650,卖盘
1518,13:52:15,7.93,0.0,72,57094,买盘
1519,13:52:27,7.93,0.0,142,112606,买盘
1520,13:52:36,7.93,0.0,5,3965,买盘
1521,13:52:39,7.93,0.0,1,793,买盘
1522,13:52:42,7.93,0.0,22,17446,买盘
1523,13:52:45,7.93,0.0,9,7137,买盘
1524,13:52:54,7.93,0.0,2,1586,买盘
1525,13:53:03,7.93,0.0,4,3172,买盘
1526,13:53:09,7.93,0.0,35,27755,买盘
1527,13:53:27,7.93,0.0,11,8723,买盘
1528,13:53:39,7.92,-0.01,14,11088,卖盘
1529,13:53:42,7.93,0.01,18,14274,买盘
1530,13:54:00,7.92,-0.01,1,792,卖盘
1531,13:54:09,7.93,0.01,254,201226,买盘
1532,13:54:12,7.92,-0.01,258,204336,卖盘
1533,13:54:24,7.93,0.01,5,3965,买盘
1534,13:54:33,7.93,0.0,14,11102,买盘
1535,13:54:42,7.92,-0.01,30,23760,卖盘
1536,13:54:51,7.93,0.01,160,126880,买盘
1537,13:55:09,7.92,-0.01,8,6336,卖盘
1538,13:55:12,7.93,0.01,8,6344,买盘
1539,13:55:15,7.92,-0.01,12,9504,卖盘
1540,13:55:24,7.92,0.0,46,36432,卖盘
1541,13:55:42,7.93,0.01,17,13481,买盘
1542,13:56:09,7.93,0.0,1,793,买盘
1543,13:56:49,7.93,0.0,179,141947,买盘
1544,13:56:55,7.92,-0.01,11,8713,卖盘
1545,13:57:00,7.92,0.0,43,34056,卖盘
1546,13:57:24,7.92,0.0,100,79200,卖盘
1547,13:57:45,7.92,0.0,5,3960,卖盘
1548,13:57:54,7.93,0.01,8,6344,买盘
1549,13:58:03,7.93,0.0,6,4758,买盘
1550,13:58:12,7.93,0.0,6,4758,买盘
1551,13:58:27,7.92,-0.01,13,10296,卖盘
1552,13:58:57,7.92,0.0,2,1584,卖盘
1553,13:59:09,7.93,0.01,1,793,买盘
1554,13:59:21,7.92,-0.01,1,792,卖盘
1555,13:59:27,7.93,0.01,5,3965,买盘
1556,13:59:48,7.93,0.0,9,7137,买盘
1557,14:00:12,7.92,-0.01,6,4752,卖盘
1558,14:00:18,7.93,0.01,90,71370,买盘
1559,14:00:30,7.92,-0.01,35,27720,卖盘
1560,14:00:45,7.92,0.0,263,208296,卖盘
1561,14:00:54,7.92,0.0,793,628056,卖盘
1562,14:01:06,7.92,0.0,139,110088,卖盘
1563,14:01:09,7.92,0.0,275,217800,卖盘
1564,14:01:12,7.92,0.0,10,7920,卖盘
1565,14:01:21,7.92,0.0,41,32472,卖盘
1566,14:01:24,7.92,0.0,22,17424,卖盘
1567,14:01:36,7.93,0.01,8,6344,买盘
1568,14:01:39,7.92,-0.01,12,9504,卖盘
1569,14:01:45,7.92,0.0,139,110088,卖盘
1570,14:01:48,7.92,0.0,12,9504,卖盘
1571,14:01:51,7.92,0.0,1,792,卖盘
1572,14:01:54,7.92,0.0,50,39600,卖盘
1573,14:01:57,7.92,0.0,111,87912,卖盘
1574,14:02:00,7.92,0.0,18,14256,卖盘
1575,14:02:03,7.92,0.0,106,83952,卖盘
1576,14:02:06,7.92,0.0,28,22176,卖盘
1577,14:02:09,7.92,0.0,4,3168,卖盘
1578,14:02:12,7.92,0.0,139,110088,卖盘
1579,14:02:15,7.92,0.0,9,7128,卖盘
1580,14:02:27,7.92,0.0,40,31680,卖盘
1581,14:02:39,7.92,0.0,36,28512,卖盘
1582,14:02:42,7.92,0.0,9,7128,卖盘
1583,14:02:45,7.92,0.0,24,19008,买盘
1584,14:02:48,7.92,0.0,4,3168,买盘
1585,14:02:51,7.92,0.0,7,5544,卖盘
1586,14:03:01,7.92,0.0,31,24552,买盘
1587,14:03:04,7.92,0.0,16,12672,买盘
1588,14:03:07,7.91,-0.01,30,23730,卖盘
1589,14:03:24,7.92,0.01,4,3168,买盘
1590,14:03:33,7.91,-0.01,50,39550,卖盘
1591,14:03:36,7.91,0.0,19,15029,卖盘
1592,14:03:42,7.92,0.01,10,7920,买盘
1593,14:03:45,7.91,-0.01,200,158200,卖盘
1594,14:03:48,7.91,0.0,12,9492,卖盘
1595,14:03:51,7.91,0.0,23,18193,卖盘
1596,14:03:54,7.92,0.01,5,3960,买盘
1597,14:04:00,7.91,-0.01,41,32431,卖盘
1598,14:04:12,7.92,0.01,5,3960,买盘
1599,14:04:15,7.91,-0.01,10,7910,卖盘
1600,14:04:18,7.91,0.0,58,45916,卖盘
1601,14:04:21,7.91,0.0,74,58534,卖盘
1602,14:04:30,7.92,0.01,2,1584,买盘
1603,14:04:33,7.91,-0.01,110,87010,卖盘
1604,14:04:39,7.92,0.01,57,45144,买盘
1605,14:04:45,7.92,0.0,3,2376,买盘
1606,14:04:48,7.92,0.0,31,24552,买盘
1607,14:04:51,7.92,0.0,10,7920,买盘
1608,14:04:54,7.92,0.0,15,11880,买盘
1609,14:04:57,7.92,0.0,10,7920,买盘
1610,14:05:00,7.92,0.0,244,193017,买盘
1611,14:05:06,7.92,0.0,135,106920,买盘
1612,14:05:09,7.92,0.0,30,23760,卖盘
1613,14:05:12,7.93,0.01,5,3965,买盘
1614,14:05:33,7.92,-0.01,10,7920,卖盘
1615,14:05:48,7.92,0.0,1,792,卖盘
1616,14:05:54,7.92,0.0,1,792,卖盘
1617,14:06:13,7.93,0.01,20,15860,买盘
1618,14:06:21,7.93,0.0,10,7930,买盘
1619,14:06:27,7.92,-0.01,3,2376,卖盘
1620,14:06:33,7.92,0.0,74,58608,卖盘
1621,14:06:36,7.93,0.01,10,7930,买盘
1622,14:06:39,7.92,-0.01,30,23760,卖盘
1623,14:06:42,7.93,0.01,30,23790,买盘
1624,14:06:45,7.93,0.0,4,3172,买盘
1625,14:06:51,7.93,0.0,20,15860,买盘
1626,14:06:54,7.93,0.0,44,34871,买盘
1627,14:06:57,7.93,0.0,3,2379,买盘
1628,14:07:00,7.93,0.0,8,6344,买盘
1629,14:07:03,7.92,-0.01,30,23760,卖盘
1630,14:07:10,7.93,0.01,2,1586,买盘
1631,14:07:27,7.93,0.0,6,4758,买盘
1632,14:07:36,7.92,-0.01,1,792,卖盘
1633,14:07:39,7.93,0.01,1,793,买盘
1634,14:07:54,7.93,0.0,5,3965,买盘
1635,14:07:57,7.92,-0.01,10,7920,卖盘
1636,14:08:00,7.92,0.0,3,2376,卖盘
1637,14:08:09,7.93,0.01,8,6344,买盘
1638,14:08:15,7.92,-0.01,134,106128,卖盘
1639,14:08:18,7.93,0.01,6,4758,买盘
1640,14:08:21,7.93,0.0,21,16649,买盘
1641,14:08:24,7.92,-0.01,514,407358,卖盘
1642,14:08:27,7.93,0.01,3,2379,买盘
1643,14:08:33,7.93,0.0,3,2379,买盘
1644,14:08:39,7.92,-0.01,145,114840,卖盘
1645,14:08:48,7.92,0.0,13,10296,卖盘
1646,14:08:51,7.92,0.0,56,44358,卖盘
1647,14:08:57,7.93,0.01,50,39650,买盘
1648,14:09:00,7.93,0.0,6,4758,买盘
1649,14:09:06,7.93,0.0,91,72163,买盘
1650,14:09:10,7.93,0.0,50,39650,买盘
1651,14:09:24,7.93,0.0,17,13481,买盘
1652,14:09:27,7.93,0.0,20,15860,买盘
1653,14:09:33,7.93,0.0,6,4758,买盘
1654,14:09:36,7.93,0.0,6,4758,买盘
1655,14:09:48,7.93,0.0,6,4758,买盘
1656,14:09:51,7.93,0.0,5,3965,买盘
1657,14:09:54,7.93,0.0,18,14274,买盘
1658,14:09:57,7.93,0.0,9,7137,买盘
1659,14:10:09,7.93,0.0,16,12688,买盘
1660,14:10:16,7.92,-0.01,55,43560,卖盘
1661,14:10:18,7.93,0.01,10,7930,买盘
1662,14:10:21,7.93,0.0,100,79300,买盘
1663,14:10:42,7.93,0.0,27,21411,买盘
1664,14:10:45,7.92,-0.01,30,23760,卖盘
1665,14:10:51,7.93,0.01,10,7930,买盘
1666,14:11:03,7.92,-0.01,11,8712,卖盘
1667,14:11:06,7.93,0.01,9,7137,买盘
1668,14:11:12,7.92,-0.01,127,100586,卖盘
1669,14:11:19,7.93,0.01,1,793,买盘
1670,14:11:24,7.92,-0.01,24,19008,卖盘
1671,14:11:33,7.92,0.0,120,95040,卖盘
1672,14:11:45,7.92,0.0,10,7920,卖盘
1673,14:11:55,7.92,0.0,21,16632,卖盘
1674,14:11:57,7.93,0.01,1,793,买盘
1675,14:12:24,7.93,0.0,4,3172,买盘
1676,14:12:36,7.93,0.0,100,79300,买盘
1677,14:13:01,7.93,0.0,2,1586,买盘
1678,14:13:18,7.92,-0.01,8,6336,卖盘
1679,14:13:21,7.92,0.0,494,391248,卖盘
1680,14:13:28,7.92,0.0,68,53856,卖盘
1681,14:13:33,7.92,0.0,16,12678,卖盘
1682,14:13:39,7.92,0.0,60,47520,卖盘
1683,14:14:00,7.92,0.0,60,47520,卖盘
1684,14:14:04,7.92,0.0,2,1584,卖盘
1685,14:14:15,7.92,0.0,70,55490,卖盘
1686,14:14:18,7.92,0.0,60,47520,卖盘
1687,14:14:27,7.92,0.0,773,612216,卖盘
1688,14:14:33,7.93,0.01,65,51485,买盘
1689,14:14:36,7.93,0.0,6,4758,买盘
1690,14:14:42,7.92,-0.01,50,39600,卖盘
1691,14:14:54,7.92,0.0,3,2376,卖盘
1692,14:15:00,7.91,-0.01,925,731975,卖盘
1693,14:15:09,7.91,0.0,369,291879,卖盘
1694,14:15:12,7.92,0.01,7,5544,买盘
1695,14:15:15,7.92,0.0,7,5542,买盘
1696,14:15:30,7.92,0.0,385,304549,买盘
1697,14:15:33,7.91,-0.01,9,7119,卖盘
1698,14:15:39,7.92,0.01,1145,905702,买盘
1699,14:15:42,7.91,-0.01,60,47460,卖盘
1700,14:15:45,7.92,0.01,5,3960,买盘
1701,14:15:48,7.92,0.0,28,22176,买盘
1702,14:15:58,7.92,0.0,75,59400,买盘
1703,14:16:00,7.92,0.0,1,792,买盘
1704,14:16:04,7.92,0.0,30,23760,买盘
1705,14:16:09,7.91,-0.01,1,791,卖盘
1706,14:16:15,7.91,0.0,23,18193,卖盘
1707,14:16:18,7.91,0.0,60,47460,卖盘
1708,14:16:21,7.91,0.0,6,4746,卖盘
1709,14:16:24,7.92,0.01,205,162360,买盘
1710,14:16:27,7.91,-0.01,60,47460,卖盘
1711,14:16:36,7.91,0.0,74,58534,卖盘
1712,14:16:42,7.91,0.0,39,30849,卖盘
1713,14:16:45,7.91,0.0,80,63310,卖盘
1714,14:17:06,7.92,0.01,1351,1068756,买盘
1715,14:17:09,7.91,-0.01,20,15820,卖盘
1716,14:17:12,7.92,0.01,46,36432,买盘
1717,14:17:18,7.92,0.0,10,7920,买盘
1718,14:17:27,7.92,0.0,5,3960,买盘
1719,14:17:30,7.92,0.0,387,306504,买盘
1720,14:17:39,7.93,0.01,6,4758,买盘
1721,14:17:42,7.92,-0.01,122,96624,卖盘
1722,14:17:51,7.92,0.0,121,95832,卖盘
1723,14:17:54,7.92,0.0,7,5544,买盘
1724,14:17:57,7.92,0.0,109,86328,买盘
1725,14:18:00,7.92,0.0,50,39600,买盘
1726,14:18:03,7.92,0.0,15,11880,买盘
1727,14:18:06,7.92,0.0,7,5544,买盘
1728,14:18:09,7.92,0.0,16,12672,买盘
1729,14:18:12,7.92,0.0,47,37224,买盘
1730,14:18:15,7.91,-0.01,125,98885,卖盘
1731,14:18:18,7.92,0.01,18,14256,买盘
1732,14:18:24,7.92,0.0,19,15048,卖盘
1733,14:18:27,7.92,0.0,12,9504,买盘
1734,14:18:30,7.92,0.0,16,12672,买盘
1735,14:18:34,7.92,0.0,33,26136,买盘
1736,14:18:37,7.92,0.0,25,19800,买盘
1737,14:18:40,7.91,-0.01,91,71995,卖盘
1738,14:19:04,7.92,0.01,4,3168,卖盘
1739,14:19:12,7.93,0.01,58,45939,买盘
1740,14:19:54,7.93,0.0,7,5551,买盘
1741,14:19:57,7.92,-0.01,10,7920,卖盘
1742,14:20:27,7.92,0.0,259,205128,卖盘
1743,14:20:30,7.92,0.0,5,3960,买盘
1744,14:20:36,7.92,0.0,12,9504,买盘
1745,14:20:42,7.92,0.0,58,45936,买盘
1746,14:20:48,7.92,0.0,30,23760,买盘
1747,14:20:54,7.92,0.0,9,7128,买盘
1748,14:21:04,7.92,0.0,68,53856,买盘
1749,14:21:18,7.92,0.0,5,3960,买盘
1750,14:21:21,7.92,0.0,152,120344,买盘
1751,14:21:24,7.92,0.0,27,21384,买盘
1752,14:21:33,7.92,0.0,14,11088,买盘
1753,14:21:36,7.92,0.0,66,52272,买盘
1754,14:21:42,7.92,0.0,30,23760,买盘
1755,14:21:45,7.93,0.01,117,92670,买盘
1756,14:21:48,7.92,-0.01,73,57816,卖盘
1757,14:22:00,7.92,0.0,148,117216,卖盘
1758,14:22:06,7.92,0.0,5,3960,卖盘
1759,14:22:12,7.93,0.01,6,4758,买盘
1760,14:22:27,7.92,-0.01,15,11880,卖盘
1761,14:22:31,7.93,0.01,4,3172,买盘
1762,14:22:42,7.93,0.0,5,3965,买盘
1763,14:22:45,7.93,0.0,32,25376,买盘
1764,14:22:48,7.93,0.0,6,4758,买盘
1765,14:22:57,7.92,-0.01,25,19815,卖盘
1766,14:23:01,7.93,0.01,4,3172,买盘
1767,14:23:04,7.93,0.0,20,15860,买盘
1768,14:23:09,7.93,0.0,20,15860,买盘
1769,14:23:12,7.92,-0.01,34,26928,卖盘
1770,14:23:27,7.93,0.01,2,1586,买盘
1771,14:23:30,7.93,0.0,8,6344,买盘
1772,14:23:33,7.93,0.0,3,2379,买盘
1773,14:23:36,7.93,0.0,2,1586,买盘
1774,14:23:42,7.93,0.0,73,57889,买盘
1775,14:23:45,7.92,-0.01,85,67320,卖盘
1776,14:23:48,7.93,0.01,3,2379,买盘
1777,14:24:06,7.92,-0.01,1,792,卖盘
1778,14:24:15,7.92,0.0,73,57816,卖盘
1779,14:24:18,7.92,0.0,6,4752,卖盘
1780,14:24:21,7.93,0.01,53,42026,买盘
1781,14:24:33,7.92,-0.01,86,68196,卖盘
1782,14:24:36,7.92,0.0,225,178200,卖盘
1783,14:24:39,7.93,0.01,6,4758,买盘
1784,14:24:54,7.92,-0.01,28,22176,卖盘
1785,14:24:58,7.92,0.0,4,3168,卖盘
1786,14:25:00,7.92,0.0,2,1584,卖盘
1787,14:25:39,7.93,0.01,62,49136,买盘
1788,14:25:52,7.93,0.0,200,158600,买盘
1789,14:26:04,7.93,0.0,3,2379,买盘
1790,14:26:12,7.92,-0.01,92,72889,卖盘
1791,14:26:15,7.92,0.0,15,11880,卖盘
1792,14:26:18,7.93,0.01,3,2379,买盘
1793,14:26:24,7.93,0.0,53,42029,买盘
1794,14:26:27,7.93,0.0,6,4758,买盘
1795,14:26:30,7.93,0.0,14,11102,买盘
1796,14:26:33,7.93,0.0,12,9516,买盘
1797,14:26:36,7.93,0.0,6,4758,买盘
1798,14:26:39,7.93,0.0,282,223626,买盘
1799,14:26:42,7.93,0.0,411,325923,买盘
1800,14:26:45,7.93,0.0,242,191906,买盘
1801,14:26:48,7.93,0.0,247,195871,买盘
1802,14:26:51,7.93,0.0,320,253760,买盘
1803,14:26:55,7.93,0.0,104,82472,买盘
1804,14:26:58,7.94,0.01,70,55580,买盘
1805,14:27:00,7.94,0.0,61,48434,买盘
1806,14:27:04,7.94,0.0,254,201566,买盘
1807,14:27:07,7.94,0.0,96,76188,买盘
1808,14:27:09,7.94,0.0,46,36524,买盘
1809,14:27:12,7.94,0.0,41,32553,买盘
1810,14:27:15,7.94,0.0,166,131794,买盘
1811,14:27:18,7.94,0.0,414,328716,买盘
1812,14:27:21,7.94,0.0,10,7940,卖盘
1813,14:27:25,7.94,0.0,6,4764,卖盘
1814,14:27:31,7.94,0.0,6,4769,卖盘
1815,14:27:36,7.95,0.01,60,47660,买盘
1816,14:27:39,7.95,0.0,5,3975,买盘
1817,14:27:45,7.94,-0.01,75,59550,卖盘
1818,14:27:48,7.94,0.0,55,43670,卖盘
1819,14:28:00,7.95,0.01,27,21465,买盘
1820,14:28:12,7.94,-0.01,152,120688,卖盘
1821,14:28:18,7.94,0.0,50,39680,买盘
1822,14:28:21,7.95,0.01,235,186790,买盘
1823,14:28:27,7.94,-0.01,15,11910,卖盘
1824,14:28:30,7.95,0.01,32,25418,买盘
1825,14:28:33,7.94,-0.01,10,7940,卖盘
1826,14:28:36,7.95,0.01,12,9540,买盘
1827,14:28:39,7.94,-0.01,12,9528,卖盘
1828,14:28:42,7.94,0.0,6,4764,卖盘
1829,14:28:45,7.94,0.0,7,5558,卖盘
1830,14:28:51,7.94,0.0,12,9528,卖盘
1831,14:28:54,7.94,0.0,7,5558,卖盘
1832,14:28:57,7.94,0.0,28,22232,卖盘
1833,14:29:03,7.94,0.0,21,16674,卖盘
1834,14:29:15,7.95,0.01,75,59625,买盘
1835,14:29:21,7.94,-0.01,381,302814,卖盘
1836,14:29:45,7.95,0.01,11,8735,买盘
1837,14:30:06,7.94,-0.01,53,42133,卖盘
1838,14:30:21,7.95,0.01,8,6360,买盘
1839,14:30:33,7.95,0.0,701,557295,买盘
1840,14:30:39,7.95,0.0,110,87450,卖盘
1841,14:30:42,7.95,0.0,5,3975,卖盘
1842,14:30:55,7.95,0.0,50,39750,卖盘
1843,14:31:00,7.95,0.0,7,5565,卖盘
1844,14:31:04,7.95,0.0,10,7950,卖盘
1845,14:31:12,7.95,0.0,416,330727,卖盘
1846,14:31:27,7.95,0.0,55,43725,买盘
1847,14:31:36,7.95,0.0,201,160081,买盘
1848,14:31:42,7.95,0.0,21,16695,卖盘
1849,14:31:45,7.95,0.0,4,3183,卖盘
1850,14:31:48,7.95,0.0,78,61724,卖盘
1851,14:32:12,7.94,-0.01,3,2382,卖盘
1852,14:32:24,7.94,0.0,3,2382,卖盘
1853,14:32:27,7.95,0.01,130,103350,买盘
1854,14:32:30,7.94,-0.01,376,298544,卖盘
1855,14:32:33,7.94,0.0,20,15880,买盘
1856,14:32:42,7.94,0.0,7,5558,买盘
1857,14:32:51,7.93,-0.01,196,155428,卖盘
1858,14:32:57,7.93,0.0,40,31720,卖盘
1859,14:33:06,7.94,0.01,25,19850,买盘
1860,14:33:16,7.93,-0.01,2,1586,卖盘
1861,14:33:27,7.93,0.0,5,3965,卖盘
1862,14:33:30,7.93,0.0,10,7930,卖盘
1863,14:33:48,7.93,0.0,30,23790,卖盘
1864,14:33:51,7.93,0.0,5,3965,卖盘
1865,14:34:00,7.93,0.0,55,43615,卖盘
1866,14:34:03,7.93,0.0,10,7930,卖盘
1867,14:34:12,7.93,0.0,6,4758,卖盘
1868,14:34:15,7.93,0.0,5,3965,卖盘
1869,14:34:27,7.93,0.0,10,7930,卖盘
1870,14:34:33,7.93,0.0,77,61061,卖盘
1871,14:34:36,7.94,0.01,30,23820,买盘
1872,14:34:48,7.93,-0.01,9,7137,卖盘
1873,14:35:06,7.93,0.0,5,3965,卖盘
1874,14:35:09,7.93,0.0,100,79300,卖盘
1875,14:35:12,7.93,0.0,50,39650,卖盘
1876,14:35:15,7.93,0.0,27,21411,卖盘
1877,14:35:21,7.93,0.0,19,15067,卖盘
1878,14:35:30,7.93,0.0,23,18239,卖盘
1879,14:35:37,7.93,0.0,13,10309,卖盘
1880,14:35:40,7.94,0.01,66,52398,买盘
1881,14:35:42,7.93,-0.01,15,11895,卖盘
1882,14:35:51,7.93,0.0,10,7930,卖盘
1883,14:35:54,7.93,0.0,37,29341,卖盘
1884,14:35:57,7.93,0.0,13,10309,卖盘
1885,14:36:00,7.93,0.0,34,26962,卖盘
1886,14:36:06,7.93,0.0,11,8723,卖盘
1887,14:36:09,7.93,0.0,13,10309,卖盘
1888,14:36:12,7.93,0.0,16,12688,卖盘
1889,14:36:16,7.93,0.0,2,1586,卖盘
1890,14:36:27,7.93,0.0,67,53131,卖盘
1891,14:36:30,7.93,0.0,47,37271,卖盘
1892,14:36:33,7.93,0.0,6,4758,卖盘
1893,14:36:39,7.93,0.0,48,38064,卖盘
1894,14:36:42,7.93,0.0,29,22997,卖盘
1895,14:36:46,7.93,0.0,79,62647,卖盘
1896,14:36:48,7.93,0.0,40,31720,卖盘
1897,14:36:51,7.93,0.0,41,32513,卖盘
1898,14:37:04,7.93,0.0,26,20618,卖盘
1899,14:37:12,7.92,-0.01,10,7920,卖盘
1900,14:37:33,7.92,0.0,7,5544,卖盘
1901,14:37:42,7.92,0.0,5,3960,卖盘
1902,14:37:49,7.92,0.0,1489,1179288,卖盘
1903,14:37:54,7.92,0.0,50,39600,卖盘
1904,14:37:57,7.92,0.0,719,569458,卖盘
1905,14:38:00,7.92,0.0,7,5544,买盘
1906,14:38:06,7.92,0.0,2,1584,买盘
1907,14:38:12,7.92,0.0,29,22954,买盘
1908,14:38:15,7.91,-0.01,42,33222,卖盘
1909,14:38:21,7.91,0.0,27,21379,卖盘
1910,14:38:24,7.92,0.01,10,7920,买盘
1911,14:38:27,7.92,0.0,1,792,买盘
1912,14:38:30,7.92,0.0,35,27720,买盘
1913,14:38:33,7.91,-0.01,126,99666,卖盘
1914,14:38:39,7.91,0.0,15,11865,卖盘
1915,14:38:42,7.92,0.01,10,7920,买盘
1916,14:38:49,7.92,0.0,37,29283,买盘
1917,14:38:55,7.92,0.0,20,15840,买盘
1918,14:39:00,7.92,0.0,2,1584,买盘
1919,14:39:06,7.92,0.0,89,70488,买盘
1920,14:39:09,7.92,0.0,30,23760,买盘
1921,14:39:15,7.91,-0.01,10,7910,卖盘
1922,14:39:21,7.92,0.01,24,19004,买盘
1923,14:39:24,7.91,-0.01,40,31640,卖盘
1924,14:39:27,7.91,0.0,25,19795,卖盘
1925,14:39:39,7.91,0.0,12,9499,卖盘
1926,14:39:43,7.91,0.0,2,1582,卖盘
1927,14:39:51,7.91,0.0,26,20566,卖盘
1928,14:39:57,7.91,0.0,1,791,卖盘
1929,14:40:03,7.91,0.0,12,9492,卖盘
1930,14:40:07,7.91,0.0,191,151082,卖盘
1931,14:40:15,7.91,0.0,10,7910,卖盘
1932,14:40:18,7.92,0.01,11,8704,买盘
1933,14:40:28,7.92,0.0,10,7920,买盘
1934,14:40:30,7.92,0.0,24,19008,买盘
1935,14:40:33,7.92,0.0,147,116424,买盘
1936,14:40:39,7.92,0.0,37,29299,买盘
1937,14:40:45,7.92,0.0,5,3960,买盘
1938,14:40:57,7.92,0.0,120,95040,买盘
1939,14:41:06,7.92,0.0,14,11088,买盘
1940,14:41:12,7.92,0.0,10,7920,买盘
1941,14:41:15,7.91,-0.01,76,60116,卖盘
1942,14:41:21,7.92,0.01,24,19008,买盘
1943,14:41:27,7.92,0.0,28,22176,买盘
1944,14:41:30,7.92,0.0,5,3960,买盘
1945,14:41:36,7.91,-0.01,10,7910,卖盘
1946,14:41:39,7.91,0.0,5,3955,卖盘
1947,14:41:43,7.91,0.0,16,12656,卖盘
1948,14:41:45,7.92,0.01,338,267696,买盘
1949,14:41:54,7.92,0.0,18,14256,买盘
1950,14:41:57,7.92,0.0,8,6336,买盘
1951,14:42:00,7.92,0.0,15,11880,买盘
1952,14:42:04,7.92,0.0,6,4752,买盘
1953,14:42:06,7.91,-0.01,89,70399,卖盘
1954,14:42:09,7.91,0.0,35,27685,卖盘
1955,14:42:12,7.92,0.01,3,2376,买盘
1956,14:42:18,7.91,-0.01,3,2373,卖盘
1957,14:42:24,7.92,0.01,1,792,买盘
1958,14:42:27,7.91,-0.01,13,10283,卖盘
1959,14:42:33,7.92,0.01,5,3960,买盘
1960,14:42:48,7.92,0.0,105,83160,买盘
1961,14:42:51,7.92,0.0,62,49104,买盘
1962,14:43:01,7.92,0.0,72,56954,买盘
1963,14:43:06,7.92,0.0,2,1584,买盘
1964,14:43:09,7.92,0.0,5,3960,买盘
1965,14:43:12,7.92,0.0,50,39600,买盘
1966,14:43:24,7.91,-0.01,70,55379,卖盘
1967,14:43:27,7.91,0.0,269,212779,卖盘
1968,14:43:33,7.92,0.01,5,3960,买盘
1969,14:43:36,7.91,-0.01,5,3955,卖盘
1970,14:43:42,7.92,0.01,2,1584,买盘
1971,14:43:45,7.91,-0.01,44,34804,卖盘
1972,14:43:54,7.91,0.0,54,42714,卖盘
1973,14:43:57,7.92,0.01,139,109974,买盘
1974,14:44:00,7.92,0.0,15,11880,买盘
1975,14:44:03,7.91,-0.01,22,17402,卖盘
1976,14:44:07,7.91,0.0,20,15820,卖盘
1977,14:44:10,7.92,0.01,140,110864,买盘
1978,14:44:24,7.92,0.0,51,40392,买盘
1979,14:44:30,7.91,-0.01,15,11865,卖盘
1980,14:44:37,7.92,0.01,5,3960,买盘
1981,14:44:40,7.92,0.0,20,15835,买盘
1982,14:44:42,7.92,0.0,15,11872,买盘
1983,14:44:51,7.92,0.0,2,1584,买盘
1984,14:44:54,7.92,0.0,100,79200,买盘
1985,14:44:58,7.92,0.0,46,36432,买盘
1986,14:45:07,7.92,0.0,3,2376,买盘
1987,14:45:09,7.92,0.0,49,38808,买盘
1988,14:45:12,7.92,0.0,42,33264,买盘
1989,14:45:19,7.91,-0.01,29,22939,卖盘
1990,14:45:21,7.92,0.01,5,3960,买盘
1991,14:45:27,7.92,0.0,30,23750,买盘
1992,14:45:33,7.91,-0.01,22,17402,卖盘
1993,14:45:40,7.91,0.0,43,34013,卖盘
1994,14:45:42,7.92,0.01,29,22968,买盘
1995,14:45:45,7.91,-0.01,12,9495,卖盘
1996,14:45:48,7.91,0.0,50,39550,卖盘
1997,14:45:51,7.92,0.01,5,3960,买盘
1998,14:45:57,7.91,-0.01,20,15820,卖盘
1999,14:46:06,7.92,0.01,200,158400,买盘
2000,14:46:12,7.92,0.0,2,1584,买盘
2001,14:46:24,7.92,0.0,10,7920,买盘
2002,14:46:28,7.92,0.0,47,37224,买盘
2003,14:46:31,7.91,-0.01,47,37221,卖盘
2004,14:46:33,7.91,0.0,69,54594,卖盘
2005,14:46:36,7.92,0.01,12,9504,买盘
2006,14:46:42,7.91,-0.01,26,20566,卖盘
2007,14:46:45,7.91,0.0,60,47460,卖盘
2008,14:46:48,7.92,0.01,18,14246,买盘
2009,14:46:51,7.91,-0.01,2,1582,卖盘
2010,14:47:06,7.91,0.0,113,89406,卖盘
2011,14:47:09,7.92,0.01,3,2376,买盘
2012,14:47:12,7.91,-0.01,214,169274,卖盘
2013,14:47:15,7.92,0.01,16,12657,买盘
2014,14:47:18,7.91,-0.01,19,15029,卖盘
2015,14:47:24,7.91,0.0,25,19775,卖盘
2016,14:47:34,7.91,0.0,7,5537,卖盘
2017,14:47:36,7.91,0.0,24,18984,卖盘
2018,14:47:39,7.91,0.0,13,10283,卖盘
2019,14:47:45,7.91,0.0,293,231799,卖盘
2020,14:48:00,7.91,0.0,4,3164,卖盘
2021,14:48:04,7.91,0.0,41,32431,卖盘
2022,14:48:06,7.91,0.0,10,7910,卖盘
2023,14:48:15,7.92,0.01,7,5544,买盘
2024,14:48:19,7.91,-0.01,259,204869,卖盘
2025,14:48:24,7.91,0.0,16,12656,卖盘
2026,14:48:27,7.92,0.01,163,128978,买盘
2027,14:48:30,7.91,-0.01,21,16611,卖盘
2028,14:48:33,7.92,0.01,13,10296,买盘
2029,14:48:36,7.91,-0.01,6,4746,卖盘
2030,14:48:39,7.92,0.01,23,18216,买盘
2031,14:48:46,7.91,-0.01,37,29267,卖盘
2032,14:48:48,7.91,0.0,49,38767,卖盘
2033,14:48:54,7.91,0.0,10,7910,卖盘
2034,14:49:00,7.92,0.01,12,9504,买盘
2035,14:49:06,7.91,-0.01,22,17402,卖盘
2036,14:49:12,7.91,0.0,40,31640,卖盘
2037,14:49:18,7.91,0.0,37,29267,卖盘
2038,14:49:21,7.91,0.0,100,79100,卖盘
2039,14:49:39,7.91,0.0,16,12656,卖盘
2040,14:49:45,7.92,0.01,46,36402,买盘
2041,14:49:48,7.91,-0.01,23,18193,卖盘
2042,14:49:51,7.91,0.0,155,122605,卖盘
2043,14:49:54,7.91,0.0,4,3164,卖盘
2044,14:49:57,7.92,0.01,5,3960,买盘
2045,14:50:00,7.92,0.0,107,84744,买盘
2046,14:50:06,7.91,-0.01,15,11865,卖盘
2047,14:50:10,7.92,0.01,413,327033,买盘
2048,14:50:12,7.91,-0.01,1,791,卖盘
2049,14:50:15,7.92,0.01,15,11880,买盘
2050,14:50:18,7.91,-0.01,347,274477,卖盘
2051,14:50:21,7.91,0.0,12,9492,卖盘
2052,14:50:24,7.91,0.0,20,15820,卖盘
2053,14:50:27,7.91,0.0,10,7910,卖盘
2054,14:50:39,7.91,0.0,10,7910,卖盘
2055,14:50:42,7.91,0.0,48,37968,卖盘
2056,14:50:45,7.91,0.0,20,15820,卖盘
2057,14:50:48,7.91,0.0,263,208033,卖盘
2058,14:50:54,7.91,0.0,82,64862,卖盘
2059,14:50:57,7.91,0.0,164,129724,卖盘
2060,14:51:00,7.92,0.01,10,7920,买盘
2061,14:51:04,7.91,-0.01,20,15820,卖盘
2062,14:51:06,7.91,0.0,147,116277,卖盘
2063,14:51:09,7.91,0.0,1053,832923,卖盘
2064,14:51:12,7.91,0.0,166,131306,卖盘
2065,14:51:16,7.91,0.0,227,179557,卖盘
2066,14:51:19,7.91,0.0,901,712691,卖盘
2067,14:51:22,7.91,0.0,444,351204,卖盘
2068,14:51:24,7.91,0.0,413,326683,卖盘
2069,14:51:27,7.91,0.0,269,212779,卖盘
2070,14:51:30,7.91,0.0,25,19775,买盘
2071,14:51:33,7.91,0.0,25,19755,买盘
2072,14:51:37,7.91,0.0,50,39512,买盘
2073,14:51:42,7.91,0.0,32,25312,买盘
2074,14:51:45,7.91,0.0,58,45844,买盘
2075,14:51:51,7.9,-0.01,337,266230,卖盘
2076,14:51:57,7.91,0.01,107,84545,买盘
2077,14:52:01,7.9,-0.01,118,93220,卖盘
2078,14:52:04,7.9,0.0,66,52184,卖盘
2079,14:52:06,7.9,0.0,5004,3962180,卖盘
2080,14:52:09,7.9,0.0,153,120870,卖盘
2081,14:52:13,7.91,0.01,275,217525,买盘
2082,14:52:16,7.96,0.05,5003,3977534,买盘
2083,14:52:18,7.91,-0.05,20,15820,卖盘
2084,14:52:21,7.91,0.0,399,315839,卖盘
2085,14:52:25,7.98,0.07,5065,4036292,买盘
2086,14:52:31,7.92,-0.06,3,2376,卖盘
2087,14:52:33,7.93,0.01,212,168789,买盘
2088,14:52:37,8.0,0.07,5000,3995869,买盘
2089,14:52:42,7.93,-0.07,264,210502,卖盘
2090,14:52:45,7.97,0.04,33,26301,中性盘
2091,14:52:48,7.97,0.0,15,11961,卖盘
2092,14:52:54,8.0,0.03,5030,4018967,买盘
2093,14:52:58,7.98,-0.02,54,43072,中性盘
2094,14:53:01,7.98,0.0,58,46284,买盘
2095,14:53:04,7.98,0.0,24,19147,买盘
2096,14:53:07,7.98,0.0,152,121296,买盘
2097,14:53:09,7.97,-0.01,85,67751,卖盘
2098,14:53:12,7.98,0.01,213,169852,买盘
2099,14:53:15,7.97,-0.01,129,102926,卖盘
2100,14:53:19,7.96,-0.01,354,281990,卖盘
2101,14:53:21,7.97,0.01,230,183473,买盘
2102,14:53:24,7.96,-0.01,17,13537,卖盘
2103,14:53:27,7.98,0.02,1011,806705,买盘
2104,14:53:30,7.97,-0.01,92,73344,买盘
2105,14:53:33,7.97,0.0,50,39850,卖盘
2106,14:53:36,7.97,0.0,98,78126,卖盘
2107,14:53:40,7.97,0.0,184,146694,卖盘
2108,14:53:42,7.98,0.01,1073,855446,买盘
2109,14:53:45,7.96,-0.02,161,128307,卖盘
2110,14:53:49,7.97,0.01,62,49414,买盘
2111,14:53:52,7.98,0.01,191,152330,买盘
2112,14:53:54,7.97,-0.01,2219,1770800,卖盘
2113,14:53:57,7.97,0.0,5,3985,买盘
2114,14:54:01,7.97,0.0,438,348952,买盘
2115,14:54:03,7.96,-0.01,20,15920,卖盘
2116,14:54:06,7.97,0.01,131,104297,买盘
2117,14:54:10,7.96,-0.01,14,11147,卖盘
2118,14:54:13,7.96,0.0,2420,1931387,卖盘
2119,14:54:15,7.96,0.0,144,114624,卖盘
2120,14:54:19,7.96,0.0,1,796,卖盘
2121,14:54:22,7.96,0.0,2,1592,卖盘
2122,14:54:25,8.0,0.04,5000,3995566,买盘
2123,14:54:27,7.96,-0.04,117,93162,卖盘
2124,14:54:31,7.97,0.01,56,44618,买盘
2125,14:54:34,7.97,0.0,82,65356,买盘
2126,14:54:37,7.97,0.0,108,86075,卖盘
2127,14:54:40,7.96,-0.01,3720,2972609,卖盘
2128,14:54:42,7.98,0.02,74,58986,买盘
2129,14:54:45,7.97,-0.01,44,35068,卖盘
2130,14:54:48,7.97,0.0,3448,2757165,卖盘
2131,14:54:51,7.98,0.01,5,3986,买盘
2132,14:54:54,7.98,0.0,68,54258,买盘
2133,14:54:57,7.99,0.01,176,140449,买盘
2134,14:55:01,7.98,-0.01,55,43890,卖盘
2135,14:55:04,8.01,0.03,2870,2296362,买盘
2136,14:55:07,7.98,-0.03,15,11983,卖盘
2137,14:55:09,8.0,0.02,2938,2351839,买盘
2138,14:55:15,7.99,-0.01,172,137570,卖盘
2139,14:55:18,8.01,0.02,1098,879493,买盘
2140,14:55:22,8.01,0.0,117,93717,卖盘
2141,14:55:24,8.01,0.0,233,186733,卖盘
2142,14:55:27,8.01,0.0,206,165006,卖盘
2143,14:55:30,8.02,0.01,352,282204,买盘
2144,14:55:33,8.01,-0.01,810,649085,卖盘
2145,14:55:36,8.01,0.0,1489,1193464,卖盘
2146,14:55:40,8.01,0.0,532,426335,卖盘
2147,14:55:42,8.02,0.01,144,115407,买盘
2148,14:55:45,8.01,-0.01,218,174623,卖盘
2149,14:55:48,8.02,0.01,219,175508,买盘
2150,14:55:51,8.01,-0.01,496,396751,卖盘
2151,14:55:54,8.01,0.0,43,34443,买盘
2152,14:55:57,8.01,0.0,165,132159,买盘
2153,14:56:01,8.01,0.0,267,213867,买盘
2154,14:56:04,8.01,0.0,151,120931,买盘
2155,14:56:06,8.01,0.0,145,116145,买盘
2156,14:56:10,8.0,-0.01,41,32822,卖盘
2157,14:56:12,8.01,0.01,99,79299,买盘
2158,14:56:16,8.01,0.0,442,353688,买盘
2159,14:56:18,8.0,-0.01,138,110423,卖盘
2160,14:56:21,8.01,0.01,500,400044,买盘
2161,14:56:24,8.0,-0.01,664,531349,卖盘
2162,14:56:27,8.0,0.0,983,786507,卖盘
2163,14:56:31,8.01,0.01,242,193709,买盘
2164,14:56:34,8.0,-0.01,361,288823,卖盘
2165,14:56:37,8.01,0.01,124,99299,买盘
2166,14:56:40,8.0,-0.01,441,352862,卖盘
2167,14:56:42,8.0,0.0,299,239235,卖盘
2168,14:56:45,8.0,0.0,348,278403,卖盘
2169,14:56:48,8.0,0.0,190,152044,卖盘
2170,14:56:52,8.0,0.0,359,287214,卖盘
2171,14:56:55,8.0,0.0,143,114408,卖盘
2172,14:56:58,8.0,0.0,307,245606,卖盘
2173,14:57:00,8.0,0.0,286,228827,卖盘
2174,15:00:04,8.0,0.0,14911,11928800,卖盘
