,time,price,change,volume,amount,type
0,09:25:04,9.68,0.18,233,225544,卖盘
1,09:30:00,9.68,0.0,30,29040,买盘
2,09:30:04,9.68,0.0,710,686656,买盘
3,09:30:07,9.66,-0.02,214,206975,卖盘
4,09:30:10,9.69,0.03,70,67730,买盘
5,09:30:13,9.65,-0.04,63,60830,卖盘
6,09:30:19,9.64,-0.01,5,4820,卖盘
7,09:30:22,9.63,-0.01,56,53940,卖盘
8,09:30:24,9.64,0.01,21,20244,买盘
9,09:30:27,9.63,-0.01,2,1926,卖盘
10,09:30:33,9.64,0.01,18,17352,中性盘
11,09:30:36,9.63,-0.01,20,19265,卖盘
12,09:30:39,9.63,0.0,83,79979,卖盘
13,09:30:43,9.62,-0.01,195,187832,卖盘
14,09:30:48,9.62,0.0,40,38483,卖盘
15,09:30:51,9.62,0.0,37,35599,卖盘
16,09:30:54,9.65,0.03,398,383730,买盘
17,09:30:57,9.62,-0.03,14,13468,卖盘
18,09:31:00,9.65,0.03,28,26994,买盘
19,09:31:04,9.65,0.0,14,13493,买盘
20,09:31:06,9.65,0.0,52,50170,买盘
21,09:31:12,9.65,0.0,27,26055,买盘
22,09:31:18,9.64,-0.01,10,9640,卖盘
23,09:31:21,9.65,0.01,2,1930,买盘
24,09:31:24,9.64,-0.01,94,90616,卖盘
25,09:31:27,9.64,0.0,5,4820,买盘
26,09:31:30,9.62,-0.02,24,23111,卖盘
27,09:31:34,9.63,0.01,4,3852,中性盘
28,09:31:37,9.62,-0.01,31,29868,卖盘
29,09:31:39,9.62,0.0,73,70226,卖盘
30,09:31:42,9.62,0.0,21,20202,卖盘
31,09:31:46,9.63,0.01,6,5776,买盘
32,09:31:48,9.63,0.0,65,62595,买盘
33,09:31:51,9.63,0.0,120,115560,卖盘
34,09:31:57,9.63,0.0,16,15409,卖盘
35,09:32:00,9.63,0.0,57,54901,卖盘
36,09:32:03,9.64,0.01,31,29884,买盘
37,09:32:06,9.65,0.01,187,180284,买盘
38,09:32:09,9.65,0.0,118,113820,买盘
39,09:32:12,9.64,-0.01,38,36632,卖盘
40,09:32:15,9.65,0.01,58,55968,买盘
41,09:32:18,9.65,0.0,3,2895,卖盘
42,09:32:21,9.64,-0.01,14,13508,卖盘
43,09:32:24,9.64,0.0,9,8681,卖盘
44,09:32:27,9.65,0.01,37,35704,买盘
45,09:32:30,9.65,0.0,2,1930,买盘
46,09:32:34,9.65,0.0,55,53054,卖盘
47,09:32:36,9.65,0.0,4,3860,买盘
48,09:32:39,9.65,0.0,33,31845,买盘
49,09:32:42,9.65,0.0,78,75270,买盘
50,09:32:45,9.65,0.0,36,34760,卖盘
51,09:32:48,9.65,0.0,30,28950,卖盘
52,09:32:54,9.65,0.0,7,6755,卖盘
53,09:32:57,9.65,0.0,224,216467,卖盘
54,09:33:00,9.65,0.0,26,25114,卖盘
55,09:33:04,9.66,0.01,4,3864,买盘
56,09:33:06,9.65,-0.01,189,182385,卖盘
57,09:33:09,9.66,0.01,32,30912,买盘
58,09:33:12,9.65,-0.01,37,35705,卖盘
59,09:33:15,9.65,0.0,21,20265,卖盘
60,09:33:18,9.67,0.02,38,36708,买盘
61,09:33:21,9.65,-0.02,2,1930,卖盘
62,09:33:24,9.65,0.0,5,4825,卖盘
63,09:33:27,9.65,0.0,5,4825,卖盘
64,09:33:30,9.65,0.0,118,113870,卖盘
65,09:33:33,9.65,0.0,27,26055,卖盘
66,09:33:40,9.64,-0.01,27,26033,卖盘
67,09:33:42,9.65,0.01,31,29915,买盘
68,09:33:45,9.65,0.0,54,52110,卖盘
69,09:33:48,9.64,-0.01,2,1928,卖盘
70,09:33:51,9.64,0.0,33,31812,卖盘
71,09:33:54,9.63,-0.01,214,206413,卖盘
72,09:33:57,9.63,0.0,6,5778,卖盘
73,09:34:04,9.63,0.0,4,3852,卖盘
74,09:34:09,9.63,0.0,4,3852,卖盘
75,09:34:15,9.63,0.0,5,4815,卖盘
76,09:34:21,9.63,0.0,39,37586,卖盘
77,09:34:24,9.63,0.0,2,1926,卖盘
78,09:34:28,9.64,0.01,20,19275,买盘
79,09:34:36,9.64,0.0,101,97364,卖盘
80,09:34:42,9.64,0.0,97,93508,买盘
81,09:34:45,9.64,0.0,5,4816,买盘
82,09:34:48,9.64,0.0,4,3856,买盘
83,09:34:51,9.64,0.0,8,7707,卖盘
84,09:34:57,9.64,0.0,22,21208,买盘
85,09:35:04,9.63,-0.01,7,6741,卖盘
86,09:35:06,9.64,0.01,5,4820,买盘
87,09:35:09,9.64,0.0,6,5784,卖盘
88,09:35:18,9.64,0.0,17,16388,卖盘
89,09:35:24,9.64,0.0,32,30847,买盘
90,09:35:27,9.64,0.0,4,3856,卖盘
91,09:35:30,9.63,-0.01,97,93442,卖盘
92,09:35:36,9.64,0.01,1,964,买盘
93,09:35:39,9.64,0.0,21,20244,买盘
94,09:35:42,9.64,0.0,4,3856,卖盘
95,09:35:45,9.64,0.0,10,9640,卖盘
96,09:35:48,9.64,0.0,22,21223,卖盘
97,09:35:51,9.64,0.0,8,7712,卖盘
98,09:35:58,9.63,-0.01,2,1926,卖盘
99,09:36:00,9.63,0.0,5,4815,卖盘
100,09:36:04,9.63,0.0,67,64564,卖盘
101,09:36:06,9.63,0.0,7,6741,卖盘
102,09:36:16,9.63,0.0,25,24070,买盘
103,09:36:18,9.63,0.0,13,12509,买盘
104,09:36:25,9.63,0.0,15,14445,卖盘
105,09:36:27,9.63,0.0,4,3852,卖盘
106,09:36:33,9.63,0.0,67,64530,卖盘
107,09:36:36,9.62,-0.01,3,2886,卖盘
108,09:36:39,9.63,0.01,50,48153,买盘
109,09:36:46,9.64,0.01,3,2892,买盘
110,09:36:49,9.63,-0.01,40,38520,卖盘
111,09:36:52,9.63,0.0,5,4815,卖盘
112,09:36:54,9.63,0.0,3,2889,卖盘
113,09:37:00,9.62,-0.01,5,4810,卖盘
114,09:37:04,9.62,0.0,20,19240,卖盘
115,09:37:06,9.62,0.0,2,1924,卖盘
116,09:37:09,9.63,0.01,8,7701,买盘
117,09:37:16,9.61,-0.02,100,96100,卖盘
118,09:37:19,9.63,0.02,16,15395,买盘
119,09:37:25,9.61,-0.02,7,6727,卖盘
120,09:37:30,9.62,0.01,12,11542,买盘
121,09:37:36,9.62,0.0,12,11544,卖盘
122,09:37:42,9.62,0.0,20,19240,卖盘
123,09:37:48,9.61,-0.01,37,35589,卖盘
124,09:37:54,9.6,-0.01,281,269854,卖盘
125,09:38:00,9.59,-0.01,2,1918,卖盘
126,09:38:04,9.6,0.01,22,21107,买盘
127,09:38:06,9.59,-0.01,13,12467,卖盘
128,09:38:09,9.58,-0.01,76,72875,卖盘
129,09:38:18,9.56,-0.02,27,25812,卖盘
130,09:38:21,9.56,0.0,3,2868,买盘
131,09:38:27,9.55,-0.01,7,6685,卖盘
132,09:38:30,9.55,0.0,22,21010,卖盘
133,09:38:33,9.56,0.01,11,10516,买盘
134,09:38:37,9.57,0.01,3,2870,买盘
135,09:38:39,9.58,0.01,2,1916,买盘
136,09:38:54,9.57,-0.01,108,103357,卖盘
137,09:38:57,9.58,0.01,20,19152,买盘
138,09:39:00,9.58,0.0,1,958,买盘
139,09:39:03,9.59,0.01,11,10541,买盘
140,09:39:09,9.57,-0.02,4,3828,卖盘
141,09:39:13,9.57,0.0,3,2871,卖盘
142,09:39:21,9.59,0.02,100,95900,买盘
143,09:39:25,9.58,-0.01,2,1916,卖盘
144,09:39:27,9.59,0.01,12,11506,买盘
145,09:39:30,9.59,0.0,13,12467,卖盘
146,09:39:36,9.59,0.0,12,11503,买盘
147,09:39:42,9.59,0.0,18,17262,卖盘
148,09:39:48,9.6,0.01,18,17280,买盘
149,09:39:51,9.63,0.03,300,288115,买盘
150,09:39:57,9.59,-0.04,2,1918,卖盘
151,09:40:00,9.59,0.0,2,1918,卖盘
152,09:40:04,9.59,0.0,14,13435,卖盘
153,09:40:09,9.6,0.01,3,2880,买盘
154,09:40:15,9.62,0.02,8,7690,中性盘
155,09:40:18,9.63,0.01,8,7693,买盘
156,09:40:21,9.62,-0.01,3,2886,卖盘
157,09:40:24,9.63,0.01,12,11554,买盘
158,09:40:27,9.61,-0.02,3,2883,卖盘
159,09:40:30,9.61,0.0,5,4805,买盘
160,09:40:40,9.61,0.0,7,6727,买盘
161,09:40:42,9.61,0.0,18,17298,买盘
162,09:40:51,9.62,0.01,32,30784,买盘
163,09:40:55,9.61,-0.01,15,14415,卖盘
164,09:40:58,9.62,0.01,74,71188,买盘
165,09:41:01,9.62,0.0,15,14430,卖盘
166,09:41:04,9.62,0.0,2,1924,卖盘
167,09:41:12,9.62,0.0,9,8658,卖盘
168,09:41:21,9.62,0.0,22,21164,卖盘
169,09:41:24,9.62,0.0,2,1924,卖盘
170,09:41:27,9.62,0.0,8,7696,卖盘
171,09:41:30,9.62,0.0,6,5772,卖盘
172,09:41:33,9.61,-0.01,5,4805,卖盘
173,09:41:39,9.62,0.01,16,15392,买盘
174,09:41:54,9.61,-0.01,2,1922,卖盘
175,09:42:00,9.61,0.0,135,129735,卖盘
176,09:42:04,9.61,0.0,40,38440,买盘
177,09:42:13,9.6,-0.01,1,960,卖盘
178,09:42:15,9.6,0.0,5,4800,卖盘
179,09:42:18,9.6,0.0,5,4800,卖盘
180,09:42:21,9.61,0.01,148,142228,买盘
181,09:42:24,9.61,0.0,2,1922,卖盘
182,09:42:27,9.6,-0.01,19,18240,卖盘
183,09:42:30,9.6,0.0,5,4800,卖盘
184,09:42:34,9.6,0.0,1,960,卖盘
185,09:42:37,9.6,0.0,2,1920,卖盘
186,09:42:42,9.61,0.01,19,18259,买盘
187,09:42:45,9.6,-0.01,20,19206,卖盘
188,09:42:48,9.6,0.0,5,4800,卖盘
189,09:42:51,9.6,0.0,5,4800,卖盘
190,09:42:55,9.61,0.01,66,63362,买盘
191,09:42:57,9.6,-0.01,25,24000,卖盘
192,09:43:03,9.6,0.0,7,6720,卖盘
193,09:43:06,9.6,0.0,88,84480,卖盘
194,09:43:09,9.59,-0.01,1,959,卖盘
195,09:43:15,9.59,0.0,4,3836,卖盘
196,09:43:21,9.59,0.0,7,6713,卖盘
197,09:43:27,9.59,0.0,2,1918,卖盘
198,09:43:30,9.59,0.0,40,38360,卖盘
199,09:43:42,9.58,-0.01,2,1916,卖盘
200,09:43:48,9.58,0.0,5,4793,卖盘
201,09:43:51,9.58,0.0,6,5748,卖盘
202,09:43:54,9.58,0.0,10,9580,卖盘
203,09:43:57,9.58,0.0,5,4790,卖盘
204,09:44:04,9.59,0.01,84,80556,买盘
205,09:44:06,9.58,-0.01,20,19176,卖盘
206,09:44:21,9.6,0.02,55,52792,买盘
207,09:44:27,9.59,-0.01,5,4795,卖盘
208,09:44:31,9.59,0.0,7,6712,买盘
209,09:44:33,9.59,0.0,1,959,卖盘
210,09:44:39,9.58,-0.01,9,8628,卖盘
211,09:44:48,9.59,0.01,5,4795,买盘
212,09:44:54,9.58,-0.01,21,20118,卖盘
213,09:45:00,9.59,0.01,7,6708,买盘
214,09:45:04,9.58,-0.01,5,4790,卖盘
215,09:45:06,9.58,0.0,1,958,卖盘
216,09:45:09,9.58,0.0,1,958,卖盘
217,09:45:27,9.58,0.0,7,6706,卖盘
218,09:45:33,9.59,0.01,7,6713,买盘
219,09:45:48,9.6,0.01,8,7680,买盘
220,09:45:57,9.6,0.0,5,4800,买盘
221,09:46:00,9.59,-0.01,8,7672,卖盘
222,09:46:04,9.6,0.01,10,9600,买盘
223,09:46:21,9.59,-0.01,1,959,卖盘
224,09:46:24,9.59,0.0,3,2877,卖盘
225,09:46:27,9.6,0.01,16,15360,买盘
226,09:46:33,9.59,-0.01,8,7672,卖盘
227,09:46:42,9.59,0.0,6,5754,卖盘
228,09:46:48,9.59,0.0,6,5754,卖盘
229,09:46:51,9.59,0.0,2,1918,卖盘
230,09:46:54,9.59,0.0,101,96859,卖盘
231,09:46:58,9.59,0.0,47,45073,卖盘
232,09:47:04,9.58,-0.01,2,1916,卖盘
233,09:47:09,9.59,0.01,10,9590,买盘
234,09:47:12,9.58,-0.01,6,5748,卖盘
235,09:47:15,9.58,0.0,31,29698,买盘
236,09:47:18,9.59,0.01,5,4791,中性盘
237,09:47:25,9.58,-0.01,11,10539,卖盘
238,09:47:28,9.58,0.0,2,1916,卖盘
239,09:47:33,9.58,0.0,5,4790,卖盘
240,09:47:57,9.58,0.0,7,6706,卖盘
241,09:48:03,9.58,0.0,26,24908,卖盘
242,09:48:09,9.58,0.0,6,5748,卖盘
243,09:48:18,9.58,0.0,49,46942,卖盘
244,09:48:27,9.58,0.0,2,1916,卖盘
245,09:48:30,9.58,0.0,8,7664,卖盘
246,09:48:33,9.58,0.0,2,1916,卖盘
247,09:48:36,9.58,0.0,21,20119,卖盘
248,09:48:45,9.58,0.0,11,10538,卖盘
249,09:48:48,9.59,0.01,1,959,买盘
250,09:48:57,9.58,-0.01,5,4790,卖盘
251,09:49:00,9.58,0.0,23,22054,卖盘
252,09:49:04,9.59,0.01,5,4795,买盘
253,09:49:12,9.58,-0.01,1,958,卖盘
254,09:49:21,9.58,0.0,12,11496,卖盘
255,09:49:24,9.57,-0.01,7,6699,卖盘
256,09:49:27,9.57,0.0,2,1914,卖盘
257,09:49:30,9.58,0.01,12,11496,买盘
258,09:49:36,9.57,-0.01,5,4785,卖盘
259,09:49:45,9.57,0.0,46,44022,卖盘
260,09:49:48,9.58,0.01,10,9580,买盘
261,09:49:58,9.57,-0.01,2,1914,卖盘
262,09:50:00,9.57,0.0,7,6699,卖盘
263,09:50:09,9.57,0.0,37,35420,卖盘
264,09:50:12,9.57,0.0,6,5742,卖盘
265,09:50:15,9.57,0.0,15,14355,卖盘
266,09:50:24,9.57,0.0,10,9570,卖盘
267,09:50:27,9.57,0.0,22,21054,卖盘
268,09:50:30,9.57,0.0,5,4785,卖盘
269,09:50:33,9.57,0.0,2,1914,卖盘
270,09:50:39,9.57,0.0,5,4785,卖盘
271,09:50:42,9.57,0.0,54,51678,卖盘
272,09:50:45,9.58,0.01,35,33530,买盘
273,09:50:48,9.57,-0.01,13,12441,卖盘
274,09:50:51,9.57,0.0,4,3828,买盘
275,09:50:57,9.56,-0.01,6,5736,卖盘
276,09:51:00,9.56,0.0,6,5741,卖盘
277,09:51:04,9.56,0.0,7,6692,卖盘
278,09:51:06,9.56,0.0,42,40152,卖盘
279,09:51:09,9.56,0.0,109,104154,卖盘
280,09:51:12,9.56,0.0,9,8604,卖盘
281,09:51:18,9.56,0.0,11,10516,买盘
282,09:51:24,9.55,-0.01,32,30590,卖盘
283,09:51:27,9.56,0.01,30,28680,买盘
284,09:51:31,9.55,-0.01,2,1910,卖盘
285,09:51:34,9.55,0.0,5,4775,卖盘
286,09:51:36,9.55,0.0,35,33425,卖盘
287,09:51:54,9.54,-0.01,45,42930,卖盘
288,09:51:57,9.54,0.0,7,6678,卖盘
289,09:52:03,9.54,0.0,12,11448,卖盘
290,09:52:09,9.55,0.01,138,131701,买盘
291,09:52:24,9.55,0.0,2,1910,卖盘
292,09:52:27,9.55,0.0,5,4775,卖盘
293,09:52:31,9.56,0.01,4,3824,买盘
294,09:52:33,9.56,0.0,5,4777,卖盘
295,09:52:39,9.55,-0.01,100,95533,卖盘
296,09:52:42,9.56,0.01,2,1912,中性盘
297,09:52:48,9.55,-0.01,34,32471,卖盘
298,09:52:51,9.55,0.0,9,8595,买盘
299,09:52:54,9.54,-0.01,4,3818,卖盘
300,09:52:57,9.54,0.0,4,3816,卖盘
301,09:53:04,9.54,0.0,2,1908,卖盘
302,09:53:06,9.54,0.0,1,954,卖盘
303,09:53:09,9.54,0.0,61,58254,卖盘
304,09:53:18,9.54,0.0,27,25758,卖盘
305,09:53:22,9.54,0.0,17,16218,买盘
306,09:53:24,9.54,0.0,100,95400,买盘
307,09:53:27,9.53,-0.01,7,6673,卖盘
308,09:53:30,9.53,0.0,7,6671,卖盘
309,09:53:33,9.53,0.0,21,20013,卖盘
310,09:53:36,9.54,0.01,20,19080,买盘
311,09:53:42,9.54,0.0,3,2862,买盘
312,09:54:00,9.53,-0.01,23,21919,卖盘
313,09:54:03,9.53,0.0,8,7624,卖盘
314,09:54:06,9.53,0.0,1,953,买盘
315,09:54:15,9.53,0.0,75,71475,卖盘
316,09:54:21,9.54,0.01,97,92538,买盘
317,09:54:24,9.54,0.0,2,1908,卖盘
318,09:54:27,9.54,0.0,1,954,卖盘
319,09:54:33,9.55,0.01,9,8588,买盘
320,09:54:37,9.53,-0.02,55,52415,卖盘
321,09:54:40,9.55,0.02,2,1910,买盘
322,09:54:54,9.54,-0.01,2,1908,卖盘
323,09:54:57,9.54,0.0,47,44838,卖盘
324,09:55:15,9.54,0.0,9,8586,买盘
325,09:55:21,9.54,0.0,26,24804,买盘
326,09:55:24,9.54,0.0,8,7632,买盘
327,09:55:28,9.53,-0.01,28,26705,卖盘
328,09:55:31,9.54,0.01,12,11448,买盘
329,09:55:42,9.55,0.01,2,1910,买盘
330,09:55:51,9.54,-0.01,5,4773,卖盘
331,09:55:54,9.54,0.0,56,53471,卖盘
332,09:56:04,9.57,0.03,1,957,买盘
333,09:56:24,9.56,-0.01,15,14408,买盘
334,09:56:27,9.56,0.0,12,11472,卖盘
335,09:56:39,9.57,0.01,5,4785,买盘
336,09:56:51,9.57,0.0,10,9570,买盘
337,09:56:54,9.57,0.0,7,6697,买盘
338,09:56:57,9.56,-0.01,6,5736,卖盘
339,09:57:00,9.57,0.01,3,2871,买盘
340,09:57:04,9.57,0.0,1,957,买盘
341,09:57:06,9.57,0.0,2,1914,买盘
342,09:57:21,9.56,-0.01,2,1912,卖盘
343,09:57:24,9.56,0.0,2,1912,卖盘
344,09:57:27,9.56,0.0,5,4780,卖盘
345,09:57:36,9.57,0.01,48,45936,买盘
346,09:57:39,9.57,0.0,5,4785,卖盘
347,09:57:42,9.57,0.0,31,29678,卖盘
348,09:57:45,9.58,0.01,46,44068,买盘
349,09:57:54,9.58,0.0,2,1916,卖盘
350,09:58:04,9.58,0.0,1,958,买盘
351,09:58:09,9.59,0.01,2,1918,买盘
352,09:58:12,9.57,-0.02,1,957,卖盘
353,09:58:21,9.58,0.01,2,1916,卖盘
354,09:58:25,9.58,0.0,2,1916,卖盘
355,09:58:33,9.58,0.0,28,26824,卖盘
356,09:58:42,9.57,-0.01,4,3828,卖盘
357,09:59:03,9.58,0.01,1,958,买盘
358,09:59:09,9.58,0.0,20,19160,买盘
359,09:59:13,9.58,0.0,1,958,买盘
360,09:59:18,9.58,0.0,1,958,买盘
361,09:59:24,9.58,0.0,10,9580,买盘
362,09:59:30,9.59,0.01,20,19180,买盘
363,09:59:36,9.59,0.0,1,959,买盘
364,09:59:39,9.58,-0.01,25,23950,卖盘
365,09:59:46,9.59,0.01,2,1918,买盘
366,09:59:52,9.59,0.0,100,95900,买盘
367,09:59:54,9.59,0.0,6,5754,买盘
368,10:00:00,9.59,0.0,7,6713,买盘
369,10:00:03,9.58,-0.01,12,11501,卖盘
370,10:00:21,9.59,0.01,2,1918,买盘
371,10:00:24,9.58,-0.01,48,45984,卖盘
372,10:00:30,9.58,0.0,4,3830,买盘
373,10:00:33,9.57,-0.01,34,32553,卖盘
374,10:00:43,9.57,0.0,13,12441,卖盘
375,10:00:48,9.57,0.0,2,1914,买盘
376,10:00:51,9.57,0.0,3,2871,卖盘
377,10:00:57,9.57,0.0,1,957,卖盘
378,10:01:00,9.57,0.0,40,38280,卖盘
379,10:01:06,9.57,0.0,5,4785,卖盘
380,10:01:12,9.57,0.0,4,3828,卖盘
381,10:01:15,9.57,0.0,7,6699,卖盘
382,10:01:22,9.57,0.0,10,9570,买盘
383,10:01:51,9.57,0.0,18,17226,买盘
384,10:02:09,9.58,0.01,1,958,买盘
385,10:02:51,9.58,0.0,2,1916,买盘
386,10:03:00,9.58,0.0,10,9580,买盘
387,10:03:03,9.58,0.0,5,4790,买盘
388,10:03:24,9.57,-0.01,10,9570,卖盘
389,10:03:37,9.57,0.0,1,957,卖盘
390,10:03:39,9.57,0.0,2,1914,卖盘
391,10:03:42,9.57,0.0,1,957,卖盘
392,10:03:45,9.57,0.0,29,27753,卖盘
393,10:04:04,9.57,0.0,1,957,买盘
394,10:04:06,9.56,-0.01,6,5736,卖盘
395,10:04:09,9.57,0.01,9,8605,买盘
396,10:04:12,9.56,-0.01,3,2868,卖盘
397,10:04:15,9.56,0.0,3,2868,卖盘
398,10:04:24,9.56,0.0,1,956,卖盘
399,10:04:27,9.56,0.0,30,28680,卖盘
400,10:04:48,9.56,0.0,182,173992,买盘
401,10:04:57,9.56,0.0,8,7648,卖盘
402,10:05:04,9.56,0.0,10,9560,卖盘
403,10:05:06,9.56,0.0,1,956,买盘
404,10:05:09,9.55,-0.01,25,23875,卖盘
405,10:05:19,9.56,0.01,80,76480,买盘
406,10:05:21,9.56,0.0,20,19120,卖盘
407,10:05:34,9.55,-0.01,2,1911,卖盘
408,10:05:40,9.56,0.01,22,21020,买盘
409,10:05:48,9.55,-0.01,23,21965,卖盘
410,10:05:51,9.55,0.0,9,8595,卖盘
411,10:06:12,9.55,0.0,77,73535,卖盘
412,10:06:21,9.55,0.0,1,955,买盘
413,10:06:24,9.55,0.0,20,19100,买盘
414,10:06:28,9.55,0.0,11,10505,买盘
415,10:06:45,9.55,0.0,11,10505,买盘
416,10:06:52,9.54,-0.01,10,9540,卖盘
417,10:07:09,9.55,0.01,18,17190,买盘
418,10:07:18,9.55,0.0,12,11460,买盘
419,10:07:21,9.55,0.0,15,14325,买盘
420,10:08:04,9.55,0.0,14,13370,买盘
421,10:08:06,9.55,0.0,23,21965,买盘
422,10:08:12,9.54,-0.01,20,19080,卖盘
423,10:08:33,9.55,0.01,31,29605,买盘
424,10:08:54,9.55,0.0,2,1910,买盘
425,10:09:18,9.55,0.0,20,19100,买盘
426,10:09:28,9.55,0.0,14,13370,买盘
427,10:09:39,9.55,0.0,20,19100,卖盘
428,10:09:54,9.55,0.0,89,84995,卖盘
429,10:10:00,9.55,0.0,11,10505,买盘
430,10:10:06,9.55,0.0,6,5730,卖盘
431,10:10:16,9.56,0.01,3,2868,买盘
432,10:10:24,9.56,0.0,25,23900,买盘
433,10:10:27,9.56,0.0,26,24856,买盘
434,10:10:30,9.56,0.0,7,6692,买盘
435,10:10:33,9.57,0.01,7,6695,买盘
436,10:11:00,9.57,0.0,5,4785,买盘
437,10:11:04,9.57,0.0,2,1914,买盘
438,10:11:12,9.57,0.0,10,9570,买盘
439,10:11:30,9.56,-0.01,20,19120,卖盘
440,10:11:33,9.59,0.03,203,194488,买盘
441,10:11:36,9.59,0.0,24,23016,卖盘
442,10:11:48,9.59,0.0,7,6713,买盘
443,10:12:00,9.59,0.0,2,1918,买盘
444,10:12:46,9.59,0.0,5,4795,买盘
445,10:12:54,9.58,-0.01,2,1916,卖盘
446,10:13:00,9.58,0.0,4,3832,卖盘
447,10:13:12,9.58,0.0,2,1916,买盘
448,10:13:33,9.57,-0.01,10,9570,卖盘
449,10:13:45,9.57,0.0,10,9570,卖盘
450,10:13:54,9.57,0.0,13,12441,卖盘
451,10:14:03,9.57,0.0,17,16269,买盘
452,10:14:15,9.56,-0.01,1,956,卖盘
453,10:14:54,9.56,0.0,8,7648,卖盘
454,10:14:58,9.56,0.0,7,6692,卖盘
455,10:15:00,9.56,0.0,4,3824,卖盘
456,10:15:03,9.56,0.0,3,2868,卖盘
457,10:15:06,9.56,0.0,8,7648,卖盘
458,10:15:30,9.55,-0.01,46,43930,卖盘
459,10:15:33,9.55,0.0,17,16235,卖盘
460,10:15:36,9.55,0.0,6,5730,卖盘
461,10:15:40,9.54,-0.01,7,6678,卖盘
462,10:15:42,9.54,0.0,2,1908,卖盘
463,10:15:46,9.54,0.0,10,9540,卖盘
464,10:15:54,9.54,0.0,2,1908,卖盘
465,10:16:00,9.55,0.01,21,20055,买盘
466,10:16:52,9.54,-0.01,100,95400,卖盘
467,10:16:55,9.54,0.0,67,63918,卖盘
468,10:17:21,9.53,-0.01,9,8577,卖盘
469,10:17:39,9.53,0.0,10,9530,卖盘
470,10:17:43,9.53,0.0,8,7624,卖盘
471,10:17:48,9.53,0.0,21,20013,卖盘
472,10:17:54,9.54,0.01,4,3816,买盘
473,10:18:15,9.54,0.0,62,59148,买盘
474,10:18:18,9.54,0.0,2,1908,买盘
475,10:18:22,9.53,-0.01,2,1906,卖盘
476,10:18:27,9.53,0.0,10,9530,卖盘
477,10:18:30,9.54,0.01,22,20988,买盘
478,10:18:42,9.54,0.0,5,4770,买盘
479,10:18:48,9.53,-0.01,38,36214,卖盘
480,10:18:57,9.53,0.0,3,2859,卖盘
481,10:19:00,9.52,-0.01,184,175307,卖盘
482,10:19:04,9.52,0.0,1,952,卖盘
483,10:19:06,9.52,0.0,10,9520,卖盘
484,10:19:13,9.52,0.0,24,22848,卖盘
485,10:19:16,9.52,0.0,9,8568,卖盘
486,10:19:19,9.51,-0.01,17,16167,卖盘
487,10:19:24,9.51,0.0,2,1902,卖盘
488,10:19:57,9.52,0.01,1,952,卖盘
489,10:20:03,9.52,0.0,5,4760,卖盘
490,10:20:19,9.52,0.0,4,3808,卖盘
491,10:20:36,9.53,0.01,23,21908,买盘
492,10:20:46,9.52,-0.01,11,10472,卖盘
493,10:21:00,9.53,0.01,4,3812,买盘
494,10:21:24,9.52,-0.01,17,16184,卖盘
495,10:21:43,9.52,0.0,4,3808,卖盘
496,10:21:51,9.52,0.0,10,9520,卖盘
497,10:22:00,9.53,0.01,52,49554,买盘
498,10:22:06,9.52,-0.01,10,9520,卖盘
499,10:22:09,9.52,0.0,36,34272,卖盘
500,10:22:18,9.51,-0.01,27,25677,卖盘
501,10:22:21,9.51,0.0,17,16167,卖盘
502,10:22:34,9.51,0.0,10,9510,卖盘
503,10:22:55,9.51,0.0,49,46599,卖盘
504,10:23:00,9.51,0.0,25,23785,卖盘
505,10:23:04,9.51,0.0,9,8559,卖盘
506,10:23:06,9.51,0.0,42,39942,卖盘
507,10:23:09,9.51,0.0,3,2853,卖盘
508,10:23:12,9.51,0.0,2,1902,卖盘
509,10:23:15,9.5,-0.01,64,60863,卖盘
510,10:23:18,9.51,0.01,8,7608,买盘
511,10:23:21,9.5,-0.01,31,29450,卖盘
512,10:23:30,9.51,0.01,6,5706,买盘
513,10:23:33,9.5,-0.01,387,367650,卖盘
514,10:23:36,9.5,0.0,20,19000,卖盘
515,10:23:39,9.5,0.0,27,25650,卖盘
516,10:23:42,9.5,0.0,32,30400,卖盘
517,10:23:45,9.5,0.0,29,27550,卖盘
518,10:23:55,9.49,-0.01,5,4745,卖盘
519,10:23:57,9.49,0.0,11,10439,卖盘
520,10:24:03,9.49,0.0,16,15184,卖盘
521,10:24:06,9.49,0.0,1,949,卖盘
522,10:24:15,9.5,0.01,75,71250,买盘
523,10:24:33,9.5,0.0,6,5700,买盘
524,10:24:36,9.49,-0.01,7,6643,卖盘
525,10:24:39,9.5,0.01,1,950,买盘
526,10:24:42,9.5,0.0,53,50350,买盘
527,10:24:45,9.5,0.0,4,3800,买盘
528,10:24:48,9.5,0.0,17,16150,买盘
529,10:25:30,9.5,0.0,45,42793,卖盘
530,10:25:39,9.51,0.01,33,31383,买盘
531,10:25:45,9.51,0.0,23,21873,买盘
532,10:25:54,9.52,0.01,14,13328,买盘
533,10:25:57,9.53,0.01,10,9529,买盘
534,10:26:00,9.51,-0.02,2,1902,卖盘
535,10:27:03,9.52,0.01,2,1904,买盘
536,10:27:10,9.51,-0.01,26,24726,卖盘
537,10:27:21,9.52,0.01,33,31416,买盘
538,10:27:51,9.52,0.0,14,13328,买盘
539,10:28:06,9.52,0.0,1,952,买盘
540,10:28:09,9.52,0.0,5,4760,买盘
541,10:28:30,9.53,0.01,20,19060,买盘
542,10:28:36,9.53,0.0,10,9530,买盘
543,10:29:09,9.54,0.01,10,9540,买盘
544,10:29:36,9.54,0.0,20,19080,买盘
545,10:29:51,9.54,0.0,51,48654,买盘
546,10:29:57,9.54,0.0,2,1908,买盘
547,10:30:06,9.54,0.0,7,6678,买盘
548,10:30:18,9.54,0.0,20,19080,买盘
549,10:30:24,9.54,0.0,29,27666,买盘
550,10:30:27,9.54,0.0,9,8586,买盘
551,10:30:42,9.53,-0.01,16,15248,卖盘
552,10:30:57,9.53,0.0,19,18107,卖盘
553,10:31:00,9.53,0.0,11,10483,卖盘
554,10:31:13,9.53,0.0,25,23825,卖盘
555,10:31:18,9.53,0.0,77,73381,卖盘
556,10:31:24,9.53,0.0,1,953,卖盘
557,10:31:27,9.53,0.0,4,3812,卖盘
558,10:31:33,9.53,0.0,1,953,卖盘
559,10:31:36,9.53,0.0,4,3812,卖盘
560,10:32:16,9.53,0.0,5,4765,卖盘
561,10:32:21,9.53,0.0,7,6671,卖盘
562,10:32:40,9.54,0.01,59,56286,买盘
563,10:33:04,9.54,0.0,5,4770,买盘
564,10:33:21,9.54,0.0,15,14310,卖盘
565,10:33:24,9.55,0.01,24,22915,买盘
566,10:33:27,9.55,0.0,11,10505,卖盘
567,10:33:42,9.53,-0.02,6,5718,卖盘
568,10:34:22,9.54,0.01,10,9540,买盘
569,10:34:46,9.53,-0.01,1,953,卖盘
570,10:35:03,9.53,0.0,8,7624,卖盘
571,10:35:06,9.53,0.0,20,19060,卖盘
572,10:35:10,9.53,0.0,12,11436,卖盘
573,10:35:12,9.53,0.0,1,953,卖盘
574,10:35:36,9.53,0.0,1,953,买盘
575,10:36:06,9.52,-0.01,8,7623,卖盘
576,10:36:21,9.53,0.01,2,1906,买盘
577,10:36:24,9.52,-0.01,30,28560,卖盘
578,10:36:48,9.52,0.0,75,71400,卖盘
579,10:36:51,9.53,0.01,3,2859,买盘
580,10:37:06,9.52,-0.01,10,9520,卖盘
581,10:37:30,9.53,0.01,9,8577,买盘
582,10:37:36,9.53,0.0,17,16201,买盘
583,10:37:39,9.53,0.0,17,16201,买盘
584,10:37:45,9.53,0.0,6,5722,卖盘
585,10:37:55,9.54,0.01,100,95400,买盘
586,10:37:57,9.54,0.0,54,51516,买盘
587,10:38:00,9.55,0.01,9,8595,买盘
588,10:38:03,9.56,0.01,18,17208,买盘
589,10:38:06,9.57,0.01,22,21054,买盘
590,10:38:09,9.58,0.01,19,18202,买盘
591,10:38:12,9.58,0.0,13,12454,买盘
592,10:38:15,9.58,0.0,7,6706,买盘
593,10:38:19,9.58,0.0,15,14370,买盘
594,10:38:48,9.58,0.0,19,18200,买盘
595,10:38:51,9.57,-0.01,1,957,卖盘
596,10:38:54,9.57,0.0,15,14355,卖盘
597,10:39:09,9.57,0.0,4,3828,买盘
598,10:39:12,9.57,0.0,16,15312,卖盘
599,10:39:15,9.56,-0.01,1,956,卖盘
600,10:39:21,9.56,0.0,19,18164,卖盘
601,10:39:48,9.56,0.0,56,53503,买盘
602,10:39:54,9.55,-0.01,3,2865,卖盘
603,10:39:57,9.53,-0.02,17,16227,卖盘
604,10:40:13,9.52,-0.01,7,6665,卖盘
605,10:41:15,9.53,0.01,1,953,卖盘
606,10:41:18,9.54,0.01,1,954,买盘
607,10:41:21,9.54,0.0,2,1908,卖盘
608,10:41:37,9.54,0.0,17,16218,买盘
609,10:41:42,9.54,0.0,1,954,卖盘
610,10:41:54,9.54,0.0,1,954,卖盘
611,10:42:18,9.54,0.0,1,954,卖盘
612,10:42:57,9.54,0.0,4,3816,卖盘
613,10:43:00,9.54,0.0,21,20034,卖盘
614,10:43:04,9.53,-0.01,4,3812,卖盘
615,10:43:06,9.53,0.0,7,6671,卖盘
616,10:43:25,9.53,0.0,1,953,卖盘
617,10:43:27,9.53,0.0,3,2859,卖盘
618,10:43:33,9.53,0.0,56,53368,卖盘
619,10:43:39,9.53,0.0,1,953,卖盘
620,10:43:45,9.53,0.0,1,953,卖盘
621,10:43:48,9.53,0.0,1,953,卖盘
622,10:43:51,9.53,0.0,2,1906,卖盘
623,10:43:54,9.53,0.0,15,14295,卖盘
624,10:43:57,9.53,0.0,2,1906,卖盘
625,10:44:00,9.53,0.0,2,1906,卖盘
626,10:44:15,9.53,0.0,5,4765,卖盘
627,10:44:18,9.53,0.0,33,31449,卖盘
628,10:44:22,9.53,0.0,7,6671,卖盘
629,10:44:25,9.53,0.0,5,4765,卖盘
630,10:44:27,9.53,0.0,1,953,卖盘
631,10:44:42,9.52,-0.01,5,4760,卖盘
632,10:44:45,9.52,0.0,10,9520,卖盘
633,10:44:54,9.52,0.0,7,6664,卖盘
634,10:44:57,9.52,0.0,10,9520,卖盘
635,10:45:00,9.52,0.0,5,4760,卖盘
636,10:45:04,9.52,0.0,11,10472,卖盘
637,10:45:06,9.52,0.0,28,26656,卖盘
638,10:45:09,9.52,0.0,4,3808,卖盘
639,10:45:12,9.52,0.0,3,2856,卖盘
640,10:45:15,9.52,0.0,49,46648,卖盘
641,10:45:18,9.51,-0.01,8,7608,卖盘
642,10:45:21,9.51,0.0,2,1902,卖盘
643,10:45:24,9.51,0.0,9,8559,卖盘
644,10:45:27,9.51,0.0,9,8559,卖盘
645,10:45:30,9.51,0.0,9,8559,卖盘
646,10:45:33,9.51,0.0,1,951,卖盘
647,10:45:43,9.51,0.0,9,8559,卖盘
648,10:45:45,9.51,0.0,3,2853,卖盘
649,10:45:48,9.51,0.0,62,58962,卖盘
650,10:45:51,9.51,0.0,14,13314,卖盘
651,10:45:57,9.51,0.0,7,6657,买盘
652,10:46:03,9.51,0.0,23,21873,买盘
653,10:46:45,9.5,-0.01,94,89300,卖盘
654,10:47:01,9.5,0.0,26,24700,卖盘
655,10:47:06,9.5,0.0,17,16155,卖盘
656,10:47:09,9.5,0.0,5,4750,卖盘
657,10:47:18,9.51,0.01,9,8559,买盘
658,10:47:24,9.5,-0.01,32,30400,卖盘
659,10:47:34,9.51,0.01,60,57060,买盘
660,10:47:54,9.51,0.0,3,2853,买盘
661,10:48:12,9.5,-0.01,1,950,卖盘
662,10:48:30,9.5,0.0,1,950,卖盘
663,10:48:58,9.5,0.0,10,9500,卖盘
664,10:49:06,9.5,0.0,4,3800,卖盘
665,10:49:18,9.5,0.0,10,9500,卖盘
666,10:49:21,9.5,0.0,14,13300,卖盘
667,10:49:33,9.5,0.0,2,1900,卖盘
668,10:49:39,9.5,0.0,7,6650,卖盘
669,10:49:48,9.5,0.0,34,32300,卖盘
670,10:49:51,9.5,0.0,53,50350,卖盘
671,10:49:54,9.5,0.0,71,67450,卖盘
672,10:49:57,9.5,0.0,6,5700,卖盘
673,10:50:18,9.5,0.0,33,31350,卖盘
674,10:50:24,9.49,-0.01,5,4745,卖盘
675,10:50:36,9.49,0.0,10,9490,卖盘
676,10:50:42,9.49,0.0,8,7592,卖盘
677,10:50:45,9.49,0.0,9,8541,卖盘
678,10:50:48,9.49,0.0,13,12337,卖盘
679,10:50:51,9.49,0.0,2,1898,卖盘
680,10:50:54,9.49,0.0,6,5694,卖盘
681,10:51:04,9.49,0.0,1,949,卖盘
682,10:51:22,9.49,0.0,9,8541,卖盘
683,10:51:24,9.49,0.0,12,11388,卖盘
684,10:51:42,9.49,0.0,35,33215,卖盘
685,10:51:48,9.49,0.0,1,949,卖盘
686,10:52:06,9.49,0.0,1,949,卖盘
687,10:52:18,9.49,0.0,100,94900,卖盘
688,10:52:21,9.48,-0.01,1,948,卖盘
689,10:52:27,9.5,0.02,51,48435,买盘
690,10:52:51,9.49,-0.01,2,1898,买盘
691,10:53:00,9.48,-0.01,17,16116,卖盘
692,10:53:07,9.49,0.01,9,8541,买盘
693,10:53:09,9.49,0.0,1,949,卖盘
694,10:53:12,9.49,0.0,1,949,卖盘
695,10:53:15,9.49,0.0,3,2847,卖盘
696,10:53:18,9.49,0.0,11,10439,卖盘
697,10:53:21,9.49,0.0,1,949,卖盘
698,10:53:42,9.49,0.0,1,949,卖盘
699,10:53:45,9.49,0.0,1,949,卖盘
700,10:53:48,9.49,0.0,1,949,卖盘
701,10:53:51,9.49,0.0,1,949,卖盘
702,10:54:09,9.49,0.0,1,949,卖盘
703,10:54:12,9.49,0.0,1,949,卖盘
704,10:54:36,9.49,0.0,10,9490,卖盘
705,10:54:42,9.5,0.01,81,76950,买盘
706,10:55:04,9.51,0.01,19,18068,买盘
707,10:55:48,9.49,-0.02,1,949,卖盘
708,10:56:06,9.51,0.02,2,1901,买盘
709,10:56:09,9.5,-0.01,1,950,卖盘
710,10:56:19,9.49,-0.01,1,949,卖盘
711,10:56:21,9.49,0.0,1,949,卖盘
712,10:56:30,9.5,0.01,21,19950,买盘
713,10:56:51,9.51,0.01,22,20922,买盘
714,10:57:09,9.51,0.0,11,10461,买盘
715,10:57:48,9.5,-0.01,33,31350,卖盘
716,10:57:57,9.5,0.0,32,30400,卖盘
717,10:58:00,9.5,0.0,1,950,卖盘
718,10:58:09,9.5,0.0,100,95000,卖盘
719,10:58:15,9.51,0.01,3,2853,买盘
720,10:58:18,9.5,-0.01,10,9500,卖盘
721,10:58:33,9.5,0.0,3,2850,卖盘
722,10:58:36,9.5,0.0,2,1900,卖盘
723,10:58:39,9.5,0.0,21,19950,卖盘
724,10:58:42,9.49,-0.01,3,2847,卖盘
725,10:58:48,9.49,0.0,1,949,卖盘
726,10:58:51,9.5,0.01,5,4750,买盘
727,10:58:54,9.49,-0.01,48,45592,卖盘
728,10:59:04,9.5,0.01,10,9500,买盘
729,10:59:07,9.5,0.0,9,8549,买盘
730,10:59:36,9.5,0.0,10,9500,买盘
731,10:59:48,9.49,-0.01,1,949,卖盘
732,10:59:58,9.49,0.0,10,9490,卖盘
733,11:00:01,9.49,0.0,5,4745,卖盘
734,11:00:04,9.49,0.0,43,40842,卖盘
735,11:00:06,9.49,0.0,1,949,卖盘
736,11:00:18,9.5,0.01,30,28500,买盘
737,11:00:27,9.49,-0.01,1,949,卖盘
738,11:01:01,9.49,0.0,80,75920,卖盘
739,11:01:16,9.49,0.0,1,949,卖盘
740,11:01:19,9.49,0.0,1,949,卖盘
741,11:01:22,9.49,0.0,1,949,卖盘
742,11:01:39,9.49,0.0,20,18980,卖盘
743,11:01:45,9.49,0.0,5,4745,卖盘
744,11:01:48,9.49,0.0,2,1898,卖盘
745,11:01:54,9.5,0.01,1,950,买盘
746,11:02:36,9.49,-0.01,5,4745,卖盘
747,11:02:49,9.5,0.01,1,950,买盘
748,11:02:51,9.48,-0.02,5,4740,卖盘
749,11:03:00,9.48,0.0,18,17064,卖盘
750,11:03:06,9.48,0.0,1,948,卖盘
751,11:03:18,9.48,0.0,1,948,卖盘
752,11:03:30,9.48,0.0,3,2844,卖盘
753,11:03:33,9.48,0.0,6,5688,卖盘
754,11:03:48,9.48,0.0,18,17064,卖盘
755,11:04:01,9.48,0.0,17,16116,卖盘
756,11:04:04,9.48,0.0,5,4740,卖盘
757,11:04:06,9.48,0.0,11,10428,卖盘
758,11:04:09,9.48,0.0,19,18012,卖盘
759,11:04:12,9.48,0.0,17,16116,卖盘
760,11:04:15,9.48,0.0,20,18960,卖盘
761,11:04:18,9.48,0.0,26,24648,卖盘
762,11:04:22,9.48,0.0,24,22752,卖盘
763,11:04:24,9.48,0.0,33,31284,卖盘
764,11:04:27,9.48,0.0,32,30336,卖盘
765,11:04:30,9.48,0.0,19,18012,卖盘
766,11:04:33,9.48,0.0,25,23700,卖盘
767,11:04:36,9.48,0.0,15,14220,卖盘
768,11:04:39,9.48,0.0,8,7584,卖盘
769,11:04:42,9.48,0.0,7,6636,卖盘
770,11:04:45,9.48,0.0,6,5688,卖盘
771,11:04:48,9.48,0.0,5,4740,卖盘
772,11:04:51,9.48,0.0,14,13282,卖盘
773,11:04:54,9.48,0.0,25,23700,卖盘
774,11:05:09,9.48,0.0,11,10427,买盘
775,11:05:51,9.47,-0.01,2,1895,卖盘
776,11:06:04,9.48,0.01,9,8532,买盘
777,11:06:21,9.48,0.0,44,41712,买盘
778,11:06:36,9.49,0.01,1,949,买盘
779,11:06:57,9.49,0.0,10,9490,买盘
780,11:07:03,9.49,0.0,4,3796,买盘
781,11:07:10,9.49,0.0,6,5694,买盘
782,11:07:13,9.49,0.0,1,949,卖盘
783,11:07:45,9.5,0.01,1,950,买盘
784,11:08:30,9.48,-0.02,1,948,卖盘
785,11:08:33,9.49,0.01,7,6642,买盘
786,11:08:36,9.49,0.0,1,949,卖盘
787,11:08:39,9.49,0.0,1,949,卖盘
788,11:08:42,9.49,0.0,1,949,卖盘
789,11:08:45,9.49,0.0,1,949,卖盘
790,11:09:15,9.49,0.0,5,4745,买盘
791,11:09:21,9.49,0.0,7,6643,买盘
792,11:09:24,9.49,0.0,1,949,卖盘
793,11:09:36,9.49,0.0,5,4745,买盘
794,11:09:51,9.49,0.0,1,949,卖盘
795,11:10:00,9.49,0.0,30,28470,卖盘
796,11:10:54,9.49,0.0,10,9490,买盘
797,11:11:06,9.49,0.0,5,4745,买盘
798,11:11:18,9.48,-0.01,1,948,卖盘
799,11:11:24,9.49,0.01,5,4745,买盘
800,11:11:39,9.49,0.0,2,1898,买盘
801,11:11:42,9.48,-0.01,27,25596,卖盘
802,11:11:45,9.48,0.0,15,14234,卖盘
803,11:11:51,9.49,0.01,49,46501,买盘
804,11:12:06,9.49,0.0,1,949,卖盘
805,11:12:09,9.49,0.0,101,95949,卖盘
806,11:12:12,9.5,0.01,24,22800,买盘
807,11:12:15,9.51,0.01,13,12363,买盘
808,11:12:18,9.51,0.0,7,6657,买盘
809,11:12:21,9.51,0.0,7,6657,买盘
810,11:12:37,9.5,-0.01,1,950,卖盘
811,11:12:40,9.5,0.0,4,3800,卖盘
812,11:12:45,9.5,0.0,16,15200,买盘
813,11:12:48,9.5,0.0,1,950,卖盘
814,11:12:51,9.5,0.0,1,950,卖盘
815,11:12:54,9.5,0.0,1,950,卖盘
816,11:12:57,9.5,0.0,1,950,卖盘
817,11:13:00,9.5,0.0,1,950,卖盘
818,11:13:04,9.5,0.0,1,950,卖盘
819,11:13:06,9.5,0.0,1,950,卖盘
820,11:13:10,9.5,0.0,1,950,卖盘
821,11:13:54,9.49,-0.01,1,949,卖盘
822,11:13:57,9.49,0.0,1,949,卖盘
823,11:14:06,9.49,0.0,1,949,卖盘
824,11:14:33,9.49,0.0,2,1898,卖盘
825,11:14:36,9.49,0.0,7,6643,卖盘
826,11:14:39,9.49,0.0,1,949,卖盘
827,11:14:42,9.49,0.0,1,949,卖盘
828,11:14:51,9.49,0.0,1,949,卖盘
829,11:14:54,9.49,0.0,1,949,卖盘
830,11:15:18,9.49,0.0,1,949,卖盘
831,11:16:12,9.49,0.0,1,949,卖盘
832,11:16:21,9.49,0.0,66,62634,卖盘
833,11:16:30,9.49,0.0,15,14235,买盘
834,11:16:33,9.49,0.0,13,12337,买盘
835,11:16:36,9.49,0.0,3,2849,卖盘
836,11:16:40,9.5,0.01,3,2850,买盘
837,11:16:46,9.5,0.0,23,21850,买盘
838,11:16:57,9.5,0.0,7,6650,买盘
839,11:17:00,9.5,0.0,4,3800,买盘
840,11:17:04,9.5,0.0,11,10450,买盘
841,11:17:12,9.5,0.0,6,5700,买盘
842,11:17:18,9.5,0.0,7,6650,买盘
843,11:17:33,9.5,0.0,13,12350,卖盘
844,11:17:36,9.49,-0.01,9,8541,卖盘
845,11:17:39,9.5,0.01,15,14250,买盘
846,11:18:01,9.49,-0.01,1,949,卖盘
847,11:18:04,9.49,0.0,1,949,卖盘
848,11:18:13,9.5,0.01,17,16150,买盘
849,11:18:18,9.49,-0.01,19,18031,卖盘
850,11:18:54,9.49,0.0,19,18031,卖盘
851,11:19:21,9.49,0.0,1,949,卖盘
852,11:20:09,9.49,0.0,1,949,卖盘
853,11:20:12,9.49,0.0,10,9490,卖盘
854,11:20:36,9.5,0.01,1,950,买盘
855,11:20:42,9.49,-0.01,1,949,卖盘
856,11:21:13,9.5,0.01,36,34200,买盘
857,11:21:33,9.49,-0.01,10,9490,卖盘
858,11:21:36,9.49,0.0,1,949,卖盘
859,11:22:04,9.5,0.01,2,1899,买盘
860,11:22:09,9.5,0.0,3,2850,买盘
861,11:23:06,9.5,0.0,1,950,买盘
862,11:23:21,9.5,0.0,21,19949,买盘
863,11:23:24,9.5,0.0,2,1900,买盘
864,11:23:36,9.49,-0.01,10,9490,卖盘
865,11:23:42,9.5,0.01,20,19000,买盘
866,11:23:48,9.5,0.0,10,9500,买盘
867,11:24:12,9.49,-0.01,1,949,卖盘
868,11:24:39,9.49,0.0,1,949,卖盘
869,11:24:48,9.49,0.0,2,1898,卖盘
870,11:25:15,9.49,0.0,3,2847,卖盘
871,11:25:18,9.49,0.0,1,949,卖盘
872,11:25:27,9.49,0.0,1,949,卖盘
873,11:25:33,9.49,0.0,13,12337,卖盘
874,11:25:45,9.5,0.01,202,191609,买盘
875,11:25:48,9.48,-0.02,11,10448,卖盘
876,11:26:06,9.48,0.0,1,948,卖盘
877,11:26:21,9.5,0.02,1,950,买盘
878,11:27:27,9.48,-0.02,1,948,卖盘
879,11:27:30,9.49,0.01,21,19929,买盘
880,11:27:48,9.49,0.0,3,2847,卖盘
881,11:28:12,9.49,0.0,37,35113,卖盘
882,11:28:27,9.49,0.0,20,18980,卖盘
883,11:28:49,9.49,0.0,1,949,卖盘
884,11:29:03,9.49,0.0,13,12337,卖盘
885,11:29:06,9.5,0.01,9,8543,买盘
886,11:29:12,9.49,-0.01,1,949,卖盘
887,11:29:15,9.5,0.01,12,11400,买盘
888,11:29:21,9.5,0.0,8,7600,买盘
889,13:00:04,9.51,0.01,70,66568,买盘
890,13:00:06,9.51,0.0,12,11412,卖盘
891,13:00:09,9.51,0.0,1,951,卖盘
892,13:00:21,9.52,0.01,7,6664,买盘
893,13:01:15,9.52,0.0,5,4760,买盘
894,13:01:24,9.51,-0.01,1,951,卖盘
895,13:01:27,9.51,0.0,1,951,卖盘
896,13:01:30,9.51,0.0,1,951,卖盘
897,13:01:33,9.51,0.0,1,951,卖盘
898,13:01:36,9.51,0.0,1,951,卖盘
899,13:01:39,9.51,0.0,1,951,卖盘
900,13:01:42,9.51,0.0,1,951,卖盘
901,13:01:45,9.5,-0.01,32,30420,卖盘
902,13:01:48,9.5,0.0,1,950,卖盘
903,13:01:51,9.5,0.0,4,3800,卖盘
904,13:01:54,9.5,0.0,9,8550,卖盘
905,13:01:57,9.5,0.0,3,2850,卖盘
906,13:02:12,9.5,0.0,9,8550,卖盘
907,13:02:21,9.5,0.0,10,9500,卖盘
908,13:03:06,9.5,0.0,11,10450,卖盘
909,13:03:31,9.5,0.0,58,55100,卖盘
910,13:04:00,9.5,0.0,112,106400,卖盘
911,13:04:15,9.52,0.02,3,2854,买盘
912,13:04:18,9.5,-0.02,4,3800,卖盘
913,13:04:30,9.5,0.0,3,2850,卖盘
914,13:04:33,9.5,0.0,5,4750,卖盘
915,13:04:39,9.52,0.02,13,12376,买盘
916,13:05:06,9.51,-0.01,9,8559,中性盘
917,13:05:57,9.51,0.0,4,3804,买盘
918,13:06:09,9.5,-0.01,41,38950,卖盘
919,13:06:12,9.51,0.01,5,4755,买盘
920,13:06:36,9.51,0.0,8,7608,买盘
921,13:07:00,9.5,-0.01,20,19000,卖盘
922,13:07:06,9.5,0.0,16,15200,卖盘
923,13:07:10,9.5,0.0,1,950,卖盘
924,13:07:15,9.5,0.0,18,17100,卖盘
925,13:07:33,9.5,0.0,10,9500,卖盘
926,13:07:39,9.5,0.0,1,950,卖盘
927,13:07:51,9.51,0.01,15,14265,买盘
928,13:07:57,9.5,-0.01,111,105464,卖盘
929,13:08:33,9.49,-0.01,11,10439,卖盘
930,13:08:51,9.49,0.0,5,4745,卖盘
931,13:08:57,9.49,0.0,35,33215,卖盘
932,13:09:06,9.49,0.0,42,39888,卖盘
933,13:09:27,9.49,0.0,7,6643,卖盘
934,13:09:51,9.49,0.0,20,18980,卖盘
935,13:09:57,9.49,0.0,93,88257,卖盘
936,13:10:00,9.49,0.0,5,4745,卖盘
937,13:10:12,9.49,0.0,3,2847,卖盘
938,13:10:15,9.49,0.0,1,949,卖盘
939,13:10:24,9.49,0.0,10,9490,卖盘
940,13:10:39,9.5,0.01,7,6650,买盘
941,13:10:42,9.5,0.0,3,2850,买盘
942,13:10:45,9.5,0.0,30,28500,买盘
943,13:10:48,9.5,0.0,20,19000,买盘
944,13:10:51,9.5,0.0,2,1900,买盘
945,13:11:00,9.5,0.0,11,10450,买盘
946,13:11:06,9.5,0.0,11,10450,卖盘
947,13:11:15,9.5,0.0,18,17100,卖盘
948,13:11:21,9.5,0.0,15,14250,卖盘
949,13:11:28,9.51,0.01,8,7608,买盘
950,13:12:06,9.51,0.0,19,18069,买盘
951,13:12:39,9.51,0.0,40,38040,买盘
952,13:12:57,9.5,-0.01,26,24700,卖盘
953,13:13:21,9.5,0.0,9,8550,卖盘
954,13:13:48,9.5,0.0,27,25650,买盘
955,13:13:58,9.5,0.0,12,11400,买盘
956,13:14:27,9.5,0.0,2,1900,卖盘
957,13:14:30,9.5,0.0,1,950,卖盘
958,13:14:48,9.5,0.0,21,19950,卖盘
959,13:15:06,9.5,0.0,22,20900,卖盘
960,13:15:10,9.5,0.0,1,950,卖盘
961,13:15:24,9.5,0.0,4,3800,卖盘
962,13:15:28,9.5,0.0,40,38000,卖盘
963,13:15:30,9.5,0.0,2,1900,卖盘
964,13:15:57,9.5,0.0,2,1900,卖盘
965,13:16:09,9.5,0.0,1,950,卖盘
966,13:17:06,9.5,0.0,12,11400,卖盘
967,13:17:12,9.5,0.0,1,950,卖盘
968,13:17:24,9.5,0.0,40,38000,卖盘
969,13:17:45,9.5,0.0,20,19000,卖盘
970,13:17:51,9.51,0.01,63,59913,买盘
971,13:17:57,9.51,0.0,1,951,卖盘
972,13:18:12,9.51,0.0,3,2853,卖盘
973,13:18:33,9.5,-0.01,31,29450,卖盘
974,13:18:45,9.5,0.0,19,18050,卖盘
975,13:18:48,9.5,0.0,30,28500,卖盘
976,13:18:51,9.5,0.0,4,3800,卖盘
977,13:18:54,9.49,-0.01,4,3796,卖盘
978,13:19:06,9.49,0.0,11,10439,卖盘
979,13:19:12,9.49,0.0,12,11388,卖盘
980,13:19:18,9.49,0.0,8,7592,卖盘
981,13:19:22,9.49,0.0,9,8541,卖盘
982,13:19:24,9.49,0.0,1,949,卖盘
983,13:19:27,9.49,0.0,1,949,卖盘
984,13:20:33,9.49,0.0,1,949,卖盘
985,13:20:42,9.49,0.0,5,4745,卖盘
986,13:20:45,9.48,-0.01,231,219026,卖盘
987,13:21:00,9.48,0.0,59,55932,卖盘
988,13:21:03,9.48,0.0,26,24648,卖盘
989,13:21:21,9.47,-0.01,2,1894,卖盘
990,13:21:30,9.47,0.0,2,1894,卖盘
991,13:21:33,9.48,0.01,14,13272,买盘
992,13:21:51,9.47,-0.01,2,1894,卖盘
993,13:21:55,9.47,0.0,19,17993,卖盘
994,13:22:04,9.47,0.0,4,3788,卖盘
995,13:22:06,9.47,0.0,2,1894,卖盘
996,13:22:12,9.48,0.01,14,13272,买盘
997,13:22:21,9.48,0.0,1,948,卖盘
998,13:22:48,9.48,0.0,11,10428,卖盘
999,13:22:57,9.49,0.01,3,2847,买盘
1000,13:23:27,9.48,-0.01,1,948,卖盘
1001,13:23:33,9.49,0.01,5,4745,买盘
1002,13:24:04,9.48,-0.01,3,2844,卖盘
1003,13:24:10,9.49,0.01,14,13286,买盘
1004,13:24:27,9.49,0.0,2,1898,卖盘
1005,13:24:33,9.49,0.0,16,15184,卖盘
1006,13:25:07,9.49,0.0,33,31317,卖盘
1007,13:25:21,9.49,0.0,8,7592,卖盘
1008,13:25:30,9.5,0.01,1,950,买盘
1009,13:25:36,9.5,0.0,11,10450,买盘
1010,13:25:51,9.49,-0.01,9,8541,卖盘
1011,13:26:15,9.49,0.0,5,4745,卖盘
1012,13:26:18,9.49,0.0,2,1898,卖盘
1013,13:26:27,9.5,0.01,8,7600,买盘
1014,13:27:09,9.49,-0.01,1,949,卖盘
1015,13:27:12,9.49,0.0,10,9490,卖盘
1016,13:27:15,9.48,-0.01,2,1896,卖盘
1017,13:27:42,9.48,0.0,2,1896,卖盘
1018,13:28:00,9.48,0.0,18,17064,卖盘
1019,13:28:30,9.47,-0.01,1,947,卖盘
1020,13:28:33,9.47,0.0,10,9476,卖盘
1021,13:29:04,9.47,0.0,63,59661,卖盘
1022,13:29:06,9.46,-0.01,4,3784,卖盘
1023,13:29:15,9.46,0.0,1,946,卖盘
1024,13:29:18,9.46,0.0,16,15136,卖盘
1025,13:29:22,9.46,0.0,1,946,卖盘
1026,13:29:24,9.46,0.0,42,39732,卖盘
1027,13:29:30,9.45,-0.01,11,10395,卖盘
1028,13:29:36,9.46,0.01,3,2838,买盘
1029,13:29:51,9.46,0.0,13,12298,买盘
1030,13:29:57,9.45,-0.01,19,17955,卖盘
1031,13:30:00,9.45,0.0,10,9450,卖盘
1032,13:30:04,9.45,0.0,15,14183,卖盘
1033,13:30:07,9.46,0.01,6,5676,买盘
1034,13:30:15,9.45,-0.01,4,3780,卖盘
1035,13:30:36,9.45,0.0,4,3780,卖盘
1036,13:30:48,9.46,0.01,9,8514,买盘
1037,13:31:24,9.46,0.0,66,62436,买盘
1038,13:31:30,9.46,0.0,4,3784,卖盘
1039,13:31:39,9.47,0.01,2,1894,买盘
1040,13:31:49,9.49,0.02,8,7588,买盘
1041,13:32:09,9.47,-0.02,10,9470,卖盘
1042,13:32:12,9.47,0.0,2,1894,卖盘
1043,13:32:21,9.48,0.01,3,2844,买盘
1044,13:32:46,9.48,0.0,5,4740,买盘
1045,13:33:06,9.47,-0.01,23,21781,卖盘
1046,13:33:21,9.46,-0.01,1,946,卖盘
1047,13:33:36,9.46,0.0,4,3784,卖盘
1048,13:34:27,9.46,0.0,24,22704,卖盘
1049,13:34:30,9.46,0.0,57,53922,卖盘
1050,13:34:33,9.46,0.0,9,8514,卖盘
1051,13:34:36,9.46,0.0,3,2838,卖盘
1052,13:34:45,9.45,-0.01,200,189000,卖盘
1053,13:34:48,9.45,0.0,2,1890,卖盘
1054,13:35:04,9.44,-0.01,16,15104,卖盘
1055,13:35:06,9.44,0.0,25,23600,卖盘
1056,13:35:30,9.44,0.0,24,22647,买盘
1057,13:35:36,9.43,-0.01,10,9430,卖盘
1058,13:35:42,9.44,0.01,2,1888,买盘
1059,13:35:45,9.43,-0.01,29,27355,卖盘
1060,13:36:04,9.43,0.0,5,4715,买盘
1061,13:36:15,9.43,0.0,54,50922,买盘
1062,13:36:18,9.43,0.0,82,77304,买盘
1063,13:36:27,9.43,0.0,2,1886,卖盘
1064,13:36:33,9.45,0.02,2,1890,买盘
1065,13:37:06,9.45,0.0,15,14175,卖盘
1066,13:37:09,9.45,0.0,1,945,买盘
1067,13:37:12,9.45,0.0,3,2835,卖盘
1068,13:37:21,9.45,0.0,8,7560,买盘
1069,13:37:39,9.45,0.0,2,1890,卖盘
1070,13:37:42,9.45,0.0,5,4725,买盘
1071,13:37:48,9.44,-0.01,5,4720,卖盘
1072,13:37:54,9.44,0.0,6,5664,卖盘
1073,13:38:00,9.44,0.0,10,9440,买盘
1074,13:38:12,9.44,0.0,1,944,买盘
1075,13:38:18,9.43,-0.01,29,27347,卖盘
1076,13:38:21,9.44,0.01,51,48144,买盘
1077,13:38:30,9.43,-0.01,125,117875,卖盘
1078,13:38:48,9.42,-0.01,5,4714,卖盘
1079,13:39:03,9.42,0.0,43,40514,卖盘
1080,13:39:07,9.42,0.0,20,18844,卖盘
1081,13:39:15,9.43,0.01,2,1886,卖盘
1082,13:39:24,9.42,-0.01,20,18843,卖盘
1083,13:39:54,9.44,0.02,1,944,买盘
1084,13:39:57,9.44,0.0,10,9440,买盘
1085,13:40:00,9.44,0.0,64,60412,买盘
1086,13:40:03,9.44,0.0,1,944,买盘
1087,13:40:12,9.45,0.01,1,945,买盘
1088,13:40:27,9.45,0.0,3,2835,买盘
1089,13:40:31,9.45,0.0,17,16060,买盘
1090,13:40:37,9.45,0.0,1,945,中性盘
1091,13:40:51,9.45,0.0,9,8505,买盘
1092,13:41:00,9.45,0.0,15,14175,卖盘
1093,13:41:06,9.45,0.0,1,945,卖盘
1094,13:41:09,9.46,0.01,27,25542,买盘
1095,13:41:24,9.46,0.0,5,4730,买盘
1096,13:41:27,9.46,0.0,3,2838,买盘
1097,13:42:07,9.47,0.01,11,10417,买盘
1098,13:42:12,9.47,0.0,3,2841,买盘
1099,13:42:51,9.46,-0.01,1,946,卖盘
1100,13:43:06,9.46,0.0,12,11352,卖盘
1101,13:43:48,9.47,0.01,5,4735,买盘
1102,13:44:00,9.47,0.0,5,4735,买盘
1103,13:44:12,9.46,-0.01,9,8514,卖盘
1104,13:44:27,9.46,0.0,18,17028,卖盘
1105,13:44:30,9.46,0.0,5,4730,卖盘
1106,13:44:33,9.46,0.0,7,6622,卖盘
1107,13:44:39,9.46,0.0,3,2838,卖盘
1108,13:44:54,9.46,0.0,35,33110,卖盘
1109,13:45:04,9.46,0.0,5,4730,中性盘
1110,13:45:33,9.45,-0.01,76,71820,卖盘
1111,13:45:39,9.46,0.01,5,4730,买盘
1112,13:45:42,9.45,-0.01,57,53865,卖盘
1113,13:45:45,9.44,-0.01,22,20789,卖盘
1114,13:45:48,9.45,0.01,1,945,买盘
1115,13:45:51,9.45,0.0,2,1890,卖盘
1116,13:46:01,9.45,0.0,47,44415,卖盘
1117,13:46:07,9.45,0.0,4,3780,买盘
1118,13:46:48,9.45,0.0,46,43470,卖盘
1119,13:47:06,9.44,-0.01,17,16048,卖盘
1120,13:47:36,9.44,0.0,1,944,卖盘
1121,13:48:09,9.44,0.0,10,9440,卖盘
1122,13:48:15,9.44,0.0,17,16048,卖盘
1123,13:48:24,9.44,0.0,2,1888,卖盘
1124,13:48:36,9.44,0.0,83,78352,卖盘
1125,13:48:54,9.44,0.0,12,11328,卖盘
1126,13:49:06,9.44,0.0,11,10384,卖盘
1127,13:49:09,9.44,0.0,1,944,卖盘
1128,13:49:30,9.45,0.01,71,67095,买盘
1129,13:50:15,9.45,0.0,10,9450,卖盘
1130,13:50:18,9.45,0.0,2,1890,卖盘
1131,13:50:24,9.45,0.0,4,3780,买盘
1132,13:50:51,9.44,-0.01,2,1888,卖盘
1133,13:50:54,9.46,0.02,4,3784,买盘
1134,13:51:06,9.44,-0.02,11,10384,卖盘
1135,13:51:33,9.44,0.0,5,4720,卖盘
1136,13:51:54,9.45,0.01,40,37800,买盘
1137,13:52:00,9.44,-0.01,2,1888,卖盘
1138,13:52:27,9.44,0.0,10,9440,卖盘
1139,13:52:30,9.44,0.0,62,58528,卖盘
1140,13:52:42,9.43,-0.01,1,943,卖盘
1141,13:53:06,9.43,0.0,12,11316,卖盘
1142,13:53:24,9.43,0.0,2,1886,卖盘
1143,13:53:31,9.44,0.01,8,7552,买盘
1144,13:53:37,9.43,-0.01,20,18860,卖盘
1145,13:53:39,9.44,0.01,2,1888,买盘
1146,13:53:45,9.43,-0.01,5,4715,卖盘
1147,13:53:51,9.43,0.0,20,18860,卖盘
1148,13:54:12,9.43,0.0,39,36777,卖盘
1149,13:54:21,9.43,0.0,300,282900,卖盘
1150,13:54:24,9.43,0.0,6,5658,卖盘
1151,13:54:36,9.43,0.0,5,4715,卖盘
1152,13:54:45,9.43,0.0,73,68839,卖盘
1153,13:54:48,9.43,0.0,1,943,卖盘
1154,13:54:51,9.44,0.01,11,10384,买盘
1155,13:55:06,9.43,-0.01,11,10373,卖盘
1156,13:55:09,9.43,0.0,5,4715,卖盘
1157,13:55:19,9.43,0.0,66,62238,卖盘
1158,13:55:24,9.42,-0.01,1,942,卖盘
1159,13:55:27,9.43,0.01,12,11306,买盘
1160,13:55:30,9.42,-0.01,10,9420,卖盘
1161,13:55:33,9.43,0.01,2,1886,买盘
1162,13:55:39,9.43,0.0,2,1886,买盘
1163,13:55:42,9.43,0.0,4,3772,买盘
1164,13:55:48,9.43,0.0,6,5658,买盘
1165,13:55:51,9.43,0.0,3,2829,买盘
1166,13:55:54,9.43,0.0,2,1886,买盘
1167,13:55:57,9.42,-0.01,7,6594,卖盘
1168,13:56:03,9.43,0.01,6,5658,买盘
1169,13:56:39,9.43,0.0,41,38663,买盘
1170,13:56:51,9.43,0.0,1,943,买盘
1171,13:56:58,9.42,-0.01,7,6594,卖盘
1172,13:57:04,9.43,0.01,7,6601,买盘
1173,13:57:07,9.42,-0.01,11,10362,卖盘
1174,13:57:24,9.43,0.01,1,943,买盘
1175,13:57:39,9.43,0.0,1,943,买盘
1176,13:57:45,9.43,0.0,9,8487,买盘
1177,13:57:54,9.43,0.0,3,2829,买盘
1178,13:57:57,9.43,0.0,44,41492,买盘
1179,13:58:06,9.42,-0.01,9,8478,卖盘
1180,13:58:09,9.42,0.0,27,25434,卖盘
1181,13:58:12,9.42,0.0,1,942,卖盘
1182,13:58:15,9.42,0.0,1,942,卖盘
1183,13:58:21,9.42,0.0,39,36738,卖盘
1184,13:58:24,9.42,0.0,4,3767,买盘
1185,13:58:39,9.41,-0.01,2,1882,卖盘
1186,13:59:00,9.42,0.01,20,18840,买盘
1187,13:59:03,9.41,-0.01,15,14115,卖盘
1188,13:59:06,9.41,0.0,11,10351,卖盘
1189,13:59:19,9.41,0.0,10,9410,卖盘
1190,13:59:21,9.41,0.0,21,19781,卖盘
1191,13:59:36,9.41,0.0,6,5646,卖盘
1192,13:59:51,9.41,0.0,31,29171,卖盘
1193,13:59:54,9.41,0.0,62,58342,卖盘
1194,14:00:00,9.41,0.0,117,110097,卖盘
1195,14:00:03,9.41,0.0,33,31053,卖盘
1196,14:00:06,9.41,0.0,43,40463,卖盘
1197,14:00:09,9.41,0.0,33,31053,卖盘
1198,14:00:12,9.41,0.0,9,8469,卖盘
1199,14:00:16,9.41,0.0,27,25407,卖盘
1200,14:00:22,9.41,0.0,5,4705,买盘
1201,14:00:30,9.41,0.0,1,941,买盘
1202,14:01:00,9.41,0.0,4,3764,买盘
1203,14:01:06,9.4,-0.01,12,11280,卖盘
1204,14:01:12,9.4,0.0,48,45120,卖盘
1205,14:01:15,9.4,0.0,20,18819,卖盘
1206,14:01:18,9.4,0.0,110,103400,卖盘
1207,14:01:24,9.4,0.0,41,38540,卖盘
1208,14:01:27,9.4,0.0,5,4700,买盘
1209,14:01:30,9.39,-0.01,8,7512,卖盘
1210,14:01:33,9.4,0.01,60,56400,买盘
1211,14:01:57,9.4,0.0,1,940,买盘
1212,14:02:01,9.39,-0.01,2,1878,卖盘
1213,14:02:04,9.4,0.01,44,41357,买盘
1214,14:02:15,9.39,-0.01,11,10329,卖盘
1215,14:02:18,9.39,0.0,5,4695,卖盘
1216,14:02:24,9.39,0.0,10,9390,卖盘
1217,14:02:30,9.39,0.0,80,75120,卖盘
1218,14:02:33,9.39,0.0,10,9390,卖盘
1219,14:02:40,9.39,0.0,17,15963,卖盘
1220,14:02:42,9.39,0.0,11,10329,买盘
1221,14:02:46,9.39,0.0,7,6573,卖盘
1222,14:02:49,9.39,0.0,44,41316,卖盘
1223,14:02:51,9.39,0.0,36,33804,卖盘
1224,14:02:54,9.39,0.0,4,3756,买盘
1225,14:02:57,9.39,0.0,2,1878,买盘
1226,14:03:04,9.39,0.0,21,19719,买盘
1227,14:03:06,9.39,0.0,7,6573,卖盘
1228,14:03:09,9.38,-0.01,30,28140,卖盘
1229,14:03:15,9.38,0.0,54,50652,卖盘
1230,14:03:28,9.38,0.0,81,75978,卖盘
1231,14:03:42,9.38,0.0,2,1876,卖盘
1232,14:03:45,9.38,0.0,80,75115,卖盘
1233,14:03:54,9.38,0.0,44,41274,卖盘
1234,14:04:15,9.38,0.0,1,938,卖盘
1235,14:04:21,9.4,0.02,5,4700,买盘
1236,14:04:54,9.38,-0.02,1,938,卖盘
1237,14:04:57,9.39,0.01,9,8451,买盘
1238,14:05:06,9.39,0.0,11,10329,卖盘
1239,14:05:18,9.4,0.01,4,3760,买盘
1240,14:05:30,9.4,0.0,10,9400,买盘
1241,14:05:36,9.4,0.0,2,1880,买盘
1242,14:06:00,9.39,-0.01,13,12207,卖盘
1243,14:06:12,9.39,0.0,1,939,卖盘
1244,14:06:30,9.4,0.01,20,18800,买盘
1245,14:06:36,9.4,0.0,62,58280,买盘
1246,14:06:39,9.4,0.0,34,31960,买盘
1247,14:06:42,9.38,-0.02,300,281570,卖盘
1248,14:06:51,9.38,0.0,100,93800,卖盘
1249,14:06:57,9.4,0.02,1,940,卖盘
1250,14:07:04,9.38,-0.02,20,18762,卖盘
1251,14:07:19,9.39,0.01,2,1878,卖盘
1252,14:07:39,9.39,0.0,11,10329,买盘
1253,14:07:54,9.4,0.01,10,9400,买盘
1254,14:07:57,9.4,0.0,4,3760,买盘
1255,14:08:00,9.39,-0.01,33,30987,卖盘
1256,14:08:09,9.4,0.01,1,940,买盘
1257,14:08:57,9.41,0.01,1,941,买盘
1258,14:09:36,9.4,-0.01,4,3760,卖盘
1259,14:09:39,9.4,0.0,2,1880,卖盘
1260,14:09:42,9.4,0.0,10,9400,卖盘
1261,14:09:51,9.4,0.0,3,2820,买盘
1262,14:10:12,9.4,0.0,3,2820,买盘
1263,14:10:15,9.39,-0.01,5,4695,卖盘
1264,14:10:42,9.39,0.0,4,3756,卖盘
1265,14:11:04,9.39,0.0,30,28170,卖盘
1266,14:11:06,9.39,0.0,34,31926,卖盘
1267,14:11:09,9.4,0.01,1,940,买盘
1268,14:11:15,9.4,0.0,12,11280,买盘
1269,14:11:27,9.4,0.0,5,4700,买盘
1270,14:11:33,9.39,-0.01,18,16902,卖盘
1271,14:11:36,9.39,0.0,4,3756,卖盘
1272,14:11:51,9.4,0.01,1,940,买盘
1273,14:12:27,9.39,-0.01,10,9390,卖盘
1274,14:12:30,9.39,0.0,1,939,卖盘
1275,14:13:04,9.39,0.0,4,3756,卖盘
1276,14:13:06,9.38,-0.01,11,10318,卖盘
1277,14:13:12,9.39,0.01,5,4695,买盘
1278,14:13:36,9.38,-0.01,10,9380,卖盘
1279,14:13:48,9.38,0.0,5,4690,卖盘
1280,14:13:54,9.38,0.0,8,7504,卖盘
1281,14:14:00,9.39,0.01,1,939,买盘
1282,14:14:03,9.38,-0.01,40,37520,卖盘
1283,14:14:09,9.37,-0.01,1,937,卖盘
1284,14:14:18,9.37,0.0,25,23425,卖盘
1285,14:14:24,9.38,0.01,10,9380,买盘
1286,14:14:27,9.37,-0.01,1,937,卖盘
1287,14:14:30,9.37,0.0,33,30921,卖盘
1288,14:14:33,9.37,0.0,20,18740,卖盘
1289,14:14:36,9.37,0.0,3,2811,卖盘
1290,14:14:49,9.36,-0.01,19,17784,卖盘
1291,14:15:00,9.36,0.0,19,17784,卖盘
1292,14:15:03,9.36,0.0,10,9360,卖盘
1293,14:15:06,9.35,-0.01,11,10285,卖盘
1294,14:15:12,9.36,0.01,10,9360,买盘
1295,14:15:18,9.36,0.0,1,936,买盘
1296,14:15:22,9.36,0.0,11,10296,买盘
1297,14:15:24,9.35,-0.01,100,93500,卖盘
1298,14:15:34,9.33,-0.02,22,20540,卖盘
1299,14:15:37,9.35,0.02,10,9350,买盘
1300,14:15:40,9.33,-0.02,30,27993,卖盘
1301,14:16:00,9.34,0.01,5,4670,卖盘
1302,14:16:30,9.35,0.01,2,1870,卖盘
1303,14:16:48,9.35,0.0,10,9350,买盘
1304,14:16:54,9.35,0.0,12,11220,买盘
1305,14:17:06,9.36,0.01,5,4680,买盘
1306,14:17:18,9.35,-0.01,14,13090,卖盘
1307,14:17:21,9.36,0.01,20,18720,买盘
1308,14:17:27,9.36,0.0,20,18720,卖盘
1309,14:17:30,9.36,0.0,10,9360,买盘
1310,14:17:36,9.36,0.0,1,936,买盘
1311,14:17:39,9.36,0.0,18,16848,买盘
1312,14:17:42,9.36,0.0,1,936,买盘
1313,14:17:45,9.37,0.01,8,7496,买盘
1314,14:17:49,9.37,0.0,3,2811,买盘
1315,14:17:51,9.37,0.0,1,937,买盘
1316,14:18:00,9.38,0.01,100,93798,买盘
1317,14:18:03,9.38,0.0,19,17822,买盘
1318,14:19:06,9.38,0.0,12,11256,卖盘
1319,14:19:18,9.38,0.0,14,13132,卖盘
1320,14:19:30,9.38,0.0,53,49714,买盘
1321,14:20:24,9.38,0.0,23,21574,卖盘
1322,14:20:39,9.38,0.0,50,46900,买盘
1323,14:20:42,9.38,0.0,35,32830,买盘
1324,14:21:06,9.37,-0.01,1,937,卖盘
1325,14:21:12,9.37,0.0,1,937,卖盘
1326,14:21:15,9.38,0.01,21,19698,买盘
1327,14:21:42,9.38,0.0,10,9380,买盘
1328,14:21:48,9.39,0.01,10,9390,买盘
1329,14:21:54,9.38,-0.01,12,11256,卖盘
1330,14:21:57,9.39,0.01,12,11268,买盘
1331,14:22:03,9.39,0.0,82,76998,买盘
1332,14:22:06,9.4,0.01,23,21620,买盘
1333,14:22:09,9.41,0.01,14,13174,买盘
1334,14:22:12,9.41,0.0,20,18820,买盘
1335,14:22:15,9.41,0.0,10,9410,买盘
1336,14:22:24,9.41,0.0,11,10351,卖盘
1337,14:22:34,9.39,-0.02,4,3756,卖盘
1338,14:22:48,9.4,0.01,11,10340,买盘
1339,14:23:00,9.4,0.0,10,9400,买盘
1340,14:23:03,9.4,0.0,4,3760,买盘
1341,14:23:12,9.39,-0.01,1,939,卖盘
1342,14:23:16,9.4,0.01,4,3760,买盘
1343,14:24:06,9.39,-0.01,12,11268,卖盘
1344,14:24:12,9.39,0.0,30,28170,卖盘
1345,14:24:15,9.39,0.0,2,1878,卖盘
1346,14:24:18,9.38,-0.01,1,938,卖盘
1347,14:24:33,9.37,-0.01,15,14063,卖盘
1348,14:24:43,9.37,0.0,1,937,卖盘
1349,14:24:54,9.37,0.0,23,21551,卖盘
1350,14:24:57,9.37,0.0,10,9370,卖盘
1351,14:25:00,9.37,0.0,3,2811,卖盘
1352,14:25:03,9.37,0.0,2,1874,买盘
1353,14:25:12,9.37,0.0,10,9370,买盘
1354,14:25:18,9.37,0.0,1,937,买盘
1355,14:25:42,9.36,-0.01,30,28080,卖盘
1356,14:25:51,9.36,0.0,1,936,卖盘
1357,14:25:54,9.36,0.0,9,8424,卖盘
1358,14:26:00,9.36,0.0,2,1872,买盘
1359,14:26:06,9.36,0.0,2,1872,买盘
1360,14:26:24,9.36,0.0,10,9360,卖盘
1361,14:27:00,9.36,0.0,62,58086,卖盘
1362,14:27:03,9.36,0.0,5,4680,卖盘
1363,14:27:06,9.36,0.0,2,1872,卖盘
1364,14:27:12,9.38,0.02,3,2814,买盘
1365,14:27:36,9.38,0.0,20,18759,买盘
1366,14:28:19,9.38,0.0,25,23450,买盘
1367,14:28:27,9.38,0.0,24,22512,买盘
1368,14:28:42,9.38,0.0,1,938,卖盘
1369,14:29:21,9.38,0.0,4,3752,卖盘
1370,14:29:54,9.38,0.0,20,18760,卖盘
1371,14:29:57,9.38,0.0,21,19698,卖盘
1372,14:30:00,9.37,-0.01,9,8433,卖盘
1373,14:30:39,9.37,0.0,3,2812,卖盘
1374,14:30:45,9.36,-0.01,101,94588,卖盘
1375,14:30:51,9.38,0.02,60,56276,买盘
1376,14:31:04,9.36,-0.02,1,936,卖盘
1377,14:31:06,9.36,0.0,32,29952,卖盘
1378,14:31:09,9.35,-0.01,106,99143,卖盘
1379,14:31:16,9.36,0.01,29,27125,买盘
1380,14:31:18,9.35,-0.01,10,9350,卖盘
1381,14:31:22,9.35,0.0,13,12155,卖盘
1382,14:31:24,9.36,0.01,56,52365,买盘
1383,14:31:27,9.35,-0.01,7,6545,卖盘
1384,14:31:30,9.35,0.0,11,10285,卖盘
1385,14:31:33,9.35,0.0,36,33660,卖盘
1386,14:31:36,9.34,-0.01,16,14944,卖盘
1387,14:31:39,9.34,0.0,6,5604,卖盘
1388,14:31:45,9.34,0.0,13,12142,卖盘
1389,14:31:49,9.34,0.0,2,1868,卖盘
1390,14:31:54,9.35,0.01,4,3740,卖盘
1391,14:32:04,9.34,-0.01,27,25228,卖盘
1392,14:32:06,9.34,0.0,10,9340,卖盘
1393,14:32:12,9.34,0.0,31,28954,卖盘
1394,14:32:18,9.34,0.0,10,9340,买盘
1395,14:32:24,9.33,-0.01,11,10264,卖盘
1396,14:32:27,9.34,0.01,2,1868,买盘
1397,14:32:39,9.33,-0.01,2,1866,卖盘
1398,14:32:42,9.34,0.01,50,46700,买盘
1399,14:32:48,9.33,-0.01,3,2799,卖盘
1400,14:32:51,9.33,0.0,10,9330,卖盘
1401,14:32:54,9.34,0.01,40,37360,买盘
1402,14:32:57,9.34,0.0,5,4670,买盘
1403,14:33:06,9.33,-0.01,11,10263,卖盘
1404,14:33:09,9.34,0.01,32,29868,买盘
1405,14:33:12,9.33,-0.01,9,8397,卖盘
1406,14:33:18,9.33,0.0,74,69042,卖盘
1407,14:33:21,9.33,0.0,70,65310,卖盘
1408,14:33:27,9.33,0.0,5,4665,买盘
1409,14:33:42,9.33,0.0,50,46650,买盘
1410,14:33:48,9.32,-0.01,41,38217,卖盘
1411,14:33:51,9.32,0.0,3,2796,买盘
1412,14:34:06,9.32,0.0,84,78288,买盘
1413,14:34:09,9.31,-0.01,55,51206,卖盘
1414,14:34:21,9.31,0.0,64,59584,卖盘
1415,14:34:24,9.31,0.0,10,9310,卖盘
1416,14:34:30,9.31,0.0,20,18620,卖盘
1417,14:34:36,9.31,0.0,1,931,买盘
1418,14:34:52,9.31,0.0,81,75410,买盘
1419,14:34:58,9.3,-0.01,56,52128,卖盘
1420,14:35:06,9.32,0.02,6,5592,卖盘
1421,14:35:12,9.3,-0.02,113,105101,卖盘
1422,14:35:15,9.32,0.02,1,932,买盘
1423,14:35:27,9.32,0.0,30,27960,买盘
1424,14:35:33,9.31,-0.01,39,36309,卖盘
1425,14:35:36,9.31,0.0,31,28861,买盘
1426,14:36:04,9.32,0.01,11,10252,买盘
1427,14:36:12,9.33,0.01,35,32658,买盘
1428,14:36:15,9.34,0.01,29,27086,买盘
1429,14:36:18,9.34,0.0,20,18680,买盘
1430,14:36:21,9.33,-0.01,12,11207,卖盘
1431,14:36:24,9.33,0.0,4,3732,买盘
1432,14:36:40,9.33,0.0,9,8397,买盘
1433,14:36:48,9.33,0.0,1,933,买盘
1434,14:37:03,9.33,0.0,44,41052,卖盘
1435,14:37:06,9.34,0.01,53,49459,买盘
1436,14:37:12,9.34,0.0,54,50436,买盘
1437,14:37:18,9.34,0.0,1,934,买盘
1438,14:37:45,9.34,0.0,38,35477,买盘
1439,14:37:48,9.33,-0.01,26,24258,卖盘
1440,14:37:51,9.33,0.0,3,2799,买盘
1441,14:38:00,9.34,0.01,2,1868,买盘
1442,14:38:04,9.33,-0.01,1,933,卖盘
1443,14:38:06,9.33,0.0,68,63509,卖盘
1444,14:38:15,9.35,0.02,20,18700,买盘
1445,14:38:27,9.35,0.0,30,28050,买盘
1446,14:38:30,9.34,-0.01,10,9340,卖盘
1447,14:38:33,9.35,0.01,2,1870,买盘
1448,14:38:36,9.34,-0.01,3,2802,卖盘
1449,14:39:04,9.34,0.0,1,934,买盘
1450,14:39:06,9.33,-0.01,11,10263,卖盘
1451,14:39:24,9.34,0.01,3,2802,买盘
1452,14:39:33,9.34,0.0,30,28020,买盘
1453,14:39:36,9.34,0.0,24,22416,买盘
1454,14:39:39,9.34,0.0,14,13076,卖盘
1455,14:39:48,9.35,0.01,2,1870,买盘
1456,14:39:55,9.34,-0.01,28,26152,卖盘
1457,14:39:57,9.34,0.0,10,9340,买盘
1458,14:40:01,9.34,0.0,4,3736,买盘
1459,14:40:09,9.33,-0.01,20,18660,卖盘
1460,14:40:12,9.33,0.0,59,55047,卖盘
1461,14:40:15,9.33,0.0,31,28923,卖盘
1462,14:40:21,9.32,-0.01,39,36348,卖盘
1463,14:40:24,9.34,0.02,26,24268,买盘
1464,14:40:33,9.34,0.0,19,17746,买盘
1465,14:40:36,9.33,-0.01,13,12129,卖盘
1466,14:40:45,9.32,-0.01,55,51270,卖盘
1467,14:40:48,9.32,0.0,5,4663,卖盘
1468,14:40:51,9.33,0.01,2,1866,中性盘
1469,14:40:54,9.33,0.0,4,3732,买盘
1470,14:41:06,9.32,-0.01,12,11184,卖盘
1471,14:41:16,9.32,0.0,1,932,卖盘
1472,14:41:19,9.32,0.0,13,12116,卖盘
1473,14:41:22,9.32,0.0,3,2796,卖盘
1474,14:41:24,9.32,0.0,5,4660,卖盘
1475,14:41:31,9.32,0.0,3,2796,卖盘
1476,14:41:36,9.32,0.0,14,13048,卖盘
1477,14:42:21,9.32,0.0,2,1864,买盘
1478,14:42:24,9.31,-0.01,35,32585,卖盘
1479,14:42:27,9.31,0.0,40,37240,卖盘
1480,14:42:36,9.31,0.0,9,8379,卖盘
1481,14:42:39,9.31,0.0,26,24211,卖盘
1482,14:42:42,9.31,0.0,2,1862,卖盘
1483,14:42:48,9.3,-0.01,18,16740,卖盘
1484,14:42:51,9.31,0.01,2,1862,买盘
1485,14:42:55,9.3,-0.01,40,37202,卖盘
1486,14:43:04,9.31,0.01,33,30698,买盘
1487,14:43:06,9.31,0.0,11,10241,卖盘
1488,14:43:21,9.32,0.01,5,4660,买盘
1489,14:43:27,9.31,-0.01,48,44688,卖盘
1490,14:43:36,9.31,0.0,45,41895,卖盘
1491,14:43:39,9.32,0.01,1,932,买盘
1492,14:43:42,9.32,0.0,2,1864,买盘
1493,14:43:48,9.32,0.0,23,21436,买盘
1494,14:43:51,9.32,0.0,30,27960,买盘
1495,14:44:19,9.32,0.0,4,3728,买盘
1496,14:44:22,9.32,0.0,6,5592,买盘
1497,14:44:24,9.31,-0.01,2,1862,卖盘
1498,14:44:36,9.31,0.0,26,24222,卖盘
1499,14:44:42,9.31,0.0,50,46550,卖盘
1500,14:44:45,9.31,0.0,92,85652,卖盘
1501,14:44:49,9.3,-0.01,1,930,卖盘
1502,14:44:51,9.32,0.02,97,90388,买盘
1503,14:44:55,9.31,-0.01,1,931,卖盘
1504,14:44:57,9.31,0.0,1,931,买盘
1505,14:45:00,9.31,0.0,5,4655,卖盘
1506,14:45:06,9.31,0.0,8,7448,卖盘
1507,14:45:18,9.31,0.0,1,931,买盘
1508,14:45:24,9.31,0.0,43,40033,买盘
1509,14:45:27,9.31,0.0,8,7448,买盘
1510,14:45:30,9.31,0.0,5,4655,买盘
1511,14:45:48,9.31,0.0,5,4655,买盘
1512,14:45:51,9.31,0.0,1,931,买盘
1513,14:45:57,9.31,0.0,11,10241,买盘
1514,14:46:00,9.3,-0.01,590,548700,卖盘
1515,14:46:04,9.3,0.0,217,201810,卖盘
1516,14:46:06,9.3,0.0,27,25110,卖盘
1517,14:46:09,9.3,0.0,109,101370,卖盘
1518,14:46:12,9.29,-0.01,67,62243,卖盘
1519,14:46:15,9.29,0.0,22,20438,卖盘
1520,14:46:18,9.28,-0.01,25,23200,卖盘
1521,14:46:21,9.28,0.0,1,928,卖盘
1522,14:46:27,9.28,0.0,8,7424,卖盘
1523,14:46:37,9.26,-0.02,218,202283,卖盘
1524,14:46:42,9.26,0.0,12,11102,买盘
1525,14:46:48,9.25,-0.01,21,19425,卖盘
1526,14:46:51,9.25,0.0,44,40701,卖盘
1527,14:46:57,9.25,0.0,10,9250,卖盘
1528,14:47:00,9.25,0.0,4,3700,卖盘
1529,14:47:03,9.25,0.0,6,5551,卖盘
1530,14:47:06,9.25,0.0,3,2775,买盘
1531,14:47:18,9.25,0.0,10,9250,买盘
1532,14:47:21,9.22,-0.03,6,5532,卖盘
1533,14:47:24,9.24,0.02,5,4620,中性盘
1534,14:47:30,9.25,0.01,2,1850,买盘
1535,14:47:33,9.26,0.01,107,98974,买盘
1536,14:47:36,9.25,-0.01,26,24050,买盘
1537,14:47:42,9.24,-0.01,64,59316,卖盘
1538,14:47:45,9.23,-0.01,73,67606,卖盘
1539,14:47:51,9.25,0.02,35,32375,卖盘
1540,14:47:54,9.25,0.0,15,13875,卖盘
1541,14:47:57,9.25,0.0,192,177600,买盘
1542,14:48:00,9.24,-0.01,24,22181,卖盘
1543,14:48:03,9.24,0.0,13,12012,卖盘
1544,14:48:06,9.25,0.01,5,4625,买盘
1545,14:48:09,9.24,-0.01,20,18485,卖盘
1546,14:48:12,9.23,-0.01,26,24004,卖盘
1547,14:48:15,9.24,0.01,42,38808,买盘
1548,14:48:18,9.24,0.0,3,2772,买盘
1549,14:48:21,9.23,-0.01,1,923,卖盘
1550,14:48:34,9.24,0.01,39,36036,买盘
1551,14:48:37,9.24,0.0,60,55440,卖盘
1552,14:48:40,9.25,0.01,73,67525,买盘
1553,14:48:42,9.24,-0.01,10,9240,卖盘
1554,14:48:45,9.24,0.0,129,119286,卖盘
1555,14:48:51,9.25,0.01,9,8325,买盘
1556,14:48:54,9.24,-0.01,8,7392,卖盘
1557,14:48:57,9.24,0.0,1,924,卖盘
1558,14:49:00,9.24,0.0,9,8316,卖盘
1559,14:49:04,9.25,0.01,49,45325,买盘
1560,14:49:06,9.24,-0.01,49,45276,卖盘
1561,14:49:12,9.24,0.0,12,11088,卖盘
1562,14:49:15,9.25,0.01,65,60125,买盘
1563,14:49:24,9.25,0.0,10,9250,买盘
1564,14:49:27,9.25,0.0,3,2775,买盘
1565,14:49:34,9.25,0.0,6,5546,买盘
1566,14:49:37,9.25,0.0,1,925,买盘
1567,14:49:39,9.24,-0.01,29,26817,卖盘
1568,14:49:48,9.26,0.02,11,10186,买盘
1569,14:49:51,9.25,-0.01,5,4625,卖盘
1570,14:50:01,9.26,0.01,21,19446,买盘
1571,14:50:04,9.27,0.01,18,16674,买盘
1572,14:50:06,9.27,0.0,9,8343,卖盘
1573,14:50:12,9.28,0.01,2,1856,买盘
1574,14:50:21,9.28,0.0,3,2784,买盘
1575,14:50:24,9.26,-0.02,11,10186,卖盘
1576,14:50:27,9.28,0.02,3,2784,买盘
1577,14:50:30,9.26,-0.02,19,17594,卖盘
1578,14:50:33,9.25,-0.01,6,5550,卖盘
1579,14:50:36,9.24,-0.01,19,17556,卖盘
1580,14:50:39,9.26,0.02,10,9260,买盘
1581,14:50:42,9.26,0.0,2,1852,买盘
1582,14:50:45,9.26,0.0,30,27780,买盘
1583,14:50:48,9.27,0.01,3,2779,买盘
1584,14:50:51,9.25,-0.02,50,46297,卖盘
1585,14:51:00,9.25,0.0,16,14800,卖盘
1586,14:51:04,9.26,0.01,6,5556,买盘
1587,14:51:06,9.26,0.0,23,21287,买盘
1588,14:51:09,9.25,-0.01,2,1850,卖盘
1589,14:51:12,9.26,0.01,2,1852,买盘
1590,14:51:19,9.25,-0.01,8,7400,卖盘
1591,14:51:21,9.25,0.0,40,37000,卖盘
1592,14:51:24,9.25,0.0,8,7404,卖盘
1593,14:51:27,9.25,0.0,36,33300,卖盘
1594,14:51:30,9.26,0.01,5,4630,买盘
1595,14:51:33,9.25,-0.01,19,17575,卖盘
1596,14:51:36,9.25,0.0,8,7400,卖盘
1597,14:51:39,9.25,0.0,19,17577,卖盘
1598,14:51:42,9.25,0.0,2,1850,买盘
1599,14:51:51,9.24,-0.01,116,107194,卖盘
1600,14:51:54,9.25,0.01,8,7400,买盘
1601,14:52:18,9.25,0.0,8,7400,买盘
1602,14:52:24,9.24,-0.01,21,19404,卖盘
1603,14:52:33,9.24,0.0,15,13860,卖盘
1604,14:52:37,9.24,0.0,96,88744,卖盘
1605,14:52:40,9.25,0.01,61,56405,买盘
1606,14:52:42,9.24,-0.01,15,13860,买盘
1607,14:52:45,9.24,0.0,6,5544,买盘
1608,14:52:51,9.24,0.0,11,10164,买盘
1609,14:52:54,9.24,0.0,3,2772,买盘
1610,14:52:57,9.24,0.0,81,74844,买盘
1611,14:53:01,9.24,0.0,3,2772,买盘
1612,14:53:06,9.24,0.0,32,29556,买盘
1613,14:53:09,9.23,-0.01,20,18460,卖盘
1614,14:53:13,9.24,0.01,7,6468,买盘
1615,14:53:19,9.24,0.0,3,2772,卖盘
1616,14:53:27,9.23,-0.01,235,216888,卖盘
1617,14:53:39,9.24,0.01,7,6462,买盘
1618,14:53:42,9.23,-0.01,42,38734,卖盘
1619,14:53:45,9.24,0.01,3,2772,买盘
1620,14:53:54,9.23,-0.01,1,923,卖盘
1621,14:53:57,9.23,0.0,29,26767,卖盘
1622,14:54:00,9.22,-0.01,70,64560,卖盘
1623,14:54:06,9.23,0.01,7,6461,买盘
1624,14:54:12,9.22,-0.01,2,1844,卖盘
1625,14:54:15,9.22,0.0,31,28583,卖盘
1626,14:54:18,9.22,0.0,8,7376,卖盘
1627,14:54:21,9.22,0.0,25,23050,买盘
1628,14:54:24,9.2,-0.02,200,184131,卖盘
1629,14:54:27,9.2,0.0,153,140760,卖盘
1630,14:54:30,9.2,0.0,22,20240,卖盘
1631,14:54:36,9.19,-0.01,8,7356,卖盘
1632,14:54:39,9.2,0.01,12,11037,买盘
1633,14:54:45,9.18,-0.02,22,20196,卖盘
1634,14:54:48,9.18,0.0,55,50571,卖盘
1635,14:54:54,9.19,0.01,13,11947,买盘
1636,14:55:00,9.18,-0.01,20,18360,卖盘
1637,14:55:03,9.19,0.01,57,52382,买盘
1638,14:55:06,9.18,-0.01,40,36758,卖盘
1639,14:55:09,9.19,0.01,55,50533,买盘
1640,14:55:12,9.19,0.0,107,98333,卖盘
1641,14:55:15,9.19,0.0,5,4595,买盘
1642,14:55:18,9.18,-0.01,65,59691,卖盘
1643,14:55:24,9.18,0.0,25,22960,卖盘
1644,14:55:27,9.18,0.0,28,25704,卖盘
1645,14:55:30,9.18,0.0,5,4590,买盘
1646,14:55:33,9.18,0.0,61,55953,买盘
1647,14:55:36,9.17,-0.01,9,8259,卖盘
1648,14:55:42,9.18,0.01,149,136733,买盘
1649,14:55:48,9.18,0.0,106,97308,买盘
1650,14:55:51,9.18,0.0,37,33966,卖盘
1651,14:55:57,9.18,0.0,27,24786,卖盘
1652,14:56:00,9.18,0.0,1,918,买盘
1653,14:56:04,9.18,0.0,5,4590,买盘
1654,14:56:06,9.18,0.0,10,9180,买盘
1655,14:56:10,9.18,0.0,27,24786,买盘
1656,14:56:12,9.18,0.0,1,918,卖盘
1657,14:56:15,9.18,0.0,30,27540,卖盘
1658,14:56:18,9.19,0.01,7,6433,买盘
1659,14:56:27,9.19,0.0,18,16542,买盘
1660,14:56:30,9.2,0.01,60,55177,买盘
1661,14:56:33,9.18,-0.02,51,46818,卖盘
1662,14:56:36,9.18,0.0,30,27540,卖盘
1663,14:56:45,9.18,0.0,30,27540,卖盘
1664,14:56:48,9.18,0.0,10,9180,卖盘
1665,14:56:51,9.18,0.0,30,27556,卖盘
1666,14:56:54,9.19,0.01,2,1838,买盘
1667,14:57:00,9.19,0.0,185,169960,买盘
1668,15:00:04,9.19,0.0,738,678222,卖盘
