,time,price,change,volume,amount,type
0,09:25:04,16.18,0.05,21,33978,卖盘
1,09:30:04,16.16,-0.02,32,51718,卖盘
2,09:30:07,16.17,0.01,9,14553,买盘
3,09:30:10,16.17,0.0,37,59829,买盘
4,09:30:13,16.16,-0.01,12,19398,卖盘
5,09:30:16,16.17,0.01,11,17787,买盘
6,09:30:19,16.17,0.0,1,1617,买盘
7,09:30:22,16.18,0.01,10,16180,买盘
8,09:30:25,16.18,0.0,20,32360,买盘
9,09:30:34,16.21,0.03,73,118132,买盘
10,09:30:40,16.21,0.0,3,4863,买盘
11,09:30:43,16.23,0.02,2,3246,买盘
12,09:30:46,16.23,0.0,15,24345,买盘
13,09:30:49,16.22,-0.01,3,4866,买盘
14,09:30:52,16.22,0.0,5,8110,买盘
15,09:30:54,16.22,0.0,4,6488,买盘
16,09:31:01,16.22,0.0,13,21086,买盘
17,09:31:04,16.22,0.0,4,6488,买盘
18,09:31:06,16.21,-0.01,1,1621,卖盘
19,09:31:10,16.21,0.0,12,19454,卖盘
20,09:31:13,16.22,0.01,18,29180,买盘
21,09:31:15,16.23,0.01,20,32441,买盘
22,09:31:18,16.21,-0.02,2,3242,买盘
23,09:31:25,16.23,0.02,8,12974,买盘
24,09:31:31,16.2,-0.03,1,1620,卖盘
25,09:31:34,16.23,0.03,5,8111,买盘
26,09:31:36,16.23,0.0,3,4869,买盘
27,09:31:40,16.2,-0.03,36,58320,卖盘
28,09:31:43,16.19,-0.01,5,8099,卖盘
29,09:31:46,16.2,0.01,1,1620,买盘
30,09:31:49,16.2,0.0,3,4860,买盘
31,09:31:51,16.2,0.0,8,12960,买盘
32,09:31:54,16.2,0.0,17,27560,卖盘
33,09:31:58,16.2,0.0,1,1620,卖盘
34,09:32:04,16.2,0.0,22,35640,卖盘
35,09:32:06,16.2,0.0,3,4860,买盘
36,09:32:10,16.2,0.0,5,8099,买盘
37,09:32:13,16.19,-0.01,5,8095,卖盘
38,09:32:16,16.2,0.01,8,12960,买盘
39,09:32:19,16.2,0.0,75,121504,买盘
40,09:32:22,16.22,0.02,4,6488,买盘
41,09:32:25,16.22,0.0,10,16220,买盘
42,09:32:31,16.22,0.0,7,11354,买盘
43,09:32:34,16.23,0.01,26,42187,买盘
44,09:32:40,16.23,0.0,3,4869,买盘
45,09:32:43,16.23,0.0,4,6492,买盘
46,09:32:46,16.24,0.01,11,17856,买盘
47,09:32:51,16.24,0.0,9,14616,买盘
48,09:32:55,16.23,-0.01,8,12987,卖盘
49,09:32:58,16.23,0.0,13,21099,买盘
50,09:33:04,16.2,-0.03,81,131257,卖盘
51,09:33:07,16.2,0.0,19,30780,买盘
52,09:33:09,16.24,0.04,3,4872,买盘
53,09:33:12,16.24,0.0,1,1624,买盘
54,09:33:16,16.23,-0.01,27,43836,买盘
55,09:33:19,16.24,0.01,6,9740,买盘
56,09:33:25,16.23,-0.01,10,16230,中性盘
57,09:33:34,16.23,0.0,14,22722,买盘
58,09:33:40,16.23,0.0,2,3246,买盘
59,09:33:43,16.2,-0.03,66,106931,卖盘
60,09:33:46,16.2,0.0,9,14580,买盘
61,09:33:49,16.2,0.0,2,3240,买盘
62,09:33:52,16.2,0.0,43,69660,买盘
63,09:33:55,16.22,0.02,8,12976,买盘
64,09:34:04,16.22,0.0,18,29196,卖盘
65,09:34:13,16.22,0.0,34,55092,买盘
66,09:34:16,16.22,0.0,14,22708,买盘
67,09:34:19,16.22,0.0,3,4866,买盘
68,09:34:25,16.22,0.0,11,17842,买盘
69,09:34:28,16.21,-0.01,4,6487,卖盘
70,09:34:33,16.22,0.01,22,35664,买盘
71,09:34:40,16.21,-0.01,20,32420,卖盘
72,09:34:42,16.21,0.0,5,8105,买盘
73,09:34:46,16.21,0.0,8,12968,买盘
74,09:34:54,16.21,0.0,7,11347,买盘
75,09:35:01,16.21,0.0,1,1621,买盘
76,09:35:04,16.21,0.0,3,4863,买盘
77,09:35:06,16.21,0.0,2,3242,买盘
78,09:35:09,16.2,-0.01,50,81001,卖盘
79,09:35:13,16.19,-0.01,7,11333,卖盘
80,09:35:16,16.19,0.0,1,1619,买盘
81,09:35:18,16.2,0.01,11,17813,买盘
82,09:35:25,16.2,0.0,12,19440,买盘
83,09:35:28,16.2,0.0,1,1620,买盘
84,09:35:34,16.2,0.0,5,8100,买盘
85,09:35:37,16.2,0.0,106,171720,买盘
86,09:35:40,16.17,-0.03,51,82513,卖盘
87,09:35:43,16.17,0.0,8,12936,买盘
88,09:35:45,16.2,0.03,13,21042,买盘
89,09:35:54,16.21,0.01,12,19452,买盘
90,09:35:58,16.2,-0.01,7,11340,卖盘
91,09:36:04,16.21,0.01,6,9726,买盘
92,09:36:07,16.21,0.0,2,3242,买盘
93,09:36:09,16.21,0.0,4,6481,买盘
94,09:36:13,16.21,0.0,4,6481,买盘
95,09:36:16,16.21,0.0,2,3242,买盘
96,09:36:18,16.2,-0.01,2,3240,卖盘
97,09:36:24,16.2,0.0,3,4862,卖盘
98,09:36:36,16.21,0.01,1,1621,买盘
99,09:36:40,16.2,-0.01,8,12960,卖盘
100,09:36:43,16.2,0.0,1,1620,买盘
101,09:36:46,16.2,0.0,3,4860,买盘
102,09:36:54,16.2,0.0,1,1620,买盘
103,09:37:06,16.2,0.0,1,1620,买盘
104,09:37:16,16.19,-0.01,16,25904,卖盘
105,09:37:19,16.19,0.0,4,6476,买盘
106,09:37:40,16.18,-0.01,21,33989,卖盘
107,09:37:51,16.19,0.01,3,4857,买盘
108,09:37:58,16.18,-0.01,45,72811,卖盘
109,09:38:13,16.18,0.0,30,48540,卖盘
110,09:38:16,16.19,0.01,8,12952,买盘
111,09:38:22,16.19,0.0,2,3238,买盘
112,09:38:24,16.19,0.0,4,6476,买盘
113,09:38:31,16.18,-0.01,1,1618,卖盘
114,09:38:34,16.19,0.01,10,16182,买盘
115,09:38:40,16.19,0.0,2,3238,卖盘
116,09:38:52,16.2,0.01,1,1620,买盘
117,09:38:55,16.2,0.0,3,4860,买盘
118,09:38:58,16.19,-0.01,15,24285,卖盘
119,09:39:06,16.19,0.0,1,1619,卖盘
120,09:39:25,16.2,0.01,3,4859,买盘
121,09:39:28,16.2,0.0,2,3240,买盘
122,09:39:49,16.2,0.0,2,3240,买盘
123,09:39:52,16.2,0.0,5,8097,买盘
124,09:39:55,16.2,0.0,4,6480,买盘
125,09:40:01,16.2,0.0,16,25920,买盘
126,09:40:04,16.21,0.01,1,1621,买盘
127,09:40:06,16.21,0.0,2,3242,买盘
128,09:40:10,16.21,0.0,1,1621,买盘
129,09:40:21,16.2,-0.01,5,8100,卖盘
130,09:40:34,16.2,0.0,4,6480,卖盘
131,09:40:51,16.2,0.0,1,1620,卖盘
132,09:41:01,16.2,0.0,30,48600,卖盘
133,09:41:06,16.21,0.01,7,11347,买盘
134,09:41:12,16.21,0.0,1,1621,买盘
135,09:41:16,16.21,0.0,1,1621,买盘
136,09:41:19,16.2,-0.01,3,4862,卖盘
137,09:41:28,16.21,0.01,10,16210,买盘
138,09:41:46,16.21,0.0,7,11347,买盘
139,09:41:49,16.21,0.0,8,12968,买盘
140,09:42:12,16.21,0.0,1,1621,买盘
141,09:42:16,16.21,0.0,6,9721,买盘
142,09:42:18,16.21,0.0,2,3242,买盘
143,09:42:31,16.21,0.0,4,6484,买盘
144,09:42:43,16.21,0.0,2,3242,买盘
145,09:42:46,16.21,0.0,3,4863,买盘
146,09:43:01,16.21,0.0,30,48630,买盘
147,09:43:13,16.21,0.0,4,6484,买盘
148,09:43:16,16.21,0.0,1,1621,买盘
149,09:43:19,16.22,0.01,59,95640,买盘
150,09:43:28,16.22,0.0,7,11354,买盘
151,09:43:40,16.22,0.0,4,6488,买盘
152,09:43:43,16.22,0.0,3,4866,买盘
153,09:43:49,16.22,0.0,1,1622,买盘
154,09:43:57,16.21,-0.01,3,4863,卖盘
155,09:44:01,16.21,0.0,1,1621,买盘
156,09:44:04,16.21,0.0,13,21073,买盘
157,09:44:10,16.22,0.01,23,37306,买盘
158,09:44:16,16.23,0.01,4,6492,买盘
159,09:44:22,16.23,0.0,1,1623,买盘
160,09:44:27,16.23,0.0,20,32460,买盘
161,09:44:31,16.23,0.0,9,14607,买盘
162,09:44:40,16.24,0.01,5,8120,买盘
163,09:44:49,16.24,0.0,2,3248,买盘
164,09:44:51,16.24,0.0,13,21112,买盘
165,09:45:00,16.25,0.01,50,81250,买盘
166,09:45:07,16.24,-0.01,3,4872,卖盘
167,09:45:10,16.25,0.01,1,1625,买盘
168,09:45:18,16.25,0.0,2,3250,买盘
169,09:45:22,16.25,0.0,1,1625,买盘
170,09:45:25,16.24,-0.01,5,8120,卖盘
171,09:45:43,16.25,0.01,44,71500,买盘
172,09:45:45,16.25,0.0,11,17875,卖盘
173,09:45:48,16.26,0.01,7,11382,买盘
174,09:45:52,16.26,0.0,9,14634,买盘
175,09:45:54,16.27,0.01,77,125157,买盘
176,09:46:01,16.27,0.0,5,8135,买盘
177,09:46:07,16.27,0.0,3,4881,买盘
178,09:46:22,16.26,-0.01,3,4878,卖盘
179,09:46:34,16.27,0.01,5,8135,买盘
180,09:46:36,16.27,0.0,4,6508,买盘
181,09:46:39,16.26,-0.01,3,4878,卖盘
182,09:46:46,16.25,-0.01,2,3251,卖盘
183,09:47:01,16.26,0.01,8,13002,买盘
184,09:47:04,16.26,0.0,3,4878,买盘
185,09:47:13,16.25,-0.01,4,6500,卖盘
186,09:47:16,16.25,0.0,4,6500,卖盘
187,09:47:22,16.24,-0.01,6,9749,卖盘
188,09:47:25,16.26,0.02,18,29241,买盘
189,09:47:31,16.26,0.0,2,3252,买盘
190,09:47:37,16.26,0.0,4,6504,买盘
191,09:47:42,16.25,-0.01,1,1625,买盘
192,09:47:49,16.24,-0.01,47,76328,卖盘
193,09:47:52,16.24,0.0,11,17868,卖盘
194,09:48:00,16.25,0.01,5,8121,买盘
195,09:48:06,16.25,0.0,1,1625,买盘
196,09:48:10,16.25,0.0,5,8125,买盘
197,09:48:30,16.25,0.0,1,1625,买盘
198,09:48:34,16.26,0.01,72,117002,买盘
199,09:48:37,16.26,0.0,4,6504,买盘
200,09:48:40,16.27,0.01,6,9757,买盘
201,09:48:43,16.25,-0.02,2,3250,卖盘
202,09:48:48,16.25,0.0,2,3250,卖盘
203,09:48:52,16.25,0.0,25,40625,卖盘
204,09:49:00,16.25,0.0,4,6500,卖盘
205,09:49:04,16.26,0.01,2,3252,买盘
206,09:49:06,16.26,0.0,2,3252,买盘
207,09:49:10,16.26,0.0,6,9756,买盘
208,09:49:13,16.26,0.0,10,16260,买盘
209,09:49:16,16.26,0.0,18,29258,买盘
210,09:49:22,16.26,0.0,5,8130,买盘
211,09:49:31,16.25,-0.01,37,60125,卖盘
212,09:49:37,16.26,0.01,31,50379,买盘
213,09:49:40,16.25,-0.01,3,4875,卖盘
214,09:49:43,16.25,0.0,6,9747,买盘
215,09:49:55,16.24,-0.01,34,55216,卖盘
216,09:49:58,16.24,0.0,37,60040,中性盘
217,09:50:01,16.25,0.01,8,12996,买盘
218,09:50:04,16.25,0.0,6,9746,买盘
219,09:50:07,16.24,-0.01,39,63336,卖盘
220,09:50:10,16.24,0.0,3,4872,买盘
221,09:50:18,16.22,-0.02,1,1622,卖盘
222,09:50:22,16.22,0.0,8,12976,卖盘
223,09:50:30,16.24,0.02,8,12986,买盘
224,09:50:37,16.24,0.0,2,3248,买盘
225,09:50:40,16.24,0.0,1,1624,买盘
226,09:50:49,16.24,0.0,5,8120,买盘
227,09:50:55,16.22,-0.02,1,1622,卖盘
228,09:51:01,16.24,0.02,1,1624,买盘
229,09:51:04,16.24,0.0,2,3248,买盘
230,09:51:07,16.24,0.0,3,4872,买盘
231,09:51:12,16.24,0.0,1,1624,买盘
232,09:51:34,16.24,0.0,5,8120,买盘
233,09:51:52,16.24,0.0,1,1624,买盘
234,09:52:01,16.24,0.0,4,6496,买盘
235,09:52:04,16.24,0.0,1,1624,买盘
236,09:52:07,16.24,0.0,2,3248,买盘
237,09:52:13,16.24,0.0,4,6496,买盘
238,09:52:31,16.25,0.01,1,1625,买盘
239,09:52:36,16.25,0.0,3,4875,买盘
240,09:52:40,16.26,0.01,5,8128,买盘
241,09:53:01,16.26,0.0,4,6504,买盘
242,09:53:04,16.26,0.0,4,6504,买盘
243,09:53:28,16.25,-0.01,7,11375,卖盘
244,09:53:31,16.25,0.0,10,16254,买盘
245,09:53:34,16.25,0.0,2,3250,买盘
246,09:54:04,16.25,0.0,7,11375,买盘
247,09:54:07,16.24,-0.01,72,116930,卖盘
248,09:54:10,16.25,0.01,3,4875,买盘
249,09:54:21,16.25,0.0,14,22750,买盘
250,09:54:28,16.25,0.0,6,9750,卖盘
251,09:54:30,16.26,0.01,34,55254,买盘
252,09:54:34,16.26,0.0,6,9756,买盘
253,09:54:40,16.25,-0.01,12,19505,卖盘
254,09:55:01,16.26,0.01,3,4878,买盘
255,09:55:07,16.27,0.01,25,40652,买盘
256,09:55:10,16.26,-0.01,2,3252,中性盘
257,09:55:34,16.27,0.01,1,1627,买盘
258,09:55:37,16.27,0.0,5,8135,买盘
259,09:55:40,16.27,0.0,2,3254,买盘
260,09:55:46,16.27,0.0,2,3254,买盘
261,09:55:54,16.26,-0.01,2,3252,卖盘
262,09:56:00,16.26,0.0,4,6504,卖盘
263,09:56:04,16.26,0.0,6,9756,买盘
264,09:56:07,16.26,0.0,2,3252,买盘
265,09:56:16,16.26,0.0,31,50406,买盘
266,09:56:28,16.27,0.01,3,4879,买盘
267,09:56:30,16.27,0.0,4,6508,买盘
268,09:56:37,16.27,0.0,2,3254,买盘
269,09:57:01,16.27,0.0,6,9762,买盘
270,09:57:04,16.26,-0.01,1,1626,卖盘
271,09:57:13,16.26,0.0,12,19512,卖盘
272,09:57:19,16.27,0.01,5,8135,买盘
273,09:57:31,16.27,0.0,5,8135,买盘
274,09:57:36,16.26,-0.01,8,13010,卖盘
275,09:57:46,16.27,0.01,50,81350,买盘
276,09:57:57,16.27,0.0,13,21145,中性盘
277,09:58:00,16.28,0.01,10,16271,买盘
278,09:58:10,16.28,0.0,6,9768,买盘
279,09:58:31,16.27,-0.01,8,13016,买盘
280,09:58:33,16.27,0.0,2,3254,买盘
281,09:58:43,16.27,0.0,10,16270,买盘
282,09:58:46,16.27,0.0,10,16270,买盘
283,09:58:49,16.28,0.01,3,4884,买盘
284,09:58:55,16.27,-0.01,4,6508,中性盘
285,09:58:58,16.27,0.0,12,19524,买盘
286,09:59:01,16.28,0.01,3,4884,买盘
287,09:59:04,16.28,0.0,3,4884,买盘
288,09:59:06,16.28,0.0,4,6512,买盘
289,09:59:13,16.28,0.0,1,1628,买盘
290,09:59:30,16.28,0.0,4,6512,买盘
291,09:59:33,16.29,0.01,184,299611,买盘
292,09:59:37,16.29,0.0,1,1629,买盘
293,09:59:40,16.29,0.0,3,4887,买盘
294,10:00:00,16.3,0.01,148,241220,买盘
295,10:00:04,16.29,-0.01,1,1629,中性盘
296,10:00:07,16.29,0.0,9,14661,买盘
297,10:00:10,16.3,0.01,140,228200,买盘
298,10:00:13,16.29,-0.01,15,24435,卖盘
299,10:00:15,16.32,0.03,67,109344,买盘
300,10:00:22,16.32,0.0,2,3264,买盘
301,10:00:28,16.32,0.0,15,24480,买盘
302,10:00:31,16.33,0.01,2,3266,买盘
303,10:00:33,16.33,0.0,5,8165,买盘
304,10:00:37,16.32,-0.01,17,27744,卖盘
305,10:00:40,16.33,0.01,1,1633,买盘
306,10:00:46,16.33,0.0,4,6532,买盘
307,10:00:49,16.33,0.0,6,9798,买盘
308,10:00:52,16.33,0.0,2,3266,买盘
309,10:00:55,16.33,0.0,1,1633,买盘
310,10:01:01,16.33,0.0,13,21229,买盘
311,10:01:04,16.33,0.0,3,4899,买盘
312,10:01:07,16.33,0.0,1,1633,买盘
313,10:01:10,16.32,-0.01,5,8163,卖盘
314,10:01:16,16.32,0.0,1,1632,卖盘
315,10:01:28,16.31,-0.01,7,11417,卖盘
316,10:01:31,16.32,0.01,2,3263,买盘
317,10:01:34,16.33,0.01,18,29376,买盘
318,10:01:40,16.32,-0.01,10,16320,卖盘
319,10:01:43,16.32,0.0,7,11424,卖盘
320,10:01:49,16.32,0.0,7,11424,买盘
321,10:01:52,16.33,0.01,8,13061,买盘
322,10:01:58,16.3,-0.03,20,32600,卖盘
323,10:02:01,16.33,0.03,6,9798,买盘
324,10:02:54,16.32,-0.01,5,8160,买盘
325,10:02:57,16.3,-0.02,12,19574,卖盘
326,10:03:01,16.3,0.0,5,8150,卖盘
327,10:03:28,16.3,0.0,30,48910,卖盘
328,10:03:36,16.3,0.0,8,13040,卖盘
329,10:03:46,16.3,0.0,5,8150,卖盘
330,10:03:49,16.3,0.0,20,32600,卖盘
331,10:03:55,16.3,0.0,20,32585,买盘
332,10:03:58,16.3,0.0,4,6520,买盘
333,10:04:04,16.29,-0.01,2,3258,卖盘
334,10:04:25,16.3,0.01,7,11400,买盘
335,10:04:28,16.3,0.0,9,14660,买盘
336,10:04:55,16.3,0.0,1,1630,买盘
337,10:04:58,16.28,-0.02,9,14666,卖盘
338,10:05:04,16.28,0.0,1,1628,卖盘
339,10:05:06,16.28,0.0,1,1628,买盘
340,10:05:13,16.27,-0.01,10,16270,卖盘
341,10:05:19,16.27,0.0,80,130160,卖盘
342,10:05:21,16.27,0.0,3,4881,卖盘
343,10:05:24,16.28,0.01,2,3256,买盘
344,10:05:28,16.29,0.01,4,6516,买盘
345,10:05:37,16.27,-0.02,19,30913,卖盘
346,10:05:49,16.26,-0.01,80,130080,卖盘
347,10:05:52,16.27,0.01,20,32540,买盘
348,10:05:55,16.26,-0.01,17,27642,卖盘
349,10:05:58,16.27,0.01,3,4881,买盘
350,10:06:06,16.25,-0.02,5,8129,卖盘
351,10:06:19,16.26,0.01,20,32520,卖盘
352,10:06:49,16.25,-0.01,80,130000,卖盘
353,10:06:52,16.25,0.0,79,128375,卖盘
354,10:06:55,16.24,-0.01,13,21112,卖盘
355,10:07:07,16.23,-0.01,75,121725,卖盘
356,10:07:10,16.24,0.01,6,9744,卖盘
357,10:07:13,16.24,0.0,2,3248,卖盘
358,10:07:16,16.23,-0.01,2,3246,卖盘
359,10:07:18,16.23,0.0,80,129840,中性盘
360,10:07:25,16.23,0.0,3,4869,卖盘
361,10:07:36,16.23,0.0,2,3246,卖盘
362,10:07:48,16.23,0.0,17,27591,卖盘
363,10:08:18,16.22,-0.01,21,34062,卖盘
364,10:08:21,16.22,0.0,1,1622,买盘
365,10:08:25,16.22,0.0,4,6488,买盘
366,10:08:37,16.21,-0.01,1,1621,卖盘
367,10:08:39,16.22,0.01,54,87588,买盘
368,10:08:49,16.22,0.0,48,77856,卖盘
369,10:08:52,16.22,0.0,6,9732,买盘
370,10:08:58,16.22,0.0,33,53526,买盘
371,10:09:19,16.22,0.0,16,25952,卖盘
372,10:09:25,16.22,0.0,5,8110,买盘
373,10:09:30,16.22,0.0,1,1622,买盘
374,10:09:37,16.22,0.0,2,3244,买盘
375,10:09:49,16.21,-0.01,42,68083,卖盘
376,10:10:18,16.2,-0.01,20,32400,卖盘
377,10:10:22,16.19,-0.01,1,1619,卖盘
378,10:10:31,16.19,0.0,1,1619,卖盘
379,10:10:34,16.2,0.01,61,98820,买盘
380,10:10:49,16.2,0.0,73,118260,卖盘
381,10:11:01,16.2,0.0,3,4860,买盘
382,10:11:04,16.2,0.0,5,8100,买盘
383,10:11:19,16.19,-0.01,30,48570,卖盘
384,10:11:27,16.19,0.0,2,3238,买盘
385,10:11:49,16.18,-0.01,36,58248,卖盘
386,10:11:58,16.17,-0.01,1,1617,卖盘
387,10:12:19,16.17,0.0,31,50127,卖盘
388,10:12:21,16.17,0.0,1,1617,买盘
389,10:12:49,16.16,-0.01,28,45248,卖盘
390,10:12:52,16.16,0.0,18,29088,买盘
391,10:13:00,16.16,0.0,1,1616,买盘
392,10:13:16,16.16,0.0,35,56560,买盘
393,10:13:19,16.16,0.0,81,130897,卖盘
394,10:13:34,16.16,0.0,24,38806,卖盘
395,10:13:37,16.17,0.01,3,4851,买盘
396,10:13:40,16.17,0.0,3,4851,买盘
397,10:13:43,16.17,0.0,19,30723,买盘
398,10:13:49,16.17,0.0,18,29106,卖盘
399,10:13:55,16.17,0.0,2,3234,买盘
400,10:13:58,16.17,0.0,5,8085,买盘
401,10:14:01,16.17,0.0,5,8085,买盘
402,10:14:04,16.17,0.0,3,4851,买盘
403,10:14:09,16.17,0.0,21,33957,买盘
404,10:14:13,16.17,0.0,4,6468,买盘
405,10:14:19,16.16,-0.01,55,88880,卖盘
406,10:14:27,16.15,-0.01,14,22619,卖盘
407,10:14:30,16.16,0.01,16,25856,买盘
408,10:14:37,16.16,0.0,1,1616,买盘
409,10:14:48,16.16,0.0,15,24240,卖盘
410,10:14:55,16.16,0.0,52,84032,买盘
411,10:14:58,16.16,0.0,2,3232,买盘
412,10:15:01,16.16,0.0,11,17776,买盘
413,10:15:09,16.17,0.01,22,35574,买盘
414,10:15:19,16.16,-0.01,17,27477,卖盘
415,10:15:22,16.16,0.0,7,11312,买盘
416,10:15:30,16.16,0.0,57,92112,买盘
417,10:15:46,16.16,0.0,5,8080,卖盘
418,10:15:49,16.16,0.0,52,84032,卖盘
419,10:15:52,16.15,-0.01,18,29070,卖盘
420,10:16:00,16.16,0.01,5,8080,买盘
421,10:16:18,16.15,-0.01,80,129200,卖盘
422,10:16:25,16.15,0.0,20,32300,卖盘
423,10:16:28,16.15,0.0,52,83980,卖盘
424,10:16:34,16.15,0.0,10,16150,买盘
425,10:16:46,16.15,0.0,2,3230,买盘
426,10:16:49,16.14,-0.01,60,96844,卖盘
427,10:17:13,16.14,0.0,1,1614,买盘
428,10:17:19,16.13,-0.01,49,79037,卖盘
429,10:17:21,16.13,0.0,1,1613,买盘
430,10:17:27,16.12,-0.01,2,3224,卖盘
431,10:17:40,16.11,-0.01,1,1611,卖盘
432,10:17:43,16.12,0.01,1,1612,买盘
433,10:17:48,16.12,0.0,6,9672,卖盘
434,10:17:54,16.11,-0.01,25,40275,卖盘
435,10:18:01,16.11,0.0,1,1611,买盘
436,10:18:04,16.11,0.0,89,143359,买盘
437,10:18:07,16.12,0.01,1,1612,买盘
438,10:18:18,16.11,-0.01,155,249780,卖盘
439,10:18:25,16.12,0.01,1,1612,买盘
440,10:18:34,16.13,0.01,2,3226,买盘
441,10:18:48,16.13,0.0,29,46777,买盘
442,10:18:52,16.13,0.0,4,6452,卖盘
443,10:19:07,16.14,0.01,4,6456,买盘
444,10:19:10,16.14,0.0,15,24210,买盘
445,10:19:24,16.16,0.02,8,12928,买盘
446,10:19:28,16.16,0.0,121,195536,买盘
447,10:19:31,16.16,0.0,2,3232,买盘
448,10:19:49,16.14,-0.02,48,77472,卖盘
449,10:19:54,16.13,-0.01,15,24206,卖盘
450,10:19:57,16.14,0.01,3,4842,买盘
451,10:20:04,16.14,0.0,25,40350,买盘
452,10:20:25,16.16,0.02,58,93728,卖盘
453,10:20:40,16.18,0.02,5,8090,买盘
454,10:20:49,16.18,0.0,1,1618,买盘
455,10:20:54,16.18,0.0,5,8090,买盘
456,10:21:04,16.18,0.0,33,53394,买盘
457,10:21:12,16.18,0.0,4,6472,卖盘
458,10:21:31,16.18,0.0,1,1618,卖盘
459,10:22:19,16.18,0.0,1,1618,卖盘
460,10:22:25,16.16,-0.02,56,90496,卖盘
461,10:23:04,16.17,0.01,7,11319,卖盘
462,10:23:19,16.18,0.01,4,6472,买盘
463,10:23:27,16.18,0.0,1,1618,买盘
464,10:23:40,16.18,0.0,1,1618,买盘
465,10:23:46,16.18,0.0,1,1618,买盘
466,10:24:12,16.19,0.01,4,6476,买盘
467,10:24:27,16.19,0.0,1,1619,买盘
468,10:24:34,16.19,0.0,1,1619,买盘
469,10:24:37,16.18,-0.01,5,8090,卖盘
470,10:24:45,16.19,0.01,2,3238,买盘
471,10:24:55,16.18,-0.01,8,12944,卖盘
472,10:25:01,16.18,0.0,2,3236,买盘
473,10:25:06,16.18,0.0,3,4854,买盘
474,10:25:16,16.18,0.0,1,1618,买盘
475,10:25:19,16.17,-0.01,60,97020,卖盘
476,10:25:28,16.17,0.0,18,29106,买盘
477,10:25:55,16.17,0.0,3,4851,买盘
478,10:26:16,16.18,0.01,4,6472,买盘
479,10:26:31,16.18,0.0,4,6472,卖盘
480,10:26:49,16.18,0.0,1,1618,卖盘
481,10:27:01,16.18,0.0,5,8090,卖盘
482,10:27:25,16.19,0.01,4,6476,买盘
483,10:28:25,16.19,0.0,6,9714,买盘
484,10:28:34,16.19,0.0,5,8095,买盘
485,10:28:45,16.19,0.0,3,4857,买盘
486,10:29:01,16.19,0.0,5,8095,买盘
487,10:29:33,16.19,0.0,3,4857,买盘
488,10:30:55,16.18,-0.01,3,4854,卖盘
489,10:31:19,16.18,0.0,18,29124,卖盘
490,10:31:43,16.18,0.0,1,1618,卖盘
491,10:31:46,16.18,0.0,21,33978,卖盘
492,10:32:24,16.19,0.01,9,14571,买盘
493,10:33:51,16.19,0.0,6,9714,买盘
494,10:34:19,16.18,-0.01,18,29124,卖盘
495,10:34:24,16.18,0.0,5,8090,卖盘
496,10:34:30,16.19,0.01,3,4857,买盘
497,10:35:04,16.19,0.0,1,1619,买盘
498,10:35:31,16.18,-0.01,3,4854,卖盘
499,10:35:34,16.19,0.01,18,29125,买盘
500,10:35:40,16.18,-0.01,2,3236,卖盘
501,10:36:04,16.18,0.0,4,6472,买盘
502,10:36:15,16.17,-0.01,3,4851,卖盘
503,10:36:27,16.17,0.0,4,6468,卖盘
504,10:36:31,16.17,0.0,2,3234,买盘
505,10:36:40,16.18,0.01,2,3236,买盘
506,10:36:55,16.17,-0.01,3,4851,买盘
507,10:37:30,16.16,-0.01,6,9696,卖盘
508,10:37:57,16.16,0.0,2,3232,卖盘
509,10:39:04,16.16,0.0,2,3232,卖盘
510,10:39:16,16.16,0.0,2,3232,卖盘
511,10:39:37,16.17,0.01,7,11319,买盘
512,10:39:49,16.16,-0.01,40,64640,卖盘
513,10:40:13,16.17,0.01,8,12936,买盘
514,10:40:18,16.16,-0.01,18,29088,卖盘
515,10:40:22,16.18,0.02,8,12944,买盘
516,10:40:28,16.17,-0.01,19,30735,卖盘
517,10:40:46,16.17,0.0,1,1617,买盘
518,10:40:49,16.16,-0.01,19,30705,卖盘
519,10:41:13,16.17,0.01,2,3234,买盘
520,10:41:16,16.17,0.0,4,6468,买盘
521,10:41:19,16.17,0.0,2,3234,买盘
522,10:41:22,16.17,0.0,2,3234,买盘
523,10:41:25,16.17,0.0,1,1617,买盘
524,10:41:28,16.17,0.0,5,8085,买盘
525,10:41:54,16.18,0.01,1,1618,卖盘
526,10:42:12,16.18,0.0,14,22652,买盘
527,10:42:31,16.17,-0.01,1,1617,卖盘
528,10:42:37,16.17,0.0,10,16170,买盘
529,10:42:49,16.17,0.0,7,11319,卖盘
530,10:43:34,16.17,0.0,10,16170,买盘
531,10:44:15,16.16,-0.01,1,1616,卖盘
532,10:44:18,16.17,0.01,5,8085,买盘
533,10:44:39,16.16,-0.01,48,77568,卖盘
534,10:44:48,16.16,0.0,11,17776,卖盘
535,10:45:16,16.15,-0.01,2,3230,卖盘
536,10:45:46,16.15,0.0,17,27455,卖盘
537,10:46:09,16.16,0.01,10,16160,买盘
538,10:47:28,16.16,0.0,8,12928,买盘
539,10:47:48,16.15,-0.01,18,29070,卖盘
540,10:47:52,16.16,0.01,2,3232,买盘
541,10:47:58,16.17,0.01,8,12933,买盘
542,10:48:28,16.17,0.0,8,12936,买盘
543,10:48:51,16.17,0.0,4,6468,买盘
544,10:48:58,16.17,0.0,8,12936,买盘
545,10:49:04,16.17,0.0,8,12936,买盘
546,10:49:16,16.17,0.0,3,4851,买盘
547,10:49:28,16.17,0.0,8,12936,买盘
548,10:49:49,16.16,-0.01,3,4848,卖盘
549,10:49:57,16.16,0.0,3,4848,买盘
550,10:50:01,16.16,0.0,5,8080,买盘
551,10:50:21,16.16,0.0,12,19392,买盘
552,10:50:28,16.17,0.01,3,4851,买盘
553,10:50:31,16.17,0.0,5,8085,买盘
554,10:50:49,16.16,-0.01,11,17776,卖盘
555,10:50:57,16.17,0.01,8,12936,买盘
556,10:51:12,16.15,-0.02,6,9691,卖盘
557,10:51:16,16.15,0.0,5,8075,卖盘
558,10:51:18,16.15,0.0,13,20995,卖盘
559,10:51:28,16.15,0.0,6,9690,买盘
560,10:51:31,16.16,0.01,2,3232,买盘
561,10:51:42,16.16,0.0,2,3232,买盘
562,10:51:58,16.16,0.0,4,6464,买盘
563,10:52:01,16.16,0.0,5,8080,买盘
564,10:52:04,16.16,0.0,1,1616,买盘
565,10:52:06,16.16,0.0,1,1616,买盘
566,10:52:30,16.16,0.0,1,1616,买盘
567,10:53:00,16.16,0.0,4,6464,买盘
568,10:53:13,16.16,0.0,3,4848,卖盘
569,10:53:33,16.17,0.01,10,16170,买盘
570,10:53:48,16.16,-0.01,2,3232,卖盘
571,10:54:15,16.16,0.0,5,8080,买盘
572,10:54:43,16.16,0.0,1,1616,买盘
573,10:54:58,16.16,0.0,10,16160,买盘
574,10:55:04,16.15,-0.01,2,3230,卖盘
575,10:55:51,16.16,0.01,1,1616,买盘
576,10:56:39,16.17,0.01,1,1617,买盘
577,10:58:15,16.18,0.01,3,4854,买盘
578,10:58:18,16.18,0.0,2,3236,买盘
579,10:58:48,16.17,-0.01,4,6468,卖盘
580,11:00:09,16.16,-0.01,17,27472,卖盘
581,11:00:30,16.16,0.0,1,1616,卖盘
582,11:00:46,16.16,0.0,1,1616,卖盘
583,11:00:49,16.15,-0.01,61,98515,卖盘
584,11:00:52,16.14,-0.01,21,33894,卖盘
585,11:01:12,16.15,0.01,13,20995,买盘
586,11:01:19,16.14,-0.01,18,29052,卖盘
587,11:01:30,16.14,0.0,26,41964,卖盘
588,11:01:33,16.15,0.01,2,3230,买盘
589,11:01:42,16.15,0.0,3,4845,买盘
590,11:01:48,16.14,-0.01,17,27438,卖盘
591,11:02:19,16.13,-0.01,18,29034,卖盘
592,11:03:13,16.13,0.0,3,4839,卖盘
593,11:04:13,16.14,0.01,2,3228,买盘
594,11:05:00,16.15,0.01,2,3230,买盘
595,11:05:15,16.15,0.0,6,9690,买盘
596,11:05:18,16.14,-0.01,15,24211,卖盘
597,11:06:33,16.14,0.0,14,22596,买盘
598,11:07:15,16.15,0.01,8,12920,买盘
599,11:07:18,16.16,0.01,1,1616,买盘
600,11:07:39,16.15,-0.01,2,3230,卖盘
601,11:07:42,16.15,0.0,6,9690,卖盘
602,11:07:54,16.15,0.0,1,1615,卖盘
603,11:08:30,16.15,0.0,4,6460,卖盘
604,11:08:33,16.16,0.01,1,1616,买盘
605,11:09:15,16.17,0.01,13,21021,买盘
606,11:09:18,16.17,0.0,8,12936,卖盘
607,11:09:36,16.17,0.0,12,19404,买盘
608,11:11:42,16.16,-0.01,5,8080,卖盘
609,11:11:45,16.17,0.01,1,1617,买盘
610,11:11:54,16.17,0.0,10,16170,买盘
611,11:12:48,16.17,0.0,1,1617,买盘
612,11:13:45,16.17,0.0,16,25872,买盘
613,11:14:04,16.17,0.0,3,4851,买盘
614,11:14:19,16.17,0.0,1,1617,买盘
615,11:14:22,16.16,-0.01,7,11312,卖盘
616,11:14:36,16.15,-0.01,5,8075,卖盘
617,11:14:57,16.15,0.0,1,1615,卖盘
618,11:15:01,16.15,0.0,15,24225,卖盘
619,11:15:07,16.14,-0.01,6,9684,卖盘
620,11:15:10,16.14,0.0,4,6456,卖盘
621,11:15:16,16.13,-0.01,7,11291,卖盘
622,11:15:19,16.12,-0.01,88,141907,卖盘
623,11:15:22,16.12,0.0,2,3224,卖盘
624,11:15:25,16.12,0.0,8,12896,卖盘
625,11:15:28,16.12,0.0,2,3224,卖盘
626,11:15:49,16.12,0.0,18,29016,卖盘
627,11:16:19,16.12,0.0,18,29016,卖盘
628,11:17:01,16.12,0.0,14,22578,卖盘
629,11:17:03,16.13,0.01,4,6452,买盘
630,11:17:24,16.12,-0.01,10,16120,卖盘
631,11:17:36,16.12,0.0,2,3224,卖盘
632,11:18:04,16.11,-0.01,8,12888,卖盘
633,11:18:34,16.12,0.01,2,3224,买盘
634,11:18:43,16.12,0.0,100,161200,买盘
635,11:18:45,16.12,0.0,1,1612,买盘
636,11:18:52,16.11,-0.01,18,28998,卖盘
637,11:19:18,16.11,0.0,12,19332,卖盘
638,11:19:34,16.11,0.0,56,90216,买盘
639,11:19:42,16.11,0.0,3,4833,买盘
640,11:19:48,16.1,-0.01,129,207690,卖盘
641,11:20:03,16.1,0.0,15,24150,买盘
642,11:20:06,16.1,0.0,5,8050,买盘
643,11:20:15,16.1,0.0,24,38640,买盘
644,11:20:21,16.09,-0.01,9,14487,卖盘
645,11:20:36,16.1,0.01,10,16100,买盘
646,11:20:42,16.1,0.0,10,16100,买盘
647,11:20:51,16.1,0.0,4,6440,卖盘
648,11:21:18,16.1,0.0,29,46690,买盘
649,11:21:22,16.1,0.0,18,28980,卖盘
650,11:21:27,16.11,0.01,100,161100,买盘
651,11:21:31,16.11,0.0,6,9666,买盘
652,11:21:33,16.12,0.01,9,14508,买盘
653,11:21:51,16.11,-0.01,5,8055,卖盘
654,11:22:06,16.11,0.0,13,20943,买盘
655,11:22:21,16.11,0.0,5,8055,卖盘
656,11:22:36,16.11,0.0,1,1611,买盘
657,11:22:40,16.11,0.0,3,4833,买盘
658,11:22:42,16.11,0.0,1,1611,买盘
659,11:22:45,16.11,0.0,1,1611,买盘
660,11:22:48,16.1,-0.01,19,30591,卖盘
661,11:22:51,16.11,0.01,5,8055,买盘
662,11:22:54,16.11,0.0,1,1611,买盘
663,11:23:12,16.11,0.0,4,6444,买盘
664,11:23:22,16.1,-0.01,18,28980,卖盘
665,11:23:48,16.1,0.0,18,28980,卖盘
666,11:24:24,16.11,0.01,26,41886,买盘
667,11:24:36,16.12,0.01,2,3224,买盘
668,11:24:39,16.12,0.0,3,4836,卖盘
669,11:24:48,16.12,0.0,5,8060,卖盘
670,11:25:06,16.12,0.0,8,12896,买盘
671,11:25:09,16.12,0.0,13,20950,买盘
672,11:25:30,16.13,0.01,1,1613,买盘
673,11:25:33,16.12,-0.01,72,116064,卖盘
674,11:25:51,16.12,0.0,43,69298,买盘
675,11:26:04,16.12,0.0,13,20956,卖盘
676,11:26:21,16.11,-0.01,6,9666,卖盘
677,11:26:24,16.11,0.0,10,16110,买盘
678,11:26:33,16.1,-0.01,23,37030,卖盘
679,11:26:36,16.09,-0.01,4,6436,卖盘
680,11:26:42,16.1,0.01,16,25760,买盘
681,11:26:51,16.09,-0.01,18,28962,卖盘
682,11:27:04,16.09,0.0,20,32180,卖盘
683,11:27:21,16.09,0.0,18,28962,卖盘
684,11:27:33,16.09,0.0,16,25744,卖盘
685,11:27:37,16.1,0.01,13,20930,买盘
686,11:27:40,16.11,0.01,1,1611,买盘
687,11:27:43,16.11,0.0,1,1611,买盘
688,11:27:51,16.1,-0.01,18,28980,卖盘
689,11:28:04,16.11,0.01,3,4833,卖盘
690,11:28:22,16.1,-0.01,18,28980,卖盘
691,11:28:33,16.1,0.0,18,28980,卖盘
692,11:29:33,16.11,0.01,2,3222,卖盘
693,13:00:04,16.11,0.0,48,77315,买盘
694,13:00:49,16.11,0.0,27,43497,卖盘
695,13:01:09,16.13,0.02,2,3226,买盘
696,13:01:45,16.13,0.0,3,4839,买盘
697,13:02:42,16.13,0.0,13,20969,买盘
698,13:02:48,16.13,0.0,10,16130,卖盘
699,13:03:45,16.13,0.0,8,12904,买盘
700,13:03:52,16.13,0.0,2,3226,买盘
701,13:04:15,16.13,0.0,3,4839,买盘
702,13:04:21,16.13,0.0,8,12904,买盘
703,13:06:24,16.12,-0.01,5,8060,卖盘
704,13:07:18,16.12,0.0,3,4836,卖盘
705,13:07:42,16.12,0.0,1,1612,卖盘
706,13:08:48,16.13,0.01,3,4839,买盘
707,13:09:19,16.13,0.0,27,43541,买盘
708,13:09:49,16.13,0.0,1,1613,买盘
709,13:11:51,16.13,0.0,1,1613,买盘
710,13:13:25,16.11,-0.02,6,9666,卖盘
711,13:13:48,16.12,0.01,4,6448,买盘
712,13:14:58,16.12,0.0,4,6448,买盘
713,13:15:12,16.13,0.01,1,1613,买盘
714,13:15:57,16.13,0.0,15,24195,买盘
715,13:16:10,16.12,-0.01,6,9672,卖盘
716,13:16:48,16.13,0.01,4,6452,买盘
717,13:17:15,16.13,0.0,10,16130,买盘
718,13:17:55,16.12,-0.01,32,51584,卖盘
719,13:18:54,16.11,-0.01,6,9666,卖盘
720,13:19:06,16.11,0.0,7,11277,卖盘
721,13:19:45,16.11,0.0,9,14499,卖盘
722,13:19:48,16.11,0.0,5,8055,卖盘
723,13:19:54,16.11,0.0,24,38664,卖盘
724,13:20:24,16.12,0.01,10,16120,买盘
725,13:21:33,16.12,0.0,2,3224,买盘
726,13:22:06,16.12,0.0,13,20956,买盘
727,13:22:22,16.12,0.0,4,6448,买盘
728,13:22:33,16.13,0.01,30,48382,买盘
729,13:22:49,16.13,0.0,4,6452,卖盘
730,13:22:52,16.13,0.0,4,6452,卖盘
731,13:22:55,16.13,0.0,4,6452,卖盘
732,13:23:01,16.13,0.0,2,3226,卖盘
733,13:23:09,16.13,0.0,5,8065,卖盘
734,13:23:12,16.15,0.02,1,1615,买盘
735,13:23:19,16.15,0.0,3,4845,买盘
736,13:23:28,16.13,-0.02,1,1613,卖盘
737,13:23:37,16.15,0.02,7,11305,买盘
738,13:23:46,16.16,0.01,2,3232,买盘
739,13:24:01,16.15,-0.01,5,8075,卖盘
740,13:24:04,16.16,0.01,50,80800,买盘
741,13:24:13,16.14,-0.02,21,33894,卖盘
742,13:24:34,16.15,0.01,1,1615,卖盘
743,13:24:37,16.16,0.01,1,1616,买盘
744,13:24:46,16.15,-0.01,2,3230,卖盘
745,13:24:54,16.16,0.01,1,1616,买盘
746,13:25:04,16.16,0.0,1,1616,买盘
747,13:25:06,16.16,0.0,3,4848,买盘
748,13:25:33,16.16,0.0,10,16160,买盘
749,13:25:46,16.16,0.0,1,1616,买盘
750,13:25:49,16.15,-0.01,2,3230,卖盘
751,13:25:52,16.15,0.0,4,6460,卖盘
752,13:26:13,16.15,0.0,5,8075,卖盘
753,13:27:43,16.15,0.0,6,9690,卖盘
754,13:27:54,16.13,-0.02,4,6452,卖盘
755,13:28:01,16.13,0.0,2,3226,卖盘
756,13:28:40,16.14,0.01,1,1614,买盘
757,13:28:43,16.14,0.0,3,4842,买盘
758,13:28:46,16.14,0.0,9,14526,买盘
759,13:28:49,16.14,0.0,3,4842,买盘
760,13:28:52,16.15,0.01,2,3230,买盘
761,13:28:55,16.15,0.0,4,6460,买盘
762,13:28:57,16.15,0.0,7,11305,买盘
763,13:29:00,16.16,0.01,1,1616,买盘
764,13:29:04,16.16,0.0,1,1616,买盘
765,13:29:06,16.16,0.0,1,1616,买盘
766,13:29:10,16.16,0.0,1,1616,买盘
767,13:29:13,16.16,0.0,1,1616,买盘
768,13:29:16,16.16,0.0,1,1616,买盘
769,13:29:19,16.16,0.0,1,1616,买盘
770,13:29:27,16.18,0.02,10,16180,买盘
771,13:29:43,16.18,0.0,1,1618,卖盘
772,13:29:57,16.19,0.01,3,4857,买盘
773,13:30:04,16.19,0.0,6,9714,买盘
774,13:30:07,16.19,0.0,6,9714,卖盘
775,13:30:13,16.18,-0.01,11,17798,卖盘
776,13:30:16,16.18,0.0,10,16180,买盘
777,13:30:34,16.19,0.01,2,3238,买盘
778,13:30:42,16.2,0.01,17,27537,买盘
779,13:30:55,16.19,-0.01,1,1619,卖盘
780,13:30:57,16.16,-0.03,2,3232,卖盘
781,13:31:10,16.16,0.0,6,9696,卖盘
782,13:31:13,16.16,0.0,5,8084,卖盘
783,13:31:27,16.18,0.02,2,3236,买盘
784,13:31:39,16.19,0.01,19,30747,买盘
785,13:32:04,16.19,0.0,8,12952,买盘
786,13:32:48,16.18,-0.01,1,1618,卖盘
787,13:32:52,16.16,-0.02,2,3232,卖盘
788,13:32:54,16.16,0.0,2,3232,卖盘
789,13:32:57,16.16,0.0,6,9696,卖盘
790,13:33:13,16.16,0.0,2,3232,卖盘
791,13:33:21,16.16,0.0,24,38784,卖盘
792,13:34:13,16.16,0.0,62,100192,买盘
793,13:34:25,16.15,-0.01,20,32300,卖盘
794,13:34:36,16.15,0.0,3,4845,买盘
795,13:34:54,16.15,0.0,10,16150,买盘
796,13:34:57,16.16,0.01,1,1616,买盘
797,13:35:00,16.13,-0.03,2,3227,卖盘
798,13:35:04,16.13,0.0,2,3226,卖盘
799,13:35:07,16.13,0.0,6,9678,卖盘
800,13:35:09,16.13,0.0,2,3226,卖盘
801,13:35:12,16.13,0.0,2,3226,卖盘
802,13:35:16,16.13,0.0,2,3226,卖盘
803,13:35:45,16.12,-0.01,46,74180,卖盘
804,13:36:06,16.12,0.0,1,1612,卖盘
805,13:36:21,16.13,0.01,14,22582,买盘
806,13:36:24,16.13,0.0,2,3226,卖盘
807,13:36:27,16.12,-0.01,24,38703,卖盘
808,13:37:07,16.12,0.0,1,1612,卖盘
809,13:37:24,16.13,0.01,7,11291,买盘
810,13:37:33,16.13,0.0,3,4839,卖盘
811,13:37:36,16.13,0.0,1,1613,卖盘
812,13:38:31,16.13,0.0,6,9678,卖盘
813,13:38:34,16.13,0.0,4,6452,卖盘
814,13:38:54,16.13,0.0,2,3226,卖盘
815,13:39:25,16.13,0.0,1,1613,卖盘
816,13:39:28,16.13,0.0,1,1613,卖盘
817,13:39:30,16.15,0.02,1,1615,买盘
818,13:40:13,16.14,-0.01,7,11298,卖盘
819,13:41:09,16.14,0.0,8,12912,卖盘
820,13:41:18,16.14,0.0,5,8070,买盘
821,13:41:27,16.14,0.0,2,3228,买盘
822,13:43:13,16.14,0.0,5,8070,买盘
823,13:43:28,16.15,0.01,1,1615,买盘
824,13:44:33,16.15,0.0,10,16150,买盘
825,13:45:28,16.15,0.0,10,16150,买盘
826,13:45:43,16.14,-0.01,11,17754,卖盘
827,13:46:06,16.13,-0.01,2,3226,卖盘
828,13:46:25,16.13,0.0,9,14517,卖盘
829,13:46:34,16.13,0.0,4,6452,卖盘
830,13:47:07,16.14,0.01,1,1614,买盘
831,13:49:39,16.13,-0.01,39,62907,卖盘
832,13:49:42,16.13,0.0,23,37100,卖盘
833,13:49:45,16.14,0.01,1,1614,买盘
834,13:50:04,16.13,-0.01,10,16130,卖盘
835,13:50:42,16.14,0.01,1,1614,买盘
836,13:50:54,16.13,-0.01,8,12904,卖盘
837,13:50:58,16.14,0.01,6,9684,买盘
838,13:51:12,16.14,0.0,5,8070,买盘
839,13:51:30,16.13,-0.01,24,38732,卖盘
840,13:51:34,16.13,0.0,4,6452,卖盘
841,13:51:36,16.13,0.0,2,3226,卖盘
842,13:51:40,16.13,0.0,4,6452,卖盘
843,13:51:46,16.13,0.0,2,3226,卖盘
844,13:51:49,16.13,0.0,3,4840,卖盘
845,13:52:25,16.14,0.01,1,1614,买盘
846,13:53:31,16.14,0.0,33,53262,买盘
847,13:53:39,16.14,0.0,5,8070,买盘
848,13:54:06,16.16,0.02,1,1616,买盘
849,13:55:21,16.15,-0.01,5,8075,买盘
850,13:55:42,16.14,-0.01,12,19368,卖盘
851,13:56:49,16.13,-0.01,2,3226,卖盘
852,13:56:52,16.14,0.01,1,1614,买盘
853,13:57:45,16.14,0.0,1,1614,买盘
854,13:58:01,16.13,-0.01,2,3226,卖盘
855,13:58:15,16.13,0.0,3,4839,卖盘
856,13:58:28,16.13,0.0,2,3226,卖盘
857,14:00:51,16.13,0.0,2,3226,卖盘
858,14:00:55,16.13,0.0,4,6452,卖盘
859,14:00:58,16.13,0.0,9,14517,卖盘
860,14:01:01,16.13,0.0,24,38713,卖盘
861,14:01:04,16.13,0.0,27,43551,卖盘
862,14:01:07,16.13,0.0,45,72585,卖盘
863,14:01:10,16.12,-0.01,10,16120,卖盘
864,14:01:13,16.12,0.0,11,17732,卖盘
865,14:01:19,16.12,0.0,15,24180,卖盘
866,14:01:22,16.11,-0.01,91,146601,卖盘
867,14:01:25,16.11,0.0,29,46719,卖盘
868,14:01:28,16.1,-0.01,29,46697,卖盘
869,14:01:30,16.1,0.0,52,83720,卖盘
870,14:01:34,16.1,0.0,33,53130,卖盘
871,14:01:37,16.1,0.0,44,70840,卖盘
872,14:01:40,16.09,-0.01,23,37010,卖盘
873,14:01:43,16.09,0.0,15,24135,卖盘
874,14:01:46,16.09,0.0,7,11263,卖盘
875,14:01:48,16.09,0.0,26,41834,卖盘
876,14:01:52,16.09,0.0,7,11263,卖盘
877,14:01:54,16.09,0.0,5,8045,卖盘
878,14:01:58,16.09,0.0,3,4827,卖盘
879,14:02:01,16.09,0.0,1,1609,卖盘
880,14:02:04,16.1,0.01,1,1610,买盘
881,14:02:07,16.09,-0.01,21,33789,卖盘
882,14:02:10,16.09,0.0,60,96540,卖盘
883,14:02:18,16.08,-0.01,23,36984,卖盘
884,14:02:28,16.09,0.01,29,46661,买盘
885,14:02:34,16.09,0.0,9,14481,买盘
886,14:02:49,16.08,-0.01,218,350551,卖盘
887,14:03:01,16.08,0.0,10,16080,买盘
888,14:03:07,16.06,-0.02,60,96362,卖盘
889,14:03:10,16.07,0.01,3,4821,中性盘
890,14:03:16,16.05,-0.02,50,80296,卖盘
891,14:03:22,16.05,0.0,14,22470,卖盘
892,14:03:27,16.05,0.0,7,11235,卖盘
893,14:03:49,16.05,0.0,14,22470,卖盘
894,14:03:52,16.05,0.0,9,14445,买盘
895,14:04:12,16.05,0.0,10,16051,卖盘
896,14:04:16,16.05,0.0,29,46545,卖盘
897,14:04:19,16.05,0.0,10,16050,买盘
898,14:04:22,16.05,0.0,12,19260,买盘
899,14:04:25,16.05,0.0,34,54570,买盘
900,14:04:27,16.05,0.0,7,11235,买盘
901,14:04:43,16.05,0.0,10,16050,卖盘
902,14:04:49,16.05,0.0,23,36915,卖盘
903,14:04:58,16.05,0.0,3,4815,卖盘
904,14:05:01,16.05,0.0,5,8025,卖盘
905,14:05:10,16.05,0.0,40,64200,卖盘
906,14:05:28,16.08,0.03,1,1608,买盘
907,14:05:31,16.13,0.05,1,1613,买盘
908,14:05:55,16.13,0.0,4,6452,买盘
909,14:06:16,16.13,0.0,6,9678,买盘
910,14:06:34,16.13,0.0,2,3226,买盘
911,14:06:48,16.13,0.0,2,3226,买盘
912,14:07:22,16.13,0.0,1,1613,买盘
913,14:07:25,16.13,0.0,29,46777,买盘
914,14:07:55,16.13,0.0,4,6452,卖盘
915,14:08:01,16.13,0.0,1,1613,卖盘
916,14:08:31,16.13,0.0,2,3226,买盘
917,14:08:37,16.11,-0.02,2,3222,卖盘
918,14:09:01,16.11,0.0,20,32230,卖盘
919,14:09:06,16.11,0.0,20,32220,卖盘
920,14:09:10,16.11,0.0,5,8055,卖盘
921,14:09:25,16.11,0.0,28,45108,买盘
922,14:09:39,16.11,0.0,5,8055,买盘
923,14:09:46,16.11,0.0,1,1611,买盘
924,14:09:49,16.1,-0.01,24,38641,卖盘
925,14:09:52,16.11,0.01,10,16110,买盘
926,14:10:07,16.11,0.0,1,1611,买盘
927,14:10:22,16.13,0.02,16,25808,买盘
928,14:10:25,16.13,0.0,2,3226,买盘
929,14:10:28,16.13,0.0,1,1613,买盘
930,14:10:31,16.13,0.0,1,1613,买盘
931,14:10:33,16.13,0.0,1,1613,买盘
932,14:10:36,16.13,0.0,4,6452,买盘
933,14:10:39,16.13,0.0,1,1613,买盘
934,14:10:42,16.13,0.0,1,1613,买盘
935,14:10:49,16.13,0.0,1,1613,买盘
936,14:11:04,16.13,0.0,1,1613,买盘
937,14:11:06,16.13,0.0,4,6452,买盘
938,14:11:13,16.13,0.0,4,6452,卖盘
939,14:11:25,16.13,0.0,3,4839,卖盘
940,14:12:04,16.13,0.0,27,43551,卖盘
941,14:12:30,16.11,-0.02,50,80555,卖盘
942,14:12:46,16.12,0.01,6,9672,卖盘
943,14:12:49,16.11,-0.01,24,38666,卖盘
944,14:13:07,16.13,0.02,4,6452,买盘
945,14:13:10,16.13,0.0,6,9678,买盘
946,14:13:12,16.13,0.0,2,3226,买盘
947,14:13:15,16.13,0.0,5,8065,买盘
948,14:13:31,16.11,-0.02,3,4833,卖盘
949,14:13:54,16.11,0.0,3,4833,卖盘
950,14:14:37,16.13,0.02,6,9678,买盘
951,14:14:42,16.11,-0.02,1,1611,卖盘
952,14:14:45,16.11,0.0,1,1611,卖盘
953,14:15:33,16.11,0.0,2,3222,卖盘
954,14:16:34,16.12,0.01,1,1612,买盘
955,14:16:37,16.12,0.0,1,1612,买盘
956,14:17:04,16.12,0.0,18,29016,买盘
957,14:17:07,16.13,0.01,21,33873,买盘
958,14:17:10,16.12,-0.01,5,8060,卖盘
959,14:17:13,16.12,0.0,1,1612,卖盘
960,14:17:16,16.11,-0.01,5,8059,卖盘
961,14:17:19,16.12,0.01,1,1612,中性盘
962,14:17:40,16.12,0.0,1,1612,买盘
963,14:17:49,16.12,0.0,5,8060,买盘
964,14:18:10,16.12,0.0,5,8060,买盘
965,14:18:16,16.12,0.0,4,6448,买盘
966,14:18:52,16.12,0.0,6,9672,卖盘
967,14:19:01,16.13,0.01,1,1613,买盘
968,14:19:04,16.12,-0.01,20,32240,卖盘
969,14:19:43,16.13,0.01,4,6452,买盘
970,14:19:49,16.13,0.0,20,32260,买盘
971,14:19:52,16.13,0.0,16,25808,买盘
972,14:19:54,16.13,0.0,19,30647,买盘
973,14:19:58,16.13,0.0,15,24195,买盘
974,14:20:00,16.13,0.0,11,17743,买盘
975,14:20:03,16.13,0.0,6,9678,买盘
976,14:20:06,16.13,0.0,15,24195,买盘
977,14:20:13,16.15,0.02,2,3230,买盘
978,14:20:24,16.13,-0.02,6,9678,卖盘
979,14:20:28,16.13,0.0,2,3226,买盘
980,14:20:30,16.13,0.0,3,4839,买盘
981,14:20:33,16.13,0.0,2,3226,买盘
982,14:20:36,16.13,0.0,2,3226,买盘
983,14:20:39,16.12,-0.01,5,8062,卖盘
984,14:20:42,16.13,0.01,3,4839,买盘
985,14:20:45,16.13,0.0,2,3226,买盘
986,14:20:49,16.13,0.0,10,16130,买盘
987,14:21:00,16.15,0.02,4,6460,买盘
988,14:21:04,16.15,0.0,2,3230,买盘
989,14:21:06,16.15,0.0,7,11305,买盘
990,14:21:10,16.15,0.0,2,3230,买盘
991,14:21:13,16.13,-0.02,23,37103,卖盘
992,14:21:21,16.15,0.02,22,35530,买盘
993,14:21:28,16.16,0.01,2,3232,买盘
994,14:21:31,16.15,-0.01,5,8077,卖盘
995,14:21:34,16.16,0.01,1,1616,买盘
996,14:21:37,16.16,0.0,1,1616,买盘
997,14:21:40,16.16,0.0,1,1616,买盘
998,14:21:43,16.15,-0.01,3,4846,卖盘
999,14:21:46,16.15,0.0,9,14535,买盘
1000,14:21:48,16.15,0.0,4,6460,买盘
1001,14:21:52,16.15,0.0,3,4845,买盘
1002,14:21:58,16.15,0.0,2,3230,买盘
1003,14:22:01,16.15,0.0,2,3230,买盘
1004,14:22:04,16.15,0.0,1,1615,买盘
1005,14:22:06,16.16,0.01,8,12921,买盘
1006,14:22:09,16.16,0.0,1,1616,买盘
1007,14:22:13,16.16,0.0,1,1616,买盘
1008,14:22:16,16.16,0.0,1,1616,买盘
1009,14:22:37,16.16,0.0,8,12928,买盘
1010,14:22:52,16.18,0.02,1,1618,买盘
1011,14:23:10,16.18,0.0,10,16180,买盘
1012,14:23:13,16.19,0.01,20,32376,买盘
1013,14:23:18,16.19,0.0,8,12952,买盘
1014,14:23:22,16.19,0.0,3,4857,买盘
1015,14:23:25,16.2,0.01,58,93948,买盘
1016,14:23:31,16.2,0.0,12,19440,卖盘
1017,14:23:34,16.2,0.0,3,4860,卖盘
1018,14:23:55,16.17,-0.03,2,3234,卖盘
1019,14:24:16,16.16,-0.01,22,35572,卖盘
1020,14:24:25,16.16,0.0,6,9696,卖盘
1021,14:24:31,16.16,0.0,2,3232,卖盘
1022,14:24:46,16.17,0.01,3,4849,买盘
1023,14:25:07,16.15,-0.02,40,64608,卖盘
1024,14:25:24,16.15,0.0,19,30685,卖盘
1025,14:25:52,16.14,-0.01,4,6456,卖盘
1026,14:25:54,16.14,0.0,2,3228,卖盘
1027,14:25:58,16.14,0.0,1,1614,卖盘
1028,14:26:01,16.14,0.0,1,1614,卖盘
1029,14:26:16,16.15,0.01,1,1615,买盘
1030,14:26:19,16.15,0.0,1,1615,买盘
1031,14:26:43,16.15,0.0,27,43605,买盘
1032,14:27:01,16.15,0.0,7,11305,卖盘
1033,14:27:04,16.17,0.02,1,1617,买盘
1034,14:27:16,16.17,0.0,20,32340,买盘
1035,14:27:25,16.17,0.0,2,3234,买盘
1036,14:27:34,16.17,0.0,1,1617,卖盘
1037,14:27:40,16.17,0.0,17,27489,买盘
1038,14:27:46,16.18,0.01,1,1618,买盘
1039,14:27:57,16.18,0.0,1,1618,卖盘
1040,14:28:48,16.2,0.02,13,21060,买盘
1041,14:29:04,16.2,0.0,20,32400,买盘
1042,14:29:07,16.2,0.0,2,3240,卖盘
1043,14:29:10,16.2,0.0,11,17820,卖盘
1044,14:29:25,16.2,0.0,1,1620,卖盘
1045,14:29:28,16.2,0.0,3,4860,卖盘
1046,14:29:34,16.2,0.0,2,3240,卖盘
1047,14:29:37,16.18,-0.02,10,16180,卖盘
1048,14:29:40,16.2,0.02,6,9720,买盘
1049,14:30:27,16.18,-0.02,5,8090,卖盘
1050,14:30:37,16.18,0.0,3,4854,卖盘
1051,14:30:40,16.18,0.0,5,8090,卖盘
1052,14:30:55,16.17,-0.01,1,1617,卖盘
1053,14:31:04,16.18,0.01,14,22652,买盘
1054,14:31:34,16.19,0.01,9,14571,卖盘
1055,14:32:01,16.19,0.0,8,12952,买盘
1056,14:32:40,16.19,0.0,21,33999,卖盘
1057,14:33:01,16.19,0.0,6,9714,卖盘
1058,14:33:04,16.19,0.0,1,1619,买盘
1059,14:33:34,16.17,-0.02,35,56595,卖盘
1060,14:33:58,16.17,0.0,10,16170,卖盘
1061,14:34:16,16.19,0.02,21,33999,买盘
1062,14:34:34,16.18,-0.01,8,12944,卖盘
1063,14:34:48,16.18,0.0,14,22652,买盘
1064,14:35:07,16.18,0.0,20,32360,卖盘
1065,14:35:16,16.18,0.0,3,4854,卖盘
1066,14:35:22,16.18,0.0,2,3236,卖盘
1067,14:35:25,16.18,0.0,5,8090,卖盘
1068,14:35:34,16.17,-0.01,14,22638,卖盘
1069,14:35:37,16.19,0.02,86,139227,买盘
1070,14:35:49,16.19,0.0,501,811119,卖盘
1071,14:35:52,16.19,0.0,169,273611,卖盘
1072,14:35:55,16.19,0.0,75,121425,卖盘
1073,14:35:58,16.16,-0.03,3,4848,卖盘
1074,14:36:04,16.16,0.0,16,25856,卖盘
1075,14:36:19,16.16,0.0,21,33936,卖盘
1076,14:36:22,16.15,-0.01,1,1615,卖盘
1077,14:36:24,16.15,0.0,29,46835,卖盘
1078,14:36:33,16.14,-0.01,16,25824,卖盘
1079,14:36:49,16.14,0.0,38,61332,卖盘
1080,14:36:55,16.14,0.0,7,11298,卖盘
1081,14:37:04,16.13,-0.01,10,16130,卖盘
1082,14:37:22,16.12,-0.01,1,1612,卖盘
1083,14:37:34,16.12,0.0,16,25792,卖盘
1084,14:38:04,16.12,0.0,9,14508,卖盘
1085,14:38:15,16.12,0.0,8,12896,买盘
1086,14:38:34,16.12,0.0,19,30612,买盘
1087,14:38:58,16.12,0.0,5,8060,买盘
1088,14:39:04,16.12,0.0,5,8060,卖盘
1089,14:39:16,16.12,0.0,6,9672,买盘
1090,14:39:22,16.12,0.0,6,9672,买盘
1091,14:39:34,16.12,0.0,2,3224,卖盘
1092,14:39:55,16.1,-0.02,50,80533,卖盘
1093,14:40:04,16.1,0.0,14,22540,卖盘
1094,14:40:19,16.1,0.0,5,8050,买盘
1095,14:40:34,16.09,-0.01,16,25744,卖盘
1096,14:41:10,16.1,0.01,9,14490,卖盘
1097,14:41:34,16.1,0.0,16,25760,卖盘
1098,14:42:16,16.12,0.02,1,1612,买盘
1099,14:42:31,16.12,0.0,20,32240,买盘
1100,14:43:12,16.12,0.0,5,8060,买盘
1101,14:43:19,16.11,-0.01,11,17721,卖盘
1102,14:43:28,16.11,0.0,2,3222,买盘
1103,14:43:34,16.11,0.0,18,28983,买盘
1104,14:43:58,16.11,0.0,4,6444,买盘
1105,14:44:04,16.1,-0.01,16,25760,卖盘
1106,14:44:19,16.11,0.01,12,19332,买盘
1107,14:44:52,16.11,0.0,2,3222,卖盘
1108,14:44:58,16.13,0.02,2,3226,买盘
1109,14:45:16,16.12,-0.01,1,1612,买盘
1110,14:45:28,16.13,0.01,7,11287,买盘
1111,14:45:34,16.11,-0.02,18,29000,卖盘
1112,14:45:46,16.11,0.0,10,16110,卖盘
1113,14:46:18,16.11,0.0,8,12888,卖盘
1114,14:46:22,16.11,0.0,2,3222,卖盘
1115,14:46:31,16.11,0.0,19,30609,卖盘
1116,14:46:37,16.11,0.0,80,128880,卖盘
1117,14:46:40,16.11,0.0,1,1611,卖盘
1118,14:46:46,16.12,0.01,12,19344,买盘
1119,14:47:03,16.13,0.01,46,74182,买盘
1120,14:47:19,16.13,0.0,15,24195,卖盘
1121,14:47:34,16.12,-0.01,1,1612,卖盘
1122,14:47:37,16.12,0.0,7,11284,买盘
1123,14:47:46,16.12,0.0,8,12896,买盘
1124,14:47:52,16.12,0.0,1,1612,卖盘
1125,14:48:00,16.12,0.0,10,16120,卖盘
1126,14:48:04,16.12,0.0,16,25792,卖盘
1127,14:48:22,16.12,0.0,4,6448,卖盘
1128,14:48:34,16.12,0.0,16,25792,卖盘
1129,14:48:49,16.12,0.0,10,16120,卖盘
1130,14:48:55,16.12,0.0,2,3224,卖盘
1131,14:48:57,16.12,0.0,9,14508,卖盘
1132,14:49:10,16.12,0.0,8,12896,买盘
1133,14:49:16,16.11,-0.01,49,77699,卖盘
1134,14:49:21,16.11,0.0,3,6073,买盘
1135,14:49:34,16.11,0.0,16,25776,卖盘
1136,14:49:39,16.11,0.0,8,11648,买盘
1137,14:49:52,16.11,0.0,3,6073,买盘
1138,14:49:54,16.11,0.0,1,1611,卖盘
1139,14:50:04,16.11,0.0,16,25777,卖盘
1140,14:50:10,16.11,0.0,4,6444,卖盘
1141,14:50:22,16.13,0.02,2,3226,买盘
1142,14:50:28,16.11,-0.02,2,3222,卖盘
1143,14:51:13,16.11,0.0,70,112770,卖盘
1144,14:51:34,16.11,0.0,16,25776,卖盘
1145,14:52:04,16.11,0.0,16,25776,卖盘
1146,14:52:13,16.11,0.0,9,14499,卖盘
1147,14:52:19,16.11,0.0,10,16112,卖盘
1148,14:52:25,16.1,-0.01,11,17720,卖盘
1149,14:52:28,16.1,0.0,1,1610,卖盘
1150,14:52:37,16.1,0.0,3,4830,卖盘
1151,14:52:49,16.11,0.01,4,6444,卖盘
1152,14:53:43,16.1,-0.01,1,1610,卖盘
1153,14:53:46,16.1,0.0,3,4830,卖盘
1154,14:53:49,16.11,0.01,4,6444,买盘
1155,14:54:01,16.11,0.0,5,8055,买盘
1156,14:54:10,16.1,-0.01,5,8050,卖盘
1157,14:54:13,16.11,0.01,6,9662,买盘
1158,14:54:49,16.1,-0.01,4,6440,卖盘
1159,14:54:57,16.1,0.0,10,16100,卖盘
1160,14:55:04,16.11,0.01,8,12886,买盘
1161,14:55:07,16.1,-0.01,3,4830,卖盘
1162,14:55:10,16.11,0.01,4,6444,买盘
1163,14:55:16,16.11,0.0,1,1611,买盘
1164,14:55:25,16.11,0.0,1,1611,买盘
1165,14:55:30,16.1,-0.01,17,27370,卖盘
1166,14:55:34,16.11,0.01,1,1611,买盘
1167,14:55:36,16.11,0.0,19,30609,买盘
1168,14:55:40,16.11,0.0,2,3222,买盘
1169,14:55:46,16.11,0.0,30,48330,买盘
1170,14:55:49,16.11,0.0,6,9666,买盘
1171,14:55:51,16.11,0.0,18,28998,买盘
1172,14:56:04,16.11,0.0,6,9666,买盘
1173,14:56:07,16.11,0.0,4,6444,买盘
1174,14:56:10,16.11,0.0,2,3222,买盘
1175,14:56:13,16.1,-0.01,14,22548,卖盘
1176,14:56:31,16.11,0.01,6,9666,买盘
1177,14:56:37,16.11,0.0,38,61218,买盘
1178,14:56:43,16.11,0.0,2,3222,买盘
1179,14:56:48,16.13,0.02,10,16126,买盘
1180,15:00:05,16.13,0.0,189,304857,卖盘
