,time,price,change,volume,amount,type
0,09:30:12,5.12,0.02,38,19456,买盘
1,09:30:36,5.12,0.0,79,40448,卖盘
2,09:30:54,5.12,0.0,79,40473,卖盘
3,09:31:01,5.12,0.0,26,13312,买盘
4,09:31:39,5.13,0.01,1,513,买盘
5,09:31:57,5.13,0.0,14,7182,买盘
6,09:32:15,5.13,0.0,48,24624,卖盘
7,09:32:18,5.14,0.01,30,15418,买盘
8,09:32:51,5.14,0.0,1,514,买盘
9,09:33:06,5.13,-0.01,1,513,卖盘
10,09:33:12,5.14,0.01,1,514,买盘
11,09:33:36,5.13,-0.01,10,5130,买盘
12,09:33:39,5.12,-0.01,81,41489,卖盘
13,09:33:42,5.12,0.0,52,26726,卖盘
14,09:33:45,5.12,0.0,2,1024,卖盘
15,09:34:06,5.12,0.0,22,11264,卖盘
16,09:34:45,5.11,-0.01,13,6643,买盘
17,09:34:48,5.11,0.0,49,25039,买盘
18,09:34:51,5.11,0.0,11,5621,买盘
19,09:34:54,5.11,0.0,2,1022,买盘
20,09:34:57,5.11,0.0,8,4088,买盘
21,09:35:01,5.11,0.0,13,6643,买盘
22,09:35:04,5.11,0.0,7,3577,买盘
23,09:35:06,5.11,0.0,4,2044,买盘
24,09:35:09,5.11,0.0,2,1022,买盘
25,09:35:12,5.11,0.0,68,34748,买盘
26,09:35:16,5.11,0.0,37,18907,买盘
27,09:35:19,5.11,0.0,11,5621,买盘
28,09:35:21,5.11,0.0,5,2555,买盘
29,09:35:24,5.11,0.0,42,21462,买盘
30,09:35:27,5.11,0.0,6,3066,买盘
31,09:35:30,5.11,0.0,4,2044,买盘
32,09:35:33,5.11,0.0,103,52633,买盘
33,09:35:45,5.11,0.0,25,12775,买盘
34,09:36:28,5.13,0.02,1,513,买盘
35,09:36:51,5.12,-0.01,1,512,买盘
36,09:37:00,5.11,-0.01,32,16352,卖盘
37,09:37:21,5.12,0.01,1,512,买盘
38,09:37:24,5.12,0.0,1,512,买盘
39,09:37:30,5.12,0.0,3,1536,买盘
40,09:37:42,5.13,0.01,13,6669,买盘
41,09:37:57,5.14,0.01,2,1028,买盘
42,09:38:00,5.13,-0.01,2,1026,卖盘
43,09:38:21,5.13,0.0,3,1539,卖盘
44,09:38:31,5.13,0.0,1,513,买盘
45,09:38:36,5.13,0.0,6,3078,买盘
46,09:38:57,5.14,0.01,1,514,买盘
47,09:39:12,5.13,-0.01,111,56943,卖盘
48,09:39:27,5.13,0.0,1,513,买盘
49,09:39:30,5.13,0.0,1,513,买盘
50,09:39:54,5.13,0.0,1,513,买盘
51,09:40:27,5.13,0.0,1,513,买盘
52,09:40:54,5.13,0.0,1,513,买盘
53,09:41:24,5.13,0.0,1,513,买盘
54,09:41:27,5.13,0.0,1,513,买盘
55,09:41:52,5.13,0.0,1,513,买盘
56,09:42:15,5.13,0.0,5,2565,买盘
57,09:42:31,5.13,0.0,2,1026,买盘
58,09:42:51,5.13,0.0,1,513,买盘
59,09:42:54,5.13,0.0,1,513,买盘
60,09:43:30,5.12,-0.01,1,512,买盘
61,09:44:00,5.12,0.0,1,512,买盘
62,09:44:24,5.12,0.0,1,512,买盘
63,09:44:30,5.11,-0.01,20,10220,卖盘
64,09:44:55,5.12,0.01,1,512,买盘
65,09:44:57,5.11,-0.01,5,2555,卖盘
66,09:45:00,5.11,0.0,25,12776,卖盘
67,09:45:18,5.11,0.0,20,10220,卖盘
68,09:45:24,5.12,0.01,1,512,买盘
69,09:45:51,5.11,-0.01,95,48545,卖盘
70,09:45:54,5.1,-0.01,32,16320,卖盘
71,09:46:00,5.11,0.01,1,511,卖盘
72,09:46:30,5.12,0.01,1,512,买盘
73,09:46:54,5.12,0.0,2,1024,买盘
74,09:47:21,5.12,0.0,88,45056,买盘
75,09:47:30,5.12,0.0,2,1024,买盘
76,09:47:36,5.12,0.0,30,15360,买盘
77,09:47:42,5.12,0.0,1,512,卖盘
78,09:47:46,5.12,0.0,3,1536,卖盘
79,09:47:51,5.12,0.0,13,6656,卖盘
80,09:47:54,5.12,0.0,149,76288,卖盘
81,09:48:24,5.12,0.0,1,512,买盘
82,09:48:27,5.12,0.0,1,512,买盘
83,09:48:51,5.12,0.0,1,512,买盘
84,09:49:27,5.12,0.0,1,512,买盘
85,09:49:51,5.12,0.0,1,512,买盘
86,09:50:04,5.1,-0.02,10,5100,卖盘
87,09:50:21,5.11,0.01,1,511,买盘
88,09:50:24,5.11,0.0,1,511,买盘
89,09:50:36,5.1,-0.01,10,5100,卖盘
90,09:50:54,5.11,0.01,1,511,买盘
91,09:50:57,5.1,-0.01,16,8170,卖盘
92,09:51:21,5.12,0.02,1,512,买盘
93,09:51:37,5.12,0.0,12,6144,买盘
94,09:51:57,5.12,0.0,2,1024,买盘
95,09:52:21,5.12,0.0,1,512,买盘
96,09:52:24,5.12,0.0,1,512,买盘
97,09:52:28,5.12,0.0,1,512,买盘
98,09:52:54,5.11,-0.01,1,511,买盘
99,09:53:18,5.11,0.0,1,511,买盘
100,09:53:48,5.11,0.0,1,511,买盘
101,09:53:51,5.1,-0.01,30,15300,卖盘
102,09:53:55,5.11,0.01,1,511,买盘
103,09:54:07,5.11,0.0,5,2555,买盘
104,09:54:27,5.11,0.0,1,511,买盘
105,09:54:36,5.1,-0.01,86,43860,卖盘
106,09:54:48,5.1,0.0,1,510,买盘
107,09:54:57,5.09,-0.01,1,509,卖盘
108,09:55:21,5.09,0.0,1,509,买盘
109,09:55:51,5.1,0.01,1,510,买盘
110,09:55:57,5.1,0.0,1,510,买盘
111,09:56:22,5.1,0.0,2,1020,买盘
112,09:56:27,5.09,-0.01,35,17815,卖盘
113,09:56:51,5.1,0.01,1,510,买盘
114,09:57:12,5.1,0.0,8,4080,买盘
115,09:57:18,5.1,0.0,1,510,买盘
116,09:57:51,5.1,0.0,2,1020,买盘
117,09:58:18,5.1,0.0,29,14790,买盘
118,09:58:45,5.11,0.01,1,511,买盘
119,09:58:48,5.11,0.0,1,511,买盘
120,09:59:12,5.11,0.0,1,511,买盘
121,09:59:18,5.11,0.0,1,511,买盘
122,09:59:21,5.11,0.0,1,511,买盘
123,09:59:51,5.11,0.0,2,1022,买盘
124,10:00:03,5.1,-0.01,14,7140,卖盘
125,10:00:18,5.11,0.01,1,511,买盘
126,10:00:39,5.1,-0.01,1,510,卖盘
127,10:01:21,5.1,0.0,15,7650,卖盘
128,10:02:15,5.11,0.01,78,39858,买盘
129,10:03:21,5.1,-0.01,60,30600,卖盘
130,10:06:43,5.11,0.01,43,21973,买盘
131,10:06:45,5.11,0.0,7,3577,卖盘
132,10:07:06,5.11,0.0,6,3066,中性盘
133,10:07:12,5.1,-0.01,100,51000,卖盘
134,10:07:33,5.11,0.01,6,3066,中性盘
135,10:08:06,5.11,0.0,2,1022,中性盘
136,10:08:33,5.11,0.0,1,511,卖盘
137,10:14:06,5.1,-0.01,25,12750,卖盘
138,10:14:54,5.11,0.01,2,1022,买盘
139,10:15:24,5.11,0.0,3,1533,买盘
140,10:16:24,5.11,0.0,1,511,买盘
141,10:16:31,5.1,-0.01,1,510,卖盘
142,10:17:04,5.1,0.0,1,510,卖盘
143,10:18:15,5.11,0.01,2,1022,买盘
144,10:18:54,5.1,-0.01,7,3570,卖盘
145,10:18:57,5.11,0.01,50,25550,买盘
146,10:19:54,5.1,-0.01,125,63750,卖盘
147,10:20:12,5.1,0.0,1,510,买盘
148,10:20:15,5.1,0.0,1,510,买盘
149,10:20:48,5.1,0.0,3,1530,买盘
150,10:21:19,5.1,0.0,82,41820,买盘
151,10:21:45,5.1,0.0,2,1020,买盘
152,10:21:48,5.1,0.0,1,510,买盘
153,10:22:04,5.1,0.0,15,7650,买盘
154,10:22:09,5.1,0.0,47,23970,买盘
155,10:22:12,5.1,0.0,1,510,买盘
156,10:22:18,5.1,0.0,1,510,买盘
157,10:22:33,5.1,0.0,10,5100,买盘
158,10:22:42,5.1,0.0,1,510,买盘
159,10:22:45,5.1,0.0,1,510,买盘
160,10:23:06,5.1,0.0,5,2550,买盘
161,10:23:15,5.1,0.0,72,36720,买盘
162,10:23:18,5.1,0.0,10,5100,买盘
163,10:23:21,5.1,0.0,20,10200,买盘
164,10:23:24,5.1,0.0,1,510,买盘
165,10:23:45,5.1,0.0,1,510,买盘
166,10:23:48,5.1,0.0,1,510,买盘
167,10:24:15,5.1,0.0,2,1020,买盘
168,10:24:33,5.1,0.0,3,1530,买盘
169,10:24:45,5.11,0.01,2,1022,买盘
170,10:25:15,5.11,0.0,2,1022,买盘
171,10:25:42,5.11,0.0,2,1022,买盘
172,10:25:45,5.11,0.0,1,511,买盘
173,10:25:48,5.11,0.0,9,4599,买盘
174,10:26:04,5.1,-0.01,53,27030,卖盘
175,10:26:12,5.1,0.0,10,5100,买盘
176,10:26:15,5.11,0.01,1,511,买盘
177,10:26:45,5.11,0.0,3,1533,买盘
178,10:27:15,5.11,0.0,2,1022,买盘
179,10:27:33,5.11,0.0,95,48545,买盘
180,10:27:45,5.12,0.01,2,1024,买盘
181,10:27:54,5.12,0.0,20,10240,买盘
182,10:28:16,5.12,0.0,1,512,买盘
183,10:28:18,5.12,0.0,1,512,买盘
184,10:30:31,5.12,0.0,1,512,买盘
185,10:30:33,5.12,0.0,3,1536,买盘
186,10:30:45,5.12,0.0,1,512,买盘
187,10:30:49,5.12,0.0,1,512,买盘
188,10:30:51,5.12,0.0,1,512,买盘
189,10:30:54,5.12,0.0,1,512,买盘
190,10:31:04,5.12,0.0,10,5120,买盘
191,10:31:06,5.12,0.0,1,512,买盘
192,10:32:42,5.12,0.0,4,2048,卖盘
193,10:33:04,5.12,0.0,1,512,卖盘
194,10:33:33,5.12,0.0,49,25088,买盘
195,10:34:13,5.14,0.02,106,54381,买盘
196,10:34:16,5.14,0.0,78,40092,买盘
197,10:34:18,5.15,0.01,113,58108,买盘
198,10:38:03,5.13,-0.02,1,513,中性盘
199,10:38:13,5.13,0.0,12,6156,买盘
200,10:43:39,5.12,-0.01,63,32256,卖盘
201,10:43:54,5.12,0.0,37,18944,买盘
202,10:45:00,5.12,0.0,10,5120,买盘
203,10:45:03,5.11,-0.01,83,42413,卖盘
204,10:45:09,5.11,0.0,16,8176,买盘
205,10:46:33,5.12,0.01,1,512,买盘
206,10:49:15,5.12,0.0,30,15360,卖盘
207,10:49:30,5.13,0.01,2,1026,买盘
208,10:50:04,5.13,0.0,2,1026,买盘
209,10:50:30,5.13,0.0,1,513,买盘
210,10:51:04,5.13,0.0,2,1026,买盘
211,10:51:30,5.13,0.0,1,513,买盘
212,10:51:48,5.13,0.0,110,56430,买盘
213,10:52:04,5.14,0.01,2,1028,买盘
214,10:52:33,5.14,0.0,1,514,买盘
215,10:52:36,5.14,0.0,4,2056,买盘
216,10:53:00,5.14,0.0,1,514,买盘
217,10:53:04,5.14,0.0,1,514,买盘
218,10:53:31,5.14,0.0,1,514,买盘
219,10:54:00,5.14,0.0,1,514,买盘
220,10:54:04,5.14,0.0,1,514,买盘
221,10:54:33,5.14,0.0,1,514,买盘
222,10:54:58,5.13,-0.01,31,15904,卖盘
223,10:55:04,5.13,0.0,5,2567,卖盘
224,10:55:33,5.13,0.0,1,513,买盘
225,10:56:00,5.13,0.0,1,513,买盘
226,10:56:04,5.13,0.0,1,513,买盘
227,10:56:33,5.13,0.0,11,5643,买盘
228,10:56:54,5.13,0.0,9,4622,卖盘
229,10:57:04,5.13,0.0,2,1026,买盘
230,10:57:33,5.13,0.0,1,513,买盘
231,10:58:00,5.13,0.0,1,513,买盘
232,10:58:03,5.13,0.0,1,513,买盘
233,10:58:33,5.13,0.0,1,513,买盘
234,10:59:04,5.13,0.0,2,1026,买盘
235,10:59:33,5.13,0.0,1,513,买盘
236,11:00:00,5.12,-0.01,19,9728,卖盘
237,11:00:04,5.12,0.0,2,1024,买盘
238,11:00:36,5.12,0.0,1,512,买盘
239,11:00:55,5.12,0.0,1,512,卖盘
240,11:01:04,5.13,0.01,2,1026,买盘
241,11:01:33,5.13,0.0,1,513,买盘
242,11:02:04,5.13,0.0,2,1026,买盘
243,11:02:34,5.13,0.0,1,513,买盘
244,11:03:00,5.12,-0.01,14,7117,卖盘
245,11:03:03,5.12,0.0,2,1024,买盘
246,11:03:36,5.12,0.0,2,1024,买盘
247,11:04:06,5.12,0.01,6,3072,买盘
248,11:04:18,5.12,0.0,10,5120,买盘
249,11:04:36,5.12,0.0,1,512,买盘
250,11:04:58,5.12,0.0,3,1792,买盘
251,11:05:06,5.13,0.01,1,513,买盘
252,11:05:18,5.12,-0.01,3,1536,卖盘
253,11:05:36,5.13,0.01,2,1026,买盘
254,11:05:42,5.12,-0.01,10,5120,买盘
255,11:06:09,5.12,0.0,2,769,买盘
256,11:06:36,5.12,0.0,1,512,买盘
257,11:06:40,5.12,0.0,1,512,中性盘
258,11:07:06,5.12,0.0,1,512,买盘
259,11:07:36,5.12,0.0,1,512,买盘
260,11:07:39,5.12,0.0,1,512,买盘
261,11:08:06,5.12,0.0,1,512,买盘
262,11:08:40,5.12,0.0,2,1024,买盘
263,11:09:06,5.13,0.01,2,1026,买盘
264,11:09:39,5.12,-0.01,1,512,买盘
265,11:10:09,5.12,0.0,1,512,买盘
266,11:10:39,5.12,0.0,2,1024,买盘
267,11:11:06,5.12,0.0,1,512,买盘
268,11:11:36,5.12,0.0,1,512,买盘
269,11:11:39,5.12,0.0,1,512,买盘
270,11:12:06,5.12,0.0,1,512,买盘
271,11:12:09,5.12,0.0,1,512,买盘
272,11:12:39,5.12,0.0,1,512,买盘
273,11:12:45,5.12,0.0,15,7680,买盘
274,11:13:09,5.13,0.01,1,513,买盘
275,11:13:27,5.13,0.0,103,52839,买盘
276,11:13:39,5.13,0.0,2,1026,买盘
277,11:14:54,5.12,-0.01,50,25600,卖盘
278,11:15:18,5.12,0.0,39,19968,卖盘
279,11:24:07,5.11,-0.01,100,51100,卖盘
280,13:00:04,5.12,0.01,88,45006,买盘
281,13:00:48,5.11,-0.01,17,8840,卖盘
282,13:05:39,5.11,0.0,30,14998,卖盘
283,13:07:39,5.1,-0.01,100,51000,卖盘
284,13:08:42,5.1,0.0,4,2040,卖盘
285,13:09:09,5.1,0.0,64,32640,卖盘
286,13:14:00,5.1,0.0,35,17840,卖盘
287,13:14:24,5.1,0.0,23,11730,买盘
288,13:18:00,5.11,0.01,68,34748,买盘
289,13:18:03,5.11,0.0,2,1354,买盘
290,13:19:24,5.12,0.01,27,13824,买盘
291,13:25:21,5.12,0.0,100,50847,买盘
292,13:26:33,5.11,-0.01,1,511,卖盘
293,13:27:36,5.11,0.0,1,511,卖盘
294,13:28:33,5.11,0.0,50,25550,卖盘
295,13:29:12,5.11,0.0,50,25550,买盘
296,13:30:15,5.1,-0.01,35,17850,卖盘
297,13:31:06,5.1,0.0,20,10200,卖盘
298,13:32:04,5.11,0.01,30,15330,买盘
299,13:32:52,5.1,-0.01,10,5100,卖盘
300,13:33:57,5.1,0.0,8,4080,卖盘
301,13:35:18,5.11,0.01,22,11242,买盘
302,13:37:06,5.11,0.0,4,2044,卖盘
303,13:37:09,5.12,0.01,2,1024,买盘
304,13:37:48,5.12,0.0,5,2560,买盘
305,13:38:15,5.11,-0.01,40,20440,卖盘
306,13:38:39,5.11,0.0,179,91469,卖盘
307,13:42:24,5.12,0.01,1,512,买盘
308,13:45:03,5.11,-0.01,2,1022,卖盘
309,13:45:12,5.11,0.0,1,511,卖盘
310,13:45:45,5.11,0.0,5,2555,卖盘
311,13:46:04,5.11,0.0,5,2555,卖盘
312,13:46:18,5.11,0.0,103,52633,卖盘
313,13:49:09,5.1,-0.01,1,510,卖盘
314,13:52:00,5.1,0.0,136,69350,卖盘
315,13:53:15,5.1,0.0,51,26010,买盘
316,13:53:48,5.1,0.0,12,6120,买盘
317,13:55:45,5.09,-0.01,260,132340,卖盘
318,13:56:28,5.09,0.0,5,2545,卖盘
319,13:56:39,5.09,0.0,10,5090,买盘
320,13:57:03,5.08,-0.01,38,19304,卖盘
321,13:57:18,5.09,0.01,1,509,买盘
322,13:58:24,5.09,0.0,5,2545,买盘
323,14:01:09,5.08,-0.01,279,141767,卖盘
324,14:02:06,5.08,0.0,5,2540,买盘
325,14:02:16,5.08,0.0,5,2540,买盘
326,14:02:21,5.07,-0.01,187,94819,卖盘
327,14:02:45,5.07,0.0,10,5070,买盘
328,14:03:06,5.1,0.03,16,8119,买盘
329,14:03:48,5.07,-0.03,20,10140,卖盘
330,14:04:45,5.07,0.0,1,507,买盘
331,14:04:48,5.09,0.02,5,2545,买盘
332,14:05:22,5.09,0.0,1,509,买盘
333,14:05:33,5.09,0.0,6,3054,买盘
334,14:06:24,5.09,0.0,20,10180,买盘
335,14:08:18,5.09,0.0,146,74314,买盘
336,14:08:34,5.1,0.01,19,9690,买盘
337,14:08:57,5.09,-0.01,243,123687,卖盘
338,14:09:52,5.09,0.0,472,240248,卖盘
339,14:11:24,5.07,-0.02,64,32448,卖盘
340,14:12:09,5.07,0.0,24,12168,买盘
341,14:14:03,5.09,0.02,5,2545,买盘
342,14:15:21,5.08,-0.01,10,5080,卖盘
343,14:15:52,5.08,0.0,95,48260,卖盘
344,14:16:06,5.08,0.0,145,73660,卖盘
345,14:18:04,5.08,0.0,7,3556,买盘
346,14:19:15,5.08,0.0,24,12192,买盘
347,14:19:51,5.08,0.0,10,5080,买盘
348,14:20:12,5.08,0.0,14,7112,买盘
349,14:20:21,5.08,0.0,5,2540,卖盘
350,14:23:42,5.07,-0.01,99,50200,卖盘
351,14:27:52,5.08,0.01,10,5080,卖盘
352,14:30:18,5.08,0.0,33,16764,卖盘
353,14:31:33,5.07,-0.01,50,25350,卖盘
354,14:32:06,5.08,0.01,8,4064,买盘
355,14:32:15,5.07,-0.01,9,4563,卖盘
356,14:32:46,5.07,0.0,9,4563,卖盘
357,14:33:06,5.07,0.0,44,22308,卖盘
358,14:33:16,5.06,-0.01,9,4554,卖盘
359,14:33:27,5.07,0.01,44,22308,买盘
360,14:33:46,5.06,-0.01,9,4554,卖盘
361,14:34:03,5.06,0.0,73,36949,卖盘
362,14:34:15,5.06,0.0,9,4554,卖盘
363,14:34:42,5.07,0.01,5,2535,卖盘
364,14:34:46,5.07,0.0,9,4563,卖盘
365,14:35:06,5.08,0.01,7,3556,买盘
366,14:35:09,5.08,0.0,8,4064,买盘
367,14:35:15,5.08,0.0,12,6087,买盘
368,14:35:45,5.07,-0.01,9,4563,卖盘
369,14:36:15,5.07,0.0,9,4563,卖盘
370,14:36:45,5.08,0.01,9,4572,卖盘
371,14:37:12,5.09,0.01,4,2036,买盘
372,14:37:15,5.08,-0.01,9,4572,卖盘
373,14:37:45,5.08,0.0,9,4572,卖盘
374,14:38:16,5.08,0.0,32,16256,卖盘
375,14:38:42,5.08,0.0,9,4826,中性盘
376,14:38:45,5.07,-0.01,9,4564,买盘
377,14:38:54,5.08,0.01,50,25400,中性盘
378,14:39:15,5.07,-0.01,9,4563,卖盘
379,14:39:45,5.07,0.0,9,4563,卖盘
380,14:40:00,5.08,0.01,5,2540,买盘
381,14:40:16,5.07,-0.01,9,4563,卖盘
382,14:40:25,5.08,0.01,46,23368,买盘
383,14:40:27,5.08,0.0,53,26924,卖盘
384,14:40:46,5.07,-0.01,9,4563,卖盘
385,14:41:15,5.07,0.0,9,4563,卖盘
386,14:41:42,5.08,0.01,35,17780,买盘
387,14:41:45,5.07,-0.01,8,4056,卖盘
388,14:42:28,5.08,0.01,65,33020,买盘
389,14:42:36,5.08,0.0,10,5080,卖盘
390,14:43:12,5.09,0.01,101,51501,买盘
391,14:43:34,5.08,-0.01,2,1016,中性盘
392,14:43:39,5.08,0.0,20,10160,中性盘
393,14:43:51,5.09,0.01,20,10180,买盘
394,14:43:54,5.09,0.0,14,7126,买盘
395,14:44:21,5.08,-0.01,20,10160,中性盘
396,14:44:51,5.08,0.0,14,7112,买盘
397,14:45:06,5.08,0.0,16,8128,卖盘
398,14:46:30,5.07,-0.01,50,25350,卖盘
399,14:47:27,5.07,0.0,35,17745,卖盘
400,14:47:36,5.07,0.0,60,30420,卖盘
401,14:48:36,5.07,0.0,6,3046,卖盘
402,14:48:48,5.07,0.0,40,20280,卖盘
403,14:48:51,5.07,0.0,10,5070,卖盘
404,14:48:54,5.07,0.0,38,19266,卖盘
405,14:49:04,5.07,0.0,153,77571,卖盘
406,14:49:12,5.07,0.0,14,6844,卖盘
407,14:49:51,5.06,-0.01,70,35420,卖盘
408,14:49:54,5.07,0.01,3,1521,买盘
409,14:49:57,5.07,0.0,16,8112,买盘
410,14:50:12,5.06,-0.01,232,117392,卖盘
411,14:50:42,5.06,0.0,20,10120,买盘
412,14:51:06,5.06,0.0,48,24288,买盘
413,14:51:09,5.07,0.01,17,8619,买盘
414,14:51:36,5.06,-0.01,90,45540,卖盘
415,14:51:48,5.06,0.0,3,1518,买盘
416,14:52:21,5.06,0.0,30,15180,买盘
417,14:52:31,5.06,0.0,10,5060,买盘
418,14:52:33,5.05,-0.01,13,6565,卖盘
419,14:52:36,5.06,0.01,4,2024,买盘
420,14:52:57,5.06,0.0,100,50600,买盘
421,14:53:12,5.06,0.0,35,17710,买盘
422,14:53:39,5.06,0.0,41,20746,买盘
423,14:53:42,5.06,0.0,10,5060,买盘
424,14:53:45,5.06,0.0,1,506,买盘
425,14:53:51,5.06,0.0,51,25806,买盘
426,14:54:04,5.07,0.01,100,50700,买盘
427,14:54:12,5.07,0.0,1,507,买盘
428,14:54:27,5.06,-0.01,19,9614,卖盘
429,14:54:39,5.05,-0.01,10,5050,卖盘
430,14:55:04,5.06,0.01,21,10626,买盘
431,14:55:09,5.05,-0.01,23,11619,卖盘
432,14:55:21,5.06,0.01,1,506,卖盘
433,14:55:36,5.07,0.01,5,2535,买盘
434,14:55:42,5.06,-0.01,93,47058,卖盘
435,14:55:45,5.06,0.0,1,506,买盘
436,14:56:01,5.06,0.0,6,3036,买盘
437,14:56:09,5.06,0.0,14,7084,卖盘
438,14:56:12,5.06,0.0,26,13156,买盘
439,14:56:27,5.07,0.01,1,507,买盘
440,14:56:48,5.07,0.0,228,115596,买盘
441,14:56:51,5.07,0.0,7,3549,买盘
442,15:00:03,5.07,0.0,216,109664,买盘
