,time,price,change,volume,amount,type
0,09:25:05,5.65,-0.03,112,63280,卖盘
1,09:30:01,5.57,-0.08,29,16224,卖盘
2,09:30:04,5.62,0.05,8,4496,中性盘
3,09:30:07,5.61,-0.01,16,8976,买盘
4,09:30:10,5.61,0.0,49,27489,买盘
5,09:30:12,5.61,0.0,1,561,买盘
6,09:30:39,5.62,0.01,36,20232,卖盘
7,09:30:57,5.62,0.0,16,8992,买盘
8,09:31:12,5.61,-0.01,3,1683,卖盘
9,09:31:24,5.62,0.01,9,5058,卖盘
10,09:31:33,5.62,0.0,1,562,卖盘
11,09:31:45,5.61,-0.01,141,79101,卖盘
12,09:31:48,5.62,0.01,12,6744,买盘
13,09:31:58,5.61,-0.01,1,561,卖盘
14,09:33:04,5.61,0.0,10,5610,卖盘
15,09:33:21,5.62,0.01,10,5620,买盘
16,09:33:27,5.64,0.02,139,78361,买盘
17,09:33:45,5.64,0.0,2,1128,买盘
18,09:33:57,5.62,-0.02,34,19108,卖盘
19,09:34:00,5.62,0.0,10,5620,买盘
20,09:34:09,5.62,0.0,18,10116,买盘
21,09:34:12,5.62,0.0,17,9554,买盘
22,09:34:18,5.62,0.0,1,562,卖盘
23,09:35:24,5.62,0.0,2,1124,卖盘
24,09:35:28,5.62,0.0,10,5620,卖盘
25,09:35:30,5.62,0.0,3,1686,卖盘
26,09:35:34,5.62,0.0,10,5620,卖盘
27,09:35:37,5.62,0.0,8,4496,卖盘
28,09:35:40,5.62,0.0,42,23604,卖盘
29,09:35:42,5.62,0.0,60,33720,卖盘
30,09:35:45,5.62,0.0,1,562,卖盘
31,09:35:48,5.61,-0.01,11,6178,卖盘
32,09:35:51,5.61,0.0,9,5049,卖盘
33,09:35:57,5.61,0.0,19,10659,卖盘
34,09:36:01,5.61,0.0,2,1122,卖盘
35,09:36:10,5.62,0.01,44,24688,买盘
36,09:36:15,5.62,0.0,7,3934,卖盘
37,09:36:24,5.61,-0.01,5,2805,卖盘
38,09:36:27,5.61,0.0,15,8415,卖盘
39,09:36:30,5.61,0.0,45,25245,卖盘
40,09:36:33,5.61,0.0,4,2244,卖盘
41,09:36:37,5.61,0.0,14,7854,卖盘
42,09:36:39,5.61,0.0,3,1683,卖盘
43,09:36:42,5.61,0.0,2,1122,卖盘
44,09:36:46,5.61,0.0,3,1683,卖盘
45,09:37:03,5.61,0.0,5,2805,卖盘
46,09:37:06,5.61,0.0,3,1683,卖盘
47,09:37:16,5.61,0.0,5,2808,卖盘
48,09:37:21,5.61,0.0,44,24689,卖盘
49,09:37:34,5.61,0.0,6,3366,卖盘
50,09:37:51,5.61,0.0,4,2244,买盘
51,09:37:54,5.6,-0.01,30,16800,卖盘
52,09:38:00,5.6,0.0,100,56000,卖盘
53,09:38:09,5.6,0.0,4,2240,卖盘
54,09:38:22,5.61,0.01,56,31363,买盘
55,09:38:24,5.6,-0.01,19,10640,卖盘
56,09:38:27,5.6,0.0,23,12880,卖盘
57,09:38:31,5.6,0.0,15,8400,卖盘
58,09:38:48,5.61,0.01,2,1122,买盘
59,09:38:51,5.6,-0.01,90,50400,卖盘
60,09:38:54,5.6,0.0,22,12320,买盘
61,09:39:00,5.6,0.0,18,10080,卖盘
62,09:39:03,5.6,0.0,4,2240,卖盘
63,09:39:27,5.6,0.0,52,29120,卖盘
64,09:39:34,5.6,0.0,12,6720,卖盘
65,09:40:06,5.61,0.01,2,1122,卖盘
66,09:40:13,5.61,0.0,2,1122,买盘
67,09:40:22,5.61,0.0,7,3927,买盘
68,09:41:33,5.61,0.0,20,11220,卖盘
69,09:42:00,5.62,0.01,23,13319,买盘
70,09:43:09,5.62,0.0,1,562,卖盘
71,09:43:15,5.63,0.01,31,17453,买盘
72,09:43:28,5.63,0.0,14,7882,买盘
73,09:43:30,5.63,0.0,4,2252,买盘
74,09:43:33,5.63,0.0,3,1689,买盘
75,09:43:36,5.63,0.0,13,7319,买盘
76,09:43:57,5.63,0.0,37,20831,买盘
77,09:44:39,5.62,-0.01,5,2810,卖盘
78,09:44:57,5.63,0.01,20,11260,买盘
79,09:45:21,5.62,-0.01,18,10116,卖盘
80,09:45:54,5.62,0.0,196,110152,卖盘
81,09:46:06,5.62,0.0,5,2417,卖盘
82,09:47:00,5.62,0.0,25,14050,买盘
83,09:47:04,5.62,0.0,3,1686,买盘
84,09:47:09,5.61,-0.01,5,2805,卖盘
85,09:47:37,5.61,0.0,10,5610,卖盘
86,09:48:48,5.62,0.01,50,28100,买盘
87,09:49:12,5.62,0.0,41,23435,买盘
88,09:49:15,5.62,0.0,1,562,卖盘
89,09:49:24,5.63,0.01,1,563,买盘
90,09:49:36,5.63,0.0,10,5630,买盘
91,09:50:42,5.64,0.01,8,4512,买盘
92,09:50:48,5.63,-0.01,18,10134,卖盘
93,09:50:57,5.63,0.0,10,5630,卖盘
94,09:51:15,5.63,0.0,16,9008,买盘
95,09:51:30,5.64,0.01,3,1692,买盘
96,09:52:36,5.63,-0.01,20,11260,卖盘
97,09:53:48,5.63,0.0,130,73200,卖盘
98,09:53:57,5.63,0.0,10,5630,买盘
99,09:54:24,5.62,-0.01,4,2248,卖盘
100,09:54:55,5.62,0.0,5,2810,卖盘
101,09:55:24,5.63,0.01,10,5630,买盘
102,09:55:36,5.63,0.0,1,563,买盘
103,09:57:06,5.63,0.0,40,22520,买盘
104,09:57:22,5.62,-0.01,4,2248,卖盘
105,09:57:51,5.62,0.0,26,14612,卖盘
106,09:58:16,5.62,0.0,60,33720,卖盘
107,09:58:21,5.63,0.01,10,5630,买盘
108,10:00:06,5.63,0.0,18,10134,买盘
109,10:00:48,5.62,-0.01,6,3372,卖盘
110,10:01:30,5.63,0.01,3,1689,买盘
111,10:01:39,5.63,0.0,2,1126,买盘
112,10:01:42,5.63,0.0,4,2252,买盘
113,10:01:52,5.63,0.0,78,43914,买盘
114,10:02:01,5.65,0.02,449,253454,买盘
115,10:02:39,5.67,0.02,16,9072,买盘
116,10:03:12,5.66,-0.01,10,5660,卖盘
117,10:04:04,5.66,0.0,10,5660,买盘
118,10:04:27,5.66,0.0,13,7358,买盘
119,10:04:45,5.65,-0.01,53,29945,卖盘
120,10:05:09,5.64,-0.01,6,3384,卖盘
121,10:05:42,5.64,0.0,1,564,卖盘
122,10:06:07,5.64,0.0,1,564,卖盘
123,10:06:12,5.64,0.0,2,1128,卖盘
124,10:06:27,5.63,-0.01,48,27067,卖盘
125,10:06:45,5.63,0.0,4,2252,卖盘
126,10:07:36,5.64,0.01,5,2820,买盘
127,10:07:51,5.64,0.0,11,6204,卖盘
128,10:07:54,5.64,0.0,80,45120,卖盘
129,10:08:15,5.64,0.0,10,5640,卖盘
130,10:08:37,5.64,0.0,9,5076,卖盘
131,10:08:42,5.64,0.0,4,2256,买盘
132,10:09:01,5.64,0.0,1,564,卖盘
133,10:09:18,5.65,0.01,35,19766,买盘
134,10:09:28,5.63,-0.02,20,11260,卖盘
135,10:10:06,5.64,0.01,10,5640,买盘
136,10:10:16,5.64,0.0,19,10716,卖盘
137,10:10:30,5.64,0.0,71,40044,卖盘
138,10:10:39,5.63,-0.01,69,38847,卖盘
139,10:11:21,5.63,0.0,1,563,卖盘
140,10:11:30,5.63,0.0,34,19142,卖盘
141,10:11:48,5.63,0.0,70,39410,卖盘
142,10:11:55,5.63,0.0,2,1126,卖盘
143,10:12:30,5.63,0.0,50,28150,卖盘
144,10:13:03,5.63,0.0,8,4504,卖盘
145,10:14:03,5.64,0.01,10,5640,买盘
146,10:14:18,5.64,0.0,1,564,买盘
147,10:14:51,5.64,0.0,15,8460,买盘
148,10:15:27,5.63,-0.01,116,65308,卖盘
149,10:15:36,5.63,0.0,91,51233,买盘
150,10:15:43,5.63,0.0,6,3378,卖盘
151,10:15:46,5.62,-0.01,13,7309,卖盘
152,10:15:54,5.63,0.01,90,50670,买盘
153,10:16:12,5.63,0.0,4,2252,买盘
154,10:17:21,5.63,0.0,10,5630,卖盘
155,10:17:27,5.63,0.0,248,139624,卖盘
156,10:17:31,5.62,-0.01,200,112400,卖盘
157,10:18:00,5.63,0.01,50,28150,买盘
158,10:18:06,5.62,-0.01,2,1124,卖盘
159,10:18:15,5.63,0.01,76,42717,买盘
160,10:19:12,5.62,-0.01,6,3372,卖盘
161,10:21:12,5.6,-0.02,1184,664056,卖盘
162,10:21:19,5.6,0.0,3,1680,买盘
163,10:21:34,5.6,0.0,159,89432,买盘
164,10:21:42,5.62,0.02,1,169,买盘
165,10:22:49,5.6,-0.02,39,21840,卖盘
166,10:22:51,5.6,0.0,1,560,买盘
167,10:22:54,5.6,0.0,4,2240,买盘
168,10:22:57,5.6,0.0,1,560,买盘
169,10:23:45,5.6,0.0,99,55440,买盘
170,10:24:15,5.6,0.0,10,5600,卖盘
171,10:24:21,5.61,0.01,10,5610,买盘
172,10:25:09,5.61,0.0,8,4488,卖盘
173,10:25:45,5.62,0.01,5,2810,买盘
174,10:25:51,5.61,-0.01,2,1122,卖盘
175,10:26:45,5.62,0.01,5,2810,买盘
176,10:28:04,5.61,-0.01,10,5610,卖盘
177,10:28:12,5.61,0.0,53,29733,卖盘
178,10:30:12,5.6,-0.01,76,42578,卖盘
179,10:30:18,5.6,0.0,110,61600,卖盘
180,10:30:24,5.6,0.0,1,560,卖盘
181,10:31:04,5.6,0.0,29,16240,卖盘
182,10:32:57,5.6,0.0,40,22400,卖盘
183,10:33:48,5.62,0.02,3,1686,买盘
184,10:34:09,5.62,0.0,3,1686,买盘
185,10:34:57,5.6,-0.02,258,144480,卖盘
186,10:35:21,5.59,-0.01,70,39130,卖盘
187,10:35:25,5.59,0.0,1,559,卖盘
188,10:35:39,5.6,0.01,62,34720,买盘
189,10:35:42,5.6,0.0,6,3360,买盘
190,10:36:30,5.59,-0.01,40,22360,卖盘
191,10:36:48,5.62,0.03,10,5620,买盘
192,10:36:51,5.59,-0.03,18,10062,卖盘
193,10:37:24,5.59,0.0,20,11180,卖盘
194,10:37:42,5.59,0.0,53,29627,卖盘
195,10:39:00,5.6,0.01,5,2800,卖盘
196,10:41:21,5.61,0.01,197,110517,买盘
197,10:42:15,5.61,0.0,5,2805,卖盘
198,10:42:36,5.62,0.01,1,562,买盘
199,10:43:07,5.61,-0.01,4,2244,卖盘
200,10:43:33,5.6,-0.01,8,4480,卖盘
201,10:44:12,5.6,0.0,10,5600,卖盘
202,10:44:15,5.6,0.0,2,1120,卖盘
203,10:44:46,5.6,0.0,5,2800,卖盘
204,10:44:58,5.6,0.0,70,39200,卖盘
205,10:45:51,5.6,0.0,26,14560,卖盘
206,10:46:36,5.6,0.0,71,39760,卖盘
207,10:46:39,5.59,-0.01,1,559,卖盘
208,10:46:51,5.6,0.01,10,5600,买盘
209,10:47:33,5.6,0.0,50,28000,买盘
210,10:48:12,5.6,0.0,100,56000,买盘
211,10:48:27,5.6,0.0,49,27440,买盘
212,10:48:34,5.6,0.0,23,12880,卖盘
213,10:48:37,5.59,-0.01,1,559,卖盘
214,10:48:43,5.6,0.01,4,2240,买盘
215,10:48:54,5.6,0.0,80,44800,买盘
216,10:49:00,5.6,0.0,5,2800,买盘
217,10:49:55,5.61,0.01,127,71247,买盘
218,10:50:06,5.61,0.0,50,28050,买盘
219,10:51:10,5.61,0.0,18,10098,卖盘
220,10:53:00,5.62,0.01,5,2810,买盘
221,10:53:30,5.61,-0.01,2,1122,卖盘
222,10:53:33,5.62,0.01,1,562,买盘
223,10:54:52,5.61,-0.01,1,561,卖盘
224,10:59:00,5.61,0.0,20,11220,卖盘
225,11:00:04,5.61,0.0,20,11220,卖盘
226,11:00:30,5.61,0.0,30,16830,卖盘
227,11:00:33,5.61,0.0,2,1122,卖盘
228,11:00:57,5.61,0.0,9,5049,卖盘
229,11:01:03,5.6,-0.01,7,3920,卖盘
230,11:01:33,5.6,0.0,46,25760,卖盘
231,11:01:48,5.6,0.0,4,2240,卖盘
232,11:02:00,5.61,0.01,1,561,买盘
233,11:02:54,5.61,0.0,1,561,买盘
234,11:03:04,5.6,-0.01,1,560,卖盘
235,11:03:12,5.61,0.01,100,56100,买盘
236,11:04:15,5.6,-0.01,3,1680,卖盘
237,11:04:21,5.61,0.01,90,50490,买盘
238,11:04:49,5.62,0.01,6,3372,买盘
239,11:05:06,5.62,0.0,9,5058,卖盘
240,11:05:15,5.62,0.0,25,14050,卖盘
241,11:06:27,5.61,-0.01,10,5610,卖盘
242,11:06:54,5.61,0.0,13,7293,卖盘
243,11:08:51,5.6,-0.01,64,35840,卖盘
244,11:08:54,5.59,-0.01,1,559,卖盘
245,11:11:00,5.59,0.0,180,100620,卖盘
246,11:15:42,5.6,0.01,10,5600,买盘
247,11:16:00,5.59,-0.01,11,6149,卖盘
248,11:17:04,5.6,0.01,10,5600,买盘
249,11:18:24,5.6,0.0,36,20160,买盘
250,11:18:30,5.6,0.0,13,7280,卖盘
251,11:19:00,5.6,0.0,20,11200,卖盘
252,11:20:03,5.6,0.0,2,1120,卖盘
253,11:20:21,5.6,0.0,10,5600,卖盘
254,11:21:15,5.6,0.0,10,5600,卖盘
255,11:21:36,5.6,0.0,41,22960,卖盘
256,11:21:54,5.59,-0.01,5,2795,卖盘
257,11:22:36,5.6,0.01,16,8960,买盘
258,11:22:54,5.6,0.0,34,19040,卖盘
259,11:23:13,5.6,0.0,20,11200,买盘
260,11:23:18,5.59,-0.01,47,26285,卖盘
261,11:24:12,5.59,0.0,8,4472,卖盘
262,11:24:25,5.59,0.0,3,1677,卖盘
263,11:24:27,5.59,0.0,99,55341,卖盘
264,11:24:39,5.6,0.01,10,5600,买盘
265,11:25:52,5.6,0.0,5,2800,买盘
266,11:29:12,5.59,-0.01,10,5590,卖盘
267,11:29:27,5.6,0.01,3,1680,买盘
268,11:29:57,5.59,-0.01,4,2236,卖盘
269,13:00:04,5.59,0.0,92,51444,卖盘
270,13:00:06,5.6,0.01,6,3360,买盘
271,13:01:42,5.59,-0.01,46,25714,卖盘
272,13:02:06,5.59,0.0,2,1118,买盘
273,13:02:27,5.59,0.0,13,7267,买盘
274,13:03:06,5.59,0.0,22,12298,买盘
275,13:03:57,5.59,0.0,16,8944,卖盘
276,13:04:04,5.59,0.0,60,33540,卖盘
277,13:04:12,5.59,0.0,2,1118,卖盘
278,13:05:42,5.59,0.0,100,55900,卖盘
279,13:05:45,5.59,0.0,4,2236,卖盘
280,13:05:48,5.59,0.0,3,1677,卖盘
281,13:05:51,5.59,0.0,2,1118,卖盘
282,13:05:57,5.59,0.0,2,1118,卖盘
283,13:06:00,5.59,0.0,4,2236,卖盘
284,13:06:04,5.59,0.0,4,2236,卖盘
285,13:06:06,5.59,0.0,4,2236,卖盘
286,13:06:09,5.59,0.0,4,2236,卖盘
287,13:06:12,5.59,0.0,31,17329,卖盘
288,13:09:39,5.59,0.0,10,5590,买盘
289,13:09:48,5.58,-0.01,50,27900,卖盘
290,13:09:51,5.58,0.0,10,5580,卖盘
291,13:10:24,5.59,0.01,5,2795,买盘
292,13:11:12,5.59,0.0,20,11180,买盘
293,13:11:27,5.58,-0.01,43,23994,卖盘
294,13:11:36,5.59,0.01,7,3913,买盘
295,13:12:12,5.58,-0.01,29,16182,卖盘
296,13:13:31,5.58,0.0,6,3348,卖盘
297,13:14:37,5.58,0.0,4,2232,卖盘
298,13:14:51,5.58,0.0,5,2790,卖盘
299,13:15:51,5.58,0.0,430,239940,卖盘
300,13:15:54,5.58,0.0,2,1116,卖盘
301,13:16:15,5.58,0.0,13,7254,卖盘
302,13:16:27,5.57,-0.01,14,7798,卖盘
303,13:16:51,5.57,0.0,50,27850,卖盘
304,13:17:09,5.57,0.0,10,5570,卖盘
305,13:17:16,5.57,0.0,77,42889,卖盘
306,13:17:18,5.57,0.0,39,21723,卖盘
307,13:17:21,5.57,0.0,250,139250,卖盘
308,13:17:24,5.57,0.0,22,12254,卖盘
309,13:17:27,5.57,0.0,49,27293,卖盘
310,13:17:30,5.56,-0.01,14,7784,卖盘
311,13:17:33,5.56,0.0,10,5560,卖盘
312,13:17:36,5.56,0.0,12,6672,卖盘
313,13:17:39,5.56,0.0,17,9452,卖盘
314,13:17:43,5.56,0.0,12,6672,卖盘
315,13:17:45,5.56,0.0,11,6116,卖盘
316,13:17:48,5.56,0.0,8,4448,卖盘
317,13:17:52,5.56,0.0,5,2780,卖盘
318,13:17:55,5.56,0.0,7,3892,卖盘
319,13:17:57,5.56,0.0,6,3336,卖盘
320,13:18:09,5.57,0.01,7,3899,买盘
321,13:18:12,5.56,-0.01,105,58380,卖盘
322,13:18:39,5.56,0.0,15,8340,卖盘
323,13:19:09,5.56,0.0,50,27800,卖盘
324,13:19:12,5.56,0.0,1,556,卖盘
325,13:19:15,5.56,0.0,31,17236,卖盘
326,13:19:19,5.56,0.0,1,556,卖盘
327,13:19:21,5.55,-0.01,43,23872,卖盘
328,13:19:24,5.55,0.0,1,555,卖盘
329,13:19:42,5.55,0.0,3,1665,卖盘
330,13:19:45,5.55,0.0,106,58847,卖盘
331,13:19:54,5.55,0.0,1,555,卖盘
332,13:20:46,5.56,0.01,3,1668,买盘
333,13:21:04,5.57,0.01,217,120762,买盘
334,13:23:00,5.56,-0.01,61,33940,卖盘
335,13:23:12,5.56,0.0,60,33360,卖盘
336,13:23:15,5.56,0.0,51,28356,卖盘
337,13:23:18,5.56,0.0,1,556,卖盘
338,13:23:21,5.56,0.0,1,556,卖盘
339,13:23:27,5.56,0.0,47,26132,卖盘
340,13:23:30,5.56,0.0,8,4448,买盘
341,13:23:45,5.56,0.0,12,6672,卖盘
342,13:25:00,5.51,-0.05,1534,849762,卖盘
343,13:25:03,5.51,0.0,20,11020,卖盘
344,13:25:06,5.52,0.01,228,125847,买盘
345,13:25:12,5.52,0.0,179,98808,买盘
346,13:25:30,5.53,0.01,5,2765,卖盘
347,13:25:54,5.53,0.0,33,18249,卖盘
348,13:26:36,5.53,0.0,12,6636,买盘
349,13:26:54,5.53,0.0,5,2765,买盘
350,13:27:03,5.53,0.0,10,5530,买盘
351,13:27:15,5.53,0.0,69,38157,买盘
352,13:27:33,5.54,0.01,1,554,买盘
353,13:27:51,5.54,0.0,20,11080,买盘
354,13:27:57,5.54,0.0,4,2216,买盘
355,13:28:00,5.54,0.0,20,11080,买盘
356,13:28:04,5.54,0.0,5,2770,买盘
357,13:28:39,5.54,0.0,2,1108,买盘
358,13:28:51,5.54,0.0,7,3878,卖盘
359,13:29:06,5.54,0.0,20,11080,买盘
360,13:29:27,5.53,-0.01,9,4977,卖盘
361,13:29:42,5.54,0.01,7,3878,买盘
362,13:30:06,5.54,0.0,15,8310,卖盘
363,13:30:24,5.54,0.0,6,3324,卖盘
364,13:30:54,5.53,-0.01,244,134932,卖盘
365,13:31:40,5.53,0.0,66,36498,卖盘
366,13:31:51,5.53,0.0,140,77420,卖盘
367,13:31:57,5.53,0.0,10,5530,卖盘
368,13:32:27,5.53,0.0,7,3871,卖盘
369,13:32:33,5.53,0.0,36,19908,卖盘
370,13:32:39,5.53,0.0,4,2212,买盘
371,13:32:51,5.53,0.0,11,6083,买盘
372,13:33:04,5.52,-0.01,100,55200,卖盘
373,13:33:12,5.53,0.01,2,1106,买盘
374,13:33:28,5.54,0.01,5,2770,买盘
375,13:33:33,5.53,-0.01,21,11613,卖盘
376,13:33:39,5.53,0.0,129,71337,买盘
377,13:33:54,5.53,0.0,71,39263,卖盘
378,13:34:06,5.53,0.0,10,5530,买盘
379,13:34:09,5.52,-0.01,5,2760,卖盘
380,13:34:24,5.52,0.0,57,31464,卖盘
381,13:34:39,5.52,0.0,2,1104,卖盘
382,13:34:48,5.51,-0.01,230,127057,卖盘
383,13:34:51,5.51,0.0,3,1653,卖盘
384,13:34:57,5.51,0.0,13,7163,卖盘
385,13:35:00,5.51,0.0,13,7163,卖盘
386,13:35:04,5.52,0.01,20,11040,买盘
387,13:35:06,5.51,-0.01,73,40223,卖盘
388,13:35:21,5.51,0.0,1,551,卖盘
389,13:35:33,5.52,0.01,10,5520,买盘
390,13:35:36,5.51,-0.01,60,33060,卖盘
391,13:35:48,5.52,0.01,4,2208,买盘
392,13:36:06,5.52,0.0,50,27600,买盘
393,13:36:09,5.52,0.0,10,5520,买盘
394,13:36:15,5.52,0.0,20,11040,买盘
395,13:36:24,5.52,0.0,30,16560,买盘
396,13:36:39,5.51,-0.01,9,4959,卖盘
397,13:36:45,5.51,0.0,45,24795,卖盘
398,13:36:48,5.52,0.01,15,8279,买盘
399,13:36:51,5.51,-0.01,100,55100,卖盘
400,13:36:54,5.51,0.0,2,1102,卖盘
401,13:37:39,5.52,0.01,5,2760,买盘
402,13:38:54,5.52,0.0,14,7728,买盘
403,13:38:57,5.52,0.0,50,27600,买盘
404,13:39:04,5.52,0.0,18,9936,买盘
405,13:39:18,5.52,0.0,2,1104,买盘
406,13:39:33,5.52,0.0,10,5520,买盘
407,13:39:45,5.52,0.0,17,9384,买盘
408,13:40:01,5.53,0.01,1,553,买盘
409,13:40:12,5.53,0.0,13,7189,买盘
410,13:41:00,5.52,-0.01,10,5520,卖盘
411,13:41:15,5.52,0.0,224,123648,卖盘
412,13:41:21,5.52,0.0,1,552,买盘
413,13:41:31,5.51,-0.01,3,1653,卖盘
414,13:41:39,5.51,0.0,36,19836,卖盘
415,13:41:43,5.51,0.0,6,3306,卖盘
416,13:41:57,5.52,0.01,40,22080,买盘
417,13:42:01,5.52,0.0,15,8280,买盘
418,13:42:09,5.51,-0.01,200,110200,卖盘
419,13:42:27,5.51,0.0,10,5510,卖盘
420,13:42:36,5.51,0.0,85,46835,卖盘
421,13:42:48,5.51,0.0,133,73283,卖盘
422,13:42:51,5.51,0.0,25,13775,卖盘
423,13:42:54,5.51,0.0,14,7714,卖盘
424,13:44:18,5.51,0.0,35,19285,卖盘
425,13:44:24,5.52,0.01,20,11040,买盘
426,13:44:48,5.52,0.0,5,2760,买盘
427,13:44:57,5.52,0.0,5,2760,买盘
428,13:45:00,5.52,0.0,5,2760,买盘
429,13:45:12,5.52,0.0,5,2760,买盘
430,13:45:42,5.52,0.0,39,21528,买盘
431,13:45:49,5.52,0.0,7,3864,买盘
432,13:45:57,5.52,0.0,2,1104,买盘
433,13:46:03,5.52,0.0,50,27600,买盘
434,13:46:10,5.52,0.0,47,25944,买盘
435,13:46:13,5.52,0.0,1,552,买盘
436,13:46:16,5.51,-0.01,5,2755,卖盘
437,13:46:18,5.52,0.01,10,5520,买盘
438,13:46:30,5.52,0.0,10,5520,买盘
439,13:46:51,5.52,0.0,10,5520,买盘
440,13:47:58,5.52,0.0,2,1104,买盘
441,13:48:12,5.51,-0.01,52,28652,卖盘
442,13:48:15,5.52,0.01,10,5520,买盘
443,13:48:45,5.52,0.0,11,6072,买盘
444,13:49:00,5.52,0.0,101,55752,买盘
445,13:49:06,5.52,0.0,20,11040,买盘
446,13:49:12,5.52,0.0,28,15456,买盘
447,13:49:18,5.52,0.0,15,8280,买盘
448,13:49:45,5.52,0.0,72,39744,买盘
449,13:49:54,5.53,0.01,25,13822,买盘
450,13:50:04,5.53,0.0,36,19908,买盘
451,13:50:06,5.53,0.0,4,2212,买盘
452,13:50:09,5.53,0.0,3,1659,买盘
453,13:50:40,5.52,-0.01,110,60720,卖盘
454,13:50:43,5.52,0.0,14,7737,卖盘
455,13:50:45,5.52,0.0,15,8280,买盘
456,13:50:51,5.51,-0.01,26,14326,卖盘
457,13:51:06,5.52,0.01,30,16560,买盘
458,13:51:18,5.52,0.0,24,13248,买盘
459,13:51:27,5.52,0.0,45,24840,买盘
460,13:51:43,5.51,-0.01,200,110267,卖盘
461,13:52:04,5.52,0.01,18,9936,卖盘
462,13:52:06,5.51,-0.01,122,67244,卖盘
463,13:52:21,5.52,0.01,12,6624,买盘
464,13:52:42,5.53,0.01,10,5530,买盘
465,13:52:54,5.51,-0.02,93,51263,卖盘
466,13:53:25,5.52,0.01,10,5520,卖盘
467,13:53:27,5.51,-0.01,8,4408,卖盘
468,13:54:06,5.51,0.0,300,165300,卖盘
469,13:54:48,5.51,0.0,8,4408,卖盘
470,13:55:49,5.52,0.01,16,8832,买盘
471,13:56:36,5.52,0.0,5,2760,买盘
472,13:56:39,5.5,-0.02,397,218491,卖盘
473,13:56:42,5.5,0.0,58,31900,卖盘
474,13:56:54,5.51,0.01,1,551,中性盘
475,13:56:57,5.51,0.0,30,16530,买盘
476,13:57:03,5.5,-0.01,500,275000,卖盘
477,13:57:06,5.51,0.01,21,11570,买盘
478,13:57:09,5.51,0.0,10,5510,卖盘
479,13:57:15,5.51,0.0,13,7163,卖盘
480,13:57:27,5.51,0.0,40,22040,卖盘
481,13:57:33,5.51,0.0,16,8816,卖盘
482,13:57:45,5.51,0.0,6,3306,卖盘
483,13:57:51,5.51,0.0,5,2755,买盘
484,13:58:33,5.51,0.0,6,3306,买盘
485,13:58:45,5.5,-0.01,4,2200,卖盘
486,13:58:51,5.5,0.0,5,2750,卖盘
487,13:59:06,5.51,0.01,3,1653,买盘
488,13:59:12,5.5,-0.01,86,47300,卖盘
489,13:59:24,5.5,0.0,118,64900,卖盘
490,13:59:36,5.49,-0.01,210,115290,卖盘
491,13:59:45,5.49,0.0,2,1098,买盘
492,13:59:57,5.48,-0.01,2,1096,卖盘
493,14:00:09,5.48,0.0,2,1096,卖盘
494,14:00:12,5.48,0.0,150,82320,卖盘
495,14:00:15,5.49,0.01,1,549,买盘
496,14:00:18,5.49,0.0,1,549,买盘
497,14:00:21,5.49,0.0,30,16470,买盘
498,14:00:24,5.48,-0.01,60,32935,卖盘
499,14:00:31,5.48,0.0,300,164400,卖盘
500,14:01:00,5.49,0.01,169,92781,卖盘
501,14:01:04,5.51,0.02,85,46764,买盘
502,14:01:24,5.51,0.0,20,11020,买盘
503,14:01:31,5.5,-0.01,43,23650,卖盘
504,14:01:39,5.5,0.0,6,3300,买盘
505,14:02:03,5.49,-0.01,34,18666,卖盘
506,14:02:24,5.49,0.0,29,15921,买盘
507,14:02:42,5.49,0.0,11,6039,卖盘
508,14:02:48,5.5,0.01,5,2750,买盘
509,14:03:00,5.49,-0.01,105,57645,卖盘
510,14:03:21,5.49,0.0,56,30744,卖盘
511,14:03:34,5.49,0.0,60,32940,卖盘
512,14:03:57,5.49,0.0,18,9882,卖盘
513,14:04:00,5.49,0.0,23,12627,买盘
514,14:04:04,5.49,0.0,3,1647,买盘
515,14:04:12,5.49,0.0,8,4392,买盘
516,14:04:48,5.5,0.01,47,25850,卖盘
517,14:04:54,5.5,0.0,4,2200,卖盘
518,14:05:33,5.5,0.0,1,550,卖盘
519,14:05:48,5.5,0.0,1,550,卖盘
520,14:06:12,5.5,0.0,16,8800,卖盘
521,14:06:42,5.5,0.0,6,3300,买盘
522,14:07:36,5.5,0.0,10,5500,买盘
523,14:07:40,5.5,0.0,11,6050,买盘
524,14:07:51,5.49,-0.01,15,8235,卖盘
525,14:08:36,5.49,0.0,41,22509,买盘
526,14:08:45,5.49,0.0,17,9333,卖盘
527,14:08:48,5.5,0.01,11,6050,买盘
528,14:10:25,5.49,-0.01,26,14290,卖盘
529,14:10:54,5.49,0.0,23,12627,卖盘
530,14:11:09,5.5,0.01,7,3850,买盘
531,14:11:36,5.5,0.0,15,8250,买盘
532,14:11:57,5.5,0.0,110,60500,买盘
533,14:12:00,5.5,0.0,1,550,买盘
534,14:12:04,5.5,0.0,1,550,买盘
535,14:12:33,5.5,0.0,12,6600,买盘
536,14:13:04,5.5,0.0,11,6050,买盘
537,14:13:09,5.5,0.0,91,49961,买盘
538,14:13:18,5.5,0.0,20,11000,买盘
539,14:13:42,5.5,0.0,55,30200,买盘
540,14:13:45,5.49,-0.01,4,2199,卖盘
541,14:14:06,5.5,0.01,10,5500,买盘
542,14:14:30,5.5,0.0,10,5500,买盘
543,14:14:48,5.5,0.0,16,8800,买盘
544,14:14:51,5.5,0.0,1,550,买盘
545,14:14:54,5.5,0.0,1,550,买盘
546,14:14:57,5.5,0.0,12,6600,买盘
547,14:15:00,5.5,0.0,1,550,买盘
548,14:15:04,5.5,0.0,1,550,买盘
549,14:15:18,5.5,0.0,5,2750,买盘
550,14:15:21,5.5,0.0,10,5500,买盘
551,14:15:51,5.5,0.0,17,9350,买盘
552,14:15:54,5.5,0.0,42,23100,买盘
553,14:16:06,5.5,0.0,18,9900,买盘
554,14:16:10,5.5,0.0,18,9900,买盘
555,14:16:33,5.49,-0.01,8,4398,卖盘
556,14:16:49,5.5,0.01,1,550,卖盘
557,14:16:54,5.5,0.0,18,9900,卖盘
558,14:17:24,5.5,0.0,3,1650,卖盘
559,14:17:43,5.5,0.0,20,11000,卖盘
560,14:18:16,5.5,0.0,76,41800,卖盘
561,14:18:33,5.5,0.0,20,11000,卖盘
562,14:20:21,5.51,0.01,3,1653,买盘
563,14:20:48,5.51,0.0,5,2755,买盘
564,14:21:00,5.5,-0.01,416,228800,卖盘
565,14:21:06,5.5,0.0,51,28050,买盘
566,14:21:18,5.5,0.0,9,4950,买盘
567,14:21:27,5.5,0.0,3,1650,买盘
568,14:21:36,5.5,0.0,24,13200,买盘
569,14:21:54,5.49,-0.01,295,161955,卖盘
570,14:22:24,5.49,0.0,182,99918,卖盘
571,14:22:42,5.49,0.0,2,1098,买盘
572,14:22:51,5.49,0.0,13,7137,买盘
573,14:23:24,5.49,0.0,20,10980,买盘
574,14:23:30,5.49,0.0,4,2251,买盘
575,14:23:36,5.49,0.0,2,1098,卖盘
576,14:23:54,5.49,0.0,4,2196,卖盘
577,14:24:04,5.49,0.0,5,2745,卖盘
578,14:24:21,5.49,0.0,100,54900,卖盘
579,14:24:27,5.5,0.01,3,1650,买盘
580,14:24:33,5.5,0.0,7,3850,买盘
581,14:24:58,5.5,0.0,3,1650,买盘
582,14:25:18,5.49,-0.01,1,549,卖盘
583,14:25:34,5.49,0.0,60,32940,卖盘
584,14:25:36,5.49,0.0,30,16470,卖盘
585,14:25:39,5.49,0.0,135,74060,卖盘
586,14:26:00,5.49,0.0,10,5490,买盘
587,14:26:13,5.48,-0.01,7,3836,卖盘
588,14:26:33,5.49,0.01,10,5490,买盘
589,14:27:12,5.49,0.0,152,83393,卖盘
590,14:27:36,5.48,-0.01,244,133712,卖盘
591,14:27:51,5.48,0.0,37,20276,卖盘
592,14:28:06,5.48,0.0,10,5480,卖盘
593,14:28:33,5.49,0.01,104,57096,买盘
594,14:28:48,5.48,-0.01,115,63020,卖盘
595,14:30:36,5.49,0.01,20,10980,买盘
596,14:30:48,5.49,0.0,22,12078,买盘
597,14:31:09,5.5,0.01,10,5500,买盘
598,14:31:48,5.51,0.01,35,19260,买盘
599,14:32:15,5.51,0.0,2,1102,买盘
600,14:32:48,5.51,0.0,10,5510,买盘
601,14:32:54,5.5,-0.01,2,1100,卖盘
602,14:32:57,5.51,0.01,2,1102,买盘
603,14:33:04,5.51,0.0,7,3857,买盘
604,14:33:24,5.51,0.0,72,39672,买盘
605,14:33:46,5.51,0.0,163,90033,买盘
606,14:34:04,5.51,0.0,50,27550,卖盘
607,14:34:10,5.51,0.0,8,4408,卖盘
608,14:34:48,5.51,0.0,559,308064,卖盘
609,14:34:51,5.52,0.01,264,145728,买盘
610,14:34:54,5.52,0.0,200,110400,卖盘
611,14:35:04,5.53,0.01,4,2212,买盘
612,14:35:07,5.53,0.0,40,22120,卖盘
613,14:35:42,5.53,0.0,21,11613,卖盘
614,14:35:45,5.54,0.01,20,11080,买盘
615,14:35:54,5.54,0.0,153,84762,买盘
616,14:36:04,5.52,-0.02,389,214953,卖盘
617,14:36:22,5.53,0.01,3,1659,买盘
618,14:36:42,5.54,0.01,10,5531,买盘
619,14:37:39,5.54,0.0,42,23268,买盘
620,14:38:04,5.53,-0.01,130,71937,卖盘
621,14:38:06,5.55,0.02,31,17205,买盘
622,14:38:10,5.55,0.0,22,12210,卖盘
623,14:38:13,5.55,0.0,27,14985,卖盘
624,14:38:40,5.54,-0.01,2,1108,卖盘
625,14:39:48,5.53,-0.01,20,11060,卖盘
626,14:40:06,5.53,0.0,51,28203,卖盘
627,14:41:15,5.54,0.01,1,554,买盘
628,14:41:24,5.53,-0.01,3,1659,卖盘
629,14:41:33,5.58,0.05,402,223231,买盘
630,14:41:36,5.58,0.0,6,3348,卖盘
631,14:41:39,5.58,0.0,111,62105,卖盘
632,14:42:22,5.54,-0.04,88,48752,卖盘
633,14:42:27,5.54,0.0,4,2216,买盘
634,14:42:33,5.54,0.0,1,554,买盘
635,14:42:36,5.54,0.0,10,5540,买盘
636,14:42:39,5.54,0.0,8,4432,买盘
637,14:42:42,5.54,0.0,35,19390,买盘
638,14:42:45,5.54,0.0,9,4986,买盘
639,14:42:49,5.54,0.0,8,4432,买盘
640,14:42:51,5.54,0.0,5,2770,买盘
641,14:42:54,5.54,0.0,6,3324,买盘
642,14:42:58,5.54,0.0,6,3324,买盘
643,14:43:00,5.54,0.0,4,2216,买盘
644,14:43:04,5.54,0.0,5,2770,买盘
645,14:43:06,5.54,0.0,3,1662,买盘
646,14:43:10,5.54,0.0,4,2214,买盘
647,14:43:37,5.53,-0.01,182,100646,卖盘
648,14:44:09,5.53,0.0,16,8848,买盘
649,14:44:33,5.53,0.0,37,20461,买盘
650,14:44:36,5.52,-0.01,60,33120,卖盘
651,14:45:03,5.52,0.0,63,34555,卖盘
652,14:45:18,5.53,0.01,218,120575,买盘
653,14:45:58,5.54,0.01,64,35577,买盘
654,14:46:51,5.54,0.0,18,9982,卖盘
655,14:46:54,5.54,0.0,24,13130,卖盘
656,14:47:30,5.54,0.0,26,14570,买盘
657,14:48:49,5.53,-0.01,260,143619,卖盘
658,14:49:18,5.53,0.0,2,1106,买盘
659,14:49:36,5.53,0.0,38,21180,买盘
660,14:49:54,5.53,0.0,79,43687,卖盘
661,14:50:04,5.53,0.0,80,44240,卖盘
662,14:50:30,5.53,0.0,10,5530,卖盘
663,14:50:36,5.53,0.0,20,11060,卖盘
664,14:50:48,5.53,0.0,19,10507,卖盘
665,14:51:33,5.53,0.0,116,64148,卖盘
666,14:51:42,5.53,0.0,2,1106,卖盘
667,14:53:06,5.53,0.0,12,6636,卖盘
668,14:54:16,5.53,0.0,1,553,卖盘
669,14:54:18,5.53,0.0,10,5530,卖盘
670,14:54:21,5.54,0.01,33,18282,买盘
671,14:54:24,5.54,0.0,1,554,卖盘
672,14:54:27,5.54,0.0,1,554,卖盘
673,14:54:30,5.54,0.0,1,554,卖盘
674,14:54:33,5.54,0.0,1,554,卖盘
675,14:54:36,5.54,0.0,1,554,卖盘
676,14:54:39,5.54,0.0,1,554,卖盘
677,14:54:42,5.54,0.0,1,554,卖盘
678,14:54:45,5.54,0.0,1,554,卖盘
679,14:54:58,5.53,-0.01,25,13825,卖盘
680,14:55:01,5.54,0.01,34,18836,卖盘
681,14:55:04,5.54,0.0,4,2216,卖盘
682,14:55:06,5.54,0.0,4,2216,卖盘
683,14:55:10,5.54,0.0,2,1108,卖盘
684,14:55:12,5.54,0.0,56,31024,卖盘
685,14:55:21,5.53,-0.01,50,27650,卖盘
686,14:55:24,5.53,0.0,3,1659,卖盘
687,14:55:27,5.54,0.01,1,554,买盘
688,14:55:49,5.54,0.0,1,554,卖盘
689,14:56:24,5.53,-0.01,176,97162,卖盘
690,14:56:39,5.52,-0.01,7,3864,卖盘
691,14:56:54,5.52,0.0,150,82800,卖盘
692,15:00:04,5.52,0.0,413,227700,卖盘
