,time,price,change,volume,amount,type
0,09:25:04,6.0,0.14,639,383400,卖盘
1,09:30:04,6.02,0.02,957,574054,买盘
2,09:30:07,6.02,0.0,68,40828,买盘
3,09:30:13,6.02,0.0,238,143129,买盘
4,09:30:16,6.02,0.0,15,9030,卖盘
5,09:30:21,6.02,0.0,100,60200,卖盘
6,09:30:25,6.02,0.0,21,12652,卖盘
7,09:30:27,6.02,0.0,12,7224,买盘
8,09:30:31,6.01,-0.01,97,58314,卖盘
9,09:30:33,6.02,0.01,57,34278,买盘
10,09:30:40,6.02,0.0,71,42732,买盘
11,09:30:43,6.02,0.0,9,5418,买盘
12,09:30:46,6.02,0.0,92,55354,买盘
13,09:30:49,6.01,-0.01,57,34237,卖盘
14,09:30:52,6.01,0.0,20,12020,买盘
15,09:30:58,6.01,0.0,287,172350,买盘
16,09:31:01,6.01,0.0,14,8405,买盘
17,09:31:04,6.0,-0.01,235,141000,卖盘
18,09:31:06,6.0,0.0,25,15003,卖盘
19,09:31:10,6.0,0.0,176,105700,卖盘
20,09:31:16,6.0,0.0,13,7800,买盘
21,09:31:22,6.0,0.0,5,3000,买盘
22,09:31:25,5.99,-0.01,72,43128,卖盘
23,09:31:34,5.99,0.0,85,50915,买盘
24,09:31:40,5.98,-0.01,70,41860,卖盘
25,09:31:43,5.98,0.0,65,38870,卖盘
26,09:31:46,5.98,0.0,85,50830,卖盘
27,09:31:49,5.98,0.0,103,61594,卖盘
28,09:31:55,5.97,-0.01,24,14328,卖盘
29,09:31:58,5.97,0.0,40,23900,卖盘
30,09:32:04,5.97,0.0,1,597,买盘
31,09:32:10,5.97,0.0,8,4776,买盘
32,09:32:16,5.97,0.0,20,11940,买盘
33,09:32:19,5.95,-0.02,38,22628,卖盘
34,09:32:21,5.95,0.0,36,21420,买盘
35,09:32:25,5.95,0.0,2,1190,买盘
36,09:32:28,5.95,0.0,51,30345,买盘
37,09:32:34,5.95,0.0,5,2975,买盘
38,09:32:37,5.96,0.01,6,3576,买盘
39,09:32:42,5.96,0.0,8,4768,买盘
40,09:32:46,5.96,0.0,29,17265,买盘
41,09:32:49,5.96,0.0,11,6556,买盘
42,09:32:52,5.97,0.01,6,3582,买盘
43,09:32:55,5.97,0.0,1,597,买盘
44,09:32:58,5.96,-0.01,80,47680,卖盘
45,09:33:01,5.96,0.0,11,6556,买盘
46,09:33:04,5.96,0.0,4,2384,买盘
47,09:33:06,5.96,0.0,65,38740,买盘
48,09:33:10,5.97,0.01,3,1791,买盘
49,09:33:22,5.98,0.01,50,29900,买盘
50,09:33:34,5.98,0.0,10,5980,买盘
51,09:33:37,5.98,0.0,19,11362,卖盘
52,09:33:49,5.98,0.0,21,12558,买盘
53,09:33:55,5.98,0.0,10,5980,卖盘
54,09:33:58,5.98,0.0,59,35282,卖盘
55,09:34:04,5.99,0.01,10,5990,买盘
56,09:34:07,5.98,-0.01,50,29900,卖盘
57,09:34:16,5.98,0.0,54,32292,卖盘
58,09:34:25,5.98,0.0,4,2392,买盘
59,09:34:34,5.97,-0.01,10,5970,卖盘
60,09:34:36,5.98,0.01,1,598,买盘
61,09:34:40,5.97,-0.01,77,45969,卖盘
62,09:34:43,5.96,-0.01,9,5364,卖盘
63,09:34:58,5.96,0.0,31,18476,卖盘
64,09:35:01,5.95,-0.01,58,34513,卖盘
65,09:35:04,5.95,0.0,29,17256,卖盘
66,09:35:34,5.96,0.01,50,29800,买盘
67,09:35:43,5.95,-0.01,80,47600,卖盘
68,09:35:46,5.95,0.0,128,76160,卖盘
69,09:35:55,5.95,0.0,3,1785,买盘
70,09:36:01,5.95,0.0,36,21420,买盘
71,09:36:04,5.96,0.01,7,4172,买盘
72,09:36:09,5.96,0.0,2,1192,买盘
73,09:36:13,5.97,0.01,59,35195,买盘
74,09:36:34,5.95,-0.02,331,197005,卖盘
75,09:36:37,5.95,0.0,24,14280,买盘
76,09:36:43,5.95,0.0,162,96390,买盘
77,09:36:46,5.95,0.0,33,19635,买盘
78,09:37:04,5.95,0.0,100,59550,卖盘
79,09:37:07,5.96,0.01,13,7748,买盘
80,09:37:10,5.96,0.0,60,35760,买盘
81,09:37:37,5.97,0.01,8,4776,买盘
82,09:37:43,5.97,0.0,1,597,买盘
83,09:37:46,5.97,0.0,10,5970,买盘
84,09:37:49,5.97,0.0,17,10149,买盘
85,09:37:52,5.97,0.0,30,17910,买盘
86,09:38:01,5.97,0.0,69,41193,买盘
87,09:38:03,5.97,0.0,36,21462,买盘
88,09:38:19,5.97,0.0,7,4179,买盘
89,09:38:25,5.96,-0.01,30,17880,卖盘
90,09:38:31,5.96,0.0,14,8344,卖盘
91,09:38:37,5.96,0.0,10,5960,卖盘
92,09:38:40,5.97,0.01,50,29850,买盘
93,09:38:48,5.97,0.0,356,212532,买盘
94,09:38:55,5.97,0.0,17,10149,卖盘
95,09:38:58,5.98,0.01,19,11362,买盘
96,09:39:01,5.98,0.0,140,83720,买盘
97,09:39:04,5.98,0.0,3,1794,买盘
98,09:39:07,5.98,0.0,120,71760,买盘
99,09:39:10,5.98,0.0,18,10764,买盘
100,09:39:16,5.99,0.01,42,25158,买盘
101,09:39:22,5.98,-0.01,10,5980,卖盘
102,09:39:25,5.99,0.01,15,8985,买盘
103,09:39:43,5.99,0.0,1,599,买盘
104,09:39:52,5.99,0.0,276,165324,买盘
105,09:39:55,5.99,0.0,17,10183,买盘
106,09:40:01,5.99,0.0,14,8386,卖盘
107,09:40:10,6.0,0.01,31,18600,买盘
108,09:40:13,5.99,-0.01,10,5990,卖盘
109,09:40:16,5.99,0.0,31,18570,卖盘
110,09:40:25,6.0,0.01,5,3000,买盘
111,09:40:27,6.0,0.0,55,33000,买盘
112,09:40:31,5.99,-0.01,10,5990,卖盘
113,09:40:37,6.0,0.01,33,19800,买盘
114,09:40:43,5.99,-0.01,10,5990,卖盘
115,09:40:45,5.99,0.0,38,22762,卖盘
116,09:40:52,6.0,0.01,1,600,买盘
117,09:40:58,6.0,0.0,5,3000,买盘
118,09:41:00,5.99,-0.01,60,35940,卖盘
119,09:41:04,5.99,0.0,14,8387,卖盘
120,09:41:13,5.99,0.0,4,2396,买盘
121,09:41:25,5.98,-0.01,10,5980,卖盘
122,09:41:28,5.98,0.0,25,14950,卖盘
123,09:41:30,5.98,0.0,24,14352,卖盘
124,09:42:01,5.98,0.0,118,70448,买盘
125,09:42:13,5.97,-0.01,24,14328,卖盘
126,09:42:19,5.97,0.0,16,9552,卖盘
127,09:42:25,5.97,0.0,15,8955,卖盘
128,09:42:33,5.97,0.0,13,7761,卖盘
129,09:42:43,5.97,0.0,1,597,买盘
130,09:42:46,5.96,-0.01,288,171648,卖盘
131,09:42:49,5.96,0.0,1,596,买盘
132,09:42:52,5.96,0.0,4,2384,买盘
133,09:42:54,5.96,0.0,25,14900,买盘
134,09:42:57,5.96,0.0,35,20860,买盘
135,09:43:01,5.96,0.0,1,596,买盘
136,09:43:10,5.96,0.0,4,2384,买盘
137,09:43:15,5.95,-0.01,10,5953,卖盘
138,09:43:22,5.96,0.01,6,3576,买盘
139,09:43:36,5.96,0.0,5,2980,买盘
140,09:43:43,5.96,0.0,150,89350,买盘
141,09:43:55,5.95,-0.01,200,119000,卖盘
142,09:43:58,5.96,0.01,52,30942,买盘
143,09:44:04,5.95,-0.01,3,1785,卖盘
144,09:44:10,5.96,0.01,6,3576,买盘
145,09:44:19,5.95,-0.01,5,2975,卖盘
146,09:44:22,5.95,0.0,21,12495,卖盘
147,09:44:25,5.96,0.01,29,17284,买盘
148,09:44:31,5.96,0.0,44,26189,买盘
149,09:44:34,5.96,0.0,16,9536,买盘
150,09:45:01,5.96,0.0,224,133504,买盘
151,09:45:04,5.96,0.0,35,20865,卖盘
152,09:45:07,5.96,0.0,5,2980,卖盘
153,09:45:09,5.96,0.0,10,5960,卖盘
154,09:45:19,5.96,0.0,2,1192,卖盘
155,09:45:25,5.96,0.0,50,29800,卖盘
156,09:45:31,5.96,0.0,51,30396,卖盘
157,09:45:40,5.97,0.01,1,597,买盘
158,09:45:43,5.97,0.0,24,14328,买盘
159,09:45:57,5.97,0.0,6,3582,买盘
160,09:46:13,5.97,0.0,9,5373,买盘
161,09:46:24,5.97,0.0,203,121191,买盘
162,09:46:48,5.97,0.0,20,11940,卖盘
163,09:47:13,5.98,0.01,2,1196,买盘
164,09:47:22,5.98,0.0,15,8970,买盘
165,09:47:28,5.97,-0.01,41,24477,卖盘
166,09:47:31,5.97,0.0,6,3582,卖盘
167,09:47:39,5.97,0.0,9,5373,卖盘
168,09:47:46,5.98,0.01,6,3588,买盘
169,09:48:13,5.98,0.0,3,1794,买盘
170,09:48:16,5.98,0.0,54,32292,买盘
171,09:48:19,5.98,0.0,40,23920,买盘
172,09:48:22,5.97,-0.01,22,13136,卖盘
173,09:48:28,5.98,0.01,10,5980,买盘
174,09:48:55,5.97,-0.01,95,56715,卖盘
175,09:49:01,5.97,0.0,107,63879,卖盘
176,09:49:04,5.97,0.0,1,597,买盘
177,09:49:09,5.97,0.0,3,1791,买盘
178,09:49:16,5.96,-0.01,29,17284,卖盘
179,09:49:28,5.96,0.0,34,20293,卖盘
180,09:49:45,5.96,0.0,9,5364,卖盘
181,09:49:49,5.96,0.0,10,5960,卖盘
182,09:49:52,5.97,0.01,243,145071,买盘
183,09:50:01,5.97,0.0,30,17910,卖盘
184,09:50:10,5.98,0.01,4,2392,买盘
185,09:50:22,5.98,0.0,120,71760,买盘
186,09:50:34,5.98,0.0,71,42458,买盘
187,09:50:40,5.97,-0.01,8,4776,卖盘
188,09:50:46,5.97,0.0,18,10746,买盘
189,09:50:49,5.96,-0.01,59,35171,卖盘
190,09:51:15,5.98,0.02,31,18538,买盘
191,09:51:18,5.98,0.0,3,1794,买盘
192,09:51:22,5.98,0.0,50,29900,买盘
193,09:51:31,5.98,0.0,70,41860,买盘
194,09:51:34,5.98,0.0,5,2990,买盘
195,09:51:37,5.98,0.0,34,20332,买盘
196,09:51:40,5.98,0.0,63,37674,买盘
197,09:51:43,5.98,0.0,114,68172,买盘
198,09:51:46,5.98,0.0,38,22724,买盘
199,09:51:49,5.98,0.0,25,14950,买盘
200,09:51:52,5.98,0.0,30,17940,买盘
201,09:51:54,5.98,0.0,27,16146,买盘
202,09:51:58,5.99,0.01,118,70625,买盘
203,09:52:01,5.99,0.0,5,2995,买盘
204,09:52:06,5.99,0.0,71,42477,买盘
205,09:52:13,5.98,-0.01,30,17940,卖盘
206,09:52:22,5.98,0.0,10,5980,卖盘
207,09:52:34,5.98,0.0,12,7176,卖盘
208,09:52:46,5.99,0.01,2,1198,买盘
209,09:52:49,5.99,0.0,12,7188,买盘
210,09:52:52,5.99,0.0,16,9584,买盘
211,09:52:58,6.0,0.01,363,217574,买盘
212,09:53:06,6.01,0.01,12,7212,买盘
213,09:53:13,6.0,-0.01,105,63070,卖盘
214,09:53:21,6.0,0.0,15,9014,卖盘
215,09:53:28,6.0,0.0,60,36003,卖盘
216,09:53:34,6.0,0.0,43,25813,卖盘
217,09:53:36,6.0,0.0,30,18000,卖盘
218,09:53:46,6.01,0.01,5,3005,买盘
219,09:53:49,6.01,0.0,392,235592,买盘
220,09:53:55,6.01,0.0,50,30050,卖盘
221,09:53:58,6.02,0.01,41,24682,买盘
222,09:54:04,6.02,0.0,54,32496,买盘
223,09:54:07,6.01,-0.01,10,6010,卖盘
224,09:54:16,6.02,0.01,6,3612,买盘
225,09:54:18,6.01,-0.01,30,18030,卖盘
226,09:54:22,6.02,0.01,1,602,买盘
227,09:54:25,6.02,0.0,8,4816,买盘
228,09:54:27,6.02,0.0,6,3612,买盘
229,09:54:31,6.02,0.0,41,24682,买盘
230,09:54:43,6.02,0.0,15,9030,卖盘
231,09:54:49,6.01,-0.01,100,60100,卖盘
232,09:54:52,6.01,0.0,30,18030,卖盘
233,09:54:55,6.01,0.0,19,11419,卖盘
234,09:54:58,6.01,0.0,7,4207,买盘
235,09:55:01,6.01,0.0,10,6010,买盘
236,09:55:19,6.0,-0.01,120,72000,卖盘
237,09:55:34,6.0,0.0,10,6000,卖盘
238,09:55:40,6.0,0.0,35,21000,卖盘
239,09:55:43,6.0,0.0,26,15606,卖盘
240,09:56:01,6.0,0.0,10,6000,卖盘
241,09:56:04,6.0,0.0,2,1200,卖盘
242,09:56:28,6.01,0.01,15,9015,买盘
243,09:56:42,6.0,-0.01,30,18000,卖盘
244,09:56:49,5.99,-0.01,27,16191,卖盘
245,09:57:00,6.0,0.01,6,3600,买盘
246,09:57:07,6.0,0.0,194,116140,买盘
247,09:57:10,6.0,0.0,7,4200,买盘
248,09:57:34,6.0,0.0,3,1800,买盘
249,09:57:42,6.0,0.0,50,30000,买盘
250,09:58:10,6.01,0.01,12,7212,买盘
251,09:58:13,6.01,0.0,26,15626,买盘
252,09:58:28,6.01,0.0,3,1803,买盘
253,09:58:46,6.0,-0.01,20,12000,卖盘
254,09:59:04,6.01,0.01,37,22237,买盘
255,09:59:10,6.0,-0.01,3,1801,卖盘
256,09:59:16,6.01,0.01,36,21636,买盘
257,09:59:22,6.0,-0.01,85,51000,卖盘
258,09:59:46,6.01,0.01,5,3005,买盘
259,10:00:34,6.01,0.0,2,1202,买盘
260,10:00:43,6.01,0.0,43,25843,买盘
261,10:01:42,6.01,0.0,1,601,买盘
262,10:02:19,6.01,0.0,1,601,买盘
263,10:02:28,6.0,-0.01,179,107400,卖盘
264,10:02:34,6.0,0.0,20,12000,买盘
265,10:02:43,6.0,0.0,13,7800,买盘
266,10:02:58,6.0,0.0,13,7800,买盘
267,10:03:15,6.0,0.0,284,170400,买盘
268,10:03:19,6.0,0.0,15,9000,卖盘
269,10:03:25,6.0,0.0,209,125400,卖盘
270,10:03:37,6.0,0.0,6,3600,买盘
271,10:03:49,6.0,0.0,3,1800,买盘
272,10:03:58,6.01,0.01,398,238952,买盘
273,10:04:01,6.01,0.0,72,43272,买盘
274,10:04:04,6.01,0.0,3,1803,买盘
275,10:04:07,6.01,0.0,25,15025,买盘
276,10:04:13,6.01,0.0,11,6611,买盘
277,10:04:16,6.01,0.0,28,16828,买盘
278,10:04:19,6.01,0.0,2,1202,买盘
279,10:04:22,6.01,0.0,1,601,买盘
280,10:04:25,6.01,0.0,10,6010,卖盘
281,10:04:49,6.02,0.01,20,12040,买盘
282,10:05:13,6.02,0.0,293,176386,买盘
283,10:05:33,6.03,0.01,46,27738,买盘
284,10:05:46,6.03,0.0,5,3015,买盘
285,10:05:52,6.03,0.0,5,3015,买盘
286,10:05:55,6.03,0.0,98,59094,买盘
287,10:06:01,6.03,0.0,6,3618,卖盘
288,10:06:09,6.04,0.01,3,1812,买盘
289,10:06:25,6.04,0.0,89,53756,买盘
290,10:06:28,6.04,0.0,45,27180,卖盘
291,10:06:31,6.04,0.0,5,3020,买盘
292,10:06:34,6.04,0.0,16,9664,买盘
293,10:06:43,6.03,-0.01,150,90452,卖盘
294,10:06:52,6.03,0.0,30,18090,买盘
295,10:06:55,6.03,0.0,3,1809,买盘
296,10:06:58,6.03,0.0,4,2412,买盘
297,10:07:19,6.02,-0.01,50,30100,卖盘
298,10:07:22,6.03,0.01,1,603,买盘
299,10:07:27,6.03,0.0,3,1809,买盘
300,10:07:43,6.02,-0.01,131,78882,卖盘
301,10:07:55,6.02,0.0,13,7826,买盘
302,10:08:19,6.01,-0.01,10,6010,卖盘
303,10:08:31,6.02,0.01,16,9632,买盘
304,10:08:48,6.01,-0.01,166,99766,卖盘
305,10:09:28,6.01,0.0,10,6010,卖盘
306,10:09:55,6.02,0.01,15,9030,买盘
307,10:10:04,6.02,0.0,3,1806,买盘
308,10:10:13,6.02,0.0,25,15045,买盘
309,10:10:16,6.0,-0.02,535,321446,卖盘
310,10:10:19,6.02,0.02,6,3612,买盘
311,10:10:58,6.01,-0.01,40,24040,买盘
312,10:11:01,6.02,0.01,100,60164,买盘
313,10:11:06,6.0,-0.02,103,61802,卖盘
314,10:11:19,6.01,0.01,15,9015,买盘
315,10:11:22,6.01,0.0,5,3005,买盘
316,10:12:01,6.01,0.0,66,39666,卖盘
317,10:12:10,6.01,0.0,20,12020,卖盘
318,10:12:37,6.01,0.0,39,23439,卖盘
319,10:12:55,6.01,0.0,20,12020,卖盘
320,10:13:00,6.01,0.0,9,5409,卖盘
321,10:13:04,6.02,0.01,7,4214,买盘
322,10:13:10,6.02,0.0,7,4214,买盘
323,10:13:12,6.01,-0.01,32,19235,卖盘
324,10:13:22,6.01,0.0,11,6611,卖盘
325,10:13:28,6.0,-0.01,54,32400,卖盘
326,10:13:43,6.01,0.01,7,4207,买盘
327,10:13:46,6.01,0.0,36,21636,买盘
328,10:13:57,6.01,0.0,31,18631,买盘
329,10:14:01,6.01,0.0,3,1803,买盘
330,10:14:04,6.01,0.0,2,1202,买盘
331,10:14:06,6.01,0.0,7,4207,买盘
332,10:14:10,6.01,0.0,4,2404,买盘
333,10:14:13,6.01,0.0,81,48681,买盘
334,10:14:15,6.01,0.0,4,2404,买盘
335,10:14:19,6.01,0.0,13,7813,买盘
336,10:14:21,6.01,0.0,2,1202,买盘
337,10:14:25,6.01,0.0,32,19232,买盘
338,10:14:37,6.02,0.01,3,1806,买盘
339,10:14:40,6.02,0.0,50,30100,买盘
340,10:14:42,6.02,0.0,7,4214,买盘
341,10:14:46,6.02,0.0,3,1806,买盘
342,10:14:49,6.02,0.0,21,12642,买盘
343,10:15:01,6.02,0.0,30,18060,买盘
344,10:15:13,6.02,0.0,76,45752,买盘
345,10:15:16,6.02,0.0,95,57190,买盘
346,10:15:19,6.03,0.01,60,36130,买盘
347,10:15:34,6.02,-0.01,19,11438,卖盘
348,10:15:37,6.02,0.0,3,1806,买盘
349,10:15:55,6.02,0.0,3,1806,卖盘
350,10:16:13,6.03,0.01,1,603,买盘
351,10:16:19,6.03,0.0,3,1809,买盘
352,10:16:22,6.03,0.0,8,4824,买盘
353,10:16:28,6.03,0.0,80,48240,买盘
354,10:16:31,6.03,0.0,35,21105,买盘
355,10:16:37,6.03,0.0,31,18693,买盘
356,10:17:25,6.04,0.01,5,3020,买盘
357,10:17:28,6.04,0.0,100,60400,买盘
358,10:17:34,6.04,0.0,18,10872,买盘
359,10:17:55,6.03,-0.01,3,1809,卖盘
360,10:17:58,6.04,0.01,9,5430,买盘
361,10:18:07,6.04,0.0,20,12080,买盘
362,10:18:13,6.04,0.0,186,112344,买盘
363,10:18:25,6.04,0.0,20,12080,卖盘
364,10:18:39,6.04,0.0,3,1812,卖盘
365,10:18:46,6.05,0.01,378,228610,买盘
366,10:18:55,6.04,-0.01,2,1208,买盘
367,10:19:06,6.04,0.0,10,6040,买盘
368,10:19:10,6.04,0.0,6,3624,买盘
369,10:19:25,6.04,0.0,3,1812,买盘
370,10:19:28,6.04,0.0,10,6040,买盘
371,10:19:37,6.04,0.0,9,5436,买盘
372,10:19:40,6.03,-0.01,25,15075,卖盘
373,10:19:46,6.03,0.0,105,63315,买盘
374,10:19:51,6.03,0.0,100,60300,卖盘
375,10:20:01,6.03,0.0,5,3015,卖盘
376,10:20:10,6.03,0.0,10,6030,卖盘
377,10:20:13,6.03,0.0,21,12663,卖盘
378,10:20:16,6.03,0.0,25,15075,买盘
379,10:20:19,6.03,0.0,17,10251,买盘
380,10:20:25,6.03,0.0,10,6030,买盘
381,10:20:28,6.04,0.01,100,60400,买盘
382,10:20:34,6.03,-0.01,20,12060,买盘
383,10:20:49,6.03,0.0,183,110349,卖盘
384,10:21:01,6.03,0.0,54,32562,卖盘
385,10:21:04,6.03,0.0,164,98966,卖盘
386,10:21:46,6.03,0.0,4,2412,卖盘
387,10:21:49,6.03,0.0,11,6633,卖盘
388,10:21:52,6.03,0.0,60,36180,卖盘
389,10:22:13,6.03,0.0,21,12663,卖盘
390,10:22:34,6.03,0.0,37,22311,卖盘
391,10:22:43,6.03,0.0,20,12060,卖盘
392,10:23:10,6.03,0.0,10,6030,卖盘
393,10:23:22,6.03,0.0,20,12060,卖盘
394,10:23:24,6.03,0.0,40,24120,卖盘
395,10:23:30,6.04,0.01,4,2416,买盘
396,10:24:07,6.04,0.0,3,1812,买盘
397,10:24:13,6.03,-0.01,1,603,卖盘
398,10:24:16,6.04,0.01,13,7852,买盘
399,10:24:37,6.04,0.0,150,90600,买盘
400,10:24:46,6.04,0.0,22,13288,买盘
401,10:24:52,6.04,0.0,6,3624,卖盘
402,10:25:04,6.04,0.0,2,1208,卖盘
403,10:25:13,6.04,0.0,8,4832,卖盘
404,10:25:16,6.04,0.0,53,32012,卖盘
405,10:25:28,6.03,-0.01,30,18090,卖盘
406,10:26:10,6.03,0.0,20,12060,卖盘
407,10:26:39,6.03,0.0,69,41607,卖盘
408,10:27:04,6.03,0.0,92,55476,卖盘
409,10:27:07,6.03,0.0,3,1809,买盘
410,10:27:16,6.03,0.0,85,51255,买盘
411,10:27:42,6.03,0.0,12,7236,卖盘
412,10:27:52,6.04,0.01,33,19932,买盘
413,10:27:55,6.03,-0.01,10,6030,卖盘
414,10:29:07,6.03,0.0,6,3618,卖盘
415,10:29:40,6.04,0.01,44,26576,买盘
416,10:29:45,6.03,-0.01,16,9648,卖盘
417,10:29:52,6.04,0.01,37,22348,买盘
418,10:30:01,6.04,0.0,7,4228,买盘
419,10:30:13,6.04,0.0,7,4228,买盘
420,10:30:18,6.04,0.0,70,42280,买盘
421,10:30:25,6.05,0.01,7,4235,买盘
422,10:30:40,6.04,-0.01,39,23556,卖盘
423,10:30:43,6.04,0.0,5,3020,买盘
424,10:30:49,6.04,0.0,38,22952,买盘
425,10:31:04,6.03,-0.01,10,6030,卖盘
426,10:31:07,6.04,0.01,3,1812,买盘
427,10:31:28,6.04,0.0,1,604,买盘
428,10:31:39,6.03,-0.01,1,603,卖盘
429,10:32:28,6.04,0.01,2,1208,买盘
430,10:33:04,6.04,0.0,3,1812,买盘
431,10:33:25,6.03,-0.01,8,4824,卖盘
432,10:33:40,6.04,0.01,2,1208,买盘
433,10:33:52,6.04,0.0,4,2416,买盘
434,10:34:07,6.03,-0.01,30,18090,卖盘
435,10:34:22,6.04,0.01,24,14496,买盘
436,10:34:24,6.04,0.0,3,1812,买盘
437,10:34:55,6.04,0.0,33,19932,买盘
438,10:35:04,6.04,0.0,3,1812,买盘
439,10:35:10,6.03,-0.01,10,6030,卖盘
440,10:35:22,6.04,0.01,4,2416,买盘
441,10:35:40,6.03,-0.01,2,1206,卖盘
442,10:35:51,6.04,0.01,3,1812,买盘
443,10:36:10,6.03,-0.01,41,24723,卖盘
444,10:36:13,6.03,0.0,67,40429,卖盘
445,10:36:28,6.03,0.0,100,60300,卖盘
446,10:36:37,6.03,0.0,10,6030,卖盘
447,10:37:12,6.03,0.0,2,1206,买盘
448,10:37:16,6.02,-0.01,6,3612,卖盘
449,10:37:18,6.02,0.0,28,16856,卖盘
450,10:37:33,6.02,0.0,5,3010,卖盘
451,10:37:43,6.02,0.0,29,17458,卖盘
452,10:38:19,6.03,0.01,7,4221,买盘
453,10:38:22,6.03,0.0,20,12060,买盘
454,10:38:25,6.02,-0.01,65,39130,卖盘
455,10:38:40,6.02,0.0,18,10851,卖盘
456,10:39:04,6.02,0.0,17,10234,卖盘
457,10:40:34,6.02,0.0,30,18060,卖盘
458,10:40:58,6.02,0.0,53,31906,卖盘
459,10:41:07,6.02,0.0,60,36120,卖盘
460,10:41:12,6.02,0.0,10,6020,卖盘
461,10:41:18,6.03,0.01,226,136278,买盘
462,10:41:25,6.03,0.0,4,2412,买盘
463,10:41:31,6.03,0.0,34,20502,买盘
464,10:41:37,6.03,0.0,9,5427,买盘
465,10:41:54,6.02,-0.01,1,602,卖盘
466,10:42:28,6.02,0.0,5,3010,卖盘
467,10:42:34,6.03,0.01,2,1206,买盘
468,10:43:04,6.03,0.0,3,1809,买盘
469,10:43:19,6.03,0.0,2,1206,买盘
470,10:43:28,6.03,0.0,1,603,买盘
471,10:43:33,6.02,-0.01,10,6020,卖盘
472,10:43:43,6.03,0.01,2,1206,买盘
473,10:44:25,6.03,0.0,3,1809,买盘
474,10:44:58,6.03,0.0,7,4221,买盘
475,10:45:07,6.03,0.0,2,1206,买盘
476,10:46:01,6.03,0.0,2,1206,买盘
477,10:46:28,6.03,0.0,8,4824,买盘
478,10:46:31,6.03,0.0,21,12663,买盘
479,10:46:34,6.03,0.0,41,24723,买盘
480,10:47:28,6.03,0.0,7,4221,买盘
481,10:47:34,6.03,0.0,3,1809,买盘
482,10:47:46,6.03,0.0,2,1206,买盘
483,10:48:19,6.02,-0.01,30,18060,卖盘
484,10:49:13,6.03,0.01,4,2412,买盘
485,10:49:16,6.03,0.0,1,603,买盘
486,10:49:22,6.03,0.0,2,1206,买盘
487,10:49:25,6.03,0.0,2,1206,买盘
488,10:49:27,6.03,0.0,80,48240,买盘
489,10:50:04,6.03,0.0,10,6030,买盘
490,10:50:09,6.02,-0.01,10,6020,卖盘
491,10:50:21,6.03,0.01,20,12060,买盘
492,10:50:31,6.03,0.0,6,3618,买盘
493,10:50:37,6.02,-0.01,12,7226,卖盘
494,10:50:40,6.03,0.01,117,70551,买盘
495,10:50:43,6.03,0.0,4,2412,买盘
496,10:50:52,6.03,0.0,19,11457,买盘
497,10:50:54,6.03,0.0,49,29547,买盘
498,10:51:01,6.03,0.0,40,24120,买盘
499,10:51:04,6.03,0.0,82,49446,买盘
500,10:51:07,6.03,0.0,5,3015,买盘
501,10:51:10,6.03,0.0,3,1809,买盘
502,10:51:40,6.03,0.0,2,1206,买盘
503,10:51:43,6.03,0.0,1,603,买盘
504,10:51:52,6.03,0.0,2,1206,买盘
505,10:52:04,6.03,0.0,1,603,买盘
506,10:52:06,6.03,0.0,10,6030,买盘
507,10:52:16,6.03,0.0,1,603,买盘
508,10:52:37,6.03,0.0,2,1206,买盘
509,10:52:40,6.03,0.0,15,9045,买盘
510,10:53:01,6.03,0.0,1,603,买盘
511,10:53:13,6.02,-0.01,52,31306,卖盘
512,10:53:49,6.03,0.01,4,2412,买盘
513,10:53:51,6.03,0.0,2,1206,买盘
514,10:53:55,6.02,-0.01,188,113176,卖盘
515,10:54:09,6.02,0.0,188,113176,卖盘
516,10:54:13,6.03,0.01,50,30150,买盘
517,10:54:22,6.02,-0.01,6,3612,卖盘
518,10:55:01,6.03,0.01,10,6030,买盘
519,10:55:31,6.03,0.0,3,1809,买盘
520,10:55:34,6.03,0.0,50,30150,买盘
521,10:55:49,6.03,0.0,50,30150,买盘
522,10:56:00,6.03,0.0,5,3015,买盘
523,10:56:19,6.03,0.0,12,7236,买盘
524,10:56:37,6.03,0.0,95,57285,买盘
525,10:56:43,6.04,0.01,15,9060,买盘
526,10:56:51,6.03,-0.01,12,7236,卖盘
527,10:56:55,6.03,0.0,4,2412,买盘
528,10:57:10,6.02,-0.01,9,5418,卖盘
529,10:57:49,6.03,0.01,3,1809,买盘
530,10:58:15,6.03,0.0,16,9648,买盘
531,10:59:01,6.03,0.0,16,9648,买盘
532,10:59:04,6.03,0.0,1,603,买盘
533,10:59:48,6.03,0.0,5,3015,买盘
534,11:00:01,6.03,0.0,60,36180,买盘
535,11:00:04,6.03,0.0,3,1809,买盘
536,11:00:28,6.03,0.0,2,1206,买盘
537,11:00:30,6.03,0.0,2,1206,买盘
538,11:00:43,6.03,0.0,50,30150,买盘
539,11:01:04,6.03,0.0,156,94068,买盘
540,11:01:07,6.03,0.0,1,603,买盘
541,11:01:18,6.03,0.0,2,1206,买盘
542,11:01:34,6.04,0.01,15,9052,买盘
543,11:01:37,6.04,0.0,2,1208,买盘
544,11:01:49,6.03,-0.01,3,1809,卖盘
545,11:01:51,6.03,0.0,7,4221,买盘
546,11:02:28,6.03,0.0,10,6030,卖盘
547,11:02:34,6.04,0.01,4,2416,买盘
548,11:03:06,6.03,-0.01,10,6030,卖盘
549,11:03:19,6.04,0.01,2,1208,买盘
550,11:03:22,6.04,0.0,15,9060,买盘
551,11:03:25,6.04,0.0,2,1208,买盘
552,11:03:28,6.04,0.0,4,2416,买盘
553,11:03:30,6.03,-0.01,12,7236,卖盘
554,11:03:49,6.03,0.0,26,15678,卖盘
555,11:04:01,6.03,0.0,10,6030,卖盘
556,11:04:55,6.04,0.01,2,1208,买盘
557,11:05:01,6.04,0.0,412,248848,买盘
558,11:05:19,6.05,0.01,39,23595,买盘
559,11:05:22,6.05,0.0,7,4235,买盘
560,11:05:49,6.05,0.0,10,6050,买盘
561,11:05:58,6.05,0.0,42,25410,买盘
562,11:06:19,6.05,0.0,3,1815,买盘
563,11:06:22,6.04,-0.01,100,60400,卖盘
564,11:06:25,6.05,0.01,2,1210,买盘
565,11:06:27,6.04,-0.01,20,12080,卖盘
566,11:07:34,6.05,0.01,22,13310,买盘
567,11:07:43,6.05,0.0,100,60500,买盘
568,11:07:45,6.05,0.0,125,75625,买盘
569,11:07:49,6.05,0.0,2,1210,买盘
570,11:07:52,6.05,0.0,2,1210,买盘
571,11:07:58,6.05,0.0,2,1210,买盘
572,11:08:19,6.05,0.0,7,4235,买盘
573,11:08:31,6.04,-0.01,2,1208,卖盘
574,11:09:10,6.05,0.01,1,605,买盘
575,11:09:18,6.04,-0.01,50,30200,卖盘
576,11:09:25,6.05,0.01,2,1210,买盘
577,11:09:49,6.05,0.0,135,81675,买盘
578,11:10:16,6.05,0.0,260,157300,买盘
579,11:10:43,6.05,0.0,30,18150,卖盘
580,11:10:55,6.06,0.01,2,1212,买盘
581,11:11:16,6.06,0.0,4,2424,买盘
582,11:11:19,6.06,0.0,5,3030,买盘
583,11:11:21,6.05,-0.01,41,24805,卖盘
584,11:11:25,6.05,0.0,1,605,买盘
585,11:11:28,6.05,0.0,1,605,买盘
586,11:11:31,6.05,0.0,1,605,买盘
587,11:11:40,6.05,0.0,6,3630,买盘
588,11:11:58,6.05,0.0,4,2420,卖盘
589,11:12:34,6.05,0.0,9,5445,买盘
590,11:13:52,6.05,0.0,2,1210,买盘
591,11:14:16,6.04,-0.01,30,18120,卖盘
592,11:14:55,6.04,0.0,2,1208,卖盘
593,11:15:00,6.04,0.0,10,6040,卖盘
594,11:15:09,6.04,0.0,9,5436,卖盘
595,11:15:12,6.04,0.0,1,604,买盘
596,11:15:28,6.04,0.0,9,5436,买盘
597,11:15:40,6.04,0.0,3,1812,买盘
598,11:16:10,6.03,-0.01,4,2412,卖盘
599,11:17:45,6.03,0.0,50,30150,卖盘
600,11:19:09,6.04,0.01,40,24160,买盘
601,11:19:16,6.04,0.0,68,41072,买盘
602,11:19:40,6.04,0.0,10,6040,卖盘
603,11:19:45,6.05,0.01,2,1210,买盘
604,11:19:58,6.05,0.0,3,1815,买盘
605,11:20:16,6.05,0.0,5,3025,买盘
606,11:20:22,6.05,0.0,2,1210,买盘
607,11:20:27,6.05,0.0,7,4235,买盘
608,11:21:31,6.05,0.0,2,1210,买盘
609,11:21:55,6.05,0.0,4,2420,买盘
610,11:23:09,6.05,0.0,2,1210,买盘
611,11:23:58,6.05,0.0,231,139755,买盘
612,11:24:46,6.06,0.01,2,1212,买盘
613,11:24:55,6.05,-0.01,5,3025,卖盘
614,11:24:58,6.06,0.01,3,1818,买盘
615,11:25:07,6.05,-0.01,2,1210,卖盘
616,11:25:10,6.05,0.0,5,3025,卖盘
617,11:25:12,6.05,0.0,15,9075,卖盘
618,11:25:21,6.05,0.0,5,3025,卖盘
619,11:25:31,6.05,0.0,5,3025,卖盘
620,11:25:40,6.05,0.0,16,9691,卖盘
621,11:25:52,6.05,0.0,5,3025,卖盘
622,11:26:40,6.06,0.01,2,1212,买盘
623,11:27:31,6.06,0.0,2,1212,买盘
624,11:27:57,6.06,0.0,10,6060,买盘
625,11:28:49,6.06,0.0,2,1212,买盘
626,11:29:19,6.05,-0.01,37,22385,卖盘
627,11:29:36,6.06,0.01,10,6060,买盘
628,11:29:42,6.05,-0.01,6,3630,卖盘
629,11:29:46,6.06,0.01,1,606,买盘
630,13:00:04,6.06,0.0,188,113928,买盘
631,13:00:07,6.06,0.0,42,25452,买盘
632,13:00:12,6.06,0.0,20,12120,买盘
633,13:00:15,6.06,0.0,18,10908,买盘
634,13:00:45,6.07,0.01,1,607,买盘
635,13:00:52,6.06,-0.01,5,3030,卖盘
636,13:01:13,6.06,0.0,24,14544,卖盘
637,13:01:22,6.06,0.0,60,36360,卖盘
638,13:01:40,6.06,0.0,37,22422,卖盘
639,13:02:07,6.06,0.0,50,30300,卖盘
640,13:02:13,6.06,0.0,16,9696,卖盘
641,13:02:24,6.06,0.0,50,30340,卖盘
642,13:02:45,6.06,0.0,5,3030,卖盘
643,13:03:30,6.06,0.0,16,9696,卖盘
644,13:03:52,6.06,0.0,4,2424,卖盘
645,13:03:55,6.06,0.0,3,1818,买盘
646,13:04:27,6.06,0.0,1,606,买盘
647,13:04:46,6.06,0.0,4,2424,买盘
648,13:04:49,6.06,0.0,1,606,买盘
649,13:04:51,6.06,0.0,1,606,买盘
650,13:05:12,6.06,0.0,4,2424,买盘
651,13:05:24,6.06,0.0,10,6060,买盘
652,13:05:27,6.06,0.0,47,28482,买盘
653,13:06:27,6.06,0.0,30,18180,卖盘
654,13:06:31,6.06,0.0,16,9696,卖盘
655,13:06:40,6.07,0.01,31,18787,买盘
656,13:07:31,6.06,-0.01,1,606,卖盘
657,13:08:28,6.06,0.0,5,3030,买盘
658,13:08:39,6.06,0.0,6,3636,买盘
659,13:09:01,6.06,0.0,6,3636,买盘
660,13:10:07,6.06,0.0,10,6060,买盘
661,13:10:21,6.06,0.0,50,30300,买盘
662,13:10:25,6.06,0.0,1,606,买盘
663,13:10:28,6.06,0.0,12,7272,买盘
664,13:10:52,6.06,0.0,50,30300,卖盘
665,13:11:12,6.06,0.0,52,31512,卖盘
666,13:11:25,6.06,0.0,1,606,买盘
667,13:11:49,6.06,0.0,1,606,买盘
668,13:11:52,6.06,0.0,1,606,买盘
669,13:12:16,6.06,0.0,2,1212,买盘
670,13:12:24,6.06,0.0,1,606,买盘
671,13:12:46,6.06,0.0,1,606,买盘
672,13:12:55,6.06,0.0,1,606,买盘
673,13:13:07,6.06,0.0,10,6060,买盘
674,13:13:13,6.05,-0.01,20,12100,卖盘
675,13:13:22,6.06,0.01,1,606,买盘
676,13:13:33,6.06,0.0,5,3030,买盘
677,13:13:39,6.05,-0.01,5,3025,卖盘
678,13:14:01,6.06,0.01,62,37540,买盘
679,13:14:09,6.05,-0.01,10,6050,卖盘
680,13:14:55,6.05,0.0,503,304315,卖盘
681,13:14:57,6.05,0.0,20,12100,卖盘
682,13:15:21,6.05,0.0,400,242000,卖盘
683,13:15:25,6.05,0.0,100,60500,卖盘
684,13:15:28,6.05,0.0,19,11495,卖盘
685,13:15:43,6.05,0.0,100,60500,卖盘
686,13:15:49,6.05,0.0,100,60500,卖盘
687,13:15:52,6.05,0.0,22,13310,卖盘
688,13:17:04,6.04,-0.01,20,12080,卖盘
689,13:17:27,6.04,0.0,130,78540,卖盘
690,13:17:37,6.05,0.01,5,3025,买盘
691,13:18:25,6.05,0.0,2,1210,买盘
692,13:18:28,6.04,-0.01,30,18120,卖盘
693,13:18:31,6.04,0.0,22,13288,卖盘
694,13:20:07,6.05,0.01,5,3025,买盘
695,13:20:16,6.05,0.0,10,6050,买盘
696,13:21:00,6.05,0.0,51,30855,买盘
697,13:21:25,6.05,0.0,47,28435,买盘
698,13:21:28,6.05,0.0,22,13310,买盘
699,13:21:31,6.05,0.0,32,19360,卖盘
700,13:21:37,6.05,0.0,68,41140,买盘
701,13:21:57,6.06,0.01,10,6060,买盘
702,13:22:04,6.06,0.0,7,4242,买盘
703,13:22:57,6.05,-0.01,1,605,卖盘
704,13:23:06,6.06,0.01,1,606,买盘
705,13:23:24,6.06,0.0,32,19392,买盘
706,13:23:34,6.05,-0.01,1,605,卖盘
707,13:23:43,6.05,0.0,12,7260,卖盘
708,13:23:46,6.05,0.0,5,3025,买盘
709,13:23:52,6.04,-0.01,38,22953,卖盘
710,13:23:54,6.05,0.01,2,1210,买盘
711,13:24:09,6.04,-0.01,37,22348,卖盘
712,13:24:21,6.05,0.01,1,605,买盘
713,13:24:31,6.05,0.0,3,1815,买盘
714,13:24:40,6.04,-0.01,20,12080,卖盘
715,13:24:46,6.04,0.0,12,7248,卖盘
716,13:24:51,6.05,0.01,1,605,买盘
717,13:25:01,6.05,0.0,90,54450,买盘
718,13:25:19,6.05,0.0,20,12100,买盘
719,13:25:22,6.05,0.0,1,605,买盘
720,13:25:51,6.04,-0.01,60,36240,卖盘
721,13:25:58,6.05,0.01,7,4235,买盘
722,13:26:54,6.05,0.0,53,32065,买盘
723,13:26:58,6.05,0.0,16,9680,买盘
724,13:27:18,6.05,0.0,20,12100,买盘
725,13:27:28,6.05,0.0,27,16335,买盘
726,13:27:30,6.05,0.0,20,12100,卖盘
727,13:27:33,6.06,0.01,50,30300,买盘
728,13:27:43,6.05,-0.01,100,60500,卖盘
729,13:27:58,6.05,0.0,41,24836,卖盘
730,13:28:01,6.06,0.01,7,4242,买盘
731,13:28:07,6.06,0.0,4,2424,买盘
732,13:28:21,6.05,-0.01,10,6050,卖盘
733,13:28:24,6.05,0.0,21,12705,卖盘
734,13:29:57,6.06,0.01,32,19392,买盘
735,13:30:36,6.06,0.0,2,1212,买盘
736,13:30:58,6.06,0.0,10,6060,买盘
737,13:32:31,6.05,-0.01,15,9075,卖盘
738,13:32:45,6.05,0.0,10,6050,卖盘
739,13:32:51,6.05,0.0,10,6050,卖盘
740,13:33:10,6.05,0.0,9,5445,卖盘
741,13:33:15,6.05,0.0,53,32065,卖盘
742,13:33:21,6.06,0.01,1,606,买盘
743,13:33:28,6.06,0.0,4,2424,买盘
744,13:34:09,6.06,0.0,10,6060,买盘
745,13:34:13,6.06,0.0,9,5454,买盘
746,13:34:33,6.06,0.0,1,606,买盘
747,13:34:42,6.06,0.0,16,9696,买盘
748,13:35:21,6.05,-0.01,22,13310,卖盘
749,13:35:31,6.05,0.0,21,12705,卖盘
750,13:36:07,6.05,0.0,200,121000,卖盘
751,13:36:13,6.05,0.0,4,2420,卖盘
752,13:36:19,6.06,0.01,11,6666,买盘
753,13:36:43,6.06,0.0,2,1212,买盘
754,13:39:22,6.05,-0.01,16,9680,卖盘
755,13:39:40,6.05,0.0,33,19965,卖盘
756,13:40:40,6.05,0.0,169,102245,卖盘
757,13:40:46,6.05,0.0,135,81675,卖盘
758,13:41:19,6.05,0.0,1,605,买盘
759,13:41:22,6.04,-0.01,1,604,卖盘
760,13:41:28,6.04,0.0,20,12080,卖盘
761,13:41:43,6.04,0.0,306,184830,卖盘
762,13:43:01,6.04,0.0,4,2416,卖盘
763,13:43:04,6.04,0.0,1,604,卖盘
764,13:43:07,6.04,0.0,5,3020,卖盘
765,13:43:09,6.05,0.01,29,17545,买盘
766,13:44:31,6.04,-0.01,14,8461,卖盘
767,13:44:48,6.04,0.0,6,3624,卖盘
768,13:45:06,6.04,0.0,5,3020,卖盘
769,13:45:22,6.04,0.0,30,18120,卖盘
770,13:45:46,6.04,0.0,30,18120,卖盘
771,13:45:55,6.05,0.01,7,4235,买盘
772,13:45:58,6.04,-0.01,23,13892,卖盘
773,13:46:16,6.05,0.01,7,4235,买盘
774,13:46:49,6.05,0.0,6,3630,买盘
775,13:47:27,6.05,0.0,18,10890,买盘
776,13:47:52,6.05,0.0,2,1210,买盘
777,13:48:27,6.05,0.0,5,3025,买盘
778,13:48:58,6.05,0.0,3,1815,买盘
779,13:49:13,6.04,-0.01,10,6040,卖盘
780,13:49:43,6.05,0.01,81,49005,买盘
781,13:49:49,6.05,0.0,21,12705,买盘
782,13:50:09,6.05,0.0,3,1815,买盘
783,13:50:21,6.05,0.0,15,9075,买盘
784,13:51:04,6.05,0.0,21,12705,买盘
785,13:51:07,6.05,0.0,35,21175,买盘
786,13:51:37,6.05,0.0,1,605,买盘
787,13:51:40,6.04,-0.01,15,9060,卖盘
788,13:51:52,6.04,0.0,100,60400,卖盘
789,13:53:07,6.05,0.01,211,127445,买盘
790,13:54:28,6.05,0.0,1,605,买盘
791,13:55:04,6.05,0.0,3,1815,买盘
792,13:55:31,6.05,0.0,2,1210,买盘
793,13:55:34,6.05,0.0,11,6655,买盘
794,13:55:43,6.05,0.0,1,605,买盘
795,13:55:51,6.05,0.0,2,1210,买盘
796,13:55:57,6.05,0.0,12,7260,买盘
797,13:57:01,6.05,0.0,1,605,买盘
798,13:57:16,6.05,0.0,72,43560,买盘
799,13:57:55,6.05,0.0,31,18755,买盘
800,13:58:25,6.05,0.0,1,605,买盘
801,13:58:42,6.05,0.0,22,13310,买盘
802,13:59:48,6.05,0.0,3,1815,买盘
803,13:59:52,6.04,-0.01,12,7248,卖盘
804,14:00:16,6.05,0.01,1,605,买盘
805,14:00:25,6.05,0.0,47,28435,买盘
806,14:00:28,6.04,-0.01,100,60400,卖盘
807,14:00:31,6.05,0.01,1,605,买盘
808,14:00:33,6.05,0.0,51,30855,买盘
809,14:00:39,6.05,0.0,23,13915,买盘
810,14:00:42,6.05,0.0,60,36300,买盘
811,14:00:46,6.05,0.0,23,13915,买盘
812,14:00:49,6.05,0.0,27,16335,买盘
813,14:01:09,6.05,0.0,90,54450,买盘
814,14:01:13,6.04,-0.01,20,12080,卖盘
815,14:01:15,6.04,0.0,16,9664,卖盘
816,14:01:22,6.05,0.01,29,17545,买盘
817,14:01:25,6.05,0.0,40,24200,卖盘
818,14:01:51,6.05,0.0,30,18150,卖盘
819,14:02:07,6.06,0.01,11,6666,买盘
820,14:02:10,6.05,-0.01,16,9680,卖盘
821,14:02:13,6.05,0.0,33,19965,卖盘
822,14:02:40,6.05,0.0,10,6050,买盘
823,14:02:49,6.05,0.0,1,605,买盘
824,14:03:07,6.05,0.0,40,24200,买盘
825,14:03:25,6.05,0.0,1,605,买盘
826,14:03:36,6.05,0.0,50,30250,买盘
827,14:03:58,6.05,0.0,2,1210,买盘
828,14:04:01,6.05,0.0,20,12100,买盘
829,14:04:10,6.04,-0.01,14,8456,卖盘
830,14:04:16,6.05,0.01,17,10285,买盘
831,14:04:22,6.05,0.0,58,35090,卖盘
832,14:04:25,6.06,0.01,100,60600,买盘
833,14:04:33,6.05,-0.01,27,16335,卖盘
834,14:04:52,6.05,0.0,42,25410,卖盘
835,14:04:55,6.05,0.0,1,605,买盘
836,14:05:09,6.05,0.0,1,605,买盘
837,14:05:19,6.05,0.0,12,7260,买盘
838,14:05:22,6.04,-0.01,21,12685,卖盘
839,14:05:55,6.05,0.01,2,1210,买盘
840,14:06:28,6.04,-0.01,100,60400,卖盘
841,14:06:39,6.05,0.01,24,14520,买盘
842,14:06:46,6.05,0.0,42,25410,买盘
843,14:06:55,6.04,-0.01,1,604,卖盘
844,14:07:42,6.05,0.01,20,12100,买盘
845,14:07:49,6.05,0.0,1,605,买盘
846,14:08:37,6.05,0.0,1,605,买盘
847,14:09:04,6.04,-0.01,30,18120,卖盘
848,14:09:16,6.04,0.0,242,146168,卖盘
849,14:09:19,6.04,0.0,1,604,买盘
850,14:09:21,6.04,0.0,61,36844,买盘
851,14:09:25,6.05,0.01,38,22990,买盘
852,14:09:37,6.04,-0.01,19,11476,卖盘
853,14:09:46,6.05,0.01,9,5445,买盘
854,14:09:49,6.04,-0.01,39,23556,卖盘
855,14:09:51,6.05,0.01,81,49005,买盘
856,14:10:13,6.05,0.0,30,18150,买盘
857,14:10:16,6.05,0.0,13,7865,买盘
858,14:10:24,6.05,0.0,12,7260,买盘
859,14:10:34,6.05,0.0,77,46585,买盘
860,14:10:37,6.05,0.0,2,1210,买盘
861,14:10:40,6.05,0.0,19,11495,买盘
862,14:10:49,6.05,0.0,20,12100,卖盘
863,14:10:52,6.05,0.0,1,605,买盘
864,14:11:01,6.05,0.0,7,4235,买盘
865,14:11:21,6.05,0.0,1,605,买盘
866,14:11:42,6.05,0.0,3,1815,买盘
867,14:11:45,6.05,0.0,6,3630,买盘
868,14:11:52,6.05,0.0,7,4235,买盘
869,14:11:54,6.05,0.0,2,1210,买盘
870,14:12:07,6.05,0.0,123,74415,买盘
871,14:12:28,6.05,0.0,70,42350,卖盘
872,14:12:34,6.05,0.0,2,1210,卖盘
873,14:12:43,6.05,0.0,1,605,买盘
874,14:12:48,6.05,0.0,27,16335,买盘
875,14:13:12,6.05,0.0,3,1815,卖盘
876,14:13:15,6.05,0.0,1,605,买盘
877,14:13:25,6.05,0.0,3,1815,买盘
878,14:13:33,6.05,0.0,1,605,买盘
879,14:13:36,6.05,0.0,1,605,买盘
880,14:13:43,6.05,0.0,2,1210,买盘
881,14:13:46,6.05,0.0,1,605,买盘
882,14:13:52,6.05,0.0,2,1210,买盘
883,14:14:01,6.04,-0.01,20,12080,卖盘
884,14:14:04,6.05,0.01,10,6050,买盘
885,14:14:21,6.05,0.0,1,605,买盘
886,14:14:37,6.05,0.0,12,7260,买盘
887,14:14:46,6.05,0.0,1,605,卖盘
888,14:14:55,6.04,-0.01,13,7855,卖盘
889,14:14:58,6.05,0.01,1,605,买盘
890,14:15:42,6.05,0.0,1,605,买盘
891,14:16:04,6.05,0.0,50,30250,买盘
892,14:17:22,6.05,0.0,32,19360,买盘
893,14:18:24,6.05,0.0,101,61105,卖盘
894,14:18:28,6.05,0.0,10,6050,卖盘
895,14:18:31,6.06,0.01,16,9692,买盘
896,14:18:52,6.05,-0.01,22,13310,卖盘
897,14:19:04,6.05,0.0,45,27225,买盘
898,14:19:31,6.05,0.0,3,1815,买盘
899,14:19:40,6.05,0.0,17,10285,买盘
900,14:19:43,6.05,0.0,31,18755,卖盘
901,14:19:55,6.05,0.0,50,30250,买盘
902,14:20:07,6.04,-0.01,200,120800,卖盘
903,14:20:22,6.05,0.01,10,6050,买盘
904,14:20:46,6.05,0.0,1,605,买盘
905,14:20:55,6.05,0.0,19,11495,买盘
906,14:21:43,6.04,-0.01,1,604,卖盘
907,14:21:52,6.05,0.01,8,4840,买盘
908,14:22:46,6.05,0.0,6,3630,买盘
909,14:23:10,6.05,0.0,4,2420,买盘
910,14:23:24,6.04,-0.01,200,120800,卖盘
911,14:24:04,6.04,0.0,50,30200,卖盘
912,14:24:54,6.04,0.0,205,123820,卖盘
913,14:25:22,6.04,0.0,396,239184,卖盘
914,14:25:46,6.04,0.0,100,60400,卖盘
915,14:26:06,6.04,0.0,5,3020,卖盘
916,14:26:54,6.04,0.0,33,19932,卖盘
917,14:26:58,6.04,0.0,61,36844,卖盘
918,14:27:28,6.04,0.0,7,4228,卖盘
919,14:27:39,6.04,0.0,10,6040,卖盘
920,14:27:49,6.05,0.01,10,6050,买盘
921,14:29:10,6.04,-0.01,100,60400,卖盘
922,14:29:43,6.04,0.0,194,117176,卖盘
923,14:29:49,6.04,0.0,4,2416,卖盘
924,14:30:04,6.04,0.0,6,3624,卖盘
925,14:30:07,6.04,0.0,17,10268,卖盘
926,14:30:10,6.04,0.0,10,6040,卖盘
927,14:30:34,6.04,0.0,43,25972,卖盘
928,14:30:54,6.04,0.0,68,41072,卖盘
929,14:31:25,6.04,0.0,20,12080,卖盘
930,14:31:28,6.04,0.0,3,1812,卖盘
931,14:32:27,6.04,0.0,50,30200,卖盘
932,14:32:39,6.04,0.0,20,12080,卖盘
933,14:32:46,6.04,0.0,60,36240,卖盘
934,14:32:51,6.04,0.0,1,604,卖盘
935,14:32:55,6.04,0.0,19,11476,卖盘
936,14:33:31,6.04,0.0,48,28992,卖盘
937,14:33:40,6.05,0.01,3,1815,买盘
938,14:33:43,6.04,-0.01,14,8456,卖盘
939,14:34:25,6.04,0.0,25,15100,卖盘
940,14:34:34,6.04,0.0,30,18120,卖盘
941,14:34:49,6.05,0.01,1,605,买盘
942,14:34:52,6.04,-0.01,9,5436,卖盘
943,14:35:27,6.04,0.0,653,394412,卖盘
944,14:35:43,6.04,0.0,30,18120,卖盘
945,14:36:16,6.04,0.0,45,27609,卖盘
946,14:36:28,6.04,0.0,30,18120,卖盘
947,14:36:31,6.04,0.0,50,30200,卖盘
948,14:36:34,6.04,0.0,393,236943,卖盘
949,14:36:46,6.03,-0.01,3,1809,卖盘
950,14:36:49,6.03,0.0,50,30150,卖盘
951,14:37:04,6.03,0.0,19,11457,卖盘
952,14:37:07,6.04,0.01,56,33782,买盘
953,14:37:22,6.03,-0.01,12,7236,卖盘
954,14:37:31,6.03,0.0,2,1206,卖盘
955,14:37:37,6.04,0.01,1,604,买盘
956,14:37:49,6.04,0.0,2,1208,买盘
957,14:37:52,6.03,-0.01,10,6030,卖盘
958,14:38:01,6.03,0.0,20,12060,卖盘
959,14:38:06,6.03,0.0,5,3015,卖盘
960,14:38:12,6.03,0.0,18,10854,卖盘
961,14:38:25,6.03,0.0,33,19899,卖盘
962,14:39:28,6.04,0.01,7,4228,买盘
963,14:39:31,6.03,-0.01,10,6030,卖盘
964,14:39:36,6.03,0.0,200,120600,卖盘
965,14:39:43,6.03,0.0,14,8442,卖盘
966,14:39:46,6.03,0.0,15,9045,卖盘
967,14:40:04,6.04,0.01,1,604,买盘
968,14:40:10,6.03,-0.01,1,603,卖盘
969,14:40:19,6.03,0.0,1,603,卖盘
970,14:40:21,6.03,0.0,10,6030,卖盘
971,14:41:06,6.03,0.0,1,603,卖盘
972,14:41:13,6.03,0.0,40,24120,卖盘
973,14:41:31,6.03,0.0,77,46431,卖盘
974,14:41:34,6.03,0.0,4,2412,卖盘
975,14:41:52,6.03,0.0,2,1206,卖盘
976,14:42:10,6.03,0.0,1,603,卖盘
977,14:42:28,6.03,0.0,109,65727,卖盘
978,14:42:33,6.03,0.0,42,25326,卖盘
979,14:42:40,6.03,0.0,116,69948,卖盘
980,14:42:58,6.03,0.0,28,16884,卖盘
981,14:43:04,6.03,0.0,11,6633,卖盘
982,14:43:15,6.03,0.0,8,4824,卖盘
983,14:43:28,6.03,0.0,13,7839,卖盘
984,14:43:37,6.03,0.0,20,12060,买盘
985,14:43:40,6.03,0.0,31,18693,买盘
986,14:43:55,6.03,0.0,15,9045,买盘
987,14:43:58,6.03,0.0,3,1809,买盘
988,14:44:12,6.03,0.0,1,603,买盘
989,14:44:31,6.03,0.0,3,1809,买盘
990,14:44:42,6.03,0.0,1,603,买盘
991,14:44:46,6.03,0.0,8,4824,买盘
992,14:44:52,6.03,0.0,11,6633,买盘
993,14:44:55,6.03,0.0,2,1206,买盘
994,14:45:01,6.03,0.0,20,12060,买盘
995,14:45:25,6.03,0.0,10,6030,买盘
996,14:45:27,6.03,0.0,51,30752,买盘
997,14:45:34,6.03,0.0,24,14472,买盘
998,14:45:40,6.03,0.0,32,19296,买盘
999,14:46:07,6.03,0.0,100,60300,卖盘
1000,14:46:22,6.03,0.0,5,3015,卖盘
1001,14:46:28,6.03,0.0,14,8442,卖盘
1002,14:46:34,6.03,0.0,5,3015,卖盘
1003,14:46:37,6.04,0.01,1,604,买盘
1004,14:46:51,6.04,0.0,30,18120,买盘
1005,14:47:10,6.03,-0.01,140,84420,卖盘
1006,14:47:25,6.03,0.0,3,1809,买盘
1007,14:47:34,6.03,0.0,30,18090,买盘
1008,14:48:01,6.03,0.0,18,10854,买盘
1009,14:48:06,6.02,-0.01,2,1204,卖盘
1010,14:48:22,6.02,0.0,1,602,卖盘
1011,14:48:31,6.03,0.01,15,9045,买盘
1012,14:48:40,6.03,0.0,5,3015,买盘
1013,14:48:42,6.03,0.0,13,7839,买盘
1014,14:48:52,6.03,0.0,300,180900,买盘
1015,14:49:04,6.03,0.0,1,603,买盘
1016,14:49:10,6.03,0.0,3,1809,卖盘
1017,14:49:12,6.03,0.0,30,18090,卖盘
1018,14:49:25,6.04,0.01,2,1208,买盘
1019,14:49:40,6.03,-0.01,50,30150,卖盘
1020,14:49:49,6.04,0.01,4,2416,买盘
1021,14:49:51,6.03,-0.01,10,6030,卖盘
1022,14:50:10,6.03,0.0,28,16884,卖盘
1023,14:50:25,6.03,0.0,100,60300,卖盘
1024,14:50:40,6.03,0.0,25,15075,卖盘
1025,14:51:09,6.03,0.0,20,12060,卖盘
1026,14:51:19,6.03,0.0,10,6030,卖盘
1027,14:51:28,6.03,0.0,44,26532,卖盘
1028,14:51:37,6.03,0.0,10,6030,卖盘
1029,14:52:00,6.04,0.01,3,1812,买盘
1030,14:52:04,6.04,0.0,1,604,买盘
1031,14:52:16,6.03,-0.01,31,18693,卖盘
1032,14:52:39,6.04,0.01,1,604,买盘
1033,14:52:43,6.03,-0.01,25,15075,卖盘
1034,14:52:58,6.03,0.0,10,6030,卖盘
1035,14:53:10,6.03,0.0,132,79596,卖盘
1036,14:53:49,6.04,0.01,1,604,买盘
1037,14:53:57,6.03,-0.01,72,43416,卖盘
1038,14:54:34,6.03,0.0,3,1809,卖盘
1039,14:54:40,6.04,0.01,1,604,买盘
1040,14:54:43,6.03,-0.01,17,10251,卖盘
1041,14:54:58,6.03,0.0,9,5427,卖盘
1042,14:55:07,6.03,0.0,10,6030,卖盘
1043,14:55:10,6.04,0.01,10,6040,买盘
1044,14:55:37,6.04,0.0,2,1208,买盘
1045,14:55:40,6.04,0.0,6,3624,买盘
1046,14:55:42,6.03,-0.01,52,31368,卖盘
1047,14:55:46,6.04,0.01,50,30200,买盘
1048,14:55:49,6.03,-0.01,307,185121,卖盘
1049,14:56:06,6.04,0.01,40,24160,买盘
1050,14:56:16,6.04,0.0,10,6040,买盘
1051,14:56:19,6.03,-0.01,10,6030,卖盘
1052,14:56:25,6.03,0.0,2,1206,卖盘
1053,14:56:34,6.03,0.0,15,9045,卖盘
1054,14:56:37,6.04,0.01,6,3624,买盘
1055,14:56:43,6.04,0.0,20,12080,买盘
1056,14:56:46,6.03,-0.01,1,603,卖盘
1057,14:56:49,6.04,0.01,6,3624,买盘
1058,14:56:55,6.04,0.0,46,27764,买盘
1059,15:00:04,6.04,0.0,617,372668,卖盘
