,time,price,change,volume,amount,type
0,09:25:04,10.99,0.06,63,69237,卖盘
1,09:30:03,10.99,0.0,24,26376,买盘
2,09:30:06,10.99,0.0,9,9899,卖盘
3,09:30:09,10.99,0.0,51,55953,卖盘
4,09:30:12,10.96,-0.03,2,2195,卖盘
5,09:30:15,10.99,0.03,1,1099,买盘
6,09:30:18,10.99,0.0,2,2198,买盘
7,09:30:45,10.99,0.0,16,17584,买盘
8,09:30:48,10.99,0.0,1,1099,买盘
9,09:30:54,10.99,0.0,1,1099,买盘
10,09:31:04,10.97,-0.02,3,3291,卖盘
11,09:31:06,10.97,0.0,15,16455,卖盘
12,09:31:12,10.96,-0.01,1,1096,卖盘
13,09:31:15,10.96,0.0,2,2192,卖盘
14,09:31:25,10.96,0.0,17,18632,卖盘
15,09:31:27,10.96,0.0,23,25186,买盘
16,09:31:30,10.94,-0.02,3,3284,卖盘
17,09:31:33,10.95,0.01,45,49270,买盘
18,09:31:36,10.95,0.0,3,3287,卖盘
19,09:31:39,10.95,0.0,2,2190,卖盘
20,09:31:45,10.95,0.0,2,2190,卖盘
21,09:31:57,10.96,0.01,100,109600,买盘
22,09:32:00,10.96,0.0,11,12056,买盘
23,09:32:04,10.98,0.02,2,2196,买盘
24,09:32:09,10.98,0.0,23,25238,买盘
25,09:32:12,10.98,0.0,1,1098,买盘
26,09:32:15,10.98,0.0,3,3293,买盘
27,09:32:18,10.98,0.0,6,6588,买盘
28,09:32:21,10.98,0.0,7,7686,买盘
29,09:32:39,11.02,0.04,10,11004,买盘
30,09:32:43,11.01,-0.01,1,1101,中性盘
31,09:32:48,10.99,-0.02,1,1099,卖盘
32,09:32:54,10.99,0.0,12,13208,卖盘
33,09:33:09,11.0,0.01,3,3304,卖盘
34,09:33:15,11.0,0.0,1,1100,卖盘
35,09:33:27,11.0,0.0,19,20900,卖盘
36,09:33:30,11.02,0.02,1,1102,买盘
37,09:33:39,11.02,0.0,10,11020,买盘
38,09:33:49,11.02,0.0,10,11018,买盘
39,09:33:52,11.0,-0.02,1,1100,卖盘
40,09:33:54,11.0,0.0,10,11000,卖盘
41,09:34:00,11.0,0.0,3,3300,卖盘
42,09:34:03,11.0,0.0,1,1100,卖盘
43,09:34:06,11.0,0.0,8,8800,卖盘
44,09:34:09,10.99,-0.01,18,19782,卖盘
45,09:34:12,10.99,0.0,8,8792,卖盘
46,09:34:15,10.97,-0.02,7,7684,卖盘
47,09:34:18,10.97,0.0,2,2195,卖盘
48,09:34:21,10.97,0.0,1,1097,卖盘
49,09:34:24,10.97,0.0,1,1097,卖盘
50,09:34:27,10.98,0.01,6,6588,买盘
51,09:34:30,10.98,0.0,2,2196,卖盘
52,09:34:33,10.98,0.0,2,2196,卖盘
53,09:34:36,10.97,-0.01,16,17563,卖盘
54,09:34:39,10.97,0.0,1,1097,卖盘
55,09:34:42,10.99,0.02,4,4396,买盘
56,09:35:12,11.0,0.01,1,1100,买盘
57,09:35:15,11.0,0.0,4,4400,卖盘
58,09:35:18,11.0,0.0,1,1100,卖盘
59,09:35:30,11.02,0.02,33,36366,买盘
60,09:35:33,11.02,0.0,1,1102,卖盘
61,09:35:36,11.02,0.0,2,2204,卖盘
62,09:35:39,11.03,0.01,50,55150,卖盘
63,09:35:42,11.03,0.0,27,29801,卖盘
64,09:35:45,11.02,-0.01,12,13224,卖盘
65,09:35:48,11.01,-0.01,12,13212,卖盘
66,09:35:51,11.02,0.01,1,1102,买盘
67,09:35:54,11.04,0.02,23,25354,买盘
68,09:35:58,11.01,-0.03,4,4404,卖盘
69,09:36:09,11.01,0.0,1,1101,卖盘
70,09:36:18,11.01,0.0,1,1101,卖盘
71,09:36:21,11.01,0.0,1,1101,卖盘
72,09:36:24,11.01,0.0,6,6606,卖盘
73,09:36:27,11.0,-0.01,2,2200,卖盘
74,09:36:33,11.0,0.0,17,18701,卖盘
75,09:36:36,10.99,-0.01,4,4397,卖盘
76,09:36:39,11.0,0.01,6,6600,买盘
77,09:36:42,10.97,-0.03,28,30745,卖盘
78,09:36:52,10.98,0.01,21,23096,买盘
79,09:37:00,10.98,0.0,18,19764,卖盘
80,09:37:03,10.98,0.0,3,3294,买盘
81,09:37:06,10.97,-0.01,1,1097,卖盘
82,09:37:21,10.97,0.0,23,25238,卖盘
83,09:37:24,10.98,0.01,13,14274,买盘
84,09:37:27,10.98,0.0,1,1098,买盘
85,09:37:36,11.0,0.02,1,1100,买盘
86,09:37:42,11.0,0.0,3,3300,买盘
87,09:37:45,10.99,-0.01,1,1099,卖盘
88,09:37:51,11.01,0.02,2,2200,买盘
89,09:38:06,11.0,-0.01,1,1100,卖盘
90,09:38:09,11.01,0.01,1,1101,卖盘
91,09:38:12,11.02,0.01,5,5510,买盘
92,09:38:15,11.02,0.0,24,26448,卖盘
93,09:38:18,10.99,-0.03,156,171679,卖盘
94,09:38:21,10.99,0.0,10,10990,买盘
95,09:38:24,11.01,0.02,3,3303,买盘
96,09:38:30,11.02,0.01,8,8809,买盘
97,09:38:33,11.02,0.0,9,9918,买盘
98,09:38:39,11.02,0.0,3,3306,买盘
99,09:38:45,11.02,0.0,13,14326,买盘
100,09:38:48,11.03,0.01,2,2205,买盘
101,09:39:00,11.02,-0.01,1,1102,卖盘
102,09:39:09,11.05,0.03,24,26485,买盘
103,09:39:12,11.04,-0.01,2,2207,中性盘
104,09:39:21,11.04,0.0,1,1104,买盘
105,09:39:24,11.04,0.0,1,1104,买盘
106,09:39:27,11.03,-0.01,20,22060,卖盘
107,09:39:42,11.03,0.0,1,1103,卖盘
108,09:39:46,11.03,0.0,2,2206,卖盘
109,09:39:52,11.03,0.0,4,4412,卖盘
110,09:39:54,11.03,0.0,2,2206,卖盘
111,09:39:57,11.02,-0.01,17,18734,卖盘
112,09:40:00,11.03,0.01,8,8824,买盘
113,09:40:04,11.02,-0.01,14,15428,卖盘
114,09:40:09,11.02,0.0,2,2203,买盘
115,09:40:21,11.02,0.0,5,5510,买盘
116,09:40:27,11.03,0.01,3,3309,买盘
117,09:40:39,11.02,-0.01,4,4414,卖盘
118,09:40:48,11.0,-0.02,1,1100,卖盘
119,09:41:13,11.03,0.03,3,3310,卖盘
120,09:41:15,11.01,-0.02,11,12129,卖盘
121,09:41:18,11.01,0.0,2,2202,卖盘
122,09:41:21,11.01,0.0,4,4404,卖盘
123,09:41:24,11.0,-0.01,28,30805,卖盘
124,09:41:27,11.03,0.03,3,3303,买盘
125,09:41:33,11.0,-0.03,4,4402,卖盘
126,09:41:36,11.0,0.0,22,24220,卖盘
127,09:41:40,11.0,0.0,32,35202,卖盘
128,09:41:42,11.01,0.01,6,6601,买盘
129,09:41:48,10.99,-0.02,1,1099,卖盘
130,09:41:51,11.0,0.01,8,8796,买盘
131,09:41:57,11.01,0.01,10,11004,买盘
132,09:42:21,10.98,-0.03,1,1098,卖盘
133,09:42:36,10.98,0.0,1,1098,卖盘
134,09:42:46,10.99,0.01,6,6594,中性盘
135,09:42:49,10.98,-0.01,7,7692,卖盘
136,09:42:57,11.0,0.02,10,11000,买盘
137,09:43:06,10.98,-0.02,1,1098,卖盘
138,09:43:42,10.98,0.0,1,1098,卖盘
139,09:43:51,10.96,-0.02,300,329016,卖盘
140,09:43:54,10.96,0.0,74,81104,买盘
141,09:44:00,11.0,0.04,6,6600,买盘
142,09:44:04,10.99,-0.01,4,4396,买盘
143,09:44:13,10.96,-0.03,1,1096,卖盘
144,09:44:16,10.96,0.0,1,1096,卖盘
145,09:44:24,10.99,0.03,1,1099,买盘
146,09:44:27,10.96,-0.03,1,1096,卖盘
147,09:44:36,10.96,0.0,1,1096,卖盘
148,09:45:15,10.97,0.01,2,2194,卖盘
149,09:45:48,10.97,0.0,3,3293,卖盘
150,09:45:51,10.99,0.02,1,1099,买盘
151,09:46:00,10.97,-0.02,4,4388,卖盘
152,09:46:04,10.97,0.0,2,2194,卖盘
153,09:46:06,10.97,0.0,3,3291,卖盘
154,09:46:18,10.98,0.01,5,5490,买盘
155,09:46:30,10.99,0.01,1,1099,买盘
156,09:46:33,10.99,0.0,10,10990,买盘
157,09:46:39,10.99,0.0,1,1099,买盘
158,09:46:42,10.98,-0.01,1,1098,卖盘
159,09:46:46,10.98,0.0,1,1098,卖盘
160,09:46:48,11.01,0.03,9,9900,买盘
161,09:46:52,11.01,0.0,26,28626,卖盘
162,09:46:57,11.01,0.0,2,2202,买盘
163,09:47:06,10.98,-0.03,1,1098,卖盘
164,09:47:21,11.01,0.03,18,19816,买盘
165,09:47:24,11.01,0.0,1,1101,买盘
166,09:47:43,11.02,0.01,4,4408,买盘
167,09:47:45,11.01,-0.01,8,8808,卖盘
168,09:47:48,11.01,0.0,6,6606,买盘
169,09:47:54,11.01,0.0,19,20919,买盘
170,09:47:57,11.01,0.0,32,35232,买盘
171,09:48:16,10.99,-0.02,1,1099,卖盘
172,09:48:18,10.99,0.0,1,1099,卖盘
173,09:48:27,10.99,0.0,3,3297,卖盘
174,09:48:30,11.01,0.02,27,29713,买盘
175,09:48:33,10.99,-0.02,5,5499,卖盘
176,09:48:36,10.99,0.0,1,1099,卖盘
177,09:48:39,10.99,0.0,3,3297,卖盘
178,09:48:42,10.98,-0.01,6,6588,卖盘
179,09:48:45,10.99,0.01,51,56049,买盘
180,09:48:48,10.99,0.0,21,23076,买盘
181,09:48:51,10.98,-0.01,102,111998,卖盘
182,09:48:54,10.98,0.0,7,7686,卖盘
183,09:48:57,10.98,0.0,10,10979,买盘
184,09:49:06,10.98,0.0,8,8782,买盘
185,09:49:09,10.97,-0.01,1,1097,卖盘
186,09:49:18,10.97,0.0,1,1097,卖盘
187,09:49:21,10.98,0.01,13,14274,买盘
188,09:49:24,10.98,0.0,6,6588,卖盘
189,09:49:34,10.98,0.0,20,21960,卖盘
190,09:49:42,10.98,0.0,1,1098,卖盘
191,09:49:54,10.99,0.01,57,62593,买盘
192,09:49:57,10.99,0.0,3,3297,买盘
193,09:50:15,10.99,0.0,24,26376,买盘
194,09:50:18,10.99,0.0,4,4394,买盘
195,09:50:21,10.99,0.0,3,3297,买盘
196,09:50:24,10.99,0.0,39,42861,买盘
197,09:50:31,11.01,0.02,2,2202,买盘
198,09:50:39,10.99,-0.02,1,1099,卖盘
199,09:50:45,11.01,0.02,9,9907,买盘
200,09:50:54,11.0,-0.01,1,1100,买盘
201,09:51:00,11.01,0.01,142,156342,买盘
202,09:51:04,11.01,0.0,6,6606,买盘
203,09:51:06,11.01,0.0,1,1101,买盘
204,09:51:12,11.01,0.0,1,1101,买盘
205,09:51:21,11.01,0.0,1,1101,买盘
206,09:51:27,11.01,0.0,1,1101,买盘
207,09:51:39,11.01,0.0,9,9908,买盘
208,09:51:48,11.01,0.0,8,8808,买盘
209,09:52:00,10.99,-0.02,29,31910,卖盘
210,09:52:15,10.99,0.0,1,1099,卖盘
211,09:52:19,10.99,0.0,1,1099,卖盘
212,09:52:24,11.02,0.03,23,25346,买盘
213,09:52:27,11.02,0.0,1,1102,买盘
214,09:52:30,11.01,-0.01,1,1101,卖盘
215,09:52:33,11.0,-0.01,1,1100,买盘
216,09:52:39,11.0,0.0,1,1100,买盘
217,09:52:42,10.99,-0.01,1,1099,卖盘
218,09:53:06,11.0,0.01,1,1100,买盘
219,09:53:09,11.0,0.0,1,1100,卖盘
220,09:53:18,11.02,0.02,13,14326,买盘
221,09:53:21,11.02,0.0,2,2204,卖盘
222,09:53:30,11.02,0.0,1,1102,卖盘
223,09:53:33,11.02,0.0,1,1102,卖盘
224,09:53:51,11.0,-0.02,2,2200,卖盘
225,09:54:00,11.0,0.0,2,2200,卖盘
226,09:54:27,11.01,0.01,1,1101,买盘
227,09:54:36,11.02,0.01,9,9917,买盘
228,09:54:39,11.02,0.0,1,1102,买盘
229,09:54:45,11.02,0.0,17,18734,买盘
230,09:55:00,11.01,-0.01,2,2202,卖盘
231,09:55:06,11.01,0.0,4,4404,卖盘
232,09:55:21,11.0,-0.01,25,27504,卖盘
233,09:55:25,11.0,0.0,1,1100,买盘
234,09:55:28,10.99,-0.01,3,3299,卖盘
235,09:55:36,10.99,0.0,1,1099,卖盘
236,09:55:45,11.0,0.01,4,4400,买盘
237,09:55:51,11.0,0.0,12,13200,买盘
238,09:56:01,10.99,-0.01,1,1099,卖盘
239,09:56:06,11.0,0.01,8,8800,买盘
240,09:56:09,11.0,0.0,2,2200,买盘
241,09:56:18,11.0,0.0,16,17600,买盘
242,09:56:21,11.0,0.0,6,6600,买盘
243,09:56:24,11.0,0.0,1,1100,买盘
244,09:56:30,11.0,0.0,1,1100,买盘
245,09:56:33,10.99,-0.01,1,1099,卖盘
246,09:56:36,11.0,0.01,11,12100,买盘
247,09:56:39,10.99,-0.01,5,5497,卖盘
248,09:56:48,10.99,0.0,50,54950,卖盘
249,09:57:04,10.99,0.0,1,1099,卖盘
250,09:57:07,10.99,0.0,1,1099,卖盘
251,09:57:30,11.0,0.01,10,11000,买盘
252,09:57:33,11.0,0.0,1,1100,买盘
253,09:57:37,10.99,-0.01,1,1099,卖盘
254,09:57:42,11.0,0.01,8,8800,买盘
255,09:57:49,11.0,0.0,6,6600,买盘
256,09:58:03,11.0,0.0,1,1100,卖盘
257,09:58:06,10.99,-0.01,30,32994,卖盘
258,09:58:33,11.0,0.01,8,8800,卖盘
259,09:58:36,11.0,0.0,3,3300,买盘
260,09:58:51,11.0,0.0,2,2200,买盘
261,09:58:54,10.99,-0.01,3,3297,卖盘
262,09:58:57,11.0,0.01,30,33000,买盘
263,09:59:00,11.0,0.0,2,2200,买盘
264,09:59:04,10.99,-0.01,31,34069,卖盘
265,09:59:06,11.0,0.01,6,6600,买盘
266,09:59:09,11.01,0.01,1,1101,买盘
267,09:59:15,11.01,0.0,17,18717,买盘
268,09:59:18,11.01,0.0,3,3303,买盘
269,09:59:30,11.0,-0.01,1,1100,卖盘
270,09:59:33,11.0,0.0,1,1100,卖盘
271,09:59:42,11.01,0.01,29,31929,买盘
272,09:59:45,11.01,0.0,1,1101,买盘
273,09:59:54,11.0,-0.01,3,3300,卖盘
274,10:00:12,11.0,0.0,2,2200,买盘
275,10:00:16,11.0,0.0,2,2200,买盘
276,10:00:21,11.0,0.0,4,4400,买盘
277,10:00:24,11.0,0.0,43,47300,买盘
278,10:00:27,11.01,0.01,156,171610,买盘
279,10:00:30,11.02,0.01,8,8816,买盘
280,10:00:34,11.03,0.01,2,2206,买盘
281,10:00:36,11.03,0.0,1,1103,买盘
282,10:00:39,11.03,0.0,1,1103,买盘
283,10:00:42,11.03,0.0,8,8824,买盘
284,10:00:48,11.04,0.01,10,11040,买盘
285,10:00:58,11.05,0.01,13,14356,买盘
286,10:01:01,11.04,-0.01,1,1104,买盘
287,10:01:06,11.03,-0.01,1,1103,卖盘
288,10:01:15,11.03,0.0,9,9927,卖盘
289,10:01:31,11.03,0.0,6,6618,买盘
290,10:01:39,11.02,-0.01,5,5510,卖盘
291,10:02:09,11.02,0.0,8,8816,买盘
292,10:02:15,11.02,0.0,11,12122,买盘
293,10:02:18,11.03,0.01,2,2205,买盘
294,10:02:21,11.02,-0.01,1,1102,卖盘
295,10:02:24,11.02,0.0,1,1102,卖盘
296,10:02:31,11.02,0.0,4,4408,卖盘
297,10:02:33,11.01,-0.01,1,1101,卖盘
298,10:02:36,11.01,0.0,14,15414,卖盘
299,10:02:39,11.01,0.0,5,5505,买盘
300,10:03:00,11.02,0.01,35,38554,买盘
301,10:03:04,11.02,0.0,2,2204,买盘
302,10:03:36,11.02,0.0,8,8816,买盘
303,10:03:45,11.01,-0.01,17,18717,买盘
304,10:03:48,11.01,0.0,1,1101,买盘
305,10:04:09,11.01,0.0,8,8808,买盘
306,10:04:18,11.0,-0.01,4,4400,卖盘
307,10:04:39,11.01,0.01,27,29727,买盘
308,10:04:45,11.01,0.0,1,1101,买盘
309,10:05:09,11.01,0.0,5,5670,买盘
310,10:05:13,11.01,0.0,2,2202,卖盘
311,10:05:16,11.01,0.0,3,3138,买盘
312,10:05:18,11.02,0.01,197,217256,买盘
313,10:05:21,11.03,0.01,16,17648,买盘
314,10:05:24,11.02,-0.01,30,33060,卖盘
315,10:05:27,11.03,0.01,1,1103,买盘
316,10:05:30,11.02,-0.01,10,11020,卖盘
317,10:05:48,11.03,0.01,10,11030,买盘
318,10:05:52,11.03,0.0,1,1103,买盘
319,10:05:54,11.03,0.0,4,4412,买盘
320,10:06:03,11.03,0.0,1,1103,中性盘
321,10:06:06,11.02,-0.01,4,4408,卖盘
322,10:06:36,11.02,0.0,194,213788,卖盘
323,10:06:39,11.02,0.0,93,102486,卖盘
324,10:06:42,11.02,0.0,14,15426,买盘
325,10:06:45,11.02,0.0,6,6809,买盘
326,10:06:48,11.02,0.0,14,15428,卖盘
327,10:06:52,11.02,0.0,4,4210,卖盘
328,10:06:54,11.01,-0.01,11,11946,卖盘
329,10:07:15,11.01,0.0,2,2202,买盘
330,10:07:22,11.02,0.01,15,16527,买盘
331,10:07:24,11.02,0.0,5,5510,卖盘
332,10:08:04,11.02,0.0,1,1102,买盘
333,10:08:06,11.02,0.0,8,8816,买盘
334,10:08:18,11.02,0.0,16,17632,买盘
335,10:08:24,11.01,-0.01,9,9909,卖盘
336,10:08:27,11.01,0.0,2,2202,买盘
337,10:08:42,11.01,0.0,2,2202,买盘
338,10:08:45,11.01,0.0,1,1101,买盘
339,10:08:48,11.01,0.0,4,4404,卖盘
340,10:09:15,11.03,0.02,12,13231,买盘
341,10:09:21,11.01,-0.02,3,3303,卖盘
342,10:09:30,11.01,0.0,8,8808,卖盘
343,10:09:42,11.03,0.02,8,8824,买盘
344,10:09:45,11.03,0.0,17,18751,买盘
345,10:10:03,11.03,0.0,1,1103,买盘
346,10:10:15,11.03,0.0,6,6616,买盘
347,10:10:30,11.02,-0.01,4,4407,买盘
348,10:10:33,11.01,-0.01,6,6606,卖盘
349,10:10:51,11.0,-0.01,20,22000,卖盘
350,10:10:54,11.01,0.01,3,3303,买盘
351,10:11:03,11.0,-0.01,26,28600,卖盘
352,10:11:06,11.01,0.01,25,27507,买盘
353,10:11:09,11.01,0.0,2,2202,买盘
354,10:11:15,11.01,0.0,2,2202,买盘
355,10:11:19,11.01,0.0,17,18717,买盘
356,10:11:22,11.01,0.0,2,2202,买盘
357,10:11:33,11.01,0.0,2,2202,买盘
358,10:11:54,11.0,-0.01,3,3300,买盘
359,10:12:12,11.0,0.0,10,11000,买盘
360,10:12:15,10.99,-0.01,1,1099,卖盘
361,10:12:18,11.0,0.01,2,2200,买盘
362,10:12:31,11.0,0.0,2,2200,买盘
363,10:12:36,11.0,0.0,8,8800,买盘
364,10:12:45,10.99,-0.01,34,37366,卖盘
365,10:12:48,10.99,0.0,6,6594,买盘
366,10:13:00,10.98,-0.01,4,4392,卖盘
367,10:14:09,10.99,0.01,8,8792,买盘
368,10:14:15,10.99,0.0,16,17584,买盘
369,10:14:18,10.98,-0.01,1,1098,卖盘
370,10:14:39,10.99,0.01,8,8792,买盘
371,10:14:57,10.99,0.0,8,8792,买盘
372,10:15:04,10.99,0.0,1,1099,买盘
373,10:15:09,10.99,0.0,3,3297,买盘
374,10:15:36,10.99,0.0,13,14287,买盘
375,10:15:39,10.99,0.0,2,2198,买盘
376,10:15:48,10.99,0.0,26,28574,买盘
377,10:15:51,10.99,0.0,1,1099,买盘
378,10:15:54,10.98,-0.01,1,1098,卖盘
379,10:16:45,10.98,0.0,1,1098,卖盘
380,10:17:00,10.98,0.0,1,1098,卖盘
381,10:17:06,10.98,0.0,12,13176,卖盘
382,10:17:09,10.98,0.0,16,17575,卖盘
383,10:17:18,10.97,-0.01,77,84517,卖盘
384,10:17:21,10.97,0.0,12,13164,买盘
385,10:17:30,10.96,-0.01,27,29592,卖盘
386,10:17:33,10.96,0.0,2,2192,买盘
387,10:17:54,10.96,0.0,4,4387,卖盘
388,10:17:57,10.97,0.01,87,95439,买盘
389,10:18:00,10.97,0.0,19,20843,买盘
390,10:18:03,10.97,0.0,46,50462,买盘
391,10:18:07,10.97,0.0,31,34007,买盘
392,10:18:09,10.97,0.0,14,15358,买盘
393,10:18:12,10.97,0.0,12,13164,买盘
394,10:18:31,10.99,0.02,35,38465,买盘
395,10:18:36,10.99,0.0,8,8792,买盘
396,10:19:45,10.99,0.0,17,18683,买盘
397,10:19:48,10.99,0.0,2,2198,买盘
398,10:19:54,10.98,-0.01,1,1098,卖盘
399,10:20:04,10.97,-0.01,74,81198,卖盘
400,10:20:06,10.97,0.0,4,4388,买盘
401,10:20:12,10.97,0.0,10,10970,买盘
402,10:20:36,10.97,0.0,15,16455,买盘
403,10:20:45,10.96,-0.01,8,8768,卖盘
404,10:21:30,10.97,0.01,5,5485,买盘
405,10:22:04,10.97,0.0,1,1097,买盘
406,10:22:33,10.96,-0.01,1,1096,卖盘
407,10:22:55,10.97,0.01,6,6581,买盘
408,10:23:00,10.96,-0.01,1,1096,卖盘
409,10:23:04,10.97,0.01,1,1097,买盘
410,10:23:06,10.96,-0.01,144,157824,卖盘
411,10:23:09,10.96,0.0,12,13152,买盘
412,10:23:36,10.95,-0.01,2,2190,卖盘
413,10:24:06,10.96,0.01,3,3288,买盘
414,10:24:48,10.96,0.0,53,58088,买盘
415,10:24:54,10.95,-0.01,1,1095,卖盘
416,10:25:04,10.96,0.01,1,1096,买盘
417,10:26:09,10.95,-0.01,11,12055,卖盘
418,10:26:18,10.96,0.01,2,2192,买盘
419,10:26:33,10.96,0.0,3,3288,买盘
420,10:26:57,10.96,0.0,15,16440,买盘
421,10:27:04,10.96,0.0,1,1096,买盘
422,10:27:15,10.96,0.0,22,24112,买盘
423,10:27:21,10.96,0.0,50,54800,买盘
424,10:27:24,10.96,0.0,10,10960,买盘
425,10:27:27,10.96,0.0,20,21920,买盘
426,10:27:30,10.96,0.0,61,66856,买盘
427,10:27:33,10.97,0.01,7,7679,买盘
428,10:27:36,10.96,-0.01,1,1096,卖盘
429,10:27:45,10.99,0.03,1,1099,买盘
430,10:27:58,10.97,-0.02,4,4388,卖盘
431,10:28:15,10.97,0.0,3,3291,买盘
432,10:28:36,10.97,0.0,2,2194,买盘
433,10:28:54,10.96,-0.01,1,1096,卖盘
434,10:28:57,10.97,0.01,2,2194,买盘
435,10:29:04,10.97,0.0,1,1097,卖盘
436,10:29:06,10.98,0.01,1,1098,买盘
437,10:29:21,10.98,0.0,2,2196,买盘
438,10:29:24,10.97,-0.01,1,1097,卖盘
439,10:29:27,10.97,0.0,1,1097,卖盘
440,10:29:37,10.98,0.01,40,43920,买盘
441,10:29:39,10.96,-0.02,8,8776,卖盘
442,10:29:51,10.96,0.0,1,1096,卖盘
443,10:29:57,10.96,0.0,19,20824,卖盘
444,10:30:00,10.99,0.03,2,2198,买盘
445,10:30:04,10.99,0.0,1,1099,买盘
446,10:30:12,10.99,0.0,4,4396,买盘
447,10:30:15,11.0,0.01,9,9893,中性盘
448,10:30:18,10.99,-0.01,8,8792,卖盘
449,10:30:21,11.0,0.01,2,2200,买盘
450,10:30:30,11.0,0.0,2,2200,买盘
451,10:30:33,11.0,0.0,2,2200,买盘
452,10:30:36,11.0,0.0,12,13200,买盘
453,10:30:39,11.0,0.0,1,1100,买盘
454,10:30:45,11.0,0.0,6,6600,买盘
455,10:30:51,11.0,0.0,2,2200,买盘
456,10:31:06,11.01,0.01,48,52812,买盘
457,10:31:12,11.01,0.0,3,3303,买盘
458,10:31:21,11.0,-0.01,14,15404,卖盘
459,10:31:27,11.01,0.01,15,16509,买盘
460,10:31:33,11.01,0.0,19,20919,买盘
461,10:31:39,11.01,0.0,6,6606,买盘
462,10:31:57,11.01,0.0,19,20919,买盘
463,10:32:04,11.01,0.0,1,1101,买盘
464,10:32:09,11.0,-0.01,21,23119,卖盘
465,10:32:24,11.01,0.01,4,4404,买盘
466,10:32:27,11.0,-0.01,9,9900,卖盘
467,10:32:30,11.01,0.01,19,20919,买盘
468,10:32:39,11.01,0.0,5,5505,买盘
469,10:33:03,11.01,0.0,19,20919,买盘
470,10:33:30,11.0,-0.01,1,1100,卖盘
471,10:33:57,11.0,0.0,4,4400,卖盘
472,10:34:03,10.99,-0.01,1,1099,中性盘
473,10:34:33,10.99,0.0,4,4396,买盘
474,10:34:36,10.99,0.0,2,2198,买盘
475,10:35:04,10.99,0.0,1,1099,买盘
476,10:35:07,10.99,0.0,4,4396,买盘
477,10:35:21,11.01,0.02,15,16515,买盘
478,10:35:43,10.99,-0.02,4,4396,卖盘
479,10:35:54,10.99,0.0,12,13188,买盘
480,10:36:27,10.99,0.0,19,20881,买盘
481,10:36:45,10.99,0.0,11,12089,买盘
482,10:36:48,10.99,0.0,6,6594,买盘
483,10:36:57,10.99,0.0,1,1099,买盘
484,10:37:03,10.99,0.0,1,1099,买盘
485,10:37:09,10.98,-0.01,10,10982,卖盘
486,10:37:15,10.98,0.0,12,13187,卖盘
487,10:37:24,10.98,0.0,5,5490,卖盘
488,10:37:39,10.98,0.0,2,2196,买盘
489,10:37:42,10.98,0.0,2,2196,买盘
490,10:37:57,10.98,0.0,4,4392,卖盘
491,10:38:18,11.0,0.02,14,15400,买盘
492,10:38:39,11.0,0.0,4,4400,买盘
493,10:39:04,11.0,0.0,1,1100,买盘
494,10:39:15,11.0,0.0,2,2200,买盘
495,10:39:30,10.98,-0.02,4,4392,卖盘
496,10:39:33,10.98,0.0,4,4392,买盘
497,10:39:36,10.98,0.0,3,3294,买盘
498,10:39:48,10.99,0.01,1,1099,买盘
499,10:39:57,10.99,0.0,1,1099,卖盘
500,10:40:03,10.99,0.0,1,1099,卖盘
501,10:40:27,10.99,0.0,4,4396,卖盘
502,10:40:30,10.99,0.0,1,1099,卖盘
503,10:41:03,10.98,-0.01,1,1098,买盘
504,10:41:30,10.98,0.0,12,13176,买盘
505,10:41:33,10.98,0.0,2,2196,卖盘
506,10:41:45,11.0,0.02,1,1100,买盘
507,10:42:03,11.0,0.0,1,1100,买盘
508,10:43:12,10.98,-0.02,9,9882,卖盘
509,10:43:27,10.98,0.0,36,39528,卖盘
510,10:44:04,10.98,0.0,1,1098,买盘
511,10:44:09,10.98,0.0,4,4392,买盘
512,10:44:24,10.98,0.0,3,3294,买盘
513,10:44:45,10.97,-0.01,2,2194,卖盘
514,10:45:24,10.96,-0.01,5,5480,卖盘
515,10:45:33,10.96,0.0,3,3288,卖盘
516,10:45:48,10.96,0.0,80,87680,卖盘
517,10:46:04,10.97,0.01,46,50417,买盘
518,10:46:06,10.96,-0.01,12,13152,卖盘
519,10:46:12,10.96,0.0,1,1096,卖盘
520,10:46:16,10.96,0.0,8,8768,卖盘
521,10:46:18,10.96,0.0,7,7672,买盘
522,10:46:33,10.95,-0.01,11,12045,卖盘
523,10:46:36,10.95,0.0,6,6570,卖盘
524,10:46:39,10.95,0.0,1,1095,卖盘
525,10:47:04,10.96,0.01,25,27400,买盘
526,10:47:24,10.96,0.0,13,14248,卖盘
527,10:47:27,10.96,0.0,6,6576,卖盘
528,10:47:33,10.96,0.0,15,16440,卖盘
529,10:47:36,10.96,0.0,6,6581,卖盘
530,10:47:55,10.96,0.0,7,7672,卖盘
531,10:47:57,10.96,0.0,6,6576,卖盘
532,10:48:00,10.96,0.0,7,7672,卖盘
533,10:48:04,10.96,0.0,24,26304,卖盘
534,10:48:06,10.96,0.0,66,72336,卖盘
535,10:48:09,10.96,0.0,5,5480,买盘
536,10:48:25,10.95,-0.01,2,2190,卖盘
537,10:48:57,10.95,0.0,11,12045,卖盘
538,10:49:00,10.95,0.0,1,1095,卖盘
539,10:49:04,10.96,0.01,1,1096,买盘
540,10:49:18,10.96,0.0,1,1096,买盘
541,10:49:24,10.96,0.0,4,4384,买盘
542,10:49:36,10.95,-0.01,45,49275,卖盘
543,10:49:39,10.95,0.0,3,3285,卖盘
544,10:49:42,10.96,0.01,16,17536,买盘
545,10:49:45,10.96,0.0,5,5480,买盘
546,10:50:16,10.95,-0.01,1,1095,卖盘
547,10:50:42,10.96,0.01,13,14239,买盘
548,10:51:00,10.96,0.0,14,15344,买盘
549,10:51:04,10.96,0.0,1,1096,买盘
550,10:51:09,10.95,-0.01,2,2190,卖盘
551,10:51:30,10.95,0.0,1,1095,卖盘
552,10:51:54,10.95,0.0,55,60225,卖盘
553,10:51:57,10.95,0.0,1,1095,卖盘
554,10:52:06,10.95,0.0,1,1095,卖盘
555,10:52:18,10.95,0.0,1,1095,卖盘
556,10:52:39,10.95,0.0,12,13140,卖盘
557,10:52:43,10.95,0.0,1,1095,卖盘
558,10:52:45,10.95,0.0,1,1095,卖盘
559,10:52:48,10.95,0.0,1,1095,卖盘
560,10:52:54,10.96,0.01,8,8768,买盘
561,10:52:57,10.96,0.0,3,3288,买盘
562,10:53:04,10.97,0.01,1,1097,买盘
563,10:53:06,10.96,-0.01,2,2192,卖盘
564,10:53:15,10.96,0.0,7,7672,卖盘
565,10:53:28,10.96,0.0,1,1096,卖盘
566,10:53:46,10.96,0.0,14,15344,卖盘
567,10:53:48,10.96,0.0,1,1096,卖盘
568,10:53:57,10.96,0.0,1,1096,卖盘
569,10:54:00,10.96,0.0,1,1096,卖盘
570,10:54:04,10.97,0.01,3,3291,买盘
571,10:54:15,10.96,-0.01,17,18632,卖盘
572,10:54:18,10.96,0.0,7,7672,买盘
573,10:54:21,10.96,0.0,3,3288,买盘
574,10:54:36,10.96,0.0,4,4382,买盘
575,10:54:42,10.96,0.0,2,2192,买盘
576,10:55:00,10.96,0.0,3,3288,买盘
577,10:55:03,10.95,-0.01,2,2190,卖盘
578,10:55:09,10.95,0.0,9,9855,卖盘
579,10:55:12,10.95,0.0,2,2190,卖盘
580,10:55:15,10.95,0.0,12,13140,卖盘
581,10:55:24,10.96,0.01,3,3288,买盘
582,10:55:45,10.96,0.0,2,2192,买盘
583,10:55:48,10.95,-0.01,2,2190,卖盘
584,10:55:51,10.95,0.0,1,1095,卖盘
585,10:56:03,10.96,0.01,2,2192,买盘
586,10:56:06,10.95,-0.01,9,9855,卖盘
587,10:56:18,10.95,0.0,1,1095,卖盘
588,10:56:24,10.96,0.01,2,2192,买盘
589,10:56:27,10.95,-0.01,2,2190,卖盘
590,10:56:33,10.95,0.0,1,1095,卖盘
591,10:56:42,10.95,0.0,71,77745,卖盘
592,10:56:45,10.95,0.0,10,10955,卖盘
593,10:56:57,10.95,0.0,55,60278,卖盘
594,10:57:15,10.95,0.0,10,10950,卖盘
595,10:57:21,10.95,0.0,73,79935,卖盘
596,10:57:42,10.95,0.0,94,102930,卖盘
597,10:57:45,10.96,0.01,9,9864,买盘
598,10:57:52,10.95,-0.01,36,39420,卖盘
599,10:57:55,10.94,-0.01,34,37196,卖盘
600,10:57:57,10.94,0.0,27,29538,卖盘
601,10:58:01,10.93,-0.01,25,27325,卖盘
602,10:58:04,10.93,0.0,2,2186,买盘
603,10:58:18,10.92,-0.01,4,4368,卖盘
604,10:58:22,10.92,0.0,1,1092,卖盘
605,10:58:31,10.92,0.0,1,1092,卖盘
606,10:58:33,10.92,0.0,1,1092,卖盘
607,10:58:45,10.92,0.0,5,5460,卖盘
608,10:58:57,10.92,0.0,3,3276,卖盘
609,10:59:00,10.92,0.0,7,7650,卖盘
610,10:59:12,10.92,0.0,1,1092,卖盘
611,10:59:15,10.91,-0.01,9,9822,卖盘
612,10:59:33,10.92,0.01,1,1092,卖盘
613,10:59:39,10.92,0.0,1,1092,卖盘
614,10:59:51,10.93,0.01,1,1093,买盘
615,11:00:00,10.93,0.0,12,13116,买盘
616,11:00:03,10.93,0.0,1,1093,卖盘
617,11:00:21,10.93,0.0,1,1093,卖盘
618,11:00:39,10.93,0.0,20,21860,卖盘
619,11:00:54,10.93,0.0,2,2186,卖盘
620,11:01:06,10.94,0.01,1,1094,买盘
621,11:01:09,10.94,0.0,1,1094,买盘
622,11:01:36,10.94,0.0,12,13128,买盘
623,11:01:39,10.95,0.01,1,1095,买盘
624,11:01:54,10.94,-0.01,11,12034,卖盘
625,11:02:06,10.94,0.0,1,1094,买盘
626,11:02:09,10.94,0.0,1,1094,买盘
627,11:02:42,10.94,0.0,1,1094,买盘
628,11:02:51,10.93,-0.01,2,2186,卖盘
629,11:02:54,10.93,0.0,43,46999,卖盘
630,11:03:15,10.93,0.0,11,12023,卖盘
631,11:03:24,10.93,0.0,6,6558,卖盘
632,11:03:33,10.94,0.01,10,10940,买盘
633,11:03:36,10.94,0.0,37,40478,买盘
634,11:04:04,10.94,0.0,1,1094,买盘
635,11:04:15,10.94,0.0,2,2188,买盘
636,11:04:18,10.95,0.01,1,1095,买盘
637,11:04:48,10.95,0.0,3,3283,买盘
638,11:04:57,10.95,0.0,1,1095,买盘
639,11:05:18,10.95,0.0,2,2190,买盘
640,11:05:48,10.93,-0.02,11,12032,卖盘
641,11:05:54,10.93,0.0,14,15302,卖盘
642,11:06:09,10.95,0.02,5,5475,买盘
643,11:06:42,10.93,-0.02,2,2186,卖盘
644,11:06:48,10.93,0.0,1,1093,卖盘
645,11:06:54,10.93,0.0,14,15302,卖盘
646,11:06:57,10.93,0.0,7,7651,卖盘
647,11:07:00,10.93,0.0,27,29511,买盘
648,11:07:04,10.95,0.02,1,1095,买盘
649,11:07:12,10.93,-0.02,1,1093,卖盘
650,11:07:18,10.93,0.0,11,12023,卖盘
651,11:07:21,10.93,0.0,1,1093,买盘
652,11:07:27,10.92,-0.01,30,32760,卖盘
653,11:07:30,10.92,0.0,11,12012,卖盘
654,11:07:36,10.92,0.0,56,61152,卖盘
655,11:07:42,10.92,0.0,4,4368,买盘
656,11:08:18,10.91,-0.01,1,1091,卖盘
657,11:08:24,10.92,0.01,37,40404,买盘
658,11:08:43,10.92,0.0,2,2184,卖盘
659,11:08:45,10.93,0.01,2,2186,买盘
660,11:08:48,10.92,-0.01,5,5464,卖盘
661,11:08:51,10.93,0.01,1,1093,买盘
662,11:08:54,10.93,0.0,10,10930,买盘
663,11:09:06,10.95,0.02,3,3285,买盘
664,11:09:25,10.94,-0.01,2,2188,买盘
665,11:09:39,10.94,0.0,1,1094,买盘
666,11:09:45,10.94,0.0,14,15316,买盘
667,11:09:48,10.94,0.0,7,7658,买盘
668,11:10:04,10.95,0.01,2,2190,买盘
669,11:10:06,10.94,-0.01,1,1094,卖盘
670,11:10:09,10.95,0.01,1,1095,买盘
671,11:10:27,10.95,0.0,2,2190,买盘
672,11:10:39,10.94,-0.01,2,2188,卖盘
673,11:10:42,10.95,0.01,2,2190,买盘
674,11:10:48,10.95,0.0,1,1095,买盘
675,11:10:54,10.95,0.0,15,16425,买盘
676,11:11:04,10.95,0.0,1,1095,买盘
677,11:11:48,10.95,0.0,3,3285,买盘
678,11:12:12,10.94,-0.01,9,9846,卖盘
679,11:12:21,10.95,0.01,3,3285,买盘
680,11:12:36,10.94,-0.01,2,2188,卖盘
681,11:12:42,10.95,0.01,1,1095,买盘
682,11:12:48,10.95,0.0,2,2189,买盘
683,11:12:54,10.95,0.0,1,1095,买盘
684,11:13:18,10.95,0.0,1,1095,买盘
685,11:13:21,10.93,-0.02,9,9842,卖盘
686,11:13:24,10.95,0.02,3,3285,买盘
687,11:13:36,10.94,-0.01,4,4376,中性盘
688,11:13:40,10.94,0.0,8,8752,买盘
689,11:13:43,10.95,0.01,1,1095,买盘
690,11:13:51,10.95,0.0,2,2190,买盘
691,11:13:54,10.95,0.0,19,20805,买盘
692,11:14:00,10.95,0.0,1,1095,买盘
693,11:14:03,10.95,0.0,1,1095,买盘
694,11:14:24,10.95,0.0,1,1095,买盘
695,11:14:28,10.95,0.0,1,1095,买盘
696,11:14:30,10.95,0.0,3,3285,买盘
697,11:14:33,10.95,0.0,49,53653,买盘
698,11:14:36,10.94,-0.01,24,26261,卖盘
699,11:14:39,10.94,0.0,14,15316,买盘
700,11:14:42,10.96,0.02,1,1096,买盘
701,11:14:48,10.96,0.0,1,1096,买盘
702,11:14:52,10.96,0.0,1,1096,买盘
703,11:14:54,10.96,0.0,1,1096,买盘
704,11:14:57,10.96,0.0,2,2192,买盘
705,11:15:00,10.96,0.0,1,1096,买盘
706,11:15:04,10.96,0.0,7,7672,买盘
707,11:15:06,10.97,0.01,1,1097,买盘
708,11:15:18,10.97,0.0,2,2194,买盘
709,11:15:21,10.97,0.0,1,1097,买盘
710,11:15:24,10.97,0.0,4,4388,买盘
711,11:15:27,10.99,0.02,3,3297,买盘
712,11:15:37,10.99,0.0,1,1099,买盘
713,11:15:57,10.99,0.0,22,24178,买盘
714,11:16:00,10.99,0.0,90,98910,买盘
715,11:16:03,11.0,0.01,20,22000,买盘
716,11:16:06,11.0,0.0,9,9902,卖盘
717,11:16:10,11.0,0.0,7,7700,买盘
718,11:16:15,11.0,0.0,90,99000,卖盘
719,11:16:18,11.01,0.01,6,6606,买盘
720,11:16:27,11.01,0.0,3,3299,买盘
721,11:16:36,11.01,0.0,1,1101,买盘
722,11:17:04,11.01,0.0,1,1101,买盘
723,11:17:21,11.01,0.0,1,1101,买盘
724,11:17:27,10.99,-0.02,11,12089,卖盘
725,11:17:37,11.01,0.02,1,1101,买盘
726,11:17:40,10.99,-0.02,65,71439,卖盘
727,11:17:42,11.0,0.01,3,3300,中性盘
728,11:17:46,10.99,-0.01,27,29673,卖盘
729,11:18:15,11.0,0.01,10,11000,买盘
730,11:18:21,10.99,-0.01,3,3297,买盘
731,11:18:27,10.98,-0.01,2,2196,卖盘
732,11:18:57,10.98,0.0,7,7686,卖盘
733,11:19:04,10.99,0.01,1,1099,买盘
734,11:19:33,10.99,0.0,1,1099,买盘
735,11:19:36,10.99,0.0,1,1099,买盘
736,11:19:39,10.98,-0.01,9,9882,卖盘
737,11:19:49,11.0,0.02,8,8798,买盘
738,11:19:52,11.0,0.0,2,2200,买盘
739,11:19:55,11.0,0.0,2,2200,买盘
740,11:20:00,11.0,0.0,22,24200,买盘
741,11:20:04,11.01,0.01,40,44005,买盘
742,11:20:06,11.01,0.0,6,6606,买盘
743,11:20:09,11.01,0.0,7,7707,买盘
744,11:20:12,11.01,0.0,14,15414,买盘
745,11:20:15,11.01,0.0,2,2202,买盘
746,11:20:21,11.01,0.0,2,2202,买盘
747,11:20:24,10.99,-0.02,2,2198,卖盘
748,11:20:30,11.01,0.02,2,2202,买盘
749,11:20:34,11.01,0.0,2,2202,买盘
750,11:20:39,11.01,0.0,2,2202,买盘
751,11:20:42,11.01,0.0,2,2202,买盘
752,11:20:45,11.01,0.0,22,24222,买盘
753,11:20:48,11.02,0.01,10,11020,买盘
754,11:21:04,11.02,0.0,1,1102,买盘
755,11:21:06,11.01,-0.01,2,2202,卖盘
756,11:21:30,11.02,0.01,24,26448,买盘
757,11:21:36,11.02,0.0,2,2204,买盘
758,11:21:42,11.01,-0.01,17,18725,卖盘
759,11:21:51,11.01,0.0,3,3303,卖盘
760,11:21:54,11.02,0.01,2,2204,买盘
761,11:22:04,11.01,-0.01,29,31929,卖盘
762,11:22:09,11.01,0.0,20,22020,卖盘
763,11:22:18,11.01,0.0,49,53949,卖盘
764,11:22:21,11.01,0.0,4,4404,买盘
765,11:22:24,11.01,0.0,5,5503,买盘
766,11:22:39,11.01,0.0,19,20919,买盘
767,11:22:42,11.01,0.0,8,8808,买盘
768,11:22:45,11.0,-0.01,9,9900,卖盘
769,11:23:06,11.01,0.01,18,19818,买盘
770,11:23:09,11.01,0.0,3,3303,买盘
771,11:23:15,11.01,0.0,2,2202,买盘
772,11:23:24,11.01,0.0,6,6606,买盘
773,11:23:33,11.01,0.0,1,1101,买盘
774,11:23:42,11.01,0.0,8,8808,买盘
775,11:23:57,11.01,0.0,1,1101,买盘
776,11:24:13,11.02,0.01,59,65003,买盘
777,11:24:15,11.03,0.01,87,95912,买盘
778,11:24:19,11.02,-0.01,33,36366,中性盘
779,11:24:21,11.01,-0.01,1,1101,卖盘
780,11:24:24,11.02,0.01,1,1102,买盘
781,11:24:30,11.02,0.0,6,6612,买盘
782,11:24:33,11.03,0.01,1,1103,买盘
783,11:24:48,11.03,0.0,20,22060,买盘
784,11:24:51,11.03,0.0,1,1103,买盘
785,11:24:54,11.03,0.0,19,20957,买盘
786,11:25:00,11.01,-0.02,19,20935,卖盘
787,11:25:21,11.01,0.0,9,9909,卖盘
788,11:25:24,11.02,0.01,2,2204,买盘
789,11:25:27,11.02,0.0,4,4408,买盘
790,11:25:42,11.02,0.0,1,1102,买盘
791,11:25:48,11.02,0.0,7,7714,买盘
792,11:26:03,11.02,0.0,1,1102,买盘
793,11:26:12,11.01,-0.01,2,2202,卖盘
794,11:26:24,11.0,-0.01,3,3301,卖盘
795,11:26:51,11.02,0.02,1,1102,买盘
796,11:27:00,11.02,0.0,2,2204,买盘
797,11:27:03,11.0,-0.02,3,3300,卖盘
798,11:27:48,11.0,0.0,1,1100,卖盘
799,11:28:12,11.0,0.0,2,2200,卖盘
800,11:28:33,11.01,0.01,1,1101,买盘
801,11:28:42,11.01,0.0,38,41838,买盘
802,11:28:45,11.02,0.01,10,11012,买盘
803,11:28:48,11.02,0.0,3,3306,买盘
804,11:29:09,11.01,-0.01,3,3303,卖盘
805,11:29:12,11.01,0.0,8,8808,卖盘
806,11:29:54,11.01,0.0,2,2202,卖盘
807,13:00:04,11.01,0.0,7,7707,卖盘
808,13:00:06,11.01,0.0,22,24222,卖盘
809,13:00:09,11.02,0.01,2,2203,买盘
810,13:00:15,11.02,0.0,2,2204,买盘
811,13:00:27,11.02,0.0,1,1102,买盘
812,13:00:42,11.02,0.0,6,6612,买盘
813,13:00:51,11.03,0.01,6,6613,买盘
814,13:01:06,11.02,-0.01,1,1102,中性盘
815,13:01:57,11.01,-0.01,10,11010,卖盘
816,13:02:00,11.01,0.0,3,3303,卖盘
817,13:02:04,11.02,0.01,1,1102,买盘
818,13:02:24,11.02,0.0,6,6612,买盘
819,13:02:48,11.0,-0.02,71,78195,卖盘
820,13:02:51,11.02,0.02,49,53998,买盘
821,13:02:54,11.01,-0.01,16,17616,买盘
822,13:03:12,11.03,0.02,53,58452,买盘
823,13:03:18,11.03,0.0,2,2206,买盘
824,13:04:24,11.03,0.0,4,4412,买盘
825,13:04:30,11.03,0.0,23,25369,买盘
826,13:04:33,11.03,0.0,1,1103,买盘
827,13:04:45,11.03,0.0,46,50738,买盘
828,13:04:48,11.03,0.0,1,1103,买盘
829,13:06:06,11.03,0.0,2,2206,买盘
830,13:06:48,11.01,-0.02,1,1101,卖盘
831,13:06:57,11.01,0.0,3,3303,卖盘
832,13:07:12,11.02,0.01,1,1102,买盘
833,13:07:39,11.02,0.0,6,6612,买盘
834,13:07:54,11.02,0.0,1,1102,买盘
835,13:08:06,11.02,0.0,22,24244,买盘
836,13:08:12,11.02,0.0,1,1102,买盘
837,13:08:24,11.02,0.0,6,6612,买盘
838,13:08:33,11.02,0.0,1,1102,买盘
839,13:08:51,11.02,0.0,1,1102,买盘
840,13:08:58,11.02,0.0,1,1102,买盘
841,13:09:18,11.02,0.0,1,1102,买盘
842,13:09:39,11.02,0.0,1,1102,买盘
843,13:09:54,11.02,0.0,1,1102,买盘
844,13:10:06,11.02,0.0,2,2204,买盘
845,13:10:15,11.02,0.0,1,1102,买盘
846,13:10:30,11.02,0.0,1,1102,买盘
847,13:10:39,11.02,0.0,1,1102,买盘
848,13:11:00,11.02,0.0,1,1102,买盘
849,13:11:06,11.02,0.0,1,1102,买盘
850,13:11:09,11.01,-0.01,10,11010,卖盘
851,13:11:42,11.02,0.01,2,2204,买盘
852,13:12:06,11.02,0.0,1,1102,买盘
853,13:12:21,11.02,0.0,2,2204,买盘
854,13:12:48,11.01,-0.01,2,2202,卖盘
855,13:13:03,11.02,0.01,2,2204,买盘
856,13:13:39,11.01,-0.01,17,18717,卖盘
857,13:13:48,11.02,0.01,3,3306,买盘
858,13:13:51,11.02,0.0,8,8816,买盘
859,13:13:57,11.02,0.0,6,6612,买盘
860,13:14:15,11.02,0.0,4,4408,买盘
861,13:14:21,11.02,0.0,11,12122,买盘
862,13:14:24,11.02,0.0,2,2204,买盘
863,13:14:45,11.01,-0.01,14,15414,卖盘
864,13:15:09,11.02,0.01,2,2204,买盘
865,13:15:18,11.02,0.0,6,6612,买盘
866,13:15:30,11.02,0.0,1,1102,买盘
867,13:15:49,11.02,0.0,2,2204,买盘
868,13:15:52,11.02,0.0,1,1102,买盘
869,13:16:03,11.01,-0.01,14,15414,卖盘
870,13:16:21,11.0,-0.01,1,1100,卖盘
871,13:16:33,11.01,0.01,2,2202,买盘
872,13:16:58,11.0,-0.01,1,1100,卖盘
873,13:17:09,11.01,0.01,1,1101,买盘
874,13:17:12,11.01,0.0,2,2202,买盘
875,13:17:21,11.0,-0.01,4,4400,卖盘
876,13:17:24,11.0,0.0,1,1100,卖盘
877,13:17:36,11.0,0.0,10,11000,卖盘
878,13:17:54,11.01,0.01,2,2202,买盘
879,13:18:12,11.0,-0.01,3,3300,卖盘
880,13:18:36,11.0,0.0,15,16502,卖盘
881,13:18:45,11.01,0.01,16,17616,买盘
882,13:19:00,11.01,0.0,4,4404,卖盘
883,13:19:04,11.01,0.0,1,1101,卖盘
884,13:19:12,11.01,0.0,17,18717,卖盘
885,13:19:15,11.02,0.01,3,3305,买盘
886,13:19:39,11.01,-0.01,2,2202,卖盘
887,13:19:42,11.01,0.0,1,1101,卖盘
888,13:19:45,11.01,0.0,1,1101,卖盘
889,13:20:01,11.01,0.0,2,2202,买盘
890,13:20:21,11.0,-0.01,20,22000,卖盘
891,13:20:27,11.0,0.0,1,1100,卖盘
892,13:20:30,11.0,0.0,2,2200,卖盘
893,13:20:34,11.0,0.0,3,3300,卖盘
894,13:20:36,11.0,0.0,85,93500,卖盘
895,13:20:39,10.99,-0.01,3,3299,卖盘
896,13:20:48,10.99,0.0,1,1099,买盘
897,13:21:09,10.98,-0.01,9,9882,卖盘
898,13:21:12,10.98,0.0,6,6588,卖盘
899,13:21:15,10.98,0.0,7,7686,买盘
900,13:21:19,10.98,0.0,2,2196,买盘
901,13:21:51,10.96,-0.02,3,3290,卖盘
902,13:21:54,10.98,0.02,1,1098,买盘
903,13:22:04,10.98,0.0,2,2196,买盘
904,13:22:45,10.98,0.0,2,2196,买盘
905,13:22:54,10.98,0.0,6,6588,买盘
906,13:23:00,10.96,-0.02,3,3288,卖盘
907,13:23:06,10.96,0.0,6,6576,卖盘
908,13:23:13,10.96,0.0,2,2192,卖盘
909,13:23:19,10.96,0.0,9,9864,卖盘
910,13:23:24,10.97,0.01,2,2194,买盘
911,13:23:27,10.97,0.0,1,1097,买盘
912,13:23:36,10.97,0.0,1,1097,买盘
913,13:23:57,10.97,0.0,13,14261,买盘
914,13:24:06,10.97,0.0,2,2194,买盘
915,13:24:15,10.97,0.0,5,5485,买盘
916,13:24:18,10.96,-0.01,2,2192,卖盘
917,13:24:21,10.96,0.0,1,1096,买盘
918,13:24:36,10.96,0.0,1,1096,卖盘
919,13:24:42,10.96,0.0,1,1096,卖盘
920,13:24:45,10.97,0.01,2,2194,买盘
921,13:24:48,10.97,0.0,4,4388,买盘
922,13:24:54,10.99,0.02,2,2196,买盘
923,13:25:12,10.99,0.0,1,1099,买盘
924,13:25:16,10.99,0.0,1,1099,买盘
925,13:25:27,10.99,0.0,2,2198,买盘
926,13:25:45,10.99,0.0,1,1099,买盘
927,13:26:12,10.99,0.0,2,2198,买盘
928,13:26:15,10.99,0.0,1,1099,买盘
929,13:26:33,10.99,0.0,1,1099,买盘
930,13:26:36,10.99,0.0,2,2198,买盘
931,13:26:51,10.99,0.0,5,5493,买盘
932,13:27:00,10.99,0.0,1,1099,买盘
933,13:27:12,10.99,0.0,1,1099,买盘
934,13:27:27,10.99,0.0,28,30772,买盘
935,13:27:30,10.99,0.0,12,13188,卖盘
936,13:27:33,11.0,0.01,1,1100,买盘
937,13:27:46,11.0,0.0,1,1100,买盘
938,13:27:57,11.0,0.0,1,1100,买盘
939,13:28:00,10.99,-0.01,7,7693,卖盘
940,13:28:06,10.99,0.0,4,4396,卖盘
941,13:28:09,10.99,0.0,1,1099,卖盘
942,13:28:15,11.0,0.01,1,1100,买盘
943,13:28:18,11.0,0.0,25,27498,买盘
944,13:28:24,11.0,0.0,64,70400,卖盘
945,13:28:30,11.0,0.0,1,1100,买盘
946,13:28:36,11.0,0.0,1,1100,买盘
947,13:28:45,11.0,0.0,1,1100,买盘
948,13:28:57,11.0,0.0,1,1100,买盘
949,13:29:15,11.0,0.0,1,1100,买盘
950,13:29:18,11.0,0.0,7,7700,买盘
951,13:29:33,11.0,0.0,2,2200,买盘
952,13:29:39,11.0,0.0,1,1100,买盘
953,13:30:00,11.0,0.0,1,1100,买盘
954,13:30:06,11.0,0.0,2,2200,买盘
955,13:30:09,11.0,0.0,8,8800,买盘
956,13:30:15,11.0,0.0,1,1100,买盘
957,13:30:18,11.0,0.0,1,1100,买盘
958,13:30:21,11.0,0.0,1,1100,买盘
959,13:30:43,11.0,0.0,1,1100,买盘
960,13:30:45,11.0,0.0,1,1100,买盘
961,13:31:00,11.0,0.0,2,2200,买盘
962,13:31:24,11.0,0.0,1,1100,买盘
963,13:31:45,11.0,0.0,1,1100,买盘
964,13:32:06,11.0,0.0,1,1100,买盘
965,13:32:15,11.0,0.0,1,1100,买盘
966,13:32:27,11.0,0.0,1,1100,买盘
967,13:32:30,11.0,0.0,1,1100,买盘
968,13:32:42,11.0,0.0,1,1100,买盘
969,13:33:03,10.99,0.01,2,2198,买盘
970,13:33:09,10.99,0.0,1,1099,买盘
971,13:33:15,10.99,0.0,1,1099,买盘
972,13:33:27,10.99,0.0,1,1099,买盘
973,13:33:45,10.99,0.0,1,1099,买盘
974,13:34:06,10.99,0.0,11,12089,买盘
975,13:34:16,10.99,0.0,1,1099,买盘
976,13:34:27,10.99,0.0,1,1099,买盘
977,13:34:30,10.99,0.0,18,19782,买盘
978,13:34:36,10.99,0.0,4,4396,卖盘
979,13:34:51,11.0,0.01,1,1100,买盘
980,13:34:54,10.99,-0.01,4,4396,卖盘
981,13:35:07,10.99,0.0,6,6594,买盘
982,13:35:09,10.99,0.0,1,1099,买盘
983,13:35:18,10.99,0.0,9,9891,买盘
984,13:35:30,11.0,0.01,1,1100,买盘
985,13:35:45,11.0,0.0,1,1100,买盘
986,13:35:48,11.0,0.0,1,1100,买盘
987,13:36:00,11.0,0.0,1,1100,买盘
988,13:36:15,11.0,0.0,1,1100,买盘
989,13:36:30,11.0,0.0,1,1100,买盘
990,13:36:33,11.0,0.0,1,1100,买盘
991,13:36:45,11.0,0.0,1,1100,买盘
992,13:36:57,11.0,0.0,7,7700,买盘
993,13:37:09,10.99,-0.01,4,4396,卖盘
994,13:37:15,11.0,0.01,1,1100,买盘
995,13:37:30,11.0,0.0,1,1100,买盘
996,13:37:36,11.0,0.0,1,1100,买盘
997,13:37:57,11.0,0.0,1,1100,买盘
998,13:38:00,11.0,0.0,1,1100,买盘
999,13:38:12,10.99,-0.01,4,4396,卖盘
1000,13:38:15,11.0,0.01,2,2200,买盘
1001,13:38:21,11.0,0.0,3,3300,买盘
1002,13:38:30,11.0,0.0,1,1100,买盘
1003,13:38:45,11.0,0.0,1,1100,买盘
1004,13:38:58,11.0,0.0,1,1100,买盘
1005,13:39:15,11.0,0.0,1,1100,买盘
1006,13:39:18,10.99,-0.01,21,23080,卖盘
1007,13:39:39,10.99,0.0,1,1099,买盘
1008,13:39:42,10.98,-0.01,2,2196,卖盘
1009,13:40:00,10.99,0.01,4,4393,买盘
1010,13:40:06,10.99,0.0,17,18670,买盘
1011,13:40:09,10.98,-0.01,1,494,买盘
1012,13:40:21,10.98,0.0,1,1098,买盘
1013,13:40:36,10.98,0.0,10,11584,买盘
1014,13:40:40,10.99,0.01,1,1099,买盘
1015,13:40:42,10.99,0.0,16,17584,买盘
1016,13:40:57,10.99,0.0,2,2198,买盘
1017,13:41:00,11.0,0.01,8,8799,买盘
1018,13:41:04,11.0,0.0,1,1100,买盘
1019,13:41:34,11.0,0.0,6,6600,买盘
1020,13:42:54,11.0,0.0,1,1100,买盘
1021,13:43:12,10.99,-0.01,3,3297,卖盘
1022,13:43:27,10.99,0.0,3,3297,卖盘
1023,13:43:30,10.99,0.0,5,5495,卖盘
1024,13:43:42,10.99,0.0,2,2198,卖盘
1025,13:43:45,10.99,0.0,4,4396,卖盘
1026,13:43:48,10.99,0.0,2,2198,卖盘
1027,13:43:54,11.0,0.01,2,2199,买盘
1028,13:44:00,10.98,-0.02,5,5490,卖盘
1029,13:44:04,10.99,0.01,2,2198,买盘
1030,13:44:27,10.98,-0.01,3,3294,卖盘
1031,13:44:30,10.99,0.01,7,7693,买盘
1032,13:44:39,10.97,-0.02,4,4389,卖盘
1033,13:45:30,10.97,0.0,4,4388,卖盘
1034,13:45:33,10.97,0.0,3,3291,卖盘
1035,13:45:36,10.97,0.0,4,4388,卖盘
1036,13:45:39,10.97,0.0,2,2194,卖盘
1037,13:45:45,10.97,0.0,2,2194,买盘
1038,13:45:57,10.97,0.0,5,5485,卖盘
1039,13:46:15,10.96,-0.01,3,3288,卖盘
1040,13:46:33,10.96,0.0,7,7672,卖盘
1041,13:46:39,10.96,0.0,3,3288,卖盘
1042,13:46:54,10.97,0.01,2,2194,买盘
1043,13:47:00,10.97,0.0,2,2194,买盘
1044,13:47:06,10.96,-0.01,3,3288,卖盘
1045,13:47:09,10.96,0.0,3,3288,卖盘
1046,13:47:30,10.96,0.0,4,4384,卖盘
1047,13:47:42,10.96,0.0,1,1096,卖盘
1048,13:47:45,10.97,0.01,1,1097,买盘
1049,13:47:54,10.96,-0.01,3,3288,卖盘
1050,13:48:00,10.98,0.02,6,6588,买盘
1051,13:48:04,10.96,-0.02,3,3288,卖盘
1052,13:48:33,10.97,0.01,2,2194,卖盘
1053,13:48:36,10.97,0.0,3,3291,卖盘
1054,13:48:39,10.97,0.0,4,4388,卖盘
1055,13:49:12,10.97,0.0,3,3291,卖盘
1056,13:49:22,10.97,0.0,3,3291,卖盘
1057,13:49:52,10.97,0.0,4,4388,卖盘
1058,13:49:54,10.98,0.01,2,2196,买盘
1059,13:50:06,10.97,-0.01,1,1097,卖盘
1060,13:50:33,10.97,0.0,4,4388,卖盘
1061,13:50:39,10.98,0.01,8,8784,买盘
1062,13:51:06,10.97,-0.01,3,3291,卖盘
1063,13:51:16,10.97,0.0,13,14261,卖盘
1064,13:51:18,10.96,-0.01,12,13152,卖盘
1065,13:51:24,10.96,0.0,1,1096,卖盘
1066,13:51:30,10.97,0.01,8,8776,买盘
1067,13:51:57,10.97,0.0,2,2194,卖盘
1068,13:52:00,10.98,0.01,2,2196,买盘
1069,13:52:30,10.97,-0.01,68,74596,卖盘
1070,13:52:33,10.97,0.0,9,9873,卖盘
1071,13:52:36,10.95,-0.02,35,38358,卖盘
1072,13:52:39,10.97,0.02,2,2194,买盘
1073,13:52:51,10.96,-0.01,2,2192,卖盘
1074,13:52:54,10.96,0.0,4,4383,卖盘
1075,13:53:13,10.95,-0.01,1,1095,卖盘
1076,13:53:15,10.95,0.0,29,31755,卖盘
1077,13:53:18,10.96,0.01,2,2192,买盘
1078,13:53:21,10.96,0.0,5,5480,买盘
1079,13:53:24,10.96,0.0,2,2192,卖盘
1080,13:53:48,10.95,-0.01,1,1095,卖盘
1081,13:53:51,10.94,-0.01,78,85337,卖盘
1082,13:53:55,10.96,0.02,2,2192,买盘
1083,13:54:24,10.95,-0.01,5,5475,买盘
1084,13:54:45,10.94,-0.01,28,30632,卖盘
1085,13:54:48,10.97,0.03,3,3289,买盘
1086,13:55:00,10.98,0.01,7,7681,买盘
1087,13:55:15,10.94,-0.04,1,1094,卖盘
1088,13:55:54,10.96,0.02,19,20789,买盘
1089,13:56:09,10.94,-0.02,13,14222,卖盘
1090,13:56:24,10.93,-0.01,9,9839,卖盘
1091,13:56:27,10.94,0.01,6,6564,买盘
1092,13:57:42,10.94,0.0,3,3282,买盘
1093,13:57:48,10.94,0.0,5,5470,买盘
1094,13:58:03,10.94,0.0,15,16410,买盘
1095,13:58:06,10.96,0.02,2,2190,买盘
1096,13:58:33,10.96,0.0,6,6576,买盘
1097,13:58:54,10.96,0.0,2,2192,买盘
1098,13:59:36,10.96,0.0,5,5480,买盘
1099,13:59:45,10.94,-0.02,7,7658,卖盘
1100,14:00:06,10.94,0.0,28,30632,卖盘
1101,14:00:10,10.94,0.0,2,2188,卖盘
1102,14:00:12,10.94,0.0,3,3282,卖盘
1103,14:00:15,10.94,0.0,4,4376,卖盘
1104,14:00:18,10.94,0.0,12,13128,卖盘
1105,14:00:24,10.94,0.0,5,5474,卖盘
1106,14:00:27,10.94,0.0,14,15316,卖盘
1107,14:00:30,10.94,0.0,21,22974,卖盘
1108,14:00:55,10.93,-0.01,40,43720,卖盘
1109,14:00:57,10.94,0.01,9,9621,买盘
1110,14:01:00,10.93,-0.01,1,1093,卖盘
1111,14:01:06,10.93,0.0,242,264506,卖盘
1112,14:01:09,10.93,0.0,38,41544,卖盘
1113,14:01:12,10.93,0.0,6,6777,卖盘
1114,14:01:18,10.92,-0.01,12,13104,卖盘
1115,14:01:21,10.92,0.0,5,5460,卖盘
1116,14:01:24,10.92,0.0,38,41496,卖盘
1117,14:01:27,10.92,0.0,4,4368,买盘
1118,14:01:30,10.92,0.0,10,10920,买盘
1119,14:01:36,10.91,-0.01,52,56733,卖盘
1120,14:01:39,10.92,0.01,51,55692,买盘
1121,14:01:42,10.93,0.01,4,4372,买盘
1122,14:01:51,10.92,-0.01,1,1092,卖盘
1123,14:01:54,10.93,0.01,2,2186,买盘
1124,14:02:04,10.93,0.0,6,6558,买盘
1125,14:02:09,10.93,0.0,1,1093,买盘
1126,14:02:42,10.93,0.0,36,39348,买盘
1127,14:02:51,10.93,0.0,6,6558,买盘
1128,14:03:00,10.93,0.0,12,13116,买盘
1129,14:03:04,10.93,0.0,2,2186,买盘
1130,14:03:06,10.93,0.0,4,4372,买盘
1131,14:03:21,10.93,0.0,5,5465,买盘
1132,14:03:27,10.92,-0.01,9,9836,卖盘
1133,14:04:04,10.93,0.01,3,3279,买盘
1134,14:04:06,10.93,0.0,14,15302,买盘
1135,14:04:09,10.94,0.01,2,2188,买盘
1136,14:04:48,10.94,0.0,1,1094,买盘
1137,14:05:04,10.93,-0.01,1,1093,卖盘
1138,14:06:15,10.93,0.0,2,2186,卖盘
1139,14:06:18,10.94,0.01,4,4376,买盘
1140,14:06:45,10.95,0.01,1,1095,买盘
1141,14:06:54,10.95,0.0,5,5475,买盘
1142,14:07:06,10.95,0.0,1,1095,买盘
1143,14:07:15,10.96,0.01,2,2192,买盘
1144,14:07:30,10.95,-0.01,2,2190,卖盘
1145,14:07:45,10.96,0.01,1,1096,买盘
1146,14:07:48,10.95,-0.01,38,41610,卖盘
1147,14:07:51,10.95,0.0,1,1095,买盘
1148,14:08:15,10.94,-0.01,1,1094,卖盘
1149,14:09:15,10.94,0.0,3,3282,卖盘
1150,14:09:51,10.94,0.0,1,1094,卖盘
1151,14:10:15,10.94,0.0,2,2188,卖盘
1152,14:10:21,10.95,0.01,4,4380,买盘
1153,14:11:15,10.94,-0.01,4,4377,卖盘
1154,14:12:04,10.95,0.01,7,7665,买盘
1155,14:12:45,10.96,0.01,2,2192,买盘
1156,14:13:21,10.96,0.0,1,1096,买盘
1157,14:13:42,10.96,0.0,2,2192,买盘
1158,14:13:45,10.95,-0.01,1,1095,卖盘
1159,14:13:48,10.95,0.0,3,3285,卖盘
1160,14:13:51,10.95,0.0,3,3285,卖盘
1161,14:13:54,10.95,0.0,2,2190,卖盘
1162,14:13:57,10.95,0.0,12,13140,卖盘
1163,14:14:00,10.95,0.0,7,7665,买盘
1164,14:14:04,10.96,0.01,11,12050,买盘
1165,14:14:15,10.95,-0.01,1,1095,卖盘
1166,14:14:19,10.95,0.0,2,2190,卖盘
1167,14:14:21,10.96,0.01,100,109593,买盘
1168,14:14:24,10.95,-0.01,9,9855,中性盘
1169,14:14:30,10.95,0.0,5,5475,买盘
1170,14:14:48,10.95,0.0,1,1095,买盘
1171,14:14:51,10.95,0.0,1,1095,买盘
1172,14:14:54,10.95,0.0,1,1095,买盘
1173,14:15:04,10.94,-0.01,1,1094,卖盘
1174,14:15:15,10.94,0.0,1,1094,卖盘
1175,14:15:18,10.94,0.0,4,4376,卖盘
1176,14:15:21,10.94,0.0,3,3282,卖盘
1177,14:15:31,10.94,0.0,2,2188,卖盘
1178,14:15:33,10.94,0.0,18,19692,卖盘
1179,14:15:36,10.94,0.0,3,3282,卖盘
1180,14:15:40,10.95,0.01,1,1095,买盘
1181,14:16:13,10.95,0.0,7,7664,买盘
1182,14:16:48,10.94,-0.01,3,3282,卖盘
1183,14:17:18,10.94,0.0,3,3282,卖盘
1184,14:17:36,10.95,0.01,20,21900,买盘
1185,14:17:39,10.95,0.0,4,4380,买盘
1186,14:18:07,10.94,-0.01,3,3282,卖盘
1187,14:18:36,10.94,0.0,2,2188,卖盘
1188,14:18:49,10.94,0.0,2,2188,卖盘
1189,14:19:06,10.95,0.01,1,1095,买盘
1190,14:19:15,10.95,0.0,3,3285,买盘
1191,14:19:27,10.94,-0.01,1,1094,卖盘
1192,14:19:45,10.95,0.01,1,1095,买盘
1193,14:19:51,10.95,0.0,1,1095,买盘
1194,14:20:15,10.95,0.0,2,2190,买盘
1195,14:20:24,10.94,-0.01,10,10940,卖盘
1196,14:21:15,10.95,0.01,3,3285,买盘
1197,14:21:21,10.95,0.0,1,1095,买盘
1198,14:21:45,10.95,0.0,1,1095,买盘
1199,14:22:15,10.95,0.0,3,3285,买盘
1200,14:22:21,10.95,0.0,4,4380,买盘
1201,14:22:45,10.96,0.01,1,1096,买盘
1202,14:22:57,10.96,0.0,30,32880,买盘
1203,14:23:00,10.96,0.0,3,3288,买盘
1204,14:23:03,10.96,0.0,1,1096,买盘
1205,14:23:12,10.96,0.0,3,3288,买盘
1206,14:23:15,10.96,0.0,1,1096,买盘
1207,14:23:45,10.96,0.0,16,17163,买盘
1208,14:24:15,10.97,0.01,2,2194,买盘
1209,14:24:45,10.97,0.0,2,2194,买盘
1210,14:24:57,10.97,0.0,3,3291,买盘
1211,14:25:15,10.97,0.0,1,1097,买盘
1212,14:25:46,10.97,0.0,2,2194,买盘
1213,14:26:15,10.97,0.0,1,1097,买盘
1214,14:26:18,10.97,0.0,1,1097,买盘
1215,14:26:45,10.97,0.0,5,5485,买盘
1216,14:26:48,10.97,0.0,3,3291,买盘
1217,14:27:15,10.97,0.0,2,2194,买盘
1218,14:27:18,10.97,0.0,2,2194,买盘
1219,14:27:54,10.97,0.0,17,18649,买盘
1220,14:27:57,10.97,0.0,1,1097,买盘
1221,14:28:15,10.97,0.0,2,2194,买盘
1222,14:28:30,10.96,-0.01,1,1096,卖盘
1223,14:28:39,10.96,0.0,2,2192,卖盘
1224,14:28:49,10.96,0.0,2,2192,卖盘
1225,14:28:54,10.96,0.0,19,20824,卖盘
1226,14:28:57,10.96,0.0,5,5480,卖盘
1227,14:29:15,10.96,0.0,1,1096,卖盘
1228,14:29:18,10.97,0.01,2,2194,买盘
1229,14:29:27,10.96,-0.01,8,8768,卖盘
1230,14:29:30,10.97,0.01,1,1097,买盘
1231,14:29:33,10.97,0.0,3,3291,买盘
1232,14:29:48,10.97,0.0,1,1097,买盘
1233,14:30:48,10.97,0.0,1,1097,买盘
1234,14:31:18,10.97,0.0,1,1097,买盘
1235,14:31:24,10.97,0.0,7,7679,买盘
1236,14:31:57,10.96,-0.01,28,30688,卖盘
1237,14:32:22,10.96,0.0,27,29965,卖盘
1238,14:32:24,10.96,0.0,1,1096,买盘
1239,14:34:06,10.96,0.0,1,1096,买盘
1240,14:34:48,10.96,0.0,1,1096,买盘
1241,14:35:15,10.95,-0.01,30,32850,卖盘
1242,14:35:18,10.96,0.01,1,1096,买盘
1243,14:35:22,10.96,0.0,4,4384,买盘
1244,14:35:30,10.96,0.0,10,10960,买盘
1245,14:35:33,10.96,0.0,12,13148,买盘
1246,14:35:36,10.96,0.0,1,1096,买盘
1247,14:35:48,10.96,0.0,1,1096,买盘
1248,14:36:03,10.97,0.01,34,37282,买盘
1249,14:36:06,10.97,0.0,1,1097,买盘
1250,14:36:15,10.96,-0.01,1,1096,买盘
1251,14:36:18,10.97,0.01,5,5481,买盘
1252,14:36:36,10.97,0.0,1,1097,买盘
1253,14:36:42,10.96,-0.01,18,19728,卖盘
1254,14:36:45,10.96,0.0,2,2192,买盘
1255,14:36:51,10.95,-0.01,5,5477,卖盘
1256,14:37:00,10.96,0.01,2,2192,买盘
1257,14:37:04,10.96,0.0,7,7672,买盘
1258,14:37:06,10.96,0.0,2,2192,买盘
1259,14:37:09,10.96,0.0,5,5480,买盘
1260,14:37:12,10.96,0.0,47,51512,买盘
1261,14:37:15,10.98,0.02,51,56304,买盘
1262,14:37:18,10.97,-0.01,76,83062,卖盘
1263,14:37:21,10.97,0.0,7,7679,买盘
1264,14:37:24,10.97,0.0,1,1097,买盘
1265,14:37:27,10.97,0.0,2,2194,买盘
1266,14:37:30,10.97,0.0,1,1097,买盘
1267,14:37:33,10.97,0.0,1,1097,买盘
1268,14:37:36,10.97,0.0,10,11321,买盘
1269,14:37:54,10.97,0.0,17,18298,卖盘
1270,14:37:58,10.97,0.0,1,1097,买盘
1271,14:38:09,10.97,0.0,2,2194,买盘
1272,14:38:12,10.97,0.0,5,5485,买盘
1273,14:38:18,10.97,0.0,1,1097,买盘
1274,14:38:21,10.97,0.0,1,1097,买盘
1275,14:38:48,10.97,0.0,1,1097,买盘
1276,14:38:51,10.97,0.0,78,85917,买盘
1277,14:38:54,10.97,0.0,4,4388,卖盘
1278,14:38:57,10.98,0.01,5,5490,买盘
1279,14:39:00,10.98,0.0,1,1098,买盘
1280,14:39:04,10.98,0.0,1,1098,买盘
1281,14:39:06,10.97,-0.01,26,28173,卖盘
1282,14:39:39,10.97,0.0,10,10970,买盘
1283,14:39:42,10.97,0.0,10,10970,买盘
1284,14:39:45,10.97,0.0,1,1097,买盘
1285,14:39:54,10.97,0.0,10,10970,买盘
1286,14:40:09,10.97,0.0,3,3291,买盘
1287,14:40:15,10.96,-0.01,4,4384,卖盘
1288,14:40:36,10.96,0.0,4,4384,卖盘
1289,14:40:48,10.97,0.01,2,2194,买盘
1290,14:40:51,10.97,0.0,1,1097,买盘
1291,14:41:16,10.97,0.0,1,1097,买盘
1292,14:41:19,10.97,0.0,13,14251,买盘
1293,14:41:43,10.96,-0.01,3,3288,卖盘
1294,14:41:54,10.96,0.0,2,2192,卖盘
1295,14:41:57,10.97,0.01,2,2194,买盘
1296,14:42:04,10.98,0.01,110,120706,买盘
1297,14:42:06,10.98,0.0,3,3294,买盘
1298,14:42:10,10.96,-0.02,15,16446,卖盘
1299,14:42:18,10.97,0.01,1,1097,买盘
1300,14:42:21,10.98,0.01,6,6583,买盘
1301,14:42:27,10.96,-0.02,3,3288,卖盘
1302,14:42:48,10.97,0.01,1,1097,买盘
1303,14:42:54,10.97,0.0,7,7675,买盘
1304,14:43:13,10.97,0.0,1,1097,买盘
1305,14:43:18,10.98,0.01,1,1098,买盘
1306,14:43:24,10.97,-0.01,19,20843,卖盘
1307,14:43:27,10.97,0.0,5,5485,买盘
1308,14:43:36,10.97,0.0,1,1097,买盘
1309,14:43:39,10.97,0.0,14,15358,买盘
1310,14:43:54,10.97,0.0,4,4388,买盘
1311,14:44:00,10.97,0.0,1,1097,买盘
1312,14:44:15,10.96,-0.01,3,3288,卖盘
1313,14:44:33,10.95,-0.01,807,884119,卖盘
1314,14:44:36,10.95,0.0,38,41610,买盘
1315,14:44:39,10.97,0.02,22,24102,买盘
1316,14:44:42,10.95,-0.02,2,2190,卖盘
1317,14:44:45,10.95,0.0,6,6570,卖盘
1318,14:44:48,10.95,0.0,6,6570,卖盘
1319,14:44:51,10.96,0.01,1,1096,买盘
1320,14:45:09,10.96,0.0,7,7671,买盘
1321,14:45:16,10.96,0.0,14,15344,买盘
1322,14:45:19,10.96,0.0,1,1096,买盘
1323,14:45:30,10.95,-0.01,2,2190,卖盘
1324,14:45:51,10.96,0.01,7,7667,买盘
1325,14:45:54,10.96,0.0,4,4384,买盘
1326,14:46:04,10.97,0.01,3,3291,买盘
1327,14:46:06,10.96,-0.01,1,1096,卖盘
1328,14:46:09,10.96,0.0,1,1096,卖盘
1329,14:46:33,10.96,0.0,15,16440,卖盘
1330,14:46:36,10.96,0.0,4,4384,买盘
1331,14:46:54,10.96,0.0,1,1096,买盘
1332,14:47:07,10.93,-0.03,365,399204,卖盘
1333,14:47:10,10.96,0.03,21,23005,买盘
1334,14:47:12,10.94,-0.02,3,3419,卖盘
1335,14:47:34,10.95,0.01,1,1095,买盘
1336,14:47:36,10.95,0.0,2,2190,买盘
1337,14:47:42,10.95,0.0,1,1095,买盘
1338,14:47:45,10.95,0.0,6,6570,买盘
1339,14:47:49,10.95,0.0,1,1095,买盘
1340,14:47:51,10.95,0.0,1,1095,买盘
1341,14:47:58,10.95,0.0,1,1095,买盘
1342,14:48:00,10.95,0.0,1,1095,买盘
1343,14:48:04,10.91,-0.04,635,693296,卖盘
1344,14:48:06,10.96,0.05,39,42733,买盘
1345,14:48:10,10.96,0.0,1,1096,买盘
1346,14:48:21,10.96,0.0,18,19714,买盘
1347,14:48:24,10.94,-0.02,2,2188,卖盘
1348,14:48:30,10.94,0.0,1,1094,买盘
1349,14:48:36,10.96,0.02,6,6572,买盘
1350,14:48:43,10.94,-0.02,1,1094,买盘
1351,14:48:46,10.94,0.0,9,9846,买盘
1352,14:48:48,10.94,0.0,1,1094,卖盘
1353,14:48:57,10.94,0.0,1,1094,买盘
1354,14:49:00,10.94,0.0,1,1094,买盘
1355,14:49:04,10.94,0.0,7,7658,买盘
1356,14:49:06,10.94,0.0,1,1094,买盘
1357,14:49:09,10.94,0.0,22,24068,买盘
1358,14:49:13,10.96,0.02,1,1096,买盘
1359,14:49:30,10.95,-0.01,11,12045,买盘
1360,14:49:33,10.95,0.0,1,1095,买盘
1361,14:49:36,10.95,0.0,1,1095,买盘
1362,14:49:39,10.95,0.0,1,1095,买盘
1363,14:50:01,10.95,0.0,1,1095,卖盘
1364,14:50:06,10.96,0.01,1,1096,买盘
1365,14:50:09,10.95,-0.01,23,25190,卖盘
1366,14:50:12,10.95,0.0,6,6570,买盘
1367,14:50:15,10.94,-0.01,38,41573,卖盘
1368,14:50:18,10.94,0.0,2,2188,买盘
1369,14:50:21,10.94,0.0,41,44437,买盘
1370,14:50:27,10.93,-0.01,3,3280,卖盘
1371,14:50:30,10.94,0.01,1,1094,买盘
1372,14:50:33,10.94,0.0,1,1094,买盘
1373,14:50:36,10.94,0.0,1,1094,买盘
1374,14:50:39,10.94,0.0,14,15308,买盘
1375,14:50:43,10.94,0.0,13,14212,买盘
1376,14:50:45,10.96,0.02,5,5480,买盘
1377,14:51:04,10.96,0.0,188,206048,买盘
1378,14:51:06,10.96,0.0,13,14248,买盘
1379,14:51:09,10.95,-0.01,4,4381,中性盘
1380,14:51:12,10.92,-0.03,370,404220,卖盘
1381,14:51:15,10.92,0.0,107,116844,买盘
1382,14:51:18,10.92,0.0,28,30751,买盘
1383,14:51:21,10.94,0.02,46,50324,卖盘
1384,14:51:33,10.94,0.0,48,52512,卖盘
1385,14:51:51,10.94,0.0,1,1094,买盘
1386,14:51:54,10.94,0.0,1,1094,买盘
1387,14:51:57,10.94,0.0,7,7658,买盘
1388,14:52:00,10.94,0.0,7,7658,买盘
1389,14:52:03,10.94,0.0,10,10940,买盘
1390,14:52:06,10.94,0.0,9,9846,买盘
1391,14:52:09,10.94,0.0,5,5470,买盘
1392,14:52:12,10.94,0.0,43,47042,买盘
1393,14:52:30,10.93,-0.01,7,7651,卖盘
1394,14:52:45,10.94,0.01,70,76580,买盘
1395,14:52:57,10.95,0.01,6,6570,买盘
1396,14:53:09,10.95,0.0,5,5475,买盘
1397,14:53:12,10.95,0.0,1,1095,买盘
1398,14:53:15,10.95,0.0,3,3285,买盘
1399,14:53:18,10.95,0.0,3,3285,买盘
1400,14:53:24,10.95,0.0,43,47085,买盘
1401,14:53:27,10.94,-0.01,126,137844,卖盘
1402,14:53:33,10.95,0.01,103,113190,买盘
1403,14:54:12,10.96,0.01,2,2192,卖盘
1404,14:54:15,10.95,-0.01,8,8766,卖盘
1405,14:54:28,10.95,0.0,1,1095,卖盘
1406,14:54:36,10.97,0.02,5,5485,买盘
1407,14:54:39,10.97,0.0,1,1097,买盘
1408,14:55:00,10.97,0.0,6,6582,买盘
1409,14:55:09,10.97,0.0,1,1097,买盘
1410,14:55:15,10.96,-0.01,7,7672,买盘
1411,14:55:19,10.96,0.0,104,113884,买盘
1412,14:55:37,10.96,0.0,158,173168,买盘
1413,14:55:46,10.96,0.0,1,1096,买盘
1414,14:56:06,10.95,-0.01,6,6570,卖盘
1415,14:56:15,10.95,0.0,1,1095,卖盘
1416,14:56:18,10.96,0.01,5,5480,买盘
1417,14:56:21,10.96,0.0,74,81104,买盘
1418,14:56:33,10.96,0.0,10,10960,买盘
1419,14:56:36,10.96,0.0,4,4381,买盘
1420,14:56:39,10.96,0.0,37,40552,买盘
1421,14:56:42,10.96,0.0,4,4381,买盘
1422,14:56:45,10.96,0.0,10,10960,买盘
1423,15:00:04,10.96,0.0,108,118368,卖盘
