,time,price,change,volume,amount,type
0,09:25:04,4.28,-0.05,439,187892,买盘
1,09:30:04,4.28,0.0,173,74094,卖盘
2,09:30:06,4.28,0.0,151,64632,卖盘
3,09:30:10,4.29,0.01,119,50977,买盘
4,09:30:22,4.28,-0.01,1,428,卖盘
5,09:30:24,4.28,0.0,45,19260,卖盘
6,09:30:28,4.28,0.0,24,10272,卖盘
7,09:30:36,4.28,0.0,186,79608,卖盘
8,09:30:39,4.28,0.0,6,2568,买盘
9,09:30:43,4.27,-0.01,100,42700,卖盘
10,09:30:46,4.27,0.0,30,12810,卖盘
11,09:30:48,4.27,0.0,60,25620,卖盘
12,09:30:51,4.26,-0.01,205,87335,卖盘
13,09:30:55,4.26,0.0,10,4260,卖盘
14,09:30:58,4.26,0.0,10,4260,卖盘
15,09:31:00,4.26,0.0,139,59214,卖盘
16,09:31:04,4.26,0.0,16,6816,卖盘
17,09:31:06,4.25,-0.01,4,1700,卖盘
18,09:31:10,4.25,0.0,93,39525,卖盘
19,09:31:19,4.25,0.0,27,11475,卖盘
20,09:31:22,4.25,0.0,99,42075,卖盘
21,09:31:24,4.24,-0.01,26,11024,卖盘
22,09:31:27,4.24,0.0,5,2120,卖盘
23,09:31:34,4.24,0.0,302,128347,卖盘
24,09:31:40,4.24,0.0,46,19504,买盘
25,09:31:43,4.24,0.0,27,11448,买盘
26,09:31:48,4.23,-0.01,294,124555,卖盘
27,09:31:52,4.23,0.0,1,423,买盘
28,09:31:57,4.23,0.0,40,16920,买盘
29,09:32:01,4.23,0.0,53,22419,买盘
30,09:32:04,4.23,0.0,100,42300,买盘
31,09:32:07,4.24,0.01,7,2966,买盘
32,09:32:10,4.23,-0.01,71,30056,卖盘
33,09:32:16,4.25,0.02,60,25500,卖盘
34,09:32:25,4.27,0.02,39,16653,买盘
35,09:32:28,4.25,-0.02,40,17040,卖盘
36,09:32:31,4.25,0.0,10,4250,卖盘
37,09:32:33,4.27,0.02,50,21350,买盘
38,09:32:37,4.27,0.0,7,2989,买盘
39,09:32:42,4.24,-0.03,108,45809,卖盘
40,09:32:45,4.24,0.0,49,20776,买盘
41,09:32:48,4.24,0.0,6,2544,买盘
42,09:32:52,4.24,0.0,75,31800,买盘
43,09:32:54,4.24,0.0,19,8056,买盘
44,09:32:58,4.24,0.0,16,6784,买盘
45,09:33:01,4.24,0.0,86,36403,买盘
46,09:33:04,4.24,0.0,10,4240,买盘
47,09:33:07,4.24,0.0,97,41128,买盘
48,09:33:09,4.24,0.0,7,2980,卖盘
49,09:33:13,4.27,0.03,33,14046,买盘
50,09:33:22,4.27,0.0,1,427,买盘
51,09:33:25,4.27,0.0,19,8112,买盘
52,09:33:28,4.27,0.0,10,4270,中性盘
53,09:33:33,4.27,0.0,1,427,卖盘
54,09:33:37,4.28,0.01,75,32085,买盘
55,09:33:40,4.25,-0.03,14,5961,卖盘
56,09:33:49,4.26,0.01,57,24282,买盘
57,09:33:52,4.26,0.0,8,3408,买盘
58,09:34:16,4.26,0.0,7,2982,卖盘
59,09:34:21,4.26,0.0,6,2556,卖盘
60,09:34:36,4.26,0.0,47,20022,卖盘
61,09:34:40,4.26,0.0,6,2556,买盘
62,09:34:43,4.26,0.0,23,9798,买盘
63,09:34:45,4.26,0.0,1,426,买盘
64,09:34:48,4.26,0.0,3,1278,买盘
65,09:34:52,4.26,0.0,27,11502,买盘
66,09:34:54,4.26,0.0,5,2130,买盘
67,09:34:58,4.26,0.0,3,1278,买盘
68,09:35:01,4.26,0.0,3,1278,买盘
69,09:35:04,4.26,0.0,3,1278,买盘
70,09:35:06,4.26,0.0,4,1704,买盘
71,09:35:10,4.26,0.0,2,852,买盘
72,09:35:13,4.26,0.0,4,1704,买盘
73,09:35:16,4.26,0.0,4,1704,买盘
74,09:35:19,4.26,0.0,33,14058,买盘
75,09:35:25,4.28,0.02,2,856,买盘
76,09:35:33,4.28,0.0,2,856,买盘
77,09:35:40,4.26,-0.02,7,2988,卖盘
78,09:35:45,4.27,0.01,2,854,买盘
79,09:35:49,4.28,0.01,6,2563,买盘
80,09:35:51,4.28,0.0,4,1712,买盘
81,09:35:54,4.28,0.0,27,11538,买盘
82,09:35:57,4.28,0.0,58,24824,买盘
83,09:36:01,4.27,-0.01,1,427,中性盘
84,09:36:04,4.26,-0.01,12,5120,卖盘
85,09:36:06,4.27,0.01,8,3416,买盘
86,09:36:12,4.27,0.0,51,21739,买盘
87,09:36:16,4.28,0.01,7,2996,买盘
88,09:36:19,4.28,0.0,10,4280,卖盘
89,09:36:30,4.27,-0.01,81,34663,卖盘
90,09:36:57,4.27,0.0,3,1281,卖盘
91,09:37:04,4.27,0.0,15,6405,卖盘
92,09:37:10,4.27,0.0,1,427,卖盘
93,09:37:27,4.27,0.0,9,3843,卖盘
94,09:37:31,4.26,-0.01,242,103199,卖盘
95,09:37:46,4.27,0.01,30,12810,买盘
96,09:37:48,4.27,0.0,1,427,买盘
97,09:37:51,4.26,-0.01,14,5964,卖盘
98,09:38:01,4.26,0.0,10,4260,卖盘
99,09:38:06,4.27,0.01,105,44735,买盘
100,09:38:13,4.26,-0.01,6,2556,卖盘
101,09:38:21,4.26,0.0,6,2561,卖盘
102,09:38:25,4.27,0.01,4,1708,中性盘
103,09:38:27,4.27,0.0,12,5124,卖盘
104,09:38:33,4.27,0.0,51,21777,卖盘
105,09:38:36,4.27,0.0,2,854,中性盘
106,09:38:39,4.27,0.0,13,5551,卖盘
107,09:38:57,4.27,0.0,30,12810,卖盘
108,09:39:06,4.27,0.0,20,8540,买盘
109,09:39:13,4.29,0.02,660,282600,买盘
110,09:39:27,4.29,0.0,90,38610,卖盘
111,09:39:33,4.3,0.01,1,430,买盘
112,09:39:39,4.28,-0.02,4,1712,卖盘
113,09:39:42,4.3,0.02,50,21483,买盘
114,09:40:01,4.29,-0.01,1,429,买盘
115,09:40:06,4.29,0.0,3,1285,买盘
116,09:40:12,4.29,0.0,2,858,买盘
117,09:40:16,4.29,0.0,20,8580,买盘
118,09:40:33,4.29,0.0,15,6435,买盘
119,09:40:39,4.28,-0.01,5,2140,卖盘
120,09:40:43,4.3,0.02,255,109526,买盘
121,09:40:52,4.29,-0.01,10,4290,卖盘
122,09:40:55,4.3,0.01,10,4300,买盘
123,09:40:57,4.3,0.0,4,1720,卖盘
124,09:41:00,4.3,0.0,8,3440,卖盘
125,09:41:12,4.29,-0.01,52,22318,卖盘
126,09:41:19,4.3,0.01,38,16307,买盘
127,09:41:21,4.29,-0.01,29,12441,卖盘
128,09:41:24,4.29,0.0,10,4290,卖盘
129,09:41:28,4.29,0.0,53,22737,卖盘
130,09:41:30,4.3,0.01,115,49420,买盘
131,09:41:39,4.3,0.0,10,4300,卖盘
132,09:41:48,4.28,-0.02,34,14560,卖盘
133,09:41:55,4.28,0.0,15,6421,卖盘
134,09:41:57,4.28,0.0,5,2140,卖盘
135,09:42:01,4.28,0.0,36,15408,卖盘
136,09:42:36,4.29,0.01,12,5148,卖盘
137,09:42:39,4.29,0.0,16,6864,卖盘
138,09:42:43,4.29,0.0,5,2145,卖盘
139,09:42:51,4.3,0.01,32,13740,买盘
140,09:42:54,4.29,-0.01,19,8168,卖盘
141,09:43:04,4.29,0.0,9,3861,卖盘
142,09:43:30,4.29,0.0,7,3003,卖盘
143,09:43:42,4.28,-0.01,5,2140,卖盘
144,09:43:54,4.29,0.01,102,43758,买盘
145,09:43:57,4.29,0.0,22,9438,买盘
146,09:44:00,4.28,-0.01,4,1712,卖盘
147,09:44:04,4.29,0.01,6,2574,买盘
148,09:44:06,4.31,0.02,712,306801,买盘
149,09:44:09,4.28,-0.03,2,856,卖盘
150,09:44:12,4.29,0.01,3,1287,中性盘
151,09:44:18,4.28,-0.01,4,1714,卖盘
152,09:44:27,4.28,0.0,40,17120,卖盘
153,09:44:36,4.31,0.03,1,431,买盘
154,09:44:40,4.29,-0.02,5,2145,卖盘
155,09:44:46,4.31,0.02,6,2586,买盘
156,09:45:16,4.3,-0.01,35,15050,买盘
157,09:45:25,4.29,-0.01,15,6445,卖盘
158,09:45:30,4.29,0.0,7,3003,卖盘
159,09:45:33,4.29,0.0,18,7722,卖盘
160,09:45:40,4.29,0.0,10,4304,卖盘
161,09:46:12,4.29,0.0,17,7293,卖盘
162,09:46:15,4.3,0.01,9,3870,买盘
163,09:46:24,4.29,-0.01,2,858,卖盘
164,09:46:36,4.29,0.0,162,69498,卖盘
165,09:46:48,4.28,-0.01,5,2140,卖盘
166,09:46:57,4.28,0.0,197,84316,卖盘
167,09:47:01,4.28,0.0,30,12840,买盘
168,09:47:06,4.27,-0.01,37,15799,卖盘
169,09:47:15,4.28,0.01,24,10272,买盘
170,09:47:18,4.27,-0.01,4,1708,卖盘
171,09:47:21,4.28,0.01,94,40232,买盘
172,09:47:30,4.28,0.0,129,55212,卖盘
173,09:47:51,4.28,0.0,5,2140,卖盘
174,09:47:57,4.29,0.01,20,8580,买盘
175,09:48:09,4.28,-0.01,10,4280,卖盘
176,09:48:16,4.29,0.01,134,57486,买盘
177,09:48:19,4.28,-0.01,243,104004,卖盘
178,09:48:21,4.28,0.0,9,3852,卖盘
179,09:48:54,4.27,-0.01,30,12810,卖盘
180,09:49:16,4.27,0.0,8,3416,卖盘
181,09:49:30,4.27,0.0,5,2135,卖盘
182,09:49:39,4.27,0.0,22,9394,卖盘
183,09:49:54,4.27,0.0,5,2135,卖盘
184,09:49:58,4.27,0.0,45,19215,卖盘
185,09:50:00,4.28,0.01,81,34668,买盘
186,09:50:04,4.27,-0.01,5,2135,卖盘
187,09:50:22,4.27,0.0,2,854,卖盘
188,09:50:39,4.27,0.0,37,15799,卖盘
189,09:50:45,4.27,0.0,40,17080,卖盘
190,09:50:57,4.27,0.0,5,2135,卖盘
191,09:51:04,4.27,0.0,1,427,卖盘
192,09:51:09,4.28,0.01,22,9416,买盘
193,09:51:16,4.28,0.0,2,856,买盘
194,09:51:30,4.29,0.01,179,76508,买盘
195,09:51:34,4.27,-0.02,36,15372,卖盘
196,09:51:57,4.27,0.0,5,2135,卖盘
197,09:52:33,4.27,0.0,9,3843,卖盘
198,09:52:42,4.27,0.0,2,854,卖盘
199,09:52:45,4.27,0.0,7,2989,卖盘
200,09:52:48,4.27,0.0,13,5551,卖盘
201,09:53:01,4.28,0.01,6,2563,买盘
202,09:53:06,4.29,0.01,297,127356,买盘
203,09:53:09,4.28,-0.01,6,2568,买盘
204,09:53:36,4.28,0.0,23,9844,买盘
205,09:53:51,4.29,0.01,214,91806,买盘
206,09:54:04,4.29,0.0,40,17195,卖盘
207,09:54:12,4.29,0.0,6,2574,卖盘
208,09:54:18,4.3,0.01,10,4295,买盘
209,09:54:28,4.3,0.0,12,5160,买盘
210,09:54:33,4.29,-0.01,30,12870,卖盘
211,09:54:39,4.29,0.0,3,1287,卖盘
212,09:54:45,4.29,0.0,24,10296,卖盘
213,09:54:51,4.29,0.0,18,7722,卖盘
214,09:54:54,4.29,0.0,5,2145,卖盘
215,09:55:10,4.3,0.01,157,67505,买盘
216,09:55:15,4.3,0.0,25,10750,卖盘
217,09:55:36,4.3,0.0,1,430,卖盘
218,09:55:39,4.3,0.0,12,5160,卖盘
219,09:55:42,4.3,0.0,30,12900,卖盘
220,09:55:51,4.3,0.0,2,860,卖盘
221,09:56:00,4.3,0.0,82,35261,卖盘
222,09:56:06,4.3,0.0,45,19350,卖盘
223,09:56:13,4.28,-0.02,30,12860,卖盘
224,09:56:27,4.31,0.03,40,17240,买盘
225,09:56:33,4.31,0.0,13,5603,买盘
226,09:56:39,4.28,-0.03,2,856,卖盘
227,09:56:48,4.28,0.0,3,1284,卖盘
228,09:56:55,4.28,0.0,6,2568,卖盘
229,09:57:09,4.3,0.02,4,1720,中性盘
230,09:57:12,4.28,-0.02,5,2140,卖盘
231,09:58:06,4.3,0.02,23,9890,买盘
232,09:58:10,4.29,-0.01,5,2145,卖盘
233,09:58:33,4.29,0.0,7,3003,卖盘
234,09:58:40,4.29,0.0,1,429,卖盘
235,09:58:48,4.28,-0.01,7,2996,卖盘
236,09:58:57,4.28,0.0,1,428,卖盘
237,09:59:00,4.28,0.0,10,4280,卖盘
238,09:59:09,4.28,0.0,177,75756,卖盘
239,09:59:12,4.29,0.01,11,4714,买盘
240,10:00:01,4.28,-0.01,8,3430,卖盘
241,10:00:15,4.29,0.01,27,11578,买盘
242,10:00:30,4.29,0.0,46,19734,买盘
243,10:00:40,4.28,-0.01,6,2568,卖盘
244,10:00:54,4.28,0.0,6,2568,卖盘
245,10:01:04,4.28,0.0,5,2140,卖盘
246,10:01:15,4.28,0.0,5,2140,卖盘
247,10:01:25,4.29,0.01,36,15444,买盘
248,10:01:28,4.28,-0.01,40,17120,卖盘
249,10:01:33,4.29,0.01,90,38610,买盘
250,10:01:42,4.28,-0.01,50,21400,卖盘
251,10:02:06,4.28,0.0,100,42800,卖盘
252,10:02:12,4.28,0.0,23,9844,卖盘
253,10:02:19,4.28,0.0,5,2140,卖盘
254,10:02:21,4.28,0.0,19,8132,卖盘
255,10:02:31,4.28,0.0,5,2140,卖盘
256,10:02:33,4.28,0.0,4,1712,卖盘
257,10:02:39,4.28,0.0,19,8132,卖盘
258,10:02:46,4.28,0.0,9,3852,卖盘
259,10:02:52,4.29,0.01,50,21450,买盘
260,10:02:57,4.28,-0.01,10,4280,卖盘
261,10:03:06,4.28,0.0,10,4280,卖盘
262,10:03:13,4.29,0.01,73,31317,买盘
263,10:03:19,4.29,0.0,5,2145,卖盘
264,10:03:33,4.3,0.01,2,860,买盘
265,10:03:48,4.29,-0.01,61,26169,卖盘
266,10:04:06,4.29,0.0,1,429,卖盘
267,10:04:21,4.29,0.0,5,2145,卖盘
268,10:04:24,4.3,0.01,35,15050,买盘
269,10:04:48,4.29,-0.01,14,6006,卖盘
270,10:05:25,4.29,0.0,5,2145,卖盘
271,10:05:28,4.3,0.01,2,860,买盘
272,10:05:42,4.3,0.0,2,860,买盘
273,10:05:48,4.3,0.0,7,3010,买盘
274,10:05:51,4.3,0.0,54,23220,买盘
275,10:05:54,4.3,0.0,9,3870,买盘
276,10:06:04,4.29,-0.01,11,4719,卖盘
277,10:06:19,4.3,0.01,16,6865,买盘
278,10:06:21,4.3,0.0,28,12040,买盘
279,10:06:24,4.29,-0.01,7,3005,卖盘
280,10:06:30,4.3,0.01,2,860,买盘
281,10:06:43,4.29,-0.01,16,6864,卖盘
282,10:07:00,4.29,0.0,8,3432,卖盘
283,10:07:03,4.3,0.01,47,20210,买盘
284,10:07:27,4.3,0.0,5,2150,卖盘
285,10:07:36,4.3,0.0,5,2150,卖盘
286,10:07:42,4.3,0.0,10,4300,卖盘
287,10:08:06,4.3,0.0,5,2150,卖盘
288,10:08:30,4.3,0.0,32,13760,卖盘
289,10:08:39,4.3,0.0,57,24510,卖盘
290,10:08:46,4.31,0.01,34,14649,买盘
291,10:09:10,4.29,-0.02,34,14586,卖盘
292,10:09:30,4.29,0.0,105,45233,卖盘
293,10:09:51,4.31,0.02,21,9051,买盘
294,10:09:54,4.29,-0.02,17,7293,卖盘
295,10:10:18,4.29,0.0,1,429,卖盘
296,10:10:33,4.29,0.0,11,4719,卖盘
297,10:10:39,4.3,0.01,2,860,买盘
298,10:10:42,4.3,0.0,21,9010,买盘
299,10:10:45,4.3,0.0,1,430,买盘
300,10:10:48,4.3,0.0,3,1290,买盘
301,10:10:57,4.3,0.0,39,16770,买盘
302,10:11:06,4.3,0.0,1,430,卖盘
303,10:11:16,4.3,0.0,12,5160,卖盘
304,10:11:33,4.29,-0.01,5,2145,卖盘
305,10:11:39,4.29,0.0,200,85800,卖盘
306,10:11:42,4.29,0.0,44,18876,卖盘
307,10:11:45,4.3,0.01,4,1720,买盘
308,10:11:54,4.29,-0.01,69,29601,卖盘
309,10:12:09,4.29,0.0,30,12870,买盘
310,10:12:12,4.28,-0.01,3,1284,卖盘
311,10:12:16,4.29,0.01,1,429,买盘
312,10:12:19,4.29,0.0,1,429,买盘
313,10:12:36,4.29,0.0,5,2145,卖盘
314,10:13:09,4.29,0.0,1,429,卖盘
315,10:13:21,4.29,0.0,10,4290,卖盘
316,10:13:39,4.29,0.0,19,8151,卖盘
317,10:13:48,4.31,0.02,117,50370,买盘
318,10:14:39,4.3,-0.01,57,24510,买盘
319,10:14:48,4.3,0.0,2,860,卖盘
320,10:15:09,4.3,0.0,1,430,卖盘
321,10:15:33,4.3,0.0,15,6450,卖盘
322,10:15:37,4.31,0.01,10,4310,买盘
323,10:15:42,4.3,-0.01,5,2150,卖盘
324,10:15:52,4.3,0.0,82,35260,卖盘
325,10:15:54,4.31,0.01,10,4310,买盘
326,10:16:06,4.31,0.0,1,431,买盘
327,10:16:15,4.3,-0.01,16,6880,卖盘
328,10:16:18,4.31,0.01,40,17219,买盘
329,10:16:24,4.29,-0.02,6,2574,卖盘
330,10:16:48,4.29,0.0,28,12012,卖盘
331,10:16:51,4.29,0.0,3,1287,买盘
332,10:16:57,4.3,0.01,100,42905,买盘
333,10:17:06,4.29,-0.01,7,3003,卖盘
334,10:17:12,4.29,0.0,3,1287,卖盘
335,10:17:19,4.3,0.01,6,2580,买盘
336,10:17:27,4.29,-0.01,5,2145,卖盘
337,10:17:45,4.29,0.0,5,2145,卖盘
338,10:18:09,4.29,0.0,3,1287,卖盘
339,10:18:21,4.29,0.0,34,14586,卖盘
340,10:18:42,4.3,0.01,11,4730,买盘
341,10:18:48,4.3,0.0,15,6445,买盘
342,10:19:12,4.3,0.0,30,12900,买盘
343,10:19:33,4.29,-0.01,27,11583,卖盘
344,10:19:46,4.3,0.01,20,8596,买盘
345,10:19:48,4.29,-0.01,5,2145,卖盘
346,10:19:51,4.29,0.0,9,3861,卖盘
347,10:19:54,4.29,0.0,5,2145,卖盘
348,10:19:57,4.29,0.0,17,7293,卖盘
349,10:20:01,4.29,0.0,5,2145,卖盘
350,10:20:04,4.29,0.0,5,2145,卖盘
351,10:20:07,4.29,0.0,5,2145,卖盘
352,10:20:09,4.29,0.0,5,2145,卖盘
353,10:20:15,4.3,0.01,69,29670,买盘
354,10:20:21,4.3,0.0,17,7310,卖盘
355,10:20:51,4.3,0.0,18,7740,卖盘
356,10:20:54,4.3,0.0,2,860,卖盘
357,10:21:01,4.3,0.0,98,42140,卖盘
358,10:21:39,4.3,0.0,10,4300,卖盘
359,10:21:54,4.3,0.0,5,2150,卖盘
360,10:22:09,4.31,0.01,1,431,买盘
361,10:22:12,4.3,-0.01,3,1290,卖盘
362,10:22:21,4.3,0.0,1,430,卖盘
363,10:22:54,4.3,0.0,5,2150,卖盘
364,10:23:27,4.3,0.0,15,6450,卖盘
365,10:23:30,4.3,0.0,26,11180,卖盘
366,10:23:33,4.3,0.0,411,176730,卖盘
367,10:23:57,4.3,0.0,5,2150,中性盘
368,10:24:04,4.3,0.0,23,9890,卖盘
369,10:24:06,4.3,0.0,4,1720,卖盘
370,10:24:09,4.3,0.0,27,11610,卖盘
371,10:24:12,4.29,-0.01,24,10296,卖盘
372,10:24:24,4.29,0.0,10,4290,卖盘
373,10:25:00,4.29,0.0,5,2145,卖盘
374,10:25:24,4.29,0.0,10,4290,卖盘
375,10:25:27,4.29,0.0,1,429,卖盘
376,10:25:30,4.29,0.0,7,3003,卖盘
377,10:25:36,4.3,0.01,12,5160,买盘
378,10:26:00,4.29,-0.01,5,2145,卖盘
379,10:26:27,4.29,0.0,6,2574,卖盘
380,10:26:42,4.29,0.0,10,4290,卖盘
381,10:27:04,4.29,0.0,6,2574,卖盘
382,10:27:06,4.29,0.0,52,22308,卖盘
383,10:27:09,4.29,0.0,1,429,买盘
384,10:27:12,4.28,-0.01,4,1713,卖盘
385,10:27:15,4.29,0.01,1,429,买盘
386,10:27:24,4.29,0.0,20,8580,买盘
387,10:27:51,4.29,0.0,2,858,卖盘
388,10:27:57,4.29,0.0,1,429,卖盘
389,10:28:06,4.28,-0.01,5,2140,卖盘
390,10:28:16,4.29,0.01,38,16302,买盘
391,10:28:30,4.29,0.0,1,429,卖盘
392,10:29:06,4.28,-0.01,5,2140,卖盘
393,10:29:15,4.28,0.0,20,8560,卖盘
394,10:30:00,4.28,0.0,4,1712,卖盘
395,10:30:09,4.28,0.0,5,2140,卖盘
396,10:30:18,4.28,0.0,393,168204,卖盘
397,10:30:21,4.28,0.0,18,7704,卖盘
398,10:30:30,4.28,0.0,8,3424,卖盘
399,10:30:33,4.28,0.0,11,4708,卖盘
400,10:30:45,4.28,0.0,96,41088,卖盘
401,10:30:48,4.28,0.0,1,428,卖盘
402,10:30:51,4.28,0.0,15,6420,卖盘
403,10:30:54,4.28,0.0,29,12412,卖盘
404,10:31:00,4.28,0.0,5,2140,卖盘
405,10:31:09,4.28,0.0,5,2140,卖盘
406,10:31:12,4.28,0.0,23,9844,卖盘
407,10:31:16,4.28,0.0,16,6848,卖盘
408,10:31:37,4.28,0.0,286,122408,卖盘
409,10:31:45,4.28,0.0,24,10272,买盘
410,10:31:48,4.27,-0.01,132,56364,卖盘
411,10:31:55,4.28,0.01,39,16692,买盘
412,10:32:01,4.27,-0.01,66,28182,卖盘
413,10:32:04,4.27,0.0,39,16653,卖盘
414,10:32:09,4.27,0.0,41,17507,卖盘
415,10:32:12,4.27,0.0,8,3416,卖盘
416,10:32:19,4.28,0.01,20,8560,买盘
417,10:32:36,4.27,-0.01,11,4697,卖盘
418,10:33:03,4.27,0.0,3,1281,卖盘
419,10:33:06,4.27,0.0,29,12383,卖盘
420,10:33:15,4.27,0.0,5,2135,卖盘
421,10:33:30,4.27,0.0,70,29890,卖盘
422,10:33:36,4.27,0.0,10,4270,卖盘
423,10:33:39,4.27,0.0,44,18788,卖盘
424,10:33:42,4.27,0.0,3,1281,卖盘
425,10:34:00,4.27,0.0,19,8113,卖盘
426,10:34:12,4.27,0.0,11,4690,买盘
427,10:34:15,4.27,0.0,5,2135,卖盘
428,10:34:18,4.27,0.0,1,427,卖盘
429,10:34:22,4.27,0.0,20,8540,卖盘
430,10:34:31,4.26,-0.01,77,32802,卖盘
431,10:34:33,4.27,0.01,10,4270,中性盘
432,10:34:36,4.26,-0.01,14,5964,卖盘
433,10:34:39,4.26,0.0,84,35834,卖盘
434,10:34:42,4.26,0.0,12,5112,卖盘
435,10:34:45,4.26,0.0,3,1278,卖盘
436,10:35:01,4.26,0.0,73,31098,卖盘
437,10:35:06,4.26,0.0,29,12354,卖盘
438,10:35:09,4.26,0.0,34,14484,卖盘
439,10:35:18,4.26,0.0,5,2130,卖盘
440,10:35:21,4.27,0.01,19,8113,买盘
441,10:35:33,4.27,0.0,1,427,买盘
442,10:35:36,4.27,0.0,19,8113,卖盘
443,10:35:39,4.26,-0.01,1,426,卖盘
444,10:35:42,4.27,0.01,4,1708,卖盘
445,10:35:49,4.27,0.0,23,9821,卖盘
446,10:35:51,4.27,0.0,3,1281,卖盘
447,10:35:57,4.27,0.0,18,7686,卖盘
448,10:36:04,4.26,-0.01,5,2130,卖盘
449,10:36:25,4.26,0.0,1,426,卖盘
450,10:36:33,4.26,0.0,1,426,卖盘
451,10:36:36,4.26,0.0,272,115872,卖盘
452,10:36:45,4.26,0.0,20,8520,买盘
453,10:36:57,4.26,0.0,20,8520,买盘
454,10:37:03,4.26,0.0,50,21300,买盘
455,10:37:06,4.26,0.0,25,10650,买盘
456,10:37:10,4.26,0.0,41,17466,买盘
457,10:37:12,4.26,0.0,3,1278,卖盘
458,10:37:21,4.26,0.0,5,2130,卖盘
459,10:37:30,4.26,0.0,30,12780,卖盘
460,10:38:00,4.27,0.01,37,15799,买盘
461,10:38:24,4.27,0.0,5,2135,卖盘
462,10:38:30,4.27,0.0,7,2989,卖盘
463,10:38:42,4.27,0.0,51,21777,卖盘
464,10:40:24,4.27,0.0,20,8540,买盘
465,10:40:28,4.26,-0.01,5,2130,卖盘
466,10:41:04,4.27,0.01,6,2562,买盘
467,10:41:12,4.27,0.0,2,854,卖盘
468,10:41:18,4.26,-0.01,42,17892,卖盘
469,10:41:30,4.26,0.0,5,2130,卖盘
470,10:42:06,4.26,0.0,9,3834,卖盘
471,10:42:18,4.26,0.0,3,1278,卖盘
472,10:42:21,4.26,0.0,37,15762,卖盘
473,10:42:24,4.26,0.0,1,426,卖盘
474,10:42:30,4.26,0.0,5,2130,卖盘
475,10:43:33,4.26,0.0,5,2130,卖盘
476,10:43:39,4.26,0.0,98,41748,卖盘
477,10:44:00,4.26,0.0,49,20874,买盘
478,10:44:21,4.26,0.0,30,12780,买盘
479,10:44:24,4.26,0.0,6,2556,买盘
480,10:44:27,4.26,0.0,2,852,买盘
481,10:44:39,4.26,0.0,1,426,买盘
482,10:44:42,4.26,0.0,1,426,买盘
483,10:44:55,4.26,0.0,9,3834,买盘
484,10:44:58,4.26,0.0,7,2982,卖盘
485,10:45:36,4.26,0.0,5,2130,卖盘
486,10:45:48,4.26,0.0,10,4260,卖盘
487,10:46:04,4.26,0.0,9,3834,卖盘
488,10:46:33,4.26,0.0,1,426,卖盘
489,10:46:36,4.26,0.0,4,1704,卖盘
490,10:46:39,4.26,0.0,5,2130,卖盘
491,10:46:46,4.27,0.01,51,21777,买盘
492,10:47:12,4.26,-0.01,3,1278,卖盘
493,10:47:42,4.26,0.0,5,2130,卖盘
494,10:48:42,4.26,0.0,5,2130,卖盘
495,10:48:51,4.26,0.0,100,42600,卖盘
496,10:49:21,4.26,0.0,9,3834,卖盘
497,10:49:45,4.26,0.0,5,2130,卖盘
498,10:49:55,4.26,0.0,1,426,卖盘
499,10:50:15,4.26,0.0,1,426,卖盘
500,10:50:45,4.26,0.0,1,426,卖盘
501,10:50:48,4.26,0.0,5,2130,卖盘
502,10:51:07,4.26,0.0,1,426,卖盘
503,10:51:33,4.27,0.01,3,1281,买盘
504,10:51:48,4.26,-0.01,5,2130,卖盘
505,10:52:12,4.26,0.0,3,1278,卖盘
506,10:52:16,4.26,0.0,13,5538,卖盘
507,10:52:18,4.26,0.0,2,852,卖盘
508,10:52:51,4.26,0.0,5,2130,卖盘
509,10:53:04,4.26,0.0,2,852,卖盘
510,10:53:37,4.27,0.01,40,17080,买盘
511,10:53:54,4.26,-0.01,5,2130,卖盘
512,10:53:57,4.27,0.01,51,21777,买盘
513,10:54:36,4.28,0.01,52,22256,买盘
514,10:54:45,4.28,0.0,6,2568,买盘
515,10:54:54,4.27,-0.01,5,2135,卖盘
516,10:54:57,4.28,0.01,26,11128,买盘
517,10:55:12,4.27,-0.01,41,17507,卖盘
518,10:55:15,4.27,0.0,59,25193,买盘
519,10:55:54,4.27,0.0,5,2135,卖盘
520,10:55:57,4.28,0.01,26,11128,买盘
521,10:56:15,4.27,-0.01,12,5124,卖盘
522,10:56:57,4.27,0.0,5,2135,卖盘
523,10:57:12,4.27,0.0,3,1281,卖盘
524,10:57:33,4.27,0.0,5,2135,卖盘
525,10:57:54,4.28,0.01,6,2568,买盘
526,10:57:57,4.28,0.0,8,3424,买盘
527,10:58:00,4.27,-0.01,4,1708,卖盘
528,10:58:03,4.27,0.0,1,427,买盘
529,10:58:42,4.26,-0.01,7,2988,卖盘
530,10:59:04,4.27,0.01,5,2135,买盘
531,10:59:33,4.26,-0.01,1,426,卖盘
532,10:59:48,4.26,0.0,1,426,卖盘
533,10:59:52,4.26,0.0,1,426,卖盘
534,10:59:55,4.26,0.0,1,426,卖盘
535,10:59:57,4.26,0.0,1,426,卖盘
536,11:00:00,4.26,0.0,1,426,卖盘
537,11:00:03,4.27,0.01,6,2561,买盘
538,11:00:10,4.26,-0.01,1,426,卖盘
539,11:00:13,4.26,0.0,1,426,卖盘
540,11:00:42,4.26,0.0,20,8520,卖盘
541,11:01:09,4.27,0.01,1,427,买盘
542,11:01:12,4.27,0.0,7,2989,买盘
543,11:01:19,4.28,0.01,1,428,买盘
544,11:01:36,4.26,-0.02,16,6816,卖盘
545,11:02:06,4.27,0.01,5,2135,卖盘
546,11:02:09,4.28,0.01,1,428,买盘
547,11:02:13,4.27,-0.01,3,1281,卖盘
548,11:02:48,4.27,0.0,42,17934,卖盘
549,11:03:04,4.27,0.0,31,13237,买盘
550,11:03:09,4.27,0.0,5,2135,卖盘
551,11:04:09,4.27,0.0,10,4270,卖盘
552,11:05:06,4.28,0.01,70,29960,买盘
553,11:05:18,4.27,-0.01,2,854,卖盘
554,11:06:04,4.28,0.01,37,15836,买盘
555,11:06:27,4.27,-0.01,30,12810,卖盘
556,11:07:10,4.27,0.0,47,20069,卖盘
557,11:07:15,4.27,0.0,8,3416,卖盘
558,11:07:18,4.27,0.0,30,12810,卖盘
559,11:08:13,4.28,0.01,6,2568,买盘
560,11:08:16,4.28,0.0,5,2140,卖盘
561,11:09:00,4.28,0.0,1,428,卖盘
562,11:09:16,4.28,0.0,1,428,卖盘
563,11:10:00,4.27,-0.01,1,427,卖盘
564,11:10:03,4.27,0.0,1,427,卖盘
565,11:10:06,4.27,0.0,1,427,卖盘
566,11:10:09,4.27,0.0,1,427,卖盘
567,11:10:12,4.28,0.01,17,7275,买盘
568,11:10:19,4.28,0.0,5,2140,卖盘
569,11:10:24,4.28,0.0,3,1284,卖盘
570,11:11:00,4.29,0.01,200,85800,买盘
571,11:11:12,4.28,-0.01,11,4708,卖盘
572,11:11:21,4.28,0.0,5,2140,卖盘
573,11:11:24,4.29,0.01,147,63031,买盘
574,11:11:36,4.29,0.0,50,21450,买盘
575,11:12:06,4.29,0.0,3,1287,买盘
576,11:12:09,4.29,0.0,147,63063,卖盘
577,11:12:13,4.29,0.0,3,1287,卖盘
578,11:12:21,4.29,0.0,5,2145,卖盘
579,11:12:54,4.29,0.0,2,858,卖盘
580,11:12:57,4.29,0.0,2,858,卖盘
581,11:13:18,4.29,0.0,9,3861,卖盘
582,11:13:21,4.29,0.0,1,429,买盘
583,11:13:24,4.29,0.0,5,2145,卖盘
584,11:13:33,4.29,0.0,29,12441,卖盘
585,11:13:36,4.29,0.0,9,3861,卖盘
586,11:13:39,4.29,0.0,10,4290,卖盘
587,11:13:43,4.29,0.0,1,429,卖盘
588,11:13:46,4.29,0.0,1,429,卖盘
589,11:13:48,4.29,0.0,1,429,卖盘
590,11:14:07,4.29,0.0,3,1287,卖盘
591,11:14:24,4.28,-0.01,5,2140,卖盘
592,11:14:54,4.28,0.0,34,14552,卖盘
593,11:15:25,4.28,0.0,2,856,卖盘
594,11:15:28,4.28,0.0,5,2140,卖盘
595,11:15:31,4.28,0.0,11,4708,卖盘
596,11:16:30,4.28,0.0,5,2140,卖盘
597,11:17:15,4.28,0.0,3,1284,卖盘
598,11:17:30,4.28,0.0,5,2140,卖盘
599,11:17:57,4.28,0.0,1,428,卖盘
600,11:18:33,4.28,0.0,5,2140,卖盘
601,11:18:42,4.28,0.0,18,7704,卖盘
602,11:18:51,4.28,0.0,1,428,卖盘
603,11:19:36,4.28,0.0,5,2140,卖盘
604,11:19:57,4.28,0.0,1,428,卖盘
605,11:20:00,4.28,0.0,1,428,卖盘
606,11:20:03,4.28,0.0,1,428,卖盘
607,11:20:06,4.28,0.0,1,428,卖盘
608,11:20:09,4.28,0.0,1,428,卖盘
609,11:20:12,4.28,0.0,1,428,卖盘
610,11:20:30,4.28,0.0,1,428,卖盘
611,11:20:36,4.28,0.0,21,9004,卖盘
612,11:21:39,4.28,0.0,5,2140,卖盘
613,11:21:42,4.28,0.0,2,856,卖盘
614,11:21:45,4.28,0.0,2,856,卖盘
615,11:21:48,4.28,0.0,2,856,卖盘
616,11:21:51,4.28,0.0,2,856,卖盘
617,11:21:54,4.28,0.0,2,856,卖盘
618,11:21:58,4.28,0.0,3,1284,卖盘
619,11:22:01,4.28,0.0,3,1284,卖盘
620,11:22:04,4.28,0.0,3,1284,卖盘
621,11:22:06,4.28,0.0,4,1712,卖盘
622,11:22:09,4.28,0.0,3,1284,卖盘
623,11:22:12,4.28,0.0,3,1284,卖盘
624,11:22:15,4.28,0.0,6,2568,卖盘
625,11:22:18,4.28,0.0,4,1712,卖盘
626,11:22:21,4.28,0.0,4,1712,卖盘
627,11:22:24,4.28,0.0,4,1712,卖盘
628,11:22:27,4.28,0.0,4,1712,卖盘
629,11:22:30,4.28,0.0,4,1712,卖盘
630,11:22:33,4.28,0.0,5,2140,卖盘
631,11:22:36,4.28,0.0,5,2140,卖盘
632,11:22:39,4.28,0.0,5,2140,卖盘
633,11:22:42,4.28,0.0,10,4280,卖盘
634,11:22:45,4.28,0.0,6,2568,卖盘
635,11:22:48,4.28,0.0,135,57780,卖盘
636,11:22:51,4.27,-0.01,12,5124,卖盘
637,11:23:12,4.27,0.0,1,427,卖盘
638,11:23:42,4.27,0.0,5,2135,卖盘
639,11:23:51,4.27,0.0,1,427,卖盘
640,11:24:00,4.27,0.0,3,1281,卖盘
641,11:24:33,4.27,0.0,20,8540,卖盘
642,11:24:45,4.27,0.0,5,2135,卖盘
643,11:24:57,4.27,0.0,10,4270,卖盘
644,11:25:49,4.27,0.0,5,2135,卖盘
645,11:25:51,4.27,0.0,1,427,卖盘
646,11:26:48,4.27,0.0,5,2135,卖盘
647,11:27:15,4.27,0.0,3,1281,卖盘
648,11:27:27,4.27,0.0,1,427,卖盘
649,11:27:51,4.27,0.0,5,2135,卖盘
650,11:28:51,4.27,0.0,1,427,卖盘
651,11:28:54,4.27,0.0,16,6832,卖盘
652,11:29:12,4.27,0.0,1,427,卖盘
653,11:29:30,4.27,0.0,14,5978,卖盘
654,11:29:54,4.27,0.0,5,2135,卖盘
655,13:00:04,4.27,0.0,49,20934,卖盘
656,13:00:36,4.27,0.0,15,6405,卖盘
657,13:00:54,4.27,0.0,16,6832,卖盘
658,13:00:57,4.27,0.0,5,2135,卖盘
659,13:01:30,4.27,0.0,1,427,卖盘
660,13:01:33,4.27,0.0,3,1281,卖盘
661,13:01:36,4.27,0.0,3,1281,卖盘
662,13:01:39,4.27,0.0,5,2135,卖盘
663,13:01:42,4.27,0.0,3,1281,卖盘
664,13:01:45,4.27,0.0,3,1281,卖盘
665,13:01:48,4.27,0.0,3,1281,卖盘
666,13:01:51,4.27,0.0,4,1708,卖盘
667,13:01:54,4.27,0.0,4,1708,卖盘
668,13:01:57,4.27,0.0,9,3843,卖盘
669,13:02:00,4.27,0.0,4,1708,卖盘
670,13:02:04,4.27,0.0,1,427,卖盘
671,13:02:06,4.27,0.0,1,427,卖盘
672,13:02:09,4.27,0.0,2,854,卖盘
673,13:02:12,4.27,0.0,3,1281,卖盘
674,13:02:15,4.27,0.0,3,1281,卖盘
675,13:02:18,4.27,0.0,2,854,卖盘
676,13:02:27,4.28,0.01,18,7704,买盘
677,13:02:51,4.27,-0.01,3,1281,卖盘
678,13:03:00,4.27,0.0,5,2135,卖盘
679,13:03:09,4.27,0.0,17,7259,卖盘
680,13:03:21,4.27,0.0,1,427,卖盘
681,13:03:51,4.27,0.0,3,1281,卖盘
682,13:03:57,4.27,0.0,25,10675,卖盘
683,13:04:04,4.27,0.0,5,2135,卖盘
684,13:04:39,4.28,0.01,34,14548,买盘
685,13:05:04,4.27,-0.01,5,2135,卖盘
686,13:05:09,4.27,0.0,1,427,卖盘
687,13:05:18,4.27,0.0,1,427,卖盘
688,13:05:48,4.27,0.0,147,62769,卖盘
689,13:05:51,4.27,0.0,15,6405,买盘
690,13:06:07,4.26,-0.01,5,2130,卖盘
691,13:06:12,4.27,0.01,2,854,买盘
692,13:06:21,4.26,-0.01,2,853,卖盘
693,13:06:48,4.26,0.0,5,2130,卖盘
694,13:07:06,4.26,0.0,5,2130,卖盘
695,13:07:09,4.26,0.0,196,83496,卖盘
696,13:07:15,4.26,0.0,3,1278,卖盘
697,13:07:54,4.26,0.0,100,42600,卖盘
698,13:08:09,4.26,0.0,5,2130,卖盘
699,13:08:51,4.26,0.0,15,6390,卖盘
700,13:09:10,4.27,0.01,40,17080,买盘
701,13:09:18,4.27,0.0,1,427,卖盘
702,13:09:33,4.27,0.0,1,427,卖盘
703,13:09:57,4.27,0.0,1,427,卖盘
704,13:10:12,4.27,0.0,5,2135,卖盘
705,13:10:15,4.27,0.0,1,427,卖盘
706,13:10:18,4.27,0.0,17,7259,卖盘
707,13:11:16,4.27,0.0,5,2135,中性盘
708,13:11:21,4.27,0.0,1,427,卖盘
709,13:11:51,4.27,0.0,1,427,卖盘
710,13:12:15,4.26,-0.01,8,3408,卖盘
711,13:12:42,4.27,0.01,1,427,买盘
712,13:12:45,4.27,0.0,7,2989,买盘
713,13:13:04,4.26,-0.01,1,426,卖盘
714,13:13:06,4.27,0.01,4,1708,买盘
715,13:13:09,4.27,0.0,2,854,买盘
716,13:13:12,4.27,0.0,1,427,卖盘
717,13:13:18,4.26,-0.01,5,2130,卖盘
718,13:13:39,4.27,0.01,41,17507,买盘
719,13:13:42,4.27,0.0,14,5978,买盘
720,13:14:03,4.27,0.0,23,9821,买盘
721,13:14:10,4.27,0.0,1,427,卖盘
722,13:14:13,4.27,0.0,1,427,卖盘
723,13:14:15,4.27,0.0,6,2562,卖盘
724,13:14:18,4.27,0.0,11,4697,卖盘
725,13:14:21,4.27,0.0,3,1281,卖盘
726,13:14:27,4.27,0.0,69,29463,卖盘
727,13:14:49,4.27,0.0,361,154146,买盘
728,13:15:21,4.26,-0.01,215,91790,卖盘
729,13:15:24,4.27,0.01,80,34160,买盘
730,13:15:57,4.27,0.0,100,42700,买盘
731,13:16:00,4.27,0.0,15,6405,买盘
732,13:16:15,4.26,-0.01,4,1704,卖盘
733,13:16:24,4.27,0.01,114,48678,买盘
734,13:16:33,4.27,0.0,34,14518,卖盘
735,13:17:15,4.27,0.0,3,1281,卖盘
736,13:17:30,4.27,0.0,314,134078,卖盘
737,13:17:33,4.27,0.0,2,854,买盘
738,13:18:06,4.27,0.0,24,10248,买盘
739,13:18:09,4.26,-0.01,4,1704,卖盘
740,13:18:48,4.26,0.0,6,2556,卖盘
741,13:19:12,4.26,0.0,16,6816,卖盘
742,13:19:21,4.26,0.0,10,4260,卖盘
743,13:19:24,4.26,0.0,19,8094,卖盘
744,13:19:36,4.26,0.0,6,2556,卖盘
745,13:19:42,4.26,0.0,1,426,卖盘
746,13:19:45,4.26,0.0,8,3408,卖盘
747,13:20:06,4.27,0.01,1,427,买盘
748,13:20:27,4.26,-0.01,14,5964,卖盘
749,13:21:13,4.26,0.0,24,10224,卖盘
750,13:22:06,4.26,0.0,1,426,卖盘
751,13:22:15,4.26,0.0,3,1278,卖盘
752,13:22:21,4.27,0.01,25,10675,买盘
753,13:22:42,4.26,-0.01,208,88608,卖盘
754,13:23:21,4.27,0.01,25,10675,买盘
755,13:23:39,4.27,0.0,11,4697,买盘
756,13:23:57,4.26,-0.01,14,5964,卖盘
757,13:24:15,4.26,0.0,40,17040,卖盘
758,13:24:27,4.26,0.0,1,426,卖盘
759,13:24:36,4.27,0.01,20,8540,买盘
760,13:24:45,4.26,-0.01,1,426,卖盘
761,13:25:21,4.26,0.0,4,1704,卖盘
762,13:25:33,4.26,0.0,62,26412,卖盘
763,13:26:00,4.26,0.0,25,10650,卖盘
764,13:26:03,4.27,0.01,5,2135,买盘
765,13:26:09,4.27,0.0,4,1708,买盘
766,13:27:10,4.26,-0.01,16,6816,卖盘
767,13:27:16,4.26,0.0,4,1704,卖盘
768,13:28:12,4.26,0.0,8,3408,卖盘
769,13:29:06,4.26,0.0,1,426,卖盘
770,13:29:36,4.26,0.0,5,2130,卖盘
771,13:29:57,4.26,0.0,1,426,卖盘
772,13:30:36,4.27,0.01,65,27755,买盘
773,13:30:57,4.27,0.0,20,8540,买盘
774,13:31:00,4.27,0.0,32,13664,买盘
775,13:31:07,4.27,0.0,13,5551,买盘
776,13:31:10,4.27,0.0,76,32452,买盘
777,13:31:15,4.27,0.0,12,5124,卖盘
778,13:32:15,4.27,0.0,3,1281,卖盘
779,13:32:36,4.27,0.0,1,427,卖盘
780,13:32:51,4.28,0.01,100,42800,买盘
781,13:33:27,4.27,-0.01,51,21777,卖盘
782,13:34:03,4.27,0.0,7,2989,卖盘
783,13:34:12,4.27,0.0,7,2989,卖盘
784,13:34:21,4.27,0.0,98,41846,卖盘
785,13:34:30,4.27,0.0,4,1708,买盘
786,13:34:42,4.26,-0.01,33,14058,卖盘
787,13:34:48,4.26,0.0,507,215982,卖盘
788,13:34:51,4.26,0.0,13,5538,卖盘
789,13:34:54,4.26,0.0,27,11502,卖盘
790,13:35:15,4.25,-0.01,1,425,卖盘
791,13:35:21,4.26,0.01,33,14058,买盘
792,13:35:33,4.26,0.0,7,2982,卖盘
793,13:37:06,4.25,-0.01,58,24650,卖盘
794,13:37:15,4.25,0.0,3,1275,卖盘
795,13:37:39,4.26,0.01,6,2556,中性盘
796,13:37:45,4.25,-0.01,712,302600,卖盘
797,13:37:48,4.25,0.0,70,29750,卖盘
798,13:38:36,4.25,0.0,28,11900,卖盘
799,13:39:15,4.25,0.0,14,5950,卖盘
800,13:39:18,4.25,0.0,14,5950,卖盘
801,13:39:51,4.25,0.0,7,2975,卖盘
802,13:39:54,4.26,0.01,159,67734,买盘
803,13:39:57,4.26,0.0,22,9372,卖盘
804,13:40:00,4.26,0.0,11,4686,卖盘
805,13:40:12,4.26,0.0,34,14484,卖盘
806,13:40:15,4.26,0.0,21,8946,卖盘
807,13:40:28,4.25,-0.01,1,425,卖盘
808,13:40:39,4.25,0.0,9,3825,卖盘
809,13:40:48,4.25,0.0,60,25500,卖盘
810,13:42:16,4.25,0.0,3,1275,卖盘
811,13:42:18,4.25,0.0,2,850,卖盘
812,13:42:28,4.25,0.0,8,3400,卖盘
813,13:43:06,4.25,0.0,1,425,卖盘
814,13:43:09,4.25,0.0,20,8500,卖盘
815,13:44:48,4.25,0.0,21,8925,卖盘
816,13:44:51,4.25,0.0,18,7650,卖盘
817,13:45:10,4.25,0.0,8,3400,卖盘
818,13:45:36,4.25,0.0,1,425,卖盘
819,13:46:55,4.26,0.01,100,42600,买盘
820,13:46:58,4.25,-0.01,5,2125,卖盘
821,13:47:15,4.25,0.0,3,1275,卖盘
822,13:47:39,4.25,0.0,2,850,卖盘
823,13:47:55,4.25,0.0,7,2975,卖盘
824,13:48:15,4.25,0.0,1,425,卖盘
825,13:48:42,4.25,0.0,8,3400,卖盘
826,13:49:00,4.26,0.01,82,34932,买盘
827,13:49:25,4.26,0.0,18,7668,卖盘
828,13:50:57,4.26,0.0,82,34931,买盘
829,13:51:21,4.25,-0.01,43,18275,卖盘
830,13:52:00,4.25,0.0,3,1275,卖盘
831,13:52:03,4.25,0.0,2,850,卖盘
832,13:52:15,4.25,0.0,3,1275,卖盘
833,13:52:30,4.25,0.0,39,16575,卖盘
834,13:52:51,4.25,0.0,7,2975,卖盘
835,13:53:42,4.25,0.0,1,425,卖盘
836,13:54:00,4.25,0.0,1,425,卖盘
837,13:54:04,4.25,0.0,1,425,卖盘
838,13:54:06,4.25,0.0,1,425,卖盘
839,13:54:09,4.25,0.0,1,425,卖盘
840,13:54:12,4.25,0.0,1,425,卖盘
841,13:54:16,4.25,0.0,1,425,卖盘
842,13:54:18,4.25,0.0,1,425,卖盘
843,13:54:21,4.25,0.0,1,425,卖盘
844,13:54:24,4.25,0.0,1,425,卖盘
845,13:54:27,4.25,0.0,1,425,卖盘
846,13:56:06,4.25,0.0,2,850,卖盘
847,13:56:39,4.26,0.01,83,35358,买盘
848,13:57:04,4.25,-0.01,7,2975,卖盘
849,13:57:15,4.25,0.0,3,1275,卖盘
850,13:57:21,4.25,0.0,10,4250,卖盘
851,13:57:33,4.26,0.01,50,21300,买盘
852,13:58:45,4.25,-0.01,1,425,卖盘
853,13:58:54,4.26,0.01,20,8520,买盘
854,13:59:39,4.25,-0.01,201,85425,卖盘
855,14:00:36,4.25,0.0,1,425,卖盘
856,14:00:39,4.25,0.0,20,8500,卖盘
857,14:01:30,4.25,0.0,1,425,卖盘
858,14:01:46,4.26,0.01,2,852,买盘
859,14:01:57,4.25,-0.01,2,850,卖盘
860,14:02:16,4.25,0.0,3,1275,卖盘
861,14:02:18,4.26,0.01,28,11928,买盘
862,14:02:27,4.25,-0.01,10,4250,卖盘
863,14:02:36,4.25,0.0,37,15725,卖盘
864,14:02:52,4.26,0.01,1,426,买盘
865,14:03:12,4.25,-0.01,27,11475,卖盘
866,14:03:18,4.26,0.01,14,5964,买盘
867,14:03:48,4.25,-0.01,14,5950,卖盘
868,14:03:51,4.25,0.0,1,425,卖盘
869,14:04:04,4.25,0.0,3,1275,卖盘
870,14:04:06,4.25,0.0,3,1275,卖盘
871,14:04:09,4.25,0.0,3,1275,卖盘
872,14:04:12,4.25,0.0,3,1275,卖盘
873,14:04:24,4.26,0.01,1,426,买盘
874,14:04:27,4.26,0.0,2,852,买盘
875,14:04:57,4.25,-0.01,1,425,卖盘
876,14:05:21,4.25,0.0,3,1275,卖盘
877,14:05:34,4.26,0.01,68,28968,买盘
878,14:05:42,4.26,0.0,1,426,卖盘
879,14:05:45,4.26,0.0,2,852,卖盘
880,14:05:48,4.26,0.0,2,852,卖盘
881,14:05:51,4.26,0.0,6,2556,卖盘
882,14:06:18,4.26,0.0,1,426,卖盘
883,14:06:21,4.25,-0.01,25,10645,卖盘
884,14:06:30,4.25,0.0,1,425,卖盘
885,14:07:15,4.25,0.0,3,1275,卖盘
886,14:09:15,4.25,0.0,1,425,卖盘
887,14:10:00,4.26,0.01,33,14058,买盘
888,14:10:21,4.25,-0.01,100,42500,卖盘
889,14:10:30,4.26,0.01,1,426,中性盘
890,14:11:06,4.27,0.01,18,7686,买盘
891,14:11:12,4.25,-0.02,1,425,卖盘
892,14:11:15,4.26,0.01,2,852,买盘
893,14:11:19,4.26,0.0,9,3834,卖盘
894,14:11:30,4.25,-0.01,1,425,卖盘
895,14:11:36,4.26,0.01,8,3408,买盘
896,14:11:39,4.26,0.0,20,8520,卖盘
897,14:11:42,4.26,0.0,2,852,卖盘
898,14:11:51,4.26,0.0,8,3408,买盘
899,14:12:12,4.26,0.0,4,1704,买盘
900,14:12:15,4.26,0.0,7,2982,买盘
901,14:12:22,4.26,0.0,2,852,卖盘
902,14:12:24,4.26,0.0,9,3834,卖盘
903,14:12:27,4.26,0.0,3,1278,卖盘
904,14:12:42,4.25,-0.01,1,425,卖盘
905,14:13:18,4.26,0.01,9,3834,买盘
906,14:13:21,4.26,0.0,1,426,卖盘
907,14:13:36,4.25,-0.01,2,851,卖盘
908,14:14:06,4.25,0.0,2,850,卖盘
909,14:14:09,4.25,0.0,3,1275,卖盘
910,14:14:12,4.25,0.0,1,425,卖盘
911,14:14:15,4.26,0.01,10,4259,买盘
912,14:14:18,4.26,0.0,2,852,卖盘
913,14:14:21,4.25,-0.01,2,850,卖盘
914,14:14:24,4.25,0.0,2,850,卖盘
915,14:14:27,4.25,0.0,14,5950,卖盘
916,14:14:33,4.25,0.0,3,1275,卖盘
917,14:15:24,4.26,0.01,7,2982,买盘
918,14:15:28,4.26,0.0,1,426,卖盘
919,14:15:45,4.26,0.0,4,1704,卖盘
920,14:16:01,4.26,0.0,1,426,买盘
921,14:16:12,4.26,0.0,16,6816,卖盘
922,14:16:15,4.26,0.0,3,1278,卖盘
923,14:16:18,4.26,0.0,3,1278,卖盘
924,14:16:21,4.25,-0.01,500,212508,卖盘
925,14:16:33,4.27,0.02,47,20069,买盘
926,14:16:43,4.25,-0.02,1,425,卖盘
927,14:17:15,4.26,0.01,23,9798,买盘
928,14:17:39,4.26,0.0,13,5538,买盘
929,14:18:30,4.26,0.0,10,4260,买盘
930,14:18:36,4.26,0.0,3,1278,买盘
931,14:18:48,4.25,-0.01,16,6800,卖盘
932,14:18:51,4.26,0.01,12,5112,买盘
933,14:20:16,4.25,-0.01,2,850,卖盘
934,14:20:19,4.26,0.01,16,6816,买盘
935,14:21:06,4.25,-0.01,9,3825,卖盘
936,14:21:27,4.25,0.0,10,4250,卖盘
937,14:21:30,4.26,0.01,13,5538,买盘
938,14:21:42,4.25,-0.01,1,425,卖盘
939,14:21:48,4.25,0.0,1,425,卖盘
940,14:22:04,4.25,0.0,30,12750,卖盘
941,14:22:51,4.26,0.01,86,36636,买盘
942,14:22:55,4.27,0.01,19,8109,买盘
943,14:23:51,4.26,-0.01,36,15336,卖盘
944,14:24:00,4.26,0.0,5,2130,卖盘
945,14:24:04,4.26,0.0,4,1704,卖盘
946,14:24:06,4.27,0.01,13,5551,买盘
947,14:25:03,4.27,0.0,56,23912,买盘
948,14:25:06,4.27,0.0,255,108885,买盘
949,14:25:09,4.26,-0.01,6,2556,卖盘
950,14:25:18,4.26,0.0,7,2982,卖盘
951,14:25:21,4.27,0.01,13,5551,买盘
952,14:25:33,4.27,0.0,29,12383,买盘
953,14:25:42,4.27,0.0,89,38003,买盘
954,14:25:45,4.27,0.0,1,427,卖盘
955,14:26:04,4.27,0.0,1,427,卖盘
956,14:26:12,4.27,0.0,1,427,卖盘
957,14:26:39,4.28,0.01,14,5992,买盘
958,14:27:42,4.27,-0.01,97,41419,卖盘
959,14:27:45,4.27,0.0,2,854,卖盘
960,14:27:48,4.27,0.0,7,2989,卖盘
961,14:27:54,4.27,0.0,12,5124,卖盘
962,14:28:04,4.26,-0.01,2,853,卖盘
963,14:28:06,4.26,0.0,5,2130,卖盘
964,14:28:10,4.26,0.0,5,2130,卖盘
965,14:28:12,4.26,0.0,3,1278,卖盘
966,14:28:48,4.27,0.01,4,1708,买盘
967,14:29:03,4.27,0.0,7,2989,卖盘
968,14:29:37,4.26,-0.01,1,426,卖盘
969,14:29:51,4.27,0.01,193,82411,买盘
970,14:30:06,4.26,-0.01,7,2988,卖盘
971,14:30:28,4.27,0.01,12,5124,买盘
972,14:30:37,4.27,0.0,17,7259,买盘
973,14:30:42,4.27,0.0,15,6405,卖盘
974,14:30:45,4.27,0.0,124,52948,卖盘
975,14:31:21,4.26,-0.01,14,5964,卖盘
976,14:31:39,4.27,0.01,77,32879,买盘
977,14:31:42,4.27,0.0,27,11529,卖盘
978,14:31:58,4.27,0.0,1,427,卖盘
979,14:32:21,4.27,0.0,108,46116,卖盘
980,14:33:10,4.26,-0.01,8,3408,卖盘
981,14:33:27,4.27,0.01,14,5978,买盘
982,14:33:33,4.27,0.0,148,63196,买盘
983,14:33:36,4.27,0.0,4,1708,卖盘
984,14:33:39,4.27,0.0,2,854,卖盘
985,14:33:42,4.27,0.0,1,427,卖盘
986,14:34:07,4.27,0.0,1,427,卖盘
987,14:34:12,4.27,0.0,2,854,卖盘
988,14:34:34,4.27,0.0,24,10248,卖盘
989,14:34:39,4.27,0.0,29,12383,卖盘
990,14:35:12,4.28,0.01,620,265187,买盘
991,14:35:24,4.27,-0.01,37,15799,买盘
992,14:35:28,4.27,0.0,63,26901,卖盘
993,14:35:39,4.27,0.0,137,58499,买盘
994,14:35:46,4.26,-0.01,33,14071,卖盘
995,14:37:09,4.28,0.02,16,6848,买盘
996,14:37:45,4.27,-0.01,11,4697,卖盘
997,14:37:55,4.28,0.01,10,4280,买盘
998,14:37:57,4.27,-0.01,5,2135,卖盘
999,14:38:12,4.28,0.01,720,308126,买盘
1000,14:38:33,4.29,0.01,214,91806,买盘
1001,14:39:04,4.29,0.0,11,4719,买盘
1002,14:39:15,4.29,0.0,62,26598,买盘
1003,14:39:36,4.3,0.01,10,4300,买盘
1004,14:39:39,4.3,0.0,50,21500,买盘
1005,14:39:45,4.3,0.0,185,79550,买盘
1006,14:39:48,4.31,0.01,19,8181,买盘
1007,14:39:51,4.3,-0.01,1,430,卖盘
1008,14:39:54,4.3,0.0,1,430,卖盘
1009,14:39:57,4.3,0.0,1,430,卖盘
1010,14:40:00,4.3,0.0,1,430,卖盘
1011,14:40:04,4.3,0.0,1,430,卖盘
1012,14:40:06,4.3,0.0,1,430,卖盘
1013,14:40:09,4.3,0.0,1,430,卖盘
1014,14:40:12,4.3,0.0,1,430,卖盘
1015,14:40:15,4.31,0.01,3,1292,买盘
1016,14:40:19,4.3,-0.01,1,430,卖盘
1017,14:40:21,4.3,0.0,1,430,卖盘
1018,14:40:25,4.31,0.01,52,22412,买盘
1019,14:40:28,4.3,-0.01,1,430,卖盘
1020,14:40:30,4.3,0.0,1,430,卖盘
1021,14:40:33,4.3,0.0,1,430,卖盘
1022,14:40:36,4.3,0.0,1,430,卖盘
1023,14:40:39,4.3,0.0,1,430,卖盘
1024,14:40:42,4.31,0.01,11,4740,买盘
1025,14:40:45,4.31,0.0,41,17670,买盘
1026,14:40:51,4.31,0.0,240,103440,买盘
1027,14:41:04,4.31,0.0,47,20257,卖盘
1028,14:41:06,4.31,0.0,1,431,卖盘
1029,14:41:09,4.31,0.0,15,6465,卖盘
1030,14:41:12,4.31,0.0,7,3017,卖盘
1031,14:41:15,4.3,-0.01,1,430,卖盘
1032,14:41:27,4.31,0.01,3,1293,买盘
1033,14:41:33,4.31,0.0,18,7758,买盘
1034,14:41:36,4.31,0.0,1,431,卖盘
1035,14:41:39,4.31,0.0,6,2586,卖盘
1036,14:41:45,4.31,0.0,1,431,卖盘
1037,14:42:04,4.32,0.01,30,12960,买盘
1038,14:42:06,4.31,-0.01,7,3017,卖盘
1039,14:42:09,4.31,0.0,8,3448,卖盘
1040,14:42:13,4.31,0.0,12,5172,卖盘
1041,14:42:15,4.31,0.0,16,6896,卖盘
1042,14:42:18,4.31,0.0,16,6896,卖盘
1043,14:42:21,4.31,0.0,18,7758,卖盘
1044,14:42:24,4.32,0.01,66,28496,买盘
1045,14:42:27,4.31,-0.01,9,3879,卖盘
1046,14:42:30,4.31,0.0,9,3879,卖盘
1047,14:42:33,4.31,0.0,9,3879,卖盘
1048,14:42:36,4.32,0.01,186,80343,买盘
1049,14:42:45,4.32,0.0,16,6912,卖盘
1050,14:42:48,4.32,0.0,7,3024,卖盘
1051,14:43:04,4.32,0.0,41,17711,买盘
1052,14:43:06,4.32,0.0,43,18576,卖盘
1053,14:43:09,4.32,0.0,5,2160,买盘
1054,14:43:13,4.32,0.0,7,3024,卖盘
1055,14:43:15,4.32,0.0,1,432,卖盘
1056,14:43:18,4.32,0.0,7,3024,卖盘
1057,14:43:21,4.32,0.0,66,28512,买盘
1058,14:43:27,4.32,0.0,50,21600,买盘
1059,14:43:30,4.32,0.0,76,32832,买盘
1060,14:43:42,4.32,0.0,88,38016,卖盘
1061,14:43:45,4.32,0.0,1,432,卖盘
1062,14:43:48,4.32,0.0,17,7348,卖盘
1063,14:43:54,4.32,0.0,1,432,卖盘
1064,14:44:00,4.32,0.0,40,17280,卖盘
1065,14:44:31,4.31,-0.01,30,12930,卖盘
1066,14:44:42,4.3,-0.01,30,12900,卖盘
1067,14:44:45,4.3,0.0,20,8600,卖盘
1068,14:44:51,4.31,0.01,18,7758,中性盘
1069,14:45:03,4.31,0.0,131,56461,买盘
1070,14:45:16,4.31,0.0,5,2155,卖盘
1071,14:45:19,4.31,0.0,3,1293,卖盘
1072,14:45:39,4.32,0.01,20,8640,买盘
1073,14:45:48,4.32,0.0,1,432,买盘
1074,14:45:57,4.32,0.0,500,216000,买盘
1075,14:46:00,4.32,0.0,4,1728,买盘
1076,14:46:09,4.32,0.0,277,119397,买盘
1077,14:46:12,4.32,0.0,1,432,卖盘
1078,14:46:15,4.32,0.0,1,432,卖盘
1079,14:46:18,4.32,0.0,1,432,卖盘
1080,14:46:21,4.32,0.0,1,432,卖盘
1081,14:46:24,4.32,0.0,18,7776,卖盘
1082,14:47:42,4.32,0.0,102,44064,买盘
1083,14:47:45,4.33,0.01,120,51860,买盘
1084,14:48:12,4.33,0.0,20,8660,买盘
1085,14:48:27,4.33,0.0,10,4330,买盘
1086,14:48:30,4.33,0.0,337,145921,买盘
1087,14:48:36,4.33,0.0,69,29877,买盘
1088,14:48:39,4.32,-0.01,11,4752,卖盘
1089,14:48:45,4.32,0.0,33,14256,卖盘
1090,14:48:48,4.32,0.0,10,4320,买盘
1091,14:48:51,4.32,0.0,20,8640,买盘
1092,14:49:06,4.32,0.0,3,1299,买盘
1093,14:49:09,4.32,0.0,15,6480,买盘
1094,14:49:24,4.31,-0.01,37,15947,卖盘
1095,14:49:39,4.32,0.01,20,8640,买盘
1096,14:49:57,4.31,-0.01,31,13361,卖盘
1097,14:50:04,4.32,0.01,50,21600,买盘
1098,14:50:48,4.32,0.0,299,129168,买盘
1099,14:50:51,4.32,0.0,51,22032,卖盘
1100,14:50:58,4.32,0.0,72,31104,买盘
1101,14:51:04,4.32,0.0,23,9936,买盘
1102,14:51:07,4.33,0.01,419,181427,买盘
1103,14:51:15,4.33,0.0,4,1732,买盘
1104,14:51:25,4.34,0.01,157,68063,买盘
1105,14:51:33,4.33,-0.01,48,20784,买盘
1106,14:51:39,4.33,0.0,68,29444,买盘
1107,14:52:00,4.33,0.0,1,433,卖盘
1108,14:52:04,4.34,0.01,200,86800,买盘
1109,14:52:06,4.34,0.0,29,12586,卖盘
1110,14:52:09,4.34,0.0,4,1736,卖盘
1111,14:52:12,4.34,0.0,9,3906,卖盘
1112,14:52:16,4.35,0.01,340,147816,买盘
1113,14:52:18,4.35,0.0,3,1305,卖盘
1114,14:52:21,4.35,0.0,5,2175,卖盘
1115,14:52:24,4.35,0.0,3,1305,卖盘
1116,14:52:27,4.35,0.0,5,2175,卖盘
1117,14:52:30,4.35,0.0,58,25250,卖盘
1118,14:52:33,4.36,0.01,54,23536,买盘
1119,14:52:40,4.36,0.0,10,4360,买盘
1120,14:52:43,4.36,0.0,170,74100,买盘
1121,14:52:48,4.35,-0.01,1,435,卖盘
1122,14:52:51,4.35,0.0,4,1740,卖盘
1123,14:52:55,4.35,0.0,62,26970,卖盘
1124,14:52:57,4.35,0.0,57,24795,卖盘
1125,14:53:00,4.36,0.01,1,436,买盘
1126,14:53:04,4.35,-0.01,2,870,卖盘
1127,14:53:06,4.35,0.0,2,870,卖盘
1128,14:53:09,4.35,0.0,1,435,卖盘
1129,14:53:12,4.35,0.0,3,1305,卖盘
1130,14:53:19,4.35,0.0,5,2179,卖盘
1131,14:53:27,4.36,0.01,38,16546,买盘
1132,14:53:30,4.35,-0.01,24,10440,卖盘
1133,14:53:33,4.36,0.01,115,50074,买盘
1134,14:53:49,4.35,-0.01,10,4350,卖盘
1135,14:53:51,4.36,0.01,360,156927,买盘
1136,14:53:57,4.37,0.01,310,135451,买盘
1137,14:54:04,4.36,-0.01,497,217418,卖盘
1138,14:54:06,4.38,0.02,64,28032,买盘
1139,14:54:12,4.38,0.0,10,4380,卖盘
1140,14:54:16,4.39,0.01,167,73313,买盘
1141,14:54:19,4.4,0.01,447,196679,买盘
1142,14:54:21,4.39,-0.01,818,360253,卖盘
1143,14:54:28,4.43,0.04,164,72627,买盘
1144,14:54:31,4.43,0.0,11,4873,卖盘
1145,14:54:33,4.43,0.0,7,3101,买盘
1146,14:54:36,4.44,0.01,93,41236,买盘
1147,14:54:40,4.43,-0.01,31,13733,中性盘
1148,14:54:42,4.43,0.0,82,36378,卖盘
1149,14:54:46,4.44,0.01,108,47952,买盘
1150,14:54:48,4.44,0.0,4,1777,卖盘
1151,14:54:52,4.45,0.01,117,52060,买盘
1152,14:54:55,4.45,0.0,222,98696,买盘
1153,14:54:58,4.45,0.0,141,62635,买盘
1154,14:55:01,4.45,0.0,149,66305,卖盘
1155,14:55:04,4.47,0.02,358,159657,买盘
1156,14:55:09,4.46,-0.01,78,34815,卖盘
1157,14:55:12,4.47,0.01,44,19668,买盘
1158,14:55:16,4.46,-0.01,122,54503,卖盘
1159,14:55:18,4.46,0.0,419,187067,卖盘
1160,14:55:21,4.46,0.0,95,42370,买盘
1161,14:55:25,4.47,0.01,362,161505,买盘
1162,14:55:28,4.46,-0.01,80,35688,卖盘
1163,14:55:30,4.48,0.02,262,117268,买盘
1164,14:55:34,4.47,-0.01,499,223017,卖盘
1165,14:55:37,4.47,0.0,124,55305,买盘
1166,14:55:40,4.48,0.01,204,91315,买盘
1167,14:55:42,4.47,-0.01,116,51878,中性盘
1168,14:55:45,4.47,0.0,78,34866,买盘
1169,14:55:49,4.47,0.0,167,74653,买盘
1170,14:55:51,4.47,0.0,176,78672,买盘
1171,14:55:54,4.47,0.0,60,26824,买盘
1172,14:55:57,4.48,0.01,50,22400,买盘
1173,14:56:00,4.48,0.0,108,48269,买盘
1174,14:56:03,4.48,0.0,317,141955,买盘
1175,14:56:06,4.48,0.0,72,32256,卖盘
1176,14:56:09,4.48,0.0,5,2240,卖盘
1177,14:56:13,4.49,0.01,452,202760,买盘
1178,14:56:15,4.49,0.0,54,24240,买盘
1179,14:56:19,4.5,0.01,646,290103,买盘
1180,14:56:22,4.5,0.0,141,63410,买盘
1181,14:56:25,4.5,0.0,326,146592,买盘
1182,14:56:28,4.49,-0.01,469,210722,买盘
1183,14:56:30,4.48,-0.01,540,242065,卖盘
1184,14:56:33,4.5,0.02,501,225234,买盘
1185,14:56:36,4.5,0.0,110,49500,卖盘
1186,14:56:40,4.51,0.01,262,118014,买盘
1187,14:56:43,4.51,0.0,235,105816,买盘
1188,14:56:46,4.51,0.0,356,160286,买盘
1189,14:56:48,4.52,0.01,100,45139,买盘
1190,14:56:51,4.52,0.0,188,84791,买盘
1191,14:56:55,4.52,0.0,378,170856,买盘
1192,14:56:57,4.52,0.0,91,41144,卖盘
1193,14:57:00,4.53,0.01,15,6787,买盘
1194,15:00:04,4.49,-0.04,4242,1904568,卖盘
