,time,price,change,volume,amount,type
0,09:25:04,19.18,-0.06,14,26852,卖盘
1,09:30:05,19.19,0.01,22,42215,买盘
2,09:30:07,18.93,-0.26,155,293422,卖盘
3,09:30:13,19.23,0.3,35,67263,买盘
4,09:30:34,19.1,-0.13,2,3820,卖盘
5,09:30:37,19.1,0.0,1,1910,卖盘
6,09:30:55,19.1,0.0,1,1910,卖盘
7,09:31:01,19.1,0.0,6,11460,买盘
8,09:31:10,19.1,0.0,24,45688,买盘
9,09:31:16,19.11,0.01,1,1911,卖盘
10,09:31:25,19.11,0.0,1,1911,中性盘
11,09:31:34,19.1,-0.01,11,21016,卖盘
12,09:31:37,19.03,-0.07,17,32351,买盘
13,09:31:55,19.03,0.0,9,17127,买盘
14,09:31:58,19.03,0.0,1,1903,买盘
15,09:32:01,19.0,-0.03,6,11406,卖盘
16,09:32:04,19.03,0.03,8,15224,买盘
17,09:32:10,19.1,0.07,1,1910,买盘
18,09:32:19,19.03,-0.07,1,1903,卖盘
19,09:32:25,19.14,0.11,5,9566,买盘
20,09:32:34,19.1,-0.04,1,1910,买盘
21,09:32:40,19.1,0.0,15,28650,买盘
22,09:32:43,19.1,0.0,2,3820,卖盘
23,09:32:46,19.1,0.0,1,1910,卖盘
24,09:32:52,19.1,0.0,7,13370,卖盘
25,09:33:05,19.1,0.0,1,1910,买盘
26,09:33:10,19.04,-0.06,12,22853,卖盘
27,09:33:13,19.05,0.01,3,5715,买盘
28,09:33:16,19.05,0.0,2,3810,买盘
29,09:33:22,19.03,-0.02,15,28563,卖盘
30,09:33:25,19.05,0.02,22,41898,买盘
31,09:33:40,19.06,0.01,10,19060,卖盘
32,09:33:46,19.05,-0.01,1,1905,卖盘
33,09:33:49,19.06,0.01,1,1906,买盘
34,09:34:55,19.07,0.01,9,17163,卖盘
35,09:35:07,19.07,0.0,7,13349,买盘
36,09:35:13,19.07,0.0,37,70559,买盘
37,09:35:22,19.07,0.0,2,3814,卖盘
38,09:35:25,19.07,0.0,2,3814,卖盘
39,09:35:40,19.07,0.0,44,83908,卖盘
40,09:35:46,19.07,0.0,1,1907,卖盘
41,09:35:49,19.07,0.0,5,9535,卖盘
42,09:35:52,19.07,0.0,5,9535,卖盘
43,09:35:55,19.09,0.02,5,9544,买盘
44,09:35:58,19.07,-0.02,1,1907,卖盘
45,09:36:01,19.04,-0.03,30,57151,卖盘
46,09:36:07,19.06,0.02,1,1906,买盘
47,09:36:16,19.05,-0.01,9,17138,买盘
48,09:36:22,19.03,-0.02,20,38060,卖盘
49,09:36:28,19.03,0.0,4,7612,卖盘
50,09:36:34,19.03,0.0,2,3806,卖盘
51,09:36:37,19.04,0.01,9,17136,买盘
52,09:36:43,19.03,-0.01,8,15224,卖盘
53,09:36:46,19.03,0.0,5,9515,买盘
54,09:36:52,19.0,-0.03,50,95022,卖盘
55,09:37:04,19.0,0.0,7,13300,卖盘
56,09:37:07,19.02,0.02,1,1902,买盘
57,09:37:10,19.02,0.0,3,5706,买盘
58,09:37:13,19.0,-0.02,2,3800,卖盘
59,09:37:19,19.02,0.02,9,17118,买盘
60,09:37:22,19.0,-0.02,2,3801,卖盘
61,09:37:25,19.02,0.02,6,11411,买盘
62,09:37:28,19.01,-0.01,1,1901,卖盘
63,09:37:31,19.03,0.02,98,186482,买盘
64,09:37:34,19.04,0.01,5,9520,买盘
65,09:37:49,19.06,0.02,7,13342,买盘
66,09:38:01,19.1,0.04,1,1910,买盘
67,09:38:05,19.06,-0.04,6,11436,卖盘
68,09:38:16,19.07,0.01,1,1907,卖盘
69,09:38:28,19.1,0.03,3,5730,买盘
70,09:38:37,19.1,0.0,1,1910,买盘
71,09:38:49,19.06,-0.04,2,3821,卖盘
72,09:39:07,19.15,0.09,1,1915,买盘
73,09:39:16,19.06,-0.09,63,120119,卖盘
74,09:39:19,19.06,0.0,1,1906,买盘
75,09:39:28,19.15,0.09,10,19094,买盘
76,09:39:34,19.06,-0.09,10,19060,卖盘
77,09:40:01,19.08,0.02,1,1908,中性盘
78,09:40:10,19.08,0.0,4,7632,卖盘
79,09:40:19,19.08,0.0,1,1908,卖盘
80,09:40:22,19.13,0.05,1,1913,买盘
81,09:40:43,19.15,0.02,20,38290,买盘
82,09:40:55,19.14,-0.01,19,36366,卖盘
83,09:41:01,19.14,0.0,2,3828,买盘
84,09:41:04,19.14,0.0,5,9570,买盘
85,09:41:13,19.18,0.04,2,3836,卖盘
86,09:41:16,19.18,0.0,3,5754,卖盘
87,09:41:28,19.14,-0.04,1,1914,卖盘
88,09:41:34,19.18,0.04,10,19180,买盘
89,09:41:37,19.18,0.0,10,19175,买盘
90,09:41:46,19.14,-0.04,3,5742,买盘
91,09:41:52,19.18,0.04,30,57530,买盘
92,09:41:55,19.18,0.0,12,23016,卖盘
93,09:41:58,19.18,0.0,1,1918,卖盘
94,09:42:01,19.18,0.0,15,28770,卖盘
95,09:42:04,19.18,0.0,6,11508,卖盘
96,09:42:13,19.18,0.0,5,9590,买盘
97,09:42:28,19.14,-0.04,10,19140,卖盘
98,09:42:43,19.13,-0.01,1,1913,买盘
99,09:42:52,19.14,0.01,2,3828,买盘
100,09:42:55,19.14,0.0,16,30618,买盘
101,09:43:10,19.11,-0.03,1,1911,卖盘
102,09:43:19,19.16,0.05,84,160782,买盘
103,09:43:31,19.16,0.0,1,1916,卖盘
104,09:43:43,19.17,0.01,2,3834,买盘
105,09:43:46,19.17,0.0,10,19170,买盘
106,09:43:49,19.17,0.0,5,9585,买盘
107,09:43:52,19.17,0.0,6,11502,买盘
108,09:43:58,19.17,0.0,3,5751,买盘
109,09:44:07,19.19,0.02,1,1919,买盘
110,09:44:37,19.2,0.01,1,1920,买盘
111,09:44:40,19.19,-0.01,21,40301,卖盘
112,09:44:43,19.19,0.0,6,11515,卖盘
113,09:44:49,19.19,0.0,6,11514,卖盘
114,09:44:55,19.2,0.01,4,7680,买盘
115,09:45:13,19.19,-0.01,5,9595,卖盘
116,09:45:31,19.18,-0.01,3,5754,买盘
117,09:46:22,19.17,-0.01,8,15338,卖盘
118,09:46:52,19.16,-0.01,11,21076,卖盘
119,09:47:10,19.11,-0.05,3,5733,卖盘
120,09:47:19,19.11,0.0,2,3822,买盘
121,09:47:22,19.11,0.0,9,17199,买盘
122,09:47:28,19.1,-0.01,4,7640,卖盘
123,09:47:34,19.1,0.0,26,49660,卖盘
124,09:47:37,19.1,0.0,3,5730,买盘
125,09:47:49,19.1,0.0,1,1910,买盘
126,09:48:01,19.11,0.01,59,112745,买盘
127,09:48:13,19.11,0.0,15,28665,买盘
128,09:48:16,19.1,-0.01,2,3820,卖盘
129,09:48:22,19.1,0.0,1,1910,卖盘
130,09:48:25,19.1,0.0,5,9550,卖盘
131,09:48:34,19.07,-0.03,28,53425,卖盘
132,09:48:37,19.08,0.01,16,30525,买盘
133,09:48:43,19.06,-0.02,5,9530,卖盘
134,09:48:46,19.05,-0.01,6,11435,卖盘
135,09:48:55,19.06,0.01,40,76159,买盘
136,09:49:13,19.0,-0.06,33,62704,卖盘
137,09:49:16,19.01,0.01,3,5703,卖盘
138,09:49:19,19.01,0.0,8,15208,买盘
139,09:49:25,19.0,-0.01,64,121605,卖盘
140,09:49:28,19.0,0.0,13,24710,卖盘
141,09:49:34,19.01,0.01,2,3802,卖盘
142,09:49:43,18.98,-0.03,86,163371,卖盘
143,09:49:58,19.0,0.02,11,20878,卖盘
144,09:50:07,19.0,0.0,1,1900,买盘
145,09:50:19,18.99,-0.01,5,9495,中性盘
146,09:50:25,19.01,0.02,1,1901,买盘
147,09:50:37,19.01,0.0,2,3802,卖盘
148,09:50:46,19.05,0.04,1,1905,买盘
149,09:50:49,19.05,0.0,39,74295,买盘
150,09:51:19,19.06,0.01,11,20966,买盘
151,09:51:28,19.05,-0.01,29,55245,卖盘
152,09:51:52,19.05,0.0,10,19050,买盘
153,09:51:55,19.02,-0.03,31,58962,卖盘
154,09:51:58,19.02,0.0,15,28530,买盘
155,09:52:04,19.02,0.0,1,1902,买盘
156,09:52:10,19.0,-0.02,2,3800,卖盘
157,09:52:13,19.0,0.0,1,1900,卖盘
158,09:52:16,19.0,0.0,4,7600,卖盘
159,09:52:22,19.0,0.0,13,24700,卖盘
160,09:52:31,19.0,0.0,6,11400,买盘
161,09:52:37,19.0,0.0,3,5700,买盘
162,09:52:40,19.0,0.0,32,60790,买盘
163,09:52:43,18.99,-0.01,10,18995,卖盘
164,09:52:46,19.0,0.01,2,3800,买盘
165,09:52:49,19.0,0.0,1,1900,买盘
166,09:52:55,18.99,-0.01,7,13293,卖盘
167,09:52:58,18.99,0.0,1,1899,买盘
168,09:53:04,18.99,0.0,2,3798,买盘
169,09:53:07,18.99,0.0,10,18990,买盘
170,09:53:10,18.99,0.0,2,3798,买盘
171,09:53:13,18.98,-0.01,12,22776,卖盘
172,09:53:16,18.98,0.0,2,3796,卖盘
173,09:53:19,18.98,0.0,7,13286,卖盘
174,09:53:31,18.98,0.0,7,13286,买盘
175,09:53:34,18.98,0.0,2,3796,买盘
176,09:53:43,19.0,0.02,1,1900,买盘
177,09:53:52,19.0,0.0,10,18994,买盘
178,09:53:55,19.0,0.0,10,19000,买盘
179,09:53:58,19.0,0.0,16,30400,买盘
180,09:54:07,19.0,0.0,11,20900,买盘
181,09:54:10,19.0,0.0,2,3800,买盘
182,09:54:22,19.0,0.0,9,17100,买盘
183,09:54:25,19.0,0.0,10,19000,买盘
184,09:54:34,19.0,0.0,2,3800,买盘
185,09:54:40,19.0,0.0,16,30400,卖盘
186,09:54:46,19.01,0.01,1,1901,买盘
187,09:54:52,19.0,-0.01,12,22808,卖盘
188,09:54:55,19.0,0.0,47,89243,卖盘
189,09:55:01,19.0,0.0,6,11400,卖盘
190,09:55:04,19.0,0.0,2,3799,买盘
191,09:55:10,19.01,0.01,11,20911,买盘
192,09:55:13,18.98,-0.03,47,89323,卖盘
193,09:55:19,19.01,0.03,2,3802,中性盘
194,09:55:34,18.98,-0.03,1,1898,卖盘
195,09:55:43,19.01,0.03,1,1901,买盘
196,09:56:07,18.98,-0.03,37,70227,卖盘
197,09:56:13,19.01,0.03,1,1901,买盘
198,09:56:16,19.01,0.0,1,1901,买盘
199,09:56:19,19.01,0.0,1,1901,买盘
200,09:56:22,18.98,-0.03,22,41756,卖盘
201,09:56:25,18.98,0.0,8,15184,买盘
202,09:56:37,18.98,0.0,15,28483,卖盘
203,09:56:43,18.99,0.01,26,49374,买盘
204,09:56:46,18.99,0.0,12,22788,买盘
205,09:56:49,18.99,0.0,1,1899,买盘
206,09:56:52,18.98,-0.01,3,5695,卖盘
207,09:57:13,19.03,0.05,1,1903,买盘
208,09:57:16,19.03,0.0,1,1903,买盘
209,09:57:19,19.0,-0.03,11,20903,卖盘
210,09:57:25,19.03,0.03,10,19030,买盘
211,09:57:34,19.03,0.0,16,30448,买盘
212,09:57:51,19.03,0.0,4,7612,买盘
213,09:58:07,19.08,0.05,4,7632,买盘
214,09:58:19,19.08,0.0,1,1908,卖盘
215,09:58:22,19.1,0.02,1,1910,买盘
216,09:58:24,19.08,-0.02,2,3816,卖盘
217,09:58:28,19.1,0.02,2,3818,买盘
218,09:58:31,19.08,-0.02,1,1908,卖盘
219,09:58:34,19.09,0.01,2,3818,卖盘
220,09:58:37,19.09,0.0,1,1909,卖盘
221,09:58:40,19.09,0.0,3,5727,卖盘
222,09:58:43,19.09,0.0,2,3818,卖盘
223,09:58:46,19.08,-0.01,1,1908,卖盘
224,09:58:52,19.1,0.02,2,3818,买盘
225,09:59:04,19.1,0.0,10,19094,买盘
226,09:59:07,19.09,-0.01,2,3818,中性盘
227,09:59:16,19.09,0.0,8,15272,买盘
228,09:59:28,19.09,0.0,13,24817,卖盘
229,09:59:37,19.06,-0.03,5,9530,卖盘
230,09:59:52,19.09,0.03,10,19090,买盘
231,10:00:05,19.09,0.0,2,3817,买盘
232,10:00:07,19.06,-0.03,7,13342,卖盘
233,10:00:19,19.06,0.0,1,1906,卖盘
234,10:00:46,19.06,0.0,33,62898,卖盘
235,10:00:49,19.06,0.0,2,3812,买盘
236,10:01:01,19.05,-0.01,1,1905,卖盘
237,10:01:10,19.01,-0.04,2,3802,卖盘
238,10:01:19,19.05,0.04,2,3810,买盘
239,10:01:25,19.01,-0.04,68,129268,卖盘
240,10:01:28,19.0,-0.01,80,152000,卖盘
241,10:01:46,19.0,0.0,1,1900,买盘
242,10:01:49,18.98,-0.02,46,87376,卖盘
243,10:01:52,18.98,0.0,2,3798,卖盘
244,10:02:19,19.0,0.02,2,3800,买盘
245,10:02:31,19.0,0.0,2,3800,买盘
246,10:02:34,19.0,0.0,3,5700,买盘
247,10:02:40,19.0,0.0,5,9500,买盘
248,10:02:48,18.98,-0.02,46,87310,卖盘
249,10:02:58,18.97,-0.01,36,68292,卖盘
250,10:03:07,18.96,-0.01,10,18965,卖盘
251,10:03:19,18.9,-0.06,150,283620,卖盘
252,10:03:31,18.97,0.07,8,15134,中性盘
253,10:03:49,18.97,0.0,3,5691,买盘
254,10:03:52,18.92,-0.05,10,18920,卖盘
255,10:03:58,18.92,0.0,5,9460,买盘
256,10:04:19,18.95,0.03,2,3790,买盘
257,10:04:25,18.91,-0.04,31,60161,卖盘
258,10:04:37,18.95,0.04,16,30320,买盘
259,10:04:46,18.9,-0.05,105,198544,卖盘
260,10:04:49,18.95,0.05,1,1895,买盘
261,10:05:04,18.92,-0.03,1,1892,买盘
262,10:05:07,18.9,-0.02,25,47270,卖盘
263,10:05:10,18.9,0.0,18,34028,卖盘
264,10:05:19,18.92,0.02,2,3784,买盘
265,10:05:25,18.91,-0.01,3,5673,卖盘
266,10:05:31,18.91,0.0,5,9455,卖盘
267,10:05:34,18.92,0.01,3,5676,买盘
268,10:05:37,18.91,-0.01,10,18913,卖盘
269,10:05:49,18.91,0.0,8,15128,买盘
270,10:05:55,18.91,0.0,10,18910,买盘
271,10:06:01,18.91,0.0,35,66185,卖盘
272,10:06:07,18.91,0.0,3,5673,卖盘
273,10:06:10,18.95,0.04,5,9475,买盘
274,10:06:12,18.91,-0.04,15,28365,卖盘
275,10:06:16,18.91,0.0,13,24583,买盘
276,10:06:25,18.91,0.0,6,11346,买盘
277,10:06:28,18.9,-0.01,46,86940,卖盘
278,10:06:31,18.91,0.01,3,5673,买盘
279,10:06:34,18.91,0.0,22,41602,买盘
280,10:06:37,18.91,0.0,9,17019,买盘
281,10:06:39,18.91,0.0,4,7564,买盘
282,10:06:43,18.9,-0.01,11,20800,卖盘
283,10:06:52,18.91,0.01,2,3782,买盘
284,10:06:55,18.91,0.0,14,26474,卖盘
285,10:07:07,18.95,0.04,12,22740,买盘
286,10:07:13,18.95,0.0,1,1895,卖盘
287,10:07:37,18.97,0.02,4,7588,买盘
288,10:07:43,18.97,0.0,5,9485,买盘
289,10:07:46,18.97,0.0,4,7588,卖盘
290,10:07:58,18.98,0.01,10,18980,买盘
291,10:08:10,18.97,-0.01,51,96752,卖盘
292,10:08:18,18.97,0.0,22,41736,卖盘
293,10:08:22,18.97,0.0,2,3794,买盘
294,10:08:31,18.96,-0.01,5,9480,卖盘
295,10:08:46,18.96,0.0,13,24648,买盘
296,10:09:04,18.95,-0.01,5,9475,卖盘
297,10:09:16,18.95,0.0,9,17055,卖盘
298,10:09:22,18.95,0.0,12,22740,卖盘
299,10:09:25,18.95,0.0,1,1895,买盘
300,10:09:28,18.95,0.0,1,1895,买盘
301,10:09:34,18.95,0.0,2,3790,买盘
302,10:09:37,18.95,0.0,1,1895,买盘
303,10:09:46,18.95,0.0,10,18950,买盘
304,10:09:58,18.94,-0.01,46,87136,卖盘
305,10:10:04,18.95,0.01,1,1895,买盘
306,10:10:16,18.95,0.0,6,11370,买盘
307,10:10:25,18.94,-0.01,5,9470,卖盘
308,10:10:28,18.95,0.01,16,30320,买盘
309,10:10:31,18.95,0.0,3,5685,卖盘
310,10:10:34,18.95,0.0,11,20845,买盘
311,10:10:37,18.94,-0.01,5,9470,卖盘
312,10:10:40,18.94,0.0,20,37880,卖盘
313,10:10:46,18.94,0.0,9,17046,卖盘
314,10:10:49,18.95,0.01,6,11369,买盘
315,10:10:52,18.91,-0.04,97,183834,卖盘
316,10:11:01,18.94,0.03,2,3788,买盘
317,10:11:04,18.94,0.0,1,1894,买盘
318,10:11:07,18.91,-0.03,2,3782,卖盘
319,10:11:36,18.94,0.03,1,1894,买盘
320,10:11:40,18.94,0.0,6,11352,买盘
321,10:12:04,18.94,0.0,1,1894,买盘
322,10:12:07,18.94,0.0,5,9470,买盘
323,10:12:16,18.94,0.0,6,11364,买盘
324,10:12:22,18.94,0.0,5,9470,买盘
325,10:12:37,18.95,0.01,15,28430,卖盘
326,10:12:46,19.0,0.05,1,1900,买盘
327,10:13:04,19.0,0.0,1,1900,买盘
328,10:13:07,19.0,0.0,1,1900,买盘
329,10:13:13,18.94,-0.06,15,28434,卖盘
330,10:13:16,19.0,0.06,20,37993,买盘
331,10:13:31,19.05,0.05,20,38093,买盘
332,10:13:34,18.96,-0.09,66,125380,卖盘
333,10:13:37,18.96,0.0,1,1896,买盘
334,10:13:46,18.96,0.0,5,9480,买盘
335,10:14:04,19.03,0.07,1,1903,买盘
336,10:14:10,18.96,-0.07,1,1896,卖盘
337,10:14:34,19.01,0.05,1,1901,买盘
338,10:14:55,19.01,0.0,6,11406,买盘
339,10:15:07,18.96,-0.05,41,77740,卖盘
340,10:15:28,18.94,-0.02,73,138280,卖盘
341,10:15:34,18.94,0.0,10,18940,买盘
342,10:15:37,18.94,0.0,1,1894,买盘
343,10:16:01,18.94,0.0,2,3788,买盘
344,10:16:12,18.94,0.0,16,30304,买盘
345,10:16:25,18.93,-0.01,10,18937,卖盘
346,10:16:49,18.99,0.06,1,1899,买盘
347,10:16:58,18.99,0.0,6,11394,买盘
348,10:17:10,18.98,-0.01,2,3796,中性盘
349,10:17:16,18.98,0.0,1,1898,买盘
350,10:17:19,18.98,0.0,2,3796,买盘
351,10:17:49,18.98,0.0,1,1898,买盘
352,10:18:13,18.94,-0.04,4,7580,卖盘
353,10:18:16,18.98,0.04,1,1898,买盘
354,10:18:19,18.98,0.0,1,1898,买盘
355,10:18:28,18.98,0.0,6,11388,买盘
356,10:18:49,18.98,0.0,1,1898,买盘
357,10:19:16,18.98,0.0,1,1898,买盘
358,10:19:19,18.98,0.0,1,1898,买盘
359,10:19:46,18.95,-0.03,2,3791,卖盘
360,10:19:49,18.98,0.03,1,1898,买盘
361,10:20:16,18.96,-0.02,2,3792,买盘
362,10:20:19,18.96,0.0,1,1896,买盘
363,10:20:31,18.95,-0.01,29,54955,卖盘
364,10:20:45,18.95,0.0,1,1895,买盘
365,10:20:49,18.94,-0.01,5,9470,卖盘
366,10:21:04,18.94,0.0,13,24622,卖盘
367,10:21:07,18.94,0.0,6,11364,卖盘
368,10:21:10,18.94,0.0,5,9470,卖盘
369,10:21:13,18.95,0.01,48,90914,买盘
370,10:21:16,18.94,-0.01,8,15152,卖盘
371,10:21:19,18.94,0.0,6,11362,卖盘
372,10:21:22,18.94,0.0,2,3788,买盘
373,10:21:25,18.93,-0.01,3,5679,卖盘
374,10:21:46,18.93,0.0,2,3785,买盘
375,10:21:49,18.93,0.0,1,1893,买盘
376,10:21:52,18.92,-0.01,9,17028,卖盘
377,10:21:57,18.92,0.0,4,7568,卖盘
378,10:22:07,18.9,-0.02,116,217745,卖盘
379,10:22:10,18.9,0.0,4,7560,买盘
380,10:22:16,18.9,0.0,1,1890,买盘
381,10:22:22,18.9,0.0,3,5670,买盘
382,10:22:25,18.9,0.0,2,3780,买盘
383,10:22:28,18.89,-0.01,1,1889,卖盘
384,10:22:49,18.89,0.0,1,1889,买盘
385,10:22:52,18.89,0.0,1,1889,买盘
386,10:23:07,18.88,-0.01,8,15105,卖盘
387,10:23:10,18.88,0.0,7,13216,卖盘
388,10:23:16,18.88,0.0,5,9442,卖盘
389,10:23:19,18.9,0.02,2,3780,买盘
390,10:23:21,18.88,-0.02,4,7552,卖盘
391,10:23:31,18.89,0.01,10,18890,卖盘
392,10:23:37,18.92,0.03,16,31756,买盘
393,10:23:40,18.92,0.0,10,18920,卖盘
394,10:23:46,18.92,0.0,1,1892,卖盘
395,10:23:49,18.93,0.01,1,1893,买盘
396,10:23:52,18.92,-0.01,1,1892,卖盘
397,10:23:58,18.92,0.0,1,1892,卖盘
398,10:24:01,18.92,0.0,1,1892,卖盘
399,10:24:04,18.92,0.0,3,5676,卖盘
400,10:24:07,18.92,0.0,1,1892,卖盘
401,10:24:10,18.92,0.0,1,1892,卖盘
402,10:24:13,18.92,0.0,1,378,买盘
403,10:24:19,18.92,0.0,1,1892,买盘
404,10:24:31,18.92,0.0,1,1892,买盘
405,10:24:48,18.92,0.0,1,1892,买盘
406,10:24:52,18.92,0.0,4,7568,买盘
407,10:25:19,18.92,0.0,3,5676,买盘
408,10:25:22,18.91,-0.01,5,9455,卖盘
409,10:25:43,18.9,-0.01,3,5670,卖盘
410,10:25:45,18.9,0.0,10,18900,卖盘
411,10:25:49,18.91,0.01,10,18910,买盘
412,10:26:13,18.91,0.0,4,7564,卖盘
413,10:26:19,18.91,0.0,1,1891,买盘
414,10:26:34,18.9,-0.01,2,3780,卖盘
415,10:26:49,18.9,0.0,12,22669,买盘
416,10:26:52,18.9,0.0,2,3780,买盘
417,10:26:55,18.88,-0.02,14,26437,卖盘
418,10:27:01,18.88,0.0,1,1888,卖盘
419,10:27:04,18.88,0.0,16,30208,卖盘
420,10:27:07,18.91,0.03,6,11333,买盘
421,10:27:10,18.92,0.01,1,1892,卖盘
422,10:27:13,18.91,-0.01,13,24583,卖盘
423,10:27:15,18.91,0.0,1,1891,卖盘
424,10:27:19,18.91,0.0,1,1891,卖盘
425,10:27:22,18.91,0.0,1,1891,买盘
426,10:27:46,18.87,-0.04,2,3774,卖盘
427,10:27:52,18.91,0.04,1,1891,买盘
428,10:28:18,18.92,0.01,2,3784,买盘
429,10:28:49,18.92,0.0,1,1892,买盘
430,10:29:19,18.92,0.0,1,1892,买盘
431,10:29:22,18.92,0.0,1,1892,买盘
432,10:29:25,18.92,0.0,1,1892,买盘
433,10:29:57,18.91,-0.01,5,9455,买盘
434,10:30:16,18.91,0.0,3,5673,买盘
435,10:30:19,18.91,0.0,2,3782,买盘
436,10:30:22,18.89,-0.02,9,17001,卖盘
437,10:30:25,18.89,0.0,1,1889,卖盘
438,10:30:27,18.89,0.0,1,1889,买盘
439,10:30:43,18.91,0.02,3,5669,买盘
440,10:30:49,18.91,0.0,1,1891,买盘
441,10:30:52,18.91,0.0,1,1891,买盘
442,10:31:04,18.9,-0.01,1,1890,卖盘
443,10:31:10,18.9,0.0,1,1890,卖盘
444,10:31:19,18.91,0.01,3,5673,买盘
445,10:31:46,18.94,0.03,5,9470,买盘
446,10:31:52,18.94,0.0,2,3788,买盘
447,10:31:55,18.94,0.0,1,1894,买盘
448,10:32:22,18.94,0.0,1,1894,买盘
449,10:32:25,18.94,0.0,1,1894,买盘
450,10:32:37,18.94,0.0,3,5682,买盘
451,10:32:43,18.94,0.0,1,1894,卖盘
452,10:32:49,18.94,0.0,1,1894,卖盘
453,10:32:52,18.96,0.02,3,5686,买盘
454,10:32:55,18.94,-0.02,1,1894,卖盘
455,10:32:58,18.94,0.0,1,1894,卖盘
456,10:33:01,18.94,0.0,2,3788,卖盘
457,10:33:24,18.94,0.0,1,1894,买盘
458,10:33:49,18.96,0.02,2,3792,买盘
459,10:34:21,18.95,-0.01,1,1895,买盘
460,10:34:25,18.95,0.0,1,1895,买盘
461,10:34:40,18.95,0.0,1,1895,买盘
462,10:34:46,18.91,-0.04,5,9455,卖盘
463,10:34:51,18.95,0.04,1,1895,买盘
464,10:35:07,18.92,-0.03,1,1892,卖盘
465,10:35:19,18.95,0.03,1,1895,买盘
466,10:35:22,18.95,0.0,1,1895,买盘
467,10:35:49,18.91,-0.04,3,5673,卖盘
468,10:36:00,18.95,0.04,1,1895,买盘
469,10:36:07,18.91,-0.04,27,51057,卖盘
470,10:36:10,18.91,0.0,3,5677,卖盘
471,10:36:16,18.91,0.0,1,1891,卖盘
472,10:36:19,18.91,0.0,1,1891,卖盘
473,10:36:22,18.91,0.0,1,1891,卖盘
474,10:36:55,18.88,-0.03,50,94502,卖盘
475,10:37:43,18.89,0.01,4,7556,卖盘
476,10:37:55,18.88,-0.01,1,1888,卖盘
477,10:38:13,18.88,0.0,14,26436,卖盘
478,10:38:43,18.92,0.04,13,24581,买盘
479,10:38:55,18.92,0.0,3,5676,买盘
480,10:39:10,18.9,-0.02,2,3780,买盘
481,10:39:58,18.89,-0.01,7,13223,卖盘
482,10:40:10,18.9,0.01,1,3024,买盘
483,10:40:21,18.9,0.0,1,756,买盘
484,10:40:28,18.9,0.0,1,1890,买盘
485,10:40:34,18.9,0.0,23,44604,买盘
486,10:40:55,18.92,0.02,5,9460,卖盘
487,10:41:04,18.93,0.01,13,24609,买盘
488,10:41:13,18.93,0.0,3,5679,买盘
489,10:41:43,18.93,0.0,1,1893,买盘
490,10:42:19,18.96,0.03,26,49296,买盘
491,10:42:58,18.99,0.03,3,5697,买盘
492,10:43:21,19.0,0.01,11,20900,买盘
493,10:43:31,19.0,0.0,1,1900,买盘
494,10:43:43,19.02,0.02,5,9510,买盘
495,10:43:57,19.02,0.0,24,45644,买盘
496,10:44:13,19.03,0.01,2,3806,买盘
497,10:44:16,19.02,-0.01,4,7608,卖盘
498,10:44:22,19.03,0.01,8,15224,买盘
499,10:44:24,19.03,0.0,6,11418,卖盘
500,10:44:30,19.05,0.02,1,1905,买盘
501,10:44:33,19.05,0.0,1,1905,买盘
502,10:44:37,19.05,0.0,1,1905,卖盘
503,10:44:58,19.05,0.0,2,3810,买盘
504,10:45:04,19.05,0.0,4,7620,卖盘
505,10:45:07,19.05,0.0,6,10287,卖盘
506,10:45:10,19.05,0.0,9,17145,卖盘
507,10:45:16,19.02,-0.03,1,1902,卖盘
508,10:45:24,19.02,0.0,5,9510,卖盘
509,10:45:30,19.04,0.02,3,5712,买盘
510,10:46:01,19.04,0.0,3,5712,买盘
511,10:46:13,19.02,-0.02,7,13316,卖盘
512,10:46:22,19.02,0.0,11,20922,卖盘
513,10:46:31,19.02,0.0,4,7608,买盘
514,10:46:39,18.96,-0.06,4,7584,卖盘
515,10:47:01,19.02,0.06,3,5706,买盘
516,10:47:31,19.02,0.0,3,5706,买盘
517,10:48:00,19.0,-0.02,6,11402,卖盘
518,10:48:31,19.0,0.0,2,3800,买盘
519,10:48:33,19.0,0.0,1,1900,买盘
520,10:49:01,19.01,0.01,2,3802,买盘
521,10:49:12,19.01,0.0,2,3802,卖盘
522,10:49:31,19.01,0.0,2,3797,买盘
523,10:49:34,19.01,0.0,2,3802,买盘
524,10:50:01,19.01,0.0,3,5703,买盘
525,10:50:15,18.96,-0.05,1,1896,卖盘
526,10:50:34,19.01,0.05,4,7604,买盘
527,10:51:01,19.01,0.0,2,3802,买盘
528,10:51:04,19.01,0.0,1,1901,买盘
529,10:51:31,19.01,0.0,2,3802,买盘
530,10:51:33,19.01,0.0,2,3802,买盘
531,10:52:01,19.01,0.0,2,3802,买盘
532,10:52:04,19.01,0.0,1,1901,买盘
533,10:52:31,19.01,0.0,3,5703,买盘
534,10:53:04,19.01,0.0,3,5703,买盘
535,10:53:33,19.01,0.0,4,7604,买盘
536,10:54:00,18.98,-0.03,3,5694,买盘
537,10:54:30,18.98,0.0,13,24654,买盘
538,10:55:00,18.98,0.0,2,3796,买盘
539,10:55:04,18.98,0.0,1,1898,买盘
540,10:55:15,18.98,0.0,10,18980,买盘
541,10:55:28,18.98,0.0,3,5694,卖盘
542,10:55:31,19.01,0.03,4,7604,买盘
543,10:55:34,18.98,-0.03,19,36062,卖盘
544,10:56:01,18.98,0.0,3,5694,买盘
545,10:56:30,18.98,0.0,1,1898,买盘
546,10:56:33,18.98,0.0,3,5694,买盘
547,10:58:22,18.96,-0.02,2,3792,卖盘
548,10:58:25,18.92,-0.04,13,24610,卖盘
549,10:58:48,18.92,0.0,1,1892,买盘
550,10:58:52,18.92,0.0,2,3784,买盘
551,10:58:54,18.92,0.0,3,5676,买盘
552,10:58:57,18.92,0.0,1,1892,买盘
553,10:59:01,18.92,0.0,4,7568,买盘
554,10:59:07,18.91,-0.01,31,58626,卖盘
555,10:59:19,18.91,0.0,12,22692,卖盘
556,10:59:25,18.91,0.0,1,1891,买盘
557,10:59:31,18.91,0.0,5,9455,买盘
558,10:59:36,18.91,0.0,2,3782,买盘
559,10:59:39,18.91,0.0,2,3782,买盘
560,11:00:04,18.91,0.0,1,1891,卖盘
561,11:00:16,18.92,0.01,5,9460,卖盘
562,11:00:58,18.96,0.04,1,1896,买盘
563,11:01:04,18.96,0.0,1,1896,买盘
564,11:01:10,18.96,0.0,20,37920,买盘
565,11:01:16,18.96,0.0,5,9480,卖盘
566,11:01:43,18.99,0.03,5,9495,卖盘
567,11:01:46,19.0,0.01,5,9500,买盘
568,11:02:07,19.0,0.0,2,3800,卖盘
569,11:03:22,18.99,-0.01,1,1899,卖盘
570,11:03:46,18.99,0.0,1,1899,卖盘
571,11:04:00,19.01,0.02,11,20904,买盘
572,11:04:22,19.02,0.01,9,17116,买盘
573,11:05:54,18.99,-0.03,3,5697,卖盘
574,11:06:31,19.01,0.02,72,136848,买盘
575,11:07:10,18.98,-0.03,22,41775,卖盘
576,11:07:19,19.01,0.03,12,22800,买盘
577,11:07:28,19.01,0.0,2,3802,卖盘
578,11:07:37,19.01,0.0,5,9505,卖盘
579,11:07:40,19.02,0.01,15,28530,买盘
580,11:08:34,19.02,0.0,10,19020,卖盘
581,11:08:58,19.04,0.02,19,36176,买盘
582,11:09:13,19.05,0.01,2,3810,买盘
583,11:09:40,19.04,-0.01,8,15232,卖盘
584,11:10:46,19.04,0.0,3,5712,卖盘
585,11:11:12,19.02,-0.02,9,17118,卖盘
586,11:11:25,19.01,-0.01,11,20911,卖盘
587,11:11:40,19.02,0.01,2,3804,买盘
588,11:12:31,19.03,0.01,5,9515,买盘
589,11:12:37,19.03,0.0,3,5709,卖盘
590,11:13:25,19.02,-0.01,3,5706,卖盘
591,11:14:07,19.01,-0.01,10,19010,卖盘
592,11:14:19,19.01,0.0,5,9505,卖盘
593,11:15:06,19.03,0.02,3,5709,买盘
594,11:16:15,19.03,0.0,1,1903,买盘
595,11:16:18,19.03,0.0,10,19030,买盘
596,11:16:22,19.03,0.0,2,3806,买盘
597,11:17:25,19.02,-0.01,20,38040,买盘
598,11:17:31,19.03,0.01,1,1903,买盘
599,11:17:34,19.03,0.0,3,5709,买盘
600,11:17:37,19.05,0.02,30,57102,买盘
601,11:17:46,19.05,0.0,1,1905,买盘
602,11:17:49,19.05,0.0,9,17145,买盘
603,11:18:10,19.07,0.02,1,1907,买盘
604,11:18:45,19.07,0.0,5,9535,卖盘
605,11:18:58,19.07,0.0,1,1907,卖盘
606,11:19:06,19.07,0.0,9,17163,卖盘
607,11:19:13,19.07,0.0,2,3814,卖盘
608,11:19:39,19.16,0.09,83,158681,买盘
609,11:19:46,19.16,0.0,3,5748,卖盘
610,11:19:52,19.16,0.0,2,3832,卖盘
611,11:19:58,19.16,0.0,1,1916,卖盘
612,11:20:00,19.16,0.0,2,3832,卖盘
613,11:20:04,19.16,0.0,1,1916,卖盘
614,11:20:06,19.16,0.0,1,1916,卖盘
615,11:20:09,19.16,0.0,11,21076,卖盘
616,11:20:12,19.16,0.0,11,21076,卖盘
617,11:20:16,19.16,0.0,5,9580,卖盘
618,11:23:18,19.13,-0.03,1,1913,卖盘
619,11:23:25,19.09,-0.04,1,1909,卖盘
620,11:23:28,19.09,0.0,3,5727,卖盘
621,11:23:31,19.09,0.0,1,1909,卖盘
622,11:23:34,19.14,0.05,3,5732,买盘
623,11:23:36,19.09,-0.05,1,1909,卖盘
624,11:23:48,19.09,0.0,4,7636,卖盘
625,11:23:55,19.09,0.0,1,1909,卖盘
626,11:24:01,19.09,0.0,1,1909,卖盘
627,11:24:04,19.09,0.0,1,1909,卖盘
628,11:24:06,19.09,0.0,1,1909,卖盘
629,11:25:58,19.05,-0.04,5,9525,卖盘
630,11:26:10,19.05,0.0,1,1905,卖盘
631,11:26:42,19.05,0.0,1,1905,卖盘
632,11:27:49,19.11,0.06,1,1911,卖盘
633,11:27:54,19.11,0.0,1,1911,卖盘
634,11:28:09,19.06,-0.05,1,1906,卖盘
635,11:28:13,19.06,0.0,1,1906,卖盘
636,11:28:16,19.06,0.0,1,1906,卖盘
637,11:28:19,19.06,0.0,1,1906,卖盘
638,11:28:22,19.06,0.0,1,1906,卖盘
639,11:28:25,19.06,0.0,1,1906,卖盘
640,11:28:28,19.06,0.0,1,1906,卖盘
641,11:28:31,19.06,0.0,2,3812,卖盘
642,11:28:46,19.12,0.06,12,22938,买盘
643,13:00:07,19.05,-0.07,6,11435,卖盘
644,13:00:19,19.05,0.0,4,7620,卖盘
645,13:00:24,19.01,-0.04,71,135220,卖盘
646,13:00:57,18.95,-0.06,28,53086,卖盘
647,13:01:05,18.95,0.0,1,1895,买盘
648,13:01:07,18.95,0.0,2,3790,买盘
649,13:01:10,18.95,0.0,28,53060,买盘
650,13:01:27,18.95,0.0,5,9475,卖盘
651,13:02:24,18.96,0.01,13,24648,卖盘
652,13:04:57,18.96,0.0,9,17068,卖盘
653,13:05:37,19.05,0.09,10,19050,买盘
654,13:06:27,19.02,-0.03,1,1902,卖盘
655,13:07:48,19.02,0.0,3,5706,买盘
656,13:07:55,19.02,0.0,1,1902,卖盘
657,13:10:52,19.03,0.01,3,5709,买盘
658,13:11:39,19.0,-0.03,1,1900,卖盘
659,13:11:46,19.0,0.0,1,1900,卖盘
660,13:11:49,19.0,0.0,1,1900,卖盘
661,13:12:12,19.0,0.0,20,38000,卖盘
662,13:12:46,19.0,0.0,10,19000,卖盘
663,13:14:09,19.0,0.0,2,3800,卖盘
664,13:15:00,19.0,0.0,3,5700,买盘
665,13:15:51,19.0,0.0,1,1900,卖盘
666,13:16:15,19.0,0.0,1,1900,卖盘
667,13:18:25,19.01,0.01,2,3802,买盘
668,13:18:28,18.97,-0.04,28,53127,卖盘
669,13:19:06,18.98,0.01,10,18980,卖盘
670,13:20:07,18.98,0.0,2,3796,买盘
671,13:20:30,18.98,0.0,9,17106,卖盘
672,13:20:34,18.98,0.0,1,1898,卖盘
673,13:20:46,18.98,0.0,11,20878,卖盘
674,13:21:33,18.99,0.01,30,56970,卖盘
675,13:22:55,18.99,0.0,3,5697,卖盘
676,13:23:21,18.99,0.0,2,3798,买盘
677,13:23:33,18.99,0.0,13,24687,卖盘
678,13:23:54,18.99,0.0,5,9495,买盘
679,13:25:10,18.99,0.0,8,15192,买盘
680,13:25:18,18.99,0.0,2,3798,卖盘
681,13:25:31,18.99,0.0,1,1899,卖盘
682,13:26:10,18.99,0.0,2,3798,卖盘
683,13:26:39,19.0,0.01,10,19000,买盘
684,13:26:43,18.99,-0.01,5,9495,卖盘
685,13:27:24,18.99,0.0,1,1899,卖盘
686,13:27:49,19.0,0.01,3,5700,买盘
687,13:27:54,18.98,-0.02,19,36068,卖盘
688,13:28:00,19.0,0.02,10,19000,买盘
689,13:28:16,18.98,-0.02,1,1898,卖盘
690,13:30:04,19.0,0.02,5,9500,买盘
691,13:30:31,19.0,0.0,1,1900,买盘
692,13:30:40,19.01,0.01,1,1901,买盘
693,13:31:00,19.01,0.0,5,9505,买盘
694,13:31:58,19.0,-0.01,4,7603,卖盘
695,13:33:22,18.98,-0.02,10,17841,卖盘
696,13:33:36,18.97,-0.01,16,30352,卖盘
697,13:33:43,18.97,0.0,2,3794,买盘
698,13:33:46,18.96,-0.01,5,9480,卖盘
699,13:34:06,18.96,0.0,23,43608,卖盘
700,13:34:16,18.96,0.0,1,1896,卖盘
701,13:34:37,18.95,-0.01,6,11370,卖盘
702,13:34:51,18.91,-0.04,79,149439,卖盘
703,13:35:33,18.91,0.0,10,18925,卖盘
704,13:35:36,18.92,0.01,2,3784,买盘
705,13:35:49,18.92,0.0,48,90816,买盘
706,13:36:19,18.92,0.0,1,1892,卖盘
707,13:36:22,18.92,0.0,3,5676,卖盘
708,13:37:40,18.97,0.05,1,1897,买盘
709,13:38:13,18.92,-0.05,11,20816,卖盘
710,13:38:25,18.92,0.0,1,1892,买盘
711,13:38:31,18.91,-0.01,9,17024,卖盘
712,13:38:54,18.98,0.07,13,25813,买盘
713,13:39:03,18.98,0.0,7,12147,卖盘
714,13:40:18,18.91,-0.07,2,3782,卖盘
715,13:40:22,18.91,0.0,2,3782,卖盘
716,13:41:15,18.92,0.01,7,13252,卖盘
717,13:41:28,18.91,-0.01,4,7565,卖盘
718,13:41:37,18.92,0.01,3,5676,买盘
719,13:41:42,18.91,-0.01,30,56730,卖盘
720,13:41:46,18.92,0.01,10,18920,买盘
721,13:41:58,18.92,0.0,10,18920,买盘
722,13:42:19,18.92,0.0,2,3784,买盘
723,13:43:05,18.96,0.04,8,15168,买盘
724,13:43:42,18.97,0.01,10,18970,买盘
725,13:43:51,18.97,0.0,1,1897,卖盘
726,13:44:13,18.97,0.0,21,39837,卖盘
727,13:44:19,18.97,0.0,8,15176,卖盘
728,13:45:46,18.93,-0.04,6,11358,卖盘
729,13:45:55,18.93,0.0,5,9465,卖盘
730,13:45:58,18.93,0.0,3,5679,卖盘
731,13:47:10,18.94,0.01,10,18940,卖盘
732,13:47:15,18.94,0.0,22,41668,买盘
733,13:47:30,18.97,0.03,7,13279,买盘
734,13:48:49,18.94,-0.03,2,3788,卖盘
735,13:49:04,18.94,0.0,6,11364,卖盘
736,13:49:24,18.94,0.0,4,7576,买盘
737,13:49:28,18.93,-0.01,1,1893,卖盘
738,13:49:31,18.93,0.0,3,5679,卖盘
739,13:49:49,18.93,0.0,2,3786,卖盘
740,13:49:52,18.93,0.0,1,1893,卖盘
741,13:49:57,18.9,-0.03,200,378041,卖盘
742,13:50:07,18.93,0.03,2,3786,买盘
743,13:50:21,18.9,-0.03,40,76357,卖盘
744,13:50:25,18.89,-0.01,1,1889,卖盘
745,13:50:40,18.89,0.0,2,3778,卖盘
746,13:50:52,18.89,0.0,6,11334,卖盘
747,13:51:04,18.89,0.0,5,9445,卖盘
748,13:51:19,18.89,0.0,13,24557,卖盘
749,13:51:22,18.88,-0.01,17,32096,卖盘
750,13:51:43,18.88,0.0,24,45312,卖盘
751,13:51:49,18.88,0.0,1,1888,卖盘
752,13:51:52,18.88,0.0,34,64192,卖盘
753,13:51:57,18.88,0.0,84,158628,卖盘
754,13:52:07,18.88,0.0,1,1888,买盘
755,13:52:09,18.88,0.0,4,7552,卖盘
756,13:52:16,18.87,-0.01,1,1887,卖盘
757,13:52:28,18.87,0.0,2,3774,卖盘
758,13:52:43,18.85,-0.02,15,28287,卖盘
759,13:53:01,18.85,0.0,7,13195,卖盘
760,13:53:13,18.85,0.0,12,22620,卖盘
761,13:53:18,18.85,0.0,3,5655,买盘
762,13:53:46,18.86,0.01,1,1886,买盘
763,13:53:58,18.85,-0.01,5,9425,卖盘
764,13:54:07,18.86,0.01,6,11316,买盘
765,13:54:10,18.86,0.0,5,9430,买盘
766,13:54:31,18.86,0.0,3,5659,卖盘
767,13:54:34,18.87,0.01,9,16983,买盘
768,13:54:37,18.86,-0.01,20,37721,卖盘
769,13:54:40,18.86,0.0,5,9430,买盘
770,13:54:46,18.88,0.02,10,18880,买盘
771,13:55:01,18.87,-0.01,10,18870,卖盘
772,13:55:04,18.88,0.01,10,18880,买盘
773,13:55:06,18.88,0.0,5,9440,买盘
774,13:55:16,18.88,0.0,5,9440,买盘
775,13:55:25,18.88,0.0,6,11328,买盘
776,13:55:28,18.88,0.0,3,5664,买盘
777,13:55:40,18.9,0.02,2,3780,买盘
778,13:55:55,18.9,0.0,7,12474,买盘
779,13:56:13,18.9,0.0,6,11340,卖盘
780,13:56:40,18.9,0.0,5,9450,卖盘
781,13:57:19,18.91,0.01,2,3782,卖盘
782,13:57:25,18.91,0.0,1,1891,买盘
783,13:57:34,18.91,0.0,2,3782,买盘
784,13:57:37,18.96,0.05,1,1896,买盘
785,13:58:10,18.96,0.0,4,7584,卖盘
786,13:58:13,18.96,0.0,4,7584,卖盘
787,13:58:21,18.96,0.0,1,1896,卖盘
788,13:58:54,18.91,-0.05,5,9455,卖盘
789,13:59:58,18.9,-0.01,9,17011,卖盘
790,14:00:30,18.9,0.0,9,17010,卖盘
791,14:00:40,18.9,0.0,47,89586,卖盘
792,14:01:01,18.88,-0.02,13,24544,卖盘
793,14:01:13,18.87,-0.01,30,56626,卖盘
794,14:01:43,18.87,0.0,8,15098,卖盘
795,14:01:49,18.85,-0.02,100,188528,卖盘
796,14:02:01,18.88,0.03,4,7552,买盘
797,14:02:19,18.9,0.02,2,3780,买盘
798,14:02:34,18.9,0.0,1,1134,卖盘
799,14:03:37,18.91,0.01,4,7564,卖盘
800,14:03:46,18.91,0.0,4,7564,卖盘
801,14:04:34,18.9,-0.01,15,29106,卖盘
802,14:05:04,18.88,-0.02,3,6419,卖盘
803,14:05:10,18.88,0.0,1,1888,卖盘
804,14:05:12,18.88,0.0,1,1133,买盘
805,14:05:49,18.87,-0.01,5,9435,买盘
806,14:06:10,18.87,0.0,1,1887,卖盘
807,14:06:13,18.88,0.01,22,41536,买盘
808,14:06:16,18.87,-0.01,1,1887,卖盘
809,14:06:19,18.87,0.0,4,7548,卖盘
810,14:06:28,18.87,0.0,15,28305,卖盘
811,14:06:37,18.87,0.0,27,50955,卖盘
812,14:06:49,18.85,-0.02,20,37700,卖盘
813,14:07:10,18.85,0.0,3,5655,卖盘
814,14:07:22,18.86,0.01,7,13202,卖盘
815,14:07:40,18.87,0.01,11,20747,买盘
816,14:07:43,18.86,-0.01,7,13205,卖盘
817,14:07:46,18.85,-0.01,5,9425,卖盘
818,14:08:07,18.85,0.0,3,5657,卖盘
819,14:08:28,18.85,0.0,5,9426,卖盘
820,14:08:43,18.88,0.03,1,1888,买盘
821,14:08:52,18.86,-0.02,3,5658,卖盘
822,14:09:07,18.86,0.0,50,94300,卖盘
823,14:09:28,18.86,0.0,4,7544,卖盘
824,14:09:37,18.88,0.02,1,1888,买盘
825,14:10:25,18.88,0.0,5,9440,卖盘
826,14:10:27,18.88,0.0,26,49088,买盘
827,14:10:37,18.86,-0.02,5,9430,卖盘
828,14:10:49,18.88,0.02,1,1888,买盘
829,14:11:28,18.86,-0.02,9,16974,卖盘
830,14:11:43,18.86,0.0,22,41492,卖盘
831,14:11:54,18.86,0.0,1,1886,买盘
832,14:11:57,18.85,-0.01,2,3770,卖盘
833,14:12:15,18.86,0.01,1,1886,买盘
834,14:12:22,18.86,0.0,3,5658,买盘
835,14:12:28,18.86,0.0,10,18860,买盘
836,14:12:37,18.85,-0.01,12,22620,卖盘
837,14:12:40,18.85,0.0,10,18850,卖盘
838,14:12:49,18.86,0.01,3,5658,买盘
839,14:12:51,18.86,0.0,11,20745,买盘
840,14:13:01,18.85,-0.01,1,1885,卖盘
841,14:13:04,18.86,0.01,4,7544,买盘
842,14:13:10,18.86,0.0,10,18860,买盘
843,14:13:22,18.86,0.0,1,1886,买盘
844,14:13:28,18.86,0.0,10,18860,买盘
845,14:13:37,18.86,0.0,38,71668,买盘
846,14:13:52,18.85,-0.01,51,96174,卖盘
847,14:14:06,18.86,0.01,5,9430,卖盘
848,14:14:10,18.86,0.0,4,7544,买盘
849,14:14:28,18.88,0.02,11,20768,买盘
850,14:14:39,18.86,-0.02,26,49036,卖盘
851,14:14:43,18.88,0.02,8,15104,买盘
852,14:15:13,18.88,0.0,5,9440,卖盘
853,14:15:30,18.88,0.0,2,3776,卖盘
854,14:15:37,18.88,0.0,7,13216,买盘
855,14:16:19,18.86,-0.02,51,96236,卖盘
856,14:16:36,18.86,0.0,3,5660,卖盘
857,14:17:01,18.86,0.0,7,13202,卖盘
858,14:17:16,18.86,0.0,2,3772,卖盘
859,14:17:28,18.87,0.01,4,7548,卖盘
860,14:17:33,18.86,-0.01,60,113190,卖盘
861,14:17:46,18.86,0.0,9,16974,卖盘
862,14:17:49,18.89,0.03,25,47225,买盘
863,14:18:40,18.9,0.01,14,25704,买盘
864,14:18:55,18.89,-0.01,4,7557,卖盘
865,14:19:07,18.89,0.0,5,9445,卖盘
866,14:19:25,18.89,0.0,5,9445,卖盘
867,14:19:52,18.91,0.02,1,1891,买盘
868,14:20:07,18.91,0.0,20,37820,买盘
869,14:20:12,18.91,0.0,45,85095,买盘
870,14:20:28,18.93,0.02,30,56790,买盘
871,14:20:40,18.93,0.0,5,9465,卖盘
872,14:20:43,18.96,0.03,10,18960,买盘
873,14:21:04,18.95,-0.01,1,1895,买盘
874,14:21:16,18.97,0.02,19,36037,买盘
875,14:21:25,18.97,0.0,1,1897,卖盘
876,14:21:28,18.97,0.0,4,7588,卖盘
877,14:21:55,18.95,-0.02,4,7580,卖盘
878,14:22:04,18.92,-0.03,8,15136,卖盘
879,14:22:15,18.9,-0.02,2,3780,买盘
880,14:22:31,18.9,0.0,10,18900,买盘
881,14:22:55,18.89,-0.01,3,5667,卖盘
882,14:23:01,18.89,0.0,4,8312,卖盘
883,14:23:07,18.86,-0.03,67,126425,卖盘
884,14:23:31,18.86,0.0,13,24518,卖盘
885,14:23:34,18.86,0.0,22,41492,买盘
886,14:23:45,18.86,0.0,23,43378,买盘
887,14:23:52,18.85,-0.01,77,145175,卖盘
888,14:24:01,18.86,0.01,8,15088,卖盘
889,14:24:04,18.85,-0.01,52,98020,卖盘
890,14:24:13,18.85,0.0,5,9425,卖盘
891,14:24:28,18.85,0.0,1,1885,买盘
892,14:25:09,18.86,0.01,10,18860,卖盘
893,14:25:22,18.86,0.0,10,18860,买盘
894,14:25:45,18.88,0.02,6,11328,买盘
895,14:25:52,18.85,-0.03,14,26391,卖盘
896,14:26:19,18.88,0.03,4,7552,买盘
897,14:26:58,18.89,0.01,6,10578,买盘
898,14:27:36,18.89,0.0,1,2645,卖盘
899,14:27:49,18.88,-0.01,8,15104,卖盘
900,14:28:28,18.88,0.0,5,8685,卖盘
901,14:28:31,18.88,0.0,3,6419,卖盘
902,14:28:55,18.86,-0.02,5,9430,卖盘
903,14:29:07,18.86,0.0,1,1886,买盘
904,14:29:22,18.85,-0.01,10,18850,卖盘
905,14:29:28,18.86,0.01,1,1886,买盘
906,14:29:31,18.85,-0.01,12,22620,卖盘
907,14:30:16,18.86,0.01,3,5658,买盘
908,14:31:00,18.88,0.02,15,28320,买盘
909,14:31:04,18.86,-0.02,8,15088,卖盘
910,14:31:19,18.83,-0.03,100,188431,卖盘
911,14:31:46,18.83,0.0,10,18830,卖盘
912,14:32:10,18.83,0.0,2,3766,卖盘
913,14:32:16,18.83,0.0,1,1883,卖盘
914,14:32:19,18.87,0.04,23,43337,买盘
915,14:32:22,18.83,-0.04,2,3766,卖盘
916,14:32:28,18.86,0.03,1,1886,中性盘
917,14:32:34,18.86,0.0,1,1886,卖盘
918,14:33:13,18.83,-0.03,46,86618,卖盘
919,14:33:25,18.82,-0.01,3,5646,卖盘
920,14:33:28,18.83,0.01,10,18830,买盘
921,14:33:37,18.83,0.0,12,22594,买盘
922,14:33:46,18.83,0.0,9,16947,买盘
923,14:33:49,18.82,-0.01,48,90337,卖盘
924,14:33:58,18.82,0.0,10,18820,买盘
925,14:34:04,18.81,-0.01,25,47025,卖盘
926,14:34:10,18.81,0.0,71,133551,卖盘
927,14:34:22,18.8,-0.01,40,75200,卖盘
928,14:34:34,18.81,0.01,38,71445,买盘
929,14:34:37,18.81,0.0,84,158682,买盘
930,14:34:40,18.8,-0.01,10,18800,卖盘
931,14:34:43,18.8,0.0,41,77117,卖盘
932,14:34:46,18.8,0.0,41,76328,卖盘
933,14:34:58,18.78,-0.02,13,24414,卖盘
934,14:35:07,18.78,0.0,6,11270,卖盘
935,14:35:16,18.78,0.0,2,3756,卖盘
936,14:35:19,18.78,0.0,1,1878,卖盘
937,14:35:25,18.78,0.0,2,3756,卖盘
938,14:35:46,18.8,0.02,38,71440,买盘
939,14:35:49,18.8,0.0,30,56380,买盘
940,14:35:52,18.8,0.0,3,5640,买盘
941,14:35:58,18.78,-0.02,1,1878,卖盘
942,14:36:01,18.8,0.02,10,18800,买盘
943,14:36:19,18.8,0.0,6,11280,买盘
944,14:36:22,18.8,0.0,7,13160,买盘
945,14:36:25,18.78,-0.02,14,26292,卖盘
946,14:36:31,18.8,0.02,3,5640,买盘
947,14:36:37,18.8,0.0,10,18800,买盘
948,14:36:40,18.8,0.0,2,3760,买盘
949,14:36:43,18.79,-0.01,7,13153,卖盘
950,14:36:46,18.8,0.01,15,28197,买盘
951,14:36:55,18.8,0.0,6,11280,买盘
952,14:37:25,18.8,0.0,61,114680,卖盘
953,14:37:31,18.8,0.0,4,7520,买盘
954,14:37:40,18.78,-0.02,6,11268,卖盘
955,14:37:46,18.8,0.02,3,5640,买盘
956,14:37:49,18.78,-0.02,37,69486,卖盘
957,14:37:55,18.78,0.0,5,9390,买盘
958,14:38:10,18.79,0.01,31,58970,买盘
959,14:38:25,18.8,0.01,13,23312,买盘
960,14:38:28,18.79,-0.01,11,20671,卖盘
961,14:38:40,18.79,0.0,60,112740,卖盘
962,14:38:58,18.79,0.0,1,1879,卖盘
963,14:39:01,18.81,0.02,4,7524,买盘
964,14:39:06,18.79,-0.02,20,37580,卖盘
965,14:39:34,18.79,0.0,10,18790,卖盘
966,14:39:37,18.8,0.01,10,18799,中性盘
967,14:39:43,18.8,0.0,1,1880,卖盘
968,14:40:07,18.81,0.01,2,3761,买盘
969,14:40:19,18.81,0.0,13,24453,买盘
970,14:40:22,18.8,-0.01,1,1880,卖盘
971,14:40:25,18.8,0.0,7,13160,卖盘
972,14:40:31,18.81,0.01,17,31977,买盘
973,14:40:37,18.81,0.0,1,1881,卖盘
974,14:40:40,18.81,0.0,8,15048,卖盘
975,14:40:43,18.81,0.0,11,20691,卖盘
976,14:40:49,18.81,0.0,7,13171,卖盘
977,14:40:52,18.82,0.01,1,1882,买盘
978,14:40:58,18.82,0.0,4,7528,买盘
979,14:41:04,18.81,-0.01,2,3762,卖盘
980,14:41:07,18.81,0.0,64,120384,卖盘
981,14:41:10,18.81,0.0,9,16929,卖盘
982,14:41:28,18.81,0.0,2,3762,买盘
983,14:41:34,18.8,-0.01,8,15040,卖盘
984,14:41:49,18.8,0.0,64,120332,卖盘
985,14:41:58,18.79,-0.01,38,71402,卖盘
986,14:42:01,18.79,0.0,5,9395,卖盘
987,14:42:07,18.79,0.0,15,28561,卖盘
988,14:42:13,18.78,-0.01,2,3756,卖盘
989,14:42:16,18.78,0.0,4,7512,卖盘
990,14:42:19,18.78,0.0,26,48828,卖盘
991,14:42:22,18.78,0.0,24,45072,买盘
992,14:42:25,18.77,-0.01,45,84465,卖盘
993,14:42:34,18.77,0.0,10,18770,买盘
994,14:42:37,18.77,0.0,11,20646,买盘
995,14:42:40,18.76,-0.01,8,15015,卖盘
996,14:42:43,18.76,0.0,14,27014,卖盘
997,14:42:46,18.75,-0.01,183,343212,卖盘
998,14:42:52,18.77,0.02,27,50684,卖盘
999,14:43:04,18.76,-0.01,7,13132,买盘
1000,14:43:07,18.75,-0.01,13,24385,卖盘
1001,14:43:10,18.76,0.01,64,119258,买盘
1002,14:43:13,18.76,0.0,2,4502,买盘
1003,14:43:16,18.76,0.0,8,15008,卖盘
1004,14:43:31,18.76,0.0,2,3752,卖盘
1005,14:43:43,18.78,0.02,4,7512,买盘
1006,14:43:55,18.77,-0.01,3,5631,卖盘
1007,14:43:58,18.77,0.0,1,1877,买盘
1008,14:44:01,18.78,0.01,11,20657,买盘
1009,14:44:04,18.78,0.0,1,1878,买盘
1010,14:44:10,18.78,0.0,1,1878,买盘
1011,14:44:13,18.8,0.02,21,39478,买盘
1012,14:44:25,18.79,-0.01,20,37580,卖盘
1013,14:44:31,18.79,0.0,1,1879,买盘
1014,14:44:49,18.78,-0.01,5,9390,卖盘
1015,14:44:58,18.79,0.01,2,3758,买盘
1016,14:45:01,18.79,0.0,2,3758,买盘
1017,14:45:04,18.79,0.0,1,1879,卖盘
1018,14:45:10,18.79,0.0,20,37580,卖盘
1019,14:45:25,18.79,0.0,3,5637,买盘
1020,14:45:43,18.79,0.0,1,1879,卖盘
1021,14:45:46,18.8,0.01,28,52640,买盘
1022,14:45:49,18.8,0.0,34,63919,买盘
1023,14:46:01,18.8,0.0,3,5640,买盘
1024,14:46:16,18.8,0.0,33,62040,买盘
1025,14:46:19,18.8,0.0,5,9400,买盘
1026,14:46:34,18.8,0.0,15,28200,卖盘
1027,14:46:46,18.8,0.0,15,28200,买盘
1028,14:47:01,18.8,0.0,5,9400,卖盘
1029,14:47:04,18.81,0.01,2,3762,买盘
1030,14:47:16,18.81,0.0,4,7524,买盘
1031,14:47:28,18.81,0.0,7,13167,买盘
1032,14:47:34,18.82,0.01,15,28230,买盘
1033,14:47:46,18.82,0.0,3,5646,买盘
1034,14:47:55,18.82,0.0,10,18820,买盘
1035,14:48:01,18.81,-0.01,1,1881,卖盘
1036,14:48:07,18.81,0.0,1,1881,卖盘
1037,14:48:13,18.83,0.02,36,67777,买盘
1038,14:48:58,18.83,0.0,50,94165,卖盘
1039,14:49:10,18.84,0.01,22,41430,中性盘
1040,14:49:22,18.84,0.0,2,3768,卖盘
1041,14:49:34,18.83,-0.01,44,82852,卖盘
1042,14:49:55,18.83,0.0,20,37660,买盘
1043,14:49:58,18.82,-0.01,22,41423,卖盘
1044,14:50:04,18.82,0.0,1,1882,卖盘
1045,14:50:07,18.82,0.0,1,1882,卖盘
1046,14:50:13,18.84,0.02,3,5652,买盘
1047,14:50:22,18.84,0.0,1,1884,买盘
1048,14:50:25,18.84,0.0,3,5652,买盘
1049,14:50:40,18.84,0.0,1,1884,卖盘
1050,14:50:55,18.84,0.0,4,7536,买盘
1051,14:50:58,18.84,0.0,1,1884,买盘
1052,14:51:04,18.84,0.0,15,28260,买盘
1053,14:51:10,18.84,0.0,1,1884,卖盘
1054,14:51:28,18.88,0.04,12,22656,卖盘
1055,14:51:46,18.89,0.01,12,22658,买盘
1056,14:51:49,18.84,-0.05,60,113044,卖盘
1057,14:52:13,18.88,0.04,3,5664,卖盘
1058,14:52:19,18.84,-0.04,1,1884,卖盘
1059,14:52:34,18.88,0.04,1,1888,买盘
1060,14:52:37,18.84,-0.04,2,3768,卖盘
1061,14:52:55,18.84,0.0,1,754,卖盘
1062,14:53:10,18.84,0.0,29,55766,卖盘
1063,14:53:16,18.84,0.0,1,1884,买盘
1064,14:53:22,18.83,-0.01,2,3766,卖盘
1065,14:53:25,18.83,0.0,8,15064,卖盘
1066,14:53:31,18.83,0.0,54,101682,买盘
1067,14:53:34,18.83,0.0,20,37653,买盘
1068,14:53:37,18.82,-0.01,2,3764,卖盘
1069,14:53:43,18.81,-0.01,3,5644,卖盘
1070,14:53:46,18.82,0.01,7,13174,买盘
1071,14:53:52,18.82,0.0,4,7528,买盘
1072,14:53:58,18.81,-0.01,22,41382,卖盘
1073,14:54:01,18.81,0.0,2,3762,买盘
1074,14:54:04,18.81,0.0,10,18810,买盘
1075,14:54:19,18.8,-0.01,40,75210,卖盘
1076,14:54:28,18.8,0.0,32,60190,卖盘
1077,14:54:34,18.8,0.0,6,11281,卖盘
1078,14:54:40,18.8,0.0,5,9400,卖盘
1079,14:54:43,18.8,0.0,15,28200,卖盘
1080,14:54:55,18.79,-0.01,11,20669,卖盘
1081,14:55:01,18.79,0.0,36,67664,卖盘
1082,14:55:10,18.8,0.01,20,37596,买盘
1083,14:55:13,18.8,0.0,2,3760,买盘
1084,14:55:16,18.8,0.0,19,35720,卖盘
1085,14:55:19,18.8,0.0,3,5640,卖盘
1086,14:55:22,18.8,0.0,40,75200,卖盘
1087,14:55:25,18.8,0.0,7,13160,卖盘
1088,14:55:37,18.8,0.0,13,24450,卖盘
1089,14:55:46,18.8,0.0,39,73320,卖盘
1090,14:55:49,18.8,0.0,4,7520,买盘
1091,14:55:55,18.8,0.0,80,150400,买盘
1092,14:55:58,18.81,0.01,100,188015,买盘
1093,14:56:04,18.8,-0.01,2,3760,卖盘
1094,14:56:07,18.8,0.0,3,5640,卖盘
1095,14:56:19,18.8,0.0,42,78960,卖盘
1096,14:56:22,18.8,0.0,27,50760,卖盘
1097,14:56:31,18.81,0.01,33,62073,买盘
1098,14:56:37,18.81,0.0,5,9405,买盘
1099,14:56:40,18.81,0.0,10,18810,买盘
1100,14:56:46,18.8,-0.01,59,109832,卖盘
1101,14:56:55,18.82,0.02,82,154310,买盘
1102,15:00:05,18.82,0.0,218,410276,卖盘
