,time,price,change,volume,amount,type
0,09:25:04,20.03,0.39,134,268402,卖盘
1,09:30:04,20.05,0.02,61,122202,买盘
2,09:30:07,20.05,0.0,360,721356,中性盘
3,09:30:10,20.05,0.0,173,346948,卖盘
4,09:30:13,20.04,-0.01,73,146292,卖盘
5,09:30:16,20.05,0.01,16,32080,买盘
6,09:30:19,20.04,-0.01,47,94292,卖盘
7,09:30:25,20.08,0.04,5,10040,中性盘
8,09:30:28,20.05,-0.03,16,32095,卖盘
9,09:30:31,20.09,0.04,31,62219,买盘
10,09:30:34,20.05,-0.04,13,26113,卖盘
11,09:30:37,20.05,0.0,10,20050,买盘
12,09:30:40,20.04,-0.01,41,82188,卖盘
13,09:30:43,20.04,0.0,18,36072,卖盘
14,09:30:46,20.04,0.0,37,74146,卖盘
15,09:30:49,20.04,0.0,7,14028,买盘
16,09:30:52,20.03,-0.01,47,94141,卖盘
17,09:30:55,20.03,0.0,24,48072,卖盘
18,09:30:58,20.03,0.0,14,28047,卖盘
19,09:31:01,20.0,-0.03,163,326249,卖盘
20,09:31:04,20.0,0.0,2,4000,买盘
21,09:31:07,20.0,0.0,2,4000,买盘
22,09:31:10,20.0,0.0,9,18000,买盘
23,09:31:13,19.96,-0.04,11,21976,卖盘
24,09:31:16,19.96,0.0,12,23952,卖盘
25,09:31:19,19.96,0.0,15,29940,买盘
26,09:31:25,19.92,-0.04,10,19920,卖盘
27,09:31:34,19.92,0.0,3,5976,卖盘
28,09:31:40,19.95,0.03,9,17947,买盘
29,09:31:43,19.93,-0.02,1,1993,卖盘
30,09:31:46,19.95,0.02,6,11968,买盘
31,09:31:49,19.95,0.0,20,39887,买盘
32,09:31:52,19.9,-0.05,40,79654,卖盘
33,09:31:55,19.93,0.03,30,59790,买盘
34,09:31:58,19.93,0.0,40,79730,卖盘
35,09:32:01,19.95,0.02,5,9974,买盘
36,09:32:04,19.96,0.01,146,291084,买盘
37,09:32:10,19.96,0.0,30,59880,卖盘
38,09:32:13,19.96,0.0,48,95808,卖盘
39,09:32:16,19.98,0.02,6,11980,买盘
40,09:32:19,19.99,0.01,16,31972,买盘
41,09:32:22,19.99,0.0,10,19990,卖盘
42,09:32:25,19.97,-0.02,21,41939,卖盘
43,09:32:28,19.96,-0.01,5,9980,卖盘
44,09:32:31,19.97,0.01,1,1997,买盘
45,09:32:34,19.98,0.01,6,11988,卖盘
46,09:32:37,19.96,-0.02,4,7984,卖盘
47,09:32:40,19.96,0.0,32,63900,卖盘
48,09:32:43,19.96,0.0,4,7984,买盘
49,09:32:49,19.96,0.0,10,19960,买盘
50,09:32:52,19.96,0.0,3,5988,买盘
51,09:32:55,19.97,0.01,6,11979,买盘
52,09:33:05,19.95,-0.02,100,199538,卖盘
53,09:33:07,19.96,0.01,13,25948,中性盘
54,09:33:10,19.99,0.03,50,99845,买盘
55,09:33:13,19.98,-0.01,11,21979,卖盘
56,09:33:16,19.97,-0.01,25,49902,卖盘
57,09:33:19,19.98,0.01,14,27972,卖盘
58,09:33:22,20.0,0.02,27,53980,买盘
59,09:33:25,19.98,-0.02,1,1998,卖盘
60,09:33:28,19.99,0.01,25,49960,中性盘
61,09:33:31,19.98,-0.01,35,69935,卖盘
62,09:33:34,19.98,0.0,5,9990,买盘
63,09:33:37,19.94,-0.04,5,9970,卖盘
64,09:33:40,19.98,0.04,13,25974,买盘
65,09:33:43,19.98,0.0,7,13986,买盘
66,09:33:49,19.98,0.0,25,49930,买盘
67,09:33:52,19.94,-0.04,16,31960,卖盘
68,09:33:55,19.93,-0.01,11,21942,卖盘
69,09:33:58,19.93,0.0,12,23916,买盘
70,09:34:01,19.94,0.01,57,113616,买盘
71,09:34:10,19.94,0.0,45,89745,卖盘
72,09:34:13,19.97,0.03,13,25927,买盘
73,09:34:22,19.98,0.01,52,103866,买盘
74,09:34:25,19.98,0.0,22,43956,卖盘
75,09:34:31,19.99,0.01,21,41967,买盘
76,09:34:34,19.98,-0.01,2,3996,卖盘
77,09:34:37,19.92,-0.06,72,143848,卖盘
78,09:34:43,19.98,0.06,7,13986,买盘
79,09:34:49,19.93,-0.05,24,47908,卖盘
80,09:34:52,19.92,-0.01,19,37873,卖盘
81,09:35:04,19.93,0.01,78,155454,卖盘
82,09:35:06,19.93,0.0,2,3986,卖盘
83,09:35:10,19.96,0.03,19,37914,买盘
84,09:35:13,19.96,0.0,5,9980,卖盘
85,09:35:16,19.93,-0.03,75,149553,卖盘
86,09:35:22,19.96,0.03,4,7984,买盘
87,09:35:28,19.95,-0.01,3,5985,买盘
88,09:35:31,19.95,0.0,17,33915,买盘
89,09:35:43,19.96,0.01,9,17964,买盘
90,09:35:46,19.96,0.0,1,1996,卖盘
91,09:35:52,19.96,0.0,1,1996,卖盘
92,09:35:55,19.97,0.01,25,49915,买盘
93,09:35:58,19.98,0.01,118,235666,买盘
94,09:36:01,19.96,-0.02,29,57884,买盘
95,09:36:07,19.96,0.0,3,5988,买盘
96,09:36:10,19.96,0.0,5,9980,买盘
97,09:36:16,19.96,0.0,7,13972,卖盘
98,09:36:22,19.96,0.0,1,1996,卖盘
99,09:36:25,19.96,0.0,1,1996,卖盘
100,09:36:28,19.96,0.0,2,3992,买盘
101,09:36:37,19.96,0.0,3,5988,卖盘
102,09:36:40,19.96,0.0,4,7984,中性盘
103,09:36:43,19.96,0.0,5,9980,买盘
104,09:36:55,19.93,-0.03,19,37901,卖盘
105,09:37:07,19.95,0.02,14,27930,买盘
106,09:37:10,19.95,0.0,10,19950,卖盘
107,09:37:16,19.95,0.0,4,7980,卖盘
108,09:37:25,19.93,-0.02,38,75764,卖盘
109,09:37:28,19.93,0.0,42,83706,买盘
110,09:37:34,19.92,-0.01,6,11953,卖盘
111,09:37:37,19.92,0.0,70,139490,卖盘
112,09:37:40,19.95,0.03,45,89709,买盘
113,09:37:49,19.93,-0.02,1,1993,卖盘
114,09:37:58,19.93,0.0,42,83706,卖盘
115,09:38:01,19.95,0.02,3,5981,买盘
116,09:38:04,19.93,-0.02,1,1993,中性盘
117,09:38:10,19.95,0.02,17,33883,买盘
118,09:38:16,19.93,-0.02,8,15944,卖盘
119,09:38:19,19.93,0.0,3,5979,卖盘
120,09:38:31,19.93,0.0,21,41853,卖盘
121,09:38:37,19.95,0.02,24,47873,买盘
122,09:38:55,19.95,0.0,15,29925,买盘
123,09:39:01,19.94,-0.01,7,13958,卖盘
124,09:39:10,19.95,0.01,20,39886,买盘
125,09:39:13,19.94,-0.01,20,39880,中性盘
126,09:39:16,19.93,-0.01,10,19933,卖盘
127,09:39:19,19.93,0.0,7,13951,卖盘
128,09:39:22,19.93,0.0,10,19930,买盘
129,09:39:31,19.93,0.0,4,7972,中性盘
130,09:39:37,19.94,0.01,12,23928,买盘
131,09:39:40,19.93,-0.01,10,19932,卖盘
132,09:39:43,19.93,0.0,58,115594,卖盘
133,09:39:46,19.93,0.0,7,13951,买盘
134,09:39:49,19.93,0.0,18,35874,买盘
135,09:39:52,19.93,0.0,2,3986,买盘
136,09:39:55,19.95,0.02,103,206223,买盘
137,09:39:58,19.95,0.0,8,15162,卖盘
138,09:40:01,19.93,-0.02,5,9966,卖盘
139,09:40:04,19.91,-0.02,37,73689,卖盘
140,09:40:07,19.95,0.04,11,21945,买盘
141,09:40:10,19.95,0.0,37,73805,买盘
142,09:40:16,19.93,-0.02,3,5979,卖盘
143,09:40:34,19.92,-0.01,10,19918,买盘
144,09:40:43,19.92,0.0,2,3984,买盘
145,09:40:46,19.92,0.0,4,7968,卖盘
146,09:40:55,19.92,0.0,20,39840,卖盘
147,09:40:58,19.93,0.01,17,33881,买盘
148,09:41:01,19.92,-0.01,7,13947,卖盘
149,09:41:04,19.94,0.02,7,13958,买盘
150,09:41:07,19.94,0.0,10,19940,卖盘
151,09:41:13,19.95,0.01,9,17951,买盘
152,09:41:16,19.94,-0.01,6,11965,卖盘
153,09:41:19,19.92,-0.02,28,55796,卖盘
154,09:41:22,19.95,0.03,1,1995,买盘
155,09:41:31,19.95,0.0,3,5985,买盘
156,09:41:43,19.95,0.0,6,11970,买盘
157,09:41:46,19.95,0.0,4,7979,买盘
158,09:41:49,19.95,0.0,6,11971,卖盘
159,09:41:58,19.95,0.0,23,45885,卖盘
160,09:42:01,19.95,0.0,91,181545,买盘
161,09:42:07,19.94,-0.01,2,3988,买盘
162,09:42:13,19.95,0.01,43,85778,买盘
163,09:42:16,19.93,-0.02,21,41879,卖盘
164,09:42:25,19.93,0.0,58,115659,卖盘
165,09:42:34,19.93,0.0,6,11958,买盘
166,09:42:37,19.92,-0.01,22,43824,卖盘
167,09:42:43,19.93,0.01,3,5979,买盘
168,09:42:49,19.92,-0.01,10,19920,买盘
169,09:42:52,19.92,0.0,1,1992,买盘
170,09:42:58,19.93,0.01,24,47827,买盘
171,09:43:01,19.91,-0.02,18,35838,卖盘
172,09:43:04,19.93,0.02,27,53746,买盘
173,09:43:07,19.9,-0.03,12,23889,卖盘
174,09:43:10,19.9,0.0,5,9950,卖盘
175,09:43:13,19.86,-0.04,34,67590,卖盘
176,09:43:16,19.86,0.0,27,53622,买盘
177,09:43:22,19.86,0.0,10,19860,买盘
178,09:43:25,19.85,-0.01,9,17865,卖盘
179,09:43:28,19.85,0.0,4,7940,卖盘
180,09:43:37,19.82,-0.03,1,1982,卖盘
181,09:43:40,19.82,0.0,9,17838,卖盘
182,09:43:43,19.82,0.0,4,7928,买盘
183,09:43:46,19.85,0.03,4,7937,买盘
184,09:43:58,19.81,-0.04,48,95090,卖盘
185,09:44:01,19.81,0.0,14,27734,买盘
186,09:44:07,19.81,0.0,2,3962,买盘
187,09:44:16,19.81,0.0,5,9905,卖盘
188,09:44:19,19.82,0.01,3,5946,买盘
189,09:44:25,19.81,-0.01,31,61411,卖盘
190,09:44:28,19.81,0.0,24,47544,买盘
191,09:44:34,19.81,0.0,16,31696,买盘
192,09:44:37,19.81,0.0,57,112917,买盘
193,09:44:40,19.82,0.01,10,19820,买盘
194,09:44:52,19.82,0.0,28,55512,卖盘
195,09:44:55,19.82,0.0,5,9910,卖盘
196,09:44:58,19.77,-0.05,162,320514,卖盘
197,09:45:04,19.77,0.0,2,3954,买盘
198,09:45:10,19.77,0.0,20,39540,买盘
199,09:45:13,19.77,0.0,5,9885,买盘
200,09:45:25,19.8,0.03,9,17820,卖盘
201,09:45:43,19.8,0.0,42,83242,卖盘
202,09:45:46,19.8,0.0,2,3960,买盘
203,09:45:52,19.8,0.0,10,19800,买盘
204,09:45:55,19.8,0.0,10,19800,买盘
205,09:46:01,19.8,0.0,26,51480,买盘
206,09:46:04,19.8,0.0,5,9900,卖盘
207,09:46:13,19.85,0.05,23,45579,买盘
208,09:46:25,19.81,-0.04,9,17829,卖盘
209,09:46:43,19.85,0.04,1,1985,买盘
210,09:46:58,19.84,-0.01,40,79360,买盘
211,09:47:01,19.82,-0.02,14,27748,卖盘
212,09:47:10,19.83,0.01,4,7932,中性盘
213,09:47:13,19.84,0.01,5,9916,买盘
214,09:47:16,19.84,0.0,22,43631,买盘
215,09:47:19,19.84,0.0,39,77318,买盘
216,09:47:25,19.82,-0.02,7,13876,卖盘
217,09:47:28,19.82,0.0,70,138740,卖盘
218,09:47:31,19.82,0.0,3,5946,买盘
219,09:47:34,19.82,0.0,35,69370,买盘
220,09:47:40,19.82,0.0,8,15856,买盘
221,09:47:52,19.82,0.0,7,13886,卖盘
222,09:48:07,19.82,0.0,1,1982,卖盘
223,09:48:13,19.84,0.02,7,13887,买盘
224,09:48:16,19.84,0.0,6,11904,买盘
225,09:48:19,19.83,-0.01,1,1983,卖盘
226,09:48:22,19.83,0.0,3,5949,卖盘
227,09:48:25,19.84,0.01,39,77374,买盘
228,09:48:31,19.84,0.0,20,39677,买盘
229,09:48:34,19.85,0.01,67,132982,买盘
230,09:48:43,19.85,0.0,3,5955,买盘
231,09:48:55,19.85,0.0,10,19850,买盘
232,09:48:58,19.85,0.0,35,69475,买盘
233,09:49:01,19.85,0.0,1,1985,买盘
234,09:49:04,19.85,0.0,1,1985,买盘
235,09:49:16,19.85,0.0,14,27790,买盘
236,09:49:22,19.85,0.0,2,3970,买盘
237,09:49:25,19.85,0.0,1,1985,买盘
238,09:49:28,19.85,0.0,70,138950,买盘
239,09:49:31,19.85,0.0,4,7940,买盘
240,09:49:34,19.85,0.0,14,27790,买盘
241,09:49:37,19.85,0.0,25,49625,买盘
242,09:49:40,19.86,0.01,9,17874,买盘
243,09:49:43,19.84,-0.02,12,23817,卖盘
244,09:49:46,19.86,0.02,4,7944,买盘
245,09:49:49,19.86,0.0,53,105258,买盘
246,09:49:52,19.86,0.0,5,9930,买盘
247,09:49:55,19.86,0.0,69,137034,买盘
248,09:50:04,19.87,0.01,3,5964,卖盘
249,09:50:13,19.87,0.0,5,9935,卖盘
250,09:50:16,19.87,0.0,13,25846,卖盘
251,09:50:22,19.9,0.03,33,65577,买盘
252,09:50:46,19.9,0.0,4,7960,买盘
253,09:50:49,19.9,0.0,1,1990,买盘
254,09:50:55,19.9,0.0,2,3980,买盘
255,09:50:58,19.9,0.0,14,27860,买盘
256,09:51:13,19.9,0.0,3,5970,卖盘
257,09:51:16,19.92,0.02,3,5976,买盘
258,09:51:25,19.9,-0.02,2,3980,卖盘
259,09:51:31,19.9,0.0,21,41790,卖盘
260,09:51:37,19.9,0.0,3,5970,买盘
261,09:51:40,19.89,-0.01,3,5967,卖盘
262,09:51:43,19.9,0.01,53,105466,买盘
263,09:51:46,19.9,0.0,3,5970,买盘
264,09:51:52,19.9,0.0,7,13930,买盘
265,09:51:55,19.87,-0.03,68,135139,卖盘
266,09:52:10,19.87,0.0,13,25831,卖盘
267,09:52:13,19.88,0.01,3,5963,买盘
268,09:52:16,19.88,0.0,4,7952,卖盘
269,09:52:19,19.86,-0.02,38,75519,卖盘
270,09:52:22,19.88,0.02,48,95421,买盘
271,09:52:25,19.88,0.0,30,59640,卖盘
272,09:52:31,19.88,0.0,10,19880,卖盘
273,09:52:37,19.88,0.0,4,7952,卖盘
274,09:52:43,19.85,-0.03,95,188679,卖盘
275,09:52:46,19.86,0.01,1,1986,买盘
276,09:52:58,19.85,-0.01,1,1985,卖盘
277,09:53:01,19.85,0.0,22,43671,卖盘
278,09:53:04,19.86,0.01,2,3972,买盘
279,09:53:10,19.86,0.0,1,1986,买盘
280,09:53:13,19.86,0.0,3,5958,买盘
281,09:53:16,19.86,0.0,10,19860,买盘
282,09:53:19,19.86,0.0,9,17874,卖盘
283,09:53:34,19.89,0.03,14,27833,买盘
284,09:53:46,19.9,0.01,3,5970,买盘
285,09:53:49,19.9,0.0,2,3980,买盘
286,09:53:52,19.89,-0.01,10,19890,卖盘
287,09:54:01,19.9,0.01,5,9950,买盘
288,09:54:07,19.86,-0.04,20,39720,卖盘
289,09:54:10,19.9,0.04,12,23880,买盘
290,09:54:34,19.92,0.02,7,13944,买盘
291,09:54:37,19.92,0.0,4,7968,中性盘
292,09:54:46,19.9,-0.02,13,25870,卖盘
293,09:55:16,19.89,-0.01,3,5967,买盘
294,09:55:19,19.89,0.0,1,1989,卖盘
295,09:55:31,19.88,-0.01,5,9940,卖盘
296,09:55:34,19.88,0.0,5,9940,卖盘
297,09:55:37,19.88,0.0,3,5964,卖盘
298,09:55:40,19.89,0.01,3,5965,买盘
299,09:55:58,19.88,-0.01,2,3976,卖盘
300,09:56:01,19.88,0.0,3,5964,卖盘
301,09:56:16,19.87,-0.01,2,3974,买盘
302,09:56:22,19.88,0.01,26,51665,买盘
303,09:56:25,19.86,-0.02,4,7944,卖盘
304,09:56:40,19.87,0.01,5,9935,卖盘
305,09:56:43,19.86,-0.01,1,1986,卖盘
306,09:56:46,19.88,0.02,2,3976,买盘
307,09:56:52,19.88,0.0,2,3976,卖盘
308,09:56:58,19.9,0.02,30,59700,买盘
309,09:57:04,19.9,0.0,1,1990,卖盘
310,09:57:07,19.91,0.01,18,35838,买盘
311,09:57:10,19.91,0.0,3,5973,买盘
312,09:57:13,19.9,-0.01,59,117487,卖盘
313,09:57:16,19.92,0.02,10,19904,买盘
314,09:57:22,19.93,0.01,1,1993,买盘
315,09:57:25,19.93,0.0,1,1993,买盘
316,09:57:28,19.93,0.0,1,1993,买盘
317,09:57:31,19.93,0.0,1,1993,买盘
318,09:57:34,19.97,0.04,22,43876,买盘
319,09:57:40,19.94,-0.03,21,41877,卖盘
320,09:57:46,19.97,0.03,2,3994,买盘
321,09:57:49,19.98,0.01,16,31959,买盘
322,09:57:58,19.98,0.0,12,23976,买盘
323,09:58:01,19.98,0.0,31,61938,买盘
324,09:58:07,20.0,0.02,41,81962,买盘
325,09:58:13,20.0,0.0,3,6000,买盘
326,09:58:16,19.99,-0.01,6,11999,卖盘
327,09:58:19,19.99,0.0,9,17991,卖盘
328,09:58:22,20.0,0.01,24,48000,买盘
329,09:58:25,20.0,0.0,20,40000,买盘
330,09:58:28,20.0,0.0,30,60000,买盘
331,09:58:34,20.0,0.0,60,119980,买盘
332,09:58:40,20.02,0.02,21,42022,买盘
333,09:58:43,20.02,0.0,1,2002,卖盘
334,09:58:49,20.03,0.01,10,20030,买盘
335,09:58:52,20.05,0.02,87,174391,买盘
336,09:58:55,20.05,0.0,6,12030,卖盘
337,09:58:58,20.05,0.0,3,6015,卖盘
338,09:59:04,20.05,0.0,4,8020,卖盘
339,09:59:07,20.05,0.0,11,22055,买盘
340,09:59:10,20.06,0.01,20,40119,买盘
341,09:59:13,20.05,-0.01,11,22055,中性盘
342,09:59:16,20.06,0.01,49,98255,买盘
343,09:59:19,20.06,0.0,2,4012,买盘
344,09:59:25,20.06,0.0,44,88264,买盘
345,09:59:28,20.06,0.0,1,2006,卖盘
346,09:59:31,20.07,0.01,9,18063,买盘
347,09:59:34,20.06,-0.01,16,32097,卖盘
348,09:59:37,20.06,0.0,3,7623,卖盘
349,09:59:40,20.06,0.0,25,50150,卖盘
350,09:59:43,20.06,0.0,15,30099,卖盘
351,09:59:46,20.06,0.0,115,229260,卖盘
352,09:59:49,20.06,0.0,1,2006,买盘
353,09:59:58,20.05,-0.01,10,20050,买盘
354,10:00:04,20.06,0.01,24,48126,买盘
355,10:00:07,20.06,0.0,29,58172,买盘
356,10:00:10,20.05,-0.01,11,22065,卖盘
357,10:00:13,20.05,0.0,44,88220,卖盘
358,10:00:16,20.06,0.01,2,4012,买盘
359,10:00:19,20.05,-0.01,1,2005,卖盘
360,10:00:25,20.06,0.01,2,4012,买盘
361,10:00:28,20.05,-0.01,11,22055,卖盘
362,10:00:31,20.06,0.01,15,30078,买盘
363,10:00:37,20.05,-0.01,11,22052,买盘
364,10:00:40,20.05,0.0,10,20050,买盘
365,10:00:43,20.04,-0.01,3,6012,卖盘
366,10:00:46,20.04,0.0,6,12024,卖盘
367,10:00:49,20.04,0.0,2,4009,卖盘
368,10:00:52,20.03,-0.01,2,4006,卖盘
369,10:00:55,20.04,0.01,3,6012,买盘
370,10:00:58,20.03,-0.01,1,2003,卖盘
371,10:01:01,20.02,-0.01,3,6006,卖盘
372,10:01:13,20.0,-0.02,50,100030,卖盘
373,10:01:25,20.0,0.0,1,2000,卖盘
374,10:01:31,19.99,-0.01,60,119992,卖盘
375,10:01:40,20.0,0.01,10,20000,买盘
376,10:01:46,19.99,-0.01,12,23988,卖盘
377,10:01:49,19.99,0.0,10,19990,买盘
378,10:01:52,19.99,0.0,12,23988,卖盘
379,10:02:01,19.99,0.0,3,5997,卖盘
380,10:02:07,20.0,0.01,2,3999,买盘
381,10:02:13,20.0,0.0,2,4000,买盘
382,10:02:18,20.0,0.0,55,109980,买盘
383,10:02:22,20.0,0.0,3,6000,买盘
384,10:02:46,20.0,0.0,14,28000,买盘
385,10:02:49,20.0,0.0,16,32000,买盘
386,10:02:52,19.99,-0.01,2,3999,卖盘
387,10:03:04,19.98,-0.01,14,27986,卖盘
388,10:03:46,20.0,0.02,3,6000,买盘
389,10:04:15,20.0,0.0,3,6000,买盘
390,10:04:28,19.98,-0.02,10,19980,卖盘
391,10:04:46,19.98,0.0,6,11992,卖盘
392,10:05:16,19.95,-0.03,66,131682,卖盘
393,10:05:19,19.95,0.0,6,11970,买盘
394,10:05:22,19.95,0.0,10,19950,买盘
395,10:05:25,19.93,-0.02,2,3986,卖盘
396,10:05:28,19.95,0.02,20,39900,买盘
397,10:05:46,19.92,-0.03,60,119530,卖盘
398,10:05:58,19.92,0.0,6,11952,买盘
399,10:06:01,19.9,-0.02,15,29859,卖盘
400,10:06:04,19.92,0.02,24,47802,买盘
401,10:06:13,19.92,0.0,1,1992,卖盘
402,10:06:16,19.92,0.0,35,69720,卖盘
403,10:06:24,19.92,0.0,6,11952,买盘
404,10:06:40,19.93,0.01,18,37070,买盘
405,10:06:52,19.94,0.01,1,1994,卖盘
406,10:06:58,19.95,0.01,19,37922,卖盘
407,10:07:01,19.96,0.01,9,17956,买盘
408,10:07:04,19.94,-0.02,7,13958,卖盘
409,10:07:28,19.94,0.0,2,3988,卖盘
410,10:07:34,19.94,0.0,1,1994,卖盘
411,10:07:40,19.94,0.0,20,39880,卖盘
412,10:07:43,19.94,0.0,1,1994,卖盘
413,10:07:54,19.94,0.0,10,19940,卖盘
414,10:07:58,19.94,0.0,1,1994,卖盘
415,10:08:10,19.94,0.0,3,5982,卖盘
416,10:08:19,19.94,0.0,14,27916,卖盘
417,10:08:43,19.94,0.0,1,1994,买盘
418,10:09:01,19.93,-0.01,16,31888,卖盘
419,10:09:25,19.94,0.01,21,41874,买盘
420,10:09:37,19.94,0.0,10,19940,卖盘
421,10:09:46,19.93,-0.01,50,99650,卖盘
422,10:10:04,19.95,0.02,19,37905,买盘
423,10:10:10,19.95,0.0,2,3990,买盘
424,10:10:37,19.95,0.0,3,5985,买盘
425,10:10:43,19.95,0.0,6,11974,卖盘
426,10:10:55,19.96,0.01,21,41916,买盘
427,10:11:04,19.96,0.0,2,3992,卖盘
428,10:11:16,19.98,0.02,30,59940,买盘
429,10:11:28,19.99,0.01,15,29985,买盘
430,10:11:31,19.99,0.0,66,131934,买盘
431,10:11:34,19.99,0.0,7,13993,买盘
432,10:11:46,19.99,0.0,14,27986,买盘
433,10:11:49,20.0,0.01,20,40000,买盘
434,10:11:58,19.99,-0.01,2,3998,卖盘
435,10:12:01,20.0,0.01,4,8000,买盘
436,10:12:04,20.0,0.0,17,34000,买盘
437,10:12:10,20.0,0.0,15,30000,买盘
438,10:12:16,20.0,0.0,20,40000,买盘
439,10:12:40,20.0,0.0,20,40000,卖盘
440,10:12:49,20.0,0.0,4,8000,卖盘
441,10:12:52,20.01,0.01,31,62021,买盘
442,10:13:07,20.01,0.0,30,60045,卖盘
443,10:13:10,20.01,0.0,10,20010,卖盘
444,10:13:16,20.01,0.0,1,2001,买盘
445,10:13:22,20.02,0.01,16,32030,买盘
446,10:13:25,20.0,-0.02,31,62000,卖盘
447,10:13:37,20.01,0.01,20,40020,买盘
448,10:13:49,20.01,0.0,9,18009,卖盘
449,10:13:52,20.0,-0.01,1,2000,卖盘
450,10:14:03,20.0,0.0,2,4000,卖盘
451,10:14:10,20.0,0.0,8,16000,卖盘
452,10:14:13,20.01,0.01,1,2001,买盘
453,10:14:19,20.0,-0.01,4,8000,卖盘
454,10:14:37,19.99,-0.01,3,5997,卖盘
455,10:14:39,19.99,0.0,1,1999,卖盘
456,10:14:43,19.99,0.0,10,19990,卖盘
457,10:15:19,19.99,0.0,10,19984,买盘
458,10:15:31,19.98,-0.01,2,3996,卖盘
459,10:15:34,19.98,0.0,8,15984,卖盘
460,10:15:37,19.98,0.0,5,9990,卖盘
461,10:15:49,19.97,-0.01,30,59910,卖盘
462,10:15:52,19.97,0.0,4,7988,卖盘
463,10:15:55,19.96,-0.01,2,3992,卖盘
464,10:16:16,19.95,-0.01,10,19953,卖盘
465,10:16:19,19.97,0.02,23,45931,买盘
466,10:16:25,19.97,0.0,8,15976,卖盘
467,10:16:34,19.97,0.0,21,41955,卖盘
468,10:16:42,19.98,0.01,5,9990,买盘
469,10:16:46,19.97,-0.01,5,9985,卖盘
470,10:17:04,19.97,0.0,50,99850,卖盘
471,10:17:07,19.97,0.0,14,27958,卖盘
472,10:17:10,19.97,0.0,3,5991,买盘
473,10:17:46,19.96,-0.01,5,9980,卖盘
474,10:18:04,19.96,0.0,15,29940,卖盘
475,10:18:10,19.96,0.0,1,1996,买盘
476,10:18:13,19.95,-0.01,4,7980,卖盘
477,10:18:16,19.95,0.0,6,11970,卖盘
478,10:18:28,19.93,-0.02,8,15944,卖盘
479,10:18:46,19.86,-0.07,100,199000,卖盘
480,10:19:46,19.88,0.02,34,67592,卖盘
481,10:19:54,19.88,0.0,32,63616,卖盘
482,10:20:16,19.88,0.0,39,77532,买盘
483,10:21:28,19.89,0.01,2,3978,卖盘
484,10:21:52,19.88,-0.01,67,133196,卖盘
485,10:21:57,19.88,0.0,42,83496,买盘
486,10:22:04,19.87,-0.01,5,9935,卖盘
487,10:22:07,19.87,0.0,2,3974,卖盘
488,10:22:19,19.88,0.01,12,23856,买盘
489,10:22:22,19.87,-0.01,10,19870,卖盘
490,10:22:31,19.87,0.0,33,65584,卖盘
491,10:22:49,19.86,-0.01,19,37734,卖盘
492,10:23:10,19.86,0.0,69,137034,卖盘
493,10:23:31,19.86,0.0,51,101286,卖盘
494,10:23:48,19.86,0.0,5,9930,卖盘
495,10:23:58,19.86,0.0,4,7944,卖盘
496,10:25:28,19.87,0.01,3,5961,卖盘
497,10:25:30,19.88,0.01,6,11928,买盘
498,10:26:07,19.88,0.0,2,3976,卖盘
499,10:26:49,19.89,0.01,1,1989,卖盘
500,10:27:25,19.89,0.0,2,3978,卖盘
501,10:28:34,19.89,0.0,1,1989,卖盘
502,10:29:27,19.91,0.02,2,3982,买盘
503,10:29:31,19.89,-0.02,20,39780,卖盘
504,10:30:18,19.88,-0.01,12,23856,卖盘
505,10:30:46,19.88,0.0,10,19880,卖盘
506,10:30:54,19.88,0.0,4,7952,卖盘
507,10:31:28,19.88,0.0,8,15904,卖盘
508,10:31:36,19.87,-0.01,14,27818,卖盘
509,10:31:52,19.87,0.0,5,9935,卖盘
510,10:32:06,19.87,0.0,3,5961,卖盘
511,10:32:16,19.87,0.0,6,11922,买盘
512,10:32:25,19.87,0.0,16,31792,卖盘
513,10:32:37,19.87,0.0,2,3974,买盘
514,10:32:48,19.87,0.0,1,1987,买盘
515,10:32:51,19.87,0.0,3,5961,买盘
516,10:33:04,19.86,-0.01,1,1986,卖盘
517,10:33:13,19.87,0.01,2,3974,买盘
518,10:33:58,19.89,0.02,14,27846,买盘
519,10:34:34,19.9,0.01,1,1990,买盘
520,10:34:52,19.9,0.0,5,9950,买盘
521,10:35:37,19.9,0.0,46,91540,买盘
522,10:35:48,19.9,0.0,6,11935,买盘
523,10:36:15,19.9,0.0,2,3980,买盘
524,10:36:22,19.9,0.0,3,5970,买盘
525,10:36:25,19.9,0.0,2,3980,买盘
526,10:36:31,19.89,-0.01,1,1989,卖盘
527,10:36:33,19.89,0.0,9,17901,卖盘
528,10:36:36,19.89,0.0,1,1989,买盘
529,10:36:52,19.9,0.01,2,3980,买盘
530,10:37:06,19.9,0.0,13,25870,买盘
531,10:37:13,19.9,0.0,2,3980,卖盘
532,10:37:28,19.9,0.0,3,5970,买盘
533,10:37:34,19.9,0.0,5,9950,卖盘
534,10:37:42,19.9,0.0,22,43787,卖盘
535,10:37:49,19.92,0.02,36,71712,买盘
536,10:37:55,19.94,0.02,2,3988,买盘
537,10:38:01,19.94,0.0,10,19940,买盘
538,10:38:10,19.93,-0.01,5,9965,卖盘
539,10:38:27,19.93,0.0,3,5979,买盘
540,10:38:54,19.93,0.0,5,9965,买盘
541,10:39:18,19.92,-0.01,54,107568,卖盘
542,10:39:22,19.92,0.0,1,1992,买盘
543,10:39:58,19.92,0.0,1,1992,买盘
544,10:40:01,19.89,-0.03,10,19896,卖盘
545,10:40:37,19.9,0.01,2,3980,卖盘
546,10:41:10,19.9,0.0,10,19900,买盘
547,10:41:25,19.89,-0.01,48,95472,卖盘
548,10:41:43,19.88,-0.01,9,17896,卖盘
549,10:41:49,19.89,0.01,10,19890,买盘
550,10:42:01,19.88,-0.01,30,59640,卖盘
551,10:42:04,19.88,0.0,3,5964,买盘
552,10:42:07,19.88,0.0,1,1988,买盘
553,10:42:13,19.87,-0.01,17,33799,卖盘
554,10:42:15,19.89,0.02,8,15912,买盘
555,10:42:25,19.89,0.0,8,15912,买盘
556,10:42:31,19.9,0.01,8,15915,买盘
557,10:42:40,19.89,-0.01,15,29835,买盘
558,10:42:55,19.88,-0.01,15,29820,卖盘
559,10:42:58,19.89,0.01,2,3978,买盘
560,10:43:04,19.89,0.0,10,19890,买盘
561,10:43:07,19.89,0.0,34,67626,买盘
562,10:43:16,19.9,0.01,10,19900,买盘
563,10:43:22,19.89,-0.01,10,19890,卖盘
564,10:43:25,19.9,0.01,4,7960,买盘
565,10:43:40,19.9,0.0,15,29850,买盘
566,10:43:45,19.9,0.0,4,7960,买盘
567,10:43:49,19.92,0.02,27,53734,买盘
568,10:43:54,19.92,0.0,3,5976,卖盘
569,10:43:58,19.92,0.0,3,5976,卖盘
570,10:44:10,19.92,0.0,17,33864,买盘
571,10:44:15,19.92,0.0,1,1992,卖盘
572,10:44:19,19.93,0.01,5,9961,买盘
573,10:44:49,19.91,-0.02,10,19896,买盘
574,10:44:55,19.91,0.0,5,9955,买盘
575,10:45:04,19.91,0.0,2,3982,买盘
576,10:45:10,19.91,0.0,2,3982,卖盘
577,10:45:13,19.91,0.0,17,33847,卖盘
578,10:45:21,19.92,0.01,12,23901,买盘
579,10:45:46,19.91,-0.01,3,5973,买盘
580,10:45:58,19.91,0.0,15,29865,卖盘
581,10:46:01,19.91,0.0,2,3982,买盘
582,10:46:22,19.9,-0.01,3,5970,卖盘
583,10:47:04,19.89,-0.01,20,39780,卖盘
584,10:47:10,19.88,-0.01,10,19882,卖盘
585,10:47:46,19.88,0.0,33,65604,卖盘
586,10:47:49,19.88,0.0,8,15904,卖盘
587,10:48:04,19.87,-0.01,42,83454,卖盘
588,10:48:28,19.86,-0.01,6,11916,卖盘
589,10:48:37,19.86,0.0,135,268160,卖盘
590,10:49:19,19.87,0.01,12,23844,买盘
591,10:49:31,19.88,0.01,16,31808,买盘
592,10:49:46,19.87,-0.01,9,17883,卖盘
593,10:49:55,19.88,0.01,11,21868,买盘
594,10:50:04,19.88,0.0,25,49700,卖盘
595,10:50:13,19.88,0.0,3,5964,卖盘
596,10:50:31,19.88,0.0,2,3976,买盘
597,10:50:34,19.87,-0.01,5,9935,卖盘
598,10:50:52,19.88,0.01,30,59640,买盘
599,10:51:09,19.89,0.01,1,1989,卖盘
600,10:51:28,19.9,0.01,50,99500,买盘
601,10:51:36,19.9,0.0,5,9950,买盘
602,10:51:52,19.9,0.0,10,19900,买盘
603,10:52:16,19.9,0.0,13,25870,买盘
604,10:53:10,19.89,-0.01,2,3978,卖盘
605,10:53:16,19.89,0.0,21,41769,卖盘
606,10:54:07,19.88,-0.01,1,1988,卖盘
607,10:54:22,19.88,0.0,5,9940,卖盘
608,10:54:28,19.88,0.0,1,1988,买盘
609,10:54:31,19.88,0.0,4,7952,买盘
610,10:54:58,19.87,-0.01,1,1987,卖盘
611,10:55:10,19.87,0.0,8,15896,卖盘
612,10:55:31,19.87,0.0,7,13909,买盘
613,10:55:34,19.86,-0.01,4,6752,卖盘
614,10:55:43,19.87,0.01,39,77487,买盘
615,10:56:07,19.88,0.01,5,9940,买盘
616,10:56:12,19.88,0.0,1,3181,卖盘
617,10:56:19,19.89,0.01,9,17901,买盘
618,10:57:01,19.9,0.01,30,59700,买盘
619,10:57:10,19.9,0.0,7,13930,买盘
620,10:57:22,19.91,0.01,10,19903,买盘
621,10:57:37,19.91,0.0,1,1991,买盘
622,10:57:52,19.91,0.0,6,11946,买盘
623,10:58:00,19.9,-0.01,5,9950,卖盘
624,10:58:13,19.93,0.03,46,91642,买盘
625,10:58:25,19.9,-0.03,8,15920,卖盘
626,10:58:37,19.9,0.0,5,8756,买盘
627,10:58:51,19.9,0.0,1,3582,买盘
628,10:59:07,19.9,0.0,6,11542,卖盘
629,10:59:22,19.9,0.0,14,27860,买盘
630,10:59:31,19.89,-0.01,4,7956,卖盘
631,10:59:42,19.89,0.0,11,21879,卖盘
632,11:00:12,19.87,-0.02,10,19870,卖盘
633,11:00:15,19.86,-0.01,10,19860,买盘
634,11:00:31,19.86,0.0,4,7944,买盘
635,11:00:37,19.86,0.0,2,3972,买盘
636,11:00:54,19.85,-0.01,10,19850,卖盘
637,11:01:22,19.85,0.0,8,15880,卖盘
638,11:01:43,19.85,0.0,4,7940,买盘
639,11:01:48,19.84,-0.01,19,37697,卖盘
640,11:01:52,19.83,-0.01,10,19830,卖盘
641,11:01:55,19.83,0.0,2,3966,买盘
642,11:01:58,19.83,0.0,11,21813,买盘
643,11:02:01,19.83,0.0,4,7932,买盘
644,11:02:07,19.83,0.0,6,11898,买盘
645,11:02:10,19.83,0.0,1,1983,买盘
646,11:02:13,19.82,-0.01,23,45590,卖盘
647,11:02:16,19.83,0.01,14,27762,买盘
648,11:02:19,19.84,0.01,3,5952,买盘
649,11:02:40,19.89,0.05,5,9945,买盘
650,11:03:09,19.85,-0.04,10,19850,卖盘
651,11:03:13,19.85,0.0,7,13895,卖盘
652,11:03:36,19.85,0.0,3,5955,买盘
653,11:03:39,19.85,0.0,16,31760,买盘
654,11:03:54,19.85,0.0,21,41685,卖盘
655,11:04:09,19.85,0.0,9,17865,买盘
656,11:04:22,19.84,-0.01,10,19840,卖盘
657,11:04:33,19.84,0.0,5,9920,卖盘
658,11:04:43,19.85,0.0,1,1985,卖盘
659,11:04:55,19.85,0.0,8,15880,卖盘
660,11:04:58,19.85,0.0,3,5955,卖盘
661,11:05:13,19.89,0.04,2,3978,买盘
662,11:06:10,19.86,-0.03,2,3972,卖盘
663,11:06:12,19.86,0.0,8,15888,买盘
664,11:06:39,19.86,0.0,2,3972,卖盘
665,11:06:46,19.85,-0.01,72,142946,卖盘
666,11:06:58,19.85,0.0,2,3970,卖盘
667,11:07:22,19.85,0.0,2,3970,卖盘
668,11:07:58,19.88,0.03,20,39760,买盘
669,11:08:34,19.88,0.0,3,5964,卖盘
670,11:09:31,19.88,0.0,3,5964,买盘
671,11:09:43,19.88,0.0,3,5964,卖盘
672,11:09:54,19.88,0.0,1,1988,卖盘
673,11:10:18,19.88,0.0,3,5964,卖盘
674,11:10:25,19.89,0.01,15,29835,买盘
675,11:11:58,19.88,-0.01,11,21868,卖盘
676,11:12:22,19.89,0.01,7,13923,买盘
677,11:12:34,19.88,-0.01,5,9940,卖盘
678,11:12:37,19.89,0.01,12,23868,买盘
679,11:13:28,19.89,0.0,2,3978,卖盘
680,11:13:37,19.88,-0.01,16,31814,卖盘
681,11:14:40,19.87,-0.01,1,1987,卖盘
682,11:14:58,19.87,0.0,4,7948,卖盘
683,11:15:03,19.87,0.0,10,19870,卖盘
684,11:15:21,19.86,-0.01,10,19860,卖盘
685,11:15:45,19.86,0.0,11,21846,卖盘
686,11:15:49,19.87,0.01,5,9935,买盘
687,11:16:01,19.89,0.02,11,21879,买盘
688,11:16:31,19.88,-0.01,15,29820,卖盘
689,11:16:34,19.88,0.0,1,1988,买盘
690,11:16:36,19.88,0.0,1,1988,买盘
691,11:16:40,19.88,0.0,1,1988,买盘
692,11:16:43,19.88,0.0,1,1988,买盘
693,11:16:46,19.88,0.0,1,1988,买盘
694,11:17:07,19.89,0.01,2,3978,买盘
695,11:17:46,19.9,0.01,15,29850,买盘
696,11:17:54,19.91,0.01,14,27874,买盘
697,11:18:27,19.92,0.01,17,33864,买盘
698,11:18:49,19.92,0.0,2,3984,买盘
699,11:19:07,19.92,0.0,3,5976,买盘
700,11:19:19,19.92,0.0,2,3984,卖盘
701,11:19:21,19.92,0.0,2,3984,买盘
702,11:19:34,19.92,0.0,98,195194,买盘
703,11:19:37,19.92,0.0,2,3984,卖盘
704,11:19:43,19.93,0.01,1,1993,买盘
705,11:19:46,19.92,-0.01,5,9960,卖盘
706,11:19:58,19.93,0.01,1,1993,买盘
707,11:20:04,19.92,-0.01,26,51792,卖盘
708,11:20:07,19.93,0.01,34,67734,买盘
709,11:20:24,19.91,-0.02,5,9955,买盘
710,11:20:54,19.91,0.0,51,101473,买盘
711,11:21:10,19.93,0.02,4,7972,买盘
712,11:21:31,19.91,-0.02,1,1991,卖盘
713,11:21:43,19.91,0.0,20,39820,卖盘
714,11:21:48,19.91,0.0,1,1991,卖盘
715,11:22:09,19.91,0.0,1,1991,买盘
716,11:22:34,19.91,0.0,5,9955,买盘
717,11:22:45,19.91,0.0,1,1991,买盘
718,11:23:28,19.88,-0.03,1,1988,卖盘
719,11:24:04,19.91,0.03,5,9955,买盘
720,11:24:40,19.89,-0.02,20,39781,卖盘
721,11:24:55,19.89,0.0,6,11934,卖盘
722,11:25:51,19.91,0.02,1,1991,买盘
723,11:26:10,19.9,-0.01,14,27860,卖盘
724,11:26:18,19.9,0.0,6,11940,卖盘
725,11:26:52,19.89,-0.01,3,5967,卖盘
726,11:27:00,19.89,0.0,1,1989,卖盘
727,11:27:09,19.89,0.0,6,11934,卖盘
728,11:27:33,19.89,0.0,9,17901,卖盘
729,11:27:46,19.89,0.0,4,7956,卖盘
730,11:28:33,19.88,-0.01,63,125244,卖盘
731,11:28:37,19.88,0.0,4,7952,买盘
732,11:29:07,19.88,0.0,2,3976,买盘
733,11:29:16,19.88,0.0,4,7952,买盘
734,11:29:19,19.85,-0.03,3,5955,卖盘
735,11:29:31,19.88,0.03,1,1988,买盘
736,11:29:52,19.85,-0.03,17,33745,卖盘
737,11:29:58,19.89,0.04,1,1989,买盘
738,13:00:05,19.89,0.0,3,5967,买盘
739,13:00:07,19.9,0.01,315,624795,买盘
740,13:00:40,19.9,0.0,4,7960,买盘
741,13:01:25,19.9,0.0,11,21884,买盘
742,13:01:27,19.9,0.0,1,1990,买盘
743,13:01:30,19.9,0.0,2,3980,买盘
744,13:01:34,19.89,-0.01,24,47736,卖盘
745,13:01:37,19.89,0.0,1,1989,买盘
746,13:02:54,19.87,-0.02,6,11922,买盘
747,13:03:07,19.86,-0.01,7,13905,卖盘
748,13:03:46,19.86,0.0,5,9930,卖盘
749,13:03:52,19.86,0.0,4,7944,卖盘
750,13:03:55,19.86,0.0,15,29790,卖盘
751,13:04:07,19.85,-0.01,2,3970,卖盘
752,13:05:25,19.85,0.0,20,39700,买盘
753,13:05:27,19.85,0.0,19,37715,卖盘
754,13:05:30,19.85,0.0,13,25805,卖盘
755,13:05:46,19.85,0.0,28,55580,卖盘
756,13:05:55,19.85,0.0,5,9925,卖盘
757,13:06:10,19.85,0.0,2,3970,卖盘
758,13:06:57,19.85,0.0,17,33745,卖盘
759,13:07:16,19.82,-0.03,1,1982,卖盘
760,13:07:19,19.82,0.0,1,1982,卖盘
761,13:07:36,19.82,0.0,4,7928,卖盘
762,13:07:52,19.81,-0.01,22,43583,卖盘
763,13:07:58,19.81,0.0,3,5943,卖盘
764,13:08:04,19.81,0.0,1,1981,买盘
765,13:08:10,19.81,0.0,1,1981,买盘
766,13:08:12,19.8,-0.01,153,302902,卖盘
767,13:08:16,19.81,0.01,32,63366,买盘
768,13:08:40,19.81,0.0,2,3962,卖盘
769,13:08:46,19.81,0.0,22,43582,卖盘
770,13:09:00,19.8,-0.01,13,25742,卖盘
771,13:09:04,19.8,0.0,21,41580,卖盘
772,13:09:10,19.8,0.0,39,77264,卖盘
773,13:09:13,19.81,0.01,38,75226,买盘
774,13:09:19,19.81,0.0,15,29715,卖盘
775,13:09:27,19.81,0.0,2,3962,卖盘
776,13:09:40,19.81,0.0,8,15848,卖盘
777,13:09:57,19.8,-0.01,10,19807,卖盘
778,13:10:30,19.8,0.0,1,2020,卖盘
779,13:10:33,19.8,0.0,7,13860,买盘
780,13:10:37,19.8,0.0,5,9900,买盘
781,13:10:39,19.8,0.0,7,13820,买盘
782,13:10:46,19.79,-0.01,11,21780,卖盘
783,13:10:49,19.82,0.03,1,1982,买盘
784,13:10:58,19.82,0.0,7,13874,买盘
785,13:11:01,19.82,0.0,1,1982,买盘
786,13:11:04,19.82,0.0,1,1982,买盘
787,13:11:10,19.82,0.0,8,15856,买盘
788,13:11:15,19.82,0.0,1,1982,买盘
789,13:11:24,19.82,0.0,6,11892,买盘
790,13:11:34,19.82,0.0,4,7928,买盘
791,13:12:30,19.82,0.0,1,1982,卖盘
792,13:13:40,19.85,0.03,1,1985,买盘
793,13:13:46,19.85,0.0,5,9925,买盘
794,13:13:54,19.85,0.0,19,37702,买盘
795,13:14:46,19.85,0.0,10,19848,买盘
796,13:14:52,19.8,-0.05,38,75247,卖盘
797,13:15:34,19.8,0.0,5,9900,买盘
798,13:15:37,19.8,0.0,7,13860,买盘
799,13:16:07,19.8,0.0,14,27720,卖盘
800,13:16:15,19.79,-0.01,5,9895,卖盘
801,13:16:27,19.79,0.0,10,19790,卖盘
802,13:16:30,19.79,0.0,5,9895,卖盘
803,13:16:42,19.79,0.0,2,3958,卖盘
804,13:16:46,19.79,0.0,5,9895,卖盘
805,13:16:51,19.78,-0.01,22,43558,卖盘
806,13:17:34,19.79,0.01,5,9892,买盘
807,13:17:55,19.79,0.0,3,5937,买盘
808,13:18:06,19.79,0.0,2,3958,买盘
809,13:18:13,19.79,0.0,12,23708,买盘
810,13:18:46,19.8,0.01,1,1980,买盘
811,13:19:16,19.8,0.0,1,1980,买盘
812,13:19:28,19.78,-0.02,38,75179,卖盘
813,13:19:42,19.78,0.0,6,11868,买盘
814,13:19:45,19.77,-0.01,14,27678,卖盘
815,13:19:49,19.77,0.0,3,5931,卖盘
816,13:20:04,19.75,-0.02,25,49395,卖盘
817,13:20:19,19.75,0.0,3,5929,卖盘
818,13:20:28,19.73,-0.02,1,1973,卖盘
819,13:20:33,19.73,0.0,4,7892,卖盘
820,13:20:37,19.72,-0.01,19,37475,卖盘
821,13:20:39,19.72,0.0,6,11832,买盘
822,13:20:49,19.72,0.0,2,3944,买盘
823,13:20:52,19.71,-0.01,24,47304,卖盘
824,13:20:55,19.7,-0.01,84,165533,卖盘
825,13:20:58,19.71,0.01,12,23660,中性盘
826,13:21:01,19.71,0.0,2,3942,买盘
827,13:21:07,19.7,-0.01,24,47320,卖盘
828,13:21:13,19.73,0.03,15,29595,买盘
829,13:21:19,19.7,-0.03,10,19700,卖盘
830,13:21:22,19.71,0.01,3,4671,买盘
831,13:21:34,19.73,0.02,7,13811,买盘
832,13:21:43,19.74,0.01,4,7896,买盘
833,13:21:45,19.74,0.0,22,43428,买盘
834,13:21:48,19.78,0.04,26,51408,买盘
835,13:22:07,19.78,0.0,2,3956,买盘
836,13:22:10,19.73,-0.05,51,100673,卖盘
837,13:22:22,19.7,-0.03,33,65040,卖盘
838,13:22:33,19.71,0.01,10,19710,买盘
839,13:22:40,19.69,-0.02,72,141843,卖盘
840,13:22:49,19.73,0.04,20,39460,买盘
841,13:22:55,19.73,0.0,1,1973,买盘
842,13:22:58,19.73,0.0,17,33541,买盘
843,13:23:04,19.71,-0.02,21,41394,卖盘
844,13:23:15,19.72,0.01,5,9860,卖盘
845,13:23:19,19.72,0.0,25,49300,买盘
846,13:23:34,19.72,0.0,10,19720,买盘
847,13:23:40,19.72,0.0,10,19720,买盘
848,13:23:49,19.72,0.0,13,25636,卖盘
849,13:24:01,19.73,0.01,9,17745,买盘
850,13:24:04,19.71,-0.02,56,110476,卖盘
851,13:24:52,19.78,0.07,7,13846,卖盘
852,13:25:19,19.78,0.0,2,3956,卖盘
853,13:25:46,19.78,0.0,5,9890,买盘
854,13:26:22,19.73,-0.05,10,19730,卖盘
855,13:26:25,19.73,0.0,1,1973,卖盘
856,13:26:31,19.73,0.0,10,19730,卖盘
857,13:27:04,19.73,0.0,5,9865,卖盘
858,13:27:13,19.73,0.0,7,13811,卖盘
859,13:27:42,19.73,0.0,2,3946,买盘
860,13:27:46,19.73,0.0,4,7889,买盘
861,13:27:48,19.73,0.0,20,39460,买盘
862,13:28:04,19.73,0.0,1,1973,卖盘
863,13:28:18,19.73,0.0,10,19730,卖盘
864,13:28:33,19.73,0.0,19,37487,卖盘
865,13:28:43,19.71,-0.02,27,53222,卖盘
866,13:29:16,19.72,0.01,5,9860,卖盘
867,13:29:18,19.72,0.0,20,39440,买盘
868,13:29:43,19.71,-0.01,36,70956,卖盘
869,13:29:49,19.71,0.0,5,9855,买盘
870,13:29:52,19.69,-0.02,28,55157,卖盘
871,13:29:55,19.69,0.0,2,3938,卖盘
872,13:30:07,19.7,0.01,5,9848,买盘
873,13:30:13,19.69,-0.01,9,17721,卖盘
874,13:30:19,19.69,0.0,2,3938,买盘
875,13:30:22,19.68,-0.01,25,49200,卖盘
876,13:30:25,19.68,0.0,2,3936,买盘
877,13:30:28,19.68,0.0,6,11806,买盘
878,13:30:34,19.68,0.0,1,1968,买盘
879,13:30:40,19.67,-0.01,1,1967,卖盘
880,13:30:43,19.67,0.0,12,23606,卖盘
881,13:30:46,19.68,0.01,17,33456,买盘
882,13:30:55,19.68,0.0,6,11803,买盘
883,13:30:57,19.68,0.0,2,3936,买盘
884,13:31:01,19.68,0.0,5,9840,买盘
885,13:31:07,19.68,0.0,2,3936,买盘
886,13:31:09,19.68,0.0,21,41328,买盘
887,13:31:12,19.67,-0.01,13,25576,卖盘
888,13:31:16,19.66,-0.01,30,59003,卖盘
889,13:31:18,19.67,0.01,3,5901,卖盘
890,13:31:22,19.67,0.0,20,39340,买盘
891,13:31:30,19.66,-0.01,1,1966,卖盘
892,13:31:33,19.67,0.01,8,15730,买盘
893,13:31:37,19.67,0.0,10,19670,买盘
894,13:31:40,19.67,0.0,1,1967,买盘
895,13:31:46,19.66,-0.01,3,5899,卖盘
896,13:31:55,19.67,0.01,1,1967,卖盘
897,13:31:58,19.67,0.0,6,11802,卖盘
898,13:32:19,19.67,0.0,10,19670,买盘
899,13:32:22,19.66,-0.01,7,13762,卖盘
900,13:32:25,19.67,0.01,1,1967,买盘
901,13:32:40,19.68,0.01,7,13776,买盘
902,13:32:49,19.67,-0.01,12,23612,卖盘
903,13:33:25,19.68,0.01,5,9840,卖盘
904,13:33:33,19.68,0.0,12,23616,卖盘
905,13:33:37,19.68,0.0,11,21648,卖盘
906,13:33:42,19.73,0.05,1,1973,买盘
907,13:34:48,19.72,-0.01,18,35496,买盘
908,13:35:06,19.73,0.01,1,1973,买盘
909,13:35:09,19.73,0.0,49,96630,买盘
910,13:35:25,19.71,-0.02,30,59130,卖盘
911,13:36:19,19.68,-0.03,4,7872,卖盘
912,13:36:55,19.7,0.02,8,15760,买盘
913,13:37:04,19.69,-0.01,1,1969,卖盘
914,13:37:07,19.69,0.0,2,3938,卖盘
915,13:37:37,19.69,0.0,5,9845,买盘
916,13:37:40,19.69,0.0,1,1969,卖盘
917,13:37:48,19.71,0.02,2,3941,买盘
918,13:37:52,19.69,-0.02,6,11814,卖盘
919,13:37:58,19.69,0.0,21,41328,买盘
920,13:38:01,19.69,0.0,3,5907,买盘
921,13:38:04,19.69,0.0,32,63008,买盘
922,13:38:10,19.67,-0.02,35,68845,卖盘
923,13:38:13,19.67,0.0,14,27538,卖盘
924,13:38:16,19.66,-0.01,50,98300,卖盘
925,13:38:22,19.66,0.0,6,11796,卖盘
926,13:38:37,19.66,0.0,14,27524,买盘
927,13:38:40,19.66,0.0,10,19660,买盘
928,13:38:42,19.65,-0.01,5,9825,卖盘
929,13:38:49,19.66,0.01,10,19660,买盘
930,13:38:52,19.65,-0.01,15,29475,卖盘
931,13:38:55,19.66,0.01,4,7864,买盘
932,13:38:57,19.65,-0.01,32,62880,卖盘
933,13:39:00,19.66,0.01,2,3932,买盘
934,13:39:03,19.66,0.0,3,5898,买盘
935,13:39:07,19.66,0.0,1,1966,买盘
936,13:39:16,19.67,0.01,2,3934,买盘
937,13:39:22,19.66,-0.01,1,1966,卖盘
938,13:39:28,19.67,0.01,2,3934,买盘
939,13:39:36,19.67,0.0,2,3934,买盘
940,13:39:43,19.67,0.0,2,3934,买盘
941,13:39:52,19.67,0.0,3,5901,买盘
942,13:39:58,19.66,-0.01,28,55068,卖盘
943,13:40:04,19.67,0.01,5,9835,买盘
944,13:40:37,19.72,0.05,10,19720,买盘
945,13:40:40,19.72,0.0,1,1972,买盘
946,13:40:55,19.72,0.0,2,3944,买盘
947,13:41:05,19.72,0.0,2,3944,买盘
948,13:41:37,19.77,0.05,2,3954,买盘
949,13:42:10,19.78,0.01,30,59340,买盘
950,13:42:18,19.77,-0.01,5,9885,买盘
951,13:43:01,19.76,-0.01,1,1976,卖盘
952,13:43:07,19.76,0.0,25,49400,买盘
953,13:43:09,19.77,0.01,20,39537,买盘
954,13:43:51,19.75,-0.02,3,5925,卖盘
955,13:44:01,19.75,0.0,2,3950,买盘
956,13:44:12,19.76,0.01,3,5928,卖盘
957,13:44:31,19.78,0.02,56,110697,买盘
958,13:44:46,19.77,-0.01,5,9885,卖盘
959,13:44:52,19.77,0.0,5,9885,买盘
960,13:44:54,19.76,-0.01,4,7904,卖盘
961,13:45:07,19.76,0.0,10,19760,卖盘
962,13:45:19,19.76,0.0,3,5928,卖盘
963,13:45:25,19.76,0.0,2,3952,卖盘
964,13:45:37,19.76,0.0,6,11856,卖盘
965,13:45:58,19.76,0.0,10,19760,买盘
966,13:46:01,19.73,-0.03,21,41469,卖盘
967,13:46:16,19.76,0.03,3,5928,中性盘
968,13:46:40,19.73,-0.03,10,19730,卖盘
969,13:48:33,19.75,0.02,5,9875,买盘
970,13:48:42,19.75,0.0,2,3950,卖盘
971,13:49:09,19.75,0.0,6,11850,卖盘
972,13:49:37,19.74,-0.01,4,7896,卖盘
973,13:49:52,19.72,-0.02,30,59183,卖盘
974,13:49:55,19.71,-0.01,20,39439,卖盘
975,13:49:58,19.75,0.04,9,17770,买盘
976,13:50:01,19.75,0.0,1,1975,卖盘
977,13:50:19,19.74,-0.01,1,1974,买盘
978,13:50:28,19.74,0.0,2,3948,卖盘
979,13:50:49,19.7,-0.04,107,210883,卖盘
980,13:51:13,19.7,0.0,9,17730,卖盘
981,13:51:42,19.7,0.0,1,1970,卖盘
982,13:51:49,19.7,0.0,15,29550,卖盘
983,13:52:13,19.7,0.0,10,19700,买盘
984,13:52:15,19.69,-0.01,2,3938,卖盘
985,13:52:54,19.68,-0.01,35,68900,卖盘
986,13:53:04,19.68,0.0,7,13776,买盘
987,13:53:15,19.68,0.0,5,9840,买盘
988,13:53:18,19.67,-0.01,150,295119,卖盘
989,13:53:21,19.67,0.0,26,51142,卖盘
990,13:53:37,19.66,-0.01,2,3932,卖盘
991,13:53:40,19.67,0.01,9,17697,买盘
992,13:53:43,19.67,0.0,10,19670,买盘
993,13:53:46,19.66,-0.01,4,7864,卖盘
994,13:53:52,19.66,0.0,3,5898,卖盘
995,13:53:55,19.66,0.0,30,58980,卖盘
996,13:54:10,19.67,0.01,10,19670,买盘
997,13:54:21,19.66,-0.01,13,25558,卖盘
998,13:54:46,19.67,0.01,2,3934,买盘
999,13:54:51,19.67,0.0,9,17703,买盘
1000,13:54:55,19.66,-0.01,35,68810,卖盘
1001,13:55:06,19.66,0.0,15,29500,卖盘
1002,13:55:10,19.66,0.0,65,127790,卖盘
1003,13:55:13,19.67,0.01,1,1967,买盘
1004,13:55:16,19.66,-0.01,4,7864,卖盘
1005,13:55:34,19.66,0.0,9,17694,卖盘
1006,13:55:42,19.66,0.0,15,29490,买盘
1007,13:55:46,19.65,-0.01,7,13760,卖盘
1008,13:55:54,19.65,0.0,16,31835,卖盘
1009,13:56:13,19.66,0.01,10,19660,买盘
1010,13:56:16,19.66,0.0,2,3932,买盘
1011,13:56:39,19.67,0.01,1,1574,卖盘
1012,13:57:04,19.67,0.0,2,3934,卖盘
1013,13:57:13,19.67,0.0,2,3934,买盘
1014,13:57:28,19.67,0.0,2,3934,卖盘
1015,13:57:52,19.7,0.03,9,17730,买盘
1016,13:58:01,19.7,0.0,1,1970,卖盘
1017,13:58:51,19.7,0.0,3,5910,卖盘
1018,13:59:00,19.7,0.0,7,13790,卖盘
1019,13:59:13,19.68,-0.02,14,27552,卖盘
1020,13:59:31,19.67,-0.01,1,1967,卖盘
1021,13:59:43,19.68,0.01,6,11808,买盘
1022,14:00:13,19.68,0.0,11,21648,卖盘
1023,14:00:34,19.67,-0.01,21,41307,卖盘
1024,14:01:01,19.68,0.01,14,27552,买盘
1025,14:01:07,19.67,-0.01,31,60994,卖盘
1026,14:01:40,19.67,0.0,5,9835,卖盘
1027,14:01:46,19.67,0.0,4,7868,卖盘
1028,14:02:04,19.66,-0.01,80,157280,卖盘
1029,14:02:09,19.66,0.0,3,5898,卖盘
1030,14:02:25,19.66,0.0,18,35388,卖盘
1031,14:02:33,19.65,-0.01,18,35372,卖盘
1032,14:02:37,19.65,0.0,30,58950,卖盘
1033,14:02:40,19.65,0.0,2,3931,卖盘
1034,14:02:43,19.65,0.0,1,1965,卖盘
1035,14:02:46,19.65,0.0,3,5896,卖盘
1036,14:02:49,19.65,0.0,10,19650,卖盘
1037,14:03:01,19.65,0.0,4,7860,卖盘
1038,14:03:10,19.66,0.01,7,13762,买盘
1039,14:03:19,19.66,0.0,6,11796,卖盘
1040,14:03:22,19.66,0.0,5,9830,卖盘
1041,14:03:24,19.66,0.0,20,39325,卖盘
1042,14:03:37,19.66,0.0,3,5898,卖盘
1043,14:03:40,19.66,0.0,14,27524,卖盘
1044,14:03:52,19.66,0.0,5,9830,买盘
1045,14:03:58,19.65,-0.01,2,3930,卖盘
1046,14:04:07,19.65,0.0,2,3930,卖盘
1047,14:04:16,19.66,0.01,1,1966,买盘
1048,14:04:28,19.66,0.0,3,5900,卖盘
1049,14:04:31,19.66,0.0,1,1966,卖盘
1050,14:04:39,19.66,0.0,1,1966,卖盘
1051,14:05:04,19.66,0.0,20,39320,卖盘
1052,14:05:16,19.67,0.01,1,1967,买盘
1053,14:05:34,19.67,0.0,1,1967,买盘
1054,14:05:55,19.7,0.03,10,19700,买盘
1055,14:06:04,19.67,-0.03,1,1967,卖盘
1056,14:06:10,19.67,0.0,2,3934,买盘
1057,14:06:13,19.67,0.0,1,1967,买盘
1058,14:06:52,19.68,0.01,5,9840,卖盘
1059,14:07:16,19.7,0.02,10,19700,买盘
1060,14:07:46,19.7,0.0,1,1970,买盘
1061,14:07:52,19.7,0.0,1,1970,卖盘
1062,14:07:55,19.7,0.0,1,1970,卖盘
1063,14:07:57,19.7,0.0,1,1970,卖盘
1064,14:08:04,19.7,0.0,1,1970,卖盘
1065,14:08:07,19.7,0.0,1,1970,卖盘
1066,14:08:10,19.7,0.0,1,1970,卖盘
1067,14:08:13,19.7,0.0,3,5910,卖盘
1068,14:08:25,19.68,-0.02,4,7872,卖盘
1069,14:08:31,19.7,0.02,2,3940,买盘
1070,14:09:15,19.7,0.0,10,19697,买盘
1071,14:09:31,19.7,0.0,2,3940,买盘
1072,14:09:34,19.7,0.0,5,9850,买盘
1073,14:09:58,19.68,-0.02,18,35424,卖盘
1074,14:10:04,19.67,-0.01,2,3934,卖盘
1075,14:10:10,19.67,0.0,4,7869,卖盘
1076,14:10:16,19.68,0.01,6,11807,买盘
1077,14:10:21,19.67,-0.01,1,1967,卖盘
1078,14:10:28,19.67,0.0,1,1967,卖盘
1079,14:10:31,19.67,0.0,2,3934,卖盘
1080,14:10:34,19.67,0.0,1,1967,买盘
1081,14:10:46,19.67,0.0,10,19670,卖盘
1082,14:11:13,19.66,-0.01,2,3932,卖盘
1083,14:11:16,19.67,0.01,1,1967,买盘
1084,14:11:31,19.67,0.0,4,7868,买盘
1085,14:11:42,19.67,0.0,2,3934,买盘
1086,14:11:48,19.67,0.0,1,1967,卖盘
1087,14:11:54,19.67,0.0,1,1967,卖盘
1088,14:11:58,19.67,0.0,6,11802,卖盘
1089,14:12:01,19.67,0.0,6,11802,卖盘
1090,14:12:04,19.67,0.0,6,11802,卖盘
1091,14:12:07,19.67,0.0,6,11802,卖盘
1092,14:12:09,19.66,-0.01,4,7867,卖盘
1093,14:12:13,19.66,0.0,7,13762,卖盘
1094,14:12:16,19.66,0.0,12,23592,卖盘
1095,14:12:19,19.65,-0.01,10,19651,卖盘
1096,14:12:21,19.65,0.0,10,19650,卖盘
1097,14:12:25,19.65,0.0,10,19650,卖盘
1098,14:12:27,19.64,-0.01,9,17682,卖盘
1099,14:12:31,19.64,0.0,2,3928,卖盘
1100,14:12:40,19.67,0.03,4,7861,买盘
1101,14:12:46,19.64,-0.03,5,9821,卖盘
1102,14:12:49,19.64,0.0,1,1964,卖盘
1103,14:13:16,19.64,0.0,35,70311,卖盘
1104,14:13:31,19.64,0.0,5,9820,买盘
1105,14:13:40,19.62,-0.02,10,19620,卖盘
1106,14:13:52,19.62,0.0,10,19621,卖盘
1107,14:13:55,19.62,0.0,2,3924,卖盘
1108,14:13:58,19.62,0.0,1,1962,卖盘
1109,14:14:04,19.61,-0.01,5,9809,卖盘
1110,14:14:06,19.61,0.0,1,1961,卖盘
1111,14:14:22,19.61,0.0,4,7844,卖盘
1112,14:14:36,19.58,-0.03,34,66634,卖盘
1113,14:14:52,19.55,-0.03,3,5865,卖盘
1114,14:15:04,19.53,-0.02,8,15628,卖盘
1115,14:15:07,19.55,0.02,2,3910,中性盘
1116,14:15:19,19.53,-0.02,3,5859,卖盘
1117,14:15:22,19.55,0.02,5,9775,买盘
1118,14:15:25,19.55,0.0,7,13685,买盘
1119,14:15:28,19.53,-0.02,1,1953,卖盘
1120,14:15:37,19.55,0.02,4,7820,买盘
1121,14:15:46,19.55,0.0,30,58650,卖盘
1122,14:15:52,19.56,0.01,12,23472,买盘
1123,14:15:54,19.56,0.0,3,5868,卖盘
1124,14:15:58,19.56,0.0,57,111492,卖盘
1125,14:16:04,19.58,0.02,10,19580,买盘
1126,14:16:07,19.58,0.0,5,9790,买盘
1127,14:16:13,19.58,0.0,1,1958,买盘
1128,14:16:16,19.58,0.0,2,3916,卖盘
1129,14:16:25,19.56,-0.02,32,62619,卖盘
1130,14:16:34,19.58,0.02,10,19580,卖盘
1131,14:16:40,19.58,0.0,7,13706,卖盘
1132,14:16:48,19.64,0.06,47,90717,买盘
1133,14:17:01,19.64,0.0,12,23568,卖盘
1134,14:17:34,19.64,0.0,13,25548,卖盘
1135,14:17:43,19.64,0.0,4,9427,卖盘
1136,14:17:55,19.64,0.0,5,9820,买盘
1137,14:17:58,19.61,-0.03,12,23536,卖盘
1138,14:18:01,19.64,0.03,14,27496,买盘
1139,14:18:19,19.64,0.0,17,31817,买盘
1140,14:18:40,19.66,0.02,10,19660,买盘
1141,14:18:55,19.66,0.0,11,21625,买盘
1142,14:18:58,19.66,0.0,1,1966,买盘
1143,14:19:04,19.65,-0.01,5,9825,卖盘
1144,14:19:13,19.66,0.01,49,96299,买盘
1145,14:19:19,19.66,0.0,1,1966,买盘
1146,14:19:31,19.64,-0.02,4,7857,卖盘
1147,14:19:40,19.66,0.02,1,1966,买盘
1148,14:20:07,19.66,0.0,22,44825,买盘
1149,14:20:25,19.67,0.01,11,21637,买盘
1150,14:20:31,19.66,-0.01,20,39320,卖盘
1151,14:20:37,19.66,0.0,6,11796,卖盘
1152,14:20:49,19.67,0.01,1,1967,买盘
1153,14:20:52,19.65,-0.02,66,128135,卖盘
1154,14:21:10,19.65,0.0,10,19650,买盘
1155,14:21:22,19.65,0.0,20,39300,买盘
1156,14:22:10,19.64,-0.01,60,117840,卖盘
1157,14:22:22,19.65,0.01,24,47160,买盘
1158,14:22:25,19.64,-0.01,1,1964,卖盘
1159,14:22:49,19.64,0.0,55,109592,卖盘
1160,14:23:12,19.64,0.0,10,19640,买盘
1161,14:23:34,19.63,-0.01,12,23556,买盘
1162,14:23:43,19.61,-0.02,52,101983,卖盘
1163,14:24:01,19.6,-0.01,10,19600,卖盘
1164,14:24:04,19.58,-0.02,17,33292,卖盘
1165,14:24:16,19.58,0.0,4,7832,卖盘
1166,14:24:37,19.58,0.0,19,37206,卖盘
1167,14:24:43,19.61,0.03,6,11766,买盘
1168,14:25:01,19.59,-0.02,3,5877,卖盘
1169,14:25:07,19.6,0.01,5,9800,买盘
1170,14:25:13,19.6,0.0,3,5880,卖盘
1171,14:25:22,19.6,0.0,5,9800,卖盘
1172,14:25:28,19.6,0.0,15,29400,卖盘
1173,14:25:52,19.64,0.04,20,39261,买盘
1174,14:27:07,19.61,-0.03,5,9805,卖盘
1175,14:27:10,19.62,0.01,1,1962,中性盘
1176,14:27:31,19.62,0.0,5,9810,买盘
1177,14:27:37,19.61,-0.01,1,1961,卖盘
1178,14:27:43,19.62,0.01,5,9810,买盘
1179,14:27:57,19.62,0.0,1,1962,买盘
1180,14:28:13,19.62,0.0,10,19620,买盘
1181,14:28:16,19.61,-0.01,28,54909,卖盘
1182,14:28:31,19.61,0.0,10,19610,买盘
1183,14:28:34,19.6,-0.01,28,54880,卖盘
1184,14:28:40,19.61,0.01,44,86252,买盘
1185,14:28:49,19.61,0.0,5,9805,卖盘
1186,14:28:55,19.61,0.0,20,39220,卖盘
1187,14:28:58,19.61,0.0,6,11766,卖盘
1188,14:29:34,19.61,0.0,1,1961,买盘
1189,14:29:54,19.59,-0.02,20,39180,卖盘
1190,14:30:10,19.6,0.01,10,19600,卖盘
1191,14:30:19,19.6,0.0,2,3920,卖盘
1192,14:30:28,19.59,-0.01,1,1959,卖盘
1193,14:30:31,19.59,0.0,1,1959,卖盘
1194,14:30:40,19.59,0.0,2,3918,卖盘
1195,14:30:43,19.58,-0.01,2,3916,卖盘
1196,14:30:52,19.58,0.0,63,123345,卖盘
1197,14:30:55,19.6,0.02,15,29374,买盘
1198,14:30:58,19.57,-0.03,4,7828,卖盘
1199,14:31:04,19.58,0.01,11,21538,买盘
1200,14:31:07,19.57,-0.01,98,191786,卖盘
1201,14:31:10,19.57,0.0,48,93936,卖盘
1202,14:31:13,19.57,0.0,20,39137,买盘
1203,14:31:19,19.56,-0.01,4,7824,卖盘
1204,14:31:22,19.56,0.0,14,27384,卖盘
1205,14:31:25,19.57,0.01,15,29345,买盘
1206,14:31:31,19.56,-0.01,41,80196,卖盘
1207,14:31:34,19.56,0.0,8,15648,卖盘
1208,14:31:37,19.56,0.0,16,31296,卖盘
1209,14:31:40,19.55,-0.01,64,125157,卖盘
1210,14:31:46,19.56,0.01,20,39120,买盘
1211,14:31:55,19.55,-0.01,14,27370,卖盘
1212,14:31:58,19.55,0.0,24,46920,卖盘
1213,14:32:01,19.55,0.0,41,80155,卖盘
1214,14:32:04,19.55,0.0,13,25415,卖盘
1215,14:32:07,19.55,0.0,1,1173,卖盘
1216,14:32:10,19.55,0.0,24,46920,卖盘
1217,14:32:16,19.55,0.0,71,139587,卖盘
1218,14:32:22,19.53,-0.02,2,3906,卖盘
1219,14:32:34,19.52,-0.01,21,40992,卖盘
1220,14:32:43,19.51,-0.01,12,23412,卖盘
1221,14:32:46,19.51,0.0,41,79991,卖盘
1222,14:32:49,19.5,-0.01,50,97517,卖盘
1223,14:32:52,19.51,0.01,10,19510,买盘
1224,14:33:01,19.5,-0.01,25,48750,卖盘
1225,14:33:04,19.5,0.0,10,19500,卖盘
1226,14:33:10,19.5,0.0,13,25350,买盘
1227,14:33:13,19.49,-0.01,43,83807,卖盘
1228,14:33:16,19.49,0.0,7,13643,卖盘
1229,14:33:19,19.48,-0.01,5,9740,卖盘
1230,14:33:22,19.5,0.02,15,29246,买盘
1231,14:33:25,19.48,-0.02,15,29220,卖盘
1232,14:33:28,19.51,0.03,27,52657,买盘
1233,14:33:31,19.49,-0.02,8,15592,卖盘
1234,14:33:37,19.48,-0.01,20,38987,卖盘
1235,14:33:40,19.49,0.01,4,7795,买盘
1236,14:33:43,19.5,0.01,11,21441,买盘
1237,14:33:46,19.49,-0.01,4,7796,中性盘
1238,14:33:49,19.48,-0.01,30,58448,卖盘
1239,14:33:52,19.48,0.0,10,19480,卖盘
1240,14:33:55,19.49,0.01,13,25337,买盘
1241,14:33:58,19.47,-0.02,15,29222,卖盘
1242,14:34:04,19.48,0.01,6,11688,卖盘
1243,14:34:10,19.47,-0.01,20,38953,卖盘
1244,14:34:16,19.46,-0.01,21,40877,卖盘
1245,14:34:22,19.47,0.01,4,7788,买盘
1246,14:34:25,19.47,0.0,22,42835,卖盘
1247,14:34:28,19.47,0.0,4,7788,卖盘
1248,14:34:31,19.46,-0.01,37,72024,卖盘
1249,14:34:34,19.46,0.0,14,27244,买盘
1250,14:34:37,19.46,0.0,11,21406,买盘
1251,14:34:40,19.46,0.0,23,44758,买盘
1252,14:34:46,19.46,0.0,16,31136,卖盘
1253,14:34:49,19.46,0.0,12,23352,卖盘
1254,14:34:52,19.48,0.02,10,19480,买盘
1255,14:34:55,19.48,0.0,34,66172,买盘
1256,14:35:01,19.48,0.0,10,19480,买盘
1257,14:35:04,19.48,0.0,13,25320,买盘
1258,14:35:07,19.48,0.0,3,5844,买盘
1259,14:35:10,19.48,0.0,24,46752,买盘
1260,14:35:13,19.49,0.01,3,5847,卖盘
1261,14:35:22,19.5,0.01,10,19500,买盘
1262,14:35:25,19.5,0.0,10,19500,卖盘
1263,14:35:28,19.51,0.01,3,5853,买盘
1264,14:35:34,19.5,-0.01,12,23400,卖盘
1265,14:35:55,19.5,0.0,27,52650,卖盘
1266,14:36:07,19.5,0.0,5,9750,买盘
1267,14:36:13,19.49,-0.01,27,52623,卖盘
1268,14:36:25,19.48,-0.01,6,11688,卖盘
1269,14:36:34,19.46,-0.02,42,81739,卖盘
1270,14:36:40,19.48,0.02,10,19462,买盘
1271,14:36:49,19.43,-0.05,57,109686,卖盘
1272,14:36:55,19.46,0.03,2,3892,卖盘
1273,14:36:58,19.45,-0.01,10,19450,买盘
1274,14:37:07,19.44,-0.01,1,1944,买盘
1275,14:37:10,19.44,0.0,5,9720,卖盘
1276,14:37:13,19.43,-0.01,19,36934,卖盘
1277,14:37:16,19.48,0.05,5,9738,买盘
1278,14:37:19,19.46,-0.02,20,38916,卖盘
1279,14:37:22,19.48,0.02,1,1948,买盘
1280,14:37:25,19.45,-0.03,7,13627,卖盘
1281,14:37:28,19.46,0.01,6,11676,卖盘
1282,14:37:31,19.46,0.0,2,3892,中性盘
1283,14:37:34,19.46,0.0,5,9730,买盘
1284,14:37:37,19.47,0.01,17,33083,买盘
1285,14:37:40,19.46,-0.01,2,3892,买盘
1286,14:37:43,19.46,0.0,15,29190,买盘
1287,14:37:46,19.46,0.0,4,7784,买盘
1288,14:38:04,19.48,0.02,6,11688,买盘
1289,14:38:13,19.49,0.01,47,91580,买盘
1290,14:38:19,19.49,0.0,3,5847,卖盘
1291,14:38:28,19.5,0.01,8,15600,买盘
1292,14:38:31,19.5,0.0,34,66300,买盘
1293,14:38:46,19.5,0.0,53,103347,买盘
1294,14:38:52,19.5,0.0,4,7800,买盘
1295,14:38:55,19.5,0.0,12,23400,买盘
1296,14:38:58,19.5,0.0,5,9750,买盘
1297,14:39:01,19.49,-0.01,69,134488,卖盘
1298,14:39:04,19.49,0.0,31,60419,买盘
1299,14:39:07,19.5,0.01,12,23393,买盘
1300,14:39:10,19.5,0.0,2,3900,买盘
1301,14:39:13,19.5,0.0,15,29250,买盘
1302,14:39:19,19.5,0.0,2,3900,买盘
1303,14:39:22,19.5,0.0,46,89700,买盘
1304,14:39:28,19.5,0.0,4,7800,买盘
1305,14:39:31,19.5,0.0,10,19500,买盘
1306,14:39:49,19.5,0.0,10,19500,买盘
1307,14:39:58,19.5,0.0,10,19500,买盘
1308,14:40:01,19.5,0.0,131,255450,买盘
1309,14:40:07,19.49,-0.01,35,68220,卖盘
1310,14:40:10,19.5,0.01,19,37050,买盘
1311,14:40:13,19.5,0.0,5,9750,买盘
1312,14:40:19,19.5,0.0,4,7800,买盘
1313,14:40:22,19.49,-0.01,5,9746,卖盘
1314,14:40:40,19.52,0.03,1,1952,买盘
1315,14:40:55,19.56,0.04,10,19560,中性盘
1316,14:41:13,19.52,-0.04,5,9760,卖盘
1317,14:41:43,19.52,0.0,3,5856,卖盘
1318,14:41:52,19.52,0.0,5,9760,卖盘
1319,14:41:58,19.52,0.0,6,11712,卖盘
1320,14:42:07,19.52,0.0,1,1952,卖盘
1321,14:42:10,19.52,0.0,2,3904,卖盘
1322,14:42:16,19.52,0.0,21,40992,卖盘
1323,14:42:31,19.5,-0.02,13,25350,卖盘
1324,14:42:46,19.51,0.01,2,3902,买盘
1325,14:42:55,19.5,-0.01,1,1950,卖盘
1326,14:43:01,19.5,0.0,17,33150,卖盘
1327,14:43:04,19.5,0.0,1,1950,卖盘
1328,14:43:07,19.5,0.0,42,81900,卖盘
1329,14:43:25,19.49,-0.01,12,23388,卖盘
1330,14:43:28,19.5,0.01,2,3900,买盘
1331,14:43:31,19.48,-0.02,48,93541,卖盘
1332,14:43:37,19.47,-0.01,6,11683,卖盘
1333,14:43:46,19.46,-0.01,100,194606,卖盘
1334,14:43:55,19.47,0.01,2,3894,买盘
1335,14:44:01,19.46,-0.01,2,3892,卖盘
1336,14:44:07,19.46,0.0,1,1946,卖盘
1337,14:44:10,19.46,0.0,2,3892,卖盘
1338,14:44:16,19.45,-0.01,5,9725,卖盘
1339,14:44:34,19.46,0.01,50,97300,买盘
1340,14:44:37,19.45,-0.01,3,5835,卖盘
1341,14:44:46,19.46,0.01,1,1946,买盘
1342,14:44:49,19.46,0.0,1,1946,买盘
1343,14:44:52,19.45,-0.01,10,19450,卖盘
1344,14:44:55,19.45,0.0,33,64185,卖盘
1345,14:44:58,19.44,-0.01,10,19440,卖盘
1346,14:45:07,19.43,-0.01,51,99115,卖盘
1347,14:45:10,19.43,0.0,25,48605,卖盘
1348,14:45:19,19.45,0.02,1,1945,卖盘
1349,14:45:22,19.45,0.0,4,7780,卖盘
1350,14:45:25,19.43,-0.02,7,13607,卖盘
1351,14:45:37,19.43,0.0,11,21373,卖盘
1352,14:45:40,19.43,0.0,16,32254,卖盘
1353,14:45:43,19.43,0.0,2,3886,卖盘
1354,14:45:46,19.43,0.0,1,777,卖盘
1355,14:45:55,19.43,0.0,5,9715,卖盘
1356,14:46:01,19.43,0.0,79,154663,卖盘
1357,14:46:04,19.43,0.0,12,23316,买盘
1358,14:46:07,19.42,-0.01,91,176722,卖盘
1359,14:46:13,19.41,-0.01,16,31056,卖盘
1360,14:46:16,19.41,0.0,3,5823,卖盘
1361,14:46:19,19.41,0.0,36,69876,卖盘
1362,14:46:22,19.41,0.0,1,1941,卖盘
1363,14:46:25,19.4,-0.01,61,118365,卖盘
1364,14:46:28,19.4,0.0,4,7760,卖盘
1365,14:46:31,19.4,0.0,8,15513,买盘
1366,14:46:34,19.39,-0.01,8,15514,卖盘
1367,14:46:37,19.4,0.01,7,13579,买盘
1368,14:46:43,19.4,0.0,13,25216,买盘
1369,14:46:52,19.36,-0.04,72,139436,卖盘
1370,14:47:01,19.33,-0.03,28,54179,卖盘
1371,14:47:07,19.35,0.02,24,46361,买盘
1372,14:47:16,19.26,-0.09,40,77177,卖盘
1373,14:47:22,19.32,0.06,16,30144,卖盘
1374,14:47:25,19.24,-0.08,77,148404,卖盘
1375,14:47:28,19.33,0.09,9,17343,买盘
1376,14:47:31,19.32,-0.01,1,1932,买盘
1377,14:47:43,19.27,-0.05,1,1927,卖盘
1378,14:47:46,19.27,0.0,8,15425,卖盘
1379,14:47:52,19.27,0.0,50,96258,卖盘
1380,14:47:55,19.27,0.0,11,21197,买盘
1381,14:47:58,19.26,-0.01,5,9632,卖盘
1382,14:48:04,19.24,-0.02,11,21172,卖盘
1383,14:48:10,19.24,0.0,66,127779,卖盘
1384,14:48:13,19.26,0.02,19,35806,买盘
1385,14:48:16,19.22,-0.04,141,271916,卖盘
1386,14:48:19,19.2,-0.02,24,46100,卖盘
1387,14:48:22,19.23,0.03,10,18461,买盘
1388,14:48:25,19.24,0.01,10,20011,卖盘
1389,14:48:28,19.23,-0.01,4,7692,买盘
1390,14:48:34,19.23,0.0,2,3846,买盘
1391,14:48:37,19.0,-0.23,538,1026348,卖盘
1392,14:48:40,19.2,0.2,4,7680,中性盘
1393,14:48:43,19.23,0.03,27,51896,买盘
1394,14:48:46,19.23,0.0,15,28845,买盘
1395,14:48:49,19.0,-0.23,5,9586,卖盘
1396,14:48:52,19.01,0.01,1,1901,中性盘
1397,14:49:01,19.01,0.0,10,19016,卖盘
1398,14:49:04,19.01,0.0,10,19014,卖盘
1399,14:49:13,19.06,0.05,5,9530,卖盘
1400,14:49:16,19.05,-0.01,6,10670,卖盘
1401,14:49:19,19.17,0.12,17,32589,买盘
1402,14:49:25,19.1,-0.07,4,7640,卖盘
1403,14:49:28,19.1,0.0,11,21017,卖盘
1404,14:49:31,19.17,0.07,5,9585,买盘
1405,14:49:40,19.15,-0.02,3,5743,买盘
1406,14:49:52,19.13,-0.02,61,116816,卖盘
1407,14:49:58,19.15,0.02,90,172306,买盘
1408,14:50:04,19.16,0.01,22,42132,买盘
1409,14:50:07,19.15,-0.01,2,3830,卖盘
1410,14:50:10,19.15,0.0,34,65110,卖盘
1411,14:50:13,19.16,0.01,107,205693,买盘
1412,14:50:16,19.17,0.01,25,47925,买盘
1413,14:50:19,19.14,-0.03,19,36399,卖盘
1414,14:50:22,19.17,0.03,22,42134,买盘
1415,14:50:31,19.19,0.02,12,23022,买盘
1416,14:50:34,19.19,0.0,24,46056,买盘
1417,14:50:37,19.17,-0.02,279,534603,卖盘
1418,14:50:40,19.17,0.0,7,13421,买盘
1419,14:50:43,19.17,0.0,11,21087,买盘
1420,14:50:46,19.17,0.0,4,7668,买盘
1421,14:50:49,19.17,0.0,1,1917,买盘
1422,14:50:52,19.17,0.0,4,7668,买盘
1423,14:50:55,19.15,-0.02,6,11490,卖盘
1424,14:51:01,19.17,0.02,36,68968,买盘
1425,14:51:04,19.17,0.0,1,1917,卖盘
1426,14:51:07,19.14,-0.03,40,75833,卖盘
1427,14:51:10,19.14,0.0,1,1914,买盘
1428,14:51:13,19.14,0.0,117,223938,买盘
1429,14:51:16,19.14,0.0,46,88044,买盘
1430,14:51:19,19.14,0.0,9,17219,买盘
1431,14:51:22,19.12,-0.02,53,101358,卖盘
1432,14:51:25,19.14,0.02,61,116337,买盘
1433,14:51:28,19.11,-0.03,16,30628,卖盘
1434,14:51:31,19.11,0.0,7,13377,卖盘
1435,14:51:37,19.14,0.03,4,7656,卖盘
1436,14:51:40,19.14,0.0,14,27944,卖盘
1437,14:51:43,19.16,0.02,10,19160,买盘
1438,14:51:55,19.1,-0.06,86,164424,卖盘
1439,14:52:01,19.16,0.06,13,24908,买盘
1440,14:52:06,19.1,-0.06,14,26779,卖盘
1441,14:52:16,19.15,0.05,50,95734,买盘
1442,14:52:19,19.15,0.0,27,51661,买盘
1443,14:52:22,19.11,-0.04,16,30609,卖盘
1444,14:52:25,19.14,0.03,4,7656,买盘
1445,14:52:31,19.11,-0.03,1,1911,卖盘
1446,14:52:34,19.15,0.04,7,13402,买盘
1447,14:52:40,19.14,-0.01,21,40176,卖盘
1448,14:52:43,19.12,-0.02,17,32514,卖盘
1449,14:52:46,19.12,0.0,8,15296,买盘
1450,14:52:49,19.12,0.0,28,53558,买盘
1451,14:52:52,19.14,0.02,12,22968,买盘
1452,14:52:55,19.14,0.0,55,105214,买盘
1453,14:52:58,19.14,0.0,5,9570,买盘
1454,14:53:01,19.14,0.0,1,1914,买盘
1455,14:53:04,19.14,0.0,2,3828,买盘
1456,14:53:07,19.12,-0.02,23,43980,卖盘
1457,14:53:10,19.12,0.0,32,61174,买盘
1458,14:53:13,19.13,0.01,21,40169,买盘
1459,14:53:16,19.12,-0.01,8,15301,卖盘
1460,14:53:19,19.12,0.0,15,28680,卖盘
1461,14:53:22,19.13,0.01,4,7652,买盘
1462,14:53:25,19.12,-0.01,5,9560,卖盘
1463,14:53:28,19.13,0.01,1,1913,买盘
1464,14:53:31,19.12,-0.01,17,32506,卖盘
1465,14:53:34,19.13,0.01,21,40168,买盘
1466,14:53:37,19.12,-0.01,30,57360,卖盘
1467,14:53:40,19.13,0.01,49,93737,买盘
1468,14:53:43,19.13,0.0,1,1913,卖盘
1469,14:53:46,19.13,0.0,28,53584,卖盘
1470,14:53:49,19.13,0.0,20,38260,卖盘
1471,14:53:58,19.15,0.02,35,66997,买盘
1472,14:54:01,19.16,0.01,7,13407,买盘
1473,14:54:04,19.15,-0.01,6,11490,卖盘
1474,14:54:07,19.15,0.0,18,34470,卖盘
1475,14:54:10,19.12,-0.03,75,143469,卖盘
1476,14:54:16,19.15,0.03,5,9575,买盘
1477,14:54:25,19.12,-0.03,13,24867,卖盘
1478,14:54:34,19.15,0.03,70,133965,买盘
1479,14:54:37,19.13,-0.02,2,3826,中性盘
1480,14:54:40,19.13,0.0,2,3826,买盘
1481,14:54:46,19.12,-0.01,13,24856,卖盘
1482,14:54:49,19.12,0.0,12,22944,卖盘
1483,14:54:52,19.12,0.0,21,40154,卖盘
1484,14:54:55,19.12,0.0,14,26776,买盘
1485,14:54:58,19.12,0.0,5,9560,买盘
1486,14:55:01,19.11,-0.01,13,24850,卖盘
1487,14:55:04,19.11,0.0,25,47794,卖盘
1488,14:55:07,19.11,0.0,16,30576,卖盘
1489,14:55:10,19.11,0.0,10,19113,卖盘
1490,14:55:13,19.1,-0.01,237,452748,卖盘
1491,14:55:16,19.12,0.02,7,13384,买盘
1492,14:55:19,19.11,-0.01,44,84084,买盘
1493,14:55:22,19.11,0.0,2,3822,卖盘
1494,14:55:25,19.1,-0.01,121,231204,卖盘
1495,14:55:28,19.11,0.01,27,51572,买盘
1496,14:55:31,19.11,0.0,16,30576,买盘
1497,14:55:40,19.1,-0.01,55,104286,卖盘
1498,14:55:43,19.1,0.0,22,42020,买盘
1499,14:55:46,19.09,-0.01,9,17187,卖盘
1500,14:55:49,19.05,-0.04,80,152546,卖盘
1501,14:55:58,19.05,0.0,69,132235,卖盘
1502,14:56:01,19.04,-0.01,1,1904,卖盘
1503,14:56:05,19.05,0.01,18,34290,买盘
1504,14:56:07,19.03,-0.02,31,59002,卖盘
1505,14:56:10,19.04,0.01,55,104688,买盘
1506,14:56:13,19.04,0.0,36,68522,买盘
1507,14:56:16,19.04,0.0,25,47608,买盘
1508,14:56:19,19.03,-0.01,11,20927,中性盘
1509,14:56:22,19.02,-0.01,91,173101,卖盘
1510,14:56:25,19.02,0.0,22,41844,买盘
1511,14:56:28,19.02,0.0,6,11412,买盘
1512,14:56:31,19.02,0.0,26,49437,买盘
1513,14:56:34,19.0,-0.02,152,288870,卖盘
1514,14:56:37,19.01,0.01,1,1901,中性盘
1515,14:56:40,19.01,0.0,18,34218,买盘
1516,14:56:43,19.0,-0.01,61,115908,卖盘
1517,14:56:46,19.0,0.0,12,22800,卖盘
1518,14:56:52,19.01,0.01,11,20911,买盘
1519,14:56:55,19.0,-0.01,112,212050,卖盘
1520,14:56:58,19.0,0.0,116,220403,卖盘
1521,14:57:01,19.01,0.01,73,138351,买盘
1522,14:57:03,19.0,-0.01,10,19004,卖盘
1523,15:00:04,19.0,0.0,577,1097440,卖盘
