,time,price,change,volume,amount,type
0,09:25:05,11.28,-0.07,9,10152,卖盘
1,09:30:07,11.28,0.0,11,12408,卖盘
2,09:30:10,11.16,-0.12,34,38220,卖盘
3,09:30:52,11.28,0.12,1,1128,买盘
4,09:31:01,11.26,-0.02,1,1126,卖盘
5,09:31:04,11.28,0.02,5,5640,买盘
6,09:31:22,11.28,0.0,6,6768,买盘
7,09:31:40,11.37,0.09,1,1137,买盘
8,09:32:31,11.27,-0.1,11,12397,卖盘
9,09:32:46,11.3,0.03,1,1130,买盘
10,09:32:52,11.27,-0.03,10,11270,卖盘
11,09:32:58,11.2,-0.07,17,19040,卖盘
12,09:33:01,11.2,0.0,1,1120,买盘
13,09:33:07,11.2,0.0,1,1120,买盘
14,09:33:13,11.18,-0.02,20,22360,卖盘
15,09:33:16,11.2,0.02,31,34720,买盘
16,09:33:40,11.35,0.15,50,56546,买盘
17,09:33:43,11.21,-0.14,20,22420,卖盘
18,09:33:58,11.33,0.12,1,1133,买盘
19,09:34:25,11.22,-0.11,20,22440,卖盘
20,09:34:37,11.27,0.05,1,1127,中性盘
21,09:35:40,11.23,-0.04,9,10107,卖盘
22,09:35:46,11.27,0.04,6,6758,买盘
23,09:36:37,11.22,-0.05,3,3366,卖盘
24,09:36:52,11.22,0.0,50,56100,买盘
25,09:37:01,11.22,0.0,2,2244,买盘
26,09:37:04,11.22,0.0,1,1122,买盘
27,09:37:07,11.2,-0.02,28,31377,卖盘
28,09:37:19,11.25,0.05,1,1125,买盘
29,09:37:37,11.21,-0.04,5,5605,卖盘
30,09:38:22,11.21,0.0,22,24662,卖盘
31,09:38:28,11.21,0.0,4,4484,买盘
32,09:38:31,11.21,0.0,1,1121,买盘
33,09:38:34,11.21,0.0,4,4484,买盘
34,09:38:37,11.19,-0.02,62,69412,卖盘
35,09:38:40,11.21,0.02,12,13452,买盘
36,09:38:46,11.21,0.0,8,8968,卖盘
37,09:38:49,11.21,0.0,6,6730,卖盘
38,09:39:07,11.19,-0.02,3,3357,卖盘
39,09:39:10,11.21,0.02,1,1121,买盘
40,09:39:13,11.21,0.0,1,1121,买盘
41,09:39:16,11.21,0.0,1,1121,买盘
42,09:39:19,11.21,0.0,2,2242,买盘
43,09:39:25,11.21,0.0,2,2242,买盘
44,09:39:31,11.21,0.0,2,2242,买盘
45,09:39:37,11.21,0.0,2,2242,买盘
46,09:39:40,11.21,0.0,10,11210,买盘
47,09:39:43,11.21,0.0,2,2242,买盘
48,09:39:46,11.21,0.0,1,1121,买盘
49,09:39:49,11.26,0.05,3,3373,买盘
50,09:41:04,11.19,-0.07,30,33575,卖盘
51,09:41:10,11.19,0.0,1,1119,买盘
52,09:41:13,11.19,0.0,1,1119,买盘
53,09:41:16,11.19,0.0,1,1119,买盘
54,09:41:19,11.19,0.0,1,1119,买盘
55,09:41:22,11.19,0.0,8,8952,买盘
56,09:41:25,11.19,0.0,8,8952,买盘
57,09:41:34,11.16,-0.03,229,255829,卖盘
58,09:41:37,11.24,0.08,1,1124,买盘
59,09:41:46,11.19,-0.05,3,3357,卖盘
60,09:42:01,11.25,0.06,5,5621,买盘
61,09:43:22,11.23,-0.02,19,21266,买盘
62,09:43:37,11.18,-0.05,43,48087,卖盘
63,09:43:43,11.18,0.0,1,1118,买盘
64,09:43:49,11.18,0.0,1,1118,买盘
65,09:43:52,11.23,0.05,7,7836,买盘
66,09:43:55,11.21,-0.02,1,1121,中性盘
67,09:44:13,11.23,0.02,1,1123,买盘
68,09:44:40,11.2,-0.03,1,1120,卖盘
69,09:44:58,11.23,0.03,1,1123,买盘
70,09:45:19,11.2,-0.03,60,67200,卖盘
71,09:45:28,11.23,0.03,1,1123,买盘
72,09:46:10,11.23,0.0,24,26952,买盘
73,09:46:19,11.21,-0.02,29,32521,卖盘
74,09:46:34,11.21,0.0,5,5605,买盘
75,09:46:40,11.21,0.0,9,10089,买盘
76,09:46:46,11.21,0.0,16,17936,买盘
77,09:46:52,11.21,0.0,13,14573,买盘
78,09:46:58,11.21,0.0,18,20178,买盘
79,09:47:01,11.21,0.0,14,15694,买盘
80,09:47:04,11.21,0.0,35,39235,买盘
81,09:47:07,11.21,0.0,14,15694,买盘
82,09:47:13,11.2,-0.01,17,19040,卖盘
83,09:47:37,11.21,0.01,2,2242,买盘
84,09:47:46,11.2,-0.01,28,31360,卖盘
85,09:48:16,11.2,0.0,22,24640,卖盘
86,09:48:25,11.2,0.0,2,2240,买盘
87,09:48:31,11.2,0.0,10,11200,买盘
88,09:48:37,11.2,0.0,1,1120,买盘
89,09:48:43,11.2,0.0,1,1120,买盘
90,09:48:46,11.2,0.0,12,13420,买盘
91,09:48:49,11.2,0.0,1,1120,买盘
92,09:48:52,11.2,0.0,5,5600,买盘
93,09:49:28,11.18,-0.02,62,69414,卖盘
94,09:49:31,11.18,0.0,1,1118,卖盘
95,09:49:37,11.18,0.0,1,1118,卖盘
96,09:49:43,11.21,0.03,40,44823,买盘
97,09:49:52,11.21,0.0,53,59413,买盘
98,09:49:55,11.18,-0.03,6,6708,卖盘
99,09:50:04,11.21,0.03,20,22420,买盘
100,09:50:07,11.17,-0.04,5,5589,卖盘
101,09:50:19,11.18,0.01,10,11180,买盘
102,09:50:28,11.19,0.01,13,14547,卖盘
103,09:50:31,11.17,-0.02,64,71498,卖盘
104,09:50:49,11.18,0.01,210,235602,卖盘
105,09:50:55,11.19,0.01,6,6714,买盘
106,09:50:58,11.37,0.18,277,313311,买盘
107,09:51:10,11.4,0.03,100,113774,买盘
108,09:51:46,11.35,-0.05,16,18160,买盘
109,09:51:49,11.24,-0.11,40,44960,卖盘
110,09:51:58,11.34,0.1,66,74235,买盘
111,09:52:22,11.21,-0.13,45,50487,卖盘
112,09:52:31,11.32,0.11,1,1132,买盘
113,09:52:46,11.22,-0.1,5,5610,卖盘
114,09:53:01,11.31,0.09,1,1131,买盘
115,09:53:19,11.21,-0.1,65,72928,卖盘
116,09:53:28,11.29,0.08,1,1129,买盘
117,09:53:31,11.29,0.0,20,22580,买盘
118,09:54:01,11.2,-0.09,200,224232,卖盘
119,09:54:10,11.28,0.08,7,7896,买盘
120,09:55:04,11.2,-0.08,50,56024,卖盘
121,09:55:19,11.27,0.07,10,11270,买盘
122,09:56:37,11.21,-0.06,3,3363,卖盘
123,09:56:58,11.2,-0.01,58,64960,卖盘
124,09:57:10,11.21,0.01,12,13452,买盘
125,09:57:16,11.21,0.0,20,22420,买盘
126,09:57:25,11.26,0.05,6,6731,买盘
127,09:59:07,11.26,0.0,77,86657,买盘
128,09:59:16,11.33,0.07,77,86875,买盘
129,09:59:58,11.22,-0.11,1,1122,卖盘
130,10:00:10,11.22,0.0,19,21318,买盘
131,10:00:16,11.26,0.04,1,1126,中性盘
132,10:04:01,11.2,-0.06,95,106478,卖盘
133,10:04:22,11.26,0.06,10,11260,买盘
134,10:04:25,11.23,-0.03,1,1123,卖盘
135,10:04:28,11.26,0.03,10,11260,买盘
136,10:05:04,11.23,-0.03,7,7861,卖盘
137,10:06:01,11.22,-0.01,58,65031,卖盘
138,10:06:10,11.22,0.0,3,3366,卖盘
139,10:06:16,11.22,0.0,11,12342,卖盘
140,10:06:31,11.2,-0.02,50,56005,卖盘
141,10:06:37,11.23,0.03,6,6733,买盘
142,10:06:40,11.2,-0.03,1,1120,卖盘
143,10:06:49,11.23,0.03,3,3366,买盘
144,10:06:57,11.24,0.01,1,1124,买盘
145,10:08:40,11.18,-0.06,169,189175,卖盘
146,10:08:58,11.24,0.06,1,1124,买盘
147,10:09:07,11.18,-0.06,40,44720,卖盘
148,10:09:16,11.24,0.06,1,1124,买盘
149,10:09:34,11.18,-0.06,1,1118,卖盘
150,10:09:37,11.18,0.0,3,3354,卖盘
151,10:09:40,11.24,0.06,2,2242,买盘
152,10:09:46,11.18,-0.06,1,1118,卖盘
153,10:09:52,11.24,0.06,1,1124,买盘
154,10:09:55,11.18,-0.06,4,4472,卖盘
155,10:10:04,11.16,-0.02,224,249903,卖盘
156,10:10:28,11.16,0.0,26,29183,买盘
157,10:10:31,11.15,-0.01,299,333391,卖盘
158,10:10:43,11.24,0.09,2,2248,买盘
159,10:11:25,11.17,-0.07,19,21223,卖盘
160,10:11:55,11.2,0.03,32,35747,买盘
161,10:12:31,11.16,-0.04,1,1116,卖盘
162,10:12:43,11.16,0.0,59,65844,卖盘
163,10:12:49,11.16,0.0,10,11160,卖盘
164,10:12:55,11.17,0.01,1,1117,买盘
165,10:13:13,11.17,0.0,10,11170,买盘
166,10:13:31,11.16,-0.01,17,18972,卖盘
167,10:13:37,11.16,0.0,10,11160,买盘
168,10:13:58,11.15,-0.01,17,18955,卖盘
169,10:14:01,11.17,0.02,5,5585,买盘
170,10:14:10,11.16,-0.01,9,10044,卖盘
171,10:14:25,11.16,0.0,7,7812,卖盘
172,10:14:31,11.15,-0.01,1,1115,卖盘
173,10:14:52,11.16,0.01,20,22320,买盘
174,10:15:10,11.16,0.0,10,11160,买盘
175,10:15:58,11.15,-0.01,1,1115,卖盘
176,10:16:10,11.15,0.0,20,22300,卖盘
177,10:16:25,11.15,0.0,5,5575,卖盘
178,10:16:37,11.15,0.0,13,14328,卖盘
179,10:16:58,11.14,-0.01,2,2228,卖盘
180,10:17:01,11.13,-0.01,48,53445,卖盘
181,10:17:16,11.13,0.0,78,86814,卖盘
182,10:17:37,11.1,-0.03,90,101039,卖盘
183,10:17:48,11.1,0.0,6,6660,卖盘
184,10:17:52,11.1,0.0,50,55500,卖盘
185,10:17:55,11.1,0.0,4,4440,卖盘
186,10:17:58,11.1,0.0,5,5550,卖盘
187,10:18:01,11.1,0.0,1,166,卖盘
188,10:18:07,11.1,0.0,127,141432,卖盘
189,10:18:10,11.1,0.0,20,22200,卖盘
190,10:18:12,11.1,0.0,10,11100,卖盘
191,10:18:16,11.1,0.0,13,14430,卖盘
192,10:18:19,11.29,0.19,377,421746,买盘
193,10:18:37,11.28,-0.01,4,4512,买盘
194,10:18:43,11.29,0.01,50,56384,买盘
195,10:21:34,11.17,-0.12,1,1117,卖盘
196,10:21:46,11.2,0.03,1,1120,买盘
197,10:22:04,11.17,-0.03,15,16755,卖盘
198,10:22:16,11.2,0.03,1,1120,买盘
199,10:23:16,11.17,-0.03,5,5585,卖盘
200,10:23:46,11.19,0.02,1,1119,买盘
201,10:23:55,11.19,0.0,5,5595,买盘
202,10:24:10,11.18,-0.01,10,11180,卖盘
203,10:25:52,11.19,0.01,16,17904,买盘
204,10:25:58,11.19,0.0,1,1119,买盘
205,10:26:01,11.19,0.0,2,2238,买盘
206,10:26:19,11.19,0.0,10,11190,买盘
207,10:26:40,11.19,0.0,10,11190,卖盘
208,10:28:24,11.18,-0.01,2,2236,卖盘
209,10:29:40,11.19,0.01,10,11190,买盘
210,10:29:55,11.19,0.0,6,6714,买盘
211,10:30:55,11.19,0.0,4,4476,卖盘
212,10:30:57,11.19,0.0,6,6714,买盘
213,10:31:43,11.19,0.0,4,4476,卖盘
214,10:31:46,11.18,-0.01,35,39130,卖盘
215,10:32:34,11.17,-0.01,13,14521,卖盘
216,10:32:40,11.17,0.0,1,1117,买盘
217,10:32:55,11.17,0.0,6,6702,买盘
218,10:33:22,11.16,-0.01,60,66960,卖盘
219,10:34:07,11.15,-0.01,100,111500,卖盘
220,10:34:19,11.15,0.0,10,11150,买盘
221,10:34:36,11.14,-0.01,6,6684,卖盘
222,10:35:01,11.12,-0.02,99,110184,卖盘
223,10:35:16,11.19,0.07,77,86080,卖盘
224,10:35:28,11.2,0.01,6,6715,买盘
225,10:35:43,11.12,-0.08,1,1112,卖盘
226,10:35:55,11.19,0.07,7,7815,买盘
227,10:36:52,11.14,-0.05,9,10029,卖盘
228,10:37:04,11.18,0.04,1,1118,买盘
229,10:40:19,11.14,-0.04,5,5570,卖盘
230,10:40:28,11.14,0.0,9,10026,卖盘
231,10:40:58,11.14,0.0,18,20052,卖盘
232,10:41:01,11.15,0.01,19,21180,买盘
233,10:41:04,11.12,-0.03,27,30024,卖盘
234,10:41:09,11.14,0.02,4,4456,买盘
235,10:41:19,11.12,-0.02,21,23352,卖盘
236,10:41:22,11.18,0.06,20,22287,买盘
237,10:41:49,11.14,-0.04,5,5570,卖盘
238,10:41:55,11.18,0.04,1,1118,买盘
239,10:42:16,11.14,-0.04,3,3342,卖盘
240,10:42:31,11.14,0.0,4,4456,卖盘
241,10:42:49,11.12,-0.02,18,20016,卖盘
242,10:43:13,11.16,0.04,1,1116,买盘
243,10:43:19,11.12,-0.04,3,3336,卖盘
244,10:43:28,11.12,0.0,1,1112,买盘
245,10:43:55,11.12,0.0,12,13333,买盘
246,10:43:58,11.11,-0.01,86,95546,卖盘
247,10:44:16,11.11,0.0,10,11110,卖盘
248,10:44:19,11.11,0.0,26,28886,买盘
249,10:44:25,11.1,-0.01,7,7770,卖盘
250,10:44:27,11.1,0.0,19,21090,卖盘
251,10:44:33,11.11,0.01,7,7777,买盘
252,10:44:39,11.1,-0.01,8,8880,卖盘
253,10:44:46,11.16,0.06,33,36693,买盘
254,10:44:49,11.1,-0.06,5,5550,卖盘
255,10:44:55,11.16,0.06,1,1116,买盘
256,10:46:01,11.15,-0.01,5,5575,买盘
257,10:46:13,11.11,-0.04,21,23331,卖盘
258,10:46:25,11.15,0.04,15,16697,买盘
259,10:49:13,11.11,-0.04,21,23331,卖盘
260,10:49:55,11.15,0.04,1,1115,买盘
261,10:50:40,11.14,-0.01,4,4456,买盘
262,10:50:52,11.18,0.04,301,336028,买盘
263,10:51:04,11.18,0.0,501,560078,买盘
264,10:51:25,11.18,0.0,5,5590,买盘
265,10:51:28,11.18,0.0,143,159874,买盘
266,10:51:34,11.18,0.0,7,7826,卖盘
267,10:52:01,11.25,0.07,200,224271,买盘
268,10:52:13,11.29,0.04,200,225375,买盘
269,10:53:31,11.25,-0.04,9,10125,买盘
270,10:53:58,11.26,0.01,37,41658,买盘
271,10:54:12,11.17,-0.09,22,24574,卖盘
272,10:54:22,11.25,0.08,14,15750,买盘
273,10:54:25,11.25,0.0,1,1125,买盘
274,10:54:40,11.27,0.02,100,112612,买盘
275,10:57:13,11.17,-0.1,19,21223,卖盘
276,10:57:34,11.26,0.09,15,16834,买盘
277,10:57:52,11.3,0.04,300,338160,买盘
278,10:58:04,11.35,0.05,170,192655,买盘
279,10:59:13,11.2,-0.15,5,5600,卖盘
280,10:59:31,11.31,0.11,1,1131,买盘
281,10:59:39,11.31,0.0,3,3393,买盘
282,11:00:04,11.2,-0.11,20,22410,卖盘
283,11:00:25,11.26,0.06,1,1126,买盘
284,11:01:52,11.21,-0.05,22,24672,卖盘
285,11:01:57,11.3,0.09,14,15768,买盘
286,11:03:22,11.27,-0.03,4,4508,卖盘
287,11:04:49,11.21,-0.06,20,22420,卖盘
288,11:05:09,11.26,0.05,1,1126,买盘
289,11:05:37,11.26,0.0,1,1126,买盘
290,11:05:58,11.22,-0.04,20,22440,卖盘
291,11:06:37,11.21,-0.01,23,25783,卖盘
292,11:07:28,11.2,-0.01,32,35861,卖盘
293,11:07:43,11.2,0.0,24,26880,卖盘
294,11:08:01,11.2,0.0,48,53760,卖盘
295,11:08:34,11.2,0.0,22,24640,卖盘
296,11:08:55,11.2,0.0,8,8960,卖盘
297,11:09:19,11.2,0.0,42,47040,卖盘
298,11:10:22,11.19,-0.01,21,23499,卖盘
299,11:10:43,11.2,0.01,8,8960,买盘
300,11:10:58,11.2,0.0,1,1120,卖盘
301,11:12:19,11.2,0.0,24,26880,卖盘
302,11:12:22,11.2,0.0,8,8960,卖盘
303,11:12:58,11.2,0.0,9,10080,卖盘
304,11:13:21,11.19,-0.01,22,24618,卖盘
305,11:13:37,11.2,0.01,10,11200,买盘
306,11:14:07,11.21,0.01,49,54929,买盘
307,11:14:19,11.2,-0.01,23,25760,卖盘
308,11:14:22,11.19,-0.01,50,55967,卖盘
309,11:14:46,11.21,0.02,1,1121,买盘
310,11:14:58,11.22,0.01,5,5610,买盘
311,11:15:07,11.26,0.04,25,28069,买盘
312,11:16:01,11.26,0.0,18,20268,买盘
313,11:16:06,11.26,0.0,45,50670,买盘
314,11:16:13,11.26,0.0,3,3378,卖盘
315,11:16:16,11.26,0.0,10,11260,卖盘
316,11:16:19,11.2,-0.06,74,82880,卖盘
317,11:16:37,11.26,0.06,1,1126,买盘
318,11:17:22,11.25,-0.01,9,10125,买盘
319,11:17:25,11.2,-0.05,4,4480,卖盘
320,11:17:28,11.2,0.0,21,23520,卖盘
321,11:17:40,11.25,0.05,1,1125,买盘
322,11:17:52,11.25,0.0,14,15750,买盘
323,11:18:04,11.25,0.0,5,5625,卖盘
324,11:18:16,11.2,-0.05,6,6720,卖盘
325,11:18:34,11.2,0.0,29,32480,卖盘
326,11:18:52,11.26,0.06,1,1126,买盘
327,11:19:09,11.23,-0.03,2,2246,买盘
328,11:19:16,11.23,0.0,1,1123,买盘
329,11:19:21,11.2,-0.03,21,23520,卖盘
330,11:19:58,11.2,0.0,10,11200,卖盘
331,11:20:13,11.23,0.03,14,15717,买盘
332,11:20:25,11.26,0.03,5,5618,买盘
333,11:22:18,11.2,-0.06,20,22400,卖盘
334,11:23:10,11.2,0.0,18,20160,卖盘
335,11:23:16,11.24,0.04,1,1124,买盘
336,11:23:34,11.26,0.02,14,15738,买盘
337,11:24:34,11.2,-0.06,8,8960,卖盘
338,11:24:52,11.2,0.0,20,22400,卖盘
339,11:24:58,11.26,0.06,1,1126,买盘
340,11:29:00,11.2,-0.06,200,224010,卖盘
341,11:29:22,11.25,0.05,2,2246,买盘
342,11:29:25,11.25,0.0,2,2250,买盘
343,11:29:43,11.2,-0.05,21,23520,卖盘
344,11:29:58,11.2,0.0,20,22400,买盘
345,11:30:04,11.25,0.05,27,30245,买盘
346,13:00:22,11.19,-0.06,10,11190,卖盘
347,13:00:28,11.19,0.0,18,20142,卖盘
348,13:03:28,11.17,-0.02,5,5585,卖盘
349,13:03:46,11.18,0.01,2,2236,卖盘
350,13:03:52,11.18,0.0,3,3354,卖盘
351,13:04:09,11.25,0.07,32,35783,买盘
352,13:04:21,11.17,-0.08,1,1117,卖盘
353,13:04:46,11.25,0.08,1,1125,买盘
354,13:06:07,11.17,-0.08,3,3351,卖盘
355,13:06:19,11.17,0.0,26,29042,卖盘
356,13:07:34,11.23,0.06,1,1123,买盘
357,13:09:58,11.17,-0.06,30,33510,卖盘
358,13:11:37,11.17,0.0,8,8936,卖盘
359,13:11:46,11.17,0.0,20,22340,买盘
360,13:12:13,11.16,-0.01,52,58032,卖盘
361,13:12:34,11.23,0.07,6,6703,买盘
362,13:12:43,11.15,-0.08,47,52433,卖盘
363,13:12:52,11.23,0.08,1,1123,买盘
364,13:13:46,11.15,-0.08,1,1115,卖盘
365,13:13:51,11.23,0.08,1,1123,买盘
366,13:18:18,11.16,-0.07,10,11160,卖盘
367,13:18:45,11.15,-0.01,5,5575,卖盘
368,13:18:55,11.15,0.0,30,33450,卖盘
369,13:19:16,11.15,0.0,7,7805,卖盘
370,13:20:36,11.15,0.0,2,2230,卖盘
371,13:20:46,11.22,0.07,1,1122,买盘
372,13:21:04,11.15,-0.07,20,22300,卖盘
373,13:21:36,11.2,0.05,1,1120,买盘
374,13:21:52,11.15,-0.05,14,15610,卖盘
375,13:23:10,11.15,0.0,4,4460,买盘
376,13:23:19,11.15,0.0,71,79165,买盘
377,13:23:22,11.15,0.0,6,6690,卖盘
378,13:25:16,11.22,0.07,1,1122,买盘
379,13:26:19,11.2,-0.02,1,1120,买盘
380,13:26:28,11.2,0.0,1,1120,买盘
381,13:26:43,11.16,-0.04,10,11160,卖盘
382,13:27:06,11.2,0.04,1,1120,买盘
383,13:29:43,11.15,-0.05,5,5575,卖盘
384,13:30:16,11.2,0.05,1,1120,买盘
385,13:30:28,11.15,-0.05,58,64670,卖盘
386,13:31:07,11.14,-0.01,12,13368,卖盘
387,13:31:10,11.15,0.01,30,33450,买盘
388,13:31:31,11.14,-0.01,41,45674,卖盘
389,13:31:36,11.14,0.0,150,167100,买盘
390,13:31:54,11.13,-0.01,54,60102,卖盘
391,13:32:04,11.12,-0.01,126,140112,卖盘
392,13:32:16,11.11,-0.01,104,115544,卖盘
393,13:32:31,11.1,-0.01,17,18870,卖盘
394,13:33:04,11.1,0.0,18,19980,卖盘
395,13:33:18,11.1,0.0,50,55500,卖盘
396,13:33:25,11.1,0.0,6,6660,卖盘
397,13:33:40,11.1,0.0,2,2220,卖盘
398,13:34:01,11.11,0.01,2,2222,买盘
399,13:34:31,11.1,-0.01,6,6660,卖盘
400,13:35:10,11.1,0.0,5,5550,卖盘
401,13:35:19,11.1,0.0,31,34310,卖盘
402,13:35:25,11.1,0.0,1,1110,买盘
403,13:35:31,11.09,-0.01,18,20428,卖盘
404,13:35:40,11.09,0.0,100,110900,卖盘
405,13:36:10,11.1,0.01,2,2220,买盘
406,13:36:22,11.1,0.0,15,16750,买盘
407,13:36:40,11.11,0.01,7,7777,买盘
408,13:36:43,11.1,-0.01,3,3330,卖盘
409,13:36:49,11.1,0.0,27,29970,卖盘
410,13:37:13,11.1,0.0,52,57769,卖盘
411,13:37:37,11.09,-0.01,20,22189,卖盘
412,13:37:58,11.1,0.01,10,11100,卖盘
413,13:38:13,11.1,0.0,3,3330,买盘
414,13:38:16,11.1,0.0,1,1110,买盘
415,13:38:19,11.1,0.0,5,5550,买盘
416,13:38:31,11.1,0.0,3,3330,买盘
417,13:39:19,11.1,0.0,5,5550,买盘
418,13:39:25,11.1,0.0,10,11100,买盘
419,13:41:13,11.1,0.0,1,1110,买盘
420,13:42:10,11.1,0.0,4,4440,卖盘
421,13:43:51,11.1,0.0,9,9990,卖盘
422,13:43:58,11.1,0.0,25,27750,卖盘
423,13:45:58,11.11,0.01,75,83325,买盘
424,13:46:22,11.11,0.0,3,3333,买盘
425,13:47:06,11.11,0.0,1,1111,买盘
426,13:48:13,11.1,-0.01,10,11100,卖盘
427,13:48:16,11.11,0.01,27,29997,买盘
428,13:50:01,11.11,0.0,10,11110,买盘
429,13:52:22,11.11,0.0,1,1111,买盘
430,13:55:06,11.11,0.0,5,5555,买盘
431,13:55:31,11.11,0.0,2,2222,买盘
432,13:55:54,11.11,0.0,2,2222,买盘
433,13:56:01,11.1,-0.01,19,21107,卖盘
434,13:56:13,11.1,0.0,6,6660,卖盘
435,13:56:16,11.1,0.0,10,11100,卖盘
436,13:56:52,11.11,0.01,10,11110,买盘
437,13:57:33,11.1,-0.01,1,1110,卖盘
438,14:00:13,11.11,0.01,10,11110,买盘
439,14:00:31,11.1,-0.01,4,4440,卖盘
440,14:00:34,11.11,0.01,4,4444,买盘
441,14:00:49,11.1,-0.01,23,25530,卖盘
442,14:00:52,11.1,0.0,1,1110,卖盘
443,14:02:19,11.11,0.01,15,16665,买盘
444,14:02:40,11.11,0.0,30,33330,买盘
445,14:03:04,11.11,0.0,10,11110,买盘
446,14:03:49,11.11,0.0,2,2222,买盘
447,14:05:33,11.11,0.0,8,8888,买盘
448,14:06:54,11.11,0.0,3,3333,买盘
449,14:08:25,11.1,-0.01,10,11100,卖盘
450,14:08:31,11.1,0.0,1,1110,卖盘
451,14:08:52,11.11,0.01,2,2222,买盘
452,14:09:52,11.11,0.0,3,3333,买盘
453,14:10:01,11.1,-0.01,6,6660,卖盘
454,14:10:22,11.11,0.01,2,2222,买盘
455,14:10:25,11.11,0.0,51,56640,买盘
456,14:10:36,11.11,0.0,15,16665,买盘
457,14:10:55,11.11,0.0,10,11110,买盘
458,14:10:58,11.11,0.0,5,5555,买盘
459,14:11:31,11.11,0.0,5,5555,买盘
460,14:11:48,11.11,0.0,3,3333,买盘
461,14:12:01,11.11,0.0,13,14443,买盘
462,14:12:13,11.12,0.01,22,24464,买盘
463,14:12:37,11.12,0.0,9,10008,买盘
464,14:13:10,11.12,0.0,3,3336,买盘
465,14:13:28,11.12,0.0,10,11120,买盘
466,14:13:39,11.12,0.0,5,5560,买盘
467,14:14:34,11.12,0.0,5,5560,买盘
468,14:14:58,11.11,-0.01,20,22220,卖盘
469,14:15:04,11.11,0.0,6,6666,卖盘
470,14:15:13,11.11,0.0,5,5555,卖盘
471,14:15:36,11.12,0.01,10,11120,买盘
472,14:16:30,11.12,0.0,5,5560,买盘
473,14:16:52,11.12,0.0,8,8896,买盘
474,14:18:58,11.12,0.0,10,11120,买盘
475,14:19:58,11.11,-0.01,18,19998,卖盘
476,14:20:01,11.11,0.0,11,12221,卖盘
477,14:20:13,11.12,0.01,20,22240,买盘
478,14:20:25,11.12,0.0,2,2224,买盘
479,14:21:43,11.11,-0.01,13,14443,卖盘
480,14:23:15,11.12,0.01,51,56712,买盘
481,14:23:28,11.1,-0.02,28,31092,卖盘
482,14:23:40,11.1,0.0,98,108780,卖盘
483,14:25:16,11.11,0.01,6,6666,卖盘
484,14:25:52,11.11,0.0,10,11110,卖盘
485,14:27:49,11.11,0.0,2,2222,卖盘
486,14:28:25,11.11,0.0,10,11110,卖盘
487,14:28:49,11.11,0.0,15,16665,卖盘
488,14:29:25,11.11,0.0,6,6666,卖盘
489,14:29:34,11.11,0.0,3,3333,卖盘
490,14:30:16,11.11,0.0,60,66660,卖盘
491,14:30:31,11.11,0.0,5,5555,卖盘
492,14:33:13,11.11,0.0,3,3333,卖盘
493,14:34:07,11.12,0.01,1,1112,买盘
494,14:34:36,11.1,-0.02,78,86587,卖盘
495,14:35:07,11.1,0.0,1,1110,买盘
496,14:35:46,11.09,-0.01,5,5545,卖盘
497,14:35:49,11.1,0.01,5,5550,买盘
498,14:36:01,11.1,0.0,26,28860,买盘
499,14:36:34,11.1,0.0,5,5550,买盘
500,14:36:40,11.09,-0.01,13,14417,卖盘
501,14:37:13,11.09,0.0,29,32161,卖盘
502,14:37:40,11.1,0.01,10,11100,买盘
503,14:39:07,11.1,0.0,63,69930,买盘
504,14:39:46,11.09,-0.01,1,1109,卖盘
505,14:39:55,11.1,0.01,15,16650,买盘
506,14:40:13,11.09,-0.01,10,11090,卖盘
507,14:40:34,11.09,0.0,43,47687,卖盘
508,14:40:39,11.09,0.0,12,13308,买盘
509,14:40:49,11.08,-0.01,63,69804,卖盘
510,14:40:52,11.08,0.0,15,16620,卖盘
511,14:41:07,11.08,0.0,40,44320,卖盘
512,14:41:10,11.07,-0.01,50,55352,卖盘
513,14:41:22,11.07,0.0,53,58671,卖盘
514,14:41:25,11.06,-0.01,50,55300,卖盘
515,14:41:40,11.05,-0.01,108,119415,卖盘
516,14:42:01,11.05,0.0,1,1105,卖盘
517,14:42:05,11.05,0.0,58,64096,卖盘
518,14:42:07,11.05,0.0,50,55250,卖盘
519,14:42:10,11.05,0.0,10,11050,卖盘
520,14:42:16,11.05,0.0,1,1105,卖盘
521,14:42:34,11.05,0.0,27,29835,卖盘
522,14:42:58,11.05,0.0,13,14365,卖盘
523,14:43:16,11.05,0.0,5,5525,卖盘
524,14:43:25,11.05,0.0,1,1105,卖盘
525,14:44:16,11.06,0.01,5,5530,卖盘
526,14:45:01,11.07,0.01,5,5535,卖盘
527,14:45:13,11.14,0.07,700,777776,买盘
528,14:45:28,11.17,0.03,900,1004068,买盘
529,14:45:49,11.19,0.02,450,503214,买盘
530,14:46:10,11.3,0.11,500,561718,买盘
531,14:46:37,11.29,-0.01,100,112680,买盘
532,14:46:49,11.2,-0.09,10,11200,卖盘
533,14:47:16,11.27,0.07,5,5635,买盘
534,14:47:19,11.25,-0.02,5,5625,中性盘
535,14:47:22,11.25,0.0,14,15750,买盘
536,14:48:13,11.19,-0.06,5,5595,卖盘
537,14:48:34,11.24,0.05,1,1124,买盘
538,14:49:01,11.2,-0.04,10,11200,买盘
539,14:49:10,11.19,-0.01,6,6722,卖盘
540,14:49:40,11.19,0.0,15,16785,卖盘
541,14:49:58,11.18,-0.01,32,35799,卖盘
542,14:50:01,11.21,0.03,1,1121,买盘
543,14:50:10,11.21,0.0,2,2242,买盘
544,14:50:34,11.19,-0.02,5,5595,买盘
545,14:50:46,11.25,0.06,100,112256,买盘
546,14:51:34,11.15,-0.1,3,3345,卖盘
547,14:51:49,11.15,0.0,3,3345,卖盘
548,14:51:52,11.15,0.0,5,5575,卖盘
549,14:52:04,11.15,0.0,10,11150,卖盘
550,14:52:10,11.15,0.0,3,3345,卖盘
551,14:52:28,11.24,0.09,57,64043,买盘
552,14:52:52,11.16,-0.08,7,7812,卖盘
553,14:52:55,11.23,0.07,8,8984,买盘
554,14:53:52,11.15,-0.08,45,50200,卖盘
555,14:54:10,11.15,0.0,10,11150,卖盘
556,14:54:16,11.14,-0.01,20,22281,卖盘
557,14:54:34,11.25,0.11,400,449125,买盘
558,14:54:55,11.29,0.04,500,562848,买盘
559,14:55:10,11.25,-0.04,1,1125,买盘
560,14:55:16,11.34,0.09,500,565385,买盘
561,14:55:31,11.25,-0.09,11,12375,卖盘
562,14:55:34,11.25,0.0,2,2250,卖盘
563,14:55:37,11.25,0.0,3,3375,卖盘
564,14:55:40,11.25,0.0,3,3375,卖盘
565,14:55:43,11.25,0.0,53,59625,卖盘
566,14:55:46,11.25,0.0,1,1125,卖盘
567,14:55:49,11.25,0.0,3,3378,卖盘
568,14:56:01,11.25,0.0,16,18000,买盘
569,14:56:13,11.25,0.0,63,70875,买盘
570,14:56:16,11.25,0.0,5,5625,买盘
571,14:56:25,11.24,-0.01,9,10116,买盘
572,14:56:37,11.16,-0.08,34,37944,卖盘
573,14:56:46,11.29,0.13,300,337763,买盘
574,14:57:04,11.26,-0.03,8,9006,买盘
575,15:00:05,11.2,-0.06,760,851200,卖盘
