,time,price,change,volume,amount,type
0,09:25:04,5.19,0.03,36,18684,买盘
1,09:30:10,5.2,0.01,5,2600,卖盘
2,09:30:13,5.21,0.01,3,1563,买盘
3,09:30:19,5.21,0.0,1,521,买盘
4,09:30:25,5.21,0.0,1,521,买盘
5,09:30:31,5.2,-0.01,19,9880,卖盘
6,09:30:40,5.21,0.01,2,1042,买盘
7,09:31:04,5.2,-0.01,5,2600,卖盘
8,09:31:10,5.25,0.05,219,114645,买盘
9,09:31:16,5.21,-0.04,10,5210,买盘
10,09:31:19,5.22,0.01,27,14113,卖盘
11,09:31:22,5.23,0.01,42,21928,买盘
12,09:31:28,5.23,0.0,4,2093,卖盘
13,09:31:31,5.24,0.01,4,2094,买盘
14,09:31:34,5.23,-0.01,7,3667,卖盘
15,09:31:37,5.23,0.0,10,5230,卖盘
16,09:31:40,5.24,0.01,72,37725,买盘
17,09:31:43,5.23,-0.01,2,1045,买盘
18,09:32:16,5.22,-0.01,1,522,买盘
19,09:32:19,5.22,0.0,1,522,买盘
20,09:32:22,5.22,0.0,4,2088,买盘
21,09:32:25,5.22,0.0,1,522,买盘
22,09:32:28,5.22,0.0,3,1566,买盘
23,09:32:31,5.23,0.01,217,113490,买盘
24,09:32:46,5.23,0.0,2,1046,买盘
25,09:32:49,5.23,0.0,1,523,买盘
26,09:32:52,5.23,0.0,2,1046,买盘
27,09:33:16,5.24,0.01,1,524,买盘
28,09:33:19,5.24,0.0,8,4178,买盘
29,09:33:22,5.22,-0.02,5,2610,卖盘
30,09:33:46,5.24,0.02,1,524,买盘
31,09:33:49,5.24,0.0,73,38252,买盘
32,09:34:10,5.24,0.0,2,1048,买盘
33,09:34:19,5.24,0.0,1,524,买盘
34,09:34:25,5.24,0.0,1,524,买盘
35,09:34:40,5.22,-0.02,3,1568,卖盘
36,09:34:46,5.22,0.0,3,1566,卖盘
37,09:34:52,5.24,0.02,2,1048,买盘
38,09:34:58,5.22,-0.02,3,1566,卖盘
39,09:35:19,5.24,0.02,2,1047,买盘
40,09:35:49,5.23,-0.01,1,523,买盘
41,09:35:58,5.23,0.0,24,12552,买盘
42,09:36:10,5.24,0.01,1,524,买盘
43,09:36:13,5.24,0.0,2,1048,买盘
44,09:36:34,5.23,-0.01,5,2615,卖盘
45,09:36:37,5.23,0.0,7,3661,卖盘
46,09:36:40,5.24,0.01,1,524,买盘
47,09:36:58,5.23,-0.01,10,5230,卖盘
48,09:37:13,5.24,0.01,1,524,买盘
49,09:37:19,5.24,0.0,1,524,买盘
50,09:37:25,5.24,0.0,128,67072,买盘
51,09:37:31,5.24,0.0,2,1048,买盘
52,09:37:49,5.24,0.0,24,12576,买盘
53,09:37:55,5.24,0.0,1,524,买盘
54,09:38:01,5.24,0.0,92,48208,买盘
55,09:38:04,5.24,0.0,30,15720,卖盘
56,09:38:07,5.25,0.01,3,1575,买盘
57,09:38:13,5.25,0.0,210,110250,买盘
58,09:38:19,5.26,0.01,1,526,买盘
59,09:38:22,5.26,0.0,2,1052,买盘
60,09:38:28,5.26,0.0,219,115194,买盘
61,09:38:34,5.26,0.0,4,2105,卖盘
62,09:38:46,5.27,0.01,1,527,买盘
63,09:38:52,5.26,-0.01,50,26300,卖盘
64,09:38:58,5.27,0.01,170,89590,买盘
65,09:39:05,5.28,0.01,1,528,买盘
66,09:39:16,5.27,-0.01,30,15810,卖盘
67,09:39:19,5.27,0.0,68,35836,买盘
68,09:39:22,5.28,0.01,21,11086,买盘
69,09:39:31,5.28,0.0,13,6861,买盘
70,09:39:34,5.27,-0.01,100,52700,卖盘
71,09:39:40,5.27,0.0,2,1054,买盘
72,09:39:43,5.27,0.0,21,11067,买盘
73,09:39:46,5.27,0.0,10,5270,买盘
74,09:39:55,5.27,0.0,26,13702,买盘
75,09:40:13,5.27,0.0,1,527,买盘
76,09:40:16,5.27,0.0,1,527,买盘
77,09:40:28,5.26,-0.01,20,10520,卖盘
78,09:40:31,5.27,0.01,10,5270,买盘
79,09:40:37,5.26,-0.01,6,3156,卖盘
80,09:40:49,5.27,0.01,60,31620,买盘
81,09:40:52,5.27,0.0,6,3162,买盘
82,09:41:04,5.27,0.0,35,18445,买盘
83,09:41:19,5.27,0.0,7,3689,买盘
84,09:41:22,5.27,0.0,41,21607,买盘
85,09:41:28,5.27,0.0,14,7378,买盘
86,09:41:34,5.26,-0.01,5,2630,卖盘
87,09:41:37,5.26,0.0,3,1578,卖盘
88,09:41:40,5.26,0.0,1,526,卖盘
89,09:41:43,5.26,0.0,13,6838,卖盘
90,09:41:46,5.25,-0.01,26,13657,卖盘
91,09:41:52,5.26,0.01,2,1052,买盘
92,09:42:19,5.26,0.0,1,526,买盘
93,09:42:22,5.26,0.0,1,526,买盘
94,09:42:46,5.26,0.0,1,526,买盘
95,09:43:10,5.26,0.0,1,526,买盘
96,09:43:19,5.26,0.0,1,526,买盘
97,09:43:43,5.25,-0.01,2,1050,卖盘
98,09:43:46,5.26,0.01,2,1052,买盘
99,09:44:07,5.26,0.0,24,12624,买盘
100,09:44:19,5.25,-0.01,2,1050,买盘
101,09:44:49,5.25,0.0,1,525,买盘
102,09:44:55,5.24,-0.01,20,10480,卖盘
103,09:45:10,5.25,0.01,2,1050,买盘
104,09:45:13,5.25,0.0,1,525,买盘
105,09:45:49,5.25,0.0,1,525,买盘
106,09:46:10,5.25,0.0,2,1050,买盘
107,09:46:28,5.25,0.0,26,13650,买盘
108,09:46:46,5.26,0.01,1,526,买盘
109,09:46:55,5.26,0.0,57,29982,买盘
110,09:47:19,5.26,0.0,1,526,买盘
111,09:47:25,5.26,0.0,2,1052,买盘
112,09:47:31,5.26,0.0,31,16306,买盘
113,09:47:46,5.26,0.0,1,526,买盘
114,09:48:10,5.26,0.0,10,5260,买盘
115,09:48:19,5.26,0.0,1,526,买盘
116,09:48:22,5.26,0.0,1,526,买盘
117,09:48:40,5.24,-0.02,7,3670,卖盘
118,09:48:52,5.25,0.01,1,525,买盘
119,09:49:07,5.24,-0.01,19,9956,卖盘
120,09:49:16,5.24,0.0,2,1048,卖盘
121,09:49:19,5.25,0.01,1,525,买盘
122,09:49:22,5.25,0.0,2,1050,买盘
123,09:49:31,5.25,0.0,2,1050,买盘
124,09:49:46,5.24,-0.01,10,5240,卖盘
125,09:49:49,5.25,0.01,1,525,买盘
126,09:50:01,5.24,-0.01,16,8384,卖盘
127,09:50:10,5.24,0.0,1,524,买盘
128,09:50:16,5.24,0.0,1,524,买盘
129,09:50:34,5.23,-0.01,102,53346,卖盘
130,09:50:37,5.23,0.0,101,52823,买盘
131,09:50:43,5.24,0.01,12,6278,买盘
132,09:51:19,5.24,0.0,2,1048,买盘
133,09:51:22,5.24,0.0,5,2620,买盘
134,09:51:43,5.24,0.0,6,3144,买盘
135,09:51:46,5.24,0.0,1,524,买盘
136,09:51:55,5.24,0.0,2,1048,卖盘
137,09:52:10,5.25,0.01,1,525,卖盘
138,09:52:16,5.25,0.0,1,525,买盘
139,09:52:49,5.24,-0.01,3,1574,卖盘
140,09:53:13,5.25,0.01,2,1050,买盘
141,09:53:40,5.24,-0.01,5,2620,卖盘
142,09:53:46,5.24,0.0,5,2620,卖盘
143,09:53:58,5.24,0.0,4,2096,卖盘
144,09:54:01,5.25,0.01,2,1050,买盘
145,09:54:28,5.25,0.0,2,1050,买盘
146,09:54:40,5.24,-0.01,7,3670,卖盘
147,09:54:58,5.25,0.01,1,525,买盘
148,09:55:04,5.25,0.0,1,525,买盘
149,09:55:31,5.25,0.0,3,1575,买盘
150,09:55:58,5.24,-0.01,5,2620,卖盘
151,09:56:10,5.25,0.01,1,525,买盘
152,09:56:13,5.25,0.0,1,525,买盘
153,09:56:33,5.25,0.0,6,3150,买盘
154,09:56:40,5.25,0.0,2,1050,买盘
155,09:56:58,5.25,0.0,1,525,买盘
156,09:57:01,5.24,-0.01,8,4192,卖盘
157,09:57:07,5.25,0.01,1,525,买盘
158,09:57:22,5.24,-0.01,4,2096,卖盘
159,09:57:37,5.25,0.01,1,525,买盘
160,09:58:04,5.24,-0.01,1,524,卖盘
161,09:58:07,5.25,0.01,1,525,买盘
162,09:58:10,5.25,0.0,2,1050,买盘
163,09:58:13,5.24,-0.01,8,4192,卖盘
164,09:58:19,5.24,0.0,50,26200,卖盘
165,09:58:37,5.25,0.01,1,525,买盘
166,09:59:01,5.24,-0.01,1,524,买盘
167,09:59:07,5.24,0.0,1,524,买盘
168,09:59:31,5.24,0.0,1,524,买盘
169,09:59:46,5.23,-0.01,5,2615,卖盘
170,10:00:49,5.24,0.01,19,9956,买盘
171,10:00:52,5.25,0.01,3,1573,买盘
172,10:00:55,5.24,-0.01,1,524,卖盘
173,10:01:31,5.25,0.01,2,1050,买盘
174,10:01:37,5.24,-0.01,39,20436,卖盘
175,10:02:16,5.24,0.0,40,20960,买盘
176,10:02:22,5.24,0.0,41,21484,买盘
177,10:02:25,5.25,0.01,14,7349,买盘
178,10:02:37,5.24,-0.01,5,2620,买盘
179,10:02:49,5.24,0.0,1,524,卖盘
180,10:02:55,5.24,0.0,2,1048,卖盘
181,10:03:01,5.24,0.0,18,9434,卖盘
182,10:03:31,5.24,0.0,7,3668,卖盘
183,10:03:55,5.23,-0.01,3,1569,卖盘
184,10:04:16,5.25,0.02,57,29912,买盘
185,10:04:34,5.23,-0.02,7,3661,卖盘
186,10:04:37,5.23,0.0,6,3138,卖盘
187,10:04:40,5.23,0.0,5,2615,卖盘
188,10:04:43,5.23,0.0,8,4184,卖盘
189,10:04:49,5.23,0.0,2,1046,卖盘
190,10:04:55,5.24,0.01,65,34060,买盘
191,10:05:04,5.23,-0.01,40,20920,卖盘
192,10:05:07,5.24,0.01,20,10480,买盘
193,10:05:25,5.23,-0.01,37,19370,卖盘
194,10:05:40,5.24,0.01,40,20960,买盘
195,10:05:52,5.24,0.0,39,20436,买盘
196,10:07:18,5.22,-0.02,10,5228,卖盘
197,10:07:52,5.24,0.02,41,21484,买盘
198,10:07:58,5.24,0.0,14,7336,买盘
199,10:08:07,5.24,0.0,23,12052,买盘
200,10:08:25,5.25,0.01,41,21491,买盘
201,10:08:27,5.25,0.0,14,7340,买盘
202,10:10:27,5.22,-0.03,5,2614,卖盘
203,10:11:52,5.24,0.02,19,9956,买盘
204,10:11:58,5.24,0.0,40,20960,买盘
205,10:12:04,5.24,0.0,6,3144,买盘
206,10:12:07,5.24,0.0,2,1048,买盘
207,10:12:10,5.25,0.01,39,20475,买盘
208,10:12:19,5.25,0.0,19,9975,买盘
209,10:12:31,5.25,0.0,3,1575,买盘
210,10:12:34,5.25,0.0,40,21000,买盘
211,10:12:43,5.25,0.0,39,20475,买盘
212,10:12:48,5.24,-0.01,19,9956,卖盘
213,10:13:04,5.25,0.01,2,1050,买盘
214,10:13:13,5.24,-0.01,3,1572,卖盘
215,10:13:30,5.25,0.01,1,525,买盘
216,10:13:33,5.25,0.0,3,1575,买盘
217,10:14:01,5.25,0.0,2,1050,买盘
218,10:14:39,5.25,0.0,5,2625,买盘
219,10:15:07,5.25,0.0,2,1050,买盘
220,10:15:28,5.25,0.0,3,1575,买盘
221,10:15:39,5.24,-0.01,1,524,卖盘
222,10:15:52,5.24,0.0,1,524,卖盘
223,10:15:58,5.24,0.0,8,4192,卖盘
224,10:16:01,5.24,0.0,3,1572,买盘
225,10:16:04,5.24,0.0,36,18864,买盘
226,10:16:06,5.24,0.0,1,524,买盘
227,10:16:10,5.24,0.0,5,2620,买盘
228,10:16:37,5.25,0.01,2,1050,买盘
229,10:16:40,5.23,-0.02,25,13086,卖盘
230,10:16:52,5.23,0.0,3,1569,卖盘
231,10:17:04,5.25,0.02,3,1575,买盘
232,10:17:37,5.25,0.0,2,1050,买盘
233,10:18:04,5.25,0.0,3,1575,买盘
234,10:18:28,5.24,-0.01,2,1048,买盘
235,10:18:31,5.24,0.0,1,524,买盘
236,10:18:34,5.24,0.0,12,6288,买盘
237,10:18:37,5.24,0.0,1,524,卖盘
238,10:18:40,5.24,0.0,4,2096,卖盘
239,10:19:01,5.25,0.01,3,1575,买盘
240,10:19:31,5.25,0.0,3,1575,买盘
241,10:19:54,5.24,-0.01,4,2096,卖盘
242,10:19:58,5.25,0.01,2,1050,买盘
243,10:20:34,5.25,0.0,3,1575,买盘
244,10:21:04,5.25,0.0,2,1050,买盘
245,10:21:48,5.24,-0.01,7,3668,买盘
246,10:21:52,5.24,0.0,1,524,买盘
247,10:21:54,5.24,0.0,11,5764,买盘
248,10:21:58,5.24,0.0,4,2096,买盘
249,10:22:01,5.24,0.0,1,524,买盘
250,10:22:16,5.24,0.0,1,524,卖盘
251,10:22:55,5.24,0.0,3,1572,卖盘
252,10:23:18,5.23,-0.01,3,1569,卖盘
253,10:23:22,5.23,0.0,5,2615,卖盘
254,10:23:28,5.23,0.0,4,2092,卖盘
255,10:23:49,5.23,0.0,88,46024,卖盘
256,10:23:58,5.23,0.0,17,8891,买盘
257,10:24:16,5.23,0.0,7,3661,卖盘
258,10:25:31,5.23,0.0,5,2615,卖盘
259,10:26:46,5.23,0.0,1,523,卖盘
260,10:27:18,5.23,0.0,4,2092,卖盘
261,10:27:25,5.23,0.0,11,5753,卖盘
262,10:28:13,5.24,0.01,55,28820,买盘
263,10:29:33,5.23,-0.01,1,523,卖盘
264,10:29:40,5.23,0.0,7,3661,卖盘
265,10:30:37,5.24,0.01,1,524,买盘
266,10:30:40,5.24,0.0,2,1048,买盘
267,10:30:52,5.23,-0.01,38,19874,卖盘
268,10:31:31,5.24,0.01,1,524,买盘
269,10:32:13,5.24,0.0,57,29868,买盘
270,10:32:55,5.24,0.0,1,524,买盘
271,10:33:09,5.24,0.0,31,16244,买盘
272,10:33:55,5.23,-0.01,3,1569,卖盘
273,10:34:04,5.24,0.01,14,7336,买盘
274,10:34:22,5.24,0.0,2,1048,卖盘
275,10:35:10,5.24,0.0,2,1048,卖盘
276,10:35:58,5.23,-0.01,6,3138,卖盘
277,10:36:09,5.23,0.0,19,9937,卖盘
278,10:36:16,5.23,0.0,2,1046,卖盘
279,10:36:52,5.24,0.01,2,1048,买盘
280,10:38:04,5.23,-0.01,100,52300,卖盘
281,10:38:13,5.22,-0.01,24,12541,卖盘
282,10:41:06,5.22,0.0,5,2610,卖盘
283,10:41:21,5.22,0.0,35,18270,卖盘
284,10:42:00,5.23,0.01,14,7322,买盘
285,10:42:04,5.23,0.0,38,19874,买盘
286,10:42:07,5.23,0.0,9,4707,卖盘
287,10:42:10,5.23,0.0,12,6276,卖盘
288,10:42:46,5.22,-0.01,38,19836,卖盘
289,10:42:52,5.23,0.01,2,1046,买盘
290,10:43:22,5.23,0.0,50,26150,买盘
291,10:43:45,5.22,-0.01,36,18792,卖盘
292,10:44:04,5.22,0.0,19,9918,卖盘
293,10:44:07,5.22,0.0,33,17226,卖盘
294,10:44:28,5.22,0.0,8,4072,卖盘
295,10:45:52,5.22,0.0,4,2088,卖盘
296,10:46:25,5.22,0.0,19,9918,卖盘
297,10:46:28,5.22,0.0,14,7308,卖盘
298,10:46:31,5.22,0.0,1,365,买盘
299,10:46:55,5.22,0.0,1,522,买盘
300,10:47:07,5.22,0.0,22,11484,买盘
301,10:47:13,5.22,0.0,8,4176,卖盘
302,10:47:18,5.22,0.0,1,522,卖盘
303,10:47:55,5.23,0.01,2,1046,买盘
304,10:48:22,5.23,0.0,2,1046,买盘
305,10:48:52,5.23,0.0,2,1046,买盘
306,10:48:54,5.22,-0.01,2,1044,卖盘
307,10:49:21,5.22,0.0,2,1044,买盘
308,10:49:55,5.22,0.0,1,522,买盘
309,10:50:25,5.22,0.0,2,1044,买盘
310,10:50:37,5.22,0.0,20,10440,买盘
311,10:50:55,5.22,0.0,2,1044,买盘
312,10:51:22,5.22,0.0,52,27094,买盘
313,10:51:52,5.22,0.0,2,1044,买盘
314,10:52:24,5.22,0.0,2,1044,买盘
315,10:52:52,5.22,0.0,2,1044,买盘
316,10:53:04,5.21,-0.01,1,521,卖盘
317,10:53:22,5.22,0.01,2,1044,买盘
318,10:53:28,5.22,0.0,1,522,买盘
319,10:53:55,5.22,0.0,2,1044,买盘
320,10:54:25,5.22,0.0,1,522,买盘
321,10:54:40,5.22,0.0,2,1044,买盘
322,10:54:49,5.22,0.0,18,9396,买盘
323,10:54:55,5.23,0.01,2,1046,买盘
324,10:55:22,5.23,0.0,2,1046,买盘
325,10:56:39,5.22,-0.01,3,1566,卖盘
326,10:57:28,5.22,0.0,32,16704,卖盘
327,10:57:45,5.22,0.0,3,1566,买盘
328,11:00:52,5.22,0.0,2,1044,买盘
329,11:01:18,5.21,-0.01,50,26050,卖盘
330,11:01:52,5.21,0.0,100,52100,卖盘
331,11:02:33,5.21,0.0,32,16672,卖盘
332,11:03:04,5.2,-0.01,20,10400,卖盘
333,11:03:07,5.21,0.01,78,40638,买盘
334,11:03:10,5.21,0.0,3,1563,卖盘
335,11:04:13,5.21,0.0,13,6773,卖盘
336,11:05:19,5.21,0.0,30,15630,卖盘
337,11:05:43,5.22,0.01,57,29754,买盘
338,11:05:46,5.22,0.0,24,12528,买盘
339,11:06:00,5.22,0.0,17,8874,卖盘
340,11:06:19,5.22,0.0,150,78300,卖盘
341,11:06:51,5.23,0.01,2,1046,买盘
342,11:08:22,5.22,-0.01,150,78300,卖盘
343,11:09:58,5.23,0.01,2,1046,买盘
344,11:10:28,5.23,0.0,2,1046,买盘
345,11:11:01,5.23,0.0,3,1568,买盘
346,11:11:31,5.23,0.0,2,1046,买盘
347,11:12:00,5.23,0.0,51,26673,买盘
348,11:12:12,5.23,0.0,28,14644,买盘
349,11:12:52,5.23,0.0,2,1046,买盘
350,11:14:09,5.23,0.0,1,523,买盘
351,11:14:15,5.23,0.0,34,17782,买盘
352,11:14:40,5.24,0.01,2,1048,买盘
353,11:15:25,5.24,0.0,25,13100,买盘
354,11:15:28,5.24,0.0,135,71054,买盘
355,11:15:37,5.24,0.0,50,26200,卖盘
356,11:15:43,5.25,0.01,25,13125,买盘
357,11:15:58,5.25,0.0,6,3150,买盘
358,11:17:28,5.25,0.0,100,52500,买盘
359,11:18:55,5.25,0.0,1,525,买盘
360,11:19:01,5.25,0.0,1,525,买盘
361,11:19:16,5.24,-0.01,18,9118,卖盘
362,11:19:49,5.24,0.0,5,2620,买盘
363,11:19:55,5.24,0.0,1,838,买盘
364,11:20:21,5.25,0.01,1,525,买盘
365,11:21:22,5.24,-0.01,2,1048,卖盘
366,11:21:25,5.24,0.0,1,524,买盘
367,11:21:52,5.24,0.0,1,524,买盘
368,11:23:22,5.25,0.01,1,525,买盘
369,11:23:31,5.25,0.0,10,5250,买盘
370,11:23:37,5.23,-0.02,23,12029,卖盘
371,11:23:46,5.25,0.02,41,21525,买盘
372,11:23:57,5.25,0.0,14,7350,买盘
373,11:24:48,5.24,-0.01,5,2620,卖盘
374,11:24:52,5.25,0.01,1,525,买盘
375,11:25:27,5.23,-0.02,7,3666,卖盘
376,11:26:25,5.25,0.02,1,525,买盘
377,11:26:46,5.24,-0.01,1,524,卖盘
378,11:27:01,5.24,0.0,7,3668,买盘
379,11:27:55,5.25,0.01,1,525,买盘
380,11:28:16,5.24,-0.01,2,1048,卖盘
381,11:29:25,5.25,0.01,1,525,买盘
382,13:00:07,5.23,-0.02,174,91147,卖盘
383,13:00:31,5.22,-0.01,4,2091,卖盘
384,13:00:54,5.23,0.01,1,523,买盘
385,13:01:55,5.23,0.0,1,523,买盘
386,13:02:30,5.22,-0.01,11,5742,卖盘
387,13:02:51,5.22,0.0,9,4698,卖盘
388,13:03:24,5.23,0.01,1,523,买盘
389,13:03:31,5.23,0.0,1,523,买盘
390,13:04:27,5.22,-0.01,31,16182,卖盘
391,13:04:54,5.23,0.01,1,523,买盘
392,13:06:24,5.23,0.0,1,523,买盘
393,13:06:52,5.23,0.0,2,1046,买盘
394,13:07:12,5.22,-0.01,4,2088,卖盘
395,13:07:27,5.22,0.0,9,4698,卖盘
396,13:07:37,5.21,-0.01,35,18235,卖盘
397,13:07:57,5.22,0.01,1,522,买盘
398,13:08:37,5.22,0.0,5,2610,买盘
399,13:08:42,5.22,0.0,1,522,买盘
400,13:08:54,5.22,0.0,1,522,卖盘
401,13:09:24,5.23,0.01,1,523,买盘
402,13:10:54,5.23,0.0,6,3133,买盘
403,13:11:00,5.22,-0.01,1,522,卖盘
404,13:11:19,5.22,0.0,1,522,卖盘
405,13:11:24,5.22,0.0,4,2088,卖盘
406,13:11:37,5.22,0.0,7,3654,卖盘
407,13:11:40,5.22,0.0,6,3132,卖盘
408,13:12:01,5.21,-0.01,19,9899,卖盘
409,13:12:28,5.22,0.01,1,522,买盘
410,13:12:52,5.22,0.0,2,1044,买盘
411,13:13:48,5.22,0.0,7,3654,买盘
412,13:13:58,5.23,0.01,1,523,买盘
413,13:14:37,5.23,0.0,2,1046,买盘
414,13:14:55,5.22,-0.01,91,47502,卖盘
415,13:15:01,5.22,0.0,9,4698,买盘
416,13:15:04,5.22,0.0,1,522,卖盘
417,13:15:13,5.22,0.0,5,2610,卖盘
418,13:15:19,5.22,0.0,2,1044,买盘
419,13:15:27,5.22,0.0,1,522,买盘
420,13:16:36,5.21,-0.01,2,1042,卖盘
421,13:16:58,5.22,0.01,1,522,买盘
422,13:17:54,5.21,-0.01,4,2084,卖盘
423,13:18:28,5.22,0.01,1,522,买盘
424,13:18:42,5.22,0.0,1,522,买盘
425,13:18:51,5.22,0.0,2,1044,买盘
426,13:19:09,5.21,-0.01,1,521,卖盘
427,13:19:45,5.21,0.0,4,2084,卖盘
428,13:19:52,5.21,0.0,66,34386,卖盘
429,13:20:37,5.21,0.0,19,9899,卖盘
430,13:20:45,5.2,-0.01,522,271650,卖盘
431,13:20:51,5.2,0.0,13,6760,买盘
432,13:21:01,5.2,0.0,1,520,买盘
433,13:21:07,5.19,-0.01,1,519,卖盘
434,13:21:13,5.2,0.01,12,6188,买盘
435,13:21:16,5.2,0.0,6,3120,卖盘
436,13:21:37,5.2,0.0,3,1560,卖盘
437,13:21:46,5.21,0.01,1,521,卖盘
438,13:21:57,5.22,0.01,50,26100,买盘
439,13:22:06,5.21,-0.01,9,4689,卖盘
440,13:22:36,5.2,-0.01,6,3120,卖盘
441,13:22:52,5.2,0.0,5,2600,卖盘
442,13:22:55,5.2,0.0,100,52000,卖盘
443,13:22:58,5.2,0.0,1,520,卖盘
444,13:23:13,5.2,0.0,6,3120,卖盘
445,13:23:16,5.2,0.0,6,3172,卖盘
446,13:23:48,5.19,-0.01,22,11418,卖盘
447,13:23:51,5.2,0.01,55,28600,买盘
448,13:23:58,5.2,0.0,62,32240,买盘
449,13:24:04,5.2,0.0,1,468,卖盘
450,13:24:07,5.2,0.0,5,2600,卖盘
451,13:24:33,5.21,0.01,8,4168,买盘
452,13:24:39,5.21,0.0,1,521,买盘
453,13:24:52,5.22,0.01,2,1044,买盘
454,13:25:43,5.21,-0.01,3,1563,卖盘
455,13:25:48,5.21,0.0,20,10420,买盘
456,13:26:37,5.2,-0.01,68,35360,卖盘
457,13:30:13,5.2,0.0,1,520,卖盘
458,13:30:31,5.2,0.0,1,520,卖盘
459,13:30:34,5.21,0.01,49,25529,买盘
460,13:30:52,5.21,0.0,2,1042,买盘
461,13:31:07,5.21,0.0,4,2084,买盘
462,13:32:25,5.21,0.0,1,521,买盘
463,13:33:09,5.2,-0.01,8,4160,卖盘
464,13:34:13,5.2,0.0,1,520,卖盘
465,13:34:37,5.21,0.01,2,1042,买盘
466,13:35:28,5.21,0.0,20,10420,买盘
467,13:35:36,5.21,0.0,2,1042,买盘
468,13:36:52,5.21,0.0,2,1042,买盘
469,13:36:55,5.2,-0.01,1,520,卖盘
470,13:37:18,5.21,0.01,1,521,买盘
471,13:37:51,5.2,-0.01,6,3120,卖盘
472,13:37:58,5.2,0.0,11,5720,卖盘
473,13:39:04,5.2,0.0,24,12480,卖盘
474,13:39:37,5.2,0.0,6,3120,卖盘
475,13:41:01,5.2,0.0,1,520,卖盘
476,13:41:16,5.2,0.0,10,5200,卖盘
477,13:41:27,5.2,0.0,60,31200,卖盘
478,13:42:30,5.21,0.01,107,55747,买盘
479,13:42:36,5.21,0.0,21,10941,买盘
480,13:42:43,5.21,0.0,7,3543,买盘
481,13:42:52,5.22,0.01,2,1044,买盘
482,13:43:57,5.21,-0.01,22,11514,卖盘
483,13:44:19,5.21,0.0,53,27665,卖盘
484,13:44:22,5.21,0.0,6,3126,买盘
485,13:44:57,5.2,-0.01,11,5720,卖盘
486,13:45:10,5.2,0.0,1,520,卖盘
487,13:45:55,5.2,0.0,20,10400,卖盘
488,13:47:36,5.2,0.0,4,2080,卖盘
489,13:48:10,5.2,0.0,1,520,卖盘
490,13:48:51,5.21,0.01,1,521,买盘
491,13:48:54,5.21,0.0,4,2084,买盘
492,13:49:15,5.2,-0.01,1,520,卖盘
493,13:49:40,5.2,0.0,100,52000,卖盘
494,13:50:04,5.2,0.0,175,91000,卖盘
495,13:50:10,5.2,0.0,22,11440,卖盘
496,13:50:15,5.21,0.01,191,99458,买盘
497,13:50:58,5.21,0.0,2,1042,卖盘
498,13:51:27,5.21,0.0,100,52152,卖盘
499,13:51:34,5.2,-0.01,2,1040,买盘
500,13:51:36,5.2,0.0,74,38428,买盘
501,13:51:52,5.21,0.01,1,521,卖盘
502,13:51:58,5.21,0.0,1,521,卖盘
503,13:52:28,5.21,0.0,115,59967,卖盘
504,13:53:01,5.2,-0.01,4,2080,卖盘
505,13:53:07,5.19,-0.01,9,4416,卖盘
506,13:53:25,5.19,0.0,40,20760,卖盘
507,13:53:55,5.2,0.01,1,520,卖盘
508,13:55:10,5.19,-0.01,40,20760,卖盘
509,13:55:28,5.2,0.01,3,1560,中性盘
510,13:55:31,5.2,0.0,6,3120,卖盘
511,13:56:04,5.19,-0.01,1,519,卖盘
512,13:58:01,5.19,0.0,14,7266,卖盘
513,13:58:04,5.19,0.0,100,51900,卖盘
514,13:59:43,5.19,0.0,1,519,卖盘
515,14:00:22,5.19,0.0,35,18165,卖盘
516,14:01:58,5.18,-0.01,8,4144,卖盘
517,14:02:10,5.18,0.0,1,518,卖盘
518,14:03:07,5.19,0.01,53,27507,买盘
519,14:03:13,5.19,0.0,13,6747,买盘
520,14:03:16,5.19,0.0,2,1038,买盘
521,14:03:19,5.19,0.0,9,4671,买盘
522,14:04:15,5.19,0.0,52,26988,买盘
523,14:04:22,5.18,-0.01,6,3113,卖盘
524,14:04:28,5.19,0.01,1,519,卖盘
525,14:04:40,5.19,0.0,1,519,卖盘
526,14:05:01,5.19,0.0,1,519,卖盘
527,14:06:22,5.2,0.01,1,520,买盘
528,14:06:25,5.19,-0.01,23,11937,卖盘
529,14:06:48,5.2,0.01,2,1040,买盘
530,14:08:04,5.19,-0.01,1,519,卖盘
531,14:11:07,5.19,0.0,2,1039,卖盘
532,14:12:49,5.2,0.01,2,1040,买盘
533,14:13:54,5.19,-0.01,1,519,卖盘
534,14:14:06,5.19,0.0,1,519,卖盘
535,14:14:22,5.19,0.0,46,23822,卖盘
536,14:15:07,5.19,0.0,5,2595,卖盘
537,14:15:25,5.19,0.0,37,19203,卖盘
538,14:17:06,5.19,0.0,1,519,卖盘
539,14:17:43,5.19,0.0,5,2595,卖盘
540,14:18:49,5.2,0.01,2,1040,买盘
541,14:19:57,5.19,-0.01,1,519,卖盘
542,14:20:04,5.2,0.01,12,6240,买盘
543,14:20:37,5.19,-0.01,5,2595,卖盘
544,14:20:58,5.2,0.01,1,520,买盘
545,14:21:01,5.19,-0.01,2,1038,卖盘
546,14:21:27,5.19,0.0,1,519,卖盘
547,14:21:34,5.2,0.01,3,1560,买盘
548,14:21:43,5.19,-0.01,1,519,卖盘
549,14:21:58,5.19,0.0,1,519,卖盘
550,14:22:46,5.2,0.01,50,26000,买盘
551,14:23:00,5.19,-0.01,5,2595,卖盘
552,14:23:10,5.19,0.0,1,519,卖盘
553,14:24:04,5.19,0.0,5,2595,卖盘
554,14:24:34,5.19,0.0,10,5294,卖盘
555,14:24:48,5.2,0.01,2,1040,买盘
556,14:24:54,5.19,-0.01,3,1557,卖盘
557,14:25:22,5.19,0.0,3,1557,卖盘
558,14:25:25,5.19,0.0,45,23303,卖盘
559,14:25:31,5.19,0.0,7,3685,买盘
560,14:25:37,5.19,0.0,5,2595,卖盘
561,14:26:09,5.19,0.0,1,519,卖盘
562,14:27:43,5.19,0.0,4,2076,卖盘
563,14:27:45,5.19,0.0,3,1557,卖盘
564,14:29:13,5.19,0.0,1,519,卖盘
565,14:29:22,5.19,0.0,5,2595,卖盘
566,14:29:42,5.19,0.0,4,2076,卖盘
567,14:30:28,5.19,0.0,73,37835,卖盘
568,14:30:31,5.19,0.0,5,2595,买盘
569,14:30:33,5.19,0.0,24,12508,买盘
570,14:30:49,5.2,0.01,2,1040,买盘
571,14:30:57,5.19,-0.01,10,5190,卖盘
572,14:31:22,5.19,0.0,5,2595,卖盘
573,14:31:45,5.19,0.0,14,7214,卖盘
574,14:32:06,5.19,0.0,30,15570,买盘
575,14:32:09,5.18,-0.01,100,51800,卖盘
576,14:33:04,5.19,0.01,36,18684,买盘
577,14:33:22,5.18,-0.01,5,2590,卖盘
578,14:33:34,5.19,0.01,85,44115,买盘
579,14:33:36,5.18,-0.01,341,176898,卖盘
580,14:33:43,5.19,0.01,2,1038,卖盘
581,14:34:01,5.2,0.01,20,10400,买盘
582,14:34:19,5.19,-0.01,19,9861,卖盘
583,14:36:10,5.2,0.01,10,5200,买盘
584,14:36:31,5.2,0.0,72,37440,买盘
585,14:36:48,5.21,0.01,2,1042,买盘
586,14:38:48,5.21,0.0,18,9378,买盘
587,14:40:10,5.21,0.0,1,521,买盘
588,14:40:37,5.21,0.0,57,29697,买盘
589,14:41:22,5.21,0.0,38,19798,卖盘
590,14:41:25,5.22,0.01,186,97029,买盘
591,14:41:40,5.22,0.0,7,3654,卖盘
592,14:41:45,5.22,0.0,27,14094,卖盘
593,14:42:37,5.2,-0.02,9,4680,卖盘
594,14:42:52,5.21,0.01,2,1042,卖盘
595,14:42:55,5.21,0.0,37,19241,中性盘
596,14:43:37,5.2,-0.01,30,15600,卖盘
597,14:43:39,5.2,0.0,8,4160,买盘
598,14:44:22,5.2,0.0,37,19240,卖盘
599,14:44:34,5.21,0.01,20,10420,卖盘
600,14:44:43,5.21,0.0,6,3126,卖盘
601,14:44:58,5.21,0.0,28,14588,买盘
602,14:45:04,5.21,0.0,13,6773,卖盘
603,14:45:10,5.21,0.0,1,521,买盘
604,14:45:34,5.21,0.0,20,10420,买盘
605,14:46:10,5.22,0.01,11,5742,买盘
606,14:46:19,5.21,-0.01,9,4428,卖盘
607,14:47:28,5.21,0.0,1,521,卖盘
608,14:47:40,5.22,0.01,41,21402,买盘
609,14:47:52,5.21,-0.01,5,2605,卖盘
610,14:48:49,5.22,0.01,1,522,买盘
611,14:48:52,5.21,-0.01,273,142233,卖盘
612,14:49:28,5.2,-0.01,3,1560,买盘
613,14:50:07,5.22,0.02,1,522,买盘
614,14:50:28,5.22,0.0,179,93438,买盘
615,14:50:31,5.22,0.0,4,2088,卖盘
616,14:50:34,5.23,0.01,2,1046,买盘
617,14:50:37,5.23,0.0,1,523,买盘
618,14:50:40,5.23,0.0,13,6799,买盘
619,14:50:43,5.23,0.0,18,9414,买盘
620,14:50:49,5.23,0.0,8,4184,买盘
621,14:51:07,5.23,0.0,1,523,买盘
622,14:51:43,5.22,-0.01,24,12528,卖盘
623,14:51:46,5.21,-0.01,5,2605,卖盘
624,14:51:49,5.21,0.0,52,27092,卖盘
625,14:52:13,5.22,0.01,5,2610,买盘
626,14:52:28,5.2,-0.02,79,41185,卖盘
627,14:52:43,5.23,0.03,410,214744,买盘
628,14:52:49,5.23,0.0,6,3138,卖盘
629,14:52:58,5.23,0.0,1,523,卖盘
630,14:53:01,5.2,-0.03,44,22880,卖盘
631,14:53:19,5.2,0.0,3,1560,卖盘
632,14:53:37,5.23,0.03,21,10983,买盘
633,14:54:19,5.22,-0.01,2,1044,买盘
634,14:54:40,5.21,-0.01,1,130,卖盘
635,14:54:49,5.21,0.0,25,13030,卖盘
636,14:55:07,5.22,0.01,47,24534,买盘
637,14:55:37,5.22,0.0,13,6786,卖盘
638,14:55:46,5.22,0.0,7,3654,买盘
639,14:56:01,5.22,0.0,3,1566,卖盘
640,14:56:07,5.22,0.0,10,5220,买盘
641,14:56:19,5.22,0.0,2,1044,买盘
642,14:56:46,5.21,-0.01,2,1042,卖盘
643,14:56:52,5.23,0.02,550,287614,买盘
644,15:00:04,5.23,0.0,26,13598,卖盘
