,time,price,change,volume,amount,type
0,09:25:04,21.66,-0.49,770,1667820,卖盘
1,09:30:00,21.61,-0.05,58,125253,卖盘
2,09:30:05,21.6,-0.01,846,1825498,中性盘
3,09:30:07,21.61,0.01,315,679761,买盘
4,09:30:09,21.61,0.0,65,139900,买盘
5,09:30:13,21.61,0.0,40,86399,买盘
6,09:30:16,21.61,0.0,46,99325,买盘
7,09:30:19,21.6,-0.01,68,146902,卖盘
8,09:30:21,21.61,0.01,47,101407,买盘
9,09:30:24,21.52,-0.09,65,139944,卖盘
10,09:30:27,21.53,0.01,57,122726,买盘
11,09:30:31,21.52,-0.01,97,208818,卖盘
12,09:30:33,21.53,0.01,48,103402,买盘
13,09:30:37,21.52,-0.01,120,258312,卖盘
14,09:30:40,21.52,0.0,27,58132,卖盘
15,09:30:43,21.55,0.03,82,176592,买盘
16,09:30:46,21.57,0.02,19,40982,买盘
17,09:30:49,21.59,0.02,15,32370,买盘
18,09:30:51,21.63,0.04,185,399774,买盘
19,09:30:55,21.61,-0.02,3,6483,卖盘
20,09:30:58,21.6,-0.01,4,8642,卖盘
21,09:31:01,21.6,0.0,20,43210,卖盘
22,09:31:04,21.6,0.0,76,164284,卖盘
23,09:31:07,21.6,0.0,68,146902,卖盘
24,09:31:09,21.6,0.0,86,185870,卖盘
25,09:31:13,21.6,0.0,52,112347,卖盘
26,09:31:15,21.61,0.01,45,97283,中性盘
27,09:31:18,21.6,-0.01,74,159975,卖盘
28,09:31:22,21.64,0.04,132,285168,买盘
29,09:31:25,21.61,-0.03,31,67015,卖盘
30,09:31:28,21.63,0.02,24,51876,买盘
31,09:31:30,21.64,0.01,35,75736,买盘
32,09:31:34,21.63,-0.01,23,49759,中性盘
33,09:31:37,21.64,0.01,189,408506,买盘
34,09:31:40,21.66,0.02,46,99591,买盘
35,09:31:43,21.65,-0.01,37,80122,中性盘
36,09:31:46,21.66,0.01,72,155949,买盘
37,09:31:49,21.67,0.01,42,90986,买盘
38,09:31:52,21.68,0.01,24,52012,买盘
39,09:31:55,21.68,0.0,15,32520,买盘
40,09:31:58,21.69,0.01,15,32535,买盘
41,09:32:01,21.7,0.01,46,99779,买盘
42,09:32:04,21.77,0.07,17,36967,买盘
43,09:32:07,21.78,0.01,5,10889,买盘
44,09:32:10,21.78,0.0,10,21771,买盘
45,09:32:12,21.78,0.0,77,167683,买盘
46,09:32:16,21.78,0.0,33,71862,买盘
47,09:32:19,21.78,0.0,24,52254,买盘
48,09:32:22,21.78,0.0,70,152468,买盘
49,09:32:25,21.8,0.02,33,71930,买盘
50,09:32:28,21.8,0.0,33,71940,卖盘
51,09:32:31,21.85,0.05,67,146096,买盘
52,09:32:34,21.82,-0.03,14,30559,卖盘
53,09:32:36,21.88,0.06,53,115867,买盘
54,09:32:40,21.86,-0.02,58,126779,卖盘
55,09:32:43,21.87,0.01,32,69955,买盘
56,09:32:46,21.86,-0.01,102,223059,买盘
57,09:32:49,21.89,0.03,109,238361,买盘
58,09:32:52,21.84,-0.05,46,100544,卖盘
59,09:32:55,21.86,0.02,51,111484,买盘
60,09:32:57,21.85,-0.01,25,54582,买盘
61,09:33:01,21.81,-0.04,99,216263,卖盘
62,09:33:04,21.78,-0.03,139,303034,卖盘
63,09:33:07,21.8,0.02,9,19620,买盘
64,09:33:10,21.8,0.0,85,185198,买盘
65,09:33:12,21.78,-0.02,43,93688,卖盘
66,09:33:16,21.78,0.0,39,84952,卖盘
67,09:33:19,21.73,-0.05,76,165516,卖盘
68,09:33:22,21.72,-0.01,44,95528,卖盘
69,09:33:25,21.7,-0.02,64,138920,卖盘
70,09:33:27,21.74,0.04,43,93372,买盘
71,09:33:31,21.69,-0.05,15,32576,卖盘
72,09:33:34,21.68,-0.01,13,28187,卖盘
73,09:33:37,21.67,-0.01,38,82355,卖盘
74,09:33:40,21.67,0.0,21,45507,买盘
75,09:33:43,21.69,0.02,16,34676,买盘
76,09:33:46,21.67,-0.02,30,64989,卖盘
77,09:33:49,21.66,-0.01,81,175480,卖盘
78,09:33:52,21.66,0.0,40,86621,买盘
79,09:33:54,21.67,0.01,100,216614,买盘
80,09:33:58,21.67,0.0,19,41183,卖盘
81,09:34:01,21.67,0.0,8,17334,中性盘
82,09:34:04,21.7,0.03,57,123606,买盘
83,09:34:07,21.68,-0.02,34,73686,卖盘
84,09:34:09,21.7,0.02,44,95469,买盘
85,09:34:13,21.77,0.07,30,65190,买盘
86,09:34:16,21.74,-0.03,17,36918,中性盘
87,09:34:19,21.74,0.0,11,23922,卖盘
88,09:34:21,21.77,0.03,24,52248,买盘
89,09:34:24,21.76,-0.01,16,34822,中性盘
90,09:34:28,21.78,0.02,28,60943,买盘
91,09:34:31,21.8,0.02,61,132870,买盘
92,09:34:34,21.8,0.0,47,102460,买盘
93,09:34:36,21.81,0.01,33,71950,买盘
94,09:34:39,21.8,-0.01,25,54515,卖盘
95,09:34:43,21.8,0.0,8,17444,卖盘
96,09:34:46,21.85,0.05,15,32740,买盘
97,09:34:49,21.85,0.0,49,106856,买盘
98,09:34:52,21.89,0.04,201,439857,买盘
99,09:34:55,21.85,-0.04,4,8742,卖盘
100,09:34:57,21.85,0.0,36,78694,卖盘
101,09:35:01,21.85,0.0,38,83015,卖盘
102,09:35:06,21.86,0.01,83,181401,买盘
103,09:35:09,21.89,0.03,15,32797,买盘
104,09:35:13,21.89,0.0,38,83077,买盘
105,09:35:16,21.87,-0.02,31,67797,中性盘
106,09:35:19,21.86,-0.01,41,89643,卖盘
107,09:35:22,21.86,0.0,32,69890,买盘
108,09:35:25,21.86,0.0,18,39348,买盘
109,09:35:28,21.85,-0.01,58,126772,中性盘
110,09:35:31,21.85,0.0,11,24035,买盘
111,09:35:37,21.81,-0.04,27,58940,卖盘
112,09:35:40,21.85,0.04,63,137547,买盘
113,09:35:43,21.8,-0.05,113,246442,卖盘
114,09:35:46,21.8,0.0,2,4360,买盘
115,09:35:49,21.8,0.0,104,226473,买盘
116,09:35:52,21.8,0.0,15,32701,卖盘
117,09:35:55,21.75,-0.05,15,32677,卖盘
118,09:35:57,21.79,0.04,10,21790,买盘
119,09:36:01,21.76,-0.03,4,8704,卖盘
120,09:36:04,21.76,0.0,2,4352,卖盘
121,09:36:07,21.8,0.04,87,189461,买盘
122,09:36:10,21.77,-0.03,118,256992,卖盘
123,09:36:13,21.77,0.0,10,21770,卖盘
124,09:36:16,21.77,0.0,10,21780,卖盘
125,09:36:18,21.78,0.01,3,6534,中性盘
126,09:36:22,21.83,0.05,95,207276,买盘
127,09:36:24,21.83,0.0,14,30562,卖盘
128,09:36:27,21.81,-0.02,57,124403,卖盘
129,09:36:31,21.79,-0.02,63,137377,卖盘
130,09:36:34,21.83,0.04,1,2183,中性盘
131,09:36:37,21.85,0.02,49,106885,买盘
132,09:36:40,21.83,-0.02,20,43636,中性盘
133,09:36:43,21.79,-0.04,46,100480,卖盘
134,09:36:46,21.72,-0.07,153,332902,卖盘
135,09:36:49,21.7,-0.02,62,134570,卖盘
136,09:36:52,21.71,0.01,33,71672,中性盘
137,09:36:55,21.7,-0.01,3,6511,卖盘
138,09:36:58,21.72,0.02,98,212721,买盘
139,09:37:01,21.71,-0.01,32,69426,中性盘
140,09:37:04,21.71,0.0,66,143285,买盘
141,09:37:07,21.7,-0.01,24,52087,卖盘
142,09:37:10,21.79,0.09,35,75974,买盘
143,09:37:12,21.79,0.0,18,39098,买盘
144,09:37:16,21.68,-0.11,24,52041,卖盘
145,09:37:19,21.71,0.03,12,26052,买盘
146,09:37:22,21.78,0.07,74,160635,买盘
147,09:37:25,21.71,-0.07,29,63060,中性盘
148,09:37:27,21.71,0.0,24,52208,卖盘
149,09:37:30,21.71,0.0,10,21753,卖盘
150,09:37:34,21.71,0.0,52,112916,卖盘
151,09:37:37,21.72,0.01,36,78277,中性盘
152,09:37:40,21.72,0.0,6,13050,卖盘
153,09:37:43,21.77,0.05,7,15214,中性盘
154,09:37:46,21.72,-0.05,22,47820,卖盘
155,09:37:48,21.73,0.01,18,39098,买盘
156,09:37:52,21.71,-0.02,9,19550,卖盘
157,09:37:54,21.71,0.0,35,76015,卖盘
158,09:37:58,21.71,0.0,34,73818,买盘
159,09:38:00,21.7,-0.01,56,121525,卖盘
160,09:38:04,21.7,0.0,23,49928,卖盘
161,09:38:07,21.69,-0.01,37,80249,卖盘
162,09:38:10,21.69,0.0,6,13013,买盘
163,09:38:13,21.7,0.01,25,54241,买盘
164,09:38:16,21.68,-0.02,66,143155,卖盘
165,09:38:19,21.7,0.02,38,82433,买盘
166,09:38:22,21.69,-0.01,14,30379,卖盘
167,09:38:25,21.7,0.01,100,217012,买盘
168,09:38:28,21.67,-0.03,96,208144,卖盘
169,09:38:30,21.73,0.06,13,28220,买盘
170,09:38:34,21.69,-0.04,1,2169,中性盘
171,09:38:37,21.7,0.01,32,69391,买盘
172,09:38:40,21.71,0.01,163,353329,买盘
173,09:38:43,21.71,0.0,37,80327,卖盘
174,09:38:46,21.76,0.05,50,108562,买盘
175,09:38:49,21.74,-0.02,38,82385,中性盘
176,09:38:52,21.65,-0.09,86,186490,卖盘
177,09:38:55,21.66,0.01,2,4332,买盘
178,09:38:58,21.66,0.0,9,19505,卖盘
179,09:39:01,21.64,-0.02,20,43288,卖盘
180,09:39:04,21.65,0.01,43,93085,买盘
181,09:39:07,21.62,-0.03,29,62733,卖盘
182,09:39:10,21.61,-0.01,79,170847,卖盘
183,09:39:13,21.61,0.0,173,374192,卖盘
184,09:39:16,21.62,0.01,165,356473,买盘
185,09:39:19,21.58,-0.04,200,431938,卖盘
186,09:39:21,21.58,0.0,1,2158,买盘
187,09:39:24,21.57,-0.01,19,41029,卖盘
188,09:39:28,21.57,0.0,247,532178,买盘
189,09:39:31,21.55,-0.02,14,30177,卖盘
190,09:39:33,21.52,-0.03,93,200156,卖盘
191,09:39:37,21.52,0.0,111,238878,卖盘
192,09:39:40,21.5,-0.02,97,208647,卖盘
193,09:39:43,21.5,0.0,99,212885,卖盘
194,09:39:46,21.5,0.0,39,83858,卖盘
195,09:39:49,21.5,0.0,79,169827,卖盘
196,09:39:51,21.49,-0.01,48,103123,中性盘
197,09:39:55,21.48,-0.01,133,285863,卖盘
198,09:39:57,21.47,-0.01,75,161204,卖盘
199,09:40:00,21.46,-0.01,174,373070,卖盘
200,09:40:04,21.38,-0.08,39,83533,卖盘
201,09:40:07,21.45,0.07,40,85771,买盘
202,09:40:09,21.4,-0.05,50,107248,卖盘
203,09:40:12,21.46,0.06,25,53625,买盘
204,09:40:16,21.39,-0.07,84,180070,卖盘
205,09:40:19,21.4,0.01,57,122147,中性盘
206,09:40:21,21.4,0.0,126,269661,卖盘
207,09:40:25,21.4,0.0,88,188578,卖盘
208,09:40:28,21.4,0.0,20,42813,卖盘
209,09:40:31,21.4,0.0,86,184240,卖盘
210,09:40:34,21.4,0.0,53,113580,卖盘
211,09:40:36,21.4,0.0,66,141246,卖盘
212,09:40:39,21.4,0.0,32,68480,买盘
213,09:40:43,21.4,0.0,173,370220,买盘
214,09:40:46,21.4,0.0,295,630951,买盘
215,09:40:49,21.42,0.02,14,29982,买盘
216,09:40:52,21.39,-0.03,120,256815,卖盘
217,09:40:55,21.39,0.0,16,34224,买盘
218,09:40:57,21.39,0.0,20,42780,买盘
219,09:41:01,21.4,0.01,26,55640,卖盘
220,09:41:04,21.4,0.0,101,216140,卖盘
221,09:41:06,21.42,0.02,11,23542,买盘
222,09:41:10,21.4,-0.02,166,355161,中性盘
223,09:41:13,21.4,0.0,44,94160,买盘
224,09:41:15,21.41,0.01,23,49305,卖盘
225,09:41:19,21.4,-0.01,69,147719,卖盘
226,09:41:22,21.48,0.08,20,42960,买盘
227,09:41:25,21.43,-0.05,16,34268,中性盘
228,09:41:28,21.48,0.05,20,42946,买盘
229,09:41:31,21.47,-0.01,1,2147,中性盘
230,09:41:34,21.43,-0.04,18,38621,卖盘
231,09:41:37,21.47,0.04,3,6441,买盘
232,09:41:40,21.43,-0.04,46,98758,卖盘
233,09:41:43,21.42,-0.01,50,107145,卖盘
234,09:41:46,21.47,0.05,60,128627,买盘
235,09:41:49,21.43,-0.04,19,40737,卖盘
236,09:41:52,21.44,0.01,42,90071,中性盘
237,09:41:55,21.43,-0.01,56,120042,卖盘
238,09:41:58,21.43,0.0,35,75013,卖盘
239,09:42:01,21.47,0.04,38,81583,买盘
240,09:42:04,21.48,0.01,27,57939,买盘
241,09:42:07,21.47,-0.01,25,53680,卖盘
242,09:42:10,21.44,-0.03,113,242512,卖盘
243,09:42:13,21.48,0.04,20,42960,中性盘
244,09:42:16,21.48,0.0,17,36514,买盘
245,09:42:19,21.47,-0.01,12,25769,卖盘
246,09:42:22,21.48,0.01,15,32208,买盘
247,09:42:25,21.48,0.0,9,19332,卖盘
248,09:42:28,21.48,0.0,5,10740,卖盘
249,09:42:31,21.47,-0.01,38,81623,卖盘
250,09:42:34,21.48,0.01,29,62292,买盘
251,09:42:36,21.49,0.01,32,68735,买盘
252,09:42:40,21.5,0.01,226,485825,买盘
253,09:42:42,21.47,-0.03,112,240441,卖盘
254,09:42:46,21.48,0.01,11,23628,买盘
255,09:42:49,21.48,0.0,26,55847,买盘
256,09:42:52,21.48,0.0,18,38664,买盘
257,09:42:55,21.47,-0.01,72,154753,卖盘
258,09:42:58,21.47,0.0,13,27902,买盘
259,09:43:00,21.5,0.03,31,66602,买盘
260,09:43:06,21.5,0.0,32,68799,买盘
261,09:43:10,21.5,0.0,5,10750,卖盘
262,09:43:13,21.52,0.02,6,12912,买盘
263,09:43:16,21.52,0.0,5,10760,买盘
264,09:43:19,21.52,0.0,2,4304,买盘
265,09:43:22,21.52,0.0,13,27976,买盘
266,09:43:27,21.52,0.0,2,4304,卖盘
267,09:43:31,21.54,0.02,1,2154,买盘
268,09:43:34,21.54,0.0,10,21543,买盘
269,09:43:37,21.55,0.01,5,10775,买盘
270,09:43:43,21.55,0.0,7,15085,卖盘
271,09:43:46,21.6,0.05,21,45312,买盘
272,09:43:49,21.6,0.0,20,43200,卖盘
273,09:43:52,21.62,0.02,5,10810,买盘
274,09:43:55,21.7,0.08,36,77950,买盘
275,09:43:57,21.7,0.0,2,4340,买盘
276,09:44:01,21.63,-0.07,27,58457,卖盘
277,09:44:04,21.7,0.07,15,32550,买盘
278,09:44:07,21.63,-0.07,20,43365,卖盘
279,09:44:10,21.7,0.07,6,12992,买盘
280,09:44:13,21.7,0.0,18,39060,买盘
281,09:44:16,21.7,0.0,10,21646,中性盘
282,09:44:19,21.63,-0.07,18,38934,卖盘
283,09:44:22,21.63,0.0,29,62879,卖盘
284,09:44:25,21.63,0.0,17,36789,卖盘
285,09:44:28,21.63,0.0,25,54075,卖盘
286,09:44:37,21.64,0.01,8,17309,买盘
287,09:44:40,21.68,0.04,16,34670,买盘
288,09:44:43,21.65,-0.03,7,15155,卖盘
289,09:44:46,21.67,0.02,17,36839,买盘
290,09:44:49,21.64,-0.03,10,21643,卖盘
291,09:44:52,21.65,0.01,3,6495,买盘
292,09:44:55,21.65,0.0,11,23795,买盘
293,09:44:57,21.6,-0.05,49,105924,卖盘
294,09:45:01,21.6,0.0,40,86400,卖盘
295,09:45:03,21.6,0.0,10,21600,卖盘
296,09:45:06,21.65,0.05,53,114624,买盘
297,09:45:10,21.61,-0.04,6,12966,卖盘
298,09:45:13,21.61,0.0,7,15127,卖盘
299,09:45:16,21.65,0.04,3,6492,买盘
300,09:45:19,21.61,-0.04,15,32419,卖盘
301,09:45:22,21.61,0.0,45,97245,卖盘
302,09:45:25,21.64,0.03,39,84396,买盘
303,09:45:27,21.61,-0.03,17,36755,卖盘
304,09:45:30,21.61,0.0,20,43231,卖盘
305,09:45:34,21.61,0.0,18,38899,卖盘
306,09:45:37,21.61,0.0,119,258240,卖盘
307,09:45:40,21.61,0.0,45,96194,卖盘
308,09:45:43,21.61,0.0,7,15127,买盘
309,09:45:46,21.6,-0.01,18,38880,卖盘
310,09:45:49,21.6,0.0,58,125282,卖盘
311,09:45:52,21.56,-0.04,3,6468,卖盘
312,09:45:54,21.6,0.04,18,38880,买盘
313,09:45:57,21.55,-0.05,11,23714,卖盘
314,09:46:04,21.56,0.01,54,116353,买盘
315,09:46:07,21.54,-0.02,1,2154,中性盘
316,09:46:13,21.55,0.01,5,10773,卖盘
317,09:46:16,21.53,-0.02,15,32325,卖盘
318,09:46:19,21.53,0.0,1,2153,买盘
319,09:46:22,21.53,0.0,32,68868,买盘
320,09:46:25,21.52,-0.01,151,324952,卖盘
321,09:46:28,21.53,0.01,67,144251,买盘
322,09:46:31,21.53,0.0,11,23683,卖盘
323,09:46:33,21.54,0.01,8,17225,中性盘
324,09:46:37,21.55,0.01,119,255964,买盘
325,09:46:40,21.52,-0.03,25,53852,中性盘
326,09:46:43,21.5,-0.02,30,64503,卖盘
327,09:46:45,21.52,0.02,3,6452,买盘
328,09:46:49,21.5,-0.02,35,75292,卖盘
329,09:46:52,21.5,0.0,19,40854,卖盘
330,09:46:58,21.5,0.0,1,2150,卖盘
331,09:47:01,21.5,0.0,8,17200,卖盘
332,09:47:04,21.5,0.0,20,43000,卖盘
333,09:47:07,21.5,0.0,30,64502,卖盘
334,09:47:10,21.5,0.0,63,135450,卖盘
335,09:47:13,21.5,0.0,5,10750,买盘
336,09:47:16,21.5,0.0,1,2150,买盘
337,09:47:19,21.51,0.01,32,68798,买盘
338,09:47:22,21.49,-0.02,51,109551,中性盘
339,09:47:25,21.49,0.0,8,17192,买盘
340,09:47:28,21.48,-0.01,24,51548,卖盘
341,09:47:31,21.5,0.02,42,90241,买盘
342,09:47:34,21.5,0.0,8,17199,买盘
343,09:47:37,21.49,-0.01,32,68797,卖盘
344,09:47:39,21.5,0.01,22,47329,买盘
345,09:47:43,21.49,-0.01,44,94582,卖盘
346,09:47:46,21.49,0.0,13,27945,卖盘
347,09:47:49,21.5,0.01,22,47282,买盘
348,09:47:52,21.47,-0.03,6,12886,卖盘
349,09:47:55,21.47,0.0,165,354686,卖盘
350,09:47:58,21.47,0.0,12,25784,卖盘
351,09:48:01,21.45,-0.02,32,68663,卖盘
352,09:48:04,21.47,0.02,1,2147,买盘
353,09:48:07,21.45,-0.02,27,57927,卖盘
354,09:48:10,21.45,0.0,26,55810,卖盘
355,09:48:12,21.44,-0.01,61,130819,卖盘
356,09:48:16,21.45,0.01,203,435310,买盘
357,09:48:19,21.45,0.0,17,36465,买盘
358,09:48:22,21.46,0.01,12,25742,买盘
359,09:48:25,21.45,-0.01,21,45065,卖盘
360,09:48:28,21.47,0.02,204,437922,买盘
361,09:48:31,21.46,-0.01,38,81614,卖盘
362,09:48:36,21.45,-0.01,16,34335,卖盘
363,09:48:39,21.46,0.01,18,38618,买盘
364,09:48:42,21.46,0.0,33,70818,买盘
365,09:48:46,21.46,0.0,74,158804,买盘
366,09:48:49,21.47,0.01,10,21470,卖盘
367,09:48:52,21.5,0.03,2,4300,买盘
368,09:48:55,21.48,-0.02,28,60175,卖盘
369,09:48:58,21.52,0.04,128,275214,买盘
370,09:49:01,21.5,-0.02,13,27958,卖盘
371,09:49:07,21.52,0.02,11,23686,中性盘
372,09:49:09,21.52,0.0,60,129279,卖盘
373,09:49:13,21.52,0.0,32,68888,卖盘
374,09:49:16,21.56,0.04,48,103471,买盘
375,09:49:19,21.55,-0.01,14,30170,卖盘
376,09:49:22,21.56,0.01,68,146551,买盘
377,09:49:25,21.56,0.0,25,53900,买盘
378,09:49:40,21.6,0.04,20,43208,卖盘
379,09:49:43,21.63,0.03,49,106014,买盘
380,09:49:46,21.6,-0.03,16,34575,卖盘
381,09:49:48,21.61,0.01,56,120875,买盘
382,09:49:52,21.61,0.0,11,23768,买盘
383,09:49:55,21.56,-0.05,1,2156,中性盘
384,09:50:01,21.6,0.04,25,53964,买盘
385,09:50:04,21.6,0.0,2,4320,买盘
386,09:50:07,21.6,0.0,5,10800,买盘
387,09:50:10,21.6,0.0,7,15120,买盘
388,09:50:13,21.6,0.0,12,25900,买盘
389,09:50:19,21.56,-0.04,4,8624,卖盘
390,09:50:22,21.59,0.03,32,69033,买盘
391,09:50:28,21.59,0.0,16,34512,买盘
392,09:50:33,21.58,-0.01,3,6473,买盘
393,09:50:37,21.58,0.0,2,4316,买盘
394,09:50:40,21.57,-0.01,11,23729,卖盘
395,09:50:43,21.57,0.0,149,321694,卖盘
396,09:50:45,21.58,0.01,2,4316,中性盘
397,09:50:49,21.57,-0.01,9,19417,卖盘
398,09:50:52,21.57,0.0,9,19413,买盘
399,09:50:55,21.57,0.0,1,2157,买盘
400,09:50:58,21.57,0.0,50,107777,买盘
401,09:51:01,21.55,-0.02,43,92747,卖盘
402,09:51:04,21.57,0.02,1,2157,卖盘
403,09:51:07,21.56,-0.01,11,23720,卖盘
404,09:51:10,21.59,0.03,3,6477,买盘
405,09:51:13,21.55,-0.04,15,32367,卖盘
406,09:51:19,21.56,0.01,5,10780,买盘
407,09:51:22,21.55,-0.01,2,4310,卖盘
408,09:51:25,21.55,0.0,73,157316,卖盘
409,09:51:30,21.54,-0.01,19,40931,卖盘
410,09:51:34,21.55,0.01,23,49561,买盘
411,09:51:37,21.54,-0.01,15,32310,卖盘
412,09:51:40,21.54,0.0,23,49542,买盘
413,09:51:43,21.53,-0.01,44,94737,卖盘
414,09:51:46,21.54,0.01,6,12923,买盘
415,09:51:49,21.54,0.0,6,12924,卖盘
416,09:51:52,21.54,0.0,29,62466,卖盘
417,09:51:55,21.53,-0.01,50,107658,卖盘
418,09:52:01,21.53,0.0,8,17224,买盘
419,09:52:04,21.53,0.0,56,120571,买盘
420,09:52:06,21.55,0.02,10,21547,买盘
421,09:52:09,21.54,-0.01,4,8616,卖盘
422,09:52:13,21.55,0.01,22,47404,买盘
423,09:52:16,21.55,0.0,59,128232,卖盘
424,09:52:19,21.55,0.0,2,4310,卖盘
425,09:52:22,21.54,-0.01,84,181028,卖盘
426,09:52:28,21.59,0.05,60,129528,买盘
427,09:52:31,21.58,-0.01,7,15111,中性盘
428,09:52:34,21.6,0.02,53,114462,买盘
429,09:52:40,21.61,0.01,10,21610,买盘
430,09:52:42,21.63,0.02,5,10811,买盘
431,09:52:49,21.6,-0.03,63,136139,卖盘
432,09:52:52,21.64,0.04,21,45439,买盘
433,09:52:57,21.65,0.01,71,153441,买盘
434,09:53:00,21.65,0.0,20,43285,买盘
435,09:53:04,21.65,0.0,14,30304,买盘
436,09:53:07,21.66,0.01,16,34651,买盘
437,09:53:13,21.66,0.0,11,23826,卖盘
438,09:53:16,21.69,0.03,34,73724,买盘
439,09:53:18,21.69,0.0,59,127954,买盘
440,09:53:21,21.7,0.01,46,99752,买盘
441,09:53:24,21.69,-0.01,8,17355,卖盘
442,09:53:28,21.69,0.0,7,15187,卖盘
443,09:53:31,21.7,0.01,35,75937,买盘
444,09:53:34,21.7,0.0,2,4340,卖盘
445,09:53:36,21.69,-0.01,51,110650,卖盘
446,09:53:40,21.7,0.01,2,4340,卖盘
447,09:53:43,21.73,0.03,46,99926,买盘
448,09:53:49,21.74,0.01,38,82531,买盘
449,09:53:54,21.75,0.01,34,73918,买盘
450,09:53:58,21.75,0.0,30,65250,买盘
451,09:54:01,21.76,0.01,112,243500,买盘
452,09:54:04,21.77,0.01,126,273841,买盘
453,09:54:06,21.75,-0.02,49,106575,卖盘
454,09:54:10,21.75,0.0,34,73967,卖盘
455,09:54:12,21.77,0.02,20,43528,买盘
456,09:54:16,21.77,0.0,20,43540,买盘
457,09:54:19,21.76,-0.01,8,17408,卖盘
458,09:54:22,21.76,0.0,7,15232,卖盘
459,09:54:25,21.76,0.0,26,56576,卖盘
460,09:54:28,21.75,-0.01,51,110930,卖盘
461,09:54:31,21.75,0.0,13,28275,卖盘
462,09:54:34,21.75,0.0,1,2175,买盘
463,09:54:37,21.75,0.0,6,13050,买盘
464,09:54:39,21.72,-0.03,41,89157,卖盘
465,09:54:42,21.72,0.0,5,10860,卖盘
466,09:54:46,21.71,-0.01,50,108560,卖盘
467,09:54:49,21.7,-0.01,22,47740,卖盘
468,09:54:52,21.69,-0.01,7,15183,卖盘
469,09:54:55,21.69,0.0,23,49887,卖盘
470,09:54:58,21.69,0.0,12,26028,卖盘
471,09:55:04,21.66,-0.03,4,8670,卖盘
472,09:55:06,21.66,0.0,5,10830,买盘
473,09:55:10,21.64,-0.02,2,4329,卖盘
474,09:55:13,21.63,-0.01,10,21630,卖盘
475,09:55:16,21.63,0.0,10,21630,买盘
476,09:55:19,21.62,-0.01,4,8649,卖盘
477,09:55:22,21.63,0.01,44,95136,买盘
478,09:55:25,21.62,-0.01,58,125396,卖盘
479,09:55:28,21.63,0.01,23,49729,买盘
480,09:55:31,21.63,0.0,5,10815,买盘
481,09:55:34,21.62,-0.01,15,32430,卖盘
482,09:55:37,21.62,0.0,23,49745,卖盘
483,09:55:42,21.61,-0.01,39,84282,卖盘
484,09:55:46,21.61,0.0,5,10805,买盘
485,09:55:48,21.6,-0.01,32,69121,卖盘
486,09:55:52,21.62,0.02,9,19446,买盘
487,09:55:55,21.61,-0.01,9,19449,卖盘
488,09:55:58,21.6,-0.01,7,15122,买盘
489,09:56:01,21.6,0.0,4,8640,卖盘
490,09:56:07,21.6,0.0,17,36731,卖盘
491,09:56:10,21.6,0.0,5,10800,卖盘
492,09:56:13,21.62,0.02,15,32425,买盘
493,09:56:19,21.61,-0.01,2,4322,卖盘
494,09:56:25,21.62,0.01,33,71345,买盘
495,09:56:28,21.61,-0.01,13,28094,卖盘
496,09:56:31,21.62,0.01,24,51888,买盘
497,09:56:33,21.62,0.0,3,6486,买盘
498,09:56:37,21.63,0.01,22,47579,买盘
499,09:56:40,21.62,-0.01,4,8648,中性盘
500,09:56:49,21.61,-0.01,30,64861,卖盘
501,09:56:52,21.62,0.01,9,19458,买盘
502,09:56:55,21.62,0.0,15,32427,买盘
503,09:56:58,21.62,0.0,43,92966,买盘
504,09:57:04,21.62,0.0,1,2162,卖盘
505,09:57:07,21.63,0.01,13,28119,买盘
506,09:57:10,21.63,0.0,22,47586,卖盘
507,09:57:13,21.63,0.0,3,6489,卖盘
508,09:57:22,21.69,0.06,17,36831,买盘
509,09:57:31,21.63,-0.06,12,25986,卖盘
510,09:57:34,21.7,0.07,4,8680,买盘
511,09:57:37,21.7,0.0,2,4340,买盘
512,09:57:40,21.7,0.0,2,4340,买盘
513,09:57:43,21.7,0.0,24,52076,买盘
514,09:57:46,21.7,0.0,7,15180,买盘
515,09:57:52,21.7,0.0,2,4340,买盘
516,09:57:54,21.7,0.0,5,10850,中性盘
517,09:57:58,21.71,0.01,12,26045,买盘
518,09:58:00,21.7,-0.01,2,4340,卖盘
519,09:58:04,21.7,0.0,15,32560,卖盘
520,09:58:07,21.7,0.0,2,4340,卖盘
521,09:58:09,21.72,0.02,40,86851,买盘
522,09:58:18,21.72,0.0,17,36924,买盘
523,09:58:25,21.71,-0.01,83,180246,卖盘
524,09:58:28,21.71,0.0,4,8684,卖盘
525,09:58:30,21.71,0.0,7,15197,卖盘
526,09:58:33,21.71,0.0,20,43434,卖盘
527,09:58:37,21.71,0.0,13,28223,买盘
528,09:58:40,21.71,0.0,16,34728,买盘
529,09:58:43,21.7,-0.01,141,305998,卖盘
530,09:58:46,21.7,0.0,5,10850,买盘
531,09:58:51,21.69,-0.01,10,21695,卖盘
532,09:58:58,21.69,0.0,6,13009,买盘
533,09:59:01,21.68,-0.01,2,4337,卖盘
534,09:59:04,21.68,0.0,2,4336,卖盘
535,09:59:06,21.69,0.01,12,26028,买盘
536,09:59:13,21.69,0.0,17,36873,卖盘
537,09:59:16,21.7,0.01,10,21700,卖盘
538,09:59:19,21.71,0.01,3,6511,买盘
539,09:59:22,21.71,0.0,32,69472,买盘
540,09:59:24,21.7,-0.01,13,28212,卖盘
541,09:59:28,21.71,0.01,10,21710,买盘
542,09:59:34,21.71,0.0,6,13026,卖盘
543,09:59:37,21.72,0.01,13,28236,买盘
544,09:59:43,21.72,0.0,8,17378,卖盘
545,09:59:45,21.73,0.01,11,23903,买盘
546,09:59:52,21.75,0.02,45,97833,买盘
547,09:59:58,21.7,-0.05,100,217201,卖盘
548,10:00:00,21.73,0.03,8,17385,卖盘
549,10:00:04,21.73,0.0,12,26076,买盘
550,10:00:07,21.76,0.03,32,69602,买盘
551,10:00:10,21.74,-0.02,164,356933,卖盘
552,10:00:13,21.75,0.01,2,4349,买盘
553,10:00:16,21.75,0.0,4,8699,买盘
554,10:00:18,21.75,0.0,6,13050,买盘
555,10:00:25,21.75,0.0,23,50025,卖盘
556,10:00:28,21.75,0.0,28,60926,卖盘
557,10:00:31,21.76,0.01,25,54397,中性盘
558,10:00:34,21.78,0.02,16,34848,买盘
559,10:00:37,21.76,-0.02,3,6528,卖盘
560,10:00:40,21.78,0.02,31,67459,买盘
561,10:00:43,21.77,-0.01,14,30478,中性盘
562,10:00:46,21.76,-0.01,26,56571,中性盘
563,10:00:48,21.76,0.0,7,15232,买盘
564,10:00:51,21.76,0.0,3,6528,买盘
565,10:00:55,21.76,0.0,26,56569,买盘
566,10:01:00,21.76,0.0,35,76160,卖盘
567,10:01:04,21.76,0.0,25,54410,卖盘
568,10:01:06,21.76,0.0,53,115425,卖盘
569,10:01:10,21.77,0.01,23,50060,买盘
570,10:01:13,21.77,0.0,1,2177,买盘
571,10:01:16,21.77,0.0,7,15239,卖盘
572,10:01:19,21.78,0.01,2,4355,买盘
573,10:01:22,21.78,0.0,15,32670,买盘
574,10:01:24,21.77,-0.01,22,47899,卖盘
575,10:01:27,21.77,0.0,16,34832,卖盘
576,10:01:31,21.76,-0.01,4,8704,卖盘
577,10:01:34,21.77,0.01,7,15239,买盘
578,10:01:37,21.77,0.0,13,28301,买盘
579,10:01:39,21.76,-0.01,66,143616,卖盘
580,10:01:43,21.76,0.0,27,58752,卖盘
581,10:01:45,21.76,0.0,59,128388,卖盘
582,10:01:48,21.76,0.0,27,58756,卖盘
583,10:01:52,21.76,0.0,35,76141,买盘
584,10:01:54,21.75,-0.01,140,304500,卖盘
585,10:01:57,21.7,-0.05,78,169350,卖盘
586,10:02:00,21.74,0.04,10,21740,中性盘
587,10:02:07,21.7,-0.04,22,47740,卖盘
588,10:02:09,21.73,0.03,13,28240,买盘
589,10:02:13,21.74,0.01,89,193263,买盘
590,10:02:15,21.7,-0.04,81,175770,卖盘
591,10:02:19,21.7,0.0,3,6510,买盘
592,10:02:22,21.7,0.0,30,65099,买盘
593,10:02:25,21.69,-0.01,9,19529,卖盘
594,10:02:28,21.69,0.0,4,8676,卖盘
595,10:02:31,21.69,0.0,44,95475,卖盘
596,10:02:37,21.68,-0.01,3,6506,卖盘
597,10:02:43,21.68,0.0,12,26016,卖盘
598,10:02:46,21.68,0.0,4,8672,买盘
599,10:02:49,21.66,-0.02,6,12999,卖盘
600,10:02:54,21.65,-0.01,10,21650,卖盘
601,10:02:58,21.66,0.01,4,8664,买盘
602,10:03:04,21.66,0.0,23,49818,买盘
603,10:03:07,21.63,-0.03,78,168781,卖盘
604,10:03:10,21.64,0.01,6,12984,买盘
605,10:03:13,21.63,-0.01,1,2163,卖盘
606,10:03:16,21.63,0.0,10,21630,卖盘
607,10:03:19,21.63,0.0,8,17304,买盘
608,10:03:22,21.63,0.0,8,17304,卖盘
609,10:03:24,21.63,0.0,9,19467,卖盘
610,10:03:28,21.62,-0.01,52,112439,卖盘
611,10:03:31,21.62,0.0,5,10810,买盘
612,10:03:36,21.62,0.0,8,17296,买盘
613,10:03:39,21.62,0.0,8,17296,卖盘
614,10:03:43,21.62,0.0,19,41079,卖盘
615,10:03:46,21.62,0.0,18,38916,卖盘
616,10:03:52,21.62,0.0,7,15134,卖盘
617,10:03:55,21.62,0.0,7,15133,买盘
618,10:03:58,21.63,0.01,60,129763,买盘
619,10:04:01,21.63,0.0,3,6489,卖盘
620,10:04:07,21.63,0.0,14,30282,卖盘
621,10:04:10,21.62,-0.01,61,131934,卖盘
622,10:04:13,21.62,0.0,1,2162,卖盘
623,10:04:16,21.63,0.01,2,4326,买盘
624,10:04:18,21.63,0.0,1,2163,买盘
625,10:04:22,21.63,0.0,3,6489,买盘
626,10:04:24,21.63,0.0,3,6489,卖盘
627,10:04:27,21.62,-0.01,19,41093,卖盘
628,10:04:31,21.63,0.01,5,10815,买盘
629,10:04:43,21.63,0.0,5,10815,卖盘
630,10:04:46,21.62,-0.01,31,67032,卖盘
631,10:04:49,21.65,0.03,56,121194,买盘
632,10:04:52,21.64,-0.01,30,64920,卖盘
633,10:04:55,21.64,0.0,6,12984,卖盘
634,10:04:57,21.66,0.02,6,12996,买盘
635,10:05:09,21.65,-0.01,6,12995,卖盘
636,10:05:16,21.64,-0.01,12,25975,卖盘
637,10:05:19,21.68,0.04,30,65010,买盘
638,10:05:25,21.65,-0.03,77,166930,卖盘
639,10:05:28,21.65,0.0,7,15155,买盘
640,10:05:31,21.65,0.0,116,251125,买盘
641,10:05:33,21.65,0.0,19,41135,买盘
642,10:05:37,21.64,-0.01,33,71431,卖盘
643,10:05:39,21.64,0.0,2,4328,卖盘
644,10:05:43,21.68,0.04,5,10840,买盘
645,10:05:54,21.67,-0.01,2,4334,卖盘
646,10:06:07,21.65,-0.02,2,4330,卖盘
647,10:06:13,21.67,0.02,6,13002,买盘
648,10:06:19,21.68,0.01,18,39024,买盘
649,10:06:30,21.68,0.0,3,6504,买盘
650,10:06:34,21.68,0.0,9,19512,买盘
651,10:06:37,21.68,0.0,1,2168,买盘
652,10:06:43,21.65,-0.03,60,129996,卖盘
653,10:06:46,21.68,0.03,5,10840,买盘
654,10:06:55,21.69,0.01,8,17347,买盘
655,10:06:58,21.68,-0.01,19,41192,卖盘
656,10:07:01,21.68,0.0,16,34698,卖盘
657,10:07:04,21.68,0.0,6,13012,卖盘
658,10:07:07,21.69,0.01,10,21690,买盘
659,10:07:10,21.68,-0.01,9,19512,卖盘
660,10:07:12,21.68,0.0,19,41210,卖盘
661,10:07:16,21.68,0.0,4,8672,卖盘
662,10:07:22,21.69,0.01,10,21690,买盘
663,10:07:25,21.69,0.0,5,10845,买盘
664,10:07:31,21.68,-0.01,9,19512,卖盘
665,10:07:34,21.69,0.01,16,34694,买盘
666,10:07:40,21.69,0.0,3,6507,买盘
667,10:07:43,21.68,-0.01,21,45543,卖盘
668,10:07:46,21.69,0.01,7,15183,买盘
669,10:07:48,21.69,0.0,2,4337,买盘
670,10:07:55,21.69,0.0,46,99754,买盘
671,10:08:01,21.68,-0.01,7,15181,卖盘
672,10:08:07,21.69,0.01,6,13014,买盘
673,10:08:12,21.68,-0.01,3,6504,卖盘
674,10:08:25,21.69,0.01,7,15183,买盘
675,10:08:28,21.68,-0.01,6,13008,卖盘
676,10:08:31,21.69,0.01,13,28194,买盘
677,10:08:34,21.68,-0.01,3,6504,卖盘
678,10:08:37,21.69,0.01,2,4338,买盘
679,10:08:39,21.68,-0.01,1,2168,卖盘
680,10:08:43,21.68,0.0,13,28196,卖盘
681,10:08:46,21.69,0.01,7,15183,买盘
682,10:08:49,21.69,0.0,90,195192,买盘
683,10:08:58,21.7,0.01,10,21700,买盘
684,10:09:07,21.7,0.0,3,6510,买盘
685,10:09:09,21.7,0.0,8,17360,买盘
686,10:09:16,21.71,0.01,23,49932,买盘
687,10:09:18,21.71,0.0,5,10855,卖盘
688,10:09:22,21.72,0.01,5,10860,买盘
689,10:09:25,21.72,0.0,27,58598,买盘
690,10:09:28,21.72,0.0,2,4344,买盘
691,10:09:31,21.72,0.0,1,2172,卖盘
692,10:09:34,21.72,0.0,1,2172,卖盘
693,10:09:39,21.68,-0.04,95,205065,卖盘
694,10:09:42,21.73,0.05,8,17384,买盘
695,10:09:45,21.72,-0.01,1,2172,中性盘
696,10:09:52,21.73,0.01,5,10861,买盘
697,10:09:55,21.69,-0.04,1,2169,卖盘
698,10:09:58,21.72,0.03,13,28230,买盘
699,10:10:04,21.7,-0.02,2,4340,卖盘
700,10:10:10,21.73,0.03,10,21726,买盘
701,10:10:13,21.73,0.0,6,13026,买盘
702,10:10:22,21.76,0.03,14,30453,买盘
703,10:10:25,21.77,0.01,28,60947,买盘
704,10:10:27,21.76,-0.01,4,8706,卖盘
705,10:10:31,21.78,0.02,29,63143,买盘
706,10:10:37,21.78,0.0,6,13068,买盘
707,10:10:40,21.78,0.0,5,10890,买盘
708,10:10:43,21.78,0.0,19,41382,买盘
709,10:10:46,21.76,-0.02,37,80534,卖盘
710,10:10:49,21.76,0.0,13,28288,买盘
711,10:10:52,21.76,0.0,7,15232,买盘
712,10:10:54,21.76,0.0,3,6528,买盘
713,10:10:57,21.77,0.01,1,2177,中性盘
714,10:11:01,21.78,0.01,5,10890,买盘
715,10:11:04,21.78,0.0,8,17424,买盘
716,10:11:07,21.77,-0.01,38,82728,卖盘
717,10:11:10,21.78,0.01,28,60958,买盘
718,10:11:13,21.79,0.01,38,82772,买盘
719,10:11:16,21.79,0.0,5,10895,卖盘
720,10:11:22,21.8,0.01,16,34880,买盘
721,10:11:25,21.8,0.0,47,102460,买盘
722,10:11:28,21.8,0.0,1,2180,卖盘
723,10:11:31,21.81,0.01,2,4362,买盘
724,10:11:40,21.83,0.02,4,8728,中性盘
725,10:11:43,21.83,0.0,9,19647,买盘
726,10:11:46,21.84,0.01,18,39309,买盘
727,10:11:48,21.84,0.0,13,28404,卖盘
728,10:11:51,21.83,-0.01,10,21830,卖盘
729,10:11:54,21.84,0.01,6,13098,买盘
730,10:11:57,21.84,0.0,4,8736,买盘
731,10:12:01,21.84,0.0,3,6552,买盘
732,10:12:04,21.85,0.01,52,113573,买盘
733,10:12:07,21.85,0.0,10,21850,卖盘
734,10:12:10,21.84,-0.01,6,13109,中性盘
735,10:12:13,21.85,0.01,10,21846,买盘
736,10:12:16,21.83,-0.02,9,19651,卖盘
737,10:12:18,21.85,0.02,35,76429,买盘
738,10:12:22,21.84,-0.01,28,61158,中性盘
739,10:12:24,21.81,-0.03,45,98162,卖盘
740,10:12:31,21.85,0.04,36,78556,买盘
741,10:12:34,21.8,-0.05,52,113506,卖盘
742,10:12:37,21.8,0.0,42,91665,买盘
743,10:12:42,21.8,0.0,1,2180,卖盘
744,10:12:46,21.8,0.0,5,10900,卖盘
745,10:12:49,21.8,0.0,7,15260,卖盘
746,10:12:52,21.8,0.0,5,10900,卖盘
747,10:12:54,21.8,0.0,14,30520,卖盘
748,10:12:58,21.8,0.0,23,50140,买盘
749,10:13:01,21.8,0.0,9,19619,买盘
750,10:13:04,21.78,-0.02,6,13072,卖盘
751,10:13:13,21.78,0.0,5,10890,卖盘
752,10:13:16,21.77,-0.01,3,6531,中性盘
753,10:13:18,21.76,-0.01,4,8704,卖盘
754,10:13:22,21.78,0.02,5,10888,买盘
755,10:13:24,21.76,-0.02,13,28291,卖盘
756,10:13:28,21.75,-0.01,8,17405,卖盘
757,10:13:33,21.78,0.03,100,217733,买盘
758,10:13:36,21.78,0.0,3,6534,买盘
759,10:13:40,21.74,-0.04,10,21740,卖盘
760,10:13:43,21.74,0.0,1,2174,卖盘
761,10:13:52,21.77,0.03,2,4354,买盘
762,10:13:55,21.74,-0.03,3,6526,卖盘
763,10:14:01,21.78,0.04,23,50093,买盘
764,10:14:07,21.78,0.0,6,13068,卖盘
765,10:14:31,21.75,-0.03,2,4351,卖盘
766,10:14:34,21.77,0.02,1,2177,买盘
767,10:14:40,21.79,0.02,8,17432,买盘
768,10:14:43,21.75,-0.04,17,37007,卖盘
769,10:14:46,21.77,0.02,3,6531,买盘
770,10:14:58,21.77,0.0,5,10885,卖盘
771,10:15:01,21.77,0.0,6,13062,买盘
772,10:15:07,21.76,-0.01,16,34830,卖盘
773,10:15:18,21.74,-0.02,76,165246,卖盘
774,10:15:22,21.74,0.0,4,8696,买盘
775,10:15:25,21.7,-0.04,59,128099,卖盘
776,10:15:27,21.74,0.04,1,2174,买盘
777,10:15:34,21.7,-0.04,2,4340,卖盘
778,10:15:43,21.7,0.0,27,58590,卖盘
779,10:15:46,21.7,0.0,1,2170,卖盘
780,10:15:52,21.73,0.03,1,2173,买盘
781,10:15:55,21.7,-0.03,76,164921,卖盘
782,10:16:07,21.7,0.0,7,15190,买盘
783,10:16:10,21.7,0.0,5,10850,买盘
784,10:16:12,21.69,-0.01,6,13014,卖盘
785,10:16:15,21.7,0.01,12,26032,买盘
786,10:16:18,21.76,0.06,117,254287,买盘
787,10:16:28,21.77,0.01,56,121859,买盘
788,10:16:34,21.8,0.03,33,71895,买盘
789,10:16:37,21.76,-0.04,2,4352,卖盘
790,10:16:49,21.76,0.0,13,28300,卖盘
791,10:16:52,21.8,0.04,19,41366,买盘
792,10:16:55,21.77,-0.03,2,4354,卖盘
793,10:16:57,21.76,-0.01,10,21760,卖盘
794,10:17:01,21.77,0.01,4,8708,买盘
795,10:17:22,21.78,0.01,5,10890,卖盘
796,10:17:31,21.78,0.0,15,32670,买盘
797,10:17:34,21.78,0.0,6,13068,买盘
798,10:17:39,21.78,0.0,50,108994,卖盘
799,10:17:42,21.8,0.02,62,135160,买盘
800,10:17:46,21.8,0.0,30,65400,卖盘
801,10:17:49,21.81,0.01,2,4362,买盘
802,10:17:52,21.81,0.0,6,13086,买盘
803,10:17:55,21.8,-0.01,8,17447,卖盘
804,10:17:58,21.81,0.01,5,10904,买盘
805,10:18:01,21.81,0.0,2,4362,买盘
806,10:18:04,21.81,0.0,25,54523,买盘
807,10:18:07,21.81,0.0,7,15267,买盘
808,10:18:10,21.81,0.0,11,23991,买盘
809,10:18:13,21.81,0.0,28,61046,买盘
810,10:18:16,21.8,-0.01,3,6540,卖盘
811,10:18:19,21.8,0.0,12,26160,卖盘
812,10:18:22,21.81,0.01,6,13086,买盘
813,10:18:24,21.8,-0.01,29,63229,卖盘
814,10:18:28,21.81,0.01,8,17462,中性盘
815,10:18:31,21.8,-0.01,17,37062,卖盘
816,10:18:34,21.81,0.01,47,102467,买盘
817,10:18:40,21.8,-0.01,18,39247,卖盘
818,10:18:49,21.81,0.01,13,28350,买盘
819,10:18:52,21.8,-0.01,2,4360,卖盘
820,10:18:55,21.8,0.0,49,106707,买盘
821,10:19:04,21.79,-0.01,90,195932,买盘
822,10:19:06,21.79,0.0,26,56654,卖盘
823,10:19:10,21.79,0.0,5,10895,卖盘
824,10:19:12,21.76,-0.03,12,26116,卖盘
825,10:19:22,21.76,0.0,1,2176,卖盘
826,10:19:28,21.72,-0.04,1,2172,卖盘
827,10:19:37,21.71,-0.01,7,15223,卖盘
828,10:19:40,21.71,0.0,15,32579,卖盘
829,10:19:43,21.7,-0.01,34,73782,卖盘
830,10:19:49,21.7,0.0,17,36900,卖盘
831,10:19:52,21.71,0.01,50,108550,买盘
832,10:20:00,21.71,0.0,54,117239,卖盘
833,10:20:04,21.71,0.0,108,234468,卖盘
834,10:20:07,21.71,0.0,14,30394,买盘
835,10:20:09,21.72,0.01,14,30403,买盘
836,10:20:12,21.7,-0.02,2,4340,卖盘
837,10:20:15,21.7,0.0,8,17367,卖盘
838,10:20:19,21.75,0.05,2,4350,买盘
839,10:20:22,21.7,-0.05,50,108500,卖盘
840,10:20:31,21.7,0.0,20,43401,卖盘
841,10:20:40,21.79,0.09,83,180678,买盘
842,10:20:52,21.79,0.0,5,10895,卖盘
843,10:20:55,21.79,0.0,5,10895,卖盘
844,10:20:57,21.8,0.01,53,115540,买盘
845,10:21:13,21.81,0.01,25,54525,买盘
846,10:21:16,21.8,-0.01,19,41421,卖盘
847,10:21:19,21.8,0.0,5,10904,卖盘
848,10:21:21,21.81,0.01,116,252930,买盘
849,10:21:25,21.8,-0.01,60,130800,卖盘
850,10:21:27,21.8,0.0,7,15260,卖盘
851,10:21:31,21.8,0.0,7,15261,卖盘
852,10:21:34,21.8,0.0,105,228905,卖盘
853,10:21:40,21.8,0.0,16,34880,卖盘
854,10:21:43,21.8,0.0,6,13084,卖盘
855,10:21:46,21.81,0.01,14,30522,中性盘
856,10:21:49,21.8,-0.01,5,10903,卖盘
857,10:21:55,21.8,0.0,22,47960,买盘
858,10:21:58,21.8,0.0,10,21795,买盘
859,10:22:01,21.79,-0.01,10,21790,卖盘
860,10:22:04,21.79,0.0,32,69728,卖盘
861,10:22:06,21.79,0.0,56,122039,卖盘
862,10:22:10,21.79,0.0,15,32685,卖盘
863,10:22:13,21.81,0.02,35,76302,买盘
864,10:22:19,21.8,-0.01,5,10900,卖盘
865,10:22:22,21.75,-0.05,2,4350,卖盘
866,10:22:46,21.76,0.01,4,8704,卖盘
867,10:22:55,21.76,0.0,8,17410,卖盘
868,10:22:58,21.75,-0.01,16,34800,卖盘
869,10:23:01,21.73,-0.02,25,54367,卖盘
870,10:23:07,21.73,0.0,7,15211,卖盘
871,10:23:10,21.73,0.0,6,13038,卖盘
872,10:23:19,21.73,0.0,14,30422,卖盘
873,10:23:25,21.73,0.0,5,10865,买盘
874,10:23:28,21.73,0.0,8,17378,买盘
875,10:23:34,21.72,-0.01,10,21720,卖盘
876,10:23:37,21.73,0.01,7,15207,买盘
877,10:23:40,21.72,-0.01,11,23892,卖盘
878,10:23:42,21.72,0.0,29,62999,卖盘
879,10:23:46,21.72,0.0,15,32580,卖盘
880,10:23:48,21.71,-0.01,23,49941,卖盘
881,10:23:52,21.72,0.01,1,2172,中性盘
882,10:23:55,21.72,0.0,7,15204,买盘
883,10:23:58,21.72,0.0,11,23892,买盘
884,10:24:00,21.72,0.0,13,28236,卖盘
885,10:24:04,21.72,0.0,6,13032,买盘
886,10:24:06,21.72,0.0,6,13032,买盘
887,10:24:09,21.7,-0.02,217,470993,卖盘
888,10:24:19,21.7,0.0,11,23870,买盘
889,10:24:22,21.7,0.0,63,136710,买盘
890,10:24:25,21.7,0.0,17,36890,卖盘
891,10:24:28,21.7,0.0,17,36890,卖盘
892,10:24:33,21.7,0.0,14,30380,卖盘
893,10:24:43,21.71,0.01,4,8684,卖盘
894,10:24:49,21.7,-0.01,2,4340,卖盘
895,10:24:52,21.71,0.01,2,4342,买盘
896,10:25:01,21.74,0.03,3,6516,买盘
897,10:25:07,21.7,-0.04,51,110712,卖盘
898,10:25:09,21.7,0.0,4,8680,卖盘
899,10:25:15,21.71,0.01,2,4342,卖盘
900,10:25:22,21.7,-0.01,1,2170,卖盘
901,10:25:25,21.71,0.01,9,19539,买盘
902,10:25:34,21.74,0.03,16,34784,买盘
903,10:25:37,21.74,0.0,6,13044,卖盘
904,10:25:48,21.75,0.01,5,10875,买盘
905,10:25:51,21.75,0.0,10,21750,买盘
906,10:25:55,21.76,0.01,23,50042,买盘
907,10:25:58,21.79,0.03,110,239552,买盘
908,10:26:04,21.79,0.0,2,4358,卖盘
909,10:26:16,21.8,0.01,7,15260,中性盘
910,10:26:18,21.81,0.01,26,56703,买盘
911,10:26:22,21.79,-0.02,51,111129,卖盘
912,10:26:28,21.79,0.0,9,19611,卖盘
913,10:26:34,21.79,0.0,2,4358,买盘
914,10:26:37,21.79,0.0,1,2179,买盘
915,10:26:43,21.79,0.0,20,43580,买盘
916,10:26:48,21.79,0.0,10,21790,买盘
917,10:26:55,21.79,0.0,5,10895,买盘
918,10:26:58,21.79,0.0,6,13074,卖盘
919,10:27:04,21.79,0.0,70,152532,卖盘
920,10:27:07,21.79,0.0,15,32690,卖盘
921,10:27:10,21.79,0.0,91,198289,卖盘
922,10:27:15,21.79,0.0,8,17432,卖盘
923,10:27:22,21.79,0.0,23,50117,卖盘
924,10:27:31,21.79,0.0,25,54475,买盘
925,10:27:34,21.76,-0.03,1,2176,卖盘
926,10:27:37,21.79,0.03,1,2179,买盘
927,10:27:46,21.76,-0.03,2,4352,卖盘
928,10:27:52,21.74,-0.02,42,91319,卖盘
929,10:27:55,21.76,0.02,28,61958,买盘
930,10:27:57,21.73,-0.03,5,10865,卖盘
931,10:28:00,21.71,-0.02,26,56464,卖盘
932,10:28:07,21.71,0.0,8,17371,卖盘
933,10:28:10,21.72,0.01,3,6516,买盘
934,10:28:13,21.69,-0.03,340,737773,卖盘
935,10:28:16,21.73,0.04,6,13038,买盘
936,10:28:18,21.69,-0.04,46,99798,卖盘
937,10:28:22,21.69,0.0,2,4338,卖盘
938,10:28:24,21.69,0.0,2,4338,卖盘
939,10:28:28,21.68,-0.01,25,54216,卖盘
940,10:28:34,21.68,0.0,13,28188,卖盘
941,10:28:37,21.68,0.0,8,17344,卖盘
942,10:28:40,21.67,-0.01,27,57436,卖盘
943,10:28:43,21.66,-0.01,1,2166,卖盘
944,10:28:46,21.66,0.0,23,49818,卖盘
945,10:28:49,21.66,0.0,8,17328,卖盘
946,10:28:52,21.63,-0.03,62,134228,卖盘
947,10:28:55,21.63,0.0,4,8652,卖盘
948,10:29:01,21.61,-0.02,18,39996,卖盘
949,10:29:07,21.6,-0.01,100,216048,卖盘
950,10:29:10,21.61,0.01,4,8644,中性盘
951,10:29:13,21.6,-0.01,69,149071,卖盘
952,10:29:16,21.6,0.0,18,38880,卖盘
953,10:29:19,21.59,-0.01,35,74500,卖盘
954,10:29:21,21.59,0.0,7,15113,买盘
955,10:29:25,21.53,-0.06,98,211296,卖盘
956,10:29:31,21.52,-0.01,141,303514,卖盘
957,10:29:34,21.52,0.0,4,8608,卖盘
958,10:29:36,21.54,0.02,20,43080,中性盘
959,10:29:39,21.54,0.0,24,51696,卖盘
960,10:29:46,21.54,0.0,39,84006,卖盘
961,10:29:49,21.55,0.01,61,131368,中性盘
962,10:29:52,21.55,0.0,10,21550,卖盘
963,10:29:55,21.54,-0.01,44,94814,卖盘
964,10:29:58,21.54,0.0,2,4308,卖盘
965,10:30:01,21.55,0.01,8,17240,买盘
966,10:30:04,21.55,0.0,18,38778,买盘
967,10:30:06,21.54,-0.01,68,146539,卖盘
968,10:30:10,21.54,0.0,36,77544,买盘
969,10:30:13,21.54,0.0,13,27998,买盘
970,10:30:16,21.54,0.0,5,10770,买盘
971,10:30:19,21.55,0.01,57,122773,买盘
972,10:30:25,21.56,0.01,50,107770,买盘
973,10:30:31,21.56,0.0,1,2156,买盘
974,10:30:33,21.57,0.01,42,90564,买盘
975,10:30:37,21.55,-0.02,145,312367,卖盘
976,10:30:39,21.56,0.01,27,58195,买盘
977,10:30:43,21.56,0.0,2,4312,买盘
978,10:30:46,21.55,-0.01,14,30173,卖盘
979,10:30:49,21.56,0.01,2,4312,买盘
980,10:30:52,21.56,0.0,5,10781,卖盘
981,10:30:58,21.57,0.01,4,8628,买盘
982,10:31:01,21.56,-0.01,39,84121,卖盘
983,10:31:04,21.56,0.0,36,77644,卖盘
984,10:31:07,21.57,0.01,9,19413,买盘
985,10:31:09,21.57,0.0,11,23724,买盘
986,10:31:13,21.56,-0.01,14,30195,卖盘
987,10:31:16,21.57,0.01,3,6471,卖盘
988,10:31:22,21.58,0.01,4,8631,买盘
989,10:31:28,21.58,0.0,7,15106,买盘
990,10:31:31,21.58,0.0,14,30207,买盘
991,10:31:34,21.6,0.02,101,219206,买盘
992,10:31:46,21.62,0.02,1,2162,买盘
993,10:31:49,21.62,0.0,4,8648,买盘
994,10:31:52,21.63,0.01,1,2163,买盘
995,10:31:58,21.63,0.0,22,47582,买盘
996,10:32:01,21.6,-0.03,18,37803,卖盘
997,10:32:07,21.6,0.0,2,5400,买盘
998,10:32:10,21.61,0.01,1,2161,卖盘
999,10:32:16,21.61,0.0,9,19449,卖盘
1000,10:32:19,21.6,-0.01,2,3241,卖盘
1001,10:32:21,21.61,0.01,8,17283,买盘
1002,10:32:25,21.6,-0.01,2,4320,卖盘
1003,10:32:31,21.6,0.0,8,17283,卖盘
1004,10:32:34,21.61,0.01,40,86409,买盘
1005,10:32:40,21.61,0.0,22,47542,卖盘
1006,10:32:49,21.61,0.0,1,2161,卖盘
1007,10:32:54,21.61,0.0,55,118855,卖盘
1008,10:32:58,21.6,-0.01,13,28080,卖盘
1009,10:33:06,21.63,0.03,2,4326,买盘
1010,10:33:10,21.6,-0.03,11,23760,卖盘
1011,10:33:16,21.6,0.0,9,19440,买盘
1012,10:33:19,21.58,-0.02,12,25925,卖盘
1013,10:33:25,21.6,0.02,7,15120,卖盘
1014,10:33:31,21.6,0.0,7,15122,卖盘
1015,10:33:34,21.6,0.0,20,43200,卖盘
1016,10:33:40,21.6,0.0,20,43200,买盘
1017,10:33:43,21.59,-0.01,10,21590,卖盘
1018,10:33:55,21.59,0.0,15,32385,卖盘
1019,10:34:01,21.59,0.0,5,10795,买盘
1020,10:34:04,21.59,0.0,5,10795,买盘
1021,10:34:10,21.59,0.0,4,8635,买盘
1022,10:34:13,21.58,-0.01,86,185588,卖盘
1023,10:34:16,21.59,0.01,7,15107,买盘
1024,10:34:18,21.58,-0.01,4,8635,卖盘
1025,10:34:21,21.58,0.0,9,19422,买盘
1026,10:34:25,21.59,0.01,10,21590,卖盘
1027,10:34:34,21.59,0.0,5,10795,卖盘
1028,10:34:40,21.58,-0.01,1,2158,卖盘
1029,10:34:46,21.59,0.01,80,172662,买盘
1030,10:34:48,21.57,-0.02,49,105701,卖盘
1031,10:34:51,21.57,0.0,1,2157,卖盘
1032,10:34:55,21.57,0.0,7,15099,卖盘
1033,10:34:58,21.55,-0.02,40,86236,卖盘
1034,10:35:01,21.55,0.0,9,19401,卖盘
1035,10:35:07,21.55,0.0,12,25860,卖盘
1036,10:35:09,21.57,0.02,15,32327,买盘
1037,10:35:16,21.55,-0.02,14,30170,卖盘
1038,10:35:19,21.57,0.02,35,75447,买盘
1039,10:35:30,21.55,-0.02,2,4310,卖盘
1040,10:35:33,21.57,0.02,41,88437,买盘
1041,10:35:37,21.57,0.0,34,73338,卖盘
1042,10:35:43,21.55,-0.02,10,21550,卖盘
1043,10:35:46,21.55,0.0,3,6465,卖盘
1044,10:35:49,21.54,-0.01,48,103404,卖盘
1045,10:35:52,21.55,0.01,10,21550,买盘
1046,10:35:55,21.55,0.0,12,25860,卖盘
1047,10:36:01,21.55,0.0,10,21550,卖盘
1048,10:36:06,21.54,-0.01,26,56004,卖盘
1049,10:36:13,21.55,0.01,10,21550,买盘
1050,10:36:16,21.55,0.0,8,17240,卖盘
1051,10:36:19,21.55,0.0,32,68960,卖盘
1052,10:36:22,21.55,0.0,10,21550,买盘
1053,10:36:24,21.54,-0.01,469,1010149,卖盘
1054,10:36:30,21.5,-0.04,5,10750,卖盘
1055,10:36:34,21.5,0.0,32,68800,卖盘
1056,10:36:40,21.5,0.0,30,64500,卖盘
1057,10:36:43,21.5,0.0,1,2150,买盘
1058,10:36:46,21.49,-0.01,11,23647,卖盘
1059,10:36:49,21.49,0.0,11,23639,卖盘
1060,10:36:51,21.48,-0.01,1,2148,卖盘
1061,10:36:55,21.48,0.0,19,40812,卖盘
1062,10:36:58,21.47,-0.01,8,17176,卖盘
1063,10:37:04,21.45,-0.02,36,77235,卖盘
1064,10:37:07,21.45,0.0,6,12870,卖盘
1065,10:37:10,21.44,-0.01,24,51470,卖盘
1066,10:37:12,21.45,0.01,31,66499,买盘
1067,10:37:15,21.45,0.0,55,117982,卖盘
1068,10:37:18,21.47,0.02,47,100847,买盘
1069,10:37:22,21.48,0.01,11,23616,买盘
1070,10:37:25,21.45,-0.03,103,221063,卖盘
1071,10:37:28,21.46,0.01,20,42920,卖盘
1072,10:37:31,21.46,0.0,11,23606,买盘
1073,10:37:34,21.46,0.0,45,96570,买盘
1074,10:37:37,21.46,0.0,62,133050,买盘
1075,10:37:40,21.46,0.0,62,133040,买盘
1076,10:37:42,21.46,0.0,208,446194,买盘
1077,10:37:45,21.45,-0.01,91,195248,卖盘
1078,10:37:49,21.46,0.01,17,35409,卖盘
1079,10:37:55,21.48,0.02,4,8592,买盘
1080,10:38:00,21.49,0.01,2,4298,买盘
1081,10:38:04,21.54,0.05,72,154792,买盘
1082,10:38:13,21.58,0.04,5,10790,买盘
1083,10:38:19,21.58,0.0,10,21580,买盘
1084,10:38:22,21.58,0.0,11,23738,买盘
1085,10:38:25,21.58,0.0,2,4316,买盘
1086,10:38:28,21.56,-0.02,2,4312,买盘
1087,10:38:37,21.56,0.0,4,8620,买盘
1088,10:38:42,21.52,-0.04,19,40906,卖盘
1089,10:38:46,21.52,0.0,5,10760,买盘
1090,10:38:48,21.52,0.0,1,2152,买盘
1091,10:38:52,21.52,0.0,2,4307,卖盘
1092,10:38:54,21.58,0.06,20,43160,买盘
1093,10:38:58,21.52,-0.06,37,79696,卖盘
1094,10:39:01,21.61,0.09,30,64758,买盘
1095,10:39:10,21.53,-0.08,1,2153,卖盘
1096,10:39:19,21.55,0.02,1,2155,卖盘
1097,10:39:25,21.54,-0.01,12,25854,卖盘
1098,10:39:28,21.55,0.01,28,60445,买盘
1099,10:39:43,21.55,0.0,3,6465,卖盘
1100,10:39:48,21.56,0.01,1,2156,卖盘
1101,10:39:54,21.59,0.03,1,2159,买盘
1102,10:39:58,21.59,0.0,4,8634,买盘
1103,10:40:07,21.58,-0.01,2,4316,卖盘
1104,10:40:12,21.56,-0.02,18,38835,卖盘
1105,10:40:22,21.59,0.03,12,25908,买盘
1106,10:40:25,21.59,0.0,20,43180,买盘
1107,10:40:28,21.57,-0.02,8,17256,卖盘
1108,10:40:34,21.59,0.02,10,21589,买盘
1109,10:40:37,21.59,0.0,5,10787,买盘
1110,10:40:43,21.57,-0.02,5,10789,卖盘
1111,10:40:46,21.6,0.03,104,224486,买盘
1112,10:40:49,21.6,0.0,20,43200,卖盘
1113,10:40:51,21.61,0.01,6,12966,买盘
1114,10:40:57,21.61,0.0,24,51904,卖盘
1115,10:41:10,21.62,0.01,3,6486,卖盘
1116,10:41:16,21.66,0.04,7,15162,买盘
1117,10:41:22,21.65,-0.01,18,38970,买盘
1118,10:41:28,21.7,0.05,106,230820,买盘
1119,10:41:31,21.7,0.0,2,3255,卖盘
1120,10:41:40,21.64,-0.06,17,37852,买盘
1121,10:41:46,21.65,0.01,14,30310,卖盘
1122,10:41:49,21.7,0.05,5,10840,买盘
1123,10:42:04,21.67,-0.03,1,2167,卖盘
1124,10:42:07,21.67,0.0,3,6501,买盘
1125,10:42:10,21.67,0.0,1,2167,买盘
1126,10:42:13,21.67,0.0,2,4334,买盘
1127,10:42:16,21.67,0.0,13,28171,买盘
1128,10:42:19,21.67,0.0,7,15169,卖盘
1129,10:42:22,21.65,-0.02,6,12992,卖盘
1130,10:42:37,21.65,0.0,2,4330,卖盘
1131,10:42:45,21.66,0.01,1,2166,卖盘
1132,10:42:49,21.65,-0.01,78,168891,卖盘
1133,10:43:01,21.65,0.0,6,12987,买盘
1134,10:43:04,21.64,-0.01,9,19476,卖盘
1135,10:43:07,21.65,0.01,4,8658,买盘
1136,10:43:12,21.65,0.0,15,32504,卖盘
1137,10:43:19,21.64,-0.01,30,64925,卖盘
1138,10:43:28,21.65,0.01,20,43300,买盘
1139,10:43:31,21.65,0.0,1,2165,买盘
1140,10:43:34,21.72,0.07,54,116973,买盘
1141,10:43:46,21.7,-0.02,7,15194,卖盘
1142,10:43:51,21.7,0.0,1,2170,卖盘
1143,10:43:55,21.72,0.02,2,4344,买盘
1144,10:43:58,21.72,0.0,17,36924,买盘
1145,10:44:07,21.7,-0.02,2,4340,卖盘
1146,10:44:10,21.65,-0.05,30,64975,卖盘
1147,10:44:16,21.7,0.05,7,15190,买盘
1148,10:44:31,21.7,0.0,30,65100,买盘
1149,10:44:37,21.68,-0.02,25,54242,卖盘
1150,10:44:40,21.7,0.02,2,4340,买盘
1151,10:44:46,21.68,-0.02,9,19522,中性盘
1152,10:45:01,21.67,-0.01,2,4334,卖盘
1153,10:45:04,21.68,0.01,10,21680,买盘
1154,10:45:10,21.67,-0.01,20,43355,卖盘
1155,10:45:16,21.68,0.01,2,4336,买盘
1156,10:45:18,21.67,-0.01,1,2167,卖盘
1157,10:45:22,21.67,0.0,5,10835,卖盘
1158,10:45:25,21.67,0.0,13,28171,卖盘
1159,10:45:30,21.67,0.0,5,10835,买盘
1160,10:45:37,21.68,0.01,30,65033,买盘
1161,10:45:40,21.66,-0.02,2,4332,卖盘
1162,10:45:49,21.65,-0.01,33,71448,卖盘
1163,10:45:52,21.65,0.0,3,6495,买盘
1164,10:45:58,21.66,0.01,3,6498,买盘
1165,10:46:01,21.65,-0.01,1,2165,中性盘
1166,10:46:04,21.65,0.0,27,58435,买盘
1167,10:46:09,21.65,0.0,6,12989,买盘
1168,10:46:12,21.64,-0.01,27,58428,卖盘
1169,10:46:22,21.63,-0.01,10,21630,卖盘
1170,10:46:31,21.62,-0.01,1,2162,卖盘
1171,10:46:39,21.63,0.01,4,8651,买盘
1172,10:46:46,21.62,-0.01,2,4324,卖盘
1173,10:46:48,21.62,0.0,3,6486,卖盘
1174,10:46:55,21.62,0.0,5,10810,卖盘
1175,10:46:58,21.62,0.0,3,6486,买盘
1176,10:47:01,21.61,-0.01,36,77799,卖盘
1177,10:47:07,21.62,0.01,4,8648,买盘
1178,10:47:09,21.62,0.0,10,21620,卖盘
1179,10:47:13,21.61,-0.01,8,17293,卖盘
1180,10:47:18,21.65,0.04,66,142801,买盘
1181,10:47:25,21.65,0.0,2,4330,卖盘
1182,10:47:36,21.65,0.0,12,25980,卖盘
1183,10:47:39,21.65,0.0,5,10825,卖盘
1184,10:47:49,21.65,0.0,2,4330,卖盘
1185,10:47:58,21.65,0.0,3,6495,卖盘
1186,10:48:01,21.65,0.0,10,21650,卖盘
1187,10:48:13,21.65,0.0,3,6495,卖盘
1188,10:48:19,21.65,0.0,2,4330,卖盘
1189,10:48:21,21.65,0.0,3,6495,买盘
1190,10:48:31,21.65,0.0,4,8660,买盘
1191,10:48:34,21.62,-0.03,8,17296,卖盘
1192,10:48:43,21.62,0.0,3,6486,卖盘
1193,10:49:09,21.62,0.0,2,4324,卖盘
1194,10:49:21,21.65,0.03,1,2165,买盘
1195,10:49:34,21.62,-0.03,18,38916,卖盘
1196,10:49:49,21.65,0.03,63,136391,买盘
1197,10:49:51,21.65,0.0,50,108250,卖盘
1198,10:50:04,21.69,0.04,175,379255,买盘
1199,10:50:12,21.64,-0.05,12,25971,卖盘
1200,10:50:16,21.69,0.05,5,10845,买盘
1201,10:50:31,21.69,0.0,10,21690,买盘
1202,10:50:33,21.69,0.0,20,43380,买盘
1203,10:50:43,21.7,0.01,18,39050,买盘
1204,10:50:49,21.68,-0.02,2,4333,买盘
1205,10:50:52,21.68,0.0,16,34688,买盘
1206,10:50:55,21.69,0.01,3,6507,卖盘
1207,10:50:58,21.68,-0.01,21,45530,卖盘
1208,10:51:01,21.7,0.02,30,65100,买盘
1209,10:51:04,21.68,-0.02,13,28185,卖盘
1210,10:51:10,21.68,0.0,11,23848,卖盘
1211,10:51:16,21.68,0.0,1,2168,买盘
1212,10:51:22,21.68,0.0,6,13008,买盘
1213,10:51:25,21.68,0.0,2,4336,买盘
1214,10:51:34,21.68,0.0,3,6504,卖盘
1215,10:51:46,21.68,0.0,8,17344,卖盘
1216,10:51:52,21.66,-0.02,74,160334,卖盘
1217,10:51:55,21.66,0.0,4,8664,买盘
1218,10:52:07,21.65,-0.01,15,32488,卖盘
1219,10:52:10,21.66,0.01,10,21660,买盘
1220,10:52:16,21.65,-0.01,34,73610,卖盘
1221,10:52:19,21.65,0.0,4,8660,买盘
1222,10:52:24,21.63,-0.02,50,108150,卖盘
1223,10:52:31,21.65,0.02,40,86590,买盘
1224,10:52:34,21.62,-0.03,10,21620,卖盘
1225,10:52:39,21.62,0.0,1,2162,卖盘
1226,10:52:43,21.62,0.0,2,4324,卖盘
1227,10:52:49,21.62,0.0,15,32430,卖盘
1228,10:53:01,21.64,0.02,8,17312,买盘
1229,10:53:04,21.62,-0.02,16,34595,卖盘
1230,10:53:07,21.6,-0.02,150,324094,卖盘
1231,10:53:16,21.62,0.02,3,6486,卖盘
1232,10:53:22,21.62,0.0,14,30268,买盘
1233,10:53:31,21.6,-0.02,7,15120,卖盘
1234,10:53:34,21.62,0.02,21,45402,买盘
1235,10:53:40,21.6,-0.02,13,28090,卖盘
1236,10:53:46,21.6,0.0,2,4320,卖盘
1237,10:53:49,21.6,0.0,61,132055,卖盘
1238,10:53:52,21.6,0.0,5,10800,卖盘
1239,10:53:55,21.6,0.0,2,4320,卖盘
1240,10:54:01,21.6,0.0,20,43200,卖盘
1241,10:54:04,21.6,0.0,108,233283,卖盘
1242,10:54:06,21.6,0.0,10,21600,卖盘
1243,10:54:12,21.6,0.0,13,28080,卖盘
1244,10:54:16,21.61,0.01,27,58347,买盘
1245,10:54:19,21.6,-0.01,12,25920,卖盘
1246,10:54:25,21.6,0.0,175,378000,卖盘
1247,10:54:28,21.6,0.0,7,15120,卖盘
1248,10:54:31,21.57,-0.03,5,10785,卖盘
1249,10:54:52,21.56,-0.01,57,122892,中性盘
1250,10:54:55,21.56,0.0,13,28037,卖盘
1251,10:55:01,21.56,0.0,7,15092,卖盘
1252,10:55:10,21.56,0.0,50,107810,卖盘
1253,10:55:16,21.56,0.0,27,58312,卖盘
1254,10:55:22,21.59,0.03,11,23749,买盘
1255,10:55:28,21.56,-0.03,50,107810,卖盘
1256,10:55:37,21.56,0.0,16,34529,卖盘
1257,10:55:43,21.56,0.0,30,64690,卖盘
1258,10:56:01,21.56,0.0,9,19411,卖盘
1259,10:56:16,21.56,0.0,10,21596,卖盘
1260,10:56:28,21.56,0.0,15,32347,卖盘
1261,10:56:52,21.6,0.04,2,4320,卖盘
1262,10:56:55,21.6,0.0,5,10800,卖盘
1263,10:57:04,21.6,0.0,10,21600,卖盘
1264,10:57:19,21.61,0.01,18,38898,卖盘
1265,10:57:22,21.61,0.0,1,2161,卖盘
1266,10:57:28,21.63,0.02,3,6489,买盘
1267,10:57:49,21.65,0.02,4,8658,买盘
1268,10:57:55,21.63,-0.02,2,4326,卖盘
1269,10:58:00,21.65,0.02,10,21650,买盘
1270,10:58:04,21.65,0.0,5,10825,买盘
1271,10:58:07,21.65,0.0,1,2165,买盘
1272,10:58:15,21.7,0.05,48,104125,买盘
1273,10:58:18,21.7,0.0,15,32550,买盘
1274,10:58:21,21.7,0.0,3,6510,卖盘
1275,10:58:28,21.7,0.0,18,39074,卖盘
1276,10:58:31,21.71,0.01,16,34736,买盘
1277,10:58:34,21.7,-0.01,10,21700,卖盘
1278,10:58:37,21.7,0.0,15,32550,卖盘
1279,10:58:40,21.74,0.04,49,106454,买盘
1280,10:58:42,21.76,0.02,67,145728,买盘
1281,10:58:46,21.76,0.0,1,2176,卖盘
1282,10:58:55,21.77,0.01,1,2177,买盘
1283,10:58:58,21.76,-0.01,48,104453,卖盘
1284,10:59:01,21.78,0.02,32,69693,买盘
1285,10:59:04,21.78,0.0,12,26136,买盘
1286,10:59:07,21.79,0.01,58,126382,买盘
1287,10:59:13,21.8,0.01,119,259420,买盘
1288,10:59:16,21.8,0.0,1,2180,卖盘
1289,10:59:19,21.81,0.01,11,23991,买盘
1290,10:59:28,21.8,-0.01,1,2180,卖盘
1291,10:59:31,21.81,0.01,38,82869,买盘
1292,10:59:34,21.8,-0.01,14,30529,卖盘
1293,10:59:37,21.81,0.01,8,17454,卖盘
1294,10:59:40,21.81,0.0,3,6543,卖盘
1295,10:59:43,21.83,0.02,16,34918,买盘
1296,10:59:46,21.82,-0.01,2,4364,卖盘
1297,10:59:49,21.82,0.0,6,13092,卖盘
1298,10:59:52,21.83,0.01,25,54575,买盘
1299,10:59:54,21.83,0.0,3,6549,卖盘
1300,10:59:58,21.84,0.01,16,34943,买盘
1301,11:00:01,21.86,0.02,31,67740,买盘
1302,11:00:07,21.86,0.0,6,13116,买盘
1303,11:00:13,21.86,0.0,89,194554,买盘
1304,11:00:16,21.85,-0.01,6,13108,买盘
1305,11:00:19,21.83,-0.02,142,310728,卖盘
1306,11:00:25,21.83,0.0,34,74224,卖盘
1307,11:00:28,21.82,-0.01,50,109142,卖盘
1308,11:00:31,21.83,0.01,8,17461,中性盘
1309,11:00:34,21.82,-0.01,3,6546,卖盘
1310,11:00:37,21.82,0.0,10,21820,卖盘
1311,11:00:39,21.82,0.0,12,26184,卖盘
1312,11:00:43,21.82,0.0,6,13093,卖盘
1313,11:00:46,21.82,0.0,54,117828,卖盘
1314,11:00:49,21.82,0.0,1,2182,买盘
1315,11:00:52,21.81,-0.01,2,4362,卖盘
1316,11:00:55,21.81,0.0,8,17448,卖盘
1317,11:00:58,21.81,0.0,4,8724,卖盘
1318,11:01:04,21.8,-0.01,7,15260,卖盘
1319,11:01:07,21.8,0.0,17,37060,卖盘
1320,11:01:09,21.8,0.0,10,21800,买盘
1321,11:01:13,21.8,0.0,10,21800,卖盘
1322,11:01:15,21.83,0.03,221,482225,买盘
1323,11:01:19,21.81,-0.02,17,37081,卖盘
1324,11:01:21,21.8,-0.01,4,8716,买盘
1325,11:01:28,21.8,0.0,21,45780,买盘
1326,11:01:34,21.8,0.0,2,4360,买盘
1327,11:01:37,21.8,0.0,41,89256,买盘
1328,11:01:40,21.8,0.0,12,26160,买盘
1329,11:01:46,21.8,0.0,16,34880,卖盘
1330,11:01:49,21.85,0.05,86,187616,买盘
1331,11:01:52,21.79,-0.06,7,15253,中性盘
1332,11:01:55,21.85,0.06,64,139816,买盘
1333,11:02:10,21.85,0.0,33,72115,卖盘
1334,11:02:13,21.87,0.02,2,4374,中性盘
1335,11:02:19,21.87,0.0,10,21870,卖盘
1336,11:02:22,21.85,-0.02,19,41538,卖盘
1337,11:02:25,21.87,0.02,3,6561,买盘
1338,11:02:28,21.87,0.0,5,10935,买盘
1339,11:02:30,21.85,-0.02,3,6555,卖盘
1340,11:02:37,21.85,0.0,12,26220,买盘
1341,11:02:40,21.85,0.0,6,13110,买盘
1342,11:02:42,21.85,0.0,8,17480,买盘
1343,11:02:45,21.86,0.01,21,45895,买盘
1344,11:02:48,21.85,-0.01,2,4370,卖盘
1345,11:02:54,21.85,0.0,37,80850,卖盘
1346,11:02:57,21.85,0.0,17,37145,卖盘
1347,11:03:01,21.85,0.0,15,32749,中性盘
1348,11:03:04,21.85,0.0,1,2185,买盘
1349,11:03:07,21.8,-0.05,2,4360,卖盘
1350,11:03:10,21.8,0.0,1,2180,卖盘
1351,11:03:15,21.82,0.02,1,2182,卖盘
1352,11:03:25,21.8,-0.02,3,6540,买盘
1353,11:03:30,21.78,-0.02,20,43569,卖盘
1354,11:03:37,21.78,0.0,1,2178,卖盘
1355,11:03:43,21.78,0.0,7,15246,卖盘
1356,11:03:55,21.76,-0.02,4,8704,卖盘
1357,11:04:01,21.75,-0.01,5,10875,卖盘
1358,11:04:07,21.76,0.01,72,156667,买盘
1359,11:04:10,21.76,0.0,1,2176,买盘
1360,11:04:13,21.76,0.0,4,8704,买盘
1361,11:04:30,21.76,0.0,24,52224,买盘
1362,11:04:52,21.77,0.01,11,23947,卖盘
1363,11:04:57,21.79,0.02,11,23951,买盘
1364,11:05:00,21.77,-0.02,6,13062,卖盘
1365,11:05:04,21.77,0.0,1,2177,买盘
1366,11:05:12,21.77,0.0,1,2177,买盘
1367,11:05:34,21.78,0.01,6,13068,买盘
1368,11:05:37,21.77,-0.01,25,54438,卖盘
1369,11:05:43,21.77,0.0,13,28301,卖盘
1370,11:05:52,21.77,0.0,13,28301,卖盘
1371,11:05:54,21.76,-0.01,13,28288,卖盘
1372,11:06:16,21.76,0.0,6,13056,卖盘
1373,11:06:18,21.76,0.0,26,56576,卖盘
1374,11:06:34,21.77,0.01,10,21770,卖盘
1375,11:06:37,21.77,0.0,8,17423,卖盘
1376,11:06:43,21.77,0.0,5,10885,卖盘
1377,11:06:46,21.77,0.0,4,8708,卖盘
1378,11:06:49,21.77,0.0,7,15239,买盘
1379,11:06:52,21.76,-0.01,7,15232,卖盘
1380,11:06:57,21.76,0.0,1,2176,卖盘
1381,11:07:00,21.77,0.01,2,4354,买盘
1382,11:07:22,21.77,0.0,20,42450,买盘
1383,11:07:27,21.77,0.0,10,21770,卖盘
1384,11:07:30,21.77,0.0,10,21770,卖盘
1385,11:07:34,21.77,0.0,4,9796,卖盘
1386,11:07:37,21.78,0.01,2,4356,卖盘
1387,11:07:49,21.77,-0.01,7,15239,中性盘
1388,11:07:51,21.76,-0.01,8,17408,卖盘
1389,11:08:00,21.76,0.0,22,47872,卖盘
1390,11:08:06,21.74,-0.02,8,17392,卖盘
1391,11:08:10,21.76,0.02,16,34812,买盘
1392,11:08:13,21.71,-0.05,2,4342,卖盘
1393,11:08:16,21.71,0.0,5,10855,卖盘
1394,11:08:19,21.71,0.0,9,19539,卖盘
1395,11:08:22,21.7,-0.01,20,43400,卖盘
1396,11:08:31,21.7,0.0,18,39060,卖盘
1397,11:08:33,21.7,0.0,10,21700,卖盘
1398,11:08:40,21.7,0.0,2,4340,买盘
1399,11:08:46,21.69,-0.01,7,15187,卖盘
1400,11:08:49,21.71,0.02,23,49906,买盘
1401,11:08:58,21.7,-0.01,1,2170,卖盘
1402,11:09:01,21.7,0.0,3,6510,卖盘
1403,11:09:04,21.71,0.01,3,6513,买盘
1404,11:09:07,21.7,-0.01,17,36890,卖盘
1405,11:09:09,21.7,0.0,7,15190,卖盘
1406,11:09:16,21.7,0.0,3,6510,买盘
1407,11:09:22,21.7,0.0,2,4340,买盘
1408,11:09:25,21.68,-0.02,2,4336,卖盘
1409,11:09:28,21.68,0.0,5,10840,买盘
1410,11:09:31,21.68,0.0,5,10840,买盘
1411,11:09:34,21.66,-0.02,7,15162,卖盘
1412,11:09:40,21.65,-0.01,8,17323,卖盘
1413,11:09:46,21.65,0.0,1,2165,卖盘
1414,11:09:55,21.66,0.01,30,64980,买盘
1415,11:09:58,21.65,-0.01,4,8660,卖盘
1416,11:10:01,21.66,0.01,7,15156,买盘
1417,11:10:04,21.65,-0.01,4,8660,卖盘
1418,11:10:07,21.65,0.0,11,23815,买盘
1419,11:10:10,21.65,0.0,30,64950,买盘
1420,11:10:13,21.65,0.0,1,2165,买盘
1421,11:10:25,21.63,-0.02,2,4327,卖盘
1422,11:10:30,21.65,0.02,17,36795,买盘
1423,11:10:40,21.63,-0.02,2,4326,卖盘
1424,11:10:43,21.65,0.02,6,12989,买盘
1425,11:10:49,21.64,-0.01,1,2164,卖盘
1426,11:10:52,21.65,0.01,8,17320,买盘
1427,11:10:57,21.66,0.01,3,6498,买盘
1428,11:11:01,21.66,0.0,68,147242,买盘
1429,11:11:04,21.65,-0.01,1,2165,买盘
1430,11:11:07,21.64,-0.01,15,32474,卖盘
1431,11:11:09,21.65,0.01,2,4330,买盘
1432,11:11:13,21.63,-0.02,27,58420,卖盘
1433,11:11:16,21.65,0.02,4,8660,买盘
1434,11:11:22,21.64,-0.01,18,38952,卖盘
1435,11:11:24,21.64,0.0,1,2164,买盘
1436,11:11:27,21.65,0.01,11,23810,买盘
1437,11:11:34,21.65,0.0,3,6495,买盘
1438,11:11:40,21.65,0.0,1,2165,买盘
1439,11:11:49,21.68,0.03,8,17344,买盘
1440,11:11:58,21.68,0.0,1,2168,卖盘
1441,11:12:01,21.7,0.02,21,45570,买盘
1442,11:12:09,21.71,0.01,11,23875,买盘
1443,11:12:22,21.7,-0.01,36,78143,卖盘
1444,11:12:27,21.74,0.04,1,2174,买盘
1445,11:12:36,21.71,-0.03,25,54275,卖盘
1446,11:12:49,21.74,0.03,1,2174,买盘
1447,11:13:04,21.74,0.0,9,19566,买盘
1448,11:13:12,21.74,0.0,3,6522,买盘
1449,11:13:19,21.73,-0.01,1,2173,卖盘
1450,11:13:27,21.73,0.0,4,8692,卖盘
1451,11:13:37,21.73,0.0,11,23903,卖盘
1452,11:13:40,21.73,0.0,9,19560,卖盘
1453,11:13:46,21.73,0.0,2,4346,买盘
1454,11:13:58,21.7,-0.03,73,158489,卖盘
1455,11:14:06,21.7,0.0,3,6510,买盘
1456,11:14:31,21.7,0.0,2,4340,买盘
1457,11:14:46,21.74,0.04,33,71725,买盘
1458,11:14:55,21.74,0.0,2,4348,卖盘
1459,11:15:01,21.67,-0.07,88,191142,卖盘
1460,11:15:25,21.67,0.0,1,2167,卖盘
1461,11:15:30,21.67,0.0,2,4334,中性盘
1462,11:15:37,21.67,0.0,22,47674,买盘
1463,11:15:57,21.67,0.0,63,136548,卖盘
1464,11:16:01,21.68,0.01,4,8672,买盘
1465,11:16:22,21.68,0.0,4,8672,卖盘
1466,11:16:28,21.68,0.0,2,4336,卖盘
1467,11:16:30,21.7,0.02,3,6510,买盘
1468,11:16:37,21.7,0.0,39,84539,买盘
1469,11:16:40,21.67,-0.03,9,19503,卖盘
1470,11:16:48,21.68,0.01,3,6504,中性盘
1471,11:16:52,21.68,0.0,9,19512,卖盘
1472,11:16:58,21.7,0.02,14,30360,买盘
1473,11:17:07,21.7,0.0,13,28210,卖盘
1474,11:17:13,21.7,0.0,3,6510,卖盘
1475,11:17:16,21.7,0.0,4,8680,卖盘
1476,11:17:25,21.7,0.0,2,4340,卖盘
1477,11:17:34,21.7,0.0,9,19530,卖盘
1478,11:17:51,21.69,-0.01,3,6507,卖盘
1479,11:18:04,21.68,-0.01,5,10840,卖盘
1480,11:18:16,21.69,0.01,10,21690,买盘
1481,11:18:31,21.68,-0.01,1,2168,卖盘
1482,11:18:48,21.68,0.0,7,15176,卖盘
1483,11:19:07,21.68,0.0,5,10840,卖盘
1484,11:19:10,21.7,0.02,17,36890,买盘
1485,11:19:22,21.71,0.01,1,2171,卖盘
1486,11:19:31,21.73,0.02,7,15209,买盘
1487,11:19:36,21.71,-0.02,12,26064,卖盘
1488,11:19:40,21.7,-0.01,20,43413,卖盘
1489,11:19:43,21.72,0.02,5,10860,买盘
1490,11:19:46,21.73,0.01,6,13034,买盘
1491,11:19:49,21.73,0.0,12,26061,买盘
1492,11:19:52,21.75,0.02,4,8696,买盘
1493,11:19:58,21.75,0.0,20,43500,买盘
1494,11:20:10,21.78,0.03,6,13066,买盘
1495,11:20:21,21.78,0.0,4,8712,卖盘
1496,11:20:34,21.77,-0.01,7,15244,卖盘
1497,11:20:36,21.78,0.01,4,8712,买盘
1498,11:20:46,21.78,0.0,17,37026,买盘
1499,11:20:54,21.79,0.01,31,67549,买盘
1500,11:20:58,21.79,0.0,16,34864,卖盘
1501,11:21:00,21.78,-0.01,3,6535,卖盘
1502,11:21:13,21.79,0.01,4,8716,卖盘
1503,11:21:19,21.8,0.01,6,13080,买盘
1504,11:21:22,21.78,-0.02,101,219989,卖盘
1505,11:21:25,21.8,0.02,17,37046,买盘
1506,11:21:31,21.79,-0.01,12,26146,买盘
1507,11:21:34,21.8,0.01,39,85009,买盘
1508,11:21:37,21.79,-0.01,31,67572,卖盘
1509,11:21:49,21.79,0.0,5,10899,卖盘
1510,11:21:55,21.81,0.02,2,4362,买盘
1511,11:22:01,21.83,0.02,4,8730,买盘
1512,11:22:09,21.81,-0.02,3,6543,中性盘
1513,11:22:22,21.81,0.0,18,39248,买盘
1514,11:22:25,21.81,0.0,1,2181,买盘
1515,11:22:28,21.81,0.0,29,63249,卖盘
1516,11:22:31,21.81,0.0,1,2181,买盘
1517,11:22:36,21.82,0.01,12,26174,买盘
1518,11:22:40,21.81,-0.01,12,26172,卖盘
1519,11:22:55,21.81,0.0,14,30534,买盘
1520,11:23:04,21.79,-0.02,20,43580,卖盘
1521,11:23:13,21.8,0.01,2,4360,买盘
1522,11:23:16,21.79,-0.01,16,34864,卖盘
1523,11:23:22,21.78,-0.01,42,91476,卖盘
1524,11:23:28,21.77,-0.01,1,2177,卖盘
1525,11:23:31,21.76,-0.01,3,6528,卖盘
1526,11:23:34,21.76,0.0,4,8704,卖盘
1527,11:23:40,21.75,-0.01,2,4350,买盘
1528,11:23:42,21.73,-0.02,6,13043,卖盘
1529,11:23:46,21.73,0.0,1,2173,卖盘
1530,11:23:48,21.73,0.0,13,28259,卖盘
1531,11:23:55,21.74,0.01,15,32610,买盘
1532,11:24:01,21.75,0.01,13,28272,买盘
1533,11:24:10,21.75,0.0,3,6525,买盘
1534,11:24:12,21.75,0.0,3,6525,买盘
1535,11:24:22,21.75,0.0,4,8700,卖盘
1536,11:24:30,21.76,0.01,10,21760,买盘
1537,11:24:49,21.78,0.02,9,19602,买盘
1538,11:24:51,21.78,0.0,5,10890,买盘
1539,11:25:01,21.81,0.03,28,61055,买盘
1540,11:25:13,21.81,0.0,6,13086,买盘
1541,11:25:19,21.82,0.01,1,2182,买盘
1542,11:25:22,21.82,0.0,2,4364,买盘
1543,11:25:27,21.82,0.0,9,19638,买盘
1544,11:25:31,21.83,0.01,15,32740,买盘
1545,11:25:46,21.82,-0.01,5,10910,卖盘
1546,11:25:49,21.82,0.0,1,2182,买盘
1547,11:25:52,21.82,0.0,7,15274,买盘
1548,11:25:55,21.81,-0.01,6,13086,卖盘
1549,11:25:58,21.84,0.03,73,159409,买盘
1550,11:26:00,21.84,0.0,22,48048,卖盘
1551,11:26:03,21.84,0.0,61,133224,卖盘
1552,11:26:07,21.81,-0.03,27,58889,卖盘
1553,11:26:09,21.81,0.0,6,13086,买盘
1554,11:26:28,21.8,-0.01,4,8720,买盘
1555,11:26:31,21.78,-0.02,4,8712,卖盘
1556,11:26:34,21.79,0.01,17,37050,中性盘
1557,11:26:37,21.79,0.0,7,15253,卖盘
1558,11:26:40,21.8,0.01,1,2180,买盘
1559,11:26:43,21.8,0.0,5,10900,买盘
1560,11:26:48,21.8,0.0,11,23971,买盘
1561,11:26:51,21.8,0.0,2,4360,买盘
1562,11:26:55,21.8,0.0,11,23980,买盘
1563,11:26:58,21.79,-0.01,8,17432,卖盘
1564,11:27:00,21.8,0.01,48,104610,买盘
1565,11:27:07,21.8,0.0,3,6540,卖盘
1566,11:27:16,21.8,0.0,4,8720,卖盘
1567,11:27:19,21.8,0.0,10,21800,卖盘
1568,11:27:22,21.8,0.0,15,32700,卖盘
1569,11:27:28,21.8,0.0,3,6540,买盘
1570,11:27:45,21.79,-0.01,1,2179,买盘
1571,11:27:51,21.79,0.0,1,2179,买盘
1572,11:27:55,21.79,0.0,3,6537,买盘
1573,11:28:01,21.79,0.0,3,6537,卖盘
1574,11:28:06,21.8,0.01,8,17437,买盘
1575,11:28:16,21.77,-0.03,17,37009,卖盘
1576,11:28:27,21.76,-0.01,1,2176,卖盘
1577,11:28:33,21.79,0.03,44,95829,买盘
1578,11:28:43,21.79,0.0,5,10895,买盘
1579,11:28:46,21.79,0.0,3,6537,买盘
1580,11:29:04,21.79,0.0,5,10895,卖盘
1581,11:30:01,21.77,-0.02,32,69672,卖盘
1582,13:00:04,21.79,0.02,98,213412,买盘
1583,13:00:06,21.8,0.01,28,61039,买盘
1584,13:00:09,21.79,-0.01,5,10897,卖盘
1585,13:00:24,21.79,0.0,1,2179,卖盘
1586,13:01:09,21.81,0.02,3,6543,买盘
1587,13:01:16,21.79,-0.02,9,19611,卖盘
1588,13:01:30,21.79,0.0,15,32689,卖盘
1589,13:01:48,21.8,0.01,14,30525,卖盘
1590,13:01:57,21.79,-0.01,5,10897,卖盘
1591,13:02:07,21.81,0.02,6,13086,买盘
1592,13:02:10,21.8,-0.01,2,4360,卖盘
1593,13:02:12,21.76,-0.04,13,28293,卖盘
1594,13:02:48,21.76,0.0,6,13061,卖盘
1595,13:02:52,21.76,0.0,5,10880,卖盘
1596,13:02:57,21.76,0.0,10,21760,卖盘
1597,13:03:07,21.76,0.0,10,21760,卖盘
1598,13:03:09,21.73,-0.03,91,197847,卖盘
1599,13:03:22,21.73,0.0,2,4346,买盘
1600,13:03:36,21.72,-0.01,2,4344,卖盘
1601,13:03:45,21.72,0.0,4,8688,卖盘
1602,13:03:51,21.73,0.01,44,95598,买盘
1603,13:03:57,21.73,0.0,5,10865,买盘
1604,13:04:07,21.73,0.0,2,4346,买盘
1605,13:04:21,21.73,0.0,4,8693,卖盘
1606,13:05:12,21.74,0.01,2,4348,卖盘
1607,13:05:21,21.74,0.0,9,19566,买盘
1608,13:05:28,21.74,0.0,2,4348,买盘
1609,13:05:39,21.75,0.01,5,10875,买盘
1610,13:05:54,21.76,0.01,2,4352,买盘
1611,13:05:58,21.76,0.0,9,19579,买盘
1612,13:06:30,21.76,0.0,1,2176,卖盘
1613,13:06:42,21.76,0.0,1,2176,卖盘
1614,13:06:45,21.77,0.01,1,2177,中性盘
1615,13:06:51,21.78,0.01,8,17424,买盘
1616,13:06:54,21.76,-0.02,4,8707,卖盘
1617,13:07:04,21.78,0.02,4,8712,买盘
1618,13:07:24,21.79,0.01,2,4358,买盘
1619,13:07:28,21.79,0.0,11,23969,买盘
1620,13:07:33,21.79,0.0,8,17432,买盘
1621,13:07:49,21.8,0.01,10,21800,买盘
1622,13:07:51,21.8,0.0,5,10900,买盘
1623,13:08:01,21.81,0.01,20,43620,买盘
1624,13:08:09,21.82,0.01,4,8728,买盘
1625,13:08:12,21.82,0.0,2,4364,卖盘
1626,13:08:16,21.83,0.01,6,13098,买盘
1627,13:08:18,21.82,-0.01,9,19638,卖盘
1628,13:08:22,21.82,0.0,5,10910,买盘
1629,13:08:28,21.82,0.0,6,13092,买盘
1630,13:08:36,21.83,0.01,10,21830,买盘
1631,13:08:43,21.83,0.0,43,93866,买盘
1632,13:08:46,21.83,0.0,4,8732,买盘
1633,13:08:55,21.83,0.0,6,13099,卖盘
1634,13:08:58,21.83,0.0,23,50209,买盘
1635,13:09:04,21.84,0.01,20,43661,买盘
1636,13:09:07,21.83,-0.01,2,4366,买盘
1637,13:09:10,21.83,0.0,43,93874,卖盘
1638,13:09:13,21.83,0.0,3,6549,卖盘
1639,13:09:15,21.83,0.0,2,4366,买盘
1640,13:09:25,21.82,-0.01,5,10910,卖盘
1641,13:09:27,21.81,-0.01,33,71996,卖盘
1642,13:09:33,21.81,0.0,1,2181,买盘
1643,13:09:51,21.8,-0.01,21,45780,买盘
1644,13:09:58,21.81,0.01,12,26172,买盘
1645,13:10:01,21.8,-0.01,72,157031,卖盘
1646,13:10:04,21.8,0.0,1,2180,卖盘
1647,13:10:06,21.78,-0.02,80,174310,卖盘
1648,13:10:13,21.78,0.0,9,19602,买盘
1649,13:10:16,21.76,-0.02,22,47875,卖盘
1650,13:10:19,21.76,0.0,5,10880,买盘
1651,13:10:25,21.73,-0.03,25,54350,卖盘
1652,13:10:30,21.73,0.0,1,2173,卖盘
1653,13:10:34,21.73,0.0,50,108724,卖盘
1654,13:10:40,21.73,0.0,4,8698,卖盘
1655,13:10:49,21.75,0.02,11,23925,买盘
1656,13:10:55,21.76,0.01,7,15232,买盘
1657,13:10:58,21.76,0.0,4,8704,买盘
1658,13:11:01,21.76,0.0,17,36992,买盘
1659,13:11:06,21.76,0.0,5,10880,卖盘
1660,13:11:10,21.77,0.01,9,19593,买盘
1661,13:11:19,21.8,0.03,1,2180,买盘
1662,13:11:22,21.82,0.02,6,13092,买盘
1663,13:11:25,21.8,-0.02,7,15260,卖盘
1664,13:11:28,21.79,-0.01,5,10895,卖盘
1665,13:11:31,21.8,0.01,2,4360,买盘
1666,13:11:33,21.82,0.02,1,2182,买盘
1667,13:11:37,21.83,0.01,17,37106,买盘
1668,13:11:39,21.8,-0.03,33,72030,卖盘
1669,13:11:52,21.83,0.03,20,43660,买盘
1670,13:11:57,21.84,0.01,33,72072,买盘
1671,13:12:00,21.84,0.0,5,10920,买盘
1672,13:12:04,21.84,0.0,20,43680,买盘
1673,13:12:07,21.83,-0.01,50,109153,卖盘
1674,13:12:10,21.83,0.0,29,63317,卖盘
1675,13:12:13,21.83,0.0,74,161542,买盘
1676,13:12:22,21.84,0.01,30,65520,买盘
1677,13:12:25,21.83,-0.01,39,85137,卖盘
1678,13:12:28,21.84,0.01,30,65510,买盘
1679,13:12:30,21.83,-0.01,8,17469,卖盘
1680,13:12:33,21.83,0.0,15,32745,买盘
1681,13:12:43,21.83,0.0,10,21830,买盘
1682,13:12:46,21.82,-0.01,4,8728,卖盘
1683,13:12:49,21.8,-0.02,40,87218,卖盘
1684,13:12:52,21.8,0.0,1,2180,买盘
1685,13:13:06,21.8,0.0,9,19620,卖盘
1686,13:13:09,21.83,0.03,4,8732,买盘
1687,13:13:12,21.82,-0.01,4,8728,买盘
1688,13:13:21,21.82,0.0,2,4365,卖盘
1689,13:13:30,21.82,0.0,5,10910,买盘
1690,13:13:34,21.81,-0.01,5,10905,卖盘
1691,13:13:39,21.82,0.01,7,15274,买盘
1692,13:13:49,21.82,0.0,1,2182,买盘
1693,13:13:51,21.82,0.0,12,26184,买盘
1694,13:13:55,21.82,0.0,5,10910,买盘
1695,13:14:00,21.82,0.0,5,10910,卖盘
1696,13:14:07,21.85,0.03,75,163782,买盘
1697,13:14:13,21.82,-0.03,18,39276,卖盘
1698,13:14:16,21.84,0.02,14,30552,买盘
1699,13:14:19,21.84,0.0,10,21840,买盘
1700,13:14:22,21.83,-0.01,10,21830,卖盘
1701,13:14:25,21.84,0.01,3,6552,买盘
1702,13:14:34,21.84,0.0,7,15287,买盘
1703,13:14:39,21.84,0.0,56,122304,买盘
1704,13:14:43,21.84,0.0,20,43680,买盘
1705,13:14:45,21.9,0.06,266,580982,买盘
1706,13:14:52,21.85,-0.05,2,4370,买盘
1707,13:14:54,21.85,0.0,2,4370,买盘
1708,13:15:04,21.95,0.1,157,344220,买盘
1709,13:15:06,21.9,-0.05,2,4380,卖盘
1710,13:15:09,21.98,0.08,20,43952,买盘
1711,13:15:12,21.97,-0.01,17,37356,卖盘
1712,13:15:15,21.97,0.0,37,81328,卖盘
1713,13:15:18,21.97,0.0,215,471293,买盘
1714,13:15:22,21.98,0.01,101,222133,卖盘
1715,13:15:25,21.98,0.0,10,21986,卖盘
1716,13:15:27,22.01,0.03,32,71501,买盘
1717,13:15:31,22.0,-0.01,2,4400,卖盘
1718,13:15:34,22.08,0.08,15,33076,买盘
1719,13:15:37,22.03,-0.05,1,2203,卖盘
1720,13:15:39,22.05,0.02,98,215808,买盘
1721,13:15:43,22.05,0.0,8,17640,买盘
1722,13:15:45,22.05,0.0,93,205197,买盘
1723,13:15:49,22.07,0.02,17,37507,买盘
1724,13:15:52,22.05,-0.02,26,57353,卖盘
1725,13:15:54,22.06,0.01,9,19853,买盘
1726,13:15:58,22.07,0.01,86,189735,买盘
1727,13:16:00,22.06,-0.01,11,24269,卖盘
1728,13:16:04,22.08,0.02,16,35319,买盘
1729,13:16:06,22.08,0.0,14,30910,买盘
1730,13:16:10,22.06,-0.02,243,536086,卖盘
1731,13:16:13,22.06,0.0,49,108078,买盘
1732,13:16:16,22.07,0.01,38,83826,买盘
1733,13:16:19,22.05,-0.02,59,130248,卖盘
1734,13:16:22,22.05,0.0,27,59535,买盘
1735,13:16:24,22.0,-0.05,111,244375,卖盘
1736,13:16:28,22.02,0.02,47,103578,买盘
1737,13:16:31,22.06,0.04,2,4412,中性盘
1738,13:16:34,22.0,-0.06,19,41800,卖盘
1739,13:16:37,22.07,0.07,34,75033,买盘
1740,13:16:40,22.02,-0.05,1,2202,卖盘
1741,13:16:43,22.06,0.04,2,4412,卖盘
1742,13:16:46,22.06,0.0,7,15446,卖盘
1743,13:16:49,22.08,0.02,63,139133,买盘
1744,13:16:52,22.11,0.03,186,410997,买盘
1745,13:17:01,22.06,-0.05,4,8824,买盘
1746,13:17:04,22.06,0.0,10,22072,买盘
1747,13:17:13,22.1,0.04,13,28727,买盘
1748,13:17:15,22.09,-0.01,45,99437,卖盘
1749,13:17:21,22.09,0.0,18,39762,买盘
1750,13:17:24,22.13,0.04,79,174651,买盘
1751,13:17:28,22.11,-0.02,2,4422,卖盘
1752,13:17:31,22.13,0.02,19,42030,买盘
1753,13:17:34,22.14,0.01,4,8854,买盘
1754,13:17:40,22.13,-0.01,18,39847,卖盘
1755,13:17:43,22.15,0.02,11,24359,买盘
1756,13:17:46,22.16,0.01,4,8863,买盘
1757,13:17:49,22.16,0.0,65,144015,买盘
1758,13:17:52,22.15,-0.01,43,95276,卖盘
1759,13:17:55,22.16,0.01,22,48752,买盘
1760,13:17:58,22.15,-0.01,95,210510,卖盘
1761,13:18:01,22.15,0.0,42,92997,买盘
1762,13:18:04,22.17,0.02,55,121864,买盘
1763,13:18:07,22.16,-0.01,42,93017,买盘
1764,13:18:10,22.16,0.0,22,48723,买盘
1765,13:18:13,22.17,0.01,26,57621,买盘
1766,13:18:16,22.17,0.0,7,15519,卖盘
1767,13:18:18,22.17,0.0,72,159642,卖盘
1768,13:18:22,22.16,-0.01,34,75373,卖盘
1769,13:18:24,22.14,-0.02,21,46522,卖盘
1770,13:18:28,22.16,0.02,23,50927,中性盘
1771,13:18:31,22.16,0.0,35,77469,买盘
1772,13:18:34,22.12,-0.04,105,232527,卖盘
1773,13:18:37,22.17,0.05,25,55366,买盘
1774,13:18:40,22.16,-0.01,17,37664,中性盘
1775,13:18:43,22.12,-0.04,4,8848,卖盘
1776,13:18:45,22.12,0.0,23,50895,卖盘
1777,13:18:48,22.15,0.03,42,92946,买盘
1778,13:18:52,22.16,0.01,32,70902,买盘
1779,13:18:54,22.15,-0.01,18,39870,卖盘
1780,13:18:58,22.15,0.0,18,39870,卖盘
1781,13:19:01,22.16,0.01,64,141775,买盘
1782,13:19:04,22.15,-0.01,89,197135,卖盘
1783,13:19:07,22.16,0.01,41,90807,买盘
1784,13:19:10,22.15,-0.01,21,46519,中性盘
1785,13:19:12,22.16,0.01,14,31019,买盘
1786,13:19:15,22.15,-0.01,86,190565,卖盘
1787,13:19:22,22.15,0.0,16,35450,买盘
1788,13:19:24,22.15,0.0,20,44305,买盘
1789,13:19:28,22.15,0.0,69,152730,买盘
1790,13:19:30,22.15,0.0,12,26580,买盘
1791,13:19:34,22.12,-0.03,1,2212,卖盘
1792,13:19:36,22.14,0.02,13,28770,买盘
1793,13:19:39,22.13,-0.01,29,64196,卖盘
1794,13:19:45,22.1,-0.03,32,70772,卖盘
1795,13:19:49,22.1,0.0,32,70720,买盘
1796,13:19:51,22.1,0.0,2,4419,买盘
1797,13:19:54,22.1,0.0,5,11049,买盘
1798,13:19:58,22.1,0.0,49,108289,买盘
1799,13:20:04,22.1,0.0,19,41990,卖盘
1800,13:20:07,22.1,0.0,4,8840,卖盘
1801,13:20:10,22.13,0.03,4,8849,买盘
1802,13:20:12,22.1,-0.03,4,8840,卖盘
1803,13:20:16,22.1,0.0,15,33149,买盘
1804,13:20:18,22.1,0.0,21,46410,买盘
1805,13:20:24,22.1,0.0,26,57460,卖盘
1806,13:20:28,22.1,0.0,9,19890,买盘
1807,13:20:30,22.09,-0.01,3,6628,卖盘
1808,13:20:40,22.02,-0.07,23,50776,卖盘
1809,13:20:43,22.1,0.08,1,2210,买盘
1810,13:20:46,22.02,-0.08,2,4404,卖盘
1811,13:20:49,22.02,0.0,2,4404,卖盘
1812,13:20:52,22.02,0.0,10,22020,卖盘
1813,13:20:57,22.09,0.07,6,13257,买盘
1814,13:21:01,22.09,0.0,1,2209,卖盘
1815,13:21:04,22.09,0.0,2,4418,卖盘
1816,13:21:06,22.1,0.01,2,5303,买盘
1817,13:21:09,22.09,-0.01,35,77352,卖盘
1818,13:21:12,22.12,0.03,13,28756,买盘
1819,13:21:15,22.12,0.0,24,53088,卖盘
1820,13:21:18,22.1,-0.02,12,26530,卖盘
1821,13:21:21,22.12,0.02,7,15479,买盘
1822,13:21:25,22.13,0.01,28,61944,买盘
1823,13:21:27,22.13,0.0,3,6639,卖盘
1824,13:21:30,22.14,0.01,46,101829,买盘
1825,13:21:33,22.13,-0.01,49,108448,卖盘
1826,13:21:37,22.15,0.02,10,22146,买盘
1827,13:21:40,22.15,0.0,23,50945,买盘
1828,13:21:43,22.15,0.0,9,19935,卖盘
1829,13:21:45,22.16,0.01,31,68696,买盘
1830,13:21:49,22.17,0.01,7,15519,买盘
1831,13:21:51,22.2,0.03,159,352850,买盘
1832,13:21:58,22.2,0.0,21,46620,买盘
1833,13:22:01,22.2,0.0,127,281935,买盘
1834,13:22:04,22.22,0.02,51,112211,买盘
1835,13:22:06,22.22,0.0,55,122368,卖盘
1836,13:22:10,22.27,0.05,11,24496,买盘
1837,13:22:13,22.28,0.01,73,162872,买盘
1838,13:22:15,22.3,0.02,1,2230,中性盘
1839,13:22:19,22.36,0.06,86,191802,买盘
1840,13:22:21,22.36,0.0,14,31314,卖盘
1841,13:22:25,22.38,0.02,12,26850,买盘
1842,13:22:27,22.38,0.0,37,82806,买盘
1843,13:22:30,22.4,0.02,38,85076,买盘
1844,13:22:33,22.42,0.02,58,129824,买盘
1845,13:22:37,22.39,-0.03,16,35880,卖盘
1846,13:22:40,22.44,0.05,92,206519,买盘
1847,13:22:43,22.42,-0.02,96,215320,卖盘
1848,13:22:46,22.44,0.02,151,339808,买盘
1849,13:22:49,22.48,0.04,239,536650,买盘
1850,13:22:52,22.45,-0.03,128,287259,中性盘
1851,13:22:54,22.5,0.05,179,402823,买盘
1852,13:22:58,22.5,0.0,176,396054,卖盘
1853,13:23:00,22.5,0.0,230,518654,卖盘
1854,13:23:04,22.55,0.05,117,263329,买盘
1855,13:23:07,22.5,-0.05,90,202528,卖盘
1856,13:23:10,22.5,0.0,105,236274,买盘
1857,13:23:12,22.5,0.0,37,83261,买盘
1858,13:23:16,22.53,0.03,52,117102,中性盘
1859,13:23:18,22.55,0.02,104,234123,买盘
1860,13:23:21,22.5,-0.05,236,531403,卖盘
1861,13:23:25,22.49,-0.01,34,76445,卖盘
1862,13:23:28,22.5,0.01,156,350901,买盘
1863,13:23:31,22.5,0.0,30,67491,买盘
1864,13:23:34,22.45,-0.05,98,220274,卖盘
1865,13:23:37,22.47,0.02,13,29205,买盘
1866,13:23:39,22.44,-0.03,64,143683,卖盘
1867,13:23:42,22.42,-0.02,147,329892,卖盘
1868,13:23:46,22.43,0.01,36,80808,中性盘
1869,13:23:49,22.42,-0.01,43,96420,卖盘
1870,13:23:52,22.43,0.01,11,24684,中性盘
1871,13:23:54,22.43,0.0,12,26910,买盘
1872,13:23:58,22.43,0.0,28,62799,买盘
1873,13:24:00,22.42,-0.01,28,61655,卖盘
1874,13:24:04,22.4,-0.02,160,358954,卖盘
1875,13:24:07,22.41,0.01,21,47059,买盘
1876,13:24:09,22.4,-0.01,12,26889,卖盘
1877,13:24:13,22.4,0.0,20,44813,卖盘
1878,13:24:16,22.4,0.0,39,87365,卖盘
1879,13:24:18,22.41,0.01,7,15682,买盘
1880,13:24:21,22.4,-0.01,20,44800,卖盘
1881,13:24:25,22.4,0.0,34,76145,买盘
1882,13:24:27,22.4,0.0,24,53759,买盘
1883,13:24:31,22.4,0.0,60,134345,买盘
1884,13:24:34,22.4,0.0,28,62717,买盘
1885,13:24:37,22.4,0.0,13,29120,买盘
1886,13:24:40,22.39,-0.01,55,123100,卖盘
1887,13:24:43,22.39,0.0,21,47009,买盘
1888,13:24:46,22.38,-0.01,10,22377,中性盘
1889,13:24:48,22.3,-0.08,216,482821,卖盘
1890,13:24:51,22.36,0.06,2,4472,买盘
1891,13:24:54,22.35,-0.01,10,22350,卖盘
1892,13:24:58,22.36,0.01,7,15652,买盘
1893,13:25:01,22.36,0.0,3,6710,卖盘
1894,13:25:04,22.36,0.0,6,13421,卖盘
1895,13:25:06,22.37,0.01,9,20126,买盘
1896,13:25:10,22.37,0.0,21,46957,买盘
1897,13:25:12,22.31,-0.06,52,116262,卖盘
1898,13:25:15,22.31,0.0,12,26772,卖盘
1899,13:25:18,22.38,0.07,39,87130,买盘
1900,13:25:21,22.4,0.02,25,55993,买盘
1901,13:25:25,22.41,0.01,4,8961,买盘
1902,13:25:28,22.45,0.04,40,89736,买盘
1903,13:25:31,22.42,-0.03,25,56026,中性盘
1904,13:25:34,22.47,0.05,11,25802,卖盘
1905,13:25:37,22.49,0.02,67,150577,买盘
1906,13:25:40,22.47,-0.02,10,22477,卖盘
1907,13:25:43,22.5,0.03,119,267679,买盘
1908,13:25:46,22.55,0.05,188,423474,买盘
1909,13:25:48,22.56,0.01,52,117261,买盘
1910,13:25:52,22.59,0.03,58,130910,买盘
1911,13:25:55,22.59,0.0,73,164770,买盘
1912,13:25:57,22.59,0.0,56,126479,买盘
1913,13:26:00,22.6,0.01,91,205622,买盘
1914,13:26:04,22.6,0.0,79,178534,买盘
1915,13:26:06,22.6,0.0,114,257629,买盘
1916,13:26:09,22.63,0.03,59,133455,买盘
1917,13:26:12,22.63,0.0,73,165313,买盘
1918,13:26:15,22.63,0.0,86,194718,卖盘
1919,13:26:21,22.7,0.07,49,111148,买盘
1920,13:26:24,22.7,0.0,56,127050,买盘
1921,13:26:27,22.7,0.0,64,145380,买盘
1922,13:26:31,22.75,0.05,124,281522,买盘
1923,13:26:34,22.7,-0.05,29,65881,卖盘
1924,13:26:37,22.75,0.05,43,97767,中性盘
1925,13:26:40,22.7,-0.05,218,495050,卖盘
1926,13:26:43,22.69,-0.01,368,837477,卖盘
1927,13:26:46,22.77,0.08,78,177283,买盘
1928,13:26:49,22.68,-0.09,96,218380,卖盘
1929,13:26:51,22.69,0.01,177,402280,买盘
1930,13:26:54,22.65,-0.04,53,120061,卖盘
1931,13:26:57,22.65,0.0,151,341903,买盘
1932,13:27:00,22.65,0.0,189,427913,买盘
1933,13:27:04,22.63,-0.02,58,131308,中性盘
1934,13:27:07,22.6,-0.03,230,520110,卖盘
1935,13:27:10,22.6,0.0,35,79084,买盘
1936,13:27:12,22.6,0.0,19,42933,买盘
1937,13:27:16,22.6,0.0,79,178473,买盘
1938,13:27:19,22.59,-0.01,78,175774,买盘
1939,13:27:22,22.59,0.0,1,2259,买盘
1940,13:27:25,22.59,0.0,5,11280,买盘
1941,13:27:28,22.63,0.04,185,418192,买盘
1942,13:27:30,22.6,-0.03,53,119952,卖盘
1943,13:27:33,22.59,-0.01,4,9036,卖盘
1944,13:27:37,22.61,0.02,29,65636,卖盘
1945,13:27:40,22.69,0.08,50,112944,买盘
1946,13:27:43,22.7,0.01,84,190687,买盘
1947,13:27:46,22.7,0.0,61,138470,卖盘
1948,13:27:49,22.75,0.05,41,93114,买盘
1949,13:27:52,22.7,-0.05,28,63630,卖盘
1950,13:27:55,22.69,-0.01,22,49930,卖盘
1951,13:27:57,22.76,0.07,91,206616,买盘
1952,13:28:01,22.75,-0.01,3,6826,中性盘
1953,13:28:04,22.68,-0.07,92,208941,卖盘
1954,13:28:07,22.74,0.06,2,4547,买盘
1955,13:28:10,22.7,-0.04,39,88515,卖盘
1956,13:28:13,22.7,0.0,13,29506,买盘
1957,13:28:16,22.68,-0.02,14,31759,卖盘
1958,13:28:19,22.68,0.0,45,101790,买盘
1959,13:28:22,22.62,-0.06,26,58900,中性盘
1960,13:28:25,22.68,0.06,27,61164,买盘
1961,13:28:28,22.65,-0.03,12,27200,卖盘
1962,13:28:31,22.61,-0.04,67,151719,卖盘
1963,13:28:33,22.61,0.0,9,20349,买盘
1964,13:28:37,22.6,-0.01,55,124339,卖盘
1965,13:28:40,22.61,0.01,13,29383,中性盘
1966,13:28:46,22.64,0.03,69,156038,买盘
1967,13:28:52,22.61,-0.03,2,4522,买盘
1968,13:28:55,22.63,0.02,45,101730,中性盘
1969,13:28:58,22.61,-0.02,25,56540,中性盘
1970,13:29:01,22.63,0.02,2,4526,买盘
1971,13:29:04,22.6,-0.03,68,153766,卖盘
1972,13:29:06,22.63,0.03,31,70166,买盘
1973,13:29:10,22.64,0.01,23,52035,买盘
1974,13:29:12,22.63,-0.01,3,6789,卖盘
1975,13:29:15,22.65,0.02,53,120033,买盘
1976,13:29:19,22.61,-0.04,27,61071,卖盘
1977,13:29:21,22.61,0.0,65,146763,卖盘
1978,13:29:25,22.61,0.0,48,107448,卖盘
1979,13:29:31,22.65,0.04,4,9058,买盘
1980,13:29:34,22.62,-0.03,8,18107,卖盘
1981,13:29:37,22.62,0.0,1,2262,卖盘
1982,13:29:40,22.61,-0.01,48,108569,卖盘
1983,13:29:43,22.63,0.02,8,18090,买盘
1984,13:29:46,22.63,0.0,18,40734,卖盘
1985,13:29:49,22.64,0.01,16,36220,买盘
1986,13:29:52,22.63,-0.01,49,110887,卖盘
1987,13:29:55,22.63,0.0,14,31682,卖盘
1988,13:29:58,22.61,-0.02,29,65597,卖盘
1989,13:30:01,22.63,0.02,187,422771,买盘
1990,13:30:09,22.61,-0.02,11,24880,卖盘
1991,13:30:12,22.61,0.0,43,97223,卖盘
1992,13:30:16,22.6,-0.01,56,127920,卖盘
1993,13:30:19,22.6,0.0,39,88138,买盘
1994,13:30:22,22.6,0.0,39,88069,买盘
1995,13:30:25,22.6,0.0,58,131072,买盘
1996,13:30:28,22.6,0.0,5,11297,买盘
1997,13:30:30,22.6,0.0,158,356382,买盘
1998,13:30:33,22.57,-0.03,11,24842,卖盘
1999,13:30:37,22.56,-0.01,29,65426,卖盘
2000,13:30:39,22.56,0.0,10,22560,买盘
2001,13:30:42,22.55,-0.01,57,128538,卖盘
2002,13:30:46,22.51,-0.04,8,18017,卖盘
2003,13:30:49,22.51,0.0,10,22510,卖盘
2004,13:30:52,22.5,-0.01,7,15756,卖盘
2005,13:30:55,22.5,0.0,10,22500,卖盘
2006,13:30:58,22.5,0.0,72,162008,卖盘
2007,13:31:01,22.51,0.01,75,168549,买盘
2008,13:31:10,22.45,-0.06,5,11232,卖盘
2009,13:31:13,22.51,0.06,16,36003,买盘
2010,13:31:16,22.51,0.0,1,2251,买盘
2011,13:31:19,22.5,-0.01,4,9002,卖盘
2012,13:31:24,22.51,0.01,28,63021,买盘
2013,13:31:27,22.5,-0.01,9,20250,卖盘
2014,13:31:30,22.5,0.0,1,2250,卖盘
2015,13:31:34,22.5,0.0,66,148504,卖盘
2016,13:31:37,22.49,-0.01,6,13495,卖盘
2017,13:31:39,22.46,-0.03,12,26964,卖盘
2018,13:31:42,22.46,0.0,7,15722,买盘
2019,13:31:45,22.45,-0.01,7,15715,卖盘
2020,13:31:49,22.41,-0.04,24,53824,卖盘
2021,13:31:51,22.41,0.0,14,31374,买盘
2022,13:31:58,22.4,-0.01,6,13440,卖盘
2023,13:32:01,22.41,0.01,2,4482,买盘
2024,13:32:04,22.41,0.0,7,15687,买盘
2025,13:32:07,22.4,-0.01,7,15676,卖盘
2026,13:32:09,22.41,0.01,111,248668,买盘
2027,13:32:12,22.43,0.02,33,73956,买盘
2028,13:32:15,22.41,-0.02,1,2241,卖盘
2029,13:32:19,22.42,0.01,17,38134,中性盘
2030,13:32:24,22.41,-0.01,10,22419,卖盘
2031,13:32:28,22.45,0.04,24,53880,买盘
2032,13:32:31,22.46,0.01,21,47166,买盘
2033,13:32:34,22.49,0.03,15,33720,买盘
2034,13:32:40,22.46,-0.03,2,4492,卖盘
2035,13:32:43,22.49,0.03,42,94452,买盘
2036,13:32:45,22.5,0.01,23,51745,买盘
2037,13:32:48,22.5,0.0,9,20248,买盘
2038,13:32:51,22.46,-0.04,53,119107,卖盘
2039,13:32:55,22.49,0.03,23,51676,买盘
2040,13:32:57,22.49,0.0,20,44980,买盘
2041,13:33:00,22.5,0.01,27,60750,买盘
2042,13:33:04,22.5,0.0,4,9000,买盘
2043,13:33:07,22.5,0.0,22,49500,买盘
2044,13:33:10,22.49,-0.01,98,220482,卖盘
2045,13:33:19,22.51,0.02,72,162012,买盘
2046,13:33:22,22.5,-0.01,14,31513,卖盘
2047,13:33:24,22.5,0.0,30,67500,卖盘
2048,13:33:28,22.5,0.0,5,11250,买盘
2049,13:33:30,22.49,-0.01,20,44989,卖盘
2050,13:33:34,22.51,0.02,22,49521,买盘
2051,13:33:36,22.51,0.0,8,18008,卖盘
2052,13:33:39,22.52,0.01,9,20261,买盘
2053,13:33:42,22.51,-0.01,10,22510,卖盘
2054,13:33:46,22.52,0.01,67,150884,买盘
2055,13:33:48,22.52,0.0,25,56288,买盘
2056,13:33:51,22.53,0.01,2,4506,买盘
2057,13:33:54,22.53,0.0,204,459078,买盘
2058,13:33:57,22.52,-0.01,2,4504,中性盘
2059,13:34:00,22.54,0.02,33,74370,买盘
2060,13:34:04,22.54,0.0,64,144193,买盘
2061,13:34:07,22.54,0.0,21,47324,买盘
2062,13:34:10,22.51,-0.03,24,54074,卖盘
2063,13:34:13,22.53,0.02,9,20277,买盘
2064,13:34:16,22.53,0.0,15,33790,买盘
2065,13:34:19,22.52,-0.01,5,11260,卖盘
2066,13:34:22,22.53,0.01,45,101385,买盘
2067,13:34:25,22.52,-0.01,19,42804,卖盘
2068,13:34:28,22.52,0.0,11,24772,卖盘
2069,13:34:31,22.52,0.0,41,92332,买盘
2070,13:34:34,22.5,-0.02,11,24758,卖盘
2071,13:34:37,22.48,-0.02,30,67510,卖盘
2072,13:34:40,22.5,0.02,3,6750,买盘
2073,13:34:42,22.5,0.0,7,15750,买盘
2074,13:34:45,22.48,-0.02,98,220388,卖盘
2075,13:34:49,22.48,0.0,10,22480,卖盘
2076,13:34:52,22.48,0.0,48,107908,卖盘
2077,13:34:58,22.46,-0.02,16,35944,卖盘
2078,13:35:01,22.46,0.0,3,6738,卖盘
2079,13:35:04,22.48,0.02,25,56150,买盘
2080,13:35:07,22.48,0.0,70,157209,买盘
2081,13:35:10,22.45,-0.03,8,17960,卖盘
2082,13:35:13,22.48,0.03,13,29186,买盘
2083,13:35:18,22.46,-0.02,1,2246,中性盘
2084,13:35:21,22.45,-0.01,5,11225,买盘
2085,13:35:25,22.42,-0.03,20,44857,卖盘
2086,13:35:28,22.42,0.0,11,24662,买盘
2087,13:35:30,22.46,0.04,5,11218,买盘
2088,13:35:33,22.4,-0.06,30,67228,卖盘
2089,13:35:37,22.4,0.0,4,8962,卖盘
2090,13:35:43,22.4,0.0,11,24650,卖盘
2091,13:35:46,22.4,0.0,35,78410,卖盘
2092,13:35:49,22.4,0.0,10,22400,卖盘
2093,13:35:52,22.44,0.04,3,6732,买盘
2094,13:35:54,22.44,0.0,54,121073,买盘
2095,13:35:57,22.45,0.01,10,22450,买盘
2096,13:36:00,22.44,-0.01,5,11220,卖盘
2097,13:36:04,22.46,0.02,24,53898,买盘
2098,13:36:12,22.46,0.0,2,4492,买盘
2099,13:36:16,22.46,0.0,24,53899,买盘
2100,13:36:19,22.46,0.0,24,53904,买盘
2101,13:36:22,22.47,0.01,12,26964,买盘
2102,13:36:24,22.48,0.01,42,94397,买盘
2103,13:36:28,22.44,-0.04,183,410981,卖盘
2104,13:36:33,22.44,0.0,12,26928,买盘
2105,13:36:36,22.41,-0.03,18,40381,卖盘
2106,13:36:39,22.44,0.03,11,24684,买盘
2107,13:36:42,22.44,0.0,22,49360,买盘
2108,13:36:45,22.43,-0.01,1,2243,卖盘
2109,13:36:49,22.44,0.01,8,17952,买盘
2110,13:36:52,22.43,-0.01,1,2243,卖盘
2111,13:36:58,22.43,0.0,1,2243,买盘
2112,13:37:04,22.44,0.01,37,83019,买盘
2113,13:37:06,22.43,-0.01,13,29159,卖盘
2114,13:37:10,22.43,0.0,7,15701,卖盘
2115,13:37:13,22.44,0.01,8,17949,买盘
2116,13:37:16,22.42,-0.02,6,13454,卖盘
2117,13:37:19,22.44,0.02,5,11220,买盘
2118,13:37:22,22.43,-0.01,33,74019,买盘
2119,13:37:25,22.44,0.01,1,2244,买盘
2120,13:37:27,22.44,0.0,6,13464,买盘
2121,13:37:31,22.45,0.01,7,15711,买盘
2122,13:37:37,22.44,-0.01,1,2244,卖盘
2123,13:37:40,22.45,0.01,4,8980,买盘
2124,13:37:43,22.45,0.0,1,2245,买盘
2125,13:37:46,22.47,0.02,27,60635,买盘
2126,13:37:55,22.48,0.01,50,112397,买盘
2127,13:37:58,22.47,-0.01,4,8988,中性盘
2128,13:38:00,22.48,0.01,15,33716,买盘
2129,13:38:04,22.47,-0.01,13,29187,中性盘
2130,13:38:07,22.47,0.0,71,159717,卖盘
2131,13:38:09,22.48,0.01,6,13488,中性盘
2132,13:38:13,22.5,0.02,52,116996,买盘
2133,13:38:15,22.5,0.0,59,132786,买盘
2134,13:38:22,22.53,0.03,6,13518,买盘
2135,13:38:25,22.54,0.01,63,141942,买盘
2136,13:38:31,22.54,0.0,14,31556,买盘
2137,13:38:34,22.55,0.01,26,58630,买盘
2138,13:38:37,22.55,0.0,37,83435,买盘
2139,13:38:40,22.56,0.01,14,31580,买盘
2140,13:38:43,22.56,0.0,27,60937,中性盘
2141,13:38:46,22.61,0.05,88,198866,买盘
2142,13:38:52,22.62,0.01,7,15834,买盘
2143,13:38:55,22.62,0.0,11,24887,卖盘
2144,13:38:58,22.64,0.02,38,86003,买盘
2145,13:39:01,22.63,-0.01,3,6790,卖盘
2146,13:39:04,22.64,0.01,25,56590,买盘
2147,13:39:06,22.65,0.01,21,47565,买盘
2148,13:39:09,22.65,0.0,8,18120,买盘
2149,13:39:13,22.66,0.01,31,70216,买盘
2150,13:39:19,22.65,-0.01,46,104206,卖盘
2151,13:39:22,22.65,0.0,9,20385,卖盘
2152,13:39:25,22.68,0.03,68,154180,买盘
2153,13:39:28,22.66,-0.02,5,11332,卖盘
2154,13:39:31,22.65,-0.01,138,312643,卖盘
2155,13:39:33,22.65,0.0,19,43035,买盘
2156,13:39:36,22.64,-0.01,26,58889,卖盘
2157,13:39:39,22.64,0.0,170,385054,卖盘
2158,13:39:43,22.64,0.0,148,335072,卖盘
2159,13:39:46,22.65,0.01,17,38496,中性盘
2160,13:39:49,22.67,0.02,55,124652,买盘
2161,13:39:52,22.67,0.0,68,154156,卖盘
2162,13:39:55,22.67,0.0,12,27204,卖盘
2163,13:40:00,22.67,0.0,82,185948,卖盘
2164,13:40:04,22.64,-0.03,74,167637,卖盘
2165,13:40:07,22.64,0.0,2,4528,买盘
2166,13:40:10,22.63,-0.01,6,13578,卖盘
2167,13:40:13,22.63,0.0,9,20367,买盘
2168,13:40:16,22.62,-0.01,22,49774,卖盘
2169,13:40:18,22.62,0.0,8,18096,卖盘
2170,13:40:22,22.61,-0.01,18,40709,卖盘
2171,13:40:28,22.6,-0.01,280,633066,卖盘
2172,13:40:37,22.62,0.02,8,18076,买盘
2173,13:40:40,22.56,-0.06,18,40608,卖盘
2174,13:40:46,22.62,0.06,87,196345,买盘
2175,13:40:49,22.56,-0.06,20,45120,中性盘
2176,13:40:51,22.55,-0.01,2,4510,卖盘
2177,13:40:58,22.56,0.01,2,4512,卖盘
2178,13:41:01,22.58,0.02,105,236737,买盘
2179,13:41:04,22.55,-0.03,18,40590,中性盘
2180,13:41:07,22.54,-0.01,5,11270,中性盘
2181,13:41:13,22.55,0.01,6,13530,买盘
2182,13:41:19,22.54,-0.01,54,121833,卖盘
2183,13:41:22,22.6,0.06,69,155703,买盘
2184,13:41:28,22.56,-0.04,10,22560,卖盘
2185,13:41:31,22.56,0.0,3,6768,卖盘
2186,13:41:37,22.57,0.01,1,2257,卖盘
2187,13:41:40,22.56,-0.01,26,58666,卖盘
2188,13:41:43,22.6,0.04,3,6780,买盘
2189,13:41:46,22.6,0.0,25,56500,买盘
2190,13:41:48,22.6,0.0,7,15820,卖盘
2191,13:41:54,22.59,-0.01,6,13554,买盘
2192,13:41:58,22.58,-0.01,5,11290,卖盘
2193,13:42:07,22.57,-0.01,30,67710,卖盘
2194,13:42:10,22.58,0.01,1,2258,中性盘
2195,13:42:16,22.57,-0.01,1,2257,卖盘
2196,13:42:22,22.56,-0.01,68,153459,卖盘
2197,13:42:25,22.56,0.0,8,18048,买盘
2198,13:42:28,22.57,0.01,3,6771,买盘
2199,13:42:37,22.57,0.0,5,11285,买盘
2200,13:42:40,22.57,0.0,16,36112,买盘
2201,13:42:43,22.55,-0.02,51,115081,卖盘
2202,13:42:46,22.56,0.01,42,94830,买盘
2203,13:42:48,22.56,0.0,2,4512,卖盘
2204,13:42:52,22.56,0.0,19,42867,卖盘
2205,13:42:58,22.56,0.0,3,6768,卖盘
2206,13:43:01,22.57,0.01,40,90251,买盘
2207,13:43:04,22.56,-0.01,1,2256,中性盘
2208,13:43:10,22.58,0.02,29,65455,买盘
2209,13:43:13,22.57,-0.01,29,65450,卖盘
2210,13:43:16,22.57,0.0,12,27084,卖盘
2211,13:43:24,22.57,0.0,17,38369,买盘
2212,13:43:28,22.55,-0.02,23,51893,卖盘
2213,13:43:34,22.55,0.0,1,2255,卖盘
2214,13:43:37,22.54,-0.01,64,144300,卖盘
2215,13:43:43,22.55,0.01,7,15785,买盘
2216,13:43:46,22.54,-0.01,2,4508,卖盘
2217,13:43:49,22.52,-0.02,24,54082,卖盘
2218,13:43:55,22.54,0.02,6,13524,买盘
2219,13:43:58,22.52,-0.02,1,2252,卖盘
2220,13:44:01,22.51,-0.01,38,85560,卖盘
2221,13:44:07,22.5,-0.01,28,63023,卖盘
2222,13:44:10,22.5,0.0,8,18001,卖盘
2223,13:44:13,22.44,-0.06,47,105579,卖盘
2224,13:44:15,22.5,0.06,2,4500,买盘
2225,13:44:18,22.44,-0.06,12,26952,卖盘
2226,13:44:21,22.41,-0.03,40,89683,卖盘
2227,13:44:24,22.44,0.03,7,15708,买盘
2228,13:44:27,22.49,0.05,21,47164,中性盘
2229,13:44:31,22.5,0.01,10,22480,买盘
2230,13:44:34,22.44,-0.06,1,2244,买盘
2231,13:44:40,22.44,0.0,2,4488,买盘
2232,13:44:43,22.44,0.0,11,24684,买盘
2233,13:44:46,22.43,-0.01,53,118894,卖盘
2234,13:44:49,22.43,0.0,13,29159,买盘
2235,13:44:51,22.43,0.0,5,11215,买盘
2236,13:45:01,22.42,-0.01,21,47102,卖盘
2237,13:45:04,22.42,0.0,7,15694,卖盘
2238,13:45:07,22.43,0.01,6,13458,买盘
2239,13:45:10,22.41,-0.02,36,80687,卖盘
2240,13:45:13,22.43,0.02,10,22427,买盘
2241,13:45:19,22.42,-0.01,1,2242,买盘
2242,13:45:22,22.41,-0.01,8,17928,卖盘
2243,13:45:24,22.42,0.01,13,29141,买盘
2244,13:45:28,22.42,0.0,117,262212,买盘
2245,13:45:31,22.42,0.0,8,17936,卖盘
2246,13:45:37,22.43,0.01,73,163675,买盘
2247,13:45:40,22.42,-0.01,54,121118,卖盘
2248,13:45:43,22.42,0.0,47,105389,卖盘
2249,13:45:46,22.43,0.01,2,4486,买盘
2250,13:45:49,22.42,-0.01,21,47083,卖盘
2251,13:45:52,22.43,0.01,13,29158,买盘
2252,13:45:58,22.42,-0.01,31,69527,卖盘
2253,13:46:01,22.43,0.01,1,2243,买盘
2254,13:46:04,22.43,0.0,12,26916,买盘
2255,13:46:06,22.43,0.0,11,24673,买盘
2256,13:46:10,22.43,0.0,14,31402,买盘
2257,13:46:13,22.43,0.0,17,38131,买盘
2258,13:46:16,22.42,-0.01,5,11214,卖盘
2259,13:46:19,22.43,0.01,13,29151,买盘
2260,13:46:25,22.43,0.0,12,26916,买盘
2261,13:46:27,22.43,0.0,35,78505,买盘
2262,13:46:30,22.43,0.0,65,145795,买盘
2263,13:46:34,22.43,0.0,39,87453,买盘
2264,13:46:37,22.43,0.0,4,8972,买盘
2265,13:46:39,22.48,0.05,24,53870,买盘
2266,13:46:52,22.43,-0.05,5,11216,卖盘
2267,13:46:58,22.5,0.07,53,119227,买盘
2268,13:47:04,22.5,0.0,7,15750,买盘
2269,13:47:07,22.51,0.01,3,6753,卖盘
2270,13:47:13,22.51,0.0,4,9004,卖盘
2271,13:47:16,22.5,-0.01,4,9000,卖盘
2272,13:47:19,22.5,0.0,24,54001,卖盘
2273,13:47:22,22.5,0.0,7,15750,买盘
2274,13:47:28,22.5,0.0,30,67500,买盘
2275,13:47:30,22.46,-0.04,4,8992,卖盘
2276,13:47:34,22.5,0.04,53,119250,买盘
2277,13:47:36,22.46,-0.04,10,22472,卖盘
2278,13:47:39,22.5,0.04,1,2250,买盘
2279,13:47:42,22.5,0.0,32,71969,买盘
2280,13:47:48,22.46,-0.04,38,85352,卖盘
2281,13:47:52,22.5,0.04,9,20250,买盘
2282,13:48:04,22.49,-0.01,6,13494,买盘
2283,13:48:10,22.48,-0.01,1,2248,卖盘
2284,13:48:16,22.49,0.01,12,26988,买盘
2285,13:48:18,22.48,-0.01,2,4496,买盘
2286,13:48:22,22.48,0.0,2,4496,卖盘
2287,13:48:31,22.47,-0.01,14,31458,卖盘
2288,13:48:34,22.48,0.01,66,148313,买盘
2289,13:48:39,22.47,-0.01,26,58422,买盘
2290,13:48:43,22.49,0.02,119,267341,买盘
2291,13:48:45,22.5,0.01,44,98961,买盘
2292,13:48:48,22.48,-0.02,4,8992,卖盘
2293,13:48:51,22.49,0.01,2,4498,买盘
2294,13:49:01,22.48,-0.01,4,8992,卖盘
2295,13:49:04,22.49,0.01,20,44980,买盘
2296,13:49:06,22.49,0.0,15,33735,买盘
2297,13:49:10,22.48,-0.01,13,29235,卖盘
2298,13:49:13,22.49,0.01,9,20241,中性盘
2299,13:49:16,22.48,-0.01,3,6744,卖盘
2300,13:49:19,22.48,0.0,10,22480,卖盘
2301,13:49:25,22.47,-0.01,4,8988,卖盘
2302,13:49:27,22.48,0.01,3,6744,买盘
2303,13:49:30,22.48,0.0,12,26976,买盘
2304,13:49:33,22.47,-0.01,21,47187,卖盘
2305,13:49:52,22.49,0.02,17,38227,买盘
2306,13:49:58,22.47,-0.02,9,20223,卖盘
2307,13:50:09,22.49,0.02,7,15742,买盘
2308,13:50:12,22.5,0.01,10,22500,买盘
2309,13:50:15,22.5,0.0,9,20250,买盘
2310,13:50:19,22.49,-0.01,10,22490,卖盘
2311,13:50:21,22.49,0.0,5,11245,买盘
2312,13:50:25,22.49,0.0,3,6747,卖盘
2313,13:50:34,22.5,0.01,112,251988,买盘
2314,13:50:37,22.5,0.0,1,2250,卖盘
2315,13:50:42,22.5,0.0,22,49577,卖盘
2316,13:50:55,22.52,0.02,5,11260,卖盘
2317,13:50:58,22.55,0.03,7,15780,买盘
2318,13:51:04,22.58,0.03,44,99318,买盘
2319,13:51:06,22.59,0.01,47,106166,买盘
2320,13:51:10,22.57,-0.02,2,4515,卖盘
2321,13:51:16,22.58,0.01,25,56449,买盘
2322,13:51:19,22.58,0.0,10,22580,买盘
2323,13:51:22,22.59,0.01,15,33883,买盘
2324,13:51:25,22.6,0.01,102,230422,买盘
2325,13:51:28,22.58,-0.02,9,20322,卖盘
2326,13:51:37,22.58,0.0,26,58758,卖盘
2327,13:51:39,22.6,0.02,35,79100,买盘
2328,13:51:43,22.6,0.0,8,18080,卖盘
2329,13:51:46,22.6,0.0,33,74580,卖盘
2330,13:51:49,22.61,0.01,16,36176,买盘
2331,13:51:55,22.61,0.0,44,99484,买盘
2332,13:51:58,22.62,0.01,25,56550,买盘
2333,13:52:01,22.62,0.0,6,13571,买盘
2334,13:52:04,22.62,0.0,10,22618,买盘
2335,13:52:06,22.61,-0.01,17,38441,卖盘
2336,13:52:09,22.62,0.01,8,18095,买盘
2337,13:52:13,22.63,0.01,15,33945,买盘
2338,13:52:16,22.62,-0.01,2,4524,卖盘
2339,13:52:19,22.63,0.01,26,58838,买盘
2340,13:52:22,22.63,0.0,4,9052,卖盘
2341,13:52:25,22.63,0.0,10,22630,卖盘
2342,13:52:28,22.63,0.0,12,27161,卖盘
2343,13:52:30,22.63,0.0,24,54338,卖盘
2344,13:52:37,22.63,0.0,3,6790,卖盘
2345,13:52:40,22.64,0.01,15,33971,卖盘
2346,13:52:46,22.65,0.01,28,63420,买盘
2347,13:52:52,22.66,0.01,27,61182,买盘
2348,13:52:55,22.66,0.0,2,4531,买盘
2349,13:52:58,22.67,0.01,73,165448,买盘
2350,13:53:01,22.68,0.01,10,22679,买盘
2351,13:53:04,22.65,-0.03,55,124585,卖盘
2352,13:53:07,22.65,0.0,16,36240,买盘
2353,13:53:10,22.66,0.01,23,52118,卖盘
2354,13:53:13,22.67,0.01,24,54407,买盘
2355,13:53:16,22.66,-0.01,5,11330,卖盘
2356,13:53:19,22.66,0.0,42,95241,卖盘
2357,13:53:22,22.68,0.02,144,326538,买盘
2358,13:53:25,22.7,0.02,82,186133,买盘
2359,13:53:31,22.7,0.0,9,20430,买盘
2360,13:53:34,22.68,-0.02,39,88487,卖盘
2361,13:53:37,22.7,0.02,46,104410,买盘
2362,13:53:40,22.78,0.08,369,839199,买盘
2363,13:53:43,22.78,0.0,47,107066,卖盘
2364,13:53:46,22.78,0.0,2,4556,卖盘
2365,13:53:49,22.8,0.02,18,41030,买盘
2366,13:53:52,22.8,0.0,24,54682,买盘
2367,13:53:55,22.84,0.04,126,287284,买盘
2368,13:54:01,22.85,0.01,13,29698,买盘
2369,13:54:04,22.85,0.0,33,75399,买盘
2370,13:54:07,22.86,0.01,30,68550,买盘
2371,13:54:10,22.85,-0.01,2,4570,中性盘
2372,13:54:12,22.92,0.07,178,406093,买盘
2373,13:54:16,22.9,-0.02,11,25190,卖盘
2374,13:54:19,22.92,0.02,22,50400,买盘
2375,13:54:22,22.95,0.03,84,192504,买盘
2376,13:54:25,22.9,-0.05,132,302550,卖盘
2377,13:54:28,22.99,0.09,205,471023,买盘
2378,13:54:31,22.99,0.0,6,13794,买盘
2379,13:54:33,22.99,0.0,56,128744,买盘
2380,13:54:36,22.99,0.0,20,45990,卖盘
2381,13:54:40,23.0,0.01,224,515194,买盘
2382,13:54:42,23.03,0.03,160,367997,买盘
2383,13:54:46,23.03,0.0,7,16115,买盘
2384,13:54:48,23.1,0.07,93,214718,买盘
2385,13:54:52,23.1,0.0,25,57728,买盘
2386,13:54:55,23.2,0.1,106,245294,买盘
2387,13:54:58,23.2,0.0,32,74216,买盘
2388,13:55:01,23.1,-0.1,121,280589,卖盘
2389,13:55:04,23.27,0.17,53,123251,买盘
2390,13:55:06,23.25,-0.02,8,18621,卖盘
2391,13:55:10,23.22,-0.03,93,215985,卖盘
2392,13:55:13,23.27,0.05,61,142036,买盘
2393,13:55:16,23.29,0.02,85,198140,卖盘
2394,13:55:19,23.28,-0.01,134,312148,卖盘
2395,13:55:21,23.3,0.02,125,291108,买盘
2396,13:55:25,23.32,0.02,150,349574,买盘
2397,13:55:28,23.32,0.0,53,123607,卖盘
2398,13:55:31,23.33,0.01,152,354542,买盘
2399,13:55:34,23.32,-0.01,161,375498,卖盘
2400,13:55:36,23.3,-0.02,317,739054,卖盘
2401,13:55:40,23.3,0.0,174,405304,买盘
2402,13:55:43,23.3,0.0,63,146452,买盘
2403,13:55:46,23.3,0.0,42,97859,买盘
2404,13:55:49,23.32,0.02,351,817920,买盘
2405,13:55:52,23.3,-0.02,54,125584,中性盘
2406,13:55:55,23.3,0.0,45,104842,买盘
2407,13:55:58,23.26,-0.04,66,153736,中性盘
2408,13:56:01,23.29,0.03,34,79165,买盘
2409,13:56:04,23.3,0.01,133,309412,买盘
2410,13:56:06,23.26,-0.04,40,93107,卖盘
2411,13:56:10,23.22,-0.04,22,51088,卖盘
2412,13:56:13,23.22,0.0,55,127710,买盘
2413,13:56:16,23.1,-0.12,8,18522,卖盘
2414,13:56:18,23.12,0.02,4,9248,中性盘
2415,13:56:22,23.22,0.1,57,132282,买盘
2416,13:56:25,23.1,-0.12,155,358288,卖盘
2417,13:56:28,23.12,0.02,5,11560,中性盘
2418,13:56:30,23.1,-0.02,198,457700,卖盘
2419,13:56:34,23.1,0.0,103,237758,卖盘
2420,13:56:37,23.2,0.1,72,166434,买盘
2421,13:56:40,23.12,-0.08,34,78632,卖盘
2422,13:56:43,23.12,0.0,6,13872,卖盘
2423,13:56:46,23.09,-0.03,53,122442,卖盘
2424,13:56:49,23.02,-0.07,99,228369,卖盘
2425,13:56:52,23.1,0.08,28,64676,买盘
2426,13:56:58,23.05,-0.05,4,9220,卖盘
2427,13:57:00,23.02,-0.03,14,32228,卖盘
2428,13:57:06,23.05,0.03,10,23050,买盘
2429,13:57:10,23.03,-0.02,70,161210,卖盘
2430,13:57:13,23.05,0.02,42,96702,买盘
2431,13:57:16,23.03,-0.02,53,122137,卖盘
2432,13:57:19,23.03,0.0,4,9212,卖盘
2433,13:57:22,23.02,-0.01,90,207266,卖盘
2434,13:57:25,23.03,0.01,95,218717,买盘
2435,13:57:28,23.05,0.02,28,64494,买盘
2436,13:57:30,23.03,-0.02,65,149735,卖盘
2437,13:57:33,23.05,0.02,434,999964,买盘
2438,13:57:37,23.05,0.0,5,11525,买盘
2439,13:57:40,23.02,-0.03,130,299469,卖盘
2440,13:57:43,23.03,0.01,13,29945,卖盘
2441,13:57:46,23.05,0.02,52,119860,买盘
2442,13:57:49,23.05,0.0,50,115275,中性盘
2443,13:57:58,23.05,0.0,31,71490,卖盘
2444,13:58:01,23.08,0.03,27,62261,中性盘
2445,13:58:04,23.03,-0.05,22,50710,卖盘
2446,13:58:06,23.05,0.02,1,2305,中性盘
2447,13:58:09,23.06,0.01,21,48498,卖盘
2448,13:58:12,23.1,0.04,10,23084,买盘
2449,13:58:15,23.1,0.0,19,43890,卖盘
2450,13:58:19,23.1,0.0,21,48510,买盘
2451,13:58:22,23.18,0.08,53,122627,买盘
2452,13:58:25,23.12,-0.06,8,18496,卖盘
2453,13:58:27,23.16,0.04,1,2316,买盘
2454,13:58:31,23.16,0.0,20,46305,买盘
2455,13:58:34,23.15,-0.01,11,25465,买盘
2456,13:58:37,23.18,0.03,60,138916,买盘
2457,13:58:40,23.15,-0.03,21,48661,卖盘
2458,13:58:46,23.2,0.05,132,305519,买盘
2459,13:58:49,23.21,0.01,40,92801,买盘
2460,13:58:52,23.2,-0.01,7,16240,卖盘
2461,13:58:55,23.21,0.01,9,20885,买盘
2462,13:58:58,23.22,0.01,35,81239,买盘
2463,13:59:01,23.21,-0.01,9,20900,卖盘
2464,13:59:04,23.22,0.01,57,132444,中性盘
2465,13:59:07,23.25,0.03,28,65026,买盘
2466,13:59:10,23.26,0.01,131,304635,买盘
2467,13:59:13,23.25,-0.01,17,39513,中性盘
2468,13:59:16,23.26,0.01,163,378914,买盘
2469,13:59:18,23.28,0.02,100,232628,买盘
2470,13:59:22,23.28,0.0,11,25599,买盘
2471,13:59:25,23.28,0.0,8,18624,买盘
2472,13:59:27,23.3,0.02,183,426212,买盘
2473,13:59:30,23.3,0.0,42,97858,买盘
2474,13:59:34,23.28,-0.02,47,109418,卖盘
2475,13:59:37,23.3,0.02,43,100190,买盘
2476,13:59:39,23.28,-0.02,150,349424,卖盘
2477,13:59:42,23.28,0.0,19,44238,卖盘
2478,13:59:46,23.3,0.02,5,11650,卖盘
2479,13:59:49,23.3,0.0,16,37281,卖盘
2480,13:59:52,23.3,0.0,90,209770,卖盘
2481,13:59:55,23.3,0.0,16,37294,卖盘
2482,13:59:58,23.3,0.0,26,60581,卖盘
2483,14:00:00,23.29,-0.01,29,67541,中性盘
2484,14:00:04,23.32,0.03,73,170109,买盘
2485,14:00:06,23.3,-0.02,4,9326,卖盘
2486,14:00:09,23.3,0.0,69,160658,卖盘
2487,14:00:13,23.28,-0.02,67,155976,卖盘
2488,14:00:16,23.26,-0.02,27,62845,卖盘
2489,14:00:19,23.22,-0.04,67,155794,卖盘
2490,14:00:22,23.2,-0.02,26,60340,卖盘
2491,14:00:25,23.19,-0.01,2,4638,卖盘
2492,14:00:28,23.19,0.0,22,51018,卖盘
2493,14:00:31,23.18,-0.01,45,104353,卖盘
2494,14:00:33,23.1,-0.08,39,90151,卖盘
2495,14:00:37,23.1,0.0,21,48510,买盘
2496,14:00:43,23.05,-0.05,27,62289,卖盘
2497,14:00:46,23.1,0.05,6,13856,买盘
2498,14:00:49,23.1,0.0,5,11546,买盘
2499,14:00:52,23.08,-0.02,48,110674,买盘
2500,14:00:55,23.08,0.0,7,16158,卖盘
2501,14:00:58,23.08,0.0,5,11534,买盘
2502,14:01:04,23.06,-0.02,28,64568,卖盘
2503,14:01:07,23.08,0.02,13,30002,买盘
2504,14:01:10,23.05,-0.03,30,69213,卖盘
2505,14:01:13,23.1,0.05,30,69178,买盘
2506,14:01:15,23.05,-0.05,2,4610,卖盘
2507,14:01:18,23.04,-0.01,50,115242,卖盘
2508,14:01:22,23.06,0.02,1,2306,中性盘
2509,14:01:25,23.06,0.0,3,6918,卖盘
2510,14:01:31,23.1,0.04,10,23100,买盘
2511,14:01:34,23.1,0.0,9,20782,买盘
2512,14:01:40,23.18,0.08,161,373127,买盘
2513,14:01:45,23.18,0.0,24,55629,买盘
2514,14:01:51,23.15,-0.03,459,1059957,中性盘
2515,14:01:54,23.17,0.02,24,55629,卖盘
2516,14:01:58,23.13,-0.04,1,2313,买盘
2517,14:02:01,23.13,0.0,20,46260,买盘
2518,14:02:06,23.13,0.0,51,117963,买盘
2519,14:02:10,23.18,0.05,19,43957,买盘
2520,14:02:15,23.13,-0.05,1,2313,卖盘
2521,14:02:21,23.18,0.05,42,97186,买盘
2522,14:02:25,23.18,0.0,20,46330,卖盘
2523,14:02:28,23.16,-0.02,2,4632,卖盘
2524,14:02:34,23.14,-0.02,11,25454,卖盘
2525,14:02:37,23.18,0.04,7,16213,买盘
2526,14:02:40,23.18,0.0,10,23180,买盘
2527,14:02:43,23.18,0.0,169,390781,买盘
2528,14:02:48,23.18,0.0,74,171250,买盘
2529,14:02:52,23.18,0.0,24,55632,买盘
2530,14:02:58,23.1,-0.08,19,43910,卖盘
2531,14:03:00,23.15,0.05,123,284936,买盘
2532,14:03:04,23.1,-0.05,9,20825,卖盘
2533,14:03:07,23.15,0.05,23,53155,买盘
2534,14:03:10,23.15,0.0,3,6945,买盘
2535,14:03:13,23.15,0.0,8,18520,买盘
2536,14:03:16,23.1,-0.05,15,34650,卖盘
2537,14:03:18,23.1,0.0,57,131670,卖盘
2538,14:03:34,23.17,0.07,5,11584,买盘
2539,14:03:37,23.12,-0.05,35,81029,卖盘
2540,14:03:40,23.12,0.0,7,16190,卖盘
2541,14:03:43,23.11,-0.01,1,2311,卖盘
2542,14:03:46,23.12,0.01,7,16184,买盘
2543,14:03:55,23.15,0.03,2,4630,买盘
2544,14:03:57,23.15,0.0,10,23150,买盘
2545,14:04:01,23.15,0.0,12,27778,买盘
2546,14:04:04,23.15,0.0,38,87969,买盘
2547,14:04:07,23.13,-0.02,190,439477,卖盘
2548,14:04:10,23.11,-0.02,48,111072,卖盘
2549,14:04:19,23.15,0.04,2,4628,买盘
2550,14:04:21,23.11,-0.04,5,11559,卖盘
2551,14:04:28,23.14,0.03,6,13884,买盘
2552,14:04:31,23.13,-0.01,5,11559,买盘
2553,14:04:34,23.15,0.02,9,20817,买盘
2554,14:04:37,23.15,0.0,1,2315,买盘
2555,14:04:40,23.14,-0.01,43,99417,买盘
2556,14:04:43,23.14,0.0,4,9253,买盘
2557,14:04:46,23.14,0.0,20,46280,买盘
2558,14:04:54,23.11,-0.03,6,13867,卖盘
2559,14:04:57,23.12,0.01,4,9248,买盘
2560,14:05:01,23.12,0.0,3,6936,买盘
2561,14:05:04,23.12,0.0,4,9243,买盘
2562,14:05:10,23.1,-0.02,1,2310,卖盘
2563,14:05:13,23.1,0.0,30,69300,卖盘
2564,14:05:16,23.11,0.01,16,36966,买盘
2565,14:05:19,23.1,-0.01,62,143221,卖盘
2566,14:05:22,23.1,0.0,29,66962,买盘
2567,14:05:25,23.1,0.0,22,50820,买盘
2568,14:05:28,23.1,0.0,48,110876,买盘
2569,14:05:31,23.1,0.0,3,6930,卖盘
2570,14:05:34,23.1,0.0,102,235620,卖盘
2571,14:05:37,23.1,0.0,17,39270,卖盘
2572,14:05:40,23.1,0.0,61,140910,卖盘
2573,14:05:43,23.1,0.0,33,76230,卖盘
2574,14:05:46,23.11,0.01,19,43909,买盘
2575,14:05:49,23.1,-0.01,217,501395,卖盘
2576,14:05:51,23.1,0.0,1,2310,买盘
2577,14:05:55,23.09,-0.01,35,80840,卖盘
2578,14:05:58,23.09,0.0,6,13856,买盘
2579,14:06:07,23.09,0.0,14,32327,卖盘
2580,14:06:12,23.09,0.0,10,23090,买盘
2581,14:06:15,23.04,-0.05,347,799989,卖盘
2582,14:06:18,23.04,0.0,201,463106,卖盘
2583,14:06:22,23.07,0.03,2,4614,买盘
2584,14:06:25,23.04,-0.03,3,6912,卖盘
2585,14:06:28,23.04,0.0,3,6912,卖盘
2586,14:06:30,23.04,0.0,23,52992,卖盘
2587,14:06:34,23.04,0.0,22,50709,卖盘
2588,14:06:37,23.04,0.0,49,112896,卖盘
2589,14:06:46,23.04,0.0,1,2304,买盘
2590,14:06:49,23.03,-0.01,9,20729,卖盘
2591,14:06:52,23.03,0.0,7,16121,卖盘
2592,14:06:58,23.0,-0.03,59,135762,卖盘
2593,14:07:01,23.01,0.01,1,2301,买盘
2594,14:07:04,23.0,-0.01,82,188605,卖盘
2595,14:07:07,23.01,0.01,5,11505,买盘
2596,14:07:10,23.0,-0.01,13,29900,卖盘
2597,14:07:13,23.0,0.0,3,6900,卖盘
2598,14:07:16,23.0,0.0,19,43700,卖盘
2599,14:07:22,23.0,0.0,36,82800,买盘
2600,14:07:25,22.94,-0.06,220,505168,卖盘
2601,14:07:30,22.95,0.01,10,22950,卖盘
2602,14:07:37,22.93,-0.02,7,16054,卖盘
2603,14:07:40,22.94,0.01,8,18352,买盘
2604,14:07:43,22.93,-0.01,15,34401,卖盘
2605,14:07:49,22.94,0.01,3,6882,中性盘
2606,14:07:52,22.88,-0.06,101,231370,卖盘
2607,14:07:54,22.95,0.07,7,16065,买盘
2608,14:07:57,22.93,-0.02,9,20637,买盘
2609,14:08:01,22.95,0.02,40,91799,买盘
2610,14:08:04,22.94,-0.01,16,36685,中性盘
2611,14:08:07,22.95,0.01,1,2295,卖盘
2612,14:08:09,22.93,-0.02,50,114726,卖盘
2613,14:08:12,22.99,0.06,12,27588,买盘
2614,14:08:22,22.93,-0.06,1,2293,卖盘
2615,14:08:25,22.93,0.0,26,59618,卖盘
2616,14:08:28,22.93,0.0,3,6879,买盘
2617,14:08:31,22.95,0.02,16,36700,买盘
2618,14:08:34,22.95,0.0,2,4590,买盘
2619,14:08:36,22.95,0.0,10,22950,买盘
2620,14:08:40,22.99,0.04,19,43663,买盘
2621,14:08:45,22.95,-0.04,11,25245,卖盘
2622,14:08:48,22.95,0.0,2,4590,卖盘
2623,14:08:51,22.96,0.01,4,9184,中性盘
2624,14:08:55,22.93,-0.03,101,231777,卖盘
2625,14:08:58,22.93,0.0,13,29821,卖盘
2626,14:09:00,22.99,0.06,4,9187,买盘
2627,14:09:04,22.99,0.0,1,2299,买盘
2628,14:09:07,22.93,-0.06,5,11466,卖盘
2629,14:09:10,22.98,0.05,3,6894,中性盘
2630,14:09:13,22.98,0.0,1,2298,买盘
2631,14:09:15,22.99,0.01,10,22989,买盘
2632,14:09:22,22.96,-0.03,23,52844,卖盘
2633,14:09:24,22.96,0.0,1,2296,买盘
2634,14:09:28,22.98,0.02,10,22980,买盘
2635,14:09:36,22.98,0.0,11,25278,买盘
2636,14:09:43,22.99,0.01,14,32186,买盘
2637,14:09:46,22.99,0.0,37,85063,买盘
2638,14:09:49,22.99,0.0,4,9196,买盘
2639,14:09:55,22.99,0.0,41,94292,卖盘
2640,14:09:58,23.0,0.01,6,13800,买盘
2641,14:10:00,23.0,0.0,4,9200,买盘
2642,14:10:04,23.0,0.0,105,241241,买盘
2643,14:10:07,23.0,0.0,5,11497,买盘
2644,14:10:10,22.99,-0.01,1,2299,买盘
2645,14:10:13,23.0,0.01,25,58649,买盘
2646,14:10:16,23.0,0.0,1,2300,卖盘
2647,14:10:22,23.01,0.01,10,21850,买盘
2648,14:10:25,22.99,-0.02,10,22990,卖盘
2649,14:10:28,23.0,0.01,12,27605,买盘
2650,14:10:31,23.01,0.01,54,124252,买盘
2651,14:10:34,23.01,0.0,1,2301,买盘
2652,14:10:36,23.01,0.0,20,46020,卖盘
2653,14:10:40,23.01,0.0,1,2301,卖盘
2654,14:10:42,23.01,0.0,6,13811,卖盘
2655,14:10:45,23.02,0.01,22,50654,买盘
2656,14:10:52,23.02,0.0,11,25322,买盘
2657,14:10:55,23.03,0.01,95,218779,买盘
2658,14:10:58,23.02,-0.01,2,4604,卖盘
2659,14:11:01,23.04,0.02,7,16124,买盘
2660,14:11:07,23.06,0.02,12,27660,买盘
2661,14:11:09,23.06,0.0,5,11530,卖盘
2662,14:11:12,23.04,-0.02,16,36864,买盘
2663,14:11:16,23.04,0.0,5,11520,买盘
2664,14:11:19,23.04,0.0,30,69119,买盘
2665,14:11:22,23.03,-0.01,30,69100,卖盘
2666,14:11:25,23.04,0.01,32,73728,买盘
2667,14:11:28,23.04,0.0,3,6912,买盘
2668,14:11:31,23.07,0.03,14,32259,买盘
2669,14:11:36,23.04,-0.03,2,4608,卖盘
2670,14:11:40,23.04,0.0,77,177463,卖盘
2671,14:11:46,23.03,-0.01,11,25339,卖盘
2672,14:11:49,23.04,0.01,49,112896,买盘
2673,14:11:52,23.04,0.0,10,23040,卖盘
2674,14:11:58,23.04,0.0,10,23040,卖盘
2675,14:12:01,23.05,0.01,6,13830,中性盘
2676,14:12:07,23.04,-0.01,151,347904,卖盘
2677,14:12:10,23.05,0.01,6,13828,买盘
2678,14:12:12,23.05,0.0,3,6915,卖盘
2679,14:12:19,23.05,0.0,3,6915,卖盘
2680,14:12:28,23.05,0.0,1,2305,买盘
2681,14:12:31,23.05,0.0,1,2305,买盘
2682,14:12:34,23.04,-0.01,21,48400,卖盘
2683,14:12:36,23.04,0.0,1,2304,买盘
2684,14:12:40,23.03,-0.01,7,16123,卖盘
2685,14:12:43,23.04,0.01,41,94470,买盘
2686,14:12:45,23.06,0.02,21,48419,买盘
2687,14:12:49,23.05,-0.01,2,4610,卖盘
2688,14:12:51,23.05,0.0,1,2305,中性盘
2689,14:12:54,23.05,0.0,1,2305,卖盘
2690,14:12:57,23.06,0.01,1,2306,买盘
2691,14:13:01,23.05,-0.01,1,2305,卖盘
2692,14:13:04,23.04,-0.01,21,48384,卖盘
2693,14:13:07,23.04,0.0,30,69120,买盘
2694,14:13:10,23.03,-0.01,13,29942,卖盘
2695,14:13:13,23.03,0.0,27,62186,卖盘
2696,14:13:16,23.04,0.01,106,244224,买盘
2697,14:13:19,23.0,-0.04,105,241666,卖盘
2698,14:13:22,23.03,0.03,2,4606,买盘
2699,14:13:27,23.0,-0.03,62,142612,卖盘
2700,14:13:30,23.0,0.0,51,117300,买盘
2701,14:13:40,22.99,-0.01,27,62073,卖盘
2702,14:13:43,22.99,0.0,7,16093,卖盘
2703,14:13:49,22.98,-0.01,22,50582,卖盘
2704,14:13:54,22.96,-0.02,13,29854,卖盘
2705,14:13:57,22.92,-0.04,60,137655,卖盘
2706,14:14:07,22.92,0.0,8,18336,卖盘
2707,14:14:10,22.92,0.0,14,32112,卖盘
2708,14:14:13,22.92,0.0,13,29796,买盘
2709,14:14:19,22.93,0.01,10,22932,卖盘
2710,14:14:22,22.97,0.04,29,66495,买盘
2711,14:14:33,22.92,-0.05,32,74514,卖盘
2712,14:14:37,22.97,0.05,5,11481,买盘
2713,14:14:39,22.93,-0.04,42,96294,买盘
2714,14:14:43,22.92,-0.01,15,34385,卖盘
2715,14:14:46,22.93,0.01,1,2293,卖盘
2716,14:14:49,22.93,0.0,1,2293,卖盘
2717,14:14:55,22.95,0.02,2,4590,卖盘
2718,14:14:58,22.95,0.0,3,6885,卖盘
2719,14:15:01,22.95,0.0,76,174562,卖盘
2720,14:15:04,22.95,0.0,32,73440,卖盘
2721,14:15:07,22.97,0.02,20,45935,买盘
2722,14:15:10,22.97,0.0,7,16074,买盘
2723,14:15:13,22.97,0.0,14,32149,买盘
2724,14:15:22,22.96,-0.01,56,128576,卖盘
2725,14:15:24,22.97,0.01,8,18376,买盘
2726,14:15:27,22.97,0.0,29,66613,买盘
2727,14:15:30,22.97,0.0,1,2297,卖盘
2728,14:15:34,22.97,0.0,17,39049,卖盘
2729,14:15:36,22.97,0.0,103,236771,卖盘
2730,14:15:40,22.97,0.0,4,9188,卖盘
2731,14:15:43,22.99,0.02,35,80465,买盘
2732,14:15:45,23.0,0.01,50,114992,买盘
2733,14:15:49,23.0,0.0,1,2300,买盘
2734,14:15:52,22.99,-0.01,1,2299,卖盘
2735,14:15:55,23.0,0.01,17,39100,买盘
2736,14:15:58,23.03,0.03,5,11515,买盘
2737,14:16:04,22.98,-0.05,52,119609,卖盘
2738,14:16:07,22.98,0.0,22,50556,买盘
2739,14:16:13,22.97,-0.01,38,87321,卖盘
2740,14:16:16,22.98,0.01,28,64344,买盘
2741,14:16:19,22.97,-0.01,30,68910,卖盘
2742,14:16:22,22.97,0.0,12,27571,卖盘
2743,14:16:27,22.97,0.0,5,11485,买盘
2744,14:16:33,22.95,-0.02,50,114762,卖盘
2745,14:16:36,22.97,0.02,13,29860,买盘
2746,14:16:40,22.98,0.01,35,80430,买盘
2747,14:16:42,22.98,0.0,5,11490,卖盘
2748,14:17:01,23.0,0.02,2,4600,买盘
2749,14:17:07,23.0,0.0,79,181697,买盘
2750,14:17:10,23.0,0.0,4,9200,买盘
2751,14:17:12,23.01,0.01,25,57503,买盘
2752,14:17:15,23.02,0.01,1,2302,买盘
2753,14:17:18,23.03,0.01,10,23028,买盘
2754,14:17:25,23.02,-0.01,91,209683,卖盘
2755,14:17:34,23.05,0.03,1,2305,买盘
2756,14:17:37,23.06,0.01,8,18448,买盘
2757,14:17:40,23.06,0.0,21,48426,买盘
2758,14:17:49,23.08,0.02,12,27692,买盘
2759,14:17:52,23.08,0.0,6,13848,卖盘
2760,14:17:55,23.09,0.01,64,147774,买盘
2761,14:17:58,23.09,0.0,38,87733,买盘
2762,14:18:01,23.09,0.0,93,214737,买盘
2763,14:18:04,23.09,0.0,27,62348,卖盘
2764,14:18:06,23.1,0.01,4,9240,买盘
2765,14:18:10,23.1,0.0,12,27720,买盘
2766,14:18:13,23.11,0.01,5,11555,卖盘
2767,14:18:15,23.1,-0.01,23,53134,卖盘
2768,14:18:18,23.14,0.04,5,11562,买盘
2769,14:18:22,23.14,0.0,6,13884,买盘
2770,14:18:27,23.12,-0.02,8,18508,卖盘
2771,14:18:31,23.14,0.02,69,159666,买盘
2772,14:18:34,23.12,-0.02,54,124936,卖盘
2773,14:18:37,23.12,0.0,7,16184,卖盘
2774,14:18:40,23.12,0.0,13,30056,买盘
2775,14:18:43,23.11,-0.01,28,64767,卖盘
