,time,price,change,volume,amount,type
0,09:25:05,7.0,0.03,222,155400,卖盘
1,09:30:01,7.0,0.0,28,19600,卖盘
2,09:30:04,6.97,-0.03,45,31455,中性盘
3,09:30:07,7.0,0.03,132,92338,买盘
4,09:30:28,6.98,-0.02,12,8376,买盘
5,09:30:34,6.98,0.0,4,2792,买盘
6,09:30:46,6.97,-0.01,9,6273,卖盘
7,09:30:57,6.96,-0.01,5,3480,卖盘
8,09:31:04,6.96,0.0,5,3480,买盘
9,09:31:07,6.95,-0.01,20,13900,卖盘
10,09:31:10,6.96,0.01,3,2088,买盘
11,09:31:13,6.98,0.02,44,30664,买盘
12,09:31:24,6.96,-0.02,153,106337,卖盘
13,09:31:28,6.94,-0.02,15,10410,买盘
14,09:31:31,6.93,-0.01,69,47817,卖盘
15,09:31:34,6.93,0.0,1,693,卖盘
16,09:31:40,6.94,0.01,3,2082,买盘
17,09:31:43,6.94,0.0,27,18738,买盘
18,09:31:46,6.93,-0.01,152,105373,卖盘
19,09:31:49,6.93,0.0,50,34650,买盘
20,09:31:54,6.91,-0.02,15,10371,卖盘
21,09:31:57,6.93,0.02,2,1386,买盘
22,09:32:01,6.93,0.0,102,70686,买盘
23,09:32:05,6.91,-0.02,23,15899,卖盘
24,09:32:06,6.93,0.02,3,2079,买盘
25,09:32:10,6.93,0.0,8,5544,买盘
26,09:32:12,6.92,-0.01,50,34625,卖盘
27,09:32:15,6.93,0.01,7,4851,中性盘
28,09:32:18,6.91,-0.02,45,31121,卖盘
29,09:32:25,6.93,0.02,3,2079,买盘
30,09:32:27,6.93,0.0,1,693,买盘
31,09:32:30,6.93,0.0,35,24201,买盘
32,09:32:34,6.93,0.0,2,1386,买盘
33,09:32:40,6.9,-0.03,62,42816,卖盘
34,09:32:45,6.91,0.01,300,207585,卖盘
35,09:32:48,6.96,0.05,33,22936,买盘
36,09:32:57,6.96,0.0,40,27840,卖盘
37,09:33:13,6.97,0.01,30,20910,买盘
38,09:33:15,6.96,-0.01,22,15312,卖盘
39,09:33:18,6.96,0.0,29,20184,卖盘
40,09:33:22,6.96,0.0,1,696,买盘
41,09:33:37,6.96,0.0,1,696,买盘
42,09:33:40,6.96,0.0,1,696,买盘
43,09:33:42,6.96,0.0,3,2088,买盘
44,09:33:52,6.98,0.02,50,34895,买盘
45,09:33:55,6.97,-0.01,5,3485,买盘
46,09:34:01,6.97,0.0,17,11842,买盘
47,09:34:06,6.96,-0.01,8,5568,卖盘
48,09:34:10,6.96,0.0,4,2784,卖盘
49,09:34:16,6.97,0.01,3,2091,买盘
50,09:34:19,6.97,0.0,18,12546,买盘
51,09:34:22,6.97,0.0,13,9061,卖盘
52,09:34:24,6.98,0.01,121,84388,买盘
53,09:34:28,6.97,-0.01,12,8364,卖盘
54,09:34:31,6.97,0.0,100,69700,卖盘
55,09:34:37,6.98,0.01,37,25791,买盘
56,09:34:42,6.98,0.0,3,2094,卖盘
57,09:34:46,6.98,0.0,2,1396,卖盘
58,09:34:49,6.98,0.0,5,3490,卖盘
59,09:34:55,6.98,0.0,50,34946,卖盘
60,09:34:57,6.99,0.01,5,3495,买盘
61,09:35:04,6.99,0.0,3,2097,中性盘
62,09:35:06,6.98,-0.01,88,61424,卖盘
63,09:35:13,6.95,-0.03,48,33399,卖盘
64,09:35:16,6.98,0.03,3,2094,中性盘
65,09:35:31,6.95,-0.03,6,4170,卖盘
66,09:35:34,6.92,-0.03,262,181568,卖盘
67,09:35:37,6.92,0.0,38,26296,买盘
68,09:35:39,6.93,0.01,2,1389,中性盘
69,09:35:45,6.96,0.03,5,3480,买盘
70,09:35:58,6.97,0.01,12,8364,买盘
71,09:36:06,6.97,0.0,3,2091,买盘
72,09:36:24,6.97,0.0,3,2091,买盘
73,09:36:28,6.96,-0.01,5,3480,卖盘
74,09:36:31,6.96,0.0,183,127368,卖盘
75,09:36:39,6.95,-0.01,6,4170,卖盘
76,09:36:52,6.95,0.0,53,36828,买盘
77,09:37:04,6.95,0.0,29,20155,卖盘
78,09:37:10,6.95,0.0,4,2780,买盘
79,09:37:18,6.94,-0.01,1,694,卖盘
80,09:37:40,6.95,0.01,1,695,买盘
81,09:37:42,6.95,0.0,1,695,买盘
82,09:37:48,6.95,0.0,2,1390,卖盘
83,09:37:54,6.92,-0.03,267,184951,卖盘
84,09:38:01,6.92,0.0,37,25604,买盘
85,09:38:04,6.92,0.0,11,7612,买盘
86,09:38:06,6.92,0.0,17,11764,买盘
87,09:38:10,6.92,0.0,38,26296,买盘
88,09:38:12,6.92,0.0,19,13148,买盘
89,09:38:15,6.92,0.0,14,9688,买盘
90,09:38:19,6.92,0.0,28,19376,买盘
91,09:38:21,6.9,-0.02,392,270998,卖盘
92,09:38:24,6.93,0.03,3,2079,卖盘
93,09:38:39,6.92,-0.01,83,57446,卖盘
94,09:38:51,6.93,0.01,9,6229,中性盘
95,09:38:57,6.93,0.0,1,693,买盘
96,09:39:07,6.93,0.0,3,2079,卖盘
97,09:39:10,6.93,0.0,7,4851,卖盘
98,09:39:12,6.94,0.01,6,4164,买盘
99,09:39:15,6.93,-0.01,14,9702,卖盘
100,09:39:21,6.94,0.01,3,2082,买盘
101,09:39:28,6.94,0.0,5,3470,买盘
102,09:39:31,6.92,-0.02,45,31143,卖盘
103,09:39:43,6.91,-0.01,7,4837,卖盘
104,09:39:46,6.91,0.0,110,76010,卖盘
105,09:39:48,6.9,-0.01,105,72603,卖盘
106,09:39:51,6.91,0.01,3,2073,买盘
107,09:39:54,6.9,-0.01,58,40020,卖盘
108,09:40:00,6.91,0.01,21,14494,买盘
109,09:40:04,6.9,-0.01,118,81420,卖盘
110,09:40:07,6.89,-0.01,18,12402,卖盘
111,09:40:10,6.89,0.0,54,37206,卖盘
112,09:40:13,6.89,0.0,48,33072,卖盘
113,09:40:16,6.89,0.0,102,70278,卖盘
114,09:40:19,6.88,-0.01,10,6880,卖盘
115,09:40:28,6.9,0.02,102,70327,买盘
116,09:40:31,6.88,-0.02,34,23392,卖盘
117,09:40:34,6.88,0.0,20,13760,卖盘
118,09:40:37,6.88,0.0,7,4816,买盘
119,09:40:40,6.88,0.0,27,18576,卖盘
120,09:40:43,6.88,0.0,6,4128,买盘
121,09:40:45,6.87,-0.01,26,17868,卖盘
122,09:40:49,6.88,0.01,69,47472,买盘
123,09:40:52,6.89,0.01,7,4823,买盘
124,09:40:55,6.89,0.0,10,6883,买盘
125,09:40:58,6.88,-0.01,15,10321,卖盘
126,09:41:01,6.88,0.0,45,30960,卖盘
127,09:41:16,6.89,0.01,3,2067,买盘
128,09:41:22,6.89,0.0,30,20670,卖盘
129,09:41:25,6.89,0.0,20,13780,卖盘
130,09:41:30,6.89,0.0,4,2756,卖盘
131,09:41:33,6.89,0.0,80,55120,买盘
132,09:41:36,6.89,0.0,1,689,买盘
133,09:41:40,6.89,0.0,10,6890,买盘
134,09:41:43,6.89,0.0,8,5512,买盘
135,09:41:49,6.89,0.0,10,6890,卖盘
136,09:41:55,6.89,0.0,19,13093,卖盘
137,09:41:58,6.9,0.01,8,5520,买盘
138,09:42:10,6.9,0.0,34,23460,买盘
139,09:42:15,6.9,0.0,5,3450,买盘
140,09:42:22,6.9,0.0,3,2070,买盘
141,09:42:25,6.89,-0.01,17,11725,卖盘
142,09:42:27,6.9,0.01,17,11730,买盘
143,09:42:31,6.9,0.0,183,126143,买盘
144,09:42:37,6.9,0.0,10,6900,买盘
145,09:42:40,6.9,0.0,6,4140,买盘
146,09:42:55,6.9,0.0,11,7590,卖盘
147,09:42:57,6.91,0.01,100,69100,买盘
148,09:43:01,6.89,-0.02,107,73796,卖盘
149,09:43:07,6.92,0.03,11,7612,买盘
150,09:43:10,6.92,0.0,2,1384,买盘
151,09:43:12,6.91,-0.01,20,13820,卖盘
152,09:43:15,6.91,0.0,2,1382,买盘
153,09:43:33,6.91,0.0,11,7601,买盘
154,09:43:36,6.91,0.0,56,38696,买盘
155,09:43:42,6.91,0.0,9,6219,卖盘
156,09:43:54,6.91,0.0,141,97434,卖盘
157,09:44:06,6.91,0.0,24,16584,买盘
158,09:44:18,6.91,0.0,13,8983,卖盘
159,09:44:22,6.92,0.01,3,2076,买盘
160,09:44:25,6.91,-0.01,21,14511,卖盘
161,09:44:34,6.92,0.01,6,4152,买盘
162,09:44:40,6.92,0.0,5,3460,买盘
163,09:44:42,6.92,0.0,3,2076,买盘
164,09:44:54,6.92,0.0,3,2076,买盘
165,09:45:00,6.91,-0.01,20,13820,卖盘
166,09:45:21,6.92,0.01,10,6920,买盘
167,09:45:28,6.91,-0.01,63,43533,卖盘
168,09:45:43,6.92,0.01,8,5536,买盘
169,09:45:46,6.92,0.0,3,2076,买盘
170,09:45:48,6.92,0.0,98,67816,买盘
171,09:45:51,6.92,0.0,1,692,买盘
172,09:45:55,6.92,0.0,17,11764,买盘
173,09:46:06,6.92,0.0,18,12458,卖盘
174,09:46:13,6.92,0.0,5,3460,买盘
175,09:46:16,6.92,0.0,4,2768,买盘
176,09:46:19,6.91,-0.01,4,2764,卖盘
177,09:46:24,6.91,0.0,10,6916,卖盘
178,09:46:37,6.94,0.03,3,2082,买盘
179,09:46:43,6.92,-0.02,3,2076,中性盘
180,09:47:01,6.93,0.01,4,2772,买盘
181,09:47:04,6.93,0.0,6,4158,卖盘
182,09:47:21,6.94,0.01,7,4858,买盘
183,09:47:42,6.94,0.0,28,19432,买盘
184,09:47:52,6.95,0.01,30,20850,买盘
185,09:48:04,6.95,0.0,32,22240,买盘
186,09:48:06,6.94,-0.01,3,2082,卖盘
187,09:48:22,6.94,0.0,6,4164,买盘
188,09:48:25,6.93,-0.01,30,20790,卖盘
189,09:48:28,6.93,0.0,1,693,卖盘
190,09:48:33,6.93,0.0,29,20097,卖盘
191,09:48:40,6.93,0.0,1,693,买盘
192,09:48:45,6.93,0.0,18,12474,卖盘
193,09:48:55,6.93,0.0,3,2079,买盘
194,09:49:19,6.92,-0.01,140,96880,卖盘
195,09:49:28,6.92,0.0,3,2076,买盘
196,09:49:31,6.91,-0.01,51,35241,卖盘
197,09:49:33,6.92,0.01,6,4152,买盘
198,09:49:36,6.91,-0.01,28,19348,卖盘
199,09:49:52,6.91,0.0,42,29022,卖盘
200,09:49:54,6.91,0.0,3,2073,卖盘
201,09:50:00,6.91,0.0,1,691,买盘
202,09:50:06,6.9,-0.01,5,3452,卖盘
203,09:50:18,6.91,0.01,38,26258,卖盘
204,09:50:22,6.91,0.0,14,9674,卖盘
205,09:50:45,6.91,0.0,7,4837,卖盘
206,09:51:07,6.92,0.01,4,2768,买盘
207,09:51:12,6.91,-0.01,5,3455,卖盘
208,09:51:18,6.92,0.01,6,4152,买盘
209,09:51:33,6.92,0.0,3,2076,买盘
210,09:51:43,6.9,-0.02,48,33162,卖盘
211,09:51:48,6.9,0.0,1,690,卖盘
212,09:51:55,6.91,0.01,15,10365,买盘
213,09:51:58,6.9,-0.01,1,690,卖盘
214,09:52:04,6.91,0.01,20,13820,买盘
215,09:52:07,6.91,0.0,6,4146,买盘
216,09:52:39,6.91,0.0,3,2073,买盘
217,09:53:00,6.91,0.0,65,44915,买盘
218,09:53:33,6.91,0.0,37,25567,卖盘
219,09:53:49,6.91,0.0,13,8986,卖盘
220,09:54:00,6.91,0.0,1,691,卖盘
221,09:54:06,6.92,0.01,19,13148,买盘
222,09:54:09,6.93,0.01,45,31144,买盘
223,09:54:15,6.91,-0.02,4,2770,卖盘
224,09:54:19,6.91,0.0,18,12438,卖盘
225,09:54:39,6.93,0.02,100,69300,买盘
226,09:54:45,6.93,0.0,7,4851,买盘
227,09:55:18,6.93,0.0,3,2079,买盘
228,09:55:27,6.93,0.0,42,29106,买盘
229,09:55:33,6.93,0.0,2,1386,买盘
230,09:55:51,6.93,0.0,3,2079,买盘
231,09:56:18,6.93,0.0,37,25641,买盘
232,09:56:21,6.93,0.0,3,2079,买盘
233,09:56:43,6.92,-0.01,2,1384,卖盘
234,09:56:57,6.92,0.0,20,13840,卖盘
235,09:57:19,6.93,0.01,1,693,买盘
236,09:57:22,6.93,0.0,1,693,买盘
237,09:57:27,6.93,0.0,3,2079,买盘
238,09:57:30,6.93,0.0,2,1386,买盘
239,09:57:57,6.92,-0.01,2,1385,卖盘
240,09:58:00,6.93,0.01,3,2079,卖盘
241,09:58:16,6.94,0.01,60,41640,买盘
242,09:58:25,6.95,0.01,24,16675,买盘
243,09:58:31,6.95,0.0,11,7645,买盘
244,09:58:43,6.95,0.0,2,1390,买盘
245,09:58:57,6.94,-0.01,2,1388,买盘
246,09:59:00,6.94,0.0,2,1388,卖盘
247,09:59:07,6.94,0.0,10,6940,卖盘
248,09:59:12,6.95,0.01,15,10422,买盘
249,09:59:33,6.94,-0.01,3,2082,买盘
250,09:59:58,6.93,-0.01,13,9009,卖盘
251,10:00:06,6.93,0.0,8,5544,买盘
252,10:00:39,6.93,0.0,3,2079,买盘
253,10:00:42,6.93,0.0,6,4158,买盘
254,10:00:45,6.93,0.0,3,2079,买盘
255,10:00:48,6.93,0.0,2,1386,买盘
256,10:00:54,6.93,0.0,2,1386,买盘
257,10:00:57,6.93,0.0,3,2079,买盘
258,10:01:00,6.93,0.0,3,2079,买盘
259,10:01:04,6.93,0.0,33,22869,买盘
260,10:01:09,6.94,0.01,1,694,买盘
261,10:01:12,6.94,0.0,1,694,买盘
262,10:01:16,6.93,-0.01,34,23562,卖盘
263,10:01:18,6.93,0.0,1,693,买盘
264,10:01:31,6.93,0.0,21,14535,买盘
265,10:02:07,6.92,-0.01,2,1384,卖盘
266,10:02:36,6.92,0.0,14,9688,卖盘
267,10:02:42,6.93,0.01,33,22869,买盘
268,10:03:00,6.93,0.0,8,5543,买盘
269,10:03:06,6.93,0.0,27,18711,买盘
270,10:03:10,6.93,0.0,34,23562,买盘
271,10:03:27,6.93,0.0,9,6237,卖盘
272,10:03:30,6.93,0.0,19,13167,卖盘
273,10:03:45,6.94,0.01,28,19432,买盘
274,10:04:10,6.93,-0.01,1,693,卖盘
275,10:04:12,6.93,0.0,4,2772,卖盘
276,10:04:27,6.93,0.0,22,15246,买盘
277,10:04:51,6.93,0.0,5,3465,买盘
278,10:04:54,6.93,0.0,32,22176,买盘
279,10:05:04,6.93,0.0,12,8316,卖盘
280,10:05:06,6.93,0.0,4,2772,卖盘
281,10:05:09,6.93,0.0,2,1386,卖盘
282,10:05:12,6.93,0.0,4,2772,买盘
283,10:05:15,6.93,0.0,18,12474,买盘
284,10:05:18,6.93,0.0,3,2079,买盘
285,10:06:00,6.94,0.01,107,74153,买盘
286,10:06:21,6.93,-0.01,3,2079,卖盘
287,10:06:30,6.94,0.01,3,2082,买盘
288,10:06:52,6.93,-0.01,9,6237,卖盘
289,10:07:04,6.94,0.01,82,56868,买盘
290,10:07:12,6.94,0.0,27,18738,卖盘
291,10:07:45,6.93,-0.01,55,38115,卖盘
292,10:07:48,6.94,0.01,1,694,买盘
293,10:08:10,6.94,0.0,18,12492,买盘
294,10:08:18,6.94,0.0,10,6940,买盘
295,10:08:21,6.94,0.0,15,10410,买盘
296,10:08:24,6.94,0.0,1,694,买盘
297,10:08:31,6.94,0.0,15,10410,买盘
298,10:08:33,6.94,0.0,1,694,买盘
299,10:08:36,6.94,0.0,1,694,买盘
300,10:08:39,6.94,0.0,1,694,买盘
301,10:08:42,6.94,0.0,1,694,买盘
302,10:08:48,6.94,0.0,1,694,卖盘
303,10:09:01,6.92,-0.02,138,95501,卖盘
304,10:09:04,6.93,0.01,41,28413,买盘
305,10:09:06,6.93,0.0,2,1386,买盘
306,10:09:09,6.92,-0.01,5,3462,卖盘
307,10:09:33,6.92,0.0,101,69892,卖盘
308,10:09:48,6.92,0.0,9,6228,卖盘
309,10:09:57,6.92,0.0,29,20068,卖盘
310,10:10:15,6.92,0.0,48,33229,卖盘
311,10:10:42,6.92,0.0,18,12473,卖盘
312,10:11:06,6.92,0.0,5,3460,卖盘
313,10:11:16,6.92,0.0,24,16608,卖盘
314,10:11:21,6.92,0.0,5,3460,卖盘
315,10:11:24,6.92,0.0,280,193760,卖盘
316,10:11:27,6.91,-0.01,39,26949,卖盘
317,10:11:48,6.91,0.0,90,62190,卖盘
318,10:11:55,6.91,0.0,10,6910,卖盘
319,10:12:04,6.91,0.0,15,10365,买盘
320,10:12:16,6.9,-0.01,5,3450,卖盘
321,10:12:28,6.9,0.0,80,55210,卖盘
322,10:12:51,6.89,-0.01,336,231785,卖盘
323,10:12:55,6.89,0.0,65,44785,卖盘
324,10:12:58,6.89,0.0,147,101283,卖盘
325,10:13:06,6.87,-0.02,205,140985,卖盘
326,10:13:12,6.87,0.0,95,65274,卖盘
327,10:13:19,6.87,0.0,22,15114,卖盘
328,10:13:22,6.87,0.0,2,1374,买盘
329,10:13:25,6.86,-0.01,409,280578,卖盘
330,10:13:28,6.87,0.01,1,687,中性盘
331,10:13:39,6.88,0.01,95,65271,买盘
332,10:13:49,6.88,0.0,1,688,卖盘
333,10:14:00,6.87,-0.01,29,19923,卖盘
334,10:14:07,6.88,0.01,4,2752,买盘
335,10:14:18,6.88,0.0,84,57802,卖盘
336,10:14:21,6.89,0.01,11,7578,买盘
337,10:14:27,6.89,0.0,29,19981,买盘
338,10:14:45,6.9,0.01,31,21373,买盘
339,10:14:58,6.89,-0.01,2,1378,卖盘
340,10:15:00,6.89,0.0,4,2756,卖盘
341,10:15:07,6.88,-0.01,7,4816,卖盘
342,10:15:18,6.88,0.0,79,54352,卖盘
343,10:15:27,6.87,-0.01,11,7557,卖盘
344,10:15:33,6.87,0.0,75,51525,卖盘
345,10:15:36,6.87,0.0,30,20610,买盘
346,10:15:39,6.87,0.0,7,4809,买盘
347,10:15:42,6.86,-0.01,43,29510,卖盘
348,10:15:45,6.87,0.01,32,21954,买盘
349,10:15:51,6.85,-0.02,241,165180,卖盘
350,10:15:54,6.85,0.0,34,23290,卖盘
351,10:15:57,6.86,0.01,87,59584,买盘
352,10:16:00,6.86,0.0,50,34296,买盘
353,10:16:09,6.84,-0.02,29,19836,卖盘
354,10:16:18,6.84,0.0,21,14364,卖盘
355,10:16:21,6.83,-0.01,1,683,卖盘
356,10:16:27,6.83,0.0,10,6830,卖盘
357,10:16:30,6.83,0.0,70,47810,卖盘
358,10:16:33,6.83,0.0,148,101184,中性盘
359,10:16:36,6.83,0.0,37,25271,买盘
360,10:16:39,6.83,0.0,30,20470,买盘
361,10:16:43,6.8,-0.03,405,275646,卖盘
362,10:16:48,6.82,0.02,2,1364,买盘
363,10:16:51,6.81,-0.01,50,34050,卖盘
364,10:16:54,6.81,0.0,22,14963,买盘
365,10:16:57,6.81,0.0,14,9525,买盘
366,10:17:00,6.8,-0.01,11,7480,卖盘
367,10:17:04,6.81,0.01,32,21779,买盘
368,10:17:06,6.81,0.0,4,2724,卖盘
369,10:17:12,6.82,0.01,20,13640,买盘
370,10:17:15,6.81,-0.01,15,10215,卖盘
371,10:17:18,6.82,0.01,28,19083,买盘
372,10:17:25,6.83,0.01,36,24587,买盘
373,10:17:27,6.83,0.0,130,88790,买盘
374,10:17:30,6.83,0.0,65,44395,买盘
375,10:17:33,6.83,0.0,56,38248,买盘
376,10:17:36,6.82,-0.01,169,115426,卖盘
377,10:17:39,6.83,0.01,133,90839,买盘
378,10:17:42,6.83,0.0,173,118159,买盘
379,10:17:46,6.83,0.0,62,42346,买盘
380,10:17:48,6.83,0.0,36,24588,买盘
381,10:17:51,6.83,0.0,26,17758,买盘
382,10:17:55,6.83,0.0,66,45078,买盘
383,10:17:57,6.86,0.03,2,1372,买盘
384,10:18:00,6.84,-0.02,14,9582,卖盘
385,10:18:10,6.86,0.02,33,22592,买盘
386,10:18:13,6.86,0.0,2,1372,买盘
387,10:18:21,6.85,-0.01,1,685,买盘
388,10:18:24,6.85,0.0,4,2740,买盘
389,10:18:27,6.83,-0.02,119,81584,卖盘
390,10:18:30,6.83,0.0,18,12304,卖盘
391,10:18:33,6.85,0.02,1,685,买盘
392,10:18:37,6.85,0.0,9,6165,买盘
393,10:18:42,6.85,0.0,7,4795,卖盘
394,10:19:00,6.84,-0.01,3,2052,买盘
395,10:19:03,6.84,0.0,3,2052,买盘
396,10:19:06,6.84,0.0,3,2052,买盘
397,10:19:09,6.83,-0.01,34,23226,卖盘
398,10:19:12,6.84,0.01,2,1368,买盘
399,10:19:15,6.84,0.0,3,2052,买盘
400,10:19:18,6.84,0.0,14,9576,买盘
401,10:19:21,6.83,-0.01,31,21201,卖盘
402,10:19:28,6.85,0.02,1,685,买盘
403,10:19:30,6.85,0.0,41,28100,买盘
404,10:19:36,6.84,-0.01,3,2052,卖盘
405,10:19:51,6.85,0.01,3,2055,卖盘
406,10:19:57,6.85,0.0,2,1370,中性盘
407,10:20:04,6.85,0.0,8,5480,卖盘
408,10:20:06,6.85,0.0,4,2740,买盘
409,10:20:12,6.85,0.0,13,8905,买盘
410,10:20:16,6.85,0.0,10,6850,卖盘
411,10:20:42,6.86,0.01,15,10280,买盘
412,10:20:48,6.86,0.0,21,14406,买盘
413,10:21:06,6.86,0.0,23,15772,买盘
414,10:21:09,6.85,-0.01,1,685,卖盘
415,10:21:15,6.86,0.01,51,34986,买盘
416,10:21:19,6.85,-0.01,20,13700,卖盘
417,10:21:22,6.89,0.04,43,29544,买盘
418,10:21:30,6.85,-0.04,1,685,卖盘
419,10:21:36,6.86,0.01,17,11661,买盘
420,10:21:40,6.86,0.0,2,1372,卖盘
421,10:21:57,6.86,0.0,11,7546,卖盘
422,10:22:01,6.85,-0.01,70,47950,卖盘
423,10:22:06,6.85,0.0,39,26733,卖盘
424,10:22:15,6.85,0.0,20,13700,卖盘
425,10:22:21,6.85,0.0,29,19865,卖盘
426,10:22:48,6.85,0.0,8,5480,卖盘
427,10:22:58,6.86,0.01,2,1372,买盘
428,10:23:00,6.86,0.0,1,686,买盘
429,10:23:04,6.86,0.0,1,686,买盘
430,10:23:06,6.86,0.0,4,2744,买盘
431,10:23:10,6.86,0.0,1,686,买盘
432,10:23:12,6.85,-0.01,132,90420,卖盘
433,10:23:21,6.85,0.0,249,170565,买盘
434,10:23:30,6.85,0.0,1,685,买盘
435,10:23:33,6.85,0.0,1,685,买盘
436,10:23:48,6.86,0.01,1,686,买盘
437,10:23:51,6.86,0.0,1,686,买盘
438,10:23:54,6.86,0.0,4,2744,买盘
439,10:23:57,6.85,-0.01,103,70558,卖盘
440,10:24:09,6.85,0.0,26,17810,卖盘
441,10:24:12,6.86,0.01,15,10277,买盘
442,10:24:15,6.85,-0.01,76,52110,卖盘
443,10:24:19,6.85,0.0,5,3425,买盘
444,10:24:22,6.85,0.0,3,2055,买盘
445,10:24:25,6.85,0.0,72,49320,买盘
446,10:24:27,6.85,0.0,5,3425,买盘
447,10:24:31,6.85,0.0,4,2740,买盘
448,10:24:33,6.85,0.0,7,4795,买盘
449,10:24:36,6.85,0.0,54,36990,买盘
450,10:24:39,6.84,-0.01,7,4793,卖盘
451,10:24:43,6.85,0.01,4,2740,买盘
452,10:24:45,6.85,0.0,3,2055,买盘
453,10:24:48,6.85,0.0,4,2740,买盘
454,10:24:51,6.85,0.0,2,1370,买盘
455,10:24:54,6.85,0.0,1,685,买盘
456,10:24:57,6.85,0.0,1,685,买盘
457,10:25:01,6.85,0.0,40,27361,买盘
458,10:25:04,6.85,0.0,1,685,买盘
459,10:25:07,6.85,0.0,1,685,买盘
460,10:25:09,6.85,0.0,1,685,买盘
461,10:25:12,6.85,0.0,11,7535,买盘
462,10:25:21,6.84,-0.01,1,684,卖盘
463,10:25:24,6.85,0.01,1,685,中性盘
464,10:25:33,6.85,0.0,4,2740,卖盘
465,10:26:06,6.85,0.0,1,685,卖盘
466,10:26:12,6.86,0.01,42,28812,买盘
467,10:26:27,6.82,-0.04,265,181097,卖盘
468,10:26:31,6.82,0.0,35,23870,买盘
469,10:26:42,6.83,0.01,10,6830,卖盘
470,10:26:45,6.83,0.0,8,5464,买盘
471,10:26:48,6.83,0.0,81,55323,买盘
472,10:27:00,6.87,0.04,43,29538,买盘
473,10:27:12,6.85,-0.02,1,685,买盘
474,10:27:15,6.85,0.0,1,685,买盘
475,10:27:18,6.85,0.0,1,685,买盘
476,10:27:21,6.85,0.0,1,685,买盘
477,10:27:31,6.85,0.0,1,685,买盘
478,10:27:33,6.85,0.0,1,685,买盘
479,10:27:37,6.85,0.0,1,685,买盘
480,10:27:39,6.85,0.0,1,685,买盘
481,10:27:42,6.85,0.0,21,14385,买盘
482,10:27:45,6.85,0.0,1,685,买盘
483,10:27:48,6.85,0.0,1,685,买盘
484,10:27:51,6.85,0.0,1,685,买盘
485,10:27:54,6.85,0.0,6,4110,买盘
486,10:27:57,6.84,-0.01,25,17106,卖盘
487,10:28:00,6.84,0.0,2,1368,买盘
488,10:28:06,6.84,0.0,6,4104,买盘
489,10:28:09,6.84,0.0,1,684,买盘
490,10:28:12,6.84,0.0,1,684,买盘
491,10:28:15,6.84,0.0,1,684,买盘
492,10:28:18,6.84,0.0,1,684,买盘
493,10:28:21,6.84,0.0,1,684,买盘
494,10:28:24,6.84,0.0,8,5472,买盘
495,10:28:30,6.85,0.01,2,1370,买盘
496,10:28:37,6.85,0.0,2,1370,买盘
497,10:28:40,6.85,0.0,139,95139,买盘
498,10:28:43,6.86,0.01,38,26068,买盘
499,10:28:45,6.86,0.0,14,9604,买盘
500,10:28:48,6.86,0.0,79,54194,买盘
501,10:28:51,6.87,0.01,3,2061,买盘
502,10:28:54,6.87,0.0,2,1374,买盘
503,10:29:00,6.87,0.0,5,3435,买盘
504,10:29:07,6.87,0.0,1,687,买盘
505,10:29:09,6.88,0.01,6,4128,买盘
506,10:29:12,6.88,0.0,41,28208,买盘
507,10:29:22,6.89,0.01,5,3445,买盘
508,10:29:27,6.89,0.0,16,11024,买盘
509,10:29:33,6.9,0.01,29,20010,买盘
510,10:29:39,6.91,0.01,102,70482,买盘
511,10:29:42,6.91,0.0,49,33859,卖盘
512,10:30:06,6.91,0.0,236,162991,买盘
513,10:30:25,6.87,-0.04,18,12366,卖盘
514,10:30:27,6.87,0.0,1,687,买盘
515,10:30:30,6.87,0.0,1,687,买盘
516,10:30:33,6.86,-0.01,49,33615,卖盘
517,10:30:36,6.87,0.01,10,6870,买盘
518,10:30:39,6.87,0.0,1,687,买盘
519,10:30:48,6.87,0.0,1,687,买盘
520,10:30:51,6.87,0.0,17,11679,买盘
521,10:30:54,6.87,0.0,1,687,买盘
522,10:30:57,6.87,0.0,11,7557,买盘
523,10:31:00,6.87,0.0,2,1374,买盘
524,10:31:04,6.87,0.0,1,687,买盘
525,10:31:06,6.87,0.0,1,687,买盘
526,10:31:10,6.87,0.0,19,13053,买盘
527,10:31:45,6.88,0.01,1,688,买盘
528,10:31:48,6.88,0.0,1,688,买盘
529,10:32:04,6.89,0.01,13,8957,买盘
530,10:32:06,6.88,-0.01,15,10322,卖盘
531,10:32:09,6.88,0.0,31,21328,买盘
532,10:32:18,6.87,-0.01,1,687,卖盘
533,10:32:24,6.88,0.01,1,688,买盘
534,10:32:27,6.88,0.0,1,688,买盘
535,10:32:39,6.88,0.0,20,13760,买盘
536,10:32:51,6.87,-0.01,2,1374,卖盘
537,10:32:57,6.87,0.0,4,2748,卖盘
538,10:34:36,6.88,0.01,46,31648,买盘
539,10:35:13,6.88,0.0,50,34400,卖盘
540,10:35:39,6.88,0.0,128,88064,卖盘
541,10:35:54,6.87,-0.01,50,34350,卖盘
542,10:35:58,6.87,0.0,3,2061,卖盘
543,10:36:00,6.87,0.0,9,6183,卖盘
544,10:36:33,6.86,-0.01,10,6860,卖盘
545,10:36:43,6.86,0.0,10,6860,卖盘
546,10:36:54,6.86,0.0,33,22638,卖盘
547,10:37:00,6.87,0.01,15,10305,买盘
548,10:37:09,6.86,-0.01,50,34300,卖盘
549,10:37:13,6.86,0.0,46,31556,卖盘
550,10:37:15,6.86,0.0,5,3430,买盘
551,10:37:18,6.85,-0.01,36,24660,卖盘
552,10:37:21,6.85,0.0,51,34935,卖盘
553,10:37:24,6.85,0.0,25,17125,卖盘
554,10:37:42,6.85,0.0,105,71925,卖盘
555,10:38:09,6.85,0.0,1,685,卖盘
556,10:38:34,6.86,0.01,98,67228,买盘
557,10:38:36,6.86,0.0,1,686,买盘
558,10:38:39,6.85,-0.01,26,17810,卖盘
559,10:38:57,6.87,0.02,12,8244,买盘
560,10:39:04,6.87,0.0,2,1374,买盘
561,10:39:07,6.87,0.0,28,19236,买盘
562,10:39:09,6.87,0.0,26,17862,买盘
563,10:39:15,6.86,-0.01,28,19221,卖盘
564,10:39:36,6.86,0.0,8,5488,卖盘
565,10:40:09,6.86,0.0,2,1372,卖盘
566,10:40:21,6.87,0.01,17,11679,买盘
567,10:40:33,6.87,0.0,59,40533,卖盘
568,10:40:45,6.86,-0.01,2,1372,卖盘
569,10:40:57,6.86,0.0,1,686,卖盘
570,10:41:30,6.86,0.0,1,686,卖盘
571,10:41:48,6.86,0.0,15,10290,卖盘
572,10:41:54,6.86,0.0,1,686,卖盘
573,10:42:07,6.86,0.0,43,29498,卖盘
574,10:42:36,6.86,0.0,1,686,卖盘
575,10:43:09,6.86,0.0,1,686,卖盘
576,10:44:15,6.86,0.0,15,10290,卖盘
577,10:44:24,6.86,0.0,16,10976,卖盘
578,10:44:36,6.87,0.01,8,5496,买盘
579,10:44:54,6.87,0.0,3,2061,买盘
580,10:44:57,6.86,-0.01,1,686,卖盘
581,10:45:21,6.86,0.0,10,6860,卖盘
582,10:45:43,6.86,0.0,16,10976,卖盘
583,10:46:04,6.86,0.0,11,7546,卖盘
584,10:46:21,6.85,-0.01,1,685,卖盘
585,10:46:24,6.86,0.01,81,55566,买盘
586,10:46:34,6.87,0.01,12,8244,买盘
587,10:46:37,6.87,0.0,2,1374,买盘
588,10:47:04,6.87,0.0,48,32976,买盘
589,10:48:09,6.88,0.01,8,5504,买盘
590,10:48:36,6.85,-0.03,65,44588,卖盘
591,10:48:54,6.86,0.01,5,3430,卖盘
592,10:49:57,6.85,-0.01,4,2742,卖盘
593,10:50:04,6.87,0.02,7,4809,买盘
594,10:51:09,6.87,0.0,1,687,买盘
595,10:51:18,6.87,0.0,8,5496,卖盘
596,10:51:36,6.87,0.0,2,1375,卖盘
597,10:52:09,6.87,0.0,1,687,买盘
598,10:52:12,6.87,0.0,1,687,买盘
599,10:52:15,6.87,0.0,1,687,买盘
600,10:52:19,6.87,0.0,1,687,买盘
601,10:52:33,6.87,0.0,9,6183,卖盘
602,10:53:00,6.87,0.0,1,687,卖盘
603,10:54:00,6.87,0.0,2,1374,卖盘
604,10:54:06,6.87,0.0,46,31602,卖盘
605,10:54:30,6.86,-0.01,9,6174,卖盘
606,10:54:39,6.86,0.0,1,686,卖盘
607,10:54:48,6.86,0.0,2,1372,卖盘
608,10:54:51,6.86,0.0,9,6174,卖盘
609,10:55:03,6.86,0.0,2,1372,卖盘
610,10:55:34,6.87,0.01,30,20610,买盘
611,10:55:57,6.87,0.0,17,11679,买盘
612,10:56:18,6.86,-0.01,2,1372,卖盘
613,10:56:39,6.86,0.0,5,3430,卖盘
614,10:56:54,6.85,-0.01,48,32919,卖盘
615,10:57:07,6.85,0.0,5,3425,卖盘
616,10:57:15,6.85,0.0,2,1370,卖盘
617,10:57:24,6.86,0.01,12,8232,买盘
618,10:57:36,6.85,-0.01,2,1370,卖盘
619,10:57:39,6.85,0.0,2,1370,卖盘
620,10:57:42,6.85,0.0,30,20550,卖盘
621,10:57:54,6.85,0.0,21,14385,卖盘
622,10:58:15,6.88,0.03,50,34304,买盘
623,10:58:48,6.88,0.0,5,3438,买盘
624,10:59:27,6.87,-0.01,1,687,买盘
625,11:00:12,6.87,0.0,6,4122,卖盘
626,11:00:24,6.87,0.0,2,1374,买盘
627,11:00:54,6.87,0.0,3,2061,卖盘
628,11:01:00,6.86,-0.01,1,686,卖盘
629,11:01:30,6.86,0.0,5,3430,卖盘
630,11:02:03,6.87,0.01,1,687,买盘
631,11:02:09,6.87,0.0,2,1374,买盘
632,11:02:48,6.87,0.0,3,2061,买盘
633,11:02:57,6.87,0.0,10,6870,买盘
634,11:03:04,6.86,-0.01,1,686,卖盘
635,11:03:06,6.87,0.01,5,3435,买盘
636,11:03:45,6.86,-0.01,39,26754,卖盘
637,11:04:12,6.86,0.0,11,7546,卖盘
638,11:05:21,6.86,0.0,27,18522,卖盘
639,11:05:51,6.86,0.0,12,8232,卖盘
640,11:05:57,6.86,0.0,2,1372,卖盘
641,11:06:00,6.86,0.0,109,74774,卖盘
642,11:06:27,6.85,-0.01,1,685,卖盘
643,11:06:30,6.86,0.01,9,6169,买盘
644,11:07:22,6.85,-0.01,3,2056,卖盘
645,11:07:51,6.85,0.0,1,685,卖盘
646,11:08:04,6.86,0.01,10,6860,买盘
647,11:08:27,6.85,-0.01,5,3425,卖盘
648,11:08:33,6.85,0.0,1,685,卖盘
649,11:08:36,6.85,0.0,2,1370,卖盘
650,11:09:03,6.85,0.0,1,685,卖盘
651,11:09:27,6.85,0.0,1,685,卖盘
652,11:09:31,6.85,0.0,11,7535,卖盘
653,11:09:43,6.85,0.0,50,34250,卖盘
654,11:09:45,6.85,0.0,43,29455,卖盘
655,11:09:48,6.85,0.0,73,50005,卖盘
656,11:09:51,6.84,-0.01,24,16438,卖盘
657,11:09:57,6.84,0.0,1,684,卖盘
658,11:10:00,6.84,0.0,2,1368,卖盘
659,11:10:12,6.85,0.01,46,31510,买盘
660,11:10:24,6.85,0.0,4,2740,卖盘
661,11:10:30,6.86,0.01,20,13720,买盘
662,11:11:12,6.85,-0.01,4,2740,买盘
663,11:11:51,6.85,0.0,3,2055,卖盘
664,11:11:54,6.86,0.01,7,4802,买盘
665,11:12:24,6.84,-0.02,60,41049,卖盘
666,11:13:01,6.84,0.0,10,6840,卖盘
667,11:13:04,6.84,0.0,9,6156,卖盘
668,11:13:48,6.84,0.0,72,49248,卖盘
669,11:14:03,6.83,-0.01,1,683,卖盘
670,11:14:54,6.83,0.0,63,43029,卖盘
671,11:14:57,6.81,-0.02,174,118760,卖盘
672,11:15:06,6.82,0.01,33,22506,卖盘
673,11:15:19,6.82,0.0,64,43648,卖盘
674,11:15:45,6.84,0.02,43,29409,买盘
675,11:15:48,6.82,-0.02,45,30690,卖盘
676,11:15:51,6.83,0.01,3,2049,买盘
677,11:15:54,6.83,0.0,2,1366,卖盘
678,11:16:18,6.83,0.0,16,10928,买盘
679,11:16:22,6.83,0.0,2,1366,买盘
680,11:16:31,6.83,0.0,1,683,买盘
681,11:16:42,6.83,0.0,1,683,买盘
682,11:16:45,6.82,-0.01,10,6820,卖盘
683,11:16:51,6.83,0.01,2,1366,卖盘
684,11:18:54,6.84,0.01,20,13680,买盘
685,11:19:00,6.84,0.0,10,6840,买盘
686,11:19:09,6.84,0.0,1,684,买盘
687,11:19:54,6.83,-0.01,50,34150,卖盘
688,11:20:03,6.83,0.0,10,6830,卖盘
689,11:20:09,6.83,0.0,19,12977,卖盘
690,11:20:57,6.84,0.01,7,4788,买盘
691,11:22:12,6.83,-0.01,1,683,卖盘
692,11:22:16,6.83,0.0,1,683,卖盘
693,11:22:42,6.83,0.0,2,1366,卖盘
694,11:23:45,6.83,0.0,1,683,卖盘
695,11:24:00,6.84,0.01,30,20520,买盘
696,11:24:03,6.84,0.0,1,684,买盘
697,11:24:06,6.84,0.0,1,684,买盘
698,11:24:09,6.84,0.0,1,684,买盘
699,11:24:12,6.84,0.0,1,684,买盘
700,11:24:16,6.84,0.0,1,684,买盘
701,11:24:21,6.84,0.0,34,23256,买盘
702,11:24:24,6.84,0.0,2,1368,卖盘
703,11:24:42,6.84,0.0,1,684,卖盘
704,11:24:45,6.85,0.01,15,10275,买盘
705,11:25:18,6.85,0.0,20,13700,买盘
706,11:25:24,6.84,-0.01,5,3420,卖盘
707,11:25:57,6.84,0.0,47,32148,卖盘
708,11:26:34,6.84,0.0,2,1368,卖盘
709,11:27:12,6.84,0.0,118,80712,卖盘
710,11:27:21,6.81,-0.03,632,431116,卖盘
711,11:27:45,6.82,0.01,5,3410,卖盘
712,11:28:57,6.83,0.01,2,1366,中性盘
713,11:29:12,6.84,0.01,8,5472,买盘
714,11:29:45,6.83,-0.01,75,51225,买盘
715,11:29:48,6.83,0.0,1,683,买盘
716,11:29:51,6.83,0.0,1,683,买盘
717,11:29:57,6.83,0.0,1,683,买盘
718,11:30:00,6.83,0.0,1,683,买盘
719,13:00:04,6.83,0.0,46,31426,买盘
720,13:00:09,6.83,0.0,40,27320,卖盘
721,13:00:24,6.83,0.0,10,6830,卖盘
722,13:00:27,6.83,0.0,1,683,卖盘
723,13:00:33,6.83,0.0,1,683,卖盘
724,13:00:48,6.83,0.0,2,1366,卖盘
725,13:00:51,6.84,0.01,7,4786,买盘
726,13:01:48,6.83,-0.01,50,34150,卖盘
727,13:04:09,6.83,0.0,11,7513,买盘
728,13:05:00,6.82,-0.01,1,682,卖盘
729,13:05:45,6.83,0.01,14,9562,买盘
730,13:05:54,6.82,-0.01,1,682,卖盘
731,13:06:04,6.82,0.0,9,6138,卖盘
732,13:07:42,6.82,0.0,10,6828,卖盘
733,13:09:06,6.83,0.01,10,6830,买盘
734,13:10:16,6.84,0.01,5,3420,买盘
735,13:10:18,6.83,-0.01,2,1366,卖盘
736,13:10:21,6.83,0.0,1,683,卖盘
737,13:10:42,6.83,0.0,1,683,卖盘
738,13:11:00,6.83,0.0,2,1366,卖盘
739,13:11:04,6.82,-0.01,48,32743,卖盘
740,13:11:18,6.81,-0.01,500,340825,卖盘
741,13:11:28,6.83,0.02,5,3413,买盘
742,13:13:18,6.81,-0.02,1,681,卖盘
743,13:13:30,6.81,0.0,123,83763,卖盘
744,13:13:54,6.81,0.0,42,28634,卖盘
745,13:14:04,6.81,0.0,11,7491,卖盘
746,13:14:48,6.81,0.0,24,16344,卖盘
747,13:15:25,6.81,0.0,48,32688,卖盘
748,13:15:36,6.81,0.0,3,2043,卖盘
749,13:15:39,6.81,0.0,6,4086,买盘
750,13:15:48,6.81,0.0,4,2724,卖盘
751,13:16:16,6.81,0.0,40,27240,卖盘
752,13:16:37,6.82,0.01,2,1364,买盘
753,13:17:10,6.81,-0.01,2,1362,卖盘
754,13:17:48,6.81,0.0,1,681,卖盘
755,13:17:57,6.82,0.01,5,3410,买盘
756,13:18:09,6.81,-0.01,20,13620,卖盘
757,13:18:24,6.81,0.0,1,681,卖盘
758,13:18:54,6.8,-0.01,34,23153,卖盘
759,13:19:06,6.8,0.0,8,5440,卖盘
760,13:19:13,6.8,0.0,10,6800,卖盘
761,13:19:30,6.8,0.0,10,6800,卖盘
762,13:19:37,6.8,0.0,4,2720,卖盘
763,13:19:40,6.8,0.0,1,680,卖盘
764,13:19:43,6.8,0.0,164,111520,卖盘
765,13:19:46,6.8,0.0,500,340000,卖盘
766,13:19:48,6.8,0.0,18,12240,卖盘
767,13:19:54,6.8,0.0,14,9520,卖盘
768,13:19:57,6.8,0.0,16,10880,卖盘
769,13:20:00,6.8,0.0,22,14960,卖盘
770,13:20:04,6.8,0.0,31,21080,卖盘
771,13:20:09,6.8,0.0,197,133960,卖盘
772,13:20:21,6.78,-0.02,284,192584,卖盘
773,13:20:30,6.77,-0.01,1,677,卖盘
774,13:20:39,6.77,0.0,11,7447,卖盘
775,13:20:48,6.78,0.01,25,16950,买盘
776,13:20:51,6.77,-0.01,71,48067,卖盘
777,13:20:54,6.77,0.0,52,35204,买盘
778,13:20:58,6.78,0.01,30,20340,买盘
779,13:21:00,6.78,0.0,1,678,买盘
780,13:21:04,6.78,0.0,71,48138,买盘
781,13:21:36,6.8,0.02,7,4760,买盘
782,13:21:51,6.8,0.0,40,27200,卖盘
783,13:22:00,6.8,0.0,1,680,卖盘
784,13:22:06,6.81,0.01,10,6810,买盘
785,13:22:24,6.81,0.0,44,29964,买盘
786,13:22:27,6.81,0.0,26,17706,卖盘
787,13:22:30,6.81,0.0,14,9534,卖盘
788,13:22:36,6.81,0.0,21,14301,卖盘
789,13:22:39,6.81,0.0,6,4086,卖盘
790,13:22:55,6.83,0.02,38,25948,买盘
791,13:23:04,6.82,-0.01,200,136400,买盘
792,13:23:27,6.82,0.0,15,10230,买盘
793,13:23:57,6.81,-0.01,10,6810,卖盘
794,13:24:04,6.81,0.0,37,25197,卖盘
795,13:24:12,6.81,0.0,1,681,卖盘
796,13:24:15,6.82,0.01,43,29333,买盘
797,13:24:21,6.82,0.0,1,675,买盘
798,13:24:30,6.81,-0.01,2,1362,卖盘
799,13:24:36,6.81,0.0,58,39498,卖盘
800,13:24:39,6.81,0.0,20,13620,卖盘
801,13:24:51,6.81,0.0,272,185232,卖盘
802,13:25:00,6.8,-0.01,1,680,卖盘
803,13:25:24,6.81,0.01,106,72086,买盘
804,13:25:34,6.79,-0.02,1,679,卖盘
805,13:25:45,6.8,0.01,15,10200,买盘
806,13:26:15,6.78,-0.02,77,52277,卖盘
807,13:26:30,6.79,0.01,5,3395,买盘
808,13:26:54,6.78,-0.01,5,3393,卖盘
809,13:26:57,6.79,0.01,65,44135,买盘
810,13:27:15,6.78,-0.01,8,5424,卖盘
811,13:27:31,6.78,0.0,10,6780,卖盘
812,13:27:42,6.78,0.0,117,79326,卖盘
813,13:28:06,6.77,-0.01,110,74470,卖盘
814,13:28:13,6.77,0.0,22,14894,卖盘
815,13:28:18,6.76,-0.01,80,54080,卖盘
816,13:28:36,6.76,0.0,48,32448,卖盘
817,13:28:39,6.76,0.0,1,676,买盘
818,13:28:42,6.76,0.0,1,676,买盘
819,13:28:45,6.76,0.0,1,676,买盘
820,13:28:48,6.76,0.0,9,6084,买盘
821,13:28:51,6.76,0.0,4,2704,买盘
822,13:28:54,6.76,0.0,5,3380,买盘
823,13:28:57,6.75,-0.01,554,373952,卖盘
824,13:29:09,6.75,0.0,2,1350,卖盘
825,13:29:12,6.76,0.01,81,54677,买盘
826,13:29:15,6.76,0.0,45,30405,买盘
827,13:29:18,6.75,-0.01,35,23625,卖盘
828,13:29:24,6.75,0.0,100,67500,卖盘
829,13:29:36,6.75,0.0,16,10800,买盘
830,13:29:39,6.75,0.0,1,675,卖盘
831,13:29:45,6.75,0.0,12,8100,卖盘
832,13:30:03,6.75,0.0,9,6075,卖盘
833,13:30:15,6.76,0.01,100,67600,买盘
834,13:30:21,6.76,0.0,11,7436,买盘
835,13:30:24,6.76,0.0,4,2704,买盘
836,13:30:27,6.76,0.0,7,4732,买盘
837,13:30:30,6.76,0.0,4,2704,买盘
838,13:30:51,6.76,0.0,20,13520,买盘
839,13:30:54,6.76,0.0,3,2028,买盘
840,13:30:57,6.76,0.0,5,3380,买盘
841,13:31:04,6.75,-0.01,1,675,卖盘
842,13:31:06,6.75,0.0,12,8100,卖盘
843,13:31:16,6.75,0.0,50,33750,卖盘
844,13:31:21,6.76,0.01,15,10140,买盘
845,13:31:24,6.75,-0.01,12,8100,卖盘
846,13:31:30,6.75,0.0,200,135000,卖盘
847,13:31:34,6.75,0.0,304,205200,卖盘
848,13:31:36,6.74,-0.01,78,52572,卖盘
849,13:31:42,6.74,0.0,3,2022,卖盘
850,13:32:06,6.74,0.0,223,150302,卖盘
851,13:32:09,6.74,0.0,53,35722,买盘
852,13:32:13,6.73,-0.01,351,236223,卖盘
853,13:32:22,6.72,-0.01,1,672,卖盘
854,13:32:24,6.72,0.0,2,1344,卖盘
855,13:32:27,6.72,0.0,9,6048,卖盘
856,13:32:31,6.72,0.0,14,9408,卖盘
857,13:32:33,6.72,0.0,40,26880,卖盘
858,13:32:36,6.73,0.01,16,10768,买盘
859,13:32:39,6.72,-0.01,1,672,卖盘
860,13:32:43,6.72,0.0,71,47719,卖盘
861,13:32:45,6.71,-0.01,200,134242,卖盘
862,13:32:48,6.7,-0.01,461,308892,卖盘
863,13:32:54,6.7,0.0,51,34158,买盘
864,13:33:00,6.68,-0.02,82,54776,卖盘
865,13:33:04,6.69,0.01,89,59477,买盘
866,13:33:09,6.66,-0.03,169,112807,卖盘
867,13:33:12,6.68,0.02,96,64090,买盘
868,13:33:15,6.68,0.0,1,668,买盘
869,13:33:19,6.67,-0.01,82,54748,卖盘
870,13:33:21,6.67,0.0,20,13340,卖盘
871,13:33:24,6.69,0.02,22,14718,买盘
872,13:33:27,6.69,0.0,42,28064,买盘
873,13:33:30,6.69,0.0,102,68181,买盘
874,13:33:34,6.69,0.0,210,140490,卖盘
875,13:33:37,6.7,0.01,357,239190,买盘
876,13:33:40,6.71,0.01,6,4026,卖盘
877,13:33:48,6.73,0.02,18,12103,买盘
878,13:33:51,6.71,-0.02,19,12781,卖盘
879,13:33:54,6.73,0.02,31,20807,买盘
880,13:34:00,6.73,0.0,33,22209,买盘
881,13:34:21,6.73,0.0,8,5384,买盘
882,13:34:27,6.73,0.0,248,166904,买盘
883,13:34:30,6.73,0.0,10,6730,卖盘
884,13:34:51,6.73,0.0,30,20190,卖盘
885,13:34:57,6.74,0.01,34,22916,买盘
886,13:35:00,6.73,-0.01,193,129955,卖盘
887,13:35:06,6.73,0.0,7,4711,买盘
888,13:35:12,6.73,0.0,10,6730,卖盘
889,13:35:21,6.73,0.0,20,13460,卖盘
890,13:35:24,6.73,0.0,12,8078,卖盘
891,13:35:30,6.74,0.01,3,2022,买盘
892,13:35:33,6.72,-0.02,43,28930,卖盘
893,13:35:45,6.73,0.01,5,3365,卖盘
894,13:35:49,6.74,0.01,7,4718,买盘
895,13:36:00,6.72,-0.02,143,96096,卖盘
896,13:36:03,6.74,0.02,100,67256,买盘
897,13:36:06,6.7,-0.04,144,96609,卖盘
898,13:36:09,6.7,0.0,47,31490,买盘
899,13:36:13,6.7,0.0,2,1340,买盘
900,13:36:15,6.7,0.0,5,3350,买盘
901,13:36:18,6.7,0.0,8,5360,买盘
902,13:36:31,6.71,0.01,2,1342,买盘
903,13:36:42,6.71,0.0,11,7381,卖盘
904,13:36:58,6.73,0.02,56,37688,买盘
905,13:37:01,6.71,-0.02,38,25498,卖盘
906,13:37:04,6.71,0.0,162,108702,买盘
907,13:37:09,6.71,0.0,20,13420,卖盘
908,13:37:12,6.71,0.0,15,10065,卖盘
909,13:37:15,6.71,0.0,5,3355,买盘
910,13:37:21,6.7,-0.01,47,31490,卖盘
911,13:37:27,6.7,0.0,98,65660,卖盘
912,13:37:34,6.7,0.0,9,6030,买盘
913,13:38:16,6.7,0.0,5,3350,买盘
914,13:38:18,6.7,0.0,14,9380,买盘
915,13:38:24,6.7,0.0,12,8038,买盘
916,13:38:42,6.7,0.0,1,670,买盘
917,13:38:58,6.69,-0.01,1,669,卖盘
918,13:39:04,6.7,0.01,30,20100,买盘
919,13:39:15,6.7,0.0,10,6700,买盘
920,13:39:18,6.7,0.0,8,5360,买盘
921,13:39:22,6.7,0.0,8,5360,买盘
922,13:39:24,6.7,0.0,10,6700,买盘
923,13:39:39,6.69,-0.01,14,9366,卖盘
924,13:39:48,6.7,0.01,5,3350,买盘
925,13:39:51,6.7,0.0,26,17420,买盘
926,13:39:54,6.69,-0.01,13,8697,卖盘
927,13:39:57,6.69,0.0,100,66900,卖盘
928,13:40:06,6.69,0.0,21,14050,卖盘
929,13:40:09,6.69,0.0,16,10704,卖盘
930,13:40:12,6.68,-0.01,56,37456,卖盘
931,13:40:15,6.7,0.02,18,12052,买盘
932,13:40:42,6.7,0.0,44,29480,买盘
933,13:40:54,6.69,-0.01,14,9366,卖盘
934,13:41:00,6.7,0.01,2,1340,买盘
935,13:41:06,6.7,0.0,3,2010,买盘
936,13:41:15,6.69,-0.01,123,82287,卖盘
937,13:41:18,6.69,0.0,8,5352,买盘
938,13:41:24,6.69,0.0,129,86301,买盘
939,13:41:27,6.69,0.0,33,22077,买盘
940,13:41:51,6.7,0.01,20,13400,买盘
941,13:41:54,6.7,0.0,10,6700,买盘
942,13:42:04,6.69,-0.01,41,27429,卖盘
943,13:42:12,6.69,0.0,67,44840,卖盘
944,13:42:18,6.69,0.0,13,8697,卖盘
945,13:42:30,6.68,-0.01,71,47461,卖盘
946,13:42:39,6.7,0.02,8,5360,买盘
947,13:42:42,6.69,-0.01,51,34119,卖盘
948,13:42:45,6.68,-0.01,41,27426,卖盘
949,13:42:48,6.7,0.02,10,6700,买盘
950,13:42:57,6.7,0.0,19,12730,卖盘
951,13:43:04,6.7,0.0,8,5360,卖盘
952,13:43:06,6.7,0.0,30,20100,买盘
953,13:43:09,6.69,-0.01,65,43485,卖盘
954,13:43:12,6.7,0.01,175,117250,买盘
955,13:43:16,6.7,0.0,59,39530,买盘
956,13:43:21,6.7,0.0,72,48240,卖盘
957,13:43:27,6.71,0.01,10,6710,买盘
958,13:43:42,6.71,0.0,12,8052,买盘
959,13:43:45,6.71,0.0,18,12078,买盘
960,13:43:48,6.7,-0.01,56,37520,卖盘
961,13:43:54,6.71,0.01,28,18788,买盘
962,13:44:00,6.7,-0.01,20,13400,卖盘
963,13:44:04,6.71,0.01,1,671,买盘
964,13:44:19,6.7,-0.01,61,40870,卖盘
965,13:44:21,6.7,0.0,30,20100,卖盘
966,13:44:27,6.71,0.01,6,4428,买盘
967,13:44:39,6.71,0.0,84,56364,买盘
968,13:44:45,6.71,0.0,67,44957,卖盘
969,13:44:48,6.71,0.0,72,48312,卖盘
970,13:45:00,6.72,0.01,30,20160,买盘
971,13:45:06,6.71,-0.01,78,52338,卖盘
972,13:45:15,6.72,0.01,3,2016,买盘
973,13:45:27,6.72,0.0,101,67872,买盘
974,13:45:33,6.72,0.0,46,30912,买盘
975,13:45:40,6.72,0.0,74,49728,买盘
976,13:45:45,6.72,0.0,3,2016,买盘
977,13:45:49,6.71,-0.01,65,43615,卖盘
978,13:46:21,6.71,0.0,76,50996,卖盘
979,13:46:24,6.71,0.0,85,57035,卖盘
980,13:46:48,6.7,-0.01,41,27470,卖盘
981,13:47:00,6.7,0.0,41,27470,卖盘
982,13:47:03,6.7,0.0,21,14070,卖盘
983,13:47:15,6.69,-0.01,41,27429,卖盘
984,13:47:24,6.69,0.0,21,14049,卖盘
985,13:47:27,6.69,0.0,30,20070,卖盘
986,13:47:30,6.69,0.0,1,669,买盘
987,13:47:36,6.68,-0.01,78,52104,卖盘
988,13:47:39,6.68,0.0,35,23380,卖盘
989,13:47:46,6.68,0.0,64,42802,卖盘
990,13:47:57,6.68,0.0,34,22701,买盘
991,13:48:00,6.68,0.0,21,14028,买盘
992,13:48:03,6.68,0.0,31,20708,买盘
993,13:48:09,6.68,0.0,29,19372,卖盘
994,13:48:18,6.68,0.0,4,2672,卖盘
995,13:48:24,6.68,0.0,81,54108,卖盘
996,13:48:27,6.69,0.01,73,48837,买盘
997,13:48:33,6.69,0.0,2,1338,买盘
998,13:48:36,6.69,0.0,9,6021,买盘
999,13:48:42,6.69,0.0,50,33450,买盘
1000,13:48:45,6.69,0.0,10,6690,买盘
1001,13:48:48,6.69,0.0,12,8028,买盘
1002,13:48:51,6.7,0.01,9,6028,买盘
1003,13:49:06,6.7,0.0,28,18760,买盘
1004,13:49:12,6.7,0.0,17,11390,买盘
1005,13:49:30,6.7,0.0,30,20100,卖盘
1006,13:49:42,6.71,0.01,5,3355,买盘
1007,13:49:51,6.71,0.0,130,87230,买盘
1008,13:49:54,6.71,0.0,44,29524,买盘
1009,13:50:01,6.7,-0.01,36,24120,卖盘
1010,13:50:09,6.7,0.0,33,22110,卖盘
1011,13:50:15,6.69,-0.01,12,8028,卖盘
1012,13:50:27,6.7,0.01,195,130650,买盘
1013,13:50:45,6.71,0.01,1,671,买盘
1014,13:50:48,6.71,0.0,136,91256,买盘
1015,13:50:54,6.71,0.0,66,44286,买盘
1016,13:51:06,6.71,0.0,125,83784,买盘
1017,13:51:12,6.72,0.01,154,103438,买盘
1018,13:51:21,6.72,0.0,45,30238,买盘
1019,13:51:39,6.72,0.0,45,30225,买盘
1020,13:51:42,6.71,-0.01,61,40931,卖盘
1021,13:51:48,6.71,0.0,46,30866,卖盘
1022,13:51:51,6.71,0.0,8,5368,买盘
1023,13:51:54,6.71,0.0,36,24156,买盘
1024,13:52:21,6.72,0.01,20,13440,买盘
1025,13:52:34,6.71,-0.01,50,33550,卖盘
1026,13:52:45,6.71,0.0,55,36905,卖盘
1027,13:52:48,6.72,0.01,5,3360,买盘
1028,13:52:51,6.71,-0.01,4,2684,卖盘
1029,13:53:00,6.72,0.01,3,2016,买盘
1030,13:53:12,6.71,-0.01,61,40931,卖盘
1031,13:53:21,6.71,0.0,2,1342,卖盘
1032,13:53:25,6.72,0.01,5,3360,买盘
1033,13:53:48,6.72,0.0,4,2688,买盘
1034,13:53:57,6.72,0.0,30,20160,买盘
1035,13:54:06,6.71,-0.01,73,48984,卖盘
1036,13:54:21,6.71,0.0,35,23485,卖盘
1037,13:54:24,6.71,0.0,19,12749,买盘
1038,13:54:54,6.72,0.01,1,672,买盘
1039,13:55:00,6.72,0.0,5,3360,买盘
1040,13:55:06,6.72,0.0,2,1344,买盘
1041,13:55:21,6.71,-0.01,9,6039,卖盘
1042,13:55:45,6.72,0.01,20,13440,买盘
1043,13:56:07,6.72,0.0,62,41664,买盘
1044,13:56:12,6.72,0.0,28,18816,买盘
1045,13:56:18,6.73,0.01,6,4038,买盘
1046,13:56:30,6.73,0.0,212,142676,买盘
1047,13:56:39,6.73,0.0,3,2019,卖盘
1048,13:57:06,6.73,0.0,382,257109,卖盘
1049,13:57:21,6.73,0.0,20,13460,买盘
1050,13:57:30,6.72,-0.01,9,6048,卖盘
1051,13:57:42,6.72,0.0,5,3360,卖盘
1052,13:57:45,6.72,0.0,5,3360,卖盘
1053,13:57:51,6.72,0.0,5,3360,买盘
1054,13:57:57,6.72,0.0,37,24864,买盘
1055,13:58:09,6.73,0.01,20,13460,买盘
1056,13:58:13,6.72,-0.01,16,10752,卖盘
1057,13:58:15,6.73,0.01,75,50419,买盘
1058,13:58:21,6.73,0.0,9,6057,买盘
1059,13:58:24,6.73,0.0,2,1346,买盘
1060,13:58:39,6.72,-0.01,31,20832,卖盘
1061,13:58:45,6.72,0.0,5,3360,卖盘
1062,13:58:51,6.72,0.0,8,5376,卖盘
1063,13:59:03,6.72,0.0,1,672,卖盘
1064,13:59:06,6.72,0.0,15,10080,买盘
1065,13:59:54,6.74,0.02,192,129224,买盘
1066,14:00:06,6.73,-0.01,60,40380,卖盘
1067,14:00:12,6.73,0.0,10,6730,卖盘
1068,14:00:22,6.73,0.0,15,10095,卖盘
1069,14:00:24,6.73,0.0,2,1346,卖盘
1070,14:01:00,6.73,0.0,1,673,买盘
1071,14:01:09,6.73,0.0,50,33650,买盘
1072,14:01:30,6.73,0.0,10,6730,卖盘
1073,14:01:33,6.74,0.01,50,33700,买盘
1074,14:01:42,6.74,0.0,5,3370,买盘
1075,14:01:48,6.73,-0.01,20,13460,卖盘
1076,14:01:51,6.73,0.0,216,145568,卖盘
1077,14:01:57,6.73,0.0,27,18171,卖盘
1078,14:02:15,6.73,0.0,15,10095,卖盘
1079,14:02:24,6.74,0.01,15,10110,买盘
1080,14:02:37,6.74,0.0,16,10784,买盘
1081,14:03:30,6.74,0.0,14,9436,买盘
1082,14:03:33,6.74,0.0,20,13480,买盘
1083,14:03:42,6.74,0.0,4,2696,买盘
1084,14:03:55,6.74,0.0,27,18198,买盘
1085,14:03:57,6.74,0.0,67,45158,卖盘
1086,14:04:03,6.74,0.0,2,1348,买盘
1087,14:04:21,6.73,-0.01,109,73357,卖盘
1088,14:04:25,6.74,0.01,1,674,买盘
1089,14:04:52,6.75,0.01,673,453688,买盘
1090,14:05:06,6.74,-0.01,61,41114,卖盘
1091,14:05:15,6.74,0.0,4,2696,卖盘
1092,14:05:18,6.74,0.0,23,15502,卖盘
1093,14:05:21,6.74,0.0,8,5392,买盘
1094,14:05:30,6.73,-0.01,17,11441,卖盘
1095,14:05:36,6.74,0.01,1,674,买盘
1096,14:05:42,6.74,0.0,1,674,卖盘
1097,14:06:04,6.74,0.0,9,6069,卖盘
1098,14:06:06,6.74,0.0,3,2022,买盘
1099,14:06:18,6.74,0.0,6,4044,卖盘
1100,14:06:24,6.75,0.01,10,6750,买盘
1101,14:06:27,6.75,0.0,44,29700,买盘
1102,14:06:36,6.75,0.0,18,12150,买盘
1103,14:06:39,6.75,0.0,2,1350,买盘
1104,14:07:04,6.75,0.0,10,6750,买盘
1105,14:07:06,6.75,0.0,7,4725,买盘
1106,14:07:12,6.75,0.0,10,6750,买盘
1107,14:07:18,6.75,0.0,81,54675,买盘
1108,14:07:24,6.74,-0.01,2,1348,卖盘
1109,14:07:42,6.74,0.0,136,91664,卖盘
1110,14:07:54,6.74,0.0,40,26960,卖盘
1111,14:08:04,6.74,0.0,22,14828,买盘
1112,14:08:06,6.74,0.0,39,26286,买盘
1113,14:08:09,6.74,0.0,1,674,卖盘
1114,14:08:12,6.74,0.0,7,4720,卖盘
1115,14:08:15,6.74,0.0,1,674,买盘
1116,14:08:21,6.75,0.01,44,29700,买盘
1117,14:08:45,6.75,0.0,5,3375,买盘
1118,14:08:48,6.75,0.0,10,6750,买盘
1119,14:09:00,6.75,0.0,6,4050,买盘
1120,14:09:09,6.75,0.0,110,74250,买盘
1121,14:09:12,6.75,0.0,5,3375,买盘
1122,14:09:18,6.75,0.0,9,6075,买盘
1123,14:09:37,6.75,0.0,50,33750,买盘
1124,14:09:42,6.74,-0.01,20,13480,卖盘
1125,14:09:45,6.75,0.01,40,27000,买盘
1126,14:09:57,6.74,-0.01,3,2022,卖盘
1127,14:10:16,6.75,0.01,27,18225,买盘
1128,14:10:19,6.75,0.0,84,56686,买盘
1129,14:10:22,6.74,-0.01,2,1348,卖盘
1130,14:10:36,6.75,0.01,9,6075,买盘
1131,14:10:39,6.75,0.0,14,9450,买盘
1132,14:10:42,6.75,0.0,1,675,买盘
1133,14:11:04,6.74,-0.01,8,5392,卖盘
1134,14:11:09,6.75,0.01,30,20250,买盘
1135,14:11:18,6.75,0.0,59,39825,买盘
1136,14:11:21,6.75,0.0,1,675,买盘
1137,14:11:33,6.75,0.0,10,6750,买盘
1138,14:11:42,6.75,0.0,2,1350,买盘
1139,14:11:45,6.75,0.0,4,2700,买盘
1140,14:12:00,6.75,0.0,23,15525,买盘
1141,14:12:04,6.75,0.0,5,3375,买盘
1142,14:12:21,6.75,0.0,3,2025,买盘
1143,14:12:30,6.75,0.0,200,135000,买盘
1144,14:13:06,6.76,0.01,15,10140,买盘
1145,14:13:21,6.75,-0.01,50,33750,卖盘
1146,14:13:42,6.75,0.0,6,4050,买盘
1147,14:13:54,6.74,-0.01,31,20894,卖盘
1148,14:14:00,6.74,0.0,10,6740,卖盘
1149,14:14:19,6.75,0.01,11,7425,买盘
1150,14:14:42,6.75,0.0,50,33750,买盘
1151,14:14:48,6.74,-0.01,184,124016,卖盘
1152,14:15:04,6.74,0.0,3,2022,买盘
1153,14:15:09,6.74,0.0,2,1348,买盘
1154,14:15:15,6.74,0.0,11,7414,买盘
1155,14:15:33,6.73,-0.01,5,3365,卖盘
1156,14:15:45,6.74,0.01,101,68074,买盘
1157,14:15:48,6.74,0.0,24,16176,买盘
1158,14:16:03,6.74,0.0,30,20220,买盘
1159,14:16:06,6.74,0.0,6,4044,买盘
1160,14:16:24,6.74,0.0,6,4044,买盘
1161,14:16:30,6.74,0.0,15,10110,买盘
1162,14:17:49,6.74,0.0,21,14154,买盘
1163,14:17:51,6.74,0.0,19,12806,买盘
1164,14:18:21,6.74,0.0,19,12806,买盘
1165,14:18:39,6.74,0.0,46,31004,卖盘
1166,14:19:09,6.74,0.0,10,6740,卖盘
1167,14:19:15,6.74,0.0,50,33700,卖盘
1168,14:19:24,6.74,0.0,1,674,卖盘
1169,14:19:54,6.74,0.0,75,50550,卖盘
1170,14:20:51,6.75,0.01,10,6750,买盘
1171,14:21:15,6.75,0.0,1,675,买盘
1172,14:21:36,6.74,-0.01,8,5392,卖盘
1173,14:21:42,6.74,0.0,19,12806,卖盘
1174,14:21:54,6.75,0.01,61,41175,买盘
1175,14:22:00,6.74,-0.01,10,6740,卖盘
1176,14:22:04,6.75,0.01,8,5400,买盘
1177,14:22:12,6.74,-0.01,39,26286,卖盘
1178,14:22:15,6.75,0.01,20,13500,买盘
1179,14:22:21,6.75,0.0,73,49275,买盘
1180,14:22:24,6.75,0.0,3,2025,卖盘
1181,14:23:15,6.76,0.01,6,4056,买盘
1182,14:23:21,6.75,-0.01,21,14190,卖盘
1183,14:23:33,6.75,0.0,30,20250,卖盘
1184,14:23:43,6.76,0.01,50,33800,买盘
1185,14:24:03,6.75,-0.01,10,6750,卖盘
1186,14:24:18,6.76,0.01,4,2704,买盘
1187,14:24:24,6.75,-0.01,10,6750,卖盘
1188,14:24:36,6.77,0.02,150,101410,买盘
1189,14:24:51,6.76,-0.01,2,1352,卖盘
1190,14:25:01,6.76,0.0,6,4056,卖盘
1191,14:25:39,6.77,0.01,3,2031,买盘
1192,14:25:51,6.77,0.0,18,12186,买盘
1193,14:26:04,6.77,0.0,10,6770,买盘
1194,14:26:06,6.77,0.0,3,2031,买盘
1195,14:26:12,6.77,0.0,16,10832,买盘
1196,14:26:21,6.77,0.0,17,11509,买盘
1197,14:26:39,6.77,0.0,16,10832,买盘
1198,14:27:00,6.76,-0.01,15,10140,卖盘
1199,14:27:06,6.76,0.0,70,47320,卖盘
1200,14:27:33,6.77,0.01,54,36558,买盘
1201,14:27:42,6.77,0.0,3,2031,买盘
1202,14:27:45,6.77,0.0,4,2708,买盘
1203,14:28:12,6.76,-0.01,2,1352,卖盘
1204,14:28:15,6.77,0.01,3,2031,买盘
1205,14:28:21,6.77,0.0,10,6770,买盘
1206,14:28:27,6.77,0.0,17,11509,买盘
1207,14:28:30,6.77,0.0,8,5416,买盘
1208,14:28:34,6.76,-0.01,194,131144,卖盘
1209,14:28:48,6.76,0.0,6,4056,卖盘
1210,14:29:00,6.76,0.0,4,2704,卖盘
1211,14:29:06,6.76,0.0,3,2028,卖盘
1212,14:29:24,6.77,0.01,3,2031,买盘
1213,14:29:36,6.76,-0.01,2,1352,卖盘
1214,14:30:06,6.76,0.0,10,6760,卖盘
1215,14:30:10,6.76,0.0,50,33800,卖盘
1216,14:30:12,6.76,0.0,10,6760,卖盘
1217,14:30:15,6.76,0.0,10,6760,卖盘
1218,14:30:39,6.76,0.0,20,13520,卖盘
1219,14:30:42,6.75,-0.01,1,675,卖盘
1220,14:31:30,6.76,0.01,3,2028,买盘
1221,14:31:57,6.76,0.0,3,2028,买盘
1222,14:32:06,6.75,-0.01,1,675,卖盘
1223,14:32:18,6.75,0.0,1,675,卖盘
1224,14:32:57,6.75,0.0,4,2700,卖盘
1225,14:33:00,6.75,0.0,35,23625,卖盘
1226,14:33:06,6.76,0.01,7,4732,买盘
1227,14:33:13,6.76,0.0,251,169461,买盘
1228,14:33:24,6.75,-0.01,13,8785,卖盘
1229,14:33:36,6.75,0.0,2,1350,卖盘
1230,14:33:43,6.75,0.0,12,8100,卖盘
1231,14:34:00,6.74,-0.01,20,13480,卖盘
1232,14:34:04,6.75,0.01,10,6750,买盘
1233,14:34:06,6.75,0.0,15,10125,买盘
1234,14:34:18,6.74,-0.01,50,33700,卖盘
1235,14:34:21,6.75,0.01,27,18225,买盘
1236,14:34:33,6.75,0.0,4,2700,买盘
1237,14:34:39,6.75,0.0,3,2025,买盘
1238,14:35:06,6.74,-0.01,12,8088,卖盘
1239,14:35:24,6.74,0.0,40,26960,卖盘
1240,14:35:33,6.75,0.01,11,7425,买盘
1241,14:35:42,6.75,0.0,4,2700,买盘
1242,14:35:45,6.75,0.0,3,2025,买盘
1243,14:36:15,6.75,0.0,3,2025,买盘
1244,14:36:18,6.75,0.0,9,6075,买盘
1245,14:36:45,6.75,0.0,3,2025,买盘
1246,14:36:51,6.75,0.0,50,33750,买盘
1247,14:37:00,6.75,0.0,10,6750,买盘
1248,14:37:18,6.75,0.0,3,2025,买盘
1249,14:37:21,6.75,0.0,8,5399,买盘
1250,14:37:30,6.75,0.0,10,6750,买盘
1251,14:37:33,6.75,0.0,2,1350,买盘
1252,14:37:36,6.74,-0.01,31,20894,卖盘
1253,14:37:54,6.74,0.0,179,120646,卖盘
1254,14:38:03,6.74,0.0,12,8088,卖盘
1255,14:38:15,6.74,0.0,20,13480,卖盘
1256,14:38:21,6.74,0.0,10,6740,卖盘
1257,14:38:24,6.75,0.01,62,41791,买盘
1258,14:38:48,6.74,-0.01,1,674,卖盘
1259,14:39:04,6.74,0.0,1,674,卖盘
1260,14:39:12,6.75,0.01,74,49950,买盘
1261,14:39:15,6.75,0.0,16,10800,买盘
1262,14:39:18,6.75,0.0,4,2700,买盘
1263,14:39:27,6.75,0.0,6,4050,买盘
1264,14:39:30,6.75,0.0,6,4050,买盘
1265,14:39:54,6.75,0.0,25,16875,卖盘
1266,14:40:06,6.74,-0.01,132,88996,卖盘
1267,14:40:09,6.74,0.0,210,141540,卖盘
1268,14:40:12,6.73,-0.01,442,297823,卖盘
1269,14:40:15,6.72,-0.01,237,159286,卖盘
1270,14:40:39,6.75,0.03,5,3375,买盘
1271,14:41:04,6.75,0.0,7,4725,买盘
1272,14:41:15,6.75,0.0,5,3375,买盘
1273,14:41:27,6.73,-0.02,1,673,卖盘
1274,14:42:10,6.74,0.01,3,2022,买盘
1275,14:42:24,6.74,0.0,1,674,买盘
1276,14:42:30,6.73,-0.01,100,67300,卖盘
1277,14:42:33,6.73,0.0,105,70680,卖盘
1278,14:42:52,6.73,0.0,68,45764,卖盘
1279,14:42:54,6.73,0.0,12,8076,买盘
1280,14:43:09,6.73,0.0,6,4038,买盘
1281,14:43:21,6.73,0.0,28,18844,买盘
1282,14:43:42,6.73,0.0,3,2019,买盘
1283,14:44:06,6.72,-0.01,400,268849,卖盘
1284,14:44:18,6.74,0.02,3,2022,买盘
1285,14:44:36,6.74,0.0,1,674,买盘
1286,14:44:39,6.73,-0.01,14,9422,卖盘
1287,14:44:51,6.73,0.0,7,4714,卖盘
1288,14:45:04,6.73,0.0,31,20884,买盘
1289,14:45:39,6.74,0.01,52,35048,买盘
1290,14:45:48,6.74,0.0,171,115194,买盘
1291,14:45:51,6.74,0.0,6,4044,买盘
1292,14:45:54,6.73,-0.01,33,22209,卖盘
1293,14:46:03,6.74,0.01,5,3370,买盘
1294,14:46:15,6.74,0.0,5,3370,卖盘
1295,14:46:18,6.74,0.0,32,21568,卖盘
1296,14:46:21,6.74,0.0,216,145371,买盘
1297,14:46:24,6.74,0.0,1,674,买盘
1298,14:46:48,6.73,-0.01,60,40380,卖盘
1299,14:46:51,6.74,0.01,9,6066,买盘
1300,14:46:54,6.74,0.0,3,2022,买盘
1301,14:47:00,6.74,0.0,37,24938,买盘
1302,14:47:07,6.74,0.0,8,5392,卖盘
1303,14:47:13,6.75,0.01,1,675,买盘
1304,14:47:18,6.74,-0.01,2,1348,卖盘
1305,14:47:21,6.74,0.0,50,33700,卖盘
1306,14:47:36,6.74,0.0,73,49202,卖盘
1307,14:48:01,6.74,0.0,3,2022,买盘
1308,14:48:06,6.74,0.0,26,17524,买盘
1309,14:48:09,6.74,0.0,2,1348,卖盘
1310,14:48:12,6.74,0.0,6,4044,卖盘
1311,14:48:15,6.74,0.0,5,3370,买盘
1312,14:48:31,6.74,0.0,3,2022,买盘
1313,14:49:04,6.74,0.0,4,2696,买盘
1314,14:49:06,6.74,0.0,194,130756,买盘
1315,14:49:27,6.74,0.0,30,20220,卖盘
1316,14:49:33,6.74,0.0,3,2022,买盘
1317,14:49:42,6.74,0.0,4,2696,买盘
1318,14:49:45,6.74,0.0,11,7404,买盘
1319,14:50:06,6.74,0.0,110,74140,买盘
1320,14:50:09,6.75,0.01,9,6075,买盘
1321,14:50:12,6.73,-0.02,274,184402,卖盘
1322,14:50:18,6.73,0.0,9,6057,买盘
1323,14:50:27,6.73,0.0,10,6730,买盘
1324,14:50:30,6.72,-0.01,198,133056,卖盘
1325,14:50:39,6.71,-0.01,4,2687,卖盘
1326,14:50:42,6.72,0.01,20,13440,买盘
1327,14:50:49,6.71,-0.01,374,250954,卖盘
1328,14:50:57,6.71,0.0,5,3355,买盘
1329,14:51:03,6.7,-0.01,476,318920,卖盘
1330,14:51:06,6.7,0.0,15,10050,买盘
1331,14:51:10,6.7,0.0,3,2010,买盘
1332,14:51:16,6.7,0.0,10,6700,买盘
1333,14:51:19,6.7,0.0,10,6700,卖盘
1334,14:51:28,6.7,0.0,10,6700,买盘
1335,14:51:33,6.7,0.0,5,3350,买盘
1336,14:51:42,6.7,0.0,40,26800,买盘
1337,14:52:01,6.7,0.0,40,26800,买盘
1338,14:52:06,6.7,0.0,4,2680,买盘
1339,14:52:09,6.69,-0.01,158,105702,卖盘
1340,14:52:12,6.69,0.0,3,2007,买盘
1341,14:52:15,6.68,-0.01,171,114228,卖盘
1342,14:52:27,6.69,0.01,14,9366,买盘
1343,14:52:30,6.68,-0.01,29,19372,卖盘
1344,14:52:36,6.69,0.01,4,2676,买盘
1345,14:52:42,6.69,0.0,10,6690,买盘
1346,14:52:46,6.68,-0.01,31,20727,卖盘
1347,14:52:51,6.69,0.01,45,30090,买盘
1348,14:53:06,6.69,0.0,11,7359,买盘
1349,14:53:09,6.69,0.0,1,669,买盘
1350,14:53:12,6.68,-0.01,20,13360,卖盘
1351,14:53:15,6.67,-0.01,269,179651,卖盘
1352,14:53:30,6.69,0.02,4,2676,买盘
1353,14:53:39,6.68,-0.01,20,13360,卖盘
1354,14:53:48,6.68,0.0,60,40080,买盘
1355,14:53:52,6.68,0.0,6,4008,卖盘
1356,14:53:54,6.68,0.0,97,64796,卖盘
1357,14:54:01,6.68,0.0,1,668,买盘
1358,14:54:06,6.68,0.0,10,6680,买盘
1359,14:54:12,6.68,0.0,10,6680,买盘
1360,14:54:16,6.68,0.0,10,6680,买盘
1361,14:54:18,6.68,0.0,15,10020,买盘
1362,14:54:22,6.68,0.0,18,12024,买盘
1363,14:54:27,6.68,0.0,202,134748,买盘
1364,14:54:30,6.68,0.0,5,3340,买盘
1365,14:54:37,6.68,0.0,8,5344,买盘
1366,14:54:40,6.68,0.0,3,2004,买盘
1367,14:54:42,6.67,-0.01,15,10005,卖盘
1368,14:54:46,6.68,0.01,10,6680,买盘
1369,14:54:48,6.68,0.0,30,20040,买盘
1370,14:54:51,6.68,0.0,75,50100,买盘
1371,14:54:57,6.68,0.0,65,43420,买盘
1372,14:55:00,6.68,0.0,14,9352,买盘
1373,14:55:04,6.67,-0.01,20,13342,卖盘
1374,14:55:06,6.69,0.02,27,18063,买盘
1375,14:55:15,6.7,0.01,29,19430,买盘
1376,14:55:22,6.7,0.0,1,670,买盘
1377,14:55:30,6.7,0.0,32,21440,买盘
1378,14:55:36,6.7,0.0,1,670,买盘
1379,14:55:39,6.7,0.0,29,19430,买盘
1380,14:55:43,6.69,-0.01,12,8039,卖盘
1381,14:55:51,6.69,0.0,17,11373,卖盘
1382,14:55:58,6.7,0.01,10,6700,买盘
1383,14:56:00,6.7,0.0,4,2680,卖盘
1384,14:56:04,6.7,0.0,17,11390,卖盘
1385,14:56:12,6.7,0.0,1,670,卖盘
1386,14:56:18,6.7,0.0,20,13400,卖盘
1387,14:56:21,6.7,0.0,6,4020,卖盘
1388,14:56:24,6.71,0.01,16,10721,买盘
1389,14:56:27,6.7,-0.01,10,6700,卖盘
1390,14:56:34,6.7,0.0,8,5360,卖盘
1391,14:56:37,6.7,0.0,6,4020,卖盘
1392,14:56:42,6.7,0.0,25,16750,卖盘
1393,14:56:46,6.71,0.01,39,26163,买盘
1394,14:56:48,6.71,0.0,5,3351,买盘
1395,14:56:52,6.7,-0.01,28,18760,卖盘
1396,14:56:54,6.71,0.01,42,28182,买盘
1397,15:00:05,6.71,0.0,489,328119,卖盘
