,time,price,change,volume,amount,type
0,09:25:04,6.97,0.0,489,340833,卖盘
1,09:30:03,6.97,0.0,216,150591,买盘
2,09:30:06,6.94,-0.03,72,50086,卖盘
3,09:30:09,6.94,0.0,11,7634,买盘
4,09:30:12,6.96,0.02,20,13920,买盘
5,09:30:15,6.96,0.0,21,14597,买盘
6,09:30:18,6.96,0.0,23,16008,买盘
7,09:30:21,6.96,0.0,7,4872,买盘
8,09:30:24,6.95,-0.01,12,8342,卖盘
9,09:30:27,6.96,0.01,1,696,买盘
10,09:30:30,6.96,0.0,10,6960,买盘
11,09:30:36,6.97,0.01,12,8353,买盘
12,09:30:43,6.97,0.0,1,697,买盘
13,09:30:48,6.97,0.0,80,55751,买盘
14,09:30:51,6.96,-0.01,21,14620,卖盘
15,09:30:54,6.97,0.01,26,18122,买盘
16,09:30:57,6.96,-0.01,137,95396,卖盘
17,09:31:00,6.94,-0.02,26,18065,卖盘
18,09:31:04,6.96,0.02,11,7656,买盘
19,09:31:06,6.96,0.0,8,5568,卖盘
20,09:31:09,6.96,0.0,22,15315,卖盘
21,09:31:12,6.98,0.02,8,5583,买盘
22,09:31:15,6.97,-0.01,5,3485,买盘
23,09:31:18,6.96,-0.01,55,38280,卖盘
24,09:31:21,6.97,0.01,33,22973,买盘
25,09:31:24,6.96,-0.01,30,20899,卖盘
26,09:31:27,6.96,0.0,200,139200,卖盘
27,09:31:30,6.96,0.0,24,16705,卖盘
28,09:31:33,6.97,0.01,7,4879,买盘
29,09:31:36,6.96,-0.01,69,48066,卖盘
30,09:31:39,6.95,-0.01,37,25715,卖盘
31,09:31:42,6.95,0.0,61,42384,买盘
32,09:31:45,6.95,0.0,62,43090,买盘
33,09:31:48,6.95,0.0,10,6946,买盘
34,09:31:51,6.95,0.0,25,17375,买盘
35,09:31:54,6.94,-0.01,18,12500,卖盘
36,09:31:57,6.95,0.01,12,8340,买盘
37,09:32:00,6.95,0.0,3,2085,买盘
38,09:32:04,6.95,0.0,112,77743,买盘
39,09:32:06,6.94,-0.01,55,38180,卖盘
40,09:32:09,6.95,0.01,21,14595,买盘
41,09:32:12,6.95,0.0,131,91045,买盘
42,09:32:16,6.94,-0.01,34,23619,卖盘
43,09:32:18,6.95,0.01,7,4865,买盘
44,09:32:21,6.95,0.0,198,137417,买盘
45,09:32:24,6.95,0.0,26,18048,买盘
46,09:32:27,6.94,-0.01,29,20146,卖盘
47,09:32:30,6.95,0.01,1,695,买盘
48,09:32:33,6.95,0.0,5,3475,买盘
49,09:32:36,6.95,0.0,59,40995,买盘
50,09:32:39,6.95,0.0,76,52820,买盘
51,09:32:42,6.96,0.01,2,1392,买盘
52,09:32:45,6.95,-0.01,215,149428,卖盘
53,09:32:48,6.95,0.0,34,23602,买盘
54,09:32:52,6.95,0.0,59,41005,买盘
55,09:32:54,6.95,0.0,56,38920,买盘
56,09:32:57,6.95,0.0,49,34043,买盘
57,09:33:00,6.95,0.0,268,186038,买盘
58,09:33:04,6.95,0.0,48,33360,卖盘
59,09:33:06,6.96,0.01,18,12528,买盘
60,09:33:10,6.95,-0.01,12,8341,卖盘
61,09:33:13,6.96,0.01,2,1392,买盘
62,09:33:16,6.96,0.0,8,5568,买盘
63,09:33:18,6.95,-0.01,179,124516,卖盘
64,09:33:21,6.95,0.0,142,98659,买盘
65,09:33:24,6.94,-0.01,242,168034,卖盘
66,09:33:27,6.94,0.0,138,95891,卖盘
67,09:33:30,6.95,0.01,44,30526,买盘
68,09:33:33,6.93,-0.02,11,7625,卖盘
69,09:33:36,6.95,0.02,1,695,买盘
70,09:33:42,6.94,-0.01,19,13193,卖盘
71,09:33:45,6.94,0.0,110,76440,卖盘
72,09:33:49,6.94,0.0,22,15275,卖盘
73,09:33:51,6.95,0.01,42,29188,买盘
74,09:33:54,6.94,-0.01,9,6246,卖盘
75,09:34:01,6.95,0.01,404,280780,买盘
76,09:34:04,6.94,-0.01,39,27102,卖盘
77,09:34:06,6.95,0.01,10,6950,卖盘
78,09:34:09,6.95,0.0,33,22935,卖盘
79,09:34:12,6.94,-0.01,1,694,卖盘
80,09:34:15,6.95,0.01,18,12510,买盘
81,09:34:19,6.94,-0.01,16,11110,卖盘
82,09:34:21,6.95,0.01,32,22229,买盘
83,09:34:24,6.95,0.0,25,17375,买盘
84,09:34:27,6.95,0.0,35,24325,买盘
85,09:34:30,6.96,0.01,1,696,买盘
86,09:34:33,6.94,-0.02,143,99367,卖盘
87,09:34:36,6.96,0.02,72,50093,买盘
88,09:34:39,6.95,-0.01,11,7645,卖盘
89,09:34:42,6.96,0.01,8,5568,买盘
90,09:34:45,6.96,0.0,5,3480,买盘
91,09:34:48,6.96,0.0,81,56439,卖盘
92,09:34:51,6.96,0.0,95,66043,卖盘
93,09:34:54,6.95,-0.01,9,6260,卖盘
94,09:35:00,6.95,0.0,14,9734,卖盘
95,09:35:04,6.95,0.0,268,186267,卖盘
96,09:35:06,6.95,0.0,34,23630,卖盘
97,09:35:09,6.95,0.0,10,6959,卖盘
98,09:35:12,6.95,0.0,51,35448,卖盘
99,09:35:18,6.95,0.0,9,6255,卖盘
100,09:35:21,6.95,0.0,68,47262,卖盘
101,09:35:24,6.96,0.01,28,19465,买盘
102,09:35:27,6.95,-0.01,6,4170,卖盘
103,09:35:30,6.96,0.01,1,696,买盘
104,09:35:33,6.95,-0.01,21,14606,卖盘
105,09:35:36,6.95,0.0,30,20850,卖盘
106,09:35:40,6.95,0.0,143,99385,卖盘
107,09:35:43,6.96,0.01,47,32694,买盘
108,09:35:45,6.95,-0.01,11,7645,卖盘
109,09:35:48,6.96,0.01,24,16685,买盘
110,09:35:57,6.96,0.0,12,8341,买盘
111,09:36:04,6.96,0.0,1,696,买盘
112,09:36:06,6.95,-0.01,11,7645,卖盘
113,09:36:09,6.96,0.01,1,696,买盘
114,09:36:18,6.95,-0.01,72,50103,卖盘
115,09:36:21,6.95,0.0,15,10425,卖盘
116,09:36:24,6.96,0.01,10,6960,买盘
117,09:36:30,6.96,0.0,12,8341,买盘
118,09:36:34,6.96,0.0,33,22963,买盘
119,09:36:36,6.95,-0.01,30,20865,卖盘
120,09:36:39,6.95,0.0,51,35485,卖盘
121,09:36:42,6.96,0.01,160,111360,买盘
122,09:36:45,6.95,-0.01,171,118904,卖盘
123,09:36:48,6.96,0.01,23,15994,买盘
124,09:36:51,6.95,-0.01,10,6950,卖盘
125,09:36:54,6.95,0.0,4,2780,卖盘
126,09:36:58,6.96,0.01,16,11136,买盘
127,09:37:00,6.96,0.0,53,36888,买盘
128,09:37:03,6.95,-0.01,10,6950,卖盘
129,09:37:06,6.95,0.0,10,6950,卖盘
130,09:37:09,6.95,0.0,2,1391,卖盘
131,09:37:12,6.95,0.0,16,11125,卖盘
132,09:37:21,6.95,0.0,5,3475,卖盘
133,09:37:25,6.95,0.0,82,57061,卖盘
134,09:37:27,6.96,0.01,2,1392,买盘
135,09:37:33,6.96,0.0,5,3480,买盘
136,09:37:36,6.96,0.0,32,22252,买盘
137,09:37:45,6.95,-0.01,22,15300,卖盘
138,09:37:49,6.95,0.0,10,6951,卖盘
139,09:37:51,6.95,0.0,143,99385,卖盘
140,09:37:54,6.95,0.0,60,41720,卖盘
141,09:37:57,6.95,0.0,25,17375,卖盘
142,09:38:00,6.95,0.0,5,3475,卖盘
143,09:38:04,6.95,0.0,432,300240,卖盘
144,09:38:06,6.94,-0.01,44,30538,卖盘
145,09:38:09,6.95,0.01,12,8329,买盘
146,09:38:12,6.95,0.0,79,54877,买盘
147,09:38:15,6.94,-0.01,67,46499,卖盘
148,09:38:18,6.94,0.0,12,8328,卖盘
149,09:38:24,6.95,0.01,51,35404,买盘
150,09:38:27,6.94,-0.01,79,54826,卖盘
151,09:38:30,6.94,0.0,87,60378,卖盘
152,09:38:34,6.93,-0.01,20,13867,卖盘
153,09:38:42,6.93,0.0,17,11787,卖盘
154,09:38:45,6.93,0.0,1,693,卖盘
155,09:38:48,6.93,0.0,1,693,卖盘
156,09:38:51,6.93,0.0,10,6930,卖盘
157,09:38:54,6.93,0.0,12,8316,卖盘
158,09:38:57,6.93,0.0,187,129591,卖盘
159,09:39:00,6.93,0.0,20,13860,卖盘
160,09:39:04,6.93,0.0,18,12479,卖盘
161,09:39:06,6.94,0.01,8,5552,买盘
162,09:39:09,6.94,0.0,4,2773,买盘
163,09:39:13,6.93,-0.01,8,5544,卖盘
164,09:39:15,6.94,0.01,11,7624,买盘
165,09:39:18,6.93,-0.01,71,49203,卖盘
166,09:39:21,6.93,0.0,18,12474,卖盘
167,09:39:24,6.93,0.0,10,6930,卖盘
168,09:39:27,6.93,0.0,30,20790,卖盘
169,09:39:30,6.93,0.0,14,9702,卖盘
170,09:39:36,6.93,0.0,10,6930,卖盘
171,09:39:39,6.93,0.0,34,23562,卖盘
172,09:39:43,6.93,0.0,10,6930,卖盘
173,09:39:46,6.93,0.0,46,31878,卖盘
174,09:39:48,6.92,-0.01,91,63052,卖盘
175,09:39:51,6.93,0.01,19,13155,买盘
176,09:39:57,6.92,-0.01,11,7613,卖盘
177,09:40:01,6.92,0.0,3,2078,卖盘
178,09:40:04,6.92,0.0,144,99648,卖盘
179,09:40:06,6.92,0.0,43,29757,卖盘
180,09:40:09,6.92,0.0,12,8306,卖盘
181,09:40:12,6.93,0.01,1,693,买盘
182,09:40:15,6.92,-0.01,220,152240,卖盘
183,09:40:18,6.93,0.01,26,17996,买盘
184,09:40:22,6.92,-0.01,10,6920,卖盘
185,09:40:24,6.93,0.01,3,2079,买盘
186,09:40:27,6.92,-0.01,41,28372,卖盘
187,09:40:30,6.92,0.0,4,2768,买盘
188,09:40:33,6.91,-0.01,11,7601,卖盘
189,09:40:39,6.92,0.01,1,692,买盘
190,09:40:42,6.91,-0.01,26,17977,卖盘
191,09:40:45,6.91,0.0,11,7601,卖盘
192,09:40:49,6.92,0.01,5,3460,买盘
193,09:40:51,6.91,-0.01,37,25573,卖盘
194,09:40:54,6.92,0.01,82,56664,买盘
195,09:40:57,6.91,-0.01,13,8983,卖盘
196,09:41:00,6.91,0.0,44,30404,卖盘
197,09:41:04,6.91,0.0,1,691,卖盘
198,09:41:06,6.91,0.0,11,7601,卖盘
199,09:41:09,6.91,0.0,143,98813,卖盘
200,09:41:12,6.91,0.0,63,43533,卖盘
201,09:41:15,6.91,0.0,41,28331,卖盘
202,09:41:18,6.91,0.0,6,4146,卖盘
203,09:41:21,6.91,0.0,79,54589,卖盘
204,09:41:24,6.91,0.0,10,6910,卖盘
205,09:41:27,6.91,0.0,12,8292,卖盘
206,09:41:30,6.92,0.01,5,3456,买盘
207,09:41:33,6.91,-0.01,3,2073,卖盘
208,09:41:39,6.92,0.01,51,35281,买盘
209,09:41:42,6.91,-0.01,13,8983,卖盘
210,09:41:45,6.92,0.01,42,29025,买盘
211,09:41:49,6.91,-0.01,15,10370,卖盘
212,09:41:51,6.91,0.0,190,131290,卖盘
213,09:41:54,6.91,0.0,20,13820,卖盘
214,09:41:57,6.91,0.0,7,4843,卖盘
215,09:42:01,6.92,0.01,15,10366,买盘
216,09:42:04,6.91,-0.01,301,207991,卖盘
217,09:42:06,6.91,0.0,39,26953,卖盘
218,09:42:09,6.91,0.0,158,109178,卖盘
219,09:42:12,6.91,0.0,226,156169,卖盘
220,09:42:16,6.9,-0.01,170,117316,卖盘
221,09:42:19,6.9,0.0,15,10358,卖盘
222,09:42:21,6.91,0.01,14,9677,中性盘
223,09:42:24,6.91,0.0,33,22803,卖盘
224,09:42:28,6.91,0.0,48,33168,卖盘
225,09:42:30,6.91,0.0,5,3455,卖盘
226,09:42:33,6.91,0.0,13,8972,买盘
227,09:42:36,6.91,0.0,33,22793,买盘
228,09:42:39,6.91,0.0,31,21421,买盘
229,09:42:42,6.9,-0.01,10,6905,卖盘
230,09:42:46,6.9,0.0,62,42821,卖盘
231,09:42:48,6.91,0.01,38,26247,买盘
232,09:42:51,6.91,0.0,2,1382,买盘
233,09:42:54,6.9,-0.01,28,19337,卖盘
234,09:43:00,6.9,0.0,24,16573,卖盘
235,09:43:04,6.9,0.0,96,66240,卖盘
236,09:43:06,6.91,0.01,26,17941,买盘
237,09:43:10,6.91,0.0,21,14495,买盘
238,09:43:12,6.91,0.0,5,3455,买盘
239,09:43:15,6.91,0.0,29,20039,买盘
240,09:43:18,6.91,0.0,39,26923,买盘
241,09:43:21,6.91,0.0,181,124910,买盘
242,09:43:24,6.91,0.0,46,31763,买盘
243,09:43:27,6.9,-0.01,117,80743,卖盘
244,09:43:31,6.9,0.0,84,58029,卖盘
245,09:43:33,6.9,0.0,30,20729,卖盘
246,09:43:36,6.91,0.01,806,556162,买盘
247,09:43:40,6.9,-0.01,117,80754,卖盘
248,09:43:42,6.9,0.0,105,72495,卖盘
249,09:43:45,6.9,0.0,110,75900,卖盘
250,09:43:48,6.89,-0.01,43,29652,卖盘
251,09:43:51,6.9,0.01,22,15170,买盘
252,09:43:54,6.89,-0.01,136,93704,卖盘
253,09:43:57,6.9,0.01,76,52418,买盘
254,09:44:01,6.9,0.0,33,22757,买盘
255,09:44:04,6.89,-0.01,391,269771,卖盘
256,09:44:06,6.9,0.01,63,43415,买盘
257,09:44:09,6.89,-0.01,20,13789,卖盘
258,09:44:12,6.89,0.0,23,15859,卖盘
259,09:44:22,6.89,0.0,10,6899,卖盘
260,09:44:24,6.89,0.0,23,15849,卖盘
261,09:44:27,6.89,0.0,146,100594,卖盘
262,09:44:30,6.89,0.0,65,44785,卖盘
263,09:44:33,6.89,0.0,26,17929,卖盘
264,09:44:36,6.89,0.0,10,6890,卖盘
265,09:44:39,6.89,0.0,17,11723,卖盘
266,09:44:42,6.89,0.0,4,2756,卖盘
267,09:44:45,6.89,0.0,12,8269,卖盘
268,09:44:48,6.89,0.0,56,38607,卖盘
269,09:44:54,6.9,0.01,2,1380,买盘
270,09:44:57,6.9,0.0,14,9650,买盘
271,09:45:01,6.89,-0.01,31,21370,卖盘
272,09:45:04,6.9,0.01,30,20700,买盘
273,09:45:06,6.89,-0.01,52,35828,卖盘
274,09:45:09,6.9,0.01,514,354660,买盘
275,09:45:12,6.91,0.01,45,31051,买盘
276,09:45:15,6.9,-0.01,10,6901,卖盘
277,09:45:18,6.9,0.0,9,6210,卖盘
278,09:45:21,6.9,0.0,10,6900,卖盘
279,09:45:25,6.91,0.01,2,1382,买盘
280,09:45:30,6.91,0.0,31,21410,买盘
281,09:45:33,6.89,-0.02,164,113118,卖盘
282,09:45:36,6.9,0.01,46,31751,卖盘
283,09:45:39,6.9,0.0,17,11730,卖盘
284,09:45:42,6.9,0.0,1,690,卖盘
285,09:45:48,6.9,0.0,21,14490,卖盘
286,09:45:51,6.9,0.0,34,23449,卖盘
287,09:45:54,6.91,0.01,39,26912,买盘
288,09:46:04,6.9,-0.01,16,11040,卖盘
289,09:46:12,6.91,0.01,62,42792,买盘
290,09:46:15,6.9,-0.01,11,7590,卖盘
291,09:46:18,6.9,0.0,53,36613,卖盘
292,09:46:24,6.91,0.01,12,8281,买盘
293,09:46:27,6.9,-0.01,32,22104,卖盘
294,09:46:30,6.91,0.01,3,2073,买盘
295,09:46:33,6.91,0.0,30,20730,买盘
296,09:46:36,6.9,-0.01,23,15873,卖盘
297,09:46:40,6.9,0.0,143,98670,卖盘
298,09:46:42,6.9,0.0,20,13800,卖盘
299,09:46:45,6.91,0.01,15,10359,买盘
300,09:46:48,6.91,0.0,13,8971,买盘
301,09:46:51,6.91,0.0,10,6910,买盘
302,09:46:57,6.9,-0.01,45,31060,卖盘
303,09:47:04,6.91,0.01,16,11055,买盘
304,09:47:06,6.91,0.0,28,19347,买盘
305,09:47:09,6.9,-0.01,23,15872,卖盘
306,09:47:12,6.91,0.01,3,2073,买盘
307,09:47:18,6.91,0.0,11,7601,买盘
308,09:47:21,6.9,-0.01,25,17265,卖盘
309,09:47:24,6.91,0.01,1,691,买盘
310,09:47:27,6.91,0.0,25,17275,买盘
311,09:47:31,6.9,-0.01,10,6900,卖盘
312,09:47:33,6.91,0.01,49,33859,买盘
313,09:47:36,6.9,-0.01,13,8971,卖盘
314,09:47:39,6.91,0.01,10,6910,买盘
315,09:47:42,6.9,-0.01,11,7590,卖盘
316,09:47:45,6.9,0.0,144,99360,卖盘
317,09:47:48,6.9,0.0,151,104190,卖盘
318,09:47:51,6.9,0.0,13,8970,卖盘
319,09:47:54,6.9,0.0,13,8970,卖盘
320,09:47:57,6.91,0.01,15,10365,买盘
321,09:48:01,6.9,-0.01,47,32430,卖盘
322,09:48:04,6.9,0.0,16,11040,卖盘
323,09:48:06,6.9,0.0,12,8280,卖盘
324,09:48:09,6.9,0.0,365,251850,卖盘
325,09:48:12,6.9,0.0,67,46192,卖盘
326,09:48:15,6.9,0.0,27,18630,卖盘
327,09:48:18,6.91,0.01,41,28310,买盘
328,09:48:21,6.9,-0.01,12,8280,卖盘
329,09:48:28,6.9,0.0,160,110400,卖盘
330,09:48:30,6.9,0.0,15,10350,卖盘
331,09:48:33,6.91,0.01,7,4837,买盘
332,09:48:36,6.9,-0.01,37,25558,卖盘
333,09:48:42,6.91,0.01,99,68409,买盘
334,09:48:45,6.9,-0.01,12,8280,卖盘
335,09:48:48,6.9,0.0,35,24151,卖盘
336,09:48:52,6.91,0.01,146,100743,买盘
337,09:48:54,6.9,-0.01,17,11730,卖盘
338,09:49:00,6.9,0.0,12,8280,卖盘
339,09:49:03,6.9,0.0,2,1380,卖盘
340,09:49:09,6.9,0.0,10,6900,卖盘
341,09:49:13,6.91,0.01,1,691,买盘
342,09:49:21,6.9,-0.01,10,6900,卖盘
343,09:49:24,6.9,0.0,192,132671,卖盘
344,09:49:27,6.9,0.0,21,14491,卖盘
345,09:49:33,6.9,0.0,11,7590,卖盘
346,09:49:36,6.9,0.0,20,13800,卖盘
347,09:49:40,6.9,0.0,20,13800,卖盘
348,09:49:42,6.9,0.0,121,83490,卖盘
349,09:49:45,6.9,0.0,15,10350,卖盘
350,09:49:48,6.91,0.01,32,22108,买盘
351,09:49:51,6.91,0.0,5,3455,买盘
352,09:49:54,6.9,-0.01,91,62790,卖盘
353,09:49:57,6.9,0.0,159,109555,中性盘
354,09:50:00,6.9,0.0,36,24833,买盘
355,09:50:03,6.9,0.0,44,30360,卖盘
356,09:50:06,6.9,0.0,26,17932,卖盘
357,09:50:10,6.9,0.0,15,10350,中性盘
358,09:50:12,6.9,0.0,46,31745,卖盘
359,09:50:15,6.89,-0.01,36,24829,卖盘
360,09:50:19,6.9,0.01,19,13106,买盘
361,09:50:25,6.91,0.01,5,3455,买盘
362,09:50:27,6.9,-0.01,19,13110,卖盘
363,09:50:30,6.9,0.0,69,47610,卖盘
364,09:50:33,6.9,0.0,24,16560,卖盘
365,09:50:37,6.91,0.01,7,4834,买盘
366,09:50:39,6.89,-0.02,23,15872,卖盘
367,09:50:42,6.9,0.01,10,6900,卖盘
368,09:50:46,6.91,0.01,5,3455,买盘
369,09:50:49,6.9,-0.01,11,7591,卖盘
370,09:50:57,6.9,0.0,28,19325,卖盘
371,09:51:00,6.89,-0.01,57,39319,卖盘
372,09:51:04,6.89,0.0,145,99905,卖盘
373,09:51:06,6.9,0.01,34,23438,买盘
374,09:51:09,6.9,0.0,35,24150,买盘
375,09:51:12,6.89,-0.01,11,7579,卖盘
376,09:51:18,6.9,0.01,9,6206,买盘
377,09:51:21,6.89,-0.01,23,15848,卖盘
378,09:51:24,6.9,0.01,5,3450,买盘
379,09:51:28,6.9,0.0,20,13800,买盘
380,09:51:30,6.89,-0.01,22,15168,卖盘
381,09:51:33,6.89,0.0,13,8957,卖盘
382,09:51:36,6.89,0.0,2,1379,卖盘
383,09:51:39,6.89,0.0,20,13780,卖盘
384,09:51:42,6.9,0.01,5,3450,买盘
385,09:51:45,6.89,-0.01,31,21379,卖盘
386,09:51:48,6.89,0.0,14,9656,卖盘
387,09:51:51,6.9,0.01,5,3450,买盘
388,09:51:54,6.89,-0.01,10,6890,卖盘
389,09:51:57,6.9,0.01,3,2070,买盘
390,09:52:01,6.89,-0.01,16,11030,卖盘
391,09:52:06,6.89,0.0,55,37895,卖盘
392,09:52:09,6.89,0.0,153,105418,卖盘
393,09:52:12,6.89,0.0,18,12402,卖盘
394,09:52:15,6.9,0.01,19,13096,买盘
395,09:52:19,6.9,0.0,15,10339,买盘
396,09:52:24,6.89,-0.01,179,123373,卖盘
397,09:52:27,6.88,-0.01,23,15828,卖盘
398,09:52:30,6.89,0.01,26,17904,买盘
399,09:52:34,6.89,0.0,6,4134,买盘
400,09:52:36,6.89,0.0,29,19981,买盘
401,09:52:40,6.88,-0.01,26,17904,卖盘
402,09:52:45,6.89,0.01,11,7579,买盘
403,09:52:48,6.89,0.0,4,2756,买盘
404,09:52:51,6.88,-0.01,123,84627,卖盘
405,09:52:54,6.89,0.01,26,17894,买盘
406,09:52:57,6.89,0.0,5,3445,买盘
407,09:53:01,6.89,0.0,7,4823,买盘
408,09:53:04,6.88,-0.01,16,11013,卖盘
409,09:53:06,6.89,0.01,11,7579,买盘
410,09:53:09,6.89,0.0,6,4134,买盘
411,09:53:12,6.88,-0.01,14,9634,卖盘
412,09:53:15,6.88,0.0,143,98384,卖盘
413,09:53:18,6.88,0.0,35,24097,卖盘
414,09:53:24,6.88,0.0,144,99072,卖盘
415,09:53:27,6.88,0.0,14,9632,卖盘
416,09:53:30,6.88,0.0,10,6881,卖盘
417,09:53:33,6.89,0.01,12,8268,买盘
418,09:53:36,6.88,-0.01,71,48848,卖盘
419,09:53:43,6.88,0.0,2,1376,卖盘
420,09:53:45,6.88,0.0,1,688,卖盘
421,09:53:48,6.88,0.0,15,10320,卖盘
422,09:53:51,6.88,0.0,84,57806,卖盘
423,09:53:54,6.88,0.0,21,14448,卖盘
424,09:53:57,6.88,0.0,81,55728,卖盘
425,09:54:00,6.88,0.0,15,10320,卖盘
426,09:54:04,6.89,0.01,5,3443,买盘
427,09:54:06,6.88,-0.01,11,7568,卖盘
428,09:54:09,6.88,0.0,10,6880,卖盘
429,09:54:12,6.88,0.0,1,688,卖盘
430,09:54:18,6.88,0.0,28,19264,卖盘
431,09:54:22,6.89,0.01,155,106651,买盘
432,09:54:24,6.88,-0.01,47,32356,卖盘
433,09:54:27,6.88,0.0,90,61944,卖盘
434,09:54:30,6.88,0.0,71,48856,卖盘
435,09:54:36,6.89,0.01,280,192714,买盘
436,09:54:40,6.88,-0.01,30,20640,卖盘
437,09:54:42,6.88,0.0,20,13761,卖盘
438,09:54:45,6.88,0.0,1,688,卖盘
439,09:54:51,6.88,0.0,11,7568,卖盘
440,09:54:54,6.89,0.01,4,2756,买盘
441,09:54:57,6.88,-0.01,9,6192,卖盘
442,09:55:04,6.89,0.01,394,271450,买盘
443,09:55:06,6.88,-0.01,54,37162,卖盘
444,09:55:09,6.89,0.01,10,6890,买盘
445,09:55:12,6.89,0.0,50,34450,买盘
446,09:55:16,6.88,-0.01,120,82560,卖盘
447,09:55:18,6.89,0.01,39,26861,买盘
448,09:55:21,6.89,0.0,10,6890,买盘
449,09:55:24,6.88,-0.01,27,18592,卖盘
450,09:55:27,6.89,0.01,158,108719,买盘
451,09:55:30,6.88,-0.01,145,99813,卖盘
452,09:55:33,6.89,0.01,13,8946,买盘
453,09:55:36,6.88,-0.01,22,15149,卖盘
454,09:55:39,6.89,0.01,66,45474,买盘
455,09:55:42,6.88,-0.01,9,6192,卖盘
456,09:55:45,6.89,0.01,1,689,买盘
457,09:55:48,6.88,-0.01,15,10325,卖盘
458,09:55:52,6.88,0.0,37,25456,卖盘
459,09:55:57,6.88,0.0,14,9632,卖盘
460,09:56:00,6.89,0.01,152,104628,买盘
461,09:56:04,6.88,-0.01,40,27520,卖盘
462,09:56:06,6.89,0.01,1,689,买盘
463,09:56:09,6.88,-0.01,10,6880,卖盘
464,09:56:13,6.89,0.01,34,23426,买盘
465,09:56:15,6.89,0.0,10,6890,买盘
466,09:56:18,6.88,-0.01,38,26144,卖盘
467,09:56:22,6.88,0.0,33,22704,卖盘
468,09:56:24,6.88,0.0,21,14468,卖盘
469,09:56:28,6.89,0.01,141,97149,买盘
470,09:56:31,6.88,-0.01,32,22017,卖盘
471,09:56:33,6.89,0.01,148,101826,买盘
472,09:56:36,6.88,-0.01,20,13766,卖盘
473,09:56:39,6.88,0.0,15,10325,卖盘
474,09:56:42,6.88,0.0,51,35130,卖盘
475,09:56:45,6.89,0.01,22,15158,买盘
476,09:56:48,6.89,0.0,1,689,买盘
477,09:56:51,6.88,-0.01,9,6197,卖盘
478,09:56:54,6.89,0.01,137,94393,买盘
479,09:56:57,6.89,0.0,42,28938,卖盘
480,09:57:00,6.9,0.01,23,15870,买盘
481,09:57:04,6.89,-0.01,35,24141,卖盘
482,09:57:09,6.9,0.01,1,690,买盘
483,09:57:12,6.89,-0.01,57,39273,卖盘
484,09:57:15,6.9,0.01,37,25499,买盘
485,09:57:21,6.9,0.0,27,18630,买盘
486,09:57:27,6.9,0.0,13,8957,买盘
487,09:57:30,6.9,0.0,22,15180,买盘
488,09:57:36,6.89,-0.01,13,8967,卖盘
489,09:57:39,6.9,0.01,162,111524,买盘
490,09:57:42,6.9,0.0,54,37237,买盘
491,09:57:45,6.9,0.0,19,13110,买盘
492,09:57:48,6.89,-0.01,27,18603,卖盘
493,09:57:57,6.89,0.0,1,689,卖盘
494,09:58:00,6.9,0.01,12,8269,买盘
495,09:58:04,6.89,-0.01,1,689,卖盘
496,09:58:12,6.89,0.0,21,14469,卖盘
497,09:58:16,6.89,0.0,11,7580,卖盘
498,09:58:21,6.89,0.0,49,33761,卖盘
499,09:58:24,6.9,0.01,5,3450,买盘
500,09:58:34,6.9,0.0,14,9651,买盘
501,09:58:39,6.89,-0.01,9,6202,卖盘
502,09:58:42,6.89,0.0,21,14480,卖盘
503,09:58:45,6.88,-0.01,169,116372,卖盘
504,09:58:48,6.88,0.0,25,17203,卖盘
505,09:58:51,6.89,0.01,33,22737,中性盘
506,09:58:54,6.9,0.01,39,26869,买盘
507,09:58:57,6.9,0.0,15,10350,买盘
508,09:59:04,6.88,-0.02,46,31705,卖盘
509,09:59:06,6.88,0.0,132,90826,卖盘
510,09:59:09,6.88,0.0,24,16525,卖盘
511,09:59:15,6.88,0.0,2,1377,卖盘
512,09:59:18,6.88,0.0,10,6880,卖盘
513,09:59:24,6.88,0.0,5,3440,卖盘
514,09:59:27,6.88,0.0,15,10330,卖盘
515,09:59:33,6.89,0.01,59,40820,买盘
516,09:59:36,6.89,0.0,30,20670,卖盘
517,09:59:39,6.88,-0.01,27,18599,卖盘
518,09:59:45,6.9,0.02,19,13100,买盘
519,09:59:48,6.9,0.0,1,690,买盘
520,09:59:51,6.88,-0.02,153,105266,卖盘
521,09:59:54,6.89,0.01,36,24824,卖盘
522,10:00:00,6.9,0.01,1,690,买盘
523,10:00:04,6.88,-0.02,10,6880,卖盘
524,10:00:06,6.89,0.01,1,689,卖盘
525,10:00:09,6.9,0.01,1,690,买盘
526,10:00:12,6.89,-0.01,11,7579,卖盘
527,10:00:16,6.9,0.01,5,3446,买盘
528,10:00:18,6.89,-0.01,8,5512,卖盘
529,10:00:21,6.89,0.0,33,22737,买盘
530,10:00:24,6.89,0.0,53,36507,中性盘
531,10:00:27,6.88,-0.01,13,8944,卖盘
532,10:00:30,6.88,0.0,20,13760,卖盘
533,10:00:33,6.88,0.0,9,6192,卖盘
534,10:00:39,6.89,0.01,80,55120,买盘
535,10:00:45,6.89,0.0,11,7579,卖盘
536,10:00:48,6.89,0.0,10,6890,卖盘
537,10:00:51,6.89,0.0,23,15848,卖盘
538,10:00:54,6.89,0.0,1,689,卖盘
539,10:00:57,6.88,-0.01,154,106001,卖盘
540,10:01:00,6.88,0.0,16,11008,卖盘
541,10:01:04,6.89,0.01,6,4134,买盘
542,10:01:06,6.9,0.01,77,53126,买盘
543,10:01:09,6.89,-0.01,60,41331,卖盘
544,10:01:12,6.89,0.0,12,8268,卖盘
545,10:01:15,6.89,0.0,8,5512,卖盘
546,10:01:18,6.88,-0.01,57,39262,卖盘
547,10:01:21,6.89,0.01,2,1378,买盘
548,10:01:24,6.89,0.0,14,9646,买盘
549,10:01:27,6.89,0.0,23,15847,买盘
550,10:01:31,6.88,-0.01,52,35806,卖盘
551,10:01:33,6.89,0.01,4,2756,买盘
552,10:01:39,6.89,0.0,100,68900,买盘
553,10:01:42,6.88,-0.01,50,34430,卖盘
554,10:01:45,6.88,0.0,1,688,卖盘
555,10:01:49,6.89,0.01,211,145179,买盘
556,10:01:51,6.88,-0.01,49,33729,卖盘
557,10:01:54,6.89,0.01,2,1378,买盘
558,10:01:58,6.88,-0.01,9,6192,卖盘
559,10:02:03,6.89,0.01,192,132134,买盘
560,10:02:06,6.88,-0.01,27,18583,卖盘
561,10:02:09,6.89,0.01,19,13091,买盘
562,10:02:12,6.89,0.0,6,4134,买盘
563,10:02:15,6.89,0.0,30,20658,买盘
564,10:02:18,6.89,0.0,23,15847,买盘
565,10:02:21,6.89,0.0,104,71656,买盘
566,10:02:24,6.89,0.0,27,18603,卖盘
567,10:02:30,6.9,0.01,1,690,买盘
568,10:02:36,6.89,-0.01,11,7579,卖盘
569,10:02:39,6.9,0.01,60,41400,买盘
570,10:02:42,6.89,-0.01,8,5512,卖盘
571,10:02:45,6.89,0.0,4,2756,卖盘
572,10:02:48,6.89,0.0,11,7579,卖盘
573,10:02:58,6.89,0.0,11,7579,卖盘
574,10:03:00,6.89,0.0,10,6890,卖盘
575,10:03:06,6.9,0.01,13,8958,买盘
576,10:03:10,6.89,-0.01,161,110929,卖盘
577,10:03:12,6.89,0.0,46,31710,卖盘
578,10:03:15,6.9,0.01,38,26220,买盘
579,10:03:18,6.89,-0.01,20,13780,卖盘
580,10:03:21,6.89,0.0,11,7579,卖盘
581,10:03:27,6.9,0.01,13,8970,买盘
582,10:03:30,6.9,0.0,131,90371,买盘
583,10:03:33,6.89,-0.01,51,35179,卖盘
584,10:03:36,6.9,0.01,5,3450,买盘
585,10:03:39,6.89,-0.01,20,13793,卖盘
586,10:03:42,6.89,0.0,89,61322,卖盘
587,10:03:45,6.89,0.0,14,9646,卖盘
588,10:03:48,6.89,0.0,83,57195,卖盘
589,10:03:51,6.9,0.01,1,690,买盘
590,10:03:54,6.89,-0.01,16,11024,卖盘
591,10:03:57,6.9,0.01,1,690,买盘
592,10:04:04,6.89,-0.01,13,8959,卖盘
593,10:04:06,6.89,0.0,11,7579,卖盘
594,10:04:09,6.9,0.01,2,1380,买盘
595,10:04:15,6.9,0.0,154,106107,买盘
596,10:04:18,6.89,-0.01,34,23447,卖盘
597,10:04:21,6.9,0.01,2,1380,买盘
598,10:04:27,6.9,0.0,18,12409,买盘
599,10:04:33,6.9,0.0,4,2760,买盘
600,10:04:37,6.89,-0.01,18,12410,卖盘
601,10:04:39,6.89,0.0,9,6201,卖盘
602,10:04:48,6.89,0.0,30,20680,卖盘
603,10:04:54,6.9,0.01,2,1380,买盘
604,10:04:57,6.89,-0.01,10,6890,卖盘
605,10:05:00,6.9,0.01,103,71059,买盘
606,10:05:09,6.9,0.0,12,8280,卖盘
607,10:05:12,6.9,0.0,10,6900,卖盘
608,10:05:15,6.91,0.01,220,152020,买盘
609,10:05:18,6.91,0.0,21,14484,买盘
610,10:05:21,6.91,0.0,159,109587,买盘
611,10:05:24,6.91,0.0,37,25553,买盘
612,10:05:31,6.91,0.0,12,8292,买盘
613,10:05:33,6.9,-0.01,13,8972,卖盘
614,10:05:36,6.91,0.01,18,12438,买盘
615,10:05:40,6.91,0.0,9,6219,买盘
616,10:05:42,6.91,0.0,31,21410,买盘
617,10:05:45,6.9,-0.01,27,18647,卖盘
618,10:05:51,6.91,0.01,8,5528,买盘
619,10:05:54,6.9,-0.01,28,19337,卖盘
620,10:06:00,6.91,0.01,238,164458,买盘
621,10:06:04,6.92,0.01,36,24880,买盘
622,10:06:06,6.92,0.0,12,8284,买盘
623,10:06:09,6.92,0.0,24,16608,买盘
624,10:06:12,6.92,0.0,15,10380,买盘
625,10:06:16,6.91,-0.01,11,7603,卖盘
626,10:06:18,6.92,0.01,152,105184,买盘
627,10:06:21,6.92,0.0,44,30448,卖盘
628,10:06:24,6.93,0.01,208,144144,买盘
629,10:06:27,6.93,0.0,174,120582,卖盘
630,10:06:30,6.94,0.01,17,11785,买盘
631,10:06:39,6.94,0.0,136,94373,买盘
632,10:06:42,6.94,0.0,35,24270,买盘
633,10:06:48,6.94,0.0,15,10410,买盘
634,10:06:51,6.95,0.01,41,28464,买盘
635,10:07:00,6.94,-0.01,12,8328,卖盘
636,10:07:06,6.95,0.01,6,4170,买盘
637,10:07:09,6.94,-0.01,35,24323,卖盘
638,10:07:12,6.94,0.0,328,227939,卖盘
639,10:07:15,6.95,0.01,32,22212,买盘
640,10:07:25,6.94,-0.01,9,6246,卖盘
641,10:07:27,6.95,0.01,3,2085,买盘
642,10:07:30,6.95,0.0,11,7645,买盘
643,10:07:33,6.93,-0.02,153,106176,卖盘
644,10:07:36,6.93,0.0,16,11088,卖盘
645,10:07:39,6.95,0.02,37,25701,买盘
646,10:07:45,6.93,-0.02,11,7623,卖盘
647,10:07:49,6.94,0.01,4,2776,中性盘
648,10:07:54,6.94,0.0,3,2082,买盘
649,10:07:57,6.93,-0.01,10,6930,卖盘
650,10:08:00,6.94,0.01,13,9022,卖盘
651,10:08:03,6.94,0.0,7,4858,卖盘
652,10:08:06,6.94,0.0,60,41630,买盘
653,10:08:09,6.94,0.0,58,40237,买盘
654,10:08:18,6.94,0.0,11,7634,卖盘
655,10:08:21,6.95,0.01,15,10420,买盘
656,10:08:27,6.95,0.0,70,48650,买盘
657,10:08:30,6.94,-0.01,24,16657,卖盘
658,10:08:37,6.95,0.01,2,1390,买盘
659,10:08:39,6.95,0.0,189,131200,买盘
660,10:08:42,6.94,-0.01,25,17350,卖盘
661,10:08:45,6.95,0.01,4,2780,买盘
662,10:08:48,6.95,0.0,104,72280,买盘
663,10:08:51,6.94,-0.01,21,14574,卖盘
664,10:09:03,6.95,0.01,30,20839,买盘
665,10:09:06,6.95,0.0,2,1390,买盘
666,10:09:12,6.95,0.0,17,11804,买盘
667,10:09:15,6.95,0.0,10,6950,买盘
668,10:09:24,6.94,-0.01,10,6940,卖盘
669,10:09:31,6.95,0.01,22,15290,买盘
670,10:09:36,6.94,-0.01,9,6246,卖盘
671,10:09:39,6.94,0.0,10,6940,卖盘
672,10:09:42,6.95,0.01,3,2085,买盘
673,10:09:45,6.95,0.0,157,108868,买盘
674,10:09:48,6.93,-0.02,41,28443,卖盘
675,10:09:57,6.95,0.02,12,8320,买盘
676,10:10:04,6.94,-0.01,26,18044,中性盘
677,10:10:07,6.94,0.0,10,6940,买盘
678,10:10:09,6.93,-0.01,9,6237,卖盘
679,10:10:15,6.94,0.01,30,20820,买盘
680,10:10:19,6.93,-0.01,40,27740,卖盘
681,10:10:30,6.94,0.01,22,15257,买盘
682,10:10:40,6.94,0.0,13,9022,买盘
683,10:10:42,6.94,0.0,16,11104,卖盘
684,10:10:52,6.93,-0.01,130,90092,卖盘
685,10:10:54,6.92,-0.01,20,13842,卖盘
686,10:10:57,6.93,0.01,1,693,买盘
687,10:11:00,6.93,0.0,1,693,买盘
688,10:11:03,6.92,-0.01,36,24950,卖盘
689,10:11:16,6.94,0.02,12,8317,买盘
690,10:11:18,6.94,0.0,13,9022,卖盘
691,10:11:21,6.95,0.01,68,47243,买盘
692,10:11:24,6.92,-0.03,21,14536,卖盘
693,10:11:34,6.95,0.03,9,6255,买盘
694,10:11:36,6.93,-0.02,11,7632,卖盘
695,10:11:49,6.95,0.02,22,15280,买盘
696,10:11:57,6.93,-0.02,115,79708,卖盘
697,10:12:00,6.94,0.01,76,52677,买盘
698,10:12:06,6.94,0.0,49,34006,买盘
699,10:12:09,6.93,-0.01,30,20800,卖盘
700,10:12:12,6.94,0.01,1,694,买盘
701,10:12:18,6.94,0.0,4,2776,买盘
702,10:12:21,6.93,-0.01,10,6930,卖盘
703,10:12:27,6.94,0.01,20,13880,买盘
704,10:12:31,6.94,0.0,39,27066,买盘
705,10:12:33,6.94,0.0,11,7634,卖盘
706,10:12:36,6.94,0.0,17,11798,卖盘
707,10:12:39,6.93,-0.01,11,7623,卖盘
708,10:12:42,6.93,0.0,10,6930,卖盘
709,10:12:45,6.93,0.0,27,18713,卖盘
710,10:12:49,6.93,0.0,16,11088,卖盘
711,10:12:51,6.95,0.02,31,21544,买盘
712,10:12:54,6.94,-0.01,28,19432,卖盘
713,10:12:57,6.93,-0.01,58,40243,卖盘
714,10:13:03,6.92,-0.01,143,99032,卖盘
715,10:13:06,6.92,0.0,27,18689,卖盘
716,10:13:10,6.94,0.02,23,15942,买盘
717,10:13:13,6.95,0.01,24,16657,买盘
718,10:13:16,6.95,0.0,62,43019,买盘
719,10:13:18,6.92,-0.03,31,21514,卖盘
720,10:13:27,6.92,0.0,9,6232,卖盘
721,10:13:33,6.94,0.02,28,19432,买盘
722,10:13:36,6.94,0.0,1,694,买盘
723,10:13:39,6.93,-0.01,10,6930,卖盘
724,10:13:45,6.94,0.01,13,9022,买盘
725,10:13:49,6.93,-0.01,11,7623,卖盘
726,10:13:52,6.94,0.01,9,6246,买盘
727,10:13:54,6.94,0.0,2,1388,买盘
728,10:14:00,6.93,-0.01,14,9707,卖盘
729,10:14:04,6.93,0.0,10,6930,卖盘
730,10:14:09,6.92,-0.01,143,98961,卖盘
731,10:14:12,6.92,0.0,24,16608,卖盘
732,10:14:18,6.94,0.02,3,2082,买盘
733,10:14:21,6.94,0.0,42,29126,买盘
734,10:14:27,6.94,0.0,1,694,买盘
735,10:14:30,6.92,-0.02,10,6920,卖盘
736,10:14:33,6.92,0.0,10,6920,卖盘
737,10:14:42,6.92,0.0,6,4152,卖盘
738,10:14:45,6.92,0.0,15,10380,卖盘
739,10:14:54,6.92,0.0,9,6228,卖盘
740,10:15:03,6.93,0.01,2,1386,买盘
741,10:15:06,6.92,-0.01,26,17997,卖盘
742,10:15:09,6.93,0.01,10,6930,买盘
743,10:15:15,6.92,-0.01,154,106578,卖盘
744,10:15:18,6.92,0.0,27,18684,卖盘
745,10:15:27,6.92,0.0,10,6920,卖盘
746,10:15:30,6.93,0.01,10,6930,买盘
747,10:15:40,6.91,-0.02,9,6223,卖盘
748,10:15:48,6.91,0.0,4,2764,卖盘
749,10:15:51,6.92,0.01,27,18674,买盘
750,10:15:54,6.92,0.0,1,692,买盘
751,10:16:00,6.91,-0.01,11,7601,卖盘
752,10:16:04,6.92,0.01,30,20760,买盘
753,10:16:06,6.91,-0.01,10,6910,卖盘
754,10:16:12,6.91,0.0,11,7601,卖盘
755,10:16:18,6.92,0.01,10,6920,买盘
756,10:16:22,6.91,-0.01,143,98813,卖盘
757,10:16:25,6.91,0.0,23,15893,卖盘
758,10:16:27,6.92,0.01,51,35242,买盘
759,10:16:33,6.91,-0.01,25,17275,卖盘
760,10:16:45,6.9,-0.01,51,35230,卖盘
761,10:16:48,6.92,0.02,23,15894,买盘
762,10:16:52,6.9,-0.02,6,4145,卖盘
763,10:16:57,6.91,0.01,10,6910,卖盘
764,10:17:04,6.92,0.01,7,4844,买盘
765,10:17:06,6.91,-0.01,11,7601,卖盘
766,10:17:09,6.91,0.0,30,20730,卖盘
767,10:17:19,6.92,0.01,30,20749,买盘
768,10:17:27,6.9,-0.02,143,98716,卖盘
769,10:17:30,6.9,0.0,31,21390,卖盘
770,10:17:33,6.92,0.02,10,6920,买盘
771,10:17:39,6.9,-0.02,12,8284,卖盘
772,10:17:45,6.9,0.0,1000,690005,卖盘
773,10:17:48,6.9,0.0,83,57270,卖盘
774,10:17:51,6.89,-0.01,11,7588,卖盘
775,10:17:57,6.92,0.03,3,2076,买盘
776,10:18:03,6.9,-0.02,11,7600,卖盘
777,10:18:06,6.91,0.01,17,11737,买盘
778,10:18:10,6.91,0.0,10,6910,买盘
779,10:18:13,6.9,-0.01,14,9663,卖盘
780,10:18:16,6.91,0.01,2,1382,买盘
781,10:18:18,6.91,0.0,8,5528,买盘
782,10:18:21,6.91,0.0,15,10365,买盘
783,10:18:24,6.9,-0.01,11,7590,卖盘
784,10:18:27,6.91,0.01,10,6910,买盘
785,10:18:33,6.9,-0.01,306,211140,卖盘
786,10:18:36,6.9,0.0,43,29670,卖盘
787,10:18:40,6.92,0.02,60,41520,买盘
788,10:18:42,6.92,0.0,84,57962,买盘
789,10:18:45,6.9,-0.02,213,147000,卖盘
790,10:18:48,6.9,0.0,29,20010,卖盘
791,10:18:57,6.91,0.01,18,12438,卖盘
792,10:19:00,6.92,0.01,4,2768,买盘
793,10:19:04,6.91,-0.01,13,8983,卖盘
794,10:19:09,6.91,0.0,13,8972,买盘
795,10:19:12,6.91,0.0,8,5528,买盘
796,10:19:15,6.92,0.01,337,232974,买盘
797,10:19:18,6.92,0.0,35,24220,卖盘
798,10:19:22,6.92,0.0,11,7612,卖盘
799,10:19:31,6.92,0.0,10,6920,卖盘
800,10:19:33,6.93,0.01,230,159161,买盘
801,10:19:36,6.92,-0.01,26,17992,卖盘
802,10:19:39,6.91,-0.01,85,58782,卖盘
803,10:19:42,6.91,0.0,18,12427,买盘
804,10:19:45,6.9,-0.01,51,35233,卖盘
805,10:19:49,6.91,0.01,23,15893,买盘
806,10:19:54,6.9,-0.01,9,6215,卖盘
807,10:20:03,6.9,0.0,21,14500,卖盘
808,10:20:10,6.91,0.01,1,691,买盘
809,10:20:12,6.91,0.0,5,3455,买盘
810,10:20:15,6.91,0.0,70,48360,买盘
811,10:20:18,6.9,-0.01,10,6900,卖盘
812,10:20:27,6.91,0.01,12,8281,买盘
813,10:20:33,6.9,-0.01,226,155940,卖盘
814,10:20:36,6.91,0.01,49,33827,买盘
815,10:20:45,6.9,-0.01,143,98670,卖盘
816,10:20:48,6.9,0.0,24,16560,卖盘
817,10:21:00,6.91,0.01,12,8281,买盘
818,10:21:04,6.9,-0.01,268,184940,卖盘
819,10:21:06,6.9,0.0,25,17250,卖盘
820,10:21:09,6.9,0.0,11,7590,卖盘
821,10:21:21,6.9,0.0,9,6210,卖盘
822,10:21:24,6.91,0.01,10,6910,买盘
823,10:21:33,6.91,0.0,34,23494,卖盘
824,10:21:42,6.91,0.0,36,24865,买盘
825,10:21:45,6.9,-0.01,53,36620,卖盘
826,10:21:48,6.9,0.0,17,11733,卖盘
827,10:21:51,6.91,0.01,144,99361,买盘
828,10:21:54,6.91,0.0,75,51801,买盘
829,10:21:58,6.91,0.0,7,4837,买盘
830,10:22:01,6.91,0.0,6,4146,买盘
831,10:22:04,6.9,-0.01,303,209121,卖盘
832,10:22:06,6.9,0.0,41,28290,卖盘
833,10:22:12,6.91,0.01,5,3455,买盘
834,10:22:15,6.9,-0.01,12,8282,卖盘
835,10:22:18,6.9,0.0,27,18630,卖盘
836,10:22:24,6.91,0.01,1,691,买盘
837,10:22:28,6.9,-0.01,11,7590,卖盘
838,10:22:31,6.9,0.0,27,18630,卖盘
839,10:22:33,6.9,0.0,113,77989,卖盘
840,10:22:36,6.9,0.0,35,24132,买盘
841,10:22:39,6.9,0.0,17,11720,买盘
842,10:22:48,6.89,-0.01,72,49623,卖盘
843,10:22:54,6.89,0.0,9,6201,卖盘
844,10:22:57,6.89,0.0,154,106106,卖盘
845,10:23:00,6.89,0.0,97,66838,卖盘
846,10:23:04,6.89,0.0,186,128154,卖盘
847,10:23:06,6.89,0.0,93,63990,买盘
848,10:23:09,6.89,0.0,4,2756,买盘
849,10:23:12,6.89,0.0,87,59932,买盘
850,10:23:15,6.89,0.0,15,10335,卖盘
851,10:23:18,6.9,0.01,1,690,买盘
852,10:23:22,6.89,-0.01,9,6201,卖盘
853,10:23:25,6.9,0.01,2,1380,买盘
854,10:23:30,6.89,-0.01,514,354150,卖盘
855,10:23:33,6.89,0.0,290,199810,卖盘
856,10:23:36,6.89,0.0,21,14469,卖盘
857,10:23:39,6.9,0.01,1,690,买盘
858,10:23:45,6.89,-0.01,10,6890,卖盘
859,10:23:48,6.9,0.01,4,2760,买盘
860,10:23:51,6.9,0.0,6,4140,买盘
861,10:23:54,6.89,-0.01,10,6890,卖盘
862,10:24:04,6.89,0.0,303,208767,卖盘
863,10:24:06,6.89,0.0,40,27560,卖盘
864,10:24:15,6.9,0.01,5,3450,买盘
865,10:24:18,6.9,0.0,11,7580,买盘
866,10:24:24,6.9,0.0,48,33123,买盘
867,10:24:28,6.89,-0.01,20,13790,卖盘
868,10:24:33,6.89,0.0,161,110930,卖盘
869,10:24:36,6.89,0.0,80,55120,卖盘
870,10:24:39,6.91,0.02,11,7581,买盘
871,10:24:42,6.91,0.0,1,691,买盘
872,10:24:48,6.91,0.0,3,2073,买盘
873,10:24:51,6.89,-0.02,11,7579,卖盘
874,10:24:57,6.91,0.02,17,11747,买盘
875,10:25:04,6.9,-0.01,26,17940,卖盘
876,10:25:06,6.89,-0.01,48,33109,卖盘
877,10:25:09,6.89,0.0,143,98527,卖盘
878,10:25:12,6.89,0.0,26,17914,卖盘
879,10:25:15,6.89,0.0,20,13454,卖盘
880,10:25:21,6.89,0.0,60,41340,卖盘
881,10:25:24,6.9,0.01,12,8271,买盘
882,10:25:30,6.9,0.0,1,690,买盘
883,10:25:33,6.89,-0.01,229,157781,卖盘
884,10:25:36,6.89,0.0,40,27560,卖盘
885,10:25:39,6.9,0.01,1,690,买盘
886,10:25:46,6.89,-0.01,11,7579,卖盘
887,10:25:54,6.89,0.0,6,4139,卖盘
888,10:25:57,6.89,0.0,11,7579,卖盘
889,10:26:04,6.89,0.0,255,175729,卖盘
890,10:26:06,6.89,0.0,26,17914,卖盘
891,10:26:10,6.9,0.01,14,9650,中性盘
892,10:26:12,6.9,0.0,4,2760,卖盘
893,10:26:15,6.89,-0.01,194,133669,卖盘
894,10:26:18,6.89,0.0,28,19292,卖盘
895,10:26:22,6.91,0.02,2,1380,买盘
896,10:26:25,6.91,0.0,2,1382,买盘
897,10:26:27,6.91,0.0,12,8292,买盘
898,10:26:31,6.89,-0.02,11,7579,卖盘
899,10:26:33,6.89,0.0,169,116786,卖盘
900,10:26:36,6.89,0.0,59,40320,买盘
901,10:26:39,6.91,0.02,1,691,买盘
902,10:26:42,6.89,-0.02,11,7579,卖盘
903,10:26:51,6.89,0.0,11,7579,卖盘
904,10:26:57,6.91,0.02,1,691,买盘
905,10:27:00,6.91,0.0,6,4146,买盘
906,10:27:03,6.89,-0.02,209,144012,卖盘
907,10:27:06,6.89,0.0,25,17225,卖盘
908,10:27:12,6.91,0.02,2,1382,买盘
909,10:27:15,6.89,-0.02,11,7583,卖盘
910,10:27:21,6.91,0.02,158,108902,买盘
911,10:27:24,6.89,-0.02,26,17916,卖盘
912,10:27:27,6.9,0.01,7,4830,卖盘
913,10:27:30,6.91,0.01,2,1382,买盘
914,10:27:33,6.9,-0.01,14,9660,卖盘
915,10:27:37,6.9,0.0,46,31729,买盘
916,10:27:40,6.9,0.0,1,690,买盘
917,10:27:42,6.9,0.0,2,1380,买盘
918,10:27:48,6.9,0.0,51,35180,买盘
919,10:27:51,6.88,-0.02,1640,1128548,卖盘
920,10:27:54,6.88,0.0,131,90133,卖盘
921,10:27:57,6.9,0.02,27,18586,买盘
922,10:28:01,6.9,0.0,1,690,买盘
923,10:28:04,6.88,-0.02,122,84113,卖盘
924,10:28:06,6.88,0.0,95,65188,买盘
925,10:28:09,6.89,0.01,11,7571,中性盘
926,10:28:12,6.91,0.02,2,1382,买盘
927,10:28:15,6.92,0.01,40,27673,买盘
928,10:28:19,6.89,-0.03,32,22048,卖盘
929,10:28:21,6.92,0.03,29,19995,买盘
930,10:28:24,6.92,0.0,24,16608,买盘
931,10:28:27,6.89,-0.03,143,98532,卖盘
932,10:28:31,6.89,0.0,31,21362,卖盘
933,10:28:33,6.89,0.0,45,31011,卖盘
934,10:28:36,6.89,0.0,2,1378,买盘
935,10:28:39,6.89,0.0,41,28249,买盘
936,10:28:42,6.89,0.0,67,46152,买盘
937,10:28:45,6.88,-0.01,138,95071,卖盘
938,10:28:48,6.89,0.01,11,7579,卖盘
939,10:28:51,6.92,0.03,1,692,买盘
940,10:28:55,6.89,-0.03,10,6890,卖盘
941,10:28:58,6.92,0.03,12,8304,买盘
942,10:29:01,6.92,0.0,11,7612,中性盘
943,10:29:04,6.89,-0.03,209,143998,卖盘
944,10:29:06,6.88,-0.01,28,19283,卖盘
945,10:29:12,6.92,0.04,3,2076,买盘
946,10:29:15,6.89,-0.03,11,7579,卖盘
947,10:29:21,6.92,0.03,4,2768,买盘
948,10:29:24,6.9,-0.02,1,690,卖盘
949,10:29:27,6.9,0.0,11,7590,卖盘
950,10:29:33,6.9,0.0,148,102013,卖盘
951,10:29:36,6.89,-0.01,44,30334,卖盘
952,10:29:40,6.9,0.01,1,690,买盘
953,10:29:43,6.9,0.0,2,1380,买盘
954,10:29:45,6.9,0.0,5,3450,买盘
955,10:29:48,6.89,-0.01,12,8271,卖盘
956,10:29:52,6.9,0.01,5,3447,买盘
957,10:29:54,6.9,0.0,2,1380,买盘
958,10:29:57,6.9,0.0,1,690,买盘
959,10:30:00,6.89,-0.01,11,7579,卖盘
960,10:30:03,6.89,0.0,252,173645,卖盘
961,10:30:06,6.88,-0.01,37,25465,卖盘
962,10:30:09,6.88,0.0,11,7568,卖盘
963,10:30:12,6.9,0.02,2,1380,买盘
964,10:30:15,6.9,0.0,3,2070,买盘
965,10:30:21,6.9,0.0,16,11029,买盘
966,10:30:33,6.89,-0.01,33,22740,卖盘
967,10:30:36,6.89,0.0,28,19292,买盘
968,10:30:39,6.9,0.01,299,205882,买盘
969,10:30:42,6.9,0.0,35,24150,卖盘
970,10:30:45,6.9,0.0,11,7590,卖盘
971,10:30:49,6.9,0.0,5,3450,卖盘
972,10:30:52,6.9,0.0,2,1380,买盘
973,10:30:54,6.89,-0.01,14,9651,卖盘
974,10:30:57,6.89,0.0,4,2930,卖盘
975,10:31:00,6.89,0.0,9,6201,卖盘
976,10:31:03,6.89,0.0,148,101802,卖盘
977,10:31:07,6.88,-0.01,37,25465,卖盘
978,10:31:09,6.88,0.0,21,14451,卖盘
979,10:31:12,6.89,0.01,33,22909,买盘
980,10:31:15,6.9,0.01,24,16560,卖盘
981,10:31:18,6.9,0.0,50,34328,卖盘
982,10:31:21,6.92,0.02,39,26926,买盘
983,10:31:24,6.88,-0.04,34,23415,卖盘
984,10:31:27,6.9,0.02,11,7590,中性盘
985,10:31:34,6.9,0.0,60,41402,卖盘
986,10:31:36,6.89,-0.01,12,8268,卖盘
987,10:31:39,6.9,0.01,11,7581,买盘
988,10:31:42,6.9,0.0,21,14482,买盘
989,10:31:45,6.9,0.0,144,99217,买盘
990,10:31:48,6.89,-0.01,15,10335,卖盘
991,10:31:52,6.9,0.01,12,8270,买盘
992,10:31:58,6.89,-0.01,10,6890,卖盘
993,10:32:01,6.89,0.0,11,7579,卖盘
994,10:32:04,6.89,0.0,196,135047,卖盘
995,10:32:06,6.89,0.0,21,14469,卖盘
996,10:32:12,6.9,0.01,19,13092,买盘
997,10:32:15,6.9,0.0,5,3450,买盘
998,10:32:21,6.9,0.0,11,7581,买盘
999,10:32:25,6.9,0.0,19,13100,买盘
1000,10:32:27,6.9,0.0,5,3450,卖盘
1001,10:32:33,6.9,0.0,268,184922,卖盘
1002,10:32:36,6.91,0.01,29,20011,买盘
1003,10:32:39,6.9,-0.01,22,15180,卖盘
1004,10:32:42,6.91,0.01,1,691,买盘
1005,10:32:46,6.89,-0.02,12,8271,卖盘
1006,10:32:48,6.89,0.0,9,6201,卖盘
1007,10:32:51,6.91,0.02,182,125474,买盘
1008,10:32:54,6.89,-0.02,20,13780,卖盘
1009,10:32:57,6.89,0.0,10,6890,卖盘
1010,10:33:03,6.89,0.0,102,70278,卖盘
1011,10:33:07,6.88,-0.01,24,16515,卖盘
1012,10:33:09,6.89,0.01,21,14469,买盘
1013,10:33:15,6.89,0.0,3,2067,买盘
1014,10:33:18,6.88,-0.01,11,7568,卖盘
1015,10:33:21,6.89,0.01,23,15847,买盘
1016,10:33:24,6.89,0.0,10,6890,买盘
1017,10:33:27,6.89,0.0,8,5512,买盘
1018,10:33:30,6.89,0.0,23,15836,买盘
1019,10:33:33,6.88,-0.01,121,83257,卖盘
1020,10:33:36,6.88,0.0,105,72240,卖盘
1021,10:33:39,6.88,0.0,11,7568,卖盘
1022,10:33:49,6.88,0.0,10,6880,卖盘
1023,10:33:51,6.88,0.0,21,14448,卖盘
1024,10:33:57,6.88,0.0,143,98384,卖盘
1025,10:34:00,6.88,0.0,14,9632,卖盘
1026,10:34:03,6.88,0.0,234,160992,卖盘
1027,10:34:06,6.88,0.0,20,13760,卖盘
1028,10:34:13,6.88,0.0,10,6880,卖盘
1029,10:34:18,6.9,0.02,1,690,买盘
1030,10:34:21,6.9,0.0,11,7590,买盘
1031,10:34:24,6.9,0.0,26,17922,卖盘
1032,10:34:28,6.9,0.0,20,13800,买盘
1033,10:34:33,6.88,-0.02,226,155488,卖盘
1034,10:34:37,6.88,0.0,37,25456,卖盘
1035,10:34:42,6.9,0.02,20,13800,买盘
1036,10:34:45,6.89,-0.01,11,7579,卖盘
1037,10:34:54,6.9,0.01,1,690,买盘
1038,10:34:58,6.89,-0.01,9,6201,卖盘
1039,10:35:04,6.89,0.0,194,133666,卖盘
1040,10:35:06,6.88,-0.01,22,15136,卖盘
1041,10:35:09,6.88,0.0,10,6880,卖盘
1042,10:35:12,6.88,0.0,9,6192,卖盘
1043,10:35:15,6.88,0.0,9,6192,卖盘
1044,10:35:18,6.88,0.0,11,7568,卖盘
1045,10:35:21,6.89,0.01,8,5506,买盘
1046,10:35:24,6.88,-0.01,11,7570,卖盘
1047,10:35:31,6.88,0.0,20,13760,卖盘
1048,10:35:34,6.88,0.0,197,135536,卖盘
1049,10:35:37,6.88,0.0,25,17201,卖盘
1050,10:35:42,6.88,0.0,11,7568,卖盘
1051,10:35:45,6.9,0.02,1,690,买盘
1052,10:35:48,6.88,-0.02,11,7572,卖盘
1053,10:35:51,6.89,0.01,20,13780,卖盘
1054,10:35:54,6.88,-0.01,8,5504,卖盘
1055,10:36:00,6.89,0.01,10,6890,买盘
1056,10:36:03,6.88,-0.01,179,123152,卖盘
1057,10:36:06,6.89,0.01,15,10335,买盘
1058,10:36:10,6.88,-0.01,143,98384,卖盘
1059,10:36:12,6.9,0.02,6,4136,买盘
1060,10:36:15,6.88,-0.02,11,7574,卖盘
1061,10:36:18,6.89,0.01,2,1377,买盘
1062,10:36:21,6.89,0.0,7,4823,买盘
1063,10:36:24,6.88,-0.01,18,12392,卖盘
1064,10:36:33,6.88,0.0,244,167872,卖盘
1065,10:36:36,6.88,0.0,52,35779,卖盘
1066,10:36:42,6.9,0.02,60,41400,买盘
1067,10:36:45,6.88,-0.02,42,28916,卖盘
1068,10:36:48,6.88,0.0,9,6192,卖盘
1069,10:37:00,6.88,0.0,11,7568,卖盘
1070,10:37:04,6.88,0.0,194,133502,卖盘
1071,10:37:06,6.9,0.02,39,26834,买盘
1072,10:37:09,6.88,-0.02,12,8258,卖盘
1073,10:37:15,6.88,0.0,144,99072,卖盘
1074,10:37:18,6.88,0.0,34,23400,卖盘
1075,10:37:21,6.88,0.0,11,7568,卖盘
1076,10:37:24,6.9,0.02,4,2760,买盘
1077,10:37:27,6.89,-0.01,49,33761,卖盘
1078,10:37:30,6.89,0.0,44,30301,买盘
1079,10:37:33,6.88,-0.01,221,152049,卖盘
1080,10:37:36,6.88,0.0,165,113523,卖盘
1081,10:37:39,6.88,0.0,70,48160,卖盘
1082,10:37:42,6.87,-0.01,131,90128,卖盘
1083,10:37:46,6.87,0.0,38,26129,卖盘
1084,10:37:51,6.88,0.01,27,18576,卖盘
1085,10:37:54,6.87,-0.01,35,24049,卖盘
1086,10:38:01,6.89,0.02,1,689,买盘
1087,10:38:04,6.87,-0.02,249,171078,卖盘
1088,10:38:06,6.88,0.01,58,39852,买盘
1089,10:38:09,6.88,0.0,5,3440,中性盘
1090,10:38:12,6.87,-0.01,29,19932,卖盘
1091,10:38:15,6.87,0.0,25,17175,卖盘
1092,10:38:21,6.88,0.01,210,144337,买盘
1093,10:38:24,6.88,0.0,52,35776,卖盘
1094,10:38:27,6.88,0.0,61,41968,卖盘
1095,10:38:30,6.88,0.0,17,11696,卖盘
1096,10:38:33,6.88,0.0,89,61232,卖盘
1097,10:38:36,6.88,0.0,19,13056,买盘
1098,10:38:39,6.87,-0.01,10,6870,卖盘
1099,10:38:48,6.88,0.01,31,21317,买盘
1100,10:38:51,6.88,0.0,1,688,买盘
1101,10:38:54,6.87,-0.01,229,157323,卖盘
1102,10:38:57,6.87,0.0,51,35044,卖盘
1103,10:39:00,6.87,0.0,11,7557,卖盘
1104,10:39:04,6.87,0.0,183,125721,卖盘
1105,10:39:06,6.87,0.0,59,40556,卖盘
1106,10:39:12,6.87,0.0,11,7557,卖盘
1107,10:39:16,6.87,0.0,11,7557,卖盘
1108,10:39:18,6.88,0.01,1,688,买盘
1109,10:39:21,6.87,-0.01,117,80485,卖盘
1110,10:39:24,6.88,0.01,22,15117,买盘
1111,10:39:27,6.87,-0.01,162,111294,卖盘
1112,10:39:30,6.87,0.0,28,19236,卖盘
1113,10:39:33,6.87,0.0,182,125044,卖盘
1114,10:39:36,6.86,-0.01,31,21291,卖盘
1115,10:39:39,6.87,0.01,11,7557,中性盘
1116,10:39:45,6.86,-0.01,10,6865,卖盘
1117,10:39:54,6.86,0.0,31,21266,卖盘
1118,10:39:58,6.86,0.0,13,8923,卖盘
1119,10:40:00,6.88,0.02,6,4128,买盘
1120,10:40:04,6.87,-0.01,1,687,卖盘
1121,10:40:06,6.86,-0.01,12,8232,卖盘
1122,10:40:10,6.86,0.0,17,11669,卖盘
1123,10:40:12,6.87,0.01,100,68700,买盘
1124,10:40:15,6.87,0.0,39,26771,买盘
1125,10:40:18,6.86,-0.01,10,6860,卖盘
1126,10:40:22,6.87,0.01,10,6870,买盘
1127,10:40:27,6.87,0.0,26,17842,买盘
1128,10:40:31,6.87,0.0,57,39146,买盘
1129,10:40:33,6.86,-0.01,1816,1245948,卖盘
1130,10:40:36,6.85,-0.01,294,201404,卖盘
1131,10:40:39,6.86,0.01,85,58255,买盘
1132,10:40:42,6.86,0.0,30,20408,买盘
1133,10:40:45,6.87,0.01,13,8931,买盘
1134,10:40:48,6.86,-0.01,11,7546,卖盘
1135,10:40:52,6.87,0.01,13,8920,买盘
1136,10:40:55,6.87,0.0,16,10982,买盘
1137,10:41:00,6.86,-0.01,9,6174,卖盘
1138,10:41:04,6.86,0.0,208,142860,卖盘
1139,10:41:06,6.85,-0.01,41,28091,卖盘
1140,10:41:09,6.86,0.01,21,14234,买盘
1141,10:41:13,6.86,0.0,21,14406,卖盘
1142,10:41:16,6.86,0.0,50,34300,卖盘
1143,10:41:18,6.86,0.0,1,686,卖盘
1144,10:41:21,6.87,0.01,36,24722,买盘
1145,10:41:24,6.87,0.0,18,12355,买盘
1146,10:41:27,6.87,0.0,79,54273,买盘
1147,10:41:30,6.87,0.0,20,13740,卖盘
1148,10:41:33,6.86,-0.01,150,103125,卖盘
1149,10:41:37,6.87,0.01,183,125721,买盘
1150,10:41:40,6.86,-0.01,193,132553,卖盘
1151,10:41:42,6.88,0.02,32,21968,买盘
1152,10:41:45,6.88,0.0,15,10307,买盘
1153,10:41:51,6.88,0.0,5,3440,买盘
1154,10:41:57,6.88,0.0,212,145836,买盘
1155,10:42:00,6.89,0.01,131,90167,买盘
1156,10:42:04,6.86,-0.03,252,172872,卖盘
1157,10:42:06,6.86,0.0,59,40540,卖盘
1158,10:42:09,6.86,0.0,31,21308,卖盘
1159,10:42:12,6.88,0.02,20,13760,买盘
1160,10:42:15,6.88,0.0,1,688,买盘
1161,10:42:18,6.88,0.0,26,17872,买盘
1162,10:42:21,6.87,-0.01,12,8244,卖盘
1163,10:42:27,6.88,0.01,5,3440,买盘
1164,10:42:30,6.87,-0.01,11,7557,卖盘
1165,10:42:33,6.87,0.0,178,122303,卖盘
1166,10:42:36,6.86,-0.01,104,71419,卖盘
1167,10:42:39,6.86,0.0,75,51546,卖盘
1168,10:42:42,6.86,0.0,13,8918,卖盘
1169,10:42:45,6.88,0.02,173,118728,买盘
1170,10:42:48,6.87,-0.01,26,17862,卖盘
1171,10:42:51,6.87,0.0,11,7557,卖盘
1172,10:42:54,6.88,0.01,30,20640,买盘
1173,10:42:57,6.87,-0.01,13,8931,卖盘
1174,10:43:03,6.87,0.0,65,44655,卖盘
1175,10:43:06,6.88,0.01,155,106500,买盘
1176,10:43:09,6.86,-0.02,22,15096,卖盘
1177,10:43:13,6.86,0.0,9,6179,卖盘
1178,10:43:18,6.88,0.02,4,2752,买盘
1179,10:43:24,6.86,-0.02,40,27508,卖盘
1180,10:43:28,6.86,0.0,13,8918,卖盘
1181,10:43:33,6.87,0.01,204,140178,中性盘
1182,10:43:36,6.87,0.0,44,30231,卖盘
1183,10:43:39,6.88,0.01,1,688,买盘
1184,10:43:43,6.88,0.0,5,3440,卖盘
1185,10:43:46,6.88,0.0,9,6192,卖盘
1186,10:43:48,6.87,-0.01,12,8245,卖盘
1187,10:43:51,6.87,0.0,144,98928,卖盘
1188,10:43:54,6.87,0.0,22,15114,卖盘
1189,10:43:57,6.88,0.01,14,9621,买盘
1190,10:44:04,6.88,0.0,217,149083,买盘
1191,10:44:06,6.87,-0.01,73,50186,卖盘
1192,10:44:09,6.87,0.0,23,15801,卖盘
1193,10:44:15,6.88,0.01,5,3440,买盘
1194,10:44:18,6.88,0.0,1,688,卖盘
1195,10:44:21,6.87,-0.01,11,7565,卖盘
1196,10:44:25,6.89,0.02,10,6881,买盘
1197,10:44:30,6.87,-0.02,9,6184,卖盘
1198,10:44:34,6.87,0.0,232,159384,卖盘
1199,10:44:37,6.89,0.02,45,30921,买盘
1200,10:44:42,6.88,-0.01,10,6880,中性盘
1201,10:44:45,6.87,-0.01,10,6870,卖盘
1202,10:44:48,6.89,0.02,1,689,买盘
1203,10:44:51,6.87,-0.02,10,6870,卖盘
1204,10:44:54,6.87,0.0,11,7557,卖盘
1205,10:44:57,6.89,0.02,149,102375,买盘
1206,10:45:01,6.87,-0.02,29,19929,卖盘
1207,10:45:04,6.88,0.01,14,9636,卖盘
1208,10:45:07,6.88,0.0,40,27520,卖盘
1209,10:45:10,6.87,-0.01,15,10305,卖盘
1210,10:45:13,6.87,0.0,15,10305,卖盘
1211,10:45:15,6.87,0.0,11,7557,卖盘
1212,10:45:21,6.88,0.01,38,26144,买盘
1213,10:45:25,6.87,-0.01,38,26106,卖盘
1214,10:45:27,6.88,0.01,18,12374,买盘
1215,10:45:30,6.88,0.0,18,12384,买盘
1216,10:45:33,6.87,-0.01,12,8244,卖盘
1217,10:45:37,6.87,0.0,284,195133,卖盘
1218,10:45:39,6.87,0.0,58,39852,卖盘
1219,10:45:42,6.87,0.0,10,6870,卖盘
1220,10:45:45,6.89,0.02,16,11019,买盘
1221,10:45:48,6.87,-0.02,9,6183,卖盘
1222,10:45:51,6.88,0.01,10,6880,中性盘
1223,10:45:57,6.88,0.0,18,12384,买盘
1224,10:46:00,6.87,-0.01,21,14427,卖盘
1225,10:46:04,6.87,0.0,379,260373,卖盘
1226,10:46:06,6.88,0.01,79,54293,买盘
1227,10:46:09,6.88,0.0,27,18552,买盘
1228,10:46:12,6.88,0.0,3,2064,中性盘
1229,10:46:15,6.88,0.0,18,12384,卖盘
1230,10:46:18,6.88,0.0,3,2064,卖盘
1231,10:46:21,6.87,-0.01,10,6870,卖盘
1232,10:46:24,6.88,0.01,1,688,卖盘
1233,10:46:31,6.89,0.01,1,689,买盘
1234,10:46:33,6.87,-0.02,9,6183,卖盘
1235,10:46:37,6.87,0.0,10,6870,卖盘
1236,10:46:39,6.87,0.0,187,128510,卖盘
1237,10:46:42,6.88,0.01,54,37109,中性盘
1238,10:46:45,6.88,0.0,10,6880,卖盘
1239,10:46:48,6.88,0.0,5,3440,卖盘
1240,10:46:51,6.89,0.01,1,689,买盘
1241,10:46:54,6.87,-0.02,669,459655,卖盘
1242,10:46:57,6.86,-0.01,103,70659,卖盘
1243,10:47:00,6.88,0.02,399,274198,买盘
1244,10:47:04,6.89,0.01,61,41972,买盘
1245,10:47:06,6.88,-0.01,232,159616,卖盘
1246,10:47:09,6.88,0.0,177,121776,卖盘
1247,10:47:12,6.88,0.0,35,24080,卖盘
1248,10:47:16,6.88,0.0,35,24105,卖盘
1249,10:47:24,6.89,0.01,1,689,买盘
1250,10:47:27,6.88,-0.01,11,7568,卖盘
1251,10:47:39,6.88,0.0,252,173379,卖盘
1252,10:47:42,6.87,-0.01,50,34380,卖盘
1253,10:47:48,6.87,0.0,12,8251,卖盘
1254,10:47:51,6.87,0.0,11,7557,卖盘
1255,10:47:57,6.89,0.02,40,27560,买盘
1256,10:48:00,6.88,-0.01,10,6880,卖盘
1257,10:48:09,6.88,0.0,9,6192,卖盘
1258,10:48:12,6.87,-0.01,33,22682,卖盘
1259,10:48:15,6.87,0.0,143,98241,卖盘
1260,10:48:18,6.88,0.01,48,32995,买盘
1261,10:48:21,6.87,-0.01,10,6870,卖盘
1262,10:48:30,6.88,0.01,1,688,买盘
1263,10:48:33,6.88,0.0,177,121776,买盘
1264,10:48:36,6.88,0.0,37,25456,卖盘
1265,10:48:39,6.88,0.0,181,124528,卖盘
1266,10:48:42,6.89,0.01,51,35106,买盘
1267,10:48:45,6.88,-0.01,11,7568,卖盘
1268,10:48:55,6.88,0.0,14,9636,卖盘
1269,10:48:58,6.89,0.01,2,1378,买盘
1270,10:49:00,6.89,0.0,10,6890,买盘
1271,10:49:04,6.88,-0.01,214,147232,卖盘
1272,10:49:06,6.88,0.0,56,38533,卖盘
1273,10:49:09,6.88,0.0,11,7568,卖盘
1274,10:49:13,6.89,0.01,130,89570,买盘
1275,10:49:15,6.87,-0.02,23,15821,卖盘
1276,10:49:18,6.87,0.0,11,7557,卖盘
1277,10:49:21,6.89,0.02,144,98933,买盘
1278,10:49:24,6.89,0.0,33,22684,买盘
1279,10:49:27,6.87,-0.02,9,6183,卖盘
1280,10:49:30,6.89,0.02,5,3445,买盘
1281,10:49:39,6.87,-0.02,74,50909,卖盘
1282,10:49:42,6.87,0.0,18,12367,卖盘
1283,10:49:51,6.88,0.01,14,9621,买盘
1284,10:49:54,6.88,0.0,1,688,买盘
1285,10:50:03,6.88,0.0,13,8934,买盘
1286,10:50:09,6.87,-0.01,190,130530,卖盘
1287,10:50:12,6.87,0.0,48,32976,卖盘
1288,10:50:18,6.87,0.0,8,5496,卖盘
1289,10:50:24,6.88,0.01,10,6880,卖盘
1290,10:50:28,6.87,-0.01,144,98963,卖盘
1291,10:50:31,6.88,0.01,30,20640,卖盘
1292,10:50:33,6.88,0.0,93,63984,卖盘
1293,10:50:36,6.88,0.0,113,77717,卖盘
1294,10:50:39,6.88,0.0,18,12367,买盘
1295,10:50:46,6.88,0.0,11,7558,买盘
1296,10:50:48,6.88,0.0,20,13760,买盘
1297,10:50:58,6.88,0.0,10,6880,卖盘
1298,10:51:04,6.88,0.0,81,55728,卖盘
1299,10:51:06,6.87,-0.01,54,37130,卖盘
1300,10:51:10,6.87,0.0,11,7557,卖盘
1301,10:51:12,6.88,0.01,6,4128,买盘
1302,10:51:18,6.87,-0.01,10,6870,卖盘
1303,10:51:21,6.87,0.0,19,13061,卖盘
1304,10:51:27,6.88,0.01,40,27520,买盘
1305,10:51:30,6.87,-0.01,11,7557,卖盘
1306,10:51:33,6.87,0.0,154,105798,卖盘
1307,10:51:36,6.87,0.0,38,26119,卖盘
1308,10:51:39,6.87,0.0,188,129156,卖盘
1309,10:51:42,6.87,0.0,47,32289,卖盘
1310,10:51:48,6.87,0.0,9,6189,卖盘
1311,10:51:52,6.87,0.0,9,6183,卖盘
1312,10:52:00,6.89,0.02,1,689,买盘
1313,10:52:04,6.87,-0.02,21,14427,卖盘
1314,10:52:06,6.87,0.0,5,3435,卖盘
1315,10:52:09,6.87,0.0,175,120225,卖盘
1316,10:52:12,6.87,0.0,31,21299,卖盘
1317,10:52:15,6.87,0.0,11,7557,卖盘
1318,10:52:18,6.87,0.0,19,13063,卖盘
1319,10:52:21,6.89,0.02,6,4134,买盘
1320,10:52:24,6.87,-0.02,15,10313,卖盘
1321,10:52:27,6.87,0.0,8,5496,卖盘
1322,10:52:30,6.89,0.02,115,79205,买盘
1323,10:52:33,6.89,0.0,162,111580,买盘
1324,10:52:36,6.89,0.0,37,25493,卖盘
1325,10:52:39,6.89,0.0,290,199630,卖盘
1326,10:52:42,6.89,0.0,58,39880,买盘
1327,10:52:45,6.87,-0.02,11,7559,卖盘
1328,10:52:48,6.88,0.01,10,6880,卖盘
1329,10:52:58,6.88,0.0,12,8257,卖盘
1330,10:53:04,6.89,0.01,1,689,买盘
1331,10:53:06,6.88,-0.01,236,162369,卖盘
1332,10:53:10,6.87,-0.01,66,45351,卖盘
1333,10:53:15,6.88,0.01,191,131408,买盘
1334,10:53:18,6.88,0.0,38,26144,卖盘
1335,10:53:21,6.88,0.0,10,6880,卖盘
1336,10:53:24,6.89,0.01,15,10335,买盘
1337,10:53:30,6.88,-0.01,12,8257,卖盘
1338,10:53:36,6.89,0.01,1,689,买盘
1339,10:53:39,6.88,-0.01,215,147921,卖盘
1340,10:53:42,6.89,0.01,71,48908,买盘
1341,10:53:46,6.88,-0.01,143,98486,卖盘
1342,10:53:49,6.88,0.0,33,22725,卖盘
1343,10:53:51,6.9,0.02,1,690,买盘
1344,10:53:54,6.89,-0.01,9,6201,卖盘
1345,10:53:57,6.9,0.01,1,690,买盘
1346,10:54:04,6.89,-0.01,11,7579,卖盘
1347,10:54:09,6.89,0.0,3,2067,卖盘
1348,10:54:12,6.89,0.0,1,689,买盘
1349,10:54:15,6.88,-0.01,11,7568,卖盘
1350,10:54:24,6.89,0.01,4,2756,买盘
1351,10:54:27,6.89,0.0,64,44085,买盘
1352,10:54:30,6.88,-0.01,26,17895,卖盘
1353,10:54:33,6.88,0.0,8,5505,卖盘
1354,10:54:36,6.88,0.0,11,7569,卖盘
1355,10:54:40,6.88,0.0,177,121776,卖盘
1356,10:54:42,6.88,0.0,36,24768,卖盘
1357,10:54:46,6.9,0.02,20,13800,买盘
1358,10:54:48,6.88,-0.02,9,6192,卖盘
1359,10:54:51,6.88,0.0,144,99072,卖盘
1360,10:54:55,6.88,0.0,70,48131,卖盘
1361,10:55:01,6.87,-0.01,19,13064,卖盘
1362,10:55:04,6.88,0.01,12,8257,中性盘
1363,10:55:09,6.87,-0.01,100,68701,卖盘
1364,10:55:12,6.87,0.0,19,13054,卖盘
1365,10:55:18,6.88,0.01,3,2064,买盘
1366,10:55:21,6.87,-0.01,11,7557,卖盘
1367,10:55:24,6.88,0.01,1,688,买盘
1368,10:55:27,6.88,0.0,87,59856,买盘
1369,10:55:30,6.88,0.0,18,12384,卖盘
1370,10:55:33,6.9,0.02,11,7561,买盘
1371,10:55:39,6.88,-0.02,11,7568,卖盘
1372,10:55:42,6.87,-0.01,12,8245,卖盘
1373,10:55:46,6.88,0.01,1,688,买盘
1374,10:55:54,6.87,-0.01,12,8245,卖盘
1375,10:55:57,6.87,0.0,143,98241,卖盘
1376,10:56:00,6.87,0.0,100,68706,卖盘
1377,10:56:03,6.87,0.0,214,147018,卖盘
1378,10:56:07,6.87,0.0,80,54994,卖盘
1379,10:56:10,6.88,0.01,12,8256,买盘
1380,10:56:12,6.87,-0.01,11,7560,卖盘
1381,10:56:18,6.87,0.0,10,6870,卖盘
1382,10:56:21,6.9,0.03,16,11010,买盘
1383,10:56:24,6.9,0.0,1,690,买盘
1384,10:56:27,6.88,-0.02,12,8258,卖盘
1385,10:56:33,6.88,0.0,115,79120,卖盘
1386,10:56:36,6.88,0.0,147,101108,买盘
1387,10:56:39,6.88,0.0,33,22704,卖盘
1388,10:56:42,6.89,0.01,20,13762,中性盘
1389,10:56:45,6.89,0.0,15,10335,买盘
1390,10:56:49,6.89,0.0,7,4823,卖盘
1391,10:56:51,6.89,0.0,12,8257,买盘
1392,10:56:54,6.88,-0.01,11,7568,卖盘
1393,10:57:00,6.88,0.0,11,7568,卖盘
1394,10:57:04,6.88,0.0,410,282101,卖盘
1395,10:57:06,6.89,0.01,160,110031,买盘
1396,10:57:09,6.88,-0.01,50,34400,卖盘
1397,10:57:12,6.88,0.0,9,6192,卖盘
1398,10:57:18,6.89,0.01,1,689,买盘
1399,10:57:24,6.89,0.0,12,8258,买盘
1400,10:57:27,6.89,0.0,1,689,买盘
1401,10:57:31,6.89,0.0,24,16536,买盘
1402,10:57:33,6.88,-0.01,34,23403,卖盘
1403,10:57:37,6.88,0.0,181,124528,卖盘
1404,10:57:40,6.89,0.01,38,26146,买盘
1405,10:57:45,6.89,0.0,83,57127,买盘
1406,10:57:48,6.88,-0.01,16,11009,卖盘
1407,10:57:52,6.89,0.01,4,2756,买盘
1408,10:57:57,6.88,-0.01,11,7568,卖盘
1409,10:58:04,6.88,0.0,71,48848,卖盘
1410,10:58:06,6.87,-0.01,47,32310,卖盘
1411,10:58:09,6.87,0.0,144,98928,卖盘
1412,10:58:12,6.88,0.01,32,21985,买盘
1413,10:58:18,6.88,0.0,13,8932,买盘
1414,10:58:27,6.88,0.0,21,14448,买盘
1415,10:58:30,6.87,-0.01,12,8245,卖盘
1416,10:58:36,6.88,0.01,209,143584,买盘
1417,10:58:39,6.87,-0.01,56,38472,卖盘
1418,10:58:42,6.88,0.01,8,5497,买盘
1419,10:58:45,6.88,0.0,3,2064,买盘
1420,10:58:48,6.89,0.01,21,14443,买盘
1421,10:58:51,6.87,-0.02,9,6186,卖盘
1422,10:58:58,6.89,0.02,1,689,买盘
1423,10:59:00,6.88,-0.01,10,6880,卖盘
1424,10:59:04,6.88,0.0,16,11012,卖盘
1425,10:59:09,6.88,0.0,22,15136,买盘
1426,10:59:12,6.87,-0.01,21,14437,卖盘
1427,10:59:16,6.87,0.0,253,173911,卖盘
1428,10:59:18,6.87,0.0,45,30916,卖盘
1429,10:59:21,6.88,0.01,1,688,买盘
1430,10:59:24,6.88,0.0,11,7558,买盘
1431,10:59:30,6.88,0.0,23,15824,买盘
1432,10:59:33,6.88,0.0,1,688,买盘
1433,10:59:36,6.87,-0.01,214,147018,卖盘
1434,10:59:39,6.87,0.0,45,30915,卖盘
1435,10:59:45,6.88,0.01,12,8245,买盘
1436,10:59:51,6.88,0.0,24,16512,买盘
1437,10:59:54,6.88,0.0,13,8944,买盘
1438,10:59:57,6.87,-0.01,16,10997,卖盘
1439,11:00:01,6.87,0.0,11,7557,卖盘
1440,11:00:04,6.88,0.01,57,39216,买盘
1441,11:00:06,6.87,-0.01,258,177479,卖盘
1442,11:00:09,6.87,0.0,56,38474,卖盘
1443,11:00:18,6.88,0.01,21,14458,卖盘
1444,11:00:21,6.89,0.01,145,99624,买盘
1445,11:00:24,6.87,-0.02,32,21984,卖盘
1446,11:00:30,6.87,0.0,11,7557,卖盘
1447,11:00:37,6.87,0.0,219,150455,卖盘
1448,11:00:39,6.87,0.0,52,35735,卖盘
1449,11:00:42,6.88,0.01,12,8245,买盘
1450,11:00:48,6.88,0.0,11,7568,买盘
1451,11:00:51,6.89,0.01,11,7569,买盘
1452,11:00:54,6.88,-0.01,8,5504,卖盘
1453,11:00:57,6.88,0.0,10,6880,卖盘
1454,11:01:01,6.89,0.01,1,689,买盘
1455,11:01:04,6.88,-0.01,10,6881,卖盘
1456,11:01:06,6.88,0.0,12,8256,卖盘
1457,11:01:09,6.88,0.0,24,16512,买盘
1458,11:01:12,6.88,0.0,1,688,买盘
1459,11:01:15,6.87,-0.01,11,7557,卖盘
1460,11:01:18,6.87,0.0,10,6870,卖盘
1461,11:01:21,6.88,0.01,1,688,买盘
1462,11:01:24,6.87,-0.01,15,10310,卖盘
1463,11:01:28,6.88,0.01,343,235840,买盘
1464,11:01:30,6.88,0.0,65,44720,卖盘
1465,11:01:33,6.89,0.01,1,689,买盘
1466,11:01:36,6.88,-0.01,28,19253,卖盘
1467,11:01:45,6.88,0.0,1,688,买盘
1468,11:01:48,6.88,0.0,12,8246,买盘
1469,11:01:51,6.88,0.0,3,2064,买盘
1470,11:01:54,6.88,0.0,10,6880,买盘
1471,11:01:57,6.87,-0.01,21,14427,卖盘
1472,11:02:00,6.88,0.01,2,1376,买盘
1473,11:02:04,6.87,-0.01,216,148392,卖盘
1474,11:02:06,6.87,0.0,42,28855,卖盘
1475,11:02:09,6.88,0.01,12,8245,买盘
1476,11:02:21,6.88,0.0,9,6192,卖盘
1477,11:02:24,6.89,0.01,2,1378,买盘
1478,11:02:30,6.88,-0.01,12,8258,卖盘
1479,11:02:33,6.87,-0.01,143,98283,卖盘
1480,11:02:36,6.87,0.0,32,21984,卖盘
1481,11:02:42,6.88,0.01,35,24070,买盘
1482,11:02:48,6.88,0.0,20,13760,买盘
1483,11:02:51,6.87,-0.01,10,6870,卖盘
1484,11:02:54,6.87,0.0,10,6871,卖盘
1485,11:03:00,6.88,0.01,1,688,买盘
1486,11:03:03,6.87,-0.01,263,180705,卖盘
1487,11:03:06,6.87,0.0,54,37103,卖盘
1488,11:03:15,6.87,0.0,13,8935,卖盘
1489,11:03:24,6.89,0.02,3,2067,买盘
1490,11:03:27,6.87,-0.02,9,6184,卖盘
1491,11:03:33,6.88,0.01,18,12395,卖盘
1492,11:03:39,6.87,-0.01,153,105111,卖盘
1493,11:03:42,6.88,0.01,37,25420,买盘
1494,11:03:48,6.87,-0.01,9,6183,卖盘
1495,11:03:51,6.88,0.01,1,688,买盘
1496,11:04:00,6.87,-0.01,11,7557,卖盘
1497,11:04:04,6.87,0.0,107,73509,卖盘
1498,11:04:06,6.89,0.02,125,85878,买盘
1499,11:04:09,6.87,-0.02,18,12366,卖盘
1500,11:04:12,6.88,0.01,16,10998,中性盘
1501,11:04:16,6.89,0.01,1,689,买盘
1502,11:04:18,6.88,-0.01,12,8256,卖盘
1503,11:04:21,6.87,-0.01,10,6871,卖盘
1504,11:04:30,6.88,0.01,2,1376,买盘
1505,11:04:33,6.87,-0.01,132,90687,卖盘
1506,11:04:36,6.87,0.0,130,89311,卖盘
1507,11:04:39,6.88,0.01,85,58462,买盘
1508,11:04:42,6.87,-0.01,13,8932,卖盘
1509,11:04:45,6.87,0.0,155,106485,卖盘
1510,11:04:48,6.87,0.0,75,51597,卖盘
1511,11:04:54,6.87,0.0,10,6870,卖盘
1512,11:04:58,6.87,0.0,10,6870,卖盘
1513,11:05:00,6.89,0.02,15,10335,买盘
1514,11:05:03,6.89,0.0,18,12402,卖盘
1515,11:05:06,6.87,-0.02,11,7567,卖盘
1516,11:05:09,6.89,0.02,10,6872,买盘
1517,11:05:12,6.87,-0.02,10,6870,卖盘
1518,11:05:18,6.88,0.01,10,6880,卖盘
1519,11:05:24,6.89,0.01,160,110240,买盘
1520,11:05:27,6.87,-0.02,41,28191,卖盘
1521,11:05:30,6.89,0.02,1,689,买盘
1522,11:05:33,6.87,-0.02,134,92060,卖盘
1523,11:05:36,6.87,0.0,137,94133,卖盘
1524,11:05:39,6.87,0.0,31,21302,卖盘
1525,11:05:42,6.89,0.02,38,26183,卖盘
1526,11:05:45,6.9,0.01,1,690,买盘
1527,11:05:48,6.89,-0.01,11,7579,卖盘
1528,11:05:51,6.87,-0.02,165,113355,卖盘
1529,11:05:54,6.87,0.0,28,19262,卖盘
1530,11:06:00,6.87,0.0,12,8246,卖盘
1531,11:06:04,6.87,0.0,90,61832,卖盘
1532,11:06:06,6.87,0.0,94,64580,卖盘
1533,11:06:09,6.87,0.0,13,8931,卖盘
1534,11:06:12,6.87,0.0,11,7559,卖盘
1535,11:06:22,6.89,0.02,8,5509,中性盘
1536,11:06:24,6.88,-0.01,10,6880,卖盘
1537,11:06:33,6.87,-0.01,68,46798,卖盘
1538,11:06:36,6.87,0.0,25,17182,卖盘
1539,11:06:39,6.87,0.0,31,21298,卖盘
1540,11:06:42,6.88,0.01,11,7568,买盘
1541,11:06:45,6.88,0.0,12,8245,买盘
1542,11:06:48,6.87,-0.01,11,7557,卖盘
1543,11:06:51,6.88,0.01,1,688,买盘
1544,11:06:57,6.88,0.0,154,105799,买盘
1545,11:07:00,6.87,-0.01,27,18549,卖盘
1546,11:07:03,6.87,0.0,50,34351,卖盘
1547,11:07:06,6.86,-0.01,13,8920,卖盘
1548,11:07:09,6.86,0.0,12,8232,卖盘
1549,11:07:15,6.87,0.01,3,2061,买盘
1550,11:07:18,6.86,-0.01,42,28839,卖盘
1551,11:07:21,6.86,0.0,1,686,卖盘
1552,11:07:24,6.87,0.01,21,14427,买盘
1553,11:07:27,6.86,-0.01,109,74875,卖盘
1554,11:07:30,6.86,0.0,27,18528,卖盘
1555,11:07:33,6.87,0.01,25,17183,卖盘
1556,11:07:36,6.87,0.0,144,98928,买盘
1557,11:07:39,6.86,-0.01,51,34994,卖盘
1558,11:07:42,6.87,0.01,1,687,买盘
1559,11:07:45,6.89,0.02,31,21300,买盘
1560,11:07:52,6.89,0.0,11,7561,买盘
1561,11:07:54,6.86,-0.03,64,43935,卖盘
1562,11:07:57,6.87,0.01,10,6870,卖盘
1563,11:08:00,6.89,0.02,50,34450,买盘
1564,11:08:04,6.86,-0.03,155,106341,卖盘
1565,11:08:06,6.86,0.0,37,25382,卖盘
1566,11:08:12,6.86,0.0,11,7546,卖盘
1567,11:08:15,6.86,0.0,30,20595,卖盘
1568,11:08:18,6.87,0.01,21,14427,买盘
1569,11:08:21,6.87,0.0,15,10294,买盘
1570,11:08:24,6.86,-0.01,104,71438,卖盘
1571,11:08:27,6.87,0.01,43,29522,买盘
1572,11:08:33,6.86,-0.01,164,112654,卖盘
1573,11:08:36,6.87,0.01,36,24700,买盘
1574,11:08:39,6.86,-0.01,15,10290,卖盘
1575,11:08:42,6.87,0.01,10,6870,买盘
1576,11:08:45,6.86,-0.01,23,15789,卖盘
1577,11:08:48,6.87,0.01,6,4122,买盘
1578,11:08:51,6.87,0.0,15,10305,买盘
1579,11:08:54,6.88,0.01,12,8246,买盘
1580,11:08:57,6.86,-0.02,18,12357,卖盘
1581,11:09:00,6.86,0.0,9,6174,卖盘
1582,11:09:04,6.87,0.01,11,7557,卖盘
1583,11:09:06,6.87,0.0,8,5496,买盘
1584,11:09:10,6.86,-0.01,153,104958,卖盘
1585,11:09:22,6.87,0.01,14,9608,买盘
1586,11:09:24,6.86,-0.01,10,6861,卖盘
1587,11:09:30,6.86,0.0,23,15788,卖盘
1588,11:09:33,6.86,0.0,91,62427,卖盘
1589,11:09:36,6.86,0.0,74,50764,卖盘
1590,11:09:39,6.87,0.01,2,1375,卖盘
1591,11:09:42,6.88,0.01,17,11669,买盘
1592,11:09:45,6.87,-0.01,5,3435,卖盘
1593,11:09:48,6.88,0.01,2,1376,买盘
1594,11:09:51,6.88,0.0,16,10993,买盘
1595,11:09:54,6.86,-0.02,13,8928,卖盘
1596,11:09:57,6.88,0.02,1,688,买盘
1597,11:10:04,6.87,-0.01,11,7557,中性盘
1598,11:10:06,6.86,-0.01,175,120056,卖盘
1599,11:10:15,6.86,0.0,155,106336,卖盘
1600,11:10:18,6.88,0.02,70,48160,买盘
1601,11:10:21,6.88,0.0,1,688,买盘
1602,11:10:27,6.86,-0.02,11,7546,卖盘
1603,11:10:33,6.87,0.01,9,6183,卖盘
1604,11:10:36,6.87,0.0,215,147694,买盘
1605,11:10:42,6.88,0.01,1,688,买盘
1606,11:10:48,6.87,-0.01,12,8245,卖盘
1607,11:10:54,6.88,0.01,2,1376,买盘
1608,11:10:57,6.88,0.0,155,106640,买盘
1609,11:11:01,6.89,0.01,15,10312,买盘
1610,11:11:04,6.88,-0.01,1,688,卖盘
1611,11:11:09,6.87,-0.01,26,17877,卖盘
1612,11:11:12,6.88,0.01,1,688,买盘
1613,11:11:18,6.88,0.0,64,44032,买盘
1614,11:11:21,6.87,-0.01,153,105111,卖盘
1615,11:11:24,6.87,0.0,9,6183,卖盘
1616,11:11:27,6.87,0.0,163,111981,卖盘
1617,11:11:33,6.87,0.0,118,81066,卖盘
1618,11:11:36,6.87,0.0,118,81066,卖盘
1619,11:11:39,6.87,0.0,41,28167,卖盘
1620,11:11:42,6.87,0.0,11,7558,卖盘
1621,11:11:45,6.88,0.01,1,688,买盘
1622,11:11:48,6.88,0.0,1,688,买盘
1623,11:11:51,6.88,0.0,1,688,买盘
1624,11:11:54,6.88,0.0,12,8245,买盘
1625,11:12:03,6.87,-0.01,118,81092,卖盘
1626,11:12:06,6.88,0.01,120,82467,买盘
1627,11:12:09,6.88,0.0,24,16512,卖盘
1628,11:12:15,6.87,-0.01,125,85890,卖盘
1629,11:12:27,6.87,0.0,155,106485,卖盘
1630,11:12:40,6.88,0.01,13,8933,买盘
1631,11:12:42,6.88,0.0,3,2064,买盘
1632,11:12:45,6.88,0.0,49,33712,买盘
1633,11:12:48,6.87,-0.01,9,6183,卖盘
1634,11:13:00,6.87,0.0,14,9618,卖盘
1635,11:13:12,6.87,0.0,11,7557,卖盘
1636,11:13:21,6.87,0.0,11,7557,卖盘
1637,11:13:27,6.88,0.01,392,269350,买盘
1638,11:13:30,6.88,0.0,1,688,买盘
1639,11:13:34,6.88,0.0,214,147079,买盘
1640,11:13:36,6.88,0.0,40,27520,买盘
1641,11:13:40,6.87,-0.01,11,7557,卖盘
1642,11:13:45,6.87,0.0,9,6183,卖盘
1643,11:13:48,6.87,0.0,14,9622,卖盘
1644,11:13:51,6.88,0.01,24,16512,买盘
1645,11:13:54,6.87,-0.01,32,22004,卖盘
1646,11:13:57,6.88,0.01,15,10320,买盘
1647,11:14:00,6.87,-0.01,3,2061,卖盘
1648,11:14:04,6.88,0.01,10,6880,买盘
1649,11:14:06,6.87,-0.01,9,6183,卖盘
1650,11:14:09,6.88,0.01,47,32336,买盘
1651,11:14:13,6.88,0.0,33,22704,买盘
1652,11:14:18,6.88,0.0,26,17877,买盘
1653,11:14:21,6.88,0.0,29,19952,买盘
1654,11:14:27,6.86,-0.02,535,367563,卖盘
1655,11:14:30,6.88,0.02,281,193325,买盘
1656,11:14:33,6.88,0.0,1,688,买盘
1657,11:14:36,6.88,0.0,140,96320,买盘
1658,11:14:39,6.87,-0.01,153,105112,卖盘
1659,11:14:42,6.88,0.01,144,99072,买盘
1660,11:14:48,6.88,0.0,126,86688,买盘
1661,11:14:51,6.88,0.0,138,94933,买盘
1662,11:14:54,6.89,0.01,132,90946,买盘
1663,11:14:57,6.89,0.0,65,44785,买盘
1664,11:15:00,6.88,-0.01,11,7568,卖盘
1665,11:15:04,6.89,0.01,37,25493,买盘
1666,11:15:09,6.89,0.0,18,12402,买盘
1667,11:15:12,6.88,-0.01,36,24792,卖盘
1668,11:15:15,6.9,0.02,27,18622,买盘
1669,11:15:21,6.9,0.0,13,8970,买盘
1670,11:15:24,6.89,-0.01,10,6890,卖盘
1671,11:15:27,6.9,0.01,15,10350,买盘
1672,11:15:30,6.89,-0.01,42,28938,卖盘
1673,11:15:33,6.9,0.01,39,26899,买盘
1674,11:15:36,6.89,-0.01,10,6890,卖盘
1675,11:15:39,6.9,0.01,24,16560,买盘
1676,11:15:42,6.9,0.0,12,8280,买盘
1677,11:15:45,6.88,-0.02,154,105997,卖盘
1678,11:15:48,6.9,0.02,81,55883,买盘
1679,11:15:57,6.89,-0.01,86,59369,卖盘
1680,11:16:03,6.91,0.02,43,29693,买盘
1681,11:16:06,6.9,-0.01,13,8970,卖盘
1682,11:16:09,6.9,0.0,42,28996,中性盘
1683,11:16:12,6.91,0.01,21,14511,买盘
1684,11:16:16,6.9,-0.01,2,1380,中性盘
1685,11:16:18,6.89,-0.01,53,36579,卖盘
1686,11:16:21,6.9,0.01,3,2070,中性盘
1687,11:16:24,6.91,0.01,52,35930,买盘
1688,11:16:27,6.91,0.0,26,17966,买盘
1689,11:16:30,6.9,-0.01,27,18630,卖盘
1690,11:16:33,6.91,0.01,28,19344,买盘
1691,11:16:36,6.91,0.0,10,6910,买盘
1692,11:16:39,6.91,0.0,18,12438,买盘
1693,11:16:42,6.9,-0.01,11,7590,卖盘
1694,11:16:45,6.91,0.01,15,10365,买盘
1695,11:16:51,6.89,-0.02,86,59318,卖盘
1696,11:16:54,6.89,0.0,54,37206,买盘
1697,11:16:57,6.91,0.02,48,33140,买盘
1698,11:17:04,6.89,-0.02,33,22785,卖盘
1699,11:17:09,6.91,0.02,18,12438,买盘
1700,11:17:15,6.89,-0.02,10,6890,卖盘
1701,11:17:19,6.9,0.01,14,9660,买盘
1702,11:17:24,6.89,-0.01,10,6890,卖盘
1703,11:17:27,6.9,0.01,11,7590,买盘
1704,11:17:36,6.9,0.0,14,9649,买盘
1705,11:17:42,6.9,0.0,36,24818,买盘
1706,11:17:48,6.89,-0.01,10,6890,卖盘
1707,11:17:51,6.9,0.01,22,15180,买盘
1708,11:17:54,6.89,-0.01,3,2067,卖盘
1709,11:17:57,6.88,-0.01,153,105264,卖盘
1710,11:18:01,6.9,0.02,31,21384,买盘
1711,11:18:06,6.91,0.01,72,49741,买盘
1712,11:18:09,6.88,-0.03,11,7572,卖盘
1713,11:18:12,6.91,0.03,41,28331,买盘
1714,11:18:21,6.91,0.0,18,12402,买盘
1715,11:18:24,6.91,0.0,46,31786,买盘
1716,11:18:27,6.9,-0.01,23,15870,买盘
1717,11:18:30,6.88,-0.02,12,8261,卖盘
1718,11:18:33,6.9,0.02,18,12420,买盘
1719,11:18:42,6.88,-0.02,10,6880,卖盘
1720,11:18:54,6.88,0.0,9,6192,卖盘
1721,11:18:57,6.91,0.03,18,12431,买盘
1722,11:19:00,6.88,-0.03,300,206400,卖盘
1723,11:19:03,6.88,0.0,312,215100,卖盘
1724,11:19:09,6.93,0.05,154,106600,买盘
1725,11:19:12,6.93,0.0,76,52668,买盘
1726,11:19:15,6.88,-0.05,10,6880,卖盘
1727,11:19:19,6.93,0.05,42,29086,买盘
1728,11:19:27,6.92,-0.01,33,22796,买盘
1729,11:19:30,6.89,-0.03,9,6201,卖盘
1730,11:19:33,6.92,0.03,20,13840,买盘
1731,11:19:36,6.89,-0.03,11,7579,卖盘
1732,11:19:39,6.92,0.03,16,11072,买盘
1733,11:19:48,6.89,-0.03,12,8268,卖盘
1734,11:19:51,6.92,0.03,38,26296,买盘
1735,11:19:54,6.92,0.0,66,45672,买盘
1736,11:19:57,6.93,0.01,52,35998,买盘
1737,11:20:00,6.89,-0.04,42,29042,卖盘
1738,11:20:06,6.92,0.03,3,2076,中性盘
1739,11:20:09,6.89,-0.03,32,22114,卖盘
1740,11:20:12,6.92,0.03,16,11072,买盘
1741,11:20:21,6.9,-0.02,10,6900,卖盘
1742,11:20:27,6.92,0.02,13,8996,买盘
1743,11:20:33,6.92,0.0,11,7592,买盘
1744,11:20:42,6.9,-0.02,10,6900,卖盘
1745,11:20:45,6.92,0.02,12,8304,买盘
1746,11:20:54,6.89,-0.03,11,7588,卖盘
1747,11:20:57,6.92,0.03,16,11072,买盘
1748,11:21:00,6.92,0.0,1,692,买盘
1749,11:21:06,6.89,-0.03,11,7579,卖盘
1750,11:21:10,6.92,0.03,14,9688,买盘
1751,11:21:16,6.89,-0.03,154,106163,卖盘
1752,11:21:18,6.92,0.03,83,57436,买盘
1753,11:21:24,6.92,0.0,1,692,买盘
1754,11:21:27,6.89,-0.03,52,35951,卖盘
1755,11:21:33,6.92,0.03,28,19376,买盘
1756,11:21:39,6.92,0.0,23,15883,买盘
1757,11:21:42,6.92,0.0,25,17300,买盘
1758,11:21:48,6.92,0.0,12,8304,买盘
1759,11:21:51,6.89,-0.03,10,6890,卖盘
1760,11:21:54,6.92,0.03,11,7612,买盘
1761,11:22:00,6.89,-0.03,11,7579,卖盘
1762,11:22:06,6.92,0.03,11,7612,买盘
1763,11:22:09,6.89,-0.03,7,4823,卖盘
1764,11:22:12,6.89,0.0,12,8268,卖盘
1765,11:22:15,6.92,0.03,15,10370,买盘
1766,11:22:18,6.92,0.0,28,19376,买盘
1767,11:22:21,6.92,0.0,167,115132,买盘
1768,11:22:24,6.89,-0.03,8,5512,卖盘
1769,11:22:27,6.92,0.03,86,59512,买盘
1770,11:22:33,6.89,-0.03,11,7579,卖盘
1771,11:22:36,6.92,0.03,48,33193,买盘
1772,11:22:42,6.92,0.0,23,15916,买盘
1773,11:22:45,6.89,-0.03,10,6890,卖盘
1774,11:22:48,6.92,0.03,16,11072,买盘
1775,11:22:57,6.89,-0.03,39,26961,卖盘
1776,11:23:00,6.92,0.03,28,19376,买盘
1777,11:23:06,6.91,-0.01,12,8270,中性盘
1778,11:23:09,6.92,0.01,19,13140,买盘
1779,11:23:15,6.9,-0.02,12,8280,卖盘
1780,11:23:18,6.9,0.0,27,18662,卖盘
1781,11:23:28,6.89,-0.01,143,98538,卖盘
1782,11:23:31,6.92,0.03,93,64336,买盘
1783,11:23:36,6.92,0.0,46,31832,买盘
1784,11:23:39,6.9,-0.02,11,7590,卖盘
1785,11:23:42,6.92,0.02,29,20068,买盘
1786,11:23:51,6.9,-0.02,9,6210,卖盘
1787,11:23:54,6.92,0.02,19,13148,买盘
1788,11:24:00,6.92,0.0,9,6228,买盘
1789,11:24:03,6.89,-0.03,11,7587,卖盘
1790,11:24:12,6.89,0.0,21,14499,卖盘
1791,11:24:15,6.89,0.0,9,6201,卖盘
1792,11:24:18,6.92,0.03,10,6920,买盘
1793,11:24:21,6.92,0.0,20,13840,买盘
1794,11:24:25,6.89,-0.03,11,7579,卖盘
1795,11:24:27,6.92,0.03,16,11072,买盘
1796,11:24:34,6.89,-0.03,144,99225,卖盘
1797,11:24:36,6.92,0.03,89,61558,买盘
1798,11:24:39,6.92,0.0,1,692,买盘
1799,11:24:42,6.92,0.0,44,30448,买盘
1800,11:24:45,6.9,-0.02,10,6900,中性盘
1801,11:24:48,6.92,0.02,27,18684,买盘
1802,11:24:54,6.92,0.0,13,8996,买盘
1803,11:24:57,6.9,-0.02,10,6900,卖盘
1804,11:25:06,6.9,0.0,17,11732,卖盘
1805,11:25:09,6.89,-0.01,39,26945,卖盘
1806,11:25:18,6.89,0.0,30,20733,卖盘
1807,11:25:24,6.92,0.03,15,10380,买盘
1808,11:25:27,6.91,-0.01,26,17966,中性盘
1809,11:25:30,6.92,0.01,30,20726,买盘
1810,11:25:39,6.89,-0.03,144,99216,卖盘
1811,11:25:42,6.92,0.03,95,65713,买盘
1812,11:25:51,6.9,-0.02,57,39421,中性盘
1813,11:25:54,6.92,0.02,3,2076,买盘
1814,11:25:57,6.92,0.0,31,21452,买盘
1815,11:26:04,6.9,-0.02,27,18662,卖盘
1816,11:26:09,6.9,0.0,54,37345,卖盘
1817,11:26:15,6.9,0.0,10,6900,卖盘
1818,11:26:18,6.92,0.02,26,17992,买盘
1819,11:26:25,6.89,-0.03,36,24859,卖盘
1820,11:26:27,6.92,0.03,18,12456,买盘
1821,11:26:33,6.92,0.0,1,692,买盘
1822,11:26:36,6.89,-0.03,11,7585,卖盘
1823,11:26:39,6.92,0.03,30,20760,买盘
1824,11:26:42,6.92,0.0,29,20068,买盘
1825,11:26:45,6.89,-0.03,143,98527,卖盘
1826,11:26:49,6.92,0.03,96,66394,买盘
1827,11:26:54,6.92,0.0,47,32524,买盘
1828,11:26:57,6.92,0.0,33,22766,买盘
1829,11:27:03,6.92,0.0,17,11762,买盘
1830,11:27:06,6.89,-0.03,4,2756,卖盘
1831,11:27:09,6.89,0.0,42,29000,卖盘
1832,11:27:13,6.89,0.0,40,27622,卖盘
1833,11:27:19,6.91,0.02,19,13129,买盘
1834,11:27:21,6.89,-0.02,11,7579,卖盘
1835,11:27:24,6.89,0.0,10,6892,卖盘
1836,11:27:27,6.91,0.02,20,13820,买盘
1837,11:27:30,6.89,-0.02,10,6890,卖盘
1838,11:27:33,6.89,0.0,9,6201,卖盘
1839,11:27:36,6.91,0.02,19,13129,买盘
1840,11:27:42,6.89,-0.02,10,6890,卖盘
1841,11:27:45,6.89,0.0,18,12402,卖盘
1842,11:27:48,6.89,0.0,3,2067,卖盘
1843,11:27:51,6.91,0.02,166,114420,买盘
1844,11:27:54,6.91,0.0,12,8272,买盘
1845,11:28:00,6.91,0.0,90,62190,买盘
1846,11:28:04,6.89,-0.02,55,37983,卖盘
1847,11:28:09,6.92,0.03,27,18676,买盘
1848,11:28:16,6.89,-0.03,10,6892,卖盘
1849,11:28:18,6.91,0.02,18,12438,买盘
1850,11:28:27,6.89,-0.02,11,7579,卖盘
1851,11:28:30,6.91,0.02,24,16566,买盘
1852,11:28:36,6.91,0.0,13,8983,买盘
1853,11:28:39,6.89,-0.02,10,6890,卖盘
1854,11:28:48,6.89,0.0,11,7579,卖盘
1855,11:28:51,6.91,0.02,17,11747,买盘
1856,11:28:57,6.88,-0.03,143,98511,卖盘
1857,11:29:01,6.88,0.0,88,60781,卖盘
1858,11:29:07,6.92,0.04,51,35284,买盘
1859,11:29:10,6.89,-0.03,34,23478,卖盘
1860,11:29:12,6.92,0.03,54,37335,买盘
1861,11:29:21,6.88,-0.04,11,7571,卖盘
1862,11:29:25,6.92,0.04,32,22144,买盘
1863,11:29:30,6.92,0.0,16,11072,买盘
1864,11:29:33,6.89,-0.03,19,13091,卖盘
1865,11:29:36,6.92,0.03,17,11744,买盘
1866,11:29:39,6.92,0.0,20,13813,买盘
1867,11:29:42,6.92,0.0,18,12456,买盘
1868,11:29:45,6.89,-0.03,9,6201,卖盘
1869,11:29:54,6.89,0.0,11,7579,卖盘
1870,11:29:57,6.92,0.03,19,13148,买盘
1871,13:00:04,6.9,-0.02,466,321367,中性盘
1872,13:00:06,6.88,-0.02,14,9651,卖盘
1873,13:00:12,6.88,0.0,39,26892,卖盘
1874,13:00:15,6.89,0.01,266,183940,中性盘
1875,13:00:18,6.88,-0.01,38,26171,卖盘
1876,13:00:21,6.9,0.02,1,690,中性盘
1877,13:00:27,6.88,-0.02,181,125034,卖盘
1878,13:00:33,6.89,0.01,10,6891,卖盘
1879,13:00:36,6.93,0.04,108,74757,买盘
1880,13:00:39,6.89,-0.04,18,12402,卖盘
1881,13:00:45,6.89,0.0,8,5512,卖盘
1882,13:00:48,6.89,0.0,9,6201,卖盘
1883,13:00:51,6.89,0.0,8,5512,卖盘
1884,13:00:57,6.89,0.0,16,11024,卖盘
1885,13:01:00,6.89,0.0,11,7579,卖盘
1886,13:01:09,6.89,0.0,143,98527,卖盘
1887,13:01:12,6.88,-0.01,10,6882,卖盘
1888,13:01:21,6.91,0.03,9,6195,买盘
1889,13:01:24,6.88,-0.03,9,6192,卖盘
1890,13:01:33,6.89,0.01,11,7579,卖盘
1891,13:01:36,6.9,0.01,27,18630,买盘
1892,13:01:42,6.89,-0.01,10,6890,卖盘
1893,13:01:45,6.88,-0.01,10,6885,卖盘
1894,13:01:54,6.9,0.02,1,690,买盘
1895,13:01:57,6.88,-0.02,11,7568,卖盘
1896,13:02:06,6.88,0.0,12,8262,卖盘
1897,13:02:12,6.9,0.02,1,690,买盘
1898,13:02:15,6.88,-0.02,143,98384,卖盘
1899,13:02:18,6.88,0.0,11,7568,卖盘
1900,13:02:30,6.9,0.02,17,11708,买盘
1901,13:02:33,6.9,0.0,15,10350,买盘
1902,13:02:39,6.9,0.0,10,6900,卖盘
1903,13:02:45,6.88,-0.02,24,16534,卖盘
1904,13:02:48,6.92,0.04,1,692,买盘
1905,13:02:51,6.88,-0.04,11,7568,卖盘
1906,13:03:00,6.88,0.0,9,6192,卖盘
1907,13:03:04,6.88,0.0,18,12384,卖盘
1908,13:03:09,6.88,0.0,15,10320,卖盘
1909,13:03:12,6.88,0.0,11,7568,卖盘
1910,13:03:15,6.88,0.0,9,6192,卖盘
1911,13:03:21,6.88,0.0,145,99763,卖盘
1912,13:03:24,6.88,0.0,26,17888,卖盘
1913,13:03:30,6.88,0.0,21,14448,卖盘
1914,13:03:33,6.88,0.0,9,6192,卖盘
1915,13:03:36,6.88,0.0,10,6880,卖盘
1916,13:03:45,6.89,0.01,37,25493,卖盘
1917,13:03:48,6.88,-0.01,15,10320,卖盘
1918,13:03:57,6.88,0.0,10,6880,卖盘
1919,13:04:09,6.88,0.0,10,6880,卖盘
1920,13:04:12,6.91,0.03,1,691,买盘
1921,13:04:18,6.91,0.0,2,1382,买盘
1922,13:04:21,6.88,-0.03,25,17236,卖盘
1923,13:04:24,6.91,0.03,1,691,买盘
1924,13:04:27,6.88,-0.03,143,98384,卖盘
1925,13:04:30,6.88,0.0,12,8256,卖盘
1926,13:04:36,6.88,0.0,15,10320,卖盘
1927,13:04:42,6.88,0.0,10,6880,卖盘
1928,13:04:51,6.88,0.0,7,4816,卖盘
1929,13:04:54,6.88,0.0,13,8944,卖盘
1930,13:05:04,6.88,0.0,12,8258,卖盘
1931,13:05:09,6.9,0.02,1,690,买盘
1932,13:05:12,6.9,0.0,1,690,买盘
1933,13:05:15,6.9,0.0,12,8258,买盘
1934,13:05:27,6.9,0.0,11,7572,买盘
1935,13:05:30,6.9,0.0,1,690,买盘
1936,13:05:33,6.9,0.0,144,99022,买盘
1937,13:05:36,6.87,-0.03,11,7563,卖盘
1938,13:05:40,6.9,0.03,2,1380,买盘
1939,13:05:45,6.9,0.0,1,690,买盘
1940,13:05:48,6.88,-0.02,11,7570,卖盘
1941,13:06:00,6.88,0.0,11,7568,卖盘
1942,13:06:04,6.9,0.02,1,690,买盘
1943,13:06:09,6.88,-0.02,9,6192,卖盘
1944,13:06:12,6.9,0.02,2,1380,买盘
1945,13:06:15,6.9,0.0,1,690,买盘
1946,13:06:21,6.9,0.0,13,8950,买盘
1947,13:06:24,6.9,0.0,1,690,买盘
1948,13:06:27,6.9,0.0,1,690,买盘
1949,13:06:30,6.9,0.0,2,1380,买盘
1950,13:06:33,6.88,-0.02,11,7568,卖盘
1951,13:06:36,6.9,0.02,1,690,买盘
1952,13:06:39,6.87,-0.03,145,99622,卖盘
1953,13:06:42,6.9,0.03,10,6882,买盘
1954,13:06:54,6.88,-0.02,10,6880,卖盘
1955,13:06:57,6.88,0.0,8,5504,卖盘
1956,13:07:06,6.88,0.0,10,6880,卖盘
1957,13:07:12,6.89,0.01,2,1378,买盘
1958,13:07:16,6.88,-0.01,9,6192,卖盘
1959,13:07:18,6.89,0.01,19,13074,买盘
1960,13:07:27,6.88,-0.01,12,8257,卖盘
1961,13:07:30,6.89,0.01,5,3445,买盘
1962,13:07:33,6.89,0.0,2,1378,买盘
1963,13:07:36,6.89,0.0,1,689,买盘
1964,13:07:39,6.88,-0.01,11,7569,卖盘
1965,13:07:42,6.89,0.01,1,689,买盘
1966,13:07:45,6.87,-0.02,148,101742,卖盘
1967,13:07:48,6.87,0.0,21,14447,卖盘
1968,13:07:52,6.89,0.02,5,3445,买盘
1969,13:08:00,6.87,-0.02,11,7557,卖盘
1970,13:08:06,6.87,0.0,19,13053,卖盘
1971,13:08:10,6.89,0.02,1,689,买盘
1972,13:08:12,6.87,-0.02,11,7557,卖盘
1973,13:08:16,6.89,0.02,2,1378,买盘
1974,13:08:18,6.89,0.0,1,689,买盘
1975,13:08:21,6.87,-0.02,10,6879,卖盘
1976,13:08:24,6.89,0.02,1,689,买盘
1977,13:08:31,6.89,0.0,1,689,买盘
1978,13:08:33,6.89,0.0,11,7569,买盘
1979,13:08:37,6.89,0.0,2,1378,买盘
1980,13:08:39,6.89,0.0,1,689,买盘
1981,13:08:45,6.89,0.0,12,8257,买盘
1982,13:08:51,6.87,-0.02,143,98301,卖盘
1983,13:08:54,6.87,0.0,9,6183,卖盘
1984,13:09:00,6.89,0.02,1,689,买盘
1985,13:09:06,6.87,-0.02,12,8245,卖盘
1986,13:09:15,6.89,0.02,25,17209,买盘
1987,13:09:18,6.89,0.0,12,8246,买盘
1988,13:09:24,6.89,0.0,2,1378,买盘
1989,13:09:27,6.87,-0.02,11,7557,卖盘
1990,13:09:33,6.89,0.02,2,1378,买盘
1991,13:09:36,6.89,0.0,1,689,买盘
1992,13:09:40,6.87,-0.02,14,9621,卖盘
1993,13:09:43,6.89,0.02,2,1378,买盘
1994,13:09:45,6.89,0.0,1,689,买盘
1995,13:09:48,6.89,0.0,1,689,买盘
1996,13:09:51,6.87,-0.02,10,6870,卖盘
1997,13:09:54,6.89,0.02,5,3445,买盘
1998,13:09:57,6.87,-0.02,144,98928,卖盘
1999,13:10:03,6.89,0.02,14,9628,买盘
2000,13:10:12,6.87,-0.02,11,7557,卖盘
2001,13:10:15,6.89,0.02,1,689,买盘
2002,13:10:21,6.87,-0.02,5,3437,卖盘
2003,13:10:24,6.87,0.0,12,8246,卖盘
2004,13:10:27,6.89,0.02,3,2067,买盘
2005,13:10:30,6.87,-0.02,17,11679,卖盘
2006,13:10:33,6.87,0.0,18,12366,卖盘
2007,13:10:36,6.87,0.0,11,7557,卖盘
2008,13:10:39,6.87,0.0,10,6872,卖盘
2009,13:10:42,6.87,0.0,31,21301,卖盘
2010,13:10:45,6.87,0.0,10,6870,卖盘
2011,13:10:48,6.89,0.02,50,34450,买盘
2012,13:10:51,6.88,-0.01,9,6192,卖盘
2013,13:10:57,6.88,0.0,11,7568,卖盘
2014,13:11:04,6.87,-0.01,143,98308,卖盘
2015,13:11:09,6.87,0.0,11,7557,卖盘
2016,13:11:15,6.87,0.0,6,4122,卖盘
2017,13:11:18,6.87,0.0,13,8935,卖盘
2018,13:11:24,6.89,0.02,1,689,买盘
2019,13:11:27,6.89,0.0,2,1378,买盘
2020,13:11:30,6.89,0.0,10,6872,买盘
2021,13:11:33,6.88,-0.01,1,688,中性盘
2022,13:11:39,6.88,0.0,1,688,买盘
2023,13:11:42,6.88,0.0,11,7558,买盘
2024,13:11:45,6.87,-0.01,55,37825,卖盘
2025,13:11:48,6.88,0.01,15,10320,买盘
2026,13:11:51,6.87,-0.01,292,200607,卖盘
2027,13:12:04,6.87,0.0,11,7557,卖盘
2028,13:12:09,6.87,0.0,143,98241,卖盘
2029,13:12:15,6.88,0.01,30,20630,买盘
2030,13:12:21,6.87,-0.01,2,1375,卖盘
2031,13:12:24,6.87,0.0,27,18550,卖盘
2032,13:12:27,6.88,0.01,7,4816,买盘
2033,13:12:30,6.88,0.0,22,15136,买盘
2034,13:12:33,6.88,0.0,1,688,买盘
2035,13:12:36,6.88,0.0,12,8245,买盘
2036,13:12:39,6.88,0.0,2,1376,买盘
2037,13:12:42,6.88,0.0,7,4816,买盘
2038,13:12:45,6.88,0.0,2,1376,买盘
2039,13:12:48,6.88,0.0,128,88053,买盘
2040,13:12:51,6.89,0.01,299,205715,买盘
2041,13:12:54,6.88,-0.01,27,18593,卖盘
2042,13:12:57,6.88,0.0,10,6881,卖盘
2043,13:13:00,6.89,0.01,14,9646,买盘
2044,13:13:04,6.88,-0.01,20,13760,卖盘
2045,13:13:09,6.88,0.0,11,7569,卖盘
2046,13:13:15,6.87,-0.01,144,98984,卖盘
2047,13:13:18,6.87,0.0,7,4810,卖盘
2048,13:13:22,6.88,0.01,21,14438,中性盘
2049,13:13:25,6.88,0.0,15,10320,买盘
2050,13:13:27,6.89,0.01,1,689,买盘
2051,13:13:30,6.87,-0.02,12,8246,卖盘
2052,13:13:33,6.87,0.0,2,1376,卖盘
2053,13:13:39,6.89,0.02,1,689,买盘
2054,13:13:42,6.88,-0.01,10,6880,卖盘
2055,13:13:48,6.89,0.01,51,35139,买盘
2056,13:13:51,6.89,0.0,1,689,买盘
2057,13:13:54,6.89,0.0,19,13082,买盘
2058,13:14:00,6.89,0.0,1,689,买盘
2059,13:14:04,6.88,-0.01,17,11703,卖盘
2060,13:14:06,6.9,0.02,1,690,买盘
2061,13:14:09,6.9,0.0,1,690,买盘
2062,13:14:12,6.9,0.0,1,690,买盘
2063,13:14:15,6.9,0.0,12,8269,买盘
2064,13:14:21,6.88,-0.02,44,30294,卖盘
2065,13:14:24,6.88,0.0,121,83248,买盘
2066,13:14:27,6.89,0.01,12,8248,中性盘
2067,13:14:36,6.9,0.01,12,8270,买盘
2068,13:14:39,6.89,-0.01,10,6890,卖盘
2069,13:14:42,6.89,0.0,1,689,买盘
2070,13:14:45,6.89,0.0,1,689,买盘
2071,13:14:48,6.89,0.0,11,7564,买盘
2072,13:14:51,6.89,0.0,3,2067,买盘
2073,13:14:54,6.88,-0.01,15,10320,卖盘
2074,13:15:00,6.88,0.0,13,8934,买盘
2075,13:15:06,6.88,0.0,15,10320,买盘
2076,13:15:09,6.87,-0.01,9,6183,卖盘
2077,13:15:21,6.87,0.0,10,6870,卖盘
2078,13:15:27,6.87,0.0,152,104424,卖盘
2079,13:15:30,6.88,0.01,1,688,买盘
2080,13:15:33,6.87,-0.01,20,13742,卖盘
2081,13:15:39,6.88,0.01,26,17888,买盘
2082,13:15:42,6.88,0.0,11,7568,卖盘
2083,13:15:54,6.88,0.0,10,6880,卖盘
2084,13:15:57,6.89,0.01,58,39908,买盘
2085,13:16:00,6.89,0.0,40,27560,买盘
2086,13:16:03,6.88,-0.01,6,4128,卖盘
2087,13:16:06,6.87,-0.01,9,6188,卖盘
2088,13:16:18,6.87,0.0,10,6870,卖盘
2089,13:16:24,6.89,0.02,1,689,买盘
2090,13:16:27,6.88,-0.01,11,7568,卖盘
2091,13:16:30,6.88,0.0,8,5504,卖盘
2092,13:16:33,6.87,-0.01,145,99635,卖盘
2093,13:16:39,6.87,0.0,11,7557,卖盘
2094,13:16:42,6.88,0.01,11,7568,买盘
2095,13:16:45,6.88,0.0,8,5504,买盘
2096,13:16:51,6.88,0.0,9,6192,卖盘
2097,13:16:57,6.89,0.01,1,689,买盘
2098,13:17:00,6.87,-0.02,41,28202,卖盘
2099,13:17:04,6.89,0.02,10,6872,买盘
2100,13:17:06,6.89,0.0,2,1378,买盘
2101,13:17:12,6.88,-0.01,10,6880,卖盘
2102,13:17:18,6.89,0.01,1,689,买盘
2103,13:17:24,6.88,-0.01,9,6192,卖盘
2104,13:17:33,6.88,0.0,31,21333,卖盘
2105,13:17:36,6.89,0.01,39,26871,买盘
2106,13:17:39,6.87,-0.02,144,98930,卖盘
2107,13:17:42,6.89,0.02,45,31005,买盘
2108,13:17:45,6.89,0.0,30,20650,买盘
2109,13:17:48,6.89,0.0,1,689,买盘
2110,13:17:57,6.87,-0.02,70,48117,卖盘
2111,13:18:06,6.88,0.01,12,8256,卖盘
2112,13:18:12,6.88,0.0,3,2064,卖盘
2113,13:18:18,6.87,-0.01,10,6877,卖盘
2114,13:18:21,6.89,0.02,5,3437,买盘
2115,13:18:27,6.87,-0.02,8,5497,卖盘
2116,13:18:30,6.87,0.0,10,6870,卖盘
2117,13:18:39,6.88,0.01,9,6192,卖盘
2118,13:18:45,6.89,0.01,187,128598,买盘
2119,13:18:51,6.87,-0.02,10,6870,卖盘
2120,13:18:54,6.88,0.01,6,4128,买盘
2121,13:18:57,6.87,-0.01,19,13053,卖盘
2122,13:19:04,6.87,0.0,11,7557,卖盘
2123,13:19:13,6.87,0.0,11,7557,卖盘
2124,13:19:15,6.88,0.01,21,14448,买盘
2125,13:19:24,6.87,-0.01,10,6870,卖盘
2126,13:19:30,6.87,0.0,51,35037,卖盘
2127,13:19:33,6.87,0.0,10,6870,卖盘
2128,13:19:37,6.87,0.0,24,16488,卖盘
2129,13:19:42,6.87,0.0,8,5496,卖盘
2130,13:19:45,6.87,0.0,11,7557,卖盘
2131,13:19:51,6.87,0.0,187,128523,卖盘
2132,13:19:57,6.87,0.0,57,39162,卖盘
2133,13:20:00,6.89,0.02,1,689,买盘
2134,13:20:06,6.89,0.0,1,689,买盘
2135,13:20:10,6.87,-0.02,11,7557,卖盘
2136,13:20:18,6.87,0.0,11,7557,卖盘
2137,13:20:21,6.89,0.02,3,2067,买盘
2138,13:20:30,6.87,-0.02,19,13053,卖盘
2139,13:20:39,6.89,0.02,1,689,买盘
2140,13:20:42,6.87,-0.02,10,6870,卖盘
2141,13:20:51,6.87,0.0,10,6870,卖盘
2142,13:20:57,6.87,0.0,172,118174,卖盘
2143,13:21:00,6.88,0.01,79,54278,买盘
2144,13:21:03,6.87,-0.01,23,15816,卖盘
2145,13:21:06,6.87,0.0,50,34354,卖盘
2146,13:21:12,6.89,0.02,11,7579,买盘
2147,13:21:15,6.87,-0.02,11,7557,卖盘
2148,13:21:18,6.88,0.01,60,41280,中性盘
2149,13:21:24,6.88,0.0,11,7568,卖盘
2150,13:21:27,6.89,0.01,1,689,买盘
2151,13:21:30,6.88,-0.01,75,51601,卖盘
2152,13:21:33,6.88,0.0,3,2064,买盘
2153,13:21:36,6.87,-0.01,9,6183,卖盘
2154,13:21:42,6.88,0.01,6,4128,买盘
2155,13:21:45,6.88,0.0,1,688,买盘
2156,13:21:48,6.87,-0.01,10,6870,卖盘
2157,13:21:51,6.86,-0.01,1008,691613,卖盘
2158,13:21:57,6.88,0.02,24,16490,买盘
2159,13:22:04,6.86,-0.02,143,98121,卖盘
2160,13:22:06,6.88,0.02,1,688,买盘
2161,13:22:09,6.86,-0.02,11,7554,卖盘
2162,13:22:12,6.88,0.02,19,13072,买盘
2163,13:22:21,6.86,-0.02,11,7546,卖盘
2164,13:22:27,6.86,0.0,7,4802,卖盘
2165,13:22:30,6.86,0.0,11,7546,卖盘
2166,13:22:42,6.89,0.03,16,10989,买盘
2167,13:22:51,6.88,-0.01,30,20640,卖盘
2168,13:22:54,6.89,0.01,35,24061,买盘
2169,13:22:57,6.88,-0.01,36,24768,中性盘
2170,13:23:00,6.88,0.0,5,3440,卖盘
2171,13:23:03,6.86,-0.02,9,6174,卖盘
2172,13:23:09,6.86,0.0,143,98098,卖盘
2173,13:23:15,6.87,0.01,10,6870,卖盘
2174,13:23:27,6.87,0.0,11,7557,卖盘
2175,13:23:30,6.88,0.01,1,688,买盘
2176,13:23:39,6.87,-0.01,17,11679,卖盘
2177,13:23:43,6.88,0.01,3,2064,买盘
2178,13:23:46,6.87,-0.01,29,19923,卖盘
2179,13:23:48,6.87,0.0,11,7557,卖盘
2180,13:23:54,6.85,-0.02,4000,2740759,卖盘
2181,13:24:00,6.85,0.0,10,6850,卖盘
2182,13:24:12,6.87,0.02,23,15779,买盘
2183,13:24:15,6.85,-0.02,147,100701,卖盘
2184,13:24:21,6.87,0.02,327,224009,买盘
2185,13:24:27,6.88,0.01,11,7559,买盘
2186,13:24:33,6.85,-0.03,10,6850,卖盘
2187,13:24:36,6.87,0.02,5,3435,中性盘
2188,13:24:39,6.87,0.0,14,9618,买盘
2189,13:24:45,6.85,-0.02,10,6850,卖盘
2190,13:24:51,6.88,0.03,1,688,买盘
2191,13:24:54,6.86,-0.02,11,7546,卖盘
2192,13:24:57,6.86,0.0,56,38416,卖盘
2193,13:25:06,6.86,0.0,10,6860,卖盘
2194,13:25:12,6.88,0.02,1,688,买盘
2195,13:25:18,6.86,-0.02,10,6860,卖盘
2196,13:25:21,6.86,0.0,143,98098,卖盘
2197,13:25:27,6.86,0.0,11,7546,卖盘
2198,13:25:33,6.86,0.0,7,4802,卖盘
2199,13:25:36,6.86,0.0,5,3430,卖盘
2200,13:25:39,6.86,0.0,10,6860,卖盘
2201,13:25:45,6.87,0.01,1,687,买盘
2202,13:25:51,6.85,-0.02,5092,3479512,卖盘
2203,13:25:57,6.82,-0.03,3,2046,卖盘
2204,13:26:01,6.81,-0.01,43,29312,卖盘
2205,13:26:04,6.81,0.0,10,6811,卖盘
2206,13:26:06,6.85,0.04,3,2055,买盘
2207,13:26:12,6.81,-0.04,54,36774,卖盘
2208,13:26:18,6.84,0.03,32,21888,买盘
2209,13:26:22,6.84,0.0,18,12312,卖盘
2210,13:26:24,6.84,0.0,56,38284,买盘
2211,13:26:27,6.81,-0.03,153,104279,卖盘
2212,13:26:33,6.82,0.01,11,7502,中性盘
2213,13:26:36,6.84,0.02,9,6140,买盘
2214,13:26:42,6.82,-0.02,50,34122,卖盘
2215,13:26:45,6.82,0.0,10,6820,卖盘
2216,13:26:48,6.83,0.01,5,3415,中性盘
2217,13:26:51,6.83,0.0,13,8879,买盘
2218,13:26:57,6.83,0.0,74,50478,买盘
2219,13:27:00,6.82,-0.01,73,49809,卖盘
2220,13:27:03,6.82,0.0,106,72292,卖盘
2221,13:27:06,6.81,-0.01,48,32700,卖盘
2222,13:27:09,6.81,0.0,36,24551,卖盘
2223,13:27:12,6.82,0.01,24,16368,买盘
2224,13:27:18,6.81,-0.01,188,128205,卖盘
2225,13:27:21,6.82,0.01,80,54560,买盘
2226,13:27:25,6.82,0.0,11,7502,卖盘
2227,13:27:28,6.81,-0.01,488,332434,卖盘
2228,13:27:30,6.81,0.0,85,57915,卖盘
2229,13:27:33,6.81,0.0,144,98091,卖盘
2230,13:27:36,6.83,0.02,10,6830,买盘
2231,13:27:39,6.82,-0.01,17,11594,卖盘
2232,13:27:45,6.82,0.0,56,38192,卖盘
2233,13:27:52,6.83,0.01,36,24574,买盘
2234,13:27:54,6.82,-0.01,1,682,中性盘
2235,13:27:57,6.81,-0.01,2,1362,卖盘
2236,13:28:00,6.82,0.01,9,6138,买盘
2237,13:28:04,6.82,0.0,11,7502,卖盘
2238,13:28:12,6.82,0.0,22,15004,卖盘
2239,13:28:15,6.83,0.01,16,10913,买盘
2240,13:28:18,6.83,0.0,3,2049,买盘
2241,13:28:21,6.83,0.0,36,24588,买盘
2242,13:28:24,6.82,-0.01,16,10918,卖盘
2243,13:28:27,6.82,0.0,50,34100,卖盘
2244,13:28:31,6.82,0.0,7,4774,卖盘
2245,13:28:36,6.83,0.01,13,8868,买盘
2246,13:28:39,6.82,-0.01,153,104346,卖盘
2247,13:28:42,6.83,0.01,122,83326,买盘
2248,13:28:45,6.82,-0.01,9,6138,卖盘
2249,13:28:48,6.83,0.01,3,2049,买盘
2250,13:28:57,6.82,-0.01,97,66175,卖盘
2251,13:29:00,6.83,0.01,34,23222,买盘
2252,13:29:04,6.83,0.0,8,5464,买盘
2253,13:29:06,6.83,0.0,4,2732,买盘
2254,13:29:09,6.83,0.0,15,10235,买盘
2255,13:29:15,6.82,-0.01,12,8186,卖盘
2256,13:29:21,6.83,0.01,15,10235,买盘
2257,13:29:24,6.83,0.0,7,4781,买盘
2258,13:29:27,6.83,0.0,15,10245,买盘
2259,13:29:30,6.82,-0.01,19,12958,卖盘
2260,13:29:36,6.83,0.01,10,6830,买盘
2261,13:29:39,6.83,0.0,23,15709,买盘
2262,13:29:42,6.83,0.0,80,54631,买盘
2263,13:29:45,6.81,-0.02,192,130988,卖盘
2264,13:29:55,6.81,0.0,18,12268,卖盘
2265,13:29:57,6.82,0.01,5,3410,中性盘
2266,13:30:04,6.81,-0.01,65,44320,卖盘
2267,13:30:12,6.81,0.0,48,32688,卖盘
2268,13:30:15,6.81,0.0,11,7491,卖盘
2269,13:30:18,6.82,0.01,39,26580,买盘
2270,13:30:21,6.81,-0.01,121,82404,卖盘
2271,13:30:27,6.81,0.0,10,6810,卖盘
2272,13:30:31,6.82,0.01,110,74915,买盘
2273,13:30:34,6.82,0.0,11,7495,买盘
2274,13:30:36,6.81,-0.01,32,21815,卖盘
2275,13:30:39,6.81,0.0,44,29964,卖盘
2276,13:30:42,6.82,0.01,35,23870,买盘
2277,13:30:45,6.81,-0.01,555,378023,卖盘
2278,13:30:48,6.8,-0.01,41,27910,卖盘
2279,13:30:51,6.8,0.0,150,102006,卖盘
2280,13:30:54,6.81,0.01,3,2043,买盘
2281,13:30:57,6.8,-0.01,1,680,卖盘
2282,13:31:00,6.81,0.01,611,415543,买盘
2283,13:31:07,6.8,-0.01,66,44900,卖盘
2284,13:31:10,6.8,0.0,47,31996,卖盘
2285,13:31:13,6.8,0.0,524,356320,卖盘
2286,13:31:16,6.8,0.0,220,149600,卖盘
2287,13:31:19,6.8,0.0,35,23810,卖盘
2288,13:31:21,6.8,0.0,12,8163,卖盘
2289,13:31:27,6.81,0.01,21,14281,买盘
2290,13:31:30,6.8,-0.01,231,157080,卖盘
2291,13:31:33,6.8,0.0,446,303280,卖盘
2292,13:31:36,6.8,0.0,21,14280,卖盘
2293,13:31:39,6.8,0.0,202,137484,卖盘
2294,13:31:42,6.8,0.0,13,8843,卖盘
2295,13:31:45,6.81,0.01,300,204010,买盘
2296,13:31:49,6.8,-0.01,44,29921,卖盘
2297,13:31:52,6.8,0.0,19,12920,卖盘
2298,13:31:54,6.8,0.0,442,300560,卖盘
2299,13:31:57,6.8,0.0,173,117640,卖盘
2300,13:32:01,6.8,0.0,109,74120,卖盘
2301,13:32:04,6.81,0.01,1,681,买盘
2302,13:32:06,6.8,-0.01,13,8843,卖盘
2303,13:32:09,6.8,0.0,18,12240,卖盘
2304,13:32:12,6.8,0.0,50,34000,卖盘
2305,13:32:15,6.8,0.0,11,7480,卖盘
2306,13:32:21,6.8,0.0,102,69367,卖盘
2307,13:32:27,6.81,0.01,61,41488,买盘
2308,13:32:33,6.81,0.0,9,6129,买盘
2309,13:32:36,6.8,-0.01,7,4760,卖盘
2310,13:32:39,6.81,0.01,55,37434,买盘
2311,13:32:42,6.81,0.0,5,3405,买盘
2312,13:32:45,6.81,0.0,52,35412,买盘
2313,13:32:48,6.8,-0.01,10,6800,卖盘
2314,13:32:51,6.81,0.01,12,8172,买盘
2315,13:32:57,6.81,0.0,81,55112,买盘
2316,13:33:00,6.81,0.0,41,27910,买盘
2317,13:33:03,6.8,-0.01,148,100645,卖盘
2318,13:33:06,6.81,0.01,2,1362,买盘
2319,13:33:12,6.8,-0.01,9,6120,卖盘
2320,13:33:15,6.81,0.01,10,6810,买盘
2321,13:33:18,6.81,0.0,30,20430,买盘
2322,13:33:21,6.8,-0.01,35,23824,卖盘
2323,13:33:25,6.8,0.0,354,240721,卖盘
2324,13:33:27,6.81,0.01,2,1362,买盘
2325,13:33:33,6.8,-0.01,18,12240,卖盘
2326,13:33:36,6.8,0.0,59,40120,卖盘
2327,13:33:39,6.81,0.01,2,1361,买盘
2328,13:33:42,6.81,0.0,11,7481,买盘
2329,13:33:45,6.81,0.0,67,45616,买盘
2330,13:33:51,6.81,0.0,17,11577,买盘
2331,13:33:54,6.8,-0.01,116,78886,卖盘
2332,13:33:57,6.81,0.01,47,31979,买盘
2333,13:34:00,6.81,0.0,2,1362,买盘
2334,13:34:03,6.81,0.0,1,681,买盘
2335,13:34:06,6.81,0.0,12,8162,买盘
2336,13:34:09,6.8,-0.01,154,104730,卖盘
2337,13:34:12,6.81,0.01,25,17025,买盘
2338,13:34:18,6.8,-0.01,11,7480,卖盘
2339,13:34:21,6.81,0.01,2,1362,买盘
2340,13:34:24,6.81,0.0,2,1362,买盘
2341,13:34:27,6.8,-0.01,16,10887,卖盘
2342,13:34:30,6.81,0.01,24,16344,买盘
2343,13:34:33,6.8,-0.01,15,10207,卖盘
2344,13:34:36,6.81,0.01,73,49700,买盘
2345,13:34:39,6.8,-0.01,10,6800,卖盘
2346,13:34:45,6.81,0.01,1,681,买盘
2347,13:34:48,6.81,0.0,53,36025,买盘
2348,13:34:51,6.81,0.0,11,7491,卖盘
2349,13:34:57,6.81,0.0,47,32075,卖盘
2350,13:35:00,6.8,-0.01,13,8843,卖盘
2351,13:35:06,6.8,0.0,318,216260,卖盘
2352,13:35:09,6.82,0.02,1,682,买盘
2353,13:35:12,6.81,-0.01,10,6810,卖盘
2354,13:35:15,6.8,-0.01,143,97260,卖盘
2355,13:35:24,6.8,0.0,10,6800,卖盘
2356,13:35:30,6.82,0.02,1,682,买盘
2357,13:35:36,6.8,-0.02,11,7490,卖盘
2358,13:35:39,6.81,0.01,7,4767,买盘
2359,13:35:42,6.81,0.0,1,681,中性盘
2360,13:35:46,6.8,-0.01,28,19059,卖盘
2361,13:35:48,6.82,0.02,53,36144,买盘
2362,13:35:51,6.8,-0.02,296,201282,卖盘
2363,13:35:55,6.81,0.01,15,10216,中性盘
2364,13:35:58,6.8,-0.01,49,33343,卖盘
2365,13:36:00,6.82,0.02,8,5456,买盘
2366,13:36:09,6.81,-0.01,11,7491,卖盘
2367,13:36:12,6.82,0.01,11,7502,买盘
2368,13:36:15,6.82,0.0,2,1364,买盘
2369,13:36:18,6.81,-0.01,11,7491,卖盘
2370,13:36:22,6.8,-0.01,172,117077,卖盘
2371,13:36:30,6.8,0.0,10,6800,卖盘
2372,13:36:34,6.81,0.01,36,24509,买盘
2373,13:36:36,6.81,0.0,265,180207,买盘
2374,13:36:39,6.82,0.01,1,682,买盘
2375,13:36:42,6.81,-0.01,19,12939,卖盘
2376,13:36:48,6.82,0.01,15,10230,买盘
2377,13:36:51,6.81,-0.01,10,6810,卖盘
2378,13:36:54,6.82,0.01,21,14322,买盘
2379,13:36:57,6.81,-0.01,7,4767,卖盘
2380,13:37:00,6.82,0.01,21,14322,买盘
2381,13:37:04,6.82,0.0,17,11583,买盘
2382,13:37:07,6.82,0.0,1,682,买盘
2383,13:37:09,6.81,-0.01,231,157311,卖盘
2384,13:37:15,6.81,0.0,11,7491,卖盘
2385,13:37:18,6.82,0.01,201,137082,买盘
2386,13:37:21,6.82,0.0,12,8184,买盘
2387,13:37:24,6.81,-0.01,9,6129,卖盘
2388,13:37:27,6.81,0.0,158,107613,卖盘
2389,13:37:33,6.82,0.01,79,53878,买盘
2390,13:37:36,6.81,-0.01,17,11592,卖盘
2391,13:37:39,6.83,0.02,9,6131,买盘
2392,13:37:42,6.83,0.0,1,683,买盘
2393,13:37:48,6.83,0.0,16,10911,买盘
2394,13:37:51,6.83,0.0,2,1366,买盘
2395,13:37:57,6.81,-0.02,50,34099,卖盘
2396,13:38:00,6.83,0.02,10,6830,买盘
2397,13:38:06,6.81,-0.02,209,142331,卖盘
2398,13:38:09,6.82,0.01,11,7502,卖盘
2399,13:38:12,6.82,0.0,10,6822,卖盘
2400,13:38:21,6.82,0.0,10,6820,卖盘
2401,13:38:24,6.82,0.0,5,3410,卖盘
2402,13:38:27,6.83,0.01,1,683,买盘
2403,13:38:31,6.82,-0.01,19,12967,卖盘
2404,13:38:34,6.81,-0.01,144,98106,卖盘
2405,13:38:40,6.81,0.0,7,4767,卖盘
2406,13:38:42,6.81,0.0,10,6810,卖盘
2407,13:38:48,6.83,0.02,668,454352,买盘
2408,13:38:54,6.81,-0.02,10,6810,卖盘
2409,13:39:03,6.81,0.0,11,7491,卖盘
2410,13:39:07,6.83,0.02,2,1366,买盘
2411,13:39:09,6.82,-0.01,1,682,中性盘
2412,13:39:12,6.82,0.0,1,682,买盘
2413,13:39:15,6.81,-0.01,10,6810,卖盘
2414,13:39:24,6.82,0.01,1,682,卖盘
2415,13:39:27,6.82,0.0,10,6820,卖盘
2416,13:39:30,6.82,0.0,15,10230,卖盘
2417,13:39:33,6.83,0.01,18,12294,买盘
2418,13:39:36,6.82,-0.01,29,19798,卖盘
2419,13:39:40,6.81,-0.01,192,130866,卖盘
2420,13:39:43,6.83,0.02,1,683,买盘
2421,13:39:48,6.82,-0.01,30,20450,买盘
2422,13:39:54,6.83,0.01,14,9562,买盘
2423,13:39:57,6.83,0.0,10,6830,买盘
2424,13:40:00,6.82,-0.01,159,108439,卖盘
2425,13:40:06,6.81,-0.01,58,39510,卖盘
2426,13:40:09,6.81,0.0,10,6810,卖盘
2427,13:40:19,6.82,0.01,31,21142,买盘
2428,13:40:21,6.81,-0.01,39,26559,卖盘
2429,13:40:24,6.82,0.01,20,13640,买盘
2430,13:40:27,6.82,0.0,1,682,买盘
2431,13:40:30,6.82,0.0,6,4092,买盘
2432,13:40:33,6.82,0.0,321,218904,买盘
2433,13:40:36,6.82,0.0,76,51832,买盘
2434,13:40:39,6.82,0.0,11,7502,买盘
2435,13:40:42,6.81,-0.01,11,7491,卖盘
2436,13:40:45,6.81,0.0,143,97383,卖盘
2437,13:40:48,6.82,0.01,5,3410,买盘
2438,13:40:51,6.82,0.0,8,5456,买盘
2439,13:40:54,6.81,-0.01,20,13620,卖盘
2440,13:40:57,6.82,0.01,10,6820,买盘
2441,13:41:01,6.82,0.0,11,7502,买盘
2442,13:41:06,6.82,0.0,90,61371,买盘
2443,13:41:09,6.82,0.0,8,5456,卖盘
2444,13:41:13,6.82,0.0,24,16368,卖盘
2445,13:41:15,6.81,-0.01,14,9538,卖盘
2446,13:41:22,6.82,0.01,24,16368,买盘
2447,13:41:27,6.82,0.0,33,22494,买盘
2448,13:41:30,6.82,0.0,30,20460,买盘
2449,13:41:39,6.81,-0.01,16,10896,卖盘
2450,13:41:45,6.81,0.0,26,17707,卖盘
2451,13:41:48,6.81,0.0,18,12265,卖盘
2452,13:41:51,6.81,0.0,144,98064,卖盘
2453,13:41:54,6.82,0.01,2,1364,买盘
2454,13:41:57,6.82,0.0,10,6820,买盘
2455,13:42:00,6.81,-0.01,15,10215,卖盘
2456,13:42:04,6.81,0.0,230,156630,卖盘
2457,13:42:06,6.81,0.0,23,15663,买盘
2458,13:42:09,6.81,0.0,10,6810,买盘
2459,13:42:12,6.81,0.0,11,7481,买盘
2460,13:42:15,6.81,0.0,23,15663,买盘
2461,13:42:18,6.81,0.0,5,3405,买盘
2462,13:42:22,6.81,0.0,25,17025,买盘
2463,13:42:24,6.81,0.0,691,469902,买盘
2464,13:42:27,6.8,-0.01,364,247547,卖盘
2465,13:42:30,6.8,0.0,28,19041,买盘
2466,13:42:33,6.8,0.0,30,20420,卖盘
2467,13:42:39,6.81,0.01,4,2724,买盘
2468,13:42:45,6.8,-0.01,18,12240,卖盘
2469,13:42:51,6.81,0.01,1,681,买盘
2470,13:42:57,6.81,0.0,16,10885,买盘
2471,13:43:00,6.81,0.0,199,135302,买盘
2472,13:43:04,6.8,-0.01,1,680,中性盘
2473,13:43:06,6.79,-0.01,20,13591,卖盘
2474,13:43:09,6.8,0.01,2,1360,买盘
2475,13:43:12,6.8,0.0,27,18360,买盘
2476,13:43:15,6.79,-0.01,28,19013,卖盘
2477,13:43:18,6.79,0.0,110,74790,卖盘
2478,13:43:21,6.8,0.01,11,7480,买盘
2479,13:43:24,6.8,0.0,13,8840,买盘
2480,13:43:27,6.8,0.0,49,33320,买盘
2481,13:43:30,6.79,-0.01,34,23086,卖盘
2482,13:43:33,6.79,0.0,7,4753,卖盘
2483,13:43:36,6.8,0.01,12,8160,买盘
2484,13:43:40,6.79,-0.01,11,7470,卖盘
2485,13:43:42,6.8,0.01,3,2040,买盘
2486,13:43:45,6.8,0.0,1,680,买盘
2487,13:43:49,6.8,0.0,2,1360,买盘
2488,13:43:51,6.79,-0.01,25,16980,卖盘
2489,13:43:57,6.8,0.01,61,41430,买盘
2490,13:44:03,6.79,-0.01,163,110687,卖盘
2491,13:44:06,6.8,0.01,1,680,买盘
2492,13:44:09,6.8,0.0,10,6800,买盘
2493,13:44:12,6.79,-0.01,91,61869,卖盘
2494,13:44:15,6.8,0.01,31,21080,买盘
2495,13:44:18,6.79,-0.01,15,10190,卖盘
2496,13:44:21,6.8,0.01,33,22440,买盘
2497,13:44:24,6.79,-0.01,28,19031,卖盘
2498,13:44:27,6.8,0.01,44,29907,买盘
2499,13:44:30,6.79,-0.01,25,16993,卖盘
2500,13:44:36,6.79,0.0,15,10190,卖盘
2501,13:44:39,6.79,0.0,12,8148,卖盘
2502,13:44:42,6.8,0.01,48,32615,买盘
2503,13:44:46,6.79,-0.01,56,38060,卖盘
2504,13:44:49,6.8,0.01,37,25149,买盘
2505,13:44:57,6.79,-0.01,21,14269,卖盘
2506,13:45:04,6.8,0.01,127,86250,买盘
2507,13:45:06,6.8,0.0,255,173200,买盘
2508,13:45:09,6.79,-0.01,202,137200,卖盘
2509,13:45:12,6.79,0.0,485,329315,卖盘
2510,13:45:15,6.8,0.01,138,93724,买盘
2511,13:45:18,6.8,0.0,64,43520,买盘
2512,13:45:21,6.8,0.0,60,40790,买盘
2513,13:45:24,6.79,-0.01,43,29197,卖盘
2514,13:45:27,6.79,0.0,66,44814,买盘
2515,13:45:30,6.79,0.0,69,46840,买盘
2516,13:45:33,6.79,0.0,61,41419,买盘
2517,13:45:36,6.79,0.0,55,37337,买盘
2518,13:45:42,6.79,0.0,20,13570,买盘
2519,13:45:45,6.79,0.0,26,17654,买盘
2520,13:45:48,6.79,0.0,13,8827,买盘
2521,13:45:54,6.79,0.0,25,16965,买盘
2522,13:45:57,6.79,0.0,9,6111,买盘
2523,13:46:00,6.79,0.0,82,55678,买盘
2524,13:46:03,6.78,-0.01,53,35978,卖盘
2525,13:46:06,6.79,0.01,61,41392,买盘
2526,13:46:09,6.79,0.0,94,63826,买盘
2527,13:46:12,6.79,0.0,60,40719,买盘
2528,13:46:15,6.78,-0.01,154,104412,卖盘
2529,13:46:18,6.79,0.01,150,101850,买盘
2530,13:46:21,6.79,0.0,74,50246,买盘
2531,13:46:24,6.79,0.0,182,123578,买盘
2532,13:46:27,6.79,0.0,99,66870,买盘
2533,13:46:31,6.8,0.01,26,17680,买盘
2534,13:46:33,6.8,0.0,73,49633,买盘
2535,13:46:36,6.8,0.0,23,15630,买盘
2536,13:46:39,6.8,0.0,24,16320,买盘
2537,13:46:42,6.8,0.0,73,49640,买盘
2538,13:46:45,6.8,0.0,25,17000,买盘
2539,13:46:48,6.79,-0.01,11,7469,卖盘
2540,13:46:51,6.8,0.01,25,17000,买盘
2541,13:46:54,6.8,0.0,16,10880,买盘
2542,13:46:57,6.79,-0.01,206,140232,卖盘
2543,13:47:00,6.79,0.0,42,28518,买盘
2544,13:47:04,6.8,0.01,108,73433,买盘
2545,13:47:09,6.79,-0.01,36,24470,卖盘
2546,13:47:12,6.8,0.01,24,16320,买盘
2547,13:47:15,6.79,-0.01,1,679,卖盘
2548,13:47:18,6.8,0.01,24,16313,买盘
2549,13:47:21,6.78,-0.02,182,123577,卖盘
2550,13:47:27,6.8,0.02,74,50320,买盘
2551,13:47:30,6.8,0.0,22,14960,买盘
2552,13:47:33,6.8,0.0,12,8149,买盘
2553,13:47:36,6.8,0.0,38,25840,买盘
2554,13:47:40,6.8,0.0,68,46232,买盘
2555,13:47:43,6.8,0.0,80,54049,买盘
2556,13:47:46,6.8,0.0,21,14308,卖盘
2557,13:47:48,6.79,-0.01,67,45582,卖盘
2558,13:47:52,6.8,0.01,94,63962,中性盘
2559,13:47:54,6.8,0.0,68,46229,买盘
2560,13:47:57,6.82,0.02,96,65472,买盘
2561,13:48:00,6.82,0.0,48,32773,买盘
2562,13:48:04,6.82,0.0,15,10230,买盘
2563,13:48:06,6.8,-0.02,9,6120,卖盘
2564,13:48:09,6.82,0.02,18,12276,买盘
2565,13:48:12,6.82,0.0,1,682,买盘
2566,13:48:15,6.8,-0.02,10,6800,卖盘
2567,13:48:18,6.82,0.02,2,1364,买盘
2568,13:48:21,6.82,0.0,1,682,买盘
2569,13:48:27,6.8,-0.02,159,108130,卖盘
2570,13:48:30,6.82,0.02,58,39556,买盘
2571,13:48:33,6.82,0.0,28,19096,买盘
2572,13:48:36,6.82,0.0,30,20460,买盘
2573,13:48:39,6.81,-0.01,18,12258,卖盘
2574,13:48:45,6.82,0.01,14,9548,买盘
2575,13:48:48,6.81,-0.01,11,7491,卖盘
2576,13:48:51,6.82,0.01,17,11594,买盘
2577,13:48:54,6.82,0.0,15,10230,买盘
2578,13:48:57,6.82,0.0,14,9548,买盘
2579,13:49:00,6.81,-0.01,9,6129,卖盘
2580,13:49:04,6.82,0.01,1,682,买盘
2581,13:49:06,6.82,0.0,1,682,买盘
2582,13:49:09,6.82,0.0,13,8866,买盘
2583,13:49:12,6.81,-0.01,31,21111,卖盘
2584,13:49:15,6.82,0.01,17,11594,买盘
2585,13:49:21,6.81,-0.01,2,1362,卖盘
2586,13:49:24,6.82,0.01,88,59943,买盘
2587,13:49:28,6.82,0.0,26,17732,买盘
2588,13:49:30,6.82,0.0,1,682,买盘
2589,13:49:34,6.8,-0.02,186,126578,卖盘
2590,13:49:36,6.82,0.02,66,45012,买盘
2591,13:49:39,6.8,-0.02,54,36774,卖盘
2592,13:49:42,6.82,0.02,29,19778,买盘
2593,13:49:45,6.82,0.0,16,10892,买盘
2594,13:49:51,6.82,0.0,1,682,买盘
2595,13:49:54,6.82,0.0,198,134882,买盘
2596,13:49:57,6.83,0.01,117,79863,买盘
2597,13:50:00,6.82,-0.01,33,22537,卖盘
2598,13:50:04,6.83,0.01,58,39614,买盘
2599,13:50:06,6.81,-0.02,11,7497,卖盘
2600,13:50:09,6.83,0.02,21,14335,买盘
2601,13:50:15,6.83,0.0,1,683,买盘
2602,13:50:18,6.8,-0.03,10,6803,卖盘
2603,13:50:24,6.81,0.01,8,5448,卖盘
2604,13:50:27,6.83,0.02,13,8879,买盘
2605,13:50:30,6.83,0.0,47,32091,买盘
2606,13:50:33,6.82,-0.01,8,5456,卖盘
2607,13:50:36,6.83,0.01,70,47795,买盘
2608,13:50:39,6.81,-0.02,78,53142,卖盘
2609,13:50:42,6.83,0.02,125,85209,买盘
2610,13:50:46,6.83,0.0,547,373601,买盘
2611,13:50:48,6.83,0.0,71,48493,买盘
2612,13:50:51,6.84,0.01,193,131832,买盘
2613,13:50:55,6.84,0.0,47,32099,买盘
2614,13:50:58,6.85,0.01,68,46527,买盘
2615,13:51:00,6.85,0.0,12,8220,买盘
2616,13:51:04,6.85,0.0,31,21213,买盘
2617,13:51:09,6.85,0.0,28,19179,买盘
2618,13:51:12,6.83,-0.02,11,7513,卖盘
2619,13:51:15,6.85,0.02,37,25345,买盘
2620,13:51:18,6.85,0.0,101,69185,买盘
2621,13:51:21,6.86,0.01,86,59043,买盘
2622,13:51:25,6.83,-0.03,49,33569,卖盘
2623,13:51:27,6.87,0.04,16,10982,买盘
2624,13:51:30,6.83,-0.04,56,38440,卖盘
2625,13:51:36,6.83,0.0,11,7513,卖盘
2626,13:51:39,6.87,0.04,43,29458,买盘
2627,13:51:42,6.86,-0.01,1,686,中性盘
2628,13:51:45,6.83,-0.03,82,56058,卖盘
2629,13:51:48,6.83,0.0,90,61470,买盘
2630,13:51:51,6.85,0.02,60,41100,卖盘
2631,13:51:54,6.86,0.01,56,38355,买盘
2632,13:51:57,6.86,0.0,16,10944,买盘
2633,13:52:00,6.87,0.01,17,11675,买盘
2634,13:52:06,6.86,-0.01,13,8918,买盘
2635,13:52:09,6.86,0.0,18,12347,买盘
2636,13:52:12,6.86,0.0,62,42532,买盘
2637,13:52:16,6.86,0.0,3,2058,买盘
2638,13:52:18,6.84,-0.02,32,21937,卖盘
2639,13:52:24,6.85,0.01,14,9586,中性盘
2640,13:52:27,6.86,0.01,23,15778,买盘
2641,13:52:30,6.84,-0.02,23,15765,卖盘
2642,13:52:36,6.85,0.01,32,21930,卖盘
2643,13:52:39,6.84,-0.01,32,21893,卖盘
2644,13:52:42,6.86,0.02,20,13706,买盘
2645,13:52:45,6.86,0.0,27,18522,买盘
2646,13:52:48,6.86,0.0,129,88494,买盘
2647,13:52:51,6.85,-0.01,92,63164,卖盘
2648,13:52:54,6.85,0.0,29,19865,买盘
2649,13:52:57,6.85,0.0,30,20550,买盘
2650,13:53:00,6.85,0.0,20,13700,买盘
2651,13:53:03,6.87,0.02,143,98109,买盘
2652,13:53:06,6.87,0.0,23,15778,买盘
2653,13:53:10,6.87,0.0,58,39748,买盘
2654,13:53:15,6.86,-0.01,32,21941,买盘
2655,13:53:19,6.86,0.0,42,28812,买盘
2656,13:53:21,6.86,0.0,39,26749,买盘
2657,13:53:24,6.86,0.0,42,28841,买盘
2658,13:53:36,6.86,0.0,88,60368,卖盘
2659,13:53:39,6.86,0.0,13,8918,买盘
2660,13:53:42,6.87,0.01,30,20586,买盘
2661,13:53:45,6.86,-0.01,3,2058,卖盘
2662,13:53:48,6.86,0.0,8,5488,卖盘
2663,13:53:51,6.87,0.01,3,2061,买盘
2664,13:53:57,6.85,-0.02,126,86391,卖盘
2665,13:54:00,6.85,0.0,38,26030,买盘
2666,13:54:04,6.85,0.0,78,53430,买盘
2667,13:54:09,6.86,0.01,24,16447,买盘
2668,13:54:15,6.86,0.0,12,8232,买盘
2669,13:54:21,6.85,-0.01,10,6850,卖盘
2670,13:54:28,6.86,0.01,1,686,买盘
2671,13:54:30,6.86,0.0,60,41124,买盘
2672,13:54:33,6.85,-0.01,7,4795,卖盘
2673,13:54:39,6.85,0.0,44,30173,卖盘
2674,13:54:42,6.85,0.0,11,7535,卖盘
2675,13:54:45,6.86,0.01,6,4116,买盘
2676,13:54:48,6.86,0.0,1,686,买盘
2677,13:54:54,6.85,-0.01,12,8231,卖盘
2678,13:54:57,6.85,0.0,55,37678,卖盘
2679,13:55:01,6.87,0.02,15,10305,买盘
2680,13:55:04,6.85,-0.02,151,103445,卖盘
2681,13:55:06,6.87,0.02,8,5490,买盘
2682,13:55:09,6.85,-0.02,102,69890,卖盘
2683,13:55:15,6.85,0.0,29,19889,卖盘
2684,13:55:18,6.87,0.02,2,1374,买盘
2685,13:55:21,6.87,0.0,12,8244,买盘
2686,13:55:24,6.85,-0.02,17,11645,卖盘
2687,13:55:27,6.87,0.02,18,12344,买盘
2688,13:55:30,6.85,-0.02,18,12330,卖盘
2689,13:55:33,6.87,0.02,40,27480,买盘
2690,13:55:36,6.85,-0.02,13,8909,卖盘
2691,13:55:39,6.87,0.02,50,34270,买盘
2692,13:55:42,6.87,0.0,42,28854,买盘
2693,13:55:45,6.86,-0.01,52,35717,卖盘
2694,13:55:49,6.87,0.01,26,17849,买盘
2695,13:55:52,6.86,-0.01,2,1372,卖盘
2696,13:55:54,6.87,0.01,1,687,买盘
2697,13:55:58,6.87,0.0,6,4122,买盘
2698,13:56:00,6.85,-0.02,11,7545,卖盘
2699,13:56:04,6.87,0.02,18,12366,买盘
2700,13:56:06,6.87,0.0,9,6183,买盘
2701,13:56:10,6.85,-0.02,159,108931,卖盘
2702,13:56:12,6.87,0.02,20,13734,买盘
2703,13:56:18,6.87,0.0,11,7557,买盘
2704,13:56:21,6.86,-0.01,57,39148,卖盘
2705,13:56:25,6.87,0.01,24,16467,买盘
2706,13:56:27,6.87,0.0,11,7553,买盘
2707,13:56:33,6.87,0.0,31,21287,买盘
2708,13:56:36,6.87,0.0,22,15114,买盘
2709,13:56:39,6.86,-0.01,35,24010,卖盘
2710,13:56:42,6.86,0.0,15,10290,卖盘
2711,13:56:46,6.86,0.0,8,5488,卖盘
2712,13:56:48,6.87,0.01,34,23358,买盘
2713,13:56:51,6.87,0.0,10,6870,买盘
2714,13:56:54,6.86,-0.01,82,56252,卖盘
2715,13:57:00,6.87,0.01,14,9618,买盘
2716,13:57:06,6.86,-0.01,91,62426,卖盘
2717,13:57:09,6.86,0.0,10,6869,卖盘
2718,13:57:15,6.87,0.01,170,117305,买盘
2719,13:57:18,6.87,0.0,10,6870,卖盘
2720,13:57:28,6.87,0.0,34,23382,卖盘
2721,13:57:33,6.86,-0.01,75,51488,卖盘
2722,13:57:36,6.88,0.02,27,18569,买盘
2723,13:57:39,6.86,-0.02,11,7549,卖盘
2724,13:57:48,6.88,0.02,63,43344,买盘
2725,13:57:51,6.87,-0.01,10,6870,卖盘
2726,13:57:54,6.87,0.0,8,5496,卖盘
2727,13:57:57,6.88,0.01,200,137600,买盘
2728,13:58:00,6.87,-0.01,10,6870,卖盘
2729,13:58:03,6.88,0.01,2,1376,中性盘
2730,13:58:06,6.88,0.0,1,688,买盘
2731,13:58:13,6.87,-0.01,20,13741,卖盘
2732,13:58:18,6.88,0.01,50,34351,买盘
2733,13:58:21,6.86,-0.02,143,98133,卖盘
2734,13:58:24,6.87,0.01,32,21984,中性盘
2735,13:58:30,6.88,0.01,53,36464,买盘
2736,13:58:33,6.88,0.0,73,50213,卖盘
2737,13:58:36,6.88,0.0,31,21328,卖盘
2738,13:58:42,6.88,0.0,30,20640,买盘
2739,13:58:45,6.87,-0.01,9,6183,卖盘
2740,13:58:48,6.88,0.01,2,1376,买盘
2741,13:58:54,6.87,-0.01,23,15821,卖盘
2742,13:58:57,6.87,0.0,31,21315,卖盘
2743,13:59:00,6.88,0.01,15,10320,买盘
2744,13:59:06,6.87,-0.01,11,7557,卖盘
2745,13:59:12,6.87,0.0,28,19258,卖盘
2746,13:59:18,6.87,0.0,10,6870,卖盘
2747,13:59:28,6.86,-0.01,144,98913,卖盘
2748,13:59:30,6.86,0.0,11,7546,卖盘
2749,13:59:37,6.87,0.01,21,14427,中性盘
2750,13:59:39,6.87,0.0,19,13035,买盘
2751,13:59:42,6.87,0.0,18,12366,买盘
2752,13:59:45,6.86,-0.01,92,63134,卖盘
2753,13:59:51,6.87,0.01,13,8921,买盘
2754,13:59:57,6.87,0.0,21,14427,买盘
2755,14:00:00,6.86,-0.01,6,4116,卖盘
2756,14:00:04,6.86,0.0,137,93982,卖盘
2757,14:00:12,6.86,0.0,10,6860,卖盘
2758,14:00:15,6.86,0.0,113,77526,卖盘
2759,14:00:24,6.87,0.01,23,15790,买盘
2760,14:00:30,6.86,-0.01,93,63887,卖盘
2761,14:00:33,6.85,-0.01,150,102856,卖盘
2762,14:00:36,6.85,0.0,11,7535,卖盘
2763,14:00:42,6.87,0.02,12,8244,买盘
2764,14:00:45,6.87,0.0,28,19241,买盘
2765,14:00:48,6.88,0.01,1,688,买盘
2766,14:00:51,6.88,0.0,2,1376,买盘
2767,14:00:54,6.87,-0.01,8,5496,卖盘
2768,14:00:58,6.86,-0.01,10,6865,卖盘
2769,14:01:00,6.88,0.02,1,688,买盘
2770,14:01:07,6.86,-0.02,10,6861,卖盘
2771,14:01:09,6.88,0.02,2,1376,买盘
2772,14:01:18,6.87,-0.01,10,6870,卖盘
2773,14:01:21,6.88,0.01,3,2064,买盘
2774,14:01:24,6.88,0.0,1,688,买盘
2775,14:01:27,6.88,0.0,1,688,买盘
2776,14:01:30,6.86,-0.02,16,10985,卖盘
2777,14:01:36,6.86,0.0,21,14408,卖盘
2778,14:01:39,6.85,-0.01,143,98026,卖盘
2779,14:01:42,6.85,0.0,11,7535,卖盘
2780,14:01:49,6.86,0.01,1,686,卖盘
2781,14:01:54,6.85,-0.01,10,6850,卖盘
2782,14:02:03,6.86,0.01,9,6174,卖盘
2783,14:02:07,6.86,0.0,10,6861,卖盘
2784,14:02:16,6.85,-0.01,10,6850,卖盘
2785,14:02:21,6.86,0.01,22,15092,买盘
2786,14:02:28,6.85,-0.01,11,7535,卖盘
2787,14:02:36,6.87,0.02,77,52779,买盘
2788,14:02:39,6.87,0.0,9,6169,买盘
2789,14:02:45,6.85,-0.02,144,98675,卖盘
2790,14:02:48,6.87,0.02,72,49446,买盘
2791,14:02:51,6.87,0.0,35,24045,卖盘
2792,14:02:57,6.85,-0.02,8,5480,卖盘
2793,14:03:01,6.85,0.0,3,2055,卖盘
2794,14:03:09,6.85,0.0,11,7545,卖盘
2795,14:03:12,6.88,0.03,11,7568,买盘
2796,14:03:21,6.85,-0.03,23,15791,卖盘
2797,14:03:31,6.85,0.0,50,34250,卖盘
2798,14:03:34,6.86,0.01,10,6860,卖盘
2799,14:03:36,6.88,0.02,21,14448,买盘
2800,14:03:40,6.88,0.0,33,22695,买盘
2801,14:03:42,6.88,0.0,19,13036,买盘
2802,14:03:48,6.87,-0.01,20,13740,买盘
2803,14:03:51,6.85,-0.02,143,98006,卖盘
2804,14:03:54,6.85,0.0,343,234955,卖盘
2805,14:04:00,6.87,0.02,16,10992,买盘
2806,14:04:04,6.86,-0.01,11,7546,卖盘
2807,14:04:06,6.87,0.01,6,4122,买盘
2808,14:04:15,6.85,-0.02,18,12330,卖盘
2809,14:04:24,6.86,0.01,1,686,卖盘
2810,14:04:27,6.86,0.0,11,7546,卖盘
2811,14:04:30,6.87,0.01,16,10992,买盘
2812,14:04:36,6.86,-0.01,8,5489,卖盘
2813,14:04:40,6.87,0.01,54,37080,买盘
2814,14:04:43,6.86,-0.01,1,686,买盘
2815,14:04:45,6.87,0.01,5,3435,买盘
2816,14:04:49,6.86,-0.01,9,6174,卖盘
2817,14:04:51,6.87,0.01,15,10305,买盘
2818,14:04:54,6.87,0.0,32,21984,买盘
2819,14:04:57,6.85,-0.02,143,97966,卖盘
2820,14:05:00,6.87,0.02,34,23338,买盘
2821,14:05:04,6.87,0.0,3,2061,买盘
2822,14:05:12,6.86,-0.01,10,6860,卖盘
2823,14:05:15,6.87,0.01,9,6183,买盘
2824,14:05:19,6.87,0.0,30,20610,买盘
2825,14:05:21,6.86,-0.01,43,29531,卖盘
2826,14:05:27,6.87,0.01,16,10992,买盘
2827,14:05:30,6.87,0.0,17,11679,买盘
2828,14:05:33,6.87,0.0,17,11679,卖盘
2829,14:05:39,6.87,0.0,42,28856,卖盘
2830,14:05:42,6.87,0.0,20,13749,卖盘
2831,14:05:45,6.88,0.01,11,7568,买盘
2832,14:05:48,6.87,-0.01,12,8244,卖盘
2833,14:05:51,6.87,0.0,8,5496,卖盘
2834,14:05:54,6.86,-0.01,11,7546,卖盘
2835,14:05:57,6.87,0.01,6,4122,买盘
2836,14:06:01,6.87,0.0,20,13740,买盘
2837,14:06:04,6.87,0.0,149,102119,买盘
2838,14:06:06,6.85,-0.02,14,9597,卖盘
2839,14:06:09,6.85,0.0,49,33572,卖盘
2840,14:06:18,6.85,0.0,8,5480,卖盘
2841,14:06:24,6.87,0.02,10,6853,买盘
2842,14:06:27,6.85,-0.02,18,12346,卖盘
2843,14:06:33,6.85,0.0,30,20550,卖盘
2844,14:06:36,6.85,0.0,11,7541,卖盘
2845,14:06:40,6.85,0.0,11,7535,卖盘
2846,14:06:45,6.87,0.02,4,2748,买盘
2847,14:06:49,6.85,-0.02,11,7536,卖盘
2848,14:06:52,6.86,0.01,7,4805,中性盘
2849,14:07:01,6.86,0.0,40,27440,买盘
2850,14:07:04,6.86,0.0,12,8232,买盘
2851,14:07:06,6.86,0.0,14,9604,买盘
2852,14:07:09,6.85,-0.01,143,97979,卖盘
2853,14:07:12,6.85,0.0,9,6165,卖盘
2854,14:07:15,6.86,0.01,12,8232,中性盘
2855,14:07:24,6.85,-0.01,22,15070,卖盘
2856,14:07:30,6.85,0.0,37,25345,卖盘
2857,14:07:33,6.85,0.0,18,12330,卖盘
2858,14:07:36,6.86,0.01,2,1372,买盘
2859,14:07:39,6.85,-0.01,568,388566,卖盘
2860,14:07:46,6.84,-0.01,23,15744,卖盘
2861,14:07:48,6.85,0.01,1,685,买盘
2862,14:07:51,6.86,0.01,24,16440,买盘
2863,14:07:57,6.86,0.0,23,15757,买盘
2864,14:08:00,6.84,-0.02,24,16417,卖盘
2865,14:08:04,6.84,0.0,1,684,卖盘
2866,14:08:09,6.85,0.01,10,6850,卖盘
2867,14:08:15,6.84,-0.01,164,112209,卖盘
2868,14:08:19,6.83,-0.01,29,19827,卖盘
2869,14:08:21,6.85,0.02,3,2055,买盘
2870,14:08:24,6.85,0.0,47,32195,卖盘
