,time,price,change,volume,amount,type
0,09:25:04,7.42,-0.02,86,63812,卖盘
1,09:30:04,7.4,-0.02,181,133973,卖盘
2,09:30:07,7.4,0.0,1,740,买盘
3,09:30:09,7.4,0.0,85,62847,买盘
4,09:30:12,7.4,0.0,29,21460,买盘
5,09:30:15,7.4,0.0,54,39960,买盘
6,09:30:21,7.4,0.0,40,29570,买盘
7,09:30:27,7.39,-0.01,25,18475,卖盘
8,09:30:34,7.39,0.0,94,69470,卖盘
9,09:30:36,7.39,0.0,21,15519,买盘
10,09:30:42,7.39,0.0,109,80451,买盘
11,09:30:45,7.38,-0.01,12,8865,卖盘
12,09:30:49,7.38,0.0,2,1476,卖盘
13,09:30:51,7.37,-0.01,140,103251,卖盘
14,09:30:57,7.36,-0.01,543,399676,卖盘
15,09:31:04,7.36,0.0,16,11776,买盘
16,09:31:06,7.39,0.03,157,115686,买盘
17,09:31:09,7.35,-0.04,1,735,卖盘
18,09:31:12,7.39,0.04,16,11824,买盘
19,09:31:18,7.36,-0.03,8,5888,卖盘
20,09:31:21,7.39,0.03,94,69253,买盘
21,09:31:24,7.36,-0.03,1,736,中性盘
22,09:31:33,7.4,0.04,90,66471,买盘
23,09:31:52,7.36,-0.04,20,14721,卖盘
24,09:31:57,7.38,0.02,1,738,买盘
25,09:32:00,7.38,0.0,10,7380,买盘
26,09:32:06,7.38,0.0,35,25830,买盘
27,09:32:09,7.38,0.0,7,5165,买盘
28,09:32:12,7.38,0.0,18,13283,买盘
29,09:32:15,7.38,0.0,266,196299,买盘
30,09:32:18,7.39,0.01,23,16997,买盘
31,09:32:21,7.39,0.0,34,25126,买盘
32,09:32:25,7.39,0.0,66,48774,买盘
33,09:32:27,7.39,0.0,39,28821,买盘
34,09:32:30,7.39,0.0,15,11085,买盘
35,09:32:34,7.39,0.0,33,24358,买盘
36,09:32:36,7.38,-0.01,346,255461,卖盘
37,09:32:39,7.38,0.0,132,97416,买盘
38,09:32:43,7.38,0.0,2,1476,买盘
39,09:32:48,7.4,0.02,28,20720,买盘
40,09:32:54,7.4,0.0,5,3700,买盘
41,09:32:57,7.39,-0.01,7,5173,卖盘
42,09:33:04,7.4,0.01,113,83491,买盘
43,09:33:09,7.4,0.0,5,3700,买盘
44,09:33:12,7.39,-0.01,9,6659,卖盘
45,09:33:18,7.4,0.01,29,21459,买盘
46,09:33:27,7.4,0.0,41,30309,买盘
47,09:33:30,7.4,0.0,123,91012,买盘
48,09:33:36,7.4,0.0,39,28860,买盘
49,09:33:39,7.39,-0.01,6,4434,卖盘
50,09:33:42,7.39,0.0,26,19229,卖盘
51,09:33:45,7.39,0.0,11,8139,卖盘
52,09:33:48,7.4,0.01,55,40700,买盘
53,09:33:51,7.4,0.0,15,11100,卖盘
54,09:33:54,7.4,0.0,10,7400,买盘
55,09:33:57,7.4,0.0,37,27344,买盘
56,09:34:00,7.4,0.0,4,2960,买盘
57,09:34:04,7.39,-0.01,65,48035,卖盘
58,09:34:06,7.38,-0.01,2,1476,卖盘
59,09:34:09,7.39,0.01,14,10346,买盘
60,09:34:15,7.38,-0.01,1,738,卖盘
61,09:34:18,7.39,0.01,39,28786,买盘
62,09:34:24,7.38,-0.01,9,6642,卖盘
63,09:34:28,7.38,0.0,32,23616,卖盘
64,09:34:33,7.38,0.0,143,105534,卖盘
65,09:34:39,7.38,0.0,5,3690,买盘
66,09:34:42,7.38,0.0,5,3690,买盘
67,09:34:51,7.38,0.0,10,7380,买盘
68,09:34:54,7.38,0.0,140,103320,买盘
69,09:34:57,7.38,0.0,19,14022,卖盘
70,09:35:00,7.38,0.0,10,7380,买盘
71,09:35:04,7.38,0.0,9,6642,买盘
72,09:35:06,7.38,0.0,10,7380,买盘
73,09:35:13,7.38,0.0,20,14760,买盘
74,09:35:15,7.37,-0.01,1,737,卖盘
75,09:35:21,7.37,0.0,14,10318,卖盘
76,09:35:27,7.37,0.0,3,2211,卖盘
77,09:35:33,7.38,0.01,5,3690,买盘
78,09:35:36,7.37,-0.01,1,737,卖盘
79,09:35:42,7.37,0.0,16,11797,卖盘
80,09:35:48,7.37,0.0,5,3687,卖盘
81,09:35:51,7.37,0.0,10,7370,卖盘
82,09:35:54,7.38,0.01,30,22140,买盘
83,09:35:57,7.37,-0.01,359,264593,卖盘
84,09:36:04,7.36,-0.01,16,11784,卖盘
85,09:36:06,7.37,0.01,90,66330,买盘
86,09:36:09,7.36,-0.01,9,6624,卖盘
87,09:36:12,7.37,0.01,13,9581,买盘
88,09:36:15,7.36,-0.01,2,1472,卖盘
89,09:36:21,7.37,0.01,13,9581,买盘
90,09:36:24,7.37,0.0,10,7370,买盘
91,09:36:27,7.36,-0.01,65,47868,卖盘
92,09:36:33,7.37,0.01,11,8107,买盘
93,09:36:36,7.36,-0.01,15,11040,卖盘
94,09:36:39,7.36,0.0,120,88320,卖盘
95,09:36:42,7.37,0.01,47,34612,买盘
96,09:36:45,7.36,-0.01,1,736,卖盘
97,09:36:54,7.36,0.0,15,11040,卖盘
98,09:36:57,7.36,0.0,118,86848,卖盘
99,09:37:00,7.36,0.0,110,80972,卖盘
100,09:37:04,7.36,0.0,127,93472,卖盘
101,09:37:06,7.36,0.0,18,13234,买盘
102,09:37:09,7.36,0.0,4,2944,买盘
103,09:37:13,7.36,0.0,15,11039,买盘
104,09:37:16,7.35,-0.01,1,735,卖盘
105,09:37:18,7.36,0.01,33,24267,买盘
106,09:37:21,7.36,0.0,13,9568,买盘
107,09:37:24,7.36,0.0,9,6624,买盘
108,09:37:27,7.35,-0.01,16,11773,卖盘
109,09:37:31,7.36,0.01,12,8832,买盘
110,09:37:33,7.36,0.0,12,8829,买盘
111,09:37:36,7.36,0.0,40,29440,买盘
112,09:37:43,7.36,0.0,41,30176,买盘
113,09:37:45,7.36,0.0,17,12512,买盘
114,09:37:48,7.37,0.01,18,13266,买盘
115,09:37:51,7.36,-0.01,18,13257,卖盘
116,09:37:55,7.37,0.01,34,25058,买盘
117,09:37:57,7.37,0.0,48,35373,买盘
118,09:38:00,7.37,0.0,21,15477,买盘
119,09:38:06,7.37,0.0,11,8107,买盘
120,09:38:09,7.37,0.0,126,92862,买盘
121,09:38:12,7.39,0.02,64,47180,买盘
122,09:38:15,7.36,-0.03,1,736,卖盘
123,09:38:18,7.36,0.0,3,2211,卖盘
124,09:38:21,7.39,0.03,18,13302,买盘
125,09:38:27,7.36,-0.03,28,20608,卖盘
126,09:38:39,7.36,0.0,1,736,卖盘
127,09:38:42,7.38,0.02,12,8856,买盘
128,09:38:46,7.36,-0.02,9,6624,卖盘
129,09:38:48,7.38,0.02,10,7380,买盘
130,09:38:57,7.36,-0.02,3,2208,卖盘
131,09:39:04,7.38,0.02,13,9594,买盘
132,09:39:19,7.36,-0.02,1,736,卖盘
133,09:39:21,7.36,0.0,11,8106,卖盘
134,09:39:24,7.37,0.01,12,8844,买盘
135,09:39:27,7.36,-0.01,3,2208,卖盘
136,09:39:30,7.37,0.01,8,5896,买盘
137,09:39:33,7.37,0.0,72,53031,买盘
138,09:39:36,7.36,-0.01,21,15456,卖盘
139,09:39:39,7.36,0.0,296,217827,卖盘
140,09:39:42,7.35,-0.01,40,29418,卖盘
141,09:39:46,7.36,0.01,18,13247,买盘
142,09:39:51,7.36,0.0,57,41950,买盘
143,09:39:54,7.36,0.0,87,63946,买盘
144,09:39:57,7.35,-0.01,43,31645,卖盘
145,09:40:00,7.35,0.0,3,2205,卖盘
146,09:40:04,7.36,0.01,18,13248,买盘
147,09:40:06,7.36,0.0,21,15436,买盘
148,09:40:09,7.36,0.0,54,39717,买盘
149,09:40:15,7.35,-0.01,7,5145,卖盘
150,09:40:18,7.35,0.0,534,392499,卖盘
151,09:40:21,7.35,0.0,10,7350,买盘
152,09:40:27,7.35,0.0,44,32308,买盘
153,09:40:30,7.35,0.0,21,15432,买盘
154,09:40:33,7.35,0.0,98,72030,买盘
155,09:40:36,7.34,-0.01,42,30864,卖盘
156,09:40:39,7.35,0.01,43,31601,买盘
157,09:40:43,7.35,0.0,18,13221,买盘
158,09:40:45,7.34,-0.01,22,16148,卖盘
159,09:40:48,7.34,0.0,20,14681,卖盘
160,09:40:51,7.35,0.01,25,18375,买盘
161,09:40:54,7.34,-0.01,125,91769,卖盘
162,09:40:57,7.33,-0.01,5,3669,卖盘
163,09:41:00,7.34,0.01,49,35963,买盘
164,09:41:04,7.34,0.0,90,66060,买盘
165,09:41:09,7.34,0.0,1,734,卖盘
166,09:41:12,7.34,0.0,35,25711,卖盘
167,09:41:15,7.34,0.0,1,734,卖盘
168,09:41:18,7.35,0.01,332,244019,买盘
169,09:41:24,7.34,-0.01,67,49227,卖盘
170,09:41:27,7.34,0.0,9,6606,卖盘
171,09:41:30,7.35,0.01,20,14694,买盘
172,09:41:33,7.35,0.0,2,1470,中性盘
173,09:41:37,7.35,0.0,10,7350,买盘
174,09:41:39,7.35,0.0,3,2204,买盘
175,09:41:43,7.35,0.0,30,22049,买盘
176,09:41:48,7.34,-0.01,15,11021,卖盘
177,09:41:51,7.34,0.0,10,7340,卖盘
178,09:41:58,7.34,0.0,54,39636,卖盘
179,09:42:01,7.35,0.01,175,128550,买盘
180,09:42:06,7.35,0.0,456,335160,买盘
181,09:42:12,7.36,0.01,3,2208,买盘
182,09:42:15,7.35,-0.01,21,15435,卖盘
183,09:42:18,7.35,0.0,6,4410,卖盘
184,09:42:24,7.36,0.01,10,7360,买盘
185,09:42:27,7.35,-0.01,21,15455,卖盘
186,09:42:30,7.36,0.01,55,40476,买盘
187,09:42:33,7.36,0.0,15,11046,中性盘
188,09:42:36,7.35,-0.01,129,94838,卖盘
189,09:42:39,7.36,0.01,233,171487,买盘
190,09:42:42,7.36,0.0,1,736,买盘
191,09:42:45,7.36,0.0,13,9568,买盘
192,09:42:48,7.36,0.0,34,25022,买盘
193,09:42:52,7.35,-0.01,24,17650,卖盘
194,09:42:55,7.36,0.01,18,13248,买盘
195,09:42:57,7.35,-0.01,37,27196,卖盘
196,09:43:00,7.35,0.0,8,5880,卖盘
197,09:43:03,7.35,0.0,11,8088,卖盘
198,09:43:06,7.36,0.01,202,148672,买盘
199,09:43:10,7.35,-0.01,1,735,卖盘
200,09:43:12,7.36,0.01,24,17663,买盘
201,09:43:15,7.35,-0.01,9,6615,卖盘
202,09:43:18,7.35,0.0,29,21343,卖盘
203,09:43:25,7.36,0.01,158,116288,买盘
204,09:43:28,7.35,-0.01,42,30873,卖盘
205,09:43:30,7.35,0.0,4,2940,卖盘
206,09:43:33,7.36,0.01,16,11776,中性盘
207,09:43:36,7.35,-0.01,8,5884,卖盘
208,09:43:39,7.36,0.01,124,91262,中性盘
209,09:43:42,7.36,0.0,10,7360,卖盘
210,09:43:48,7.35,-0.01,1,735,卖盘
211,09:43:51,7.36,0.01,7,5152,买盘
212,09:43:54,7.36,0.0,8,5888,买盘
213,09:43:57,7.35,-0.01,60,44100,卖盘
214,09:44:00,7.36,0.01,26,19112,买盘
215,09:44:04,7.36,0.0,9,6624,买盘
216,09:44:06,7.36,0.0,10,7360,买盘
217,09:44:09,7.35,-0.01,29,21315,卖盘
218,09:44:15,7.36,0.01,17,12512,买盘
219,09:44:18,7.35,-0.01,2,1470,卖盘
220,09:44:24,7.35,0.0,15,11025,卖盘
221,09:44:27,7.35,0.0,64,47045,卖盘
222,09:44:30,7.35,0.0,68,49995,卖盘
223,09:44:33,7.35,0.0,133,97755,卖盘
224,09:44:39,7.35,0.0,1,735,卖盘
225,09:44:42,7.35,0.0,162,119070,卖盘
226,09:44:46,7.35,0.0,24,17640,卖盘
227,09:44:48,7.35,0.0,291,213885,卖盘
228,09:44:51,7.34,-0.01,159,116810,卖盘
229,09:44:54,7.34,0.0,230,168868,卖盘
230,09:44:57,7.34,0.0,102,74901,卖盘
231,09:45:00,7.35,0.01,45,33057,买盘
232,09:45:03,7.35,0.0,26,19105,买盘
233,09:45:09,7.35,0.0,33,24240,买盘
234,09:45:15,7.35,0.0,44,32316,买盘
235,09:45:18,7.34,-0.01,27,19818,卖盘
236,09:45:21,7.34,0.0,25,18350,卖盘
237,09:45:24,7.34,0.0,87,63858,卖盘
238,09:45:27,7.34,0.0,179,131389,卖盘
239,09:45:30,7.34,0.0,35,25690,卖盘
240,09:45:33,7.34,0.0,27,19818,卖盘
241,09:45:37,7.34,0.0,21,15414,卖盘
242,09:45:39,7.34,0.0,8,5872,卖盘
243,09:45:42,7.34,0.0,7,5138,卖盘
244,09:45:45,7.33,-0.01,141,103442,卖盘
245,09:45:48,7.33,0.0,11,8073,卖盘
246,09:45:51,7.33,0.0,23,16859,卖盘
247,09:45:55,7.34,0.01,31,22754,买盘
248,09:45:57,7.33,-0.01,145,106328,卖盘
249,09:46:00,7.33,0.0,2,1466,卖盘
250,09:46:04,7.33,0.0,46,33763,卖盘
251,09:46:06,7.34,0.01,28,20547,买盘
252,09:46:09,7.33,-0.01,36,26422,卖盘
253,09:46:12,7.33,0.0,98,71834,卖盘
254,09:46:15,7.34,0.01,142,104227,买盘
255,09:46:19,7.34,0.0,102,74838,买盘
256,09:46:21,7.34,0.0,187,137258,买盘
257,09:46:24,7.35,0.01,42,30855,买盘
258,09:46:27,7.34,-0.01,36,26424,卖盘
259,09:46:30,7.35,0.01,9,6615,买盘
260,09:46:33,7.35,0.0,18,13229,买盘
261,09:46:36,7.34,-0.01,52,38215,卖盘
262,09:46:39,7.34,0.0,44,32337,卖盘
263,09:46:42,7.33,-0.01,110,80653,卖盘
264,09:46:48,7.34,0.01,1,734,卖盘
265,09:46:51,7.35,0.01,10,7350,买盘
266,09:46:54,7.35,0.0,1,735,买盘
267,09:46:57,7.33,-0.02,37,27177,卖盘
268,09:47:00,7.34,0.01,57,41838,买盘
269,09:47:04,7.34,0.0,10,7340,卖盘
270,09:47:06,7.33,-0.01,62,45453,卖盘
271,09:47:09,7.34,0.01,86,63124,买盘
272,09:47:12,7.34,0.0,20,14680,买盘
273,09:47:15,7.33,-0.01,1,733,卖盘
274,09:47:19,7.34,0.01,13,9540,买盘
275,09:47:24,7.34,0.0,30,22005,买盘
276,09:47:27,7.33,-0.01,8,5864,卖盘
277,09:47:36,7.33,0.0,8,5864,卖盘
278,09:47:39,7.33,0.0,4,2932,卖盘
279,09:47:46,7.33,0.0,3,2199,卖盘
280,09:47:48,7.34,0.01,14,10267,买盘
281,09:47:51,7.33,-0.01,7,5137,卖盘
282,09:47:54,7.34,0.01,7,5136,买盘
283,09:47:57,7.33,-0.01,63,46179,卖盘
284,09:48:01,7.34,0.01,312,229001,买盘
285,09:48:04,7.34,0.0,31,22754,买盘
286,09:48:06,7.33,-0.01,46,33728,卖盘
287,09:48:09,7.34,0.01,22,16147,买盘
288,09:48:12,7.34,0.0,5,3670,买盘
289,09:48:15,7.33,-0.01,29,21284,卖盘
290,09:48:18,7.34,0.01,14,10275,买盘
291,09:48:21,7.34,0.0,3,2202,买盘
292,09:48:24,7.34,0.0,7,5138,买盘
293,09:48:28,7.33,-0.01,61,44713,卖盘
294,09:48:30,7.34,0.01,11,8073,买盘
295,09:48:33,7.34,0.0,82,60151,买盘
296,09:48:36,7.33,-0.01,8,5864,卖盘
297,09:48:39,7.34,0.01,52,38167,买盘
298,09:48:43,7.33,-0.01,19,13945,卖盘
299,09:48:45,7.34,0.01,86,63111,买盘
300,09:48:48,7.33,-0.01,61,44763,卖盘
301,09:48:51,7.34,0.01,35,25690,买盘
302,09:48:54,7.33,-0.01,48,35215,卖盘
303,09:48:57,7.33,0.0,1,733,卖盘
304,09:49:00,7.33,0.0,103,75499,卖盘
305,09:49:06,7.34,0.01,22,16140,买盘
306,09:49:09,7.34,0.0,12,8806,买盘
307,09:49:13,7.34,0.0,86,63124,买盘
308,09:49:15,7.34,0.0,6,4404,卖盘
309,09:49:18,7.34,0.0,1,734,卖盘
310,09:49:21,7.34,0.0,1,734,卖盘
311,09:49:27,7.34,0.0,32,23488,卖盘
312,09:49:30,7.34,0.0,120,88100,卖盘
313,09:49:36,7.34,0.0,16,11744,卖盘
314,09:49:39,7.34,0.0,141,103494,卖盘
315,09:49:42,7.34,0.0,30,22020,卖盘
316,09:49:45,7.34,0.0,27,19820,卖盘
317,09:49:48,7.34,0.0,1,734,卖盘
318,09:49:54,7.34,0.0,3,2202,卖盘
319,09:49:57,7.34,0.0,34,24956,卖盘
320,09:50:00,7.34,0.0,28,20552,卖盘
321,09:50:07,7.34,0.0,8,5872,卖盘
322,09:50:10,7.34,0.0,6,4409,卖盘
323,09:50:12,7.35,0.01,304,223440,买盘
324,09:50:15,7.34,-0.01,3,2202,卖盘
325,09:50:19,7.34,0.0,16,11744,卖盘
326,09:50:21,7.35,0.01,1,735,买盘
327,09:50:24,7.34,-0.01,4,2936,卖盘
328,09:50:27,7.34,0.0,33,24222,卖盘
329,09:50:33,7.34,0.0,68,49917,卖盘
330,09:50:36,7.34,0.0,291,213635,卖盘
331,09:50:39,7.35,0.01,144,105738,买盘
332,09:50:42,7.33,-0.02,360,263970,卖盘
333,09:50:45,7.34,0.01,61,44733,买盘
334,09:50:48,7.33,-0.01,54,39582,卖盘
335,09:50:51,7.33,0.0,68,49869,卖盘
336,09:50:54,7.33,0.0,34,24942,卖盘
337,09:50:57,7.33,0.0,111,81363,卖盘
338,09:51:01,7.33,0.0,74,54242,卖盘
339,09:51:03,7.34,0.01,240,176159,买盘
340,09:51:06,7.33,-0.01,8,5864,卖盘
341,09:51:09,7.33,0.0,2,1466,卖盘
342,09:51:12,7.34,0.01,10,7340,买盘
343,09:51:15,7.33,-0.01,500,366500,卖盘
344,09:51:18,7.34,0.01,122,89545,买盘
345,09:51:21,7.34,0.0,10,7340,卖盘
346,09:51:27,7.34,0.0,85,62390,卖盘
347,09:51:36,7.34,0.0,8,5872,卖盘
348,09:51:39,7.34,0.0,1,734,卖盘
349,09:51:42,7.34,0.0,1,734,卖盘
350,09:51:46,7.34,0.0,7,5138,卖盘
351,09:51:49,7.34,0.0,3,2202,卖盘
352,09:51:52,7.34,0.0,15,11010,卖盘
353,09:51:57,7.34,0.0,105,77070,卖盘
354,09:52:00,7.34,0.0,3,2202,卖盘
355,09:52:06,7.34,0.0,69,50706,卖盘
356,09:52:09,7.34,0.0,108,79277,卖盘
357,09:52:16,7.34,0.0,134,98356,卖盘
358,09:52:19,7.34,0.0,21,15414,卖盘
359,09:52:21,7.34,0.0,17,12478,卖盘
360,09:52:24,7.34,0.0,49,35966,卖盘
361,09:52:27,7.34,0.0,344,252496,卖盘
362,09:52:30,7.34,0.0,13,9542,卖盘
363,09:52:33,7.34,0.0,7,5138,卖盘
364,09:52:37,7.35,0.01,183,134269,买盘
365,09:52:40,7.33,-0.02,35,25673,卖盘
366,09:52:42,7.35,0.02,266,195460,买盘
367,09:52:45,7.33,-0.02,101,74033,卖盘
368,09:52:48,7.34,0.01,13,9539,买盘
369,09:52:51,7.33,-0.01,1,733,卖盘
370,09:52:57,7.33,0.0,63,46192,卖盘
371,09:53:00,7.34,0.01,20,14680,买盘
372,09:53:07,7.33,-0.01,8,5864,卖盘
373,09:53:13,7.33,0.0,6,4398,卖盘
374,09:53:15,7.33,0.0,13,9529,卖盘
375,09:53:18,7.34,0.01,226,165883,买盘
376,09:53:25,7.33,-0.01,14,10262,卖盘
377,09:53:27,7.33,0.0,3,2199,卖盘
378,09:53:37,7.33,0.0,57,41781,卖盘
379,09:53:40,7.33,0.0,26,19058,卖盘
380,09:53:42,7.33,0.0,16,11728,卖盘
381,09:53:45,7.33,0.0,2,1466,卖盘
382,09:53:48,7.33,0.0,20,14660,卖盘
383,09:53:52,7.33,0.0,3,2199,卖盘
384,09:53:54,7.33,0.0,1,733,卖盘
385,09:53:57,7.34,0.01,70,51317,买盘
386,09:54:00,7.33,-0.01,510,373322,中性盘
387,09:54:04,7.31,-0.02,174,127194,卖盘
388,09:54:06,7.31,0.0,3,2193,卖盘
389,09:54:09,7.32,0.01,37,27065,买盘
390,09:54:12,7.32,0.0,4,2928,买盘
391,09:54:15,7.31,-0.01,3,2193,卖盘
392,09:54:18,7.31,0.0,39,28509,卖盘
393,09:54:24,7.31,0.0,33,24123,卖盘
394,09:54:27,7.31,0.0,60,43860,卖盘
395,09:54:30,7.31,0.0,44,32181,卖盘
396,09:54:33,7.31,0.0,8,5848,卖盘
397,09:54:36,7.31,0.0,49,35819,卖盘
398,09:54:39,7.31,0.0,144,105305,卖盘
399,09:54:42,7.32,0.01,154,112625,买盘
400,09:54:45,7.31,-0.01,86,62872,卖盘
401,09:54:48,7.31,0.0,8,5848,卖盘
402,09:54:51,7.31,0.0,88,64328,卖盘
403,09:54:55,7.31,0.0,133,97223,卖盘
404,09:54:57,7.31,0.0,186,135966,卖盘
405,09:55:00,7.31,0.0,13,9503,卖盘
406,09:55:04,7.31,0.0,8,5848,买盘
407,09:55:06,7.3,-0.01,3,2190,卖盘
408,09:55:10,7.3,0.0,15,10960,卖盘
409,09:55:15,7.3,0.0,24,17521,卖盘
410,09:55:18,7.3,0.0,56,40880,卖盘
411,09:55:21,7.31,0.01,22,16065,买盘
412,09:55:24,7.3,-0.01,101,73730,卖盘
413,09:55:27,7.3,0.0,247,180310,卖盘
414,09:55:30,7.3,0.0,62,45260,卖盘
415,09:55:33,7.3,0.0,228,166440,卖盘
416,09:55:36,7.3,0.0,544,397120,卖盘
417,09:55:39,7.3,0.0,185,135050,卖盘
418,09:55:42,7.29,-0.01,139,101342,卖盘
419,09:55:45,7.28,-0.01,111,80916,卖盘
420,09:55:48,7.29,0.01,87,63423,买盘
421,09:55:51,7.29,0.0,12,8747,买盘
422,09:55:54,7.29,0.0,6,4374,买盘
423,09:55:57,7.28,-0.01,111,80842,卖盘
424,09:56:06,7.28,0.0,89,64792,卖盘
425,09:56:09,7.29,0.01,58,42229,买盘
426,09:56:12,7.29,0.0,35,25515,买盘
427,09:56:15,7.28,-0.01,94,68456,卖盘
428,09:56:19,7.28,0.0,14,10192,卖盘
429,09:56:21,7.29,0.01,17,12378,买盘
430,09:56:24,7.29,0.0,29,21141,买盘
431,09:56:27,7.29,0.0,105,76472,买盘
432,09:56:30,7.29,0.0,1,729,买盘
433,09:56:33,7.29,0.0,230,167445,买盘
434,09:56:36,7.29,0.0,53,38604,买盘
435,09:56:39,7.29,0.0,10,7290,买盘
436,09:56:45,7.29,0.0,42,30618,买盘
437,09:56:48,7.29,0.0,8,5832,买盘
438,09:56:51,7.29,0.0,53,38637,买盘
439,09:56:54,7.29,0.0,22,16038,买盘
440,09:56:57,7.29,0.0,173,126081,买盘
441,09:57:01,7.29,0.0,27,19681,买盘
442,09:57:04,7.28,-0.01,127,92469,卖盘
443,09:57:07,7.29,0.01,30,21870,买盘
444,09:57:09,7.29,0.0,62,45166,买盘
445,09:57:12,7.29,0.0,30,21870,买盘
446,09:57:15,7.28,-0.01,2,1456,卖盘
447,09:57:19,7.28,0.0,22,16036,卖盘
448,09:57:24,7.29,0.01,35,25515,买盘
449,09:57:27,7.29,0.0,13,9476,买盘
450,09:57:31,7.29,0.0,2,1458,买盘
451,09:57:33,7.29,0.0,7,5103,买盘
452,09:57:37,7.29,0.0,19,13851,买盘
453,09:57:39,7.29,0.0,224,163192,买盘
454,09:57:45,7.29,0.0,4,2916,买盘
455,09:57:48,7.28,-0.01,6,4368,卖盘
456,09:57:51,7.29,0.01,214,155851,买盘
457,09:57:54,7.29,0.0,53,38624,买盘
458,09:57:58,7.28,-0.01,42,30586,卖盘
459,09:58:00,7.28,0.0,11,8008,卖盘
460,09:58:04,7.29,0.01,15,10931,买盘
461,09:58:09,7.28,-0.01,35,25480,卖盘
462,09:58:12,7.29,0.01,15,10925,买盘
463,09:58:18,7.28,-0.01,7,5096,卖盘
464,09:58:21,7.29,0.01,12,8748,买盘
465,09:58:24,7.28,-0.01,11,8008,卖盘
466,09:58:27,7.28,0.0,66,48075,卖盘
467,09:58:31,7.28,0.0,1,728,卖盘
468,09:58:33,7.29,0.01,2,1458,买盘
469,09:58:36,7.28,-0.01,31,22586,卖盘
470,09:58:39,7.29,0.01,26,18946,买盘
471,09:58:42,7.29,0.0,93,67793,买盘
472,09:58:45,7.29,0.0,18,13122,买盘
473,09:58:51,7.29,0.0,20,14580,买盘
474,09:58:57,7.28,-0.01,30,21840,卖盘
475,09:59:00,7.29,0.01,9,6561,买盘
476,09:59:04,7.28,-0.01,283,205929,卖盘
477,09:59:06,7.28,0.0,34,24752,买盘
478,09:59:09,7.28,0.0,111,80807,买盘
479,09:59:13,7.28,0.0,18,13089,买盘
480,09:59:15,7.28,0.0,16,11648,买盘
481,09:59:18,7.28,0.0,10,7280,买盘
482,09:59:21,7.28,0.0,45,32745,买盘
483,09:59:24,7.28,0.0,12,8736,买盘
484,09:59:27,7.28,0.0,15,10920,买盘
485,09:59:30,7.28,0.0,40,29120,买盘
486,09:59:33,7.28,0.0,20,14560,买盘
487,09:59:36,7.28,0.0,20,14560,买盘
488,09:59:39,7.28,0.0,15,10917,买盘
489,09:59:42,7.27,-0.01,60,43620,卖盘
490,09:59:54,7.28,0.01,3,2184,卖盘
491,09:59:57,7.28,0.0,29,21112,卖盘
492,10:00:00,7.28,0.0,23,16722,买盘
493,10:00:04,7.28,0.0,58,42224,买盘
494,10:00:06,7.28,0.0,101,73528,卖盘
495,10:00:09,7.28,0.0,10,7280,买盘
496,10:00:12,7.28,0.0,3,2184,买盘
497,10:00:15,7.28,0.0,5,3640,卖盘
498,10:00:21,7.28,0.0,3,2184,卖盘
499,10:00:24,7.28,0.0,4,2912,卖盘
500,10:00:28,7.28,0.0,32,23296,卖盘
501,10:00:33,7.28,0.0,85,61858,买盘
502,10:00:36,7.28,0.0,18,13104,买盘
503,10:00:39,7.28,0.0,12,8736,买盘
504,10:00:42,7.28,0.0,102,74256,买盘
505,10:00:45,7.28,0.0,7,5096,买盘
506,10:00:51,7.29,0.01,60,43726,买盘
507,10:00:57,7.28,-0.01,16,11649,卖盘
508,10:01:00,7.28,0.0,5,3640,卖盘
509,10:01:04,7.29,0.01,7,5103,买盘
510,10:01:06,7.3,0.01,225,164044,买盘
511,10:01:15,7.28,-0.02,41,29869,卖盘
512,10:01:24,7.28,0.0,14,10205,卖盘
513,10:01:27,7.28,0.0,7,5098,卖盘
514,10:01:36,7.29,0.01,36,26244,买盘
515,10:01:39,7.29,0.0,14,10206,买盘
516,10:01:45,7.28,-0.01,2,1456,卖盘
517,10:01:48,7.28,0.0,1,728,卖盘
518,10:01:51,7.29,0.01,2,1458,买盘
519,10:01:57,7.29,0.0,25,18225,买盘
520,10:02:00,7.29,0.0,26,18954,买盘
521,10:02:04,7.29,0.0,66,48114,买盘
522,10:02:06,7.29,0.0,2,1458,买盘
523,10:02:13,7.29,0.0,10,7290,买盘
524,10:02:16,7.29,0.0,46,33534,买盘
525,10:02:18,7.28,-0.01,44,32060,卖盘
526,10:02:21,7.29,0.01,24,17476,买盘
527,10:02:24,7.29,0.0,20,14580,买盘
528,10:02:27,7.29,0.0,21,15309,买盘
529,10:02:33,7.29,0.0,20,14580,买盘
530,10:02:36,7.29,0.0,40,29154,买盘
531,10:02:43,7.29,0.0,4,2916,卖盘
532,10:02:45,7.3,0.01,44,32120,买盘
533,10:02:49,7.3,0.0,2,1459,买盘
534,10:02:51,7.3,0.0,44,32120,买盘
535,10:02:54,7.3,0.0,2,1459,买盘
536,10:03:04,7.3,0.0,2,1460,买盘
537,10:03:06,7.3,0.0,3,2190,买盘
538,10:03:12,7.3,0.0,2,1460,买盘
539,10:03:15,7.29,-0.01,5,3647,卖盘
540,10:03:18,7.29,0.0,14,10206,卖盘
541,10:03:24,7.29,0.0,46,33534,卖盘
542,10:03:27,7.29,0.0,3,2188,卖盘
543,10:03:30,7.29,0.0,1,729,卖盘
544,10:03:33,7.29,0.0,20,14580,卖盘
545,10:03:45,7.29,0.0,22,16038,卖盘
546,10:03:51,7.29,0.0,15,10936,卖盘
547,10:03:54,7.29,0.0,23,16767,卖盘
548,10:03:57,7.29,0.0,58,42282,卖盘
549,10:04:00,7.29,0.0,23,16784,卖盘
550,10:04:04,7.29,0.0,104,75816,卖盘
551,10:04:06,7.29,0.0,35,25515,卖盘
552,10:04:09,7.29,0.0,80,58320,买盘
553,10:04:18,7.28,-0.01,3,2184,卖盘
554,10:04:21,7.28,0.0,33,24027,卖盘
555,10:04:24,7.29,0.01,18,13122,买盘
556,10:04:30,7.28,-0.01,2,1456,卖盘
557,10:04:33,7.28,0.0,40,29120,卖盘
558,10:04:45,7.28,0.0,68,49552,卖盘
559,10:04:48,7.29,0.01,40,29160,买盘
560,10:04:51,7.28,-0.01,8,5826,卖盘
561,10:04:58,7.29,0.01,67,48786,买盘
562,10:05:04,7.29,0.0,14,10206,买盘
563,10:05:06,7.28,-0.01,22,16016,卖盘
564,10:05:12,7.28,0.0,2,1456,卖盘
565,10:05:16,7.28,0.0,1,728,卖盘
566,10:05:18,7.28,0.0,50,36400,卖盘
567,10:05:21,7.29,0.01,5,3645,买盘
568,10:05:24,7.29,0.0,22,16024,买盘
569,10:05:27,7.28,-0.01,62,45136,卖盘
570,10:05:31,7.28,0.0,20,14560,卖盘
571,10:05:33,7.29,0.01,21,15305,买盘
572,10:05:36,7.28,-0.01,7,5101,卖盘
573,10:05:39,7.29,0.01,15,10934,买盘
574,10:05:46,7.28,-0.01,99,72072,卖盘
575,10:05:52,7.29,0.01,2,1458,买盘
576,10:05:57,7.29,0.0,83,60482,买盘
577,10:06:06,7.29,0.0,55,40050,买盘
578,10:06:12,7.28,-0.01,71,51688,卖盘
579,10:06:15,7.28,0.0,1,728,卖盘
580,10:06:18,7.28,0.0,3,2184,卖盘
581,10:06:24,7.29,0.01,46,33533,买盘
582,10:06:30,7.29,0.0,10,7290,买盘
583,10:06:34,7.28,-0.01,7,5101,卖盘
584,10:06:36,7.28,0.0,19,13850,卖盘
585,10:06:45,7.29,0.01,20,14580,买盘
586,10:06:48,7.29,0.0,46,33534,买盘
587,10:06:51,7.29,0.0,89,64835,买盘
588,10:06:55,7.28,-0.01,3,2184,卖盘
589,10:06:57,7.28,0.0,8,5824,卖盘
590,10:07:00,7.28,0.0,22,16016,卖盘
591,10:07:04,7.28,0.0,19,13834,卖盘
592,10:07:09,7.29,0.01,32,23328,买盘
593,10:07:12,7.28,-0.01,1,728,卖盘
594,10:07:21,7.28,0.0,46,33512,卖盘
595,10:07:24,7.29,0.01,74,53946,买盘
596,10:07:27,7.28,-0.01,2,1456,卖盘
597,10:07:30,7.29,0.01,87,63423,买盘
598,10:07:33,7.29,0.0,34,24786,卖盘
599,10:07:39,7.29,0.0,15,10935,卖盘
600,10:07:42,7.29,0.0,2,1458,卖盘
601,10:07:45,7.3,0.01,3,2190,买盘
602,10:07:48,7.29,-0.01,40,29160,卖盘
603,10:07:54,7.29,0.0,1,729,卖盘
604,10:07:57,7.29,0.0,29,21141,卖盘
605,10:08:00,7.3,0.01,6,4380,买盘
606,10:08:04,7.3,0.0,11,8030,买盘
607,10:08:12,7.29,-0.01,1,729,卖盘
608,10:08:21,7.29,0.0,103,75087,卖盘
609,10:08:24,7.29,0.0,163,118827,卖盘
610,10:08:27,7.29,0.0,114,83119,卖盘
611,10:08:31,7.29,0.0,37,26973,卖盘
612,10:08:33,7.29,0.0,64,46676,卖盘
613,10:08:36,7.29,0.0,11,8019,卖盘
614,10:08:42,7.29,0.0,8,5832,卖盘
615,10:08:46,7.3,0.01,45,32848,买盘
616,10:08:51,7.3,0.0,46,33579,买盘
617,10:08:54,7.29,-0.01,20,14580,卖盘
618,10:08:57,7.3,0.01,100,72826,买盘
619,10:09:04,7.29,-0.01,2,1458,买盘
620,10:09:06,7.29,0.0,22,16040,买盘
621,10:09:09,7.29,0.0,15,10927,买盘
622,10:09:15,7.3,0.01,14,10220,买盘
623,10:09:21,7.28,-0.02,29,21131,卖盘
624,10:09:27,7.3,0.02,183,134057,买盘
625,10:09:31,7.3,0.0,4,2920,卖盘
626,10:09:33,7.3,0.0,1,730,卖盘
627,10:09:36,7.3,0.0,1,730,卖盘
628,10:09:39,7.3,0.0,1,730,卖盘
629,10:09:42,7.3,0.0,1,730,卖盘
630,10:09:45,7.3,0.0,9,6103,卖盘
631,10:09:48,7.29,-0.01,128,93447,卖盘
632,10:09:57,7.29,0.0,1,729,卖盘
633,10:10:06,7.3,0.01,3,2190,买盘
634,10:10:21,7.29,-0.01,16,11664,卖盘
635,10:10:25,7.3,0.01,12,8758,买盘
636,10:10:30,7.29,-0.01,31,22629,卖盘
637,10:10:33,7.29,0.0,23,16781,卖盘
638,10:10:42,7.3,0.01,15,10950,买盘
639,10:10:46,7.3,0.0,13,9489,买盘
640,10:10:48,7.3,0.0,45,32850,买盘
641,10:10:51,7.31,0.01,43,31426,买盘
642,10:10:57,7.29,-0.02,1,729,卖盘
643,10:11:04,7.29,0.0,74,53946,卖盘
644,10:11:09,7.3,0.01,13,9490,买盘
645,10:11:18,7.29,-0.01,8,5832,卖盘
646,10:11:21,7.29,0.0,38,27702,卖盘
647,10:11:24,7.29,0.0,25,18231,卖盘
648,10:11:27,7.3,0.01,35,25530,买盘
649,10:11:30,7.29,-0.01,51,37229,卖盘
650,10:11:42,7.29,0.0,36,26244,卖盘
651,10:11:45,7.29,0.0,78,56862,卖盘
652,10:11:49,7.29,0.0,3,2187,卖盘
653,10:11:54,7.3,0.01,3,2190,买盘
654,10:11:57,7.3,0.0,4,2920,买盘
655,10:12:00,7.29,-0.01,103,75090,卖盘
656,10:12:06,7.29,0.0,35,25515,卖盘
657,10:12:12,7.29,0.0,28,20430,卖盘
658,10:12:15,7.29,0.0,58,42282,卖盘
659,10:12:18,7.28,-0.01,72,52433,卖盘
660,10:12:21,7.29,0.01,2,1458,买盘
661,10:12:24,7.29,0.0,11,8019,买盘
662,10:12:30,7.29,0.0,16,11663,买盘
663,10:12:33,7.29,0.0,4,2916,买盘
664,10:12:42,7.28,-0.01,13,9464,卖盘
665,10:12:45,7.29,0.01,3,2187,买盘
666,10:12:48,7.29,0.0,52,37908,买盘
667,10:12:51,7.28,-0.01,96,69888,卖盘
668,10:12:54,7.29,0.01,57,41552,买盘
669,10:12:57,7.29,0.0,20,14580,买盘
670,10:13:01,7.29,0.0,2,1458,买盘
671,10:13:10,7.29,0.0,1,729,买盘
672,10:13:13,7.29,0.0,19,13851,买盘
673,10:13:15,7.29,0.0,4,2914,买盘
674,10:13:18,7.28,-0.01,16,11654,卖盘
675,10:13:22,7.29,0.01,5,3645,买盘
676,10:13:25,7.28,-0.01,2,1456,卖盘
677,10:13:27,7.28,0.0,88,64064,卖盘
678,10:13:36,7.29,0.01,12,8748,买盘
679,10:13:40,7.28,-0.01,62,45136,卖盘
680,10:13:42,7.28,0.0,10,7280,卖盘
681,10:13:48,7.29,0.01,2,1458,买盘
682,10:13:51,7.28,-0.01,1,728,卖盘
683,10:14:00,7.28,0.0,41,29848,卖盘
684,10:14:04,7.28,0.0,1,728,卖盘
685,10:14:06,7.29,0.01,2,1458,买盘
686,10:14:12,7.28,-0.01,408,297584,卖盘
687,10:14:15,7.29,0.01,76,55404,买盘
688,10:14:19,7.29,0.0,31,22599,中性盘
689,10:14:24,7.29,0.0,31,22599,卖盘
690,10:14:34,7.29,0.0,13,9477,卖盘
691,10:14:45,7.3,0.01,7,5110,买盘
692,10:14:54,7.3,0.0,41,29930,买盘
693,10:14:57,7.29,-0.01,140,102103,卖盘
694,10:15:04,7.3,0.01,4,2920,买盘
695,10:15:09,7.3,0.0,36,26280,买盘
696,10:15:13,7.3,0.0,84,61320,买盘
697,10:15:21,7.3,0.0,2,1460,卖盘
698,10:15:28,7.3,0.0,10,7300,卖盘
699,10:15:30,7.3,0.0,17,12410,卖盘
700,10:15:33,7.3,0.0,1,730,卖盘
701,10:15:39,7.3,0.0,7,5110,卖盘
702,10:15:42,7.3,0.0,80,58400,卖盘
703,10:15:48,7.31,0.01,5,3655,买盘
704,10:15:54,7.3,-0.01,3,2190,卖盘
705,10:15:57,7.3,0.0,20,14600,卖盘
706,10:16:01,7.3,0.0,1,730,卖盘
707,10:16:09,7.3,0.0,10,7300,卖盘
708,10:16:27,7.3,0.0,21,15330,卖盘
709,10:16:48,7.31,0.01,33,24123,买盘
710,10:16:51,7.31,0.0,3,2193,买盘
711,10:16:54,7.31,0.0,46,33626,买盘
712,10:16:57,7.31,0.0,16,11696,买盘
713,10:17:00,7.31,0.0,23,16813,买盘
714,10:17:04,7.31,0.0,98,71582,买盘
715,10:17:12,7.31,0.0,10,7310,买盘
716,10:17:15,7.31,0.0,6,4386,买盘
717,10:17:21,7.3,-0.01,1,730,卖盘
718,10:17:36,7.31,0.01,11,8040,买盘
719,10:17:45,7.31,0.0,38,27765,买盘
720,10:17:48,7.3,-0.01,9,6570,卖盘
721,10:17:52,7.3,0.0,46,33580,卖盘
722,10:17:54,7.3,0.0,1,730,卖盘
723,10:18:04,7.3,0.0,32,23360,卖盘
724,10:18:09,7.3,0.0,3,2190,卖盘
725,10:18:12,7.3,0.0,36,26280,卖盘
726,10:18:18,7.3,0.0,2,1460,卖盘
727,10:18:27,7.31,0.01,250,182725,买盘
728,10:18:31,7.31,0.0,14,10234,买盘
729,10:18:33,7.3,-0.01,20,14600,卖盘
730,10:18:36,7.3,0.0,1,730,卖盘
731,10:18:54,7.31,0.01,78,57018,买盘
732,10:18:57,7.3,-0.01,3,2190,卖盘
733,10:19:00,7.31,0.01,45,32895,买盘
734,10:19:04,7.31,0.0,14,10224,买盘
735,10:19:09,7.31,0.0,3,2193,买盘
736,10:19:12,7.3,-0.01,2,1460,卖盘
737,10:19:28,7.31,0.01,56,40887,买盘
738,10:19:34,7.31,0.0,92,67252,买盘
739,10:19:39,7.31,0.0,10,7310,卖盘
740,10:19:42,7.31,0.0,1,731,卖盘
741,10:19:45,7.31,0.0,15,10964,卖盘
742,10:19:54,7.3,-0.01,37,27015,卖盘
743,10:19:57,7.3,0.0,10,7300,卖盘
744,10:20:18,7.3,0.0,175,127800,卖盘
745,10:20:21,7.29,-0.01,48,35039,卖盘
746,10:20:24,7.31,0.02,21,15341,买盘
747,10:20:27,7.31,0.0,11,8039,买盘
748,10:20:36,7.31,0.0,9,6579,买盘
749,10:20:45,7.3,-0.01,20,14600,卖盘
750,10:20:48,7.31,0.01,8,5848,买盘
751,10:20:54,7.31,0.0,41,29971,买盘
752,10:20:57,7.31,0.0,2,1462,买盘
753,10:21:06,7.3,-0.01,6,4385,卖盘
754,10:21:10,7.31,0.01,48,35088,买盘
755,10:21:13,7.29,-0.02,44,32113,卖盘
756,10:21:15,7.3,0.01,39,28470,买盘
757,10:21:18,7.3,0.0,5,3650,买盘
758,10:21:21,7.29,-0.01,71,51760,卖盘
759,10:21:24,7.29,0.0,4,2916,卖盘
760,10:21:27,7.3,0.01,21,15330,买盘
761,10:21:30,7.3,0.0,1,730,买盘
762,10:21:36,7.3,0.0,1,730,买盘
763,10:21:39,7.3,0.0,1,730,买盘
764,10:21:42,7.3,0.0,11,8030,买盘
765,10:21:45,7.3,0.0,28,20440,买盘
766,10:21:48,7.3,0.0,1,730,卖盘
767,10:21:51,7.29,-0.01,33,24079,卖盘
768,10:22:09,7.3,0.01,9,6570,卖盘
769,10:22:18,7.31,0.01,6,4386,买盘
770,10:22:24,7.3,-0.01,5,3650,卖盘
771,10:22:30,7.3,0.0,22,16060,卖盘
772,10:22:33,7.31,0.01,75,54760,买盘
773,10:22:37,7.3,-0.01,5,3650,卖盘
774,10:22:39,7.3,0.0,23,16790,卖盘
775,10:22:42,7.3,0.0,36,26280,卖盘
776,10:22:45,7.3,0.0,22,16060,卖盘
777,10:22:48,7.3,0.0,24,17520,卖盘
778,10:22:51,7.3,0.0,3,2190,卖盘
779,10:22:57,7.31,0.01,45,32895,买盘
780,10:23:00,7.3,-0.01,11,8030,卖盘
781,10:23:04,7.31,0.01,43,31433,买盘
782,10:23:06,7.31,0.0,8,5848,买盘
783,10:23:15,7.31,0.0,45,32895,买盘
784,10:23:21,7.31,0.0,10,7310,买盘
785,10:23:24,7.3,-0.01,57,41610,卖盘
786,10:23:43,7.3,0.0,18,13140,卖盘
787,10:23:45,7.3,0.0,17,12410,卖盘
788,10:23:51,7.3,0.0,17,12410,卖盘
789,10:23:57,7.3,0.0,32,23360,卖盘
790,10:24:00,7.3,0.0,1,730,卖盘
791,10:24:06,7.3,0.0,12,8760,卖盘
792,10:24:09,7.3,0.0,1,730,卖盘
793,10:24:15,7.3,0.0,10,7300,卖盘
794,10:24:18,7.3,0.0,7,5110,卖盘
795,10:24:24,7.3,0.0,5,3650,卖盘
796,10:24:27,7.31,0.01,67,48947,买盘
797,10:24:30,7.31,0.0,10,7310,买盘
798,10:24:33,7.3,-0.01,42,30660,卖盘
799,10:24:36,7.3,0.0,1,730,卖盘
800,10:24:42,7.31,0.01,30,21930,买盘
801,10:24:54,7.3,-0.01,25,18255,卖盘
802,10:25:01,7.31,0.01,77,56251,买盘
803,10:25:04,7.31,0.0,101,73831,买盘
804,10:25:06,7.31,0.0,10,7310,买盘
805,10:25:12,7.31,0.0,3,2193,买盘
806,10:25:15,7.31,0.0,94,68714,买盘
807,10:25:18,7.31,0.0,106,77457,买盘
808,10:25:21,7.31,0.0,9,6579,买盘
809,10:25:24,7.31,0.0,8,5841,买盘
810,10:25:33,7.3,-0.01,10,7300,卖盘
811,10:25:39,7.31,0.01,20,14620,买盘
812,10:25:48,7.3,-0.01,11,8040,卖盘
813,10:25:51,7.31,0.01,3,2193,买盘
814,10:25:54,7.31,0.0,10,7310,买盘
815,10:26:01,7.31,0.0,10,7310,买盘
816,10:26:06,7.3,-0.01,51,37280,卖盘
817,10:26:13,7.31,0.01,5,3655,买盘
818,10:26:21,7.31,0.0,15,10965,买盘
819,10:26:24,7.3,-0.01,4,2920,卖盘
820,10:26:27,7.3,0.0,14,10227,卖盘
821,10:26:31,7.31,0.01,41,29960,买盘
822,10:26:36,7.3,-0.01,23,16790,卖盘
823,10:26:39,7.31,0.01,100,73100,买盘
824,10:26:46,7.31,0.0,40,29240,买盘
825,10:26:48,7.31,0.0,16,11696,买盘
826,10:26:51,7.31,0.0,1,731,买盘
827,10:26:57,7.31,0.0,104,76024,买盘
828,10:27:00,7.32,0.01,47,34404,买盘
829,10:27:09,7.31,-0.01,8,5848,卖盘
830,10:27:15,7.32,0.01,41,30012,买盘
831,10:27:21,7.31,-0.01,1,731,卖盘
832,10:27:24,7.31,0.0,5,3655,卖盘
833,10:27:27,7.31,0.0,20,14620,卖盘
834,10:27:30,7.31,0.0,43,31433,卖盘
835,10:27:33,7.31,0.0,1,731,卖盘
836,10:27:36,7.32,0.01,7,5124,买盘
837,10:27:39,7.32,0.0,54,39528,买盘
838,10:27:48,7.31,-0.01,5,3655,卖盘
839,10:27:52,7.32,0.01,5,3660,买盘
840,10:27:57,7.32,0.0,12,8784,买盘
841,10:28:03,7.31,-0.01,10,7310,卖盘
842,10:28:09,7.32,0.01,7,5124,买盘
843,10:28:21,7.31,-0.01,10,7310,卖盘
844,10:28:24,7.31,0.0,11,8041,卖盘
845,10:28:28,7.31,0.0,24,17544,卖盘
846,10:28:39,7.31,0.0,8,5848,卖盘
847,10:28:42,7.31,0.0,20,14620,卖盘
848,10:28:48,7.31,0.0,47,34357,卖盘
849,10:28:54,7.31,0.0,1,731,卖盘
850,10:28:57,7.31,0.0,28,20468,卖盘
851,10:29:00,7.32,0.01,76,55632,买盘
852,10:29:04,7.31,-0.01,3,2193,卖盘
853,10:29:06,7.32,0.01,47,34403,买盘
854,10:29:10,7.31,-0.01,37,27047,卖盘
855,10:29:16,7.32,0.01,5,3660,买盘
856,10:29:18,7.31,-0.01,3,2193,卖盘
857,10:29:24,7.31,0.0,5,3655,卖盘
858,10:29:27,7.31,0.0,22,16082,卖盘
859,10:29:37,7.3,-0.01,43,31401,卖盘
860,10:29:40,7.32,0.02,39,28521,买盘
861,10:29:45,7.32,0.0,11,8050,买盘
862,10:29:48,7.3,-0.02,36,26284,卖盘
863,10:29:51,7.3,0.0,1,730,卖盘
864,10:29:54,7.3,0.0,22,16060,卖盘
865,10:30:00,7.3,0.0,26,18980,卖盘
866,10:30:03,7.3,0.0,103,75190,卖盘
867,10:30:06,7.3,0.0,155,113150,卖盘
868,10:30:09,7.3,0.0,65,47450,卖盘
869,10:30:12,7.3,0.0,4,2920,卖盘
870,10:30:15,7.3,0.0,22,16060,卖盘
871,10:30:18,7.3,0.0,52,37960,卖盘
872,10:30:21,7.29,-0.01,42,30646,卖盘
873,10:30:27,7.3,0.01,5,3650,中性盘
874,10:30:42,7.3,0.0,10,7300,买盘
875,10:30:45,7.29,-0.01,90,65610,卖盘
876,10:30:48,7.29,0.0,106,77374,卖盘
877,10:31:01,7.29,0.0,1,729,卖盘
878,10:31:04,7.3,0.01,48,35040,买盘
879,10:31:07,7.29,-0.01,42,31106,卖盘
880,10:31:09,7.31,0.02,40,29223,买盘
881,10:31:15,7.3,-0.01,4,2920,卖盘
882,10:31:21,7.3,0.0,5,3650,卖盘
883,10:31:24,7.3,0.0,1,730,卖盘
884,10:31:30,7.3,0.0,11,8029,买盘
885,10:31:33,7.3,0.0,5,3650,买盘
886,10:31:36,7.29,-0.01,7,5109,卖盘
887,10:31:48,7.29,0.0,121,88274,卖盘
888,10:31:51,7.29,0.0,58,42282,卖盘
889,10:31:54,7.29,0.0,46,33534,卖盘
890,10:32:00,7.29,0.0,2,1458,卖盘
891,10:32:12,7.3,0.01,103,75190,买盘
892,10:32:21,7.29,-0.01,37,26973,卖盘
893,10:32:27,7.29,0.0,19,13851,卖盘
894,10:32:33,7.29,0.0,2,1458,卖盘
895,10:32:36,7.29,0.0,1,729,卖盘
896,10:32:42,7.3,0.01,3,2190,买盘
897,10:32:54,7.3,0.0,58,42340,买盘
898,10:33:01,7.29,-0.01,8,5832,卖盘
899,10:33:04,7.3,0.01,48,35040,买盘
900,10:33:06,7.29,-0.01,47,34263,卖盘
901,10:33:09,7.3,0.01,2,1460,买盘
902,10:33:15,7.3,0.0,120,87600,买盘
903,10:33:25,7.3,0.0,7,5110,买盘
904,10:33:27,7.29,-0.01,43,31350,卖盘
905,10:33:36,7.3,0.01,4,2920,买盘
906,10:33:45,7.29,-0.01,15,10935,卖盘
907,10:33:48,7.3,0.01,5,3650,买盘
908,10:33:51,7.3,0.0,20,14600,买盘
909,10:33:58,7.3,0.0,4,2920,买盘
910,10:34:01,7.3,0.0,40,29200,买盘
911,10:34:04,7.3,0.0,1,730,买盘
912,10:34:21,7.3,0.0,2,1460,买盘
913,10:34:28,7.29,-0.01,44,32091,卖盘
914,10:34:30,7.3,0.01,1,730,买盘
915,10:34:36,7.3,0.0,11,8030,买盘
916,10:34:42,7.29,-0.01,38,27732,卖盘
917,10:34:45,7.29,0.0,2,1458,卖盘
918,10:34:54,7.3,0.01,46,33580,买盘
919,10:34:57,7.3,0.0,95,69324,买盘
920,10:35:04,7.3,0.0,1,730,买盘
921,10:35:09,7.3,0.0,193,140884,买盘
922,10:35:12,7.29,-0.01,84,61286,卖盘
923,10:35:15,7.3,0.01,29,21170,中性盘
924,10:35:18,7.31,0.01,5,3653,买盘
925,10:35:22,7.31,0.0,19,13889,买盘
926,10:35:30,7.31,0.0,144,105264,买盘
927,10:35:36,7.31,0.0,15,10965,买盘
928,10:35:39,7.31,0.0,81,59211,买盘
929,10:35:42,7.31,0.0,151,110381,买盘
930,10:35:45,7.32,0.01,386,282552,买盘
931,10:35:48,7.33,0.01,261,191064,买盘
932,10:35:51,7.33,0.0,19,13927,买盘
933,10:35:54,7.3,-0.03,54,39498,卖盘
934,10:35:57,7.34,0.04,1,734,买盘
935,10:36:00,7.34,0.0,1,734,买盘
936,10:36:06,7.33,-0.01,13,9529,买盘
937,10:36:10,7.33,0.0,3,2199,买盘
938,10:36:12,7.33,0.0,11,8063,买盘
939,10:36:15,7.33,0.0,1,733,买盘
940,10:36:19,7.33,0.0,13,9529,买盘
941,10:36:21,7.34,0.01,55,40370,买盘
942,10:36:24,7.34,0.0,23,16882,买盘
943,10:36:27,7.33,-0.01,33,24220,卖盘
944,10:36:30,7.34,0.01,33,24222,买盘
945,10:36:33,7.34,0.0,117,85878,买盘
946,10:36:36,7.35,0.01,2,1470,买盘
947,10:36:39,7.35,0.0,14,10278,买盘
948,10:36:42,7.35,0.0,40,29400,买盘
949,10:36:45,7.35,0.0,2,1470,买盘
950,10:36:49,7.35,0.0,1,735,买盘
951,10:36:51,7.35,0.0,15,11025,买盘
952,10:36:55,7.35,0.0,31,22785,买盘
953,10:36:58,7.35,0.0,44,32340,买盘
954,10:37:06,7.35,0.0,113,83055,卖盘
955,10:37:09,7.36,0.01,85,62558,买盘
956,10:37:12,7.35,-0.01,13,9555,卖盘
957,10:37:16,7.36,0.01,109,80224,买盘
958,10:37:21,7.35,-0.01,19,13975,卖盘
959,10:37:24,7.34,-0.01,47,34520,卖盘
960,10:37:27,7.35,0.01,19,13975,卖盘
961,10:37:30,7.35,0.0,47,34545,买盘
962,10:37:34,7.35,0.0,2,1470,卖盘
963,10:37:42,7.35,0.0,18,13230,卖盘
964,10:37:45,7.34,-0.01,3,2202,卖盘
965,10:37:48,7.35,0.01,20,14700,买盘
966,10:37:51,7.35,0.0,6,4410,买盘
967,10:37:54,7.35,0.0,58,42630,买盘
968,10:37:57,7.36,0.01,169,124330,买盘
969,10:38:00,7.35,-0.01,14,10290,卖盘
970,10:38:04,7.35,0.0,1,735,买盘
971,10:38:06,7.35,0.0,13,9555,买盘
972,10:38:09,7.35,0.0,49,36015,买盘
973,10:38:27,7.35,0.0,122,89670,买盘
974,10:38:48,7.35,0.0,49,36015,买盘
975,10:38:54,7.35,0.0,131,96285,买盘
976,10:38:57,7.35,0.0,16,11760,中性盘
977,10:39:00,7.35,0.0,15,11025,买盘
978,10:39:04,7.34,-0.01,10,7340,卖盘
979,10:39:09,7.35,0.01,31,22785,买盘
980,10:39:12,7.35,0.0,50,36796,中性盘
981,10:39:16,7.35,0.0,27,19845,买盘
982,10:39:21,7.35,0.0,53,38955,卖盘
983,10:39:27,7.35,0.0,1,735,买盘
984,10:39:31,7.34,-0.01,9,6606,卖盘
985,10:39:36,7.35,0.01,10,7350,买盘
986,10:39:39,7.35,0.0,20,14700,买盘
987,10:39:48,7.35,0.0,52,38220,买盘
988,10:39:57,7.35,0.0,14,10290,卖盘
989,10:40:03,7.36,0.01,107,78752,买盘
990,10:40:09,7.36,0.0,24,17660,买盘
991,10:40:27,7.36,0.0,91,66976,买盘
992,10:40:33,7.36,0.0,10,7360,卖盘
993,10:40:39,7.37,0.01,10,7370,买盘
994,10:40:42,7.37,0.0,11,8107,买盘
995,10:40:57,7.37,0.0,10,7370,买盘
996,10:41:06,7.36,-0.01,1,736,卖盘
997,10:41:09,7.37,0.01,49,36113,买盘
998,10:41:12,7.37,0.0,4,2948,买盘
999,10:41:15,7.37,0.0,16,11792,卖盘
1000,10:41:18,7.38,0.01,39,28754,买盘
1001,10:41:21,7.37,-0.01,2,1474,买盘
1002,10:41:31,7.36,-0.01,85,62565,卖盘
1003,10:41:33,7.36,0.0,3,2208,卖盘
1004,10:41:36,7.37,0.01,7,5157,买盘
1005,10:41:39,7.36,-0.01,42,30912,卖盘
1006,10:41:42,7.36,0.0,31,22816,卖盘
1007,10:41:48,7.36,0.0,10,7360,买盘
1008,10:41:51,7.36,0.0,14,10304,买盘
1009,10:41:57,7.35,-0.01,1,735,卖盘
1010,10:42:00,7.35,0.0,7,5145,卖盘
1011,10:42:04,7.35,0.0,35,25725,卖盘
1012,10:42:06,7.35,0.0,6,4410,卖盘
1013,10:42:09,7.35,0.0,9,6615,卖盘
1014,10:42:12,7.36,0.01,30,22080,买盘
1015,10:42:33,7.35,-0.01,1,735,卖盘
1016,10:42:42,7.35,0.0,56,41160,卖盘
1017,10:42:54,7.34,-0.01,4,2936,卖盘
1018,10:42:58,7.35,0.01,27,19845,买盘
1019,10:43:04,7.35,0.0,6,4409,买盘
1020,10:43:07,7.34,-0.01,55,40370,卖盘
1021,10:43:12,7.35,0.01,41,30135,买盘
1022,10:43:15,7.35,0.0,47,34545,买盘
1023,10:43:27,7.35,0.0,40,29400,买盘
1024,10:43:45,7.34,-0.01,46,33764,卖盘
1025,10:43:48,7.34,0.0,35,25690,卖盘
1026,10:43:52,7.34,0.0,24,17616,卖盘
1027,10:43:54,7.34,0.0,15,11010,卖盘
1028,10:43:57,7.34,0.0,65,47710,卖盘
1029,10:44:00,7.34,0.0,164,120376,卖盘
1030,10:44:15,7.34,0.0,10,7340,买盘
1031,10:44:18,7.34,0.0,23,16882,买盘
1032,10:44:24,7.33,-0.01,1,733,卖盘
1033,10:44:31,7.33,0.0,5,3665,卖盘
1034,10:44:33,7.33,0.0,2,1466,卖盘
1035,10:44:51,7.33,0.0,33,24189,卖盘
1036,10:44:57,7.33,0.0,12,8796,卖盘
1037,10:45:00,7.33,0.0,26,19058,卖盘
1038,10:45:03,7.32,-0.01,1,732,卖盘
1039,10:45:06,7.32,0.0,5,3660,卖盘
1040,10:45:12,7.32,0.0,148,108385,卖盘
1041,10:45:18,7.32,0.0,4,2928,卖盘
1042,10:45:21,7.33,0.01,42,30786,买盘
1043,10:45:30,7.32,-0.01,5,3660,卖盘
1044,10:45:33,7.32,0.0,12,8784,卖盘
1045,10:45:39,7.32,0.0,78,57096,卖盘
1046,10:45:45,7.32,0.0,3,2196,买盘
1047,10:45:57,7.31,-0.01,124,90644,卖盘
1048,10:46:00,7.31,0.0,9,6579,卖盘
1049,10:46:04,7.31,0.0,34,24854,卖盘
1050,10:46:27,7.31,0.0,118,86258,卖盘
1051,10:46:36,7.3,-0.01,106,77380,卖盘
1052,10:46:51,7.3,0.0,9,6570,卖盘
1053,10:47:15,7.3,0.0,17,12410,卖盘
1054,10:47:18,7.31,0.01,43,31433,买盘
1055,10:47:24,7.31,0.0,44,32164,买盘
1056,10:47:27,7.31,0.0,201,146931,买盘
1057,10:47:36,7.3,-0.01,1,730,卖盘
1058,10:47:39,7.3,0.0,7,5115,卖盘
1059,10:47:45,7.31,0.01,5,3654,买盘
1060,10:47:48,7.3,-0.01,9,6570,卖盘
1061,10:47:54,7.31,0.01,100,73100,买盘
1062,10:48:00,7.3,-0.01,47,34310,卖盘
1063,10:48:09,7.31,0.01,93,67983,买盘
1064,10:48:13,7.31,0.0,9,6579,卖盘
1065,10:48:18,7.31,0.0,1,731,卖盘
1066,10:48:28,7.31,0.0,16,11696,卖盘
1067,10:48:30,7.31,0.0,10,7310,卖盘
1068,10:48:52,7.31,0.0,1,731,卖盘
1069,10:48:57,7.31,0.0,19,13889,卖盘
1070,10:49:00,7.31,0.0,2,1462,卖盘
1071,10:49:12,7.31,0.0,3,2193,卖盘
1072,10:49:18,7.31,0.0,10,7310,卖盘
1073,10:49:21,7.32,0.01,88,64416,买盘
1074,10:49:27,7.31,-0.01,19,13889,卖盘
1075,10:49:30,7.31,0.0,1,731,卖盘
1076,10:49:42,7.32,0.01,2,1464,买盘
1077,10:49:45,7.31,-0.01,1,731,卖盘
1078,10:49:48,7.32,0.01,18,12804,买盘
1079,10:49:57,7.31,-0.01,17,12427,卖盘
1080,10:50:00,7.32,0.01,5,3660,买盘
1081,10:50:06,7.31,-0.01,1,731,卖盘
1082,10:50:21,7.31,0.0,7,5117,卖盘
1083,10:50:24,7.31,0.0,1,731,卖盘
1084,10:50:27,7.31,0.0,33,24123,卖盘
1085,10:50:30,7.31,0.0,2,1462,卖盘
1086,10:50:34,7.31,0.0,3,2193,卖盘
1087,10:50:36,7.32,0.01,24,17568,买盘
1088,10:50:45,7.31,-0.01,1,731,卖盘
1089,10:50:48,7.31,0.0,10,7310,卖盘
1090,10:50:52,7.31,0.0,17,12427,卖盘
1091,10:50:54,7.32,0.01,2,1464,买盘
1092,10:50:57,7.31,-0.01,15,10965,卖盘
1093,10:51:04,7.32,0.01,54,39511,买盘
1094,10:51:12,7.31,-0.01,8,5854,卖盘
1095,10:51:21,7.31,0.0,63,46099,卖盘
1096,10:51:24,7.31,0.0,22,16102,卖盘
1097,10:51:27,7.32,0.01,25,18284,买盘
1098,10:51:33,7.32,0.0,3,2195,买盘
1099,10:51:42,7.31,-0.01,17,12427,卖盘
1100,10:51:45,7.32,0.01,42,30744,买盘
1101,10:51:54,7.31,-0.01,23,16813,卖盘
1102,10:51:57,7.32,0.01,28,20480,买盘
1103,10:52:04,7.31,-0.01,26,19006,卖盘
1104,10:52:09,7.31,0.0,2,1462,卖盘
1105,10:52:15,7.31,0.0,49,35819,卖盘
1106,10:52:21,7.31,0.0,17,12427,卖盘
1107,10:52:27,7.31,0.0,15,10965,卖盘
1108,10:52:30,7.31,0.0,3,2193,卖盘
1109,10:52:33,7.31,0.0,8,5848,卖盘
1110,10:52:48,7.32,0.01,1,732,买盘
1111,10:52:51,7.31,-0.01,17,12427,卖盘
1112,10:52:57,7.31,0.0,14,10234,卖盘
1113,10:53:00,7.3,-0.01,17,12426,卖盘
1114,10:53:09,7.31,0.01,1,731,卖盘
1115,10:53:18,7.31,0.0,17,12427,卖盘
1116,10:53:21,7.32,0.01,42,30744,买盘
1117,10:53:27,7.31,-0.01,14,10234,卖盘
1118,10:53:30,7.31,0.0,2,1462,卖盘
1119,10:53:33,7.31,0.0,46,33669,卖盘
1120,10:53:36,7.31,0.0,31,22664,卖盘
1121,10:53:39,7.31,0.0,17,12427,卖盘
1122,10:53:51,7.31,0.0,2,1462,卖盘
1123,10:53:54,7.31,0.0,2,1462,卖盘
1124,10:53:57,7.31,0.0,17,12427,卖盘
1125,10:54:27,7.31,0.0,17,12427,卖盘
1126,10:54:30,7.31,0.0,41,30011,卖盘
1127,10:54:33,7.32,0.01,72,52704,买盘
1128,10:54:36,7.32,0.0,204,149328,买盘
1129,10:54:42,7.31,-0.01,8,6220,卖盘
1130,10:54:45,7.31,0.0,47,34449,卖盘
1131,10:54:48,7.33,0.02,33,24160,买盘
1132,10:54:51,7.32,-0.01,17,12444,中性盘
1133,10:54:54,7.31,-0.01,3,2197,卖盘
1134,10:54:57,7.32,0.01,17,12444,中性盘
1135,10:55:00,7.33,0.01,75,54975,买盘
1136,10:55:09,7.33,0.0,5,3665,买盘
1137,10:55:12,7.32,-0.01,4,2928,卖盘
1138,10:55:22,7.33,0.01,47,34451,买盘
1139,10:55:24,7.32,-0.01,31,22702,卖盘
1140,10:55:30,7.32,0.0,1,732,卖盘
1141,10:55:33,7.33,0.01,50,36650,买盘
1142,10:55:36,7.33,0.0,6,4398,买盘
1143,10:55:39,7.33,0.0,17,12461,买盘
1144,10:55:42,7.33,0.0,12,8796,买盘
1145,10:55:45,7.33,0.0,12,8796,买盘
1146,10:55:48,7.34,0.01,61,44757,买盘
1147,10:55:54,7.33,-0.01,1,733,卖盘
1148,10:56:00,7.34,0.01,13,9542,买盘
1149,10:56:27,7.33,-0.01,20,14660,卖盘
1150,10:56:31,7.33,0.0,1,733,卖盘
1151,10:56:34,7.34,0.01,10,7340,买盘
1152,10:56:36,7.34,0.0,2,1468,买盘
1153,10:56:48,7.33,-0.01,1,733,卖盘
1154,10:56:51,7.33,0.0,6,4398,卖盘
1155,10:57:00,7.33,0.0,1,733,卖盘
1156,10:57:04,7.33,0.0,2,1466,卖盘
1157,10:57:06,7.33,0.0,49,35917,卖盘
1158,10:57:09,7.33,0.0,48,35184,卖盘
1159,10:57:15,7.33,0.0,20,14660,卖盘
1160,10:57:21,7.33,0.0,42,30827,卖盘
1161,10:57:27,7.34,0.01,42,30828,买盘
1162,10:57:30,7.34,0.0,35,25690,买盘
1163,10:57:33,7.33,-0.01,1,733,卖盘
1164,10:57:48,7.34,0.01,6,4404,买盘
1165,10:57:54,7.33,-0.01,1,733,卖盘
1166,10:58:06,7.34,0.01,5,3670,买盘
1167,10:58:15,7.33,-0.01,20,14660,卖盘
1168,10:58:33,7.33,0.0,53,39082,卖盘
1169,10:58:36,7.33,0.0,194,142202,卖盘
1170,10:58:39,7.33,0.0,12,8796,卖盘
1171,10:58:42,7.33,0.0,26,19058,卖盘
1172,10:58:45,7.33,0.0,15,10995,卖盘
1173,10:58:48,7.33,0.0,9,6597,卖盘
1174,10:58:51,7.34,0.01,6,4404,买盘
1175,10:58:57,7.34,0.0,29,21286,买盘
1176,10:59:04,7.34,0.0,15,11004,买盘
1177,10:59:21,7.34,0.0,43,31562,买盘
1178,10:59:24,7.33,-0.01,1,733,卖盘
1179,10:59:27,7.34,0.01,86,63103,买盘
1180,10:59:33,7.33,-0.01,1,733,卖盘
1181,10:59:36,7.33,0.0,21,15413,卖盘
1182,10:59:39,7.34,0.01,10,7340,买盘
1183,10:59:49,7.34,0.0,10,7340,买盘
1184,10:59:52,7.33,-0.01,44,32295,卖盘
1185,10:59:54,7.35,0.02,14,10278,买盘
1186,11:00:13,7.35,0.0,9,6615,买盘
1187,11:00:21,7.34,-0.01,2,1468,卖盘
1188,11:00:24,7.34,0.0,10,7340,卖盘
1189,11:00:27,7.35,0.01,20,14700,买盘
1190,11:00:33,7.34,-0.01,1,734,卖盘
1191,11:00:37,7.34,0.0,60,44068,卖盘
1192,11:00:57,7.34,0.0,35,25690,卖盘
1193,11:01:04,7.34,0.0,1,734,卖盘
1194,11:01:12,7.34,0.0,6,4404,卖盘
1195,11:01:15,7.35,0.01,210,154350,买盘
1196,11:01:18,7.34,-0.01,1,734,卖盘
1197,11:01:21,7.34,0.0,20,14680,卖盘
1198,11:01:30,7.35,0.01,44,32340,买盘
1199,11:01:33,7.36,0.01,44,32347,买盘
1200,11:01:39,7.35,-0.01,10,7350,卖盘
1201,11:01:42,7.35,0.0,30,22050,买盘
1202,11:02:21,7.35,0.0,10,7350,买盘
1203,11:02:27,7.35,0.0,11,8085,买盘
1204,11:02:30,7.34,-0.01,20,14680,卖盘
1205,11:02:33,7.34,0.0,43,31562,卖盘
1206,11:02:36,7.35,0.01,68,49980,买盘
1207,11:02:39,7.35,0.0,32,23520,卖盘
1208,11:02:46,7.35,0.0,14,10290,买盘
1209,11:02:51,7.34,-0.01,1,734,卖盘
1210,11:03:15,7.35,0.01,24,17640,买盘
1211,11:03:24,7.34,-0.01,8,5872,卖盘
1212,11:03:27,7.35,0.01,49,36015,买盘
1213,11:03:30,7.35,0.0,2,1470,买盘
1214,11:03:33,7.34,-0.01,26,19103,卖盘
1215,11:03:39,7.36,0.02,39,28687,买盘
1216,11:03:45,7.35,-0.01,7,5145,中性盘
1217,11:04:00,7.34,-0.01,11,8084,卖盘
1218,11:04:03,7.35,0.01,12,8820,买盘
1219,11:04:06,7.35,0.0,13,9555,卖盘
1220,11:04:09,7.33,-0.02,51,37426,卖盘
1221,11:04:12,7.33,0.0,2,1466,卖盘
1222,11:04:25,7.34,0.01,5,3670,买盘
1223,11:04:27,7.33,-0.01,20,14660,卖盘
1224,11:04:33,7.33,0.0,1,733,卖盘
1225,11:04:36,7.34,0.01,20,14680,买盘
1226,11:04:39,7.34,0.0,8,5872,买盘
1227,11:04:42,7.34,0.0,16,11744,买盘
1228,11:04:57,7.34,0.0,10,7340,买盘
1229,11:05:00,7.33,-0.01,1,733,卖盘
1230,11:05:18,7.34,0.01,3,2202,买盘
1231,11:05:24,7.34,0.0,42,30828,买盘
1232,11:05:27,7.33,-0.01,58,42568,卖盘
1233,11:05:31,7.34,0.01,34,24956,买盘
1234,11:05:34,7.33,-0.01,6,4401,卖盘
1235,11:05:42,7.35,0.02,44,32340,买盘
1236,11:05:52,7.35,0.0,9,6615,买盘
1237,11:05:54,7.35,0.0,3,2205,卖盘
1238,11:05:57,7.35,0.0,12,8820,卖盘
1239,11:06:01,7.35,0.0,14,10290,卖盘
1240,11:06:06,7.36,0.01,1,736,买盘
1241,11:06:21,7.35,-0.01,10,7350,买盘
1242,11:06:40,7.35,0.0,4,2940,买盘
1243,11:07:00,7.35,0.0,3,2205,买盘
1244,11:07:04,7.34,-0.01,5,3670,卖盘
1245,11:07:12,7.34,0.0,3,2202,卖盘
1246,11:07:18,7.35,0.01,5,3675,买盘
1247,11:07:27,7.35,0.0,46,33810,买盘
1248,11:07:36,7.35,0.0,42,30870,买盘
1249,11:07:42,7.34,-0.01,3,2202,卖盘
1250,11:07:45,7.34,0.0,56,41104,卖盘
1251,11:08:00,7.34,0.0,21,15415,卖盘
1252,11:08:12,7.34,0.0,24,17616,卖盘
1253,11:08:15,7.35,0.01,24,17632,买盘
1254,11:08:18,7.34,-0.01,4,2936,卖盘
1255,11:08:28,7.34,0.0,16,11744,卖盘
1256,11:08:33,7.34,0.0,19,13946,买盘
1257,11:08:36,7.33,-0.01,19,13927,卖盘
1258,11:08:40,7.33,0.0,20,14660,卖盘
1259,11:08:42,7.33,0.0,6,4398,卖盘
1260,11:08:48,7.33,0.0,31,22753,卖盘
1261,11:08:51,7.33,0.0,82,60106,卖盘
1262,11:08:54,7.33,0.0,135,98955,卖盘
1263,11:08:57,7.33,0.0,140,102437,卖盘
1264,11:09:00,7.33,0.0,160,117188,买盘
1265,11:09:09,7.33,0.0,11,8063,买盘
1266,11:09:27,7.33,0.0,45,32985,买盘
1267,11:09:33,7.34,0.01,41,30067,买盘
1268,11:09:36,7.32,-0.02,1,732,卖盘
1269,11:09:39,7.34,0.02,2,1468,买盘
1270,11:09:54,7.32,-0.02,26,19032,卖盘
1271,11:10:21,7.32,0.0,4,2928,卖盘
1272,11:10:36,7.33,0.01,5,3665,买盘
1273,11:10:39,7.33,0.0,32,23456,买盘
1274,11:10:42,7.32,-0.01,28,20516,卖盘
1275,11:10:54,7.33,0.01,40,29320,卖盘
1276,11:10:57,7.33,0.0,1,733,卖盘
1277,11:11:27,7.34,0.01,74,54287,买盘
1278,11:11:36,7.34,0.0,42,30828,买盘
1279,11:11:46,7.34,0.0,21,15394,买盘
1280,11:11:51,7.33,-0.01,3,2199,卖盘
1281,11:11:54,7.33,0.0,36,26388,卖盘
1282,11:11:57,7.32,-0.01,4,2928,卖盘
1283,11:12:07,7.32,0.0,7,5124,卖盘
1284,11:12:12,7.32,0.0,1,732,卖盘
1285,11:12:18,7.32,0.0,208,152256,卖盘
1286,11:12:24,7.32,0.0,27,19764,卖盘
1287,11:12:39,7.33,0.01,8,5864,买盘
1288,11:12:48,7.32,-0.01,20,14640,卖盘
1289,11:12:51,7.32,0.0,1,732,卖盘
1290,11:12:57,7.33,0.01,5,3665,买盘
1291,11:13:06,7.33,0.0,30,21990,买盘
1292,11:13:15,7.32,-0.01,3,2196,卖盘
1293,11:13:31,7.33,0.01,40,29320,买盘
1294,11:13:36,7.33,0.0,48,35184,买盘
1295,11:13:39,7.32,-0.01,5,3660,卖盘
1296,11:13:42,7.33,0.01,1,733,买盘
1297,11:13:54,7.32,-0.01,20,14640,卖盘
1298,11:13:57,7.33,0.01,8,5864,买盘
1299,11:14:03,7.32,-0.01,1,732,卖盘
1300,11:14:15,7.32,0.0,5,3660,卖盘
1301,11:14:18,7.33,0.01,4,2932,买盘
1302,11:14:21,7.32,-0.01,1,732,卖盘
1303,11:14:24,7.33,0.01,7,5131,买盘
1304,11:14:39,7.32,-0.01,1,732,卖盘
1305,11:14:51,7.32,0.0,3,2196,卖盘
1306,11:14:57,7.32,0.0,20,14640,卖盘
1307,11:15:12,7.32,0.0,47,34404,卖盘
1308,11:15:15,7.32,0.0,16,11712,卖盘
1309,11:15:18,7.32,0.0,1,732,卖盘
1310,11:15:21,7.32,0.0,4,2928,卖盘
1311,11:15:28,7.32,0.0,30,21960,卖盘
1312,11:15:33,7.33,0.01,45,32985,买盘
1313,11:15:48,7.32,-0.01,44,32251,卖盘
1314,11:16:07,7.32,0.0,20,14640,卖盘
1315,11:16:24,7.32,0.0,8,5856,卖盘
1316,11:16:30,7.32,0.0,6,4392,卖盘
1317,11:16:33,7.32,0.0,37,27084,卖盘
1318,11:16:36,7.33,0.01,64,46909,买盘
1319,11:16:43,7.31,-0.02,6,4391,卖盘
1320,11:16:46,7.31,0.0,1,731,卖盘
1321,11:16:48,7.31,0.0,8,5848,卖盘
1322,11:16:51,7.31,0.0,3,2193,卖盘
1323,11:16:57,7.32,0.01,17,12444,买盘
1324,11:17:00,7.31,-0.01,12,8772,卖盘
1325,11:17:04,7.31,0.0,20,14620,卖盘
1326,11:17:09,7.31,0.0,10,7310,卖盘
1327,11:17:15,7.31,0.0,1,731,卖盘
1328,11:17:24,7.32,0.01,89,65148,买盘
1329,11:17:42,7.31,-0.01,3,2193,卖盘
1330,11:17:46,7.32,0.01,49,35868,买盘
1331,11:17:55,7.32,0.0,39,28548,买盘
1332,11:18:04,7.31,-0.01,3,2193,卖盘
1333,11:18:21,7.31,0.0,1,731,卖盘
1334,11:18:30,7.31,0.0,12,8772,卖盘
1335,11:18:36,7.31,0.0,19,13889,卖盘
1336,11:18:39,7.31,0.0,5,3655,卖盘
1337,11:18:42,7.31,0.0,2,1462,卖盘
1338,11:18:51,7.31,0.0,7,5117,卖盘
1339,11:19:00,7.31,0.0,1,731,卖盘
1340,11:19:06,7.31,0.0,5,3656,卖盘
1341,11:19:18,7.31,0.0,48,35088,卖盘
1342,11:19:22,7.31,0.0,1,731,卖盘
1343,11:19:39,7.31,0.0,12,8772,卖盘
1344,11:19:45,7.32,0.01,44,32207,买盘
1345,11:19:51,7.32,0.0,20,14639,买盘
1346,11:19:57,7.32,0.0,44,32208,买盘
1347,11:20:01,7.31,-0.01,1,731,卖盘
1348,11:20:06,7.32,0.01,1,732,买盘
1349,11:20:18,7.31,-0.01,4,2924,卖盘
1350,11:20:30,7.31,0.0,1,731,卖盘
1351,11:20:45,7.31,0.0,8,5848,卖盘
1352,11:20:49,7.31,0.0,31,22661,卖盘
1353,11:20:54,7.31,0.0,1,731,卖盘
1354,11:20:57,7.31,0.0,3,2193,卖盘
1355,11:21:09,7.32,0.01,6,4392,买盘
1356,11:21:12,7.31,-0.01,1,731,卖盘
1357,11:21:27,7.31,0.0,57,41667,卖盘
1358,11:21:30,7.31,0.0,272,198832,卖盘
1359,11:21:33,7.31,0.0,1,731,卖盘
1360,11:21:48,7.32,0.01,59,43177,买盘
1361,11:21:54,7.31,-0.01,1,731,卖盘
1362,11:22:00,7.31,0.0,4,2924,卖盘
1363,11:22:06,7.32,0.01,40,29280,买盘
1364,11:22:09,7.32,0.0,4,2928,买盘
1365,11:22:33,7.32,0.0,10,7320,买盘
1366,11:22:36,7.31,-0.01,109,79689,卖盘
1367,11:22:48,7.31,0.0,17,12427,卖盘
1368,11:22:54,7.31,0.0,8,5848,卖盘
1369,11:22:57,7.31,0.0,1,731,卖盘
1370,11:23:06,7.31,0.0,47,34357,卖盘
1371,11:23:12,7.32,0.01,2,1464,买盘
1372,11:23:18,7.31,-0.01,1,731,卖盘
1373,11:23:24,7.31,0.0,1,731,卖盘
1374,11:23:27,7.31,0.0,21,15351,卖盘
1375,11:23:30,7.31,0.0,1,731,卖盘
1376,11:23:39,7.32,0.01,46,33672,买盘
1377,11:23:42,7.31,-0.01,15,10965,卖盘
1378,11:23:51,7.32,0.01,42,30744,买盘
1379,11:24:00,7.31,-0.01,3,2195,卖盘
1380,11:24:03,7.32,0.01,12,8784,买盘
1381,11:24:12,7.32,0.0,1,732,买盘
1382,11:24:15,7.31,-0.01,73,53435,卖盘
1383,11:24:18,7.31,0.0,1,731,卖盘
1384,11:24:33,7.31,0.0,3,1828,卖盘
1385,11:24:36,7.31,0.0,3,2195,卖盘
1386,11:24:45,7.31,0.0,1,731,卖盘
1387,11:24:48,7.31,0.0,1,731,卖盘
1388,11:24:51,7.31,0.0,1,731,卖盘
1389,11:24:57,7.32,0.01,12,8784,买盘
1390,11:25:06,7.31,-0.01,6,4386,卖盘
1391,11:25:12,7.32,0.01,14,10246,买盘
1392,11:25:16,7.31,-0.01,2,1462,卖盘
1393,11:25:24,7.31,0.0,5,3655,卖盘
1394,11:25:34,7.31,0.0,1,731,卖盘
1395,11:25:39,7.32,0.01,47,34404,买盘
1396,11:25:42,7.32,0.0,15,10980,买盘
1397,11:25:54,7.31,-0.01,1,731,卖盘
1398,11:26:03,7.32,0.01,41,30012,买盘
1399,11:26:09,7.31,-0.01,1,731,卖盘
1400,11:26:12,7.31,0.0,1,731,卖盘
1401,11:26:33,7.31,0.0,1,731,卖盘
1402,11:26:39,7.31,0.0,2,1462,卖盘
1403,11:26:54,7.31,0.0,28,20468,卖盘
1404,11:27:00,7.31,0.0,5,3655,卖盘
1405,11:27:04,7.31,0.0,1,731,卖盘
1406,11:27:06,7.32,0.01,10,7320,买盘
1407,11:27:09,7.31,-0.01,1,1096,卖盘
1408,11:27:15,7.31,0.0,7,5117,卖盘
1409,11:27:19,7.32,0.01,18,13176,买盘
1410,11:27:22,7.31,-0.01,2,1462,卖盘
1411,11:27:30,7.32,0.01,20,14640,买盘
1412,11:27:42,7.31,-0.01,1,731,卖盘
1413,11:27:48,7.31,0.0,1,731,卖盘
1414,11:27:51,7.32,0.01,57,41677,买盘
1415,11:27:54,7.31,-0.01,19,13889,卖盘
1416,11:27:57,7.31,0.0,1,731,卖盘
1417,11:28:06,7.32,0.01,47,34404,买盘
1418,11:28:12,7.31,-0.01,7,5117,卖盘
1419,11:28:18,7.32,0.01,43,31476,买盘
1420,11:28:24,7.31,-0.01,1,731,卖盘
1421,11:28:30,7.32,0.01,10,7320,买盘
1422,11:28:33,7.31,-0.01,6,4386,卖盘
1423,11:28:36,7.31,0.0,5,3655,卖盘
1424,11:28:39,7.32,0.01,13,9516,买盘
1425,11:28:42,7.32,0.0,10,7320,买盘
1426,11:28:46,7.31,-0.01,4,2924,卖盘
1427,11:28:48,7.32,0.01,7,5124,买盘
1428,11:28:51,7.32,0.0,9,6185,卖盘
1429,11:28:54,7.32,0.0,21,15372,卖盘
1430,11:29:15,7.32,0.0,1,732,卖盘
1431,11:29:21,7.32,0.0,10,7320,卖盘
1432,11:29:27,7.32,0.0,9,6588,卖盘
1433,11:29:33,7.32,0.0,4,2928,卖盘
1434,11:29:48,7.32,0.0,10,7320,卖盘
1435,11:29:54,7.33,0.01,18,13194,买盘
1436,11:29:57,7.33,0.0,48,35184,买盘
1437,13:00:04,7.33,0.0,163,119509,买盘
1438,13:00:09,7.33,0.0,7,5131,卖盘
1439,13:00:24,7.33,0.0,7,5131,卖盘
1440,13:00:30,7.33,0.0,2,1466,卖盘
1441,13:00:39,7.33,0.0,1,733,卖盘
1442,13:00:45,7.34,0.01,3,2201,买盘
1443,13:00:48,7.33,-0.01,3,2199,卖盘
1444,13:00:57,7.33,0.0,1,733,卖盘
1445,13:01:13,7.33,0.0,2,1466,卖盘
1446,13:01:18,7.33,0.0,3,2199,卖盘
1447,13:01:24,7.33,0.0,1,733,卖盘
1448,13:01:30,7.33,0.0,1,733,卖盘
1449,13:01:36,7.33,0.0,1,733,卖盘
1450,13:01:39,7.33,0.0,6,4398,卖盘
1451,13:01:45,7.34,0.01,43,31562,买盘
1452,13:01:48,7.33,-0.01,14,10272,卖盘
1453,13:01:51,7.33,0.0,1,733,卖盘
1454,13:01:57,7.34,0.01,110,80673,买盘
1455,13:02:00,7.33,-0.01,4,2934,卖盘
1456,13:02:04,7.33,0.0,5,3665,卖盘
1457,13:02:09,7.33,0.0,1,733,卖盘
1458,13:02:15,7.33,0.0,4,2932,卖盘
1459,13:02:30,7.33,0.0,1,733,卖盘
1460,13:02:33,7.33,0.0,1,733,卖盘
1461,13:02:36,7.33,0.0,1,733,卖盘
1462,13:02:48,7.33,0.0,4,2932,卖盘
1463,13:02:54,7.33,0.0,1,733,卖盘
1464,13:02:57,7.33,0.0,2,1466,卖盘
1465,13:03:06,7.33,0.0,3,2199,卖盘
1466,13:03:12,7.33,0.0,1,733,卖盘
1467,13:03:24,7.33,0.0,6,4401,卖盘
1468,13:03:28,7.33,0.0,11,8063,卖盘
1469,13:03:33,7.33,0.0,5,3665,卖盘
1470,13:03:45,7.34,0.01,48,35226,买盘
1471,13:03:48,7.33,-0.01,8,5864,卖盘
1472,13:03:54,7.33,0.0,1,733,卖盘
1473,13:03:57,7.34,0.01,47,34498,买盘
1474,13:04:04,7.34,0.0,25,18350,买盘
1475,13:04:06,7.34,0.0,7,5138,卖盘
1476,13:04:09,7.34,0.0,48,35232,卖盘
1477,13:04:12,7.33,-0.01,3,2199,卖盘
1478,13:04:15,7.34,0.01,2,1468,买盘
1479,13:04:18,7.33,-0.01,2,1466,卖盘
1480,13:04:24,7.34,0.01,30,22020,买盘
1481,13:04:30,7.33,-0.01,2,1466,卖盘
1482,13:04:33,7.33,0.0,1,733,卖盘
1483,13:04:39,7.33,0.0,38,27854,卖盘
1484,13:04:42,7.33,0.0,1,733,卖盘
1485,13:04:54,7.33,0.0,1,733,卖盘
1486,13:05:09,7.33,0.0,1,733,卖盘
1487,13:05:18,7.33,0.0,1,733,卖盘
1488,13:05:24,7.33,0.0,3,2199,卖盘
1489,13:05:27,7.33,0.0,4,2932,卖盘
1490,13:05:30,7.33,0.0,3,2199,卖盘
1491,13:05:36,7.33,0.0,2,1466,卖盘
1492,13:05:45,7.33,0.0,1,733,卖盘
1493,13:05:48,7.35,0.02,41,30113,买盘
1494,13:05:57,7.33,-0.02,6,4398,卖盘
1495,13:06:00,7.34,0.01,2,1468,中性盘
1496,13:06:04,7.34,0.0,8,5872,卖盘
1497,13:06:06,7.33,-0.01,1,733,卖盘
1498,13:06:09,7.35,0.02,44,32312,买盘
1499,13:06:12,7.35,0.0,3,2205,买盘
1500,13:06:21,7.33,-0.02,1,733,卖盘
1501,13:06:24,7.33,0.0,1,733,卖盘
1502,13:06:30,7.33,0.0,100,73300,卖盘
1503,13:06:36,7.33,0.0,1,733,卖盘
1504,13:06:45,7.33,0.0,1,733,卖盘
1505,13:06:48,7.33,0.0,2,1466,卖盘
1506,13:06:54,7.34,0.01,14,10275,买盘
1507,13:06:57,7.33,-0.01,31,22750,卖盘
1508,13:07:00,7.33,0.0,2,1466,卖盘
1509,13:07:04,7.33,0.0,1,733,卖盘
1510,13:07:12,7.33,0.0,2,1466,卖盘
1511,13:07:15,7.33,0.0,2,1466,卖盘
1512,13:07:21,7.34,0.01,11,8074,买盘
1513,13:07:27,7.33,-0.01,3,2199,卖盘
1514,13:07:33,7.34,0.01,18,13212,买盘
1515,13:07:36,7.34,0.0,2,1468,卖盘
1516,13:07:39,7.33,-0.01,3,2199,卖盘
1517,13:07:45,7.34,0.01,2,1468,买盘
1518,13:07:48,7.34,0.0,47,34498,买盘
1519,13:07:54,7.34,0.0,13,9542,买盘
1520,13:07:58,7.35,0.01,41,30113,买盘
1521,13:08:06,7.33,-0.02,2,1466,卖盘
1522,13:08:09,7.33,0.0,12,8796,卖盘
1523,13:08:12,7.33,0.0,1,733,卖盘
1524,13:08:21,7.33,0.0,1,733,卖盘
1525,13:08:36,7.33,0.0,13,9529,卖盘
1526,13:08:39,7.33,0.0,1,733,卖盘
1527,13:08:45,7.33,0.0,5,3665,卖盘
1528,13:08:48,7.33,0.0,2,1466,卖盘
1529,13:08:57,7.33,0.0,1,733,卖盘
1530,13:09:00,7.33,0.0,3,2199,卖盘
1531,13:09:03,7.35,0.02,1,735,买盘
1532,13:09:06,7.33,-0.02,5,3665,卖盘
1533,13:09:15,7.33,0.0,2,1466,卖盘
1534,13:09:36,7.34,0.01,73,53582,买盘
1535,13:09:42,7.34,0.0,1,734,卖盘
1536,13:09:51,7.34,0.0,1,734,卖盘
1537,13:09:54,7.35,0.01,45,33075,买盘
1538,13:09:57,7.34,-0.01,3,2202,卖盘
1539,13:10:00,7.34,0.0,1,734,卖盘
1540,13:10:03,7.34,0.0,3,2202,卖盘
1541,13:10:06,7.35,0.01,43,31605,买盘
1542,13:10:12,7.34,-0.01,2,1468,卖盘
1543,13:10:18,7.34,0.0,10,7340,卖盘
1544,13:10:21,7.34,0.0,4,2936,卖盘
1545,13:10:27,7.34,0.0,6,4404,卖盘
1546,13:10:36,7.34,0.0,9,6606,卖盘
1547,13:10:39,7.34,0.0,1,734,卖盘
1548,13:10:42,7.33,-0.01,1,733,卖盘
1549,13:10:51,7.34,0.01,10,7340,买盘
1550,13:10:54,7.33,-0.01,1,733,卖盘
1551,13:10:57,7.33,0.0,3,2199,卖盘
1552,13:11:04,7.33,0.0,2,1466,卖盘
1553,13:11:15,7.33,0.0,1,733,卖盘
1554,13:11:18,7.33,0.0,1,733,卖盘
1555,13:11:21,7.33,0.0,11,8063,卖盘
1556,13:11:36,7.33,0.0,1,733,卖盘
1557,13:11:39,7.33,0.0,1,733,卖盘
1558,13:11:54,7.35,0.02,47,34524,买盘
1559,13:11:57,7.33,-0.02,274,200842,卖盘
1560,13:12:00,7.33,0.0,9,6597,买盘
1561,13:12:04,7.33,0.0,45,32981,买盘
1562,13:12:18,7.32,-0.01,4,2928,卖盘
1563,13:12:21,7.32,0.0,2,1464,卖盘
1564,13:12:27,7.32,0.0,17,12444,卖盘
1565,13:12:30,7.32,0.0,6,4392,卖盘
1566,13:12:39,7.32,0.0,17,12444,卖盘
1567,13:12:42,7.32,0.0,6,4395,卖盘
1568,13:12:45,7.32,0.0,17,12444,卖盘
1569,13:12:48,7.32,0.0,1,732,卖盘
1570,13:13:18,7.32,0.0,1,732,卖盘
1571,13:13:24,7.32,0.0,6,4393,卖盘
1572,13:13:27,7.33,0.01,20,14645,买盘
1573,13:13:39,7.32,-0.01,10,7320,卖盘
1574,13:13:42,7.32,0.0,4,2928,卖盘
1575,13:13:45,7.32,0.0,1,732,卖盘
1576,13:13:54,7.33,0.01,7,5131,买盘
1577,13:13:57,7.33,0.0,7,5129,买盘
1578,13:14:00,7.33,0.0,44,32252,买盘
1579,13:14:06,7.32,-0.01,4,2928,卖盘
1580,13:14:15,7.33,0.01,4,2932,买盘
1581,13:14:21,7.34,0.01,43,31533,买盘
1582,13:14:24,7.32,-0.02,1,732,卖盘
1583,13:14:39,7.32,0.0,19,13998,卖盘
1584,13:14:42,7.32,0.0,2,1464,卖盘
1585,13:14:48,7.33,0.01,3,2198,买盘
1586,13:15:15,7.32,-0.01,1,732,卖盘
1587,13:15:18,7.32,0.0,4,2928,卖盘
1588,13:15:28,7.32,0.0,5,3664,卖盘
1589,13:15:30,7.32,0.0,2,1464,卖盘
1590,13:15:39,7.32,0.0,4,2928,卖盘
1591,13:15:54,7.33,0.01,12,8796,买盘
1592,13:16:10,7.33,0.0,5,3664,买盘
1593,13:16:15,7.34,0.01,48,35225,买盘
1594,13:16:18,7.34,0.0,39,28810,买盘
1595,13:16:21,7.34,0.0,7,4954,卖盘
1596,13:16:24,7.33,-0.01,2,1466,卖盘
1597,13:16:33,7.33,0.0,1,733,卖盘
1598,13:16:39,7.32,-0.01,22,16125,卖盘
1599,13:16:42,7.34,0.02,1,734,买盘
1600,13:16:48,7.34,0.0,1,734,买盘
1601,13:16:51,7.33,-0.01,12,8796,卖盘
1602,13:16:54,7.33,0.0,22,16126,卖盘
1603,13:17:00,7.33,0.0,4,2932,卖盘
1604,13:17:04,7.34,0.01,10,7340,买盘
1605,13:17:09,7.33,-0.01,1,733,卖盘
1606,13:17:22,7.33,0.0,24,17593,卖盘
1607,13:17:24,7.33,0.0,1,733,卖盘
1608,13:17:45,7.33,0.0,2,1466,卖盘
1609,13:17:51,7.33,0.0,1,733,卖盘
1610,13:17:54,7.33,0.0,22,16144,卖盘
1611,13:18:04,7.34,0.01,49,35966,买盘
1612,13:18:21,7.33,-0.01,40,29359,卖盘
1613,13:18:24,7.33,0.0,1,733,卖盘
1614,13:18:30,7.34,0.01,10,7340,买盘
1615,13:18:36,7.34,0.0,22,16133,买盘
1616,13:18:48,7.33,-0.01,9,6601,卖盘
1617,13:18:58,7.34,0.01,3,2202,买盘
1618,13:19:01,7.33,-0.01,7,5131,卖盘
1619,13:19:09,7.34,0.01,6,4404,买盘
1620,13:19:12,7.33,-0.01,1,733,卖盘
1621,13:19:15,7.33,0.0,2,1466,卖盘
1622,13:19:18,7.34,0.01,9,6606,买盘
1623,13:19:27,7.34,0.0,6,4404,买盘
1624,13:19:39,7.34,0.0,12,8807,买盘
1625,13:19:48,7.34,0.0,4,2935,买盘
1626,13:19:57,7.34,0.0,1,734,买盘
1627,13:20:09,7.33,-0.01,69,50645,卖盘
1628,13:20:12,7.33,0.0,10,7330,卖盘
1629,13:20:15,7.33,0.0,1,733,卖盘
1630,13:20:18,7.34,0.01,2,1468,买盘
1631,13:20:21,7.34,0.0,10,7335,买盘
1632,13:20:36,7.34,0.0,39,28625,买盘
1633,13:20:42,7.35,0.01,40,29399,买盘
1634,13:20:58,7.34,-0.01,1,734,卖盘
1635,13:21:06,7.34,0.0,14,10276,卖盘
1636,13:21:13,7.34,0.0,7,5138,卖盘
1637,13:21:16,7.35,0.01,21,15435,买盘
1638,13:21:18,7.34,-0.01,20,14680,卖盘
1639,13:21:27,7.34,0.0,1,734,卖盘
1640,13:21:33,7.34,0.0,78,57252,卖盘
1641,13:21:39,7.34,0.0,1,734,卖盘
1642,13:21:57,7.34,0.0,3,2202,卖盘
1643,13:22:00,7.34,0.0,21,15414,卖盘
1644,13:22:04,7.34,0.0,11,8074,卖盘
1645,13:22:06,7.34,0.0,4,2936,卖盘
1646,13:22:16,7.34,0.0,43,31562,买盘
1647,13:22:40,7.34,0.0,44,32296,买盘
1648,13:22:57,7.34,0.0,1,734,买盘
1649,13:23:00,7.33,-0.01,47,34451,卖盘
1650,13:23:21,7.33,0.0,10,7331,卖盘
1651,13:23:24,7.34,0.01,6,4404,买盘
1652,13:23:42,7.33,-0.01,18,13194,卖盘
1653,13:23:52,7.33,0.0,4,2932,卖盘
1654,13:23:57,7.34,0.01,20,14680,买盘
1655,13:24:12,7.34,0.0,48,35232,买盘
1656,13:24:15,7.34,0.0,40,29360,买盘
1657,13:24:24,7.34,0.0,10,7340,买盘
1658,13:24:45,7.33,-0.01,61,44771,卖盘
1659,13:24:51,7.34,0.01,33,24222,买盘
1660,13:25:00,7.34,0.0,37,27158,买盘
1661,13:25:03,7.34,0.0,9,6606,买盘
1662,13:25:06,7.34,0.0,15,11010,买盘
1663,13:25:12,7.34,0.0,20,14670,买盘
1664,13:25:15,7.34,0.0,15,11010,买盘
1665,13:25:18,7.33,-0.01,5,3665,卖盘
1666,13:25:34,7.33,0.0,8,5864,卖盘
1667,13:25:37,7.35,0.02,10,7350,买盘
1668,13:25:39,7.35,0.0,3,2205,买盘
1669,13:25:42,7.34,-0.01,15,11010,卖盘
1670,13:25:45,7.34,0.0,9,6606,卖盘
1671,13:25:48,7.34,0.0,5,3670,买盘
1672,13:25:55,7.33,-0.01,4,2932,卖盘
1673,13:25:58,7.33,0.0,9,6597,卖盘
1674,13:26:00,7.34,0.01,34,24956,买盘
1675,13:26:09,7.34,0.0,8,5872,买盘
1676,13:26:15,7.35,0.01,42,30851,买盘
1677,13:26:27,7.35,0.0,40,29396,买盘
1678,13:26:36,7.35,0.0,6,4410,买盘
1679,13:26:48,7.34,-0.01,10,7340,中性盘
1680,13:26:54,7.33,-0.01,1,733,卖盘
1681,13:27:06,7.33,0.0,4,2932,卖盘
1682,13:27:33,7.34,0.01,1,734,买盘
1683,13:27:42,7.33,-0.01,7,5133,卖盘
1684,13:27:52,7.33,0.0,25,18325,卖盘
1685,13:27:55,7.33,0.0,43,31519,卖盘
1686,13:28:04,7.34,0.01,3,2202,买盘
1687,13:28:06,7.35,0.01,45,33066,买盘
1688,13:28:19,7.35,0.0,2,1470,买盘
1689,13:28:24,7.34,-0.01,8,5872,卖盘
1690,13:28:27,7.35,0.01,43,31589,买盘
1691,13:28:36,7.34,-0.01,2,1468,卖盘
1692,13:28:39,7.34,0.0,1,734,卖盘
1693,13:28:42,7.34,0.0,15,11010,卖盘
1694,13:28:49,7.33,-0.01,14,10262,卖盘
1695,13:29:00,7.34,0.01,18,13212,买盘
1696,13:29:06,7.34,0.0,66,48444,卖盘
1697,13:29:24,7.34,0.0,12,8808,买盘
1698,13:29:34,7.34,0.0,20,14680,买盘
1699,13:29:48,7.33,-0.01,50,36650,卖盘
1700,13:29:51,7.34,0.01,5,3670,买盘
1701,13:29:54,7.34,0.0,24,17610,买盘
1702,13:30:01,7.34,0.0,49,35966,买盘
1703,13:30:04,7.34,0.0,41,30093,买盘
1704,13:30:09,7.34,0.0,5,3670,买盘
1705,13:30:21,7.34,0.0,14,10272,买盘
1706,13:30:24,7.33,-0.01,7,5131,卖盘
1707,13:30:30,7.34,0.01,5,3670,买盘
1708,13:30:51,7.34,0.0,4,2936,买盘
1709,13:31:06,7.34,0.0,8,5872,买盘
1710,13:31:27,7.34,0.0,19,13935,买盘
1711,13:31:33,7.34,0.0,49,35966,买盘
1712,13:31:42,7.33,-0.01,1,733,卖盘
1713,13:32:04,7.33,0.0,61,44767,卖盘
1714,13:32:06,7.33,0.0,4,2932,卖盘
1715,13:32:09,7.34,0.01,10,7340,买盘
1716,13:32:12,7.34,0.0,16,11744,买盘
1717,13:32:15,7.34,0.0,8,5872,买盘
1718,13:32:30,7.35,0.01,44,32310,买盘
1719,13:32:51,7.35,0.0,4,2940,买盘
1720,13:33:07,7.35,0.0,17,12495,买盘
1721,13:33:18,7.35,0.0,5,3675,买盘
1722,13:33:21,7.34,-0.01,1,734,卖盘
1723,13:33:42,7.34,0.0,4,2936,卖盘
1724,13:33:45,7.34,0.0,1,734,卖盘
1725,13:33:48,7.34,0.0,5,3670,卖盘
1726,13:33:51,7.34,0.0,16,11744,卖盘
1727,13:33:55,7.35,0.01,17,12486,买盘
1728,13:34:01,7.34,-0.01,2,1468,卖盘
1729,13:34:04,7.34,0.0,2,1468,卖盘
1730,13:34:06,7.34,0.0,1,734,卖盘
1731,13:34:12,7.34,0.0,2,1468,卖盘
1732,13:34:15,7.34,0.0,7,5138,卖盘
1733,13:34:18,7.35,0.01,12,8813,买盘
1734,13:34:21,7.35,0.0,46,33810,买盘
1735,13:34:31,7.34,-0.01,15,11010,卖盘
1736,13:34:36,7.34,0.0,2,1468,卖盘
1737,13:34:42,7.34,0.0,11,8074,买盘
1738,13:34:45,7.35,0.01,42,30870,买盘
1739,13:35:06,7.35,0.0,2,1470,买盘
1740,13:35:18,7.34,-0.01,4,2936,卖盘
1741,13:35:24,7.34,0.0,3,2202,卖盘
1742,13:35:27,7.34,0.0,73,53582,卖盘
1743,13:35:48,7.34,0.0,7,5138,买盘
1744,13:35:57,7.33,-0.01,3,2199,卖盘
1745,13:36:06,7.34,0.01,12,8808,买盘
1746,13:36:09,7.33,-0.01,209,153747,卖盘
1747,13:36:15,7.34,0.01,17,12478,买盘
1748,13:36:24,7.33,-0.01,11,8066,卖盘
1749,13:36:27,7.33,0.0,53,38918,卖盘
1750,13:36:33,7.35,0.02,1,735,买盘
1751,13:36:36,7.35,0.0,45,33075,买盘
1752,13:36:54,7.35,0.0,1,735,买盘
1753,13:37:06,7.34,-0.01,4,2936,卖盘
1754,13:37:55,7.34,0.0,20,14680,卖盘
1755,13:37:58,7.34,0.0,34,24956,卖盘
1756,13:38:04,7.35,0.01,42,30870,买盘
1757,13:38:15,7.34,-0.01,13,9542,卖盘
1758,13:38:30,7.35,0.01,46,33810,买盘
1759,13:38:33,7.34,-0.01,7,5138,卖盘
1760,13:38:45,7.34,0.0,5,3670,卖盘
1761,13:38:48,7.35,0.01,2,1470,买盘
1762,13:39:04,7.35,0.0,10,7350,买盘
1763,13:39:07,7.35,0.0,5,3675,买盘
1764,13:39:09,7.34,-0.01,2,1468,卖盘
1765,13:39:27,7.34,0.0,10,7340,卖盘
1766,13:39:45,7.35,0.01,18,13230,买盘
1767,13:39:48,7.35,0.0,16,11760,买盘
1768,13:39:54,7.34,-0.01,1,734,卖盘
1769,13:40:06,7.34,0.0,4,2936,卖盘
1770,13:40:12,7.35,0.01,42,30870,买盘
1771,13:40:15,7.35,0.0,2,1470,买盘
1772,13:40:21,7.35,0.0,45,33075,买盘
1773,13:40:27,7.34,-0.01,4,2936,卖盘
1774,13:40:30,7.35,0.01,20,14700,买盘
1775,13:40:36,7.35,0.0,1,735,买盘
1776,13:40:42,7.35,0.0,6,4405,买盘
1777,13:40:45,7.35,0.0,8,5880,买盘
1778,13:40:51,7.35,0.0,5,3675,买盘
1779,13:41:30,7.35,0.0,15,11025,买盘
1780,13:41:42,7.35,0.0,24,17640,买盘
1781,13:41:51,7.35,0.0,20,14700,买盘
1782,13:42:00,7.34,-0.01,4,2936,卖盘
1783,13:42:18,7.36,0.02,42,30890,买盘
1784,13:42:27,7.36,0.0,43,31648,买盘
1785,13:42:30,7.36,0.0,4,2944,买盘
1786,13:42:39,7.35,-0.01,3,2205,买盘
1787,13:42:54,7.34,-0.01,9,6606,卖盘
1788,13:43:01,7.34,0.0,48,35232,卖盘
1789,13:43:18,7.34,0.0,1,734,卖盘
1790,13:43:27,7.35,0.01,5,3675,买盘
1791,13:43:30,7.34,-0.01,20,14680,卖盘
1792,13:43:36,7.35,0.01,45,33075,买盘
1793,13:43:39,7.34,-0.01,289,212126,卖盘
1794,13:43:42,7.34,0.0,5,3670,卖盘
1795,13:43:45,7.35,0.01,76,55860,买盘
1796,13:43:48,7.34,-0.01,36,26428,卖盘
1797,13:43:51,7.35,0.01,43,31605,买盘
1798,13:43:54,7.35,0.0,56,41160,买盘
1799,13:43:57,7.35,0.0,1,735,买盘
1800,13:44:04,7.35,0.0,10,7350,买盘
1801,13:44:18,7.35,0.0,3,2205,买盘
1802,13:44:27,7.35,0.0,20,14700,买盘
1803,13:44:30,7.34,-0.01,3,2202,卖盘
1804,13:45:00,7.34,0.0,3,2202,卖盘
1805,13:45:04,7.34,0.0,8,5872,卖盘
1806,13:45:12,7.34,0.0,38,27892,卖盘
1807,13:45:24,7.34,0.0,4,2936,卖盘
1808,13:45:30,7.34,0.0,3,2202,卖盘
1809,13:45:39,7.35,0.01,42,30870,买盘
1810,13:45:48,7.35,0.0,41,30135,买盘
1811,13:46:00,7.34,-0.01,3,2202,卖盘
1812,13:46:12,7.35,0.01,5,3675,买盘
1813,13:46:21,7.34,-0.01,12,8808,卖盘
1814,13:46:30,7.34,0.0,3,2202,卖盘
1815,13:46:48,7.35,0.01,2,1470,买盘
1816,13:46:57,7.35,0.0,45,33035,买盘
1817,13:47:00,7.34,-0.01,3,2202,卖盘
1818,13:47:09,7.34,0.0,4,2936,卖盘
1819,13:47:16,7.34,0.0,7,5138,卖盘
1820,13:47:27,7.34,0.0,20,14680,卖盘
1821,13:47:30,7.34,0.0,3,2202,卖盘
1822,13:47:33,7.34,0.0,30,22020,卖盘
1823,13:47:36,7.35,0.01,44,32340,买盘
1824,13:47:39,7.34,-0.01,2,1468,卖盘
1825,13:47:42,7.35,0.01,8,5880,买盘
1826,13:47:51,7.35,0.0,9,6615,买盘
1827,13:48:00,7.34,-0.01,47,34542,卖盘
1828,13:48:04,7.35,0.01,1,735,买盘
1829,13:48:15,7.35,0.0,60,44060,买盘
1830,13:48:30,7.34,-0.01,3,2202,卖盘
1831,13:48:42,7.34,0.0,5,3670,卖盘
1832,13:48:48,7.34,0.0,4,2938,卖盘
1833,13:48:57,7.34,0.0,16,11744,卖盘
1834,13:49:00,7.34,0.0,3,2202,卖盘
1835,13:49:06,7.35,0.01,1,735,买盘
1836,13:49:24,7.34,-0.01,6,4404,卖盘
1837,13:49:30,7.34,0.0,3,2202,卖盘
1838,13:49:45,7.35,0.01,43,31605,买盘
1839,13:49:51,7.34,-0.01,40,29360,卖盘
1840,13:49:57,7.35,0.01,41,30135,买盘
1841,13:50:00,7.34,-0.01,4,2937,卖盘
1842,13:50:04,7.34,0.0,16,11744,卖盘
1843,13:50:06,7.34,0.0,3,2202,卖盘
1844,13:50:12,7.35,0.01,4,2940,买盘
1845,13:50:21,7.34,-0.01,4,2936,卖盘
1846,13:50:31,7.34,0.0,3,2202,卖盘
1847,13:51:00,7.34,0.0,3,2202,卖盘
1848,13:51:06,7.35,0.01,9,6615,买盘
1849,13:51:27,7.35,0.0,1,735,买盘
1850,13:51:33,7.34,-0.01,3,2202,卖盘
1851,13:51:36,7.34,0.0,6,4404,卖盘
1852,13:51:39,7.36,0.02,46,33821,买盘
1853,13:51:45,7.36,0.0,42,30912,买盘
1854,13:52:00,7.35,-0.01,1,735,买盘
1855,13:52:04,7.34,-0.01,3,2202,卖盘
1856,13:52:24,7.35,0.01,3,2205,买盘
1857,13:52:33,7.34,-0.01,2,1468,卖盘
1858,13:52:42,7.34,0.0,10,7340,卖盘
1859,13:52:48,7.35,0.01,10,7350,买盘
1860,13:52:54,7.35,0.0,5,3675,买盘
1861,13:52:57,7.34,-0.01,69,50646,卖盘
1862,13:53:09,7.34,0.0,3,2202,卖盘
1863,13:53:15,7.34,0.0,40,29360,卖盘
1864,13:53:24,7.35,0.01,1,735,买盘
1865,13:53:36,7.35,0.0,10,7350,买盘
1866,13:53:42,7.36,0.01,43,31648,买盘
1867,13:53:45,7.34,-0.02,7,5138,卖盘
1868,13:53:51,7.35,0.01,5,3675,买盘
1869,13:53:57,7.36,0.01,43,31638,买盘
1870,13:54:00,7.36,0.0,2,1472,买盘
1871,13:54:21,7.35,-0.01,2,1470,买盘
1872,13:54:24,7.35,0.0,2,1470,买盘
1873,13:54:54,7.35,0.0,38,27912,买盘
1874,13:55:01,7.35,0.0,1,735,买盘
1875,13:55:27,7.35,0.0,7,5145,买盘
1876,13:55:39,7.34,-0.01,40,29360,卖盘
1877,13:55:42,7.35,0.01,84,61740,买盘
1878,13:55:51,7.35,0.0,10,7350,卖盘
1879,13:55:54,7.35,0.0,22,16170,买盘
1880,13:55:58,7.36,0.01,69,50758,买盘
1881,13:56:00,7.35,-0.01,2,1470,卖盘
1882,13:56:04,7.36,0.01,40,29424,买盘
1883,13:56:06,7.34,-0.02,4,2936,卖盘
1884,13:56:18,7.35,0.01,5,3675,买盘
1885,13:56:54,7.35,0.0,1,735,买盘
1886,13:57:21,7.35,0.0,5,3675,买盘
1887,13:57:30,7.36,0.01,45,33094,买盘
1888,13:57:39,7.36,0.0,56,41216,买盘
1889,13:57:45,7.36,0.0,9,6624,买盘
1890,13:57:57,7.36,0.0,41,30176,买盘
1891,13:58:06,7.35,-0.01,7,5145,卖盘
1892,13:58:36,7.36,0.01,10,7360,买盘
1893,13:58:42,7.35,-0.01,19,13965,卖盘
1894,13:59:04,7.35,0.0,13,9555,卖盘
1895,13:59:06,7.35,0.0,4,2940,卖盘
1896,13:59:09,7.35,0.0,1,735,卖盘
1897,13:59:30,7.35,0.0,2,1469,买盘
1898,13:59:33,7.34,-0.01,40,29360,卖盘
1899,13:59:57,7.34,0.0,3,2202,卖盘
1900,14:00:00,7.34,0.0,48,35279,卖盘
1901,14:00:04,7.36,0.02,8,5885,买盘
1902,14:00:15,7.34,-0.02,9,6606,卖盘
1903,14:00:19,7.34,0.0,1,734,卖盘
1904,14:00:21,7.36,0.02,2,1471,买盘
1905,14:00:24,7.35,-0.01,41,30135,买盘
1906,14:00:43,7.35,0.0,5,3675,买盘
1907,14:00:57,7.35,0.0,7,5145,买盘
1908,14:01:00,7.35,0.0,11,8085,买盘
1909,14:01:03,7.34,-0.01,8,5872,卖盘
1910,14:01:27,7.34,0.0,5,3670,卖盘
1911,14:01:30,7.35,0.01,12,8820,买盘
1912,14:01:33,7.35,0.0,12,8820,买盘
1913,14:01:36,7.35,0.0,12,8820,买盘
1914,14:01:42,7.35,0.0,12,8820,买盘
1915,14:01:45,7.36,0.01,45,33103,买盘
1916,14:01:48,7.35,-0.01,4,2940,中性盘
1917,14:01:51,7.36,0.01,9,6624,买盘
1918,14:01:57,7.36,0.0,7,5147,买盘
1919,14:02:00,7.34,-0.02,7,5141,卖盘
1920,14:02:06,7.36,0.02,43,31648,买盘
1921,14:02:15,7.36,0.0,1,736,买盘
1922,14:02:27,7.34,-0.02,7,5138,卖盘
1923,14:02:33,7.34,0.0,12,8808,卖盘
1924,14:02:45,7.35,0.01,1,735,买盘
1925,14:02:57,7.34,-0.01,1,734,卖盘
1926,14:03:00,7.35,0.01,4,2940,买盘
1927,14:03:04,7.34,-0.01,13,9542,卖盘
1928,14:03:06,7.34,0.0,11,8074,卖盘
1929,14:03:09,7.35,0.01,1,735,买盘
1930,14:03:27,7.35,0.0,1,735,买盘
1931,14:03:30,7.35,0.0,9,6615,买盘
1932,14:03:33,7.34,-0.01,18,13214,卖盘
1933,14:03:36,7.35,0.01,4,2940,买盘
1934,14:03:45,7.36,0.01,49,36020,买盘
1935,14:03:51,7.35,-0.01,3,2205,买盘
1936,14:04:04,7.34,-0.01,66,48538,卖盘
1937,14:04:07,7.35,0.01,2,1470,中性盘
1938,14:04:09,7.35,0.0,48,35280,卖盘
1939,14:04:12,7.35,0.0,32,23520,买盘
1940,14:04:15,7.35,0.0,10,7350,买盘
1941,14:04:21,7.35,0.0,5,3675,买盘
1942,14:04:33,7.34,-0.01,12,8808,卖盘
1943,14:04:36,7.34,0.0,9,6607,卖盘
1944,14:04:42,7.35,0.01,1,735,买盘
1945,14:04:57,7.34,-0.01,13,9542,卖盘
1946,14:05:04,7.35,0.01,20,14687,买盘
1947,14:05:09,7.35,0.0,1,735,买盘
1948,14:05:15,7.35,0.0,4,2940,买盘
1949,14:05:21,7.35,0.0,10,7350,买盘
1950,14:05:30,7.35,0.0,15,11025,买盘
1951,14:05:33,7.34,-0.01,13,9542,卖盘
1952,14:05:42,7.35,0.01,45,33075,买盘
1953,14:06:06,7.34,-0.01,54,39714,卖盘
1954,14:06:09,7.36,0.02,1,736,买盘
1955,14:06:18,7.35,-0.01,1,735,买盘
1956,14:06:24,7.35,0.0,5,3675,买盘
1957,14:06:36,7.34,-0.01,53,38902,卖盘
1958,14:06:48,7.34,0.0,6,4404,卖盘
1959,14:06:51,7.35,0.01,1,735,买盘
1960,14:06:58,7.35,0.0,1,735,买盘
1961,14:07:00,7.34,-0.01,1,734,卖盘
1962,14:07:04,7.34,0.0,29,21290,卖盘
1963,14:07:16,7.35,0.01,20,14700,买盘
1964,14:07:21,7.35,0.0,1,735,买盘
1965,14:07:48,7.36,0.01,49,36023,买盘
1966,14:07:55,7.35,-0.01,39,28665,买盘
1967,14:07:58,7.35,0.0,1,735,买盘
1968,14:08:00,7.35,0.0,3,2205,卖盘
1969,14:08:06,7.35,0.0,1,735,买盘
1970,14:08:09,7.35,0.0,11,8085,买盘
1971,14:08:12,7.35,0.0,1,735,买盘
1972,14:08:21,7.34,-0.01,40,29360,卖盘
1973,14:08:57,7.35,0.01,8,5873,买盘
1974,14:09:04,7.34,-0.01,3,2202,卖盘
1975,14:09:12,7.34,0.0,95,69730,卖盘
1976,14:09:15,7.34,0.0,5,3670,卖盘
1977,14:09:18,7.34,0.0,28,20552,卖盘
1978,14:09:21,7.34,0.0,19,13946,卖盘
1979,14:09:33,7.33,-0.01,3,2199,卖盘
1980,14:09:39,7.34,0.01,1,734,买盘
1981,14:09:45,7.34,0.0,45,33030,买盘
1982,14:09:48,7.33,-0.01,15,10995,卖盘
1983,14:09:51,7.34,0.01,55,40358,买盘
1984,14:09:54,7.33,-0.01,13,9529,卖盘
1985,14:10:09,7.34,0.01,25,18350,买盘
1986,14:10:21,7.33,-0.01,13,9529,卖盘
1987,14:10:39,7.34,0.01,1,734,买盘
1988,14:10:45,7.33,-0.01,1,733,卖盘
1989,14:10:51,7.33,0.0,13,9529,卖盘
1990,14:10:54,7.33,0.0,17,12461,卖盘
1991,14:10:57,7.33,0.0,1,733,卖盘
1992,14:11:06,7.33,0.0,9,6597,卖盘
1993,14:11:15,7.33,0.0,27,19791,卖盘
1994,14:11:21,7.33,0.0,26,19058,卖盘
1995,14:11:36,7.34,0.01,4,2936,买盘
1996,14:11:39,7.34,0.0,6,4404,买盘
1997,14:11:48,7.34,0.0,52,38165,买盘
1998,14:11:51,7.33,-0.01,24,17592,卖盘
1999,14:11:55,7.34,0.01,42,30461,买盘
2000,14:12:01,7.35,0.01,1,735,买盘
2001,14:12:21,7.34,-0.01,26,19084,卖盘
2002,14:12:24,7.34,0.0,121,88814,卖盘
2003,14:12:27,7.35,0.01,13,9920,买盘
2004,14:12:30,7.34,-0.01,6,4404,卖盘
2005,14:12:45,7.34,0.0,8,5872,买盘
2006,14:12:52,7.33,-0.01,26,19058,卖盘
2007,14:13:12,7.33,0.0,5,3665,卖盘
2008,14:13:15,7.34,0.01,1,734,买盘
2009,14:13:18,7.33,-0.01,95,69635,卖盘
2010,14:13:21,7.34,0.01,30,21995,买盘
2011,14:13:42,7.34,0.0,18,13212,买盘
2012,14:13:48,7.33,-0.01,24,17604,卖盘
2013,14:13:52,7.33,0.0,72,52823,卖盘
2014,14:13:54,7.34,0.01,12,8808,买盘
2015,14:14:04,7.35,0.01,41,30109,买盘
2016,14:14:12,7.35,0.0,1,735,买盘
2017,14:14:18,7.33,-0.02,13,9529,卖盘
2018,14:14:21,7.33,0.0,13,9529,卖盘
2019,14:14:33,7.33,0.0,3,2199,卖盘
2020,14:14:37,7.35,0.02,13,9555,买盘
2021,14:14:42,7.35,0.0,1,735,买盘
2022,14:14:45,7.35,0.0,25,18375,买盘
2023,14:14:48,7.33,-0.02,14,10264,卖盘
2024,14:14:51,7.33,0.0,13,9529,卖盘
2025,14:15:04,7.35,0.02,18,13230,买盘
2026,14:15:12,7.34,-0.01,1,734,卖盘
2027,14:15:18,7.33,-0.01,13,9529,卖盘
2028,14:15:21,7.33,0.0,13,9530,卖盘
2029,14:15:24,7.33,0.0,2,1466,卖盘
2030,14:15:27,7.33,0.0,19,13939,卖盘
2031,14:15:33,7.34,0.01,9,6606,买盘
2032,14:15:36,7.35,0.01,30,22050,买盘
2033,14:15:39,7.35,0.0,3,2205,买盘
2034,14:15:52,7.35,0.0,37,27170,买盘
2035,14:15:54,7.35,0.0,46,33810,买盘
2036,14:16:00,7.35,0.0,43,31605,买盘
2037,14:16:06,7.33,-0.02,76,55721,卖盘
2038,14:16:10,7.35,0.02,100,73500,买盘
2039,14:16:21,7.33,-0.02,14,10262,卖盘
2040,14:16:30,7.35,0.02,1,735,买盘
2041,14:16:33,7.35,0.0,12,8820,买盘
2042,14:16:45,7.35,0.0,1,735,买盘
2043,14:16:48,7.33,-0.02,25,18349,卖盘
2044,14:16:51,7.35,0.02,12,8820,买盘
2045,14:16:57,7.35,0.0,12,8820,买盘
2046,14:17:15,7.35,0.0,12,8820,买盘
2047,14:17:19,7.33,-0.02,12,8796,卖盘
2048,14:17:30,7.33,0.0,2,1466,卖盘
2049,14:17:39,7.34,0.01,13,9554,卖盘
2050,14:17:45,7.34,0.0,12,8808,买盘
2051,14:17:51,7.33,-0.01,13,9529,卖盘
2052,14:18:03,7.35,0.02,48,35275,买盘
2053,14:18:15,7.36,0.01,8,5881,买盘
2054,14:18:18,7.35,-0.01,12,8820,买盘
2055,14:18:21,7.35,0.0,12,8820,买盘
2056,14:18:24,7.35,0.0,40,29400,买盘
2057,14:18:27,7.35,0.0,1,735,买盘
2058,14:18:30,7.36,0.01,20,14720,买盘
2059,14:18:36,7.36,0.0,12,8832,买盘
2060,14:18:42,7.36,0.0,35,25760,买盘
2061,14:18:45,7.36,0.0,23,16928,买盘
2062,14:18:54,7.36,0.0,12,8832,买盘
2063,14:19:00,7.36,0.0,12,8832,买盘
2064,14:19:21,7.36,0.0,5,3680,买盘
2065,14:19:48,7.35,-0.01,5,3675,卖盘
2066,14:20:00,7.36,0.01,45,33111,买盘
2067,14:20:12,7.35,-0.01,11,8085,卖盘
2068,14:20:18,7.36,0.01,42,30908,买盘
2069,14:20:24,7.36,0.0,3,2206,买盘
2070,14:20:27,7.35,-0.01,3,2205,卖盘
2071,14:20:30,7.35,0.0,7,5145,买盘
2072,14:20:33,7.34,-0.01,67,49178,卖盘
2073,14:20:39,7.36,0.02,11,8088,买盘
2074,14:20:42,7.34,-0.02,12,8808,卖盘
2075,14:20:57,7.36,0.02,2,1472,买盘
2076,14:21:01,7.34,-0.02,2,1468,卖盘
2077,14:21:06,7.36,0.02,21,15441,买盘
2078,14:21:12,7.34,-0.02,13,9542,卖盘
2079,14:21:42,7.34,0.0,13,9542,卖盘
2080,14:21:46,7.34,0.0,1,734,卖盘
2081,14:22:00,7.34,0.0,8,5872,卖盘
2082,14:22:12,7.35,0.01,58,42617,买盘
2083,14:22:27,7.34,-0.01,46,33764,卖盘
2084,14:22:34,7.34,0.0,43,31562,买盘
2085,14:22:36,7.33,-0.01,200,146600,卖盘
2086,14:22:42,7.33,0.0,12,8796,卖盘
2087,14:22:45,7.33,0.0,44,32252,卖盘
2088,14:22:51,7.33,0.0,100,73300,卖盘
2089,14:22:57,7.33,0.0,18,13194,卖盘
2090,14:23:00,7.33,0.0,316,231628,卖盘
2091,14:23:03,7.33,0.0,6,4398,卖盘
2092,14:23:07,7.33,0.0,111,81363,卖盘
2093,14:23:09,7.33,0.0,13,9529,卖盘
2094,14:23:21,7.34,0.01,2,1468,买盘
2095,14:23:30,7.33,-0.01,48,35184,卖盘
2096,14:23:33,7.33,0.0,6,4398,卖盘
2097,14:23:39,7.34,0.01,3,2202,买盘
2098,14:23:42,7.33,-0.01,13,9529,卖盘
2099,14:23:51,7.33,0.0,13,9529,卖盘
2100,14:23:57,7.34,0.01,4,2936,买盘
2101,14:24:09,7.33,-0.01,5,3665,卖盘
2102,14:24:12,7.33,0.0,12,8796,卖盘
2103,14:24:15,7.34,0.01,42,30828,买盘
2104,14:24:18,7.33,-0.01,3,2199,卖盘
2105,14:24:21,7.33,0.0,13,9529,卖盘
2106,14:24:24,7.34,0.01,54,39636,买盘
2107,14:24:30,7.34,0.0,4,2936,买盘
2108,14:24:33,7.34,0.0,12,8808,买盘
2109,14:24:36,7.34,0.0,12,8808,买盘
2110,14:24:42,7.33,-0.01,25,18337,卖盘
2111,14:24:45,7.34,0.01,18,13212,买盘
2112,14:24:51,7.34,0.0,22,16135,买盘
2113,14:24:57,7.34,0.0,10,7340,买盘
2114,14:25:10,7.34,0.0,13,9542,买盘
2115,14:25:21,7.33,-0.01,13,9529,卖盘
2116,14:25:33,7.33,0.0,1,733,卖盘
2117,14:25:36,7.34,0.01,18,13212,买盘
2118,14:25:51,7.33,-0.01,13,9529,卖盘
2119,14:26:00,7.33,0.0,2,1466,卖盘
2120,14:26:09,7.34,0.01,49,35966,买盘
2121,14:26:18,7.33,-0.01,9,6597,卖盘
2122,14:26:22,7.33,0.0,12,8796,卖盘
2123,14:26:30,7.34,0.01,3,2202,买盘
2124,14:26:33,7.34,0.0,39,28626,买盘
2125,14:26:51,7.33,-0.01,13,9529,卖盘
2126,14:27:04,7.34,0.01,1,734,买盘
2127,14:27:15,7.34,0.0,1,734,买盘
2128,14:27:19,7.33,-0.01,1,733,卖盘
2129,14:27:21,7.33,0.0,25,18337,卖盘
2130,14:27:24,7.34,0.01,12,8808,买盘
2131,14:27:33,7.34,0.0,16,11729,买盘
2132,14:27:36,7.33,-0.01,1,733,卖盘
2133,14:27:39,7.34,0.01,1,734,买盘
2134,14:27:42,7.33,-0.01,1,733,卖盘
2135,14:27:45,7.34,0.01,2,1468,买盘
2136,14:27:51,7.33,-0.01,13,9529,卖盘
2137,14:27:54,7.34,0.01,1,734,买盘
2138,14:27:57,7.34,0.0,4,2936,买盘
2139,14:28:00,7.34,0.0,5,3670,买盘
2140,14:28:03,7.34,0.0,48,35232,买盘
2141,14:28:09,7.34,0.0,1,734,买盘
2142,14:28:12,7.34,0.0,136,99824,买盘
2143,14:28:15,7.33,-0.01,9,6597,卖盘
2144,14:28:21,7.33,0.0,15,10995,卖盘
2145,14:28:24,7.34,0.01,1,734,买盘
2146,14:28:30,7.34,0.0,49,35957,买盘
2147,14:28:33,7.34,0.0,20,14680,买盘
2148,14:28:42,7.34,0.0,5,3670,买盘
2149,14:28:54,7.33,-0.01,2,1466,卖盘
2150,14:28:57,7.34,0.01,1,734,买盘
2151,14:29:00,7.34,0.0,2,1468,买盘
2152,14:29:06,7.34,0.0,12,8808,买盘
2153,14:29:15,7.34,0.0,1,734,买盘
2154,14:29:27,7.33,-0.01,19,13927,卖盘
2155,14:29:30,7.33,0.0,24,17592,卖盘
2156,14:29:33,7.33,0.0,60,43980,卖盘
2157,14:29:36,7.33,0.0,27,19791,卖盘
2158,14:29:39,7.34,0.01,14,10265,买盘
2159,14:29:42,7.33,-0.01,20,14660,卖盘
2160,14:29:45,7.33,0.0,37,27121,卖盘
2161,14:29:48,7.33,0.0,34,24299,卖盘
2162,14:29:51,7.33,0.0,54,39795,卖盘
2163,14:29:54,7.33,0.0,85,62305,卖盘
2164,14:29:57,7.33,0.0,22,16126,卖盘
2165,14:30:00,7.33,0.0,20,14660,卖盘
2166,14:30:04,7.33,0.0,18,13194,卖盘
2167,14:30:06,7.33,0.0,17,12461,卖盘
2168,14:30:09,7.33,0.0,92,67436,卖盘
2169,14:30:12,7.32,-0.01,121,88642,卖盘
2170,14:30:15,7.33,0.01,68,49844,买盘
2171,14:30:21,7.33,0.0,5,3665,买盘
2172,14:30:25,7.33,0.0,92,67436,买盘
2173,14:30:28,7.32,-0.01,1,732,卖盘
2174,14:30:39,7.32,0.0,8,5856,卖盘
2175,14:30:45,7.32,0.0,15,10980,卖盘
2176,14:30:51,7.32,0.0,53,38796,卖盘
2177,14:30:57,7.32,0.0,3,2198,卖盘
2178,14:31:04,7.32,0.0,50,36600,卖盘
2179,14:31:12,7.32,0.0,1,732,卖盘
2180,14:31:15,7.32,0.0,1,732,卖盘
2181,14:31:24,7.32,0.0,30,21960,卖盘
2182,14:31:33,7.32,0.0,18,13180,卖盘
2183,14:31:37,7.32,0.0,6,4392,卖盘
2184,14:31:39,7.32,0.0,1,732,卖盘
2185,14:31:57,7.32,0.0,1,732,卖盘
2186,14:32:01,7.32,0.0,52,38064,卖盘
2187,14:32:06,7.33,0.01,42,30786,买盘
2188,14:32:09,7.32,-0.01,30,21960,卖盘
2189,14:32:21,7.32,0.0,10,7320,卖盘
2190,14:32:24,7.32,0.0,4,2928,卖盘
2191,14:32:28,7.32,0.0,223,163413,卖盘
2192,14:32:30,7.31,-0.01,43,31475,卖盘
2193,14:32:39,7.32,0.01,4,2928,买盘
2194,14:32:49,7.31,-0.01,8,5848,卖盘
2195,14:32:52,7.31,0.0,60,43860,卖盘
2196,14:33:04,7.31,0.0,1,731,卖盘
2197,14:33:21,7.31,0.0,47,34387,卖盘
2198,14:33:24,7.31,0.0,53,38743,卖盘
2199,14:33:36,7.32,0.01,12,8784,买盘
2200,14:33:48,7.32,0.0,20,14640,买盘
2201,14:33:57,7.32,0.0,10,7320,买盘
2202,14:34:09,7.32,0.0,48,35136,买盘
2203,14:34:18,7.32,0.0,50,36600,买盘
2204,14:34:21,7.32,0.0,40,29280,买盘
2205,14:34:39,7.32,0.0,6,4392,买盘
2206,14:34:42,7.31,-0.01,2,1462,卖盘
2207,14:34:48,7.31,0.0,1,731,卖盘
2208,14:34:51,7.31,0.0,352,257312,卖盘
2209,14:34:54,7.31,0.0,20,14620,卖盘
2210,14:35:00,7.31,0.0,6,4386,卖盘
2211,14:35:03,7.31,0.0,55,40226,卖盘
2212,14:35:12,7.32,0.01,10,7314,买盘
2213,14:35:18,7.31,-0.01,18,13158,卖盘
2214,14:35:27,7.31,0.0,8,5848,卖盘
2215,14:35:39,7.32,0.01,6,4392,买盘
2216,14:35:48,7.31,-0.01,52,38012,卖盘
2217,14:35:51,7.31,0.0,30,21930,卖盘
2218,14:35:57,7.31,0.0,160,116960,卖盘
2219,14:36:04,7.31,0.0,32,23392,卖盘
2220,14:36:06,7.32,0.01,31,22662,买盘
2221,14:36:15,7.32,0.0,6,4392,买盘
2222,14:36:18,7.31,-0.01,2,1463,卖盘
2223,14:36:21,7.32,0.01,49,35868,买盘
2224,14:36:30,7.32,0.0,39,28548,买盘
2225,14:36:34,7.32,0.0,4,2928,买盘
2226,14:36:36,7.32,0.0,1,732,买盘
2227,14:36:48,7.31,-0.01,50,36550,卖盘
2228,14:36:51,7.31,0.0,5,3655,卖盘
2229,14:36:54,7.31,0.0,546,398762,卖盘
2230,14:37:06,7.31,0.0,15,10965,买盘
2231,14:37:09,7.3,-0.01,28,20460,卖盘
2232,14:37:13,7.31,0.01,21,15331,买盘
2233,14:37:18,7.3,-0.01,26,18986,卖盘
2234,14:37:21,7.3,0.0,1,730,卖盘
2235,14:37:30,7.3,0.0,14,10221,卖盘
2236,14:37:39,7.31,0.01,6,4386,买盘
2237,14:37:42,7.3,-0.01,52,37960,卖盘
2238,14:37:45,7.31,0.01,10,7310,买盘
2239,14:37:51,7.31,0.0,14,10233,买盘
2240,14:37:54,7.3,-0.01,6,4380,卖盘
2241,14:38:06,7.31,0.01,79,57749,买盘
2242,14:38:09,7.31,0.0,161,117691,买盘
2243,14:38:19,7.31,0.0,47,34357,买盘
2244,14:38:24,7.31,0.0,14,10234,买盘
2245,14:38:27,7.31,0.0,18,13158,买盘
2246,14:38:30,7.31,0.0,7,5116,买盘
2247,14:38:36,7.31,0.0,37,27035,买盘
2248,14:38:39,7.31,0.0,122,89112,买盘
2249,14:38:42,7.31,0.0,300,219300,买盘
2250,14:38:45,7.31,0.0,1,731,买盘
2251,14:38:48,7.31,0.0,8,5848,买盘
2252,14:38:51,7.29,-0.02,3392,2476497,卖盘
2253,14:38:54,7.29,0.0,4,2916,卖盘
2254,14:38:57,7.29,0.0,5,3645,卖盘
2255,14:39:00,7.3,0.01,6,4380,买盘
2256,14:39:03,7.3,0.0,51,37230,买盘
2257,14:39:06,7.29,-0.01,5,3645,卖盘
2258,14:39:10,7.3,0.01,6,4380,买盘
2259,14:39:13,7.3,0.0,20,14600,买盘
2260,14:39:21,7.29,-0.01,12,8749,卖盘
2261,14:39:24,7.29,0.0,30,21870,卖盘
2262,14:39:27,7.3,0.01,37,26979,买盘
2263,14:39:30,7.3,0.0,100,73000,买盘
2264,14:39:36,7.29,-0.01,973,709317,卖盘
2265,14:39:39,7.29,0.0,117,85293,卖盘
2266,14:39:43,7.29,0.0,9,6561,买盘
2267,14:39:45,7.28,-0.01,23,16744,卖盘
2268,14:39:48,7.29,0.01,80,58320,买盘
2269,14:39:52,7.28,-0.01,21,15288,卖盘
2270,14:39:54,7.29,0.01,2,1458,买盘
2271,14:39:57,7.29,0.0,6,4374,买盘
2272,14:40:00,7.29,0.0,31,22599,买盘
2273,14:40:03,7.28,-0.01,19,13832,卖盘
2274,14:40:10,7.29,0.01,6,4374,买盘
2275,14:40:13,7.29,0.0,14,10206,买盘
2276,14:40:15,7.29,0.0,10,7290,买盘
2277,14:40:18,7.29,0.0,249,181275,买盘
2278,14:40:24,7.29,0.0,1620,1179662,买盘
2279,14:40:27,7.29,0.0,50,36450,买盘
2280,14:40:33,7.28,-0.01,26,18928,卖盘
2281,14:40:39,7.29,0.01,5,3645,买盘
2282,14:40:51,7.29,0.0,10,7290,买盘
2283,14:40:54,7.29,0.0,1,729,买盘
2284,14:40:57,7.29,0.0,22,16038,买盘
2285,14:41:00,7.28,-0.01,23,16756,卖盘
2286,14:41:04,7.29,0.01,57,41553,买盘
2287,14:41:09,7.28,-0.01,8,5831,卖盘
2288,14:41:12,7.29,0.01,5,3645,买盘
2289,14:41:18,7.28,-0.01,225,163800,卖盘
2290,14:41:21,7.29,0.01,70,51030,买盘
2291,14:41:24,7.29,0.0,57,41500,买盘
2292,14:41:27,7.29,0.0,10,7290,买盘
2293,14:41:30,7.28,-0.01,4,2912,卖盘
2294,14:41:37,7.28,0.0,19,13842,卖盘
2295,14:41:39,7.28,0.0,106,77175,卖盘
2296,14:41:42,7.28,0.0,1,728,卖盘
2297,14:42:00,7.29,0.01,28,20412,买盘
2298,14:42:07,7.29,0.0,7,5103,买盘
2299,14:42:10,7.29,0.0,14,10206,买盘
2300,14:42:21,7.28,-0.01,47,34241,卖盘
2301,14:42:24,7.28,0.0,52,37856,卖盘
2302,14:42:27,7.29,0.01,6,4374,买盘
2303,14:42:30,7.29,0.0,115,83835,买盘
2304,14:42:33,7.28,-0.01,2,1456,卖盘
2305,14:42:40,7.29,0.01,7,5103,买盘
2306,14:42:42,7.29,0.0,33,24056,买盘
2307,14:42:46,7.29,0.0,103,75087,买盘
2308,14:42:52,7.29,0.0,15,10935,买盘
2309,14:42:55,7.29,0.0,6,4374,买盘
2310,14:42:57,7.28,-0.01,24,17486,卖盘
2311,14:43:00,7.29,0.01,1,729,买盘
2312,14:43:04,7.29,0.0,22,16038,买盘
2313,14:43:06,7.29,0.0,16,11664,买盘
2314,14:43:09,7.29,0.0,1,729,买盘
2315,14:43:18,7.29,0.0,34,24786,买盘
2316,14:43:22,7.29,0.0,12,8748,买盘
2317,14:43:24,7.29,0.0,27,19681,买盘
2318,14:43:28,7.29,0.0,58,42282,买盘
2319,14:43:33,7.29,0.0,120,87480,买盘
2320,14:43:36,7.29,0.0,7,5103,买盘
2321,14:43:39,7.29,0.0,3,2187,买盘
2322,14:43:42,7.29,0.0,56,40824,买盘
2323,14:43:45,7.28,-0.01,1,728,卖盘
2324,14:43:48,7.29,0.01,9,6561,买盘
2325,14:43:51,7.29,0.0,10,7290,买盘
2326,14:43:57,7.29,0.0,2,1458,买盘
2327,14:44:00,7.29,0.0,18,13122,买盘
2328,14:44:04,7.29,0.0,6,4374,买盘
2329,14:44:06,7.29,0.0,55,40093,买盘
2330,14:44:09,7.29,0.0,8,5832,买盘
2331,14:44:12,7.28,-0.01,55,40042,卖盘
2332,14:44:21,7.29,0.01,19,13851,买盘
2333,14:44:36,7.29,0.0,30,21870,买盘
2334,14:44:45,7.29,0.0,7,5103,买盘
2335,14:44:48,7.29,0.0,46,33534,买盘
2336,14:44:51,7.28,-0.01,1,728,卖盘
2337,14:44:54,7.29,0.01,137,99873,买盘
2338,14:44:57,7.29,0.0,26,18954,买盘
2339,14:45:00,7.29,0.0,30,21870,买盘
2340,14:45:06,7.29,0.0,19,13851,买盘
2341,14:45:09,7.29,0.0,16,11664,买盘
2342,14:45:13,7.28,-0.01,59,42958,卖盘
2343,14:45:16,7.29,0.01,42,30618,买盘
2344,14:45:18,7.28,-0.01,44,32032,卖盘
2345,14:45:21,7.28,0.0,70,51010,卖盘
2346,14:45:24,7.28,0.0,9,6559,卖盘
2347,14:45:27,7.29,0.01,10,7290,买盘
2348,14:45:33,7.29,0.0,10,7290,买盘
2349,14:45:39,7.28,-0.01,22,16023,卖盘
2350,14:45:45,7.29,0.01,11,8019,买盘
2351,14:45:48,7.28,-0.01,17,12376,卖盘
2352,14:45:52,7.29,0.01,4,2916,买盘
2353,14:45:55,7.29,0.0,50,36450,买盘
2354,14:45:57,7.29,0.0,207,150903,买盘
2355,14:46:10,7.29,0.0,26,18954,买盘
2356,14:46:12,7.29,0.0,11,8019,买盘
2357,14:46:15,7.29,0.0,17,12393,买盘
2358,14:46:18,7.29,0.0,112,81625,买盘
2359,14:46:21,7.29,0.0,597,435212,买盘
2360,14:46:24,7.29,0.0,94,68526,买盘
2361,14:46:27,7.29,0.0,80,58320,买盘
2362,14:46:30,7.29,0.0,104,75816,买盘
2363,14:46:33,7.29,0.0,82,59421,买盘
2364,14:46:42,7.3,0.01,7,5110,买盘
2365,14:46:49,7.29,-0.01,4,2918,卖盘
2366,14:46:51,7.3,0.01,7,5110,买盘
2367,14:47:00,7.3,0.0,12,8760,买盘
2368,14:47:04,7.3,0.0,10,7300,买盘
2369,14:47:06,7.29,-0.01,72,52495,卖盘
2370,14:47:12,7.3,0.01,45,32850,买盘
2371,14:47:18,7.3,0.0,7,5110,买盘
2372,14:47:21,7.3,0.0,2,1460,买盘
2373,14:47:24,7.29,-0.01,3,2187,卖盘
2374,14:47:27,7.3,0.01,7,5110,买盘
2375,14:47:30,7.29,-0.01,1,729,卖盘
2376,14:47:34,7.3,0.01,102,74460,买盘
2377,14:47:36,7.3,0.0,7,5110,买盘
2378,14:47:42,7.3,0.0,40,29200,买盘
2379,14:47:45,7.29,-0.01,1,729,卖盘
2380,14:47:48,7.29,0.0,23,16767,卖盘
2381,14:47:51,7.3,0.01,7,5110,买盘
2382,14:47:57,7.3,0.0,98,71540,买盘
2383,14:48:00,7.3,0.0,106,77279,买盘
2384,14:48:07,7.3,0.0,100,73000,买盘
2385,14:48:10,7.3,0.0,6,4380,买盘
2386,14:48:18,7.3,0.0,5,3650,买盘
2387,14:48:21,7.3,0.0,14,10214,买盘
2388,14:48:24,7.29,-0.01,98,71442,卖盘
2389,14:48:27,7.29,0.0,112,81648,卖盘
2390,14:48:30,7.29,0.0,1,729,卖盘
2391,14:48:34,7.29,0.0,275,200482,卖盘
2392,14:48:36,7.3,0.01,142,103524,买盘
2393,14:48:45,7.3,0.0,6,4380,买盘
2394,14:48:51,7.3,0.0,30,21900,买盘
2395,14:48:54,7.3,0.0,2,1460,买盘
2396,14:48:57,7.3,0.0,49,36199,买盘
2397,14:49:06,7.3,0.0,24,17520,买盘
2398,14:49:12,7.29,-0.01,154,112275,卖盘
2399,14:49:15,7.29,0.0,151,110086,卖盘
2400,14:49:18,7.3,0.01,56,40851,买盘
2401,14:49:21,7.29,-0.01,51,37179,卖盘
2402,14:49:24,7.29,0.0,1,364,卖盘
2403,14:49:30,7.3,0.01,7,5110,买盘
2404,14:49:33,7.3,0.0,2,1460,买盘
2405,14:49:39,7.29,-0.01,67,48850,卖盘
2406,14:49:43,7.3,0.01,119,86771,买盘
2407,14:49:45,7.29,-0.01,13,9477,卖盘
2408,14:49:48,7.3,0.01,11,8030,买盘
2409,14:49:51,7.29,-0.01,34,24790,卖盘
2410,14:49:54,7.29,0.0,3,2187,卖盘
2411,14:49:57,7.29,0.0,101,73629,卖盘
2412,14:50:00,7.3,0.01,96,69991,买盘
2413,14:50:06,7.29,-0.01,218,158922,卖盘
2414,14:50:09,7.29,0.0,121,88216,卖盘
2415,14:50:15,7.3,0.01,30,21900,买盘
2416,14:50:18,7.29,-0.01,44,32076,卖盘
2417,14:50:21,7.29,0.0,166,121284,卖盘
2418,14:50:24,7.29,0.0,173,126117,买盘
2419,14:50:27,7.29,0.0,295,215055,买盘
2420,14:50:30,7.29,0.0,187,136313,买盘
2421,14:50:33,7.29,0.0,89,64429,买盘
2422,14:50:36,7.29,0.0,33,24509,卖盘
2423,14:50:39,7.29,0.0,35,25515,买盘
2424,14:50:42,7.29,0.0,9,6561,买盘
2425,14:50:45,7.29,0.0,7,5103,买盘
2426,14:50:48,7.29,0.0,65,47384,买盘
2427,14:50:51,7.29,0.0,16,11664,买盘
2428,14:50:54,7.29,0.0,34,24779,买盘
2429,14:50:57,7.29,0.0,68,49554,买盘
2430,14:51:00,7.29,0.0,45,32762,买盘
2431,14:51:06,7.29,0.0,53,38637,买盘
2432,14:51:09,7.29,0.0,20,14580,买盘
2433,14:51:12,7.29,0.0,3,2187,买盘
2434,14:51:15,7.29,0.0,10,7290,买盘
2435,14:51:18,7.29,0.0,50,36450,买盘
2436,14:51:21,7.29,0.0,10,7290,买盘
2437,14:51:24,7.29,0.0,17,12391,买盘
2438,14:51:27,7.29,0.0,10,7290,买盘
2439,14:51:30,7.29,0.0,94,68526,买盘
2440,14:51:33,7.29,0.0,127,92583,买盘
2441,14:51:36,7.29,0.0,21,15309,买盘
2442,14:51:39,7.29,0.0,180,131140,买盘
2443,14:51:42,7.29,0.0,108,78732,买盘
2444,14:51:45,7.29,0.0,33,24057,买盘
2445,14:51:48,7.29,0.0,128,93327,买盘
2446,14:51:51,7.3,0.01,3,2190,买盘
2447,14:51:54,7.3,0.0,35,25550,买盘
2448,14:52:00,7.3,0.0,35,25550,买盘
2449,14:52:04,7.3,0.0,38,27740,买盘
2450,14:52:13,7.3,0.0,75,54725,买盘
2451,14:52:16,7.3,0.0,129,94064,买盘
2452,14:52:21,7.3,0.0,8,5840,买盘
2453,14:52:24,7.3,0.0,4,2920,买盘
2454,14:52:27,7.3,0.0,53,38675,买盘
2455,14:52:31,7.3,0.0,180,131400,买盘
2456,14:52:33,7.29,-0.01,132,96228,卖盘
2457,14:52:39,7.3,0.01,13,9490,买盘
2458,14:52:51,7.29,-0.01,47,34283,卖盘
2459,14:52:54,7.29,0.0,10,7290,卖盘
2460,14:52:57,7.3,0.01,8,5840,买盘
2461,14:53:06,7.3,0.0,29,21170,买盘
2462,14:53:15,7.3,0.0,205,149650,买盘
2463,14:53:18,7.29,-0.01,176,128304,卖盘
2464,14:53:27,7.3,0.01,14,10213,买盘
2465,14:53:30,7.3,0.0,83,60590,买盘
2466,14:53:33,7.3,0.0,5,3650,买盘
2467,14:53:39,7.3,0.0,34,24820,买盘
2468,14:53:51,7.29,-0.01,28,20412,卖盘
2469,14:53:54,7.29,0.0,112,81648,卖盘
2470,14:54:00,7.29,0.0,32,23338,卖盘
2471,14:54:03,7.3,0.01,20,14600,买盘
2472,14:54:15,7.29,-0.01,50,36450,卖盘
2473,14:54:18,7.3,0.01,21,15310,买盘
2474,14:54:24,7.29,-0.01,2,1458,卖盘
2475,14:54:27,7.3,0.01,11,8030,买盘
2476,14:54:30,7.29,-0.01,65,47390,卖盘
2477,14:54:33,7.3,0.01,116,84571,买盘
2478,14:54:36,7.29,-0.01,5,3648,卖盘
2479,14:54:39,7.29,0.0,6,4374,卖盘
2480,14:54:42,7.29,0.0,15,10935,卖盘
2481,14:54:45,7.3,0.01,24,17520,买盘
2482,14:54:48,7.29,-0.01,10,7290,卖盘
2483,14:54:51,7.29,0.0,24,17496,卖盘
2484,14:54:54,7.3,0.01,16,11680,买盘
2485,14:54:57,7.3,0.0,15,10950,买盘
2486,14:55:00,7.3,0.0,6,4380,买盘
2487,14:55:04,7.3,0.0,260,189800,买盘
2488,14:55:06,7.29,-0.01,129,94041,卖盘
2489,14:55:09,7.29,0.0,567,413343,卖盘
2490,14:55:12,7.29,0.0,305,222370,卖盘
2491,14:55:15,7.3,0.01,93,67890,买盘
2492,14:55:18,7.29,-0.01,110,80192,卖盘
2493,14:55:21,7.29,0.0,16,11679,卖盘
2494,14:55:24,7.29,0.0,46,33534,卖盘
2495,14:55:33,7.29,0.0,169,123219,卖盘
2496,14:55:36,7.29,0.0,10,7290,卖盘
2497,14:55:42,7.3,0.01,70,51100,买盘
2498,14:55:45,7.29,-0.01,1,729,卖盘
2499,14:56:04,7.3,0.01,164,119720,买盘
2500,14:56:06,7.29,-0.01,10,7290,卖盘
2501,14:56:10,7.3,0.01,157,114610,买盘
2502,14:56:12,7.3,0.0,10,7300,买盘
2503,14:56:16,7.3,0.0,460,335800,买盘
2504,14:56:18,7.29,-0.01,4,2916,卖盘
2505,14:56:21,7.3,0.01,38,27740,买盘
2506,14:56:24,7.29,-0.01,4,2916,卖盘
2507,14:56:28,7.3,0.01,2,1460,买盘
2508,14:56:31,7.29,-0.01,12,8752,卖盘
2509,14:56:34,7.3,0.01,18,13140,中性盘
2510,14:56:39,7.3,0.0,5,3650,卖盘
2511,14:56:42,7.29,-0.01,64,46679,卖盘
2512,14:56:45,7.31,0.02,11,8041,买盘
2513,14:56:48,7.3,-0.01,33,24118,卖盘
2514,14:56:54,7.31,0.01,30,21930,买盘
2515,15:00:04,7.31,0.0,481,351611,卖盘
