,time,price,change,volume,amount,type
0,09:25:04,13.1,-0.1,699,916777,卖盘
1,09:30:01,13.16,0.06,133,174785,买盘
2,09:30:04,13.16,0.0,434,569504,买盘
3,09:30:07,13.19,0.03,41,54057,买盘
4,09:30:10,13.19,0.0,6,7914,买盘
5,09:30:13,13.2,0.01,86,113364,买盘
6,09:30:19,13.2,0.0,121,159934,卖盘
7,09:30:22,13.2,0.0,46,60753,卖盘
8,09:30:25,13.22,0.02,2,2642,买盘
9,09:30:27,13.22,0.0,19,25106,买盘
10,09:30:31,13.2,-0.02,4,5280,卖盘
11,09:30:34,13.2,0.0,114,150666,卖盘
12,09:30:36,13.2,0.0,18,23905,卖盘
13,09:30:39,13.21,0.01,23,30220,买盘
14,09:30:43,13.2,-0.01,5,6744,买盘
15,09:30:46,13.2,0.0,41,54092,买盘
16,09:30:49,13.21,0.01,39,51514,买盘
17,09:30:51,13.16,-0.05,14,18475,卖盘
18,09:30:55,13.2,0.04,12,15840,买盘
19,09:30:58,13.19,-0.01,2,2638,买盘
20,09:31:01,13.16,-0.03,1,1316,卖盘
21,09:31:04,13.19,0.03,27,35611,买盘
22,09:31:06,13.19,0.0,45,59355,卖盘
23,09:31:10,13.19,0.0,10,13184,买盘
24,09:31:13,13.19,0.0,45,59352,中性盘
25,09:31:15,13.19,0.0,83,109477,买盘
26,09:31:19,13.19,0.0,30,39570,卖盘
27,09:31:21,13.19,0.0,29,38251,买盘
28,09:31:24,13.2,0.01,46,60706,买盘
29,09:31:27,13.12,-0.08,211,277118,卖盘
30,09:31:31,13.16,0.04,5,6580,卖盘
31,09:31:34,13.18,0.02,59,77686,买盘
32,09:31:37,13.19,0.01,20,26377,买盘
33,09:31:43,13.18,-0.01,200,263596,买盘
34,09:31:46,13.16,-0.02,10,13160,卖盘
35,09:31:49,13.17,0.01,11,14477,买盘
36,09:31:52,13.16,-0.01,64,84282,卖盘
37,09:31:57,13.16,0.0,47,61852,买盘
38,09:32:01,13.14,-0.02,23,30222,卖盘
39,09:32:04,13.14,0.0,128,168185,买盘
40,09:32:07,13.14,0.0,34,44675,买盘
41,09:32:10,13.14,0.0,166,218124,买盘
42,09:32:12,13.14,0.0,25,32850,买盘
43,09:32:15,13.14,0.0,801,1050998,卖盘
44,09:32:22,13.14,0.0,25,32850,卖盘
45,09:32:25,13.16,0.02,105,138155,买盘
46,09:32:28,13.15,-0.01,27,35498,中性盘
47,09:32:31,13.15,0.0,17,22349,买盘
48,09:32:34,13.15,0.0,121,159015,买盘
49,09:32:37,13.16,0.01,2,2632,买盘
50,09:32:40,13.15,-0.01,152,199971,卖盘
51,09:32:42,13.15,0.0,43,56580,买盘
52,09:32:46,13.16,0.01,10,13153,买盘
53,09:32:52,13.16,0.0,10,13160,买盘
54,09:32:54,13.16,0.0,37,48692,买盘
55,09:32:58,13.16,0.0,40,52640,买盘
56,09:33:01,13.16,0.0,110,144803,买盘
57,09:33:04,13.19,0.03,56,73202,买盘
58,09:33:07,13.19,0.0,46,61370,卖盘
59,09:33:09,13.17,-0.02,1,1317,中性盘
60,09:33:13,13.19,0.02,189,249448,买盘
61,09:33:22,13.2,0.01,203,267773,买盘
62,09:33:25,13.19,-0.01,13,17142,中性盘
63,09:33:28,13.2,0.01,68,89678,买盘
64,09:33:31,13.19,-0.01,20,26372,卖盘
65,09:33:34,13.18,-0.01,76,100224,卖盘
66,09:33:37,13.17,-0.01,26,34266,卖盘
67,09:33:39,13.19,0.02,147,193886,买盘
68,09:33:42,13.18,-0.01,22,28994,买盘
69,09:33:46,13.17,-0.01,1,1317,卖盘
70,09:33:49,13.18,0.01,22,28994,买盘
71,09:33:52,13.18,0.0,49,64539,买盘
72,09:33:55,13.18,0.0,35,46098,买盘
73,09:33:58,13.16,-0.02,27,35557,卖盘
74,09:34:01,13.16,0.0,50,65790,卖盘
75,09:34:04,13.15,-0.01,95,124925,卖盘
76,09:34:07,13.14,-0.01,60,78841,卖盘
77,09:34:09,13.11,-0.03,186,244003,卖盘
78,09:34:13,13.15,0.04,9,11827,买盘
79,09:34:16,13.11,-0.04,20,26221,卖盘
80,09:34:19,13.11,0.0,3,4130,买盘
81,09:34:21,13.13,0.02,40,52541,买盘
82,09:34:25,13.11,-0.02,70,91577,卖盘
83,09:34:28,13.11,0.0,66,86779,买盘
84,09:34:33,13.14,0.03,44,57767,买盘
85,09:34:36,13.14,0.0,25,32850,卖盘
86,09:34:40,13.14,0.0,7,9198,卖盘
87,09:34:43,13.14,0.0,19,24957,买盘
88,09:34:46,13.14,0.0,1,1314,卖盘
89,09:34:49,13.14,0.0,85,111752,卖盘
90,09:34:52,13.14,0.0,4,5256,卖盘
91,09:34:55,13.14,0.0,4,5256,卖盘
92,09:34:58,13.15,0.01,5,6575,买盘
93,09:35:01,13.15,0.0,16,21031,买盘
94,09:35:04,13.16,0.01,85,111791,买盘
95,09:35:07,13.16,0.0,2,2632,卖盘
96,09:35:09,13.16,0.0,8,10528,卖盘
97,09:35:12,13.17,0.01,83,109300,买盘
98,09:35:18,13.16,-0.01,10,13162,卖盘
99,09:35:22,13.17,0.01,10,13163,买盘
100,09:35:25,13.17,0.0,28,36876,买盘
101,09:35:28,13.17,0.0,63,82971,买盘
102,09:35:31,13.18,0.01,30,39514,买盘
103,09:35:34,13.16,-0.02,175,230537,卖盘
104,09:35:37,13.18,0.02,79,104193,卖盘
105,09:35:43,13.18,0.0,19,25042,卖盘
106,09:35:45,13.19,0.01,110,145080,买盘
107,09:35:49,13.18,-0.01,27,35590,卖盘
108,09:35:52,13.18,0.0,39,51433,买盘
109,09:35:54,13.18,0.0,5,6590,买盘
110,09:35:57,13.18,0.0,9,11864,卖盘
111,09:36:04,13.19,0.01,59,77779,买盘
112,09:36:07,13.18,-0.01,65,85721,中性盘
113,09:36:10,13.17,-0.01,18,23711,卖盘
114,09:36:12,13.19,0.02,139,183321,买盘
115,09:36:15,13.18,-0.01,26,34254,买盘
116,09:36:19,13.18,0.0,56,73756,中性盘
117,09:36:22,13.18,0.0,20,26356,卖盘
118,09:36:25,13.16,-0.02,57,75094,卖盘
119,09:36:28,13.18,0.02,6,7908,买盘
120,09:36:31,13.19,0.01,151,199042,买盘
121,09:36:33,13.16,-0.03,310,408675,卖盘
122,09:36:37,13.17,0.01,110,144805,买盘
123,09:36:39,13.14,-0.03,17,22362,卖盘
124,09:36:42,13.16,0.02,5,6579,买盘
125,09:36:46,13.16,0.0,130,171080,卖盘
126,09:36:49,13.16,0.0,39,51321,买盘
127,09:36:52,13.16,0.0,8,10528,买盘
128,09:36:55,13.16,0.0,34,44743,买盘
129,09:36:58,13.16,0.0,11,14475,买盘
130,09:37:01,13.16,0.0,38,50008,买盘
131,09:37:06,13.16,0.0,57,75012,买盘
132,09:37:10,13.16,0.0,53,69712,买盘
133,09:37:16,13.16,0.0,11,14473,买盘
134,09:37:19,13.16,0.0,110,144760,买盘
135,09:37:22,13.16,0.0,32,42112,买盘
136,09:37:24,13.16,0.0,22,28952,买盘
137,09:37:27,13.16,0.0,12,15792,买盘
138,09:37:31,13.16,0.0,77,101332,买盘
139,09:37:37,13.17,0.01,21,27661,买盘
140,09:37:43,13.19,0.02,113,148993,买盘
141,09:37:46,13.17,-0.02,192,253023,卖盘
142,09:37:49,13.17,0.0,9,11852,买盘
143,09:37:52,13.17,0.0,41,53997,买盘
144,09:37:55,13.16,-0.01,6,7901,卖盘
145,09:37:58,13.16,0.0,25,32917,卖盘
146,09:38:01,13.16,0.0,1,1316,卖盘
147,09:38:03,13.16,0.0,16,21056,卖盘
148,09:38:07,13.17,0.01,86,113253,买盘
149,09:38:09,13.16,-0.01,78,102648,卖盘
150,09:38:13,13.16,0.0,47,61813,买盘
151,09:38:16,13.15,-0.01,12,15780,卖盘
152,09:38:19,13.16,0.01,35,46034,买盘
153,09:38:21,13.16,0.0,65,85517,买盘
154,09:38:24,13.16,0.0,11,14474,买盘
155,09:38:28,13.16,0.0,14,18424,买盘
156,09:38:31,13.14,-0.02,68,88832,卖盘
157,09:38:34,13.17,0.03,15,19744,买盘
158,09:38:36,13.16,-0.01,68,89536,卖盘
159,09:38:39,13.16,0.0,4,5264,卖盘
160,09:38:49,13.16,0.0,31,40796,买盘
161,09:38:52,13.16,0.0,64,84224,买盘
162,09:38:54,13.16,0.0,15,19736,买盘
163,09:38:57,13.14,-0.02,10,13153,卖盘
164,09:39:01,13.16,0.02,4,5264,买盘
165,09:39:04,13.16,0.0,124,163056,买盘
166,09:39:06,13.16,0.0,51,67116,买盘
167,09:39:10,13.15,-0.01,3,3945,卖盘
168,09:39:13,13.17,0.02,83,109269,买盘
169,09:39:16,13.18,0.01,12,15808,买盘
170,09:39:19,13.18,0.0,91,119784,买盘
171,09:39:21,13.18,0.0,33,43494,买盘
172,09:39:24,13.18,0.0,5,6590,买盘
173,09:39:28,13.18,0.0,125,164750,买盘
174,09:39:31,13.17,-0.01,92,121228,卖盘
175,09:39:34,13.18,0.01,522,687484,买盘
176,09:39:39,13.19,0.01,13,17136,买盘
177,09:39:43,13.18,-0.01,31,40888,卖盘
178,09:39:46,13.19,0.01,13,17147,买盘
179,09:39:49,13.18,-0.01,59,77767,卖盘
180,09:39:52,13.19,0.01,38,50117,买盘
181,09:39:55,13.18,-0.01,49,64615,卖盘
182,09:39:58,13.18,0.0,20,26360,卖盘
183,09:40:01,13.18,0.0,60,79077,买盘
184,09:40:04,13.18,0.0,2,2636,买盘
185,09:40:07,13.19,0.01,55,72519,买盘
186,09:40:09,13.18,-0.01,2,2636,卖盘
187,09:40:12,13.19,0.01,3,3957,买盘
188,09:40:16,13.19,0.0,36,47463,买盘
189,09:40:21,13.18,-0.01,67,88306,卖盘
190,09:40:25,13.17,-0.01,18,23731,卖盘
191,09:40:28,13.19,0.02,8,10551,买盘
192,09:40:31,13.19,0.0,135,178033,买盘
193,09:40:34,13.18,-0.01,8,10551,卖盘
194,09:40:37,13.18,0.0,1,1318,卖盘
195,09:40:40,13.19,0.01,4,5275,买盘
196,09:40:43,13.19,0.0,214,282196,买盘
197,09:40:45,13.19,0.0,39,51379,买盘
198,09:40:49,13.18,-0.01,16,21088,买盘
199,09:40:52,13.18,0.0,6,7913,卖盘
200,09:40:55,13.18,0.0,11,14498,卖盘
201,09:40:58,13.19,0.01,31,40879,买盘
202,09:41:00,13.19,0.0,65,85735,买盘
203,09:41:04,13.17,-0.02,70,92246,卖盘
204,09:41:07,13.17,0.0,40,52710,卖盘
205,09:41:10,13.18,0.01,27,35586,买盘
206,09:41:12,13.17,-0.01,73,96141,卖盘
207,09:41:16,13.17,0.0,8,10536,卖盘
208,09:41:19,13.17,0.0,33,43461,卖盘
209,09:41:22,13.18,0.01,53,69835,买盘
210,09:41:25,13.18,0.0,5,6590,买盘
211,09:41:28,13.17,-0.01,50,65870,卖盘
212,09:41:31,13.17,0.0,43,56631,卖盘
213,09:41:34,13.17,0.0,27,35559,卖盘
214,09:41:36,13.18,0.01,391,515332,买盘
215,09:41:39,13.18,0.0,86,113348,卖盘
216,09:41:43,13.19,0.01,9,11863,买盘
217,09:41:46,13.19,0.0,18,23733,买盘
218,09:41:49,13.18,-0.01,95,125210,卖盘
219,09:41:52,13.17,-0.01,157,206774,卖盘
220,09:41:55,13.16,-0.01,19,25010,卖盘
221,09:41:57,13.16,0.0,17,22372,卖盘
222,09:42:01,13.17,0.01,90,118583,买盘
223,09:42:04,13.17,0.0,79,104043,卖盘
224,09:42:06,13.16,-0.01,17,22388,卖盘
225,09:42:10,13.16,0.0,3,3948,卖盘
226,09:42:13,13.17,0.01,23,30285,买盘
227,09:42:16,13.17,0.0,175,230607,买盘
228,09:42:19,13.17,0.0,4,5268,买盘
229,09:42:22,13.17,0.0,23,30284,买盘
230,09:42:25,13.18,0.01,7,9225,买盘
231,09:42:28,13.18,0.0,24,31632,买盘
232,09:42:30,13.17,-0.01,20,26340,卖盘
233,09:42:33,13.19,0.02,365,481077,买盘
234,09:42:43,13.18,-0.01,15,19778,卖盘
235,09:42:46,13.18,0.0,48,63294,卖盘
236,09:42:49,13.18,0.0,165,217470,买盘
237,09:42:51,13.18,0.0,18,23724,买盘
238,09:42:54,13.18,0.0,20,26359,买盘
239,09:42:58,13.18,0.0,32,42176,买盘
240,09:43:00,13.18,0.0,6,7908,买盘
241,09:43:04,13.18,0.0,321,423077,买盘
242,09:43:07,13.19,0.01,15,19771,买盘
243,09:43:09,13.18,-0.01,158,208385,卖盘
244,09:43:16,13.2,0.02,2,2640,买盘
245,09:43:18,13.2,0.0,856,1129920,买盘
246,09:43:22,13.21,0.01,234,308370,买盘
247,09:43:28,13.21,0.0,74,97754,买盘
248,09:43:30,13.2,-0.01,126,166439,卖盘
249,09:43:34,13.21,0.01,10,13210,买盘
250,09:43:36,13.21,0.0,10,13210,买盘
251,09:43:39,13.21,0.0,74,97740,买盘
252,09:43:42,13.2,-0.01,224,295879,卖盘
253,09:43:46,13.22,0.02,1166,1541401,买盘
254,09:43:49,13.22,0.0,5,6610,买盘
255,09:43:51,13.23,0.01,767,1014709,买盘
256,09:43:54,13.22,-0.01,17,22491,卖盘
257,09:44:01,13.24,0.02,39,51634,买盘
258,09:44:04,13.28,0.04,445,589705,买盘
259,09:44:07,13.28,0.0,12,15936,卖盘
260,09:44:13,13.28,0.0,20,26524,买盘
261,09:44:15,13.28,0.0,46,61088,买盘
262,09:44:19,13.28,0.0,40,53120,卖盘
263,09:44:22,13.27,-0.01,50,66399,卖盘
264,09:44:25,13.27,0.0,44,58388,卖盘
265,09:44:28,13.27,0.0,70,92832,中性盘
266,09:44:31,13.27,0.0,4,5308,买盘
267,09:44:33,13.27,0.0,131,173947,买盘
268,09:44:36,13.28,0.01,47,62381,买盘
269,09:44:40,13.27,-0.01,118,156636,卖盘
270,09:44:43,13.28,0.01,172,228248,买盘
271,09:44:49,13.28,0.0,60,79650,买盘
272,09:44:51,13.27,-0.01,211,280156,卖盘
273,09:44:57,13.27,0.0,14,18578,买盘
274,09:45:01,13.27,0.0,82,108824,买盘
275,09:45:04,13.27,0.0,60,79670,卖盘
276,09:45:07,13.26,-0.01,64,84917,卖盘
277,09:45:10,13.27,0.01,37,49099,买盘
278,09:45:12,13.28,0.01,222,294719,买盘
279,09:45:16,13.27,-0.01,32,42462,卖盘
280,09:45:19,13.27,0.0,97,128788,卖盘
281,09:45:22,13.27,0.0,23,30499,买盘
282,09:45:25,13.26,-0.01,76,100872,卖盘
283,09:45:28,13.26,0.0,50,66316,卖盘
284,09:45:30,13.26,0.0,11,14586,卖盘
285,09:45:34,13.26,0.0,12,15905,买盘
286,09:45:40,13.25,-0.01,29,38435,卖盘
287,09:45:43,13.25,0.0,153,202846,卖盘
288,09:45:46,13.25,0.0,10,13242,买盘
289,09:45:49,13.25,0.0,6,7950,买盘
290,09:45:52,13.25,0.0,7,9273,买盘
291,09:45:54,13.25,0.0,36,47697,买盘
292,09:46:01,13.24,-0.01,6,7944,卖盘
293,09:46:04,13.24,0.0,36,47664,买盘
294,09:46:06,13.23,-0.01,18,23814,卖盘
295,09:46:09,13.23,0.0,29,38367,卖盘
296,09:46:13,13.23,0.0,4,5292,买盘
297,09:46:15,13.23,0.0,11,14553,买盘
298,09:46:19,13.23,0.0,27,35721,卖盘
299,09:46:22,13.24,0.01,22,29117,买盘
300,09:46:25,13.23,-0.01,8,10584,卖盘
301,09:46:27,13.23,0.0,10,13230,中性盘
302,09:46:30,13.25,0.02,88,116530,买盘
303,09:46:34,13.23,-0.02,200,264708,卖盘
304,09:46:36,13.25,0.02,32,42400,买盘
305,09:46:40,13.23,-0.02,11,14559,卖盘
306,09:46:43,13.24,0.01,45,59596,中性盘
307,09:46:46,13.24,0.0,151,200176,卖盘
308,09:46:51,13.24,0.0,39,51665,卖盘
309,09:46:54,13.25,0.01,2,2650,卖盘
310,09:46:57,13.26,0.01,1,1326,买盘
311,09:47:04,13.26,0.0,30,39780,买盘
312,09:47:06,13.27,0.01,27,35826,买盘
313,09:47:09,13.26,-0.01,6,7960,卖盘
314,09:47:12,13.27,0.01,9,11943,买盘
315,09:47:15,13.27,0.0,6,7962,买盘
316,09:47:18,13.27,0.0,20,26540,买盘
317,09:47:22,13.27,0.0,113,149951,买盘
318,09:47:24,13.27,0.0,13,17251,卖盘
319,09:47:28,13.27,0.0,105,139375,卖盘
320,09:47:31,13.28,0.01,20,26560,买盘
321,09:47:39,13.27,-0.01,68,90260,卖盘
322,09:47:42,13.27,0.0,156,206937,买盘
323,09:47:46,13.27,0.0,32,42434,买盘
324,09:47:49,13.26,-0.01,8,10608,中性盘
325,09:47:52,13.25,-0.01,69,91463,卖盘
326,09:47:55,13.26,0.01,96,127210,买盘
327,09:47:57,13.26,0.0,15,19877,买盘
328,09:48:00,13.26,0.0,108,143208,买盘
329,09:48:04,13.25,-0.01,16,21205,卖盘
330,09:48:06,13.25,0.0,13,17225,卖盘
331,09:48:09,13.25,0.0,49,64925,卖盘
332,09:48:13,13.25,0.0,4,5300,买盘
333,09:48:16,13.26,0.01,614,814635,买盘
334,09:48:19,13.27,0.01,53,70279,买盘
335,09:48:21,13.26,-0.01,12,15912,卖盘
336,09:48:25,13.27,0.01,84,111407,买盘
337,09:48:27,13.27,0.0,10,13265,买盘
338,09:48:33,13.26,-0.01,38,50388,卖盘
339,09:48:37,13.27,0.01,17,22559,买盘
340,09:48:39,13.26,-0.01,92,121989,中性盘
341,09:48:43,13.27,0.01,45,59703,买盘
342,09:48:48,13.27,0.0,63,83571,买盘
343,09:48:51,13.25,-0.02,25,33143,卖盘
344,09:48:55,13.26,0.01,7,9282,卖盘
345,09:48:57,13.27,0.01,300,397886,买盘
346,09:49:01,13.27,0.0,3,3981,买盘
347,09:49:04,13.25,-0.02,57,75591,卖盘
348,09:49:06,13.27,0.02,13,17247,买盘
349,09:49:09,13.25,-0.02,20,26511,卖盘
350,09:49:13,13.27,0.02,366,485599,买盘
351,09:49:16,13.27,0.0,105,139326,买盘
352,09:49:19,13.27,0.0,58,76996,卖盘
353,09:49:21,13.28,0.01,103,136705,买盘
354,09:49:24,13.27,-0.01,29,38485,中性盘
355,09:49:27,13.27,0.0,6,7962,买盘
356,09:49:30,13.27,0.0,45,59715,卖盘
357,09:49:33,13.28,0.01,2,2656,买盘
358,09:49:36,13.27,-0.01,70,92890,卖盘
359,09:49:39,13.28,0.01,316,419576,买盘
360,09:49:42,13.32,0.04,2141,2847905,买盘
361,09:49:45,13.32,0.0,829,1104146,买盘
362,09:49:49,13.33,0.01,149,198552,买盘
363,09:49:51,13.3,-0.03,319,424411,卖盘
364,09:49:54,13.3,0.0,3,3993,卖盘
365,09:49:57,13.32,0.02,12,15984,买盘
366,09:50:00,13.32,0.0,44,58602,买盘
367,09:50:04,13.32,0.0,13,17316,买盘
368,09:50:09,13.3,-0.02,114,151620,卖盘
369,09:50:13,13.3,0.0,38,50540,买盘
370,09:50:15,13.29,-0.01,460,611748,卖盘
371,09:50:19,13.29,0.0,149,198105,卖盘
372,09:50:22,13.29,0.0,77,102333,买盘
373,09:50:25,13.3,0.01,161,214094,卖盘
374,09:50:27,13.3,0.0,282,375239,买盘
375,09:50:30,13.3,0.0,12,15955,卖盘
376,09:50:33,13.31,0.01,101,134406,买盘
377,09:50:36,13.31,0.0,13,17303,买盘
378,09:50:40,13.31,0.0,91,121117,买盘
379,09:50:43,13.32,0.01,137,182352,买盘
380,09:50:46,13.32,0.0,730,972730,买盘
381,09:50:49,13.32,0.0,86,114592,卖盘
382,09:50:52,13.32,0.0,117,155920,卖盘
383,09:50:55,13.33,0.01,28,37335,中性盘
384,09:50:58,13.34,0.01,2,2668,买盘
385,09:51:00,13.33,-0.01,630,840853,卖盘
386,09:51:04,13.33,0.0,15,19995,买盘
387,09:51:06,13.33,0.0,289,385219,买盘
388,09:51:09,13.34,0.01,23,30682,买盘
389,09:51:13,13.34,0.0,109,145455,卖盘
390,09:51:16,13.34,0.0,329,439133,卖盘
391,09:51:19,13.34,0.0,17,22682,卖盘
392,09:51:21,13.36,0.02,172,230189,买盘
393,09:51:24,13.34,-0.02,52,69014,卖盘
394,09:51:27,13.34,0.0,47,62698,买盘
395,09:51:30,13.33,-0.01,6,8001,卖盘
396,09:51:34,13.35,0.02,145,193431,买盘
397,09:51:37,13.35,0.0,146,194910,买盘
398,09:51:39,13.36,0.01,11,14686,买盘
399,09:51:42,13.36,0.0,412,551126,买盘
400,09:51:45,13.38,0.02,134,178996,买盘
401,09:51:49,13.36,-0.02,5,6677,中性盘
402,09:51:52,13.38,0.02,106,141738,买盘
403,09:51:55,13.38,0.0,123,164304,买盘
404,09:51:57,13.36,-0.02,6,8018,中性盘
405,09:52:01,13.37,0.01,53,70836,买盘
406,09:52:03,13.37,0.0,91,121549,买盘
407,09:52:06,13.35,-0.02,311,414744,卖盘
408,09:52:13,13.35,0.0,175,233582,买盘
409,09:52:15,13.35,0.0,71,95211,买盘
410,09:52:18,13.35,0.0,6,8010,卖盘
411,09:52:22,13.35,0.0,2,2670,卖盘
412,09:52:24,13.35,0.0,62,82778,卖盘
413,09:52:27,13.35,0.0,24,31599,卖盘
414,09:52:31,13.35,0.0,119,158888,买盘
415,09:52:34,13.35,0.0,23,30705,买盘
416,09:52:37,13.35,0.0,6,8008,买盘
417,09:52:39,13.35,0.0,7,9345,买盘
418,09:52:43,13.35,0.0,95,126787,买盘
419,09:52:46,13.35,0.0,476,634989,买盘
420,09:52:49,13.34,-0.01,46,61393,卖盘
421,09:52:52,13.35,0.01,116,154831,买盘
422,09:52:55,13.34,-0.01,51,68053,卖盘
423,09:52:58,13.34,0.0,66,88051,卖盘
424,09:53:01,13.34,0.0,31,41354,卖盘
425,09:53:04,13.34,0.0,78,104052,卖盘
426,09:53:07,13.34,0.0,21,28019,卖盘
427,09:53:10,13.34,0.0,450,600698,卖盘
428,09:53:13,13.35,0.01,57,76091,买盘
429,09:53:15,13.35,0.0,78,104130,买盘
430,09:53:19,13.34,-0.01,28,37352,中性盘
431,09:53:22,13.35,0.01,17,22693,买盘
432,09:53:25,13.34,-0.01,142,189405,中性盘
433,09:53:30,13.34,0.0,43,57363,卖盘
434,09:53:33,13.34,0.0,27,36018,买盘
435,09:53:36,13.35,0.01,538,718094,买盘
436,09:53:43,13.35,0.0,631,843110,卖盘
437,09:53:45,13.35,0.0,7,9345,买盘
438,09:53:49,13.37,0.02,95,126895,买盘
439,09:53:55,13.36,-0.01,21,28036,买盘
440,09:53:58,13.36,0.0,12,16032,买盘
441,09:54:01,13.38,0.02,326,435641,买盘
442,09:54:04,13.38,0.0,20,26760,买盘
443,09:54:06,13.38,0.0,35,46800,买盘
444,09:54:09,13.38,0.0,36,48168,买盘
445,09:54:12,13.37,-0.01,79,105696,卖盘
446,09:54:15,13.4,0.03,1316,1762660,买盘
447,09:54:19,13.41,0.01,234,313573,买盘
448,09:54:22,13.41,0.0,15,20104,买盘
449,09:54:25,13.42,0.01,47,63052,买盘
450,09:54:27,13.42,0.0,103,138226,买盘
451,09:54:30,13.4,-0.02,885,1185754,卖盘
452,09:54:33,13.4,0.0,68,91033,买盘
453,09:54:36,13.4,0.0,77,103180,买盘
454,09:54:39,13.4,0.0,493,660620,买盘
455,09:54:42,13.4,0.0,113,151397,买盘
456,09:54:45,13.39,-0.01,37,49535,中性盘
457,09:54:49,13.39,0.0,51,68289,买盘
458,09:54:52,13.4,0.01,664,890132,买盘
459,09:54:54,13.4,0.0,48,63878,卖盘
460,09:54:57,13.41,0.01,4,5361,买盘
461,09:55:00,13.4,-0.01,1,1340,买盘
462,09:55:03,13.39,-0.01,43,57580,卖盘
463,09:55:07,13.39,0.0,3,4017,卖盘
464,09:55:10,13.41,0.02,214,286761,买盘
465,09:55:13,13.4,-0.01,166,222440,卖盘
466,09:55:15,13.4,0.0,72,96485,卖盘
467,09:55:19,13.4,0.0,51,68340,买盘
468,09:55:22,13.4,0.0,127,170180,买盘
469,09:55:24,13.4,0.0,400,536001,卖盘
470,09:55:27,13.39,-0.01,1,1339,卖盘
471,09:55:30,13.4,0.01,146,195631,买盘
472,09:55:33,13.37,-0.03,133,178030,卖盘
473,09:55:37,13.39,0.02,98,131303,卖盘
474,09:55:39,13.39,0.0,4,5356,买盘
475,09:55:43,13.39,0.0,76,101767,买盘
476,09:55:46,13.4,0.01,220,294471,买盘
477,09:55:49,13.39,-0.01,25,33475,卖盘
478,09:55:52,13.39,0.0,28,37492,买盘
479,09:55:55,13.39,0.0,94,125698,买盘
480,09:55:58,13.4,0.01,671,898947,买盘
481,09:56:01,13.4,0.0,40,53600,卖盘
482,09:56:04,13.4,0.0,496,664433,卖盘
483,09:56:13,13.38,-0.02,39,52187,卖盘
484,09:56:16,13.38,0.0,163,218047,买盘
485,09:56:19,13.38,0.0,92,123096,买盘
486,09:56:21,13.38,0.0,73,97674,卖盘
487,09:56:25,13.37,-0.01,78,104286,卖盘
488,09:56:31,13.37,0.0,281,375705,卖盘
489,09:56:34,13.36,-0.01,59,78824,卖盘
490,09:56:37,13.37,0.01,44,58805,买盘
491,09:56:40,13.37,0.0,30,40110,买盘
492,09:56:42,13.37,0.0,25,33422,买盘
493,09:56:45,13.37,0.0,125,166963,买盘
494,09:56:49,13.38,0.01,72,96246,买盘
495,09:56:52,13.37,-0.01,29,38773,中性盘
496,09:56:55,13.37,0.0,115,153515,买盘
497,09:56:58,13.35,-0.02,17,22715,中性盘
498,09:57:01,13.37,0.02,129,172463,买盘
499,09:57:04,13.34,-0.03,93,124106,卖盘
500,09:57:06,13.38,0.04,686,917447,买盘
501,09:57:10,13.35,-0.03,58,77549,卖盘
502,09:57:12,13.38,0.03,36,48170,中性盘
503,09:57:16,13.39,0.01,318,425280,买盘
504,09:57:25,13.39,0.0,2102,2818196,买盘
505,09:57:28,13.39,0.0,97,130120,中性盘
506,09:57:31,13.42,0.03,123,164996,买盘
507,09:57:34,13.39,-0.03,126,169196,卖盘
508,09:57:37,13.43,0.04,170,228154,买盘
509,09:57:42,13.39,-0.04,52,69775,卖盘
510,09:57:46,13.41,0.02,194,260178,中性盘
511,09:57:49,13.42,0.01,34,45628,买盘
512,09:57:55,13.42,0.0,113,151556,买盘
513,09:58:01,13.42,0.0,53,71124,买盘
514,09:58:04,13.42,0.0,39,52338,买盘
515,09:58:06,13.43,0.01,92,123397,买盘
516,09:58:10,13.42,-0.01,6,8052,卖盘
517,09:58:13,13.41,-0.01,24,32171,买盘
518,09:58:16,13.41,0.0,47,63037,买盘
519,09:58:19,13.42,0.01,95,127408,买盘
520,09:58:22,13.45,0.03,2310,3103824,买盘
521,09:58:25,13.41,-0.04,40,53640,卖盘
522,09:58:27,13.41,0.0,86,115326,卖盘
523,09:58:30,13.42,0.01,23,30856,买盘
524,09:58:33,13.41,-0.01,78,104646,卖盘
525,09:58:37,13.41,0.0,67,89860,卖盘
526,09:58:40,13.41,0.0,10,13410,卖盘
527,09:58:46,13.44,0.03,652,876168,买盘
528,09:58:52,13.46,0.02,253,340248,买盘
529,09:58:54,13.45,-0.01,29,38982,中性盘
530,09:58:58,13.44,-0.01,140,188187,卖盘
531,09:59:01,13.44,0.0,15,20160,买盘
532,09:59:04,13.45,0.01,234,314588,买盘
533,09:59:07,13.44,-0.01,124,166740,卖盘
534,09:59:10,13.45,0.01,2,2690,买盘
535,09:59:13,13.45,0.0,19,25555,买盘
536,09:59:16,13.44,-0.01,174,233916,卖盘
537,09:59:19,13.45,0.01,72,96838,买盘
538,09:59:22,13.45,0.0,24,32294,买盘
539,09:59:25,13.45,0.0,171,229973,卖盘
540,09:59:27,13.44,-0.01,99,133089,卖盘
541,09:59:31,13.44,0.0,27,36288,卖盘
542,09:59:33,13.44,0.0,32,43006,买盘
543,09:59:36,13.42,-0.02,303,407347,卖盘
544,09:59:39,13.42,0.0,8,10736,买盘
545,09:59:43,13.42,0.0,15,20130,买盘
546,09:59:46,13.42,0.0,4,5368,买盘
547,09:59:49,13.42,0.0,70,93940,卖盘
548,09:59:51,13.43,0.01,85,114155,买盘
549,09:59:55,13.43,0.0,56,75224,卖盘
550,09:59:58,13.42,-0.01,64,85888,卖盘
551,10:00:01,13.43,0.01,37,49650,买盘
552,10:00:04,13.43,0.0,204,273943,买盘
553,10:00:07,13.41,-0.02,954,1280660,卖盘
554,10:00:10,13.41,0.0,53,71073,买盘
555,10:00:13,13.42,0.01,17,22819,卖盘
556,10:00:16,13.44,0.02,64,85994,买盘
557,10:00:19,13.44,0.0,83,111552,卖盘
558,10:00:22,13.44,0.0,14,18816,卖盘
559,10:00:25,13.44,0.0,83,111552,买盘
560,10:00:27,13.42,-0.02,116,155722,卖盘
561,10:00:31,13.44,0.02,12,16128,买盘
562,10:00:36,13.42,-0.02,68,91309,卖盘
563,10:00:40,13.42,0.0,60,80513,买盘
564,10:00:43,13.45,0.03,325,436970,买盘
565,10:00:46,13.41,-0.04,62,83178,卖盘
566,10:00:49,13.46,0.05,200,268905,买盘
567,10:00:51,13.45,-0.01,19,25571,中性盘
568,10:00:55,13.47,0.02,560,753978,买盘
569,10:00:58,13.44,-0.03,398,536088,中性盘
570,10:01:00,13.44,0.0,662,891188,买盘
571,10:01:04,13.45,0.01,9,12111,卖盘
572,10:01:07,13.46,0.01,59,79411,买盘
573,10:01:10,13.45,-0.01,16,21520,卖盘
574,10:01:13,13.46,0.01,1078,1453109,买盘
575,10:01:15,13.48,0.02,1,1348,中性盘
576,10:01:19,13.46,-0.02,25,33688,卖盘
577,10:01:22,13.5,0.04,560,755709,买盘
578,10:01:25,13.48,-0.02,22,29673,中性盘
579,10:01:28,13.48,0.0,84,113299,买盘
580,10:01:31,13.47,-0.01,94,126721,卖盘
581,10:01:34,13.49,0.02,2,2696,买盘
582,10:01:37,13.47,-0.02,114,153578,卖盘
583,10:01:40,13.48,0.01,70,94377,买盘
584,10:01:42,13.46,-0.02,97,130648,卖盘
585,10:01:46,13.48,0.02,47,63343,中性盘
586,10:01:49,13.47,-0.01,286,385672,卖盘
587,10:01:52,13.45,-0.02,13,17503,卖盘
588,10:01:55,13.48,0.03,146,196764,买盘
589,10:01:58,13.46,-0.02,91,122556,卖盘
590,10:02:01,13.46,0.0,15,20190,买盘
591,10:02:04,13.46,0.0,3,4038,买盘
592,10:02:07,13.47,0.01,9,12118,买盘
593,10:02:10,13.46,-0.01,83,111638,卖盘
594,10:02:13,13.46,0.0,16,21536,卖盘
595,10:02:15,13.47,0.01,17,22884,买盘
596,10:02:19,13.46,-0.01,148,199208,卖盘
597,10:02:22,13.46,0.0,58,78068,卖盘
598,10:02:25,13.46,0.0,336,452346,卖盘
599,10:02:28,13.46,0.0,228,306840,卖盘
600,10:02:30,13.47,0.01,200,269349,买盘
601,10:02:34,13.46,-0.01,7,9422,买盘
602,10:02:36,13.44,-0.02,241,324047,卖盘
603,10:02:39,13.45,0.01,118,158710,买盘
604,10:02:42,13.44,-0.01,570,766193,卖盘
605,10:02:46,13.44,0.0,6,8064,买盘
606,10:02:49,13.43,-0.01,103,138280,卖盘
607,10:02:52,13.43,0.0,37,49691,买盘
608,10:02:54,13.44,0.01,118,158553,中性盘
609,10:02:58,13.45,0.01,218,292852,买盘
610,10:03:01,13.45,0.0,96,129120,卖盘
611,10:03:04,13.45,0.0,20,26900,卖盘
612,10:03:06,13.45,0.0,157,211167,卖盘
613,10:03:10,13.45,0.0,86,115671,卖盘
614,10:03:13,13.45,0.0,71,95495,卖盘
615,10:03:16,13.45,0.0,1,1345,买盘
616,10:03:19,13.44,-0.01,297,399385,卖盘
617,10:03:22,13.45,0.01,54,72630,买盘
618,10:03:25,13.45,0.0,31,41695,买盘
619,10:03:27,13.44,-0.01,130,174734,卖盘
620,10:03:30,13.45,0.01,17,22859,买盘
621,10:03:36,13.42,-0.03,96,128860,卖盘
622,10:03:39,13.42,0.0,36,48312,卖盘
623,10:03:43,13.44,0.02,25,33582,买盘
624,10:03:48,13.44,0.0,93,124909,买盘
625,10:03:52,13.43,-0.01,273,366211,卖盘
626,10:03:55,13.44,0.01,125,167970,买盘
627,10:03:57,13.44,0.0,127,170702,卖盘
628,10:04:01,13.44,0.0,5,6720,卖盘
629,10:04:04,13.44,0.0,3,4032,卖盘
630,10:04:06,13.45,0.01,54,72584,买盘
631,10:04:09,13.44,-0.01,75,100800,卖盘
632,10:04:13,13.45,0.01,12,16139,买盘
633,10:04:15,13.45,0.0,2,2690,买盘
634,10:04:19,13.44,-0.01,260,349443,卖盘
635,10:04:21,13.45,0.01,52,69940,买盘
636,10:04:24,13.44,-0.01,27,36311,卖盘
637,10:04:27,13.45,0.01,132,177484,买盘
638,10:04:30,13.44,-0.01,190,255510,卖盘
639,10:04:33,13.45,0.01,6,8070,买盘
640,10:04:36,13.44,-0.01,79,106181,卖盘
641,10:04:39,13.44,0.0,9,12101,卖盘
642,10:04:43,13.44,0.0,2,2688,卖盘
643,10:04:46,13.45,0.01,30,40330,买盘
644,10:04:48,13.46,0.01,197,264986,买盘
645,10:04:54,13.45,-0.01,77,103631,卖盘
646,10:04:57,13.45,0.0,94,126297,买盘
647,10:05:00,13.46,0.01,5,6729,买盘
648,10:05:04,13.45,-0.01,13,17485,卖盘
649,10:05:06,13.45,0.0,10,13456,中性盘
650,10:05:10,13.44,-0.01,13,17472,卖盘
651,10:05:12,13.44,0.0,26,34944,买盘
652,10:05:15,13.44,0.0,75,100800,买盘
653,10:05:18,13.44,0.0,337,452963,卖盘
654,10:05:21,13.43,-0.01,225,302463,卖盘
655,10:05:25,13.45,0.02,48,64560,买盘
656,10:05:28,13.44,-0.01,117,157281,卖盘
657,10:05:31,13.45,0.01,33,44376,买盘
658,10:05:33,13.43,-0.02,108,145073,卖盘
659,10:05:37,13.43,0.0,72,96770,卖盘
660,10:05:40,13.45,0.02,14,18828,买盘
661,10:05:43,13.44,-0.01,10,13440,买盘
662,10:05:46,13.44,0.0,10,13440,买盘
663,10:05:49,13.44,0.0,121,162516,买盘
664,10:05:51,13.45,0.01,61,81992,买盘
665,10:05:54,13.44,-0.01,3,4032,卖盘
666,10:05:57,13.45,0.01,145,194934,买盘
667,10:06:01,13.44,-0.01,16,21505,卖盘
668,10:06:07,13.46,0.02,249,334883,买盘
669,10:06:09,13.45,-0.01,27,36315,卖盘
670,10:06:12,13.45,0.0,86,115670,卖盘
671,10:06:16,13.45,0.0,88,118361,卖盘
672,10:06:19,13.44,-0.01,188,253022,卖盘
673,10:06:24,13.45,0.01,183,246020,买盘
674,10:06:28,13.44,-0.01,20,26880,买盘
675,10:06:31,13.44,0.0,62,83328,买盘
676,10:06:33,13.44,0.0,121,162624,买盘
677,10:06:39,13.45,0.01,385,517821,买盘
678,10:06:43,13.44,-0.01,126,169422,卖盘
679,10:06:46,13.44,0.0,32,43035,卖盘
680,10:06:49,13.46,0.02,51,68597,买盘
681,10:06:54,13.47,0.01,517,696175,买盘
682,10:06:58,13.47,0.0,12,16164,卖盘
683,10:07:01,13.48,0.01,42,56565,买盘
684,10:07:04,13.47,-0.01,83,111732,中性盘
685,10:07:06,13.49,0.02,859,1158019,买盘
686,10:07:09,13.49,0.0,20,26980,买盘
687,10:07:13,13.49,0.0,58,78185,买盘
688,10:07:18,13.48,-0.01,51,68766,卖盘
689,10:07:22,13.48,0.0,24,32352,买盘
690,10:07:25,13.49,0.01,296,399180,买盘
691,10:07:27,13.49,0.0,27,36423,卖盘
692,10:07:34,13.49,0.0,160,215758,卖盘
693,10:07:36,13.49,0.0,24,32376,买盘
694,10:07:39,13.49,0.0,270,364230,卖盘
695,10:07:42,13.5,0.01,55,74202,买盘
696,10:07:46,13.48,-0.02,35,47177,中性盘
697,10:07:49,13.5,0.02,189,254996,买盘
698,10:07:52,13.48,-0.02,4,5392,卖盘
699,10:07:55,13.5,0.02,811,1094512,买盘
700,10:07:58,13.47,-0.03,5,6735,卖盘
701,10:08:00,13.5,0.03,164,221400,买盘
702,10:08:04,13.48,-0.02,59,79514,卖盘
703,10:08:06,13.48,0.0,12,16176,买盘
704,10:08:10,13.48,0.0,7,9436,卖盘
705,10:08:13,13.5,0.02,43,58020,买盘
706,10:08:16,13.48,-0.02,89,120014,卖盘
707,10:08:19,13.5,0.02,19,25650,买盘
708,10:08:21,13.49,-0.01,30,40470,卖盘
709,10:08:25,13.5,0.01,254,342692,买盘
710,10:08:27,13.47,-0.03,19,25605,卖盘
711,10:08:30,13.49,0.02,42,56634,买盘
712,10:08:33,13.48,-0.01,45,60626,中性盘
713,10:08:36,13.47,-0.01,138,185894,卖盘
714,10:08:39,13.49,0.02,189,254809,买盘
715,10:08:43,13.47,-0.02,144,193968,卖盘
716,10:08:46,13.49,0.02,487,655986,买盘
717,10:08:49,13.47,-0.02,426,574228,卖盘
718,10:08:52,13.47,0.0,194,261318,卖盘
719,10:08:55,13.45,-0.02,134,180401,卖盘
720,10:08:58,13.45,0.0,21,28259,卖盘
721,10:09:00,13.46,0.01,4,5381,买盘
722,10:09:03,13.44,-0.02,74,99533,卖盘
723,10:09:07,13.46,0.02,69,92874,买盘
724,10:09:10,13.44,-0.02,5,6720,卖盘
725,10:09:13,13.44,0.0,41,55173,卖盘
726,10:09:16,13.46,0.02,58,78028,买盘
727,10:09:19,13.45,-0.01,149,200665,卖盘
728,10:09:25,13.45,0.0,105,141225,卖盘
729,10:09:27,13.47,0.02,71,95511,买盘
730,10:09:30,13.47,0.0,10,13468,买盘
731,10:09:33,13.45,-0.02,45,60611,卖盘
732,10:09:36,13.45,0.0,17,22865,买盘
733,10:09:39,13.44,-0.01,57,76675,卖盘
734,10:09:42,13.47,0.03,1,1347,买盘
735,10:09:45,13.47,0.0,160,215359,买盘
736,10:09:49,13.45,-0.02,51,68687,中性盘
737,10:09:51,13.46,0.01,16,21536,买盘
738,10:09:54,13.44,-0.02,80,107591,卖盘
739,10:09:57,13.47,0.03,70,94144,买盘
740,10:10:00,13.47,0.0,42,56568,买盘
741,10:10:04,13.45,-0.02,10,13450,中性盘
742,10:10:07,13.5,0.05,572,771054,买盘
743,10:10:09,13.47,-0.03,1,1347,买盘
744,10:10:13,13.5,0.03,370,499400,买盘
745,10:10:16,13.49,-0.01,154,207752,卖盘
746,10:10:19,13.47,-0.02,435,587106,卖盘
747,10:10:21,13.47,0.0,26,35022,买盘
748,10:10:24,13.49,0.02,171,230648,买盘
749,10:10:27,13.49,0.0,2,2699,卖盘
750,10:10:31,13.5,0.01,309,417015,买盘
751,10:10:34,13.47,-0.03,20,26944,卖盘
752,10:10:37,13.48,0.01,62,83576,买盘
753,10:10:40,13.49,0.01,10,13490,买盘
754,10:10:43,13.49,0.0,32,43166,买盘
755,10:10:46,13.5,0.01,156,210324,买盘
756,10:10:49,13.5,0.0,194,261853,买盘
757,10:10:52,13.49,-0.01,130,175494,卖盘
758,10:10:54,13.49,0.0,91,122787,卖盘
759,10:10:58,13.49,0.0,27,36428,卖盘
760,10:11:00,13.5,0.01,36,48600,买盘
761,10:11:04,13.48,-0.02,134,180841,卖盘
762,10:11:06,13.5,0.02,57,76862,买盘
763,10:11:09,13.49,-0.01,10,13490,卖盘
764,10:11:12,13.48,-0.01,69,93146,卖盘
765,10:11:16,13.5,0.02,141,190220,买盘
766,10:11:19,13.51,0.01,24,32402,买盘
767,10:11:22,13.51,0.0,108,145850,买盘
768,10:11:25,13.5,-0.01,57,77085,卖盘
769,10:11:27,13.5,0.0,12,16200,卖盘
770,10:11:30,13.5,0.0,99,133515,卖盘
771,10:11:33,13.48,-0.02,45,60665,卖盘
772,10:11:36,13.5,0.02,131,176729,买盘
773,10:11:39,13.5,0.0,11,14848,买盘
774,10:11:42,13.5,0.0,69,93150,买盘
775,10:11:45,13.5,0.0,150,202360,买盘
776,10:11:49,13.5,0.0,240,323999,买盘
777,10:11:52,13.5,0.0,9,12150,买盘
778,10:11:55,13.5,0.0,61,82256,买盘
779,10:11:58,13.5,0.0,51,68850,买盘
780,10:12:01,13.5,0.0,18,24274,买盘
781,10:12:04,13.5,0.0,76,102534,买盘
782,10:12:06,13.5,0.0,40,54135,买盘
783,10:12:09,13.5,0.0,15,20250,卖盘
784,10:12:13,13.5,0.0,29,39015,卖盘
785,10:12:16,13.47,-0.03,184,248026,卖盘
786,10:12:19,13.51,0.04,205,276837,买盘
787,10:12:27,13.5,-0.01,29,39104,买盘
788,10:12:30,13.5,0.0,10,13500,买盘
789,10:12:33,13.5,0.0,272,367122,买盘
790,10:12:36,13.5,0.0,85,114750,买盘
791,10:12:39,13.5,0.0,33,44550,买盘
792,10:12:43,13.47,-0.03,51,68777,卖盘
793,10:12:46,13.5,0.03,28,38363,买盘
794,10:12:49,13.5,0.0,147,197842,卖盘
795,10:12:52,13.5,0.0,13,17550,买盘
796,10:12:55,13.5,0.0,25,33710,买盘
797,10:13:01,13.49,-0.01,77,104501,中性盘
798,10:13:04,13.48,-0.01,260,350290,卖盘
799,10:13:07,13.48,0.0,8,11383,买盘
800,10:13:10,13.49,0.01,5,6745,买盘
801,10:13:12,13.49,0.0,55,74143,买盘
802,10:13:16,13.49,0.0,48,64752,买盘
803,10:13:18,13.49,0.0,63,84987,卖盘
804,10:13:22,13.48,-0.01,23,31026,卖盘
805,10:13:33,13.47,-0.01,4,4795,卖盘
806,10:13:39,13.47,0.0,7,10022,买盘
807,10:13:43,13.48,0.01,113,152292,买盘
808,10:13:46,13.49,0.01,24,32339,买盘
809,10:13:48,13.47,-0.02,187,252242,卖盘
810,10:13:52,13.47,0.0,168,226643,买盘
811,10:13:58,13.48,0.01,26,35048,买盘
812,10:14:01,13.5,0.02,3,4048,买盘
813,10:14:04,13.5,0.0,25,33750,买盘
814,10:14:10,13.47,-0.03,31,41822,卖盘
815,10:14:12,13.5,0.03,37,49950,买盘
816,10:14:15,13.47,-0.03,84,113379,卖盘
817,10:14:18,13.5,0.03,2,2700,买盘
818,10:14:25,13.5,0.0,4,5400,买盘
819,10:14:28,13.47,-0.03,6,8082,卖盘
820,10:14:30,13.5,0.03,40,53997,买盘
821,10:14:34,13.5,0.0,4,5391,买盘
822,10:14:42,13.49,-0.01,61,82331,中性盘
823,10:14:45,13.5,0.01,49,66139,买盘
824,10:14:52,13.49,-0.01,29,39130,卖盘
825,10:14:55,13.5,0.01,8,10797,买盘
826,10:14:58,13.5,0.0,33,44524,买盘
827,10:15:01,13.5,0.0,23,31050,买盘
828,10:15:07,13.49,-0.01,5,6746,卖盘
829,10:15:09,13.5,0.01,84,113398,买盘
830,10:15:13,13.5,0.0,22,29700,买盘
831,10:15:16,13.49,-0.01,140,188950,卖盘
832,10:15:19,13.5,0.01,130,175495,买盘
833,10:15:22,13.49,-0.01,82,110690,卖盘
834,10:15:25,13.5,0.01,15,20250,买盘
835,10:15:31,13.5,0.0,304,410144,买盘
836,10:15:34,13.5,0.0,10,13494,买盘
837,10:15:39,13.5,0.0,15,20250,买盘
838,10:15:42,13.5,0.0,86,116100,买盘
839,10:15:45,13.51,0.01,181,244444,买盘
840,10:15:48,13.51,0.0,4,5404,买盘
841,10:15:52,13.51,0.0,1,1351,买盘
842,10:15:55,13.51,0.0,98,132347,买盘
843,10:15:57,13.5,-0.01,54,72900,卖盘
844,10:16:01,13.5,0.0,30,40499,买盘
845,10:16:04,13.49,-0.01,33,44517,卖盘
846,10:16:06,13.49,0.0,22,29690,卖盘
847,10:16:09,13.48,-0.01,7,9436,卖盘
848,10:16:12,13.48,0.0,39,52588,卖盘
849,10:16:15,13.49,0.01,38,51262,卖盘
850,10:16:18,13.49,0.0,111,149901,卖盘
851,10:16:24,13.5,0.01,70,94437,买盘
852,10:16:27,13.49,-0.01,23,31027,卖盘
853,10:16:30,13.52,0.03,589,795888,买盘
854,10:16:34,13.5,-0.02,64,86399,买盘
855,10:16:36,13.49,-0.01,1729,2340674,卖盘
856,10:16:39,13.5,0.01,4,5400,买盘
857,10:16:42,13.56,0.06,692,937106,买盘
858,10:16:45,13.52,-0.04,143,193904,卖盘
859,10:16:48,13.51,-0.01,24,32444,卖盘
860,10:16:51,13.55,0.04,150,203210,买盘
861,10:16:54,13.51,-0.04,54,73134,卖盘
862,10:16:58,13.57,0.06,263,356533,买盘
863,10:17:01,13.52,-0.05,5,6760,中性盘
864,10:17:04,13.53,0.01,15,20295,卖盘
865,10:17:07,13.52,-0.01,2,2704,卖盘
866,10:17:09,13.53,0.01,18,24352,买盘
867,10:17:13,13.55,0.02,89,120425,买盘
868,10:17:15,13.55,0.0,267,362038,卖盘
869,10:17:19,13.55,0.0,50,67752,卖盘
870,10:17:22,13.57,0.02,38,51524,买盘
871,10:17:25,13.56,-0.01,17,23045,买盘
872,10:17:28,13.56,0.0,7,9492,卖盘
873,10:17:30,13.6,0.04,3257,4426960,买盘
874,10:17:33,13.58,-0.02,310,421546,卖盘
875,10:17:36,13.55,-0.03,513,696808,卖盘
876,10:17:40,13.57,0.02,1,1357,买盘
877,10:17:42,13.57,0.0,64,86722,买盘
878,10:17:45,13.57,0.0,12,16284,买盘
879,10:17:48,13.58,0.01,17,23102,卖盘
880,10:17:51,13.57,-0.01,44,59747,卖盘
881,10:17:55,13.57,0.0,15,20355,买盘
882,10:17:57,13.56,-0.01,6,8137,卖盘
883,10:18:00,13.58,0.02,113,153213,买盘
884,10:18:04,13.56,-0.02,34,46162,中性盘
885,10:18:06,13.55,-0.01,104,141183,卖盘
886,10:18:09,13.6,0.05,818,1111879,买盘
887,10:18:12,13.6,0.0,172,233910,卖盘
888,10:18:15,13.56,-0.04,19,25782,中性盘
889,10:18:18,13.56,0.0,4,5423,买盘
890,10:18:21,13.58,0.02,116,157562,买盘
891,10:18:24,13.59,0.01,21,28519,买盘
892,10:18:27,13.59,0.0,3,4077,卖盘
893,10:18:30,13.58,-0.01,85,115442,卖盘
894,10:18:33,13.6,0.02,55,74746,买盘
895,10:18:36,13.59,-0.01,158,214719,卖盘
896,10:18:39,13.59,0.0,300,407499,买盘
897,10:18:42,13.59,0.0,66,89679,买盘
898,10:18:45,13.59,0.0,29,39411,买盘
899,10:18:48,13.58,-0.01,10,13580,中性盘
900,10:18:51,13.59,0.01,141,191513,买盘
901,10:18:54,13.59,0.0,398,541230,买盘
902,10:18:57,13.59,0.0,8,10872,卖盘
903,10:19:00,13.6,0.01,124,168853,买盘
904,10:19:04,13.6,0.0,23,31280,卖盘
905,10:19:06,13.6,0.0,30,40546,卖盘
906,10:19:09,13.58,-0.02,62,84237,卖盘
907,10:19:12,13.6,0.02,20,27200,买盘
908,10:19:15,13.6,0.0,12,16318,买盘
909,10:19:18,13.59,-0.01,23,31260,卖盘
910,10:19:22,13.59,0.0,70,95082,买盘
911,10:19:25,13.59,0.0,174,236463,买盘
912,10:19:27,13.6,0.01,7,9518,买盘
913,10:19:30,13.59,-0.01,104,141271,卖盘
914,10:19:33,13.59,0.0,40,54360,买盘
915,10:19:37,13.55,-0.04,715,970344,卖盘
916,10:19:40,13.59,0.04,152,206511,买盘
917,10:19:42,13.59,0.0,53,71978,买盘
918,10:19:46,13.58,-0.01,1,1358,卖盘
919,10:19:48,13.59,0.01,825,1121916,买盘
920,10:19:51,13.58,-0.01,331,449721,卖盘
921,10:19:54,13.58,0.0,53,72004,卖盘
922,10:19:57,13.59,0.01,59,80181,买盘
923,10:20:00,13.58,-0.01,27,36686,卖盘
924,10:20:04,13.59,0.01,100,135863,买盘
925,10:20:09,13.57,-0.02,18,24440,卖盘
926,10:20:12,13.59,0.02,97,131699,买盘
927,10:20:15,13.55,-0.04,30,40705,卖盘
928,10:20:18,13.58,0.03,11,14938,买盘
929,10:20:21,13.56,-0.02,6,8136,中性盘
930,10:20:27,13.55,-0.01,105,142423,卖盘
931,10:20:34,13.56,0.01,28,37958,买盘
932,10:20:37,13.55,-0.01,8,10843,中性盘
933,10:20:40,13.56,0.01,5,6778,买盘
934,10:20:42,13.56,0.0,124,167981,买盘
935,10:20:48,13.56,0.0,33,44748,买盘
936,10:20:52,13.56,0.0,26,35256,卖盘
937,10:20:57,13.57,0.01,60,81343,买盘
938,10:21:04,13.56,-0.01,599,813748,买盘
939,10:21:06,13.54,-0.02,68,92174,卖盘
940,10:21:09,13.57,0.03,3,4071,买盘
941,10:21:12,13.55,-0.02,28,37943,卖盘
942,10:21:18,13.55,0.0,68,92140,买盘
943,10:21:21,13.57,0.02,106,143745,买盘
944,10:21:24,13.56,-0.01,36,48816,卖盘
945,10:21:27,13.56,0.0,4,5424,卖盘
946,10:21:30,13.55,-0.01,19,25750,卖盘
947,10:21:36,13.55,0.0,11,14905,买盘
948,10:21:42,13.53,-0.02,69,93402,卖盘
949,10:21:45,13.53,0.0,3,4059,买盘
950,10:21:48,13.53,0.0,3,4059,中性盘
951,10:21:51,13.53,0.0,12,16237,卖盘
952,10:21:54,13.55,0.02,184,249177,买盘
953,10:21:58,13.54,-0.01,67,90820,卖盘
954,10:22:01,13.53,-0.01,47,63589,中性盘
955,10:22:04,13.54,0.01,2,2708,买盘
956,10:22:06,13.54,0.0,3,4062,买盘
957,10:22:10,13.54,0.0,102,137964,买盘
958,10:22:13,13.54,0.0,45,60884,买盘
959,10:22:15,13.53,-0.01,201,271753,中性盘
960,10:22:18,13.52,-0.01,13,17576,中性盘
961,10:22:22,13.52,0.0,91,122922,买盘
962,10:22:24,13.51,-0.01,5,6755,买盘
963,10:22:27,13.5,-0.01,252,340220,卖盘
964,10:22:31,13.48,-0.02,79,106571,卖盘
965,10:22:36,13.49,0.01,18,24279,中性盘
966,10:22:39,13.5,0.01,35,47195,买盘
967,10:22:43,13.49,-0.01,95,128070,中性盘
968,10:22:46,13.48,-0.01,10,13486,卖盘
969,10:22:49,13.48,0.0,85,114640,卖盘
970,10:22:51,13.49,0.01,294,396708,买盘
971,10:22:54,13.48,-0.01,5,6744,卖盘
972,10:22:57,13.48,0.0,36,48530,卖盘
973,10:23:00,13.5,0.02,133,179331,买盘
974,10:23:04,13.5,0.0,69,93130,买盘
975,10:23:06,13.5,0.0,81,109276,买盘
976,10:23:09,13.5,0.0,51,68801,买盘
977,10:23:12,13.48,-0.02,44,59330,卖盘
978,10:23:15,13.49,0.01,25,33746,中性盘
979,10:23:18,13.49,0.0,82,110569,卖盘
980,10:23:21,13.49,0.0,64,86338,卖盘
981,10:23:24,13.5,0.01,35,47237,买盘
982,10:23:28,13.49,-0.01,537,724427,卖盘
983,10:23:31,13.48,-0.01,114,153702,卖盘
984,10:23:33,13.49,0.01,39,52606,买盘
985,10:23:37,13.49,0.0,30,40465,卖盘
986,10:23:40,13.48,-0.01,60,80889,卖盘
987,10:23:43,13.47,-0.01,116,156252,卖盘
988,10:23:46,13.48,0.01,14,18870,买盘
989,10:23:48,13.46,-0.02,66,88896,卖盘
990,10:23:51,13.47,0.01,521,703251,中性盘
991,10:23:57,13.46,-0.01,62,83452,卖盘
992,10:24:00,13.47,0.01,61,82167,买盘
993,10:24:04,13.47,0.0,18,24246,卖盘
994,10:24:07,13.49,0.02,10,13484,买盘
995,10:24:10,13.48,-0.01,35,47180,卖盘
996,10:24:12,13.47,-0.01,70,94306,卖盘
997,10:24:15,13.47,0.0,18,24246,买盘
998,10:24:19,13.46,-0.01,49,65959,卖盘
999,10:24:21,13.45,-0.01,291,391878,卖盘
1000,10:24:28,13.47,0.02,16,21552,卖盘
1001,10:24:30,13.49,0.02,56,75451,买盘
1002,10:24:33,13.45,-0.04,86,115751,卖盘
1003,10:24:36,13.49,0.04,9,12141,买盘
1004,10:24:39,13.46,-0.03,23,30961,卖盘
1005,10:24:42,13.46,0.0,10,13460,买盘
1006,10:24:45,13.47,0.01,36,48459,买盘
1007,10:24:48,13.47,0.0,42,56534,买盘
1008,10:24:52,13.46,-0.01,62,83452,卖盘
1009,10:24:54,13.46,0.0,1,1346,卖盘
1010,10:24:57,13.46,0.0,103,138715,卖盘
1011,10:25:00,13.46,0.0,49,65958,卖盘
1012,10:25:04,13.48,0.02,22,29614,买盘
1013,10:25:06,13.48,0.0,16,21568,买盘
1014,10:25:09,13.46,-0.02,44,59226,卖盘
1015,10:25:12,13.48,0.02,81,109055,买盘
1016,10:25:18,13.46,-0.02,31,41730,卖盘
1017,10:25:21,13.48,0.02,95,127927,买盘
1018,10:25:24,13.47,-0.01,54,72735,卖盘
1019,10:25:27,13.46,-0.01,41,55204,卖盘
1020,10:25:30,13.46,0.0,38,51148,卖盘
1021,10:25:33,13.46,0.0,46,61881,买盘
1022,10:25:36,13.46,0.0,152,204592,买盘
1023,10:25:39,13.46,0.0,53,71338,卖盘
1024,10:25:42,13.45,-0.01,62,83401,卖盘
1025,10:25:45,13.47,0.02,9,12123,买盘
1026,10:25:48,13.47,0.0,46,61933,买盘
1027,10:25:51,13.48,0.01,192,258602,买盘
1028,10:25:54,13.46,-0.02,55,74081,卖盘
1029,10:25:57,13.46,0.0,61,82117,卖盘
1030,10:26:00,13.48,0.02,186,250724,买盘
1031,10:26:04,13.46,-0.02,60,80786,卖盘
1032,10:26:06,13.48,0.02,10,13480,卖盘
1033,10:26:09,13.47,-0.01,10,13477,卖盘
1034,10:26:18,13.45,-0.02,51,68646,卖盘
1035,10:26:21,13.47,0.02,135,181845,买盘
1036,10:26:27,13.47,0.0,34,45798,卖盘
1037,10:26:33,13.47,0.0,49,66003,卖盘
1038,10:26:36,13.48,0.01,18,24250,买盘
1039,10:26:40,13.47,-0.01,27,36370,卖盘
1040,10:26:42,13.48,0.01,74,99633,买盘
1041,10:26:48,13.5,0.02,430,579926,买盘
1042,10:26:51,13.49,-0.01,5,6737,中性盘
1043,10:26:54,13.48,-0.01,29,39092,买盘
1044,10:26:57,13.48,0.0,7,9434,买盘
1045,10:27:01,13.48,0.0,44,59270,买盘
1046,10:27:04,13.48,0.0,63,84862,买盘
1047,10:27:06,13.48,0.0,103,138914,买盘
1048,10:27:09,13.48,0.0,31,41788,卖盘
1049,10:27:12,13.47,-0.01,77,103755,卖盘
1050,10:27:15,13.48,0.01,5,6740,中性盘
1051,10:27:18,13.47,-0.01,23,30985,卖盘
1052,10:27:22,13.5,0.03,144,193168,买盘
1053,10:27:24,13.5,0.0,74,99823,卖盘
1054,10:27:27,13.5,0.0,25,33750,卖盘
1055,10:27:30,13.5,0.0,64,86400,卖盘
1056,10:27:33,13.49,-0.01,14,18886,卖盘
1057,10:27:36,13.5,0.01,97,130914,买盘
1058,10:27:39,13.48,-0.02,11,14829,卖盘
1059,10:27:42,13.47,-0.01,36,48492,卖盘
1060,10:27:45,13.48,0.01,27,36396,买盘
1061,10:27:49,13.47,-0.01,79,106453,卖盘
1062,10:27:52,13.48,0.01,9,12140,卖盘
1063,10:27:54,13.48,0.0,20,28170,买盘
1064,10:27:57,13.47,-0.01,3,4041,中性盘
1065,10:28:00,13.46,-0.01,49,65974,卖盘
1066,10:28:03,13.46,0.0,47,63273,卖盘
1067,10:28:06,13.5,0.04,198,267214,买盘
1068,10:28:09,13.48,-0.02,67,90236,中性盘
1069,10:28:12,13.48,0.0,74,99752,卖盘
1070,10:28:16,13.5,0.02,48,64770,买盘
1071,10:28:18,13.48,-0.02,50,67400,卖盘
1072,10:28:21,13.47,-0.01,13,17522,卖盘
1073,10:28:24,13.48,0.01,49,66052,中性盘
1074,10:28:27,13.48,0.0,31,41788,买盘
1075,10:28:30,13.46,-0.02,21,28282,卖盘
1076,10:28:33,13.48,0.02,96,129281,买盘
1077,10:28:40,13.48,0.0,19,25617,卖盘
1078,10:28:42,13.46,-0.02,141,190132,卖盘
1079,10:28:48,13.48,0.02,30,40386,买盘
1080,10:28:51,13.5,0.02,226,303647,买盘
1081,10:28:54,13.5,0.0,30,40500,卖盘
1082,10:28:57,13.5,0.0,38,51302,卖盘
1083,10:29:00,13.49,-0.01,100,136209,卖盘
1084,10:29:04,13.49,0.0,6,8094,买盘
1085,10:29:09,13.47,-0.02,5,6735,卖盘
1086,10:29:12,13.45,-0.02,200,269594,卖盘
1087,10:29:16,13.49,0.04,5,6745,买盘
1088,10:29:18,13.46,-0.03,5,6730,卖盘
1089,10:29:21,13.46,0.0,27,36344,卖盘
1090,10:29:24,13.46,0.0,76,102254,卖盘
1091,10:29:28,13.46,0.0,141,189653,买盘
1092,10:29:30,13.46,0.0,110,147951,买盘
1093,10:29:33,13.45,-0.01,167,224615,卖盘
1094,10:29:36,13.45,0.0,64,86080,卖盘
1095,10:29:40,13.45,0.0,60,80641,买盘
1096,10:29:43,13.43,-0.02,46,60718,卖盘
1097,10:29:45,13.44,0.01,14,18816,买盘
1098,10:29:48,13.44,0.0,51,68508,买盘
1099,10:29:51,13.43,-0.01,3,4029,卖盘
1100,10:29:54,13.44,0.01,148,198770,买盘
1101,10:29:57,13.45,0.01,41,55082,买盘
1102,10:30:00,13.45,0.0,80,107426,买盘
1103,10:30:04,13.43,-0.02,26,34928,卖盘
1104,10:30:07,13.43,0.0,34,45662,买盘
1105,10:30:09,13.43,0.0,40,53718,卖盘
1106,10:30:13,13.42,-0.01,63,84553,卖盘
1107,10:30:15,13.42,0.0,121,162413,卖盘
1108,10:30:19,13.43,0.01,74,99400,卖盘
1109,10:30:22,13.43,0.0,25,33585,买盘
1110,10:30:24,13.45,0.02,150,201705,买盘
1111,10:30:28,13.47,0.02,3,4041,买盘
1112,10:30:31,13.47,0.0,95,127807,买盘
1113,10:30:34,13.45,-0.02,45,60525,卖盘
1114,10:30:37,13.45,0.0,12,16140,买盘
1115,10:30:39,13.45,0.0,55,73926,买盘
1116,10:30:42,13.44,-0.01,75,100800,卖盘
1117,10:30:46,13.46,0.02,50,67273,买盘
1118,10:30:48,13.44,-0.02,52,69897,卖盘
1119,10:30:51,13.46,0.02,8,10768,买盘
1120,10:30:55,13.44,-0.02,56,75264,卖盘
1121,10:30:57,13.43,-0.01,7,9407,卖盘
1122,10:31:00,13.44,0.01,84,112819,买盘
1123,10:31:04,13.42,-0.02,104,139643,卖盘
1124,10:31:06,13.45,0.03,25,33622,买盘
1125,10:31:09,13.45,0.0,49,65846,买盘
1126,10:31:12,13.45,0.0,147,197652,买盘
1127,10:31:16,13.45,0.0,8,10760,卖盘
1128,10:31:19,13.43,-0.02,64,86003,卖盘
1129,10:31:22,13.45,0.02,19,25541,中性盘
1130,10:31:25,13.44,-0.01,7,9408,卖盘
1131,10:31:27,13.45,0.01,58,77958,买盘
1132,10:31:30,13.45,0.0,91,122303,卖盘
1133,10:31:34,13.44,-0.01,27,36292,卖盘
1134,10:31:37,13.44,0.0,25,33600,买盘
1135,10:31:40,13.43,-0.01,46,61793,卖盘
1136,10:31:42,13.44,0.01,16,21513,卖盘
1137,10:31:45,13.44,0.0,88,118272,买盘
1138,10:31:48,13.43,-0.01,64,86007,卖盘
1139,10:31:51,13.44,0.01,4,5376,中性盘
1140,10:31:55,13.46,0.02,212,285088,买盘
1141,10:31:58,13.44,-0.02,53,71314,卖盘
1142,10:32:01,13.44,0.0,42,56419,卖盘
1143,10:32:04,13.43,-0.01,39,52383,卖盘
1144,10:32:06,13.44,0.01,8,10752,卖盘
1145,10:32:09,13.43,-0.01,39,52398,卖盘
1146,10:32:12,13.43,0.0,51,68493,卖盘
1147,10:32:16,13.43,0.0,7,9401,卖盘
1148,10:32:18,13.43,0.0,47,63127,卖盘
1149,10:32:21,13.43,0.0,41,55073,卖盘
1150,10:32:25,13.43,0.0,21,28203,卖盘
1151,10:32:27,13.43,0.0,15,20145,买盘
1152,10:32:30,13.43,0.0,85,114079,买盘
1153,10:32:33,13.42,-0.01,53,71126,卖盘
1154,10:32:36,13.42,0.0,15,20130,卖盘
1155,10:32:40,13.43,0.01,73,98013,买盘
1156,10:32:43,13.42,-0.01,48,64425,卖盘
1157,10:32:46,13.43,0.01,21,28203,买盘
1158,10:32:48,13.43,0.0,44,59077,买盘
1159,10:32:51,13.43,0.0,68,91335,卖盘
1160,10:32:54,13.43,0.0,49,65807,卖盘
1161,10:32:57,13.43,0.0,14,18802,买盘
1162,10:33:00,13.43,0.0,70,93943,买盘
1163,10:33:03,13.42,-0.01,127,170434,卖盘
1164,10:33:06,13.42,0.0,50,68206,卖盘
1165,10:33:09,13.41,-0.01,66,88516,卖盘
1166,10:33:15,13.41,0.0,108,144832,卖盘
1167,10:33:18,13.41,0.0,82,109967,卖盘
1168,10:33:21,13.41,0.0,27,36207,卖盘
1169,10:33:25,13.41,0.0,188,252536,卖盘
1170,10:33:27,13.42,0.01,4,5368,买盘
1171,10:33:30,13.42,0.0,123,164952,买盘
1172,10:33:33,13.41,-0.01,58,77797,卖盘
1173,10:33:39,13.42,0.01,55,73814,买盘
1174,10:33:42,13.43,0.01,3,4029,买盘
1175,10:33:45,13.42,-0.01,54,72459,卖盘
1176,10:33:52,13.42,0.0,36,48289,买盘
1177,10:33:54,13.41,-0.01,35,46935,卖盘
1178,10:33:58,13.43,0.02,55,73331,买盘
1179,10:34:00,13.41,-0.02,96,128745,卖盘
1180,10:34:04,13.41,0.0,63,84450,卖盘
1181,10:34:06,13.41,0.0,262,351133,买盘
1182,10:34:09,13.41,0.0,294,394008,买盘
1183,10:34:12,13.41,0.0,209,280068,买盘
1184,10:34:15,13.4,-0.01,168,225580,卖盘
1185,10:34:18,13.39,-0.01,23,30816,卖盘
1186,10:34:22,13.38,-0.01,57,76283,卖盘
1187,10:34:24,13.38,0.0,1,1338,卖盘
1188,10:34:27,13.38,0.0,58,77609,卖盘
1189,10:34:31,13.37,-0.01,73,97627,卖盘
1190,10:34:33,13.36,-0.01,77,102852,卖盘
1191,10:34:36,13.37,0.01,4,5348,买盘
1192,10:34:39,13.36,-0.01,61,81501,卖盘
1193,10:34:43,13.37,0.01,44,58822,买盘
1194,10:34:45,13.39,0.02,93,124325,买盘
1195,10:34:48,13.37,-0.02,9,12033,卖盘
1196,10:34:51,13.37,0.0,100,133777,买盘
1197,10:34:54,13.39,0.02,217,290509,买盘
1198,10:34:57,13.37,-0.02,10,13370,卖盘
1199,10:35:01,13.37,0.0,103,137738,卖盘
1200,10:35:04,13.37,0.0,168,224674,卖盘
1201,10:35:07,13.38,0.01,43,57511,中性盘
1202,10:35:09,13.37,-0.01,53,70863,卖盘
1203,10:35:12,13.39,0.02,26,34814,买盘
1204,10:35:15,13.37,-0.02,81,108297,卖盘
1205,10:35:21,13.37,0.0,45,60167,卖盘
1206,10:35:25,13.37,0.0,67,89583,卖盘
1207,10:35:28,13.37,0.0,62,82894,卖盘
1208,10:35:31,13.39,0.02,113,151089,买盘
1209,10:35:33,13.39,0.0,180,240716,买盘
1210,10:35:36,13.39,0.0,7,9373,买盘
1211,10:35:39,13.37,-0.02,81,108307,卖盘
1212,10:35:42,13.37,0.0,21,28077,卖盘
1213,10:35:45,13.36,-0.01,122,163104,卖盘
1214,10:35:49,13.36,0.0,139,185601,买盘
1215,10:35:51,13.35,-0.01,117,156136,卖盘
1216,10:35:54,13.35,0.0,120,160231,卖盘
1217,10:35:57,13.36,0.01,68,90805,买盘
1218,10:36:00,13.34,-0.02,103,137429,卖盘
1219,10:36:04,13.36,0.02,137,182815,买盘
1220,10:36:06,13.36,0.0,6,8016,卖盘
1221,10:36:10,13.35,-0.01,32,42741,卖盘
1222,10:36:12,13.35,0.0,27,36041,买盘
1223,10:36:15,13.35,0.0,71,94701,买盘
1224,10:36:22,13.35,0.0,64,85385,买盘
1225,10:36:24,13.36,0.01,206,275166,买盘
1226,10:36:28,13.37,0.01,10,13370,买盘
1227,10:36:30,13.35,-0.02,63,84151,卖盘
1228,10:36:33,13.34,-0.01,61,81387,卖盘
1229,10:36:36,13.35,0.01,37,49395,买盘
1230,10:36:39,13.35,0.0,39,52065,卖盘
1231,10:36:45,13.37,0.02,68,90807,买盘
1232,10:36:48,13.36,-0.01,4,5344,卖盘
1233,10:36:51,13.37,0.01,66,88183,买盘
1234,10:36:54,13.35,-0.02,71,94785,卖盘
1235,10:36:58,13.35,0.0,5,6675,买盘
1236,10:37:00,13.34,-0.01,80,106753,卖盘
1237,10:37:03,13.33,-0.01,63,84046,卖盘
1238,10:37:06,13.35,0.02,27,36045,买盘
1239,10:37:10,13.33,-0.02,48,63990,卖盘
1240,10:37:13,13.35,0.02,4,5340,买盘
1241,10:37:16,13.35,0.0,318,423945,买盘
1242,10:37:18,13.35,0.0,47,62745,买盘
1243,10:37:21,13.33,-0.02,55,73315,卖盘
1244,10:37:24,13.33,0.0,62,82657,卖盘
1245,10:37:30,13.33,0.0,71,94649,卖盘
1246,10:37:33,13.33,0.0,47,62654,卖盘
1247,10:37:36,13.34,0.01,5,6674,中性盘
1248,10:37:39,13.33,-0.01,105,139966,卖盘
1249,10:37:42,13.34,0.01,13,17342,买盘
1250,10:37:45,13.34,0.0,74,98652,买盘
1251,10:37:49,13.33,-0.01,21,27994,卖盘
1252,10:37:51,13.34,0.01,101,134700,买盘
1253,10:37:54,13.35,0.01,382,509563,买盘
1254,10:37:57,13.36,0.01,54,72092,买盘
1255,10:38:00,13.34,-0.02,89,118766,卖盘
1256,10:38:03,13.34,0.0,95,126767,卖盘
1257,10:38:09,13.35,0.01,51,68085,卖盘
1258,10:38:12,13.35,0.0,21,28036,卖盘
1259,10:38:15,13.35,0.0,128,170882,卖盘
1260,10:38:19,13.35,0.0,9,12015,卖盘
1261,10:38:21,13.36,0.01,111,148253,买盘
1262,10:38:24,13.34,-0.02,46,61364,卖盘
1263,10:38:27,13.35,0.01,24,32040,买盘
1264,10:38:30,13.34,-0.01,115,153410,卖盘
1265,10:38:33,13.34,0.0,76,101400,卖盘
1266,10:38:36,13.34,0.0,5,6670,卖盘
1267,10:38:39,13.34,0.0,254,338786,卖盘
1268,10:38:45,13.34,0.0,108,143996,买盘
1269,10:38:48,13.33,-0.01,12,15996,卖盘
1270,10:38:52,13.32,-0.01,91,121212,卖盘
1271,10:38:55,13.32,0.0,186,247822,卖盘
1272,10:38:57,13.32,0.0,31,41292,买盘
1273,10:39:00,13.32,0.0,89,118471,买盘
1274,10:39:04,13.31,-0.01,57,75887,卖盘
1275,10:39:06,13.31,0.0,181,240959,卖盘
1276,10:39:09,13.32,0.01,63,83916,买盘
1277,10:39:12,13.31,-0.01,8,10648,卖盘
1278,10:39:16,13.31,0.0,85,113135,卖盘
1279,10:39:18,13.31,0.0,170,226303,卖盘
1280,10:39:22,13.32,0.01,172,228966,买盘
1281,10:39:24,13.33,0.01,222,295659,买盘
1282,10:39:27,13.31,-0.02,39,51947,卖盘
1283,10:39:30,13.34,0.03,57,75958,买盘
1284,10:39:33,13.35,0.01,4,5340,买盘
1285,10:39:36,13.33,-0.02,66,88007,卖盘
1286,10:39:42,13.33,0.0,27,35991,买盘
1287,10:39:45,13.34,0.01,175,233160,买盘
1288,10:39:48,13.33,-0.01,80,106640,卖盘
1289,10:39:51,13.33,0.0,41,54653,卖盘
1290,10:39:54,13.33,0.0,48,63985,买盘
1291,10:39:57,13.33,0.0,71,94643,卖盘
1292,10:40:00,13.33,0.0,41,54653,卖盘
1293,10:40:07,13.33,0.0,49,65317,卖盘
1294,10:40:10,13.33,0.0,10,13330,卖盘
1295,10:40:12,13.34,0.01,33,43999,买盘
1296,10:40:16,13.34,0.0,95,126723,买盘
1297,10:40:24,13.35,0.01,1,1335,买盘
1298,10:40:30,13.35,0.0,119,158824,买盘
1299,10:40:33,13.35,0.0,13,17355,买盘
1300,10:40:42,13.36,0.01,6,8016,买盘
1301,10:40:48,13.36,0.0,18,24048,买盘
1302,10:40:51,13.36,0.0,17,22709,买盘
1303,10:40:54,13.37,0.01,70,93526,买盘
1304,10:40:57,13.38,0.01,27,36103,买盘
1305,10:41:00,13.38,0.0,45,60162,买盘
1306,10:41:03,13.38,0.0,42,56200,买盘
1307,10:41:09,13.38,0.0,3,4014,卖盘
1308,10:41:12,13.38,0.0,10,13380,买盘
1309,10:41:15,13.38,0.0,111,148518,买盘
1310,10:41:18,13.38,0.0,25,33450,卖盘
1311,10:41:21,13.38,0.0,13,17394,买盘
1312,10:41:24,13.38,0.0,5,6689,买盘
1313,10:41:27,13.39,0.01,74,98994,买盘
1314,10:41:30,13.37,-0.02,46,61458,中性盘
1315,10:41:33,13.38,0.01,46,61548,买盘
1316,10:41:42,13.38,0.0,36,48202,卖盘
1317,10:41:45,13.39,0.01,37,49543,买盘
1318,10:41:51,13.39,0.0,21,28127,卖盘
1319,10:41:57,13.41,0.02,59,79040,买盘
1320,10:42:01,13.39,-0.02,122,163542,卖盘
1321,10:42:04,13.39,0.0,24,32141,买盘
1322,10:42:06,13.38,-0.01,18,24093,卖盘
1323,10:42:10,13.38,0.0,40,53536,卖盘
1324,10:42:12,13.38,0.0,27,36126,卖盘
1325,10:42:15,13.4,0.02,56,75020,买盘
1326,10:42:18,13.4,0.0,44,58960,买盘
1327,10:42:21,13.4,0.0,43,57620,卖盘
1328,10:42:24,13.39,-0.01,3,4017,卖盘
1329,10:42:27,13.41,0.02,99,132679,买盘
1330,10:42:30,13.39,-0.02,72,96495,卖盘
1331,10:42:33,13.39,0.0,17,22763,买盘
1332,10:42:36,13.39,0.0,37,49543,买盘
1333,10:42:40,13.38,-0.01,36,48181,卖盘
1334,10:42:46,13.39,0.01,28,37492,买盘
1335,10:42:49,13.39,0.0,1,1339,卖盘
1336,10:42:54,13.42,0.03,105,140814,买盘
1337,10:42:57,13.41,-0.01,3,4023,卖盘
1338,10:43:00,13.42,0.01,46,61622,买盘
1339,10:43:06,13.41,-0.01,2,2682,买盘
1340,10:43:12,13.41,0.0,231,309771,买盘
1341,10:43:15,13.42,0.01,99,132833,买盘
1342,10:43:18,13.42,0.0,14,18788,卖盘
1343,10:43:21,13.42,0.0,5,6710,卖盘
1344,10:43:24,13.43,0.01,16,21477,买盘
1345,10:43:27,13.42,-0.01,6,8052,卖盘
1346,10:43:30,13.41,-0.01,61,81851,卖盘
1347,10:43:33,13.41,0.0,22,29502,卖盘
1348,10:43:36,13.41,0.0,30,40230,卖盘
1349,10:43:39,13.41,0.0,25,33525,卖盘
1350,10:43:42,13.41,0.0,59,79144,卖盘
1351,10:43:45,13.43,0.02,187,251016,买盘
1352,10:43:48,13.43,0.0,4,5372,卖盘
1353,10:43:51,13.42,-0.01,55,73809,买盘
1354,10:43:54,13.42,0.0,73,97956,卖盘
1355,10:43:57,13.44,0.02,133,178649,买盘
1356,10:44:00,13.39,-0.05,41,54944,卖盘
1357,10:44:04,13.41,0.02,10,13410,买盘
1358,10:44:09,13.41,0.0,3,4023,买盘
1359,10:44:12,13.4,-0.01,66,88379,买盘
1360,10:44:15,13.4,0.0,56,75038,买盘
1361,10:44:18,13.4,0.0,22,29480,卖盘
1362,10:44:21,13.4,0.0,10,13400,卖盘
1363,10:44:24,13.4,0.0,54,72360,卖盘
1364,10:44:27,13.39,-0.01,4,5358,卖盘
1365,10:44:30,13.4,0.01,46,61599,中性盘
1366,10:44:36,13.4,0.0,3,4020,买盘
1367,10:44:39,13.4,0.0,4,5360,买盘
1368,10:44:45,13.4,0.0,51,68340,买盘
1369,10:44:51,13.42,0.02,102,136841,买盘
1370,10:44:55,13.4,-0.02,19,25475,卖盘
1371,10:44:57,13.4,0.0,9,12062,卖盘
1372,10:45:00,13.42,0.02,56,75059,买盘
1373,10:45:04,13.4,-0.02,21,28158,卖盘
1374,10:45:06,13.4,0.0,17,22780,买盘
1375,10:45:12,13.4,0.0,30,40200,买盘
1376,10:45:16,13.4,0.0,116,155420,买盘
1377,10:45:19,13.42,0.02,51,68434,买盘
1378,10:45:22,13.4,-0.02,21,28140,卖盘
1379,10:45:24,13.42,0.02,41,55020,买盘
1380,10:45:27,13.42,0.0,110,147618,买盘
1381,10:45:30,13.38,-0.04,45,60229,卖盘
1382,10:45:33,13.38,0.0,60,80322,卖盘
1383,10:45:40,13.39,0.01,1,1339,中性盘
1384,10:45:42,13.4,0.01,15,20086,买盘
1385,10:45:48,13.4,0.0,1,1340,买盘
1386,10:45:51,13.41,0.01,87,116747,买盘
1387,10:45:54,13.41,0.0,38,50878,卖盘
1388,10:45:57,13.41,0.0,2,2682,买盘
1389,10:46:00,13.4,-0.01,101,135346,卖盘
1390,10:46:04,13.4,0.0,60,80400,卖盘
1391,10:46:06,13.41,0.01,7,9387,买盘
1392,10:46:09,13.4,-0.01,5,6700,卖盘
1393,10:46:12,13.41,0.01,3,4023,买盘
1394,10:46:15,13.41,0.0,21,28141,买盘
1395,10:46:18,13.4,-0.01,5,6700,卖盘
1396,10:46:21,13.4,0.0,63,84420,卖盘
1397,10:46:24,13.41,0.01,1,1341,买盘
1398,10:46:31,13.41,0.0,74,99193,买盘
1399,10:46:34,13.4,-0.01,59,79060,卖盘
1400,10:46:36,13.42,0.02,28,37562,买盘
1401,10:46:42,13.4,-0.02,2,2680,卖盘
1402,10:46:46,13.41,0.01,3,4023,买盘
1403,10:46:49,13.41,0.0,25,33525,买盘
1404,10:46:52,13.4,-0.01,34,45572,卖盘
1405,10:46:54,13.41,0.01,128,171752,买盘
1406,10:46:57,13.42,0.01,49,65345,买盘
1407,10:47:00,13.42,0.0,41,55022,卖盘
1408,10:47:04,13.4,-0.02,132,177441,卖盘
1409,10:47:10,13.43,0.03,83,111459,买盘
1410,10:47:15,13.42,-0.01,4,5368,买盘
1411,10:47:19,13.43,0.01,44,58689,买盘
1412,10:47:24,13.44,0.01,46,61822,买盘
1413,10:47:30,13.41,-0.03,41,55009,卖盘
1414,10:47:33,13.43,0.02,86,115401,买盘
1415,10:47:42,13.42,-0.01,37,49654,买盘
1416,10:47:45,13.42,0.0,18,24156,买盘
1417,10:47:51,13.43,0.01,128,171824,买盘
1418,10:47:54,13.43,0.0,19,25517,买盘
1419,10:47:57,13.43,0.0,6,8058,买盘
1420,10:48:00,13.43,0.0,40,53720,卖盘
1421,10:48:04,13.41,-0.02,26,34877,卖盘
1422,10:48:06,13.41,0.0,3,4023,买盘
1423,10:48:09,13.41,0.0,17,22783,买盘
1424,10:48:13,13.41,0.0,29,38889,买盘
1425,10:48:15,13.41,0.0,12,16092,卖盘
1426,10:48:18,13.41,0.0,23,30843,卖盘
1427,10:48:22,13.41,0.0,10,13422,卖盘
1428,10:48:27,13.44,0.03,181,243144,买盘
1429,10:48:30,13.4,-0.04,41,54961,卖盘
1430,10:48:33,13.4,0.0,60,80400,卖盘
1431,10:48:39,13.41,0.01,4,5364,买盘
1432,10:48:42,13.41,0.0,2,2682,买盘
1433,10:48:49,13.4,-0.01,6,8044,卖盘
1434,10:48:52,13.43,0.03,63,84479,买盘
1435,10:48:55,13.41,-0.02,73,98051,卖盘
1436,10:48:57,13.44,0.03,1,1344,买盘
1437,10:49:00,13.4,-0.04,41,54941,卖盘
1438,10:49:04,13.4,0.0,60,80444,卖盘
1439,10:49:18,13.42,0.02,4,5368,卖盘
1440,10:49:21,13.44,0.02,42,56417,买盘
1441,10:49:24,13.44,0.0,62,83243,买盘
1442,10:49:28,13.43,-0.01,2,2686,中性盘
1443,10:49:30,13.4,-0.03,41,54940,卖盘
1444,10:49:33,13.39,-0.01,59,79007,卖盘
1445,10:49:45,13.42,0.03,1,1342,买盘
1446,10:49:51,13.43,0.01,102,136940,买盘
1447,10:49:55,13.43,0.0,18,24174,买盘
1448,10:49:57,13.41,-0.02,186,249790,卖盘
1449,10:50:00,13.4,-0.01,40,53603,卖盘
1450,10:50:04,13.41,0.01,63,84400,买盘
1451,10:50:06,13.41,0.0,5,6705,买盘
1452,10:50:09,13.41,0.0,2,2682,买盘
1453,10:50:12,13.41,0.0,12,16092,卖盘
1454,10:50:18,13.41,0.0,4,5364,买盘
1455,10:50:27,13.41,0.0,16,21446,买盘
1456,10:50:30,13.4,-0.01,60,80390,卖盘
1457,10:50:33,13.39,-0.01,73,97758,卖盘
1458,10:50:45,13.39,0.0,1,1339,卖盘
1459,10:50:48,13.39,0.0,31,41509,卖盘
1460,10:50:51,13.4,0.01,96,128600,买盘
1461,10:50:54,13.41,0.01,20,26820,买盘
1462,10:51:01,13.39,-0.02,41,54935,卖盘
1463,10:51:04,13.38,-0.01,67,89696,卖盘
1464,10:51:21,13.41,0.03,46,61674,买盘
1465,10:51:24,13.39,-0.02,5,6695,卖盘
1466,10:51:28,13.41,0.02,155,207913,买盘
1467,10:51:30,13.41,0.0,162,217284,卖盘
1468,10:51:33,13.38,-0.03,60,80302,卖盘
1469,10:51:36,13.41,0.03,5,6705,买盘
1470,10:51:42,13.38,-0.03,286,382678,卖盘
1471,10:51:45,13.41,0.03,95,127308,买盘
1472,10:51:48,13.41,0.0,31,41571,卖盘
1473,10:51:51,13.41,0.0,10,13410,卖盘
1474,10:51:54,13.42,0.01,19,25494,买盘
1475,10:51:57,13.42,0.0,16,21471,买盘
1476,10:52:00,13.37,-0.05,40,53480,卖盘
1477,10:52:04,13.42,0.05,66,88270,买盘
1478,10:52:09,13.4,-0.02,9,12060,买盘
1479,10:52:19,13.4,0.0,38,50888,买盘
1480,10:52:30,13.36,-0.04,41,54811,卖盘
1481,10:52:36,13.38,0.02,1,1338,卖盘
1482,10:52:42,13.39,0.01,8,10712,买盘
1483,10:52:52,13.39,0.0,71,95065,买盘
1484,10:52:54,13.38,-0.01,65,87047,卖盘
1485,10:52:57,13.39,0.01,96,128500,买盘
1486,10:53:00,13.4,0.01,48,64273,买盘
1487,10:53:03,13.39,-0.01,2,2678,买盘
1488,10:53:09,13.39,0.0,11,14729,买盘
1489,10:53:13,13.39,0.0,29,38830,买盘
1490,10:53:15,13.37,-0.02,18,24069,卖盘
1491,10:53:18,13.37,0.0,4,5348,买盘
1492,10:53:24,13.37,0.0,22,29414,卖盘
1493,10:53:27,13.4,0.03,46,61603,买盘
1494,10:53:30,13.37,-0.03,41,54817,卖盘
1495,10:53:33,13.39,0.02,39,52221,买盘
1496,10:53:39,13.39,0.0,4,5356,买盘
1497,10:53:42,13.39,0.0,16,21420,买盘
1498,10:53:45,13.39,0.0,32,42848,买盘
1499,10:53:48,13.39,0.0,50,66950,卖盘
1500,10:53:54,13.39,0.0,57,76341,卖盘
1501,10:53:57,13.4,0.01,21,28140,买盘
1502,10:54:00,13.39,-0.01,48,64260,卖盘
1503,10:54:04,13.4,0.01,14,18760,买盘
1504,10:54:06,13.4,0.0,54,72314,买盘
1505,10:54:09,13.4,0.0,10,13400,买盘
1506,10:54:12,13.4,0.0,1,1340,买盘
1507,10:54:15,13.4,0.0,9,12060,买盘
1508,10:54:22,13.4,0.0,10,13400,买盘
1509,10:54:24,13.37,-0.03,15,20055,卖盘
1510,10:54:28,13.38,0.01,216,289366,卖盘
1511,10:54:31,13.39,0.01,45,60214,买盘
1512,10:54:33,13.39,0.0,1,1339,卖盘
1513,10:54:36,13.4,0.01,3,4020,买盘
1514,10:54:39,13.4,0.0,4,5360,买盘
1515,10:54:42,13.4,0.0,1,1340,买盘
1516,10:54:45,13.4,0.0,67,89780,买盘
1517,10:54:54,13.41,0.01,18,24138,买盘
1518,10:54:57,13.4,-0.01,5,6704,卖盘
1519,10:55:00,13.4,0.0,80,107204,卖盘
1520,10:55:04,13.4,0.0,122,163527,买盘
1521,10:55:06,13.4,0.0,3,4020,卖盘
1522,10:55:12,13.41,0.01,55,73755,买盘
1523,10:55:15,13.41,0.0,8,10728,买盘
1524,10:55:28,13.4,-0.01,54,72399,卖盘
1525,10:55:30,13.41,0.01,59,79083,卖盘
1526,10:55:33,13.42,0.01,40,53665,买盘
1527,10:55:36,13.41,-0.01,7,9387,中性盘
1528,10:55:39,13.4,-0.01,2,2680,卖盘
1529,10:55:42,13.4,0.0,1,1340,卖盘
1530,10:55:45,13.41,0.01,31,41571,买盘
1531,10:55:49,13.42,0.01,237,318017,买盘
1532,10:55:52,13.41,-0.01,40,53640,卖盘
1533,10:55:54,13.42,0.01,19,25485,买盘
1534,10:55:57,13.42,0.0,8,10733,买盘
1535,10:56:00,13.4,-0.02,153,205254,卖盘
1536,10:56:04,13.42,0.02,4,5368,买盘
1537,10:56:09,13.42,0.0,12,16096,买盘
1538,10:56:12,13.41,-0.01,2,2682,卖盘
1539,10:56:15,13.41,0.0,3,4023,卖盘
1540,10:56:27,13.41,0.0,9,12069,买盘
1541,10:56:30,13.4,-0.01,55,73700,卖盘
1542,10:56:36,13.4,0.0,12,16080,卖盘
1543,10:56:39,13.41,0.01,20,26820,买盘
1544,10:56:42,13.41,0.0,4,5364,买盘
1545,10:56:46,13.41,0.0,77,103257,买盘
1546,10:56:48,13.41,0.0,7,9387,买盘
1547,10:56:51,13.41,0.0,1,1341,卖盘
1548,10:56:55,13.41,0.0,32,42930,卖盘
1549,10:56:57,13.41,0.0,13,17434,卖盘
1550,10:57:00,13.4,-0.01,41,54941,卖盘
1551,10:57:06,13.4,0.0,31,41540,卖盘
1552,10:57:09,13.41,0.01,82,109888,买盘
1553,10:57:13,13.41,0.0,8,10721,买盘
1554,10:57:15,13.4,-0.01,8,10720,卖盘
1555,10:57:18,13.4,0.0,9,12059,卖盘
1556,10:57:24,13.4,0.0,113,151524,买盘
1557,10:57:27,13.42,0.02,141,189167,买盘
1558,10:57:30,13.41,-0.01,43,57598,中性盘
1559,10:57:33,13.41,0.0,126,169005,卖盘
1560,10:57:37,13.41,0.0,45,60387,卖盘
1561,10:57:39,13.41,0.0,9,12073,卖盘
1562,10:57:42,13.41,0.0,3,4023,卖盘
1563,10:57:45,13.42,0.01,121,162378,买盘
1564,10:57:48,13.41,-0.01,15,20115,卖盘
1565,10:57:54,13.42,0.01,30,40259,买盘
1566,10:57:57,13.42,0.0,1,1342,买盘
1567,10:58:00,13.42,0.0,45,60350,买盘
1568,10:58:06,13.42,0.0,9,12078,买盘
1569,10:58:12,13.41,-0.01,50,67050,卖盘
1570,10:58:15,13.41,0.0,66,88506,卖盘
1571,10:58:18,13.4,-0.01,27,36201,卖盘
1572,10:58:21,13.41,0.01,4,5364,买盘
1573,10:58:24,13.41,0.0,3,4023,买盘
1574,10:58:30,13.39,-0.02,41,54912,卖盘
1575,10:58:36,13.4,0.01,27,36180,中性盘
1576,10:58:39,13.41,0.01,35,46935,买盘
1577,10:58:45,13.41,0.0,5,6705,买盘
1578,10:58:51,13.41,0.0,35,46935,买盘
1579,10:58:54,13.42,0.01,27,36226,买盘
1580,10:58:57,13.42,0.0,162,217404,买盘
1581,10:59:00,13.41,-0.01,68,91188,卖盘
1582,10:59:06,13.42,0.01,43,57671,买盘
1583,10:59:09,13.42,0.0,4,5368,买盘
1584,10:59:13,13.42,0.0,209,280473,买盘
1585,10:59:15,13.41,-0.01,10,13410,卖盘
1586,10:59:19,13.42,0.01,4,5368,买盘
1587,10:59:24,13.41,-0.01,16,21456,卖盘
1588,10:59:27,13.41,0.0,3,4023,买盘
1589,10:59:30,13.4,-0.01,41,54940,卖盘
1590,10:59:33,13.41,0.01,39,52299,买盘
1591,10:59:36,13.42,0.01,45,60364,买盘
1592,10:59:42,13.41,-0.01,5,6705,买盘
1593,10:59:48,13.42,0.01,25,33548,买盘
1594,10:59:52,13.41,-0.01,5,6705,卖盘
1595,10:59:55,13.41,0.0,29,38915,卖盘
1596,10:59:58,13.42,0.01,13,17446,买盘
1597,11:00:00,13.42,0.0,46,61691,买盘
1598,11:00:06,13.42,0.0,9,12078,买盘
1599,11:00:10,13.42,0.0,110,147486,买盘
1600,11:00:18,13.41,-0.01,24,32188,卖盘
1601,11:00:24,13.41,0.0,4,5364,买盘
1602,11:00:27,13.42,0.01,209,280383,买盘
1603,11:00:30,13.4,-0.02,30,40200,卖盘
1604,11:00:33,13.42,0.02,3,4026,买盘
1605,11:00:36,13.4,-0.02,21,28150,卖盘
1606,11:00:39,13.4,0.0,4,5360,卖盘
1607,11:00:46,13.4,0.0,35,46900,卖盘
1608,11:00:49,13.41,0.01,111,148851,买盘
1609,11:00:54,13.4,-0.01,26,34863,卖盘
1610,11:00:57,13.42,0.02,22,29509,买盘
1611,11:01:03,13.41,-0.01,4,5364,买盘
1612,11:01:09,13.41,0.0,8,10728,买盘
1613,11:01:16,13.41,0.0,9,12069,买盘
1614,11:01:19,13.4,-0.01,14,18760,卖盘
1615,11:01:24,13.4,0.0,7,9380,卖盘
1616,11:01:28,13.41,0.01,4,5364,买盘
1617,11:01:30,13.41,0.0,30,40230,买盘
1618,11:01:33,13.41,0.0,4,5364,买盘
1619,11:01:36,13.41,0.0,143,191699,买盘
1620,11:01:39,13.4,-0.01,18,24120,卖盘
1621,11:01:43,13.4,0.0,51,68351,中性盘
1622,11:01:45,13.42,0.02,5,6707,买盘
1623,11:01:51,13.42,0.0,4,5368,买盘
1624,11:01:54,13.42,0.0,19,25498,买盘
1625,11:01:57,13.42,0.0,1,1342,买盘
1626,11:02:00,13.43,0.01,153,205361,买盘
1627,11:02:04,13.43,0.0,78,104754,买盘
1628,11:02:09,13.44,0.01,14,18816,买盘
1629,11:02:13,13.44,0.0,5,6720,买盘
1630,11:02:16,13.44,0.0,3,4032,买盘
1631,11:02:25,13.44,0.0,9,12096,买盘
1632,11:02:27,13.44,0.0,6,8063,买盘
1633,11:02:31,13.42,-0.02,21,28191,卖盘
1634,11:02:33,13.42,0.0,4,5368,买盘
1635,11:02:42,13.42,0.0,16,21472,卖盘
1636,11:02:46,13.42,0.0,6,8052,买盘
1637,11:02:48,13.43,0.01,23,30889,买盘
1638,11:02:51,13.42,-0.01,4,5369,卖盘
1639,11:02:54,13.44,0.02,19,25521,买盘
1640,11:02:57,13.43,-0.01,1,1343,买盘
1641,11:03:01,13.42,-0.01,2,2684,卖盘
1642,11:03:04,13.44,0.02,22,29538,买盘
1643,11:03:07,13.44,0.0,25,33578,买盘
1644,11:03:09,13.44,0.0,6,8064,买盘
1645,11:03:12,13.43,-0.01,7,9401,买盘
1646,11:03:18,13.43,0.0,78,104754,买盘
1647,11:03:21,13.43,0.0,18,24174,买盘
1648,11:03:24,13.43,0.0,12,16116,买盘
1649,11:03:27,13.43,0.0,8,10744,买盘
1650,11:03:30,13.44,0.01,212,284923,买盘
1651,11:03:33,13.44,0.0,3,4032,买盘
1652,11:03:36,13.45,0.01,40,53770,买盘
1653,11:03:39,13.43,-0.02,10,13435,卖盘
1654,11:03:42,13.45,0.02,66,88646,买盘
1655,11:03:45,13.45,0.0,52,69898,买盘
1656,11:03:48,13.45,0.0,95,127775,买盘
1657,11:03:54,13.45,0.0,17,22849,买盘
1658,11:03:57,13.45,0.0,4,5380,买盘
1659,11:04:00,13.44,-0.01,1,1344,卖盘
1660,11:04:04,13.44,0.0,1,1344,卖盘
1661,11:04:06,13.45,0.01,17,22860,买盘
1662,11:04:09,13.44,-0.01,29,39002,卖盘
1663,11:04:12,13.45,0.01,70,93746,买盘
1664,11:04:25,13.45,0.0,40,54204,卖盘
1665,11:04:28,13.45,0.0,7,9415,买盘
1666,11:04:31,13.45,0.0,30,40350,买盘
1667,11:04:34,13.45,0.0,3,4035,买盘
1668,11:04:36,13.45,0.0,26,34970,买盘
1669,11:04:42,13.45,0.0,1,1345,买盘
1670,11:04:46,13.45,0.0,129,173505,买盘
1671,11:04:52,13.44,-0.01,2,2688,卖盘
1672,11:04:54,13.45,0.01,5,6725,买盘
1673,11:04:57,13.44,-0.01,24,32257,卖盘
1674,11:05:00,13.46,0.02,146,196401,买盘
1675,11:05:09,13.46,0.0,8,10768,买盘
1676,11:05:18,13.46,0.0,5,6730,买盘
1677,11:05:21,13.46,0.0,25,33645,买盘
1678,11:05:24,13.46,0.0,7,9422,买盘
1679,11:05:27,13.46,0.0,8,10768,买盘
1680,11:05:31,13.46,0.0,23,30958,买盘
1681,11:05:34,13.46,0.0,3,4038,买盘
1682,11:05:39,13.46,0.0,47,63261,买盘
1683,11:05:45,13.46,0.0,126,169192,买盘
1684,11:05:51,13.47,0.01,5,6735,买盘
1685,11:05:54,13.46,-0.01,21,28277,卖盘
1686,11:05:57,13.46,0.0,64,86145,卖盘
1687,11:06:00,13.47,0.01,6,8082,买盘
1688,11:06:04,13.47,0.0,11,14817,买盘
1689,11:06:09,13.47,0.0,25,33675,买盘
1690,11:06:15,13.48,0.01,1,1348,买盘
1691,11:06:21,13.47,-0.01,18,24256,卖盘
1692,11:06:24,13.48,0.01,8,10784,买盘
1693,11:06:30,13.48,0.0,187,252062,买盘
1694,11:06:34,13.47,-0.01,1,1347,卖盘
1695,11:06:36,13.48,0.01,19,25612,买盘
1696,11:06:40,13.47,-0.01,76,102422,卖盘
1697,11:06:43,13.48,0.01,20,26960,买盘
1698,11:06:45,13.49,0.01,118,159182,买盘
1699,11:06:54,13.49,0.0,9,12141,买盘
1700,11:06:57,13.48,-0.01,10,13482,卖盘
1701,11:07:00,13.49,0.01,4,5396,买盘
1702,11:07:04,13.49,0.0,9,12141,买盘
1703,11:07:06,13.49,0.0,3,4047,买盘
1704,11:07:09,13.49,0.0,8,10792,买盘
1705,11:07:12,13.49,0.0,3,4047,买盘
1706,11:07:15,13.49,0.0,75,101175,买盘
1707,11:07:18,13.48,-0.01,18,24267,卖盘
1708,11:07:21,13.49,0.01,5,6745,买盘
1709,11:07:24,13.48,-0.01,22,29671,卖盘
1710,11:07:27,13.49,0.01,5,6745,买盘
1711,11:07:34,13.49,0.0,5,6745,买盘
1712,11:07:37,13.49,0.0,24,32376,买盘
1713,11:07:39,13.5,0.01,47,63439,买盘
1714,11:07:42,13.5,0.0,45,60750,买盘
1715,11:07:45,13.5,0.0,25,33750,买盘
1716,11:07:48,13.5,0.0,161,217343,买盘
1717,11:07:51,13.5,0.0,157,212002,买盘
1718,11:07:54,13.5,0.0,40,54000,买盘
1719,11:07:57,13.51,0.01,103,139599,买盘
1720,11:08:00,13.52,0.01,132,177758,买盘
1721,11:08:04,13.51,-0.01,105,142017,卖盘
1722,11:08:06,13.53,0.02,42,56744,买盘
1723,11:08:09,13.53,0.0,29,39237,买盘
1724,11:08:13,13.52,-0.01,13,17582,中性盘
1725,11:08:15,13.52,0.0,4,5408,买盘
1726,11:08:18,13.52,0.0,1,1352,买盘
1727,11:08:21,13.52,0.0,36,48672,买盘
1728,11:08:24,13.52,0.0,5,6760,买盘
1729,11:08:30,13.51,-0.01,32,43232,卖盘
1730,11:08:33,13.51,0.0,64,86464,卖盘
1731,11:08:40,13.51,0.0,16,21616,买盘
1732,11:08:43,13.5,-0.01,8,10803,卖盘
1733,11:08:45,13.51,0.01,3,4053,买盘
1734,11:08:48,13.51,0.0,58,78358,买盘
1735,11:08:51,13.5,-0.01,62,83759,卖盘
1736,11:08:54,13.5,0.0,99,133794,卖盘
1737,11:08:57,13.51,0.01,1,1351,买盘
1738,11:09:04,13.51,0.0,8,10808,买盘
1739,11:09:06,13.51,0.0,8,10808,买盘
1740,11:09:09,13.51,0.0,22,29722,买盘
1741,11:09:12,13.5,-0.01,121,163850,卖盘
1742,11:09:15,13.51,0.01,112,151312,买盘
1743,11:09:21,13.51,0.0,94,127074,卖盘
1744,11:09:24,13.51,0.0,1,1351,卖盘
1745,11:09:27,13.5,-0.01,115,155303,卖盘
1746,11:09:30,13.52,0.02,183,247412,买盘
1747,11:09:33,13.51,-0.01,121,163590,卖盘
1748,11:09:39,13.52,0.01,23,31096,买盘
1749,11:09:43,13.52,0.0,25,33763,买盘
1750,11:09:45,13.51,-0.01,2,2702,卖盘
1751,11:09:48,13.53,0.02,39,52761,买盘
1752,11:09:51,13.53,0.0,56,75731,买盘
1753,11:09:54,13.52,-0.01,6,8112,中性盘
1754,11:09:57,13.52,0.0,35,47318,买盘
1755,11:10:00,13.51,-0.01,15,20265,卖盘
1756,11:10:03,13.51,0.0,30,40530,卖盘
1757,11:10:06,13.51,0.0,463,625374,卖盘
1758,11:10:10,13.51,0.0,11,14870,卖盘
1759,11:10:12,13.5,-0.01,125,168750,卖盘
1760,11:10:15,13.51,0.01,70,94565,买盘
1761,11:10:19,13.51,0.0,3,4053,卖盘
1762,11:10:22,13.52,0.01,19,25678,买盘
1763,11:10:24,13.52,0.0,32,43264,买盘
1764,11:10:27,13.51,-0.01,23,31073,卖盘
1765,11:10:30,13.52,0.01,29,39207,买盘
1766,11:10:33,13.52,0.0,54,72958,买盘
1767,11:10:36,13.51,-0.01,8,10808,卖盘
1768,11:10:40,13.52,0.01,6,8112,买盘
1769,11:10:43,13.52,0.0,1,1352,买盘
1770,11:10:46,13.51,-0.01,11,14861,卖盘
1771,11:10:48,13.52,0.01,105,141957,买盘
1772,11:10:51,13.53,0.01,82,110915,买盘
1773,11:10:55,13.52,-0.01,14,18918,买盘
1774,11:10:57,13.52,0.0,15,20266,买盘
1775,11:11:00,13.54,0.02,108,146102,买盘
1776,11:11:04,13.53,-0.01,37,50061,卖盘
1777,11:11:06,13.54,0.01,138,186826,买盘
1778,11:11:12,13.54,0.0,145,196327,买盘
1779,11:11:15,13.55,0.01,12,16252,买盘
1780,11:11:18,13.54,-0.01,3,4062,卖盘
1781,11:11:24,13.53,-0.01,53,71742,卖盘
1782,11:11:28,13.53,0.0,5,6765,买盘
1783,11:11:31,13.53,0.0,35,47355,买盘
1784,11:11:33,13.51,-0.02,22,29727,卖盘
1785,11:11:45,13.51,0.0,321,433697,卖盘
1786,11:11:51,13.52,0.01,64,86533,买盘
1787,11:11:57,13.52,0.0,44,59511,买盘
1788,11:12:00,13.52,0.0,16,21638,卖盘
1789,11:12:04,13.52,0.0,8,10820,卖盘
1790,11:12:06,13.52,0.0,2,2704,卖盘
1791,11:12:10,13.52,0.0,11,14872,买盘
1792,11:12:12,13.52,0.0,14,18918,买盘
1793,11:12:18,13.52,0.0,110,148720,买盘
1794,11:12:21,13.53,0.01,59,79807,买盘
1795,11:12:24,13.52,-0.01,1,1352,卖盘
1796,11:12:27,13.52,0.0,57,77064,卖盘
1797,11:12:30,13.53,0.01,172,232599,买盘
1798,11:12:33,13.52,-0.01,99,133848,买盘
1799,11:12:36,13.53,0.01,88,119040,买盘
1800,11:12:39,13.53,0.0,23,31119,买盘
1801,11:12:43,13.53,0.0,9,12170,买盘
1802,11:12:54,13.51,-0.02,4,5404,卖盘
1803,11:12:57,13.53,0.02,2,2706,买盘
1804,11:13:06,13.53,0.0,11,14883,买盘
1805,11:13:09,13.53,0.0,8,10824,买盘
1806,11:13:12,13.52,-0.01,8,10820,卖盘
1807,11:13:15,13.52,0.0,185,250304,卖盘
1808,11:13:18,13.52,0.0,3,4056,买盘
1809,11:13:21,13.52,0.0,92,124524,卖盘
1810,11:13:24,13.52,0.0,1,1352,卖盘
1811,11:13:27,13.52,0.0,4,5408,买盘
1812,11:13:36,13.51,-0.01,370,499870,卖盘
1813,11:13:39,13.52,0.01,87,117624,买盘
1814,11:13:42,13.52,0.0,11,14862,买盘
1815,11:13:46,13.52,0.0,4,5408,买盘
1816,11:13:51,13.52,0.0,7,9459,买盘
1817,11:13:57,13.52,0.0,1,1352,买盘
1818,11:14:01,13.52,0.0,169,228488,买盘
1819,11:14:04,13.51,-0.01,151,204001,卖盘
1820,11:14:06,13.51,0.0,15,20265,卖盘
1821,11:14:10,13.52,0.01,102,137817,买盘
1822,11:14:12,13.51,-0.01,53,71603,卖盘
1823,11:14:15,13.51,0.0,197,266338,卖盘
1824,11:14:18,13.52,0.01,45,60840,买盘
1825,11:14:21,13.52,0.0,40,54070,买盘
1826,11:14:30,13.53,0.01,345,466608,买盘
1827,11:14:33,13.5,-0.03,124,167867,卖盘
1828,11:14:36,13.53,0.03,25,33786,买盘
1829,11:14:39,13.5,-0.03,60,81000,卖盘
1830,11:14:45,13.5,0.0,57,77069,卖盘
1831,11:14:48,13.5,0.0,20,27011,卖盘
1832,11:14:54,13.5,0.0,6,8100,卖盘
1833,11:14:57,13.5,0.0,31,41852,卖盘
1834,11:15:00,13.52,0.02,3,4056,买盘
1835,11:15:10,13.5,-0.02,8,10800,卖盘
1836,11:15:15,13.52,0.02,66,89172,买盘
1837,11:15:25,13.51,-0.01,15,20269,卖盘
1838,11:15:28,13.51,0.0,61,82411,卖盘
1839,11:15:31,13.51,0.0,92,124295,卖盘
1840,11:15:33,13.51,0.0,118,159418,买盘
1841,11:15:40,13.51,0.0,3,4053,买盘
1842,11:15:42,13.52,0.01,204,275683,买盘
1843,11:15:48,13.5,-0.02,16,21604,卖盘
1844,11:15:52,13.5,0.0,15,20250,卖盘
1845,11:15:54,13.51,0.01,4,5404,买盘
1846,11:15:57,13.51,0.0,1,1351,买盘
1847,11:16:04,13.51,0.0,25,33770,买盘
1848,11:16:06,13.5,-0.01,33,44553,卖盘
1849,11:16:09,13.5,0.0,32,43203,卖盘
1850,11:16:12,13.51,0.01,24,32424,买盘
1851,11:16:15,13.51,0.0,1,1351,卖盘
1852,11:16:18,13.52,0.01,47,63539,买盘
1853,11:16:21,13.52,0.0,59,79758,买盘
1854,11:16:24,13.52,0.0,158,213616,买盘
1855,11:16:33,13.52,0.0,3,4056,买盘
1856,11:16:37,13.52,0.0,3,4056,买盘
1857,11:16:39,13.52,0.0,117,158184,买盘
1858,11:16:42,13.52,0.0,67,90584,卖盘
1859,11:16:45,13.52,0.0,16,21632,卖盘
1860,11:16:48,13.52,0.0,109,147368,卖盘
1861,11:16:51,13.52,0.0,26,35152,买盘
1862,11:16:57,13.52,0.0,12,16223,买盘
1863,11:17:00,13.52,0.0,162,219021,买盘
1864,11:17:04,13.51,-0.01,192,259582,卖盘
1865,11:17:06,13.51,0.0,86,116257,卖盘
1866,11:17:12,13.52,0.01,108,145965,买盘
1867,11:17:15,13.51,-0.01,161,217652,卖盘
1868,11:17:18,13.51,0.0,10,13510,卖盘
1869,11:17:21,13.52,0.01,7,9462,买盘
1870,11:17:24,13.52,0.0,203,274456,买盘
1871,11:17:27,13.51,-0.01,86,116266,卖盘
1872,11:17:36,13.51,0.0,4,5404,卖盘
1873,11:17:42,13.52,0.01,3,4056,买盘
1874,11:17:45,13.51,-0.01,5,6755,卖盘
1875,11:17:48,13.52,0.01,8,10816,买盘
1876,11:17:54,13.51,-0.01,3,4053,卖盘
1877,11:17:57,13.52,0.01,44,59448,买盘
1878,11:18:00,13.52,0.0,3,4056,买盘
1879,11:18:04,13.51,-0.01,18,24322,卖盘
1880,11:18:09,13.51,0.0,124,167526,卖盘
1881,11:18:12,13.52,0.01,65,87874,买盘
1882,11:18:15,13.52,0.0,128,173056,买盘
1883,11:18:18,13.51,-0.01,41,55391,买盘
1884,11:18:21,13.51,0.0,5,6755,买盘
1885,11:18:25,13.51,0.0,42,56742,买盘
1886,11:18:31,13.5,-0.01,23,31052,卖盘
1887,11:18:33,13.51,0.01,211,285011,买盘
1888,11:18:36,13.51,0.0,13,17563,买盘
1889,11:18:39,13.5,-0.01,67,89950,卖盘
1890,11:18:42,13.5,0.0,9,12150,买盘
1891,11:18:51,13.5,0.0,4,5400,买盘
1892,11:18:54,13.49,-0.01,3,4047,卖盘
1893,11:18:57,13.49,0.0,114,153839,卖盘
1894,11:19:06,13.5,0.01,36,48596,买盘
1895,11:19:10,13.5,0.0,75,101248,买盘
1896,11:19:12,13.5,0.0,104,140400,买盘
1897,11:19:16,13.5,0.0,164,221900,买盘
1898,11:19:19,13.51,0.01,5,6755,买盘
1899,11:19:21,13.51,0.0,6,8106,买盘
1900,11:19:24,13.51,0.0,11,14861,买盘
1901,11:19:27,13.5,-0.01,90,121575,卖盘
1902,11:19:30,13.51,0.01,9,12159,买盘
1903,11:19:33,13.51,0.0,7,9457,买盘
1904,11:19:36,13.51,0.0,4,5404,买盘
1905,11:19:42,13.5,-0.01,4,5400,卖盘
1906,11:19:48,13.51,0.01,1,1351,买盘
1907,11:19:51,13.51,0.0,8,10806,买盘
1908,11:19:54,13.51,0.0,1,1351,买盘
1909,11:19:57,13.5,-0.01,14,18904,卖盘
1910,11:20:00,13.5,0.0,1,1350,卖盘
1911,11:20:03,13.51,0.01,174,235074,买盘
1912,11:20:06,13.51,0.0,108,145900,买盘
1913,11:20:09,13.51,0.0,15,20255,买盘
1914,11:20:15,13.51,0.0,73,98626,买盘
1915,11:20:18,13.52,0.01,9,12163,买盘
1916,11:20:27,13.52,0.0,3,4056,买盘
1917,11:20:30,13.52,0.0,24,32432,买盘
1918,11:20:33,13.51,-0.01,20,27020,卖盘
1919,11:20:36,13.51,0.0,18,24318,卖盘
1920,11:20:48,13.52,0.01,4,5408,买盘
1921,11:20:54,13.51,-0.01,45,60798,卖盘
1922,11:20:57,13.51,0.0,32,43234,卖盘
1923,11:21:00,13.52,0.01,42,56784,买盘
1924,11:21:04,13.51,-0.01,268,362171,卖盘
1925,11:21:06,13.51,0.0,40,54040,买盘
1926,11:21:09,13.51,0.0,49,66199,买盘
1927,11:21:12,13.51,0.0,18,24318,买盘
1928,11:21:15,13.51,0.0,7,9457,买盘
1929,11:21:18,13.51,0.0,57,77010,卖盘
1930,11:21:21,13.52,0.01,4,5408,买盘
1931,11:21:24,13.52,0.0,4,5408,买盘
1932,11:21:27,13.51,-0.01,6,8106,卖盘
1933,11:21:30,13.51,0.0,3,4053,卖盘
1934,11:21:33,13.52,0.01,376,507926,买盘
1935,11:21:36,13.51,-0.01,8,10808,中性盘
1936,11:21:39,13.51,0.0,33,44583,买盘
1937,11:21:45,13.51,0.0,21,28356,买盘
1938,11:21:48,13.51,0.0,1,1351,买盘
1939,11:21:51,13.5,-0.01,6,8101,卖盘
1940,11:21:54,13.5,0.0,4,5401,卖盘
1941,11:21:58,13.51,0.01,1,1351,买盘
1942,11:22:00,13.51,0.0,6,8106,买盘
1943,11:22:04,13.52,0.01,15,20273,买盘
1944,11:22:06,13.52,0.0,3,4056,买盘
1945,11:22:09,13.51,-0.01,19,25678,卖盘
1946,11:22:12,13.51,0.0,4,5404,卖盘
1947,11:22:15,13.52,0.01,181,244712,买盘
1948,11:22:18,13.51,-0.01,12,16213,卖盘
1949,11:22:21,13.51,0.0,34,45944,卖盘
1950,11:22:24,13.52,0.01,4,5408,买盘
1951,11:22:27,13.52,0.0,12,16214,买盘
1952,11:22:30,13.52,0.0,1,1352,买盘
1953,11:22:33,13.52,0.0,4,5408,买盘
1954,11:22:36,13.52,0.0,10,13520,买盘
1955,11:22:39,13.51,-0.01,10,13510,卖盘
1956,11:22:48,13.52,0.01,4,5408,买盘
1957,11:22:54,13.51,-0.01,44,59447,卖盘
1958,11:23:00,13.52,0.01,9,12168,买盘
1959,11:23:03,13.52,0.0,183,247416,买盘
1960,11:23:06,13.52,0.0,45,60840,买盘
1961,11:23:09,13.53,0.01,65,87880,买盘
1962,11:23:12,13.52,-0.01,3,4056,卖盘
1963,11:23:15,13.52,0.0,236,319258,卖盘
1964,11:23:18,13.52,0.0,104,140700,买盘
1965,11:23:21,13.51,-0.01,12,16221,卖盘
1966,11:23:34,13.52,0.01,4,5408,买盘
1967,11:23:39,13.52,0.0,16,21632,买盘
1968,11:23:42,13.52,0.0,6,8112,买盘
1969,11:23:45,13.52,0.0,10,13520,买盘
1970,11:23:48,13.52,0.0,8,10816,买盘
1971,11:23:51,13.52,0.0,11,14872,买盘
1972,11:23:54,13.52,0.0,5,6760,买盘
1973,11:23:57,13.52,0.0,4,5408,买盘
1974,11:24:03,13.52,0.0,3,4056,买盘
1975,11:24:09,13.52,0.0,9,12168,买盘
1976,11:24:12,13.52,0.0,6,8112,买盘
1977,11:24:15,13.52,0.0,197,266344,买盘
1978,11:24:18,13.52,0.0,104,140649,买盘
1979,11:24:21,13.53,0.01,8,10824,买盘
1980,11:24:24,13.53,0.0,33,44636,买盘
1981,11:24:27,13.53,0.0,88,119064,买盘
1982,11:24:30,13.53,0.0,38,51414,买盘
1983,11:24:33,13.53,0.0,262,354486,买盘
1984,11:24:36,13.53,0.0,1,1353,买盘
1985,11:24:39,13.52,-0.01,89,120407,卖盘
1986,11:24:42,13.53,0.01,4,5412,买盘
1987,11:24:51,13.53,0.0,5,6765,买盘
1988,11:24:57,13.53,0.0,105,142065,买盘
1989,11:25:00,13.53,0.0,3,4059,买盘
1990,11:25:04,13.53,0.0,139,188067,买盘
1991,11:25:06,13.52,-0.01,117,158385,卖盘
1992,11:25:10,13.54,0.02,55,74462,买盘
1993,11:25:12,13.53,-0.01,26,35174,买盘
1994,11:25:15,13.54,0.01,45,60930,买盘
1995,11:25:18,13.53,-0.01,37,50061,卖盘
1996,11:25:21,13.54,0.01,13,17594,买盘
1997,11:25:24,13.53,-0.01,90,121770,卖盘
1998,11:25:27,13.54,0.01,165,223418,买盘
1999,11:25:30,13.54,0.0,20,27080,卖盘
2000,11:25:33,13.54,0.0,28,37912,卖盘
2001,11:25:36,13.54,0.0,10,13540,卖盘
2002,11:25:39,13.54,0.0,8,10832,卖盘
2003,11:25:43,13.54,0.0,10,13540,卖盘
2004,11:25:46,13.54,0.0,3,4062,卖盘
2005,11:25:48,13.55,0.01,19,25731,买盘
2006,11:25:51,13.55,0.0,6,8130,买盘
2007,11:25:54,13.54,-0.01,43,58222,卖盘
2008,11:25:57,13.54,0.0,3,4062,买盘
2009,11:26:00,13.54,0.0,10,13540,买盘
2010,11:26:04,13.54,0.0,152,205852,买盘
2011,11:26:06,13.54,0.0,146,197779,买盘
2012,11:26:09,13.55,0.01,11,14896,买盘
2013,11:26:12,13.55,0.0,194,262870,买盘
2014,11:26:15,13.55,0.0,3,4065,买盘
2015,11:26:18,13.53,-0.02,44,59532,卖盘
2016,11:26:24,13.54,0.01,8,10832,卖盘
2017,11:26:27,13.49,-0.05,688,928743,卖盘
2018,11:26:30,13.55,0.06,204,276401,买盘
2019,11:26:42,13.53,-0.02,3,4059,买盘
2020,11:26:45,13.51,-0.02,5,6763,卖盘
2021,11:26:48,13.51,0.0,21,28389,卖盘
2022,11:26:51,13.51,0.0,2,2702,卖盘
2023,11:26:58,13.51,0.0,1,1351,卖盘
2024,11:27:06,13.51,0.0,11,14864,卖盘
2025,11:27:09,13.52,0.01,1,1352,买盘
2026,11:27:12,13.52,0.0,27,36504,买盘
2027,11:27:15,13.53,0.01,184,248772,买盘
2028,11:27:18,13.52,-0.01,42,56784,买盘
2029,11:27:21,13.52,0.0,4,5408,买盘
2030,11:27:27,13.52,0.0,11,14872,买盘
2031,11:27:30,13.52,0.0,21,28392,买盘
2032,11:27:33,13.51,-0.01,2,2702,卖盘
2033,11:27:36,13.53,0.02,95,128506,买盘
2034,11:27:39,13.54,0.01,39,52806,买盘
2035,11:27:42,13.54,0.0,21,28418,买盘
2036,11:27:45,13.53,-0.01,2,2706,卖盘
2037,11:27:48,13.53,0.0,12,16245,卖盘
2038,11:27:51,13.53,0.0,36,48713,卖盘
2039,11:27:54,13.54,0.01,27,36558,买盘
2040,11:27:57,13.54,0.0,20,27063,买盘
2041,11:28:00,13.53,-0.01,8,10824,卖盘
2042,11:28:03,13.54,0.01,8,10827,买盘
2043,11:28:06,13.54,0.0,37,50098,买盘
2044,11:28:09,13.54,0.0,26,35204,买盘
2045,11:28:12,13.54,0.0,12,16248,买盘
2046,11:28:15,13.54,0.0,5,6770,买盘
2047,11:28:33,13.54,0.0,6,8124,买盘
2048,11:28:36,13.53,-0.01,110,148830,卖盘
2049,11:28:39,13.54,0.01,8,10831,买盘
2050,11:28:42,13.54,0.0,13,17597,买盘
2051,11:28:45,13.54,0.0,143,193622,买盘
2052,11:28:48,13.54,0.0,58,78532,买盘
2053,11:28:51,13.53,-0.01,35,47355,卖盘
2054,11:28:54,13.54,0.01,5,6770,买盘
2055,11:28:57,13.53,-0.01,1,1353,卖盘
2056,11:29:00,13.53,0.0,3,4059,买盘
2057,11:29:03,13.54,0.01,162,219336,买盘
2058,11:29:06,13.54,0.0,49,66346,买盘
2059,11:29:09,13.53,-0.01,9,12177,买盘
2060,11:29:12,13.55,0.02,64,86619,买盘
2061,11:29:18,13.53,-0.02,3,4059,买盘
2062,11:29:21,13.54,0.01,8,10832,买盘
2063,11:29:24,13.55,0.01,50,67740,买盘
2064,11:29:27,13.55,0.0,47,63685,买盘
2065,11:29:30,13.52,-0.03,32,43326,卖盘
2066,11:29:33,13.54,0.02,1,1354,买盘
2067,11:29:42,13.53,-0.01,4,5412,买盘
2068,11:29:48,13.52,-0.01,153,206859,卖盘
2069,11:29:51,13.52,0.0,4,5408,买盘
2070,11:29:57,13.52,0.0,2,2704,买盘
2071,13:00:04,13.53,0.01,238,322141,买盘
2072,13:00:07,13.54,0.01,44,59564,买盘
2073,13:00:12,13.54,0.0,25,33835,买盘
2074,13:00:15,13.54,0.0,30,40620,买盘
2075,13:00:18,13.53,-0.01,2,2706,卖盘
2076,13:00:27,13.52,-0.01,143,192933,卖盘
2077,13:00:33,13.51,-0.01,1,1351,卖盘
2078,13:00:36,13.5,-0.01,122,164988,卖盘
2079,13:00:42,13.54,0.04,38,51439,买盘
2080,13:00:54,13.53,-0.01,5,6765,买盘
2081,13:01:04,13.53,0.0,7,9471,卖盘
2082,13:01:06,13.53,0.0,12,16234,买盘
2083,13:01:09,13.54,0.01,4,5416,买盘
2084,13:01:12,13.53,-0.01,3,4059,买盘
2085,13:01:15,13.53,0.0,2,2706,买盘
2086,13:01:18,13.51,-0.02,7,9464,卖盘
2087,13:01:21,13.54,0.03,4,5416,买盘
2088,13:01:24,13.54,0.0,47,63638,买盘
2089,13:01:27,13.54,0.0,51,69066,买盘
2090,13:01:30,13.55,0.01,43,58226,买盘
2091,13:01:36,13.55,0.0,5,6771,买盘
2092,13:01:39,13.55,0.0,13,17608,买盘
2093,13:01:42,13.53,-0.02,13,17591,卖盘
2094,13:01:45,13.53,0.0,36,48708,买盘
2095,13:01:48,13.52,-0.01,3,4056,卖盘
2096,13:01:51,13.53,0.01,7,9471,买盘
2097,13:01:54,13.53,0.0,14,18942,买盘
2098,13:01:57,13.53,0.0,100,135303,买盘
2099,13:02:00,13.53,0.0,50,67715,卖盘
2100,13:02:06,13.55,0.02,117,158524,买盘
2101,13:02:09,13.55,0.0,41,55555,买盘
2102,13:02:12,13.55,0.0,13,17615,买盘
2103,13:02:15,13.55,0.0,3,4065,买盘
2104,13:02:18,13.55,0.0,4,5420,买盘
2105,13:02:21,13.55,0.0,4,5420,买盘
2106,13:02:24,13.55,0.0,16,21678,买盘
2107,13:02:27,13.55,0.0,4,5420,买盘
2108,13:02:30,13.55,0.0,7,9485,买盘
2109,13:02:36,13.54,-0.01,24,32496,卖盘
2110,13:02:39,13.54,0.0,23,31142,买盘
2111,13:02:42,13.53,-0.01,17,23016,卖盘
2112,13:02:45,13.54,0.01,3,4062,买盘
2113,13:02:48,13.54,0.0,3,4062,买盘
2114,13:02:51,13.53,-0.01,93,125882,卖盘
2115,13:02:54,13.54,0.01,1,1354,买盘
2116,13:02:57,13.54,0.0,3,4062,买盘
2117,13:03:00,13.54,0.0,90,121860,买盘
2118,13:03:04,13.55,0.01,3,4065,买盘
2119,13:03:07,13.55,0.0,47,63645,买盘
2120,13:03:09,13.55,0.0,69,93495,买盘
2121,13:03:12,13.55,0.0,14,18970,买盘
2122,13:03:15,13.55,0.0,4,5420,买盘
2123,13:03:18,13.55,0.0,13,17615,买盘
2124,13:03:21,13.55,0.0,7,9485,买盘
2125,13:03:24,13.55,0.0,4,5420,买盘
2126,13:03:30,13.55,0.0,65,88056,买盘
2127,13:03:33,13.55,0.0,54,73170,买盘
2128,13:03:36,13.56,0.01,243,329258,买盘
2129,13:03:48,13.55,-0.01,4,5420,买盘
2130,13:03:54,13.55,0.0,4,5420,买盘
2131,13:03:57,13.54,-0.01,256,346624,卖盘
2132,13:04:00,13.54,0.0,27,36558,买盘
2133,13:04:04,13.54,0.0,4,5416,买盘
2134,13:04:07,13.54,0.0,196,265321,买盘
2135,13:04:09,13.55,0.01,3,4065,买盘
2136,13:04:12,13.55,0.0,23,31155,买盘
2137,13:04:15,13.55,0.0,100,135500,买盘
2138,13:04:18,13.55,0.0,12,16259,买盘
2139,13:04:21,13.55,0.0,17,23035,买盘
2140,13:04:24,13.54,-0.01,200,270992,卖盘
2141,13:04:27,13.54,0.0,1,1354,买盘
2142,13:04:39,13.54,0.0,8,10827,买盘
2143,13:04:42,13.54,0.0,3,4062,买盘
2144,13:04:45,13.54,0.0,9,12186,买盘
2145,13:04:51,13.53,-0.01,9,12177,卖盘
2146,13:04:57,13.53,0.0,3,4059,买盘
2147,13:05:00,13.53,0.0,1,1353,买盘
2148,13:05:03,13.53,0.0,3,4059,买盘
2149,13:05:06,13.54,0.01,121,163768,买盘
2150,13:05:09,13.55,0.01,46,62292,买盘
2151,13:05:12,13.55,0.0,6,8127,买盘
2152,13:05:15,13.55,0.0,9,12195,买盘
2153,13:05:18,13.54,-0.01,26,35215,卖盘
2154,13:05:21,13.55,0.01,12,16251,买盘
2155,13:05:24,13.55,0.0,228,308722,买盘
2156,13:05:27,13.55,0.0,37,50135,买盘
2157,13:05:30,13.55,0.0,48,65040,买盘
2158,13:05:33,13.54,-0.01,13,17602,卖盘
2159,13:05:36,13.55,0.01,3,4065,买盘
2160,13:05:39,13.55,0.0,41,55555,买盘
2161,13:05:42,13.55,0.0,5,6775,买盘
2162,13:05:45,13.54,-0.01,28,37935,卖盘
2163,13:05:48,13.55,0.01,3,4065,买盘
2164,13:05:51,13.55,0.0,4,5420,买盘
2165,13:06:00,13.54,-0.01,11,14897,卖盘
2166,13:06:03,13.55,0.01,12,16252,买盘
2167,13:06:07,13.54,-0.01,6,8128,卖盘
2168,13:06:10,13.54,0.0,30,40629,卖盘
2169,13:06:12,13.54,0.0,4,5416,买盘
2170,13:06:15,13.54,0.0,40,54160,买盘
2171,13:06:18,13.54,0.0,78,105492,买盘
2172,13:06:21,13.55,0.01,8,10836,买盘
2173,13:06:24,13.54,-0.01,59,79941,卖盘
2174,13:06:27,13.55,0.01,13,17609,买盘
2175,13:06:30,13.55,0.0,1,1355,买盘
2176,13:06:33,13.55,0.0,6,8130,买盘
2177,13:06:36,13.55,0.0,153,207315,买盘
2178,13:06:39,13.55,0.0,86,116525,买盘
2179,13:06:42,13.55,0.0,3,4065,买盘
2180,13:06:45,13.55,0.0,1,1355,买盘
2181,13:06:48,13.55,0.0,216,292470,买盘
2182,13:06:51,13.55,0.0,14,18969,买盘
2183,13:06:54,13.55,0.0,4,5420,买盘
2184,13:07:00,13.55,0.0,43,58265,买盘
2185,13:07:06,13.54,-0.01,9,12189,卖盘
2186,13:07:09,13.54,0.0,15,20310,卖盘
2187,13:07:12,13.55,0.01,40,54173,买盘
2188,13:07:15,13.54,-0.01,8,10832,卖盘
2189,13:07:18,13.54,0.0,6,8124,卖盘
2190,13:07:24,13.54,0.0,28,37912,买盘
2191,13:07:30,13.55,0.01,123,166598,买盘
2192,13:07:36,13.55,0.0,43,58265,买盘
2193,13:07:39,13.54,-0.01,79,107042,卖盘
2194,13:07:45,13.54,0.0,61,82606,卖盘
2195,13:07:48,13.54,0.0,34,46040,卖盘
2196,13:07:51,13.55,0.01,19,25745,买盘
2197,13:08:00,13.55,0.0,20,27100,买盘
2198,13:08:04,13.54,-0.01,15,20310,卖盘
2199,13:08:06,13.55,0.01,215,291325,买盘
2200,13:08:09,13.55,0.0,115,155864,买盘
2201,13:08:12,13.56,0.01,4,5424,买盘
2202,13:08:15,13.56,0.0,4,5424,买盘
2203,13:08:18,13.56,0.0,33,44728,买盘
2204,13:08:27,13.55,-0.01,12,16260,卖盘
2205,13:08:30,13.55,0.0,54,73170,买盘
2206,13:08:33,13.55,0.0,1,1355,卖盘
2207,13:08:36,13.55,0.0,22,29810,卖盘
2208,13:08:45,13.55,0.0,1,1192,卖盘
2209,13:08:52,13.56,0.01,9,12204,买盘
2210,13:08:54,13.57,0.01,489,663919,买盘
2211,13:08:57,13.57,0.0,234,317750,卖盘
2212,13:09:00,13.57,0.0,303,411174,卖盘
2213,13:09:03,13.6,0.03,2125,2889206,买盘
2214,13:09:07,13.61,0.01,307,417741,买盘
2215,13:09:09,13.61,0.0,309,419596,买盘
2216,13:09:12,13.62,0.01,31,42222,买盘
2217,13:09:15,13.62,0.0,9,12258,买盘
2218,13:09:18,13.61,-0.01,14,19054,买盘
2219,13:09:21,13.61,0.0,130,177049,卖盘
2220,13:09:24,13.61,0.0,11,14974,卖盘
2221,13:09:27,13.61,0.0,15,20425,卖盘
2222,13:09:30,13.61,0.0,8,10891,卖盘
2223,13:09:33,13.64,0.03,599,816339,买盘
2224,13:09:36,13.63,-0.01,419,571470,中性盘
2225,13:09:39,13.65,0.02,716,977170,买盘
2226,13:09:42,13.64,-0.01,339,462722,中性盘
2227,13:09:45,13.63,-0.01,50,68216,卖盘
2228,13:09:48,13.64,0.01,10,13645,卖盘
2229,13:09:51,13.64,0.0,30,40927,买盘
2230,13:09:54,13.64,0.0,36,49104,卖盘
2231,13:09:57,13.64,0.0,199,271488,买盘
2232,13:10:00,13.65,0.01,196,267526,买盘
2233,13:10:04,13.64,-0.01,49,66840,中性盘
2234,13:10:07,13.65,0.01,97,132407,买盘
2235,13:10:09,13.65,0.0,47,64130,买盘
2236,13:10:12,13.65,0.0,46,62811,买盘
2237,13:10:15,13.65,0.0,57,77805,卖盘
2238,13:10:18,13.65,0.0,60,81942,卖盘
2239,13:10:21,13.64,-0.01,139,189722,卖盘
2240,13:10:24,13.65,0.01,1,1365,买盘
2241,13:10:27,13.65,0.0,1981,2708715,买盘
2242,13:10:30,13.66,0.01,41,56014,卖盘
2243,13:10:33,13.67,0.01,30,40985,中性盘
2244,13:10:36,13.69,0.02,294,402461,买盘
2245,13:10:39,13.68,-0.01,177,242120,卖盘
2246,13:10:43,13.68,0.0,24,32832,买盘
2247,13:10:45,13.7,0.02,1230,1684771,买盘
2248,13:10:48,13.68,-0.02,162,221714,卖盘
2249,13:10:51,13.7,0.02,153,209600,买盘
2250,13:10:55,13.7,0.0,119,163030,买盘
2251,13:10:57,13.7,0.0,52,71195,买盘
2252,13:11:00,13.69,-0.01,59,81291,中性盘
2253,13:11:03,13.7,0.01,228,312240,中性盘
2254,13:11:06,13.71,0.01,212,290598,买盘
2255,13:11:09,13.71,0.0,43,58922,买盘
2256,13:11:13,13.7,-0.01,687,941540,卖盘
2257,13:11:16,13.71,0.01,50,68554,卖盘
2258,13:11:18,13.71,0.0,58,79518,卖盘
2259,13:11:21,13.71,0.0,34,46628,卖盘
2260,13:11:24,13.72,0.01,161,220746,买盘
2261,13:11:27,13.72,0.0,446,611704,买盘
2262,13:11:30,13.72,0.0,182,249704,卖盘
2263,13:11:33,13.72,0.0,386,530415,卖盘
2264,13:11:36,13.72,0.0,378,518906,卖盘
2265,13:11:39,13.72,0.0,180,246147,卖盘
2266,13:11:42,13.73,0.01,2141,2941891,买盘
2267,13:11:45,13.73,0.0,25,34328,卖盘
2268,13:11:48,13.75,0.02,699,960818,买盘
2269,13:11:51,13.74,-0.01,86,118236,卖盘
2270,13:11:54,13.75,0.01,298,410518,买盘
2271,13:11:57,13.75,0.0,101,138881,卖盘
2272,13:12:00,13.75,0.0,122,167799,卖盘
2273,13:12:04,13.76,0.01,919,1263333,买盘
2274,13:12:07,13.76,0.0,25,34400,买盘
2275,13:12:09,13.75,-0.01,58,79724,卖盘
2276,13:12:12,13.73,-0.02,54,74252,卖盘
2277,13:12:15,13.74,0.01,68,93498,买盘
2278,13:12:18,13.73,-0.01,32,43940,卖盘
2279,13:12:21,13.74,0.01,63,86549,买盘
2280,13:12:24,13.74,0.0,49,67325,卖盘
2281,13:12:27,13.75,0.01,302,414881,买盘
2282,13:12:31,13.73,-0.02,155,212955,卖盘
2283,13:12:33,13.75,0.02,237,325642,买盘
2284,13:12:36,13.73,-0.02,420,576663,卖盘
2285,13:12:39,13.73,0.0,74,101532,买盘
2286,13:12:42,13.73,0.0,32,43907,买盘
2287,13:12:45,13.72,-0.01,220,301840,卖盘
2288,13:12:48,13.72,0.0,121,166019,卖盘
2289,13:12:51,13.71,-0.01,194,266121,卖盘
2290,13:12:54,13.72,0.01,521,714612,买盘
2291,13:12:57,13.72,0.0,115,157834,卖盘
2292,13:13:00,13.71,-0.01,252,345647,卖盘
2293,13:13:04,13.71,0.0,24,32906,卖盘
2294,13:13:06,13.71,0.0,46,63066,卖盘
2295,13:13:09,13.71,0.0,92,126133,卖盘
2296,13:13:12,13.71,0.0,58,79527,卖盘
2297,13:13:15,13.71,0.0,71,97341,卖盘
2298,13:13:18,13.71,0.0,513,703308,买盘
2299,13:13:21,13.71,0.0,58,79468,买盘
2300,13:13:24,13.7,-0.01,26,35620,卖盘
2301,13:13:27,13.71,0.01,4,5484,买盘
2302,13:13:30,13.7,-0.01,34,46590,卖盘
2303,13:13:33,13.69,-0.01,51,69819,卖盘
2304,13:13:36,13.7,0.01,181,247970,买盘
2305,13:13:39,13.7,0.0,92,126040,买盘
2306,13:13:42,13.7,0.0,24,32894,卖盘
2307,13:13:45,13.69,-0.01,59,80780,卖盘
2308,13:13:48,13.7,0.01,14,19180,买盘
2309,13:13:52,13.7,0.0,48,65760,买盘
2310,13:13:54,13.7,0.0,197,270154,买盘
2311,13:13:57,13.7,0.0,423,578885,卖盘
2312,13:14:00,13.7,0.0,185,253450,买盘
2313,13:14:03,13.69,-0.01,1617,2216410,卖盘
2314,13:14:06,13.71,0.02,324,444146,买盘
2315,13:14:10,13.71,0.0,224,306998,买盘
2316,13:14:13,13.69,-0.02,170,233037,卖盘
2317,13:14:15,13.7,0.01,62,84950,中性盘
2318,13:14:18,13.71,0.01,69,94637,买盘
2319,13:14:21,13.72,0.01,210,287918,买盘
2320,13:14:24,13.73,0.01,348,477755,买盘
2321,13:14:27,13.73,0.0,15,20389,买盘
2322,13:14:30,13.74,0.01,3,4122,买盘
2323,13:14:33,13.75,0.01,202,277551,买盘
2324,13:14:36,13.74,-0.01,32,43995,卖盘
2325,13:14:39,13.74,0.0,11,15114,卖盘
2326,13:14:42,13.75,0.01,12,16497,买盘
2327,13:14:45,13.74,-0.01,117,160758,卖盘
2328,13:14:48,13.74,0.0,272,373728,卖盘
2329,13:14:51,13.73,-0.01,34,46682,卖盘
2330,13:14:57,13.73,0.0,1222,1679771,买盘
2331,13:15:00,13.73,0.0,19,26087,买盘
2332,13:15:04,13.71,-0.02,101,138626,卖盘
2333,13:15:07,13.72,0.01,25,34300,卖盘
2334,13:15:09,13.74,0.02,203,278918,买盘
2335,13:15:12,13.73,-0.01,28,38422,买盘
2336,13:15:15,13.74,0.01,208,285571,买盘
2337,13:15:18,13.74,0.0,152,208696,买盘
2338,13:15:21,13.74,0.0,113,155262,卖盘
2339,13:15:24,13.75,0.01,349,479789,买盘
2340,13:15:27,13.74,-0.01,72,98928,卖盘
2341,13:15:30,13.74,0.0,14,19236,买盘
2342,13:15:33,13.74,0.0,27,37098,买盘
2343,13:15:36,13.75,0.01,179,245988,买盘
2344,13:15:39,13.75,0.0,360,494997,买盘
2345,13:15:42,13.75,0.0,102,140253,卖盘
2346,13:15:45,13.75,0.0,53,72878,卖盘
2347,13:15:48,13.76,0.01,319,439770,买盘
2348,13:15:51,13.77,0.01,476,655145,买盘
2349,13:15:54,13.78,0.01,629,866453,买盘
2350,13:15:57,13.78,0.0,46,63308,买盘
2351,13:16:00,13.78,0.0,206,283859,买盘
2352,13:16:03,13.78,0.0,138,190210,买盘
2353,13:16:07,13.78,0.0,110,151680,卖盘
2354,13:16:09,13.78,0.0,26,35838,卖盘
2355,13:16:12,13.79,0.01,18,24807,买盘
2356,13:16:15,13.79,0.0,894,1232716,买盘
2357,13:16:18,13.79,0.0,56,77206,买盘
2358,13:16:21,13.8,0.01,954,1315696,买盘
2359,13:16:24,13.79,-0.01,119,164134,中性盘
2360,13:16:27,13.79,0.0,154,212485,卖盘
2361,13:16:30,13.79,0.0,265,365684,卖盘
2362,13:16:33,13.79,0.0,45,62070,卖盘
2363,13:16:36,13.79,0.0,106,146199,卖盘
2364,13:16:40,13.78,-0.01,24,33072,卖盘
2365,13:16:42,13.78,0.0,179,246559,买盘
2366,13:16:45,13.78,0.0,4,5512,买盘
2367,13:16:54,13.76,-0.02,253,348500,卖盘
2368,13:16:57,13.76,0.0,108,147411,卖盘
2369,13:17:00,13.75,-0.01,5,6875,卖盘
2370,13:17:03,13.75,0.0,3,4125,买盘
2371,13:17:07,13.76,0.01,206,283410,买盘
2372,13:17:09,13.72,-0.04,11,15102,卖盘
2373,13:17:12,13.75,0.03,16,21975,买盘
2374,13:17:15,13.72,-0.03,114,156397,卖盘
2375,13:17:18,13.73,0.01,82,112532,买盘
2376,13:17:21,13.76,0.03,107,147128,买盘
2377,13:17:24,13.75,-0.01,108,148500,卖盘
2378,13:17:27,13.75,0.0,41,56381,卖盘
2379,13:17:30,13.75,0.0,18,24753,卖盘
2380,13:17:33,13.75,0.0,86,118250,卖盘
2381,13:17:36,13.75,0.0,161,221380,卖盘
2382,13:17:46,13.73,-0.02,2,2747,卖盘
2383,13:17:48,13.74,0.01,3,4122,买盘
2384,13:17:51,13.74,0.0,33,45342,买盘
2385,13:17:54,13.73,-0.01,60,82450,卖盘
2386,13:17:57,13.73,0.0,33,45309,卖盘
2387,13:18:00,13.72,-0.01,89,122205,卖盘
2388,13:18:04,13.73,0.01,45,61744,中性盘
2389,13:18:09,13.73,0.0,4,5492,买盘
2390,13:18:12,13.71,-0.02,40,54854,卖盘
2391,13:18:18,13.71,0.0,78,106944,卖盘
2392,13:18:21,13.71,0.0,11,15081,买盘
2393,13:18:24,13.73,0.02,126,172760,买盘
2394,13:18:27,13.73,0.0,109,149365,买盘
2395,13:18:30,13.71,-0.02,11,15086,卖盘
2396,13:18:36,13.72,0.01,46,63046,买盘
2397,13:18:39,13.72,0.0,7,9608,卖盘
2398,13:18:42,13.72,0.0,33,45276,卖盘
2399,13:18:48,13.72,0.0,114,156420,卖盘
2400,13:18:51,13.7,-0.02,1,1370,卖盘
2401,13:18:54,13.71,0.01,1,1371,中性盘
2402,13:18:57,13.71,0.0,12,16446,买盘
2403,13:19:00,13.71,0.0,810,1112620,买盘
2404,13:19:04,13.71,0.0,9,12339,卖盘
2405,13:19:06,13.71,0.0,29,39759,买盘
2406,13:19:09,13.71,0.0,4,5484,卖盘
2407,13:19:13,13.74,0.03,3,4120,买盘
2408,13:19:15,13.71,-0.03,2,2742,卖盘
2409,13:19:19,13.71,0.0,36,49352,卖盘
2410,13:19:21,13.7,-0.01,14,19180,卖盘
2411,13:19:24,13.71,0.01,29,39757,买盘
2412,13:19:27,13.71,0.0,19,26046,买盘
2413,13:19:31,13.7,-0.01,12,16444,卖盘
2414,13:19:36,13.7,0.0,25,34264,卖盘
2415,13:19:39,13.72,0.02,3,4115,买盘
2416,13:19:42,13.7,-0.02,204,279480,卖盘
2417,13:19:45,13.71,0.01,14,19184,中性盘
2418,13:19:54,13.71,0.0,11,15081,买盘
2419,13:19:57,13.7,-0.01,67,91842,卖盘
2420,13:20:00,13.7,0.0,19,26045,卖盘
2421,13:20:04,13.7,0.0,12,16440,卖盘
2422,13:20:06,13.7,0.0,172,235867,卖盘
2423,13:20:09,13.72,0.02,62,85009,买盘
2424,13:20:12,13.71,-0.01,2,2742,买盘
2425,13:20:16,13.72,0.01,108,148113,买盘
2426,13:20:18,13.73,0.01,2,2746,买盘
2427,13:20:21,13.72,-0.01,10,13727,卖盘
2428,13:20:24,13.73,0.01,116,159164,买盘
2429,13:20:27,13.74,0.01,86,118079,买盘
2430,13:20:30,13.72,-0.02,200,274468,卖盘
2431,13:20:39,13.73,0.01,7,9607,买盘
2432,13:20:48,13.72,-0.01,71,97412,卖盘
2433,13:20:51,13.72,0.0,5,6860,卖盘
2434,13:20:54,13.73,0.01,12,16476,买盘
2435,13:20:57,13.72,-0.01,36,49401,卖盘
2436,13:21:00,13.73,0.01,20,27455,买盘
2437,13:21:03,13.7,-0.03,25,34295,卖盘
2438,13:21:13,13.72,0.02,32,43904,卖盘
2439,13:21:15,13.72,0.0,6,8232,买盘
2440,13:21:18,13.72,0.0,53,72653,买盘
2441,13:21:21,13.72,0.0,12,16464,买盘
2442,13:21:24,13.72,0.0,22,30184,卖盘
2443,13:21:27,13.72,0.0,68,93302,卖盘
2444,13:21:31,13.72,0.0,10,13720,卖盘
2445,13:21:33,13.72,0.0,20,27440,卖盘
2446,13:21:36,13.72,0.0,179,245752,卖盘
2447,13:21:39,13.72,0.0,46,63149,卖盘
2448,13:21:42,13.72,0.0,25,34303,卖盘
2449,13:21:45,13.72,0.0,10,13720,卖盘
2450,13:21:48,13.72,0.0,23,31556,卖盘
2451,13:21:51,13.73,0.01,1,1373,买盘
2452,13:21:54,13.72,-0.01,90,124674,卖盘
2453,13:21:57,13.73,0.01,14,19215,买盘
2454,13:22:00,13.72,-0.01,58,79625,卖盘
2455,13:22:03,13.72,0.0,6,8232,卖盘
2456,13:22:06,13.72,0.0,84,115330,卖盘
2457,13:22:09,13.73,0.01,36,49398,买盘
2458,13:22:12,13.73,0.0,41,56293,买盘
2459,13:22:15,13.72,-0.01,115,157780,卖盘
2460,13:22:18,13.72,0.0,53,72716,卖盘
2461,13:22:21,13.73,0.01,156,212924,买盘
2462,13:22:24,13.71,-0.02,22,30162,卖盘
2463,13:22:27,13.71,0.0,4,5484,买盘
2464,13:22:30,13.71,0.0,1,1371,卖盘
2465,13:22:36,13.71,0.0,4,5485,卖盘
2466,13:22:39,13.71,0.0,17,23309,卖盘
2467,13:22:42,13.71,0.0,7,9597,买盘
2468,13:22:45,13.72,0.01,39,53473,买盘
2469,13:22:48,13.7,-0.02,8,10962,卖盘
2470,13:22:52,13.7,0.0,1,1370,卖盘
2471,13:22:54,13.72,0.02,28,38400,买盘
2472,13:22:58,13.7,-0.02,7,9596,卖盘
2473,13:23:00,13.7,0.0,65,89050,卖盘
2474,13:23:06,13.72,0.02,151,207144,买盘
2475,13:23:15,13.71,-0.01,6,8226,中性盘
2476,13:23:18,13.71,0.0,6,8226,买盘
2477,13:23:24,13.72,0.01,67,91894,买盘
2478,13:23:27,13.71,-0.01,23,31533,买盘
2479,13:23:30,13.71,0.0,32,43896,卖盘
2480,13:23:33,13.72,0.01,228,312791,买盘
2481,13:23:36,13.73,0.01,34,46651,买盘
2482,13:23:39,13.72,-0.01,89,122108,卖盘
2483,13:23:42,13.73,0.01,14,19204,买盘
2484,13:23:45,13.7,-0.03,1,1370,卖盘
2485,13:23:48,13.72,0.02,23,31536,中性盘
2486,13:23:51,13.7,-0.02,203,278110,卖盘
2487,13:23:54,13.7,0.0,2,2740,卖盘
2488,13:23:57,13.72,0.02,6,8232,买盘
2489,13:24:00,13.72,0.0,1,1372,买盘
2490,13:24:03,13.72,0.0,3,4116,买盘
2491,13:24:09,13.7,-0.02,30,41100,卖盘
2492,13:24:12,13.7,0.0,124,169966,卖盘
2493,13:24:15,13.7,0.0,50,68584,卖盘
2494,13:24:18,13.7,0.0,38,52061,卖盘
2495,13:24:21,13.7,0.0,10,13700,买盘
2496,13:24:27,13.7,0.0,6,8220,买盘
2497,13:24:30,13.7,0.0,10,13700,买盘
2498,13:24:33,13.69,-0.01,31,42460,卖盘
2499,13:24:36,13.71,0.02,187,256301,买盘
2500,13:24:39,13.69,-0.02,36,49306,卖盘
2501,13:24:42,13.7,0.01,6,8220,中性盘
2502,13:24:45,13.69,-0.01,10,13694,卖盘
2503,13:24:48,13.7,0.01,13,17810,中性盘
2504,13:24:54,13.69,-0.01,15,20536,卖盘
2505,13:25:04,13.69,0.0,1,1369,卖盘
2506,13:25:06,13.69,0.0,42,57499,卖盘
2507,13:25:09,13.69,0.0,28,38341,卖盘
2508,13:25:15,13.7,0.01,3,4110,买盘
2509,13:25:21,13.69,-0.01,15,20547,卖盘
2510,13:25:24,13.7,0.01,4,5480,买盘
2511,13:25:27,13.69,-0.01,37,50653,卖盘
2512,13:25:30,13.69,0.0,19,26011,卖盘
2513,13:25:33,13.69,0.0,14,19178,卖盘
2514,13:25:36,13.7,0.01,29,39710,买盘
2515,13:25:39,13.7,0.0,131,179466,买盘
2516,13:25:42,13.7,0.0,22,30140,卖盘
2517,13:25:45,13.71,0.01,3,4113,买盘
2518,13:25:48,13.7,-0.01,90,123325,卖盘
2519,13:25:51,13.7,0.0,39,53430,卖盘
2520,13:25:54,13.7,0.0,6,8220,卖盘
2521,13:25:57,13.71,0.01,69,94533,买盘
2522,13:26:00,13.71,0.0,3,4113,买盘
2523,13:26:04,13.7,-0.01,109,149336,卖盘
2524,13:26:06,13.71,0.01,14,19189,买盘
2525,13:26:09,13.7,-0.01,135,185075,卖盘
2526,13:26:12,13.72,0.02,58,79534,买盘
2527,13:26:18,13.7,-0.02,45,61713,卖盘
2528,13:26:21,13.7,0.0,10,13700,卖盘
2529,13:26:24,13.7,0.0,10,13700,卖盘
2530,13:26:27,13.7,0.0,1,1370,卖盘
2531,13:26:30,13.7,0.0,2,2740,卖盘
2532,13:26:33,13.71,0.01,8,10968,买盘
2533,13:26:36,13.72,0.01,31,42487,买盘
2534,13:26:39,13.7,-0.02,20,27400,卖盘
2535,13:26:42,13.71,0.01,1,1371,买盘
2536,13:26:45,13.71,0.0,6,8226,买盘
2537,13:26:51,13.7,-0.01,1,1370,卖盘
2538,13:26:54,13.7,0.0,10,13700,卖盘
2539,13:26:57,13.7,0.0,101,138370,卖盘
2540,13:27:00,13.71,0.01,28,38376,买盘
2541,13:27:06,13.7,-0.01,9,12330,买盘
2542,13:27:15,13.69,-0.01,119,162914,卖盘
2543,13:27:19,13.69,0.0,92,125948,卖盘
2544,13:27:21,13.69,0.0,1,1369,卖盘
2545,13:27:24,13.69,0.0,131,179339,卖盘
2546,13:27:30,13.68,-0.01,20,27360,卖盘
2547,13:27:33,13.68,0.0,4,5473,卖盘
2548,13:27:36,13.68,0.0,20,27369,卖盘
2549,13:27:39,13.68,0.0,249,340823,卖盘
2550,13:27:42,13.68,0.0,75,102600,卖盘
2551,13:27:45,13.68,0.0,88,120384,卖盘
2552,13:27:48,13.68,0.0,12,16416,买盘
2553,13:27:54,13.68,0.0,2,2736,买盘
2554,13:27:57,13.68,0.0,1,1368,买盘
2555,13:28:00,13.67,-0.01,18,24606,卖盘
2556,13:28:04,13.67,0.0,3,4101,卖盘
2557,13:28:07,13.67,0.0,3,4101,中性盘
2558,13:28:09,13.66,-0.01,26,35516,卖盘
2559,13:28:13,13.66,0.0,29,39614,卖盘
2560,13:28:15,13.67,0.01,49,66936,买盘
2561,13:28:21,13.67,0.0,42,57401,买盘
2562,13:28:27,13.65,-0.02,10,13650,卖盘
2563,13:28:30,13.65,0.0,15,20475,卖盘
2564,13:28:33,13.65,0.0,36,49140,卖盘
2565,13:28:36,13.65,0.0,12,16380,买盘
2566,13:28:42,13.65,0.0,12,16380,买盘
2567,13:28:45,13.64,-0.01,24,32736,卖盘
2568,13:28:48,13.64,0.0,7,9551,卖盘
2569,13:28:51,13.64,0.0,177,241428,卖盘
2570,13:28:54,13.63,-0.01,1,1363,卖盘
2571,13:28:57,13.63,0.0,21,28623,卖盘
2572,13:29:00,13.63,0.0,36,49071,卖盘
2573,13:29:04,13.63,0.0,54,73602,卖盘
2574,13:29:06,13.64,0.01,198,270055,买盘
2575,13:29:09,13.64,0.0,17,23181,买盘
2576,13:29:12,13.63,-0.01,14,19082,卖盘
2577,13:29:18,13.64,0.01,94,128216,买盘
2578,13:29:21,13.64,0.0,48,65433,买盘
2579,13:29:24,13.63,-0.01,21,28636,卖盘
2580,13:29:27,13.64,0.01,3,4092,买盘
2581,13:29:30,13.64,0.0,31,42258,买盘
2582,13:29:33,13.63,-0.01,8,10904,卖盘
2583,13:29:36,13.64,0.01,35,47740,买盘
2584,13:29:39,13.64,0.0,10,13640,买盘
2585,13:29:42,13.63,-0.01,38,51797,卖盘
2586,13:29:45,13.63,0.0,145,197650,买盘
2587,13:29:48,13.64,0.01,5,6820,买盘
2588,13:29:54,13.63,-0.01,33,44979,卖盘
2589,13:29:57,13.63,0.0,45,61345,买盘
2590,13:30:07,13.63,0.0,3,4090,卖盘
2591,13:30:09,13.65,0.02,10,13650,买盘
2592,13:30:12,13.63,-0.02,53,72263,卖盘
2593,13:30:15,13.63,0.0,21,28623,买盘
2594,13:30:18,13.65,0.02,14,19110,买盘
2595,13:30:21,13.67,0.02,39,53856,买盘
2596,13:30:27,13.65,-0.02,12,15801,卖盘
2597,13:30:30,13.66,0.01,5,7417,卖盘
2598,13:30:33,13.66,0.0,7,9562,卖盘
2599,13:30:37,13.67,0.01,1,1367,买盘
2600,13:30:40,13.66,-0.01,153,208585,卖盘
2601,13:30:42,13.68,0.02,9,12883,买盘
2602,13:30:46,13.67,-0.01,10,13670,买盘
2603,13:30:54,13.66,-0.01,1,779,买盘
2604,13:30:57,13.66,0.0,1,1366,买盘
2605,13:31:00,13.67,0.01,12,16400,买盘
2606,13:31:03,13.67,0.0,4,5462,买盘
2607,13:31:07,13.62,-0.05,392,534325,卖盘
2608,13:31:09,13.65,0.03,12,16360,中性盘
2609,13:31:15,13.65,0.0,1,1365,买盘
2610,13:31:21,13.64,-0.01,5,6820,买盘
2611,13:31:24,13.62,-0.02,49,66766,卖盘
2612,13:31:27,13.63,0.01,8,10904,中性盘
2613,13:31:31,13.62,-0.01,1,1362,卖盘
2614,13:31:36,13.63,0.01,18,24534,买盘
2615,13:31:39,13.63,0.0,2,2726,卖盘
2616,13:31:42,13.63,0.0,1,1363,卖盘
2617,13:31:48,13.64,0.01,13,17732,买盘
2618,13:31:51,13.64,0.0,11,14999,买盘
2619,13:31:54,13.64,0.0,5,6820,买盘
2620,13:31:57,13.64,0.0,2,2728,买盘
2621,13:32:00,13.63,-0.01,18,24539,卖盘
2622,13:32:04,13.63,0.0,14,19082,卖盘
2623,13:32:06,13.64,0.01,2,2728,买盘
2624,13:32:09,13.64,0.0,192,262057,买盘
2625,13:32:12,13.64,0.0,5,6820,卖盘
2626,13:32:15,13.65,0.01,1,1365,买盘
2627,13:32:18,13.64,-0.01,55,75072,卖盘
2628,13:32:22,13.64,0.0,33,45012,卖盘
2629,13:32:25,13.64,0.0,16,21824,买盘
2630,13:32:28,13.64,0.0,44,60016,买盘
2631,13:32:30,13.64,0.0,8,10912,买盘
2632,13:32:33,13.64,0.0,48,65472,买盘
2633,13:32:36,13.65,0.01,68,93351,买盘
2634,13:32:45,13.64,-0.01,4,5459,卖盘
2635,13:32:51,13.64,0.0,1,1364,卖盘
2636,13:32:57,13.64,0.0,2,2729,卖盘
2637,13:33:04,13.65,0.01,2,2730,买盘
2638,13:33:06,13.65,0.0,46,62764,买盘
2639,13:33:09,13.65,0.0,40,54600,买盘
2640,13:33:12,13.65,0.0,43,58685,买盘
2641,13:33:15,13.65,0.0,25,34125,买盘
2642,13:33:19,13.65,0.0,207,282555,买盘
2643,13:33:21,13.65,0.0,2,2729,买盘
2644,13:33:27,13.65,0.0,28,38220,买盘
2645,13:33:30,13.65,0.0,47,64140,买盘
2646,13:33:33,13.65,0.0,63,85995,买盘
2647,13:33:36,13.65,0.0,49,66885,买盘
2648,13:33:39,13.67,0.02,230,314087,买盘
2649,13:33:42,13.64,-0.03,16,21825,卖盘
2650,13:33:45,13.64,0.0,33,45025,卖盘
2651,13:33:48,13.65,0.01,9,12285,买盘
2652,13:33:51,13.65,0.0,15,20475,买盘
2653,13:33:54,13.65,0.0,1,1365,买盘
2654,13:34:00,13.65,0.0,13,17745,买盘
2655,13:34:06,13.65,0.0,9,12285,卖盘
2656,13:34:09,13.66,0.01,53,72348,买盘
2657,13:34:12,13.66,0.0,4,5464,买盘
2658,13:34:15,13.65,-0.01,13,17757,卖盘
2659,13:34:18,13.67,0.02,91,124282,买盘
2660,13:34:21,13.65,-0.02,65,88773,卖盘
2661,13:34:24,13.66,0.01,48,65568,中性盘
2662,13:34:27,13.66,0.0,2,2732,买盘
2663,13:34:30,13.65,-0.01,134,182913,卖盘
2664,13:34:33,13.65,0.0,44,60095,卖盘
2665,13:34:36,13.65,0.0,4,5460,买盘
2666,13:34:40,13.66,0.01,42,57359,买盘
2667,13:34:43,13.65,-0.01,46,62789,买盘
2668,13:34:45,13.65,0.0,7,9555,买盘
2669,13:34:48,13.65,0.0,11,15007,买盘
2670,13:34:51,13.64,-0.01,5,6820,卖盘
2671,13:34:54,13.65,0.01,3,4095,买盘
2672,13:34:57,13.65,0.0,9,12285,买盘
2673,13:35:04,13.65,0.0,13,17745,买盘
2674,13:35:06,13.64,-0.01,13,17734,卖盘
2675,13:35:09,13.66,0.02,175,238932,买盘
2676,13:35:13,13.64,-0.02,16,21848,卖盘
2677,13:35:16,13.64,0.0,28,38207,卖盘
2678,13:35:18,13.66,0.02,45,61465,买盘
2679,13:35:21,13.64,-0.02,1,1364,卖盘
2680,13:35:24,13.65,0.01,51,69598,中性盘
2681,13:35:27,13.66,0.01,4,5462,买盘
2682,13:35:31,13.65,-0.01,32,43689,卖盘
2683,13:35:33,13.65,0.0,78,106470,卖盘
2684,13:35:36,13.65,0.0,66,90090,卖盘
2685,13:35:39,13.65,0.0,72,98280,卖盘
2686,13:35:42,13.64,-0.01,18,24552,卖盘
2687,13:35:45,13.64,0.0,30,40920,卖盘
2688,13:35:48,13.65,0.01,26,35467,买盘
2689,13:35:51,13.64,-0.01,50,68212,卖盘
2690,13:35:54,13.65,0.01,49,66837,买盘
2691,13:35:57,13.65,0.0,49,66837,买盘
2692,13:36:00,13.64,-0.01,75,102300,卖盘
2693,13:36:03,13.64,0.0,96,130952,卖盘
2694,13:36:06,13.64,0.0,63,85932,卖盘
2695,13:36:09,13.64,0.0,85,115940,卖盘
2696,13:36:12,13.64,0.0,3,4092,卖盘
2697,13:36:15,13.64,0.0,39,53197,卖盘
2698,13:36:18,13.65,0.01,49,66885,买盘
2699,13:36:21,13.64,-0.01,5,6820,卖盘
2700,13:36:24,13.64,0.0,24,32738,卖盘
2701,13:36:27,13.64,0.0,44,60016,卖盘
2702,13:36:30,13.65,0.01,56,76420,买盘
2703,13:36:33,13.64,-0.01,3,4092,买盘
2704,13:36:40,13.65,0.01,264,360347,买盘
2705,13:36:42,13.63,-0.02,61,83143,卖盘
2706,13:36:45,13.63,0.0,117,159481,卖盘
2707,13:36:48,13.65,0.02,65,88664,买盘
2708,13:36:51,13.64,-0.01,25,34100,卖盘
2709,13:36:57,13.65,0.01,49,66879,买盘
2710,13:37:00,13.65,0.0,24,32754,买盘
2711,13:37:04,13.64,-0.01,28,38218,卖盘
2712,13:37:06,13.64,0.0,27,36833,卖盘
2713,13:37:09,13.65,0.01,1,1365,买盘
2714,13:37:12,13.65,0.0,8,10920,买盘
2715,13:37:15,13.63,-0.02,303,413208,卖盘
2716,13:37:21,13.63,0.0,4,5452,卖盘
2717,13:37:24,13.63,0.0,104,141778,卖盘
2718,13:37:27,13.63,0.0,12,16356,买盘
2719,13:37:30,13.63,0.0,1,1363,买盘
2720,13:37:33,13.62,-0.01,20,27240,卖盘
2721,13:37:36,13.62,0.0,14,19068,卖盘
2722,13:37:39,13.62,0.0,6,8176,卖盘
2723,13:37:42,13.62,0.0,30,40861,卖盘
2724,13:37:45,13.62,0.0,146,198860,卖盘
2725,13:37:48,13.62,0.0,84,114458,卖盘
2726,13:37:51,13.62,0.0,2,2724,卖盘
2727,13:37:54,13.62,0.0,18,24516,卖盘
2728,13:38:00,13.61,-0.01,14,19054,卖盘
2729,13:38:04,13.62,0.01,1,1362,买盘
2730,13:38:09,13.62,0.0,171,232902,买盘
2731,13:38:12,13.61,-0.01,13,17693,卖盘
2732,13:38:15,13.62,0.01,17,23154,买盘
2733,13:38:18,13.62,0.0,86,117055,买盘
2734,13:38:21,13.61,-0.01,109,148349,卖盘
2735,13:38:24,13.6,-0.01,301,409361,卖盘
2736,13:38:27,13.6,0.0,316,429980,卖盘
2737,13:38:30,13.6,0.0,4,5222,卖盘
2738,13:38:33,13.59,-0.01,17,23103,卖盘
2739,13:38:36,13.6,0.01,54,73436,买盘
2740,13:38:39,13.59,-0.01,7,9513,卖盘
2741,13:38:45,13.6,0.01,56,76147,买盘
2742,13:38:49,13.59,-0.01,26,35334,卖盘
2743,13:38:51,13.59,0.0,15,20384,中性盘
2744,13:38:54,13.6,0.01,66,89978,买盘
2745,13:38:57,13.6,0.0,49,66548,卖盘
