,time,price,change,volume,amount,type
0,09:25:04,8.99,0.01,87,78213,买盘
1,09:30:05,8.98,-0.01,3,2694,卖盘
2,09:30:07,8.99,0.01,335,298632,买盘
3,09:30:13,8.95,-0.04,3,2685,卖盘
4,09:30:16,8.95,0.0,7,6265,卖盘
5,09:30:19,8.98,0.03,11,9852,买盘
6,09:30:25,8.98,0.0,115,103120,买盘
7,09:30:28,8.89,-0.09,49,43597,卖盘
8,09:30:34,8.89,0.0,1,889,买盘
9,09:30:37,8.9,0.01,1,890,卖盘
10,09:30:43,8.89,-0.01,2,1778,买盘
11,09:30:46,8.88,-0.01,16,14214,卖盘
12,09:30:49,8.88,0.0,2,1776,买盘
13,09:30:52,8.88,0.0,4,3552,买盘
14,09:30:55,8.88,0.0,16,14208,买盘
15,09:30:58,8.89,0.01,3,2667,买盘
16,09:31:04,8.89,0.0,1,889,买盘
17,09:31:07,8.89,0.0,6,5334,买盘
18,09:31:10,8.88,-0.01,15,13320,卖盘
19,09:31:13,8.89,0.01,1,889,买盘
20,09:31:16,8.89,0.0,2,1778,买盘
21,09:31:19,8.89,0.0,1,889,买盘
22,09:31:22,8.89,0.0,10,8890,买盘
23,09:31:25,8.89,0.0,7,6223,买盘
24,09:31:28,8.89,0.0,16,14224,买盘
25,09:31:34,8.89,0.0,9,8004,卖盘
26,09:31:37,8.9,0.01,2,1779,买盘
27,09:31:40,8.9,0.0,3,2670,买盘
28,09:31:43,8.9,0.0,1,890,买盘
29,09:31:46,8.9,0.0,2,1780,买盘
30,09:31:49,8.9,0.0,2,1780,买盘
31,09:31:52,8.89,-0.01,2,1778,卖盘
32,09:31:55,8.9,0.01,52,46272,买盘
33,09:32:04,8.9,0.0,7,6230,卖盘
34,09:32:07,8.9,0.0,1,890,卖盘
35,09:32:28,8.91,0.01,1,891,中性盘
36,09:32:46,8.91,0.0,1,891,卖盘
37,09:32:52,8.94,0.03,3,2682,买盘
38,09:33:10,8.94,0.0,42,37548,买盘
39,09:33:13,8.91,-0.03,128,114115,卖盘
40,09:33:16,8.91,0.0,10,8910,买盘
41,09:33:19,8.9,-0.01,1,890,卖盘
42,09:33:25,8.91,0.01,25,22272,买盘
43,09:33:33,8.91,0.0,2,1782,买盘
44,09:33:46,8.91,0.0,14,12474,买盘
45,09:33:49,8.91,0.0,3,2673,卖盘
46,09:34:01,8.93,0.02,1,893,中性盘
47,09:34:07,8.96,0.03,27,24161,买盘
48,09:34:19,8.91,-0.05,2,1782,卖盘
49,09:34:25,8.91,0.0,17,15147,卖盘
50,09:34:43,8.93,0.02,6,5358,买盘
51,09:34:49,8.93,0.0,1,893,卖盘
52,09:34:55,8.93,0.0,2,1786,卖盘
53,09:35:01,8.93,0.0,10,8930,卖盘
54,09:35:16,8.93,0.0,2,1786,卖盘
55,09:35:19,8.93,0.0,1,893,卖盘
56,09:35:25,8.93,0.0,2,1786,卖盘
57,09:35:30,8.93,0.0,7,6251,卖盘
58,09:35:40,8.93,0.0,2,1786,买盘
59,09:36:10,8.93,0.0,3,2679,卖盘
60,09:36:25,8.91,-0.02,100,89100,卖盘
61,09:36:37,8.91,0.0,2,1782,卖盘
62,09:36:40,8.91,0.0,3,2673,卖盘
63,09:36:55,8.9,-0.01,2,1780,卖盘
64,09:36:57,8.9,0.0,72,64080,卖盘
65,09:37:04,8.9,0.0,23,20470,卖盘
66,09:37:07,8.89,-0.01,32,28471,卖盘
67,09:37:16,8.88,-0.01,44,39072,卖盘
68,09:37:25,8.86,-0.02,10,8860,卖盘
69,09:37:31,8.86,0.0,13,11518,买盘
70,09:37:34,8.85,-0.01,60,53101,卖盘
71,09:37:37,8.83,-0.02,8,7064,卖盘
72,09:37:43,8.83,0.0,4,3532,买盘
73,09:37:46,8.83,0.0,7,6181,卖盘
74,09:37:49,8.82,-0.01,8,7056,卖盘
75,09:37:52,8.85,0.03,25,22103,买盘
76,09:37:58,8.83,-0.02,1,883,卖盘
77,09:38:00,8.81,-0.02,50,44083,卖盘
78,09:38:04,8.88,0.07,92,81452,买盘
79,09:38:07,8.88,0.0,20,17760,卖盘
80,09:38:10,8.87,-0.01,13,11536,卖盘
81,09:38:19,8.82,-0.05,37,32634,卖盘
82,09:38:27,8.82,0.0,1,882,卖盘
83,09:38:31,8.82,0.0,27,23814,买盘
84,09:38:34,8.82,0.0,12,10584,买盘
85,09:38:43,8.82,0.0,4,3528,卖盘
86,09:38:46,8.87,0.05,10,8870,中性盘
87,09:38:49,8.83,-0.04,12,10596,卖盘
88,09:38:52,8.83,0.0,55,48571,卖盘
89,09:38:55,8.83,0.0,5,4415,卖盘
90,09:38:58,8.83,0.0,4,3532,卖盘
91,09:39:01,8.83,0.0,42,37146,卖盘
92,09:39:04,8.83,0.0,4,3532,卖盘
93,09:39:10,8.83,0.0,21,18543,卖盘
94,09:39:13,8.83,0.0,6,5306,中性盘
95,09:39:16,8.82,-0.01,22,19416,卖盘
96,09:39:22,8.83,0.01,5,4415,卖盘
97,09:39:25,8.87,0.04,50,44303,买盘
98,09:39:28,8.83,-0.04,2,1766,中性盘
99,09:39:31,8.83,0.0,34,30022,卖盘
100,09:39:34,8.82,-0.01,54,47642,卖盘
101,09:39:37,8.81,-0.01,150,132292,卖盘
102,09:39:40,8.81,0.0,29,25549,卖盘
103,09:39:42,8.83,0.02,11,9713,卖盘
104,09:39:46,8.81,-0.02,73,64433,卖盘
105,09:40:07,8.81,0.0,83,73138,卖盘
106,09:40:13,8.81,0.0,46,40526,卖盘
107,09:40:19,8.82,0.01,3,2646,买盘
108,09:40:34,8.82,0.0,28,24696,买盘
109,09:40:40,8.81,-0.01,15,13218,卖盘
110,09:40:43,8.82,0.01,1,882,卖盘
111,09:40:49,8.82,0.0,15,13230,卖盘
112,09:40:51,8.82,0.0,11,9702,卖盘
113,09:40:58,8.82,0.0,19,16744,买盘
114,09:41:04,8.83,0.01,15,13238,买盘
115,09:41:16,8.83,0.0,7,6181,卖盘
116,09:41:25,8.84,0.01,2,1768,卖盘
117,09:41:28,8.83,-0.01,3,2649,卖盘
118,09:41:31,8.85,0.02,15,13249,买盘
119,09:41:43,8.83,-0.02,13,11479,卖盘
120,09:41:46,8.85,0.02,7,6193,买盘
121,09:41:49,8.82,-0.03,56,49457,卖盘
122,09:41:54,8.82,0.0,39,34398,卖盘
123,09:42:07,8.82,0.0,48,42336,卖盘
124,09:42:10,8.82,0.0,1,882,卖盘
125,09:42:13,8.82,0.0,23,20286,卖盘
126,09:42:28,8.82,0.0,97,85608,卖盘
127,09:42:34,8.82,0.0,48,42336,卖盘
128,09:42:42,8.84,0.02,8,7070,买盘
129,09:42:45,8.83,-0.01,12,10596,卖盘
130,09:42:48,8.82,-0.01,43,37959,卖盘
131,09:42:55,8.82,0.0,31,27342,卖盘
132,09:43:01,8.84,0.02,5,4420,买盘
133,09:43:10,8.82,-0.02,65,57341,卖盘
134,09:43:16,8.84,0.02,38,33540,买盘
135,09:43:22,8.84,0.0,34,30038,买盘
136,09:43:28,8.82,-0.02,31,27342,卖盘
137,09:43:33,8.84,0.02,20,17680,买盘
138,09:43:40,8.82,-0.02,15,13230,卖盘
139,09:43:49,8.83,0.01,5,4415,买盘
140,09:43:52,8.83,0.0,2,1766,买盘
141,09:44:07,8.82,-0.01,107,94492,卖盘
142,09:44:10,8.82,0.0,3,2646,卖盘
143,09:44:13,8.82,0.0,56,49392,卖盘
144,09:44:25,8.85,0.03,100,88441,买盘
145,09:44:31,8.82,-0.03,51,45013,卖盘
146,09:44:34,8.82,0.0,11,9702,卖盘
147,09:44:49,8.85,0.03,21,18537,买盘
148,09:44:54,8.82,-0.03,15,13230,卖盘
149,09:45:01,8.82,0.0,18,15876,卖盘
150,09:45:04,8.82,0.0,11,9702,卖盘
151,09:45:07,8.82,0.0,13,11466,卖盘
152,09:45:10,8.85,0.03,44,38897,买盘
153,09:45:16,8.83,-0.02,32,28235,买盘
154,09:45:22,8.83,0.0,5,4415,买盘
155,09:45:28,8.82,-0.01,144,127028,卖盘
156,09:45:34,8.81,-0.01,79,69599,卖盘
157,09:45:46,8.83,0.02,6,5298,买盘
158,09:45:52,8.82,-0.01,15,13219,买盘
159,09:45:55,8.82,0.0,36,31752,买盘
160,09:46:01,8.82,0.0,31,27342,卖盘
161,09:46:05,8.82,0.0,53,46746,卖盘
162,09:46:06,8.81,-0.01,2,2520,卖盘
163,09:46:10,8.82,0.01,9,7938,买盘
164,09:46:13,8.82,0.0,11,9702,卖盘
165,09:46:16,8.81,-0.01,23,20263,卖盘
166,09:46:19,8.82,0.01,9,7938,买盘
167,09:46:22,8.82,0.0,20,17640,买盘
168,09:46:28,8.82,0.0,13,11466,买盘
169,09:46:37,8.85,0.03,54,47702,买盘
170,09:46:43,8.85,0.0,49,43365,卖盘
171,09:46:46,8.85,0.0,1,885,卖盘
172,09:46:52,8.85,0.0,16,14160,卖盘
173,09:47:13,8.85,0.0,1,885,买盘
174,09:47:25,8.85,0.0,3,2655,买盘
175,09:47:27,8.84,-0.01,1,884,中性盘
176,09:47:37,8.83,-0.01,4,3532,卖盘
177,09:47:40,8.84,0.01,4,3536,买盘
178,09:47:49,8.84,0.0,1,884,买盘
179,09:47:55,8.84,0.0,30,26520,买盘
180,09:48:07,8.83,-0.01,7,6181,卖盘
181,09:48:13,8.84,0.01,1,884,买盘
182,09:48:19,8.84,0.0,13,11492,买盘
183,09:48:31,8.85,0.01,3,2655,买盘
184,09:48:37,8.85,0.0,9,7965,买盘
185,09:48:40,8.85,0.0,10,8850,买盘
186,09:48:49,8.85,0.0,3,2655,买盘
187,09:48:55,8.86,0.01,4,3544,买盘
188,09:49:01,8.86,0.0,1,886,买盘
189,09:49:10,8.85,-0.01,29,25665,卖盘
190,09:49:13,8.86,0.01,1,886,买盘
191,09:49:16,8.86,0.0,8,7088,买盘
192,09:49:28,8.86,0.0,1,886,买盘
193,09:49:30,8.86,0.0,30,26580,买盘
194,09:49:37,8.86,0.0,15,13290,买盘
195,09:49:40,8.85,-0.01,17,15061,卖盘
196,09:49:42,8.85,0.0,20,17700,卖盘
197,09:49:54,8.85,0.0,1,885,卖盘
198,09:50:07,8.85,0.0,24,21240,卖盘
199,09:50:13,8.86,0.01,1,886,买盘
200,09:50:19,8.85,-0.01,8,7080,卖盘
201,09:50:25,8.84,-0.01,51,45087,卖盘
202,09:50:28,8.84,0.0,5,4421,卖盘
203,09:50:31,8.84,0.0,9,7956,卖盘
204,09:50:34,8.85,0.01,26,23000,买盘
205,09:50:37,8.84,-0.01,18,15903,卖盘
206,09:50:43,8.83,-0.01,18,15894,卖盘
207,09:50:46,8.83,0.0,5,4415,卖盘
208,09:50:58,8.83,0.0,13,11468,买盘
209,09:51:01,8.82,-0.01,30,26463,卖盘
210,09:51:04,8.82,0.0,4,3528,卖盘
211,09:51:07,8.82,0.0,5,4410,卖盘
212,09:51:10,8.82,0.0,2,1764,卖盘
213,09:51:13,8.82,0.0,12,10584,卖盘
214,09:51:16,8.82,0.0,1,882,买盘
215,09:51:19,8.83,0.01,6,5293,买盘
216,09:51:31,8.82,-0.01,20,17640,买盘
217,09:51:34,8.82,0.0,6,5291,买盘
218,09:51:40,8.81,-0.01,300,264300,卖盘
219,09:51:43,8.82,0.01,1,882,买盘
220,09:51:46,8.82,0.0,10,8819,买盘
221,09:51:52,8.82,0.0,35,30870,买盘
222,09:51:55,8.82,0.0,5,4409,买盘
223,09:51:58,8.82,0.0,22,18625,买盘
224,09:52:01,8.8,-0.02,11,9685,卖盘
225,09:52:04,8.8,0.0,48,42324,卖盘
226,09:52:10,8.8,0.0,1,880,卖盘
227,09:52:13,8.81,0.01,27,23787,买盘
228,09:52:22,8.82,0.01,18,15869,买盘
229,09:52:31,8.82,0.0,1,882,买盘
230,09:52:33,8.82,0.0,2,1764,买盘
231,09:52:40,8.81,-0.01,22,19383,卖盘
232,09:52:43,8.82,0.01,5,4410,买盘
233,09:52:49,8.81,-0.01,100,88100,卖盘
234,09:53:01,8.8,-0.01,500,440000,卖盘
235,09:53:04,8.78,-0.02,467,410920,卖盘
236,09:53:07,8.8,0.02,20,17600,买盘
237,09:53:10,8.78,-0.02,28,24584,卖盘
238,09:53:13,8.78,0.0,46,40388,卖盘
239,09:53:16,8.78,0.0,16,14048,卖盘
240,09:53:22,8.77,-0.01,30,26325,卖盘
241,09:53:25,8.79,0.02,15,13161,买盘
242,09:53:31,8.77,-0.02,10,8770,卖盘
243,09:53:37,8.77,0.0,6,5262,卖盘
244,09:53:43,8.77,0.0,1,877,卖盘
245,09:53:46,8.79,0.02,13,11422,买盘
246,09:53:55,8.78,-0.01,10,8780,卖盘
247,09:53:58,8.77,-0.01,2,1754,卖盘
248,09:54:01,8.77,0.0,37,32449,卖盘
249,09:54:07,8.76,-0.01,5,4380,卖盘
250,09:54:10,8.77,0.01,4,3508,买盘
251,09:54:13,8.76,-0.01,6,5256,卖盘
252,09:54:16,8.76,0.0,18,15768,卖盘
253,09:54:27,8.76,0.0,21,18396,买盘
254,09:54:31,8.75,-0.01,75,65625,卖盘
255,09:54:40,8.75,0.0,10,8750,买盘
256,09:54:46,8.75,0.0,1,875,买盘
257,09:54:55,8.74,-0.01,8,6992,卖盘
258,09:54:58,8.75,0.01,4,3500,买盘
259,09:55:10,8.72,-0.03,20,17461,卖盘
260,09:55:13,8.75,0.03,3,2625,买盘
261,09:55:25,8.73,-0.02,12,10476,买盘
262,09:55:28,8.72,-0.01,8,6980,卖盘
263,09:55:43,8.75,0.03,30,26250,买盘
264,09:55:49,8.75,0.0,71,62027,买盘
265,09:55:52,8.75,0.0,87,76125,买盘
266,09:56:04,8.76,0.01,1,876,买盘
267,09:56:07,8.76,0.0,30,26280,卖盘
268,09:56:10,8.75,-0.01,50,43750,买盘
269,09:56:19,8.77,0.02,8,7016,买盘
270,09:56:24,8.77,0.0,9,7888,买盘
271,09:56:28,8.77,0.0,51,44733,卖盘
272,09:56:34,8.75,-0.02,27,23625,卖盘
273,09:56:52,8.75,0.0,5,4375,买盘
274,09:56:57,8.75,0.0,1,875,买盘
275,09:57:07,8.74,-0.01,4,3496,卖盘
276,09:57:10,8.75,0.01,7,6125,买盘
277,09:57:19,8.75,0.0,62,54250,买盘
278,09:57:22,8.74,-0.01,7,6120,卖盘
279,09:57:34,8.74,0.0,35,30600,卖盘
280,09:57:40,8.74,0.0,81,70794,卖盘
281,09:57:52,8.73,-0.01,16,13968,卖盘
282,09:57:55,8.74,0.01,4,3496,买盘
283,09:57:58,8.73,-0.01,8,6989,卖盘
284,09:58:07,8.74,0.01,54,47194,买盘
285,09:58:16,8.74,0.0,1,874,买盘
286,09:58:31,8.73,-0.01,90,78580,卖盘
287,09:58:40,8.73,0.0,9,7857,买盘
288,09:58:43,8.73,0.0,100,87300,买盘
289,09:58:46,8.72,-0.01,250,218000,卖盘
290,09:58:49,8.72,0.0,16,13952,卖盘
291,09:58:52,8.73,0.01,134,116973,买盘
292,09:59:04,8.74,0.01,1,874,买盘
293,09:59:09,8.73,-0.01,25,21825,卖盘
294,09:59:13,8.73,0.0,46,40158,买盘
295,09:59:19,8.73,0.0,2,1746,买盘
296,09:59:22,8.73,0.0,1,873,买盘
297,09:59:25,8.74,0.01,3,2622,买盘
298,09:59:28,8.74,0.0,4,3496,买盘
299,09:59:34,8.73,-0.01,2,1746,卖盘
300,09:59:42,8.73,0.0,1,873,买盘
301,09:59:49,8.72,-0.01,7,6109,卖盘
302,09:59:52,8.72,0.0,3,2616,卖盘
303,10:00:04,8.72,0.0,20,17440,卖盘
304,10:00:07,8.72,0.0,62,54065,卖盘
305,10:00:16,8.72,0.0,34,29648,卖盘
306,10:00:19,8.72,0.0,5,4360,买盘
307,10:00:21,8.71,-0.01,14,12204,卖盘
308,10:00:24,8.72,0.01,1,872,买盘
309,10:00:28,8.72,0.0,10,8720,买盘
310,10:00:31,8.71,-0.01,226,196847,卖盘
311,10:00:36,8.7,-0.01,21,18270,卖盘
312,10:00:39,8.72,0.02,15,13075,买盘
313,10:00:48,8.7,-0.02,8,6960,卖盘
314,10:00:52,8.72,0.02,9,7847,买盘
315,10:00:55,8.7,-0.02,1,870,卖盘
316,10:01:01,8.71,0.01,10,8710,买盘
317,10:01:07,8.71,0.0,1,871,买盘
318,10:01:10,8.71,0.0,44,38284,买盘
319,10:01:13,8.71,0.0,1,871,卖盘
320,10:01:16,8.7,-0.01,2,1740,卖盘
321,10:01:25,8.71,0.01,1,871,买盘
322,10:01:27,8.7,-0.01,710,617700,卖盘
323,10:01:31,8.69,-0.01,35,30440,卖盘
324,10:01:34,8.7,0.01,73,63493,买盘
325,10:01:37,8.69,-0.01,7,6083,中性盘
326,10:01:40,8.7,0.01,8,6956,买盘
327,10:01:42,8.7,0.0,5,4350,买盘
328,10:01:55,8.69,-0.01,115,99935,买盘
329,10:02:00,8.69,0.0,10,8690,买盘
330,10:02:06,8.7,0.01,82,71271,买盘
331,10:02:09,8.68,-0.02,54,46911,卖盘
332,10:02:16,8.69,0.01,21,18250,卖盘
333,10:02:19,8.7,0.01,10,8700,买盘
334,10:02:22,8.7,0.0,1,870,买盘
335,10:02:25,8.68,-0.02,100,86822,卖盘
336,10:02:28,8.68,0.0,100,86858,卖盘
337,10:02:31,8.7,0.02,20,17400,买盘
338,10:02:34,8.69,-0.01,2,1739,卖盘
339,10:02:37,8.7,0.01,10,8700,买盘
340,10:02:49,8.7,0.0,5,4350,买盘
341,10:02:55,8.66,-0.04,245,212578,卖盘
342,10:03:01,8.72,0.06,434,377896,买盘
343,10:03:04,8.72,0.0,37,32264,卖盘
344,10:03:07,8.74,0.02,30,26162,买盘
345,10:03:19,8.68,-0.06,25,21700,卖盘
346,10:03:25,8.67,-0.01,45,39055,卖盘
347,10:03:31,8.71,0.04,1,871,买盘
348,10:03:37,8.7,-0.01,1,870,中性盘
349,10:03:49,8.68,-0.02,20,17370,卖盘
350,10:03:55,8.7,0.02,51,44370,买盘
351,10:03:58,8.68,-0.02,20,17360,卖盘
352,10:04:16,8.69,0.01,82,71223,买盘
353,10:04:19,8.69,0.0,3,2607,买盘
354,10:04:31,8.69,0.0,4,3477,卖盘
355,10:04:34,8.69,0.0,1,869,卖盘
356,10:04:49,8.72,0.03,8,6976,买盘
357,10:05:04,8.72,0.0,11,9573,买盘
358,10:05:07,8.69,-0.03,20,17380,卖盘
359,10:05:16,8.69,0.0,13,11297,卖盘
360,10:05:22,8.7,0.01,1,870,买盘
361,10:05:25,8.72,0.02,32,27904,买盘
362,10:05:31,8.7,-0.02,1,870,卖盘
363,10:05:40,8.7,0.0,7,6090,卖盘
364,10:05:42,8.72,0.02,1,872,买盘
365,10:05:55,8.71,-0.01,11,9591,卖盘
366,10:06:04,8.72,0.01,40,34880,买盘
367,10:06:22,8.72,0.0,1,872,买盘
368,10:06:25,8.72,0.0,9,7848,买盘
369,10:06:30,8.72,0.0,36,31392,买盘
370,10:06:40,8.72,0.0,2,1744,买盘
371,10:06:49,8.72,0.0,16,13952,买盘
372,10:07:00,8.71,-0.01,20,17420,卖盘
373,10:07:04,8.71,0.0,10,8710,卖盘
374,10:07:13,8.71,0.0,1,871,卖盘
375,10:07:19,8.72,0.01,4,3488,买盘
376,10:07:22,8.71,-0.01,62,54002,卖盘
377,10:07:28,8.7,-0.01,21,18270,卖盘
378,10:07:31,8.71,0.01,25,21775,买盘
379,10:07:37,8.71,0.0,5,4355,买盘
380,10:08:01,8.71,0.0,53,46163,买盘
381,10:08:07,8.71,0.0,20,17420,买盘
382,10:08:19,8.71,0.0,2,1742,买盘
383,10:08:24,8.7,-0.01,60,52200,卖盘
384,10:08:28,8.71,0.01,25,21775,买盘
385,10:08:31,8.7,-0.01,440,382800,卖盘
386,10:08:37,8.7,0.0,30,26100,买盘
387,10:08:46,8.69,-0.01,12,10428,卖盘
388,10:08:52,8.7,0.01,5,4350,买盘
389,10:09:00,8.69,-0.01,50,43450,卖盘
390,10:09:06,8.69,0.0,93,80817,卖盘
391,10:09:22,8.68,-0.01,8,6944,卖盘
392,10:09:27,8.69,0.01,40,34760,买盘
393,10:09:33,8.69,0.0,8,6952,买盘
394,10:09:40,8.69,0.0,1,869,卖盘
395,10:09:43,8.69,0.0,3,2607,卖盘
396,10:09:51,8.69,0.0,5,4345,买盘
397,10:09:55,8.69,0.0,2,1738,买盘
398,10:09:57,8.68,-0.01,30,26040,卖盘
399,10:10:01,8.69,0.01,10,8690,买盘
400,10:10:07,8.69,0.0,11,9559,买盘
401,10:10:16,8.69,0.0,2,1738,买盘
402,10:10:28,8.68,-0.01,176,152768,卖盘
403,10:10:31,8.69,0.01,60,52106,买盘
404,10:10:34,8.69,0.0,22,19102,买盘
405,10:10:36,8.69,0.0,1,869,卖盘
406,10:10:40,8.69,0.0,5,4345,卖盘
407,10:10:52,8.69,0.0,3,2607,买盘
408,10:11:04,8.69,0.0,1,869,买盘
409,10:11:07,8.68,-0.01,1,868,卖盘
410,10:11:16,8.68,0.0,69,59892,卖盘
411,10:11:19,8.68,0.0,60,52080,卖盘
412,10:11:22,8.67,-0.01,33,28611,卖盘
413,10:11:28,8.67,0.0,29,25143,卖盘
414,10:11:30,8.69,0.02,59,51262,买盘
415,10:11:37,8.66,-0.03,144,124826,卖盘
416,10:11:43,8.66,0.0,56,48506,卖盘
417,10:11:49,8.68,0.02,1,868,卖盘
418,10:11:55,8.69,0.01,10,8690,买盘
419,10:11:58,8.67,-0.02,40,34698,卖盘
420,10:12:01,8.67,0.0,6,5202,买盘
421,10:12:04,8.66,-0.01,25,21670,卖盘
422,10:12:10,8.69,0.03,11,9558,买盘
423,10:12:13,8.69,0.0,65,56485,买盘
424,10:12:19,8.67,-0.02,40,34681,卖盘
425,10:12:28,8.7,0.03,50,43500,买盘
426,10:12:31,8.68,-0.02,1,868,卖盘
427,10:12:33,8.68,0.0,25,21700,卖盘
428,10:12:42,8.69,0.01,4,3476,卖盘
429,10:12:48,8.7,0.01,100,86977,买盘
430,10:12:55,8.67,-0.03,51,44233,卖盘
431,10:13:01,8.68,0.01,10,8680,买盘
432,10:13:04,8.68,0.0,40,34720,买盘
433,10:13:10,8.68,0.0,24,20832,卖盘
434,10:13:22,8.69,0.01,8,6952,买盘
435,10:13:31,8.69,0.0,9,7821,卖盘
436,10:13:33,8.69,0.0,3,2607,买盘
437,10:13:36,8.69,0.0,1,869,卖盘
438,10:13:46,8.7,0.01,3,2610,买盘
439,10:14:01,8.7,0.0,14,12180,买盘
440,10:14:04,8.7,0.0,2,1740,买盘
441,10:14:07,8.69,-0.01,55,47798,卖盘
442,10:14:13,8.69,0.0,1,869,买盘
443,10:14:15,8.69,0.0,4,3476,买盘
444,10:14:22,8.68,-0.01,21,18228,卖盘
445,10:14:37,8.69,0.01,10,8690,买盘
446,10:14:43,8.68,-0.01,15,13020,卖盘
447,10:14:46,8.69,0.01,20,17380,买盘
448,10:14:49,8.69,0.0,23,19987,买盘
449,10:14:52,8.68,-0.01,22,19096,卖盘
450,10:14:55,8.69,0.01,14,12166,买盘
451,10:15:07,8.69,0.0,2,1738,卖盘
452,10:15:10,8.69,0.0,1,869,卖盘
453,10:15:13,8.69,0.0,20,17380,卖盘
454,10:15:25,8.7,0.01,30,26100,买盘
455,10:15:31,8.7,0.0,27,23466,买盘
456,10:15:37,8.69,-0.01,29,25201,卖盘
457,10:15:43,8.69,0.0,26,22594,卖盘
458,10:15:46,8.69,0.0,109,94721,卖盘
459,10:15:52,8.68,-0.01,124,107632,卖盘
460,10:15:55,8.69,0.01,9,7821,买盘
461,10:15:57,8.68,-0.01,60,52080,卖盘
462,10:16:01,8.69,0.01,11,9559,买盘
463,10:16:04,8.68,-0.01,359,311633,卖盘
464,10:16:06,8.68,0.0,36,31222,买盘
465,10:16:09,8.68,0.0,202,175164,买盘
466,10:16:12,8.66,-0.02,150,129920,卖盘
467,10:16:16,8.68,0.02,57,49414,买盘
468,10:16:19,8.68,0.0,235,203772,买盘
469,10:16:22,8.69,0.01,106,92028,买盘
470,10:16:24,8.67,-0.02,112,97197,卖盘
471,10:16:27,8.67,0.0,69,59873,卖盘
472,10:16:31,8.65,-0.02,106,91829,卖盘
473,10:16:34,8.69,0.04,13,11293,买盘
474,10:16:37,8.65,-0.04,65,56233,卖盘
475,10:16:40,8.65,0.0,92,79609,卖盘
476,10:16:46,8.68,0.03,91,78736,买盘
477,10:16:52,8.65,-0.03,20,17305,卖盘
478,10:16:55,8.69,0.04,24,20856,买盘
479,10:16:58,8.67,-0.02,39,33813,卖盘
480,10:17:01,8.69,0.02,4,3476,买盘
481,10:17:04,8.66,-0.03,28,24252,卖盘
482,10:17:10,8.66,0.0,27,23382,卖盘
483,10:17:12,8.69,0.03,10,8690,买盘
484,10:17:16,8.69,0.0,3,2607,买盘
485,10:17:19,8.68,-0.01,2,1736,中性盘
486,10:17:22,8.69,0.01,13,11368,买盘
487,10:17:25,8.69,0.0,30,26070,买盘
488,10:17:31,8.66,-0.03,21,18198,卖盘
489,10:17:37,8.69,0.03,29,25126,买盘
490,10:17:43,8.67,-0.02,2,1734,卖盘
491,10:17:48,8.69,0.02,26,22592,买盘
492,10:18:15,8.67,-0.02,56,48652,卖盘
493,10:18:31,8.69,0.02,23,19987,买盘
494,10:18:34,8.67,-0.02,21,18219,卖盘
495,10:18:37,8.67,0.0,21,18207,卖盘
496,10:18:45,8.68,0.01,50,43400,买盘
497,10:18:52,8.66,-0.02,37,32059,卖盘
498,10:18:58,8.65,-0.01,561,485457,卖盘
499,10:19:04,8.65,0.0,146,126336,卖盘
500,10:19:06,8.68,0.03,9,7812,买盘
501,10:19:10,8.68,0.0,2,1736,卖盘
502,10:19:13,8.68,0.0,9,7812,卖盘
503,10:19:22,8.63,-0.05,88,76056,卖盘
504,10:19:28,8.64,0.01,30,26379,卖盘
505,10:19:31,8.63,-0.01,40,34520,买盘
506,10:19:55,8.68,0.05,1,868,买盘
507,10:20:01,8.69,0.01,151,131024,买盘
508,10:20:04,8.65,-0.04,48,41640,卖盘
509,10:20:09,8.65,0.0,5,4325,买盘
510,10:20:13,8.65,0.0,14,12110,买盘
511,10:20:16,8.65,0.0,15,12975,买盘
512,10:20:19,8.65,0.0,48,41520,买盘
513,10:20:24,8.66,0.01,4,3464,卖盘
514,10:20:28,8.66,0.0,1,866,卖盘
515,10:20:33,8.69,0.03,50,43450,买盘
516,10:20:37,8.65,-0.04,45,38925,卖盘
517,10:20:40,8.65,0.0,55,47575,买盘
518,10:20:52,8.69,0.04,8,6952,买盘
519,10:20:55,8.66,-0.03,78,67591,卖盘
520,10:20:58,8.69,0.03,91,79079,买盘
521,10:21:04,8.69,0.0,12,10426,买盘
522,10:21:13,8.68,-0.01,10,8680,买盘
523,10:21:16,8.66,-0.02,40,34640,卖盘
524,10:21:19,8.67,0.01,35,30345,卖盘
525,10:21:22,8.68,0.01,2,1736,买盘
526,10:21:25,8.66,-0.02,100,86614,卖盘
527,10:21:31,8.68,0.02,3,2602,买盘
528,10:21:49,8.68,0.0,158,136844,买盘
529,10:21:51,8.65,-0.03,90,77900,卖盘
530,10:21:55,8.65,0.0,10,8650,买盘
531,10:22:16,8.66,0.01,7,6239,卖盘
532,10:22:25,8.67,0.01,20,17340,买盘
533,10:22:28,8.67,0.0,5,4335,买盘
534,10:22:31,8.67,0.0,63,54621,买盘
535,10:22:34,8.67,0.0,30,26000,买盘
536,10:22:37,8.67,0.0,3,2601,卖盘
537,10:22:43,8.68,0.01,5,4340,买盘
538,10:22:46,8.67,-0.01,4,3468,卖盘
539,10:22:49,8.67,0.0,18,15606,卖盘
540,10:22:52,8.67,0.0,5,4335,买盘
541,10:22:58,8.66,-0.01,19,16467,卖盘
542,10:23:01,8.67,0.01,62,53754,买盘
543,10:23:06,8.66,-0.01,50,43127,卖盘
544,10:23:10,8.66,0.0,50,43473,买盘
545,10:23:19,8.65,-0.01,161,139101,卖盘
546,10:23:22,8.65,0.0,39,33908,买盘
547,10:23:34,8.66,0.01,20,17320,卖盘
548,10:23:52,8.66,0.0,81,69973,卖盘
549,10:23:55,8.66,0.0,29,25287,买盘
550,10:24:01,8.65,-0.01,200,173021,卖盘
551,10:24:09,8.66,0.01,12,10392,中性盘
552,10:24:31,8.65,-0.01,103,89098,卖盘
553,10:24:39,8.66,0.01,71,61486,买盘
554,10:24:42,8.65,-0.01,2,1730,卖盘
555,10:24:46,8.66,0.01,5,4330,买盘
556,10:24:57,8.66,0.0,7,6062,买盘
557,10:25:10,8.65,-0.01,14,11937,卖盘
558,10:25:15,8.65,0.0,5,4498,买盘
559,10:25:22,8.66,0.01,1,866,买盘
560,10:25:30,8.66,0.0,10,8660,买盘
561,10:25:46,8.66,0.0,21,18186,买盘
562,10:25:49,8.66,0.0,20,17320,买盘
563,10:25:52,8.66,0.0,49,42434,买盘
564,10:25:54,8.66,0.0,4,3464,买盘
565,10:25:57,8.66,0.0,62,53692,买盘
566,10:26:01,8.67,0.01,54,46818,买盘
567,10:26:04,8.67,0.0,8,6936,买盘
568,10:26:07,8.67,0.0,22,19074,买盘
569,10:26:10,8.67,0.0,73,63291,买盘
570,10:26:16,8.68,0.01,3,2604,买盘
571,10:26:21,8.68,0.0,41,35588,买盘
572,10:26:34,8.67,-0.01,20,17340,卖盘
573,10:26:46,8.68,0.01,3,2604,买盘
574,10:26:58,8.68,0.0,3,2604,买盘
575,10:27:07,8.68,0.0,14,12152,买盘
576,10:27:13,8.68,0.0,6,5208,卖盘
577,10:27:27,8.69,0.01,23,19987,买盘
578,10:27:34,8.69,0.0,3,2607,买盘
579,10:27:46,8.69,0.0,6,5214,买盘
580,10:27:49,8.69,0.0,86,74734,买盘
581,10:27:55,8.69,0.0,51,44319,卖盘
582,10:27:58,8.7,0.01,8,6960,买盘
583,10:28:04,8.7,0.0,2,1740,卖盘
584,10:28:25,8.7,0.0,1,870,卖盘
585,10:28:31,8.7,0.0,39,33930,卖盘
586,10:28:37,8.68,-0.02,31,26912,卖盘
587,10:28:49,8.7,0.02,20,17400,买盘
588,10:28:52,8.7,0.0,11,9570,买盘
589,10:29:01,8.71,0.01,50,43523,买盘
590,10:29:07,8.69,-0.02,40,34768,卖盘
591,10:29:16,8.7,0.01,1,870,卖盘
592,10:29:25,8.71,0.01,18,15678,买盘
593,10:29:31,8.69,-0.02,97,84310,卖盘
594,10:29:37,8.68,-0.01,77,66836,卖盘
595,10:29:40,8.68,0.0,3,2604,卖盘
596,10:29:43,8.69,0.01,3,2607,买盘
597,10:29:45,8.68,-0.01,216,187585,卖盘
598,10:29:52,8.66,-0.02,66,57212,卖盘
599,10:29:58,8.66,0.0,72,62362,卖盘
600,10:30:04,8.66,0.0,12,10392,卖盘
601,10:30:06,8.66,0.0,15,12990,卖盘
602,10:30:13,8.66,0.0,25,21650,卖盘
603,10:30:36,8.69,0.03,3,2605,买盘
604,10:30:49,8.67,-0.02,199,172533,卖盘
605,10:30:54,8.66,-0.01,105,90941,卖盘
606,10:31:07,8.67,0.01,3,2601,买盘
607,10:31:10,8.66,-0.01,11,9526,卖盘
608,10:31:19,8.67,0.01,9,7803,买盘
609,10:31:25,8.67,0.0,7,6069,卖盘
610,10:31:34,8.67,0.0,12,10404,卖盘
611,10:31:40,8.67,0.0,23,19941,卖盘
612,10:32:00,8.67,0.0,20,17350,卖盘
613,10:32:04,8.67,0.0,3,2601,卖盘
614,10:32:10,8.67,0.0,3,2601,卖盘
615,10:32:12,8.67,0.0,55,47685,卖盘
616,10:32:19,8.67,0.0,45,38976,买盘
617,10:32:22,8.66,-0.01,4,3466,卖盘
618,10:32:25,8.66,0.0,14,12124,卖盘
619,10:32:31,8.66,0.0,14,12124,卖盘
620,10:32:34,8.66,0.0,3,2598,卖盘
621,10:32:37,8.66,0.0,55,47630,卖盘
622,10:32:43,8.65,-0.01,50,43250,卖盘
623,10:32:46,8.66,0.01,10,8660,买盘
624,10:32:49,8.66,0.0,10,8660,买盘
625,10:32:55,8.65,-0.01,3,2595,卖盘
626,10:32:58,8.66,0.01,30,25980,买盘
627,10:33:04,8.66,0.0,30,25952,买盘
628,10:33:09,8.66,0.0,104,90061,买盘
629,10:33:16,8.65,-0.01,53,45889,卖盘
630,10:33:25,8.65,0.0,45,38934,卖盘
631,10:33:31,8.65,0.0,26,22492,卖盘
632,10:33:40,8.65,0.0,2,1730,卖盘
633,10:33:46,8.67,0.02,5,4335,买盘
634,10:33:49,8.67,0.0,50,43350,买盘
635,10:33:52,8.67,0.0,32,27744,买盘
636,10:33:54,8.66,-0.01,33,28578,卖盘
637,10:33:58,8.67,0.01,1,867,买盘
638,10:34:04,8.66,-0.01,2,1732,卖盘
639,10:34:13,8.66,0.0,3,2598,卖盘
640,10:34:21,8.65,-0.01,20,17307,卖盘
641,10:34:25,8.65,0.0,3,2595,卖盘
642,10:34:33,8.65,0.0,7,6060,卖盘
643,10:34:37,8.66,0.01,3,2598,买盘
644,10:34:43,8.65,-0.01,200,173103,卖盘
645,10:34:49,8.67,0.02,162,140239,买盘
646,10:34:55,8.68,0.01,42,36417,买盘
647,10:35:10,8.67,-0.01,3,2601,卖盘
648,10:35:13,8.68,0.01,66,57288,买盘
649,10:35:16,8.69,0.01,77,66860,买盘
650,10:35:19,8.69,0.0,3,2607,卖盘
651,10:35:22,8.69,0.0,73,63437,卖盘
652,10:35:25,8.66,-0.03,2,1732,买盘
653,10:35:28,8.7,0.04,105,90947,买盘
654,10:35:31,8.67,-0.03,4,3468,中性盘
655,10:35:43,8.68,0.01,3,2604,买盘
656,10:35:46,8.68,0.0,18,15618,买盘
657,10:35:49,8.67,-0.01,18,15622,中性盘
658,10:35:52,8.68,0.01,38,32945,买盘
659,10:35:54,8.69,0.01,5,4343,买盘
660,10:35:57,8.69,0.0,3,2606,买盘
661,10:36:01,8.69,0.0,31,26907,买盘
662,10:36:04,8.69,0.0,6,5214,买盘
663,10:36:06,8.69,0.0,10,8690,买盘
664,10:36:13,8.69,0.0,11,9559,买盘
665,10:36:16,8.69,0.0,10,8690,买盘
666,10:36:19,8.69,0.0,21,18249,卖盘
667,10:36:22,8.7,0.01,8,6959,买盘
668,10:36:25,8.7,0.0,104,90698,买盘
669,10:36:31,8.69,-0.01,54,46976,卖盘
670,10:36:40,8.77,0.08,45,39456,买盘
671,10:36:45,8.69,-0.08,28,24348,卖盘
672,10:36:58,8.71,0.02,10,8704,买盘
673,10:37:01,8.72,0.01,50,43600,买盘
674,10:37:06,8.69,-0.03,29,25213,卖盘
675,10:37:13,8.71,0.02,1,871,中性盘
676,10:37:22,8.7,-0.01,3,2611,卖盘
677,10:37:31,8.71,0.01,37,32290,卖盘
678,10:37:34,8.7,-0.01,50,43528,卖盘
679,10:37:37,8.7,0.0,20,17419,卖盘
680,10:37:40,8.7,0.0,3,2610,卖盘
681,10:37:43,8.7,0.0,24,20880,卖盘
682,10:37:48,8.73,0.03,15,13095,买盘
683,10:37:52,8.7,-0.03,3,2610,卖盘
684,10:38:00,8.73,0.03,31,27063,买盘
685,10:38:04,8.73,0.0,50,43650,卖盘
686,10:38:07,8.7,-0.03,158,137811,卖盘
687,10:38:12,8.69,-0.01,89,77409,卖盘
688,10:38:22,8.7,0.01,79,68730,卖盘
689,10:38:25,8.7,0.0,3,2610,卖盘
690,10:38:28,8.71,0.01,39,33931,买盘
691,10:38:33,8.71,0.0,4,3484,买盘
692,10:38:40,8.71,0.0,9,7851,卖盘
693,10:38:49,8.72,0.01,1,872,中性盘
694,10:38:52,8.72,0.0,2,1744,卖盘
695,10:38:55,8.73,0.01,12,10476,买盘
696,10:39:00,8.72,-0.01,3,2616,卖盘
697,10:39:04,8.73,0.01,29,25301,买盘
698,10:39:09,8.72,-0.01,2,1744,卖盘
699,10:39:22,8.73,0.01,10,8730,买盘
700,10:39:25,8.72,-0.01,3,2616,卖盘
701,10:39:31,8.72,0.0,2,1744,卖盘
702,10:39:40,8.73,0.01,10,8730,买盘
703,10:39:45,8.72,-0.01,24,20928,卖盘
704,10:39:49,8.73,0.01,5,4365,买盘
705,10:39:52,8.73,0.0,10,8730,卖盘
706,10:39:55,8.72,-0.01,3,2617,卖盘
707,10:40:04,8.72,0.0,33,28777,卖盘
708,10:40:06,8.72,0.0,20,17440,买盘
709,10:40:09,8.71,-0.01,30,26130,卖盘
710,10:40:13,8.72,0.01,10,8720,买盘
711,10:40:19,8.7,-0.02,203,176824,卖盘
712,10:40:25,8.73,0.03,116,100923,买盘
713,10:40:31,8.7,-0.03,2,1740,卖盘
714,10:40:37,8.7,0.0,3,2613,卖盘
715,10:40:40,8.7,0.0,109,94830,卖盘
716,10:40:46,8.7,0.0,43,37518,卖盘
717,10:40:48,8.7,0.0,3,2610,卖盘
718,10:40:58,8.73,0.03,51,44423,买盘
719,10:41:04,8.7,-0.03,24,20880,卖盘
720,10:41:07,8.73,0.03,1,873,买盘
721,10:41:09,8.73,0.0,2,1746,买盘
722,10:41:13,8.7,-0.03,1,870,卖盘
723,10:41:22,8.73,0.03,39,34047,买盘
724,10:41:31,8.73,0.0,2,1745,买盘
725,10:41:37,8.73,0.0,50,43650,买盘
726,10:41:40,8.7,-0.03,38,33060,卖盘
727,10:42:13,8.71,0.01,5,4355,卖盘
728,10:42:30,8.71,0.0,100,87100,卖盘
729,10:42:34,8.73,0.02,5,4365,买盘
730,10:42:51,8.73,0.0,3,2619,买盘
731,10:42:58,8.72,-0.01,16,13952,买盘
732,10:43:04,8.75,0.03,277,241837,买盘
733,10:43:09,8.75,0.0,30,26250,卖盘
734,10:43:19,8.75,0.0,16,14000,卖盘
735,10:43:25,8.75,0.0,177,154875,卖盘
736,10:44:21,8.75,0.0,4,3500,买盘
737,10:44:25,8.73,-0.02,10,8730,卖盘
738,10:44:40,8.73,0.0,2,1746,卖盘
739,10:44:46,8.73,0.0,108,94284,卖盘
740,10:44:52,8.73,0.0,2,1746,买盘
741,10:45:01,8.72,-0.01,2,1744,卖盘
742,10:45:24,8.72,0.0,69,60168,卖盘
743,10:45:31,8.71,-0.01,19,16562,卖盘
744,10:45:33,8.71,0.0,12,10452,卖盘
745,10:45:42,8.71,0.0,84,73164,卖盘
746,10:45:46,8.7,-0.01,3,2610,卖盘
747,10:45:49,8.71,0.01,1,871,买盘
748,10:45:52,8.71,0.0,13,11313,买盘
749,10:45:55,8.7,-0.01,2,1740,卖盘
750,10:45:58,8.7,0.0,6,5220,卖盘
751,10:46:06,8.7,0.0,5,4350,卖盘
752,10:46:09,8.7,0.0,1,870,卖盘
753,10:46:12,8.7,0.0,3,2610,卖盘
754,10:46:16,8.71,0.01,20,17420,买盘
755,10:46:27,8.7,-0.01,3,2610,卖盘
756,10:46:34,8.7,0.0,7,6090,卖盘
757,10:46:37,8.7,0.0,3,2610,卖盘
758,10:46:46,8.7,0.0,2,1740,卖盘
759,10:46:49,8.7,0.0,1,870,卖盘
760,10:46:58,8.7,0.0,1,870,卖盘
761,10:47:04,8.7,0.0,9,7830,卖盘
762,10:47:13,8.7,0.0,2,1740,卖盘
763,10:47:16,8.7,0.0,1,870,卖盘
764,10:47:22,8.71,0.01,7,6094,买盘
765,10:47:30,8.7,-0.01,3,2610,卖盘
766,10:47:37,8.7,0.0,7,6090,卖盘
767,10:47:40,8.7,0.0,9,7830,卖盘
768,10:47:49,8.71,0.01,141,122811,买盘
769,10:47:54,8.7,-0.01,3,2612,卖盘
770,10:48:04,8.7,0.0,2,1740,卖盘
771,10:48:10,8.7,0.0,7,6090,卖盘
772,10:48:19,8.7,0.0,3,2610,卖盘
773,10:48:28,8.7,0.0,61,53074,卖盘
774,10:48:40,8.7,0.0,2,1740,卖盘
775,10:48:45,8.7,0.0,7,6090,卖盘
776,10:48:49,8.71,0.01,15,13062,买盘
777,10:48:52,8.71,0.0,12,10452,买盘
778,10:48:55,8.71,0.0,6,5226,买盘
779,10:48:58,8.7,-0.01,2,1740,卖盘
780,10:49:01,8.7,0.0,1,870,卖盘
781,10:49:13,8.7,0.0,1,870,卖盘
782,10:49:16,8.7,0.0,3,2610,卖盘
783,10:49:18,8.7,0.0,7,6090,卖盘
784,10:49:22,8.7,0.0,3,2610,卖盘
785,10:49:37,8.71,0.01,4,3481,买盘
786,10:49:46,8.7,-0.01,2,1740,卖盘
787,10:49:52,8.7,0.0,8,6961,卖盘
788,10:50:01,8.7,0.0,3,2610,卖盘
789,10:50:06,8.7,0.0,2,1740,卖盘
790,10:50:13,8.71,0.01,21,18291,买盘
791,10:50:16,8.7,-0.01,177,153990,卖盘
792,10:50:18,8.71,0.01,4,3484,买盘
793,10:50:22,8.7,-0.01,13,11319,卖盘
794,10:50:28,8.71,0.01,2,1742,中性盘
795,10:50:30,8.7,-0.01,98,85158,卖盘
796,10:50:42,8.71,0.01,3,2613,卖盘
797,10:50:49,8.71,0.0,2,1742,卖盘
798,10:50:55,8.7,-0.01,9,7830,卖盘
799,10:51:04,8.7,0.0,3,2610,卖盘
800,10:51:07,8.71,0.01,1,871,买盘
801,10:51:19,8.71,0.0,2,1742,卖盘
802,10:51:25,8.7,-0.01,6,5220,卖盘
803,10:51:27,8.7,0.0,3,2610,卖盘
804,10:51:33,8.7,0.0,2,1740,卖盘
805,10:51:46,8.72,0.02,7,6104,买盘
806,10:51:49,8.7,-0.02,3,2614,卖盘
807,10:51:52,8.73,0.03,3,2619,中性盘
808,10:51:54,8.7,-0.03,6,5220,卖盘
809,10:52:01,8.7,0.0,3,2610,卖盘
810,10:52:10,8.7,0.0,2,1740,卖盘
811,10:52:22,8.7,0.0,3,2610,卖盘
812,10:52:28,8.7,0.0,7,6090,卖盘
813,10:52:33,8.7,0.0,3,2610,卖盘
814,10:52:43,8.7,0.0,2,1740,卖盘
815,10:52:51,8.72,0.02,10,8714,买盘
816,10:52:54,8.72,0.0,1,872,卖盘
817,10:52:58,8.7,-0.02,6,5220,卖盘
818,10:53:01,8.7,0.0,3,2610,卖盘
819,10:53:12,8.7,0.0,2,1740,卖盘
820,10:53:25,8.71,0.01,7,6101,卖盘
821,10:53:30,8.71,0.0,7,6097,卖盘
822,10:53:36,8.71,0.0,12,10452,卖盘
823,10:53:39,8.71,0.0,3,2613,卖盘
824,10:53:52,8.71,0.0,3,2613,卖盘
825,10:53:58,8.71,0.0,5,4358,卖盘
826,10:54:00,8.71,0.0,12,10452,卖盘
827,10:54:04,8.71,0.0,6,5226,卖盘
828,10:54:13,8.71,0.0,3,2613,卖盘
829,10:54:18,8.71,0.0,2,1742,卖盘
830,10:54:28,8.72,0.01,1,872,买盘
831,10:54:31,8.72,0.0,1,872,买盘
832,10:54:34,8.72,0.0,9,7841,买盘
833,10:54:37,8.73,0.01,6,5233,买盘
834,10:54:40,8.72,-0.01,3,2617,卖盘
835,10:54:49,8.74,0.02,7,6114,买盘
836,10:54:52,8.74,0.0,3,2622,买盘
837,10:54:55,8.74,0.0,1,874,买盘
838,10:54:58,8.75,0.01,26,22082,买盘
839,10:55:04,8.75,0.0,6,5250,卖盘
840,10:55:10,8.75,0.0,14,12252,卖盘
841,10:55:22,8.76,0.01,7,6132,买盘
842,10:55:33,8.76,0.0,20,17520,买盘
843,10:55:40,8.75,-0.01,7,6125,卖盘
844,10:55:46,8.75,0.0,7,6125,卖盘
845,10:55:52,8.76,0.01,13,11388,买盘
846,10:56:19,8.76,0.0,10,8760,买盘
847,10:56:25,8.75,-0.01,10,8750,卖盘
848,10:56:43,8.76,0.01,23,20148,买盘
849,10:57:01,8.77,0.01,40,35080,买盘
850,10:57:06,8.77,0.0,8,7016,卖盘
851,10:57:19,8.78,0.01,5,4390,买盘
852,10:57:25,8.78,0.0,31,27218,买盘
853,10:57:27,8.78,0.0,32,28096,买盘
854,10:57:31,8.77,-0.01,5,4385,卖盘
855,10:57:34,8.76,-0.01,111,97437,卖盘
856,10:57:43,8.78,0.02,14,12291,买盘
857,10:57:48,8.78,0.0,3,2634,卖盘
858,10:57:54,8.79,0.01,24,21087,买盘
859,10:58:34,8.76,-0.03,12,10512,卖盘
860,10:58:46,8.76,0.0,8,7008,卖盘
861,10:58:55,8.76,0.0,28,24528,卖盘
862,10:59:01,8.75,-0.01,20,17518,卖盘
863,10:59:07,8.75,0.0,7,6125,卖盘
864,10:59:22,8.76,0.01,8,7008,买盘
865,10:59:27,8.76,0.0,1,876,买盘
866,10:59:34,8.76,0.0,1,876,买盘
867,10:59:39,8.75,-0.01,9,7878,卖盘
868,10:59:42,8.76,0.01,1,876,买盘
869,10:59:52,8.75,-0.01,56,49012,卖盘
870,10:59:58,8.75,0.0,60,52500,买盘
871,11:00:13,8.75,0.0,1,875,卖盘
872,11:00:16,8.77,0.02,8,7016,买盘
873,11:00:19,8.75,-0.02,8,7000,卖盘
874,11:00:40,8.79,0.04,50,43945,买盘
875,11:00:46,8.77,-0.02,6,5262,卖盘
876,11:01:04,8.78,0.01,11,9658,买盘
877,11:01:16,8.77,-0.01,2,1754,卖盘
878,11:01:21,8.77,0.0,8,7016,卖盘
879,11:01:24,8.79,0.02,4,3516,买盘
880,11:01:40,8.79,0.0,14,12306,买盘
881,11:01:46,8.77,-0.02,21,18455,卖盘
882,11:01:54,8.77,0.0,3,2631,卖盘
883,11:01:57,8.79,0.02,15,13185,买盘
884,11:02:01,8.77,-0.02,8,7016,卖盘
885,11:02:07,8.77,0.0,2,1754,卖盘
886,11:02:18,8.79,0.02,3,2637,买盘
887,11:02:22,8.77,-0.02,3,2631,卖盘
888,11:02:33,8.77,0.0,3,2631,卖盘
889,11:02:40,8.77,0.0,8,7016,卖盘
890,11:02:46,8.77,0.0,2,1754,卖盘
891,11:02:52,8.77,0.0,1,877,卖盘
892,11:02:55,8.77,0.0,3,2631,卖盘
893,11:03:07,8.77,0.0,2,1754,卖盘
894,11:03:13,8.77,0.0,6,5262,卖盘
895,11:03:16,8.77,0.0,3,2631,卖盘
896,11:03:28,8.77,0.0,2,1754,卖盘
897,11:03:33,8.78,0.01,10,8780,买盘
898,11:03:39,8.78,0.0,9,7902,卖盘
899,11:03:46,8.78,0.0,20,17560,卖盘
900,11:03:49,8.78,0.0,20,17560,买盘
901,11:03:52,8.78,0.0,2,1756,卖盘
902,11:03:58,8.78,0.0,3,2634,卖盘
903,11:04:03,8.78,0.0,3,2634,卖盘
904,11:04:09,8.78,0.0,6,5268,卖盘
905,11:04:13,8.79,0.01,23,20214,买盘
906,11:04:16,8.79,0.0,6,5274,买盘
907,11:04:25,8.79,0.0,2,1758,卖盘
908,11:04:28,8.8,0.01,6,5280,买盘
909,11:04:34,8.79,-0.01,13,11427,卖盘
910,11:04:40,8.79,0.0,6,5274,卖盘
911,11:04:46,8.79,0.0,3,2637,卖盘
912,11:04:51,8.79,0.0,2,1758,卖盘
913,11:05:04,8.78,-0.01,3,2636,卖盘
914,11:05:10,8.79,0.01,6,5274,中性盘
915,11:05:16,8.79,0.0,1,879,卖盘
916,11:05:19,8.78,-0.01,3,2634,卖盘
917,11:05:27,8.78,0.0,10,8796,卖盘
918,11:05:31,8.78,0.0,1,878,卖盘
919,11:05:37,8.78,0.0,6,5278,卖盘
920,11:05:40,8.82,0.04,33,29092,买盘
921,11:05:46,8.79,-0.03,10,8814,卖盘
922,11:05:55,8.82,0.03,5,4410,买盘
923,11:05:57,8.79,-0.03,3,2637,卖盘
924,11:06:04,8.82,0.03,4,3528,买盘
925,11:06:10,8.8,-0.02,7,6160,卖盘
926,11:06:13,8.8,0.0,2,1760,卖盘
927,11:06:16,8.8,0.0,1,880,卖盘
928,11:06:18,8.79,-0.01,15,13197,卖盘
929,11:06:22,8.8,0.01,9,7920,买盘
930,11:06:25,8.8,0.0,11,9680,卖盘
931,11:06:37,8.8,0.0,2,1760,卖盘
932,11:06:43,8.8,0.0,6,5280,卖盘
933,11:06:46,8.8,0.0,3,2640,卖盘
934,11:06:58,8.8,0.0,2,1760,卖盘
935,11:07:07,8.8,0.0,3,2640,卖盘
936,11:07:12,8.8,0.0,7,6160,卖盘
937,11:07:15,8.8,0.0,2,1760,卖盘
938,11:07:27,8.8,0.0,3,2640,卖盘
939,11:07:40,8.8,0.0,2,1760,卖盘
940,11:07:43,8.8,0.0,23,20240,卖盘
941,11:07:45,8.8,0.0,17,14971,卖盘
942,11:07:54,8.8,0.0,203,178640,卖盘
943,11:08:01,8.81,0.01,2,1762,中性盘
944,11:08:04,8.79,-0.02,3,2637,卖盘
945,11:08:10,8.79,0.0,1,879,卖盘
946,11:08:13,8.79,0.0,20,17580,卖盘
947,11:08:16,8.79,0.0,20,17580,卖盘
948,11:08:28,8.79,0.0,3,2637,卖盘
949,11:08:33,8.79,0.0,2,1758,卖盘
950,11:08:40,8.79,0.0,18,15822,卖盘
951,11:08:43,8.79,0.0,10,8790,卖盘
952,11:08:46,8.79,0.0,32,28128,卖盘
953,11:08:52,8.75,-0.04,173,151415,卖盘
954,11:09:10,8.75,0.0,3,2625,卖盘
955,11:09:16,8.75,0.0,9,7875,卖盘
956,11:09:25,8.76,0.01,3,2628,买盘
957,11:09:28,8.76,0.0,1,876,买盘
958,11:09:33,8.75,-0.01,3,2625,卖盘
959,11:09:40,8.75,0.0,2,1750,卖盘
960,11:09:42,8.78,0.03,33,28974,买盘
961,11:09:46,8.75,-0.03,6,5250,卖盘
962,11:09:51,8.75,0.0,3,2625,卖盘
963,11:09:58,8.75,0.0,10,8750,卖盘
964,11:10:04,8.75,0.0,2,1750,卖盘
965,11:10:10,8.75,0.0,3,2625,卖盘
966,11:10:15,8.75,0.0,10,8750,卖盘
967,11:10:25,8.76,0.01,3,2628,卖盘
968,11:10:40,8.78,0.02,10,8776,买盘
969,11:10:46,8.76,-0.02,9,7884,卖盘
970,11:10:54,8.78,0.02,4,3512,买盘
971,11:10:57,8.76,-0.02,1,876,卖盘
972,11:11:19,8.76,0.0,17,14892,卖盘
973,11:11:24,8.75,-0.01,8,7000,卖盘
974,11:11:57,8.75,0.0,50,43750,卖盘
975,11:12:04,8.75,0.0,8,7000,卖盘
976,11:12:12,8.75,0.0,16,14000,卖盘
977,11:12:25,8.76,0.01,3,2628,买盘
978,11:12:31,8.75,-0.01,6,5250,卖盘
979,11:12:39,8.76,0.01,12,10512,买盘
980,11:13:13,8.77,0.01,3,2631,买盘
981,11:13:18,8.75,-0.02,10,8755,卖盘
982,11:13:21,8.77,0.02,5,4385,买盘
983,11:13:42,8.77,0.0,6,5262,买盘
984,11:13:48,8.77,0.0,6,5262,卖盘
985,11:13:55,8.78,0.01,25,21929,买盘
986,11:14:48,8.77,-0.01,16,14020,买盘
987,11:15:06,8.78,0.01,11,9658,买盘
988,11:15:13,8.78,0.0,17,14926,卖盘
989,11:15:19,8.77,-0.01,6,5262,卖盘
990,11:15:25,8.77,0.0,22,19294,卖盘
991,11:15:28,8.77,0.0,3,2631,买盘
992,11:15:43,8.76,-0.01,3,2628,卖盘
993,11:15:48,8.76,0.0,8,7008,卖盘
994,11:15:51,8.77,0.01,1,877,买盘
995,11:15:57,8.76,-0.01,3,2628,卖盘
996,11:16:04,8.76,0.0,2,1752,卖盘
997,11:16:10,8.75,-0.01,3,2625,卖盘
998,11:16:16,8.75,0.0,6,5250,卖盘
999,11:16:22,8.75,0.0,2,1750,卖盘
1000,11:16:30,8.75,0.0,3,2625,卖盘
1001,11:16:37,8.75,0.0,7,6125,卖盘
1002,11:16:40,8.75,0.0,6,5250,卖盘
1003,11:16:43,8.73,-0.02,28,24493,卖盘
1004,11:16:55,8.75,0.02,3,2625,买盘
1005,11:16:57,8.73,-0.02,2,1746,卖盘
1006,11:17:10,8.73,0.0,3,2619,卖盘
1007,11:17:15,8.73,0.0,6,5238,卖盘
1008,11:17:19,8.73,0.0,3,2619,卖盘
1009,11:17:30,8.73,0.0,12,10476,卖盘
1010,11:17:36,8.73,0.0,2,1746,卖盘
1011,11:17:39,8.74,0.01,6,5244,买盘
1012,11:17:42,8.74,0.0,6,5244,卖盘
1013,11:17:55,8.74,0.0,3,2622,卖盘
1014,11:18:01,8.74,0.0,3,2622,卖盘
1015,11:18:10,8.75,0.01,10,8750,买盘
1016,11:18:16,8.74,-0.01,9,7866,卖盘
1017,11:18:25,8.75,0.01,4,3500,买盘
1018,11:18:28,8.74,-0.01,3,2622,卖盘
1019,11:18:33,8.74,0.0,2,1748,卖盘
1020,11:18:46,8.74,0.0,1,874,卖盘
1021,11:18:52,8.74,0.0,10,8740,卖盘
1022,11:18:58,8.74,0.0,7,6119,卖盘
1023,11:19:04,8.73,-0.01,8,6989,卖盘
1024,11:19:18,8.73,0.0,2,1746,卖盘
1025,11:19:25,8.74,0.01,15,13103,买盘
1026,11:19:33,8.74,0.0,3,2622,卖盘
1027,11:19:37,8.74,0.0,3,2622,卖盘
1028,11:19:48,8.74,0.0,14,12236,卖盘
1029,11:19:54,8.75,0.01,9,7869,买盘
1030,11:19:57,8.74,-0.01,43,37582,卖盘
1031,11:20:01,8.75,0.01,4,3497,买盘
1032,11:20:16,8.74,-0.01,3,2622,卖盘
1033,11:20:21,8.74,0.0,1,874,卖盘
1034,11:20:25,8.74,0.0,2,1748,卖盘
1035,11:20:28,8.74,0.0,7,6118,卖盘
1036,11:20:37,8.74,0.0,3,2622,卖盘
1037,11:20:49,8.74,0.0,3,2622,卖盘
1038,11:20:55,8.74,0.0,2,1748,卖盘
1039,11:21:01,8.74,0.0,6,5244,卖盘
1040,11:21:04,8.74,0.0,3,2622,卖盘
1041,11:21:06,8.75,0.01,1,875,买盘
1042,11:21:22,8.74,-0.01,2,1748,卖盘
1043,11:21:27,8.74,0.0,10,8744,卖盘
1044,11:21:34,8.74,0.0,3,2622,卖盘
1045,11:21:43,8.74,0.0,3,2622,卖盘
1046,11:21:49,8.74,0.0,22,19228,卖盘
1047,11:21:55,8.74,0.0,2,1748,卖盘
1048,11:22:00,8.74,0.0,9,7866,卖盘
1049,11:22:13,8.74,0.0,3,2622,卖盘
1050,11:22:15,8.75,0.01,1,875,买盘
1051,11:22:25,8.74,-0.01,3,2622,卖盘
1052,11:22:31,8.74,0.0,6,5244,卖盘
1053,11:22:34,8.74,0.0,2,1748,卖盘
1054,11:22:54,8.74,0.0,3,2622,卖盘
1055,11:22:57,8.75,0.01,3,2625,买盘
1056,11:23:01,8.74,-0.01,6,5244,卖盘
1057,11:23:07,8.74,0.0,3,2622,卖盘
1058,11:23:10,8.74,0.0,2,1748,卖盘
1059,11:23:15,8.75,0.01,1,875,买盘
1060,11:23:27,8.74,-0.01,3,2622,卖盘
1061,11:23:33,8.74,0.0,32,27968,卖盘
1062,11:23:46,8.75,0.01,9,7875,买盘
1063,11:23:48,8.73,-0.02,3,2619,卖盘
1064,11:24:01,8.73,0.0,3,2619,卖盘
1065,11:24:07,8.73,0.0,9,7857,卖盘
1066,11:24:22,8.73,0.0,3,2619,卖盘
1067,11:24:34,8.73,0.0,3,2619,卖盘
1068,11:24:39,8.73,0.0,8,6984,卖盘
1069,11:24:46,8.72,-0.01,23,20070,卖盘
1070,11:25:01,8.74,0.02,11,9614,买盘
1071,11:25:04,8.74,0.0,1,874,中性盘
1072,11:25:07,8.74,0.0,6,5244,卖盘
1073,11:25:22,8.74,0.0,15,13110,卖盘
1074,11:25:25,8.74,0.0,5,4370,买盘
1075,11:25:55,8.75,0.01,10,8750,买盘
1076,11:26:01,8.72,-0.03,33,28782,卖盘
1077,11:26:49,8.73,0.01,1,873,中性盘
1078,11:26:54,8.72,-0.01,11,9601,卖盘
1079,11:27:45,8.74,0.02,1,874,买盘
1080,11:27:51,8.72,-0.02,12,10464,卖盘
1081,11:28:48,8.72,0.0,12,10464,卖盘
1082,11:28:54,8.72,0.0,25,21800,卖盘
1083,11:29:15,8.74,0.02,1,874,买盘
1084,11:29:18,8.72,-0.02,6,5232,卖盘
1085,13:00:04,8.74,0.02,3,2622,买盘
1086,13:00:07,8.74,0.0,1,874,买盘
1087,13:00:10,8.74,0.0,5,4370,卖盘
1088,13:00:12,8.74,0.0,23,20102,卖盘
1089,13:00:21,8.73,-0.01,3,2619,卖盘
1090,13:00:27,8.73,0.0,7,6112,卖盘
1091,13:00:33,8.73,0.0,28,24444,卖盘
1092,13:00:39,8.71,-0.02,37,32248,卖盘
1093,13:01:00,8.73,0.02,18,15709,买盘
1094,13:01:13,8.73,0.0,8,6984,买盘
1095,13:01:19,8.73,0.0,17,14841,卖盘
1096,13:01:24,8.72,-0.01,10,8904,卖盘
1097,13:01:30,8.71,-0.01,27,23543,卖盘
1098,13:01:45,8.71,0.0,3,2614,卖盘
1099,13:01:54,8.71,0.0,3,2613,卖盘
1100,13:02:04,8.72,0.01,2,1744,卖盘
1101,13:02:07,8.75,0.03,52,45482,买盘
1102,13:02:12,8.72,-0.03,29,25288,卖盘
1103,13:02:15,8.72,0.0,3,2616,卖盘
1104,13:02:27,8.71,-0.01,3,2614,卖盘
1105,13:02:39,8.71,0.0,3,2613,卖盘
1106,13:02:42,8.73,0.02,6,5238,买盘
1107,13:02:49,8.73,0.0,7,6111,卖盘
1108,13:02:55,8.73,0.0,18,15714,卖盘
1109,13:02:58,8.73,0.0,3,2619,卖盘
1110,13:03:04,8.74,0.01,23,20081,买盘
1111,13:03:07,8.73,-0.01,3,2619,卖盘
1112,13:03:12,8.73,0.0,3,2619,卖盘
1113,13:03:15,8.74,0.01,10,8740,买盘
1114,13:03:21,8.73,-0.01,2,1746,卖盘
1115,13:03:34,8.73,0.0,3,2619,卖盘
1116,13:03:40,8.74,0.01,2,1748,买盘
1117,13:03:46,8.73,-0.01,3,2619,卖盘
1118,13:03:57,8.74,0.01,13,11359,买盘
1119,13:04:01,8.71,-0.03,11,9597,卖盘
1120,13:04:04,8.71,0.0,4,3484,卖盘
1121,13:04:06,8.71,0.0,25,21775,卖盘
1122,13:04:15,8.71,0.0,2,1742,卖盘
1123,13:04:27,8.71,0.0,3,2613,卖盘
1124,13:04:42,8.71,0.0,23,20103,卖盘
1125,13:04:45,8.71,0.0,2,1742,卖盘
1126,13:05:06,8.75,0.04,57,49873,买盘
1127,13:05:09,8.72,-0.03,3,2616,卖盘
1128,13:05:13,8.71,-0.01,45,39204,卖盘
1129,13:05:21,8.72,0.01,1,872,买盘
1130,13:05:28,8.71,-0.01,2,1742,卖盘
1131,13:05:43,8.71,0.0,3,2613,卖盘
1132,13:05:51,8.71,0.0,2,1742,卖盘
1133,13:05:54,8.73,0.02,3,2617,买盘
1134,13:05:57,8.75,0.02,20,17500,买盘
1135,13:06:04,8.72,-0.03,3,2616,卖盘
1136,13:06:19,8.72,0.0,2,1744,卖盘
1137,13:06:24,8.75,0.03,12,10489,买盘
1138,13:06:28,8.72,-0.03,22,19184,卖盘
1139,13:06:36,8.72,0.0,3,2616,卖盘
1140,13:06:45,8.73,0.01,2,1746,卖盘
1141,13:06:51,8.74,0.01,13,11350,买盘
1142,13:07:04,8.73,-0.01,3,2619,卖盘
1143,13:07:10,8.73,0.0,10,8730,卖盘
1144,13:07:15,8.72,-0.01,22,19204,卖盘
1145,13:07:18,8.72,0.0,2,1744,卖盘
1146,13:07:21,8.72,0.0,3,2616,卖盘
1147,13:07:25,8.72,0.0,18,15696,卖盘
1148,13:07:28,8.73,0.01,5,4365,买盘
1149,13:07:34,8.72,-0.01,3,2616,卖盘
1150,13:07:54,8.72,0.0,2,1744,卖盘
1151,13:08:04,8.72,0.0,3,2616,卖盘
1152,13:08:19,8.72,0.0,2,1744,卖盘
1153,13:08:36,8.72,0.0,3,2616,卖盘
1154,13:08:42,8.73,0.01,1,873,买盘
1155,13:08:48,8.72,-0.01,23,20056,卖盘
1156,13:08:58,8.72,0.0,3,2616,卖盘
1157,13:09:06,8.72,0.0,2,1744,卖盘
1158,13:09:09,8.73,0.01,3,2619,买盘
1159,13:09:12,8.73,0.0,1,873,买盘
1160,13:09:16,8.73,0.0,3,2619,中性盘
1161,13:09:21,8.73,0.0,2,1746,卖盘
1162,13:09:37,8.73,0.0,2,1746,卖盘
1163,13:09:39,8.73,0.0,8,6984,卖盘
1164,13:09:48,8.73,0.0,3,2619,卖盘
1165,13:10:00,8.74,0.01,1,874,买盘
1166,13:10:04,8.73,-0.01,2,1746,卖盘
1167,13:10:13,8.73,0.0,3,2619,卖盘
1168,13:10:22,8.73,0.0,2,1746,卖盘
1169,13:10:25,8.73,0.0,1,873,卖盘
1170,13:10:40,8.73,0.0,3,2619,卖盘
1171,13:10:48,8.73,0.0,22,19206,卖盘
1172,13:10:54,8.73,0.0,4,3493,卖盘
1173,13:10:57,8.74,0.01,1,874,买盘
1174,13:11:19,8.73,-0.01,16,13968,卖盘
1175,13:11:21,8.74,0.01,1,874,买盘
1176,13:12:01,8.74,0.0,1,874,买盘
1177,13:12:07,8.74,0.0,6,5244,买盘
1178,13:12:12,8.74,0.0,2,1748,买盘
1179,13:12:19,8.74,0.0,12,10488,买盘
1180,13:12:21,8.74,0.0,4,3496,买盘
1181,13:12:25,8.74,0.0,21,18354,卖盘
1182,13:12:58,8.74,0.0,2,1748,卖盘
1183,13:13:25,8.75,0.01,10,8750,买盘
1184,13:13:46,8.74,-0.01,4,3496,卖盘
1185,13:13:51,8.75,0.01,3,2625,买盘
1186,13:14:04,8.73,-0.02,5,4366,卖盘
1187,13:14:30,8.73,0.0,13,11349,卖盘
1188,13:14:37,8.72,-0.01,24,20928,卖盘
1189,13:14:54,8.7,-0.02,1843,1603623,卖盘
1190,13:15:00,8.7,0.0,4,3480,买盘
1191,13:15:04,8.69,-0.01,23,19987,卖盘
1192,13:15:21,8.69,0.0,4,3476,卖盘
1193,13:15:24,8.7,0.01,4,3480,买盘
1194,13:15:28,8.7,0.0,10,8700,买盘
1195,13:15:31,8.7,0.0,12,10440,买盘
1196,13:15:34,8.7,0.0,36,31468,买盘
1197,13:15:37,8.71,0.01,3,2613,卖盘
1198,13:15:58,8.72,0.01,2,1744,买盘
1199,13:16:00,8.72,0.0,1,872,买盘
1200,13:16:04,8.72,0.0,3,2616,买盘
1201,13:16:06,8.72,0.0,1,872,买盘
1202,13:16:13,8.72,0.0,1,872,买盘
1203,13:16:16,8.73,0.01,6,5226,买盘
1204,13:16:31,8.7,-0.03,3,2610,卖盘
1205,13:16:37,8.71,0.01,3,2613,卖盘
1206,13:16:40,8.73,0.02,1,873,买盘
1207,13:16:46,8.73,0.0,1,873,买盘
1208,13:17:37,8.71,-0.02,3,2613,卖盘
1209,13:17:39,8.72,0.01,1,872,买盘
1210,13:17:49,8.72,0.0,10,8720,买盘
1211,13:18:33,8.72,0.0,4,3485,买盘
1212,13:18:37,8.71,-0.01,2,1742,卖盘
1213,13:18:58,8.71,0.0,2,1742,卖盘
1214,13:19:07,8.71,0.0,3,2613,卖盘
1215,13:19:22,8.72,0.01,6,5232,买盘
1216,13:19:31,8.71,-0.01,4,3486,卖盘
1217,13:19:40,8.71,0.0,36,31420,卖盘
1218,13:19:46,8.72,0.01,3,2616,卖盘
1219,13:19:51,8.72,0.0,1,872,卖盘
1220,13:20:07,8.7,-0.02,3,2612,卖盘
1221,13:20:19,8.72,0.02,5,4360,买盘
1222,13:20:21,8.71,-0.01,2,1742,卖盘
1223,13:20:37,8.72,0.01,5,4360,卖盘
1224,13:20:40,8.71,-0.01,1,871,卖盘
1225,13:20:46,8.71,0.0,3,2613,卖盘
1226,13:21:01,8.73,0.02,3,2619,买盘
1227,13:21:04,8.71,-0.02,6,5234,卖盘
1228,13:21:10,8.71,0.0,2,1742,卖盘
1229,13:21:13,8.71,0.0,3,2613,卖盘
1230,13:21:21,8.74,0.03,22,19207,买盘
1231,13:21:25,8.71,-0.03,4,3484,卖盘
1232,13:21:37,8.71,0.0,3,2613,卖盘
1233,13:21:39,8.71,0.0,4,3484,卖盘
1234,13:21:42,8.72,0.01,2,1744,买盘
1235,13:21:49,8.71,-0.01,2,1742,卖盘
1236,13:21:55,8.71,0.0,3,2613,卖盘
1237,13:22:01,8.71,0.0,7,6097,卖盘
1238,13:22:06,8.71,0.0,3,2613,卖盘
1239,13:22:24,8.71,0.0,2,1742,卖盘
1240,13:22:27,8.72,0.01,3,2616,买盘
1241,13:22:33,8.71,-0.01,3,2613,卖盘
1242,13:22:37,8.71,0.0,2,1742,卖盘
1243,13:22:43,8.71,0.0,2,1742,卖盘
1244,13:22:55,8.71,0.0,13,11333,卖盘
1245,13:23:00,8.72,0.01,2,1744,买盘
1246,13:23:03,8.74,0.02,1,874,买盘
1247,13:23:19,8.73,-0.01,2,1746,卖盘
1248,13:23:24,8.71,-0.02,3,2615,卖盘
1249,13:23:42,8.72,0.01,3,2616,卖盘
1250,13:23:52,8.74,0.02,7,6118,买盘
1251,13:24:04,8.72,-0.02,2,1744,卖盘
1252,13:24:13,8.74,0.02,13,11362,买盘
1253,13:24:16,8.74,0.0,8,6992,买盘
1254,13:24:21,8.73,-0.01,3,2619,卖盘
1255,13:24:24,8.74,0.01,7,6111,买盘
1256,13:24:43,8.72,-0.02,2,1744,卖盘
1257,13:24:48,8.75,0.03,1,875,买盘
1258,13:25:01,8.75,0.0,20,17500,买盘
1259,13:25:04,8.73,-0.02,3,2619,卖盘
1260,13:25:10,8.75,0.02,2,1750,买盘
1261,13:25:13,8.75,0.0,8,7000,买盘
1262,13:25:19,8.73,-0.02,4,3492,卖盘
1263,13:25:25,8.73,0.0,3,2619,卖盘
1264,13:25:37,8.73,0.0,2,1746,卖盘
1265,13:25:45,8.75,0.02,1,875,买盘
1266,13:25:48,8.73,-0.02,14,12222,卖盘
1267,13:26:01,8.73,0.0,21,18333,买盘
1268,13:26:10,8.74,0.01,1,874,买盘
1269,13:26:12,8.72,-0.02,4,3491,卖盘
1270,13:26:27,8.72,0.0,1,872,卖盘
1271,13:26:34,8.74,0.02,1,874,买盘
1272,13:26:36,8.74,0.0,12,10488,买盘
1273,13:26:43,8.74,0.0,2,1748,卖盘
1274,13:26:49,8.75,0.01,35,30625,买盘
1275,13:26:57,8.74,-0.01,4,3496,卖盘
1276,13:27:01,8.75,0.01,5,4375,买盘
1277,13:27:16,8.74,-0.01,4,3496,卖盘
1278,13:27:18,8.74,0.0,3,2622,卖盘
1279,13:27:25,8.75,0.01,1,875,买盘
1280,13:27:36,8.74,-0.01,2,1748,卖盘
1281,13:27:40,8.74,0.0,15,13110,卖盘
1282,13:27:45,8.74,0.0,4,3496,卖盘
1283,13:28:12,8.74,0.0,2,1748,卖盘
1284,13:28:19,8.74,0.0,13,11362,卖盘
1285,13:28:22,8.75,0.01,10,8750,买盘
1286,13:28:25,8.74,-0.01,21,18354,卖盘
1287,13:28:36,8.72,-0.02,13,11363,卖盘
1288,13:28:55,8.74,0.02,2,1748,买盘
1289,13:29:13,8.74,0.0,8,6992,卖盘
1290,13:29:37,8.73,-0.01,2,1746,卖盘
1291,13:29:43,8.74,0.01,7,6118,买盘
1292,13:29:46,8.73,-0.01,3,2619,卖盘
1293,13:30:01,8.73,0.0,4,3493,中性盘
1294,13:30:06,8.74,0.01,15,13110,买盘
1295,13:30:25,8.76,0.02,2,1752,买盘
1296,13:30:31,8.76,0.0,3,2628,卖盘
1297,13:30:33,8.76,0.0,5,4380,买盘
1298,13:30:42,8.74,-0.02,2,1748,卖盘
1299,13:30:45,8.76,0.02,10,8759,买盘
1300,13:30:48,8.75,-0.01,1,875,中性盘
1301,13:30:54,8.76,0.01,5,4380,买盘
1302,13:31:15,8.74,-0.02,3,2622,卖盘
1303,13:31:24,8.75,0.01,1,875,买盘
1304,13:31:31,8.75,0.0,1,875,卖盘
1305,13:31:37,8.74,-0.01,5,4370,卖盘
1306,13:31:57,8.74,0.0,2,1748,卖盘
1307,13:32:13,8.74,0.0,21,18354,卖盘
1308,13:32:16,8.74,0.0,1,874,买盘
1309,13:32:19,8.73,-0.01,3,2619,卖盘
1310,13:32:36,8.73,0.0,5,4365,卖盘
1311,13:33:07,8.73,0.0,2,1746,卖盘
1312,13:33:19,8.73,0.0,3,2619,卖盘
1313,13:33:27,8.73,0.0,22,19226,卖盘
1314,13:33:36,8.73,0.0,2,1746,卖盘
1315,13:33:43,8.73,0.0,3,2619,卖盘
1316,13:33:55,8.74,0.01,1,874,买盘
1317,13:34:13,8.73,-0.01,12,10651,卖盘
1318,13:34:16,8.73,0.0,3,2619,卖盘
1319,13:34:27,8.74,0.01,5,4370,买盘
1320,13:34:31,8.73,-0.01,2,1746,卖盘
1321,13:34:37,8.73,0.0,2,1746,卖盘
1322,13:34:46,8.74,0.01,1,874,买盘
1323,13:34:49,8.73,-0.01,3,2619,卖盘
1324,13:35:33,8.74,0.01,19,16606,买盘
1325,13:35:36,8.73,-0.01,2,1746,卖盘
1326,13:36:24,8.75,0.02,1,875,买盘
1327,13:36:37,8.74,-0.01,2,1748,卖盘
1328,13:37:25,8.75,0.01,1,875,买盘
1329,13:37:36,8.74,-0.01,2,1748,卖盘
1330,13:37:55,8.75,0.01,3,2625,买盘
1331,13:38:01,8.75,0.0,10,8750,买盘
1332,13:38:21,8.75,0.0,9,7875,买盘
1333,13:38:25,8.76,0.01,1,876,买盘
1334,13:38:40,8.76,0.0,58,50763,买盘
1335,13:38:49,8.77,0.01,9,7893,买盘
1336,13:38:58,8.77,0.0,4,3508,买盘
1337,13:39:13,8.78,0.01,2,1756,买盘
1338,13:39:25,8.78,0.0,4,3512,买盘
1339,13:39:27,8.78,0.0,4,3512,买盘
1340,13:39:49,8.78,0.0,10,8780,买盘
1341,13:40:12,8.78,0.0,6,5268,买盘
1342,13:40:19,8.78,0.0,22,19316,卖盘
1343,13:40:27,8.77,-0.01,88,77176,卖盘
1344,13:40:31,8.79,0.02,1,879,买盘
1345,13:40:55,8.77,-0.02,3,2631,买盘
1346,13:41:04,8.77,0.0,10,8770,买盘
1347,13:41:10,8.76,-0.01,4,3504,卖盘
1348,13:41:25,8.77,0.01,7,6139,买盘
1349,13:41:27,8.78,0.01,30,26337,买盘
1350,13:41:40,8.79,0.01,1,879,买盘
1351,13:42:01,8.79,0.0,20,17580,买盘
1352,13:42:10,8.79,0.0,1,879,买盘
1353,13:42:27,8.77,-0.02,1,877,卖盘
1354,13:42:36,8.76,-0.01,2,1752,卖盘
1355,13:42:43,8.77,0.01,1,877,买盘
1356,13:42:49,8.76,-0.01,4,3504,卖盘
1357,13:43:28,8.76,0.0,4,3504,卖盘
1358,13:43:37,8.76,0.0,2,1752,卖盘
1359,13:43:52,8.76,0.0,20,17520,卖盘
1360,13:43:54,8.77,0.01,1,877,买盘
1361,13:44:01,8.76,-0.01,9,7884,卖盘
1362,13:44:04,8.76,0.0,7,6132,卖盘
1363,13:44:07,8.76,0.0,4,3504,卖盘
1364,13:44:13,8.76,0.0,31,27156,卖盘
1365,13:44:37,8.74,-0.02,3,2622,卖盘
1366,13:44:57,8.76,0.02,5,4380,买盘
1367,13:45:37,8.74,-0.02,2,1748,卖盘
1368,13:45:54,8.76,0.02,1,876,买盘
1369,13:46:37,8.74,-0.02,2,1748,卖盘
1370,13:46:46,8.76,0.02,1,876,买盘
1371,13:47:28,8.76,0.0,2,1752,买盘
1372,13:47:36,8.75,-0.01,10,8750,卖盘
1373,13:47:39,8.75,0.0,1,875,买盘
1374,13:47:43,8.75,0.0,3,2625,买盘
1375,13:48:27,8.75,0.0,10,8750,买盘
1376,13:48:30,8.75,0.0,1,875,买盘
1377,13:48:37,8.74,-0.01,3,2622,卖盘
1378,13:49:15,8.74,0.0,18,15732,卖盘
1379,13:49:21,8.75,0.01,1,875,买盘
1380,13:49:37,8.74,-0.01,3,2622,卖盘
1381,13:49:46,8.75,0.01,2,1750,买盘
1382,13:49:54,8.74,-0.01,16,13984,卖盘
1383,13:50:00,8.74,0.0,29,25346,买盘
1384,13:50:37,8.73,-0.01,3,2619,卖盘
1385,13:50:40,8.73,0.0,4,3492,卖盘
1386,13:51:04,8.73,0.0,1,873,卖盘
1387,13:51:07,8.75,0.02,18,15750,买盘
1388,13:51:16,8.75,0.0,3,2625,卖盘
1389,13:51:25,8.79,0.04,100,87726,买盘
1390,13:51:54,8.77,-0.02,3,2629,买盘
1391,13:51:57,8.8,0.03,100,87755,买盘
1392,13:52:43,8.76,-0.04,58,50808,买盘
1393,13:52:46,8.76,0.0,2,1752,买盘
1394,13:53:01,8.76,0.0,1,876,买盘
1395,13:53:31,8.74,-0.02,4,3496,卖盘
1396,13:53:37,8.74,0.0,2,1748,卖盘
1397,13:54:01,8.76,0.02,1,876,买盘
1398,13:54:36,8.75,-0.01,2,1750,卖盘
1399,13:55:01,8.76,0.01,1,876,买盘
1400,13:55:10,8.76,0.0,24,21024,买盘
1401,13:55:13,8.76,0.0,19,16644,买盘
1402,13:55:31,8.78,0.02,1,878,买盘
1403,13:55:34,8.77,-0.01,1,877,买盘
1404,13:55:40,8.77,0.0,1,877,买盘
1405,13:55:43,8.77,0.0,1,877,买盘
1406,13:56:01,8.77,0.0,1,877,买盘
1407,13:56:37,8.76,-0.01,2,1752,卖盘
1408,13:56:42,8.76,0.0,1,876,卖盘
1409,13:57:00,8.77,0.01,1,877,买盘
1410,13:57:13,8.77,0.0,14,12278,买盘
1411,13:57:31,8.77,0.0,2,1754,卖盘
1412,13:57:52,8.78,0.01,14,12292,买盘
1413,13:58:01,8.78,0.0,15,13170,卖盘
1414,13:58:06,8.79,0.01,4,3516,买盘
1415,13:58:22,8.77,-0.02,33,28945,卖盘
1416,13:58:28,8.77,0.0,143,125495,卖盘
1417,13:58:34,8.76,-0.01,1,876,卖盘
1418,13:58:39,8.76,0.0,3,2628,卖盘
1419,13:58:42,8.76,0.0,5,4380,买盘
1420,13:58:45,8.76,0.0,2,1752,卖盘
1421,13:58:49,8.76,0.0,1,876,卖盘
1422,13:59:00,8.75,-0.01,1,875,卖盘
1423,13:59:06,8.76,0.01,1,876,买盘
1424,13:59:42,8.76,0.0,12,10512,买盘
1425,13:59:54,8.76,0.0,1,876,买盘
1426,14:00:25,8.76,0.0,23,20148,买盘
1427,14:00:31,8.75,-0.01,17,14877,卖盘
1428,14:00:55,8.77,0.02,1,877,买盘
1429,14:00:58,8.77,0.0,20,17540,买盘
1430,14:01:04,8.75,-0.02,10,8750,卖盘
1431,14:01:09,8.76,0.01,3,2628,买盘
1432,14:01:12,8.76,0.0,13,11383,买盘
1433,14:01:16,8.75,-0.01,4,3500,卖盘
1434,14:01:31,8.76,0.01,5,4380,买盘
1435,14:01:36,8.75,-0.01,15,13125,卖盘
1436,14:01:49,8.75,0.0,1,875,卖盘
1437,14:01:55,8.76,0.01,5,4380,买盘
1438,14:01:57,8.76,0.0,1,876,卖盘
1439,14:02:07,8.76,0.0,4,3504,卖盘
1440,14:02:12,8.76,0.0,5,4380,卖盘
1441,14:02:25,8.76,0.0,42,36792,卖盘
1442,14:02:30,8.74,-0.02,29,25374,卖盘
1443,14:03:37,8.74,0.0,1,874,卖盘
1444,14:03:52,8.75,0.01,1,875,买盘
1445,14:03:55,8.75,0.0,40,35000,买盘
1446,14:04:00,8.74,-0.01,20,17480,卖盘
1447,14:04:25,8.74,0.0,21,18354,卖盘
1448,14:04:30,8.74,0.0,11,9614,卖盘
1449,14:04:37,8.75,0.01,1,875,买盘
1450,14:05:22,8.75,0.0,1,875,买盘
1451,14:05:48,8.74,-0.01,5,4370,卖盘
1452,14:05:55,8.74,0.0,5,4370,卖盘
1453,14:06:06,8.75,0.01,1,875,买盘
1454,14:06:13,8.75,0.0,9,7875,买盘
1455,14:06:19,8.75,0.0,10,8750,卖盘
1456,14:06:22,8.76,0.01,22,19272,买盘
1457,14:06:28,8.75,-0.01,15,13125,卖盘
1458,14:06:39,8.75,0.0,5,4375,卖盘
1459,14:06:54,8.76,0.01,11,9636,买盘
1460,14:07:01,8.75,-0.01,11,9615,买盘
1461,14:07:04,8.74,-0.01,5,4370,卖盘
1462,14:07:31,8.76,0.02,3,2628,买盘
1463,14:07:48,8.74,-0.02,4,3496,卖盘
1464,14:08:01,8.77,0.03,1,877,买盘
1465,14:08:04,8.74,-0.03,5,4370,卖盘
1466,14:08:30,8.74,0.0,5,4370,卖盘
1467,14:08:37,8.74,0.0,12,10488,卖盘
1468,14:08:54,8.76,0.02,1,876,买盘
1469,14:09:00,8.74,-0.02,5,4370,卖盘
1470,14:09:16,8.76,0.02,23,20148,买盘
1471,14:09:21,8.74,-0.02,14,12236,卖盘
1472,14:09:25,8.74,0.0,4,3496,卖盘
1473,14:09:31,8.74,0.0,1,874,卖盘
1474,14:09:37,8.74,0.0,4,3496,卖盘
1475,14:09:55,8.74,0.0,5,4370,卖盘
1476,14:10:00,8.74,0.0,8,6992,卖盘
1477,14:10:07,8.74,0.0,11,9614,卖盘
1478,14:10:13,8.74,0.0,1,874,卖盘
1479,14:10:18,8.74,0.0,1,874,卖盘
1480,14:10:21,8.74,0.0,4,3496,卖盘
1481,14:10:28,8.74,0.0,3,2622,卖盘
1482,14:10:46,8.74,0.0,5,4370,卖盘
1483,14:10:51,8.75,0.01,1,875,买盘
1484,14:11:13,8.75,0.0,3,2625,买盘
1485,14:11:16,8.75,0.0,1,875,买盘
1486,14:11:40,8.74,-0.01,4,3496,卖盘
1487,14:11:45,8.74,0.0,11,9614,卖盘
1488,14:11:58,8.74,0.0,6,5244,卖盘
1489,14:12:07,8.74,0.0,1,874,卖盘
1490,14:12:09,8.74,0.0,3,2622,卖盘
1491,14:12:13,8.74,0.0,10,8740,卖盘
1492,14:12:22,8.73,-0.01,10,8730,卖盘
1493,14:12:25,8.73,0.0,10,8730,卖盘
1494,14:12:31,8.73,0.0,10,8730,卖盘
1495,14:12:52,8.73,0.0,5,4365,卖盘
1496,14:12:58,8.73,0.0,12,10476,卖盘
1497,14:13:13,8.73,0.0,5,4365,卖盘
1498,14:13:22,8.73,0.0,5,4365,卖盘
1499,14:13:31,8.74,0.01,10,8740,买盘
1500,14:13:39,8.74,0.0,1,874,买盘
1501,14:13:42,8.73,-0.01,4,3492,卖盘
1502,14:13:45,8.73,0.0,10,8730,卖盘
1503,14:13:49,8.73,0.0,4,3492,卖盘
1504,14:14:27,8.73,0.0,29,25317,卖盘
1505,14:14:34,8.73,0.0,18,15714,卖盘
1506,14:14:40,8.73,0.0,5,4192,买盘
1507,14:14:43,8.73,0.0,1,873,买盘
1508,14:14:49,8.73,0.0,11,9603,卖盘
1509,14:14:52,8.73,0.0,3,2619,卖盘
1510,14:14:58,8.73,0.0,11,9593,卖盘
1511,14:15:01,8.73,0.0,3,2619,卖盘
1512,14:15:04,8.72,-0.01,1,872,卖盘
1513,14:15:07,8.72,0.0,21,18312,卖盘
1514,14:15:10,8.72,0.0,7,6104,卖盘
1515,14:15:13,8.72,0.0,13,11336,卖盘
1516,14:15:19,8.74,0.02,18,15732,卖盘
1517,14:15:25,8.72,-0.02,12,10464,卖盘
1518,14:16:39,8.73,0.01,3,2619,买盘
1519,14:16:58,8.72,-0.01,4,3488,卖盘
1520,14:17:07,8.73,0.01,30,26190,买盘
1521,14:17:13,8.72,-0.01,18,15696,卖盘
1522,14:17:27,8.73,0.01,1,873,买盘
1523,14:17:36,8.73,0.0,15,13095,买盘
1524,14:18:16,8.72,-0.01,10,8720,卖盘
1525,14:18:18,8.71,-0.01,169,147272,卖盘
1526,14:18:22,8.72,0.01,13,11336,中性盘
1527,14:18:28,8.71,-0.01,64,55752,卖盘
1528,14:18:31,8.72,0.01,3,2616,中性盘
1529,14:18:34,8.72,0.0,36,31392,卖盘
1530,14:19:07,8.72,0.0,11,9592,卖盘
1531,14:19:13,8.71,-0.01,46,40100,卖盘
1532,14:19:19,8.71,0.0,22,19162,卖盘
1533,14:19:36,8.72,0.01,4,3488,卖盘
1534,14:19:43,8.71,-0.01,36,31357,卖盘
1535,14:19:49,8.71,0.0,20,17420,卖盘
1536,14:20:18,8.72,0.01,5,4360,买盘
1537,14:20:25,8.7,-0.02,49,42669,卖盘
1538,14:20:30,8.7,0.0,26,22621,卖盘
1539,14:21:16,8.72,0.02,5,4360,买盘
1540,14:21:21,8.7,-0.02,71,61778,卖盘
1541,14:21:27,8.7,0.0,37,32190,卖盘
1542,14:21:37,8.73,0.03,50,43650,买盘
1543,14:21:42,8.7,-0.03,50,43500,卖盘
1544,14:21:48,8.7,0.0,12,10440,卖盘
1545,14:22:12,8.7,0.0,8,6960,卖盘
1546,14:22:19,8.7,0.0,42,36540,卖盘
1547,14:22:24,8.7,0.0,24,20880,卖盘
1548,14:22:54,8.71,0.01,1,871,买盘
1549,14:23:01,8.7,-0.01,49,42630,卖盘
1550,14:23:07,8.7,0.0,13,11467,卖盘
1551,14:23:18,8.7,0.0,4,3480,卖盘
1552,14:23:25,8.7,0.0,28,24360,卖盘
1553,14:24:21,8.7,0.0,67,58290,卖盘
1554,14:24:25,8.7,0.0,22,19140,卖盘
1555,14:24:37,8.7,0.0,54,46823,卖盘
1556,14:24:43,8.69,-0.01,31,27102,卖盘
1557,14:25:04,8.69,0.0,39,33899,卖盘
1558,14:25:10,8.69,0.0,31,26939,卖盘
1559,14:25:55,8.7,0.01,1,870,卖盘
1560,14:25:58,8.71,0.01,1,871,买盘
1561,14:26:01,8.69,-0.02,60,52173,卖盘
1562,14:26:13,8.71,0.02,10,8710,买盘
1563,14:26:18,8.69,-0.02,32,27849,卖盘
1564,14:26:31,8.72,0.03,11,9592,买盘
1565,14:26:37,8.69,-0.03,21,18249,卖盘
1566,14:26:55,8.71,0.02,1,871,买盘
1567,14:27:01,8.69,-0.02,29,25201,卖盘
1568,14:27:31,8.7,0.01,1,1044,卖盘
1569,14:27:36,8.69,-0.01,42,36512,卖盘
1570,14:27:55,8.71,0.02,1,871,买盘
1571,14:28:01,8.69,-0.02,28,24347,卖盘
1572,14:28:24,8.71,0.02,5,4355,买盘
1573,14:28:27,8.71,0.0,1,871,卖盘
1574,14:28:31,8.69,-0.02,80,69567,卖盘
1575,14:28:49,8.71,0.02,1,871,买盘
1576,14:28:55,8.69,-0.02,28,24332,卖盘
1577,14:29:19,8.71,0.02,10,8710,买盘
1578,14:29:25,8.69,-0.02,35,30419,卖盘
1579,14:29:39,8.69,0.0,1,869,卖盘
1580,14:29:45,8.69,0.0,29,25209,卖盘
1581,14:29:49,8.71,0.02,4,3484,买盘
1582,14:30:09,8.71,0.0,1,871,买盘
1583,14:30:16,8.69,-0.02,35,30415,卖盘
1584,14:30:21,8.69,0.0,4,3476,卖盘
1585,14:30:25,8.71,0.02,1,871,买盘
1586,14:30:31,8.69,-0.02,18,15652,卖盘
1587,14:31:28,8.69,0.0,65,56485,卖盘
1588,14:32:25,8.69,0.0,66,57359,卖盘
1589,14:32:34,8.71,0.02,1,871,买盘
1590,14:32:40,8.69,-0.02,20,17380,卖盘
1591,14:32:45,8.69,0.0,11,9559,卖盘
1592,14:33:07,8.7,0.01,6,5220,卖盘
1593,14:33:12,8.7,0.0,43,37372,卖盘
1594,14:33:15,8.7,0.0,1,870,卖盘
1595,14:33:19,8.7,0.0,2,1740,卖盘
1596,14:33:27,8.7,0.0,1,870,买盘
1597,14:33:34,8.69,-0.01,25,21725,卖盘
1598,14:33:36,8.7,0.01,14,12180,买盘
1599,14:33:43,8.7,0.0,10,8700,卖盘
1600,14:33:49,8.7,0.0,18,15660,卖盘
1601,14:33:55,8.7,0.0,1,870,卖盘
1602,14:34:25,8.71,0.01,1,871,买盘
1603,14:34:31,8.69,-0.02,49,42592,卖盘
1604,14:35:04,8.69,0.0,4,3476,卖盘
1605,14:35:10,8.69,0.0,46,39974,卖盘
1606,14:35:18,8.7,0.01,1,870,买盘
1607,14:35:22,8.69,-0.01,64,55616,卖盘
1608,14:35:25,8.69,0.0,17,14773,卖盘
1609,14:36:09,8.7,0.01,31,26960,买盘
1610,14:36:13,8.7,0.0,4,3480,卖盘
1611,14:36:16,8.69,-0.01,60,52155,卖盘
1612,14:36:19,8.71,0.02,1,871,买盘
1613,14:37:09,8.69,-0.02,64,55621,卖盘
1614,14:38:04,8.69,0.0,64,55618,卖盘
1615,14:38:58,8.69,0.0,64,55616,卖盘
1616,14:39:13,8.71,0.02,75,65318,买盘
1617,14:39:19,8.69,-0.02,24,20861,卖盘
1618,14:39:55,8.7,0.01,1,870,买盘
1619,14:40:01,8.69,-0.01,50,43450,卖盘
1620,14:40:06,8.7,0.01,12,10440,买盘
1621,14:40:19,8.69,-0.01,23,19990,卖盘
1622,14:40:28,8.7,0.01,2,1740,买盘
1623,14:40:30,8.7,0.0,1,870,买盘
1624,14:40:52,8.69,-0.01,2,1738,卖盘
1625,14:41:18,8.7,0.01,12,10440,买盘
1626,14:41:28,8.69,-0.01,6,5214,卖盘
1627,14:41:54,8.7,0.01,21,18270,买盘
1628,14:42:07,8.7,0.0,3,2610,卖盘
1629,14:43:01,8.7,0.0,9,7830,卖盘
1630,14:43:07,8.7,0.0,15,13051,卖盘
1631,14:43:22,8.7,0.0,23,20010,卖盘
1632,14:43:28,8.7,0.0,18,15660,买盘
1633,14:43:43,8.7,0.0,10,8700,卖盘
1634,14:44:09,8.7,0.0,6,5220,卖盘
1635,14:44:34,8.7,0.0,69,60030,卖盘
1636,14:44:43,8.7,0.0,33,28710,买盘
1637,14:44:46,8.7,0.0,39,33976,卖盘
1638,14:44:49,8.7,0.0,9,7830,买盘
1639,14:44:52,8.72,0.02,9,7848,买盘
1640,14:45:04,8.7,-0.02,5,4350,卖盘
1641,14:45:13,8.71,0.01,1,871,买盘
1642,14:45:22,8.71,0.0,6,5226,买盘
1643,14:45:43,8.7,-0.01,5,4352,卖盘
1644,14:45:52,8.72,0.02,27,23544,买盘
1645,14:45:57,8.71,-0.01,2,1742,买盘
1646,14:46:13,8.73,0.02,73,63729,买盘
1647,14:46:19,8.73,0.0,1,873,买盘
1648,14:46:22,8.73,0.0,1,873,买盘
1649,14:46:31,8.73,0.0,1,873,买盘
1650,14:46:43,8.73,0.0,37,32301,买盘
1651,14:46:46,8.73,0.0,11,9603,买盘
1652,14:47:04,8.73,0.0,27,23571,买盘
1653,14:47:13,8.72,-0.01,146,127312,卖盘
1654,14:47:16,8.71,-0.01,5,4355,卖盘
1655,14:47:24,8.72,0.01,35,30520,买盘
1656,14:47:28,8.71,-0.01,50,43550,卖盘
1657,14:47:43,8.71,0.0,5,4355,卖盘
1658,14:48:40,8.72,0.01,20,17440,买盘
1659,14:49:13,8.72,0.0,10,8720,买盘
1660,14:49:36,8.71,-0.01,35,30485,卖盘
1661,14:49:39,8.72,0.01,5,4360,买盘
1662,14:50:10,8.71,-0.01,46,40066,卖盘
1663,14:50:12,8.71,0.0,1,871,卖盘
1664,14:50:22,8.71,0.0,2,1742,卖盘
1665,14:50:28,8.72,0.01,66,57552,买盘
1666,14:50:46,8.71,-0.01,9,7839,卖盘
1667,14:50:52,8.71,0.0,24,20881,中性盘
1668,14:50:54,8.74,0.03,8,6992,买盘
1669,14:50:58,8.74,0.0,1,874,买盘
1670,14:51:04,8.74,0.0,4,3496,买盘
1671,14:51:15,8.71,-0.03,35,30485,卖盘
1672,14:51:18,8.71,0.0,13,11323,买盘
1673,14:51:21,8.71,0.0,3,2613,买盘
1674,14:51:25,8.74,0.03,3,2619,买盘
1675,14:51:31,8.7,-0.04,35,30456,卖盘
1676,14:51:40,8.7,0.0,1,870,卖盘
1677,14:51:42,8.71,0.01,1,871,买盘
1678,14:51:46,8.7,-0.01,31,26970,卖盘
1679,14:51:52,8.7,0.0,3,2610,卖盘
1680,14:52:01,8.71,0.01,1,871,卖盘
1681,14:52:10,8.73,0.02,5,4365,买盘
1682,14:52:16,8.71,-0.02,4,3484,卖盘
1683,14:52:27,8.71,0.0,2,1742,买盘
1684,14:52:31,8.76,0.05,275,240407,买盘
1685,14:52:49,8.72,-0.04,25,21277,中性盘
1686,14:52:52,8.77,0.05,120,105220,买盘
1687,14:53:10,8.76,-0.01,10,8760,中性盘
1688,14:53:16,8.77,0.01,19,16647,买盘
1689,14:53:22,8.77,0.0,217,190309,买盘
1690,14:53:25,8.77,0.0,5,4385,卖盘
1691,14:53:27,8.78,0.01,101,88677,买盘
1692,14:53:31,8.76,-0.02,95,83225,卖盘
1693,14:53:55,8.75,-0.01,2,1750,卖盘
1694,14:53:58,8.75,0.0,3,2625,卖盘
1695,14:54:01,8.73,-0.02,10,8730,卖盘
1696,14:54:04,8.73,0.0,50,43650,卖盘
1697,14:54:10,8.78,0.05,29,25414,买盘
1698,14:54:13,8.73,-0.05,23,20139,卖盘
1699,14:54:19,8.73,0.0,59,51507,卖盘
1700,14:54:43,8.73,0.0,1,873,卖盘
1701,14:55:16,8.76,0.03,30,26280,买盘
1702,14:55:49,8.76,0.0,7,6132,买盘
1703,14:55:52,8.76,0.0,1,876,买盘
1704,14:55:55,8.77,0.01,2,1753,买盘
1705,14:55:58,8.76,-0.01,1,876,卖盘
1706,14:56:01,8.77,0.01,33,28936,买盘
1707,14:56:04,8.76,-0.01,22,19292,卖盘
1708,14:56:07,8.76,0.0,1,876,卖盘
1709,14:56:16,8.76,0.0,10,8760,卖盘
1710,14:56:19,8.77,0.01,6,5262,买盘
1711,14:56:22,8.76,-0.01,20,17520,卖盘
1712,14:56:40,8.76,0.0,2,1752,卖盘
1713,14:56:43,8.76,0.0,4,3504,卖盘
1714,14:56:46,8.76,0.0,2,1752,卖盘
1715,14:56:48,8.76,0.0,12,10512,卖盘
1716,14:56:51,8.76,0.0,1,876,卖盘
1717,14:56:55,8.76,0.0,3,2628,卖盘
1718,14:56:58,8.77,0.01,30,26310,买盘
1719,14:57:04,8.76,-0.01,1,876,卖盘
1720,15:00:04,8.74,-0.02,141,123234,卖盘
