,time,price,change,volume,amount,type
0,09:25:04,14.45,0.23,83,119935,卖盘
1,09:30:07,14.43,-0.02,50,71838,中性盘
2,09:30:10,14.4,-0.03,10,14400,买盘
3,09:30:13,14.4,0.0,19,27352,买盘
4,09:30:16,14.44,0.04,12,17302,买盘
5,09:30:19,14.38,-0.06,35,50360,卖盘
6,09:30:28,14.43,0.05,49,70707,中性盘
7,09:30:37,14.38,-0.05,10,14380,卖盘
8,09:30:49,14.38,0.0,23,33462,卖盘
9,09:30:55,14.42,0.04,15,21630,买盘
10,09:31:01,14.43,0.01,46,66378,买盘
11,09:31:04,14.42,-0.01,105,151463,卖盘
12,09:31:07,14.42,0.0,9,12978,卖盘
13,09:31:16,14.43,0.01,10,14430,买盘
14,09:31:22,14.42,-0.01,20,28840,卖盘
15,09:31:25,14.42,0.0,12,17304,卖盘
16,09:31:28,14.43,0.01,8,11541,买盘
17,09:31:31,14.43,0.0,20,28850,买盘
18,09:31:49,14.38,-0.05,33,47066,卖盘
19,09:31:55,14.35,-0.03,30,43077,卖盘
20,09:32:04,14.37,0.02,2,2874,卖盘
21,09:32:10,14.37,0.0,10,14370,卖盘
22,09:32:13,14.38,0.01,20,28760,买盘
23,09:32:16,14.38,0.0,10,14380,买盘
24,09:32:22,14.38,0.0,3,4314,买盘
25,09:32:25,14.38,0.0,15,21565,买盘
26,09:32:28,14.37,-0.01,30,43110,卖盘
27,09:32:31,14.37,0.0,3,4311,卖盘
28,09:32:34,14.37,0.0,18,25866,卖盘
29,09:32:40,14.35,-0.02,2,2870,卖盘
30,09:32:46,14.35,0.0,1,1435,卖盘
31,09:32:49,14.35,0.0,22,31570,卖盘
32,09:32:52,14.33,-0.02,39,56015,卖盘
33,09:32:55,14.33,0.0,8,11464,卖盘
34,09:32:58,14.35,0.02,5,7171,买盘
35,09:33:07,14.28,-0.07,41,58673,卖盘
36,09:33:10,14.35,0.07,88,125736,买盘
37,09:33:19,14.35,0.0,4,6127,卖盘
38,09:33:25,14.35,0.0,59,84278,卖盘
39,09:33:28,14.34,-0.01,28,40152,买盘
40,09:33:37,14.27,-0.07,20,28540,卖盘
41,09:33:46,14.27,0.0,16,22832,卖盘
42,09:33:55,14.3,0.03,34,48620,卖盘
43,09:34:07,14.28,-0.02,3,4284,卖盘
44,09:34:10,14.28,0.0,66,94278,卖盘
45,09:34:22,14.32,0.04,3,4683,卖盘
46,09:34:28,14.32,0.0,2,2864,卖盘
47,09:34:37,14.32,0.0,6,8592,卖盘
48,09:34:40,14.33,0.01,7,10031,买盘
49,09:34:46,14.33,0.0,21,30093,卖盘
50,09:34:58,14.34,0.01,19,27246,买盘
51,09:35:10,14.34,0.0,50,71700,卖盘
52,09:35:25,14.34,0.0,13,18642,卖盘
53,09:35:31,14.34,0.0,9,12906,卖盘
54,09:35:43,14.4,0.06,327,469620,买盘
55,09:35:58,14.4,0.0,41,59040,卖盘
56,09:36:01,14.42,0.02,2,2884,买盘
57,09:36:04,14.4,-0.02,3,4320,卖盘
58,09:36:07,14.42,0.02,104,149928,买盘
59,09:36:10,14.41,-0.01,101,145554,卖盘
60,09:36:13,14.43,0.02,32,46154,买盘
61,09:36:16,14.43,0.0,10,14430,卖盘
62,09:36:22,14.43,0.0,8,11544,卖盘
63,09:36:34,14.41,-0.02,38,54796,卖盘
64,09:36:40,14.44,0.03,24,34635,买盘
65,09:36:46,14.44,0.0,4,5776,卖盘
66,09:36:49,14.44,0.0,62,89528,卖盘
67,09:36:58,14.41,-0.03,1,1441,卖盘
68,09:37:01,14.45,0.04,101,145807,买盘
69,09:37:04,14.41,-0.04,11,15851,卖盘
70,09:37:13,14.45,0.04,28,40414,买盘
71,09:37:19,14.41,-0.04,5,7205,买盘
72,09:37:25,14.41,0.0,2,2882,卖盘
73,09:37:31,14.43,0.02,20,28860,买盘
74,09:37:52,14.41,-0.02,10,14410,卖盘
75,09:37:58,14.41,0.0,13,18733,卖盘
76,09:38:07,14.4,-0.01,6,8640,卖盘
77,09:38:10,14.41,0.01,15,21604,买盘
78,09:38:16,14.4,-0.01,17,24480,买盘
79,09:38:19,14.4,0.0,24,34560,卖盘
80,09:38:40,14.39,-0.01,10,14390,卖盘
81,09:38:43,14.39,0.0,22,31658,卖盘
82,09:38:46,14.39,0.0,8,11512,卖盘
83,09:39:07,14.36,-0.03,44,63264,卖盘
84,09:39:19,14.36,0.0,2,2872,卖盘
85,09:39:22,14.36,0.0,2,2872,卖盘
86,09:39:25,14.36,0.0,6,8616,买盘
87,09:39:28,14.36,0.0,3,4308,卖盘
88,09:39:55,14.39,0.03,40,57560,买盘
89,09:40:07,14.42,0.03,114,164281,买盘
90,09:40:25,14.43,0.01,11,15873,买盘
91,09:40:28,14.43,0.0,2,2886,卖盘
92,09:40:34,14.44,0.01,2,2888,买盘
93,09:40:40,14.44,0.0,1,1444,买盘
94,09:40:43,14.43,-0.01,7,10101,卖盘
95,09:40:49,14.43,0.0,3,4329,买盘
96,09:41:04,14.43,0.0,50,72150,买盘
97,09:41:13,14.43,0.0,7,10101,买盘
98,09:41:19,14.43,0.0,10,14430,卖盘
99,09:41:22,14.43,0.0,20,28860,卖盘
100,09:41:25,14.43,0.0,8,11544,卖盘
101,09:41:40,14.4,-0.03,10,14400,卖盘
102,09:41:46,14.4,0.0,5,7200,买盘
103,09:42:04,14.4,0.0,26,37422,买盘
104,09:42:28,14.42,0.02,19,27398,买盘
105,09:42:31,14.4,-0.02,30,43200,卖盘
106,09:42:43,14.4,0.0,20,28800,卖盘
107,09:42:52,14.4,0.0,42,60480,卖盘
108,09:43:19,14.4,0.0,6,8640,买盘
109,09:43:49,14.37,-0.03,4,5748,卖盘
110,09:43:55,14.35,-0.02,100,143647,卖盘
111,09:44:07,14.35,0.0,10,14350,卖盘
112,09:44:10,14.35,0.0,14,20090,卖盘
113,09:44:13,14.35,0.0,5,7175,卖盘
114,09:44:16,14.36,0.01,25,35876,买盘
115,09:44:22,14.36,0.0,4,5744,卖盘
116,09:44:28,14.36,0.0,2,2872,卖盘
117,09:44:31,14.37,0.01,2,2874,买盘
118,09:44:46,14.37,0.0,27,38799,卖盘
119,09:44:58,14.38,0.01,16,23008,买盘
120,09:45:04,14.38,0.0,4,5752,卖盘
121,09:45:22,14.37,-0.01,11,15807,卖盘
122,09:45:37,14.37,0.0,3,4311,买盘
123,09:45:55,14.37,0.0,2,2874,卖盘
124,09:46:07,14.36,-0.01,7,10052,卖盘
125,09:46:16,14.36,0.0,10,14360,卖盘
126,09:46:25,14.36,0.0,1,1436,卖盘
127,09:47:10,14.36,0.0,41,58877,卖盘
128,09:47:19,14.36,0.0,1,1436,买盘
129,09:47:22,14.36,0.0,15,21528,买盘
130,09:47:25,14.36,0.0,3,4308,买盘
131,09:47:31,14.36,0.0,1,1436,买盘
132,09:47:34,14.36,0.0,20,28720,买盘
133,09:47:43,14.38,0.02,1,1438,买盘
134,09:47:46,14.36,-0.02,6,8620,卖盘
135,09:47:49,14.36,0.0,5,7180,买盘
136,09:47:52,14.36,0.0,2,2872,买盘
137,09:47:55,14.36,0.0,9,12924,买盘
138,09:48:01,14.38,0.02,1,1438,买盘
139,09:48:04,14.38,0.0,2,2876,买盘
140,09:48:07,14.38,0.0,11,15818,买盘
141,09:48:10,14.38,0.0,3,4314,买盘
142,09:48:13,14.38,0.0,3,4314,买盘
143,09:48:16,14.38,0.0,3,4314,买盘
144,09:48:22,14.38,0.0,1,1438,买盘
145,09:48:31,14.36,-0.02,11,15798,卖盘
146,09:48:43,14.38,0.02,20,28760,买盘
147,09:48:55,14.4,0.02,20,28800,买盘
148,09:49:22,14.4,0.0,1,1440,买盘
149,09:49:34,14.4,0.0,22,31680,买盘
150,09:49:40,14.4,0.0,18,25920,买盘
151,09:49:46,14.4,0.0,49,70560,买盘
152,09:49:52,14.4,0.0,1,1440,买盘
153,09:49:55,14.4,0.0,1,1440,买盘
154,09:49:58,14.4,0.0,1,1440,买盘
155,09:50:01,14.4,0.0,7,10080,买盘
156,09:50:04,14.4,0.0,1,1440,买盘
157,09:50:07,14.4,0.0,1,1440,买盘
158,09:50:10,14.4,0.0,1,1440,买盘
159,09:50:13,14.4,0.0,1,1440,买盘
160,09:50:16,14.4,0.0,1,1440,买盘
161,09:50:19,14.4,0.0,1,1440,买盘
162,09:50:22,14.4,0.0,1,1440,买盘
163,09:50:52,14.4,0.0,8,11520,卖盘
164,09:51:01,14.4,0.0,3,4320,买盘
165,09:51:46,14.38,-0.02,5,7192,卖盘
166,09:52:19,14.38,0.0,8,11504,卖盘
167,09:52:52,14.38,0.0,7,10066,卖盘
168,09:52:58,14.38,0.0,14,20132,卖盘
169,09:53:07,14.38,0.0,1,1438,买盘
170,09:53:10,14.38,0.0,13,18694,买盘
171,09:53:16,14.39,0.01,4,5756,买盘
172,09:53:19,14.38,-0.01,2,2876,卖盘
173,09:53:34,14.38,0.0,1,1438,卖盘
174,09:53:40,14.38,0.0,5,7190,卖盘
175,09:53:43,14.38,0.0,2,2876,卖盘
176,09:53:52,14.38,0.0,2,2876,卖盘
177,09:54:28,14.38,0.0,1,1438,卖盘
178,09:54:37,14.38,0.0,4,5752,卖盘
179,09:55:01,14.37,-0.01,50,71850,卖盘
180,09:55:58,14.37,0.0,19,27303,卖盘
181,09:56:07,14.37,0.0,2,2874,卖盘
182,09:56:31,14.37,0.0,20,28740,卖盘
183,09:57:01,14.38,0.01,18,25884,买盘
184,09:57:07,14.39,0.01,1,1439,买盘
185,09:57:10,14.39,0.0,1,1439,买盘
186,09:57:13,14.39,0.0,1,1439,买盘
187,09:57:16,14.39,0.0,1,1439,买盘
188,09:57:19,14.39,0.0,1,1439,买盘
189,09:57:22,14.39,0.0,1,1439,买盘
190,09:57:25,14.39,0.0,3,4317,买盘
191,09:57:28,14.39,0.0,4,5756,买盘
192,09:57:31,14.39,0.0,3,4317,买盘
193,09:57:34,14.39,0.0,2,2878,买盘
194,09:57:37,14.39,0.0,1,1439,买盘
195,09:57:40,14.39,0.0,3,4317,买盘
196,09:57:43,14.39,0.0,2,2878,买盘
197,09:57:46,14.4,0.01,3,4318,买盘
198,09:57:49,14.39,-0.01,2,2878,卖盘
199,09:57:58,14.38,-0.01,32,46066,卖盘
200,09:58:01,14.4,0.02,9,12960,买盘
201,09:58:04,14.4,0.0,16,23040,买盘
202,09:58:07,14.4,0.0,1,1440,买盘
203,09:58:13,14.4,0.0,3,4320,卖盘
204,09:58:22,14.43,0.03,10,14427,买盘
205,09:58:37,14.43,0.0,2,2886,买盘
206,09:58:40,14.43,0.0,1,1443,买盘
207,09:58:43,14.43,0.0,6,8658,买盘
208,09:58:49,14.43,0.0,4,5772,买盘
209,09:58:55,14.44,0.01,6,8664,买盘
210,09:58:58,14.43,-0.01,10,14430,卖盘
211,09:59:10,14.43,0.0,6,8658,买盘
212,09:59:16,14.43,0.0,50,72150,买盘
213,09:59:34,14.43,0.0,2,2886,买盘
214,09:59:40,14.43,0.0,6,8658,买盘
215,09:59:52,14.43,0.0,46,66378,买盘
216,10:00:31,14.43,0.0,3,4329,买盘
217,10:00:46,14.43,0.0,4,5772,买盘
218,10:01:04,14.41,-0.02,10,14410,卖盘
219,10:01:09,14.43,0.02,24,34620,买盘
220,10:01:25,14.43,0.0,1,1443,买盘
221,10:01:52,14.43,0.0,154,222175,买盘
222,10:02:13,14.42,-0.01,1,1442,买盘
223,10:02:37,14.42,0.0,1,1442,卖盘
224,10:03:13,14.41,-0.01,10,14410,卖盘
225,10:03:16,14.41,0.0,5,7205,卖盘
226,10:03:43,14.4,-0.01,17,24480,卖盘
227,10:03:49,14.38,-0.02,1,1438,买盘
228,10:03:54,14.38,0.0,2,2876,买盘
229,10:03:57,14.38,0.0,16,23008,买盘
230,10:04:49,14.38,0.0,2,2876,卖盘
231,10:05:10,14.4,0.02,50,72000,买盘
232,10:05:13,14.38,-0.02,10,14380,卖盘
233,10:05:22,14.4,0.02,4,5760,买盘
234,10:06:10,14.4,0.0,15,21600,卖盘
235,10:06:13,14.4,0.0,3,4320,卖盘
236,10:06:22,14.4,0.0,30,43200,卖盘
237,10:06:46,14.4,0.0,2,2880,卖盘
238,10:06:58,14.4,0.0,10,14400,买盘
239,10:07:04,14.39,-0.01,5,7195,卖盘
240,10:07:25,14.38,-0.01,14,20145,卖盘
241,10:08:01,14.38,0.0,6,8628,卖盘
242,10:08:13,14.38,0.0,1,1438,卖盘
243,10:09:01,14.39,0.01,2,2878,卖盘
244,10:09:10,14.39,0.0,2,2878,卖盘
245,10:09:22,14.38,-0.01,34,48903,卖盘
246,10:09:43,14.38,0.0,4,5752,卖盘
247,10:09:55,14.38,0.0,4,5752,卖盘
248,10:10:40,14.39,0.01,3,4317,卖盘
249,10:11:01,14.4,0.01,5,7200,买盘
250,10:11:04,14.4,0.0,100,144000,买盘
251,10:11:07,14.41,0.01,29,41770,买盘
252,10:11:19,14.43,0.02,51,73565,买盘
253,10:11:40,14.43,0.0,10,14430,买盘
254,10:11:55,14.43,0.0,4,5772,买盘
255,10:12:01,14.43,0.0,2,2886,买盘
256,10:12:19,14.43,0.0,6,8658,买盘
257,10:12:37,14.43,0.0,18,25974,买盘
258,10:12:46,14.43,0.0,12,17316,卖盘
259,10:13:04,14.4,-0.03,8,11520,卖盘
260,10:13:25,14.4,0.0,6,8640,卖盘
261,10:14:34,14.41,0.01,15,21615,卖盘
262,10:15:09,14.4,-0.01,1,1440,卖盘
263,10:15:19,14.42,0.02,9,12970,买盘
264,10:15:46,14.42,0.0,41,59122,买盘
265,10:16:07,14.43,0.01,9,12987,买盘
266,10:16:13,14.42,-0.01,10,14420,卖盘
267,10:16:37,14.42,0.0,4,5768,卖盘
268,10:16:58,14.4,-0.02,15,21600,卖盘
269,10:17:16,14.4,0.0,74,106560,卖盘
270,10:17:39,14.39,-0.01,1,1439,卖盘
271,10:18:13,14.38,-0.01,50,71936,卖盘
272,10:18:31,14.38,0.0,5,7190,卖盘
273,10:18:33,14.38,0.0,12,17256,卖盘
274,10:18:52,14.37,-0.01,53,76161,卖盘
275,10:19:10,14.36,-0.01,4,5744,卖盘
276,10:19:22,14.36,0.0,12,17232,卖盘
277,10:19:34,14.36,0.0,29,41644,买盘
278,10:19:40,14.35,-0.01,18,25842,卖盘
279,10:19:55,14.35,0.0,2,2870,卖盘
280,10:20:04,14.35,0.0,20,28700,卖盘
281,10:20:19,14.35,0.0,13,18661,卖盘
282,10:20:25,14.35,0.0,1,1435,卖盘
283,10:20:55,14.36,0.01,1,1436,卖盘
284,10:21:13,14.37,0.01,43,61791,买盘
285,10:22:04,14.37,0.0,2,2874,卖盘
286,10:22:19,14.38,0.01,4,5752,买盘
287,10:22:27,14.39,0.01,4,5756,买盘
288,10:22:58,14.39,0.0,5,7195,买盘
289,10:23:13,14.39,0.0,20,28780,买盘
290,10:23:18,14.38,-0.01,20,28760,卖盘
291,10:23:22,14.38,0.0,40,57525,卖盘
292,10:23:25,14.38,0.0,30,43140,卖盘
293,10:23:43,14.38,0.0,3,4314,卖盘
294,10:23:58,14.38,0.0,20,28760,卖盘
295,10:24:04,14.39,0.01,7,10073,买盘
296,10:24:09,14.38,-0.01,76,109288,卖盘
297,10:24:19,14.38,0.0,40,57520,卖盘
298,10:24:28,14.37,-0.01,10,14370,卖盘
299,10:24:52,14.38,0.01,10,14380,买盘
300,10:25:13,14.37,-0.01,145,208365,卖盘
301,10:25:43,14.36,-0.01,1,1436,卖盘
302,10:25:46,14.36,0.0,1,1436,卖盘
303,10:25:55,14.36,0.0,2,2872,卖盘
304,10:26:07,14.35,-0.01,11,15785,卖盘
305,10:26:16,14.35,0.0,3,4305,卖盘
306,10:26:22,14.35,0.0,3,4305,卖盘
307,10:26:28,14.35,0.0,4,5740,卖盘
308,10:26:31,14.35,0.0,4,5740,买盘
309,10:26:36,14.36,0.01,14,20248,买盘
310,10:26:46,14.36,0.0,1,1436,卖盘
311,10:27:03,14.36,0.0,5,7036,卖盘
312,10:27:51,14.37,0.01,30,43110,卖盘
313,10:28:00,14.37,0.0,20,28596,卖盘
314,10:28:19,14.35,-0.02,17,24395,卖盘
315,10:28:34,14.35,0.0,2,2870,卖盘
316,10:28:52,14.35,0.0,5,7175,卖盘
317,10:29:00,14.36,0.01,3,4308,买盘
318,10:29:07,14.34,-0.02,90,129122,卖盘
319,10:29:57,14.32,-0.02,45,64583,卖盘
320,10:30:10,14.34,0.02,11,15774,买盘
321,10:30:25,14.32,-0.02,5,7160,卖盘
322,10:30:39,14.31,-0.01,42,60154,卖盘
323,10:30:43,14.34,0.03,7,10038,买盘
324,10:30:46,14.34,0.0,2,2868,卖盘
325,10:30:57,14.34,0.0,1,1434,卖盘
326,10:31:24,14.34,0.0,5,7170,买盘
327,10:31:43,14.34,0.0,5,7170,卖盘
328,10:32:51,14.34,0.0,2,2868,卖盘
329,10:33:57,14.34,0.0,1,1434,卖盘
330,10:34:39,14.34,0.0,7,10038,卖盘
331,10:34:57,14.34,0.0,15,21510,买盘
332,10:35:31,14.32,-0.02,21,30072,卖盘
333,10:37:01,14.34,0.02,2,2868,买盘
334,10:37:58,14.33,-0.01,2,2867,卖盘
335,10:38:01,14.34,0.01,1,1434,买盘
336,10:38:04,14.34,0.0,1,1434,买盘
337,10:38:13,14.34,0.0,1,1434,买盘
338,10:38:25,14.34,0.0,40,57360,卖盘
339,10:38:37,14.36,0.02,14,20104,买盘
340,10:38:40,14.36,0.0,12,17232,买盘
341,10:38:42,14.38,0.02,72,103518,买盘
342,10:39:01,14.38,0.0,55,79090,买盘
343,10:39:31,14.38,0.0,8,11504,买盘
344,10:39:57,14.4,0.02,23,33120,买盘
345,10:40:00,14.4,0.0,14,20160,卖盘
346,10:40:40,14.39,-0.01,15,21585,买盘
347,10:41:16,14.39,0.0,4,5756,卖盘
348,10:42:45,14.36,-0.03,1,1436,卖盘
349,10:43:34,14.36,0.0,4,5744,卖盘
350,10:43:43,14.36,0.0,20,28720,卖盘
351,10:43:48,14.36,0.0,2,2872,卖盘
352,10:44:34,14.36,0.0,2,2872,卖盘
353,10:45:12,14.36,0.0,23,33028,卖盘
354,10:45:43,14.35,-0.01,51,73185,卖盘
355,10:45:52,14.35,0.0,19,27265,卖盘
356,10:46:16,14.34,-0.01,12,17208,卖盘
357,10:46:37,14.34,0.0,5,7170,卖盘
358,10:47:10,14.34,0.0,1,1434,卖盘
359,10:48:09,14.34,0.0,3,4302,卖盘
360,10:49:19,14.34,0.0,20,28680,卖盘
361,10:50:16,14.34,0.0,1,1434,卖盘
362,10:50:28,14.34,0.0,3,4302,买盘
363,10:50:34,14.33,-0.01,25,35825,卖盘
364,10:52:13,14.32,-0.01,26,37242,卖盘
365,10:52:16,14.33,0.01,4,5732,买盘
366,10:52:24,14.33,0.0,10,14330,买盘
367,10:52:31,14.32,-0.01,20,28640,卖盘
368,10:53:07,14.32,0.0,4,5728,卖盘
369,10:53:18,14.32,0.0,3,4296,卖盘
370,10:53:24,14.32,0.0,10,14320,卖盘
371,10:53:34,14.32,0.0,5,7160,卖盘
372,10:53:55,14.33,0.01,1,1433,买盘
373,10:55:31,14.33,0.0,5,7165,买盘
374,10:55:40,14.38,0.05,33,47359,买盘
375,10:57:45,14.32,-0.06,7,10026,卖盘
376,10:58:45,14.32,0.0,13,18616,卖盘
377,10:58:58,14.32,0.0,2,2864,卖盘
378,10:59:10,14.32,0.0,37,52984,卖盘
379,11:00:46,14.31,-0.01,91,130241,卖盘
380,11:01:01,14.31,0.0,41,58671,卖盘
381,11:01:04,14.31,0.0,2,2862,卖盘
382,11:01:10,14.31,0.0,20,28620,卖盘
383,11:01:36,14.3,-0.01,67,95282,买盘
384,11:01:46,14.3,0.0,1,1430,买盘
385,11:01:52,14.3,0.0,1,1430,买盘
386,11:02:34,14.28,-0.02,11,15708,卖盘
387,11:02:43,14.28,0.0,4,5712,卖盘
388,11:03:19,14.28,0.0,2,2856,卖盘
389,11:03:31,14.28,0.0,20,28560,卖盘
390,11:04:07,14.28,0.0,22,31416,卖盘
391,11:04:45,14.27,-0.01,1,1427,卖盘
392,11:04:48,14.27,0.0,1,2426,卖盘
393,11:05:10,14.27,0.0,1,1427,卖盘
394,11:05:22,14.27,0.0,4,4712,买盘
395,11:06:04,14.27,0.0,4,6707,买盘
396,11:06:55,14.28,0.01,10,14280,买盘
397,11:06:58,14.27,-0.01,1,428,买盘
398,11:07:01,14.27,0.0,7,9989,买盘
399,11:07:06,14.27,0.0,5,7135,买盘
400,11:07:10,14.27,0.0,1,2426,买盘
401,11:07:31,14.27,0.0,20,28540,卖盘
402,11:07:37,14.27,0.0,3,4281,卖盘
403,11:07:58,14.28,0.01,10,14280,买盘
404,11:08:31,14.28,0.0,3,4284,买盘
405,11:09:24,14.28,0.0,3,4284,买盘
406,11:10:01,14.27,-0.01,1,1427,卖盘
407,11:10:21,14.27,0.0,3,4281,卖盘
408,11:10:31,14.27,0.0,5,7135,卖盘
409,11:11:01,14.26,-0.01,20,28537,卖盘
410,11:11:10,14.26,0.0,31,44206,卖盘
411,11:11:51,14.27,0.01,2,2854,卖盘
412,11:12:37,14.27,0.0,49,69923,卖盘
413,11:12:54,14.26,-0.01,34,48484,卖盘
414,11:12:57,14.26,0.0,1,1426,卖盘
415,11:13:22,14.26,0.0,2,2852,卖盘
416,11:13:49,14.25,-0.01,300,427526,卖盘
417,11:14:06,14.25,0.0,2,2850,卖盘
418,11:15:55,14.22,-0.03,6,8532,卖盘
419,11:16:19,14.22,0.0,3,4266,卖盘
420,11:16:43,14.23,0.01,13,18499,卖盘
421,11:16:52,14.23,0.0,10,14230,买盘
422,11:16:58,14.23,0.0,26,36998,买盘
423,11:17:19,14.26,0.03,5,7130,买盘
424,11:17:34,14.26,0.0,4,5704,买盘
425,11:17:55,14.27,0.01,25,35675,买盘
426,11:17:57,14.27,0.0,11,15697,卖盘
427,11:18:16,14.28,0.01,3,4284,买盘
428,11:18:28,14.28,0.0,24,34272,卖盘
429,11:18:33,14.28,0.0,4,5713,卖盘
430,11:18:55,14.27,-0.01,17,24259,卖盘
431,11:19:24,14.26,-0.01,7,9982,卖盘
432,11:19:34,14.26,0.0,4,5704,卖盘
433,11:20:16,14.26,0.0,2,2852,卖盘
434,11:21:04,14.26,0.0,20,28520,买盘
435,11:21:16,14.26,0.0,5,7130,买盘
436,11:21:54,14.26,0.0,5,7130,买盘
437,11:22:16,14.26,0.0,10,14260,卖盘
438,11:22:42,14.26,0.0,2,2852,卖盘
439,11:23:06,14.27,0.01,16,22832,买盘
440,11:23:15,14.26,-0.01,2,2852,卖盘
441,11:24:06,14.3,0.04,56,80053,买盘
442,11:24:18,14.3,0.0,11,15730,卖盘
443,11:24:25,14.3,0.0,1,1430,卖盘
444,11:24:48,14.33,0.03,10,14330,买盘
445,11:24:54,14.33,0.0,3,4299,卖盘
446,11:24:57,14.33,0.0,13,18629,卖盘
447,11:27:04,14.33,0.0,5,7165,买盘
448,11:27:22,14.3,-0.03,1,1430,卖盘
449,11:27:33,14.3,0.0,2,2860,卖盘
450,11:29:24,14.27,-0.03,250,356750,卖盘
451,11:29:52,14.27,0.0,2,2854,卖盘
452,13:00:05,14.27,0.0,28,39944,买盘
453,13:00:07,14.27,0.0,10,14270,卖盘
454,13:00:27,14.28,0.01,7,9996,中性盘
455,13:01:31,14.28,0.0,2,2856,卖盘
456,13:02:09,14.28,0.0,191,272748,卖盘
457,13:02:27,14.27,-0.01,5,7135,卖盘
458,13:02:57,14.27,0.0,2,2854,卖盘
459,13:03:21,14.26,-0.01,102,145452,卖盘
460,13:03:34,14.26,0.0,2,2852,卖盘
461,13:04:57,14.26,0.0,43,61318,卖盘
462,13:05:34,14.26,0.0,120,171120,卖盘
463,13:05:43,14.26,0.0,6,8556,卖盘
464,13:05:49,14.26,0.0,3,4278,卖盘
465,13:06:40,14.26,0.0,5,7130,卖盘
466,13:07:10,14.26,0.0,4,5704,卖盘
467,13:07:55,14.26,0.0,2,2852,卖盘
468,13:08:10,14.26,0.0,26,37076,卖盘
469,13:08:16,14.26,0.0,28,39928,卖盘
470,13:09:01,14.25,-0.01,1,1425,卖盘
471,13:09:13,14.25,0.0,10,14250,卖盘
472,13:09:46,14.24,-0.01,9,12816,卖盘
473,13:10:04,14.22,-0.02,70,99602,卖盘
474,13:10:46,14.22,0.0,1,1422,买盘
475,13:10:52,14.22,0.0,1,1422,买盘
476,13:11:01,14.22,0.0,1,1422,买盘
477,13:11:31,14.22,0.0,20,28440,买盘
478,13:12:01,14.22,0.0,7,9954,卖盘
479,13:12:12,14.22,0.0,3,4266,卖盘
480,13:12:15,14.22,0.0,5,7110,买盘
481,13:13:40,14.22,0.0,2,2844,卖盘
482,13:14:21,14.22,0.0,11,15642,卖盘
483,13:14:30,14.22,0.0,2,2844,卖盘
484,13:16:06,14.22,0.0,31,44082,卖盘
485,13:16:12,14.22,0.0,2,2844,买盘
486,13:16:57,14.21,-0.01,1,1421,卖盘
487,13:17:00,14.22,0.01,4,5688,买盘
488,13:17:21,14.24,0.02,20,28480,买盘
489,13:17:36,14.22,-0.02,2,2844,卖盘
490,13:17:49,14.24,0.02,5,7120,买盘
491,13:17:58,14.22,-0.02,1,1422,卖盘
492,13:18:31,14.23,0.01,6,8538,买盘
493,13:18:58,14.22,-0.01,9,12087,卖盘
494,13:19:19,14.22,0.0,2,2844,卖盘
495,13:19:28,14.22,0.0,10,14220,卖盘
496,13:19:37,14.22,0.0,10,14220,卖盘
497,13:19:45,14.22,0.0,8,12087,卖盘
498,13:20:19,14.21,-0.01,12,17052,卖盘
499,13:20:25,14.22,0.01,7,9243,买盘
500,13:20:33,14.22,0.0,2,2844,卖盘
501,13:20:43,14.22,0.0,1,2133,卖盘
502,13:21:07,14.22,0.0,7,9954,买盘
503,13:21:19,14.22,0.0,3,4266,买盘
504,13:21:49,14.22,0.0,6,8532,买盘
505,13:22:13,14.21,-0.01,2,2842,卖盘
506,13:23:06,14.21,0.0,2,2842,卖盘
507,13:23:27,14.22,0.01,9,12798,买盘
508,13:24:00,14.21,-0.01,1,1421,卖盘
509,13:25:22,14.22,0.01,15,20616,买盘
510,13:25:51,14.22,0.0,7,10665,卖盘
511,13:26:06,14.21,-0.01,20,28420,卖盘
512,13:26:34,14.21,0.0,1,1421,卖盘
513,13:27:06,14.21,0.0,3,4263,买盘
514,13:28:12,14.2,-0.01,50,71000,卖盘
515,13:28:25,14.2,0.0,7,9940,卖盘
516,13:29:07,14.16,-0.04,13,18408,卖盘
517,13:29:33,14.16,0.0,2,2832,卖盘
518,13:29:57,14.16,0.0,4,5664,卖盘
519,13:30:13,14.15,-0.01,5,7075,卖盘
520,13:30:18,14.15,0.0,1,1415,卖盘
521,13:30:25,14.15,0.0,3,4245,买盘
522,13:30:28,14.15,0.0,7,9905,卖盘
523,13:30:31,14.14,-0.01,27,38191,卖盘
524,13:30:49,14.21,0.07,24,34099,买盘
525,13:32:31,14.15,-0.06,20,28300,卖盘
526,13:32:40,14.15,0.0,10,14150,买盘
527,13:33:00,14.15,0.0,10,14150,卖盘
528,13:33:04,14.15,0.0,7,9905,卖盘
529,13:34:04,14.16,0.01,2,2832,卖盘
530,13:35:55,14.17,0.01,3,4251,卖盘
531,13:36:16,14.17,0.0,5,7082,买盘
532,13:36:40,14.17,0.0,7,9919,买盘
533,13:37:06,14.17,0.0,4,5668,买盘
534,13:37:13,14.16,-0.01,7,9912,卖盘
535,13:37:16,14.16,0.0,13,18408,卖盘
536,13:37:37,14.15,-0.01,50,70752,卖盘
537,13:37:58,14.17,0.02,5,7085,买盘
538,13:38:13,14.17,0.0,10,14163,买盘
539,13:38:27,14.15,-0.02,3,4245,卖盘
540,13:38:40,14.15,0.0,2,2830,买盘
541,13:38:58,14.16,0.01,1,1416,卖盘
542,13:39:16,14.17,0.01,3,4251,买盘
543,13:40:40,14.17,0.0,2,2834,买盘
544,13:40:55,14.17,0.0,10,14170,买盘
545,13:41:01,14.17,0.0,6,8502,买盘
546,13:41:04,14.17,0.0,13,18421,买盘
547,13:41:07,14.17,0.0,1,1417,买盘
548,13:41:10,14.17,0.0,1,1417,买盘
549,13:41:13,14.17,0.0,1,1417,买盘
550,13:41:16,14.17,0.0,1,1417,买盘
551,13:41:19,14.17,0.0,1,1417,买盘
552,13:41:22,14.17,0.0,6,7794,买盘
553,13:41:39,14.2,0.03,7,9940,买盘
554,13:42:10,14.17,-0.03,36,51012,卖盘
555,13:42:40,14.18,0.01,2,2836,卖盘
556,13:42:43,14.2,0.02,10,14200,买盘
557,13:43:07,14.2,0.0,10,14200,买盘
558,13:43:16,14.2,0.0,7,9940,买盘
559,13:43:25,14.2,0.0,12,17040,买盘
560,13:43:34,14.2,0.0,1,1420,买盘
561,13:46:25,14.19,-0.01,9,12771,卖盘
562,13:46:42,14.19,0.0,30,42570,卖盘
563,13:46:48,14.18,-0.01,17,24106,卖盘
564,13:47:42,14.18,0.0,1,1418,买盘
565,13:47:48,14.17,-0.01,8,11336,卖盘
566,13:48:16,14.17,0.0,5,7085,卖盘
567,13:48:27,14.17,0.0,20,28340,卖盘
568,13:48:40,14.17,0.0,12,17004,卖盘
569,13:48:42,14.17,0.0,2,2834,卖盘
570,13:49:06,14.17,0.0,2,2834,卖盘
571,13:49:58,14.17,0.0,5,7085,卖盘
572,13:50:19,14.15,-0.02,10,14150,卖盘
573,13:50:22,14.15,0.0,23,32545,卖盘
574,13:50:31,14.15,0.0,1,1415,买盘
575,13:50:52,14.14,-0.01,23,32522,卖盘
576,13:50:55,14.14,0.0,20,28280,买盘
577,13:51:07,14.14,0.0,10,14140,买盘
578,13:51:13,14.14,0.0,20,28280,买盘
579,13:51:28,14.14,0.0,2,2828,买盘
580,13:51:42,14.14,0.0,10,14140,买盘
581,13:51:48,14.14,0.0,2,2828,买盘
582,13:51:58,14.13,-0.01,1,1413,卖盘
583,13:52:04,14.13,0.0,8,11307,卖盘
584,13:52:10,14.13,0.0,17,24021,卖盘
585,13:52:15,14.13,0.0,10,14130,买盘
586,13:52:19,14.13,0.0,16,22608,买盘
587,13:52:21,14.12,-0.01,2,2824,卖盘
588,13:52:34,14.13,0.01,4,5652,买盘
589,13:52:46,14.13,0.0,6,8478,卖盘
590,13:52:58,14.12,-0.01,1,1412,卖盘
591,13:53:25,14.12,0.0,2,2824,卖盘
592,13:53:46,14.12,0.0,30,42360,卖盘
593,13:54:24,14.12,0.0,10,14120,卖盘
594,13:54:28,14.12,0.0,29,40948,卖盘
595,13:54:48,14.12,0.0,3,4236,卖盘
596,13:55:01,14.1,-0.02,28,39492,卖盘
597,13:55:40,14.08,-0.02,2,2816,卖盘
598,13:55:42,14.08,0.0,3,4224,卖盘
599,13:56:04,14.08,0.0,4,5632,买盘
600,13:56:15,14.08,0.0,3,4224,卖盘
601,13:56:55,14.08,0.0,26,36608,卖盘
602,13:57:04,14.08,0.0,60,84477,卖盘
603,13:57:13,14.14,0.06,26,36712,买盘
604,13:57:19,14.09,-0.05,8,11287,卖盘
605,13:57:36,14.09,0.0,5,7045,买盘
606,13:58:04,14.09,0.0,5,7045,买盘
607,13:58:49,14.09,0.0,1,1409,卖盘
608,13:59:04,14.07,-0.02,60,84453,卖盘
609,13:59:19,14.08,0.01,1,1408,卖盘
610,13:59:25,14.07,-0.01,20,28140,卖盘
611,13:59:28,14.07,0.0,5,7037,卖盘
612,13:59:34,14.06,-0.01,53,74518,卖盘
613,13:59:49,14.06,0.0,8,11248,卖盘
614,13:59:52,14.06,0.0,3,4218,买盘
615,13:59:55,14.05,-0.01,25,35125,卖盘
616,14:00:01,14.06,0.01,4,5624,买盘
617,14:00:06,14.04,-0.02,12,16848,卖盘
618,14:00:10,14.02,-0.02,21,29442,卖盘
619,14:00:12,14.04,0.02,20,28032,买盘
620,14:00:19,14.0,-0.04,30,42021,卖盘
621,14:00:31,14.0,0.0,10,14000,卖盘
622,14:00:37,14.0,0.0,10,14000,卖盘
623,14:00:40,14.0,0.0,65,91008,卖盘
624,14:00:42,13.99,-0.01,72,100813,卖盘
625,14:00:49,13.97,-0.02,30,41925,卖盘
626,14:00:55,13.96,-0.01,4,5584,卖盘
627,14:01:01,13.96,0.0,5,6980,卖盘
628,14:01:04,13.96,0.0,3,4188,卖盘
629,14:01:10,13.96,0.0,48,67048,卖盘
630,14:01:16,13.96,0.0,1,1396,买盘
631,14:01:19,13.96,0.0,3,4188,买盘
632,14:01:31,13.96,0.0,3,4182,买盘
633,14:01:34,13.96,0.0,3,4188,买盘
634,14:01:42,13.98,0.02,10,13980,卖盘
635,14:01:52,14.0,0.02,10,14000,买盘
636,14:01:54,14.0,0.0,28,39200,买盘
637,14:02:13,14.0,0.0,2,2800,卖盘
638,14:02:22,14.0,0.0,20,28015,卖盘
639,14:02:40,14.06,0.06,5,7023,买盘
640,14:02:46,14.06,0.0,17,23902,卖盘
641,14:03:21,14.0,-0.06,10,14000,卖盘
642,14:03:57,14.01,0.01,13,18213,卖盘
643,14:04:04,14.01,0.0,3,4203,买盘
644,14:04:16,14.0,-0.01,5,7000,卖盘
645,14:04:31,14.0,0.0,1,1400,卖盘
646,14:05:22,13.98,-0.02,29,40542,卖盘
647,14:05:25,13.97,-0.01,8,11176,卖盘
648,14:05:31,13.97,0.0,7,9779,买盘
649,14:05:40,13.96,-0.01,14,19544,卖盘
650,14:05:46,13.97,0.01,1,1397,买盘
651,14:05:52,13.97,0.0,1,1397,买盘
652,14:05:55,13.97,0.0,18,25136,买盘
653,14:05:58,13.96,-0.01,16,22336,卖盘
654,14:06:01,13.96,0.0,2,2792,买盘
655,14:06:07,13.95,-0.01,11,15346,卖盘
656,14:06:10,13.96,0.01,2,2792,买盘
657,14:06:13,13.96,0.0,1,1396,买盘
658,14:06:19,13.96,0.0,23,32108,买盘
659,14:06:22,13.95,-0.01,13,18135,卖盘
660,14:06:25,13.96,0.01,10,13960,买盘
661,14:06:28,13.96,0.0,11,15356,买盘
662,14:06:34,13.96,0.0,11,15356,买盘
663,14:06:39,13.96,0.0,11,15356,买盘
664,14:06:43,13.96,0.0,9,12564,买盘
665,14:06:49,13.98,0.02,38,53091,买盘
666,14:06:52,13.98,0.0,6,8388,买盘
667,14:06:55,13.98,0.0,7,9786,买盘
668,14:07:01,13.98,0.0,1,1398,买盘
669,14:07:04,14.0,0.02,15,20990,买盘
670,14:07:07,14.0,0.0,10,14000,卖盘
671,14:07:16,14.01,0.01,1,1401,买盘
672,14:07:19,14.01,0.0,1,1401,买盘
673,14:07:25,14.01,0.0,2,2802,买盘
674,14:07:34,14.01,0.0,15,21015,卖盘
675,14:07:40,14.01,0.0,8,11208,卖盘
676,14:08:10,14.04,0.03,1,1404,买盘
677,14:08:16,14.04,0.0,1,1404,卖盘
678,14:08:22,14.05,0.01,11,15454,买盘
679,14:08:24,14.04,-0.01,3,4212,卖盘
680,14:08:37,14.05,0.01,5,7025,买盘
681,14:08:43,14.04,-0.01,2,2808,卖盘
682,14:09:00,14.04,0.0,2,2808,买盘
683,14:09:16,14.05,0.01,20,28099,买盘
684,14:09:28,14.04,-0.01,5,7020,买盘
685,14:09:52,14.01,-0.03,2,2802,卖盘
686,14:10:10,14.01,0.0,1,1401,卖盘
687,14:10:31,14.01,0.0,2,2802,买盘
688,14:10:45,13.99,-0.02,11,15389,卖盘
689,14:10:51,13.99,0.0,2,2798,卖盘
690,14:11:10,13.99,0.0,20,27980,卖盘
691,14:11:18,14.0,0.01,6,8400,买盘
692,14:11:24,13.99,-0.01,11,15389,卖盘
693,14:11:45,13.99,0.0,8,11192,买盘
694,14:11:48,13.99,0.0,1,1399,买盘
695,14:11:51,13.98,-0.01,17,23778,卖盘
696,14:11:54,13.97,-0.01,44,61502,卖盘
697,14:12:01,13.96,-0.01,1,1396,卖盘
698,14:12:07,13.96,0.0,17,23732,卖盘
699,14:12:16,13.95,-0.01,23,32085,卖盘
700,14:12:25,13.97,0.02,22,30714,买盘
701,14:13:13,13.96,-0.01,5,6980,买盘
702,14:13:25,13.95,-0.01,13,18135,卖盘
703,14:13:49,13.94,-0.01,18,25092,卖盘
704,14:13:52,13.94,0.0,4,5576,卖盘
705,14:13:58,13.94,0.0,7,9758,卖盘
706,14:14:22,13.95,0.01,7,9765,买盘
707,14:14:25,13.95,0.0,5,6975,买盘
708,14:14:28,13.95,0.0,6,8370,买盘
709,14:14:33,13.95,0.0,10,13950,买盘
710,14:14:37,13.95,0.0,5,6975,买盘
711,14:14:42,13.95,0.0,1,1395,买盘
712,14:14:46,13.94,-0.01,2,2788,卖盘
713,14:14:49,13.95,0.01,5,6975,买盘
714,14:15:06,13.95,0.0,4,5582,卖盘
715,14:15:16,13.94,-0.01,19,26487,卖盘
716,14:15:28,13.94,0.0,50,69730,卖盘
717,14:15:49,13.94,0.0,66,92004,卖盘
718,14:15:52,13.94,0.0,9,12546,买盘
719,14:15:55,13.93,-0.01,31,43183,卖盘
720,14:15:58,13.92,-0.01,3,4176,卖盘
721,14:16:04,13.94,0.02,6,8364,买盘
722,14:16:10,13.92,-0.02,21,29232,卖盘
723,14:16:25,13.91,-0.01,23,31993,卖盘
724,14:16:34,13.92,0.01,3,4176,买盘
725,14:17:07,13.9,-0.02,9,12510,卖盘
726,14:17:22,13.9,0.0,2,2780,卖盘
727,14:17:30,13.92,0.02,5,6960,买盘
728,14:17:46,13.93,0.01,27,37610,买盘
729,14:18:04,13.94,0.01,3,4182,买盘
730,14:18:10,13.94,0.0,35,48790,买盘
731,14:18:16,13.93,-0.01,71,98903,卖盘
732,14:18:22,13.94,0.01,156,217464,买盘
733,14:18:34,13.97,0.03,2,2794,买盘
734,14:19:31,14.0,0.03,16,22400,买盘
735,14:19:34,14.0,0.0,5,7000,买盘
736,14:19:46,14.0,0.0,5,7000,买盘
737,14:19:55,14.0,0.0,5,7000,卖盘
738,14:20:06,14.0,0.0,5,7000,买盘
739,14:20:25,14.0,0.0,5,7000,买盘
740,14:20:42,14.0,0.0,10,14000,买盘
741,14:20:49,14.0,0.0,7,9800,买盘
742,14:21:28,14.0,0.0,1,1400,买盘
743,14:21:43,14.0,0.0,2,2800,卖盘
744,14:21:55,14.0,0.0,3,4200,卖盘
745,14:22:01,14.0,0.0,27,37800,卖盘
746,14:22:13,13.98,-0.02,25,34950,卖盘
747,14:22:22,13.98,0.0,5,6990,买盘
748,14:22:25,14.0,0.02,16,22400,中性盘
749,14:22:34,14.0,0.0,4,5600,卖盘
750,14:22:40,14.01,0.01,30,42009,买盘
751,14:23:19,14.0,-0.01,4,5600,买盘
752,14:23:46,14.0,0.0,2,2800,卖盘
753,14:23:52,14.0,0.0,3,4200,卖盘
754,14:24:22,14.0,0.0,5,7000,卖盘
755,14:24:43,13.98,-0.02,4,5592,卖盘
756,14:25:09,13.97,-0.01,6,8385,卖盘
757,14:25:49,14.0,0.03,3,4200,买盘
758,14:26:04,14.0,0.0,3,4200,卖盘
759,14:26:28,14.0,0.0,16,22400,卖盘
760,14:26:55,14.0,0.0,1,1400,买盘
761,14:27:09,13.98,-0.02,5,6992,卖盘
762,14:27:28,13.98,0.0,5,6990,买盘
763,14:27:57,13.98,0.0,3,4194,买盘
764,14:28:19,13.97,-0.01,8,11176,卖盘
765,14:28:37,13.96,-0.01,13,18160,卖盘
766,14:28:43,13.96,0.0,18,25128,卖盘
767,14:29:12,13.98,0.02,36,50301,买盘
768,14:29:19,13.97,-0.01,8,11184,卖盘
769,14:29:43,14.0,0.03,1,1400,买盘
770,14:30:28,13.97,-0.03,56,78382,卖盘
771,14:30:40,13.96,-0.01,18,25128,卖盘
772,14:31:01,13.95,-0.01,25,34875,卖盘
773,14:31:04,13.93,-0.02,3,4179,卖盘
774,14:31:07,13.93,0.0,1,1393,卖盘
775,14:31:19,13.92,-0.01,45,62650,卖盘
776,14:31:25,13.94,0.02,2,2788,卖盘
777,14:31:28,13.94,0.0,8,11152,卖盘
778,14:31:34,13.91,-0.03,19,26458,卖盘
779,14:31:49,13.89,-0.02,110,152877,卖盘
780,14:32:04,13.85,-0.04,103,142849,卖盘
781,14:32:10,13.86,0.01,12,16630,买盘
782,14:32:13,13.84,-0.02,20,27698,卖盘
783,14:32:16,13.86,0.02,50,69276,买盘
784,14:32:19,13.85,-0.01,6,8310,卖盘
785,14:32:22,13.84,-0.01,10,13849,卖盘
786,14:32:31,13.83,-0.01,10,13832,卖盘
787,14:32:34,13.82,-0.01,10,13820,卖盘
788,14:32:37,13.83,0.01,1,1383,买盘
789,14:32:43,13.81,-0.02,48,66316,卖盘
790,14:32:46,13.82,0.01,5,6908,买盘
791,14:32:52,13.8,-0.02,10,13800,卖盘
792,14:33:01,13.8,0.0,10,13804,卖盘
793,14:33:04,13.8,0.0,18,24840,卖盘
794,14:33:10,13.8,0.0,13,17940,买盘
795,14:33:13,13.8,0.0,20,27600,买盘
796,14:33:19,13.8,0.0,8,11040,买盘
797,14:33:34,13.8,0.0,3,4140,买盘
798,14:33:37,13.8,0.0,1,1380,买盘
799,14:33:40,13.8,0.0,2,2760,买盘
800,14:33:43,13.82,0.02,10,13810,买盘
801,14:33:55,13.82,0.0,10,13820,买盘
802,14:34:10,13.82,0.0,20,27640,买盘
803,14:34:16,13.82,0.0,8,11056,买盘
804,14:34:19,13.82,0.0,31,43492,买盘
805,14:34:25,13.83,0.01,1,1383,买盘
806,14:34:28,13.83,0.0,1,1383,买盘
807,14:34:31,13.83,0.0,1,1383,买盘
808,14:34:34,13.83,0.0,5,6915,买盘
809,14:34:43,13.84,0.01,3,4152,买盘
810,14:34:46,13.83,-0.01,37,51186,卖盘
811,14:35:16,13.86,0.03,20,27718,买盘
812,14:35:31,13.86,0.0,13,18018,买盘
813,14:35:37,13.86,0.0,2,2772,买盘
814,14:35:43,13.86,0.0,2,2772,买盘
815,14:35:52,13.85,-0.01,9,12465,中性盘
816,14:35:58,13.84,-0.01,8,11072,卖盘
817,14:36:04,13.84,0.0,2,2768,买盘
818,14:36:19,13.86,0.02,1,1386,买盘
819,14:36:43,13.86,0.0,14,19464,卖盘
820,14:36:46,13.86,0.0,9,12474,买盘
821,14:36:52,13.87,0.01,2,2774,卖盘
822,14:37:13,13.92,0.05,8,11136,买盘
823,14:37:34,13.92,0.0,13,18096,卖盘
824,14:37:40,13.91,-0.01,2,2782,买盘
825,14:37:43,13.91,0.0,1,1391,买盘
826,14:37:46,13.91,0.0,11,15301,买盘
827,14:37:49,13.91,0.0,23,31993,买盘
828,14:37:52,13.91,0.0,10,13910,卖盘
829,14:38:01,13.91,0.0,1,1391,卖盘
830,14:38:22,13.93,0.02,1,1393,卖盘
831,14:38:52,13.93,0.0,3,4179,卖盘
832,14:39:01,13.93,0.0,2,2786,卖盘
833,14:39:19,13.95,0.02,6,8367,买盘
834,14:39:37,13.94,-0.01,5,6970,卖盘
835,14:39:46,13.94,0.0,2,2788,卖盘
836,14:39:58,13.94,0.0,5,6970,卖盘
837,14:40:04,13.94,0.0,8,11152,卖盘
838,14:40:19,13.95,0.01,31,43237,买盘
839,14:40:25,13.95,0.0,6,8370,卖盘
840,14:40:52,13.96,0.01,4,5584,买盘
841,14:40:55,13.96,0.0,5,6980,卖盘
842,14:40:58,13.96,0.0,3,4188,卖盘
843,14:41:01,13.95,-0.01,9,12556,卖盘
844,14:41:04,13.95,0.0,3,4185,卖盘
845,14:41:07,13.95,0.0,4,5580,卖盘
846,14:41:10,13.94,-0.01,1,1394,卖盘
847,14:41:13,13.94,0.0,1,1394,卖盘
848,14:41:22,13.94,0.0,20,27899,卖盘
849,14:41:48,13.94,0.0,4,5576,卖盘
850,14:42:31,13.91,-0.03,3,4173,卖盘
851,14:42:52,13.91,0.0,1,1391,买盘
852,14:43:04,13.94,0.03,6,8364,买盘
853,14:43:16,13.94,0.0,2,2788,卖盘
854,14:43:28,13.94,0.0,2,2788,卖盘
855,14:44:34,13.93,-0.01,1,1393,买盘
856,14:44:52,13.91,-0.02,10,13910,卖盘
857,14:45:07,13.87,-0.04,18,24974,卖盘
858,14:45:19,13.88,0.01,2,2776,卖盘
859,14:45:25,13.87,-0.01,18,24966,卖盘
860,14:45:31,13.86,-0.01,10,13860,卖盘
861,14:45:37,13.88,0.02,1,1388,买盘
862,14:45:40,13.86,-0.02,3,4162,卖盘
863,14:45:43,13.85,-0.01,9,12471,卖盘
864,14:45:46,13.88,0.03,1,1388,买盘
865,14:46:07,13.89,0.01,2,2778,卖盘
866,14:46:13,13.91,0.02,4,5564,买盘
867,14:46:31,13.89,-0.02,20,27794,卖盘
868,14:46:34,13.9,0.01,10,13900,中性盘
869,14:46:37,13.88,-0.02,53,73652,卖盘
870,14:46:43,13.88,0.0,2,2776,卖盘
871,14:46:55,13.89,0.01,20,27780,卖盘
872,14:47:07,13.88,-0.01,2,2776,卖盘
873,14:47:13,13.88,0.0,14,19432,卖盘
874,14:47:16,13.88,0.0,150,208200,卖盘
875,14:47:19,13.88,0.0,27,37476,卖盘
876,14:47:31,13.85,-0.03,9,12470,卖盘
877,14:47:37,13.85,0.0,30,41550,卖盘
878,14:47:43,13.85,0.0,37,51245,卖盘
879,14:47:46,13.84,-0.01,40,55360,卖盘
880,14:47:55,13.84,0.0,35,48440,卖盘
881,14:48:01,13.84,0.0,3,4152,买盘
882,14:48:04,13.84,0.0,2,2768,买盘
883,14:48:13,13.83,-0.01,1,1383,卖盘
884,14:48:16,13.84,0.01,54,74736,买盘
885,14:48:22,13.84,0.0,31,42904,买盘
886,14:48:28,13.83,-0.01,73,100976,卖盘
887,14:48:37,13.83,0.0,2,2766,卖盘
888,14:48:43,13.83,0.0,22,30426,卖盘
889,14:48:55,13.83,0.0,9,12447,卖盘
890,14:49:04,13.83,0.0,59,81597,卖盘
891,14:49:10,13.83,0.0,13,17977,买盘
892,14:49:19,13.83,0.0,3,4149,买盘
893,14:49:34,13.83,0.0,14,19362,卖盘
894,14:49:37,13.83,0.0,10,13830,卖盘
895,14:49:49,13.83,0.0,41,56713,卖盘
896,14:49:58,13.83,0.0,65,89953,卖盘
897,14:50:01,13.85,0.02,10,13850,买盘
898,14:50:07,13.84,-0.01,10,13840,中性盘
899,14:50:16,13.83,-0.01,9,12447,卖盘
900,14:50:19,13.85,0.02,5,6922,买盘
901,14:50:22,13.83,-0.02,3,4149,卖盘
902,14:50:34,13.85,0.02,6,8310,买盘
903,14:50:46,13.85,0.0,31,42935,买盘
904,14:50:58,13.86,0.01,10,13860,买盘
905,14:51:01,13.86,0.0,15,20790,买盘
906,14:51:04,13.86,0.0,45,62370,买盘
907,14:51:37,13.86,0.0,10,13860,卖盘
908,14:51:46,13.87,0.01,14,19418,卖盘
909,14:51:55,13.85,-0.02,173,239751,卖盘
910,14:52:01,13.87,0.02,10,13870,中性盘
911,14:52:19,13.87,0.0,9,11790,买盘
912,14:52:28,13.9,0.03,1,1390,卖盘
913,14:52:37,13.85,-0.05,11,15252,卖盘
914,14:52:40,13.9,0.05,10,13900,买盘
915,14:52:52,13.87,-0.03,30,41610,买盘
916,14:53:01,13.9,0.03,20,27800,买盘
917,14:53:04,13.9,0.0,2,2780,买盘
918,14:53:13,13.87,-0.03,3,4161,卖盘
919,14:53:16,13.87,0.0,3,4161,卖盘
920,14:53:22,13.86,-0.01,67,92891,卖盘
921,14:53:37,13.86,0.0,34,47124,卖盘
922,14:53:49,13.85,-0.01,30,41576,卖盘
923,14:53:58,13.89,0.04,66,91563,买盘
924,14:54:01,13.85,-0.04,41,56785,卖盘
925,14:54:19,13.86,0.01,10,13860,卖盘
926,14:54:28,13.86,0.0,10,13860,卖盘
927,14:54:31,13.86,0.0,7,9702,卖盘
928,14:54:40,13.86,0.0,2,2772,卖盘
929,14:54:46,13.86,0.0,63,87242,买盘
930,14:54:49,13.86,0.0,5,6930,买盘
931,14:54:52,13.84,-0.02,10,14532,卖盘
932,14:54:55,13.83,-0.01,6,8299,卖盘
933,14:55:01,13.84,0.01,19,25604,买盘
934,14:55:10,13.84,0.0,14,20068,卖盘
935,14:55:13,13.83,-0.01,14,19381,卖盘
936,14:55:22,13.83,0.0,3,4149,卖盘
937,14:55:34,13.86,0.03,5,6930,买盘
938,14:55:37,13.83,-0.03,78,107874,卖盘
939,14:55:40,13.83,0.0,20,27660,买盘
940,14:55:46,13.82,-0.01,68,93976,卖盘
941,14:55:52,13.8,-0.02,72,99432,卖盘
942,14:55:58,13.82,0.02,5,6910,买盘
943,14:56:10,13.8,-0.02,20,27600,卖盘
944,14:56:13,13.82,0.02,30,41433,买盘
945,14:56:16,13.81,-0.01,10,13810,卖盘
946,14:56:19,13.82,0.01,19,26258,买盘
947,14:56:22,13.81,-0.01,34,46989,卖盘
948,14:56:34,13.85,0.04,67,92518,买盘
949,14:56:52,13.81,-0.04,32,44170,买盘
950,14:56:55,13.8,-0.01,30,41400,卖盘
951,14:56:58,13.8,0.0,2,2760,买盘
952,14:57:01,13.8,0.0,4,5520,买盘
953,14:57:03,13.8,0.0,15,20700,买盘
954,15:00:04,13.78,-0.02,501,690378,卖盘
