,time,price,change,volume,amount,type
0,09:25:05,23.62,-0.41,408,963696,买盘
1,09:30:04,23.62,0.0,39,92128,卖盘
2,09:30:07,23.63,0.01,395,935484,中性盘
3,09:30:10,23.65,0.02,64,151379,买盘
4,09:30:13,23.65,0.0,19,44980,卖盘
5,09:30:16,23.64,-0.01,24,56744,卖盘
6,09:30:19,23.64,0.0,1,2364,卖盘
7,09:30:25,23.63,-0.01,67,158322,卖盘
8,09:30:28,23.64,0.01,1,2364,买盘
9,09:30:31,23.64,0.0,2,4728,买盘
10,09:30:34,23.63,-0.01,16,37816,卖盘
11,09:30:37,23.65,0.02,26,61449,买盘
12,09:30:43,23.64,-0.01,3,7092,卖盘
13,09:30:46,23.64,0.0,57,135422,卖盘
14,09:30:49,23.64,0.0,6,14188,卖盘
15,09:30:52,23.64,0.0,10,23648,卖盘
16,09:30:55,23.64,0.0,15,35456,买盘
17,09:30:58,23.62,-0.02,64,151276,卖盘
18,09:31:01,23.64,0.02,1,2364,买盘
19,09:31:04,23.87,0.23,43,102159,买盘
20,09:31:07,23.67,-0.2,1,2367,中性盘
21,09:31:10,23.64,-0.03,7,16554,卖盘
22,09:31:22,23.79,0.15,3,7137,买盘
23,09:31:25,23.79,0.0,2,4758,卖盘
24,09:31:28,23.77,-0.02,18,42613,卖盘
25,09:31:31,23.8,0.03,2,4760,卖盘
26,09:31:34,23.8,0.0,1,2380,卖盘
27,09:31:37,23.8,0.0,1,2380,卖盘
28,09:31:40,23.8,0.0,21,50010,卖盘
29,09:31:43,23.8,0.0,7,16660,卖盘
30,09:31:46,23.86,0.06,24,57209,买盘
31,09:31:49,23.8,-0.06,11,26210,卖盘
32,09:31:52,23.66,-0.14,13,30892,卖盘
33,09:31:55,23.87,0.21,23,54831,买盘
34,09:31:58,23.85,-0.02,5,11925,卖盘
35,09:32:01,23.8,-0.05,2,4760,卖盘
36,09:32:05,23.8,0.0,56,133641,卖盘
37,09:32:07,23.8,0.0,9,21423,卖盘
38,09:32:10,23.67,-0.13,32,76147,卖盘
39,09:32:13,23.8,0.13,16,38080,买盘
40,09:32:22,23.8,0.0,12,28560,买盘
41,09:32:25,23.78,-0.02,2,4756,中性盘
42,09:32:28,23.66,-0.12,71,168133,卖盘
43,09:32:31,23.66,0.0,27,63880,买盘
44,09:32:37,23.66,0.0,31,73336,买盘
45,09:32:40,23.66,0.0,9,21290,买盘
46,09:32:43,23.64,-0.02,30,70945,卖盘
47,09:32:46,23.64,0.0,7,16551,卖盘
48,09:32:49,23.63,-0.01,32,75631,卖盘
49,09:32:55,23.63,0.0,1,2363,卖盘
50,09:32:58,23.63,0.0,8,18904,卖盘
51,09:33:01,23.62,-0.01,25,59072,卖盘
52,09:33:04,23.63,0.01,9,21273,中性盘
53,09:33:07,23.63,0.0,27,63804,卖盘
54,09:33:10,23.63,0.0,2,4726,买盘
55,09:33:13,23.63,0.0,26,61441,卖盘
56,09:33:16,23.6,-0.03,41,96822,卖盘
57,09:33:22,23.63,0.03,3,7089,买盘
58,09:33:25,23.6,-0.03,68,160564,卖盘
59,09:33:28,23.6,0.0,6,14172,卖盘
60,09:33:31,23.6,0.0,2,4720,卖盘
61,09:33:34,23.63,0.03,38,89794,买盘
62,09:33:40,23.6,-0.03,16,37761,卖盘
63,09:33:43,23.6,0.0,23,54280,卖盘
64,09:33:46,23.6,0.0,16,37760,买盘
65,09:33:49,23.57,-0.03,43,101487,卖盘
66,09:33:52,23.6,0.03,2,4720,买盘
67,09:33:55,23.6,0.0,3,7080,卖盘
68,09:33:58,23.52,-0.08,58,136724,卖盘
69,09:34:01,23.52,0.0,1,2352,卖盘
70,09:34:04,23.57,0.05,11,25907,买盘
71,09:34:07,23.55,-0.02,3,7065,买盘
72,09:34:16,23.52,-0.03,23,54108,卖盘
73,09:34:19,23.56,0.04,29,68244,中性盘
74,09:34:22,23.5,-0.06,40,94144,卖盘
75,09:34:25,23.53,0.03,1,2353,买盘
76,09:34:28,23.53,0.0,6,14113,买盘
77,09:34:31,23.53,0.0,121,284435,买盘
78,09:34:34,23.55,0.02,1,2355,买盘
79,09:34:37,23.53,-0.02,9,21177,卖盘
80,09:34:40,23.55,0.02,3,7061,买盘
81,09:34:43,23.56,0.01,3,7068,买盘
82,09:34:46,23.55,-0.01,41,96565,卖盘
83,09:34:55,23.64,0.09,4,9455,买盘
84,09:34:58,23.64,0.0,1,2364,卖盘
85,09:35:05,23.64,0.0,12,28368,卖盘
86,09:35:07,23.63,-0.01,10,23632,卖盘
87,09:35:10,23.64,0.01,20,47280,买盘
88,09:35:13,23.64,0.0,134,315919,买盘
89,09:35:16,23.54,-0.1,46,108663,卖盘
90,09:35:19,23.64,0.1,5,11820,买盘
91,09:35:31,23.63,-0.01,4,9452,买盘
92,09:35:43,23.55,-0.08,20,47160,卖盘
93,09:35:46,23.63,0.08,13,30702,买盘
94,09:35:55,23.54,-0.09,5,11771,卖盘
95,09:35:58,23.55,0.01,7,16485,中性盘
96,09:36:01,23.55,0.0,43,101265,卖盘
97,09:36:04,23.55,0.0,7,16485,买盘
98,09:36:07,23.55,0.0,5,11775,卖盘
99,09:36:10,23.55,0.0,5,11775,卖盘
100,09:36:13,23.53,-0.02,118,277749,卖盘
101,09:36:19,23.53,0.0,7,16477,卖盘
102,09:36:22,23.55,0.02,45,105921,买盘
103,09:36:25,23.53,-0.02,2,4706,卖盘
104,09:36:28,23.54,0.01,12,28243,买盘
105,09:36:31,23.53,-0.01,2,4706,卖盘
106,09:36:34,23.53,0.0,1,2353,卖盘
107,09:36:37,23.54,0.01,15,35305,买盘
108,09:36:43,23.53,-0.01,31,72943,卖盘
109,09:36:46,23.55,0.02,8,18836,买盘
110,09:36:49,23.53,-0.02,17,40023,卖盘
111,09:36:58,23.5,-0.03,21,49370,卖盘
112,09:37:01,23.52,0.02,4,9406,买盘
113,09:37:07,23.48,-0.04,103,242056,卖盘
114,09:37:10,23.48,0.0,4,9392,买盘
115,09:37:13,23.48,0.0,7,16436,买盘
116,09:37:19,23.46,-0.02,41,96202,卖盘
117,09:37:25,23.45,-0.01,5,11725,卖盘
118,09:37:28,23.45,0.0,12,28149,卖盘
119,09:37:31,23.45,0.0,30,70352,卖盘
120,09:37:34,23.44,-0.01,6,14071,卖盘
121,09:37:37,23.46,0.02,6,14074,买盘
122,09:37:40,23.41,-0.05,1,2341,卖盘
123,09:37:46,23.4,-0.01,14,32764,卖盘
124,09:37:52,23.41,0.01,10,23408,买盘
125,09:37:55,23.4,-0.01,2,4680,中性盘
126,09:37:58,23.38,-0.02,44,102774,卖盘
127,09:38:01,23.37,-0.01,21,49042,中性盘
128,09:38:04,23.38,0.01,3,7014,买盘
129,09:38:07,23.34,-0.04,9,21022,中性盘
130,09:38:10,23.32,-0.02,4,9331,卖盘
131,09:38:13,23.34,0.02,5,11670,买盘
132,09:38:16,23.34,0.0,20,46674,买盘
133,09:38:19,23.34,0.0,13,30334,买盘
134,09:38:22,23.3,-0.04,96,223765,卖盘
135,09:38:25,23.33,0.03,24,55946,买盘
136,09:38:28,23.33,0.0,27,62987,买盘
137,09:38:31,23.33,0.0,9,20998,买盘
138,09:38:34,23.33,0.0,4,9332,买盘
139,09:38:37,23.31,-0.02,12,27976,卖盘
140,09:38:40,23.33,0.02,78,181917,买盘
141,09:38:43,23.33,0.0,31,72332,卖盘
142,09:38:46,23.29,-0.04,33,76958,卖盘
143,09:38:49,23.34,0.05,20,46646,买盘
144,09:38:52,23.34,0.0,14,32657,买盘
145,09:38:58,23.34,0.0,2,4669,卖盘
146,09:39:01,23.38,0.04,3,7011,买盘
147,09:39:04,23.34,-0.04,12,28021,卖盘
148,09:39:07,23.38,0.04,8,18704,买盘
149,09:39:10,23.38,0.0,5,11690,买盘
150,09:39:13,23.38,0.0,1,2338,买盘
151,09:39:16,23.38,0.0,33,77152,买盘
152,09:39:19,23.46,0.08,6,14036,中性盘
153,09:39:22,23.38,-0.08,9,21042,卖盘
154,09:39:37,23.39,0.01,16,37429,卖盘
155,09:39:40,23.34,-0.05,118,275669,卖盘
156,09:39:49,23.4,0.06,4,9360,卖盘
157,09:39:52,23.46,0.06,10,23444,买盘
158,09:39:55,23.42,-0.04,1,2342,买盘
159,09:39:58,23.42,0.0,5,11710,卖盘
160,09:40:01,23.4,-0.02,15,35114,卖盘
161,09:40:04,23.35,-0.05,4,9348,卖盘
162,09:40:07,23.4,0.05,56,130790,买盘
163,09:40:13,23.4,0.0,4,9360,买盘
164,09:40:16,23.34,-0.06,7,16340,卖盘
165,09:40:19,23.34,0.0,19,44346,卖盘
166,09:40:22,23.4,0.06,14,32710,买盘
167,09:40:25,23.34,-0.06,2,4669,卖盘
168,09:40:28,23.35,0.01,1,2335,卖盘
169,09:40:31,23.37,0.02,4,9343,中性盘
170,09:40:34,23.34,-0.03,2,4668,卖盘
171,09:40:37,23.34,0.0,35,81696,卖盘
172,09:40:40,23.34,0.0,9,21046,卖盘
173,09:40:43,23.4,0.06,31,72446,买盘
174,09:40:46,23.34,-0.06,8,18672,卖盘
175,09:40:49,23.34,0.0,44,102744,卖盘
176,09:40:52,23.34,0.0,10,23340,卖盘
177,09:40:58,23.34,0.0,16,37361,卖盘
178,09:41:01,23.34,0.0,1,2334,卖盘
179,09:41:13,23.46,0.12,9,21096,买盘
180,09:41:16,23.35,-0.11,2,4670,卖盘
181,09:41:19,23.35,0.0,15,35025,卖盘
182,09:41:28,23.35,0.0,6,14010,卖盘
183,09:41:31,23.45,0.1,4,9380,买盘
184,09:41:43,23.4,-0.05,5,11721,卖盘
185,09:41:49,23.46,0.06,23,53958,买盘
186,09:41:55,23.45,-0.01,1,2345,中性盘
187,09:42:01,23.4,-0.05,4,9360,卖盘
188,09:42:04,23.36,-0.04,7,16354,卖盘
189,09:42:07,23.4,0.04,4,9360,买盘
190,09:42:13,23.4,0.0,4,9360,买盘
191,09:42:22,23.41,0.01,11,25751,卖盘
192,09:42:31,23.41,0.0,1,2341,卖盘
193,09:42:34,23.45,0.04,32,75036,买盘
194,09:42:37,23.45,0.0,2,4690,卖盘
195,09:42:40,23.45,0.0,23,53947,卖盘
196,09:42:46,23.45,0.0,23,53935,买盘
197,09:42:52,23.45,0.0,6,14070,买盘
198,09:42:55,23.45,0.0,1,2345,买盘
199,09:42:58,23.45,0.0,21,49245,卖盘
200,09:43:04,23.45,0.0,20,46900,买盘
201,09:43:07,23.44,-0.01,23,53932,中性盘
202,09:43:10,23.41,-0.03,6,14046,卖盘
203,09:43:16,23.45,0.04,16,37515,买盘
204,09:43:19,23.41,-0.04,40,93662,卖盘
205,09:43:34,23.42,0.01,1,2342,买盘
206,09:43:43,23.41,-0.01,16,37456,卖盘
207,09:43:46,23.42,0.01,6,14052,买盘
208,09:43:52,23.41,-0.01,10,23416,卖盘
209,09:43:55,23.41,0.0,11,25754,卖盘
210,09:43:58,23.46,0.05,60,140753,买盘
211,09:44:01,23.42,-0.04,3,7026,卖盘
212,09:44:13,23.44,0.02,5,11717,买盘
213,09:44:19,23.43,-0.01,10,23430,卖盘
214,09:44:25,23.44,0.01,5,11720,买盘
215,09:44:28,23.44,0.0,3,7032,买盘
216,09:44:37,23.45,0.01,1,2345,买盘
217,09:44:40,23.44,-0.01,20,46880,卖盘
218,09:44:43,23.45,0.01,2,4690,买盘
219,09:44:46,23.44,-0.01,16,37504,卖盘
220,09:44:49,23.44,0.0,2,4688,卖盘
221,09:44:52,23.44,0.0,1,2344,卖盘
222,09:44:58,23.46,0.02,2,4692,买盘
223,09:45:04,23.46,0.0,14,32835,买盘
224,09:45:07,23.46,0.0,4,9384,买盘
225,09:45:13,23.45,-0.01,1,2345,卖盘
226,09:45:16,23.46,0.01,4,9384,买盘
227,09:45:19,23.46,0.0,1,2346,买盘
228,09:45:22,23.46,0.0,1,2346,买盘
229,09:45:28,23.46,0.0,21,49266,买盘
230,09:45:37,23.45,-0.01,5,11729,卖盘
231,09:45:40,23.45,0.0,16,37520,卖盘
232,09:45:52,23.48,0.03,1,2348,买盘
233,09:46:01,23.5,0.02,8,18797,买盘
234,09:46:13,23.5,0.0,8,18793,买盘
235,09:46:16,23.5,0.0,11,25850,买盘
236,09:46:19,23.51,0.01,18,42313,买盘
237,09:46:28,23.5,-0.01,11,25850,卖盘
238,09:46:31,23.51,0.01,10,23510,买盘
239,09:46:49,23.61,0.1,10,23610,买盘
240,09:46:58,23.62,0.01,12,28344,买盘
241,09:47:10,23.62,0.0,1,2362,买盘
242,09:47:13,23.63,0.01,21,49614,买盘
243,09:47:19,23.61,-0.02,12,28333,卖盘
244,09:47:25,23.62,0.01,17,40154,中性盘
245,09:47:28,23.64,0.02,15,35460,买盘
246,09:47:31,23.64,0.0,80,189120,买盘
247,09:47:37,23.64,0.0,5,11820,买盘
248,09:47:46,23.64,0.0,3,7092,卖盘
249,09:47:55,23.65,0.01,5,11825,买盘
250,09:47:58,23.64,-0.01,8,18912,卖盘
251,09:48:01,23.68,0.04,11,26021,买盘
252,09:48:04,23.64,-0.04,10,23640,卖盘
253,09:48:13,23.63,-0.01,9,21267,买盘
254,09:48:25,23.63,0.0,5,11815,卖盘
255,09:48:28,23.65,0.02,5,11825,买盘
256,09:48:40,23.62,-0.03,1,2362,卖盘
257,09:48:43,23.68,0.06,2,4736,买盘
258,09:48:46,23.62,-0.06,3,7086,卖盘
259,09:48:49,23.68,0.06,9,21312,买盘
260,09:48:52,23.62,-0.06,3,7086,卖盘
261,09:49:01,23.67,0.05,7,16569,买盘
262,09:49:04,23.61,-0.06,2,4723,卖盘
263,09:49:07,23.64,0.03,2,4728,卖盘
264,09:49:10,23.64,0.0,11,26004,卖盘
265,09:49:13,23.66,0.02,2,4732,买盘
266,09:49:19,23.67,0.01,10,23665,买盘
267,09:49:28,23.64,-0.03,5,11820,卖盘
268,09:49:37,23.67,0.03,49,115983,买盘
269,09:49:46,23.67,0.0,1,2367,卖盘
270,09:49:49,23.68,0.01,10,23672,买盘
271,09:49:58,23.65,-0.03,1,2365,卖盘
272,09:50:10,23.68,0.03,10,23676,买盘
273,09:50:22,23.66,-0.02,9,21294,卖盘
274,09:50:28,23.68,0.02,29,68654,买盘
275,09:50:34,23.68,0.0,6,14210,卖盘
276,09:50:37,23.69,0.01,28,66332,买盘
277,09:50:43,23.7,0.01,2,4740,买盘
278,09:51:04,23.76,0.06,2,4752,买盘
279,09:51:16,23.77,0.01,3,7131,买盘
280,09:51:19,23.76,-0.01,7,16637,卖盘
281,09:51:28,23.79,0.03,38,90357,买盘
282,09:51:34,23.7,-0.09,15,35578,卖盘
283,09:51:52,23.75,0.05,14,33254,卖盘
284,09:51:58,23.73,-0.02,2,4746,买盘
285,09:52:04,23.73,0.0,1,2373,买盘
286,09:52:07,23.71,-0.02,3,7113,卖盘
287,09:52:10,23.71,0.0,1,2371,卖盘
288,09:52:16,23.7,-0.01,1,2370,卖盘
289,09:52:19,23.71,0.01,3,7111,买盘
290,09:52:22,23.68,-0.03,14,33180,卖盘
291,09:52:31,23.7,0.02,10,23700,买盘
292,09:52:34,23.66,-0.04,45,106472,卖盘
293,09:52:43,23.66,0.0,5,11834,卖盘
294,09:52:46,23.66,0.0,1,2366,买盘
295,09:52:52,23.64,-0.02,8,18917,卖盘
296,09:52:58,23.64,0.0,64,151297,卖盘
297,09:53:01,23.61,-0.03,33,78011,卖盘
298,09:53:04,23.66,0.05,10,23660,买盘
299,09:53:16,23.61,-0.05,25,59046,卖盘
300,09:53:22,23.65,0.04,19,44882,买盘
301,09:53:40,23.61,-0.04,18,42497,买盘
302,09:53:49,23.66,0.05,8,18928,买盘
303,09:53:52,23.66,0.0,7,16542,买盘
304,09:53:58,23.66,0.0,1,2366,买盘
305,09:54:01,23.66,0.0,3,7098,卖盘
306,09:54:04,23.67,0.01,6,14200,买盘
307,09:54:07,23.68,0.01,39,92300,买盘
308,09:54:16,23.66,-0.02,9,21308,卖盘
309,09:54:34,23.62,-0.04,1,2362,卖盘
310,09:54:37,23.63,0.01,4,9452,卖盘
311,09:54:40,23.71,0.08,25,59158,买盘
312,09:54:46,23.63,-0.08,1,2363,卖盘
313,09:55:13,23.72,0.09,26,61594,买盘
314,09:55:22,23.7,-0.02,3,7110,买盘
315,09:55:34,23.69,-0.01,2,4739,卖盘
316,09:55:37,23.7,0.01,11,26066,买盘
317,09:55:49,23.7,0.0,10,23693,买盘
318,09:56:07,23.68,-0.02,1,2368,买盘
319,09:56:19,23.66,-0.02,2,4732,卖盘
320,09:56:25,23.66,0.0,8,18928,卖盘
321,09:56:28,23.62,-0.04,12,28344,卖盘
322,09:56:40,23.62,0.0,5,11810,卖盘
323,09:56:43,23.63,0.01,1,2363,中性盘
324,09:56:52,23.65,0.02,17,40199,买盘
325,09:56:55,23.63,-0.02,5,11815,卖盘
326,09:56:58,23.66,0.03,38,89907,买盘
327,09:57:04,23.68,0.02,22,52067,买盘
328,09:57:07,23.63,-0.05,16,37808,卖盘
329,09:57:16,23.63,0.0,1,2363,卖盘
330,09:57:19,23.7,0.07,19,45030,买盘
331,09:57:22,23.63,-0.07,15,35445,卖盘
332,09:57:40,23.64,0.01,10,23640,卖盘
333,09:57:58,23.64,0.0,3,7092,卖盘
334,09:58:04,23.63,-0.01,5,11818,卖盘
335,09:58:16,23.68,0.05,9,21297,买盘
336,09:58:19,23.65,-0.03,3,7095,卖盘
337,09:58:37,23.64,-0.01,5,11820,买盘
338,09:58:43,23.63,-0.01,4,9452,卖盘
339,09:58:46,23.64,0.01,8,18905,买盘
340,09:58:49,23.64,0.0,3,7092,买盘
341,09:58:52,23.64,0.0,12,28368,买盘
342,09:59:01,23.63,-0.01,10,23630,卖盘
343,09:59:13,23.63,0.0,12,28356,卖盘
344,09:59:16,23.63,0.0,3,7089,卖盘
345,09:59:19,23.63,0.0,6,14178,卖盘
346,09:59:22,23.63,0.0,10,23630,卖盘
347,09:59:25,23.64,0.01,2,4728,买盘
348,09:59:28,23.63,-0.01,20,47260,卖盘
349,09:59:31,23.63,0.0,1,2363,买盘
350,09:59:34,23.6,-0.03,64,151088,卖盘
351,09:59:46,23.56,-0.04,5,11780,卖盘
352,09:59:49,23.55,-0.01,90,211950,卖盘
353,09:59:55,23.55,0.0,19,44745,买盘
354,09:59:58,23.53,-0.02,64,150672,卖盘
355,10:00:04,23.5,-0.03,13,30562,卖盘
356,10:00:07,23.53,0.03,16,37648,买盘
357,10:00:10,23.5,-0.03,12,28200,卖盘
358,10:00:22,23.5,0.0,1,2350,买盘
359,10:00:28,23.46,-0.04,6,14076,卖盘
360,10:00:31,23.5,0.04,6,14084,买盘
361,10:00:37,23.44,-0.06,63,147700,卖盘
362,10:00:43,23.5,0.06,7,16426,买盘
363,10:00:46,23.44,-0.06,22,51568,卖盘
364,10:00:49,23.44,0.0,11,25783,买盘
365,10:00:52,23.44,0.0,11,25784,买盘
366,10:00:55,23.43,-0.01,5,11715,卖盘
367,10:00:58,23.43,0.0,16,37502,卖盘
368,10:01:01,23.44,0.01,49,114856,买盘
369,10:01:07,23.45,0.01,1,2345,买盘
370,10:01:10,23.45,0.0,3,7035,买盘
371,10:01:13,23.5,0.05,18,42212,买盘
372,10:01:16,23.45,-0.05,9,21107,卖盘
373,10:01:37,23.46,0.01,1,2346,卖盘
374,10:01:46,23.45,-0.01,5,11729,卖盘
375,10:01:58,23.5,0.05,5,11750,买盘
376,10:02:19,23.5,0.0,6,14100,买盘
377,10:02:22,23.52,0.02,3,7056,买盘
378,10:02:31,23.52,0.0,19,44688,买盘
379,10:02:37,23.52,0.0,7,16464,买盘
380,10:02:52,23.5,-0.02,31,72887,卖盘
381,10:02:55,23.5,0.0,4,9400,买盘
382,10:02:58,23.5,0.0,5,11750,买盘
383,10:03:13,23.46,-0.04,46,107926,卖盘
384,10:03:19,23.46,0.0,56,131323,买盘
385,10:03:21,23.46,0.0,5,11730,买盘
386,10:03:28,23.46,0.0,34,79732,买盘
387,10:03:31,23.45,-0.01,25,58625,卖盘
388,10:03:34,23.46,0.01,1,2346,买盘
389,10:03:37,23.45,-0.01,2,4690,卖盘
390,10:03:43,23.45,0.0,2,4690,买盘
391,10:03:46,23.43,-0.02,8,18750,卖盘
392,10:03:58,23.43,0.0,21,49229,卖盘
393,10:04:01,23.43,0.0,2,4686,卖盘
394,10:04:06,23.45,0.02,18,42210,买盘
395,10:04:25,23.45,0.0,29,68011,卖盘
396,10:04:28,23.45,0.0,1,2345,买盘
397,10:04:37,23.45,0.0,2,4690,卖盘
398,10:04:43,23.43,-0.02,22,51566,卖盘
399,10:04:55,23.44,0.01,5,11720,中性盘
400,10:04:58,23.44,0.0,8,18752,卖盘
401,10:05:07,23.44,0.0,17,39848,卖盘
402,10:05:13,23.43,-0.01,11,25773,卖盘
403,10:05:19,23.42,-0.01,73,171014,卖盘
404,10:05:25,23.42,0.0,8,18736,买盘
405,10:05:28,23.42,0.0,10,23416,买盘
406,10:05:31,23.4,-0.02,10,23400,卖盘
407,10:05:36,23.4,0.0,1,2340,卖盘
408,10:05:40,23.4,0.0,4,9360,卖盘
409,10:05:49,23.34,-0.06,80,186838,卖盘
410,10:05:55,23.34,0.0,32,74698,卖盘
411,10:05:58,23.3,-0.04,90,209864,卖盘
412,10:06:13,23.39,0.09,37,86470,买盘
413,10:06:16,23.3,-0.09,22,51280,卖盘
414,10:06:37,23.31,0.01,20,46634,卖盘
415,10:06:40,23.33,0.02,2,4664,中性盘
416,10:06:43,23.38,0.05,7,16360,买盘
417,10:06:48,23.31,-0.07,43,100282,卖盘
418,10:06:52,23.39,0.08,1,2339,买盘
419,10:07:01,23.4,0.01,16,37438,买盘
420,10:07:10,23.42,0.02,2,4684,买盘
421,10:07:31,23.42,0.0,9,21078,买盘
422,10:07:49,23.51,0.09,1,2351,买盘
423,10:07:55,23.51,0.0,10,23510,买盘
424,10:08:04,23.5,-0.01,31,72850,买盘
425,10:08:13,23.51,0.01,10,23510,买盘
426,10:08:16,23.51,0.0,1,2351,买盘
427,10:08:19,23.43,-0.08,27,63282,卖盘
428,10:08:22,23.52,0.09,63,148076,买盘
429,10:08:25,23.52,0.0,17,39984,买盘
430,10:08:52,23.53,0.01,13,30587,买盘
431,10:08:54,23.44,-0.09,8,18752,卖盘
432,10:09:10,23.42,-0.02,5,11710,卖盘
433,10:09:13,23.4,-0.02,11,25740,卖盘
434,10:09:31,23.34,-0.06,1,2334,卖盘
435,10:09:34,23.55,0.21,25,58620,买盘
436,10:10:19,23.38,-0.17,30,70140,卖盘
437,10:10:28,23.38,0.0,17,39746,卖盘
438,10:10:34,23.38,0.0,1,2338,买盘
439,10:10:40,23.38,0.0,12,28056,买盘
440,10:10:43,23.37,-0.01,6,14026,卖盘
441,10:11:07,23.38,0.01,8,18704,卖盘
442,10:11:34,23.5,0.12,4,9400,买盘
443,10:11:52,23.38,-0.12,10,23384,卖盘
444,10:12:13,23.3,-0.08,263,613085,卖盘
445,10:12:16,23.39,0.09,1,2339,买盘
446,10:12:22,23.3,-0.09,10,23301,卖盘
447,10:12:25,23.3,0.0,15,34950,卖盘
448,10:12:40,23.3,0.0,21,48934,卖盘
449,10:12:43,23.31,0.01,37,86193,中性盘
450,10:12:49,23.32,0.01,3,6996,中性盘
451,10:13:19,23.33,0.01,3,6999,卖盘
452,10:13:22,23.33,0.0,12,27996,买盘
453,10:13:28,23.32,-0.01,5,11662,卖盘
454,10:13:31,23.33,0.01,20,46660,买盘
455,10:13:34,23.33,0.0,4,9332,买盘
456,10:13:40,23.38,0.05,3,7014,买盘
457,10:13:46,23.33,-0.05,27,62991,卖盘
458,10:13:55,23.33,0.0,3,6999,卖盘
459,10:14:13,23.33,0.0,4,9332,卖盘
460,10:14:16,23.33,0.0,1,2333,买盘
461,10:14:22,23.32,-0.01,11,25655,卖盘
462,10:14:25,23.32,0.0,9,20988,买盘
463,10:14:28,23.32,0.0,21,48972,买盘
464,10:14:31,23.38,0.06,8,18678,买盘
465,10:14:37,23.31,-0.07,10,23313,卖盘
466,10:14:52,23.31,0.0,1,2331,卖盘
467,10:14:55,23.31,0.0,12,27972,卖盘
468,10:15:04,23.3,-0.01,43,100211,卖盘
469,10:15:07,23.31,0.01,8,18648,中性盘
470,10:15:25,23.31,0.0,17,39639,卖盘
471,10:15:28,23.31,0.0,4,9324,卖盘
472,10:15:34,23.31,0.0,1,2331,卖盘
473,10:15:40,23.32,0.01,3,6996,中性盘
474,10:15:43,23.31,-0.01,9,20979,卖盘
475,10:15:46,23.35,0.04,50,116734,买盘
476,10:15:52,23.3,-0.05,9,20970,卖盘
477,10:16:16,23.3,0.0,19,44286,卖盘
478,10:16:19,23.3,0.0,15,34950,卖盘
479,10:16:25,23.35,0.05,1,2335,买盘
480,10:16:37,23.35,0.0,17,39695,买盘
481,10:16:52,23.35,0.0,10,23350,卖盘
482,10:16:55,23.35,0.0,21,49040,卖盘
483,10:17:01,23.3,-0.05,30,69910,卖盘
484,10:17:22,23.3,0.0,35,81550,买盘
485,10:17:31,23.29,-0.01,6,13975,卖盘
486,10:17:37,23.29,0.0,4,9316,卖盘
487,10:17:40,23.28,-0.01,21,48913,卖盘
488,10:17:46,23.29,0.01,8,18632,卖盘
489,10:17:49,23.29,0.0,16,37264,卖盘
490,10:17:52,23.29,0.0,6,13974,卖盘
491,10:18:07,23.29,0.0,2,4658,买盘
492,10:18:31,23.29,0.0,47,109477,卖盘
493,10:18:34,23.28,-0.01,11,25608,卖盘
494,10:18:37,23.29,0.01,9,20955,买盘
495,10:18:46,23.28,-0.01,14,32592,卖盘
496,10:18:52,23.28,0.0,38,88464,卖盘
497,10:19:04,23.26,-0.02,12,27915,卖盘
498,10:19:13,23.26,0.0,10,23260,卖盘
499,10:19:16,23.26,0.0,35,81468,卖盘
500,10:19:19,23.28,0.02,10,23280,中性盘
501,10:19:25,23.26,-0.02,23,53540,卖盘
502,10:19:28,23.29,0.03,27,62883,买盘
503,10:19:31,23.29,0.0,11,25604,中性盘
504,10:19:37,23.27,-0.02,5,11639,卖盘
505,10:19:46,23.28,0.01,4,9312,买盘
506,10:19:49,23.27,-0.01,18,41890,卖盘
507,10:19:52,23.28,0.01,7,16296,买盘
508,10:20:16,23.28,0.0,6,13968,卖盘
509,10:20:19,23.27,-0.01,8,18618,卖盘
510,10:20:22,23.28,0.01,11,25608,买盘
511,10:20:25,23.28,0.0,13,30264,买盘
512,10:20:28,23.27,-0.01,15,34906,卖盘
513,10:20:34,23.26,-0.01,11,25592,卖盘
514,10:20:37,23.29,0.03,30,69866,买盘
515,10:20:43,23.29,0.0,18,41922,卖盘
516,10:20:46,23.29,0.0,2,4658,卖盘
517,10:20:55,23.26,-0.03,21,48846,卖盘
518,10:20:57,23.26,0.0,21,48846,卖盘
519,10:21:01,23.26,0.0,8,18608,买盘
520,10:21:07,23.29,0.03,5,11633,买盘
521,10:21:10,23.25,-0.04,5,11625,卖盘
522,10:21:13,23.25,0.0,7,16275,卖盘
523,10:21:22,23.26,0.01,11,25589,买盘
524,10:21:34,23.25,-0.01,37,86036,卖盘
525,10:21:40,23.26,0.01,54,125590,买盘
526,10:21:43,23.26,0.0,1,2326,买盘
527,10:21:46,23.26,0.0,70,162820,买盘
528,10:22:04,23.24,-0.02,6,13944,卖盘
529,10:22:07,23.25,0.01,6,13950,买盘
530,10:22:10,23.25,0.0,4,9300,买盘
531,10:22:16,23.24,-0.01,17,39517,卖盘
532,10:22:19,23.25,0.01,1,2325,买盘
533,10:22:22,23.24,-0.01,7,16268,卖盘
534,10:22:25,23.24,0.0,1,2324,卖盘
535,10:22:28,23.25,0.01,15,34875,买盘
536,10:22:31,23.24,-0.01,12,27899,卖盘
537,10:22:37,23.24,0.0,2,4648,卖盘
538,10:22:40,23.25,0.01,10,23250,买盘
539,10:22:49,23.24,-0.01,7,16272,卖盘
540,10:22:55,23.24,0.0,3,6972,买盘
541,10:23:10,23.25,0.01,3,6975,卖盘
542,10:23:13,23.25,0.0,11,25575,买盘
543,10:23:16,23.25,0.0,12,27900,买盘
544,10:23:28,23.26,0.01,18,41858,买盘
545,10:23:31,23.26,0.0,1,2326,买盘
546,10:23:34,23.26,0.0,17,39542,买盘
547,10:23:46,23.2,-0.06,178,413329,卖盘
548,10:23:49,23.2,0.0,32,74240,买盘
549,10:23:52,23.2,0.0,22,51040,买盘
550,10:23:58,23.18,-0.02,6,13908,卖盘
551,10:24:04,23.19,0.01,1,2319,卖盘
552,10:24:07,23.15,-0.04,1,2315,卖盘
553,10:24:22,23.15,0.0,3,6945,卖盘
554,10:24:28,23.15,0.0,4,9260,卖盘
555,10:24:40,23.12,-0.03,1,2312,卖盘
556,10:24:46,23.12,0.0,4,9248,卖盘
557,10:24:49,23.12,0.0,17,39304,买盘
558,10:24:52,23.12,0.0,3,6936,买盘
559,10:24:55,23.11,-0.01,18,41598,卖盘
560,10:24:58,23.12,0.01,4,9248,买盘
561,10:25:04,23.11,-0.01,28,64708,卖盘
562,10:25:10,23.11,0.0,14,32354,卖盘
563,10:25:13,23.12,0.01,11,25432,买盘
564,10:25:16,23.12,0.0,9,20808,卖盘
565,10:25:19,23.12,0.0,57,131784,卖盘
566,10:25:25,23.11,-0.01,107,247311,卖盘
567,10:25:31,23.12,0.01,5,11560,买盘
568,10:25:37,23.11,-0.01,2,4622,卖盘
569,10:25:40,23.12,0.01,10,23111,买盘
570,10:25:43,23.12,0.0,21,48552,买盘
571,10:25:46,23.1,-0.02,24,55461,卖盘
572,10:25:58,23.15,0.05,5,11575,买盘
573,10:26:01,23.15,0.0,10,23150,买盘
574,10:26:13,23.12,-0.03,10,23123,卖盘
575,10:26:16,23.16,0.04,5,11580,买盘
576,10:26:40,23.18,0.02,7,16226,买盘
577,10:26:43,23.18,0.0,28,64904,买盘
578,10:26:46,23.18,0.0,1,2318,买盘
579,10:26:52,23.14,-0.04,8,18525,卖盘
580,10:26:58,23.18,0.04,3,6952,买盘
581,10:27:10,23.16,-0.02,10,23160,买盘
582,10:27:16,23.16,0.0,4,9264,买盘
583,10:27:19,23.16,0.0,12,27786,买盘
584,10:27:22,23.16,0.0,3,6948,卖盘
585,10:27:25,23.17,0.01,6,13902,买盘
586,10:27:28,23.13,-0.04,176,407248,卖盘
587,10:27:46,23.13,0.0,8,18504,卖盘
588,10:27:52,23.14,0.01,3,6942,卖盘
589,10:28:01,23.16,0.02,5,11580,买盘
590,10:28:16,23.16,0.0,2,4632,买盘
591,10:28:25,23.16,0.0,7,16212,买盘
592,10:28:40,23.14,-0.02,4,9259,卖盘
593,10:28:46,23.16,0.02,22,50952,买盘
594,10:28:57,23.16,0.0,8,18528,买盘
595,10:29:01,23.14,-0.02,13,30086,卖盘
596,10:29:04,23.14,0.0,9,20826,买盘
597,10:29:10,23.14,0.0,3,6942,买盘
598,10:29:16,23.14,0.0,19,43966,买盘
599,10:29:28,23.14,0.0,1,2314,卖盘
600,10:29:40,23.17,0.03,5,11585,买盘
601,10:29:51,23.15,-0.02,1,2315,卖盘
602,10:30:16,23.17,0.02,22,50972,买盘
603,10:30:22,23.16,-0.01,40,92640,卖盘
604,10:30:28,23.17,0.01,5,11584,买盘
605,10:30:31,23.16,-0.01,2,4632,中性盘
606,10:30:43,23.16,0.0,1,2316,卖盘
607,10:30:46,23.16,0.0,2,4632,卖盘
608,10:30:55,23.16,0.0,3,6948,卖盘
609,10:31:10,23.13,-0.03,100,231482,卖盘
610,10:31:13,23.17,0.04,5,11585,买盘
611,10:31:16,23.16,-0.01,1,2316,卖盘
612,10:31:18,23.17,0.01,71,164482,买盘
613,10:31:37,23.17,0.0,11,25492,卖盘
614,10:31:43,23.18,0.01,3,6954,买盘
615,10:31:49,23.18,0.0,1,2318,买盘
616,10:31:57,23.18,0.0,3,6954,买盘
617,10:32:01,23.18,0.0,2,4636,买盘
618,10:32:13,23.18,0.0,1,2318,买盘
619,10:32:22,23.18,0.0,38,88084,买盘
620,10:32:28,23.18,0.0,1,2318,买盘
621,10:32:34,23.18,0.0,1,2318,买盘
622,10:32:43,23.17,-0.01,5,11585,卖盘
623,10:32:46,23.18,0.01,7,16226,买盘
624,10:33:10,23.17,-0.01,2,4634,卖盘
625,10:33:12,23.18,0.01,5,11590,买盘
626,10:33:19,23.18,0.0,2,4636,买盘
627,10:33:39,23.17,-0.01,3,6951,买盘
628,10:33:46,23.18,0.01,81,187743,买盘
629,10:34:01,23.2,0.02,10,23200,买盘
630,10:34:04,23.18,-0.02,1,2318,卖盘
631,10:34:07,23.18,0.0,1,2318,卖盘
632,10:34:13,23.18,0.0,32,74192,卖盘
633,10:34:25,23.18,0.0,14,32452,卖盘
634,10:34:31,23.18,0.0,17,39407,卖盘
635,10:34:33,23.2,0.02,1,2320,买盘
636,10:34:37,23.2,0.0,20,46400,买盘
637,10:34:46,23.18,-0.02,30,69580,卖盘
638,10:35:04,23.18,0.0,8,18544,卖盘
639,10:35:16,23.2,0.02,8,18558,买盘
640,10:36:07,23.2,0.0,25,58000,买盘
641,10:36:13,23.18,-0.02,2,4636,卖盘
642,10:36:37,23.18,0.0,25,57950,卖盘
643,10:36:39,23.17,-0.01,5,11585,卖盘
644,10:37:04,23.18,0.01,1,2318,买盘
645,10:37:10,23.16,-0.02,56,129696,卖盘
646,10:37:31,23.15,-0.01,42,97230,卖盘
647,10:37:40,23.14,-0.01,2,4628,卖盘
648,10:37:49,23.14,0.0,3,6942,卖盘
649,10:37:55,23.14,0.0,5,11570,卖盘
650,10:38:00,23.14,0.0,3,6942,卖盘
651,10:38:04,23.14,0.0,4,9256,卖盘
652,10:38:07,23.13,-0.01,57,131862,卖盘
653,10:38:13,23.12,-0.01,4,9251,卖盘
654,10:38:16,23.11,-0.01,47,108650,卖盘
655,10:38:24,23.11,0.0,54,124794,卖盘
656,10:38:28,23.11,0.0,2,4622,卖盘
657,10:38:31,23.11,0.0,5,11555,卖盘
658,10:38:34,23.11,0.0,8,18488,买盘
659,10:38:37,23.1,-0.01,27,62371,卖盘
660,10:38:40,23.11,0.01,1,2311,买盘
661,10:38:43,23.1,-0.01,7,16170,卖盘
662,10:38:46,23.02,-0.08,22,50692,卖盘
663,10:38:58,23.05,0.03,5,11525,中性盘
664,10:39:01,23.1,0.05,21,48405,买盘
665,10:39:04,23.04,-0.06,2,4608,中性盘
666,10:39:16,23.05,0.01,312,717833,买盘
667,10:39:19,23.05,0.0,4,9220,买盘
668,10:39:22,23.05,0.0,8,18440,买盘
669,10:39:25,23.04,-0.01,11,25347,卖盘
670,10:39:34,23.05,0.01,7,16135,卖盘
671,10:39:46,23.1,0.05,3,6930,买盘
672,10:40:04,23.1,0.0,74,170928,买盘
673,10:40:07,23.05,-0.05,5,11525,卖盘
674,10:40:25,23.09,0.04,1,2309,买盘
675,10:40:28,23.09,0.0,2,4618,买盘
676,10:40:37,23.09,0.0,4,9236,卖盘
677,10:40:43,23.06,-0.03,10,23079,卖盘
678,10:41:01,23.1,0.04,30,69300,买盘
679,10:41:04,23.08,-0.02,3,6924,卖盘
680,10:41:19,23.05,-0.03,11,25360,卖盘
681,10:41:22,23.1,0.05,9,20790,买盘
682,10:41:31,23.1,0.0,6,13860,卖盘
683,10:41:34,23.1,0.0,4,9240,卖盘
684,10:41:57,23.11,0.01,2,4621,买盘
685,10:42:04,23.1,-0.01,4,9240,卖盘
686,10:42:13,23.1,0.0,1,2310,卖盘
687,10:42:28,23.1,0.0,1,2310,卖盘
688,10:42:31,23.1,0.0,13,30030,卖盘
689,10:42:43,23.13,0.03,5,11564,买盘
690,10:42:57,23.13,0.0,40,92520,买盘
691,10:43:13,23.13,0.0,8,18504,买盘
692,10:43:19,23.13,0.0,52,120276,买盘
693,10:43:21,23.13,0.0,5,11565,买盘
694,10:43:24,23.13,0.0,9,20817,买盘
695,10:43:27,23.12,-0.01,3,6936,卖盘
696,10:43:31,23.13,0.01,5,11565,买盘
697,10:43:34,23.13,0.0,2,4626,买盘
698,10:44:04,23.13,0.0,26,60138,买盘
699,10:44:28,23.16,0.03,5,11580,买盘
700,10:44:31,23.12,-0.04,29,67076,卖盘
701,10:44:46,23.12,0.0,9,20808,卖盘
702,10:45:04,23.12,0.0,14,32368,卖盘
703,10:45:10,23.12,0.0,14,32368,买盘
704,10:45:13,23.13,0.01,4,9252,卖盘
705,10:46:09,23.14,0.01,10,23140,卖盘
706,10:46:25,23.15,0.01,8,18520,买盘
707,10:46:46,23.16,0.01,3,6948,买盘
708,10:46:51,23.15,-0.01,10,23158,卖盘
709,10:46:55,23.15,0.0,1,2315,卖盘
710,10:48:16,23.15,0.0,1,2315,卖盘
711,10:48:55,23.2,0.05,1,2320,买盘
712,10:49:06,23.2,0.0,13,30160,买盘
713,10:49:37,23.19,-0.01,3,6957,卖盘
714,10:49:55,23.15,-0.04,19,44004,卖盘
715,10:49:58,23.19,0.04,7,16233,买盘
716,10:50:10,23.2,0.01,32,74240,买盘
717,10:50:16,23.19,-0.01,11,25511,卖盘
718,10:50:37,23.2,0.01,70,162400,买盘
719,10:50:40,23.2,0.0,9,20880,买盘
720,10:50:43,23.2,0.0,4,9280,买盘
721,10:50:46,23.2,0.0,4,9280,买盘
722,10:50:49,23.2,0.0,6,13920,买盘
723,10:51:04,23.2,0.0,7,16240,买盘
724,10:51:19,23.2,0.0,30,69600,买盘
725,10:51:21,23.19,-0.01,38,88152,卖盘
726,10:51:31,23.2,0.01,14,32480,买盘
727,10:51:36,23.2,0.0,15,34800,买盘
728,10:51:40,23.19,-0.01,20,46380,卖盘
729,10:51:43,23.19,0.0,12,27830,卖盘
730,10:51:46,23.2,0.01,1,2320,买盘
731,10:51:58,23.24,0.04,1,2324,买盘
732,10:52:22,23.22,-0.02,5,11610,卖盘
733,10:52:31,23.23,0.01,4,9292,卖盘
734,10:52:40,23.23,0.0,3,6969,卖盘
735,10:53:01,23.24,0.01,5,11620,买盘
736,10:53:07,23.23,-0.01,4,9292,卖盘
737,10:53:46,23.23,0.0,3,6969,卖盘
738,10:54:22,23.23,0.0,26,60413,卖盘
739,10:54:55,23.21,-0.02,4,9284,卖盘
740,10:55:13,23.21,0.0,1,2321,卖盘
741,10:55:27,23.21,0.0,4,9284,卖盘
742,10:55:49,23.23,0.02,1,2323,买盘
743,10:55:55,23.23,0.0,1,2323,买盘
744,10:55:57,23.23,0.0,15,34845,买盘
745,10:56:18,23.23,0.0,2,4646,买盘
746,10:57:31,23.23,0.0,2,4646,买盘
747,10:57:33,23.22,-0.01,9,20898,卖盘
748,10:57:36,23.2,-0.02,29,67288,卖盘
749,10:57:40,23.22,0.02,2,4644,买盘
750,10:57:49,23.2,-0.02,14,32480,卖盘
751,10:57:55,23.19,-0.01,1,2319,卖盘
752,10:58:01,23.19,0.0,7,16233,卖盘
753,10:58:15,23.19,0.0,12,27828,卖盘
754,10:58:25,23.19,0.0,2,4638,卖盘
755,10:58:31,23.2,0.01,4,9280,买盘
756,10:58:43,23.19,-0.01,8,18552,卖盘
757,10:58:51,23.19,0.0,8,18552,卖盘
758,10:58:57,23.2,0.01,10,23200,买盘
759,10:59:04,23.19,-0.01,1,2319,卖盘
760,10:59:10,23.19,0.0,1,2319,卖盘
761,10:59:18,23.19,0.0,1,2319,卖盘
762,10:59:40,23.2,0.01,5,11600,买盘
763,10:59:42,23.19,-0.01,4,9276,卖盘
764,10:59:45,23.2,0.01,2,4640,买盘
765,11:00:00,23.2,0.0,10,23200,买盘
766,11:00:10,23.19,-0.01,2,4638,卖盘
767,11:00:16,23.2,0.01,2,4640,买盘
768,11:00:27,23.19,-0.01,10,23190,卖盘
769,11:00:34,23.2,0.01,25,57995,买盘
770,11:01:03,23.2,0.0,1,2320,买盘
771,11:01:19,23.19,-0.01,2,4638,卖盘
772,11:01:24,23.2,0.01,10,23200,买盘
773,11:01:52,23.19,-0.01,7,16233,卖盘
774,11:02:27,23.2,0.01,1,2320,买盘
775,11:03:16,23.19,-0.01,20,46380,卖盘
776,11:03:19,23.2,0.01,4,9280,买盘
777,11:03:22,23.19,-0.01,15,34799,卖盘
778,11:04:43,23.2,0.01,10,23200,买盘
779,11:05:12,23.2,0.0,5,11600,买盘
780,11:05:43,23.2,0.0,10,23200,买盘
781,11:06:06,23.2,0.0,10,23200,买盘
782,11:06:10,23.2,0.0,31,71920,买盘
783,11:06:49,23.19,-0.01,10,23190,卖盘
784,11:06:57,23.2,0.01,16,37120,买盘
785,11:07:19,23.2,0.0,3,6960,买盘
786,11:07:33,23.19,-0.01,14,32466,卖盘
787,11:07:58,23.19,0.0,7,16233,卖盘
788,11:08:37,23.19,0.0,1,2319,卖盘
789,11:09:31,23.18,-0.01,2,4636,卖盘
790,11:10:10,23.18,0.0,6,13908,卖盘
791,11:10:16,23.18,0.0,1,2318,卖盘
792,11:10:45,23.19,0.01,1,2319,买盘
793,11:11:43,23.18,-0.01,1,2318,卖盘
794,11:12:03,23.17,-0.01,11,25487,卖盘
795,11:12:19,23.17,0.0,8,18536,卖盘
796,11:12:48,23.17,0.0,9,20853,卖盘
797,11:13:04,23.17,0.0,12,27804,卖盘
798,11:13:43,23.17,0.0,45,104265,卖盘
799,11:14:04,23.16,-0.01,5,11580,卖盘
800,11:14:07,23.15,-0.01,50,115757,卖盘
801,11:14:19,23.09,-0.06,50,115544,卖盘
802,11:15:01,23.09,0.0,9,20781,卖盘
803,11:15:04,23.09,0.0,1,2309,卖盘
804,11:15:16,23.09,0.0,20,46180,卖盘
805,11:15:36,23.09,0.0,4,9236,卖盘
806,11:15:39,23.1,0.01,5,11547,买盘
807,11:15:42,23.09,-0.01,1,2309,买盘
808,11:16:13,23.09,0.0,6,13854,卖盘
809,11:16:16,23.02,-0.07,47,108315,卖盘
810,11:16:19,23.09,0.07,8,18472,买盘
811,11:16:22,23.08,-0.01,5,11540,买盘
812,11:16:28,23.08,0.0,5,11540,买盘
813,11:16:39,23.0,-0.08,69,158756,卖盘
814,11:17:07,23.02,0.02,14,32237,卖盘
815,11:17:10,23.02,0.0,14,32258,卖盘
816,11:17:13,23.03,0.01,1,2303,中性盘
817,11:17:16,23.03,0.0,5,11515,卖盘
818,11:17:21,23.03,0.0,15,34545,卖盘
819,11:17:27,23.03,0.0,1,2303,买盘
820,11:17:40,23.03,0.0,4,9212,买盘
821,11:17:46,23.03,0.0,1,2303,买盘
822,11:17:49,23.02,-0.01,2,4604,卖盘
823,11:17:52,23.03,0.01,5,11515,买盘
824,11:18:01,23.03,0.0,5,11515,买盘
825,11:18:04,23.02,-0.01,7,16114,卖盘
826,11:18:10,23.03,0.01,2,4606,买盘
827,11:18:13,23.02,-0.01,21,48342,卖盘
828,11:18:16,23.02,0.0,9,20719,卖盘
829,11:18:19,23.02,0.0,27,62154,卖盘
830,11:18:21,23.02,0.0,2,4604,买盘
831,11:18:27,23.02,0.0,20,46040,买盘
832,11:18:55,23.02,0.0,2,4604,买盘
833,11:18:58,23.02,0.0,5,11510,买盘
834,11:19:01,23.02,0.0,11,25322,买盘
835,11:19:04,23.02,0.0,18,41436,买盘
836,11:19:09,23.02,0.0,8,18416,买盘
837,11:19:12,23.02,0.0,5,11510,买盘
838,11:19:22,23.01,-0.01,3,6903,卖盘
839,11:19:24,23.02,0.01,50,115100,买盘
840,11:19:27,23.01,-0.01,20,46031,卖盘
841,11:19:36,23.02,0.01,5,11510,卖盘
842,11:19:40,23.03,0.01,6,13809,买盘
843,11:19:55,23.03,0.0,3,6909,买盘
844,11:19:57,23.03,0.0,2,4606,买盘
845,11:20:00,23.03,0.0,7,16121,买盘
846,11:20:04,23.03,0.0,3,6909,买盘
847,11:20:19,23.03,0.0,8,18424,卖盘
848,11:21:16,23.06,0.03,6,13836,卖盘
849,11:21:46,23.08,0.02,2,4616,卖盘
850,11:22:28,23.06,-0.02,7,16143,卖盘
851,11:22:51,23.08,0.02,4,9232,买盘
852,11:22:58,23.06,-0.02,3,6918,卖盘
853,11:23:04,23.06,0.0,5,11530,买盘
854,11:23:07,23.08,0.02,16,36914,买盘
855,11:24:01,23.13,0.05,1,2313,买盘
856,11:24:07,23.19,0.06,1,2319,买盘
857,11:24:12,23.08,-0.11,26,60043,卖盘
858,11:24:34,23.08,0.0,2,4616,买盘
859,11:24:37,23.08,0.0,10,23080,买盘
860,11:24:43,23.08,0.0,1,2308,买盘
861,11:24:46,23.08,0.0,10,23080,买盘
862,11:24:49,23.08,0.0,1,2308,买盘
863,11:24:52,23.08,0.0,6,13848,买盘
864,11:25:16,23.08,0.0,4,9232,买盘
865,11:26:30,23.07,-0.01,10,23070,卖盘
866,11:27:04,23.07,0.0,1,2307,买盘
867,11:27:13,23.06,-0.01,9,20754,卖盘
868,11:27:19,23.06,0.0,6,13836,买盘
869,11:27:43,23.07,0.01,2,4614,买盘
870,11:27:55,23.06,-0.01,2,4612,卖盘
871,11:28:49,23.07,0.01,1,2307,买盘
872,11:28:58,23.07,0.0,1,2307,卖盘
873,11:29:18,23.07,0.0,1,2307,卖盘
874,11:29:25,23.07,0.0,3,6921,卖盘
875,11:29:42,23.07,0.0,8,18456,卖盘
876,11:29:45,23.07,0.0,6,13842,卖盘
877,11:29:52,23.07,0.0,3,6921,买盘
878,13:00:04,23.16,0.09,16,37024,买盘
879,13:00:07,23.08,-0.08,2,4616,卖盘
880,13:03:33,23.14,0.06,2,4628,中性盘
881,13:03:42,23.12,-0.02,1,2312,卖盘
882,13:04:37,23.1,-0.02,1,2310,卖盘
883,13:04:45,23.1,0.0,23,53164,卖盘
884,13:04:52,23.1,0.0,4,9240,买盘
885,13:05:04,23.1,0.0,33,76230,卖盘
886,13:05:25,23.1,0.0,10,23100,买盘
887,13:06:04,23.1,0.0,3,6930,卖盘
888,13:06:25,23.1,0.0,2,4620,卖盘
889,13:07:00,23.1,0.0,6,13860,卖盘
890,13:07:27,23.1,0.0,1,2310,买盘
891,13:07:48,23.14,0.04,8,18512,买盘
892,13:08:34,23.14,0.0,8,18512,买盘
893,13:10:16,23.18,0.04,5,11590,买盘
894,13:11:00,23.14,-0.04,2,4628,卖盘
895,13:11:45,23.18,0.04,5,11590,买盘
896,13:12:51,23.14,-0.04,4,9256,卖盘
897,13:13:10,23.18,0.04,1,2318,买盘
898,13:14:46,23.14,-0.04,6,13884,卖盘
899,13:15:04,23.14,0.0,40,92560,卖盘
900,13:15:40,23.14,0.0,2,4628,卖盘
901,13:15:51,23.14,0.0,24,55536,卖盘
902,13:16:55,23.14,0.0,2,4628,卖盘
903,13:16:58,23.14,0.0,13,30082,卖盘
904,13:17:10,23.14,0.0,4,9256,买盘
905,13:17:22,23.12,-0.02,1,2312,卖盘
906,13:17:28,23.12,0.0,4,9248,买盘
907,13:17:37,23.12,0.0,3,6936,买盘
908,13:17:43,23.1,-0.02,18,41588,卖盘
909,13:18:01,23.08,-0.02,10,23080,卖盘
910,13:18:22,23.05,-0.03,59,136012,卖盘
911,13:18:34,23.04,-0.01,2,4608,卖盘
912,13:18:43,23.0,-0.04,326,750350,卖盘
913,13:18:57,23.0,0.0,129,296700,卖盘
914,13:19:10,22.98,-0.02,25,57456,卖盘
915,13:19:19,22.98,0.0,32,73536,卖盘
916,13:19:37,22.98,0.0,50,114900,卖盘
917,13:19:43,22.99,0.01,1,2299,买盘
918,13:19:49,22.98,-0.01,23,52866,卖盘
919,13:19:58,22.98,0.0,5,11490,买盘
920,13:20:04,22.96,-0.02,15,34440,卖盘
921,13:20:09,22.98,0.02,4,9192,买盘
922,13:20:12,22.96,-0.02,5,11480,卖盘
923,13:20:25,22.94,-0.02,5,11470,卖盘
924,13:20:31,22.96,0.02,1,2296,买盘
925,13:20:34,22.94,-0.02,1,2294,卖盘
926,13:20:42,22.91,-0.03,12,27502,卖盘
927,13:20:55,22.91,0.0,1,2291,卖盘
928,13:21:01,22.96,0.05,1,2296,买盘
929,13:21:04,22.88,-0.08,43,98447,卖盘
930,13:21:10,22.96,0.08,8,18312,买盘
931,13:21:16,22.88,-0.08,9,20624,卖盘
932,13:21:31,22.83,-0.05,123,281215,卖盘
933,13:21:34,22.83,0.0,20,45660,买盘
934,13:21:37,22.81,-0.02,5,11405,卖盘
935,13:21:43,22.83,0.02,126,287658,买盘
936,13:21:46,22.83,0.0,57,130014,买盘
937,13:21:49,22.83,0.0,6,13698,买盘
938,13:21:52,22.83,0.0,15,34245,卖盘
939,13:22:00,22.83,0.0,50,114150,卖盘
940,13:22:06,22.85,0.02,2,4570,卖盘
941,13:22:09,22.8,-0.05,159,362690,卖盘
942,13:22:13,22.8,0.0,8,18240,买盘
943,13:22:21,22.8,0.0,101,230280,买盘
944,13:22:24,22.8,0.0,53,120840,买盘
945,13:22:36,22.81,0.01,10,22810,卖盘
946,13:22:39,22.83,0.02,7,15981,买盘
947,13:22:45,22.83,0.0,14,31936,买盘
948,13:22:48,22.83,0.0,11,25113,买盘
949,13:22:55,22.82,-0.01,4,9131,卖盘
950,13:22:58,22.83,0.01,8,18258,买盘
951,13:23:06,22.83,0.0,3,6849,买盘
952,13:23:19,22.85,0.02,4,9140,买盘
953,13:23:22,22.85,0.0,7,15995,买盘
954,13:23:28,22.83,-0.02,15,34261,卖盘
955,13:23:34,22.83,0.0,34,77644,卖盘
956,13:23:49,22.96,0.13,2,4592,买盘
957,13:23:58,22.96,0.0,1,2296,卖盘
958,13:24:10,23.0,0.04,375,862500,买盘
959,13:24:21,23.07,0.07,2,4614,买盘
960,13:24:24,23.07,0.0,43,99191,买盘
961,13:24:36,23.12,0.05,1,2312,买盘
962,13:24:46,23.12,0.0,2,4624,卖盘
963,13:24:52,23.1,-0.02,20,46200,中性盘
964,13:24:58,23.1,0.0,2,4620,买盘
965,13:25:10,23.02,-0.08,3,6906,卖盘
966,13:25:16,23.02,0.0,6,13818,卖盘
967,13:25:40,23.0,-0.02,5,11506,卖盘
968,13:26:15,22.99,-0.01,7,16093,卖盘
969,13:26:30,22.99,0.0,3,6897,卖盘
970,13:26:37,23.0,0.01,20,46000,买盘
971,13:26:49,22.99,-0.01,3,6897,卖盘
972,13:26:57,22.99,0.0,29,66691,卖盘
973,13:27:28,22.96,-0.03,3,6891,卖盘
974,13:27:34,22.96,0.0,1,2296,买盘
975,13:27:40,22.96,0.0,3,6888,买盘
976,13:27:42,22.96,0.0,1,2296,买盘
977,13:27:46,22.96,0.0,1,2296,买盘
978,13:27:49,22.96,0.0,1,2296,买盘
979,13:27:55,22.96,0.0,1,2296,买盘
980,13:28:25,22.99,0.03,1,2299,买盘
981,13:28:54,22.99,0.0,5,11495,买盘
982,13:29:00,23.0,0.01,1,2300,买盘
983,13:29:07,23.0,0.0,6,13800,买盘
984,13:29:22,23.0,0.0,5,11500,卖盘
985,13:29:36,23.05,0.05,17,39150,买盘
986,13:29:51,23.01,-0.04,1,2301,卖盘
987,13:29:54,23.05,0.04,10,23050,买盘
988,13:30:37,23.09,0.04,10,23090,买盘
989,13:30:43,23.09,0.0,2,4618,买盘
990,13:30:46,23.09,0.0,1,2309,买盘
991,13:31:10,23.09,0.0,1,2309,卖盘
992,13:31:16,23.1,0.01,3,6930,买盘
993,13:31:25,23.09,-0.01,25,57727,卖盘
994,13:31:46,23.0,-0.09,7,16100,卖盘
995,13:32:40,23.08,0.08,4,9232,买盘
996,13:32:58,23.02,-0.06,1,2302,卖盘
997,13:33:01,23.0,-0.02,48,110440,卖盘
998,13:33:22,22.96,-0.04,26,59696,卖盘
999,13:33:31,22.96,0.0,2,4592,卖盘
1000,13:33:40,22.95,-0.01,3,6885,卖盘
1001,13:33:52,22.88,-0.07,60,137315,卖盘
1002,13:33:58,22.91,0.03,2,4582,卖盘
1003,13:34:40,22.9,-0.01,11,25190,买盘
1004,13:34:43,22.85,-0.05,8,18280,卖盘
1005,13:34:46,22.85,0.0,3,6855,买盘
1006,13:34:49,22.9,0.05,12,27434,买盘
1007,13:34:58,22.9,0.0,2,4580,卖盘
1008,13:35:09,22.9,0.0,1,2290,卖盘
1009,13:35:13,22.9,0.0,7,16030,卖盘
1010,13:35:19,22.9,0.0,4,9160,买盘
1011,13:35:25,22.9,0.0,1,2290,买盘
1012,13:35:27,22.9,0.0,1,2290,买盘
1013,13:35:43,22.88,-0.02,2,4576,买盘
1014,13:35:46,22.86,-0.02,21,48014,卖盘
1015,13:35:52,22.86,0.0,8,18288,买盘
1016,13:35:55,22.86,0.0,5,11430,买盘
1017,13:35:58,22.96,0.1,46,105346,买盘
1018,13:36:04,22.85,-0.11,4,9173,卖盘
1019,13:36:25,23.07,0.22,1,2307,买盘
1020,13:36:48,22.88,-0.19,1,2288,卖盘
1021,13:37:04,23.05,0.17,10,23050,买盘
1022,13:37:16,22.9,-0.15,2,4580,卖盘
1023,13:37:37,23.06,0.16,1,2306,买盘
1024,13:41:55,23.0,-0.06,2,4602,卖盘
1025,13:41:58,23.0,0.0,7,16100,卖盘
1026,13:42:22,23.0,0.0,3,6900,卖盘
1027,13:42:25,23.0,0.0,12,27600,卖盘
1028,13:42:43,23.0,0.0,1,2300,买盘
1029,13:42:55,23.0,0.0,6,13800,买盘
1030,13:42:58,23.0,0.0,5,11500,买盘
1031,13:43:01,22.99,-0.01,18,41382,卖盘
1032,13:43:04,22.99,0.0,8,18392,买盘
1033,13:43:31,22.88,-0.11,43,98479,卖盘
1034,13:44:05,23.0,0.12,20,45979,买盘
1035,13:44:07,23.0,0.0,5,11500,买盘
1036,13:44:10,23.0,0.0,11,25300,买盘
1037,13:44:28,23.05,0.05,8,18435,买盘
1038,13:44:30,23.0,-0.05,9,20700,卖盘
1039,13:44:40,23.0,0.0,1,2300,买盘
1040,13:45:13,23.0,0.0,2,4600,卖盘
1041,13:46:46,23.01,0.01,5,11505,卖盘
1042,13:46:58,23.05,0.04,1,2305,买盘
1043,13:47:09,23.06,0.01,7,16142,买盘
1044,13:48:00,23.06,0.0,22,50725,买盘
1045,13:48:49,23.06,0.0,31,71485,买盘
1046,13:49:30,23.06,0.0,4,9224,买盘
1047,13:49:37,23.06,0.0,3,6918,买盘
1048,13:50:01,23.06,0.0,20,46120,买盘
1049,13:50:04,23.06,0.0,2,4612,买盘
1050,13:50:28,23.06,0.0,8,18448,买盘
1051,13:50:43,23.06,0.0,3,6918,买盘
1052,13:52:10,23.08,0.02,1,2308,买盘
1053,13:52:46,23.07,-0.01,1,2307,卖盘
1054,13:52:52,23.08,0.01,5,11540,买盘
1055,13:52:55,23.07,-0.01,5,11535,中性盘
1056,13:53:28,23.08,0.01,5,11540,买盘
1057,13:54:43,23.08,0.0,1,2308,买盘
1058,13:54:57,23.07,-0.01,2,4614,卖盘
1059,13:55:21,23.08,0.01,1,2308,买盘
1060,13:55:48,23.07,-0.01,4,9228,卖盘
1061,13:56:18,23.08,0.01,10,23080,卖盘
1062,13:56:25,23.07,-0.01,2,4614,卖盘
1063,13:56:39,23.08,0.01,11,25388,买盘
1064,13:57:01,23.09,0.01,6,13854,买盘
1065,13:57:10,23.08,-0.01,3,6924,卖盘
1066,13:57:13,23.1,0.02,12,27716,买盘
1067,13:57:46,23.11,0.01,1,2311,买盘
1068,13:58:00,23.11,0.0,1,2311,买盘
1069,13:58:13,23.1,-0.01,3,6930,卖盘
1070,13:58:31,23.1,0.0,7,16170,卖盘
1071,13:58:46,23.1,0.0,1,2310,买盘
1072,13:58:51,23.1,0.0,3,6930,卖盘
1073,13:59:21,23.1,0.0,2,4620,卖盘
1074,13:59:31,23.11,0.01,2,4622,买盘
1075,13:59:55,23.11,0.0,1,2311,买盘
1076,14:00:10,23.1,-0.01,1,2310,卖盘
1077,14:00:12,23.14,0.04,16,37009,买盘
1078,14:00:37,23.15,0.01,1,2315,买盘
1079,14:00:40,23.15,0.0,4,9260,买盘
1080,14:00:58,23.15,0.0,11,25465,卖盘
1081,14:01:04,23.16,0.01,4,9264,买盘
1082,14:01:22,23.18,0.02,24,55600,买盘
1083,14:01:43,23.18,0.0,5,11590,买盘
1084,14:01:54,23.18,0.0,1,2318,买盘
1085,14:02:18,23.18,0.0,52,120525,买盘
1086,14:03:09,23.18,0.0,10,23180,卖盘
1087,14:03:16,23.19,0.01,4,9276,买盘
1088,14:03:49,23.19,0.0,3,6957,买盘
1089,14:04:16,23.19,0.0,1,2319,买盘
1090,14:04:22,23.19,0.0,3,6957,买盘
1091,14:04:34,23.18,-0.01,20,46373,卖盘
1092,14:04:43,23.25,0.07,43,99949,买盘
1093,14:05:22,23.24,-0.01,3,6972,买盘
1094,14:05:52,23.25,0.01,2,4650,买盘
1095,14:05:55,23.25,0.0,3,6975,买盘
1096,14:05:58,23.24,-0.01,4,9299,卖盘
1097,14:06:06,23.25,0.01,7,16272,买盘
1098,14:06:10,23.25,0.0,1,2325,卖盘
1099,14:06:16,23.24,-0.01,7,16268,买盘
1100,14:06:40,23.2,-0.04,25,58010,卖盘
1101,14:07:07,23.22,0.02,2,4644,卖盘
1102,14:07:22,23.22,0.0,6,13932,卖盘
1103,14:08:16,23.21,-0.01,1,2321,卖盘
1104,14:08:37,23.22,0.01,2,4644,买盘
1105,14:08:43,23.22,0.0,1,2322,卖盘
1106,14:08:52,23.24,0.02,3,6972,买盘
1107,14:09:13,23.24,0.0,3,6972,买盘
1108,14:09:28,23.22,-0.02,1,2322,卖盘
1109,14:09:34,23.22,0.0,6,13932,买盘
1110,14:09:55,23.22,0.0,4,9288,买盘
1111,14:10:01,23.22,0.0,4,9288,买盘
1112,14:10:13,23.22,0.0,5,11610,卖盘
1113,14:10:34,23.24,0.02,2,4648,买盘
1114,14:10:49,23.22,-0.02,1,2322,卖盘
1115,14:11:10,23.21,-0.01,2,4642,卖盘
1116,14:11:13,23.21,0.0,1,2321,卖盘
1117,14:11:30,23.21,0.0,9,20889,卖盘
1118,14:11:45,23.2,-0.01,13,30160,卖盘
1119,14:11:57,23.19,-0.01,5,11595,卖盘
1120,14:12:04,23.2,0.01,19,44080,买盘
1121,14:12:28,23.2,0.0,4,9280,卖盘
1122,14:12:34,23.21,0.01,10,23210,买盘
1123,14:12:55,23.21,0.0,1,2321,买盘
1124,14:13:01,23.2,-0.01,6,13920,卖盘
1125,14:13:22,23.2,0.0,3,6960,卖盘
1126,14:13:25,23.2,0.0,29,67280,卖盘
1127,14:13:39,23.21,0.01,1,2321,买盘
1128,14:13:52,23.2,-0.01,5,11600,卖盘
1129,14:14:01,23.21,0.01,3,6963,买盘
1130,14:14:33,23.2,-0.01,2,4640,卖盘
1131,14:15:07,23.2,0.0,2,4640,卖盘
1132,14:15:33,23.21,0.01,7,16247,买盘
1133,14:16:37,23.2,-0.01,4,9280,卖盘
1134,14:16:57,23.21,0.01,4,9284,买盘
1135,14:17:52,23.21,0.0,2,4642,卖盘
1136,14:17:55,23.21,0.0,10,23210,卖盘
1137,14:17:58,23.21,0.0,2,4642,买盘
1138,14:18:31,23.2,-0.01,2,4640,卖盘
1139,14:19:01,23.21,0.01,5,11601,买盘
1140,14:19:46,23.21,0.0,22,51062,买盘
1141,14:20:12,23.19,-0.02,5,11595,卖盘
1142,14:20:40,23.19,0.0,30,69570,卖盘
1143,14:20:54,23.19,0.0,3,6957,卖盘
1144,14:21:06,23.19,0.0,15,34785,卖盘
1145,14:21:28,23.19,0.0,7,16233,卖盘
1146,14:21:49,23.19,0.0,8,18552,卖盘
1147,14:22:27,23.18,-0.01,1,2318,卖盘
1148,14:22:34,23.18,0.0,10,23180,卖盘
1149,14:22:40,23.18,0.0,2,4637,卖盘
1150,14:22:51,23.18,0.0,4,9272,卖盘
1151,14:22:55,23.18,0.0,2,4636,卖盘
1152,14:23:01,23.18,0.0,3,6954,卖盘
1153,14:23:12,23.15,-0.03,20,46300,卖盘
1154,14:23:43,23.1,-0.05,3,6930,卖盘
1155,14:23:57,23.11,0.01,1,2311,卖盘
1156,14:24:00,23.11,0.0,2,4622,卖盘
1157,14:24:34,23.16,0.05,8,18528,买盘
1158,14:24:46,23.11,-0.05,36,83206,卖盘
1159,14:24:49,23.16,0.05,3,6948,买盘
1160,14:24:52,23.11,-0.05,3,6933,卖盘
1161,14:24:58,23.11,0.0,2,4622,买盘
1162,14:25:04,23.11,0.0,1,2311,买盘
1163,14:25:10,23.11,0.0,2,4622,买盘
1164,14:25:28,23.11,0.0,8,18488,买盘
1165,14:25:30,23.11,0.0,3,6933,买盘
1166,14:25:33,23.11,0.0,27,62397,买盘
1167,14:25:43,23.11,0.0,4,9244,卖盘
1168,14:25:52,23.11,0.0,1,2311,买盘
1169,14:26:04,23.11,0.0,5,11555,买盘
1170,14:27:04,23.1,-0.01,4,9240,卖盘
1171,14:27:10,23.1,0.0,18,41580,买盘
1172,14:27:49,23.06,-0.04,5,11531,卖盘
1173,14:28:07,23.06,0.0,6,13836,卖盘
1174,14:28:16,23.06,0.0,1,2306,卖盘
1175,14:28:19,23.06,0.0,1,2306,卖盘
1176,14:28:28,23.06,0.0,5,11530,卖盘
1177,14:28:34,23.05,-0.01,48,110650,卖盘
1178,14:28:46,23.1,0.05,12,27716,买盘
1179,14:28:52,23.1,0.0,4,9240,买盘
1180,14:28:57,23.1,0.0,29,66909,买盘
1181,14:29:22,23.1,0.0,14,32340,买盘
1182,14:29:28,23.1,0.0,16,36960,买盘
1183,14:31:10,23.1,0.0,14,32340,卖盘
1184,14:31:13,23.1,0.0,2,4620,买盘
1185,14:31:25,23.1,0.0,8,18480,买盘
1186,14:31:31,23.1,0.0,1,2310,买盘
1187,14:31:52,23.08,-0.02,2,4616,卖盘
1188,14:33:01,23.08,0.0,10,23080,买盘
1189,14:33:10,23.07,-0.01,74,170718,卖盘
1190,14:33:16,23.05,-0.02,8,18445,卖盘
1191,14:33:19,23.05,0.0,3,6915,卖盘
1192,14:33:25,23.05,0.0,2,4610,卖盘
1193,14:33:28,23.05,0.0,4,9220,卖盘
1194,14:33:31,23.05,0.0,3,6915,卖盘
1195,14:33:37,23.05,0.0,5,11525,卖盘
1196,14:33:49,23.06,0.01,30,69157,买盘
1197,14:33:58,23.04,-0.02,7,16128,卖盘
1198,14:34:01,23.05,0.01,10,23050,买盘
1199,14:34:04,23.04,-0.01,3,6912,卖盘
1200,14:34:13,23.04,0.0,5,11520,买盘
1201,14:34:16,23.03,-0.01,8,18424,卖盘
1202,14:34:19,23.02,-0.01,50,115135,卖盘
1203,14:34:34,23.01,-0.01,5,11505,卖盘
1204,14:34:37,23.01,0.0,10,23003,卖盘
1205,14:34:43,23.01,0.0,8,18408,卖盘
1206,14:34:46,23.0,-0.01,16,36801,卖盘
1207,14:34:55,23.0,0.0,19,43708,卖盘
1208,14:34:58,23.02,0.02,10,23011,买盘
1209,14:35:12,23.01,-0.01,3,6903,买盘
1210,14:35:18,23.0,-0.01,3,6900,卖盘
1211,14:35:21,23.0,0.0,10,23000,卖盘
1212,14:35:25,23.0,0.0,3,6900,卖盘
1213,14:35:43,23.0,0.0,3,6900,买盘
1214,14:35:52,23.0,0.0,1,2300,买盘
1215,14:35:54,23.0,0.0,6,13800,买盘
1216,14:36:01,23.0,0.0,1,2300,买盘
1217,14:36:04,23.0,0.0,7,16100,买盘
1218,14:36:07,23.0,0.0,5,11500,买盘
1219,14:36:16,23.0,0.0,5,11500,买盘
1220,14:36:19,23.0,0.0,5,11500,买盘
1221,14:36:22,23.0,0.0,1,2300,买盘
1222,14:36:24,23.0,0.0,5,11500,买盘
1223,14:36:34,22.99,-0.01,9,20694,卖盘
1224,14:36:43,22.99,0.0,5,11499,卖盘
1225,14:36:52,23.0,0.01,2,4600,买盘
1226,14:37:19,23.0,0.0,2,4600,卖盘
1227,14:37:22,23.01,0.01,3,6903,买盘
1228,14:37:55,23.0,-0.01,40,92000,卖盘
1229,14:38:04,23.0,0.0,10,23000,买盘
1230,14:38:21,22.99,-0.01,7,16093,卖盘
1231,14:38:40,22.99,0.0,1,2299,卖盘
1232,14:38:55,22.99,0.0,11,25289,卖盘
1233,14:39:36,22.99,0.0,1,2299,买盘
1234,14:39:51,22.99,0.0,5,11495,买盘
1235,14:40:00,23.0,0.01,10,22997,买盘
1236,14:40:10,22.98,-0.02,5,11490,卖盘
1237,14:40:16,22.98,0.0,1,2298,卖盘
1238,14:40:19,22.98,0.0,1,2298,买盘
1239,14:40:25,22.98,0.0,1,2298,买盘
1240,14:40:36,23.0,0.02,16,36800,买盘
1241,14:40:46,22.98,-0.02,7,16086,卖盘
1242,14:40:52,22.98,0.0,5,11490,买盘
1243,14:41:04,22.95,-0.03,1,2295,卖盘
1244,14:41:25,22.94,-0.01,3,6882,卖盘
1245,14:41:28,22.95,0.01,6,13765,买盘
1246,14:41:31,22.94,-0.01,26,59559,买盘
1247,14:41:40,22.94,0.0,6,13764,买盘
1248,14:41:43,22.95,0.01,3,6885,买盘
1249,14:41:46,22.89,-0.06,65,148829,卖盘
1250,14:41:49,22.88,-0.01,4,9152,卖盘
1251,14:41:54,22.89,0.01,1,2289,买盘
1252,14:42:07,22.88,-0.01,11,25168,卖盘
1253,14:42:10,22.88,0.0,6,13728,买盘
1254,14:42:16,22.88,0.0,3,6864,买盘
1255,14:42:19,22.87,-0.01,2,4574,卖盘
1256,14:42:22,22.89,0.02,2,4578,买盘
1257,14:42:28,22.87,-0.02,8,18296,卖盘
1258,14:42:31,22.85,-0.02,23,52560,卖盘
1259,14:42:37,22.85,0.0,8,18280,卖盘
1260,14:42:43,22.85,0.0,10,22850,买盘
1261,14:42:49,22.84,-0.01,9,20556,卖盘
1262,14:42:58,22.83,-0.01,53,120999,卖盘
1263,14:43:01,22.83,0.0,20,45660,卖盘
1264,14:43:10,22.82,-0.01,10,22820,卖盘
1265,14:43:13,22.83,0.01,9,20544,买盘
1266,14:43:19,22.83,0.0,44,100400,买盘
1267,14:43:28,22.81,-0.02,42,95847,卖盘
1268,14:43:31,22.82,0.01,2,4564,中性盘
1269,14:43:37,22.82,0.0,1,2282,买盘
1270,14:43:43,22.81,-0.01,4,9127,卖盘
1271,14:43:46,22.82,0.01,2,4564,买盘
1272,14:44:07,22.84,0.02,3,6852,买盘
1273,14:44:13,22.83,-0.01,10,22835,卖盘
1274,14:44:16,22.84,0.01,8,18272,买盘
1275,14:44:19,22.84,0.0,39,89073,买盘
1276,14:44:22,22.83,-0.01,8,18264,卖盘
1277,14:44:27,22.83,0.0,13,29679,买盘
1278,14:44:34,22.83,0.0,46,105018,买盘
1279,14:44:37,22.83,0.0,5,11415,卖盘
1280,14:44:43,22.84,0.01,33,75372,买盘
1281,14:45:01,22.85,0.01,15,34275,买盘
1282,14:45:04,22.85,0.0,11,25135,买盘
1283,14:45:13,22.85,0.0,20,45700,卖盘
1284,14:45:19,22.84,-0.01,22,50267,卖盘
1285,14:45:25,22.86,0.02,5,11430,卖盘
1286,14:45:34,22.87,0.01,5,11435,买盘
1287,14:46:01,22.9,0.03,5,11450,中性盘
1288,14:46:07,22.9,0.0,10,22900,买盘
1289,14:46:13,22.9,0.0,2,4580,买盘
1290,14:46:22,22.9,0.0,19,43510,买盘
1291,14:46:25,22.9,0.0,10,22900,买盘
1292,14:46:27,22.9,0.0,4,9160,买盘
1293,14:46:34,22.89,-0.01,14,32047,卖盘
1294,14:46:46,22.9,0.01,4,9160,卖盘
1295,14:46:49,22.9,0.0,2,4580,卖盘
1296,14:47:01,22.9,0.0,55,125961,卖盘
1297,14:47:04,22.97,0.07,2,4594,买盘
1298,14:47:07,22.97,0.0,10,22970,卖盘
1299,14:47:19,23.0,0.03,8,18400,买盘
1300,14:47:22,22.97,-0.03,22,50534,卖盘
1301,14:47:31,22.97,0.0,49,112553,卖盘
1302,14:47:37,22.97,0.0,5,11485,买盘
1303,14:47:49,22.97,0.0,6,13782,买盘
1304,14:47:55,22.97,0.0,9,20681,卖盘
1305,14:47:58,22.97,0.0,4,9188,买盘
1306,14:48:07,22.9,-0.07,53,121385,卖盘
1307,14:48:25,22.97,0.07,8,18376,买盘
1308,14:48:43,22.92,-0.05,1,2292,卖盘
1309,14:48:46,22.92,0.0,5,11460,买盘
1310,14:48:52,22.9,-0.02,43,98470,卖盘
1311,14:49:10,22.89,0.0,25,57225,卖盘
1312,14:49:13,22.88,-0.01,24,54639,卖盘
1313,14:49:31,22.88,0.0,1,2288,买盘
1314,14:49:34,22.87,-0.01,17,38879,卖盘
1315,14:50:01,22.87,0.0,2,4574,买盘
1316,14:50:07,22.86,-0.01,34,77726,卖盘
1317,14:50:13,22.87,0.01,16,36592,买盘
1318,14:50:19,22.86,-0.01,14,32004,卖盘
1319,14:50:22,22.86,0.0,2,4572,卖盘
1320,14:50:25,22.85,-0.01,19,43415,卖盘
1321,14:50:31,22.85,0.0,3,6855,卖盘
1322,14:50:43,22.85,0.0,35,79955,买盘
1323,14:50:49,22.83,-0.02,35,79942,卖盘
1324,14:50:52,22.85,0.02,14,31990,买盘
1325,14:50:58,22.83,-0.02,20,45660,卖盘
1326,14:51:01,22.8,-0.03,300,684597,卖盘
1327,14:51:16,22.83,0.03,1,2283,卖盘
1328,14:51:19,22.83,0.0,5,11415,买盘
1329,14:51:28,22.82,-0.01,2,4564,卖盘
1330,14:51:31,22.83,0.01,11,25113,买盘
1331,14:51:37,22.81,-0.02,13,29653,卖盘
1332,14:51:40,22.83,0.02,51,116367,买盘
1333,14:51:52,22.81,-0.02,6,13686,买盘
1334,14:51:55,22.8,-0.01,42,95760,卖盘
1335,14:51:58,22.8,0.0,3,6840,卖盘
1336,14:52:01,22.8,0.0,25,57005,卖盘
1337,14:52:04,22.8,0.0,33,75240,买盘
1338,14:52:07,22.8,0.0,5,11400,买盘
1339,14:52:10,22.8,0.0,4,9120,买盘
1340,14:52:13,22.78,-0.02,50,113900,卖盘
1341,14:52:16,22.78,0.0,19,43292,卖盘
1342,14:52:28,22.78,0.0,67,152606,买盘
1343,14:52:34,22.77,-0.01,2,4554,卖盘
1344,14:52:37,22.77,0.0,14,31880,买盘
1345,14:52:43,22.77,0.0,5,11385,买盘
1346,14:52:49,22.75,-0.02,18,40956,卖盘
1347,14:52:52,22.75,0.0,2,4550,买盘
1348,14:53:01,22.74,-0.01,4,9096,卖盘
1349,14:53:04,22.71,-0.03,28,63632,卖盘
1350,14:53:07,22.75,0.04,16,36395,买盘
1351,14:53:10,22.74,-0.01,1,2274,买盘
1352,14:53:13,22.71,-0.03,26,59046,卖盘
1353,14:53:22,22.75,0.04,78,177426,买盘
1354,14:53:25,22.75,0.0,5,11375,卖盘
1355,14:53:28,22.73,-0.02,102,231981,卖盘
1356,14:53:34,22.75,0.02,42,95520,买盘
1357,14:53:37,22.76,0.01,10,22728,买盘
1358,14:53:43,22.71,-0.05,16,36342,卖盘
1359,14:53:49,22.71,0.0,15,34075,卖盘
1360,14:53:52,22.74,0.03,8,18192,卖盘
1361,14:53:55,22.74,0.0,13,29562,卖盘
1362,14:54:01,22.74,0.0,129,293661,卖盘
1363,14:54:04,22.76,0.02,5,11380,中性盘
1364,14:54:07,22.76,0.0,28,63728,卖盘
1365,14:54:13,22.78,0.02,20,45560,买盘
1366,14:54:16,22.81,0.03,63,143645,买盘
1367,14:54:22,22.81,0.0,45,102645,卖盘
1368,14:54:28,22.84,0.03,23,52502,买盘
1369,14:54:31,22.86,0.02,12,27410,买盘
1370,14:54:34,22.86,0.0,5,11430,卖盘
1371,14:54:43,22.87,0.01,1,2287,买盘
1372,14:54:46,22.87,0.0,34,77784,卖盘
1373,14:54:52,22.88,0.01,45,103235,买盘
1374,14:54:55,22.88,0.0,5,11440,卖盘
1375,14:54:58,22.87,-0.01,70,159822,卖盘
1376,14:55:01,22.87,0.0,13,30005,买盘
1377,14:55:07,22.96,0.09,21,48216,买盘
1378,14:55:13,22.96,0.0,5,11480,卖盘
1379,14:55:16,22.96,0.0,49,112504,卖盘
1380,14:55:19,22.88,-0.08,16,36713,卖盘
1381,14:55:22,22.86,-0.02,300,685752,卖盘
1382,14:55:25,22.86,0.0,2,4572,买盘
1383,14:55:34,22.86,0.0,8,18288,买盘
1384,14:55:37,22.88,0.02,191,438838,买盘
1385,14:55:43,22.98,0.1,10,22980,卖盘
1386,14:55:46,22.85,-0.13,19,43421,卖盘
1387,14:56:16,22.88,0.03,11,25186,卖盘
1388,14:56:19,22.86,-0.02,12,27443,卖盘
1389,14:56:22,22.93,0.07,2,4586,买盘
1390,14:56:28,22.86,-0.07,47,107447,卖盘
1391,14:56:34,22.9,0.04,5,11450,买盘
1392,14:56:37,22.93,0.03,24,55032,买盘
1393,14:56:55,23.09,0.16,60,138505,买盘
1394,14:56:58,23.09,0.0,1,2309,卖盘
1395,15:00:05,23.14,0.05,446,1032044,卖盘
