,time,price,change,volume,amount,type
0,09:25:05,22.88,-0.23,100,228800,卖盘
1,09:30:05,22.88,0.0,1,2288,卖盘
2,09:30:07,22.7,-0.18,27,61483,卖盘
3,09:30:10,22.8,0.1,14,31900,买盘
4,09:30:16,22.77,-0.03,5,11385,中性盘
5,09:30:22,22.8,0.03,7,15945,买盘
6,09:30:25,22.8,0.0,11,25080,买盘
7,09:30:31,22.8,0.0,3,6840,买盘
8,09:30:34,22.8,0.0,15,34200,买盘
9,09:30:37,22.8,0.0,10,22800,买盘
10,09:30:40,22.8,0.0,43,98040,买盘
11,09:30:43,22.8,0.0,29,66120,买盘
12,09:30:55,22.77,-0.03,13,29601,卖盘
13,09:31:01,22.77,0.0,20,45545,卖盘
14,09:31:10,22.74,-0.03,6,13647,卖盘
15,09:31:13,22.77,0.03,15,34143,买盘
16,09:31:31,22.75,-0.02,1,2275,卖盘
17,09:31:34,22.77,0.02,17,38707,买盘
18,09:31:40,22.75,-0.02,3,6825,卖盘
19,09:31:46,22.75,0.0,3,6825,卖盘
20,09:31:52,22.76,0.01,4,9104,中性盘
21,09:31:58,22.75,-0.01,5,11379,卖盘
22,09:32:01,22.77,0.02,10,22770,买盘
23,09:32:07,22.77,0.0,9,20493,卖盘
24,09:32:10,22.77,0.0,1,2277,卖盘
25,09:32:13,22.8,0.03,6,13677,买盘
26,09:32:19,22.8,0.0,30,68400,买盘
27,09:32:28,22.8,0.0,14,31920,买盘
28,09:32:31,22.8,0.0,1,2280,卖盘
29,09:32:34,22.79,-0.01,51,116267,卖盘
30,09:32:40,22.79,0.0,1,2279,买盘
31,09:32:43,22.79,0.0,63,143577,买盘
32,09:32:46,22.79,0.0,2,4558,买盘
33,09:32:52,22.79,0.0,11,25049,买盘
34,09:33:01,22.79,0.0,10,22790,买盘
35,09:33:07,22.77,-0.02,36,81978,卖盘
36,09:33:10,22.79,0.02,44,100198,买盘
37,09:33:16,22.79,0.0,1,2279,买盘
38,09:33:25,22.79,0.0,20,45584,卖盘
39,09:33:28,22.78,-0.01,6,13668,买盘
40,09:33:31,22.78,0.0,3,6834,买盘
41,09:33:34,22.77,-0.01,1,2277,卖盘
42,09:33:37,22.78,0.01,15,34170,买盘
43,09:33:40,22.77,-0.01,3,6831,卖盘
44,09:33:49,22.78,0.01,1,2278,买盘
45,09:33:55,22.77,-0.01,4,9108,卖盘
46,09:33:58,22.77,0.0,5,11385,买盘
47,09:34:07,22.75,-0.02,23,52325,卖盘
48,09:34:10,22.75,0.0,7,15925,卖盘
49,09:34:13,22.75,0.0,4,9100,卖盘
50,09:34:19,22.75,0.0,8,18200,卖盘
51,09:34:25,22.76,0.01,16,36416,买盘
52,09:34:40,22.76,0.0,10,22760,卖盘
53,09:34:46,22.76,0.0,31,70556,卖盘
54,09:34:52,22.77,0.01,6,13661,买盘
55,09:34:58,22.77,0.0,10,22770,买盘
56,09:35:10,22.76,-0.01,50,113800,卖盘
57,09:35:13,22.77,0.01,2,4554,买盘
58,09:35:16,22.77,0.0,5,11383,买盘
59,09:35:28,22.77,0.0,1,2277,买盘
60,09:35:31,22.77,0.0,19,43243,买盘
61,09:35:40,22.77,0.0,64,145719,买盘
62,09:35:43,22.76,-0.01,2,4552,卖盘
63,09:35:52,22.76,0.0,15,34140,卖盘
64,09:35:55,22.76,0.0,3,6828,卖盘
65,09:36:01,22.76,0.0,11,25036,卖盘
66,09:36:13,22.75,-0.01,16,36400,卖盘
67,09:36:16,22.76,0.01,5,11379,买盘
68,09:36:25,22.76,0.0,10,22756,买盘
69,09:36:37,22.73,-0.03,2,4546,卖盘
70,09:36:40,22.74,0.01,5,11370,卖盘
71,09:36:43,22.74,0.0,2,4548,卖盘
72,09:36:46,22.74,0.0,1,2274,卖盘
73,09:36:49,22.75,0.01,5,11375,买盘
74,09:36:58,22.73,-0.02,12,27288,卖盘
75,09:37:07,22.75,0.02,3,6821,买盘
76,09:37:10,22.73,-0.02,9,20473,卖盘
77,09:37:13,22.74,0.01,6,13643,中性盘
78,09:37:16,22.73,-0.01,17,38646,卖盘
79,09:37:28,22.73,0.0,18,40923,卖盘
80,09:37:40,22.73,0.0,10,22730,卖盘
81,09:37:49,22.76,0.03,15,34125,买盘
82,09:37:55,22.76,0.0,4,9104,卖盘
83,09:38:01,22.76,0.0,3,6828,卖盘
84,09:38:07,22.76,0.0,7,15932,卖盘
85,09:38:19,22.76,0.0,4,9104,买盘
86,09:38:25,22.74,-0.02,5,11378,卖盘
87,09:38:28,22.76,0.02,2,4552,中性盘
88,09:38:43,22.77,0.01,1,2277,买盘
89,09:38:46,22.77,0.0,59,134343,买盘
90,09:38:58,22.77,0.0,3,6831,买盘
91,09:39:04,22.77,0.0,20,45540,买盘
92,09:39:10,22.77,0.0,5,11385,买盘
93,09:39:13,22.77,0.0,4,9108,买盘
94,09:39:25,22.78,0.01,5,11390,买盘
95,09:39:49,22.8,0.02,5,11400,买盘
96,09:40:04,22.9,0.1,5,11450,买盘
97,09:40:10,22.9,0.0,29,66410,买盘
98,09:40:13,22.9,0.0,5,11450,卖盘
99,09:40:52,22.91,0.01,1,2291,卖盘
100,09:40:55,22.95,0.04,1,2295,买盘
101,09:40:58,22.95,0.0,4,9180,买盘
102,09:41:01,22.95,0.0,11,25245,卖盘
103,09:41:13,22.9,-0.05,30,68704,卖盘
104,09:41:31,22.9,0.0,33,75567,买盘
105,09:41:55,22.84,-0.06,3,6852,卖盘
106,09:42:04,22.83,-0.01,55,125761,卖盘
107,09:42:19,22.9,0.07,5,11450,买盘
108,09:42:34,22.93,0.03,1,2293,买盘
109,09:42:43,22.9,-0.03,65,148970,卖盘
110,09:42:46,22.9,0.0,8,18320,买盘
111,09:42:49,22.9,0.0,27,61830,买盘
112,09:42:52,22.9,0.0,7,16030,买盘
113,09:42:55,22.9,0.0,6,13740,买盘
114,09:42:58,22.9,0.0,17,38930,买盘
115,09:43:04,22.9,0.0,3,6870,卖盘
116,09:43:10,22.9,0.0,3,6870,买盘
117,09:43:13,22.9,0.0,5,11450,买盘
118,09:43:22,22.88,-0.02,5,11440,卖盘
119,09:43:25,22.9,0.02,4,9160,买盘
120,09:43:28,22.88,-0.02,2,4576,卖盘
121,09:43:40,22.88,0.0,1,2288,买盘
122,09:43:52,22.87,-0.01,13,29743,卖盘
123,09:44:04,22.87,0.0,5,11435,买盘
124,09:44:13,22.87,0.0,7,16009,买盘
125,09:44:16,22.87,0.0,2,4574,卖盘
126,09:44:22,22.88,0.01,1,2288,卖盘
127,09:44:28,22.88,0.0,1,2288,卖盘
128,09:44:31,22.9,0.02,39,89294,买盘
129,09:44:37,22.88,-0.02,7,16016,卖盘
130,09:44:43,22.9,0.02,7,16030,买盘
131,09:44:46,22.9,0.0,29,66410,买盘
132,09:44:49,22.9,0.0,16,36640,买盘
133,09:45:07,22.95,0.05,23,52785,中性盘
134,09:45:10,22.95,0.0,14,32130,买盘
135,09:45:13,22.95,0.0,28,64260,买盘
136,09:45:19,22.95,0.0,3,6885,买盘
137,09:45:22,22.95,0.0,20,45900,买盘
138,09:45:25,22.95,0.0,5,11475,买盘
139,09:45:28,22.92,-0.03,1,2292,卖盘
140,09:45:43,22.95,0.03,47,107865,买盘
141,09:45:52,22.98,0.03,13,29874,买盘
142,09:46:01,22.98,0.0,5,11494,卖盘
143,09:46:04,22.98,0.0,76,174669,卖盘
144,09:46:07,22.98,0.0,5,11490,买盘
145,09:46:10,22.98,0.0,56,128688,买盘
146,09:46:13,22.98,0.0,7,16086,买盘
147,09:46:16,22.98,0.0,18,41362,买盘
148,09:46:22,22.97,-0.01,13,29855,买盘
149,09:46:34,22.95,-0.02,2,4590,买盘
150,09:46:46,22.95,0.0,1,2295,卖盘
151,09:46:49,22.95,0.0,15,34425,卖盘
152,09:46:52,22.95,0.0,4,9180,买盘
153,09:46:55,22.97,0.02,20,45904,买盘
154,09:47:04,23.0,0.03,27,62084,买盘
155,09:47:07,23.0,0.0,1,2300,卖盘
156,09:47:16,23.0,0.0,1,2300,卖盘
157,09:47:28,22.98,-0.02,1,2298,卖盘
158,09:47:31,22.98,0.0,1,2298,卖盘
159,09:47:37,23.0,0.02,11,25294,买盘
160,09:47:52,22.98,-0.02,8,18398,卖盘
161,09:47:58,22.98,0.0,13,29874,卖盘
162,09:48:01,22.98,0.0,1,2298,买盘
163,09:48:10,22.98,0.0,7,16086,买盘
164,09:48:16,22.97,-0.01,2,4594,卖盘
165,09:48:28,22.98,0.01,41,94218,买盘
166,09:48:31,22.98,0.0,2,4596,买盘
167,09:48:37,22.98,0.0,27,62046,买盘
168,09:48:58,22.99,0.01,10,22990,卖盘
169,09:49:01,23.0,0.01,12,27600,买盘
170,09:49:16,23.0,0.0,8,18400,买盘
171,09:49:28,23.01,0.01,5,11505,买盘
172,09:49:34,23.01,0.0,5,11505,中性盘
173,09:49:40,23.1,0.09,13,29971,买盘
174,09:50:01,23.1,0.0,1,2310,买盘
175,09:50:22,23.15,0.05,19,43985,卖盘
176,09:50:34,23.1,-0.05,4,9240,卖盘
177,09:50:37,23.1,0.0,2,4620,卖盘
178,09:50:40,23.1,0.0,1,2310,卖盘
179,09:50:43,23.1,0.0,1,2310,卖盘
180,09:50:46,23.1,0.0,15,34690,卖盘
181,09:50:49,23.1,0.0,4,9240,卖盘
182,09:50:52,23.1,0.0,5,11550,卖盘
183,09:50:55,23.12,0.02,2,4623,买盘
184,09:50:58,23.1,-0.02,12,27725,卖盘
185,09:51:01,23.13,0.03,51,117954,买盘
186,09:51:22,23.11,-0.02,3,6933,买盘
187,09:51:25,23.11,0.0,2,4622,买盘
188,09:51:37,23.1,-0.01,145,334954,卖盘
189,09:51:46,23.1,0.0,2,4620,买盘
190,09:52:52,23.09,-0.01,22,50657,买盘
191,09:53:01,23.02,-0.07,3,6906,卖盘
192,09:53:10,23.02,0.0,7,16117,卖盘
193,09:53:22,23.02,0.0,1,2302,买盘
194,09:53:25,23.01,-0.01,10,23010,卖盘
195,09:53:28,23.01,0.0,1,2301,卖盘
196,09:53:31,23.01,0.0,15,34525,卖盘
197,09:53:37,23.02,0.01,37,85174,买盘
198,09:53:43,23.01,-0.01,3,6905,卖盘
199,09:54:04,23.01,0.0,24,55247,卖盘
200,09:54:10,23.01,0.0,6,13806,卖盘
201,09:54:13,23.01,0.0,3,6903,买盘
202,09:54:28,23.01,0.0,1,2301,买盘
203,09:54:49,23.0,-0.01,5,11500,卖盘
204,09:54:55,23.0,0.0,4,9200,卖盘
205,09:55:01,23.06,0.06,5,11530,买盘
206,09:55:04,23.0,-0.06,4,9200,卖盘
207,09:55:49,23.0,0.0,1,2300,买盘
208,09:55:58,22.97,-0.03,50,114906,卖盘
209,09:56:04,23.0,0.03,5,11500,中性盘
210,09:56:25,22.99,-0.01,6,13794,买盘
211,09:56:31,22.99,0.0,13,29881,买盘
212,09:57:13,23.0,0.01,2,4600,卖盘
213,09:57:25,22.99,-0.01,46,105799,卖盘
214,09:57:52,22.99,0.0,5,11495,卖盘
215,09:58:13,23.0,0.01,1,2300,卖盘
216,09:59:01,23.0,0.0,10,23000,卖盘
217,09:59:07,23.0,0.0,1,2300,卖盘
218,10:00:04,23.0,0.0,3,6900,卖盘
219,10:00:19,23.01,0.01,10,23010,卖盘
220,10:00:37,23.05,0.04,10,23050,买盘
221,10:01:10,23.06,0.01,12,27672,买盘
222,10:01:34,23.09,0.03,9,20781,买盘
223,10:01:46,23.09,0.0,1,2309,买盘
224,10:01:49,23.09,0.0,4,9236,买盘
225,10:01:52,23.06,-0.03,8,18448,卖盘
226,10:01:55,23.09,0.03,11,25399,买盘
227,10:01:58,23.09,0.0,4,9236,卖盘
228,10:02:01,23.09,0.0,1,2309,卖盘
229,10:02:13,23.09,0.0,4,9236,卖盘
230,10:02:28,23.08,-0.01,2,4616,买盘
231,10:02:31,23.06,-0.02,17,39202,卖盘
232,10:02:43,23.06,0.0,3,6918,买盘
233,10:02:55,23.06,0.0,1,2306,卖盘
234,10:03:19,23.01,-0.05,1,2301,卖盘
235,10:03:28,23.01,0.0,13,29913,卖盘
236,10:03:31,23.01,0.0,1,2301,买盘
237,10:04:07,23.01,0.0,3,6903,买盘
238,10:04:13,22.94,-0.07,26,59734,卖盘
239,10:04:19,22.94,0.0,10,22940,买盘
240,10:04:40,22.92,-0.02,1,2292,卖盘
241,10:04:43,22.92,0.0,1,2292,卖盘
242,10:04:46,22.94,0.02,2,4588,买盘
243,10:04:49,22.92,-0.02,5,11460,卖盘
244,10:04:52,22.92,0.0,10,22920,卖盘
245,10:05:04,22.92,0.0,10,22920,卖盘
246,10:05:10,22.92,0.0,29,66508,卖盘
247,10:05:19,22.92,0.0,13,29796,卖盘
248,10:05:37,22.92,0.0,88,201708,卖盘
249,10:06:10,22.92,0.0,1,2292,卖盘
250,10:06:19,22.98,0.06,1,2298,买盘
251,10:06:22,22.9,-0.08,31,71004,卖盘
252,10:06:28,22.9,0.0,3,6870,买盘
253,10:06:31,22.9,0.0,16,36640,买盘
254,10:06:55,22.88,-0.02,10,22896,卖盘
255,10:07:19,22.89,0.01,74,169386,卖盘
256,10:07:55,22.9,0.01,17,38930,卖盘
257,10:08:49,22.9,0.0,59,135145,卖盘
258,10:08:58,22.89,-0.01,36,82404,卖盘
259,10:09:25,22.88,-0.01,6,13729,卖盘
260,10:09:40,22.89,0.01,8,18312,买盘
261,10:09:58,22.89,0.0,7,16023,卖盘
262,10:10:13,22.89,0.0,1,2289,卖盘
263,10:10:34,22.9,0.01,10,22900,买盘
264,10:11:07,22.89,-0.01,1,2289,卖盘
265,10:11:10,22.89,0.0,5,11445,买盘
266,10:11:25,22.88,-0.01,44,100672,卖盘
267,10:11:37,22.87,-0.01,15,34305,卖盘
268,10:11:40,22.87,0.0,17,38879,卖盘
269,10:11:43,22.87,0.0,19,43453,卖盘
270,10:12:19,22.87,0.0,6,13722,买盘
271,10:12:31,22.86,-0.01,33,75438,卖盘
272,10:12:37,22.85,-0.01,20,45700,卖盘
273,10:12:43,22.85,0.0,2,4570,卖盘
274,10:12:58,22.85,0.0,10,22850,买盘
275,10:13:01,22.85,0.0,3,6855,买盘
276,10:13:13,22.85,0.0,13,29705,买盘
277,10:13:25,22.84,-0.01,4,9136,卖盘
278,10:13:40,22.84,0.0,20,45680,卖盘
279,10:13:43,22.84,0.0,1,2284,卖盘
280,10:14:04,22.83,-0.01,2,4566,卖盘
281,10:14:10,22.83,0.0,18,41094,卖盘
282,10:14:19,22.84,0.01,4,9134,买盘
283,10:14:25,22.8,-0.04,100,228076,卖盘
284,10:14:49,22.78,-0.02,36,82053,卖盘
285,10:14:52,22.8,0.02,1,2280,中性盘
286,10:14:58,22.8,0.0,4,9120,买盘
287,10:15:01,22.8,0.0,2,4560,卖盘
288,10:15:16,22.8,0.0,7,15960,卖盘
289,10:15:19,22.8,0.0,19,43335,卖盘
290,10:15:37,22.78,-0.02,6,13668,卖盘
291,10:15:40,22.8,0.02,4,9118,买盘
292,10:15:43,22.8,0.0,2,4560,买盘
293,10:16:10,22.8,0.0,3,6840,买盘
294,10:16:40,22.84,0.04,10,22840,买盘
295,10:17:01,22.83,-0.01,10,22830,买盘
296,10:17:19,22.83,0.0,5,11415,买盘
297,10:17:46,22.81,-0.02,17,38794,卖盘
298,10:18:13,22.83,0.02,2,4566,卖盘
299,10:18:46,22.83,0.0,3,6849,买盘
300,10:18:55,22.81,-0.02,3,6843,卖盘
301,10:19:13,22.8,-0.01,1,2280,卖盘
302,10:19:16,22.8,0.0,5,11400,买盘
303,10:19:25,22.8,0.0,10,22800,买盘
304,10:19:28,22.77,-0.03,10,22783,卖盘
305,10:19:31,22.8,0.03,2,4560,买盘
306,10:19:37,22.8,0.0,18,41040,卖盘
307,10:19:40,22.75,-0.05,100,227540,卖盘
308,10:19:55,22.75,0.0,11,25025,卖盘
309,10:20:22,22.76,0.01,1,2276,卖盘
310,10:20:34,22.73,-0.03,100,227401,卖盘
311,10:21:07,22.76,0.03,1,2276,买盘
312,10:21:34,22.76,0.0,1,2276,买盘
313,10:21:40,22.76,0.0,5,11392,卖盘
314,10:21:43,22.8,0.04,1,2280,买盘
315,10:22:01,22.73,-0.07,40,90953,卖盘
316,10:22:25,22.71,-0.02,87,197730,卖盘
317,10:22:37,22.72,0.01,10,22720,中性盘
318,10:23:22,22.74,0.02,2,4548,卖盘
319,10:23:25,22.74,0.0,2,4548,买盘
320,10:23:28,22.74,0.0,2,4548,买盘
321,10:23:40,22.74,0.0,2,4548,卖盘
322,10:23:46,22.74,0.0,4,9096,卖盘
323,10:24:25,22.75,0.01,18,40950,卖盘
324,10:24:28,22.76,0.01,5,11380,买盘
325,10:24:55,22.76,0.0,1,2276,卖盘
326,10:24:58,22.8,0.04,1,2280,买盘
327,10:25:19,22.8,0.0,15,34200,卖盘
328,10:25:25,22.81,0.01,3,6843,买盘
329,10:25:58,22.83,0.02,6,13698,买盘
330,10:26:40,22.83,0.0,5,11415,买盘
331,10:26:49,22.83,0.0,2,4566,卖盘
332,10:26:52,22.88,0.05,5,11440,买盘
333,10:27:16,22.88,0.0,17,38900,卖盘
334,10:27:19,22.94,0.06,40,91548,买盘
335,10:27:31,22.94,0.0,1,2294,买盘
336,10:27:43,22.94,0.0,12,27528,买盘
337,10:27:46,22.94,0.0,2,4588,买盘
338,10:28:13,22.9,-0.04,2,4580,卖盘
339,10:28:24,22.9,0.0,1,2290,买盘
340,10:29:25,22.9,0.0,1,2290,卖盘
341,10:29:51,22.92,0.02,8,18336,买盘
342,10:30:01,22.9,-0.02,3,6870,卖盘
343,10:30:58,22.85,-0.05,14,31990,卖盘
344,10:31:16,22.83,-0.02,68,155244,卖盘
345,10:31:19,22.85,0.02,10,22846,买盘
346,10:33:22,22.9,0.05,60,137360,买盘
347,10:33:34,22.85,-0.05,2,4570,卖盘
348,10:34:16,22.86,0.01,2,4572,卖盘
349,10:34:49,22.87,0.01,1,2287,卖盘
350,10:35:13,22.85,-0.02,37,84573,卖盘
351,10:35:28,22.85,0.0,13,29705,买盘
352,10:35:46,22.85,0.0,4,9140,卖盘
353,10:35:58,22.85,0.0,5,11425,卖盘
354,10:36:13,22.85,0.0,68,155380,卖盘
355,10:36:22,22.86,0.01,19,43423,买盘
356,10:36:25,22.86,0.0,3,6858,卖盘
357,10:36:34,22.86,0.0,68,155448,卖盘
358,10:36:46,22.85,-0.01,1,2285,卖盘
359,10:36:55,22.85,0.0,4,9140,买盘
360,10:37:07,22.81,-0.04,3,6843,卖盘
361,10:37:28,22.81,0.0,2,4562,卖盘
362,10:37:37,22.81,0.0,19,43339,买盘
363,10:37:46,22.86,0.05,18,41147,买盘
364,10:37:49,22.86,0.0,1,2286,卖盘
365,10:38:10,22.93,0.07,6,13758,买盘
366,10:41:04,22.89,-0.04,1,2289,买盘
367,10:41:40,22.9,0.01,47,107630,买盘
368,10:41:42,22.9,0.0,7,16030,卖盘
369,10:41:46,22.89,-0.01,63,144223,卖盘
370,10:41:52,22.81,-0.08,100,228440,卖盘
371,10:41:58,22.81,0.0,10,22810,卖盘
372,10:42:21,22.83,0.02,8,18264,卖盘
373,10:42:25,22.83,0.0,2,4566,卖盘
374,10:43:10,22.83,0.0,35,79905,卖盘
375,10:43:25,22.83,0.0,4,9132,卖盘
376,10:43:46,22.83,0.0,5,11415,卖盘
377,10:43:58,22.82,-0.01,24,54774,卖盘
378,10:45:04,22.84,0.02,1,2284,卖盘
379,10:45:39,22.88,0.04,17,38896,买盘
380,10:45:55,22.88,0.0,12,27456,卖盘
381,10:46:01,22.88,0.0,10,22880,卖盘
382,10:46:10,22.89,0.01,2,4578,买盘
383,10:46:48,22.89,0.0,15,34321,买盘
384,10:47:13,22.88,-0.01,12,27456,卖盘
385,10:47:19,22.85,-0.03,3,6855,卖盘
386,10:47:25,22.85,0.0,4,9140,卖盘
387,10:47:34,22.84,-0.01,8,18275,卖盘
388,10:47:52,22.85,0.01,11,25135,买盘
389,10:48:16,22.85,0.0,10,22850,卖盘
390,10:48:37,22.85,0.0,10,22850,卖盘
391,10:48:43,22.85,0.0,2,4570,卖盘
392,10:48:46,22.85,0.0,20,45700,卖盘
393,10:49:40,22.85,0.0,1,2285,卖盘
394,10:49:43,22.85,0.0,8,18280,卖盘
395,10:50:16,22.88,0.03,13,29744,买盘
396,10:50:25,22.89,0.01,146,334194,买盘
397,10:50:43,22.9,0.01,3,6870,买盘
398,10:50:52,22.9,0.0,5,11450,买盘
399,10:50:58,22.9,0.0,9,20610,买盘
400,10:51:13,22.9,0.0,14,32060,买盘
401,10:52:48,22.9,0.0,4,9160,卖盘
402,10:53:25,22.9,0.0,4,9160,卖盘
403,10:54:34,22.92,0.02,3,6876,买盘
404,10:54:58,22.9,-0.02,1,2290,卖盘
405,10:55:27,22.9,0.0,1,2290,卖盘
406,10:55:31,22.9,0.0,6,13740,卖盘
407,10:56:13,22.89,-0.01,17,38913,卖盘
408,10:56:37,22.9,0.01,1,2290,买盘
409,10:56:48,22.88,-0.02,15,34326,卖盘
410,10:57:37,22.88,0.0,5,11440,卖盘
411,10:57:48,22.89,0.01,3,6867,买盘
412,10:58:19,22.89,0.0,10,22890,买盘
413,10:58:34,22.89,0.0,13,29757,买盘
414,10:58:36,22.89,0.0,1,2289,卖盘
415,10:59:34,22.9,0.01,9,20610,买盘
416,10:59:46,22.92,0.02,2,4584,买盘
417,11:00:01,22.92,0.0,1,2292,卖盘
418,11:00:07,22.92,0.0,10,22928,卖盘
419,11:01:40,22.9,-0.02,1,2290,卖盘
420,11:01:46,22.89,-0.01,4,9156,卖盘
421,11:01:52,22.89,0.0,1,2289,卖盘
422,11:01:58,22.86,-0.03,20,45723,卖盘
423,11:02:54,22.86,0.0,12,27432,卖盘
424,11:03:30,22.86,0.0,9,20574,买盘
425,11:03:55,22.84,-0.02,2,4568,卖盘
426,11:04:33,22.8,-0.04,2,4560,卖盘
427,11:04:49,22.86,0.06,3,6858,买盘
428,11:04:52,22.8,-0.06,3,6840,卖盘
429,11:05:25,22.81,0.01,6,13686,卖盘
430,11:06:25,22.83,0.02,10,22830,卖盘
431,11:06:58,22.83,0.0,2,4566,卖盘
432,11:07:07,22.83,0.0,3,6849,卖盘
433,11:07:19,22.83,0.0,5,11415,卖盘
434,11:07:22,22.83,0.0,2,4566,卖盘
435,11:07:43,22.85,0.02,1,2285,买盘
436,11:07:46,22.83,-0.02,5,11415,卖盘
437,11:08:04,22.85,0.02,11,25135,买盘
438,11:08:25,22.85,0.0,19,43415,卖盘
439,11:09:31,22.85,0.0,4,9140,买盘
440,11:09:46,22.85,0.0,29,66265,买盘
441,11:09:55,22.86,0.01,16,36576,买盘
442,11:09:58,22.85,-0.01,2,4570,卖盘
443,11:10:04,22.86,0.01,1,2286,买盘
444,11:10:25,22.85,-0.01,5,11427,卖盘
445,11:11:21,22.85,0.0,56,127960,卖盘
446,11:11:34,22.85,0.0,15,34275,买盘
447,11:11:48,22.83,-0.02,2,4566,卖盘
448,11:12:31,22.81,-0.02,1,2281,卖盘
449,11:12:58,22.83,0.02,6,13698,买盘
450,11:13:52,22.85,0.02,200,456873,买盘
451,11:14:00,22.81,-0.04,15,34215,卖盘
452,11:14:04,22.85,0.04,66,150798,买盘
453,11:14:22,22.88,0.03,47,107536,买盘
454,11:14:34,22.89,0.01,15,34335,买盘
455,11:14:37,22.85,-0.04,10,22850,卖盘
456,11:15:19,22.85,0.0,10,22850,卖盘
457,11:16:58,22.83,-0.02,2,4566,卖盘
458,11:17:07,22.83,0.0,1,2283,卖盘
459,11:17:52,22.85,0.02,4,9140,买盘
460,11:18:07,22.85,0.0,1,2285,买盘
461,11:18:40,22.85,0.0,7,15995,卖盘
462,11:19:01,22.85,0.0,20,45700,卖盘
463,11:20:01,22.85,0.0,1,2285,卖盘
464,11:21:37,22.85,0.0,6,13710,卖盘
465,11:22:04,22.85,0.0,20,45700,卖盘
466,11:22:07,22.86,0.01,5,11430,买盘
467,11:22:55,22.95,0.09,143,327715,买盘
468,11:23:10,22.95,0.0,3,6885,卖盘
469,11:23:22,22.96,0.01,1,2296,买盘
470,11:23:55,22.96,0.0,5,11480,卖盘
471,11:23:58,22.96,0.0,1,2296,卖盘
472,11:24:00,22.96,0.0,3,6888,卖盘
473,11:24:04,22.96,0.0,1,2296,买盘
474,11:24:12,22.96,0.0,11,25256,买盘
475,11:28:13,22.87,-0.09,6,13722,卖盘
476,11:28:25,22.86,-0.01,2,4572,卖盘
477,11:28:31,22.87,0.01,4,9148,买盘
478,11:29:54,22.87,0.0,10,22870,卖盘
479,13:00:07,22.94,0.07,12,27501,买盘
480,13:00:10,22.87,-0.07,3,6861,卖盘
481,13:00:58,22.87,0.0,50,114350,卖盘
482,13:01:13,22.87,0.0,15,34305,卖盘
483,13:01:22,22.87,0.0,13,29731,卖盘
484,13:01:25,22.88,0.01,10,22880,卖盘
485,13:01:34,22.88,0.0,30,68640,卖盘
486,13:02:09,22.88,0.0,1,2288,卖盘
487,13:02:49,22.88,0.0,5,11440,卖盘
488,13:03:16,22.88,0.0,1,2288,卖盘
489,13:03:49,22.88,0.0,3,6864,卖盘
490,13:05:25,22.82,-0.06,24,54774,卖盘
491,13:05:43,22.82,0.0,1,2282,买盘
492,13:05:55,22.81,-0.01,5,11405,卖盘
493,13:06:43,22.81,0.0,2,4562,卖盘
494,13:06:52,22.8,-0.01,10,22802,卖盘
495,13:07:13,22.8,0.0,68,155190,卖盘
496,13:07:19,22.87,0.07,18,41094,买盘
497,13:07:22,22.87,0.0,30,68610,卖盘
498,13:07:58,22.88,0.01,1,2288,买盘
499,13:08:19,22.88,0.0,18,41184,买盘
500,13:08:28,22.88,0.0,5,11440,卖盘
501,13:08:52,22.91,0.03,4,9164,买盘
502,13:09:13,22.88,-0.03,15,34320,卖盘
503,13:09:43,22.88,0.0,10,22880,卖盘
504,13:09:49,22.88,0.0,12,27456,卖盘
505,13:11:25,22.88,0.0,17,38896,买盘
506,13:11:34,22.88,0.0,30,68640,卖盘
507,13:11:37,22.88,0.0,1,2288,卖盘
508,13:11:40,22.88,0.0,10,22880,卖盘
509,13:11:46,22.88,0.0,2,4576,卖盘
510,13:12:22,22.9,0.02,31,70990,买盘
511,13:12:46,22.9,0.0,3,6870,卖盘
512,13:13:25,22.88,-0.02,21,48048,卖盘
513,13:13:28,22.88,0.0,2,4576,卖盘
514,13:14:00,22.88,0.0,7,16016,卖盘
515,13:14:04,22.88,0.0,5,11440,卖盘
516,13:14:10,22.9,0.02,13,29770,买盘
517,13:14:13,22.88,-0.02,10,22880,卖盘
518,13:14:22,22.88,0.0,22,50336,卖盘
519,13:14:49,22.88,0.0,20,45760,卖盘
520,13:14:51,22.9,0.02,5,11450,买盘
521,13:14:55,22.88,-0.02,4,9152,卖盘
522,13:14:58,22.88,0.0,1,2288,卖盘
523,13:15:52,22.88,0.0,2,4576,卖盘
524,13:16:04,22.9,0.02,1,2290,买盘
525,13:16:30,22.89,-0.01,1,2289,买盘
526,13:16:52,22.87,-0.02,6,13726,卖盘
527,13:17:04,22.87,0.0,31,70897,买盘
528,13:17:10,22.87,0.0,1,2287,卖盘
529,13:17:25,22.87,0.0,10,22870,卖盘
530,13:18:15,22.8,-0.07,2,4560,卖盘
531,13:18:43,22.8,0.0,50,114016,卖盘
532,13:18:46,22.85,0.05,10,22850,买盘
533,13:19:04,22.85,0.0,2,4570,卖盘
534,13:20:19,22.8,-0.05,1,2280,卖盘
535,13:20:30,22.85,0.05,25,57125,买盘
536,13:20:43,22.85,0.0,1,2285,卖盘
537,13:20:46,22.85,0.0,20,45700,卖盘
538,13:20:52,22.85,0.0,7,15995,卖盘
539,13:20:55,22.85,0.0,7,15995,卖盘
540,13:21:04,22.8,-0.05,91,207974,卖盘
541,13:21:07,22.87,0.07,31,70897,买盘
542,13:21:13,22.87,0.0,40,91480,卖盘
543,13:21:16,22.87,0.0,1,2287,卖盘
544,13:22:05,22.88,0.01,16,36608,买盘
545,13:22:19,22.9,0.02,22,50380,买盘
546,13:23:28,22.91,0.01,7,16037,买盘
547,13:23:37,22.9,-0.01,3,6870,卖盘
548,13:23:55,22.9,0.0,25,57230,买盘
549,13:24:37,22.9,0.0,2,4580,买盘
550,13:26:07,22.87,-0.03,1,2287,卖盘
551,13:26:49,22.87,0.0,5,11435,卖盘
552,13:28:16,22.82,-0.05,11,25102,卖盘
553,13:28:28,22.82,0.0,1,2282,卖盘
554,13:28:30,22.9,0.08,80,183148,买盘
555,13:28:34,22.82,-0.08,10,22820,卖盘
556,13:28:43,22.82,0.0,16,36512,卖盘
557,13:29:34,22.83,0.01,1,2283,卖盘
558,13:29:51,22.9,0.07,30,68700,买盘
559,13:30:22,22.84,-0.06,6,13710,卖盘
560,13:30:55,22.86,0.02,7,16002,买盘
561,13:31:01,22.83,-0.03,84,191843,卖盘
562,13:31:04,22.83,0.0,2,4566,买盘
563,13:31:19,22.83,0.0,16,36528,买盘
564,13:33:37,22.83,0.0,34,77622,卖盘
565,13:34:37,22.83,0.0,7,15981,卖盘
566,13:35:09,22.88,0.05,13,29744,买盘
567,13:35:31,22.88,0.0,10,22880,卖盘
568,13:35:58,22.9,0.02,58,132808,买盘
569,13:36:16,22.88,-0.02,10,22880,卖盘
570,13:36:22,23.0,0.12,162,372334,买盘
571,13:36:37,23.0,0.0,10,23000,卖盘
572,13:36:40,23.1,0.1,159,367029,买盘
573,13:36:43,23.1,0.0,2,4620,卖盘
574,13:36:46,23.1,0.0,50,115500,卖盘
575,13:36:48,23.1,0.0,2,4620,卖盘
576,13:36:52,23.11,0.01,16,36976,买盘
577,13:36:55,23.14,0.03,43,99458,买盘
578,13:37:04,23.16,0.02,4,9264,买盘
579,13:37:07,23.16,0.0,1,2316,买盘
580,13:37:10,23.16,0.0,2,4632,买盘
581,13:37:16,23.2,0.04,104,241210,买盘
582,13:37:25,23.22,0.02,2,4644,买盘
583,13:37:28,23.22,0.0,4,9288,买盘
584,13:37:31,23.22,0.0,6,13928,买盘
585,13:37:34,23.22,0.0,18,41776,买盘
586,13:37:37,23.2,-0.02,5,11600,买盘
587,13:37:40,23.2,0.0,3,6960,买盘
588,13:37:43,23.2,0.0,1,2320,买盘
589,13:37:45,23.25,0.05,24,55794,买盘
590,13:37:52,23.2,-0.05,20,46428,卖盘
591,13:37:58,23.2,0.0,22,51038,买盘
592,13:38:07,23.2,0.0,43,99781,卖盘
593,13:38:10,23.24,0.04,3,6967,买盘
594,13:38:13,23.2,-0.04,1,2320,卖盘
595,13:38:15,23.21,0.01,22,51079,卖盘
596,13:38:19,23.2,-0.01,4,9280,卖盘
597,13:38:22,23.21,0.01,2,4642,买盘
598,13:38:24,23.2,-0.01,13,30170,卖盘
599,13:38:28,23.2,0.0,25,58003,买盘
600,13:38:30,23.2,0.0,1,2320,买盘
601,13:38:37,23.18,-0.02,8,18556,卖盘
602,13:38:40,23.18,0.0,1,2318,卖盘
603,13:38:46,23.18,0.0,32,74176,卖盘
604,13:38:55,23.17,-0.01,2,4634,卖盘
605,13:38:57,23.18,0.01,10,23168,买盘
606,13:39:04,23.14,-0.04,3,6942,卖盘
607,13:39:07,23.15,0.01,2,4630,买盘
608,13:39:10,23.18,0.03,244,565073,买盘
609,13:39:13,23.14,-0.04,1,2314,买盘
610,13:39:28,23.14,0.0,22,50908,卖盘
611,13:39:43,23.14,0.0,8,18491,买盘
612,13:39:46,23.11,-0.03,1,2311,卖盘
613,13:39:49,23.14,0.03,10,23140,买盘
614,13:39:54,23.2,0.06,115,266451,买盘
615,13:39:57,23.17,-0.03,6,13902,中性盘
616,13:40:01,23.17,0.0,30,69570,卖盘
617,13:40:04,23.17,0.0,5,11585,卖盘
618,13:40:10,23.2,0.03,3,6960,买盘
619,13:40:13,23.17,-0.03,5,11585,卖盘
620,13:40:16,23.2,0.03,61,141520,买盘
621,13:40:19,23.2,0.0,126,292796,卖盘
622,13:40:28,23.2,0.0,5,11602,卖盘
623,13:40:37,23.24,0.04,43,99935,买盘
624,13:40:42,23.3,0.06,152,353756,买盘
625,13:40:52,23.3,0.0,25,58178,买盘
626,13:40:55,23.35,0.05,39,91036,买盘
627,13:40:58,23.3,-0.05,1,2330,中性盘
628,13:41:04,23.31,0.01,3,6993,卖盘
629,13:41:06,23.35,0.04,29,67711,买盘
630,13:41:10,23.35,0.0,30,70050,卖盘
631,13:41:13,23.35,0.0,6,14010,卖盘
632,13:41:16,23.35,0.0,142,331570,卖盘
633,13:41:19,23.35,0.0,34,79390,买盘
634,13:41:22,23.31,-0.04,8,18658,中性盘
635,13:41:24,23.3,-0.01,26,60580,卖盘
636,13:41:28,23.3,0.0,56,130480,买盘
637,13:41:34,23.3,0.0,5,11650,买盘
638,13:41:37,23.29,-0.01,85,197976,卖盘
639,13:41:40,23.29,0.0,4,9316,买盘
640,13:41:43,23.29,0.0,10,23290,买盘
641,13:41:49,23.24,-0.05,15,34860,卖盘
642,13:41:51,23.24,0.0,18,41872,卖盘
643,13:41:55,23.22,-0.02,3,6966,中性盘
644,13:42:04,23.23,0.01,1,2323,中性盘
645,13:42:13,23.23,0.0,12,27869,买盘
646,13:42:34,23.15,-0.08,1,2315,卖盘
647,13:42:52,23.15,0.0,1,2315,卖盘
648,13:43:07,23.22,0.07,100,232184,买盘
649,13:43:10,23.2,-0.02,1,2320,买盘
650,13:43:16,23.2,0.0,18,41760,买盘
651,13:43:19,23.2,0.0,3,6960,卖盘
652,13:43:27,23.2,0.0,30,69600,卖盘
653,13:43:31,23.2,0.0,8,18560,卖盘
654,13:43:34,23.2,0.0,9,20880,卖盘
655,13:43:43,23.2,0.0,3,6960,买盘
656,13:43:54,23.2,0.0,20,46400,买盘
657,13:44:04,23.2,0.0,20,46400,买盘
658,13:44:10,23.2,0.0,5,11600,卖盘
659,13:44:19,23.2,0.0,4,9280,卖盘
660,13:44:27,23.22,0.02,15,34809,买盘
661,13:44:34,23.22,0.0,9,20898,卖盘
662,13:44:43,23.2,-0.02,1,2320,买盘
663,13:44:46,23.2,0.0,19,44080,卖盘
664,13:44:57,23.2,0.0,5,11600,买盘
665,13:45:07,23.2,0.0,77,178640,买盘
666,13:45:19,23.2,0.0,37,85840,卖盘
667,13:45:22,23.2,0.0,4,9280,中性盘
668,13:45:28,23.2,0.0,20,46400,买盘
669,13:45:34,23.2,0.0,10,23200,买盘
670,13:45:43,23.2,0.0,1,2320,卖盘
671,13:45:52,23.2,0.0,77,178640,卖盘
672,13:46:07,23.2,0.0,21,48720,买盘
673,13:46:10,23.19,-0.01,55,127545,卖盘
674,13:46:13,23.19,0.0,5,11595,卖盘
675,13:46:16,23.2,0.01,47,109040,买盘
676,13:46:22,23.2,0.0,10,23200,卖盘
677,13:46:31,23.2,0.0,10,23200,卖盘
678,13:46:34,23.2,0.0,4,9280,卖盘
679,13:46:49,23.2,0.0,10,23200,卖盘
680,13:46:51,23.2,0.0,5,11600,卖盘
681,13:46:58,23.19,-0.01,5,11595,卖盘
682,13:47:10,23.2,0.01,1,2320,买盘
683,13:47:13,23.19,-0.01,5,11595,卖盘
684,13:47:16,23.2,0.01,19,44080,买盘
685,13:47:52,23.22,0.02,31,71961,买盘
686,13:48:04,23.21,-0.01,8,18568,卖盘
687,13:48:10,23.2,-0.01,37,85843,卖盘
688,13:48:19,23.2,0.0,1,2320,买盘
689,13:48:22,23.19,-0.01,1,2319,卖盘
690,13:48:28,23.19,0.0,5,11595,卖盘
691,13:48:40,23.19,0.0,12,27838,卖盘
692,13:48:43,23.19,0.0,3,6957,卖盘
693,13:48:52,23.2,0.01,12,27840,买盘
694,13:48:58,23.2,0.0,4,9280,卖盘
695,13:49:12,23.2,0.0,90,208716,买盘
696,13:50:07,23.18,-0.02,1,2318,卖盘
697,13:50:19,23.19,0.01,61,141458,买盘
698,13:50:22,23.19,0.0,11,25509,卖盘
699,13:50:25,23.18,-0.01,25,57973,卖盘
700,13:50:31,23.15,-0.03,20,46321,卖盘
701,13:51:01,23.15,0.0,50,115750,卖盘
702,13:51:04,23.18,0.03,93,215570,买盘
703,13:51:13,23.15,-0.03,40,92600,卖盘
704,13:51:27,23.18,0.03,4,9272,买盘
705,13:52:04,23.15,-0.03,2,4630,卖盘
706,13:52:13,23.15,0.0,12,27780,卖盘
707,13:52:22,23.14,-0.01,1,2314,卖盘
708,13:52:27,23.16,0.02,9,20844,买盘
709,13:52:34,23.14,-0.02,2,4628,卖盘
710,13:52:36,23.16,0.02,19,43976,买盘
711,13:52:40,23.16,0.0,1,2316,卖盘
712,13:52:43,23.16,0.0,5,11580,卖盘
713,13:52:46,23.16,0.0,50,115800,卖盘
714,13:52:55,23.16,0.0,5,11580,卖盘
715,13:53:01,23.16,0.0,11,25476,卖盘
716,13:53:04,23.16,0.0,1,2316,卖盘
717,13:53:49,23.1,-0.06,5,11550,卖盘
718,13:54:00,23.1,0.0,10,23103,卖盘
719,13:54:19,23.1,0.0,10,23100,卖盘
720,13:54:30,23.11,0.01,3,6933,买盘
721,13:54:55,23.11,0.0,2,4622,买盘
722,13:55:25,23.14,0.03,17,39338,买盘
723,13:55:49,23.16,0.02,2,4632,买盘
724,13:55:52,23.19,0.03,89,206353,买盘
725,13:56:09,23.2,0.01,87,201825,买盘
726,13:56:15,23.2,0.0,1,2320,卖盘
727,13:56:18,23.2,0.0,2,4640,买盘
728,13:56:25,23.19,-0.01,25,57999,卖盘
729,13:56:31,23.21,0.02,68,157817,买盘
730,13:56:34,23.21,0.0,15,34815,卖盘
731,13:56:39,23.19,-0.02,6,13922,卖盘
732,13:56:58,23.19,0.0,4,9276,卖盘
733,13:57:10,23.15,-0.04,2,4630,卖盘
734,13:57:16,23.15,0.0,1,2315,买盘
735,13:57:28,23.14,-0.01,10,23140,卖盘
736,13:57:34,23.15,0.01,6,13890,买盘
737,13:57:40,23.14,-0.01,14,32396,卖盘
738,13:57:52,23.14,0.0,3,6942,卖盘
739,13:57:58,23.14,0.0,4,9256,卖盘
740,13:58:09,23.15,0.01,3,6945,买盘
741,13:58:15,23.15,0.0,3,6945,买盘
742,13:58:19,23.15,0.0,5,11575,买盘
743,13:58:34,23.1,-0.05,137,316645,卖盘
744,13:58:55,23.15,0.05,9,20833,买盘
745,13:58:58,23.15,0.0,12,27780,卖盘
746,13:59:01,23.15,0.0,3,6945,卖盘
747,13:59:07,23.15,0.0,2,4630,卖盘
748,13:59:18,23.15,0.0,10,23150,卖盘
749,13:59:31,23.2,0.05,170,394355,买盘
750,13:59:46,23.2,0.0,109,252880,买盘
751,13:59:52,23.2,0.0,28,64960,卖盘
752,13:59:55,23.2,0.0,1,2320,卖盘
753,14:00:01,23.21,0.01,125,290110,买盘
754,14:00:16,23.21,0.0,14,32494,卖盘
755,14:00:19,23.22,0.01,2,4644,买盘
756,14:00:31,23.22,0.0,2,4644,卖盘
757,14:00:34,23.24,0.02,170,395004,买盘
758,14:00:37,23.22,-0.02,10,23220,卖盘
759,14:00:43,23.23,0.01,1,2323,中性盘
760,14:00:49,23.22,-0.01,45,104505,卖盘
761,14:00:52,23.24,0.02,1,2324,买盘
762,14:01:07,23.22,-0.02,7,16259,卖盘
763,14:01:13,23.22,0.0,13,30186,卖盘
764,14:01:19,23.25,0.03,78,181318,买盘
765,14:01:22,23.22,-0.03,26,60372,卖盘
766,14:01:40,23.2,-0.02,5,11600,卖盘
767,14:01:43,23.2,0.0,1,2320,卖盘
768,14:01:49,23.22,0.02,1,2322,买盘
769,14:01:51,23.2,-0.02,5,11600,卖盘
770,14:01:55,23.2,0.0,10,23200,卖盘
771,14:02:01,23.2,0.0,17,39440,卖盘
772,14:02:04,23.2,0.0,6,13920,卖盘
773,14:02:25,23.2,0.0,12,27845,卖盘
774,14:02:28,23.22,0.02,13,30186,买盘
775,14:02:37,23.22,0.0,25,58040,买盘
776,14:02:40,23.22,0.0,4,9288,买盘
777,14:03:01,23.25,0.03,2,4647,买盘
778,14:03:13,23.21,-0.04,1,2321,卖盘
779,14:03:16,23.25,0.04,2,4650,买盘
780,14:03:57,23.25,0.0,10,23250,买盘
781,14:04:01,23.21,-0.04,5,11605,卖盘
782,14:04:10,23.24,0.03,9,20916,买盘
783,14:04:28,23.22,-0.02,2,4644,卖盘
784,14:04:37,23.21,-0.01,3,6963,卖盘
785,14:04:43,23.21,0.0,6,13926,卖盘
786,14:04:45,23.21,0.0,9,20889,卖盘
787,14:05:07,23.2,-0.01,30,69600,卖盘
788,14:05:22,23.2,0.0,5,11600,卖盘
789,14:05:25,23.2,0.0,1,2320,卖盘
790,14:05:30,23.2,0.0,5,11600,卖盘
791,14:05:33,23.2,0.0,2,4640,卖盘
792,14:05:37,23.16,-0.04,5,11584,卖盘
793,14:05:40,23.2,0.04,8,18560,买盘
794,14:05:52,23.16,-0.04,2,4632,卖盘
795,14:06:06,23.16,0.0,4,9264,买盘
796,14:06:09,23.16,0.0,13,30098,买盘
797,14:06:28,23.16,0.0,5,11580,买盘
798,14:06:43,23.16,0.0,1,2316,卖盘
799,14:06:49,23.2,0.04,1,2320,买盘
800,14:07:01,23.16,-0.04,2,4632,卖盘
801,14:07:04,23.2,0.04,76,176320,买盘
802,14:07:22,23.16,-0.04,2,4632,卖盘
803,14:08:07,23.15,-0.01,5,11575,卖盘
804,14:08:31,23.15,0.0,5,11575,卖盘
805,14:08:33,23.15,0.0,6,13890,卖盘
806,14:08:46,23.15,0.0,33,76395,卖盘
807,14:08:52,23.15,0.0,10,23150,买盘
808,14:09:16,23.15,0.0,2,4630,买盘
809,14:09:58,23.16,0.01,12,27792,买盘
810,14:10:07,23.16,0.0,5,11580,买盘
811,14:10:22,23.15,-0.01,1,2315,卖盘
812,14:10:33,23.15,0.0,10,23150,卖盘
813,14:11:34,23.16,0.01,3,6948,买盘
814,14:11:52,23.2,0.04,50,115995,买盘
815,14:12:18,23.22,0.02,35,81256,买盘
816,14:12:52,23.24,0.02,25,58100,买盘
817,14:12:58,23.24,0.0,4,9296,卖盘
818,14:13:07,23.25,0.01,1,2325,买盘
819,14:13:16,23.24,-0.01,22,51133,卖盘
820,14:13:25,23.23,-0.01,13,30211,卖盘
821,14:13:31,23.23,0.0,11,25553,卖盘
822,14:13:40,23.23,0.0,5,11615,卖盘
823,14:13:45,23.23,0.0,3,6969,卖盘
824,14:13:49,23.24,0.01,38,88300,买盘
825,14:14:16,23.22,-0.02,86,199718,卖盘
826,14:14:28,23.19,-0.03,1,2319,卖盘
827,14:14:37,23.19,0.0,4,9276,买盘
828,14:14:51,23.2,0.01,1,2320,卖盘
829,14:15:43,23.16,-0.04,1,2316,卖盘
830,14:15:46,23.16,0.0,1,2316,卖盘
831,14:16:28,23.19,0.03,1,2319,买盘
832,14:16:34,23.16,-0.03,11,25476,卖盘
833,14:17:25,23.16,0.0,1,2316,卖盘
834,14:17:37,23.16,0.0,1,2316,卖盘
835,14:17:40,23.18,0.02,44,101992,买盘
836,14:17:52,23.16,-0.02,12,27792,卖盘
837,14:18:06,23.16,0.0,4,9264,卖盘
838,14:18:16,23.16,0.0,1,2316,卖盘
839,14:18:34,23.18,0.02,1,2318,买盘
840,14:18:55,23.19,0.01,3,6957,买盘
841,14:19:16,23.19,0.0,18,41742,买盘
842,14:19:39,23.19,0.0,2,4638,卖盘
843,14:19:42,23.19,0.0,1,2319,卖盘
844,14:20:01,23.19,0.0,35,81165,卖盘
845,14:20:07,23.2,0.01,1,2320,买盘
846,14:20:09,23.19,-0.01,10,23190,卖盘
847,14:20:16,23.19,0.0,1,2319,卖盘
848,14:20:34,23.19,0.0,5,11595,卖盘
849,14:21:04,23.18,-0.01,5,11590,卖盘
850,14:21:09,23.19,0.01,1,2319,买盘
851,14:21:16,23.19,0.0,3,6957,卖盘
852,14:21:19,23.19,0.0,1,2319,卖盘
853,14:21:27,23.19,0.0,5,11595,卖盘
854,14:21:37,23.19,0.0,5,11595,卖盘
855,14:21:55,23.18,-0.01,47,109009,卖盘
856,14:22:19,23.18,0.0,5,11590,卖盘
857,14:22:22,23.18,0.0,10,23180,卖盘
858,14:22:24,23.18,0.0,93,215574,卖盘
859,14:22:36,23.16,-0.02,3,6948,卖盘
860,14:22:40,23.16,0.0,11,25476,卖盘
861,14:22:49,23.16,0.0,103,238548,卖盘
862,14:23:16,23.15,-0.01,24,55560,卖盘
863,14:23:25,23.15,0.0,54,125010,卖盘
864,14:23:28,23.16,0.01,22,50952,买盘
865,14:23:34,23.15,-0.01,36,83340,卖盘
866,14:23:39,23.15,0.0,109,252335,卖盘
867,14:23:46,23.15,0.0,1,2315,卖盘
868,14:23:48,23.15,0.0,18,41670,卖盘
869,14:24:22,23.12,-0.03,10,23120,卖盘
870,14:24:43,23.13,0.01,4,9252,卖盘
871,14:25:12,23.12,-0.01,8,18496,卖盘
872,14:25:18,23.12,0.0,4,9248,卖盘
873,14:26:01,23.13,0.01,14,32373,买盘
874,14:26:07,23.13,0.0,2,4626,买盘
875,14:26:13,23.13,0.0,9,20817,买盘
876,14:26:19,23.12,-0.01,3,6937,卖盘
877,14:26:54,23.15,0.03,55,127319,买盘
878,14:27:28,23.15,0.0,1,2315,卖盘
879,14:27:31,23.15,0.0,4,9260,卖盘
880,14:27:49,23.15,0.0,1,2315,卖盘
881,14:27:52,23.15,0.0,10,23150,卖盘
882,14:28:34,23.13,-0.02,10,23130,卖盘
883,14:28:36,23.13,0.0,10,23130,买盘
884,14:28:43,23.13,0.0,10,23130,买盘
885,14:29:06,23.13,0.0,10,23130,买盘
886,14:29:18,23.13,0.0,6,13878,买盘
887,14:29:22,23.13,0.0,1,2313,卖盘
888,14:29:30,23.13,0.0,1,2313,卖盘
889,14:29:49,23.15,0.02,69,159733,买盘
890,14:29:58,23.14,-0.01,2,4628,卖盘
891,14:30:10,23.15,0.01,11,25455,买盘
892,14:30:13,23.14,-0.01,10,23140,中性盘
893,14:30:19,23.15,0.01,1,2315,买盘
894,14:30:22,23.15,0.0,2,4630,卖盘
895,14:30:31,23.16,0.01,2,4632,买盘
896,14:30:43,23.18,0.02,27,62586,买盘
897,14:30:46,23.21,0.03,100,231989,买盘
898,14:30:52,23.18,-0.03,2,4636,卖盘
899,14:30:58,23.22,0.04,171,397041,买盘
900,14:31:16,23.25,0.03,2,4650,买盘
901,14:31:22,23.25,0.0,5,11625,买盘
902,14:31:25,23.25,0.0,10,23250,买盘
903,14:31:31,23.25,0.0,7,16275,买盘
904,14:31:40,23.26,0.01,15,34890,买盘
905,14:31:49,23.27,0.01,10,23270,买盘
906,14:31:55,23.27,0.0,10,23270,卖盘
907,14:32:01,23.28,0.01,13,30264,买盘
908,14:32:04,23.3,0.02,116,270244,买盘
909,14:32:10,23.3,0.0,1,2330,卖盘
910,14:32:16,23.31,0.01,2,4662,买盘
911,14:32:19,23.31,0.0,2,4662,买盘
912,14:32:31,23.3,-0.01,36,83881,卖盘
913,14:32:37,23.31,0.01,27,62932,买盘
914,14:32:49,23.32,0.01,29,67604,买盘
915,14:32:54,23.3,-0.02,20,46610,卖盘
916,14:32:57,23.35,0.05,248,578885,买盘
917,14:33:01,23.32,-0.03,5,11660,卖盘
918,14:33:07,23.34,0.02,1,2334,卖盘
919,14:33:15,23.34,0.0,10,23340,卖盘
920,14:33:19,23.35,0.01,32,74708,买盘
921,14:33:22,23.35,0.0,19,44350,买盘
922,14:33:25,23.35,0.0,5,11675,卖盘
923,14:33:28,23.35,0.0,2,4670,卖盘
924,14:33:31,23.36,0.01,8,18688,买盘
925,14:33:34,23.35,-0.01,17,39710,卖盘
926,14:33:37,23.36,0.01,2,4671,买盘
927,14:33:40,23.35,-0.01,13,30355,卖盘
928,14:33:43,23.35,0.0,1,2335,卖盘
929,14:33:46,23.36,0.01,4,9344,买盘
930,14:33:49,23.35,-0.01,18,42038,卖盘
931,14:33:58,23.35,0.0,10,23350,买盘
932,14:34:04,23.34,-0.01,9,21011,卖盘
933,14:34:07,23.35,0.01,60,140070,买盘
934,14:34:10,23.35,0.0,37,86395,卖盘
935,14:34:13,23.35,0.0,3,7005,卖盘
936,14:34:25,23.31,-0.04,4,9325,卖盘
937,14:34:37,23.3,-0.01,12,27962,卖盘
938,14:34:52,23.3,0.0,7,16310,卖盘
939,14:34:55,23.3,0.0,10,23300,卖盘
940,14:34:58,23.3,0.0,17,39610,卖盘
941,14:35:07,23.3,0.0,3,6990,买盘
942,14:35:10,23.27,-0.03,11,25597,卖盘
943,14:35:22,23.27,0.0,1,2327,卖盘
944,14:35:25,23.3,0.03,20,46593,买盘
945,14:35:49,23.3,0.0,54,125820,买盘
946,14:35:55,23.3,0.0,3,6990,买盘
947,14:35:58,23.33,0.03,64,149200,买盘
948,14:36:10,23.33,0.0,3,6999,卖盘
949,14:36:13,23.33,0.0,33,77021,卖盘
950,14:36:16,23.34,0.01,18,42012,买盘
951,14:36:19,23.34,0.0,5,11670,买盘
952,14:36:22,23.34,0.0,213,497291,买盘
953,14:36:25,23.34,0.0,2,4668,买盘
954,14:36:28,23.34,0.0,9,21006,卖盘
955,14:36:34,23.35,0.01,4,9340,中性盘
956,14:36:37,23.35,0.0,24,56017,买盘
957,14:36:40,23.36,0.01,8,18688,买盘
958,14:36:43,23.36,0.0,50,116780,买盘
959,14:36:49,23.36,0.0,50,116795,买盘
960,14:36:55,23.36,0.0,80,186880,买盘
961,14:37:05,23.35,-0.01,8,18685,卖盘
962,14:37:07,23.37,0.02,39,91143,买盘
963,14:37:10,23.4,0.03,169,395240,买盘
964,14:37:25,23.43,0.03,11,25773,买盘
965,14:37:28,23.43,0.0,9,21087,买盘
966,14:37:34,23.48,0.05,31,72743,买盘
967,14:37:37,23.43,-0.05,5,11715,卖盘
968,14:37:43,23.44,0.01,10,23440,买盘
969,14:37:46,23.47,0.03,6,14082,买盘
970,14:37:49,23.43,-0.04,10,23430,卖盘
971,14:37:52,23.48,0.05,10,23476,买盘
972,14:38:01,23.48,0.0,7,16436,买盘
973,14:38:07,23.48,0.0,14,32871,买盘
974,14:38:10,23.48,0.0,21,49298,买盘
975,14:38:16,23.48,0.0,28,65744,买盘
976,14:38:19,23.47,-0.01,22,51634,卖盘
977,14:38:25,23.47,0.0,11,25807,买盘
978,14:38:28,23.4,-0.07,67,156839,卖盘
979,14:38:31,23.46,0.06,118,276828,买盘
980,14:38:36,23.45,-0.01,50,117222,买盘
981,14:38:49,23.43,-0.02,5,11715,卖盘
982,14:38:58,23.4,-0.03,3,7020,卖盘
983,14:39:01,23.4,0.0,1,2340,卖盘
984,14:39:04,23.42,0.02,2,4684,中性盘
985,14:39:07,23.4,-0.02,10,23400,卖盘
986,14:39:13,23.4,0.0,1,2340,卖盘
987,14:39:16,23.4,0.0,14,32760,卖盘
988,14:39:27,23.4,0.0,10,23400,买盘
989,14:39:34,23.4,0.0,9,21060,买盘
990,14:39:40,23.4,0.0,5,11700,卖盘
991,14:39:43,23.39,-0.01,23,53810,卖盘
992,14:39:58,23.39,0.0,4,9356,买盘
993,14:40:13,23.39,0.0,18,42092,买盘
994,14:40:19,23.39,0.0,5,11695,卖盘
995,14:40:22,23.39,0.0,17,39763,卖盘
996,14:40:25,23.39,0.0,8,18716,卖盘
997,14:40:31,23.39,0.0,3,7017,卖盘
998,14:40:40,23.39,0.0,2,4678,买盘
999,14:40:58,23.38,-0.01,4,9352,中性盘
1000,14:41:01,23.39,0.01,10,23384,买盘
1001,14:41:22,23.39,0.0,8,18712,买盘
1002,14:41:25,23.38,-0.01,1,2338,卖盘
1003,14:41:31,23.38,0.0,4,9352,卖盘
1004,14:41:43,23.38,0.0,1,2338,买盘
1005,14:41:46,23.38,0.0,15,35070,买盘
1006,14:41:49,23.38,0.0,4,9352,买盘
1007,14:41:52,23.37,-0.01,21,49077,卖盘
1008,14:42:07,23.36,-0.01,1,2336,卖盘
1009,14:42:10,23.37,0.01,3,7011,买盘
1010,14:42:19,23.36,-0.01,11,25702,卖盘
1011,14:42:22,23.36,0.0,13,30376,卖盘
1012,14:42:31,23.36,0.0,28,65408,卖盘
1013,14:42:40,23.36,0.0,7,16352,买盘
1014,14:42:46,23.36,0.0,8,18688,卖盘
1015,14:42:52,23.36,0.0,11,25696,卖盘
1016,14:43:01,23.36,0.0,1,2336,买盘
1017,14:43:10,23.35,-0.01,40,93400,卖盘
1018,14:43:13,23.36,0.01,30,70056,买盘
1019,14:43:19,23.36,0.0,1,2336,卖盘
1020,14:43:22,23.36,0.0,5,11680,卖盘
1021,14:43:34,23.37,0.01,10,23370,买盘
1022,14:43:37,23.37,0.0,30,70110,买盘
1023,14:43:46,23.37,0.0,9,21033,买盘
1024,14:43:49,23.36,-0.01,8,18688,卖盘
1025,14:43:52,23.35,-0.01,5,11675,卖盘
1026,14:44:04,23.35,0.0,3,7005,卖盘
1027,14:44:12,23.36,0.01,34,79424,买盘
1028,14:44:19,23.35,-0.01,7,16345,卖盘
1029,14:44:34,23.35,0.0,35,81725,卖盘
1030,14:44:37,23.35,0.0,57,133095,卖盘
1031,14:44:49,23.3,-0.05,122,284294,卖盘
1032,14:44:55,23.35,0.05,4,9340,买盘
1033,14:45:04,23.31,-0.04,2,4662,卖盘
1034,14:45:16,23.3,-0.01,25,58266,卖盘
1035,14:45:37,23.34,0.04,18,42012,买盘
1036,14:45:40,23.3,-0.04,60,139805,卖盘
1037,14:45:43,23.3,0.0,125,291250,卖盘
1038,14:45:58,23.29,-0.01,1,2329,买盘
1039,14:46:10,23.27,-0.02,5,11635,卖盘
1040,14:46:16,23.3,0.03,6,13977,买盘
1041,14:46:22,23.27,-0.03,30,69815,卖盘
1042,14:46:37,23.25,-0.02,33,76745,卖盘
1043,14:46:46,23.25,0.0,3,6975,买盘
1044,14:46:55,23.25,0.0,10,23250,买盘
1045,14:47:01,23.25,0.0,5,11625,买盘
1046,14:47:10,23.24,-0.01,3,6972,卖盘
1047,14:47:16,23.25,0.01,54,125550,买盘
1048,14:47:19,23.25,0.0,11,25575,卖盘
1049,14:47:37,23.25,0.0,9,20930,卖盘
1050,14:47:52,23.26,0.01,2,4652,买盘
1051,14:47:58,23.26,0.0,1,2326,买盘
1052,14:48:05,23.26,0.0,3,6978,卖盘
1053,14:48:28,23.26,0.0,9,20934,卖盘
1054,14:48:34,23.25,-0.01,10,23256,卖盘
1055,14:48:58,23.26,0.01,1,2326,卖盘
1056,14:49:01,23.26,0.0,1,2326,卖盘
1057,14:49:16,23.25,-0.01,2,4650,卖盘
1058,14:49:22,23.24,-0.01,76,176657,卖盘
1059,14:49:28,23.24,0.0,15,34860,买盘
1060,14:49:43,23.23,-0.01,29,67367,卖盘
1061,14:49:52,23.22,-0.01,60,139322,卖盘
1062,14:49:55,23.23,0.01,23,53421,买盘
1063,14:50:01,23.22,-0.01,62,143964,卖盘
1064,14:50:04,23.24,0.02,28,65046,买盘
1065,14:50:07,23.22,-0.02,41,95202,卖盘
1066,14:50:10,23.23,0.01,7,16256,中性盘
1067,14:50:13,23.24,0.01,8,18588,买盘
1068,14:50:16,23.22,-0.02,16,37174,卖盘
1069,14:50:28,23.22,0.0,4,9290,卖盘
1070,14:50:34,23.22,0.0,2,4644,卖盘
1071,14:50:52,23.23,0.01,1,2323,买盘
1072,14:51:01,23.22,-0.01,10,23220,卖盘
1073,14:51:22,23.22,0.0,3,6966,卖盘
1074,14:51:25,23.22,0.0,5,11610,卖盘
1075,14:51:37,23.22,0.0,5,11610,卖盘
1076,14:51:40,23.24,0.02,32,74364,买盘
1077,14:51:49,23.24,0.0,2,4648,卖盘
1078,14:51:55,23.24,0.0,4,9296,卖盘
1079,14:51:58,23.26,0.02,23,53467,买盘
1080,14:52:13,23.26,0.0,8,18608,买盘
1081,14:52:16,23.26,0.0,12,27912,买盘
1082,14:52:22,23.26,0.0,1,2326,卖盘
1083,14:52:25,23.26,0.0,2,4652,卖盘
1084,14:52:28,23.26,0.0,10,23260,卖盘
1085,14:52:46,23.26,0.0,13,30241,卖盘
1086,14:52:49,23.27,0.01,7,16289,买盘
1087,14:52:58,23.27,0.0,1,2327,卖盘
1088,14:53:04,23.28,0.01,3,6984,卖盘
1089,14:53:16,23.28,0.0,4,9312,卖盘
1090,14:53:19,23.28,0.0,14,32592,卖盘
1091,14:53:25,23.28,0.0,12,27936,买盘
1092,14:53:28,23.28,0.0,4,9312,买盘
1093,14:53:34,23.28,0.0,16,37248,买盘
1094,14:53:37,23.26,-0.02,42,97705,卖盘
1095,14:53:40,23.28,0.02,53,123356,买盘
1096,14:54:01,23.27,-0.01,28,65156,买盘
1097,14:54:07,23.28,0.01,2,4656,买盘
1098,14:54:13,23.27,-0.01,52,121004,卖盘
1099,14:54:16,23.26,-0.01,40,93040,卖盘
1100,14:54:19,23.27,0.01,20,46530,买盘
1101,14:54:22,23.27,0.0,9,20943,卖盘
1102,14:54:25,23.28,0.01,58,137090,买盘
1103,14:54:28,23.28,0.0,1,2328,卖盘
1104,14:54:31,23.28,0.0,14,32592,卖盘
1105,14:54:37,23.27,-0.01,31,70059,卖盘
1106,14:54:43,23.28,0.01,4,9312,买盘
1107,14:54:49,23.28,0.0,5,11640,买盘
1108,14:54:52,23.28,0.0,1,2328,买盘
1109,14:54:58,23.28,0.0,44,102432,买盘
1110,14:55:01,23.28,0.0,2,4656,买盘
1111,14:55:04,23.27,-0.01,2,4654,卖盘
1112,14:55:16,23.27,0.0,7,16289,卖盘
1113,14:55:19,23.28,0.01,39,92887,买盘
1114,14:55:22,23.28,0.0,1,233,买盘
1115,14:55:25,23.27,-0.01,6,13962,卖盘
1116,14:55:28,23.28,0.01,1,2328,买盘
1117,14:55:34,23.27,-0.01,8,18616,卖盘
1118,14:55:40,23.27,0.0,1,2327,卖盘
1119,14:55:43,23.28,0.01,1,2328,买盘
1120,14:55:46,23.27,-0.01,30,69810,卖盘
1121,14:55:49,23.27,0.0,13,30251,卖盘
1122,14:55:58,23.24,-0.03,100,232420,卖盘
1123,14:56:01,23.24,0.0,12,27907,卖盘
1124,14:56:07,23.26,0.02,4,9304,卖盘
1125,14:56:13,23.24,-0.02,13,30212,卖盘
1126,14:56:25,23.24,0.0,7,16268,卖盘
1127,14:56:34,23.24,0.0,19,44161,卖盘
1128,14:56:37,23.24,0.0,1,2324,卖盘
1129,14:56:40,23.24,0.0,5,11620,卖盘
1130,14:56:43,23.25,0.01,11,25564,买盘
1131,14:56:49,23.23,-0.02,3,6969,卖盘
1132,14:56:52,23.23,0.0,3,6969,卖盘
1133,14:56:55,23.24,0.01,7,16264,买盘
1134,14:57:01,23.24,0.0,17,39508,买盘
1135,14:57:04,23.23,-0.01,5,11615,卖盘
1136,15:00:05,23.23,0.0,362,840926,卖盘
