,time,price,change,volume,amount,type
0,09:25:04,14.19,0.04,702,996578,买盘
1,09:30:00,14.13,-0.06,200,283125,卖盘
2,09:30:03,14.2,0.07,215,305182,买盘
3,09:30:06,14.24,0.04,108,153299,买盘
4,09:30:09,14.19,-0.05,27,38333,卖盘
5,09:30:13,14.16,-0.03,11,15584,卖盘
6,09:30:15,14.16,0.0,30,42494,卖盘
7,09:30:18,14.13,-0.03,5,7071,卖盘
8,09:30:27,14.16,0.03,11,15575,买盘
9,09:30:30,14.14,-0.02,1,1414,卖盘
10,09:30:33,14.13,-0.01,19,26860,卖盘
11,09:30:36,14.13,0.0,8,11304,卖盘
12,09:30:39,14.15,0.02,172,243378,买盘
13,09:30:45,14.15,0.0,6,8490,卖盘
14,09:30:48,14.16,0.01,69,97647,买盘
15,09:30:51,14.15,-0.01,71,100469,卖盘
16,09:30:54,14.15,0.0,7,9905,买盘
17,09:30:57,14.15,0.0,14,19810,买盘
18,09:31:00,14.14,-0.01,16,22638,卖盘
19,09:31:04,14.15,0.01,49,69302,买盘
20,09:31:06,14.14,-0.01,17,24038,卖盘
21,09:31:09,14.15,0.01,30,42432,买盘
22,09:31:13,14.14,-0.01,28,39580,买盘
23,09:31:15,14.15,0.01,1,1415,卖盘
24,09:31:18,14.13,-0.02,20,28268,卖盘
25,09:31:21,14.13,0.0,75,105975,卖盘
26,09:31:24,14.18,0.05,86,121714,买盘
27,09:31:27,14.14,-0.04,8,10886,卖盘
28,09:31:30,14.13,-0.01,4,6090,买盘
29,09:31:36,14.11,-0.02,30,42387,卖盘
30,09:31:39,14.13,0.02,4,5652,卖盘
31,09:31:42,14.13,0.0,1,1413,买盘
32,09:31:45,14.11,-0.02,76,106961,卖盘
33,09:31:48,14.11,0.0,15,21165,卖盘
34,09:31:51,14.11,0.0,12,16936,卖盘
35,09:31:54,14.11,0.0,7,9877,买盘
36,09:31:57,14.11,0.0,39,55061,卖盘
37,09:32:01,14.14,0.03,3,4239,买盘
38,09:32:09,14.12,-0.02,3,4240,卖盘
39,09:32:12,14.15,0.03,105,148528,买盘
40,09:32:15,14.16,0.01,20,28305,买盘
41,09:32:19,14.16,0.0,6,8496,买盘
42,09:32:21,14.19,0.03,3,4251,买盘
43,09:32:24,14.19,0.0,4,5676,买盘
44,09:32:27,14.19,0.0,35,49665,买盘
45,09:32:30,14.19,0.0,22,31155,买盘
46,09:32:33,14.19,0.0,35,49650,买盘
47,09:32:36,14.19,0.0,7,9931,买盘
48,09:32:39,14.19,0.0,9,12771,买盘
49,09:32:42,14.19,0.0,16,22708,买盘
50,09:32:45,14.2,0.01,34,48271,买盘
51,09:32:49,14.2,0.0,41,58200,买盘
52,09:32:51,14.2,0.0,79,112143,买盘
53,09:32:54,14.2,0.0,1,1420,卖盘
54,09:33:00,14.22,0.02,82,116598,买盘
55,09:33:04,14.21,-0.01,6,8532,中性盘
56,09:33:06,14.23,0.02,29,41267,买盘
57,09:33:09,14.23,0.0,104,147927,买盘
58,09:33:13,14.24,0.01,97,138067,买盘
59,09:33:15,14.24,0.0,66,93976,买盘
60,09:33:18,14.24,0.0,86,122441,买盘
61,09:33:21,14.24,0.0,59,84006,买盘
62,09:33:24,14.24,0.0,106,150950,买盘
63,09:33:30,14.25,0.01,50,71248,中性盘
64,09:33:34,14.25,0.0,44,62700,买盘
65,09:33:36,14.25,0.0,143,203650,买盘
66,09:33:39,14.25,0.0,374,532973,买盘
67,09:33:42,14.25,0.0,62,88363,买盘
68,09:33:45,14.25,0.0,1,1425,卖盘
69,09:33:48,14.26,0.01,102,145450,买盘
70,09:33:51,14.25,-0.01,203,289719,卖盘
71,09:33:54,14.26,0.01,129,183990,卖盘
72,09:33:57,14.27,0.01,49,69923,买盘
73,09:34:00,14.27,0.0,2,2853,买盘
74,09:34:04,14.27,0.0,71,101317,买盘
75,09:34:06,14.27,0.0,21,29957,买盘
76,09:34:09,14.27,0.0,34,48518,买盘
77,09:34:12,14.26,-0.01,56,79856,卖盘
78,09:34:15,14.26,0.0,11,15686,卖盘
79,09:34:19,14.26,0.0,137,195363,卖盘
80,09:34:21,14.26,0.0,90,128322,卖盘
81,09:34:24,14.25,-0.01,246,350486,卖盘
82,09:34:27,14.24,-0.01,87,124628,卖盘
83,09:34:31,14.23,-0.01,77,108879,卖盘
84,09:34:34,14.23,0.0,141,200849,卖盘
85,09:34:36,14.23,0.0,4,5692,买盘
86,09:34:39,14.22,-0.01,9,12798,卖盘
87,09:34:42,14.22,0.0,26,37010,买盘
88,09:34:45,14.2,-0.02,183,260000,卖盘
89,09:34:48,14.2,0.0,77,109340,买盘
90,09:34:51,14.2,0.0,61,86613,买盘
91,09:34:54,14.18,-0.02,34,48232,卖盘
92,09:34:57,14.2,0.02,27,38340,买盘
93,09:35:00,14.17,-0.03,8,11343,卖盘
94,09:35:04,14.17,0.0,11,15595,卖盘
95,09:35:06,14.16,-0.01,248,351386,卖盘
96,09:35:09,14.15,-0.01,20,28300,卖盘
97,09:35:12,14.16,0.01,22,31144,买盘
98,09:35:15,14.15,-0.01,61,86315,卖盘
99,09:35:18,14.16,0.01,5,7077,买盘
100,09:35:21,14.15,-0.01,39,55186,卖盘
101,09:35:24,14.16,0.01,223,315565,买盘
102,09:35:30,14.15,-0.01,1,1415,卖盘
103,09:35:33,14.15,0.0,1,1415,卖盘
104,09:35:39,14.16,0.01,132,186875,买盘
105,09:35:42,14.15,-0.01,11,15565,卖盘
106,09:35:45,14.15,0.0,26,36790,卖盘
107,09:35:52,14.15,0.0,102,144330,卖盘
108,09:35:57,14.16,0.01,130,183980,买盘
109,09:36:00,14.15,-0.01,57,80655,卖盘
110,09:36:03,14.15,0.0,73,103345,卖盘
111,09:36:06,14.15,0.0,2,2830,买盘
112,09:36:09,14.15,0.0,16,22634,买盘
113,09:36:12,14.15,0.0,20,28300,买盘
114,09:36:16,14.14,-0.01,53,74984,卖盘
115,09:36:19,14.15,0.01,51,72165,买盘
116,09:36:21,14.14,-0.01,19,26866,卖盘
117,09:36:24,14.15,0.01,5,7075,买盘
118,09:36:27,14.14,-0.01,3,4242,卖盘
119,09:36:30,14.15,0.01,169,239129,买盘
120,09:36:33,14.15,0.0,65,91975,买盘
121,09:36:36,14.15,0.0,11,15565,买盘
122,09:36:39,14.16,0.01,1,1416,买盘
123,09:36:43,14.16,0.0,3,4248,买盘
124,09:36:45,14.15,-0.01,3,4245,卖盘
125,09:36:51,14.16,0.01,15,21232,买盘
126,09:36:54,14.16,0.0,236,334176,买盘
127,09:36:57,14.15,-0.01,12,16990,卖盘
128,09:37:01,14.15,0.0,317,448865,卖盘
129,09:37:04,14.15,0.0,151,213802,卖盘
130,09:37:06,14.16,0.01,113,160008,买盘
131,09:37:09,14.17,0.01,102,144532,买盘
132,09:37:12,14.18,0.01,10,14178,买盘
133,09:37:15,14.16,-0.02,31,43897,卖盘
134,09:37:18,14.18,0.02,42,59544,买盘
135,09:37:21,14.18,0.0,4,5672,卖盘
136,09:37:25,14.2,0.02,143,203060,买盘
137,09:37:27,14.2,0.0,25,35500,买盘
138,09:37:30,14.19,-0.01,19,26979,中性盘
139,09:37:33,14.2,0.01,15,21300,买盘
140,09:37:36,14.2,0.0,26,36920,买盘
141,09:37:42,14.2,0.0,2,2840,买盘
142,09:37:45,14.19,-0.01,19,26979,卖盘
143,09:37:48,14.2,0.01,72,102240,买盘
144,09:37:51,14.2,0.0,1,1420,买盘
145,09:37:57,14.2,0.0,37,52540,卖盘
146,09:38:00,14.24,0.04,2,2844,买盘
147,09:38:06,14.24,0.0,3,4272,买盘
148,09:38:12,14.23,-0.01,72,102456,买盘
149,09:38:15,14.23,0.0,38,54072,买盘
150,09:38:18,14.21,-0.02,47,66784,卖盘
151,09:38:21,14.21,0.0,120,170520,买盘
152,09:38:24,14.2,-0.01,5,7100,卖盘
153,09:38:31,14.2,0.0,47,66788,卖盘
154,09:38:34,14.21,0.01,1,1421,买盘
155,09:38:37,14.21,0.0,6,8526,买盘
156,09:38:45,14.21,0.0,25,35525,卖盘
157,09:38:48,14.21,0.0,1,1421,买盘
158,09:38:57,14.21,0.0,3,4263,买盘
159,09:39:00,14.21,0.0,3,4262,买盘
160,09:39:04,14.21,0.0,25,35525,买盘
161,09:39:06,14.21,0.0,139,197487,买盘
162,09:39:16,14.2,-0.01,94,133521,卖盘
163,09:39:18,14.21,0.01,2,2842,卖盘
164,09:39:24,14.2,-0.01,26,36920,卖盘
165,09:39:27,14.2,0.0,1,1420,卖盘
166,09:39:30,14.21,0.01,16,22735,中性盘
167,09:39:33,14.21,0.0,89,126504,卖盘
168,09:39:36,14.21,0.0,5,7105,买盘
169,09:39:39,14.2,-0.01,10,14200,中性盘
170,09:39:42,14.2,0.0,1,1420,中性盘
171,09:39:45,14.21,0.01,104,147683,买盘
172,09:39:51,14.18,-0.03,15,21270,卖盘
173,09:39:57,14.17,-0.01,40,56680,卖盘
174,09:40:00,14.16,-0.01,1,1416,卖盘
175,09:40:03,14.17,0.01,5,7085,买盘
176,09:40:06,14.17,0.0,3,4251,卖盘
177,09:40:09,14.17,0.0,100,141700,卖盘
178,09:40:12,14.17,0.0,10,14170,卖盘
179,09:40:15,14.17,0.0,43,60961,卖盘
180,09:40:18,14.18,0.01,15,21259,买盘
181,09:40:21,14.18,0.0,1,1418,卖盘
182,09:40:24,14.18,0.0,14,19852,卖盘
183,09:40:30,14.17,-0.01,11,15597,卖盘
184,09:40:33,14.18,0.01,5,7090,买盘
185,09:40:36,14.17,-0.01,37,52429,卖盘
186,09:40:42,14.17,0.0,10,14170,卖盘
187,09:40:45,14.17,0.0,22,31174,卖盘
188,09:40:58,14.17,0.0,16,22672,卖盘
189,09:41:00,14.17,0.0,1,1417,卖盘
190,09:41:03,14.18,0.01,22,31196,买盘
191,09:41:06,14.18,0.0,3,4254,卖盘
192,09:41:16,14.17,-0.01,122,172941,卖盘
193,09:41:21,14.17,0.0,3,4251,买盘
194,09:41:24,14.17,0.0,3,4251,买盘
195,09:41:27,14.16,-0.01,64,90663,卖盘
196,09:41:30,14.16,0.0,91,128926,卖盘
197,09:41:33,14.16,0.0,143,202491,卖盘
198,09:41:37,14.17,0.01,66,93490,买盘
199,09:41:39,14.17,0.0,5,7085,买盘
200,09:41:42,14.17,0.0,39,55269,卖盘
201,09:41:45,14.16,-0.01,152,215286,卖盘
202,09:41:48,14.15,-0.01,4,5660,卖盘
203,09:41:54,14.15,0.0,7,9905,卖盘
204,09:41:57,14.15,0.0,89,125935,卖盘
205,09:42:01,14.17,0.02,90,127450,买盘
206,09:42:06,14.16,-0.01,43,60892,卖盘
207,09:42:09,14.17,0.01,19,26923,买盘
208,09:42:12,14.16,-0.01,5,7080,卖盘
209,09:42:15,14.16,0.0,3,4248,卖盘
210,09:42:18,14.16,0.0,67,94892,卖盘
211,09:42:22,14.16,0.0,1,1416,卖盘
212,09:42:24,14.16,0.0,7,9912,卖盘
213,09:42:27,14.16,0.0,22,31198,卖盘
214,09:42:30,14.17,0.01,6,8502,中性盘
215,09:42:33,14.17,0.0,45,63765,卖盘
216,09:42:36,14.17,0.0,15,21255,卖盘
217,09:42:39,14.17,0.0,57,80769,卖盘
218,09:42:45,14.18,0.01,5,7090,卖盘
219,09:42:48,14.17,-0.01,3,4251,卖盘
220,09:42:51,14.19,0.02,32,45388,买盘
221,09:42:54,14.17,-0.02,19,26923,卖盘
222,09:42:57,14.17,0.0,26,36842,卖盘
223,09:43:00,14.17,0.0,134,189716,卖盘
224,09:43:04,14.18,0.01,12,17007,买盘
225,09:43:06,14.17,-0.01,40,56700,卖盘
226,09:43:12,14.17,0.0,1,1417,买盘
227,09:43:15,14.16,-0.01,5,7080,卖盘
228,09:43:18,14.16,0.0,58,82128,卖盘
229,09:43:27,14.16,0.0,23,32568,卖盘
230,09:43:30,14.15,-0.01,6,8494,卖盘
231,09:43:33,14.16,0.01,1,1416,买盘
232,09:43:36,14.16,0.0,12,16992,买盘
233,09:43:39,14.16,0.0,10,14160,卖盘
234,09:43:42,14.16,0.0,5,7080,卖盘
235,09:43:45,14.17,0.01,11,15581,买盘
236,09:43:48,14.17,0.0,8,11332,买盘
237,09:43:51,14.16,-0.01,10,14160,卖盘
238,09:43:55,14.16,0.0,15,21250,卖盘
239,09:43:57,14.16,0.0,15,21240,卖盘
240,09:44:00,14.16,0.0,1,1416,卖盘
241,09:44:06,14.16,0.0,8,11328,卖盘
242,09:44:09,14.16,0.0,22,31172,卖盘
243,09:44:15,14.16,0.0,68,96353,卖盘
244,09:44:19,14.16,0.0,2,2832,卖盘
245,09:44:21,14.18,0.02,73,103443,买盘
246,09:44:24,14.18,0.0,21,29778,卖盘
247,09:44:27,14.18,0.0,3,4254,卖盘
248,09:44:30,14.16,-0.02,2,2832,卖盘
249,09:44:36,14.17,0.01,5,7085,卖盘
250,09:44:39,14.18,0.01,1,1418,买盘
251,09:44:42,14.18,0.0,10,14180,买盘
252,09:44:45,14.17,-0.01,1,1417,卖盘
253,09:44:48,14.17,0.0,3,4251,卖盘
254,09:44:51,14.18,0.01,1,1418,买盘
255,09:44:54,14.17,-0.01,22,31181,卖盘
256,09:44:58,14.17,0.0,1,1417,卖盘
257,09:45:01,14.17,0.0,20,28340,卖盘
258,09:45:06,14.17,0.0,9,12753,卖盘
259,09:45:15,14.17,0.0,1,1417,卖盘
260,09:45:18,14.18,0.01,29,41120,买盘
261,09:45:21,14.17,-0.01,28,39676,卖盘
262,09:45:28,14.17,0.0,21,29757,卖盘
263,09:45:31,14.17,0.0,6,8506,卖盘
264,09:45:33,14.18,0.01,11,15598,买盘
265,09:45:36,14.17,-0.01,10,14170,卖盘
266,09:45:45,14.17,0.0,1,1417,卖盘
267,09:45:49,14.18,0.01,12,17011,买盘
268,09:45:57,14.17,-0.01,15,21255,卖盘
269,09:46:00,14.17,0.0,1,1417,卖盘
270,09:46:06,14.17,0.0,6,8502,卖盘
271,09:46:09,14.17,0.0,71,100607,卖盘
272,09:46:16,14.17,0.0,7,9919,卖盘
273,09:46:19,14.17,0.0,12,17004,卖盘
274,09:46:21,14.17,0.0,47,66599,买盘
275,09:46:24,14.17,0.0,4,5669,卖盘
276,09:46:30,14.17,0.0,2,2833,买盘
277,09:46:36,14.16,-0.01,2,2832,卖盘
278,09:46:39,14.16,0.0,10,14160,卖盘
279,09:46:42,14.16,0.0,8,11328,卖盘
280,09:46:46,14.16,0.0,1,1416,卖盘
281,09:46:48,14.16,0.0,2,2832,卖盘
282,09:46:54,14.16,0.0,90,127440,卖盘
283,09:46:57,14.16,0.0,23,32568,卖盘
284,09:47:00,14.16,0.0,7,9906,买盘
285,09:47:04,14.15,-0.01,306,432990,卖盘
286,09:47:07,14.15,0.0,64,90560,卖盘
287,09:47:09,14.15,0.0,9,12735,卖盘
288,09:47:12,14.15,0.0,70,99101,卖盘
289,09:47:15,14.15,0.0,40,56600,卖盘
290,09:47:21,14.15,0.0,10,14150,买盘
291,09:47:27,14.1,-0.05,1019,1438021,卖盘
292,09:47:30,14.09,-0.01,146,205859,卖盘
293,09:47:36,14.09,0.0,13,18317,卖盘
294,09:47:42,14.09,0.0,6,8454,卖盘
295,09:47:45,14.09,0.0,19,26771,卖盘
296,09:47:52,14.08,-0.01,17,23936,卖盘
297,09:47:55,14.08,0.0,73,102784,卖盘
298,09:47:57,14.04,-0.04,307,431490,卖盘
299,09:48:00,14.03,-0.01,6,8418,卖盘
300,09:48:06,14.03,0.0,77,108051,卖盘
301,09:48:10,14.04,0.01,4,5616,中性盘
302,09:48:13,14.04,0.0,10,14040,卖盘
303,09:48:15,14.04,0.0,66,92769,卖盘
304,09:48:18,14.04,0.0,24,33696,卖盘
305,09:48:21,14.04,0.0,2,2808,卖盘
306,09:48:24,14.08,0.04,16,22524,买盘
307,09:48:27,14.04,-0.04,47,66028,卖盘
308,09:48:30,14.05,0.01,2,2810,卖盘
309,09:48:33,14.09,0.04,119,167636,买盘
310,09:48:36,14.09,0.0,5,7045,买盘
311,09:48:39,14.09,0.0,15,21121,买盘
312,09:48:42,14.08,-0.01,45,63383,卖盘
313,09:48:45,14.08,0.0,137,193022,卖盘
314,09:48:48,14.08,0.0,70,98572,卖盘
315,09:48:51,14.09,0.01,49,69041,买盘
316,09:48:54,14.1,0.01,19,26790,买盘
317,09:48:57,14.09,-0.01,210,296060,卖盘
318,09:49:00,14.09,0.0,29,40864,买盘
319,09:49:04,14.09,0.0,131,184560,卖盘
320,09:49:06,14.1,0.01,520,732981,买盘
321,09:49:09,14.08,-0.02,27,38023,卖盘
322,09:49:12,14.08,0.0,4,5632,买盘
323,09:49:15,14.08,0.0,60,84510,买盘
324,09:49:18,14.07,-0.01,13,18301,卖盘
325,09:49:21,14.08,0.01,4,5632,买盘
326,09:49:24,14.07,-0.01,79,111187,卖盘
327,09:49:27,14.06,-0.01,151,212370,卖盘
328,09:49:30,14.06,0.0,271,381696,卖盘
329,09:49:33,14.08,0.02,3,4224,中性盘
330,09:49:36,14.08,0.0,5,7040,卖盘
331,09:49:39,14.08,0.0,27,38016,卖盘
332,09:49:42,14.08,0.0,3,4224,买盘
333,09:49:45,14.1,0.02,127,178940,买盘
334,09:49:48,14.08,-0.02,19,26776,中性盘
335,09:49:52,14.07,-0.01,42,59157,卖盘
336,09:49:54,14.1,0.03,1,1410,买盘
337,09:49:57,14.07,-0.03,127,178689,卖盘
338,09:50:00,14.06,-0.01,29,40798,卖盘
339,09:50:04,14.1,0.04,10,14073,买盘
340,09:50:06,14.08,-0.02,5,7040,卖盘
341,09:50:09,14.1,0.02,132,186058,买盘
342,09:50:13,14.07,-0.03,60,84434,卖盘
343,09:50:16,14.07,0.0,46,64722,卖盘
344,09:50:19,14.06,-0.01,38,53437,卖盘
345,09:50:21,14.07,0.01,28,39396,买盘
346,09:50:24,14.09,0.02,77,108565,卖盘
347,09:50:27,14.09,0.0,40,56360,卖盘
348,09:50:30,14.07,-0.02,25,35235,卖盘
349,09:50:36,14.07,0.0,81,113967,卖盘
350,09:50:39,14.1,0.03,107,150718,买盘
351,09:50:43,14.09,-0.01,1,1409,买盘
352,09:50:45,14.09,0.0,12,16908,买盘
353,09:50:48,14.09,0.0,21,29589,卖盘
354,09:50:51,14.09,0.0,37,52131,卖盘
355,09:50:57,14.09,0.0,7,9863,卖盘
356,09:51:00,14.08,-0.01,2,2816,卖盘
357,09:51:04,14.09,0.01,2,2818,买盘
358,09:51:06,14.08,-0.01,6,8448,卖盘
359,09:51:09,14.09,0.01,6,8452,买盘
360,09:51:12,14.09,0.0,4,5636,买盘
361,09:51:15,14.08,-0.01,62,87319,卖盘
362,09:51:18,14.08,0.0,517,726950,买盘
363,09:51:21,14.08,0.0,35,49277,买盘
364,09:51:24,14.08,0.0,18,25344,买盘
365,09:51:27,14.08,0.0,138,194304,卖盘
366,09:51:30,14.08,0.0,12,16896,卖盘
367,09:51:33,14.08,0.0,44,61952,卖盘
368,09:51:39,14.07,-0.01,15,21105,卖盘
369,09:51:42,14.08,0.01,29,40807,买盘
370,09:51:45,14.05,-0.03,50,70271,卖盘
371,09:51:49,14.05,0.0,10,14050,卖盘
372,09:51:52,14.07,0.02,23,32348,买盘
373,09:51:57,14.05,-0.02,113,158765,卖盘
374,09:52:00,14.05,0.0,31,43615,卖盘
375,09:52:04,14.05,0.0,13,18265,卖盘
376,09:52:09,14.07,0.02,242,340030,买盘
377,09:52:12,14.05,-0.02,21,29505,卖盘
378,09:52:15,14.05,0.0,84,118020,卖盘
379,09:52:19,14.05,0.0,33,46365,卖盘
380,09:52:21,14.04,-0.01,79,111037,卖盘
381,09:52:24,14.08,0.04,94,132136,买盘
382,09:52:27,14.05,-0.03,29,40745,卖盘
383,09:52:30,14.04,-0.01,20,28099,卖盘
384,09:52:33,14.05,0.01,21,29502,买盘
385,09:52:36,14.04,-0.01,101,141814,卖盘
386,09:52:40,14.04,0.0,35,49140,买盘
387,09:52:42,14.04,0.0,20,28080,买盘
388,09:52:45,14.05,0.01,35,49172,买盘
389,09:52:48,14.04,-0.01,34,47742,卖盘
390,09:52:51,14.04,0.0,8,11232,买盘
391,09:52:54,14.05,0.01,39,54791,买盘
392,09:52:57,14.03,-0.02,137,192287,卖盘
393,09:53:00,14.05,0.02,1,1405,中性盘
394,09:53:06,14.05,0.0,1,1405,买盘
395,09:53:09,14.05,0.0,38,53355,买盘
396,09:53:12,14.07,0.02,7,9849,买盘
397,09:53:15,14.04,-0.03,42,58968,卖盘
398,09:53:18,14.04,0.0,5,7020,买盘
399,09:53:21,14.04,0.0,39,54750,买盘
400,09:53:24,14.04,0.0,16,22464,买盘
401,09:53:27,14.03,-0.01,38,53327,卖盘
402,09:53:30,14.04,0.01,47,66008,买盘
403,09:53:33,14.04,0.0,2,2808,卖盘
404,09:53:36,14.06,0.02,103,144661,中性盘
405,09:53:39,14.06,0.0,29,40774,卖盘
406,09:53:42,14.06,0.0,22,30932,卖盘
407,09:53:45,14.04,-0.02,4,5615,中性盘
408,09:53:48,14.04,0.0,54,75785,买盘
409,09:53:51,14.06,0.02,2,2810,买盘
410,09:53:54,14.06,0.0,9,12654,买盘
411,09:53:57,14.05,-0.01,16,22480,卖盘
412,09:54:00,14.04,-0.01,51,71629,卖盘
413,09:54:03,14.05,0.01,15,21075,买盘
414,09:54:06,14.05,0.0,35,49175,买盘
415,09:54:09,14.06,0.01,62,87132,买盘
416,09:54:12,14.04,-0.02,20,28116,卖盘
417,09:54:16,14.04,0.0,38,53389,卖盘
418,09:54:19,14.04,0.0,58,81432,买盘
419,09:54:21,14.06,0.02,41,57606,买盘
420,09:54:24,14.06,0.0,13,18278,买盘
421,09:54:27,14.04,-0.02,120,168628,卖盘
422,09:54:31,14.05,0.01,36,50580,卖盘
423,09:54:34,14.05,0.0,1,1405,买盘
424,09:54:36,14.04,-0.01,42,59004,卖盘
425,09:54:39,14.05,0.01,155,217705,买盘
426,09:54:42,14.05,0.0,39,54795,买盘
427,09:54:45,14.03,-0.02,3,4213,卖盘
428,09:54:48,14.04,0.01,55,77247,中性盘
429,09:54:54,14.05,0.01,4,5620,卖盘
430,09:54:57,14.05,0.0,30,42150,卖盘
431,09:55:00,14.05,0.0,12,16860,卖盘
432,09:55:04,14.04,-0.01,54,75825,卖盘
433,09:55:06,14.06,0.02,28,39368,卖盘
434,09:55:09,14.06,0.0,7,9844,卖盘
435,09:55:18,14.06,0.0,18,25308,卖盘
436,09:55:27,14.06,0.0,25,35135,买盘
437,09:55:30,14.05,-0.01,10,14055,卖盘
438,09:55:34,14.05,0.0,41,57605,卖盘
439,09:55:39,14.05,0.0,12,16860,卖盘
440,09:55:42,14.05,0.0,1,1405,买盘
441,09:55:48,14.05,0.0,31,43609,买盘
442,09:55:51,14.09,0.04,23,32407,买盘
443,09:55:55,14.06,-0.03,3,4218,卖盘
444,09:55:58,14.06,0.0,15,21090,卖盘
445,09:56:00,14.06,0.0,46,64676,卖盘
446,09:56:09,14.1,0.04,36,50707,买盘
447,09:56:18,14.06,-0.04,20,28133,卖盘
448,09:56:22,14.1,0.04,23,32421,买盘
449,09:56:27,14.06,-0.04,33,46420,卖盘
450,09:56:31,14.08,0.02,9,12664,中性盘
451,09:56:39,14.1,0.02,300,422388,买盘
452,09:56:48,14.06,-0.04,61,85766,卖盘
453,09:56:51,14.1,0.04,23,32413,买盘
454,09:56:57,14.06,-0.04,15,21090,卖盘
455,09:57:00,14.08,0.02,13,18282,买盘
456,09:57:04,14.07,-0.01,1,1407,买盘
457,09:57:06,14.1,0.03,15,21148,买盘
458,09:57:09,14.07,-0.03,8,11256,卖盘
459,09:57:12,14.09,0.02,28,39452,买盘
460,09:57:15,14.09,0.0,26,36634,买盘
461,09:57:18,14.1,0.01,33,46494,买盘
462,09:57:27,14.07,-0.03,10,14070,卖盘
463,09:57:30,14.06,-0.01,4,5626,卖盘
464,09:57:33,14.07,0.01,12,16884,买盘
465,09:57:36,14.1,0.03,9,12684,买盘
466,09:57:39,14.1,0.0,5,7047,卖盘
467,09:57:42,14.12,0.02,27,38128,买盘
468,09:57:45,14.1,-0.02,4,5644,卖盘
469,09:57:48,14.1,0.0,5,7050,卖盘
470,09:57:52,14.13,0.03,265,374445,买盘
471,09:57:54,14.14,0.01,23,32505,买盘
472,09:57:57,14.1,-0.04,22,31030,卖盘
473,09:58:00,14.09,-0.01,2,2819,卖盘
474,09:58:04,14.1,0.01,47,66270,买盘
475,09:58:09,14.09,-0.01,42,59240,卖盘
476,09:58:12,14.09,0.0,28,39502,卖盘
477,09:58:15,14.09,0.0,1,1409,卖盘
478,09:58:19,14.09,0.0,15,21137,卖盘
479,09:58:24,14.14,0.05,16,22591,买盘
480,09:58:27,14.1,-0.04,29,40932,卖盘
481,09:58:30,14.1,0.0,5,7050,卖盘
482,09:58:33,14.1,0.0,4,5640,卖盘
483,09:58:36,14.1,0.0,1,1410,卖盘
484,09:58:39,14.1,0.0,9,12690,卖盘
485,09:58:42,14.13,0.03,23,32499,买盘
486,09:58:45,14.1,-0.03,2,2820,卖盘
487,09:58:48,14.1,0.0,15,21171,卖盘
488,09:58:57,14.09,-0.01,15,21135,卖盘
489,09:59:00,14.08,-0.01,3,4226,卖盘
490,09:59:04,14.12,0.04,108,152472,买盘
491,09:59:09,14.12,0.0,89,125652,买盘
492,09:59:12,14.12,0.0,19,26812,买盘
493,09:59:15,14.08,-0.04,211,297088,卖盘
494,09:59:18,14.07,-0.01,129,181597,卖盘
495,09:59:21,14.14,0.07,24,33898,买盘
496,09:59:28,14.08,-0.06,15,21120,卖盘
497,09:59:30,14.08,0.0,39,54912,卖盘
498,09:59:33,14.08,0.0,34,47872,买盘
499,09:59:39,14.09,0.01,22,30998,卖盘
500,09:59:42,14.09,0.0,1,1409,买盘
501,09:59:45,14.09,0.0,2,2818,中性盘
502,09:59:48,14.09,0.0,5,7045,卖盘
503,09:59:51,14.09,0.0,11,15549,卖盘
504,09:59:58,14.09,0.0,15,21135,卖盘
505,10:00:01,14.09,0.0,4,5636,卖盘
506,10:00:04,14.14,0.05,32,45248,买盘
507,10:00:09,14.1,-0.04,2,2820,卖盘
508,10:00:12,14.1,0.0,12,16911,买盘
509,10:00:18,14.14,0.04,36,50880,买盘
510,10:00:27,14.1,-0.04,15,21150,卖盘
511,10:00:30,14.1,0.0,4,5640,卖盘
512,10:00:36,14.14,0.04,24,33912,买盘
513,10:00:40,14.15,0.01,31,43802,买盘
514,10:00:51,14.11,-0.04,6,8466,卖盘
515,10:00:54,14.15,0.04,48,67920,买盘
516,10:00:57,14.16,0.01,26,36734,买盘
517,10:01:00,14.16,0.0,11,15571,买盘
518,10:01:06,14.16,0.0,30,42480,买盘
519,10:01:09,14.12,-0.04,56,79171,卖盘
520,10:01:12,14.15,0.03,10,14150,买盘
521,10:01:18,14.12,-0.03,20,28240,卖盘
522,10:01:21,14.17,0.05,18,25421,买盘
523,10:01:27,14.12,-0.05,15,21180,卖盘
524,10:01:30,14.12,0.0,8,11296,卖盘
525,10:01:33,14.11,-0.01,12,16937,卖盘
526,10:01:36,14.16,0.05,15,21245,中性盘
527,10:01:40,14.12,-0.04,4,5648,卖盘
528,10:01:42,14.17,0.05,23,32589,买盘
529,10:01:51,14.12,-0.05,8,11296,卖盘
530,10:01:57,14.17,0.05,57,80524,买盘
531,10:02:00,14.12,-0.05,32,45334,卖盘
532,10:02:09,14.12,0.0,19,26832,卖盘
533,10:02:15,14.17,0.05,25,35397,买盘
534,10:02:21,14.12,-0.05,8,11296,卖盘
535,10:02:24,14.16,0.04,8,11328,买盘
536,10:02:27,14.12,-0.04,15,21180,卖盘
537,10:02:30,14.17,0.05,5,7065,买盘
538,10:02:36,14.12,-0.05,1,1412,卖盘
539,10:02:39,14.12,0.0,4,5648,卖盘
540,10:02:49,14.14,0.02,34,48148,卖盘
541,10:02:51,14.14,0.0,3,4242,卖盘
542,10:02:57,14.14,0.0,15,21210,卖盘
543,10:03:00,14.14,0.0,6,8484,卖盘
544,10:03:03,14.14,0.0,1,1414,卖盘
545,10:03:06,14.14,0.0,8,11313,卖盘
546,10:03:10,14.14,0.0,28,39655,卖盘
547,10:03:18,14.14,0.0,18,25476,卖盘
548,10:03:21,14.15,0.01,12,16974,中性盘
549,10:03:24,14.14,-0.01,27,38217,卖盘
550,10:03:27,14.14,0.0,15,21210,卖盘
551,10:03:30,14.14,0.0,8,11312,卖盘
552,10:03:39,14.14,0.0,10,14140,卖盘
553,10:03:42,14.14,0.0,1,1414,卖盘
554,10:03:46,14.14,0.0,21,29704,卖盘
555,10:03:51,14.14,0.0,6,8484,卖盘
556,10:03:54,14.17,0.03,8,11336,买盘
557,10:03:57,14.14,-0.03,25,35350,卖盘
558,10:04:00,14.14,0.0,10,14140,卖盘
559,10:04:09,14.12,-0.02,7,9884,卖盘
560,10:04:12,14.14,0.02,4,5656,中性盘
561,10:04:21,14.15,0.01,10,14148,买盘
562,10:04:24,14.14,-0.01,5,7070,卖盘
563,10:04:27,14.14,0.0,15,21210,卖盘
564,10:04:30,14.14,0.0,7,9898,卖盘
565,10:04:33,14.14,0.0,2,2828,卖盘
566,10:04:36,14.14,0.0,1,1414,卖盘
567,10:04:40,14.14,0.0,2,2828,卖盘
568,10:04:42,14.14,0.0,5,7070,卖盘
569,10:04:51,14.14,0.0,1,1414,卖盘
570,10:04:54,14.15,0.01,27,38205,买盘
571,10:04:57,14.15,0.0,27,38212,卖盘
572,10:05:00,14.15,0.0,1,1415,卖盘
573,10:05:06,14.16,0.01,8,11328,买盘
574,10:05:09,14.15,-0.01,11,15565,卖盘
575,10:05:15,14.15,0.0,50,70750,卖盘
576,10:05:18,14.15,0.0,172,243380,买盘
577,10:05:21,14.14,-0.01,7,9898,卖盘
578,10:05:27,14.14,0.0,21,29694,买盘
579,10:05:31,14.14,0.0,28,39608,卖盘
580,10:05:39,14.12,-0.02,10,14120,卖盘
581,10:05:42,14.14,0.02,1,1414,买盘
582,10:05:51,14.14,0.0,12,16958,买盘
583,10:05:54,14.12,-0.02,3,4236,卖盘
584,10:05:57,14.12,0.0,23,32492,卖盘
585,10:06:04,14.12,0.0,4,5648,卖盘
586,10:06:06,14.12,0.0,1,1412,卖盘
587,10:06:09,14.12,0.0,9,12708,卖盘
588,10:06:18,14.14,0.02,12,16960,买盘
589,10:06:21,14.14,0.0,10,14136,买盘
590,10:06:27,14.12,-0.02,15,21180,卖盘
591,10:06:30,14.13,0.01,12,16952,中性盘
592,10:06:39,14.12,-0.01,5,7060,卖盘
593,10:06:42,14.13,0.01,5,7065,买盘
594,10:06:48,14.13,0.0,13,18359,买盘
595,10:06:51,14.13,0.0,2,2826,卖盘
596,10:06:57,14.13,0.0,15,21195,卖盘
597,10:07:00,14.13,0.0,43,60815,卖盘
598,10:07:06,14.13,0.0,18,25434,卖盘
599,10:07:12,14.13,0.0,11,15543,卖盘
600,10:07:21,14.12,-0.01,2,2824,卖盘
601,10:07:27,14.13,0.01,11,15543,买盘
602,10:07:33,14.12,-0.01,15,21180,卖盘
603,10:07:36,14.14,0.02,10,14135,买盘
604,10:07:40,14.15,0.01,8,11320,买盘
605,10:07:43,14.12,-0.03,5,7060,卖盘
606,10:07:48,14.15,0.03,13,18380,买盘
607,10:07:51,14.12,-0.03,34,48008,卖盘
608,10:07:57,14.15,0.03,18,25425,买盘
609,10:08:00,14.12,-0.03,15,21180,卖盘
610,10:08:12,14.12,0.0,3,4236,卖盘
611,10:08:15,14.15,0.03,8,11320,买盘
612,10:08:21,14.12,-0.03,6,8472,卖盘
613,10:08:24,14.15,0.03,8,11320,买盘
614,10:08:27,14.12,-0.03,15,21180,卖盘
615,10:08:30,14.12,0.0,2,2824,卖盘
616,10:08:33,14.15,0.03,1,1415,买盘
617,10:08:36,14.15,0.0,8,11320,买盘
618,10:08:39,14.15,0.0,8,11320,买盘
619,10:08:42,14.12,-0.03,5,7060,卖盘
620,10:08:45,14.12,0.0,60,84720,卖盘
621,10:08:52,14.12,0.0,25,35324,卖盘
622,10:08:57,14.12,0.0,15,21180,卖盘
623,10:09:00,14.12,0.0,5,7060,卖盘
624,10:09:03,14.12,0.0,9,12732,卖盘
625,10:09:12,14.12,0.0,6,8472,卖盘
626,10:09:21,14.12,0.0,1,1412,卖盘
627,10:09:27,14.12,0.0,13,18356,卖盘
628,10:09:30,14.12,0.0,8,11296,买盘
629,10:09:33,14.11,-0.01,3,4233,卖盘
630,10:09:39,14.11,0.0,29,40935,卖盘
631,10:09:42,14.12,0.01,10,14118,买盘
632,10:09:51,14.11,-0.01,8,11288,卖盘
633,10:09:54,14.11,0.0,8,11288,卖盘
634,10:09:57,14.11,0.0,2,2822,卖盘
635,10:10:00,14.1,-0.01,4,5640,卖盘
636,10:10:03,14.1,0.0,197,277770,卖盘
637,10:10:06,14.11,0.01,8,11288,买盘
638,10:10:09,14.1,-0.01,2,2820,卖盘
639,10:10:12,14.1,0.0,1,1410,卖盘
640,10:10:21,14.1,0.0,54,76148,卖盘
641,10:10:24,14.1,0.0,1,1410,卖盘
642,10:10:27,14.1,0.0,15,21150,卖盘
643,10:10:30,14.1,0.0,15,21150,卖盘
644,10:10:36,14.11,0.01,4,5642,买盘
645,10:10:42,14.12,0.01,18,25413,买盘
646,10:10:46,14.11,-0.01,3,4233,卖盘
647,10:10:52,14.1,-0.01,13,18338,卖盘
648,10:10:54,14.11,0.01,19,26809,买盘
649,10:10:57,14.1,-0.01,35,49351,卖盘
650,10:11:00,14.1,0.0,2,2820,卖盘
651,10:11:06,14.15,0.05,8,11320,买盘
652,10:11:09,14.15,0.0,4,5660,买盘
653,10:11:15,14.11,-0.04,5,7055,卖盘
654,10:11:21,14.15,0.04,8,11320,买盘
655,10:11:24,14.11,-0.04,4,5644,卖盘
656,10:11:27,14.11,0.0,15,21165,卖盘
657,10:11:57,14.12,0.01,15,21180,卖盘
658,10:12:00,14.15,0.03,3,4245,买盘
659,10:12:09,14.13,-0.02,2,2826,卖盘
660,10:12:12,14.15,0.02,8,11320,买盘
661,10:12:18,14.15,0.0,10,14150,买盘
662,10:12:27,14.14,-0.01,23,32530,卖盘
663,10:12:30,14.14,0.0,30,42420,卖盘
664,10:12:33,14.15,0.01,88,124520,买盘
665,10:12:36,14.15,0.0,13,18395,买盘
666,10:12:43,14.16,0.01,113,160008,买盘
667,10:12:46,14.16,0.0,62,87792,买盘
668,10:12:58,14.14,-0.02,15,21215,卖盘
669,10:13:01,14.17,0.03,8,11336,买盘
670,10:13:12,14.16,-0.01,24,33984,买盘
671,10:13:18,14.17,0.01,8,11335,买盘
672,10:13:27,14.16,-0.01,1,1416,卖盘
673,10:13:30,14.17,0.01,19,26909,买盘
674,10:13:42,14.17,0.0,4,5668,买盘
675,10:13:51,14.17,0.0,1,1417,买盘
676,10:13:55,14.17,0.0,8,11336,买盘
677,10:13:57,14.16,-0.01,10,14160,卖盘
678,10:14:06,14.16,0.0,5,7080,买盘
679,10:14:12,14.17,0.01,6,8502,买盘
680,10:14:15,14.16,-0.01,1,1416,卖盘
681,10:14:24,14.16,0.0,18,25496,卖盘
682,10:14:30,14.16,0.0,8,11328,买盘
683,10:14:33,14.16,0.0,8,11328,买盘
684,10:14:42,14.15,-0.01,4,5660,卖盘
685,10:14:48,14.15,0.0,8,11320,卖盘
686,10:14:51,14.16,0.01,1,1416,买盘
687,10:14:58,14.15,-0.01,6,8490,卖盘
688,10:15:00,14.15,0.0,5,7075,买盘
689,10:15:04,14.15,0.0,1,1415,买盘
690,10:15:06,14.15,0.0,1,1415,买盘
691,10:15:09,14.16,0.01,32,45310,买盘
692,10:15:15,14.16,0.0,13,18408,买盘
693,10:15:18,14.16,0.0,29,41064,买盘
694,10:15:21,14.16,0.0,6,8496,卖盘
695,10:15:27,14.16,0.0,9,12744,卖盘
696,10:15:34,14.16,0.0,8,11328,买盘
697,10:15:45,14.14,-0.02,23,32539,卖盘
698,10:15:48,14.16,0.02,1,1416,买盘
699,10:15:51,14.16,0.0,8,11328,买盘
700,10:15:57,14.16,0.0,18,25454,买盘
701,10:16:00,14.16,0.0,8,11328,买盘
702,10:16:12,14.16,0.0,80,113280,买盘
703,10:16:27,14.17,0.01,20,28325,买盘
704,10:16:30,14.17,0.0,13,18416,买盘
705,10:16:42,14.16,-0.01,1,1416,买盘
706,10:16:45,14.15,-0.01,10,14155,卖盘
707,10:16:55,14.17,0.02,16,22672,买盘
708,10:16:57,14.15,-0.02,15,21225,卖盘
709,10:17:00,14.15,0.0,22,31163,卖盘
710,10:17:06,14.17,0.02,12,17004,买盘
711,10:17:09,14.15,-0.02,5,7075,卖盘
712,10:17:27,14.16,0.01,16,22656,卖盘
713,10:17:30,14.17,0.01,31,43902,买盘
714,10:17:57,14.15,-0.02,15,21225,卖盘
715,10:18:01,14.16,0.01,16,22656,买盘
716,10:18:27,14.15,-0.01,38,53778,卖盘
717,10:18:36,14.16,0.01,5,7080,买盘
718,10:18:39,14.15,-0.01,3,4245,卖盘
719,10:18:42,14.15,0.0,14,19813,卖盘
720,10:18:48,14.15,0.0,100,141500,卖盘
721,10:18:54,14.16,0.01,16,22656,买盘
722,10:18:57,14.15,-0.01,15,21225,卖盘
723,10:19:03,14.15,0.0,1,1415,卖盘
724,10:19:06,14.15,0.0,3,4245,卖盘
725,10:19:15,14.15,0.0,30,42450,卖盘
726,10:19:21,14.16,0.01,3,5126,买盘
727,10:19:28,14.16,0.0,9,11866,卖盘
728,10:19:34,14.16,0.0,8,11328,买盘
729,10:19:36,14.16,0.0,7,9912,买盘
730,10:19:51,14.15,-0.01,1,1415,卖盘
731,10:19:54,14.16,0.01,1,1416,买盘
732,10:19:57,14.15,-0.01,16,22640,卖盘
733,10:20:04,14.16,0.01,8,11328,买盘
734,10:20:15,14.16,0.0,4,5664,买盘
735,10:20:18,14.16,0.0,15,21240,买盘
736,10:20:22,14.16,0.0,1,1416,买盘
737,10:20:27,14.15,-0.01,15,21225,卖盘
738,10:20:33,14.16,0.01,10,14160,买盘
739,10:20:36,14.16,0.0,13,18408,买盘
740,10:20:42,14.16,0.0,100,141600,买盘
741,10:20:57,14.15,-0.01,15,21225,卖盘
742,10:21:01,14.16,0.01,16,22514,买盘
743,10:21:04,14.16,0.0,7,9912,卖盘
744,10:21:06,14.16,0.0,1,1416,卖盘
745,10:21:12,14.16,0.0,2,2974,卖盘
746,10:21:15,14.17,0.01,8,11335,卖盘
747,10:21:28,14.15,-0.02,15,21225,卖盘
748,10:21:33,14.15,0.0,5,7075,卖盘
749,10:21:51,14.15,0.0,6,8490,卖盘
750,10:21:57,14.15,0.0,15,21225,卖盘
751,10:22:22,14.15,0.0,13,18395,卖盘
752,10:22:24,14.17,0.02,32,45331,买盘
753,10:22:27,14.15,-0.02,15,21225,卖盘
754,10:22:33,14.17,0.02,1,1417,买盘
755,10:22:36,14.17,0.0,18,25506,买盘
756,10:22:45,14.15,-0.02,7,9905,卖盘
757,10:22:51,14.14,-0.01,14,19796,卖盘
758,10:22:54,14.14,0.0,6,8484,买盘
759,10:22:57,14.13,-0.01,21,29679,卖盘
760,10:23:00,14.15,0.02,8,11319,买盘
761,10:23:03,14.15,0.0,5,7075,买盘
762,10:23:24,14.14,-0.01,3,4242,卖盘
763,10:23:27,14.14,0.0,7,9898,卖盘
764,10:23:36,14.14,0.0,8,11312,买盘
765,10:23:39,14.14,0.0,3,4242,卖盘
766,10:23:42,14.13,-0.01,83,117296,卖盘
767,10:23:57,14.12,-0.01,15,21180,卖盘
768,10:24:12,14.13,0.01,8,11304,买盘
769,10:24:18,14.13,0.0,8,11304,买盘
770,10:24:28,14.12,-0.01,86,121432,卖盘
771,10:24:30,14.12,0.0,10,14120,中性盘
772,10:24:58,14.12,0.0,15,21180,卖盘
773,10:25:04,14.13,0.01,5,7064,买盘
774,10:25:12,14.13,0.0,13,18373,卖盘
775,10:25:18,14.1,-0.03,211,297692,卖盘
776,10:25:24,14.15,0.05,39,55185,买盘
777,10:25:27,14.12,-0.03,15,21180,卖盘
778,10:25:33,14.13,0.01,3,4239,中性盘
779,10:25:45,14.15,0.02,68,96220,买盘
780,10:25:51,14.15,0.0,6,8490,买盘
781,10:25:54,14.14,-0.01,1,1414,卖盘
782,10:25:57,14.14,0.0,15,21210,卖盘
783,10:26:00,14.15,0.01,8,11320,买盘
784,10:26:03,14.15,0.0,8,11320,买盘
785,10:26:24,14.15,0.0,16,22640,买盘
786,10:26:27,14.14,-0.01,15,21210,卖盘
787,10:26:30,14.14,0.0,9,12734,卖盘
788,10:26:33,14.15,0.01,13,18395,买盘
789,10:26:36,14.15,0.0,3,4245,买盘
790,10:26:39,14.15,0.0,8,11320,买盘
791,10:26:42,14.15,0.0,8,11320,买盘
792,10:26:51,14.14,-0.01,14,19796,卖盘
793,10:26:57,14.13,-0.01,16,22615,卖盘
794,10:27:00,14.14,0.01,22,31102,买盘
795,10:27:03,14.14,0.0,8,11312,买盘
796,10:27:27,14.12,-0.02,15,21180,卖盘
797,10:27:33,14.14,0.02,8,11312,买盘
798,10:27:40,14.13,-0.01,8,11304,买盘
799,10:27:42,14.14,0.01,8,11311,买盘
800,10:27:51,14.14,0.0,16,22624,买盘
801,10:27:54,14.14,0.0,2,2828,买盘
802,10:27:57,14.13,-0.01,17,24021,卖盘
803,10:28:00,14.13,0.0,3,4239,买盘
804,10:28:04,14.13,0.0,2,2826,买盘
805,10:28:07,14.13,0.0,10,14130,买盘
806,10:28:10,14.14,0.01,48,67834,买盘
807,10:28:12,14.12,-0.02,29,40954,卖盘
808,10:28:18,14.14,0.02,8,11312,买盘
809,10:28:24,14.13,-0.01,2,2826,卖盘
810,10:28:27,14.13,0.0,15,21195,卖盘
811,10:28:31,14.14,0.01,9,12725,买盘
812,10:28:33,14.14,0.0,15,21210,买盘
813,10:28:36,14.13,-0.01,21,29674,卖盘
814,10:28:42,14.14,0.01,8,11312,买盘
815,10:28:45,14.13,-0.01,23,32499,卖盘
816,10:28:51,14.13,0.0,20,28260,买盘
817,10:28:55,14.13,0.0,2,2826,买盘
818,10:28:58,14.12,-0.01,31,43788,卖盘
819,10:29:01,14.13,0.01,1,1413,买盘
820,10:29:04,14.13,0.0,39,55107,买盘
821,10:29:12,14.12,-0.01,4,5648,卖盘
822,10:29:15,14.14,0.02,12,16964,买盘
823,10:29:27,14.12,-0.02,23,32500,卖盘
824,10:29:30,14.15,0.03,8,11320,买盘
825,10:29:43,14.15,0.0,17,24055,买盘
826,10:29:51,14.15,0.0,8,11318,买盘
827,10:29:54,14.12,-0.03,1,1412,卖盘
828,10:29:57,14.14,0.02,15,21210,中性盘
829,10:30:04,14.12,-0.02,12,16957,卖盘
830,10:30:06,14.15,0.03,16,22640,买盘
831,10:30:18,14.15,0.0,8,11320,买盘
832,10:30:21,14.12,-0.03,3,4236,卖盘
833,10:30:27,14.12,0.0,4,5648,卖盘
834,10:30:30,14.12,0.0,1,1412,买盘
835,10:30:33,14.12,0.0,10,14120,买盘
836,10:30:54,14.12,0.0,1,1412,卖盘
837,10:30:58,14.12,0.0,40,56579,卖盘
838,10:31:00,14.12,0.0,8,11296,买盘
839,10:31:24,14.12,0.0,6,8472,卖盘
840,10:31:27,14.12,0.0,4,5648,卖盘
841,10:31:30,14.12,0.0,11,15532,买盘
842,10:31:39,14.12,0.0,25,35305,卖盘
843,10:31:42,14.15,0.03,8,11320,买盘
844,10:31:45,14.15,0.0,3,4245,买盘
845,10:31:52,14.15,0.0,11,15565,买盘
846,10:31:54,14.15,0.0,27,38205,买盘
847,10:31:57,14.12,-0.03,7,9884,卖盘
848,10:32:00,14.12,0.0,11,15532,买盘
849,10:32:21,14.12,0.0,10,14120,卖盘
850,10:32:27,14.12,0.0,15,21180,卖盘
851,10:32:39,14.14,0.02,1,1414,买盘
852,10:32:51,14.15,0.01,98,138616,买盘
853,10:32:57,14.12,-0.03,18,25416,卖盘
854,10:33:06,14.15,0.03,2,2830,买盘
855,10:33:18,14.15,0.0,1,1415,买盘
856,10:33:21,14.13,-0.02,2,2826,中性盘
857,10:33:24,14.13,0.0,31,43803,买盘
858,10:33:27,14.12,-0.01,5,7060,卖盘
859,10:33:30,14.12,0.0,10,14120,买盘
860,10:33:39,14.12,0.0,1,1412,卖盘
861,10:33:52,14.15,0.03,55,77825,买盘
862,10:33:57,14.13,-0.02,15,21195,卖盘
863,10:34:00,14.15,0.02,23,32537,买盘
864,10:34:04,14.15,0.0,7,9905,买盘
865,10:34:07,14.15,0.0,8,11320,买盘
866,10:34:09,14.15,0.0,5,7075,买盘
867,10:34:12,14.15,0.0,2,2830,买盘
868,10:34:15,14.16,0.01,20,28320,买盘
869,10:34:18,14.16,0.0,25,35400,买盘
870,10:34:21,14.15,-0.01,3,4245,卖盘
871,10:34:24,14.16,0.01,30,42453,买盘
872,10:34:27,14.14,-0.02,13,18382,卖盘
873,10:34:31,14.14,0.0,5,7070,买盘
874,10:34:36,14.15,0.01,1,1415,买盘
875,10:34:48,14.16,0.01,11,15576,买盘
876,10:34:51,14.15,-0.01,1,1415,卖盘
877,10:34:57,14.15,0.0,28,39620,卖盘
878,10:35:12,14.15,0.0,18,25470,买盘
879,10:35:15,14.14,-0.01,4,5659,卖盘
880,10:35:24,14.15,0.01,6,8490,买盘
881,10:35:27,14.15,0.0,12,16980,卖盘
882,10:35:57,14.14,-0.01,15,21210,卖盘
883,10:36:24,14.15,0.01,1,1415,买盘
884,10:36:27,14.14,-0.01,22,31115,卖盘
885,10:36:30,14.15,0.01,2,2830,买盘
886,10:36:33,14.15,0.0,1,1415,卖盘
887,10:36:39,14.15,0.0,5,7075,卖盘
888,10:36:52,14.16,0.01,1,1416,买盘
889,10:36:57,14.15,-0.01,16,22641,卖盘
890,10:37:03,14.16,0.01,1,1416,买盘
891,10:37:09,14.15,-0.01,5,7075,卖盘
892,10:37:12,14.16,0.01,29,41064,买盘
893,10:37:16,14.16,0.0,30,42480,买盘
894,10:37:27,14.15,-0.01,15,21225,卖盘
895,10:37:30,14.15,0.0,1,1415,卖盘
896,10:37:33,14.16,0.01,2,2831,买盘
897,10:37:43,14.16,0.0,1,1416,买盘
898,10:37:57,14.15,-0.01,15,21225,卖盘
899,10:38:27,14.15,0.0,17,24056,卖盘
900,10:38:45,14.15,0.0,2,2830,卖盘
901,10:38:57,14.15,0.0,14,19810,卖盘
902,10:39:00,14.15,0.0,3,4245,买盘
903,10:39:04,14.15,0.0,1,1415,买盘
904,10:39:12,14.15,0.0,14,19810,卖盘
905,10:39:15,14.16,0.01,18,25488,买盘
906,10:39:24,14.16,0.0,30,42480,买盘
907,10:39:27,14.15,-0.01,16,22641,卖盘
908,10:39:30,14.16,0.01,6,8496,买盘
909,10:39:33,14.16,0.0,20,28320,买盘
910,10:39:36,14.14,-0.02,4,5659,卖盘
911,10:39:57,14.15,0.01,15,21225,中性盘
912,10:40:00,14.16,0.01,50,70800,买盘
913,10:40:04,14.16,0.0,12,16992,买盘
914,10:40:15,14.16,0.0,25,35400,买盘
915,10:40:27,14.15,-0.01,15,21225,卖盘
916,10:40:30,14.16,0.01,5,7080,买盘
917,10:40:34,14.16,0.0,18,25488,买盘
918,10:40:37,14.16,0.0,57,80712,买盘
919,10:40:58,14.16,0.0,15,21240,卖盘
920,10:41:04,14.16,0.0,33,46746,卖盘
921,10:41:18,14.17,0.01,1,1417,买盘
922,10:41:27,14.16,-0.01,33,46746,卖盘
923,10:41:36,14.18,0.02,370,524446,买盘
924,10:41:51,14.17,-0.01,9,12753,卖盘
925,10:41:54,14.17,0.0,18,25506,买盘
926,10:41:58,14.16,-0.01,15,21240,卖盘
927,10:42:00,14.18,0.02,370,524534,买盘
928,10:42:16,14.18,0.0,51,72318,买盘
929,10:42:18,14.18,0.0,118,167324,买盘
930,10:42:21,14.17,-0.01,21,29757,卖盘
931,10:42:27,14.16,-0.01,15,21240,卖盘
932,10:42:39,14.19,0.03,370,524870,买盘
933,10:42:48,14.19,0.0,18,25542,买盘
934,10:42:51,14.19,0.0,50,70950,买盘
935,10:42:57,14.18,-0.01,15,21270,卖盘
936,10:43:00,14.18,0.0,7,9926,卖盘
937,10:43:06,14.19,0.01,100,141900,买盘
938,10:43:09,14.19,0.0,18,25542,买盘
939,10:43:18,14.19,0.0,52,74597,买盘
940,10:43:21,14.19,0.0,9,11962,卖盘
941,10:43:27,14.18,-0.01,48,68111,卖盘
942,10:43:33,14.19,0.01,206,292371,买盘
943,10:43:39,14.2,0.01,50,70970,买盘
944,10:43:45,14.19,-0.01,18,25542,卖盘
945,10:43:48,14.19,0.0,2,2838,买盘
946,10:43:52,14.2,0.01,42,59599,买盘
947,10:43:54,14.19,-0.01,50,70950,卖盘
948,10:43:57,14.19,0.0,15,21285,卖盘
949,10:44:00,14.19,0.0,3,4257,卖盘
950,10:44:04,14.19,0.0,19,26961,买盘
951,10:44:09,14.19,0.0,50,70950,买盘
952,10:44:15,14.19,0.0,5,7095,买盘
953,10:44:18,14.19,0.0,4,5676,卖盘
954,10:44:21,14.19,0.0,67,95098,卖盘
955,10:44:27,14.2,0.01,218,309560,买盘
956,10:44:30,14.19,-0.01,15,21285,卖盘
957,10:44:33,14.2,0.01,9,12780,买盘
958,10:44:36,14.2,0.0,1,1420,买盘
959,10:44:39,14.2,0.0,63,89460,买盘
960,10:44:42,14.2,0.0,9,12780,买盘
961,10:44:45,14.2,0.0,11,15620,买盘
962,10:44:48,14.2,0.0,397,563723,买盘
963,10:44:51,14.2,0.0,127,181149,买盘
964,10:44:54,14.2,0.0,2,2840,卖盘
965,10:45:00,14.2,0.0,15,21300,卖盘
966,10:45:04,14.21,0.01,1,1421,买盘
967,10:45:06,14.21,0.0,57,80997,买盘
968,10:45:19,14.21,0.0,307,436247,买盘
969,10:45:22,14.21,0.0,125,177625,买盘
970,10:45:24,14.22,0.01,114,162108,买盘
971,10:45:27,14.22,0.0,15,21330,卖盘
972,10:45:30,14.23,0.01,9,12807,买盘
973,10:45:33,14.22,-0.01,57,81099,卖盘
974,10:45:36,14.23,0.01,30,42670,买盘
975,10:45:40,14.23,0.0,42,59766,买盘
976,10:45:51,14.23,0.0,16,22768,买盘
977,10:45:57,14.22,-0.01,15,21340,卖盘
978,10:46:00,14.24,0.02,380,540851,买盘
979,10:46:06,14.24,0.0,6,8544,买盘
980,10:46:09,14.23,-0.01,17,24191,中性盘
981,10:46:12,14.23,0.0,3,4269,买盘
982,10:46:21,14.23,0.0,22,31306,买盘
983,10:46:27,14.22,-0.01,15,21330,卖盘
984,10:46:30,14.22,0.0,66,93852,卖盘
985,10:46:45,14.2,-0.02,266,377736,卖盘
986,10:46:54,14.2,0.0,10,14208,卖盘
987,10:47:00,14.2,0.0,15,21300,卖盘
988,10:47:06,14.21,0.01,10,14210,买盘
989,10:47:09,14.2,-0.01,6,7711,卖盘
990,10:47:18,14.21,0.01,1,1421,买盘
991,10:47:27,14.21,0.0,4,5684,买盘
992,10:47:31,14.21,0.0,15,21315,卖盘
993,10:47:36,14.22,0.01,67,95274,买盘
994,10:47:42,14.22,0.0,5,7110,卖盘
995,10:47:48,14.22,0.0,2,2844,卖盘
996,10:47:51,14.23,0.01,10,14230,买盘
997,10:47:54,14.23,0.0,1,1423,买盘
998,10:48:00,14.22,-0.01,15,21330,卖盘
999,10:48:04,14.23,0.01,33,46959,买盘
1000,10:48:12,14.22,-0.01,30,42670,卖盘
1001,10:48:24,14.22,0.0,1,1422,卖盘
1002,10:48:30,14.22,0.0,9,12798,卖盘
1003,10:48:36,14.23,0.01,18,25600,买盘
1004,10:48:51,14.23,0.0,6,8538,买盘
1005,10:48:54,14.23,0.0,32,45536,买盘
1006,10:48:57,14.22,-0.01,21,29863,卖盘
1007,10:49:00,14.22,0.0,15,21330,卖盘
1008,10:49:04,14.23,0.01,31,44103,买盘
1009,10:49:06,14.23,0.0,1,1423,卖盘
1010,10:49:09,14.23,0.0,21,29883,卖盘
1011,10:49:12,14.23,0.0,10,14230,卖盘
1012,10:49:30,14.23,0.0,15,21345,卖盘
1013,10:49:51,14.23,0.0,53,75419,卖盘
1014,10:49:54,14.23,0.0,2,2846,卖盘
1015,10:50:00,14.23,0.0,15,21345,卖盘
1016,10:50:04,14.23,0.0,4,5692,卖盘
1017,10:50:06,14.23,0.0,3,4269,卖盘
1018,10:50:15,14.24,0.01,2,2848,买盘
1019,10:50:18,14.23,-0.01,6,8538,卖盘
1020,10:50:30,14.23,0.0,15,21345,卖盘
1021,10:50:33,14.24,0.01,14,19932,买盘
1022,10:50:39,14.23,-0.01,87,123801,卖盘
1023,10:50:45,14.23,0.0,149,212016,买盘
1024,10:50:51,14.22,-0.01,19,27018,买盘
1025,10:51:00,14.2,-0.02,15,21300,卖盘
1026,10:51:03,14.22,0.02,1,1422,买盘
1027,10:51:06,14.2,-0.02,19,26980,卖盘
1028,10:51:12,14.2,0.0,34,48280,卖盘
1029,10:51:30,14.2,0.0,23,32660,卖盘
1030,10:51:46,14.21,0.01,1,1421,买盘
1031,10:51:54,14.2,-0.01,26,36920,卖盘
1032,10:51:57,14.2,0.0,5,7100,卖盘
1033,10:52:01,14.2,0.0,15,21300,卖盘
1034,10:52:09,14.2,0.0,34,48280,卖盘
1035,10:52:18,14.2,0.0,4,5680,买盘
1036,10:52:21,14.19,-0.01,3,4257,卖盘
1037,10:52:24,14.19,0.0,1,1419,卖盘
1038,10:52:30,14.19,0.0,15,21285,卖盘
1039,10:52:33,14.2,0.01,4,5680,买盘
1040,10:52:45,14.2,0.0,3,4260,卖盘
1041,10:52:48,14.21,0.01,7,9947,买盘
1042,10:52:51,14.21,0.0,1,1421,买盘
1043,10:53:00,14.2,-0.01,15,21300,卖盘
1044,10:53:04,14.2,0.0,8,11360,卖盘
1045,10:53:12,14.2,0.0,1,1420,买盘
1046,10:53:15,14.2,0.0,3,4260,买盘
1047,10:53:24,14.2,0.0,1,1420,卖盘
1048,10:53:27,14.2,0.0,1,1420,卖盘
1049,10:53:30,14.19,-0.01,2,2838,卖盘
1050,10:53:42,14.19,0.0,13,18447,卖盘
1051,10:53:54,14.19,0.0,20,28380,卖盘
1052,10:53:57,14.2,0.01,15,21300,买盘
1053,10:54:00,14.19,-0.01,15,21285,卖盘
1054,10:54:06,14.19,0.0,27,38313,卖盘
1055,10:54:18,14.19,0.0,2,2839,卖盘
1056,10:54:24,14.19,0.0,3,4257,卖盘
1057,10:54:30,14.19,0.0,15,21285,卖盘
1058,10:54:36,14.19,0.0,35,49665,卖盘
1059,10:54:51,14.19,0.0,10,14190,卖盘
1060,10:55:00,14.2,0.01,22,31225,买盘
1061,10:55:03,14.2,0.0,10,14200,买盘
1062,10:55:06,14.2,0.0,12,17040,买盘
1063,10:55:10,14.2,0.0,3,4260,买盘
1064,10:55:12,14.2,0.0,2,2840,买盘
1065,10:55:16,14.2,0.0,6,8520,买盘
1066,10:55:21,14.2,0.0,4,5680,卖盘
1067,10:55:24,14.2,0.0,1,1420,卖盘
1068,10:55:30,14.19,-0.01,15,21285,卖盘
1069,10:55:42,14.19,0.0,5,7095,卖盘
1070,10:55:45,14.21,0.02,1,1421,买盘
1071,10:55:48,14.21,0.0,10,14210,买盘
1072,10:55:51,14.21,0.0,7,9947,买盘
1073,10:55:54,14.21,0.0,4,5684,买盘
1074,10:55:57,14.21,0.0,3,4263,买盘
1075,10:56:00,14.21,0.0,17,24127,买盘
1076,10:56:18,14.19,-0.02,1,1419,卖盘
1077,10:56:24,14.19,0.0,20,28380,卖盘
1078,10:56:30,14.19,0.0,16,22706,卖盘
1079,10:57:00,14.19,0.0,15,21285,卖盘
1080,10:57:04,14.22,0.03,32,45494,买盘
1081,10:57:06,14.19,-0.03,3,4257,卖盘
1082,10:57:12,14.21,0.02,4,5684,卖盘
1083,10:57:18,14.2,-0.01,1,1420,卖盘
1084,10:57:21,14.2,0.0,2,2840,卖盘
1085,10:57:27,14.21,0.01,2,2842,卖盘
1086,10:57:30,14.21,0.0,15,21315,卖盘
1087,10:57:45,14.22,0.01,1,1422,买盘
1088,10:57:57,14.21,-0.01,2,2842,卖盘
1089,10:58:00,14.21,0.0,4,5684,卖盘
1090,10:58:15,14.2,-0.01,2,2840,卖盘
1091,10:58:18,14.21,0.01,2,2842,买盘
1092,10:58:27,14.21,0.0,2,2842,买盘
1093,10:58:30,14.2,-0.01,3,4260,卖盘
1094,10:58:34,14.2,0.0,3,4260,买盘
1095,10:58:36,14.22,0.02,130,184835,买盘
1096,10:58:48,14.23,0.01,1,1423,买盘
1097,10:58:51,14.22,-0.01,1,1422,卖盘
1098,10:58:57,14.23,0.01,283,402709,买盘
1099,10:59:00,14.23,0.0,15,21345,卖盘
1100,10:59:04,14.24,0.01,302,430038,买盘
1101,10:59:09,14.22,-0.02,3,4266,卖盘
1102,10:59:18,14.23,0.01,12,17078,卖盘
1103,10:59:21,14.23,0.0,1,1423,卖盘
1104,10:59:24,14.23,0.0,1,1423,卖盘
1105,10:59:27,14.24,0.01,74,105375,买盘
1106,10:59:30,14.24,0.0,277,394433,买盘
1107,10:59:33,14.23,-0.01,5,7115,买盘
1108,10:59:57,14.23,0.0,1,1423,买盘
1109,11:00:00,14.22,-0.01,15,21330,卖盘
1110,11:00:04,14.23,0.01,4,5692,买盘
1111,11:00:12,14.22,-0.01,3,4266,卖盘
1112,11:00:21,14.23,0.01,6,8538,买盘
1113,11:00:27,14.23,0.0,74,105302,买盘
1114,11:00:30,14.23,0.0,16,22753,买盘
1115,11:00:42,14.23,0.0,5,7115,买盘
1116,11:00:45,14.23,0.0,5,7115,买盘
1117,11:00:54,14.23,0.0,2,2846,买盘
1118,11:01:00,14.23,0.0,1,1423,卖盘
1119,11:01:04,14.23,0.0,5,7115,买盘
1120,11:01:06,14.23,0.0,3,4269,买盘
1121,11:01:09,14.24,0.01,8,11386,买盘
1122,11:01:18,14.24,0.0,11,15663,买盘
1123,11:01:27,14.25,0.01,73,104025,买盘
1124,11:01:30,14.24,-0.01,6,8544,卖盘
1125,11:01:33,14.24,0.0,10,14240,买盘
1126,11:01:36,14.25,0.01,10,14250,买盘
1127,11:01:48,14.25,0.0,10,14250,买盘
1128,11:01:51,14.25,0.0,2,2850,买盘
1129,11:02:00,14.22,-0.03,327,465054,卖盘
1130,11:02:03,14.22,0.0,2,2844,买盘
1131,11:02:12,14.2,-0.02,3,4260,卖盘
1132,11:02:15,14.22,0.02,15,21330,买盘
1133,11:02:21,14.22,0.0,19,27018,买盘
1134,11:02:27,14.22,0.0,73,103806,买盘
1135,11:02:30,14.2,-0.02,15,21300,卖盘
1136,11:02:36,14.2,0.0,2,2840,卖盘
1137,11:02:42,14.22,0.02,17,24174,买盘
1138,11:02:52,14.22,0.0,6,8526,买盘
1139,11:02:57,14.2,-0.02,10,14200,卖盘
1140,11:03:00,14.2,0.0,15,21300,卖盘
1141,11:03:24,14.2,0.0,1,1420,卖盘
1142,11:03:27,14.22,0.02,37,52614,买盘
1143,11:03:30,14.22,0.0,15,21330,卖盘
1144,11:03:36,14.2,-0.02,63,89504,卖盘
1145,11:04:00,14.24,0.04,16,22724,买盘
1146,11:04:27,14.24,0.0,45,64070,买盘
1147,11:04:31,14.24,0.0,22,31328,卖盘
1148,11:04:34,14.24,0.0,7,9968,卖盘
1149,11:05:00,14.2,-0.04,15,21301,卖盘
1150,11:05:03,14.23,0.03,32,45536,买盘
1151,11:05:27,14.23,0.0,16,22768,买盘
1152,11:05:30,14.23,0.0,15,21345,卖盘
1153,11:06:00,14.23,0.0,15,21345,卖盘
1154,11:06:04,14.24,0.01,5,7120,买盘
1155,11:06:12,14.23,-0.01,1,1423,卖盘
1156,11:06:25,14.23,0.0,1,1423,卖盘
1157,11:06:28,14.24,0.01,18,25631,买盘
1158,11:06:30,14.24,0.0,19,27056,卖盘
1159,11:06:33,14.24,0.0,5,7120,卖盘
1160,11:06:36,14.24,0.0,3,4272,卖盘
1161,11:06:39,14.24,0.0,4,5696,卖盘
1162,11:06:42,14.24,0.0,8,11392,卖盘
1163,11:06:45,14.24,0.0,5,7120,卖盘
1164,11:06:48,14.24,0.0,1,1424,卖盘
1165,11:06:51,14.24,0.0,4,5696,卖盘
1166,11:06:55,14.24,0.0,2,2848,卖盘
1167,11:06:58,14.24,0.0,3,4272,卖盘
1168,11:07:01,14.23,-0.01,5,7117,卖盘
1169,11:07:09,14.23,0.0,5,7115,卖盘
1170,11:07:12,14.24,0.01,1,1424,买盘
1171,11:07:18,14.24,0.0,10,14240,买盘
1172,11:07:27,14.24,0.0,18,25632,买盘
1173,11:07:30,14.24,0.0,15,21360,卖盘
1174,11:07:39,14.24,0.0,6,8544,卖盘
1175,11:07:48,14.25,0.01,27,38475,买盘
1176,11:07:51,14.25,0.0,14,19939,买盘
1177,11:07:54,14.24,-0.01,15,21365,卖盘
1178,11:08:00,14.24,0.0,17,24208,卖盘
1179,11:08:12,14.24,0.0,1,1424,买盘
1180,11:08:24,14.24,0.0,3,4272,买盘
1181,11:08:27,14.25,0.01,74,105450,买盘
1182,11:08:30,14.24,-0.01,2,2848,卖盘
1183,11:08:39,14.24,0.0,3,4272,买盘
1184,11:08:42,14.23,-0.01,2,2846,卖盘
1185,11:08:45,14.24,0.01,16,22784,买盘
1186,11:08:54,14.24,0.0,21,29904,卖盘
1187,11:08:58,14.24,0.0,1,1424,买盘
1188,11:09:01,14.23,-0.01,15,21345,卖盘
1189,11:09:04,14.24,0.01,117,166608,买盘
1190,11:09:15,14.24,0.0,8,11392,卖盘
1191,11:09:18,14.25,0.01,7,9975,买盘
1192,11:09:21,14.24,-0.01,1,1424,卖盘
1193,11:09:24,14.24,0.0,2,2848,卖盘
1194,11:09:30,14.24,0.0,15,21360,卖盘
1195,11:09:36,14.24,0.0,110,156640,卖盘
1196,11:09:39,14.24,0.0,12,17088,卖盘
1197,11:10:01,14.24,0.0,15,21360,卖盘
1198,11:10:15,14.24,0.0,12,17088,卖盘
1199,11:10:30,14.24,0.0,15,21360,卖盘
1200,11:10:33,14.25,0.01,15,21375,买盘
1201,11:10:40,14.24,-0.01,10,14240,卖盘
1202,11:10:45,14.24,0.0,2,2848,卖盘
1203,11:11:00,14.24,0.0,15,21360,卖盘
1204,11:11:03,14.24,0.0,10,14240,卖盘
1205,11:11:06,14.25,0.01,5,7125,买盘
1206,11:11:13,14.24,-0.01,1,1424,卖盘
1207,11:11:21,14.24,0.0,5,7120,卖盘
1208,11:11:27,14.24,0.0,2,2848,卖盘
1209,11:11:30,14.24,0.0,15,21360,卖盘
1210,11:11:33,14.25,0.01,1,1425,买盘
1211,11:11:36,14.24,-0.01,10,14240,卖盘
1212,11:11:39,14.24,0.0,12,17088,卖盘
1213,11:11:57,14.21,-0.03,900,1280596,卖盘
1214,11:12:00,14.21,0.0,15,21315,卖盘
1215,11:12:04,14.21,0.0,11,15631,卖盘
1216,11:12:27,14.25,0.04,1,1425,买盘
1217,11:12:30,14.22,-0.03,15,21330,卖盘
1218,11:12:51,14.22,0.0,67,95274,卖盘
1219,11:13:00,14.22,0.0,15,21330,卖盘
1220,11:13:09,14.22,0.0,1,1422,卖盘
1221,11:13:12,14.21,-0.01,48,68247,卖盘
1222,11:13:18,14.22,0.01,1,1422,中性盘
1223,11:13:30,14.21,-0.01,15,21315,卖盘
1224,11:13:33,14.21,0.0,25,35525,卖盘
1225,11:13:42,14.21,0.0,2,2842,卖盘
1226,11:13:48,14.21,0.0,3,4263,卖盘
1227,11:13:58,14.21,0.0,1,1421,卖盘
1228,11:14:00,14.24,0.03,47,66857,买盘
1229,11:14:12,14.21,-0.03,10,14210,卖盘
1230,11:14:27,14.21,0.0,2,2842,卖盘
1231,11:14:31,14.22,0.01,16,22737,买盘
1232,11:14:34,14.22,0.0,4,5688,买盘
1233,11:14:45,14.21,-0.01,4,5684,卖盘
1234,11:14:48,14.22,0.01,5,7110,买盘
1235,11:14:58,14.21,-0.01,23,32683,卖盘
1236,11:15:01,14.21,0.0,36,51156,买盘
1237,11:15:04,14.22,0.01,24,34113,买盘
1238,11:15:16,14.2,-0.02,5,7100,卖盘
1239,11:15:21,14.2,0.0,30,42600,卖盘
1240,11:15:24,14.2,0.0,2,2840,卖盘
1241,11:15:27,14.2,0.0,19,26980,卖盘
1242,11:15:31,14.2,0.0,15,21300,卖盘
1243,11:15:33,14.21,0.01,1,1421,买盘
1244,11:15:54,14.19,-0.02,24,34074,卖盘
1245,11:16:00,14.19,0.0,15,21285,卖盘
1246,11:16:13,14.19,0.0,48,68112,卖盘
1247,11:16:21,14.19,0.0,3,4257,卖盘
1248,11:16:30,14.18,-0.01,15,21271,卖盘
1249,11:16:33,14.18,0.0,31,43958,卖盘
1250,11:16:54,14.18,0.0,20,28360,卖盘
1251,11:16:57,14.2,0.02,5,7100,卖盘
1252,11:17:00,14.2,0.0,15,21300,卖盘
1253,11:17:12,14.18,-0.02,13,18434,卖盘
1254,11:17:18,14.18,0.0,22,31196,卖盘
1255,11:17:30,14.17,-0.01,17,24089,卖盘
1256,11:17:33,14.17,0.0,6,8502,卖盘
1257,11:17:36,14.17,0.0,4,5668,卖盘
1258,11:17:48,14.17,0.0,7,9923,卖盘
1259,11:18:00,14.17,0.0,11,15588,卖盘
1260,11:18:03,14.18,0.01,7,9921,买盘
1261,11:18:31,14.17,-0.01,12,17004,卖盘
1262,11:18:33,14.17,0.0,1,1417,买盘
1263,11:18:57,14.16,-0.01,2,2832,卖盘
1264,11:19:00,14.16,0.0,15,21240,卖盘
1265,11:19:09,14.16,0.0,34,48144,卖盘
1266,11:19:27,14.16,0.0,9,12744,买盘
1267,11:19:30,14.15,-0.01,18,25470,卖盘
1268,11:19:54,14.14,-0.01,106,149982,卖盘
1269,11:19:57,14.16,0.02,16,22654,买盘
1270,11:20:00,14.14,-0.02,15,21210,卖盘
1271,11:20:12,14.14,0.0,34,48076,卖盘
1272,11:20:15,14.14,0.0,150,212100,卖盘
1273,11:20:30,14.15,0.01,3,4245,卖盘
1274,11:20:45,14.15,0.0,28,39604,买盘
1275,11:20:48,14.15,0.0,6,8490,卖盘
1276,11:20:54,14.1,-0.05,170,240221,卖盘
1277,11:20:57,14.16,0.06,27,38212,买盘
1278,11:21:00,14.1,-0.06,15,21152,卖盘
1279,11:21:12,14.16,0.06,1,1416,买盘
1280,11:21:15,14.13,-0.03,12,16956,卖盘
1281,11:21:21,14.13,0.0,2,2826,卖盘
1282,11:21:30,14.13,0.0,3,4239,卖盘
1283,11:21:43,14.13,0.0,1,1413,买盘
1284,11:21:46,14.12,-0.01,10,14120,卖盘
1285,11:21:48,14.13,0.01,2,2826,买盘
1286,11:21:54,14.13,0.0,10,14130,买盘
1287,11:21:57,14.12,-0.01,22,31080,卖盘
1288,11:22:00,14.13,0.01,1,1413,卖盘
1289,11:22:04,14.13,0.0,1,1413,买盘
1290,11:22:07,14.13,0.0,1,1413,买盘
1291,11:22:09,14.13,0.0,11,15543,买盘
1292,11:22:27,14.13,0.0,3,4237,买盘
1293,11:22:31,14.12,-0.01,15,21181,卖盘
1294,11:22:33,14.11,-0.01,24,33877,卖盘
1295,11:22:48,14.12,0.01,3,4236,卖盘
1296,11:22:55,14.11,-0.01,18,25400,卖盘
1297,11:22:57,14.11,0.0,20,28220,卖盘
1298,11:23:00,14.11,0.0,15,21166,卖盘
1299,11:23:12,14.11,0.0,2,2822,卖盘
1300,11:23:16,14.1,-0.01,32,45126,卖盘
1301,11:23:19,14.1,0.0,2,2820,卖盘
1302,11:23:30,14.1,0.0,17,23970,卖盘
1303,11:23:33,14.09,-0.01,66,93068,卖盘
1304,11:23:48,14.11,0.02,2,2822,卖盘
1305,11:24:00,14.1,-0.01,15,21150,卖盘
1306,11:24:06,14.15,0.05,1,1415,买盘
1307,11:24:15,14.12,-0.03,2,2824,卖盘
1308,11:24:30,14.12,0.0,15,21180,卖盘
1309,11:24:36,14.15,0.03,14,19810,买盘
1310,11:24:39,14.17,0.02,33,46731,买盘
1311,11:24:49,14.12,-0.05,2,2825,卖盘
1312,11:24:51,14.17,0.05,2,2834,买盘
1313,11:25:00,14.17,0.0,2,2834,卖盘
1314,11:25:09,14.17,0.0,3,4251,买盘
1315,11:25:31,14.15,-0.02,13,18395,卖盘
1316,11:25:34,14.15,0.0,1,1415,买盘
1317,11:25:36,14.15,0.0,1,1415,买盘
1318,11:25:48,14.16,0.01,86,121784,卖盘
1319,11:25:51,14.17,0.01,4,5668,买盘
1320,11:25:55,14.16,-0.01,140,198256,卖盘
1321,11:26:01,14.17,0.01,20,28357,卖盘
1322,11:26:04,14.17,0.0,2,2834,卖盘
1323,11:26:30,14.17,0.0,4,5668,卖盘
1324,11:26:37,14.17,0.0,11,15587,买盘
1325,11:26:39,14.17,0.0,1,1417,卖盘
1326,11:26:42,14.24,0.07,200,284537,买盘
1327,11:26:54,14.17,-0.07,3,4251,卖盘
1328,11:27:00,14.17,0.0,15,21255,卖盘
1329,11:27:30,14.18,0.01,8,11344,卖盘
1330,11:27:33,14.18,0.0,3,4254,买盘
1331,11:27:42,14.18,0.0,2,2836,买盘
1332,11:27:51,14.18,0.0,1,1418,买盘
1333,11:27:57,14.18,0.0,1,1418,买盘
1334,11:28:00,14.17,-0.01,15,21255,卖盘
1335,11:28:09,14.18,0.01,2,2836,买盘
1336,11:28:15,14.18,0.0,31,43958,卖盘
1337,11:28:30,14.18,0.0,15,21270,卖盘
1338,11:28:36,14.17,-0.01,15,21268,卖盘
1339,11:28:45,14.17,0.0,2,2834,卖盘
1340,11:28:54,14.17,0.0,21,29757,卖盘
1341,11:28:58,14.17,0.0,4,5670,卖盘
1342,11:29:00,14.17,0.0,15,21255,卖盘
1343,11:29:15,14.17,0.0,10,14170,卖盘
1344,11:29:30,14.17,0.0,15,21255,卖盘
1345,11:29:33,14.19,0.02,7,9933,买盘
1346,11:29:36,14.17,-0.02,2,2834,卖盘
1347,11:29:42,14.17,0.0,2,2834,卖盘
1348,11:29:51,14.15,-0.02,5,7078,卖盘
1349,11:29:54,14.12,-0.03,19,26828,卖盘
1350,11:30:00,14.12,0.0,15,21180,卖盘
1351,13:00:04,14.12,0.0,26,36737,卖盘
1352,13:00:06,14.12,0.0,25,35301,卖盘
1353,13:00:09,14.12,0.0,52,73426,卖盘
1354,13:00:13,14.13,0.01,3,4239,卖盘
1355,13:00:15,14.1,-0.03,118,166471,卖盘
1356,13:00:24,14.1,0.0,31,43710,卖盘
1357,13:00:27,14.1,0.0,336,475352,卖盘
1358,13:00:30,14.1,0.0,15,21150,卖盘
1359,13:00:33,14.15,0.05,222,314125,买盘
1360,13:00:37,14.15,0.0,42,59430,卖盘
1361,13:00:40,14.15,0.0,161,227893,卖盘
1362,13:00:49,14.11,-0.04,11,15521,卖盘
1363,13:00:51,14.14,0.03,15,21210,买盘
1364,13:00:57,14.11,-0.03,12,16932,卖盘
1365,13:01:00,14.14,0.03,16,22579,买盘
1366,13:01:09,14.11,-0.03,11,15521,卖盘
1367,13:01:18,14.11,0.0,11,15521,卖盘
1368,13:01:24,14.14,0.03,2,2828,买盘
1369,13:01:27,14.11,-0.03,311,440013,卖盘
1370,13:01:30,14.15,0.04,143,202345,买盘
1371,13:01:33,14.15,0.0,2,2830,卖盘
1372,13:01:36,14.15,0.0,226,319790,卖盘
1373,13:01:48,14.12,-0.03,2,2824,卖盘
1374,13:01:51,14.12,0.0,9,12708,买盘
1375,13:01:57,14.12,0.0,7,9884,卖盘
1376,13:02:00,14.11,-0.01,16,22577,卖盘
1377,13:02:04,14.12,0.01,1,1412,买盘
1378,13:02:06,14.12,0.0,1,1412,买盘
1379,13:02:09,14.12,0.0,12,16933,买盘
1380,13:02:12,14.12,0.0,1,1412,买盘
1381,13:02:18,14.11,-0.01,11,15521,卖盘
1382,13:02:27,14.11,0.0,12,16932,卖盘
1383,13:02:30,14.11,0.0,17,23989,卖盘
1384,13:02:33,14.12,0.01,1,1412,买盘
1385,13:02:39,14.11,-0.01,11,15521,卖盘
1386,13:02:45,14.12,0.01,6,8472,买盘
1387,13:02:48,14.11,-0.01,12,16933,卖盘
1388,13:02:57,14.11,0.0,110,155210,卖盘
1389,13:03:00,14.11,0.0,15,21165,卖盘
1390,13:03:03,14.12,0.01,31,43772,买盘
1391,13:03:06,14.13,0.01,13,18369,买盘
1392,13:03:09,14.12,-0.01,11,15532,卖盘
1393,13:03:12,14.13,0.01,2,2826,买盘
1394,13:03:15,14.14,0.01,12,16968,中性盘
1395,13:03:18,14.13,-0.01,11,15543,卖盘
1396,13:03:21,14.14,0.01,12,16968,买盘
1397,13:03:27,14.13,-0.01,11,15543,卖盘
1398,13:03:30,14.13,0.0,11,15543,卖盘
1399,13:03:36,14.11,-0.02,4,5644,卖盘
1400,13:03:39,14.11,0.0,11,15521,卖盘
1401,13:03:48,14.11,0.0,5,7055,卖盘
1402,13:03:51,14.13,0.02,7,9879,买盘
1403,13:03:57,14.11,-0.02,11,15521,卖盘
1404,13:04:00,14.11,0.0,3,4233,卖盘
1405,13:04:09,14.1,-0.01,11,15510,卖盘
1406,13:04:12,14.15,0.05,32,45216,买盘
1407,13:04:18,14.1,-0.05,11,15510,卖盘
1408,13:04:30,14.1,0.0,26,36660,卖盘
1409,13:04:36,14.1,0.0,25,35250,卖盘
1410,13:04:39,14.1,0.0,21,29610,卖盘
1411,13:04:48,14.1,0.0,11,15510,卖盘
1412,13:04:51,14.11,0.01,1,1411,买盘
1413,13:05:00,14.11,0.0,3,4233,卖盘
1414,13:05:09,14.11,0.0,22,31031,买盘
1415,13:05:15,14.11,0.0,432,609131,买盘
1416,13:05:18,14.1,-0.01,11,15510,卖盘
1417,13:05:27,14.1,0.0,4,5640,卖盘
1418,13:05:30,14.1,0.0,29,40890,卖盘
1419,13:05:33,14.1,0.0,3,4230,卖盘
1420,13:05:39,14.1,0.0,26,36660,买盘
1421,13:05:45,14.11,0.01,1,1411,买盘
1422,13:05:48,14.11,0.0,16,22576,买盘
1423,13:06:00,14.13,0.02,40,56494,买盘
1424,13:06:04,14.12,-0.01,10,14120,卖盘
1425,13:06:09,14.12,0.0,16,22592,卖盘
1426,13:06:18,14.12,0.0,1,1412,卖盘
1427,13:06:30,14.11,-0.01,9,12699,卖盘
1428,13:06:36,14.11,0.0,1,1411,买盘
1429,13:06:39,14.1,-0.01,20,28209,卖盘
1430,13:06:48,14.1,0.0,14,19743,卖盘
1431,13:06:51,14.11,0.01,4,5644,买盘
1432,13:07:00,14.11,0.0,4,5644,卖盘
1433,13:07:03,14.11,0.0,4,5644,买盘
1434,13:07:06,14.12,0.01,26,36693,买盘
1435,13:07:09,14.1,-0.02,11,15517,卖盘
1436,13:07:15,14.11,0.01,4,5644,卖盘
1437,13:07:18,14.1,-0.01,11,15510,卖盘
1438,13:07:21,14.11,0.01,30,42330,买盘
1439,13:07:24,14.1,-0.01,448,631680,卖盘
1440,13:07:27,14.1,0.0,3,4230,买盘
1441,13:07:30,14.09,-0.01,26,36634,卖盘
1442,13:07:33,14.1,0.01,3,4230,买盘
1443,13:07:36,14.1,0.0,384,540509,买盘
1444,13:07:39,14.1,0.0,100,141089,卖盘
1445,13:07:42,14.11,0.01,49,69139,买盘
1446,13:07:45,14.11,0.0,14,19754,买盘
1447,13:07:48,14.1,-0.01,71,100170,卖盘
1448,13:07:51,14.11,0.01,87,122757,买盘
1449,13:07:54,14.11,0.0,18,25398,买盘
1450,13:07:57,14.11,0.0,28,39508,买盘
1451,13:08:00,14.1,-0.01,59,83223,卖盘
1452,13:08:04,14.11,0.01,11,15521,买盘
1453,13:08:06,14.11,0.0,2,2822,买盘
1454,13:08:09,14.11,0.0,71,100170,买盘
1455,13:08:12,14.11,0.0,16,22576,买盘
1456,13:08:18,14.11,0.0,11,15521,卖盘
1457,13:08:30,14.11,0.0,26,36686,卖盘
1458,13:08:39,14.11,0.0,6,8466,卖盘
1459,13:08:49,14.1,-0.01,21,29616,卖盘
1460,13:08:52,14.11,0.01,9,12699,买盘
1461,13:08:57,14.11,0.0,3,4233,卖盘
1462,13:09:00,14.11,0.0,42,59281,卖盘
1463,13:09:06,14.13,0.02,1,1413,买盘
1464,13:09:09,14.11,-0.02,11,15521,卖盘
1465,13:09:18,14.11,0.0,11,15521,卖盘
1466,13:09:31,14.11,0.0,26,36686,卖盘
1467,13:09:39,14.11,0.0,11,15521,卖盘
1468,13:09:48,14.11,0.0,11,15521,卖盘
1469,13:09:51,14.13,0.02,5,7065,买盘
1470,13:10:00,14.11,-0.02,26,36686,卖盘
1471,13:10:09,14.11,0.0,11,15521,卖盘
1472,13:10:12,14.14,0.03,7,9898,买盘
1473,13:10:18,14.11,-0.03,11,15521,卖盘
1474,13:10:21,14.14,0.03,32,45248,买盘
1475,13:10:24,14.14,0.0,18,25452,卖盘
1476,13:10:27,14.15,0.01,7,9905,买盘
1477,13:10:30,14.11,-0.04,20,28220,卖盘
1478,13:10:33,14.11,0.0,10,14110,买盘
1479,13:10:39,14.1,-0.01,3,4231,卖盘
1480,13:10:42,14.11,0.01,1,1411,买盘
1481,13:10:48,14.11,0.0,21,29631,买盘
1482,13:11:00,14.11,0.0,27,38097,卖盘
1483,13:11:09,14.11,0.0,11,15521,卖盘
1484,13:11:15,14.12,0.01,3,4236,卖盘
1485,13:11:21,14.12,0.0,11,15532,卖盘
1486,13:11:30,14.12,0.0,10,14120,卖盘
1487,13:11:39,14.11,-0.01,11,15521,卖盘
1488,13:11:46,14.12,0.01,6,8472,买盘
1489,13:11:52,14.11,-0.01,59,83249,卖盘
1490,13:11:57,14.11,0.0,34,47974,卖盘
1491,13:12:00,14.1,-0.01,15,21150,卖盘
1492,13:12:09,14.1,0.0,11,15510,卖盘
1493,13:12:15,14.11,0.01,28,39507,买盘
1494,13:12:21,14.11,0.0,15,21165,卖盘
1495,13:12:24,14.12,0.01,26,36712,买盘
1496,13:12:30,14.13,0.01,26,36738,中性盘
1497,13:12:33,14.14,0.01,34,48076,买盘
1498,13:12:39,14.13,-0.01,11,15543,卖盘
1499,13:12:42,14.13,0.0,9,12717,卖盘
1500,13:12:52,14.12,-0.01,5,7060,卖盘
1501,13:13:00,14.11,-0.01,23,32453,卖盘
1502,13:13:04,14.11,0.0,1,1411,买盘
1503,13:13:06,14.11,0.0,1,1411,买盘
1504,13:13:09,14.1,-0.01,43,60687,卖盘
1505,13:13:22,14.1,0.0,11,15510,卖盘
1506,13:13:28,14.11,0.01,8,11290,卖盘
1507,13:13:30,14.1,-0.01,26,36660,卖盘
1508,13:13:39,14.1,0.0,11,15510,卖盘
1509,13:13:42,14.1,0.0,50,70500,卖盘
1510,13:13:52,14.1,0.0,11,15510,卖盘
1511,13:14:00,14.1,0.0,26,36660,卖盘
1512,13:14:09,14.1,0.0,11,15510,卖盘
1513,13:14:21,14.1,0.0,11,15510,卖盘
1514,13:14:25,14.11,0.01,3,4233,中性盘
1515,13:14:30,14.11,0.0,1,1411,卖盘
1516,13:14:33,14.11,0.0,2,2822,买盘
1517,13:14:39,14.1,-0.01,11,15510,卖盘
1518,13:14:42,14.1,0.0,8,11280,卖盘
1519,13:14:52,14.1,0.0,11,15510,卖盘
1520,13:15:00,14.1,0.0,27,38070,卖盘
1521,13:15:04,14.11,0.01,1,1411,买盘
1522,13:15:06,14.11,0.0,1,1411,买盘
1523,13:15:09,14.1,-0.01,21,29620,卖盘
1524,13:15:21,14.1,0.0,11,15510,卖盘
1525,13:15:30,14.1,0.0,26,36660,卖盘
1526,13:15:33,14.11,0.01,16,22576,买盘
1527,13:15:36,14.11,0.0,7,9877,买盘
1528,13:15:39,14.1,-0.01,12,16931,卖盘
1529,13:15:45,14.13,0.03,20,28257,买盘
1530,13:15:51,14.1,-0.03,14,19751,卖盘
1531,13:16:00,14.11,0.01,10,14110,卖盘
1532,13:16:09,14.1,-0.01,11,15510,卖盘
1533,13:16:21,14.1,0.0,36,50760,卖盘
1534,13:16:30,14.1,0.0,11,15510,卖盘
1535,13:16:33,14.1,0.0,15,21150,卖盘
1536,13:16:39,14.1,0.0,11,15510,卖盘
1537,13:16:45,14.11,0.01,25,35275,买盘
1538,13:16:51,14.11,0.0,11,15521,卖盘
1539,13:17:00,14.11,0.0,5,7055,卖盘
1540,13:17:06,14.11,0.0,1,1411,买盘
1541,13:17:09,14.1,-0.01,11,15510,卖盘
1542,13:17:21,14.1,0.0,25,35250,卖盘
1543,13:17:24,14.11,0.01,15,21165,买盘
1544,13:17:27,14.1,-0.01,10,14100,卖盘
1545,13:17:30,14.1,0.0,11,15510,卖盘
1546,13:17:33,14.1,0.0,15,21150,卖盘
1547,13:17:42,14.1,0.0,3,4230,卖盘
1548,13:17:45,14.1,0.0,8,11280,买盘
1549,13:17:51,14.1,0.0,32,45120,卖盘
1550,13:17:57,14.1,0.0,3,4230,卖盘
1551,13:18:00,14.1,0.0,11,15510,卖盘
1552,13:18:04,14.1,0.0,15,21150,卖盘
1553,13:18:12,14.11,0.01,18,25381,买盘
1554,13:18:21,14.1,-0.01,11,15510,卖盘
1555,13:18:27,14.1,0.0,3,4230,卖盘
1556,13:18:30,14.1,0.0,11,15510,卖盘
1557,13:18:33,14.1,0.0,15,21150,卖盘
1558,13:18:42,14.09,-0.01,12,16917,卖盘
1559,13:18:45,14.09,0.0,2,2819,卖盘
1560,13:18:48,14.1,0.01,1,1410,买盘
1561,13:18:51,14.09,-0.01,11,15505,卖盘
1562,13:18:57,14.09,0.0,3,4227,卖盘
1563,13:19:01,14.09,0.0,12,16908,卖盘
1564,13:19:04,14.09,0.0,15,21135,卖盘
1565,13:19:12,14.09,0.0,41,57799,卖盘
1566,13:19:15,14.09,0.0,2,2818,卖盘
1567,13:19:21,14.09,0.0,11,15499,卖盘
1568,13:19:27,14.09,0.0,35,49316,卖盘
1569,13:19:30,14.09,0.0,11,15499,卖盘
1570,13:19:33,14.09,0.0,15,21135,卖盘
1571,13:19:36,14.1,0.01,40,56400,买盘
1572,13:19:42,14.1,0.0,11,15510,卖盘
1573,13:19:51,14.1,0.0,11,15510,卖盘
1574,13:19:54,14.1,0.0,12,16920,卖盘
1575,13:19:57,14.1,0.0,13,18323,买盘
1576,13:20:00,14.1,0.0,28,39469,买盘
1577,13:20:04,14.09,-0.01,15,21137,卖盘
1578,13:20:12,14.11,0.02,12,16921,买盘
1579,13:20:21,14.1,-0.01,11,15510,卖盘
1580,13:20:27,14.11,0.01,6,8466,买盘
1581,13:20:30,14.1,-0.01,11,15510,卖盘
1582,13:20:33,14.1,0.0,17,23970,卖盘
1583,13:20:42,14.1,0.0,11,15510,卖盘
1584,13:20:45,14.11,0.01,1,1411,买盘
1585,13:20:51,14.1,-0.01,11,15510,卖盘
1586,13:21:00,14.1,0.0,22,31030,卖盘
1587,13:21:04,14.11,0.01,47,66278,买盘
1588,13:21:13,14.11,0.0,11,15521,卖盘
1589,13:21:21,14.11,0.0,20,28229,卖盘
1590,13:21:27,14.11,0.0,1,1411,卖盘
1591,13:21:30,14.11,0.0,8,11288,卖盘
1592,13:21:36,14.11,0.0,17,23987,买盘
1593,13:21:39,14.11,0.0,30,42330,买盘
1594,13:21:42,14.1,-0.01,11,15520,卖盘
1595,13:21:49,14.1,0.0,3,4230,卖盘
1596,13:21:52,14.1,0.0,43,60712,卖盘
1597,13:21:57,14.1,0.0,2,2820,卖盘
1598,13:22:00,14.1,0.0,11,15510,卖盘
1599,13:22:03,14.1,0.0,15,21150,卖盘
1600,13:22:06,14.12,0.02,1,1412,买盘
1601,13:22:12,14.12,0.0,13,18345,买盘
1602,13:22:15,14.12,0.0,4,5648,买盘
1603,13:22:21,14.11,-0.01,11,15521,卖盘
1604,13:22:27,14.13,0.02,7,9891,中性盘
1605,13:22:30,14.12,-0.01,3,4236,卖盘
1606,13:22:42,14.11,-0.01,11,15521,卖盘
1607,13:22:46,14.12,0.01,5,7060,买盘
1608,13:22:52,14.12,0.0,21,29641,买盘
1609,13:22:54,14.12,0.0,3,4236,买盘
1610,13:23:00,14.11,-0.01,13,18343,卖盘
1611,13:23:03,14.11,0.0,8,11288,卖盘
1612,13:23:13,14.1,-0.01,90,126900,卖盘
1613,13:23:16,14.1,0.0,14,19740,买盘
1614,13:23:18,14.1,0.0,6,8460,买盘
1615,13:23:21,14.09,-0.01,11,15499,卖盘
1616,13:23:27,14.09,0.0,11,15499,卖盘
1617,13:23:33,14.09,0.0,26,36634,卖盘
1618,13:23:36,14.09,0.0,68,95812,卖盘
1619,13:23:39,14.1,0.01,10,14100,买盘
1620,13:23:42,14.09,-0.01,11,15499,卖盘
1621,13:23:45,14.11,0.02,8,11282,买盘
1622,13:23:52,14.09,-0.02,11,15499,卖盘
1623,13:23:55,14.11,0.02,5,7055,买盘
1624,13:23:58,14.11,0.0,1,1411,买盘
1625,13:24:04,14.09,-0.02,26,36636,卖盘
1626,13:24:06,14.11,0.02,1,1411,买盘
1627,13:24:12,14.09,-0.02,11,15499,卖盘
1628,13:24:18,14.09,0.0,227,319843,卖盘
1629,13:24:21,14.08,-0.01,26,36623,卖盘
1630,13:24:24,14.08,0.0,224,315480,卖盘
1631,13:24:27,14.09,0.01,3,4227,买盘
1632,13:24:30,14.09,0.0,34,47906,买盘
1633,13:24:33,14.08,-0.01,26,36613,卖盘
1634,13:24:42,14.11,0.03,19,26779,买盘
1635,13:24:51,14.08,-0.03,11,15488,卖盘
1636,13:25:00,14.11,0.03,40,56436,买盘
1637,13:25:04,14.09,-0.02,27,38043,卖盘
1638,13:25:12,14.09,0.0,11,15499,卖盘
1639,13:25:15,14.1,0.01,2,2820,买盘
1640,13:25:18,14.09,-0.01,12,16908,卖盘
1641,13:25:21,14.09,0.0,26,36662,卖盘
1642,13:25:30,14.11,0.02,145,204590,买盘
1643,13:25:33,14.12,0.01,27,38052,买盘
1644,13:25:39,14.12,0.0,66,93183,买盘
1645,13:25:42,14.1,-0.02,5,7050,卖盘
1646,13:25:45,14.1,0.0,1,1410,买盘
1647,13:25:51,14.09,-0.01,12,16897,中性盘
1648,13:25:54,14.09,0.0,2,2818,买盘
1649,13:26:00,14.12,0.03,18,25404,买盘
1650,13:26:04,14.09,-0.03,29,40871,卖盘
1651,13:26:12,14.1,0.01,11,15510,卖盘
1652,13:26:21,14.1,0.0,11,15510,卖盘
1653,13:26:30,14.12,0.02,33,46593,买盘
1654,13:26:33,14.1,-0.02,27,38080,卖盘
1655,13:26:39,14.1,0.0,9,12690,卖盘
1656,13:26:42,14.09,-0.01,11,15499,卖盘
1657,13:26:45,14.09,0.0,3,4227,卖盘
1658,13:26:51,14.09,0.0,11,15499,卖盘
1659,13:27:00,14.1,0.01,42,59220,买盘
1660,13:27:04,14.09,-0.01,6,8454,卖盘
1661,13:27:06,14.09,0.0,1,1409,买盘
1662,13:27:12,14.08,-0.01,11,15488,卖盘
1663,13:27:15,14.09,0.01,33,46497,买盘
1664,13:27:18,14.1,0.01,18,25380,买盘
1665,13:27:21,14.1,0.0,11,15510,卖盘
1666,13:27:24,14.11,0.01,1,1411,中性盘
1667,13:27:27,14.11,0.0,1,1411,买盘
1668,13:27:30,14.12,0.01,2,2823,买盘
1669,13:27:33,14.12,0.0,27,38124,卖盘
1670,13:27:36,14.13,0.01,2,2826,买盘
1671,13:27:39,14.13,0.0,5,7065,买盘
1672,13:27:42,14.12,-0.01,8,11296,卖盘
1673,13:27:45,14.12,0.0,46,64952,买盘
1674,13:27:51,14.1,-0.02,11,15510,卖盘
1675,13:27:57,14.11,0.01,3,4233,买盘
1676,13:28:00,14.11,0.0,41,57887,卖盘
1677,13:28:04,14.1,-0.01,41,57836,卖盘
1678,13:28:15,14.1,0.0,5,7050,买盘
1679,13:28:19,14.12,0.02,5,7057,买盘
1680,13:28:22,14.12,0.0,3,4236,买盘
1681,13:28:27,14.12,0.0,5,7060,买盘
1682,13:28:31,14.13,0.01,12,16945,买盘
1683,13:28:33,14.1,-0.03,16,22587,卖盘
1684,13:28:36,14.14,0.04,7,9898,买盘
1685,13:28:39,14.14,0.0,2,2828,买盘
1686,13:28:54,14.12,-0.02,12,16952,卖盘
1687,13:28:58,14.15,0.03,32,45263,买盘
1688,13:29:00,14.15,0.0,33,46692,买盘
1689,13:29:04,14.14,-0.01,16,22609,中性盘
1690,13:29:12,14.13,-0.01,12,16957,卖盘
1691,13:29:21,14.13,0.0,11,15543,卖盘
1692,13:29:30,14.15,0.02,40,56596,买盘
1693,13:29:33,14.13,-0.02,27,38151,卖盘
1694,13:29:42,14.13,0.0,11,15543,卖盘
1695,13:29:45,14.13,0.0,1,1413,买盘
1696,13:29:51,14.13,0.0,2,2826,买盘
1697,13:29:54,14.12,-0.01,11,15532,卖盘
1698,13:30:00,14.14,0.02,5,7069,买盘
1699,13:30:04,14.14,0.0,29,41006,卖盘
1700,13:30:12,14.14,0.0,10,14141,卖盘
1701,13:30:18,14.14,0.0,5,7070,买盘
1702,13:30:24,14.14,0.0,19,26855,买盘
1703,13:30:27,14.15,0.01,7,9905,买盘
1704,13:30:30,14.15,0.0,174,246210,买盘
1705,13:30:33,14.15,0.0,43,60818,买盘
1706,13:30:39,14.16,0.01,6,8496,买盘
1707,13:30:42,14.16,0.0,4,5664,卖盘
1708,13:30:45,14.16,0.0,7,9912,买盘
1709,13:30:51,14.17,0.01,10,14170,买盘
1710,13:30:54,14.16,-0.01,11,15576,卖盘
1711,13:30:57,14.17,0.01,32,45344,买盘
1712,13:31:00,14.18,0.01,30,42534,买盘
1713,13:31:03,14.17,-0.01,34,48179,卖盘
1714,13:31:12,14.15,-0.02,14,19832,卖盘
1715,13:31:18,14.18,0.03,7,9923,买盘
1716,13:31:21,14.18,0.0,3,4254,买盘
1717,13:31:24,14.16,-0.02,1,1416,卖盘
1718,13:31:27,14.18,0.02,12,16996,买盘
1719,13:31:30,14.18,0.0,48,68058,买盘
1720,13:31:33,14.17,-0.01,34,48178,卖盘
1721,13:31:36,14.17,0.0,5,7085,卖盘
1722,13:31:40,14.17,0.0,1,1417,卖盘
1723,13:31:42,14.17,0.0,12,17004,卖盘
1724,13:31:45,14.18,0.01,40,56720,买盘
1725,13:31:48,14.18,0.0,13,18434,买盘
1726,13:31:51,14.18,0.0,1,1418,卖盘
1727,13:31:54,14.18,0.0,8,11344,卖盘
1728,13:31:58,14.17,-0.01,8,11336,卖盘
1729,13:32:00,14.17,0.0,39,55332,卖盘
1730,13:32:04,14.17,0.0,22,31174,卖盘
1731,13:32:06,14.19,0.02,15,21277,买盘
1732,13:32:09,14.2,0.01,102,144830,买盘
1733,13:32:12,14.17,-0.03,7,9919,卖盘
1734,13:32:18,14.17,0.0,2,2834,买盘
1735,13:32:24,14.16,-0.01,11,15576,卖盘
1736,13:32:31,14.18,0.02,11,15592,买盘
1737,13:32:33,14.16,-0.02,16,22680,卖盘
1738,13:32:42,14.18,0.02,12,16995,买盘
1739,13:32:54,14.16,-0.02,11,15576,卖盘
1740,13:33:00,14.18,0.02,18,25516,买盘
1741,13:33:04,14.16,-0.02,4,5670,卖盘
1742,13:33:09,14.16,0.0,18,25488,买盘
1743,13:33:13,14.17,0.01,1,1417,卖盘
1744,13:33:21,14.18,0.01,49,69470,买盘
1745,13:33:25,14.16,-0.02,11,15576,卖盘
1746,13:33:30,14.18,0.02,16,22685,买盘
1747,13:33:33,14.18,0.0,27,38286,卖盘
1748,13:33:36,14.18,0.0,1,1418,卖盘
1749,13:33:39,14.18,0.0,1,1418,卖盘
1750,13:33:42,14.18,0.0,4,5672,卖盘
1751,13:33:51,14.17,-0.01,2,2834,中性盘
1752,13:33:54,14.16,-0.01,11,15576,卖盘
1753,13:34:00,14.18,0.02,11,15597,买盘
1754,13:34:03,14.18,0.0,28,39704,卖盘
1755,13:34:06,14.19,0.01,1,1419,买盘
1756,13:34:12,14.17,-0.02,11,15587,卖盘
1757,13:34:15,14.16,-0.01,17,24085,卖盘
1758,13:34:18,14.16,0.0,3,4248,卖盘
1759,13:34:21,14.17,0.01,1,1417,中性盘
1760,13:34:24,14.15,-0.02,5,7075,卖盘
1761,13:34:27,14.16,0.01,105,148673,买盘
1762,13:34:30,14.15,-0.01,44,62275,卖盘
1763,13:34:33,14.14,-0.01,26,36778,卖盘
1764,13:34:39,14.14,0.0,10,14140,买盘
1765,13:34:42,14.15,0.01,15,21223,买盘
1766,13:34:48,14.15,0.0,2,2830,卖盘
1767,13:34:54,14.15,0.0,1,1415,卖盘
1768,13:34:57,14.1,-0.05,325,458388,卖盘
1769,13:35:00,14.1,0.0,46,64860,买盘
1770,13:35:04,14.1,0.0,34,47913,买盘
1771,13:35:06,14.09,-0.01,32,45089,卖盘
1772,13:35:09,14.1,0.01,6,8460,买盘
1773,13:35:12,14.1,0.0,11,15510,卖盘
1774,13:35:24,14.11,0.01,11,15521,卖盘
1775,13:35:31,14.15,0.04,19,26882,买盘
1776,13:35:34,14.11,-0.04,5,7055,卖盘
1777,13:35:36,14.11,0.0,2,2822,买盘
1778,13:35:39,14.11,0.0,2,2822,买盘
1779,13:35:42,14.1,-0.01,14,19742,卖盘
1780,13:35:45,14.11,0.01,18,25398,买盘
1781,13:35:51,14.1,-0.01,5,7055,卖盘
1782,13:36:00,14.13,0.03,16,22597,买盘
1783,13:36:03,14.13,0.0,18,25416,卖盘
1784,13:36:06,14.12,-0.01,4,5648,中性盘
1785,13:36:12,14.12,0.0,20,28254,卖盘
1786,13:36:16,14.11,-0.01,71,100329,卖盘
1787,13:36:25,14.11,0.0,3,4234,卖盘
1788,13:36:28,14.11,0.0,8,11288,买盘
1789,13:36:30,14.14,0.03,4,5656,买盘
1790,13:36:34,14.14,0.0,27,38178,卖盘
1791,13:36:40,14.14,0.0,13,18382,卖盘
1792,13:36:42,14.15,0.01,27,38193,买盘
1793,13:36:45,14.12,-0.03,11,15532,卖盘
1794,13:36:54,14.12,0.0,12,16944,卖盘
1795,13:37:00,14.15,0.03,37,52352,买盘
1796,13:37:04,14.12,-0.03,15,21180,卖盘
1797,13:37:06,14.12,0.0,6,8472,卖盘
1798,13:37:09,14.12,0.0,5,7060,买盘
1799,13:37:15,14.12,0.0,11,15532,卖盘
1800,13:37:24,14.12,0.0,7,9884,卖盘
1801,13:37:27,14.13,0.01,11,15539,买盘
1802,13:37:30,14.13,0.0,5,7065,买盘
1803,13:37:33,14.13,0.0,19,26847,卖盘
1804,13:37:45,14.15,0.02,112,158422,买盘
1805,13:37:54,14.15,0.0,11,15565,卖盘
1806,13:37:57,14.15,0.0,3,4245,卖盘
1807,13:38:00,14.17,0.02,41,58079,买盘
1808,13:38:03,14.15,-0.02,29,41037,卖盘
1809,13:38:09,14.17,0.02,26,36842,买盘
1810,13:38:12,14.17,0.0,6,8502,卖盘
1811,13:38:15,14.15,-0.02,61,86337,卖盘
1812,13:38:18,14.15,0.0,20,28300,卖盘
1813,13:38:21,14.17,0.02,88,124696,卖盘
1814,13:38:24,14.17,0.0,12,17004,卖盘
1815,13:38:30,14.17,0.0,41,58094,买盘
1816,13:38:33,14.13,-0.04,12,16956,卖盘
1817,13:38:36,14.13,0.0,14,19782,买盘
1818,13:38:42,14.13,0.0,11,15543,卖盘
1819,13:38:45,14.15,0.02,16,22610,买盘
1820,13:38:54,14.13,-0.02,2,2826,卖盘
1821,13:38:57,14.15,0.02,15,21207,买盘
1822,13:39:00,14.15,0.0,17,24055,买盘
1823,13:39:04,14.12,-0.03,17,24040,卖盘
1824,13:39:15,14.12,0.0,11,15536,卖盘
1825,13:39:22,14.15,0.03,1,1415,买盘
1826,13:39:24,14.13,-0.02,11,15543,卖盘
1827,13:39:27,14.15,0.02,6,8487,买盘
1828,13:39:31,14.15,0.0,14,19810,买盘
1829,13:39:33,14.13,-0.02,27,38155,卖盘
1830,13:39:36,14.14,0.01,3,4242,中性盘
1831,13:39:43,14.15,0.01,1,1415,买盘
1832,13:39:46,14.14,-0.01,6,8484,卖盘
1833,13:39:49,14.15,0.01,10,14144,买盘
1834,13:39:55,14.14,-0.01,11,15554,卖盘
1835,13:39:57,14.15,0.01,4,5660,买盘
1836,13:40:00,14.16,0.01,23,32558,买盘
1837,13:40:04,14.16,0.0,26,36816,卖盘
1838,13:40:06,14.15,-0.01,3,4245,中性盘
1839,13:40:09,14.16,0.01,2,2832,买盘
1840,13:40:15,14.16,0.0,5,7080,卖盘
1841,13:40:24,14.14,-0.02,10,14140,卖盘
1842,13:40:27,14.14,0.0,1,1414,买盘
1843,13:40:30,14.15,0.01,3,4245,买盘
1844,13:40:33,14.16,0.01,17,24056,买盘
1845,13:40:36,14.16,0.0,22,31141,买盘
1846,13:40:42,14.16,0.0,1,1416,买盘
1847,13:40:45,14.16,0.0,12,16981,买盘
1848,13:40:48,14.15,-0.01,2,2830,卖盘
1849,13:40:54,14.15,0.0,5,7075,卖盘
1850,13:40:57,14.15,0.0,2,2830,买盘
1851,13:41:00,14.16,0.01,29,41060,买盘
1852,13:41:04,14.14,-0.02,27,38178,中性盘
1853,13:41:15,14.14,0.0,5,7070,卖盘
1854,13:41:18,14.14,0.0,6,8484,买盘
1855,13:41:24,14.14,0.0,12,16969,卖盘
1856,13:41:30,14.16,0.02,25,35388,买盘
1857,13:41:33,14.14,-0.02,16,22634,卖盘
1858,13:41:39,14.15,0.01,4,5660,买盘
1859,13:41:42,14.16,0.01,11,15576,买盘
1860,13:41:45,14.15,-0.01,5,7075,卖盘
1861,13:41:48,14.15,0.0,7,9905,买盘
1862,13:41:51,14.16,0.01,3,4248,中性盘
1863,13:41:54,14.16,0.0,11,15576,卖盘
1864,13:42:00,14.17,0.01,19,26923,买盘
1865,13:42:03,14.16,-0.01,2,2832,卖盘
1866,13:42:06,14.15,-0.01,1,1415,中性盘
1867,13:42:09,14.15,0.0,2,2830,买盘
1868,13:42:15,14.15,0.0,3,4245,卖盘
1869,13:42:18,14.16,0.01,294,416296,买盘
1870,13:42:21,14.14,-0.02,1,1414,中性盘
1871,13:42:24,14.15,0.01,14,19810,买盘
1872,13:42:30,14.16,0.01,24,33984,买盘
1873,13:42:33,14.15,-0.01,11,15565,卖盘
1874,13:42:36,14.15,0.0,11,15565,买盘
1875,13:42:39,14.15,0.0,8,11320,买盘
1876,13:42:42,14.14,-0.01,4,5659,卖盘
1877,13:42:45,14.14,0.0,11,15554,卖盘
1878,13:42:51,14.16,0.02,28,39648,买盘
1879,13:42:54,14.15,-0.01,11,15565,卖盘
1880,13:43:00,14.16,0.01,39,55224,买盘
1881,13:43:03,14.16,0.0,35,49544,买盘
1882,13:43:06,14.15,-0.01,17,24061,卖盘
1883,13:43:15,14.15,0.0,9,12735,卖盘
1884,13:43:24,14.15,0.0,1,1415,买盘
1885,13:43:27,14.17,0.02,45,63697,买盘
1886,13:43:33,14.16,-0.01,16,22656,卖盘
1887,13:43:36,14.17,0.01,12,16993,买盘
1888,13:43:39,14.17,0.0,3,4251,买盘
1889,13:43:45,14.17,0.0,12,17004,卖盘
1890,13:43:57,14.17,0.0,1,1417,卖盘
1891,13:44:00,14.18,0.01,21,29768,买盘
1892,13:44:04,14.16,-0.02,7,9912,卖盘
1893,13:44:06,14.14,-0.02,11,15554,中性盘
1894,13:44:15,14.15,0.01,11,15565,卖盘
1895,13:44:27,14.15,0.0,11,15565,卖盘
1896,13:44:30,14.18,0.03,20,28335,买盘
1897,13:44:33,14.17,-0.01,16,22672,卖盘
1898,13:44:36,14.17,0.0,11,15587,卖盘
1899,13:44:45,14.17,0.0,5,7085,卖盘
1900,13:44:49,14.17,0.0,1,1417,买盘
1901,13:44:51,14.17,0.0,3,4251,买盘
1902,13:44:57,14.15,-0.02,11,15565,卖盘
1903,13:45:00,14.18,0.03,33,46792,买盘
1904,13:45:03,14.19,0.01,17,24072,买盘
1905,13:45:06,14.15,-0.04,11,15565,卖盘
1906,13:45:16,14.16,0.01,11,15576,卖盘
1907,13:45:18,14.18,0.02,2,2836,买盘
1908,13:45:27,14.16,-0.02,11,15577,卖盘
1909,13:45:30,14.19,0.03,34,48236,买盘
1910,13:45:33,14.16,-0.03,9,12744,卖盘
1911,13:45:36,14.15,-0.01,17,24069,卖盘
1912,13:45:45,14.16,0.01,2,2832,卖盘
1913,13:45:51,14.16,0.0,3,4248,买盘
1914,13:45:54,14.16,0.0,7,9912,买盘
1915,13:45:57,14.16,0.0,12,16981,买盘
1916,13:46:00,14.17,0.01,1,1417,买盘
1917,13:46:03,14.17,0.0,16,22672,卖盘
1918,13:46:06,14.17,0.0,2,2834,卖盘
1919,13:46:09,14.19,0.02,200,283772,买盘
1920,13:46:15,14.16,-0.03,11,15576,中性盘
1921,13:46:18,14.19,0.03,18,25542,买盘
1922,13:46:24,14.19,0.0,10,14190,买盘
1923,13:46:27,14.17,-0.02,1,1417,卖盘
1924,13:46:30,14.19,0.02,21,29779,买盘
1925,13:46:33,14.16,-0.03,15,21240,卖盘
1926,13:46:36,14.18,0.02,1,1418,买盘
1927,13:46:42,14.18,0.0,1,1418,买盘
1928,13:46:45,14.16,-0.02,11,15576,卖盘
1929,13:46:57,14.16,0.0,7,9912,卖盘
1930,13:47:01,14.18,0.02,44,62384,买盘
1931,13:47:04,14.15,-0.03,15,21227,卖盘
1932,13:47:15,14.16,0.01,21,29725,买盘
1933,13:47:18,14.17,0.01,3,4249,买盘
1934,13:47:21,14.18,0.01,17,24106,买盘
1935,13:47:27,14.18,0.0,20,28327,买盘
1936,13:47:31,14.19,0.01,81,114905,买盘
1937,13:47:33,14.18,-0.01,66,93588,卖盘
1938,13:47:36,14.15,-0.03,25,35375,买盘
1939,13:47:40,14.18,0.03,14,19822,买盘
1940,13:47:45,14.15,-0.03,41,58015,卖盘
1941,13:47:48,14.15,0.0,1,1415,买盘
1942,13:47:54,14.15,0.0,69,97635,买盘
1943,13:47:57,14.14,-0.01,11,15554,卖盘
1944,13:48:00,14.15,0.01,101,142915,买盘
1945,13:48:04,14.13,-0.02,16,22612,卖盘
1946,13:48:06,14.14,0.01,11,15554,卖盘
1947,13:48:15,14.16,0.02,3,4250,卖盘
1948,13:48:18,14.15,-0.01,3,4245,卖盘
1949,13:48:24,14.16,0.01,1,1416,买盘
1950,13:48:27,14.15,-0.01,6,8490,卖盘
1951,13:48:30,14.16,0.01,47,66511,买盘
1952,13:48:33,14.14,-0.02,15,21212,卖盘
1953,13:48:36,14.14,0.0,11,15554,卖盘
1954,13:48:45,14.14,0.0,2,2828,卖盘
1955,13:48:54,14.13,-0.01,2,2826,卖盘
1956,13:48:57,14.14,0.01,21,29683,买盘
1957,13:49:00,14.15,0.01,3,4239,买盘
1958,13:49:03,14.15,0.0,17,24055,卖盘
1959,13:49:07,14.15,0.0,3,4245,卖盘
1960,13:49:18,14.13,-0.02,2,2826,卖盘
1961,13:49:21,14.13,0.0,3,4239,买盘
1962,13:49:24,14.13,0.0,6,8478,买盘
1963,13:49:28,14.13,0.0,3,4239,卖盘
1964,13:49:31,14.16,0.03,50,70767,买盘
1965,13:49:33,14.12,-0.04,16,22600,卖盘
1966,13:49:36,14.12,0.0,12,16944,卖盘
1967,13:49:48,14.12,0.0,11,15533,卖盘
1968,13:49:51,14.12,0.0,1,1412,卖盘
1969,13:49:57,14.13,0.01,2,2826,卖盘
1970,13:50:00,14.16,0.03,43,60859,买盘
1971,13:50:04,14.13,-0.03,4,5652,卖盘
1972,13:50:07,14.12,-0.01,21,29662,卖盘
1973,13:50:15,14.13,0.01,1,1413,买盘
1974,13:50:18,14.12,-0.01,11,15532,卖盘
1975,13:50:21,14.12,0.0,1,1412,卖盘
1976,13:50:25,14.13,0.01,2,2826,买盘
1977,13:50:28,14.13,0.0,11,15543,卖盘
1978,13:50:31,14.16,0.03,52,73632,买盘
1979,13:50:34,14.13,-0.03,15,21195,卖盘
1980,13:50:36,14.13,0.0,11,15543,卖盘
1981,13:50:42,14.16,0.03,300,424799,买盘
1982,13:50:48,14.14,-0.02,11,15558,卖盘
1983,13:50:57,14.15,0.01,11,15565,卖盘
1984,13:51:00,14.16,0.01,37,52392,买盘
1985,13:51:04,14.15,-0.01,6,8490,卖盘
1986,13:51:06,14.15,0.0,21,29693,买盘
1987,13:51:12,14.16,0.01,1,1416,买盘
1988,13:51:15,14.16,0.0,17,24072,买盘
1989,13:51:18,14.15,-0.01,11,15565,卖盘
1990,13:51:24,14.15,0.0,10,14150,卖盘
1991,13:51:27,14.15,0.0,5,7075,卖盘
1992,13:51:31,14.16,0.01,30,42474,买盘
1993,13:51:34,14.13,-0.03,15,21205,卖盘
1994,13:51:37,14.13,0.0,12,16956,卖盘
1995,13:51:42,14.15,0.02,2,2830,买盘
1996,13:51:48,14.15,0.0,6,8490,卖盘
1997,13:51:57,14.13,-0.02,11,15543,卖盘
1998,13:52:01,14.13,0.0,28,39640,卖盘
1999,13:52:04,14.16,0.03,17,24025,买盘
2000,13:52:07,14.13,-0.03,11,15543,卖盘
2001,13:52:15,14.16,0.03,10,14160,买盘
2002,13:52:18,14.16,0.0,19,26871,买盘
2003,13:52:21,14.16,0.0,256,362496,买盘
2004,13:52:27,14.16,0.0,11,15576,卖盘
2005,13:52:30,14.18,0.02,21,29778,买盘
2006,13:52:33,14.16,-0.02,15,21240,卖盘
2007,13:52:36,14.16,0.0,11,15576,卖盘
2008,13:52:39,14.18,0.02,3,4252,买盘
2009,13:52:48,14.17,-0.01,7,9919,卖盘
2010,13:52:52,14.18,0.01,5,7086,买盘
2011,13:52:57,14.17,-0.01,11,15587,卖盘
2012,13:53:00,14.19,0.02,39,55321,买盘
2013,13:53:03,14.17,-0.02,14,19838,卖盘
2014,13:53:06,14.16,-0.01,11,15576,卖盘
2015,13:53:18,14.15,-0.01,11,15567,卖盘
2016,13:53:21,14.15,0.0,23,32600,中性盘
2017,13:53:27,14.15,0.0,11,15565,卖盘
2018,13:53:30,14.2,0.05,37,52514,买盘
2019,13:53:33,14.15,-0.05,15,21225,卖盘
2020,13:53:36,14.16,0.01,12,16996,卖盘
2021,13:53:42,14.18,0.02,1,1418,买盘
2022,13:53:48,14.17,-0.01,2,2834,卖盘
2023,13:53:51,14.17,0.0,1,1417,买盘
2024,13:53:54,14.16,-0.01,1,1416,卖盘
2025,13:53:57,14.16,0.0,1,1416,买盘
2026,13:54:00,14.17,0.01,39,55227,买盘
2027,13:54:04,14.15,-0.02,16,22640,卖盘
2028,13:54:06,14.15,0.0,11,15568,卖盘
2029,13:54:18,14.16,0.01,5,7080,卖盘
2030,13:54:21,14.16,0.0,3,4248,买盘
2031,13:54:27,14.15,-0.01,11,15565,卖盘
2032,13:54:30,14.17,0.02,9,12750,买盘
2033,13:54:33,14.17,0.0,17,24089,卖盘
2034,13:54:36,14.17,0.0,7,9919,卖盘
2035,13:54:39,14.17,0.0,1,1417,买盘
2036,13:54:49,14.16,-0.01,11,15577,卖盘
2037,13:54:52,14.17,0.01,3,4250,买盘
2038,13:54:54,14.17,0.0,4,5668,卖盘
2039,13:54:57,14.17,0.0,5,7085,卖盘
2040,13:55:01,14.18,0.01,23,32603,买盘
2041,13:55:04,14.16,-0.02,8,11328,卖盘
2042,13:55:09,14.16,0.0,12,16981,买盘
2043,13:55:12,14.16,0.0,1,1416,买盘
2044,13:55:15,14.16,0.0,1,1416,买盘
2045,13:55:18,14.15,-0.01,8,11320,卖盘
2046,13:55:21,14.15,0.0,3,4245,买盘
2047,13:55:24,14.16,0.01,1,1416,买盘
2048,13:55:27,14.15,-0.01,12,16981,卖盘
2049,13:55:31,14.17,0.02,11,15578,买盘
2050,13:55:33,14.15,-0.02,16,22662,卖盘
2051,13:55:39,14.15,0.0,12,16980,卖盘
2052,13:55:48,14.17,0.02,12,17005,卖盘
2053,13:55:57,14.17,0.0,11,15587,卖盘
2054,13:56:00,14.18,0.01,43,60974,买盘
2055,13:56:04,14.16,-0.02,9,12744,卖盘
2056,13:56:06,14.16,0.0,2,2832,买盘
2057,13:56:09,14.15,-0.01,12,16981,卖盘
2058,13:56:12,14.17,0.02,7,9916,买盘
2059,13:56:16,14.16,-0.01,1,1416,中性盘
2060,13:56:18,14.15,-0.01,11,15565,卖盘
2061,13:56:21,14.16,0.01,2,2832,买盘
2062,13:56:24,14.16,0.0,1,1416,买盘
2063,13:56:27,14.15,-0.01,11,15565,卖盘
2064,13:56:30,14.17,0.02,5,7084,买盘
2065,13:56:33,14.17,0.0,16,22672,卖盘
2066,13:56:36,14.17,0.0,3,4251,卖盘
2067,13:56:39,14.17,0.0,11,15587,卖盘
2068,13:56:48,14.17,0.0,5,7085,卖盘
2069,13:56:57,14.15,-0.02,11,15565,卖盘
2070,13:57:00,14.18,0.03,224,317026,买盘
2071,13:57:03,14.15,-0.03,16,22651,卖盘
2072,13:57:18,14.14,-0.01,10,14140,卖盘
2073,13:57:21,14.15,0.01,1,1415,买盘
2074,13:57:24,14.15,0.0,3,4245,买盘
2075,13:57:30,14.17,0.02,59,83563,买盘
2076,13:57:33,14.15,-0.02,16,22640,卖盘
2077,13:58:01,14.17,0.02,44,62348,买盘
2078,13:58:04,14.16,-0.01,12,16993,卖盘
2079,13:58:07,14.16,0.0,2,2832,买盘
2080,13:58:09,14.16,0.0,3,4248,买盘
2081,13:58:21,14.17,0.01,1,1417,买盘
2082,13:58:30,14.17,0.0,33,46761,买盘
2083,13:58:33,14.16,-0.01,10,14160,卖盘
2084,13:58:36,14.16,0.0,1,1416,买盘
2085,13:58:39,14.18,0.02,50,70845,买盘
2086,13:58:48,14.16,-0.02,3,4248,卖盘
2087,13:58:51,14.16,0.0,2,2832,买盘
2088,13:58:57,14.15,-0.01,17,24063,卖盘
2089,13:59:00,14.18,0.03,25,35450,买盘
2090,13:59:04,14.15,-0.03,16,22642,卖盘
2091,13:59:10,14.15,0.0,12,16980,卖盘
2092,13:59:12,14.18,0.03,7,9926,买盘
2093,13:59:18,14.15,-0.03,11,15565,卖盘
2094,13:59:27,14.15,0.0,11,15565,卖盘
2095,13:59:30,14.18,0.03,24,34032,买盘
2096,13:59:33,14.16,-0.02,2,2832,卖盘
2097,13:59:36,14.16,0.0,3,4248,买盘
2098,13:59:40,14.15,-0.01,11,15565,卖盘
2099,13:59:48,14.16,0.01,21,29725,买盘
2100,13:59:57,14.16,0.0,1,1416,卖盘
2101,14:00:00,14.15,-0.01,39,55274,卖盘
2102,14:00:04,14.15,0.0,16,22640,卖盘
2103,14:00:09,14.15,0.0,11,15565,卖盘
2104,14:00:19,14.15,0.0,11,15565,卖盘
2105,14:00:27,14.15,0.0,11,15565,卖盘
2106,14:00:30,14.18,0.03,37,52460,买盘
2107,14:00:33,14.15,-0.03,15,21226,卖盘
2108,14:00:39,14.15,0.0,11,15565,卖盘
2109,14:00:42,14.17,0.02,1,1417,买盘
2110,14:00:48,14.16,-0.01,11,15576,卖盘
2111,14:00:57,14.16,0.0,11,15576,卖盘
2112,14:01:00,14.18,0.02,43,60972,买盘
2113,14:01:03,14.16,-0.02,15,21240,卖盘
2114,14:01:06,14.16,0.0,3,4248,卖盘
2115,14:01:10,14.16,0.0,13,18416,卖盘
2116,14:01:13,14.17,0.01,1,1417,卖盘
2117,14:01:15,14.18,0.01,16,22687,买盘
2118,14:01:19,14.17,-0.01,10,14170,卖盘
2119,14:01:27,14.16,-0.01,11,15576,卖盘
2120,14:01:30,14.18,0.02,27,38285,买盘
2121,14:01:33,14.16,-0.02,12,16994,卖盘
2122,14:01:36,14.15,-0.01,23,32549,卖盘
2123,14:01:39,14.15,0.0,11,15565,卖盘
2124,14:01:48,14.15,0.0,11,15565,卖盘
2125,14:01:57,14.16,0.01,1,1416,卖盘
2126,14:02:01,14.17,0.01,21,29747,买盘
2127,14:02:04,14.15,-0.02,16,22646,卖盘
2128,14:02:09,14.15,0.0,11,15565,卖盘
2129,14:02:18,14.15,0.0,12,16982,卖盘
2130,14:02:24,14.17,0.02,1,1417,买盘
2131,14:02:30,14.18,0.01,60,85007,买盘
2132,14:02:33,14.15,-0.03,15,21225,卖盘
2133,14:02:36,14.16,0.01,1,1416,买盘
2134,14:02:39,14.16,0.0,11,15576,卖盘
2135,14:02:48,14.16,0.0,15,21244,卖盘
2136,14:02:51,14.18,0.02,4,5669,买盘
2137,14:02:54,14.16,-0.02,14,19828,卖盘
2138,14:02:57,14.16,0.0,2,2832,卖盘
2139,14:03:00,14.18,0.02,32,45354,买盘
2140,14:03:03,14.17,-0.01,16,22651,中性盘
2141,14:03:10,14.16,-0.01,7,9912,卖盘
2142,14:03:12,14.16,0.0,2,2832,买盘
2143,14:03:19,14.16,0.0,14,19813,买盘
2144,14:03:31,14.18,0.02,34,48170,买盘
2145,14:03:33,14.14,-0.04,16,22644,卖盘
2146,14:03:39,14.16,0.02,11,15576,中性盘
2147,14:03:48,14.16,0.0,11,15578,卖盘
2148,14:03:51,14.17,0.01,6,8501,买盘
2149,14:03:57,14.18,0.01,2,2836,买盘
2150,14:04:00,14.18,0.0,25,35439,买盘
2151,14:04:03,14.15,-0.03,3,4247,卖盘
2152,14:04:06,14.15,0.0,13,18395,买盘
2153,14:04:09,14.15,0.0,1,1415,卖盘
2154,14:04:12,14.15,0.0,2,2830,买盘
2155,14:04:15,14.14,-0.01,13,18382,卖盘
2156,14:04:18,14.14,0.0,4,5656,卖盘
2157,14:04:21,14.14,0.0,7,9898,买盘
2158,14:04:24,14.15,0.01,8,11320,买盘
2159,14:04:30,14.18,0.03,57,80765,买盘
2160,14:04:33,14.13,-0.05,16,22614,卖盘
2161,14:04:39,14.14,0.01,11,15554,卖盘
2162,14:04:48,14.14,0.0,11,15554,卖盘
2163,14:04:57,14.17,0.03,1,1417,买盘
2164,14:05:00,14.18,0.01,49,69438,买盘
2165,14:05:04,14.14,-0.04,15,21213,卖盘
2166,14:05:09,14.14,0.0,12,16968,卖盘
2167,14:05:16,14.14,0.0,13,18382,卖盘
2168,14:05:18,14.13,-0.01,13,18371,卖盘
2169,14:05:30,14.13,0.0,56,79184,卖盘
2170,14:05:33,14.14,0.01,17,24038,中性盘
2171,14:05:36,14.13,-0.01,4,5654,卖盘
2172,14:05:39,14.14,0.01,11,15554,中性盘
2173,14:05:48,14.14,0.0,5,7070,卖盘
2174,14:05:52,14.14,0.0,6,8484,买盘
2175,14:06:01,14.17,0.03,22,31152,买盘
2176,14:06:04,14.14,-0.03,16,22629,卖盘
2177,14:06:06,14.18,0.04,32,45353,买盘
2178,14:06:09,14.14,-0.04,12,16968,卖盘
2179,14:06:18,14.14,0.0,11,15554,卖盘
2180,14:06:21,14.14,0.0,11,15582,卖盘
2181,14:06:30,14.18,0.04,45,63777,买盘
2182,14:06:33,14.14,-0.04,15,21217,卖盘
2183,14:06:39,14.14,0.0,11,15554,卖盘
2184,14:06:48,14.14,0.0,4,5656,卖盘
2185,14:06:51,14.14,0.0,7,9898,买盘
2186,14:06:54,14.14,0.0,8,11312,卖盘
2187,14:06:57,14.14,0.0,1,1414,中性盘
2188,14:07:00,14.18,0.04,42,59477,买盘
2189,14:07:03,14.13,-0.05,15,21195,卖盘
2190,14:07:06,14.16,0.03,1,1416,买盘
2191,14:07:09,14.19,0.03,41,58106,买盘
2192,14:07:12,14.15,-0.04,11,15569,中性盘
2193,14:07:18,14.14,-0.01,11,15554,卖盘
2194,14:07:27,14.19,0.05,1,1419,买盘
2195,14:07:30,14.19,0.0,39,55309,买盘
2196,14:07:33,14.14,-0.05,15,21216,卖盘
2197,14:07:40,14.14,0.0,11,15554,卖盘
2198,14:07:43,14.18,0.04,1,1418,买盘
2199,14:07:48,14.14,-0.04,11,15554,卖盘
2200,14:07:57,14.17,0.03,1,1417,中性盘
2201,14:08:00,14.18,0.01,37,52418,买盘
2202,14:08:04,14.14,-0.04,15,21212,卖盘
2203,14:08:09,14.15,0.01,5,7075,卖盘
2204,14:08:12,14.15,0.0,6,8490,买盘
2205,14:08:21,14.15,0.0,11,15565,中性盘
2206,14:08:24,14.18,0.03,15,21269,买盘
2207,14:08:30,14.18,0.0,36,51037,买盘
2208,14:08:33,14.14,-0.04,16,22633,卖盘
2209,14:08:39,14.15,0.01,2,2830,卖盘
2210,14:08:42,14.15,0.0,9,12735,买盘
2211,14:08:51,14.14,-0.01,11,15554,卖盘
2212,14:09:01,14.19,0.05,48,68052,买盘
2213,14:09:04,14.15,-0.04,15,21225,卖盘
2214,14:09:06,14.17,0.02,1,1417,买盘
2215,14:09:09,14.16,-0.01,5,7080,卖盘
2216,14:09:12,14.16,0.0,4,5664,买盘
2217,14:09:15,14.16,0.0,3,4248,买盘
2218,14:09:22,14.15,-0.01,11,15565,卖盘
2219,14:09:24,14.18,0.03,1,1418,买盘
2220,14:09:30,14.18,0.0,47,66613,买盘
2221,14:09:33,14.15,-0.03,15,21225,卖盘
2222,14:09:40,14.16,0.01,2,2832,卖盘
2223,14:09:43,14.16,0.0,9,12744,买盘
2224,14:09:51,14.16,0.0,7,9912,卖盘
2225,14:10:00,14.17,0.01,16,22668,买盘
2226,14:10:04,14.17,0.0,15,21255,卖盘
2227,14:10:06,14.17,0.0,1,1417,买盘
2228,14:10:09,14.16,-0.01,2,2832,卖盘
2229,14:10:12,14.18,0.02,30,42511,买盘
2230,14:10:15,14.16,-0.02,3,4248,卖盘
2231,14:10:18,14.16,0.0,6,8495,买盘
2232,14:10:21,14.15,-0.01,11,15572,卖盘
2233,14:10:30,14.18,0.03,32,45329,买盘
2234,14:10:34,14.15,-0.03,16,22643,卖盘
2235,14:10:39,14.15,0.0,11,15565,卖盘
2236,14:10:42,14.18,0.03,1,1418,买盘
2237,14:10:51,14.15,-0.03,11,15565,卖盘
2238,14:11:01,14.18,0.03,37,52433,买盘
2239,14:11:04,14.15,-0.03,10,14150,卖盘
2240,14:11:06,14.15,0.0,5,7075,买盘
2241,14:11:09,14.15,0.0,12,16980,中性盘
2242,14:11:18,14.15,0.0,1,1415,卖盘
2243,14:11:21,14.17,0.02,12,16982,买盘
2244,14:11:24,14.18,0.01,52,73733,买盘
2245,14:11:30,14.18,0.0,49,69471,买盘
2246,14:11:33,14.17,-0.01,17,24089,卖盘
2247,14:11:42,14.17,0.0,11,15587,卖盘
2248,14:11:48,14.18,0.01,106,150308,买盘
2249,14:11:51,14.18,0.0,11,15598,卖盘
2250,14:11:57,14.18,0.0,10,14181,卖盘
2251,14:12:00,14.18,0.0,38,53921,卖盘
2252,14:12:04,14.18,0.0,13,18435,卖盘
2253,14:12:06,14.2,0.02,166,235667,买盘
2254,14:12:09,14.17,-0.03,11,15596,卖盘
2255,14:12:21,14.17,0.0,11,15587,卖盘
2256,14:12:30,14.2,0.03,31,43987,买盘
2257,14:12:33,14.17,-0.03,15,21255,卖盘
2258,14:12:39,14.17,0.0,14,19840,卖盘
2259,14:12:51,14.17,0.0,11,15588,卖盘
2260,14:12:57,14.2,0.03,219,310979,买盘
2261,14:13:00,14.2,0.0,11,15620,卖盘
2262,14:13:04,14.2,0.0,35,49715,卖盘
2263,14:13:06,14.22,0.02,7,9954,买盘
2264,14:13:09,14.2,-0.02,12,17042,卖盘
2265,14:13:12,14.22,0.02,32,45504,买盘
2266,14:13:15,14.22,0.0,6,8532,买盘
2267,14:13:18,14.22,0.0,54,76788,卖盘
2268,14:13:21,14.22,0.0,3,4266,买盘
2269,14:13:30,14.21,-0.01,54,76770,卖盘
2270,14:13:33,14.21,0.0,13,18473,卖盘
2271,14:13:36,14.2,-0.01,11,15620,卖盘
2272,14:13:39,14.21,0.01,6,8522,买盘
2273,14:13:42,14.2,-0.01,14,19881,卖盘
2274,14:13:45,14.2,0.0,15,21300,卖盘
2275,14:13:48,14.2,0.0,11,15620,卖盘
2276,14:13:51,14.21,0.01,40,56814,买盘
2277,14:13:54,14.21,0.0,24,34104,卖盘
2278,14:13:57,14.21,0.0,28,39788,卖盘
2279,14:14:00,14.22,0.01,64,90982,买盘
2280,14:14:04,14.21,-0.01,317,450756,卖盘
2281,14:14:12,14.2,-0.01,11,15620,卖盘
2282,14:14:18,14.21,0.01,4,5684,买盘
2283,14:14:21,14.21,0.0,56,79576,卖盘
2284,14:14:30,14.22,0.01,31,44071,买盘
2285,14:14:33,14.2,-0.02,27,38340,卖盘
2286,14:14:42,14.21,0.01,12,17041,买盘
2287,14:14:48,14.21,0.0,21,29841,买盘
2288,14:14:52,14.21,0.0,19,26999,卖盘
2289,14:14:54,14.21,0.0,18,25578,卖盘
2290,14:15:00,14.22,0.01,15,21330,买盘
2291,14:15:04,14.21,-0.01,42,59697,卖盘
2292,14:15:09,14.21,0.0,13,18473,卖盘
2293,14:15:12,14.21,0.0,12,17052,卖盘
2294,14:15:15,14.21,0.0,7,9947,卖盘
2295,14:15:18,14.21,0.0,5,7105,卖盘
2296,14:15:21,14.21,0.0,18,25578,卖盘
2297,14:15:24,14.22,0.01,5,7110,买盘
2298,14:15:27,14.22,0.0,3,4266,买盘
2299,14:15:30,14.21,-0.01,156,221721,卖盘
2300,14:15:33,14.21,0.0,16,22736,卖盘
2301,14:15:36,14.22,0.01,1,1422,买盘
2302,14:15:42,14.22,0.0,111,157831,买盘
2303,14:15:45,14.22,0.0,64,91002,买盘
2304,14:15:51,14.2,-0.02,11,15620,卖盘
2305,14:16:00,14.2,0.0,423,600702,卖盘
2306,14:16:04,14.2,0.0,17,24140,卖盘
2307,14:16:06,14.2,0.0,113,160460,卖盘
2308,14:16:09,14.21,0.01,9,12781,买盘
2309,14:16:12,14.2,-0.01,15,21300,卖盘
2310,14:16:15,14.21,0.01,42,59682,买盘
2311,14:16:18,14.2,-0.01,126,178929,卖盘
2312,14:16:21,14.17,-0.03,11,15587,卖盘
2313,14:16:24,14.2,0.03,1,1420,买盘
2314,14:16:28,14.17,-0.03,60,85170,卖盘
2315,14:16:30,14.21,0.04,29,41185,买盘
2316,14:16:33,14.16,-0.05,26,36819,卖盘
2317,14:16:42,14.16,0.0,11,15576,卖盘
2318,14:16:45,14.2,0.04,2,2840,买盘
2319,14:16:48,14.21,0.01,1,1421,买盘
2320,14:16:51,14.2,-0.01,11,15620,卖盘
2321,14:16:57,14.21,0.01,31,44051,买盘
2322,14:17:00,14.21,0.0,20,28420,买盘
2323,14:17:03,14.2,-0.01,140,198800,卖盘
2324,14:17:12,14.2,0.0,61,86587,买盘
2325,14:17:19,14.2,0.0,53,75260,买盘
2326,14:17:22,14.18,-0.02,1,1418,卖盘
2327,14:17:24,14.19,0.01,15,21275,买盘
2328,14:17:30,14.17,-0.02,36,51087,卖盘
2329,14:17:36,14.18,0.01,16,22673,买盘
2330,14:17:39,14.17,-0.01,30,42510,卖盘
2331,14:17:42,14.17,0.0,11,15587,卖盘
2332,14:17:45,14.19,0.02,10,14190,买盘
2333,14:17:51,14.2,0.01,13,18427,买盘
2334,14:18:01,14.2,0.0,41,58217,买盘
2335,14:18:04,14.19,-0.01,6,8514,卖盘
2336,14:18:10,14.19,0.0,6,8514,买盘
2337,14:18:13,14.19,0.0,41,58168,买盘
2338,14:18:18,14.2,0.01,3,4260,买盘
2339,14:18:21,14.19,-0.01,14,19869,卖盘
2340,14:18:24,14.2,0.01,1,1420,买盘
2341,14:18:27,14.19,-0.01,16,22704,卖盘
2342,14:18:30,14.19,0.0,44,62469,卖盘
2343,14:18:33,14.2,0.01,110,156189,买盘
2344,14:18:36,14.2,0.0,38,53960,卖盘
2345,14:18:39,14.21,0.01,1,1421,买盘
2346,14:18:42,14.2,-0.01,64,90880,卖盘
2347,14:18:45,14.2,0.0,59,83780,买盘
2348,14:18:48,14.2,0.0,1,1420,买盘
2349,14:18:51,14.2,0.0,12,17029,买盘
2350,14:18:54,14.2,0.0,7,9940,买盘
2351,14:19:00,14.2,0.0,145,205900,买盘
2352,14:19:03,14.19,-0.01,20,28387,卖盘
2353,14:19:06,14.19,0.0,15,21285,卖盘
2354,14:19:12,14.2,0.01,38,53949,买盘
2355,14:19:21,14.2,0.0,26,36920,卖盘
2356,14:19:30,14.2,0.0,54,76762,卖盘
2357,14:19:36,14.2,0.0,15,21300,卖盘
2358,14:19:42,14.2,0.0,11,15620,卖盘
2359,14:19:45,14.2,0.0,8,11360,卖盘
2360,14:19:51,14.2,0.0,11,15620,卖盘
2361,14:19:54,14.21,0.01,7,9947,买盘
2362,14:20:00,14.21,0.0,60,85259,买盘
2363,14:20:04,14.2,-0.01,42,59641,卖盘
2364,14:20:06,14.2,0.0,15,21300,卖盘
2365,14:20:09,14.2,0.0,63,89460,卖盘
2366,14:20:12,14.21,0.01,32,45461,买盘
2367,14:20:15,14.21,0.0,53,75313,买盘
2368,14:20:24,14.19,-0.02,11,15609,卖盘
2369,14:20:30,14.21,0.02,32,45468,买盘
2370,14:20:33,14.19,-0.02,20,28398,卖盘
2371,14:20:36,14.2,0.01,19,26965,买盘
2372,14:20:42,14.2,0.0,2,2841,卖盘
2373,14:20:45,14.2,0.0,14,19880,买盘
2374,14:20:48,14.2,0.0,3,4260,卖盘
2375,14:20:54,14.2,0.0,21,29820,卖盘
2376,14:20:57,14.2,0.0,52,73870,卖盘
2377,14:21:00,14.19,-0.01,38,53922,卖盘
2378,14:21:06,14.21,0.02,318,451680,买盘
2379,14:21:12,14.21,0.0,11,15631,卖盘
2380,14:21:24,14.21,0.0,46,65366,卖盘
2381,14:21:27,14.21,0.0,53,75313,卖盘
2382,14:21:31,14.22,0.01,22,31284,买盘
2383,14:21:33,14.21,-0.01,12,17052,卖盘
2384,14:21:36,14.21,0.0,15,21315,卖盘
2385,14:21:42,14.22,0.01,12,17053,买盘
2386,14:21:45,14.22,0.0,8,11376,买盘
2387,14:21:48,14.22,0.0,15,21330,买盘
2388,14:21:54,14.21,-0.01,114,162095,卖盘
2389,14:22:00,14.22,0.01,25,35550,买盘
2390,14:22:04,14.21,-0.01,12,17052,卖盘
2391,14:22:06,14.21,0.0,15,21315,卖盘
2392,14:22:09,14.21,0.0,172,244412,卖盘
2393,14:22:12,14.21,0.0,11,15631,卖盘
2394,14:22:15,14.21,0.0,10,14210,卖盘
2395,14:22:18,14.21,0.0,10,14212,卖盘
2396,14:22:24,14.21,0.0,11,15631,卖盘
2397,14:22:30,14.21,0.0,36,51190,卖盘
2398,14:22:33,14.21,0.0,47,66787,卖盘
2399,14:22:36,14.22,0.01,30,42631,买盘
2400,14:22:39,14.21,-0.01,12,17052,卖盘
2401,14:22:42,14.21,0.0,11,15631,卖盘
2402,14:22:45,14.21,0.0,44,62547,卖盘
2403,14:22:51,14.21,0.0,8,11368,卖盘
2404,14:22:54,14.21,0.0,16,22736,卖盘
2405,14:23:00,14.22,0.01,40,56880,买盘
2406,14:23:04,14.21,-0.01,13,18473,卖盘
2407,14:23:06,14.22,0.01,32,45489,买盘
2408,14:23:10,14.22,0.0,25,35550,买盘
2409,14:23:12,14.22,0.0,88,125122,买盘
2410,14:23:15,14.22,0.0,533,757619,买盘
2411,14:23:18,14.21,-0.01,111,157820,卖盘
2412,14:23:21,14.21,0.0,18,25578,卖盘
2413,14:23:24,14.21,0.0,93,132153,买盘
2414,14:23:28,14.22,0.01,46,65412,买盘
2415,14:23:31,14.22,0.0,82,116594,买盘
2416,14:23:33,14.22,0.0,41,58291,买盘
2417,14:23:39,14.22,0.0,159,226083,买盘
2418,14:23:42,14.23,0.01,737,1048740,买盘
2419,14:23:45,14.23,0.0,90,128136,买盘
2420,14:23:48,14.22,-0.01,80,113800,卖盘
2421,14:23:52,14.23,0.01,41,58343,买盘
2422,14:23:55,14.23,0.0,265,377074,买盘
2423,14:23:57,14.23,0.0,11,15653,买盘
2424,14:24:01,14.23,0.0,113,160799,买盘
2425,14:24:04,14.23,0.0,31,44102,买盘
2426,14:24:06,14.23,0.0,41,58328,买盘
2427,14:24:12,14.23,0.0,156,221977,买盘
2428,14:24:15,14.23,0.0,225,320175,买盘
2429,14:24:18,14.23,0.0,55,78265,买盘
2430,14:24:21,14.23,0.0,27,38421,买盘
2431,14:24:24,14.22,-0.01,11,15642,卖盘
2432,14:24:28,14.23,0.01,24,34152,买盘
2433,14:24:30,14.23,0.0,33,46959,买盘
2434,14:24:33,14.23,0.0,91,129482,买盘
2435,14:24:36,14.23,0.0,22,31291,买盘
2436,14:24:43,14.23,0.0,26,36987,买盘
2437,14:24:46,14.23,0.0,97,138031,买盘
2438,14:24:49,14.24,0.01,203,289004,买盘
2439,14:24:51,14.23,-0.01,17,24191,卖盘
2440,14:25:00,14.23,0.0,43,61189,买盘
2441,14:25:04,14.23,0.0,140,199535,买盘
2442,14:25:06,14.22,-0.01,77,109557,卖盘
2443,14:25:09,14.23,0.01,17,24191,卖盘
2444,14:25:12,14.22,-0.01,11,15642,卖盘
2445,14:25:15,14.23,0.01,10,14230,买盘
2446,14:25:18,14.24,0.01,103,146655,买盘
2447,14:25:24,14.22,-0.02,14,19911,卖盘
2448,14:25:30,14.24,0.02,87,123848,买盘
2449,14:25:33,14.22,-0.02,106,150827,卖盘
2450,14:25:36,14.22,0.0,21,29862,卖盘
2451,14:25:39,14.23,0.01,24,34133,买盘
2452,14:25:42,14.22,-0.01,11,15215,买盘
2453,14:25:45,14.22,0.0,4,6115,卖盘
2454,14:25:48,14.22,0.0,51,72620,卖盘
2455,14:25:51,14.22,0.0,1,1422,卖盘
2456,14:25:54,14.22,0.0,11,15642,卖盘
2457,14:25:57,14.23,0.01,7,9961,买盘
2458,14:26:00,14.24,0.01,31,44123,买盘
2459,14:26:03,14.22,-0.02,78,111062,卖盘
2460,14:26:06,14.22,0.0,21,29862,买盘
2461,14:26:12,14.24,0.02,13,18501,买盘
2462,14:26:15,14.24,0.0,424,603776,买盘
2463,14:26:18,14.25,0.01,183,260615,买盘
2464,14:26:24,14.23,-0.02,11,15654,卖盘
2465,14:26:27,14.23,0.0,26,36998,卖盘
2466,14:26:30,14.25,0.02,108,153787,买盘
2467,14:26:33,14.25,0.0,106,151050,买盘
2468,14:26:36,14.23,-0.02,15,21345,卖盘
2469,14:26:39,14.24,0.01,1,1424,买盘
2470,14:26:45,14.24,0.0,7,9968,买盘
2471,14:26:48,14.24,0.0,9,12816,卖盘
2472,14:26:51,14.25,0.01,1,1425,买盘
2473,14:27:00,14.25,0.0,50,71244,买盘
2474,14:27:04,14.25,0.0,217,309219,买盘
2475,14:27:06,14.24,-0.01,26,37033,卖盘
2476,14:27:09,14.24,0.0,4,5696,买盘
2477,14:27:12,14.24,0.0,19,27056,买盘
2478,14:27:15,14.24,0.0,20,28480,卖盘
2479,14:27:18,14.25,0.01,8,11399,买盘
2480,14:27:21,14.25,0.0,6,8550,买盘
2481,14:27:24,14.24,-0.01,11,15665,卖盘
2482,14:27:28,14.25,0.01,13,18525,买盘
2483,14:27:31,14.25,0.0,27,38475,买盘
2484,14:27:33,14.25,0.0,37,52725,买盘
2485,14:27:36,14.25,0.0,59,84060,买盘
2486,14:27:39,14.25,0.0,10,14249,买盘
2487,14:27:42,14.24,-0.01,18,25640,卖盘
2488,14:27:45,14.25,0.01,6,8550,买盘
2489,14:27:48,14.25,0.0,1,1425,买盘
2490,14:27:51,14.25,0.0,18,25647,买盘
2491,14:27:54,14.24,-0.01,2,2848,卖盘
2492,14:27:57,14.25,0.01,99,141055,买盘
2493,14:28:00,14.25,0.0,15,21375,买盘
2494,14:28:04,14.25,0.0,10,14250,买盘
2495,14:28:06,14.25,0.0,16,22785,买盘
2496,14:28:15,14.25,0.0,38,54150,买盘
2497,14:28:18,14.25,0.0,181,257925,买盘
2498,14:28:21,14.25,0.0,12,17100,卖盘
2499,14:28:30,14.26,0.01,22,31372,买盘
2500,14:28:33,14.25,-0.01,6,8920,卖盘
2501,14:28:36,14.25,0.0,15,21375,卖盘
2502,14:28:39,14.25,0.0,10,14250,卖盘
2503,14:28:43,14.26,0.01,6,8551,买盘
2504,14:28:46,14.26,0.0,18,25668,买盘
2505,14:28:48,14.25,-0.01,58,82650,卖盘
2506,14:28:51,14.26,0.01,5,7130,买盘
2507,14:28:54,14.26,0.0,4,5704,买盘
2508,14:29:00,14.26,0.0,38,54188,买盘
2509,14:29:06,14.25,-0.01,7,9604,卖盘
2510,14:29:13,14.25,0.0,3,4275,买盘
2511,14:29:16,14.25,0.0,6,8550,买盘
2512,14:29:19,14.24,-0.01,1,1424,卖盘
2513,14:29:28,14.24,0.0,7,9968,卖盘
2514,14:29:31,14.25,0.01,36,51300,买盘
2515,14:29:33,14.25,0.0,4,5700,买盘
2516,14:29:36,14.24,-0.01,15,21360,卖盘
2517,14:29:39,14.25,0.01,7,9975,买盘
2518,14:29:48,14.24,-0.01,7,9968,卖盘
2519,14:29:51,14.25,0.01,6,8550,买盘
2520,14:29:57,14.24,-0.01,50,71200,卖盘
2521,14:30:00,14.25,0.01,26,37050,买盘
2522,14:30:03,14.24,-0.01,2,2848,卖盘
2523,14:30:06,14.24,0.0,4,5696,卖盘
2524,14:30:09,14.23,-0.01,50,71150,卖盘
2525,14:30:27,14.23,0.0,9,12807,卖盘
2526,14:30:30,14.24,0.01,51,72624,买盘
2527,14:30:34,14.24,0.0,10,14240,买盘
2528,14:30:37,14.23,-0.01,15,21345,卖盘
2529,14:30:40,14.23,0.0,193,274639,卖盘
2530,14:30:42,14.22,-0.01,1,1422,中性盘
2531,14:31:00,14.23,0.01,44,62607,买盘
2532,14:31:06,14.21,-0.02,15,21315,卖盘
2533,14:31:12,14.21,0.0,11,15631,卖盘
2534,14:31:24,14.21,0.0,1,1421,买盘
2535,14:31:30,14.2,-0.01,52,73924,卖盘
2536,14:31:33,14.23,0.03,17,24175,买盘
2537,14:31:36,14.2,-0.03,15,21300,卖盘
2538,14:31:42,14.22,0.02,3,4266,买盘
2539,14:31:51,14.2,-0.02,47,66740,卖盘
2540,14:31:57,14.19,-0.01,2,2838,卖盘
2541,14:32:00,14.22,0.03,64,90890,买盘
2542,14:32:06,14.2,-0.02,15,21300,卖盘
2543,14:32:09,14.22,0.02,1,1422,买盘
2544,14:32:13,14.21,-0.01,32,45472,买盘
2545,14:32:24,14.21,0.0,1,1421,买盘
2546,14:32:28,14.21,0.0,3,4263,买盘
2547,14:32:30,14.21,0.0,42,59682,买盘
2548,14:32:33,14.21,0.0,28,39788,买盘
2549,14:32:36,14.21,0.0,24,34104,卖盘
2550,14:32:42,14.22,0.01,4,5688,买盘
2551,14:32:45,14.2,-0.02,87,123632,卖盘
2552,14:32:48,14.22,0.02,3,4266,买盘
2553,14:32:58,14.2,-0.02,2,2840,卖盘
2554,14:33:00,14.22,0.02,33,46900,买盘
2555,14:33:04,14.22,0.0,10,14217,买盘
2556,14:33:06,14.2,-0.02,15,21300,卖盘
2557,14:33:12,14.22,0.02,200,284400,买盘
2558,14:33:15,14.22,0.0,15,21330,买盘
2559,14:33:18,14.2,-0.02,15,21300,卖盘
2560,14:33:30,14.22,0.02,15,21327,买盘
2561,14:33:36,14.22,0.0,22,31284,卖盘
2562,14:33:54,14.22,0.0,1,1422,买盘
2563,14:34:00,14.23,0.01,31,44104,买盘
2564,14:34:04,14.23,0.0,12,17067,买盘
2565,14:34:06,14.2,-0.03,15,21306,卖盘
2566,14:34:18,14.22,0.02,2,2844,买盘
2567,14:34:24,14.22,0.0,7,9954,买盘
2568,14:34:27,14.22,0.0,7,9954,买盘
2569,14:34:30,14.21,-0.01,29,41250,卖盘
2570,14:34:33,14.21,0.0,11,15631,买盘
2571,14:34:36,14.2,-0.01,15,21300,卖盘
2572,14:34:39,14.21,0.01,6,8526,买盘
2573,14:34:48,14.21,0.0,3,4263,买盘
2574,14:34:51,14.21,0.0,20,28405,买盘
2575,14:35:00,14.22,0.01,27,38394,买盘
2576,14:35:06,14.21,-0.01,15,21315,卖盘
2577,14:35:09,14.22,0.01,49,69678,买盘
2578,14:35:31,14.23,0.01,22,31297,买盘
2579,14:35:37,14.21,-0.02,15,21318,卖盘
2580,14:35:43,14.22,0.01,1,1422,买盘
2581,14:35:46,14.23,0.01,47,66878,买盘
2582,14:35:52,14.21,-0.02,4,5684,卖盘
2583,14:36:00,14.23,0.02,29,41267,买盘
2584,14:36:06,14.22,-0.01,51,72522,卖盘
2585,14:36:12,14.23,0.01,47,66876,买盘
2586,14:36:15,14.21,-0.02,10,14210,卖盘
2587,14:36:18,14.24,0.03,30,42710,买盘
2588,14:36:30,14.24,0.0,26,37006,买盘
2589,14:36:33,14.24,0.0,10,14238,买盘
2590,14:36:37,14.22,-0.02,3,4266,卖盘
2591,14:36:57,14.22,0.0,1,1422,买盘
2592,14:37:00,14.23,0.01,26,36982,买盘
2593,14:37:04,14.23,0.0,20,28460,卖盘
2594,14:37:06,14.23,0.0,1,1423,买盘
2595,14:37:09,14.23,0.0,3,4265,买盘
2596,14:37:21,14.23,0.0,5,7115,买盘
2597,14:37:31,14.23,0.0,45,64035,买盘
2598,14:37:34,14.23,0.0,1,1423,买盘
2599,14:37:36,14.22,-0.01,6,8532,卖盘
2600,14:37:39,14.23,0.01,37,52642,买盘
2601,14:37:45,14.23,0.0,1,1423,买盘
2602,14:38:00,14.23,0.0,30,42690,买盘
2603,14:38:04,14.22,-0.01,3,4266,卖盘
2604,14:38:16,14.22,0.0,50,71100,买盘
2605,14:38:28,14.22,0.0,64,91008,买盘
2606,14:38:31,14.22,0.0,28,39816,买盘
2607,14:38:36,14.21,-0.01,25,35535,卖盘
2608,14:38:39,14.22,0.01,15,21330,买盘
2609,14:38:45,14.22,0.0,1,1422,买盘
2610,14:38:57,14.21,-0.01,15,21315,卖盘
2611,14:39:00,14.22,0.01,15,21330,买盘
2612,14:39:04,14.22,0.0,24,34128,买盘
2613,14:39:06,14.22,0.0,17,24159,买盘
2614,14:39:12,14.22,0.0,1,1422,买盘
2615,14:39:15,14.21,-0.01,3,4263,卖盘
2616,14:39:21,14.21,0.0,1,1421,卖盘
2617,14:39:24,14.22,0.01,1,1422,买盘
2618,14:39:30,14.22,0.0,13,18486,买盘
2619,14:39:33,14.22,0.0,14,19908,买盘
2620,14:39:36,14.21,-0.01,15,21315,卖盘
2621,14:39:42,14.22,0.01,1,1422,买盘
2622,14:39:57,14.22,0.0,4,5688,买盘
2623,14:40:00,14.21,-0.01,13,18473,卖盘
2624,14:40:03,14.2,-0.01,34,48332,卖盘
2625,14:40:06,14.2,0.0,15,21300,卖盘
2626,14:40:09,14.2,0.0,16,22721,卖盘
2627,14:40:18,14.18,-0.02,31,43958,卖盘
2628,14:40:21,14.18,0.0,3,4254,买盘
2629,14:40:27,14.17,-0.01,3,4252,卖盘
2630,14:40:33,14.19,0.02,39,55306,买盘
2631,14:40:36,14.17,-0.02,15,21263,卖盘
2632,14:40:39,14.18,0.01,2,2836,卖盘
2633,14:40:42,14.17,-0.01,5,7085,卖盘
2634,14:40:45,14.18,0.01,31,43958,买盘
2635,14:40:48,14.18,0.0,2,2836,买盘
2636,14:40:54,14.17,-0.01,10,14170,卖盘
2637,14:40:58,14.17,0.0,1,1417,卖盘
2638,14:41:00,14.19,0.02,12,17015,买盘
2639,14:41:04,14.19,0.0,21,29799,卖盘
2640,14:41:06,14.15,-0.04,120,169938,卖盘
2641,14:41:09,14.19,0.04,10,14190,买盘
2642,14:41:21,14.18,-0.01,5,7089,买盘
2643,14:41:30,14.16,-0.02,47,66552,卖盘
2644,14:41:34,14.16,0.0,6,8496,买盘
2645,14:41:37,14.14,-0.02,195,275794,卖盘
2646,14:41:40,14.14,0.0,5,7070,买盘
2647,14:41:43,14.15,0.01,18,25470,买盘
2648,14:41:45,14.16,0.01,17,24072,买盘
2649,14:41:49,14.17,0.01,15,21247,买盘
2650,14:41:57,14.17,0.0,1,1417,买盘
2651,14:42:00,14.18,0.01,41,58136,买盘
2652,14:42:06,14.15,-0.03,15,21225,卖盘
2653,14:42:09,14.16,0.01,4,5665,卖盘
2654,14:42:12,14.17,0.01,31,43897,买盘
2655,14:42:15,14.17,0.0,1,1417,买盘
2656,14:42:18,14.14,-0.03,290,410270,卖盘
2657,14:42:21,14.14,0.0,10,14140,买盘
2658,14:42:24,14.19,0.05,100,141833,买盘
2659,14:42:31,14.19,0.0,98,139151,买盘
2660,14:42:42,14.19,0.0,15,21255,买盘
2661,14:42:45,14.16,-0.03,34,48256,卖盘
2662,14:42:48,14.15,-0.01,101,142948,卖盘
2663,14:42:54,14.15,0.0,13,18395,卖盘
2664,14:42:58,14.19,0.04,1,1419,买盘
2665,14:43:01,14.2,0.01,23,32647,买盘
2666,14:43:04,14.19,-0.01,1,1419,中性盘
2667,14:43:06,14.15,-0.04,210,297202,卖盘
2668,14:43:12,14.19,0.04,1,1419,买盘
2669,14:43:28,14.2,0.01,180,255453,买盘
2670,14:43:31,14.2,0.0,20,28399,买盘
2671,14:43:36,14.16,-0.04,30,42480,卖盘
2672,14:43:39,14.16,0.0,300,424800,卖盘
2673,14:43:48,14.19,0.03,1,1419,买盘
2674,14:43:51,14.19,0.0,1,1419,买盘
2675,14:44:00,14.18,-0.01,2,2836,买盘
2676,14:44:12,14.19,0.01,51,72315,买盘
2677,14:44:24,14.19,0.0,20,28372,买盘
2678,14:44:30,14.16,-0.03,19,26904,卖盘
2679,14:44:36,14.16,0.0,3,4248,买盘
2680,14:44:45,14.16,0.0,21,29736,买盘
2681,14:45:03,14.19,0.03,1,1419,买盘
2682,14:45:10,14.17,-0.02,6,8502,卖盘
2683,14:45:18,14.16,-0.01,1,1416,卖盘
2684,14:45:21,14.17,0.01,5,7085,买盘
2685,14:45:27,14.17,0.0,2,2834,买盘
2686,14:45:30,14.17,0.0,3,4251,买盘
2687,14:45:45,14.17,0.0,16,22672,买盘
2688,14:45:51,14.17,0.0,6,8502,买盘
2689,14:45:54,14.17,0.0,2,2834,买盘
2690,14:46:03,14.18,0.01,6,8508,买盘
2691,14:46:06,14.18,0.0,17,24106,买盘
2692,14:46:09,14.18,0.0,2,2836,买盘
2693,14:46:12,14.18,0.0,1,1418,买盘
2694,14:46:16,14.18,0.0,6,8508,买盘
2695,14:46:18,14.18,0.0,15,21270,买盘
2696,14:46:21,14.18,0.0,7,9926,买盘
2697,14:46:24,14.18,0.0,1,1418,买盘
2698,14:46:27,14.18,0.0,6,8508,买盘
2699,14:46:30,14.18,0.0,1,1418,买盘
2700,14:46:33,14.18,0.0,1,1418,买盘
2701,14:46:36,14.19,0.01,70,99295,买盘
2702,14:46:39,14.19,0.0,8,11352,买盘
2703,14:46:45,14.2,0.01,304,431561,买盘
2704,14:47:06,14.19,-0.01,1,1419,买盘
2705,14:47:36,14.19,0.0,10,14190,买盘
2706,14:47:39,14.19,0.0,32,45408,买盘
2707,14:47:43,14.19,0.0,3,4257,买盘
2708,14:47:57,14.2,0.01,300,425988,买盘
2709,14:48:04,14.2,0.0,36,51120,买盘
2710,14:48:06,14.21,0.01,49,69602,买盘
2711,14:48:12,14.22,0.01,4,5688,买盘
2712,14:48:15,14.22,0.0,15,21330,买盘
2713,14:48:18,14.22,0.0,10,14220,买盘
2714,14:48:25,14.22,0.0,114,162108,买盘
2715,14:48:27,14.22,0.0,57,81054,卖盘
2716,14:48:30,14.23,0.01,200,284600,买盘
2717,14:48:36,14.21,-0.02,7,9949,卖盘
2718,14:48:42,14.23,0.02,10,14230,买盘
2719,14:48:48,14.23,0.0,80,113837,买盘
2720,14:48:54,14.23,0.0,2,2846,买盘
2721,14:48:57,14.23,0.0,29,41267,买盘
2722,14:49:00,14.22,-0.01,9,12798,卖盘
2723,14:49:03,14.22,0.0,6,8533,卖盘
2724,14:49:06,14.23,0.01,21,29863,买盘
2725,14:49:09,14.22,-0.01,59,83898,卖盘
2726,14:49:21,14.23,0.01,1,1423,买盘
2727,14:49:27,14.23,0.0,664,944738,买盘
2728,14:49:48,14.23,0.0,110,156530,买盘
2729,14:49:57,14.23,0.0,10,14230,买盘
2730,14:50:18,14.22,-0.01,7,9954,卖盘
2731,14:50:21,14.22,0.0,25,35550,卖盘
2732,14:50:24,14.22,0.0,4,5688,卖盘
2733,14:50:27,14.22,0.0,7,9954,卖盘
2734,14:50:30,14.22,0.0,3,4266,卖盘
2735,14:50:33,14.22,0.0,3,4266,卖盘
2736,14:50:36,14.22,0.0,2,2844,卖盘
2737,14:50:39,14.22,0.0,14,19908,卖盘
2738,14:50:42,14.22,0.0,3,4266,买盘
2739,14:50:48,14.21,-0.01,3,4263,卖盘
2740,14:50:51,14.22,0.01,5,7110,买盘
2741,14:50:55,14.21,-0.01,24,34104,卖盘
2742,14:51:07,14.21,0.0,40,56840,卖盘
2743,14:51:13,14.21,0.0,56,79616,卖盘
2744,14:51:36,14.21,0.0,8,11368,买盘
2745,14:51:39,14.21,0.0,9,12789,买盘
2746,14:51:42,14.21,0.0,21,29841,买盘
2747,14:51:45,14.21,0.0,24,34104,买盘
2748,14:51:54,14.2,-0.01,7,9940,卖盘
2749,14:51:58,14.21,0.01,3,4263,买盘
2750,14:52:06,14.2,-0.01,10,14200,卖盘
2751,14:52:21,14.2,0.0,5,7100,卖盘
2752,14:52:24,14.21,0.01,49,69629,买盘
2753,14:52:27,14.2,-0.01,7,9940,卖盘
2754,14:52:31,14.21,0.01,27,37543,买盘
2755,14:52:33,14.2,-0.01,107,151963,卖盘
2756,14:52:36,14.2,0.0,10,14200,卖盘
2757,14:52:39,14.22,0.02,15,21330,买盘
2758,14:52:48,14.2,-0.02,1,1420,卖盘
2759,14:52:51,14.2,0.0,7,9940,卖盘
2760,14:53:04,14.21,0.01,3,4263,买盘
2761,14:53:09,14.2,-0.01,5,7100,卖盘
2762,14:53:12,14.22,0.02,62,88101,买盘
2763,14:53:15,14.2,-0.02,10,14200,卖盘
2764,14:53:24,14.21,0.01,1,1421,买盘
2765,14:53:27,14.21,0.0,3,4263,买盘
2766,14:53:39,14.21,0.0,12,17047,买盘
2767,14:53:42,14.22,0.01,15,21318,买盘
2768,14:53:57,14.2,-0.02,2,2840,卖盘
2769,14:54:00,14.21,0.01,74,105104,买盘
2770,14:54:04,14.2,-0.01,12,17046,卖盘
2771,14:54:06,14.22,0.02,20,28440,买盘
2772,14:54:12,14.21,-0.01,7,9947,卖盘
2773,14:54:16,14.21,0.0,4,5684,卖盘
2774,14:54:18,14.2,-0.01,2,3664,卖盘
2775,14:54:24,14.19,-0.01,1,1419,卖盘
2776,14:54:27,14.2,0.01,3,4260,买盘
2777,14:54:36,14.2,0.0,64,90921,买盘
2778,14:54:39,14.2,0.0,28,39742,买盘
2779,14:54:48,14.2,0.0,29,41180,买盘
2780,14:54:51,14.2,0.0,6,8520,卖盘
2781,14:54:54,14.2,0.0,20,28400,卖盘
2782,14:54:57,14.2,0.0,3,4260,卖盘
2783,14:55:04,14.2,0.0,24,34080,卖盘
2784,14:55:06,14.21,0.01,34,48314,买盘
2785,14:55:09,14.2,-0.01,119,168980,卖盘
2786,14:55:12,14.2,0.0,12,17040,卖盘
2787,14:55:15,14.2,0.0,14,19880,卖盘
2788,14:55:21,14.2,0.0,8,11360,买盘
2789,14:55:33,14.19,-0.01,20,28380,卖盘
2790,14:55:36,14.19,0.0,5,7095,卖盘
2791,14:55:42,14.2,0.01,5,7100,买盘
2792,14:55:48,14.2,0.0,6,8520,买盘
2793,14:55:54,14.2,0.0,5,7100,买盘
2794,14:55:57,14.2,0.0,14,19875,买盘
2795,14:56:01,14.2,0.0,4,5680,卖盘
2796,14:56:04,14.21,0.01,13,18473,买盘
